time_exchange;time_coinpai;guid;price;base_amount;taker_side
2016-02-19T00:00:06.000000;2016-02-19T00:00:06.000000;d90c065e-adfc-4421-b64d-123c9cec3d2b;421.51;1.53830771;UNKNOWN
2016-02-19T00:00:52.000000;2016-02-19T00:00:52.000000;95aed4fa-a11c-4697-8f92-6a6e824adb6a;421.51;0.668728;UNKNOWN
2016-02-19T00:01:27.000000;2016-02-19T00:01:27.000000;7de81351-35c0-40d5-aaf5-951298e25f70;421.5;0.04690336;UNKNOWN
2016-02-19T00:01:29.000000;2016-02-19T00:01:29.000000;e8ef1527-a1d2-4da7-bb19-4df790441bc1;421.5;1.6999;UNKNOWN
2016-02-19T00:03:14.000000;2016-02-19T00:03:14.000000;d59d139a-f974-4605-8faf-e0e5cc2ab140;421.67;2.0;UNKNOWN
2016-02-19T00:03:14.000000;2016-02-19T00:03:14.000000;5fbe20a9-0bec-414b-a734-688d20758018;421.67;0.07968;UNKNOWN
2016-02-19T00:03:14.000000;2016-02-19T00:03:14.000000;9a45260a-cfa4-4167-ae0a-1f8d73c4ea57;421.58;15.9644;UNKNOWN
2016-02-19T00:03:14.000000;2016-02-19T00:03:14.000000;ed305fe5-5076-4365-8d6b-2f0b17d24da2;421.59;33.23410979;UNKNOWN
2016-02-19T00:04:41.000000;2016-02-19T00:04:41.000000;d2486d39-7ce9-4ddd-8b91-6b2908acf541;421.57;2.0;UNKNOWN
2016-02-19T00:05:27.000000;2016-02-19T00:05:27.000000;7d99f59c-70a8-4a8f-a9e5-ece0af604733;421.53;0.11707956;UNKNOWN
2016-02-19T00:06:57.000000;2016-02-19T00:06:57.000000;fa31fe48-ac25-425d-a530-41ce53194a7b;421.89;2.0;UNKNOWN
2016-02-19T00:07:17.000000;2016-02-19T00:07:17.000000;523f0539-6493-4df6-ba3c-906e26b624c3;422.0;3.0;UNKNOWN
2016-02-19T00:07:19.000000;2016-02-19T00:07:19.000000;317ae2f8-7533-4ae9-be86-768720c17d0f;421.98;0.5;UNKNOWN
2016-02-19T00:08:44.000000;2016-02-19T00:08:44.000000;71112003-eaab-4706-8798-7f4c198542a1;421.99;3.4754;UNKNOWN
2016-02-19T00:09:16.000000;2016-02-19T00:09:16.000000;af3803f1-a577-4cb5-b9e3-0c0800e57e13;421.99;0.048;UNKNOWN
2016-02-19T00:10:05.000000;2016-02-19T00:10:05.000000;88675e9e-1f8c-47d3-b01f-81134d3d809b;422.0;0.01013885;UNKNOWN
2016-02-19T00:11:27.000000;2016-02-19T00:11:27.000000;73697f37-8d17-49c2-8728-ac659045c3e5;422.0;7.97183885;UNKNOWN
2016-02-19T00:11:27.000000;2016-02-19T00:11:27.000000;7c70b90e-d23d-43de-9a92-3ec853eea221;422.0;1.98986115;UNKNOWN
2016-02-19T00:12:18.000000;2016-02-19T00:12:18.000000;3d580653-a6c1-4689-9d58-2981d356ec49;421.95;0.01193895;UNKNOWN
2016-02-19T00:12:58.000000;2016-02-19T00:12:58.000000;b0bdae36-cd9e-480c-adc4-8592a0527264;421.64;0.05894638;UNKNOWN
2016-02-19T00:16:39.000000;2016-02-19T00:16:39.000000;465e4a15-824f-4a66-953b-5aacbff04588;421.76;0.02434089;UNKNOWN
2016-02-19T00:16:45.000000;2016-02-19T00:16:45.000000;6172acb1-c2f9-48c3-8c22-f9a2dd7d5b04;421.76;0.02413929;UNKNOWN
2016-02-19T00:17:05.000000;2016-02-19T00:17:05.000000;36488009-a58f-404d-8d53-e2859793db95;422.15;12.76745508;UNKNOWN
2016-02-19T00:17:05.000000;2016-02-19T00:17:05.000000;82bc79af-8007-45a6-a997-20bfd8bfd7ec;422.1;5.0;UNKNOWN
2016-02-19T00:17:05.000000;2016-02-19T00:17:05.000000;1dc88536-ea8c-4deb-b2bd-4586c328cd22;421.9;15.0;UNKNOWN
2016-02-19T00:17:36.000000;2016-02-19T00:17:36.000000;6e165998-6a2f-41d3-bc45-6015428158ef;421.91;3.0;UNKNOWN
2016-02-19T00:17:36.000000;2016-02-19T00:17:36.000000;1704eafb-563b-491b-a93d-2c1e56611994;421.62;0.5;UNKNOWN
2016-02-19T00:17:36.000000;2016-02-19T00:17:36.000000;a8594173-be72-4b36-905d-16ed285d968b;421.62;1.5;UNKNOWN
2016-02-19T00:18:02.000000;2016-02-19T00:18:02.000000;39d02485-c325-46e2-984c-59a8318c4363;421.76;0.21;UNKNOWN
2016-02-19T00:18:44.000000;2016-02-19T00:18:44.000000;a19638bb-52ac-4578-af40-a4610b02e6aa;422.19;0.213;UNKNOWN
2016-02-19T00:19:28.000000;2016-02-19T00:19:28.000000;de0f39be-9a11-401c-b2cd-42a7aa4220c3;421.55;0.1350779;UNKNOWN
2016-02-19T00:19:28.000000;2016-02-19T00:19:28.000000;d95571ad-3afd-44fa-94f9-88c8f28b9c43;421.72;0.1;UNKNOWN
2016-02-19T00:19:31.000000;2016-02-19T00:19:31.000000;8340ae04-93f1-4844-9dbf-8190fac4dc49;422.2;0.0633;UNKNOWN
2016-02-19T00:21:12.000000;2016-02-19T00:21:12.000000;3331ea2e-d5d5-48b0-9d0d-ad519fc8939f;421.51;0.19;UNKNOWN
2016-02-19T00:21:22.000000;2016-02-19T00:21:22.000000;9e0e8bbb-03bc-4569-a743-8e049192d323;421.5;5.0;UNKNOWN
2016-02-19T00:21:32.000000;2016-02-19T00:21:32.000000;1e84b68c-61f2-4bd4-9292-9315b3b43419;421.22;13.7005;UNKNOWN
2016-02-19T00:21:32.000000;2016-02-19T00:21:32.000000;b73f8552-2f32-4d82-ab02-8558a6114cf9;421.3;0.01;UNKNOWN
2016-02-19T00:21:32.000000;2016-02-19T00:21:32.000000;a26c8830-792d-4748-86a2-767ab1ebaf30;420.9;1.13408651;UNKNOWN
2016-02-19T00:21:32.000000;2016-02-19T00:21:32.000000;1753daef-723a-4a4f-babe-9f2be01ce7d1;421.0;15.0;UNKNOWN
2016-02-19T00:21:32.000000;2016-02-19T00:21:32.000000;925877bb-c046-48bc-a11f-6991f72cb615;420.91;15.9589;UNKNOWN
2016-02-19T00:21:32.000000;2016-02-19T00:21:32.000000;7c17fa10-8a74-4ab2-99ed-b0491eb458e6;421.06;13.4917;UNKNOWN
2016-02-19T00:21:32.000000;2016-02-19T00:21:32.000000;f4ae11ff-ef21-4ec2-a2b3-cdfe408a328e;421.4;0.01;UNKNOWN
2016-02-19T00:21:32.000000;2016-02-19T00:21:32.000000;56cd9268-bf97-45ca-bbd1-9472a181677d;421.4;1.5;UNKNOWN
2016-02-19T00:21:32.000000;2016-02-19T00:21:32.000000;fca263a0-7f71-47cd-9310-7f43ed801a50;421.08;0.2;UNKNOWN
2016-02-19T00:21:32.000000;2016-02-19T00:21:32.000000;df37c173-bf0c-4833-87a2-14b7bbfe190e;421.0;0.01;UNKNOWN
2016-02-19T00:21:32.000000;2016-02-19T00:21:32.000000;1e12e331-8048-4559-b73d-f581666c7d9c;420.9;0.01;UNKNOWN
2016-02-19T00:21:32.000000;2016-02-19T00:21:32.000000;6c7e2fdc-1551-4781-98d5-2f8173f6ede7;421.23;5.9311;UNKNOWN
2016-02-19T00:21:32.000000;2016-02-19T00:21:32.000000;e519a973-bc8e-4199-bbfd-ee1bf63909ff;421.5;12.21019595;UNKNOWN
2016-02-19T00:21:32.000000;2016-02-19T00:21:32.000000;0fd2abfd-7033-4420-a025-7ffa84afbf84;421.2;1.5;UNKNOWN
2016-02-19T00:21:32.000000;2016-02-19T00:21:32.000000;fa87dd96-85f5-484e-8d3b-d827d6c0f31c;421.2;12.3296;UNKNOWN
2016-02-19T00:21:32.000000;2016-02-19T00:21:32.000000;3573f890-27bc-4096-9543-0a83833494bb;421.11;2.98391754;UNKNOWN
2016-02-19T00:21:32.000000;2016-02-19T00:21:32.000000;f7ce54bf-d74a-4beb-9c5e-178c948d252e;421.1;0.01;UNKNOWN
2016-02-19T00:21:32.000000;2016-02-19T00:21:32.000000;58643ecc-84e8-4dd4-8fcd-8fa6f0ecd439;421.2;0.01;UNKNOWN
2016-02-19T00:21:36.000000;2016-02-19T00:21:36.000000;1cafb018-b465-4c89-87c7-8d0fc45cd756;420.92;0.06210459;UNKNOWN
2016-02-19T00:21:36.000000;2016-02-19T00:21:36.000000;79405cd1-28f9-469f-9e6d-58d967242b21;420.92;0.31;UNKNOWN
2016-02-19T00:21:48.000000;2016-02-19T00:21:48.000000;0b1b9df7-fccf-42fb-96c6-66707bb3aded;421.13;5.0;UNKNOWN
2016-02-19T00:22:34.000000;2016-02-19T00:22:34.000000;3d9fc53e-e304-4c8c-9fda-e4f93274de9a;421.13;4.91165;UNKNOWN
2016-02-19T00:22:52.000000;2016-02-19T00:22:52.000000;ed3a4dbd-8f07-4d9d-9fe1-568cf9fdc459;420.81;0.01;UNKNOWN
2016-02-19T00:23:35.000000;2016-02-19T00:23:35.000000;6544d858-6309-400b-9332-0af47ff1d429;420.81;0.0151;UNKNOWN
2016-02-19T00:23:35.000000;2016-02-19T00:23:35.000000;3c280387-736d-4335-bb62-8acd9f478e7f;420.85;0.2;UNKNOWN
2016-02-19T00:23:35.000000;2016-02-19T00:23:35.000000;11e043be-4361-4eb6-bc23-354f8fedf007;420.8;0.01;UNKNOWN
2016-02-19T00:23:36.000000;2016-02-19T00:23:36.000000;9f7d73b6-5929-4499-ba61-3ffbd506b7b1;420.71;5.9337;UNKNOWN
2016-02-19T00:23:37.000000;2016-02-19T00:23:37.000000;2dd68cc5-d8b6-45a2-8a84-9bae6d90d033;420.71;0.2;UNKNOWN
2016-02-19T00:24:01.000000;2016-02-19T00:24:01.000000;bdd1e5ce-7043-4974-b477-a7bf1be43e99;420.7;0.01;UNKNOWN
2016-02-19T00:24:01.000000;2016-02-19T00:24:01.000000;248ed78c-70fd-4d8b-8b24-8bce46f9d8ea;420.7;4.99;UNKNOWN
2016-02-19T00:24:45.000000;2016-02-19T00:24:45.000000;ebc95aea-63a2-411a-8b02-0ab00c7d929a;420.71;0.2;UNKNOWN
2016-02-19T00:24:45.000000;2016-02-19T00:24:45.000000;cf01d501-a522-4145-af0f-0b63e6f0b0a5;420.71;0.8;UNKNOWN
2016-02-19T00:26:33.000000;2016-02-19T00:26:33.000000;00f11741-673d-4365-8456-eea35b612adb;420.72;8.0;UNKNOWN
2016-02-19T00:26:33.000000;2016-02-19T00:26:33.000000;4470e121-8034-46bd-9a1e-839505e50ae0;421.0;10.5;UNKNOWN
2016-02-19T00:27:18.000000;2016-02-19T00:27:18.000000;f46bc2bf-6126-4fd6-a6dd-5fb8604d7150;421.0;0.0299;UNKNOWN
2016-02-19T00:27:27.000000;2016-02-19T00:27:27.000000;caac8064-638e-4f8e-a83f-2056c45ae9e7;421.0;4.55845;UNKNOWN
2016-02-19T00:28:32.000000;2016-02-19T00:28:32.000000;fc0b22d2-e703-4a85-9a57-a20f2f033377;421.0;0.72497;UNKNOWN
2016-02-19T00:28:57.000000;2016-02-19T00:28:57.000000;24c9ff7b-fa3d-4051-a796-542f5c2fc7f3;420.88;0.08441947;UNKNOWN
2016-02-19T00:29:04.000000;2016-02-19T00:29:04.000000;7f649115-c070-4661-9350-ba950ef7db50;420.88;0.11890066;UNKNOWN
2016-02-19T00:29:14.000000;2016-02-19T00:29:14.000000;9baca4ab-cd4f-4e69-8646-1a40f4b0cff8;420.98;0.75;UNKNOWN
2016-02-19T00:29:32.000000;2016-02-19T00:29:32.000000;f8203619-4238-45fd-bea4-55d30899423a;420.97;0.18707761;UNKNOWN
2016-02-19T00:29:33.000000;2016-02-19T00:29:33.000000;5b7c944f-429b-4dab-960b-46ecfeae57dc;420.97;0.073563;UNKNOWN
2016-02-19T00:29:46.000000;2016-02-19T00:29:46.000000;a5f9afbe-adb7-4b90-8f14-2af6a0e58d78;420.97;0.00335939;UNKNOWN
2016-02-19T00:29:56.000000;2016-02-19T00:29:56.000000;d748a8ff-6935-4e48-ae9f-ddf97c1d46e1;420.88;3.0;UNKNOWN
2016-02-19T00:30:07.000000;2016-02-19T00:30:07.000000;3ba5e92a-b919-487a-a22d-77be0ccd9490;420.86;0.2;UNKNOWN
2016-02-19T00:31:00.000000;2016-02-19T00:31:00.000000;d77fdb37-322e-45c1-988f-c2979bfcc1e5;420.81;1.0;UNKNOWN
2016-02-19T00:31:17.000000;2016-02-19T00:31:17.000000;f53250a4-f317-44a6-aea2-357188693df7;420.87;0.5;UNKNOWN
2016-02-19T00:31:17.000000;2016-02-19T00:31:17.000000;cd1d42a7-dab8-4f65-b194-d714f623c58d;420.88;2.5;UNKNOWN
2016-02-19T00:31:33.000000;2016-02-19T00:31:33.000000;31dbf70f-3bc5-4170-805d-633acf83bbe8;420.84;0.033222;UNKNOWN
2016-02-19T00:31:35.000000;2016-02-19T00:31:35.000000;b5f7d73f-3d5c-4a9a-9958-4b9f8c681601;420.87;0.1;UNKNOWN
2016-02-19T00:31:52.000000;2016-02-19T00:31:52.000000;ac11d8b5-b641-4acd-b16b-06ea0609223e;420.84;4.24902927;UNKNOWN
2016-02-19T00:32:17.000000;2016-02-19T00:32:17.000000;2f85a1b6-805f-4907-a6a7-e869b415217d;420.8;3.0;UNKNOWN
2016-02-19T00:32:28.000000;2016-02-19T00:32:28.000000;1fb1fa0d-a922-4513-9c05-a064edc6cf0e;420.8;10.0;UNKNOWN
2016-02-19T00:32:34.000000;2016-02-19T00:32:34.000000;3cef77b3-c8d3-4a85-b125-387136b99d97;420.6;0.01;UNKNOWN
2016-02-19T00:32:34.000000;2016-02-19T00:32:34.000000;57133615-a6be-4c5a-b55d-fbb6d999a432;420.8;6.71658;UNKNOWN
2016-02-19T00:32:34.000000;2016-02-19T00:32:34.000000;d99d72fe-63c2-4399-9a8e-e75d5e17cc2c;420.56;3.27342;UNKNOWN
2016-02-19T00:32:39.000000;2016-02-19T00:32:39.000000;f45cee10-ab45-437a-9f92-be1a6d764085;420.5;0.01;UNKNOWN
2016-02-19T00:32:39.000000;2016-02-19T00:32:39.000000;b5edaec7-4c49-4a1d-a897-f483582e01b3;420.42;9.99;UNKNOWN
2016-02-19T00:32:44.000000;2016-02-19T00:32:44.000000;224de485-efc8-4b1e-b8a3-cb69083d50d2;420.4;1.5;UNKNOWN
2016-02-19T00:32:44.000000;2016-02-19T00:32:44.000000;4ef18a13-b10e-49b0-a625-ee22f4923b19;420.23;3.3877;UNKNOWN
2016-02-19T00:32:44.000000;2016-02-19T00:32:44.000000;d76744dc-3a34-491c-9b69-ce22d836cc15;420.4;0.01;UNKNOWN
2016-02-19T00:32:44.000000;2016-02-19T00:32:44.000000;ed26fb45-f332-46c0-bc07-452c2f5a69bd;420.42;5.0923;UNKNOWN
2016-02-19T00:32:44.000000;2016-02-19T00:32:44.000000;12c47410-4825-426a-b907-820cedc859bc;420.3;0.01;UNKNOWN
2016-02-19T00:32:51.000000;2016-02-19T00:32:51.000000;60425653-9ee0-45dc-9863-40dc97cd538b;420.26;10.0;UNKNOWN
2016-02-19T00:32:55.000000;2016-02-19T00:32:55.000000;b856a42a-2b81-44d1-993a-379d791fbb3d;420.24;0.49;UNKNOWN
2016-02-19T00:34:01.000000;2016-02-19T00:34:01.000000;9cfcdd0a-9c7b-4568-b53c-afa133ded2d8;420.57;0.4;UNKNOWN
2016-02-19T00:34:21.000000;2016-02-19T00:34:21.000000;f8d2e8d2-935f-465a-a1e2-317a8c06d1b8;420.39;4.0;UNKNOWN
2016-02-19T00:34:28.000000;2016-02-19T00:34:28.000000;3fac18b4-ceeb-42e9-9527-b04b8dae81d6;420.22;0.21411783;UNKNOWN
2016-02-19T00:35:43.000000;2016-02-19T00:35:43.000000;eacfe11b-5a84-44e4-ab28-c79a26a44772;420.62;0.25;UNKNOWN
2016-02-19T00:38:22.000000;2016-02-19T00:38:22.000000;703ea5e4-cdb9-4264-860c-43f438d2520c;420.67;0.2;UNKNOWN
2016-02-19T00:38:22.000000;2016-02-19T00:38:22.000000;2345e487-9476-404e-94dc-a430e89834bf;420.67;0.9792346;UNKNOWN
2016-02-19T00:39:17.000000;2016-02-19T00:39:17.000000;71148edd-c89b-4a90-b378-a306d46ffc60;420.22;0.11897699;UNKNOWN
2016-02-19T00:39:19.000000;2016-02-19T00:39:19.000000;01080021-4e0c-4e34-a77c-166525ab8fab;420.56;0.2;UNKNOWN
2016-02-19T00:39:37.000000;2016-02-19T00:39:37.000000;4760ca1f-e730-4020-9ada-ad3696d86e91;420.23;3.76705081;UNKNOWN
2016-02-19T00:39:52.000000;2016-02-19T00:39:52.000000;c1b02faf-26ad-4461-a25c-71598c45fe1f;420.37;0.2;UNKNOWN
2016-02-19T00:40:05.000000;2016-02-19T00:40:05.000000;e0bb8faf-3765-4f9d-a6e1-c33f202d982d;420.23;0.58941412;UNKNOWN
2016-02-19T00:40:06.000000;2016-02-19T00:40:06.000000;f88276e2-e5f7-4e63-b8cc-ce764400278c;420.24;0.35033829;UNKNOWN
2016-02-19T00:41:56.000000;2016-02-19T00:41:56.000000;7d89fe06-7c4f-42a3-8179-c527d286bfa0;420.23;2.0;UNKNOWN
2016-02-19T00:42:40.000000;2016-02-19T00:42:40.000000;c23fe192-0cce-4073-9e0b-91641afb938f;420.23;1.0;UNKNOWN
2016-02-19T00:43:05.000000;2016-02-19T00:43:05.000000;12f103a3-4a07-469d-9a29-c44fbb58bd16;420.24;2.10425459;UNKNOWN
2016-02-19T00:43:13.000000;2016-02-19T00:43:13.000000;74489dcb-75a3-4723-8d24-70888bc6d50c;420.23;0.2;UNKNOWN
2016-02-19T00:43:13.000000;2016-02-19T00:43:13.000000;f21491b1-a106-49a7-859a-824354f95a7e;420.23;2.85353507;UNKNOWN
2016-02-19T00:43:13.000000;2016-02-19T00:43:13.000000;83661373-65bb-42c8-967c-4b7c4e268d82;420.23;1.94646493;UNKNOWN
2016-02-19T00:43:16.000000;2016-02-19T00:43:16.000000;06410194-11de-4f52-80a0-03b96895a92e;420.25;1.0;UNKNOWN
2016-02-19T00:44:12.000000;2016-02-19T00:44:12.000000;34e66f0d-03a0-4930-8e26-ff4a08c59073;420.24;0.2;UNKNOWN
2016-02-19T00:46:47.000000;2016-02-19T00:46:47.000000;8026a635-06a5-48f9-8ae2-f988a57eb021;420.22;13.0;UNKNOWN
2016-02-19T00:48:06.000000;2016-02-19T00:48:06.000000;d11f76e9-0b60-4c52-80a0-151fe82d71c9;420.23;10.06358031;UNKNOWN
2016-02-19T00:49:19.000000;2016-02-19T00:49:19.000000;d5bad672-673e-4473-a001-1e75ac29ff8c;420.22;0.13;UNKNOWN
2016-02-19T00:49:42.000000;2016-02-19T00:49:42.000000;8bdc6a15-3585-4da9-b534-2b3a30ef4cab;420.22;0.7018285;UNKNOWN
2016-02-19T00:50:33.000000;2016-02-19T00:50:33.000000;48301469-e115-48c5-badb-61dba67c7e18;420.22;0.11726903;UNKNOWN
2016-02-19T00:50:34.000000;2016-02-19T00:50:34.000000;50357109-08e9-4dd2-887e-ffa82cb7a938;420.22;0.72416;UNKNOWN
2016-02-19T00:52:05.000000;2016-02-19T00:52:05.000000;cb8a580e-6c35-465f-95d4-eb7d5ef17fef;420.22;0.01490534;UNKNOWN
2016-02-19T00:53:05.000000;2016-02-19T00:53:05.000000;2b5d4240-6631-4e71-8b72-5cc55a3e4c78;420.22;0.45238;UNKNOWN
2016-02-19T00:53:39.000000;2016-02-19T00:53:39.000000;e842329a-3e07-4b2a-afe8-df22d5d4fdb4;420.23;14.73641969;UNKNOWN
2016-02-19T00:53:39.000000;2016-02-19T00:53:39.000000;0807a391-f41f-43d6-9b9f-915f69c8f77b;420.25;4.0;UNKNOWN
2016-02-19T00:53:39.000000;2016-02-19T00:53:39.000000;92ba7f30-3038-4b4e-a45f-9fa59357cf89;420.3;0.0686313;UNKNOWN
2016-02-19T00:53:46.000000;2016-02-19T00:53:46.000000;c0623ec8-ac53-4c06-b66c-3b7d57b9c6b8;420.31;5.8946;UNKNOWN
2016-02-19T00:53:46.000000;2016-02-19T00:53:46.000000;954dbcf1-55b1-4d05-9d65-32c9bdfceba4;420.3;3.1104;UNKNOWN
2016-02-19T00:54:21.000000;2016-02-19T00:54:21.000000;fe3b75e3-f4e8-43f5-8726-8b2f0e9aae24;420.49;0.2;UNKNOWN
2016-02-19T00:54:32.000000;2016-02-19T00:54:32.000000;9db370e7-6ef8-42de-8cde-d7af2fea2a5a;420.43;0.5;UNKNOWN
2016-02-19T00:54:32.000000;2016-02-19T00:54:32.000000;f1a01730-b79b-4b66-8930-0868ed287d31;420.44;0.19;UNKNOWN
2016-02-19T00:55:56.000000;2016-02-19T00:55:56.000000;98684ad4-0426-4abc-a668-37c178e539e9;420.3;0.0929;UNKNOWN
2016-02-19T00:55:56.000000;2016-02-19T00:55:56.000000;21b7bdb4-0872-4cce-ba2b-a561e9871797;420.31;5.9071;UNKNOWN
2016-02-19T00:56:16.000000;2016-02-19T00:56:16.000000;9f142627-5022-4ada-a6e2-bf5062ff26ef;420.44;5.0;UNKNOWN
2016-02-19T00:56:17.000000;2016-02-19T00:56:17.000000;c619ee5d-434d-43f2-aac4-c9e50e2609fb;420.51;0.04525966;UNKNOWN
2016-02-19T00:56:25.000000;2016-02-19T00:56:25.000000;429c6928-34a7-4faa-aad7-ca91e39967ef;420.51;2.5;UNKNOWN
2016-02-19T00:56:30.000000;2016-02-19T00:56:30.000000;ffc0ef4f-b2a1-4e65-bb1e-42f8a253c471;420.6;0.19;UNKNOWN
2016-02-19T00:56:30.000000;2016-02-19T00:56:30.000000;fa9c287b-b2de-4f84-9b16-457cbdc8024a;420.59;0.5;UNKNOWN
2016-02-19T00:57:06.000000;2016-02-19T00:57:06.000000;39801cca-7bda-4751-9d6e-259063793f07;420.55;1.0;UNKNOWN
2016-02-19T00:57:26.000000;2016-02-19T00:57:26.000000;a4287cd0-82fd-43a0-abd5-a138e6398a64;420.55;2.0;UNKNOWN
2016-02-19T00:57:33.000000;2016-02-19T00:57:33.000000;dfa08ad6-3233-49da-8b70-48fe22efb704;420.55;2.0;UNKNOWN
2016-02-19T00:57:41.000000;2016-02-19T00:57:41.000000;a7547d24-5cc0-44ee-8a0e-42d96a316c2a;420.55;2.0;UNKNOWN
2016-02-19T00:58:27.000000;2016-02-19T00:58:27.000000;9f6c7553-9d8a-4dd4-9187-b2bc8f98727e;420.55;1.0;UNKNOWN
2016-02-19T00:58:59.000000;2016-02-19T00:58:59.000000;6f82ab79-8282-42c4-bc3c-ce9c3949352c;420.55;3.0;UNKNOWN
2016-02-19T00:59:38.000000;2016-02-19T00:59:38.000000;e44c85a0-5367-4e29-b12f-fda875e5557e;420.55;3.0;UNKNOWN
2016-02-19T00:59:52.000000;2016-02-19T00:59:52.000000;c63f5f57-d72f-4960-9f6b-7130e576823c;420.55;2.3;UNKNOWN
2016-02-19T01:00:05.000000;2016-02-19T01:00:05.000000;61244afe-bc42-4adc-a4bb-06cc6391e09f;420.56;0.45979999;UNKNOWN
2016-02-19T01:00:06.000000;2016-02-19T01:00:06.000000;4e00a14a-1d03-4539-9624-6d4ebea4aa50;420.56;7.00898061;UNKNOWN
2016-02-19T01:00:09.000000;2016-02-19T01:00:09.000000;77965f82-7be9-4f33-8666-1449f01b5cb0;420.55;3.0;UNKNOWN
2016-02-19T01:01:25.000000;2016-02-19T01:01:25.000000;e48edf63-e269-4774-b184-3ba07f46e342;420.55;3.0;UNKNOWN
2016-02-19T01:01:32.000000;2016-02-19T01:01:32.000000;0a8fa842-fd46-4434-a86f-900a25dcbb8d;420.55;1.0;UNKNOWN
2016-02-19T01:02:05.000000;2016-02-19T01:02:05.000000;fb688ad6-66bc-4348-86a1-037920c9ea83;420.55;5.8891;UNKNOWN
2016-02-19T01:02:05.000000;2016-02-19T01:02:05.000000;4b59f3b9-33e5-48ae-ae4d-b37afdb996d4;420.55;1.7;UNKNOWN
2016-02-19T01:02:05.000000;2016-02-19T01:02:05.000000;369d2cbe-4c8e-4308-a100-acac5c2bf394;420.46;1.4109;UNKNOWN
2016-02-19T01:02:05.000000;2016-02-19T01:02:05.000000;bb232845-4495-4c0a-acef-ab51a83eaba6;420.54;1.0;UNKNOWN
2016-02-19T01:02:06.000000;2016-02-19T01:02:06.000000;5628c838-ed49-4aff-911a-01aa51934004;420.44;0.252;UNKNOWN
2016-02-19T01:02:06.000000;2016-02-19T01:02:06.000000;07871e2f-1f5a-4fd2-9515-b74033e8b800;420.3;0.7425;UNKNOWN
2016-02-19T01:02:06.000000;2016-02-19T01:02:06.000000;0cfac6be-9e95-4084-9e60-eaa5837d18a3;420.46;9.0055;UNKNOWN
2016-02-19T01:02:27.000000;2016-02-19T01:02:27.000000;2937577c-f165-4a40-afab-8c13098600f7;420.41;0.12906254;UNKNOWN
2016-02-19T01:02:51.000000;2016-02-19T01:02:51.000000;69ac6813-9bd5-4dad-8c67-2af27d880d32;420.54;2.3;UNKNOWN
2016-02-19T01:03:06.000000;2016-02-19T01:03:06.000000;0fdb7f22-09d8-4e29-b0c4-bb5a3541053c;420.54;0.1008;UNKNOWN
2016-02-19T01:03:22.000000;2016-02-19T01:03:22.000000;d7c1a605-f89c-45fa-b359-02a0bb7d4d50;420.54;5.0;UNKNOWN
2016-02-19T01:03:32.000000;2016-02-19T01:03:32.000000;fecf7fc8-ab05-4135-96c2-27b2341e441b;420.56;1.0;UNKNOWN
2016-02-19T01:04:05.000000;2016-02-19T01:04:05.000000;3bcb74e2-d6a3-44c0-8730-c8e3988e6495;420.56;10.0229447;UNKNOWN
2016-02-19T01:04:32.000000;2016-02-19T01:04:32.000000;81adfa98-7c52-41eb-b298-44192aea6a17;420.55;2.0;UNKNOWN
2016-02-19T01:05:21.000000;2016-02-19T01:05:21.000000;73308c5a-2f3b-455f-a32a-fcc7bd86981c;420.56;6.5082747;UNKNOWN
2016-02-19T01:06:06.000000;2016-02-19T01:06:06.000000;500ca19b-a41a-45e8-8156-21a3a0d769fc;420.66;6.26472617;UNKNOWN
2016-02-19T01:07:05.000000;2016-02-19T01:07:05.000000;168fff9b-e8e5-43d3-8203-48326e9ee840;420.6;1.0;UNKNOWN
2016-02-19T01:07:32.000000;2016-02-19T01:07:32.000000;f9c8f50a-6273-4da7-a1c1-125d3cbe7214;420.68;0.10323307;UNKNOWN
2016-02-19T01:07:39.000000;2016-02-19T01:07:39.000000;c1ea4296-fe95-48c6-8734-26b48d0db005;420.87;0.6349;UNKNOWN
2016-02-19T01:07:39.000000;2016-02-19T01:07:39.000000;d6ad3883-e65d-4cd1-80e3-60f7cbe46939;420.7;0.45;UNKNOWN
2016-02-19T01:07:39.000000;2016-02-19T01:07:39.000000;369fd6f6-d691-478d-bfde-7eaa14cb8634;420.86;0.5;UNKNOWN
2016-02-19T01:08:06.000000;2016-02-19T01:08:06.000000;89f3dfb1-c2d5-4568-ad04-0bc18426647b;420.89;0.5;UNKNOWN
2016-02-19T01:08:06.000000;2016-02-19T01:08:06.000000;ca7d6df9-c6a8-43a9-94d3-389b39259870;420.9;3.0;UNKNOWN
2016-02-19T01:08:06.000000;2016-02-19T01:08:06.000000;d522171d-33c7-496b-a794-af0870eea21a;420.91;2.10709638;UNKNOWN
2016-02-19T01:09:05.000000;2016-02-19T01:09:05.000000;e8ad1918-bd36-490d-812b-f6ea0134cce4;420.78;0.96760676;UNKNOWN
2016-02-19T01:09:06.000000;2016-02-19T01:09:06.000000;05efdb43-42ea-43a0-bca0-3c4fed20ec98;420.78;4.899;UNKNOWN
2016-02-19T01:09:38.000000;2016-02-19T01:09:38.000000;786efb8d-2f87-4fc4-ac82-ec5c15db1815;420.87;0.5;UNKNOWN
2016-02-19T01:10:05.000000;2016-02-19T01:10:05.000000;848f5eac-98ba-405e-a04e-4837e2c3954c;420.87;0.90518059;UNKNOWN
2016-02-19T01:10:06.000000;2016-02-19T01:10:06.000000;3cc3ba81-793c-41be-b874-f3eb485e526b;420.87;0.36;UNKNOWN
2016-02-19T01:10:20.000000;2016-02-19T01:10:20.000000;390b228a-5224-4f6f-b030-1af3ebba3e7b;420.9;0.5;UNKNOWN
2016-02-19T01:10:20.000000;2016-02-19T01:10:20.000000;23b83a41-c9b0-4d91-9614-ee5cb0d8fcaf;420.91;0.5;UNKNOWN
2016-02-19T01:10:32.000000;2016-02-19T01:10:32.000000;895fad6e-2a2f-4e2e-bcd6-d09dccf5f6c9;420.9;0.35183187;UNKNOWN
2016-02-19T01:12:17.000000;2016-02-19T01:12:17.000000;d9aeda02-7ba6-442d-bf07-0b4c64f7616b;420.86;0.02378239;UNKNOWN
2016-02-19T01:12:48.000000;2016-02-19T01:12:48.000000;40b71f80-f43c-4cab-b21d-cecde3c88489;420.9;0.11892045;UNKNOWN
2016-02-19T01:13:05.000000;2016-02-19T01:13:05.000000;b9f19243-bfc7-4ca1-8c0e-9fcd63eac190;420.9;0.5;UNKNOWN
2016-02-19T01:13:22.000000;2016-02-19T01:13:22.000000;82fdb49d-9bcd-46b5-81c8-8ad30e04d7f0;420.9;0.29;UNKNOWN
2016-02-19T01:13:32.000000;2016-02-19T01:13:32.000000;e0ab7c79-674d-4440-8299-1da2002ec20f;420.9;0.11875;UNKNOWN
2016-02-19T01:13:57.000000;2016-02-19T01:13:57.000000;1d3cc622-af2c-4cc6-8eda-4f0d2062836d;420.86;0.07135397;UNKNOWN
2016-02-19T01:14:05.000000;2016-02-19T01:14:05.000000;d0583bfa-d310-4561-b836-0f80ad6d01a6;420.85;1.17655397;UNKNOWN
2016-02-19T01:14:05.000000;2016-02-19T01:14:05.000000;deedc9e1-2b52-460b-9de9-3e3d4cd64d08;420.86;5.82344603;UNKNOWN
2016-02-19T01:14:43.000000;2016-02-19T01:14:43.000000;f5a2838b-b78d-4e5c-8f78-2cd5d817e9be;420.85;0.06183422;UNKNOWN
2016-02-19T01:15:42.000000;2016-02-19T01:15:42.000000;1092e6f9-9872-43d3-9d63-9b181f5ad703;420.86;0.04756931;UNKNOWN
2016-02-19T01:16:12.000000;2016-02-19T01:16:12.000000;b1281f8c-daab-40ed-8053-5d6802b4fbde;420.87;0.03;UNKNOWN
2016-02-19T01:16:12.000000;2016-02-19T01:16:12.000000;e3251210-d032-4ae5-b3a9-7c1ab5af09d3;420.8;0.00590897;UNKNOWN
2016-02-19T01:16:33.000000;2016-02-19T01:16:33.000000;9ce8b942-9ae1-46d9-b968-b7806e49ecc1;420.91;0.5;UNKNOWN
2016-02-19T01:17:05.000000;2016-02-19T01:17:05.000000;e2965741-1b20-47f2-958f-fe9514b671a5;421.0;1.0;UNKNOWN
2016-02-19T01:18:39.000000;2016-02-19T01:18:39.000000;d975ac2b-c67a-4658-8611-202542a48d99;420.91;0.20928009;UNKNOWN
2016-02-19T01:19:38.000000;2016-02-19T01:19:38.000000;3d7a4657-55d9-4bb8-93a9-8d01ca9b0fac;420.91;0.06658912;UNKNOWN
2016-02-19T01:19:38.000000;2016-02-19T01:19:38.000000;f02ccf4e-e4e5-44c9-a4ee-4d23b5de71a9;420.91;0.11890914;UNKNOWN
2016-02-19T01:20:36.000000;2016-02-19T01:20:36.000000;a48f2dcb-ff9e-4549-ba7a-0e4baf41cf2d;420.91;5.28185978;UNKNOWN
2016-02-19T01:20:42.000000;2016-02-19T01:20:42.000000;3dce1d81-f64f-43c6-81ce-6a86cf327760;420.91;0.0299;UNKNOWN
2016-02-19T01:21:38.000000;2016-02-19T01:21:38.000000;3d32e393-9451-4ff4-9798-b4e8312582df;420.91;3.96639992;UNKNOWN
2016-02-19T01:24:21.000000;2016-02-19T01:24:21.000000;a060f063-8031-4093-adfe-878f97e1e562;420.91;0.402;UNKNOWN
2016-02-19T01:24:37.000000;2016-02-19T01:24:37.000000;31b8e6f7-2851-4a73-93f9-ba0ebf925e22;420.91;0.0975055;UNKNOWN
2016-02-19T01:25:05.000000;2016-02-19T01:25:05.000000;ca7bba0f-9a61-483d-bba7-2086383cf5a5;420.92;0.42;UNKNOWN
2016-02-19T01:28:43.000000;2016-02-19T01:28:43.000000;d021bcb5-45f8-4667-b226-92589e6b3101;420.8;0.49409103;UNKNOWN
2016-02-19T01:28:43.000000;2016-02-19T01:28:43.000000;c40ab47b-3598-49f3-82ef-a6f73f869de6;420.55;6.42323398;UNKNOWN
2016-02-19T01:28:43.000000;2016-02-19T01:28:43.000000;ced8b4ae-2786-41a7-ba1f-e686cb79d73c;420.68;0.01;UNKNOWN
2016-02-19T01:28:43.000000;2016-02-19T01:28:43.000000;e873aa9b-32ec-4370-959e-6576b444bf5a;420.66;0.01;UNKNOWN
2016-02-19T01:28:43.000000;2016-02-19T01:28:43.000000;5f109f56-d0ea-45b8-bd9e-162e8f48792d;420.6;20.4917253;UNKNOWN
2016-02-19T01:28:43.000000;2016-02-19T01:28:43.000000;63864448-2bba-4360-aed0-48de16d0d9c5;420.64;0.01;UNKNOWN
2016-02-19T01:28:43.000000;2016-02-19T01:28:43.000000;9e2d99d6-5b62-478e-b303-db13c31d46e3;420.78;11.13339324;UNKNOWN
2016-02-19T01:28:43.000000;2016-02-19T01:28:43.000000;f4aca1fe-d7fa-49d2-8588-f26c762422e8;420.69;0.01;UNKNOWN
2016-02-19T01:28:43.000000;2016-02-19T01:28:43.000000;506e739f-0f1c-4b5c-99d9-2d2805bfbd45;420.67;0.01;UNKNOWN
2016-02-19T01:28:43.000000;2016-02-19T01:28:43.000000;6fc8ad84-86e0-4d06-be8f-2a22f1ed8997;420.62;0.01;UNKNOWN
2016-02-19T01:28:43.000000;2016-02-19T01:28:43.000000;f4ba3e71-45ed-4cf1-9405-6dcc2547db54;420.91;6.32755645;UNKNOWN
2016-02-19T01:28:43.000000;2016-02-19T01:28:43.000000;7e11a197-fff0-4de7-a0d9-817508171902;420.63;0.01;UNKNOWN
2016-02-19T01:28:43.000000;2016-02-19T01:28:43.000000;07a271e7-989f-4c6c-bd9b-12754922b3e7;420.58;0.01;UNKNOWN
2016-02-19T01:28:43.000000;2016-02-19T01:28:43.000000;fb221b0b-4c3f-4c12-b478-f109af35b191;420.61;0.01;UNKNOWN
2016-02-19T01:28:43.000000;2016-02-19T01:28:43.000000;f10d3a1a-82f6-44a4-9216-33e0460520da;420.6;0.01;UNKNOWN
2016-02-19T01:28:43.000000;2016-02-19T01:28:43.000000;cf9e4798-76b2-452a-b73f-622054429b98;420.57;0.01;UNKNOWN
2016-02-19T01:28:43.000000;2016-02-19T01:28:43.000000;56fa9602-6bac-4c1a-8b07-f7057a9238a0;420.59;0.01;UNKNOWN
2016-02-19T01:28:43.000000;2016-02-19T01:28:43.000000;d9020929-5240-4f82-b5b4-2222d9f51eb9;420.56;0.01;UNKNOWN
2016-02-19T01:29:07.000000;2016-02-19T01:29:07.000000;aba61b20-7b91-4ab0-ad11-9d022d70df6c;420.55;0.19976736;UNKNOWN
2016-02-19T01:30:05.000000;2016-02-19T01:30:05.000000;03761792-961a-46cc-b95f-b188e73bb320;420.69;1.39821378;UNKNOWN
2016-02-19T01:31:32.000000;2016-02-19T01:31:32.000000;acff6484-ed72-4918-9971-65ee2f7b4ec5;420.55;0.235125;UNKNOWN
2016-02-19T01:32:27.000000;2016-02-19T01:32:27.000000;494af6c0-857e-46c6-a966-f3a1a5bb456d;420.55;0.70292181;UNKNOWN
2016-02-19T01:33:05.000000;2016-02-19T01:33:05.000000;a6cf5daa-5d58-4fc5-b4ee-2b892e25322f;420.56;0.42;UNKNOWN
2016-02-19T01:33:05.000000;2016-02-19T01:33:05.000000;47536cb7-47eb-4d76-820f-392087fe437b;420.55;6.0913899;UNKNOWN
2016-02-19T01:33:06.000000;2016-02-19T01:33:06.000000;dafa668b-f222-49f6-b1f0-d2dd8f5ddcca;420.67;0.27964276;UNKNOWN
2016-02-19T01:37:27.000000;2016-02-19T01:37:27.000000;bd4ff3a6-35e2-4850-b4c3-6a2cc86d2bb0;420.55;0.2349;UNKNOWN
2016-02-19T01:38:15.000000;2016-02-19T01:38:15.000000;33656eed-e439-4a4f-9411-d411d93b8eeb;420.65;0.027;UNKNOWN
2016-02-19T01:39:36.000000;2016-02-19T01:39:36.000000;2194145d-ab36-4dc8-8e0d-cf5d94321d85;420.55;1.11266195;UNKNOWN
2016-02-19T01:39:36.000000;2016-02-19T01:39:36.000000;4ddf454b-f9c5-4226-bc50-b081c8e6295a;420.54;8.84733805;UNKNOWN
2016-02-19T01:39:36.000000;2016-02-19T01:39:36.000000;9e81b830-ca3a-4c92-b6d8-a60a8f9a41b2;420.57;0.01;UNKNOWN
2016-02-19T01:39:36.000000;2016-02-19T01:39:36.000000;ab5d4246-5be7-4eba-880c-80eb2cacaf1a;420.57;0.01;UNKNOWN
2016-02-19T01:39:36.000000;2016-02-19T01:39:36.000000;6c83e256-5cdd-4262-8a4f-b6d704600dc6;420.55;0.01;UNKNOWN
2016-02-19T01:39:36.000000;2016-02-19T01:39:36.000000;95161427-6a9f-4318-a7f9-437a71ba5018;420.57;0.01;UNKNOWN
2016-02-19T01:39:40.000000;2016-02-19T01:39:40.000000;63370da4-67c0-44f8-bda1-1cf3046b11bc;420.65;0.09;UNKNOWN
2016-02-19T01:40:01.000000;2016-02-19T01:40:01.000000;da8e8d25-8246-4fdf-ac29-b712b70a751a;420.6;0.1;UNKNOWN
2016-02-19T01:40:22.000000;2016-02-19T01:40:22.000000;58ba9485-4e0f-46de-8265-dbdd76f14432;420.6;0.073625;UNKNOWN
2016-02-19T01:41:09.000000;2016-02-19T01:41:09.000000;019cfeff-f4e7-4137-8c2c-adaa73827de8;420.65;0.5;UNKNOWN
2016-02-19T01:41:42.000000;2016-02-19T01:41:42.000000;dbf4c40e-c501-4543-97b9-42d251ebe09b;420.59;1.5;UNKNOWN
2016-02-19T01:41:42.000000;2016-02-19T01:41:42.000000;9acedd15-be42-4486-af74-4d39d7fb9c7b;420.47;0.01;UNKNOWN
2016-02-19T01:41:42.000000;2016-02-19T01:41:42.000000;90da32bd-1873-49a1-ab09-50d9439bd37d;420.45;0.01;UNKNOWN
2016-02-19T01:41:42.000000;2016-02-19T01:41:42.000000;1380bd62-fd65-4c19-9d0c-d9b198cf72e0;420.54;0.01;UNKNOWN
2016-02-19T01:41:42.000000;2016-02-19T01:41:42.000000;732e81b9-26c0-4400-8cb6-f0b4256fb5a3;420.46;0.01;UNKNOWN
2016-02-19T01:41:42.000000;2016-02-19T01:41:42.000000;e4b5340b-ed54-4269-8e96-bba512628a49;420.45;1.34828621;UNKNOWN
2016-02-19T01:41:42.000000;2016-02-19T01:41:42.000000;80d63fd2-753a-4fb4-b7f9-77075a6c46e8;420.49;0.01;UNKNOWN
2016-02-19T01:41:42.000000;2016-02-19T01:41:42.000000;dbe9057c-2e0b-46d5-bcf4-7a31f39e75ff;420.62;0.01;UNKNOWN
2016-02-19T01:41:42.000000;2016-02-19T01:41:42.000000;179caba8-6529-46ab-acb9-b43e691c088f;420.53;0.01;UNKNOWN
2016-02-19T01:41:42.000000;2016-02-19T01:41:42.000000;a77ccdbf-88e6-4958-8d18-009a7db67593;420.51;0.01;UNKNOWN
2016-02-19T01:41:42.000000;2016-02-19T01:41:42.000000;b165b422-2772-460e-9f46-596041bbcfa6;420.48;0.01;UNKNOWN
2016-02-19T01:41:42.000000;2016-02-19T01:41:42.000000;0c7c57c6-05a5-4fa9-9d77-80e7d3b93f3b;420.52;0.01;UNKNOWN
2016-02-19T01:41:42.000000;2016-02-19T01:41:42.000000;05c4ad94-7824-45c1-ad7e-005e7c870908;420.6;0.526375;UNKNOWN
2016-02-19T01:41:42.000000;2016-02-19T01:41:42.000000;288c4100-901d-4eb7-ae5c-2b25e0fa540f;420.5;0.01;UNKNOWN
2016-02-19T01:41:42.000000;2016-02-19T01:41:42.000000;07c7dd07-d516-4238-b7c2-6b7fe9137728;420.61;0.5;UNKNOWN
2016-02-19T01:41:42.000000;2016-02-19T01:41:42.000000;5d27bb6b-cf37-4025-91a3-378706b6b2d8;420.54;0.75186195;UNKNOWN
2016-02-19T01:41:58.000000;2016-02-19T01:41:58.000000;8aae3217-3d52-40d4-8d1c-d9bea61e13d0;420.64;0.5;UNKNOWN
2016-02-19T01:42:17.000000;2016-02-19T01:42:17.000000;937320a7-402a-4278-bf54-46a69838653d;420.64;0.5;UNKNOWN
2016-02-19T01:42:27.000000;2016-02-19T01:42:27.000000;d000daf1-118e-4e9e-8311-6a5cbc14f8a6;420.64;0.5;UNKNOWN
2016-02-19T01:43:07.000000;2016-02-19T01:43:07.000000;00036a53-edd1-4854-88ea-610737ee2b82;420.64;0.21;UNKNOWN
2016-02-19T01:43:32.000000;2016-02-19T01:43:32.000000;3543c147-748a-4d1e-a91a-dc45cddf60b6;420.56;3.0;UNKNOWN
2016-02-19T01:43:32.000000;2016-02-19T01:43:32.000000;e71f6c38-9418-4ed9-8db0-53ae21bac354;420.57;0.5;UNKNOWN
2016-02-19T01:43:32.000000;2016-02-19T01:43:32.000000;8076f13a-dafb-45ab-a515-22f51dbba4c6;420.55;3.53531729;UNKNOWN
2016-02-19T01:43:53.000000;2016-02-19T01:43:53.000000;04a3b2e4-0f07-4dbc-923e-4437e50272cb;420.55;9.9595;UNKNOWN
2016-02-19T01:43:53.000000;2016-02-19T01:43:53.000000;6633ddff-7409-4120-be91-fed9b71ca5b5;420.56;0.0405;UNKNOWN
2016-02-19T01:45:27.000000;2016-02-19T01:45:27.000000;6f8a3e4a-ecc4-4680-bf68-6143d5415d77;420.55;0.04760436;UNKNOWN
2016-02-19T01:47:28.000000;2016-02-19T01:47:28.000000;e761da91-a018-4edb-b6dc-b6fe993374fb;420.55;0.23467017;UNKNOWN
2016-02-19T01:48:25.000000;2016-02-19T01:48:25.000000;51e07bae-eed6-4b97-b509-04aae4d9d945;420.55;0.03633719;UNKNOWN
2016-02-19T01:49:09.000000;2016-02-19T01:49:09.000000;55612ea4-2dc6-447d-80d3-992e54853402;420.58;3.31258196;UNKNOWN
2016-02-19T01:49:09.000000;2016-02-19T01:49:09.000000;26f4c0b2-7c02-42b5-9e3e-317431cb35af;420.58;1.89370902;UNKNOWN
2016-02-19T01:49:09.000000;2016-02-19T01:49:09.000000;9b1daa0e-ad88-4df3-90e4-b875b6e15a02;420.58;3.39685451;UNKNOWN
2016-02-19T01:49:09.000000;2016-02-19T01:49:09.000000;7d42c9c3-b1aa-4081-ace0-c60df39a586e;420.58;0.1;UNKNOWN
2016-02-19T01:49:09.000000;2016-02-19T01:49:09.000000;f57082cc-76f9-4114-9e4e-4bcae2623347;420.58;3.39685451;UNKNOWN
2016-02-19T01:49:09.000000;2016-02-19T01:49:09.000000;094a6876-fe69-4304-a6d9-fc5a9aad401f;420.58;1.50314549;UNKNOWN
2016-02-19T01:49:09.000000;2016-02-19T01:49:09.000000;b649556c-ef8d-4304-b90c-289a7f60f103;420.58;3.39685451;UNKNOWN
2016-02-19T01:50:05.000000;2016-02-19T01:50:05.000000;0e319002-08cb-4582-b36a-0294f508cee4;420.58;0.08427255;UNKNOWN
2016-02-19T01:50:05.000000;2016-02-19T01:50:05.000000;b0bc915a-1f9e-4250-87ca-60a02a29c686;420.58;2.01443529;UNKNOWN
2016-02-19T01:51:52.000000;2016-02-19T01:51:52.000000;f78757cc-6592-4ee1-9c6d-372a1374787a;420.55;0.12187454;UNKNOWN
2016-02-19T01:52:06.000000;2016-02-19T01:52:06.000000;796692b4-4b1d-4f2b-9f8e-4043f75963d8;420.55;1.5291;UNKNOWN
2016-02-19T01:52:07.000000;2016-02-19T01:52:07.000000;a4f1e011-b4e1-4cb0-828e-06e3544fc282;420.58;1.38365045;UNKNOWN
2016-02-19T01:52:07.000000;2016-02-19T01:52:07.000000;74313d85-821d-47ca-9828-ea468e20da72;420.58;0.01588169;UNKNOWN
2016-02-19T01:52:29.000000;2016-02-19T01:52:29.000000;99bfe8a1-71f3-4ae9-9d9a-0f1ef833856b;420.58;3.38220405;UNKNOWN
2016-02-19T01:52:29.000000;2016-02-19T01:52:29.000000;f48616fe-fb9a-4437-8085-68ad16c61c56;420.58;1.61779595;UNKNOWN
2016-02-19T01:53:44.000000;2016-02-19T01:53:44.000000;890ddbe9-0bee-43d3-9c62-fc59f277ea77;421.12;5.8939;UNKNOWN
2016-02-19T01:53:44.000000;2016-02-19T01:53:44.000000;9a07d81b-c92c-40ce-8a9e-435cc24e4aac;420.58;3.40024255;UNKNOWN
2016-02-19T01:53:44.000000;2016-02-19T01:53:44.000000;8156b7db-69cb-4d1e-9482-7cd6658a5b80;421.49;13.1525;UNKNOWN
2016-02-19T01:53:44.000000;2016-02-19T01:53:44.000000;33336f2f-76c0-4ea2-b2a3-827ece5e235e;421.39;15.3392;UNKNOWN
2016-02-19T01:53:44.000000;2016-02-19T01:53:44.000000;51db978e-89af-4b61-9a1d-d23c6ee5cd50;422.14;0.01;UNKNOWN
2016-02-19T01:53:44.000000;2016-02-19T01:53:44.000000;c0c7809a-b2da-4027-815a-b2c5d62438ff;420.58;3.39881721;UNKNOWN
2016-02-19T01:53:44.000000;2016-02-19T01:53:44.000000;29bdece7-db61-46f1-a9f6-6c105d9c6d9c;420.58;3.40031963;UNKNOWN
2016-02-19T01:53:44.000000;2016-02-19T01:53:44.000000;45f90838-cb2e-4c12-97ca-854e76158c37;420.62;3.40058943;UNKNOWN
2016-02-19T01:53:44.000000;2016-02-19T01:53:44.000000;a58ccb89-0cef-46bb-ac6b-631a6458a0de;421.15;12.0;UNKNOWN
2016-02-19T01:53:44.000000;2016-02-19T01:53:44.000000;bf0ed715-76eb-4b74-a3c7-d74095cfe9d1;420.58;3.40058943;UNKNOWN
2016-02-19T01:53:44.000000;2016-02-19T01:53:44.000000;db1e5456-3892-4932-91d6-10c431a7a91e;421.14;6.0;UNKNOWN
2016-02-19T01:53:44.000000;2016-02-19T01:53:44.000000;fa4fb4ab-09e3-46fa-a522-92f9c959699e;421.2;15.3295;UNKNOWN
2016-02-19T01:53:44.000000;2016-02-19T01:53:44.000000;717bbb4b-1069-494c-88ca-c07c8e60f7d3;421.94;0.01;UNKNOWN
2016-02-19T01:53:44.000000;2016-02-19T01:53:44.000000;61e02b30-6b2b-441d-830f-02cbc47e4e78;421.12;0.2;UNKNOWN
2016-02-19T01:53:44.000000;2016-02-19T01:53:44.000000;054795bf-43b9-4a6f-addb-e7ebadba3222;422.03;13.6199;UNKNOWN
2016-02-19T01:53:44.000000;2016-02-19T01:53:44.000000;aa350eb5-0ad9-419e-9e47-8d5ddbb91465;421.87;6.93;UNKNOWN
2016-02-19T01:53:44.000000;2016-02-19T01:53:44.000000;ec4408db-977b-4cfc-9c02-0bc37a68127d;421.74;0.01;UNKNOWN
2016-02-19T01:53:44.000000;2016-02-19T01:53:44.000000;c38eefe9-6aba-4e86-8f97-3c5688e628c0;421.52;6.23192191;UNKNOWN
2016-02-19T01:53:44.000000;2016-02-19T01:53:44.000000;44fb8a7a-09a6-4115-b20e-585c963d3e47;421.7;13.5558;UNKNOWN
2016-02-19T01:53:44.000000;2016-02-19T01:53:44.000000;057760f1-4b64-4391-82b2-fc092b0a4877;421.52;15.4251;UNKNOWN
2016-02-19T01:53:44.000000;2016-02-19T01:53:44.000000;784dbc08-0456-4f06-bbed-6b71cf509f0e;422.16;6.98;UNKNOWN
2016-02-19T01:53:44.000000;2016-02-19T01:53:44.000000;c1bcdd7c-d100-4556-9c1d-fa36ef5fdb5f;421.51;18.0;UNKNOWN
2016-02-19T01:53:44.000000;2016-02-19T01:53:44.000000;5d750489-8c31-4e7f-904f-fa28d16cccb5;422.17;15.3125;UNKNOWN
2016-02-19T01:53:44.000000;2016-02-19T01:53:44.000000;23adeb2c-80d3-4f13-98af-d3b55edd4cb8;421.88;15.1993;UNKNOWN
2016-02-19T01:53:44.000000;2016-02-19T01:53:44.000000;8108d76f-7537-41b9-9233-09358cce82f1;421.64;0.01;UNKNOWN
2016-02-19T01:53:44.000000;2016-02-19T01:53:44.000000;a11e517e-262c-41a8-802f-9003a58174e0;422.24;0.01;UNKNOWN
2016-02-19T01:53:44.000000;2016-02-19T01:53:44.000000;660e6a7a-31c1-4692-b3c5-6e2898ebca6b;422.22;0.01;UNKNOWN
2016-02-19T01:53:44.000000;2016-02-19T01:53:44.000000;85d87219-4e4c-4005-985a-8abdfae883fb;422.02;6.09;UNKNOWN
2016-02-19T01:53:44.000000;2016-02-19T01:53:44.000000;3757328c-cc3e-45cc-8f24-6b1e7eacef5a;422.5;0.7508869;UNKNOWN
2016-02-19T01:53:44.000000;2016-02-19T01:53:44.000000;32046a20-42cd-4950-b053-fcf55a166741;422.34;14.0424;UNKNOWN
2016-02-19T01:53:44.000000;2016-02-19T01:53:44.000000;14c8ef79-ffde-4b4c-a579-232a1810640b;422.44;0.01;UNKNOWN
2016-02-19T01:53:44.000000;2016-02-19T01:53:44.000000;9e1fc4bc-bcf0-45da-a373-b800faaff4a9;421.84;0.01;UNKNOWN
2016-02-19T01:53:44.000000;2016-02-19T01:53:44.000000;9cfac8c1-696d-48e4-be71-8e94315b3d19;422.34;0.01;UNKNOWN
2016-02-19T01:53:44.000000;2016-02-19T01:53:44.000000;0c561db0-8c8e-45de-9705-0ee665058b33;421.8;0.7054;UNKNOWN
2016-02-19T01:53:44.000000;2016-02-19T01:53:44.000000;035f35b7-183f-495a-bca3-c9f0d4cc81fe;422.48;0.16;UNKNOWN
2016-02-19T01:53:44.000000;2016-02-19T01:53:44.000000;a453517e-8461-446d-b072-92539c0bf8de;422.04;0.01;UNKNOWN
2016-02-19T01:53:44.000000;2016-02-19T01:53:44.000000;57793cc4-7136-4792-af88-acbd22b469c1;420.58;1.78109828;UNKNOWN
2016-02-19T01:53:44.000000;2016-02-19T01:53:44.000000;a6276448-a1fd-4525-bf31-a4f57ac72a60;420.58;3.3987787;UNKNOWN
2016-02-19T01:53:44.000000;2016-02-19T01:53:44.000000;ba8e50ca-2765-419a-b2c7-236338799ac5;422.0;20.0;UNKNOWN
2016-02-19T01:53:44.000000;2016-02-19T01:53:44.000000;40041aa9-f50e-4e09-b89a-2fa762c0b353;420.58;3.40062798;UNKNOWN
2016-02-19T01:53:44.000000;2016-02-19T01:53:44.000000;f6c8c006-5ec4-47cc-8e3c-5ea742d66ced;420.58;3.40062798;UNKNOWN
2016-02-19T01:53:50.000000;2016-02-19T01:53:50.000000;82f26ef2-80ef-4d2e-b7c7-d85f4e60b9e4;422.54;0.01;UNKNOWN
2016-02-19T01:53:50.000000;2016-02-19T01:53:50.000000;5637995e-7608-4da0-8859-a45b391b0c51;422.54;0.05174275;UNKNOWN
2016-02-19T01:53:50.000000;2016-02-19T01:53:50.000000;a353e25a-8050-4613-bf25-201b1c3ddf70;422.54;1.0;UNKNOWN
2016-02-19T01:53:50.000000;2016-02-19T01:53:50.000000;d35b7d79-c54a-4e07-a434-08bc0a2c5dec;422.54;0.31;UNKNOWN
2016-02-19T01:53:50.000000;2016-02-19T01:53:50.000000;6217b342-ec25-4e58-873f-aa912df7f61c;420.66;3.40074363;UNKNOWN
2016-02-19T01:54:21.000000;2016-02-19T01:54:21.000000;92f74505-ba9f-4284-b07a-a185a0e0985d;421.65;0.5;UNKNOWN
2016-02-19T01:54:21.000000;2016-02-19T01:54:21.000000;a820fe50-a3e4-4836-a986-cd085d477615;421.64;3.0;UNKNOWN
2016-02-19T01:54:21.000000;2016-02-19T01:54:21.000000;4fe2baed-6980-467d-951a-4c9058074cd4;421.65;5.9197;UNKNOWN
2016-02-19T01:54:21.000000;2016-02-19T01:54:21.000000;377f3436-b1ad-46dd-bf52-ff297fcdc473;421.56;6.0;UNKNOWN
2016-02-19T01:54:28.000000;2016-02-19T01:54:28.000000;3ba0a39e-f1f6-47b9-97f3-8542b392fdea;421.06;0.04;UNKNOWN
2016-02-19T01:54:28.000000;2016-02-19T01:54:28.000000;59485353-e5f4-4312-88e2-886f243378f5;421.06;0.255;UNKNOWN
2016-02-19T01:54:35.000000;2016-02-19T01:54:35.000000;dfe4eded-e4be-46f7-9481-ee4fc1673c31;421.24;0.5;UNKNOWN
2016-02-19T01:54:35.000000;2016-02-19T01:54:35.000000;982839db-9d7a-48e3-acc8-a596eb85f73f;421.23;0.21089233;UNKNOWN
2016-02-19T01:57:51.000000;2016-02-19T01:57:51.000000;60a83861-5a47-4a71-a8b2-1b421a5040e1;421.3;0.5;UNKNOWN
2016-02-19T01:57:51.000000;2016-02-19T01:57:51.000000;563c2abd-b3b5-465b-9a15-73f957d476d0;421.3;0.5;UNKNOWN
2016-02-19T01:57:53.000000;2016-02-19T01:57:53.000000;75cd6191-d599-453a-b338-73148e1706ce;421.3;1.0;UNKNOWN
2016-02-19T02:01:42.000000;2016-02-19T02:01:42.000000;401fe6b6-29a2-4b4b-bc2a-fc4a8148aff9;421.3;0.5;UNKNOWN
2016-02-19T02:01:55.000000;2016-02-19T02:01:55.000000;838cd6b2-88bd-43cf-9665-25e90ccd9144;421.29;0.04;UNKNOWN
2016-02-19T02:01:55.000000;2016-02-19T02:01:55.000000;becba8c5-be78-4153-aa2f-2838bd92396c;421.23;0.05;UNKNOWN
2016-02-19T02:02:28.000000;2016-02-19T02:02:28.000000;2a9ff6b6-8d4b-440d-90a4-f508a2caa73b;421.23;0.15;UNKNOWN
2016-02-19T02:02:28.000000;2016-02-19T02:02:28.000000;e92cb8a3-64f7-4723-80ac-02c94fd04ec4;421.02;0.0233555;UNKNOWN
2016-02-19T02:02:44.000000;2016-02-19T02:02:44.000000;321ef1b9-2c52-467a-a3a7-6aa046f935b3;421.06;2.3303;UNKNOWN
2016-02-19T02:03:19.000000;2016-02-19T02:03:19.000000;a1d778bd-ee45-4e1c-8197-b44a41cb78d8;421.05;0.25;UNKNOWN
2016-02-19T02:03:32.000000;2016-02-19T02:03:32.000000;44261c5f-486e-4ee3-8f48-b2d61dbe8d0a;421.13;0.03514691;UNKNOWN
2016-02-19T02:05:05.000000;2016-02-19T02:05:05.000000;411cb7d6-87d3-4632-9cc4-345f221ba853;421.3;0.2445206;UNKNOWN
2016-02-19T02:05:20.000000;2016-02-19T02:05:20.000000;39813498-5bd3-4039-b3d1-95d00533e4c7;421.03;5.9311;UNKNOWN
2016-02-19T02:05:20.000000;2016-02-19T02:05:20.000000;4c434e90-c7f1-4bb6-967c-d8086cf195ab;421.03;7.5508628;UNKNOWN
2016-02-19T02:05:25.000000;2016-02-19T02:05:25.000000;f23cd0d4-e3af-4153-9718-9fb2d2e0b10e;421.02;3.4566;UNKNOWN
2016-02-19T02:05:28.000000;2016-02-19T02:05:28.000000;cedfff13-5d05-41d7-8d84-1740082f1b23;421.02;0.04686146;UNKNOWN
2016-02-19T02:05:29.000000;2016-02-19T02:05:29.000000;27a311d0-17d3-4111-b969-9a18f5e36e3d;421.02;2.8097;UNKNOWN
2016-02-19T02:05:33.000000;2016-02-19T02:05:33.000000;753f8717-7555-4e07-8732-1e6cd3e988c3;421.02;2.8097;UNKNOWN
2016-02-19T02:05:37.000000;2016-02-19T02:05:37.000000;b9732407-34d6-4607-9f92-dfcedacd08be;421.02;3.32975577;UNKNOWN
2016-02-19T02:05:41.000000;2016-02-19T02:05:41.000000;3c2d9415-7ffa-488f-be53-cf9cc73d932d;421.02;3.55742298;UNKNOWN
2016-02-19T02:05:46.000000;2016-02-19T02:05:46.000000;e6ff013e-8315-40a1-b1c3-72592281e8ba;420.87;0.68069571;UNKNOWN
2016-02-19T02:05:46.000000;2016-02-19T02:05:46.000000;d62221f8-d728-4a94-8cac-7202521fae39;421.02;2.12900429;UNKNOWN
2016-02-19T02:05:51.000000;2016-02-19T02:05:51.000000;cfd351f4-3b1e-42e4-9934-4658a27aded1;420.74;0.02574803;UNKNOWN
2016-02-19T02:08:02.000000;2016-02-19T02:08:02.000000;3baf8210-1485-473d-a100-12a014574085;421.25;3.7682;UNKNOWN
2016-02-19T02:08:02.000000;2016-02-19T02:08:02.000000;0633e461-d37d-4932-a97e-172ba79b797a;421.25;0.5;UNKNOWN
2016-02-19T02:09:01.000000;2016-02-19T02:09:01.000000;36520ba9-0396-43a8-b89d-c965f2af12d1;421.3;0.01;UNKNOWN
2016-02-19T02:09:01.000000;2016-02-19T02:09:01.000000;00d7fe08-0f8c-4685-aebd-0eb5626d06d6;421.4;0.01413929;UNKNOWN
2016-02-19T02:09:08.000000;2016-02-19T02:09:08.000000;5a3f961b-be67-4359-9adf-5b377b993fc5;421.25;0.02394576;UNKNOWN
2016-02-19T02:09:27.000000;2016-02-19T02:09:27.000000;706980f7-e46e-44a7-8ed4-84b3b54561c6;421.4;0.48586071;UNKNOWN
2016-02-19T02:09:27.000000;2016-02-19T02:09:27.000000;94dd712c-4abb-4bef-8c81-23cb798fc7d3;421.42;5.8863;UNKNOWN
2016-02-19T02:09:27.000000;2016-02-19T02:09:27.000000;4eef2570-8f9e-49ae-9975-dc33abb29c7e;421.43;0.02488505;UNKNOWN
2016-02-19T02:09:27.000000;2016-02-19T02:09:27.000000;240f2c14-df46-45ef-9ac5-335e750ddac5;421.25;0.47605424;UNKNOWN
2016-02-19T02:09:37.000000;2016-02-19T02:09:37.000000;ed348034-c444-44ac-b7a2-10864af8e69e;421.15;0.02616436;UNKNOWN
2016-02-19T02:10:22.000000;2016-02-19T02:10:22.000000;4e3c8da9-2490-403d-bf76-005c4d5402f6;421.5;0.2504;UNKNOWN
2016-02-19T02:11:07.000000;2016-02-19T02:11:07.000000;48cacca3-8376-4288-bbd5-a5c967fb1035;421.55;0.1061;UNKNOWN
2016-02-19T02:11:07.000000;2016-02-19T02:11:07.000000;19a899b3-f415-45b4-a81e-93f5253ab41c;421.5;0.2496;UNKNOWN
2016-02-19T02:11:12.000000;2016-02-19T02:11:12.000000;21e32e79-5ef6-4236-8b03-20b1868fbae3;421.4;0.01680689;UNKNOWN
2016-02-19T02:12:22.000000;2016-02-19T02:12:22.000000;cadf10c0-3c1b-4fd5-8c14-f5de2c314a6f;421.4;0.2014;UNKNOWN
2016-02-19T02:13:42.000000;2016-02-19T02:13:42.000000;905c28e5-8ad6-4f5f-bff7-0b12b10ce389;421.49;5.92;UNKNOWN
2016-02-19T02:13:42.000000;2016-02-19T02:13:42.000000;57e37167-5fbc-4bf3-b1be-ca6cafa9b7dc;421.5;0.5;UNKNOWN
2016-02-19T02:13:42.000000;2016-02-19T02:13:42.000000;da8d2067-f9d1-4463-99a6-da2c9231d090;421.4;0.2986;UNKNOWN
2016-02-19T02:13:42.000000;2016-02-19T02:13:42.000000;a26258ae-a217-45c2-93ea-b9514904e99c;421.4;0.5;UNKNOWN
2016-02-19T02:13:42.000000;2016-02-19T02:13:42.000000;38a31790-8b1c-48b4-b26a-03c2b1fb25a8;421.5;0.5;UNKNOWN
2016-02-19T02:13:51.000000;2016-02-19T02:13:51.000000;9061d71b-31b8-41e2-8d5d-caadfce1e063;421.99;0.1;UNKNOWN
2016-02-19T02:14:22.000000;2016-02-19T02:14:22.000000;d8f7d719-7907-4b8a-bd01-3b227f6a5564;422.0;0.2;UNKNOWN
2016-02-19T02:14:22.000000;2016-02-19T02:14:22.000000;1df16aca-d362-46e0-b36b-9cd23c511440;422.07;0.5112;UNKNOWN
2016-02-19T02:14:23.000000;2016-02-19T02:14:23.000000;afedbee7-1c5a-40e0-b58b-a2d36aee817d;421.83;0.15325537;UNKNOWN
2016-02-19T02:14:23.000000;2016-02-19T02:14:23.000000;c85acf7e-2ced-4561-a170-a4966affe99b;421.83;0.5;UNKNOWN
2016-02-19T02:14:32.000000;2016-02-19T02:14:32.000000;ea1e7558-869d-441b-a0d6-5bb4bc124ef9;421.67;1.84828;UNKNOWN
2016-02-19T02:14:32.000000;2016-02-19T02:14:32.000000;eefcdc81-00bc-4fe2-a580-2a571c333c4e;421.67;0.5;UNKNOWN
2016-02-19T02:14:35.000000;2016-02-19T02:14:35.000000;244e2fe4-2eed-4da1-a1f9-be2abf4985b6;421.61;0.09026801;UNKNOWN
2016-02-19T02:14:36.000000;2016-02-19T02:14:36.000000;710e5889-3ffe-484a-8ef7-3ad640beecb3;421.61;0.23763761;UNKNOWN
2016-02-19T02:14:49.000000;2016-02-19T02:14:49.000000;6a0b338e-bdef-4bde-ae82-f3a1da094c46;421.98;5.8881;UNKNOWN
2016-02-19T02:14:49.000000;2016-02-19T02:14:49.000000;976150ba-6309-4efe-85b8-5dc4b2c22497;421.98;24.75;UNKNOWN
2016-02-19T02:14:49.000000;2016-02-19T02:14:49.000000;d0544b2e-c3c5-46ea-b6fe-9be0cb558b38;422.08;0.7491;UNKNOWN
2016-02-19T02:14:49.000000;2016-02-19T02:14:49.000000;4914618e-c0c2-4aea-9691-01bd95d64b12;422.08;3.39009865;UNKNOWN
2016-02-19T02:14:49.000000;2016-02-19T02:14:49.000000;c2f5d251-c66e-4a78-8a9c-7692b4043b8e;422.07;2.5791;UNKNOWN
2016-02-19T02:14:50.000000;2016-02-19T02:14:50.000000;f30645ee-32ad-44ed-8cdd-28d7d1773bd3;422.08;1.5;UNKNOWN
2016-02-19T02:15:01.000000;2016-02-19T02:15:01.000000;6959ab00-18ce-4f01-bf05-a30b88fbf173;422.15;0.498002;UNKNOWN
2016-02-19T02:15:05.000000;2016-02-19T02:15:05.000000;7dd5f2ab-7498-43c2-8c7e-8f6e8aef52b6;422.19;0.28309333;UNKNOWN
2016-02-19T02:15:17.000000;2016-02-19T02:15:17.000000;551f187b-46ed-4fd6-8c7f-c365669ae90d;422.0;0.5;UNKNOWN
2016-02-19T02:15:17.000000;2016-02-19T02:15:17.000000;beb277a6-39de-4b40-a106-0efd42235ec0;422.0;0.5;UNKNOWN
2016-02-19T02:15:17.000000;2016-02-19T02:15:17.000000;867768d2-150a-458f-a002-9313c485d043;422.18;3.0;UNKNOWN
2016-02-19T02:15:27.000000;2016-02-19T02:15:27.000000;e3694f5b-8c65-49a3-b9cb-f6a7d7c8b7ff;421.85;0.0996;UNKNOWN
2016-02-19T02:15:54.000000;2016-02-19T02:15:54.000000;be82fbb2-ebb4-4867-9c00-5f5e202ce904;421.65;0.0996;UNKNOWN
2016-02-19T02:16:32.000000;2016-02-19T02:16:32.000000;488bf181-a087-42ec-9cca-71b0dd7db897;422.1;0.1088;UNKNOWN
2016-02-19T02:16:52.000000;2016-02-19T02:16:52.000000;33eba39e-0a7e-40f0-a3f0-af30f99d6e13;422.1;0.5;UNKNOWN
2016-02-19T02:16:52.000000;2016-02-19T02:16:52.000000;b4621ef5-745a-47e2-83b5-f04370632e3d;422.1;0.7651;UNKNOWN
2016-02-19T02:16:52.000000;2016-02-19T02:16:52.000000;e7865bde-e8a9-43ef-bbfd-1eb798d15789;422.1;0.3912;UNKNOWN
2016-02-19T02:17:18.000000;2016-02-19T02:17:18.000000;fe34e01e-92fd-484a-a8a9-b8f783b833c1;422.26;3.3897539;UNKNOWN
2016-02-19T02:17:18.000000;2016-02-19T02:17:18.000000;57d617ba-37ce-44f6-a01a-39cfa1d9b0da;422.19;3.10666057;UNKNOWN
2016-02-19T02:17:18.000000;2016-02-19T02:17:18.000000;385ff713-5b39-4a5c-90e2-96bf46bc7c8e;422.32;2.02138553;UNKNOWN
2016-02-19T02:18:09.000000;2016-02-19T02:18:09.000000;86cdab44-9fd9-42e6-8402-2bdc4ea4b94c;422.3;0.2;UNKNOWN
2016-02-19T02:19:14.000000;2016-02-19T02:19:14.000000;1d1c6529-36b0-45d2-a042-cb05d3e2dac2;422.26;0.4;UNKNOWN
2016-02-19T02:19:17.000000;2016-02-19T02:19:17.000000;8f7dc08c-358c-462f-b1b0-ccdb40402436;422.26;1.1162;UNKNOWN
2016-02-19T02:19:27.000000;2016-02-19T02:19:27.000000;21dd90b4-57a1-4dd7-92bd-22efbf0bf60f;422.01;0.93762452;UNKNOWN
2016-02-19T02:20:32.000000;2016-02-19T02:20:32.000000;4405e0cb-02b3-415c-aaac-80c0d4c1f211;422.05;0.3634;UNKNOWN
2016-02-19T02:21:12.000000;2016-02-19T02:21:12.000000;2f9c1527-2d45-4ee8-bced-7ff1533f7a19;422.22;3.39090334;UNKNOWN
2016-02-19T02:21:12.000000;2016-02-19T02:21:12.000000;5a2007a4-a2c2-45d8-bdce-cd0c5b7c2c27;422.25;0.5;UNKNOWN
2016-02-19T02:21:12.000000;2016-02-19T02:21:12.000000;785e8530-3056-41cb-910c-92845e704fe3;422.28;0.90909666;UNKNOWN
2016-02-19T02:21:17.000000;2016-02-19T02:21:17.000000;ddb525ab-3455-4e10-a690-ec3049648e02;422.07;0.4031;UNKNOWN
2016-02-19T02:21:37.000000;2016-02-19T02:21:37.000000;d6b9d797-fc5a-43b8-926a-9c13f7480c79;421.74;0.30361395;UNKNOWN
2016-02-19T02:22:36.000000;2016-02-19T02:22:36.000000;5e6dccf5-3698-4c7f-81c9-abea3bbb1f6d;421.82;0.71;UNKNOWN
2016-02-19T02:23:37.000000;2016-02-19T02:23:37.000000;1a9b9958-b6da-43b3-a90f-b9412684be87;421.8;0.04743517;UNKNOWN
2016-02-19T02:23:38.000000;2016-02-19T02:23:38.000000;0197acb3-70a4-4716-87ed-829ba9b5807c;421.8;0.13059219;UNKNOWN
2016-02-19T02:24:03.000000;2016-02-19T02:24:03.000000;146f23c3-6fab-41dc-9b08-a8d682662773;421.78;1.1854;UNKNOWN
2016-02-19T02:24:03.000000;2016-02-19T02:24:03.000000;e5e34088-e8d0-49c8-8d88-9ddd3e83423c;421.75;0.258;UNKNOWN
2016-02-19T02:24:06.000000;2016-02-19T02:24:06.000000;ed58f8bd-0b12-4e30-b4d5-35a2854aa9cd;421.75;1.4434;UNKNOWN
2016-02-19T02:24:12.000000;2016-02-19T02:24:12.000000;c78e5f5f-683e-4cf7-9b8f-bb2d9de6717d;421.75;1.4434;UNKNOWN
2016-02-19T02:24:15.000000;2016-02-19T02:24:15.000000;b647726e-2b74-47c8-9ceb-852ee032b6c1;421.75;1.4434;UNKNOWN
2016-02-19T02:24:19.000000;2016-02-19T02:24:19.000000;8973d302-8842-4da0-9836-601c525fed2d;421.75;1.4434;UNKNOWN
2016-02-19T02:24:23.000000;2016-02-19T02:24:23.000000;29037fc6-dc08-425c-93e0-323670187a91;421.75;0.4499;UNKNOWN
2016-02-19T02:25:03.000000;2016-02-19T02:25:03.000000;e960f016-3588-4508-bfcd-2fcec64f443a;422.19;0.2411;UNKNOWN
2016-02-19T02:25:05.000000;2016-02-19T02:25:05.000000;3ad1e7da-0362-462a-8fb0-47c06831b17e;422.17;2.09247476;UNKNOWN
2016-02-19T02:25:17.000000;2016-02-19T02:25:17.000000;5db175de-9010-4adc-bdaf-4ae85e6e7d62;421.78;0.01;UNKNOWN
2016-02-19T02:26:07.000000;2016-02-19T02:26:07.000000;75a9f345-aa40-4f48-a7f5-08315c1dc211;421.76;0.697203;UNKNOWN
2016-02-19T02:26:32.000000;2016-02-19T02:26:32.000000;98a24375-274e-4205-93c1-37b8170e884e;421.78;0.02340659;UNKNOWN
2016-02-19T02:26:51.000000;2016-02-19T02:26:51.000000;aee93980-c872-4153-ac43-394ee51fb0c1;421.77;0.69;UNKNOWN
2016-02-19T02:28:29.000000;2016-02-19T02:28:29.000000;62042e4a-ce7f-435c-a8bd-c8ee97c2163f;421.76;1.0;UNKNOWN
2016-02-19T02:30:24.000000;2016-02-19T02:30:24.000000;78dbb126-8233-4eaf-b43a-24fc4b92a070;421.89;0.1;UNKNOWN
2016-02-19T02:30:37.000000;2016-02-19T02:30:37.000000;0c541c90-9788-486e-bc98-2f1ae87a09d0;421.89;0.01;UNKNOWN
2016-02-19T02:30:38.000000;2016-02-19T02:30:38.000000;e40085ea-e7e8-4fbd-a441-1b22c79fb18b;421.89;0.01;UNKNOWN
2016-02-19T02:30:38.000000;2016-02-19T02:30:38.000000;fb6b2881-e412-4aff-bb5f-033bd54d24d3;421.89;0.01;UNKNOWN
2016-02-19T02:30:39.000000;2016-02-19T02:30:39.000000;684ba0cd-8384-442a-aef8-acbbd310e136;421.89;0.01;UNKNOWN
2016-02-19T02:30:41.000000;2016-02-19T02:30:41.000000;2b249ccd-05f5-44fa-b78c-3f6582194db7;421.89;0.01;UNKNOWN
2016-02-19T02:30:56.000000;2016-02-19T02:30:56.000000;37099aef-7686-4d90-9fa6-bb650b6f7f0a;421.89;0.5;UNKNOWN
2016-02-19T02:31:03.000000;2016-02-19T02:31:03.000000;3d053f34-ab39-4c19-9bfd-bb4aab2b0806;422.15;0.48142;UNKNOWN
2016-02-19T02:31:03.000000;2016-02-19T02:31:03.000000;53674106-c4cb-498d-a4db-f5ad2e440d5a;421.89;0.01858;UNKNOWN
2016-02-19T02:31:43.000000;2016-02-19T02:31:43.000000;d7f987c3-5a4b-4e59-8a19-4ade8440e2a2;422.15;0.01858;UNKNOWN
2016-02-19T02:31:43.000000;2016-02-19T02:31:43.000000;9ab7dd7c-27d9-46fb-bd0e-80dbf01f9cec;422.15;0.00142;UNKNOWN
2016-02-19T02:36:07.000000;2016-02-19T02:36:07.000000;3336e6d3-cd3d-4ad4-a58d-72d9a54d6ddd;421.75;1.0;UNKNOWN
2016-02-19T02:37:03.000000;2016-02-19T02:37:03.000000;13970fc1-c972-4594-b02f-eb2198467bca;421.75;1.0;UNKNOWN
2016-02-19T02:37:05.000000;2016-02-19T02:37:05.000000;8716083b-6616-4fd8-9093-192b31d6b176;421.91;1.19;UNKNOWN
2016-02-19T02:37:05.000000;2016-02-19T02:37:05.000000;3fa40b62-0f4c-4899-afa2-dbf14b1266ef;422.0;0.15;UNKNOWN
2016-02-19T02:37:05.000000;2016-02-19T02:37:05.000000;e3e13aba-c3aa-4c00-99e5-dd0fe34c85c7;422.04;5.868;UNKNOWN
2016-02-19T02:37:05.000000;2016-02-19T02:37:05.000000;d661acbe-4e3a-43ec-9dd6-e390472ac439;422.04;2.792;UNKNOWN
2016-02-19T02:38:14.000000;2016-02-19T02:38:14.000000;27f84dfc-40a0-4a33-9836-5d525731f5db;422.06;0.2;UNKNOWN
2016-02-19T02:38:55.000000;2016-02-19T02:38:55.000000;801f3e4b-8c99-44e8-8c47-57fd561c1d92;422.02;5.9118;UNKNOWN
2016-02-19T02:38:55.000000;2016-02-19T02:38:55.000000;79bdf9cc-8221-42da-8ae3-f0b295175ebd;422.02;6.0882;UNKNOWN
2016-02-19T02:40:33.000000;2016-02-19T02:40:33.000000;912e4d56-5c81-4257-8756-9e68a8debd3c;421.76;0.06994;UNKNOWN
2016-02-19T02:42:18.000000;2016-02-19T02:42:18.000000;98a53c18-b42f-411c-9789-6513114cc58a;421.77;0.6;UNKNOWN
2016-02-19T02:43:05.000000;2016-02-19T02:43:05.000000;16b8888b-85bf-4e96-87e1-4d0cf5271a4b;421.76;0.88;UNKNOWN
2016-02-19T02:43:15.000000;2016-02-19T02:43:15.000000;83d17b3c-9bf8-4752-80ec-1e6eebdb010b;421.99;0.0227;UNKNOWN
2016-02-19T02:44:05.000000;2016-02-19T02:44:05.000000;7b4b6d46-db24-4070-8434-3a77aab80997;421.76;1.94776699;UNKNOWN
2016-02-19T02:45:05.000000;2016-02-19T02:45:05.000000;2e5b6d98-c2e5-4fd0-a93a-da08671db1a7;421.95;2.23167072;UNKNOWN
2016-02-19T02:45:06.000000;2016-02-19T02:45:06.000000;76e13373-ab70-418d-9436-94d4c9c03bc9;421.96;1.99;UNKNOWN
2016-02-19T02:45:06.000000;2016-02-19T02:45:06.000000;739c8298-3962-4c07-a68e-09830273b72f;422.06;3.39301265;UNKNOWN
2016-02-19T02:45:06.000000;2016-02-19T02:45:06.000000;0c15b70e-aafc-4706-b282-a965a59a30ff;422.11;1.2239747;UNKNOWN
2016-02-19T02:45:06.000000;2016-02-19T02:45:06.000000;e6ce1c37-9d32-47b5-9999-f8e3675d326f;422.0;3.39301265;UNKNOWN
2016-02-19T02:45:15.000000;2016-02-19T02:45:15.000000;ff1c0900-789f-441f-b88e-6cce24b56443;421.8;5.8426;UNKNOWN
2016-02-19T02:45:32.000000;2016-02-19T02:45:32.000000;99da0665-f421-4dd9-adc8-be221b549842;421.8;5.9159;UNKNOWN
2016-02-19T02:45:42.000000;2016-02-19T02:45:42.000000;7f60a5d2-8ef2-49a9-8ec8-8bb5db9bdbb4;421.79;0.29667378;UNKNOWN
2016-02-19T02:46:06.000000;2016-02-19T02:46:06.000000;f3f91c00-99d8-4767-b1a2-f7ee395ebc40;421.8;5.8436;UNKNOWN
2016-02-19T02:46:52.000000;2016-02-19T02:46:52.000000;7f325fe6-4b01-45af-a078-00f6a890aa6f;421.8;4.40570796;UNKNOWN
2016-02-19T02:46:55.000000;2016-02-19T02:46:55.000000;9ad55803-4e85-4998-994e-94629e78a3c4;422.05;0.49219283;UNKNOWN
2016-02-19T02:46:59.000000;2016-02-19T02:46:59.000000;7e6d6353-627e-4ef7-b112-3e5ae0e34761;422.11;0.01;UNKNOWN
2016-02-19T02:47:02.000000;2016-02-19T02:47:02.000000;1720429c-fe24-4fa8-a41a-530018a30454;422.11;0.01044028;UNKNOWN
2016-02-19T02:47:05.000000;2016-02-19T02:47:05.000000;e7cffee6-9542-4924-9310-0daeb6b5f769;422.15;0.28623027;UNKNOWN
2016-02-19T02:47:09.000000;2016-02-19T02:47:09.000000;e5818e5f-5b6a-42cb-ac18-6347a6ee2d80;422.15;0.27483038;UNKNOWN
2016-02-19T02:47:09.000000;2016-02-19T02:47:09.000000;cd1863e9-9639-4bf3-862b-6897477b2de6;422.15;0.01;UNKNOWN
2016-02-19T02:47:09.000000;2016-02-19T02:47:09.000000;ce6fb4cd-3f0e-42dc-bbfc-8808b2c6150e;422.15;0.21234973;UNKNOWN
2016-02-19T02:47:13.000000;2016-02-19T02:47:13.000000;65d278b7-9807-440c-a761-73a406af9939;422.15;0.01;UNKNOWN
2016-02-19T02:47:17.000000;2016-02-19T02:47:17.000000;add07c55-e12a-4718-8a86-4a019dab921f;422.15;0.01303392;UNKNOWN
2016-02-19T02:47:20.000000;2016-02-19T02:47:20.000000;6c647105-71df-44ec-a72f-ac43f80cbb71;422.15;0.49055948;UNKNOWN
2016-02-19T02:47:28.000000;2016-02-19T02:47:28.000000;9ede67ea-bae2-454e-8c87-70a467348400;422.14;0.28071296;UNKNOWN
2016-02-19T02:47:43.000000;2016-02-19T02:47:43.000000;9eb38e3a-e32d-46a3-b38e-48448befc8a7;422.16;0.29662854;UNKNOWN
2016-02-19T02:47:55.000000;2016-02-19T02:47:55.000000;0aae877e-2bb8-4f9a-bacc-de03e8ae8fff;422.16;0.28885485;UNKNOWN
2016-02-19T02:48:03.000000;2016-02-19T02:48:03.000000;e12d54a2-7782-4d3a-8c4f-eb25f472d755;422.16;0.49574453;UNKNOWN
2016-02-19T02:48:14.000000;2016-02-19T02:48:14.000000;24d18b16-0652-47fe-a171-55fbcd02ef50;422.16;0.28676795;UNKNOWN
2016-02-19T02:48:17.000000;2016-02-19T02:48:17.000000;7cb4cfcb-11c5-4f27-9e3b-f4a6d5404c00;422.13;0.4956631;UNKNOWN
2016-02-19T02:48:25.000000;2016-02-19T02:48:25.000000;610ab926-076a-449e-a99d-2d26f42c49ff;422.12;0.29365789;UNKNOWN
2016-02-19T02:48:26.000000;2016-02-19T02:48:26.000000;f6616065-c2da-4df5-9dbb-6582c13d44ea;422.11;1.0;UNKNOWN
2016-02-19T02:48:37.000000;2016-02-19T02:48:37.000000;54b089a6-8b10-410f-b8c7-9aa6fa84af58;422.16;0.4985375;UNKNOWN
2016-02-19T02:48:44.000000;2016-02-19T02:48:44.000000;0ec89d4f-3ed1-4797-b5ae-7c6184eeaba5;422.12;0.29533796;UNKNOWN
2016-02-19T02:48:52.000000;2016-02-19T02:48:52.000000;605c4d99-a3a8-451e-b896-432399695469;422.12;0.49828151;UNKNOWN
2016-02-19T02:49:01.000000;2016-02-19T02:49:01.000000;2c5266ab-6035-4383-a58a-e4e404c63507;422.12;0.13600956;UNKNOWN
2016-02-19T02:49:05.000000;2016-02-19T02:49:05.000000;90d4012d-c889-44f8-a0d2-daeb75765b9e;422.11;0.14969218;UNKNOWN
2016-02-19T02:49:20.000000;2016-02-19T02:49:20.000000;a05ac1a9-afe5-4ff4-9117-a3949fda40cd;422.07;0.04816091;UNKNOWN
2016-02-19T02:49:29.000000;2016-02-19T02:49:29.000000;ba2feeed-0472-42bb-8587-e075f1f6aa35;422.15;5.8983;UNKNOWN
2016-02-19T02:49:29.000000;2016-02-19T02:49:29.000000;cdabd099-c48d-40d9-9ec7-d66a7d1700de;422.2;0.5;UNKNOWN
2016-02-19T02:49:29.000000;2016-02-19T02:49:29.000000;3621ca8d-f0e0-45b2-9775-66e03e000dd6;422.2;1.5;UNKNOWN
2016-02-19T02:49:29.000000;2016-02-19T02:49:29.000000;c151a267-6023-42ca-baee-1fbc8855d1a6;422.18;3.39293591;UNKNOWN
2016-02-19T02:49:29.000000;2016-02-19T02:49:29.000000;9f1e9665-8793-41e1-a611-873cafaf8d0c;422.2;1.5;UNKNOWN
2016-02-19T02:49:29.000000;2016-02-19T02:49:29.000000;3d31e201-8c75-4919-b072-0ffa7bee90f8;422.18;15.2314;UNKNOWN
2016-02-19T02:49:29.000000;2016-02-19T02:49:29.000000;956dfdc2-565b-4ccf-91a6-75dab33044f5;422.2;0.5;UNKNOWN
2016-02-19T02:49:29.000000;2016-02-19T02:49:29.000000;6bea405c-6cb4-42c7-a055-677182d7be71;422.17;0.7056;UNKNOWN
2016-02-19T02:49:34.000000;2016-02-19T02:49:34.000000;7d3054a4-a86a-4e01-a5c9-471706f42a3d;422.2;3.3935116;UNKNOWN
2016-02-19T02:50:05.000000;2016-02-19T02:50:05.000000;b1454211-5bb6-4fa2-bfa5-0029ce017cc9;422.22;3.1;UNKNOWN
2016-02-19T02:50:17.000000;2016-02-19T02:50:17.000000;b9e2ccad-d6d4-4d02-8493-9a63917648bb;422.21;0.3;UNKNOWN
2016-02-19T02:50:27.000000;2016-02-19T02:50:27.000000;2daa9f3b-ef4d-43c8-aea3-75ad4cbe35a6;422.21;0.6;UNKNOWN
2016-02-19T02:50:28.000000;2016-02-19T02:50:28.000000;5bcd46d4-7ebf-4b8d-ab2d-c905866265a2;422.21;0.29818662;UNKNOWN
2016-02-19T02:50:32.000000;2016-02-19T02:50:32.000000;d59b724a-2aaf-4be7-bd04-62d3681e3aca;422.21;0.19928647;UNKNOWN
2016-02-19T02:50:53.000000;2016-02-19T02:50:53.000000;864c4f51-4902-4af5-b142-6fb1713c92b9;422.21;0.67;UNKNOWN
2016-02-19T02:51:42.000000;2016-02-19T02:51:42.000000;93db658d-3f90-46e6-a194-90f942c35a6e;422.2;0.07001335;UNKNOWN
2016-02-19T02:52:17.000000;2016-02-19T02:52:17.000000;87af5fab-0a27-47b7-8a31-b7b7b9a8dcfe;422.2;0.26080082;UNKNOWN
2016-02-19T02:52:28.000000;2016-02-19T02:52:28.000000;7717ae95-7dd7-4fde-bb22-ecf5a92cdf5f;422.2;0.24648;UNKNOWN
2016-02-19T02:53:17.000000;2016-02-19T02:53:17.000000;922b3335-43af-4e0e-a763-09a86e14482e;422.2;0.36784057;UNKNOWN
2016-02-19T02:55:05.000000;2016-02-19T02:55:05.000000;97ab3b3d-9f83-4a60-a6ef-85c154a233b8;422.2;0.50351775;UNKNOWN
2016-02-19T02:55:05.000000;2016-02-19T02:55:05.000000;b566a886-d077-41f5-bf64-3c99a16a947f;421.76;1.67048225;UNKNOWN
2016-02-19T02:55:06.000000;2016-02-19T02:55:06.000000;94f45dc3-4b1c-49c6-898e-57cc1d25fe50;422.21;0.46521548;UNKNOWN
2016-02-19T02:55:06.000000;2016-02-19T02:55:06.000000;de874d35-6a10-41d6-ab8f-ba96c331e787;422.21;1.62638403;UNKNOWN
2016-02-19T02:55:30.000000;2016-02-19T02:55:30.000000;f5db0667-a876-4532-a333-04f361fdae5a;421.78;0.1;UNKNOWN
2016-02-19T02:56:05.000000;2016-02-19T02:56:05.000000;68dd35b7-a2d3-49fc-a08e-40767ed7a3f4;421.76;0.069131;UNKNOWN
2016-02-19T02:56:08.000000;2016-02-19T02:56:08.000000;83620e22-afc0-43df-8be0-3810ad38f211;422.01;5.8581;UNKNOWN
2016-02-19T02:56:08.000000;2016-02-19T02:56:08.000000;8b2114bf-e6f6-4111-aa8e-85f94359b551;422.01;14.0052;UNKNOWN
2016-02-19T02:56:33.000000;2016-02-19T02:56:33.000000;709528fe-d271-4769-a76d-d4436e7b3eac;422.16;0.0348;UNKNOWN
2016-02-19T02:57:38.000000;2016-02-19T02:57:38.000000;f3a1c191-f77e-40c1-9496-ce3f7fa93132;421.9;50.0;UNKNOWN
2016-02-19T02:57:38.000000;2016-02-19T02:57:38.000000;77743655-709c-4a33-bd1d-784ff6d3bed6;421.75;16.5185;UNKNOWN
2016-02-19T02:57:38.000000;2016-02-19T02:57:38.000000;e192709e-a981-43a1-a758-870e1bc2a4d2;422.01;30.1367;UNKNOWN
2016-02-19T02:57:38.000000;2016-02-19T02:57:38.000000;f83ef754-19e7-48c8-8003-1ef3498e7b7b;421.5;5.117;UNKNOWN
2016-02-19T02:57:38.000000;2016-02-19T02:57:38.000000;75bdc353-a64a-4d0e-b804-5e6cb7a6478c;421.51;15.9315;UNKNOWN
2016-02-19T02:57:38.000000;2016-02-19T02:57:38.000000;a43f7654-7403-4cb2-bd19-009589f24835;421.7;0.2;UNKNOWN
2016-02-19T02:57:38.000000;2016-02-19T02:57:38.000000;f7a29063-d564-4fb7-bcc8-c2d6a207b2bb;422.01;1.5;UNKNOWN
2016-02-19T02:57:38.000000;2016-02-19T02:57:38.000000;a0a78803-bd0a-4c57-bc4a-65b85092e490;422.02;24.75;UNKNOWN
2016-02-19T02:57:38.000000;2016-02-19T02:57:38.000000;a9d3532e-3443-413d-a4f9-d5f3e6c25ad3;421.91;5.8463;UNKNOWN
2016-02-19T02:57:40.000000;2016-02-19T02:57:40.000000;dbb401be-550a-44de-9316-59cf555a065e;421.5;3.0;UNKNOWN
2016-02-19T02:57:40.000000;2016-02-19T02:57:40.000000;c813b60b-0329-4204-aa21-52203a310f8c;421.5;0.53;UNKNOWN
2016-02-19T02:57:50.000000;2016-02-19T02:57:50.000000;b37c94ab-01e4-4b83-b6ff-9ebee9936113;421.2;0.01;UNKNOWN
2016-02-19T02:57:50.000000;2016-02-19T02:57:50.000000;20f01ef2-2702-4336-9205-40596af42875;421.21;7.387;UNKNOWN
2016-02-19T02:57:50.000000;2016-02-19T02:57:50.000000;37056fb1-d7d7-4aed-b97f-d9f5cb602a97;421.1;0.01;UNKNOWN
2016-02-19T02:57:50.000000;2016-02-19T02:57:50.000000;2979e0ee-5235-4614-9478-c905a2a36379;421.5;41.353;UNKNOWN
2016-02-19T02:57:50.000000;2016-02-19T02:57:50.000000;9e39c930-b91d-4a4c-9211-0bd9c71fac35;421.2;1.5;UNKNOWN
2016-02-19T02:57:50.000000;2016-02-19T02:57:50.000000;0f80d060-3975-46b7-ba89-16a0b24a8623;421.01;9.74;UNKNOWN
2016-02-19T02:58:18.000000;2016-02-19T02:58:18.000000;3826e35b-0be3-4e36-ac06-8c7dffc7ed43;421.02;5.8966;UNKNOWN
2016-02-19T02:58:18.000000;2016-02-19T02:58:18.000000;c66ff8e2-ab39-49c9-ae06-47400c81e88f;421.01;90.26;UNKNOWN
2016-02-19T02:58:18.000000;2016-02-19T02:58:18.000000;26d190b1-1aad-43b8-8b8b-7db62c44a50b;421.0;0.01;UNKNOWN
2016-02-19T02:58:18.000000;2016-02-19T02:58:18.000000;4e7e8647-a6b7-4273-9f42-baea7ff5d577;421.01;1.5;UNKNOWN
2016-02-19T02:58:19.000000;2016-02-19T02:58:19.000000;011ad922-87f1-4f2f-9ca6-2d4b478e9db4;421.0;1.5;UNKNOWN
2016-02-19T02:58:36.000000;2016-02-19T02:58:36.000000;8f9090f4-7b47-4934-9a3e-d66cb4367095;420.8;0.01;UNKNOWN
2016-02-19T02:58:36.000000;2016-02-19T02:58:36.000000;f6b7c58d-ca30-403f-9ec2-6c6e0739bf6f;420.7;0.01;UNKNOWN
2016-02-19T02:58:36.000000;2016-02-19T02:58:36.000000;809675d7-aae5-4883-b0ca-4012924dae06;420.34;24.16;UNKNOWN
2016-02-19T02:58:36.000000;2016-02-19T02:58:36.000000;c608540a-32e1-4935-9da6-45d572635a0d;420.25;14.4018;UNKNOWN
2016-02-19T02:58:36.000000;2016-02-19T02:58:36.000000;02228e96-c4d6-4705-bcd2-6c9d02f2276e;420.5;0.01;UNKNOWN
2016-02-19T02:58:36.000000;2016-02-19T02:58:36.000000;86bed75f-7a1b-4dfc-a5b8-5b8e02195efe;420.44;3.0;UNKNOWN
2016-02-19T02:58:36.000000;2016-02-19T02:58:36.000000;d19373a1-82f0-4f64-92c9-55c1b995f62c;420.42;14.925;UNKNOWN
2016-02-19T02:58:36.000000;2016-02-19T02:58:36.000000;9679eb28-8218-4800-bbff-c158c6494f3a;420.6;0.01;UNKNOWN
2016-02-19T02:58:36.000000;2016-02-19T02:58:36.000000;f972dbc4-36e5-4d58-8337-b31251062d69;420.41;13.3763;UNKNOWN
2016-02-19T02:58:36.000000;2016-02-19T02:58:36.000000;efba3d69-5d70-4089-a8cc-2d95995953fa;420.6;0.7509;UNKNOWN
2016-02-19T02:58:36.000000;2016-02-19T02:58:36.000000;b2ce053c-340d-4e3a-9c16-6869f223bd21;420.9;0.01;UNKNOWN
2016-02-19T02:58:36.000000;2016-02-19T02:58:36.000000;ea54aa51-b70f-45b2-9fea-1efc7b195b9c;420.44;12.3342;UNKNOWN
2016-02-19T02:58:36.000000;2016-02-19T02:58:36.000000;fe68ea06-af22-4846-ad80-cf852dfcf9ff;420.3;0.01;UNKNOWN
2016-02-19T02:58:36.000000;2016-02-19T02:58:36.000000;dd646033-5528-415d-9392-d617a7a1c372;420.7;1.99;UNKNOWN
2016-02-19T02:58:36.000000;2016-02-19T02:58:36.000000;6c314504-0131-4e20-819d-34521a9928b6;420.4;0.01;UNKNOWN
2016-02-19T02:58:36.000000;2016-02-19T02:58:36.000000;92d822dc-8ca3-4b9d-aee8-be259c37a98a;420.22;14.9918;UNKNOWN
2016-02-19T02:58:43.000000;2016-02-19T02:58:43.000000;004915a4-1e26-45af-adda-dbed29b9bf17;420.24;0.3;UNKNOWN
2016-02-19T02:59:24.000000;2016-02-19T02:59:24.000000;082e5b9b-79c0-4ef4-b858-3c4225c81053;420.35;0.8334;UNKNOWN
2016-02-19T03:01:55.000000;2016-02-19T03:01:55.000000;163c9127-9728-4f2c-aa3d-d1b566964643;421.31;0.4937275;UNKNOWN
2016-02-19T03:01:59.000000;2016-02-19T03:01:59.000000;de32f8c2-c173-4569-a10a-2829bcef7a8c;421.38;0.01;UNKNOWN
2016-02-19T03:02:02.000000;2016-02-19T03:02:02.000000;836f3cf9-bc8e-4abf-a847-cb01b613e9dd;421.38;0.49974579;UNKNOWN
2016-02-19T03:02:05.000000;2016-02-19T03:02:05.000000;a939b102-d382-46a6-966e-6b02cab0f7b2;421.57;0.01;UNKNOWN
2016-02-19T03:02:13.000000;2016-02-19T03:02:13.000000;b0ec70a3-05dd-45d2-83c8-d24b2769c3df;421.49;0.2887976;UNKNOWN
2016-02-19T03:02:16.000000;2016-02-19T03:02:16.000000;37277f48-c547-48af-8986-8128565dda1f;421.56;0.01248101;UNKNOWN
2016-02-19T03:03:09.000000;2016-02-19T03:03:09.000000;46e563ff-ba34-46f2-a0e6-361f69f215b6;421.55;0.05602477;UNKNOWN
2016-02-19T03:03:13.000000;2016-02-19T03:03:13.000000;23bfd471-8528-4eee-98f4-2f5482e7dab7;421.46;0.49099899;UNKNOWN
2016-02-19T03:03:21.000000;2016-02-19T03:03:21.000000;e508b2f4-6e69-4861-9ef6-c1b45d6d579d;421.49;0.01910468;UNKNOWN
2016-02-19T03:03:25.000000;2016-02-19T03:03:25.000000;17d7a89e-471c-49b2-9bcd-bc3832a2f527;421.53;0.05447705;UNKNOWN
2016-02-19T03:03:29.000000;2016-02-19T03:03:29.000000;25ca33a3-a23b-49ed-ab6e-367a89365b73;421.54;0.28697163;UNKNOWN
2016-02-19T03:03:33.000000;2016-02-19T03:03:33.000000;431a65bb-fe08-41af-9e08-79c964d8c37f;421.46;0.01;UNKNOWN
2016-02-19T03:03:42.000000;2016-02-19T03:03:42.000000;714c804f-3a52-4a87-abc0-eebcbfb8b3c0;421.62;0.49004855;UNKNOWN
2016-02-19T03:03:45.000000;2016-02-19T03:03:45.000000;accf88de-0387-4f2e-b1ed-fb5e5b29eeaa;421.62;0.01;UNKNOWN
2016-02-19T03:03:49.000000;2016-02-19T03:03:49.000000;11e62f72-6091-409f-9ff9-177c9ee294ee;421.62;0.49731402;UNKNOWN
2016-02-19T03:03:53.000000;2016-02-19T03:03:53.000000;d71b4165-de4a-46b3-91f2-32fa53627294;421.62;0.01;UNKNOWN
2016-02-19T03:03:56.000000;2016-02-19T03:03:56.000000;4067bcf6-bd42-49cc-b15a-1bae58e8b18c;421.6;0.28738056;UNKNOWN
2016-02-19T03:04:00.000000;2016-02-19T03:04:00.000000;5b2309fc-31f1-4039-80a0-ef056f79ed30;421.6;0.49211959;UNKNOWN
2016-02-19T03:04:10.000000;2016-02-19T03:04:10.000000;6049bfd4-77bd-42bf-9222-92c295c52a20;421.54;0.01405528;UNKNOWN
2016-02-19T03:04:13.000000;2016-02-19T03:04:13.000000;d8ed1325-761e-41ac-8289-24d9506e0749;421.56;0.49363051;UNKNOWN
2016-02-19T03:04:17.000000;2016-02-19T03:04:17.000000;d1a8c308-0ef2-4943-9e03-a5f9f62a20fd;421.52;0.01;UNKNOWN
2016-02-19T03:04:21.000000;2016-02-19T03:04:21.000000;427bbe50-128a-4c22-8bf4-89a4239e1c7f;421.55;0.01;UNKNOWN
2016-02-19T03:04:25.000000;2016-02-19T03:04:25.000000;d4c1152d-429e-42e3-92e1-0d3db503a841;421.61;0.38847986;UNKNOWN
2016-02-19T03:04:52.000000;2016-02-19T03:04:52.000000;9ad89f73-57bc-48c6-8fc8-f0a5bb71dcf9;421.63;1.33716257;UNKNOWN
2016-02-19T03:06:02.000000;2016-02-19T03:06:02.000000;64e6a6c2-5d58-4a40-ac47-eb4f0f4a6554;421.08;0.47558014;UNKNOWN
2016-02-19T03:06:19.000000;2016-02-19T03:06:19.000000;b5d2c7a0-b7d0-4dbe-ae11-80afaa78665f;420.83;0.5;UNKNOWN
2016-02-19T03:06:19.000000;2016-02-19T03:06:19.000000;13089889-80b6-48e6-8451-ce10f4c8a1d7;420.75;6.0;UNKNOWN
2016-02-19T03:06:19.000000;2016-02-19T03:06:19.000000;ba2f0861-dd01-4d68-b76a-e71fc3a41973;420.82;3.0;UNKNOWN
2016-02-19T03:06:19.000000;2016-02-19T03:06:19.000000;d260c66e-7998-474c-b36d-f3138a274d08;420.66;12.7396;UNKNOWN
2016-02-19T03:06:19.000000;2016-02-19T03:06:19.000000;97052ee3-9d05-4279-a8ec-784d6e7f3502;420.8;1.6892;UNKNOWN
2016-02-19T03:06:19.000000;2016-02-19T03:06:19.000000;a6f38900-e9ce-4d12-9f01-86269870cf62;420.77;1.0;UNKNOWN
2016-02-19T03:06:19.000000;2016-02-19T03:06:19.000000;67123c83-8bcd-4ce4-a18b-c86b3b1cc31f;420.74;14.0712;UNKNOWN
2016-02-19T03:06:19.000000;2016-02-19T03:06:19.000000;5fb07508-6478-4602-83fa-bad2af793bba;420.66;1.0;UNKNOWN
2016-02-19T03:06:32.000000;2016-02-19T03:06:32.000000;c78d56c8-ef5e-4d73-aca5-402570b47743;420.62;0.02339783;UNKNOWN
2016-02-19T03:06:36.000000;2016-02-19T03:06:36.000000;4a3c62b6-6573-4915-bb66-f83c82089f2c;420.58;10.0753;UNKNOWN
2016-02-19T03:06:36.000000;2016-02-19T03:06:36.000000;e8841ed8-5901-4e5c-a8e3-523121922520;420.62;15.0247;UNKNOWN
2016-02-19T03:06:36.000000;2016-02-19T03:06:36.000000;b49281fd-269d-4c40-a617-896cfae51e48;420.63;4.9;UNKNOWN
2016-02-19T03:06:37.000000;2016-02-19T03:06:37.000000;72b6a82e-6c5e-4b9a-bc7a-d8f93115be25;420.58;0.49823868;UNKNOWN
2016-02-19T03:06:51.000000;2016-02-19T03:06:51.000000;f5975c17-3b08-4e8e-b679-118b2d4355df;420.49;0.2;UNKNOWN
2016-02-19T03:06:51.000000;2016-02-19T03:06:51.000000;bc356347-9611-4d89-a890-781c2920cf03;420.49;0.5;UNKNOWN
2016-02-19T03:06:51.000000;2016-02-19T03:06:51.000000;22029472-37c3-46b3-8579-467af83241f7;420.49;6.28050949;UNKNOWN
2016-02-19T03:07:08.000000;2016-02-19T03:07:08.000000;7ac7370a-6455-4732-ba29-f28bc2f38dee;420.44;0.02;UNKNOWN
2016-02-19T03:07:31.000000;2016-02-19T03:07:31.000000;a49258c9-d2b9-4489-a70c-6c23cba191a6;420.46;0.034;UNKNOWN
2016-02-19T03:07:41.000000;2016-02-19T03:07:41.000000;ee2b9b4c-649c-4702-95c2-efc2ce9dfdc7;420.46;0.15;UNKNOWN
2016-02-19T03:07:46.000000;2016-02-19T03:07:46.000000;974b1bde-4255-49b9-a589-da01c799811c;420.46;0.176;UNKNOWN
2016-02-19T03:07:50.000000;2016-02-19T03:07:50.000000;af5cd68b-27f6-4e5f-b61d-a3b1b48bc790;420.39;0.033;UNKNOWN
2016-02-19T03:07:54.000000;2016-02-19T03:07:54.000000;a7003ee4-74c1-498f-81a4-e621a6b774f5;420.41;0.2411;UNKNOWN
2016-02-19T03:07:56.000000;2016-02-19T03:07:56.000000;f9ee2452-644b-4e48-9ec2-2b23dddfc6e1;420.41;0.143;UNKNOWN
2016-02-19T03:08:09.000000;2016-02-19T03:08:09.000000;7839d77a-78c5-4ab8-a267-8c408deac5ab;421.05;0.0176;UNKNOWN
2016-02-19T03:08:13.000000;2016-02-19T03:08:13.000000;235b2ed4-8123-4dc6-8eb4-9ebf1db4ef7f;420.41;0.01;UNKNOWN
2016-02-19T03:09:34.000000;2016-02-19T03:09:34.000000;d43b26f5-e823-4983-ad2f-32edd6ad9e43;420.42;0.01;UNKNOWN
2016-02-19T03:09:42.000000;2016-02-19T03:09:42.000000;ea72e00d-aaba-4d77-a01f-93418f6bbbbc;420.42;0.177;UNKNOWN
2016-02-19T03:09:51.000000;2016-02-19T03:09:51.000000;ec6dfb68-9acb-4589-9135-d6898fe9e5d4;420.41;0.0729;UNKNOWN
2016-02-19T03:09:51.000000;2016-02-19T03:09:51.000000;a17584f9-baac-406c-8856-bd5b4d4723f2;420.36;0.0001;UNKNOWN
2016-02-19T03:09:59.000000;2016-02-19T03:09:59.000000;5c931a54-d77b-4edd-929f-b2fdb0ae9e54;420.36;0.355;UNKNOWN
2016-02-19T03:10:14.000000;2016-02-19T03:10:14.000000;dcd7b34a-349f-485c-b6db-b6d137013426;420.36;0.01;UNKNOWN
2016-02-19T03:10:21.000000;2016-02-19T03:10:21.000000;287e860a-765f-46dc-a9f8-33866b512c3d;420.36;0.01;UNKNOWN
2016-02-19T03:10:32.000000;2016-02-19T03:10:32.000000;0dca281c-d61e-4fd0-9cc3-7975cda6a55c;420.68;0.2;UNKNOWN
2016-02-19T03:10:38.000000;2016-02-19T03:10:38.000000;12849e96-5b9f-4eb4-b87c-a0dadc112f4c;420.57;0.2;UNKNOWN
2016-02-19T03:10:42.000000;2016-02-19T03:10:42.000000;29cd47c4-8579-4837-9f59-5ecf89f8625f;420.3;0.0004;UNKNOWN
2016-02-19T03:10:42.000000;2016-02-19T03:10:42.000000;96b6eb13-d0f7-4a12-93b7-c44d15c6bb79;420.35;0.1666;UNKNOWN
2016-02-19T03:10:51.000000;2016-02-19T03:10:51.000000;70502b3c-28ee-4693-a2cf-9881cd23a7f6;420.3;0.138;UNKNOWN
2016-02-19T03:10:57.000000;2016-02-19T03:10:57.000000;89ba85c2-e4a9-44ed-b0b0-c13efb0375df;420.3;0.8616;UNKNOWN
2016-02-19T03:10:57.000000;2016-02-19T03:10:57.000000;3148d637-3c69-401e-a5da-5f03fd3cade4;420.22;1.1384;UNKNOWN
2016-02-19T03:11:03.000000;2016-02-19T03:11:03.000000;42c288cd-0112-43b0-9d94-6381e08b9c11;420.22;35.0;UNKNOWN
2016-02-19T03:11:05.000000;2016-02-19T03:11:05.000000;23523adf-4c59-483e-8c16-d3f3f022cc8e;420.37;0.0903;UNKNOWN
2016-02-19T03:12:02.000000;2016-02-19T03:12:02.000000;e6c69fee-1abd-4d83-92b1-92e1f4c62c25;420.22;0.72106;UNKNOWN
2016-02-19T03:12:05.000000;2016-02-19T03:12:05.000000;2ac03be3-65a9-40f3-b895-aa712bdfcbff;420.22;8.0;UNKNOWN
2016-02-19T03:12:06.000000;2016-02-19T03:12:06.000000;ea93823b-fc77-4858-abb8-152c55ac8126;420.29;0.45905239;UNKNOWN
2016-02-19T03:12:07.000000;2016-02-19T03:12:07.000000;9d8531e8-d9d2-4877-925b-62c539f007a4;420.45;0.52;UNKNOWN
2016-02-19T03:12:08.000000;2016-02-19T03:12:08.000000;0e950ae7-6f49-4f4d-b786-7d3b6156fa06;420.44;2.0;UNKNOWN
2016-02-19T03:12:25.000000;2016-02-19T03:12:25.000000;81571bac-6a56-42ab-ac37-b3e1fa935143;420.28;0.2;UNKNOWN
2016-02-19T03:12:25.000000;2016-02-19T03:12:25.000000;00c6c55a-7238-4577-8587-24023b013876;420.22;2.8;UNKNOWN
2016-02-19T03:12:30.000000;2016-02-19T03:12:30.000000;8c22b76b-73af-4755-9d39-7ed08ac9f774;420.22;1.0;UNKNOWN
2016-02-19T03:13:22.000000;2016-02-19T03:13:22.000000;a9bae7fe-c1ae-449f-a495-a8ac64fc8e03;420.29;0.240511;UNKNOWN
2016-02-19T03:13:28.000000;2016-02-19T03:13:28.000000;3fa6e1e7-c24c-4371-ba24-a7472e4209a7;420.4;0.25;UNKNOWN
2016-02-19T03:15:05.000000;2016-02-19T03:15:05.000000;a5b384dd-e55b-4b2b-bfec-9782b48b74dd;420.59;3.40696156;UNKNOWN
2016-02-19T03:15:05.000000;2016-02-19T03:15:05.000000;ce12eb89-d331-4dd0-9e0f-43be04e7a3cb;420.59;0.08886722;UNKNOWN
2016-02-19T03:15:06.000000;2016-02-19T03:15:06.000000;95875e13-4087-481c-955c-c2e10d3c043e;420.59;1.8;UNKNOWN
2016-02-19T03:15:42.000000;2016-02-19T03:15:42.000000;b1c5ef87-b754-4861-9282-375360f7139b;420.58;0.025;UNKNOWN
2016-02-19T03:15:46.000000;2016-02-19T03:15:46.000000;a0903262-ed14-4b02-87d3-94e2a0fd6dae;420.58;0.05;UNKNOWN
2016-02-19T03:15:48.000000;2016-02-19T03:15:48.000000;d707a2ac-3d3e-4168-9838-253fcae6ada5;420.58;0.025;UNKNOWN
2016-02-19T03:15:50.000000;2016-02-19T03:15:50.000000;de8d5c89-fe0e-4677-bc96-3755e5206fd8;420.58;0.025;UNKNOWN
2016-02-19T03:15:53.000000;2016-02-19T03:15:53.000000;4a71eb3a-441d-44c5-93c8-6d691237b0cd;420.58;0.025;UNKNOWN
2016-02-19T03:15:56.000000;2016-02-19T03:15:56.000000;14c48bb3-e7bf-4a12-b5ec-2da23bda6b84;420.58;0.025;UNKNOWN
2016-02-19T03:15:59.000000;2016-02-19T03:15:59.000000;52a5f18e-8fc4-4def-90c8-dcb326e6f504;420.58;0.025;UNKNOWN
2016-02-19T03:16:21.000000;2016-02-19T03:16:21.000000;45c3b522-1cf9-4703-990d-07ce2722f873;420.58;0.2;UNKNOWN
2016-02-19T03:16:23.000000;2016-02-19T03:16:23.000000;95e3e8bc-239e-41f8-84ea-5853bdce2249;420.59;0.0081;UNKNOWN
2016-02-19T03:16:23.000000;2016-02-19T03:16:23.000000;f09b4837-8fa0-497a-b104-48a0f5ec68f4;420.58;0.3;UNKNOWN
2016-02-19T03:16:23.000000;2016-02-19T03:16:23.000000;755ccdba-3e43-4e90-bece-25dccd02c719;420.5;0.025;UNKNOWN
2016-02-19T03:16:45.000000;2016-02-19T03:16:45.000000;1a9d8d27-5c2e-478d-bbba-eb78e87f8ffa;420.5;0.025;UNKNOWN
2016-02-19T03:16:45.000000;2016-02-19T03:16:45.000000;7bd2f575-ab40-405c-860e-7cd1032f2ff6;420.5;0.025;UNKNOWN
2016-02-19T03:17:01.000000;2016-02-19T03:17:01.000000;8b8b16bf-3179-4fc6-9256-b74d340f41c2;420.64;0.164;UNKNOWN
2016-02-19T03:17:47.000000;2016-02-19T03:17:47.000000;be27bba3-3667-4457-ac0a-7d8038dda25d;420.72;0.02380049;UNKNOWN
2016-02-19T03:18:09.000000;2016-02-19T03:18:09.000000;0a880078-d91f-4270-8a1f-cdfae7fa0968;420.79;0.0882;UNKNOWN
2016-02-19T03:18:22.000000;2016-02-19T03:18:22.000000;b380576c-145c-4e05-af4d-f8e3d2d18f8b;420.63;0.02380049;UNKNOWN
2016-02-19T03:19:57.000000;2016-02-19T03:19:57.000000;65d082a5-3456-441a-8b79-44c5ecdc355b;420.78;0.02378917;UNKNOWN
2016-02-19T03:21:32.000000;2016-02-19T03:21:32.000000;afeb2043-fcd1-477a-8e81-eb6f608c15a1;420.77;0.09484;UNKNOWN
2016-02-19T03:22:45.000000;2016-02-19T03:22:45.000000;fd7eb3db-b859-4ba3-9652-33bc52315532;420.78;0.015;UNKNOWN
2016-02-19T03:23:25.000000;2016-02-19T03:23:25.000000;0bf9e0fc-3872-4006-9e73-bbfba0fcccb5;420.83;3.0;UNKNOWN
2016-02-19T03:23:25.000000;2016-02-19T03:23:25.000000;471f2ae5-64b9-4b33-83ca-46c8b836ae4f;420.83;0.5;UNKNOWN
2016-02-19T03:23:25.000000;2016-02-19T03:23:25.000000;d618ec1c-6688-41cf-9a9e-dfe3d9f2e906;420.82;1.5;UNKNOWN
2016-02-19T03:24:17.000000;2016-02-19T03:24:17.000000;0fdb1788-2d86-40e4-92f6-d91d3ef84cd9;421.0;0.02105092;UNKNOWN
2016-02-19T03:24:20.000000;2016-02-19T03:24:20.000000;481364e9-20f7-4ad3-b1fe-101a51404706;421.05;0.047158;UNKNOWN
2016-02-19T03:24:20.000000;2016-02-19T03:24:20.000000;f0652660-e470-4f65-b481-68ce42b7134c;421.0;0.17894908;UNKNOWN
2016-02-19T03:24:20.000000;2016-02-19T03:24:20.000000;683e6731-c34e-4033-b163-274d2eb4135c;421.18;0.21162808;UNKNOWN
2016-02-19T03:24:27.000000;2016-02-19T03:24:27.000000;12f3ca38-d059-4da3-b8cf-619d5315f949;421.16;5.8613;UNKNOWN
2016-02-19T03:24:27.000000;2016-02-19T03:24:27.000000;03a845df-5b06-43f4-aec3-00150b0a8bcf;421.16;4.1387;UNKNOWN
2016-02-19T03:24:32.000000;2016-02-19T03:24:32.000000;e3bf75b8-87b6-42e2-ad91-14dcb9962f09;420.78;0.06341336;UNKNOWN
2016-02-19T03:24:57.000000;2016-02-19T03:24:57.000000;5d42f6b0-4c22-4347-8218-dd328e3fc8b6;421.14;5.8736;UNKNOWN
2016-02-19T03:25:05.000000;2016-02-19T03:25:05.000000;d25a3419-3eb7-4934-9308-1a4b1da903ca;421.21;0.1606;UNKNOWN
2016-02-19T03:25:06.000000;2016-02-19T03:25:06.000000;d634ca24-150a-440b-adb7-93afea1984c2;421.34;0.28;UNKNOWN
2016-02-19T03:26:35.000000;2016-02-19T03:26:35.000000;d84ccf9c-0035-4815-8044-fb7b1b0d38bf;421.23;0.24;UNKNOWN
2016-02-19T03:26:36.000000;2016-02-19T03:26:36.000000;44331978-7588-4dc8-8a31-50f4310bc8ca;421.21;0.5;UNKNOWN
2016-02-19T03:27:45.000000;2016-02-19T03:27:45.000000;bae723df-62d8-43d5-b134-c3db715aaa91;421.49;2.85;UNKNOWN
2016-02-19T03:27:57.000000;2016-02-19T03:27:57.000000;44799593-348e-43fd-bd16-c05a1a29a028;421.5;10.0;UNKNOWN
2016-02-19T03:27:57.000000;2016-02-19T03:27:57.000000;adc293ab-b87c-4118-8332-5c669d7aea3e;421.59;1.3547397;UNKNOWN
2016-02-19T03:27:57.000000;2016-02-19T03:27:57.000000;f6ee80b1-2343-4919-b5bc-3de45b8b9ebb;421.51;3.39978015;UNKNOWN
2016-02-19T03:27:57.000000;2016-02-19T03:27:57.000000;12868787-43b6-4358-a11d-1dfb8c91d1a7;421.56;3.39978015;UNKNOWN
2016-02-19T03:27:57.000000;2016-02-19T03:27:57.000000;45a70a95-0127-4e5f-9510-89826d3dbb6f;421.49;5.8457;UNKNOWN
2016-02-19T03:32:05.000000;2016-02-19T03:32:05.000000;22099476-496b-4ba0-b51e-b0004460af8e;421.5;0.25;UNKNOWN
2016-02-19T03:32:05.000000;2016-02-19T03:32:05.000000;8f29c9f3-b686-4f8e-8848-cafc66010686;421.43;1.97501486;UNKNOWN
2016-02-19T03:33:32.000000;2016-02-19T03:33:32.000000;0bb53c43-6907-4cff-ac57-4ab73ece3565;421.44;4.0;UNKNOWN
2016-02-19T03:34:55.000000;2016-02-19T03:34:55.000000;73e21275-a4bc-4eab-8a7a-f7d359b2d736;421.27;0.08895173;UNKNOWN
2016-02-19T03:34:56.000000;2016-02-19T03:34:56.000000;bdebd84a-9cf8-403d-827a-6ae404d8cdcf;421.21;0.08895173;UNKNOWN
2016-02-19T03:34:57.000000;2016-02-19T03:34:57.000000;d2e5e64c-0c5b-4cce-9d7c-db52f71d3313;421.21;0.08895173;UNKNOWN
2016-02-19T03:35:00.000000;2016-02-19T03:35:00.000000;b2969d8a-1173-4b7e-83fe-76a6437ebc4c;421.22;0.08895173;UNKNOWN
2016-02-19T03:35:00.000000;2016-02-19T03:35:00.000000;349ad8e2-c71e-4bfe-85da-fa26f99be357;421.21;0.08895173;UNKNOWN
2016-02-19T03:35:00.000000;2016-02-19T03:35:00.000000;0d23f501-ce97-42e9-b57a-6537b8c818f8;421.21;0.08895173;UNKNOWN
2016-02-19T03:37:45.000000;2016-02-19T03:37:45.000000;2e53d578-68c1-471f-a5bb-e829d8d91438;421.21;1.0;UNKNOWN
2016-02-19T03:37:49.000000;2016-02-19T03:37:49.000000;53fcb4b3-bf77-4be7-a1ab-ed46f66f2975;421.28;0.02278039;UNKNOWN
2016-02-19T03:37:49.000000;2016-02-19T03:37:49.000000;0b55a30b-2c3e-4263-8ccb-089fa655793c;421.29;0.064288;UNKNOWN
2016-02-19T03:37:49.000000;2016-02-19T03:37:49.000000;7cd967bf-8256-4236-8a51-e0a51b057f03;421.29;0.09173616;UNKNOWN
2016-02-19T03:38:09.000000;2016-02-19T03:38:09.000000;179d7763-cad0-4027-aea2-5e34414e8894;421.46;0.99161111;UNKNOWN
2016-02-19T03:38:32.000000;2016-02-19T03:38:32.000000;581237f6-815d-48a0-8cd9-31668a275fa5;421.3;0.05882121;UNKNOWN
2016-02-19T03:38:38.000000;2016-02-19T03:38:38.000000;7be973b0-5b9a-4f1c-9356-4700e901e661;421.33;0.05935433;UNKNOWN
2016-02-19T03:39:58.000000;2016-02-19T03:39:58.000000;0d11b34d-2a81-4ebe-ba7d-dd87be70683a;421.55;0.2846;UNKNOWN
2016-02-19T03:42:08.000000;2016-02-19T03:42:08.000000;29042431-8032-4bdb-be51-42ccfc7c7c49;421.52;0.3;UNKNOWN
2016-02-19T03:43:55.000000;2016-02-19T03:43:55.000000;6f81b282-a55d-4f8e-b727-b7d667413f28;421.45;0.064189;UNKNOWN
2016-02-19T03:44:42.000000;2016-02-19T03:44:42.000000;ed9727a2-6b37-480d-89a6-d0436e6f7dfd;421.44;0.02968919;UNKNOWN
2016-02-19T03:45:02.000000;2016-02-19T03:45:02.000000;c955caab-9fec-4d46-b8f8-ec5c13f39c4f;421.64;0.01;UNKNOWN
2016-02-19T03:45:02.000000;2016-02-19T03:45:02.000000;26f96978-932a-41a8-a32c-1e281d8dfe5c;421.6;0.7509;UNKNOWN
2016-02-19T03:45:02.000000;2016-02-19T03:45:02.000000;7dac6ecf-e46f-41b6-84ee-ae5629cc258f;421.45;0.30295306;UNKNOWN
2016-02-19T03:45:02.000000;2016-02-19T03:45:02.000000;e3fa5b2b-c6fc-4424-83c0-229878d77571;421.65;0.93614694;UNKNOWN
2016-02-19T03:45:05.000000;2016-02-19T03:45:05.000000;68b13e15-e110-49e2-95bf-62c021146cca;421.7;0.02443558;UNKNOWN
2016-02-19T03:46:05.000000;2016-02-19T03:46:05.000000;c0172e32-4d40-48ae-ba22-2e2da2fcbd6a;421.34;2.0;UNKNOWN
2016-02-19T03:48:10.000000;2016-02-19T03:48:10.000000;a22a2d08-5773-4e21-a12b-d46e139c5519;421.7;0.9;UNKNOWN
2016-02-19T03:48:21.000000;2016-02-19T03:48:21.000000;a34f7f87-823e-4375-8009-bdaaae903b7f;421.84;0.01;UNKNOWN
2016-02-19T03:48:21.000000;2016-02-19T03:48:21.000000;7d2c04c9-0ee5-4dd3-bc6a-f93ea7b1a8cf;421.74;0.01;UNKNOWN
2016-02-19T03:48:21.000000;2016-02-19T03:48:21.000000;7de782ed-8801-4323-9c29-42d2a9e99c67;421.93;0.23;UNKNOWN
2016-02-19T03:49:52.000000;2016-02-19T03:49:52.000000;153bd0da-edee-41ea-b991-f83c5ded741a;421.57;0.47481306;UNKNOWN
2016-02-19T03:55:22.000000;2016-02-19T03:55:22.000000;d3c4def6-1008-474c-b63a-2c46d15866dc;421.32;0.05939248;UNKNOWN
2016-02-19T03:57:32.000000;2016-02-19T03:57:32.000000;bbab1ea1-5ef6-4135-ba3d-efd4aa0fc328;421.3;0.07489409;UNKNOWN
2016-02-19T03:59:09.000000;2016-02-19T03:59:09.000000;9d2a7a0e-49c4-468e-b650-861c8511fa8b;421.59;5.8648;UNKNOWN
2016-02-19T04:00:33.000000;2016-02-19T04:00:33.000000;062d88e4-bc3b-4ecb-af00-511d193c9b18;421.59;0.2374;UNKNOWN
2016-02-19T04:01:05.000000;2016-02-19T04:01:05.000000;696092e6-826e-46b2-b3f1-80043fc32a0e;421.59;0.14860276;UNKNOWN
2016-02-19T04:03:20.000000;2016-02-19T04:03:20.000000;b36f6a40-d748-4220-a04c-59638319bff3;421.69;5.843;UNKNOWN
2016-02-19T04:03:20.000000;2016-02-19T04:03:20.000000;18877f27-4705-4103-a178-979cd74503c5;421.69;4.4999;UNKNOWN
2016-02-19T04:04:05.000000;2016-02-19T04:04:05.000000;690c2f07-98fa-44cc-8391-28a74543e90d;421.56;0.47486943;UNKNOWN
2016-02-19T04:04:22.000000;2016-02-19T04:04:22.000000;fe53dbdc-66d0-4e19-a491-28d446c40341;421.51;0.374;UNKNOWN
2016-02-19T04:08:05.000000;2016-02-19T04:08:05.000000;4b312579-6fc2-43f7-a283-7d0db49d130f;421.53;0.5;UNKNOWN
2016-02-19T04:09:05.000000;2016-02-19T04:09:05.000000;fbeabeea-49cb-4c91-a76b-54152acdb66b;421.51;0.22245458;UNKNOWN
2016-02-19T04:09:06.000000;2016-02-19T04:09:06.000000;982fdf17-a5bf-4250-bd50-1b06119734a8;421.51;2.33098403;UNKNOWN
2016-02-19T04:10:05.000000;2016-02-19T04:10:05.000000;ed0fd121-1f99-468c-a3bf-937f108a60a0;421.63;0.5;UNKNOWN
2016-02-19T04:10:05.000000;2016-02-19T04:10:05.000000;4f1052f3-0f1d-417f-aa2b-d683e26750f3;421.63;0.55948837;UNKNOWN
2016-02-19T04:11:42.000000;2016-02-19T04:11:42.000000;c74db313-9fa5-44eb-a64a-84d3bda55795;421.5;0.71755;UNKNOWN
2016-02-19T04:12:05.000000;2016-02-19T04:12:05.000000;f926a9f2-34fe-4566-938e-5e8dbb91d368;421.5;0.358;UNKNOWN
2016-02-19T04:12:35.000000;2016-02-19T04:12:35.000000;84b3ee54-3e88-4a22-8143-758ec3d941b9;421.63;2.0;UNKNOWN
2016-02-19T04:12:39.000000;2016-02-19T04:12:39.000000;4672fa8f-a003-49ad-84b3-81d508fe6da6;421.62;1.0;UNKNOWN
2016-02-19T04:13:10.000000;2016-02-19T04:13:10.000000;d2e8f7ae-cf68-4d28-9e78-188dc95ba105;421.5;0.03659045;UNKNOWN
2016-02-19T04:14:40.000000;2016-02-19T04:14:40.000000;b6adf656-54e1-4e99-9e12-944c9415754f;421.63;0.28812894;UNKNOWN
2016-02-19T04:15:05.000000;2016-02-19T04:15:05.000000;8b37f5c2-9487-4c22-901f-3cfd03aa7d4e;421.63;0.20938159;UNKNOWN
2016-02-19T04:16:37.000000;2016-02-19T04:16:37.000000;4071a3f7-7864-4a50-a556-d0861d375cfb;421.63;3.0;UNKNOWN
2016-02-19T04:17:05.000000;2016-02-19T04:17:05.000000;32cd87c1-b895-4303-81c5-db471e3d2e66;421.5;1.46091939;UNKNOWN
2016-02-19T04:17:05.000000;2016-02-19T04:17:05.000000;9142e3e8-630d-4ce7-ae1a-888441558c5b;421.62;0.0365;UNKNOWN
2016-02-19T04:18:32.000000;2016-02-19T04:18:32.000000;1b110d89-4828-4fee-99bc-ce19d5969ce3;421.5;0.11460915;UNKNOWN
2016-02-19T04:19:28.000000;2016-02-19T04:19:28.000000;1a3dbddc-2944-43af-bf7e-3430368ffff0;421.5;0.237;UNKNOWN
2016-02-19T04:22:05.000000;2016-02-19T04:22:05.000000;e658b2fb-41df-44d4-be90-4579ddfb9319;421.5;0.02021076;UNKNOWN
2016-02-19T04:23:04.000000;2016-02-19T04:23:04.000000;b8f7b9a4-cd5d-4f1b-b649-778e40aeb63b;421.5;0.05189;UNKNOWN
2016-02-19T04:25:05.000000;2016-02-19T04:25:05.000000;9524b8ed-655e-4690-853d-8fa1c649f247;421.51;0.71107529;UNKNOWN
2016-02-19T04:25:05.000000;2016-02-19T04:25:05.000000;38cae643-c683-4611-b13f-44c48406bf0b;421.51;0.02380049;UNKNOWN
2016-02-19T04:25:07.000000;2016-02-19T04:25:07.000000;f489c372-bae5-43b0-8fb9-f86e30a53ba3;421.51;0.01;UNKNOWN
2016-02-19T04:26:17.000000;2016-02-19T04:26:17.000000;2bdde045-941e-493d-b40c-258d7258102f;421.51;2.68522864;UNKNOWN
2016-02-19T04:26:17.000000;2016-02-19T04:26:17.000000;30c7f6cd-29dc-4bdb-aaa7-643d9f5892dd;421.51;3.40761944;UNKNOWN
2016-02-19T04:26:17.000000;2016-02-19T04:26:17.000000;43aea285-d9c2-49a8-8514-8ece98a65851;421.51;3.40761944;UNKNOWN
2016-02-19T04:26:17.000000;2016-02-19T04:26:17.000000;b9461091-b31f-4f1a-b28e-f06e6d788219;421.51;3.40761944;UNKNOWN
2016-02-19T04:26:17.000000;2016-02-19T04:26:17.000000;d0efb9e6-c144-4c33-8c8c-7b41dc33ac23;421.51;3.40765814;UNKNOWN
2016-02-19T04:26:17.000000;2016-02-19T04:26:17.000000;78de8681-2ee0-4cc4-a421-35da384b87a4;421.51;3.40761944;UNKNOWN
2016-02-19T04:26:17.000000;2016-02-19T04:26:17.000000;7d406de0-bdf7-4c3e-9009-d5e15c5dda43;421.51;3.40765814;UNKNOWN
2016-02-19T04:26:17.000000;2016-02-19T04:26:17.000000;c1056293-12f0-4179-85bf-aaa8d421e5b2;421.51;3.40769685;UNKNOWN
2016-02-19T04:26:17.000000;2016-02-19T04:26:17.000000;aa6b9d5e-9ac6-4ac5-97e1-1afb1f881639;421.51;5.9022;UNKNOWN
2016-02-19T04:26:17.000000;2016-02-19T04:26:17.000000;95257d81-666c-4081-9af4-566f87973a2c;421.51;3.40761944;UNKNOWN
2016-02-19T04:26:22.000000;2016-02-19T04:26:22.000000;c42c6afd-d924-447c-bf94-00bb630440e3;421.52;0.5;UNKNOWN
2016-02-19T04:26:22.000000;2016-02-19T04:26:22.000000;2bb45c15-c071-490c-9ddf-71286f4c6729;421.52;2.90676811;UNKNOWN
2016-02-19T04:29:23.000000;2016-02-19T04:29:23.000000;02a89cb3-ca84-453f-b50e-f1f1bc1a902c;421.51;0.12843036;UNKNOWN
2016-02-19T04:32:05.000000;2016-02-19T04:32:05.000000;377f1676-fa79-4338-ac30-08a8c2e912a0;421.51;1.4;UNKNOWN
2016-02-19T04:35:08.000000;2016-02-19T04:35:08.000000;f61b2670-a819-4df9-9bc4-47aaf59b169e;421.51;0.17810982;UNKNOWN
2016-02-19T04:36:46.000000;2016-02-19T04:36:46.000000;72e860da-9239-47cf-8f86-38401418cceb;421.51;1.0;UNKNOWN
2016-02-19T04:37:04.000000;2016-02-19T04:37:04.000000;3c96cb3e-1e0a-41cc-8615-9ab917a3b9ab;421.51;0.59334152;UNKNOWN
2016-02-19T04:37:18.000000;2016-02-19T04:37:18.000000;10724c11-36d7-4f76-b913-29db5e4c6282;421.51;0.5;UNKNOWN
2016-02-19T04:37:31.000000;2016-02-19T04:37:31.000000;8bcf4d36-42ed-40de-87ed-c1ede3ff5ad6;421.51;1.3494;UNKNOWN
2016-02-19T04:37:46.000000;2016-02-19T04:37:46.000000;f4415d4f-32b2-457a-8bef-cb5861d6aae1;421.52;0.893547;UNKNOWN
2016-02-19T04:37:46.000000;2016-02-19T04:37:46.000000;1c53a80a-aafe-4d73-acfa-0099278b0c15;421.51;0.7011;UNKNOWN
2016-02-19T04:37:49.000000;2016-02-19T04:37:49.000000;74531234-3db3-4066-9f11-b3e1e44beb89;421.51;0.70107933;UNKNOWN
2016-02-19T04:37:59.000000;2016-02-19T04:37:59.000000;305a0a02-3264-426c-8cf7-d652b228501c;421.5;6.7582;UNKNOWN
2016-02-19T04:38:07.000000;2016-02-19T04:38:07.000000;85eb4d60-843b-4b4c-8a92-fc739cd9f37c;421.5;3.4965;UNKNOWN
2016-02-19T04:38:56.000000;2016-02-19T04:38:56.000000;b022d894-17e2-4c18-928f-30880cbe23d8;421.51;0.41100833;UNKNOWN
2016-02-19T04:38:56.000000;2016-02-19T04:38:56.000000;d7fe6358-093f-43f2-b4bf-dc04ae59736a;421.51;0.29892067;UNKNOWN
2016-02-19T04:44:05.000000;2016-02-19T04:44:05.000000;59e45a35-3cc4-41cb-b2cd-66390ac87bd4;421.5;0.8790959;UNKNOWN
2016-02-19T04:45:04.000000;2016-02-19T04:45:04.000000;f507c576-2856-43d5-a04c-9ad45d1e61a5;421.35;7.13056565;UNKNOWN
2016-02-19T04:45:04.000000;2016-02-19T04:45:04.000000;74cb1fae-4eb6-4009-a52e-7fad93e29fbb;421.5;2.86943435;UNKNOWN
2016-02-19T04:45:37.000000;2016-02-19T04:45:37.000000;87943abd-2b5c-40a4-8075-7176946b6747;421.35;0.02374854;UNKNOWN
2016-02-19T04:47:05.000000;2016-02-19T04:47:05.000000;57d604db-c6e2-4e88-9bd4-9359c5b27476;421.35;2.47184213;UNKNOWN
2016-02-19T04:47:06.000000;2016-02-19T04:47:06.000000;aea6d453-5027-4122-a9f7-2be626c5d807;421.36;0.45404123;UNKNOWN
2016-02-19T04:47:32.000000;2016-02-19T04:47:32.000000;e4a8e68f-6a14-4de6-83fa-0625e405fd70;421.35;0.71484;UNKNOWN
2016-02-19T04:48:05.000000;2016-02-19T04:48:05.000000;e042e831-531e-40e0-b466-2c46efdf03fe;421.35;1.2;UNKNOWN
2016-02-19T04:54:50.000000;2016-02-19T04:54:50.000000;ccbfc3be-8da4-4a9a-bd44-b692341275c3;421.35;0.8606752;UNKNOWN
2016-02-19T04:55:05.000000;2016-02-19T04:55:05.000000;c36cff39-abc2-49e6-8d25-9f8bcb27ba11;421.36;2.09498344;UNKNOWN
2016-02-19T04:55:06.000000;2016-02-19T04:55:06.000000;298ade1d-e9da-436e-8d88-fdad8447e471;421.36;0.35763674;UNKNOWN
2016-02-19T04:55:34.000000;2016-02-19T04:55:34.000000;d7097ae1-3df1-4021-bf8c-18661bd26d78;421.35;0.023977;UNKNOWN
2016-02-19T04:59:12.000000;2016-02-19T04:59:12.000000;384fbba9-98f2-41f2-919f-599a20d16ced;421.35;0.20193443;UNKNOWN
2016-02-19T05:02:05.000000;2016-02-19T05:02:05.000000;d80f94b4-7747-43e4-9725-1d345828362b;421.35;0.32717;UNKNOWN
2016-02-19T05:02:06.000000;2016-02-19T05:02:06.000000;ed1f931f-551f-4785-8f1d-495b27c62345;421.36;0.181;UNKNOWN
2016-02-19T05:02:06.000000;2016-02-19T05:02:06.000000;e783c015-3548-4b97-bfb4-014010d3586b;421.36;2.50554114;UNKNOWN
2016-02-19T05:02:06.000000;2016-02-19T05:02:06.000000;f52ed7ef-d887-4911-a019-aa364f9fc88b;421.36;3.40672943;UNKNOWN
2016-02-19T05:02:06.000000;2016-02-19T05:02:06.000000;f71f4bf6-0006-4eb9-834a-4ea3e11c10e7;421.36;3.40672943;UNKNOWN
2016-02-19T05:02:07.000000;2016-02-19T05:02:07.000000;8f248fdd-3cf8-4b78-958a-eb7102913c1c;421.36;0.90200089;UNKNOWN
2016-02-19T05:02:07.000000;2016-02-19T05:02:07.000000;06b74f4f-0dc6-488c-a692-e6ddff53dce6;421.36;0.29799911;UNKNOWN
2016-02-19T05:02:41.000000;2016-02-19T05:02:41.000000;e78bc171-8a3d-4d83-953f-95e424055e7b;421.37;0.15442045;UNKNOWN
2016-02-19T05:03:27.000000;2016-02-19T05:03:27.000000;bd227f56-f50d-4295-96af-4a11cf069b72;421.36;0.0421272;UNKNOWN
2016-02-19T05:07:05.000000;2016-02-19T05:07:05.000000;904f8890-22bc-45ab-a7c1-92a124a41f6b;421.45;2.0;UNKNOWN
2016-02-19T05:10:23.000000;2016-02-19T05:10:23.000000;fcf203e9-b205-4e91-9937-697c48244a30;421.51;0.58899167;UNKNOWN
2016-02-19T05:10:23.000000;2016-02-19T05:10:23.000000;273a2bf7-88af-4d53-aec7-7861ad4b1e59;421.92;0.26042883;UNKNOWN
2016-02-19T05:10:23.000000;2016-02-19T05:10:23.000000;cc027ecd-f534-41e5-871b-795f757799b4;421.7;0.0227795;UNKNOWN
2016-02-19T05:10:23.000000;2016-02-19T05:10:23.000000;9a13c6f2-5148-450a-a7d4-c13cf2e5eb43;421.89;0.2;UNKNOWN
2016-02-19T05:10:42.000000;2016-02-19T05:10:42.000000;527156f1-4dff-45d3-852d-c2f2b0444aa6;422.0;1.5;UNKNOWN
2016-02-19T05:10:42.000000;2016-02-19T05:10:42.000000;7a65cc7d-9dd9-4459-b0b5-08b1f064d3c6;421.94;0.01;UNKNOWN
2016-02-19T05:10:42.000000;2016-02-19T05:10:42.000000;be902aba-9635-4046-9b88-0bb3f1f555e8;422.01;0.49;UNKNOWN
2016-02-19T05:10:42.000000;2016-02-19T05:10:42.000000;175f18b6-eadd-42f4-99d9-008dc1d4a741;422.0;1.5;UNKNOWN
2016-02-19T05:10:42.000000;2016-02-19T05:10:42.000000;91d00e76-503e-4e54-800e-58b78d096a65;421.98;5.0;UNKNOWN
2016-02-19T05:10:42.000000;2016-02-19T05:10:42.000000;fe8c3f2f-d7e2-4b3e-8275-c5b1662cc12c;421.95;11.5;UNKNOWN
2016-02-19T05:12:05.000000;2016-02-19T05:12:05.000000;8df0f665-0e44-49a5-8601-f73bfb35c473;422.0;2.0;UNKNOWN
2016-02-19T05:12:42.000000;2016-02-19T05:12:42.000000;103024ef-15ff-4df8-b636-b89256127cc3;421.55;5.8736;UNKNOWN
2016-02-19T05:12:42.000000;2016-02-19T05:12:42.000000;24f3869f-664e-4611-9fa2-4e94d8b2b982;421.37;10.1854;UNKNOWN
2016-02-19T05:12:42.000000;2016-02-19T05:12:42.000000;f9e3f979-4806-468f-8491-7904643a5a86;421.54;13.941;UNKNOWN
2016-02-19T05:13:02.000000;2016-02-19T05:13:02.000000;5c76dc29-f23e-409c-a0c6-4646cb8a627c;421.36;0.19931279;UNKNOWN
2016-02-19T05:13:43.000000;2016-02-19T05:13:43.000000;f7fa7975-0a64-4c6f-89fa-d3ddede0ea8f;421.35;2.1505;UNKNOWN
2016-02-19T05:13:43.000000;2016-02-19T05:13:43.000000;dd6d20c9-ea55-40b8-bea7-e77a20660161;421.36;5.8495;UNKNOWN
2016-02-19T05:14:07.000000;2016-02-19T05:14:07.000000;1d58a7eb-61c6-4d04-818a-aa7f7ba8c05e;421.37;1.0;UNKNOWN
2016-02-19T05:14:08.000000;2016-02-19T05:14:08.000000;4e8490c4-bd68-42d9-bdd0-36c36388908e;421.37;0.06;UNKNOWN
2016-02-19T05:14:12.000000;2016-02-19T05:14:12.000000;545e964a-c88c-41e1-b1ba-0983ca96b4d8;421.37;1.0;UNKNOWN
2016-02-19T05:14:20.000000;2016-02-19T05:14:20.000000;5d50fe72-eefa-4445-bf92-2223c37e3c69;421.37;1.3;UNKNOWN
2016-02-19T05:14:34.000000;2016-02-19T05:14:34.000000;d26f69d8-2df7-449a-9974-d0f6b702e694;421.37;1.0;UNKNOWN
2016-02-19T05:14:56.000000;2016-02-19T05:14:56.000000;9a4fdae3-cc1b-4124-8a0a-b6a7c904d11c;421.38;0.02;UNKNOWN
2016-02-19T05:15:12.000000;2016-02-19T05:15:12.000000;9f3d9826-079c-4577-a7b3-a7939b3f328e;421.5;2.6903;UNKNOWN
2016-02-19T05:17:05.000000;2016-02-19T05:17:05.000000;dd2ed758-69cf-44a1-a175-1826ec985261;421.5;5.3097;UNKNOWN
2016-02-19T05:17:05.000000;2016-02-19T05:17:05.000000;d4da54c0-ee90-417a-a98a-dfd0bd5d8a10;421.5;1.07977393;UNKNOWN
2016-02-19T05:17:06.000000;2016-02-19T05:17:06.000000;cc94c118-a495-43d2-a81f-c78804940169;421.75;0.12569024;UNKNOWN
2016-02-19T05:17:06.000000;2016-02-19T05:17:06.000000;9e1d77d6-3d8f-42ad-bb98-a70ce181f43f;421.5;0.92022607;UNKNOWN
2016-02-19T05:18:05.000000;2016-02-19T05:18:05.000000;7fe1acd7-6b3d-49a2-9fc5-983c01599896;421.45;1.00834356;UNKNOWN
2016-02-19T05:18:36.000000;2016-02-19T05:18:36.000000;07c7b55d-64cb-4dd1-a663-670d526dd790;421.39;1.0;UNKNOWN
2016-02-19T05:21:27.000000;2016-02-19T05:21:27.000000;161543fd-c24d-42cb-acfc-563ddcd4ca0b;421.4;0.0032;UNKNOWN
2016-02-19T05:21:32.000000;2016-02-19T05:21:32.000000;e525fbd8-70df-4636-bcdc-37688012b06b;421.4;0.09342477;UNKNOWN
2016-02-19T05:21:54.000000;2016-02-19T05:21:54.000000;00b81b56-85cc-46c8-a2a5-8962f44495cc;421.4;5.0;UNKNOWN
2016-02-19T05:22:06.000000;2016-02-19T05:22:06.000000;7264b868-3963-488e-a5cc-62702c1fedd7;421.45;0.03496565;UNKNOWN
2016-02-19T05:22:07.000000;2016-02-19T05:22:07.000000;a86b804c-0ca0-40f4-94d8-40246f5464f0;421.45;0.59333552;UNKNOWN
2016-02-19T05:22:25.000000;2016-02-19T05:22:25.000000;f783692f-b227-4398-a260-18d63d8db7a8;421.44;0.34;UNKNOWN
2016-02-19T05:22:25.000000;2016-02-19T05:22:25.000000;847e3a2d-623a-4c9f-a46c-f72be03c7123;421.44;8.1543;UNKNOWN
2016-02-19T05:22:29.000000;2016-02-19T05:22:29.000000;8fa76e08-6c2b-4d0e-b86f-f66ce683516e;421.45;0.37169883;UNKNOWN
2016-02-19T05:23:33.000000;2016-02-19T05:23:33.000000;d497696b-3838-4bff-bb73-6e74709ae7ff;421.9;0.6830117;UNKNOWN
2016-02-19T05:24:59.000000;2016-02-19T05:24:59.000000;b672d2b1-a1ae-4e9d-b206-a93249cd8af9;421.92;7.591;UNKNOWN
2016-02-19T05:24:59.000000;2016-02-19T05:24:59.000000;8518fbf6-13f9-4f80-923a-2ff168f4a747;421.76;0.5;UNKNOWN
2016-02-19T05:24:59.000000;2016-02-19T05:24:59.000000;72041155-9014-4166-8f46-a12c96c1957f;421.92;6.0;UNKNOWN
2016-02-19T05:24:59.000000;2016-02-19T05:24:59.000000;8849fbc1-2602-4f8a-b164-99669cb7c44e;421.91;5.909;UNKNOWN
2016-02-19T05:25:05.000000;2016-02-19T05:25:05.000000;733baaee-2d49-4369-91ad-32e8e65c52f4;421.71;1.21734015;UNKNOWN
2016-02-19T05:25:06.000000;2016-02-19T05:25:06.000000;eba8e26a-29e6-4da7-9f97-a41cd16878b3;421.94;0.02368209;UNKNOWN
2016-02-19T05:25:07.000000;2016-02-19T05:25:07.000000;4abbd96e-7d19-4dc7-b90f-195cd08efe10;421.93;0.63915299;UNKNOWN
2016-02-19T05:25:17.000000;2016-02-19T05:25:17.000000;d24fd2ee-f07a-4abd-acd9-4687ec6d09ac;421.93;0.14422005;UNKNOWN
2016-02-19T05:27:05.000000;2016-02-19T05:27:05.000000;8c1dddba-3838-4c24-9e42-1522f4afe168;421.93;0.95676368;UNKNOWN
2016-02-19T05:27:43.000000;2016-02-19T05:27:43.000000;c32becbd-e8a0-4482-a075-fec0ba25bbeb;421.76;0.0113984;UNKNOWN
2016-02-19T05:27:52.000000;2016-02-19T05:27:52.000000;3aba9734-b137-4fdd-baff-05d927d9a52d;422.04;0.01;UNKNOWN
2016-02-19T05:27:52.000000;2016-02-19T05:27:52.000000;6bd056dc-83dd-4b13-96b6-b4d74bab67c0;421.94;0.97631791;UNKNOWN
2016-02-19T05:27:52.000000;2016-02-19T05:27:52.000000;e3e85465-486b-48ab-9f9e-be7c7a1ece73;422.0;0.2;UNKNOWN
2016-02-19T05:27:52.000000;2016-02-19T05:27:52.000000;5b2eb1f2-12e0-4e9e-a4df-bf6ebdaa8d54;422.2;8.83764577;UNKNOWN
2016-02-19T05:27:52.000000;2016-02-19T05:27:52.000000;38fcb958-6274-4f65-83ee-c2ef5303bbbb;422.14;0.01;UNKNOWN
2016-02-19T05:27:52.000000;2016-02-19T05:27:52.000000;88b317eb-4cd8-42a5-8260-dd2efac2c697;421.93;4.96603632;UNKNOWN
2016-02-19T05:27:57.000000;2016-02-19T05:27:57.000000;4bdd9414-408d-4324-8059-f48cb86faeba;421.72;0.68711721;UNKNOWN
2016-02-19T05:27:57.000000;2016-02-19T05:27:57.000000;ca8a85ce-653b-49c5-b763-dda183249c84;421.72;0.5;UNKNOWN
2016-02-19T05:29:07.000000;2016-02-19T05:29:07.000000;3e0ba3ac-5492-4c26-b263-9545bb418e3e;422.01;0.5;UNKNOWN
2016-02-19T05:29:07.000000;2016-02-19T05:29:07.000000;ca1fd5e7-2296-483a-9ee1-51cfdcaa1444;421.79;1.5;UNKNOWN
2016-02-19T05:29:07.000000;2016-02-19T05:29:07.000000;743f420a-4828-4120-8a96-7fd5e255d40f;422.0;3.0;UNKNOWN
2016-02-19T05:29:48.000000;2016-02-19T05:29:48.000000;932ab238-00c0-4bd4-87c4-40c259fe189c;422.1;1.528;UNKNOWN
2016-02-19T05:34:49.000000;2016-02-19T05:34:49.000000;7210f878-0124-413a-aa4b-86b43cb3ff81;421.99;5.8853;UNKNOWN
2016-02-19T05:35:05.000000;2016-02-19T05:35:05.000000;5160fa1f-88ec-4d97-9ee0-edc06290980d;421.99;1.7041313;UNKNOWN
2016-02-19T05:35:06.000000;2016-02-19T05:35:06.000000;d40fb196-6a94-42db-812c-7e3f9ab07e4c;422.0;0.18937489;UNKNOWN
2016-02-19T05:35:08.000000;2016-02-19T05:35:08.000000;f245528a-ef1c-4ab3-a6cd-017487142cfb;421.99;4.4105687;UNKNOWN
2016-02-19T05:35:17.000000;2016-02-19T05:35:17.000000;dc54ec17-e539-4790-9988-fdcc9e2d441a;421.52;14.6058;UNKNOWN
2016-02-19T05:35:17.000000;2016-02-19T05:35:17.000000;c3b6d5be-0b33-4acb-8f2c-bd6518c488c5;421.38;13.3899;UNKNOWN
2016-02-19T05:35:17.000000;2016-02-19T05:35:17.000000;eec6b808-9108-446f-b1ac-af9fbb19b78d;421.56;5.9103;UNKNOWN
2016-02-19T05:35:17.000000;2016-02-19T05:35:17.000000;886413e4-e5b9-4f20-9525-d3ba06fe7b62;421.35;1.89474705;UNKNOWN
2016-02-19T05:35:17.000000;2016-02-19T05:35:17.000000;24ec5482-4ae8-48cb-873a-3e7d348de130;421.45;0.2;UNKNOWN
2016-02-19T05:35:17.000000;2016-02-19T05:35:17.000000;17a7cb40-3ed1-44e8-9fcf-75d5101aa654;421.35;14.6414;UNKNOWN
2016-02-19T05:35:39.000000;2016-02-19T05:35:39.000000;7d40870e-7313-4a7b-bc9a-3eeb590fb30d;421.29;6.82119545;UNKNOWN
2016-02-19T05:36:04.000000;2016-02-19T05:36:04.000000;1098277d-f2d6-4ca4-bf77-5aeeea361686;421.2;8.45;UNKNOWN
