time_exchange;time_coinpai;guid;price;base_amount;taker_side
2016-03-15T00:17:37.000000;2016-03-15T00:17:37.573000;82b1f443-ca96-4ae9-b59f-b59a4aec1f9f;12.572;0.3977047;SELL
2016-03-15T00:17:41.000000;2016-03-15T00:17:41.843000;6c41b7d3-cfb8-4b75-8909-9a6043007b59;12.61;0.3977047;BUY
2016-03-15T00:28:29.000000;2016-03-15T00:28:29.610000;30ba3bb7-e3b0-45d0-876f-de5d4b4b5b5f;12.628;0.17085529;SELL
2016-03-15T00:32:31.000000;2016-03-15T00:32:31.577000;7f50dde2-4f7b-404a-9b4e-9bc3e4416537;12.7;0.98953904;BUY
2016-03-15T00:35:30.000000;2016-03-15T00:35:31.427000;db2e20fd-65b7-4ce0-a159-5e01684c2f06;12.913;0.74970413;BUY
2016-03-15T00:35:30.000000;2016-03-15T00:35:31.430000;684b8ca4-9f09-4fa3-8eb2-d37bc3719289;12.914;0.18190108;BUY
2016-03-15T00:45:31.000000;2016-03-15T00:45:31.857000;0eff020e-504c-4b65-a75a-133f80a6edb8;12.715;0.17085529;SELL
2016-03-15T00:47:09.000000;2016-03-15T00:47:09.177000;3d167f36-4385-4918-8a95-57b4acfcf5b1;12.792;0.39556554;SELL
2016-03-15T00:47:12.000000;2016-03-15T00:47:12.920000;90b56690-9bc0-4351-b8c4-4ad50c6e1a12;12.715;0.29236659;SELL
2016-03-15T00:47:13.000000;2016-03-15T00:47:13.443000;10627ee4-5920-4021-b936-d01dd6f65c30;12.715;1.69380212;SELL
2016-03-15T00:47:13.000000;2016-03-15T00:47:13.447000;6a86be73-61f5-4689-9986-8ace2aee8626;12.713;15.49085632;SELL
2016-03-15T00:47:14.000000;2016-03-15T00:47:14.137000;bad913d6-3d36-42f0-8188-fe7abe1f688b;12.715;1.37350085;SELL
2016-03-15T00:47:14.000000;2016-03-15T00:47:14.140000;d1245354-9820-4736-9347-0c1773f32fe1;12.713;0.86797634;SELL
2016-03-15T00:52:55.000000;2016-03-15T00:52:55.883000;52302d6f-32a8-4f31-96e6-bd40207b72c1;12.677;4.42683838;SELL
2016-03-15T00:52:55.000000;2016-03-15T00:52:55.953000;a60313fd-7aaa-4fd1-bcea-d925ca6a403e;12.677;0.5774137;SELL
2016-03-15T00:52:56.000000;2016-03-15T00:52:56.420000;84281656-b4a2-4be5-9f11-738ff4832993;12.677;1.46605215;SELL
2016-03-15T00:52:57.000000;2016-03-15T00:52:57.050000;498f80a2-1261-4ecb-bb6d-c50cdd259974;12.677;1.68931165;SELL
2016-03-15T00:52:57.000000;2016-03-15T00:52:57.320000;219b0b92-42d8-4b10-bd13-e5958683e148;12.677;0.63179998;SELL
2016-03-15T00:52:57.000000;2016-03-15T00:52:57.593000;7a55d747-11d4-4176-826b-39e972be66a6;12.677;4.84379983;SELL
2016-03-15T00:52:58.000000;2016-03-15T00:52:58.237000;296a50fa-3afb-4b50-800f-a9887f5c7bed;12.677;6.31257215;SELL
2016-03-15T00:52:58.000000;2016-03-15T00:52:58.307000;b4939ee5-3431-4aed-89db-a0e75c0ca9cd;12.677;0.82337897;SELL
2016-03-15T00:52:59.000000;2016-03-15T00:52:59.200000;8b4b9d85-ae7d-4840-aad6-40841665069f;12.677;0.59477142;SELL
2016-03-15T00:53:00.000000;2016-03-15T00:53:00.727000;b49941a6-dd28-4264-8c2d-9bd5bef8ddfb;12.677;2.32851363;SELL
2016-03-15T00:53:01.000000;2016-03-15T00:53:02.483000;576a1cbe-06bf-4148-aa3f-6ccc8efe3071;12.677;4.15982475;SELL
2016-03-15T00:53:02.000000;2016-03-15T00:53:02.523000;d1c26f1a-428c-409d-b0a3-56c738c2276a;12.677;0.54258583;SELL
2016-03-15T00:53:04.000000;2016-03-15T00:53:04.597000;bc00fdf5-2602-4482-b3c5-67f3634f9ed5;12.677;4.55991418;SELL
2016-03-15T00:53:07.000000;2016-03-15T00:53:07.490000;af684789-f3b7-4918-aab6-2a52169481f8;12.677;4.15982475;SELL
2016-03-15T00:53:07.000000;2016-03-15T00:53:07.693000;a890c093-adf3-4859-bb16-7d62fc6b3a14;12.677;0.54258583;SELL
2016-03-15T00:53:08.000000;2016-03-15T00:53:08.480000;64ef301b-0084-40c3-b079-80c3693fcb34;12.677;2.19796603;SELL
2016-03-15T00:53:09.000000;2016-03-15T00:53:09.710000;31511874-c103-4c39-89c1-cd3537a71fbc;12.677;2.0898709;SELL
2016-03-15T00:53:11.000000;2016-03-15T00:53:11.100000;68a4d661-ef19-4c99-a41d-50e5ec2b1402;12.677;2.09327379;SELL
2016-03-15T00:53:12.000000;2016-03-15T00:53:12.137000;40a05b27-b1a4-432b-8a46-44787f763f92;12.677;2.09145173;SELL
2016-03-15T00:53:13.000000;2016-03-15T00:53:14.687000;e413474a-74e3-41d9-a537-7590118fabf3;12.677;0.7056857;SELL
2016-03-15T00:53:16.000000;2016-03-15T00:53:17.350000;b2d6ab2d-bd96-4190-baae-acd7c34a97a7;12.677;1.66724682;SELL
2016-03-15T00:53:20.000000;2016-03-15T00:53:21.023000;1a59a696-c242-4d2c-8b9c-265ef81e7ce0;12.677;3.63791783;SELL
2016-03-15T00:53:22.000000;2016-03-15T00:53:22.800000;b1929768-2527-4447-ad92-4e81281b2701;12.633;0.92199635;SELL
2016-03-15T00:53:45.000000;2016-03-15T00:53:45.187000;7f2b00f2-9728-464b-b99d-d7965322e232;12.633;0.43805589;SELL
2016-03-15T00:54:22.000000;2016-03-15T00:54:22.157000;31e4d08d-7ff7-4f3a-807a-b11104a72adb;12.665;0.931044;BUY
2016-03-15T00:54:22.000000;2016-03-15T00:54:22.163000;c29a9161-39a9-4945-aa0d-209cfad3cfb1;12.673;2.140551;BUY
2016-03-15T00:54:22.000000;2016-03-15T00:54:22.167000;d83ee8fe-05ab-4168-a49c-3f45429974cf;12.675;24.628405;BUY
2016-03-15T00:56:15.000000;2016-03-15T00:56:15.523000;f3c54d6a-7a5d-4009-8a54-376974c5f48d;12.633;0.51167656;SELL
2016-03-15T00:56:18.000000;2016-03-15T00:56:18.400000;88b29b8f-ec4f-449f-8e36-7a5e402b8121;12.633;0.2463602;SELL
2016-03-15T00:56:24.000000;2016-03-15T00:56:24.787000;d274944c-3764-4928-9fd5-2dbdfb5c406c;12.633;0.51167656;BUY
2016-03-15T00:56:24.000000;2016-03-15T00:56:24.793000;bd77d8a6-7039-4223-9ae4-789815607e84;12.664;0.76584792;BUY
2016-03-15T00:56:24.000000;2016-03-15T00:56:24.800000;cdb678a6-d418-469d-b425-013e51eae7f5;12.665;0.866928;BUY
2016-03-15T00:56:24.000000;2016-03-15T00:56:24.850000;a6a03c9e-8c8f-4cb3-84ba-c8c021562761;12.665;0.95554752;BUY
2016-03-15T01:00:43.000000;2016-03-15T01:00:43.797000;eccb9374-d92d-4a90-9a2a-af62c772b71f;12.571;0.77944978;BUY
2016-03-15T01:00:47.000000;2016-03-15T01:00:47.687000;acf48654-e7aa-4ac0-9568-7ced2a687855;12.571;0.77944978;BUY
2016-03-15T01:00:51.000000;2016-03-15T01:00:52.000000;baee61c5-defe-4aac-a9e1-2ef703431c75;12.571;0.52406594;BUY
2016-03-15T01:00:57.000000;2016-03-15T01:00:57.407000;4ee65782-5243-4c01-8533-ff14f559c964;12.571;0.0547095;BUY
2016-03-15T01:00:57.000000;2016-03-15T01:00:57.410000;94b2fbf8-67e8-46e0-9f73-982fe9fb0309;12.576;2.4203894;BUY
2016-03-15T01:01:01.000000;2016-03-15T01:01:01.443000;e5207603-1ef8-4503-806d-b21dbcfd1263;12.576;4.015235;BUY
2016-03-15T01:01:02.000000;2016-03-15T01:01:02.763000;9d3647c4-da16-4e73-909a-3487b01ff435;12.576;0.52387164;BUY
2016-03-15T01:01:05.000000;2016-03-15T01:01:05.410000;810aa5ac-52c3-4048-aea3-bb7d6264fdd4;12.576;0.52367742;BUY
2016-03-15T01:01:07.000000;2016-03-15T01:01:07.237000;b9bf87a5-d607-4656-956f-1dea2a078ef2;12.576;0.77367602;BUY
2016-03-15T01:01:07.000000;2016-03-15T01:01:07.620000;e6db48e6-9220-4c43-897a-e4480e14ab17;12.576;0.55628593;BUY
2016-03-15T01:01:08.000000;2016-03-15T01:01:08.160000;e459843b-9671-4cf8-8813-ce990bb49fcc;12.576;3.92753229;BUY
2016-03-15T01:01:08.000000;2016-03-15T01:01:08.780000;87502809-b6d6-43d7-b3df-8b1c335153da;12.576;0.77251838;BUY
2016-03-15T01:01:09.000000;2016-03-15T01:01:09.147000;2ba4de04-3ca5-4ec5-9df3-67219fbce923;12.576;0.77367603;BUY
2016-03-15T01:01:10.000000;2016-03-15T01:01:11.017000;49e6b632-8051-4014-a1d9-7d224d3502db;12.576;51.39821392;BUY
2016-03-15T01:01:12.000000;2016-03-15T01:01:12.227000;995bf106-5776-4bbb-9462-4889ec019af5;12.576;2.81632397;BUY
2016-03-15T01:16:37.000000;2016-03-15T01:16:38.023000;fadb5074-81b2-400c-8231-21ac982c9455;12.756;3.19981948;SELL
2016-03-15T01:16:38.000000;2016-03-15T01:16:38.243000;69da7328-80dd-4d37-93e7-e0bdbf88c456;12.756;0.00018052;SELL
2016-03-15T01:22:54.000000;2016-03-15T01:22:54.400000;e58da8cc-a600-4ea3-a7ae-92384b15e46b;12.625;16.9114094;SELL
2016-03-15T01:27:16.000000;2016-03-15T01:27:16.303000;f8eda981-3493-47a1-89ca-9dd675c106b2;12.711;0.32815299;BUY
2016-03-15T01:27:17.000000;2016-03-15T01:27:17.337000;b0633b68-ac5b-4d4c-a920-7421d964632e;12.628;0.15691452;SELL
2016-03-15T01:41:23.000000;2016-03-15T01:41:24.380000;ac2cb2e2-57da-475a-9894-23730c82e067;12.628;0.56135809;SELL
2016-03-15T01:41:37.000000;2016-03-15T01:41:37.893000;a7dbbfc9-13b4-4de1-a844-bfbdd614a79e;12.628;3.86183295;SELL
2016-03-15T01:41:45.000000;2016-03-15T01:41:45.517000;4ce8ad65-ecc4-4b9c-bd23-55d72a8df94d;12.628;2.09796076;SELL
2016-03-15T01:41:48.000000;2016-03-15T01:41:48.557000;f1206837-4527-4bcb-85e8-743b5404d215;12.628;3.4788482;SELL
2016-03-15T01:41:48.000000;2016-03-15T01:41:48.563000;0f5d792c-c237-4a2e-af9e-b5352ba8f064;12.628;2.40730647;SELL
2016-03-15T01:41:53.000000;2016-03-15T01:41:53.653000;bbe53da7-7c80-4d2f-867b-c0e79ca25efe;12.628;5.88615467;SELL
2016-03-15T01:41:57.000000;2016-03-15T01:41:57.603000;47ebf0d6-1bdf-448c-b7ec-9d6880c919ef;12.628;5.90260845;SELL
2016-03-15T01:42:02.000000;2016-03-15T01:42:02.303000;a53301be-fa66-4d72-a0b0-3cca8547e4f3;12.628;0.60605173;SELL
2016-03-15T01:42:05.000000;2016-03-15T01:42:05.497000;e56c78d5-d6e0-4b7c-88d5-2a007597f60a;12.628;36.50987868;SELL
2016-03-15T01:42:05.000000;2016-03-15T01:42:05.500000;9bdcae24-3d52-4b81-bcd5-da4800ec9e02;12.627;15.0;SELL
2016-03-15T01:42:12.000000;2016-03-15T01:42:12.880000;ee1430de-2c38-4464-bb6a-a980ed58dcfe;12.619;27.8;BUY
2016-03-15T01:52:30.000000;2016-03-15T01:52:30.533000;e56b59d9-816c-413d-90d0-f3c511e622d0;12.6;0.48491587;BUY
2016-03-15T01:52:38.000000;2016-03-15T01:52:38.653000;bc8be9df-90cc-430b-b99f-4f81ef411e60;12.6;0.51302585;BUY
2016-03-15T01:55:07.000000;2016-03-15T01:55:07.150000;10510b4f-ca83-42da-9bed-05dffa0c006e;12.6;0.00205828;BUY
2016-03-15T01:55:07.000000;2016-03-15T01:55:07.157000;18933438-d947-42ad-bab9-e241aceaba81;12.609;0.34815587;BUY
2016-03-15T01:55:10.000000;2016-03-15T01:55:10.817000;5f6a28d5-2471-411a-a7c7-3ebb3ae7d192;12.609;0.37639141;BUY
2016-03-15T01:55:15.000000;2016-03-15T01:55:15.713000;8cd06025-087d-497c-b5fd-1493b51ffa75;12.609;0.35071317;BUY
2016-03-15T01:55:18.000000;2016-03-15T01:55:18.923000;bd6d49c4-382f-4d98-9cf5-35af46aa310a;12.609;0.89385027;BUY
2016-03-15T01:55:22.000000;2016-03-15T01:55:22.117000;403c8c37-9505-48ae-b4ca-0f58a320389f;12.609;0.63100583;BUY
2016-03-15T01:55:25.000000;2016-03-15T01:55:25.350000;381304c8-f964-4dbc-97fd-9c472b7010d3;12.609;0.46245401;BUY
2016-03-15T01:55:28.000000;2016-03-15T01:55:28.430000;c61807af-9328-483e-96ba-23c655d56aa8;12.609;0.38006283;BUY
2016-03-15T01:55:31.000000;2016-03-15T01:55:32.117000;d8f5eaba-aa4a-4653-a998-f8f290763b9c;12.609;26.0155;BUY
2016-03-15T01:55:32.000000;2016-03-15T01:55:33.597000;3ac0e6c3-ec54-4abc-b1b5-41b4977b9166;12.609;0.60498644;BUY
2016-03-15T01:55:37.000000;2016-03-15T01:55:37.773000;89d6c44f-db95-4f9f-827c-6ff8ef1f374b;12.609;0.50766221;BUY
2016-03-15T01:55:41.000000;2016-03-15T01:55:41.757000;13c3be6b-a961-450f-9ed4-65bd98c84b45;12.609;4.85207674;BUY
2016-03-15T01:55:44.000000;2016-03-15T01:55:45.050000;bd1189a6-bac2-45f5-bf18-0d90f67d239f;12.609;0.55707141;BUY
2016-03-15T01:55:48.000000;2016-03-15T01:55:48.123000;3f21ed42-23c5-4733-b4b1-66d92eacfb22;12.609;1.56437229;BUY
2016-03-15T01:55:51.000000;2016-03-15T01:55:51.190000;a09ad6d4-68ad-4194-bcb8-df1c0a371d92;12.609;0.43586268;BUY
2016-03-15T01:55:54.000000;2016-03-15T01:55:54.410000;7579da15-fa20-4265-b7dd-b1d8a6243b39;12.609;0.57546742;BUY
2016-03-15T01:55:59.000000;2016-03-15T01:55:59.527000;6cef29df-6d2b-49c1-85e1-a64d87516f1a;12.609;0.61744971;BUY
2016-03-15T01:56:02.000000;2016-03-15T01:56:02.853000;f60bc96a-0bed-4b02-adca-bbf3a1688ef9;12.609;0.61829523;BUY
2016-03-15T01:56:06.000000;2016-03-15T01:56:06.753000;511d6025-4c4f-4a54-8bf3-c36db7dcbc9e;12.609;0.42533153;BUY
2016-03-15T01:56:20.000000;2016-03-15T01:56:20.717000;7ff82dec-9a6b-4c01-a1a2-29ddf77c04e2;12.609;0.72764617;BUY
2016-03-15T01:56:25.000000;2016-03-15T01:56:25.297000;fc0d3a9c-5ed4-4f38-a8ba-8857f0e55344;12.609;1.25587169;BUY
2016-03-15T01:56:28.000000;2016-03-15T01:56:28.943000;e03b81db-3abd-40ea-9854-853480112ed1;12.609;0.5228727;BUY
2016-03-15T01:56:30.000000;2016-03-15T01:56:30.310000;c442472a-0b02-4448-9154-3968f0b3c52a;12.609;0.76973842;BUY
2016-03-15T01:56:31.000000;2016-03-15T01:56:31.077000;fbc55eb4-e665-4c21-9cf5-1ce6dc439edb;12.609;0.76906841;BUY
2016-03-15T01:56:31.000000;2016-03-15T01:56:31.913000;eb7c1926-e93e-459d-91b5-f1e13a96deaa;12.609;1.43715412;BUY
2016-03-15T01:56:31.000000;2016-03-15T01:56:31.933000;149872c5-8638-4da8-b8de-f3996870fe87;12.609;0.33674186;BUY
2016-03-15T01:56:34.000000;2016-03-15T01:56:34.230000;33b398e1-5678-458b-8b81-23c972617f4f;12.609;0.76714803;BUY
2016-03-15T01:56:35.000000;2016-03-15T01:56:35.930000;d20456f2-2993-4d28-a3b3-a6d9e1ba98e8;12.609;0.76648027;BUY
2016-03-15T01:56:37.000000;2016-03-15T01:56:37.277000;047024ec-5f2d-4541-8bc6-23acc2eedb2e;12.609;0.7658131;BUY
2016-03-15T01:56:37.000000;2016-03-15T01:56:38.027000;fbb43da1-d57e-456b-9943-eb8d579907f3;12.609;0.7658131;BUY
2016-03-15T01:56:38.000000;2016-03-15T01:56:38.843000;db873b3f-f98e-4971-9f84-ea9c64ff4abd;12.609;0.76447991;BUY
2016-03-15T01:56:39.000000;2016-03-15T01:56:40.030000;c7d2065d-e6a4-499f-ae43-55b74de1c47c;12.609;0.76381448;BUY
2016-03-15T01:56:41.000000;2016-03-15T01:56:41.153000;27600c77-8c8d-4c64-add6-6e02a88b8ee4;12.609;0.76314963;BUY
2016-03-15T01:56:42.000000;2016-03-15T01:56:42.477000;003efba1-f2f0-4643-9a92-d69606dd3837;12.609;0.76248535;BUY
2016-03-15T01:56:43.000000;2016-03-15T01:56:43.607000;2c270670-c903-471d-93ac-7898a7b9358f;12.609;0.76182166;BUY
2016-03-15T01:56:45.000000;2016-03-15T01:56:45.657000;23ab4c09-b64f-46fa-9503-754b345606da;12.609;0.76115855;BUY
2016-03-15T01:56:46.000000;2016-03-15T01:56:46.887000;f7404712-9e84-4145-ae11-106316441d92;12.609;0.64816653;BUY
2016-03-15T01:56:48.000000;2016-03-15T01:56:48.343000;cb0f397e-5fbd-47d4-9dc0-3feef36a934a;12.609;0.76049601;BUY
2016-03-15T01:56:49.000000;2016-03-15T01:56:49.553000;fd07913c-ca49-4fd6-af71-161228f1e302;12.609;0.76115855;BUY
2016-03-15T01:56:49.000000;2016-03-15T01:56:49.800000;3a0f0628-1225-4e99-ad3b-1576bef72325;12.609;0.75983405;BUY
2016-03-15T01:56:50.000000;2016-03-15T01:56:50.873000;1651ae9b-515e-48fa-80e1-66104b1504ed;12.609;4.85521009;BUY
2016-03-15T01:56:50.000000;2016-03-15T01:56:50.927000;025ae0c1-67b8-4284-a5df-83668372654d;12.609;1.42038711;BUY
2016-03-15T01:56:51.000000;2016-03-15T01:56:51.817000;109124f5-9421-4c66-b56e-5b57381c379d;12.609;1.41791441;BUY
2016-03-15T01:56:52.000000;2016-03-15T01:56:52.297000;44cad6e4-462d-49c0-8f26-52f0cedae3b4;12.609;1.42130094;BUY
2016-03-15T01:56:53.000000;2016-03-15T01:56:53.707000;72db4cbd-3202-4a17-8218-4e534e1a1f04;12.609;1.41667941;BUY
2016-03-15T01:56:54.000000;2016-03-15T01:56:54.910000;259a8f2a-6f63-433d-bc91-58c4d9c6f200;12.609;1.0842864;BUY
2016-03-15T01:58:13.000000;2016-03-15T01:58:13.410000;2d2dfd1f-549f-40f2-b099-b1e1a220bf2b;12.633;0.70930131;SELL
2016-03-15T01:58:13.000000;2016-03-15T01:58:13.417000;753d16fe-3a33-46cb-be25-6cee96ca7034;12.633;0.01278412;SELL
2016-03-15T02:08:01.000000;2016-03-15T02:08:02.037000;7356abfa-5367-436c-8d55-a2fee581f196;12.763;0.34860351;BUY
2016-03-15T02:08:08.000000;2016-03-15T02:08:09.247000;5a573779-ee2e-404f-b362-f024ec6f8b42;12.799;0.13622052;BUY
2016-03-15T02:08:15.000000;2016-03-15T02:08:15.667000;3f41531a-8553-400f-9567-ece6dba77c95;12.8;15.60431123;BUY
2016-03-15T02:08:15.000000;2016-03-15T02:08:15.690000;cbf493ad-15f1-4895-8048-530ff03336ae;12.83;0.39556554;BUY
2016-03-15T02:08:19.000000;2016-03-15T02:08:19.767000;3a9edabd-fdac-43a1-bccd-f0835d3f6621;12.83;0.25934502;SELL
2016-03-15T02:08:21.000000;2016-03-15T02:08:21.127000;a5ca1644-7b24-4db3-ba22-4c3db28a5f80;12.83;0.39556554;SELL
2016-03-15T02:08:21.000000;2016-03-15T02:08:21.153000;1a3c4540-abbf-45d6-a08b-a37928de0a01;12.83;0.39556554;SELL
2016-03-15T02:18:03.000000;2016-03-15T02:18:03.967000;f388181a-35a2-4c37-8554-4019053190b3;12.82;0.13622052;SELL
2016-03-15T02:18:03.000000;2016-03-15T02:18:03.987000;ccc1ee16-9cd1-4f0d-95c7-7161fcb904b9;12.819;4.56761201;SELL
2016-03-15T02:18:13.000000;2016-03-15T02:18:14.033000;bcb7bf45-5fc8-441f-862c-ff87d0676c66;12.819;3.09358012;SELL
2016-03-15T02:21:51.000000;2016-03-15T02:21:51.820000;2ca3150f-1099-443f-b69c-ac75e5f40e9b;12.819;0.40816785;SELL
2016-03-15T02:21:53.000000;2016-03-15T02:21:54.403000;ec7afdeb-c521-4cef-bfa0-f01e303d130c;12.819;8.76984451;SELL
2016-03-15T02:21:55.000000;2016-03-15T02:21:55.597000;9bb207cc-5baf-40ed-a232-47bd628798b0;12.819;3.54158586;SELL
2016-03-15T02:21:55.000000;2016-03-15T02:21:55.777000;9227418f-aeba-4029-bfa7-3d8e91465216;12.819;2.10392;SELL
2016-03-15T02:21:56.000000;2016-03-15T02:21:56.243000;de2ce701-cc84-451b-b78b-097a32ee4c57;12.819;2.46655867;SELL
2016-03-15T02:21:59.000000;2016-03-15T02:21:59.887000;81d0aea7-e99a-4828-ad92-f0b6827f1bc6;12.819;3.53730785;SELL
2016-03-15T02:22:03.000000;2016-03-15T02:22:03.810000;1c3c7d77-18bf-40a5-878e-f84beabd7889;12.819;5.77097925;SELL
2016-03-15T02:22:04.000000;2016-03-15T02:22:04.327000;0e4a5544-fe46-4dbc-b383-51467cf7783c;12.819;3.43408542;SELL
2016-03-15T02:22:06.000000;2016-03-15T02:22:06.843000;15c77c73-6833-4787-888d-4ab04151dacf;12.819;16.0266103;SELL
2016-03-15T02:22:06.000000;2016-03-15T02:22:06.867000;31d02e36-da86-43dc-8511-edf32e973714;12.819;2.09042743;SELL
2016-03-15T02:22:06.000000;2016-03-15T02:22:06.880000;937b50dd-8fce-40c1-922f-0509fe24c14a;12.819;0.27266444;SELL
2016-03-15T02:22:07.000000;2016-03-15T02:22:07.800000;b61436d7-5029-49cd-a320-500da4c8e3fb;12.819;5.79657308;SELL
2016-03-15T02:22:12.000000;2016-03-15T02:22:12.857000;2d2e7897-f141-43c5-87e6-ddab2d854488;12.819;5.22577534;SELL
2016-03-15T02:22:13.000000;2016-03-15T02:22:13.080000;cd3113eb-7652-4bbe-a478-fc37eecbf96a;12.794;0.69651719;SELL
2016-03-15T02:22:14.000000;2016-03-15T02:22:14.640000;687fb952-aac9-4941-a76f-275bc9dd8dfe;12.793;0.39669115;SELL
2016-03-15T02:22:15.000000;2016-03-15T02:22:15.763000;736527f1-aa1f-4676-b4fb-47c565dcf034;12.663;2.138097;SELL
2016-03-15T02:22:22.000000;2016-03-15T02:22:22.587000;c8f2c178-b054-4819-acef-d647711c09c3;12.585;0.33115988;SELL
2016-03-15T02:23:36.000000;2016-03-15T02:23:36.540000;cc749451-a3fa-4efb-b8ad-d11f0c907e6a;12.762;0.33115988;BUY
2016-03-15T02:25:11.000000;2016-03-15T02:25:11.147000;c53b73aa-2cf5-4a1d-abe6-8c1c2ddbbad6;12.787;1.5015015;BUY
2016-03-15T02:36:58.000000;2016-03-15T02:36:58.113000;816f4ebd-a998-42c7-a5e3-72464b5b4ad5;12.645;13.24472386;SELL
2016-03-15T02:37:08.000000;2016-03-15T02:37:08.463000;948822f6-7b88-472f-9b25-67680858f617;12.625;0.33685577;BUY
2016-03-15T02:37:11.000000;2016-03-15T02:37:11.323000;223d1ccf-2cdd-43b6-a25d-51f0577184f8;12.625;0.39246112;BUY
2016-03-15T02:37:42.000000;2016-03-15T02:37:42.613000;edfbd034-f7bb-4620-9f62-a1fba31a7b12;12.625;15.01501502;BUY
2016-03-15T02:37:43.000000;2016-03-15T02:37:43.770000;7ce2c2c4-3ac7-41e8-a2f8-f77d90805f19;12.625;3.01094423;BUY
2016-03-15T02:39:29.000000;2016-03-15T02:39:29.320000;b3e9b350-bc86-4410-8692-040706ca6189;12.774;4.76076181;BUY
2016-03-15T02:39:29.000000;2016-03-15T02:39:29.327000;9736addd-5e12-4ae8-a0c0-cb71860deafe;12.775;25.23923819;BUY
2016-03-15T02:42:14.000000;2016-03-15T02:42:14.813000;a0df4cfc-a79f-4c73-bc9e-365d71e99bd5;12.78;0.39669115;BUY
2016-03-15T02:42:14.000000;2016-03-15T02:42:14.833000;d2e5c92a-43a8-412b-8a6b-7573094e72f4;12.78;1.21330885;BUY
2016-03-15T02:42:56.000000;2016-03-15T02:42:56.137000;cc29d0ee-7d05-4a26-9d33-8589c7e51153;12.7;0.47;SELL
2016-03-15T02:43:31.000000;2016-03-15T02:43:31.710000;f1193a51-c32e-43a8-8eb4-8230be9a5431;12.648;0.49205207;SELL
2016-03-15T02:43:31.000000;2016-03-15T02:43:31.720000;27579f0e-3487-4831-b276-7938f6ece852;12.648;0.87189113;SELL
2016-03-15T02:43:33.000000;2016-03-15T02:43:33.257000;04c5ef51-20aa-48af-b94c-dc54167f3963;12.648;0.67104509;SELL
2016-03-15T02:43:34.000000;2016-03-15T02:43:34.563000;ef3df107-e6e8-424e-a98b-e3c191c47f6f;12.648;1.64618045;SELL
2016-03-15T02:43:35.000000;2016-03-15T02:43:35.257000;43e46c61-39d6-45f4-808a-31a6ffaa0a21;12.648;1.97568759;SELL
2016-03-15T02:43:36.000000;2016-03-15T02:43:36.883000;140e49a9-f250-4323-8618-22e729772100;12.648;0.89609826;SELL
2016-03-15T02:43:38.000000;2016-03-15T02:43:38.180000;2c3f1e1d-df1d-47ad-8a57-24b9a7083d7e;12.648;2.9671395;SELL
2016-03-15T02:43:38.000000;2016-03-15T02:43:39.327000;9bccc2e8-65a9-4ca8-ad1d-0c5850ac7ac7;12.648;2.63525151;SELL
2016-03-15T02:43:40.000000;2016-03-15T02:43:42.127000;75ec7d8a-61b2-4ed1-b343-eecf30793701;12.77;2.97602877;BUY
2016-03-15T02:43:42.000000;2016-03-15T02:43:43.557000;9f59884c-18d0-4afa-85e7-33480fb8cb74;12.648;0.26190498;SELL
2016-03-15T02:43:43.000000;2016-03-15T02:43:43.893000;493ade06-5e4b-4653-957c-0c130f8f1f3a;12.648;0.26171513;SELL
2016-03-15T02:43:43.000000;2016-03-15T02:43:43.930000;f0705dda-782f-49ee-8381-ba6059fbaa11;12.648;2.19813541;SELL
2016-03-15T02:43:44.000000;2016-03-15T02:43:44.617000;1477df0e-2a4b-42e4-b4ab-853396603517;12.648;1.05064371;SELL
2016-03-15T02:43:44.000000;2016-03-15T02:43:44.623000;29887dc5-212f-49ee-9f75-d484230cbf20;12.647;0.33336743;SELL
2016-03-15T02:43:45.000000;2016-03-15T02:43:46.003000;18fab7ec-458e-484f-bef1-9396404ba468;12.647;2.94578034;SELL
2016-03-15T02:43:47.000000;2016-03-15T02:43:47.527000;0b92c877-7505-4788-ab96-2c2b7c5ae015;12.647;4.93456972;SELL
2016-03-15T02:43:47.000000;2016-03-15T02:43:47.547000;80cd04b6-8187-497e-857c-cdcaa77e8ea3;12.647;0.95406112;SELL
2016-03-15T02:43:47.000000;2016-03-15T02:43:47.723000;4b7380bd-6a50-49ec-ada3-4a896dd61646;12.647;2.63525151;SELL
2016-03-15T02:43:48.000000;2016-03-15T02:43:48.550000;20977252-757d-424e-8f8d-2f0a078d0828;12.647;0.80038585;SELL
2016-03-15T02:43:48.000000;2016-03-15T02:43:48.807000;7fab7857-7e93-438c-addb-dc2f68453829;12.647;3.3720537;SELL
2016-03-15T02:43:49.000000;2016-03-15T02:43:49.427000;4a2893e7-aa86-4c24-aa7d-0170e018fad7;12.647;3.89142139;SELL
2016-03-15T02:43:50.000000;2016-03-15T02:43:50.613000;1b70e085-b193-403c-aeff-fa19c37ffda5;12.647;3.89142126;SELL
2016-03-15T02:43:53.000000;2016-03-15T02:43:53.403000;b3f21982-840f-4bb7-a0bd-63db89a5d263;12.647;1.73658768;SELL
2016-03-15T02:49:08.000000;2016-03-15T02:49:08.737000;52825844-7239-464a-ac9f-46b9009cadb3;12.589;3.72183251;SELL
2016-03-15T02:50:39.000000;2016-03-15T02:50:39.670000;0e4c4db7-fa44-4c89-82d1-1211e29a4550;12.644;0.61138119;SELL
2016-03-15T02:50:41.000000;2016-03-15T02:50:41.730000;559082be-d77f-4bf8-af51-7cabc26bf7c8;12.643;4.65495903;BUY
2016-03-15T02:50:43.000000;2016-03-15T02:50:43.150000;9af5617d-d30c-45f2-a675-39da82e4934a;12.589;1.2319;SELL
2016-03-15T02:50:45.000000;2016-03-15T02:50:45.640000;853c98b2-52b1-45d0-9caa-e8723229c951;12.589;1.09262498;SELL
2016-03-15T02:50:45.000000;2016-03-15T02:50:45.640000;76224020-47ff-4834-8c61-e9a5c33d98da;12.576;0.97957466;SELL
2016-03-15T02:50:51.000000;2016-03-15T02:50:51.180000;5a308eba-043c-454b-aa93-12c2120e4fc2;12.576;2.41311445;SELL
2016-03-15T02:50:51.000000;2016-03-15T02:50:51.180000;4397ffc9-d3eb-44e1-8243-aeed68ef18b5;12.576;1.35332054;SELL
2016-03-15T02:50:53.000000;2016-03-15T02:50:53.950000;8e72ef3b-8ef4-4f00-90c5-9af96f78244f;12.576;1.4517494;SELL
2016-03-15T02:50:53.000000;2016-03-15T02:50:53.957000;4f5640b2-ee7e-4c95-9d54-834e5337ebe9;12.576;2.26512015;SELL
2016-03-15T02:50:56.000000;2016-03-15T02:50:56.547000;c2028fbe-6f6b-44ad-8171-99940b935d0a;12.576;7.73487914;SELL
2016-03-15T02:55:09.000000;2016-03-15T02:55:09.123000;942d9a90-cf07-43d6-a70a-907d5f637f31;12.575;0.38076622;BUY
2016-03-15T02:55:09.000000;2016-03-15T02:55:09.130000;cd8c7d9e-b9a9-45d4-bd32-d0793be12202;12.575;30.71923378;BUY
2016-03-15T02:57:38.000000;2016-03-15T02:57:39.010000;395a47d6-604e-4b26-8276-adcb93928bb9;12.575;31.1;BUY
2016-03-15T03:23:04.000000;2016-03-15T03:23:05.253000;a7647201-ff33-4c22-bb0d-f51c3f7e9c71;12.55;6.5;BUY
2016-03-15T03:30:53.000000;2016-03-15T03:30:53.603000;b00c170b-cdab-4b86-a71e-ce1a05f327a4;12.502;62.1798;SELL
2016-03-15T03:31:33.000000;2016-03-15T03:31:34.150000;495e924b-47da-4312-a31a-39ff1ccef9ee;12.4;1.0;SELL
2016-03-15T03:31:43.000000;2016-03-15T03:31:43.853000;76c58447-8fa5-4345-960a-90a41f99ab6b;12.4;5.57344152;SELL
2016-03-15T03:31:48.000000;2016-03-15T03:31:48.230000;138edbad-5934-4788-9fd8-595895b1d200;12.4;1.09676645;SELL
2016-03-15T03:31:51.000000;2016-03-15T03:31:51.347000;481ef168-2da0-4054-9775-9ee6a63ae4b0;12.4;2.32979203;SELL
2016-03-15T03:32:04.000000;2016-03-15T03:32:04.653000;ea8fec8c-c50e-41db-b104-4ce76a05572a;12.35;0.99641034;SELL
2016-03-15T03:32:04.000000;2016-03-15T03:32:04.690000;7ff245f6-3a11-44ce-8e91-68299540b3d1;12.35;7.63914597;SELL
2016-03-15T03:32:05.000000;2016-03-15T03:32:06.033000;55a1cf2b-7486-4998-9e9b-29465f00122b;12.35;1.8632503;SELL
2016-03-15T03:32:06.000000;2016-03-15T03:32:06.473000;3213b4fd-342e-4a4b-b38a-06a54306680a;12.35;7.75972874;SELL
2016-03-15T03:32:06.000000;2016-03-15T03:32:06.643000;f1cbeb25-c67e-455b-bfb7-2f4f6e3b8803;12.35;0.67934718;SELL
2016-03-15T03:32:06.000000;2016-03-15T03:32:06.700000;11054a61-7efa-4074-83c2-dd8177719f0a;12.35;1.01213853;SELL
2016-03-15T03:32:08.000000;2016-03-15T03:32:08.440000;8699c363-042b-4434-990d-a6d47ff0f204;12.35;0.34313926;SELL
2016-03-15T03:32:08.000000;2016-03-15T03:32:08.467000;28c73380-9e73-4d9f-a497-3f99d6e4460f;12.35;2.63073434;SELL
2016-03-15T03:32:10.000000;2016-03-15T03:32:10.373000;15352f8c-518d-46c6-8444-4ef44a28b78e;12.35;5.25692636;SELL
2016-03-15T03:32:13.000000;2016-03-15T03:32:13.823000;1b618511-e634-474f-bb91-50c933a92c41;12.35;5.25692636;SELL
2016-03-15T03:32:16.000000;2016-03-15T03:32:16.863000;1b01cb50-9e8b-4d57-87f9-9f903bf9bede;12.35;5.76536822;SELL
2016-03-15T03:32:17.000000;2016-03-15T03:32:17.397000;6a6bed0c-3f58-4b4b-a07c-3406a4b398d5;12.35;2.63336771;SELL
2016-03-15T03:32:21.000000;2016-03-15T03:32:21.823000;1c48bffb-8560-4998-939b-94adc5c29505;12.35;5.86247457;SELL
2016-03-15T03:32:26.000000;2016-03-15T03:32:26.453000;3916c231-f8af-4483-914f-af15c058eb15;12.35;0.74029643;SELL
2016-03-15T03:32:26.000000;2016-03-15T03:32:26.670000;740be117-80d4-485b-b2a5-1a673aad33fd;12.35;1.56074569;SELL
2016-03-15T03:32:31.000000;2016-03-15T03:32:31.797000;07af0e6a-b3ec-4c79-90d2-93640b20effe;12.301;0.53948218;SELL
2016-03-15T03:33:14.000000;2016-03-15T03:33:14.743000;9e1fdd8c-3aa2-4ef8-a015-5341d3aad717;12.301;3.96051782;SELL
2016-03-15T03:33:17.000000;2016-03-15T03:33:17.810000;dd6f6ce5-d15b-4ab9-ae03-b56f5e017040;12.383;0.40944105;SELL
2016-03-15T03:33:17.000000;2016-03-15T03:33:17.820000;6c9fb3e9-4e9d-4547-81cf-2e9a8b89ffd0;12.3;3.75386081;SELL
2016-03-15T03:33:26.000000;2016-03-15T03:33:26.547000;0ad9a86b-107c-469b-b0e6-4dfe738e5d6a;12.3;4.16330186;SELL
2016-03-15T03:33:29.000000;2016-03-15T03:33:29.857000;7237ff2b-4025-483f-8f38-9f95e69a7ceb;12.3;0.43648316;SELL
2016-03-15T03:33:35.000000;2016-03-15T03:33:36.073000;6f50b546-c52a-410f-8cc8-d30746f4aa74;12.3;0.84484321;SELL
2016-03-15T03:33:38.000000;2016-03-15T03:33:38.810000;db4761d7-93b7-46ab-994f-ef6503c7f449;12.378;0.40944105;BUY
2016-03-15T03:33:38.000000;2016-03-15T03:33:38.810000;3e211403-7111-426b-aec3-02cb0d2ffbef;12.378;0.40944105;BUY
2016-03-15T03:33:38.000000;2016-03-15T03:33:38.830000;62a44f2d-06ab-4e43-9b22-47f95eeb837f;12.379;15.89147386;BUY
2016-03-15T03:33:39.000000;2016-03-15T03:33:39.297000;b4b97d99-9e17-4a86-8688-9e6cad9f4f3c;12.3;0.84332884;SELL
2016-03-15T03:33:43.000000;2016-03-15T03:33:43.237000;b2fe8c52-3e9a-44dc-92e3-3524d527e081;12.3;5.29957217;SELL
2016-03-15T03:33:46.000000;2016-03-15T03:33:46.867000;5a7da317-82e9-4313-bc38-d68bb6638ef8;12.3;14.65625099;SELL
2016-03-15T03:33:52.000000;2016-03-15T03:33:52.777000;0afff5e8-489a-493b-8e18-b8e66197b3ea;12.275;1.998;SELL
2016-03-15T03:33:53.000000;2016-03-15T03:33:53.287000;c9b87b30-9c86-4f5b-aea7-7f6855c75286;12.275;2.34553248;SELL
2016-03-15T03:33:53.000000;2016-03-15T03:33:53.563000;814cca0f-476e-42bd-932a-6d55e5ca6752;12.275;1.998;SELL
2016-03-15T03:33:53.000000;2016-03-15T03:33:54.007000;732a2087-b834-48f9-a0ec-070026409bd1;12.275;48.16229417;SELL
2016-03-15T03:33:54.000000;2016-03-15T03:33:54.190000;b44ce86e-f474-423d-ae53-3c5d2f769c37;12.275;1.998;SELL
2016-03-15T03:33:54.000000;2016-03-15T03:33:54.737000;ed862e7a-475f-4889-b668-aee1603b1d09;12.275;21.63684326;SELL
2016-03-15T03:33:54.000000;2016-03-15T03:33:54.740000;3ff25b71-915f-47a2-b939-6bb12bc22d97;12.261;0.78362426;SELL
2016-03-15T03:33:54.000000;2016-03-15T03:33:54.747000;6cee4286-f3e8-4ade-9256-0a25632ed425;12.25;100.0;SELL
2016-03-15T03:33:58.000000;2016-03-15T03:33:58.053000;cb836da0-2bf4-4c71-b541-bf912a570f16;12.226;0.35;SELL
2016-03-15T03:33:58.000000;2016-03-15T03:33:58.070000;ea7f83df-4fa5-4bb2-aa8d-3d19a43b57db;12.207;2.13203;SELL
2016-03-15T03:34:05.000000;2016-03-15T03:34:05.417000;b95aa254-d689-435f-93eb-7c957eeffb81;12.2;6.09940804;SELL
2016-03-15T03:34:12.000000;2016-03-15T03:34:12.957000;ebe678fc-c773-4ee9-abfa-f842474e92cb;12.2;90.03426628;SELL
2016-03-15T03:34:12.000000;2016-03-15T03:34:12.960000;fe916ba5-4cdb-48d8-b9ba-dba984275fd2;12.2;100.0;SELL
2016-03-15T03:34:26.000000;2016-03-15T03:34:26.933000;ee55eb1a-56eb-4697-b15e-e981e7d4666f;12.19;0.87088292;SELL
2016-03-15T03:34:29.000000;2016-03-15T03:34:29.447000;fc9b3498-ebe0-409e-b439-714b2ec5ec4c;12.19;0.12911708;SELL
2016-03-15T03:34:57.000000;2016-03-15T03:34:57.557000;98328c23-f9a9-44c1-ab08-782f56cf6a53;12.18;1.0;SELL
2016-03-15T03:35:07.000000;2016-03-15T03:35:07.113000;50dda23f-9cf7-49a0-88b6-3aaf112493b1;12.18;1.0;SELL
2016-03-15T03:35:10.000000;2016-03-15T03:35:10.760000;c3ef2da9-a280-4bd9-bc5b-bfb689542ae8;12.18;1.0;SELL
2016-03-15T03:35:24.000000;2016-03-15T03:35:24.853000;45f9884c-4bf7-4c8d-b214-551fef0deb06;12.18;1.0;SELL
2016-03-15T03:35:59.000000;2016-03-15T03:35:59.477000;45cfb720-51e7-4b72-88ce-64fa5fad890f;12.19;0.87088292;BUY
2016-03-15T03:35:59.000000;2016-03-15T03:35:59.487000;94e5cdc6-c1a4-4b0c-9f17-2c79d72c0f5c;12.19;0.12911708;BUY
2016-03-15T03:36:08.000000;2016-03-15T03:36:08.670000;8152fdbc-5281-4973-9b24-91ddbdc50b9a;12.19;5.25831018;BUY
2016-03-15T03:36:11.000000;2016-03-15T03:36:11.193000;5f8fef13-ac10-4d8f-b1a1-77afef120552;12.19;2.09450534;BUY
2016-03-15T03:36:11.000000;2016-03-15T03:36:11.470000;edb9298b-25c4-4302-8817-8793cd0461c4;12.19;3.3972485;BUY
2016-03-15T03:36:11.000000;2016-03-15T03:36:12.153000;cb60fee1-a435-412a-b875-5099277d3735;12.19;2.09450534;BUY
2016-03-15T03:36:26.000000;2016-03-15T03:36:26.357000;a44e5976-bcc5-4eed-89c9-b6a5c687df50;12.19;3.64702553;BUY
2016-03-15T03:36:26.000000;2016-03-15T03:36:26.853000;2f28c982-6446-42c5-8d82-bccae215048e;12.19;0.35;BUY
2016-03-15T03:36:27.000000;2016-03-15T03:36:27.180000;ce991ec9-13f8-4178-ad9c-df9527f4244d;12.19;3.64702553;BUY
2016-03-15T03:36:27.000000;2016-03-15T03:36:27.310000;ed814996-808e-4a79-8681-7758c89d3147;12.19;1.57878055;BUY
2016-03-15T03:36:28.000000;2016-03-15T03:36:28.567000;9e947ff2-7ac5-4dce-b4db-ffa40e2fb98b;12.19;3.64702553;BUY
2016-03-15T03:36:30.000000;2016-03-15T03:36:30.530000;86d88d61-df46-480f-9d22-184190dfca5c;12.19;0.74809035;BUY
2016-03-15T03:36:30.000000;2016-03-15T03:36:31.143000;5dcbd179-ef8c-4070-9a82-243e2398556d;12.19;5.73535934;BUY
2016-03-15T03:36:32.000000;2016-03-15T03:36:32.793000;ac8f4694-dfc3-432d-8102-c5bdc4619ac4;12.19;0.35;BUY
2016-03-15T03:36:34.000000;2016-03-15T03:36:34.283000;f131bcf7-b119-41c5-b7b8-1b79c3dd4683;12.19;2.3845679;BUY
2016-03-15T03:36:34.000000;2016-03-15T03:36:35.547000;a8a88a35-7d8e-49c1-99fc-8d563251639d;12.19;4.16881213;BUY
2016-03-15T03:36:37.000000;2016-03-15T03:36:37.160000;90562fb4-8a74-47fd-84c4-88c25904c2cc;12.19;0.35;BUY
2016-03-15T03:36:38.000000;2016-03-15T03:36:38.880000;c90f20d0-428b-4ba0-94b8-0786a4e7a968;12.19;5.73535934;BUY
2016-03-15T03:36:39.000000;2016-03-15T03:36:39.203000;431374be-098a-43d1-a979-90d3d3058eac;12.19;7.10060024;BUY
2016-03-15T03:36:39.000000;2016-03-15T03:36:39.513000;9189b513-4f20-4735-9d31-ace5ce8f6101;12.19;5.24988648;BUY
2016-03-15T03:36:39.000000;2016-03-15T03:36:39.760000;c3d9f129-8238-4360-83d6-1307d8237558;12.19;0.6847678;BUY
2016-03-15T03:36:39.000000;2016-03-15T03:36:39.837000;6e5b54b8-b83c-42bd-9f77-e56695c74cdc;12.19;0.35;BUY
2016-03-15T03:36:39.000000;2016-03-15T03:36:40.187000;f76a6b06-94e2-4aa0-a0f8-37f0fdfd2351;12.19;7.39214817;BUY
2016-03-15T03:36:39.000000;2016-03-15T03:36:40.203000;245c3886-0ed8-46af-9480-785d505836fd;12.19;0.96419324;BUY
2016-03-15T03:36:40.000000;2016-03-15T03:36:40.353000;8eead3d2-8951-4b63-af90-8f01d90573ff;12.19;0.12576434;BUY
2016-03-15T03:36:40.000000;2016-03-15T03:36:40.643000;af6b9782-841a-4625-96d1-e86fcf1a0ad2;12.19;0.55740709;BUY
2016-03-15T03:36:44.000000;2016-03-15T03:36:44.250000;f348ffe3-b431-42c9-a468-9271a49bacdf;12.199;0.87088292;BUY
2016-03-15T03:36:44.000000;2016-03-15T03:36:44.257000;8d0ffbb1-b9d1-45cf-9ac9-87bd74f51061;12.2;9.71977585;BUY
2016-03-15T03:36:50.000000;2016-03-15T03:36:50.867000;50cf75ad-328e-4470-9fbe-2504b08992cf;12.2;0.11665817;BUY
2016-03-15T03:36:50.000000;2016-03-15T03:36:50.983000;16f16e76-f0a3-4fcc-b188-4200ec1ca317;12.2;1.00239464;BUY
2016-03-15T03:36:50.000000;2016-03-15T03:36:50.987000;11fe839a-a583-42b4-b197-49d9c98fb0cd;12.274;4.16543897;BUY
2016-03-15T03:36:51.000000;2016-03-15T03:36:51.133000;a3044fc4-0dbd-40f1-af5c-c7cca9ca9450;12.274;7.1254873;BUY
2016-03-15T03:36:51.000000;2016-03-15T03:36:51.147000;b5ea9147-3db4-4539-a032-6a85e0f72e1e;12.274;1.62011827;BUY
2016-03-15T03:36:51.000000;2016-03-15T03:36:51.240000;5931b1ec-5f1c-4acb-aad2-e07cae833a02;12.274;1.14073116;BUY
2016-03-15T03:36:52.000000;2016-03-15T03:36:52.070000;22980a5d-4e63-4f0b-a8f7-d005fefd3e36;12.274;4.49653782;BUY
2016-03-15T03:36:54.000000;2016-03-15T03:36:55.493000;d9c66749-e8b8-4589-88fb-b3a955e5ea33;12.274;1.0;BUY
2016-03-15T03:37:00.000000;2016-03-15T03:37:00.790000;ee5c84dd-93ba-462d-b78f-88cf8bc64115;12.274;1.0;BUY
2016-03-15T03:37:40.000000;2016-03-15T03:37:40.367000;58f17880-8f92-4e8a-8cbe-09f0681fc3ec;12.274;1.21754575;BUY
2016-03-15T03:37:41.000000;2016-03-15T03:37:41.890000;e9a39c74-8bab-4594-8a7a-0fbc3b02c2fa;12.217;5.37060621;SELL
2016-03-15T03:37:44.000000;2016-03-15T03:37:44.477000;2f040423-734c-4c77-8616-9ebec148a406;12.216;0.55373251;BUY
2016-03-15T03:37:56.000000;2016-03-15T03:37:56.467000;4a80470c-9d34-4148-b582-dab4da0ea9e9;12.274;2.13903544;BUY
2016-03-15T03:37:56.000000;2016-03-15T03:37:56.493000;f8744cb4-6760-4059-afe2-87eacd3853f3;12.274;0.49213086;BUY
2016-03-15T03:38:07.000000;2016-03-15T03:38:08.017000;9618b931-30bb-4cb3-a468-fd31ffcbe02a;12.274;0.91661167;BUY
2016-03-15T03:38:07.000000;2016-03-15T03:38:08.027000;d435d92e-8623-46ed-ab25-8f5c86040ce6;12.275;0.22312986;BUY
2016-03-15T03:38:14.000000;2016-03-15T03:38:14.257000;e029498e-3145-480f-81a0-ab0502c7ebc1;12.275;2.58333416;BUY
2016-03-15T03:38:15.000000;2016-03-15T03:38:15.493000;c492e7f9-302b-4917-908b-e289897b702b;12.275;14.64108843;BUY
2016-03-15T03:38:15.000000;2016-03-15T03:38:15.497000;cca3ce60-72d5-4336-bd88-9e1c9f266dac;12.3;1.83737721;BUY
2016-03-15T03:40:52.000000;2016-03-15T03:40:53.190000;39e5be65-3753-43ae-a462-0e550ab6e325;12.21;19.0617998;SELL
2016-03-15T03:40:52.000000;2016-03-15T03:40:53.190000;b17c2035-7ec4-419c-b60a-7295d2d82630;12.209;20.9382002;SELL
2016-03-15T03:52:01.000000;2016-03-15T03:52:01.050000;2ee30cd6-708b-43cf-a1ad-b1abca1e2b6a;12.201;2.3845679;SELL
2016-03-15T03:52:01.000000;2016-03-15T03:52:01.057000;47a3f45a-18a9-4792-97e1-d368dd233877;12.201;5.73738771;SELL
2016-03-15T03:52:05.000000;2016-03-15T03:52:06.140000;89ec7073-ae59-4691-b7bb-7ea6a8bf7e16;12.201;2.54099708;SELL
2016-03-15T03:52:09.000000;2016-03-15T03:52:09.497000;24aa0f22-5c77-45a5-ad89-b5d72a684acb;12.201;8.12195561;SELL
2016-03-15T03:52:11.000000;2016-03-15T03:52:11.987000;8b7aa545-8ac8-4ed9-8f6e-3fe35113ef8c;12.201;30.3272596;SELL
2016-03-15T03:52:11.000000;2016-03-15T03:52:11.990000;acbb36bd-b680-4801-893b-e5989de0bc59;12.2;5.12740885;SELL
2016-03-15T03:52:28.000000;2016-03-15T03:52:28.103000;1314e1a0-465a-4b55-950c-327c634d69e0;12.146;0.34704486;BUY
2016-03-15T03:52:35.000000;2016-03-15T03:52:36.040000;a44dea3d-87e1-4771-8bfd-3463c54f56ac;12.19;0.47108008;SELL
2016-03-15T03:52:40.000000;2016-03-15T03:52:40.847000;969e941f-6515-4b48-813b-437e35d0f997;12.19;0.18187506;SELL
2016-03-15T03:53:03.000000;2016-03-15T03:53:03.713000;d11781c8-247d-4c2e-b7ed-1f315c3907d1;12.18;1.0;SELL
2016-03-15T03:54:04.000000;2016-03-15T03:54:04.713000;a060f3f7-ff1f-4a4a-9709-c51084f4af48;12.122;1.45116295;SELL
2016-03-15T03:54:04.000000;2016-03-15T03:54:04.733000;f22901e3-4d95-49fa-9b7d-a42f202b2d14;12.121;5.69169481;SELL
2016-03-15T03:54:08.000000;2016-03-15T03:54:08.603000;c886a7b7-2c70-4f12-9956-18b99c61a474;12.121;7.14285776;BUY
2016-03-15T03:54:09.000000;2016-03-15T03:54:09.773000;512ee2a0-14bb-4fdc-9bcb-41fccd275272;12.122;3.87937137;SELL
2016-03-15T03:54:09.000000;2016-03-15T03:54:09.777000;4121bf4c-4186-4b61-ae21-cf14be7a11f2;12.122;14.9833335;SELL
2016-03-15T03:54:12.000000;2016-03-15T03:54:12.210000;41e1e12e-5c49-4499-ad08-96b0a7eab78b;12.122;3.87937137;BUY
2016-03-15T03:54:15.000000;2016-03-15T03:54:15.627000;379c6060-f7dd-4cbb-bb84-509b23593541;12.092;5.42880252;BUY
2016-03-15T03:54:15.000000;2016-03-15T03:54:15.643000;ce724d65-91de-42b5-a444-96ed2050ac6e;12.122;3.32244547;BUY
2016-03-15T03:54:15.000000;2016-03-15T03:54:15.663000;62f53040-4fd9-4c9b-9099-15c3f509af8d;12.122;6.23208551;BUY
2016-03-15T03:54:34.000000;2016-03-15T03:54:34.977000;378f0875-7707-4b34-850d-8bd39644e3ec;12.11;1.0;SELL
2016-03-15T03:54:35.000000;2016-03-15T03:54:35.933000;e3cdad1e-0e08-4ed1-bb5b-2b7966bec4cb;12.11;0.53259387;SELL
2016-03-15T03:54:37.000000;2016-03-15T03:54:37.943000;83acbaef-45a7-42b7-b948-487c0a9425a8;12.11;0.46740613;SELL
2016-03-15T03:54:47.000000;2016-03-15T03:54:47.253000;e47bd00d-13cd-498e-9dd8-2948ab404f57;12.109;0.46740613;BUY
2016-03-15T03:54:47.000000;2016-03-15T03:54:47.267000;fa251ca3-85e5-4fb4-aead-99d4ca0b9cfe;12.109;0.53259387;BUY
2016-03-15T03:54:49.000000;2016-03-15T03:54:50.090000;e5fa444f-ed65-4f9b-8173-3b4cba382e23;12.057;0.929742;SELL
2016-03-15T03:54:51.000000;2016-03-15T03:54:51.690000;5f1999d2-3436-483e-a9a7-fde7ccc374dd;12.115;0.46740613;BUY
2016-03-15T03:54:51.000000;2016-03-15T03:54:51.700000;23353dc1-7419-40b2-93e8-474eebbb444e;12.116;0.13697987;BUY
2016-03-15T03:55:05.000000;2016-03-15T03:55:05.103000;2a6d6112-62df-40a0-8d51-c3eddbbc150a;12.11;1.0;SELL
2016-03-15T03:55:08.000000;2016-03-15T03:55:08.153000;cacd62ca-db83-4b4b-8759-2165cc025513;12.11;1.0;SELL
2016-03-15T03:55:17.000000;2016-03-15T03:55:17.543000;611ea19c-d300-4b43-be69-e1a195deefa3;12.109;0.53259387;BUY
2016-03-15T03:55:17.000000;2016-03-15T03:55:17.567000;9b33abf2-8a13-4b72-bead-f443e755afa6;12.11;0.46740613;BUY
2016-03-15T03:55:20.000000;2016-03-15T03:55:20.257000;21dd5355-9266-40be-b193-93cc808995d3;12.11;0.53259387;BUY
2016-03-15T03:55:26.000000;2016-03-15T03:55:26.897000;61d82abd-5090-4519-9f96-2c6c27ec0008;12.11;0.46740613;SELL
2016-03-15T03:55:49.000000;2016-03-15T03:55:50.513000;a9412e00-41cf-453b-9edb-4c7235b34591;12.11;1.0;SELL
2016-03-15T03:56:00.000000;2016-03-15T03:56:00.233000;ac77193e-fe43-4f4c-8318-5e6677ec674d;12.11;1.0;BUY
2016-03-15T03:56:38.000000;2016-03-15T03:56:39.283000;73fe4eae-f9a7-472f-8db4-15529d214682;12.05;0.71385606;SELL
2016-03-15T03:56:42.000000;2016-03-15T03:56:42.587000;35eb19ce-380b-4258-877b-4f9a93888b35;12.05;3.53152217;SELL
2016-03-15T03:56:45.000000;2016-03-15T03:56:46.007000;fbd75a9c-4134-4030-a25b-cf9e7182c006;12.05;3.53152217;SELL
2016-03-15T03:56:49.000000;2016-03-15T03:56:49.640000;2eb91662-683e-4133-bc4f-e25b45cf9bd6;12.05;1.49459157;SELL
2016-03-15T03:57:21.000000;2016-03-15T03:57:21.320000;ee0443b1-4bf5-4f02-b8c0-78119449efc1;12.05;4.58132632;SELL
2016-03-15T03:57:27.000000;2016-03-15T03:57:27.713000;5cfef3a0-7c6b-4fd9-ad94-e105af33458d;12.05;3.5242162;SELL
2016-03-15T03:58:02.000000;2016-03-15T03:58:02.683000;a7f187d8-8494-4aa4-b9f9-3ba115ac5216;12.05;4.4407849;SELL
2016-03-15T03:58:06.000000;2016-03-15T03:58:06.450000;0e52f27b-8191-4d2b-8cc0-d37a9f79af5a;12.05;5.61721788;SELL
2016-03-15T03:58:09.000000;2016-03-15T03:58:09.457000;7df56221-294c-4f50-a510-168008511bac;12.05;5.61721788;SELL
2016-03-15T03:58:13.000000;2016-03-15T03:58:13.887000;8f31a55f-1051-4b62-9d61-0b5581cd3832;12.05;8.25867736;SELL
2016-03-15T03:58:16.000000;2016-03-15T03:58:16.920000;673c7bdc-2bce-42eb-bbff-38cfbdb65e09;12.05;8.25893267;SELL
2016-03-15T03:58:20.000000;2016-03-15T03:58:20.110000;5daf91a2-eb5d-4cba-a958-846b6d04ef4c;12.05;0.43013482;SELL
2016-03-15T03:58:43.000000;2016-03-15T03:58:43.690000;c54565c2-884a-492a-b69c-600435d6a211;11.98;1.27171457;SELL
2016-03-15T03:58:44.000000;2016-03-15T03:58:44.437000;093e785b-21a6-4fec-857c-aa07259474d5;12.079;1.26241343;BUY
2016-03-15T04:03:04.000000;2016-03-15T04:03:04.693000;9e8c6869-e56b-4f47-bf2e-b4bfa6247d30;12.075;1.0;BUY
2016-03-15T04:03:39.000000;2016-03-15T04:03:39.190000;b28094af-c328-43cb-940c-50371a182811;12.075;1.0;BUY
2016-03-15T04:03:46.000000;2016-03-15T04:03:46.397000;d7bcda24-77d4-4816-a8a9-c99848c3ec74;12.075;2.14070103;BUY
2016-03-15T04:03:48.000000;2016-03-15T04:03:48.703000;d04d4b4e-4f2e-4f8c-9fcb-26c2c10c88d6;12.075;2.13901589;BUY
2016-03-15T04:03:49.000000;2016-03-15T04:03:49.597000;12427b22-9047-4b33-a488-c3a4c6d81ea6;12.075;2.1410562;BUY
2016-03-15T04:03:50.000000;2016-03-15T04:03:50.623000;d12ea7f4-236b-4405-867f-01d8300e183b;12.075;2.13564667;BUY
2016-03-15T04:03:51.000000;2016-03-15T04:03:51.653000;78b5081b-e757-47eb-8a2f-6c7039621c74;12.075;2.13396554;BUY
2016-03-15T04:03:52.000000;2016-03-15T04:03:52.987000;b2401c75-859a-4ec3-a48f-e4410b32f0cf;12.075;2.13591203;BUY
2016-03-15T04:04:03.000000;2016-03-15T04:04:03.237000;9dd50ca0-0b0c-40bf-9a6c-888ff4e6c6bc;12.06;0.4391873;SELL
2016-03-15T04:04:25.000000;2016-03-15T04:04:25.627000;e2e2abcb-a780-46c2-83d7-46bacd8ff775;12.075;1.0;BUY
2016-03-15T04:04:39.000000;2016-03-15T04:04:39.787000;875e204c-f432-4291-adc2-017411399b46;12.075;0.6;BUY
2016-03-15T04:04:49.000000;2016-03-15T04:04:49.233000;964a74f2-312c-4549-a4fc-affabe20d360;12.171;1.0;BUY
2016-03-15T04:04:56.000000;2016-03-15T04:04:56.153000;f18aa0ff-aff6-4679-ba0d-35d24d9e8fc9;12.171;1.0;BUY
2016-03-15T04:05:42.000000;2016-03-15T04:05:43.227000;8559328c-7624-4320-b962-2c2978807fcd;12.088;1.0;BUY
2016-03-15T04:05:48.000000;2016-03-15T04:05:48.120000;02cfe6f5-bba9-4778-bbc5-7244d083adb4;12.088;1.0;BUY
2016-03-15T04:07:03.000000;2016-03-15T04:07:03.083000;6656b870-3835-4e2a-b584-acc6482e26b3;12.088;0.39272224;BUY
2016-03-15T04:07:13.000000;2016-03-15T04:07:13.243000;9d3a9fcb-4a57-41a7-b922-a71a2d585252;12.088;1.0;BUY
2016-03-15T04:07:21.000000;2016-03-15T04:07:21.147000;9d026c08-78a5-4008-8e8f-3051ff734da4;12.08;1.0;SELL
2016-03-15T04:07:21.000000;2016-03-15T04:07:21.150000;3187f2cd-2cc8-456c-b280-bcfc191c30ab;12.08;0.05326679;SELL
2016-03-15T04:07:22.000000;2016-03-15T04:07:22.407000;8c371c4a-6a6f-45d1-8e5e-c927e7de5af2;12.088;1.0;BUY
2016-03-15T04:07:40.000000;2016-03-15T04:07:40.480000;246defd8-67fc-4966-92d8-7e97344d51f4;12.08;1.94673321;SELL
2016-03-15T04:07:40.000000;2016-03-15T04:07:40.483000;4dacb38d-7cdb-4c2c-a024-a1011e305b5f;12.08;1.0;SELL
2016-03-15T04:07:40.000000;2016-03-15T04:07:40.490000;9d94b5d1-95de-462b-81f7-6baa30062773;12.08;1.0;SELL
2016-03-15T04:07:40.000000;2016-03-15T04:07:40.500000;98ff22b1-3fa0-4a47-b6a4-24bfe2ed4bf7;12.08;1.0;SELL
2016-03-15T04:07:47.000000;2016-03-15T04:07:47.277000;8c0d40d3-3111-4b34-a097-cbce57b925f3;12.08;1.0;BUY
2016-03-15T04:08:02.000000;2016-03-15T04:08:02.343000;0ef6f361-e55a-4d90-9619-4cab09f3c0a8;12.07;1.0;SELL
2016-03-15T04:08:38.000000;2016-03-15T04:08:38.410000;c3cd6a5a-4b80-4d19-b264-efb4a7b2bac7;12.079;0.68215859;BUY
2016-03-15T04:08:38.000000;2016-03-15T04:08:38.433000;aaf88f9a-6122-465d-baef-d3e1db25ebb0;12.08;0.31784141;BUY
2016-03-15T04:08:51.000000;2016-03-15T04:08:51.317000;80f11ea6-c476-40e3-abba-9e270d1c581a;12.07;0.43874;SELL
2016-03-15T04:08:58.000000;2016-03-15T04:08:58.237000;6153c023-a2c3-4102-b935-381c7a123910;12.07;0.56126;SELL
2016-03-15T04:09:01.000000;2016-03-15T04:09:01.313000;3315f044-2303-4708-a7c0-8fc28b10953c;12.07;0.43874;BUY
2016-03-15T04:09:17.000000;2016-03-15T04:09:17.340000;d4e59984-4ee6-4361-a76f-8450e51e69f2;12.08;1.0;BUY
2016-03-15T04:09:48.000000;2016-03-15T04:09:48.977000;93b56c36-b47d-4047-9fa0-771fd4d00cf1;12.079;0.36963705;BUY
2016-03-15T04:09:48.000000;2016-03-15T04:09:48.977000;57426367-08c6-4200-a946-85894c902895;12.08;0.63036295;BUY
2016-03-15T04:10:41.000000;2016-03-15T04:10:42.057000;395c5dcf-e33f-439f-8dfb-84552236176f;12.08;1.0;BUY
2016-03-15T04:10:57.000000;2016-03-15T04:10:58.030000;a1c21107-8354-47c8-9a29-391866bb137e;12.08;0.6;BUY
2016-03-15T04:11:15.000000;2016-03-15T04:11:15.850000;effaaed0-271b-481f-b285-512a7cab9e62;12.08;0.39852885;BUY
2016-03-15T04:11:41.000000;2016-03-15T04:11:41.653000;5832e567-728c-432a-91fb-cd9105c7d1e6;12.095;1.0;BUY
2016-03-15T04:11:49.000000;2016-03-15T04:11:49.127000;2596a604-c65d-44c3-a10a-053178cdd73b;12.095;1.0;BUY
2016-03-15T04:11:54.000000;2016-03-15T04:11:54.923000;972ab7d3-1e92-4e1f-a0ee-08820605b349;12.095;1.0;BUY
2016-03-15T04:12:41.000000;2016-03-15T04:12:41.083000;260764f7-3418-4245-bf56-5c0fd5a1c097;12.095;1.0;BUY
2016-03-15T04:13:12.000000;2016-03-15T04:13:13.060000;dc8587b6-8ac1-4293-aa1a-8e87778b8160;12.095;0.6;BUY
2016-03-15T04:18:33.000000;2016-03-15T04:18:33.557000;f7cde7ec-4226-447d-b56f-5002d7e92185;12.095;3.58;BUY
2016-03-15T04:23:06.000000;2016-03-15T04:23:06.163000;234260a2-5c1e-41ed-998f-8214eee82ea0;12.095;1.05034498;BUY
2016-03-15T04:23:07.000000;2016-03-15T04:23:07.790000;cde36bf4-070f-45fa-a17a-fdfb6946f103;12.095;0.66132832;BUY
2016-03-15T04:23:08.000000;2016-03-15T04:23:08.733000;769d24ed-6cee-4dd6-89bf-fbb57cb4e035;12.095;1.89004489;BUY
2016-03-15T04:23:08.000000;2016-03-15T04:23:08.853000;ea47a525-fc58-4a93-b33a-b459c40b2661;12.095;0.72971342;BUY
2016-03-15T04:23:09.000000;2016-03-15T04:23:10.000000;dba0dc15-edb1-4e66-96ca-d40ad932d1b8;12.095;2.37158552;BUY
2016-03-15T04:23:10.000000;2016-03-15T04:23:10.830000;ca7ee9bf-a963-4191-9495-74ad083c30c6;12.095;2.3688858;BUY
2016-03-15T04:23:12.000000;2016-03-15T04:23:12.927000;16a16099-94a9-4ae6-95de-dbc27da31662;12.095;2.34369131;BUY
2016-03-15T04:23:16.000000;2016-03-15T04:23:16.943000;db9f2b1a-9b3e-4904-8241-14937283db98;12.095;2.34286829;BUY
2016-03-15T04:23:18.000000;2016-03-15T04:23:18.193000;884019db-9441-4f2a-ad71-38d5fc7fce91;12.095;2.34086871;BUY
2016-03-15T04:23:19.000000;2016-03-15T04:23:19.043000;6e3b3bf1-1164-460d-9636-d6dcf6c59791;12.095;2.33883109;BUY
2016-03-15T04:23:19.000000;2016-03-15T04:23:19.900000;301abb02-d293-43ec-ad46-c14bb61910aa;12.095;2.34106191;BUY
2016-03-15T04:23:21.000000;2016-03-15T04:23:21.120000;32faeed4-b180-468a-a356-3cfc4d1dd425;12.095;2.3349523;BUY
2016-03-15T04:23:21.000000;2016-03-15T04:23:21.900000;a38978c5-12bb-4c8a-a3c6-2e7d231d6b0a;12.095;2.33717182;BUY
2016-03-15T04:23:22.000000;2016-03-15T04:23:22.737000;89612d7a-eef3-4b6c-8e75-a702dc113285;12.095;2.3310726;BUY
2016-03-15T04:23:25.000000;2016-03-15T04:23:25.780000;1b2f6504-4f56-4bb0-9da4-51ebc3f2e5f2;12.095;2.3292309;BUY
2016-03-15T04:23:29.000000;2016-03-15T04:23:29.057000;22508106-2f7e-4e94-9e21-667d8928f424;12.095;8.55514814;BUY
2016-03-15T04:23:39.000000;2016-03-15T04:23:40.237000;acc751bb-248d-4435-bed8-0a78ca53b8fe;12.176;0.47108008;BUY
2016-03-15T04:23:40.000000;2016-03-15T04:23:40.427000;647c81ac-c1f5-4d90-8e8f-7428b1568187;12.176;1.76910592;BUY
2016-03-15T04:23:45.000000;2016-03-15T04:23:45.910000;c4e2e7ab-abd5-46dd-ad15-f074379a1ac6;12.19;0.47108008;BUY
2016-03-15T04:23:45.000000;2016-03-15T04:23:45.913000;c92fa17a-53f2-444f-ae70-9cea879761c7;12.383;0.40944105;BUY
2016-03-15T04:23:45.000000;2016-03-15T04:23:45.933000;0632e0ca-2471-495b-ae62-5960f09c5cfb;12.386;0.11947887;BUY
2016-03-15T04:36:26.000000;2016-03-15T04:36:26.937000;69a7a54d-6da9-404f-ad6d-7948fc01c1b6;12.313;0.77154597;BUY
2016-03-15T04:36:26.000000;2016-03-15T04:36:26.960000;0f1dac14-63cd-4623-961b-8a8d53af211e;12.316;2.205929;BUY
2016-03-15T04:36:26.000000;2016-03-15T04:36:26.960000;7085457b-522c-4ba6-a274-95c5d351bc65;12.316;62.23567773;BUY
2016-03-15T04:39:28.000000;2016-03-15T04:39:28.637000;d1df5ebe-375f-4def-9a2a-6f27b871d768;12.39;0.40944105;BUY
2016-03-15T04:39:28.000000;2016-03-15T04:39:28.653000;5bfcc177-1f07-409b-862b-f057c95ea0c3;12.4;16.7;BUY
2016-03-15T04:39:28.000000;2016-03-15T04:39:28.653000;9f5d3f87-5522-4f3b-a64e-a3272820083f;12.453;2.201172;BUY
2016-03-15T04:39:28.000000;2016-03-15T04:39:28.663000;224af22c-c696-4142-9bc9-1d1cdacdb820;12.453;80.68938695;BUY
2016-03-15T04:45:25.000000;2016-03-15T04:45:25.623000;16470a50-b38a-4b89-9823-3e6591416ec3;12.572;1.03428694;BUY
2016-03-15T04:45:25.000000;2016-03-15T04:45:25.640000;667fd10d-6f92-4333-80f1-aa8b32aadb3d;12.572;50.96571306;BUY
2016-03-15T04:49:58.000000;2016-03-15T04:49:58.603000;7f301d31-98ac-4566-80ce-d068064ceaf9;12.521;1.03849995;BUY
2016-03-15T04:49:58.000000;2016-03-15T04:49:58.623000;d43a9e87-b248-4465-9803-487d86f6771f;12.521;2.171048;BUY
2016-03-15T04:49:58.000000;2016-03-15T04:49:58.907000;1c627ffd-6cf8-4253-8214-f6f5282e6ce9;12.525;89.94857148;SELL
2016-03-15T04:49:59.000000;2016-03-15T04:49:59.097000;4e988f03-514e-4b61-a4c6-53cafa4d5116;12.525;0.65387041;SELL
2016-03-15T04:49:59.000000;2016-03-15T04:49:59.233000;100b3123-2962-4836-a6ff-4260af01f35c;12.525;1.51935832;SELL
2016-03-15T04:49:59.000000;2016-03-15T04:49:59.603000;2114de3c-2e4d-4e21-9d5f-419f150e72c5;12.525;2.43987909;SELL
2016-03-15T04:50:00.000000;2016-03-15T04:50:00.793000;7ab04ab7-3780-4e2f-b20e-bd37b19de836;12.525;1.10403495;SELL
2016-03-15T04:50:01.000000;2016-03-15T04:50:02.203000;19f5f6fe-b657-4f1c-8dc6-cc1eae0a61e3;12.525;1.1247378;SELL
2016-03-15T04:54:09.000000;2016-03-15T04:54:09.130000;b84adadd-f52f-48a2-bac5-4b23e65a3aac;12.44;0.35;SELL
2016-03-15T04:54:10.000000;2016-03-15T04:54:10.413000;8849702b-d107-483f-8bb5-578810713193;12.44;9.65;SELL
2016-03-15T04:54:10.000000;2016-03-15T04:54:10.423000;f00ad17a-87b7-425e-9636-15827a93d94f;12.44;6.021283;SELL
2016-03-15T04:54:10.000000;2016-03-15T04:54:10.850000;1eb266a0-76ac-46bc-9313-30a563187010;12.44;1.33835007;SELL
2016-03-15T04:54:11.000000;2016-03-15T04:54:11.973000;34459425-ea11-4eff-b780-c8d0042b86b1;12.44;1.33718512;SELL
2016-03-15T04:54:12.000000;2016-03-15T04:54:12.653000;aef68e02-4bd5-4e4c-a78e-7e5aecdd8908;12.44;57.06338181;SELL
2016-03-15T04:57:45.000000;2016-03-15T04:57:45.277000;64b0251a-54f5-4f6c-a259-012cc268edab;12.472;3.02553462;BUY
2016-03-15T04:57:45.000000;2016-03-15T04:57:45.300000;0f212cab-393a-4547-b32c-ad9e6a66ef7c;12.473;1.33618848;BUY
2016-03-15T04:58:16.000000;2016-03-15T04:58:16.467000;e7660647-d43e-4260-9ad7-1ec05cf709cc;12.505;0.60044569;BUY
2016-03-15T04:58:16.000000;2016-03-15T04:58:16.777000;2a6e4f44-2275-448e-a81b-7a8e3c461338;12.505;0.20056295;BUY
2016-03-15T04:58:22.000000;2016-03-15T04:58:22.613000;01e68d68-4821-4b47-a9ae-3d273907f2fb;12.519;1.12024335;BUY
2016-03-15T04:58:23.000000;2016-03-15T04:58:23.363000;9e0443cf-facf-4968-b7de-d4d394bdc274;12.519;0.00449445;BUY
2016-03-15T04:58:23.000000;2016-03-15T04:58:23.860000;52e14472-609b-48d3-8756-cde06159ad4c;12.52;1.18500015;BUY
2016-03-15T04:58:26.000000;2016-03-15T04:58:26.843000;5096d184-7f75-452d-a709-c06ea675d6fd;12.52;0.2515068;BUY
2016-03-15T04:58:32.000000;2016-03-15T04:58:32.777000;9883efcb-530b-4b41-a18c-477a71a7ed67;12.52;1.54769038;BUY
2016-03-15T04:58:36.000000;2016-03-15T04:58:36.203000;6cadcba9-96c6-4656-b63d-c466fb903e08;12.52;0.60872917;BUY
2016-03-15T04:58:37.000000;2016-03-15T04:58:37.320000;040a9dca-07f3-42fc-82a0-eb0948b2eec1;12.52;3.84729083;BUY
2016-03-15T04:58:37.000000;2016-03-15T04:58:37.903000;a46ed24b-3492-4f91-b978-4b6a64151a6b;12.52;0.91995063;BUY
2016-03-15T04:58:40.000000;2016-03-15T04:58:40.850000;9220c7d7-9364-43c5-a470-d0a3f06dbfd0;12.52;5.27017147;BUY
2016-03-15T04:58:42.000000;2016-03-15T04:58:42.420000;f61a81a6-219d-44a1-808c-e9c1c1fff38d;12.52;1.27747332;BUY
2016-03-15T04:58:42.000000;2016-03-15T04:58:42.613000;07490feb-ec69-4b87-8a3b-a3761cad6aaf;12.52;50.85238725;BUY
2016-03-15T04:59:43.000000;2016-03-15T04:59:43.080000;bf520dc7-4e5e-466c-b52c-afe750154560;12.576;2.178114;BUY
2016-03-15T04:59:44.000000;2016-03-15T04:59:44.280000;07f5db49-99da-4bcf-ae3a-4e187b7c31a9;12.576;0.40083664;BUY
2016-03-15T04:59:47.000000;2016-03-15T04:59:47.687000;ecc60242-a983-4a0a-a7e9-7eb6f134ac76;12.576;1.15444073;BUY
2016-03-15T04:59:47.000000;2016-03-15T04:59:47.693000;e93ca966-08b3-48ff-ba64-d9895b9e1224;12.576;1.91864024;BUY
2016-03-15T04:59:49.000000;2016-03-15T04:59:49.797000;3d5bb7ab-7120-4f9f-96c6-11f58c272221;12.576;1.60292693;BUY
2016-03-15T04:59:49.000000;2016-03-15T04:59:50.047000;8bd82703-eb9f-481a-b7bc-1dcac40dcc97;12.576;0.64327179;BUY
2016-03-15T04:59:50.000000;2016-03-15T04:59:50.433000;5c45b41d-dc77-4f7f-bfa6-a967c1fba7d0;12.576;0.91831473;BUY
2016-03-15T04:59:50.000000;2016-03-15T04:59:51.160000;a951b9c2-f41d-46ea-a669-6eabacdc01d2;12.576;0.43852982;BUY
2016-03-15T04:59:51.000000;2016-03-15T04:59:51.810000;17b7be83-030f-4737-a27b-0d0a09d431fa;12.577;0.58495194;BUY
2016-03-15T04:59:52.000000;2016-03-15T04:59:52.147000;467b31eb-cc9d-40fb-b042-bb2128987e5e;12.577;0.50767304;BUY
2016-03-15T04:59:54.000000;2016-03-15T04:59:54.397000;c11a5cb1-8bc4-46f8-89e6-c757e1bf1f75;12.628;0.2499066;BUY
2016-03-15T04:59:56.000000;2016-03-15T04:59:56.817000;5a6008be-7816-422d-90c9-13a4f5e7f98a;12.638;1.98250975;BUY
2016-03-15T04:59:57.000000;2016-03-15T04:59:57.683000;9ca1a3eb-142d-4af1-b30a-d4e8f8e912fd;12.642;0.80491861;BUY
2016-03-15T04:59:58.000000;2016-03-15T04:59:58.813000;72a73332-726b-4301-82b2-a5158989697a;12.639;0.23434287;SELL
2016-03-15T04:59:59.000000;2016-03-15T05:00:01.220000;3acaaea7-8b1d-4cd5-9492-3a73303e098c;12.638;1.09262498;BUY
2016-03-15T04:59:59.000000;2016-03-15T05:00:01.240000;63987365-30a3-44f8-b648-2c8873f0261a;12.638;0.2499066;BUY
2016-03-15T04:59:59.000000;2016-03-15T05:00:01.240000;08548ce0-413c-4680-a1b2-a5cdd06d6266;12.638;0.37703832;BUY
2016-03-15T04:59:59.000000;2016-03-15T05:00:01.247000;09519bc3-ca1d-461f-8031-7415968736f9;12.638;0.60084571;BUY
2016-03-15T05:00:01.000000;2016-03-15T05:00:03.350000;64ac1099-aaca-4568-9b98-0a4f80aefeee;12.639;0.53082571;BUY
2016-03-15T05:00:03.000000;2016-03-15T05:00:03.433000;1e512eea-e6d4-4782-9325-4fdd48b64222;12.639;0.56179927;BUY
2016-03-15T05:00:03.000000;2016-03-15T05:00:03.460000;aedbdca7-a14d-475e-adc7-5917be49cd27;12.643;0.2499066;BUY
2016-03-15T05:00:03.000000;2016-03-15T05:00:03.477000;8808cd92-4556-48bb-ad97-7cde1a950426;12.643;0.61138119;BUY
2016-03-15T05:00:03.000000;2016-03-15T05:00:03.483000;fab821fd-f6bf-44d2-aa5e-8808ee35b3ef;12.644;1.47789597;BUY
2016-03-15T05:00:03.000000;2016-03-15T05:00:03.500000;f6785fd2-62b5-4435-9460-ed866b13466c;12.644;0.54438937;BUY
2016-03-15T05:00:03.000000;2016-03-15T05:00:03.893000;08b0cd7e-3878-4c91-9b27-0d1333ff1d47;12.643;0.61138119;BUY
2016-03-15T05:00:03.000000;2016-03-15T05:00:03.917000;5a585bb8-1ee8-4ed2-a19e-dc31156f05b1;12.644;2.0212925;BUY
2016-03-15T05:00:07.000000;2016-03-15T05:00:07.877000;d812a146-94c1-455e-a926-e5bf6d648e55;12.661;0.14748754;BUY
2016-03-15T05:00:07.000000;2016-03-15T05:00:07.880000;5da4e9d6-94d1-43aa-9eba-39390f5cc08e;12.662;0.08685533;BUY
2016-03-15T05:00:11.000000;2016-03-15T05:00:11.717000;3916e28e-872a-41f4-b9ee-7e50d9464012;12.662;2.07715767;BUY
2016-03-15T05:03:44.000000;2016-03-15T05:03:44.497000;a9126875-8043-4799-954c-dcb5bb0636df;12.701;2.24730161;SELL
2016-03-15T05:03:48.000000;2016-03-15T05:03:48.917000;c4a13956-352d-472f-954e-0e47cc09d3a7;12.701;1.96669796;SELL
2016-03-15T05:04:12.000000;2016-03-15T05:04:12.717000;0caeed10-17cd-407f-b52c-5935c2cb8ebd;12.597;0.9428562;BUY
2016-03-15T05:04:12.000000;2016-03-15T05:04:12.717000;6cf713ca-8a21-4450-89cc-8dc2cf8f6b82;12.597;0.14976878;BUY
2016-03-15T05:04:12.000000;2016-03-15T05:04:12.727000;be923d3e-98af-41bd-85d6-eb4f74a159ca;12.597;0.77163236;BUY
2016-03-15T05:04:12.000000;2016-03-15T05:04:12.743000;0e0b66a8-9e5f-4e2f-9ae1-fb8a4a2887ff;12.597;0.02145506;BUY
2016-03-15T05:04:13.000000;2016-03-15T05:04:13.880000;326732ba-96d5-4243-bf47-3ab4c0b48a4f;12.598;1.39327187;SELL
2016-03-15T05:04:14.000000;2016-03-15T05:04:14.070000;688ead90-7bf5-402d-a4b8-9b20cb0c9e94;12.598;0.41714505;SELL
2016-03-15T05:04:14.000000;2016-03-15T05:04:14.073000;34b479ef-d9b5-4ab4-8b36-9758a5a95774;12.593;10.26431264;SELL
2016-03-15T05:04:15.000000;2016-03-15T05:04:15.447000;a9f4b37b-1a25-46b3-9e1c-eafbd058d8cc;12.593;2.63517;SELL
2016-03-15T05:04:16.000000;2016-03-15T05:04:16.393000;c9127523-2b11-4972-bb53-9ae83f02d88f;12.593;1.85682132;SELL
2016-03-15T05:04:17.000000;2016-03-15T05:04:17.850000;a36d7a16-0ed2-4b2e-a905-7ef18915d0ba;12.593;1.69439604;SELL
2016-03-15T05:05:17.000000;2016-03-15T05:05:17.823000;04895d96-c212-4f7e-9668-dcd567ec09cc;12.578;1.69439604;BUY
2016-03-15T05:05:17.000000;2016-03-15T05:05:17.833000;c88f5050-2e35-41f3-8fed-0b370a375d8d;12.591;1.30560396;BUY
2016-03-15T05:05:18.000000;2016-03-15T05:05:19.320000;84ed09c4-d44b-4e9f-8722-92a26ff62015;12.536;0.38879208;SELL
2016-03-15T05:07:39.000000;2016-03-15T05:07:39.853000;31c21b67-2afe-441e-aac7-791d5872acb6;12.595;0.9428562;BUY
2016-03-15T05:07:39.000000;2016-03-15T05:07:39.873000;0f965727-9804-4dbc-8030-9eee17c3ad45;12.595;1.69439604;BUY
2016-03-15T05:07:39.000000;2016-03-15T05:07:39.873000;b02a1647-1e56-4dd7-9c5a-a269b0b57a0b;12.598;1.81041692;BUY
2016-03-15T05:07:39.000000;2016-03-15T05:07:39.873000;bd778958-d7b0-4701-8c90-a9f4cee4a67b;12.598;78.85143084;BUY
2016-03-15T05:08:31.000000;2016-03-15T05:08:31.417000;8fe80cae-9233-4d06-921b-a3bb23470af9;12.536;4.27652099;SELL
2016-03-15T05:10:12.000000;2016-03-15T05:10:12.563000;43959a48-76ad-4d1b-98d1-469e5d2cf82d;12.669;1.69439604;BUY
2016-03-15T05:10:12.000000;2016-03-15T05:10:12.580000;52c88768-f7f8-4294-a113-5727ac0fcb10;12.669;0.9428562;BUY
2016-03-15T05:10:12.000000;2016-03-15T05:10:12.580000;a9faa138-7bfd-424f-a51b-474d31d4bf5f;12.671;4.22516001;BUY
2016-03-15T05:10:12.000000;2016-03-15T05:10:12.790000;fd85aeb4-a96d-421e-ae80-ab9ee24b2ad8;12.671;4.22582702;SELL
2016-03-15T05:10:13.000000;2016-03-15T05:10:13.233000;01d827a8-c7e8-487d-94d2-950aa45141e1;12.671;0.81549669;SELL
2016-03-15T05:10:13.000000;2016-03-15T05:10:13.247000;e613dc40-6cac-4c1d-8cc2-fcfccf25d005;12.671;6.25214133;SELL
2016-03-15T05:10:13.000000;2016-03-15T05:10:13.353000;01904ecb-01ec-4d09-b30f-14ce9e4edd18;12.671;0.10636913;SELL
2016-03-15T05:10:13.000000;2016-03-15T05:10:13.463000;3939920a-b9e0-430b-9b52-79f9be6276d3;12.671;10.43965358;SELL
2016-03-15T05:10:18.000000;2016-03-15T05:10:18.260000;3f55754f-ca73-4e91-b475-5a058a4133f0;12.536;15.88459676;SELL
2016-03-15T05:12:08.000000;2016-03-15T05:12:08.357000;cddc6cbd-f012-4a66-aaaf-b66dc54bd352;12.656;9.53643237;BUY
2016-03-15T05:17:15.000000;2016-03-15T05:17:15.623000;b561cd7f-bc48-44e8-b57f-fdb455c2e80b;12.541;4.04483955;SELL
2016-03-15T05:17:17.000000;2016-03-15T05:17:17.447000;ecbae43a-4ebf-4f75-a57f-89ebfaf96e69;12.541;0.78005605;SELL
2016-03-15T05:17:17.000000;2016-03-15T05:17:17.487000;0f23bd46-333f-436d-94d9-22102f0765b4;12.541;0.1751044;SELL
2016-03-15T05:17:17.000000;2016-03-15T05:17:17.500000;f74c5d9e-0056-4246-b7dd-6149ba852504;12.54;5.80532531;SELL
2016-03-15T05:17:17.000000;2016-03-15T05:17:17.647000;f7a2a4c3-2910-4ebb-b7d3-fa8efdce7dfd;12.54;4.04516185;SELL
2016-03-15T05:17:19.000000;2016-03-15T05:17:19.323000;546cc9af-e152-4fe8-bc71-c8a390f2911f;12.54;11.84617635;SELL
2016-03-15T05:17:23.000000;2016-03-15T05:17:23.947000;3a752e66-6911-4218-938c-d66b60d3eb0b;12.54;5.65057565;SELL
2016-03-15T05:17:25.000000;2016-03-15T05:17:25.450000;7be0a5a4-cb73-4d15-9305-2049fc48276e;12.52;0.87770779;SELL
2016-03-15T05:17:25.000000;2016-03-15T05:17:25.453000;ee248b32-ab87-4728-adf9-206e205f868e;12.52;3.41713096;SELL
2016-03-15T05:17:28.000000;2016-03-15T05:17:28.993000;e3e6773d-31ae-43ad-86bc-eef508ca3416;12.519;1.12024335;SELL
2016-03-15T05:17:31.000000;2016-03-15T05:17:31.730000;fd5d670c-7b13-4c77-821e-0850d310a0ab;12.444;2.15459507;SELL
2016-03-15T05:26:43.000000;2016-03-15T05:26:43.490000;1f7b3d34-5bf5-42f8-9016-01576ee4efb9;12.485;0.73725542;SELL
2016-03-15T05:33:12.000000;2016-03-15T05:33:12.880000;5cbdcee6-3fd9-4931-bdee-e013262e0f21;12.503;1.0;BUY
2016-03-15T05:33:20.000000;2016-03-15T05:33:20.543000;07572523-a8d8-4074-9c21-e8c83d3bd764;12.503;0.10561;BUY
2016-03-15T05:33:34.000000;2016-03-15T05:33:34.507000;c4f0c04c-a6b3-46f9-a932-d901a18a9d60;12.503;1.0;BUY
2016-03-15T05:34:00.000000;2016-03-15T05:34:00.567000;3834b2c1-857e-4ac0-a1e7-f480a7cbc932;12.503;1.0;BUY
2016-03-15T05:34:01.000000;2016-03-15T05:34:01.713000;24f56f32-ae94-42a3-a3fb-9556a252a2a6;12.49;0.93922955;SELL
2016-03-15T05:34:04.000000;2016-03-15T05:34:04.870000;dc75327a-559f-494c-adc9-163759cdfc2d;12.503;0.1;BUY
2016-03-15T05:34:50.000000;2016-03-15T05:34:50.333000;79e3f4b8-f8cc-40c7-bc78-45ffcacd8c72;12.503;1.0;BUY
2016-03-15T05:38:22.000000;2016-03-15T05:38:22.973000;726fed08-0c2d-4c00-a943-0a8188bc1afd;12.485;0.26274458;SELL
2016-03-15T05:38:22.000000;2016-03-15T05:38:22.973000;24791855-ada5-442a-a88b-b2d0b47412f4;12.444;0.05547993;SELL
2016-03-15T05:38:22.000000;2016-03-15T05:38:22.977000;45738042-27f8-4884-a722-41f6aebcf22c;12.414;2.160211;SELL
2016-03-15T05:38:22.000000;2016-03-15T05:38:22.977000;5ca44804-653b-49b8-88ae-c10c368c520b;12.414;0.08847583;SELL
2016-03-15T05:38:25.000000;2016-03-15T05:38:26.783000;0816d88f-f4a5-4f95-8947-1a37fc78cd81;12.414;1.0;SELL
2016-03-15T05:38:25.000000;2016-03-15T05:38:27.090000;9ab1b341-5880-4309-8b9b-7d009b5789f2;12.414;1.0;SELL
2016-03-15T05:42:32.000000;2016-03-15T05:42:32.700000;783d4d19-1f31-4d12-a798-5513f74d2050;12.46;1.0;SELL
2016-03-15T05:42:34.000000;2016-03-15T05:42:35.027000;31045b2d-8f1f-4646-a3c1-f9d307c82e07;12.46;1.0;BUY
2016-03-15T05:42:38.000000;2016-03-15T05:42:39.273000;6a339dc2-5c01-461d-aa33-9485ea18aa49;12.459;1.0;BUY
2016-03-15T05:43:03.000000;2016-03-15T05:43:03.203000;15b90e42-19eb-43b8-9233-cc32079637d3;12.457;1.0;BUY
2016-03-15T05:43:15.000000;2016-03-15T05:43:15.477000;ad758759-cae0-466a-9f2c-d9048a84ee81;12.44;1.0;SELL
2016-03-15T05:43:17.000000;2016-03-15T05:43:17.050000;7a6cd13c-b06e-43ee-bd85-fe743f24d254;12.44;0.80466373;BUY
2016-03-15T05:43:17.000000;2016-03-15T05:43:17.423000;6aae1764-f6e3-459b-b6a5-4873d9ea6594;12.44;1.0;SELL
2016-03-15T05:43:17.000000;2016-03-15T05:43:17.440000;5b138b39-d2d7-4f91-a66c-828b04abf268;12.44;1.0;SELL
2016-03-15T05:43:21.000000;2016-03-15T05:43:21.600000;e203aa83-81fe-476a-a833-37b520e78316;12.44;1.0;BUY
2016-03-15T05:43:49.000000;2016-03-15T05:43:49.723000;863aace1-c0f2-47f3-8810-e781d55766fc;12.474;1.0;BUY
2016-03-15T05:43:54.000000;2016-03-15T05:43:54.637000;ad2918d8-dc29-4ff3-9b7f-7714cd7104ce;12.474;1.0;BUY
2016-03-15T05:44:53.000000;2016-03-15T05:44:53.387000;4b2b968e-b88b-497b-b621-90fdf85d966b;12.503;1.0;BUY
2016-03-15T05:45:35.000000;2016-03-15T05:45:35.320000;23cd9d29-422b-4b88-851e-c378fdc2c06d;12.463;2.124745;BUY
2016-03-15T05:45:37.000000;2016-03-15T05:45:37.410000;f7b59231-acd8-446c-a03d-9784149000ff;12.493;0.36;BUY
2016-03-15T05:45:40.000000;2016-03-15T05:45:40.353000;4f102fa5-4154-4cad-acd3-4df374459b7a;12.458;1.2029358;SELL
2016-03-15T05:45:40.000000;2016-03-15T05:45:40.397000;51939b45-2929-4d07-9c20-5b5b88978ad5;12.458;0.7999642;SELL
2016-03-15T05:51:30.000000;2016-03-15T05:51:32.077000;b534cd38-426f-4016-9151-8981d5e3e759;12.278;0.89443199;SELL
2016-03-15T05:51:30.000000;2016-03-15T05:51:32.093000;ac5d85db-da55-4bbc-9816-56b995d9c9f0;12.278;0.10556801;SELL
2016-03-15T06:04:02.000000;2016-03-15T06:04:02.753000;f2718980-9826-4380-afef-1bc7cd8818b0;12.458;1.2029358;BUY
2016-03-15T06:04:02.000000;2016-03-15T06:04:02.760000;f42bd1bd-5ff8-491a-b8da-1a6aa7f83e46;12.458;1.08699009;BUY
2016-03-15T06:04:06.000000;2016-03-15T06:04:07.527000;20372b92-5622-4467-b34f-23eed4f3d598;12.458;0.91590991;BUY
2016-03-15T06:04:06.000000;2016-03-15T06:04:07.547000;81d791ce-074b-4458-ae4f-bd9bf7357de7;12.458;1.37401598;BUY
2016-03-15T06:06:27.000000;2016-03-15T06:06:27.747000;39223275-6807-4da3-96a8-750fc83250b7;12.458;50.0;BUY
2016-03-15T06:09:02.000000;2016-03-15T06:09:02.453000;f3d7fc49-2722-49ed-87c4-65c267c78dd3;12.398;1.0;SELL
2016-03-15T06:09:12.000000;2016-03-15T06:09:12.803000;445ed212-9f9b-413b-bdda-3ca1658f0c24;12.458;3.42192753;BUY
2016-03-15T06:10:49.000000;2016-03-15T06:10:49.670000;69321ed4-2ac0-4b04-a4e7-641d53e1d691;12.458;0.88767549;BUY
2016-03-15T06:10:52.000000;2016-03-15T06:10:52.180000;397f24d1-222a-4850-b522-63b58dcde281;12.458;3.4267238;BUY
2016-03-15T06:10:55.000000;2016-03-15T06:10:56.310000;c61d0541-20d6-4e60-b872-58a26a32d621;12.458;1.20824281;BUY
2016-03-15T06:10:58.000000;2016-03-15T06:10:59.027000;e3c032d7-6408-444a-8683-11da4521badd;12.458;4.06265287;BUY
2016-03-15T06:11:00.000000;2016-03-15T06:11:00.447000;e9f7c26f-3607-411a-8521-06e9c4bab778;12.458;1.05027087;BUY
2016-03-15T06:11:01.000000;2016-03-15T06:11:01.590000;4011dc00-7152-4d4b-9855-7b52cc4f60a7;12.458;0.23343416;BUY
2016-03-15T06:11:01.000000;2016-03-15T06:11:01.610000;a3a5276a-d3a4-4fc5-b0dd-0c1636cb6bed;12.459;2.124745;BUY
2016-03-15T06:11:55.000000;2016-03-15T06:11:55.470000;439c58eb-a974-40b8-8f0c-33689b5e0349;12.504;1.12024335;BUY
2016-03-15T06:12:18.000000;2016-03-15T06:12:18.907000;801c4d74-0bfd-49a8-a382-c19aee802a7d;12.581;0.87811492;BUY
2016-03-15T06:13:11.000000;2016-03-15T06:13:11.407000;1019f3eb-9a71-40f7-a097-affecc76b44d;12.575;1.01806574;SELL
2016-03-15T06:13:11.000000;2016-03-15T06:13:12.230000;7a8406ee-21f8-4083-831e-ac68986ed006;12.575;1.12024335;SELL
2016-03-15T06:13:37.000000;2016-03-15T06:13:37.407000;25273366-cce0-416a-957c-a4592926de93;12.627;1.72906397;BUY
2016-03-15T06:13:37.000000;2016-03-15T06:13:37.417000;0aa37593-1d01-4947-96dc-c390c87dec3c;12.628;2.124745;BUY
2016-03-15T06:13:37.000000;2016-03-15T06:13:37.423000;f76426e0-79a0-49c6-bd18-99083f29733c;12.628;5.00725459;BUY
2016-03-15T06:13:37.000000;2016-03-15T06:13:37.427000;224f658a-6815-4bcc-b006-f05c4b3bafd7;12.629;9.99;BUY
2016-03-15T06:13:37.000000;2016-03-15T06:13:37.440000;bfb35f52-dd03-412b-babc-2be3ccbeda3f;12.631;9.66453003;BUY
2016-03-15T06:13:37.000000;2016-03-15T06:13:37.460000;1387a5a4-5d4a-40b6-8b50-e72977685756;12.631;0.77512355;BUY
2016-03-15T06:13:37.000000;2016-03-15T06:13:37.467000;6ac4270c-b83c-4f97-9c4c-d0dd5df27e4d;12.671;0.35;BUY
2016-03-15T06:13:37.000000;2016-03-15T06:13:37.467000;d2dabe5a-5ba1-452f-a2fb-bea870266f67;12.7;5.67897517;BUY
2016-03-15T06:14:09.000000;2016-03-15T06:14:09.083000;748a774c-e0c7-4a69-a6be-88a82b9fd10a;12.659;0.2544;BUY
2016-03-15T06:18:08.000000;2016-03-15T06:18:08.873000;8870bcd7-8a55-4476-98db-b6c99fb89ef9;12.694;9.7356;BUY
2016-03-15T06:18:08.000000;2016-03-15T06:18:08.877000;14dfc80a-ddb4-415d-bed0-a6aa04b147ec;12.7;1.28290647;BUY
2016-03-15T06:18:08.000000;2016-03-15T06:18:08.877000;7040f489-fd72-43d6-9f00-885296cd5599;12.701;2.10845649;BUY
2016-03-15T06:18:09.000000;2016-03-15T06:18:09.400000;edc51a04-23c6-4626-8953-b9ff5f3c94c7;12.7;4.25724708;BUY
2016-03-15T06:18:11.000000;2016-03-15T06:18:12.680000;8e8ddbb8-33c0-4e65-90f4-1705c57abd25;12.607;5.47835292;SELL
2016-03-15T06:18:59.000000;2016-03-15T06:18:59.513000;79574380-0be4-4ac1-96f4-b8e3999e7e97;12.701;0.13884512;BUY
2016-03-15T06:18:59.000000;2016-03-15T06:18:59.513000;a927ecd8-7298-4823-b1e3-be02dc8ddb43;12.701;1.95828421;BUY
2016-03-15T06:19:02.000000;2016-03-15T06:19:02.993000;9af44339-d596-4649-8419-778bb07d6f85;12.701;0.00841375;BUY
2016-03-15T06:22:27.000000;2016-03-15T06:22:27.350000;eb079290-ae85-48e4-8019-01e96f31ce92;12.841;7.14737113;BUY
2016-03-15T06:22:27.000000;2016-03-15T06:22:27.360000;4d331a89-0c2f-476b-8a92-f591f83340ed;12.841;8.85262887;BUY
2016-03-15T06:24:54.000000;2016-03-15T06:24:54.367000;04845024-3ae9-4c21-b28e-f5ea51133989;12.777;0.110231;SELL
2016-03-15T06:24:54.000000;2016-03-15T06:24:54.370000;f988f931-6a61-4e93-9c84-ccf0578108aa;12.777;0.76011478;SELL
2016-03-15T06:24:55.000000;2016-03-15T06:24:55.253000;12dca714-67f5-43bb-801a-b4c860db6226;12.777;0.87034578;SELL
2016-03-15T06:24:58.000000;2016-03-15T06:24:58.573000;4c3a1104-358b-4054-8592-e1100a2f65d1;12.777;0.87034578;SELL
2016-03-15T06:25:05.000000;2016-03-15T06:25:05.920000;0dac2c16-94bb-48bc-94d4-193cf2526884;12.777;5.09735203;SELL
2016-03-15T06:30:58.000000;2016-03-15T06:30:58.300000;dee89b44-f72d-468a-84c4-13205531f363;12.777;1.00803882;SELL
2016-03-15T06:31:01.000000;2016-03-15T06:31:01.833000;4d6a145c-9103-4c7c-a6bb-282acb639faa;12.777;5.05124322;SELL
2016-03-15T06:31:04.000000;2016-03-15T06:31:04.990000;6b22d4e4-5033-4ab5-b2e2-c6d5a3d51336;12.777;0.64766799;SELL
2016-03-15T06:31:09.000000;2016-03-15T06:31:09.603000;04c1e40b-8dbc-4351-9b16-7dcbf6abd1a5;12.777;1.35841165;SELL
2016-03-15T06:31:13.000000;2016-03-15T06:31:13.743000;81eb7a77-f842-4b2e-be16-274e6b576ab1;12.777;1.61851938;SELL
2016-03-15T06:31:16.000000;2016-03-15T06:31:17.033000;f524b6cc-0fdf-4a23-a652-6a69292fb87d;12.777;1.00099405;SELL
2016-03-15T06:31:21.000000;2016-03-15T06:31:21.467000;b9e61098-29ef-4117-b7df-7bfe107a4c7c;12.777;5.6846898;SELL
2016-03-15T06:31:25.000000;2016-03-15T06:31:25.430000;96d99ce0-66f0-437a-b311-c91bb9f2d6b5;12.777;0.39257593;SELL
2016-03-15T06:31:35.000000;2016-03-15T06:31:35.780000;8fe2eaae-184b-4edd-bff2-3462bbfd246f;12.777;2.38003751;SELL
2016-03-15T06:31:45.000000;2016-03-15T06:31:45.723000;bacb8f3a-737a-476d-aca3-5e03851becd1;12.777;0.99596969;SELL
2016-03-15T06:31:48.000000;2016-03-15T06:31:48.993000;7301b256-fff0-48d9-80da-aa8d0629aad3;12.777;4.30059676;SELL
2016-03-15T06:31:52.000000;2016-03-15T06:31:52.740000;04bbeede-e09f-4f92-9139-41faedac6cc6;12.777;1.61472017;SELL
2016-03-15T06:31:58.000000;2016-03-15T06:31:58.593000;cd0cbd08-b127-463b-a7db-57b642f6ff83;12.777;5.32228265;SELL
2016-03-15T06:32:02.000000;2016-03-15T06:32:02.343000;9c34466f-82d8-40f2-b288-7a65f1cf8c0b;12.777;5.32228265;SELL
2016-03-15T06:32:05.000000;2016-03-15T06:32:05.840000;e1b0778a-1262-4a22-8157-7787295b7c2a;12.777;3.94306858;SELL
2016-03-15T06:47:52.000000;2016-03-15T06:47:52.960000;04198df1-dffe-4283-9123-a462763cefdf;12.741;2.11329;BUY
2016-03-15T06:47:55.000000;2016-03-15T06:47:55.227000;b51c4a6f-eed3-4c8f-89fa-889fc47e3402;12.741;1.65798888;SELL
2016-03-15T06:47:55.000000;2016-03-15T06:47:55.973000;4008d58a-3a5f-47a6-b39e-76b3ffa6c84c;12.741;1.65798888;SELL
2016-03-15T06:47:58.000000;2016-03-15T06:47:59.207000;5bb75a87-4455-41da-80ba-308b5e5556a5;12.741;1.65798888;SELL
2016-03-15T06:48:00.000000;2016-03-15T06:48:00.903000;f845018f-d599-463b-b2b6-621e3afc3ae4;12.741;1.98585189;SELL
2016-03-15T06:48:03.000000;2016-03-15T06:48:04.000000;2596d740-94cc-4895-affb-108955483e85;12.741;1.00092757;SELL
2016-03-15T06:48:07.000000;2016-03-15T06:48:07.197000;66b41c0f-5eae-4ecf-ad42-6c09615f55ab;12.741;4.8172242;SELL
2016-03-15T06:48:10.000000;2016-03-15T06:48:10.567000;cd1fc02a-eca2-4da0-b21d-ccaf605f33b8;12.741;0.42487506;SELL
2016-03-15T06:48:14.000000;2016-03-15T06:48:14.263000;44421bc6-b44f-4d16-9e19-023b867f4e8f;12.741;1.52706626;SELL
2016-03-15T06:48:17.000000;2016-03-15T06:48:17.427000;592d28c6-b76b-4d6a-b98d-81de85720a4b;12.741;1.98591752;SELL
2016-03-15T06:48:20.000000;2016-03-15T06:48:20.137000;74df07e1-506e-44fb-92c9-3388cbea6778;12.741;1.99398504;SELL
2016-03-15T06:48:23.000000;2016-03-15T06:48:23.193000;13dc3ca7-4bf0-45bd-9089-9d47917c0c11;12.741;2.03500778;SELL
2016-03-15T06:48:26.000000;2016-03-15T06:48:26.130000;d218880b-1cf7-4dab-8374-6adbc27ea114;12.741;3.16267764;SELL
2016-03-15T06:48:28.000000;2016-03-15T06:48:28.873000;dbc4f87c-3b0a-4a57-b1ff-f818757d6e2c;12.741;0.45561313;SELL
2016-03-15T06:48:31.000000;2016-03-15T06:48:31.580000;04a497f4-8e12-44e6-a9be-11752fba1048;12.741;0.42343026;SELL
2016-03-15T06:48:34.000000;2016-03-15T06:48:34.957000;4f5fad61-73f4-4b19-a4bc-87a528edc62a;12.741;1.56384127;SELL
2016-03-15T06:48:37.000000;2016-03-15T06:48:37.800000;aa30cdab-f19a-4c40-adbe-9cb504e3a370;12.741;0.99905309;SELL
2016-03-15T06:48:40.000000;2016-03-15T06:48:40.860000;25ccb0b3-283c-4250-b33c-58cf77239ff6;12.741;2.01784695;SELL
2016-03-15T06:48:43.000000;2016-03-15T06:48:43.593000;62b16d85-22a4-4332-82a4-66427e289009;12.741;1.98634733;SELL
2016-03-15T06:48:46.000000;2016-03-15T06:48:46.680000;b1ebc240-0dda-4310-af52-3f6b8d580389;12.741;2.55205598;SELL
2016-03-15T06:48:49.000000;2016-03-15T06:48:49.927000;05a314b6-d484-49d5-9226-db1da71c1fa4;12.741;4.65449066;SELL
2016-03-15T06:48:52.000000;2016-03-15T06:48:52.967000;089dd065-4ed7-484d-899b-feb111fb3315;12.741;1.99449091;SELL
2016-03-15T06:48:55.000000;2016-03-15T06:48:55.667000;bf425a45-ed26-43dc-8958-ab82fe96ae10;12.741;4.65449066;SELL
2016-03-15T06:48:59.000000;2016-03-15T06:48:59.813000;26b96c24-2c21-4d2e-9659-83ea8f935118;12.741;2.67755016;SELL
2016-03-15T06:50:18.000000;2016-03-15T06:50:18.587000;7b337d77-3189-4608-bf9a-6359316eddbc;12.701;2.08871558;SELL
2016-03-15T07:00:46.000000;2016-03-15T07:00:46.840000;ca16c495-f912-45bc-a09f-7fe687e2df59;12.642;0.116974;SELL
2016-03-15T07:00:46.000000;2016-03-15T07:00:46.867000;ac5aff7c-3648-4d50-8fc6-41462e61486d;12.63;0.76287827;SELL
2016-03-15T07:00:51.000000;2016-03-15T07:00:51.437000;47341a52-769a-4cc7-a8e1-81ffa9e053e0;12.63;0.87985227;SELL
2016-03-15T07:05:11.000000;2016-03-15T07:05:11.873000;bc86e1d2-0587-48c5-a9dd-99ff8b3d7889;12.63;0.35;SELL
2016-03-15T07:05:12.000000;2016-03-15T07:05:12.450000;071ec035-20fb-4209-b003-1b6cbfd1b283;12.63;1.80687924;SELL
2016-03-15T07:05:12.000000;2016-03-15T07:05:12.517000;a3f3a10c-b1da-4e3f-bd39-abe4c637d981;12.63;17.32249022;SELL
2016-03-15T07:05:19.000000;2016-03-15T07:05:19.657000;66c373b0-ab21-4c7b-931e-106e5274d3a9;12.52;2.15687924;SELL
2016-03-15T07:06:31.000000;2016-03-15T07:06:31.453000;412d26a9-ddd5-4b6b-80a8-156514b99d99;12.629;0.74755136;BUY
2016-03-15T07:06:31.000000;2016-03-15T07:06:31.467000;20a1658b-7f54-40b9-b78d-39eeb5d04b78;12.629;5.73122637;BUY
2016-03-15T07:06:31.000000;2016-03-15T07:06:31.467000;68e38a1b-c792-435b-914e-44c2182246b7;12.629;2.122244;BUY
2016-03-15T07:06:31.000000;2016-03-15T07:06:31.467000;7d8a7551-e8d0-4794-a10c-0cecc1a1cc34;12.63;0.35;BUY
2016-03-15T07:06:31.000000;2016-03-15T07:06:31.473000;b7e9cfb7-54ab-4370-8b6c-cdd86afd5aaa;12.667;12.64897827;BUY
2016-03-15T07:07:52.000000;2016-03-15T07:07:52.060000;25ee294b-c61e-49ee-8edd-dd1e091b9d18;12.626;2.15102;BUY
2016-03-15T07:07:53.000000;2016-03-15T07:07:53.877000;759e38eb-f9f7-45de-81d6-ccca24eabcc4;12.626;24.11967037;SELL
2016-03-15T07:07:53.000000;2016-03-15T07:07:53.897000;a74e1f51-c2c9-4bbc-b13f-a836aed4bf5c;12.626;3.14604397;SELL
2016-03-15T07:07:53.000000;2016-03-15T07:07:53.980000;09837d22-b248-4342-9f92-087f6180bc6c;12.626;0.41035356;SELL
2016-03-15T07:07:54.000000;2016-03-15T07:07:54.110000;b87a3ad8-cd66-4518-a6eb-d349afbebb9b;12.626;4.6513121;SELL
2016-03-15T07:08:24.000000;2016-03-15T07:08:24.563000;41f81e36-95c9-4a87-93c0-e535ffb26c87;12.625;2.81400027;BUY
2016-03-15T07:08:24.000000;2016-03-15T07:08:24.573000;a15cb68f-3449-4be9-a674-3f3cb1e036df;12.625;21.57400209;BUY
2016-03-15T07:08:24.000000;2016-03-15T07:08:24.573000;86de1c90-ef0b-43f8-8233-d138ffdbc7af;12.625;0.57123589;BUY
2016-03-15T07:08:24.000000;2016-03-15T07:08:24.577000;196a26e1-afd2-452e-8525-57cea5f0aa3a;12.625;4.37947515;BUY
2016-03-15T07:08:24.000000;2016-03-15T07:08:24.583000;1e36c118-aecd-4612-9df4-20a5618ad41e;12.625;9.30319533;BUY
2016-03-15T07:08:24.000000;2016-03-15T07:08:24.583000;4a7cbcf6-deb6-4816-9f3d-4a06fe332f93;12.625;2.151277;BUY
2016-03-15T07:08:25.000000;2016-03-15T07:08:25.250000;03c42594-8ade-4daf-8a56-9db86768765b;12.625;6.82327932;SELL
2016-03-15T07:08:25.000000;2016-03-15T07:08:25.713000;844c902d-0bc5-4360-be81-2522c8ad5aab;12.625;17.99276221;SELL
2016-03-15T07:08:25.000000;2016-03-15T07:08:25.970000;17abc343-847a-47ab-be11-e171800936b5;12.625;0.40448698;SELL
2016-03-15T07:08:25.000000;2016-03-15T07:08:26.040000;961cb57d-1518-4dd7-aec4-52b62041e53e;12.625;4.92522389;SELL
2016-03-15T07:08:26.000000;2016-03-15T07:08:26.087000;9b4660b4-93b0-4023-bdd6-ad8264ec3d85;12.625;37.76004987;SELL
2016-03-15T07:08:26.000000;2016-03-15T07:08:26.800000;57f06761-3061-4f17-9b1e-5e8e0775aaf6;12.625;0.35;SELL
2016-03-15T07:08:26.000000;2016-03-15T07:08:26.923000;df587e11-3ac4-4afc-97a8-7f43f1557e9d;12.625;2.151362;SELL
2016-03-15T07:08:28.000000;2016-03-15T07:08:28.603000;ddd73c93-50d4-48cb-8c70-b6ad654b86a8;12.625;2.151362;SELL
2016-03-15T07:08:28.000000;2016-03-15T07:08:28.860000;37b79709-9af7-4df7-8e16-d991a8c1878e;12.625;29.25648603;SELL
2016-03-15T07:08:28.000000;2016-03-15T07:08:28.903000;20105094-f674-49c2-b1e8-3d20e228efe7;12.625;0.4977474;SELL
2016-03-15T07:08:29.000000;2016-03-15T07:08:29.053000;4d2e57cc-58d2-4342-aa93-e39efcc1688e;12.625;3.8160634;SELL
2016-03-15T07:08:29.000000;2016-03-15T07:08:30.543000;a59a0173-82cd-4e15-91c7-974220a92ead;12.625;0.35;SELL
2016-03-15T07:08:31.000000;2016-03-15T07:08:31.553000;d3e01ff5-0ab0-4f88-8795-cfc12d6a9a87;12.625;2.64562073;SELL
2016-03-15T07:08:31.000000;2016-03-15T07:08:31.683000;15108e01-28e5-44b1-a598-9a277a5147e3;12.625;0.16399092;SELL
2016-03-15T07:08:31.000000;2016-03-15T07:08:31.697000;4602e311-424c-4b4a-b8bc-92d27b721a57;12.625;1.25726377;SELL
2016-03-15T07:08:32.000000;2016-03-15T07:08:32.973000;866841db-efda-46f8-ad92-1264ab8db2dc;12.625;16.563079;SELL
2016-03-15T07:08:32.000000;2016-03-15T07:08:32.997000;7fd9942e-2ef3-4fe7-b945-59bf978d89b6;12.625;0.28179159;SELL
2016-03-15T07:08:33.000000;2016-03-15T07:08:33.767000;9df6bef5-77a1-4acd-b297-699e97392653;12.625;2.16040144;SELL
2016-03-15T07:08:35.000000;2016-03-15T07:08:35.347000;66176226-ca30-44c6-8d86-1fc5e576b665;12.625;1.17031751;SELL
2016-03-15T07:08:35.000000;2016-03-15T07:08:35.400000;a12f99c7-fd64-4fc9-9ded-4ad36c685267;12.625;0.1526502;SELL
2016-03-15T07:08:35.000000;2016-03-15T07:08:35.443000;58aa6b5b-c071-4076-b08b-7707acc82669;12.625;8.97243491;SELL
2016-03-15T07:08:35.000000;2016-03-15T07:08:35.847000;4c67254d-6ffe-4d4c-9326-fdc2e3efc910;12.625;0.35;SELL
2016-03-15T07:08:36.000000;2016-03-15T07:08:36.563000;6def0deb-549c-4de2-a3e9-0ee71e0b764d;12.625;18.043139;SELL
2016-03-15T07:08:36.000000;2016-03-15T07:08:36.733000;caf39927-b225-4662-8473-ee5054960a48;12.625;2.64562073;SELL
2016-03-15T07:08:37.000000;2016-03-15T07:08:37.860000;4422e93e-2561-472c-926d-08b99873c803;12.625;13.53645665;SELL
2016-03-15T07:08:37.000000;2016-03-15T07:08:37.960000;ae8c0d96-4c59-4d2f-950d-0692abc14681;12.625;0.2302988;SELL
2016-03-15T07:08:38.000000;2016-03-15T07:08:38.120000;23869caa-e392-4e02-92d4-7e8feaf78180;12.625;1.76562494;SELL
2016-03-15T07:08:38.000000;2016-03-15T07:08:38.187000;67eda26e-21db-47ca-9821-2a89396ddb7e;12.625;5.36431864;SELL
2016-03-15T07:08:38.000000;2016-03-15T07:08:38.463000;0e2f767e-b9a7-40cc-a048-89f786048012;12.625;0.69969394;SELL
2016-03-15T07:08:38.000000;2016-03-15T07:08:38.523000;c76dfc68-6aed-4d56-bf3c-5addc853671e;12.625;0.35;SELL
2016-03-15T07:08:38.000000;2016-03-15T07:08:38.653000;450df93f-d685-43ce-8051-1eb73a66fbc1;12.625;2.64562073;SELL
2016-03-15T07:08:39.000000;2016-03-15T07:08:39.400000;6d206edb-64ca-4d0c-b665-df53b543799d;12.625;18.282492;SELL
2016-03-15T07:08:39.000000;2016-03-15T07:08:39.757000;29a397ba-5bf0-4fcb-9441-578dee4a184a;12.625;1.39794154;SELL
2016-03-15T07:08:40.000000;2016-03-15T07:08:40.327000;b0490f7b-27d0-4469-bd2d-3382ad32ffd9;12.625;0.28177328;SELL
2016-03-15T07:08:40.000000;2016-03-15T07:08:40.347000;4455f7ad-6ba8-4050-a3eb-c17f861c800f;12.625;26.30436512;SELL
2016-03-15T07:08:40.000000;2016-03-15T07:08:40.373000;61575c0e-544e-4d84-8c1b-78da9478a1cd;12.625;3.43100414;SELL
2016-03-15T07:08:42.000000;2016-03-15T07:08:42.830000;310a45aa-59d5-4bb1-ae0a-5c59f354f018;12.625;2.07505683;SELL
2016-03-15T07:08:42.000000;2016-03-15T07:08:44.487000;5b5b7831-b7ee-4ca5-9b3f-07ce5b1ae23d;12.625;0.17041529;SELL
2016-03-15T07:08:42.000000;2016-03-15T07:08:44.507000;65d52cba-95fb-4921-a93a-e853799f76d5;12.625;15.90876904;SELL
2016-03-15T07:08:44.000000;2016-03-15T07:08:44.833000;9308f0ed-ceb9-46a2-baa1-025abd4e57f7;12.625;6.36806073;SELL
2016-03-15T07:08:44.000000;2016-03-15T07:08:44.860000;b5c6fbe8-5152-45e3-b735-ce8f3953e14b;12.625;0.83061661;SELL
2016-03-15T07:08:45.000000;2016-03-15T07:08:46.200000;1a1d3351-5cb8-4949-aa7c-5724b3b29bbc;12.625;0.35;SELL
2016-03-15T07:08:47.000000;2016-03-15T07:08:48.013000;ada7cfbf-4acb-4e66-9b6a-ba4ff10bc55a;12.625;0.85811945;SELL
2016-03-15T07:08:47.000000;2016-03-15T07:08:48.020000;69357d5c-ec15-4a78-8abe-ca391236c869;12.625;0.83144806;SELL
2016-03-15T07:08:48.000000;2016-03-15T07:08:49.120000;149139f4-3984-4ee1-afe5-747fea60a5af;12.625;0.35;SELL
2016-03-15T07:08:51.000000;2016-03-15T07:08:51.563000;210c34a7-39fd-43c5-9ae3-c36ea3b73ddf;12.625;0.35;SELL
2016-03-15T07:08:52.000000;2016-03-15T07:08:52.773000;696b0c22-a443-4067-8acb-4eeba37ce0e5;12.625;18.043139;SELL
2016-03-15T07:08:53.000000;2016-03-15T07:08:53.640000;38858de3-4cd8-4fe7-9368-43ec8afd0816;12.625;25.90888289;SELL
2016-03-15T07:08:55.000000;2016-03-15T07:08:55.237000;1f9478bc-3f3a-4f69-a019-06399a002493;12.625;0.35;SELL
2016-03-15T07:08:56.000000;2016-03-15T07:08:56.203000;495ade1a-f695-40c5-9130-266059a4fbd5;12.625;25.909233;SELL
2016-03-15T07:08:58.000000;2016-03-15T07:08:58.450000;87108e0c-8b57-4ef1-9354-03a141d0186e;12.625;0.35;SELL
2016-03-15T07:08:58.000000;2016-03-15T07:08:58.487000;91d24197-f431-439a-847c-1bcfd4446072;12.625;9.032233;SELL
2016-03-15T07:09:00.000000;2016-03-15T07:09:00.947000;5045b186-77db-4219-8e16-e2a475c97dcd;12.625;16.8768158;SELL
2016-03-15T07:09:01.000000;2016-03-15T07:09:01.803000;542d466d-63c5-4b5b-8a3c-d6e5898b65da;12.625;0.35;SELL
2016-03-15T07:09:03.000000;2016-03-15T07:09:03.073000;29053353-b393-4afc-8c2f-492fe3a67a47;12.625;7.86574448;SELL
2016-03-15T07:09:04.000000;2016-03-15T07:09:04.677000;5fcece3d-0f27-40b0-88f8-872e2f722e74;12.625;2.390897;SELL
2016-03-15T07:09:05.000000;2016-03-15T07:09:05.337000;89bb40c5-5fff-4799-89e4-145387b8d1f1;12.625;0.35;SELL
2016-03-15T07:09:05.000000;2016-03-15T07:09:05.447000;0333cfbb-9269-4bd5-bf8c-434f3cc1d77b;12.625;2.79267225;SELL
2016-03-15T07:09:08.000000;2016-03-15T07:09:09.460000;666baccf-91e2-4fa6-8112-54203181fc0a;12.625;0.35;SELL
2016-03-15T07:09:11.000000;2016-03-15T07:09:11.333000;1685e7d2-b3bb-49e8-912c-ca1a0cac896f;12.625;7.79990726;SELL
2016-03-15T07:09:13.000000;2016-03-15T07:09:14.033000;01e10bcf-0c6a-4749-862e-c0b66423e59d;12.625;0.35;SELL
2016-03-15T07:09:15.000000;2016-03-15T07:09:15.670000;8b035a7a-2751-4f4b-adaa-ab8bcd15c5d3;12.625;18.181916;SELL
2016-03-15T07:09:16.000000;2016-03-15T07:09:16.393000;9de1e4db-51f8-4036-9d79-aea89df1b1ea;12.625;24.57562613;SELL
2016-03-15T07:09:16.000000;2016-03-15T07:09:16.440000;8f5a6285-a08b-4513-bf4a-69bbc49a3af0;12.625;0.35;SELL
2016-03-15T07:09:17.000000;2016-03-15T07:09:18.270000;656bfda6-2fda-4479-b559-ae486f966a94;12.625;24.576002;SELL
2016-03-15T07:09:19.000000;2016-03-15T07:09:20.143000;78a0c69f-9232-4ed8-98ce-bcea32be76c2;12.625;0.35;SELL
2016-03-15T07:09:26.000000;2016-03-15T07:09:26.170000;63864894-f8b3-40a2-8540-83833b194985;12.625;0.35;SELL
2016-03-15T07:09:28.000000;2016-03-15T07:09:28.583000;1b357fc2-a119-4fc2-8a5c-4da6ef6ef6f3;12.625;6.39370945;SELL
2016-03-15T07:09:30.000000;2016-03-15T07:09:30.083000;e54c0ef1-2aaa-4bad-90a2-0e73d8854e77;12.625;0.35;SELL
2016-03-15T07:09:35.000000;2016-03-15T07:09:35.247000;90d68b63-4aaa-48bf-932f-af8538038448;12.625;0.35;SELL
2016-03-15T07:09:36.000000;2016-03-15T07:09:36.997000;8d9f91a4-22eb-46ba-b9d5-de91622a5077;12.625;11.694559;SELL
2016-03-15T07:09:38.000000;2016-03-15T07:09:38.943000;cc914936-af05-4da7-9905-963bc060cbc1;12.625;0.35;SELL
2016-03-15T07:09:41.000000;2016-03-15T07:09:41.503000;54b594fe-c8bb-4a61-ad6f-beee1f268d87;12.625;16.844548;SELL
2016-03-15T07:09:41.000000;2016-03-15T07:09:41.627000;1f159a46-a99c-4b5e-8c5c-54c23dd14482;12.625;0.35;SELL
2016-03-15T07:09:41.000000;2016-03-15T07:09:42.333000;5e8b7417-ca97-4337-9415-7557df4be857;12.625;16.75474994;SELL
2016-03-15T07:09:42.000000;2016-03-15T07:09:42.640000;8ed19378-8ccc-41f9-a7ad-2a4b324392e8;12.625;35.05953333;SELL
2016-03-15T07:09:43.000000;2016-03-15T07:09:43.367000;0838a655-db4e-4627-ae72-c71fa715753b;12.625;35.059875;SELL
2016-03-15T07:09:45.000000;2016-03-15T07:09:45.700000;fbb29821-3a51-4e30-a6ab-8780e6303a9c;12.625;0.35;SELL
2016-03-15T07:09:48.000000;2016-03-15T07:09:48.367000;b22ae307-3b52-4292-ac0d-9858ef962da3;12.625;18.133493;SELL
2016-03-15T07:09:48.000000;2016-03-15T07:09:48.657000;38269cf8-ccd4-43b7-a7b6-e6936d378c8d;12.625;0.35;SELL
2016-03-15T07:09:48.000000;2016-03-15T07:09:49.020000;66d3d74e-66ab-464f-b797-758036a53f9c;12.625;0.45946905;SELL
2016-03-15T07:17:28.000000;2016-03-15T07:17:28.950000;661a0d36-024c-4393-8baa-64d187c686dc;12.625;0.35;BUY
2016-03-15T07:17:28.000000;2016-03-15T07:17:28.953000;64df9127-947b-4a2a-a255-18ab5c294f74;12.625;0.65;BUY
2016-03-15T07:18:39.000000;2016-03-15T07:18:39.737000;889b3f54-334d-4c75-9760-5bf569e2d42c;12.625;0.1446;BUY
2016-03-15T07:21:39.000000;2016-03-15T07:21:39.400000;719604db-029a-480f-9220-989d939aea9d;12.625;0.2054;BUY
2016-03-15T07:21:39.000000;2016-03-15T07:21:39.407000;e8a9e104-45b2-44b3-8e41-38a192131071;12.625;2.0151;BUY
2016-03-15T07:37:13.000000;2016-03-15T07:37:14.257000;7c59f940-5e22-447e-a977-43bb215a745e;12.626;0.35;BUY
2016-03-15T07:37:13.000000;2016-03-15T07:37:14.267000;74bb887d-424b-4a5e-a7cb-5baf35939211;12.626;2.74;BUY
2016-03-15T07:37:43.000000;2016-03-15T07:37:43.747000;c946c782-e9de-47ce-8461-4b1f9520398b;12.626;2.03686864;BUY
2016-03-15T07:51:53.000000;2016-03-15T07:51:53.643000;fcd7b330-3c09-4ec0-84f4-569ca77c1865;12.7;13.81645254;BUY
2016-03-15T07:53:49.000000;2016-03-15T07:53:50.420000;d5d67b08-1aa3-4ee4-9ce6-d4b8587d0a67;12.7;0.65661417;BUY
2016-03-15T07:56:33.000000;2016-03-15T07:56:34.023000;3afbd145-f9ca-4b5c-9360-1fd81928b17a;12.701;0.97359758;BUY
2016-03-15T07:56:33.000000;2016-03-15T07:56:34.040000;0c00f533-4036-4e47-a623-ab698bcb72b8;12.701;1.16782484;BUY
2016-03-15T07:57:09.000000;2016-03-15T07:57:09.127000;8fa146ab-6b7b-42e8-9aeb-260c7dcf21d2;12.701;5.0827;BUY
2016-03-15T07:57:11.000000;2016-03-15T07:57:11.777000;fff91e4d-55fd-4fb8-b6eb-212c5c69567b;12.701;11.59152125;BUY
2016-03-15T07:57:20.000000;2016-03-15T07:57:21.027000;23216e4d-a3db-4a91-925b-0a21c8510acb;12.701;10.02463996;BUY
2016-03-15T07:58:37.000000;2016-03-15T07:58:37.213000;749a1e92-efe8-4f88-a48d-f28f1907e36b;12.701;3.74923618;BUY
2016-03-15T07:58:40.000000;2016-03-15T07:58:40.277000;c96f1692-d975-4196-a727-86db66f632a3;12.701;3.74923618;BUY
2016-03-15T07:58:44.000000;2016-03-15T07:58:44.130000;86add329-9bb5-46e9-8c25-64cde100cc90;12.701;3.74923618;BUY
2016-03-15T07:58:46.000000;2016-03-15T07:58:46.860000;1336b630-7946-4c70-ad33-1161045d3ff2;12.701;3.74923618;BUY
2016-03-15T07:58:49.000000;2016-03-15T07:58:49.710000;7a197022-4354-4e77-b668-179b507b28dc;12.701;1.903831;BUY
2016-03-15T07:58:52.000000;2016-03-15T07:58:52.457000;bbd6f9fd-93e2-4751-921d-6247694354d5;12.701;0.00763823;BUY
2016-03-15T08:07:38.000000;2016-03-15T08:07:38.477000;80cc4696-4ad9-4a52-ad55-2ab551efc7e5;12.741;1.9769405;BUY
2016-03-15T08:07:38.000000;2016-03-15T08:07:38.490000;a5d4e3ec-8e3b-4bb0-b5f0-5edebb083180;12.75;5.61622223;BUY
2016-03-15T08:08:24.000000;2016-03-15T08:08:24.620000;a2a43229-b6c1-4c51-9368-59f3b9309264;12.75;3.64505777;BUY
2016-03-15T08:11:21.000000;2016-03-15T08:11:21.877000;8dff0b16-506d-4385-b32a-813eca318bfc;12.777;0.63915453;BUY
2016-03-15T08:11:21.000000;2016-03-15T08:11:21.900000;822d1969-1337-4d08-af94-f27ded3e3e29;12.797;0.226751;BUY
2016-03-15T08:25:07.000000;2016-03-15T08:25:07.150000;7ec63bd6-23a9-4166-bd68-72a49df81ef0;12.857;5.74437293;SELL
2016-03-15T08:26:39.000000;2016-03-15T08:26:39.827000;69f4c5ca-579f-4aae-b5bb-b84ab72fb7ec;12.93;42.55;BUY
2016-03-15T08:29:08.000000;2016-03-15T08:29:08.957000;6670feb8-ccee-4f57-8ba8-df39370c6be2;12.93;4.63005477;BUY
2016-03-15T08:29:08.000000;2016-03-15T08:29:08.963000;6a9b4aba-14f1-4482-a615-37aed1739c41;12.93;35.49708652;BUY
2016-03-15T08:29:08.000000;2016-03-15T08:29:09.010000;7262af1c-434d-4917-87f7-b19325301bb4;12.93;0.60392019;BUY
2016-03-15T08:29:10.000000;2016-03-15T08:29:10.490000;466c0d9a-ebb5-4758-b1aa-3ebdbe3d0de5;12.93;16.71893852;BUY
2016-03-15T08:29:16.000000;2016-03-15T08:29:17.737000;49eeb4be-4ac3-4c2b-901d-c7a1f900af8b;12.94;0.68074904;BUY
2016-03-15T08:29:17.000000;2016-03-15T08:29:17.797000;f0dbf84d-72d9-436d-b84c-949f5eb9e74e;12.94;5.21907591;BUY
2016-03-15T08:29:18.000000;2016-03-15T08:29:18.903000;e635b017-cc43-4b84-8885-e0d16fde3db0;12.94;23.29397681;BUY
2016-03-15T08:29:20.000000;2016-03-15T08:29:21.000000;4a620c32-1926-497e-af2a-9799321dfc0f;12.94;7.37336517;BUY
2016-03-15T08:29:20.000000;2016-03-15T08:29:21.283000;1925961c-f03b-42f7-a2f8-7e2c5d8fc4df;12.94;2.21436089;BUY
2016-03-15T08:29:21.000000;2016-03-15T08:29:21.330000;07a1dde0-ac41-40b6-afda-65d4568502eb;12.94;16.97676682;BUY
2016-03-15T08:29:21.000000;2016-03-15T08:29:21.373000;fed78256-259d-4df9-8701-e517a1047146;12.94;0.96174328;BUY
2016-03-15T08:29:21.000000;2016-03-15T08:29:21.550000;bafdc5c0-4003-4281-8834-0052bcca0b5e;12.94;14.24175935;BUY
2016-03-15T08:29:22.000000;2016-03-15T08:29:22.670000;4b755126-481c-4369-9754-282e9d688d2e;12.94;26.82541305;BUY
2016-03-15T08:29:22.000000;2016-03-15T08:29:22.697000;3ff057fc-1f1e-4a8d-bd63-9d7b476cd3c0;12.94;2.21278968;BUY
2016-03-15T08:29:28.000000;2016-03-15T08:29:28.460000;926c3b8b-f375-4454-ad68-bb0832b03398;12.95;0.69544515;BUY
2016-03-15T08:29:28.000000;2016-03-15T08:29:28.463000;f5fedc93-53cb-4072-9914-b59530b48c30;12.95;5.33174618;BUY
2016-03-15T08:29:31.000000;2016-03-15T08:29:31.577000;dd6a01b2-ccc5-4692-b750-70cfe887329b;12.95;0.33299657;BUY
2016-03-15T08:29:33.000000;2016-03-15T08:29:33.810000;c5dc289a-d5d8-4719-a7eb-4984f84199ef;12.95;2.55297368;BUY
2016-03-15T08:29:53.000000;2016-03-15T08:29:53.297000;f399b61a-924e-4c6e-ae08-9492ab8a0768;12.95;20.0;BUY
2016-03-15T08:30:19.000000;2016-03-15T08:30:19.540000;377fd237-369f-4f8a-8c11-dbad66c68f9c;12.95;0.76446179;BUY
2016-03-15T08:30:19.000000;2016-03-15T08:30:19.557000;6cdd4a56-f821-44d9-9aba-580cc331f4cb;12.95;5.86087377;BUY
2016-03-15T08:30:20.000000;2016-03-15T08:30:21.157000;3bf89f60-0fa7-4f0e-b061-b9fecccb7fe5;12.95;2.67303949;BUY
2016-03-15T08:30:23.000000;2016-03-15T08:30:23.327000;542c499e-a7a0-4f23-9729-97718e2cc188;12.95;0.68867354;BUY
2016-03-15T08:30:27.000000;2016-03-15T08:30:27.290000;34da1713-2c9c-4554-aa10-690857b35d16;12.95;1.67817804;BUY
2016-03-15T08:30:28.000000;2016-03-15T08:30:28.123000;788aa4ab-9f47-4592-a6f1-0e883caf35ff;12.95;2.29915852;BUY
2016-03-15T08:30:29.000000;2016-03-15T08:30:29.440000;4ac770ff-05b9-44f5-9232-10fa7bcb166b;12.95;3.285946;BUY
2016-03-15T08:30:30.000000;2016-03-15T08:30:30.583000;672e0ea9-8919-4994-a277-97c97558aa09;12.95;1.9894632;BUY
2016-03-15T08:31:32.000000;2016-03-15T08:31:32.060000;2cf3de97-64f6-4bfd-abd2-0ff42ee871ee;12.95;1.93712563;BUY
2016-03-15T08:31:33.000000;2016-03-15T08:31:33.273000;49a45a8a-f176-4ec5-ba7a-6def391a2cac;12.95;6.25030608;BUY
2016-03-15T08:31:33.000000;2016-03-15T08:31:33.840000;1316ed55-8f7e-406e-ba4e-9c583c5eb307;12.95;0.81525732;BUY
2016-03-15T08:31:33.000000;2016-03-15T08:31:33.907000;1496420e-752e-42e9-b39e-54c2a7d21dae;12.95;1.9439953;BUY
2016-03-15T08:31:36.000000;2016-03-15T08:31:36.423000;e2294910-d6eb-4147-bf23-10502e1ed60e;12.95;0.59308288;BUY
2016-03-15T08:31:36.000000;2016-03-15T08:31:36.593000;ec07db86-d0f9-4ae7-ae32-add7f3200b05;12.95;4.54696875;BUY
2016-03-15T08:31:36.000000;2016-03-15T08:31:36.897000;24ee92a8-142e-46c6-af2a-5a9a73e28871;12.95;0.35672871;BUY
2016-03-15T08:31:36.000000;2016-03-15T08:31:36.920000;16bf5d97-791f-4ecb-bc60-ab178e53dcd3;12.95;2.7349201;BUY
2016-03-15T08:31:38.000000;2016-03-15T08:31:38.207000;97e2559b-e0cc-472c-b03a-e3e1b31eda2c;12.95;0.81525732;BUY
2016-03-15T08:31:39.000000;2016-03-15T08:31:39.123000;0573d3f7-4aec-419c-af8e-a09287301a50;12.95;0.73417984;BUY
2016-03-15T08:31:40.000000;2016-03-15T08:31:40.977000;8ef89db0-1aec-4228-8620-039e8641acb0;12.95;5.62871209;BUY
2016-03-15T08:31:45.000000;2016-03-15T08:31:45.097000;88fa981c-9ffd-461f-ae4f-e05b93048a08;12.95;2.95779854;BUY
2016-03-15T08:31:46.000000;2016-03-15T08:31:46.830000;9e53351c-8a67-4443-a3aa-cab1de397547;12.95;1.46121033;BUY
2016-03-15T08:31:50.000000;2016-03-15T08:31:50.183000;d174b7a3-2a39-4b1b-8f62-52f68af7469b;12.95;2.95198664;BUY
2016-03-15T08:31:52.000000;2016-03-15T08:31:53.050000;116a412a-c8da-4aac-a731-13217d7d38dc;12.95;1.45589483;BUY
2016-03-15T08:32:05.000000;2016-03-15T08:32:05.920000;55d30f11-add9-4e7e-9ace-0dfb3d5690a6;12.95;1.82508682;BUY
2016-03-15T08:32:06.000000;2016-03-15T08:32:06.923000;7593c4eb-9577-46ca-846b-0f4f641d1b56;12.95;0.36088159;BUY
2016-03-15T08:32:06.000000;2016-03-15T08:32:07.070000;b09b5425-ffb0-4f25-a942-0713f657587e;12.95;2.76675881;BUY
2016-03-15T08:32:08.000000;2016-03-15T08:32:08.710000;cca8cde4-f307-4807-9496-765cc765b61e;12.95;4.34707152;BUY
2016-03-15T08:32:08.000000;2016-03-15T08:32:08.950000;69f0f19a-3c9e-4c04-9903-9219740c00d0;12.95;0.56700933;BUY
2016-03-15T08:32:08.000000;2016-03-15T08:32:08.977000;03ae8259-c40f-4c49-865f-75c6f9955b27;12.95;1.87163096;BUY
2016-03-15T08:32:10.000000;2016-03-15T08:32:10.777000;48ec0640-2449-4237-b483-58c71b8a285b;12.95;0.57420942;BUY
2016-03-15T08:32:11.000000;2016-03-15T08:32:11.240000;874e5cd5-494c-45bb-a3a2-db20cae0abe5;12.95;0.57420942;BUY
2016-03-15T08:32:11.000000;2016-03-15T08:32:11.730000;f27d5ccb-6909-44b0-b2d9-13a36d863224;12.95;1.84773494;BUY
2016-03-15T08:32:11.000000;2016-03-15T08:32:11.757000;cfc50966-0160-481d-85c5-89d7cdd97c8b;12.95;1.9290269;BUY
2016-03-15T08:32:11.000000;2016-03-15T08:32:11.773000;bcff1ef4-e233-45aa-addf-d806c289b5ef;12.984;0.18963495;BUY
2016-03-15T08:32:13.000000;2016-03-15T08:32:13.397000;bdb0177f-5e12-4d1f-8ab1-f0e22d2ab625;12.984;0.57420942;BUY
2016-03-15T08:32:13.000000;2016-03-15T08:32:13.593000;8f17cec7-50fe-4500-88ed-7afc43a30c43;12.984;1.43355054;BUY
2016-03-15T08:32:15.000000;2016-03-15T08:32:15.693000;2a721a6d-5abf-47e0-b21c-5298ac692d22;12.984;1.79772606;BUY
2016-03-15T08:32:16.000000;2016-03-15T08:32:17.290000;5ee01a5f-5ae4-4724-ae8f-3b66c193537b;12.984;1.68054812;BUY
2016-03-15T08:32:19.000000;2016-03-15T08:32:19.117000;166cc708-fe27-4f8f-be9c-3a442bdc177d;12.984;1.67908531;BUY
2016-03-15T08:32:20.000000;2016-03-15T08:32:20.773000;b361e8ec-b53b-4e59-9595-fc2574edc2d9;12.984;1.67762377;BUY
2016-03-15T08:32:22.000000;2016-03-15T08:32:22.237000;1911fcc5-1d38-4357-9e41-632c8b7800bd;12.984;1.05536221;BUY
2016-03-15T08:32:25.000000;2016-03-15T08:32:25.700000;e148c4fa-7b58-4a23-a09f-3109103eca02;12.984;0.80889162;BUY
2016-03-15T08:32:29.000000;2016-03-15T08:32:29.940000;e8ff5fc2-895c-43cb-ad8c-b1dec8c74146;12.984;1.05434051;BUY
2016-03-15T08:32:34.000000;2016-03-15T08:32:34.200000;d1d3a216-1484-42da-80de-8f3577a5616e;12.984;0.66326619;BUY
2016-03-15T08:32:34.000000;2016-03-15T08:32:34.417000;2e6b52e9-83d6-495b-8de8-48c86f358230;12.984;0.44868007;BUY
2016-03-15T08:32:34.000000;2016-03-15T08:32:34.837000;5c7149aa-ed3d-4e4e-86f3-a5f00b5daf04;12.984;0.66384352;BUY
2016-03-15T08:32:35.000000;2016-03-15T08:32:35.447000;656e1501-5465-404f-b040-4ba941ad2254;12.984;0.47519966;BUY
2016-03-15T08:32:36.000000;2016-03-15T08:32:36.537000;164517f5-3f37-4fc2-a836-a88f0a006daa;12.984;1.05146343;BUY
2016-03-15T08:32:37.000000;2016-03-15T08:32:37.347000;b2803830-0dfc-4bc8-8ddd-419de98fee13;12.984;1.05054819;BUY
2016-03-15T08:32:39.000000;2016-03-15T08:32:39.193000;61f15ad1-0030-4790-9780-95a2ad2868be;12.984;1.96394978;BUY
2016-03-15T08:32:40.000000;2016-03-15T08:32:40.173000;445ec4a8-bdbe-4dfb-9e98-5b16d4ae1c74;12.984;1.05134325;BUY
2016-03-15T08:32:42.000000;2016-03-15T08:32:42.420000;fb105e9a-5c58-4c10-a36c-28ae6f121034;12.984;1.04700914;BUY
2016-03-15T08:32:44.000000;2016-03-15T08:32:44.400000;62708ef1-2bf8-4a3e-ba4e-db2dad837ea8;12.984;1.04609778;BUY
2016-03-15T08:32:45.000000;2016-03-15T08:32:45.907000;d07b9a41-7fd7-4ef5-9aa2-88f75d51b80a;12.984;1.04518721;BUY
2016-03-15T08:32:47.000000;2016-03-15T08:32:47.157000;10c9531d-b29b-4229-a0a6-77cf6fe0a2e8;12.984;1.04427744;BUY
2016-03-15T08:32:47.000000;2016-03-15T08:32:47.970000;2aadb131-fd60-4173-bd58-7afe9e970690;12.984;1.95325376;BUY
2016-03-15T08:32:48.000000;2016-03-15T08:32:49.023000;943c39b3-1ae7-4b8f-b31c-76cb34f5fd92;12.984;1.04166829;BUY
2016-03-15T08:32:52.000000;2016-03-15T08:32:53.080000;b93fa6da-97cc-4a18-b1b6-d12f2e37a155;12.984;1.94656009;BUY
2016-03-15T08:32:54.000000;2016-03-15T08:32:55.923000;0f1a37db-f084-4286-8154-664ac38f3299;12.984;1.04245593;BUY
2016-03-15T08:32:56.000000;2016-03-15T08:32:56.743000;7528e217-6b80-4077-b161-8e35d0c6329b;12.984;1.83106533;BUY
2016-03-15T08:32:58.000000;2016-03-15T08:32:58.317000;909dbd7e-98d0-4710-afb8-a06cc42df37b;12.984;1.03656601;BUY
2016-03-15T08:32:59.000000;2016-03-15T08:32:59.227000;879015d1-5905-40a3-ae00-11402c638fad;12.984;1.03566375;BUY
2016-03-15T08:33:00.000000;2016-03-15T08:33:00.377000;cc479db4-5384-4073-82c9-c154f0c82e7d;12.984;1.03476227;BUY
2016-03-15T08:33:01.000000;2016-03-15T08:33:01.373000;4c29c4c2-29cb-4002-a5c2-bb7d8619fabf;12.984;1.03386158;BUY
2016-03-15T08:33:02.000000;2016-03-15T08:33:02.043000;2562dd23-caef-4a74-b026-a21c9a325a73;12.984;1.03476149;BUY
2016-03-15T08:33:03.000000;2016-03-15T08:33:04.313000;cc7f87bb-24d0-4b29-98df-d0dbe32a6f39;12.984;0.49724041;BUY
2016-03-15T08:33:08.000000;2016-03-15T08:33:08.987000;4cbb3b36-f8cd-43a6-8535-a1c564ea64b6;12.984;3.57928119;BUY
2016-03-15T08:33:16.000000;2016-03-15T08:33:16.680000;c2944994-aea4-4ddd-9c0a-1e7abb19cffb;12.984;4.49982273;BUY
2016-03-15T08:33:29.000000;2016-03-15T08:33:29.183000;e9b13ef3-4963-47aa-9ead-a2322b98edee;12.984;1.25809691;BUY
2016-03-15T08:33:34.000000;2016-03-15T08:33:34.890000;233f6a1e-7e9d-49e3-b4d2-1f70fabfbf31;12.984;1.25809691;BUY
2016-03-15T08:33:46.000000;2016-03-15T08:33:46.163000;ba34ffb2-41fa-4693-a5f8-55b1c7b08996;12.984;1.29628563;BUY
2016-03-15T08:34:01.000000;2016-03-15T08:34:01.543000;e15e5bee-d6ac-45cd-8237-759569300612;12.984;1.30464152;BUY
2016-03-15T08:34:05.000000;2016-03-15T08:34:05.810000;625abcd5-4228-454b-8f65-0b3bdfb1db60;12.984;0.46332802;BUY
2016-03-15T08:34:05.000000;2016-03-15T08:34:05.860000;848cbece-fdce-47c5-acdb-ab2bf933bdae;12.984;0.42535795;BUY
2016-03-15T08:35:10.000000;2016-03-15T08:35:11.027000;de2048ae-ec53-487c-ba30-b5a3f30de71d;12.984;1.39538475;BUY
2016-03-15T08:35:12.000000;2016-03-15T08:35:12.407000;91a40d15-3519-48e5-bcdc-42af413e727a;12.984;1.39538475;BUY
2016-03-15T08:35:15.000000;2016-03-15T08:35:15.710000;33829cab-596b-43f5-9482-b832e6b64dee;12.984;1.3945508;BUY
2016-03-15T08:36:29.000000;2016-03-15T08:36:29.477000;22a05723-2c5f-4c3d-8a3c-ce971c992956;12.984;1.36799936;BUY
2016-03-15T08:37:06.000000;2016-03-15T08:37:06.200000;00ae8054-11be-4ea1-8728-4a22559aeac2;12.984;0.87528058;BUY
2016-03-15T08:37:09.000000;2016-03-15T08:37:09.423000;73928dd2-c56d-41a2-9b54-87969d9ebf94;12.984;1.06597351;BUY
2016-03-15T08:37:09.000000;2016-03-15T08:37:09.507000;f0e2f313-25f1-43e0-979d-b2a4e9f34ec0;12.984;0.67116837;BUY
2016-03-15T08:37:13.000000;2016-03-15T08:37:13.360000;30553c3b-e99a-40f2-8d94-99bcc16d7ab8;12.984;0.74644093;BUY
2016-03-15T08:37:13.000000;2016-03-15T08:37:13.390000;1cf9b7cc-c50f-4b27-9c92-f30330ef26a4;12.984;0.74644112;BUY
2016-03-15T08:37:14.000000;2016-03-15T08:37:14.560000;0a525aea-4e5a-40d4-83d2-faa8a983b65d;12.984;0.83626369;BUY
2016-03-15T08:37:14.000000;2016-03-15T08:37:14.773000;a2c152d1-c790-481f-b68a-9a18acd882d5;12.984;0.83626338;BUY
2016-03-15T08:37:15.000000;2016-03-15T08:37:15.840000;dd24f290-bb7e-47f6-a458-5af81348a8c4;12.984;0.56494328;BUY
2016-03-15T08:37:15.000000;2016-03-15T08:37:15.853000;ef07c29e-f3f2-4101-95a5-50e70da45493;12.984;1.38918297;BUY
2016-03-15T08:37:16.000000;2016-03-15T08:37:16.963000;10208bb8-8043-4ad8-b566-546266098132;12.984;0.13325093;BUY
2016-03-15T08:37:16.000000;2016-03-15T08:37:17.003000;cc803582-2f1c-4470-875b-617c160ee288;12.984;1.02159043;BUY
2016-03-15T08:37:16.000000;2016-03-15T08:37:17.023000;12c8053e-cafb-47de-836c-19a5eceb97da;12.984;1.17970128;BUY
2016-03-15T08:37:19.000000;2016-03-15T08:37:20.273000;21f47126-f675-4cb0-ae6a-0b3f36de9050;12.984;0.9503583;BUY
