time_exchange;time_coinpai;guid;price;base_amount;taker_side
2016-03-15T00:00:01.653000;2016-03-15T00:00:01.703000;90e0e5f3-dc4b-433d-89b1-3f720c8c57dd;415.02;0.25;BUY
2016-03-15T00:00:01.653000;2016-03-15T00:00:01.703000;0f99fd75-fc0c-40a2-8cd7-0179ed12871e;415.12;0.05223395;BUY
2016-03-15T00:00:01.653000;2016-03-15T00:00:01.703000;c533acba-118c-4e57-8691-8dff8a2d8623;415.13;0.195;BUY
2016-03-15T00:00:01.653000;2016-03-15T00:00:01.717000;c34a0fd3-9b75-4ffb-94f6-cace42d35233;415.18;0.217;BUY
2016-03-15T00:00:01.653000;2016-03-15T00:00:01.717000;2645d9ee-02bc-4771-9416-d9a6052b5373;415.18;0.63034605;BUY
2016-03-15T00:00:31.247000;2016-03-15T00:00:31.280000;fd429189-3acb-4344-b351-862d125d0c1f;415.05;0.55993;BUY
2016-03-15T00:01:02.890000;2016-03-15T00:01:02.920000;42b64d86-a500-4d72-a701-5ca2a4096b1c;415.05;3.63361;BUY
2016-03-15T00:01:32.500000;2016-03-15T00:01:32.530000;90210b2c-7645-431f-a551-441cc29aaf50;415.01;0.07322;SELL
2016-03-15T00:01:55.153000;2016-03-15T00:01:55.187000;c8c51260-8e59-46ae-9cc4-5602e6027784;415.12;24.02934656;BUY
2016-03-15T00:02:01.450000;2016-03-15T00:02:01.483000;f3206820-e3d3-4869-b8ca-163b1b660a58;415.17;2.12178;BUY
2016-03-15T00:02:31.290000;2016-03-15T00:02:31.310000;47dce3c8-28b4-435e-8f77-9b5148f38952;415.01;0.17678;SELL
2016-03-15T00:02:31.290000;2016-03-15T00:02:31.343000;dbd40fbd-5abc-42d2-91e4-2169fc38bf52;415.01;0.112;SELL
2016-03-15T00:02:31.290000;2016-03-15T00:02:31.343000;e2db79ad-de7a-4424-9261-2d963c48a93b;415.0;0.0115;SELL
2016-03-15T00:02:31.290000;2016-03-15T00:02:31.343000;3b805e5b-8276-42c7-8077-252e54062a5c;415.0;0.01;SELL
2016-03-15T00:02:31.290000;2016-03-15T00:02:31.343000;471073fa-954e-400b-9592-d0c59d0d7b1c;414.99;0.42012899;SELL
2016-03-15T00:02:31.290000;2016-03-15T00:02:31.420000;7f4b14dd-a9d9-4d0d-95b8-d546a999a79d;414.98;0.1639;SELL
2016-03-15T00:02:31.290000;2016-03-15T00:02:31.420000;792626e3-7221-4742-b486-b88fa6566901;414.97;0.02550101;SELL
2016-03-15T00:02:56.337000;2016-03-15T00:02:56.373000;5c12eeb9-0a50-4bfa-94ad-f3f2ff67dd60;415.13;0.01;BUY
2016-03-15T00:02:56.337000;2016-03-15T00:02:56.373000;8e6c1555-5247-4536-ba66-c37c366e714a;415.13;0.13;BUY
2016-03-15T00:03:04.477000;2016-03-15T00:03:04.497000;0968ec8a-31fd-46b9-9411-213773f81942;414.97;0.01905;SELL
2016-03-15T00:03:32.063000;2016-03-15T00:03:32.093000;7ec07fff-9981-45d5-aaf2-75aeb4d1d2ce;415.07;0.01;BUY
2016-03-15T00:03:32.063000;2016-03-15T00:03:32.107000;73ba65a4-15fa-4b71-a00c-5b2a631a0cf7;415.07;0.10848;BUY
2016-03-15T00:04:06.433000;2016-03-15T00:04:06.450000;ed5341c6-5bec-4106-91bf-8269f8116236;415.25;0.15248;BUY
2016-03-15T00:04:06.433000;2016-03-15T00:04:06.467000;b336e04c-187d-4605-8594-507759ab7a9c;415.25;0.01;BUY
2016-03-15T00:04:06.433000;2016-03-15T00:04:06.467000;8220ce1c-16f1-4be2-856d-86d26a45cbed;415.26;0.02;BUY
2016-03-15T00:04:06.433000;2016-03-15T00:04:06.467000;0ee49fbb-1b7e-4e37-80b3-b0e9099dd7d4;415.27;0.01;BUY
2016-03-15T00:04:06.433000;2016-03-15T00:04:06.497000;e83ed91f-84d1-4c4d-af5c-126a7e401614;415.27;0.05;BUY
2016-03-15T00:04:06.433000;2016-03-15T00:04:06.543000;f3ff7b45-a529-4435-82e3-ac6bab440f06;415.28;0.01;BUY
2016-03-15T00:04:06.433000;2016-03-15T00:04:06.560000;fca4a3ec-ab14-4d34-a263-b7ac91f7c110;415.28;0.0188751;BUY
2016-03-15T00:04:06.433000;2016-03-15T00:04:06.560000;600cf058-a3c4-4e27-9e76-bd8aaae6a08a;415.29;0.25;BUY
2016-03-15T00:04:06.433000;2016-03-15T00:04:06.560000;823a9d50-f024-4f72-96b0-44ef4faba985;415.29;0.01964834;BUY
2016-03-15T00:04:06.433000;2016-03-15T00:04:06.560000;252eef7a-2293-4a31-bcb4-6dcb3d9ac214;415.3;0.24218139;BUY
2016-03-15T00:04:06.437000;2016-03-15T00:04:06.560000;fbba446c-fb4c-43bf-937f-650dea7e648d;415.31;0.25;BUY
2016-03-15T00:04:06.437000;2016-03-15T00:04:06.560000;3139ef4a-efa1-43b8-a142-476fd5978c2e;415.31;0.08;BUY
2016-03-15T00:04:06.437000;2016-03-15T00:04:06.560000;40f9c13e-f41b-418d-a71a-ca7385b301f9;415.32;0.8715;BUY
2016-03-15T00:04:06.437000;2016-03-15T00:04:06.560000;d3a20bee-1322-45fd-b3f0-659813921332;415.32;0.90843517;BUY
2016-03-15T00:04:08.093000;2016-03-15T00:04:08.107000;d8915bdd-3497-4364-b4ad-f66bae4f7b5e;415.32;5.0;BUY
2016-03-15T00:04:31.293000;2016-03-15T00:04:31.310000;25dcde02-1d1c-485b-94dd-f0bf80bc1014;415.32;3.55288;BUY
2016-03-15T00:05:03.443000;2016-03-15T00:05:03.467000;2e92f326-f9d3-438b-bb43-08aae35bc757;415.28;0.25;SELL
2016-03-15T00:05:03.443000;2016-03-15T00:05:03.483000;4e404018-ff22-4bdf-ab1d-db092d6c2ddb;415.28;0.06921;SELL
2016-03-15T00:05:19.527000;2016-03-15T00:05:19.543000;a47b32e5-9117-4d12-b568-27fd325a50f2;415.32;0.04896242;BUY
2016-03-15T00:05:31.253000;2016-03-15T00:05:31.263000;e7c8674c-99f5-4027-a44b-4388b3af04fd;415.32;0.14213;BUY
2016-03-15T00:05:52.760000;2016-03-15T00:05:52.780000;025a47c9-c7cc-4677-9eee-5f18d38208e7;415.31;0.08;BUY
2016-03-15T00:06:01.260000;2016-03-15T00:06:01.280000;2ef18569-8ff0-4b00-9db1-27111951d84b;415.31;0.45;BUY
2016-03-15T00:06:01.260000;2016-03-15T00:06:01.293000;93ad2311-9bff-4e49-bb99-3861c03f41d7;415.31;0.05461;BUY
2016-03-15T00:06:12.203000;2016-03-15T00:06:12.217000;f1495c43-a904-4203-9e18-3fa073151279;415.31;0.24;BUY
2016-03-15T00:06:31.263000;2016-03-15T00:06:31.280000;dc50385c-35e7-4db1-949a-f97fb629e8e9;415.31;0.61987;BUY
2016-03-15T00:07:01.697000;2016-03-15T00:07:01.717000;5453cf4c-9a22-410a-8abf-79576595e084;415.31;0.10987;BUY
2016-03-15T00:07:31.223000;2016-03-15T00:07:31.233000;461f79f1-4d41-4578-86a1-2c00c77071d5;415.31;3.62165;BUY
2016-03-15T00:07:31.223000;2016-03-15T00:07:31.247000;7d9e1d78-ecf4-4736-8212-120ec8347ab8;415.32;0.79146;BUY
2016-03-15T00:08:01.227000;2016-03-15T00:08:01.247000;437b32a2-45ad-4da7-b548-1d84ebb4ba2a;415.28;0.0745;SELL
2016-03-15T00:08:31.277000;2016-03-15T00:08:31.297000;be9f726f-0f3c-4f0e-ad59-4c8951bde92e;415.3;0.25;BUY
2016-03-15T00:08:31.277000;2016-03-15T00:08:31.310000;5d7f1980-11a2-4003-bd62-a67c13ad2a93;415.31;0.14926;BUY
2016-03-15T00:09:01.263000;2016-03-15T00:09:01.280000;279ef501-f5df-49ce-81e7-6fa1f6c5e870;415.3;0.25;BUY
2016-03-15T00:09:01.263000;2016-03-15T00:09:01.297000;38494d54-550a-4a3a-80b2-e1a9084ab1d1;415.31;1.00651;BUY
2016-03-15T00:09:32.137000;2016-03-15T00:09:32.187000;abb5d1b0-e353-474f-acb5-52b7c27f4f6d;415.31;3.38023;BUY
2016-03-15T00:09:32.137000;2016-03-15T00:09:32.187000;251c6541-cc68-431d-8f0f-b5e5e757b906;415.32;0.1924;BUY
2016-03-15T00:09:59.180000;2016-03-15T00:09:59.187000;a6c6a07d-f50b-494c-ad2e-1c12f4f118f6;415.32;0.022;BUY
2016-03-15T00:10:01.433000;2016-03-15T00:10:01.437000;b58f4cc8-0df6-4658-8935-40cb2cf33d4e;415.32;0.39767;BUY
2016-03-15T00:10:31.300000;2016-03-15T00:10:31.310000;9c171637-0fbe-4f51-adc0-01ee4bfdd58d;415.29;2.0;BUY
2016-03-15T00:10:31.300000;2016-03-15T00:10:31.327000;24bb9e7a-95b9-4865-a678-d8a486aa5f70;415.31;3.795;BUY
2016-03-15T00:10:31.300000;2016-03-15T00:10:31.343000;0dfc31b0-1de0-45a3-ac60-1ddffb88626d;415.32;0.05971318;BUY
2016-03-15T00:10:31.300000;2016-03-15T00:10:31.343000;e0daa88f-0d26-4a92-9c5b-175c1bf0dd8c;415.32;0.04342051;BUY
2016-03-15T00:10:31.300000;2016-03-15T00:10:31.343000;b614dbfb-70db-4711-896d-fc2ea7f58a23;415.32;0.01085513;BUY
2016-03-15T00:10:31.300000;2016-03-15T00:10:31.403000;21b63235-977b-4458-9356-3fafb92ef54a;415.32;0.01085513;BUY
2016-03-15T00:10:31.300000;2016-03-15T00:10:31.403000;120a4ec6-e19a-48b3-9b7f-27c0e0f96f9d;415.32;0.05;BUY
2016-03-15T00:10:31.300000;2016-03-15T00:10:31.403000;2fc328df-6ded-4494-bfcf-9f4b939eb959;415.33;0.197;BUY
2016-03-15T00:10:31.300000;2016-03-15T00:10:31.403000;b7e4c4df-036a-4f5a-b58b-e60d53989735;415.34;0.01;BUY
2016-03-15T00:10:31.300000;2016-03-15T00:10:31.403000;9cd9973a-e297-4831-8208-42f4c737c3f9;415.34;0.03300533;BUY
2016-03-15T00:10:31.300000;2016-03-15T00:10:31.403000;87ea12c5-f691-464e-a90e-4b3da430a1c1;415.34;0.06054535;BUY
2016-03-15T00:10:31.300000;2016-03-15T00:10:31.403000;a060a7e6-cb89-4410-827b-04972b4c4089;415.34;0.01513634;BUY
2016-03-15T00:10:31.300000;2016-03-15T00:10:31.403000;790bc7eb-c937-4dce-b854-1063bf4a7321;415.36;3.925;BUY
2016-03-15T00:10:31.300000;2016-03-15T00:10:31.403000;f3b9d7ca-45fd-4fed-9a95-c89f564cf9fe;415.36;12.40938903;BUY
2016-03-15T00:11:01.297000;2016-03-15T00:11:01.297000;0e21b924-5ecc-46b5-83b0-eaa24b0932ba;415.35;4.212;BUY
2016-03-15T00:11:01.297000;2016-03-15T00:11:01.327000;b7dabd1d-8c2d-48ad-8d91-962917dd67ff;415.35;0.199;BUY
2016-03-15T00:11:01.297000;2016-03-15T00:11:01.343000;d8501259-827e-4aab-b4ad-89ce70d8aa4f;415.37;0.1666866;BUY
2016-03-15T00:11:01.297000;2016-03-15T00:11:01.343000;91a6e137-9af8-47a4-b17f-cb4efc54464d;415.37;0.05;BUY
2016-03-15T00:11:01.297000;2016-03-15T00:11:01.343000;bc50d492-9e46-4158-a141-588e76877e81;415.37;4.625;BUY
2016-03-15T00:11:01.297000;2016-03-15T00:11:01.403000;98c3f950-7b76-46c4-aa37-2873ad3234ab;415.38;0.01;BUY
2016-03-15T00:11:01.297000;2016-03-15T00:11:01.403000;ec1d8649-5cfe-4ac1-a680-3904b9964ac0;415.38;0.17368204;BUY
2016-03-15T00:11:01.297000;2016-03-15T00:11:01.403000;d7255e6f-497c-435a-af5d-afcdf53fc132;415.39;0.23;BUY
2016-03-15T00:11:01.297000;2016-03-15T00:11:01.403000;67f3ad94-b93d-4458-b9dc-eb70a9451028;415.41;0.01;BUY
2016-03-15T00:11:01.297000;2016-03-15T00:11:01.403000;b818ce50-d088-4cde-a9d0-7bdc38027ac9;415.42;0.01;BUY
2016-03-15T00:11:01.300000;2016-03-15T00:11:01.403000;df7e7b2f-531e-4aec-bbb6-9a25d055ee6a;415.42;0.0839;BUY
2016-03-15T00:11:01.300000;2016-03-15T00:11:01.403000;5f78fe29-c38e-4855-aca7-7d6fa9d4fb28;415.44;0.01;BUY
2016-03-15T00:11:01.300000;2016-03-15T00:11:01.403000;06f34fe6-8fcf-4c16-a5ad-5fdb8092e9d5;415.44;1.77229136;BUY
2016-03-15T00:11:31.287000;2016-03-15T00:11:31.280000;74140d56-0f70-481c-99c8-954a2e798690;415.42;0.153;BUY
2016-03-15T00:11:31.287000;2016-03-15T00:11:31.327000;a024fde4-e6de-4fb0-9dba-c4d4ddc681f1;415.43;0.0202;BUY
2016-03-15T00:12:01.317000;2016-03-15T00:12:01.333000;494722ef-7ca3-4db3-b247-005180d8e100;415.44;0.77199;BUY
2016-03-15T00:12:33.023000;2016-03-15T00:12:33.053000;6897948f-aae8-4aea-ab59-797601c93cb7;415.36;0.25;SELL
2016-03-15T00:12:33.023000;2016-03-15T00:12:33.067000;f0d2147e-500a-49e5-86e0-8ea14f5e548a;415.36;0.152;SELL
2016-03-15T00:12:33.023000;2016-03-15T00:12:33.100000;e158139c-ba9a-4524-bbb1-cc4c6c1a718d;415.35;0.13972;SELL
2016-03-15T00:13:01.273000;2016-03-15T00:13:01.303000;cdfd2e85-115b-405c-a1ec-ca4b25228041;415.36;0.25;SELL
2016-03-15T00:13:01.273000;2016-03-15T00:13:01.317000;3c6b35e0-6fe6-4896-ac8c-f4599149acd0;415.36;0.02565;SELL
2016-03-15T00:13:31.230000;2016-03-15T00:13:31.257000;93c4f79f-3326-45a2-b209-38f368941ec1;415.42;0.5;BUY
2016-03-15T00:13:31.230000;2016-03-15T00:13:31.287000;c8392fab-1268-476d-be3c-adb2f44ad66d;415.44;0.23463134;BUY
2016-03-15T00:13:31.230000;2016-03-15T00:13:31.287000;91633d02-d3e8-47b1-a7ae-650865871701;415.46;0.18;BUY
2016-03-15T00:13:31.230000;2016-03-15T00:13:31.287000;bfda2980-45f0-41b8-822e-ad7f39847d95;415.47;0.05;BUY
2016-03-15T00:13:31.230000;2016-03-15T00:13:31.287000;5cc583f1-35d4-4e55-b876-3ecc83d262de;415.47;0.07543756;BUY
2016-03-15T00:13:31.230000;2016-03-15T00:13:31.350000;db656d7f-83e3-4ab7-8b34-a19be58456c7;415.47;0.04726027;BUY
2016-03-15T00:13:31.230000;2016-03-15T00:13:31.350000;3d64766e-0da1-45f0-9ce4-4495c12b5408;415.48;0.01;BUY
2016-03-15T00:13:31.230000;2016-03-15T00:13:31.350000;f91610a9-5bc8-489a-970b-a84eb63818fc;415.49;4.542;BUY
2016-03-15T00:13:31.233000;2016-03-15T00:13:31.350000;9687a6ca-6d35-4ba4-85af-401be97d06bb;415.5;0.26220072;BUY
2016-03-15T00:13:31.233000;2016-03-15T00:13:31.350000;0c41aeff-8bfe-4dbd-845b-c114adbd3e5a;415.5;0.01;BUY
2016-03-15T00:13:31.233000;2016-03-15T00:13:31.380000;b5ff5f01-0202-406b-a0cc-ea98a9cbc3fb;415.5;2.72829011;BUY
2016-03-15T00:14:01.253000;2016-03-15T00:14:01.270000;74fd81cd-9644-4f3f-87b6-03ccbf3a211f;415.36;0.0463;SELL
2016-03-15T00:14:31.423000;2016-03-15T00:14:31.443000;3bbc3bb3-5471-4a53-ba7c-135f33471270;415.49;0.193;BUY
2016-03-15T00:14:31.423000;2016-03-15T00:14:31.473000;1d4b1354-5b2e-4c6f-b61a-c2092291ee8d;415.49;0.075;BUY
2016-03-15T00:14:31.423000;2016-03-15T00:14:31.473000;78035d94-ca35-49d2-b1aa-ef8621c64d4c;415.5;3.83163;BUY
2016-03-15T00:15:01.290000;2016-03-15T00:15:01.303000;9ca5861c-b3da-41e3-825d-5c4b65a3468e;415.4;0.1101;SELL
2016-03-15T00:15:01.290000;2016-03-15T00:15:01.317000;5678a4e2-b6d2-4933-9375-a544d8450418;415.4;0.095;SELL
2016-03-15T00:15:01.290000;2016-03-15T00:15:01.333000;1a703273-c034-4272-83ba-8924aa8cbe01;415.39;0.071;SELL
2016-03-15T00:15:01.290000;2016-03-15T00:15:01.333000;fa582d99-c846-439a-b0bb-d6454b15f02a;415.38;0.26520686;SELL
2016-03-15T00:15:01.290000;2016-03-15T00:15:01.333000;7b15bef5-ba45-4472-a061-93ba2b702539;415.37;0.07923523;SELL
2016-03-15T00:15:01.290000;2016-03-15T00:15:01.413000;a2af0bc6-f50e-4066-b6e9-3fd314fafda0;415.36;0.08756549;SELL
2016-03-15T00:15:01.290000;2016-03-15T00:15:01.413000;dfd4d7aa-1759-43a9-90df-8fe88d729854;415.36;0.05;SELL
2016-03-15T00:15:01.290000;2016-03-15T00:15:01.413000;1d222c70-d2d0-45b7-9840-098628839f5d;415.35;0.0197293;SELL
2016-03-15T00:15:01.290000;2016-03-15T00:15:01.413000;fcd8bf7e-d879-491e-8951-130f0a59c9fc;415.35;0.01;SELL
2016-03-15T00:15:01.290000;2016-03-15T00:15:01.413000;1f18d315-bb92-4c75-9eb4-b8d8d7d317bf;415.34;0.0614386;SELL
2016-03-15T00:15:01.290000;2016-03-15T00:15:01.413000;1a99b1f3-1218-4b1a-9b98-ba2637af4943;415.34;0.128;SELL
2016-03-15T00:15:01.290000;2016-03-15T00:15:01.413000;ed0009d9-a97b-461a-a7dd-f51ace3fed49;415.33;0.1200356;SELL
2016-03-15T00:15:01.290000;2016-03-15T00:15:01.413000;60016e49-87a4-4b2f-a1c4-b429245587df;415.32;3.79809892;SELL
2016-03-15T00:15:31.193000;2016-03-15T00:15:31.210000;60f61ce2-5bde-465f-9386-06cbb1ff9811;415.4;0.0115;SELL
2016-03-15T00:15:31.193000;2016-03-15T00:15:31.223000;22a93de9-fcd2-4951-8749-001c48d97404;415.39;0.06066;SELL
2016-03-15T00:16:01.280000;2016-03-15T00:16:01.303000;fbd3cfed-70b6-4e01-be64-88cb3f70a7da;415.39;0.08414;SELL
2016-03-15T00:16:01.280000;2016-03-15T00:16:01.317000;45033b39-0683-4c32-86d3-23f7598bf923;415.39;0.03687;SELL
2016-03-15T00:16:31.280000;2016-03-15T00:16:31.287000;84544381-15bc-426f-b7d8-d9e20e4ce361;415.49;0.01;BUY
2016-03-15T00:16:31.280000;2016-03-15T00:16:31.303000;4a20bf8a-e858-41e9-8d6c-3535535a7bfd;415.49;0.153;BUY
2016-03-15T00:16:31.280000;2016-03-15T00:16:31.350000;5bccbcd8-aa52-4205-b76a-236114aca67a;415.49;0.05;BUY
2016-03-15T00:16:31.280000;2016-03-15T00:16:31.350000;57355913-dca9-4073-bfd9-95e450dfacd4;415.5;0.90699;BUY
2016-03-15T00:17:03.783000;2016-03-15T00:17:03.787000;1261a3cc-d695-4862-b716-f1b712925d91;415.49;0.1;BUY
2016-03-15T00:17:03.783000;2016-03-15T00:17:03.833000;aa1329ab-e93b-4482-9959-b961be3fafd4;415.5;0.11237;BUY
2016-03-15T00:17:31.350000;2016-03-15T00:17:31.367000;5e4b6787-460f-438e-9fa3-a9fdf292c7dd;415.39;0.25;SELL
2016-03-15T00:17:31.350000;2016-03-15T00:17:31.380000;35473599-7193-4af8-a55e-e728b75e8b19;415.39;0.1;SELL
2016-03-15T00:17:31.350000;2016-03-15T00:17:31.380000;256d4ebc-7e52-4f4a-86ec-d637e6254101;415.38;0.0843219;SELL
2016-03-15T00:17:31.350000;2016-03-15T00:17:31.397000;74ef9afb-46ed-4184-87f4-dc6f8b6145ca;415.37;0.045;SELL
2016-03-15T00:17:31.350000;2016-03-15T00:17:31.397000;c4dc8fc3-03f8-4605-82c9-30ba68b65e29;415.36;0.1;SELL
2016-03-15T00:17:31.350000;2016-03-15T00:17:31.397000;43ff6495-2766-48c7-ab43-42e89bd6106c;415.35;0.0740784;SELL
2016-03-15T00:17:31.350000;2016-03-15T00:17:31.460000;9b7d42af-ba76-4038-bb18-2f49fa0bdc07;415.35;0.01;SELL
2016-03-15T00:17:31.350000;2016-03-15T00:17:31.460000;301a1370-6503-46c0-abe4-c07ae7ccdb20;415.34;0.031;SELL
2016-03-15T00:17:31.350000;2016-03-15T00:17:31.460000;c112a977-0662-4e17-8dad-1cbc922b14cd;415.34;0.118;SELL
2016-03-15T00:17:31.350000;2016-03-15T00:17:31.460000;9356c87a-1475-4d9e-861c-e50ff2e73e8a;415.34;0.05;SELL
2016-03-15T00:17:31.350000;2016-03-15T00:17:31.460000;f78c545d-439f-4204-8881-bc8e6f5aa39d;415.32;0.0274497;SELL
2016-03-15T00:18:01.300000;2016-03-15T00:18:01.303000;3711aee3-8ed2-44a7-a4ac-c5c02dd5d77d;415.48;0.01;BUY
2016-03-15T00:18:01.300000;2016-03-15T00:18:01.317000;d422e4f3-bc52-47a2-87da-7fbb4c7bb322;415.49;0.26251;BUY
2016-03-15T00:18:31.537000;2016-03-15T00:18:31.553000;75202274-7ced-4a73-ac72-50a508053eb8;415.48;0.48587;BUY
2016-03-15T00:19:03.140000;2016-03-15T00:19:03.147000;df914837-cd3b-44a6-9d02-81ec4e5b740a;415.48;0.11853;BUY
2016-03-15T00:19:32.417000;2016-03-15T00:19:32.413000;ce9fbcdc-45f2-46e6-9f8d-643de287d074;415.48;0.12147;BUY
2016-03-15T00:19:32.417000;2016-03-15T00:19:32.427000;b7717606-d200-4010-9a05-f1ea5c3754d0;415.48;0.03129;BUY
2016-03-15T00:20:01.307000;2016-03-15T00:20:01.303000;fb08ad64-1bad-46a7-bbee-05fb37adbd25;415.32;0.13666;SELL
2016-03-15T00:20:31.193000;2016-03-15T00:20:31.193000;c1361f75-bef5-4708-81bc-4681aaa43ff0;415.36;3.659;BUY
2016-03-15T00:20:31.193000;2016-03-15T00:20:31.210000;746d76a1-84d0-4e05-91c9-9e1fab114e3f;415.36;0.2709;BUY
2016-03-15T00:21:01.420000;2016-03-15T00:21:01.413000;d938230e-1562-4757-a379-b0e814fc642d;415.32;0.11334;SELL
2016-03-15T00:21:01.420000;2016-03-15T00:21:01.443000;550fc02c-cc27-4a85-b2da-c6dc5e31c4bf;415.32;0.095;SELL
2016-03-15T00:21:01.420000;2016-03-15T00:21:01.443000;eeb368d1-e5cc-4282-b5cd-3dddb49a6dff;415.31;0.03;SELL
2016-03-15T00:21:01.423000;2016-03-15T00:21:01.460000;22c1a9d1-28a3-4287-9dd3-d579c6a74625;415.3;0.0895;SELL
2016-03-15T00:21:01.423000;2016-03-15T00:21:01.460000;12ab7c24-6f30-4e83-a26e-e1c75f33b606;415.29;0.02702428;SELL
2016-03-15T00:21:01.423000;2016-03-15T00:21:01.520000;ce1d2a8c-a3d5-4762-b435-7dbf3314587f;415.27;0.1328804;SELL
2016-03-15T00:21:01.423000;2016-03-15T00:21:01.520000;bb04baa7-99df-4790-bcec-954ef1f6bce8;415.27;0.123;SELL
2016-03-15T00:21:01.423000;2016-03-15T00:21:01.520000;6073bcbe-f407-4587-8ba9-640f33adc795;415.25;0.0115;SELL
2016-03-15T00:21:01.423000;2016-03-15T00:21:01.520000;ea334ec7-3437-427b-908c-a950c7e91c4b;415.25;0.39790532;SELL
2016-03-15T00:21:31.407000;2016-03-15T00:21:31.413000;c3481cd3-4d14-432b-82a5-ba914f01bce0;415.36;0.24;BUY
2016-03-15T00:21:31.407000;2016-03-15T00:21:31.427000;9578a279-0064-418c-bc54-628cdee6e7d0;415.36;0.24;BUY
2016-03-15T00:21:31.407000;2016-03-15T00:21:31.427000;86df32e5-c586-4a88-81d2-01511828e22a;415.36;0.24;BUY
2016-03-15T00:21:31.407000;2016-03-15T00:21:31.427000;9e01b2d5-61c5-40ab-ba8c-a3b2214422dd;415.36;0.24;BUY
2016-03-15T00:21:31.407000;2016-03-15T00:21:31.490000;8462c8e6-b690-4070-9061-7bf3f6a664c1;415.36;0.18;BUY
2016-03-15T00:21:31.407000;2016-03-15T00:21:31.490000;fa074478-1a25-41ce-9ac2-33e1435b8209;415.36;0.24;BUY
2016-03-15T00:21:31.407000;2016-03-15T00:21:31.490000;e3788c80-16df-4d32-8595-e78543e31b98;415.36;0.24;BUY
2016-03-15T00:21:31.407000;2016-03-15T00:21:31.490000;cd2795da-a58d-4be7-baa2-0953fc468b9b;415.36;0.11566;BUY
2016-03-15T00:22:01.260000;2016-03-15T00:22:01.257000;ef61e55f-3c52-4c0e-8d15-3721d88e59a9;415.36;0.10648;BUY
2016-03-15T00:23:01.407000;2016-03-15T00:23:01.397000;9d3298ed-3068-4625-9009-76bd12ac1a73;415.36;0.01786;BUY
2016-03-15T00:23:01.410000;2016-03-15T00:23:01.427000;5ad3f0c7-2fff-4273-851b-d15c1b06116e;415.36;0.24;BUY
2016-03-15T00:23:01.410000;2016-03-15T00:23:01.443000;fb1042d9-6dad-4ed6-b714-b1d75042ef99;415.36;0.21647;BUY
2016-03-15T00:23:24.880000;2016-03-15T00:23:24.867000;665a351e-cc3d-43fc-9477-c3305143ad44;415.35;0.2;SELL
2016-03-15T00:23:27.010000;2016-03-15T00:23:27.007000;fdc1882c-2e93-4831-86b3-4065c40752ba;415.35;0.05;SELL
2016-03-15T00:23:27.013000;2016-03-15T00:23:27.007000;a1936a02-85df-473c-b7f4-a903163247a8;415.35;0.094;SELL
2016-03-15T00:23:27.013000;2016-03-15T00:23:27.037000;e13a5a00-3906-438e-b4b4-050196a44ce0;415.35;0.05;SELL
2016-03-15T00:23:27.013000;2016-03-15T00:23:27.037000;bd848919-2754-4038-bb44-231fb8ccb741;415.33;0.006;SELL
2016-03-15T00:23:29.390000;2016-03-15T00:23:29.380000;4a96f601-e61e-4b76-aa7c-34814a999006;415.34;0.2;SELL
2016-03-15T00:23:31.773000;2016-03-15T00:23:31.770000;9b349cac-7289-403f-aa61-b61d26bcdca9;415.34;0.05;SELL
2016-03-15T00:23:31.773000;2016-03-15T00:23:31.787000;db103b8f-10df-499e-8208-d227e360fac9;415.34;0.15;SELL
2016-03-15T00:23:32.017000;2016-03-15T00:23:32.020000;9e6e83b0-1ed7-4c4a-b992-780efa60fbd3;415.35;0.28114;BUY
2016-03-15T00:23:34.150000;2016-03-15T00:23:34.163000;d25a8240-2a62-4356-8bdc-879df70f66ab;415.33;0.2;SELL
2016-03-15T00:23:36.523000;2016-03-15T00:23:36.520000;34c71b4a-5f72-4233-ada3-607296b23a1d;415.33;0.2;SELL
2016-03-15T00:23:38.653000;2016-03-15T00:23:38.647000;16be0124-f042-42df-a146-a3ef781003c9;415.33;0.2;SELL
2016-03-15T00:23:41.027000;2016-03-15T00:23:41.020000;cb1322c8-edc8-4d55-b7d3-9ebe54c13b0a;415.33;0.2;SELL
2016-03-15T00:23:43.447000;2016-03-15T00:23:43.443000;a47d3d9d-b742-4b9d-a87e-7370de151c2b;415.33;0.2;SELL
2016-03-15T00:23:45.573000;2016-03-15T00:23:45.583000;449cb2a9-42a3-4aee-888d-9c2cd4244a0e;415.33;0.2;SELL
2016-03-15T00:23:47.707000;2016-03-15T00:23:47.693000;06da394e-ea07-47d9-a42f-1936b971ece6;415.33;0.2;SELL
2016-03-15T00:23:49.850000;2016-03-15T00:23:49.833000;78bd716a-703d-4e84-8bd5-89bd73fcd0d8;415.33;0.2;SELL
2016-03-15T00:23:52.227000;2016-03-15T00:23:52.223000;ef468cfa-0c09-49ef-ac57-0a799dc8bc70;415.33;0.2;SELL
2016-03-15T00:23:54.600000;2016-03-15T00:23:54.583000;8c17ff07-d410-4573-8baa-9f5c26e2aa4d;415.33;0.2;SELL
2016-03-15T00:23:56.740000;2016-03-15T00:23:56.723000;9845a870-d80d-4230-b90b-07c7c84800a7;415.33;0.2;SELL
2016-03-15T00:23:58.873000;2016-03-15T00:23:58.867000;9a526a5e-7e01-49cb-83eb-6c68ac5b4d61;415.33;0.2;SELL
2016-03-15T00:24:01.023000;2016-03-15T00:24:01.007000;afc3f9fa-80fe-4b9e-8260-a8bacfd016b1;415.33;0.2;SELL
2016-03-15T00:24:01.380000;2016-03-15T00:24:01.367000;7074e099-4a6f-41bd-8319-6f22603dd90c;415.34;0.24;BUY
2016-03-15T00:24:01.380000;2016-03-15T00:24:01.380000;4c2a0e5f-d2f9-45a2-9c58-b42131461530;415.34;0.02159;BUY
2016-03-15T00:24:03.170000;2016-03-15T00:24:03.163000;08f9af13-be86-41fa-893b-c6ba7de5302b;415.33;0.2;SELL
2016-03-15T00:24:05.543000;2016-03-15T00:24:05.537000;c508060a-4cd6-4b93-b6fa-69c9cbdc680b;415.33;0.2;SELL
2016-03-15T00:24:07.710000;2016-03-15T00:24:07.693000;e6895329-ee77-4f2f-a0cf-8b7024260c0f;415.33;0.2;SELL
2016-03-15T00:24:09.877000;2016-03-15T00:24:09.880000;ce8d265a-ae90-47e2-934c-ca165bfc3cef;415.33;0.1009;SELL
2016-03-15T00:24:31.437000;2016-03-15T00:24:31.427000;f729eb42-1f60-41b4-9490-0341c007e200;415.34;0.16997;BUY
2016-03-15T00:25:31.280000;2016-03-15T00:25:31.287000;dafa604c-52cf-4143-8058-a3828224bc2a;415.34;0.04844;BUY
2016-03-15T00:25:31.280000;2016-03-15T00:25:31.303000;f0cd88f4-ea53-494b-9326-6b27936651e8;415.34;0.24;BUY
2016-03-15T00:25:31.280000;2016-03-15T00:25:31.303000;d5e4359f-fd67-4894-a547-97d6177b4294;415.34;0.22786;BUY
2016-03-15T00:25:36.937000;2016-03-15T00:25:36.927000;4a7404f2-773f-4223-8ab1-bab4697345de;415.34;0.01;BUY
2016-03-15T00:26:01.703000;2016-03-15T00:26:01.693000;cf1b66f4-9a3a-4fa3-b289-3a6ea8b1fd50;415.34;0.00214;BUY
2016-03-15T00:26:01.703000;2016-03-15T00:26:01.713000;d3fce10f-331a-4384-8731-ebf699b08fe2;415.34;0.17870999;BUY
2016-03-15T00:26:01.703000;2016-03-15T00:26:01.727000;2d7daa61-300d-4eaf-a096-168f04411345;415.34;1.34927001;BUY
2016-03-15T00:26:31.423000;2016-03-15T00:26:31.413000;93695a41-97e4-43a5-bf31-8edf97eb3e39;415.34;1.46429;BUY
2016-03-15T00:27:01.310000;2016-03-15T00:27:01.333000;032f0124-c1a9-45b5-8c23-251265100761;415.33;3.95074;SELL
2016-03-15T00:27:31.247000;2016-03-15T00:27:31.273000;a91d9080-f7f5-4e99-bc0d-5903ecc0ce1b;415.34;1.12943999;BUY
2016-03-15T00:27:31.247000;2016-03-15T00:27:31.287000;a94e9d19-4957-4926-95ca-9be98e4f2daa;415.34;0.26;BUY
2016-03-15T00:27:31.247000;2016-03-15T00:27:31.303000;647b9147-c1a3-407e-bf05-5c177eb26e04;415.34;0.24;BUY
2016-03-15T00:27:31.247000;2016-03-15T00:27:31.303000;df3dbb00-3fbb-4e94-b9fa-f873e8e11229;415.35;0.75437001;BUY
2016-03-15T00:27:46.460000;2016-03-15T00:27:46.490000;09337e92-1081-40e0-afd0-a4543febffd3;415.35;0.3614414;BUY
2016-03-15T00:28:01.323000;2016-03-15T00:28:01.350000;d00063ce-9ac5-4e09-8122-d6a347dde501;415.34;0.25;SELL
2016-03-15T00:28:01.323000;2016-03-15T00:28:01.380000;3d0d8207-4041-4399-9263-93a153fa017a;415.34;0.447;SELL
2016-03-15T00:28:01.323000;2016-03-15T00:28:01.397000;99ed73a9-090b-4c6f-95c4-3f8203655b51;415.33;0.23479;SELL
2016-03-15T00:28:20.107000;2016-03-15T00:28:20.130000;acc638ec-1d63-4ad2-a0b6-7f97be70e49a;415.35;0.0488893;BUY
2016-03-15T00:28:34.517000;2016-03-15T00:28:34.537000;847f9ac5-de38-4299-bb9b-e1244b04114b;415.35;0.15608;BUY
2016-03-15T00:29:06.297000;2016-03-15T00:29:06.320000;04f7663f-91ef-4d14-a120-eed798499f56;415.34;0.077;SELL
2016-03-15T00:29:31.250000;2016-03-15T00:29:31.273000;05f684d1-d709-4b74-8502-772bef6f72be;415.35;0.01;SELL
2016-03-15T00:29:31.253000;2016-03-15T00:29:31.287000;1a108587-e089-4159-8706-7dd188631042;415.35;0.25;SELL
2016-03-15T00:29:31.253000;2016-03-15T00:29:31.320000;31b9a17e-9d34-46eb-87ff-13875506b93d;415.34;0.082;SELL
2016-03-15T00:29:31.253000;2016-03-15T00:29:31.320000;75686749-10f6-4896-8c46-9aa1441271bf;415.34;0.01;SELL
2016-03-15T00:29:31.253000;2016-03-15T00:29:31.320000;3d5aef10-8b86-4c56-8f02-a0d70867d017;415.33;0.76757;SELL
2016-03-15T00:29:31.253000;2016-03-15T00:29:31.367000;b0d5cbb6-3865-4f74-96db-cfa8fd4f9999;415.32;0.18916;SELL
2016-03-15T00:30:01.480000;2016-03-15T00:30:01.507000;cdaaaedc-70d5-4d72-b600-f0c83e48f4d4;415.35;0.25;SELL
2016-03-15T00:30:01.480000;2016-03-15T00:30:01.523000;8a87d0c5-0f99-455f-a6e5-670d0cc88d74;415.35;0.01;SELL
2016-03-15T00:30:01.480000;2016-03-15T00:30:01.537000;f5b568cd-d5e6-4fe4-81f2-6cadaf9d278c;415.35;0.083;SELL
2016-03-15T00:30:01.480000;2016-03-15T00:30:01.537000;2076260a-2cb4-4c0b-9b18-264992147931;415.34;0.01;SELL
2016-03-15T00:30:01.480000;2016-03-15T00:30:01.537000;e39a38c2-4f75-487e-8f14-fe7ec22e1cd1;415.33;0.1;SELL
2016-03-15T00:30:01.480000;2016-03-15T00:30:01.537000;eaa4d067-4f7d-4bcc-9aa7-ef1341e9e417;415.33;0.67672;SELL
2016-03-15T00:30:32.237000;2016-03-15T00:30:32.257000;e72f84a7-9237-4568-a469-7075c5621706;415.36;2.06238;BUY
2016-03-15T00:31:01.293000;2016-03-15T00:31:01.320000;bac2a2ce-6cb6-4a18-95ef-cee9f8fd9484;415.35;0.42379;BUY
2016-03-15T00:31:03.090000;2016-03-15T00:31:03.130000;bbf496f4-9ee5-4564-bf2e-ab2f74090a77;415.34;0.25;SELL
2016-03-15T00:31:31.377000;2016-03-15T00:31:31.397000;a80379fc-8d50-45ae-b9eb-d5d43aed651d;415.35;0.41658;BUY
2016-03-15T00:31:54.800000;2016-03-15T00:31:54.820000;310e9466-36a0-4a98-92cf-283913b74d2e;415.33;0.25;SELL
2016-03-15T00:31:54.800000;2016-03-15T00:31:54.833000;00dedd2d-3c04-47d7-9156-932159efc6fb;415.32;24.75;SELL
2016-03-15T00:32:01.320000;2016-03-15T00:32:01.333000;18a9e396-a872-49ba-9679-52aca0ec0d5e;415.35;0.2915;BUY
2016-03-15T00:32:31.320000;2016-03-15T00:32:31.333000;eedab3e7-9b2d-4451-bab2-0d0b01290f6b;415.32;0.45321;SELL
2016-03-15T00:33:01.330000;2016-03-15T00:33:01.350000;fad9766a-1957-49ff-9bc6-1423738f797d;415.33;1.26536;BUY
2016-03-15T00:33:16.693000;2016-03-15T00:33:16.710000;e208e709-2492-4b0d-ad69-802992152344;415.33;2.16486648;BUY
2016-03-15T00:33:17.117000;2016-03-15T00:33:17.147000;c83c19ba-708d-4fd9-a5bd-0fc673089857;415.33;1.82913352;BUY
2016-03-15T00:33:17.117000;2016-03-15T00:33:17.163000;3b2e80c0-c4a4-42de-981c-c0b79f357fc3;415.34;0.33573296;BUY
2016-03-15T00:33:17.517000;2016-03-15T00:33:17.537000;c76d0a25-8c1d-4681-b5fc-9f315ebb9343;415.34;2.16486648;BUY
2016-03-15T00:33:18.497000;2016-03-15T00:33:18.507000;0acc6aed-cbc2-4a3d-b957-0effa84beddb;415.34;1.43940056;BUY
2016-03-15T00:33:18.497000;2016-03-15T00:33:18.537000;a8a2b80f-332a-479d-9306-785588842fc3;415.36;0.72546592;BUY
2016-03-15T00:33:18.763000;2016-03-15T00:33:18.773000;e4b313a5-1d40-4d20-8493-c3881099ab87;415.36;1.24815408;BUY
2016-03-15T00:33:18.763000;2016-03-15T00:33:18.803000;90f3d768-804c-4fd9-ab52-88c4f6bd8976;415.37;0.02;BUY
2016-03-15T00:33:18.763000;2016-03-15T00:33:18.820000;55d87499-7358-48cb-b0e0-6a88fa7760e4;415.4;0.01;BUY
2016-03-15T00:33:18.763000;2016-03-15T00:33:18.820000;83b48619-e128-4e56-b66b-955401748e8d;415.4;0.243;BUY
2016-03-15T00:33:18.763000;2016-03-15T00:33:18.820000;557b9838-1635-4612-a283-46de16b318d8;415.45;0.238;BUY
2016-03-15T00:33:18.767000;2016-03-15T00:33:18.820000;425e62b7-9aa1-4881-a9a5-65ef43bab3ce;415.45;0.01;BUY
2016-03-15T00:33:18.767000;2016-03-15T00:33:18.820000;564232b7-21f9-442a-a6c4-91873fcf9fa5;415.47;0.01;BUY
2016-03-15T00:33:18.767000;2016-03-15T00:33:18.820000;3a698493-2fd7-400e-a5bb-53137071d0c3;415.48;0.3857124;BUY
2016-03-15T00:33:31.270000;2016-03-15T00:33:31.287000;4da8fd40-93c0-4740-968d-3af430cbbbdd;415.32;1.39294;SELL
2016-03-15T00:34:01.337000;2016-03-15T00:34:01.350000;ce7e6105-03ff-47c6-b4f4-1ceb532669ad;415.33;0.1;BUY
2016-03-15T00:34:01.337000;2016-03-15T00:34:01.367000;e74019ef-09c4-4297-8083-c274e0bb2de8;415.36;0.37675;BUY
2016-03-15T00:34:31.280000;2016-03-15T00:34:31.287000;f8c768b6-e6cd-4290-a834-621c7d87f304;415.36;0.10246;BUY
2016-03-15T00:35:01.377000;2016-03-15T00:35:01.380000;2f4f1a2d-ddd9-4a77-bad4-0165cd4e02c9;415.33;0.43;SELL
2016-03-15T00:35:01.377000;2016-03-15T00:35:01.397000;2c276ff1-55a6-4d97-8f70-31e15afe0b95;415.32;1.23731;SELL
2016-03-15T00:35:31.433000;2016-03-15T00:35:31.443000;cd0a6a68-2449-44cc-b137-2fa7d922fbd4;415.36;0.36667;BUY
2016-03-15T00:36:01.653000;2016-03-15T00:36:01.663000;7bb4d394-d449-45a1-b024-cab61d5a1117;415.37;0.39843;SELL
2016-03-15T00:36:26.937000;2016-03-15T00:36:26.943000;e348dc62-1459-45b9-8f38-672791ce3128;415.48;0.056;BUY
2016-03-15T00:36:31.993000;2016-03-15T00:36:32.007000;c496442e-e073-47b2-bf0f-1e98e452c44c;415.35;0.6113;SELL
2016-03-15T00:36:48.300000;2016-03-15T00:36:48.333000;a67a1b41-a069-4c4a-b4f0-695482f567d3;415.48;0.184;BUY
2016-03-15T00:36:48.300000;2016-03-15T00:36:48.333000;81dffb3d-8b48-40cd-b6b9-0320a3d5c2ad;415.48;0.24;BUY
2016-03-15T00:36:48.303000;2016-03-15T00:36:48.333000;797c7177-ddb1-4dd5-a2b2-befa87d5fbcf;415.48;0.24;BUY
2016-03-15T00:36:48.303000;2016-03-15T00:36:48.333000;14415291-ae3e-40fc-ae2b-4a56aba7f038;415.49;0.1;BUY
2016-03-15T00:36:48.303000;2016-03-15T00:36:48.333000;be78864f-4f4c-4031-8882-01d30dd9078a;415.49;0.5548;BUY
2016-03-15T00:36:48.303000;2016-03-15T00:36:48.333000;616b495f-e0c3-422b-834a-8e48b28344ba;415.49;0.05;BUY
2016-03-15T00:36:48.303000;2016-03-15T00:36:48.367000;58f64153-20ac-45ba-9214-381449d68dff;415.5;3.6312;BUY
2016-03-15T00:37:01.330000;2016-03-15T00:37:01.333000;11eb98a6-5390-4cd0-8d89-e002e29444b1;415.5;3.50277;BUY
2016-03-15T00:37:21.157000;2016-03-15T00:37:21.180000;5f82c3a1-6f9d-4fdc-b116-e43859250c91;415.49;0.24;BUY
2016-03-15T00:37:21.157000;2016-03-15T00:37:21.193000;59477db3-a591-46d8-af8a-df0337e73165;415.49;0.24;BUY
2016-03-15T00:37:21.157000;2016-03-15T00:37:21.193000;05bc5fea-344f-4dc2-b717-c0e02f4ec802;415.49;0.334;BUY
2016-03-15T00:37:21.157000;2016-03-15T00:37:21.193000;f31399d9-22f2-40e3-8f75-989451d23a8b;415.5;4.186;BUY
2016-03-15T00:37:31.403000;2016-03-15T00:37:31.397000;3d634154-0137-41d1-9924-78039182510c;415.49;0.01;BUY
2016-03-15T00:37:31.403000;2016-03-15T00:37:31.430000;8fbe3ebe-410e-424d-b0b4-96d97ef85213;415.5;0.33547;BUY
2016-03-15T00:38:03.877000;2016-03-15T00:38:03.880000;13152ad8-a6f3-4f5b-960e-ba39d58cda8a;415.43;0.01239;SELL
2016-03-15T00:38:23.703000;2016-03-15T00:38:23.710000;1a29bc7f-3b1f-4910-98e6-847e0496c50e;415.48;0.0999;BUY
2016-03-15T00:38:23.707000;2016-03-15T00:38:23.727000;3324bacd-bb9d-4161-a8d3-3773febbf64d;415.48;2.0;BUY
2016-03-15T00:38:23.707000;2016-03-15T00:38:23.727000;862cfe56-6a7b-44ee-9af4-bb30ae6799d1;415.49;0.25;BUY
2016-03-15T00:38:23.707000;2016-03-15T00:38:23.727000;3bd9d040-3b53-439d-bcad-b3847af57b8e;415.49;0.24;BUY
2016-03-15T00:38:23.707000;2016-03-15T00:38:23.727000;f8bab4ed-8833-433a-85d3-58c6e678038f;415.49;0.23953;BUY
2016-03-15T00:38:23.707000;2016-03-15T00:38:23.727000;0255ee4f-e4c1-44eb-ad7a-8e7ebd74454f;415.49;0.24;BUY
2016-03-15T00:38:23.707000;2016-03-15T00:38:23.727000;b4dbe203-e722-495e-96a5-5163816b2dcc;415.49;0.17;BUY
2016-03-15T00:38:23.707000;2016-03-15T00:38:23.773000;bd33a3f3-11e8-4364-86c9-118afd3c5128;415.5;0.76527989;BUY
2016-03-15T00:38:23.707000;2016-03-15T00:38:23.773000;d5034829-2292-4e76-95e2-c699e47f25ef;415.5;0.01;BUY
2016-03-15T00:38:23.707000;2016-03-15T00:38:23.773000;ace86af3-ba98-496b-ada3-cc1670d1b9cf;415.51;0.6556;BUY
2016-03-15T00:38:31.397000;2016-03-15T00:38:31.397000;4df80352-e350-46d5-ba16-3f67f748cbd8;415.51;0.32969011;SELL
2016-03-15T00:38:31.397000;2016-03-15T00:38:31.413000;a67309c5-7367-4300-8648-b5c4af8bf6b3;415.42;0.27581989;SELL
2016-03-15T00:39:01.327000;2016-03-15T00:39:01.333000;fda09f5b-f786-4428-89ca-b33bd7723488;415.45;0.25;SELL
2016-03-15T00:39:01.330000;2016-03-15T00:39:01.367000;c48cf313-840c-4410-97c6-db14b6898093;415.44;1.15124;SELL
2016-03-15T00:39:34.310000;2016-03-15T00:39:34.303000;516f997a-0566-41de-8767-aefc7cebe57e;415.5;1.0;BUY
2016-03-15T00:39:34.313000;2016-03-15T00:39:34.333000;b4295ac1-7f55-4c84-90a7-9a66912f3845;415.51;0.25;BUY
2016-03-15T00:39:34.313000;2016-03-15T00:39:34.350000;eb2f1d5d-26dc-4098-b9b1-962b29973856;415.51;0.25;BUY
2016-03-15T00:39:34.313000;2016-03-15T00:39:34.350000;78a86d4f-2305-4a79-ae09-5ad688846242;415.52;0.01;BUY
2016-03-15T00:39:34.313000;2016-03-15T00:39:34.350000;60f470d0-fc5b-4296-bafa-fb271ad08279;415.53;0.30175024;BUY
2016-03-15T00:39:34.313000;2016-03-15T00:39:34.413000;de1e8f01-c7c0-456d-ba70-9c2b09964c57;415.54;0.01;BUY
2016-03-15T00:39:34.313000;2016-03-15T00:39:34.413000;90eb244f-86b7-4c39-b9b0-75dd18908eca;415.55;0.69472817;BUY
2016-03-15T00:39:34.313000;2016-03-15T00:39:34.413000;0d3eb95c-7695-497c-b106-49e73224eb4b;415.55;0.17798159;BUY
2016-03-15T00:40:01.443000;2016-03-15T00:40:01.443000;e559dac4-ca09-4ca3-8a70-b156897b4db5;415.48;0.25;SELL
2016-03-15T00:40:01.443000;2016-03-15T00:40:01.460000;1e1a7ee9-0a2c-468d-bd4d-81a326e4e6eb;415.48;0.125;SELL
2016-03-15T00:40:01.443000;2016-03-15T00:40:01.477000;dd3a6740-415b-4f8a-a1f1-9f40aa87f4de;415.48;0.1;SELL
2016-03-15T00:40:01.447000;2016-03-15T00:40:01.477000;35045500-0abc-4e67-b7b9-c06324aa9de5;415.47;0.025;SELL
2016-03-15T00:40:31.440000;2016-03-15T00:40:31.430000;b9c9cea7-523a-4843-ad88-58a41377bfa8;415.45;0.12927;SELL
2016-03-15T00:41:31.343000;2016-03-15T00:41:31.367000;c67983ea-9f9b-4834-87af-65efe1c852c5;415.51;0.25;BUY
2016-03-15T00:41:31.343000;2016-03-15T00:41:31.397000;8e30c531-7114-43d0-9ecd-7a3a176b94ad;415.51;0.24;BUY
2016-03-15T00:41:31.343000;2016-03-15T00:41:31.443000;1300a742-82eb-411c-bcfb-f8f65b9d5786;415.51;0.24;BUY
2016-03-15T00:41:31.343000;2016-03-15T00:41:31.443000;cff7573f-06d7-42e9-a6a5-3e67175bb0f9;415.51;0.24;BUY
2016-03-15T00:41:31.343000;2016-03-15T00:41:31.443000;78d3ec31-7617-4da5-8f71-cb274cf70dbd;415.51;0.24;BUY
2016-03-15T00:41:31.343000;2016-03-15T00:41:31.443000;229be849-c837-47b3-9517-e5358c90b61d;415.51;0.1;BUY
2016-03-15T00:41:31.343000;2016-03-15T00:41:31.443000;d5e88b96-26d2-41cf-a589-8b20e479450a;415.51;0.25;BUY
2016-03-15T00:41:31.343000;2016-03-15T00:41:31.443000;9ae1c5eb-4fd9-4dbf-b1a4-c11ff2cb8dde;415.51;0.214;BUY
2016-03-15T00:41:31.343000;2016-03-15T00:41:31.443000;70b843b8-dc09-498a-9758-4244e981f7ee;415.51;0.4;BUY
2016-03-15T00:41:31.343000;2016-03-15T00:41:31.443000;eaa5f330-55cd-434c-93be-3e5ab237bd45;415.52;4.172;BUY
2016-03-15T00:41:31.343000;2016-03-15T00:41:31.477000;145f99c0-528b-4852-a541-359e66d05e88;415.56;0.263;BUY
2016-03-15T00:41:31.343000;2016-03-15T00:41:31.477000;ebfc51ba-e3ac-4ef3-bde7-5179f5ad2946;415.57;0.05;BUY
2016-03-15T00:41:31.343000;2016-03-15T00:41:31.477000;f6611b81-bcbf-4a1e-a217-84c28f98058c;415.59;0.06270355;BUY
2016-03-15T00:41:31.343000;2016-03-15T00:41:31.477000;0cad9347-e0b4-43fb-9421-9cfbab4a7a9b;415.59;0.01567589;BUY
2016-03-15T00:41:31.343000;2016-03-15T00:41:31.477000;264fa4f6-69a9-42a0-928d-d6e950b1043f;415.6;0.68536812;BUY
2016-03-15T00:41:31.347000;2016-03-15T00:41:31.477000;9d9b0d71-f8e1-4041-9252-75cf72af357b;415.61;0.03467909;BUY
2016-03-15T00:41:31.347000;2016-03-15T00:41:31.477000;fd054d81-93bf-49b4-90c7-75560a021345;415.61;0.12863983;BUY
2016-03-15T00:41:31.347000;2016-03-15T00:41:31.477000;1c0ad5f2-b0ab-43a5-b299-697fd5842ff1;415.61;0.35598095;BUY
2016-03-15T00:41:31.347000;2016-03-15T00:41:31.477000;629d77d6-625b-4032-9fbd-65e48d4f5831;415.61;0.247;BUY
2016-03-15T00:41:31.347000;2016-03-15T00:41:31.477000;c004075c-7c43-45eb-acb8-c8fb959d433f;415.62;2.16852648;BUY
2016-03-15T00:41:31.347000;2016-03-15T00:41:31.507000;1bc24e18-a04d-4e49-b568-eeec582a1b49;415.63;0.13871636;BUY
2016-03-15T00:41:31.347000;2016-03-15T00:41:31.507000;22b718db-cb5b-4c9f-9969-7dfb6cf0570a;415.66;0.209;BUY
2016-03-15T00:41:31.347000;2016-03-15T00:41:31.507000;3655e9f8-3607-4b7b-b4f1-9c6cd2e4142a;415.66;0.05;BUY
2016-03-15T00:41:31.347000;2016-03-15T00:41:31.507000;43f17eef-60f8-44b4-806d-f4d1c48ac083;415.67;0.01;BUY
2016-03-15T00:41:31.347000;2016-03-15T00:41:31.507000;5b2febf2-a369-416b-8a36-f2914b53bd8f;415.67;0.05;BUY
2016-03-15T00:41:31.347000;2016-03-15T00:41:31.507000;0394f783-a426-43d4-aed6-592b52ac2a7a;415.67;4.43;BUY
2016-03-15T00:41:31.347000;2016-03-15T00:41:31.507000;6022071a-a400-4e8f-97eb-516ff4e8684c;415.68;0.02;BUY
2016-03-15T00:41:31.347000;2016-03-15T00:41:31.507000;12db35fd-0495-47b8-9037-34330eb27b01;415.71;0.14781235;BUY
2016-03-15T00:41:31.347000;2016-03-15T00:41:31.537000;4d60b966-8dec-4ef9-a7f9-cff9602a433b;415.71;0.03695309;BUY
2016-03-15T00:41:31.347000;2016-03-15T00:41:31.537000;8c862af1-4cd1-494d-8bff-db0e105e17cd;415.71;0.207;BUY
2016-03-15T00:41:31.350000;2016-03-15T00:41:31.537000;54d573ce-ea62-435f-a36a-590f8d9b5510;415.75;0.05;BUY
2016-03-15T00:41:31.350000;2016-03-15T00:41:31.537000;84bf6e92-b599-4895-adb4-bf15347da011;415.77;0.05;BUY
2016-03-15T00:41:31.350000;2016-03-15T00:41:31.537000;5ca5fe05-5f52-451d-a52d-073977525a02;415.79;0.01;BUY
2016-03-15T00:41:31.350000;2016-03-15T00:41:31.537000;94f90a90-ba78-4e0f-a258-a9fd3041e4e5;415.79;0.02191576;BUY
2016-03-15T00:41:31.350000;2016-03-15T00:41:31.537000;3db5cfb0-016d-4d38-ae45-dcbb1663252c;415.8;0.10714372;BUY
2016-03-15T00:41:31.350000;2016-03-15T00:41:31.537000;9c2ebf3d-7b29-4853-94db-10307b2c353e;415.8;1.92;BUY
2016-03-15T00:41:31.350000;2016-03-15T00:41:31.537000;3c096090-af65-470a-8854-7a74e1dd72f0;415.81;0.5;BUY
2016-03-15T00:41:31.350000;2016-03-15T00:41:31.537000;592ef034-b5b0-4fb1-a29b-e7275edc36f6;415.82;2.37196481;BUY
2016-03-15T00:42:03.160000;2016-03-15T00:42:03.147000;fc610f48-e4ca-4d83-960d-90cd07b7d9c0;415.5;0.0115;SELL
2016-03-15T00:42:03.160000;2016-03-15T00:42:03.180000;0aab7e02-0f4e-437e-9e65-22e25afcbbfb;415.44;0.06672;SELL
2016-03-15T00:42:08.880000;2016-03-15T00:42:08.867000;288126c8-55dc-4b36-88b7-1e153c07940c;415.51;0.01534049;BUY
2016-03-15T00:42:31.960000;2016-03-15T00:42:32.037000;2ec900f5-701a-4bd3-af97-d17f7869e7ee;415.38;0.1;SELL
2016-03-15T00:42:31.960000;2016-03-15T00:42:32.037000;c4702d25-cc53-475c-99a3-845f5ffafcac;415.38;0.117;SELL
2016-03-15T00:42:31.960000;2016-03-15T00:42:32.037000;7eef2919-71c8-4302-904d-c805c94084da;415.34;0.01;SELL
2016-03-15T00:42:31.963000;2016-03-15T00:42:32.037000;f7515a64-4245-4059-b09c-3f7b2bf3fe43;415.33;2.0;SELL
2016-03-15T00:42:31.963000;2016-03-15T00:42:32.037000;093a375c-b663-4ee8-bd83-b7d0246adaa9;415.33;0.8;SELL
2016-03-15T00:42:31.963000;2016-03-15T00:42:32.037000;3bdd27a1-d9f0-4fd3-b40d-45e1b07954d7;415.33;0.05;SELL
2016-03-15T00:42:31.963000;2016-03-15T00:42:32.050000;34354cc4-f19a-4fa8-b33d-a648758d02aa;415.33;0.076;SELL
2016-03-15T00:42:31.963000;2016-03-15T00:42:32.050000;ac228adc-60fe-4d72-8b6d-3a9cdfe82359;415.32;5.2994;SELL
2016-03-15T00:42:48.423000;2016-03-15T00:42:48.457000;fd330bfa-fbfd-4c9c-854e-157d924bd3f2;415.35;0.2;SELL
2016-03-15T00:43:02.323000;2016-03-15T00:43:02.380000;fb20680d-734f-4f92-b1bc-6086ae835cb6;415.5;0.01;BUY
2016-03-15T00:43:02.323000;2016-03-15T00:43:02.380000;61f426f8-2c49-4098-b8d8-5eec3aefeb58;415.51;0.12998;BUY
2016-03-15T00:43:31.833000;2016-03-15T00:43:31.863000;6cb3e483-1900-4878-9b02-afb7646fe60e;415.39;0.1;SELL
2016-03-15T00:43:31.833000;2016-03-15T00:43:31.880000;98940cf2-a584-4658-bc3c-b6a9e6fbf02b;415.39;0.08534;SELL
2016-03-15T00:44:02.423000;2016-03-15T00:44:02.457000;d2077635-4871-43b6-9c4c-8123bae68278;415.49;0.07;BUY
2016-03-15T00:44:02.423000;2016-03-15T00:44:02.473000;a79a2b89-b266-474f-a48d-ecae5987fb0b;415.49;0.00347;BUY
2016-03-15T00:44:34.130000;2016-03-15T00:44:34.177000;7d4b1694-9b0d-4a7d-a3e5-e271f95451f4;415.49;0.23653;BUY
2016-03-15T00:44:34.130000;2016-03-15T00:44:34.177000;54ff47fc-357a-4cf9-950f-4f08a176b0db;415.49;0.24;BUY
2016-03-15T00:44:34.130000;2016-03-15T00:44:34.193000;fd8b2515-8c99-456c-b5ca-7681fd2270b3;415.51;6e-05;BUY
2016-03-15T00:45:01.477000;2016-03-15T00:45:01.520000;f5c49caf-f88e-4923-aec5-3c4d05081080;415.56;0.01;SELL
2016-03-15T00:45:01.477000;2016-03-15T00:45:01.537000;b7a1ff7f-06c4-4505-b83b-470662cab9a1;415.55;0.07183;SELL
2016-03-15T00:45:36.490000;2016-03-15T00:45:36.537000;6b050c39-f5b2-4044-9ba6-57f5788363db;415.49;0.09823;SELL
2016-03-15T00:45:36.493000;2016-03-15T00:45:36.537000;7aab29b0-8127-4156-baa2-51243df782b5;415.49;0.01;SELL
2016-03-15T00:45:36.493000;2016-03-15T00:45:36.537000;d0bfaa26-9fc9-4a33-aa85-3ff27296ec86;415.48;0.06772;SELL
2016-03-15T00:46:05.680000;2016-03-15T00:46:05.707000;3ce3e7d9-7cb7-46f5-a30b-a94e094a8537;415.57;0.01;BUY
2016-03-15T00:46:05.680000;2016-03-15T00:46:05.723000;61e6cd8b-dce7-4b7e-b069-260133f7b9dc;415.58;0.24;BUY
2016-03-15T00:46:05.680000;2016-03-15T00:46:05.740000;3650968f-0508-4ebd-9c47-a6e1f3415db3;415.58;0.24;BUY
2016-03-15T00:46:05.680000;2016-03-15T00:46:05.740000;b23aecd9-2cbc-47e7-a42d-bcf08dfaca80;415.58;0.24;BUY
2016-03-15T00:46:05.680000;2016-03-15T00:46:05.753000;27cb4430-a57b-4a6d-9c9b-bbae5e9b2b1b;415.58;0.05141;BUY
2016-03-15T00:46:08.160000;2016-03-15T00:46:08.223000;21ad0bd3-03ce-4663-b882-8573efb830cb;415.52;0.012;BUY
2016-03-15T00:46:08.177000;2016-03-15T00:46:08.223000;5fe42203-30b8-4296-8cff-7af971d58877;415.52;0.028;BUY
2016-03-15T00:46:31.717000;2016-03-15T00:46:31.787000;51bfa6bb-8218-4061-8055-837e0fbf7fea;415.37;0.15529;SELL
2016-03-15T00:46:44.927000;2016-03-15T00:46:44.957000;d8aba784-2cbe-44a1-8f8c-c83ad6df9ebe;415.39;0.01;SELL
2016-03-15T00:46:44.927000;2016-03-15T00:46:44.990000;c22b1131-4504-47d5-a608-960e6b5ca723;415.38;0.03976252;SELL
2016-03-15T00:47:01.637000;2016-03-15T00:47:01.677000;b50ce663-6943-458e-9b5d-6bc9f2a3025c;415.51;0.1;BUY
2016-03-15T00:47:01.637000;2016-03-15T00:47:01.677000;4673422b-0c38-41ba-a246-896e71cf096e;415.51;0.1;BUY
2016-03-15T00:47:01.637000;2016-03-15T00:47:01.677000;e24edaf8-2cfd-4318-8331-b74fa4809ee9;415.51;0.1;BUY
2016-03-15T00:47:01.637000;2016-03-15T00:47:01.693000;db0a3bd2-9c58-4fed-8e2e-9d600ac1af32;415.51;0.1;BUY
2016-03-15T00:47:01.637000;2016-03-15T00:47:01.693000;a7a7c655-c3a6-43eb-b9c8-4043d80f27f0;415.51;0.1;BUY
2016-03-15T00:47:01.637000;2016-03-15T00:47:01.693000;56b74bd1-e207-4876-b3f9-ebc7a980d02c;415.51;0.24;BUY
2016-03-15T00:47:01.637000;2016-03-15T00:47:01.707000;653594bd-a2c5-43e3-84b0-01930808e708;415.51;0.18758999;BUY
2016-03-15T00:47:01.637000;2016-03-15T00:47:01.707000;ab0a894b-6e0f-4fb1-b257-773f1972a354;415.51;0.24;BUY
2016-03-15T00:47:01.637000;2016-03-15T00:47:01.707000;61c4f859-6a75-407a-b4ff-408c23a7db7e;415.51;0.06686001;BUY
2016-03-15T00:47:32.027000;2016-03-15T00:47:32.050000;91cf4124-d131-4ade-b586-f852beaca8c4;415.35;2.71745;BUY
2016-03-15T00:48:01.523000;2016-03-15T00:48:01.550000;eea6f6a1-be4a-41d4-9bac-a019f7287c76;415.35;0.26869;BUY
2016-03-15T00:48:31.813000;2016-03-15T00:48:31.833000;2723fd29-23fb-4d4d-a3b1-ca922a8c9573;415.35;1.28586;BUY
2016-03-15T00:48:31.813000;2016-03-15T00:48:31.880000;354306f1-de0b-47a9-ba79-bd23310bb828;415.35;0.24;BUY
2016-03-15T00:48:31.813000;2016-03-15T00:48:31.897000;bfab5d7c-b45e-454a-92ff-c7bf7cc38472;415.35;0.26713999;BUY
2016-03-15T00:48:31.813000;2016-03-15T00:48:31.897000;af3f8ec2-4784-4910-b2ee-30923108dcb6;415.35;0.24;BUY
2016-03-15T00:48:31.813000;2016-03-15T00:48:31.897000;d43d70e8-bf3f-41d2-85f6-aa75aac3c5ac;415.35;0.24;BUY
2016-03-15T00:48:31.813000;2016-03-15T00:48:31.943000;0253a262-361d-40ad-a7e9-839086f49703;415.35;0.09563001;BUY
2016-03-15T00:49:01.397000;2016-03-15T00:49:01.410000;93ec81f2-249c-4b9d-97db-e971295c0038;415.35;0.14436999;BUY
2016-03-15T00:49:01.397000;2016-03-15T00:49:01.427000;354d4f0e-4643-4ccc-8655-56382f3208ae;415.35;0.20855001;BUY
2016-03-15T00:49:31.373000;2016-03-15T00:49:31.397000;162889e8-c1a2-4ae3-b50d-13c975ae0237;415.35;0.03144999;BUY
2016-03-15T00:49:31.373000;2016-03-15T00:49:31.410000;d8f5e080-4e6f-41ee-9715-b6f35f953039;415.35;0.24;BUY
2016-03-15T00:49:31.373000;2016-03-15T00:49:31.410000;ab3c3376-c6a1-46ba-aea0-22f5e2969574;415.35;0.2;BUY
2016-03-15T00:49:31.373000;2016-03-15T00:49:31.427000;ae44cdb0-0c8c-4111-95c5-88f200aef129;415.35;1.17;BUY
2016-03-15T00:49:31.373000;2016-03-15T00:49:31.427000;063cc651-2cb5-44ca-8d1c-7977fdcc18e4;415.36;0.55161001;BUY
2016-03-15T00:49:55.820000;2016-03-15T00:49:55.833000;defdf15b-e730-4a89-954b-b31d62ca7027;415.34;0.01;SELL
2016-03-15T00:49:56.703000;2016-03-15T00:49:56.723000;7ec58f82-f3aa-4d6a-83d2-4c1852f0e438;415.35;0.013;BUY
2016-03-15T00:50:01.010000;2016-03-15T00:50:01.037000;37ad8fdd-efb0-483c-b067-d5d80983cd43;415.35;0.013;BUY
2016-03-15T00:50:01.750000;2016-03-15T00:50:01.753000;4b6c494c-ff9f-4778-a1f0-9185cb6e920d;415.35;0.174;BUY
2016-03-15T00:50:01.750000;2016-03-15T00:50:01.787000;f739d84f-8fdb-4b8e-a6ca-f6137f767a57;415.36;0.38738;BUY
2016-03-15T00:50:08.017000;2016-03-15T00:50:08.037000;f90514f0-6828-4a46-9b54-319ba2d7b95b;415.36;0.08115951;BUY
2016-03-15T00:50:08.030000;2016-03-15T00:50:08.067000;7fbce786-c439-4d71-a9f2-8a9ec755979b;415.36;0.03764049;BUY
2016-03-15T00:50:08.327000;2016-03-15T00:50:08.363000;36bed80d-3025-4fa6-aa0c-a9c0f27e985b;415.36;0.211;BUY
2016-03-15T00:50:23.153000;2016-03-15T00:50:23.177000;797fb194-9cbc-48a4-8a18-8aa090ac963d;415.36;0.15206329;BUY
2016-03-15T00:50:30.173000;2016-03-15T00:50:30.193000;fb0c1bba-618e-4c9e-9cc8-b5e475ea1d18;415.36;0.3298;BUY
2016-03-15T00:50:32.647000;2016-03-15T00:50:32.660000;dfef1d09-ee8b-4c19-8c24-719a493b2716;415.36;0.52126;BUY
2016-03-15T00:50:34.593000;2016-03-15T00:50:34.597000;691b505c-160c-46ef-b6d2-8ec84c5f3379;415.36;0.0298;BUY
2016-03-15T00:50:38.783000;2016-03-15T00:50:38.817000;88bcfbad-021d-4fea-9a69-10b06bf599d9;415.36;0.15341629;BUY
2016-03-15T00:50:38.787000;2016-03-15T00:50:38.817000;d2f92f8c-1a73-43f2-a9d9-c85b08a7b516;415.36;0.0975;BUY
2016-03-15T00:50:42.127000;2016-03-15T00:50:42.177000;c2273249-a767-4228-97b9-01fe53deab50;415.36;0.013;BUY
2016-03-15T00:50:52.437000;2016-03-15T00:50:52.473000;abd87fbc-3047-4b11-a6a9-9e7d2630fb0c;415.36;0.013;BUY
2016-03-15T00:50:52.567000;2016-03-15T00:50:52.613000;ac88be5a-abbe-4352-893a-f975dd1fdef1;415.34;0.09;SELL
2016-03-15T00:50:52.570000;2016-03-15T00:50:52.613000;b354b54e-0d60-47aa-876b-aed324587748;415.34;0.1;SELL
2016-03-15T00:50:52.570000;2016-03-15T00:50:52.613000;66b982d9-c589-4e17-bfbd-d0a45bac92be;415.33;0.8;SELL
2016-03-15T00:50:52.570000;2016-03-15T00:50:52.613000;54e52004-5ce0-423e-b0d1-e2e47274be9c;415.32;8.401;SELL
2016-03-15T00:50:59.287000;2016-03-15T00:50:59.333000;50fe34c3-a81e-496d-ae89-962b1de1231d;415.33;0.0103;BUY
2016-03-15T00:51:01.697000;2016-03-15T00:51:01.723000;2908ae72-f07b-47db-8f3d-13a765442673;415.32;0.0289;SELL
2016-03-15T00:51:31.453000;2016-03-15T00:51:31.473000;c8ffad31-2904-4784-9517-d3801e2cde54;415.32;0.90438;SELL
2016-03-15T00:52:01.583000;2016-03-15T00:52:01.613000;66bc25e9-a6b6-4f08-9fb4-c7da89f050f0;415.32;2.00153;SELL
2016-03-15T00:52:31.453000;2016-03-15T00:52:31.457000;e10c18ba-b101-43c4-9617-083469bbdc40;415.33;0.181;BUY
2016-03-15T00:52:31.453000;2016-03-15T00:52:31.473000;709db670-8235-41b4-b18d-974ab8515575;415.33;0.24;BUY
2016-03-15T00:52:31.453000;2016-03-15T00:52:31.473000;3e2de412-c45f-47b8-9689-a55c13aa7a4f;415.33;0.23384;BUY
2016-03-15T00:53:01.867000;2016-03-15T00:53:01.880000;0438deca-e089-4720-9b82-c27570d08182;415.33;0.00616;BUY
2016-03-15T00:53:01.867000;2016-03-15T00:53:01.897000;53c817c5-8a75-4d65-914e-b2dfd023a907;415.33;0.24;BUY
2016-03-15T00:53:01.867000;2016-03-15T00:53:01.910000;98fbb6ec-47f0-45c8-bd5c-6c5237a78262;415.33;0.2;BUY
2016-03-15T00:53:01.867000;2016-03-15T00:53:01.910000;9a51c9b9-a838-4661-b720-1bcbd55b5e6e;415.33;0.2;BUY
2016-03-15T00:53:01.867000;2016-03-15T00:53:01.910000;55bf1a37-2a0e-4b56-9fda-f231768691a0;415.33;0.24;BUY
2016-03-15T00:53:01.867000;2016-03-15T00:53:01.973000;4101c2af-2310-428a-a482-a124430115b2;415.33;0.24;BUY
2016-03-15T00:53:01.867000;2016-03-15T00:53:01.973000;9ed0f92f-b8e6-486f-9b9e-c865a5d9ea3c;415.33;0.24;BUY
2016-03-15T00:53:01.867000;2016-03-15T00:53:01.973000;91f4e513-0ab1-4261-b698-24755fd04807;415.33;0.24;BUY
2016-03-15T00:53:01.870000;2016-03-15T00:53:01.973000;efdd417a-bf28-4d5f-93c8-7085739d7b65;415.33;0.24;BUY
2016-03-15T00:53:01.870000;2016-03-15T00:53:01.973000;cbaa6a1b-71d3-4a15-b581-7699e5dbd324;415.33;0.24;BUY
2016-03-15T00:53:01.870000;2016-03-15T00:53:01.973000;abdf5af7-67e6-49e2-a4e7-dfa92f3e802b;415.33;0.24;BUY
2016-03-15T00:53:01.870000;2016-03-15T00:53:01.973000;3de0b0d2-e2f0-4d59-86df-23d8554c2f31;415.33;0.24;BUY
2016-03-15T00:53:01.870000;2016-03-15T00:53:01.973000;0cc8c0d8-73c5-4def-a843-71f1ff70f287;415.33;0.334;BUY
2016-03-15T00:53:01.870000;2016-03-15T00:53:01.973000;fb387a61-1f6d-4a3a-a336-6328148ce826;415.33;0.24;BUY
2016-03-15T00:53:01.870000;2016-03-15T00:53:01.973000;5bd1119b-553c-45d7-b2a6-b74559900681;415.33;0.0292;BUY
2016-03-15T00:53:31.573000;2016-03-15T00:53:31.613000;dd0a9167-07d3-4b99-b859-5291aa0e272b;415.33;0.2108;BUY
2016-03-15T00:53:31.573000;2016-03-15T00:53:31.613000;6e6ba4ab-7c04-4627-9dec-2e5fc30e2a7e;415.33;0.24;BUY
2016-03-15T00:53:31.573000;2016-03-15T00:53:31.613000;9f1bba59-4851-49b6-814f-f155fdc4bbe5;415.33;0.2;BUY
2016-03-15T00:53:31.573000;2016-03-15T00:53:31.630000;fe850308-3c6c-4671-bd39-d3aa1af575e1;415.33;0.6;BUY
2016-03-15T00:53:31.577000;2016-03-15T00:53:31.630000;37bba39d-47b6-4e79-a70a-ee0f58fae138;415.33;0.4;BUY
2016-03-15T00:53:31.577000;2016-03-15T00:53:31.630000;dc186867-3ee8-44fe-a65f-f3e25f13470a;415.36;0.40737041;BUY
2016-03-15T00:53:31.577000;2016-03-15T00:53:31.630000;649cd137-1f64-4c83-88b3-b02650857576;415.4;0.157;BUY
2016-03-15T00:53:31.577000;2016-03-15T00:53:31.630000;139ebb76-500c-4aec-8996-ab1351471e60;415.44;0.01;BUY
2016-03-15T00:53:31.577000;2016-03-15T00:53:31.630000;d0687652-1245-408d-bc3a-84efa3e133d1;415.45;0.1;BUY
2016-03-15T00:53:31.577000;2016-03-15T00:53:31.647000;50e5a9b1-235f-4cc3-b3e6-9e3f9a6661f2;415.45;0.1;BUY
2016-03-15T00:53:31.577000;2016-03-15T00:53:31.647000;f6655a6a-c8b7-46b7-80ee-758df437d1e4;415.45;0.211;BUY
2016-03-15T00:53:31.577000;2016-03-15T00:53:31.647000;5e5f2bf3-344f-411e-89bc-b0ca3213bc36;415.47;0.1;BUY
2016-03-15T00:53:31.577000;2016-03-15T00:53:31.647000;a2888468-9c56-40a9-b186-a9ccab4e80e6;415.47;0.05;BUY
2016-03-15T00:53:31.577000;2016-03-15T00:53:31.677000;0c94f07a-25ef-4890-80b5-cbcb6347bae3;415.52;1.677;BUY
2016-03-15T00:53:31.577000;2016-03-15T00:53:31.677000;0295588c-ead1-4a28-993c-e34483db7dec;415.54;0.204;BUY
2016-03-15T00:53:31.577000;2016-03-15T00:53:31.677000;514299e2-d412-48bb-ab9c-1a9d375c0a02;415.58;0.223;BUY
2016-03-15T00:53:31.577000;2016-03-15T00:53:31.693000;c9e5b73a-c8a4-4321-898c-c27f5a1ec3bb;415.63;0.174;BUY
2016-03-15T00:53:31.577000;2016-03-15T00:53:31.693000;6834bff2-1915-4fa0-8653-0912f29a92ca;415.67;2.0;BUY
2016-03-15T00:53:31.577000;2016-03-15T00:53:31.693000;c1d11d78-6d46-4249-8b57-6f3048136eb4;415.68;3.654;BUY
2016-03-15T00:53:31.577000;2016-03-15T00:53:31.693000;f010527f-ee96-49a8-918b-3d3a97566b0f;415.68;0.199;BUY
2016-03-15T00:53:31.577000;2016-03-15T00:53:31.693000;974e918f-9c18-47d3-b25f-365cc6f7d521;415.72;4.08;BUY
2016-03-15T00:53:31.577000;2016-03-15T00:53:31.693000;15ef26e5-6f88-4f94-beff-87af75074a30;415.73;0.222;BUY
2016-03-15T00:53:31.577000;2016-03-15T00:53:31.707000;52f833ea-4707-47f4-8400-2614a2b2b1e6;415.76;6.24;BUY
2016-03-15T00:53:31.580000;2016-03-15T00:53:31.707000;7ff0ee2a-cadc-4a7f-bca8-48ec3a0cf4e1;415.77;2.0;BUY
2016-03-15T00:53:31.580000;2016-03-15T00:53:31.707000;eae6f877-cb2a-457b-8ca9-6e10eddbb2b7;415.77;1.2;BUY
2016-03-15T00:53:31.580000;2016-03-15T00:53:31.707000;33dba809-eaf0-4ccf-9cd6-85de94714efc;415.78;0.173;BUY
2016-03-15T00:53:31.580000;2016-03-15T00:53:31.707000;48e9d377-7ab5-44b8-95e1-f8427dd55c1a;415.82;5.04;BUY
2016-03-15T00:53:31.580000;2016-03-15T00:53:31.707000;b5c1a05f-f265-457d-a678-60f5348a57d9;415.83;0.01;BUY
2016-03-15T00:53:31.580000;2016-03-15T00:53:31.707000;646b14c5-a325-45aa-b343-1a8f004ea5bb;415.83;0.202;BUY
2016-03-15T00:53:31.580000;2016-03-15T00:53:31.707000;7ef8c208-b29a-4ff7-b6f1-4bf84f6f38cd;415.83;2.4;BUY
2016-03-15T00:53:31.580000;2016-03-15T00:53:31.740000;e0388e78-1569-47d1-902d-31051772de91;415.84;1.48716959;BUY
2016-03-15T00:53:39.310000;2016-03-15T00:53:39.333000;be81deb0-41cb-4de3-a37e-716487eb7af4;415.37;0.01;SELL
2016-03-15T00:53:39.310000;2016-03-15T00:53:39.333000;b903e7fc-5c91-4fc4-bcc5-346b33c1045c;415.36;0.19;SELL
2016-03-15T00:55:01.577000;2016-03-15T00:55:01.583000;68eb711b-941b-4539-be97-fc22fe80dbc8;415.33;0.109;BUY
2016-03-15T00:55:01.577000;2016-03-15T00:55:01.613000;804cd842-7a3a-40c9-a7b7-a038654fae0b;415.33;0.3;BUY
2016-03-15T00:55:01.577000;2016-03-15T00:55:01.613000;33dba27d-7480-4901-b52d-2ecd0b9883be;415.33;0.19816;BUY
2016-03-15T00:55:31.723000;2016-03-15T00:55:31.723000;d3e478be-fb57-43a6-8fb1-906b2b40d33d;415.33;0.00184;BUY
2016-03-15T00:55:31.723000;2016-03-15T00:55:31.740000;0641a700-26f2-4f4a-bd33-acfe43531076;415.33;0.02187;BUY
2016-03-15T00:56:33.600000;2016-03-15T00:56:33.600000;949de824-882a-4ba0-81e1-7cbb77780297;415.33;0.07;BUY
2016-03-15T00:57:01.493000;2016-03-15T00:57:01.490000;f421c98c-bd14-4848-93f0-0550e0b62a92;415.32;0.50311;SELL
2016-03-15T00:57:33.210000;2016-03-15T00:57:33.250000;ecf4a080-4a64-47fe-bb28-bbdeff3ab1c4;415.33;0.10813;BUY
2016-03-15T00:57:33.210000;2016-03-15T00:57:33.267000;609017c3-c8e2-4a0a-871b-f2d0408d3f2c;415.33;0.24;BUY
2016-03-15T00:57:33.210000;2016-03-15T00:57:33.267000;4ebf3d6a-40d0-4de4-ab32-a8d04be85f63;415.33;0.06903;BUY
2016-03-15T00:58:07.993000;2016-03-15T00:58:08.050000;1a032d9d-e675-4b87-a18f-7b93ae85db6c;415.33;0.17097;BUY
2016-03-15T00:58:07.997000;2016-03-15T00:58:08.050000;dd1b872c-fdb3-41fa-a2e9-eab21f2ec700;415.33;0.24;BUY
2016-03-15T00:58:07.997000;2016-03-15T00:58:08.080000;49766fe7-06aa-46d6-a06b-7647bbc072ec;415.33;0.24;BUY
2016-03-15T00:58:07.997000;2016-03-15T00:58:08.080000;cdbbe9de-d9f6-413a-a3e4-8d4c7daed4c3;415.33;0.24;BUY
2016-03-15T00:58:07.997000;2016-03-15T00:58:08.080000;063c08f7-b3b7-49cf-b0ac-0aa705f77f70;415.33;0.24;BUY
2016-03-15T00:58:07.997000;2016-03-15T00:58:08.080000;64d0242c-873a-40a8-8c09-d0494875bd6c;415.33;0.24;BUY
2016-03-15T00:58:07.997000;2016-03-15T00:58:08.097000;d7e08183-7454-4dc1-a8c1-7296fdb1054c;415.33;0.24;BUY
2016-03-15T00:58:07.997000;2016-03-15T00:58:08.097000;0d9410dc-2c69-45d2-acda-ec3f2143a105;415.33;0.1922;BUY
2016-03-15T00:58:31.547000;2016-03-15T00:58:31.580000;0e23462e-5233-4fc0-8c3a-eef2daea0740;415.33;0.0478;BUY
2016-03-15T00:58:31.547000;2016-03-15T00:58:31.597000;160d2e3e-b269-4aa4-b069-7bca7708a6f9;415.33;0.24;BUY
2016-03-15T00:58:31.547000;2016-03-15T00:58:31.627000;7580295d-2706-4749-9e31-d410bda5f6f9;415.33;0.334;BUY
2016-03-15T00:58:31.547000;2016-03-15T00:58:31.627000;8a45d688-afa6-4f27-936b-0d87a91fd251;415.33;0.24;BUY
2016-03-15T00:58:31.547000;2016-03-15T00:58:31.627000;c5047e82-2140-4640-ab42-572eb5dfa8ec;415.33;0.24;BUY
2016-03-15T00:58:31.547000;2016-03-15T00:58:31.627000;e9f5b7d5-0360-4e1c-8009-f280d4009e0d;415.33;0.24;BUY
2016-03-15T00:58:31.550000;2016-03-15T00:58:31.627000;023f39ce-35b5-45d5-a4b2-9359f3c5b5e0;415.33;0.23986;BUY
2016-03-15T00:59:01.573000;2016-03-15T00:59:01.627000;e07ffc7a-fc28-41f6-8ba3-0d5f1fe482d7;415.32;7.33906;SELL
2016-03-15T00:59:01.573000;2016-03-15T00:59:01.627000;2e41da75-e12d-4389-bf70-f1f45eb15752;415.32;0.05;SELL
2016-03-15T00:59:01.573000;2016-03-15T00:59:01.643000;37f7a78f-0e42-43e3-8c49-c5470867a63e;415.32;0.576;SELL
2016-03-15T00:59:01.573000;2016-03-15T00:59:01.643000;06ab69a2-171e-45d5-b942-7055cbee3d14;415.32;0.1;SELL
2016-03-15T00:59:01.573000;2016-03-15T00:59:01.657000;12609514-ee12-43e7-ae48-4d3b40fe8d70;415.3;0.0115;SELL
2016-03-15T00:59:01.573000;2016-03-15T00:59:01.657000;48335391-fb5f-4ee9-b0b8-57ddbb9c485e;415.28;2.16486648;SELL
2016-03-15T00:59:01.573000;2016-03-15T00:59:01.657000;1887f5ca-7f2b-4125-a3a2-27831667e605;415.28;0.01;SELL
2016-03-15T00:59:01.573000;2016-03-15T00:59:01.657000;2b2adda0-c59c-4978-aa03-ceb953762152;415.27;0.547;SELL
2016-03-15T00:59:01.573000;2016-03-15T00:59:01.657000;507ee958-a10f-4a3c-b1fe-731581ced6e7;415.25;0.0115;SELL
2016-03-15T00:59:01.577000;2016-03-15T00:59:01.673000;bf6bb797-77cf-4e48-a6fc-687245ac84b2;415.24;0.05;SELL
2016-03-15T00:59:01.577000;2016-03-15T00:59:01.673000;9dd8de65-9b3d-48fd-9cb2-fdf0e8f4d4e5;415.22;0.548;SELL
2016-03-15T00:59:01.577000;2016-03-15T00:59:01.673000;c4bba22a-bbfe-4235-9f28-bd8cc0ba35e2;415.19;2.16486648;SELL
2016-03-15T00:59:01.577000;2016-03-15T00:59:01.720000;32c22c1f-a1e5-4e64-817a-61bb9a7774d9;415.17;0.566;SELL
2016-03-15T00:59:01.577000;2016-03-15T00:59:01.720000;ab6d608b-d24a-4f58-a7a3-ff7b1b80bb10;415.13;0.97678704;SELL
2016-03-15T00:59:12.657000;2016-03-15T00:59:12.703000;cdfef1bd-afd9-43d8-8e24-36c47c06babd;415.33;0.00014;BUY
2016-03-15T00:59:12.657000;2016-03-15T00:59:12.720000;5d0d1b47-ba42-4fa0-acab-5b00db168087;415.33;0.6;BUY
2016-03-15T00:59:12.657000;2016-03-15T00:59:12.720000;c8910f50-9fc0-40da-bad9-669d3aad2c54;415.34;0.01;BUY
2016-03-15T00:59:12.657000;2016-03-15T00:59:12.720000;3d37a875-9be6-4206-852e-5696d3cc439e;415.42;0.01374371;BUY
2016-03-15T00:59:12.870000;2016-03-15T00:59:12.907000;6c084e44-0e0a-4dab-ad58-2fa54d7e3470;415.33;0.3;BUY
2016-03-15T00:59:12.963000;2016-03-15T00:59:13.000000;8ef1c6f2-366d-42a7-b508-e8d85e2c476a;415.42;0.08625629;BUY
2016-03-15T00:59:12.963000;2016-03-15T00:59:13.000000;6db24dd5-e602-4434-ac46-e6d63cfceb8f;415.51;0.01;BUY
2016-03-15T00:59:12.963000;2016-03-15T00:59:13.017000;fb3e312f-6ba3-47cc-8e5a-fe9516e805e1;415.58;0.14874371;BUY
2016-03-15T00:59:13.017000;2016-03-15T00:59:13.063000;4a47612d-3910-4dc5-a4d8-b045dd10303d;415.57;0.01;BUY
2016-03-15T00:59:13.017000;2016-03-15T00:59:13.063000;461e7e21-1841-4c1d-b905-9923a68e9899;415.58;0.248;BUY
2016-03-15T00:59:13.130000;2016-03-15T00:59:13.173000;a6d81476-c99d-4430-8d9e-3f69f241176a;415.58;0.24;BUY
2016-03-15T00:59:13.343000;2016-03-15T00:59:13.377000;266c8fa6-e50b-4510-9cfe-ba62a215634b;415.45;0.08965669;BUY
2016-03-15T00:59:21.473000;2016-03-15T00:59:21.533000;df475047-f897-48e4-bb92-f750ef4722fb;415.33;0.05;BUY
2016-03-15T00:59:31.677000;2016-03-15T00:59:31.703000;cd535f6f-96e7-490c-9b0b-57c53fa8b928;415.56;0.10034331;BUY
2016-03-15T00:59:31.677000;2016-03-15T00:59:31.720000;bba7c4cf-7f51-4188-98ce-fc7dd6bd1cc1;415.57;0.1;BUY
2016-03-15T00:59:31.677000;2016-03-15T00:59:31.720000;ec473730-8804-4c32-9147-a0df382129f4;415.57;0.05;BUY
2016-03-15T00:59:31.677000;2016-03-15T00:59:31.737000;df01a50d-fa69-42f5-82d6-4be2d81497e4;415.68;0.70040669;BUY
2016-03-15T01:00:02.057000;2016-03-15T01:00:02.097000;83c29e23-94dd-4eee-9b83-5dce6e8e0de7;415.74;0.09;BUY
2016-03-15T01:00:02.057000;2016-03-15T01:00:02.110000;6cf91fbf-41ab-424e-a474-cd104bcae1bf;415.75;0.01;BUY
2016-03-15T01:00:02.057000;2016-03-15T01:00:02.110000;736d7f61-a1f4-4bb2-a0b1-530383eef9c7;415.8;0.12;BUY
2016-03-15T01:00:02.057000;2016-03-15T01:00:02.127000;398e610d-fc35-4f51-b7e3-4bea375cb9e1;415.83;0.5128;BUY
2016-03-15T01:00:02.057000;2016-03-15T01:00:02.127000;5f0d283e-d14b-4e37-94be-710ea3e42cfb;415.83;0.33795;BUY
2016-03-15T01:00:05.863000;2016-03-15T01:00:05.893000;08f70098-4144-491f-a0c6-94789a129fd2;415.82;0.17;BUY
2016-03-15T01:00:31.693000;2016-03-15T01:00:31.750000;7d3bf79c-3006-4559-8a30-1aff9e02ec32;415.85;0.01;BUY
2016-03-15T01:00:31.693000;2016-03-15T01:00:31.750000;3a2f6118-f450-416a-9bc6-1ded87ae2450;415.85;1.0;BUY
2016-03-15T01:00:31.693000;2016-03-15T01:00:31.750000;96e7fab4-5354-4056-87d6-2345c3e9a1c7;415.85;0.0533;BUY
2016-03-15T01:00:48.210000;2016-03-15T01:00:48.250000;6304ecef-76c2-4a9d-88b9-e3e9ef297f74;415.74;0.185;SELL
2016-03-15T01:01:01.810000;2016-03-15T01:01:01.860000;c2a69cee-b06f-4512-af83-c45fb92b638a;415.84;1.0;BUY
2016-03-15T01:01:01.810000;2016-03-15T01:01:01.860000;714ede8d-874f-42d7-9eab-6c8af37aec00;415.85;0.0593519;BUY
2016-03-15T01:01:01.810000;2016-03-15T01:01:01.860000;9dbd5b4b-cc03-4cfa-ab1f-d12f83cc47e9;415.87;0.02;BUY
2016-03-15T01:01:01.813000;2016-03-15T01:01:01.907000;a522cf36-756c-454c-9625-0e5528319571;415.87;0.01;BUY
2016-03-15T01:01:01.813000;2016-03-15T01:01:01.907000;e3d0630f-de1e-4042-828f-64efe9719dc6;415.87;0.05;BUY
2016-03-15T01:01:01.813000;2016-03-15T01:01:01.907000;6f95014d-eca2-497b-a3e1-ea973e69b66d;415.87;0.01;BUY
2016-03-15T01:01:01.813000;2016-03-15T01:01:01.907000;69fdbb6b-9184-4f07-a092-f6fa809b8043;415.87;0.01;BUY
2016-03-15T01:01:01.813000;2016-03-15T01:01:01.907000;60ff9435-6cf0-4d1b-9f0c-da2f68d759a5;415.87;0.03467909;BUY
2016-03-15T01:01:01.813000;2016-03-15T01:01:01.907000;c5c22423-2a79-470f-8f32-3b5421eb444d;415.87;0.17178052;BUY
2016-03-15T01:01:01.813000;2016-03-15T01:01:01.907000;2f71f6c3-8360-41f1-91b8-77e5b6cfca45;415.87;0.01693581;BUY
2016-03-15T01:01:01.813000;2016-03-15T01:01:01.923000;9926fcee-8965-4f49-a305-a87fd94d888b;415.87;0.25950108;BUY
2016-03-15T01:01:01.813000;2016-03-15T01:01:01.923000;62dbd009-aafa-4b0f-9e49-421225014c8a;415.88;0.25;BUY
2016-03-15T01:01:01.813000;2016-03-15T01:01:01.923000;83b1b465-feec-4c45-af28-7a61a02c99a6;415.88;0.2;BUY
2016-03-15T01:01:01.813000;2016-03-15T01:01:01.923000;82b7f0cd-cc73-48ee-8572-394eda25ffd5;415.88;1.26205;BUY
2016-03-15T01:01:01.813000;2016-03-15T01:01:01.923000;e82de4c4-0b91-4c87-9387-30feb81e5720;415.89;0.01;BUY
2016-03-15T01:01:01.813000;2016-03-15T01:01:01.923000;b70f03a5-b086-4f45-ad19-51330aba9514;415.89;6.0315;BUY
2016-03-15T01:01:01.813000;2016-03-15T01:01:01.940000;a3489cb6-6990-4bc9-bf63-5bc8287ad5cd;415.9;12.2682716;BUY
2016-03-15T01:01:13.020000;2016-03-15T01:01:13.050000;21146ea4-979e-41ab-964b-378c4829d880;415.89;0.14154531;BUY
2016-03-15T01:01:30.550000;2016-03-15T01:01:30.580000;b717c83a-65de-4e56-b90c-62df57ad865c;415.87;0.25;SELL
2016-03-15T01:01:31.800000;2016-03-15T01:01:31.830000;4c312a14-3643-4171-bb04-21165b4f0f94;415.87;2.37702;BUY
2016-03-15T01:01:49.770000;2016-03-15T01:01:49.813000;29dfc9d8-2aa5-4e0e-a1ec-fb3d5e1608ce;415.78;0.3;SELL
2016-03-15T01:02:07.007000;2016-03-15T01:02:07.063000;f6630b6f-3b50-42df-9549-93d46dc27485;415.9;14.64087;BUY
2016-03-15T01:02:31.563000;2016-03-15T01:02:31.597000;13e153da-6b44-4bba-a6dd-38f0fcc38509;415.9;0.272;BUY
2016-03-15T01:02:34.037000;2016-03-15T01:02:34.080000;4113c113-9b71-464a-bff6-38533844eefd;415.87;0.14;BUY
2016-03-15T01:03:02.307000;2016-03-15T01:03:02.360000;3aa03f0d-4ced-487c-a8ae-87fe2733634e;415.87;0.27;BUY
2016-03-15T01:03:02.307000;2016-03-15T01:03:02.360000;a71e4590-a86b-489c-b453-caa6874c4a21;415.87;0.24;BUY
2016-03-15T01:03:02.310000;2016-03-15T01:03:02.377000;1e549807-092e-4621-a4fd-9c1e548aae1a;415.87;0.24;BUY
2016-03-15T01:03:02.310000;2016-03-15T01:03:02.377000;eb1235bb-850a-4351-ad5c-5c9814333867;415.87;0.24;BUY
2016-03-15T01:03:02.310000;2016-03-15T01:03:02.377000;89dc3ca2-3275-4fbf-b5d3-0cf412bb7a5d;415.9;4.00947;BUY
2016-03-15T01:03:20.513000;2016-03-15T01:03:20.533000;e42ce456-0c1d-413b-95bc-af5a76eebc56;415.9;1.0;BUY
2016-03-15T01:03:31.843000;2016-03-15T01:03:31.893000;342c3896-51ff-4b5d-b62f-546286657800;415.89;0.02368;BUY
2016-03-15T01:04:01.557000;2016-03-15T01:04:01.597000;7315e780-80be-48de-9e59-17f2f100b68a;415.89;0.24;BUY
2016-03-15T01:04:01.557000;2016-03-15T01:04:01.610000;c4406cab-c5e4-48ec-b5b1-275481968503;415.89;0.24;BUY
2016-03-15T01:04:01.557000;2016-03-15T01:04:01.610000;6e840a20-3fd1-48f6-ab5c-65bf5e9d986a;415.89;0.22019;BUY
2016-03-15T01:04:32.223000;2016-03-15T01:04:32.253000;a70c39d4-cc4e-4a9b-b61b-fd3e9b7be467;415.86;0.03099;SELL
2016-03-15T01:05:01.550000;2016-03-15T01:05:01.580000;2b644a75-f3cf-456c-bd3e-72921d92d432;415.88;0.02347;BUY
2016-03-15T01:05:31.803000;2016-03-15T01:05:31.847000;172c18fd-721b-485e-a4ec-224a7c16c71a;415.86;0.21901;SELL
2016-03-15T01:05:31.803000;2016-03-15T01:05:31.847000;fa0526d0-04cb-4c48-8b65-3500aa1507a6;415.86;0.127;SELL
2016-03-15T01:05:31.803000;2016-03-15T01:05:31.847000;2180c5fb-511e-4002-9e55-c0a1f8ded032;415.81;0.141;SELL
2016-03-15T01:05:31.803000;2016-03-15T01:05:31.847000;951db469-39a5-4c64-a4fa-b5c27688d16f;415.76;0.111;SELL
2016-03-15T01:05:31.807000;2016-03-15T01:05:31.860000;006694a0-6cf6-45dc-af50-b913553ad773;415.73;0.01;SELL
2016-03-15T01:05:31.807000;2016-03-15T01:05:31.860000;8717dd14-c1d3-475a-bd7b-ecabdeaad5f7;415.72;0.24;SELL
2016-03-15T01:05:31.807000;2016-03-15T01:05:31.860000;f5bd5e0d-db2d-4aab-a59a-f0af25904d55;415.72;0.05;SELL
2016-03-15T01:05:31.807000;2016-03-15T01:05:31.860000;5ec246df-ceda-4033-b684-e2b85f7c5844;415.71;0.13;SELL
2016-03-15T01:05:31.807000;2016-03-15T01:05:31.907000;0c1820de-99a9-499a-b0e8-72ecadcabb72;415.71;0.24;SELL
2016-03-15T01:05:31.807000;2016-03-15T01:05:31.907000;70b76533-ec4f-4f74-abd6-ad359edb98be;415.7;1.0;SELL
2016-03-15T01:05:31.807000;2016-03-15T01:05:31.907000;39e36c98-bbd9-49c3-93c9-d75fc17de66a;415.69;0.8187;SELL
2016-03-15T01:06:53.120000;2016-03-15T01:06:53.127000;cc7d5bf7-f110-46f0-9f71-daad6e605eac;415.9;5.0;BUY
2016-03-15T01:09:56.810000;2016-03-15T01:09:56.813000;f4a7c5d6-2485-409c-a8da-656ef2f6b5de;415.9;0.18;BUY
2016-03-15T01:12:29.103000;2016-03-15T01:12:29.097000;d183e85f-fca1-46a6-bdab-ecfbb06a0ea6;415.9;0.18;BUY
2016-03-15T01:13:00.623000;2016-03-15T01:13:00.657000;bf59824b-5463-4fc0-8b81-0096cb06c5a3;415.89;0.25;SELL
2016-03-15T01:13:00.623000;2016-03-15T01:13:00.670000;1f1b9718-2cdb-4245-93bd-6789f821e3ec;415.89;0.4;SELL
2016-03-15T01:13:00.623000;2016-03-15T01:13:00.670000;054345bf-d952-4a07-9dd6-d7034b3acb14;415.88;4.601;SELL
2016-03-15T01:13:00.627000;2016-03-15T01:13:00.670000;e0979897-e72f-4abf-b470-e53f38e44e3c;415.84;0.43;SELL
2016-03-15T01:13:00.627000;2016-03-15T01:13:00.703000;f0575f78-3585-4768-a9bd-2f78aceb2240;415.81;0.01;SELL
2016-03-15T01:13:00.627000;2016-03-15T01:13:00.763000;3c9f0200-1b66-45a6-b35f-ecd801bb10e6;415.8;0.8368;SELL
2016-03-15T01:13:00.627000;2016-03-15T01:13:00.763000;4bac411d-7ff5-44c2-8f3b-b60d289d8085;415.8;0.05;SELL
2016-03-15T01:13:00.627000;2016-03-15T01:13:00.763000;f2beaca4-6a6e-47ce-a51a-751262b5ccaa;415.79;0.434;SELL
2016-03-15T01:13:00.627000;2016-03-15T01:13:00.763000;643a54c6-625e-41bb-9468-9ffa783e7f6a;415.77;0.8;SELL
2016-03-15T01:13:00.627000;2016-03-15T01:13:00.763000;24a3d5f6-6210-40a2-bb8b-aca8ec5f6982;415.76;4.629;SELL
2016-03-15T01:13:00.627000;2016-03-15T01:13:00.763000;267125d4-791b-463e-850a-384a040c794d;415.74;0.408;SELL
2016-03-15T01:13:00.627000;2016-03-15T01:13:00.763000;8d0116ef-0528-48ef-9255-b0bf17b314cc;415.7;2.16;SELL
2016-03-15T01:13:00.627000;2016-03-15T01:13:00.763000;233230d1-875f-4fc7-bf0a-457f9051ac26;415.69;0.429;SELL
2016-03-15T01:13:00.627000;2016-03-15T01:13:00.763000;31082ad5-3f79-4a33-8133-071d01f7e37d;415.69;0.02;SELL
2016-03-15T01:13:00.627000;2016-03-15T01:13:00.763000;fa8441f8-0de6-4374-93e8-0bff78c8edfc;415.69;1.68;SELL
2016-03-15T01:13:00.627000;2016-03-15T01:13:00.763000;5a7b7b54-4438-4365-93f2-2502c3d52d84;415.69;2.8068;SELL
2016-03-15T01:13:00.627000;2016-03-15T01:13:00.763000;2e4fc838-db2f-46a4-8813-fed1ebdcc2e2;415.68;0.01;SELL
2016-03-15T01:13:00.627000;2016-03-15T01:13:00.763000;887d80c9-5c4d-4fc9-a2e9-9d387a94d3f9;415.68;0.1;SELL
2016-03-15T01:13:00.627000;2016-03-15T01:13:00.763000;ed9de959-9002-4e9c-9240-81f390664f8a;415.67;0.59646;SELL
2016-03-15T01:13:14.620000;2016-03-15T01:13:14.657000;a74d7a88-9b7c-4b20-a699-b092244f6525;415.9;0.61936;BUY
2016-03-15T01:13:14.657000;2016-03-15T01:13:14.687000;8f79e8bc-ecc3-47c6-a430-78e5a8a0cfd3;415.9;0.27064;BUY
2016-03-15T01:13:31.153000;2016-03-15T01:13:31.187000;cc243863-2ab8-4a2c-9597-69a1c3e17ab7;415.86;0.029;BUY
2016-03-15T01:13:31.153000;2016-03-15T01:13:31.203000;86578df8-0d52-4523-8ea6-74a937af9697;415.89;0.8;BUY
2016-03-15T01:13:31.157000;2016-03-15T01:13:31.203000;3799e0b2-e838-40f1-9878-c93d6b247746;415.89;0.05;BUY
2016-03-15T01:13:31.157000;2016-03-15T01:13:31.203000;db0b345b-f2dd-448a-9cae-09036f64866d;415.9;0.63718;BUY
2016-03-15T01:13:51.027000;2016-03-15T01:13:51.047000;06854bb1-cb77-408b-b9d1-fb9e94392a02;415.9;0.032;BUY
2016-03-15T01:13:51.060000;2016-03-15T01:13:51.093000;85f674f5-72be-4968-a9f4-32fa7ea6d7d0;415.9;0.39;BUY
2016-03-15T01:13:51.070000;2016-03-15T01:13:51.123000;42eb6554-0bd4-4b85-a30c-4d59d3c537fc;415.9;0.032;BUY
2016-03-15T01:13:51.077000;2016-03-15T01:13:51.123000;773dc790-5e92-47d5-9bad-f78a0f0f4c8c;415.9;0.02016929;BUY
2016-03-15T01:13:51.087000;2016-03-15T01:13:51.123000;1f669077-22e7-4373-8d76-36cc3a6ad032;415.9;1.04754807;BUY
2016-03-15T01:13:51.100000;2016-03-15T01:13:51.123000;38c512b8-188e-49a7-85a8-cac7183bfdca;415.9;0.01828264;BUY
2016-03-15T01:14:00.980000;2016-03-15T01:14:01.000000;e8299ad9-fb59-49ca-a3bd-589fdd46f33e;415.9;5.24496;BUY
2016-03-15T01:14:30.693000;2016-03-15T01:14:30.717000;70e7731b-7e58-4db9-a15d-161b2322540c;415.89;2.37194;SELL
2016-03-15T01:15:00.653000;2016-03-15T01:15:00.687000;2826db6c-5232-4c87-b3a8-d49ae4dc631c;415.9;0.24;BUY
2016-03-15T01:15:00.653000;2016-03-15T01:15:00.703000;6a44f5e3-fcd7-42f7-93a4-244ba3804e72;415.9;0.24;BUY
2016-03-15T01:15:00.653000;2016-03-15T01:15:00.703000;b9e7e022-b141-4c9a-9113-0cb394838a9a;415.9;0.24;BUY
2016-03-15T01:15:00.653000;2016-03-15T01:15:00.717000;3117c621-80c3-438f-9fb5-794d37098bfd;415.9;0.24;BUY
2016-03-15T01:15:00.653000;2016-03-15T01:15:00.717000;f003cfef-f427-44e3-a491-14b07b8cbbf1;415.9;0.24;BUY
2016-03-15T01:15:00.653000;2016-03-15T01:15:00.780000;50fd725a-ccbe-44b5-aec6-2406db3fc42e;415.9;0.24;BUY
2016-03-15T01:15:00.653000;2016-03-15T01:15:00.780000;d96b1b08-b28d-41af-bc6a-e680aca250a0;415.9;0.24;BUY
2016-03-15T01:15:00.653000;2016-03-15T01:15:00.780000;2fd4d389-f624-4936-90e8-163dd0e7f759;415.9;0.21653;BUY
2016-03-15T01:15:00.653000;2016-03-15T01:15:00.780000;cd657d7e-0ab0-4a61-b4e1-d2771c3dbb68;415.9;0.24;BUY
2016-03-15T01:15:00.653000;2016-03-15T01:15:00.780000;fb1757b5-212e-4ba6-b75b-471932610d40;415.9;0.24;BUY
2016-03-15T01:15:00.657000;2016-03-15T01:15:00.780000;cfbaa818-f46b-45d9-a5b6-3f20e4a8d071;415.9;0.00298;BUY
2016-03-15T01:15:30.687000;2016-03-15T01:15:30.703000;0776feba-cafe-4218-894b-d7c4ccbc4be5;415.9;0.15473;BUY
2016-03-15T01:16:00.800000;2016-03-15T01:16:00.810000;fd75a44d-c9f5-45a5-8157-dbb30955220b;415.9;0.0831;BUY
2016-03-15T01:16:00.800000;2016-03-15T01:16:00.843000;84e807da-7ca0-4955-b220-792426d700e4;415.9;0.334;BUY
2016-03-15T01:16:00.800000;2016-03-15T01:16:00.843000;a5f56183-ca55-45a2-aa6b-476e922587b4;415.9;0.24;BUY
2016-03-15T01:16:00.800000;2016-03-15T01:16:00.860000;cca286cf-6696-4def-a011-89108fd90487;415.9;0.24;BUY
2016-03-15T01:16:00.800000;2016-03-15T01:16:00.860000;5e91bb5d-758c-4d0b-aadb-fe2191c62e89;415.9;0.24;BUY
2016-03-15T01:16:00.800000;2016-03-15T01:16:00.920000;b442ac39-2fce-40d3-b76b-1a8ec68730fd;415.9;0.04142;BUY
2016-03-15T01:16:31.537000;2016-03-15T01:16:31.547000;5a3d8159-e4f5-4c9b-b56d-61dc8b361932;415.9;0.52254;BUY
2016-03-15T01:17:00.723000;2016-03-15T01:17:00.750000;3f6b1f68-77ad-498c-a383-f6940fc3f55b;415.89;0.1202;SELL
2016-03-15T01:17:30.717000;2016-03-15T01:17:30.733000;73868d1c-61d0-4afc-8ac4-52ff90a537a4;415.9;0.34565;BUY
2016-03-15T01:18:00.710000;2016-03-15T01:18:00.733000;07308230-ab2e-4cef-8b8c-3baa8877cb08;415.9;0.10621;BUY
2016-03-15T01:18:17.280000;2016-03-15T01:18:17.297000;3d8733ef-c63d-4af2-af69-e1f8797c13e1;415.9;2.40451845;BUY
2016-03-15T01:18:30.727000;2016-03-15T01:18:30.733000;801f0b36-33f5-4ed1-9737-247916a40a13;415.89;1.64041;SELL
2016-03-15T01:19:00.860000;2016-03-15T01:19:00.920000;64e446d9-edb3-443f-92e1-9aa753abb486;415.9;0.08;BUY
2016-03-15T01:19:06.973000;2016-03-15T01:19:06.983000;2e5de68f-76ee-4fb2-82ee-91365016f852;415.89;0.86745;SELL
2016-03-15T01:19:30.913000;2016-03-15T01:19:30.920000;57b426e3-d71f-46e6-aa79-940e2db4824f;415.83;0.09613;BUY
2016-03-15T01:20:01.830000;2016-03-15T01:20:01.843000;536718d9-157c-4b3e-986d-af310f69790c;415.81;0.01;BUY
2016-03-15T01:20:01.830000;2016-03-15T01:20:01.873000;7237e2ae-0562-43ca-b5a3-af7971d3d1f6;415.82;0.99;BUY
2016-03-15T01:21:00.720000;2016-03-15T01:21:00.750000;361e0cfa-ed30-4b7d-b7af-6d2530b1ef6e;415.72;0.01;SELL
2016-03-15T01:21:00.720000;2016-03-15T01:21:00.750000;4a6b363c-2707-403d-aa1b-8d6ae4eb08ee;415.7;0.25;SELL
2016-03-15T01:21:00.720000;2016-03-15T01:21:00.750000;1c7a0704-a93c-4919-a759-9bdbb179e395;415.55;0.96;SELL
2016-03-15T01:21:00.720000;2016-03-15T01:21:00.750000;93f07dbb-08a6-44f4-93b2-365067e2d8eb;415.54;0.01;SELL
2016-03-15T01:21:00.720000;2016-03-15T01:21:00.763000;02c32cd6-574f-426d-bfcf-994c8da51aae;415.54;0.24;SELL
2016-03-15T01:21:00.720000;2016-03-15T01:21:00.763000;51e2d9e8-07e5-4723-9eb3-48442d5a50fe;415.53;0.72;SELL
2016-03-15T01:21:00.720000;2016-03-15T01:21:00.763000;88d037dc-5e63-4054-ae35-a71342ab10ee;415.52;0.01;SELL
2016-03-15T01:21:00.720000;2016-03-15T01:21:00.763000;f07b104d-cd60-45a2-acc7-c86650a2735d;415.4;1.18086;SELL
2016-03-15T01:21:32.490000;2016-03-15T01:21:32.500000;76975afd-572e-4ffb-907c-0d0c8d708e10;415.74;0.01;BUY
2016-03-15T01:21:32.490000;2016-03-15T01:21:32.500000;ae7f5bd0-fe38-4208-9a34-431eaab832ba;415.75;0.99;BUY
2016-03-15T01:22:00.937000;2016-03-15T01:22:00.937000;df7ac5e7-8061-4b96-99f3-e23c09e5988e;415.65;0.01;BUY
2016-03-15T01:22:00.937000;2016-03-15T01:22:00.953000;25a3b21f-4ccd-4f17-acf0-da4bef1fbeb1;415.78;0.082;BUY
2016-03-15T01:22:00.937000;2016-03-15T01:22:00.953000;2c709e82-1e73-49a9-9534-c6fa2ea4ccdd;415.79;0.01;BUY
2016-03-15T01:22:00.937000;2016-03-15T01:22:00.983000;907c2319-6a4d-48c6-b554-aeda06904ef0;415.8;0.01;BUY
2016-03-15T01:22:00.937000;2016-03-15T01:22:00.983000;254ee7fa-a85b-496f-8827-9c0b46eed3cd;415.87;0.01;BUY
2016-03-15T01:22:00.937000;2016-03-15T01:22:00.983000;9f952c41-5e7b-4af6-9102-9fbcef6727d0;415.88;0.348;BUY
2016-03-15T01:22:30.830000;2016-03-15T01:22:30.843000;82fb2d6f-d136-4cab-8b3f-f1c3394b3a04;415.88;0.13;BUY
2016-03-15T01:22:30.830000;2016-03-15T01:22:30.860000;a6b325d2-9819-4de6-b43d-9fbf3a910035;415.88;0.05;BUY
2016-03-15T01:22:30.830000;2016-03-15T01:22:30.860000;cfc094e6-0a0b-4454-954c-594d5fe0ef81;415.88;0.313;BUY
2016-03-15T01:22:30.830000;2016-03-15T01:22:30.873000;0b5c6b73-32df-4bbc-9dd0-07cb880b8e43;415.89;0.13255;BUY
2016-03-15T01:22:30.830000;2016-03-15T01:22:30.873000;49943cd7-642a-43af-80d1-bc553acc9aff;415.89;0.30204;BUY
2016-03-15T01:23:30.890000;2016-03-15T01:23:30.907000;3a9f4394-93f7-4e6b-b742-ed38cefb6828;415.88;0.303;BUY
2016-03-15T01:23:30.890000;2016-03-15T01:23:30.907000;05f885ac-918c-41fe-9b7c-f08a094b1a79;415.89;0.80107;BUY
2016-03-15T01:24:16.667000;2016-03-15T01:24:16.670000;e77feb6f-52e7-4cec-a798-87bdc7cdacad;415.81;0.0384;SELL
2016-03-15T01:24:16.687000;2016-03-15T01:24:16.703000;249779f8-297a-4ae4-9d7c-dc31d18a7cc7;415.81;0.048;SELL
2016-03-15T01:24:16.693000;2016-03-15T01:24:16.733000;c6472765-88ba-430a-a003-d0f08bc55dea;415.81;0.06575673;SELL
2016-03-15T01:24:30.787000;2016-03-15T01:24:30.780000;2eb09e55-dc63-4d7a-9fd1-fa01058cdf20;415.81;0.09784327;SELL
2016-03-15T01:24:30.787000;2016-03-15T01:24:30.813000;6d11851b-12cb-4226-9b4d-852f85fb09e8;415.77;0.25;SELL
2016-03-15T01:24:30.787000;2016-03-15T01:24:30.827000;6d5cb2d1-58f0-46c9-bf0a-d76b3c1184ec;415.75;0.0115;SELL
2016-03-15T01:24:30.787000;2016-03-15T01:24:30.827000;9990a443-fb67-4a39-ac95-ce4664be21c5;415.73;0.122;SELL
2016-03-15T01:24:30.787000;2016-03-15T01:24:30.827000;61bba717-e53b-4bba-8c8a-5c05d450f90a;415.72;0.48;SELL
2016-03-15T01:24:30.787000;2016-03-15T01:24:30.827000;1bbbb0fc-a550-4ea6-b718-c1fb76d2fa21;415.71;0.01;SELL
2016-03-15T01:24:30.787000;2016-03-15T01:24:30.873000;13453df4-fdb5-4bc6-8c41-41be35affc42;415.71;1.0;SELL
2016-03-15T01:24:30.787000;2016-03-15T01:24:30.890000;466ccb77-83e5-4a61-aac4-8c608532bf62;415.71;0.05;SELL
2016-03-15T01:24:30.790000;2016-03-15T01:24:30.890000;0a33a984-5b84-4e02-b87a-f1cc32a8f477;415.7;1.2;SELL
2016-03-15T01:24:30.790000;2016-03-15T01:24:30.890000;5014f84e-ef0f-4833-b4e1-d00ea736e678;415.68;0.19626673;SELL
2016-03-15T01:25:00.923000;2016-03-15T01:25:00.920000;1c42d5be-0ef0-43f1-bb19-7c1d9b8cdd67;415.85;1.92;BUY
2016-03-15T01:25:00.923000;2016-03-15T01:25:00.937000;baf4c873-f5be-4507-83e5-81af19471694;415.86;1.26726;BUY
2016-03-15T01:25:35.890000;2016-03-15T01:25:35.890000;5bdc8fb9-620e-4797-8fc2-db7e38442948;415.86;0.19881;BUY
2016-03-15T01:25:40.590000;2016-03-15T01:25:40.577000;95b42812-4547-4ac8-9570-6b8bd22d19d2;415.86;0.52873;BUY
2016-03-15T01:25:40.590000;2016-03-15T01:25:40.610000;5db1dad3-cb4d-4328-a6db-8d5c42ebc680;415.88;0.43001958;BUY
2016-03-15T01:26:01.253000;2016-03-15T01:26:01.250000;b3278a60-8315-48f8-9691-1c98ee3dd7e7;415.88;0.16877;BUY
2016-03-15T01:26:30.973000;2016-03-15T01:26:30.967000;8ac09bde-ecca-47a2-84a8-264fb198a7d8;415.88;0.88031042;BUY
2016-03-15T01:26:30.973000;2016-03-15T01:26:30.983000;949c9ccb-25b7-407a-9503-7e14cf6dc325;415.88;0.05;BUY
2016-03-15T01:26:30.973000;2016-03-15T01:26:31.000000;b9374125-e5de-4858-96b6-c953f2ea83cc;415.89;4.56908958;BUY
2016-03-15T01:27:00.840000;2016-03-15T01:27:00.827000;641d7aa1-d821-4b08-8a25-6f32e0e2f84d;415.89;0.01891;BUY
2016-03-15T01:27:05.040000;2016-03-15T01:27:05.030000;95f20c33-dca3-40e6-912c-09a0c26b186b;415.89;2.39848574;BUY
2016-03-15T01:27:31.510000;2016-03-15T01:27:31.500000;11be9c2a-65b7-4458-a2de-a2b498e7a146;415.89;0.07618;BUY
2016-03-15T01:28:01.387000;2016-03-15T01:28:01.417000;b27438f5-202b-4e11-aa95-e417e71f1bd0;415.89;0.14174;BUY
2016-03-15T01:28:48.937000;2016-03-15T01:28:48.963000;986b6160-1118-4053-a8d0-56ddbe3dcbaa;415.89;0.54;BUY
2016-03-15T01:29:30.837000;2016-03-15T01:29:30.853000;22544b60-bce7-4f7d-a0c1-806caf14044c;415.89;0.68765;BUY
2016-03-15T01:30:01.087000;2016-03-15T01:30:01.103000;3cef8055-ace8-40a7-8eaa-b5978f4ab193;415.89;0.05951;BUY
2016-03-15T01:30:03.343000;2016-03-15T01:30:03.370000;d7f7437a-cd23-4e33-83c3-8b470a83f0a4;415.89;0.114;BUY
2016-03-15T01:30:03.357000;2016-03-15T01:30:03.387000;412b4327-d3d9-428d-be81-4c880fee34c0;415.89;0.0264;BUY
2016-03-15T01:30:30.783000;2016-03-15T01:30:30.807000;7101ee8a-7c21-4ac7-9c78-a1b8f5ae2a8f;415.86;0.25;SELL
2016-03-15T01:30:30.783000;2016-03-15T01:30:30.823000;a9022a95-fd2f-4fe4-8569-5e0cc1cc0e31;415.85;0.24415;SELL
2016-03-15T01:31:00.740000;2016-03-15T01:31:00.760000;2bbe1b95-7023-40f3-bbe5-1d01abb54999;415.89;0.08665;BUY
2016-03-15T01:31:30.913000;2016-03-15T01:31:30.933000;e16a0038-7ee4-4092-a06b-bf89daa2fbdc;415.89;0.21427;BUY
2016-03-15T01:32:00.793000;2016-03-15T01:32:00.807000;b80c10ea-6cf8-40be-80bf-61de1fa16d7f;415.86;0.24285;SELL
2016-03-15T01:32:30.817000;2016-03-15T01:32:30.840000;a7912bab-c91f-4f86-9426-67f427b91f37;415.86;0.00715;SELL
2016-03-15T01:32:30.817000;2016-03-15T01:32:30.853000;a34f9f56-4bdb-48de-aca7-0612267d9994;415.86;0.351;SELL
2016-03-15T01:32:30.820000;2016-03-15T01:32:30.870000;08abe224-d985-4a38-b8d3-dbdc0bd9a58b;415.85;3.80485;SELL
2016-03-15T01:32:30.820000;2016-03-15T01:32:30.870000;e7fbabfe-71a5-4975-b820-6ddc7b9a473c;415.81;0.364;SELL
2016-03-15T01:32:30.820000;2016-03-15T01:32:30.870000;844e76e0-5995-4559-b63d-efd78eb888f7;415.8;0.05;SELL
2016-03-15T01:32:30.820000;2016-03-15T01:32:30.950000;5bf32999-a2d2-47be-a0da-052c8fb56926;415.8;0.01;SELL
2016-03-15T01:32:30.820000;2016-03-15T01:32:30.950000;f58f7dd5-2c0c-4b58-9b6f-26430e648ece;415.8;0.50228;SELL
2016-03-15T01:32:42.953000;2016-03-15T01:32:42.963000;79da5404-2bd3-4e5a-a82a-3def88d96520;415.89;0.1;BUY
2016-03-15T01:33:04.783000;2016-03-15T01:33:04.793000;ef7d674f-8f60-446e-a1d3-f1c82e9427ec;415.88;0.323;BUY
2016-03-15T01:33:04.783000;2016-03-15T01:33:04.823000;4f309d56-a3f3-4168-9b2e-186be39d61bf;415.88;0.05;BUY
2016-03-15T01:33:04.783000;2016-03-15T01:33:04.840000;5c9adc1e-b2df-4e44-86c7-20c20f942b4a;415.88;0.02638;BUY
2016-03-15T01:33:21.923000;2016-03-15T01:33:21.950000;732bbb08-9495-4d94-82f1-73068420285c;415.88;0.50228;BUY
2016-03-15T01:33:21.923000;2016-03-15T01:33:21.963000;3aac8341-dd76-4834-b268-5a8286bcd3f1;415.88;0.328;BUY
2016-03-15T01:33:21.923000;2016-03-15T01:33:21.980000;f3eb801b-0fc8-48a3-9fe0-0ece6062dfa3;415.89;0.55362467;BUY
2016-03-15T01:33:22.227000;2016-03-15T01:33:22.247000;bb69976a-7968-4f77-81b2-9e01bcd790d1;415.88;0.22;BUY
2016-03-15T01:33:22.227000;2016-03-15T01:33:22.260000;50e598cc-c696-4250-a200-6b74601c9057;415.89;1.16390467;BUY
2016-03-15T01:33:23.230000;2016-03-15T01:33:23.247000;4dddea1e-69f6-4fc2-b705-aaa59907b20f;415.89;1.38390467;BUY
2016-03-15T01:33:24.210000;2016-03-15T01:33:24.230000;74dff421-7f75-46f7-b825-e44c340cf727;415.88;0.27;BUY
2016-03-15T01:33:24.210000;2016-03-15T01:33:24.260000;f0d7785b-ffed-4087-a776-ccd1e140ef68;415.89;1.11390467;BUY
2016-03-15T01:33:25.197000;2016-03-15T01:33:25.213000;214c9de3-1c2a-4fa2-a2b5-41f5869519e1;415.89;1.38390467;BUY
2016-03-15T01:33:30.827000;2016-03-15T01:33:30.840000;15aa7a50-cab8-4b48-ab3c-abbe930740fd;415.89;0.6049;BUY
2016-03-15T01:34:30.830000;2016-03-15T01:34:30.840000;456ea3f0-6c99-46ec-a0c2-6bd8691a0c0a;415.89;1.48075;BUY
2016-03-15T01:35:00.970000;2016-03-15T01:35:00.980000;0ffb1f48-6b6a-461b-b200-3310010c92c2;415.82;0.25;SELL
2016-03-15T01:35:00.970000;2016-03-15T01:35:00.997000;c42b5147-d4f6-4151-833c-65b96ec1c3d6;415.82;0.32911;SELL
2016-03-15T01:35:31.727000;2016-03-15T01:35:31.747000;0848735e-5529-464b-9953-a458d358abb8;415.85;0.25;SELL
2016-03-15T01:35:31.730000;2016-03-15T01:35:31.747000;f94009c4-8e39-42a0-9e67-0ec256afcb4a;415.85;0.357;SELL
2016-03-15T01:35:31.730000;2016-03-15T01:35:31.747000;6d284d57-6d0a-4cdc-813f-0e3e04854899;415.83;1.82173;SELL
2016-03-15T01:36:00.827000;2016-03-15T01:36:00.840000;0744efbd-3599-4902-b475-152b2c4c922a;415.89;3.3728;BUY
2016-03-15T01:36:30.887000;2016-03-15T01:36:30.887000;6f147e19-2b31-481d-81ff-0f5d28640f10;415.84;0.10746;SELL
2016-03-15T01:36:46.493000;2016-03-15T01:36:46.510000;fce00703-b5d0-4f0a-8896-b446f4d316ce;415.89;0.00074353;BUY
2016-03-15T01:37:01.560000;2016-03-15T01:37:01.573000;c28b4a49-d6f5-42ac-8d13-0759ceb3b8e3;415.89;0.15636;BUY
2016-03-15T01:38:01.077000;2016-03-15T01:38:01.073000;a0cb8cf8-6530-40d8-9a84-42115573a440;415.89;0.18437;BUY
2016-03-15T01:38:30.823000;2016-03-15T01:38:30.823000;c3f8d6d6-e4fb-4ec6-8031-7c3f35bf4b73;415.89;0.52422;BUY
2016-03-15T01:39:00.767000;2016-03-15T01:39:00.760000;c6368aac-0abf-47eb-8e2d-1880a8d2085c;415.89;1.98331;BUY
2016-03-15T01:39:34.747000;2016-03-15T01:39:34.747000;6dbb0300-3f64-426b-8c5a-c3a61dc58672;415.88;0.25;SELL
2016-03-15T01:39:34.747000;2016-03-15T01:39:34.760000;0114659f-3fc2-4070-a3ee-3150fed5dde3;415.87;1.33321;SELL
2016-03-15T01:40:30.970000;2016-03-15T01:40:30.963000;bd6eb559-83a0-42c2-a533-cde2c1158138;415.89;0.18614;BUY
2016-03-15T01:40:41.930000;2016-03-15T01:40:41.933000;6a7bdc43-6484-4e9e-9380-807fc5652feb;415.89;5.0;BUY
2016-03-15T01:40:47.047000;2016-03-15T01:40:47.043000;2a3c265c-b83a-476a-9075-26a4ca671bc6;415.89;0.02;BUY
2016-03-15T01:41:00.893000;2016-03-15T01:41:00.903000;2f11cc2e-60c6-4108-a558-fee2951174b0;415.89;0.95119;BUY
2016-03-15T01:41:30.923000;2016-03-15T01:41:30.933000;670ba9cf-b2d2-4618-bdd5-32c56bc9647a;415.89;1.19663;BUY
2016-03-15T01:42:00.837000;2016-03-15T01:42:00.823000;87069952-f8f9-4e52-8b9f-33c31ade746e;415.89;0.04761;BUY
2016-03-15T01:42:30.897000;2016-03-15T01:42:30.887000;ffec1339-adae-4c92-8ca2-af590d80fd83;415.89;0.30948;BUY
2016-03-15T01:43:02.930000;2016-03-15T01:43:02.917000;475775ee-43ef-40a1-a3db-8051da741877;415.89;0.1306;BUY
2016-03-15T01:43:31.787000;2016-03-15T01:43:31.837000;5b53eb07-4e14-49fc-9d36-5528733b63e3;415.88;0.25;SELL
2016-03-15T01:43:31.787000;2016-03-15T01:43:31.870000;987816d2-b969-4e56-9cb6-030913c8b32a;415.85;0.0115;SELL
2016-03-15T01:43:31.787000;2016-03-15T01:43:31.870000;afdf901a-ac16-4eaf-aa2e-9e826a99f583;415.84;0.28113;SELL
2016-03-15T01:44:01.427000;2016-03-15T01:44:01.477000;98ca9c88-9eb5-4048-a09b-c8d2610263f1;415.88;0.329;BUY
2016-03-15T01:44:01.427000;2016-03-15T01:44:01.510000;b0cb3c1d-d8ed-4812-b660-de1dab6c9f2e;415.88;0.05;BUY
2016-03-15T01:44:01.427000;2016-03-15T01:44:01.510000;b790f2b4-6c0a-40c4-847a-35bda50dbef8;415.89;1.18033;BUY
2016-03-15T01:44:30.873000;2016-03-15T01:44:31.027000;35df88de-0e6b-4953-ad54-38a42b5e59cc;415.88;0.01204;BUY
2016-03-15T01:45:00.887000;2016-03-15T01:45:00.947000;d6f96e2f-c820-4e2b-8334-ca95c9f3ae25;415.88;0.296;BUY
2016-03-15T01:45:00.887000;2016-03-15T01:45:00.947000;5203f3d2-077e-4902-bb77-d94ad353b074;415.89;1.48951;BUY
2016-03-15T01:45:29.980000;2016-03-15T01:45:30.027000;ad9dcbc5-b945-4eed-a191-eff7a788cfe0;415.89;0.04;BUY
2016-03-15T01:45:30.880000;2016-03-15T01:45:30.917000;a899d460-cf8e-4086-ba0f-a1517d04d763;415.89;13.63605;BUY
2016-03-15T01:45:56.770000;2016-03-15T01:45:56.823000;1e321a58-5d75-4101-968e-7bb6abeaeb13;415.89;5.0;BUY
2016-03-15T01:46:00.940000;2016-03-15T01:46:00.993000;45de3577-095f-451d-b2e3-eb54944e92c1;415.88;1.0979;SELL
2016-03-15T01:46:00.940000;2016-03-15T01:46:01.010000;7fd761ba-d813-400c-98ea-4d497b4c7bb5;415.88;2.54879;SELL
2016-03-15T01:46:25.207000;2016-03-15T01:46:25.243000;b4463ca2-e2b6-4730-82b1-4994b9dda878;415.89;5.0;BUY
2016-03-15T01:47:01.107000;2016-03-15T01:47:01.150000;217c851f-4429-4b9e-a2d5-6754fe81911d;415.89;0.16161;BUY
2016-03-15T01:47:30.883000;2016-03-15T01:47:30.917000;9989ee0a-a275-4724-825c-cc2d456788e8;415.89;0.40708;BUY
2016-03-15T01:47:32.940000;2016-03-15T01:47:32.977000;7890f755-02f4-42b1-849e-cd3fb308bb80;415.89;5.0;BUY
2016-03-15T01:48:01.247000;2016-03-15T01:48:01.290000;6ab6b42d-d168-4aa7-93c6-09840a761477;415.88;0.25;SELL
2016-03-15T01:48:01.247000;2016-03-15T01:48:01.307000;04f9d474-8850-4905-aa98-945c0a717df7;415.88;0.31029;SELL
2016-03-15T01:48:05.610000;2016-03-15T01:48:05.650000;4936cc80-882d-4d95-af0e-404650f3bfe1;415.89;5.0;BUY
2016-03-15T01:48:25.230000;2016-03-15T01:48:25.260000;408c94d6-7920-4e5a-8b0e-5eb8b79d0cae;415.89;0.7;BUY
2016-03-15T01:48:33.977000;2016-03-15T01:48:34.010000;b7089fd8-3a2d-47c5-87f5-026f24c34ca3;415.89;0.01223935;BUY
2016-03-15T01:48:33.977000;2016-03-15T01:48:34.040000;e5637866-43dc-4f47-b797-05c5e1a0bf33;415.9;0.01;BUY
2016-03-15T01:48:33.977000;2016-03-15T01:48:34.057000;96888b7a-4088-43bf-8ab6-b018b47ab82e;415.91;0.02;BUY
2016-03-15T01:48:33.977000;2016-03-15T01:48:34.057000;16ae8bf5-673e-4193-9fbd-6ac8dc3f0630;415.91;0.01;BUY
2016-03-15T01:48:33.977000;2016-03-15T01:48:34.103000;d2b2784d-d0f9-4eb0-8ab5-f36559966e3e;415.91;0.01;BUY
2016-03-15T01:48:33.977000;2016-03-15T01:48:34.103000;6d67c96d-8da9-4818-a2c7-331304c9bacc;415.91;0.01;BUY
2016-03-15T01:48:33.977000;2016-03-15T01:48:34.103000;7eabf5d0-ddf5-465b-9e0b-0b9ec5865a50;415.93;0.01;BUY
2016-03-15T01:49:04.333000;2016-03-15T01:49:04.370000;72709bca-136c-4f84-8b78-3ab3dbfd0982;415.93;0.364;SELL
2016-03-15T01:49:04.333000;2016-03-15T01:49:04.383000;0a3ff25c-c107-4c59-a079-e95d31235753;415.93;3.45;SELL
2016-03-15T01:49:04.333000;2016-03-15T01:49:04.383000;352a6173-4eaa-4139-a359-1262159c054a;415.93;8.33;SELL
2016-03-15T01:49:04.333000;2016-03-15T01:49:04.400000;4488199b-627a-4d94-89a4-77b2c59b9bb0;415.93;0.15;SELL
2016-03-15T01:49:04.333000;2016-03-15T01:49:04.447000;54326eb8-002e-410d-bae0-cbc91b3113e9;415.93;0.8;SELL
2016-03-15T01:49:04.333000;2016-03-15T01:49:04.447000;ee09c371-e7f7-4a96-823a-6b5ccba9182b;415.92;3.492;SELL
2016-03-15T01:49:04.333000;2016-03-15T01:49:04.463000;22854d06-7681-476d-85b8-2f8f807f8456;415.89;2.54308;SELL
2016-03-15T01:49:31.770000;2016-03-15T01:49:31.807000;a329b117-b120-4885-be65-20654612a423;415.94;0.25;BUY
2016-03-15T01:49:31.770000;2016-03-15T01:49:31.837000;752f2da8-0a75-47f9-89e4-78d6f8d5cd32;415.94;0.01;BUY
2016-03-15T01:49:31.770000;2016-03-15T01:49:31.837000;94697d52-be9e-4fa9-9639-d199de24214c;415.95;0.02;BUY
2016-03-15T01:49:31.770000;2016-03-15T01:49:31.837000;d346aeda-33dc-48c9-b438-220aff9ba935;415.95;0.01;BUY
2016-03-15T01:49:31.770000;2016-03-15T01:49:31.837000;ddb8ca13-d0e3-4db4-a4b7-b5fb82f824b2;415.95;0.01;BUY
2016-03-15T01:49:31.770000;2016-03-15T01:49:31.837000;2048ea38-3850-4127-b3c5-25296487d8d5;415.95;0.01;BUY
2016-03-15T01:49:31.770000;2016-03-15T01:49:31.837000;6d865a99-6534-49f9-854e-a8b1ca474296;415.95;0.01;BUY
2016-03-15T01:49:31.770000;2016-03-15T01:49:31.853000;c430dd84-7f58-44c4-8c35-93fdc30bfbbf;415.95;0.02;BUY
2016-03-15T01:49:31.773000;2016-03-15T01:49:31.853000;85cc0ec7-0edd-4a92-bdba-7b0fa4e3623b;415.97;0.05;BUY
2016-03-15T01:49:31.773000;2016-03-15T01:49:31.853000;8acf0d3c-878e-4c88-9243-ce9a39f4cea4;415.97;0.01;BUY
2016-03-15T01:49:31.773000;2016-03-15T01:49:31.853000;2b7a40e8-b91e-46ed-84eb-c7f862ea4886;415.98;0.2766;BUY
2016-03-15T01:50:26.770000;2016-03-15T01:50:26.790000;5bd7af2a-762b-475d-a59a-e332929c6469;415.97;0.0885;BUY
2016-03-15T01:50:30.927000;2016-03-15T01:50:30.963000;2b3f6599-5694-441a-b570-ca5d2bb38576;415.94;0.25;SELL
2016-03-15T01:50:30.927000;2016-03-15T01:50:30.977000;f3e098db-c511-4fc5-bfd1-f6163e742783;415.91;0.21974;SELL
2016-03-15T01:51:03.950000;2016-03-15T01:51:03.977000;14040fae-6ba5-4ced-a01b-2a71da315d17;415.91;0.25;SELL
2016-03-15T01:51:03.950000;2016-03-15T01:51:03.993000;aebab4fd-d3e5-4cf9-b71e-793f246be0ef;415.91;0.0953;SELL
2016-03-15T01:51:31.310000;2016-03-15T01:51:31.353000;9554c2bd-937a-4ef2-9c92-a46dff06862e;415.92;0.16706;SELL
2016-03-15T01:52:15.507000;2016-03-15T01:52:15.527000;38176583-2648-4a1c-a084-237d08b0d9c2;415.97;0.13;BUY
2016-03-15T01:53:01.497000;2016-03-15T01:53:01.527000;84bb3981-40fb-41fd-9c01-d141169aef41;415.98;0.03255;BUY
2016-03-15T01:53:35.113000;2016-03-15T01:53:35.167000;f969e9c6-f482-4949-8122-669d9e2d2733;415.97;0.22;SELL
2016-03-15T01:56:04.783000;2016-03-15T01:56:04.790000;d4fadd86-9117-4d38-84a9-76d8e1b5743e;415.91;0.2;SELL
2016-03-15T01:56:07.177000;2016-03-15T01:56:07.213000;d47dff52-5bda-4433-8cf9-9224dd58b6f8;415.91;0.05;SELL
2016-03-15T01:56:07.177000;2016-03-15T01:56:07.213000;a5976e9b-58b1-42a1-be93-0f311cb046ab;415.85;0.15;SELL
2016-03-15T01:56:09.563000;2016-03-15T01:56:09.603000;789d3dd7-b35f-4d0b-a7d8-45839c4a76ed;415.86;0.2;SELL
2016-03-15T01:56:11.703000;2016-03-15T01:56:11.713000;0bca5bd2-3950-4d8a-83e2-e33c2756d6c2;415.86;0.05;SELL
2016-03-15T01:56:11.703000;2016-03-15T01:56:11.743000;1df5bad4-810b-460e-b510-630e7a160d57;415.85;0.1;SELL
2016-03-15T01:56:11.703000;2016-03-15T01:56:11.760000;127b2c69-7f11-48b2-b3dc-d1756976975b;415.84;0.05;SELL
2016-03-15T01:56:13.873000;2016-03-15T01:56:13.883000;268287b5-ca56-43aa-ada0-e78bebbd5c9e;415.8;0.2;SELL
2016-03-15T01:56:16.253000;2016-03-15T01:56:16.260000;39b58132-0d65-4001-ba0f-b955e1234513;415.81;0.2;SELL
2016-03-15T01:56:18.423000;2016-03-15T01:56:18.430000;0d0c2d88-6d7a-4fa1-8c9d-d5fcd9787f3b;415.82;0.2;SELL
2016-03-15T01:56:20.803000;2016-03-15T01:56:20.823000;481adb1a-633e-482c-b5a0-22fce7aa2112;415.82;0.05;SELL
2016-03-15T01:56:20.803000;2016-03-15T01:56:20.837000;efb3c2e4-13d7-4ac1-b480-18c01250a551;415.8;0.15;SELL
2016-03-15T01:56:22.937000;2016-03-15T01:56:22.963000;6be0fe03-4287-4f77-b236-a0d9d96f62f9;415.8;0.2;SELL
2016-03-15T01:56:25.330000;2016-03-15T01:56:25.353000;1202fa9e-63b1-4b25-9b74-0bb4c2e976ce;415.83;0.2;SELL
2016-03-15T01:56:27.483000;2016-03-15T01:56:27.510000;3f7de969-4717-4c16-8083-62c056f0a087;415.83;0.05;SELL
2016-03-15T01:56:27.483000;2016-03-15T01:56:27.510000;bd23d4bc-eb48-4d7f-b89e-a463139824c6;415.83;0.15;SELL
2016-03-15T01:56:29.617000;2016-03-15T01:56:29.650000;64658495-795b-40a0-a398-10e12f1508be;415.83;0.2;SELL
2016-03-15T01:56:31.997000;2016-03-15T01:56:32.027000;a1ec2424-f654-4427-8f3c-4b257b55f72c;415.84;0.2;SELL
2016-03-15T01:56:34.367000;2016-03-15T01:56:34.383000;71161c59-4749-40b9-ab0e-0924b7cb5dba;415.84;0.2;SELL
2016-03-15T01:56:36.780000;2016-03-15T01:56:36.790000;b99d36a6-4b5e-4036-ae84-0c98ef4cea46;415.84;0.05;SELL
2016-03-15T01:56:36.783000;2016-03-15T01:56:36.807000;05f2410b-04a9-483d-a05b-d4a52abe24fd;415.84;0.15;SELL
2016-03-15T01:56:38.927000;2016-03-15T01:56:38.947000;775cb6cd-92e9-42b4-b132-f64702e41ad6;415.83;0.2;SELL
2016-03-15T01:56:41.067000;2016-03-15T01:56:41.103000;cbaae0a3-aff0-4328-9e08-4c46185732fe;415.84;0.2;SELL
2016-03-15T01:56:43.210000;2016-03-15T01:56:43.230000;6b161e1e-68ae-484d-8359-bc8ebaffb4b2;415.84;0.05;SELL
2016-03-15T01:56:43.210000;2016-03-15T01:56:43.243000;b64aae9e-da98-4e46-8e21-d12c526b9b2b;415.84;0.15;SELL
2016-03-15T01:56:45.600000;2016-03-15T01:56:45.633000;f36b7355-7cb2-4d94-8231-35a351ecad88;415.85;0.2;SELL
2016-03-15T01:56:47.800000;2016-03-15T01:56:47.823000;f270a096-1a8b-4e88-858e-21abbb954d4c;415.86;0.2;SELL
2016-03-15T01:56:49.947000;2016-03-15T01:56:49.980000;9bc2b942-65b1-432a-a69a-d455c5e0f707;415.86;0.05;SELL
2016-03-15T01:56:49.947000;2016-03-15T01:56:49.980000;9088e853-62f4-455c-be0b-393b38a10040;415.85;0.1609;SELL
2016-03-15T01:58:06.733000;2016-03-15T01:58:06.743000;944c9f9b-1e9c-4a4a-9206-cd3188f48f38;415.88;0.03;BUY
2016-03-15T01:58:23.500000;2016-03-15T01:58:23.570000;5b2e50d7-acc8-4813-9675-6d42108fea98;415.97;0.25;BUY
2016-03-15T01:58:23.500000;2016-03-15T01:58:23.570000;d8b92a76-1348-40db-b108-a0f31290a720;415.97;0.01;BUY
2016-03-15T01:58:23.500000;2016-03-15T01:58:23.570000;ff32792c-98a0-49aa-a7aa-8b2c4d764a8c;415.97;0.05;BUY
2016-03-15T01:58:23.500000;2016-03-15T01:58:23.570000;78eec551-4e1a-41f3-af07-978543a657ec;415.98;0.69085;BUY
2016-03-15T01:58:23.500000;2016-03-15T01:58:23.570000;80b1d099-e0ff-401f-9506-be40677f79c3;415.99;0.02;BUY
2016-03-15T01:58:23.500000;2016-03-15T01:58:23.570000;beac359a-0455-4105-8ba9-68474de9e27f;415.99;0.01;BUY
2016-03-15T01:58:23.500000;2016-03-15T01:58:23.570000;796ab2de-2355-48c3-937a-3acd80306084;415.99;0.01;BUY
2016-03-15T01:58:23.500000;2016-03-15T01:58:23.587000;2001caef-44a2-4e87-8903-b769e4feb27b;415.99;3.95915;BUY
2016-03-15T01:58:36.897000;2016-03-15T01:58:36.930000;8d4d1f50-710f-4119-a780-c1f36958499c;415.98;0.01;SELL
2016-03-15T02:01:01.630000;2016-03-15T02:01:01.667000;ecc6d7a2-c116-4a9e-90b9-2ee5cd21e773;415.97;0.705;SELL
2016-03-15T02:01:01.630000;2016-03-15T02:01:01.680000;619b774e-af15-4449-9f5c-2e4dc029cc13;415.97;4.658;SELL
2016-03-15T02:01:01.630000;2016-03-15T02:01:01.697000;098921a1-074b-4c1e-89fb-14c6930a842c;415.94;0.283;SELL
2016-03-15T02:01:01.630000;2016-03-15T02:01:01.697000;1d8f4c34-8691-4831-b08d-a1286f2bbde3;415.93;5.0;SELL
2016-03-15T02:01:01.630000;2016-03-15T02:01:01.697000;0c6398bc-7da4-4161-aedc-4d71889a9bab;415.9;0.0115;SELL
2016-03-15T02:01:01.630000;2016-03-15T02:01:01.760000;04b5f7bc-783b-4126-85f4-e6c3b5856d96;415.9;0.01;SELL
2016-03-15T02:01:01.633000;2016-03-15T02:01:01.773000;521ac744-0589-412e-a36c-5bc85d904d00;415.89;3.64534;SELL
2016-03-15T02:01:31.637000;2016-03-15T02:01:31.667000;953fbc29-8660-40f6-8dcd-106270e6fd5c;415.87;0.065;SELL
2016-03-15T02:02:01.457000;2016-03-15T02:02:01.493000;f91539fc-ffa1-473b-8509-b031c2272afa;415.87;0.11738;SELL
2016-03-15T02:02:31.420000;2016-03-15T02:02:31.447000;caff0dca-5d09-40a5-8b72-2b015817bdc7;415.87;0.06762;SELL
2016-03-15T02:02:31.420000;2016-03-15T02:02:31.477000;8b45a3f0-b50b-4fee-a517-a1dedcf09f9d;415.86;0.25;SELL
2016-03-15T02:02:31.420000;2016-03-15T02:02:31.493000;225b744a-08a2-47bb-9c05-01a578a4113b;415.84;0.00838;SELL
2016-03-15T02:03:01.483000;2016-03-15T02:03:01.510000;6a03330e-2c93-45b6-8061-780d2d6cbcd6;415.92;1.01154;BUY
2016-03-15T02:03:32.387000;2016-03-15T02:03:32.417000;ef614bbc-7d08-4fd6-a68f-4cde3af6cf94;415.97;2.04958;BUY
2016-03-15T02:04:01.513000;2016-03-15T02:04:01.540000;732b8188-4519-4067-b76f-8c0e5f00673a;415.98;0.42821;BUY
2016-03-15T02:04:27.600000;2016-03-15T02:04:27.633000;9a35b100-bf22-4998-b28f-60d058cb19a5;415.99;0.0472;BUY
2016-03-15T02:04:31.497000;2016-03-15T02:04:31.523000;5728debf-63f3-469f-a5e5-11be63aea862;415.99;0.29739;BUY
2016-03-15T02:04:38.503000;2016-03-15T02:04:38.523000;454df6d9-eb76-4678-b4c8-6795d71d52cc;415.99;0.14;BUY
2016-03-15T02:05:01.477000;2016-03-15T02:05:01.493000;f0317b8c-3acf-4f5e-adbe-0a788e695b13;415.99;0.25147;BUY
2016-03-15T02:05:14.160000;2016-03-15T02:05:14.180000;e571d500-16e3-4a3e-8980-85a6e9824399;415.99;0.04;BUY
2016-03-15T02:05:31.437000;2016-03-15T02:05:31.463000;721c610b-6adf-4840-9511-242b1521d68e;415.99;0.13148;BUY
2016-03-15T02:06:01.620000;2016-03-15T02:06:01.633000;fb8723cc-e753-4d09-8300-fe36984c684e;415.99;0.50696;BUY
2016-03-15T02:06:31.470000;2016-03-15T02:06:31.493000;3c1c4317-e11e-4eff-8606-505a5fa13dbe;415.99;2.68237;BUY
2016-03-15T02:07:01.557000;2016-03-15T02:07:01.573000;ab38f384-84cc-4944-9ddd-8ec5cedb28ef;415.99;0.01166;BUY
2016-03-15T02:07:24.327000;2016-03-15T02:07:24.353000;4bb52d11-1228-467e-969f-8cce6ebaa739;415.99;1.93232;BUY
2016-03-15T02:07:24.330000;2016-03-15T02:07:24.370000;fb944cf5-80eb-4747-91b8-5b4125c378a9;415.99;2.49;BUY
2016-03-15T02:07:24.330000;2016-03-15T02:07:24.370000;358e1bb3-a086-4d0b-81d7-2c635b511d20;416.0;0.01;BUY
2016-03-15T02:07:24.330000;2016-03-15T02:07:24.370000;8264f934-ecde-471e-a8cf-4a15da82b5bd;416.0;0.01;BUY
2016-03-15T02:07:24.330000;2016-03-15T02:07:24.370000;a106175e-8ccb-4f3b-aaf0-24fdf31c0cdb;416.0;0.1;BUY
2016-03-15T02:07:24.330000;2016-03-15T02:07:24.430000;33fac3f4-8770-4a76-8fe4-75cb82b3c0d3;416.0;0.25;BUY
2016-03-15T02:07:24.330000;2016-03-15T02:07:24.447000;0c61338a-6e3c-4eb5-acbb-02f4fd53b3c7;416.0;0.05;BUY
2016-03-15T02:07:24.330000;2016-03-15T02:07:24.447000;f302755f-a55c-4be7-b79a-217549ac8320;416.0;0.01;BUY
2016-03-15T02:07:24.330000;2016-03-15T02:07:24.447000;d295be79-d1c7-4f2b-9b20-cb744f0a571c;416.01;0.01;BUY
2016-03-15T02:07:24.330000;2016-03-15T02:07:24.447000;a5364f1a-da87-433a-a806-2b60e659d857;416.01;0.13768;BUY
2016-03-15T02:07:31.750000;2016-03-15T02:07:31.773000;1b331d5e-18fc-48e7-9165-994bf5b4ee75;416.01;0.11232;BUY
2016-03-15T02:07:31.750000;2016-03-15T02:07:31.773000;e93d6ed4-a447-4d60-833a-c46ef1f1d865;416.01;0.04201;BUY
2016-03-15T02:08:03.140000;2016-03-15T02:08:03.307000;e0c13706-4501-486b-9171-e11f570bfd6e;416.01;0.20799;BUY
2016-03-15T02:08:03.140000;2016-03-15T02:08:03.307000;e0d4bd05-cb16-4d17-89e2-bece58d368ce;416.01;0.25;BUY
2016-03-15T02:08:03.140000;2016-03-15T02:08:03.307000;42e995cd-4519-4095-b35f-ad450c910712;416.01;0.0894;BUY
2016-03-15T02:09:01.167000;2016-03-15T02:09:01.197000;1dee6343-a659-434c-89cc-8beb73e4761d;416.01;0.1231534;BUY
2016-03-15T02:09:01.510000;2016-03-15T02:09:01.523000;f7d38c0d-ac60-4aff-806d-a6d48cc31cb4;416.01;0.0374466;BUY
2016-03-15T02:09:01.510000;2016-03-15T02:09:01.540000;9fdfcc2c-ded0-4f71-9ba8-1425ccc99bea;416.01;0.25;BUY
2016-03-15T02:09:01.510000;2016-03-15T02:09:01.540000;a76d3bf5-9981-4f46-bb03-db885f23a1bb;416.01;0.25;BUY
2016-03-15T02:09:01.510000;2016-03-15T02:09:01.557000;349b78dd-691b-4bfb-821a-926ebcdbd894;416.01;0.25;BUY
2016-03-15T02:09:01.510000;2016-03-15T02:09:01.557000;06495003-9b71-4708-8c3f-319fce8f4267;416.01;0.25;BUY
2016-03-15T02:09:01.510000;2016-03-15T02:09:01.557000;cb83dc12-dbe6-4860-8c4b-c1a75250f65e;416.03;0.02;BUY
2016-03-15T02:09:01.510000;2016-03-15T02:09:01.557000;ebafdbc2-60d1-4994-984f-a98be1adf3be;416.03;0.01;BUY
2016-03-15T02:09:01.510000;2016-03-15T02:09:01.620000;921cb13c-54cf-45e8-80ad-018f9608f554;416.04;0.01;BUY
2016-03-15T02:09:01.510000;2016-03-15T02:09:01.633000;3fa22050-3358-4391-a257-5683da703966;416.04;0.25;BUY
2016-03-15T02:09:01.510000;2016-03-15T02:09:01.633000;352e52af-9c71-4084-a316-67bc4036d49e;416.04;0.2549434;BUY
2016-03-15T02:09:32.197000;2016-03-15T02:09:32.227000;71d0865c-bd02-4828-aa35-393929342cf7;416.06;0.01;BUY
2016-03-15T02:09:32.197000;2016-03-15T02:09:32.243000;38acd047-f0dc-4a41-a7eb-aa5323d4e3ac;416.07;0.02;BUY
