time_exchange;time_coinpai;guid;price;base_amount;taker_side
2016-03-15T00:00:07.000000;2016-03-15T00:00:07.000000;2b3ff25f-8307-4396-a807-9939fe25820e;415.99;0.03160703;UNKNOWN
2016-03-15T00:00:18.000000;2016-03-15T00:00:18.000000;27ccf78e-e459-4d8f-aa9e-784b7a83e7ad;415.9;0.01047223;UNKNOWN
2016-03-15T00:00:22.000000;2016-03-15T00:00:22.000000;a5d6bc7b-12e3-47e3-95ef-238b1ce7139c;415.9;0.02100079;UNKNOWN
2016-03-15T00:00:25.000000;2016-03-15T00:00:25.000000;cbfdbafa-4fc8-41f5-b821-f8364f644592;415.9;0.01048569;UNKNOWN
2016-03-15T00:00:27.000000;2016-03-15T00:00:27.000000;2d6d82bb-0f7e-4650-84a8-4d9a844949fc;415.9;0.01052988;UNKNOWN
2016-03-15T00:00:28.000000;2016-03-15T00:00:28.000000;01d051fb-bc29-4411-8298-d3afa2efbd33;415.9;0.07679008;UNKNOWN
2016-03-15T00:00:30.000000;2016-03-15T00:00:30.000000;8c5fd690-53c2-4866-91a1-466ef336da8a;415.9;0.01053621;UNKNOWN
2016-03-15T00:00:33.000000;2016-03-15T00:00:33.000000;60781db6-1623-43b7-a166-de507c6f8dc1;415.9;0.07679008;UNKNOWN
2016-03-15T00:00:38.000000;2016-03-15T00:00:38.000000;b133337d-0f0c-4972-b68e-9bf88193c425;415.9;0.0203309;UNKNOWN
2016-03-15T00:00:42.000000;2016-03-15T00:00:42.000000;78ae6ce6-ec73-4bc2-81ac-83fe41953e33;415.9;0.02032767;UNKNOWN
2016-03-15T00:00:57.000000;2016-03-15T00:00:57.000000;7ec87e99-e2f4-48fd-ad4c-c824555b5201;415.9;0.07368691;UNKNOWN
2016-03-15T00:00:59.000000;2016-03-15T00:00:59.000000;f25de11e-4f16-47e3-b217-8d6eef642473;415.9;0.119406;UNKNOWN
2016-03-15T00:01:03.000000;2016-03-15T00:01:03.000000;6c3ee003-bf3a-4801-a822-c137b3b059b9;415.9;0.214735;UNKNOWN
2016-03-15T00:01:04.000000;2016-03-15T00:01:04.000000;b354ae5f-6dd2-4269-abd4-cc7f9cb9d9a8;415.9;0.0158119;UNKNOWN
2016-03-15T00:01:06.000000;2016-03-15T00:01:06.000000;5accbf4a-0a83-4a30-89eb-573b8f69b79a;415.9;0.09124478;UNKNOWN
2016-03-15T00:01:07.000000;2016-03-15T00:01:07.000000;63ea5b2f-4042-44e7-9268-abe55c1bffc2;415.9;0.0596047;UNKNOWN
2016-03-15T00:01:09.000000;2016-03-15T00:01:09.000000;969d5c70-b812-484b-94e2-f68c31d55161;415.9;0.01761112;UNKNOWN
2016-03-15T00:01:09.000000;2016-03-15T00:01:09.000000;381bce87-46e6-4936-90cd-6a36163696e5;415.9;0.05745041;UNKNOWN
2016-03-15T00:01:10.000000;2016-03-15T00:01:10.000000;ec159036-ce60-4caa-964e-da6145f6b4cd;415.9;0.13501861;UNKNOWN
2016-03-15T00:01:11.000000;2016-03-15T00:01:11.000000;dd7ce645-09d4-4918-8e63-26393e3697a0;415.9;0.01361616;UNKNOWN
2016-03-15T00:01:11.000000;2016-03-15T00:01:11.000000;95d43768-82ed-48f6-bb52-17f9e195ffa7;415.9;0.10439057;UNKNOWN
2016-03-15T00:02:40.000000;2016-03-15T00:02:40.000000;4f834e7b-f20b-4bd4-86ca-be1617db8ee8;415.9;0.16264754;UNKNOWN
2016-03-15T00:02:41.000000;2016-03-15T00:02:41.000000;b8a06f18-4994-4ceb-979f-8f6f69dcd02e;415.9;0.20489;UNKNOWN
2016-03-15T00:02:43.000000;2016-03-15T00:02:43.000000;0209c698-9793-434d-bd74-42713233b171;415.9;0.16264754;UNKNOWN
2016-03-15T00:02:49.000000;2016-03-15T00:02:49.000000;339881e9-e1e7-46e9-8bbe-b35bc6fd96fb;415.9;0.16264754;UNKNOWN
2016-03-15T00:02:53.000000;2016-03-15T00:02:53.000000;bfe17925-d350-4c53-8024-d375a45ccdb6;415.9;0.32060247;UNKNOWN
2016-03-15T00:02:54.000000;2016-03-15T00:02:54.000000;b5e9fbf2-7963-4314-9bb8-f56fec133e28;415.9;0.17697048;UNKNOWN
2016-03-15T00:02:54.000000;2016-03-15T00:02:54.000000;0fe875a3-ccc0-4c8f-8ee2-e994c49a4d60;415.9;0.02308311;UNKNOWN
2016-03-15T00:02:59.000000;2016-03-15T00:02:59.000000;fa5bd9af-8bb9-4b53-a292-ead724c93320;415.9;0.01188072;UNKNOWN
2016-03-15T00:03:02.000000;2016-03-15T00:03:02.000000;22d9fc52-cd65-4aaa-a81c-fe1be5e5d98a;415.9;6.10242798;UNKNOWN
2016-03-15T00:03:07.000000;2016-03-15T00:03:07.000000;6fa06531-d86d-4fd5-ab5e-9f9e07015d0d;415.9;0.1;UNKNOWN
2016-03-15T00:03:08.000000;2016-03-15T00:03:08.000000;cc8feb1c-bfa7-4180-aa00-672501710032;415.9;0.04768718;UNKNOWN
2016-03-15T00:03:30.000000;2016-03-15T00:03:30.000000;8e86fcf5-6bac-4001-b223-aa156bea6c85;415.96;0.71226785;UNKNOWN
2016-03-15T00:03:30.000000;2016-03-15T00:03:30.000000;45809e85-1584-457a-af38-e59e6eaba021;416.15;12.9249;UNKNOWN
2016-03-15T00:03:30.000000;2016-03-15T00:03:30.000000;ee3c0aab-5f08-4d81-ba3f-a9388c9ce817;415.99;0.31734994;UNKNOWN
2016-03-15T00:03:30.000000;2016-03-15T00:03:30.000000;eabe0115-91a3-471a-b27e-3f6322ab3f8a;416.14;5.9398;UNKNOWN
2016-03-15T00:03:30.000000;2016-03-15T00:03:30.000000;f19c4601-4ece-4e15-ab58-0b7cf1f1e7e5;416.0;0.07121419;UNKNOWN
2016-03-15T00:03:30.000000;2016-03-15T00:03:30.000000;280e6f14-9135-4746-8264-caafd6a64ed8;416.0;0.04662501;UNKNOWN
2016-03-15T00:03:30.000000;2016-03-15T00:03:30.000000;5b8d5a14-1b01-40e0-bbfe-d8dd62ad2307;416.13;0.228551;UNKNOWN
2016-03-15T00:03:30.000000;2016-03-15T00:03:30.000000;aa058bdd-b62f-43dc-b1ff-af5fea7fb5b9;415.98;0.27;UNKNOWN
2016-03-15T00:03:30.000000;2016-03-15T00:03:30.000000;11efe5b0-8860-4af5-afa4-ca25590bce72;415.97;0.01;UNKNOWN
2016-03-15T00:03:30.000000;2016-03-15T00:03:30.000000;2d6232f6-8c3e-4579-9b04-b3d3219d9bf6;416.2;0.1;UNKNOWN
2016-03-15T00:03:30.000000;2016-03-15T00:03:30.000000;e08ee302-66f9-490a-ab61-b4104d8a8434;416.19;13.1257;UNKNOWN
2016-03-15T00:03:30.000000;2016-03-15T00:03:30.000000;4558949f-5df1-4c29-8607-1327255402fe;416.2;0.61423567;UNKNOWN
2016-03-15T00:03:47.000000;2016-03-15T00:03:47.000000;4e52981f-cb30-46d2-9980-07e8b3cab2bc;416.39;0.05170425;UNKNOWN
2016-03-15T00:03:47.000000;2016-03-15T00:03:47.000000;d2850587-26ba-4b78-9a70-ceee0e414e43;416.34;25.0;UNKNOWN
2016-03-15T00:03:47.000000;2016-03-15T00:03:47.000000;ec3ea1b9-e6fc-451e-84e8-e20c2d3063d1;416.3;0.368;UNKNOWN
2016-03-15T00:03:47.000000;2016-03-15T00:03:47.000000;3e08940b-0328-49af-a24d-61b87eb43d77;416.29;7.9735;UNKNOWN
2016-03-15T00:03:47.000000;2016-03-15T00:03:47.000000;fc5efbe5-a6ab-41da-92fa-f11c63996c2c;416.32;0.1;UNKNOWN
2016-03-15T00:03:47.000000;2016-03-15T00:03:47.000000;2550428f-7e9e-41dc-8bc0-daa36dafa423;416.34;0.1;UNKNOWN
2016-03-15T00:03:49.000000;2016-03-15T00:03:49.000000;b254211d-abe1-4958-b63c-913e23c26560;416.22;4.0;UNKNOWN
2016-03-15T00:04:17.000000;2016-03-15T00:04:17.000000;faa2ded2-4160-4ccf-b0b6-fd9ad6363d7e;416.27;5.9434;UNKNOWN
2016-03-15T00:04:34.000000;2016-03-15T00:04:34.000000;b7d6aa90-7625-4877-83e0-d778ef5e616a;416.19;3.0;UNKNOWN
2016-03-15T00:04:34.000000;2016-03-15T00:04:34.000000;4d24cf6a-b963-4ff8-86b5-324c49c24f39;416.3;5.999;UNKNOWN
2016-03-15T00:04:34.000000;2016-03-15T00:04:34.000000;cd178bf5-7641-49e1-898c-6f4f608b5727;416.28;1.2;UNKNOWN
2016-03-15T00:04:34.000000;2016-03-15T00:04:34.000000;8bf02d60-e018-4c26-aa1b-5ced11ba0fd4;416.18;0.5;UNKNOWN
2016-03-15T00:04:34.000000;2016-03-15T00:04:34.000000;b918a697-81a4-49e2-9d22-31a3513f9311;416.19;0.030799;UNKNOWN
2016-03-15T00:04:34.000000;2016-03-15T00:04:34.000000;1252fcc8-c76c-433d-8de3-51aae8913dde;416.2;4.0;UNKNOWN
2016-03-15T00:04:38.000000;2016-03-15T00:04:38.000000;07a7a1b6-b8a1-4562-a599-2dc42802e148;416.3;0.041353;UNKNOWN
2016-03-15T00:04:57.000000;2016-03-15T00:04:57.000000;7ffa9768-dabb-4f7b-93e1-20f163bcef64;416.33;0.20782242;UNKNOWN
2016-03-15T00:05:00.000000;2016-03-15T00:05:00.000000;d45fb1fc-b387-41eb-99c7-212aada83267;416.32;0.103964;UNKNOWN
2016-03-15T00:05:04.000000;2016-03-15T00:05:04.000000;ab17a128-5862-4858-947c-3aa09ce030d6;416.3;0.066682;UNKNOWN
2016-03-15T00:05:04.000000;2016-03-15T00:05:04.000000;a80bd311-3317-4ece-928a-91a1152f09cf;416.3;0.744466;UNKNOWN
2016-03-15T00:05:06.000000;2016-03-15T00:05:06.000000;ff407e29-c7a4-4c8e-86fe-86584e984d37;416.19;0.03678801;UNKNOWN
2016-03-15T00:05:15.000000;2016-03-15T00:05:15.000000;72bad283-5098-4057-b4e5-69b82ee95ee9;416.19;0.17745121;UNKNOWN
2016-03-15T00:05:15.000000;2016-03-15T00:05:15.000000;991b5ee7-b4af-41bf-a6e0-a2a5bcb8ac36;416.19;0.02314573;UNKNOWN
2016-03-15T00:05:17.000000;2016-03-15T00:05:17.000000;95cbea88-0b0f-4e07-9225-1fd2edb7b69b;416.19;0.17734746;UNKNOWN
2016-03-15T00:05:17.000000;2016-03-15T00:05:17.000000;b9b8d65b-3c66-42db-9d83-d029ede0264b;416.19;0.02313221;UNKNOWN
2016-03-15T00:06:21.000000;2016-03-15T00:06:21.000000;6f2f0589-acde-42aa-845e-0a64d915c9ab;416.07;0.17918757;UNKNOWN
2016-03-15T00:06:22.000000;2016-03-15T00:06:22.000000;87a2a93a-9669-41f4-93b1-3dc2bcea8ef5;416.07;0.04860781;UNKNOWN
2016-03-15T00:06:25.000000;2016-03-15T00:06:25.000000;42ebc0dd-58e2-4782-8a65-e902b2affd4f;416.07;0.18000482;UNKNOWN
2016-03-15T00:06:25.000000;2016-03-15T00:06:25.000000;9335cb4f-3141-4f4d-a1fc-c3228137b19f;416.07;0.06701545;UNKNOWN
2016-03-15T00:06:28.000000;2016-03-15T00:06:28.000000;a3c51a05-1b1f-4a13-a035-ba7d80813a6c;416.07;0.2032894;UNKNOWN
2016-03-15T00:06:29.000000;2016-03-15T00:06:29.000000;c7930caf-06f3-4672-b12f-bf8bf6523a59;416.07;0.06701545;UNKNOWN
2016-03-15T00:06:31.000000;2016-03-15T00:06:31.000000;e39540ad-5c79-43d8-a3be-ee3fcc0719d0;416.07;0.01502309;UNKNOWN
2016-03-15T00:06:31.000000;2016-03-15T00:06:31.000000;6caac340-03a3-4d66-81d5-884bcc64a08a;416.07;0.11517704;UNKNOWN
2016-03-15T00:06:32.000000;2016-03-15T00:06:32.000000;c036c777-be07-42e4-b21c-037c54180c0c;416.07;0.0147339;UNKNOWN
2016-03-15T00:06:32.000000;2016-03-15T00:06:32.000000;5cb4c9d2-bac5-499d-b6c6-808b074792b4;416.07;0.22015308;UNKNOWN
2016-03-15T00:06:32.000000;2016-03-15T00:06:32.000000;335003cf-6716-495b-86da-0fc14b8a1bdc;416.07;0.11295997;UNKNOWN
2016-03-15T00:06:33.000000;2016-03-15T00:06:33.000000;84d150d9-c316-416f-9225-1318790d3c08;416.07;0.12593823;UNKNOWN
2016-03-15T00:06:33.000000;2016-03-15T00:06:33.000000;f5cae43f-4230-49b9-8364-a530fe118630;416.07;0.01642672;UNKNOWN
2016-03-15T00:06:35.000000;2016-03-15T00:06:35.000000;baaf7a28-2268-42da-885a-ef871ddbcd5e;416.07;0.18957457;UNKNOWN
2016-03-15T00:06:35.000000;2016-03-15T00:06:35.000000;f992c290-71ab-4c57-b41e-c2f25422d934;416.07;0.02472711;UNKNOWN
2016-03-15T00:06:37.000000;2016-03-15T00:06:37.000000;7c502742-d0ca-4652-ad73-144a6ae176a9;416.07;0.06692979;UNKNOWN
2016-03-15T00:06:40.000000;2016-03-15T00:06:40.000000;9b01660b-2a14-4078-b58e-0d4b8afbc0ce;416.07;0.02366253;UNKNOWN
2016-03-15T00:06:41.000000;2016-03-15T00:06:41.000000;4771edc3-9b00-4a7e-bbf5-8c3dbf93fc6d;416.07;0.22015308;UNKNOWN
2016-03-15T00:06:42.000000;2016-03-15T00:06:42.000000;40d2b0fc-35a1-4849-97ec-96541e08d17c;416.07;0.18141269;UNKNOWN
2016-03-15T00:06:42.000000;2016-03-15T00:06:42.000000;622bfd0e-f639-4e93-81c5-70e5fb8614bf;416.07;0.0176493;UNKNOWN
2016-03-15T00:06:42.000000;2016-03-15T00:06:42.000000;ae06ab06-19a5-4b6d-b35a-7a06f1e10c6e;416.07;0.13531131;UNKNOWN
2016-03-15T00:06:44.000000;2016-03-15T00:06:44.000000;0d7f0a00-a73c-4667-803d-eb4fc51dfac3;416.07;0.18976434;UNKNOWN
2016-03-15T00:06:44.000000;2016-03-15T00:06:44.000000;80d29fec-7d61-4382-a6b9-7dab4f2ec815;416.07;0.0418086;UNKNOWN
2016-03-15T00:06:47.000000;2016-03-15T00:06:47.000000;e210b1b6-9ac6-41e7-9865-d131d3c83d3d;416.07;0.05972664;UNKNOWN
2016-03-15T00:06:49.000000;2016-03-15T00:06:49.000000;950627e0-a28b-46d7-a05c-a999de76b97d;416.07;0.11556555;UNKNOWN
2016-03-15T00:06:49.000000;2016-03-15T00:06:49.000000;b6f60739-ebcd-4668-af64-f1b033918d4f;416.07;0.01507376;UNKNOWN
2016-03-15T00:06:49.000000;2016-03-15T00:06:49.000000;486edd42-6c8a-4ba4-b79b-6df51d9dfba5;416.07;0.22155605;UNKNOWN
2016-03-15T00:06:53.000000;2016-03-15T00:06:53.000000;d9fa0515-dff8-4f9e-b9d3-da5dbe96f088;416.07;0.05972664;UNKNOWN
2016-03-15T00:06:53.000000;2016-03-15T00:06:53.000000;56427c7e-fc85-417d-9ae6-698570602a4c;416.07;0.03008371;UNKNOWN
2016-03-15T00:06:55.000000;2016-03-15T00:06:55.000000;8d519c8b-c52d-49e8-a396-378224c18a5e;416.07;0.11556555;UNKNOWN
2016-03-15T00:07:07.000000;2016-03-15T00:07:07.000000;3a3c6476-8456-4227-972f-ad544ff85dcb;416.06;0.35750887;UNKNOWN
2016-03-15T00:07:07.000000;2016-03-15T00:07:07.000000;bb515304-a118-4acf-a6af-3b2ecef2857a;416.06;0.03;UNKNOWN
2016-03-15T00:07:58.000000;2016-03-15T00:07:58.000000;d991d38e-7d4b-4553-9bf1-a104604d00b3;416.19;0.02015149;UNKNOWN
2016-03-15T00:08:10.000000;2016-03-15T00:08:10.000000;a33c100d-9f64-472a-816b-2e20245890cd;416.04;0.73860522;UNKNOWN
2016-03-15T00:08:11.000000;2016-03-15T00:08:11.000000;2f98edd8-c3c7-471b-85bf-d23a0e52f654;416.04;0.04765081;UNKNOWN
2016-03-15T00:09:02.000000;2016-03-15T00:09:02.000000;c539e4f1-8e34-4ffa-b943-0df77e788fcb;416.11;0.11519077;UNKNOWN
2016-03-15T00:09:29.000000;2016-03-15T00:09:29.000000;2ceca6b7-dd7f-4b4a-bbd1-61775205d123;416.06;0.46728851;UNKNOWN
2016-03-15T00:09:49.000000;2016-03-15T00:09:49.000000;7fa79585-5766-42a4-8098-35acf9d2b8ed;416.11;0.02084527;UNKNOWN
2016-03-15T00:10:13.000000;2016-03-15T00:10:13.000000;15f44719-18aa-4c22-a914-99187e955aff;415.62;0.40952935;UNKNOWN
2016-03-15T00:10:13.000000;2016-03-15T00:10:13.000000;eef6d40b-77e8-4741-ae76-8c9c62591e4d;415.76;0.04346764;UNKNOWN
2016-03-15T00:10:13.000000;2016-03-15T00:10:13.000000;6242b21d-1b12-4b29-b787-3e769c5a70f5;415.95;5.9224;UNKNOWN
2016-03-15T00:10:13.000000;2016-03-15T00:10:13.000000;89cf406d-a419-4d35-b608-75611a955140;415.9;21.58465256;UNKNOWN
2016-03-15T00:10:13.000000;2016-03-15T00:10:13.000000;cbf0baeb-b9e5-47d1-8d78-5071c231a496;415.63;7.9916;UNKNOWN
2016-03-15T00:10:51.000000;2016-03-15T00:10:51.000000;f40f02a7-7b0f-4ecf-975d-3db3a063e2e6;415.65;0.72180624;UNKNOWN
2016-03-15T00:11:30.000000;2016-03-15T00:11:30.000000;ef95fbcc-5134-4e50-959b-496652c89aa7;415.78;0.12030104;UNKNOWN
2016-03-15T00:11:39.000000;2016-03-15T00:11:39.000000;78c4f442-d161-4524-b317-2b5dfb88d0da;415.83;0.04931987;UNKNOWN
2016-03-15T00:12:27.000000;2016-03-15T00:12:27.000000;795f090c-e1fc-45ff-aac8-126b4c329691;416.08;1.5;UNKNOWN
2016-03-15T00:12:54.000000;2016-03-15T00:12:54.000000;1ea98fa6-0b34-4cca-913c-d8b78fdad542;416.03;0.035;UNKNOWN
2016-03-15T00:13:20.000000;2016-03-15T00:13:20.000000;588b80b3-8931-4e2a-8e13-72ef66d60c5d;416.0;0.3004;UNKNOWN
2016-03-15T00:13:51.000000;2016-03-15T00:13:51.000000;d37ed062-7f07-4fc2-8273-4b18d7663684;416.0;0.035;UNKNOWN
2016-03-15T00:14:03.000000;2016-03-15T00:14:03.000000;72096d50-65b7-43ae-bf1d-5a4afc42cc1e;415.99;0.08690307;UNKNOWN
2016-03-15T00:14:51.000000;2016-03-15T00:14:51.000000;22a99791-199a-4612-8ad5-8137260f8237;416.0;0.035;UNKNOWN
2016-03-15T00:14:53.000000;2016-03-15T00:14:53.000000;c33c7a21-0dda-42e9-b0ae-451354ed5a3d;415.99;0.4;UNKNOWN
2016-03-15T00:16:42.000000;2016-03-15T00:16:42.000000;2441990d-c4ad-431e-888a-bbec589be0f2;415.99;0.10658132;UNKNOWN
2016-03-15T00:17:37.000000;2016-03-15T00:17:37.000000;79890bcf-6d10-4ec6-aa80-ff2c7031d1fe;416.0;0.01197107;UNKNOWN
2016-03-15T00:17:41.000000;2016-03-15T00:17:41.000000;19df895d-278f-4241-bc13-4b13869ebb41;415.99;0.01206778;UNKNOWN
2016-03-15T00:18:27.000000;2016-03-15T00:18:27.000000;4530afee-bb03-4843-97c8-b6d3918bb459;416.0;1.9;UNKNOWN
2016-03-15T00:19:05.000000;2016-03-15T00:19:05.000000;ba95ae4c-6521-44a1-808f-69113049f68a;416.0;0.4;UNKNOWN
2016-03-15T00:19:47.000000;2016-03-15T00:19:47.000000;13a713fb-62d7-4aa0-ba51-138d81d13edf;415.99;0.70986154;UNKNOWN
2016-03-15T00:20:01.000000;2016-03-15T00:20:01.000000;36648f16-224d-4e98-8ad2-227f10624864;415.99;0.183436;UNKNOWN
2016-03-15T00:20:04.000000;2016-03-15T00:20:04.000000;773a3eb1-15fb-4ff5-81c5-f249e8de63de;415.99;0.756523;UNKNOWN
2016-03-15T00:22:43.000000;2016-03-15T00:22:43.000000;86f2edb8-328a-439b-a042-260acd486136;415.99;3.68222729;UNKNOWN
2016-03-15T00:22:48.000000;2016-03-15T00:22:48.000000;7c90eb92-25f5-4e56-a901-a8bac31c8a04;415.99;1.31777271;UNKNOWN
2016-03-15T00:22:50.000000;2016-03-15T00:22:50.000000;3df04a72-7317-4687-8e6a-6970d04ae4a2;416.0;0.331798;UNKNOWN
2016-03-15T00:22:54.000000;2016-03-15T00:22:54.000000;13ea70bc-1b82-4446-a7d2-87b018672a1f;416.0;0.31145;UNKNOWN
2016-03-15T00:23:07.000000;2016-03-15T00:23:07.000000;aca7de6f-5c29-4fa7-a4a0-ad130cdb89a8;416.0;0.243008;UNKNOWN
2016-03-15T00:23:45.000000;2016-03-15T00:23:45.000000;8a2ca238-101e-4a68-8de1-a9ef51b6e341;415.73;0.2495;UNKNOWN
2016-03-15T00:26:11.000000;2016-03-15T00:26:11.000000;0a2fe013-ac37-4dc0-9ce5-4f4dda6996fd;415.76;0.05958907;UNKNOWN
2016-03-15T00:26:41.000000;2016-03-15T00:26:41.000000;1ac66510-2cf3-4a41-847a-0c57afa2ccff;415.76;0.01;UNKNOWN
2016-03-15T00:26:41.000000;2016-03-15T00:26:41.000000;b012c9b9-9803-4516-8875-d9100aaa549a;415.76;0.149681;UNKNOWN
2016-03-15T00:26:43.000000;2016-03-15T00:26:43.000000;345fdd4c-8b4f-4d5b-98d3-208a20643266;415.76;0.01;UNKNOWN
2016-03-15T00:26:52.000000;2016-03-15T00:26:52.000000;b3e1e7f0-d692-48bd-84ad-21e3d3e69fd1;415.76;0.01;UNKNOWN
2016-03-15T00:26:59.000000;2016-03-15T00:26:59.000000;a1cc5f07-9220-41e0-b7a0-4195f9992793;415.76;0.71522231;UNKNOWN
2016-03-15T00:27:19.000000;2016-03-15T00:27:19.000000;2961c952-bc48-4364-b46b-12979013a46a;415.76;0.237718;UNKNOWN
2016-03-15T00:28:59.000000;2016-03-15T00:28:59.000000;b8165a4c-184d-4111-aa42-a24f0f0524ac;415.76;0.04574519;UNKNOWN
2016-03-15T00:29:07.000000;2016-03-15T00:29:07.000000;619b0933-27b8-46af-ac7c-95106b02d96a;415.9;0.07186309;UNKNOWN
2016-03-15T00:31:37.000000;2016-03-15T00:31:37.000000;aceb6000-5e26-48bf-bcf9-30ad5521e9ed;415.7;0.01;UNKNOWN
2016-03-15T00:33:40.000000;2016-03-15T00:33:40.000000;139dbd54-4696-4110-ab6d-c9ae2077a09a;415.58;0.57;UNKNOWN
2016-03-15T00:33:40.000000;2016-03-15T00:33:40.000000;974ee8cf-f153-47f0-ba65-f637aec3cfcf;415.58;3.73;UNKNOWN
2016-03-15T00:33:47.000000;2016-03-15T00:33:47.000000;d23ea773-2dc7-4f4e-85ed-15a6083fa1ad;415.55;0.04817715;UNKNOWN
2016-03-15T00:35:47.000000;2016-03-15T00:35:47.000000;6e4e9d79-dd50-441d-9517-6c0dad2305a2;415.58;0.05058237;UNKNOWN
2016-03-15T00:37:07.000000;2016-03-15T00:37:07.000000;dff0c2af-0f30-4229-8fb7-45437e0fd511;415.95;0.04345551;UNKNOWN
2016-03-15T00:37:07.000000;2016-03-15T00:37:07.000000;1c878ec8-5c0c-4e72-bcfd-9e93d0397768;415.96;9.86796212;UNKNOWN
2016-03-15T00:37:07.000000;2016-03-15T00:37:07.000000;07c05bbd-2dfb-4ae4-8388-48ac29e160d7;415.8;0.038;UNKNOWN
2016-03-15T00:37:13.000000;2016-03-15T00:37:13.000000;24a716e3-f713-4336-bd93-8ca61550529b;415.95;5.9591;UNKNOWN
2016-03-15T00:37:13.000000;2016-03-15T00:37:13.000000;cba02f4e-e4a1-4368-9c18-028ba1f8662c;415.96;4.0409;UNKNOWN
2016-03-15T00:39:02.000000;2016-03-15T00:39:02.000000;1c0c353e-a4a6-45c8-a843-3835a4802d19;416.04;3.3473;UNKNOWN
2016-03-15T00:39:02.000000;2016-03-15T00:39:02.000000;49151d27-3867-4414-84b4-1e7338fabfe4;415.9;0.2;UNKNOWN
2016-03-15T00:39:02.000000;2016-03-15T00:39:02.000000;37dc288d-ef23-4592-a5ad-17290fa177bc;416.0;0.5;UNKNOWN
2016-03-15T00:39:02.000000;2016-03-15T00:39:02.000000;a326a83b-5826-41ea-9e8f-09257e5dd9d9;416.02;5.9527;UNKNOWN
2016-03-15T00:39:06.000000;2016-03-15T00:39:06.000000;a937d56f-5353-49f9-bb50-e49e40b10a60;415.81;0.0530504;UNKNOWN
2016-03-15T00:40:45.000000;2016-03-15T00:40:45.000000;7b363161-32a5-4596-95ac-d395165cec19;415.8;4.0203;UNKNOWN
2016-03-15T00:40:45.000000;2016-03-15T00:40:45.000000;12f31750-979d-473b-8d66-66fba4d9e231;415.81;0.015;UNKNOWN
2016-03-15T00:40:45.000000;2016-03-15T00:40:45.000000;79045b63-2b99-4f97-8434-068d3a3a5f70;415.87;5.9647;UNKNOWN
2016-03-15T00:41:11.000000;2016-03-15T00:41:11.000000;0b30c3a9-9e20-4c31-97a3-0169f1806b6c;415.82;3.0;UNKNOWN
2016-03-15T00:41:11.000000;2016-03-15T00:41:11.000000;98500ad2-f61f-4912-8416-11a43dadc380;415.8;11.319;UNKNOWN
2016-03-15T00:41:11.000000;2016-03-15T00:41:11.000000;2479f140-c487-4d3b-b50a-4ae81859e235;415.82;0.5;UNKNOWN
2016-03-15T00:42:42.000000;2016-03-15T00:42:42.000000;8d612a78-4351-4c28-8aef-79b6252657cf;415.8;3.61050715;UNKNOWN
2016-03-15T00:45:06.000000;2016-03-15T00:45:06.000000;c61a524f-b062-4772-aafe-d33bfd2b314f;415.8;10.0;UNKNOWN
2016-03-15T00:45:45.000000;2016-03-15T00:45:45.000000;08cb0e81-4701-4188-ae8c-304f3a3f4623;415.91;0.01;UNKNOWN
2016-03-15T00:46:05.000000;2016-03-15T00:46:05.000000;c7986ed9-f396-43a4-85c2-7fe382c15de2;415.8;10.0;UNKNOWN
2016-03-15T00:46:07.000000;2016-03-15T00:46:07.000000;95eaef15-775d-4329-a8c0-976f6e4a045d;415.8;7.0;UNKNOWN
2016-03-15T00:46:28.000000;2016-03-15T00:46:28.000000;f0ca20a1-a494-405e-91a9-5ee5029d4dc5;415.8;0.23833357;UNKNOWN
2016-03-15T00:47:09.000000;2016-03-15T00:47:09.000000;9c722833-dbf1-4ff5-8399-5a1368034d4b;415.85;0.01215556;UNKNOWN
2016-03-15T00:47:09.000000;2016-03-15T00:47:09.000000;736021a0-1a63-4b57-88aa-e576c42b19e4;415.86;0.01215556;UNKNOWN
2016-03-15T00:47:10.000000;2016-03-15T00:47:10.000000;334d4afc-d55f-410a-8ed8-66725d5c47df;415.85;0.01215585;UNKNOWN
2016-03-15T00:47:10.000000;2016-03-15T00:47:10.000000;b35aa3d8-c0a4-4462-8fd6-e412677081da;415.85;0.01215585;UNKNOWN
2016-03-15T00:47:12.000000;2016-03-15T00:47:12.000000;0cc93fab-36e0-4f94-91ae-ecb473e6c182;415.85;0.02484538;UNKNOWN
2016-03-15T00:47:12.000000;2016-03-15T00:47:12.000000;40d53106-1f03-43b4-bbda-c155f9ddd8c7;415.84;0.5;UNKNOWN
2016-03-15T00:47:12.000000;2016-03-15T00:47:12.000000;796507b4-7647-49ab-ae01-3411de0aa602;415.85;0.06845594;UNKNOWN
2016-03-15T00:47:14.000000;2016-03-15T00:47:14.000000;7beacf91-efbc-46ae-9f1c-0ef917c83f30;415.8;0.04204315;UNKNOWN
2016-03-15T00:47:57.000000;2016-03-15T00:47:57.000000;b4715dd4-8116-4c4c-a664-219714d64b70;415.8;1.7;UNKNOWN
2016-03-15T00:47:57.000000;2016-03-15T00:47:57.000000;bce16e41-8c12-46d9-8f49-bd6ea1eaa5a5;415.8;12.29631613;UNKNOWN
2016-03-15T00:48:05.000000;2016-03-15T00:48:05.000000;69f81a96-79a0-481c-b7b6-91539bf7cd0a;415.59;0.16;UNKNOWN
2016-03-15T00:48:27.000000;2016-03-15T00:48:27.000000;2fcb59b2-3436-4e5e-854d-60e1de87ece4;415.56;0.2;UNKNOWN
2016-03-15T00:48:42.000000;2016-03-15T00:48:42.000000;05408c6e-bda8-4bb6-a5cb-c1ae7dfc0c13;415.55;0.48594345;UNKNOWN
2016-03-15T00:49:30.000000;2016-03-15T00:49:30.000000;8f967f79-52bb-4dd7-a435-55ada86c710f;415.55;0.0599445;UNKNOWN
2016-03-15T00:50:51.000000;2016-03-15T00:50:51.000000;93380301-2289-4c3b-9f70-8c750b26d4d9;414.77;4.6466782;UNKNOWN
2016-03-15T00:50:51.000000;2016-03-15T00:50:51.000000;13ed4b9f-09bb-46b5-8e18-e1d348958d3b;414.93;15.0;UNKNOWN
2016-03-15T00:50:51.000000;2016-03-15T00:50:51.000000;0cb4ec4c-a7c6-401e-a91f-9e4a1e940236;414.6;9.40340893;UNKNOWN
2016-03-15T00:50:51.000000;2016-03-15T00:50:51.000000;f4b1ace6-7578-4382-9c26-5352a03fdf05;414.86;4.64673218;UNKNOWN
2016-03-15T00:50:51.000000;2016-03-15T00:50:51.000000;79eb80d0-8e80-4f13-8a3d-0202eda662ac;414.94;0.71;UNKNOWN
2016-03-15T00:50:51.000000;2016-03-15T00:50:51.000000;fb9f78f0-c038-4a47-8baf-5cf9e6eeeb42;415.23;0.01;UNKNOWN
2016-03-15T00:50:51.000000;2016-03-15T00:50:51.000000;e669dd73-554f-44d5-87fb-415054fda7d2;415.55;0.2;UNKNOWN
2016-03-15T00:50:51.000000;2016-03-15T00:50:51.000000;928f05cf-2d19-47ff-a29c-86d47cc221bf;414.97;4.6466782;UNKNOWN
2016-03-15T00:50:51.000000;2016-03-15T00:50:51.000000;35ce49fa-56e5-4131-9f90-78a7dbf2ad9a;415.13;4.6466782;UNKNOWN
2016-03-15T00:50:51.000000;2016-03-15T00:50:51.000000;ddfe57ac-3a2d-4fdc-82e7-50439cc92a52;415.26;0.04345384;UNKNOWN
2016-03-15T00:50:51.000000;2016-03-15T00:50:51.000000;12d9ff59-ee09-4219-8e9b-4ac0ab875ae3;414.77;3.0;UNKNOWN
2016-03-15T00:50:51.000000;2016-03-15T00:50:51.000000;d6813abb-2e4d-45a3-aa99-b6f6ffc18517;414.66;4.6466782;UNKNOWN
2016-03-15T00:50:51.000000;2016-03-15T00:50:51.000000;6e36e857-7871-4ec1-a3f5-534487a03036;415.2;25.0;UNKNOWN
2016-03-15T00:50:51.000000;2016-03-15T00:50:51.000000;0153ac14-2978-4758-9569-0b30193ebf1c;415.0;10.0;UNKNOWN
2016-03-15T00:50:51.000000;2016-03-15T00:50:51.000000;08cc8dfb-7566-4dfa-a3fd-c1063a6f6945;415.55;0.4059349;UNKNOWN
2016-03-15T00:50:51.000000;2016-03-15T00:50:51.000000;a25902ad-786f-4201-a7bc-f4ba4f4f6d01;414.95;4.64673218;UNKNOWN
2016-03-15T00:50:59.000000;2016-03-15T00:50:59.000000;43d7cba2-7f3c-42a6-af6b-08c21b2dc72e;414.95;5.0;UNKNOWN
2016-03-15T00:50:59.000000;2016-03-15T00:50:59.000000;f7169606-aff8-48d1-a890-0b0ae6efb7a0;414.95;5.0;UNKNOWN
2016-03-15T00:51:04.000000;2016-03-15T00:51:04.000000;7aea7115-c323-49ce-be77-360b65dd4544;415.15;0.2;UNKNOWN
2016-03-15T00:51:40.000000;2016-03-15T00:51:40.000000;5fddefb3-bc27-461e-8358-720b1fb8cd79;415.14;0.2;UNKNOWN
2016-03-15T00:51:40.000000;2016-03-15T00:51:40.000000;92eb60b4-70b2-46d2-9c33-77a2c3648929;415.14;0.11241413;UNKNOWN
2016-03-15T00:51:40.000000;2016-03-15T00:51:40.000000;4dc73b0d-09d8-459b-b1ae-5933fbb63380;415.14;0.2;UNKNOWN
2016-03-15T00:52:55.000000;2016-03-15T00:52:55.000000;51a8a8c6-dd91-4def-b0ef-12388cb1498b;415.15;0.01761424;UNKNOWN
2016-03-15T00:52:55.000000;2016-03-15T00:52:55.000000;03fc4f78-b39d-4df4-b8e2-de29a8d34e26;415.15;0.13504254;UNKNOWN
2016-03-15T00:52:56.000000;2016-03-15T00:52:56.000000;e0df924a-c412-4038-a1ee-06f4cc79569b;415.15;0.04472252;UNKNOWN
2016-03-15T00:52:57.000000;2016-03-15T00:52:57.000000;4873c9ae-5dfd-4aa6-9bb4-bc68e6000207;415.15;0.14776212;UNKNOWN
2016-03-15T00:52:57.000000;2016-03-15T00:52:57.000000;5f5fa579-c5a8-407b-b3b8-a440cf7675da;415.15;0.01927332;UNKNOWN
2016-03-15T00:52:57.000000;2016-03-15T00:52:57.000000;d8cd2f75-8761-4248-8179-63c47a45c1cb;415.15;0.05153315;UNKNOWN
2016-03-15T00:52:58.000000;2016-03-15T00:52:58.000000;e3bd3cd3-5b07-4e05-bda1-ee518e23bc4a;415.15;0.02511751;UNKNOWN
2016-03-15T00:52:58.000000;2016-03-15T00:52:58.000000;5bb6fb80-e8c1-452d-9aae-e66cfdf5784e;415.15;0.19256763;UNKNOWN
2016-03-15T00:52:59.000000;2016-03-15T00:52:59.000000;77a32d6f-59ed-4020-9541-8d3edb3b027e;415.15;0.01814156;UNKNOWN
2016-03-15T00:52:59.000000;2016-03-15T00:52:59.000000;6ef4a154-6e52-46d1-a0b2-1ddef5fcc589;415.15;0.13908532;UNKNOWN
2016-03-15T00:53:00.000000;2016-03-15T00:53:00.000000;0ca42993-8793-4c9f-809b-dd3ef1c32045;415.15;0.07102372;UNKNOWN
2016-03-15T00:53:02.000000;2016-03-15T00:53:02.000000;2a2357db-4175-4cdc-b260-347a572ae33f;415.15;0.01654981;UNKNOWN
2016-03-15T00:53:02.000000;2016-03-15T00:53:02.000000;5bf44dd1-dfc8-4f45-ad1a-bfb64b5581be;415.15;0.12688189;UNKNOWN
2016-03-15T00:53:04.000000;2016-03-15T00:53:04.000000;a46f562c-b607-4c22-b5fb-d998f66deef4;415.15;0.01654981;UNKNOWN
2016-03-15T00:53:07.000000;2016-03-15T00:53:07.000000;5a3cc1c0-fab9-4271-a542-0771c7d52a1a;415.15;0.13924131;UNKNOWN
2016-03-15T00:53:08.000000;2016-03-15T00:53:08.000000;e59f8cfe-2933-46c2-a6dc-a2d857e57910;415.15;0.06704986;UNKNOWN
2016-03-15T00:53:09.000000;2016-03-15T00:53:09.000000;a41f133d-4309-43e1-97fe-6809c7e10a25;415.15;0.06375237;UNKNOWN
2016-03-15T00:53:11.000000;2016-03-15T00:53:11.000000;c2ca1bc9-7f61-4d1b-b12a-073b11b4c674;415.15;0.06385618;UNKNOWN
2016-03-15T00:53:12.000000;2016-03-15T00:53:12.000000;7c5512c2-031e-40ef-bc53-00c2479a3b94;415.15;0.0638006;UNKNOWN
2016-03-15T00:53:13.000000;2016-03-15T00:53:13.000000;471a96ea-090b-48ab-8994-c54afb2eb940;415.15;0.02152723;UNKNOWN
2016-03-15T00:53:16.000000;2016-03-15T00:53:16.000000;3b1d4bd1-8118-4cf6-94ee-0e49640c42df;415.15;0.05086005;UNKNOWN
2016-03-15T00:53:22.000000;2016-03-15T00:53:22.000000;6727ed40-eb28-438c-8402-c9980b451293;415.15;0.02644599;UNKNOWN
2016-03-15T00:53:23.000000;2016-03-15T00:53:23.000000;1ddb69ef-a504-440c-b769-027c200efe65;415.15;0.05118239;UNKNOWN
2016-03-15T00:53:30.000000;2016-03-15T00:53:30.000000;4bdd24d2-fce4-4c1e-bad4-0b28a5baad01;415.14;0.015;UNKNOWN
2016-03-15T00:53:31.000000;2016-03-15T00:53:31.000000;1c50692a-2f1f-45b6-9773-a4ade593f8e1;415.14;0.33757317;UNKNOWN
2016-03-15T00:53:34.000000;2016-03-15T00:53:34.000000;d537542b-7d55-4e4f-a241-2f1095917f49;415.14;0.065142;UNKNOWN
2016-03-15T00:53:34.000000;2016-03-15T00:53:34.000000;0af3058b-25b2-49ab-8968-120b1323e3d3;414.56;6.0;UNKNOWN
2016-03-15T00:53:34.000000;2016-03-15T00:53:34.000000;1b5ac863-9b14-46c2-86ad-9eaeb5a99c5c;414.56;12.0703;UNKNOWN
2016-03-15T00:53:34.000000;2016-03-15T00:53:34.000000;81fd4392-f28c-469c-8fb5-3729a0de3ba0;414.56;0.5;UNKNOWN
2016-03-15T00:53:34.000000;2016-03-15T00:53:34.000000;a9fa0b6a-db1b-40fd-9bb3-a9c518788feb;415.14;0.2;UNKNOWN
2016-03-15T00:53:34.000000;2016-03-15T00:53:34.000000;2a2f25e1-4688-46ff-b3c8-125dd730e8c4;415.14;0.3;UNKNOWN
2016-03-15T00:53:34.000000;2016-03-15T00:53:34.000000;462b0421-1d76-493b-9585-b6f14964c220;414.59;12.7493;UNKNOWN
2016-03-15T00:53:34.000000;2016-03-15T00:53:34.000000;1e557056-7d77-4954-86b8-90ae09ed90a8;415.14;0.1350127;UNKNOWN
2016-03-15T00:53:34.000000;2016-03-15T00:53:34.000000;1d6a9efa-7e65-4745-bf2b-2af8207990ce;414.56;12.0;UNKNOWN
2016-03-15T00:53:34.000000;2016-03-15T00:53:34.000000;6f90ff69-9d90-4de3-b382-44e5eb0614fb;415.14;0.4;UNKNOWN
2016-03-15T00:53:34.000000;2016-03-15T00:53:34.000000;53b26c47-469d-4884-ae22-c41fe2330361;414.56;3.0;UNKNOWN
2016-03-15T00:53:34.000000;2016-03-15T00:53:34.000000;c7757d28-b955-421a-9375-d620443db00e;414.47;4.61948829;UNKNOWN
2016-03-15T00:53:34.000000;2016-03-15T00:53:34.000000;cdbc8fca-30c5-4cf8-889a-06c82b16934e;414.56;9.5;UNKNOWN
2016-03-15T00:53:43.000000;2016-03-15T00:53:43.000000;bb718f04-f8d2-427a-a060-ce56235e5d45;414.48;0.01996;UNKNOWN
2016-03-15T00:53:43.000000;2016-03-15T00:53:43.000000;1d4748db-3209-4336-95c3-a65568948e32;414.48;1.09521575;UNKNOWN
2016-03-15T00:53:43.000000;2016-03-15T00:53:43.000000;ba6925da-a44d-4cfc-af10-ca62993c35d5;414.48;0.03453773;UNKNOWN
2016-03-15T00:53:43.000000;2016-03-15T00:53:43.000000;b5245afe-183f-4210-982a-376bd394ad27;414.48;4.85078652;UNKNOWN
2016-03-15T00:53:43.000000;2016-03-15T00:53:43.000000;78f533c4-bd1f-4d2b-92fb-e88ce5b08d1c;414.22;8.9881054;UNKNOWN
2016-03-15T00:53:43.000000;2016-03-15T00:53:43.000000;6e07b354-fa04-4679-ab0b-0a544e687650;414.49;0.0133379;UNKNOWN
2016-03-15T00:53:43.000000;2016-03-15T00:53:43.000000;c327c30e-8a3e-4509-ac63-d8a03069e5ff;414.22;3.8;UNKNOWN
2016-03-15T00:53:49.000000;2016-03-15T00:53:49.000000;b4e2b8f6-2992-47c1-b367-e087d25a4145;414.17;0.04678746;UNKNOWN
2016-03-15T00:53:49.000000;2016-03-15T00:53:49.000000;b5562a7f-7348-4674-88b0-639a0f6edad8;414.2;0.0381;UNKNOWN
2016-03-15T00:53:52.000000;2016-03-15T00:53:52.000000;2c4576f7-79b4-43c5-a2b7-a411ec187870;414.85;0.109;UNKNOWN
2016-03-15T00:53:59.000000;2016-03-15T00:53:59.000000;90831b7c-ac51-46db-9032-74d7e8a047a7;414.81;0.3;UNKNOWN
2016-03-15T00:54:04.000000;2016-03-15T00:54:04.000000;dfa58771-e586-40d6-98cb-46c7d4dfceae;414.81;0.2;UNKNOWN
2016-03-15T00:54:22.000000;2016-03-15T00:54:22.000000;cb5dc7e9-c78b-429d-a5c2-cb1610497d12;414.81;0.02842668;UNKNOWN
2016-03-15T00:54:43.000000;2016-03-15T00:54:43.000000;cc0768c1-daea-4695-b1c6-8035581f73d0;414.94;0.01679;UNKNOWN
2016-03-15T00:55:29.000000;2016-03-15T00:55:29.000000;a93b7ad0-ade2-44bd-9a51-aeb5807a589d;415.05;0.6;UNKNOWN
2016-03-15T00:56:07.000000;2016-03-15T00:56:07.000000;09a9e82e-52ac-4f85-971e-8ea3cceb55a7;415.21;0.45658961;UNKNOWN
2016-03-15T00:56:07.000000;2016-03-15T00:56:07.000000;40728531-34cd-479b-b73a-c20b12c5b879;415.2;0.04341039;UNKNOWN
2016-03-15T00:56:18.000000;2016-03-15T00:56:18.000000;4c417be0-27e4-44ff-a9e4-5ebf99526115;415.45;0.02295716;UNKNOWN
2016-03-15T00:56:25.000000;2016-03-15T00:56:25.000000;d306c07c-7ace-469b-b726-73b0cf68876c;415.45;0.02334448;UNKNOWN
2016-03-15T00:57:06.000000;2016-03-15T00:57:06.000000;10250cc4-ff87-485b-a019-9594a102ace6;415.53;0.1;UNKNOWN
2016-03-15T01:00:27.000000;2016-03-15T01:00:27.000000;4675e635-c61b-4620-bb6c-4b818afed310;415.53;0.416641;UNKNOWN
2016-03-15T01:00:43.000000;2016-03-15T01:00:43.000000;50dac90e-733a-4c1d-9d8f-3d7420265fa4;415.54;0.02360367;UNKNOWN
2016-03-15T01:00:46.000000;2016-03-15T01:00:46.000000;7586cec2-292c-4033-92a4-29a2b292dd69;415.54;0.03717936;UNKNOWN
2016-03-15T01:00:47.000000;2016-03-15T01:00:47.000000;3ecc374e-8867-42ca-ae0c-fbf330924bb6;415.79;0.02360367;UNKNOWN
2016-03-15T01:00:48.000000;2016-03-15T01:00:48.000000;891c6c6a-4878-4ea8-bac6-41bfe0c870a5;415.79;0.02360367;UNKNOWN
2016-03-15T01:00:51.000000;2016-03-15T01:00:51.000000;ec4a77e3-52fc-40a0-bb92-6fac78fe46da;415.79;0.01586047;UNKNOWN
2016-03-15T01:00:57.000000;2016-03-15T01:00:57.000000;a7a6d750-c3d1-4d43-a9a3-6d0229e2ec3f;415.79;0.07516228;UNKNOWN
2016-03-15T01:01:01.000000;2016-03-15T01:01:01.000000;484b7602-8223-4918-b201-686403daf83c;415.79;0.04676991;UNKNOWN
2016-03-15T01:01:07.000000;2016-03-15T01:01:07.000000;c24e2d80-1693-4163-b52c-9efa85107d23;415.58;0.02343589;UNKNOWN
2016-03-15T01:01:07.000000;2016-03-15T01:01:07.000000;647f6d1e-aac9-496e-a3ba-90b1e78914f9;415.58;0.01685079;UNKNOWN
2016-03-15T01:01:08.000000;2016-03-15T01:01:08.000000;7c8faa3f-7772-4e58-969f-b504871093c1;415.58;0.11932916;UNKNOWN
2016-03-15T01:01:08.000000;2016-03-15T01:01:08.000000;761dd6ac-59a5-45be-9f7e-f5895db546e1;415.58;0.02340082;UNKNOWN
2016-03-15T01:01:09.000000;2016-03-15T01:01:09.000000;98230462-da88-42c2-8d09-b16068543a0f;415.58;0.02343589;UNKNOWN
2016-03-15T01:01:12.000000;2016-03-15T01:01:12.000000;724bf41b-e892-4353-96af-c0a1d14b66a6;415.58;0.18864677;UNKNOWN
2016-03-15T01:01:15.000000;2016-03-15T01:01:15.000000;3cbdedd5-abc7-4869-8340-e5727284fc6d;415.58;0.08522569;UNKNOWN
2016-03-15T01:01:36.000000;2016-03-15T01:01:36.000000;ea70f8ce-d81b-41f8-bcc0-1ce0df0f9958;415.78;0.055155;UNKNOWN
2016-03-15T01:01:37.000000;2016-03-15T01:01:37.000000;d432c279-5abc-4ad6-95c9-fc227d713271;415.78;0.01585502;UNKNOWN
2016-03-15T01:01:37.000000;2016-03-15T01:01:37.000000;6f642961-f764-4d55-b00f-caf99bd5a887;415.78;0.0158609;UNKNOWN
2016-03-15T01:02:01.000000;2016-03-15T01:02:01.000000;67367846-44a1-4e22-8d13-47441abe7c25;415.78;0.117707;UNKNOWN
2016-03-15T01:02:08.000000;2016-03-15T01:02:08.000000;6bc73241-b2eb-4c59-bbe8-990d5df15241;415.61;0.27479192;UNKNOWN
2016-03-15T01:02:08.000000;2016-03-15T01:02:08.000000;0b518dc3-76b5-4894-8ba7-c7aa7e04cfaf;415.78;0.09542208;UNKNOWN
2016-03-15T01:05:24.000000;2016-03-15T01:05:24.000000;7106a58c-62b4-4503-902f-230f31fc8733;415.78;0.098371;UNKNOWN
2016-03-15T01:06:10.000000;2016-03-15T01:06:10.000000;e3e5d9d9-de93-4bc3-be0f-cb40403b5386;415.78;0.113678;UNKNOWN
2016-03-15T01:06:12.000000;2016-03-15T01:06:12.000000;3170b096-640a-41c9-9df5-b324f61247fc;415.78;0.04346165;UNKNOWN
2016-03-15T01:06:23.000000;2016-03-15T01:06:23.000000;d3c19295-9f50-487d-bdd7-e4ed5261987c;416.3;12.8174;UNKNOWN
2016-03-15T01:06:23.000000;2016-03-15T01:06:23.000000;66f172d8-bb6c-4f49-a61e-d43c8fda5472;416.59;4.64662423;UNKNOWN
2016-03-15T01:06:23.000000;2016-03-15T01:06:23.000000;a584c5b9-402a-4d56-a27e-f3c532ea0139;416.8;1.23422746;UNKNOWN
2016-03-15T01:06:23.000000;2016-03-15T01:06:23.000000;b4748197-17d7-475f-b7b1-6c64a8e5e4c6;416.5;4.6466782;UNKNOWN
2016-03-15T01:06:23.000000;2016-03-15T01:06:23.000000;c94c75c5-ae02-4669-ad77-5918cc8c18a1;416.25;4.64738004;UNKNOWN
2016-03-15T01:06:23.000000;2016-03-15T01:06:23.000000;a034b4e5-29fd-46cf-a1e2-596901cc988e;416.5;0.5;UNKNOWN
2016-03-15T01:06:23.000000;2016-03-15T01:06:23.000000;fbd4483c-9cc5-4d0f-bb96-652a48f7efea;416.2;3.255534;UNKNOWN
2016-03-15T01:06:23.000000;2016-03-15T01:06:23.000000;056e8cc8-8fa8-4e2f-8c4a-e0854bb75f40;416.73;9.603;UNKNOWN
2016-03-15T01:06:23.000000;2016-03-15T01:06:23.000000;5740660f-4eb0-4f02-92d7-145a42337b2f;416.15;9.753;UNKNOWN
2016-03-15T01:06:23.000000;2016-03-15T01:06:23.000000;ba82f20e-3270-438b-b433-ba94f1454b65;417.1;59.61505878;UNKNOWN
2016-03-15T01:06:23.000000;2016-03-15T01:06:23.000000;e0e3751f-8c20-4f67-bc86-f2cc7855c0c5;417.0;2.98;UNKNOWN
2016-03-15T01:06:23.000000;2016-03-15T01:06:23.000000;acf5ef25-1d61-43e5-9f3f-0cbdf878fcb0;416.99;9.5;UNKNOWN
2016-03-15T01:06:23.000000;2016-03-15T01:06:23.000000;33625648-a6e0-496c-94d1-0507ad5baaf9;416.97;1.0;UNKNOWN
2016-03-15T01:06:23.000000;2016-03-15T01:06:23.000000;bd381deb-86bd-484e-a4f7-3c18bcf93cac;416.82;50.0;UNKNOWN
2016-03-15T01:06:23.000000;2016-03-15T01:06:23.000000;a669c1e7-f64f-4207-ac7a-42f6b6c95d27;416.3;0.0148102;UNKNOWN
2016-03-15T01:06:23.000000;2016-03-15T01:06:23.000000;3ee85493-659a-4c78-bcd0-f588a753e8ae;416.49;1.0;UNKNOWN
2016-03-15T01:06:23.000000;2016-03-15T01:06:23.000000;2058cc19-810d-4dda-a474-e16a152e23ff;416.68;4.6466782;UNKNOWN
2016-03-15T01:06:23.000000;2016-03-15T01:06:23.000000;b485814e-e86b-4ef4-bb27-91eeb06b62e8;416.62;40.79311983;UNKNOWN
2016-03-15T01:06:23.000000;2016-03-15T01:06:23.000000;353ceeb6-f39f-4df3-843b-09097e3d4fac;416.57;12.347;UNKNOWN
2016-03-15T01:06:23.000000;2016-03-15T01:06:23.000000;ac3414ae-90e6-4f36-9d0f-168e30398bfc;416.28;18.0;UNKNOWN
2016-03-15T01:06:23.000000;2016-03-15T01:06:23.000000;d59d6243-a2df-4dcd-a79c-8b90b56353d0;416.1;3.0;UNKNOWN
2016-03-15T01:06:23.000000;2016-03-15T01:06:23.000000;6a6e99bc-1a66-44c0-a113-c89021d97646;416.55;0.25;UNKNOWN
2016-03-15T01:06:23.000000;2016-03-15T01:06:23.000000;c56ae634-233d-4218-8dff-4265f28b5e15;416.85;12.9764;UNKNOWN
2016-03-15T01:06:23.000000;2016-03-15T01:06:23.000000;57059bf0-e2a1-42af-85eb-5025df943f6c;416.76;4.6466782;UNKNOWN
2016-03-15T01:06:23.000000;2016-03-15T01:06:23.000000;2180bcdd-faf3-4235-ae6a-4b6a1df5e59a;416.09;4.64738004;UNKNOWN
2016-03-15T01:06:23.000000;2016-03-15T01:06:23.000000;7451f2b5-bcfe-456e-a264-7261b81810f0;416.42;4.64673218;UNKNOWN
2016-03-15T01:06:23.000000;2016-03-15T01:06:23.000000;01819415-b4d4-4f8a-b438-e6ec8aa99aec;416.33;4.64673218;UNKNOWN
2016-03-15T01:06:23.000000;2016-03-15T01:06:23.000000;957e762c-190d-401f-993d-2fb707332fc9;416.46;12.3042;UNKNOWN
2016-03-15T01:06:23.000000;2016-03-15T01:06:23.000000;11ed2a0a-4889-4591-badb-a332eb7bd8b1;415.89;1.63;UNKNOWN
2016-03-15T01:06:23.000000;2016-03-15T01:06:23.000000;8c5c7d95-42ab-46e1-bd60-c22a87e30047;417.0;20.0;UNKNOWN
2016-03-15T01:06:23.000000;2016-03-15T01:06:23.000000;dbfa3d99-1ddc-40e1-817c-38bfa136aca5;416.16;13.0058;UNKNOWN
2016-03-15T01:06:23.000000;2016-03-15T01:06:23.000000;35e3df4a-518b-478d-b7fb-0fb3223f6d1b;415.89;6.0;UNKNOWN
2016-03-15T01:06:23.000000;2016-03-15T01:06:23.000000;e00f4fda-0be5-449c-8b95-a7487b60af08;415.87;0.5;UNKNOWN
2016-03-15T01:06:23.000000;2016-03-15T01:06:23.000000;32eef87f-2750-4a81-8b6e-4b10b3511699;417.0;12.1793;UNKNOWN
2016-03-15T01:06:23.000000;2016-03-15T01:06:23.000000;5a8431e7-6bc8-4f3e-8c82-40f5027e19bc;415.88;3.0;UNKNOWN
2016-03-15T01:06:23.000000;2016-03-15T01:06:23.000000;5fd932e0-3d79-4126-935a-7c0dd3044dab;416.0;4.64738004;UNKNOWN
2016-03-15T01:06:23.000000;2016-03-15T01:06:23.000000;221ccd7d-7d7c-4d65-9d84-88c6cff308e4;415.79;0.07516228;UNKNOWN
2016-03-15T01:06:23.000000;2016-03-15T01:06:23.000000;9263f819-c1a6-41ab-b354-0db61042dbf6;415.91;4.64738004;UNKNOWN
2016-03-15T01:06:23.000000;2016-03-15T01:06:23.000000;374dd289-a25a-43e2-900a-38ee243af6dc;417.0;0.016016;UNKNOWN
2016-03-15T01:06:23.000000;2016-03-15T01:06:23.000000;a69164eb-75a9-4f6e-95c1-2f555c4e2107;416.74;11.9769;UNKNOWN
2016-03-15T01:06:23.000000;2016-03-15T01:06:23.000000;3f823ee2-5bfc-4543-8cc8-cad264fa5662;417.0;13.2637;UNKNOWN
2016-03-15T01:06:23.000000;2016-03-15T01:06:23.000000;d57d1509-0d02-432b-b7e4-42782e5af155;415.8;0.0385;UNKNOWN
2016-03-15T01:06:23.000000;2016-03-15T01:06:23.000000;88967bd1-55f4-4675-8c2b-a2ab1ae8f973;416.07;10.948;UNKNOWN
2016-03-15T01:06:42.000000;2016-03-15T01:06:42.000000;964c1422-ff57-43a6-b014-db643ace25ec;416.23;1.25581747;UNKNOWN
2016-03-15T01:06:58.000000;2016-03-15T01:06:58.000000;2029a8c7-dfc2-4e84-949f-f4c303dd18ec;416.12;2.06;UNKNOWN
2016-03-15T01:07:07.000000;2016-03-15T01:07:07.000000;6561fb25-aa70-4b1a-acf8-eb24d5d20562;416.16;0.1685268;UNKNOWN
2016-03-15T01:07:31.000000;2016-03-15T01:07:31.000000;f4f356c4-25be-4eef-ac90-3484af14e987;416.25;0.11;UNKNOWN
2016-03-15T01:08:11.000000;2016-03-15T01:08:11.000000;9d483cee-bf21-42a2-a057-ce62d5eee379;416.3;0.15889669;UNKNOWN
2016-03-15T01:08:12.000000;2016-03-15T01:08:12.000000;9b606546-0768-4708-9e13-079d60d35a3c;416.08;2.24949634;UNKNOWN
2016-03-15T01:08:12.000000;2016-03-15T01:08:12.000000;7c5b3564-39d7-4646-9e06-8a86b902492c;416.14;0.04328786;UNKNOWN
2016-03-15T01:08:12.000000;2016-03-15T01:08:12.000000;14dfa58a-d2e2-4c8a-a627-85baf19583fb;416.3;0.09110331;UNKNOWN
2016-03-15T01:08:27.000000;2016-03-15T01:08:27.000000;780e6979-e7a6-431f-8be0-fbcaee952a90;416.5;0.69;UNKNOWN
2016-03-15T01:08:27.000000;2016-03-15T01:08:27.000000;d1d7e2e4-cc09-4362-ae64-f51ebbb79c55;416.71;6.0;UNKNOWN
2016-03-15T01:08:27.000000;2016-03-15T01:08:27.000000;98e33d1e-2084-4b66-858b-51ab973d46ae;416.76;0.554;UNKNOWN
2016-03-15T01:08:27.000000;2016-03-15T01:08:27.000000;fcca20ad-c233-4e6a-bc49-b2747a2956d1;416.75;8.064;UNKNOWN
2016-03-15T01:08:27.000000;2016-03-15T01:08:27.000000;9e10c4c9-14ac-4bf9-85d0-21c0c9509b61;416.68;3.0;UNKNOWN
2016-03-15T01:08:27.000000;2016-03-15T01:08:27.000000;466284b0-f1d8-4e0a-8888-22872d29fcd8;416.66;0.04325596;UNKNOWN
2016-03-15T01:08:27.000000;2016-03-15T01:08:27.000000;6bc42346-ed0e-4404-8fab-c0aa6e47978c;416.49;12.2831;UNKNOWN
2016-03-15T01:08:27.000000;2016-03-15T01:08:27.000000;3ed5cca8-13d5-45ee-b3bb-a8352bd8ebf9;416.52;0.64;UNKNOWN
2016-03-15T01:08:27.000000;2016-03-15T01:08:27.000000;7c97da11-c239-406f-a067-50bc80fa76ce;416.76;7.296;UNKNOWN
2016-03-15T01:08:27.000000;2016-03-15T01:08:27.000000;a534bb15-dcc5-4389-a742-b56e8d1910db;416.85;12.0;UNKNOWN
2016-03-15T01:08:27.000000;2016-03-15T01:08:27.000000;db065e4a-f4ca-4d4b-aec5-3b5e2fd005b1;416.86;10.64964404;UNKNOWN
2016-03-15T01:08:42.000000;2016-03-15T01:08:42.000000;62875e4e-3bab-40a3-b194-947a59fb82a0;417.0;11.7378;UNKNOWN
2016-03-15T01:08:42.000000;2016-03-15T01:08:42.000000;9713f318-6700-44a6-90e3-7c7d281e089b;417.01;6.9322;UNKNOWN
2016-03-15T01:08:42.000000;2016-03-15T01:08:42.000000;3f74a560-dbf9-4a4a-b6a3-94cd8d61efa3;416.99;0.63;UNKNOWN
2016-03-15T01:08:42.000000;2016-03-15T01:08:42.000000;0be91f7a-99df-4a0f-addd-c2559c6a4953;417.01;0.7;UNKNOWN
2016-03-15T01:08:49.000000;2016-03-15T01:08:49.000000;34b37eb3-8706-49c8-8f0f-af966b5e2d62;417.0;0.18;UNKNOWN
2016-03-15T01:08:49.000000;2016-03-15T01:08:49.000000;60a0b105-2a3a-4407-8804-4ed6d0bd9fb3;417.01;9.2827;UNKNOWN
2016-03-15T01:08:49.000000;2016-03-15T01:08:49.000000;4c640c6e-a9b1-4306-ac5a-fd6372cd3a17;417.02;3.0166;UNKNOWN
2016-03-15T01:09:00.000000;2016-03-15T01:09:00.000000;87c2ad0f-cbee-4142-a6e4-7241f270a9a1;417.05;0.1;UNKNOWN
2016-03-15T01:09:00.000000;2016-03-15T01:09:00.000000;9bf28169-4f96-4837-adf2-aa7aa2e25eae;417.29;4.608;UNKNOWN
2016-03-15T01:09:00.000000;2016-03-15T01:09:00.000000;169ebc77-c4c2-4601-8450-c4c0eb273a69;417.29;0.01;UNKNOWN
2016-03-15T01:09:00.000000;2016-03-15T01:09:00.000000;a5b15a36-cbb1-456e-b994-cf80d976a68d;416.98;0.67;UNKNOWN
2016-03-15T01:09:00.000000;2016-03-15T01:09:00.000000;68494298-3efa-4359-b778-9666ac78f3e8;417.1;40.38494122;UNKNOWN
2016-03-15T01:09:00.000000;2016-03-15T01:09:00.000000;9d79f6ec-fdbc-486e-9816-d31d17d26a7c;417.04;4.377;UNKNOWN
2016-03-15T01:09:00.000000;2016-03-15T01:09:00.000000;8eaef1c5-c3ad-40cc-b5a0-7daea74cf96f;417.3;6.85685878;UNKNOWN
2016-03-15T01:09:00.000000;2016-03-15T01:09:00.000000;8fbc84bb-81b4-4035-a8e9-4fed531adb60;417.01;14.8783;UNKNOWN
2016-03-15T01:09:00.000000;2016-03-15T01:09:00.000000;6b651252-80b7-4dd9-aee3-55426bbaba9d;417.03;4.838;UNKNOWN
2016-03-15T01:09:00.000000;2016-03-15T01:09:00.000000;c5fa2feb-67c4-4f57-a913-c5027cfe8d84;417.15;13.3501;UNKNOWN
2016-03-15T01:09:00.000000;2016-03-15T01:09:00.000000;583023bb-f763-45d9-8deb-8cb4b239a98c;417.02;9.5938;UNKNOWN
2016-03-15T01:09:00.000000;2016-03-15T01:09:00.000000;958393c9-17bf-40d3-8044-f6cb5197407a;417.04;0.333;UNKNOWN
2016-03-15T01:09:06.000000;2016-03-15T01:09:06.000000;367dc02d-213b-440a-83e3-bfed8d04c924;417.03;0.1;UNKNOWN
2016-03-15T01:09:12.000000;2016-03-15T01:09:12.000000;632b64c7-0148-4ad0-8d94-8fd6c1bcae92;416.46;0.0924;UNKNOWN
2016-03-15T01:09:19.000000;2016-03-15T01:09:19.000000;010b0bd6-b675-43c3-80ae-33d6d55fc9df;416.49;0.924;UNKNOWN
2016-03-15T01:11:15.000000;2016-03-15T01:11:15.000000;6cbca8e3-63f8-4990-a9dd-b459bc7b313a;416.63;13.4061;UNKNOWN
2016-03-15T01:11:15.000000;2016-03-15T01:11:15.000000;b14104e9-8fab-4fe5-93e9-8648a96b07eb;416.75;16.3969;UNKNOWN
2016-03-15T01:11:15.000000;2016-03-15T01:11:15.000000;f32a87e1-59c5-436d-8756-28946951a8f3;416.95;6.32;UNKNOWN
2016-03-15T01:11:15.000000;2016-03-15T01:11:15.000000;217d45c9-b6dd-4d42-a502-a0b746d59cd0;416.8;12.0;UNKNOWN
2016-03-15T01:11:15.000000;2016-03-15T01:11:15.000000;917460aa-fa43-4710-bdc0-335707a9ce8f;416.81;13.3742;UNKNOWN
2016-03-15T01:11:15.000000;2016-03-15T01:11:15.000000;1415593f-ba87-4b35-840a-3c18030d36c5;416.96;13.8564;UNKNOWN
2016-03-15T01:11:15.000000;2016-03-15T01:11:15.000000;c090805a-192e-4cb0-8cc9-ac88d6eb78f0;416.75;6.2;UNKNOWN
2016-03-15T01:11:15.000000;2016-03-15T01:11:15.000000;2ded2248-1764-4778-8003-fcd23846015a;416.95;0.2;UNKNOWN
2016-03-15T01:12:53.000000;2016-03-15T01:12:53.000000;9a31e82d-a928-4a72-8e3e-e490aa332669;417.0;0.924;UNKNOWN
2016-03-15T01:13:23.000000;2016-03-15T01:13:23.000000;29ebcc87-7bee-45f1-bf04-f7298ec1e450;417.0;8.37;UNKNOWN
2016-03-15T01:13:51.000000;2016-03-15T01:13:51.000000;c3483e1a-9993-4391-8b05-54ed7acaf26c;417.0;0.12;UNKNOWN
2016-03-15T01:14:08.000000;2016-03-15T01:14:08.000000;9a9173d0-f2bd-43f8-a2ef-df5489b39c5d;417.0;5.36;UNKNOWN
2016-03-15T01:14:11.000000;2016-03-15T01:14:11.000000;90cae3a7-a981-4151-9342-cb3a85867838;417.0;0.071;UNKNOWN
2016-03-15T01:14:11.000000;2016-03-15T01:14:11.000000;7d47503d-cdd3-4c3a-9207-27ab2f820c88;417.0;0.0596;UNKNOWN
2016-03-15T01:14:36.000000;2016-03-15T01:14:36.000000;e2b22f32-3cb6-4b20-9dd3-fb531c08b6e7;417.0;3.3418;UNKNOWN
2016-03-15T01:15:58.000000;2016-03-15T01:15:58.000000;fd13978b-df9a-4a99-8985-fc85c62990d6;416.39;0.0068226;UNKNOWN
2016-03-15T01:15:58.000000;2016-03-15T01:15:58.000000;060cf2c3-0a23-452c-8770-fe572d4f214d;416.39;0.0431774;UNKNOWN
2016-03-15T01:16:05.000000;2016-03-15T01:16:05.000000;fec16557-f69d-486e-97b2-37a191cd3cbc;416.39;0.00318682;UNKNOWN
2016-03-15T01:16:38.000000;2016-03-15T01:16:38.000000;19b6fa18-243f-4870-9030-483c20e5a4f9;416.33;0.01484719;UNKNOWN
2016-03-15T01:16:39.000000;2016-03-15T01:16:39.000000;475848de-9e31-4162-8a0e-39139832230f;416.33;0.08515281;UNKNOWN
2016-03-15T01:16:46.000000;2016-03-15T01:16:46.000000;d7cd6871-a4e1-492d-a85d-c96eff895a9e;416.56;0.01067023;UNKNOWN
2016-03-15T01:18:23.000000;2016-03-15T01:18:23.000000;4dd431a7-d4e4-49e7-9fac-9350e69a729a;416.53;0.2732;UNKNOWN
2016-03-15T01:18:23.000000;2016-03-15T01:18:23.000000;e649abe4-410d-464f-a646-37668b385a5a;416.52;0.0368;UNKNOWN
2016-03-15T01:18:42.000000;2016-03-15T01:18:42.000000;077ceb84-4522-42bc-acad-5879570e2e39;415.96;0.41060912;UNKNOWN
2016-03-15T01:18:42.000000;2016-03-15T01:18:42.000000;7dae82da-b145-49a6-a5db-ac6204c34e70;416.26;0.01269088;UNKNOWN
2016-03-15T01:19:16.000000;2016-03-15T01:19:16.000000;156a86e0-9375-4100-8a95-61210ac9d507;415.81;0.278072;UNKNOWN
2016-03-15T01:20:27.000000;2016-03-15T01:20:27.000000;700d75e9-7c12-4bfd-8339-01a8b209635d;415.79;0.45670486;UNKNOWN
2016-03-15T01:20:52.000000;2016-03-15T01:20:52.000000;0d8cd718-94a2-40bc-a024-4c751bb4c458;415.83;0.231939;UNKNOWN
2016-03-15T01:20:56.000000;2016-03-15T01:20:56.000000;f7846e24-168d-4eed-93b7-f1e8586a47b8;415.79;0.201418;UNKNOWN
2016-03-15T01:21:00.000000;2016-03-15T01:21:00.000000;1ab16d00-ce80-49a2-84f4-7dacd41db350;415.81;0.173832;UNKNOWN
2016-03-15T01:21:02.000000;2016-03-15T01:21:02.000000;c2f91363-c2cc-4269-9daa-94304f629a3f;415.84;0.0368;UNKNOWN
2016-03-15T01:21:02.000000;2016-03-15T01:21:02.000000;c1861f48-efb0-4b60-a307-1e8b4fce8e7a;416.13;0.58789966;UNKNOWN
2016-03-15T01:23:06.000000;2016-03-15T01:23:06.000000;87621dc1-426e-44bb-a86e-7138c77cd63b;416.47;0.02526;UNKNOWN
2016-03-15T01:24:49.000000;2016-03-15T01:24:49.000000;904f8417-9f62-48c5-a336-f0ade849fd00;416.24;1.0;UNKNOWN
2016-03-15T01:25:23.000000;2016-03-15T01:25:23.000000;072c9905-57d6-4e67-a7c0-bfd07737a000;417.0;21.6582;UNKNOWN
2016-03-15T01:25:23.000000;2016-03-15T01:25:23.000000;ecdf0213-635c-4942-bb5a-b3d7c674851d;416.95;6.14;UNKNOWN
2016-03-15T01:25:23.000000;2016-03-15T01:25:23.000000;a4b3c87b-7d4f-47ab-8edd-dc07f59826b8;416.99;9.88;UNKNOWN
2016-03-15T01:25:23.000000;2016-03-15T01:25:23.000000;0e2ca1d5-963f-459b-b747-5ceb7510bb28;416.93;4.64559887;UNKNOWN
2016-03-15T01:25:23.000000;2016-03-15T01:25:23.000000;67e0feca-569f-4cb8-9f09-d37228c65fcd;416.96;13.4737;UNKNOWN
2016-03-15T01:25:23.000000;2016-03-15T01:25:23.000000;cd906155-cbbf-4871-8356-f227565112b3;416.78;10.0;UNKNOWN
2016-03-15T01:25:23.000000;2016-03-15T01:25:23.000000;34e0e751-9753-4839-a27a-e1671c5f8526;416.53;12.019;UNKNOWN
2016-03-15T01:25:23.000000;2016-03-15T01:25:23.000000;44929c55-7fd2-4371-a737-206c2f06031a;416.82;13.0625;UNKNOWN
2016-03-15T01:25:23.000000;2016-03-15T01:25:23.000000;7d99961a-8bae-4d29-8843-59dbe741801b;416.38;0.63;UNKNOWN
2016-03-15T01:25:23.000000;2016-03-15T01:25:23.000000;6692aba2-e8c1-437c-a68b-c97aad769749;417.0;13.6;UNKNOWN
2016-03-15T01:25:23.000000;2016-03-15T01:25:23.000000;801f0123-0edb-4ea6-978a-52ff8e248c8f;416.76;12.7224;UNKNOWN
2016-03-15T01:25:23.000000;2016-03-15T01:25:23.000000;731b186a-9a7a-4271-8796-80e747f9487a;416.9;0.25;UNKNOWN
2016-03-15T01:25:23.000000;2016-03-15T01:25:23.000000;9198b5d0-8775-46c7-87cb-b3b4ef25566c;416.9;0.25;UNKNOWN
2016-03-15T01:25:23.000000;2016-03-15T01:25:23.000000;99b3faa4-aee6-4baa-ba2c-d7b800d4d44d;416.39;12.5712;UNKNOWN
2016-03-15T01:25:23.000000;2016-03-15T01:25:23.000000;392209a3-b475-4eca-810f-3d3cf1748ded;416.67;13.506;UNKNOWN
2016-03-15T01:25:23.000000;2016-03-15T01:25:23.000000;8f79d6a3-fbc5-43a7-9739-25b034df79fc;416.38;0.066446;UNKNOWN
2016-03-15T01:25:26.000000;2016-03-15T01:25:26.000000;aae8a085-d0ce-4e8a-90a2-6aa5ebc4d45d;417.0;0.03246399;UNKNOWN
2016-03-15T01:25:27.000000;2016-03-15T01:25:27.000000;f1553b10-f1c7-4196-bf30-ca82cae68225;417.0;0.028287;UNKNOWN
2016-03-15T01:25:27.000000;2016-03-15T01:25:27.000000;4b6ec0ba-f9d7-4a49-b210-87526fea53b1;417.0;0.76;UNKNOWN
2016-03-15T01:25:29.000000;2016-03-15T01:25:29.000000;d7030c18-b70b-45a8-9c38-70d94201d2fb;417.0;0.62;UNKNOWN
2016-03-15T01:25:30.000000;2016-03-15T01:25:30.000000;56c74325-078b-4128-866b-2792145a0d97;417.0;0.017842;UNKNOWN
2016-03-15T01:25:31.000000;2016-03-15T01:25:31.000000;2bb64be7-485d-407c-b3e6-f399884a6355;417.0;0.31;UNKNOWN
2016-03-15T01:25:39.000000;2016-03-15T01:25:39.000000;9c801696-47ea-4c21-baba-bcb6f3253bc6;417.0;0.18;UNKNOWN
2016-03-15T01:25:41.000000;2016-03-15T01:25:41.000000;745ffc57-af3c-41ae-925f-178d1e2626f3;417.0;0.63;UNKNOWN
2016-03-15T01:25:50.000000;2016-03-15T01:25:50.000000;b9f65863-4ecc-4fac-8aa0-b757912bc3ba;417.0;0.08;UNKNOWN
2016-03-15T01:25:53.000000;2016-03-15T01:25:53.000000;2103e404-f119-4c4d-9199-f686ea46eea7;417.0;0.18;UNKNOWN
2016-03-15T01:25:57.000000;2016-03-15T01:25:57.000000;4a226927-9406-4322-8290-0358e29ce5ea;417.0;0.09;UNKNOWN
2016-03-15T01:25:59.000000;2016-03-15T01:25:59.000000;4b462491-831e-4199-8ef1-bddad004202c;417.0;0.026449;UNKNOWN
2016-03-15T01:26:00.000000;2016-03-15T01:26:00.000000;cfe993ec-b524-490e-847f-fa7f5d00b236;417.0;0.76;UNKNOWN
2016-03-15T01:26:18.000000;2016-03-15T01:26:18.000000;1c090ac3-781d-41e0-a627-c791e9cc2b4c;417.0;0.24;UNKNOWN
2016-03-15T01:26:19.000000;2016-03-15T01:26:19.000000;ece211cc-2170-4d6c-99a7-04a8966e4ea2;417.0;0.07;UNKNOWN
2016-03-15T01:26:19.000000;2016-03-15T01:26:19.000000;7ea657bf-010d-47a4-b84a-cbe2a8919080;417.0;0.016021;UNKNOWN
2016-03-15T01:26:24.000000;2016-03-15T01:26:24.000000;43a60396-108b-4be7-9ad2-b3a85ec23627;417.0;0.1;UNKNOWN
2016-03-15T01:26:26.000000;2016-03-15T01:26:26.000000;5164276b-ad52-48fd-b203-f51d6ff031a0;417.0;0.02848;UNKNOWN
2016-03-15T01:26:27.000000;2016-03-15T01:26:27.000000;098363e7-eea6-49a0-b433-7b123ffee686;417.0;0.15;UNKNOWN
2016-03-15T01:26:29.000000;2016-03-15T01:26:29.000000;06dcd34c-5978-4721-b178-175adb5c4443;417.0;0.06;UNKNOWN
2016-03-15T01:26:30.000000;2016-03-15T01:26:30.000000;5a8b2c73-8590-4bd9-9b4b-e3cd44b57c68;417.0;0.026243;UNKNOWN
2016-03-15T01:26:32.000000;2016-03-15T01:26:32.000000;59aa2d9d-68ec-4baf-8ccc-cbd2e2ee3a5f;417.0;0.08;UNKNOWN
2016-03-15T01:26:34.000000;2016-03-15T01:26:34.000000;d231e8d7-1d61-41d3-9c47-bfed915c8551;417.0;0.15;UNKNOWN
2016-03-15T01:26:37.000000;2016-03-15T01:26:37.000000;c5096fac-23b1-4b08-82be-14ecc91ff968;417.0;0.49;UNKNOWN
2016-03-15T01:26:40.000000;2016-03-15T01:26:40.000000;c647e491-59e8-4f5b-a390-4e5e7fcc1946;417.0;0.11;UNKNOWN
2016-03-15T01:26:46.000000;2016-03-15T01:26:46.000000;bebbbe98-23b3-4817-ba2b-0eb8167f1901;417.0;0.08;UNKNOWN
2016-03-15T01:26:49.000000;2016-03-15T01:26:49.000000;a54f0be4-dab8-4d75-9074-f60d1b51921c;417.0;0.17;UNKNOWN
2016-03-15T01:26:52.000000;2016-03-15T01:26:52.000000;85848f1c-a76b-4041-bd08-f6377a12a314;417.0;0.03916914;UNKNOWN
2016-03-15T01:27:16.000000;2016-03-15T01:27:16.000000;b31a5f06-2850-424f-879f-34d27f7535ea;416.42;0.01002751;UNKNOWN
2016-03-15T01:27:18.000000;2016-03-15T01:27:18.000000;e7d0b087-d8e7-4c62-8656-c16d694a6cdd;416.98;0.21;UNKNOWN
2016-03-15T01:27:18.000000;2016-03-15T01:27:18.000000;940e0688-04cf-4fc1-84a6-967f5d6c9898;416.99;0.14;UNKNOWN
2016-03-15T01:27:26.000000;2016-03-15T01:27:26.000000;9c05f191-a758-4a1c-9791-ae6cae338d8d;416.39;0.0925;UNKNOWN
2016-03-15T01:27:34.000000;2016-03-15T01:27:34.000000;e592ba63-37da-4764-a3ce-7e8e4c21dfcb;416.39;0.833;UNKNOWN
2016-03-15T01:27:37.000000;2016-03-15T01:27:37.000000;ffb34bac-d2f6-4da9-9337-2ef77235129d;416.97;0.08;UNKNOWN
2016-03-15T01:27:37.000000;2016-03-15T01:27:37.000000;d6656768-c32d-4dc0-a0ec-43a60f50f613;416.99;3.90998252;UNKNOWN
2016-03-15T01:27:37.000000;2016-03-15T01:27:37.000000;9da1b238-7d5e-4ddb-9e00-00eafe49a1e2;416.98;0.01001748;UNKNOWN
2016-03-15T01:29:50.000000;2016-03-15T01:29:50.000000;edcdd733-53bb-4d7e-97bd-44c5540ac0f6;416.9;4.65013543;UNKNOWN
2016-03-15T01:29:50.000000;2016-03-15T01:29:50.000000;3afea757-aeea-4f4f-bd16-d1c6855adae6;416.9;0.1;UNKNOWN
2016-03-15T01:29:50.000000;2016-03-15T01:29:50.000000;027f987f-9bae-4322-8b48-76b5663c7cd5;416.9;2.36745828;UNKNOWN
2016-03-15T01:29:50.000000;2016-03-15T01:29:50.000000;35062735-4bda-4433-9617-bd2ef8159b50;416.87;4.65013543;UNKNOWN
2016-03-15T01:29:50.000000;2016-03-15T01:29:50.000000;92ae8635-3535-4cb5-b5ee-77ff69137c31;416.86;11.8679;UNKNOWN
2016-03-15T01:29:50.000000;2016-03-15T01:29:50.000000;0a5f5c8f-bd18-4ba1-b4d5-90894b8ecf8b;416.87;4.65013543;UNKNOWN
2016-03-15T01:29:50.000000;2016-03-15T01:29:50.000000;bb097c73-79d5-4c7b-8c48-d86d006557ae;416.85;0.56;UNKNOWN
2016-03-15T01:29:50.000000;2016-03-15T01:29:50.000000;ff0444a8-68ee-4059-9005-9b9c8bcfffff;416.9;4.65013543;UNKNOWN
2016-03-15T01:29:50.000000;2016-03-15T01:29:50.000000;2b099932-6432-4174-94ce-524a0796831a;416.87;0.17;UNKNOWN
2016-03-15T01:29:50.000000;2016-03-15T01:29:50.000000;e906e6d6-b75a-4f46-9feb-9619fd2d970a;416.86;5.9741;UNKNOWN
2016-03-15T01:29:50.000000;2016-03-15T01:29:50.000000;e61d555e-ab75-476a-b7c3-c1789c867fef;416.89;0.36;UNKNOWN
2016-03-15T01:30:19.000000;2016-03-15T01:30:19.000000;4a845831-259a-4295-8fdf-6bc31f789476;416.83;0.01;UNKNOWN
2016-03-15T01:31:13.000000;2016-03-15T01:31:13.000000;8da6102a-649b-4f43-bc15-cde1f905d100;416.66;0.925;UNKNOWN
2016-03-15T01:31:36.000000;2016-03-15T01:31:36.000000;08698c92-580e-4486-9c81-86140b4bde56;416.48;0.0531709;UNKNOWN
2016-03-15T01:32:11.000000;2016-03-15T01:32:11.000000;78cb3517-2eec-47d3-80bc-5f46628694f0;416.95;0.1;UNKNOWN
2016-03-15T01:32:11.000000;2016-03-15T01:32:11.000000;e190abd1-9c52-404a-a485-f4b333fef035;416.95;5.9386;UNKNOWN
2016-03-15T01:32:11.000000;2016-03-15T01:32:11.000000;ca795770-3897-437e-8f19-03e8cbaef556;417.0;4.0;UNKNOWN
2016-03-15T01:32:11.000000;2016-03-15T01:32:11.000000;aa1dfa12-9a78-4a6e-b637-debc1b074880;416.91;0.1;UNKNOWN
2016-03-15T01:32:11.000000;2016-03-15T01:32:11.000000;62c718f2-407f-4879-b7d7-001762d3faf8;417.0;10.0;UNKNOWN
2016-03-15T01:32:11.000000;2016-03-15T01:32:11.000000;7bf59edf-b5e3-49b7-9803-5394851170fe;416.95;10.4367;UNKNOWN
2016-03-15T01:32:11.000000;2016-03-15T01:32:11.000000;af3727f1-6ade-468d-91ef-49c8febc2214;416.97;13.5859;UNKNOWN
2016-03-15T01:32:11.000000;2016-03-15T01:32:11.000000;26dbbb75-9e82-4c20-9eaf-0c305b63e65c;416.89;0.18;UNKNOWN
2016-03-15T01:32:12.000000;2016-03-15T01:32:12.000000;bfd59abc-9291-4bc4-a769-4e12e58de6ee;417.0;0.08;UNKNOWN
2016-03-15T01:32:13.000000;2016-03-15T01:32:13.000000;81950d22-edc8-4ecc-9aa4-9b19618a5f62;417.0;0.16;UNKNOWN
2016-03-15T01:32:36.000000;2016-03-15T01:32:36.000000;338eafd4-65df-4d03-bcd5-8a09f72b6b0e;417.0;5.0;UNKNOWN
2016-03-15T01:32:42.000000;2016-03-15T01:32:42.000000;220f0d8c-097a-4b76-9bdf-a79741bdd556;416.31;0.41200507;UNKNOWN
2016-03-15T01:32:42.000000;2016-03-15T01:32:42.000000;9dd7e351-ddf0-42db-ac1d-fca40a78ffce;416.4;0.5;UNKNOWN
2016-03-15T01:32:42.000000;2016-03-15T01:32:42.000000;2d68c617-42df-4f34-ba96-788539c1de7c;417.0;0.4188;UNKNOWN
2016-03-15T01:32:42.000000;2016-03-15T01:32:42.000000;8e7ce76f-3b29-4236-873a-59aa374a08ba;416.47;0.0431478;UNKNOWN
2016-03-15T01:33:09.000000;2016-03-15T01:33:09.000000;2f36b555-3e7f-4cff-8fa2-31a5038e3767;416.28;0.11900794;UNKNOWN
2016-03-15T01:33:38.000000;2016-03-15T01:33:38.000000;34f586b7-8a10-414b-855a-0cdf45bae5c5;416.34;2.49793438;UNKNOWN
2016-03-15T01:33:43.000000;2016-03-15T01:33:43.000000;23d79137-01b7-4824-90d0-c561304bae48;416.99;0.4677522;UNKNOWN
2016-03-15T01:33:43.000000;2016-03-15T01:33:43.000000;d51cd104-4b82-45ce-afb8-f04c484d23ae;416.97;0.0431478;UNKNOWN
2016-03-15T01:34:10.000000;2016-03-15T01:34:10.000000;50851479-2099-45bf-83ce-4c7fe44ec447;416.42;0.046878;UNKNOWN
2016-03-15T01:34:28.000000;2016-03-15T01:34:28.000000;01615ddb-9452-4c2e-84d1-c99a3672191b;416.51;0.926;UNKNOWN
2016-03-15T01:35:06.000000;2016-03-15T01:35:06.000000;443ef273-30a4-45bf-a94c-b20ceba26671;416.98;10.6122;UNKNOWN
2016-03-15T01:35:06.000000;2016-03-15T01:35:06.000000;75c944be-05d3-49a6-8232-825aeba812b8;417.0;12.6614;UNKNOWN
2016-03-15T01:35:06.000000;2016-03-15T01:35:06.000000;d8f4300b-b227-4e22-a782-f8001f7aa4cd;416.83;0.62;UNKNOWN
2016-03-15T01:35:06.000000;2016-03-15T01:35:06.000000;f83c4122-99b3-4e05-95a6-c38d4cb5063f;416.81;0.34;UNKNOWN
2016-03-15T01:35:06.000000;2016-03-15T01:35:06.000000;232a8254-0fae-43d6-b1da-172084f531e3;416.99;10.0;UNKNOWN
2016-03-15T01:35:06.000000;2016-03-15T01:35:06.000000;de0add7a-701f-49a0-8e1f-0dc7861ed87b;416.81;5.9437;UNKNOWN
2016-03-15T01:35:06.000000;2016-03-15T01:35:06.000000;307ef95a-8405-4afb-b32a-49ed7683ba6a;416.8;1.0;UNKNOWN
2016-03-15T01:35:09.000000;2016-03-15T01:35:09.000000;288bdf84-fc87-404e-96e9-4c78716d1942;417.0;0.13;UNKNOWN
2016-03-15T01:35:30.000000;2016-03-15T01:35:30.000000;a166c732-992e-4f8e-b304-53c742dbf084;417.0;5.0;UNKNOWN
2016-03-15T01:35:30.000000;2016-03-15T01:35:30.000000;6567fac8-6d0b-447d-a35d-81c135957c05;417.0;0.04;UNKNOWN
2016-03-15T01:35:45.000000;2016-03-15T01:35:45.000000;340485ea-ede2-4855-9139-ed5e578effdf;417.0;0.73;UNKNOWN
2016-03-15T01:35:57.000000;2016-03-15T01:35:57.000000;746708b8-09dc-465c-8d7b-3733f466eee9;417.09;0.46;UNKNOWN
2016-03-15T01:35:57.000000;2016-03-15T01:35:57.000000;6dd87222-7103-44ff-8201-1c6d86876e48;417.09;0.64;UNKNOWN
2016-03-15T01:36:57.000000;2016-03-15T01:36:57.000000;e05183fd-fee6-482c-9940-5c328602e3df;417.0;0.02;UNKNOWN
2016-03-15T01:37:07.000000;2016-03-15T01:37:07.000000;71ee17de-37fc-4892-b026-4de164ab20aa;417.0;0.6659;UNKNOWN
2016-03-15T01:37:30.000000;2016-03-15T01:37:30.000000;46162b68-e0b3-4e1d-bc91-e3bd08e72c4f;417.0;0.15436;UNKNOWN
2016-03-15T01:37:42.000000;2016-03-15T01:37:42.000000;95f62572-09de-478e-a09f-8a331f64a411;417.0;0.02;UNKNOWN
2016-03-15T01:38:05.000000;2016-03-15T01:38:05.000000;ecef61e6-68ff-440c-a8b1-5a1705c28076;417.08;3.9748;UNKNOWN
2016-03-15T01:38:05.000000;2016-03-15T01:38:05.000000;deb6343f-1243-4ad5-81a0-2a3615d7808f;417.05;0.027;UNKNOWN
2016-03-15T01:38:05.000000;2016-03-15T01:38:05.000000;638bd791-234c-4388-829c-ec7a97af9acd;417.07;15.9982;UNKNOWN
2016-03-15T01:38:18.000000;2016-03-15T01:38:18.000000;649a8f8e-6f8a-416c-882e-59a7f8e6ca85;417.0;0.25;UNKNOWN
2016-03-15T01:38:56.000000;2016-03-15T01:38:56.000000;9f18a242-b170-475e-9bd3-ac93b765a2dd;417.0;0.25;UNKNOWN
2016-03-15T01:38:58.000000;2016-03-15T01:38:58.000000;68b894ad-12e8-46a1-94ba-04a85d86a66f;417.0;0.151452;UNKNOWN
2016-03-15T01:39:00.000000;2016-03-15T01:39:00.000000;d07f72bf-01ef-4e1a-ab87-26048600d52c;417.0;0.25;UNKNOWN
2016-03-15T01:39:30.000000;2016-03-15T01:39:30.000000;7b861840-875c-4e4f-8041-68c02f0abba8;417.0;1.160988;UNKNOWN
2016-03-15T01:39:35.000000;2016-03-15T01:39:35.000000;831c18d0-54f3-4956-8c57-9c3a2ac5f425;416.8;0.23233318;UNKNOWN
2016-03-15T01:39:42.000000;2016-03-15T01:39:42.000000;be4a3265-ca3c-4cba-b201-95be7e91c607;416.63;5.28835391;UNKNOWN
2016-03-15T01:39:42.000000;2016-03-15T01:39:42.000000;8efde839-bd58-4a66-af99-5011eff42220;416.8;0.01766682;UNKNOWN
2016-03-15T01:39:49.000000;2016-03-15T01:39:49.000000;8de84d6a-2c7d-4f39-b3ef-337314f18f0e;416.99;1.0;UNKNOWN
2016-03-15T01:39:53.000000;2016-03-15T01:39:53.000000;b9d212ec-15e2-4ff9-ac3e-dc4c9d8e3d05;416.61;0.67689808;UNKNOWN
2016-03-15T01:39:53.000000;2016-03-15T01:39:53.000000;250211e5-835a-45c0-9e9b-88f1faf87b9d;416.63;0.04310192;UNKNOWN
2016-03-15T01:40:03.000000;2016-03-15T01:40:03.000000;ccf2797b-b15a-47a3-9075-a16630aa1fc7;416.63;0.1200241;UNKNOWN
2016-03-15T01:40:14.000000;2016-03-15T01:40:14.000000;265e40f2-2dbc-4e4e-bfbf-6e3a4aeb103e;416.63;0.01;UNKNOWN
2016-03-15T01:40:34.000000;2016-03-15T01:40:34.000000;b893e918-17e3-4433-a54e-08b9bdd1d914;416.96;0.25;UNKNOWN
2016-03-15T01:40:34.000000;2016-03-15T01:40:34.000000;e34a1b71-2d56-41ed-b361-e1c2489743f7;416.97;0.5465;UNKNOWN
2016-03-15T01:40:35.000000;2016-03-15T01:40:35.000000;d6478662-8a9f-4ea0-b6a2-2c4a0a742aba;416.97;0.0926;UNKNOWN
2016-03-15T01:40:45.000000;2016-03-15T01:40:45.000000;6b08602d-b961-43e0-90e8-18ed9ef7446c;416.97;1.07;UNKNOWN
2016-03-15T01:40:45.000000;2016-03-15T01:40:45.000000;c1b06d86-cb64-4eab-9cbc-14a6497b1091;416.97;0.0926;UNKNOWN
2016-03-15T01:40:52.000000;2016-03-15T01:40:52.000000;6462bd25-9fd8-4742-88c6-d56f0875f14f;416.97;0.0926;UNKNOWN
2016-03-15T01:41:02.000000;2016-03-15T01:41:02.000000;7bf929fa-f7c6-48d6-86ae-f6bd1af52902;416.66;0.28;UNKNOWN
2016-03-15T01:41:07.000000;2016-03-15T01:41:07.000000;c02ac6ee-fdcf-4b95-bfb3-7d26fa352f7e;416.97;72.21285666;UNKNOWN
2016-03-15T01:41:07.000000;2016-03-15T01:41:07.000000;dacb3740-c1f2-4f0c-8532-4605708b4b3d;416.96;0.32;UNKNOWN
2016-03-15T01:41:08.000000;2016-03-15T01:41:08.000000;b5df4569-9dcf-4743-b883-b3d6f0cfae39;416.97;0.1;UNKNOWN
2016-03-15T01:41:09.000000;2016-03-15T01:41:09.000000;6c4fa777-0570-440a-b967-f178767e1a48;416.97;0.22;UNKNOWN
2016-03-15T01:41:19.000000;2016-03-15T01:41:19.000000;eaa10f8d-2363-474e-9e02-9c6fd87e20fd;416.97;0.69;UNKNOWN
2016-03-15T01:41:24.000000;2016-03-15T01:41:24.000000;94bb1e67-4717-4ca1-be6d-83294119eeb3;416.99;0.01693207;UNKNOWN
2016-03-15T01:41:37.000000;2016-03-15T01:41:37.000000;fb270c57-b838-43e6-b255-003fcaddc5dd;417.03;0.11647208;UNKNOWN
2016-03-15T01:41:39.000000;2016-03-15T01:41:39.000000;e0903187-33d0-4cbc-9233-7cad8f84b882;416.97;1.14;UNKNOWN
2016-03-15T01:41:45.000000;2016-03-15T01:41:45.000000;31ba5163-c769-4519-aa2a-ac7cc7c7ebd9;417.03;0.06327406;UNKNOWN
2016-03-15T01:41:48.000000;2016-03-15T01:41:48.000000;3d3565c1-2fff-4afa-a388-f2f488c7cc27;417.03;0.00025386;UNKNOWN
2016-03-15T01:41:48.000000;2016-03-15T01:41:48.000000;643bde42-462f-4fa9-b00f-c368e36a7f9e;417.04;0.17726709;UNKNOWN
2016-03-15T01:41:53.000000;2016-03-15T01:41:53.000000;0b7c9436-4513-4d6c-87a2-76aa7a5e07ce;417.03;0.17752095;UNKNOWN
2016-03-15T01:41:54.000000;2016-03-15T01:41:54.000000;52307d21-65ba-4487-860d-e67bb845f90a;416.97;0.66974614;UNKNOWN
2016-03-15T01:41:57.000000;2016-03-15T01:41:57.000000;e54fe525-e492-4c88-ad34-9cf086a7aca8;417.03;0.17802145;UNKNOWN
2016-03-15T01:42:02.000000;2016-03-15T01:42:02.000000;c50d25fe-e6b9-4ee9-8c29-3009071ff710;417.04;0.01827752;UNKNOWN
2016-03-15T01:42:13.000000;2016-03-15T01:42:13.000000;7da95d0e-f572-4699-9e63-388aa96e1d3a;416.97;0.92;UNKNOWN
2016-03-15T01:42:17.000000;2016-03-15T01:42:17.000000;b69b97f8-6f25-4354-ad53-5b382c750718;416.97;0.08451857;UNKNOWN
2016-03-15T01:42:17.000000;2016-03-15T01:42:17.000000;e9829eb2-9d9a-448d-b18c-193ed7ab1abf;416.97;0.0926;UNKNOWN
2016-03-15T01:42:21.000000;2016-03-15T01:42:21.000000;8ec57d51-8b48-4819-94b0-c63a3b92d8c6;416.97;0.0926;UNKNOWN
2016-03-15T01:42:22.000000;2016-03-15T01:42:22.000000;d63fff9a-ed7d-444e-ab47-c0b9546c08b5;416.97;0.08451857;UNKNOWN
2016-03-15T01:42:26.000000;2016-03-15T01:42:26.000000;5651627b-3069-46d8-ad96-af5ac6b46825;416.97;0.2;UNKNOWN
2016-03-15T01:42:58.000000;2016-03-15T01:42:58.000000;441eb34d-a9a9-4666-8288-280994482004;416.97;0.71;UNKNOWN
2016-03-15T01:43:17.000000;2016-03-15T01:43:17.000000;3a101c3a-61ff-4ca6-8312-6cca76bc4c4f;416.97;0.90300354;UNKNOWN
2016-03-15T01:43:21.000000;2016-03-15T01:43:21.000000;30c430c5-cff5-476d-a9e9-9f5f62ec0f96;416.97;195.59945652;UNKNOWN
2016-03-15T01:43:38.000000;2016-03-15T01:43:38.000000;fd7660af-e582-4f1e-9502-001d7ce3ea07;416.83;0.57097116;UNKNOWN
2016-03-15T01:44:35.000000;2016-03-15T01:44:35.000000;239eef02-16fc-4c1a-9ca6-86c89ff08fbf;416.8;0.01;UNKNOWN
2016-03-15T01:44:35.000000;2016-03-15T01:44:35.000000;25903cc2-c7af-4d14-aeca-7235db0b7d09;416.61;4.99;UNKNOWN
2016-03-15T01:45:35.000000;2016-03-15T01:45:35.000000;e85928d6-9175-463c-aa85-94f6107f582c;416.78;0.0926;UNKNOWN
2016-03-15T01:50:02.000000;2016-03-15T01:50:02.000000;c795dab9-bce8-4dee-b0e5-663520df8d7c;416.88;0.04802346;UNKNOWN
2016-03-15T01:50:57.000000;2016-03-15T01:50:57.000000;d1046e99-87a5-480c-b5ed-7e495a52d73d;417.0;8.44431;UNKNOWN
2016-03-15T01:50:57.000000;2016-03-15T01:50:57.000000;1366e47d-ae1d-46be-a558-89cbc0dc766a;416.89;0.028;UNKNOWN
2016-03-15T01:50:57.000000;2016-03-15T01:50:57.000000;2675095c-7d5b-40bb-873a-984c3f7057b4;416.99;0.07;UNKNOWN
2016-03-15T01:50:57.000000;2016-03-15T01:50:57.000000;b1b1b681-219f-42f6-bb39-343ca17760b6;416.89;0.50139;UNKNOWN
2016-03-15T01:50:57.000000;2016-03-15T01:50:57.000000;2e807f06-0e06-49bd-8c74-82966adab0f7;416.89;10.0;UNKNOWN
2016-03-15T01:50:57.000000;2016-03-15T01:50:57.000000;c66fc2ce-06ae-4055-b5cc-8d2c3aa5cc1c;417.0;0.01;UNKNOWN
2016-03-15T01:50:57.000000;2016-03-15T01:50:57.000000;e6a051ff-1809-4d69-a179-23b74c20e842;416.89;5.9463;UNKNOWN
2016-03-15T01:51:07.000000;2016-03-15T01:51:07.000000;65e6086b-a89f-4990-8d9d-591f61dae78b;416.94;0.0345;UNKNOWN
2016-03-15T01:51:38.000000;2016-03-15T01:51:38.000000;1f083afc-03c5-4f21-bb95-571d79cf2eff;416.96;1.5;UNKNOWN
2016-03-15T01:51:38.000000;2016-03-15T01:51:38.000000;19c91397-0bde-48d9-9745-97718d51e329;416.98;0.5;UNKNOWN
2016-03-15T01:51:38.000000;2016-03-15T01:51:38.000000;679b0ff9-5adc-42dc-b8e3-c51b7c6d7771;416.97;3.0;UNKNOWN
2016-03-15T01:52:15.000000;2016-03-15T01:52:15.000000;a6e1ba56-00a4-4617-9da4-c6bc4df111e2;416.94;3.0;UNKNOWN
2016-03-15T01:52:25.000000;2016-03-15T01:52:25.000000;ac8344ef-b468-4f9f-9c08-ac17eccc279a;416.75;0.5;UNKNOWN
2016-03-15T01:52:25.000000;2016-03-15T01:52:25.000000;549c3620-7579-4db5-ba6a-16105da89712;416.96;0.5;UNKNOWN
2016-03-15T01:52:28.000000;2016-03-15T01:52:28.000000;314e236a-ebbd-4d5f-8f9c-ce7387073de5;416.76;1.0;UNKNOWN
2016-03-15T01:52:30.000000;2016-03-15T01:52:30.000000;40277fea-7088-4edf-95fa-dc2418f2b956;416.78;1.0;UNKNOWN
2016-03-15T01:52:32.000000;2016-03-15T01:52:32.000000;37e62b7c-9f58-4be0-9b9a-2c27dc0daad8;416.81;1.0;UNKNOWN
2016-03-15T01:52:36.000000;2016-03-15T01:52:36.000000;1e5d224a-2426-43cf-9f28-de2f93ee87a4;416.81;1.0;UNKNOWN
2016-03-15T01:52:38.000000;2016-03-15T01:52:38.000000;c8cddf8f-830f-4a75-b1cd-5b3164281609;416.81;0.01557079;UNKNOWN
2016-03-15T01:52:38.000000;2016-03-15T01:52:38.000000;cb2d1a0d-4b73-4555-94c0-7ad7a74ab0d5;416.81;1.0;UNKNOWN
2016-03-15T01:52:39.000000;2016-03-15T01:52:39.000000;b7471ab5-6966-4022-9fe3-2b1c92714b4e;416.7;1.0;UNKNOWN
2016-03-15T01:52:40.000000;2016-03-15T01:52:40.000000;7ac09d08-8527-446a-b281-037b188ca9f2;416.71;0.98731723;UNKNOWN
2016-03-15T01:52:41.000000;2016-03-15T01:52:41.000000;6f7dd10b-e73f-4bb0-bef7-c6d05f3e4714;416.71;1.0;UNKNOWN
2016-03-15T01:52:46.000000;2016-03-15T01:52:46.000000;9c9d8d44-7de2-457a-97e9-ee7dacf40dec;416.71;2.25364899;UNKNOWN
2016-03-15T01:54:27.000000;2016-03-15T01:54:27.000000;e7e6ebd0-3a2d-4273-bf3d-4cae736e14c1;416.71;0.02401921;UNKNOWN
2016-03-15T01:55:04.000000;2016-03-15T01:55:04.000000;a5e5904b-651c-4792-95cd-c7559e2d223e;416.73;0.16601914;UNKNOWN
2016-03-15T01:55:06.000000;2016-03-15T01:55:06.000000;8c9fa6b9-7d6c-45b4-8303-ce67320496c6;416.71;0.01063971;UNKNOWN
2016-03-15T01:55:10.000000;2016-03-15T01:55:10.000000;b2e91822-9293-4eb2-9406-23ef4770fd4f;416.74;0.01143472;UNKNOWN
2016-03-15T01:55:15.000000;2016-03-15T01:55:15.000000;134f8161-3d92-4592-bb9c-4ce03c0b9159;416.73;0.0106541;UNKNOWN
2016-03-15T01:55:18.000000;2016-03-15T01:55:18.000000;87771ed6-3725-4e98-b04d-bc1aed9d9c3c;416.71;0.02715504;UNKNOWN
2016-03-15T01:55:25.000000;2016-03-15T01:55:25.000000;af976c10-b2f1-487d-8943-8fd08e9475a1;416.71;0.01404928;UNKNOWN
2016-03-15T01:55:28.000000;2016-03-15T01:55:28.000000;b204da1f-4db4-47da-8e16-5d04f447a618;416.71;0.01154625;UNKNOWN
2016-03-15T01:55:32.000000;2016-03-15T01:55:32.000000;be93f802-19e5-4519-a55c-46982de9637b;416.71;0.0183794;UNKNOWN
2016-03-15T01:55:37.000000;2016-03-15T01:55:37.000000;55d70855-16b3-48e8-9dcb-6a00b03e1897;416.71;0.0154227;UNKNOWN
2016-03-15T01:55:41.000000;2016-03-15T01:55:41.000000;2e597f1f-9c51-48ec-91a2-f83fc9a13b89;416.71;0.14740537;UNKNOWN
2016-03-15T01:55:44.000000;2016-03-15T01:55:44.000000;625e506b-bcfe-4a6b-a9a1-0a3a4199ef6c;416.71;0.01692375;UNKNOWN
2016-03-15T01:55:48.000000;2016-03-15T01:55:48.000000;bb520f04-a607-4d02-a706-2e398b295164;416.71;0.0475254;UNKNOWN
2016-03-15T01:55:51.000000;2016-03-15T01:55:51.000000;2965f246-dae2-4a55-af29-fba7da908c4f;416.71;0.01324144;UNKNOWN
2016-03-15T01:55:54.000000;2016-03-15T01:55:54.000000;a9234743-56d3-4f67-885e-951b62915dfd;416.71;0.01748261;UNKNOWN
2016-03-15T01:55:59.000000;2016-03-15T01:55:59.000000;afabbc71-e03e-44e8-9a4c-c7f841813b86;416.71;0.01875803;UNKNOWN
2016-03-15T01:56:02.000000;2016-03-15T01:56:02.000000;6ed625af-fab3-4361-9971-d6cdbc7b0597;416.71;0.01878372;UNKNOWN
2016-03-15T01:56:06.000000;2016-03-15T01:56:06.000000;8405c520-66ad-45dc-98bf-756b37b7f16d;416.71;0.01292151;UNKNOWN
2016-03-15T01:56:11.000000;2016-03-15T01:56:11.000000;dc83c2cf-06c1-44ac-957a-95a3cb309540;416.71;0.1922;UNKNOWN
2016-03-15T01:56:17.000000;2016-03-15T01:56:17.000000;401a8295-f2bb-4bcb-abe7-96e856a86a39;416.71;2.0;UNKNOWN
2016-03-15T01:56:19.000000;2016-03-15T01:56:19.000000;e91e252a-0a8e-4c9e-8fd0-7fbdada53eb7;416.71;0.02210578;UNKNOWN
2016-03-15T01:56:25.000000;2016-03-15T01:56:25.000000;d21ed019-aba8-45a1-97ef-ea7ec5bb087f;416.71;0.03815319;UNKNOWN
2016-03-15T01:56:28.000000;2016-03-15T01:56:28.000000;b8b578c8-3695-4e88-9658-d0c320f2a270;416.71;0.01588479;UNKNOWN
2016-03-15T01:56:30.000000;2016-03-15T01:56:30.000000;4acec908-f609-45df-b164-90efe2f92c87;416.71;0.0233144;UNKNOWN
2016-03-15T01:56:31.000000;2016-03-15T01:56:31.000000;08782a58-abcc-45e9-99f3-15823134ca86;416.71;0.01023017;UNKNOWN
2016-03-15T01:56:31.000000;2016-03-15T01:56:31.000000;08b655d5-5a5f-434b-820d-00b56cee85db;416.71;0.02329411;UNKNOWN
2016-03-15T01:56:31.000000;2016-03-15T01:56:31.000000;b129b78c-3775-48c2-88ca-8cc82738a429;416.71;0.04352959;UNKNOWN
2016-03-15T01:56:34.000000;2016-03-15T01:56:34.000000;887cc6ad-cc6c-4236-84d6-737bc36766bd;416.71;0.02321572;UNKNOWN
2016-03-15T01:56:34.000000;2016-03-15T01:56:34.000000;1c1c14e1-82ab-409a-abec-33e597d01754;416.71;0.02323594;UNKNOWN
2016-03-15T01:56:37.000000;2016-03-15T01:56:37.000000;0127250f-1a25-462b-a9ec-dffa2393d9d6;416.71;0.02319551;UNKNOWN
2016-03-15T01:56:38.000000;2016-03-15T01:56:38.000000;e8f444a9-7532-48fa-a878-478fcd4616b1;416.71;0.02315513;UNKNOWN
2016-03-15T01:56:38.000000;2016-03-15T01:56:38.000000;de88e79e-ae63-4225-8b57-4d6e4caaa9a7;416.71;0.02319551;UNKNOWN
2016-03-15T01:56:39.000000;2016-03-15T01:56:39.000000;9e0b9773-e6ca-4090-a730-0252b9e9de1d;416.71;0.02313497;UNKNOWN
2016-03-15T01:56:41.000000;2016-03-15T01:56:41.000000;13ba71b6-ccc8-4169-bd53-e3e72b0149a1;416.71;0.02311484;UNKNOWN
2016-03-15T01:56:42.000000;2016-03-15T01:56:42.000000;e0715a1b-db4b-4a52-b5ae-73e89736a492;416.71;0.02309472;UNKNOWN
2016-03-15T01:56:43.000000;2016-03-15T01:56:43.000000;19b59e53-b2c3-4148-ad1a-663e212e5bfc;416.71;0.02307461;UNKNOWN
2016-03-15T01:56:45.000000;2016-03-15T01:56:45.000000;754a2750-2c84-489c-b0d7-b3c22b7c14f3;416.71;0.02305453;UNKNOWN
2016-03-15T01:56:46.000000;2016-03-15T01:56:46.000000;66d9e495-0f1d-4908-bd60-8b4df01cf23e;416.71;0.0196912;UNKNOWN
2016-03-15T01:56:48.000000;2016-03-15T01:56:48.000000;1b395b91-3c08-485a-ad0d-671d3ed14138;416.71;0.02303446;UNKNOWN
2016-03-15T01:56:49.000000;2016-03-15T01:56:49.000000;afac7ad8-b4e4-4b62-9a34-b0d82cd73929;416.71;0.02305453;UNKNOWN
2016-03-15T01:56:49.000000;2016-03-15T01:56:49.000000;b7f6cc10-4a8a-4e09-b36e-b753c94390c2;416.71;0.02301441;UNKNOWN
2016-03-15T01:56:50.000000;2016-03-15T01:56:50.000000;49205682-24cb-49f6-87b7-248cc89eb25b;416.71;0.14750056;UNKNOWN
2016-03-15T01:56:50.000000;2016-03-15T01:56:50.000000;576ba171-0e52-4029-b446-0e4501af9665;416.71;0.04302173;UNKNOWN
2016-03-15T01:56:51.000000;2016-03-15T01:56:51.000000;2d5a2743-221c-4b92-bca8-29cef11e6dac;416.71;0.04294683;UNKNOWN
2016-03-15T01:56:52.000000;2016-03-15T01:56:52.000000;5853442d-60e5-4b1d-b51c-c044678e236b;416.71;0.04304941;UNKNOWN
2016-03-15T01:56:53.000000;2016-03-15T01:56:53.000000;edcdf82e-9f30-4475-9cfa-999a57d42959;416.71;0.04290943;UNKNOWN
2016-03-15T01:56:54.000000;2016-03-15T01:56:54.000000;f85dbffd-bf79-409d-b43a-925c5c84ae38;416.71;0.0146682;UNKNOWN
2016-03-15T01:56:55.000000;2016-03-15T01:56:55.000000;331be2eb-c093-4326-96c8-80a5a1586136;416.71;0.04287208;UNKNOWN
2016-03-15T01:56:57.000000;2016-03-15T01:56:57.000000;1c287f0a-ef58-4d6a-913a-990c4228d5c3;416.71;0.02148384;UNKNOWN
2016-03-15T01:56:58.000000;2016-03-15T01:56:58.000000;653c9759-71bf-4637-9b11-d6a1d1c9bb66;416.71;0.02148384;UNKNOWN
2016-03-15T01:57:51.000000;2016-03-15T01:57:51.000000;78ebd2c9-3a6e-4251-b405-f2ce53ec128b;416.65;0.02803691;UNKNOWN
2016-03-15T01:58:14.000000;2016-03-15T01:58:14.000000;afad5c8f-e4c4-4c9c-9910-52cf2abd65ea;416.99;3.62777316;UNKNOWN
2016-03-15T01:58:14.000000;2016-03-15T01:58:14.000000;94ac5952-8b24-4e93-980e-378fdc24b075;416.96;0.04305882;UNKNOWN
2016-03-15T01:58:14.000000;2016-03-15T01:58:14.000000;adcdbb9d-eb27-423e-8d6e-b877e52aa18d;416.75;0.01916802;UNKNOWN
2016-03-15T01:58:14.000000;2016-03-15T01:58:14.000000;3c073581-db5e-4f22-b710-ba0cc64ca35d;416.76;0.01;UNKNOWN
2016-03-15T01:58:27.000000;2016-03-15T01:58:27.000000;2f0f47c1-ed29-4ca1-b584-c9937ebb75ec;417.1;5.0;UNKNOWN
2016-03-15T01:58:27.000000;2016-03-15T01:58:27.000000;c1a0fbb8-1eef-4d0d-89b8-e0a09fe68fb8;417.18;1.60922494;UNKNOWN
2016-03-15T01:58:27.000000;2016-03-15T01:58:27.000000;a3c4931f-73d2-4bc3-bf91-a3fec559dd78;417.09;5.9858;UNKNOWN
2016-03-15T01:58:27.000000;2016-03-15T01:58:27.000000;7d826147-9b1a-49b3-8c4f-4018df9c51d1;417.16;11.7215;UNKNOWN
2016-03-15T01:58:27.000000;2016-03-15T01:58:27.000000;09da23ff-2cd0-4123-ae02-543b5e19fe81;417.1;0.5;UNKNOWN
2016-03-15T01:58:27.000000;2016-03-15T01:58:27.000000;a725eb5e-376c-4677-ac86-9b7d77f95862;417.1;0.05;UNKNOWN
2016-03-15T01:58:42.000000;2016-03-15T01:58:42.000000;a7b3cf06-a1ff-477c-b121-5261b4740e7c;417.18;0.02;UNKNOWN
2016-03-15T01:58:53.000000;2016-03-15T01:58:53.000000;9fe88759-965a-46ff-9f2e-675429603b8c;417.17;0.0173;UNKNOWN
2016-03-15T01:59:43.000000;2016-03-15T01:59:43.000000;6637954a-5c84-40ef-81a7-aecc9af85d50;417.18;0.02;UNKNOWN
2016-03-15T01:59:49.000000;2016-03-15T01:59:49.000000;8da3dc22-d2e0-4c04-b4d9-c875b39e43b7;417.18;0.02;UNKNOWN
2016-03-15T01:59:58.000000;2016-03-15T01:59:58.000000;460487b0-6ee2-480a-912e-1c2176b6188d;417.2;2.94;UNKNOWN
2016-03-15T01:59:58.000000;2016-03-15T01:59:58.000000;6fb2035c-f383-4412-af13-b8c161a3f048;417.2;0.06;UNKNOWN
2016-03-15T02:00:03.000000;2016-03-15T02:00:03.000000;d362f98b-e766-427b-8925-fe6de72f67c5;417.2;0.76788151;UNKNOWN
2016-03-15T02:00:07.000000;2016-03-15T02:00:07.000000;51671069-c8ab-42c0-8159-808dd4a0b7e1;417.2;1.0;UNKNOWN
2016-03-15T02:00:10.000000;2016-03-15T02:00:10.000000;6936f2a4-c517-4d85-903d-42f133b37b7d;417.2;0.02;UNKNOWN
2016-03-15T02:01:25.000000;2016-03-15T02:01:25.000000;6d6ef3c9-71fc-4041-bc59-7ce6ec27c60a;416.99;0.01;UNKNOWN
2016-03-15T02:01:29.000000;2016-03-15T02:01:29.000000;de252ef8-07e8-40c3-8fc1-8938e4aae5b5;416.99;0.01;UNKNOWN
2016-03-15T02:02:28.000000;2016-03-15T02:02:28.000000;dabf7513-9426-4a1f-aaca-414d66efd0bb;416.84;0.2;UNKNOWN
2016-03-15T02:02:41.000000;2016-03-15T02:02:41.000000;5d5747ec-03a5-4a39-bdaf-88ec8447b153;416.99;5.0;UNKNOWN
2016-03-15T02:03:07.000000;2016-03-15T02:03:07.000000;c42032ec-21e3-4fb0-83e9-05a4431ef957;417.13;0.3;UNKNOWN
2016-03-15T02:03:27.000000;2016-03-15T02:03:27.000000;5ecb7a5f-09b6-498f-b4a5-915557c696aa;417.13;4.0;UNKNOWN
2016-03-15T02:04:05.000000;2016-03-15T02:04:05.000000;9fa7e383-0cd7-460c-9277-c40de25083ca;417.05;0.0112863;UNKNOWN
2016-03-15T02:04:35.000000;2016-03-15T02:04:35.000000;fbf39e36-c521-4d54-b3fa-259e7a6273b0;417.2;0.27211849;UNKNOWN
2016-03-15T02:04:35.000000;2016-03-15T02:04:35.000000;f37f28d9-6694-467f-bc4d-929be8582d26;417.28;9.72788151;UNKNOWN
2016-03-15T02:04:44.000000;2016-03-15T02:04:44.000000;509caffd-6bd2-4e95-9749-b1deb3ffd194;417.27;3.0;UNKNOWN
2016-03-15T02:05:22.000000;2016-03-15T02:05:22.000000;f7a72aef-1ea3-461a-b707-3f5c74e4a00a;417.23;0.933;UNKNOWN
2016-03-15T02:05:53.000000;2016-03-15T02:05:53.000000;3debf69e-5c16-41e9-aff5-1aad2a5e74fb;417.28;0.014;UNKNOWN
2016-03-15T02:06:06.000000;2016-03-15T02:06:06.000000;bac4a067-83d8-4279-a393-1a37963176e9;417.28;4.097;UNKNOWN
2016-03-15T02:07:07.000000;2016-03-15T02:07:07.000000;2b3b92dd-1018-44ee-94dc-399a24d657e2;417.09;0.14871933;UNKNOWN
2016-03-15T02:08:01.000000;2016-03-15T02:08:01.000000;86d03476-fff5-4357-bdd3-d428642dc7f9;417.14;0.01484941;UNKNOWN
2016-03-15T02:08:03.000000;2016-03-15T02:08:03.000000;801e6df3-c1ad-4666-abc2-f164aea6fb7d;417.3;0.5;UNKNOWN
2016-03-15T02:08:03.000000;2016-03-15T02:08:03.000000;340ed27f-3347-40a2-991c-90aea58a1e69;417.28;0.01328202;UNKNOWN
2016-03-15T02:08:03.000000;2016-03-15T02:08:03.000000;f9fc46e7-a3bf-40ed-8b36-3defa5e63b6d;417.3;0.05;UNKNOWN
2016-03-15T02:08:12.000000;2016-03-15T02:08:12.000000;9927c5f8-a117-4bce-9517-3f529046dec9;417.3;0.03018485;UNKNOWN
2016-03-15T02:08:12.000000;2016-03-15T02:08:12.000000;f93d3940-4492-422b-99cf-58c72cbaa4bd;417.31;0.96954764;UNKNOWN
2016-03-15T02:08:13.000000;2016-03-15T02:08:13.000000;c9b26efb-8a7a-491c-a45a-dcdaab161447;417.31;0.6;UNKNOWN
2016-03-15T02:08:13.000000;2016-03-15T02:08:13.000000;c66e35a6-54dc-4a23-8b0b-c1dd67187654;417.31;0.47658368;UNKNOWN
2016-03-15T02:08:34.000000;2016-03-15T02:08:34.000000;106c9f26-fd49-485f-8e80-84fb2b544d7b;417.43;5.9295;UNKNOWN
2016-03-15T02:08:34.000000;2016-03-15T02:08:34.000000;1caf5893-4ff0-44f4-a949-c64590894949;417.35;0.1;UNKNOWN
2016-03-15T02:08:34.000000;2016-03-15T02:08:34.000000;347621c9-79fe-4953-8d22-d29a8869a223;417.43;18.2664;UNKNOWN
2016-03-15T02:09:04.000000;2016-03-15T02:09:04.000000;8e3f2d65-2642-448e-bb39-9172fbb91959;417.4;1.2005;UNKNOWN
2016-03-15T02:10:15.000000;2016-03-15T02:10:15.000000;a650c248-a8c6-4471-b989-3c022007d096;417.0;0.01;UNKNOWN
2016-03-15T02:10:15.000000;2016-03-15T02:10:15.000000;cff0be3b-318f-4f4f-bb6f-9f44221c3e00;417.16;0.5;UNKNOWN
2016-03-15T02:10:15.000000;2016-03-15T02:10:15.000000;93a52ab8-3c9b-4e2e-9fca-00b3e64b6c3f;417.19;0.2;UNKNOWN
2016-03-15T02:10:15.000000;2016-03-15T02:10:15.000000;bd7fcac2-e635-4cac-9101-9d69b95e243c;417.15;3.0;UNKNOWN
2016-03-15T02:11:39.000000;2016-03-15T02:11:39.000000;03210de8-7ffe-4bb8-bd49-3b5be92a74c5;417.0;0.05;UNKNOWN
2016-03-15T02:12:03.000000;2016-03-15T02:12:03.000000;1f595bf1-c938-4fc1-93d8-580bfd5d926b;416.97;0.3129581;UNKNOWN
2016-03-15T02:12:05.000000;2016-03-15T02:12:05.000000;8de2a83b-f4ff-48d5-8a2d-cfabf270d8e1;416.97;4.6334372;UNKNOWN
2016-03-15T02:12:05.000000;2016-03-15T02:12:05.000000;97d43184-387d-467d-863e-fc310dd73fbd;416.97;4.6334372;UNKNOWN
2016-03-15T02:12:05.000000;2016-03-15T02:12:05.000000;01a1b11b-a1d0-4a28-b7d2-ab64ef893785;416.97;12.42;UNKNOWN
2016-03-15T02:12:05.000000;2016-03-15T02:12:05.000000;15d387d4-2981-4c59-bcf1-08a846104049;416.97;5.6385419;UNKNOWN
2016-03-15T02:12:07.000000;2016-03-15T02:12:07.000000;eda70363-df2d-4558-ba01-676511bfc4b8;416.97;4.63300786;UNKNOWN
2016-03-15T02:12:38.000000;2016-03-15T02:12:38.000000;246342f3-c800-46c8-a350-eae8abbd2eea;416.97;10.0;UNKNOWN
2016-03-15T02:12:55.000000;2016-03-15T02:12:55.000000;15457a54-4c6c-4fe1-8153-35aa7d5a6de6;416.97;0.04579;UNKNOWN
2016-03-15T02:14:06.000000;2016-03-15T02:14:06.000000;134aba1b-98bf-4bee-befc-57be1d88dced;416.94;1.13912268;UNKNOWN
2016-03-15T02:16:05.000000;2016-03-15T02:16:05.000000;b30a04b1-916b-4d02-ad61-8b5a829770a2;416.88;0.1;UNKNOWN
2016-03-15T02:18:00.000000;2016-03-15T02:18:00.000000;08cd4f7f-38d5-43be-a597-bfe66682cedd;416.88;0.04;UNKNOWN
2016-03-15T02:18:03.000000;2016-03-15T02:18:03.000000;a460e431-ca1c-46e6-b982-ea3e89c3f307;416.9;0.14449091;UNKNOWN
2016-03-15T02:18:13.000000;2016-03-15T02:18:13.000000;055b5033-bcb8-474a-a30d-1f26e4073f23;416.9;0.09502745;UNKNOWN
2016-03-15T02:18:56.000000;2016-03-15T02:18:56.000000;96dfce31-16c4-46e2-a036-3c6314ed4cb6;416.97;7.99578584;UNKNOWN
2016-03-15T02:18:56.000000;2016-03-15T02:18:56.000000;e2fcc05a-645f-4944-a59f-da5e519e8a2b;417.0;36.24;UNKNOWN
2016-03-15T02:18:56.000000;2016-03-15T02:18:56.000000;044bf79b-5ff2-4e7e-81f1-8e8baba68baa;416.9;2.26048164;UNKNOWN
2016-03-15T02:18:56.000000;2016-03-15T02:18:56.000000;3f93aa73-0cdd-46d3-b16e-ecb8096e1106;417.39;3.50373252;UNKNOWN
2016-03-15T02:19:05.000000;2016-03-15T02:19:05.000000;13826d75-f266-4d95-8b5d-d2a25ab4a179;417.38;0.25;UNKNOWN
2016-03-15T02:19:46.000000;2016-03-15T02:19:46.000000;de92ec04-19a8-44eb-9048-a68bd257d84a;417.4;1.6066;UNKNOWN
2016-03-15T02:20:20.000000;2016-03-15T02:20:20.000000;701900ed-6f46-4952-9a26-63ae0ca2ccd6;417.49;0.06490418;UNKNOWN
2016-03-15T02:20:20.000000;2016-03-15T02:20:20.000000;90ce427a-9cc9-451f-8a7d-ae8bb98669d8;417.46;0.82672667;UNKNOWN
2016-03-15T02:21:05.000000;2016-03-15T02:21:05.000000;d82c37fa-c3bf-4644-a860-d3c0cd295e52;417.44;2.0;UNKNOWN
2016-03-15T02:21:14.000000;2016-03-15T02:21:14.000000;ac1f7406-43bb-43fb-954c-c9e1059b39a7;417.35;0.097;UNKNOWN
2016-03-15T02:21:19.000000;2016-03-15T02:21:19.000000;4e2c49d1-111a-4dec-817d-c6bef03403d5;417.35;0.403;UNKNOWN
2016-03-15T02:21:22.000000;2016-03-15T02:21:22.000000;6c2f3a71-0cb4-44d0-a25a-7465f90a628c;417.35;4.62748727;UNKNOWN
2016-03-15T02:21:22.000000;2016-03-15T02:21:22.000000;0df9854c-d140-4ecb-9d0a-d58de04b29c8;417.35;4.62748727;UNKNOWN
2016-03-15T02:21:27.000000;2016-03-15T02:21:27.000000;97cf969a-9ed5-4a6e-89dc-c6a4dd6c8a1f;417.35;0.10836915;UNKNOWN
2016-03-15T02:21:28.000000;2016-03-15T02:21:28.000000;74150e95-caa3-4b05-abbd-8ac0726309a8;417.34;0.53;UNKNOWN
2016-03-15T02:21:32.000000;2016-03-15T02:21:32.000000;678977c4-8ecb-45b3-86b3-93de81a66752;417.35;4.62727315;UNKNOWN
2016-03-15T02:21:50.000000;2016-03-15T02:21:50.000000;2bac83bb-a667-4325-bbfe-924091fdf897;417.21;0.13;UNKNOWN
2016-03-15T02:21:51.000000;2016-03-15T02:21:51.000000;34711c82-3de7-4b98-b812-83ad8a010504;417.3;0.01248837;UNKNOWN
2016-03-15T02:21:54.000000;2016-03-15T02:21:54.000000;8eb1873f-635f-4ee6-810f-82bfeab56933;417.3;0.26913064;UNKNOWN
2016-03-15T02:21:55.000000;2016-03-15T02:21:55.000000;6cdad068-d370-461d-80ef-ee8c475d1ce7;417.3;0.10835891;UNKNOWN
2016-03-15T02:21:55.000000;2016-03-15T02:21:55.000000;14c84501-6c6c-41d1-aae9-e32856edab53;417.3;0.06456549;UNKNOWN
2016-03-15T02:21:56.000000;2016-03-15T02:21:56.000000;8f856ec9-1517-40b3-a9a6-4c733f579230;417.3;0.07569421;UNKNOWN
2016-03-15T02:21:59.000000;2016-03-15T02:21:59.000000;6b4ad008-8481-4641-b04d-7fcc6e4dd159;417.3;0.10822802;UNKNOWN
2016-03-15T02:22:03.000000;2016-03-15T02:22:03.000000;df4228ab-1297-4efb-afa5-0a2e6377a9df;417.3;0.17656977;UNKNOWN
2016-03-15T02:22:03.000000;2016-03-15T02:22:03.000000;62de7f28-33a3-47df-882b-ac5af81f6192;417.3;0.10538586;UNKNOWN
2016-03-15T02:22:05.000000;2016-03-15T02:22:05.000000;456c94b5-582e-4ee1-be7f-bc4f62a4cccc;417.3;1.1517;UNKNOWN
2016-03-15T02:22:07.000000;2016-03-15T02:22:07.000000;e21d35d4-3ec2-4f13-adcc-fc650567d0e3;417.3;0.10538586;UNKNOWN
2016-03-15T02:22:07.000000;2016-03-15T02:22:07.000000;488d25a9-d72d-4180-af67-8d4e685b938d;417.3;0.17735285;UNKNOWN
2016-03-15T02:22:12.000000;2016-03-15T02:22:12.000000;7985c87e-b563-4ef0-a452-49e0715d2929;417.3;0.15988863;UNKNOWN
2016-03-15T02:22:12.000000;2016-03-15T02:22:12.000000;48f71953-9af6-428f-9019-941d58b20295;417.3;0.16746014;UNKNOWN
2016-03-15T02:22:14.000000;2016-03-15T02:22:14.000000;3ee4922a-5c25-4c2c-b7e0-392731bd4e2e;417.3;0.01214905;UNKNOWN
2016-03-15T02:22:14.000000;2016-03-15T02:22:14.000000;402eec1a-b1a4-459d-8190-b906ad996fd7;417.3;0.01213688;UNKNOWN
2016-03-15T02:22:14.000000;2016-03-15T02:22:14.000000;1d70d329-aa01-4289-b20c-70a4f58727e8;417.3;0.07491986;UNKNOWN
2016-03-15T02:22:16.000000;2016-03-15T02:22:16.000000;57e38420-ed05-417f-8c68-12fae7151926;417.3;0.01211262;UNKNOWN
2016-03-15T02:22:17.000000;2016-03-15T02:22:17.000000;f7ed4f8c-3654-4d33-a628-d47a04793e62;417.24;0.01038023;UNKNOWN
2016-03-15T02:22:17.000000;2016-03-15T02:22:17.000000;da3aa61f-989a-4e89-895f-2e1ca9c793b9;417.24;0.13236819;UNKNOWN
2016-03-15T02:22:17.000000;2016-03-15T02:22:17.000000;1b1befcb-2c5e-4aa2-9ab9-96c96afc7ddb;417.23;0.01006081;UNKNOWN
2016-03-15T02:22:17.000000;2016-03-15T02:22:17.000000;4a7fbbd9-f4dd-43f1-af17-29c765b4b8cd;417.23;0.03725158;UNKNOWN
2016-03-15T02:24:05.000000;2016-03-15T02:24:05.000000;fbe285af-4ec2-4b8b-8996-65a81e3b72f4;417.27;2.11;UNKNOWN
2016-03-15T02:24:05.000000;2016-03-15T02:24:05.000000;7dd6d81d-0e95-44c1-b5da-aa09bfb21d78;417.28;0.05245672;UNKNOWN
2016-03-15T02:24:28.000000;2016-03-15T02:24:28.000000;49bf9ab9-cfe1-47cf-a6a9-5ef30ffdba68;417.21;0.5;UNKNOWN
2016-03-15T02:24:28.000000;2016-03-15T02:24:28.000000;b35ef92e-ed7a-494f-844d-52e93613db93;417.2;0.12;UNKNOWN
2016-03-15T02:24:39.000000;2016-03-15T02:24:39.000000;efd90a4a-c6c1-4f31-bd14-1dd756566907;417.21;0.01606589;UNKNOWN
2016-03-15T02:24:51.000000;2016-03-15T02:24:51.000000;460dc171-2f59-48f7-ac25-a5c9b4abd76f;417.33;2.0;UNKNOWN
2016-03-15T02:25:10.000000;2016-03-15T02:25:10.000000;664bd637-8014-4f6d-b5b2-779b02017b13;417.21;0.04607974;UNKNOWN
2016-03-15T02:25:36.000000;2016-03-15T02:25:36.000000;3b5943ad-39a8-4ed7-a033-ebe1bfde6999;417.32;0.21861439;UNKNOWN
2016-03-15T02:26:05.000000;2016-03-15T02:26:05.000000;7f586aab-d04e-4d34-862d-d0f1b47742d9;417.33;0.03241367;UNKNOWN
2016-03-15T02:27:06.000000;2016-03-15T02:27:06.000000;1c1de4a2-40d2-46b3-ad0f-24e85b376975;417.33;0.123;UNKNOWN
2016-03-15T02:28:06.000000;2016-03-15T02:28:06.000000;d5162159-9d21-4467-be45-97128ac7d52f;417.32;2.16290417;UNKNOWN
2016-03-15T02:28:08.000000;2016-03-15T02:28:08.000000;bc2553f4-4cf1-41d8-88e6-73ee73b2df4c;417.18;0.1;UNKNOWN
2016-03-15T02:28:19.000000;2016-03-15T02:28:19.000000;7a2fe4f7-8d06-4e5e-8645-53710a72d7e0;417.19;0.07077857;UNKNOWN
2016-03-15T02:28:24.000000;2016-03-15T02:28:24.000000;17100f77-ebb1-4286-8cb7-737f10cc6b18;417.18;0.0184815;UNKNOWN
2016-03-15T02:29:18.000000;2016-03-15T02:29:18.000000;eb9162ad-ad39-49c5-ab3c-73257c639707;417.32;0.048;UNKNOWN
2016-03-15T02:30:05.000000;2016-03-15T02:30:05.000000;e8f21880-98c6-4ad7-a536-d273e9c3a106;417.32;9.99;UNKNOWN
2016-03-15T02:30:05.000000;2016-03-15T02:30:05.000000;ba33772c-0dea-453d-aa07-1642d6a029ec;417.3;0.01;UNKNOWN
2016-03-15T02:30:06.000000;2016-03-15T02:30:06.000000;0a5165a0-f4a7-4a37-bf26-8c4d3bc2c952;417.32;0.35722196;UNKNOWN
2016-03-15T02:30:08.000000;2016-03-15T02:30:08.000000;5908e4c3-25b9-4441-b7a7-1ed135869107;417.32;0.21457462;UNKNOWN
2016-03-15T02:30:58.000000;2016-03-15T02:30:58.000000;acd5e60a-33c7-4f01-a872-828a9580da17;417.22;0.23945906;UNKNOWN
2016-03-15T02:32:11.000000;2016-03-15T02:32:11.000000;d052a690-d815-409e-9465-10a1f8ef4ed0;417.33;0.4703;UNKNOWN
2016-03-15T02:34:50.000000;2016-03-15T02:34:50.000000;b3fa4b05-283f-4419-8217-fbf686070eb5;417.15;0.10796472;UNKNOWN
2016-03-15T02:36:05.000000;2016-03-15T02:36:05.000000;cc8eccfa-e054-49d2-8e42-9eddbcc84db6;417.28;4.0;UNKNOWN
2016-03-15T02:36:17.000000;2016-03-15T02:36:17.000000;cb9b16c5-05d7-48da-a96b-58b0c7553c63;417.28;0.05488;UNKNOWN
2016-03-15T02:37:05.000000;2016-03-15T02:37:05.000000;2b4b66e3-4fe9-4695-bdca-828163dc92aa;417.13;0.0518;UNKNOWN
2016-03-15T02:37:08.000000;2016-03-15T02:37:08.000000;875b0949-45d1-4758-9284-35fe7ed35030;417.13;0.0102363;UNKNOWN
2016-03-15T02:37:11.000000;2016-03-15T02:37:11.000000;f778b4cf-5d7e-4581-a811-4fde1f3c2359;417.13;0.01192602;UNKNOWN
2016-03-15T02:37:42.000000;2016-03-15T02:37:42.000000;5d05833e-40fa-43e2-84cc-de5f46727a49;417.13;0.45490451;UNKNOWN
2016-03-15T02:37:43.000000;2016-03-15T02:37:43.000000;916eddec-76fe-4759-b4a2-d6e03a9ba4e5;417.13;0.45490451;UNKNOWN
2016-03-15T02:37:44.000000;2016-03-15T02:37:44.000000;05a2ef5f-d92a-4b84-afe1-979905362ffa;417.13;0.11429102;UNKNOWN
2016-03-15T02:37:45.000000;2016-03-15T02:37:45.000000;924a4e75-5f49-48a2-8c78-d9ccdfb5ff24;417.13;0.01490752;UNKNOWN
2016-03-15T02:37:45.000000;2016-03-15T02:37:45.000000;883d17ad-3f91-45e7-adfd-f8759df97a0b;417.13;0.03310286;UNKNOWN
2016-03-15T02:37:45.000000;2016-03-15T02:37:45.000000;db2d297f-21bb-4cca-bc21-c749cb23fc4f;417.13;0.25378864;UNKNOWN
2016-03-15T02:38:06.000000;2016-03-15T02:38:06.000000;f4d5adb5-72a3-480c-b258-7d952a4ac636;417.13;0.038;UNKNOWN
2016-03-15T02:39:09.000000;2016-03-15T02:39:09.000000;130abfc9-6699-4f61-9596-ddc481a02b16;417.14;0.02;UNKNOWN
2016-03-15T02:39:27.000000;2016-03-15T02:39:27.000000;4b1cc3fc-a544-4fbd-84d3-46852a666dfb;417.14;0.02;UNKNOWN
2016-03-15T02:39:29.000000;2016-03-15T02:39:29.000000;af5d3300-f554-4d1f-b344-9ea2f83d9481;417.13;0.45;UNKNOWN
2016-03-15T02:39:38.000000;2016-03-15T02:39:38.000000;3ab48950-458c-475b-9764-db4db9915c91;417.14;0.02;UNKNOWN
2016-03-15T02:39:46.000000;2016-03-15T02:39:46.000000;43941b36-88e6-40e7-9204-4c491f5b24e4;417.13;0.02;UNKNOWN
2016-03-15T02:39:47.000000;2016-03-15T02:39:47.000000;b4c5f311-2c93-49e6-a8b5-1aa8f3e4d52e;417.14;0.47956;UNKNOWN
2016-03-15T02:39:51.000000;2016-03-15T02:39:51.000000;553da955-8994-4a3d-b4bd-345c36e93f6a;417.13;0.89;UNKNOWN
2016-03-15T02:39:57.000000;2016-03-15T02:39:57.000000;4eb7b28b-3406-40e9-a525-edf0618b217a;417.14;0.02;UNKNOWN
2016-03-15T02:40:10.000000;2016-03-15T02:40:10.000000;02633c6f-b193-4ca3-89fd-c5072e0151c9;417.13;0.07129108;UNKNOWN
2016-03-15T02:40:53.000000;2016-03-15T02:40:53.000000;2719e408-fae9-4673-bfcc-62f969880f71;417.13;0.64;UNKNOWN
2016-03-15T02:41:14.000000;2016-03-15T02:41:14.000000;01255de1-359c-49c4-8d66-5a7a28c43e13;417.13;0.78;UNKNOWN
2016-03-15T02:41:20.000000;2016-03-15T02:41:20.000000;05db1c97-afaf-4132-8a5c-df97920da338;417.13;0.55;UNKNOWN
2016-03-15T02:41:32.000000;2016-03-15T02:41:32.000000;d62304d2-9a08-48e8-8cee-f9ebaff94868;417.13;0.01;UNKNOWN
2016-03-15T02:41:41.000000;2016-03-15T02:41:41.000000;6ec35177-a3c1-44e2-97a3-fb507cad5a7c;417.13;0.11;UNKNOWN
2016-03-15T02:41:46.000000;2016-03-15T02:41:46.000000;3780acf9-8aeb-4a2e-b3fe-07bfb82624b0;417.1;0.51915246;UNKNOWN
2016-03-15T02:41:46.000000;2016-03-15T02:41:46.000000;fdc96855-faeb-47a6-95c0-30aa0fe5de1a;417.13;0.04084754;UNKNOWN
2016-03-15T02:42:00.000000;2016-03-15T02:42:00.000000;3432fd17-2a5e-432e-af66-b542155a2e43;417.1;0.2;UNKNOWN
2016-03-15T02:42:06.000000;2016-03-15T02:42:06.000000;0c5c211c-bfa2-4890-8333-61457814561b;417.1;10.0;UNKNOWN
2016-03-15T02:42:24.000000;2016-03-15T02:42:24.000000;a63738f7-f9db-40c8-92a5-f8c097b8bc10;417.1;0.66;UNKNOWN
2016-03-15T02:42:29.000000;2016-03-15T02:42:29.000000;900dac76-2117-43b4-a576-ad025452011e;417.1;0.33;UNKNOWN
2016-03-15T02:42:37.000000;2016-03-15T02:42:37.000000;2a981854-c8be-4390-b10d-7bb85e0ff648;417.1;1.18;UNKNOWN
2016-03-15T02:42:40.000000;2016-03-15T02:42:40.000000;01e0184e-aa82-40cb-919b-69dcccd85842;417.1;0.69;UNKNOWN
2016-03-15T02:42:46.000000;2016-03-15T02:42:46.000000;00450dc2-4ff0-4ced-8ba1-e777ebb74974;417.1;0.02;UNKNOWN
2016-03-15T02:42:55.000000;2016-03-15T02:42:55.000000;b2f26d2e-bf6e-4594-a1ae-be9be49f9db3;417.1;0.62;UNKNOWN
2016-03-15T02:42:56.000000;2016-03-15T02:42:56.000000;ca3becab-b6b1-42d4-983d-088007937f98;417.14;0.01425216;UNKNOWN
2016-03-15T02:43:03.000000;2016-03-15T02:43:03.000000;1af77cef-21d6-4742-8608-c3e38108bd41;417.1;0.62;UNKNOWN
2016-03-15T02:43:05.000000;2016-03-15T02:43:05.000000;b97103bf-0b13-4d66-a215-8323e25fbb28;417.1;0.64;UNKNOWN
2016-03-15T02:43:31.000000;2016-03-15T02:43:31.000000;160b6939-682d-4bc8-a5fe-21e8fac640e5;417.13;0.04131542;UNKNOWN
2016-03-15T02:43:33.000000;2016-03-15T02:43:33.000000;e8213cae-ad8d-4e26-9698-e6b70f4edc0d;417.13;0.02032673;UNKNOWN
2016-03-15T02:43:34.000000;2016-03-15T02:43:34.000000;ef641acb-40d6-40cb-8088-8d75a8d58a1b;417.13;0.04986471;UNKNOWN
2016-03-15T02:43:35.000000;2016-03-15T02:43:35.000000;f75af26b-3e07-4503-963a-fd5627afbb26;417.13;0.05984113;UNKNOWN
2016-03-15T02:43:36.000000;2016-03-15T02:43:36.000000;49f98807-4278-4c3f-b86a-921a1a15ba0b;417.13;0.02714385;UNKNOWN
2016-03-15T02:43:37.000000;2016-03-15T02:43:37.000000;ad961156-fba0-4144-8cfb-f95ad6391fd0;417.1;0.54011759;UNKNOWN
2016-03-15T02:43:37.000000;2016-03-15T02:43:37.000000;60257ebe-d474-458b-bebe-a73115fca174;417.11;0.08988241;UNKNOWN
2016-03-15T02:43:39.000000;2016-03-15T02:43:39.000000;2ff0e46e-2e5f-41bd-adc1-db7d196b7b59;417.13;0.07982482;UNKNOWN
2016-03-15T02:43:42.000000;2016-03-15T02:43:42.000000;6e46b458-6dc0-4cb0-a1db-5d9c20fafcc8;417.1;0.01885544;UNKNOWN
2016-03-15T02:43:42.000000;2016-03-15T02:43:42.000000;2ca4f5b6-c202-47bc-8066-236e52f72545;417.11;0.041922;UNKNOWN
2016-03-15T02:43:42.000000;2016-03-15T02:43:42.000000;04e65163-a1e3-4c27-ba1e-37f1146102d4;417.11;0.07990473;UNKNOWN
2016-03-15T02:43:43.000000;2016-03-15T02:43:43.000000;f79e438f-3491-4fdf-9749-68ab8893e869;417.11;0.0665788;UNKNOWN
2016-03-15T02:43:44.000000;2016-03-15T02:43:44.000000;bbec64fb-e692-4c5a-8f37-b817eb229367;417.11;0.08922833;UNKNOWN
2016-03-15T02:43:45.000000;2016-03-15T02:43:45.000000;a593da52-9c69-405b-91d7-51cc24af2ff5;417.11;0.02889872;UNKNOWN
2016-03-15T02:43:45.000000;2016-03-15T02:43:45.000000;574ace19-9a2d-4308-9138-bd50aa70fd25;417.11;0.10214342;UNKNOWN
2016-03-15T02:43:47.000000;2016-03-15T02:43:47.000000;ae1b0b47-e74b-4c68-b0a1-e4864b55a394;417.11;0.083407;UNKNOWN
2016-03-15T02:43:48.000000;2016-03-15T02:43:48.000000;2effd849-a0fe-433f-87f6-284fcb46ffcb;417.11;0.02424386;UNKNOWN
2016-03-15T02:43:49.000000;2016-03-15T02:43:49.000000;d0b99a89-d4bd-4824-8b81-43ce80ef4040;417.11;0.117872;UNKNOWN
2016-03-15T02:43:50.000000;2016-03-15T02:43:50.000000;335f58ab-ef99-4bc7-aeec-1f5ea4cd5213;417.11;0.06451808;UNKNOWN
2016-03-15T02:43:50.000000;2016-03-15T02:43:50.000000;ab5a9559-f0ac-4b8c-b5e4-e8ec693f8bda;417.11;0.11798999;UNKNOWN
2016-03-15T02:43:53.000000;2016-03-15T02:43:53.000000;972d2fe9-f9be-4917-92a6-af44673a5a76;417.11;0.0406225;UNKNOWN
2016-03-15T02:43:55.000000;2016-03-15T02:43:55.000000;a26ef98a-b08b-4029-b5bc-410f673ced3b;417.11;0.05265427;UNKNOWN
2016-03-15T02:43:57.000000;2016-03-15T02:43:57.000000;cef71c4c-e8ff-4654-bcb3-c9ef32a09991;417.11;0.05260162;UNKNOWN
2016-03-15T02:44:00.000000;2016-03-15T02:44:00.000000;bbe9148e-0303-47f2-8880-8481e0cce3fa;417.1;0.66;UNKNOWN
2016-03-15T02:44:06.000000;2016-03-15T02:44:06.000000;f602181c-284d-4590-90a6-b5855be59573;417.1;0.35;UNKNOWN
2016-03-15T02:44:08.000000;2016-03-15T02:44:08.000000;355bd5bb-b602-4437-b50e-0c76566aee93;417.1;0.3;UNKNOWN
2016-03-15T02:44:31.000000;2016-03-15T02:44:31.000000;0cf5759b-c046-4df8-9f16-30e68c6db960;417.0;0.76;UNKNOWN
2016-03-15T02:44:35.000000;2016-03-15T02:44:35.000000;2bae75c3-b1a6-4b36-a918-7e6f96faebdb;417.0;0.75;UNKNOWN
2016-03-15T02:44:41.000000;2016-03-15T02:44:41.000000;91675897-1f28-41a6-9404-7b42d32987cd;417.0;0.7;UNKNOWN
2016-03-15T02:44:44.000000;2016-03-15T02:44:44.000000;319e9e7e-ed5a-43c5-927b-80c61be9d23b;417.0;0.41;UNKNOWN
2016-03-15T02:44:51.000000;2016-03-15T02:44:51.000000;5a689a04-089c-444a-b9e8-818369aa2c70;417.0;0.2;UNKNOWN
2016-03-15T02:44:55.000000;2016-03-15T02:44:55.000000;ab0db270-f62c-4a04-895f-91bef5933b91;417.0;0.68;UNKNOWN
2016-03-15T02:45:02.000000;2016-03-15T02:45:02.000000;ca97a59e-5ea7-4fa8-b099-189b50a1ee8a;417.0;0.68;UNKNOWN
2016-03-15T02:45:22.000000;2016-03-15T02:45:22.000000;92935f10-b40e-4405-8c1c-06cd44c35b55;417.0;0.71;UNKNOWN
2016-03-15T02:45:25.000000;2016-03-15T02:45:25.000000;08b1dc0a-cb0e-49a2-a029-02c057493594;417.0;0.63;UNKNOWN
2016-03-15T02:45:30.000000;2016-03-15T02:45:30.000000;b207f214-5361-4f72-8899-93e20f31cbef;417.0;0.66;UNKNOWN
2016-03-15T02:45:36.000000;2016-03-15T02:45:36.000000;fe85f750-1783-41a8-b435-0be8f7dc2a05;417.0;0.71;UNKNOWN
2016-03-15T02:45:39.000000;2016-03-15T02:45:39.000000;060a9383-7f1a-43a5-8a5b-c138b4591f3d;417.0;0.68;UNKNOWN
2016-03-15T02:45:50.000000;2016-03-15T02:45:50.000000;65a2833a-ee66-486d-8854-22f4d72fdf6d;417.0;0.36;UNKNOWN
2016-03-15T02:46:07.000000;2016-03-15T02:46:07.000000;2c4aef17-d382-4f6b-b164-dd54061a1be9;417.0;0.68;UNKNOWN
2016-03-15T02:46:31.000000;2016-03-15T02:46:31.000000;ddea04d8-6100-444f-b0ed-0632e4793ce2;417.0;0.024;UNKNOWN
2016-03-15T02:46:45.000000;2016-03-15T02:46:45.000000;a3e10244-821e-4594-93bd-8370e87db6ab;417.0;0.76;UNKNOWN
2016-03-15T02:47:02.000000;2016-03-15T02:47:02.000000;038b354a-a0bd-4a3b-903f-d2f1ebfb3047;417.0;0.57;UNKNOWN
2016-03-15T02:47:10.000000;2016-03-15T02:47:10.000000;40cc0352-26dc-4416-b7d5-6046fc99a9a5;416.86;0.22849;UNKNOWN
2016-03-15T02:47:25.000000;2016-03-15T02:47:25.000000;79a3f80b-e348-490d-a6e3-7a28bf805630;416.75;0.27;UNKNOWN
2016-03-15T02:48:21.000000;2016-03-15T02:48:21.000000;e4ef0e91-2fa7-4d26-ad7c-d5c4d3b657da;416.75;26.1337;UNKNOWN
2016-03-15T02:48:30.000000;2016-03-15T02:48:30.000000;853f84bf-38b2-48d0-a8ce-a3006e3201d1;416.75;0.12;UNKNOWN
2016-03-15T02:48:39.000000;2016-03-15T02:48:39.000000;6fddce39-5808-43d0-9d98-10ffd5645dc0;416.75;0.48876871;UNKNOWN
2016-03-15T02:48:44.000000;2016-03-15T02:48:44.000000;7317c881-6bd8-4c0d-9a34-f54c742cd52f;416.71;5.1646;UNKNOWN
2016-03-15T02:48:44.000000;2016-03-15T02:48:44.000000;7e879469-69e6-4cbf-8d7f-882f77d0341d;416.75;5.96413129;UNKNOWN
2016-03-15T02:48:46.000000;2016-03-15T02:48:46.000000;45ed57d7-280c-4ca4-aab3-bdd697734483;416.5;0.1;UNKNOWN
2016-03-15T02:48:46.000000;2016-03-15T02:48:46.000000;179fc70c-8a3c-475a-85af-14d2f82adf2a;416.51;0.12;UNKNOWN
2016-03-15T02:48:47.000000;2016-03-15T02:48:47.000000;2b26abd1-b28a-424f-be02-75172f6b0492;416.51;0.65;UNKNOWN
2016-03-15T02:48:58.000000;2016-03-15T02:48:58.000000;27ca2400-97f2-4f93-acc2-dcb501b2150b;416.5;0.49;UNKNOWN
2016-03-15T02:49:08.000000;2016-03-15T02:49:08.000000;d06f8d82-213a-4678-9c70-fc99658e0544;416.57;0.1120266;UNKNOWN
2016-03-15T02:49:09.000000;2016-03-15T02:49:09.000000;32c2b0aa-5360-4c78-879a-8cd9006e5842;416.5;97.44;UNKNOWN
2016-03-15T02:49:31.000000;2016-03-15T02:49:31.000000;5cfce43b-f854-4db4-a400-e3599b6d5d4f;416.51;0.04585697;UNKNOWN
2016-03-15T02:49:31.000000;2016-03-15T02:49:31.000000;d600ac7c-47ed-43d5-835f-102e6f1445a7;416.5;0.28857399;UNKNOWN
2016-03-15T02:49:31.000000;2016-03-15T02:49:31.000000;7498fc9e-9df6-49cf-b10a-236b08059671;416.51;0.10556904;UNKNOWN
2016-03-15T02:49:44.000000;2016-03-15T02:49:44.000000;527fd921-3cd1-4c2e-b765-38642ba21cfd;416.5;0.18;UNKNOWN
2016-03-15T02:50:09.000000;2016-03-15T02:50:09.000000;e5370fad-9f3f-4f08-94cb-50eaa7d3c607;416.5;0.67;UNKNOWN
2016-03-15T02:50:11.000000;2016-03-15T02:50:11.000000;263fbdb5-023d-400d-945e-c563e401ae40;416.5;0.223125;UNKNOWN
2016-03-15T02:50:23.000000;2016-03-15T02:50:23.000000;761d9019-2f84-4caa-90e9-62d476c55364;416.5;0.60830101;UNKNOWN
2016-03-15T02:50:40.000000;2016-03-15T02:50:40.000000;e3112809-9ff3-438c-ac90-b385adb11265;416.16;0.01855674;UNKNOWN
2016-03-15T02:50:40.000000;2016-03-15T02:50:40.000000;ebfabcdc-a06d-4233-ae38-92343d664ebf;416.0;0.01507825;UNKNOWN
2016-03-15T02:50:40.000000;2016-03-15T02:50:40.000000;bc27e4c6-de3c-409a-a389-00d73be77fb3;416.15;0.04310155;UNKNOWN
2016-03-15T02:50:40.000000;2016-03-15T02:50:40.000000;c715a364-2ec5-4bca-b417-ff92d8460a83;416.0;0.18492175;UNKNOWN
2016-03-15T02:50:40.000000;2016-03-15T02:50:40.000000;6651c3c1-445e-416a-8368-94c6f157ccff;415.97;0.26109036;UNKNOWN
2016-03-15T02:50:41.000000;2016-03-15T02:50:41.000000;f4915a2a-1c07-4012-9d11-5b3a6907d45b;416.16;0.01855674;UNKNOWN
