time_exchange;time_coinpai;guid;price;base_amount;taker_side
2016-02-23T00:00:11.000000;2016-02-23T00:00:11.000000;dafe7b13-c5b7-4261-80d2-f5196e1aa546;440.25;0.1;UNKNOWN
2016-02-23T00:03:05.000000;2016-02-23T00:03:05.000000;85ec9705-fb22-44f6-8b45-ed208dc37248;440.45;2.0;UNKNOWN
2016-02-23T00:03:28.000000;2016-02-23T00:03:28.000000;da3bd4a6-5285-4db1-a3c5-ee43937d24bf;440.26;0.02273916;UNKNOWN
2016-02-23T00:03:36.000000;2016-02-23T00:03:36.000000;de4b83aa-2704-4d96-bd5f-c9b199808232;440.45;0.25;UNKNOWN
2016-02-23T00:03:43.000000;2016-02-23T00:03:43.000000;8f9bcee5-31fc-4e52-9e48-d7ab9b13c0fa;440.45;0.05;UNKNOWN
2016-02-23T00:04:06.000000;2016-02-23T00:04:06.000000;fac28222-7271-4726-8af9-7947321dd89b;440.41;0.5960022;UNKNOWN
2016-02-23T00:04:07.000000;2016-02-23T00:04:07.000000;a4c23dca-0c11-412d-a633-64a5de0ab97e;440.42;2.01116359;UNKNOWN
2016-02-23T00:05:18.000000;2016-02-23T00:05:18.000000;42b0371c-45f2-46d6-ab7e-15cdab2f1dfc;440.39;6.82571515;UNKNOWN
2016-02-23T00:06:06.000000;2016-02-23T00:06:06.000000;a54221f2-2e33-4304-beed-4661e25467b5;440.54;1.0;UNKNOWN
2016-02-23T00:06:18.000000;2016-02-23T00:06:18.000000;4cf3d054-bf9a-459c-a0d6-04cb843d3e41;440.25;0.0229;UNKNOWN
2016-02-23T00:07:35.000000;2016-02-23T00:07:35.000000;47f5ef4c-0f46-492d-9bf7-d1af44c118fe;440.6;0.05;UNKNOWN
2016-02-23T00:07:35.000000;2016-02-23T00:07:35.000000;1b2d0918-a080-4352-b49c-5674bb2e87c6;440.6;2.38996858;UNKNOWN
2016-02-23T00:07:35.000000;2016-02-23T00:07:35.000000;a2e46c88-4a96-4005-b038-91fb44fc0a6d;440.62;0.06003142;UNKNOWN
2016-02-23T00:07:42.000000;2016-02-23T00:07:42.000000;dc5da0e0-fae9-458d-9a20-6096a912bf21;440.95;1.97404248;UNKNOWN
2016-02-23T00:07:42.000000;2016-02-23T00:07:42.000000;a101f0ca-5dbf-420c-8017-16bc812fdcea;440.94;0.5;UNKNOWN
2016-02-23T00:07:42.000000;2016-02-23T00:07:42.000000;6eca1153-f285-49f4-979c-bd7f7358e35f;440.95;3.0;UNKNOWN
2016-02-23T00:08:37.000000;2016-02-23T00:08:37.000000;07c7eaf9-03db-42b2-a97b-5e1958ee5031;440.96;5.92666858;UNKNOWN
2016-02-23T00:08:37.000000;2016-02-23T00:08:37.000000;9af73ed2-6f0c-4985-93f2-71d20349173f;440.61;0.01833142;UNKNOWN
2016-02-23T00:08:57.000000;2016-02-23T00:08:57.000000;cd0049d5-bb82-459a-a360-18e7418d8fc1;440.99;0.05;UNKNOWN
2016-02-23T00:08:57.000000;2016-02-23T00:08:57.000000;28238849-0b04-48b2-b8b7-87aafe91daa2;441.0;0.01;UNKNOWN
2016-02-23T00:09:05.000000;2016-02-23T00:09:05.000000;25c02a5f-16ce-4552-9325-820a5e4f2583;440.53;1.3874;UNKNOWN
2016-02-23T00:09:05.000000;2016-02-23T00:09:05.000000;ede1327d-cca2-456f-8202-3f8c7789f6e8;440.68;3.0;UNKNOWN
2016-02-23T00:09:05.000000;2016-02-23T00:09:05.000000;e73c0dc8-2724-4ed2-a2c8-b44c70fb850f;440.7;5.6126;UNKNOWN
2016-02-23T00:09:07.000000;2016-02-23T00:09:07.000000;252522e6-fcaf-4d8e-834f-0682bb87f323;440.53;4.6126;UNKNOWN
2016-02-23T00:09:07.000000;2016-02-23T00:09:07.000000;8d90667f-f987-4b2a-a57e-74a181fb28ea;440.69;0.5;UNKNOWN
2016-02-23T00:09:07.000000;2016-02-23T00:09:07.000000;2263f34d-fe05-4461-ab67-ec3cb9c65e6a;440.36;2.8874;UNKNOWN
2016-02-23T00:10:06.000000;2016-02-23T00:10:06.000000;c93eed1b-a848-4266-b804-7553e4c6fa30;440.87;5.0;UNKNOWN
2016-02-23T00:10:55.000000;2016-02-23T00:10:55.000000;254072a7-0103-46c7-80a9-512345aec113;440.99;3.0;UNKNOWN
2016-02-23T00:10:55.000000;2016-02-23T00:10:55.000000;065cd995-7ed3-4e91-a20e-33e8586c96ad;440.98;0.5;UNKNOWN
2016-02-23T00:10:55.000000;2016-02-23T00:10:55.000000;5c4aa63f-8a31-4031-a6b5-7ec8bca89357;440.99;1.5;UNKNOWN
2016-02-23T00:10:58.000000;2016-02-23T00:10:58.000000;178b2573-c9d7-4c39-809e-42996c090d26;440.97;0.5;UNKNOWN
2016-02-23T00:10:58.000000;2016-02-23T00:10:58.000000;d77b37c5-ae5a-47a3-9f33-7721b5fdfcf0;440.99;0.02272213;UNKNOWN
2016-02-23T00:12:00.000000;2016-02-23T00:12:00.000000;6c3fa1c2-f927-4f8e-9fc1-c8400e2cfb79;441.0;0.1;UNKNOWN
2016-02-23T00:12:07.000000;2016-02-23T00:12:07.000000;6f14e0f0-28a7-47c0-989f-3a6e82fdf274;440.99;1.79294705;UNKNOWN
2016-02-23T00:12:08.000000;2016-02-23T00:12:08.000000;12892112-5d23-4093-a4a7-42030ea76dc6;441.0;1.1326;UNKNOWN
2016-02-23T00:12:26.000000;2016-02-23T00:12:26.000000;632b43f9-468b-4c69-8ffe-cc236e41c994;441.0;0.25;UNKNOWN
2016-02-23T00:13:05.000000;2016-02-23T00:13:05.000000;78d85aa0-3f51-4e2b-bd67-b43f9703ada6;440.99;2.68433082;UNKNOWN
2016-02-23T00:13:05.000000;2016-02-23T00:13:05.000000;5a2156ed-3653-4409-9e4b-db41711e2bd0;440.99;4.3603094;UNKNOWN
2016-02-23T00:13:39.000000;2016-02-23T00:13:39.000000;fd028895-bb3c-42ce-bc74-a8f1c250f8f6;440.64;1.3603094;UNKNOWN
2016-02-23T00:13:39.000000;2016-02-23T00:13:39.000000;81f68f80-9e3e-4cf6-94e6-906d39ae669b;440.82;0.5;UNKNOWN
2016-02-23T00:13:39.000000;2016-02-23T00:13:39.000000;9b7eebe3-aca6-449c-9f64-90f16d4ae7d7;440.99;0.6396906;UNKNOWN
2016-02-23T00:14:05.000000;2016-02-23T00:14:05.000000;33811b22-bf32-4fd7-a0f1-f438d851bdef;440.7;0.043;UNKNOWN
2016-02-23T00:15:10.000000;2016-02-23T00:15:10.000000;3a4d342f-07ad-4009-9854-29c2fd6ea8c2;440.58;0.019;UNKNOWN
2016-02-23T00:16:37.000000;2016-02-23T00:16:37.000000;991f906d-b1da-4e0f-8176-3db607d10f1c;440.36;0.22;UNKNOWN
2016-02-23T00:16:38.000000;2016-02-23T00:16:38.000000;eebd75db-bbe6-4bde-a4b1-9b3407bbec33;440.36;0.32662071;UNKNOWN
2016-02-23T00:16:50.000000;2016-02-23T00:16:50.000000;4907f3e6-259d-42e7-aea5-ff085eedae7f;440.36;0.1;UNKNOWN
2016-02-23T00:17:57.000000;2016-02-23T00:17:57.000000;355faddb-eae8-4b5b-977d-890894e5ed3e;440.33;0.01954521;UNKNOWN
2016-02-23T00:19:39.000000;2016-02-23T00:19:39.000000;1c9a49fd-20c5-42f4-b397-b90cf1442249;440.7;0.02;UNKNOWN
2016-02-23T00:19:47.000000;2016-02-23T00:19:47.000000;cb9f2267-55b4-44c7-a96b-7b75ae06d8ce;440.39;0.02294167;UNKNOWN
2016-02-23T00:20:05.000000;2016-02-23T00:20:05.000000;6e2865b4-7027-4f45-aaf8-14c4a51a79bd;440.39;1.0;UNKNOWN
2016-02-23T00:20:39.000000;2016-02-23T00:20:39.000000;f40b26c0-5adf-4695-8ad0-0c18f0cbac3f;440.66;0.01;UNKNOWN
2016-02-23T00:24:08.000000;2016-02-23T00:24:08.000000;1ded8c48-3124-4074-a829-f672684846ca;440.6;0.1;UNKNOWN
2016-02-23T00:26:58.000000;2016-02-23T00:26:58.000000;58e3b867-d187-4876-b2c9-fc24bf6e0504;440.4;0.17042375;UNKNOWN
2016-02-23T00:29:58.000000;2016-02-23T00:29:58.000000;4f6bad9a-7c39-480c-b8b1-e1bc9c1a5519;440.51;0.22513902;UNKNOWN
2016-02-23T00:31:06.000000;2016-02-23T00:31:06.000000;570268d7-31ff-44cc-94cb-0905325fa4a1;440.9;20.0;UNKNOWN
2016-02-23T00:31:48.000000;2016-02-23T00:31:48.000000;923f445c-cf7a-4090-b458-421e5cb36af2;440.9;0.2;UNKNOWN
2016-02-23T00:31:58.000000;2016-02-23T00:31:58.000000;ac3e815b-d0b8-461e-b28f-7ed8e0ce9a62;440.7;0.0305;UNKNOWN
2016-02-23T00:33:05.000000;2016-02-23T00:33:05.000000;0ac6b583-c315-4ff7-8a58-533623146199;440.67;5.6411;UNKNOWN
2016-02-23T00:33:05.000000;2016-02-23T00:33:05.000000;9448eeb3-7fb2-4391-a1f1-b037dd586f07;440.56;4.3589;UNKNOWN
2016-02-23T00:35:50.000000;2016-02-23T00:35:50.000000;ae96fc0a-1920-4595-b0a7-d0acbf92c0e9;440.5;3.52339216;UNKNOWN
2016-02-23T00:35:52.000000;2016-02-23T00:35:52.000000;949940e6-6bca-48d3-8742-aa1a68986001;440.51;0.01833142;UNKNOWN
2016-02-23T00:37:27.000000;2016-02-23T00:37:27.000000;c6694c04-cd21-42d5-b276-502ed8c2b4d7;440.51;0.04;UNKNOWN
2016-02-23T00:37:31.000000;2016-02-23T00:37:31.000000;d5f61a88-c9af-408b-814b-aa199e960ab3;440.51;0.04;UNKNOWN
2016-02-23T00:37:34.000000;2016-02-23T00:37:34.000000;5ce4aecb-807c-4725-8f35-f273b5753558;440.51;0.04;UNKNOWN
2016-02-23T00:37:37.000000;2016-02-23T00:37:37.000000;996e94cb-96d3-4391-9a8a-0d974cab5517;440.51;0.04;UNKNOWN
2016-02-23T00:37:39.000000;2016-02-23T00:37:39.000000;63cc5e95-7e05-4dc9-b42b-2ab07d735cd4;440.51;0.04;UNKNOWN
2016-02-23T00:37:42.000000;2016-02-23T00:37:42.000000;2fde7a33-6a6e-4cc0-841f-3ae686a1627e;440.51;0.04;UNKNOWN
2016-02-23T00:37:45.000000;2016-02-23T00:37:45.000000;e6d853d3-2a00-4130-8483-74124c9a4b7d;440.51;0.04;UNKNOWN
2016-02-23T00:37:48.000000;2016-02-23T00:37:48.000000;f3158f76-0e54-4bd3-b90d-e25c8c561e65;440.51;0.04;UNKNOWN
2016-02-23T00:37:51.000000;2016-02-23T00:37:51.000000;d132abcb-affe-4c67-bdfb-7e556c31b49f;440.51;0.04;UNKNOWN
2016-02-23T00:37:54.000000;2016-02-23T00:37:54.000000;594ae068-3236-48b4-96ba-b2dcafcb9fab;440.51;0.04;UNKNOWN
2016-02-23T00:37:57.000000;2016-02-23T00:37:57.000000;5c61d05f-0e9e-4376-a0a4-47902c256863;440.51;0.04;UNKNOWN
2016-02-23T00:38:00.000000;2016-02-23T00:38:00.000000;a377c717-5bd2-4d00-b119-7654c61d89ab;440.51;0.04;UNKNOWN
2016-02-23T00:38:03.000000;2016-02-23T00:38:03.000000;f2da3433-7fda-4502-9bc3-ca62f0e5c617;440.51;0.04;UNKNOWN
2016-02-23T00:38:06.000000;2016-02-23T00:38:06.000000;9a32cda8-8b87-472e-86ac-8836a206f703;440.51;0.2732645;UNKNOWN
2016-02-23T00:39:06.000000;2016-02-23T00:39:06.000000;5b73809f-5517-478d-aa1e-b768fb06d07d;440.51;0.68654599;UNKNOWN
2016-02-23T00:39:26.000000;2016-02-23T00:39:26.000000;7b9fa795-ce70-452d-afbe-4f8830cfe896;440.58;0.04;UNKNOWN
2016-02-23T00:39:58.000000;2016-02-23T00:39:58.000000;ec0c06b1-bf65-40c7-bb2f-19b50dbfdacf;440.68;0.02518414;UNKNOWN
2016-02-23T00:39:58.000000;2016-02-23T00:39:58.000000;285aad35-5c06-49d3-89d5-e1a4e57743d9;440.68;0.04;UNKNOWN
2016-02-23T00:40:08.000000;2016-02-23T00:40:08.000000;3e723f95-2631-451c-a894-6e5f9cf68728;440.78;0.04;UNKNOWN
2016-02-23T00:40:08.000000;2016-02-23T00:40:08.000000;7fe1df87-4eb1-4132-9961-d0b52376c434;440.79;0.02543433;UNKNOWN
2016-02-23T00:40:08.000000;2016-02-23T00:40:08.000000;b0616b43-b585-4221-bbdb-20b4816f39c2;440.54;0.4903023;UNKNOWN
2016-02-23T00:40:08.000000;2016-02-23T00:40:08.000000;2838db10-5c33-4d00-b94a-282b1ba51bf5;440.68;0.19372341;UNKNOWN
2016-02-23T00:41:38.000000;2016-02-23T00:41:38.000000;24c19491-098b-4d69-879e-f52124d15d42;440.78;0.06816177;UNKNOWN
2016-02-23T00:41:55.000000;2016-02-23T00:41:55.000000;a59ec194-8609-4246-84a5-950591c081be;440.79;0.25890755;UNKNOWN
2016-02-23T00:43:01.000000;2016-02-23T00:43:01.000000;b5e0db57-d474-4463-9d85-e9f3050bd71e;440.8;0.01;UNKNOWN
2016-02-23T00:43:34.000000;2016-02-23T00:43:34.000000;39d9e64e-8122-4514-9980-507033d5f5ef;440.57;0.01;UNKNOWN
2016-02-23T00:44:55.000000;2016-02-23T00:44:55.000000;c38a7063-79f3-46bf-8d08-7b155dd7e73b;440.8;0.01;UNKNOWN
2016-02-23T00:45:06.000000;2016-02-23T00:45:06.000000;792c258a-6d90-48f1-a352-a1e4d1186099;440.6;0.27615478;UNKNOWN
2016-02-23T00:45:06.000000;2016-02-23T00:45:06.000000;f7ab8dd5-8ceb-4a22-a834-eaa59119e4c0;440.79;3.50034984;UNKNOWN
2016-02-23T00:45:59.000000;2016-02-23T00:45:59.000000;3bd75088-985d-4e7f-bf37-b862af495f5b;440.57;1.4025346;UNKNOWN
2016-02-23T00:46:06.000000;2016-02-23T00:46:06.000000;a89f006e-62cf-409e-9bda-17fb1f648260;440.54;0.64112099;UNKNOWN
2016-02-23T00:46:19.000000;2016-02-23T00:46:19.000000;da3133c0-72c4-479f-9b30-17fbdce4e9ae;440.54;0.01;UNKNOWN
2016-02-23T00:46:52.000000;2016-02-23T00:46:52.000000;9c8812b4-14b5-4d8f-a89c-fc3109f1aea1;440.73;0.01;UNKNOWN
2016-02-23T00:46:59.000000;2016-02-23T00:46:59.000000;7c4ae5d6-0fdb-42b1-9b3b-5067c099297c;440.72;0.01;UNKNOWN
2016-02-23T00:47:09.000000;2016-02-23T00:47:09.000000;8edd5a08-fdba-42d0-bf72-5eabe9f67898;440.54;0.03;UNKNOWN
2016-02-23T00:47:21.000000;2016-02-23T00:47:21.000000;bb06bf88-e3ef-47bf-8fcf-d958eef3a7ab;440.75;0.01;UNKNOWN
2016-02-23T00:47:45.000000;2016-02-23T00:47:45.000000;f0033aa6-7f33-4b96-aadd-8602c75eae84;440.75;0.01;UNKNOWN
2016-02-23T00:48:06.000000;2016-02-23T00:48:06.000000;28cba29e-5045-4e64-9495-53b8a977a92c;440.75;1.15;UNKNOWN
2016-02-23T00:48:09.000000;2016-02-23T00:48:09.000000;685560b9-edd9-4fee-9d38-7917fadc40be;440.75;0.1;UNKNOWN
2016-02-23T00:48:26.000000;2016-02-23T00:48:26.000000;d4c9cfcf-1404-479e-8289-dae6d19618ec;440.54;0.02557383;UNKNOWN
2016-02-23T00:49:02.000000;2016-02-23T00:49:02.000000;e94daa11-de7b-4059-b277-0f311ed32a4a;440.54;0.228246;UNKNOWN
2016-02-23T00:50:09.000000;2016-02-23T00:50:09.000000;6f4f87b4-1d9e-43f0-8bfe-fc37bac64626;440.56;0.41130968;UNKNOWN
2016-02-23T00:52:37.000000;2016-02-23T00:52:37.000000;f24ddfe5-2926-4c06-a08a-e88599958e43;440.88;0.04;UNKNOWN
2016-02-23T00:52:37.000000;2016-02-23T00:52:37.000000;db7fadd7-8dd5-4716-add2-3986dffe0805;440.96;0.03269029;UNKNOWN
2016-02-23T00:52:37.000000;2016-02-23T00:52:37.000000;fb927783-5e2d-405b-b682-03e5055ebe70;440.55;0.32730971;UNKNOWN
2016-02-23T00:54:20.000000;2016-02-23T00:54:20.000000;74610ad3-7591-4d74-9928-c256b4c986c9;440.98;0.04;UNKNOWN
2016-02-23T00:54:20.000000;2016-02-23T00:54:20.000000;329bc280-b12d-4543-956a-0ef85c91be85;440.98;0.5;UNKNOWN
2016-02-23T00:54:20.000000;2016-02-23T00:54:20.000000;bb96230f-c135-49f8-a692-b7951d70b139;440.99;0.66;UNKNOWN
2016-02-23T00:56:38.000000;2016-02-23T00:56:38.000000;5d37baab-3f24-47ab-bb3d-4c56582e84b8;440.67;0.113;UNKNOWN
2016-02-23T00:56:45.000000;2016-02-23T00:56:45.000000;6dca10e3-1baf-44d4-9495-6e9510844c12;441.0;0.35;UNKNOWN
2016-02-23T00:57:35.000000;2016-02-23T00:57:35.000000;63d3952c-06df-44b4-a91c-bcac6148f548;441.22;1.95340518;UNKNOWN
2016-02-23T00:57:35.000000;2016-02-23T00:57:35.000000;3c8b0e40-23cf-47f4-ae8d-47f42dfcc712;441.08;0.04;UNKNOWN
2016-02-23T00:57:35.000000;2016-02-23T00:57:35.000000;23484233-9fa8-4b1b-8d1a-013003a63861;441.02;3.24163119;UNKNOWN
2016-02-23T00:57:35.000000;2016-02-23T00:57:35.000000;ba3eb1c1-b78d-4d5a-baed-ccd0945725e3;441.11;3.24166622;UNKNOWN
2016-02-23T00:57:35.000000;2016-02-23T00:57:35.000000;23b01396-8758-4812-a657-de216913c876;441.18;0.04;UNKNOWN
2016-02-23T00:57:35.000000;2016-02-23T00:57:35.000000;f95dcb89-20ea-4d70-8756-2701cda31490;441.15;3.24166622;UNKNOWN
2016-02-23T00:57:35.000000;2016-02-23T00:57:35.000000;46836bf7-978c-4e77-9795-0abc3512fbb2;441.07;3.24163119;UNKNOWN
2016-02-23T00:57:43.000000;2016-02-23T00:57:43.000000;374b7f61-dac9-4059-890f-7c7278bfee71;441.28;0.04;UNKNOWN
2016-02-23T00:57:43.000000;2016-02-23T00:57:43.000000;25d699c3-7867-458d-b6d8-0e379c4f9fbe;441.28;3.2411759;UNKNOWN
2016-02-23T00:57:43.000000;2016-02-23T00:57:43.000000;4d21e85e-b965-4c52-aa42-1e420b2d2cc2;441.38;0.2;UNKNOWN
2016-02-23T00:57:43.000000;2016-02-23T00:57:43.000000;a6fd2548-4168-4d30-a3ae-1b802344dc72;441.38;0.04;UNKNOWN
2016-02-23T00:57:44.000000;2016-02-23T00:57:44.000000;09d6b9f6-86c4-4673-8991-f559e4d54832;441.41;3.2411759;UNKNOWN
2016-02-23T00:57:44.000000;2016-02-23T00:57:44.000000;01de830c-730e-4233-8576-dce06b64402d;441.41;3.2411759;UNKNOWN
2016-02-23T00:58:00.000000;2016-02-23T00:58:00.000000;87de909e-8f6b-41f7-81d0-869e3fff3be4;441.4;0.8369;UNKNOWN
2016-02-23T00:58:21.000000;2016-02-23T00:58:21.000000;23bc64b9-8923-40d2-8008-cdc2d21ccddd;441.4;0.8369;UNKNOWN
2016-02-23T00:58:23.000000;2016-02-23T00:58:23.000000;1d003c9e-6a46-4389-9f55-232816dcd01f;441.41;0.05;UNKNOWN
2016-02-23T00:58:23.000000;2016-02-23T00:58:23.000000;0c8de181-c942-470a-98e2-92b9424d1589;441.41;0.86;UNKNOWN
2016-02-23T00:58:24.000000;2016-02-23T00:58:24.000000;338b40cc-f1fe-4d2f-9e6b-5d86adb960a3;441.41;5.0;UNKNOWN
2016-02-23T00:58:28.000000;2016-02-23T00:58:28.000000;cf4cea8f-234b-41e1-ab26-bf00a41965f9;441.42;0.05060957;UNKNOWN
2016-02-23T00:58:45.000000;2016-02-23T00:58:45.000000;aa9fe8f9-83b1-4514-b86f-549aa251932e;441.4;0.5;UNKNOWN
2016-02-23T00:58:54.000000;2016-02-23T00:58:54.000000;d797511e-9f0a-429c-bd37-14f957a43d46;441.4;0.037;UNKNOWN
2016-02-23T00:59:00.000000;2016-02-23T00:59:00.000000;3aacf306-d5b9-41da-bafe-2ab10eded578;441.42;0.5;UNKNOWN
2016-02-23T00:59:00.000000;2016-02-23T00:59:00.000000;c01f8e9a-738f-4101-acb4-d28be24b9590;441.53;0.7491;UNKNOWN
2016-02-23T00:59:00.000000;2016-02-23T00:59:00.000000;fb35921b-1d94-415f-a933-d0ec66d37f5b;441.48;0.04;UNKNOWN
2016-02-23T00:59:00.000000;2016-02-23T00:59:00.000000;043d5934-c5e0-4901-9b48-04cb00a3f760;441.41;0.62;UNKNOWN
2016-02-23T00:59:00.000000;2016-02-23T00:59:00.000000;9d35f3d8-b189-45a1-9d97-ca74587ef212;441.5;0.0909;UNKNOWN
2016-02-23T00:59:14.000000;2016-02-23T00:59:14.000000;6d7373d1-2b72-42e7-be69-d71aeb63a874;441.41;0.0469;UNKNOWN
2016-02-23T00:59:14.000000;2016-02-23T00:59:14.000000;3abc170c-bf67-4780-b8fc-9dbb5c0d14df;441.41;0.79;UNKNOWN
2016-02-23T01:01:05.000000;2016-02-23T01:01:05.000000;92db2ae5-34a9-4886-ab1b-087625e70130;441.41;0.05;UNKNOWN
2016-02-23T01:01:05.000000;2016-02-23T01:01:05.000000;82921730-9fd5-4b5e-b6d7-229d0f9a90ea;441.4;4.95;UNKNOWN
2016-02-23T01:01:15.000000;2016-02-23T01:01:15.000000;1869c8b4-7ab6-4fa5-be4a-22512ad3e5e4;441.4;0.0499;UNKNOWN
2016-02-23T01:01:28.000000;2016-02-23T01:01:28.000000;0ffcc9fd-e477-4d1c-85aa-806873fb557d;441.4;0.063784;UNKNOWN
2016-02-23T01:01:38.000000;2016-02-23T01:01:38.000000;33fbe9c3-9764-4243-bfdd-8a0466a321fc;441.4;0.23919;UNKNOWN
2016-02-23T01:04:58.000000;2016-02-23T01:04:58.000000;85d6302a-5629-4c57-838f-1fbee5a5c739;441.4;0.06803359;UNKNOWN
2016-02-23T01:06:14.000000;2016-02-23T01:06:14.000000;189400c1-1599-4e80-accf-0dc2d77cd4e1;441.41;0.8269;UNKNOWN
2016-02-23T01:06:14.000000;2016-02-23T01:06:14.000000;6659acec-6e2d-4397-aabc-75c329e4a75b;441.41;0.01;UNKNOWN
2016-02-23T01:06:20.000000;2016-02-23T01:06:20.000000;9f2f0e56-132d-42d3-8bb7-dea447712095;441.48;0.0241;UNKNOWN
2016-02-23T01:07:50.000000;2016-02-23T01:07:50.000000;ed64a987-9706-44bf-80cb-e76ea3104dec;441.48;0.5;UNKNOWN
2016-02-23T01:07:50.000000;2016-02-23T01:07:50.000000;db2d8fd5-c2e3-473e-880b-b8b528ba124c;441.53;0.6631;UNKNOWN
2016-02-23T01:07:50.000000;2016-02-23T01:07:50.000000;7a4337d2-1dd6-46c2-a29f-dce3aac5c134;441.41;0.8369;UNKNOWN
2016-02-23T01:07:57.000000;2016-02-23T01:07:57.000000;701a0240-4f01-459a-8076-dcc1ad176eb6;441.4;0.8369;UNKNOWN
2016-02-23T01:09:06.000000;2016-02-23T01:09:06.000000;8551d729-d859-4339-aa34-716ace1df912;441.48;0.09174629;UNKNOWN
2016-02-23T01:09:09.000000;2016-02-23T01:09:09.000000;de0050cc-f218-4b90-bd71-56656186f258;441.53;0.37394629;UNKNOWN
2016-02-23T01:09:09.000000;2016-02-23T01:09:09.000000;f7d4b20f-79e8-4ff3-97ba-588125af4bee;441.48;0.40825371;UNKNOWN
2016-02-23T01:09:09.000000;2016-02-23T01:09:09.000000;7d34f905-330c-4c61-b3ea-df4c774ccc44;441.53;1.2178;UNKNOWN
2016-02-23T01:09:12.000000;2016-02-23T01:09:12.000000;85e80b68-d5d8-42da-b494-7b84ea6ea7ec;441.65;14.2;UNKNOWN
2016-02-23T01:09:12.000000;2016-02-23T01:09:12.000000;2c0481ba-ff97-487a-b09f-a61080be46ae;441.66;14.0918;UNKNOWN
2016-02-23T01:09:12.000000;2016-02-23T01:09:12.000000;372fb7bf-2d27-46e9-a9ed-76774e280e53;441.53;0.12605371;UNKNOWN
2016-02-23T01:09:12.000000;2016-02-23T01:09:12.000000;697eaa14-75b5-456c-a3bf-3ea3c7d8c3fa;441.58;0.04;UNKNOWN
2016-02-23T01:09:12.000000;2016-02-23T01:09:12.000000;2982b522-82ab-439f-8267-999aabf26107;441.65;5.6186;UNKNOWN
2016-02-23T01:09:12.000000;2016-02-23T01:09:12.000000;215b90f0-09cf-4829-b2fd-8e690f1c9bf0;441.78;0.04;UNKNOWN
2016-02-23T01:09:12.000000;2016-02-23T01:09:12.000000;22d3f9c0-25d1-4469-b374-07572c281624;441.8;1.5;UNKNOWN
2016-02-23T01:09:12.000000;2016-02-23T01:09:12.000000;a8481fd7-8c10-4839-a229-fbdee352597d;441.68;0.04;UNKNOWN
2016-02-23T01:09:12.000000;2016-02-23T01:09:12.000000;90b60819-cf2a-4b12-bd85-a54fdd40cba9;441.8;4.34354629;UNKNOWN
2016-02-23T01:10:01.000000;2016-02-23T01:10:01.000000;8af85c87-b5ee-4ca8-b7e1-fc89fbcb2e9c;441.92;0.5;UNKNOWN
2016-02-23T01:10:01.000000;2016-02-23T01:10:01.000000;1fa940f0-fc0e-44d5-bfbd-3e63d9f9c370;441.93;3.0;UNKNOWN
2016-02-23T01:10:01.000000;2016-02-23T01:10:01.000000;5846f7c5-2699-4811-83e2-7fc667cb8e10;441.8;0.5;UNKNOWN
2016-02-23T01:10:01.000000;2016-02-23T01:10:01.000000;4f1cfdb7-ebee-4fd2-a0bd-5039ac4d9e85;441.88;0.04;UNKNOWN
2016-02-23T01:10:01.000000;2016-02-23T01:10:01.000000;5164cd18-4a5f-415b-8596-4bf6c9994e07;441.9;0.04;UNKNOWN
2016-02-23T01:10:10.000000;2016-02-23T01:10:10.000000;11e60785-0d49-446c-8ea1-8ae5ba555e78;442.0;0.38;UNKNOWN
2016-02-23T01:10:10.000000;2016-02-23T01:10:10.000000;233ead35-d4fb-4dd7-897d-65ce14ee6e7d;441.99;4.58;UNKNOWN
2016-02-23T01:10:10.000000;2016-02-23T01:10:10.000000;9ee774f4-7c7a-4753-8884-7736d7aa83b4;441.98;0.04;UNKNOWN
2016-02-23T01:10:10.000000;2016-02-23T01:10:10.000000;49d4f06e-dc3a-4675-9c4c-d8f7303533ec;441.98;5.0;UNKNOWN
2016-02-23T01:10:11.000000;2016-02-23T01:10:11.000000;5ab4dc19-1895-4d90-ac07-22c7a3b60565;441.95;0.5;UNKNOWN
2016-02-23T01:10:38.000000;2016-02-23T01:10:38.000000;550ddad2-0ff2-4a75-b0b6-307d7e8fc8e8;441.94;0.6;UNKNOWN
2016-02-23T01:11:06.000000;2016-02-23T01:11:06.000000;7ea365fe-c2ef-414c-a2af-90988cfdce86;441.94;4.5;UNKNOWN
2016-02-23T01:11:09.000000;2016-02-23T01:11:09.000000;e64b48b4-fa7a-4d5e-b232-a8ff5a710c8c;441.94;1.0;UNKNOWN
2016-02-23T01:11:23.000000;2016-02-23T01:11:23.000000;2ff594d8-1630-4ab9-869b-3798e052da5d;441.94;0.5;UNKNOWN
2016-02-23T01:11:28.000000;2016-02-23T01:11:28.000000;620dab51-5fd7-4775-911a-8a0c54aa6c29;441.95;0.1;UNKNOWN
2016-02-23T01:11:31.000000;2016-02-23T01:11:31.000000;9328dcd9-722e-4c87-a0d2-4cad9d5656e6;441.98;0.6;UNKNOWN
2016-02-23T01:11:31.000000;2016-02-23T01:11:31.000000;1daa3018-5e33-440c-bc88-78605ca9e98f;441.97;0.5;UNKNOWN
2016-02-23T01:11:31.000000;2016-02-23T01:11:31.000000;33ac012b-5d0e-44f3-8583-70d91c484aff;441.95;0.5;UNKNOWN
2016-02-23T01:11:31.000000;2016-02-23T01:11:31.000000;335265b2-74e8-49ae-8433-936577de1401;441.95;0.4;UNKNOWN
2016-02-23T01:11:38.000000;2016-02-23T01:11:38.000000;2f3fe5ab-eb52-4f31-aa83-172f7d2eb634;441.95;0.02922924;UNKNOWN
2016-02-23T01:11:52.000000;2016-02-23T01:11:52.000000;fe1d9ca9-d73e-42f7-b01d-2a84b41093e9;442.0;4.5;UNKNOWN
2016-02-23T01:11:52.000000;2016-02-23T01:11:52.000000;8dd2341d-fb94-42c1-93e3-23f840f08c0a;441.98;0.5;UNKNOWN
2016-02-23T01:12:37.000000;2016-02-23T01:12:37.000000;22b5b7b1-36c0-4814-b9a4-2fd02ff9cc8e;442.0;2.0;UNKNOWN
2016-02-23T01:12:58.000000;2016-02-23T01:12:58.000000;a960677b-9ffc-49d1-a836-c941d5f8208a;442.0;0.226;UNKNOWN
2016-02-23T01:13:18.000000;2016-02-23T01:13:18.000000;609da615-047b-4a46-8fbe-b13a49245926;442.0;2.0;UNKNOWN
2016-02-23T01:13:58.000000;2016-02-23T01:13:58.000000;5c9d5afa-bb91-44ce-86ae-b0b5c0d7000d;441.96;0.24296416;UNKNOWN
2016-02-23T01:14:06.000000;2016-02-23T01:14:06.000000;78cfe86b-ed59-4819-8238-11fa7549abe6;441.95;0.07077076;UNKNOWN
2016-02-23T01:14:06.000000;2016-02-23T01:14:06.000000;7888c21e-14c8-4e5f-b0c3-c1d7120a5640;441.95;0.1803192;UNKNOWN
2016-02-23T01:14:39.000000;2016-02-23T01:14:39.000000;1f856428-4346-4f8d-a000-9d7ab780c3b2;441.95;0.02265015;UNKNOWN
2016-02-23T01:15:09.000000;2016-02-23T01:15:09.000000;9d528f0c-db07-4db6-b560-48ff0b2b183d;441.95;0.5;UNKNOWN
2016-02-23T01:15:57.000000;2016-02-23T01:15:57.000000;9d0c8adf-52b5-44f7-b465-ab4394782820;442.0;0.68;UNKNOWN
2016-02-23T01:16:16.000000;2016-02-23T01:16:16.000000;acff628d-0df2-4f6a-8196-695a33f6a81b;442.0;0.01;UNKNOWN
2016-02-23T01:16:22.000000;2016-02-23T01:16:22.000000;d75e324f-d8d7-4cbe-b3d1-1066c42b7748;442.0;0.05;UNKNOWN
2016-02-23T01:16:22.000000;2016-02-23T01:16:22.000000;13f50cb8-04ae-44d7-a368-13327a65072b;442.0;0.204;UNKNOWN
2016-02-23T01:17:16.000000;2016-02-23T01:17:16.000000;33c7dc97-3fcb-41f5-b56b-b8cb695d49af;442.02;0.2;UNKNOWN
2016-02-23T01:17:27.000000;2016-02-23T01:17:27.000000;5e41e4fa-b81b-4196-8a79-65602968bef3;442.04;0.0191;UNKNOWN
2016-02-23T01:17:41.000000;2016-02-23T01:17:41.000000;942788de-0a4b-4dd4-9f49-854d028840ce;442.04;0.8368;UNKNOWN
2016-02-23T01:18:53.000000;2016-02-23T01:18:53.000000;6bcc29d6-d0f9-4a44-a979-9cfc5e6ba33c;442.04;1.4;UNKNOWN
2016-02-23T01:19:01.000000;2016-02-23T01:19:01.000000;43017ad9-93d9-43eb-acd0-8cc1b8c5fb47;442.08;0.04;UNKNOWN
2016-02-23T01:19:01.000000;2016-02-23T01:19:01.000000;4c35aaeb-32e5-4b54-bac7-131fdbba70d8;442.05;0.2;UNKNOWN
2016-02-23T01:19:01.000000;2016-02-23T01:19:01.000000;cb464270-da94-49b2-b70d-84052555d17c;442.16;0.76;UNKNOWN
2016-02-23T01:19:07.000000;2016-02-23T01:19:07.000000;4120869d-3001-45d6-bc6d-c4635db9ec7a;442.16;5.0;UNKNOWN
2016-02-23T01:19:13.000000;2016-02-23T01:19:13.000000;4edebd86-9e64-4be5-95e2-20120c84485c;442.14;1.0;UNKNOWN
2016-02-23T01:19:15.000000;2016-02-23T01:19:15.000000;de6bcdce-1248-4512-a17b-d5e16a3b4d2e;442.07;0.015;UNKNOWN
2016-02-23T01:19:45.000000;2016-02-23T01:19:45.000000;91191ee7-6336-40ce-85e5-fa7269ba5d72;442.09;0.46126477;UNKNOWN
2016-02-23T01:19:51.000000;2016-02-23T01:19:51.000000;5ea115c1-4e64-407e-9fdb-5d023075a39a;442.16;0.1;UNKNOWN
2016-02-23T01:20:05.000000;2016-02-23T01:20:05.000000;f0f5ff36-6cce-452d-8cb8-90b24ff0556f;442.16;0.1;UNKNOWN
2016-02-23T01:20:11.000000;2016-02-23T01:20:11.000000;9f37559b-be12-48cd-9ec3-825064eef72d;442.16;0.2;UNKNOWN
2016-02-23T01:20:26.000000;2016-02-23T01:20:26.000000;47722b36-fbd3-42e1-ba2a-124432216def;442.16;0.2;UNKNOWN
2016-02-23T01:20:27.000000;2016-02-23T01:20:27.000000;e3e394d3-cc1c-4651-bae1-3219f7c437dd;442.09;0.4691;UNKNOWN
2016-02-23T01:20:27.000000;2016-02-23T01:20:27.000000;41f3ddc1-27a7-4530-8136-c1a8b2e7343f;442.16;0.0309;UNKNOWN
2016-02-23T01:20:29.000000;2016-02-23T01:20:29.000000;b77117c9-c261-4a0c-abd0-2d7393f5be92;442.07;0.0691;UNKNOWN
2016-02-23T01:20:29.000000;2016-02-23T01:20:29.000000;f35c1962-ca41-43a6-b86a-56a1f68d109c;442.09;0.0309;UNKNOWN
2016-02-23T01:20:30.000000;2016-02-23T01:20:30.000000;3dc6ee39-2b94-4519-a3f3-7a9810ed7351;442.07;0.0309;UNKNOWN
2016-02-23T01:20:30.000000;2016-02-23T01:20:30.000000;75687e55-dd3c-4809-a1b6-3828258e6a4d;442.06;0.80354665;UNKNOWN
2016-02-23T01:20:45.000000;2016-02-23T01:20:45.000000;af87f688-90f0-49cd-a3d4-2f0af8fecff5;442.09;0.015;UNKNOWN
2016-02-23T01:21:13.000000;2016-02-23T01:21:13.000000;1e70ad26-8344-4108-be8e-2ecbe816f840;442.18;0.04;UNKNOWN
2016-02-23T01:21:13.000000;2016-02-23T01:21:13.000000;9adbe85f-263c-4a63-b99a-54f52cb8af9f;442.2;0.04;UNKNOWN
2016-02-23T01:21:32.000000;2016-02-23T01:21:32.000000;be5be76f-1edb-422e-9ac6-b31029a7d2b2;442.25;0.2;UNKNOWN
2016-02-23T01:21:32.000000;2016-02-23T01:21:32.000000;7d1c9066-cafd-4402-bef1-a49a93c8cc9d;442.24;5.0;UNKNOWN
2016-02-23T01:21:32.000000;2016-02-23T01:21:32.000000;8de70211-b43e-414d-af07-f574a0eb617e;442.28;0.04;UNKNOWN
2016-02-23T01:21:37.000000;2016-02-23T01:21:37.000000;be8c8de5-5352-4c56-900a-8eb867cf2708;442.32;0.23;UNKNOWN
2016-02-23T01:21:46.000000;2016-02-23T01:21:46.000000;50e3c5eb-d81b-45d8-8f04-85c8c5571a10;442.3;0.015;UNKNOWN
2016-02-23T01:22:15.000000;2016-02-23T01:22:15.000000;2c83b65f-80d0-4729-af78-5323c1787005;442.3;0.015;UNKNOWN
2016-02-23T01:22:48.000000;2016-02-23T01:22:48.000000;bc46bc4d-5b7c-4438-9eb7-6d27293d6715;442.29;5.6312;UNKNOWN
2016-02-23T01:22:48.000000;2016-02-23T01:22:48.000000;16f550d0-98fd-4eac-9b70-e59406f2040a;442.28;5.9882;UNKNOWN
2016-02-23T01:22:48.000000;2016-02-23T01:22:48.000000;93ca032a-9f55-46ae-9479-ef8800bdfb82;442.31;0.07;UNKNOWN
2016-02-23T01:23:08.000000;2016-02-23T01:23:08.000000;eb19d13b-48bd-4ed1-a756-f73373ec690e;442.13;2.3;UNKNOWN
2016-02-23T01:23:08.000000;2016-02-23T01:23:08.000000;49beb0d6-0d63-49f7-b783-ea5ba601c484;442.31;0.7;UNKNOWN
2016-02-23T01:23:39.000000;2016-02-23T01:23:39.000000;d3fa3fef-f284-4b9c-986f-26dda89048c4;442.07;0.1;UNKNOWN
2016-02-23T01:23:39.000000;2016-02-23T01:23:39.000000;ac19f153-b0b9-4407-bc42-44a3143d323a;442.05;0.49655481;UNKNOWN
2016-02-23T01:23:39.000000;2016-02-23T01:23:39.000000;1540b9bf-7729-40b6-abea-d170662fac6b;442.09;0.1;UNKNOWN
2016-02-23T01:23:40.000000;2016-02-23T01:23:40.000000;4510c6be-60d3-4577-a42b-693567f1082c;442.05;0.34;UNKNOWN
2016-02-23T01:24:15.000000;2016-02-23T01:24:15.000000;acca527d-4a5d-4ff6-bb90-3835d55c9820;442.31;0.015;UNKNOWN
2016-02-23T01:24:37.000000;2016-02-23T01:24:37.000000;ece77696-c24d-41a1-a0d7-cf08e7374070;442.31;0.2;UNKNOWN
2016-02-23T01:24:45.000000;2016-02-23T01:24:45.000000;edadb9e1-be8b-4015-889a-3aeb761cb2d3;442.31;0.2;UNKNOWN
2016-02-23T01:24:46.000000;2016-02-23T01:24:46.000000;7cc0b1ef-9c74-4c94-b4cc-b2d825f2e293;442.31;0.015;UNKNOWN
2016-02-23T01:24:59.000000;2016-02-23T01:24:59.000000;1e544b05-876d-43b6-9565-93a42c78c5d2;442.05;4.80844519;UNKNOWN
2016-02-23T01:24:59.000000;2016-02-23T01:24:59.000000;b6b20a5b-fbb7-4e32-83c6-9a83e9ac5540;442.04;0.02155481;UNKNOWN
2016-02-23T01:24:59.000000;2016-02-23T01:24:59.000000;fbf4b2ad-a3d5-4229-8b0d-a26679f526db;442.31;0.17;UNKNOWN
2016-02-23T01:25:01.000000;2016-02-23T01:25:01.000000;0984ea4c-8d22-45f2-9b54-ebccf4a23ffb;441.94;1.86735481;UNKNOWN
2016-02-23T01:25:01.000000;2016-02-23T01:25:01.000000;80933b41-0c96-4638-b270-3ead46ee1124;442.0;0.0101;UNKNOWN
2016-02-23T01:25:01.000000;2016-02-23T01:25:01.000000;811e27e2-b1f4-4791-8cf2-a313681d203a;442.04;3.12254519;UNKNOWN
2016-02-23T01:25:32.000000;2016-02-23T01:25:32.000000;55be11ea-2d88-4a63-bef2-3ea77657c505;441.94;2.45264519;UNKNOWN
2016-02-23T01:26:30.000000;2016-02-23T01:26:30.000000;bf0410ed-45bf-4e8d-8992-d932c093d4aa;441.81;3.0;UNKNOWN
2016-02-23T01:26:40.000000;2016-02-23T01:26:40.000000;467e528b-ec76-4930-b42f-2359012fc44d;441.74;0.5;UNKNOWN
2016-02-23T01:26:40.000000;2016-02-23T01:26:40.000000;70d76020-00e7-467d-b970-f7483c311593;441.74;0.45;UNKNOWN
2016-02-23T01:27:00.000000;2016-02-23T01:27:00.000000;1271a705-e8a0-4052-81c5-48cc943f99e0;441.64;0.315963;UNKNOWN
2016-02-23T01:28:50.000000;2016-02-23T01:28:50.000000;0d0920af-6d03-48c2-a5ab-9cdd305ce802;441.67;0.01;UNKNOWN
2016-02-23T01:31:06.000000;2016-02-23T01:31:06.000000;528f85e7-4094-4a3a-91f1-347f33b4eab1;441.67;2.15401529;UNKNOWN
2016-02-23T01:32:05.000000;2016-02-23T01:32:05.000000;d68ec56f-7edd-467e-b534-07b7df3e6689;441.65;3.51914414;UNKNOWN
2016-02-23T01:32:26.000000;2016-02-23T01:32:26.000000;dc1e525e-1940-4923-a95d-0c6932f7c1ba;441.65;1.0;UNKNOWN
2016-02-23T01:32:28.000000;2016-02-23T01:32:28.000000;c2ce360a-6248-4e64-b0bc-676bb36f4410;441.66;6.7851;UNKNOWN
2016-02-23T01:32:39.000000;2016-02-23T01:32:39.000000;988f72bf-67af-4d95-ab40-45f214c4b9d0;441.66;0.0497;UNKNOWN
2016-02-23T01:33:05.000000;2016-02-23T01:33:05.000000;440aa6bd-ade2-4f6f-bd63-a556246453eb;441.66;1.30714016;UNKNOWN
2016-02-23T01:33:15.000000;2016-02-23T01:33:15.000000;443d05f9-8ad1-4048-9f18-4d424bbc424b;441.15;10.3682774;UNKNOWN
2016-02-23T01:33:15.000000;2016-02-23T01:33:15.000000;a66769c3-8c7a-41eb-976e-329ba1a03b39;441.21;0.2;UNKNOWN
2016-02-23T01:33:15.000000;2016-02-23T01:33:15.000000;d9022ee8-0b53-44cd-a00c-29bfa72d3b70;441.2;0.3225;UNKNOWN
2016-02-23T01:33:15.000000;2016-02-23T01:33:15.000000;573f1acd-8290-482c-8e11-7f9ec26df7b0;441.15;0.08059999;UNKNOWN
2016-02-23T01:33:15.000000;2016-02-23T01:33:15.000000;4f004068-97b5-4137-9c40-a8d076ca94e7;441.65;14.48085586;UNKNOWN
2016-02-23T01:33:15.000000;2016-02-23T01:33:15.000000;09afccb3-f9a0-44af-9c6b-2aad2a2d2e6f;441.31;9.42;UNKNOWN
2016-02-23T01:33:15.000000;2016-02-23T01:33:15.000000;44c5b37b-735e-474a-8100-564e4dfc297b;441.42;5.6011;UNKNOWN
2016-02-23T01:33:15.000000;2016-02-23T01:33:15.000000;3e6aa032-75d4-4cd4-bf0b-8512007841ad;441.54;5.0;UNKNOWN
2016-02-23T01:33:15.000000;2016-02-23T01:33:15.000000;bdfcb7d2-b675-4b13-88f7-2a88b5a04920;441.4;3.06021651;UNKNOWN
2016-02-23T01:33:18.000000;2016-02-23T01:33:18.000000;3681ea82-5b9c-4085-b5b6-f381351730ac;441.65;3.3928;UNKNOWN
2016-02-23T01:33:39.000000;2016-02-23T01:33:39.000000;22983467-6c8c-497d-8adc-26fe175ebb10;441.27;0.22;UNKNOWN
2016-02-23T01:33:39.000000;2016-02-23T01:33:39.000000;471ce5bf-0d95-4c1f-92e4-421a637df5c8;441.27;0.1;UNKNOWN
2016-02-23T01:34:06.000000;2016-02-23T01:34:06.000000;8bff0cdf-667d-499b-8e7b-859b28b1fa1b;441.65;0.03312832;UNKNOWN
2016-02-23T01:34:58.000000;2016-02-23T01:34:58.000000;7f9626a3-d452-4a32-8e68-39e63b6c6018;441.28;0.566626;UNKNOWN
2016-02-23T01:35:05.000000;2016-02-23T01:35:05.000000;539c86fa-d4a0-406c-a13f-91c961e5f857;441.28;0.18864949;UNKNOWN
2016-02-23T01:35:58.000000;2016-02-23T01:35:58.000000;4d6d95e8-4d9d-48aa-bcc3-08ce2c581c79;441.28;0.05671008;UNKNOWN
2016-02-23T01:36:08.000000;2016-02-23T01:36:08.000000;1e69e1c2-73c3-4451-9c3a-c24bc5e2b7ca;441.31;0.1;UNKNOWN
2016-02-23T01:36:48.000000;2016-02-23T01:36:48.000000;b6980ded-0397-4907-a347-843051fcc8f2;441.32;0.02994292;UNKNOWN
2016-02-23T01:36:53.000000;2016-02-23T01:36:53.000000;34b2e80f-f5bc-40dc-81c9-cbd0bf975735;441.33;1.0;UNKNOWN
2016-02-23T01:37:41.000000;2016-02-23T01:37:41.000000;61fb6551-7d19-4585-905d-ea2bb4a550fa;441.48;14.3099;UNKNOWN
2016-02-23T01:37:41.000000;2016-02-23T01:37:41.000000;14df10b4-f7aa-4f70-859b-88e34ae3c240;441.34;2.0;UNKNOWN
2016-02-23T01:37:41.000000;2016-02-23T01:37:41.000000;a16ee4d8-a3a4-4da7-a465-ab7b6fb870d7;441.34;2.0;UNKNOWN
2016-02-23T01:37:43.000000;2016-02-23T01:37:43.000000;9fc0bd1a-226d-47c5-b834-9edf7c257bb7;441.51;2.0;UNKNOWN
2016-02-23T01:37:57.000000;2016-02-23T01:37:57.000000;16357e31-68c7-4571-bba0-97589c3ceee3;441.55;3.0;UNKNOWN
2016-02-23T01:38:18.000000;2016-02-23T01:38:18.000000;61b958c4-c736-4bdc-8cad-e61ae1f9295b;441.55;38.858;UNKNOWN
2016-02-23T01:39:01.000000;2016-02-23T01:39:01.000000;a18889c2-beb9-4ad8-98f6-af77b36cdf4e;441.55;0.92793022;UNKNOWN
2016-02-23T01:39:02.000000;2016-02-23T01:39:02.000000;d0b92035-c21e-4c21-8a5f-97ec0689e9ab;441.55;0.09943441;UNKNOWN
2016-02-23T01:39:47.000000;2016-02-23T01:39:47.000000;3db9c4cb-2117-495f-99eb-2e9461920cfd;441.56;2.0;UNKNOWN
2016-02-23T01:39:53.000000;2016-02-23T01:39:53.000000;9bdc21c3-d4c4-4da4-85c1-c58ebb922156;441.57;4.03448425;UNKNOWN
2016-02-23T01:39:53.000000;2016-02-23T01:39:53.000000;b9f30b1a-6bed-4dd4-b099-7a6beda6889f;441.57;21.89;UNKNOWN
2016-02-23T01:41:06.000000;2016-02-23T01:41:06.000000;dfe7f314-03ac-4410-a5d0-1c7f3359f41c;441.55;1.98769751;UNKNOWN
2016-02-23T01:42:00.000000;2016-02-23T01:42:00.000000;c8044054-cbc5-4080-90c7-baae78122b59;441.51;0.2752269;UNKNOWN
2016-02-23T01:44:28.000000;2016-02-23T01:44:28.000000;61473f39-148e-4d76-a875-96e5823d83b6;441.29;0.28485633;UNKNOWN
2016-02-23T01:45:38.000000;2016-02-23T01:45:38.000000;60f63fd7-5de2-4b2c-bc87-308cfbf20e0a;441.29;0.06958786;UNKNOWN
2016-02-23T01:46:07.000000;2016-02-23T01:46:07.000000;2e248780-b669-418f-ba61-6eb66c4a83f0;441.3;0.2;UNKNOWN
2016-02-23T01:46:10.000000;2016-02-23T01:46:10.000000;a9a0063a-fbcf-440d-9165-3a23de002af5;441.3;0.2;UNKNOWN
2016-02-23T01:46:20.000000;2016-02-23T01:46:20.000000;979c7b59-0c76-4db7-828c-16254c8f7c98;441.3;0.2;UNKNOWN
2016-02-23T01:46:20.000000;2016-02-23T01:46:20.000000;04cac828-8932-4bc0-b4f3-5f6f36279d02;441.3;0.2;UNKNOWN
2016-02-23T01:46:29.000000;2016-02-23T01:46:29.000000;f150b183-ef5c-400c-b656-78d03797e167;441.3;0.5;UNKNOWN
2016-02-23T01:46:32.000000;2016-02-23T01:46:32.000000;279620ec-9f1e-4626-8811-a336fb0e30f8;441.3;0.5;UNKNOWN
2016-02-23T01:46:33.000000;2016-02-23T01:46:33.000000;22136cdb-2df3-4b03-b160-864bff824b48;441.3;0.5;UNKNOWN
2016-02-23T01:46:34.000000;2016-02-23T01:46:34.000000;23aacb0c-f142-4cde-b879-e565ccf6f32c;441.3;0.5;UNKNOWN
2016-02-23T01:46:36.000000;2016-02-23T01:46:36.000000;69829b9f-1993-4e3a-af1e-9263366ec6c9;441.3;0.5;UNKNOWN
2016-02-23T01:46:37.000000;2016-02-23T01:46:37.000000;ef10e458-0311-4986-a926-c93a35204505;441.3;0.5;UNKNOWN
2016-02-23T01:46:37.000000;2016-02-23T01:46:37.000000;03447357-ac13-402b-b675-41b25abb02a3;441.3;0.5;UNKNOWN
2016-02-23T01:46:39.000000;2016-02-23T01:46:39.000000;46dd69df-76a6-4c4d-b278-c97762f63c85;441.3;0.5;UNKNOWN
2016-02-23T01:46:41.000000;2016-02-23T01:46:41.000000;ebb9335d-0312-4ce7-a033-79080bb7fdc6;441.3;0.5;UNKNOWN
2016-02-23T01:46:43.000000;2016-02-23T01:46:43.000000;206f8fb2-f096-49a9-b84d-8bfe38d68f3d;441.3;0.5;UNKNOWN
2016-02-23T01:46:45.000000;2016-02-23T01:46:45.000000;f888627b-3ff4-4b8f-8e97-c964837b055d;441.3;0.5;UNKNOWN
2016-02-23T01:46:45.000000;2016-02-23T01:46:45.000000;bc9efa27-8045-4ad6-8cb5-c5f35757de1b;441.3;0.5;UNKNOWN
2016-02-23T01:46:48.000000;2016-02-23T01:46:48.000000;165ef375-241f-43d4-be3e-52624138f60c;441.3;0.5;UNKNOWN
2016-02-23T01:46:49.000000;2016-02-23T01:46:49.000000;546f97df-5ee7-401a-a541-0e615a3e8fa9;441.31;0.5;UNKNOWN
2016-02-23T01:46:50.000000;2016-02-23T01:46:50.000000;a8674ad6-2136-40d2-a39a-a653954cdc8a;441.31;0.5;UNKNOWN
2016-02-23T01:46:52.000000;2016-02-23T01:46:52.000000;35728585-2d0d-454d-aabb-d0bc18e3d081;441.31;0.5;UNKNOWN
2016-02-23T01:46:53.000000;2016-02-23T01:46:53.000000;d463c273-e829-4447-98d0-2bd312d1efad;441.31;0.5;UNKNOWN
2016-02-23T01:46:57.000000;2016-02-23T01:46:57.000000;413cb3aa-2afc-4d5e-a97b-7bbadc4746aa;441.31;0.5;UNKNOWN
2016-02-23T01:47:08.000000;2016-02-23T01:47:08.000000;7bc0d82b-1438-4df9-b504-40b48771c9e0;441.31;0.2;UNKNOWN
2016-02-23T01:48:06.000000;2016-02-23T01:48:06.000000;28444c12-2f98-4639-b2df-2caa0ba1f5e8;441.3;1.64;UNKNOWN
2016-02-23T01:48:06.000000;2016-02-23T01:48:06.000000;f053451c-c082-4d42-88b3-edec9f3df61d;441.3;0.85393759;UNKNOWN
2016-02-23T01:48:21.000000;2016-02-23T01:48:21.000000;3504e2bf-bcf3-418d-9b09-43773f29e1e8;441.3;0.025;UNKNOWN
2016-02-23T01:51:06.000000;2016-02-23T01:51:06.000000;1ec5727a-a506-4d27-b5e3-85551ced4a8f;441.31;0.0247731;UNKNOWN
2016-02-23T01:51:06.000000;2016-02-23T01:51:06.000000;301f2a1f-ad4f-4762-8ddd-b46232b32eef;441.31;1.31342552;UNKNOWN
2016-02-23T01:51:07.000000;2016-02-23T01:51:07.000000;cfb38765-16d4-4171-a30e-5b6e1abeb6f8;441.31;1.41134758;UNKNOWN
2016-02-23T01:51:07.000000;2016-02-23T01:51:07.000000;389daecc-a885-495b-a3c4-8d057725ca1d;441.32;0.59484084;UNKNOWN
2016-02-23T01:51:09.000000;2016-02-23T01:51:09.000000;65790b26-8042-4fc6-8b70-ba4f3cf6f1c9;441.3;1.2585;UNKNOWN
2016-02-23T01:51:13.000000;2016-02-23T01:51:13.000000;98ade5e3-b068-49c9-88b2-63944fdf6e88;441.32;0.01;UNKNOWN
2016-02-23T01:51:23.000000;2016-02-23T01:51:23.000000;0efa55c6-f569-412b-974e-f21fb2f70f50;441.3;1.9407;UNKNOWN
2016-02-23T01:51:23.000000;2016-02-23T01:51:23.000000;5267a4cb-041c-4987-890d-b5a6492efccd;441.31;9.42;UNKNOWN
2016-02-23T01:51:23.000000;2016-02-23T01:51:23.000000;f1ee3842-2357-4546-8d2e-9d38fd2e5908;441.31;5.6393;UNKNOWN
2016-02-23T01:51:47.000000;2016-02-23T01:51:47.000000;02c0759d-3033-42ff-b97d-8b9efc37abbf;441.3;0.52996108;UNKNOWN
2016-02-23T01:52:46.000000;2016-02-23T01:52:46.000000;0488c957-03e9-4c6f-b074-f2d69bfa0c0b;441.3;29.07933892;UNKNOWN
2016-02-23T01:52:46.000000;2016-02-23T01:52:46.000000;acc9ff02-fd6f-462b-9e28-0334175a4dee;441.31;5.58;UNKNOWN
2016-02-23T01:52:46.000000;2016-02-23T01:52:46.000000;ae78413a-0c9a-4343-bc05-9d5b04089836;441.31;20.0;UNKNOWN
2016-02-23T01:52:48.000000;2016-02-23T01:52:48.000000;03a4fb43-2c3b-4c0a-be57-60b25b2b0498;441.29;24.84;UNKNOWN
2016-02-23T01:52:48.000000;2016-02-23T01:52:48.000000;bd5df669-fabf-4385-ab0a-950337bb1385;441.3;5.16;UNKNOWN
2016-02-23T01:54:05.000000;2016-02-23T01:54:05.000000;fa9f595a-bd25-4e3b-9af1-16df0d2c464d;441.29;0.54351046;UNKNOWN
2016-02-23T01:54:15.000000;2016-02-23T01:54:15.000000;e5a6386c-db57-4807-a45b-63f90be75f0a;441.32;8.84470536;UNKNOWN
2016-02-23T01:54:15.000000;2016-02-23T01:54:15.000000;84384e92-5c99-4ff3-b1aa-caa78ad97f44;441.3;0.18066108;UNKNOWN
2016-02-23T01:54:15.000000;2016-02-23T01:54:15.000000;4551e7e5-790d-4cd8-a572-5cb64bcb6551;441.36;9.42;UNKNOWN
2016-02-23T01:54:52.000000;2016-02-23T01:54:52.000000;c0afbf72-7eb4-43f8-b7ef-ab0f79f87f8a;441.39;0.94536644;UNKNOWN
2016-02-23T01:55:08.000000;2016-02-23T01:55:08.000000;d7021178-8802-45c9-822f-17be8951816d;441.33;0.03075885;UNKNOWN
2016-02-23T01:55:41.000000;2016-02-23T01:55:41.000000;8a9b692d-1cad-4fd5-8833-b456c0334464;441.4;0.01;UNKNOWN
2016-02-23T01:55:48.000000;2016-02-23T01:55:48.000000;3962bbe4-5e41-4600-aac4-42e7829762e6;441.4;1.3579;UNKNOWN
2016-02-23T01:56:06.000000;2016-02-23T01:56:06.000000;033ade93-9e13-431d-82c2-ad32e463ee9b;441.4;2.0058504;UNKNOWN
2016-02-23T01:56:35.000000;2016-02-23T01:56:35.000000;27d848fc-2f73-4af6-aaa1-ddaa9adf36e9;441.28;0.75;UNKNOWN
2016-02-23T01:56:59.000000;2016-02-23T01:56:59.000000;c9441944-86da-4e69-b902-1a727937f685;441.32;0.7;UNKNOWN
2016-02-23T01:57:34.000000;2016-02-23T01:57:34.000000;6b74a931-d5d3-4011-b098-49086efc5697;441.4;0.1;UNKNOWN
2016-02-23T01:57:51.000000;2016-02-23T01:57:51.000000;c18f802b-1c09-4d9f-afe8-0e8b2711e27c;441.4;3.24194646;UNKNOWN
2016-02-23T01:57:51.000000;2016-02-23T01:57:51.000000;1b31b7af-a5ed-4cc2-854d-fc6d8f3ccb5c;441.4;17.425342;UNKNOWN
2016-02-23T01:57:51.000000;2016-02-23T01:57:51.000000;a91bc3dc-b6ed-4b18-b58b-779708021084;441.4;2.84853832;UNKNOWN
2016-02-23T01:57:51.000000;2016-02-23T01:57:51.000000;aca57471-8251-4f91-9fab-28b003c1a4ad;441.4;3.24222676;UNKNOWN
2016-02-23T01:57:51.000000;2016-02-23T01:57:51.000000;5adef76e-4b69-45b7-8c7b-f8f06c7b1d1c;441.4;3.24194646;UNKNOWN
2016-02-23T01:58:03.000000;2016-02-23T01:58:03.000000;a577f001-5f1f-438c-882d-7e421c2a1f1d;441.4;3.2432783;UNKNOWN
2016-02-23T01:58:03.000000;2016-02-23T01:58:03.000000;e00f2636-8655-4cd9-80dc-eedc87aee981;441.4;3.2432783;UNKNOWN
2016-02-23T01:58:03.000000;2016-02-23T01:58:03.000000;49c15964-245b-4049-a531-2ec351e120e7;441.4;3.2432783;UNKNOWN
2016-02-23T01:58:34.000000;2016-02-23T01:58:34.000000;084bb9e8-f952-46a4-a6e7-d6373570bc94;441.49;3.24299783;UNKNOWN
2016-02-23T01:58:34.000000;2016-02-23T01:58:34.000000;4a921979-6c73-4a58-8b99-bc6a1b30d6e5;441.47;0.8333;UNKNOWN
2016-02-23T01:58:34.000000;2016-02-23T01:58:34.000000;57784a9f-d557-431a-862e-5a2dc0d991a3;441.41;2.0;UNKNOWN
2016-02-23T01:58:34.000000;2016-02-23T01:58:34.000000;014af5cc-08ff-481d-8e41-8155b9889530;441.5;9.56350217;UNKNOWN
2016-02-23T01:58:34.000000;2016-02-23T01:58:34.000000;c7d54511-e4fa-4726-b683-a47128740b4c;441.46;5.619;UNKNOWN
2016-02-23T01:59:06.000000;2016-02-23T01:59:06.000000;2c21b789-b147-4349-b715-d1f1b063c135;441.5;0.0142;UNKNOWN
2016-02-23T01:59:19.000000;2016-02-23T01:59:19.000000;6df30d85-714d-4a57-a676-92c5e03b437c;441.5;0.0125;UNKNOWN
2016-02-23T02:00:05.000000;2016-02-23T02:00:05.000000;a06e5a06-10c8-4438-94d8-89240eb48db3;441.5;1.0;UNKNOWN
2016-02-23T02:01:03.000000;2016-02-23T02:01:03.000000;d1fa96ab-ce01-420d-befd-0396f12a44ab;441.49;1.5;UNKNOWN
2016-02-23T02:01:03.000000;2016-02-23T02:01:03.000000;66d20419-b9b1-4d47-adf1-a3148c4a36af;441.48;0.5;UNKNOWN
2016-02-23T02:01:23.000000;2016-02-23T02:01:23.000000;9be6e3b4-0090-4f28-8101-0254edeff01e;441.5;2.1;UNKNOWN
2016-02-23T02:02:06.000000;2016-02-23T02:02:06.000000;ef0f1d3a-de21-41df-a143-37e161e9e98e;441.48;1.0673;UNKNOWN
2016-02-23T02:02:18.000000;2016-02-23T02:02:18.000000;e312b1c1-0fa4-49e9-9f14-21ecea8b60ef;441.43;0.8336;UNKNOWN
2016-02-23T02:02:38.000000;2016-02-23T02:02:38.000000;585af879-70c3-4034-8cfc-b11e755c349f;441.41;0.15988537;UNKNOWN
2016-02-23T02:03:39.000000;2016-02-23T02:03:39.000000;81893060-06c9-4ba8-a820-022062c6f478;441.42;0.02257161;UNKNOWN
2016-02-23T02:04:05.000000;2016-02-23T02:04:05.000000;f853dda1-b1b1-4e84-ad13-ccf6506568ee;441.5;2.60569999;UNKNOWN
2016-02-23T02:06:05.000000;2016-02-23T02:06:05.000000;40d959dc-9383-4034-ba92-cf1e49221ee6;441.5;0.03347395;UNKNOWN
2016-02-23T02:06:21.000000;2016-02-23T02:06:21.000000;2b86f9ff-9200-4c9e-8036-724765f58dba;441.46;0.5;UNKNOWN
2016-02-23T02:07:08.000000;2016-02-23T02:07:08.000000;f6a16def-a659-408d-a82a-b5ce37c206a5;441.44;0.25849836;UNKNOWN
2016-02-23T02:09:06.000000;2016-02-23T02:09:06.000000;7e636765-3207-40fa-86d8-79e35adae9ce;441.45;0.3336;UNKNOWN
2016-02-23T02:09:06.000000;2016-02-23T02:09:06.000000;96735288-0d6a-4229-ad1c-f3dc0afc550a;441.45;1.67155592;UNKNOWN
2016-02-23T02:10:06.000000;2016-02-23T02:10:06.000000;70fa54f2-6513-492b-a09b-2090b9287fe6;441.5;5.05226874;UNKNOWN
2016-02-23T02:10:06.000000;2016-02-23T02:10:06.000000;2e7a23bf-1b06-4267-ae9c-146fcf48de67;441.5;4.85814261;UNKNOWN
2016-02-23T02:12:00.000000;2016-02-23T02:12:00.000000;b6d65acf-05cc-49e9-807e-2131399940c2;441.47;0.1;UNKNOWN
2016-02-23T02:12:15.000000;2016-02-23T02:12:15.000000;327faa23-952e-4539-9ce8-2f7324dd05a4;441.46;0.27599548;UNKNOWN
2016-02-23T02:14:05.000000;2016-02-23T02:14:05.000000;72fb3b16-44ce-4522-8051-8582cca0b661;441.46;1.42498266;UNKNOWN
2016-02-23T02:14:07.000000;2016-02-23T02:14:07.000000;82a1b972-55b6-483c-96a6-2609bd1fbf0e;441.47;0.33;UNKNOWN
2016-02-23T02:14:29.000000;2016-02-23T02:14:29.000000;16fadef4-b85f-44e4-a010-1fcb14157ea7;441.47;2.0850378;UNKNOWN
2016-02-23T02:14:29.000000;2016-02-23T02:14:29.000000;6d385ac7-78d3-4eec-92df-917cf7e5ff65;441.47;2.9149622;UNKNOWN
2016-02-23T02:14:31.000000;2016-02-23T02:14:31.000000;5bf19473-730d-4596-b979-5fc9ccc54166;441.5;3.8400756;UNKNOWN
2016-02-23T02:14:31.000000;2016-02-23T02:14:31.000000;0880d903-affb-439d-a5f2-bb877fa2b9a8;441.47;1.1599244;UNKNOWN
2016-02-23T02:14:37.000000;2016-02-23T02:14:37.000000;44142cb3-7219-450e-9eaf-3854569314b9;441.5;5.0;UNKNOWN
2016-02-23T02:14:48.000000;2016-02-23T02:14:48.000000;3700a571-c46c-48b6-94f9-6225075cdcb6;441.49;0.02267478;UNKNOWN
2016-02-23T02:15:28.000000;2016-02-23T02:15:28.000000;e7eac1ed-7c8b-42bd-960e-9bbfd8f52ed9;441.49;3.523;UNKNOWN
2016-02-23T02:15:28.000000;2016-02-23T02:15:28.000000;bf8a5707-7ce8-4c8e-884b-f2aa236d61df;441.49;2.625;UNKNOWN
2016-02-23T02:15:28.000000;2016-02-23T02:15:28.000000;96d266e5-2daf-4b05-be95-b2009a19b82a;441.49;6.795;UNKNOWN
2016-02-23T02:15:32.000000;2016-02-23T02:15:32.000000;4011187e-4a59-4c8f-bab8-53176e647623;441.49;0.07255931;UNKNOWN
2016-02-23T02:15:41.000000;2016-02-23T02:15:41.000000;5dfb7a14-2516-401f-a3a0-7eabe0c5827c;441.49;4.14;UNKNOWN
2016-02-23T02:15:41.000000;2016-02-23T02:15:41.000000;a22f7e64-b51b-4b4a-959b-900b89aa1d65;441.49;0.78744069;UNKNOWN
2016-02-23T02:15:51.000000;2016-02-23T02:15:51.000000;90a1d035-faca-4cd7-80cf-d838ff4a715c;441.44;1.857;UNKNOWN
2016-02-23T02:15:51.000000;2016-02-23T02:15:51.000000;d367acaf-4125-4224-94df-31b23ac8835d;441.44;3.143;UNKNOWN
2016-02-23T02:16:06.000000;2016-02-23T02:16:06.000000;02f359f7-d8d0-4d65-902f-ec6cd8e48c61;441.47;2.00627966;UNKNOWN
2016-02-23T02:16:10.000000;2016-02-23T02:16:10.000000;d922f1d0-fa6b-46a6-8fe3-a00ca72fbad6;441.44;0.5;UNKNOWN
2016-02-23T02:16:10.000000;2016-02-23T02:16:10.000000;e9bfec13-3fa5-42aa-af45-f0765ed792e1;441.44;2.74573456;UNKNOWN
2016-02-23T02:16:38.000000;2016-02-23T02:16:38.000000;005b801c-38e2-4643-b4da-ae3a0574352c;441.4;0.42331919;UNKNOWN
2016-02-23T02:19:06.000000;2016-02-23T02:19:06.000000;897e9c61-d172-49ed-bc92-a19290d72c9d;441.46;0.5;UNKNOWN
2016-02-23T02:19:46.000000;2016-02-23T02:19:46.000000;3ff387cc-21ea-42b3-b5fd-bbd553ab916c;441.45;5.0;UNKNOWN
2016-02-23T02:19:46.000000;2016-02-23T02:19:46.000000;737e9e28-f00a-4e44-ab17-5dd369557912;441.25;20.0;UNKNOWN
2016-02-23T02:19:46.000000;2016-02-23T02:19:46.000000;a7fc3bdc-f113-41b6-8b30-7aa492db13d9;441.18;9.42;UNKNOWN
2016-02-23T02:19:46.000000;2016-02-23T02:19:46.000000;f937ea0e-4044-4e4a-9ee0-00c0605602ca;441.27;5.6524;UNKNOWN
2016-02-23T02:19:46.000000;2016-02-23T02:19:46.000000;09f6f27a-1c87-4f89-8a60-ca4a3a523259;441.27;0.0136;UNKNOWN
2016-02-23T02:19:46.000000;2016-02-23T02:19:46.000000;0f8ed1fd-ea0f-4c15-961f-d72e5a822abb;441.17;6.29;UNKNOWN
2016-02-23T02:19:46.000000;2016-02-23T02:19:46.000000;cfe58362-277e-43a1-a1eb-49d82416effe;441.14;153.04731919;UNKNOWN
2016-02-23T02:19:46.000000;2016-02-23T02:19:46.000000;73b04677-3399-4cd3-8c24-0cda67bded73;441.4;20.57668081;UNKNOWN
2016-02-23T02:19:53.000000;2016-02-23T02:19:53.000000;d5cd29ce-881b-4b09-8454-f22958fe05ca;441.14;0.38483142;UNKNOWN
2016-02-23T02:20:46.000000;2016-02-23T02:20:46.000000;bedecd71-cc89-4e0c-9fea-d94c36bbf68d;441.14;0.5;UNKNOWN
2016-02-23T02:21:05.000000;2016-02-23T02:21:05.000000;6a408bbf-0b98-475d-a6d9-7d45e9c4d1fd;441.14;2.0;UNKNOWN
2016-02-23T02:21:06.000000;2016-02-23T02:21:06.000000;14f47173-7bec-40d2-89f2-950933d74ece;441.01;0.95461061;UNKNOWN
2016-02-23T02:21:06.000000;2016-02-23T02:21:06.000000;f47ba6bb-bd50-405f-b5e1-471fbee9488c;441.14;1.06784939;UNKNOWN
2016-02-23T02:21:12.000000;2016-02-23T02:21:12.000000;12a892ef-636e-4c18-af6a-5b3a40223860;441.0;0.25;UNKNOWN
2016-02-23T02:21:13.000000;2016-02-23T02:21:13.000000;ee3113b4-bc57-43e9-9abe-7743f8e35600;441.0;0.75;UNKNOWN
2016-02-23T02:21:13.000000;2016-02-23T02:21:13.000000;8d374910-dd63-461b-87ff-daec2c705a73;441.0;0.0846;UNKNOWN
2016-02-23T02:21:38.000000;2016-02-23T02:21:38.000000;06e68bf0-39ac-4c7d-807d-95903a6097ef;441.0;0.0312;UNKNOWN
2016-02-23T02:22:06.000000;2016-02-23T02:22:06.000000;0427453c-fb5a-454f-b34a-35dcac654f93;441.0;6.96959369;UNKNOWN
2016-02-23T02:22:07.000000;2016-02-23T02:22:07.000000;7337e8f8-7a19-4664-9eac-ff2f6b81ce49;441.0;3.26566033;UNKNOWN
2016-02-23T02:23:06.000000;2016-02-23T02:23:06.000000;63d7b1de-8307-4960-bf58-4347a0995af8;441.0;0.27088621;UNKNOWN
2016-02-23T02:23:13.000000;2016-02-23T02:23:13.000000;f28ab07e-6367-4248-92df-aa511eded66c;441.0;0.05742691;UNKNOWN
2016-02-23T02:23:16.000000;2016-02-23T02:23:16.000000;c179916f-e2b5-4ad6-aa54-420b2756a650;441.0;0.05432173;UNKNOWN
2016-02-23T02:23:19.000000;2016-02-23T02:23:19.000000;bb001d86-493a-430c-8458-7aa5a623403f;441.0;0.17176112;UNKNOWN
2016-02-23T02:23:29.000000;2016-02-23T02:23:29.000000;b3307f33-ad62-452a-bb0a-a67e442fa8ce;441.0;0.15593698;UNKNOWN
2016-02-23T02:23:33.000000;2016-02-23T02:23:33.000000;5df10f0b-6e9b-483e-b3c5-5afde662cf54;441.0;0.05994614;UNKNOWN
2016-02-23T02:23:36.000000;2016-02-23T02:23:36.000000;06a41036-e34d-4681-a393-45f3db61cae7;441.0;0.04927062;UNKNOWN
2016-02-23T02:23:40.000000;2016-02-23T02:23:40.000000;d6dbc93c-7483-4ee2-a94f-c53156b96f86;441.0;0.20570304;UNKNOWN
2016-02-23T02:23:44.000000;2016-02-23T02:23:44.000000;6a1db7f0-6b45-4203-9352-3f3d5d06bc1b;441.0;0.08037878;UNKNOWN
2016-02-23T02:23:47.000000;2016-02-23T02:23:47.000000;4a0068ec-09b3-43e1-95e3-149a109ce999;441.0;0.04882566;UNKNOWN
2016-02-23T02:23:51.000000;2016-02-23T02:23:51.000000;748c1d4c-aa95-4fb7-8898-1dd38898fa79;441.0;0.13885741;UNKNOWN
2016-02-23T02:23:58.000000;2016-02-23T02:23:58.000000;f8e079d4-ab1e-44bf-ae02-71c10c616b53;441.0;0.08952047;UNKNOWN
2016-02-23T02:24:02.000000;2016-02-23T02:24:02.000000;27bb87dd-6c4a-45d6-9f61-08a3fc5f29fb;441.0;0.01483314;UNKNOWN
2016-02-23T02:24:06.000000;2016-02-23T02:24:06.000000;8b0deb11-2105-4bc3-ad5e-7f74e48a196c;441.0;2.0;UNKNOWN
2016-02-23T02:24:06.000000;2016-02-23T02:24:06.000000;aa6e174e-8364-4cbe-bfbd-8bcaeb67183a;441.0;0.1741568;UNKNOWN
2016-02-23T02:24:07.000000;2016-02-23T02:24:07.000000;4369878d-96cb-4ade-88a3-52460715872e;441.01;2.5;UNKNOWN
2016-02-23T02:24:09.000000;2016-02-23T02:24:09.000000;8a4e8021-3d61-442b-8f76-64128191c8d5;441.0;0.12862975;UNKNOWN
2016-02-23T02:24:09.000000;2016-02-23T02:24:09.000000;14517ce3-d0c4-4a7d-9642-2957cdc3d6e4;441.0;0.1;UNKNOWN
2016-02-23T02:24:16.000000;2016-02-23T02:24:16.000000;d6021ea7-84f8-4fd9-b80f-e43938d6fae1;441.0;0.03722976;UNKNOWN
2016-02-23T02:24:19.000000;2016-02-23T02:24:19.000000;5ff18c02-d6c9-4c60-a95b-ff87176b626a;441.0;0.06717443;UNKNOWN
2016-02-23T02:24:23.000000;2016-02-23T02:24:23.000000;adf8e4c9-246d-4065-b26c-1abae280e049;441.0;0.17029273;UNKNOWN
2016-02-23T02:24:30.000000;2016-02-23T02:24:30.000000;9c47dcd1-b964-4102-87f7-43624c36aa9e;441.0;0.18858105;UNKNOWN
2016-02-23T02:24:33.000000;2016-02-23T02:24:33.000000;6c6bdbcb-2dd8-44f3-b50f-37ecdc73d406;441.0;0.07334516;UNKNOWN
2016-02-23T02:24:36.000000;2016-02-23T02:24:36.000000;7c079bae-7334-4896-be91-eb6f8a4d8e08;441.0;0.08088028;UNKNOWN
2016-02-23T02:24:41.000000;2016-02-23T02:24:41.000000;3a8abda0-e675-431a-b25c-024d56f35571;441.0;0.15914686;UNKNOWN
2016-02-23T02:24:48.000000;2016-02-23T02:24:48.000000;50115cab-6264-418f-bff0-ab07253b7a02;441.0;0.18257289;UNKNOWN
2016-02-23T02:24:51.000000;2016-02-23T02:24:51.000000;6f1dcee2-9870-42fd-aae8-65cdaa3c20ad;441.0;0.04363192;UNKNOWN
2016-02-23T02:24:55.000000;2016-02-23T02:24:55.000000;a14fb3c7-f9c8-48ac-91eb-289151f4b9e6;441.0;0.0511757;UNKNOWN
2016-02-23T02:24:58.000000;2016-02-23T02:24:58.000000;4a8ebdce-39d2-4c6d-b2ce-40acc057810b;441.0;0.14783513;UNKNOWN
2016-02-23T02:25:06.000000;2016-02-23T02:25:06.000000;bbf6578a-fd97-44af-b03b-9f6f3d9d0cc8;441.0;0.07559929;UNKNOWN
2016-02-23T02:25:11.000000;2016-02-23T02:25:11.000000;72ff6f84-1ace-430d-880a-fe52d1058089;441.0;0.1;UNKNOWN
2016-02-23T02:25:47.000000;2016-02-23T02:25:47.000000;99afe8b1-33a4-4f45-90d7-8855cefa530c;441.0;0.1;UNKNOWN
2016-02-23T02:26:05.000000;2016-02-23T02:26:05.000000;1f6ad9aa-d2e1-4961-8c6e-aaf9fd4b9776;441.01;0.25;UNKNOWN
2016-02-23T02:26:07.000000;2016-02-23T02:26:07.000000;ba685873-a452-476c-b04d-7596c1db2b5b;441.0;0.15569262;UNKNOWN
2016-02-23T02:26:11.000000;2016-02-23T02:26:11.000000;cae71f0b-f0f5-489a-a47b-cf2f153bf1d3;441.0;0.14762836;UNKNOWN
2016-02-23T02:26:15.000000;2016-02-23T02:26:15.000000;df022be3-ac50-41e9-a9f2-e6b47ad4d5da;441.0;0.03965031;UNKNOWN
2016-02-23T02:26:19.000000;2016-02-23T02:26:19.000000;32eba792-1667-43a7-9ae0-0fbe508a1c1a;441.0;0.03303346;UNKNOWN
2016-02-23T02:26:22.000000;2016-02-23T02:26:22.000000;5984a9d6-2a92-4d5a-92d6-f615fbcebcfe;441.0;0.14420296;UNKNOWN
2016-02-23T02:26:26.000000;2016-02-23T02:26:26.000000;75e7b92e-1f44-4a96-9984-4a375a1f649a;441.0;0.05167161;UNKNOWN
2016-02-23T02:26:33.000000;2016-02-23T02:26:33.000000;902df94a-dcb4-40b7-916b-d81c9620f2d7;441.0;0.1;UNKNOWN
2016-02-23T02:26:33.000000;2016-02-23T02:26:33.000000;574ea00c-6f3c-4bcf-b8fa-880f29626600;441.0;0.15654855;UNKNOWN
2016-02-23T02:26:36.000000;2016-02-23T02:26:36.000000;20bce5b9-a9e3-4643-a46c-1ed564d99055;441.0;0.06445847;UNKNOWN
2016-02-23T02:26:38.000000;2016-02-23T02:26:38.000000;36e17164-2617-4913-a698-38941554dda3;441.0;0.04539687;UNKNOWN
2016-02-23T02:26:40.000000;2016-02-23T02:26:40.000000;0ba16afc-4a01-4ca4-8197-069e27cdaa44;441.0;0.06995915;UNKNOWN
2016-02-23T02:26:44.000000;2016-02-23T02:26:44.000000;c8d36470-8c38-4927-836c-26bf252f7334;441.0;0.15810702;UNKNOWN
2016-02-23T02:26:48.000000;2016-02-23T02:26:48.000000;924bcef2-b3ca-4b6f-bd93-63f89cb84d60;441.0;0.14765313;UNKNOWN
2016-02-23T02:26:56.000000;2016-02-23T02:26:56.000000;09e73d66-b363-4618-862d-a9416e358af1;441.0;0.13734238;UNKNOWN
2016-02-23T02:26:58.000000;2016-02-23T02:26:58.000000;66dc2d8f-6291-4517-abb9-72c031711ae0;441.0;0.98745;UNKNOWN
2016-02-23T02:27:00.000000;2016-02-23T02:27:00.000000;cf1efa8b-3204-481a-a656-5a569b4b2b36;441.0;0.05737889;UNKNOWN
2016-02-23T02:27:01.000000;2016-02-23T02:27:01.000000;8c649568-737d-4cb0-8758-517f00bc43c1;441.01;0.10050918;UNKNOWN
2016-02-23T02:27:04.000000;2016-02-23T02:27:04.000000;b45c5c27-080b-43b2-9b80-bab27b0ad808;441.0;0.05402464;UNKNOWN
2016-02-23T02:27:07.000000;2016-02-23T02:27:07.000000;ba4fbab4-dce7-4390-a2f9-c77debc06eb0;441.0;0.13609904;UNKNOWN
2016-02-23T02:27:11.000000;2016-02-23T02:27:11.000000;f0eb6603-8604-4032-8192-37975c2c4247;441.0;0.02212555;UNKNOWN
2016-02-23T02:27:14.000000;2016-02-23T02:27:14.000000;f2d248a0-fe79-4046-9f42-3bd2e6bf69f0;441.0;0.0807871;UNKNOWN
2016-02-23T02:27:16.000000;2016-02-23T02:27:16.000000;85f7c683-fefe-4a0a-aa8c-374d9374c4ad;441.0;0.1;UNKNOWN
2016-02-23T02:27:16.000000;2016-02-23T02:27:16.000000;27179203-9111-4ce8-a829-52624c0d892a;441.0;0.86014;UNKNOWN
2016-02-23T02:27:17.000000;2016-02-23T02:27:17.000000;70eed2fd-6dc2-4981-94cb-c20c95386fe3;441.0;0.04814432;UNKNOWN
2016-02-23T02:27:20.000000;2016-02-23T02:27:20.000000;7f2c3625-2804-4f17-bbb2-0766cc6cb041;441.0;0.16139215;UNKNOWN
2016-02-23T02:27:27.000000;2016-02-23T02:27:27.000000;0e025f72-90b6-4997-ae32-e72e1039f003;441.0;0.17644685;UNKNOWN
2016-02-23T02:27:31.000000;2016-02-23T02:27:31.000000;557c2ecb-1a89-4bd6-8e7b-10d2344dfc50;441.0;0.05470964;UNKNOWN
2016-02-23T02:27:35.000000;2016-02-23T02:27:35.000000;34afd167-57d8-4c08-bc3b-b96c4f2200d6;441.0;0.04220398;UNKNOWN
2016-02-23T02:27:38.000000;2016-02-23T02:27:38.000000;efdfbb95-622e-49ba-82de-15630b625d4f;441.0;0.17720349;UNKNOWN
2016-02-23T02:27:42.000000;2016-02-23T02:27:42.000000;c2cbf004-7a9c-4162-9137-1a5a0679dd39;441.0;0.12486972;UNKNOWN
2016-02-23T02:27:46.000000;2016-02-23T02:27:46.000000;d255e248-4fb8-49e0-8e98-d6fbec278e69;441.0;0.07097138;UNKNOWN
2016-02-23T02:27:49.000000;2016-02-23T02:27:49.000000;5bd30fd3-2b4d-4501-adf9-a562a88743ed;441.0;0.01702956;UNKNOWN
2016-02-23T02:27:53.000000;2016-02-23T02:27:53.000000;c22bd2f5-b0db-4afe-acc9-d50a82ef673b;441.0;0.17183727;UNKNOWN
2016-02-23T02:27:56.000000;2016-02-23T02:27:56.000000;4be49f5f-1132-4c7c-be4b-5d1d3790d4ba;441.0;0.0114876;UNKNOWN
2016-02-23T02:28:01.000000;2016-02-23T02:28:01.000000;4dff27d8-46ec-4241-af42-6d37611ebec1;441.0;0.07065253;UNKNOWN
2016-02-23T02:28:04.000000;2016-02-23T02:28:04.000000;f729c13b-067d-4bfc-816b-78177367f5f9;441.0;0.13539923;UNKNOWN
2016-02-23T02:28:14.000000;2016-02-23T02:28:14.000000;8a07127a-075b-47c6-9062-c31c297e2841;441.0;0.18985036;UNKNOWN
2016-02-23T02:28:18.000000;2016-02-23T02:28:18.000000;753d6109-6a95-4604-8ba5-9f48f2226c0b;441.0;0.13970685;UNKNOWN
2016-02-23T02:28:22.000000;2016-02-23T02:28:22.000000;96ebef2d-8979-4beb-9739-a3a237a31329;441.0;0.07319881;UNKNOWN
2016-02-23T02:28:25.000000;2016-02-23T02:28:25.000000;0ace2c0b-f76a-4709-8060-59f1a7b1ac81;441.0;0.07295793;UNKNOWN
2016-02-23T02:28:29.000000;2016-02-23T02:28:29.000000;cedc1b56-b15b-4f17-8fd0-6a04d37a52f6;441.0;0.03209026;UNKNOWN
2016-02-23T02:28:32.000000;2016-02-23T02:28:32.000000;10e35348-a680-4a34-be23-fb8b71a0fbf8;441.0;0.07588991;UNKNOWN
2016-02-23T02:28:36.000000;2016-02-23T02:28:36.000000;daf401a7-e3ba-4999-a825-0aa215c4ffa0;441.0;0.19958214;UNKNOWN
2016-02-23T02:28:40.000000;2016-02-23T02:28:40.000000;689796aa-e37f-49e7-afa7-ac3816f79cce;441.0;0.17842552;UNKNOWN
2016-02-23T02:28:41.000000;2016-02-23T02:28:41.000000;950ca992-fee4-4b37-b52e-acd7782fc2ba;441.0;0.1;UNKNOWN
2016-02-23T02:28:44.000000;2016-02-23T02:28:44.000000;dca5fc33-ce6e-4bd3-8ef8-5d83eae9434b;441.0;0.04973732;UNKNOWN
2016-02-23T02:28:47.000000;2016-02-23T02:28:47.000000;4313e45d-fe83-477c-ba1e-e969167b8339;441.0;0.02231945;UNKNOWN
2016-02-23T02:28:51.000000;2016-02-23T02:28:51.000000;09a59699-597e-433b-b776-07936eb9cf58;441.0;0.16383495;UNKNOWN
2016-02-23T02:28:59.000000;2016-02-23T02:28:59.000000;93e50698-a1f8-4e1e-96f9-43db18587339;441.0;0.12840545;UNKNOWN
2016-02-23T02:29:02.000000;2016-02-23T02:29:02.000000;1a3c2e65-6d43-44b6-9459-f060bf9339d8;441.0;0.0304782;UNKNOWN
2016-02-23T02:29:06.000000;2016-02-23T02:29:06.000000;9acbbda5-1fb0-4bc0-bdb5-0a03809441e9;441.0;0.0369692;UNKNOWN
2016-02-23T02:29:36.000000;2016-02-23T02:29:36.000000;4725c7fc-e029-4ad4-bb85-2a4ac5be0e83;441.0;0.06167403;UNKNOWN
2016-02-23T02:29:40.000000;2016-02-23T02:29:40.000000;79d659fc-ee61-4321-b761-427a2b3f1a8b;441.0;0.03129382;UNKNOWN
2016-02-23T02:29:43.000000;2016-02-23T02:29:43.000000;9a6cb74b-57d8-4ece-9f52-02d68f0291c4;441.0;0.25;UNKNOWN
2016-02-23T02:29:44.000000;2016-02-23T02:29:44.000000;c1aa1ece-2e3b-4367-992d-7beaec17c95f;441.0;0.14168374;UNKNOWN
2016-02-23T02:29:48.000000;2016-02-23T02:29:48.000000;b9b92298-858a-4d22-8445-b595985b7179;441.0;0.02212555;UNKNOWN
2016-02-23T02:29:52.000000;2016-02-23T02:29:52.000000;4c9f05bf-471e-441b-ab16-c6d8351bfbd9;441.0;0.12689271;UNKNOWN
2016-02-23T02:29:59.000000;2016-02-23T02:29:59.000000;459c98b4-c695-4ac3-bfcd-67315fe23db4;441.0;0.01791667;UNKNOWN
2016-02-23T02:30:04.000000;2016-02-23T02:30:04.000000;43cc350b-d68b-4666-b5d2-8be2d1ebd085;441.0;0.03235254;UNKNOWN
2016-02-23T02:30:08.000000;2016-02-23T02:30:08.000000;04dbe043-7a92-4567-a685-5f9169584995;441.0;0.16465687;UNKNOWN
2016-02-23T02:30:11.000000;2016-02-23T02:30:11.000000;c050e379-1b3d-40e7-89b5-31bf97c38361;441.0;0.1348071;UNKNOWN
2016-02-23T02:30:15.000000;2016-02-23T02:30:15.000000;4ada14f5-2218-49a2-8cf0-88996404bebe;441.0;0.02408036;UNKNOWN
2016-02-23T02:30:19.000000;2016-02-23T02:30:19.000000;d946b65d-872f-4f06-b646-366ec6e257dc;441.0;0.03876911;UNKNOWN
2016-02-23T02:30:22.000000;2016-02-23T02:30:22.000000;e04e8187-8d68-4da7-9311-387a1afe18bd;441.0;0.14040507;UNKNOWN
2016-02-23T02:30:26.000000;2016-02-23T02:30:26.000000;c08c2550-a528-4478-bcc6-a85eafc9b3d6;441.0;0.05979526;UNKNOWN
2016-02-23T02:30:29.000000;2016-02-23T02:30:29.000000;67b27012-5e47-45b5-9c72-6139de83c4b8;441.0;0.08682811;UNKNOWN
2016-02-23T02:30:34.000000;2016-02-23T02:30:34.000000;d93c5ffb-4731-4ed4-ac74-8218f896b03a;441.0;0.08913373;UNKNOWN
2016-02-23T02:30:38.000000;2016-02-23T02:30:38.000000;49c437d6-f841-4e5e-89e8-d8b78c931551;441.0;0.14005476;UNKNOWN
2016-02-23T02:30:41.000000;2016-02-23T02:30:41.000000;9bf3a2a2-36c9-4503-acc5-2585a80ab0f5;441.0;0.16563998;UNKNOWN
2016-02-23T02:30:50.000000;2016-02-23T02:30:50.000000;264e7fcd-ed52-4b7e-a006-a121a648e700;441.0;0.14311139;UNKNOWN
2016-02-23T02:30:54.000000;2016-02-23T02:30:54.000000;f43fac77-2c30-4fb1-8f4f-85f0303fc00e;441.0;0.07391348;UNKNOWN
2016-02-23T02:30:57.000000;2016-02-23T02:30:57.000000;c0f4da46-665e-47c6-b482-e6664cbcbc2e;441.0;0.03216561;UNKNOWN
2016-02-23T02:31:03.000000;2016-02-23T02:31:03.000000;282b5d2b-48fb-4628-aa3f-cff0d1ad6f39;441.0;0.12060952;UNKNOWN
2016-02-23T02:31:05.000000;2016-02-23T02:31:05.000000;7d0a48b8-4876-4f79-adda-8e9346805622;441.01;0.03341397;UNKNOWN
2016-02-23T02:31:07.000000;2016-02-23T02:31:07.000000;4e2f69a2-5cc4-46ea-8e6a-d6045af48595;441.0;0.02989563;UNKNOWN
2016-02-23T02:31:11.000000;2016-02-23T02:31:11.000000;fecace4c-a4e8-4d7c-a3ec-6e639d504439;441.0;0.03573468;UNKNOWN
2016-02-23T02:31:14.000000;2016-02-23T02:31:14.000000;f2a51896-2d07-4c12-a806-d3b4d22e0190;441.0;0.17712525;UNKNOWN
2016-02-23T02:31:18.000000;2016-02-23T02:31:18.000000;bf9e7a4d-2d16-43f6-a8db-8d6df5974ead;441.0;0.08364787;UNKNOWN
2016-02-23T02:31:22.000000;2016-02-23T02:31:22.000000;4f670d1c-256d-4bc6-91e2-75d128b3c36f;441.0;0.08449852;UNKNOWN
2016-02-23T02:31:25.000000;2016-02-23T02:31:25.000000;75a672f2-6d0f-419a-bd60-cb9a8e525cd3;441.0;0.17417047;UNKNOWN
2016-02-23T02:31:34.000000;2016-02-23T02:31:34.000000;7bcdf9a2-39ce-42e5-b241-e7714cda3740;441.0;0.1699382;UNKNOWN
2016-02-23T02:31:39.000000;2016-02-23T02:31:39.000000;6464f0ae-564d-49a8-bfd5-4aed8d1b9923;441.0;0.08052568;UNKNOWN
2016-02-23T02:31:42.000000;2016-02-23T02:31:42.000000;76768984-6b0d-4057-b623-fd462a8ce059;441.0;0.05442162;UNKNOWN
2016-02-23T02:31:46.000000;2016-02-23T02:31:46.000000;40631373-01df-41b0-9af5-e30f15a1626b;441.0;0.15128021;UNKNOWN
2016-02-23T02:32:43.000000;2016-02-23T02:32:43.000000;a7c18868-6340-48db-8303-2f55cf39b5b5;441.0;0.01450503;UNKNOWN
2016-02-23T02:32:47.000000;2016-02-23T02:32:47.000000;499b64df-ed75-418c-babc-21c2ffc49ebf;441.0;0.18383744;UNKNOWN
2016-02-23T02:32:55.000000;2016-02-23T02:32:55.000000;020e9190-3ffd-4c3d-adb0-372c4b7b0216;441.0;0.16901228;UNKNOWN
2016-02-23T02:32:59.000000;2016-02-23T02:32:59.000000;a9ad4fc9-de4d-4545-a48f-c0aed9d5b9fd;441.0;0.16680311;UNKNOWN
2016-02-23T02:33:02.000000;2016-02-23T02:33:02.000000;7be42f15-ee78-4956-b848-f81b7a955159;441.0;0.08136526;UNKNOWN
2016-02-23T02:33:06.000000;2016-02-23T02:33:06.000000;79be8495-1a34-4cb3-8897-ee281317de87;441.0;0.05741334;UNKNOWN
2016-02-23T02:33:09.000000;2016-02-23T02:33:09.000000;28bc2102-496d-42a7-990d-569c47bba540;441.0;0.11747737;UNKNOWN
2016-02-23T02:33:13.000000;2016-02-23T02:33:13.000000;bf9da0ce-9aeb-49fb-aafb-e6c0ffd951c7;441.0;0.11026057;UNKNOWN
2016-02-23T02:33:16.000000;2016-02-23T02:33:16.000000;6e39e260-9d40-4ccc-9357-75999fa33039;441.0;0.15336265;UNKNOWN
2016-02-23T02:33:19.000000;2016-02-23T02:33:19.000000;67e72949-a133-41ea-9cad-edfdb495081c;441.0;0.08670937;UNKNOWN
2016-02-23T02:33:22.000000;2016-02-23T02:33:22.000000;f207487c-ebfc-4dc4-8208-beb9c92d998c;441.0;0.04936691;UNKNOWN
2016-02-23T02:33:26.000000;2016-02-23T02:33:26.000000;1def92f6-e9be-426d-907a-167c6db058cd;441.0;0.01396637;UNKNOWN
2016-02-23T02:33:33.000000;2016-02-23T02:33:33.000000;09093e64-10e4-4a1a-8b90-273115f31a80;441.0;0.13133402;UNKNOWN
2016-02-23T02:33:37.000000;2016-02-23T02:33:37.000000;8a0d905c-66ab-4c91-a0bb-153ff22fa4c4;441.0;0.15473312;UNKNOWN
2016-02-23T02:33:45.000000;2016-02-23T02:33:45.000000;0a648a58-0a5b-467e-b250-e653607a14c2;441.0;0.05375034;UNKNOWN
2016-02-23T02:33:49.000000;2016-02-23T02:33:49.000000;9607709a-50a8-4845-953e-1fbff2a31949;441.0;0.06181132;UNKNOWN
2016-02-23T02:33:52.000000;2016-02-23T02:33:52.000000;b83e1971-a883-4ceb-8fc5-cc6cc55a1050;441.0;0.18832038;UNKNOWN
2016-02-23T02:33:56.000000;2016-02-23T02:33:56.000000;b1da7122-ae30-494f-a4af-963cd1ee001a;441.0;0.12610526;UNKNOWN
2016-02-23T02:34:00.000000;2016-02-23T02:34:00.000000;7819d74b-dffb-461c-8b79-4b4723fcdfe1;441.0;0.04039475;UNKNOWN
2016-02-23T02:34:04.000000;2016-02-23T02:34:04.000000;45973d8e-2cd7-4ac1-bf76-28c93f478674;441.0;0.03632971;UNKNOWN
2016-02-23T02:34:07.000000;2016-02-23T02:34:07.000000;539f185c-a8d4-4e42-af6c-11de21cb1589;441.0;0.120988;UNKNOWN
2016-02-23T02:34:11.000000;2016-02-23T02:34:11.000000;caeca736-4f2c-4a54-b29a-7dfc2f82565a;441.0;0.0631324;UNKNOWN
2016-02-23T02:34:14.000000;2016-02-23T02:34:14.000000;466b4cee-d6c9-46ed-ad5a-c9eb7725765e;441.0;0.02343006;UNKNOWN
2016-02-23T02:34:18.000000;2016-02-23T02:34:18.000000;5dcbb71e-57e6-4cf2-80bc-93df9312adcb;441.0;0.19889394;UNKNOWN
2016-02-23T02:34:26.000000;2016-02-23T02:34:26.000000;46e1257c-98cb-4859-ad27-a4b0811a320d;441.0;0.19659855;UNKNOWN
2016-02-23T02:34:29.000000;2016-02-23T02:34:29.000000;2560bb5e-4302-4ffb-be19-ac74cdba578e;441.0;0.01826415;UNKNOWN
2016-02-23T02:34:33.000000;2016-02-23T02:34:33.000000;badc3a48-7e9c-4fac-a942-318bf0e860f1;441.0;0.05586898;UNKNOWN
2016-02-23T02:34:36.000000;2016-02-23T02:34:36.000000;898c1690-4f55-4361-9f18-429767609ec5;441.0;0.16998634;UNKNOWN
2016-02-23T02:35:33.000000;2016-02-23T02:35:33.000000;35f1e5f6-d4fd-4345-8b27-8c950f6beb91;441.0;0.01607272;UNKNOWN
2016-02-23T02:35:36.000000;2016-02-23T02:35:36.000000;e3f313d0-d830-45a4-b3b1-470dfb1343da;441.0;0.14295591;UNKNOWN
2016-02-23T02:35:45.000000;2016-02-23T02:35:45.000000;11d3ef34-2f48-4c66-881d-5db910c5cca7;441.0;0.1550803;UNKNOWN
2016-02-23T02:35:48.000000;2016-02-23T02:35:48.000000;82ab47d1-d548-4253-97e3-e8377123fe96;441.0;0.05221602;UNKNOWN
2016-02-23T02:35:52.000000;2016-02-23T02:35:52.000000;e909189a-464a-442c-aa8e-785cc1852040;441.0;0.05734709;UNKNOWN
2016-02-23T02:35:56.000000;2016-02-23T02:35:56.000000;256d4995-9b9d-4ec2-8986-7416e92d6438;441.0;0.14827212;UNKNOWN
2016-02-23T02:35:57.000000;2016-02-23T02:35:57.000000;fe7e7489-4c91-42cf-aa14-51cde55a9247;441.0;14.0;UNKNOWN
2016-02-23T02:35:57.000000;2016-02-23T02:35:57.000000;0a053b08-0234-4ccb-9a82-1a1d4b2f8c6e;440.64;5.6383;UNKNOWN
2016-02-23T02:35:57.000000;2016-02-23T02:35:57.000000;89761f73-3ef0-40ac-bbe0-2fc4b4cca701;441.0;1.31076912;UNKNOWN
2016-02-23T02:35:57.000000;2016-02-23T02:35:57.000000;5fcfaaf6-4ec8-40a2-9312-520adfdff133;440.9;0.04;UNKNOWN
2016-02-23T02:35:57.000000;2016-02-23T02:35:57.000000;717a0085-244e-4110-94e9-41f4b6ac536a;440.7;0.04;UNKNOWN
2016-02-23T02:35:57.000000;2016-02-23T02:35:57.000000;1c01b047-208a-4ec1-b6f5-83370e339475;440.8;0.04;UNKNOWN
2016-02-23T02:35:57.000000;2016-02-23T02:35:57.000000;ea068e39-e7a9-4fae-86a1-62da2d394f03;440.7;0.04;UNKNOWN
2016-02-23T02:35:57.000000;2016-02-23T02:35:57.000000;e4e65f2d-2f8d-44ce-aea9-5a12f8f3d8d2;440.64;9.42;UNKNOWN
2016-02-23T02:35:57.000000;2016-02-23T02:35:57.000000;ac230952-0fe7-42ea-9d21-c9426fa95930;440.6;0.04;UNKNOWN
2016-02-23T02:35:57.000000;2016-02-23T02:35:57.000000;ff26b170-697f-490f-850c-ac2215af0d83;440.56;12.03093088;UNKNOWN
2016-02-23T02:35:59.000000;2016-02-23T02:35:59.000000;ee97cb95-fecf-41e0-ace1-e7413af250d8;440.66;0.05950856;UNKNOWN
2016-02-23T02:36:05.000000;2016-02-23T02:36:05.000000;fc49efa1-3bf6-4517-af28-8229accf4539;440.88;0.1148554;UNKNOWN
2016-02-23T02:36:05.000000;2016-02-23T02:36:05.000000;5c3b45a6-0a63-451f-a98e-e1b697a533dd;440.55;0.1;UNKNOWN
2016-02-23T02:36:05.000000;2016-02-23T02:36:05.000000;48a6433b-ad6f-4881-bb2e-b024781fc7b5;440.55;0.25;UNKNOWN
2016-02-23T02:36:06.000000;2016-02-23T02:36:06.000000;10a1c003-6fa3-4afd-9466-2fd74481055b;440.55;0.03524979;UNKNOWN
2016-02-23T02:36:07.000000;2016-02-23T02:36:07.000000;ba256a1f-8094-408a-aa43-a1246882c0c1;440.9;0.1143;UNKNOWN
2016-02-23T02:36:09.000000;2016-02-23T02:36:09.000000;cb1d3f98-7941-4396-87d8-49b6522ad818;440.56;0.03421249;UNKNOWN
2016-02-23T02:36:13.000000;2016-02-23T02:36:13.000000;bc6d9321-d1be-49e5-a293-69af71bbf53c;440.55;0.1403647;UNKNOWN
2016-02-23T02:36:16.000000;2016-02-23T02:36:16.000000;4dd7a68f-f099-47e0-9b36-001c0a932058;440.55;0.05305396;UNKNOWN
2016-02-23T02:36:21.000000;2016-02-23T02:36:21.000000;ab12e5c7-1eed-4b5d-95d2-2156c8331d9e;440.56;0.0114276;UNKNOWN
2016-02-23T02:36:24.000000;2016-02-23T02:36:24.000000;0c31ad80-5c65-43ed-9ce0-550859b83117;440.56;0.17888155;UNKNOWN
2016-02-23T02:36:27.000000;2016-02-23T02:36:27.000000;f4a21316-7902-4072-ad91-d936a601a73d;440.56;0.03740922;UNKNOWN
2016-02-23T02:36:31.000000;2016-02-23T02:36:31.000000;3333e1c8-a6db-440d-8a1f-6f7db1b7a671;440.56;0.05399255;UNKNOWN
2016-02-23T02:36:34.000000;2016-02-23T02:36:34.000000;e0d6a097-1318-4f56-99dd-ee951cae9600;440.56;0.17849823;UNKNOWN
2016-02-23T02:36:38.000000;2016-02-23T02:36:38.000000;6cb16a15-7c19-49ed-92e3-3e798c023315;440.56;0.13067815;UNKNOWN
2016-02-23T02:36:45.000000;2016-02-23T02:36:45.000000;8efad1f0-eeab-4142-bd9c-b29917a91c04;440.58;0.03718965;UNKNOWN
2016-02-23T02:36:48.000000;2016-02-23T02:36:48.000000;e1a994b8-a044-4af0-8aea-5a748fb6c648;440.58;0.45552014;UNKNOWN
2016-02-23T02:36:48.000000;2016-02-23T02:36:48.000000;f6bc2df6-e7a7-4ff9-9d25-90b04c95f039;440.58;0.06884662;UNKNOWN
2016-02-23T02:36:52.000000;2016-02-23T02:36:52.000000;a169bfee-4707-48a4-b626-9b4f8db86f4c;440.58;0.1924774;UNKNOWN
2016-02-23T02:36:55.000000;2016-02-23T02:36:55.000000;2b86d9b5-7f73-4092-a7bf-477ea0506e3b;440.58;0.19796655;UNKNOWN
2016-02-23T02:36:59.000000;2016-02-23T02:36:59.000000;c049c9ad-1f85-4f24-920e-acb20e8d4ad4;440.58;0.12842571;UNKNOWN
2016-02-23T02:37:03.000000;2016-02-23T02:37:03.000000;71d588ee-2b08-4650-86cb-74420aa1d1a1;440.58;0.04003328;UNKNOWN
2016-02-23T02:37:06.000000;2016-02-23T02:37:06.000000;dce423f2-53e9-4fa7-b77c-87ff52ccb6dc;440.58;0.05403047;UNKNOWN
2016-02-23T02:37:10.000000;2016-02-23T02:37:10.000000;f94552cc-0388-418e-ba10-9c598970c55b;440.58;0.14903058;UNKNOWN
2016-02-23T02:37:14.000000;2016-02-23T02:37:14.000000;d99f431b-55e0-4ed7-908b-33c549032851;440.58;0.04404268;UNKNOWN
2016-02-23T02:37:18.000000;2016-02-23T02:37:18.000000;9a66b00e-1357-48f8-bd7d-c5fa8f92fe7a;440.58;0.07960939;UNKNOWN
2016-02-23T02:37:21.000000;2016-02-23T02:37:21.000000;19bd525d-b692-4396-9bb3-7686ebfd10fd;440.58;0.1747894;UNKNOWN
2016-02-23T02:37:25.000000;2016-02-23T02:37:25.000000;659ff623-ac36-4473-aae5-4af180ca9a48;440.58;0.13082814;UNKNOWN
2016-02-23T02:37:29.000000;2016-02-23T02:37:29.000000;d787b5a3-7c13-417f-b780-70af601467df;440.58;0.01644807;UNKNOWN
2016-02-23T02:37:32.000000;2016-02-23T02:37:32.000000;eac02830-b2dc-4c81-98a4-f615f378fb21;440.67;3.25252613;UNKNOWN
2016-02-23T02:37:32.000000;2016-02-23T02:37:32.000000;bda6d1cc-4d15-469d-928f-f205f891a4d7;440.59;6.31066933;UNKNOWN
2016-02-23T02:37:32.000000;2016-02-23T02:37:32.000000;67dc472f-a691-477f-98b0-cac4bc7d6a0d;440.67;0.12227529;UNKNOWN
2016-02-23T02:37:33.000000;2016-02-23T02:37:33.000000;9f0f515e-5954-4dff-8b7e-0cedbd0170b1;440.58;0.04904592;UNKNOWN
2016-02-23T02:37:37.000000;2016-02-23T02:37:37.000000;2647415f-e836-4dd7-96b4-1d953fe88620;440.58;0.16594812;UNKNOWN
2016-02-23T02:37:45.000000;2016-02-23T02:37:45.000000;25426693-7c7a-4f5c-ae76-1b7e90634774;440.58;0.12815024;UNKNOWN
2016-02-23T02:37:48.000000;2016-02-23T02:37:48.000000;edf0549c-fbba-4551-9dc0-ad4a8bf5ac14;440.58;0.08900569;UNKNOWN
2016-02-23T02:37:53.000000;2016-02-23T02:37:53.000000;43bb4198-bc2d-48c5-8574-9dcf006dabff;440.58;0.0116504;UNKNOWN
2016-02-23T02:37:56.000000;2016-02-23T02:37:56.000000;5d6a5c8c-48f3-4711-9a60-15a16cf6ed7b;440.58;0.15911311;UNKNOWN
2016-02-23T02:38:25.000000;2016-02-23T02:38:25.000000;ef177b7f-1391-46f7-8521-30e95980e165;440.59;0.09;UNKNOWN
2016-02-23T02:38:51.000000;2016-02-23T02:38:51.000000;0f2f2e0d-897f-472b-8703-a370e1d3056b;440.58;0.12891622;UNKNOWN
2016-02-23T02:38:55.000000;2016-02-23T02:38:55.000000;738cf505-f867-4b76-84e2-7b9f6566359d;440.58;0.13267683;UNKNOWN
2016-02-23T02:38:58.000000;2016-02-23T02:38:58.000000;717e6cce-b142-47f1-bf5f-8ffcf0ae07cb;440.58;0.0386887;UNKNOWN
2016-02-23T02:39:02.000000;2016-02-23T02:39:02.000000;c930bac6-d553-4072-99db-f832ec9ce186;440.58;0.01737728;UNKNOWN
2016-02-23T02:39:05.000000;2016-02-23T02:39:05.000000;cffd43e4-3d27-404d-ad6c-87f766821228;440.58;0.1259952;UNKNOWN
2016-02-23T02:39:13.000000;2016-02-23T02:39:13.000000;28d7d94b-fbe4-44b2-aadc-6e8c372520b9;440.58;0.14126135;UNKNOWN
2016-02-23T02:39:16.000000;2016-02-23T02:39:16.000000;3052a0d2-5ed1-4377-8034-8c9bc347f258;440.58;0.16875494;UNKNOWN
2016-02-23T02:39:19.000000;2016-02-23T02:39:19.000000;72d930de-181c-465f-a19b-b8145a6f63e6;440.58;0.01079674;UNKNOWN
2016-02-23T02:39:23.000000;2016-02-23T02:39:23.000000;19870742-ad9d-4ca1-8c92-d6f792d837d6;440.58;0.03153961;UNKNOWN
2016-02-23T02:39:26.000000;2016-02-23T02:39:26.000000;c901e6eb-6f78-44c9-9e04-7424fc91b99a;440.58;0.06143215;UNKNOWN
2016-02-23T02:39:31.000000;2016-02-23T02:39:31.000000;fb39a69f-b9f3-4857-8753-0804461fabad;440.58;0.01073088;UNKNOWN
2016-02-23T02:39:34.000000;2016-02-23T02:39:34.000000;a66bf306-d183-4772-a00b-3e2bd186a962;440.58;0.17982435;UNKNOWN
2016-02-23T02:39:38.000000;2016-02-23T02:39:38.000000;f1ff2727-b4a3-4459-bb86-6e242fb239e7;440.58;0.18935235;UNKNOWN
2016-02-23T02:39:45.000000;2016-02-23T02:39:45.000000;9f44351a-4742-46b9-bc71-35d8025bb02c;440.58;0.15450975;UNKNOWN
2016-02-23T02:39:49.000000;2016-02-23T02:39:49.000000;f8439884-7631-4a69-8f42-fd2b603477e6;440.58;0.08236344;UNKNOWN
2016-02-23T02:39:52.000000;2016-02-23T02:39:52.000000;c6182a93-c45c-4114-a58c-a2a189d74998;440.58;0.02326586;UNKNOWN
2016-02-23T02:39:55.000000;2016-02-23T02:39:55.000000;8c6748ce-91ff-4c5a-b75f-c840bfd387c0;440.58;0.16803672;UNKNOWN
2016-02-23T02:39:59.000000;2016-02-23T02:39:59.000000;4f3ff65c-2f68-41b5-9f84-4b8e72da0a27;440.58;0.01949034;UNKNOWN
2016-02-23T02:40:04.000000;2016-02-23T02:40:04.000000;5e007f9a-a4d0-42d7-881c-630896855ca1;440.58;0.04940079;UNKNOWN
2016-02-23T02:40:07.000000;2016-02-23T02:40:07.000000;6ce54323-61c0-478f-a8d1-e23c0a66afcf;440.58;0.18717775;UNKNOWN
2016-02-23T02:40:21.000000;2016-02-23T02:40:21.000000;562e8767-c26f-44a4-9fff-79208fc26122;440.58;0.1331984;UNKNOWN
2016-02-23T02:40:25.000000;2016-02-23T02:40:25.000000;53010dc4-383f-4ba7-9d0c-81311a0b464d;440.58;0.07010959;UNKNOWN
2016-02-23T02:40:29.000000;2016-02-23T02:40:29.000000;fd9de398-87b3-4314-899c-f1dc3f7c0a88;440.58;0.03179713;UNKNOWN
2016-02-23T02:40:31.000000;2016-02-23T02:40:31.000000;3c56c9b9-bfed-4874-95a1-4fe4b2055a5f;440.58;11.05115207;UNKNOWN
2016-02-23T02:40:31.000000;2016-02-23T02:40:31.000000;3f3b1fbc-3644-4c84-9445-b25c081bc39f;440.54;11.52751638;UNKNOWN
2016-02-23T02:40:31.000000;2016-02-23T02:40:31.000000;365a9ff4-813a-4bf0-a262-9677e3dbb59e;440.55;13.42133155;UNKNOWN
2016-02-23T02:40:31.000000;2016-02-23T02:40:31.000000;e7140a92-815c-4a63-bd5f-61372a4ca263;440.57;14.0;UNKNOWN
2016-02-23T02:40:33.000000;2016-02-23T02:40:33.000000;ba1c3736-5c58-447a-b844-2d28234ea8ca;440.54;0.20455934;UNKNOWN
2016-02-23T02:40:36.000000;2016-02-23T02:40:36.000000;4bd41ada-29e0-4d5f-8743-42c8e36eeb2f;440.54;0.0566811;UNKNOWN
2016-02-23T02:40:38.000000;2016-02-23T02:40:38.000000;5cbea4e0-25b2-43f7-b5fd-35090c5fc7f2;440.54;0.106831;UNKNOWN
2016-02-23T02:40:39.000000;2016-02-23T02:40:39.000000;37106793-cb45-47ee-9014-47a2127be81e;440.54;0.28517819;UNKNOWN
2016-02-23T02:41:06.000000;2016-02-23T02:41:06.000000;0b9f0c70-2311-4819-8c44-3b199251ca48;440.55;0.16949186;UNKNOWN
2016-02-23T02:41:10.000000;2016-02-23T02:41:10.000000;f4027823-161e-4982-867a-74909a17686d;440.55;0.20978826;UNKNOWN
2016-02-23T02:41:14.000000;2016-02-23T02:41:14.000000;168d02c2-028b-43a1-b225-9f2e231c0f3a;440.55;0.04728336;UNKNOWN
2016-02-23T02:41:17.000000;2016-02-23T02:41:17.000000;3905e745-73d3-46c4-b127-143c4442bd62;440.55;0.054559;UNKNOWN
2016-02-23T02:41:21.000000;2016-02-23T02:41:21.000000;c52fb1fd-4f14-46a9-b5e3-452858f46200;440.55;0.17000609;UNKNOWN
2016-02-23T02:41:30.000000;2016-02-23T02:41:30.000000;e4f42128-d871-447e-af7c-845b114c643e;440.55;0.13301181;UNKNOWN
2016-02-23T02:41:34.000000;2016-02-23T02:41:34.000000;b4fa438f-3887-492f-a5ba-5c86fc59ca4f;440.55;0.03739662;UNKNOWN
2016-02-23T02:41:37.000000;2016-02-23T02:41:37.000000;2f772447-f38e-4460-959c-c7e4bc4a8301;440.55;0.06215664;UNKNOWN
2016-02-23T02:41:38.000000;2016-02-23T02:41:38.000000;30a75f0d-cbd9-499d-93f6-462c5fa615a3;440.55;0.02249516;UNKNOWN
2016-02-23T02:41:40.000000;2016-02-23T02:41:40.000000;30a6ad6c-20f7-40ae-a9a8-09ece67dbbd5;440.55;1.0;UNKNOWN
2016-02-23T02:42:07.000000;2016-02-23T02:42:07.000000;9f6e0ffa-c8ed-4163-81c4-11ae18c49afa;440.55;0.15489208;UNKNOWN
2016-02-23T02:42:11.000000;2016-02-23T02:42:11.000000;c0f0bb2c-9460-43f7-bf89-5443e53e746f;440.55;0.06116797;UNKNOWN
2016-02-23T02:42:15.000000;2016-02-23T02:42:15.000000;9ef4848f-b623-4e59-89da-646aa64d50f6;440.55;0.0566958;UNKNOWN
2016-02-23T02:42:19.000000;2016-02-23T02:42:19.000000;81e25afe-8227-4596-8c78-b4a6873b5b19;440.55;0.14880989;UNKNOWN
2016-02-23T02:42:22.000000;2016-02-23T02:42:22.000000;367a2b6e-722d-4551-8b6e-2eb4713623b2;440.55;0.19288793;UNKNOWN
2016-02-23T02:42:26.000000;2016-02-23T02:42:26.000000;4b017967-5467-4a23-9c42-9810b716aed3;440.55;0.01106652;UNKNOWN
2016-02-23T02:42:36.000000;2016-02-23T02:42:36.000000;a236607e-8051-43fd-9c0d-e749b77be9b0;440.55;0.14877563;UNKNOWN
2016-02-23T02:42:40.000000;2016-02-23T02:42:40.000000;381ab46e-9c9b-4d9b-b0bd-ac0322b73b8a;440.55;0.02690182;UNKNOWN
2016-02-23T02:42:44.000000;2016-02-23T02:42:44.000000;7e47a619-7051-4967-91d9-e3628d73c7f1;440.55;0.04326226;UNKNOWN
2016-02-23T02:42:48.000000;2016-02-23T02:42:48.000000;4ac5b2ea-501f-4e4b-b3df-69bc40bd23f9;440.55;0.18996388;UNKNOWN
2016-02-23T02:42:57.000000;2016-02-23T02:42:57.000000;d0e61379-8f75-4922-bfc7-a135f094d6d8;440.55;0.20406416;UNKNOWN
2016-02-23T02:43:01.000000;2016-02-23T02:43:01.000000;484f8009-7e3b-4a85-a888-d82de887b741;440.55;0.05371844;UNKNOWN
2016-02-23T02:43:06.000000;2016-02-23T02:43:06.000000;847a1d9b-6b7c-4300-a8b1-6953a20b2e91;440.55;0.01196194;UNKNOWN
2016-02-23T02:43:10.000000;2016-02-23T02:43:10.000000;7aa45295-2991-412b-ad40-ea5625bcf7ae;440.55;0.13856746;UNKNOWN
2016-02-23T02:43:13.000000;2016-02-23T02:43:13.000000;c88783d1-98d8-4de3-a28b-4eb245922248;440.55;0.15363642;UNKNOWN
2016-02-23T02:43:17.000000;2016-02-23T02:43:17.000000;191e3d5e-eee1-4edd-80ed-35548b361155;440.55;0.06680354;UNKNOWN
2016-02-23T02:43:20.000000;2016-02-23T02:43:20.000000;34d96b77-5a8b-4cf2-8710-87e6f031c280;440.55;0.06802814;UNKNOWN
2016-02-23T02:43:24.000000;2016-02-23T02:43:24.000000;d948f2a8-1f15-4c2e-bc3d-24919f5e4c44;440.55;0.18037144;UNKNOWN
2016-02-23T02:43:28.000000;2016-02-23T02:43:28.000000;48303af2-5a1b-4121-b4b9-fbee5767e8e9;440.55;0.01717332;UNKNOWN
2016-02-23T02:43:34.000000;2016-02-23T02:43:34.000000;26b738e2-a10b-4434-8a6d-72e8b6bcacc8;440.55;0.02870434;UNKNOWN
2016-02-23T02:43:37.000000;2016-02-23T02:43:37.000000;f98286ac-995e-45a2-a5c7-e494cd6de958;440.55;0.13978034;UNKNOWN
2016-02-23T02:43:41.000000;2016-02-23T02:43:41.000000;d2e7e0f5-c5a4-47dd-815b-3dea6423e67a;440.55;0.01268691;UNKNOWN
2016-02-23T02:43:45.000000;2016-02-23T02:43:45.000000;7bdc5784-2c3c-434e-b4b0-13fb0d70757e;440.55;0.19422317;UNKNOWN
2016-02-23T02:43:49.000000;2016-02-23T02:43:49.000000;20bfa649-4a7e-41ef-a643-db22c7714637;440.55;0.07775791;UNKNOWN
2016-02-23T02:43:52.000000;2016-02-23T02:43:52.000000;c7684716-7770-476b-808c-80470493a0ec;440.55;0.04421796;UNKNOWN
2016-02-23T02:44:02.000000;2016-02-23T02:44:02.000000;988bceb5-c890-44b7-ac76-473988965a07;440.55;0.20246909;UNKNOWN
2016-02-23T02:44:06.000000;2016-02-23T02:44:06.000000;dece2499-7c52-425d-ad47-ced626beeb45;440.55;0.05298018;UNKNOWN
2016-02-23T02:45:03.000000;2016-02-23T02:45:03.000000;40a464f8-4dfb-4407-9c47-3277e0621a7b;440.55;0.20293682;UNKNOWN
2016-02-23T02:45:06.000000;2016-02-23T02:45:06.000000;d5c2d645-682c-4528-b76a-7fe017e67c50;440.55;0.03953335;UNKNOWN
2016-02-23T02:45:10.000000;2016-02-23T02:45:10.000000;6cf93b6c-dc6f-4efb-a2b3-69a7a231941c;440.55;0.02085307;UNKNOWN
2016-02-23T02:45:13.000000;2016-02-23T02:45:13.000000;41dd9ee6-4aa4-4149-9fe0-dab12fcbea0a;440.55;0.0727285;UNKNOWN
2016-02-23T02:45:18.000000;2016-02-23T02:45:18.000000;e7d3b6d8-315e-468d-b5ea-18b245b01778;440.55;0.06524094;UNKNOWN
2016-02-23T02:45:21.000000;2016-02-23T02:45:21.000000;e288b330-c17b-4215-9053-09f9538145ba;440.55;0.01822977;UNKNOWN
2016-02-23T02:45:33.000000;2016-02-23T02:45:33.000000;9964f698-03c3-4846-bf23-43760486b07a;440.56;0.13058949;UNKNOWN
2016-02-23T02:45:36.000000;2016-02-23T02:45:36.000000;e550eda5-e479-4218-b42c-79dfa6d38ade;440.56;0.14425971;UNKNOWN
2016-02-23T02:45:53.000000;2016-02-23T02:45:53.000000;3e751d8a-28a4-4c1b-b1bd-ef42897f5772;440.56;3.0;UNKNOWN
2016-02-23T02:46:07.000000;2016-02-23T02:46:07.000000;a300370b-1ab8-45a7-9f3a-9359f6ea5165;440.56;0.07332925;UNKNOWN
2016-02-23T02:46:10.000000;2016-02-23T02:46:10.000000;d2158dc1-54fa-4a42-87dc-a9090559f3d0;440.56;0.01206629;UNKNOWN
2016-02-23T02:46:14.000000;2016-02-23T02:46:14.000000;9de26658-3847-4694-b3fc-8a1e4de91a83;440.56;0.01606943;UNKNOWN
2016-02-23T02:46:19.000000;2016-02-23T02:46:19.000000;6375cc13-078f-4d7c-8fd6-dcc05ce9f4cb;440.56;0.20710108;UNKNOWN
2016-02-23T02:46:23.000000;2016-02-23T02:46:23.000000;e6550113-f3a2-443d-b992-8f2e45f1550f;440.56;0.01338547;UNKNOWN
2016-02-23T02:46:26.000000;2016-02-23T02:46:26.000000;1c041e95-c8f2-4179-8197-76121e913aeb;440.56;0.08705747;UNKNOWN
2016-02-23T02:46:32.000000;2016-02-23T02:46:32.000000;7e77360e-cefb-4886-a9b7-d6d8146e77b7;440.56;0.13212852;UNKNOWN
2016-02-23T02:46:36.000000;2016-02-23T02:46:36.000000;baf32474-6c44-45a0-a8ee-e6f1baf167e0;440.56;0.07844362;UNKNOWN
2016-02-23T02:46:40.000000;2016-02-23T02:46:40.000000;0c1d7854-44e9-41e8-89f7-ff816ea8fe38;440.56;0.03303811;UNKNOWN
2016-02-23T02:46:44.000000;2016-02-23T02:46:44.000000;f64ba1d6-0e82-42c3-bc2b-e5eaeb4053a0;440.56;0.14730908;UNKNOWN
2016-02-23T02:46:55.000000;2016-02-23T02:46:55.000000;c35ea4d7-3147-4b66-b7fa-90147e3a5bb6;440.56;0.02154192;UNKNOWN
2016-02-23T02:46:59.000000;2016-02-23T02:46:59.000000;a66b7e83-fa7d-4af4-a438-890d6d935501;440.56;0.06989102;UNKNOWN
2016-02-23T02:47:03.000000;2016-02-23T02:47:03.000000;0841a48f-461a-43be-b506-585ac8e24197;440.56;0.07759859;UNKNOWN
2016-02-23T02:47:07.000000;2016-02-23T02:47:07.000000;c5017ded-4f18-422b-83da-e816fc0567be;440.56;0.1316083;UNKNOWN
2016-02-23T02:47:11.000000;2016-02-23T02:47:11.000000;94726213-9a72-4f21-bb18-efee8bd16892;440.56;0.19714917;UNKNOWN
2016-02-23T02:47:24.000000;2016-02-23T02:47:24.000000;83e0602a-28b5-4675-b21a-70d1f61c233d;440.56;0.14748961;UNKNOWN
2016-02-23T02:47:28.000000;2016-02-23T02:47:28.000000;078b80a5-2c08-4938-91c0-8f3f0d8ed3bc;440.56;0.01817562;UNKNOWN
2016-02-23T02:47:31.000000;2016-02-23T02:47:31.000000;f4091f6b-d6f6-48f8-b50f-7b146a338f12;440.56;0.06016902;UNKNOWN
2016-02-23T02:47:35.000000;2016-02-23T02:47:35.000000;f3670dab-e655-434a-a511-0b85d0c8c344;440.56;0.01124253;UNKNOWN
2016-02-23T02:47:39.000000;2016-02-23T02:47:39.000000;0cab601a-92ce-4646-ad6a-00d0a28c1d7b;440.56;0.10360115;UNKNOWN
2016-02-23T02:47:51.000000;2016-02-23T02:47:51.000000;3523aed5-449f-45e0-b13b-51d5592e9ef3;440.55;0.05515487;UNKNOWN
2016-02-23T02:47:51.000000;2016-02-23T02:47:51.000000;3feeb349-fa44-40c6-8b4b-ed9d4619e1d7;440.56;0.08675555;UNKNOWN
2016-02-23T02:48:11.000000;2016-02-23T02:48:11.000000;b0cdf560-94c2-4b8a-9a64-690cf97f4ced;440.55;0.16849698;UNKNOWN
2016-02-23T02:48:31.000000;2016-02-23T02:48:31.000000;ae0a34f4-fc3a-425d-9f0b-50bd0a5ff68b;440.55;0.17700212;UNKNOWN
2016-02-23T02:48:43.000000;2016-02-23T02:48:43.000000;631fcc72-8203-4c62-b403-bb34e8bb71be;440.55;0.01840271;UNKNOWN
2016-02-23T02:48:47.000000;2016-02-23T02:48:47.000000;3d418d8e-c311-41aa-9f02-dbf15f625534;440.55;0.10923122;UNKNOWN
2016-02-23T02:48:53.000000;2016-02-23T02:48:53.000000;017d32e6-fd03-4832-b4bd-7fc852fc7615;440.55;0.06795725;UNKNOWN
2016-02-23T02:48:56.000000;2016-02-23T02:48:56.000000;6a1737ed-0ec4-44cf-9a79-9144ad34b6dc;440.55;0.17694994;UNKNOWN
2016-02-23T02:49:05.000000;2016-02-23T02:49:05.000000;750e466b-e451-45f8-abdf-632c79ccaeaa;440.55;1.0;UNKNOWN
2016-02-23T02:49:06.000000;2016-02-23T02:49:06.000000;b65a425f-15b9-4130-890a-8ecbe86d35f8;440.56;0.01;UNKNOWN
2016-02-23T02:49:08.000000;2016-02-23T02:49:08.000000;e9356848-ac1d-4ff7-aad2-ff003d6782bd;440.55;0.08473031;UNKNOWN
2016-02-23T02:49:20.000000;2016-02-23T02:49:20.000000;6d54b7aa-be69-4a6c-9094-2883daeddf89;440.55;2.0;UNKNOWN
2016-02-23T02:50:22.000000;2016-02-23T02:50:22.000000;56b95712-e309-4494-9841-8dbcc4bedec5;440.55;0.06826619;UNKNOWN
2016-02-23T02:50:25.000000;2016-02-23T02:50:25.000000;b19ee786-15cd-48e9-9093-c348ac7da795;440.55;0.1741035;UNKNOWN
2016-02-23T02:50:29.000000;2016-02-23T02:50:29.000000;1bb499fa-c2a1-4895-ae09-9b74e8f14ed1;440.55;0.03809537;UNKNOWN
2016-02-23T02:50:33.000000;2016-02-23T02:50:33.000000;57a0f521-60c6-42a1-89e9-465a903a933d;440.55;0.15991753;UNKNOWN
2016-02-23T02:50:36.000000;2016-02-23T02:50:36.000000;ca1890e0-14ad-4839-bcb0-6822c478fad5;440.55;0.01281289;UNKNOWN
2016-02-23T02:50:38.000000;2016-02-23T02:50:38.000000;8fbaa87f-d8f0-430e-9228-50dc6d3b024e;440.55;0.062;UNKNOWN
2016-02-23T02:50:40.000000;2016-02-23T02:50:40.000000;ce1f3e88-19f2-4417-acdf-aa4ce432d4dc;440.55;0.01658757;UNKNOWN
2016-02-23T02:50:47.000000;2016-02-23T02:50:47.000000;4cf4d8a4-9daa-4836-a93c-7b8a768160b4;440.55;0.01244238;UNKNOWN
2016-02-23T02:50:54.000000;2016-02-23T02:50:54.000000;82ee2873-94f2-4014-ba82-ccd0061c88cc;440.55;0.08566506;UNKNOWN
2016-02-23T02:50:58.000000;2016-02-23T02:50:58.000000;224bdb58-c1f2-450a-a5a1-41d197110f69;440.55;0.06987558;UNKNOWN
2016-02-23T02:51:01.000000;2016-02-23T02:51:01.000000;4d54cb91-1d46-40e5-afea-b097dfe87f27;440.55;0.06059107;UNKNOWN
2016-02-23T02:51:05.000000;2016-02-23T02:51:05.000000;2643d295-1d9f-4448-a80c-1f6c94c33727;440.55;3.752;UNKNOWN
2016-02-23T02:51:06.000000;2016-02-23T02:51:06.000000;e04e3a58-6ab5-4844-a037-7d8751293681;440.55;0.03112505;UNKNOWN
2016-02-23T02:51:15.000000;2016-02-23T02:51:15.000000;37feac1e-9948-49e0-b7aa-8db65343eaf6;440.55;0.01317135;UNKNOWN
2016-02-23T02:51:19.000000;2016-02-23T02:51:19.000000;06c77f69-66f5-4f86-8ee3-84f17b88673f;440.55;0.03530028;UNKNOWN
2016-02-23T02:51:23.000000;2016-02-23T02:51:23.000000;daefd09a-8b67-4184-910f-ccaec50eb88c;440.55;0.07799993;UNKNOWN
2016-02-23T02:51:26.000000;2016-02-23T02:51:26.000000;0752fb3d-4e68-4333-9649-11e6ae4296d3;440.55;0.11390049;UNKNOWN
2016-02-23T02:51:36.000000;2016-02-23T02:51:36.000000;841acb8a-1cfb-45ad-9457-bb9ec96e38e1;440.55;0.01294864;UNKNOWN
2016-02-23T02:51:40.000000;2016-02-23T02:51:40.000000;de8466a9-5f31-4045-9a42-6ce8fae9971c;440.55;0.07784178;UNKNOWN
2016-02-23T02:51:44.000000;2016-02-23T02:51:44.000000;76c04b89-72b3-45e9-979d-24ea82216640;440.55;0.19075891;UNKNOWN
2016-02-23T02:53:44.000000;2016-02-23T02:53:44.000000;10af13bc-a49b-4ff8-b02d-fdcf805bd96e;440.55;0.14372036;UNKNOWN
2016-02-23T02:53:58.000000;2016-02-23T02:53:58.000000;ad6e0c1b-639f-401f-8c53-2bd985cb6681;440.55;0.72709178;UNKNOWN
2016-02-23T02:54:55.000000;2016-02-23T02:54:55.000000;d0e89a14-1611-49a4-a209-443fe36710d3;440.56;5.0;UNKNOWN
2016-02-23T02:54:58.000000;2016-02-23T02:54:58.000000;5d749835-7ecb-4bd7-bc55-a48eeab45418;440.55;0.22721618;UNKNOWN
2016-02-23T02:55:10.000000;2016-02-23T02:55:10.000000;49e07969-50df-4478-8686-0e9d1aa8f518;440.55;0.09668148;UNKNOWN
2016-02-23T02:55:38.000000;2016-02-23T02:55:38.000000;175fdae4-ee2d-4ddf-8958-675dfa18cf39;440.55;0.17421918;UNKNOWN
2016-02-23T02:56:06.000000;2016-02-23T02:56:06.000000;4b74fc0d-1584-4b63-8206-e624aa5322fb;440.56;0.1146526;UNKNOWN
2016-02-23T02:56:07.000000;2016-02-23T02:56:07.000000;e227d609-8e47-46e7-a821-0db0a14095e9;440.56;1.0;UNKNOWN
2016-02-23T02:59:18.000000;2016-02-23T02:59:18.000000;54a5d1b6-1435-4779-b4c2-e800cd22e317;440.55;0.68164854;UNKNOWN
2016-02-23T02:59:29.000000;2016-02-23T02:59:29.000000;11b5784c-3474-412a-a8c6-c3d00ad4b0bb;440.55;0.1655971;UNKNOWN
2016-02-23T02:59:32.000000;2016-02-23T02:59:32.000000;419f45e2-8893-4e26-b10b-8d377fdc9134;440.55;0.01131057;UNKNOWN
2016-02-23T02:59:38.000000;2016-02-23T02:59:38.000000;a085e101-bab4-4282-bf81-384bbbfb4383;440.55;0.14889057;UNKNOWN
2016-02-23T03:00:08.000000;2016-02-23T03:00:08.000000;84892cf5-1004-488f-a885-96ca569652b7;440.56;0.1;UNKNOWN
2016-02-23T03:02:05.000000;2016-02-23T03:02:05.000000;7b210adb-2339-41cc-88b5-ab200002100a;440.55;2.0;UNKNOWN
2016-02-23T03:04:05.000000;2016-02-23T03:04:05.000000;7dfbde2a-8405-47e6-8818-9f781fb01bb5;440.56;3.1953474;UNKNOWN
2016-02-23T03:04:05.000000;2016-02-23T03:04:05.000000;8156ce7b-5f9d-469c-b428-bc3815f3f574;440.56;0.13931535;UNKNOWN
2016-02-23T03:04:08.000000;2016-02-23T03:04:08.000000;67c7130f-a3ad-4dc1-8be2-d3785087c90e;440.55;0.68586854;UNKNOWN
2016-02-23T03:05:18.000000;2016-02-23T03:05:18.000000;6a700c96-ec2a-4fe7-83f0-51a76cd45b01;440.55;0.68164854;UNKNOWN
2016-02-23T03:06:32.000000;2016-02-23T03:06:32.000000;fd41934a-de74-42d8-8f57-fc835107f407;440.55;1.0;UNKNOWN
2016-02-23T03:07:24.000000;2016-02-23T03:07:24.000000;a320afb0-2432-4430-b31e-571b99a8bfdc;440.54;0.6745016;UNKNOWN
2016-02-23T03:07:24.000000;2016-02-23T03:07:24.000000;5b64555f-17e1-453c-a445-c830f26ea162;440.55;4.3254984;UNKNOWN
2016-02-23T03:08:06.000000;2016-02-23T03:08:06.000000;613878ec-189b-4ad3-8559-62da0bdd949b;440.55;1.33236934;UNKNOWN
2016-02-23T03:08:07.000000;2016-02-23T03:08:07.000000;5643f40d-12eb-40f5-bc22-f15efc0959e5;440.55;0.06663594;UNKNOWN
2016-02-23T03:08:24.000000;2016-02-23T03:08:24.000000;9e884ebd-5d43-487d-8a45-66def0b5a7d1;440.54;0.11982101;UNKNOWN
2016-02-23T03:08:27.000000;2016-02-23T03:08:27.000000;57e684bf-1e7c-4809-ae73-1b39e0fa7a1f;440.54;0.16144217;UNKNOWN
2016-02-23T03:09:58.000000;2016-02-23T03:09:58.000000;37df2369-b218-4741-a6ca-589bf6148592;440.54;0.0681664;UNKNOWN
2016-02-23T03:10:38.000000;2016-02-23T03:10:38.000000;6acb9cd5-8314-4723-98a4-4f2ed6fc4759;440.54;0.252192;UNKNOWN
2016-02-23T03:13:52.000000;2016-02-23T03:13:52.000000;ac8d793a-ce56-4b5a-b578-2f2d695f388f;440.54;0.15517858;UNKNOWN
2016-02-23T03:14:05.000000;2016-02-23T03:14:05.000000;52245faf-d197-414f-aa15-2b85aba655b4;440.55;0.23310194;UNKNOWN
2016-02-23T03:16:28.000000;2016-02-23T03:16:28.000000;97ddbcc2-0275-40a5-8066-4266da2a228e;440.54;0.04544426;UNKNOWN
2016-02-23T03:18:05.000000;2016-02-23T03:18:05.000000;08e07a81-684f-4e3f-8bba-882c9194ccd2;440.54;0.453;UNKNOWN
2016-02-23T03:19:28.000000;2016-02-23T03:19:28.000000;33913999-d9f1-4689-82ee-bb242d9b65f2;440.54;0.11361067;UNKNOWN
2016-02-23T03:19:47.000000;2016-02-23T03:19:47.000000;00fb72b3-fe69-48a9-892c-f2b491351c94;440.54;0.90888537;UNKNOWN
2016-02-23T03:19:49.000000;2016-02-23T03:19:49.000000;34bdee95-4c7a-475c-bd38-fba0493ce5ec;440.55;0.455005;UNKNOWN
2016-02-23T03:21:36.000000;2016-02-23T03:21:36.000000;0e0415f7-d28c-40c9-ba70-9dcecffa4340;440.59;10.436;UNKNOWN
2016-02-23T03:21:36.000000;2016-02-23T03:21:36.000000;2f5517af-e4fd-4194-a02e-0f2a41addeac;440.55;0.455005;UNKNOWN
2016-02-23T03:21:36.000000;2016-02-23T03:21:36.000000;e3c1f35b-0f32-4f8c-91a4-a50bf070a029;440.55;1.39900528;UNKNOWN
2016-02-23T03:21:36.000000;2016-02-23T03:21:36.000000;aa9872d2-8769-4075-8e14-8e69bc117e72;440.55;7.33288778;UNKNOWN
2016-02-23T03:21:36.000000;2016-02-23T03:21:36.000000;ce53ce59-6e43-4f3d-ae51-2d0efebe3825;440.55;0.23310194;UNKNOWN
2016-02-23T03:21:38.000000;2016-02-23T03:21:38.000000;b3431c4e-f7c0-4d3e-b893-ecfd097a9725;440.59;11.564;UNKNOWN
2016-02-23T03:22:16.000000;2016-02-23T03:22:16.000000;a109601a-4c8f-4be6-8133-37718729384b;440.93;3.24960192;UNKNOWN
2016-02-23T03:22:16.000000;2016-02-23T03:22:16.000000;4d576d62-3db5-4db7-9dc5-e366814de045;440.83;3.24960192;UNKNOWN
2016-02-23T03:22:16.000000;2016-02-23T03:22:16.000000;2fb139fc-9d6e-4fc0-be09-c467b8f811ab;440.68;0.035;UNKNOWN
2016-02-23T03:22:23.000000;2016-02-23T03:22:23.000000;25c4f915-877a-46c8-8ca4-7b74f753c069;440.96;0.25;UNKNOWN
2016-02-23T03:22:39.000000;2016-02-23T03:22:39.000000;51cdc9ac-2e52-4d90-a557-d236158720d8;440.69;0.8323;UNKNOWN
2016-02-23T03:22:39.000000;2016-02-23T03:22:39.000000;a7de4c3f-c7f0-43c5-a62a-5ff5b9ceafea;440.98;3.0;UNKNOWN
2016-02-23T03:22:39.000000;2016-02-23T03:22:39.000000;e6427708-fe75-430b-8e7b-3b32bfc5192d;441.06;6.0;UNKNOWN
2016-02-23T03:22:39.000000;2016-02-23T03:22:39.000000;0e802a77-0a63-44ff-be3f-76006923ae21;441.01;0.3;UNKNOWN
2016-02-23T03:22:39.000000;2016-02-23T03:22:39.000000;bc5c47d3-38d8-4bbc-b437-e4cd8c6ed971;441.14;3.04788774;UNKNOWN
2016-02-23T03:22:39.000000;2016-02-23T03:22:39.000000;81471185-dec6-4c4a-b538-b32886cb7aec;441.0;0.96687168;UNKNOWN
2016-02-23T03:22:39.000000;2016-02-23T03:22:39.000000;96d019d3-60a2-4ff2-812f-82392f2abde2;441.1;3.24868699;UNKNOWN
2016-02-23T03:22:39.000000;2016-02-23T03:22:39.000000;9d1fcb82-d039-42a1-a5f7-f28df082c469;441.14;3.2491092;UNKNOWN
2016-02-23T03:22:39.000000;2016-02-23T03:22:39.000000;373ce0bd-0acb-43b4-ba0d-b7412c013cd4;441.01;0.1;UNKNOWN
2016-02-23T03:22:39.000000;2016-02-23T03:22:39.000000;1d860db7-4bf4-4a5b-a6cd-fcf5995bc6ee;441.13;3.24914439;UNKNOWN
2016-02-23T03:22:57.000000;2016-02-23T03:22:57.000000;c50b5345-f15e-49dc-abb5-bb84556cee0c;441.12;3.25027085;UNKNOWN
2016-02-23T03:22:57.000000;2016-02-23T03:22:57.000000;436ec52f-dce2-4614-9891-b8cb9975222c;441.07;3.2503765;UNKNOWN
2016-02-23T03:22:57.000000;2016-02-23T03:22:57.000000;ce1baec3-ae51-4752-b985-6ce83983b526;440.7;0.8323;UNKNOWN
2016-02-23T03:22:57.000000;2016-02-23T03:22:57.000000;faf8794b-955b-4d53-b5dd-d5edb48487cb;441.15;0.2;UNKNOWN
2016-02-23T03:22:57.000000;2016-02-23T03:22:57.000000;62de2e6e-4433-4da5-8d9c-576ecfd0e6ee;441.0;3.2503765;UNKNOWN
2016-02-23T03:22:57.000000;2016-02-23T03:22:57.000000;15edae7e-e284-448f-845a-e0ab3da76a8d;441.16;3.25027085;UNKNOWN
2016-02-23T03:23:00.000000;2016-02-23T03:23:00.000000;c318af92-21ce-44af-86e6-84d985e00484;441.06;3.25030607;UNKNOWN
2016-02-23T03:23:00.000000;2016-02-23T03:23:00.000000;ae23af59-9f1d-488c-a069-bc2ddd09eaa9;441.11;1.45069393;UNKNOWN
2016-02-23T03:23:01.000000;2016-02-23T03:23:01.000000;8ebbbe6c-fb6f-46eb-a087-5cb5b6efd7a8;441.21;0.61738786;UNKNOWN
2016-02-23T03:23:01.000000;2016-02-23T03:23:01.000000;e5410100-a1a8-42c1-b682-91455bab1562;441.11;1.79961214;UNKNOWN
2016-02-23T03:23:07.000000;2016-02-23T03:23:07.000000;8bdaed89-9747-4888-a4f6-6e3dd6347c45;441.3;0.05930342;UNKNOWN
2016-02-23T03:23:10.000000;2016-02-23T03:23:10.000000;58e37321-4fe5-4f93-901a-403ad276a430;441.3;4.596;UNKNOWN
2016-02-23T03:23:11.000000;2016-02-23T03:23:11.000000;9feff5bb-e6d9-4fe8-a5de-b011ecbdf8df;441.3;7.12769658;UNKNOWN
2016-02-23T03:23:12.000000;2016-02-23T03:23:12.000000;1f0b7180-80a1-49c5-a942-495447973101;441.3;0.8323;UNKNOWN
2016-02-23T03:23:15.000000;2016-02-23T03:23:15.000000;8965a53a-3f18-48f4-9cb2-1c36c169de40;441.31;3.25048215;UNKNOWN
2016-02-23T03:23:16.000000;2016-02-23T03:23:16.000000;47bd6e99-b16e-4fcf-b6ec-024c8f084daa;441.46;1.46782438;UNKNOWN
2016-02-23T03:23:16.000000;2016-02-23T03:23:16.000000;6597730f-cb41-4d59-9a28-c08d12958bd4;441.41;3.25058781;UNKNOWN
2016-02-23T03:23:16.000000;2016-02-23T03:23:16.000000;3cc26b11-a917-4706-a4f0-1990f30d1e5a;441.37;3.25058781;UNKNOWN
2016-02-23T03:23:26.000000;2016-02-23T03:23:26.000000;0b0f87b8-147c-4432-ab58-c72edfa3389d;441.46;1.0;UNKNOWN
2016-02-23T03:24:03.000000;2016-02-23T03:24:03.000000;af498eb1-c00d-44e0-8841-7b9b99fa09fc;441.43;9.379;UNKNOWN
2016-02-23T03:24:12.000000;2016-02-23T03:24:12.000000;afd823f3-190c-44e4-a8bc-dc571a5eae4d;441.31;0.06064959;UNKNOWN
2016-02-23T03:24:15.000000;2016-02-23T03:24:15.000000;584dcb96-07ae-4e75-b9bc-a735248b60fe;441.3;0.06294566;UNKNOWN
2016-02-23T03:24:19.000000;2016-02-23T03:24:19.000000;60ce7f0d-6491-4be8-ac27-403fde471b75;441.3;0.19732437;UNKNOWN
2016-02-23T03:24:22.000000;2016-02-23T03:24:22.000000;15ff4358-2b88-4b04-8906-d8dcfeb4f176;441.3;0.08118081;UNKNOWN
2016-02-23T03:24:33.000000;2016-02-23T03:24:33.000000;4831cb9c-61f1-4f79-9b5e-538f3952a935;441.3;0.0682275;UNKNOWN
2016-02-23T03:24:37.000000;2016-02-23T03:24:37.000000;0c00b216-d90a-4f48-b827-180daee94dc6;441.3;0.06783533;UNKNOWN
2016-02-23T03:24:41.000000;2016-02-23T03:24:41.000000;7016db9d-b29c-4488-97cd-e47ec8857078;441.3;0.18116658;UNKNOWN
2016-02-23T03:24:41.000000;2016-02-23T03:24:41.000000;38586ba0-c3f6-4047-9112-c707beda6074;441.3;0.1;UNKNOWN
2016-02-23T03:24:44.000000;2016-02-23T03:24:44.000000;b041e53b-77c0-48d4-8a8b-b2ca7f9371ed;441.3;0.11167392;UNKNOWN
2016-02-23T03:24:48.000000;2016-02-23T03:24:48.000000;913b4df0-85d5-41fc-b6f3-caa30c98cbf8;441.3;0.04543498;UNKNOWN
2016-02-23T03:24:52.000000;2016-02-23T03:24:52.000000;6dc76b7e-5964-4413-95f9-546ffad04ce8;441.3;0.0744386;UNKNOWN
2016-02-23T03:24:55.000000;2016-02-23T03:24:55.000000;9fa20e83-3179-4e5e-9cec-92827bb4f72a;441.3;0.04378487;UNKNOWN
2016-02-23T03:24:59.000000;2016-02-23T03:24:59.000000;643eabd1-435d-42af-92c9-b9e0a8d2ddb1;440.9;0.1343668;UNKNOWN
2016-02-23T03:25:03.000000;2016-02-23T03:25:03.000000;f9527c1b-91e3-4854-908e-3cc48932d1b2;440.97;0.16274493;UNKNOWN
2016-02-23T03:25:07.000000;2016-02-23T03:25:07.000000;a57e2565-a4a8-4008-b97d-5a0234c8de11;440.91;0.06869256;UNKNOWN
2016-02-23T03:25:10.000000;2016-02-23T03:25:10.000000;63cd7210-0400-4691-a934-7e593bab5d0d;440.9;0.05723512;UNKNOWN
2016-02-23T03:25:14.000000;2016-02-23T03:25:14.000000;2560e6f5-c5ec-4646-97ed-aa8888a6c13f;440.94;0.12377973;UNKNOWN
2016-02-23T03:25:21.000000;2016-02-23T03:25:21.000000;80e0c338-5c30-462f-b774-46851d5b6c47;440.92;0.18810158;UNKNOWN
2016-02-23T03:25:25.000000;2016-02-23T03:25:25.000000;7339cb46-3565-4b9e-b25a-b3922e186e6d;440.73;0.05561293;UNKNOWN
2016-02-23T03:25:29.000000;2016-02-23T03:25:29.000000;692f8c07-6738-4f65-8f5b-e7660a58ac04;440.79;0.05852848;UNKNOWN
2016-02-23T03:25:33.000000;2016-02-23T03:25:33.000000;e60c4b45-e002-48df-85b6-51b687db2019;440.86;0.16200699;UNKNOWN
2016-02-23T03:25:36.000000;2016-02-23T03:25:36.000000;66c91910-dba6-4760-a88e-7302106bd86f;440.77;0.01896088;UNKNOWN
2016-02-23T03:25:40.000000;2016-02-23T03:25:40.000000;076eba7d-a97f-444a-be39-c75e6ffcdc69;440.82;0.06365306;UNKNOWN
2016-02-23T03:25:44.000000;2016-02-23T03:25:44.000000;7a83125c-0591-4a04-9df0-7b9aa1fe0dc5;440.86;0.18473896;UNKNOWN
2016-02-23T03:25:51.000000;2016-02-23T03:25:51.000000;017cdf33-211d-4b17-8116-d1ca0edd5398;440.84;0.03833527;UNKNOWN
2016-02-23T03:26:10.000000;2016-02-23T03:26:10.000000;bc17ec1c-043f-4460-8aa4-dec171d49cb5;441.54;0.275;UNKNOWN
2016-02-23T03:26:10.000000;2016-02-23T03:26:10.000000;bcd050f4-3b7b-4c87-8ec7-549245b6d1b4;441.53;0.832;UNKNOWN
2016-02-23T03:26:10.000000;2016-02-23T03:26:10.000000;0b96d92d-f7a0-4479-9a3f-b9e1d5e6b5ba;441.5;9.42;UNKNOWN
2016-02-23T03:26:10.000000;2016-02-23T03:26:10.000000;ae33047a-3fad-480b-96aa-b4335e0cfc6e;441.44;0.5;UNKNOWN
2016-02-23T03:26:10.000000;2016-02-23T03:26:10.000000;8532e964-e584-4938-abe1-188eb5ee9930;441.46;6.0;UNKNOWN
2016-02-23T03:26:10.000000;2016-02-23T03:26:10.000000;50c9603a-037a-4626-8eff-ff4eaecdd507;441.45;3.0;UNKNOWN
2016-02-23T03:26:16.000000;2016-02-23T03:26:16.000000;610d6638-4344-4fc3-829d-e11d32e03edc;441.61;3.24942593;UNKNOWN
2016-02-23T03:26:16.000000;2016-02-23T03:26:16.000000;296e27cd-aa7a-484c-b1ad-81c4c2a8f71e;441.65;0.55057407;UNKNOWN
2016-02-23T03:26:19.000000;2016-02-23T03:26:19.000000;8169bedd-1985-4af4-8cf7-a5e0e8d473af;441.65;0.1;UNKNOWN
2016-02-23T03:26:20.000000;2016-02-23T03:26:20.000000;7198d7c3-2d6e-4b41-a76d-58db10288435;441.7;2.69895744;UNKNOWN
2016-02-23T03:26:20.000000;2016-02-23T03:26:20.000000;3320d42e-3443-4cbc-8e78-452a5799835d;441.66;3.24928516;UNKNOWN
2016-02-23T03:26:22.000000;2016-02-23T03:26:22.000000;eeb514b2-6fe1-4e95-a810-5716ee2d8e66;441.71;0.4495667;UNKNOWN
2016-02-23T03:26:22.000000;2016-02-23T03:26:22.000000;b93f7bfb-3fe8-4d1b-95cb-5fbb120153e3;441.7;0.5504333;UNKNOWN
2016-02-23T03:26:23.000000;2016-02-23T03:26:23.000000;6fd73425-b7ed-4e7b-831d-2580f60c30a4;440.98;0.8319;UNKNOWN
2016-02-23T03:26:28.000000;2016-02-23T03:26:28.000000;1c5a26e3-7fde-4790-b5e1-ee1a7bae87bb;441.63;3.2507287;UNKNOWN
2016-02-23T03:26:28.000000;2016-02-23T03:26:28.000000;d3a31925-59e9-4390-9f24-ad7f394bc69f;441.71;1.0712713;UNKNOWN
2016-02-23T03:26:48.000000;2016-02-23T03:26:48.000000;0a42fb7f-8f3e-4cd3-ab93-8972ac6a5360;440.96;0.13399065;UNKNOWN
2016-02-23T03:27:11.000000;2016-02-23T03:27:11.000000;23df18c4-1ef1-4985-96b6-0810d4150205;440.76;0.04698209;UNKNOWN
2016-02-23T03:27:35.000000;2016-02-23T03:27:35.000000;e78f3cc6-dada-4f3e-9c81-68c92200d349;441.34;0.8319;UNKNOWN
