time_exchange;time_coinpai;guid;price;base_amount;taker_side
2016-02-23T00:00:03.007000;2016-02-23T00:00:03.040000;f2778834-6e0f-463e-9d2f-3b07cb36fe58;437.45;0.01;BUY
2016-02-23T00:00:03.007000;2016-02-23T00:00:03.040000;d3ef4b3b-0313-4c6a-a54d-00f6012a3e78;437.45;0.073;BUY
2016-02-23T00:00:03.007000;2016-02-23T00:00:03.040000;b61fdcc5-6fc4-47d3-8fb7-1e7dee65db76;437.46;0.02;BUY
2016-02-23T00:00:03.007000;2016-02-23T00:00:03.040000;6b9b6ba8-8fe1-4da3-9505-17931a4f8339;437.47;0.02440726;BUY
2016-02-23T00:00:03.007000;2016-02-23T00:00:03.073000;e4e91284-d848-46c9-8ed7-cab1b1f53d1b;437.48;0.0238;BUY
2016-02-23T00:00:03.007000;2016-02-23T00:00:03.073000;cc9caacb-1deb-43f3-86ee-f16fcfec0b30;437.49;0.26679274;BUY
2016-02-23T00:00:04.127000;2016-02-23T00:00:04.150000;390c3ae5-37f2-4fcb-ad46-33da4c5fb562;437.43;0.01;SELL
2016-02-23T00:00:04.127000;2016-02-23T00:00:04.150000;b38e4d28-ea6b-44ce-87ec-5fcea003e1b4;437.42;0.005;SELL
2016-02-23T00:00:32.717000;2016-02-23T00:00:32.743000;21d4bdf1-fc55-490d-8ff0-8a7d1ff7abe2;437.48;0.015;BUY
2016-02-23T00:00:32.717000;2016-02-23T00:00:32.743000;667f6890-15b8-401b-8dd9-f2d40c1e75f9;437.49;1.14741769;BUY
2016-02-23T00:00:32.717000;2016-02-23T00:00:32.743000;aaabcf37-c8e3-4ef2-8756-aab9303b4401;437.5;0.01835231;BUY
2016-02-23T00:01:03.110000;2016-02-23T00:01:03.120000;48d5d52f-2b82-444f-9b75-68840e90e9ba;437.49;0.01;BUY
2016-02-23T00:01:03.110000;2016-02-23T00:01:03.120000;167dccae-756e-4297-abd1-4418fb3a10b0;437.5;0.3203;BUY
2016-02-23T00:01:33.613000;2016-02-23T00:01:33.633000;b1affdb0-a447-4afa-8d3f-43a62137e02e;437.5;0.1384;BUY
2016-02-23T00:02:05.343000;2016-02-23T00:02:05.353000;85c39bff-b5e3-420d-888d-f28e0e366bb4;437.5;0.42052;BUY
2016-02-23T00:02:25.990000;2016-02-23T00:02:25.993000;e3494ea8-fcd6-45d7-886f-0dbe40404b79;437.5;0.00684656;BUY
2016-02-23T00:02:34.180000;2016-02-23T00:02:34.197000;41c0809c-2f53-4cfb-95e0-5d629702ab2a;437.49;0.01;SELL
2016-02-23T00:02:34.180000;2016-02-23T00:02:34.213000;f4913ff2-481e-45ab-b2fe-21fadb94e212;437.48;0.01;SELL
2016-02-23T00:02:34.180000;2016-02-23T00:02:34.213000;5c9f8d72-fa09-4eb7-93cf-ec761c4823f9;437.47;0.01;SELL
2016-02-23T00:02:34.180000;2016-02-23T00:02:34.213000;1b9120be-9d82-440d-91eb-4e57621784b2;437.47;0.11;SELL
2016-02-23T00:02:34.180000;2016-02-23T00:02:34.213000;478c6fdc-45f6-4dd7-8b2c-2beca56b476f;437.46;0.01;SELL
2016-02-23T00:02:34.180000;2016-02-23T00:02:34.307000;78f07fb1-c49e-4280-b9b8-45129e5ed4c6;437.46;0.119;SELL
2016-02-23T00:02:34.180000;2016-02-23T00:02:34.307000;127f9942-8dc3-4691-b2aa-6387247ab742;437.45;0.01;SELL
2016-02-23T00:02:34.180000;2016-02-23T00:02:34.307000;0329ca22-f62c-447e-9233-69f29bd14563;437.45;0.126;SELL
2016-02-23T00:02:34.180000;2016-02-23T00:02:34.307000;e404ef1b-e4e5-4d1b-b23d-2875aeb4c184;437.44;0.01;SELL
2016-02-23T00:02:34.180000;2016-02-23T00:02:34.307000;d7e30331-9c78-4d64-8db6-589b966a24f8;437.43;0.01;SELL
2016-02-23T00:02:34.180000;2016-02-23T00:02:34.307000;420b48ca-900e-4d9c-b7a2-4ae647711891;437.42;0.005;SELL
2016-02-23T00:02:34.180000;2016-02-23T00:02:34.307000;0d6bbb52-b1dc-4e26-adfb-05b33cb3ec24;437.41;0.01;SELL
2016-02-23T00:02:34.180000;2016-02-23T00:02:34.307000;4aa02288-97e1-4db7-8eb2-2d96ad32ee89;437.4;0.01;SELL
2016-02-23T00:02:34.183000;2016-02-23T00:02:34.307000;366e21e6-36af-4155-a298-473db0f28e1d;437.4;1.0;SELL
2016-02-23T00:02:34.183000;2016-02-23T00:02:34.307000;125fe02b-fe83-4afe-a367-20a15fa8dfbb;437.4;0.1;SELL
2016-02-23T00:02:34.183000;2016-02-23T00:02:34.307000;79dbfb71-e535-4551-a002-12f708b07f3b;437.39;0.01;SELL
2016-02-23T00:02:34.183000;2016-02-23T00:02:34.307000;ffd0fae2-e6e9-4b61-acbd-e63077d180aa;437.38;0.01;SELL
2016-02-23T00:02:34.183000;2016-02-23T00:02:34.307000;7170bf67-e1c5-48b9-8013-f8ecacd90f1d;437.37;0.01;SELL
2016-02-23T00:02:34.183000;2016-02-23T00:02:34.307000;ca32a3d4-7ea3-4d70-a3d3-9ac4831231b6;437.36;0.01;SELL
2016-02-23T00:02:34.183000;2016-02-23T00:02:34.307000;2da03439-6bc3-4b6c-abd3-78d5347e8157;437.35;0.01;SELL
2016-02-23T00:02:34.183000;2016-02-23T00:02:34.307000;c33895c9-16b6-43ec-825a-237736af1b1e;437.35;0.126;SELL
2016-02-23T00:02:34.183000;2016-02-23T00:02:34.307000;dce2bb7e-8678-4a7d-9b7b-ad554ad553a1;437.34;0.01;SELL
2016-02-23T00:02:34.183000;2016-02-23T00:02:34.307000;9619eec3-2f99-4ce7-982d-65d1eeb46086;437.33;0.0905;SELL
2016-02-23T00:02:34.183000;2016-02-23T00:02:34.307000;b1ecd38a-7b9d-483a-b23a-dd119a3f11f4;437.32;0.1475;SELL
2016-02-23T00:02:34.183000;2016-02-23T00:02:34.307000;437f8e5d-ca1d-4173-8478-528616b58660;437.31;0.01;SELL
2016-02-23T00:02:34.183000;2016-02-23T00:02:34.307000;4c0160cf-6dec-48fe-b679-2f6269e25927;437.3;0.01;SELL
2016-02-23T00:02:34.183000;2016-02-23T00:02:34.307000;129ea360-8f18-4a16-b084-7887f9767595;437.3;0.103;SELL
2016-02-23T00:02:34.183000;2016-02-23T00:02:34.307000;c85aaa16-ad20-414b-b82e-9b4c6f2c3324;437.29;0.01;SELL
2016-02-23T00:02:34.183000;2016-02-23T00:02:34.307000;40616c74-e9bd-493a-a9d4-e66f9cbee549;437.29;0.01;SELL
2016-02-23T00:02:34.183000;2016-02-23T00:02:34.307000;6990c250-a25a-4c35-93e3-bfd60894086d;437.28;0.01;SELL
2016-02-23T00:02:34.183000;2016-02-23T00:02:34.323000;b87446dd-4ed7-4e5f-8158-40954bc5458f;437.27;0.01;SELL
2016-02-23T00:02:34.183000;2016-02-23T00:02:34.323000;9f993014-b9a8-4699-82e9-293ffecdcca5;437.27;0.01;SELL
2016-02-23T00:02:34.183000;2016-02-23T00:02:34.323000;07a23151-041b-40eb-afc2-6ff5f409e4ad;437.26;0.01;SELL
2016-02-23T00:02:34.183000;2016-02-23T00:02:34.323000;0e0cbeea-aa28-4226-8153-1d9a5f256e34;437.26;1.0;SELL
2016-02-23T00:02:34.183000;2016-02-23T00:02:34.323000;896fc1e6-559e-49a5-821f-02a56b1830e3;437.25;0.01;SELL
2016-02-23T00:02:34.183000;2016-02-23T00:02:34.323000;88b6f797-9597-4bc9-86c8-3c46aef1c724;437.25;0.01;SELL
2016-02-23T00:02:34.187000;2016-02-23T00:02:34.323000;30ce22e6-132c-4e13-8301-51d19f5643be;437.25;0.112;SELL
2016-02-23T00:02:34.187000;2016-02-23T00:02:34.323000;521b6a1e-f956-4460-93ac-14201878ac51;437.24;0.01;SELL
2016-02-23T00:02:34.187000;2016-02-23T00:02:34.323000;8494b6a5-4d8c-4db6-8ccb-6314cb25b94a;437.23;0.01;SELL
2016-02-23T00:02:34.187000;2016-02-23T00:02:34.323000;bf59d8f4-805e-47b0-9fbc-f93fd26da400;437.22;0.12186935;SELL
2016-02-23T00:02:34.187000;2016-02-23T00:02:34.323000;3177e207-70a6-4ce9-b474-00719258a3a2;437.21;0.01;SELL
2016-02-23T00:02:34.187000;2016-02-23T00:02:34.323000;ac2d4a0e-8055-4055-ab70-3d7af2fbc30b;437.21;0.32;SELL
2016-02-23T00:02:34.187000;2016-02-23T00:02:34.323000;c59f1f0a-5fd6-44a9-9ee2-b128040f9ac9;437.2;0.01;SELL
2016-02-23T00:02:34.187000;2016-02-23T00:02:34.323000;a30f3dde-35c3-4982-a9cb-88dbbc4f9c4a;437.2;0.096;SELL
2016-02-23T00:02:34.187000;2016-02-23T00:02:34.323000;c97a2b0d-adb8-402c-aebe-7b8befe4639c;437.2;0.64;SELL
2016-02-23T00:02:34.187000;2016-02-23T00:02:34.323000;7d73cd53-6384-4771-a410-c0d9ef8a3b4f;437.19;0.1003053;SELL
2016-02-23T00:02:34.187000;2016-02-23T00:02:34.323000;ed17d3eb-2b5c-4d20-a247-5f1ad20c3634;437.19;2.0;SELL
2016-02-23T00:02:34.187000;2016-02-23T00:02:34.323000;ceb437b0-20dc-420c-bf6c-874ccb30baf8;437.18;0.03363462;SELL
2016-02-23T00:02:34.187000;2016-02-23T00:02:34.323000;ad574ba1-0129-4103-8a78-f067d91b1169;437.18;0.01;SELL
2016-02-23T00:02:34.187000;2016-02-23T00:02:34.323000;ce7f87e1-b4ba-4737-bcb9-1a407d1f063d;437.18;1.28;SELL
2016-02-23T00:02:34.187000;2016-02-23T00:02:34.323000;5f3d8044-7739-4ecd-9c40-e175d992a6e2;437.17;0.035688;SELL
2016-02-23T00:02:34.187000;2016-02-23T00:02:34.323000;221d64c1-0f37-49e1-85e4-4a1b4836087d;437.16;1.76;SELL
2016-02-23T00:02:34.187000;2016-02-23T00:02:34.323000;77adf61e-26ef-4da3-b480-4f58b05c208f;437.16;0.8;SELL
2016-02-23T00:02:34.187000;2016-02-23T00:02:34.323000;a6d5a973-6d22-4246-ae3b-101b93ec8f1f;437.15;0.01;SELL
2016-02-23T00:02:34.187000;2016-02-23T00:02:34.323000;f3844d31-a632-48ad-bc99-d742cd5b2230;437.15;0.01;SELL
2016-02-23T00:02:34.187000;2016-02-23T00:02:34.383000;3ebfc488-169c-4e2c-822b-5bd35266add1;437.15;0.02;SELL
2016-02-23T00:02:34.187000;2016-02-23T00:02:34.400000;7514c2a5-7bc3-44b8-ab09-2d6850aa7fe6;437.15;0.1;SELL
2016-02-23T00:02:34.187000;2016-02-23T00:02:34.400000;5f370874-bbb2-4f1d-83b0-2142cc5f0429;437.15;1.92;SELL
2016-02-23T00:02:34.190000;2016-02-23T00:02:34.400000;62084f87-3265-4dd6-8695-df5c093864b1;437.14;0.01;SELL
2016-02-23T00:02:34.190000;2016-02-23T00:02:34.400000;2bfd0cb9-c17f-4591-8b9d-7fb1fd70a6e1;437.14;0.85293273;SELL
2016-02-23T00:02:37.670000;2016-02-23T00:02:37.697000;11b6f4fb-71cd-4e14-a7b9-dc6063dbd525;437.43;0.05;BUY
2016-02-23T00:03:06.563000;2016-02-23T00:03:06.573000;4429302d-4db0-432b-8d69-23ec19e83d3a;437.21;0.01;BUY
2016-02-23T00:03:06.563000;2016-02-23T00:03:06.573000;d8ae26d6-0dbc-4099-bbf0-340999f9287a;437.22;0.01;BUY
2016-02-23T00:03:06.563000;2016-02-23T00:03:06.587000;7e5fe05d-78b4-434d-8861-6b61fc164fe0;437.23;0.02141407;BUY
2016-02-23T00:03:06.563000;2016-02-23T00:03:06.587000;9e0acbf1-4cbe-4b63-8637-695e1b362a64;437.27;0.024517;BUY
2016-02-23T00:03:06.563000;2016-02-23T00:03:06.587000;974aeeb3-a506-48fa-ad72-81647fe552b6;437.29;0.055;BUY
2016-02-23T00:03:06.563000;2016-02-23T00:03:06.603000;a7eaae2d-5cc1-45a7-a95e-c760d3e669d2;437.35;1.12;BUY
2016-02-23T00:03:06.563000;2016-02-23T00:03:06.603000;e72688a2-e446-4361-8420-d7f0f299db48;437.36;0.0247199;BUY
2016-02-23T00:03:06.563000;2016-02-23T00:03:06.603000;9a1d94a4-aaae-40e1-b301-53f3e5c0dd48;437.36;1.00086903;BUY
2016-02-23T00:03:33.700000;2016-02-23T00:03:33.713000;30b6d98d-b6dd-4853-ae4f-d27ea8cf1341;437.26;0.01;SELL
2016-02-23T00:03:33.700000;2016-02-23T00:03:33.713000;2008c7ba-1015-48de-9083-f205284677c7;437.25;0.01;SELL
2016-02-23T00:03:33.700000;2016-02-23T00:03:33.713000;fe3eae0d-4e75-4873-a1ab-e0c2244e5364;437.25;0.083;SELL
2016-02-23T00:03:33.700000;2016-02-23T00:03:33.743000;51657933-a8f8-452b-be4e-303e54df8935;437.24;0.01;SELL
2016-02-23T00:03:33.700000;2016-02-23T00:03:33.743000;9dc25ce0-626b-49aa-a92f-13a94d7453ee;437.24;0.071;SELL
2016-02-23T00:03:33.700000;2016-02-23T00:03:33.743000;ac0ba983-5488-43f1-b6a5-a88d8f899a45;437.23;0.01;SELL
2016-02-23T00:03:33.700000;2016-02-23T00:03:33.743000;36d837c0-3afe-46b7-a10b-b16a72ea53c1;437.22;0.01356;SELL
2016-02-23T00:04:03.963000;2016-02-23T00:04:04.027000;c63dea38-ce8a-42fb-8973-0b6edc6e2576;437.33;0.01;BUY
2016-02-23T00:04:03.963000;2016-02-23T00:04:04.027000;1c874d97-51e3-4abf-91ed-fa5f384e0659;437.34;0.04;BUY
2016-02-23T00:04:03.967000;2016-02-23T00:04:04.027000;59995228-f979-4fa9-bdf0-502f9bdd626f;437.35;0.01;BUY
2016-02-23T00:04:03.967000;2016-02-23T00:04:04.040000;3f82e5f0-17d3-4c56-a555-208635e25306;437.36;0.02537404;BUY
2016-02-23T00:04:03.967000;2016-02-23T00:04:04.040000;9a815c1b-ac22-4e8a-9333-4a862d1aecf3;437.37;0.03;BUY
2016-02-23T00:04:03.967000;2016-02-23T00:04:04.040000;0126706e-8290-4acd-b0ec-c86557c1e3c7;437.38;0.028;BUY
2016-02-23T00:04:03.967000;2016-02-23T00:04:04.040000;8dd32213-84f0-43ec-834d-8962a82f5352;437.43;0.02462344;BUY
2016-02-23T00:04:03.967000;2016-02-23T00:04:04.040000;c9c5fc14-afa5-43a4-bf0a-8a1df10446b5;437.45;0.83269252;BUY
2016-02-23T00:04:29.220000;2016-02-23T00:04:29.277000;c57eb05f-f741-4993-8b93-161b6403edb4;437.42;0.028;BUY
2016-02-23T00:04:29.220000;2016-02-23T00:04:29.290000;2ac45c6b-c4c7-4a20-8fe8-55bff7c2e1e2;437.44;4.38805359;BUY
2016-02-23T00:04:30.193000;2016-02-23T00:04:30.243000;9f463516-511a-4fdc-b74f-f0842d4d192e;437.43;0.01;BUY
2016-02-23T00:04:30.193000;2016-02-23T00:04:30.243000;6ed2eed0-bc6e-490c-979f-a22d24744044;437.45;0.024863;BUY
2016-02-23T00:04:30.193000;2016-02-23T00:04:30.243000;a1dab915-e3e6-46b8-9df5-08efb839a797;437.46;0.01;BUY
2016-02-23T00:04:30.193000;2016-02-23T00:04:30.260000;5a0c56f8-a111-452f-9abc-c08f406ffd0f;437.48;0.01;BUY
2016-02-23T00:04:30.193000;2016-02-23T00:04:30.260000;e8d09084-99ea-4ee1-a9f0-d437d151fbf0;437.48;0.01;BUY
2016-02-23T00:04:30.193000;2016-02-23T00:04:30.277000;6e8cd10b-5a7d-43ad-b2dc-628b56e20d06;437.5;4.35119059;BUY
2016-02-23T00:04:30.463000;2016-02-23T00:04:30.527000;7b83050e-fd29-43aa-b350-74dc16d8955d;437.5;4.41605359;BUY
2016-02-23T00:04:31.420000;2016-02-23T00:04:31.480000;12e97f17-c841-42b8-a432-2d957eb610be;437.48;0.01;BUY
2016-02-23T00:04:31.420000;2016-02-23T00:04:31.480000;33f1b90c-3647-4445-812f-bb21bba59a32;437.49;0.01;BUY
2016-02-23T00:04:31.420000;2016-02-23T00:04:31.480000;fe39ae2a-6e84-4c22-977f-5eb6f267dd59;437.5;1.99958205;BUY
2016-02-23T00:04:31.420000;2016-02-23T00:04:31.480000;bd20737f-0399-4cad-9450-f3c1030e2fac;437.54;2.39647154;BUY
2016-02-23T00:04:34.583000;2016-02-23T00:04:34.650000;f92b6382-5c77-43f2-a5bc-7bcc2cd45ddf;437.42;0.27019;SELL
2016-02-23T00:05:03.547000;2016-02-23T00:05:03.603000;8d552aad-70de-4fbe-87ea-1f3d432df7a8;437.46;0.01;SELL
2016-02-23T00:05:03.547000;2016-02-23T00:05:03.603000;cee974ea-237f-4470-b47a-4aa4ffa7bdee;437.46;0.16;SELL
2016-02-23T00:05:03.547000;2016-02-23T00:05:03.603000;5f74d3dd-9615-4d3d-aea9-59bc8a072caf;437.45;0.01;SELL
2016-02-23T00:05:03.547000;2016-02-23T00:05:03.603000;710d30c8-79f1-4baa-a393-3e8f075a180c;437.45;0.16;SELL
2016-02-23T00:05:03.547000;2016-02-23T00:05:03.633000;3a8f4508-a17e-4a98-9c3d-ba8f250cc106;437.44;0.04024567;SELL
2016-02-23T00:05:03.547000;2016-02-23T00:05:03.633000;100fe585-6687-4da4-9066-cc953eafd9fd;437.44;0.084;SELL
2016-02-23T00:05:03.547000;2016-02-23T00:05:03.633000;9522e01c-7099-461e-adb3-6483ebfc0420;437.42;0.96;SELL
2016-02-23T00:05:03.547000;2016-02-23T00:05:03.633000;4d34fc0b-cb7b-4aad-b1c9-e19b3d7ca989;437.41;0.01;SELL
2016-02-23T00:05:03.547000;2016-02-23T00:05:03.633000;3b0c071c-e0ab-4578-9003-553aa4662190;437.41;0.06237433;SELL
2016-02-23T00:05:33.193000;2016-02-23T00:05:33.243000;297760d5-f5db-4856-b1c2-bb9b8d0ef89f;437.51;0.02;BUY
2016-02-23T00:05:33.193000;2016-02-23T00:05:33.260000;db49a094-a887-465c-91b9-93aaf7edf207;437.52;0.01;BUY
2016-02-23T00:05:33.193000;2016-02-23T00:05:33.260000;506624ec-765f-4e87-ad22-5077643533a4;437.55;0.019;BUY
2016-02-23T00:05:33.193000;2016-02-23T00:05:33.260000;3da197c4-9323-4abc-a440-feb9c91d3222;437.56;0.129;BUY
2016-02-23T00:05:33.193000;2016-02-23T00:05:33.260000;76c5499a-8944-4981-8f3c-6efddea20aa9;437.61;0.121;BUY
2016-02-23T00:05:33.193000;2016-02-23T00:05:33.277000;987c8052-a5f6-45b8-82a7-afce76767c3c;437.65;0.02;BUY
2016-02-23T00:05:33.193000;2016-02-23T00:05:33.277000;22f65b0b-69f5-467f-8ef0-ed993b10addc;437.66;0.093;BUY
2016-02-23T00:05:33.193000;2016-02-23T00:05:33.277000;8254eac4-4a34-4b0f-89bb-1b90bd74ddad;437.67;0.01339;BUY
2016-02-23T00:06:12.190000;2016-02-23T00:06:12.243000;8d4d1e9f-b66e-4686-bc9f-a5027d6411ce;437.58;0.01;SELL
2016-02-23T00:06:12.190000;2016-02-23T00:06:12.243000;5ef6cdf4-0c82-4240-9f7a-11c776587bc2;437.57;0.01;SELL
2016-02-23T00:06:12.190000;2016-02-23T00:06:12.260000;70b5a8db-33b2-407e-a4ae-a12a0596c767;437.57;0.01;SELL
2016-02-23T00:06:12.190000;2016-02-23T00:06:12.260000;0f134ac0-b93b-4202-a9eb-1b0ba9f70c4d;437.56;0.0324341;SELL
2016-02-23T00:06:12.193000;2016-02-23T00:06:12.277000;d16b7fd4-3f0f-434a-8a99-4dbc602e63f9;437.55;1.204;SELL
2016-02-23T00:06:12.193000;2016-02-23T00:06:12.277000;bd266844-e4e7-4449-90e0-f0f14e9f20c0;437.54;0.09476149;SELL
2016-02-23T00:06:12.193000;2016-02-23T00:06:12.277000;e9a421ac-9e13-4448-bc7f-d8ee1dca6617;437.54;0.108;SELL
2016-02-23T00:06:12.193000;2016-02-23T00:06:12.277000;a018277c-79d8-4aeb-a167-f13eeb95fcb6;437.53;0.1;SELL
2016-02-23T00:06:12.193000;2016-02-23T00:06:12.277000;ac372ffe-8a8c-4ea7-8bec-2172edb43180;437.52;0.0512348;SELL
2016-02-23T00:06:12.193000;2016-02-23T00:06:12.277000;df3a3ab6-e65e-433d-9dd4-0a927838e70e;437.51;0.030315;SELL
2016-02-23T00:06:12.193000;2016-02-23T00:06:12.277000;1c922d75-8716-4df8-9f5d-e84d05a046d3;437.51;0.22;SELL
2016-02-23T00:06:12.193000;2016-02-23T00:06:12.277000;38b63f67-3f22-4bec-a585-a23f469d3808;437.5;0.01;SELL
2016-02-23T00:06:12.193000;2016-02-23T00:06:12.277000;bfdfe0f3-601c-46c1-afea-032a4c1f9fba;437.49;0.0375551;SELL
2016-02-23T00:06:12.193000;2016-02-23T00:06:12.277000;31b9bf89-4b95-4b61-8016-c0891f4c00fe;437.47;0.01;SELL
2016-02-23T00:06:12.193000;2016-02-23T00:06:12.277000;8df253a1-e7c3-423d-b581-ebf3444e22df;437.46;0.01;SELL
2016-02-23T00:06:12.193000;2016-02-23T00:06:12.277000;67a91372-364e-4d24-bd06-9ac09a72371d;437.46;0.08661951;SELL
2016-02-23T00:06:36.090000;2016-02-23T00:06:36.133000;16ff55c6-4867-426f-96db-8ec7c351511e;437.6;0.01;BUY
2016-02-23T00:06:36.090000;2016-02-23T00:06:36.150000;bbe09598-2222-47cf-8f8b-d7297edf1547;437.6;0.21;BUY
2016-02-23T00:06:36.090000;2016-02-23T00:06:36.150000;63441d9f-bd9c-4ada-be53-9f3c6cd2c516;437.6;0.127;BUY
2016-02-23T00:06:36.090000;2016-02-23T00:06:36.167000;2f3c78e0-ceed-4648-b350-cba74d1ad334;437.61;0.01;BUY
2016-02-23T00:06:36.090000;2016-02-23T00:06:36.167000;3140bd63-2ffa-469c-91fe-d1babde0d3a7;437.62;0.01325606;BUY
2016-02-23T00:06:36.090000;2016-02-23T00:06:36.167000;52889ad3-3098-4b03-860a-60f275181bbe;437.63;0.022;BUY
2016-02-23T00:06:36.090000;2016-02-23T00:06:36.167000;f9516faa-2255-43d2-aed6-36f4fd900a6f;437.64;0.01577394;BUY
2016-02-23T00:06:59.407000;2016-02-23T00:06:59.463000;46b05f00-c2b7-41af-ad6e-d3d6923aca85;437.61;0.01;SELL
2016-02-23T00:06:59.407000;2016-02-23T00:06:59.463000;691fa62f-148b-4574-9c1c-b428e373f373;437.6;0.01;SELL
2016-02-23T00:07:13.940000;2016-02-23T00:07:13.980000;693a9dab-609e-48af-9ebf-744fd759cce7;437.6;0.1275;BUY
2016-02-23T00:07:13.940000;2016-02-23T00:07:13.993000;fc8fc690-b2cb-44e8-8054-4f5a636f7041;437.61;0.023;BUY
2016-02-23T00:07:13.940000;2016-02-23T00:07:13.993000;3791c081-e384-4169-874b-c62c38a87a1c;437.62;0.023342;BUY
2016-02-23T00:07:13.940000;2016-02-23T00:07:13.993000;187c7a01-0ea1-4a60-85f5-7945e90f480e;437.63;0.01;BUY
2016-02-23T00:07:13.940000;2016-02-23T00:07:13.993000;8f6806ce-44f3-4864-908e-ae871faa90d3;437.63;0.119;BUY
2016-02-23T00:07:13.940000;2016-02-23T00:07:14.010000;81118fc3-9fdd-4ab5-80bb-9ebd05966b39;437.64;0.00282729;BUY
2016-02-23T00:07:13.940000;2016-02-23T00:07:14.010000;a70713d1-41f2-430d-b7c2-9b3a80d72ad2;437.65;0.01925;BUY
2016-02-23T00:07:13.940000;2016-02-23T00:07:14.010000;0920093e-58cf-4d63-8bc0-81d246194b20;437.66;0.0270798;BUY
2016-02-23T00:07:13.940000;2016-02-23T00:07:14.010000;82413b1b-b859-47b5-918e-4fca087bde88;437.68;0.35970834;BUY
2016-02-23T00:07:13.940000;2016-02-23T00:07:14.027000;d1cb41b6-0257-4b59-9f9c-9539df072ddf;437.69;0.107;BUY
2016-02-23T00:07:13.940000;2016-02-23T00:07:14.040000;db9224e3-9445-4436-8ec5-ec16e396b3eb;437.7;0.01332906;BUY
2016-02-23T00:07:13.940000;2016-02-23T00:07:14.040000;6c9ef528-2058-4cfe-a827-6153899966b2;437.7;0.03;BUY
2016-02-23T00:07:13.940000;2016-02-23T00:07:14.040000;5df098fc-8431-4807-ad84-ee43cf012249;437.71;0.01;BUY
2016-02-23T00:07:13.940000;2016-02-23T00:07:14.040000;69ae2eb7-8d06-437f-a97b-4e6d9fca2436;437.72;0.01;BUY
2016-02-23T00:07:13.940000;2016-02-23T00:07:14.040000;6ede64fd-f37a-4329-a89f-09e40e9f5aba;437.72;0.04;BUY
2016-02-23T00:07:13.940000;2016-02-23T00:07:14.040000;b1049ce7-353b-4bdc-90af-2f601de6f7db;437.72;0.8;BUY
2016-02-23T00:07:13.940000;2016-02-23T00:07:14.040000;5835ed65-f2cd-4530-ac46-a3759286e08c;437.72;0.61038351;BUY
2016-02-23T00:07:33.600000;2016-02-23T00:07:33.650000;e4b2af34-257f-4b2f-9e44-69a6fa454be6;437.65;0.01;BUY
2016-02-23T00:07:33.600000;2016-02-23T00:07:33.650000;e10fe3db-16d4-425a-88ef-1d1e1ed7c90b;437.67;0.0242997;BUY
2016-02-23T00:07:33.600000;2016-02-23T00:07:33.650000;1b209230-ecbb-42fd-b853-f0b0d7733082;437.67;0.125;BUY
2016-02-23T00:07:33.600000;2016-02-23T00:07:33.667000;2afd068c-f1ea-4902-ba3a-c7a8907c8a89;437.7;0.01;BUY
2016-02-23T00:07:33.600000;2016-02-23T00:07:33.667000;a259cf42-ebfc-4f46-9a2e-4fc1e72a8632;437.7;0.0613103;BUY
2016-02-23T00:08:08.253000;2016-02-23T00:08:08.290000;d361bf03-b656-4b38-90aa-9d6f44b53a2d;437.71;0.02520683;BUY
2016-02-23T00:08:08.253000;2016-02-23T00:08:08.307000;247f72db-12ab-4d18-912b-8c9a8e0b8c33;437.72;0.019;BUY
2016-02-23T00:08:08.253000;2016-02-23T00:08:08.307000;863cc2ea-40ba-48f8-8b83-278928680bb4;437.74;0.05;BUY
2016-02-23T00:08:08.253000;2016-02-23T00:08:08.307000;3e9c3cd2-13cf-4786-8c1a-2a242d0a8f24;437.75;0.02;BUY
2016-02-23T00:08:08.253000;2016-02-23T00:08:08.323000;2bd64ac2-b52e-492d-a4da-df22c9ce8f27;437.77;0.075;BUY
2016-02-23T00:08:08.253000;2016-02-23T00:08:08.323000;c8949df9-91c9-4c33-ab70-7e9c1269bfde;437.8;0.02;BUY
2016-02-23T00:08:08.253000;2016-02-23T00:08:08.323000;39d7b749-5d99-423a-8357-d5091cf9112e;437.8;0.01;BUY
2016-02-23T00:08:08.253000;2016-02-23T00:08:08.323000;73a57b8e-7769-4455-adf2-f3c625af1c06;437.8;0.025;BUY
2016-02-23T00:08:08.253000;2016-02-23T00:08:08.323000;4180afeb-d149-4a46-8608-742a505969ca;437.8;0.01048317;BUY
2016-02-23T00:08:10.833000;2016-02-23T00:08:10.883000;8d477fe4-a7e6-418d-9cca-dd87a9bf5648;437.8;0.01;BUY
2016-02-23T00:08:10.833000;2016-02-23T00:08:10.900000;7173542c-7be6-47cd-a153-9f728ff3b54e;437.82;0.02;BUY
2016-02-23T00:08:10.833000;2016-02-23T00:08:10.933000;96a45ad9-15b2-4aaa-8ae3-f013df4b75b6;437.84;0.075;BUY
2016-02-23T00:08:10.833000;2016-02-23T00:08:10.933000;5a171f34-3c75-446f-930e-361654f78e28;437.85;0.02;BUY
2016-02-23T00:08:10.833000;2016-02-23T00:08:10.933000;599748f4-b9e8-49ea-8e4d-b88a963d93d7;437.87;0.075;BUY
2016-02-23T00:08:10.833000;2016-02-23T00:08:10.933000;a0a71f56-133d-4a27-b7a9-02b1f7efa03a;437.88;0.01;BUY
2016-02-23T00:08:10.833000;2016-02-23T00:08:10.933000;acfdf73e-56c7-4327-92f0-3eb861f473ad;437.88;0.06753345;BUY
2016-02-23T00:08:47.433000;2016-02-23T00:08:47.480000;babd8f22-f87f-47d1-9cc4-3e1a5d3cf066;437.84;0.01;SELL
2016-02-23T00:08:47.433000;2016-02-23T00:08:47.493000;5639eff1-8e80-400e-a190-9a6cafe89c31;437.83;0.01;SELL
2016-02-23T00:08:47.433000;2016-02-23T00:08:47.493000;6b26285d-db36-40de-a2af-e184a79973ce;437.82;0.02691642;SELL
2016-02-23T00:08:47.433000;2016-02-23T00:08:47.493000;40d3b94b-696c-4609-8e8c-4e758a7e0e0b;437.79;0.01;SELL
2016-02-23T00:08:47.437000;2016-02-23T00:08:47.493000;37198a17-2dad-4960-b1c6-ef7883b2ffb6;437.78;0.0981;SELL
2016-02-23T00:08:47.437000;2016-02-23T00:08:47.510000;218b9f4b-158d-4132-b5f4-d38dfca400ba;437.78;0.095;SELL
2016-02-23T00:08:47.437000;2016-02-23T00:08:47.510000;b3c6fa73-2fe8-4acc-9894-df98cc12f16e;437.77;0.089;SELL
2016-02-23T00:08:47.437000;2016-02-23T00:08:47.510000;79264405-de9a-4de8-81b2-9dd7b9737e32;437.76;0.01;SELL
2016-02-23T00:08:47.437000;2016-02-23T00:08:47.510000;9776fb8c-0979-41ef-b768-7d92342550ab;437.75;0.01;SELL
2016-02-23T00:08:47.437000;2016-02-23T00:08:47.510000;53b39237-c57c-4bfa-9195-83bfe44a848a;437.72;0.01;SELL
2016-02-23T00:08:47.437000;2016-02-23T00:08:47.527000;d91692ae-3cb5-4e58-a50a-0f9449d741c9;437.72;0.077;SELL
2016-02-23T00:08:47.437000;2016-02-23T00:08:47.527000;38c93f51-0576-4159-8e69-ecdf44af313f;437.71;0.32;SELL
2016-02-23T00:08:47.437000;2016-02-23T00:08:47.527000;dc27223a-95f9-443a-8e5c-11462a026fb7;437.68;0.48;SELL
2016-02-23T00:08:47.437000;2016-02-23T00:08:47.527000;e98e02e0-3f0a-4f65-a3db-fed27c4ea984;437.67;0.1134;SELL
2016-02-23T00:08:47.437000;2016-02-23T00:08:47.540000;321d5835-4195-478f-93a4-43f6e8f075ef;437.67;0.091;SELL
2016-02-23T00:08:47.437000;2016-02-23T00:08:47.540000;1bb53f71-e659-4af6-aa2c-2af5c1b49a8b;437.64;0.96;SELL
2016-02-23T00:08:47.437000;2016-02-23T00:08:47.540000;2ffed603-cc23-4144-9d09-2448e6c17381;437.64;1.0;SELL
2016-02-23T00:08:47.437000;2016-02-23T00:08:47.557000;da37f210-e417-46cd-95ba-3cde73dcd709;437.63;0.01;SELL
2016-02-23T00:08:47.437000;2016-02-23T00:08:47.557000;18a2fbe5-6d54-4ddd-8247-19ddd4f174ea;437.63;1.12;SELL
2016-02-23T00:08:47.437000;2016-02-23T00:08:47.557000;5340525f-a735-4c77-a45d-161b4f99b1cd;437.62;0.01;SELL
2016-02-23T00:08:47.437000;2016-02-23T00:08:47.557000;2cf5301f-7d32-4bd6-a526-297c122957a5;437.62;0.083;SELL
2016-02-23T00:08:47.437000;2016-02-23T00:08:47.557000;480b3429-27a8-4ace-9c1a-1c0f337d767f;437.61;2.0;SELL
2016-02-23T00:08:47.440000;2016-02-23T00:08:47.573000;444dc1e0-7213-46f2-83f1-6711fa31ef29;437.61;0.11128358;SELL
2016-02-23T00:09:02.553000;2016-02-23T00:09:02.587000;303a14b0-a3e8-4863-a6f9-7ccf04c66081;437.8;0.01;BUY
2016-02-23T00:09:02.553000;2016-02-23T00:09:02.603000;c292cc26-757e-42cb-8583-7582365a62a4;437.81;0.3;BUY
2016-02-23T00:09:02.553000;2016-02-23T00:09:02.603000;850269f2-d8f2-466b-b82c-5e56450e82ba;437.81;0.01199;BUY
2016-02-23T00:09:33.520000;2016-02-23T00:09:33.557000;981f28e6-b4b0-4620-8583-10fb0139ed37;437.81;0.01;BUY
2016-02-23T00:09:33.520000;2016-02-23T00:09:33.573000;414eb780-3ce8-4254-aef2-e9360e6cb235;437.81;0.094;BUY
2016-02-23T00:09:33.520000;2016-02-23T00:09:33.573000;69e5cb39-342b-40e4-a3c8-3cbac6e89695;437.82;0.02110684;BUY
2016-02-23T00:09:33.520000;2016-02-23T00:09:33.573000;7cdfe7ec-cad4-4e6d-9d03-e190518b61e4;437.83;0.0193;BUY
2016-02-23T00:09:33.520000;2016-02-23T00:09:33.573000;71a74106-92ad-42d4-8946-8cce97f0f7cf;437.86;0.05129316;BUY
2016-02-23T00:10:03.910000;2016-02-23T00:10:03.947000;14bf0244-a0d9-4bb5-bf25-9c4d430c1eb4;437.79;0.01;SELL
2016-02-23T00:10:03.913000;2016-02-23T00:10:03.963000;f849178b-3af1-486a-b664-a027252b6612;437.78;0.01;SELL
2016-02-23T00:10:03.913000;2016-02-23T00:10:03.963000;efc981c6-bde5-4342-98c5-5216abd4697a;437.77;0.01;SELL
2016-02-23T00:10:03.913000;2016-02-23T00:10:03.963000;ddcf7b3e-f2c6-43af-a893-88ead27a42e9;437.76;0.01;SELL
2016-02-23T00:10:03.913000;2016-02-23T00:10:03.980000;f7b69f7c-ddbd-4ff8-82a1-8612c0dff59e;437.75;0.01;SELL
2016-02-23T00:10:03.913000;2016-02-23T00:10:03.980000;a1cabbdf-3b66-45e1-9b28-ca8b827de0c9;437.74;0.01;SELL
2016-02-23T00:10:03.913000;2016-02-23T00:10:03.980000;505314fa-31ac-4028-a541-3886acc4a308;437.73;0.01;SELL
2016-02-23T00:10:03.913000;2016-02-23T00:10:03.980000;e6a7d345-713a-49ea-9842-9358fc8a2d2a;437.73;0.123;SELL
2016-02-23T00:10:03.913000;2016-02-23T00:10:03.980000;52861c82-d95d-4478-8c9c-279cdf7f325b;437.72;0.01;SELL
2016-02-23T00:10:03.913000;2016-02-23T00:10:03.993000;6b60065b-1c4b-4116-b6a3-3da099544fde;437.71;0.01;SELL
2016-02-23T00:10:03.913000;2016-02-23T00:10:03.993000;dfc7c2bc-90e2-45e0-8d6e-c692e24e3150;437.7;0.01;SELL
2016-02-23T00:10:03.913000;2016-02-23T00:10:03.993000;50f65db0-c19b-48f1-ae18-0f02ba582942;437.69;0.04014;SELL
2016-02-23T00:10:03.913000;2016-02-23T00:10:03.993000;f7ac62aa-a097-46a6-bbbe-40b8ec552f43;437.68;0.039;SELL
2016-02-23T00:10:03.913000;2016-02-23T00:10:03.993000;cde544de-35c0-4824-9435-0796efacb38e;437.68;0.1;SELL
2016-02-23T00:10:03.913000;2016-02-23T00:10:03.993000;60d50d94-e72a-42a2-b881-c5fc68f999d8;437.66;0.03;SELL
2016-02-23T00:10:03.913000;2016-02-23T00:10:03.993000;f42cae48-58c1-4d95-a73a-fae860576459;437.65;0.1079392;SELL
2016-02-23T00:10:03.913000;2016-02-23T00:10:04.010000;1e023d81-85c7-46b5-a6a6-8ec4cd09b75a;437.64;0.0512808;SELL
2016-02-23T00:10:32.840000;2016-02-23T00:10:32.883000;a79df96b-c65f-42f8-af34-f5d57823d207;437.72;0.01;SELL
2016-02-23T00:10:32.840000;2016-02-23T00:10:32.900000;dab77b91-9a3f-4234-ac62-1811c5cc3246;437.72;0.113;SELL
2016-02-23T00:10:32.840000;2016-02-23T00:10:32.900000;e34d5ce5-0181-4eb1-a257-53ae36a8f752;437.71;0.01;SELL
2016-02-23T00:10:32.840000;2016-02-23T00:10:32.900000;41ef7507-3e7e-4708-8993-5d97f22cac72;437.7;0.011;SELL
2016-02-23T00:10:32.840000;2016-02-23T00:10:32.933000;c6ad4507-0ce8-42f8-ab48-215f6efe7d9a;437.7;0.21;SELL
2016-02-23T00:10:32.840000;2016-02-23T00:10:32.980000;e4ee3ade-5440-42f0-9519-c440790bb095;437.69;0.05891643;SELL
2016-02-23T00:10:32.840000;2016-02-23T00:10:32.980000;469fe36b-d14e-4393-b5ee-f0b6d5ded2f4;437.68;0.08436;SELL
2016-02-23T00:10:32.840000;2016-02-23T00:10:32.980000;b8e94657-0fbb-4e55-b0ef-21ead4786289;437.67;0.073;SELL
2016-02-23T00:10:32.840000;2016-02-23T00:10:32.980000;92fa18e9-7d12-422a-8951-60c8eedb974f;437.64;0.07482448;SELL
2016-02-23T00:10:32.840000;2016-02-23T00:10:32.980000;33169392-a3fc-4c4d-9746-319d95277acf;437.62;0.0358619;SELL
2016-02-23T00:10:32.840000;2016-02-23T00:10:32.980000;17297907-801b-455f-9429-84ee1b43291e;437.62;0.092;SELL
2016-02-23T00:10:32.840000;2016-02-23T00:10:32.980000;e2dd00f7-f4a5-49e5-b23a-e42cc15322f7;437.61;0.16;SELL
2016-02-23T00:10:32.840000;2016-02-23T00:10:32.980000;345e6e3f-ba02-4d72-aedd-a6b3680595ce;437.6;0.01;SELL
2016-02-23T00:10:32.840000;2016-02-23T00:10:32.980000;786e4714-0534-415b-867d-616ad4392020;437.6;0.32;SELL
2016-02-23T00:10:32.843000;2016-02-23T00:10:32.980000;14a531ad-c229-4224-9cdf-684142d8fcc0;437.59;0.01;SELL
2016-02-23T00:10:32.843000;2016-02-23T00:10:32.980000;549f21dc-78d0-4391-a343-bdf8253914d2;437.58;0.96;SELL
2016-02-23T00:10:32.843000;2016-02-23T00:10:32.980000;5a123986-ca51-40e2-a0cc-5612a4d2c2ec;437.57;0.01;SELL
2016-02-23T00:10:32.843000;2016-02-23T00:10:32.980000;e73321f4-476d-4073-a5a3-1a072f488b40;437.57;0.128;SELL
2016-02-23T00:10:32.843000;2016-02-23T00:10:32.980000;2310e99b-2c88-46de-9be8-4e77e49cc2ae;437.57;1.12;SELL
2016-02-23T00:10:32.843000;2016-02-23T00:10:32.980000;5b19dfd4-a5dc-4e22-9a08-c67ed7bac928;437.56;0.11559;SELL
2016-02-23T00:10:32.843000;2016-02-23T00:10:33.010000;6cd07794-efb1-48f0-868a-c6ca84c4eb5b;437.54;0.86226719;SELL
2016-02-23T00:11:02.847000;2016-02-23T00:11:02.883000;6b21f96a-cb48-4d61-acc6-8b072805c9cd;437.77;0.01;BUY
2016-02-23T00:11:02.847000;2016-02-23T00:11:02.900000;7b6c9642-7755-4a6d-9b18-39e59d4c111a;437.78;0.25;BUY
2016-02-23T00:11:02.847000;2016-02-23T00:11:02.900000;72bb271b-63b1-4c64-b446-b6746a3251c6;437.79;0.02504;BUY
2016-02-23T00:11:02.847000;2016-02-23T00:11:02.900000;4dc790be-a81c-4805-b6cb-cc96dfbdcd41;437.8;0.0298709;BUY
2016-02-23T00:11:02.847000;2016-02-23T00:11:02.917000;c4109a7d-11ae-47ca-b772-b8b19a1bae0d;437.81;0.075;BUY
2016-02-23T00:11:02.847000;2016-02-23T00:11:02.917000;7ab05528-94ad-4849-8da7-d1af620b8e03;437.82;0.01948401;BUY
2016-02-23T00:11:02.847000;2016-02-23T00:11:02.917000;7371a9cb-a89c-40f9-9b24-f3e43727fe9e;437.83;0.017217;BUY
2016-02-23T00:11:02.847000;2016-02-23T00:11:02.917000;eb10b498-2a4d-4f9f-8d8f-3375d6c511b4;437.84;0.024792;BUY
2016-02-23T00:11:02.847000;2016-02-23T00:11:02.917000;a58b47cd-c259-40fe-b666-51e941818782;437.84;0.05;BUY
2016-02-23T00:11:02.847000;2016-02-23T00:11:02.917000;9fb66871-a2df-4c4b-948d-78a206175709;437.86;0.0294231;BUY
2016-02-23T00:11:02.847000;2016-02-23T00:11:02.917000;6e356622-0e46-40c5-baab-711045c07598;437.87;0.01;BUY
2016-02-23T00:11:02.847000;2016-02-23T00:11:02.917000;6d43783c-0bee-49b7-b98d-ab051541c6d7;437.87;0.128;BUY
2016-02-23T00:11:02.847000;2016-02-23T00:11:02.917000;fdb07f28-f63f-454e-a061-e9256d3edb82;437.88;0.00746655;BUY
2016-02-23T00:11:02.847000;2016-02-23T00:11:02.917000;319599f9-c226-4cbf-8e46-36f901ce32d3;437.9;0.02;BUY
2016-02-23T00:11:02.847000;2016-02-23T00:11:02.917000;6b4573b8-f188-4c1a-bbfa-ca0f6cffd6a9;437.9;0.01330713;BUY
2016-02-23T00:11:02.850000;2016-02-23T00:11:02.917000;b4ed9cb3-d46d-43d9-942f-177906fe3d6c;437.91;0.45737931;BUY
2016-02-23T00:11:33.047000;2016-02-23T00:11:33.087000;32253f51-cc64-446b-affa-45b59dc16728;437.8;0.01;SELL
2016-02-23T00:11:33.047000;2016-02-23T00:11:33.087000;ea2c8396-d4b1-40b5-98b0-1b434227bbc8;437.8;0.105;SELL
2016-02-23T00:11:33.047000;2016-02-23T00:11:33.087000;afc70c6a-aac5-4b6a-8373-af14f85efa0f;437.79;0.01;SELL
2016-02-23T00:11:33.047000;2016-02-23T00:11:33.087000;8ccee2a0-9df9-49dc-b1b5-63038c880dee;437.78;0.011;SELL
2016-02-23T00:11:33.047000;2016-02-23T00:11:33.120000;dd711407-e2c8-4410-b987-55c52c6475ba;437.77;0.01;SELL
2016-02-23T00:11:33.047000;2016-02-23T00:11:33.120000;43a47945-3cdd-4ab5-8465-6c785a6c9ebc;437.76;0.01;SELL
2016-02-23T00:11:33.047000;2016-02-23T00:11:33.120000;1f64c3c0-59e9-4ac2-882a-ffee48687867;437.75;0.01;SELL
2016-02-23T00:11:33.047000;2016-02-23T00:11:33.120000;48f3e69a-7895-4267-806a-e11ece2d1a3f;437.75;0.097;SELL
2016-02-23T00:11:33.047000;2016-02-23T00:11:33.120000;3a8fe366-65e8-445e-b36f-884801c7663c;437.74;0.01;SELL
2016-02-23T00:11:33.047000;2016-02-23T00:11:33.120000;e99c0214-adfe-424f-aa36-e9c8ec14a6e7;437.73;0.01;SELL
2016-02-23T00:11:33.047000;2016-02-23T00:11:33.120000;0b7ae3b4-2e7e-409d-b98f-9e03e97c12a0;437.72;0.044841;SELL
2016-02-23T00:11:33.050000;2016-02-23T00:11:33.150000;723a3570-abfe-494e-ac91-a01f7b506b15;437.71;0.0794;SELL
2016-02-23T00:11:33.050000;2016-02-23T00:11:33.150000;146a23b5-bd32-461c-8a9a-16cdc6ce1803;437.7;0.086;SELL
2016-02-23T00:11:33.050000;2016-02-23T00:11:33.150000;49eef16f-728d-4448-8087-cb01b3c4f700;437.69;0.10758;SELL
2016-02-23T00:11:33.050000;2016-02-23T00:11:33.150000;2e2249f6-8670-4203-ac07-12d5d5fefeeb;437.69;0.01;SELL
2016-02-23T00:11:33.050000;2016-02-23T00:11:33.150000;fca872c3-30f5-4123-bf5f-f42b776535ca;437.68;0.0474685;SELL
2016-02-23T00:11:33.050000;2016-02-23T00:11:33.150000;a2d5ac2d-54d9-4995-b0df-782c23d6cdf0;437.68;0.16;SELL
2016-02-23T00:11:33.050000;2016-02-23T00:11:33.150000;85289ead-c41b-4c14-a511-105dc935ef32;437.67;0.07564304;SELL
2016-02-23T00:11:33.050000;2016-02-23T00:11:33.150000;64b31732-5bdf-4e9e-b04c-2e4f1de9da2c;437.66;0.14551746;SELL
2016-02-23T00:13:16.190000;2016-02-23T00:13:16.213000;3450f3bc-5777-40c1-ae30-378ba2aefae3;437.82;0.01;SELL
2016-02-23T00:13:16.190000;2016-02-23T00:13:16.230000;e2f88ade-ad64-4426-b7c9-695ba28a23db;437.81;0.01;SELL
2016-02-23T00:13:16.190000;2016-02-23T00:13:16.230000;69e2db97-0e9d-4f15-ac16-ae66fd004f28;437.8;0.091;SELL
2016-02-23T00:13:16.190000;2016-02-23T00:13:16.230000;7f15b6a3-587b-40b4-ae73-f3b063b7aaa5;437.79;0.12441;SELL
2016-02-23T00:13:32.410000;2016-02-23T00:13:32.447000;7ebd6aff-7b8c-4221-bbfc-aba83450b0e1;437.82;0.01;BUY
2016-02-23T00:13:32.410000;2016-02-23T00:13:32.463000;55b244a3-d77e-4177-a90b-c28004d62974;437.82;0.01;BUY
2016-02-23T00:13:32.410000;2016-02-23T00:13:32.463000;0f76bad6-b499-44d7-8827-b466892d3ab1;437.83;0.01;BUY
2016-02-23T00:13:32.413000;2016-02-23T00:13:32.463000;43773b52-672c-42e6-a561-f2943db74ee4;437.83;0.13;BUY
2016-02-23T00:13:32.413000;2016-02-23T00:13:32.463000;0f1b365d-c7ac-44ba-b995-f88ca16d292a;437.83;0.112;BUY
2016-02-23T00:13:32.413000;2016-02-23T00:13:32.540000;0ae4dd5b-2a25-4d48-b33c-cb66313e382f;437.84;0.01;BUY
2016-02-23T00:13:32.413000;2016-02-23T00:13:32.540000;ef391be5-8007-4692-a44f-c07a9f0f0457;437.85;0.0267;BUY
2016-02-23T00:13:32.413000;2016-02-23T00:13:32.540000;430c5fb6-25f1-439f-8952-d654f65a563a;437.85;0.112;BUY
2016-02-23T00:13:32.413000;2016-02-23T00:13:32.540000;a5f91d75-c3cd-418d-a47b-4adc44d9f0f9;437.86;0.125;BUY
2016-02-23T00:13:32.413000;2016-02-23T00:13:32.540000;b95ca156-0b3b-4759-97ac-2267627ae110;437.87;0.02;BUY
2016-02-23T00:13:32.413000;2016-02-23T00:13:32.540000;f627fa7b-031e-4f12-83ec-b597aae0fc6b;437.88;0.0259037;BUY
2016-02-23T00:13:32.413000;2016-02-23T00:13:32.540000;cee2735d-5220-463e-bceb-15dc58871047;437.89;0.02859585;BUY
2016-02-23T00:13:32.413000;2016-02-23T00:13:32.540000;a30fa0ba-3f21-4fc7-b3e0-c6781f0d96e2;437.9;0.01;BUY
2016-02-23T00:13:32.413000;2016-02-23T00:13:32.540000;6f1b7c65-8681-47e6-ba48-05d85c0ac491;437.91;0.49903045;BUY
2016-02-23T00:14:02.703000;2016-02-23T00:14:02.743000;db297d63-edb6-4000-8295-1aab5283326d;437.83;0.01;SELL
2016-02-23T00:14:02.703000;2016-02-23T00:14:02.743000;5c8542c3-ba7f-489d-9586-e491304bea56;437.82;0.01;SELL
2016-02-23T00:14:02.703000;2016-02-23T00:14:02.743000;ce693a9d-e10b-4e82-9d38-c34db48eddf7;437.81;0.01;SELL
2016-02-23T00:14:02.703000;2016-02-23T00:14:02.743000;3eb461d7-e4a9-4788-9e51-93d4f23a792f;437.8;0.01;SELL
2016-02-23T00:14:02.703000;2016-02-23T00:14:02.760000;37aa0311-d9c0-42b7-9dd8-c32b07530e00;437.79;0.01;SELL
2016-02-23T00:14:02.703000;2016-02-23T00:14:02.760000;e12423ed-8e6a-46c3-8906-e1f5e9c03dd9;437.78;0.0326691;SELL
2016-02-23T00:14:02.703000;2016-02-23T00:14:02.777000;9c0a5d40-dbde-4086-bcd0-11502aa2e595;437.77;0.0635215;SELL
2016-02-23T00:14:02.703000;2016-02-23T00:14:02.777000;c9a7b15a-d311-4e15-918d-fd0c74cbcb8f;437.76;0.07593;SELL
2016-02-23T00:14:02.707000;2016-02-23T00:14:02.777000;caeb1ea5-1fdf-4390-b370-fa9493884adc;437.75;0.09939;SELL
2016-02-23T00:14:02.707000;2016-02-23T00:14:02.777000;880de37d-f8d4-44ba-b4e7-5794803da956;437.75;0.01;SELL
2016-02-23T00:14:02.707000;2016-02-23T00:14:02.777000;d1e8d869-366e-4d9c-8c25-6f49cfdaa5a9;437.74;0.01;SELL
2016-02-23T00:14:02.707000;2016-02-23T00:14:02.777000;3a1c6c03-d137-4bb8-ab66-a34a104f020c;437.73;0.0609984;SELL
2016-02-23T00:14:02.707000;2016-02-23T00:14:02.777000;bd713c99-a8c6-4eba-9562-3453a8017c21;437.72;0.090933;SELL
2016-02-23T00:14:02.707000;2016-02-23T00:14:02.777000;c2701057-dbf4-43e3-b537-998bdba725c5;437.67;0.2;SELL
2016-02-23T00:14:02.707000;2016-02-23T00:14:02.777000;717b6c8e-d0e4-4756-9356-270ef36dc0e7;437.64;0.076;SELL
2016-02-23T00:14:02.707000;2016-02-23T00:14:02.777000;bd3b2691-ce14-46bd-a145-70056c96be56;437.59;0.12;SELL
2016-02-23T00:14:02.707000;2016-02-23T00:14:02.777000;d2ec4894-2db2-4ed7-8487-2eeaa098da19;437.54;0.092;SELL
2016-02-23T00:14:02.707000;2016-02-23T00:14:02.790000;56ef8b29-9e0a-4235-a4a6-f10def33ab2a;437.53;0.01;SELL
2016-02-23T00:14:02.707000;2016-02-23T00:14:02.790000;988e87e7-e0fd-4b82-b9a2-8107bb18f563;437.52;0.01;SELL
2016-02-23T00:14:02.707000;2016-02-23T00:14:02.790000;ec42f0eb-0e41-4b35-ab35-6ba477afd1ae;437.52;0.32;SELL
2016-02-23T00:14:02.707000;2016-02-23T00:14:02.790000;d1ed196f-c036-4845-8147-8e710f0eb46d;437.51;0.11;SELL
2016-02-23T00:14:02.707000;2016-02-23T00:14:02.790000;43fb1aed-d63d-4a5f-8288-3523f6643d9c;437.51;0.8;SELL
2016-02-23T00:14:02.707000;2016-02-23T00:14:02.790000;c972c718-4d1d-4515-a429-e66d700f15bf;437.51;1.0;SELL
2016-02-23T00:14:02.707000;2016-02-23T00:14:02.790000;1ea328db-bcea-4cf5-8431-8b7834b77fb6;437.5;0.0125;SELL
2016-02-23T00:14:02.707000;2016-02-23T00:14:02.790000;5b95e414-4a05-4968-8efc-d11fb5ac80e8;437.5;0.1471;SELL
2016-02-23T00:14:02.707000;2016-02-23T00:14:02.790000;2fde6d16-838c-4897-ac38-79868aa4a744;437.5;1.28;SELL
2016-02-23T00:14:02.707000;2016-02-23T00:14:02.790000;2168c2ee-d249-4a40-ae7c-85a42666b86b;437.49;0.128;SELL
2016-02-23T00:14:02.707000;2016-02-23T00:14:02.790000;41e457b1-bb18-4b31-a3ed-32da9ab70a9f;437.49;0.756548;SELL
2016-02-23T00:14:37.087000;2016-02-23T00:14:37.120000;68874661-de8b-4eef-9b5f-16cc8ec70c79;437.49;0.25;BUY
2016-02-23T00:14:37.087000;2016-02-23T00:14:37.137000;9d9e8b0b-16a9-4c34-9fb5-ecddff541514;437.5;0.0205;BUY
2016-02-23T00:14:37.090000;2016-02-23T00:14:37.137000;4b828a02-9b03-4ec1-b047-df07f1948c55;437.52;0.25577;BUY
2016-02-23T00:15:03.563000;2016-02-23T00:15:03.587000;8894562a-1c8e-4c0e-8168-5a58d2877f30;437.5;0.25;BUY
2016-02-23T00:15:03.563000;2016-02-23T00:15:03.603000;9f0b2ddd-4e23-4269-87fa-82e7a7d266f0;437.51;0.025858;BUY
2016-02-23T00:15:03.567000;2016-02-23T00:15:03.603000;82b54cc9-747a-4b7b-b2ef-22715215123e;437.52;0.02544638;BUY
2016-02-23T00:15:03.567000;2016-02-23T00:15:03.603000;acf8227c-e7b9-48ce-85ab-74fbce119633;437.55;0.112;BUY
2016-02-23T00:15:03.567000;2016-02-23T00:15:03.603000;683e490c-bd80-451f-87a3-553524b90979;437.59;1.28;BUY
2016-02-23T00:15:03.567000;2016-02-23T00:15:03.697000;850d8cf4-c125-41f7-80c7-9d76116bca22;437.6;0.08;BUY
2016-02-23T00:15:03.567000;2016-02-23T00:15:03.697000;0258642a-c036-44f1-a177-87f30f652bb8;437.64;2.87188562;BUY
2016-02-23T00:15:36.137000;2016-02-23T00:15:36.183000;b3df6a22-407c-4506-a4a3-063ee0bab99c;437.54;0.01;SELL
2016-02-23T00:15:36.137000;2016-02-23T00:15:36.183000;b9a7fd1d-320b-49cb-935e-6699fae936e9;437.53;0.01;SELL
2016-02-23T00:15:36.137000;2016-02-23T00:15:36.183000;9db2de62-4feb-4fcf-b516-1e78c0345e71;437.52;0.01;SELL
2016-02-23T00:15:36.137000;2016-02-23T00:15:36.183000;3300e599-827a-4b32-aaa5-5f6a7b404fb7;437.51;0.01;SELL
2016-02-23T00:15:36.137000;2016-02-23T00:15:36.183000;da21ab1f-5905-4c91-bf3e-3f0557793457;437.5;0.01;SELL
2016-02-23T00:15:36.137000;2016-02-23T00:15:36.197000;49c2d9a2-78d6-48ef-91b9-5de41b8808dc;437.5;0.103;SELL
2016-02-23T00:15:36.137000;2016-02-23T00:15:36.197000;e41da9e6-d91f-4fec-ad71-72a84e4960bb;437.49;0.01;SELL
2016-02-23T00:15:36.137000;2016-02-23T00:15:36.197000;3dde8e6b-0362-45ee-bf7d-7dcea8d7e09f;437.48;0.01;SELL
2016-02-23T00:15:36.140000;2016-02-23T00:15:36.213000;22cde09a-56f3-407e-ab2a-2fdb59fe75d6;437.47;0.01;SELL
2016-02-23T00:15:36.140000;2016-02-23T00:15:36.213000;31b361d1-834c-4089-9e0a-2a22eb597f60;437.46;0.01;SELL
2016-02-23T00:15:36.140000;2016-02-23T00:15:36.213000;82f0d0b9-2518-4f79-b38f-367c55ce9b0e;437.45;0.01;SELL
2016-02-23T00:15:36.140000;2016-02-23T00:15:36.213000;a8ffd95c-880e-49f7-9857-5b8af9c1f9fd;437.45;0.01;SELL
2016-02-23T00:15:36.140000;2016-02-23T00:15:36.213000;ca67e444-7e97-4bca-a63f-b391875b16f0;437.45;0.076;SELL
2016-02-23T00:15:36.140000;2016-02-23T00:15:36.213000;229432c5-ca7f-4bef-b021-631a5d337856;437.44;0.0314;SELL
2016-02-23T00:15:36.140000;2016-02-23T00:15:36.213000;359920a6-411c-4c5b-8360-3b69a1e9e7ca;437.43;0.05874;SELL
2016-02-23T00:15:36.140000;2016-02-23T00:15:36.213000;120fb9a9-d698-451d-8c73-3727a5caf790;437.42;0.05279;SELL
2016-02-23T00:16:02.843000;2016-02-23T00:16:02.870000;91caa31b-ccae-4db1-90c9-0e8a01c81533;437.45;0.01;SELL
2016-02-23T00:16:02.843000;2016-02-23T00:16:02.870000;52e07c33-1c0d-41ff-bf72-80faa014c95d;437.44;0.01;SELL
2016-02-23T00:16:02.843000;2016-02-23T00:16:02.870000;261cb858-8f21-42b9-924b-1a2af4051131;437.43;0.07375064;SELL
2016-02-23T00:16:02.843000;2016-02-23T00:16:02.887000;f0a9d269-01c3-4cb2-b48b-b5b10eb84213;437.42;0.07376113;SELL
2016-02-23T00:16:02.843000;2016-02-23T00:16:02.887000;e08d70a6-ba19-42df-bb1c-27d69985be48;437.4;0.01;SELL
2016-02-23T00:16:02.843000;2016-02-23T00:16:02.887000;2c3d03db-577d-440e-8d88-42b877cabfdf;437.4;0.01;SELL
2016-02-23T00:16:02.843000;2016-02-23T00:16:02.887000;49c8e7b6-fa13-4edf-9a0d-8ed9809565d4;437.4;0.02;SELL
2016-02-23T00:16:02.843000;2016-02-23T00:16:02.900000;af0f8f48-4860-4161-9d30-8d70ecc24abe;437.4;0.01331659;SELL
2016-02-23T00:16:02.843000;2016-02-23T00:16:02.900000;f3032059-e6fe-4686-b0b1-7578e377db48;437.4;0.073;SELL
2016-02-23T00:16:02.843000;2016-02-23T00:16:02.900000;e913693f-5915-4e03-a557-30da927b51d8;437.39;0.22926164;SELL
2016-02-23T00:17:01.883000;2016-02-23T00:17:01.917000;ca83d469-1533-4734-8467-fd8d0ff5c1db;437.49;0.01;BUY
2016-02-23T00:17:02.483000;2016-02-23T00:17:02.510000;b5e2d412-008a-4a0f-976e-78e7255c3812;437.5;0.01835144;BUY
2016-02-23T00:17:02.483000;2016-02-23T00:17:02.510000;adab4274-867f-4dbf-9942-1fe03262db58;437.51;0.035;BUY
2016-02-23T00:17:02.483000;2016-02-23T00:17:02.510000;5b3b7a49-57f5-4eb3-973f-75423f8006df;437.52;0.02201852;BUY
2016-02-23T00:17:02.483000;2016-02-23T00:17:02.510000;7a23fc08-af70-4264-9fd4-381eeb01d062;437.53;0.01;BUY
2016-02-23T00:17:02.483000;2016-02-23T00:17:02.510000;be7746e2-29bd-4036-9540-baf9676ef220;437.54;0.01867461;BUY
2016-02-23T00:17:02.483000;2016-02-23T00:17:02.510000;13ee078f-01a7-4b62-ab69-c2f577c665a0;437.55;0.02996507;BUY
2016-02-23T00:17:02.487000;2016-02-23T00:17:02.527000;8f796855-7411-4e19-9742-a56d95e48ed0;437.56;0.075;BUY
2016-02-23T00:17:02.487000;2016-02-23T00:17:02.527000;70db2c32-f32a-47f4-bc11-b7c6722e5f66;437.59;0.075;BUY
2016-02-23T00:17:02.487000;2016-02-23T00:17:02.527000;f76e9dc1-1554-43b6-92e2-af8ce34bf154;437.61;0.0243;BUY
2016-02-23T00:17:02.487000;2016-02-23T00:17:02.540000;c4e207b0-2852-433e-9dc6-68f4ce36fe0d;437.62;0.107;BUY
2016-02-23T00:17:02.487000;2016-02-23T00:17:02.540000;3abbaa05-4d70-4149-a1f8-b1a44413436a;437.63;0.01;BUY
2016-02-23T00:17:02.487000;2016-02-23T00:17:02.540000;5630dfe5-46f4-4cb3-b225-5d987c19afbe;437.65;0.01;BUY
2016-02-23T00:17:02.487000;2016-02-23T00:17:02.557000;a340c804-d4a5-4e87-9794-9f758e865b0e;437.67;0.11;BUY
2016-02-23T00:17:02.487000;2016-02-23T00:17:02.557000;25cd0833-e092-4d18-9035-652c8c11cc85;437.68;0.01;BUY
2016-02-23T00:17:02.487000;2016-02-23T00:17:02.557000;66de2b0c-e9d6-460c-b0c8-ce3e6a8726a3;437.75;0.076;BUY
2016-02-23T00:17:02.487000;2016-02-23T00:17:02.587000;eb214fbf-b78b-40bb-80cb-fb72eecd7dc2;437.76;0.113;BUY
2016-02-23T00:17:02.487000;2016-02-23T00:17:02.603000;f3f2a8c9-f077-46ce-9eff-80efd5d38bac;437.79;0.06996036;BUY
2016-02-23T00:17:33.727000;2016-02-23T00:17:33.743000;eaaae948-2263-4ca9-8110-10d872eb0af3;437.65;0.01;BUY
2016-02-23T00:17:33.727000;2016-02-23T00:17:33.743000;c8fb8791-f60a-400a-8edf-c84e03a088f5;437.66;0.01;BUY
2016-02-23T00:17:33.727000;2016-02-23T00:17:33.743000;9bdf2525-69ac-4f74-a7bf-b0eb582c53fa;437.67;0.01;BUY
2016-02-23T00:17:33.727000;2016-02-23T00:17:33.760000;d6cd494c-104e-4231-8547-8a7fad4bdc34;437.69;0.01489445;BUY
2016-02-23T00:17:33.727000;2016-02-23T00:17:33.760000;0258f556-06ba-42c0-9dc2-4e26ae471f20;437.69;0.083;BUY
2016-02-23T00:17:33.727000;2016-02-23T00:17:33.760000;d6d2ba26-460e-4681-9bfb-f70243e428f3;437.71;0.113;BUY
2016-02-23T00:17:33.727000;2016-02-23T00:17:33.760000;1913a04b-a246-41b1-9335-e7c547efd088;437.72;0.025491;BUY
2016-02-23T00:17:33.727000;2016-02-23T00:17:33.760000;7ff25cea-02fd-40ef-93f0-a41b40f09ee4;437.73;0.0271724;BUY
2016-02-23T00:17:33.727000;2016-02-23T00:17:33.777000;2286d089-436a-42d1-a934-3edd77836c1e;437.76;0.076;BUY
2016-02-23T00:17:33.727000;2016-02-23T00:17:33.777000;ac1ef4e1-b9a0-4bfd-a995-3545f56eef51;437.81;0.104;BUY
2016-02-23T00:17:33.727000;2016-02-23T00:17:33.777000;666121bc-bb1d-4cd0-95eb-e57315c47b16;437.82;0.92908215;BUY
2016-02-23T00:18:04.317000;2016-02-23T00:18:04.337000;0358040b-d4e6-4d13-b3c4-c02792ffaf73;437.69;0.01;BUY
2016-02-23T00:18:04.317000;2016-02-23T00:18:04.353000;3a8725f3-dbd8-4183-a7db-afb3b840a12d;437.7;0.02214103;BUY
2016-02-23T00:18:04.320000;2016-02-23T00:18:04.353000;a832e2ef-63b1-456c-a92c-2dd3e46d0880;437.7;0.082;BUY
2016-02-23T00:18:04.320000;2016-02-23T00:18:04.353000;909dd6f9-208f-4a4c-8e71-f5f961ef2c26;437.71;0.0226;BUY
2016-02-23T00:18:04.320000;2016-02-23T00:18:04.353000;64f80e37-b485-4a0d-85ae-b6c8d4792eab;437.75;0.118;BUY
2016-02-23T00:18:04.320000;2016-02-23T00:18:04.447000;f68ce92b-3a9a-4d3f-862a-ca5cf986652d;437.8;0.124;BUY
2016-02-23T00:18:04.320000;2016-02-23T00:18:04.447000;eea3cda0-fb2f-44f0-8f20-1ae45371e0ae;437.81;0.01844928;BUY
2016-02-23T00:18:04.320000;2016-02-23T00:18:04.447000;bb978f1d-160b-4739-a211-c3243d59aea8;437.82;0.04;BUY
2016-02-23T00:18:04.320000;2016-02-23T00:18:04.447000;243caea9-8bbd-4c9a-b6e6-98846f6cb102;437.82;0.03538969;BUY
2016-02-23T00:18:32.353000;2016-02-23T00:18:32.387000;1141ced4-6c0a-4f7e-a57f-731437395cb7;437.7;0.01;SELL
2016-02-23T00:18:32.353000;2016-02-23T00:18:32.387000;d742f4a5-da8d-45c1-a163-379ccfb71200;437.69;0.01;SELL
2016-02-23T00:18:32.353000;2016-02-23T00:18:32.387000;859a741d-f125-4ae0-930a-bd1116bb1244;437.68;0.01;SELL
2016-02-23T00:18:32.357000;2016-02-23T00:18:32.387000;9a6e4274-2432-4c30-874a-e75220d8da43;437.67;0.01;SELL
2016-02-23T00:18:32.357000;2016-02-23T00:18:32.387000;b4c32600-a36d-4160-825a-1b26ab8f8ed5;437.66;0.01;SELL
2016-02-23T00:18:32.357000;2016-02-23T00:18:32.387000;caecd2f9-f485-4367-afc3-e169f1a9ff1d;437.65;0.021;SELL
2016-02-23T00:18:32.357000;2016-02-23T00:18:32.387000;74cbfdc5-c966-4885-bbe0-f67f30587993;437.64;0.01;SELL
2016-02-23T00:18:32.357000;2016-02-23T00:18:32.387000;aa5e56a8-873e-4f58-8a94-ce1da145bdea;437.63;0.01;SELL
2016-02-23T00:18:32.357000;2016-02-23T00:18:32.400000;f3e85967-980e-44ec-8b4d-0b3578262f46;437.63;0.122;SELL
2016-02-23T00:18:32.357000;2016-02-23T00:18:32.400000;df0606e9-da32-4f40-b617-6393a88e0c42;437.62;0.089;SELL
2016-02-23T00:18:32.357000;2016-02-23T00:18:32.400000;ae50291a-5583-4880-859e-5138c32f9537;437.61;0.01;SELL
2016-02-23T00:18:32.357000;2016-02-23T00:18:32.400000;9979618f-b9f2-44b0-b116-52c5f8c9fc95;437.61;0.01;SELL
2016-02-23T00:18:32.357000;2016-02-23T00:18:32.400000;db74287e-d795-40c5-bdd5-d0b6ebf6e6e2;437.6;0.104;SELL
2016-02-23T00:18:32.357000;2016-02-23T00:18:32.400000;cf7aa455-00bb-43fe-8b4f-49aff17b420e;437.59;0.01;SELL
2016-02-23T00:18:32.357000;2016-02-23T00:18:32.400000;d7eaf3dd-6341-46c4-8cd3-e4eef8fcb979;437.58;0.01;SELL
2016-02-23T00:18:32.357000;2016-02-23T00:18:32.400000;06599283-2262-41b2-8c81-d24d92aa1015;437.58;0.01;SELL
2016-02-23T00:18:32.357000;2016-02-23T00:18:32.400000;2ee8fec3-bbab-4b61-8841-657028db83c9;437.57;0.07423;SELL
2016-02-23T00:18:32.357000;2016-02-23T00:18:32.400000;42262f20-b3fd-4835-9472-3bcc48b07469;437.57;0.124;SELL
2016-02-23T00:18:32.357000;2016-02-23T00:18:32.433000;ffe4950d-eb00-4730-b135-9b9d6233a03f;437.55;0.033105;SELL
2016-02-23T00:18:32.360000;2016-02-23T00:18:32.447000;3a10d8c4-4fcb-4fa5-b49f-bae879191b20;437.53;0.48;SELL
2016-02-23T00:18:32.360000;2016-02-23T00:18:32.447000;42993cc2-6f43-4c9b-94c6-a92cee3b3734;437.52;0.08345;SELL
2016-02-23T00:18:32.360000;2016-02-23T00:18:32.447000;193818f8-24b3-4178-a964-a1152af5a71c;437.51;0.067155;SELL
2016-02-23T00:19:03.050000;2016-02-23T00:19:03.097000;c600bb16-9a27-4d16-8610-2e589bb93385;437.6;0.01;SELL
2016-02-23T00:19:03.050000;2016-02-23T00:19:03.110000;c7bb45db-4662-427b-a0ad-e88ede503784;437.59;0.01;SELL
2016-02-23T00:19:03.050000;2016-02-23T00:19:03.110000;5438ce97-97a2-4a07-b508-f769b4e9635e;437.58;0.0598177;SELL
2016-02-23T00:19:03.050000;2016-02-23T00:19:03.110000;d4f7c8d1-691a-4594-abaf-805f3649be38;437.58;0.081;SELL
2016-02-23T00:19:03.050000;2016-02-23T00:19:03.110000;4436eed4-a466-443c-acde-3ee501de9dd5;437.57;0.089862;SELL
2016-02-23T00:19:03.050000;2016-02-23T00:19:03.110000;c7e0aab0-febf-4bb6-b3c3-4e4348e815de;437.56;0.084693;SELL
2016-02-23T00:19:03.050000;2016-02-23T00:19:03.143000;de579e6c-7993-4bd5-973b-694d9b877501;437.55;0.01419867;SELL
2016-02-23T00:19:03.050000;2016-02-23T00:19:03.143000;5308ff33-a462-4cac-8b30-b28be7f7fade;437.53;0.12829863;SELL
2016-02-23T00:19:39.683000;2016-02-23T00:19:39.737000;96100c35-70d3-471e-9909-d940e94325b8;437.61;0.01;BUY
2016-02-23T00:19:39.687000;2016-02-23T00:19:39.753000;0e4ee708-fa68-4c3e-a85d-09e5fd684a2c;437.62;0.025;BUY
2016-02-23T00:19:39.687000;2016-02-23T00:19:39.753000;8d4c3710-9807-48a5-ae38-e3dbe63a6de3;437.63;0.02219;BUY
2016-02-23T00:19:39.687000;2016-02-23T00:19:39.753000;7d1cfe7c-c1f4-4386-869e-61684966f9ea;437.64;0.02;BUY
2016-02-23T00:19:39.687000;2016-02-23T00:19:39.753000;115dd87e-dce8-49c1-80b9-fa6986f0264e;437.66;0.0182;BUY
2016-02-23T00:19:39.687000;2016-02-23T00:19:39.767000;1be03e86-2ea7-429f-804e-c7ef054f4b2d;437.67;0.076;BUY
2016-02-23T00:19:39.687000;2016-02-23T00:19:39.767000;b0e02a98-7343-4f9d-8add-12c98666b443;437.72;0.01;BUY
2016-02-23T00:19:39.687000;2016-02-23T00:19:39.767000;5ac59ed8-7086-4981-9cbb-caf6784b72c4;437.72;0.117;BUY
2016-02-23T00:19:39.687000;2016-02-23T00:19:39.767000;6d2e6772-9d5b-4d39-af6f-01146a39d46f;437.74;0.06501;BUY
2016-02-23T00:20:02.407000;2016-02-23T00:20:02.457000;7857616d-3ba1-421b-8484-02ae8c65b972;437.7;0.01;BUY
2016-02-23T00:20:32.130000;2016-02-23T00:20:32.173000;4d750f72-186b-4960-ab9f-d7da97854c28;437.71;0.107;BUY
2016-02-23T00:20:32.130000;2016-02-23T00:20:32.190000;fc2ba0e3-197b-4de9-a4c8-6b37da4b80ca;437.72;0.03;BUY
2016-02-23T00:20:32.130000;2016-02-23T00:20:32.190000;44631be7-858d-4aed-bdbe-3589c0724e9a;437.73;0.0218316;BUY
2016-02-23T00:20:32.130000;2016-02-23T00:20:32.190000;c03de8c7-9384-4d42-a56f-1bf564633c78;437.74;0.0140584;BUY
2016-02-23T00:21:01.933000;2016-02-23T00:21:02.003000;2ccab6af-a9f7-4762-bdaf-23a2a7da34ef;437.72;0.01;SELL
2016-02-23T00:21:01.933000;2016-02-23T00:21:02.003000;ef82ac2b-5a4b-46c8-ac49-fa1c0cc84604;437.71;0.01;SELL
2016-02-23T00:21:01.933000;2016-02-23T00:21:02.003000;5eb648c3-27c7-43d1-8b30-52172729fe79;437.7;0.01;SELL
2016-02-23T00:21:01.933000;2016-02-23T00:21:02.003000;7c4d5e43-c176-44d1-a06e-c41ca85893e0;437.69;0.01;SELL
2016-02-23T00:21:01.933000;2016-02-23T00:21:02.017000;5502263a-4281-4261-8dbe-d7416dc8c3d3;437.68;0.01;SELL
2016-02-23T00:21:01.933000;2016-02-23T00:21:02.033000;32116051-a26e-4310-98c1-8bf520e334e8;437.67;0.01;SELL
2016-02-23T00:21:01.933000;2016-02-23T00:21:02.033000;8ed06935-8b0d-4902-bc27-668cab59fcce;437.66;0.01;SELL
2016-02-23T00:21:01.933000;2016-02-23T00:21:02.033000;a4db4f4c-60c1-4ae2-b49f-e82cdc14027f;437.65;0.1080746;SELL
2016-02-23T00:21:01.933000;2016-02-23T00:21:02.033000;926daf61-cef2-4067-a27a-5fc3f37540b3;437.65;0.084;SELL
2016-02-23T00:21:01.933000;2016-02-23T00:21:02.033000;19e1ce60-8791-48d3-a236-0f163d645fe0;437.64;0.1006;SELL
2016-02-23T00:21:01.933000;2016-02-23T00:21:02.033000;962315d8-76d8-4fe2-be25-573f04a7bd7c;437.63;0.056147;SELL
2016-02-23T00:21:01.937000;2016-02-23T00:21:02.033000;e903b21a-f31c-4b21-a7df-04e31b61552b;437.62;0.05589562;SELL
2016-02-23T00:21:01.937000;2016-02-23T00:21:02.033000;492dde50-8f36-4ab7-aa57-31584000d8c5;437.61;0.01;SELL
2016-02-23T00:21:01.937000;2016-02-23T00:21:02.033000;c5265f85-8bde-4b4d-b446-36000fee58d5;437.61;0.076;SELL
2016-02-23T00:21:01.937000;2016-02-23T00:21:02.033000;81e3af4c-f871-4484-8ef3-1a14595c3c42;437.6;0.01;SELL
2016-02-23T00:21:01.937000;2016-02-23T00:21:02.033000;29d5ad16-9bc6-4a75-851f-1ca6203aad41;437.59;0.01;SELL
2016-02-23T00:21:01.937000;2016-02-23T00:21:02.033000;eeddcd7b-2e7a-477b-b7a5-d682b520a17a;437.58;0.0898594;SELL
2016-02-23T00:21:01.937000;2016-02-23T00:21:02.033000;ab4ff9f5-38e5-45f7-ac12-4484ca107f42;437.56;0.08;SELL
2016-02-23T00:21:01.937000;2016-02-23T00:21:02.033000;63f7963d-7adc-460d-88c2-ec8e4e791b79;437.56;0.097;SELL
2016-02-23T00:21:01.937000;2016-02-23T00:21:02.033000;cb538c38-7bbd-4ed9-be99-7d267dc1402d;437.54;0.59614338;SELL
2016-02-23T00:21:33.793000;2016-02-23T00:21:33.847000;fa638475-3388-4a45-8974-7210526aa538;437.71;0.015;BUY
2016-02-23T00:21:33.793000;2016-02-23T00:21:33.847000;afa37765-6176-41c3-9373-4aa57e5a06c9;437.72;0.00633;BUY
2016-02-23T00:22:06.337000;2016-02-23T00:22:06.393000;c9631b0c-9d85-475d-a7b7-9e402525c71a;437.72;0.00367;BUY
2016-02-23T00:22:06.337000;2016-02-23T00:22:06.393000;09b0b1a9-952a-41c0-84d7-f4964703aa31;437.73;0.01;BUY
2016-02-23T00:22:06.337000;2016-02-23T00:22:06.393000;a44b772d-6697-471f-8874-fc57579736b2;437.74;0.00880778;BUY
2016-02-23T00:22:06.337000;2016-02-23T00:22:06.423000;f79eea48-7423-44c5-ac39-88d9ce459e12;437.75;0.02297093;BUY
2016-02-23T00:22:06.337000;2016-02-23T00:22:06.423000;01b16986-8647-4f19-bb15-c4268934141a;437.76;0.02713;BUY
2016-02-23T00:22:06.337000;2016-02-23T00:22:06.423000;1496e297-1a89-4c78-8d2e-256845d67e78;437.77;0.01;BUY
2016-02-23T00:22:06.337000;2016-02-23T00:22:06.423000;8ccc5dd9-8d3e-4213-b11b-9486d790f6df;437.78;0.0150395;BUY
2016-02-23T00:22:06.337000;2016-02-23T00:22:06.423000;c5462f4f-1b2a-4627-8ec5-ebbdf2743bc1;437.79;0.02252314;BUY
2016-02-23T00:22:06.337000;2016-02-23T00:22:06.423000;99007af1-7fec-4a94-8504-dca979de71f4;437.79;0.077;BUY
2016-02-23T00:22:06.337000;2016-02-23T00:22:06.423000;852f2e8f-f59e-4ce4-aa67-1ad8dab6ae5e;437.8;0.02284071;BUY
2016-02-23T00:22:06.337000;2016-02-23T00:22:06.423000;54bd4373-4222-41cc-8219-83a2669979ab;437.8;0.09;BUY
2016-02-23T00:22:06.337000;2016-02-23T00:22:06.423000;7ba86c71-d541-4dd6-80da-0540e0d3f5fc;437.81;0.019743;BUY
2016-02-23T00:22:06.337000;2016-02-23T00:22:06.423000;152cdb23-3e00-4955-a365-73181bd53680;437.82;0.0281021;BUY
2016-02-23T00:22:06.337000;2016-02-23T00:22:06.440000;64cdfb78-7ba6-47c1-bb56-d8fcbec57412;437.83;0.02877;BUY
2016-02-23T00:22:06.337000;2016-02-23T00:22:06.440000;e525a993-8ba0-4fb5-bef9-362a140e5107;437.85;0.125;BUY
2016-02-23T00:22:06.337000;2016-02-23T00:22:06.440000;c01d3c58-a126-4b54-9bff-5e6473a11646;437.87;0.64299284;BUY
2016-02-23T00:22:33.940000;2016-02-23T00:22:33.987000;8b44b026-9e08-41f2-87a6-e7c49f428ece;437.78;0.01;BUY
2016-02-23T00:22:33.940000;2016-02-23T00:22:34.003000;fb0f1061-5ad9-4e7b-9d70-fb451a7aa6f3;437.79;0.01;BUY
2016-02-23T00:22:33.940000;2016-02-23T00:22:34.003000;015308a6-9a48-4b84-ba7f-6725caa3a91c;437.8;0.01309673;BUY
2016-02-23T00:22:33.940000;2016-02-23T00:22:34.003000;6042adee-470f-4e7f-88c5-48de55a216d0;437.81;0.0242;BUY
2016-02-23T00:22:33.943000;2016-02-23T00:22:34.017000;791ab782-9f52-4fd6-bad2-98b62350ded4;437.82;0.02910562;BUY
2016-02-23T00:22:33.943000;2016-02-23T00:22:34.017000;da3f2c18-dae9-4c8e-a63f-fbc204ce78c5;437.84;0.01;BUY
2016-02-23T00:22:33.943000;2016-02-23T00:22:34.017000;cb47c477-ad94-4bb9-a3ec-4b8162dfe9fa;437.85;0.02956851;BUY
2016-02-23T00:22:33.943000;2016-02-23T00:22:34.017000;c1a88b24-daad-42cf-85bf-653405a76dcd;437.86;0.0145;BUY
2016-02-23T00:22:33.943000;2016-02-23T00:22:34.033000;e2ba82a0-b114-4d7c-92e0-0e53bae1f1b1;437.87;0.90700716;BUY
2016-02-23T00:22:33.943000;2016-02-23T00:22:34.033000;7376704d-080c-474e-945d-06ec9fd128db;437.88;0.2;BUY
2016-02-23T00:22:33.943000;2016-02-23T00:22:34.080000;a15c6755-a9dc-4c28-9825-141a9760b1e2;437.89;4.17;BUY
2016-02-23T00:22:33.943000;2016-02-23T00:22:34.080000;5ac6da24-664e-4023-8748-f8916388c7bb;437.9;0.01331659;BUY
2016-02-23T00:22:33.943000;2016-02-23T00:22:34.080000;10c03c09-5bc0-4ee4-834f-5c97f1c5cd01;437.9;0.02;BUY
2016-02-23T00:22:33.943000;2016-02-23T00:22:34.080000;acd31a49-032a-4cd0-8f8a-e7429f1fb42d;437.9;2.08;BUY
2016-02-23T00:22:33.943000;2016-02-23T00:22:34.080000;e8f102c0-64b9-4460-8601-69d072d78ac8;437.91;2.0;BUY
2016-02-23T00:22:33.943000;2016-02-23T00:22:34.080000;f2a8b154-7637-4b86-959e-f1fad03895ba;437.92;2.0;BUY
2016-02-23T00:22:33.943000;2016-02-23T00:22:34.080000;3bb20dff-b70b-4eb2-be7d-51ebdc1c9b4c;437.94;0.01;BUY
2016-02-23T00:22:33.943000;2016-02-23T00:22:34.080000;5a4fe899-783c-4db5-b77c-dec7b7a2389a;437.95;0.02;BUY
2016-02-23T00:22:33.943000;2016-02-23T00:22:34.080000;3cd70591-34a5-474f-bd60-1a2ce6c3d09c;437.95;0.02;BUY
2016-02-23T00:22:33.943000;2016-02-23T00:22:34.080000;c184d880-4747-4694-90d6-9dfdd05422ea;437.95;0.01;BUY
2016-02-23T00:22:33.947000;2016-02-23T00:22:34.080000;3e296054-70d0-4786-af19-3858d37caf45;437.96;0.02;BUY
2016-02-23T00:22:33.947000;2016-02-23T00:22:34.080000;0e2d92bf-c1df-40c5-bc6a-22f0a89bd5a5;437.98;0.05;BUY
2016-02-23T00:22:33.947000;2016-02-23T00:22:34.080000;03a85468-0f3b-42c8-aecc-cefb250acf7b;437.99;0.48;BUY
2016-02-23T00:22:33.947000;2016-02-23T00:22:34.097000;709f94b8-ecc6-4d63-a4a2-3e55be7b139a;438.0;0.02;BUY
2016-02-23T00:22:33.947000;2016-02-23T00:22:34.097000;1cc1920f-0462-4367-b772-e3359efc8d0e;438.0;0.01;BUY
2016-02-23T00:22:33.947000;2016-02-23T00:22:34.110000;a6bba701-7321-4fcd-9b79-6e96a95a92c5;438.0;0.01;BUY
2016-02-23T00:22:33.947000;2016-02-23T00:22:34.110000;83d4a4f9-547e-4203-8906-0b01fc9be652;438.0;1.0;BUY
2016-02-23T00:22:33.947000;2016-02-23T00:22:34.110000;e06ba6f7-c4af-4e97-8611-e9682823108d;438.0;0.20461539;BUY
2016-02-23T00:23:06.443000;2016-02-23T00:23:06.487000;4eb7ee31-2182-427b-be43-37634c76d9c1;437.82;0.01;BUY
2016-02-23T00:23:06.443000;2016-02-23T00:23:06.487000;12da331b-3cce-47d0-8da2-339d77c56061;437.83;0.01;BUY
2016-02-23T00:23:06.443000;2016-02-23T00:23:06.487000;8f380b76-224b-48e2-b1b3-a1e0aca12171;437.84;0.020306;BUY
2016-02-23T00:23:06.443000;2016-02-23T00:23:06.503000;741725c7-8b8f-47a8-b316-6cc58babdc02;437.85;0.02345519;BUY
2016-02-23T00:23:06.443000;2016-02-23T00:23:06.503000;55c60ce8-7cf3-4f82-b359-591008558a73;437.88;0.02172742;BUY
2016-02-23T00:23:06.443000;2016-02-23T00:23:06.580000;a2494ae0-8e31-4a27-971c-1d014b8849a5;437.94;0.0214;BUY
2016-02-23T00:23:06.443000;2016-02-23T00:23:06.597000;6f06c5db-a1c1-4e88-940f-254d407e9350;437.97;0.02617757;BUY
2016-02-23T00:23:06.443000;2016-02-23T00:23:06.597000;f68494ca-779e-4e15-a0f5-86da35602c51;437.97;0.16;BUY
2016-02-23T00:23:06.443000;2016-02-23T00:23:06.597000;c572a5b8-95d0-4d2f-a837-bd1c0af1c84c;437.98;1.06;BUY
2016-02-23T00:23:06.443000;2016-02-23T00:23:06.597000;c5257e0b-3213-423b-b2cf-0401a50c6816;438.0;1.63435382;BUY
2016-02-23T00:23:32.423000;2016-02-23T00:23:32.470000;cff120ed-4c51-4c67-84ce-041bc345c205;437.82;0.01;SELL
2016-02-23T00:23:32.423000;2016-02-23T00:23:32.487000;35a43863-c595-4100-b04b-bbaff32a1848;437.81;0.01;SELL
2016-02-23T00:23:32.423000;2016-02-23T00:23:32.487000;e0ccb496-3af6-4709-8b0c-a48d0291324d;437.8;0.01;SELL
2016-02-23T00:23:32.423000;2016-02-23T00:23:32.487000;41bb62c7-91be-4350-9de0-b4342d8354e7;437.79;0.02364;SELL
2016-02-23T00:23:32.423000;2016-02-23T00:23:32.487000;4d1561a0-0cb7-42a7-9c1d-13e77237d0a5;437.78;0.01;SELL
2016-02-23T00:23:32.427000;2016-02-23T00:23:32.503000;afd88401-154c-4956-bcbb-1eb33069b621;437.78;0.48;SELL
2016-02-23T00:23:32.427000;2016-02-23T00:23:32.503000;779f566a-3da2-4941-800b-2230e77806fd;437.77;0.01;SELL
2016-02-23T00:23:32.427000;2016-02-23T00:23:32.503000;b9108d23-cc25-49f8-b96a-fbd74477cb98;437.77;0.64;SELL
2016-02-23T00:23:32.427000;2016-02-23T00:23:32.503000;9c11515f-1f6e-47ce-a940-1eb186459782;437.76;0.01;SELL
2016-02-23T00:23:32.427000;2016-02-23T00:23:32.503000;363f18c7-1eda-473e-b225-db61119073f7;437.76;0.01;SELL
2016-02-23T00:23:32.427000;2016-02-23T00:23:32.503000;9a37c8af-6c29-4397-a789-8e210c670ad4;437.76;0.32;SELL
2016-02-23T00:23:32.427000;2016-02-23T00:23:32.503000;4251a6d3-8b32-4395-8131-e2cadeda0b77;437.75;0.01;SELL
2016-02-23T00:23:32.427000;2016-02-23T00:23:32.517000;1c749026-7284-4153-9930-76ec1a2830da;437.75;0.96;SELL
2016-02-23T00:23:32.427000;2016-02-23T00:23:32.517000;f1f74e49-2e4b-4996-8db8-64dbb7029b10;437.74;0.01;SELL
2016-02-23T00:23:32.427000;2016-02-23T00:23:32.580000;2ee231bd-9dc7-4af8-b271-eab5e44ab915;437.74;0.01;SELL
2016-02-23T00:23:32.427000;2016-02-23T00:23:32.580000;8e49a8ef-fab8-4853-ab22-aa45efdf3496;437.74;1.12;SELL
2016-02-23T00:23:32.427000;2016-02-23T00:23:32.580000;00a3dde2-9c2c-45b9-9900-b7dabc84afcf;437.73;0.01;SELL
2016-02-23T00:23:32.427000;2016-02-23T00:23:32.580000;2baec1ec-5708-4572-8d79-27fee5b55fda;437.73;1.28;SELL
2016-02-23T00:23:32.427000;2016-02-23T00:23:32.580000;a2a205ac-cb81-4a1f-9181-baee427adae2;437.72;0.01;SELL
2016-02-23T00:23:32.427000;2016-02-23T00:23:32.580000;f3fbfbb2-80dc-4bf7-a0e8-e735e35a0355;437.72;1.44;SELL
2016-02-23T00:23:32.427000;2016-02-23T00:23:32.580000;ca949afe-3da3-4943-9eee-4bc36938aa31;437.71;0.01;SELL
2016-02-23T00:23:32.430000;2016-02-23T00:23:32.580000;b8e4a2b5-5f92-482c-be55-a6e2633b429d;437.71;0.01;SELL
2016-02-23T00:23:32.430000;2016-02-23T00:23:32.580000;c6783bf2-7947-44c1-bebf-494794839f82;437.71;1.76;SELL
2016-02-23T00:23:32.430000;2016-02-23T00:23:32.580000;4b4191e3-27f3-4e38-bb62-fb29243126f0;437.7;0.01;SELL
2016-02-23T00:23:32.430000;2016-02-23T00:23:32.580000;e633737f-f1bd-45c3-b81d-03499793cc19;437.7;0.01;SELL
2016-02-23T00:23:32.430000;2016-02-23T00:23:32.580000;9dc90d32-135b-4fa9-a45e-02c00823fff9;437.7;0.8;SELL
2016-02-23T00:23:32.430000;2016-02-23T00:23:32.580000;319054e0-f85e-48f2-9163-d2b034366370;437.7;0.24;SELL
2016-02-23T00:23:32.430000;2016-02-23T00:23:32.580000;80859f54-c9e4-4796-bb74-1c2dec63cbd7;437.69;0.0838738;SELL
2016-02-23T00:23:32.430000;2016-02-23T00:23:32.580000;5942db67-e2f9-4c7d-b10f-06260daeb2cc;437.69;1.76;SELL
2016-02-23T00:23:32.430000;2016-02-23T00:23:32.580000;ac56a074-be6f-4cad-90c8-3f716c3c3fef;437.68;0.03754;SELL
2016-02-23T00:23:32.430000;2016-02-23T00:23:32.580000;1832ec43-0955-4a07-9bd9-8e009ac97313;437.68;2.08;SELL
2016-02-23T00:23:32.430000;2016-02-23T00:23:32.580000;1e9c7d2a-3022-4df0-9ddf-06757b715d40;437.67;0.10696979;SELL
2016-02-23T00:23:32.430000;2016-02-23T00:23:32.580000;a1e3a0c6-67e6-465c-99c9-f327b50f22e7;437.67;2.24;SELL
2016-02-23T00:23:32.430000;2016-02-23T00:23:32.580000;8033203c-276a-46aa-8999-9e8afb9eb5fd;437.66;0.48;SELL
2016-02-23T00:23:32.430000;2016-02-23T00:23:32.597000;4f9b3458-59ee-4ce2-b63e-a73a2b70912f;437.65;0.01;SELL
2016-02-23T00:23:32.430000;2016-02-23T00:23:32.597000;68dbcb7c-3284-4364-9d90-1eaa10d0bcb5;437.65;0.96;SELL
2016-02-23T00:23:32.430000;2016-02-23T00:23:32.597000;fb569c4d-5bc1-407f-b803-c9b511834223;437.64;0.07022317;SELL
2016-02-23T00:23:32.430000;2016-02-23T00:23:32.597000;89f1b424-a4bf-4696-a4ed-489a024ca095;437.64;1.28;SELL
2016-02-23T00:23:32.433000;2016-02-23T00:23:32.597000;93f62a6e-e7e9-43fb-bc53-6be29ad0713a;437.63;0.11104;SELL
2016-02-23T00:23:32.433000;2016-02-23T00:23:32.597000;966d3586-3f39-4508-a38a-92b7090ef637;437.57;2.4;SELL
2016-02-23T00:23:32.433000;2016-02-23T00:23:32.597000;3e52c3b4-c028-4966-9753-a417f335d8a3;437.56;1.76;SELL
2016-02-23T00:23:32.433000;2016-02-23T00:23:32.597000;fffc6775-8089-44d7-be76-fba79db1c870;437.56;0.8;SELL
2016-02-23T00:23:32.433000;2016-02-23T00:23:32.597000;235c9b84-b711-4ebe-9dde-4a6eff697145;437.55;0.015;SELL
2016-02-23T00:23:32.433000;2016-02-23T00:23:32.597000;90836f19-78b0-4af0-999f-f1975e7f6b69;437.54;2.4;SELL
2016-02-23T00:23:32.433000;2016-02-23T00:23:32.597000;a1efefcc-8a7e-44ff-8002-23104cac17eb;437.53;0.01;SELL
2016-02-23T00:23:32.433000;2016-02-23T00:23:32.597000;e8cd1a29-447c-463f-8faf-a4ca805bf201;437.53;0.01;SELL
2016-02-23T00:23:32.433000;2016-02-23T00:23:32.597000;9826b2cb-9f67-4241-b544-16abf95e3d60;437.53;2.56;SELL
2016-02-23T00:23:32.433000;2016-02-23T00:23:32.597000;543fc24a-afbf-4d4e-908e-7effd42d8da3;437.52;0.01;SELL
2016-02-23T00:23:32.433000;2016-02-23T00:23:32.597000;3259e2f5-83aa-420f-87d8-374b601d7603;437.51;1.36843324;SELL
2016-02-23T00:24:02.647000;2016-02-23T00:24:02.690000;0d512a27-1cf9-47ab-a1bb-039456c60782;437.86;0.035;BUY
2016-02-23T00:24:02.647000;2016-02-23T00:24:02.720000;4a2abe10-ead4-424d-b5cc-0eacef23a655;437.86;0.24;BUY
2016-02-23T00:24:02.647000;2016-02-23T00:24:02.737000;e31db479-7c41-4c28-95fc-0ff40489ccdb;437.87;0.075;BUY
2016-02-23T00:24:02.647000;2016-02-23T00:24:02.737000;552ea3e6-ec31-459f-9777-a6d5ae943072;437.88;0.01;BUY
2016-02-23T00:24:02.647000;2016-02-23T00:24:02.737000;6536709f-c297-480c-a14a-b75287ad87e3;437.89;0.01;BUY
2016-02-23T00:24:02.647000;2016-02-23T00:24:02.737000;f7367530-436d-4a46-8f55-a76fdafe3dfc;437.9;0.01400284;BUY
2016-02-23T00:24:02.647000;2016-02-23T00:24:02.753000;8f22486d-0a98-4100-973b-ac91242a6b51;437.91;0.01;BUY
2016-02-23T00:24:02.647000;2016-02-23T00:24:02.753000;da809e74-a09c-4bde-a868-9de09360ae65;437.92;0.0220818;BUY
2016-02-23T00:24:02.647000;2016-02-23T00:24:02.753000;95da635a-c6d6-4f79-9290-2f2c69aaf997;437.93;0.01;BUY
2016-02-23T00:24:02.647000;2016-02-23T00:24:02.753000;6b3a9416-d3e1-4539-8433-021007b39c20;437.94;0.019738;BUY
2016-02-23T00:24:02.647000;2016-02-23T00:24:02.753000;9fa2ee33-750e-42a7-a082-116f495da0b0;437.97;0.0161;BUY
2016-02-23T00:24:02.647000;2016-02-23T00:24:02.753000;5cfa5a81-fde5-43c6-8153-26fe8f8c0356;437.98;0.01;BUY
2016-02-23T00:24:02.647000;2016-02-23T00:24:02.753000;ffc1671c-594a-45a6-bc90-cfc7f27c4812;437.98;1.34988736;BUY
2016-02-23T00:24:32.050000;2016-02-23T00:24:32.097000;e62ef325-7ab1-48d0-9062-4c5ad25bf95a;437.88;0.01;SELL
2016-02-23T00:24:32.050000;2016-02-23T00:24:32.097000;bbb536f9-4da1-4c2e-bd0c-4aa7516e509f;437.87;0.01;SELL
2016-02-23T00:24:32.050000;2016-02-23T00:24:32.113000;6fcbc69a-ec26-49db-b75d-2216f5986755;437.86;0.01;SELL
2016-02-23T00:24:32.050000;2016-02-23T00:24:32.113000;2c19ec6d-668f-41a1-bb6c-f1fbfd22a820;437.85;0.01;SELL
2016-02-23T00:24:32.050000;2016-02-23T00:24:32.113000;a8508844-5e84-44e5-a344-1fe0d6074ced;437.85;0.01;SELL
2016-02-23T00:24:32.050000;2016-02-23T00:24:32.113000;38efb07c-8262-4b22-b8f0-2ff015c1abc2;437.84;0.01;SELL
2016-02-23T00:24:32.050000;2016-02-23T00:24:32.127000;cec4dc1a-2a8e-403f-91f3-6aa175d3bd55;437.83;0.01;SELL
2016-02-23T00:24:32.050000;2016-02-23T00:24:32.127000;261c7ca4-5e3a-4592-ab50-ff56517fda96;437.83;0.01;SELL
2016-02-23T00:24:32.050000;2016-02-23T00:24:32.127000;b24d2e75-1470-466c-b5df-2078c214e141;437.81;0.01;SELL
2016-02-23T00:24:32.053000;2016-02-23T00:24:32.127000;892df7da-e329-40ca-98ec-7da5695fb042;437.8;0.07323;SELL
2016-02-23T00:25:02.670000;2016-02-23T00:25:02.707000;89ec5263-c312-4a00-a279-c99e4fea51fa;437.9;0.01;BUY
2016-02-23T00:25:02.670000;2016-02-23T00:25:02.720000;aa5dad0a-9752-4652-9a9a-48814f77a609;437.91;0.01;BUY
2016-02-23T00:25:02.670000;2016-02-23T00:25:02.720000;64869210-595d-4f23-8f8f-3b01716e0cc5;437.92;0.01;BUY
2016-02-23T00:25:02.670000;2016-02-23T00:25:02.720000;9a19f698-e518-431f-8398-439a8aa6f4d6;437.93;0.01;BUY
2016-02-23T00:25:02.670000;2016-02-23T00:25:02.737000;5e134e78-dbcc-4f0f-a80c-12e3ce406c6a;437.94;0.02053748;BUY
2016-02-23T00:25:02.670000;2016-02-23T00:25:02.737000;e406c49e-34d0-4307-a612-5155788d39cf;437.95;0.02100792;BUY
2016-02-23T00:25:02.670000;2016-02-23T00:25:02.737000;0c24edbd-d6f8-42a0-96e5-52bbf3a1f996;437.96;0.0246763;BUY
2016-02-23T00:25:02.670000;2016-02-23T00:25:02.737000;37580246-3f52-42a8-91a6-f0c1e847851f;437.97;0.0237941;BUY
2016-02-23T00:25:02.670000;2016-02-23T00:25:02.737000;5e005776-1c3c-4c7a-bd8a-a7d5004acac1;437.99;0.02298974;BUY
2016-02-23T00:25:02.670000;2016-02-23T00:25:02.753000;836754c6-e0fc-455b-b058-bb164c27369a;437.99;0.02;BUY
2016-02-23T00:25:02.670000;2016-02-23T00:25:02.753000;a90d6fab-8dde-4c93-b7fd-6f6caeed8cd6;438.0;0.017215;BUY
2016-02-23T00:25:02.670000;2016-02-23T00:25:02.753000;725d3cbc-308a-41dd-a0b7-31ab2feff396;438.04;0.0218493;BUY
2016-02-23T00:25:02.673000;2016-02-23T00:25:02.753000;a631bf4b-a762-4ef1-8d0e-a9faf49cecbb;438.05;0.02;BUY
2016-02-23T00:25:02.673000;2016-02-23T00:25:02.753000;195942eb-34a7-4bb7-b1db-dc768ea930e6;438.05;0.046;BUY
2016-02-23T00:25:02.673000;2016-02-23T00:25:02.800000;eb8238f6-ad05-4906-ba4d-e2eb0000eab4;438.07;0.02;BUY
2016-02-23T00:25:02.673000;2016-02-23T00:25:02.813000;e76ab7b9-6307-473b-878b-0b50b9937311;438.08;0.48;BUY
2016-02-23T00:25:02.673000;2016-02-23T00:25:02.813000;f02643ee-1581-4f4a-90be-48d46b50368d;438.09;0.01;BUY
2016-02-23T00:25:02.673000;2016-02-23T00:25:02.813000;c61c1a6b-16cd-43f5-9fb5-f5ceda9843b4;438.09;0.40138016;BUY
2016-02-23T00:25:32.253000;2016-02-23T00:25:32.283000;897c53a5-7c6e-4e1d-8f97-0ebdb68274dc;437.96;0.01;BUY
2016-02-23T00:25:32.253000;2016-02-23T00:25:32.313000;4ab5f6f1-9700-4355-b765-8cc73da3b8c6;437.97;0.01;BUY
2016-02-23T00:25:32.253000;2016-02-23T00:25:32.313000;8081abf1-419e-4cca-b984-f28b3985cf9c;437.98;0.01;BUY
2016-02-23T00:25:32.253000;2016-02-23T00:25:32.313000;7391fa57-dcd6-4c42-9ce9-25b09ca92073;437.99;0.02057502;BUY
2016-02-23T00:25:32.253000;2016-02-23T00:25:32.313000;111c0fee-ee9f-4b36-a92c-bd8eb342c99b;438.0;0.02434451;BUY
2016-02-23T00:25:32.253000;2016-02-23T00:25:32.313000;13de5ced-ef2f-4ddb-a9cf-b4a43436f0fa;438.04;0.02;BUY
2016-02-23T00:25:32.253000;2016-02-23T00:25:32.313000;c6cf1f89-af3b-488f-bdf4-3f8d5449785a;438.09;0.11499047;BUY
2016-02-23T00:26:04.030000;2016-02-23T00:26:04.063000;cc0471ba-c255-41aa-a359-98dec3427d35;438.04;0.01;BUY
2016-02-23T00:26:04.030000;2016-02-23T00:26:04.080000;4b5d2218-fc33-4af8-b243-504e32dd915c;438.05;0.01;BUY
2016-02-23T00:26:04.030000;2016-02-23T00:26:04.080000;4f359486-5f18-49aa-bf4e-e0c67a801056;438.06;0.02836;BUY
2016-02-23T00:26:04.030000;2016-02-23T00:26:04.080000;76b241c1-9ffc-4727-9b1c-07298a2063b7;438.07;0.01;BUY
2016-02-23T00:26:04.030000;2016-02-23T00:26:04.080000;f9342297-eea7-4653-a614-4134b4295c7c;438.08;0.02041;BUY
2016-02-23T00:26:04.030000;2016-02-23T00:26:04.097000;6544d25a-887d-4191-9612-6b8fd48074dc;438.09;0.16;BUY
2016-02-23T00:26:04.030000;2016-02-23T00:26:04.097000;5c408a7b-90b1-467a-8522-4c5eab9d6fef;438.1;0.02;BUY
2016-02-23T00:26:04.030000;2016-02-23T00:26:04.097000;624662b7-8c7f-4ccb-89cd-2f9b5abbecc3;438.1;0.01331579;BUY
2016-02-23T00:26:04.030000;2016-02-23T00:26:04.097000;7aee6fb9-be52-4833-aaaa-782a23e34480;438.1;2.26626421;BUY
2016-02-23T00:26:32.537000;2016-02-23T00:26:32.563000;7c1df305-c7fd-4126-b4fd-c4a47fd41127;438.09;0.01;BUY
2016-02-23T00:26:32.537000;2016-02-23T00:26:32.563000;6cff4590-1052-40f4-9d0c-8155d70523e0;438.1;1.03377;BUY
2016-02-23T00:27:01.847000;2016-02-23T00:27:01.877000;d5c799f0-44ca-4d3f-90d5-188f98d27fbd;438.1;1.69996579;BUY
2016-02-23T00:27:01.847000;2016-02-23T00:27:01.893000;82aa979b-e1be-4258-91cd-e0203f859246;438.11;0.075;BUY
2016-02-23T00:27:01.850000;2016-02-23T00:27:01.893000;a7df2d1a-c4a3-44b5-8670-ef1c7cf1a740;438.12;0.0263332;BUY
2016-02-23T00:27:01.850000;2016-02-23T00:27:01.893000;1f3d5128-8272-4629-a3a9-78ff8e869e58;438.13;0.075;BUY
2016-02-23T00:27:01.850000;2016-02-23T00:27:01.923000;0a56499d-a85f-42cb-96a1-f5dcdcda202c;438.14;0.01;BUY
2016-02-23T00:27:01.850000;2016-02-23T00:27:01.923000;1a14f04a-74d8-47a7-afa7-4597792ca232;438.15;0.02;BUY
2016-02-23T00:27:01.850000;2016-02-23T00:27:01.923000;7aec4b6c-fd2e-45d9-9e2b-387a9658b4b6;438.15;0.075;BUY
2016-02-23T00:27:01.850000;2016-02-23T00:27:01.923000;22121821-c8c6-40af-a7f2-d92d2f91afaa;438.16;0.02346571;BUY
2016-02-23T00:27:01.850000;2016-02-23T00:27:01.923000;a18d74ba-1b8a-4c39-9588-432d4e7188ba;438.17;0.0225294;BUY
2016-02-23T00:27:01.850000;2016-02-23T00:27:01.923000;285aff58-87d5-4778-86a2-930c630d0d43;438.17;0.2916259;BUY
2016-02-23T00:27:32.563000;2016-02-23T00:27:32.597000;096daa05-911c-4ee3-a816-e49d05a3e6d4;438.15;0.01;BUY
2016-02-23T00:27:32.563000;2016-02-23T00:27:32.597000;53ce0d25-922e-40dc-90d7-e20b26be7cb4;438.16;1.05212;BUY
2016-02-23T00:28:04.797000;2016-02-23T00:28:04.830000;17a8ba8b-e897-479d-b75b-ee314fda1349;438.14;0.01;BUY
2016-02-23T00:28:04.797000;2016-02-23T00:28:04.847000;0f27b1aa-6c66-4bd8-ac88-66c9e6a173f2;438.14;0.02869;BUY
2016-02-23T00:29:02.083000;2016-02-23T00:29:02.127000;94b03f32-3cdc-4501-80ed-713a67636e9b;438.15;0.01;BUY
2016-02-23T00:29:02.083000;2016-02-23T00:29:02.127000;4a65bb8d-74f1-49d0-9702-05b2d0b325c0;438.15;0.126;BUY
2016-02-23T00:29:02.083000;2016-02-23T00:29:02.127000;7539ac32-4f19-422b-b35d-d1c7d076d28f;438.16;0.02436243;BUY
2016-02-23T00:29:02.083000;2016-02-23T00:29:02.127000;724565e0-6d2e-4bf3-a950-39e0e0bd7388;438.19;0.075;BUY
2016-02-23T00:29:02.083000;2016-02-23T00:29:02.127000;99839bf1-421a-4c05-94b2-5e6d5f75311e;438.2;0.02;BUY
2016-02-23T00:29:02.083000;2016-02-23T00:29:02.127000;fca30094-1e58-468e-b5c8-9996d2db0d30;438.2;0.101;BUY
2016-02-23T00:29:02.083000;2016-02-23T00:29:02.143000;b4afb2e4-d878-4f8d-a5b6-220e748b4332;438.2;0.4;BUY
2016-02-23T00:29:02.083000;2016-02-23T00:29:02.143000;d7523345-c2e1-40c7-a482-c8c47a789dd7;438.21;0.00558757;BUY
2016-02-23T00:29:32.027000;2016-02-23T00:29:32.050000;9e53bc49-07c5-491c-bd86-08caad24f3ec;438.16;0.16685;BUY
2016-02-23T00:30:04.970000;2016-02-23T00:30:04.987000;0072df83-1317-4ac9-8fcd-fdcbaa748129;438.16;0.767;BUY
2016-02-23T00:30:04.970000;2016-02-23T00:30:04.987000;63374c4e-3b58-41ef-9c65-a5ec0a21f208;438.16;2.0;BUY
2016-02-23T00:30:04.970000;2016-02-23T00:30:05.017000;f2a84bcf-0cef-4452-b02e-1098c14fca99;438.17;0.716;BUY
2016-02-23T00:30:04.970000;2016-02-23T00:30:05.017000;66c62cd7-d3f9-4c80-8e79-d91e301b0bf8;438.18;0.793;BUY
2016-02-23T00:30:04.970000;2016-02-23T00:30:05.017000;507358c3-a442-42f4-8f0a-c2044a6b3192;438.19;0.54758;BUY
2016-02-23T00:30:32.110000;2016-02-23T00:30:32.143000;6217592b-e2cb-467e-a307-b7a54e1a3dda;438.16;0.755;BUY
2016-02-23T00:30:32.110000;2016-02-23T00:30:32.143000;0207f12d-97b6-444e-a7ef-25362ad99be6;438.17;0.07431;BUY
2016-02-23T00:31:02.193000;2016-02-23T00:31:02.237000;09e0cca5-eb85-4756-a641-c655ed730b7e;438.19;0.01;SELL
2016-02-23T00:31:02.193000;2016-02-23T00:31:02.237000;64da1f40-50d0-4146-bbc5-8321630fb83c;438.19;0.8;SELL
2016-02-23T00:31:02.193000;2016-02-23T00:31:02.237000;c57f6249-059e-43d3-86a9-cdbd183d400f;438.18;0.01;SELL
2016-02-23T00:31:02.193000;2016-02-23T00:31:02.237000;050e5c03-28d5-4e42-b740-8e0f801517f4;438.17;0.01;SELL
2016-02-23T00:31:02.193000;2016-02-23T00:31:02.267000;fb630590-5a79-4766-94d3-3e0645e99665;438.16;0.02609843;SELL
2016-02-23T00:31:02.193000;2016-02-23T00:31:02.267000;e797e60f-19fb-4315-900e-349068cf3636;438.15;0.01;SELL
2016-02-23T00:31:02.197000;2016-02-23T00:31:02.267000;6f7aadaa-5bc5-41c1-98c0-fa6fcc6d352b;438.14;0.01;SELL
2016-02-23T00:31:02.197000;2016-02-23T00:31:02.267000;72caf71b-63c7-4239-b476-88cc57c68a71;438.13;0.01;SELL
2016-02-23T00:31:02.197000;2016-02-23T00:31:02.267000;2852e3d0-583c-44f5-bc23-59173e239c2e;438.13;0.107;SELL
2016-02-23T00:31:02.197000;2016-02-23T00:31:02.267000;6c4f1144-4f27-446e-8d90-48546918c01f;438.12;0.01;SELL
2016-02-23T00:31:02.197000;2016-02-23T00:31:02.267000;7954c98b-e4f3-4285-8575-33e9b40f54e9;438.11;0.01;SELL
2016-02-23T00:31:02.197000;2016-02-23T00:31:02.267000;c9c7b509-e2bd-4537-8108-7b3be3d0c591;438.1;0.01;SELL
2016-02-23T00:31:02.197000;2016-02-23T00:31:02.267000;446bb65f-9919-48ec-aca3-34e2117c29bf;438.1;1.355;SELL
2016-02-23T00:31:02.197000;2016-02-23T00:31:02.267000;a224d931-17c6-4cce-8b4f-c6d011903d3f;438.09;0.01;SELL
2016-02-23T00:31:02.197000;2016-02-23T00:31:02.267000;a86a2d42-7191-404a-9445-f79f16d1d53f;438.08;0.01;SELL
2016-02-23T00:31:02.197000;2016-02-23T00:31:02.267000;7ff2239d-0bb3-459e-939a-fe1ea2e7053b;438.07;0.01;SELL
2016-02-23T00:31:02.197000;2016-02-23T00:31:02.267000;f677a086-90f0-4ca1-85cf-97482a70abdd;438.07;0.01;SELL
2016-02-23T00:31:02.197000;2016-02-23T00:31:02.267000;495f6a02-ee7e-4558-8439-5760c9283617;438.07;0.01;SELL
2016-02-23T00:31:02.197000;2016-02-23T00:31:02.267000;808760be-e4a0-4ac1-a637-437e1896ac08;438.06;0.01;SELL
2016-02-23T00:31:02.197000;2016-02-23T00:31:02.267000;1a223051-4b93-4ed5-8782-94f84021cf85;438.05;0.01;SELL
2016-02-23T00:31:02.197000;2016-02-23T00:31:02.267000;b551a78a-10f4-4193-bc0b-f7e02f5de692;438.04;0.01;SELL
2016-02-23T00:31:02.197000;2016-02-23T00:31:02.267000;a91cf431-4720-4e16-960f-257bed3747e7;438.03;0.01;SELL
2016-02-23T00:31:02.197000;2016-02-23T00:31:02.283000;2c5126d3-4dbe-4289-a58d-bff2ef9783c4;438.02;0.01;SELL
2016-02-23T00:31:02.197000;2016-02-23T00:31:02.283000;fdea208e-22a6-414a-b614-18569f9e8b8f;438.02;0.108;SELL
2016-02-23T00:31:02.197000;2016-02-23T00:31:02.283000;9138cb99-017f-4399-b115-b45f02dbc92e;438.01;0.01;SELL
2016-02-23T00:31:02.197000;2016-02-23T00:31:02.283000;093e3ac4-592c-49ec-9da1-0f46fcaee80a;438.0;0.01;SELL
2016-02-23T00:31:02.197000;2016-02-23T00:31:02.283000;14270a38-8417-47b9-b383-33558e96cd00;437.99;0.01;SELL
2016-02-23T00:31:02.197000;2016-02-23T00:31:02.283000;135db187-66b2-4508-b884-f3801291b546;437.99;0.128;SELL
2016-02-23T00:31:02.200000;2016-02-23T00:31:02.283000;73920334-5512-4383-be50-dbf0296e257e;437.98;0.01;SELL
2016-02-23T00:31:02.200000;2016-02-23T00:31:02.283000;b9e8367a-51d0-4ea3-8683-3ce30f9c56d4;437.97;0.01;SELL
2016-02-23T00:31:02.200000;2016-02-23T00:31:02.283000;e7cc9b78-758e-4383-8eb4-3a8680c2da9a;437.97;0.01;SELL
2016-02-23T00:31:02.200000;2016-02-23T00:31:02.283000;c282e8bb-95d4-4a1c-9a55-02636c91ebec;437.96;0.01;SELL
2016-02-23T00:31:02.200000;2016-02-23T00:31:02.283000;da7199aa-987b-4a1d-b9a5-6e20ed4afa0d;437.96;0.01;SELL
2016-02-23T00:31:02.200000;2016-02-23T00:31:02.283000;686c85cf-1502-45e5-804d-3fa7322ec4b7;437.95;0.01;SELL
2016-02-23T00:31:02.200000;2016-02-23T00:31:02.283000;5f93038d-a414-4cff-a36b-f0b3e6681c83;437.94;0.01;SELL
2016-02-23T00:31:02.200000;2016-02-23T00:31:02.283000;43db3739-bf59-4031-8963-06c61b0e1c9c;437.94;0.099;SELL
2016-02-23T00:31:02.200000;2016-02-23T00:31:02.283000;127050a2-6c07-4527-88e9-65245bf975fe;437.93;0.01;SELL
2016-02-23T00:31:02.200000;2016-02-23T00:31:02.317000;cdec6140-440e-4116-9c39-a9500feae2b5;437.93;0.124;SELL
2016-02-23T00:31:02.200000;2016-02-23T00:31:02.317000;cc0817c1-a134-4b03-b487-f2cc5552a5fe;437.92;0.01;SELL
2016-02-23T00:31:02.200000;2016-02-23T00:31:02.317000;ed440a22-e626-458c-89f3-19697aa32d20;437.91;0.01;SELL
2016-02-23T00:31:02.200000;2016-02-23T00:31:02.317000;ac575b49-3c14-4b92-a390-cf0f474908ff;437.9;0.01;SELL
2016-02-23T00:31:02.200000;2016-02-23T00:31:02.330000;1cd2c377-516e-4d4f-8d19-e76194914126;437.9;0.01;SELL
2016-02-23T00:31:02.200000;2016-02-23T00:31:02.330000;3be80b08-82b7-444f-a67a-d14406924531;437.89;0.01;SELL
2016-02-23T00:31:02.200000;2016-02-23T00:31:02.330000;328d9240-924e-491a-991a-0771de8375a4;437.89;0.01;SELL
2016-02-23T00:31:02.203000;2016-02-23T00:31:02.330000;e20785db-0a63-4f7e-a447-860023b38bd9;437.89;0.109;SELL
2016-02-23T00:31:02.203000;2016-02-23T00:31:02.330000;062ad072-82fa-4592-bb7c-960e29f8f727;437.87;0.0388577;SELL
2016-02-23T00:31:02.203000;2016-02-23T00:31:02.330000;6224b4b4-a942-4386-a25c-28b261c290ea;437.86;0.01;SELL
2016-02-23T00:31:02.203000;2016-02-23T00:31:02.330000;f9f65f5b-d37e-4bf2-99a9-f93217817509;437.85;0.025338;SELL
2016-02-23T00:31:02.203000;2016-02-23T00:31:02.330000;535cc014-e5e1-4e50-9a88-6b272c0af210;437.84;0.01;SELL
2016-02-23T00:31:02.203000;2016-02-23T00:31:02.330000;25ad8f2d-cc3d-4357-ae99-a7e7682287e3;437.84;0.087;SELL
2016-02-23T00:31:02.203000;2016-02-23T00:31:02.330000;dfcf2195-e750-4f0e-8ef9-cc2f83ae60e6;437.83;0.01;SELL
2016-02-23T00:31:02.203000;2016-02-23T00:31:02.330000;2ffe9159-8e24-45ef-b09b-37b33a257807;437.82;0.01;SELL
2016-02-23T00:31:02.203000;2016-02-23T00:31:02.330000;11eadb33-2f59-4dc0-a2c0-0903665bd2a9;437.8;1.12;SELL
2016-02-23T00:31:02.203000;2016-02-23T00:31:02.330000;1ee266dc-9f98-4886-bcdf-cebce834e111;437.79;0.064921;SELL
2016-02-23T00:31:02.203000;2016-02-23T00:31:02.347000;5534e5f0-f9d5-418b-9235-603334cc0ed4;437.79;0.114;SELL
2016-02-23T00:31:02.203000;2016-02-23T00:31:02.347000;e12ec70f-dee5-4c27-9412-e9b695beacec;437.79;0.96;SELL
2016-02-23T00:31:02.203000;2016-02-23T00:31:02.347000;57097b51-18b9-4b2c-a425-a4369982757b;437.78;0.09565;SELL
2016-02-23T00:31:02.203000;2016-02-23T00:31:02.347000;9ee0f996-839c-4f8c-b8ca-9ca7c6cdf24f;437.75;1.6;SELL
2016-02-23T00:31:02.203000;2016-02-23T00:31:02.347000;f8b891b7-3836-4c35-900b-bdbc2b6a882e;437.74;0.108;SELL
2016-02-23T00:31:02.203000;2016-02-23T00:31:02.377000;82633af6-6202-46b1-9290-c75395ef4e7b;437.71;2.72;SELL
2016-02-23T00:31:02.203000;2016-02-23T00:31:02.377000;194a3b4e-b12a-4667-bf35-15d229f26497;437.7;0.01;SELL
2016-02-23T00:31:02.203000;2016-02-23T00:31:02.377000;bd03b570-ee07-43a5-8c18-de5e529db859;437.7;0.02;SELL
2016-02-23T00:31:02.203000;2016-02-23T00:31:02.377000;1a159534-d3bb-426b-aabb-6b2ecd00cef6;437.7;2.72;SELL
2016-02-23T00:31:02.203000;2016-02-23T00:31:02.377000;e3d5901f-9fa6-4112-9601-7269aa57e159;437.69;0.104;SELL
2016-02-23T00:31:02.203000;2016-02-23T00:31:02.377000;e65078a2-9428-4f08-997e-d189489e31bf;437.67;2.56838487;SELL
2016-02-23T00:31:15.513000;2016-02-23T00:31:15.533000;425078b4-cbaa-4bee-996c-9a227345453e;438.08;0.01;BUY
2016-02-23T00:31:15.513000;2016-02-23T00:31:15.550000;4e98486f-5418-4117-b5ba-d0cbe0088325;438.09;0.00138494;BUY
2016-02-23T00:31:32.027000;2016-02-23T00:31:32.067000;aba6d705-5a2a-460b-a48a-aff29777c7db;438.04;0.01;BUY
2016-02-23T00:31:32.027000;2016-02-23T00:31:32.067000;a1a2567d-90d4-44c2-86ef-6afabab91914;438.05;0.01;BUY
2016-02-23T00:31:32.030000;2016-02-23T00:31:32.067000;e1eba144-1b08-4a9d-9f5d-2d9d2d1c0fdd;438.06;0.01;BUY
2016-02-23T00:31:32.030000;2016-02-23T00:31:32.067000;30971514-5cc4-4fec-9e1e-aad328cfd3c7;438.07;0.021983;BUY
2016-02-23T00:31:32.030000;2016-02-23T00:31:32.080000;ca57c8d8-7e93-45bc-8efb-997a72177a3a;438.08;0.01;BUY
2016-02-23T00:31:32.030000;2016-02-23T00:31:32.080000;c0cb2095-a2a3-476e-a912-1a688dac7a97;438.09;0.00861506;BUY
2016-02-23T00:31:32.030000;2016-02-23T00:31:32.080000;dbde14d7-d151-4dbd-a324-97314160ac28;438.1;0.01;BUY
2016-02-23T00:31:32.030000;2016-02-23T00:31:32.080000;6e19080e-5e34-466a-b9bc-31056b52c39d;438.11;0.01594216;BUY
2016-02-23T00:31:32.030000;2016-02-23T00:31:32.080000;6f93d464-f807-4fcc-9300-12dd55df06ed;438.13;0.105;BUY
2016-02-23T00:31:32.030000;2016-02-23T00:31:32.080000;fe93fc4f-5db0-4ce1-baa7-0a4567f7660d;438.14;0.02490887;BUY
2016-02-23T00:31:32.030000;2016-02-23T00:31:32.080000;48476b9c-5b5c-477b-9e10-517183fa05e9;438.17;0.01;BUY
2016-02-23T00:31:32.030000;2016-02-23T00:31:32.097000;8ef6aeed-1c01-4a85-9f19-e5c34009f58a;438.2;0.01;BUY
2016-02-23T00:31:32.030000;2016-02-23T00:31:32.097000;5ddea260-4484-4301-b59c-82dd8e18fa2f;438.2;0.1;BUY
2016-02-23T00:31:32.030000;2016-02-23T00:31:32.097000;241bfaef-263c-40dd-b3e5-154ef8552eb1;438.2;0.02;BUY
2016-02-23T00:31:32.030000;2016-02-23T00:31:32.097000;691c9c0a-a1b6-484c-abb5-2bf01e344f3d;438.21;0.05441243;BUY
2016-02-23T00:31:32.030000;2016-02-23T00:31:32.097000;58da8188-83ec-4cc3-9e06-590991ce6afa;438.21;0.126;BUY
2016-02-23T00:31:32.030000;2016-02-23T00:31:32.097000;4818799a-b11a-4f10-ada7-25574801f0a7;438.22;0.071;BUY
2016-02-23T00:31:32.030000;2016-02-23T00:31:32.097000;39ecad88-9697-4653-b284-ecb47d256385;438.22;0.02;BUY
2016-02-23T00:31:32.030000;2016-02-23T00:31:32.097000;65a96cd4-d34c-460b-94c3-7aafd76e4e12;438.23;0.014;BUY
2016-02-23T00:31:32.030000;2016-02-23T00:31:32.127000;cc7ed108-a43d-43a8-abd6-689f079a20e6;438.23;1.0;BUY
2016-02-23T00:31:32.030000;2016-02-23T00:31:32.127000;549f3f8f-2a87-4c58-8c0e-4efc5f9f4eab;438.23;0.16;BUY
2016-02-23T00:31:32.030000;2016-02-23T00:31:32.127000;9e61757e-e1ea-4fea-8432-26d0d273ab19;438.24;0.075;BUY
2016-02-23T00:31:32.030000;2016-02-23T00:31:32.127000;16463d49-1290-476c-9d4d-1ca72ea5b300;438.24;0.18206848;BUY
2016-02-23T00:32:02.503000;2016-02-23T00:32:02.517000;aa13cc4a-8f1b-40c2-9e45-f8888000bb05;438.09;0.01;BUY
2016-02-23T00:32:02.507000;2016-02-23T00:32:02.533000;7c07b166-1a6a-487d-a53f-aad1bf388bf9;438.1;0.0237225;BUY
2016-02-23T00:32:02.507000;2016-02-23T00:32:02.533000;dbf851ea-85c5-443e-a647-6baf9dd2bbe3;438.12;0.025179;BUY
2016-02-23T00:32:02.507000;2016-02-23T00:32:02.533000;096e1032-1083-488f-922f-b197b2f98f12;438.16;0.02687215;BUY
2016-02-23T00:32:02.507000;2016-02-23T00:32:02.567000;88db8bd3-72f1-42b6-b6ea-a818cfa0bd88;438.16;0.08;BUY
2016-02-23T00:32:02.507000;2016-02-23T00:32:02.567000;0b3ea10e-64e6-48bf-abde-1fbaba17cfc3;438.2;3.85005635;BUY
2016-02-23T00:32:47.857000;2016-02-23T00:32:47.877000;079c33cc-d5c4-4734-804c-dc8a665657ca;438.14;0.01;BUY
2016-02-23T00:32:47.857000;2016-02-23T00:32:47.877000;52472c3c-4cfa-444d-ac4a-abda2332a17d;438.15;0.0291;BUY
2016-02-23T00:32:47.857000;2016-02-23T00:32:47.877000;321f1b19-b6d3-4e23-997b-14c3477bcc7c;438.16;0.02390268;BUY
2016-02-23T00:32:47.857000;2016-02-23T00:32:47.877000;83c54654-1368-4bbc-9fab-64b72955db5e;438.17;0.0161808;BUY
2016-02-23T00:32:47.857000;2016-02-23T00:32:47.893000;de1150d2-a1f9-4ed5-85d8-8fc2a76af622;438.2;0.084;BUY
2016-02-23T00:32:47.857000;2016-02-23T00:32:47.893000;ac846c1c-151c-49f5-aa0d-e8987fed6c6b;438.2;0.4;BUY
2016-02-23T00:32:47.857000;2016-02-23T00:32:47.893000;6d30fd07-9bc6-4257-8bb7-86a60fd8e668;438.21;0.95607652;BUY
2016-02-23T00:33:02.193000;2016-02-23T00:33:02.220000;a98dc8e7-e3e4-4a89-a989-55fb739f7a1a;438.16;0.01;SELL
2016-02-23T00:33:02.193000;2016-02-23T00:33:02.237000;3e3b8ea4-6e8f-477a-995d-6baeedae3f4a;438.15;0.01;SELL
2016-02-23T00:33:02.193000;2016-02-23T00:33:02.237000;836df3bc-9520-4c48-9f92-9a2857785ea9;438.14;0.01;SELL
2016-02-23T00:33:02.193000;2016-02-23T00:33:02.237000;4ba8a25e-8ebc-49b8-9719-b04d25783ca1;438.13;0.01;SELL
2016-02-23T00:33:02.193000;2016-02-23T00:33:02.253000;e8686e8d-fb19-4c53-85a4-937933b0b6cc;438.13;0.097;SELL
2016-02-23T00:33:02.193000;2016-02-23T00:33:02.253000;618983cf-3e2f-468a-bdec-ec3d030853eb;438.12;0.01;SELL
2016-02-23T00:33:02.193000;2016-02-23T00:33:02.253000;fc688b76-b216-4a8a-9606-021b59fdef1b;438.11;0.011;SELL
2016-02-23T00:33:02.193000;2016-02-23T00:33:02.253000;b53ed741-bf60-42ca-8c34-49d681dbea60;438.1;0.011;SELL
2016-02-23T00:33:02.193000;2016-02-23T00:33:02.253000;ace9c63f-66fd-4e83-8394-06e4d0639f08;438.09;0.011;SELL
2016-02-23T00:33:02.193000;2016-02-23T00:33:02.253000;608965c9-ecc2-4af9-a225-8dc35163b504;438.08;0.011;SELL
2016-02-23T00:33:02.193000;2016-02-23T00:33:02.267000;b5e87235-40d0-49f2-a7b6-9c74f4df7bb6;438.08;0.076;SELL
2016-02-23T00:33:02.193000;2016-02-23T00:33:02.267000;7746af33-a5e7-4c95-8955-e9ef901bdc0c;438.07;0.01;SELL
2016-02-23T00:33:02.193000;2016-02-23T00:33:02.267000;63f75c15-9087-4b7c-942e-bbd305819e7e;438.06;0.011;SELL
2016-02-23T00:33:02.193000;2016-02-23T00:33:02.267000;2aafb3bf-169f-4ff5-b9e1-68ae25012448;438.05;0.011;SELL
2016-02-23T00:33:02.197000;2016-02-23T00:33:02.267000;acd3a88d-866e-49dd-b9fa-9cd9642f35ba;438.04;0.011;SELL
2016-02-23T00:33:02.197000;2016-02-23T00:33:02.267000;29654e7d-da90-4860-8bda-cf37078e2545;438.03;0.01;SELL
2016-02-23T00:33:02.197000;2016-02-23T00:33:02.267000;e7ef3173-9f8a-4489-ac69-717f5c89e92c;438.03;0.27;SELL
2016-02-23T00:33:02.197000;2016-02-23T00:33:02.283000;46ad5517-389e-44db-914c-87d34e5592a3;438.03;0.115;SELL
2016-02-23T00:33:02.197000;2016-02-23T00:33:02.283000;f83eab0b-d534-4b45-b0fb-7f5e1fc3cda8;438.02;0.01;SELL
2016-02-23T00:33:02.197000;2016-02-23T00:33:02.283000;3b2957bb-84d2-4b23-a968-ab53f8bf252a;438.02;0.01;SELL
2016-02-23T00:33:02.197000;2016-02-23T00:33:02.283000;11f07af2-f7d0-4e1a-8d70-cc79ceb1a202;438.01;0.01;SELL
2016-02-23T00:33:02.197000;2016-02-23T00:33:02.283000;e74e58b3-db04-44e7-87c8-e8a06ff755db;438.0;0.01;SELL
2016-02-23T00:33:02.197000;2016-02-23T00:33:02.283000;764119c3-9000-4f1f-8dac-4e28ee1171b4;438.0;0.01;SELL
2016-02-23T00:33:02.197000;2016-02-23T00:33:02.283000;e44275b2-49d6-42b5-91cb-19bdd25cc7a5;438.0;0.102;SELL
2016-02-23T00:33:02.197000;2016-02-23T00:33:02.283000;c07aaa66-4b3e-4baf-aca3-7b1a13cce9d1;437.99;0.12;SELL
2016-02-23T00:33:02.197000;2016-02-23T00:33:02.283000;fa7cd935-c566-4316-b589-aa0c73bc28b6;437.98;0.05;SELL
2016-02-23T00:33:02.197000;2016-02-23T00:33:02.283000;12e7f72b-99ec-45ee-99a6-c24eb99f96d9;437.98;0.01;SELL
2016-02-23T00:33:02.197000;2016-02-23T00:33:02.283000;685c2dbd-8f8a-4812-b51a-80c80eaa6d4d;437.97;0.01;SELL
2016-02-23T00:33:02.197000;2016-02-23T00:33:02.283000;8e65a900-c170-4598-a9ed-b485d3ad13ad;437.96;0.01;SELL
2016-02-23T00:33:02.197000;2016-02-23T00:33:02.283000;e4a9d99d-4f28-4fcc-bf7f-199ccbc9db4a;437.95;0.115;SELL
2016-02-23T00:33:02.197000;2016-02-23T00:33:02.283000;aef74121-d112-4994-b8d5-f63aff16c220;437.95;0.127;SELL
2016-02-23T00:33:02.197000;2016-02-23T00:33:02.283000;8d9924d3-0e67-4f51-a395-a362efc30f13;437.95;0.4001;SELL
2016-02-23T00:33:02.197000;2016-02-23T00:33:02.283000;8be58efd-4e8d-47a3-bb6b-288728540d56;437.92;0.126;SELL
2016-02-23T00:33:02.197000;2016-02-23T00:33:02.283000;a34bc8ad-ca26-4559-ab4f-1c2b0a9014a5;437.91;0.01;SELL
2016-02-23T00:33:02.197000;2016-02-23T00:33:02.283000;da3bb44e-7a39-4320-9b90-496fedc581e8;437.91;0.01;SELL
2016-02-23T00:33:02.197000;2016-02-23T00:33:02.317000;94849fe0-9433-448f-9d29-b3d1fa2de62b;437.91;1.0;SELL
2016-02-23T00:33:02.197000;2016-02-23T00:33:02.317000;cf93465b-25b4-4979-ad6d-72b17ac84b5b;437.88;0.96;SELL
2016-02-23T00:33:02.200000;2016-02-23T00:33:02.317000;1ec1d2e5-225d-4e19-91f3-50215deefce1;437.87;0.087;SELL
2016-02-23T00:33:02.200000;2016-02-23T00:33:02.317000;4201cba4-33b6-432e-96fa-31a4d476af63;437.84;1.34949;SELL
2016-02-23T00:33:31.697000;2016-02-23T00:33:31.707000;2ff568cf-9f19-4927-bff2-b032a4e54758;438.01;0.01;BUY
2016-02-23T00:33:31.697000;2016-02-23T00:33:31.707000;335f3e2e-b8cb-4caa-810a-8251ef358be3;438.01;0.35;BUY
2016-02-23T00:33:31.697000;2016-02-23T00:33:31.737000;bdc9f4ce-b7f1-4c27-ad19-9eb3b050f754;438.02;0.01;BUY
2016-02-23T00:33:31.697000;2016-02-23T00:33:31.737000;f683431e-d1e3-4aad-9413-3163eddd45db;438.02;0.01;BUY
2016-02-23T00:33:31.697000;2016-02-23T00:33:31.753000;368bd2cb-11e2-4c33-8dbd-67662377ee65;438.03;0.01;BUY
2016-02-23T00:33:31.697000;2016-02-23T00:33:31.753000;ff77b271-3b71-453d-a96d-266e8a7342c6;438.04;0.02124488;BUY
2016-02-23T00:33:31.697000;2016-02-23T00:33:31.753000;287f86b4-3132-4d9e-9477-ff01e3de9e5f;438.05;0.00609512;BUY
2016-02-23T00:34:01.870000;2016-02-23T00:34:01.893000;d65d2b91-5042-4452-ac6d-5242bd7767ab;438.03;0.01;BUY
2016-02-23T00:34:01.870000;2016-02-23T00:34:01.893000;2807c305-9615-453c-8d76-3d949111cc5d;438.04;0.01;BUY
2016-02-23T00:34:01.870000;2016-02-23T00:34:01.893000;a8e8c2b7-61ed-4119-911e-5be0f136b94b;438.05;0.02826075;BUY
2016-02-23T00:34:01.870000;2016-02-23T00:34:01.893000;834ae7f5-52af-4ba2-981d-df3c67782242;438.06;0.01;BUY
2016-02-23T00:34:01.870000;2016-02-23T00:34:01.893000;fc734ee0-39bf-4d89-8d42-a3eed2cc671b;438.07;0.01;BUY
2016-02-23T00:34:01.870000;2016-02-23T00:34:01.910000;35597174-39c7-4bf0-b499-8c31ff8bcc3a;438.08;0.03939925;BUY
2016-02-23T00:34:37.440000;2016-02-23T00:34:37.490000;17474d8c-de47-4919-b70c-85ebd5ae4912;438.06;0.01;BUY
2016-02-23T00:34:37.443000;2016-02-23T00:34:37.490000;02e5d355-a83d-4d00-8a14-115175a6994d;438.06;3.993;BUY
2016-02-23T00:34:37.443000;2016-02-23T00:34:37.507000;4936115f-cc7d-4c3e-87ef-de6bdc55719c;438.06;2.78647;BUY
2016-02-23T00:35:10.077000;2016-02-23T00:35:10.133000;558320e9-ab66-4aba-9042-1fc2588cd9a8;438.05;0.01;SELL
2016-02-23T00:35:31.917000;2016-02-23T00:35:31.960000;f590aa84-8480-4bce-9b81-e4fcf459aaae;438.04;0.01;SELL
2016-02-23T00:35:31.917000;2016-02-23T00:35:31.960000;1d11b815-000b-4e72-900e-d0cdc6d3e7f9;438.03;0.01;SELL
2016-02-23T00:35:31.917000;2016-02-23T00:35:31.977000;650c015f-c887-4668-aad6-a34e9ab4b499;438.02;0.01;SELL
2016-02-23T00:35:31.917000;2016-02-23T00:35:31.977000;2832ab69-dcdf-41c6-9abb-b91bc969bf70;438.01;0.01;SELL
2016-02-23T00:35:31.917000;2016-02-23T00:35:31.977000;f8432cdd-b49a-4981-9229-d857c3ec332e;438.0;0.003;SELL
2016-02-23T00:35:31.943000;2016-02-23T00:35:31.990000;c2d8ca1c-c069-424a-8634-1939d856c354;438.0;0.007;SELL
2016-02-23T00:35:31.943000;2016-02-23T00:35:32.023000;f554d9df-d0e7-42b4-9419-4d05db265e50;437.99;0.01;SELL
2016-02-23T00:35:31.947000;2016-02-23T00:35:32.023000;50805b15-0185-4409-a475-a5425ff8c69a;437.99;0.01;SELL
2016-02-23T00:35:31.947000;2016-02-23T00:35:32.023000;61eeb2d0-302e-4fae-9fb1-03d85488a9c5;437.98;0.01;SELL
2016-02-23T00:35:31.947000;2016-02-23T00:35:32.023000;844999a6-b4bd-498b-8ea7-f6ee1601cb5f;437.98;0.01;SELL
2016-02-23T00:35:31.947000;2016-02-23T00:35:32.023000;8aeecf30-1233-4f1a-b408-bfef1b743da3;437.98;0.15;SELL
2016-02-23T00:35:31.947000;2016-02-23T00:35:32.023000;f03c17fd-0d19-438b-94ea-1f1fd8cd2a32;437.97;0.01;SELL
2016-02-23T00:35:31.947000;2016-02-23T00:35:32.023000;9360b949-5c9f-4f1f-91d5-cc0d439000e4;437.96;0.01;SELL
2016-02-23T00:35:31.947000;2016-02-23T00:35:32.053000;d64371b3-4a54-48b5-b4c0-872eae46a57d;437.96;0.01;SELL
2016-02-23T00:35:31.947000;2016-02-23T00:35:32.070000;0c1a0f0f-1627-496d-acb0-330d09d4bc37;437.96;0.07938748;SELL
2016-02-23T00:35:31.953000;2016-02-23T00:35:32.070000;2e145335-21b2-454a-bc55-b10ace42fd15;437.96;0.04961252;SELL
2016-02-23T00:35:31.953000;2016-02-23T00:35:32.070000;030d5b8e-c1e3-4eb9-b677-d35b1f1cfa2a;437.95;0.01;SELL
2016-02-23T00:35:31.953000;2016-02-23T00:35:32.070000;8334065c-9101-4808-97e2-01d8f8e1088d;437.95;0.01;SELL
2016-02-23T00:35:31.953000;2016-02-23T00:35:32.070000;9e4e7257-a0cd-4445-bd7d-c8f09c0fb9bd;437.95;0.01;SELL
2016-02-23T00:35:31.957000;2016-02-23T00:35:32.070000;a43bbd72-9ed2-44d7-8a39-2b58d33eed5d;437.94;0.01;SELL
2016-02-23T00:35:31.957000;2016-02-23T00:35:32.070000;7c0d648b-c12e-48e4-b0fa-89dfa09837a1;437.93;0.068284;SELL
2016-02-23T00:35:31.957000;2016-02-23T00:35:32.070000;2880e710-6ea1-4a27-b472-9ec397880da7;437.92;0.0650532;SELL
2016-02-23T00:35:31.957000;2016-02-23T00:35:32.070000;61406cc2-20a5-4b9d-a2ff-6f3013c587c9;437.91;0.129;SELL
2016-02-23T00:35:31.957000;2016-02-23T00:35:32.070000;f2bf6c80-ca6e-4191-938f-ff6de61dfa8e;437.88;0.01;SELL
2016-02-23T00:35:31.960000;2016-02-23T00:35:32.070000;7f7cd0ed-f563-413d-bd22-cab6b294cf11;437.86;0.07475028;SELL
2016-02-23T00:37:02.297000;2016-02-23T00:37:02.350000;c6cdd30c-3968-4c86-b99f-d2e40d226cba;437.91;0.01;BUY
2016-02-23T00:40:57.923000;2016-02-23T00:40:57.960000;778b095c-533a-4814-9623-2fcc7278d695;437.92;0.01;BUY
2016-02-23T00:40:57.923000;2016-02-23T00:40:57.960000;911cbe86-1b6c-4e11-a43f-d82a8c88bf35;437.93;0.0013891;BUY
2016-02-23T00:42:02.407000;2016-02-23T00:42:02.430000;0d5c3fa6-558a-4fb9-81e9-fb1ad62988cb;437.93;0.0086109;BUY
2016-02-23T00:42:02.407000;2016-02-23T00:42:02.443000;e8c17c5b-d4b4-4715-bcaf-941f341f9460;437.94;0.01;BUY
2016-02-23T00:42:02.407000;2016-02-23T00:42:02.443000;2aad3eae-91ad-49f1-9019-5e93a10d716d;437.95;0.02;BUY
2016-02-23T00:42:02.407000;2016-02-23T00:42:02.443000;0aba09fd-a797-46f8-892e-0ba9b9e44090;437.96;0.025154;BUY
2016-02-23T00:42:02.407000;2016-02-23T00:42:02.460000;e88a0fbc-3722-4bbe-a6dd-0c50860f45fb;437.97;0.02519307;BUY
2016-02-23T00:42:02.407000;2016-02-23T00:42:02.460000;4627513d-70a1-4e89-b26f-f6103512668e;437.97;0.071;BUY
2016-02-23T00:42:02.407000;2016-02-23T00:42:02.460000;b64a4f4f-92a1-4084-a7f7-a2df570b7622;437.98;0.0192017;BUY
2016-02-23T00:42:02.407000;2016-02-23T00:42:02.460000;7b369fff-9b22-4930-8ddd-e46f5ccb5920;437.99;0.09;BUY
2016-02-23T00:42:02.407000;2016-02-23T00:42:02.460000;3a671d42-d76f-4231-925c-294f4c4a6b2e;438.0;0.01;BUY
2016-02-23T00:42:02.407000;2016-02-23T00:42:02.460000;b915e7ac-62db-4918-91c6-678ff3f27423;438.0;0.57;BUY
2016-02-23T00:42:02.407000;2016-02-23T00:42:02.460000;7e36a32c-89ee-4e92-815e-8926781d6407;438.0;0.115;BUY
2016-02-23T00:42:02.407000;2016-02-23T00:42:02.460000;b918e75a-bdd9-46d9-81a5-71f158a4e053;438.01;0.0211243;BUY
2016-02-23T00:42:02.407000;2016-02-23T00:42:02.460000;f8f063cd-f3af-48de-835d-06e75013d8cd;438.01;0.088;BUY
2016-02-23T00:42:02.407000;2016-02-23T00:42:02.460000;8c29fc5c-1d38-492f-a8cd-06ea458e0b84;438.02;0.106;BUY
2016-02-23T00:42:02.407000;2016-02-23T00:42:02.460000;bd8fd699-fbc6-485e-b512-bef40f7185cd;438.03;0.0258594;BUY
2016-02-23T00:42:02.407000;2016-02-23T00:42:02.460000;73a91ea6-622f-4dff-b2c9-daf0a3763427;438.03;6.7543;BUY
2016-02-23T00:42:02.407000;2016-02-23T00:42:02.523000;5091bcad-3126-40e5-a41c-5e08c3672efe;438.04;0.01;BUY
2016-02-23T00:42:02.407000;2016-02-23T00:42:02.523000;37bcdd8f-e9d6-4ece-9503-9a7e7c5c8b30;438.05;0.5;BUY
2016-02-23T00:42:02.407000;2016-02-23T00:42:02.523000;6b6cae2c-c8fb-4380-b388-6206c89b21a3;438.06;0.01;BUY
2016-02-23T00:42:02.407000;2016-02-23T00:42:02.523000;879b9621-6048-45a6-a292-98f367ef1b21;438.07;0.092;BUY
2016-02-23T00:42:02.407000;2016-02-23T00:42:02.523000;96bc0725-a37c-4f90-9f89-ef8af2057546;438.08;0.31539663;BUY
2016-02-23T00:42:33.773000;2016-02-23T00:42:33.803000;ee3aa0f3-d53c-44c3-b8b1-b47a2a65f13f;437.96;0.01;SELL
2016-02-23T00:42:33.773000;2016-02-23T00:42:33.803000;45247beb-ebcf-452f-9e4f-f5d60a39ea39;437.95;0.01;SELL
2016-02-23T00:42:33.773000;2016-02-23T00:42:33.820000;bacabf82-80f7-496a-aa79-66bc5fc2edef;437.94;0.01;SELL
2016-02-23T00:42:33.773000;2016-02-23T00:42:33.820000;ad430630-4138-4aec-bf90-2f5033158996;437.93;0.01;SELL
2016-02-23T00:42:33.773000;2016-02-23T00:42:33.837000;6bd24e5c-a3a1-42b1-8f35-3bd6bc88ac15;437.92;0.01;SELL
2016-02-23T00:42:33.773000;2016-02-23T00:42:33.837000;d9862593-a3ae-43d0-88a7-bab6fe1e8bfd;437.92;0.092;SELL
2016-02-23T00:42:33.773000;2016-02-23T00:42:33.850000;dff33375-8750-4759-940a-b337148605dc;437.91;0.01;SELL
2016-02-23T00:42:33.773000;2016-02-23T00:42:33.850000;93412231-3171-4fe1-b025-a521a00d7dbe;437.91;0.113;SELL
2016-02-23T00:42:33.773000;2016-02-23T00:42:33.850000;bf3dd083-9b0d-4af0-99bf-31178a2226fd;437.9;0.01;SELL
2016-02-23T00:42:33.773000;2016-02-23T00:42:33.850000;c01b1aec-0d08-4daf-aa71-2e3e8cd4b867;437.89;0.01;SELL
2016-02-23T00:42:33.773000;2016-02-23T00:42:33.850000;4b779cf6-8379-4aab-a162-ad8a40f1c71b;437.89;0.102;SELL
2016-02-23T00:42:33.773000;2016-02-23T00:42:33.850000;af52d78e-e180-4631-8b18-82e676e18a4f;437.88;0.01;SELL
2016-02-23T00:42:33.773000;2016-02-23T00:42:33.850000;029fc9d4-1cf6-408d-adba-4c910e617ab1;437.88;0.01;SELL
2016-02-23T00:42:33.773000;2016-02-23T00:42:33.850000;f73f77e8-e9a3-4f74-af79-2923a3c677e4;437.87;0.01;SELL
2016-02-23T00:42:33.773000;2016-02-23T00:42:33.850000;01fa6929-e603-4604-903c-959f74c13059;437.86;0.02526793;SELL
2016-02-23T00:42:33.773000;2016-02-23T00:42:33.850000;16c629af-be6d-4396-a6eb-a1f7e32183ec;437.86;0.01;SELL
2016-02-23T00:42:33.773000;2016-02-23T00:42:33.850000;ae710c21-229e-478a-803b-be1782b0acb4;437.85;0.02890189;SELL
2016-02-23T00:42:33.777000;2016-02-23T00:42:33.850000;eb005aec-da70-4a95-ae6a-74fec72c8d6b;437.85;0.01;SELL
2016-02-23T00:42:33.777000;2016-02-23T00:42:33.850000;21e61f32-0271-4124-9962-c812fed6d133;437.84;0.01;SELL
2016-02-23T00:42:33.777000;2016-02-23T00:42:33.867000;a338a7e1-dfd1-4f84-9a61-a3336d4ed06b;437.84;0.128;SELL
2016-02-23T00:42:33.777000;2016-02-23T00:42:33.867000;cd1a75e0-c361-4be3-94f7-66d6441c5ff1;437.84;0.01;SELL
2016-02-23T00:42:33.777000;2016-02-23T00:42:33.867000;0f0ba502-c6d0-4355-8510-275f06d83c2e;437.83;0.01;SELL
2016-02-23T00:42:33.777000;2016-02-23T00:42:33.897000;49aec730-b819-40f1-a807-e23c40874ae5;437.79;0.07981018;SELL
2016-02-23T00:43:22.837000;2016-02-23T00:43:22.867000;4727f9fd-94c7-4d2f-94e8-24219cd1aa1f;437.8;0.01;BUY
2016-02-23T00:43:22.837000;2016-02-23T00:43:22.883000;8d701cbf-c69d-4d19-bf55-6d390db09ab6;437.81;0.01;BUY
