time_exchange;time_coinpai;guid;price;base_amount;taker_side
2016-03-11T00:00:06.000000;2016-03-11T00:00:06.000000;8c42e038-c8df-44d9-aa03-c4a098d4201a;416.66;1.66018042;UNKNOWN
2016-03-11T00:00:06.000000;2016-03-11T00:00:06.000000;ee65f892-613e-4f81-8d94-7f628a94b2e4;416.81;8.194025;UNKNOWN
2016-03-11T00:00:06.000000;2016-03-11T00:00:06.000000;ace56a2f-1da0-4762-8966-8e5e8060bd5b;416.69;13.1872;UNKNOWN
2016-03-11T00:00:06.000000;2016-03-11T00:00:06.000000;1c546f1c-42f3-46d3-b612-a8fdd47daecb;416.64;5.9517;UNKNOWN
2016-03-11T00:00:06.000000;2016-03-11T00:00:06.000000;4bbf8c85-c11d-421d-a8dd-897ac7f18651;416.79;5.0;UNKNOWN
2016-03-11T00:00:59.000000;2016-03-11T00:00:59.000000;f705f5e6-576e-4956-94f8-693d73c695ca;416.82;0.064979;UNKNOWN
2016-03-11T00:00:59.000000;2016-03-11T00:00:59.000000;8ac2e67d-1bab-4699-9c74-225b6782c12b;417.05;5.0;UNKNOWN
2016-03-11T00:00:59.000000;2016-03-11T00:00:59.000000;9b539f4e-8349-492b-a6e1-c53256a5dcce;417.2;0.01;UNKNOWN
2016-03-11T00:00:59.000000;2016-03-11T00:00:59.000000;6c89ecb5-ac2e-402a-aefe-b5e137bfe861;417.2;5.94030396;UNKNOWN
2016-03-11T00:00:59.000000;2016-03-11T00:00:59.000000;48d99959-8d20-4f92-a249-a6a6c69db0b3;417.17;11.24528813;UNKNOWN
2016-03-11T00:00:59.000000;2016-03-11T00:00:59.000000;5b3fb581-b7b2-435a-bae9-966e1a96aa48;417.05;7.938;UNKNOWN
2016-03-11T00:00:59.000000;2016-03-11T00:00:59.000000;0d0708ec-c400-4c91-91d9-a1246ec46798;417.04;5.9325;UNKNOWN
2016-03-11T00:01:08.000000;2016-03-11T00:01:08.000000;08db17ea-3896-4ef1-9cb0-3666e8affd6e;416.78;0.1081;UNKNOWN
2016-03-11T00:04:08.000000;2016-03-11T00:04:08.000000;dbef09c2-1086-468d-a14a-46b4a9081c3f;416.66;0.13556903;UNKNOWN
2016-03-11T00:05:19.000000;2016-03-11T00:05:19.000000;d4126b56-2df1-445e-8a72-44959152ba68;416.56;0.89556903;UNKNOWN
2016-03-11T00:05:19.000000;2016-03-11T00:05:19.000000;1f1e28e9-f30a-49b3-bd9b-2519cc483e42;416.66;0.10443097;UNKNOWN
2016-03-11T00:08:08.000000;2016-03-11T00:08:08.000000;ac9b6d14-b073-43d0-b2ee-d3e012fff5c3;416.7;0.02402498;UNKNOWN
2016-03-11T00:08:09.000000;2016-03-11T00:08:09.000000;a0ecb8c0-8d07-4b33-b5da-dbeacd4396fd;416.7;0.47574284;UNKNOWN
2016-03-11T00:09:36.000000;2016-03-11T00:09:36.000000;3e03295a-e6f6-4443-9319-36553d0027fc;417.03;0.0486;UNKNOWN
2016-03-11T00:11:04.000000;2016-03-11T00:11:04.000000;d6b60f41-425a-486a-8c98-0b10170f3709;416.65;0.05;UNKNOWN
2016-03-11T00:11:27.000000;2016-03-11T00:11:27.000000;3f68049f-4069-4ce6-a8fd-38acdc4611c5;416.64;0.125;UNKNOWN
2016-03-11T00:11:48.000000;2016-03-11T00:11:48.000000;89eff022-8be7-49fa-9931-108a3724eb71;416.64;0.02882997;UNKNOWN
2016-03-11T00:11:49.000000;2016-03-11T00:11:49.000000;f00b1574-060d-496f-9625-f0690f103952;416.64;0.03363497;UNKNOWN
2016-03-11T00:13:08.000000;2016-03-11T00:13:08.000000;448b9985-a356-45b7-9288-cefd5e7d7c4e;416.68;0.08088112;UNKNOWN
2016-03-11T00:13:57.000000;2016-03-11T00:13:57.000000;6dc3fe20-aff8-42dd-97ba-e2fe77650058;416.66;0.03607581;UNKNOWN
2016-03-11T00:15:09.000000;2016-03-11T00:15:09.000000;604530b3-ac00-4416-8f0c-61180a72b373;416.66;0.223482;UNKNOWN
2016-03-11T00:15:28.000000;2016-03-11T00:15:28.000000;a77647d3-af9c-4c63-a8fd-531285bed816;416.66;0.02044219;UNKNOWN
2016-03-11T00:15:28.000000;2016-03-11T00:15:28.000000;72d04c7d-73d5-4ec0-92ad-dbcb6cc4d85e;416.56;0.24649938;UNKNOWN
2016-03-11T00:16:44.000000;2016-03-11T00:16:44.000000;b53f57dd-18d9-4f24-97a1-20e32e2e33f9;416.56;0.020217;UNKNOWN
2016-03-11T00:16:48.000000;2016-03-11T00:16:48.000000;739c9b88-1a7c-4499-aeb0-46edafeccf25;416.56;1.44146464;UNKNOWN
2016-03-11T00:17:08.000000;2016-03-11T00:17:08.000000;183cc431-0e25-42fb-8421-64a83545af23;416.5;0.0551;UNKNOWN
2016-03-11T00:18:26.000000;2016-03-11T00:18:26.000000;e6a9e825-dd95-4a9e-9c7c-913b3f1835fd;416.54;0.089724;UNKNOWN
2016-03-11T00:18:30.000000;2016-03-11T00:18:30.000000;01cb76ee-0c36-416a-ad8e-63de194e8b83;416.54;0.155325;UNKNOWN
2016-03-11T00:18:30.000000;2016-03-11T00:18:30.000000;274d3fa3-e094-4b81-bf75-afdf46873cc9;416.54;5.695451;UNKNOWN
2016-03-11T00:18:47.000000;2016-03-11T00:18:47.000000;79eba71a-a125-4ee1-be42-381a2454c620;416.51;4.19663972;UNKNOWN
2016-03-11T00:18:55.000000;2016-03-11T00:18:55.000000;e6fa085a-6f53-4424-be65-789d0a86e5db;416.51;6.0;UNKNOWN
2016-03-11T00:18:55.000000;2016-03-11T00:18:55.000000;dd6ee27f-b215-4e30-9eb1-e7fc3dfa2f2f;416.52;3.0;UNKNOWN
2016-03-11T00:18:55.000000;2016-03-11T00:18:55.000000;d63775b8-663d-41df-a315-db3bccf7d46e;416.5;13.5423;UNKNOWN
2016-03-11T00:18:55.000000;2016-03-11T00:18:55.000000;ec11083b-e5dd-4337-869c-99a40047a9b1;416.52;0.5;UNKNOWN
2016-03-11T00:18:55.000000;2016-03-11T00:18:55.000000;c82dd7c4-0c74-47bf-b5fe-d98d2f5812bf;416.51;5.9577;UNKNOWN
2016-03-11T00:19:18.000000;2016-03-11T00:19:18.000000;71825f88-b102-4e8f-a95d-32ccd9634870;416.63;0.08;UNKNOWN
2016-03-11T00:19:18.000000;2016-03-11T00:19:18.000000;107dc680-5a4c-4496-b091-816d7c27f7f9;416.66;0.27;UNKNOWN
2016-03-11T00:19:28.000000;2016-03-11T00:19:28.000000;17b7dffc-8eb3-4cf2-a7e8-651f18acbc22;416.51;0.12015663;UNKNOWN
2016-03-11T00:20:04.000000;2016-03-11T00:20:04.000000;4fc45e40-a8c5-4a41-915c-9396c8b4b27e;416.51;0.075306;UNKNOWN
2016-03-11T00:20:21.000000;2016-03-11T00:20:21.000000;8abaa500-45fa-4e60-beba-d05c0266986c;416.51;0.01266;UNKNOWN
2016-03-11T00:20:50.000000;2016-03-11T00:20:50.000000;9ee8097d-bc4e-48a5-aaef-1c8f8972b77c;416.51;5.9477;UNKNOWN
2016-03-11T00:20:50.000000;2016-03-11T00:20:50.000000;c00e277f-c3d3-4d94-b6fe-1b46b19d794d;416.5;16.4026;UNKNOWN
2016-03-11T00:20:52.000000;2016-03-11T00:20:52.000000;e71b8fde-df06-404e-a8a3-6a458df27fe2;416.5;0.11303634;UNKNOWN
2016-03-11T00:20:56.000000;2016-03-11T00:20:56.000000;b331b50a-1715-4a78-b920-1340de0cdc10;416.5;0.10905958;UNKNOWN
2016-03-11T00:21:39.000000;2016-03-11T00:21:39.000000;482d3ff0-1541-4fa9-9863-663ab8ea17fd;416.15;0.019314;UNKNOWN
2016-03-11T00:21:44.000000;2016-03-11T00:21:44.000000;3b8e3fcd-9353-4207-a21e-664d6724c4da;416.15;0.059731;UNKNOWN
2016-03-11T00:22:18.000000;2016-03-11T00:22:18.000000;a80615cc-e820-4286-a890-4ddad932898e;416.47;0.35;UNKNOWN
2016-03-11T00:22:34.000000;2016-03-11T00:22:34.000000;7a191a8b-4068-41d9-95e1-626410c8dcc8;416.28;0.137745;UNKNOWN
2016-03-11T00:22:58.000000;2016-03-11T00:22:58.000000;b481ee60-c6cc-461f-b5b0-a8ddbc3c4e5d;416.28;0.04806611;UNKNOWN
2016-03-11T00:23:03.000000;2016-03-11T00:23:03.000000;ece3b832-fa7f-44bb-be24-117c8d640f75;416.28;0.15157566;UNKNOWN
2016-03-11T00:23:38.000000;2016-03-11T00:23:38.000000;4059ceb4-999f-492f-9cc9-cefcb5dba31b;416.33;0.26196664;UNKNOWN
2016-03-11T00:23:39.000000;2016-03-11T00:23:39.000000;de0f215c-9d09-4449-99f9-81489e5468a2;416.33;0.12029814;UNKNOWN
2016-03-11T00:23:43.000000;2016-03-11T00:23:43.000000;091e5aff-bd7d-4b32-8969-b187e8fa81e6;416.16;0.15;UNKNOWN
2016-03-11T00:23:43.000000;2016-03-11T00:23:43.000000;74cdeeca-9ff5-4a29-876b-2e52f788eaa9;416.33;3.98739206;UNKNOWN
2016-03-11T00:23:58.000000;2016-03-11T00:23:58.000000;67d980e1-8132-46da-aa1e-83ed47c34f8a;416.16;1.44198359;UNKNOWN
2016-03-11T00:25:12.000000;2016-03-11T00:25:12.000000;c9260b4c-cf4f-4e66-8dcc-4c54ca71a123;416.4;0.5;UNKNOWN
2016-03-11T00:25:28.000000;2016-03-11T00:25:28.000000;4df9ba33-f2f6-4252-a8d8-2e3d5cf9ee4f;416.4;0.1215542;UNKNOWN
2016-03-11T00:25:54.000000;2016-03-11T00:25:54.000000;77d8dcbb-6395-47ad-aa8d-be8dd32a52b3;416.21;0.1;UNKNOWN
2016-03-11T00:28:18.000000;2016-03-11T00:28:18.000000;fa01a359-dc4e-4823-9097-172d42d6bf9b;416.2;0.02405327;UNKNOWN
2016-03-11T00:30:12.000000;2016-03-11T00:30:12.000000;0111afed-edbb-4778-8eaf-80197774457f;416.2;0.5;UNKNOWN
2016-03-11T00:31:29.000000;2016-03-11T00:31:29.000000;7c1d59a7-31ec-4dde-8259-9352a4c1f627;416.16;0.20996698;UNKNOWN
2016-03-11T00:32:05.000000;2016-03-11T00:32:05.000000;aa0f48b9-a860-4435-8c33-b11c181d5371;416.05;0.11;UNKNOWN
2016-03-11T00:32:09.000000;2016-03-11T00:32:09.000000;1be525e6-a172-426f-bf95-5ebcc7f7bad4;416.1;0.505;UNKNOWN
2016-03-11T00:32:28.000000;2016-03-11T00:32:28.000000;fedccda5-4c07-4700-b05b-9347f781aa93;416.05;2.40532751;UNKNOWN
2016-03-11T00:33:28.000000;2016-03-11T00:33:28.000000;094f1ec7-4af7-43b7-a761-d032f22c0946;416.05;0.48101922;UNKNOWN
2016-03-11T00:34:06.000000;2016-03-11T00:34:06.000000;42a4483e-4e65-41b9-b363-38dd2ff2ee97;416.02;4.7509888;UNKNOWN
2016-03-11T00:35:20.000000;2016-03-11T00:35:20.000000;7c4a1c14-8f77-4d3f-a18e-e2bef4abdb29;415.96;5.0;UNKNOWN
2016-03-11T00:38:14.000000;2016-03-11T00:38:14.000000;31b5e21e-312d-449a-94ac-a841063e8085;415.9;3.0;UNKNOWN
2016-03-11T00:38:55.000000;2016-03-11T00:38:55.000000;cde86184-c68f-4093-b3f0-dbf6a1a39763;415.78;1.0;UNKNOWN
2016-03-11T00:38:55.000000;2016-03-11T00:38:55.000000;53c6d7c2-b10e-45e0-ae92-710668e25ff5;415.77;11.24;UNKNOWN
2016-03-11T00:38:58.000000;2016-03-11T00:38:58.000000;08ad5765-4f4c-4d50-a7a6-fc200b96d6d0;415.77;0.09868006;UNKNOWN
2016-03-11T00:39:09.000000;2016-03-11T00:39:09.000000;b0ced5ef-3ebc-4318-a12b-9ec3147edf77;415.77;0.0595068;UNKNOWN
2016-03-11T00:39:58.000000;2016-03-11T00:39:58.000000;6bee5415-9e39-443f-858f-3e888a70469f;415.77;0.0433365;UNKNOWN
2016-03-11T00:40:36.000000;2016-03-11T00:40:36.000000;5320e53d-be3e-4d7b-8ac9-431303d6c5a7;415.77;6.50847664;UNKNOWN
2016-03-11T00:40:36.000000;2016-03-11T00:40:36.000000;70c5d2e7-42e1-4b03-bbb3-1a14f6ef4e49;415.77;0.12595185;UNKNOWN
2016-03-11T00:40:36.000000;2016-03-11T00:40:36.000000;4ed339ae-251a-4282-bfe2-53b2d6547993;415.77;5.9285;UNKNOWN
2016-03-11T00:40:36.000000;2016-03-11T00:40:36.000000;90581452-8eeb-405c-b0e0-b6e9eb64e798;415.77;0.4633725;UNKNOWN
2016-03-11T00:40:36.000000;2016-03-11T00:40:36.000000;1e0efbd8-5f3c-4346-898c-fab7893c2084;415.77;0.04242311;UNKNOWN
2016-03-11T00:40:36.000000;2016-03-11T00:40:36.000000;47d5275c-06cc-4d33-a1e1-14d5951c4432;415.77;0.0881182;UNKNOWN
2016-03-11T00:40:36.000000;2016-03-11T00:40:36.000000;fdc80dd5-fa08-4541-a4dd-c269f92eeecd;415.77;0.40310944;UNKNOWN
2016-03-11T00:40:36.000000;2016-03-11T00:40:36.000000;377ef77c-988e-49d7-bf00-8c59dc9b5390;415.77;1.1411603;UNKNOWN
2016-03-11T00:40:36.000000;2016-03-11T00:40:36.000000;2ca6f1bf-4fd7-4bf6-92be-606f4b027dd5;415.77;0.0675512;UNKNOWN
2016-03-11T00:40:36.000000;2016-03-11T00:40:36.000000;0d36092f-45bf-4cc6-b67d-6d459183a1a7;415.77;0.24843032;UNKNOWN
2016-03-11T00:40:36.000000;2016-03-11T00:40:36.000000;af38546c-326b-47f0-8dbc-958d93a49ded;415.77;0.11112421;UNKNOWN
2016-03-11T00:40:36.000000;2016-03-11T00:40:36.000000;3ae9319f-30b0-45a8-b4a6-d5e7aa42d173;415.77;3.97736459;UNKNOWN
2016-03-11T00:40:36.000000;2016-03-11T00:40:36.000000;3ad3684f-7784-4bb7-8eba-b23bba54fb74;415.77;1.62564578;UNKNOWN
2016-03-11T00:40:36.000000;2016-03-11T00:40:36.000000;47b4af4a-e586-4823-ac48-a5ca306d6a3f;415.77;0.1211872;UNKNOWN
2016-03-11T00:40:36.000000;2016-03-11T00:40:36.000000;6f294893-2330-4344-9d45-139240d998f3;415.76;4.07027867;UNKNOWN
2016-03-11T00:40:36.000000;2016-03-11T00:40:36.000000;feaf9edd-cd50-4259-88b3-ef3f713f2a22;415.77;0.05377775;UNKNOWN
2016-03-11T00:40:36.000000;2016-03-11T00:40:36.000000;7c3e8398-d7e6-4a06-83f7-bb47f32ca093;415.77;0.02352824;UNKNOWN
2016-03-11T00:40:55.000000;2016-03-11T00:40:55.000000;77195ca7-4854-4c30-928b-fddc0b1fa669;415.74;1.635023;UNKNOWN
2016-03-11T00:41:08.000000;2016-03-11T00:41:08.000000;90542cc4-72a7-42fb-a65a-a6f826873846;415.7;0.65419672;UNKNOWN
2016-03-11T00:41:08.000000;2016-03-11T00:41:08.000000;d08d8301-ca35-476e-b907-bfe0af2924dd;415.74;0.06670328;UNKNOWN
2016-03-11T00:41:20.000000;2016-03-11T00:41:20.000000;abbdfee4-7969-4153-b566-a9e7d5d6a758;415.71;5.80207494;UNKNOWN
2016-03-11T00:42:16.000000;2016-03-11T00:42:16.000000;d81aef51-7c57-4861-b017-6bc3de72d1d2;415.75;1.19794423;UNKNOWN
2016-03-11T00:42:26.000000;2016-03-11T00:42:26.000000;ed82af90-3a87-43d8-b9be-07b112a571a0;415.75;1.19794423;UNKNOWN
2016-03-11T00:42:53.000000;2016-03-11T00:42:53.000000;4bc89731-3773-4dae-81c1-52cbb77519f9;415.91;1.997;UNKNOWN
2016-03-11T00:43:08.000000;2016-03-11T00:43:08.000000;da3becfa-ed1c-49eb-97e1-06276077ed47;415.75;0.13805907;UNKNOWN
2016-03-11T00:43:39.000000;2016-03-11T00:43:39.000000;41008da8-b6e3-420c-999c-373fda6af6a9;415.91;1.2019;UNKNOWN
2016-03-11T00:45:37.000000;2016-03-11T00:45:37.000000;d3ef18c6-6ea2-41c8-a0b9-942738bd281c;416.01;0.1;UNKNOWN
2016-03-11T00:45:52.000000;2016-03-11T00:45:52.000000;108981dd-3683-4570-b57b-7892ff16fb83;415.77;0.01439423;UNKNOWN
2016-03-11T00:45:54.000000;2016-03-11T00:45:54.000000;6eb8ab53-cbab-44c9-b2b8-45121d7c197d;415.77;0.0100036;UNKNOWN
2016-03-11T00:46:38.000000;2016-03-11T00:46:38.000000;2b29e924-0f65-49b6-80b1-812acb5d6dc2;415.77;0.1;UNKNOWN
2016-03-11T00:46:51.000000;2016-03-11T00:46:51.000000;948f257b-7d45-47e9-8114-4c05a1981502;415.77;0.029815;UNKNOWN
2016-03-11T00:46:59.000000;2016-03-11T00:46:59.000000;53f15538-1505-4ffd-bfc0-702137e2ffb6;415.74;12.4122;UNKNOWN
2016-03-11T00:46:59.000000;2016-03-11T00:46:59.000000;818c3805-ef38-4f47-9741-fafbfbb10a66;415.65;4.75482912;UNKNOWN
2016-03-11T00:46:59.000000;2016-03-11T00:46:59.000000;ab041d9b-c006-4447-8b15-77f50289edaa;415.7;14.8183;UNKNOWN
2016-03-11T00:46:59.000000;2016-03-11T00:46:59.000000;5abe6d57-ab13-4527-8b77-70a5e4e68cee;415.77;0.06013049;UNKNOWN
2016-03-11T00:46:59.000000;2016-03-11T00:46:59.000000;e623125b-39fc-4008-a0eb-0231d2ab3671;415.7;2.29580328;UNKNOWN
2016-03-11T00:46:59.000000;2016-03-11T00:46:59.000000;84b44898-6973-497f-bd33-d56a7e8414d6;415.64;5.61884896;UNKNOWN
2016-03-11T00:46:59.000000;2016-03-11T00:46:59.000000;38a7421f-f9e1-41ed-bffa-c98f161c8ef8;415.67;9.2287685;UNKNOWN
2016-03-11T00:46:59.000000;2016-03-11T00:46:59.000000;5a83fa83-423e-45eb-a7f7-0f2da8fed3af;415.77;0.09615267;UNKNOWN
2016-03-11T00:48:23.000000;2016-03-11T00:48:23.000000;612920e9-222e-4058-8e0e-28a6ba245741;415.6;0.01;UNKNOWN
2016-03-11T00:48:23.000000;2016-03-11T00:48:23.000000;c051184f-0405-40af-8a05-af994ac1352a;415.52;0.004119;UNKNOWN
2016-03-11T00:48:26.000000;2016-03-11T00:48:26.000000;83a029ad-8303-4165-bac9-d8a4006895f2;415.51;0.010507;UNKNOWN
2016-03-11T00:48:37.000000;2016-03-11T00:48:37.000000;8b198be1-bc78-4d98-9783-6951809ffd42;415.5;5.0;UNKNOWN
2016-03-11T00:48:37.000000;2016-03-11T00:48:37.000000;6527c878-746c-4af9-a4a2-ceffd00e5bda;415.5;2.0;UNKNOWN
2016-03-11T00:49:08.000000;2016-03-11T00:49:08.000000;f22fde92-4ab6-44b0-9837-cc4acf261b9c;415.5;0.02381519;UNKNOWN
2016-03-11T00:49:16.000000;2016-03-11T00:49:16.000000;0836f108-d3e8-4e6f-a959-c80f62f3fe82;415.5;1.4;UNKNOWN
2016-03-11T00:49:48.000000;2016-03-11T00:49:48.000000;89bd9183-5082-4a45-a5a2-dc6ad8c710ba;415.5;0.50592108;UNKNOWN
2016-03-11T00:49:49.000000;2016-03-11T00:49:49.000000;713c2d5a-c839-41eb-b8fb-eaa1869823de;415.5;0.03411154;UNKNOWN
2016-03-11T00:49:49.000000;2016-03-11T00:49:49.000000;066265ee-83d4-4a8e-afed-c0887c8f498b;415.5;0.03613722;UNKNOWN
2016-03-11T00:50:14.000000;2016-03-11T00:50:14.000000;0d4a53b6-721b-41c4-bb2b-caf6b6723c8e;415.5;0.010793;UNKNOWN
2016-03-11T00:51:47.000000;2016-03-11T00:51:47.000000;7e982c86-4f7e-481e-9084-9f00b1cee814;415.51;0.010559;UNKNOWN
2016-03-11T00:53:26.000000;2016-03-11T00:53:26.000000;112c8c7d-56d8-42c6-839f-84acf47c5bf0;415.51;0.014189;UNKNOWN
2016-03-11T00:53:51.000000;2016-03-11T00:53:51.000000;dd659847-9812-4b74-a414-02e41333584a;415.52;25.0;UNKNOWN
2016-03-11T00:53:51.000000;2016-03-11T00:53:51.000000;7bf2d91a-b122-459e-92b5-0bab8109844b;415.5;22.47048533;UNKNOWN
2016-03-11T00:53:51.000000;2016-03-11T00:53:51.000000;f290aafd-5df1-48ad-b15d-c83b55b7c631;415.51;0.4;UNKNOWN
2016-03-11T00:53:51.000000;2016-03-11T00:53:51.000000;2c62a891-722a-4037-80e1-4e306efc7e13;415.51;0.075252;UNKNOWN
2016-03-11T00:53:51.000000;2016-03-11T00:53:51.000000;10167fbd-9f80-47ba-b523-1828be6d3bb6;415.51;0.05426267;UNKNOWN
2016-03-11T00:53:58.000000;2016-03-11T00:53:58.000000;b2145e95-9803-43e2-a5e3-0d92c007b8e5;416.0;5.0;UNKNOWN
2016-03-11T00:53:58.000000;2016-03-11T00:53:58.000000;f3324b52-b9ad-46fb-84d4-70d697fc2d35;415.67;5.9266;UNKNOWN
2016-03-11T00:53:58.000000;2016-03-11T00:53:58.000000;a1d36f1e-95aa-4216-87fb-41472f72baf1;415.99;10.0;UNKNOWN
2016-03-11T00:53:58.000000;2016-03-11T00:53:58.000000;607fc228-ab43-4285-9ac9-f49e7fdc8bf7;416.21;2.77148595;UNKNOWN
2016-03-11T00:53:58.000000;2016-03-11T00:53:58.000000;ab4a775e-1db2-481e-b43e-8a33b40f7ef9;415.65;0.5;UNKNOWN
2016-03-11T00:53:58.000000;2016-03-11T00:53:58.000000;38c76c2f-8d0c-49d1-9ef8-5a08411b1f86;416.14;12.8862;UNKNOWN
2016-03-11T00:53:58.000000;2016-03-11T00:53:58.000000;32fdb12e-b1f8-47b8-97f0-d5faadf02db2;415.98;6.0;UNKNOWN
2016-03-11T00:53:58.000000;2016-03-11T00:53:58.000000;fc5d80c6-f3c3-4f29-bceb-e5de89db72ac;416.39;13.2661;UNKNOWN
2016-03-11T00:53:58.000000;2016-03-11T00:53:58.000000;6b232700-864e-4735-9e8e-bf3da46625b9;415.66;3.0;UNKNOWN
2016-03-11T00:53:58.000000;2016-03-11T00:53:58.000000;6cd20a9c-5de1-4e7d-a8a9-ac9c05d4c670;416.25;4.76196145;UNKNOWN
2016-03-11T00:53:58.000000;2016-03-11T00:53:58.000000;ae6cfa5a-e0d1-43e2-941d-2ae4f61b936f;416.2;13.5064;UNKNOWN
2016-03-11T00:53:58.000000;2016-03-11T00:53:58.000000;f040a40e-cae2-49ce-b705-ed16223c1433;416.29;4.76196145;UNKNOWN
2016-03-11T00:53:58.000000;2016-03-11T00:53:58.000000;4c36dea8-e35d-46b8-8901-f2bb7254272a;416.08;12.0;UNKNOWN
2016-03-11T00:53:58.000000;2016-03-11T00:53:58.000000;b96b628b-607f-48c9-8054-03dfa62bcff0;416.28;12.9901;UNKNOWN
2016-03-11T00:53:59.000000;2016-03-11T00:53:59.000000;88cba0f4-f9c0-4b4a-8ad8-23da79eadf86;416.5;4.76196145;UNKNOWN
2016-03-11T00:54:05.000000;2016-03-11T00:54:05.000000;7e56010a-046a-4841-8164-1a546c0380d1;416.51;4.76196145;UNKNOWN
2016-03-11T00:54:06.000000;2016-03-11T00:54:06.000000;2f2c6781-f297-49c7-aa73-7402e7fed75b;416.5;4.76196145;UNKNOWN
2016-03-11T00:54:07.000000;2016-03-11T00:54:07.000000;482bb5f1-9b0e-4cb7-bfdb-6c8a2be94dc4;416.5;15.0;UNKNOWN
2016-03-11T00:54:15.000000;2016-03-11T00:54:15.000000;36e97fc6-ef83-42de-86c2-c57680030b8b;416.55;1.4;UNKNOWN
2016-03-11T00:54:27.000000;2016-03-11T00:54:27.000000;e227935b-88d2-46e4-853a-c11215a21554;416.5;14.9038;UNKNOWN
2016-03-11T00:54:28.000000;2016-03-11T00:54:28.000000;1ce0291e-9e5e-437f-903d-a9d8337c493c;416.5;0.71970523;UNKNOWN
2016-03-11T00:54:35.000000;2016-03-11T00:54:35.000000;1080a3ad-5647-4f90-8214-e756948181d3;416.5;14.6635;UNKNOWN
2016-03-11T00:54:46.000000;2016-03-11T00:54:46.000000;2ea6279e-25a5-40ac-8dd2-8fc9b9306ef6;416.5;14.6635;UNKNOWN
2016-03-11T00:55:13.000000;2016-03-11T00:55:13.000000;6b6705d8-78f8-4cd8-9c7f-11a1a940979d;416.5;14.6634;UNKNOWN
2016-03-11T00:55:24.000000;2016-03-11T00:55:24.000000;5337787c-ae35-453a-b3c7-b17a734a9efa;416.5;14.4231;UNKNOWN
2016-03-11T00:55:35.000000;2016-03-11T00:55:35.000000;6b3a8cb9-902c-4ae5-8885-02fecaed9cfe;416.5;14.4231;UNKNOWN
2016-03-11T00:55:44.000000;2016-03-11T00:55:44.000000;ccdd1dda-aef2-45f4-aad7-7c82fadeb424;416.5;14.4235;UNKNOWN
2016-03-11T00:56:31.000000;2016-03-11T00:56:31.000000;1d309ccf-d11a-47bf-8382-dc351adaf40c;416.57;0.02;UNKNOWN
2016-03-11T00:56:48.000000;2016-03-11T00:56:48.000000;5c3dd4e8-7023-4d71-a22c-151030c02477;416.5;85.22166302;UNKNOWN
2016-03-11T00:56:48.000000;2016-03-11T00:56:48.000000;c86ff614-06b0-487f-bacf-d0e3bca82f6e;416.05;14.77833698;UNKNOWN
2016-03-11T00:59:08.000000;2016-03-11T00:59:08.000000;5e87ad76-ecf6-46fc-8fc4-af945f2dd50e;415.78;0.17146939;UNKNOWN
2016-03-11T00:59:10.000000;2016-03-11T00:59:10.000000;604be1a9-acd0-4053-ac6f-45fb642a8e0b;416.18;1.0;UNKNOWN
2016-03-11T00:59:48.000000;2016-03-11T00:59:48.000000;a08ec61f-fd51-43c3-b366-5f37cbb5e7b0;415.63;0.30102761;UNKNOWN
2016-03-11T00:59:49.000000;2016-03-11T00:59:49.000000;7f387e72-2b88-4b3d-80be-fd81fee749f2;415.63;0.24076416;UNKNOWN
2016-03-11T01:00:04.000000;2016-03-11T01:00:04.000000;3e8e1ea2-1a64-42c5-a732-2aba9cb817a9;415.61;1.4;UNKNOWN
2016-03-11T01:01:18.000000;2016-03-11T01:01:18.000000;04a42296-5a66-42b5-9706-a43843d675c5;416.07;3.5;UNKNOWN
2016-03-11T01:02:08.000000;2016-03-11T01:02:08.000000;163b5e0b-e2c1-4b7d-8511-60e304525244;415.91;0.26705695;UNKNOWN
2016-03-11T01:04:14.000000;2016-03-11T01:04:14.000000;6fa4318d-bd6d-4a6d-926a-88b1df18d78e;415.93;2.227289;UNKNOWN
2016-03-11T01:04:14.000000;2016-03-11T01:04:14.000000;b78e18a9-9feb-499e-94dd-b4c8bde78eb2;415.94;0.5;UNKNOWN
2016-03-11T01:04:29.000000;2016-03-11T01:04:29.000000;7b0dddd9-fb36-4cba-9f78-6350df59eff3;416.16;1.4441;UNKNOWN
2016-03-11T01:04:48.000000;2016-03-11T01:04:48.000000;a6eb3c18-f82e-4a63-9991-fbffbb33aa8b;415.95;0.36098989;UNKNOWN
2016-03-11T01:05:05.000000;2016-03-11T01:05:05.000000;0f6f9418-3070-465b-a93a-890943b4231c;415.95;0.042;UNKNOWN
2016-03-11T01:05:07.000000;2016-03-11T01:05:07.000000;07673cf9-cd04-4093-a7f9-a1f2423a0c01;416.18;1.4272185;UNKNOWN
2016-03-11T01:05:08.000000;2016-03-11T01:05:08.000000;0a3625e0-bcf6-4b66-9672-274c204fc5c4;415.95;0.09701011;UNKNOWN
2016-03-11T01:05:08.000000;2016-03-11T01:05:08.000000;cb022c19-cabf-405a-9159-f242504aae09;415.94;0.49895165;UNKNOWN
2016-03-11T01:05:08.000000;2016-03-11T01:05:08.000000;9b0db773-dc1e-4cac-946b-15235f48ee62;416.2;0.09587958;UNKNOWN
2016-03-11T01:05:09.000000;2016-03-11T01:05:09.000000;29588ea6-7a8c-4af9-bf1b-96d0e279de55;415.94;0.07227;UNKNOWN
2016-03-11T01:05:09.000000;2016-03-11T01:05:09.000000;3214fedf-2719-45db-b9fb-32868f042434;416.19;0.02497585;UNKNOWN
2016-03-11T01:05:43.000000;2016-03-11T01:05:43.000000;9cd5e028-f478-4129-8f93-1fd7335cb0d8;415.95;5.7863;UNKNOWN
2016-03-11T01:05:47.000000;2016-03-11T01:05:47.000000;e35443c2-42c0-4f90-8975-89e37da67c36;415.77;0.373347;UNKNOWN
2016-03-11T01:05:51.000000;2016-03-11T01:05:51.000000;c71d11dd-db50-42a1-afbf-3c6280cc144b;415.77;0.862228;UNKNOWN
2016-03-11T01:06:08.000000;2016-03-11T01:06:08.000000;b56942ea-a5c6-475a-bac5-0de0afc3bd78;415.77;0.028247;UNKNOWN
2016-03-11T01:07:12.000000;2016-03-11T01:07:12.000000;4c441988-a271-459d-885e-8bfd2f16dce0;415.95;1.17184683;UNKNOWN
2016-03-11T01:08:28.000000;2016-03-11T01:08:28.000000;0745238a-b0be-4814-b0c6-5a840baece2e;415.69;1.49012326;UNKNOWN
2016-03-11T01:08:28.000000;2016-03-11T01:08:28.000000;3ac6d691-9a28-4dba-aea5-23036e20a0b8;415.69;0.5;UNKNOWN
2016-03-11T01:09:27.000000;2016-03-11T01:09:27.000000;42a4a27e-9de2-44cd-aeb9-307ba4768926;415.9;0.5;UNKNOWN
2016-03-11T01:09:27.000000;2016-03-11T01:09:27.000000;039fc16d-1b1f-4842-aa3d-e5c4c480a9a5;415.89;3.0;UNKNOWN
2016-03-11T01:09:27.000000;2016-03-11T01:09:27.000000;2b1c8057-d37f-4959-8bde-bf2fa5c391f9;415.79;4.92957483;UNKNOWN
2016-03-11T01:09:27.000000;2016-03-11T01:09:27.000000;ad4d7469-2d79-4555-9ae0-f7b48ed1e185;415.88;5.9995;UNKNOWN
2016-03-11T01:09:28.000000;2016-03-11T01:09:28.000000;b0ef4fe9-fefd-4d23-abcf-6e97a124f081;415.79;0.24075836;UNKNOWN
2016-03-11T01:11:04.000000;2016-03-11T01:11:04.000000;5a4bf7fc-ee37-4d14-97a6-7170082c89f1;415.7;0.125;UNKNOWN
2016-03-11T01:11:08.000000;2016-03-11T01:11:08.000000;8e69bdd8-5e7c-49da-a495-ba9617e8f365;415.7;0.047576;UNKNOWN
2016-03-11T01:11:26.000000;2016-03-11T01:11:26.000000;0263f647-4c78-4cbc-9988-0933a8e574a6;415.9;0.659;UNKNOWN
2016-03-11T01:11:31.000000;2016-03-11T01:11:31.000000;77ad4c8c-7c37-45e7-8951-138038e4b693;415.71;2.910384;UNKNOWN
2016-03-11T01:11:31.000000;2016-03-11T01:11:31.000000;2d4e40fc-bc2d-4e0b-95ae-4a09d1885065;415.72;5.9792;UNKNOWN
2016-03-11T01:11:55.000000;2016-03-11T01:11:55.000000;886a3565-64eb-4be5-9d78-c7311fec67aa;415.7;3.0;UNKNOWN
2016-03-11T01:13:50.000000;2016-03-11T01:13:50.000000;ca0e4a61-7100-4c1f-9221-8e81320eb48b;415.76;13.872;UNKNOWN
2016-03-11T01:16:39.000000;2016-03-11T01:16:39.000000;5fcf91a6-9478-48d9-aecf-26291eeb7896;415.85;5.4;UNKNOWN
2016-03-11T01:16:48.000000;2016-03-11T01:16:48.000000;87af2e88-157d-4a57-8361-0e0913238a2e;415.81;0.10834387;UNKNOWN
2016-03-11T01:17:05.000000;2016-03-11T01:17:05.000000;5564a4fc-369c-4679-a4ac-502784df3665;415.85;0.33637674;UNKNOWN
2016-03-11T01:17:13.000000;2016-03-11T01:17:13.000000;5b0e0af0-006f-4ab4-b9e6-2d5b32ad6d4a;415.85;5.4;UNKNOWN
2016-03-11T01:17:14.000000;2016-03-11T01:17:14.000000;fa131be7-093d-49dc-bdc0-25c3845d50a4;415.85;1.89325571;UNKNOWN
2016-03-11T01:18:08.000000;2016-03-11T01:18:08.000000;ee09dd46-6fd7-4372-b237-2e958ade7260;415.99;0.06193868;UNKNOWN
2016-03-11T01:18:19.000000;2016-03-11T01:18:19.000000;0a348a42-5852-4f16-8714-d6a148a1dbac;416.04;5.2;UNKNOWN
2016-03-11T01:19:01.000000;2016-03-11T01:19:01.000000;bff466b5-c182-43ac-b3bf-4606471f6516;416.45;0.039186;UNKNOWN
2016-03-11T01:19:05.000000;2016-03-11T01:19:05.000000;2f251f26-c15a-4592-bd9c-c71d6af4d444;416.45;0.157296;UNKNOWN
2016-03-11T01:19:43.000000;2016-03-11T01:19:43.000000;b25625f0-2097-4612-b7a8-d16997331d1f;416.56;3.0;UNKNOWN
2016-03-11T01:19:56.000000;2016-03-11T01:19:56.000000;6e4ed27a-6101-448d-b1b9-3b9e30c7a194;416.71;1.9903;UNKNOWN
2016-03-11T01:20:07.000000;2016-03-11T01:20:07.000000;3951aede-2a26-404c-bdbd-409ff19ae0e9;416.71;0.09059384;UNKNOWN
2016-03-11T01:20:18.000000;2016-03-11T01:20:18.000000;2e5dd0d7-78f6-4f70-98ef-6f21016d2b17;416.71;0.142013;UNKNOWN
2016-03-11T01:20:47.000000;2016-03-11T01:20:47.000000;1ff4e756-c0a4-4491-b509-81d70c63a4d1;416.71;0.03741;UNKNOWN
2016-03-11T01:20:56.000000;2016-03-11T01:20:56.000000;10c2f0ca-49d8-4d43-9d40-d0de712721ba;416.72;0.5;UNKNOWN
2016-03-11T01:21:10.000000;2016-03-11T01:21:10.000000;47215b24-4539-4d3b-bb4a-8b718a341b1c;416.73;0.0104823;UNKNOWN
2016-03-11T01:21:30.000000;2016-03-11T01:21:30.000000;b8e92233-fa5b-4a63-9c03-aa63a65b8112;416.77;0.01004974;UNKNOWN
2016-03-11T01:22:13.000000;2016-03-11T01:22:13.000000;002938cd-5885-4df5-a2b8-1120117fa62c;416.75;0.031138;UNKNOWN
2016-03-11T01:22:17.000000;2016-03-11T01:22:17.000000;aed01a22-59a6-4576-bfde-7c18e9e2bfbc;416.76;0.090198;UNKNOWN
2016-03-11T01:22:22.000000;2016-03-11T01:22:22.000000;bc84184a-9204-4c10-b323-acbd495cd1a5;416.76;0.079192;UNKNOWN
2016-03-11T01:26:08.000000;2016-03-11T01:26:08.000000;db4ac76b-2695-4e9c-bfb2-c51388e87e14;416.87;1.4424;UNKNOWN
2016-03-11T01:26:21.000000;2016-03-11T01:26:21.000000;0d69d56e-66b7-4cc6-af51-1fbb0fbe9307;416.93;0.5;UNKNOWN
2016-03-11T01:26:21.000000;2016-03-11T01:26:21.000000;1b830199-9c18-42bd-a462-8c114f6e8ba3;416.95;5.9973;UNKNOWN
2016-03-11T01:26:21.000000;2016-03-11T01:26:21.000000;6c8bab18-67a7-459c-98ba-a121dbfa21df;416.94;2.96;UNKNOWN
2016-03-11T01:26:21.000000;2016-03-11T01:26:21.000000;2e283a44-2ec7-425e-bc84-dbe5af892cb6;416.94;3.0;UNKNOWN
2016-03-11T01:26:30.000000;2016-03-11T01:26:30.000000;12687a33-9880-4798-a4a6-2c1337528b03;416.95;0.01549;UNKNOWN
2016-03-11T01:27:08.000000;2016-03-11T01:27:08.000000;fd566ea9-b191-48d8-a72d-d239b84f6055;416.95;0.02401806;UNKNOWN
2016-03-11T01:27:13.000000;2016-03-11T01:27:13.000000;9a96b233-59ab-4896-bca3-eb5324e86e28;417.0;1.0;UNKNOWN
2016-03-11T01:27:34.000000;2016-03-11T01:27:34.000000;32803542-6d77-4863-9471-6fcdefda2b1d;416.96;0.01486109;UNKNOWN
2016-03-11T01:28:05.000000;2016-03-11T01:28:05.000000;cf70d029-b371-4fdf-b144-528902c35fc0;417.0;0.1244744;UNKNOWN
2016-03-11T01:28:05.000000;2016-03-11T01:28:05.000000;b05474e8-8b1f-4cd3-b606-a54cc0c192c5;417.22;3.72439242;UNKNOWN
2016-03-11T01:28:05.000000;2016-03-11T01:28:05.000000;3303bb05-6bb1-4871-beeb-4507e79046c8;417.15;0.064898;UNKNOWN
2016-03-11T01:28:05.000000;2016-03-11T01:28:05.000000;b4d018ae-1d92-428f-b6c6-a3bfae116772;417.2;0.01;UNKNOWN
2016-03-11T01:28:07.000000;2016-03-11T01:28:07.000000;7a1daf65-b43e-47f5-8038-07b9b4f740c9;417.24;0.06898891;UNKNOWN
2016-03-11T01:28:07.000000;2016-03-11T01:28:07.000000;5b8fd792-28ce-4262-91b3-9e452b2b9e4d;417.21;0.5;UNKNOWN
2016-03-11T01:28:07.000000;2016-03-11T01:28:07.000000;96ee280b-21bc-49f4-aed1-5a17eadd79dd;417.21;3.0;UNKNOWN
2016-03-11T01:28:13.000000;2016-03-11T01:28:13.000000;20a45e0f-fd6d-4789-a45f-9a714cb2e2fa;417.24;1.35;UNKNOWN
2016-03-11T01:28:29.000000;2016-03-11T01:28:29.000000;a84063c1-cef1-4031-8e01-80fb4675961d;417.24;3.308804;UNKNOWN
2016-03-11T01:31:13.000000;2016-03-11T01:31:13.000000;71c29001-8101-4881-bb22-ff16d1b563f4;417.2;4.8;UNKNOWN
2016-03-11T01:32:18.000000;2016-03-11T01:32:18.000000;d449fead-b513-4092-af36-8dd4a4e839fb;417.18;0.0105666;UNKNOWN
2016-03-11T01:32:28.000000;2016-03-11T01:32:28.000000;ac4d2bc8-1ce8-4025-bfe5-ba05e330f7ac;417.2;0.01;UNKNOWN
2016-03-11T01:33:06.000000;2016-03-11T01:33:06.000000;c7c2952c-53d8-4e93-ab82-cb481150e22e;417.2;2.49562552;UNKNOWN
2016-03-11T01:34:06.000000;2016-03-11T01:34:06.000000;a3707a9e-136c-40e9-aaba-18c555a76857;417.18;0.24276942;UNKNOWN
2016-03-11T01:35:05.000000;2016-03-11T01:35:05.000000;71f1ef1d-874d-4b02-89a3-2e13554e3a17;417.25;1.0;UNKNOWN
2016-03-11T01:35:05.000000;2016-03-11T01:35:05.000000;5e41da16-0f6c-4705-83b5-57a0bd611681;417.39;6.879363;UNKNOWN
2016-03-11T01:35:05.000000;2016-03-11T01:35:05.000000;5cdcf1dc-2b44-4dc6-be44-03dd90924dd1;417.23;11.12;UNKNOWN
2016-03-11T01:35:05.000000;2016-03-11T01:35:05.000000;d0460d69-d9d2-41d6-9575-8dac42b91d23;417.27;0.064837;UNKNOWN
2016-03-11T01:35:05.000000;2016-03-11T01:35:05.000000;a1f375b7-f4d9-4af8-b2bf-1c9063273c50;417.23;5.9358;UNKNOWN
2016-03-11T01:35:31.000000;2016-03-11T01:35:31.000000;23ff2b21-9b8f-4d92-b851-abc5ffd1522d;417.47;9.5;UNKNOWN
2016-03-11T01:35:31.000000;2016-03-11T01:35:31.000000;e75279ea-17c7-4eb2-962b-c5a454fff43a;417.4;0.5;UNKNOWN
2016-03-11T01:36:01.000000;2016-03-11T01:36:01.000000;dbfbbbb2-0ae9-4c08-9f95-24e26581ac71;417.47;1.63235;UNKNOWN
2016-03-11T01:36:13.000000;2016-03-11T01:36:13.000000;a7b9f49c-95d2-4263-a23b-1cdf5710fe79;417.47;4.0;UNKNOWN
2016-03-11T01:36:31.000000;2016-03-11T01:36:31.000000;cc195505-1d47-4e0c-9866-65d51b4e6ef3;417.47;4.0;UNKNOWN
2016-03-11T01:36:40.000000;2016-03-11T01:36:40.000000;2f80563f-b6b7-47c2-a856-c4b97cebdee2;417.47;4.72998316;UNKNOWN
2016-03-11T01:37:21.000000;2016-03-11T01:37:21.000000;c0f03fd2-6991-4134-a99d-ee61791cffae;417.47;4.0;UNKNOWN
2016-03-11T01:37:36.000000;2016-03-11T01:37:36.000000;75157426-7d01-4494-9127-71c56842d7ed;417.47;1.0;UNKNOWN
2016-03-11T01:37:41.000000;2016-03-11T01:37:41.000000;365b4e6c-4c4c-4f96-9a62-a3c13f2dd63f;417.47;1.0;UNKNOWN
2016-03-11T01:37:46.000000;2016-03-11T01:37:46.000000;1f5e2acc-8b31-4f45-8fa0-cf03a04f8788;417.44;0.807;UNKNOWN
2016-03-11T01:37:46.000000;2016-03-11T01:37:46.000000;4811b435-0461-4e38-a5f3-269def4bb272;417.45;0.193;UNKNOWN
2016-03-11T01:38:06.000000;2016-03-11T01:38:06.000000;9ce35fef-547c-44c4-8104-b43941bd3e61;417.47;7.13778672;UNKNOWN
2016-03-11T01:38:07.000000;2016-03-11T01:38:07.000000;2f458120-f10e-4a8a-9992-7acd4f06796a;417.47;1.0;UNKNOWN
2016-03-11T01:38:26.000000;2016-03-11T01:38:26.000000;403e222d-6b8a-4e05-af54-2264560c0911;417.46;0.5;UNKNOWN
2016-03-11T01:38:29.000000;2016-03-11T01:38:29.000000;c25de72b-3d9d-4353-ab39-c2572e5b08ca;417.47;1.0;UNKNOWN
2016-03-11T01:38:31.000000;2016-03-11T01:38:31.000000;d8da4e00-00c4-4ece-a8f9-e08ecd11ff17;417.47;1.0;UNKNOWN
2016-03-11T01:39:21.000000;2016-03-11T01:39:21.000000;cc259f0e-793b-4a2a-925b-496936b97bf7;417.46;0.0101;UNKNOWN
2016-03-11T01:40:13.000000;2016-03-11T01:40:13.000000;cfdd4ae9-af2b-46f0-ab9b-4759c694ce67;417.44;9.99988012;UNKNOWN
2016-03-11T01:41:05.000000;2016-03-11T01:41:05.000000;75e2fd88-a80e-4a28-895f-5193ea59e25c;417.44;0.06040644;UNKNOWN
2016-03-11T01:41:42.000000;2016-03-11T01:41:42.000000;c68bb6a9-399a-4f7c-80d7-712993460990;417.46;0.02252;UNKNOWN
2016-03-11T01:42:38.000000;2016-03-11T01:42:38.000000;228f1813-e83d-4d15-801e-ab2211a89804;417.46;0.5;UNKNOWN
2016-03-11T01:43:44.000000;2016-03-11T01:43:44.000000;fb1a9969-a20a-40f5-bb4f-4f644210418b;417.44;2.80094699;UNKNOWN
2016-03-11T01:45:08.000000;2016-03-11T01:45:08.000000;95853a85-7bef-49d7-8834-253129eca162;417.42;2.34999254;UNKNOWN
2016-03-11T01:47:06.000000;2016-03-11T01:47:06.000000;b043e474-842d-4a9c-908a-21928962536d;417.44;3.0;UNKNOWN
2016-03-11T01:47:08.000000;2016-03-11T01:47:08.000000;1a7fc7c4-46f5-42fe-abcf-bda9036f747e;417.4;0.70274144;UNKNOWN
2016-03-11T01:47:08.000000;2016-03-11T01:47:08.000000;6e36b9c0-b106-4bb5-a649-6bea6b9cd68b;417.42;0.01;UNKNOWN
2016-03-11T01:47:18.000000;2016-03-11T01:47:18.000000;af0ab12f-7c1b-49e1-9ad3-2eed3b999bac;417.4;0.11990332;UNKNOWN
2016-03-11T01:49:24.000000;2016-03-11T01:49:24.000000;d33d348e-f41d-4dcc-bd59-d7c33d057593;417.4;0.258214;UNKNOWN
2016-03-11T01:49:27.000000;2016-03-11T01:49:27.000000;0ab89502-7c38-4eae-ba1d-f006dd186c68;417.4;0.413825;UNKNOWN
2016-03-11T01:50:33.000000;2016-03-11T01:50:33.000000;0d8271fa-db55-4836-a22a-9a53a7905b32;417.4;0.125;UNKNOWN
2016-03-11T01:51:00.000000;2016-03-11T01:51:00.000000;ce5ff260-e053-466e-9e57-cbda9c5571b3;417.4;0.353817;UNKNOWN
2016-03-11T01:51:55.000000;2016-03-11T01:51:55.000000;ce629c0a-bf9d-4b93-a559-60bc8f52f995;416.41;4.74811262;UNKNOWN
2016-03-11T01:51:55.000000;2016-03-11T01:51:55.000000;78816dc1-def0-438d-b494-509c7e8f8dc0;416.84;12.3256;UNKNOWN
2016-03-11T01:51:55.000000;2016-03-11T01:51:55.000000;2d3d318b-b41f-4493-9ab8-c9e2c1c9fed6;417.38;3.27;UNKNOWN
2016-03-11T01:51:55.000000;2016-03-11T01:51:55.000000;af44c996-e817-4c37-add0-226dc1a2674a;416.28;1.67078837;UNKNOWN
2016-03-11T01:51:55.000000;2016-03-11T01:51:55.000000;9698887a-3d33-4491-ad7c-7f96d6954e95;416.6;11.8587;UNKNOWN
2016-03-11T01:51:55.000000;2016-03-11T01:51:55.000000;d6969293-c437-41ef-bfbb-a4812acb4f62;416.84;6.0;UNKNOWN
2016-03-11T01:51:55.000000;2016-03-11T01:51:55.000000;65ccf88b-54fe-4d99-82af-32e3b5da6d1c;417.4;0.207;UNKNOWN
2016-03-11T01:51:55.000000;2016-03-11T01:51:55.000000;f7a2d77d-46b5-46a3-9f8e-02b2110e443d;416.95;1.50319194;UNKNOWN
2016-03-11T01:51:55.000000;2016-03-11T01:51:55.000000;a75469ba-6a56-4f67-8d5b-77543c22c081;416.6;0.01;UNKNOWN
2016-03-11T01:51:55.000000;2016-03-11T01:51:55.000000;23e766f0-4584-4da9-b7e5-60bb324f6798;416.4;0.01;UNKNOWN
2016-03-11T01:51:55.000000;2016-03-11T01:51:55.000000;79942dbb-f0fe-4b11-bd65-12da3893b814;416.38;4.74811262;UNKNOWN
2016-03-11T01:51:55.000000;2016-03-11T01:51:55.000000;8a2159eb-9bb2-49b1-9ea5-c7cba6e5f5ff;416.73;11.9928;UNKNOWN
2016-03-11T01:51:55.000000;2016-03-11T01:51:55.000000;c21cd08a-6969-4ccc-8826-cc44c092a921;416.85;12.0;UNKNOWN
2016-03-11T01:51:55.000000;2016-03-11T01:51:55.000000;e29c7aca-8ae9-4e1a-835e-6a825425b5fd;416.32;4.74839445;UNKNOWN
2016-03-11T01:51:55.000000;2016-03-11T01:51:55.000000;9f314e88-2358-47b2-b6e2-4a2cfcc0f33a;416.3;0.01;UNKNOWN
2016-03-11T01:51:55.000000;2016-03-11T01:51:55.000000;abd732c0-3d39-4534-9cf6-9cffe4b1b7d9;416.3;12.3743;UNKNOWN
2016-03-11T01:51:55.000000;2016-03-11T01:51:55.000000;53b06c61-978f-448d-bdfe-2bcb72bfb0ea;416.44;12.513;UNKNOWN
2016-03-11T01:51:55.000000;2016-03-11T01:51:55.000000;4c0637dc-4535-4fa8-b137-0fc36b641284;416.5;0.01;UNKNOWN
2016-03-11T01:52:14.000000;2016-03-11T01:52:14.000000;30aed2c9-8951-47b2-bdec-25204b082f0b;416.25;1.35;UNKNOWN
2016-03-11T01:53:35.000000;2016-03-11T01:53:35.000000;79c5d43c-8012-4251-a563-323e6d792de4;416.25;3.39839445;UNKNOWN
2016-03-11T01:53:45.000000;2016-03-11T01:53:45.000000;b9ea17bc-7bcb-4d32-a08f-18553d5e133c;416.25;4.74794355;UNKNOWN
2016-03-11T01:54:06.000000;2016-03-11T01:54:06.000000;fcba9342-7912-479b-a62d-7ab98dbedd7d;416.25;3.268906;UNKNOWN
2016-03-11T01:54:06.000000;2016-03-11T01:54:06.000000;3c9eca80-1387-4f66-aabc-d4f47d110659;416.24;0.231094;UNKNOWN
2016-03-11T01:54:07.000000;2016-03-11T01:54:07.000000;4b538650-6f70-44e9-8bad-4e1dca820400;416.25;0.1;UNKNOWN
2016-03-11T01:54:08.000000;2016-03-11T01:54:08.000000;f90b82f1-0335-4b08-844b-3e01acdc20cf;416.23;0.216955;UNKNOWN
2016-03-11T01:54:26.000000;2016-03-11T01:54:26.000000;96fd3344-c8d4-4641-a07f-51395de64a0a;416.23;3.9314;UNKNOWN
2016-03-11T01:56:04.000000;2016-03-11T01:56:04.000000;516b4ba9-c246-4ffd-836b-a839f826624d;416.23;0.031746;UNKNOWN
2016-03-11T01:56:48.000000;2016-03-11T01:56:48.000000;acdabbc3-ba4b-45b5-959c-bcdc84e20ed1;416.23;0.079032;UNKNOWN
2016-03-11T01:56:58.000000;2016-03-11T01:56:58.000000;ba5774e6-80a1-410e-a762-de553834f96d;416.23;0.73025966;UNKNOWN
2016-03-11T01:57:15.000000;2016-03-11T01:57:15.000000;8868f844-c4a6-4067-9a0b-f694c155c1a0;416.25;10.0;UNKNOWN
2016-03-11T01:57:33.000000;2016-03-11T01:57:33.000000;d2f6ab7e-ddeb-412b-9ba5-759cddcd7263;416.25;10.0;UNKNOWN
2016-03-11T01:59:27.000000;2016-03-11T01:59:27.000000;8b791f7f-5fc9-4dc0-b2f8-8bc206423327;416.24;0.55820517;UNKNOWN
2016-03-11T02:01:08.000000;2016-03-11T02:01:08.000000;40e6e9b2-c37f-4d72-813b-f6aeb78baf9f;416.24;0.298;UNKNOWN
2016-03-11T02:02:27.000000;2016-03-11T02:02:27.000000;7889e3b5-1a47-408f-9089-f8697e89e570;416.25;0.25;UNKNOWN
2016-03-11T02:02:29.000000;2016-03-11T02:02:29.000000;db2c315f-cc66-482b-897b-af868994820e;416.25;0.25;UNKNOWN
2016-03-11T02:02:44.000000;2016-03-11T02:02:44.000000;6262a060-92e3-4a9d-900e-6f6ff9e822e7;416.25;1.0;UNKNOWN
2016-03-11T02:02:49.000000;2016-03-11T02:02:49.000000;5e9c3061-3a5d-494c-acbf-fddeb5d0cec7;416.25;0.25;UNKNOWN
2016-03-11T02:02:51.000000;2016-03-11T02:02:51.000000;afd1429e-447d-4ea0-a4af-cb568102f4e9;416.25;0.25;UNKNOWN
2016-03-11T02:03:18.000000;2016-03-11T02:03:18.000000;4ec584af-7830-4b5a-bc7f-9c0e19464f3a;416.25;6.484756;UNKNOWN
2016-03-11T02:04:28.000000;2016-03-11T02:04:28.000000;c274f5c9-8036-46a1-8730-8d477f9b725e;416.59;0.2408;UNKNOWN
2016-03-11T02:07:08.000000;2016-03-11T02:07:08.000000;4cfd1058-0e05-4198-9a9e-54ef44eda657;416.42;0.04808574;UNKNOWN
2016-03-11T02:07:09.000000;2016-03-11T02:07:09.000000;ce66634b-6e2c-45a3-b5d9-7d603b8db8ce;416.42;0.1501;UNKNOWN
2016-03-11T02:08:08.000000;2016-03-11T02:08:08.000000;ede5b8cc-d91f-4884-acbf-a58ec75c5a8e;416.26;0.13088382;UNKNOWN
2016-03-11T02:08:40.000000;2016-03-11T02:08:40.000000;6cc2660a-eeff-4c1e-8f62-b8694424490c;416.26;0.28071527;UNKNOWN
2016-03-11T02:09:06.000000;2016-03-11T02:09:06.000000;e7e9e088-d309-4954-9ebc-48c780b7a4d0;416.42;2.85849607;UNKNOWN
2016-03-11T02:09:06.000000;2016-03-11T02:09:06.000000;0d3b7848-4977-483b-a10c-385c6ee1f5c3;416.41;0.5;UNKNOWN
2016-03-11T02:11:04.000000;2016-03-11T02:11:04.000000;e52ba334-5904-45e9-9239-eff54681af53;416.42;0.125;UNKNOWN
2016-03-11T02:11:51.000000;2016-03-11T02:11:51.000000;71d47732-b69a-43e1-947d-30dccb3f11a4;416.43;4.4;UNKNOWN
2016-03-11T02:12:05.000000;2016-03-11T02:12:05.000000;3cea7e3d-572a-4dc0-accb-148946750142;416.77;0.7071666;UNKNOWN
2016-03-11T02:12:33.000000;2016-03-11T02:12:33.000000;7912f0d9-9ece-42a8-a3ee-1375a5309394;416.53;1.98315591;UNKNOWN
2016-03-11T02:12:43.000000;2016-03-11T02:12:43.000000;09ddeaf5-4cb9-454c-912c-29c972ca2488;416.65;5.949;UNKNOWN
2016-03-11T02:12:43.000000;2016-03-11T02:12:43.000000;ca092766-5e76-45fa-aef4-cca54754085e;416.66;3.0;UNKNOWN
2016-03-11T02:12:43.000000;2016-03-11T02:12:43.000000;314fe982-e15c-4d9a-b437-e7cda29b32d4;416.65;0.5;UNKNOWN
2016-03-11T02:13:08.000000;2016-03-11T02:13:08.000000;6f882c51-592c-4e09-b74b-bae0b68f03a7;416.78;0.19037193;UNKNOWN
2016-03-11T02:13:53.000000;2016-03-11T02:13:53.000000;470df1fb-94ae-49f7-b150-9fe6794c91f7;416.88;2.405;UNKNOWN
2016-03-11T02:15:49.000000;2016-03-11T02:15:49.000000;1cf5ad8e-40e6-4586-a381-f275ccf86cd9;416.84;5.9937;UNKNOWN
2016-03-11T02:15:49.000000;2016-03-11T02:15:49.000000;0862d532-68c5-47ab-8a57-6ce02cd15770;416.75;13.0063;UNKNOWN
2016-03-11T02:16:05.000000;2016-03-11T02:16:05.000000;6c508d9a-d8d1-4f81-a5cf-6a44cc9679e0;416.67;0.0207;UNKNOWN
2016-03-11T02:16:48.000000;2016-03-11T02:16:48.000000;3947d55b-ea25-40bd-822a-57dd8d63bd75;416.68;5.9679;UNKNOWN
2016-03-11T02:16:48.000000;2016-03-11T02:16:48.000000;2745cf80-ad23-4935-9f30-8e064e4ae431;416.67;30.0321;UNKNOWN
2016-03-11T02:17:09.000000;2016-03-11T02:17:09.000000;82574436-ba2e-427a-b74c-ec118451ec5b;416.67;0.12136211;UNKNOWN
2016-03-11T02:17:19.000000;2016-03-11T02:17:19.000000;262a0a43-5955-4d62-80f9-83ae9a3d4ece;416.67;0.11886648;UNKNOWN
2016-03-11T02:17:35.000000;2016-03-11T02:17:35.000000;7ce32172-f50f-45f6-acc2-65349d99bb48;416.67;0.25797141;UNKNOWN
2016-03-11T02:18:35.000000;2016-03-11T02:18:35.000000;7af30fef-f5f1-42c2-87e7-920e83ccf3d9;416.44;0.03;UNKNOWN
2016-03-11T02:18:36.000000;2016-03-11T02:18:36.000000;e1c53fa8-a93d-4740-9ff6-6271de966416;416.24;0.22;UNKNOWN
2016-03-11T02:18:36.000000;2016-03-11T02:18:36.000000;9fefb21b-77ca-4309-81e7-fc9d1679912b;416.43;0.03;UNKNOWN
2016-03-11T02:18:37.000000;2016-03-11T02:18:37.000000;1e91b4fa-bc52-44b9-80d5-8095527cfe26;416.24;2.55544695;UNKNOWN
2016-03-11T02:18:58.000000;2016-03-11T02:18:58.000000;51c3c320-2f89-4d04-b01f-bbeb3bbad4ea;416.24;0.06249795;UNKNOWN
2016-03-11T02:19:02.000000;2016-03-11T02:19:02.000000;21406eca-67d2-43d9-b439-406de4a84b2b;416.24;10.19750205;UNKNOWN
2016-03-11T02:19:02.000000;2016-03-11T02:19:02.000000;a883b491-fa7e-4ed0-82a8-04d529ee3b1a;416.2;0.01;UNKNOWN
2016-03-11T02:19:02.000000;2016-03-11T02:19:02.000000;ce67dbb3-95e4-46e3-9101-0c50ffe9fcf2;416.23;0.03;UNKNOWN
2016-03-11T02:19:02.000000;2016-03-11T02:19:02.000000;bc846d59-22ad-4a53-8b23-8a58f5bd4c09;416.09;3.54449795;UNKNOWN
2016-03-11T02:19:02.000000;2016-03-11T02:19:02.000000;cdd8b52c-8d40-4008-b7e4-5520ac093e5b;416.22;0.22;UNKNOWN
2016-03-11T02:19:02.000000;2016-03-11T02:19:02.000000;c2aa415c-2085-42dd-b6ad-d72f38206ebc;416.1;0.01;UNKNOWN
2016-03-11T02:19:08.000000;2016-03-11T02:19:08.000000;bfe9edc2-6706-48e2-a98d-e23bc961b714;416.08;2.859e-05;UNKNOWN
2016-03-11T02:19:58.000000;2016-03-11T02:19:58.000000;fa629930-ea6f-426d-87bc-099ddfa32fb6;416.0;0.01;UNKNOWN
2016-03-11T02:19:58.000000;2016-03-11T02:19:58.000000;542c3d62-a742-4187-bf38-a2d1e94e9988;415.93;0.20023833;UNKNOWN
2016-03-11T02:19:58.000000;2016-03-11T02:19:58.000000;886b8ea2-e2d3-4ae4-8500-d32376eb4448;416.03;0.03;UNKNOWN
2016-03-11T02:20:50.000000;2016-03-11T02:20:50.000000;13ecdc2a-1bbb-46d2-bf43-72493ca12e46;416.03;0.016959;UNKNOWN
2016-03-11T02:20:53.000000;2016-03-11T02:20:53.000000;5e88247f-67a3-443e-b861-9c8e722ec8f1;416.07;0.03747;UNKNOWN
2016-03-11T02:22:08.000000;2016-03-11T02:22:08.000000;04cbdcaa-7f0a-4953-97a6-af2ab2efefa1;416.1;0.31213;UNKNOWN
2016-03-11T02:22:29.000000;2016-03-11T02:22:29.000000;a06f4298-4d06-4c8e-9a4d-4e6fe5f032bb;416.1;0.018426;UNKNOWN
2016-03-11T02:22:31.000000;2016-03-11T02:22:31.000000;51bfd92c-e1b9-4fc8-9989-bf8f48257763;416.1;0.03548974;UNKNOWN
2016-03-11T02:23:58.000000;2016-03-11T02:23:58.000000;9df9a74e-aaec-43c8-867d-b970d701e2ee;416.12;0.1496206;UNKNOWN
2016-03-11T02:24:04.000000;2016-03-11T02:24:04.000000;4c92e6a1-87e9-4a7e-92e4-347cfdb2c298;416.13;0.016594;UNKNOWN
2016-03-11T02:24:13.000000;2016-03-11T02:24:13.000000;187b1ce6-76a7-4317-add7-7b1f044e449c;416.13;0.018975;UNKNOWN
2016-03-11T02:24:48.000000;2016-03-11T02:24:48.000000;b99b9fc9-ccdb-4556-83a3-d7edc49260c4;416.07;0.119078;UNKNOWN
2016-03-11T02:25:27.000000;2016-03-11T02:25:27.000000;ed5d6bd0-013f-481c-8d21-31969d33993f;416.2;0.012682;UNKNOWN
2016-03-11T02:25:28.000000;2016-03-11T02:25:28.000000;a243fcc7-8faa-4225-a23d-fc32a473f0f6;416.2;0.015342;UNKNOWN
2016-03-11T02:25:59.000000;2016-03-11T02:25:59.000000;346aa9d3-c5cc-4174-9ebc-8e81795d59bf;416.23;5.9566;UNKNOWN
2016-03-11T02:27:06.000000;2016-03-11T02:27:06.000000;7cc0402c-1ba7-40c4-9bb7-ee86b86f6a3b;416.88;0.5;UNKNOWN
2016-03-11T02:27:06.000000;2016-03-11T02:27:06.000000;b332f6ac-ed10-4ad3-890a-0d9c27b77ad0;416.46;0.012006;UNKNOWN
2016-03-11T02:27:06.000000;2016-03-11T02:27:06.000000;af3229fc-033d-4cc7-8a03-327c4fbe8e5e;416.89;0.487994;UNKNOWN
2016-03-11T02:27:07.000000;2016-03-11T02:27:07.000000;e45ad096-5eec-4a6c-8e7a-a20b37ffef82;416.88;0.5;UNKNOWN
2016-03-11T02:27:07.000000;2016-03-11T02:27:07.000000;c26cfbf3-2b3e-4b99-8881-5dbc9e3afd02;416.89;1.5;UNKNOWN
2016-03-11T02:27:12.000000;2016-03-11T02:27:12.000000;2a8fdede-1ea3-4bbc-ab90-a8c81d4fff4d;416.6;0.011202;UNKNOWN
2016-03-11T02:32:15.000000;2016-03-11T02:32:15.000000;66b0a845-5c71-4d85-935c-2ec00cf96e0c;416.65;0.5;UNKNOWN
2016-03-11T02:34:05.000000;2016-03-11T02:34:05.000000;d034fe8c-07cf-4f48-b736-af8118325868;416.78;0.37444223;UNKNOWN
2016-03-11T02:34:05.000000;2016-03-11T02:34:05.000000;f641ca99-233c-4ad4-af4a-33ce6c2a1ed1;416.77;0.5;UNKNOWN
2016-03-11T02:34:58.000000;2016-03-11T02:34:58.000000;a6b18ff0-8bd8-4e20-8234-9c4fee7e9e49;416.65;0.01;UNKNOWN
2016-03-11T02:35:28.000000;2016-03-11T02:35:28.000000;976da889-a250-49a7-837f-ba9f013c9381;416.65;0.13;UNKNOWN
2016-03-11T02:38:02.000000;2016-03-11T02:38:02.000000;8409bdd3-2693-4f81-af54-524ebeaedbbd;416.99;0.5;UNKNOWN
2016-03-11T02:38:02.000000;2016-03-11T02:38:02.000000;525233f5-b0bd-4219-ac1f-2a1166999327;417.0;0.5;UNKNOWN
2016-03-11T02:39:38.000000;2016-03-11T02:39:38.000000;d040f071-fd63-4496-8a87-fa1a5a394a52;416.87;0.04324186;UNKNOWN
2016-03-11T02:45:38.000000;2016-03-11T02:45:38.000000;a717540e-39c0-45e9-94aa-12c454a6945c;417.0;1.5;UNKNOWN
2016-03-11T02:45:38.000000;2016-03-11T02:45:38.000000;50938fff-4651-4419-af45-ee92bbfdd86f;417.17;2.7622;UNKNOWN
2016-03-11T02:46:37.000000;2016-03-11T02:46:37.000000;22b16aef-b866-4b01-9e68-3eb58c4839e0;417.35;0.003;UNKNOWN
2016-03-11T02:47:48.000000;2016-03-11T02:47:48.000000;5baf7262-afe2-4563-ab1b-fea40cdb1f73;417.05;0.07200581;UNKNOWN
2016-03-11T02:48:08.000000;2016-03-11T02:48:08.000000;54b6a177-192b-48df-bcae-270508c91a29;417.14;0.2664;UNKNOWN
2016-03-11T02:48:10.000000;2016-03-11T02:48:10.000000;1a689c88-a387-4574-a119-c48bd2d61700;417.05;0.10800872;UNKNOWN
2016-03-11T02:49:55.000000;2016-03-11T02:49:55.000000;87b09836-6f51-47e7-9a23-6d1e01da444d;417.05;0.75;UNKNOWN
2016-03-11T02:50:58.000000;2016-03-11T02:50:58.000000;703585d7-2ce4-4423-a8d2-c98bb7d12431;417.05;0.17;UNKNOWN
2016-03-11T02:51:06.000000;2016-03-11T02:51:06.000000;4c295fff-9353-441f-a8b2-4fccdddbdb1b;417.05;0.28736679;UNKNOWN
2016-03-11T02:51:08.000000;2016-03-11T02:51:08.000000;c39aa7e4-239b-4ae5-90b3-513b7c44194a;417.05;0.11885;UNKNOWN
2016-03-11T02:52:06.000000;2016-03-11T02:52:06.000000;a2852a7f-16ca-4b3a-99ce-938abd29f80b;417.27;2.0;UNKNOWN
2016-03-11T02:52:17.000000;2016-03-11T02:52:17.000000;5e659912-2a0b-4281-b3a6-ad34b117ed53;417.05;0.585073;UNKNOWN
2016-03-11T02:52:20.000000;2016-03-11T02:52:20.000000;ae551959-9c8a-464e-91f2-b81448f0f5ca;417.05;0.172602;UNKNOWN
2016-03-11T02:53:59.000000;2016-03-11T02:53:59.000000;582959cf-71ab-45c3-bf59-34f1e6be5d1b;417.05;0.180353;UNKNOWN
2016-03-11T02:54:02.000000;2016-03-11T02:54:02.000000;c95a9695-d8c0-42e7-874f-9ba64849bfab;417.05;0.390034;UNKNOWN
2016-03-11T02:54:11.000000;2016-03-11T02:54:11.000000;b3b5263f-a316-4c6a-8daa-c5f1fae493cc;417.06;5.919;UNKNOWN
2016-03-11T02:55:26.000000;2016-03-11T02:55:26.000000;a9eeeee6-9b37-4de3-8897-da60aec56b46;417.05;3.10300668;UNKNOWN
2016-03-11T02:55:33.000000;2016-03-11T02:55:33.000000;0dafbab1-beaa-44ff-9b1b-ad1337ede69a;416.99;1.257085;UNKNOWN
2016-03-11T02:55:41.000000;2016-03-11T02:55:41.000000;df21823a-c995-4b62-a9c0-6550c9cd25c6;417.07;0.201682;UNKNOWN
2016-03-11T02:56:43.000000;2016-03-11T02:56:43.000000;6868cff8-3c11-4e4a-b6e1-2ee6969d6851;417.08;0.15;UNKNOWN
2016-03-11T02:56:58.000000;2016-03-11T02:56:58.000000;a108093c-b40d-4a2b-a45a-d1b28a88058f;417.08;0.02400193;UNKNOWN
2016-03-11T02:57:01.000000;2016-03-11T02:57:01.000000;e88b0835-e1b4-47b9-bf17-fdc45b4ff09e;417.09;2.0;UNKNOWN
2016-03-11T02:57:05.000000;2016-03-11T02:57:05.000000;8cca23ce-351a-4370-8d07-e57cea34205b;417.09;0.49959248;UNKNOWN
2016-03-11T02:57:24.000000;2016-03-11T02:57:24.000000;b9e5ac4f-fdae-4d85-8ee4-7135e2060265;417.08;0.65509;UNKNOWN
2016-03-11T02:57:29.000000;2016-03-11T02:57:29.000000;bd00a4b5-1b67-41ba-824f-269589902efb;417.08;0.557;UNKNOWN
2016-03-11T02:59:08.000000;2016-03-11T02:59:08.000000;dda43b83-aee7-42ea-9542-407593398467;416.81;0.591136;UNKNOWN
2016-03-11T02:59:23.000000;2016-03-11T02:59:23.000000;f749599a-5eec-4421-9a37-71915ffa5462;416.87;0.80937192;UNKNOWN
2016-03-11T02:59:40.000000;2016-03-11T02:59:40.000000;a1f9d893-ae4e-4c0e-a90b-bf43acaed6b4;416.82;1.644809;UNKNOWN
2016-03-11T03:00:08.000000;2016-03-11T03:00:08.000000;53197c0d-bda7-40cf-aed6-ab7a0f0e54c0;416.66;0.02401864;UNKNOWN
2016-03-11T03:00:23.000000;2016-03-11T03:00:23.000000;bc5ae353-24b6-40e3-b80b-23634a7589e3;416.66;0.75;UNKNOWN
2016-03-11T03:00:51.000000;2016-03-11T03:00:51.000000;a82d0b45-2ecb-4b5d-8f1d-511a879dc7b1;416.89;3.0;UNKNOWN
2016-03-11T03:00:51.000000;2016-03-11T03:00:51.000000;e3e33431-349e-4957-996a-6d01ab612103;416.91;5.7801;UNKNOWN
2016-03-11T03:00:51.000000;2016-03-11T03:00:51.000000;9590f2a9-7cd0-4f2b-836f-05653e6aa98b;416.88;0.5;UNKNOWN
2016-03-11T03:01:23.000000;2016-03-11T03:01:23.000000;28777004-f69a-40a3-8aaa-90f56cb511a9;417.14;1.4673202;UNKNOWN
2016-03-11T03:01:34.000000;2016-03-11T03:01:34.000000;20e5329b-5313-4c05-afc8-8f8987c07572;417.19;1.0;UNKNOWN
2016-03-11T03:03:46.000000;2016-03-11T03:03:46.000000;2ad8ada9-23bc-46df-a934-8844ba370129;417.09;0.351;UNKNOWN
2016-03-11T03:07:08.000000;2016-03-11T03:07:08.000000;f2384045-3488-4551-87ae-8fac1069ae25;417.09;0.02879956;UNKNOWN
2016-03-11T03:08:08.000000;2016-03-11T03:08:08.000000;ffd91a3d-0a1d-48fa-a2c7-fdcb5a7fc6eb;417.09;0.14254151;UNKNOWN
2016-03-11T03:08:10.000000;2016-03-11T03:08:10.000000;9557b2c6-bcb1-4295-ba4e-b74090c641a3;417.09;0.024;UNKNOWN
2016-03-11T03:08:42.000000;2016-03-11T03:08:42.000000;9d064338-6d6a-4b3e-84c0-21a3650121a8;417.09;0.3502;UNKNOWN
2016-03-11T03:09:38.000000;2016-03-11T03:09:38.000000;ea1ec1f8-8b92-48f4-8d51-932200e364bd;416.73;12.3192;UNKNOWN
2016-03-11T03:09:38.000000;2016-03-11T03:09:38.000000;f281a04d-1783-4140-a71b-aeff97ca65b1;417.09;5.08215893;UNKNOWN
2016-03-11T03:09:38.000000;2016-03-11T03:09:38.000000;17c8aa20-f576-4e33-92d7-4f60f977d1c7;416.87;12.9505;UNKNOWN
2016-03-11T03:09:38.000000;2016-03-11T03:09:38.000000;83f357d6-7519-404e-badc-132a8ed2c046;416.69;17.16110007;UNKNOWN
2016-03-11T03:09:38.000000;2016-03-11T03:09:38.000000;b9f7c387-3a66-43e3-9f38-56e2e1b09dc0;416.88;6.0;UNKNOWN
2016-03-11T03:10:05.000000;2016-03-11T03:10:05.000000;b6481b4f-35fe-47aa-989a-e8a97644d1f8;416.89;0.46;UNKNOWN
2016-03-11T03:10:47.000000;2016-03-11T03:10:47.000000;53747691-818e-49b7-91df-cf0343920c40;416.65;12.772092;UNKNOWN
2016-03-11T03:11:04.000000;2016-03-11T03:11:04.000000;ee705bc5-af8f-46c5-b4d1-de565bc06ee4;416.65;0.125;UNKNOWN
2016-03-11T03:11:18.000000;2016-03-11T03:11:18.000000;ac5f1adf-0931-4c2a-9fef-c544b5e110ef;416.67;10.0;UNKNOWN
2016-03-11T03:11:28.000000;2016-03-11T03:11:28.000000;729b699d-7770-4d19-9a4e-6a360427e8e5;416.69;3.01;UNKNOWN
2016-03-11T03:11:28.000000;2016-03-11T03:11:28.000000;b98b0e4f-3175-4672-815d-63dbd24615d5;416.7;0.99;UNKNOWN
2016-03-11T03:11:36.000000;2016-03-11T03:11:36.000000;0e6658d0-2c3c-4a0b-b57e-3c673eaf8064;416.69;3.0;UNKNOWN
2016-03-11T03:11:59.000000;2016-03-11T03:11:59.000000;6b84accc-29ab-419f-b765-cc4415191804;416.65;4.891972;UNKNOWN
2016-03-11T03:12:27.000000;2016-03-11T03:12:27.000000;fd802ce3-cce0-4225-9415-d6b1261694d8;416.65;0.47996771;UNKNOWN
2016-03-11T03:12:51.000000;2016-03-11T03:12:51.000000;a6255cb1-1356-4431-926e-26aecf887c8b;416.65;18.876877;UNKNOWN
2016-03-11T03:12:51.000000;2016-03-11T03:12:51.000000;4910ea29-cf22-4b34-a595-783e6b30fe29;416.66;5.9561;UNKNOWN
2016-03-11T03:12:58.000000;2016-03-11T03:12:58.000000;ffbf3305-122e-4082-a86f-438295cd540d;416.65;0.02402498;UNKNOWN
2016-03-11T03:14:06.000000;2016-03-11T03:14:06.000000;81f1cd35-d46a-47a8-aed7-3631509c2d83;416.65;0.351;UNKNOWN
2016-03-11T03:14:16.000000;2016-03-11T03:14:16.000000;99f5d290-0387-4e89-8b31-8e97524238a5;416.65;1.83906631;UNKNOWN
2016-03-11T03:14:42.000000;2016-03-11T03:14:42.000000;2d51b783-5490-4cb9-a931-918bf34b1821;416.35;5.9158;UNKNOWN
2016-03-11T03:14:42.000000;2016-03-11T03:14:42.000000;525e1588-a9a0-43ff-98e0-4904854b9656;416.23;1.67600353;UNKNOWN
2016-03-11T03:14:42.000000;2016-03-11T03:14:42.000000;13f33f9e-1998-4a32-ba94-b985baaf381f;416.23;1.22491447;UNKNOWN
2016-03-11T03:14:42.000000;2016-03-11T03:14:42.000000;6833087d-dec9-4314-8917-7f9dd6cc9315;416.5;0.9;UNKNOWN
2016-03-11T03:15:08.000000;2016-03-11T03:15:08.000000;2597ffbd-f50c-48cb-b0bf-6a67ba348885;416.05;0.12743;UNKNOWN
2016-03-11T03:15:25.000000;2016-03-11T03:15:25.000000;ea44be32-74cd-4e3e-b158-46dae3ae5aa6;416.28;0.01261;UNKNOWN
2016-03-11T03:15:38.000000;2016-03-11T03:15:38.000000;5f0ebe07-e36f-4544-b172-2afd17f98a73;416.1;18.5;UNKNOWN
2016-03-11T03:16:21.000000;2016-03-11T03:16:21.000000;5859de7a-004a-4728-a5ff-ce96b3f7b21b;415.91;12.017036;UNKNOWN
2016-03-11T03:16:21.000000;2016-03-11T03:16:21.000000;23239c12-65de-4bd7-9d9d-629515c7d8c0;416.09;5.9908;UNKNOWN
2016-03-11T03:16:55.000000;2016-03-11T03:16:55.000000;49538f69-899c-45fb-9e75-7f75e3fe7c7d;415.9;9.02043172;UNKNOWN
2016-03-11T03:16:55.000000;2016-03-11T03:16:55.000000;3187fac6-b5a8-4094-87b5-b24d3fa2ca9d;415.91;0.5;UNKNOWN
2016-03-11T03:16:55.000000;2016-03-11T03:16:55.000000;eabbc83d-04e1-4aa4-8460-2bd1e8ddf5a1;415.9;0.01;UNKNOWN
2016-03-11T03:16:55.000000;2016-03-11T03:16:55.000000;2ee419d9-c84e-433a-b6a6-e3ae34d35740;415.9;3.0;UNKNOWN
2016-03-11T03:16:55.000000;2016-03-11T03:16:55.000000;124f58b4-22d2-435f-b5c0-397db4efb4c6;415.9;6.0;UNKNOWN
2016-03-11T03:18:01.000000;2016-03-11T03:18:01.000000;6a69e7c9-d3a0-43c1-8751-35c8bc81bdca;415.83;0.05;UNKNOWN
2016-03-11T03:18:01.000000;2016-03-11T03:18:01.000000;29bf1e31-a1c0-45ea-9f00-03b2b7508544;415.88;12.8747;UNKNOWN
2016-03-11T03:18:01.000000;2016-03-11T03:18:01.000000;49588c8d-af3c-4157-bf8d-1d4c7b749c73;415.82;14.604664;UNKNOWN
2016-03-11T03:19:05.000000;2016-03-11T03:19:05.000000;3ddcb362-86de-48c0-9aa0-1ad9d2351258;415.96;3.0;UNKNOWN
2016-03-11T03:19:05.000000;2016-03-11T03:19:05.000000;b41890ad-bff6-429a-aa09-3fca4b149db4;415.96;0.11771;UNKNOWN
2016-03-11T03:19:05.000000;2016-03-11T03:19:05.000000;26035941-eaa3-49ef-856f-99d1b6a706cc;415.97;3.68229;UNKNOWN
2016-03-11T03:19:05.000000;2016-03-11T03:19:05.000000;5d168b46-46c1-484c-a3c8-475613568c0a;415.96;0.5;UNKNOWN
2016-03-11T03:19:06.000000;2016-03-11T03:19:06.000000;891eada1-30b3-44fd-bcd4-af1e67d3c09f;415.91;12.8274;UNKNOWN
2016-03-11T03:19:23.000000;2016-03-11T03:19:23.000000;5171b2c9-9f2c-460d-8115-539c2490e2ed;415.88;0.941;UNKNOWN
2016-03-11T03:19:35.000000;2016-03-11T03:19:35.000000;fc8acdb7-2a0b-470d-bd0a-6a293b894654;415.81;0.25;UNKNOWN
2016-03-11T03:19:37.000000;2016-03-11T03:19:37.000000;b7786294-359d-4050-86d5-8937f1cfa179;415.81;0.25;UNKNOWN
2016-03-11T03:19:38.000000;2016-03-11T03:19:38.000000;1361d882-6329-4817-a600-35caef724063;415.8;1.140045;UNKNOWN
2016-03-11T03:19:38.000000;2016-03-11T03:19:38.000000;3d7d58e1-6855-44ea-9897-33cb1cfb679f;415.8;0.01;UNKNOWN
2016-03-11T03:19:38.000000;2016-03-11T03:19:38.000000;362f4024-6417-4f5d-a7e5-604d0ea12bc3;415.8;5.9301;UNKNOWN
2016-03-11T03:21:15.000000;2016-03-11T03:21:15.000000;89293147-fa7c-4e53-b69d-cd0f3d194f29;415.78;0.669;UNKNOWN
2016-03-11T03:21:15.000000;2016-03-11T03:21:15.000000;6bf27cf9-cb6a-4f99-8119-1fe91d449706;415.78;21.0988247;UNKNOWN
2016-03-11T03:21:15.000000;2016-03-11T03:21:15.000000;96131de5-b6c8-428b-809a-ff1569a4572e;415.78;0.06793238;UNKNOWN
2016-03-11T03:21:15.000000;2016-03-11T03:21:15.000000;fa345d72-dd14-41ba-9db3-15520f2d84b3;415.78;0.82160792;UNKNOWN
2016-03-11T03:21:59.000000;2016-03-11T03:21:59.000000;deeab38f-f238-4a4b-8d11-8d18280c97fc;415.92;0.093056;UNKNOWN
2016-03-11T03:22:02.000000;2016-03-11T03:22:02.000000;7501d966-a9ea-4872-8e62-8566d3dd925d;415.92;29.0283;UNKNOWN
2016-03-11T03:22:02.000000;2016-03-11T03:22:02.000000;96e53054-8f59-4177-9cc5-3a5395925c12;415.91;2.852614;UNKNOWN
2016-03-11T03:22:02.000000;2016-03-11T03:22:02.000000;ffcf1d75-115e-4480-a54b-8a92f1b6aa26;415.92;5.875444;UNKNOWN
2016-03-11T03:22:49.000000;2016-03-11T03:22:49.000000;7a95b54b-c015-4c68-8658-6e9dc764ffc5;416.05;0.8673;UNKNOWN
2016-03-11T03:22:52.000000;2016-03-11T03:22:52.000000;acdd27f2-2ef3-46ec-b524-39edffd5cd48;416.05;5.0757;UNKNOWN
2016-03-11T03:24:12.000000;2016-03-11T03:24:12.000000;e24d284a-54cf-46f2-bcbd-4f824ef27ce1;416.35;0.016322;UNKNOWN
2016-03-11T03:26:08.000000;2016-03-11T03:26:08.000000;abd7f852-e2c7-41fe-a2f8-8f34abafbee3;416.33;0.023099;UNKNOWN
2016-03-11T03:27:06.000000;2016-03-11T03:27:06.000000;c8011162-19d8-4c28-8209-d2bdc3eb6f8a;416.51;0.023848;UNKNOWN
2016-03-11T03:27:06.000000;2016-03-11T03:27:06.000000;76079235-9c6a-483e-9b6b-cd9928005495;416.6;0.5;UNKNOWN
2016-03-11T03:27:06.000000;2016-03-11T03:27:06.000000;f30408ac-bdb1-4fe9-9b5f-46283863adcf;416.61;1.476152;UNKNOWN
2016-03-11T03:27:08.000000;2016-03-11T03:27:08.000000;b3bd8682-9cb0-455b-918d-88c24f800585;416.61;0.022037;UNKNOWN
2016-03-11T03:27:16.000000;2016-03-11T03:27:16.000000;8a789e32-99bc-4a0c-92da-9849a1eade15;416.46;1.802837;UNKNOWN
2016-03-11T03:27:16.000000;2016-03-11T03:27:16.000000;ef3980bc-1030-44d0-b9bb-13b930b0f896;416.61;5.887063;UNKNOWN
2016-03-11T03:27:16.000000;2016-03-11T03:27:16.000000;796b72a1-db4a-4e5b-a3f9-977cc4fae2a5;416.48;0.394;UNKNOWN
2016-03-11T03:27:16.000000;2016-03-11T03:27:16.000000;c55bfb2c-2027-4088-9b39-5a800f988b74;416.6;11.9161;UNKNOWN
2016-03-11T03:27:56.000000;2016-03-11T03:27:56.000000;fa35680c-714d-42aa-9b12-d1005d9b1bdb;416.31;0.039545;UNKNOWN
2016-03-11T03:29:03.000000;2016-03-11T03:29:03.000000;fc5669bd-2d01-49e0-9b2a-5d9732724dd6;416.19;0.02403479;UNKNOWN
2016-03-11T03:29:08.000000;2016-03-11T03:29:08.000000;1f432897-d26b-4e8f-8b49-37623bf0bb21;416.21;0.018476;UNKNOWN
2016-03-11T03:29:28.000000;2016-03-11T03:29:28.000000;6cfa72d8-b320-4491-aadf-5267adc91721;416.16;2.40736;UNKNOWN
2016-03-11T03:29:34.000000;2016-03-11T03:29:34.000000;412dd5f3-df25-4054-9b4e-246716d1d835;416.17;0.024238;UNKNOWN
2016-03-11T03:29:37.000000;2016-03-11T03:29:37.000000;30d12e65-2c99-490d-8f1d-1d6a5902a800;416.22;0.015926;UNKNOWN
2016-03-11T03:31:09.000000;2016-03-11T03:31:09.000000;c5b1fc1b-c420-4897-bf0f-9e1a8cbcd133;416.19;0.016401;UNKNOWN
2016-03-11T03:31:29.000000;2016-03-11T03:31:29.000000;58cbcc8a-284b-4bae-a3e5-29000aec3ee3;416.24;0.36952013;UNKNOWN
2016-03-11T03:31:29.000000;2016-03-11T03:31:29.000000;04a06b32-0d0f-4a64-9dee-3fce7db0d735;416.24;0.14961087;UNKNOWN
2016-03-11T03:31:35.000000;2016-03-11T03:31:35.000000;24d9f7c8-4522-401f-a0cc-d09c2a276c38;416.31;0.018621;UNKNOWN
2016-03-11T03:32:44.000000;2016-03-11T03:32:44.000000;7f9abf09-56c7-46ea-98f3-1551f420d27e;416.38;3.0;UNKNOWN
2016-03-11T03:33:11.000000;2016-03-11T03:33:11.000000;7703c60b-599c-466d-949c-d2337284e784;416.94;0.01;UNKNOWN
2016-03-11T03:34:13.000000;2016-03-11T03:34:13.000000;44590a3c-b66f-484b-809e-0a137ae9046e;416.66;0.05670431;UNKNOWN
2016-03-11T03:34:15.000000;2016-03-11T03:34:15.000000;f0b07202-3d50-4e11-951a-77f7c28d3bf3;416.92;1.96842447;UNKNOWN
2016-03-11T03:36:11.000000;2016-03-11T03:36:11.000000;95a7242c-2757-4437-a662-216b784ab8e5;416.74;0.35;UNKNOWN
2016-03-11T03:37:03.000000;2016-03-11T03:37:03.000000;cba7fa22-3b47-47f5-b071-7e472285c6f8;416.74;0.01;UNKNOWN
2016-03-11T03:38:05.000000;2016-03-11T03:38:05.000000;9f194b2d-b74d-481d-bffd-5a095e7fc6bd;416.77;2.14087683;UNKNOWN
2016-03-11T03:38:15.000000;2016-03-11T03:38:15.000000;8181e3fb-7cda-4f27-b2aa-7dfc403dec2d;416.78;0.36503835;UNKNOWN
2016-03-11T03:38:15.000000;2016-03-11T03:38:15.000000;d0980742-5363-4c2c-ae90-285e6ae5a6b5;416.79;0.5;UNKNOWN
2016-03-11T03:39:10.000000;2016-03-11T03:39:10.000000;942c3e77-b3f6-4e02-8935-4280a5daf6bc;416.75;6.01414663;UNKNOWN
2016-03-11T03:39:10.000000;2016-03-11T03:39:10.000000;ec341a9e-8076-4142-b8fb-ac39029ce60c;416.88;5.9849;UNKNOWN
2016-03-11T03:39:10.000000;2016-03-11T03:39:10.000000;9e8c1841-377c-493a-b6d8-c1a526b11c1e;416.76;0.022;UNKNOWN
2016-03-11T03:39:22.000000;2016-03-11T03:39:22.000000;35c8f9f3-60e1-43be-a498-d61b6f7df9f0;416.6;0.038902;UNKNOWN
2016-03-11T03:39:30.000000;2016-03-11T03:39:30.000000;6618a066-dc7d-4c24-b9fb-2dea5436c2f5;416.61;0.09853469;UNKNOWN
2016-03-11T03:39:30.000000;2016-03-11T03:39:30.000000;7fa4e522-e386-44e8-b2b1-29a6bff1cddf;416.61;0.05199431;UNKNOWN
2016-03-11T03:39:34.000000;2016-03-11T03:39:34.000000;8a2c746f-a91b-4f29-8bba-6847d18ae467;416.94;0.0208;UNKNOWN
2016-03-11T03:40:59.000000;2016-03-11T03:40:59.000000;c3a59d0d-9f36-4313-9a76-693b25f18d0f;416.86;0.3506;UNKNOWN
2016-03-11T03:41:07.000000;2016-03-11T03:41:07.000000;2e81f01f-ad50-4d34-94e2-5aef9076bf42;416.86;0.040354;UNKNOWN
2016-03-11T03:42:35.000000;2016-03-11T03:42:35.000000;12eb9a64-0b42-4105-b278-1d1ed8a9d469;416.86;0.085886;UNKNOWN
2016-03-11T03:42:40.000000;2016-03-11T03:42:40.000000;ed70a237-b33d-4940-8bf4-48b29c80e81a;416.9;0.038769;UNKNOWN
2016-03-11T03:43:59.000000;2016-03-11T03:43:59.000000;e1d56941-ef3a-48f9-a680-f14735cfeff6;417.13;5.9732;UNKNOWN
2016-03-11T03:43:59.000000;2016-03-11T03:43:59.000000;b5cd6403-908f-44b1-8559-c5c3f9c01639;417.14;9.0268;UNKNOWN
2016-03-11T03:45:45.000000;2016-03-11T03:45:45.000000;4438315e-b3da-4e8d-8690-58096184fcb9;416.95;0.048137;UNKNOWN
2016-03-11T03:45:50.000000;2016-03-11T03:45:50.000000;ceddf649-a241-4742-91db-7cdd7081e801;416.97;0.023351;UNKNOWN
2016-03-11T03:46:07.000000;2016-03-11T03:46:07.000000;0326c595-1fc2-4ad6-a1fc-883fe796c482;416.97;0.3504;UNKNOWN
2016-03-11T03:46:55.000000;2016-03-11T03:46:55.000000;0fb21a8e-699c-4017-971b-51f6b4414f20;416.97;0.022982;UNKNOWN
2016-03-11T03:47:05.000000;2016-03-11T03:47:05.000000;abed7cef-11b8-45c4-9dfa-b6895f29983d;417.22;3.0;UNKNOWN
2016-03-11T03:48:08.000000;2016-03-11T03:48:08.000000;0859ab41-208b-4fc7-b529-fc4baffbf359;417.02;1.55079448;UNKNOWN
2016-03-11T03:50:29.000000;2016-03-11T03:50:29.000000;6bd8bc00-6f7c-450f-bb4a-bbbb26dd468d;416.95;0.25;UNKNOWN
2016-03-11T03:51:36.000000;2016-03-11T03:51:36.000000;deea05c9-afd7-41ec-b90b-6c13a61f63e9;416.86;0.3522;UNKNOWN
2016-03-11T03:52:06.000000;2016-03-11T03:52:06.000000;042d01bd-02a5-4e57-a8c0-a4d26934a15e;417.02;0.92764445;UNKNOWN
2016-03-11T03:53:24.000000;2016-03-11T03:53:24.000000;7d20de8b-ee46-43a3-b8fb-15dc3eef027c;416.96;2.6207;UNKNOWN
2016-03-11T03:54:05.000000;2016-03-11T03:54:05.000000;76434c39-9c0e-439d-bdad-9154f623b8cc;417.17;0.01;UNKNOWN
2016-03-11T03:54:06.000000;2016-03-11T03:54:06.000000;2370ee5a-5f0f-42ea-a8ae-4b29af676005;417.16;0.01364504;UNKNOWN
2016-03-11T03:55:13.000000;2016-03-11T03:55:13.000000;f49db80e-af1f-43f6-8727-3732b824e3a2;417.02;0.35637918;UNKNOWN
2016-03-11T03:56:08.000000;2016-03-11T03:56:08.000000;5ebcc4e2-119f-4ce8-9634-1fada89d3e51;416.95;0.233;UNKNOWN
2016-03-11T03:56:36.000000;2016-03-11T03:56:36.000000;f2c451d6-4357-4b3d-91a6-e8c5d404c5a8;416.96;0.3507;UNKNOWN
2016-03-11T03:57:43.000000;2016-03-11T03:57:43.000000;d9e02017-d2bb-41c6-8e31-a52119e4b6ef;417.06;1.5;UNKNOWN
2016-03-11T03:59:05.000000;2016-03-11T03:59:05.000000;6e276e35-392b-4fe8-bd6c-1e87953ec0ca;416.66;0.35770787;UNKNOWN
2016-03-11T04:00:41.000000;2016-03-11T04:00:41.000000;b7c81009-a34f-4a1d-9688-2d3617d648c0;416.66;0.7953;UNKNOWN
2016-03-11T04:01:29.000000;2016-03-11T04:01:29.000000;49d08200-0fc1-4995-bf44-b1c6333e9103;416.65;0.15996934;UNKNOWN
2016-03-11T04:01:32.000000;2016-03-11T04:01:32.000000;53aaf8cd-97dd-4518-8e89-26b259c6cfab;416.65;0.1505795;UNKNOWN
2016-03-11T04:01:35.000000;2016-03-11T04:01:35.000000;a31d4fd0-1ecf-4e04-9d8c-16db06664413;416.65;0.68543363;UNKNOWN
2016-03-11T04:01:36.000000;2016-03-11T04:01:36.000000;84eceb24-ffe8-4078-b63f-ad1ce11613b2;416.65;0.68543363;UNKNOWN
2016-03-11T04:02:10.000000;2016-03-11T04:02:10.000000;56e4d8bf-c240-4540-b8cd-f078e38c6f43;416.65;2.5;UNKNOWN
2016-03-11T04:02:47.000000;2016-03-11T04:02:47.000000;d1207018-5b46-4cb0-8baf-12de19e8a69a;416.66;0.68543363;UNKNOWN
2016-03-11T04:03:26.000000;2016-03-11T04:03:26.000000;a74b8693-d8d0-4bd8-8669-9921a52ac46d;416.65;0.1139121;UNKNOWN
2016-03-11T04:03:29.000000;2016-03-11T04:03:29.000000;05cccb0b-2b3f-4ef0-af0b-355ae49ff484;416.65;0.64050346;UNKNOWN
2016-03-11T04:03:32.000000;2016-03-11T04:03:32.000000;b9e5551b-eb4d-4c36-861f-778548f8a089;416.65;0.13124769;UNKNOWN
2016-03-11T04:03:36.000000;2016-03-11T04:03:36.000000;972fe0f5-3981-4a84-8588-11e3719a6b39;416.65;0.38419733;UNKNOWN
2016-03-11T04:03:39.000000;2016-03-11T04:03:39.000000;b5b748c6-ddcb-4c87-9831-bbcfbe0606c8;416.65;0.28014055;UNKNOWN
2016-03-11T04:04:05.000000;2016-03-11T04:04:05.000000;6384a902-7f43-4be9-bca9-a7539242107a;416.66;0.5001;UNKNOWN
2016-03-11T04:04:06.000000;2016-03-11T04:04:06.000000;065edf61-b5ff-4ec1-afc0-b09c10eb0006;416.66;0.1143692;UNKNOWN
2016-03-11T04:04:53.000000;2016-03-11T04:04:53.000000;76406122-9493-467d-b98b-f0e5e88cf285;416.65;0.16013791;UNKNOWN
2016-03-11T04:04:56.000000;2016-03-11T04:04:56.000000;8f0c3a0f-4d61-4c60-934f-fd20a05352b2;416.65;0.02912939;UNKNOWN
2016-03-11T04:05:02.000000;2016-03-11T04:05:02.000000;9e702c98-9c60-4d00-b841-9dc0ded67f8a;416.65;0.04139105;UNKNOWN
2016-03-11T04:05:06.000000;2016-03-11T04:05:06.000000;f6511fb2-a5a5-4513-95c5-ae9a57ea14df;416.65;0.1424669;UNKNOWN
2016-03-11T04:06:00.000000;2016-03-11T04:06:00.000000;124aeefd-e3db-4d6c-87f4-51002055d8b3;416.66;0.02768385;UNKNOWN
2016-03-11T04:06:04.000000;2016-03-11T04:06:04.000000;589f41c9-36fd-4a31-aa4f-0274387a5f11;416.66;0.0401265;UNKNOWN
2016-03-11T04:06:06.000000;2016-03-11T04:06:06.000000;f1202ea6-2529-4650-b1b4-a4b76c2c75d0;416.65;0.2;UNKNOWN
2016-03-11T04:06:08.000000;2016-03-11T04:06:08.000000;2713e7ad-8bc0-4a8f-b204-6e724c58c8b5;416.65;1.83550011;UNKNOWN
2016-03-11T04:06:23.000000;2016-03-11T04:06:23.000000;2e9d8933-c52d-4f62-89be-40ceb0a4e66c;416.66;0.023;UNKNOWN
2016-03-11T04:06:36.000000;2016-03-11T04:06:36.000000;c9d11d71-0a66-4bf8-9aa8-7655fa681958;416.65;0.01443377;UNKNOWN
2016-03-11T04:06:38.000000;2016-03-11T04:06:38.000000;786dadb9-b61a-4df3-9aed-3704e22f9cea;416.65;0.03506081;UNKNOWN
2016-03-11T04:06:40.000000;2016-03-11T04:06:40.000000;ea412a7d-c62b-4f8e-9b26-6c3bbc42ad8f;416.66;0.02809592;UNKNOWN
2016-03-11T04:06:42.000000;2016-03-11T04:06:42.000000;4bfe042f-6340-4b76-9460-a4a5c1f1ad45;416.65;0.0203653;UNKNOWN
2016-03-11T04:06:46.000000;2016-03-11T04:06:46.000000;25d7d473-4cb7-40dd-91f8-6f4ee8a6a638;416.65;0.139222;UNKNOWN
2016-03-11T04:06:51.000000;2016-03-11T04:06:51.000000;38e7be51-3522-437e-a134-1064b0f9d045;416.65;0.0242158;UNKNOWN
2016-03-11T04:06:52.000000;2016-03-11T04:06:52.000000;09a603de-22b5-45c2-a806-fe0194542491;416.65;1.0798;UNKNOWN
2016-03-11T04:06:54.000000;2016-03-11T04:06:54.000000;d20b58cd-9f18-455c-b49a-56c618a7f470;416.65;0.03561785;UNKNOWN
2016-03-11T04:06:57.000000;2016-03-11T04:06:57.000000;9c8cd371-e4b8-455c-b8ff-768e5ff3bee7;416.65;0.01;UNKNOWN
2016-03-11T04:07:01.000000;2016-03-11T04:07:01.000000;241f5e70-6fab-4c2e-b5b8-2056a0bd867e;416.65;0.03526697;UNKNOWN
2016-03-11T04:07:20.000000;2016-03-11T04:07:20.000000;a5f4b5d4-229e-4084-95b0-7b7b393152c5;416.66;6.95648303;UNKNOWN
2016-03-11T04:08:08.000000;2016-03-11T04:08:08.000000;a1ae9d48-b00d-48d6-8417-5ba55b3e6839;417.29;0.03003122;UNKNOWN
2016-03-11T04:09:11.000000;2016-03-11T04:09:11.000000;1eff3b7c-4af8-4cad-83d4-922655d99d17;417.3;0.01;UNKNOWN
2016-03-11T04:09:11.000000;2016-03-11T04:09:11.000000;e67316b7-fe7f-46b9-84ea-0f52f4d6d905;417.4;0.00258;UNKNOWN
2016-03-11T04:10:14.000000;2016-03-11T04:10:14.000000;0f7e9c3b-1e25-4139-a47b-770bc0ad43c6;417.4;0.00742;UNKNOWN
2016-03-11T04:10:14.000000;2016-03-11T04:10:14.000000;7ac8d6f4-7c2a-4b97-a2e7-c548185b3b88;417.48;0.5;UNKNOWN
2016-03-11T04:10:14.000000;2016-03-11T04:10:14.000000;68202e28-16bd-428b-814f-496ad3800e89;417.49;3.0;UNKNOWN
2016-03-11T04:10:14.000000;2016-03-11T04:10:14.000000;e652f55f-b09b-4e89-bf54-b6c9544b9217;417.5;6.49258;UNKNOWN
2016-03-11T04:10:29.000000;2016-03-11T04:10:29.000000;919df7d9-5fd9-462a-b62c-b82cd3122515;417.4;0.01483902;UNKNOWN
2016-03-11T04:10:33.000000;2016-03-11T04:10:33.000000;8c21b58f-211e-4580-8bfd-2c84e2ba9a00;417.32;0.01228658;UNKNOWN
2016-03-11T04:10:37.000000;2016-03-11T04:10:37.000000;e435ac79-e777-4d18-a31c-9a2da140a10d;417.5;1.0;UNKNOWN
2016-03-11T04:10:37.000000;2016-03-11T04:10:37.000000;0ee4ebf5-b707-4056-be66-d1226e058d7b;417.6;0.01;UNKNOWN
2016-03-11T04:10:37.000000;2016-03-11T04:10:37.000000;f6e0c214-c854-4c2d-bca5-bbc419475e9d;417.5;3.50742;UNKNOWN
2016-03-11T04:10:37.000000;2016-03-11T04:10:37.000000;5c96ccdb-14d4-489b-95ab-a74bacb2645f;417.64;5.47258;UNKNOWN
2016-03-11T04:10:37.000000;2016-03-11T04:10:37.000000;aa3e68bf-bc09-4698-ad35-08aab4d96c26;417.5;0.01;UNKNOWN
2016-03-11T04:10:56.000000;2016-03-11T04:10:56.000000;76010010-9f52-40bc-8495-3360fcd16329;417.65;2.0;UNKNOWN
2016-03-11T04:11:04.000000;2016-03-11T04:11:04.000000;c40f3f3a-2ad7-49f9-a24d-48780aa89acc;417.66;0.125;UNKNOWN
2016-03-11T04:11:50.000000;2016-03-11T04:11:50.000000;8ce9769f-04f4-4d74-a1ff-0a79f6f6ab68;417.66;8.2974718;UNKNOWN
2016-03-11T04:11:53.000000;2016-03-11T04:11:53.000000;fb109074-acef-4134-87a9-437cae7b7ad8;417.66;0.01263778;UNKNOWN
2016-03-11T04:12:05.000000;2016-03-11T04:12:05.000000;ba2f5180-ed86-4686-bf3c-b64c5e80648e;417.67;0.01;UNKNOWN
2016-03-11T04:12:05.000000;2016-03-11T04:12:05.000000;0e7e0847-12e7-4a3b-9333-e699b54e8100;417.67;4.99;UNKNOWN
2016-03-11T04:12:07.000000;2016-03-11T04:12:07.000000;09ce5dfe-b92b-4350-9694-631a431fed6d;417.66;0.09;UNKNOWN
2016-03-11T04:14:21.000000;2016-03-11T04:14:21.000000;0a69ada4-0f21-498b-9c5e-0432ab0ce9a5;417.69;3.0;UNKNOWN
2016-03-11T04:14:28.000000;2016-03-11T04:14:28.000000;392f40d0-7269-4805-a60f-f50bd0c96d91;417.66;0.47933778;UNKNOWN
2016-03-11T04:16:15.000000;2016-03-11T04:16:15.000000;8e2a9e7d-0852-447d-a798-454008727413;417.67;0.01262;UNKNOWN
2016-03-11T04:16:21.000000;2016-03-11T04:16:21.000000;fecd86ce-073c-499b-80dd-0d41bcf9941e;417.67;0.2758;UNKNOWN
2016-03-11T04:17:03.000000;2016-03-11T04:17:03.000000;34d481e1-c4ba-4ed2-b4dc-c9b03d178590;417.67;0.14504413;UNKNOWN
2016-03-11T04:17:10.000000;2016-03-11T04:17:10.000000;94f51763-87c8-4f66-b281-4af921fc6d2a;417.67;0.056989;UNKNOWN
2016-03-11T04:18:13.000000;2016-03-11T04:18:13.000000;ffa4c768-991e-4030-8cbb-e33b94d0ae17;417.67;0.35658251;UNKNOWN
2016-03-11T04:20:28.000000;2016-03-11T04:20:28.000000;dda0b81e-da87-45f1-abd7-a4af5b0d3ff1;417.67;0.12;UNKNOWN
2016-03-11T04:21:27.000000;2016-03-11T04:21:27.000000;fade981c-ef4d-4bd8-84a7-c75980ea3ef3;417.67;0.0122906;UNKNOWN
2016-03-11T04:21:49.000000;2016-03-11T04:21:49.000000;6f588d0e-348a-4f1c-a973-39f0d0c25ab2;417.67;0.01474805;UNKNOWN
2016-03-11T04:21:56.000000;2016-03-11T04:21:56.000000;2f3ae74f-7b90-4193-ad83-7973a454729b;417.67;0.0701716;UNKNOWN
2016-03-11T04:22:01.000000;2016-03-11T04:22:01.000000;8b4cd0ab-983e-436d-a8cc-90367a63b816;417.67;0.03196432;UNKNOWN
2016-03-11T04:22:09.000000;2016-03-11T04:22:09.000000;9ce4f3ad-62b5-4a91-9c79-293496f36e05;417.67;0.01983795;UNKNOWN
2016-03-11T04:22:28.000000;2016-03-11T04:22:28.000000;1d656c7a-e900-4053-abd9-87e185e463f3;417.67;0.0200598;UNKNOWN
2016-03-11T04:22:31.000000;2016-03-11T04:22:31.000000;d86153f0-0f9c-44d9-809f-28028ded5005;417.69;0.7;UNKNOWN
2016-03-11T04:24:18.000000;2016-03-11T04:24:18.000000;297b65ce-4198-4a6d-b988-6368da5c28c6;417.69;0.21090357;UNKNOWN
2016-03-11T04:25:06.000000;2016-03-11T04:25:06.000000;1772fbc9-32ea-4a83-bb66-4f9917d455b5;417.69;0.5;UNKNOWN
2016-03-11T04:25:06.000000;2016-03-11T04:25:06.000000;96407398-d055-46a2-92f0-4082daa48242;417.68;0.5;UNKNOWN
2016-03-11T04:26:05.000000;2016-03-11T04:26:05.000000;3ab10032-f852-4f68-a431-59362a31278b;417.89;0.07528801;UNKNOWN
2016-03-11T04:26:05.000000;2016-03-11T04:26:05.000000;8df428f1-fc3a-4a3b-a933-06891e6e48e2;417.8;0.01;UNKNOWN
2016-03-11T04:26:05.000000;2016-03-11T04:26:05.000000;2d5ae3b0-d46d-452b-b811-16647c727935;417.7;0.01;UNKNOWN
2016-03-11T04:26:19.000000;2016-03-11T04:26:19.000000;5b0c884c-d918-4235-b21f-84e5648920e4;417.9;0.01;UNKNOWN
2016-03-11T04:26:19.000000;2016-03-11T04:26:19.000000;8945d092-c2c1-4e1a-968a-4bcc73f2126c;417.9;0.0465;UNKNOWN
2016-03-11T04:26:28.000000;2016-03-11T04:26:28.000000;3248a776-7952-49d6-af7a-9bb3e055001f;417.9;0.9535;UNKNOWN
2016-03-11T04:26:28.000000;2016-03-11T04:26:28.000000;510205a2-6d36-4987-bce6-ba2295cb3a86;417.98;0.1;UNKNOWN
2016-03-11T04:26:28.000000;2016-03-11T04:26:28.000000;dc791042-c727-4dbe-a36c-c117473511ba;418.0;1.9465;UNKNOWN
2016-03-11T04:30:13.000000;2016-03-11T04:30:13.000000;981d40d2-8bf9-4cb0-b21f-6bd290ded667;417.84;0.01064351;UNKNOWN
2016-03-11T04:30:30.000000;2016-03-11T04:30:30.000000;86ce3e08-4621-43e6-91b1-f0b34bf807f4;417.86;0.0410278;UNKNOWN
2016-03-11T04:30:31.000000;2016-03-11T04:30:31.000000;dd0c74b4-e9d4-4874-9c0c-cc17371bb82d;418.0;0.22;UNKNOWN
2016-03-11T04:30:31.000000;2016-03-11T04:30:31.000000;0dd3d5fa-e6bb-4b87-a48e-5b46d70354af;418.0;1.5265;UNKNOWN
2016-03-11T04:30:31.000000;2016-03-11T04:30:31.000000;71eae024-4b37-498e-957b-99a9bfd0d4fd;418.0;8.0535;UNKNOWN
2016-03-11T04:30:31.000000;2016-03-11T04:30:31.000000;5f36d191-9a91-449d-b75c-1a9e323888d0;418.0;0.2;UNKNOWN
2016-03-11T04:30:35.000000;2016-03-11T04:30:35.000000;a9c6b459-7659-4fd5-aa4c-b3cb2b9edb3e;418.0;0.0324;UNKNOWN
2016-03-11T04:30:47.000000;2016-03-11T04:30:47.000000;3c1cbee5-a930-431f-94bd-7f658326a61f;417.96;0.01303242;UNKNOWN
2016-03-11T04:30:52.000000;2016-03-11T04:30:52.000000;94e180c6-d869-4684-b0b4-f68d4a69415e;417.96;0.01286917;UNKNOWN
2016-03-11T04:30:57.000000;2016-03-11T04:30:57.000000;b5e51b10-d17c-4abc-aa3d-81e30445f10d;417.96;0.01271162;UNKNOWN
2016-03-11T04:31:05.000000;2016-03-11T04:31:05.000000;8d9f92e6-5212-4807-9059-9fe45a38c68b;418.0;0.05842072;UNKNOWN
2016-03-11T04:31:05.000000;2016-03-11T04:31:05.000000;0a089f04-341a-44d5-9f94-3ec1d9174402;417.98;0.01303242;UNKNOWN
2016-03-11T04:34:05.000000;2016-03-11T04:34:05.000000;ed661946-fff1-4da7-9c99-3f668334a716;418.0;0.14267981;UNKNOWN
2016-03-11T04:34:17.000000;2016-03-11T04:34:17.000000;a95178d1-3c7e-42f3-8681-9c58a71a319e;417.99;2.0249;UNKNOWN
2016-03-11T04:36:10.000000;2016-03-11T04:36:10.000000;e2a44dca-aaf5-4761-b5b0-01b67f2dc7e6;418.2;0.23956834;UNKNOWN
2016-03-11T04:36:10.000000;2016-03-11T04:36:10.000000;6ee5cdf7-fcfb-4760-973d-28295ff1419f;418.04;0.3672782;UNKNOWN
2016-03-11T04:36:10.000000;2016-03-11T04:36:10.000000;3395d191-353b-4796-9d48-e7b86451a19f;418.1;0.01;UNKNOWN
2016-03-11T04:36:10.000000;2016-03-11T04:36:10.000000;47efff14-823b-4363-a1e9-47a8a70f3cb5;418.21;5.12335399;UNKNOWN
2016-03-11T04:36:10.000000;2016-03-11T04:36:10.000000;9736c8b3-6da1-4d00-8b4d-3839f8005768;418.0;0.2498;UNKNOWN
2016-03-11T04:36:10.000000;2016-03-11T04:36:10.000000;3580c301-00a3-449f-bd0a-39a55ce7c59d;418.0;10.0;UNKNOWN
2016-03-11T04:36:10.000000;2016-03-11T04:36:10.000000;4e5c107c-35ec-4573-b605-ef282520cb98;418.0;10.0;UNKNOWN
2016-03-11T04:36:10.000000;2016-03-11T04:36:10.000000;fd9f6920-4244-455a-9912-53a75c718840;418.0;5.23999947;UNKNOWN
2016-03-11T04:36:10.000000;2016-03-11T04:36:10.000000;414db66d-85d8-4ba3-a40e-176d50e1fa59;418.0;25.75;UNKNOWN
2016-03-11T04:36:10.000000;2016-03-11T04:36:10.000000;41dbbc9f-f8d8-4ca8-ab69-b9c3e01b35f8;418.15;0.01;UNKNOWN
2016-03-11T04:36:10.000000;2016-03-11T04:36:10.000000;f9c05620-5787-483c-a56a-2e0bceb14d53;418.0;0.01;UNKNOWN
2016-03-11T04:36:15.000000;2016-03-11T04:36:15.000000;d2d48734-031a-4ab8-a2df-bba0323bbcd1;418.05;2.375;UNKNOWN
2016-03-11T04:36:31.000000;2016-03-11T04:36:31.000000;7dd2b4c5-c9f3-4f70-a459-47dcb05ab098;418.21;2.0;UNKNOWN
2016-03-11T04:37:05.000000;2016-03-11T04:37:05.000000;945f3b43-87a7-4dae-93ba-9088fa49996a;418.4;3.50335399;UNKNOWN
2016-03-11T04:37:05.000000;2016-03-11T04:37:05.000000;5f73e404-1827-4937-885f-f487580872f3;418.3;0.1;UNKNOWN
2016-03-11T04:37:05.000000;2016-03-11T04:37:05.000000;65aac959-5708-45ad-b2a2-88481062764b;418.39;0.02;UNKNOWN
2016-03-11T04:37:05.000000;2016-03-11T04:37:05.000000;2d05a8f2-8e8c-44b0-9041-4216ade4288a;418.39;3.0;UNKNOWN
2016-03-11T04:37:05.000000;2016-03-11T04:37:05.000000;fd16fce7-441d-4d84-9147-e7cb06e27941;418.2;0.5;UNKNOWN
2016-03-11T04:37:05.000000;2016-03-11T04:37:05.000000;09016b10-eab8-4f04-bec9-426f39b72064;418.21;2.87664601;UNKNOWN
2016-03-11T04:37:06.000000;2016-03-11T04:37:06.000000;4c5707ee-22f8-40b8-8361-1f0d962c744d;418.39;1.06902848;UNKNOWN
2016-03-11T04:37:14.000000;2016-03-11T04:37:14.000000;62062d76-7ab9-4154-a16d-98b826af141a;418.39;0.08567161;UNKNOWN
2016-03-11T04:37:14.000000;2016-03-11T04:37:14.000000;abfb76dd-f53c-4a9c-9a66-2c17675193e1;418.39;0.41432839;UNKNOWN
2016-03-11T04:37:14.000000;2016-03-11T04:37:14.000000;8b5fe9c3-edd2-4cbf-aaa5-ddea719766bd;418.39;2.58567161;UNKNOWN
2016-03-11T04:37:59.000000;2016-03-11T04:37:59.000000;e55c72ca-b38f-4b9f-974f-11dc0bc75c05;418.2;0.5;UNKNOWN
2016-03-11T04:39:05.000000;2016-03-11T04:39:05.000000;4509a30e-d54d-4c4f-b46d-ea33c52bfbf6;418.29;1.07877451;UNKNOWN
2016-03-11T04:39:42.000000;2016-03-11T04:39:42.000000;186cfbef-8d38-49de-9cff-add3efa66d59;418.13;0.05;UNKNOWN
2016-03-11T04:40:49.000000;2016-03-11T04:40:49.000000;857ddb51-1f96-4458-b795-d75154e3b001;418.02;5.9444;UNKNOWN
2016-03-11T04:40:49.000000;2016-03-11T04:40:49.000000;d4a93a9b-9beb-487d-8d35-b33cef72011f;417.86;5.5667366;UNKNOWN
2016-03-11T04:40:49.000000;2016-03-11T04:40:49.000000;3427efb0-28ea-49a5-9c6b-8f0e41fbb6e2;418.12;0.1195;UNKNOWN
2016-03-11T04:40:49.000000;2016-03-11T04:40:49.000000;533efaba-e1a1-4911-b529-aefb07fa8802;418.12;0.204;UNKNOWN
2016-03-11T04:41:45.000000;2016-03-11T04:41:45.000000;e0330f1f-922c-4e71-8497-685e8304662d;417.94;0.072021;UNKNOWN
2016-03-11T04:41:46.000000;2016-03-11T04:41:46.000000;f145bfa7-386a-497b-a6ab-519bc4e21b32;418.32;6.41;UNKNOWN
2016-03-11T04:41:46.000000;2016-03-11T04:41:46.000000;4d51beaf-62d5-4c1f-ac48-8a3417360153;418.33;0.5;UNKNOWN
2016-03-11T04:41:46.000000;2016-03-11T04:41:46.000000;f101746f-bf46-4a4d-b3f0-f610c960da35;418.33;2.6573;UNKNOWN
2016-03-11T04:41:48.000000;2016-03-11T04:41:48.000000;0cb98342-be42-48f4-89bf-b78800f0c545;417.96;0.099979;UNKNOWN
2016-03-11T04:42:05.000000;2016-03-11T04:42:05.000000;0b4b0c38-7f7d-4fec-a688-856839258e30;418.4;0.49953641;UNKNOWN
2016-03-11T04:42:38.000000;2016-03-11T04:42:38.000000;17a8dc01-3098-4803-849d-aaa005181fbf;418.25;1.2689577;UNKNOWN
2016-03-11T04:43:29.000000;2016-03-11T04:43:29.000000;077e995b-9b5d-4462-bdf4-b034cdf2f4a2;418.4;1.4271096;UNKNOWN
2016-03-11T04:43:30.000000;2016-03-11T04:43:30.000000;54db8268-9aa5-454e-a4fe-6f664ec2e934;418.47;0.0257;UNKNOWN
2016-03-11T04:43:35.000000;2016-03-11T04:43:35.000000;64983ec2-ae8f-441b-95e0-9f0f1a03146a;418.41;1.0;UNKNOWN
2016-03-11T04:44:00.000000;2016-03-11T04:44:00.000000;926e7715-6335-41c2-a1a8-44dafa047f3b;418.4;1.0;UNKNOWN
2016-03-11T04:44:28.000000;2016-03-11T04:44:28.000000;1cf354a8-e732-4545-b9d4-072147f86983;418.4;1.0;UNKNOWN
2016-03-11T04:44:53.000000;2016-03-11T04:44:53.000000;c244db95-db7b-48ee-a212-ef8fec0383b5;418.47;0.335201;UNKNOWN
2016-03-11T04:44:53.000000;2016-03-11T04:44:53.000000;c19fd360-2848-4b38-ab11-4a42b5c27149;418.41;0.060499;UNKNOWN
2016-03-11T04:44:53.000000;2016-03-11T04:44:53.000000;961dc889-2cb8-46da-b99f-9da23bc0af0f;418.4;1.0;UNKNOWN
2016-03-11T04:45:13.000000;2016-03-11T04:45:13.000000;a4f3475e-2218-4192-be0c-dda8065d695d;418.4;0.12562516;UNKNOWN
2016-03-11T04:45:14.000000;2016-03-11T04:45:14.000000;3740b259-3c38-4746-9880-275f622aaef6;418.4;0.07182;UNKNOWN
2016-03-11T04:45:21.000000;2016-03-11T04:45:21.000000;cf8fb4d1-b309-476b-be97-6d4c94e59861;418.4;0.37544524;UNKNOWN
2016-03-11T04:45:25.000000;2016-03-11T04:45:25.000000;c361a7e6-d14b-4d18-bdd4-2df789c45eeb;418.28;0.0125179;UNKNOWN
2016-03-11T04:45:33.000000;2016-03-11T04:45:33.000000;9d35dfc8-7d0a-4dc0-861f-faf4d35c0df7;418.39;0.5;UNKNOWN
2016-03-11T04:45:33.000000;2016-03-11T04:45:33.000000;67304223-fc8e-484e-a50f-e67f635e56df;418.4;3.0;UNKNOWN
2016-03-11T04:45:33.000000;2016-03-11T04:45:33.000000;73acdcad-7437-47ff-9d4c-393179bd00c8;418.41;1.5;UNKNOWN
2016-03-11T04:45:39.000000;2016-03-11T04:45:39.000000;ef2e406d-82f5-47d5-85c3-3c7f81440325;418.47;4.639099;UNKNOWN
2016-03-11T04:45:39.000000;2016-03-11T04:45:39.000000;720a2cbc-0b12-42fa-bde3-0872f199f759;418.5;0.360901;UNKNOWN
2016-03-11T04:45:41.000000;2016-03-11T04:45:41.000000;6412ffdf-752d-4b38-bc6e-1a50736d0f2b;418.49;0.017615;UNKNOWN
2016-03-11T04:45:41.000000;2016-03-11T04:45:41.000000;91e5b517-35eb-4e3d-a582-cf7c6587a715;418.49;0.024885;UNKNOWN
2016-03-11T04:45:52.000000;2016-03-11T04:45:52.000000;1b5dfd7c-1522-4280-8453-dec92e1a8c39;418.48;0.021158;UNKNOWN
2016-03-11T04:45:52.000000;2016-03-11T04:45:52.000000;1575a602-2d86-490a-9eb5-a0ecdfe95a69;418.48;0.011942;UNKNOWN
2016-03-11T04:45:55.000000;2016-03-11T04:45:55.000000;5a6fc1cf-2a2c-44d4-875b-c9dbfaa637ce;418.33;2.0;UNKNOWN
2016-03-11T04:45:55.000000;2016-03-11T04:45:55.000000;73849716-16f7-484d-b8f0-a00848dcdaab;418.34;3.0;UNKNOWN
2016-03-11T04:45:56.000000;2016-03-11T04:45:56.000000;b8dd3e69-1efb-49cd-bba4-803238dcf644;418.1;5.0;UNKNOWN
2016-03-11T04:46:11.000000;2016-03-11T04:46:11.000000;f2e69c6d-9b80-4175-8ee7-1e77e5230630;417.89;0.0133;UNKNOWN
2016-03-11T04:46:12.000000;2016-03-11T04:46:12.000000;4129c035-9a7a-4967-82c7-607036331f97;418.42;5.0;UNKNOWN
2016-03-11T04:46:16.000000;2016-03-11T04:46:16.000000;d4d8e49e-8d48-4819-a02a-422ce1dfd6bc;418.41;0.5;UNKNOWN
2016-03-11T04:46:16.000000;2016-03-11T04:46:16.000000;7d72e2fb-b68e-4a24-b222-b889c7ec7d82;418.42;1.5;UNKNOWN
2016-03-11T04:46:16.000000;2016-03-11T04:46:16.000000;40dbc7b0-25a0-489d-adfc-10cc005ec681;418.42;3.0;UNKNOWN
2016-03-11T04:46:18.000000;2016-03-11T04:46:18.000000;c2dd333a-656b-4b40-b308-8e491f0fd256;418.02;0.23947965;UNKNOWN
2016-03-11T04:46:23.000000;2016-03-11T04:46:23.000000;218879ec-99fb-48ac-8862-94f943c8b198;418.4;2.5;UNKNOWN
2016-03-11T04:46:23.000000;2016-03-11T04:46:23.000000;14dd5755-92fb-4c7c-b21d-07d219bc0e4b;418.4;0.5;UNKNOWN
2016-03-11T04:46:48.000000;2016-03-11T04:46:48.000000;43ff4f55-8a0d-4f32-a56a-2fa160d6c8a2;418.47;0.148515;UNKNOWN
2016-03-11T04:46:48.000000;2016-03-11T04:46:48.000000;9702d32b-b244-4146-b25d-495d017333dd;418.44;0.021485;UNKNOWN
2016-03-11T04:47:25.000000;2016-03-11T04:47:25.000000;094dd6ec-deb7-43f5-94d8-337c29be2722;418.18;0.016762;UNKNOWN
2016-03-11T04:48:28.000000;2016-03-11T04:48:28.000000;2539fd27-932b-421a-b9b0-2574be02d284;418.23;0.030774;UNKNOWN
2016-03-11T04:48:50.000000;2016-03-11T04:48:50.000000;2966450d-360a-4afe-8647-6dbb183c20d4;418.25;0.01069707;UNKNOWN
2016-03-11T04:49:04.000000;2016-03-11T04:49:04.000000;722adbb3-1051-4e8c-9f78-137ad4a156f8;418.25;0.047627;UNKNOWN
2016-03-11T04:49:27.000000;2016-03-11T04:49:27.000000;f18e6bf9-7872-4f42-942d-87bbdedcfcc8;418.42;0.26167405;UNKNOWN
2016-03-11T04:49:27.000000;2016-03-11T04:49:27.000000;6bd73f4d-3ebf-426f-8df9-3c59c2547c42;418.4;4.73832595;UNKNOWN
2016-03-11T04:50:26.000000;2016-03-11T04:50:26.000000;9a58449d-3003-485a-9057-b43d699674d5;418.4;0.0423;UNKNOWN
2016-03-11T04:50:35.000000;2016-03-11T04:50:35.000000;9e4178e1-34de-49ec-981c-fd4d1bde05f3;418.4;0.0423;UNKNOWN
2016-03-11T04:51:01.000000;2016-03-11T04:51:01.000000;483f36a2-3e6c-4514-b807-4a361ae44ea7;418.38;0.1391;UNKNOWN
2016-03-11T04:51:03.000000;2016-03-11T04:51:03.000000;128922b4-d193-4963-90a6-b07d715575b4;418.25;0.09573688;UNKNOWN
2016-03-11T04:51:28.000000;2016-03-11T04:51:28.000000;f2c227c1-bac8-4207-b5df-3aba430aa62b;418.25;0.02393307;UNKNOWN
2016-03-11T04:51:34.000000;2016-03-11T04:51:34.000000;e1a695fd-eb21-4a3f-8c6a-058ac4f55e34;418.36;0.0305;UNKNOWN
2016-03-11T04:51:52.000000;2016-03-11T04:51:52.000000;849680b2-5994-4158-8982-37d64f712f6c;418.34;0.5;UNKNOWN
2016-03-11T04:51:52.000000;2016-03-11T04:51:52.000000;2f6044b2-b238-43c2-a4cf-7ef9ad11ce9f;418.35;3.0;UNKNOWN
2016-03-11T04:51:52.000000;2016-03-11T04:51:52.000000;a250082a-0641-4c46-a393-2605557af34c;418.36;1.5;UNKNOWN
2016-03-11T04:52:05.000000;2016-03-11T04:52:05.000000;ddb71394-7903-488c-94eb-8a3e9c3e07dd;418.36;3.21176219;UNKNOWN
2016-03-11T04:54:08.000000;2016-03-11T04:54:08.000000;41b2902a-9575-4be3-8fb3-f1f7e9ac4db6;418.35;0.047782;UNKNOWN
2016-03-11T04:55:23.000000;2016-03-11T04:55:23.000000;ea3e85bb-e7e7-4636-84ab-8b32d246bf05;418.35;0.35891031;UNKNOWN
2016-03-11T04:56:23.000000;2016-03-11T04:56:23.000000;aa8cb8d6-1a8f-4bb4-bc42-bf8dc8f03f55;418.35;0.07896027;UNKNOWN
2016-03-11T04:57:08.000000;2016-03-11T04:57:08.000000;79e341d9-2495-47a2-8da8-3135bc3c229a;418.35;0.11842728;UNKNOWN
2016-03-11T04:57:14.000000;2016-03-11T04:57:14.000000;0168406f-dfa5-4783-9445-16aedb1f6887;418.35;0.022576;UNKNOWN
2016-03-11T04:58:59.000000;2016-03-11T04:58:59.000000;ecd52972-ef7f-4526-88eb-8a0eacaba9d6;418.35;0.016869;UNKNOWN
2016-03-11T05:00:04.000000;2016-03-11T05:00:04.000000;7cf649fa-1330-4f2a-93ee-82c546008408;418.36;1.25670605;UNKNOWN
2016-03-11T05:00:04.000000;2016-03-11T05:00:04.000000;a8e5454d-55c8-4878-ae55-a493581ea370;418.36;0.03117084;UNKNOWN
2016-03-11T05:00:04.000000;2016-03-11T05:00:04.000000;af04585d-52dd-4e60-9892-a2f712cfc9fe;418.36;4.74293303;UNKNOWN
2016-03-11T05:00:04.000000;2016-03-11T05:00:04.000000;bd503efc-7405-4ceb-a484-e9f21ea0e569;418.36;4.74253939;UNKNOWN
2016-03-11T05:00:04.000000;2016-03-11T05:00:04.000000;45156862-2077-4397-8c24-6afc1e4b9e24;418.36;4.74253939;UNKNOWN
2016-03-11T05:00:04.000000;2016-03-11T05:00:04.000000;fbec8b3e-5d91-4882-beee-96e2998e1949;418.36;3.48583334;UNKNOWN
2016-03-11T05:00:04.000000;2016-03-11T05:00:04.000000;9c8193b7-b698-49c0-b28f-3c7cc607745a;418.36;0.58401285;UNKNOWN
2016-03-11T05:00:04.000000;2016-03-11T05:00:04.000000;22d124e8-e254-41f8-9409-8b854df600b5;418.36;1.12964147;UNKNOWN
2016-03-11T05:00:04.000000;2016-03-11T05:00:04.000000;cb2960e2-6cfd-4529-b9ac-b3c03f50aa6f;418.36;4.74327048;UNKNOWN
2016-03-11T05:00:06.000000;2016-03-11T05:00:06.000000;ad117dbb-67e8-44c4-865e-5648e479e4b3;418.35;0.0113;UNKNOWN
2016-03-11T05:00:09.000000;2016-03-11T05:00:09.000000;7f07cee8-9c59-4f04-876d-b7ed738fcdc1;418.36;0.5;UNKNOWN
2016-03-11T05:00:09.000000;2016-03-11T05:00:09.000000;11ac27ce-3c51-4c34-be97-6f96420b7153;418.36;3.0;UNKNOWN
2016-03-11T05:00:18.000000;2016-03-11T05:00:18.000000;cb032414-7409-4c6f-a603-7e161e924540;418.35;0.70585696;UNKNOWN
2016-03-11T05:02:02.000000;2016-03-11T05:02:02.000000;010e4ea5-5349-4f1d-8bd9-8625f91751f5;418.41;5.0;UNKNOWN
2016-03-11T05:04:35.000000;2016-03-11T05:04:35.000000;caf170b7-67af-4aff-99c1-31fd7a103523;418.37;0.176512;UNKNOWN
2016-03-11T05:06:59.000000;2016-03-11T05:06:59.000000;d7aea648-ded6-49bc-99ba-3f4f425baeae;418.38;0.09;UNKNOWN
2016-03-11T05:06:59.000000;2016-03-11T05:06:59.000000;b904c648-5285-498e-841f-68e93af9f7bf;418.38;0.01;UNKNOWN
2016-03-11T05:07:03.000000;2016-03-11T05:07:03.000000;f45abd84-8070-41ee-b2e2-d72bf7299199;418.37;0.03349829;UNKNOWN
2016-03-11T05:07:05.000000;2016-03-11T05:07:05.000000;3dc8951a-184d-4306-a48b-718be0710501;418.38;0.137;UNKNOWN
2016-03-11T05:07:20.000000;2016-03-11T05:07:20.000000;a4885f5f-22b9-457e-9340-757ac696131c;418.38;4.0;UNKNOWN
2016-03-11T05:09:03.000000;2016-03-11T05:09:03.000000;3e351366-b420-409d-8d03-abaee9f2e12d;418.37;0.24257;UNKNOWN
2016-03-11T05:09:05.000000;2016-03-11T05:09:05.000000;2938333b-b869-47db-9cd3-f16f7bf2c77d;418.38;0.073;UNKNOWN
2016-03-11T05:09:05.000000;2016-03-11T05:09:05.000000;2dcc1778-100d-4cc6-a99b-137d900f5547;418.39;3.307;UNKNOWN
2016-03-11T05:09:05.000000;2016-03-11T05:09:05.000000;81a8d298-e2e5-41a5-a7cc-bae5354c03bc;418.38;1.0;UNKNOWN
2016-03-11T05:09:05.000000;2016-03-11T05:09:05.000000;26755b6c-e4c5-4ae3-a782-b9fb8b3f1924;418.38;0.4;UNKNOWN
2016-03-11T05:09:50.000000;2016-03-11T05:09:50.000000;0000056a-f5ec-433c-8c7c-9e61456c1e68;418.38;0.3;UNKNOWN
2016-03-11T05:09:50.000000;2016-03-11T05:09:50.000000;82846c29-6a46-44d2-ba1f-e5ee374eb131;418.38;0.2;UNKNOWN
2016-03-11T05:10:03.000000;2016-03-11T05:10:03.000000;1e279a5d-e8d3-47f9-a675-c33bf7425dbc;418.38;0.12129;UNKNOWN
2016-03-11T05:10:59.000000;2016-03-11T05:10:59.000000;129ec21d-2409-4888-87a1-d79a90464e1e;418.39;0.36747819;UNKNOWN
2016-03-11T05:10:59.000000;2016-03-11T05:10:59.000000;ad3bd825-f785-400a-8e99-b77e5c1c3c16;418.39;16.693;UNKNOWN
2016-03-11T05:10:59.000000;2016-03-11T05:10:59.000000;16e6c6b0-2f73-4dba-9385-ad8e555be6bf;418.49;7.73952181;UNKNOWN
2016-03-11T05:10:59.000000;2016-03-11T05:10:59.000000;216e000f-a4cb-44dd-9089-caee572ea115;418.39;0.2;UNKNOWN
2016-03-11T05:10:59.000000;2016-03-11T05:10:59.000000;261dee15-023b-4c0b-a669-9fdd2bdf3c7a;418.4;5.0;UNKNOWN
2016-03-11T05:11:03.000000;2016-03-11T05:11:03.000000;2af48305-e073-4d46-b60e-3d0b4c65ea1a;418.4;0.06064;UNKNOWN
2016-03-11T05:11:04.000000;2016-03-11T05:11:04.000000;304d6d9a-c7a8-4e35-a016-17383c4eea8b;418.43;0.125;UNKNOWN
2016-03-11T05:11:14.000000;2016-03-11T05:11:14.000000;3c069f01-d6a6-4560-9dd4-1f297d2b3d11;418.89;0.03;UNKNOWN
2016-03-11T05:11:14.000000;2016-03-11T05:11:14.000000;a57987c0-9d09-420f-906b-bc62f17cba98;418.5;0.1;UNKNOWN
2016-03-11T05:11:14.000000;2016-03-11T05:11:14.000000;cb0af359-f303-4492-acf0-f0c3884c77dc;418.67;0.0500562;UNKNOWN
2016-03-11T05:11:14.000000;2016-03-11T05:11:14.000000;e28c5e57-5a3e-4c7c-87ae-6d693ebc617e;418.75;0.02051255;UNKNOWN
2016-03-11T05:11:14.000000;2016-03-11T05:11:14.000000;96f2c10f-0d99-4236-9b6c-6182c001c29a;418.5;0.639099;UNKNOWN
2016-03-11T05:11:14.000000;2016-03-11T05:11:14.000000;588317f3-1db8-421a-95cb-4441c46b92c1;418.68;0.14033225;UNKNOWN
2016-03-11T05:11:14.000000;2016-03-11T05:11:14.000000;00fec661-cbdd-459c-8afc-4608544dd8b6;418.99;1.94051255;UNKNOWN
2016-03-11T05:11:14.000000;2016-03-11T05:11:14.000000;32987681-c3f9-47ac-8aca-cb3be873172d;418.75;0.02948745;UNKNOWN
2016-03-11T05:11:21.000000;2016-03-11T05:11:21.000000;984f0703-4344-4b66-8128-2078437b9e43;419.0;1.0;UNKNOWN
2016-03-11T05:11:21.000000;2016-03-11T05:11:21.000000;8c1b5ef1-608f-4048-a0ac-77ddd55edbeb;419.0;0.1;UNKNOWN
2016-03-11T05:11:21.000000;2016-03-11T05:11:21.000000;cdcf1e95-5e96-44ac-8513-9ddbb8798e13;419.0;0.3;UNKNOWN
2016-03-11T05:11:21.000000;2016-03-11T05:11:21.000000;bd119ae5-37c3-4c6f-ae62-a4ab7ce950e1;419.0;8.9;UNKNOWN
2016-03-11T05:11:21.000000;2016-03-11T05:11:21.000000;47623c72-8faa-4af4-a3f2-7f9b41e51799;419.0;10.0;UNKNOWN
2016-03-11T05:11:23.000000;2016-03-11T05:11:23.000000;0ad1cd2f-e251-4ffd-8e4a-25a64b589445;418.99;0.1;UNKNOWN
2016-03-11T05:11:26.000000;2016-03-11T05:11:26.000000;13667491-bb8c-4aab-969d-9624b38907f4;418.99;0.1;UNKNOWN
2016-03-11T05:11:36.000000;2016-03-11T05:11:36.000000;622aa3e7-cabb-404a-a974-afed9f90b876;418.99;0.01947;UNKNOWN
2016-03-11T05:11:39.000000;2016-03-11T05:11:39.000000;e48e06b0-8cc5-4934-aa5c-5149ced52589;419.0;5.8;UNKNOWN
2016-03-11T05:11:39.000000;2016-03-11T05:11:39.000000;d6c543fa-458f-4c55-b2ab-250867f0d90c;419.0;3.24116139;UNKNOWN
2016-03-11T05:11:39.000000;2016-03-11T05:11:39.000000;6a9a7906-58ef-4a8f-8564-5216764f366a;419.0;10.0;UNKNOWN
2016-03-11T05:11:39.000000;2016-03-11T05:11:39.000000;364324f9-3b6b-4026-9b2b-8f5ef6d66a27;419.0;10.82883861;UNKNOWN
2016-03-11T05:11:39.000000;2016-03-11T05:11:39.000000;8dc3a6f9-cc6c-4593-ad2b-b1d483a9bff6;419.0;10.0;UNKNOWN
2016-03-11T05:11:39.000000;2016-03-11T05:11:39.000000;8435fc6c-d041-4c1a-a9ac-74bc05a3aa55;419.0;10.0;UNKNOWN
2016-03-11T05:11:39.000000;2016-03-11T05:11:39.000000;b390ea4d-79fb-4c25-b33b-9689ed84db4e;419.0;0.13;UNKNOWN
2016-03-11T05:12:03.000000;2016-03-11T05:12:03.000000;019ccaa8-fe5e-4c8d-b117-290375a212a8;418.99;0.03032;UNKNOWN
2016-03-11T05:12:09.000000;2016-03-11T05:12:09.000000;a233f504-1e68-4e45-a88d-c7df4770382a;419.0;0.2;UNKNOWN
2016-03-11T05:12:09.000000;2016-03-11T05:12:09.000000;cca710e5-3322-4960-9387-422124f5c8d3;419.0;0.2;UNKNOWN
2016-03-11T05:12:09.000000;2016-03-11T05:12:09.000000;d6e1bee7-afd0-4190-b5a5-49dc775b6387;419.0;0.99;UNKNOWN
2016-03-11T05:12:09.000000;2016-03-11T05:12:09.000000;892a91c8-8b13-4b9c-9009-4cc8a5e2d96e;419.0;0.2;UNKNOWN
2016-03-11T05:12:09.000000;2016-03-11T05:12:09.000000;8d7655e2-6972-4574-8c78-494a4e80417d;419.0;0.3;UNKNOWN
2016-03-11T05:12:09.000000;2016-03-11T05:12:09.000000;7f06dd01-11dc-4eec-b40c-0f4c4d9f6325;419.0;0.11;UNKNOWN
2016-03-11T05:12:39.000000;2016-03-11T05:12:39.000000;8fc8ca30-dd51-478c-96a0-27e7468b871a;419.01;0.2463;UNKNOWN
2016-03-11T05:12:43.000000;2016-03-11T05:12:43.000000;780e9e1a-1594-4e56-b7ef-b4d706b1ba6d;419.02;1.42014721;UNKNOWN
2016-03-11T05:12:43.000000;2016-03-11T05:12:43.000000;019deae2-3ad6-4c75-8346-fba339d7640a;419.02;0.1272725;UNKNOWN
2016-03-11T05:12:44.000000;2016-03-11T05:12:44.000000;33f9b813-afd1-4620-a225-7bad944571fd;419.24;5.8944;UNKNOWN
2016-03-11T05:12:44.000000;2016-03-11T05:12:44.000000;45305692-846d-46fc-80ba-c2cf29aa1ad4;419.09;0.2;UNKNOWN
2016-03-11T05:12:44.000000;2016-03-11T05:12:44.000000;70b85d3b-b729-41bb-b918-9bf7d780c0e0;419.11;0.1;UNKNOWN
2016-03-11T05:12:44.000000;2016-03-11T05:12:44.000000;7289933b-2ae8-4178-b27b-dab6a0706fdf;419.27;0.5;UNKNOWN
2016-03-11T05:12:44.000000;2016-03-11T05:12:44.000000;93fda50d-f581-47fe-96ff-c1f53cd766e9;419.02;1.57985279;UNKNOWN
2016-03-11T05:12:44.000000;2016-03-11T05:12:44.000000;c0e57f54-3957-4f6b-86d9-70930f50a6f7;419.43;2.181129;UNKNOWN
2016-03-11T05:12:44.000000;2016-03-11T05:12:44.000000;dd9c5c04-9464-4bcf-9089-8e0dbc0f4ff5;419.39;0.04;UNKNOWN
2016-03-11T05:12:44.000000;2016-03-11T05:12:44.000000;bc55d628-6896-42ea-8747-4769452dc4ee;419.49;15.4215817;UNKNOWN
2016-03-11T05:12:44.000000;2016-03-11T05:12:44.000000;0e5d0221-ec75-49a8-9a7b-3f7e5d62f5f8;419.31;1.88;UNKNOWN
2016-03-11T05:12:44.000000;2016-03-11T05:12:44.000000;1ec3a1f4-62f0-4315-8da6-7ce522263787;419.16;1.0;UNKNOWN
2016-03-11T05:12:44.000000;2016-03-11T05:12:44.000000;501132de-51bf-46b1-8353-bbee4ad25fb7;419.4;5.0;UNKNOWN
2016-03-11T05:12:44.000000;2016-03-11T05:12:44.000000;173c3e4d-5bd5-420d-9dc7-68ec91519d41;419.26;8.1776;UNKNOWN
2016-03-11T05:12:44.000000;2016-03-11T05:12:44.000000;ed67cab2-fc7c-4abf-9737-02a871045287;419.36;2.98;UNKNOWN
2016-03-11T05:12:44.000000;2016-03-11T05:12:44.000000;4b92e51b-c00d-4ea6-a829-2ab402fe0e59;419.38;0.23970916;UNKNOWN
2016-03-11T05:12:49.000000;2016-03-11T05:12:49.000000;11e74b38-2543-454a-b451-a5b49953625d;419.07;0.584329;UNKNOWN
2016-03-11T05:13:02.000000;2016-03-11T05:13:02.000000;d9055132-6aaf-4c7a-8001-cc0c9ac4bf42;419.15;0.01516;UNKNOWN
2016-03-11T05:13:56.000000;2016-03-11T05:13:56.000000;4530d215-60f6-4a05-96a9-be5964af9cab;419.44;2.96;UNKNOWN
2016-03-11T05:13:59.000000;2016-03-11T05:13:59.000000;3cc9b361-f4b1-48ec-8011-bd6b4822bdfd;419.48;5.9517;UNKNOWN
2016-03-11T05:13:59.000000;2016-03-11T05:13:59.000000;6cb34c37-8608-4565-aeda-604cfdd18019;419.45;0.2;UNKNOWN
2016-03-11T05:13:59.000000;2016-03-11T05:13:59.000000;9efb12bd-2387-41a2-a17d-42cebb6cc2b6;419.45;0.3;UNKNOWN
2016-03-11T05:13:59.000000;2016-03-11T05:13:59.000000;9dd8f358-4e80-4611-a329-97bc89894bfc;419.45;0.24;UNKNOWN
2016-03-11T05:13:59.000000;2016-03-11T05:13:59.000000;1ac25906-f097-4fac-8a5d-05ebb1e86a76;419.49;13.3083;UNKNOWN
2016-03-11T05:14:08.000000;2016-03-11T05:14:08.000000;2becb127-a32e-441b-b129-47fd33768c8f;419.51;0.9773225;UNKNOWN
2016-03-11T05:14:08.000000;2016-03-11T05:14:08.000000;796a8fe0-f933-4c11-8c25-c86f8781ae0f;419.5;2.0;UNKNOWN
2016-03-11T05:14:08.000000;2016-03-11T05:14:08.000000;22e34887-94ad-490a-89f5-42b7ee8bd420;419.79;15.937;UNKNOWN
2016-03-11T05:14:08.000000;2016-03-11T05:14:08.000000;e4ba82dc-5e10-4909-b8ca-b728886fd94b;419.46;0.5;UNKNOWN
2016-03-11T05:14:08.000000;2016-03-11T05:14:08.000000;e5a03d14-851c-4cc7-80c4-e29f48fa63ee;419.8;2.90406414;UNKNOWN
2016-03-11T05:14:08.000000;2016-03-11T05:14:08.000000;8dcb6535-40d3-417f-aa18-b30d6cc15363;419.49;51.2701183;UNKNOWN
2016-03-11T05:14:12.000000;2016-03-11T05:14:12.000000;213e4eb8-1b35-4872-b243-760862b54cb0;419.46;0.1;UNKNOWN
2016-03-11T05:14:54.000000;2016-03-11T05:14:54.000000;f5b37bfd-0d56-422e-92c4-fe3de0dceb88;419.49;0.3;UNKNOWN
2016-03-11T05:14:54.000000;2016-03-11T05:14:54.000000;5ebb6d76-68ad-4281-8592-a27ddaf3bfd8;419.72;0.4377;UNKNOWN
2016-03-11T05:14:54.000000;2016-03-11T05:14:54.000000;2329df37-a075-4b49-bf30-384a103f0192;419.73;5.949;UNKNOWN
2016-03-11T05:14:54.000000;2016-03-11T05:14:54.000000;15fa2c46-8ba4-4610-9cf9-22c33917b55f;419.75;1.3133;UNKNOWN
2016-03-11T05:15:04.000000;2016-03-11T05:15:04.000000;8a8ca0c2-e8dd-4fb6-a94c-e1f42c4341cc;419.64;0.14891377;UNKNOWN
2016-03-11T05:15:11.000000;2016-03-11T05:15:11.000000;d4a708a3-7414-4093-8f81-c8197c3367bf;419.7;2.0;UNKNOWN
2016-03-11T05:15:11.000000;2016-03-11T05:15:11.000000;64dc1a6f-7a5d-4984-a7c9-86bb877767e4;419.6;3.0;UNKNOWN
2016-03-11T05:15:14.000000;2016-03-11T05:15:14.000000;fbfe621a-6b8f-47b0-9091-cf2c0211e730;419.6;0.17520215;UNKNOWN
2016-03-11T05:15:14.000000;2016-03-11T05:15:14.000000;4ced7cad-e43b-40a4-ae3e-d94eafff46fb;419.55;0.02479785;UNKNOWN
2016-03-11T05:15:36.000000;2016-03-11T05:15:36.000000;38790ebd-9bbb-4e21-abfc-17897591df70;419.69;0.0596;UNKNOWN
2016-03-11T05:15:54.000000;2016-03-11T05:15:54.000000;5d06aaa9-d4f4-4a41-bc20-d1d451ec1b4e;419.61;0.14980303;UNKNOWN
2016-03-11T05:16:02.000000;2016-03-11T05:16:02.000000;5d15f633-aa69-4114-a6b0-cd442acb7203;419.61;0.05019697;UNKNOWN
2016-03-11T05:16:04.000000;2016-03-11T05:16:04.000000;124e4401-a73e-4600-b6ba-34087faf7fb4;419.67;0.1;UNKNOWN
2016-03-11T05:16:34.000000;2016-03-11T05:16:34.000000;c7e2dc95-7241-46b5-bd52-5a344eae692b;419.7;0.15392313;UNKNOWN
2016-03-11T05:16:35.000000;2016-03-11T05:16:35.000000;df795d92-5136-4ebc-9cab-b4bdff44e703;419.7;0.01032405;UNKNOWN
2016-03-11T05:16:42.000000;2016-03-11T05:16:42.000000;14c2b76f-d772-4d0a-b944-b796a5e239f6;419.7;0.15650179;UNKNOWN
2016-03-11T05:16:51.000000;2016-03-11T05:16:51.000000;8d59efb0-0b58-4cfb-8268-bac64a380fee;419.7;0.16235069;UNKNOWN
2016-03-11T05:17:02.000000;2016-03-11T05:17:02.000000;cd08da49-d0f7-431a-9ed3-16ef5fed5ba8;419.68;0.16436414;UNKNOWN
2016-03-11T05:17:12.000000;2016-03-11T05:17:12.000000;6ec84f9b-bacf-42f1-b58e-51b97460bd7f;419.68;0.13563586;UNKNOWN
2016-03-11T05:17:45.000000;2016-03-11T05:17:45.000000;920c35b3-e427-4444-b46b-49883e3cf449;419.69;0.16788738;UNKNOWN
2016-03-11T05:17:50.000000;2016-03-11T05:17:50.000000;9084e023-fc77-468e-8126-9741ee2d498d;419.69;0.13211262;UNKNOWN
2016-03-11T05:17:50.000000;2016-03-11T05:17:50.000000;5bcaf1f6-8e98-4cd8-a945-b5b9c0f9503f;419.7;0.86788738;UNKNOWN
2016-03-11T05:17:52.000000;2016-03-11T05:17:52.000000;a59a76e0-9a69-4947-9259-cb1e359e818e;419.7;0.01;UNKNOWN
2016-03-11T05:17:57.000000;2016-03-11T05:17:57.000000;6a0b4613-17b4-4214-9d96-49715635044d;419.69;0.16816266;UNKNOWN
2016-03-11T05:18:01.000000;2016-03-11T05:18:01.000000;e3280f42-7628-42b3-be94-b0bc72db1bba;419.68;0.03183734;UNKNOWN
2016-03-11T05:18:01.000000;2016-03-11T05:18:01.000000;d12e98b5-72ac-4f4b-ba93-13df287ebbe7;419.7;0.96816266;UNKNOWN
2016-03-11T05:18:04.000000;2016-03-11T05:18:04.000000;d1a72099-0dd5-426a-89e2-706d38f8ce9e;419.7;0.62184475;UNKNOWN
2016-03-11T05:18:09.000000;2016-03-11T05:18:09.000000;71f40c6e-863b-4ee1-8ae1-19c3ab6da329;419.7;0.66396251;UNKNOWN
2016-03-11T05:18:20.000000;2016-03-11T05:18:20.000000;04f4cd84-6c12-4199-9226-76b64828c731;419.7;0.57466388;UNKNOWN
2016-03-11T05:18:22.000000;2016-03-11T05:18:22.000000;d3350cb2-5dfb-4fd3-92a5-2daaecf2e0a4;419.97;0.0614;UNKNOWN
2016-03-11T05:18:22.000000;2016-03-11T05:18:22.000000;9b97021d-870f-4a5a-8cc5-91efa976c836;419.7;1.29347882;UNKNOWN
2016-03-11T05:18:22.000000;2016-03-11T05:18:22.000000;659a29d1-6c5e-4160-94b9-768ab103ba04;419.89;3.7399074;UNKNOWN
2016-03-11T05:18:22.000000;2016-03-11T05:18:22.000000;84bbb1a1-1603-49d8-ab7a-fe76ff56e723;419.82;5.9035;UNKNOWN
2016-03-11T05:18:22.000000;2016-03-11T05:18:22.000000;899bfcd8-c631-4aa7-a8ee-fdbe076c0a58;419.89;0.05;UNKNOWN
2016-03-11T05:18:22.000000;2016-03-11T05:18:22.000000;f43f037b-9b1c-424f-a076-8389ec519f1e;419.89;3.78891032;UNKNOWN
2016-03-11T05:18:22.000000;2016-03-11T05:18:22.000000;36f29f77-c94f-4e3c-bc42-5d1c474240f1;419.8;27.09593586;UNKNOWN
2016-03-11T05:18:22.000000;2016-03-11T05:18:22.000000;d285177b-fefd-427f-a393-1e1ba1790374;419.97;8.53331635;UNKNOWN
2016-03-11T05:18:22.000000;2016-03-11T05:18:22.000000;f16f3507-5973-4962-9095-8bcd9916d4c3;419.83;26.384875;UNKNOWN
2016-03-11T05:18:24.000000;2016-03-11T05:18:24.000000;e04ac3d1-24b1-4e3e-983e-24bc9824fd8e;419.71;0.54674987;UNKNOWN
2016-03-11T05:18:26.000000;2016-03-11T05:18:26.000000;1c54f0d0-955e-44e9-b5a0-11946f772842;419.97;6.6;UNKNOWN
2016-03-11T05:18:29.000000;2016-03-11T05:18:29.000000;fea97637-2ce9-49d5-950d-c36106f53170;420.0;0.1;UNKNOWN
2016-03-11T05:18:29.000000;2016-03-11T05:18:29.000000;90515c09-7cf6-44a1-b9b3-2a04663ff2e7;420.0;13.4;UNKNOWN
2016-03-11T05:18:29.000000;2016-03-11T05:18:29.000000;ee83d7b5-435f-4f77-b9c1-a60ca82ae21c;420.0;6.13378817;UNKNOWN
2016-03-11T05:18:29.000000;2016-03-11T05:18:29.000000;bd6c2627-563c-45a0-8faf-3015c681cb2d;419.97;4.86668365;UNKNOWN
2016-03-11T05:18:29.000000;2016-03-11T05:18:29.000000;ac4f17a7-28db-4943-9cb4-5a3fde7f6bc7;420.0;0.3;UNKNOWN
