time_exchange;time_coinpai;guid;price;base_amount;taker_side
2016-03-11T00:00:01.713000;2016-03-11T00:00:01.590000;a776318d-08fd-4c41-a116-7fbc70a73d20;415.98;0.1319;BUY
2016-03-11T00:00:01.713000;2016-03-11T00:00:01.607000;bea6ee7a-81d8-4155-9d90-c5c7eb893a2b;415.98;0.01;BUY
2016-03-11T00:00:01.713000;2016-03-11T00:00:01.607000;f89b9721-8067-4213-b6f1-175e186bbbc5;415.99;0.03736266;BUY
2016-03-11T00:00:01.713000;2016-03-11T00:00:01.637000;810701e5-cdde-4331-9f2a-cbbb6ffbd064;416.0;0.05295;BUY
2016-03-11T00:00:01.713000;2016-03-11T00:00:01.637000;42ca57d4-d2bb-4747-869e-c6cbc472223e;416.01;0.053;BUY
2016-03-11T00:00:01.713000;2016-03-11T00:00:01.637000;ec368195-baf6-43d7-96ff-0cb53474e49e;416.02;0.01;BUY
2016-03-11T00:00:01.713000;2016-03-11T00:00:01.637000;9204a1ae-9725-49e2-ab0d-0d7044437476;416.03;0.03337261;BUY
2016-03-11T00:00:01.713000;2016-03-11T00:00:01.700000;0ba020f3-67a7-4460-bb2d-57f04858adc5;416.03;0.094;BUY
2016-03-11T00:00:01.713000;2016-03-11T00:00:01.700000;ca666b50-a096-4634-b328-a083e78a2247;416.04;0.01;BUY
2016-03-11T00:00:01.713000;2016-03-11T00:00:01.700000;cb873bd3-1d6c-44a0-b011-efedca1bae95;416.04;0.113;BUY
2016-03-11T00:00:01.713000;2016-03-11T00:00:01.700000;add25295-83af-4d73-b707-c4a7bced623c;416.05;0.0395528;BUY
2016-03-11T00:00:01.713000;2016-03-11T00:00:01.700000;1bd31661-e99d-4351-960f-9e039389fb74;416.07;0.01;BUY
2016-03-11T00:00:01.713000;2016-03-11T00:00:01.700000;89f2b28a-7dc7-4bb5-9370-8b816799c952;416.09;0.098;BUY
2016-03-11T00:00:01.713000;2016-03-11T00:00:01.700000;9159367d-53e0-4559-affe-f79b172b8369;416.1;1.15;BUY
2016-03-11T00:00:01.713000;2016-03-11T00:00:01.700000;973b78dd-af7e-430e-8282-108fa8c9f96c;416.14;0.01;BUY
2016-03-11T00:00:01.717000;2016-03-11T00:00:01.700000;56f778a5-a4c5-40b0-9ede-e4ecbd139b28;416.14;0.086;BUY
2016-03-11T00:00:01.717000;2016-03-11T00:00:01.700000;5e0ac24a-cf85-4d09-b5a2-b855de4ceb05;416.17;0.01;BUY
2016-03-11T00:00:01.717000;2016-03-11T00:00:01.700000;a6ff41d4-451a-4ef4-97d4-9ffc61e76ec4;416.19;0.107;BUY
2016-03-11T00:00:01.717000;2016-03-11T00:00:01.700000;702f09aa-16fe-4020-80a6-15ba967dab3b;416.19;1.0;BUY
2016-03-11T00:00:01.717000;2016-03-11T00:00:01.700000;7dabe485-5413-4449-af73-ee900a1a2222;416.2;1.0;BUY
2016-03-11T00:00:01.717000;2016-03-11T00:00:01.700000;975c448f-7c9c-4d5e-8971-d7f8bd5d9caa;416.21;0.2;BUY
2016-03-11T00:00:01.717000;2016-03-11T00:00:01.700000;bdcc78a1-af3a-4b3b-882c-67cdf12c42d0;416.24;0.094;BUY
2016-03-11T00:00:01.717000;2016-03-11T00:00:01.730000;1a421c85-2010-4883-8dc1-7487dd1c327b;416.25;18.45078193;BUY
2016-03-11T00:01:01.440000;2016-03-11T00:01:01.310000;391f94ac-e695-4b22-a452-9fb04b6223db;416.23;0.25;BUY
2016-03-11T00:01:01.440000;2016-03-11T00:01:01.340000;d1a1d8fa-9601-41ea-9aaf-2560061875ad;416.25;1.0272;BUY
2016-03-11T00:01:18.550000;2016-03-11T00:01:18.417000;710ee858-7870-4c01-b853-7d183965471a;416.25;0.14360541;BUY
2016-03-11T00:01:47.990000;2016-03-11T00:01:47.870000;5b10539d-c443-4996-ba7e-23b1bd5ee98e;416.25;0.0343687;BUY
2016-03-11T00:02:01.400000;2016-03-11T00:02:01.277000;75578c53-9538-40a8-9451-d344da58bfe1;416.22;0.01593;SELL
2016-03-11T00:02:01.400000;2016-03-11T00:02:01.293000;9648f526-ec38-40d0-9b12-4d17d2b586d2;416.21;0.03547;SELL
2016-03-11T00:02:01.400000;2016-03-11T00:02:01.293000;305dcba4-2f0f-46e1-9103-ef84b9bb7c3d;416.2;0.03696477;SELL
2016-03-11T00:02:01.400000;2016-03-11T00:02:01.293000;49ce75af-0d18-45cf-81ec-1b6c4e7c63fe;416.19;0.02701713;SELL
2016-03-11T00:02:01.400000;2016-03-11T00:02:01.293000;c8b50e5a-d3a5-4c99-b83c-24d45f8e259e;416.18;2.6746181;SELL
2016-03-11T00:03:01.453000;2016-03-11T00:03:01.323000;675b3b21-c99d-47ac-b06d-5e8225b21714;416.15;0.464;SELL
2016-03-11T00:03:01.453000;2016-03-11T00:03:01.340000;3a8517e0-4454-4ac9-8c71-c72d7a37dfce;416.14;0.76122;SELL
2016-03-11T00:03:31.330000;2016-03-11T00:03:31.200000;13dca928-0434-4577-af5b-2725356f55e7;416.23;0.01;BUY
2016-03-11T00:03:31.330000;2016-03-11T00:03:31.217000;ab300494-3057-4344-b588-8829ba11dc99;416.24;0.25;BUY
2016-03-11T00:03:31.330000;2016-03-11T00:03:31.217000;68be8ab7-ab3a-45d1-b788-bdc62c959cfa;416.25;3.26252696;BUY
2016-03-11T00:03:31.330000;2016-03-11T00:03:31.230000;976dfabe-5982-43ce-b072-5c20dc6cab8f;416.25;0.01;BUY
2016-03-11T00:03:31.330000;2016-03-11T00:03:31.230000;a59b0f10-773e-44ac-a544-c1be6cb4e935;416.26;0.01;BUY
2016-03-11T00:03:31.330000;2016-03-11T00:03:31.310000;a14c79cf-a950-4a99-aa21-aa534ec4bbcd;416.27;0.03819;BUY
2016-03-11T00:03:31.330000;2016-03-11T00:03:31.310000;f34c1d35-63cf-4102-a523-1db784c25188;416.28;0.05997396;BUY
2016-03-11T00:03:31.330000;2016-03-11T00:03:31.310000;44bc5cc1-3f23-40ca-9656-22ffad76688f;416.28;0.01892908;BUY
2016-03-11T00:03:32.043000;2016-03-11T00:03:31.917000;43d0c93b-6647-44cc-ada5-aec8ff2b0fc0;416.27;0.013;BUY
2016-03-11T00:04:05.323000;2016-03-11T00:04:05.183000;d6746bec-94ae-425e-b25a-5aa039d9c415;416.15;0.01;SELL
2016-03-11T00:04:05.323000;2016-03-11T00:04:05.200000;16417163-ddb7-4965-8470-c818f2d2670b;416.14;0.68238;SELL
2016-03-11T00:04:31.403000;2016-03-11T00:04:31.277000;cc1513dd-d240-432b-9514-5d168bb483e9;416.23;0.01;BUY
2016-03-11T00:04:31.403000;2016-03-11T00:04:31.293000;f268525f-f24f-427f-ae2c-80028c1b1045;416.24;0.25;BUY
2016-03-11T00:04:31.403000;2016-03-11T00:04:31.293000;e1d57695-e957-42d3-983c-57b160da68e3;416.24;0.26;BUY
2016-03-11T00:04:31.403000;2016-03-11T00:04:31.293000;84186ac4-2b14-411d-b0c2-49ae723b0782;416.25;3.38;BUY
2016-03-11T00:04:31.403000;2016-03-11T00:04:31.357000;90e8bbc9-bc26-4155-a3e4-2b509332ef54;416.26;0.116;BUY
2016-03-11T00:04:31.403000;2016-03-11T00:04:31.357000;62cd9300-8ada-4fb3-a4df-a2198eeb2ae7;416.27;0.069712;BUY
2016-03-11T00:04:31.403000;2016-03-11T00:04:31.357000;b4171722-99d8-4248-83ed-d39a1fa39b29;416.29;0.659458;BUY
2016-03-11T00:05:01.447000;2016-03-11T00:05:01.323000;3f6bf125-9e74-416b-bd31-44dbea05340b;416.16;0.01;SELL
2016-03-11T00:05:01.447000;2016-03-11T00:05:01.323000;b9f307a9-a00a-41a1-8b36-c3e811884c23;416.15;0.78644;SELL
2016-03-11T00:05:33.053000;2016-03-11T00:05:32.920000;cfa681b6-bb37-47f0-b22e-0f7b3402cf60;416.14;0.01;SELL
2016-03-11T00:05:33.053000;2016-03-11T00:05:32.933000;1433c907-73ec-4b9b-a35e-a240826582ca;416.13;0.0547;SELL
2016-03-11T00:05:33.053000;2016-03-11T00:05:32.933000;8641bfa1-7d02-43ed-8330-686e0e9b6985;416.12;0.069;SELL
2016-03-11T00:05:33.053000;2016-03-11T00:05:32.933000;da36fc60-893e-4c3a-9805-d954cbf1dc5d;416.11;0.0593835;SELL
2016-03-11T00:05:33.053000;2016-03-11T00:05:32.967000;33d4669e-2132-4fcc-b495-28422fac142d;416.1;0.04865;SELL
2016-03-11T00:05:33.053000;2016-03-11T00:05:32.967000;3ef66a4a-3d2a-4e04-8fc0-8395f1c561bc;416.08;0.01;SELL
2016-03-11T00:05:33.053000;2016-03-11T00:05:32.967000;4a5c6d4c-0d0b-4c81-aecd-ee9ae0ba83d1;415.98;0.451;SELL
2016-03-11T00:05:33.053000;2016-03-11T00:05:33.013000;d80fac34-1854-41a3-a620-afb1ca78a7b7;415.95;1.0;SELL
2016-03-11T00:05:33.053000;2016-03-11T00:05:33.027000;42846b0c-9f70-49e3-b434-447727a8836c;415.95;1.0;SELL
2016-03-11T00:05:33.053000;2016-03-11T00:05:33.027000;69aff050-5acd-4fe6-a43a-afb9bd350b47;415.94;0.47;SELL
2016-03-11T00:05:33.053000;2016-03-11T00:05:33.027000;71c311e2-1ebb-4e4a-a735-e2dd5852ba79;415.92;2.0;SELL
2016-03-11T00:05:33.057000;2016-03-11T00:05:33.027000;8cbad86c-82df-4928-9961-27fd8096d860;415.91;0.7466765;SELL
2016-03-11T00:06:31.367000;2016-03-11T00:06:31.263000;183f244c-13ca-4cb3-9552-aca9f4eedcd8;416.03;0.25;BUY
2016-03-11T00:06:31.367000;2016-03-11T00:06:31.263000;73a67c28-20b6-4fb2-9454-5b8b0407cd6f;416.03;0.01;BUY
2016-03-11T00:06:31.367000;2016-03-11T00:06:31.263000;29f3e24a-e9c0-49fd-aa27-6fcf678c3c4b;416.04;0.05907597;BUY
2016-03-11T00:06:31.367000;2016-03-11T00:06:31.263000;7935fc99-4e83-4a72-886c-2c7a0012257b;416.05;0.03204;BUY
2016-03-11T00:06:31.367000;2016-03-11T00:06:31.263000;36dbea4b-c8c3-407e-bbdc-1bf0972b7913;416.06;0.06717284;BUY
2016-03-11T00:06:31.370000;2016-03-11T00:06:31.263000;bc8b98b0-c1ff-4131-bba5-d2d9e22ba9a9;416.07;0.01482119;BUY
2016-03-11T00:07:01.490000;2016-03-11T00:07:01.357000;bfce39e0-762f-4dc7-8c6e-76d3f3efa368;416.06;0.0231;SELL
2016-03-11T00:07:01.493000;2016-03-11T00:07:01.370000;7fbac1ad-0451-42b8-8c45-e5852b172629;416.06;0.19;SELL
2016-03-11T00:07:01.493000;2016-03-11T00:07:01.370000;05c850f3-5e9f-4269-9366-818839d98fff;416.06;0.0221;SELL
2016-03-11T00:07:01.493000;2016-03-11T00:07:01.370000;932e43f6-6e61-4391-9e4a-10ba6f4ae2dc;416.06;0.0113;SELL
2016-03-11T00:07:01.493000;2016-03-11T00:07:01.370000;3c562717-4ce2-45b3-8279-2dee2951ee4d;416.06;0.01;SELL
2016-03-11T00:07:01.493000;2016-03-11T00:07:01.387000;2f70a193-0cb8-42e5-85ad-ea5d8fff2244;416.05;0.022;SELL
2016-03-11T00:07:01.493000;2016-03-11T00:07:01.387000;2628cd9a-fd11-48ae-9691-7c8dc863672d;416.04;0.06892;SELL
2016-03-11T00:07:01.493000;2016-03-11T00:07:01.403000;d3ea8379-1264-4063-987f-71b08d751ffc;416.03;0.01;SELL
2016-03-11T00:07:01.493000;2016-03-11T00:07:01.403000;a4759861-507f-4ce3-aaec-9662c1ef33d0;416.03;0.115;SELL
2016-03-11T00:07:01.493000;2016-03-11T00:07:01.403000;5f7794a5-2801-43a2-814e-0544bcaa3d51;416.02;0.01;SELL
2016-03-11T00:07:01.493000;2016-03-11T00:07:01.403000;c5fd9404-66c6-49ae-93f7-82a166ab455a;416.01;0.04611918;SELL
2016-03-11T00:07:01.493000;2016-03-11T00:07:01.403000;2e6ca813-0188-4491-8799-b227bfc1fb2e;415.98;0.083;SELL
2016-03-11T00:07:01.493000;2016-03-11T00:07:01.420000;b682bb33-d130-48e5-aaa6-bc35cd70ea02;415.96;0.06296;SELL
2016-03-11T00:07:01.493000;2016-03-11T00:07:01.420000;f958229a-379c-4273-9d21-892f6ead00ae;415.95;1.46372082;SELL
2016-03-11T00:07:31.407000;2016-03-11T00:07:31.263000;79679be9-2763-4dd3-94e5-2c62f08b5a88;415.97;1.16793112;SELL
2016-03-11T00:07:31.407000;2016-03-11T00:07:31.293000;dc43ae6d-e843-47c6-9263-190889057374;415.97;0.39103888;SELL
2016-03-11T00:08:01.470000;2016-03-11T00:08:01.357000;645aa25d-5d84-4013-8795-10bc048bf1e3;416.07;0.03328;BUY
2016-03-11T00:08:31.403000;2016-03-11T00:08:31.293000;da0f74b6-a9f2-48fa-9604-bf58c4fe6221;416.07;0.21672;BUY
2016-03-11T00:08:31.403000;2016-03-11T00:08:31.293000;9233932d-134f-4861-8efc-00f0fefb1a16;416.07;0.01;BUY
2016-03-11T00:08:31.403000;2016-03-11T00:08:31.293000;d27912f6-2216-4f41-b544-a5715a3eea7f;416.08;0.06604286;BUY
2016-03-11T00:08:31.403000;2016-03-11T00:08:31.293000;baebd56d-9b20-402f-9ba3-0c48b5d7d4dd;416.09;0.02223714;BUY
2016-03-11T00:08:44.593000;2016-03-11T00:08:44.450000;e32e0e1e-71d6-430c-a654-ea55c9f15743;416.09;0.25;BUY
2016-03-11T00:08:44.593000;2016-03-11T00:08:44.450000;42053944-d340-4cfc-9f84-34d942ef5ba5;416.1;0.01;BUY
2016-03-11T00:08:44.593000;2016-03-11T00:08:44.467000;dfd2b765-bb71-45ae-ab53-23e8a99550ac;416.11;0.05167025;BUY
2016-03-11T00:08:44.597000;2016-03-11T00:08:44.467000;e51ce4d4-f6d7-4aea-b914-e85d8a02de6b;416.12;0.01980866;BUY
2016-03-11T00:08:44.597000;2016-03-11T00:08:44.497000;3f93c640-9c1e-4a4d-97c2-26e0a245d884;416.13;0.0502;BUY
2016-03-11T00:08:44.597000;2016-03-11T00:08:44.497000;61940dda-c0a8-454e-9e60-0fbbb94559cb;416.14;0.044;BUY
2016-03-11T00:08:44.597000;2016-03-11T00:08:44.497000;9bbb508f-610e-45cd-80cc-aa16a75ab6e9;416.15;0.01;BUY
2016-03-11T00:08:44.597000;2016-03-11T00:08:44.497000;7c400097-da98-4ea4-9deb-4f04b956d2f0;416.16;0.01;BUY
2016-03-11T00:08:44.597000;2016-03-11T00:08:44.513000;a9da1435-133b-404b-bbcf-d00667476c32;416.17;0.128;BUY
2016-03-11T00:09:01.423000;2016-03-11T00:09:01.277000;07823219-ff51-4bf3-ab7f-64c7f194de67;416.22;0.25;BUY
2016-03-11T00:09:01.423000;2016-03-11T00:09:01.293000;36507aa4-292b-48a4-a4b3-9ea58c805ce3;416.24;0.0625;BUY
2016-03-11T00:09:01.423000;2016-03-11T00:09:01.293000;48176d2c-9282-41bc-837d-60069da07c9b;416.25;0.11338;BUY
2016-03-11T00:09:31.413000;2016-03-11T00:09:31.263000;51c9b29a-9e24-4964-9e0f-dc017622c8a8;416.2;0.03236;BUY
2016-03-11T00:09:39.060000;2016-03-11T00:09:38.903000;ab6a9216-b831-4b0e-aae7-3d24b03256d8;416.2;0.011;BUY
2016-03-11T00:09:46.607000;2016-03-11T00:09:46.467000;2413f735-a0e0-4b2a-abb2-a9d31e12b742;416.2;0.20664;BUY
2016-03-11T00:09:46.607000;2016-03-11T00:09:46.480000;444d9217-2e9b-49cd-9c61-38b02455876d;416.2;0.089;BUY
2016-03-11T00:09:46.607000;2016-03-11T00:09:46.480000;8d147a2a-3055-43ea-a906-eda548846fbb;416.21;0.05339635;BUY
2016-03-11T00:09:46.607000;2016-03-11T00:09:46.480000;7b49ebe3-9f02-4b6b-8874-b0dd0102b398;416.22;0.0602021;BUY
2016-03-11T00:09:46.607000;2016-03-11T00:09:46.480000;2d176acf-7eb7-4d7d-a618-946cc2ecdc6e;416.22;0.78;BUY
2016-03-11T00:10:06.073000;2016-03-11T00:10:05.933000;c19c994d-9b56-4b7b-92ac-7dcc9777b79b;416.23;0.033753;BUY
2016-03-11T00:10:06.073000;2016-03-11T00:10:05.950000;e83c7e86-487b-4ff3-b0cd-41389ce4b109;416.23;0.25;BUY
2016-03-11T00:10:06.073000;2016-03-11T00:10:05.950000;e321e58b-c0a8-47fe-9fbb-e9155cf59bfc;416.23;0.054237;BUY
2016-03-11T00:10:31.483000;2016-03-11T00:10:31.340000;263c0fa3-8814-4fd2-a454-96565f4bb293;416.23;0.25;BUY
2016-03-11T00:10:31.487000;2016-03-11T00:10:31.357000;61ecbdd6-7e26-417d-8ce5-19df9f454a0a;416.24;0.0592;BUY
2016-03-11T00:10:31.487000;2016-03-11T00:10:31.357000;70c831cd-5810-4d58-8cbb-17ae981bb1b9;416.25;0.06696637;BUY
2016-03-11T00:10:31.487000;2016-03-11T00:10:31.357000;6220074a-2f93-49c2-ae8c-308dbcd20626;416.26;0.01;BUY
2016-03-11T00:10:31.487000;2016-03-11T00:10:31.357000;49cf46aa-68c8-4e6e-a6a8-d64ddef8b525;416.27;0.096;BUY
2016-03-11T00:10:31.487000;2016-03-11T00:10:31.433000;3e52397e-1989-46df-830c-d18c7a4b9e02;416.29;0.01;BUY
2016-03-11T00:10:31.487000;2016-03-11T00:10:31.450000;17d13868-67f9-4724-8501-d997f4061dc5;416.3;0.01;BUY
2016-03-11T00:10:31.487000;2016-03-11T00:10:31.450000;acf257c5-f2bd-4651-94ea-b2fd408b31a5;416.31;0.01;BUY
2016-03-11T00:10:31.487000;2016-03-11T00:10:31.450000;69013cc7-f224-40e8-b6dc-f663cb48b9b2;416.31;0.29730363;BUY
2016-03-11T00:11:01.377000;2016-03-11T00:11:01.230000;2abe6902-90f8-4a86-bb1d-5acffe7acbc7;416.24;0.25;BUY
2016-03-11T00:11:01.377000;2016-03-11T00:11:01.247000;9b1f24e3-4c85-4fe1-afa5-4afbc523bed4;416.25;3.76041;BUY
2016-03-11T00:11:31.433000;2016-03-11T00:11:31.277000;e3d0b12f-d3c7-4955-9407-e64163e4d385;416.24;0.25;BUY
2016-03-11T00:11:31.433000;2016-03-11T00:11:31.293000;fc1e5056-0cfe-453c-aecd-9d8115c2b64e;416.24;0.383;BUY
2016-03-11T00:11:31.433000;2016-03-11T00:11:31.293000;9bb4c3f8-aa27-4c7b-b993-552fe05714b6;416.25;1.66918;BUY
2016-03-11T00:12:31.463000;2016-03-11T00:12:31.510000;d83d13bf-ae45-4250-b322-5a13ffd1215c;416.24;0.25;BUY
2016-03-11T00:12:31.463000;2016-03-11T00:12:31.523000;0c03a202-bd3a-4079-8672-e9607dc0c2e9;416.24;0.375;BUY
2016-03-11T00:12:31.463000;2016-03-11T00:12:31.523000;c9dd3ad4-8b10-4f75-bb04-06657ddf055f;416.25;23.08215;BUY
2016-03-11T00:13:01.467000;2016-03-11T00:13:01.510000;c589fd63-0269-486b-939c-ebb663e834a8;416.24;0.06883;BUY
2016-03-11T00:13:31.387000;2016-03-11T00:13:31.430000;5a3cb15a-5b6d-4be1-8867-78bb81afdfae;416.24;0.18117;BUY
2016-03-11T00:13:31.387000;2016-03-11T00:13:31.447000;07ae0c7a-1626-41e8-ae23-c95a16900a51;416.24;0.27257;BUY
2016-03-11T00:14:01.373000;2016-03-11T00:14:01.447000;d0bd3c38-d9e4-49ef-bf61-89dc241b2bd4;416.23;0.0949;BUY
2016-03-11T00:14:31.880000;2016-03-11T00:14:31.917000;f458d903-87be-4553-9617-3fa8dfbc9710;416.21;0.0449;BUY
2016-03-11T00:14:31.883000;2016-03-11T00:14:31.930000;4427b156-a7a4-4f7a-8cd9-c31e3049bd92;416.21;0.18275;BUY
2016-03-11T00:15:01.433000;2016-03-11T00:15:01.477000;c52757dd-104d-496f-8ab3-89d62851b7f0;416.2;0.01;SELL
2016-03-11T00:15:01.433000;2016-03-11T00:15:01.493000;443ba6e8-80ee-478c-9fab-498f69672dcf;416.19;0.054851;SELL
2016-03-11T00:15:01.437000;2016-03-11T00:15:01.493000;a24c05a2-b729-4136-b391-d4bef60babbf;416.18;0.0159853;SELL
2016-03-11T00:15:01.437000;2016-03-11T00:15:01.493000;56d43121-9404-4484-be06-4ea402e09155;416.17;0.04559;SELL
2016-03-11T00:15:01.437000;2016-03-11T00:15:01.510000;a0aa1099-cb6d-4923-a362-e5e702066ba1;416.16;0.014;SELL
2016-03-11T00:15:01.437000;2016-03-11T00:15:01.587000;57c2ca5e-d4e5-420c-856b-bac14554e797;416.15;0.073;SELL
2016-03-11T00:15:01.437000;2016-03-11T00:15:01.587000;23b33839-9372-4a89-9cb5-1d47591ff251;416.14;0.05896143;SELL
2016-03-11T00:15:01.437000;2016-03-11T00:15:01.587000;ed349f38-7cee-406b-93f4-534524f6fd97;416.13;0.03078;SELL
2016-03-11T00:15:01.437000;2016-03-11T00:15:01.587000;e9803e40-ba54-4fd2-a83c-fcf12b5f5868;416.12;0.068308;SELL
2016-03-11T00:15:01.437000;2016-03-11T00:15:01.587000;b247e53d-93fb-4dda-a6c8-1641ad5202af;416.1;0.126;SELL
2016-03-11T00:15:01.437000;2016-03-11T00:15:01.587000;c923325e-f426-4c20-ac1c-418edf14af2f;416.07;0.01;SELL
2016-03-11T00:15:01.437000;2016-03-11T00:15:01.587000;280cabd3-06cf-426c-8b02-2c9471a97553;416.05;0.122;SELL
2016-03-11T00:15:01.437000;2016-03-11T00:15:01.587000;aa5bcc39-eec7-4dd5-828c-9980104df54e;416.0;0.0115;SELL
2016-03-11T00:15:01.437000;2016-03-11T00:15:01.587000;761f5c12-346a-470c-a5e1-dd32780dff87;416.0;0.074;SELL
2016-03-11T00:15:01.437000;2016-03-11T00:15:01.587000;3f8c2323-a5d4-43d2-86fd-6d5cc091da0c;415.97;0.2;SELL
2016-03-11T00:15:01.437000;2016-03-11T00:15:01.587000;33bc3f5f-6cce-47f4-97a8-981dca91e74c;415.96;0.42;SELL
2016-03-11T00:15:01.437000;2016-03-11T00:15:01.587000;bf4f0667-d69b-49c8-81ff-fd3f1b171e3f;415.95;0.113;SELL
2016-03-11T00:15:01.437000;2016-03-11T00:15:01.587000;94f019f3-7d70-4239-aaea-1766950fd6d7;415.94;1.0;SELL
2016-03-11T00:15:01.437000;2016-03-11T00:15:01.587000;d214116f-6fe3-4900-85cc-af9373591e95;415.93;2.0;SELL
2016-03-11T00:15:01.440000;2016-03-11T00:15:01.587000;e1ef734a-18a6-446f-bf20-1770d192d6b7;415.93;4.33;SELL
2016-03-11T00:15:01.440000;2016-03-11T00:15:01.587000;d90b8c43-e4ad-4466-9079-9edf2209fce7;415.92;1.17545427;SELL
2016-03-11T00:15:09.353000;2016-03-11T00:15:09.400000;c57203d7-6ee6-4608-a9a4-11c4e67922ef;416.09;0.25;BUY
2016-03-11T00:15:09.353000;2016-03-11T00:15:09.400000;1b936f0f-6ce7-4277-a2c6-430423c9b155;416.1;0.0257;BUY
2016-03-11T00:15:09.353000;2016-03-11T00:15:09.400000;6559dcca-7130-4de6-a9cf-cc53e40a1413;416.12;0.0191;BUY
2016-03-11T00:15:09.353000;2016-03-11T00:15:09.430000;09486c4b-31aa-4d2a-8fc6-1ce36197fa7d;416.13;0.05980287;BUY
2016-03-11T00:15:09.353000;2016-03-11T00:15:09.430000;8bfee0b0-4a41-4635-9843-a98d8c0a368b;416.16;0.23539713;BUY
2016-03-11T00:15:11.990000;2016-03-11T00:15:12.040000;28afdccf-4951-4db6-9144-7b0d54538d05;416.17;0.8;BUY
2016-03-11T00:15:31.627000;2016-03-11T00:15:31.680000;8fd96770-f451-40e8-b0c7-c604e9a1c61f;416.08;0.21108;BUY
2016-03-11T00:16:01.387000;2016-03-11T00:16:01.417000;3f4be354-ff1f-4311-9e3f-95421d6c18ab;416.08;0.03892;BUY
2016-03-11T00:16:01.387000;2016-03-11T00:16:01.430000;0ece0ad4-0a3c-462d-8c2a-e806320d1f46;416.1;0.04659;BUY
2016-03-11T00:16:01.387000;2016-03-11T00:16:01.430000;150961da-2c3f-44aa-ba9c-1c4512cf3986;416.11;0.062154;BUY
2016-03-11T00:16:01.387000;2016-03-11T00:16:01.430000;38959951-46a2-4bd5-b81e-d5654035aaac;416.12;0.05497933;BUY
2016-03-11T00:16:01.387000;2016-03-11T00:16:01.493000;927d268e-1471-4f92-9d80-90b99080b3c5;416.14;0.105;BUY
2016-03-11T00:16:01.387000;2016-03-11T00:16:01.493000;ea4a5699-860a-41d6-bd9d-a19143539f2a;416.16;0.21;BUY
2016-03-11T00:16:01.387000;2016-03-11T00:16:01.493000;550ccdae-3cc3-4a2b-b233-417a4d3e47e4;416.19;0.105;BUY
2016-03-11T00:16:01.387000;2016-03-11T00:16:01.493000;ed68a0a6-97da-4005-b5ed-21922fe5ac4b;416.2;2.6;BUY
2016-03-11T00:16:01.387000;2016-03-11T00:16:01.493000;25eaf04f-9712-4ba5-bdef-6592640f37d7;416.21;0.1225;BUY
2016-03-11T00:16:01.387000;2016-03-11T00:16:01.510000;2d08e3c2-b010-4e8b-b824-ba4faafd0672;416.21;0.15485667;BUY
2016-03-11T00:16:29.187000;2016-03-11T00:16:29.227000;42fe464b-d9c1-4f1e-af48-f64d24b56fa6;416.17;0.25;BUY
2016-03-11T00:16:29.190000;2016-03-11T00:16:29.227000;5c4693fe-7e14-46fa-a870-73f6dfa434e9;416.18;0.05851;BUY
2016-03-11T00:16:29.190000;2016-03-11T00:16:29.260000;824222ac-6731-48db-82c2-b9cfb6e2def0;416.19;0.05432902;BUY
2016-03-11T00:16:29.190000;2016-03-11T00:16:29.260000;76109e70-c678-49dd-bbb3-1fc8b2c3f560;416.19;1.04;BUY
2016-03-11T00:16:29.190000;2016-03-11T00:16:29.260000;78745f22-d13f-48e4-b07c-09903858736c;416.2;0.04061629;BUY
2016-03-11T00:16:29.190000;2016-03-11T00:16:29.260000;124c4c13-3a93-4e11-a06b-2d4192f8b0e4;416.21;3.55654469;BUY
2016-03-11T00:16:31.710000;2016-03-11T00:16:31.760000;b11cebce-a106-4a55-a8c4-0ea3abb60cb3;416.18;0.25;BUY
2016-03-11T00:16:31.710000;2016-03-11T00:16:31.760000;51d82cbf-e93b-4f15-bd6b-cbc3d102f7a1;416.21;0.20686;BUY
2016-03-11T00:17:01.517000;2016-03-11T00:17:01.557000;1e8e334e-839e-495d-a7ab-4ac9f91a411f;416.13;0.01;SELL
2016-03-11T00:17:01.517000;2016-03-11T00:17:01.570000;11b3459b-daf4-4cde-88ca-b825b98a1e8a;416.12;0.19;SELL
2016-03-11T00:17:01.520000;2016-03-11T00:17:01.570000;b8686805-2080-4748-8f90-d27efd3c65db;416.09;0.0449511;SELL
2016-03-11T00:17:01.520000;2016-03-11T00:17:01.570000;fd23e59f-db31-4ebd-8ca1-659c46c14a5a;416.08;0.0352;SELL
2016-03-11T00:17:01.520000;2016-03-11T00:17:01.570000;ab5e9e49-ed41-4bef-92ff-7c0ac570adad;416.07;0.0158;SELL
2016-03-11T00:17:01.520000;2016-03-11T00:17:01.667000;10f62d5b-49a6-48d1-919f-e43dfc173e07;416.05;0.05117888;SELL
2016-03-11T00:17:01.520000;2016-03-11T00:17:01.667000;cad0c8e6-82e7-46e2-a3a1-99589add5897;416.05;0.072;SELL
2016-03-11T00:17:01.520000;2016-03-11T00:17:01.667000;b4520283-c98f-4c40-8ae2-08a452fc1493;416.01;0.021151;SELL
2016-03-11T00:17:01.520000;2016-03-11T00:17:01.667000;04f846b2-a0b5-410a-ac29-cf645ade7a6c;416.0;0.085;SELL
2016-03-11T00:17:01.520000;2016-03-11T00:17:01.667000;08c6928d-4e70-4afa-8b5b-32e7ee903fcc;415.96;0.06839126;SELL
2016-03-11T00:17:01.520000;2016-03-11T00:17:01.667000;f223d896-3a5b-49f5-88df-3eedda5a0d00;415.96;0.43;SELL
2016-03-11T00:17:01.520000;2016-03-11T00:17:01.667000;33b34b8e-f5fd-4ff4-a5a0-281e07033959;415.94;0.106;SELL
2016-03-11T00:17:01.520000;2016-03-11T00:17:01.667000;e113bf0d-1f14-4f06-b8ce-72f8e7835605;415.91;0.08610776;SELL
2016-03-11T00:17:31.453000;2016-03-11T00:17:31.493000;f09e4750-96bf-4f6e-b233-570081ec4281;416.11;0.07136;BUY
2016-03-11T00:18:02.283000;2016-03-11T00:18:02.320000;2dfb5036-4a51-4e96-beea-06718533eb44;415.99;0.01;SELL
2016-03-11T00:18:02.283000;2016-03-11T00:18:02.337000;3aa31296-8def-4386-8cde-3f6d98756721;415.98;0.06372818;SELL
2016-03-11T00:18:02.283000;2016-03-11T00:18:02.353000;b9f76c4b-510f-418c-b8df-ea6508e36ad7;415.97;4.16;SELL
2016-03-11T00:18:02.283000;2016-03-11T00:18:02.353000;43490d4c-4865-489f-a85b-839c5c284a84;415.96;0.02051226;SELL
2016-03-11T00:18:02.283000;2016-03-11T00:18:02.353000;a4ad720b-e3ab-4bc5-bd94-66acce9ffb7c;415.95;0.02158407;SELL
2016-03-11T00:18:02.283000;2016-03-11T00:18:02.353000;f59466f0-eb53-4aff-9b3b-a9eddcc19eac;415.93;0.01;SELL
2016-03-11T00:18:02.283000;2016-03-11T00:18:02.353000;57b511ef-9060-4f49-af10-4b3d00a61eda;415.91;0.35;SELL
2016-03-11T00:18:02.283000;2016-03-11T00:18:02.353000;24e53903-404a-42b3-913a-6864934a63c8;415.9;0.01;SELL
2016-03-11T00:18:02.283000;2016-03-11T00:18:02.353000;7128da43-abe0-4048-96fc-fddf14570832;415.9;0.55;SELL
2016-03-11T00:18:02.283000;2016-03-11T00:18:02.370000;b21a089b-6586-4a97-a65c-f98101bd57f0;415.89;0.522;SELL
2016-03-11T00:18:02.283000;2016-03-11T00:18:02.383000;eda29fe4-302c-41c9-8cd3-468b655d813e;415.88;0.04494422;SELL
2016-03-11T00:18:02.283000;2016-03-11T00:18:02.383000;35197834-19fd-4e1b-b43a-60146019c635;415.88;0.104;SELL
2016-03-11T00:18:02.283000;2016-03-11T00:18:02.383000;623b14d0-8c24-4e19-9442-b3d13a3e13ec;415.83;1.02969127;SELL
2016-03-11T00:18:31.477000;2016-03-11T00:18:31.510000;f25fc78b-3fdd-4118-a455-53ab6dc65b3b;416.06;0.25;BUY
2016-03-11T00:18:31.477000;2016-03-11T00:18:31.523000;aedf3415-51a0-4f9e-9956-f13bc8f3e655;416.07;0.0658233;BUY
2016-03-11T00:18:31.477000;2016-03-11T00:18:31.523000;5b6aa2a7-1dd5-4919-97b4-24fcde72cd6b;416.08;0.0410867;BUY
2016-03-11T00:19:01.500000;2016-03-11T00:19:01.523000;d147ba4d-a43b-4e08-8ca7-c7d99840b360;416.08;0.0274705;BUY
2016-03-11T00:19:01.500000;2016-03-11T00:19:01.540000;45b1cd1e-7cd1-4b41-9039-b95c13891157;416.08;0.25;BUY
2016-03-11T00:19:01.500000;2016-03-11T00:19:01.540000;052c1871-8106-4873-ac04-7f4d85d74c83;416.09;0.036303;BUY
2016-03-11T00:19:01.500000;2016-03-11T00:19:01.557000;6b5ae9aa-8921-41de-b915-ae54def194b3;416.1;0.0421;BUY
2016-03-11T00:19:01.500000;2016-03-11T00:19:01.557000;3fa79adf-2ccb-49aa-942d-a2044c279b41;416.12;0.01;BUY
2016-03-11T00:19:01.500000;2016-03-11T00:19:01.620000;80861ec1-4d60-4af5-9825-7320e71570c5;416.12;0.102;BUY
2016-03-11T00:19:01.500000;2016-03-11T00:19:01.620000;2deaf478-d2a6-43d1-b480-7b4e274a5714;416.13;0.01;BUY
2016-03-11T00:19:01.500000;2016-03-11T00:19:01.620000;a18fc4ba-64a1-42f6-a368-6db7796b7c75;416.15;0.55;BUY
2016-03-11T00:19:01.500000;2016-03-11T00:19:01.620000;9ce6aa66-9f14-4221-ad6f-81b799e9e6e4;416.16;0.0192796;BUY
2016-03-11T00:19:01.500000;2016-03-11T00:19:01.620000;da59c7ed-5006-49e5-aec5-c42af163392e;416.24;0.3478669;BUY
2016-03-11T00:19:32.367000;2016-03-11T00:19:32.417000;d156d3fc-d09c-400e-a239-28cdfa80fdde;416.2;0.0193;BUY
2016-03-11T00:19:32.367000;2016-03-11T00:19:32.417000;82bd2e65-e4de-417c-a123-96eebf2d5f90;416.22;0.02804;BUY
2016-03-11T00:20:01.527000;2016-03-11T00:20:01.557000;35455c0d-685d-4870-8a94-16418cb3fe01;416.22;0.22196;BUY
2016-03-11T00:20:01.527000;2016-03-11T00:20:01.557000;83f4e3a8-6657-462f-87bc-4c9a065ae467;416.22;0.081;BUY
2016-03-11T00:20:01.527000;2016-03-11T00:20:01.587000;71fb0c74-8e0a-4891-8c1d-7535e1037874;416.23;0.0453934;BUY
2016-03-11T00:20:01.527000;2016-03-11T00:20:01.587000;36bcd621-0d78-455c-8b94-f51297a0b979;416.24;0.06559;BUY
2016-03-11T00:20:01.527000;2016-03-11T00:20:01.587000;900122cd-419d-4980-8f13-84c69a267828;416.25;0.01;BUY
2016-03-11T00:20:01.527000;2016-03-11T00:20:01.587000;86987c71-ebc9-4121-984f-ea035b1219e6;416.26;0.01;BUY
2016-03-11T00:20:01.527000;2016-03-11T00:20:01.587000;2d055bab-bf1c-4072-a7d4-8534c05b736f;416.27;0.108;BUY
2016-03-11T00:20:01.530000;2016-03-11T00:20:01.633000;8e509698-d66c-4dda-ad08-794919d1dc5c;416.28;0.0304507;BUY
2016-03-11T00:20:01.530000;2016-03-11T00:20:01.650000;af0f2828-7305-4ae9-b788-87134525cbb4;416.29;3.5465259;BUY
2016-03-11T00:20:31.453000;2016-03-11T00:20:31.477000;d3043479-3184-4832-b65f-27298909ff1b;416.23;0.04757;BUY
2016-03-11T00:21:01.407000;2016-03-11T00:21:01.430000;02fca650-c7e5-47f4-883e-5c7788404900;416.22;0.01721;BUY
2016-03-11T00:21:15.860000;2016-03-11T00:21:15.883000;2ba3faff-ee0c-42d8-ae3f-29343ff33340;416.21;0.014;BUY
2016-03-11T00:21:15.870000;2016-03-11T00:21:15.900000;401538ee-7ef9-4ebf-8b7e-9c5c2c0ad538;416.21;0.236;BUY
2016-03-11T00:21:15.870000;2016-03-11T00:21:15.917000;ec2042d2-9240-4a28-a776-a2587a5473e3;416.21;0.01;BUY
2016-03-11T00:21:57.950000;2016-03-11T00:21:57.977000;e8b1736c-89ed-4ec0-91d0-0b33f99066dc;416.19;0.01820648;SELL
2016-03-11T00:21:57.953000;2016-03-11T00:21:57.993000;9628d55f-5d1f-499a-a6e4-6b1d9ff06bbe;416.18;0.068908;SELL
2016-03-11T00:21:57.953000;2016-03-11T00:21:57.993000;feeb73a0-57de-4c59-82c7-4a6c46a4078e;416.17;0.0568387;SELL
2016-03-11T00:21:57.953000;2016-03-11T00:21:58.010000;ceb7c427-511c-4277-b7ae-cba407979cd4;416.16;0.045165;SELL
2016-03-11T00:21:57.953000;2016-03-11T00:21:58.010000;1712b15f-aa53-403c-abf8-6a4a5527d37d;416.15;0.03564;SELL
2016-03-11T00:21:57.953000;2016-03-11T00:21:58.073000;20bea8be-2a5a-47e9-8b4b-285397a4d6b9;416.14;0.04369458;SELL
2016-03-11T00:21:57.953000;2016-03-11T00:21:58.073000;a5527dee-e68f-4e54-b785-b4e5fdb86d19;416.09;0.01867724;SELL
2016-03-11T00:22:01.627000;2016-03-11T00:22:01.650000;aa35d7c0-af43-4643-ad58-876950964451;416.18;0.25;BUY
2016-03-11T00:22:01.627000;2016-03-11T00:22:01.667000;cb1bf0af-2339-4679-97fc-a10515667485;416.2;0.40581;BUY
2016-03-11T00:22:31.447000;2016-03-11T00:22:31.463000;2f609fc6-a15b-4eb1-a339-215a6e48cac4;416.17;0.11535;BUY
2016-03-11T00:23:01.417000;2016-03-11T00:23:01.430000;b3f9988d-b8b4-4bf1-8581-5d7f1bc6bec4;416.17;0.13465;BUY
2016-03-11T00:23:01.417000;2016-03-11T00:23:01.463000;548395f0-3147-48ff-a7ad-d7e88e2238ec;416.17;0.149;BUY
2016-03-11T00:23:01.417000;2016-03-11T00:23:01.463000;3ed84906-55dd-4b4b-ab4d-4d5c202eafac;416.17;0.16;BUY
2016-03-11T00:23:01.417000;2016-03-11T00:23:01.477000;04b994e0-c8fd-48eb-ba9b-85f7ac4b2aae;416.18;0.04876408;BUY
2016-03-11T00:23:01.417000;2016-03-11T00:23:01.477000;27d22685-fd44-4a53-b3c5-0f53aea379de;416.19;0.0317388;BUY
2016-03-11T00:23:01.417000;2016-03-11T00:23:01.540000;35b22697-ef63-4412-be78-1a731390dc06;416.2;0.05991712;BUY
2016-03-11T00:23:31.380000;2016-03-11T00:23:31.400000;ad333c96-4ab5-4af8-804f-1edd048c2132;416.2;0.23789;BUY
2016-03-11T00:24:01.580000;2016-03-11T00:24:01.603000;49b0350a-43d8-40ba-a137-24d9abafa62b;416.1;0.25;BUY
2016-03-11T00:24:01.580000;2016-03-11T00:24:01.620000;9924fee9-4b72-4d68-916c-e79bdfb6291c;416.1;0.0336;BUY
2016-03-11T00:24:01.580000;2016-03-11T00:24:01.620000;7a7d8974-e9d4-4c4a-884a-2a660aa8a6ce;416.11;0.067;BUY
2016-03-11T00:24:01.583000;2016-03-11T00:24:01.633000;eed3dcb0-cd19-4232-9686-1917605adef4;416.12;0.06137476;BUY
2016-03-11T00:24:01.583000;2016-03-11T00:24:01.680000;40d662f4-4dc8-4b54-9412-1429d91201e9;416.13;0.096;BUY
2016-03-11T00:24:01.583000;2016-03-11T00:24:01.680000;0e29af38-1e12-4dd2-b0fa-ad99a3f4223f;416.14;0.0606;BUY
2016-03-11T00:24:01.583000;2016-03-11T00:24:01.680000;ac63baa1-0de0-4fd2-a3fd-8c1d5d2b64ac;416.18;0.367;BUY
2016-03-11T00:24:01.583000;2016-03-11T00:24:01.680000;22a271ae-60d5-4f0e-90d8-c10ef458d90f;416.21;0.05701;BUY
2016-03-11T00:24:01.583000;2016-03-11T00:24:01.680000;70c74530-dc58-4e22-84dc-9f898c682cf3;416.21;0.67267524;BUY
2016-03-11T00:24:31.493000;2016-03-11T00:24:31.510000;b7663617-fbcd-4712-9b91-26ca72de1f45;416.13;0.25;BUY
2016-03-11T00:24:31.493000;2016-03-11T00:24:31.540000;6b88c785-531d-4208-af33-418e8fc864df;416.14;0.0699045;BUY
2016-03-11T00:24:31.493000;2016-03-11T00:24:31.540000;99f7dd1b-4862-4806-8cad-b713ebff5904;416.14;0.093;BUY
2016-03-11T00:24:31.493000;2016-03-11T00:24:31.557000;9ebda348-31c3-40e4-9ca6-546202035eb7;416.15;0.0263794;BUY
2016-03-11T00:24:31.493000;2016-03-11T00:24:31.557000;f2967d8d-246a-412b-af7a-fc5dcafbef6d;416.16;0.027;BUY
2016-03-11T00:24:31.493000;2016-03-11T00:24:31.620000;f39f93f8-ed08-4d89-9e83-7e0a71d54ab6;416.19;0.107;BUY
2016-03-11T00:24:31.493000;2016-03-11T00:24:31.620000;5ae20368-be7c-43c1-81b9-ed4fce9d651f;416.24;1.3578561;BUY
2016-03-11T00:25:01.600000;2016-03-11T00:25:01.620000;52ada8ec-bb9e-4d4b-b726-d5e21963e617;416.08;0.01;SELL
2016-03-11T00:25:01.600000;2016-03-11T00:25:01.633000;2e081a1f-e4a2-48ae-8346-13516a0bf245;416.07;0.055011;SELL
2016-03-11T00:25:01.600000;2016-03-11T00:25:01.650000;ddb1062e-3a60-40f1-9d56-c2e5a4e6bbbc;416.07;0.2;SELL
2016-03-11T00:25:01.600000;2016-03-11T00:25:01.650000;28996659-8cf8-48b7-bc99-b236c6c37ad0;416.06;0.01;SELL
2016-03-11T00:25:01.600000;2016-03-11T00:25:01.650000;ee6606dd-d8f5-4fa3-be1e-d3491f823387;416.05;0.061;SELL
2016-03-11T00:25:01.600000;2016-03-11T00:25:01.650000;9209cc12-d9cd-4d69-973a-0bdb51fb4b14;416.04;0.07;SELL
2016-03-11T00:25:01.603000;2016-03-11T00:25:01.650000;c4df78b1-006a-4f56-add2-021a78a53e76;416.04;0.112;SELL
2016-03-11T00:25:01.603000;2016-03-11T00:25:01.680000;b359993e-06bb-4e82-be53-96ec42c38b87;416.02;0.036821;SELL
2016-03-11T00:25:01.603000;2016-03-11T00:25:01.697000;08fa09e8-a818-44dd-9413-20999559d996;416.01;0.0382423;SELL
2016-03-11T00:25:01.603000;2016-03-11T00:25:01.697000;5d5ab36d-7d41-45f9-8313-8b4055114fdf;416.0;0.0115;SELL
2016-03-11T00:25:01.603000;2016-03-11T00:25:01.697000;fd3aebd8-a487-4262-98eb-248a8fffd18d;415.99;0.066188;SELL
2016-03-11T00:25:01.603000;2016-03-11T00:25:01.697000;1c19a7cc-0a63-4559-b142-6734c44b3de2;415.98;0.03379172;SELL
2016-03-11T00:25:01.603000;2016-03-11T00:25:01.697000;54f4634b-0559-41fc-9245-eca3457e7261;415.95;1.0;SELL
2016-03-11T00:25:01.603000;2016-03-11T00:25:01.697000;befcfd05-39f5-4492-b021-f7e57d4dacd0;415.94;2.13597598;SELL
2016-03-11T00:25:31.480000;2016-03-11T00:25:31.493000;f6d4fd16-8e50-4022-b98e-419c42c2564d;415.99;0.01;SELL
2016-03-11T00:25:31.480000;2016-03-11T00:25:31.510000;180aefb0-db27-4bc4-ab71-2682849849df;415.98;0.06576669;SELL
2016-03-11T00:25:31.480000;2016-03-11T00:25:31.523000;8324a2af-f04e-4ae8-a8e5-0f7d49e86367;415.98;0.11;SELL
2016-03-11T00:25:31.480000;2016-03-11T00:25:31.523000;d8a6dd4c-5206-4226-859c-f1c12daf3776;415.97;0.21423331;SELL
2016-03-11T00:26:01.397000;2016-03-11T00:26:01.417000;0e79c805-1d35-46b1-b534-6c5bb4680d6a;416.11;0.03201;BUY
2016-03-11T00:26:13.123000;2016-03-11T00:26:13.167000;c77ff525-00d3-4302-8689-241415548f17;415.98;0.01;SELL
2016-03-11T00:26:13.123000;2016-03-11T00:26:13.167000;3a296f36-38d2-4c3a-823f-a392fa1a3617;415.97;0.02155889;SELL
2016-03-11T00:26:13.123000;2016-03-11T00:26:13.167000;b924726d-70e9-4d03-85da-bd0648965ac5;415.95;0.028;SELL
2016-03-11T00:26:13.127000;2016-03-11T00:26:13.167000;e1521864-993e-4e42-98a6-76f3c281308f;415.94;2.73402402;SELL
2016-03-11T00:26:31.477000;2016-03-11T00:26:31.477000;e572f063-0a77-44cd-be09-dac79cfd3f6a;415.94;0.25;BUY
2016-03-11T00:26:31.477000;2016-03-11T00:26:31.493000;2506bc3c-d842-441d-9382-b3a27dc1d9e3;415.95;0.069318;BUY
2016-03-11T00:26:31.477000;2016-03-11T00:26:31.527000;d9e4af3e-f3f4-443a-9ef4-1e5c9bae4b4a;415.96;0.065456;BUY
2016-03-11T00:26:31.477000;2016-03-11T00:26:31.527000;3aee61f9-3f4f-4403-8bc2-124a9a61099b;415.97;0.02098414;BUY
2016-03-11T00:26:31.477000;2016-03-11T00:26:31.527000;0eb2220b-8b5a-4408-970a-30cce2226a05;415.98;0.08565186;BUY
2016-03-11T00:26:52.057000;2016-03-11T00:26:52.087000;622efc57-972b-4522-9471-06a0f5addd8c;415.95;0.0202;BUY
2016-03-11T00:27:01.487000;2016-03-11T00:27:01.523000;2bd5ac78-1dbb-4bf1-bdfe-7bd274712346;415.97;0.25;BUY
2016-03-11T00:27:01.490000;2016-03-11T00:27:01.540000;773b33f2-8bca-4fee-9a06-a62d9f77cc2f;415.98;0.46364;BUY
2016-03-11T00:27:31.403000;2016-03-11T00:27:31.443000;277106c7-b671-42e1-9762-ec04c720ef11;415.97;0.25;BUY
2016-03-11T00:27:31.403000;2016-03-11T00:27:31.460000;6934aec6-1623-4d4a-b39c-3227cb12b268;415.98;2.13511;BUY
2016-03-11T00:28:01.433000;2016-03-11T00:28:01.460000;d2d4c366-02b0-43f9-b135-1d979e905f51;415.97;0.25;BUY
2016-03-11T00:28:01.433000;2016-03-11T00:28:01.493000;85415356-932b-4451-b97c-b1759aba2a56;415.98;0.0206279;BUY
2016-03-11T00:28:01.433000;2016-03-11T00:28:01.493000;1787ac92-462f-4648-bd0c-91ef1b051928;415.99;0.02600482;BUY
2016-03-11T00:28:01.433000;2016-03-11T00:28:01.507000;9cb5b5ae-94a0-46de-bf97-58e59eca0fd3;416.02;0.28685728;BUY
2016-03-11T00:28:32.580000;2016-03-11T00:28:32.633000;4b0ff14d-4181-4c87-a544-e1073eabe041;415.96;0.0128;SELL
2016-03-11T00:29:01.610000;2016-03-11T00:29:01.647000;83b47511-2a67-4cae-a643-764f5529b5bd;415.98;0.25;BUY
2016-03-11T00:29:01.610000;2016-03-11T00:29:01.663000;f95078da-3361-410e-b867-c7cf7ff17572;415.98;0.12;BUY
2016-03-11T00:29:01.610000;2016-03-11T00:29:01.663000;32fa7c7f-c0f9-4054-909f-dadca5c7d99e;415.99;0.02937;BUY
2016-03-11T00:29:01.610000;2016-03-11T00:29:01.663000;2d225ec4-fa21-4e00-aa33-af94b00a9a28;416.0;0.06105313;BUY
2016-03-11T00:29:01.610000;2016-03-11T00:29:01.680000;ef8177fc-c6ea-495d-909d-ab8003529d5f;416.01;0.016336;BUY
2016-03-11T00:29:01.610000;2016-03-11T00:29:01.743000;cfa0cd20-f247-4a11-9234-f086a16f83f1;416.02;0.56809087;BUY
2016-03-11T00:29:31.887000;2016-03-11T00:29:31.913000;9cb82443-0cc7-4b74-8080-6bc35951bde7;415.97;0.0566207;SELL
2016-03-11T00:29:31.887000;2016-03-11T00:29:31.930000;78e893ef-fef3-486a-bb0c-53b0f4f1e6bf;415.96;0.1775493;SELL
2016-03-11T00:30:01.487000;2016-03-11T00:30:01.523000;3aaeda9d-1f93-4959-80d3-b6042668d780;416.01;0.25;BUY
2016-03-11T00:30:01.490000;2016-03-11T00:30:01.540000;51be0b02-f163-40fc-b1bd-cc9542fb265e;416.02;0.05125932;BUY
2016-03-11T00:30:01.490000;2016-03-11T00:30:01.540000;ffccec34-74cc-4252-a050-d11d6621d63e;416.03;0.0371915;BUY
2016-03-11T00:30:01.490000;2016-03-11T00:30:01.540000;3ca0a42b-9746-4688-945b-38fd0aa5c111;416.04;3.53208918;BUY
2016-03-11T00:30:31.560000;2016-03-11T00:30:31.587000;1ddf872f-d709-4701-8ad3-f17171388327;416.06;0.0516;BUY
2016-03-11T00:31:31.437000;2016-03-11T00:31:31.460000;9cac72a8-ed6c-4d30-a7dd-88a39b16c634;416.06;0.1984;BUY
2016-03-11T00:31:31.437000;2016-03-11T00:31:31.477000;5d7b43d8-f2db-4713-85b5-f9968d7a93af;416.07;0.0466;BUY
2016-03-11T00:31:31.437000;2016-03-11T00:31:31.477000;0b9cf1c1-396b-48ba-ba4e-6ffcf659fefa;416.08;0.06356843;BUY
2016-03-11T00:31:31.437000;2016-03-11T00:31:31.493000;81b06d38-d79f-4e4e-9b8d-55cc71214b62;416.09;0.16735157;BUY
2016-03-11T00:32:31.477000;2016-03-11T00:32:31.523000;736b45cb-3355-4408-b0f6-4299b39cf540;415.99;0.01542;BUY
2016-03-11T00:33:03.170000;2016-03-11T00:33:03.197000;4c5e4bbc-b17a-4efe-bed3-9c53615339e9;415.99;0.23458;BUY
2016-03-11T00:33:03.170000;2016-03-11T00:33:03.227000;104570e7-6ce6-4ff6-91f0-26343d44aa03;416.0;4.0;BUY
2016-03-11T00:33:03.170000;2016-03-11T00:33:03.243000;f7b97894-cf32-4988-a499-215057fe62ba;416.02;0.00109;BUY
2016-03-11T00:33:31.447000;2016-03-11T00:33:31.460000;e6939807-2473-474f-a75a-bf0aeb471668;416.0;0.10127877;BUY
2016-03-11T00:33:31.447000;2016-03-11T00:33:31.477000;8cff0d30-d19c-4e1f-883e-9d9a7f34b04b;416.02;0.014426;BUY
2016-03-11T00:33:31.447000;2016-03-11T00:33:31.477000;a065f507-65ea-4e64-9ec7-08a6f167f9f9;416.03;0.03580717;BUY
2016-03-11T00:33:31.447000;2016-03-11T00:33:31.507000;6adb7ab8-35b6-43a0-ab36-37db7b9162c0;416.05;0.04177445;BUY
2016-03-11T00:33:31.447000;2016-03-11T00:33:31.507000;aaa18e76-8b44-4623-b02f-76caa605e9b5;416.06;0.0353529;BUY
2016-03-11T00:33:31.447000;2016-03-11T00:33:31.570000;2c757d1b-b882-40c9-83fb-ec3098c39ec4;416.07;0.0574694;BUY
2016-03-11T00:33:31.447000;2016-03-11T00:33:31.570000;ccb157f0-1a23-471f-ab97-973d00f41083;416.07;0.108;BUY
2016-03-11T00:33:31.447000;2016-03-11T00:33:31.570000;ad0ddb8c-2320-4dea-b432-27e31ec7829d;416.1;2.12824131;BUY
2016-03-11T00:34:31.397000;2016-03-11T00:34:31.413000;c80e9c30-7d9b-4985-b928-e11f9b25d4ad;416.07;0.11897;BUY
2016-03-11T00:35:01.403000;2016-03-11T00:35:01.413000;6d9b4b9c-351b-4567-80d8-c1e4caf3b362;416.07;0.13103;BUY
2016-03-11T00:35:01.403000;2016-03-11T00:35:01.430000;04012f5c-ae9c-4089-8833-04b9b10328ed;416.07;0.307;BUY
2016-03-11T00:35:01.403000;2016-03-11T00:35:01.430000;564b7d6c-b905-4284-8cdb-fb70c9ab1ebf;416.09;0.36216;BUY
2016-03-11T00:35:31.447000;2016-03-11T00:35:31.460000;efc6f495-ea08-42c5-8ced-58c03ca8f4ff;416.08;0.17703;BUY
2016-03-11T00:36:01.430000;2016-03-11T00:36:01.447000;feec2a4f-78ef-4545-b5fa-1490d1c853b0;416.08;0.25;BUY
2016-03-11T00:36:01.430000;2016-03-11T00:36:01.460000;7a333140-c63d-4a4e-b2b4-c353235aa296;416.09;1.80474;BUY
2016-03-11T00:36:31.447000;2016-03-11T00:36:31.460000;b0026154-91d4-4a73-a3de-aecf2dddbb5f;416.1;0.03569;BUY
2016-03-11T00:37:25.127000;2016-03-11T00:37:25.147000;4c5a9715-7732-42b2-9fd4-7eb5f67098d6;416.07;2.35;SELL
2016-03-11T00:37:25.127000;2016-03-11T00:37:25.147000;265869b4-6491-47de-a4b5-0a5910bfc54a;416.06;0.066952;SELL
2016-03-11T00:37:25.130000;2016-03-11T00:37:25.180000;c9b69189-9dcc-4478-99b1-99a5a2185aad;416.05;0.0652202;SELL
2016-03-11T00:37:25.130000;2016-03-11T00:37:25.180000;f0910198-82c6-463f-8d10-7c83d6ccf645;416.04;0.036;SELL
2016-03-11T00:37:31.517000;2016-03-11T00:37:31.570000;ba9b54ed-431f-4f67-abb3-1146bd92222a;416.1;0.22371;BUY
2016-03-11T00:38:01.800000;2016-03-11T00:38:01.803000;d8b708ad-a790-49d8-933f-caffa9b7d127;416.1;0.57366;BUY
2016-03-11T00:39:01.500000;2016-03-11T00:39:01.507000;ed44b9d4-78c2-44f0-bcb7-dc2bc6714137;416.0;0.07922;SELL
2016-03-11T00:39:31.417000;2016-03-11T00:39:31.413000;d8b9daa7-ef66-4bcd-bae7-35dd4092f94a;416.1;0.04758;BUY
2016-03-11T00:40:02.640000;2016-03-11T00:40:02.633000;4edc432a-9329-420d-b34d-ab9980a27d1a;416.03;0.31;SELL
2016-03-11T00:40:02.640000;2016-03-11T00:40:02.650000;ee9d9bed-dc52-4d99-85c2-d88aa39c82e2;416.0;0.526;SELL
2016-03-11T00:40:02.640000;2016-03-11T00:40:02.650000;68998a3b-3e14-463f-8eee-ab7b8bc7a87d;415.99;2.10544;SELL
2016-03-11T00:40:31.453000;2016-03-11T00:40:31.460000;54dcd303-8db5-4326-b7ee-919481f9875f;416.1;0.47955;BUY
2016-03-11T00:41:04.397000;2016-03-11T00:41:04.400000;62839f56-03cc-4875-aa96-65a690881f89;416.01;0.04701395;SELL
2016-03-11T00:41:04.397000;2016-03-11T00:41:04.413000;c15b032a-796b-4e08-ac27-68616a87bd9a;416.0;0.03088105;SELL
2016-03-11T00:41:04.397000;2016-03-11T00:41:04.413000;c87c5809-3c91-4cef-a850-f81422facba1;415.98;1.0;SELL
2016-03-11T00:41:04.397000;2016-03-11T00:41:04.430000;bd4e59f2-1de1-432e-8364-189b4d070ad3;415.98;0.127;SELL
2016-03-11T00:41:04.397000;2016-03-11T00:41:04.430000;bc191aeb-dec8-4b78-8d1d-01b998c62a37;415.97;2.0;SELL
2016-03-11T00:41:04.397000;2016-03-11T00:41:04.430000;b9b53d3b-7b3c-41ab-8596-fe6dd2e5a2a7;415.96;0.058996;SELL
2016-03-11T00:41:04.400000;2016-03-11T00:41:04.430000;b63542d1-784b-4561-88aa-5c1cad3ca0aa;415.95;0.06552839;SELL
2016-03-11T00:41:04.400000;2016-03-11T00:41:04.447000;25c1a49c-737c-4474-a537-ebfdb4968016;415.93;0.11437061;SELL
2016-03-11T00:41:31.467000;2016-03-11T00:41:31.460000;90046710-44d1-47cb-9770-761a0d7c8389;416.03;0.039;BUY
2016-03-11T00:41:31.467000;2016-03-11T00:41:31.493000;d15c4a39-bedb-452d-8ee1-f7f34abe52d7;416.04;0.01995294;BUY
2016-03-11T00:41:31.467000;2016-03-11T00:41:31.493000;16331f4b-ce46-4aef-8f48-f11635b91386;416.05;0.065;BUY
2016-03-11T00:41:31.467000;2016-03-11T00:41:31.493000;5b3c29df-6395-4489-be48-7bac8e47facc;416.09;0.1;BUY
2016-03-11T00:41:31.467000;2016-03-11T00:41:31.507000;a6c1fa7c-72c1-4943-8978-19afea24e19d;416.1;0.15256869;BUY
2016-03-11T00:41:31.467000;2016-03-11T00:41:31.570000;ffbaeb9d-87c5-4765-8eaf-0799d42c80ce;416.11;0.01;BUY
2016-03-11T00:41:31.467000;2016-03-11T00:41:31.570000;c5253855-10e2-415d-b58c-876d874eed41;416.12;0.01;BUY
2016-03-11T00:41:31.470000;2016-03-11T00:41:31.570000;7d12b04f-f1a0-47f6-a985-c87c86d9f9c1;416.13;0.03266864;BUY
2016-03-11T00:41:31.470000;2016-03-11T00:41:31.570000;9403c2ec-c9fe-4008-9acb-8d9e4e360fd1;416.14;0.086;BUY
2016-03-11T00:41:31.470000;2016-03-11T00:41:31.570000;6a8ebe72-dada-445d-870d-fbc97e0d053c;416.15;0.65071973;BUY
2016-03-11T00:42:01.573000;2016-03-11T00:42:01.570000;df3ceb8c-d8df-4833-8f4f-d86653e0cac2;416.1;0.11898;BUY
2016-03-11T00:42:31.513000;2016-03-11T00:42:31.560000;69afc78f-9ae8-4a06-a542-b97cfd6cff60;416.11;0.345;BUY
2016-03-11T00:42:31.513000;2016-03-11T00:42:31.560000;64958b89-54bf-4203-ac8e-73077d56cb59;416.12;0.16883;BUY
2016-03-11T00:43:01.643000;2016-03-11T00:43:01.670000;bb20b8df-bd51-46d0-bd69-6e2d68128bbb;415.99;0.01;SELL
2016-03-11T00:43:01.643000;2016-03-11T00:43:01.687000;ba9188e5-847b-4fa5-82d1-1a1a5dbfd9a8;415.98;0.044104;SELL
2016-03-11T00:43:01.643000;2016-03-11T00:43:01.687000;cd68a821-c690-4db8-b40b-805b848dc402;415.96;0.449466;SELL
2016-03-11T00:43:31.607000;2016-03-11T00:43:31.640000;d3d7e1fd-8d5b-4984-83ba-a91d13f6a2f7;416.11;0.05445;BUY
2016-03-11T00:44:01.527000;2016-03-11T00:44:01.577000;54783a3d-5e9d-4138-8aa4-495089d58b2b;415.99;0.01;SELL
2016-03-11T00:44:01.527000;2016-03-11T00:44:01.577000;875f946f-3c6f-4a95-96c2-576c9dd9c67c;415.99;0.2;SELL
2016-03-11T00:44:01.527000;2016-03-11T00:44:01.593000;c5754d9b-3e66-44f8-8d5a-7e73b248446c;415.96;0.100534;SELL
2016-03-11T00:44:01.527000;2016-03-11T00:44:01.593000;8846e8ac-cbf6-44cc-b4fc-d4f3be3649b8;415.95;0.0268;SELL
2016-03-11T00:44:01.527000;2016-03-11T00:44:01.593000;324087bb-2c65-40de-af77-b8f8b6eb226c;415.94;0.057;SELL
2016-03-11T00:44:01.527000;2016-03-11T00:44:01.593000;b15abcba-1516-4974-8d97-2bbc921bc749;415.94;0.000586;SELL
2016-03-11T00:44:33.013000;2016-03-11T00:44:33.060000;9a3ffa53-d5c5-4d33-b681-088762cae60c;416.07;0.326;BUY
2016-03-11T00:44:33.013000;2016-03-11T00:44:33.060000;61eb0b89-7a4a-4502-a80b-26f553f53241;416.07;0.29;BUY
2016-03-11T00:44:33.013000;2016-03-11T00:44:33.060000;b6417f21-0dfe-4ecc-bb59-e3e2952a0565;416.09;0.0381684;BUY
2016-03-11T00:44:33.013000;2016-03-11T00:44:33.060000;72007329-d973-4a02-b896-dbf97fd30364;416.09;0.0558316;BUY
2016-03-11T00:45:01.503000;2016-03-11T00:45:01.530000;0c8d8c5f-3183-4d83-aa35-776a87949e15;415.91;0.019946;SELL
2016-03-11T00:45:01.507000;2016-03-11T00:45:01.543000;b775fdc5-e4ee-40e7-8183-cc5cb77091c0;415.91;0.29;SELL
2016-03-11T00:45:01.507000;2016-03-11T00:45:01.543000;0e2d6ed0-dc24-40c6-a9df-be6713d5e598;415.91;0.077;SELL
2016-03-11T00:45:01.507000;2016-03-11T00:45:01.543000;5a461b07-0308-410b-acb0-73692f71772a;415.9;0.025;SELL
2016-03-11T00:45:01.507000;2016-03-11T00:45:01.560000;2ad9ca49-2318-46c7-a1f3-0a9f72f1e923;415.89;0.95;SELL
2016-03-11T00:45:01.507000;2016-03-11T00:45:01.640000;be10001b-5037-4d8d-838c-90de8bbba55f;415.88;0.01;SELL
2016-03-11T00:45:01.507000;2016-03-11T00:45:01.640000;77a4ff89-856a-4d1f-844d-eca3a2983b86;415.86;0.390094;SELL
2016-03-11T00:45:31.503000;2016-03-11T00:45:31.530000;bb15e615-349f-4879-ae27-7de09294b03c;416.09;5.64528;BUY
2016-03-11T00:46:01.503000;2016-03-11T00:46:01.530000;ca0078cc-21ef-42e8-848f-cd2aecd2c221;416.0;0.01;BUY
2016-03-11T00:46:01.503000;2016-03-11T00:46:01.543000;14f703f6-dcff-4a51-ac64-2f6e43ed39ea;416.0;0.29;BUY
2016-03-11T00:46:01.503000;2016-03-11T00:46:01.543000;4498d275-07a1-4f89-99d1-4f3ea8e62071;416.01;0.0665;BUY
2016-03-11T00:46:01.503000;2016-03-11T00:46:01.560000;170ddb29-23fd-4cb6-b795-3dece9e97c6b;416.02;0.0535046;BUY
2016-03-11T00:46:01.503000;2016-03-11T00:46:01.560000;84dfbc42-7262-4368-a25b-3b2dd86e8cc8;416.1;2.3646354;BUY
2016-03-11T00:46:31.450000;2016-03-11T00:46:31.467000;f2c9504c-f266-4fcc-8e46-dd48c52f3c3e;416.09;0.83126;BUY
2016-03-11T00:47:01.530000;2016-03-11T00:47:01.560000;2a2ed426-ee57-418a-bd14-4cdaa1a7d410;415.89;0.01;SELL
2016-03-11T00:47:01.530000;2016-03-11T00:47:01.577000;ceaf105d-2d3c-4d6e-aee6-00debaad7f1b;415.88;0.01;SELL
2016-03-11T00:47:01.530000;2016-03-11T00:47:01.577000;14711202-8eac-4e0b-9714-5195621d8f6a;415.87;0.71772;SELL
2016-03-11T00:47:31.433000;2016-03-11T00:47:31.450000;caf01e7c-bb70-4513-b904-19ebf9f3e108;415.88;0.0438;SELL
2016-03-11T00:48:01.520000;2016-03-11T00:48:01.543000;f949b74f-7f80-491b-ace3-5fb9f64f3a59;415.88;0.491;SELL
2016-03-11T00:48:01.520000;2016-03-11T00:48:01.543000;40f9cd26-27bf-44ca-b015-9dae76abd51d;415.87;7.92772;SELL
2016-03-11T00:48:31.580000;2016-03-11T00:48:31.607000;8b20ed52-3df0-4a35-81fc-9e20fa8f2ebc;415.94;0.02972;BUY
2016-03-11T00:49:31.553000;2016-03-11T00:49:31.577000;1c881629-4e3d-459e-8c7c-b99d1d51ae20;415.94;0.22969;BUY
2016-03-11T00:50:01.513000;2016-03-11T00:50:01.530000;f45dabe9-bfae-434f-be1e-80f00a4d53ca;415.87;0.15456;SELL
2016-03-11T00:50:01.513000;2016-03-11T00:50:01.547000;a19fcbaa-6e00-4b43-b9ca-62bf82a0b46c;415.86;0.061;SELL
2016-03-11T00:50:01.513000;2016-03-11T00:50:01.547000;25a4a0c9-13d5-4814-98a0-d425f9ff313b;415.85;0.04705386;SELL
2016-03-11T00:50:01.513000;2016-03-11T00:50:01.547000;e9c4633e-1421-40ff-8508-d25c61ffb219;415.84;0.103;SELL
2016-03-11T00:50:01.513000;2016-03-11T00:50:01.560000;0b369b0a-f923-41ca-989d-d813f73c1bdb;415.82;5.0;SELL
2016-03-11T00:50:01.513000;2016-03-11T00:50:01.640000;ddea517e-ab61-4baf-ad54-058ead10c458;415.81;0.00488;SELL
2016-03-11T00:50:01.513000;2016-03-11T00:50:01.640000;55d99bc8-adfd-421b-8a53-a7856cb78b90;415.79;0.12;SELL
2016-03-11T00:50:01.517000;2016-03-11T00:50:01.640000;4fd84655-6cce-4c32-a774-f5767b4436f4;415.75;0.01;SELL
2016-03-11T00:50:01.517000;2016-03-11T00:50:01.640000;c84e8b0f-d600-4e28-9326-2f0cfe206265;415.75;0.125;SELL
2016-03-11T00:50:01.517000;2016-03-11T00:50:01.640000;82031412-a03d-43c3-a37e-c18d35dfa67d;415.75;0.0115;SELL
2016-03-11T00:50:01.517000;2016-03-11T00:50:01.640000;06688590-48e2-441d-9876-5e242b41b51b;415.74;0.1418;SELL
2016-03-11T00:50:01.517000;2016-03-11T00:50:01.640000;2419822e-7c54-440e-9291-31b5e04e62b2;415.74;0.11;SELL
2016-03-11T00:50:01.517000;2016-03-11T00:50:01.640000;5adc3ea6-7e2f-4ea5-8481-9679bea4147a;415.74;0.126;SELL
2016-03-11T00:50:01.517000;2016-03-11T00:50:01.640000;73d85971-fa26-4070-a2eb-1639e3ee12f5;415.69;0.01;SELL
2016-03-11T00:50:01.517000;2016-03-11T00:50:01.640000;acbf6a42-9c77-464b-ae0e-b1cc0640e947;415.69;0.126;SELL
2016-03-11T00:50:01.517000;2016-03-11T00:50:01.640000;55230f0a-d7ab-4e7f-8804-973dfe047cf7;415.66;2.0;SELL
2016-03-11T00:50:01.517000;2016-03-11T00:50:01.640000;f6228d24-d3b2-4e09-8ded-da3820faf822;415.65;0.52;SELL
2016-03-11T00:50:01.517000;2016-03-11T00:50:01.640000;7e7e3dfe-b819-4301-9ec6-1fb805bca407;415.64;0.00147614;SELL
2016-03-11T00:50:27.603000;2016-03-11T00:50:27.623000;62cf5516-e3be-4010-a97f-69a4c5325d2b;415.72;0.01;SELL
2016-03-11T00:50:27.603000;2016-03-11T00:50:27.623000;9a76dbf5-00f0-41e4-b625-00d51dc70946;415.72;0.24;SELL
2016-03-11T00:50:31.383000;2016-03-11T00:50:31.390000;9b417bc0-fd1b-466d-a640-cbd09a099244;415.72;0.04027;SELL
2016-03-11T00:50:36.897000;2016-03-11T00:50:36.903000;f3da57aa-e125-4fda-bea4-6c9a2a6991aa;415.72;0.25;BUY
2016-03-11T00:50:36.897000;2016-03-11T00:50:36.937000;345207e0-3ca2-44e5-bda1-ea25d16e8a1b;415.72;0.0344;BUY
2016-03-11T00:50:36.900000;2016-03-11T00:50:36.937000;d2857236-bd75-4bce-ab11-e3af62234885;415.72;0.04;BUY
2016-03-11T00:50:48.337000;2016-03-11T00:50:48.343000;2f228d57-4ebb-4a86-9bdf-35741d7d8cd2;415.72;0.25;BUY
2016-03-11T00:50:48.337000;2016-03-11T00:50:48.357000;485ab08a-9cda-4498-9385-9147fa8f8fba;415.72;0.0329;BUY
2016-03-11T00:51:01.457000;2016-03-11T00:51:01.467000;e4496036-5727-4ab6-8a1a-b228a3a38c9a;415.72;0.08514;SELL
2016-03-11T00:51:31.457000;2016-03-11T00:51:31.467000;2ac4c1b5-5453-4274-884e-7bf00ac14589;415.74;0.25;BUY
2016-03-11T00:51:31.460000;2016-03-11T00:51:31.497000;9d383931-ff52-400a-9d71-d04664fe8cb2;415.75;0.0653636;BUY
2016-03-11T00:51:31.460000;2016-03-11T00:51:31.497000;3cd37f7c-50ec-4a53-88c6-50c185aa0d4f;415.77;0.017;BUY
2016-03-11T00:51:31.460000;2016-03-11T00:51:31.497000;0e449cdf-7a5c-42ec-88d6-9a0668d97dfe;415.78;0.06904599;BUY
2016-03-11T00:51:31.460000;2016-03-11T00:51:31.497000;69e70a89-4eec-4c8b-bc4f-853c7f3a904c;415.79;0.16297041;BUY
2016-03-11T00:51:39.633000;2016-03-11T00:51:39.640000;8e864ff6-0121-480d-b25f-32f4f7d77b44;415.78;0.25;BUY
2016-03-11T00:51:39.633000;2016-03-11T00:51:39.653000;63e9e776-61f3-40f2-89b9-830fad69e47a;415.79;3.79402959;BUY
2016-03-11T00:51:39.633000;2016-03-11T00:51:39.653000;9e10ca61-ead3-4f70-9f2f-db8efa1f4dde;415.8;0.01719;BUY
2016-03-11T00:51:39.633000;2016-03-11T00:51:39.670000;c46e75a3-f15f-4d77-a69f-ec207e00cc1e;415.85;0.01;BUY
2016-03-11T00:51:39.633000;2016-03-11T00:51:39.670000;ec0b719d-b468-4a23-85a6-402ee81a38f6;415.85;0.325;BUY
2016-03-11T00:51:39.633000;2016-03-11T00:51:39.747000;71546002-e19e-4645-a51d-53a54d32f75d;415.92;4.42;BUY
2016-03-11T00:51:39.633000;2016-03-11T00:51:39.747000;1a2768b6-563c-498c-b0aa-a52e7ba32288;415.93;0.01;BUY
2016-03-11T00:51:39.633000;2016-03-11T00:51:39.747000;1ebf87ab-6106-4d36-973d-7018326bf565;415.93;1.57378041;BUY
2016-03-11T00:51:46.630000;2016-03-11T00:51:46.640000;4f1674b5-340a-4c05-99c4-fbbf7bc2741a;415.74;0.485;SELL
2016-03-11T00:51:46.633000;2016-03-11T00:51:46.640000;c2139e79-1d62-47b1-99af-d8854fa7552e;415.72;4.515;SELL
2016-03-11T00:52:01.540000;2016-03-11T00:52:01.560000;653abee1-ed22-4b99-8b71-42e38e4118f2;415.8;0.0288;SELL
2016-03-11T00:52:01.540000;2016-03-11T00:52:01.560000;5be348e4-bcd1-4305-a57a-e8c727747fb2;415.78;0.111;SELL
2016-03-11T00:52:01.540000;2016-03-11T00:52:01.593000;08627bca-aaa4-4429-a1d1-c9ed5ef9e992;415.77;0.0215;SELL
2016-03-11T00:52:01.540000;2016-03-11T00:52:01.607000;dfef6179-5e89-4bd4-8845-675fd8a5c9df;415.76;0.26;SELL
2016-03-11T00:52:01.540000;2016-03-11T00:52:01.607000;772f2713-030e-4773-a128-2e0cb9fe70f8;415.73;8.68;SELL
2016-03-11T00:52:01.540000;2016-03-11T00:52:01.607000;1a93f23a-629c-4f4f-9f63-f1e77eff38a8;415.72;0.069761;SELL
2016-03-11T00:52:01.540000;2016-03-11T00:52:01.607000;ab20e9a3-fe38-4d13-9cd8-7a3886fd5c9e;415.71;0.01;SELL
2016-03-11T00:52:01.540000;2016-03-11T00:52:01.607000;42c5b7a4-65a8-43b0-9a2c-b1ab827007d0;415.7;0.0263715;SELL
2016-03-11T00:52:01.540000;2016-03-11T00:52:01.607000;e6db4004-5f60-4c71-9d22-cd9106a49300;415.69;0.041411;SELL
2016-03-11T00:52:01.540000;2016-03-11T00:52:01.607000;46b32761-16e8-4220-8553-e7fa816d6d0c;415.68;0.457;SELL
2016-03-11T00:52:01.540000;2016-03-11T00:52:01.607000;23ef6740-ee66-425e-8bf2-41f1147517e0;415.67;0.0186;SELL
2016-03-11T00:52:01.540000;2016-03-11T00:52:01.640000;fa105429-aae2-435a-9ee6-85570b9143d2;415.66;0.0467411;SELL
2016-03-11T00:52:01.540000;2016-03-11T00:52:01.653000;4cb46bf6-fc62-4b87-aa6c-ff0c932b8d4e;415.65;0.03004;SELL
2016-03-11T00:52:01.540000;2016-03-11T00:52:01.653000;dcac9c57-d35d-42c6-b69d-63a6f0471a6e;415.63;5.0;SELL
2016-03-11T00:52:01.540000;2016-03-11T00:52:01.653000;8d76cd01-5dcb-45fd-b424-e837ba488941;415.62;0.481;SELL
2016-03-11T00:52:01.540000;2016-03-11T00:52:01.653000;77d19714-6859-4285-8660-bc5283d76ad1;415.59;0.95;SELL
2016-03-11T00:52:01.540000;2016-03-11T00:52:01.653000;15f75562-d30f-4b39-8d78-fa0dfc7d9493;415.57;0.475;SELL
2016-03-11T00:52:01.540000;2016-03-11T00:52:01.653000;ece114d3-7136-4278-ba0e-14794c7e3f27;415.56;1.3;SELL
2016-03-11T00:52:01.540000;2016-03-11T00:52:01.653000;1df1216d-6a05-4113-9700-996ce1590f8a;415.55;0.01;SELL
2016-03-11T00:52:01.540000;2016-03-11T00:52:01.653000;5a2e5a9c-9a96-4353-94e4-a57ebb05afda;415.51;0.8513754;SELL
2016-03-11T00:52:31.580000;2016-03-11T00:52:31.607000;5d18796b-382e-4e24-ae70-e6a712ac3ea7;415.83;0.06804;BUY
2016-03-11T00:52:31.580000;2016-03-11T00:52:31.607000;d867f77c-2117-4496-8251-7e36541d9d3b;415.85;0.01;BUY
2016-03-11T00:52:31.580000;2016-03-11T00:52:31.607000;0c0da97a-fac6-4c36-b1cc-f87014aa479a;415.86;0.0251;BUY
2016-03-11T00:52:31.580000;2016-03-11T00:52:31.607000;56f093e6-f7f4-49b6-89d6-69857c6447c9;415.88;0.04216317;BUY
2016-03-11T00:52:31.580000;2016-03-11T00:52:31.623000;1f733e92-5a91-4302-ae16-9c9f755b8dd1;415.9;1.52756683;BUY
2016-03-11T00:52:39.590000;2016-03-11T00:52:39.623000;6a0c3b55-7b4e-4af7-b613-0d7eda9e3389;415.82;0.01;SELL
2016-03-11T00:52:39.590000;2016-03-11T00:52:39.623000;4b7f151a-d110-45ed-a7f1-b222f75d60a2;415.81;0.034637;SELL
2016-03-11T00:52:39.590000;2016-03-11T00:52:39.623000;d4cbeb9e-e31f-4e6c-8026-8c4ae9a50a8f;415.8;0.0264719;SELL
2016-03-11T00:52:39.593000;2016-03-11T00:52:39.623000;96644576-c17a-4455-96d7-23cd65adea02;415.79;0.0637936;SELL
2016-03-11T00:52:39.593000;2016-03-11T00:52:39.623000;144780ab-4b43-4deb-9a1b-5e449be4fa9e;415.75;0.01;SELL
2016-03-11T00:52:39.593000;2016-03-11T00:52:39.653000;7f23a2fd-eb11-4640-98f6-f578ba312251;415.75;0.125;SELL
2016-03-11T00:52:39.593000;2016-03-11T00:52:39.653000;92466f79-3b05-40c2-be0c-a5b629fd167a;415.7;0.123;SELL
2016-03-11T00:52:39.593000;2016-03-11T00:52:39.653000;0e464339-1308-4733-99fe-1738b9a02cb4;415.56;0.6070975;SELL
2016-03-11T00:53:01.947000;2016-03-11T00:53:01.967000;cfe76051-78cc-4c52-9986-6ee77302845e;415.8;0.01;BUY
2016-03-11T00:53:31.480000;2016-03-11T00:53:31.483000;2bffa408-36f5-422c-a484-c298070f7425;415.79;0.0395;SELL
2016-03-11T00:53:31.480000;2016-03-11T00:53:31.497000;58635dc5-3d47-4584-a367-f1eb3399c72d;415.79;0.0364;SELL
2016-03-11T00:53:31.480000;2016-03-11T00:53:31.513000;e01beb63-361f-411c-ad80-16456339c239;415.79;0.0351;SELL
2016-03-11T00:53:31.480000;2016-03-11T00:53:31.513000;d729724a-fdde-43cb-9f44-bd8b024f5931;415.79;0.0405;SELL
2016-03-11T00:53:31.480000;2016-03-11T00:53:31.513000;233867d5-89b4-42d9-b056-951d52ed9ebf;415.79;0.0388;SELL
2016-03-11T00:53:31.480000;2016-03-11T00:53:31.513000;ca499289-0493-446b-8ccf-8cef88fa4a68;415.78;0.04637953;SELL
2016-03-11T00:53:31.483000;2016-03-11T00:53:31.513000;f27b4190-f258-4806-b418-453e68573176;415.77;0.0333;SELL
2016-03-11T00:53:31.483000;2016-03-11T00:53:31.513000;b89a0283-3084-4276-87cd-4d662216770d;415.76;0.05239775;SELL
2016-03-11T00:53:31.483000;2016-03-11T00:53:31.513000;37505c7e-c2bc-449b-ad5a-44fdfca8163c;415.75;0.01;SELL
2016-03-11T00:53:31.483000;2016-03-11T00:53:31.513000;6a48888f-c721-4175-abce-95574b4b63e9;415.74;0.0217;SELL
2016-03-11T00:53:31.483000;2016-03-11T00:53:31.513000;71b6801e-0eaa-437a-8ee4-5993060c9f02;415.73;0.104;SELL
2016-03-11T00:53:31.483000;2016-03-11T00:53:31.530000;1210ac4e-45c2-4401-858b-c57cb3596351;415.71;0.0235;SELL
2016-03-11T00:53:31.483000;2016-03-11T00:53:31.530000;e3caf94a-6011-4cd3-8d4e-ca4f2fec008d;415.69;0.0261;SELL
2016-03-11T00:53:31.483000;2016-03-11T00:53:31.530000;baceaed0-aa5b-450a-95ff-0d1b28e22043;415.68;0.076;SELL
2016-03-11T00:53:31.483000;2016-03-11T00:53:31.530000;19d71da5-0240-4903-a2b3-d3f6ee2e942c;415.67;0.0228;SELL
2016-03-11T00:53:31.483000;2016-03-11T00:53:31.530000;d06db257-e8dd-480c-a8f7-ae14b43aa5c1;415.65;0.0204;SELL
2016-03-11T00:53:31.483000;2016-03-11T00:53:31.547000;2a988be7-eb45-43b0-acc6-57fab1fa1ce5;415.58;0.65729272;SELL
2016-03-11T00:54:01.560000;2016-03-11T00:54:01.577000;c3fb2123-784b-4e2e-92fd-157a997c7d94;415.75;0.25;BUY
2016-03-11T00:54:01.560000;2016-03-11T00:54:01.593000;4090918b-12a1-41be-b85d-f2c69711ad44;415.78;0.027782;BUY
2016-03-11T00:54:01.560000;2016-03-11T00:54:01.593000;ab569dec-cd51-465c-bf22-37f379c10612;415.8;1.278038;BUY
2016-03-11T00:54:09.640000;2016-03-11T00:54:09.640000;ea600fb7-57f5-4867-8696-0114a18dd5a0;415.8;4.147962;BUY
2016-03-11T00:54:09.640000;2016-03-11T00:54:09.653000;790aab75-b73d-40f3-bf80-fa0592f0005a;415.81;0.06807532;BUY
2016-03-11T00:54:09.640000;2016-03-11T00:54:09.653000;a0294b2a-71dc-4567-996a-cd38795a21b5;415.82;0.03962949;BUY
2016-03-11T00:54:09.640000;2016-03-11T00:54:09.670000;7da7ec33-49d8-441f-b20b-d9162973d4d0;415.83;0.04;BUY
2016-03-11T00:54:09.640000;2016-03-11T00:54:09.670000;ff9d525c-39ad-404d-91c1-fad3bbe4bc8e;415.84;0.05112633;BUY
2016-03-11T00:54:09.643000;2016-03-11T00:54:09.700000;3a34be35-2993-4256-914b-a74bc37dfe9c;415.85;0.063;BUY
2016-03-11T00:54:09.643000;2016-03-11T00:54:09.717000;0c2d1ef7-8809-4309-8d45-53b4f265dd7a;415.86;0.02503307;BUY
2016-03-11T00:54:09.643000;2016-03-11T00:54:09.717000;171376ed-d778-4251-bcc2-05fe81b064b8;415.87;0.06381593;BUY
2016-03-11T00:54:09.643000;2016-03-11T00:54:09.717000;25f1c398-2de3-4691-affb-d9f1e359d1fc;415.88;0.01;BUY
2016-03-11T00:54:09.643000;2016-03-11T00:54:09.717000;97aaf74c-747f-4623-ab1e-f29e2edee7bf;415.89;0.0589;BUY
2016-03-11T00:54:09.643000;2016-03-11T00:54:09.733000;683e3ca3-09e6-44e1-bbaa-011cb35a4003;415.94;0.01;BUY
2016-03-11T00:54:09.643000;2016-03-11T00:54:09.733000;73785a2a-b0e1-4085-8740-4f9a247913f8;415.95;0.01;BUY
2016-03-11T00:54:09.643000;2016-03-11T00:54:09.733000;7deefb3a-dc72-405f-a0f9-c1e94ba6636f;415.98;0.01;BUY
2016-03-11T00:54:09.643000;2016-03-11T00:54:09.733000;30dcc6a2-055a-442e-9587-a9847b51249d;415.98;0.40245786;BUY
2016-03-11T00:54:11.790000;2016-03-11T00:54:11.810000;f86704ee-ac51-4629-91fd-bae9bc50c2e5;415.99;0.03026198;BUY
2016-03-11T00:54:26.030000;2016-03-11T00:54:26.030000;20cb5fa2-cc80-4f33-9f11-104614bda7e4;415.99;0.51973802;BUY
2016-03-11T00:54:26.030000;2016-03-11T00:54:26.047000;befecfb2-c6d4-4674-892d-c91efd242236;416.0;0.01;BUY
2016-03-11T00:54:26.030000;2016-03-11T00:54:26.047000;c4eefde4-9cd8-40e3-b20e-c3b08f042406;416.01;0.01;BUY
2016-03-11T00:54:26.030000;2016-03-11T00:54:26.047000;b8109ac9-9e3a-4534-a014-ee1c1ed20f25;416.02;0.01;BUY
2016-03-11T00:54:26.030000;2016-03-11T00:54:26.060000;43cab218-7d4a-4afb-a96a-0669c5701e6e;416.03;0.044845;BUY
2016-03-11T00:54:26.030000;2016-03-11T00:54:26.060000;97ad2153-1e83-4dbc-8e6e-0a048a008336;416.03;0.159;BUY
2016-03-11T00:54:26.030000;2016-03-11T00:54:26.060000;1b4ff501-c565-4a30-af8a-28752be2834b;416.04;0.2518;BUY
2016-03-11T00:54:36.117000;2016-03-11T00:54:36.123000;915438e8-db1e-4dce-a5de-3a6dfbf87530;416.05;0.04989;BUY
2016-03-11T00:54:36.117000;2016-03-11T00:54:36.140000;0b2dc14c-038e-43a6-8b53-73d2ebb6cbdc;416.06;0.04346408;BUY
2016-03-11T00:54:36.120000;2016-03-11T00:54:36.140000;ada72c66-3909-4605-8c49-0aa602092282;416.07;0.05201545;BUY
2016-03-11T00:54:36.120000;2016-03-11T00:54:36.140000;02b68f10-1a3d-4ba3-b4e4-5116eb336166;416.1;1.0;BUY
2016-03-11T00:54:36.120000;2016-03-11T00:54:36.153000;be9741ba-afd4-40e3-b241-b48781ddf152;416.11;0.01;BUY
2016-03-11T00:54:36.120000;2016-03-11T00:54:36.153000;d82d528a-00ac-4eb2-8166-4895bf3a086c;416.11;0.27378047;BUY
2016-03-11T00:55:27.017000;2016-03-11T00:55:27.013000;69f7dbd0-691c-4542-acf7-075620ff75b9;416.11;0.04;BUY
2016-03-11T00:55:31.563000;2016-03-11T00:55:31.560000;ef41a141-6c3f-4f6d-8c7c-5898bf1b57cf;416.1;0.96267;SELL
2016-03-11T00:56:01.537000;2016-03-11T00:56:01.530000;0ebc29d0-c478-4ba5-a786-24ad6b112a2d;416.1;3.40011;SELL
2016-03-11T00:56:02.967000;2016-03-11T00:56:02.967000;41c9cb14-e82f-4ef9-b17c-a6c940b3caee;416.11;0.0381784;BUY
2016-03-11T00:56:31.477000;2016-03-11T00:56:31.467000;2e7c7b93-c7d3-42a8-8b8e-552cb0f4c76f;416.11;0.52675;BUY
2016-03-11T00:57:01.510000;2016-03-11T00:57:01.513000;f88c40d2-0eaa-4fc4-a493-1d2d352dd360;416.05;0.0485296;SELL
2016-03-11T00:57:01.510000;2016-03-11T00:57:01.530000;b51a3b50-45cb-44ee-9083-a3cc086f21d9;416.04;0.0622014;SELL
2016-03-11T00:57:01.510000;2016-03-11T00:57:01.530000;5851d111-17b1-4088-8a81-813e721ef19d;416.02;0.0429;SELL
2016-03-11T00:57:01.510000;2016-03-11T00:57:01.560000;7f8791d8-0985-4e27-9b8d-d2ad60916547;416.0;0.0115;SELL
2016-03-11T00:57:01.510000;2016-03-11T00:57:01.560000;dc7758dd-8005-4432-acbb-82cfcd4e1f6e;415.95;0.01;SELL
2016-03-11T00:57:01.513000;2016-03-11T00:57:01.560000;103eb97d-9916-4fee-ab96-7b42f83ec581;415.91;8.86;SELL
2016-03-11T00:57:01.513000;2016-03-11T00:57:01.560000;0cb2ae1f-3b7d-4b4b-8373-559b5f42c1fd;415.88;0.13;SELL
2016-03-11T00:57:01.513000;2016-03-11T00:57:01.560000;b1ec0b87-9bdf-490a-8b35-bcd0be653596;415.79;2.834369;SELL
2016-03-11T00:57:31.507000;2016-03-11T00:57:31.533000;39eb0057-f338-409b-b3c0-36521cc4d3ed;415.83;0.0249;BUY
2016-03-11T00:57:31.507000;2016-03-11T00:57:31.567000;78a16e09-937d-4f91-b93d-1c31a6d3ae6f;415.83;0.0268;BUY
2016-03-11T00:57:31.507000;2016-03-11T00:57:31.567000;11252132-af6f-4fb0-87f3-2f9bdb0ca342;415.83;0.0293;BUY
2016-03-11T00:57:31.507000;2016-03-11T00:57:31.580000;5dc052c8-29e4-412d-8fc5-faee09fecbf0;415.83;0.0389;BUY
2016-03-11T00:58:03.773000;2016-03-11T00:58:03.800000;740b140d-62af-4aef-b7e4-3e1fa28a0fc4;415.84;0.04761;BUY
2016-03-11T00:58:31.523000;2016-03-11T00:58:31.550000;76ffef3c-a80c-4de0-a05e-0a8355b5ccbf;415.84;3.65001;BUY
2016-03-11T00:59:01.480000;2016-03-11T00:59:01.503000;2cb89da2-c894-45e8-9282-d9df29e517e2;415.85;0.05;BUY
2016-03-11T00:59:01.480000;2016-03-11T00:59:01.503000;65529b90-8df6-4a6d-9f8f-aeace0d32fab;415.86;0.0236768;BUY
2016-03-11T00:59:01.480000;2016-03-11T00:59:01.520000;9fd85226-bf66-4175-a08f-a6ae6e3e10e4;415.87;0.03258;BUY
2016-03-11T00:59:01.480000;2016-03-11T00:59:01.580000;e6da178b-f331-44b0-88db-e9b6c13c4540;415.88;0.1603932;BUY
2016-03-11T00:59:31.443000;2016-03-11T00:59:31.470000;cc8f85c6-3f90-43a2-aaf3-e8cf2624e7bf;415.88;0.418;BUY
2016-03-11T00:59:31.443000;2016-03-11T00:59:31.487000;202db675-8b53-4a0d-954f-bf091b743aac;415.88;0.21;BUY
2016-03-11T00:59:31.443000;2016-03-11T00:59:31.487000;b80368a7-efa8-4393-91f5-363dd45287b5;415.89;0.06492165;BUY
2016-03-11T00:59:31.443000;2016-03-11T00:59:31.503000;3f7d4d75-9cc2-44bc-bbaa-320cb12d371b;415.89;2.67401835;BUY
2016-03-11T01:00:01.803000;2016-03-11T01:00:01.830000;1508c9ab-953e-45cc-a623-7561c528056c;415.85;0.01;SELL
2016-03-11T01:00:01.803000;2016-03-11T01:00:01.847000;94d48e5e-3b93-4902-9184-cb632c5b3a60;415.84;0.01;SELL
2016-03-11T01:00:01.803000;2016-03-11T01:00:01.847000;f561a154-fa19-43b3-bfbf-6e38efe843d2;415.83;0.0328669;SELL
2016-03-11T01:00:01.803000;2016-03-11T01:00:01.863000;e974658f-30e0-423a-84c0-7503c3d18427;415.82;0.04066321;SELL
2016-03-11T01:00:01.803000;2016-03-11T01:00:01.863000;1f461048-c3b8-4ad0-b5d4-b7f233cdee55;415.81;0.03987;SELL
2016-03-11T01:00:01.803000;2016-03-11T01:00:01.863000;10f46973-9f39-4937-b6be-bbb1adf99f46;415.8;0.05396206;SELL
2016-03-11T01:00:01.803000;2016-03-11T01:00:01.863000;6c0623cc-802e-4d29-9307-8771508c4600;415.79;0.06998;SELL
2016-03-11T01:00:01.803000;2016-03-11T01:00:01.863000;8a6dfd3c-04b5-457f-8bfa-0ecf88b01361;415.78;0.03379;SELL
2016-03-11T01:00:01.803000;2016-03-11T01:00:01.863000;1d30bf1a-210a-4d04-b0e9-5abd88544f23;415.76;0.08;SELL
2016-03-11T01:00:01.807000;2016-03-11T01:00:01.863000;a7bbf454-a05e-4007-86ef-63d12558f45e;415.75;0.2519;SELL
2016-03-11T01:00:01.807000;2016-03-11T01:00:01.863000;f39975bb-acbf-4587-a19e-39ccae6a975e;415.71;0.094;SELL
2016-03-11T01:00:01.807000;2016-03-11T01:00:01.863000;f577adc5-26c4-4196-ae1d-f09462e402e7;415.66;0.01;SELL
2016-03-11T01:00:01.807000;2016-03-11T01:00:01.893000;f3e1c63d-8217-45de-8448-b530e87d4994;415.66;0.098;SELL
2016-03-11T01:00:01.807000;2016-03-11T01:00:01.910000;4d8a7e1d-d5fe-4ec7-94b1-e0c7b4c7feae;415.61;0.105;SELL
2016-03-11T01:00:01.807000;2016-03-11T01:00:01.923000;b67d8651-eb52-4e48-95ab-5071d25674b3;415.6;0.55;SELL
2016-03-11T01:00:01.807000;2016-03-11T01:00:01.923000;eb18da17-4432-4725-b922-1ce79fe07a22;415.6;1.0;SELL
2016-03-11T01:00:01.807000;2016-03-11T01:00:01.923000;ab7cc45b-dde8-4964-8d08-5fb4b0d996f4;415.59;0.95;SELL
2016-03-11T01:00:01.807000;2016-03-11T01:00:01.923000;fa8e0c60-5f4d-471c-a045-67fbdc3c7d25;415.55;0.16471783;SELL
2016-03-11T01:00:04.153000;2016-03-11T01:00:04.173000;0126a5bf-ce44-4838-8495-e3f6aa66a15c;415.89;0.1027;BUY
2016-03-11T01:00:06.423000;2016-03-11T01:00:06.457000;98fdc371-a7fa-4681-96c4-661c49a3db18;415.88;0.052;BUY
2016-03-11T01:01:01.617000;2016-03-11T01:01:01.690000;533a1f58-8714-4560-b864-23c3a403e2d8;415.74;0.054;SELL
2016-03-11T01:01:01.617000;2016-03-11T01:01:01.690000;e1e406bc-b1be-42a3-8957-10bdd80621cf;415.73;0.0505;SELL
2016-03-11T01:01:01.617000;2016-03-11T01:01:01.690000;c1b9c95f-73eb-4cf9-bfe0-16e79c748c2b;415.72;0.02746555;SELL
2016-03-11T01:01:01.617000;2016-03-11T01:01:01.690000;b43a3870-6a65-4ce8-97b2-28ddaae0809d;415.71;0.26;SELL
2016-03-11T01:01:01.617000;2016-03-11T01:01:01.690000;6e815367-4f23-4809-b037-4a2676b83768;415.7;0.088;SELL
2016-03-11T01:01:01.617000;2016-03-11T01:01:01.723000;c182baac-f0e9-4e05-8253-4186467b9103;415.65;0.089;SELL
2016-03-11T01:01:01.617000;2016-03-11T01:01:01.723000;6b01fd10-6495-469f-9bbb-1a567e4367e8;415.6;1.82;SELL
2016-03-11T01:01:01.617000;2016-03-11T01:01:01.723000;50ec6f80-879d-479d-a73b-62d49b9a0126;415.59;5.0;SELL
2016-03-11T01:01:01.617000;2016-03-11T01:01:01.723000;992b72c6-d16c-4797-9e2f-6eac73a855d8;415.56;0.098;SELL
2016-03-11T01:01:01.620000;2016-03-11T01:01:01.723000;a4abdd0e-84cf-43fb-91f6-3b1c182fa5ea;415.54;2.0;SELL
2016-03-11T01:01:01.620000;2016-03-11T01:01:01.723000;50be5906-f389-48c7-a927-c00d84e41c22;415.52;0.01;SELL
2016-03-11T01:01:01.620000;2016-03-11T01:01:01.753000;5add5ead-2cd3-4575-b442-641f28cb31d5;415.5;0.025;SELL
2016-03-11T01:01:01.620000;2016-03-11T01:01:01.753000;e60ac333-4773-47f1-a595-2d4a191effb1;415.5;0.01;SELL
2016-03-11T01:01:01.620000;2016-03-11T01:01:01.753000;6c59d5a5-795c-4105-879d-2d8022557478;415.5;0.1;SELL
2016-03-11T01:01:01.620000;2016-03-11T01:01:01.753000;3043f7b5-bd0f-423e-a631-cd7fb7d0f035;415.5;0.6446;SELL
2016-03-11T01:01:01.620000;2016-03-11T01:01:01.753000;649d1cbd-9647-4068-ab38-7ad1b408db29;415.47;1.82;SELL
2016-03-11T01:01:01.620000;2016-03-11T01:01:01.753000;e53fe352-d58e-42a7-8aab-85871c8cfcf8;415.46;0.025;SELL
2016-03-11T01:01:01.620000;2016-03-11T01:01:01.770000;cbed8da8-9881-4540-a35f-7dfa9f0d37c3;415.43;3.64;SELL
2016-03-11T01:01:01.620000;2016-03-11T01:01:01.770000;9de09bf3-8f46-4537-b665-39a1b2958ce4;415.42;0.025;SELL
2016-03-11T01:01:01.620000;2016-03-11T01:01:01.770000;8aaad00a-4bc3-4df0-b845-75c14ee18171;415.42;1.3;SELL
2016-03-11T01:01:01.620000;2016-03-11T01:01:01.770000;5351e701-791a-42ec-8678-f227b6c1543d;415.41;0.104;SELL
2016-03-11T01:01:01.620000;2016-03-11T01:01:01.770000;4a574969-1cf9-453a-a317-bc02887439fb;415.41;1.3;SELL
2016-03-11T01:01:01.620000;2016-03-11T01:01:01.770000;990b8bf3-8cb4-4221-9a0b-b3cd50734f5f;415.4;5.418;SELL
2016-03-11T01:01:01.620000;2016-03-11T01:01:01.770000;30f8d110-cc86-40aa-8cc0-4a0ef9ce6a8e;415.38;0.025;SELL
2016-03-11T01:01:01.620000;2016-03-11T01:01:01.770000;17c37d42-4e05-429d-8184-0485197b148f;415.35;0.78;SELL
2016-03-11T01:01:01.620000;2016-03-11T01:01:01.800000;d38bd237-30b4-47f3-af07-966f3a6a224a;415.34;0.025;SELL
2016-03-11T01:01:01.620000;2016-03-11T01:01:01.800000;abd8980d-40a4-40a3-99fe-f4258e2d46cd;415.34;1.04;SELL
2016-03-11T01:01:01.620000;2016-03-11T01:01:01.800000;add9ceba-d25f-44d0-a197-9eba4e14ee95;415.33;0.01;SELL
2016-03-11T01:01:01.623000;2016-03-11T01:01:01.800000;dfe2f676-6401-4e81-a82c-e97cf9770ac5;415.33;3.667;SELL
2016-03-11T01:01:01.623000;2016-03-11T01:01:01.800000;b1eaeda2-9095-482d-8511-108effbae13d;415.3;0.025;SELL
2016-03-11T01:01:01.623000;2016-03-11T01:01:01.800000;c560e75d-b2d8-474e-b01d-10289a3a2cc0;415.27;0.2519;SELL
2016-03-11T01:01:01.623000;2016-03-11T01:01:01.800000;22a26c94-6fd1-49be-8de9-cbf5578370e7;415.27;0.05;SELL
2016-03-11T01:01:01.623000;2016-03-11T01:01:01.800000;26247167-95f8-4370-9bfe-f05ffe2e3826;415.26;0.025;SELL
2016-03-11T01:01:01.623000;2016-03-11T01:01:01.800000;5a0b2f66-8317-4665-8f7c-14430e606ee1;415.25;0.01;SELL
2016-03-11T01:01:01.623000;2016-03-11T01:01:01.830000;fb1661b9-b33c-4748-b06e-fed624c09f97;415.25;0.61;SELL
2016-03-11T01:01:01.623000;2016-03-11T01:01:01.830000;c6da84e0-80ed-4e37-98e3-7b37d8e208ed;415.25;0.536;SELL
2016-03-11T01:01:01.623000;2016-03-11T01:01:01.830000;f7e6d695-4083-4d1d-a89e-50e67405320a;415.22;0.025;SELL
2016-03-11T01:01:01.623000;2016-03-11T01:01:01.830000;60769c70-86c2-4eaa-b8d5-48e73fbd37ab;415.2;0.504;SELL
2016-03-11T01:01:01.623000;2016-03-11T01:01:01.830000;9c475432-e9c8-4a81-bd1a-b21caa1a46bc;415.2;3.9054;SELL
2016-03-11T01:01:01.623000;2016-03-11T01:01:01.830000;4f55d1ab-cfbc-437b-bbec-523582543beb;415.18;0.025;SELL
2016-03-11T01:01:01.623000;2016-03-11T01:01:01.830000;2835d3fd-c105-43fe-aca5-c1ba8dfc59d6;415.17;0.05;SELL
2016-03-11T01:01:01.623000;2016-03-11T01:01:01.830000;c7543706-a642-447c-909c-d3d4f6e848a8;415.17;4.636;SELL
2016-03-11T01:01:01.623000;2016-03-11T01:01:01.847000;cdb17b9a-1e86-4077-bba9-3fcbd15b4046;415.15;0.02;SELL
2016-03-11T01:01:01.623000;2016-03-11T01:01:01.847000;c719fb48-aa2a-426e-924f-104a3476b8e0;415.15;0.25;SELL
2016-03-11T01:01:01.623000;2016-03-11T01:01:01.847000;b154feff-a45c-43a8-a0f7-45e08f5f1df1;415.14;0.025;SELL
2016-03-11T01:01:01.623000;2016-03-11T01:01:01.847000;e83b454c-9ed4-43d8-b089-3a1565109103;415.14;0.01;SELL
2016-03-11T01:01:01.623000;2016-03-11T01:01:01.847000;15c5ed77-8379-4d58-967f-5e546336f2b5;415.14;0.01;SELL
2016-03-11T01:01:01.627000;2016-03-11T01:01:01.847000;1aa5e0f1-97fb-4314-a08f-6536bc3f48b9;415.11;0.2502;SELL
2016-03-11T01:01:01.627000;2016-03-11T01:01:01.847000;7df72486-61cd-4733-9b65-0a34fd5b82b2;415.1;0.025;SELL
2016-03-11T01:01:01.627000;2016-03-11T01:01:01.847000;c52447b3-d71f-4d7c-ab21-17641e4baf85;415.08;0.01;SELL
2016-03-11T01:01:01.627000;2016-03-11T01:01:01.877000;04d19492-1105-4e1b-bf20-130c7a83d9a6;415.07;0.05;SELL
2016-03-11T01:01:01.627000;2016-03-11T01:01:01.877000;33fed8aa-da56-441a-8637-03a03661edcc;415.06;0.025;SELL
2016-03-11T01:01:01.627000;2016-03-11T01:01:01.877000;89532eea-dbe8-461d-92f1-c2eba3e73151;415.02;0.025;SELL
2016-03-11T01:01:01.627000;2016-03-11T01:01:01.877000;7dce2e8d-3621-4b9a-bae2-189e7cd21aaf;415.02;3.744;SELL
2016-03-11T01:01:01.627000;2016-03-11T01:01:01.877000;abc7fa57-82b9-46a3-afe0-2724ddd11e4a;415.0;0.01;SELL
2016-03-11T01:01:01.627000;2016-03-11T01:01:01.877000;27776669-ee8d-45cc-8b74-91ebe5ea4805;415.0;0.1;SELL
2016-03-11T01:01:01.627000;2016-03-11T01:01:01.893000;a4f4ca8a-56e9-4e93-91bb-31e6c9b7531e;415.0;0.2;SELL
2016-03-11T01:01:01.627000;2016-03-11T01:01:01.893000;4cf5b8b5-ab5a-4a34-9685-f0111e4cd51f;414.98;0.025;SELL
2016-03-11T01:01:01.627000;2016-03-11T01:01:01.910000;01c6c6cc-9c6f-4ae4-814d-c8380f40c0d7;414.97;0.03874445;SELL
2016-03-11T01:01:28.217000;2016-03-11T01:01:28.253000;be379aa8-1a8d-4d33-a3f1-ff8ad157c477;415.72;0.01;SELL
2016-03-11T01:01:28.217000;2016-03-11T01:01:28.253000;b78de432-221b-408c-a510-59d65f6da55b;415.71;0.01;SELL
2016-03-11T01:01:28.217000;2016-03-11T01:01:28.253000;18b89bee-b80b-4ee1-9005-73ae252fa987;415.7;0.0541647;SELL
2016-03-11T01:01:28.220000;2016-03-11T01:01:28.253000;a44a1bf6-7444-46ca-83a8-224a31c32d47;415.69;0.05;SELL
2016-03-11T01:01:28.220000;2016-03-11T01:01:28.253000;f0f1567a-8d44-4d11-bf1d-cb6d8fe896b9;415.68;0.04307452;SELL
2016-03-11T01:01:28.220000;2016-03-11T01:01:28.270000;6e9d7bfb-3ed3-4419-90fd-d3c5da2dc8ee;415.68;0.114;SELL
2016-03-11T01:01:28.220000;2016-03-11T01:01:28.270000;fd4a0420-536a-40c4-9267-78d59df44081;415.63;0.124;SELL
2016-03-11T01:01:28.220000;2016-03-11T01:01:28.270000;ef7c5ba5-b4d8-44fe-be48-92a621bb9561;415.51;3.59476078;SELL
2016-03-11T01:01:31.657000;2016-03-11T01:01:31.673000;62ed03d6-ecb1-45c3-96d4-04f89b8138ff;415.52;0.01;SELL
2016-03-11T01:01:31.657000;2016-03-11T01:01:31.690000;09d55f37-73be-4c46-a79e-f5426ce92fb4;415.51;0.069432;SELL
2016-03-11T01:01:31.657000;2016-03-11T01:01:31.690000;b4ff3bb5-e7a1-4a3f-9d59-9a8dacb249ea;415.5;0.01;SELL
2016-03-11T01:01:31.657000;2016-03-11T01:01:31.707000;7e74d934-2d85-4206-b146-4a1715993994;415.5;0.910568;SELL
2016-03-11T01:01:33.227000;2016-03-11T01:01:33.363000;87fa25dc-1fbc-4c2b-b1a3-86bcbb0d3bea;415.52;0.025;BUY
2016-03-11T01:01:33.227000;2016-03-11T01:01:33.377000;fa158d54-1699-4476-a852-eae1d1e01245;415.52;0.025;BUY
2016-03-11T01:01:33.227000;2016-03-11T01:01:33.377000;c1689e02-3435-4e75-8a6b-d568ac3b8383;415.52;0.00293674;BUY
2016-03-11T01:01:43.197000;2016-03-11T01:01:43.207000;5ece0194-0af4-4ac9-a5c1-e5330de8a6f8;415.52;0.02;BUY
2016-03-11T01:01:46.907000;2016-03-11T01:01:46.940000;bf4aae36-60df-4b1c-b2ab-60df115a6765;415.52;0.00206326;BUY
2016-03-11T01:01:46.907000;2016-03-11T01:01:46.940000;70d10b59-8c60-453f-a837-67031c1bf079;415.52;0.025;BUY
2016-03-11T01:01:46.907000;2016-03-11T01:01:46.957000;3a6732a3-00cf-45dd-9ba6-c2e0f15b1e30;415.52;0.025;BUY
2016-03-11T01:01:46.910000;2016-03-11T01:01:46.957000;ef2efbf8-9ded-4828-8d66-6576d7f86c27;415.52;0.025;BUY
2016-03-11T01:01:46.910000;2016-03-11T01:01:46.957000;21ef513d-ba3e-41c8-8770-ef184d34034f;415.52;0.025;BUY
2016-03-11T01:01:46.910000;2016-03-11T01:01:46.957000;2145b0f9-bc7c-4839-9c2f-4cfc9026cbed;415.53;0.025;BUY
2016-03-11T01:01:46.910000;2016-03-11T01:01:46.957000;34ce6c9c-a61e-4d3b-a312-d8eac4d47e06;415.54;0.06452925;BUY
2016-03-11T01:01:46.910000;2016-03-11T01:01:46.957000;a34af688-b1ef-43b1-ad27-976b13fb63d4;415.55;0.02459749;BUY
2016-03-11T01:02:01.583000;2016-03-11T01:02:01.597000;6514faa3-92a9-496d-8da5-8d777cde681b;415.55;0.00040251;BUY
2016-03-11T01:02:01.583000;2016-03-11T01:02:01.613000;2e819bf1-0038-49be-bd0f-2c84ec73085a;415.55;0.25;BUY
2016-03-11T01:02:01.583000;2016-03-11T01:02:01.643000;0d2f5221-637e-4d22-9545-55d3185a4407;415.56;0.06321;BUY
2016-03-11T01:02:01.583000;2016-03-11T01:02:01.643000;96c14336-974b-4a3a-a753-3c387db3f409;415.57;0.05589749;BUY
2016-03-11T01:02:32.417000;2016-03-11T01:02:32.423000;c7518623-409b-4517-bcc8-508ef84df673;415.56;0.0263;SELL
2016-03-11T01:02:32.417000;2016-03-11T01:02:32.440000;476ed60d-4af4-40f5-805b-0306cfee9869;415.56;0.0272;SELL
2016-03-11T01:02:32.417000;2016-03-11T01:02:32.473000;477aaed7-54a2-431a-a866-285ef49ba66a;415.56;0.0274;SELL
2016-03-11T01:02:32.417000;2016-03-11T01:02:32.473000;cfdfd783-1bd2-4b78-bcfe-541fde55910c;415.56;0.0264;SELL
2016-03-11T01:02:32.417000;2016-03-11T01:02:32.473000;0ae634c8-3157-46d9-970c-88d519092719;415.56;0.05647576;SELL
2016-03-11T01:02:32.417000;2016-03-11T01:02:32.473000;023a47b5-7c26-4050-8696-fcc01ad03f59;415.56;0.014;SELL
2016-03-11T01:02:32.417000;2016-03-11T01:02:32.473000;b423e099-1ed8-4541-8198-4f2b5bf43347;415.56;0.886566;SELL
2016-03-11T01:02:32.417000;2016-03-11T01:02:32.473000;76bff40c-9de0-4537-aab2-99a4d3dd624e;415.55;0.0223;SELL
2016-03-11T01:02:32.417000;2016-03-11T01:02:32.473000;2bcb6786-d52f-4fd8-ae99-fc84f0a2a44a;415.55;0.251;SELL
2016-03-11T01:02:32.417000;2016-03-11T01:02:32.487000;c2835c35-2673-4c8a-9cb5-86cb2baaa5a6;415.54;0.0543041;SELL
2016-03-11T01:02:32.417000;2016-03-11T01:02:32.503000;555b2aaa-2804-4ddd-96ad-5521fdbecd49;415.53;0.05148596;SELL
2016-03-11T01:02:32.417000;2016-03-11T01:02:32.503000;0fb63814-be05-4270-a8a4-c12507d51f79;415.51;0.01;SELL
2016-03-11T01:02:32.420000;2016-03-11T01:02:32.503000;91153d41-a59d-4aaa-b4df-f152fc22d5b5;415.5;2.74012818;SELL
2016-03-11T01:03:31.493000;2016-03-11T01:03:31.533000;62236014-1ee6-47fc-ada7-2b94b907ab76;415.57;0.25;BUY
2016-03-11T01:03:31.493000;2016-03-11T01:03:31.533000;6b5841b1-0a3d-4002-98f0-c47519b831b4;415.58;0.0359;BUY
2016-03-11T01:04:01.520000;2016-03-11T01:04:01.533000;270d49b5-f0e1-4a71-8c8d-4939593e3e94;415.58;0.027875;BUY
2016-03-11T01:04:01.520000;2016-03-11T01:04:01.550000;f05ba4b7-b987-4588-a2fa-f647464309e9;415.58;0.25;BUY
2016-03-11T01:04:01.520000;2016-03-11T01:04:01.567000;afd8718e-78c7-4bb0-a8c4-34e97fd79ac9;415.58;0.096;BUY
2016-03-11T01:04:01.520000;2016-03-11T01:04:01.567000;86e5ac47-ead5-4019-92a2-0ecc15dec806;415.58;0.2;BUY
2016-03-11T01:04:01.520000;2016-03-11T01:04:01.567000;3df5969f-5a93-47d9-a9f5-05749011e30b;415.59;0.025;BUY
2016-03-11T01:04:01.523000;2016-03-11T01:04:01.567000;30e56674-fa2e-47ff-84e0-f0103dd0e237;415.6;0.029427;BUY
2016-03-11T01:04:01.523000;2016-03-11T01:04:01.567000;ab7d9ff1-96a4-4b11-9047-ea377d2e187e;415.61;0.06528523;BUY
2016-03-11T01:04:01.523000;2016-03-11T01:04:01.580000;9e8123be-0f28-4e23-9651-3edb72010f8d;415.62;0.05353743;BUY
2016-03-11T01:04:01.523000;2016-03-11T01:04:01.580000;1f86e42e-e819-4c09-9b15-05142b4f35f4;415.63;0.025;BUY
2016-03-11T01:04:01.523000;2016-03-11T01:04:01.580000;bf10170e-1003-4dcc-ad04-939893d44ce8;415.63;0.135;BUY
2016-03-11T01:04:01.523000;2016-03-11T01:04:01.597000;36a2d168-f091-4115-88d0-5c4ab17ef686;415.64;0.01;BUY
2016-03-11T01:04:01.523000;2016-03-11T01:04:01.597000;b801f714-0a2b-49a6-8a4e-56269b214ad8;415.65;0.01;BUY
2016-03-11T01:04:01.523000;2016-03-11T01:04:01.597000;a098f765-cf6c-4083-b69b-2d40405c0afd;415.66;0.02257467;BUY
2016-03-11T01:04:01.523000;2016-03-11T01:04:01.597000;4604b439-5cc2-4b98-a348-3e03300ae61d;415.66;0.26;BUY
2016-03-11T01:04:01.523000;2016-03-11T01:04:01.597000;2a7324fc-c600-4405-9c37-e4b5dc41c3f1;415.67;0.025;BUY
2016-03-11T01:04:01.523000;2016-03-11T01:04:01.627000;4625e86b-f47d-48cb-b8ce-081555a7fefa;415.67;1.12658067;BUY
2016-03-11T01:04:01.777000;2016-03-11T01:04:01.800000;74b60fdc-4594-43e8-a307-4ebad0a55be0;415.65;0.01;BUY
2016-03-11T01:04:31.493000;2016-03-11T01:04:31.503000;d76ed4e4-bf76-4eb4-8683-ef377386b6e0;415.66;0.25;BUY
2016-03-11T01:04:31.493000;2016-03-11T01:04:31.503000;839b2afa-84a5-4bd0-88db-d7e9c6d1b66d;415.66;0.07793;BUY
2016-03-11T01:05:01.573000;2016-03-11T01:05:01.597000;23006b8d-e2f6-493a-a20d-5afbd8e26ae2;415.62;0.01;SELL
2016-03-11T01:05:01.573000;2016-03-11T01:05:01.597000;2e45d4d3-7aa0-4c4c-8d54-6f310ff5d0c2;415.61;0.04849513;SELL
2016-03-11T01:05:01.573000;2016-03-11T01:05:01.613000;ecb414b2-638b-4b8b-be7c-73f2f959cae1;415.6;0.036781;SELL
2016-03-11T01:05:01.573000;2016-03-11T01:05:01.613000;4596642d-d6b2-498c-be97-b0d8b3514e05;415.59;0.03880387;SELL
2016-03-11T01:05:12.033000;2016-03-11T01:05:12.033000;42a65d73-954f-4d47-a772-e215fe39145a;415.66;0.25;BUY
2016-03-11T01:05:12.033000;2016-03-11T01:05:12.067000;0583a961-08f9-49ce-b183-838d2a35d390;415.66;0.08;BUY
2016-03-11T01:05:31.573000;2016-03-11T01:05:31.597000;f3ef9181-bdb3-452c-8c70-efc508e973af;415.6;0.01;SELL
2016-03-11T01:05:31.573000;2016-03-11T01:05:31.597000;d5b2e35d-a4b7-46a0-8ecc-3c3bdca38595;415.59;0.01;SELL
2016-03-11T01:05:31.573000;2016-03-11T01:05:31.597000;ff684795-8ad7-4df7-b2cc-293d2a76a8d0;415.58;0.04639;SELL
2016-03-11T01:05:41.037000;2016-03-11T01:05:41.050000;542b292f-f022-4750-9d56-1365c8cafe4f;415.66;0.02622705;BUY
2016-03-11T01:05:41.063000;2016-03-11T01:05:41.080000;3eb5e851-7ebf-41df-9740-02a252ebe516;415.66;0.22377295;BUY
2016-03-11T01:05:41.067000;2016-03-11T01:05:41.097000;eb5e7730-6098-4c12-bb20-ed462fdab856;415.66;0.099;BUY
2016-03-11T01:05:41.067000;2016-03-11T01:05:41.097000;5c2a9773-1ef3-466e-a776-85993ae1e273;415.67;0.066501;BUY
2016-03-11T01:05:41.067000;2016-03-11T01:05:41.097000;044da60f-cb19-4746-9d4d-a432ed0dbbaa;415.68;0.055783;BUY
2016-03-11T01:05:41.067000;2016-03-11T01:05:41.113000;202ebc0e-279f-4aaf-ad93-59b80345ffbd;415.69;0.01342305;BUY
2016-03-11T01:05:41.187000;2016-03-11T01:05:41.190000;f2cc6e9f-a617-4538-b829-0931ec4a8817;415.69;0.01586;BUY
2016-03-11T01:07:01.500000;2016-03-11T01:07:01.503000;b6c2c585-bdb3-448a-aed3-58549955b315;415.49;0.05803;BUY
2016-03-11T01:07:31.530000;2016-03-11T01:07:31.533000;30e2002f-010f-476b-a2bb-29c330849bcc;415.48;0.01;SELL
2016-03-11T01:07:31.530000;2016-03-11T01:07:31.550000;7738b804-ab0e-459c-944b-54f8364db795;415.47;0.04168;SELL
2016-03-11T01:07:31.530000;2016-03-11T01:07:31.550000;579badee-25e8-4885-8deb-befae0f0f5bd;415.46;0.025;SELL
2016-03-11T01:07:31.530000;2016-03-11T01:07:31.550000;2848d612-fc78-4c01-ab47-2999a78f31d1;415.45;0.00596;SELL
2016-03-11T01:08:01.533000;2016-03-11T01:08:01.533000;06ae41c4-8a4d-44f2-83d5-85469f0ab0fc;415.46;0.25;BUY
2016-03-11T01:08:01.533000;2016-03-11T01:08:01.550000;424357dc-2457-4c1e-8582-d60d292f786a;415.46;0.0408;BUY
2016-03-11T01:08:01.533000;2016-03-11T01:08:01.550000;9c1f5b35-4f38-40ce-a925-a3d1e613294b;415.49;0.1804;BUY
2016-03-11T01:08:02.377000;2016-03-11T01:08:02.393000;1a3d3424-c4f5-4f89-a092-38efe57094ec;415.48;0.01;BUY
2016-03-11T01:09:01.537000;2016-03-11T01:09:01.533000;0a375813-04c6-424d-91e6-2829c0d6099b;415.44;0.01;SELL
2016-03-11T01:09:01.537000;2016-03-11T01:09:01.550000;eff6d2f8-4de4-4e5b-b0a6-0d04976b3c1f;415.43;0.0645662;SELL
2016-03-11T01:09:01.540000;2016-03-11T01:09:01.550000;14bba2d6-50b6-4334-9c29-6a40a7e6c5f7;415.42;0.025;SELL
2016-03-11T01:09:01.540000;2016-03-11T01:09:01.550000;ac6d9165-2d63-4290-9f8a-51ba983a6f0f;415.42;0.26;SELL
2016-03-11T01:09:01.540000;2016-03-11T01:09:01.567000;2f4d2e63-eb23-4eab-a1be-3709ded2af1c;415.41;0.07;SELL
2016-03-11T01:09:01.540000;2016-03-11T01:09:01.643000;35293234-2af6-4c48-8d37-10d043bc9c49;415.38;0.025;SELL
2016-03-11T01:09:01.540000;2016-03-11T01:09:01.643000;2080a7ca-102d-4f5f-bb52-01d52df24c29;415.38;0.109;SELL
2016-03-11T01:09:01.540000;2016-03-11T01:09:01.643000;6c7b892e-fe41-4508-9646-494133c55dfe;415.34;0.01;SELL
2016-03-11T01:09:01.540000;2016-03-11T01:09:01.643000;21d7f983-9437-4780-975d-3ebc40889a5a;415.34;0.025;SELL
2016-03-11T01:09:01.540000;2016-03-11T01:09:01.643000;351d165f-698d-480a-bf80-be838fd94d5b;415.33;0.091;SELL
2016-03-11T01:09:01.540000;2016-03-11T01:09:01.643000;ecef7bfd-7cf0-40a7-91e4-90faf1ef1f15;415.3;0.025;SELL
2016-03-11T01:09:01.540000;2016-03-11T01:09:01.643000;aca8bb4f-cd4d-4e30-83ab-48eb20cd8adf;415.28;0.126;SELL
2016-03-11T01:09:01.540000;2016-03-11T01:09:01.643000;22ee6760-04c5-4b54-a4c1-4999c81e2f21;415.26;0.025;SELL
2016-03-11T01:09:01.540000;2016-03-11T01:09:01.643000;a8518cc8-d6bb-4fdf-9c1a-bc2a64ca5c62;415.24;0.26;SELL
2016-03-11T01:09:01.540000;2016-03-11T01:09:01.643000;6d88a0b5-bcb4-405e-ae81-332bbec4673c;415.23;0.093;SELL
2016-03-11T01:09:01.540000;2016-03-11T01:09:01.643000;e7c7df75-ced8-4986-95bd-f25997b59e81;415.23;0.52;SELL
2016-03-11T01:09:01.540000;2016-03-11T01:09:01.643000;27d62f3f-ef6c-4f86-ad47-88337e0df9fa;415.22;0.025;SELL
2016-03-11T01:09:01.540000;2016-03-11T01:09:01.643000;b3c15fac-9025-456e-b276-d3f3b5ff9b08;415.22;0.1805;SELL
2016-03-11T01:09:01.543000;2016-03-11T01:09:01.643000;27a01ab1-e505-4386-9d77-b83a29f062d8;415.2;2.08;SELL
2016-03-11T01:09:01.543000;2016-03-11T01:09:01.643000;e2697a9d-d51f-4d5e-bd68-3058c0f33c10;415.19;1.8505;SELL
2016-03-11T01:09:01.543000;2016-03-11T01:09:01.660000;fab8aa6e-c1ea-4bc3-8ca2-38bcffe7edc1;415.18;0.025;SELL
2016-03-11T01:09:01.543000;2016-03-11T01:09:01.660000;39762c21-ba8e-478c-9623-d29f052aea8e;415.18;4.236;SELL
2016-03-11T01:09:01.543000;2016-03-11T01:09:01.660000;2575cf06-54d3-46f7-9e8b-9d5b3e384eaf;415.18;0.126;SELL
2016-03-11T01:09:01.543000;2016-03-11T01:09:01.660000;c799d9f9-bdab-42ea-aa4d-7a0ce45d216b;415.14;0.025;SELL
2016-03-11T01:09:01.543000;2016-03-11T01:09:01.660000;82837089-13a4-47dd-964a-a3b640a866e0;415.13;0.103;SELL
2016-03-11T01:09:01.543000;2016-03-11T01:09:01.660000;0e52a13d-053a-4136-81fa-fc6bac67cb43;415.12;0.01;SELL
2016-03-11T01:09:01.543000;2016-03-11T01:09:01.660000;2a3f7960-5205-476d-b7f9-532dc9636a02;415.11;1.04;SELL
2016-03-11T01:09:01.543000;2016-03-11T01:09:01.660000;911dc438-c354-465e-8c15-daa9e306896e;415.1;0.025;SELL
2016-03-11T01:09:01.543000;2016-03-11T01:09:01.660000;a601f112-2590-44ec-b4ba-bca4e95746d6;415.1;0.6786138;SELL
2016-03-11T01:09:02.500000;2016-03-11T01:09:02.503000;8131ec7c-2801-4852-b4e7-a44a887666d1;415.47;0.01;BUY
2016-03-11T01:09:25.970000;2016-03-11T01:09:25.973000;97c824c5-a54e-4683-9168-50bf2397fee4;415.23;0.02017465;BUY
2016-03-11T01:09:31.633000;2016-03-11T01:09:31.627000;bd5abf23-fd42-4f5c-84b0-41400574a625;415.23;0.18253;BUY
2016-03-11T01:10:01.547000;2016-03-11T01:10:01.550000;bdc247cf-4457-49dd-a07d-f21d7ab35d6b;415.22;0.01;SELL
2016-03-11T01:10:01.547000;2016-03-11T01:10:01.567000;e1bf920f-4cef-4362-bd21-bf76ac602f81;415.22;0.0239;SELL
2016-03-11T01:10:01.547000;2016-03-11T01:10:01.567000;54e5377b-8d4d-4ee7-8d4c-dea38326965d;415.22;0.0261;SELL
2016-03-11T01:10:01.547000;2016-03-11T01:10:01.567000;4e800f4e-f04c-4177-bc74-e03705aaf27d;415.22;0.0109;SELL
2016-03-11T01:10:01.547000;2016-03-11T01:10:01.580000;bbf07bf1-f09d-4842-bff7-6b1d859c46f6;415.21;0.02540902;SELL
2016-03-11T01:10:01.547000;2016-03-11T01:10:01.580000;83f13a6f-36c2-4796-8bb4-ac0e4d043b30;415.2;0.056514;SELL
2016-03-11T01:10:01.547000;2016-03-11T01:10:01.580000;47efe16b-60db-4e7a-859d-cf17dc766006;415.19;0.108;SELL
2016-03-11T01:10:01.547000;2016-03-11T01:10:01.580000;e61594f7-c78f-410c-a473-0b8b6d6a627f;415.18;0.02329698;SELL
2016-03-11T01:10:01.690000;2016-03-11T01:10:01.690000;7287184b-2292-4f6f-a310-825009e89080;415.23;0.01;BUY
2016-03-11T01:10:31.527000;2016-03-11T01:10:31.533000;69558e03-8cdb-4fa7-be0a-9783027b159f;415.19;0.01;SELL
2016-03-11T01:10:31.527000;2016-03-11T01:10:31.533000;56d3cf60-b623-4f3e-8a39-d977d2c53ede;415.19;0.261;SELL
2016-03-11T01:10:31.527000;2016-03-11T01:10:31.533000;7d2ef1e3-6d99-44d8-a74a-3ccc63da0754;415.18;0.00170302;SELL
2016-03-11T01:10:31.527000;2016-03-11T01:10:31.550000;8b4ee94a-fb1a-4b54-88ef-8d2e7b2a972b;415.18;1.38072698;SELL
2016-03-11T01:11:00.670000;2016-03-11T01:11:00.677000;593b9b93-7494-41c8-9e25-50a48201c97d;415.23;0.05747;BUY
2016-03-11T01:11:00.670000;2016-03-11T01:11:00.677000;c93ae840-eecf-4fd8-a078-70065fe0edf3;415.24;0.02976344;BUY
2016-03-11T01:11:01.510000;2016-03-11T01:11:01.520000;b234f214-9c59-40ff-841a-d11637c4f5da;415.24;0.01510019;BUY
2016-03-11T01:11:01.510000;2016-03-11T01:11:01.520000;3e926f37-9394-4d19-824a-5f9855efd6f8;415.24;0.06806981;BUY
2016-03-11T01:11:30.583000;2016-03-11T01:11:30.580000;2eb54ec1-2a2a-43ed-9134-4459887d159c;415.2;0.01;SELL
2016-03-11T01:11:30.583000;2016-03-11T01:11:30.580000;632a868d-e12f-4f4c-97d6-4e851d3a8a35;415.19;0.01;SELL
2016-03-11T01:11:30.583000;2016-03-11T01:11:30.597000;903bc6dd-8baf-4039-902a-fd7574edb65b;415.18;0.0197;SELL
2016-03-11T01:11:30.583000;2016-03-11T01:11:30.597000;581ad2fc-4419-47b5-8ae3-51046da2ea27;415.17;0.0299567;SELL
2016-03-11T01:11:30.583000;2016-03-11T01:11:30.597000;6e8bda3b-614d-42f3-9f31-213a8d0fdf17;415.16;0.01;SELL
2016-03-11T01:11:30.583000;2016-03-11T01:11:30.613000;553ce66d-4035-4c32-b2ce-fefdb60276ff;415.15;0.0430981;SELL
2016-03-11T01:11:30.583000;2016-03-11T01:11:30.613000;ecb83ea5-0e3c-44c3-8d07-70eb3a449948;415.14;0.025;SELL
2016-03-11T01:11:30.583000;2016-03-11T01:11:30.613000;d18b8bbe-e54c-4403-89b6-a62aebe8dc8e;415.1;0.025;SELL
2016-03-11T01:11:30.583000;2016-03-11T01:11:30.613000;0d3b92a1-b642-4eba-af66-6a536062b6c0;415.1;0.08;SELL
2016-03-11T01:11:30.583000;2016-03-11T01:11:30.613000;a765b822-900a-4379-9885-bb4272e660e6;415.06;0.025;SELL
2016-03-11T01:11:30.583000;2016-03-11T01:11:30.613000;f75cd920-4ed7-42cc-aba3-91ff82307e8c;415.03;4.68;SELL
2016-03-11T01:11:30.583000;2016-03-11T01:11:30.643000;b8a82011-edea-4a56-9d44-85ceee6d1e4a;415.02;0.025;SELL
2016-03-11T01:11:30.583000;2016-03-11T01:11:30.660000;023f78db-9b4c-413c-8247-651b19eecdea;415.02;1.3;SELL
2016-03-11T01:11:30.583000;2016-03-11T01:11:30.660000;b15b9fd9-ae7e-4e3a-80bd-37e819eb3230;415.01;1.0418852;SELL
2016-03-11T01:11:36.243000;2016-03-11T01:11:36.253000;74e216c9-d5c5-4ca6-bf1b-6ad7f50a3607;415.21;0.06078851;SELL
2016-03-11T01:12:33.010000;2016-03-11T01:12:33.020000;c7c655ce-143b-4a0a-a7ea-0b6411fdf2b5;415.21;0.48427;SELL
2016-03-11T01:13:01.180000;2016-03-11T01:13:01.220000;d1e68c32-3d47-4a2d-a8a6-f6074584e78b;415.22;0.25;BUY
2016-03-11T01:13:01.180000;2016-03-11T01:13:01.237000;63477fe5-8158-49ea-84cd-e679a4a606c0;415.22;0.0381784;BUY
2016-03-11T01:13:01.180000;2016-03-11T01:13:01.237000;5b8d83aa-062c-4382-8447-d074017bab76;415.23;0.06689131;BUY
2016-03-11T01:13:01.180000;2016-03-11T01:13:01.237000;ed16acfe-3560-410c-b077-278b33566dd0;415.24;0.0457;BUY
2016-03-11T01:13:01.180000;2016-03-11T01:13:01.250000;7df37dda-44dc-4476-a611-f5655c8b8d5b;415.25;0.01;BUY
2016-03-11T01:13:01.180000;2016-03-11T01:13:01.250000;45e307cb-a77e-4972-a32b-f85076e6dd56;415.26;0.0342188;BUY
2016-03-11T01:13:01.180000;2016-03-11T01:13:01.267000;b3bf7fdd-547b-4f84-b745-41f9f668106a;415.27;0.025;BUY
2016-03-11T01:13:01.180000;2016-03-11T01:13:01.267000;17aba789-f6a2-4fe0-859d-7e44f92aeae8;415.28;0.05003882;BUY
2016-03-11T01:13:01.180000;2016-03-11T01:13:01.267000;10196233-af81-41db-80b7-b06c5f17441b;415.29;0.128;BUY
2016-03-11T01:13:01.180000;2016-03-11T01:13:01.267000;df48256a-a774-4ef0-b106-8c65e67a7bc2;415.3;0.05326;BUY
2016-03-11T01:13:01.180000;2016-03-11T01:13:01.267000;9c1af94f-3a7b-45b3-a409-4b23c323d473;415.31;0.025;BUY
2016-03-11T01:13:01.180000;2016-03-11T01:13:01.267000;095c6c22-4886-442a-ac71-a107a05c3399;415.32;0.01;BUY
2016-03-11T01:13:01.180000;2016-03-11T01:13:01.267000;21e6a9d1-2173-424b-a94c-f649a4885eb4;415.32;0.01;BUY
2016-03-11T01:13:01.180000;2016-03-11T01:13:01.283000;2705d6e6-66d7-4666-a28d-69107ce081ad;415.33;0.01;BUY
2016-03-11T01:13:01.180000;2016-03-11T01:13:01.283000;06094d8e-947d-4e7d-8856-05dab2996864;415.34;0.102;BUY
2016-03-11T01:13:01.180000;2016-03-11T01:13:01.283000;c59de0a6-dc14-41e8-8ddb-1b0e9fa1ae17;415.35;0.025;BUY
2016-03-11T01:13:01.180000;2016-03-11T01:13:01.283000;e30e3829-909d-47ce-a34e-498f2dafd096;415.35;0.01;BUY
2016-03-11T01:13:01.183000;2016-03-11T01:13:01.283000;2db17dc0-2493-4ee8-a317-c7dae2ef1f49;415.35;0.025;BUY
2016-03-11T01:13:01.183000;2016-03-11T01:13:01.283000;2fbea68b-9e98-4522-b88b-d99e7f774af1;415.36;0.01444895;BUY
2016-03-11T01:13:01.183000;2016-03-11T01:13:01.300000;1ce7d713-2538-4d7a-82b7-6658c2f3b1f4;415.36;0.2503;BUY
2016-03-11T01:13:01.183000;2016-03-11T01:13:01.300000;e9c6e4c9-1330-4d27-8ce7-7f22420de383;415.37;0.0335;BUY
2016-03-11T01:13:01.183000;2016-03-11T01:13:01.300000;b376cea4-138f-443c-8a9d-be5763a0cfb7;415.39;0.025;BUY
2016-03-11T01:13:01.183000;2016-03-11T01:13:01.300000;c36f8b63-04fd-4750-97a8-acecf0ed3a92;415.39;0.01;BUY
2016-03-11T01:13:01.183000;2016-03-11T01:13:01.300000;a0a03368-e41b-4375-8f10-222684634f3e;415.39;0.025;BUY
2016-03-11T01:13:01.183000;2016-03-11T01:13:01.330000;da3a8095-9634-43b8-8722-acae03496b18;415.39;0.12;BUY
2016-03-11T01:13:01.183000;2016-03-11T01:13:01.330000;36d54972-df4d-4d3d-a0bd-344cd925a1b3;415.42;0.12718372;BUY
2016-03-11T01:13:02.027000;2016-03-11T01:13:02.080000;9c816929-2aec-46c3-a66e-a9f9f4f79d42;415.43;0.01;BUY
2016-03-11T01:13:30.503000;2016-03-11T01:13:30.533000;2acd16bf-2f88-44d6-a66c-e99ec6196adf;415.41;0.25;BUY
2016-03-11T01:13:30.503000;2016-03-11T01:13:30.550000;12491650-50cc-4b33-a123-63d13e802e75;415.41;0.09797;BUY
2016-03-11T01:14:00.557000;2016-03-11T01:14:00.597000;6e833b6d-cec0-4979-985e-a5682785be6d;415.38;0.01;SELL
2016-03-11T01:14:00.557000;2016-03-11T01:14:00.597000;0c06b2e8-5d4b-4c3b-bca0-c56fd1fdc1cc;415.37;0.01;SELL
2016-03-11T01:14:00.557000;2016-03-11T01:14:00.597000;2c228795-23fb-481a-b3b4-a7086a16bbd8;415.36;0.02410243;SELL
2016-03-11T01:14:00.557000;2016-03-11T01:14:00.610000;76410081-21f4-4477-a7ed-640b58b7990a;415.35;0.035;SELL
2016-03-11T01:14:00.557000;2016-03-11T01:14:00.610000;e4f283fa-74f2-4923-a35f-c0aef80d0ce4;415.34;1.38196385;SELL
2016-03-11T01:14:00.557000;2016-03-11T01:14:00.690000;d6bdb840-87fe-4a26-8851-fdf3950460df;415.34;0.0452344;SELL
2016-03-11T01:14:00.557000;2016-03-11T01:14:00.690000;39f58651-eea6-485e-be10-c92a7c780b68;415.34;0.08761596;SELL
2016-03-11T01:14:00.557000;2016-03-11T01:14:00.690000;cd6c6563-6c49-4fb1-989a-63034994a1c7;415.31;0.074;SELL
2016-03-11T01:14:00.557000;2016-03-11T01:14:00.690000;006a7ddd-b27b-455c-89ab-bead940ed082;415.25;0.095;SELL
2016-03-11T01:14:00.557000;2016-03-11T01:14:00.690000;eb027dff-55a6-4837-b90c-20b42407a5e2;415.21;0.52;SELL
2016-03-11T01:14:00.557000;2016-03-11T01:14:00.690000;738758a1-d504-486f-89ce-c5e23f715344;415.2;0.02122285;SELL
2016-03-11T01:14:00.557000;2016-03-11T01:14:00.690000;23059282-6bd6-45ea-909b-9595c983d9ed;415.2;0.073;SELL
2016-03-11T01:14:00.557000;2016-03-11T01:14:00.690000;7eab9b51-46a7-4555-a544-258e1c7ba1e5;415.2;0.78;SELL
2016-03-11T01:14:00.557000;2016-03-11T01:14:00.690000;97548577-544e-46d1-b3ef-530812969d49;415.19;0.0426882;SELL
2016-03-11T01:14:00.560000;2016-03-11T01:14:00.690000;b947b0d3-4215-482a-ad25-420f396756f6;415.19;1.3;SELL
2016-03-11T01:14:00.560000;2016-03-11T01:14:00.690000;722fc2bc-32b7-4826-9970-74132544e6ed;415.18;0.47978231;SELL
2016-03-11T01:15:00.690000;2016-03-11T01:15:00.720000;4b58510c-51c8-420f-9d7b-875904649526;415.26;0.01;SELL
2016-03-11T01:15:00.690000;2016-03-11T01:15:00.737000;6b6a83b7-fdad-4819-b42a-0ade88016326;415.2;0.06960057;SELL
2016-03-11T01:15:00.690000;2016-03-11T01:15:00.737000;c9a9f3dc-d2ca-410c-b5c2-1757da97c224;415.19;0.0488;SELL
2016-03-11T01:15:00.690000;2016-03-11T01:15:00.737000;68c63d53-9122-4af0-86ac-441d6e1c791f;415.18;0.064;SELL
2016-03-11T01:15:00.690000;2016-03-11T01:15:00.753000;fdad04ac-9495-4a8c-9771-3f9e05e58673;415.17;1.84006943;SELL
2016-03-11T01:15:01.920000;2016-03-11T01:15:01.953000;b5b37a12-8219-4d37-bf92-4f2ee69a18aa;415.37;0.01;BUY
2016-03-11T01:16:30.643000;2016-03-11T01:16:30.673000;c65a5417-97ae-471f-ac29-4d5098aac679;415.3;0.01167;BUY
2016-03-11T01:16:56.980000;2016-03-11T01:16:57.017000;1637d2bb-04bb-491e-8aaa-d16d04e398ab;415.28;0.02;BUY
2016-03-11T01:17:30.650000;2016-03-11T01:17:30.673000;2530da19-caca-469d-9377-a2738fa1db80;415.28;0.0627;BUY
2016-03-11T01:17:42.470000;2016-03-11T01:17:42.503000;75c732ed-606f-4133-a455-b8d2826b326c;415.28;0.03807769;BUY
2016-03-11T01:17:58.123000;2016-03-11T01:17:58.143000;c242485b-273d-4340-99cb-eb3e18df511e;415.28;0.206;BUY
2016-03-11T01:18:24.500000;2016-03-11T01:18:24.517000;61718a1e-caa0-4a27-aaf4-e8b60aacfed9;415.28;0.0066;BUY
2016-03-11T01:18:30.580000;2016-03-11T01:18:30.627000;fafafc6a-6e82-4da8-b399-688f1072729f;415.29;0.25;BUY
2016-03-11T01:18:30.580000;2016-03-11T01:18:30.627000;7f1e40b6-3049-4e1f-bd2d-536d84cf58d5;415.3;0.05262792;BUY
2016-03-11T01:18:30.580000;2016-03-11T01:18:30.627000;9090a273-6135-45c2-a58e-f6bd17e6d5e2;415.31;0.04612844;BUY
2016-03-11T01:18:30.580000;2016-03-11T01:18:30.627000;698ab632-2ef6-4e6f-abca-66fb813cb116;415.32;0.02383;BUY
2016-03-11T01:18:30.583000;2016-03-11T01:18:30.627000;63ace52b-c73a-4ddf-a534-5e04e51c5a83;415.33;0.0307067;BUY
2016-03-11T01:18:30.583000;2016-03-11T01:18:30.643000;b9f47f86-2e35-4cab-bc09-1f912bf2241e;415.39;0.01;BUY
2016-03-11T01:18:30.583000;2016-03-11T01:18:30.643000;68fd9b09-f251-4dca-8cf0-bb9bf389d602;415.41;0.1;BUY
2016-03-11T01:18:30.583000;2016-03-11T01:18:30.643000;7abea832-fe8c-4188-9740-02c2210d56df;415.43;0.015;BUY
2016-03-11T01:18:30.583000;2016-03-11T01:18:30.643000;7b4b99ef-959c-4c9e-ab6f-7c479d073f57;415.43;0.025;BUY
2016-03-11T01:18:30.583000;2016-03-11T01:18:30.657000;8a9aa501-8ca7-4a43-8187-059040937ffc;415.47;0.025;BUY
2016-03-11T01:18:30.583000;2016-03-11T01:18:30.657000;ea579962-2a3e-452c-8faa-aba07ef20914;415.47;0.13686694;BUY
2016-03-11T01:19:00.650000;2016-03-11T01:19:00.657000;76dd6272-382e-43c0-a5e7-e8bd4f69eff9;415.46;0.25;BUY
2016-03-11T01:19:00.650000;2016-03-11T01:19:00.673000;48b2a1b7-31cc-4084-9153-376d83948a71;415.47;0.39593;BUY
2016-03-11T01:19:25.877000;2016-03-11T01:19:25.893000;e1ed7fb3-09b7-4827-9089-5c721640d1f2;415.47;0.46720306;BUY
2016-03-11T01:19:32.550000;2016-03-11T01:19:32.563000;b2f2d91a-022c-4f9a-a6f9-6230cc198870;415.49;0.0161;BUY
2016-03-11T01:19:32.550000;2016-03-11T01:19:32.580000;34c2f628-cb07-46e9-bcc0-17c3e94551bb;415.49;0.132;BUY
2016-03-11T01:19:44.380000;2016-03-11T01:19:44.393000;28c998d7-94d1-4c71-bb1b-63960c1d63c6;415.49;0.118;BUY
2016-03-11T01:19:44.380000;2016-03-11T01:19:44.407000;cbd6d93c-cf05-4f3e-8660-400acda7f9b2;415.5;4.0;BUY
2016-03-11T01:19:44.380000;2016-03-11T01:19:44.440000;00837e73-2faf-4a26-aee0-17971e046e9d;415.5;0.01;BUY
2016-03-11T01:19:44.380000;2016-03-11T01:19:44.440000;a756215e-e7b6-4159-91bf-db5f4e62f5cb;415.5;0.01;BUY
2016-03-11T01:19:44.380000;2016-03-11T01:19:44.440000;f22956b3-43a0-45fa-ad02-c2806d5ce1a4;415.51;0.025;BUY
2016-03-11T01:19:44.380000;2016-03-11T01:19:44.440000;0215ca2d-4026-4bc8-b27f-881f3cc20e9d;415.51;0.01;BUY
2016-03-11T01:19:45.520000;2016-03-11T01:19:45.550000;c1aa06d0-2aa3-4c51-a138-83f21b463562;415.52;0.01136;BUY
2016-03-11T01:20:32.600000;2016-03-11T01:20:32.610000;fc99dcf4-4d03-48e2-b62c-426ed0b26d6b;415.52;0.22306;BUY
2016-03-11T01:20:37.870000;2016-03-11T01:20:37.877000;f6547ffb-3ca4-4867-b1dd-d4fa9bfbcaaa;415.52;0.02694;BUY
2016-03-11T01:20:47.407000;2016-03-11T01:20:47.457000;a0cfc1fa-cc21-4e24-9743-8a567e416ca5;415.52;0.09998588;BUY
2016-03-11T01:21:06.433000;2016-03-11T01:21:06.440000;c2f819a6-897f-431e-a5f6-576d002d3a74;415.52;0.15001412;BUY
2016-03-11T01:21:10.353000;2016-03-11T01:21:10.360000;836ce0a8-42d3-4968-9eaa-5179981c775e;415.53;0.0104823;BUY
2016-03-11T01:21:12.157000;2016-03-11T01:21:12.157000;972c2e98-401f-4ed3-98e9-b60324180cd3;415.53;0.0267977;BUY
2016-03-11T01:21:12.157000;2016-03-11T01:21:12.190000;0d44c158-bca1-4315-9a95-85d28b3a568f;415.53;0.25;BUY
2016-03-11T01:21:15.083000;2016-03-11T01:21:15.097000;4223c849-5e94-4ee0-9e95-e1aae96702f3;415.54;0.02429717;BUY
2016-03-11T01:21:15.083000;2016-03-11T01:21:15.110000;430ae7d7-dbca-4e80-9a3c-0c01383f4f71;415.55;0.025;BUY
2016-03-11T01:21:19.640000;2016-03-11T01:21:19.657000;e7be9f2c-18b2-4533-9865-70daccef47e2;415.56;0.08036564;BUY
2016-03-11T01:21:25.467000;2016-03-11T01:21:25.487000;ae97a288-e1a2-4e27-8d52-6baeb7f42b1d;415.56;0.01313552;BUY
2016-03-11T01:21:29.850000;2016-03-11T01:21:29.860000;550a8003-0983-4c46-8a6f-fe80ccfb313a;415.56;0.01004974;BUY
2016-03-11T01:21:30.617000;2016-03-11T01:21:30.643000;f832e146-a065-45e3-9db5-3b01d94f87ba;415.56;0.1464491;BUY
2016-03-11T01:21:30.617000;2016-03-11T01:21:30.643000;4c66b342-4266-4542-9ded-011258daed40;415.57;0.01;BUY
2016-03-11T01:21:30.617000;2016-03-11T01:21:30.657000;b1d02adc-43fc-4a90-8d47-46aa75e68e49;415.57;0.01;BUY
2016-03-11T01:21:30.617000;2016-03-11T01:21:30.657000;04cf5e98-f887-4754-a84a-80e93b959e7f;415.58;0.05806919;BUY
2016-03-11T01:21:30.617000;2016-03-11T01:21:30.657000;ef06b591-f974-4c61-bd11-21c17595e78d;415.59;0.025;BUY
2016-03-11T01:21:30.617000;2016-03-11T01:21:30.657000;fe9c6e6e-4196-4e49-9d37-0de8143cb5b8;415.6;0.01258171;BUY
2016-03-11T01:22:00.617000;2016-03-11T01:22:00.627000;cccbacc4-03e6-4189-9849-92f992d45427;415.6;0.03440744;BUY
2016-03-11T01:22:00.617000;2016-03-11T01:22:00.627000;dbb49293-5d45-4147-b6b8-b1d6eb217871;415.6;0.25;BUY
2016-03-11T01:22:00.617000;2016-03-11T01:22:00.643000;c1620203-5cc8-49dd-86ed-17ca16ab2ae8;415.61;0.028;BUY
2016-03-11T01:22:00.620000;2016-03-11T01:22:00.643000;7cc5f6d6-c74a-4479-a081-3318f84b5b9e;415.62;0.0235;BUY
2016-03-11T01:22:00.620000;2016-03-11T01:22:00.643000;667050bd-137f-4012-b9f2-cbf23d036d58;415.63;0.2519;BUY
2016-03-11T01:22:00.620000;2016-03-11T01:22:00.673000;5d5625a6-c978-453a-af2e-77ca551a031f;415.63;0.025;BUY
