time_exchange;time_coinpai;guid;price;base_amount;taker_side
2016-04-11T00:00:22.000000;2016-04-11T00:00:22.000000;49edae1c-01c2-4905-b7d7-1f2bb18cbbe8;421.32;0.0582671;UNKNOWN
2016-04-11T00:00:22.000000;2016-04-11T00:00:22.000000;1c3f3714-9848-423a-9363-ec8126811d21;421.32;0.11728468;UNKNOWN
2016-04-11T00:01:34.000000;2016-04-11T00:01:34.000000;1e2e25c8-5905-46ea-9d28-dd94005b249f;421.32;0.7;UNKNOWN
2016-04-11T00:01:42.000000;2016-04-11T00:01:42.000000;6c9d5815-9192-4612-9223-fed5318cdb36;421.4;0.236;UNKNOWN
2016-04-11T00:01:42.000000;2016-04-11T00:01:42.000000;9df6cf11-663a-4d2e-b104-5b77b2299407;421.4;0.05;UNKNOWN
2016-04-11T00:01:42.000000;2016-04-11T00:01:42.000000;896463fd-076a-4e94-a0df-ce94f7feeaf6;421.4;2.144;UNKNOWN
2016-04-11T00:03:17.000000;2016-04-11T00:03:17.000000;a7f5765c-63cb-49bd-be47-0090923561ac;421.34;0.47886905;UNKNOWN
2016-04-11T00:04:48.000000;2016-04-11T00:04:48.000000;363b8cca-008e-4b13-8df6-8e584dd4a91a;421.34;0.5;UNKNOWN
2016-04-11T00:06:35.000000;2016-04-11T00:06:35.000000;c7565d2f-eea8-4bb8-bf28-65547312d9ba;421.34;0.05741972;UNKNOWN
2016-04-11T00:07:15.000000;2016-04-11T00:07:15.000000;ddd0009d-469b-4750-b3a5-d615b452fd0b;421.34;0.01;UNKNOWN
2016-04-11T00:07:33.000000;2016-04-11T00:07:33.000000;c7349429-9578-40b4-9240-54d9e8a8634c;421.26;5.9261;UNKNOWN
2016-04-11T00:10:14.000000;2016-04-11T00:10:14.000000;cf313d36-1af0-4871-bb8f-e3313917b3df;421.25;0.05;UNKNOWN
2016-04-11T00:10:28.000000;2016-04-11T00:10:28.000000;2ee29852-d2dc-47e5-b212-e5804670fe16;421.25;0.47897136;UNKNOWN
2016-04-11T00:10:28.000000;2016-04-11T00:10:28.000000;29d05e95-990d-4fef-87ac-0f57285cd358;421.25;0.47897136;UNKNOWN
2016-04-11T00:10:35.000000;2016-04-11T00:10:35.000000;e8bd2bb5-bd1b-4062-acfe-8b3a0461706b;421.25;2.0;UNKNOWN
2016-04-11T00:11:30.000000;2016-04-11T00:11:30.000000;1150157b-69d6-4aba-bc8b-43dcaf1e3416;421.34;0.43258028;UNKNOWN
2016-04-11T00:11:30.000000;2016-04-11T00:11:30.000000;30c2300e-c1cc-42f6-a75b-b3b3cf04afcf;421.37;0.07757459;UNKNOWN
2016-04-11T00:11:43.000000;2016-04-11T00:11:43.000000;49af0062-ed87-4cc6-82b5-5e42658c7248;421.23;0.48646857;UNKNOWN
2016-04-11T00:11:45.000000;2016-04-11T00:11:45.000000;39f5dc88-269d-4534-93ec-e13b3ae3b7da;421.45;0.05;UNKNOWN
2016-04-11T00:11:53.000000;2016-04-11T00:11:53.000000;b25b783c-a390-40dd-9785-291e8b2a0d21;421.48;0.46099265;UNKNOWN
2016-04-11T00:11:53.000000;2016-04-11T00:11:53.000000;13a6d369-1603-4638-8e5b-6438a8d3996b;421.45;0.05;UNKNOWN
2016-04-11T00:11:53.000000;2016-04-11T00:11:53.000000;3b361332-b5b8-46eb-a120-ff1af9ac7764;421.48;0.51012407;UNKNOWN
2016-04-11T00:12:44.000000;2016-04-11T00:12:44.000000;b11642d8-fb25-443c-93f8-8bd252b7686b;421.48;4.88108328;UNKNOWN
2016-04-11T00:12:47.000000;2016-04-11T00:12:47.000000;731542b5-a741-434f-9d88-959224688a05;421.49;3.46;UNKNOWN
2016-04-11T00:13:18.000000;2016-04-11T00:13:18.000000;0bb25fcc-4614-4dfb-9052-f0640bcbb9af;421.48;0.46888362;UNKNOWN
2016-04-11T00:14:13.000000;2016-04-11T00:14:13.000000;cff30917-86a6-4a5f-a370-67bf332b38c0;421.48;0.01;UNKNOWN
2016-04-11T00:14:22.000000;2016-04-11T00:14:22.000000;1d215075-1a1c-4206-a992-337198d1671e;421.48;0.228;UNKNOWN
2016-04-11T00:14:22.000000;2016-04-11T00:14:22.000000;6d63928d-5149-4006-81fb-352637655599;421.48;0.14715124;UNKNOWN
2016-04-11T00:14:57.000000;2016-04-11T00:14:57.000000;25d44387-105d-4bb5-8734-6a68de18fc98;421.48;0.238;UNKNOWN
2016-04-11T00:14:57.000000;2016-04-11T00:14:57.000000;54edc819-4a9d-44be-9bf8-b74d1c0b5c45;421.48;0.238;UNKNOWN
2016-04-11T00:14:57.000000;2016-04-11T00:14:57.000000;c239770e-4670-4ff7-882d-4afac3384b84;421.48;0.09184876;UNKNOWN
2016-04-11T00:14:57.000000;2016-04-11T00:14:57.000000;f5798fbf-001f-4a8b-8f4c-8027ffcece5a;421.48;0.238;UNKNOWN
2016-04-11T00:14:57.000000;2016-04-11T00:14:57.000000;f39d3f6d-18bc-4d9e-9cb4-8284c23aee06;421.48;0.238;UNKNOWN
2016-04-11T00:14:57.000000;2016-04-11T00:14:57.000000;20c0c801-4b74-4a30-b4df-23cabc036dbd;421.48;0.239;UNKNOWN
2016-04-11T00:14:57.000000;2016-04-11T00:14:57.000000;1a435cce-5728-4138-a93f-6ec1837d1f7b;421.48;0.10135124;UNKNOWN
2016-04-11T00:14:57.000000;2016-04-11T00:14:57.000000;458f290e-2fdf-437e-ab3d-fda1a5b27c61;421.48;0.239;UNKNOWN
2016-04-11T00:14:57.000000;2016-04-11T00:14:57.000000;f86faa1a-b0d8-4584-a5dd-85564b906f69;421.48;0.24;UNKNOWN
2016-04-11T00:14:57.000000;2016-04-11T00:14:57.000000;2e1cbfc3-cd28-4101-9eec-25c207306e4d;421.48;0.238;UNKNOWN
2016-04-11T00:14:57.000000;2016-04-11T00:14:57.000000;729dd3f2-6ce5-40fb-909e-2c826ae6ba5f;421.48;0.238;UNKNOWN
2016-04-11T00:15:09.000000;2016-04-11T00:15:09.000000;cbabf5aa-e824-467e-a845-85751b2e6557;421.48;3.18;UNKNOWN
2016-04-11T00:15:11.000000;2016-04-11T00:15:11.000000;95cf3e22-f0e2-41e1-bde4-4c8baf28826a;421.42;6.26430865;UNKNOWN
2016-04-11T00:15:11.000000;2016-04-11T00:15:11.000000;80199ffd-0e92-4ca6-bb10-ac40a6d96764;421.42;0.05947034;UNKNOWN
2016-04-11T00:19:19.000000;2016-04-11T00:19:19.000000;3a70489f-f804-4904-a67a-9f3209b39e04;421.43;0.059;UNKNOWN
2016-04-11T00:19:19.000000;2016-04-11T00:19:19.000000;da3ed7cd-e398-40bd-a4a8-1744dc2940a5;421.42;0.199;UNKNOWN
2016-04-11T00:23:18.000000;2016-04-11T00:23:18.000000;5b862bae-8fd4-419a-b430-39414318221c;421.31;0.01;UNKNOWN
2016-04-11T00:23:33.000000;2016-04-11T00:23:33.000000;e8c7b38c-2a50-4054-a622-05a4cf0730c8;421.31;0.49;UNKNOWN
2016-04-11T00:23:50.000000;2016-04-11T00:23:50.000000;965391fb-044d-4a60-831b-a882ed0f1dec;421.46;0.49075019;UNKNOWN
2016-04-11T00:23:51.000000;2016-04-11T00:23:51.000000;7ede8824-69c2-435e-bd75-81cc8c0d7b40;421.46;0.49075019;UNKNOWN
2016-04-11T00:23:52.000000;2016-04-11T00:23:52.000000;234c482b-6c94-4158-ace1-85e239a3c0d0;421.46;0.49075019;UNKNOWN
2016-04-11T00:24:00.000000;2016-04-11T00:24:00.000000;24a3bac0-e671-460b-bb04-cb06a2eeaaa0;421.46;0.4905786;UNKNOWN
2016-04-11T00:27:14.000000;2016-04-11T00:27:14.000000;1e24a0d7-a2e0-4a62-b242-da87ce42bd3a;421.46;3.89857083;UNKNOWN
2016-04-11T00:27:14.000000;2016-04-11T00:27:14.000000;e5e86ebe-3e20-4ced-b361-c3891b35fb5a;421.46;0.19487793;UNKNOWN
2016-04-11T00:27:14.000000;2016-04-11T00:27:14.000000;2146ee33-773e-440e-8a2f-445207baa996;421.46;0.238;UNKNOWN
2016-04-11T00:27:14.000000;2016-04-11T00:27:14.000000;d6bd06f6-ddf1-4aaa-8c36-b92e2ea06198;421.46;0.238;UNKNOWN
2016-04-11T00:27:14.000000;2016-04-11T00:27:14.000000;7fbaab39-1ce3-4fd9-9832-2becb9dc3edb;421.46;0.10135124;UNKNOWN
2016-04-11T00:27:24.000000;2016-04-11T00:27:24.000000;97b59588-e484-41c2-831d-dbcd596981c7;421.34;0.01;UNKNOWN
2016-04-11T00:28:17.000000;2016-04-11T00:28:17.000000;1770e9e9-a559-4711-947a-6a21a6eda6d8;421.33;0.01;UNKNOWN
2016-04-11T00:29:01.000000;2016-04-11T00:29:01.000000;3bd6e0f1-357d-4017-8736-15cfafceca48;421.37;0.01;UNKNOWN
2016-04-11T00:29:39.000000;2016-04-11T00:29:39.000000;cc6c359b-4d6b-404a-bbe9-a3d118104dd6;421.37;0.01;UNKNOWN
2016-04-11T00:30:03.000000;2016-04-11T00:30:03.000000;2bc0a363-887d-48f2-8278-10bec699b24b;421.32;0.46923063;UNKNOWN
2016-04-11T00:30:03.000000;2016-04-11T00:30:03.000000;efa0e761-2faa-4d28-8cd5-0f7ff6f86078;421.37;0.00966;UNKNOWN
2016-04-11T00:30:13.000000;2016-04-11T00:30:13.000000;f2098c30-b4c8-4957-8552-f0a790adc8e4;421.32;0.47889178;UNKNOWN
2016-04-11T00:30:14.000000;2016-04-11T00:30:14.000000;75947542-b754-414a-a5cc-3c99f7cb4825;421.32;0.47889178;UNKNOWN
2016-04-11T00:30:26.000000;2016-04-11T00:30:26.000000;ea6af17d-de87-4b37-b69b-b9c42f2a155a;421.32;0.47889178;UNKNOWN
2016-04-11T00:31:23.000000;2016-04-11T00:31:23.000000;d440529a-b794-4bd1-a1d4-980bf09d3e64;421.33;0.01;UNKNOWN
2016-04-11T00:31:29.000000;2016-04-11T00:31:29.000000;01b68cea-7e10-4e4d-81d5-877584bfa4f2;421.32;4.6;UNKNOWN
2016-04-11T00:31:29.000000;2016-04-11T00:31:29.000000;30f070fc-e4eb-4836-80cf-519ec5abc0b7;421.29;5.4005;UNKNOWN
2016-04-11T00:33:21.000000;2016-04-11T00:33:21.000000;2f4e86e7-6b71-4226-9cde-e79082881239;421.32;0.1;UNKNOWN
2016-04-11T00:33:27.000000;2016-04-11T00:33:27.000000;1ffeb684-66fd-4c1b-b77d-f08b263f2d1c;421.33;0.01;UNKNOWN
2016-04-11T00:34:15.000000;2016-04-11T00:34:15.000000;233fe898-5642-4f36-88e4-0b3c05106de6;421.33;0.01;UNKNOWN
2016-04-11T00:34:54.000000;2016-04-11T00:34:54.000000;1310128d-204d-4686-8f32-5bf581aa3d0b;421.34;0.01;UNKNOWN
2016-04-11T00:35:42.000000;2016-04-11T00:35:42.000000;a65fd43e-93ee-4c72-96d8-7e968936ffd9;421.34;0.01;UNKNOWN
2016-04-11T00:36:06.000000;2016-04-11T00:36:06.000000;4dcc367d-6850-4357-a4d7-2cdcf398eac7;421.34;0.4;UNKNOWN
2016-04-11T00:36:06.000000;2016-04-11T00:36:06.000000;9051a943-015b-41de-b25b-698634c60277;421.34;2.28;UNKNOWN
2016-04-11T00:36:27.000000;2016-04-11T00:36:27.000000;e359d9b2-6c87-42d8-8970-845ef116f88c;421.34;0.01;UNKNOWN
2016-04-11T00:37:13.000000;2016-04-11T00:37:13.000000;4061689d-803c-496d-a8a5-631b4d0290a6;421.34;0.01;UNKNOWN
2016-04-11T00:37:14.000000;2016-04-11T00:37:14.000000;6368cd4e-4bb4-4fd1-9c24-2fda226d9ec6;421.34;0.1;UNKNOWN
2016-04-11T00:37:40.000000;2016-04-11T00:37:40.000000;c653ceec-ae9f-4e3b-ac7f-fbb10eb50c7d;421.34;0.4;UNKNOWN
2016-04-11T00:37:40.000000;2016-04-11T00:37:40.000000;c235543d-8144-4d73-bc4d-5ae45ce5f6f4;421.33;4.59;UNKNOWN
2016-04-11T00:37:42.000000;2016-04-11T00:37:42.000000;6900dc72-5ee6-4d1e-9f6f-6c551a7b75bc;421.34;0.4;UNKNOWN
2016-04-11T00:37:58.000000;2016-04-11T00:37:58.000000;c5264877-375d-4b82-b9bd-787586ea292e;421.33;0.01;UNKNOWN
2016-04-11T00:37:59.000000;2016-04-11T00:37:59.000000;deddcafe-6d82-4a9c-ae15-0344a026a7ee;421.34;0.4;UNKNOWN
2016-04-11T00:38:01.000000;2016-04-11T00:38:01.000000;4320a8d2-9bb8-4f54-8323-e0afcd64c4e5;421.34;0.37331275;UNKNOWN
2016-04-11T00:38:01.000000;2016-04-11T00:38:01.000000;1b2af796-b6fd-4d9b-99ea-408ebe307559;421.34;0.4;UNKNOWN
2016-04-11T00:38:04.000000;2016-04-11T00:38:04.000000;d0b0eedf-c8fb-4992-8f59-4d3880d0cc54;421.34;0.4;UNKNOWN
2016-04-11T00:38:05.000000;2016-04-11T00:38:05.000000;2e2228d6-1a60-43b1-8b63-cb847f24eee1;421.34;0.4940939;UNKNOWN
2016-04-11T00:38:11.000000;2016-04-11T00:38:11.000000;235bd402-d047-4385-8a35-9eaf5c352673;421.34;0.4;UNKNOWN
2016-04-11T00:38:11.000000;2016-04-11T00:38:11.000000;5824f160-2cfc-4202-aa1a-ae46dcf1a76a;421.33;4.59;UNKNOWN
2016-04-11T00:38:13.000000;2016-04-11T00:38:13.000000;521cadf2-62e7-4dfa-8f97-07763c96d41d;421.34;0.4;UNKNOWN
2016-04-11T00:38:15.000000;2016-04-11T00:38:15.000000;c5f623af-2832-4020-a6a8-0e15ab6d4752;421.34;0.4;UNKNOWN
2016-04-11T00:38:30.000000;2016-04-11T00:38:30.000000;ebc80f5c-9cc3-4b4b-8298-f51ca7aa1f75;421.32;0.49296133;UNKNOWN
2016-04-11T00:38:30.000000;2016-04-11T00:38:30.000000;40b3a886-d6dd-4872-98eb-54cade1f37b4;421.32;0.49303025;UNKNOWN
2016-04-11T00:38:32.000000;2016-04-11T00:38:32.000000;fee96f3d-a30f-40b1-ae74-b5d9206ff042;421.32;0.49296133;UNKNOWN
2016-04-11T00:39:45.000000;2016-04-11T00:39:45.000000;03f7e023-52b7-44b0-b234-9b0e4fa32329;421.33;0.07715903;UNKNOWN
2016-04-11T00:39:48.000000;2016-04-11T00:39:48.000000;249b12bd-ed1a-4db0-9d77-b776ad2ede74;421.33;0.07715903;UNKNOWN
2016-04-11T00:39:51.000000;2016-04-11T00:39:51.000000;3c1b38eb-7d7d-49fd-8d87-5669186fe115;421.33;0.07715903;UNKNOWN
2016-04-11T00:39:53.000000;2016-04-11T00:39:53.000000;8665afa3-8b32-4d4a-b216-273f54aabaf7;421.33;0.06963612;UNKNOWN
2016-04-11T00:39:53.000000;2016-04-11T00:39:53.000000;e8039e4f-f201-4a4e-b51f-beb90c9450ea;421.33;0.00752291;UNKNOWN
2016-04-11T00:41:04.000000;2016-04-11T00:41:04.000000;7ee49a7b-6a23-4355-85d5-5db9c5d10dfd;421.32;0.11427126;UNKNOWN
2016-04-11T00:42:01.000000;2016-04-11T00:42:01.000000;775eec9d-2d1d-4645-9a4e-40839f998e96;421.32;0.1;UNKNOWN
2016-04-11T00:42:30.000000;2016-04-11T00:42:30.000000;c6fe7570-fd16-4000-b41e-d7df27632c8f;421.32;0.1;UNKNOWN
2016-04-11T00:42:39.000000;2016-04-11T00:42:39.000000;69f4e8d0-c76e-42a2-a2a1-b43025ffda07;421.31;0.17;UNKNOWN
2016-04-11T00:42:39.000000;2016-04-11T00:42:39.000000;fafdb2a0-0164-4a4a-9fab-a48e9848c8fa;421.32;3.51283861;UNKNOWN
2016-04-11T00:42:39.000000;2016-04-11T00:42:39.000000;8e4356de-3ed4-4b91-a96a-35f3ad16754f;421.32;0.2;UNKNOWN
2016-04-11T00:42:40.000000;2016-04-11T00:42:40.000000;1f9b01fe-d703-4558-999d-378bdabf4f5d;421.3;5.9204;UNKNOWN
2016-04-11T00:42:40.000000;2016-04-11T00:42:40.000000;51dbff6a-59ec-4f7d-8146-24e1adfc9819;421.3;2.68;UNKNOWN
2016-04-11T00:42:40.000000;2016-04-11T00:42:40.000000;2d9065d1-b95d-49a4-8b96-c5b39119b6c4;421.3;3.16;UNKNOWN
2016-04-11T00:43:07.000000;2016-04-11T00:43:07.000000;a768885c-81bd-4aa0-8a7a-aa3e6c4e0c8c;421.29;0.4789911;UNKNOWN
2016-04-11T00:43:37.000000;2016-04-11T00:43:37.000000;d437e3ed-6813-47d4-b49b-e256205c8869;421.3;0.00423861;UNKNOWN
2016-04-11T00:43:37.000000;2016-04-11T00:43:37.000000;f64a7362-7d03-4f89-8453-fb7beeffc959;421.3;0.239;UNKNOWN
2016-04-11T00:43:37.000000;2016-04-11T00:43:37.000000;9f9ae617-e275-42e5-bf09-e2f70ce59510;421.3;4.35676139;UNKNOWN
2016-04-11T00:44:35.000000;2016-04-11T00:44:35.000000;784c5079-dcd7-45e8-9dbe-ff5ef032cbc8;421.3;0.17;UNKNOWN
2016-04-11T00:44:54.000000;2016-04-11T00:44:54.000000;4f988d8a-da7c-4f38-8fcc-aee5cacddb4c;421.3;0.238;UNKNOWN
2016-04-11T00:44:54.000000;2016-04-11T00:44:54.000000;8f14b46e-3987-4eee-91b4-f85176fef732;421.3;0.06476139;UNKNOWN
2016-04-11T00:44:54.000000;2016-04-11T00:44:54.000000;1cf15532-d344-48bf-9493-5e1e84322d9a;421.3;0.238;UNKNOWN
2016-04-11T00:44:54.000000;2016-04-11T00:44:54.000000;72df1e03-4f73-451e-99bb-dc405121c4a3;421.3;0.16836388;UNKNOWN
2016-04-11T00:44:54.000000;2016-04-11T00:44:54.000000;db4d7302-0082-4583-932c-e661c35b08ce;421.3;0.24;UNKNOWN
2016-04-11T00:44:55.000000;2016-04-11T00:44:55.000000;2574124e-0e79-445e-bd0a-2117a0de990f;421.32;3.65087473;UNKNOWN
2016-04-11T00:45:31.000000;2016-04-11T00:45:31.000000;4c022634-7e66-4d85-b7ba-2ad9bd528b25;421.33;0.01;UNKNOWN
2016-04-11T00:46:15.000000;2016-04-11T00:46:15.000000;eadab2c4-8d83-477c-a16e-daf9dd5262f5;421.33;0.01;UNKNOWN
2016-04-11T00:46:59.000000;2016-04-11T00:46:59.000000;fd5925c3-d146-400d-9f5d-d34218bee9e5;421.34;0.49;UNKNOWN
2016-04-11T00:47:00.000000;2016-04-11T00:47:00.000000;62b35cab-3aed-4a53-8554-280032c2ca89;421.33;0.01;UNKNOWN
2016-04-11T00:47:45.000000;2016-04-11T00:47:45.000000;acf3b0d1-3bf8-4b0f-8c75-1c698a145beb;421.33;0.01;UNKNOWN
2016-04-11T00:48:23.000000;2016-04-11T00:48:23.000000;c92891cb-745f-4906-9961-061d016a9ce8;421.34;0.18561079;UNKNOWN
2016-04-11T00:48:30.000000;2016-04-11T00:48:30.000000;6f42cc24-46d0-41ac-8b29-c3805b1de107;421.33;0.01;UNKNOWN
2016-04-11T00:49:18.000000;2016-04-11T00:49:18.000000;6e8ef9d1-b2d2-4a9b-b323-915713c71d90;421.33;0.01;UNKNOWN
2016-04-11T00:50:04.000000;2016-04-11T00:50:04.000000;30629e09-b9c3-4d74-97d9-eab6827a04cc;421.33;0.01;UNKNOWN
2016-04-11T00:50:48.000000;2016-04-11T00:50:48.000000;5a639f55-ee77-4f94-bdca-29300e3857bb;421.33;0.01;UNKNOWN
2016-04-11T00:51:33.000000;2016-04-11T00:51:33.000000;498e35bd-bee8-42a5-a2d3-9aff4692b5f5;421.33;0.01;UNKNOWN
2016-04-11T00:52:19.000000;2016-04-11T00:52:19.000000;acedb0f4-39e8-4575-a621-acff981c7759;421.33;0.01;UNKNOWN
2016-04-11T00:53:04.000000;2016-04-11T00:53:04.000000;54e8e82f-8819-4d5c-baf7-5a005b886533;421.33;0.01;UNKNOWN
2016-04-11T00:53:49.000000;2016-04-11T00:53:49.000000;15a95474-2988-4f44-9c02-32f8c18dd8ae;421.33;0.01;UNKNOWN
2016-04-11T00:54:17.000000;2016-04-11T00:54:17.000000;024a0ed5-f0c6-439f-852e-aaee8871985a;421.34;0.48657956;UNKNOWN
2016-04-11T00:54:18.000000;2016-04-11T00:54:18.000000;63135d57-59c6-4363-ae86-78808437cc7b;421.34;0.48657956;UNKNOWN
2016-04-11T00:54:42.000000;2016-04-11T00:54:42.000000;16a8f7cf-08d6-4705-ad65-7731b5af43ff;421.33;0.08;UNKNOWN
2016-04-11T00:54:42.000000;2016-04-11T00:54:42.000000;245195ef-4ded-4562-a5f5-b11be777648c;421.33;0.01;UNKNOWN
2016-04-11T00:54:52.000000;2016-04-11T00:54:52.000000;dfe8151e-4037-4a46-91c2-e3b59721f9b8;421.3;0.07736603;UNKNOWN
2016-04-11T00:54:56.000000;2016-04-11T00:54:56.000000;9cccc67e-e395-45cf-949f-394a6d64e26d;421.3;0.01011193;UNKNOWN
2016-04-11T01:00:06.000000;2016-04-11T01:00:06.000000;58b951a5-0250-4a5a-b58a-fb0868203363;421.34;0.01327609;UNKNOWN
2016-04-11T01:00:06.000000;2016-04-11T01:00:06.000000;4029e2df-c650-4b7b-be7e-d5a052b025f5;421.34;0.47543759;UNKNOWN
2016-04-11T01:00:06.000000;2016-04-11T01:00:06.000000;a6f27d34-fb90-4de0-bb68-28b158ae67a1;421.33;0.01;UNKNOWN
2016-04-11T01:00:07.000000;2016-04-11T01:00:07.000000;b7b8c39f-88d0-42c8-8d73-01c0d7f99ad5;421.33;0.48543735;UNKNOWN
2016-04-11T01:00:09.000000;2016-04-11T01:00:09.000000;b54e855c-ab81-4202-bb54-300db95f5fa8;421.34;0.03702436;UNKNOWN
2016-04-11T01:00:10.000000;2016-04-11T01:00:10.000000;01ee9d4e-c9d4-4c15-aeef-548e41dce5a4;421.34;0.02698691;UNKNOWN
2016-04-11T01:00:10.000000;2016-04-11T01:00:10.000000;937a592e-5c3e-41cf-86cd-632c30bc2f9f;421.34;0.23430571;UNKNOWN
2016-04-11T01:00:12.000000;2016-04-11T01:00:12.000000;b13ec03c-529d-4728-8b8d-315e361e22c5;421.34;0.12062417;UNKNOWN
2016-04-11T01:00:14.000000;2016-04-11T01:00:14.000000;3412b21c-89dd-402e-9666-902b7f8f6b65;421.34;0.01630477;UNKNOWN
2016-04-11T01:00:15.000000;2016-04-11T01:00:15.000000;cd52bfd1-1318-44ab-b228-47bcc905f9a4;421.34;0.01751288;UNKNOWN
2016-04-11T01:00:16.000000;2016-04-11T01:00:16.000000;c1b7c0c4-a56d-4368-8469-a14d15a8d683;421.34;0.01630477;UNKNOWN
2016-04-11T01:00:16.000000;2016-04-11T01:00:16.000000;cdfdb94b-7790-46cc-a17a-b5257bd0c313;421.34;0.12028969;UNKNOWN
2016-04-11T01:00:16.000000;2016-04-11T01:00:16.000000;9da75111-42a4-4dec-b74f-acb57e141920;421.34;0.01630477;UNKNOWN
2016-04-11T01:00:17.000000;2016-04-11T01:00:17.000000;01574205-ff57-4044-9a95-975ee1033a87;421.34;0.01630477;UNKNOWN
2016-04-11T01:00:36.000000;2016-04-11T01:00:36.000000;b393cbc9-7d50-43f1-b0a3-69bf0f0ed47c;421.34;0.03263536;UNKNOWN
2016-04-11T01:00:36.000000;2016-04-11T01:00:36.000000;3f555f61-d297-449e-99bf-32ae9bcc764c;421.45;0.42736464;UNKNOWN
2016-04-11T01:00:36.000000;2016-04-11T01:00:36.000000;6e23d47e-936f-48ff-8bb1-3b3afac2a6f3;421.36;0.04;UNKNOWN
2016-04-11T01:01:02.000000;2016-04-11T01:01:02.000000;73d660fd-e379-49cb-a727-6e76fb1810e1;421.31;0.05741972;UNKNOWN
2016-04-11T01:04:04.000000;2016-04-11T01:04:04.000000;dabd0ea2-afb1-43d9-916c-363c5cf434aa;421.29;0.01;UNKNOWN
2016-04-11T01:04:04.000000;2016-04-11T01:04:04.000000;af5af033-3658-421c-b91c-6d9262790dc0;421.13;2.68006531;UNKNOWN
2016-04-11T01:04:04.000000;2016-04-11T01:04:04.000000;e8d7f1cf-84d3-4e23-bf4d-95103b6e2d9d;421.27;0.04;UNKNOWN
2016-04-11T01:04:22.000000;2016-04-11T01:04:22.000000;826bd3cc-501c-45cc-a639-c4358f5fd1e8;421.13;0.4685485;UNKNOWN
2016-04-11T01:07:11.000000;2016-04-11T01:07:11.000000;411ab899-c488-4526-bdd7-cf620356e845;421.17;1.1;UNKNOWN
2016-04-11T01:10:30.000000;2016-04-11T01:10:30.000000;c9b1f847-2ed2-4c6d-a584-1542987cae51;421.21;0.01002625;UNKNOWN
2016-04-11T01:13:34.000000;2016-04-11T01:13:34.000000;c97f9e33-ce41-4cc8-8a2b-3b707d4dc827;421.41;0.49761566;UNKNOWN
2016-04-11T01:13:34.000000;2016-04-11T01:13:34.000000;f7000b09-785d-4035-8018-a7565c2a42e2;421.41;0.49755846;UNKNOWN
2016-04-11T01:13:35.000000;2016-04-11T01:13:35.000000;3c516d37-eed2-4fc4-ab86-b27647f09be7;421.38;0.48918291;UNKNOWN
2016-04-11T01:13:42.000000;2016-04-11T01:13:42.000000;9e299ce3-9fa2-4be2-9bb4-8c0932958261;421.4;0.49747011;UNKNOWN
2016-04-11T01:14:40.000000;2016-04-11T01:14:40.000000;d13323f8-13d5-4d4a-b549-263428b18235;421.4;0.1644;UNKNOWN
2016-04-11T01:15:39.000000;2016-04-11T01:15:39.000000;826796b8-8c76-43a3-a080-bc3d84e8fefc;421.37;0.13863185;UNKNOWN
2016-04-11T01:16:53.000000;2016-04-11T01:16:53.000000;4c7a80bb-eff9-4a9b-a777-89ea8cb0ba83;421.4;0.01;UNKNOWN
2016-04-11T01:20:34.000000;2016-04-11T01:20:34.000000;58ed4308-2b16-4f99-bbd9-628f53698136;421.37;0.1;UNKNOWN
2016-04-11T01:22:13.000000;2016-04-11T01:22:13.000000;32b53dae-6257-4a01-9472-cc07d4bd3f9d;421.35;0.25;UNKNOWN
2016-04-11T01:24:22.000000;2016-04-11T01:24:22.000000;6d4596df-0f2a-45e3-a60d-507675939415;421.41;0.31913439;UNKNOWN
2016-04-11T01:24:22.000000;2016-04-11T01:24:22.000000;a5b89eeb-0c88-45bd-bb4f-76eb7e47b1bb;421.4;0.02178337;UNKNOWN
2016-04-11T01:24:22.000000;2016-04-11T01:24:22.000000;99737985-967f-401b-8bf1-d73ca8593790;421.39;0.07971532;UNKNOWN
2016-04-11T01:24:22.000000;2016-04-11T01:24:22.000000;f595d2cb-f948-429a-9ac6-fecb06dbd844;421.4;0.07717259;UNKNOWN
2016-04-11T01:24:28.000000;2016-04-11T01:24:28.000000;027560a4-e5d8-4ff8-b54b-a845b65def8f;421.47;0.491169;UNKNOWN
2016-04-11T01:24:42.000000;2016-04-11T01:24:42.000000;93c9be94-d1e9-4674-93ee-b747350fdef4;421.46;0.49913884;UNKNOWN
2016-04-11T01:24:58.000000;2016-04-11T01:24:58.000000;c9c359e4-865b-4fea-8130-309fa722dd32;421.47;0.49125927;UNKNOWN
2016-04-11T01:25:07.000000;2016-04-11T01:25:07.000000;7f756b05-bea8-4836-9f05-3df7cb82c036;421.41;2.41;UNKNOWN
2016-04-11T01:28:38.000000;2016-04-11T01:28:38.000000;03e900dd-cd07-4d1b-b603-5461791e7246;421.01;0.2432338;UNKNOWN
2016-04-11T01:34:20.000000;2016-04-11T01:34:20.000000;2cc9b508-b4ab-4ac2-a102-ae8b6e0f5bad;421.27;2.0;UNKNOWN
2016-04-11T01:34:30.000000;2016-04-11T01:34:30.000000;c460868c-770d-4615-900c-7ec82a43d016;421.46;0.2;UNKNOWN
2016-04-11T01:35:39.000000;2016-04-11T01:35:39.000000;1cfe538a-c2f1-417f-8572-2211c0ab1645;421.17;3.0;UNKNOWN
2016-04-11T01:35:39.000000;2016-04-11T01:35:39.000000;a8b13e04-d7e2-48b3-9dc3-d0833f5144cc;421.18;0.5;UNKNOWN
2016-04-11T01:39:14.000000;2016-04-11T01:39:14.000000;7e19ae91-0891-41eb-bf77-3498c1120a88;420.96;6.09;UNKNOWN
2016-04-11T01:39:14.000000;2016-04-11T01:39:14.000000;f5c64ce3-fb97-4c36-b7ab-2cc138bb2db7;421.0;0.01;UNKNOWN
2016-04-11T01:39:14.000000;2016-04-11T01:39:14.000000;1066f353-cc02-48f3-aeb7-05682f1c6b48;420.93;2.27;UNKNOWN
2016-04-11T01:39:14.000000;2016-04-11T01:39:14.000000;c9218224-9dba-4d8d-838a-8d69634b94f8;420.98;5.0;UNKNOWN
2016-04-11T01:39:14.000000;2016-04-11T01:39:14.000000;1811517e-f9f0-4244-b92a-84bdc0e51d63;420.99;3.0;UNKNOWN
2016-04-11T01:39:14.000000;2016-04-11T01:39:14.000000;bcbd9374-0808-4a66-a6eb-82a9be54fe6e;421.0;0.081;UNKNOWN
2016-04-11T01:39:14.000000;2016-04-11T01:39:14.000000;e479dafa-5712-4abb-ab08-9c21ba462ee9;420.99;0.5;UNKNOWN
2016-04-11T01:39:14.000000;2016-04-11T01:39:14.000000;c37960ca-d36f-4676-8097-68db7e8a14a8;420.95;6.0;UNKNOWN
2016-04-11T01:40:50.000000;2016-04-11T01:40:50.000000;90737fa9-9146-4fd3-9c27-c338994bb833;420.9;0.045;UNKNOWN
2016-04-11T01:43:14.000000;2016-04-11T01:43:14.000000;eaf1ff5a-63df-4ea2-93c5-7058971ef999;420.9;0.38688289;UNKNOWN
2016-04-11T01:46:39.000000;2016-04-11T01:46:39.000000;fdf713b9-8e4e-4607-b9a8-b016d79cc28a;420.9;2.28;UNKNOWN
2016-04-11T01:46:50.000000;2016-04-11T01:46:50.000000;f8142fa9-6066-49bf-ba36-5192d8128c79;420.9;2.28;UNKNOWN
2016-04-11T01:46:57.000000;2016-04-11T01:46:57.000000;4649eda0-9834-4cac-a1f1-6d8dca1a0955;420.9;2.28;UNKNOWN
2016-04-11T01:47:44.000000;2016-04-11T01:47:44.000000;8c51576c-09db-4a43-ba06-58267319e27f;420.89;0.045;UNKNOWN
2016-04-11T01:48:19.000000;2016-04-11T01:48:19.000000;ddfe65ff-dc7e-4538-8699-c3f914444d1f;420.9;2.1;UNKNOWN
2016-04-11T01:49:46.000000;2016-04-11T01:49:46.000000;f0de83a9-db7e-4a62-bbd7-a4a84ae7a880;420.9;5.8666;UNKNOWN
2016-04-11T01:51:04.000000;2016-04-11T01:51:04.000000;5e276f6d-aa48-45dc-9beb-746bde8ae666;420.9;6.5;UNKNOWN
2016-04-11T01:53:51.000000;2016-04-11T01:53:51.000000;fc2b7cf9-a7d2-4ae2-9eeb-60327648cbf5;420.89;0.24997131;UNKNOWN
2016-04-11T01:54:35.000000;2016-04-11T01:54:35.000000;a3fc8600-f061-4d66-9e66-cfd16e29914f;420.9;4.81051711;UNKNOWN
2016-04-11T01:55:18.000000;2016-04-11T01:55:18.000000;cdb56654-610e-4352-b886-4f43bf8601c3;420.9;0.03505474;UNKNOWN
2016-04-11T01:56:37.000000;2016-04-11T01:56:37.000000;3234ad91-60be-4402-b2a4-cb8ee569f7a0;421.01;2.98;UNKNOWN
2016-04-11T01:57:06.000000;2016-04-11T01:57:06.000000;7ac42af9-371d-4ce5-aca9-5c235558f804;421.06;2.0;UNKNOWN
2016-04-11T01:57:11.000000;2016-04-11T01:57:11.000000;72a1515b-0179-4212-b93f-5fdca85fde17;421.1;0.045;UNKNOWN
2016-04-11T01:57:13.000000;2016-04-11T01:57:13.000000;b3824aec-29ff-4231-99ef-7d98202fd61e;421.18;0.70520865;UNKNOWN
2016-04-11T01:57:14.000000;2016-04-11T01:57:14.000000;96fc6373-75af-43ed-8ca7-8e195b3adbcb;421.18;0.70520865;UNKNOWN
2016-04-11T01:58:22.000000;2016-04-11T01:58:22.000000;e1bb5429-dd75-4519-a54e-11aee78d63b3;421.13;0.04759435;UNKNOWN
2016-04-11T01:58:28.000000;2016-04-11T01:58:28.000000;3500ef77-c88a-4323-82c5-570e389aeacc;421.14;0.82564613;UNKNOWN
2016-04-11T02:00:16.000000;2016-04-11T02:00:16.000000;9c7d149b-310a-4d58-986e-489d1e28d43b;421.16;1.31589508;UNKNOWN
2016-04-11T02:02:34.000000;2016-04-11T02:02:34.000000;04cac7ef-dd01-4ce7-8e9e-faa50a262530;421.3;0.86;UNKNOWN
2016-04-11T02:03:59.000000;2016-04-11T02:03:59.000000;16a5dc38-6eae-4f4e-b402-da867b971d6a;421.33;0.056;UNKNOWN
2016-04-11T02:09:18.000000;2016-04-11T02:09:18.000000;8721490b-8e0f-487b-b534-caebab747b7c;421.33;1.1728191;UNKNOWN
2016-04-11T02:09:47.000000;2016-04-11T02:09:47.000000;b8a6aab8-8f8b-4f56-8717-011216cf2efe;421.33;1.5;UNKNOWN
2016-04-11T02:11:47.000000;2016-04-11T02:11:47.000000;7bce34d4-e65d-4411-8668-8faaf493a65e;421.4;0.06693332;UNKNOWN
2016-04-11T02:11:47.000000;2016-04-11T02:11:47.000000;bc6d13ae-398b-48d2-9936-b01a82ed614e;421.4;0.01776663;UNKNOWN
2016-04-11T02:11:47.000000;2016-04-11T02:11:47.000000;0d68e6e9-87ec-4392-9438-723c34ea2696;421.47;0.53277176;UNKNOWN
2016-04-11T02:11:47.000000;2016-04-11T02:11:47.000000;bfdb1826-be12-4fad-b6a9-a1d994d4be3e;421.4;0.1;UNKNOWN
2016-04-11T02:11:47.000000;2016-04-11T02:11:47.000000;4fbdf131-8ac7-440a-8caa-611aa3e7472e;421.4;0.01530005;UNKNOWN
2016-04-11T02:11:48.000000;2016-04-11T02:11:48.000000;b1d463b0-a7ee-40e3-938e-3e3893353569;421.47;0.01530005;UNKNOWN
2016-04-11T02:11:50.000000;2016-04-11T02:11:50.000000;270051bc-20a8-4a8b-8e41-d3a00cae4150;421.46;0.69970508;UNKNOWN
2016-04-11T02:13:04.000000;2016-04-11T02:13:04.000000;5cbb9def-a5ed-4d39-9058-1a5eebe2e97d;421.03;4.4427;UNKNOWN
2016-04-11T02:13:04.000000;2016-04-11T02:13:04.000000;99eee8ff-7536-4813-9567-39db1015d5dd;421.39;2.32;UNKNOWN
2016-04-11T02:13:04.000000;2016-04-11T02:13:04.000000;74e74b5b-ab9f-412b-848c-a16553111a7c;421.34;0.2373;UNKNOWN
2016-04-11T02:13:04.000000;2016-04-11T02:13:04.000000;4b887107-15b0-48b5-8de9-dcb01310b101;421.04;3.0;UNKNOWN
2016-04-11T02:14:32.000000;2016-04-11T02:14:32.000000;992b37d9-aefa-492d-9677-84cb4ac7b6fb;421.45;0.01;UNKNOWN
2016-04-11T02:19:04.000000;2016-04-11T02:19:04.000000;6e8bc6b6-6fc5-4fff-96ca-2d13f6fe6905;421.4;2.32;UNKNOWN
2016-04-11T02:19:04.000000;2016-04-11T02:19:04.000000;b8957822-7b75-4539-b852-374d7e9b16ef;420.99;0.04803108;UNKNOWN
2016-04-11T02:19:04.000000;2016-04-11T02:19:04.000000;9c0dad7a-d28a-4ba5-aee1-ff69a094476b;421.0;3.0;UNKNOWN
2016-04-11T02:19:43.000000;2016-04-11T02:19:43.000000;f383ff21-fb28-43e6-913b-ec904b2191ea;420.97;0.0397;UNKNOWN
2016-04-11T02:23:04.000000;2016-04-11T02:23:04.000000;78cc76c7-b94c-41f5-809b-774f5b006350;421.03;0.71224412;UNKNOWN
2016-04-11T02:24:04.000000;2016-04-11T02:24:04.000000;b84fd3b9-45f7-4967-8746-1e80db24b232;421.2;0.77;UNKNOWN
2016-04-11T02:24:04.000000;2016-04-11T02:24:04.000000;1fd0a2a7-f1c3-4b81-8d53-120061a60005;421.01;1.61;UNKNOWN
2016-04-11T02:25:04.000000;2016-04-11T02:25:04.000000;0f212cdb-660d-445d-93af-8818197a4f47;421.2;1.0;UNKNOWN
2016-04-11T02:25:33.000000;2016-04-11T02:25:33.000000;8d724b73-0763-489e-8ab8-2037487d79ce;421.2;0.02;UNKNOWN
2016-04-11T02:26:42.000000;2016-04-11T02:26:42.000000;459d561c-f133-46d5-a734-ff2743917ed1;420.99;0.2;UNKNOWN
2016-04-11T02:28:04.000000;2016-04-11T02:28:04.000000;9dc46550-3d8f-4615-b5f8-97546ce21376;420.99;0.80721;UNKNOWN
2016-04-11T02:28:57.000000;2016-04-11T02:28:57.000000;ab95574c-fd0b-4841-8a04-077fcc7568c4;420.98;0.119;UNKNOWN
2016-04-11T02:29:04.000000;2016-04-11T02:29:04.000000;ec28478e-a9fc-4705-901a-4a2b57e6f561;420.99;0.69;UNKNOWN
2016-04-11T02:29:05.000000;2016-04-11T02:29:05.000000;96496252-5a74-48c7-b07c-a9cbd2057e32;421.2;0.31022771;UNKNOWN
2016-04-11T02:29:05.000000;2016-04-11T02:29:05.000000;38128aea-02bf-4e20-9444-a1dc51c592f0;420.99;0.046675;UNKNOWN
2016-04-11T02:30:05.000000;2016-04-11T02:30:05.000000;1c00bb67-5d3c-4fbd-9185-4e5677ddc320;421.2;0.0257;UNKNOWN
2016-04-11T02:32:15.000000;2016-04-11T02:32:15.000000;8d1bbed7-d3d6-4330-9d87-888563aaf1a4;421.2;0.045;UNKNOWN
2016-04-11T02:37:04.000000;2016-04-11T02:37:04.000000;8115ccc2-da4f-43ef-b738-33b62a7516d7;421.11;0.76583121;UNKNOWN
2016-04-11T02:39:01.000000;2016-04-11T02:39:01.000000;c5cd874d-b72d-49fd-96e4-5237b5a5cd69;421.2;0.045;UNKNOWN
2016-04-11T02:39:16.000000;2016-04-11T02:39:16.000000;e1152964-3798-4f42-aafa-710e87b87e5d;421.12;0.09;UNKNOWN
2016-04-11T02:41:11.000000;2016-04-11T02:41:11.000000;79968003-4fc1-44e1-8a5e-38d69437a134;421.12;0.11897459;UNKNOWN
2016-04-11T02:41:44.000000;2016-04-11T02:41:44.000000;4832f855-4d3b-4a3a-a2da-bdd4fd4f83df;421.12;0.045;UNKNOWN
2016-04-11T02:43:00.000000;2016-04-11T02:43:00.000000;c8833817-c91f-4795-991b-c3c40b054049;421.11;0.50960966;UNKNOWN
2016-04-11T02:43:02.000000;2016-04-11T02:43:02.000000;9600699a-7a4d-4220-9ae0-bb9b7c52fe95;421.11;0.0307069;UNKNOWN
2016-04-11T02:43:02.000000;2016-04-11T02:43:02.000000;c47d2799-f107-4f3a-9da3-9837c54b2fbc;421.11;0.0307655;UNKNOWN
2016-04-11T02:43:03.000000;2016-04-11T02:43:03.000000;79abc72b-868c-4710-9165-6c3a26232474;421.11;0.47455243;UNKNOWN
2016-04-11T02:43:03.000000;2016-04-11T02:43:03.000000;3087bea8-fbdd-4da5-bc99-7782ea1ad466;421.11;0.03071011;UNKNOWN
2016-04-11T02:43:04.000000;2016-04-11T02:43:04.000000;ec5e7c9c-d9b2-4296-bed8-92719dbda9e3;421.11;0.50960966;UNKNOWN
2016-04-11T02:43:04.000000;2016-04-11T02:43:04.000000;5d8d3d4b-1a5d-40c1-a3f3-a89581cf0a55;421.11;0.31034392;UNKNOWN
2016-04-11T02:43:05.000000;2016-04-11T02:43:05.000000;ca4801ff-cd37-41b7-9c5a-2261a7c02a72;421.11;0.50960966;UNKNOWN
2016-04-11T02:43:06.000000;2016-04-11T02:43:06.000000;b50f83e8-e6ba-4593-806c-88e3b109769e;421.11;0.13829172;UNKNOWN
2016-04-11T02:43:07.000000;2016-04-11T02:43:07.000000;f2bbe736-5eb5-4a91-962f-66890d988c02;421.11;0.67552241;UNKNOWN
2016-04-11T02:43:07.000000;2016-04-11T02:43:07.000000;e6bd32f6-f937-418a-babe-00a32783eea3;421.11;0.02068632;UNKNOWN
2016-04-11T02:43:09.000000;2016-04-11T02:43:09.000000;0714b06d-08ae-4174-9fbd-c816cc66b797;421.11;0.02068632;UNKNOWN
2016-04-11T02:43:09.000000;2016-04-11T02:43:09.000000;15e1d2df-1fbb-4fed-be69-67293f6e7b8e;421.11;0.09113008;UNKNOWN
2016-04-11T02:43:20.000000;2016-04-11T02:43:20.000000;d4fac1b8-579c-49e5-94b9-4d25c6abe4c6;421.11;0.03484919;UNKNOWN
2016-04-11T02:43:20.000000;2016-04-11T02:43:20.000000;e883a4b8-a0a3-4c04-9a87-b93fb4b425dc;421.11;0.03484878;UNKNOWN
2016-04-11T02:44:20.000000;2016-04-11T02:44:20.000000;20b41003-5626-4835-97cd-82abf09f9041;421.11;7.72082479;UNKNOWN
2016-04-11T02:45:04.000000;2016-04-11T02:45:04.000000;a473aa00-8772-4542-9e9f-45b3e4c5ed02;421.12;0.08035493;UNKNOWN
2016-04-11T02:46:01.000000;2016-04-11T02:46:01.000000;561ec2e5-ed1e-4da9-ade0-57d02d073e79;421.11;0.03109586;UNKNOWN
2016-04-11T02:46:03.000000;2016-04-11T02:46:03.000000;7114aa78-05b1-442f-96dc-9acee86a1090;421.11;0.03109586;UNKNOWN
2016-04-11T02:46:04.000000;2016-04-11T02:46:04.000000;a9426e77-e252-4e20-8ea7-bfa865ce0b89;421.11;0.5379856;UNKNOWN
2016-04-11T02:46:04.000000;2016-04-11T02:46:04.000000;17de5202-e1b2-4e4d-8a0f-bc736298d398;421.11;0.03109586;UNKNOWN
2016-04-11T02:46:04.000000;2016-04-11T02:46:04.000000;89280046-1a0b-405b-a88e-4f1f2ee6f560;421.12;0.01;UNKNOWN
2016-04-11T02:52:31.000000;2016-04-11T02:52:31.000000;bf5287c8-431c-4243-97b8-4ef0e3800d71;421.11;0.15942215;UNKNOWN
2016-04-11T02:53:09.000000;2016-04-11T02:53:09.000000;e8064d2e-0c84-44b6-90b2-3ddf8f9158d7;421.11;5.0;UNKNOWN
2016-04-11T02:55:52.000000;2016-04-11T02:55:52.000000;49277e07-b9e8-41ae-8fe4-f1b4e693ed37;421.11;0.50158486;UNKNOWN
2016-04-11T03:00:19.000000;2016-04-11T03:00:19.000000;882de1e8-58fd-45de-a2d5-9ac2dd96999e;421.2;0.01;UNKNOWN
2016-04-11T03:00:19.000000;2016-04-11T03:00:19.000000;70d1660c-07bd-404f-84ae-5037c9dcc143;421.2;3.40675493;UNKNOWN
2016-04-11T03:00:19.000000;2016-04-11T03:00:19.000000;502a9b77-c65d-4771-aa34-243847fee476;421.17;0.01;UNKNOWN
2016-04-11T03:00:19.000000;2016-04-11T03:00:19.000000;6a6c90a9-1918-4306-93af-695b5bd3ce9a;421.15;0.01;UNKNOWN
2016-04-11T03:00:19.000000;2016-04-11T03:00:19.000000;001a1e96-27da-4e25-a493-3c72922747e5;421.12;0.56324507;UNKNOWN
2016-04-11T03:00:25.000000;2016-04-11T03:00:25.000000;f6dba267-3d02-46d4-8dba-ed018763de2b;421.2;5.0;UNKNOWN
2016-04-11T03:00:47.000000;2016-04-11T03:00:47.000000;b7995a89-89ac-41ec-bc79-9ee43358c558;421.2;0.97;UNKNOWN
2016-04-11T03:00:48.000000;2016-04-11T03:00:48.000000;222d7a46-23a9-42b1-803e-ba37d2623d07;421.11;0.2;UNKNOWN
2016-04-11T03:01:02.000000;2016-04-11T03:01:02.000000;89e4a6c8-8814-4e89-9300-f8bc7e60e47f;421.11;0.01744096;UNKNOWN
2016-04-11T03:01:18.000000;2016-04-11T03:01:18.000000;f8ac0c13-537e-4f21-abfa-b981927771bc;421.2;3.54;UNKNOWN
2016-04-11T03:02:00.000000;2016-04-11T03:02:00.000000;1b69762d-12ce-4f45-8dcd-8dc82f28f777;421.11;0.20685473;UNKNOWN
2016-04-11T03:02:51.000000;2016-04-11T03:02:51.000000;273a6b94-29af-4e5a-89d1-677fb1cc6e2b;421.11;1.0;UNKNOWN
2016-04-11T03:02:58.000000;2016-04-11T03:02:58.000000;cc8ddfd5-2d39-4bc3-86c9-cc7f7e2bd5fc;421.11;0.19961556;UNKNOWN
2016-04-11T03:03:26.000000;2016-04-11T03:03:26.000000;710cdd8f-733a-4f17-955e-a72727cc8e8b;421.2;1.813605;UNKNOWN
2016-04-11T03:03:56.000000;2016-04-11T03:03:56.000000;e46ccf11-6bf7-4190-af30-cd0b6333b308;421.11;0.15707167;UNKNOWN
2016-04-11T03:03:58.000000;2016-04-11T03:03:58.000000;d7cdd11b-91b2-4291-990a-e921674c2407;421.11;0.15707167;UNKNOWN
2016-04-11T03:06:02.000000;2016-04-11T03:06:02.000000;db6d09fa-f101-49a5-962a-7091769623fc;421.2;6.993231;UNKNOWN
2016-04-11T03:06:48.000000;2016-04-11T03:06:48.000000;66ade1de-00cc-42b8-9f1e-81052952f19b;421.11;0.47791932;UNKNOWN
2016-04-11T03:08:39.000000;2016-04-11T03:08:39.000000;8d37fb9a-a50c-4323-9ab2-dd00efef44a9;421.2;7.243816;UNKNOWN
2016-04-11T03:09:16.000000;2016-04-11T03:09:16.000000;6984395b-9bbe-41eb-a4f5-7a9e938103a8;421.02;0.01683512;UNKNOWN
2016-04-11T03:10:30.000000;2016-04-11T03:10:30.000000;9a37c1f4-73f5-4133-9ae2-98d14ea5b407;421.01;0.50107184;UNKNOWN
2016-04-11T03:10:30.000000;2016-04-11T03:10:30.000000;dc197003-409c-411e-a18c-8c99b30bbedd;421.01;0.01555135;UNKNOWN
2016-04-11T03:10:31.000000;2016-04-11T03:10:31.000000;0156f17e-ab4b-4170-a295-e9d15c9ed077;421.01;0.01555476;UNKNOWN
2016-04-11T03:10:31.000000;2016-04-11T03:10:31.000000;bd76dbfb-7c5c-4062-9d20-6504314195ab;421.01;0.33957398;UNKNOWN
2016-04-11T03:11:06.000000;2016-04-11T03:11:06.000000;1499bc38-5042-497f-9e13-decd14a14407;421.2;11.128506;UNKNOWN
2016-04-11T03:12:10.000000;2016-04-11T03:12:10.000000;2d4f6469-a38c-4ecc-b324-b4c20f8ebbed;421.19;0.01;UNKNOWN
2016-04-11T03:13:43.000000;2016-04-11T03:13:43.000000;2bb12a0d-a533-4822-98d8-1c32c056518d;421.2;11.857322;UNKNOWN
2016-04-11T03:16:04.000000;2016-04-11T03:16:04.000000;7b2c422f-21a4-4ee9-9540-48b9fa17d42e;421.16;0.92043149;UNKNOWN
2016-04-11T03:16:11.000000;2016-04-11T03:16:11.000000;b12ce58d-bb38-4245-ac5e-c2d44355056e;421.18;3.391575;UNKNOWN
2016-04-11T03:16:11.000000;2016-04-11T03:16:11.000000;4c40bbd4-c355-4707-a449-4087040f89f8;421.17;2.0;UNKNOWN
2016-04-11T03:18:42.000000;2016-04-11T03:18:42.000000;624007e7-06bc-482e-8ec3-1a307977c193;421.2;7.550626;UNKNOWN
2016-04-11T03:20:06.000000;2016-04-11T03:20:06.000000;2c096fa6-9a2b-44ee-b4ff-5e482b8dde73;421.09;1.26462198;UNKNOWN
2016-04-11T03:21:07.000000;2016-04-11T03:21:07.000000;7edba205-c49e-437d-af95-ad0709071086;421.2;12.028729;UNKNOWN
2016-04-11T03:21:34.000000;2016-04-11T03:21:34.000000;39af00f0-21f3-4859-8eec-e4ef50c43419;421.1;0.23795484;UNKNOWN
2016-04-11T03:23:23.000000;2016-04-11T03:23:23.000000;3a841fe5-927e-4194-8de2-1418725baa4b;421.19;1.0;UNKNOWN
2016-04-11T03:23:34.000000;2016-04-11T03:23:34.000000;7eddf558-c858-478b-becf-ebbd94164123;421.2;8.01232;UNKNOWN
2016-04-11T03:25:47.000000;2016-04-11T03:25:47.000000;a99197a0-8632-4b04-bdce-ab959949235c;421.2;1.5;UNKNOWN
2016-04-11T03:26:02.000000;2016-04-11T03:26:02.000000;f6bc496c-7ff6-4b41-af79-9f16cdf23fb6;421.2;2.96884456;UNKNOWN
2016-04-11T03:26:02.000000;2016-04-11T03:26:02.000000;a4e97b2f-d106-4e66-8ffe-58a2007d0bbb;421.3;0.015;UNKNOWN
2016-04-11T03:26:02.000000;2016-04-11T03:26:02.000000;1bc70b67-43a2-41fb-893b-9125d8a69bbe;421.43;2.00813544;UNKNOWN
2016-04-11T03:27:11.000000;2016-04-11T03:27:11.000000;4e3876c7-c74c-4a82-b960-b3cb4b8263bd;420.96;0.0880391;UNKNOWN
2016-04-11T03:27:18.000000;2016-04-11T03:27:18.000000;e92eccf7-3ae7-49d6-a291-cfbf2ed3a272;420.96;0.46769;UNKNOWN
2016-04-11T03:27:51.000000;2016-04-11T03:27:51.000000;cb82eb1a-2aee-411b-8b91-4ecd18fce10a;420.97;1.3;UNKNOWN
2016-04-11T03:28:08.000000;2016-04-11T03:28:08.000000;e8a0b54d-b32b-46e0-b211-16811ce56e71;421.11;0.02722917;UNKNOWN
2016-04-11T03:28:38.000000;2016-04-11T03:28:38.000000;d4ba857e-8ef2-4cc5-b7af-eb6e2b3b6238;421.45;1.368163;UNKNOWN
2016-04-11T03:28:38.000000;2016-04-11T03:28:38.000000;5c7c95ab-200e-4b4f-89f4-f18e0bb94ffb;421.45;5.9015;UNKNOWN
2016-04-11T03:31:16.000000;2016-04-11T03:31:16.000000;50f0c5a7-8a7c-4074-a253-5c5f2d38bbaa;421.4;5.9267;UNKNOWN
2016-04-11T03:31:16.000000;2016-04-11T03:31:16.000000;863545cf-f7fd-416b-b71b-4e7d211cddf1;421.46;3.17946;UNKNOWN
2016-04-11T03:32:29.000000;2016-04-11T03:32:29.000000;eb162e67-22ce-43b8-8ec8-e68358684505;420.98;5.8899;UNKNOWN
2016-04-11T03:32:29.000000;2016-04-11T03:32:29.000000;0b2ff0f9-629e-4907-8e7f-56cd0f3b7a87;420.97;1.6668916;UNKNOWN
2016-04-11T03:32:50.000000;2016-04-11T03:32:50.000000;5295dc10-becd-4067-98b0-fab0d746a8c3;420.91;0.09243305;UNKNOWN
2016-04-11T03:33:03.000000;2016-04-11T03:33:03.000000;ae2d2f0a-f53f-4983-a0ba-e0e5dd674a7f;420.91;0.11218332;UNKNOWN
2016-04-11T03:33:18.000000;2016-04-11T03:33:18.000000;4b36bec7-6dce-47c0-9dc2-b6d763c784a2;420.94;1.062238;UNKNOWN
2016-04-11T03:33:18.000000;2016-04-11T03:33:18.000000;fe49d195-4688-4143-8468-7663e1d51edd;420.9;0.0501679;UNKNOWN
2016-04-11T03:33:53.000000;2016-04-11T03:33:53.000000;cbe383e6-25d7-4c87-ac46-499faecf4228;421.47;1.062238;UNKNOWN
2016-04-11T03:34:04.000000;2016-04-11T03:34:04.000000;a8ee60ca-05a0-4fe6-bac2-2d952e29eb98;421.4;2.06076544;UNKNOWN
2016-04-11T03:34:04.000000;2016-04-11T03:34:04.000000;df54d44f-229e-4524-8061-b604703cc4ff;421.04;0.08094116;UNKNOWN
2016-04-11T03:36:30.000000;2016-04-11T03:36:30.000000;d8265fd6-55ad-494b-b20f-2d72b58fb6d6;421.49;1.514854;UNKNOWN
2016-04-11T03:36:30.000000;2016-04-11T03:36:30.000000;5bf0633d-e03c-4d73-a59f-c204788f9d23;421.48;5.8526;UNKNOWN
2016-04-11T03:36:30.000000;2016-04-11T03:36:30.000000;e0e56447-aa12-4ff3-98dc-e5a81c483828;421.48;1.0;UNKNOWN
2016-04-11T03:36:33.000000;2016-04-11T03:36:33.000000;d6223c67-ebce-4186-a7e8-d315e64e38cb;421.25;0.05;UNKNOWN
2016-04-11T03:36:33.000000;2016-04-11T03:36:33.000000;e602e421-28e1-4a2d-8c14-d30ace09cf48;421.25;0.05;UNKNOWN
2016-04-11T03:36:33.000000;2016-04-11T03:36:33.000000;ed15271e-86a4-4e74-8f69-5a881edd5e3d;421.22;0.03093423;UNKNOWN
2016-04-11T03:39:10.000000;2016-04-11T03:39:10.000000;e94e79af-5ea0-475f-9df7-8bbcde129dea;421.62;0.1;UNKNOWN
2016-04-11T03:39:10.000000;2016-04-11T03:39:10.000000;3b350303-3e00-46dd-84d3-9d206f615c8d;421.66;3.66289;UNKNOWN
2016-04-11T03:39:10.000000;2016-04-11T03:39:10.000000;d0d0b2a0-8bc5-4a4a-ba56-6dcf139392b4;421.59;0.1;UNKNOWN
2016-04-11T03:39:10.000000;2016-04-11T03:39:10.000000;f221c7c2-5f33-4df5-93d8-5da862c82e64;421.64;0.1;UNKNOWN
2016-04-11T03:39:10.000000;2016-04-11T03:39:10.000000;370148c4-67da-4d9d-a2c3-8919d6064139;421.66;5.8952;UNKNOWN
2016-04-11T03:39:10.000000;2016-04-11T03:39:10.000000;8a92fbe8-4369-4c95-9a25-fc0cd767b265;421.63;0.1;UNKNOWN
2016-04-11T03:39:10.000000;2016-04-11T03:39:10.000000;a8f20b96-887a-4849-a1d0-25bfe1729259;421.49;0.1;UNKNOWN
2016-04-11T03:39:10.000000;2016-04-11T03:39:10.000000;84e5422c-48ac-4468-ab46-754faa9b4689;421.49;0.01;UNKNOWN
2016-04-11T03:39:10.000000;2016-04-11T03:39:10.000000;885eee54-bfeb-4e02-9e61-7aa0adcd1404;421.49;5.015146;UNKNOWN
2016-04-11T03:39:10.000000;2016-04-11T03:39:10.000000;365dcd10-2422-494d-9f24-7a57c3d6421a;421.64;0.1;UNKNOWN
2016-04-11T03:41:43.000000;2016-04-11T03:41:43.000000;58048ae1-81f0-46b4-aef3-1d4e5d9fac23;421.67;1.152672;UNKNOWN
2016-04-11T03:44:13.000000;2016-04-11T03:44:13.000000;ba534a5b-2f8e-4330-a688-530b6a2a412f;421.68;4.375377;UNKNOWN
2016-04-11T03:44:13.000000;2016-04-11T03:44:13.000000;baa8a90e-1d3c-4672-8b06-e08d5daee90b;421.68;0.1;UNKNOWN
2016-04-11T03:46:41.000000;2016-04-11T03:46:41.000000;23dc6930-3fae-4266-bc21-c6027449b2a0;421.68;3.327582;UNKNOWN
2016-04-11T03:46:55.000000;2016-04-11T03:46:55.000000;41e5fa2e-1d24-40ea-9318-3ddac54f7791;421.65;0.1;UNKNOWN
2016-04-11T03:47:36.000000;2016-04-11T03:47:36.000000;2785bf49-c293-44b3-b31c-3539766e5ba6;421.65;0.1;UNKNOWN
2016-04-11T03:49:04.000000;2016-04-11T03:49:04.000000;b96f3ca9-384e-429f-bff0-60c1ea31cb47;421.66;2.0;UNKNOWN
2016-04-11T03:49:05.000000;2016-04-11T03:49:05.000000;9ccdb858-99f3-4f43-a610-ebdbc1aa8a8a;421.65;0.238;UNKNOWN
2016-04-11T03:49:05.000000;2016-04-11T03:49:05.000000;50f543ec-a68c-45ee-ae00-a22bca014d9b;421.65;0.16919191;UNKNOWN
2016-04-11T03:49:05.000000;2016-04-11T03:49:05.000000;b7e0b6df-ba96-41e3-96dd-f89b53a5f17f;421.65;0.038;UNKNOWN
2016-04-11T03:49:06.000000;2016-04-11T03:49:06.000000;f258fae9-2649-46fd-8111-e47abad75b69;421.68;1.02102709;UNKNOWN
2016-04-11T03:49:06.000000;2016-04-11T03:49:06.000000;d6b2a124-0bbc-4f21-8821-e3b37bd9d0b3;421.67;0.44519191;UNKNOWN
2016-04-11T03:50:05.000000;2016-04-11T03:50:05.000000;d6aac655-2a2e-41c0-a0e0-15cb6bab0421;421.65;0.239;UNKNOWN
2016-04-11T03:50:05.000000;2016-04-11T03:50:05.000000;247052ea-8a68-4cdd-9848-eb03d10c50f2;421.65;0.15183368;UNKNOWN
2016-04-11T03:50:05.000000;2016-04-11T03:50:05.000000;fac7b9c4-13b4-4d7d-8096-5d36efbfc718;421.65;0.02580809;UNKNOWN
2016-04-11T03:50:05.000000;2016-04-11T03:50:05.000000;b2028d08-13da-4fd4-9721-c92e5143de9e;421.65;0.238;UNKNOWN
2016-04-11T03:51:02.000000;2016-04-11T03:51:02.000000;ca7b061f-5a30-4efc-916d-3b9631d56720;421.65;0.09506278;UNKNOWN
2016-04-11T03:51:02.000000;2016-04-11T03:51:02.000000;00f99f3a-1a3c-42f2-8f22-d06c41b324bb;421.65;0.08316632;UNKNOWN
2016-04-11T03:51:03.000000;2016-04-11T03:51:03.000000;55efe1eb-16a2-4d23-a8d1-5a805cecc7fa;421.66;0.35772825;UNKNOWN
2016-04-11T03:51:04.000000;2016-04-11T03:51:04.000000;3783b30f-091f-4b64-9250-613fd138a7cc;421.65;0.11428368;UNKNOWN
2016-04-11T03:51:44.000000;2016-04-11T03:51:44.000000;54e85848-bafb-4656-8f7a-4ab7f62bc151;421.66;1.759896;UNKNOWN
2016-04-11T03:52:22.000000;2016-04-11T03:52:22.000000;8faa93fa-d0de-412f-b797-9f7aa38932ba;421.65;0.238;UNKNOWN
2016-04-11T03:52:22.000000;2016-04-11T03:52:22.000000;19797348-452d-48c8-8ebd-905425c7c3bf;421.65;0.02188941;UNKNOWN
2016-04-11T03:52:22.000000;2016-04-11T03:52:22.000000;54ca0c26-9016-4c7c-a984-5e1dd33d78a8;421.65;0.02765354;UNKNOWN
2016-04-11T03:54:24.000000;2016-04-11T03:54:24.000000;0af3fbaf-e637-4965-b66b-94ee4698e3cc;421.7;10.0;UNKNOWN
2016-04-11T03:54:24.000000;2016-04-11T03:54:24.000000;5e6fbcf7-7f52-4257-ad2a-1af54f77c1d8;421.75;4.021867;UNKNOWN
2016-04-11T03:54:24.000000;2016-04-11T03:54:24.000000;6ff548c2-f7de-4047-baae-500cd94e9391;421.7;18.0;UNKNOWN
2016-04-11T03:54:24.000000;2016-04-11T03:54:24.000000;4ab78aa6-b740-4e1c-847c-68d8c44ab107;421.7;0.1;UNKNOWN
2016-04-11T03:54:24.000000;2016-04-11T03:54:24.000000;acbcfd52-04b9-4dbb-9119-72a179288fe1;421.74;0.1;UNKNOWN
2016-04-11T03:54:24.000000;2016-04-11T03:54:24.000000;80194f61-85d5-4c8a-af9d-3c033de23d08;421.72;0.1;UNKNOWN
2016-04-11T03:54:24.000000;2016-04-11T03:54:24.000000;76da5e35-6cf9-47af-bee7-59e6a261d0ba;421.74;5.8695;UNKNOWN
2016-04-11T03:54:24.000000;2016-04-11T03:54:24.000000;f5409e43-01d4-4a9f-887e-73e155a56afe;421.7;0.1;UNKNOWN
2016-04-11T03:54:44.000000;2016-04-11T03:54:44.000000;08225f60-160a-466a-9c14-cbe7ba183197;421.69;0.1;UNKNOWN
2016-04-11T03:54:55.000000;2016-04-11T03:54:55.000000;f527f63b-24f9-4b52-8df1-bee62f7cceac;421.74;27.411911;UNKNOWN
2016-04-11T03:54:55.000000;2016-04-11T03:54:55.000000;2318b091-0ffd-4c53-99d5-84b3f1e7c88d;421.7;0.2;UNKNOWN
2016-04-11T03:55:17.000000;2016-04-11T03:55:17.000000;0840d8ea-43a3-4084-9dfb-6fd762057407;421.72;0.1;UNKNOWN
2016-04-11T03:55:18.000000;2016-04-11T03:55:18.000000;ff315486-26f4-41c0-93ea-5223ef120835;421.72;0.09375677;UNKNOWN
2016-04-11T03:55:35.000000;2016-04-11T03:55:35.000000;65598226-2758-4095-b095-f26aa4f81483;421.72;0.02595761;UNKNOWN
2016-04-11T03:55:35.000000;2016-04-11T03:55:35.000000;4ab81e92-a957-4cd4-9cac-a37176a945bd;421.72;0.237;UNKNOWN
2016-04-11T03:55:35.000000;2016-04-11T03:55:35.000000;03833695-84d5-4c6c-ad64-2838c6299f62;421.72;0.237;UNKNOWN
2016-04-11T03:55:36.000000;2016-04-11T03:55:36.000000;00f9e266-4d9a-49b5-9315-53e42df779b0;421.72;0.238;UNKNOWN
2016-04-11T03:55:36.000000;2016-04-11T03:55:36.000000;b8d8e937-482f-45ee-b976-7baf3988ad02;421.72;0.21204239;UNKNOWN
2016-04-11T03:55:36.000000;2016-04-11T03:55:36.000000;f265a9f2-1632-4733-b134-f5b30ab0d216;421.72;0.04991522;UNKNOWN
2016-04-11T03:55:37.000000;2016-04-11T03:55:37.000000;e769930b-127a-4c99-b71c-c48f309c4af5;421.72;0.238;UNKNOWN
2016-04-11T03:55:37.000000;2016-04-11T03:55:37.000000;7f160013-cf62-4a8a-9454-6932d762d22d;421.72;0.18808478;UNKNOWN
2016-04-11T03:55:37.000000;2016-04-11T03:55:37.000000;af2eff58-5277-4d3d-8780-6119c6cb42d0;421.72;0.07387283;UNKNOWN
2016-04-11T03:55:38.000000;2016-04-11T03:55:38.000000;28162dc6-62e0-474e-9392-e5fd73ac11d1;421.72;0.03533878;UNKNOWN
2016-04-11T03:55:39.000000;2016-04-11T03:55:39.000000;c737bfe8-fc03-4e64-bcd0-ec1d5c844650;421.72;0.03540251;UNKNOWN
2016-04-11T03:55:39.000000;2016-04-11T03:55:39.000000;0470191c-fd78-4fcf-a9ff-dafcc0a99515;421.72;0.03540251;UNKNOWN
2016-04-11T03:55:41.000000;2016-04-11T03:55:41.000000;d05006e4-67da-4bc1-9144-8ef742470f3d;421.72;0.05598337;UNKNOWN
2016-04-11T03:55:41.000000;2016-04-11T03:55:41.000000;e9884eb3-0a20-4934-b7cf-9f2b15a7428e;421.72;0.04401663;UNKNOWN
2016-04-11T03:56:44.000000;2016-04-11T03:56:44.000000;db4c7a97-f3df-4c0b-88c3-ed594ae6d7b2;421.72;0.06954693;UNKNOWN
2016-04-11T03:56:44.000000;2016-04-11T03:56:44.000000;95db2036-4254-496a-bb16-0b0ae02ce435;421.72;0.237;UNKNOWN
2016-04-11T03:56:44.000000;2016-04-11T03:56:44.000000;c4a324f0-d902-48df-b951-fc687e08735f;421.72;0.19398337;UNKNOWN
2016-04-11T03:56:45.000000;2016-04-11T03:56:45.000000;09400563-1eb1-4cb2-9426-417825880d2f;421.72;0.02318763;UNKNOWN
2016-04-11T03:56:45.000000;2016-04-11T03:56:45.000000;313722ec-d23f-4e4e-82c1-f089e55b828e;421.72;0.239;UNKNOWN
2016-04-11T03:56:45.000000;2016-04-11T03:56:45.000000;a14e737d-bd55-44f5-a825-79b8557ffff2;421.72;0.238;UNKNOWN
2016-04-11T03:56:45.000000;2016-04-11T03:56:45.000000;0b1905fa-9d9b-4f32-9ebf-ebbbf7fe0d22;421.72;0.00034267;UNKNOWN
2016-04-11T03:56:45.000000;2016-04-11T03:56:45.000000;d3369e4b-e026-4af8-a0c0-43bf84aa1e11;421.72;0.16945307;UNKNOWN
2016-04-11T03:56:45.000000;2016-04-11T03:56:45.000000;a7e112a1-a817-47cd-8b84-28aa85f9bbb5;421.72;0.23765733;UNKNOWN
2016-04-11T03:56:46.000000;2016-04-11T03:56:46.000000;b262c8ba-403a-4cdb-8eb9-472b9236b982;421.72;0.19419916;UNKNOWN
2016-04-11T03:56:46.000000;2016-04-11T03:56:46.000000;07908aef-451f-4e35-a6e2-72d0362bbdb1;421.72;0.21381237;UNKNOWN
2016-04-11T03:57:46.000000;2016-04-11T03:57:46.000000;a5607a62-ae46-4aa4-810b-8510e7536595;421.75;0.641;UNKNOWN
2016-04-11T03:57:46.000000;2016-04-11T03:57:46.000000;5c859adf-295a-421d-acc1-0cb8b569befe;421.73;0.2;UNKNOWN
2016-04-11T03:58:03.000000;2016-04-11T03:58:03.000000;68fd993c-1a8a-42df-9b67-fe4fd2ee8f73;421.72;0.04280084;UNKNOWN
2016-04-11T03:58:03.000000;2016-04-11T03:58:03.000000;983bbc34-30c5-4b61-940d-43a146dc3def;421.72;0.06112057;UNKNOWN
2016-04-11T03:58:07.000000;2016-04-11T03:58:07.000000;c6363dc8-4782-4067-9064-14073e7fa667;421.72;0.19104876;UNKNOWN
2016-04-11T03:58:07.000000;2016-04-11T03:58:07.000000;05df739c-4076-4eb2-8879-ac5c4b97bd30;421.72;0.237;UNKNOWN
2016-04-11T03:58:07.000000;2016-04-11T03:58:07.000000;035a12e0-bdfd-4344-975a-8ef4377ca54e;421.72;0.10392141;UNKNOWN
2016-04-11T03:58:07.000000;2016-04-11T03:58:07.000000;a787aa11-c6c9-49bd-983a-970699bb7c0d;421.72;0.07395802;UNKNOWN
2016-04-11T03:58:09.000000;2016-04-11T03:58:09.000000;7d088804-65e4-4a2a-b8c8-3542dfdbdce3;421.72;0.01562487;UNKNOWN
2016-04-11T03:58:09.000000;2016-04-11T03:58:09.000000;b4337886-295e-4903-9d00-254636392710;421.72;0.07159504;UNKNOWN
2016-04-11T03:58:09.000000;2016-04-11T03:58:09.000000;adada2d0-cbb8-437e-8648-0ab3b31e523d;421.72;0.03232637;UNKNOWN
2016-04-11T03:58:11.000000;2016-04-11T03:58:11.000000;803de626-1c68-4101-8a79-597ec65ac941;421.72;0.05850913;UNKNOWN
2016-04-11T03:58:14.000000;2016-04-11T03:58:14.000000;10eeea30-e063-473f-8610-b635a6c4a4ed;421.72;0.05858025;UNKNOWN
2016-04-11T03:58:16.000000;2016-04-11T03:58:16.000000;2dfbb829-8448-443b-b9f2-450aaa7e0da1;421.72;0.05131558;UNKNOWN
2016-04-11T03:58:16.000000;2016-04-11T03:58:16.000000;4de62061-2799-4952-886e-8489126e7ac0;421.72;0.00719355;UNKNOWN
2016-04-11T03:58:17.000000;2016-04-11T03:58:17.000000;382ae352-4ae4-441f-a34b-881693a70e71;421.72;0.04704864;UNKNOWN
2016-04-11T03:58:18.000000;2016-04-11T03:58:18.000000;17a78cef-55ba-416d-a490-1692448a15b9;421.72;0.05858025;UNKNOWN
2016-04-11T03:58:24.000000;2016-04-11T03:58:24.000000;6665b8a7-3249-478c-885b-d4e45e34447b;421.72;0.05858025;UNKNOWN
2016-04-11T03:58:26.000000;2016-04-11T03:58:26.000000;4f0d9a77-7988-4354-9263-f85298efbbfd;421.72;0.05858025;UNKNOWN
2016-04-11T03:58:29.000000;2016-04-11T03:58:29.000000;36bab77b-2f6a-4a3e-ac34-ca8ad11b71b5;421.72;0.05056319;UNKNOWN
2016-04-11T03:58:29.000000;2016-04-11T03:58:29.000000;21881ece-1afd-42c4-9c39-4f4d9b74c9d1;421.72;0.00801706;UNKNOWN
2016-04-11T03:58:31.000000;2016-04-11T03:58:31.000000;77ff5bbb-1058-48b5-9a56-6aea37574352;421.72;0.18743681;UNKNOWN
2016-04-11T03:58:31.000000;2016-04-11T03:58:31.000000;c00cf659-da28-4e08-96f3-5af64939eb0c;421.72;0.02111733;UNKNOWN
2016-04-11T03:59:04.000000;2016-04-11T03:59:04.000000;1d23cee4-9085-4f89-8a89-ce73e87d816b;421.72;0.03;UNKNOWN
2016-04-11T03:59:49.000000;2016-04-11T03:59:49.000000;71c411f2-1fde-4354-b562-6cf1c2b4b622;421.75;13.0;UNKNOWN
2016-04-11T04:00:01.000000;2016-04-11T04:00:01.000000;ddc46b27-2bc0-4b1e-ad3e-02bf907ac8b4;421.72;0.01649085;UNKNOWN
2016-04-11T04:04:19.000000;2016-04-11T04:04:19.000000;cafd1919-e090-4cd1-9a4a-9a2cbc29e10e;421.72;0.1;UNKNOWN
2016-04-11T04:10:34.000000;2016-04-11T04:10:34.000000;3fe28cca-6f28-4bc7-84c7-c7d098cab903;421.75;0.16553145;UNKNOWN
2016-04-11T04:10:34.000000;2016-04-11T04:10:34.000000;b8e057d6-245d-4286-a7b0-d304aaf04e58;421.75;0.337133;UNKNOWN
2016-04-11T04:11:03.000000;2016-04-11T04:11:03.000000;951fe59d-156e-4f23-aa9f-61e570d679a0;421.72;0.05239182;UNKNOWN
2016-04-11T04:11:03.000000;2016-04-11T04:11:03.000000;e37ce201-cd0f-4308-acf1-3fe17c016c38;421.72;0.238;UNKNOWN
2016-04-11T04:11:03.000000;2016-04-11T04:11:03.000000;6487961a-0b36-4684-a6e2-fb9d32540fc4;421.72;0.11500818;UNKNOWN
2016-04-11T04:11:03.000000;2016-04-11T04:11:03.000000;ab07f585-3db9-4d60-98c4-96408348d316;421.72;0.18560818;UNKNOWN
2016-04-11T04:11:03.000000;2016-04-11T04:11:03.000000;b6aae7ae-fd87-41b4-bac4-8772b48d93d5;421.72;0.07039182;UNKNOWN
2016-04-11T04:11:03.000000;2016-04-11T04:11:03.000000;d31903ef-4bc1-49c7-a6e1-cbaa072bd241;421.72;0.238;UNKNOWN
2016-04-11T04:11:03.000000;2016-04-11T04:11:03.000000;d072c9d1-6249-4ebd-b9ba-07389ebd3159;421.72;0.217;UNKNOWN
2016-04-11T04:11:03.000000;2016-04-11T04:11:03.000000;0988dc05-9293-403e-b266-0931daf38aba;421.72;0.238;UNKNOWN
2016-04-11T04:11:03.000000;2016-04-11T04:11:03.000000;d14345d7-8cbd-43cb-b544-c34264262b0b;421.72;0.236;UNKNOWN
2016-04-11T04:11:03.000000;2016-04-11T04:11:03.000000;557ecca0-bd99-4ca1-b5fc-2c64619721b4;421.72;0.39;UNKNOWN
2016-04-11T04:11:03.000000;2016-04-11T04:11:03.000000;7bd1c085-4d62-49d6-961c-8c9a17b52671;421.72;0.237;UNKNOWN
2016-04-11T04:17:02.000000;2016-04-11T04:17:02.000000;70939623-aa5c-4efe-9a19-f46eb9c98b0a;421.72;0.07855118;UNKNOWN
2016-04-11T04:17:11.000000;2016-04-11T04:17:11.000000;55a6950d-fbf3-4b62-9ea8-6de8fa84c1dc;421.72;0.04444064;UNKNOWN
2016-04-11T04:17:11.000000;2016-04-11T04:17:11.000000;dacc85d9-adc3-47af-91ac-24a1d2be0cee;421.72;0.239;UNKNOWN
2016-04-11T04:17:11.000000;2016-04-11T04:17:11.000000;ea2b04a4-c1b7-4d0c-bc47-2eac3bc1b31f;421.72;0.18225405;UNKNOWN
2016-04-11T04:18:44.000000;2016-04-11T04:18:44.000000;cc1d08c0-5f3d-421c-b87c-458462462d50;421.72;0.05474595;UNKNOWN
2016-04-11T04:18:44.000000;2016-04-11T04:18:44.000000;afd48719-daf4-4901-a672-1b9c3ef4bb2d;421.72;0.04525405;UNKNOWN
2016-04-11T04:22:02.000000;2016-04-11T04:22:02.000000;8fcf2900-a4ee-4e44-93ec-92f0aee92acc;421.72;0.1;UNKNOWN
2016-04-11T04:24:54.000000;2016-04-11T04:24:54.000000;4fc7e572-dfe0-4787-bfa2-68d8ef3d7c47;421.72;0.239;UNKNOWN
2016-04-11T04:24:54.000000;2016-04-11T04:24:54.000000;f18ec128-210d-410b-baa6-bc70647129f8;421.72;0.239;UNKNOWN
2016-04-11T04:24:54.000000;2016-04-11T04:24:54.000000;21905eec-e4f8-4780-b4ba-f305c083dc0e;421.72;0.238;UNKNOWN
2016-04-11T04:24:54.000000;2016-04-11T04:24:54.000000;e6bb9045-71a4-4a9d-b779-44940c41f36a;421.72;0.238;UNKNOWN
2016-04-11T04:24:54.000000;2016-04-11T04:24:54.000000;06c261ab-56ca-43fb-bff1-44fade3c6ceb;421.72;0.238;UNKNOWN
2016-04-11T04:24:54.000000;2016-04-11T04:24:54.000000;3950dbff-4c94-4a80-b639-cb2e551e0cdb;421.72;0.09274595;UNKNOWN
2016-04-11T04:24:54.000000;2016-04-11T04:24:54.000000;ba331d3d-d063-4bf7-b8b5-c7f0c1a09210;421.72;0.11388812;UNKNOWN
2016-04-11T04:24:54.000000;2016-04-11T04:24:54.000000;ae22e24b-f796-44d4-9f78-cf1e4d62efe7;421.72;0.239;UNKNOWN
2016-04-11T04:24:54.000000;2016-04-11T04:24:54.000000;f96846c9-9d28-456b-816c-38b2bd771802;421.72;0.239;UNKNOWN
2016-04-11T04:24:54.000000;2016-04-11T04:24:54.000000;ce95b4d7-fc42-435f-b1bc-343f865fb3ba;421.72;0.238;UNKNOWN
2016-04-11T04:26:34.000000;2016-04-11T04:26:34.000000;a8fc24de-7d49-4d55-8d5d-bfdf71ad2ce1;421.73;1.5025;UNKNOWN
2016-04-11T04:26:34.000000;2016-04-11T04:26:34.000000;0894cc3a-514f-4fdd-a603-7f1c82d0da03;421.73;0.2;UNKNOWN
2016-04-11T04:32:22.000000;2016-04-11T04:32:22.000000;9aaa8800-8b24-40fe-9872-3f3f6501c54b;421.72;0.12511188;UNKNOWN
2016-04-11T04:32:22.000000;2016-04-11T04:32:22.000000;eb3d20ba-5876-45bc-8c0c-5ab94c221faa;421.72;0.06252586;UNKNOWN
2016-04-11T04:34:03.000000;2016-04-11T04:34:03.000000;9ebfb3da-0d08-4ef2-84fd-90132b9954b7;421.72;0.239;UNKNOWN
2016-04-11T04:34:03.000000;2016-04-11T04:34:03.000000;8faa7d7f-7252-4003-a0d4-e650177fcf98;421.72;0.239;UNKNOWN
2016-04-11T04:34:03.000000;2016-04-11T04:34:03.000000;abc46b36-1a0b-41ce-853e-a5412719f88c;421.72;0.391;UNKNOWN
2016-04-11T04:34:03.000000;2016-04-11T04:34:03.000000;1622b516-f101-46de-8d19-eff116ab0f07;421.72;0.237;UNKNOWN
2016-04-11T04:34:03.000000;2016-04-11T04:34:03.000000;2779c06b-f1c0-4762-8ea9-40e480ac09d2;421.72;0.236;UNKNOWN
2016-04-11T04:34:03.000000;2016-04-11T04:34:03.000000;49df776a-06ad-4600-82ca-0a9e4bd34d69;421.72;0.239;UNKNOWN
2016-04-11T04:34:03.000000;2016-04-11T04:34:03.000000;94748848-4520-47d6-a5cd-6124e76a9fa3;421.72;0.238;UNKNOWN
2016-04-11T04:34:03.000000;2016-04-11T04:34:03.000000;96b069e9-c009-4338-ac7a-8e917bb76537;421.72;0.24;UNKNOWN
2016-04-11T04:34:03.000000;2016-04-11T04:34:03.000000;d370b9be-c415-4410-a36c-bc3bff560a91;421.72;0.239;UNKNOWN
2016-04-11T04:34:03.000000;2016-04-11T04:34:03.000000;a444ffc1-c301-4a43-a2c8-1d1f1b27dbbd;421.72;0.238;UNKNOWN
2016-04-11T04:34:03.000000;2016-04-11T04:34:03.000000;a9410a12-70e9-4626-8974-4fbe7b908bb9;421.72;0.239;UNKNOWN
2016-04-11T04:34:03.000000;2016-04-11T04:34:03.000000;2b160d64-0390-4940-bab5-9861c2f40717;421.72;0.17447414;UNKNOWN
2016-04-11T04:34:03.000000;2016-04-11T04:34:03.000000;2205bc8c-749e-47fc-80b5-74fa47196549;421.72;0.238;UNKNOWN
2016-04-11T04:34:03.000000;2016-04-11T04:34:03.000000;6233686d-9de5-4e39-b2e3-b10d447cbf2e;421.72;0.14252586;UNKNOWN
2016-04-11T04:34:03.000000;2016-04-11T04:34:03.000000;e6e648d6-edd2-4f7e-854e-ed15792dd8e9;421.72;0.239;UNKNOWN
2016-04-11T04:34:03.000000;2016-04-11T04:34:03.000000;b425818b-61b3-4f24-81e3-e12f1a19f39c;421.72;0.238;UNKNOWN
2016-04-11T04:34:03.000000;2016-04-11T04:34:03.000000;1c21cd68-5587-47f3-87c3-fd1e545a5626;421.72;0.239;UNKNOWN
2016-04-11T04:34:03.000000;2016-04-11T04:34:03.000000;12a92e2b-28f3-47d8-af3d-27668b9b0b40;421.72;0.238;UNKNOWN
2016-04-11T04:34:03.000000;2016-04-11T04:34:03.000000;8a979234-af6e-40ee-ba7a-a91ef8ad0655;421.72;0.239;UNKNOWN
2016-04-11T04:34:03.000000;2016-04-11T04:34:03.000000;70e25711-29d1-4544-a1ca-9f15fbf6c561;421.72;0.238;UNKNOWN
2016-04-11T04:34:03.000000;2016-04-11T04:34:03.000000;7b225bd5-7cdd-43b6-8203-e5071f4babb4;421.72;0.239;UNKNOWN
2016-04-11T04:39:08.000000;2016-04-11T04:39:08.000000;034aefd3-ee54-4ead-9aee-89b8a75cac07;421.73;0.10282194;UNKNOWN
2016-04-11T04:39:10.000000;2016-04-11T04:39:10.000000;4cf99d4c-dcbb-473d-9d5f-baee41ec5fdf;421.73;0.10282194;UNKNOWN
2016-04-11T04:39:11.000000;2016-04-11T04:39:11.000000;24934735-8975-41bd-afad-27d6b0de67b2;421.73;0.10282194;UNKNOWN
2016-04-11T04:39:12.000000;2016-04-11T04:39:12.000000;6c602e3b-292c-4b13-98a0-c8ee4b646b21;421.73;0.10282194;UNKNOWN
2016-04-11T04:40:22.000000;2016-04-11T04:40:22.000000;0ed3216e-66e3-4960-b38e-256eaa92f684;421.72;0.02364;UNKNOWN
2016-04-11T04:43:03.000000;2016-04-11T04:43:03.000000;db1fc836-af71-4db8-86a6-0daf7d722b52;421.72;0.239;UNKNOWN
2016-04-11T04:43:03.000000;2016-04-11T04:43:03.000000;bc5edfdc-fd97-4c69-a7c8-b4405a6c7e15;421.72;0.239;UNKNOWN
2016-04-11T04:43:03.000000;2016-04-11T04:43:03.000000;ba3c9db5-d0a5-431d-ac5a-02ce298e66a6;421.72;0.239;UNKNOWN
2016-04-11T04:43:03.000000;2016-04-11T04:43:03.000000;be6cac7a-6e5c-42cf-b8e6-77fab6f20d4d;421.72;0.01916586;UNKNOWN
2016-04-11T04:43:03.000000;2016-04-11T04:43:03.000000;950e68f1-08a0-44d4-a9fe-934a3a41dd3a;421.72;0.239;UNKNOWN
2016-04-11T04:43:03.000000;2016-04-11T04:43:03.000000;b34c8b12-990b-482a-bbdf-86896d1165da;421.72;0.238;UNKNOWN
2016-04-11T04:43:03.000000;2016-04-11T04:43:03.000000;d98fc1bb-04af-4a3c-8508-df9cb8e22730;421.72;0.238;UNKNOWN
2016-04-11T04:43:03.000000;2016-04-11T04:43:03.000000;769f3c04-ac6e-49a1-b143-f024e8cfd281;421.72;0.07083414;UNKNOWN
2016-04-11T04:43:03.000000;2016-04-11T04:43:03.000000;d767c58c-54e6-4be1-82c3-643e5a45dbdb;421.72;0.24;UNKNOWN
2016-04-11T04:43:03.000000;2016-04-11T04:43:03.000000;16c96153-4d61-4ecc-a3a4-d1fa0d06af66;421.72;0.238;UNKNOWN
2016-04-11T04:52:22.000000;2016-04-11T04:52:22.000000;ab0e8c8e-652d-47a9-94b7-737036b8bd6b;421.72;0.239;UNKNOWN
2016-04-11T04:52:22.000000;2016-04-11T04:52:22.000000;4f5bbdfd-9dd1-4d50-bee6-84188e0a4fa9;421.72;0.239;UNKNOWN
2016-04-11T04:52:22.000000;2016-04-11T04:52:22.000000;0ec09299-5ac1-4a87-9987-bde9c77d38b7;421.72;0.238;UNKNOWN
2016-04-11T04:52:22.000000;2016-04-11T04:52:22.000000;d0821fa2-58a0-4209-8a6f-ed178df06e24;421.72;0.237;UNKNOWN
2016-04-11T04:52:22.000000;2016-04-11T04:52:22.000000;2ca48219-b42e-4a86-8c28-a553d630a440;421.72;0.239;UNKNOWN
2016-04-11T04:52:22.000000;2016-04-11T04:52:22.000000;62e8f272-ab43-4bd3-9dca-2357dfcb6c75;421.72;0.239;UNKNOWN
2016-04-11T04:52:22.000000;2016-04-11T04:52:22.000000;4ff589d8-04d8-42fc-b1b5-0472ec81c24a;421.72;0.24;UNKNOWN
2016-04-11T04:52:22.000000;2016-04-11T04:52:22.000000;0bbc5535-f5e9-4e03-bfe2-4092affc67fe;421.72;0.21883414;UNKNOWN
2016-04-11T04:52:22.000000;2016-04-11T04:52:22.000000;d1778686-01fd-439c-9b7b-ef18161843ae;421.72;0.23311478;UNKNOWN
2016-04-11T04:52:22.000000;2016-04-11T04:52:22.000000;73ca6553-f9d6-4351-ae35-03818c268685;421.72;0.238;UNKNOWN
2016-04-11T04:52:22.000000;2016-04-11T04:52:22.000000;e288cb7e-7d19-4f30-aace-7e47fd8a8267;421.72;0.238;UNKNOWN
2016-04-11T04:52:22.000000;2016-04-11T04:52:22.000000;926b5a64-476b-441a-a947-bf7f1cfae555;421.72;0.237;UNKNOWN
2016-04-11T04:52:22.000000;2016-04-11T04:52:22.000000;10946b7c-d713-4196-9c31-746562529c85;421.72;0.239;UNKNOWN
2016-04-11T04:52:22.000000;2016-04-11T04:52:22.000000;dc3c3fc5-6d38-4d53-9fb4-9e1d73c1d654;421.72;0.239;UNKNOWN
2016-04-11T04:52:22.000000;2016-04-11T04:52:22.000000;c89f93b0-a178-4b54-b74f-0857f9ee0350;421.72;0.24;UNKNOWN
2016-04-11T04:52:22.000000;2016-04-11T04:52:22.000000;8ca100a6-96cb-401c-85a0-428183e2a34e;421.72;0.238;UNKNOWN
2016-04-11T04:52:22.000000;2016-04-11T04:52:22.000000;d6091149-bb55-4015-9176-24d55a3cf2b6;421.7;3.0;UNKNOWN
2016-04-11T04:52:22.000000;2016-04-11T04:52:22.000000;3348fd4e-3155-4e5b-9922-ab081669427c;421.72;0.00688522;UNKNOWN
2016-04-11T04:52:22.000000;2016-04-11T04:52:22.000000;4b85fac1-fccd-4c3b-ad3d-38f9ffbe8cac;421.72;0.391;UNKNOWN
2016-04-11T04:52:22.000000;2016-04-11T04:52:22.000000;30f0bcbf-8510-4cb1-b0b1-1214be2eeb51;421.72;0.239;UNKNOWN
2016-04-11T04:52:22.000000;2016-04-11T04:52:22.000000;460ef50c-eb5b-4332-b41c-19f173dacfb3;421.72;0.239;UNKNOWN
2016-04-11T04:52:22.000000;2016-04-11T04:52:22.000000;4dedebf2-2772-4ff0-a998-03e607106ee9;421.72;0.238;UNKNOWN
2016-04-11T04:52:22.000000;2016-04-11T04:52:22.000000;566adf05-ce6b-4f65-a871-b24b994fd4f5;421.72;0.24;UNKNOWN
2016-04-11T04:52:22.000000;2016-04-11T04:52:22.000000;73104c23-f056-4de0-91bf-c6bea57a1845;421.72;0.238;UNKNOWN
2016-04-11T04:52:22.000000;2016-04-11T04:52:22.000000;1d9bfc22-411e-467d-9d75-f864a49611c5;421.72;0.239;UNKNOWN
2016-04-11T04:52:22.000000;2016-04-11T04:52:22.000000;454ccce1-b997-483e-9f3d-92ff86561bad;421.72;0.241;UNKNOWN
2016-04-11T04:52:22.000000;2016-04-11T04:52:22.000000;9a6314c6-1063-44b6-912f-c2203bf54b7e;421.72;0.238;UNKNOWN
2016-04-11T04:52:22.000000;2016-04-11T04:52:22.000000;b1eb8943-c73c-4ea7-9210-6428af60336b;421.72;0.237;UNKNOWN
2016-04-11T04:52:22.000000;2016-04-11T04:52:22.000000;80ee6e78-c76e-41b4-958c-7643301544ae;421.72;0.239;UNKNOWN
2016-04-11T04:52:22.000000;2016-04-11T04:52:22.000000;73ac039c-4efd-4395-a299-22d181733604;421.72;0.238;UNKNOWN
2016-04-11T04:52:22.000000;2016-04-11T04:52:22.000000;f301a43b-f0ca-4382-8ee8-97623a86d238;421.72;0.24;UNKNOWN
2016-04-11T04:52:22.000000;2016-04-11T04:52:22.000000;4cd80a74-fbba-423e-973d-e869c089e9e1;421.72;0.239;UNKNOWN
2016-04-11T04:52:22.000000;2016-04-11T04:52:22.000000;4f1edc3d-aa64-4deb-ad70-84aa162a854c;421.72;0.239;UNKNOWN
2016-04-11T04:52:45.000000;2016-04-11T04:52:45.000000;5f57ff8c-a164-43a4-8483-19c0c1df418d;421.24;0.44519191;UNKNOWN
2016-04-11T04:52:45.000000;2016-04-11T04:52:45.000000;91cd349b-fffe-4009-a5a3-b160acb892d2;421.24;0.03047988;UNKNOWN
2016-04-11T04:56:22.000000;2016-04-11T04:56:22.000000;2f873d23-a2bf-461c-af9f-8b6ee0bd55bf;421.3;0.0238;UNKNOWN
2016-04-11T04:58:22.000000;2016-04-11T04:58:22.000000;4ee49f8b-2a9d-48fc-8edc-f288069a4ab5;421.35;0.239;UNKNOWN
2016-04-11T04:58:22.000000;2016-04-11T04:58:22.000000;c7b8bb67-1749-4414-ba96-b82a818c979c;421.35;0.11545;UNKNOWN
2016-04-11T05:01:53.000000;2016-04-11T05:01:53.000000;a957869e-7826-49e8-8d20-e6eab8c5555d;421.69;0.09045979;UNKNOWN
2016-04-11T05:06:28.000000;2016-04-11T05:06:28.000000;ca75a65d-0ec0-4784-87b2-da659b75d00b;421.71;0.134207;UNKNOWN
2016-04-11T05:06:31.000000;2016-04-11T05:06:31.000000;28b76118-6f89-405f-905b-0d7562126caf;421.71;0.134207;UNKNOWN
2016-04-11T05:06:38.000000;2016-04-11T05:06:38.000000;6349e537-1eaa-4c44-8f4b-3b6e747cb873;421.62;0.392;UNKNOWN
2016-04-11T05:06:38.000000;2016-04-11T05:06:38.000000;7f2e8086-3ab1-402a-8ecd-e84188ef7ea8;421.62;0.239;UNKNOWN
2016-04-11T05:06:38.000000;2016-04-11T05:06:38.000000;00550cd5-ce82-4368-9944-bc5643b3b11a;421.62;0.07166984;UNKNOWN
2016-04-11T05:06:38.000000;2016-04-11T05:06:38.000000;ee9423a3-2abb-47ec-9394-eece4388d6cd;421.62;0.24;UNKNOWN
2016-04-11T05:06:38.000000;2016-04-11T05:06:38.000000;c4c1c130-eaf8-4c15-86e6-df555bfd92a7;421.62;0.239;UNKNOWN
2016-04-11T05:06:38.000000;2016-04-11T05:06:38.000000;f0f65b6a-ebfb-41ef-b03a-3a5a70576194;421.62;0.239;UNKNOWN
2016-04-11T05:06:38.000000;2016-04-11T05:06:38.000000;952e0b92-896a-42b8-a3ff-c30898bc787e;421.62;0.239;UNKNOWN
2016-04-11T05:06:38.000000;2016-04-11T05:06:38.000000;8bacabc3-d84d-4f0b-9a8a-b012cbbc7827;421.62;0.239;UNKNOWN
2016-04-11T05:06:38.000000;2016-04-11T05:06:38.000000;c907ab4d-871f-4d36-8f4e-dd5bb6ac94df;421.62;0.24;UNKNOWN
2016-04-11T05:06:38.000000;2016-04-11T05:06:38.000000;3200bbe8-b37d-499e-9f1c-9c784c068382;421.62;0.238;UNKNOWN
2016-04-11T05:09:33.000000;2016-04-11T05:09:33.000000;4ce23f32-b569-4656-a6aa-2aeaed1926d8;421.67;0.07091769;UNKNOWN
2016-04-11T05:09:36.000000;2016-04-11T05:09:36.000000;aabfa708-49b1-4f30-ba79-2d8cce4da932;421.67;0.07080955;UNKNOWN
2016-04-11T05:09:38.000000;2016-04-11T05:09:38.000000;b201e23e-aab1-40a3-8973-d47b66f008d0;421.67;0.07091769;UNKNOWN
2016-04-11T05:09:41.000000;2016-04-11T05:09:41.000000;983b4dc1-50bf-4178-a6ee-e6ea87f2e4aa;421.67;0.07080955;UNKNOWN
2016-04-11T05:09:44.000000;2016-04-11T05:09:44.000000;20fad4c5-e19a-4a9b-87ea-498ebdab79da;421.67;0.07080955;UNKNOWN
2016-04-11T05:09:46.000000;2016-04-11T05:09:46.000000;38ea43ea-b816-4e42-9ac3-2d27ab7bb735;421.67;0.07091769;UNKNOWN
2016-04-11T05:09:48.000000;2016-04-11T05:09:48.000000;45c89572-1968-4753-a8a8-de7f72adefaa;421.67;0.07091769;UNKNOWN
2016-04-11T05:09:58.000000;2016-04-11T05:09:58.000000;3c8d29ab-9f0d-4a3b-a000-01296c7a71c2;421.66;0.07091769;UNKNOWN
2016-04-11T05:10:03.000000;2016-04-11T05:10:03.000000;7c2d8578-8856-4a3f-999f-cc2763d5a319;421.67;0.07091769;UNKNOWN
2016-04-11T05:10:06.000000;2016-04-11T05:10:06.000000;da150521-4528-4aa4-bd8d-a5034e1aaba3;421.67;0.07091769;UNKNOWN
2016-04-11T05:10:08.000000;2016-04-11T05:10:08.000000;a60baea4-7c6d-45e5-8119-2fc1ede0c93c;421.67;0.07091769;UNKNOWN
2016-04-11T05:12:03.000000;2016-04-11T05:12:03.000000;1bcbce3e-1db3-4540-8ee3-acaeffc5fcc0;421.66;0.24;UNKNOWN
2016-04-11T05:12:03.000000;2016-04-11T05:12:03.000000;4b6a66ea-f75b-43bc-8141-11a17b6cf9de;421.66;0.24;UNKNOWN
2016-04-11T05:12:03.000000;2016-04-11T05:12:03.000000;8f54b277-2b22-42fd-8d8b-7ee907d6a0ea;421.66;0.241;UNKNOWN
2016-04-11T05:12:03.000000;2016-04-11T05:12:03.000000;dacd3cf2-4caa-4046-89ee-2916b3d92333;421.66;0.239;UNKNOWN
2016-04-11T05:12:03.000000;2016-04-11T05:12:03.000000;98a05df5-4105-4e19-8252-3640c9444282;421.66;0.07185841;UNKNOWN
2016-04-11T05:12:03.000000;2016-04-11T05:12:03.000000;976043e9-c7db-4d01-8d46-a1e0d3b936c5;421.66;0.239;UNKNOWN
2016-04-11T05:12:03.000000;2016-04-11T05:12:03.000000;5c0fbc29-2afd-4a96-b303-af0b016bc2f5;421.66;0.24;UNKNOWN
2016-04-11T05:12:03.000000;2016-04-11T05:12:03.000000;fb22f7c8-feed-4ab7-ba5a-facaa29eb352;421.66;0.24;UNKNOWN
2016-04-11T05:12:03.000000;2016-04-11T05:12:03.000000;4f63d15f-a0ad-42c6-87b6-1828653952c0;421.66;0.24;UNKNOWN
2016-04-11T05:12:03.000000;2016-04-11T05:12:03.000000;08fdf0ee-3a07-41b7-8ee5-66ab218ae5ba;421.66;0.24;UNKNOWN
2016-04-11T05:12:03.000000;2016-04-11T05:12:03.000000;06b52665-3b6a-47ba-93b1-6a8c7e9167cf;421.66;0.24;UNKNOWN
2016-04-11T05:12:03.000000;2016-04-11T05:12:03.000000;0ae68fcd-1185-428b-88f7-2d4b4d84f12a;421.61;3.46614159;UNKNOWN
2016-04-11T05:12:03.000000;2016-04-11T05:12:03.000000;0f5e59eb-faf7-485c-97ec-4f0b464a5821;421.66;0.24;UNKNOWN
2016-04-11T05:12:03.000000;2016-04-11T05:12:03.000000;2eef2750-862f-47f6-8af3-35cf3e1faa8c;421.66;0.239;UNKNOWN
2016-04-11T05:12:03.000000;2016-04-11T05:12:03.000000;ac917a12-4138-4d1e-a8c8-7973253aaceb;421.66;0.239;UNKNOWN
2016-04-11T05:12:03.000000;2016-04-11T05:12:03.000000;0d18aeac-c4f9-4d0c-98f5-b3d05cca752c;421.66;0.239;UNKNOWN
2016-04-11T05:12:03.000000;2016-04-11T05:12:03.000000;4bd30a80-f894-4982-8396-b4fa5ff5b782;421.66;0.239;UNKNOWN
2016-04-11T05:12:03.000000;2016-04-11T05:12:03.000000;39e8b906-14fc-4aaa-b806-3c48c5999f26;421.66;0.238;UNKNOWN
2016-04-11T05:12:03.000000;2016-04-11T05:12:03.000000;5197e6e8-44bd-4e74-a934-9f26a1eaf470;421.66;0.237;UNKNOWN
2016-04-11T05:12:03.000000;2016-04-11T05:12:03.000000;38c38a21-c1db-4464-b148-ef0a40e4bf68;421.66;0.238;UNKNOWN
2016-04-11T05:12:03.000000;2016-04-11T05:12:03.000000;7a281731-6da4-4309-8b1a-531737154a51;421.66;0.24;UNKNOWN
2016-04-11T05:12:03.000000;2016-04-11T05:12:03.000000;0bf35928-beac-4348-b88e-c64be9a37cb2;421.66;0.239;UNKNOWN
2016-04-11T05:12:03.000000;2016-04-11T05:12:03.000000;0c07921f-4372-406c-9a47-d2293645b3d5;421.66;0.24;UNKNOWN
2016-04-11T05:12:03.000000;2016-04-11T05:12:03.000000;9ca557bf-9d4d-4d24-9c26-0ad5caf88a66;421.66;0.24;UNKNOWN
2016-04-11T05:12:03.000000;2016-04-11T05:12:03.000000;c0fab53f-f3ba-43f0-b585-d2821acb6863;421.66;0.24;UNKNOWN
2016-04-11T05:12:03.000000;2016-04-11T05:12:03.000000;329f0eca-f0ce-4c83-a300-865a77f27b0a;421.66;0.238;UNKNOWN
2016-04-11T05:12:03.000000;2016-04-11T05:12:03.000000;899c1816-ef6c-4e45-bbd4-7e96fea8b7cd;421.66;0.24;UNKNOWN
2016-04-11T05:12:03.000000;2016-04-11T05:12:03.000000;56735337-6033-47e8-9fa6-743d5dc43916;421.66;0.238;UNKNOWN
2016-04-11T05:12:03.000000;2016-04-11T05:12:03.000000;eb17d98f-d1d5-438a-b6d2-e6dbac08a1a0;421.66;0.239;UNKNOWN
2016-04-11T05:12:04.000000;2016-04-11T05:12:04.000000;d01a3de2-aa1b-466a-8f2f-3b2054a011d8;421.61;9.422;UNKNOWN
2016-04-11T05:12:05.000000;2016-04-11T05:12:05.000000;9c9c4560-a939-43b1-9715-4b3a54c1b6ec;421.61;0.07553701;UNKNOWN
2016-04-11T05:13:47.000000;2016-04-11T05:13:47.000000;8f40f25c-7dde-4fc9-98c2-0c81364337d8;421.65;0.05675098;UNKNOWN
2016-04-11T05:13:48.000000;2016-04-11T05:13:48.000000;72e2d905-268b-41bc-b864-dfa636dc8047;421.62;0.05675098;UNKNOWN
2016-04-11T05:13:48.000000;2016-04-11T05:13:48.000000;ea43e7e0-fdce-49ac-bbcd-2e72ff1e1ef1;421.61;0.42098412;UNKNOWN
2016-04-11T05:16:56.000000;2016-04-11T05:16:56.000000;383c23b1-be4f-40e9-ace6-ade3881031ca;421.65;0.01561124;UNKNOWN
2016-04-11T05:17:34.000000;2016-04-11T05:17:34.000000;ffc00907-4d8d-45e0-9f25-cd91c91672cf;421.61;0.05965872;UNKNOWN
2016-04-11T05:17:39.000000;2016-04-11T05:17:39.000000;97e17978-cb69-4d51-ba3b-b100833e84c8;421.65;2.0;UNKNOWN
2016-04-11T05:18:43.000000;2016-04-11T05:18:43.000000;1a9b8894-7005-48ba-9279-f791698754aa;421.64;0.01558972;UNKNOWN
2016-04-11T05:18:45.000000;2016-04-11T05:18:45.000000;51661de6-1fb8-48e9-abe8-3353e826e401;421.64;0.01558972;UNKNOWN
2016-04-11T05:22:31.000000;2016-04-11T05:22:31.000000;1cc674ad-a607-4bc8-aad9-ac76e998cf8d;421.64;3.51267944;UNKNOWN
2016-04-11T05:22:31.000000;2016-04-11T05:22:31.000000;5d17ca91-caa9-46be-98a9-61d9ad74bef8;421.64;21.5185;UNKNOWN
2016-04-11T05:22:31.000000;2016-04-11T05:22:31.000000;747a49ad-a551-49b3-beca-fcab1472f4d7;421.64;4.96882056;UNKNOWN
2016-04-11T05:33:03.000000;2016-04-11T05:33:03.000000;a38971ab-c19f-4f67-bdf6-4c58ae36b857;421.67;0.99845939;UNKNOWN
2016-04-11T05:34:04.000000;2016-04-11T05:34:04.000000;20abdf60-a0c3-421d-8aa3-db31702d2c7b;421.67;0.42807486;UNKNOWN
2016-04-11T05:43:44.000000;2016-04-11T05:43:44.000000;c2645b07-05c3-4926-90fe-ae57e967844b;421.67;1.0;UNKNOWN
2016-04-11T05:43:44.000000;2016-04-11T05:43:44.000000;a3470f85-8b5c-4338-8954-995002656346;421.67;7.42653425;UNKNOWN
2016-04-11T05:43:44.000000;2016-04-11T05:43:44.000000;54343d81-f4fa-4dea-9439-2f13e49e5885;421.67;3.57346575;UNKNOWN
2016-04-11T05:49:43.000000;2016-04-11T05:49:43.000000;cd4be963-ee44-4ccc-a527-4f87ae2527cb;421.67;2.57346575;UNKNOWN
2016-04-11T05:49:43.000000;2016-04-11T05:49:43.000000;fb52e340-db09-4e68-b543-886d31534166;421.67;1.14;UNKNOWN
2016-04-11T05:49:43.000000;2016-04-11T05:49:43.000000;3ffffad1-e135-409a-b74d-f21d8c5fb1fb;421.67;1.645026;UNKNOWN
2016-04-11T05:49:43.000000;2016-04-11T05:49:43.000000;ba668fb4-c4c9-49ec-99bf-69ccbfcaef9c;421.67;1.449951;UNKNOWN
2016-04-11T05:51:19.000000;2016-04-11T05:51:19.000000;d8d28b87-493e-463e-aaae-e070b3b9c693;421.67;0.026547;UNKNOWN
2016-04-11T05:54:15.000000;2016-04-11T05:54:15.000000;e2b01855-0e0b-4fec-9331-dd272d0b5735;421.68;0.1;UNKNOWN
2016-04-11T05:55:04.000000;2016-04-11T05:55:04.000000;1ea7bbcc-b088-45b3-b5b1-851e554a8cf9;421.67;0.0592;UNKNOWN
2016-04-11T06:02:03.000000;2016-04-11T06:02:03.000000;b8154b92-35af-4729-85ca-953d7c35c646;421.67;4.14;UNKNOWN
2016-04-11T06:03:14.000000;2016-04-11T06:03:14.000000;c84820b9-ea32-46c3-9ecb-10692556cf0f;421.68;0.04705778;UNKNOWN
2016-04-11T06:03:22.000000;2016-04-11T06:03:22.000000;ae15200f-8189-443c-afe0-9e584b69c832;421.68;0.10579366;UNKNOWN
2016-04-11T06:03:35.000000;2016-04-11T06:03:35.000000;4319033a-36ea-4b7b-b5c7-ae7e40b3f721;421.67;0.24;UNKNOWN
2016-04-11T06:03:35.000000;2016-04-11T06:03:35.000000;07cd72e0-956e-450d-a0c3-ded0db2d746c;421.67;0.241;UNKNOWN
2016-04-11T06:03:35.000000;2016-04-11T06:03:35.000000;f19fdc5b-ea30-41f3-9ed3-6ff5cc78a9b6;421.67;0.24;UNKNOWN
2016-04-11T06:03:35.000000;2016-04-11T06:03:35.000000;c453ee81-27a5-4c01-bc64-6fc20857103d;421.67;0.238;UNKNOWN
2016-04-11T06:03:35.000000;2016-04-11T06:03:35.000000;faec33ae-31f7-4b5b-9f30-529581fd80d7;421.67;0.241;UNKNOWN
2016-04-11T06:03:35.000000;2016-04-11T06:03:35.000000;78353f39-f030-42fb-84b7-360c8915a241;421.67;0.241;UNKNOWN
2016-04-11T06:03:35.000000;2016-04-11T06:03:35.000000;a660504e-ee4a-4af2-ada4-912c6652287d;421.67;0.24;UNKNOWN
2016-04-11T06:03:35.000000;2016-04-11T06:03:35.000000;2c106859-a2f1-4f34-971d-455e0e9d58a6;421.67;0.52141025;UNKNOWN
2016-04-11T06:03:35.000000;2016-04-11T06:03:35.000000;e0c5a237-410c-4816-afda-d6f123a345f8;421.67;0.238;UNKNOWN
2016-04-11T06:03:35.000000;2016-04-11T06:03:35.000000;badcc316-6eea-4621-ae3e-21e2ea50ad4e;421.67;0.24;UNKNOWN
2016-04-11T06:03:35.000000;2016-04-11T06:03:35.000000;a5d5128d-4af5-4ad0-ba9f-1bd09fff6993;421.67;0.239;UNKNOWN
2016-04-11T06:03:35.000000;2016-04-11T06:03:35.000000;b8860def-97d7-48b8-9703-56223bf6bf26;421.67;0.24;UNKNOWN
2016-04-11T06:03:35.000000;2016-04-11T06:03:35.000000;7c7a9b71-e95e-4ad0-857b-550031d58d08;421.67;0.239;UNKNOWN
2016-04-11T06:03:35.000000;2016-04-11T06:03:35.000000;5b8f3653-4ee7-4d90-94e0-7e421f4e3027;421.67;0.239;UNKNOWN
2016-04-11T06:03:35.000000;2016-04-11T06:03:35.000000;92a75f6b-bf60-48c7-9aef-8ce58e018c7c;421.67;0.24;UNKNOWN
2016-04-11T06:03:35.000000;2016-04-11T06:03:35.000000;2f7703b2-1ab1-4349-98a3-ed2ef7efa0fd;421.67;0.393;UNKNOWN
2016-04-11T06:03:35.000000;2016-04-11T06:03:35.000000;7cf69503-d379-4a42-b5a4-ddfc8be0f017;421.67;0.24;UNKNOWN
2016-04-11T06:03:35.000000;2016-04-11T06:03:35.000000;a41f6a3d-6e8b-474e-ba46-bd4af556f15e;421.67;0.239;UNKNOWN
2016-04-11T06:03:35.000000;2016-04-11T06:03:35.000000;9cdb7993-3897-4951-ad50-916a13b8e26e;421.67;0.239;UNKNOWN
2016-04-11T06:03:35.000000;2016-04-11T06:03:35.000000;0501ed3f-84e1-4a05-b8a1-e7f36519074c;421.67;0.23;UNKNOWN
2016-04-11T06:03:35.000000;2016-04-11T06:03:35.000000;29994066-a7d9-4843-9660-a82e6b36c0c3;421.67;0.24;UNKNOWN
2016-04-11T06:03:35.000000;2016-04-11T06:03:35.000000;0f2bb312-06e2-40ac-ac73-a26b07b445cf;421.67;0.241;UNKNOWN
2016-04-11T06:03:35.000000;2016-04-11T06:03:35.000000;1e403084-50b9-43ea-9b3d-c39e32b4993e;421.67;0.24;UNKNOWN
2016-04-11T06:03:35.000000;2016-04-11T06:03:35.000000;65417184-421a-4409-9df2-06822d09945a;421.67;0.241;UNKNOWN
2016-04-11T06:03:35.000000;2016-04-11T06:03:35.000000;03eb08c9-8779-472a-8b2f-db09a46ee255;421.67;0.239;UNKNOWN
2016-04-11T06:03:35.000000;2016-04-11T06:03:35.000000;41612904-b168-4cc3-aa51-7bc17a497523;421.67;0.24;UNKNOWN
2016-04-11T06:03:35.000000;2016-04-11T06:03:35.000000;02385ee8-718b-4500-8e61-e357d213e09d;421.67;0.239;UNKNOWN
2016-04-11T06:03:35.000000;2016-04-11T06:03:35.000000;dfb14ae7-5a8f-46e1-9381-93bf5cbb3a4a;421.67;0.24;UNKNOWN
2016-04-11T06:03:35.000000;2016-04-11T06:03:35.000000;c3030667-89b9-4ca2-b480-d865cf875a94;421.67;0.239;UNKNOWN
2016-04-11T06:03:35.000000;2016-04-11T06:03:35.000000;70f60470-acda-49a6-8147-d28df911e34e;421.67;0.241;UNKNOWN
2016-04-11T06:03:35.000000;2016-04-11T06:03:35.000000;94603313-ee47-4826-8b53-5ced4b24932c;421.67;0.24;UNKNOWN
2016-04-11T06:03:35.000000;2016-04-11T06:03:35.000000;890aa5d2-5582-43b9-aa3a-4c910343531d;421.67;5.83475581;UNKNOWN
2016-04-11T06:03:50.000000;2016-04-11T06:03:50.000000;d6dd3678-fb38-422b-ad34-1698d28f7702;421.68;0.48967501;UNKNOWN
2016-04-11T06:03:51.000000;2016-04-11T06:03:51.000000;7f14416c-dca6-4022-bef4-db50a0d0606d;421.68;0.48954288;UNKNOWN
2016-04-11T06:04:42.000000;2016-04-11T06:04:42.000000;ec452a90-236c-4b42-ac3c-8c487442740e;421.64;0.02093073;UNKNOWN
2016-04-11T06:04:46.000000;2016-04-11T06:04:46.000000;89c465ec-1a82-4e4f-b4ad-1929c067b513;421.63;0.02092362;UNKNOWN
2016-04-11T06:04:46.000000;2016-04-11T06:04:46.000000;df188c72-aaea-447e-9536-6a703deb169b;421.64;0.02092362;UNKNOWN
2016-04-11T06:10:27.000000;2016-04-11T06:10:27.000000;93bf5226-99a7-4203-8343-b3e9a3f9092a;421.6;0.241;UNKNOWN
2016-04-11T06:10:27.000000;2016-04-11T06:10:27.000000;c1372de9-0f63-4837-a895-2d20705cf61b;421.6;0.241;UNKNOWN
2016-04-11T06:10:27.000000;2016-04-11T06:10:27.000000;2f559ae2-41e4-4ea3-a5c5-112b3d5b7494;421.6;0.034;UNKNOWN
2016-04-11T06:10:27.000000;2016-04-11T06:10:27.000000;57fad0db-2179-48bb-87f1-ce94fa06872a;421.6;0.239;UNKNOWN
2016-04-11T06:10:27.000000;2016-04-11T06:10:27.000000;0b523df0-5a2a-4e16-916e-dc0bc743507e;421.6;0.241;UNKNOWN
2016-04-11T06:10:27.000000;2016-04-11T06:10:27.000000;9b39629b-e9c1-4a55-95a6-4649c9b72927;421.6;0.5;UNKNOWN
2016-04-11T06:10:27.000000;2016-04-11T06:10:27.000000;9732fd56-a1ca-4085-a459-febbc4c40525;421.6;0.242;UNKNOWN
2016-04-11T06:10:27.000000;2016-04-11T06:10:27.000000;51382cc6-d9f5-4c9d-9203-4f8f2ced9cf7;421.6;0.241;UNKNOWN
2016-04-11T06:10:27.000000;2016-04-11T06:10:27.000000;55e2c292-350e-4813-a774-5aecaf3323b2;421.6;0.241;UNKNOWN
2016-04-11T06:10:27.000000;2016-04-11T06:10:27.000000;3ae8f803-79e0-4056-857f-a532cccd8725;421.6;0.241;UNKNOWN
2016-04-11T06:10:27.000000;2016-04-11T06:10:27.000000;b93293de-70e5-4c5c-ba0c-3ccb668ccc57;421.6;3.0;UNKNOWN
2016-04-11T06:10:27.000000;2016-04-11T06:10:27.000000;03d7f8b8-3be8-4f1a-9872-389c631afe49;421.6;0.239;UNKNOWN
2016-04-11T06:13:39.000000;2016-04-11T06:13:39.000000;70bd5f5b-1beb-4120-8474-a5c5887c71fb;421.59;0.55915539;UNKNOWN
2016-04-11T06:13:39.000000;2016-04-11T06:13:39.000000;025b9f15-56e6-47ae-82d7-a60fd6c92c10;421.59;0.056076;UNKNOWN
2016-04-11T06:13:54.000000;2016-04-11T06:13:54.000000;d2857385-ede2-4190-8283-e4dcb28f3195;421.58;0.24;UNKNOWN
2016-04-11T06:13:54.000000;2016-04-11T06:13:54.000000;f8a15ead-d72d-41e8-a36e-f48befff104c;421.58;0.241;UNKNOWN
2016-04-11T06:13:54.000000;2016-04-11T06:13:54.000000;5550b1d0-1088-4c87-997f-bee92db69f6f;421.58;0.206;UNKNOWN
2016-04-11T06:13:54.000000;2016-04-11T06:13:54.000000;75569aff-5795-4647-9eae-3c992ddb18ea;421.58;0.241;UNKNOWN
2016-04-11T06:13:54.000000;2016-04-11T06:13:54.000000;78117aa2-f172-4e1f-8a38-95d1592306a7;421.58;0.241;UNKNOWN
2016-04-11T06:13:54.000000;2016-04-11T06:13:54.000000;9728f69e-c0b4-4d82-964c-18a2b007ed87;421.58;0.24;UNKNOWN
2016-04-11T06:13:54.000000;2016-04-11T06:13:54.000000;d213aaaf-2a6b-4b42-9dc4-db63fba089fb;421.58;0.24;UNKNOWN
2016-04-11T06:13:54.000000;2016-04-11T06:13:54.000000;779ac3a0-9c59-4310-a704-56c4fedc5785;421.58;0.24;UNKNOWN
2016-04-11T06:13:54.000000;2016-04-11T06:13:54.000000;e759b66d-8637-4b7f-8a86-5aaa227a0568;421.58;0.241;UNKNOWN
2016-04-11T06:13:54.000000;2016-04-11T06:13:54.000000;8f44516e-e2b8-4962-8bdb-6238534465c3;421.58;0.241;UNKNOWN
2016-04-11T06:13:54.000000;2016-04-11T06:13:54.000000;7ccd0bd7-fc19-416e-9ed8-09b87cb16ed0;421.58;0.24;UNKNOWN
2016-04-11T06:13:54.000000;2016-04-11T06:13:54.000000;18ac48d6-95b5-409b-8bae-407c22493247;421.58;0.241;UNKNOWN
2016-04-11T06:13:54.000000;2016-04-11T06:13:54.000000;4ee8333b-654d-41c6-8bae-4b0831d771b7;421.58;0.239;UNKNOWN
2016-04-11T06:13:54.000000;2016-04-11T06:13:54.000000;10c12b52-3400-4e6f-8a51-17298d77e73a;421.56;8.47148866;UNKNOWN
2016-04-11T06:13:54.000000;2016-04-11T06:13:54.000000;0e95a6df-1ade-4ec7-9650-e99258e748b4;421.58;0.241;UNKNOWN
2016-04-11T06:13:54.000000;2016-04-11T06:13:54.000000;ff76f798-585c-4443-ab70-3abcbb5b2399;421.58;0.241;UNKNOWN
2016-04-11T06:13:54.000000;2016-04-11T06:13:54.000000;25faa967-f67d-4d9f-8b4e-03c14b8dfa2c;421.58;0.239;UNKNOWN
2016-04-11T06:13:54.000000;2016-04-11T06:13:54.000000;9c71ea9a-2f6f-4393-95a1-f40c23e54801;421.58;0.241;UNKNOWN
2016-04-11T06:13:54.000000;2016-04-11T06:13:54.000000;366505a0-a9a0-4582-a968-fcff018396bd;421.58;0.241;UNKNOWN
2016-04-11T06:13:54.000000;2016-04-11T06:13:54.000000;86c6ac9d-3c56-4263-9345-0014caf255b0;421.58;0.241;UNKNOWN
2016-04-11T06:13:54.000000;2016-04-11T06:13:54.000000;9a06a129-1bea-40d7-abc2-9d910087f671;421.58;0.24;UNKNOWN
2016-04-11T06:13:54.000000;2016-04-11T06:13:54.000000;294521fe-c3a3-46c3-97e3-82e68a509bf6;421.58;0.242;UNKNOWN
2016-04-11T06:13:54.000000;2016-04-11T06:13:54.000000;a0aec6f2-0c1b-4b35-862a-ff7369d34f9b;421.58;0.239;UNKNOWN
2016-04-11T06:13:54.000000;2016-04-11T06:13:54.000000;d8ce59b2-ff90-4ece-8e85-6e294f079c6a;421.58;0.239;UNKNOWN
2016-04-11T06:13:54.000000;2016-04-11T06:13:54.000000;3b16e083-d2fa-48ef-9686-c3012a4d287c;421.58;0.24;UNKNOWN
2016-04-11T06:13:54.000000;2016-04-11T06:13:54.000000;1e760388-8ec2-4812-a331-7ce550d5b1ab;421.58;0.241;UNKNOWN
2016-04-11T06:13:54.000000;2016-04-11T06:13:54.000000;86fa012c-f326-431f-8fbf-b3ba5c5614b4;421.58;0.24;UNKNOWN
2016-04-11T06:13:54.000000;2016-04-11T06:13:54.000000;4ccb7740-7637-4ad8-b941-ee45c7613fe6;421.58;0.238;UNKNOWN
2016-04-11T06:13:54.000000;2016-04-11T06:13:54.000000;a22f5d83-2cc0-4330-b39a-a8e293127d7b;421.58;0.394;UNKNOWN
2016-04-11T06:13:54.000000;2016-04-11T06:13:54.000000;bec3315d-d6e7-46c9-86f1-f0ea2018a878;421.58;0.241;UNKNOWN
2016-04-11T06:13:54.000000;2016-04-11T06:13:54.000000;0650bf9d-507f-4d08-b22a-ddbf52e993aa;421.58;0.241;UNKNOWN
2016-04-11T06:13:54.000000;2016-04-11T06:13:54.000000;da198ef4-c4ba-4df0-9457-49e070c1ffdb;421.58;0.24;UNKNOWN
2016-04-11T06:14:05.000000;2016-04-11T06:14:05.000000;06c41667-fbff-4d8b-98af-ab0af421d5db;421.56;1.37805011;UNKNOWN
2016-04-11T06:15:11.000000;2016-04-11T06:15:11.000000;d271cab7-974d-4b40-8fe7-1ced9196f973;421.52;0.71303484;UNKNOWN
2016-04-11T06:18:55.000000;2016-04-11T06:18:55.000000;1164e6c0-a8e7-4eb4-9c69-580014010d95;421.44;1.0;UNKNOWN
2016-04-11T06:20:35.000000;2016-04-11T06:20:35.000000;5d5e1ef2-e53d-417d-8cb7-f1a827d4e127;421.44;0.23;UNKNOWN
2016-04-11T06:20:43.000000;2016-04-11T06:20:43.000000;9fbaeb71-0115-423a-8d1b-20ac08a27fca;421.44;0.48072899;UNKNOWN
2016-04-11T06:20:44.000000;2016-04-11T06:20:44.000000;37453ae5-1905-41bd-a9e0-2c795c033d0c;421.45;0.07582578;UNKNOWN
2016-04-11T06:20:44.000000;2016-04-11T06:20:44.000000;e1f431ff-ea78-43f7-8c16-ecb2331aa57a;421.46;0.17171346;UNKNOWN
2016-04-11T06:20:44.000000;2016-04-11T06:20:44.000000;8a96aa41-fd0a-4f81-90a5-a1e7702b1652;421.46;0.02239717;UNKNOWN
2016-04-11T06:20:44.000000;2016-04-11T06:20:44.000000;cfc47302-f3dc-417d-9ce8-407d645577db;421.45;0.48072899;UNKNOWN
2016-04-11T06:20:44.000000;2016-04-11T06:20:44.000000;a7036a79-39d5-48ee-823e-d5ecb1626268;421.46;0.0633516;UNKNOWN
2016-04-11T06:20:47.000000;2016-04-11T06:20:47.000000;6e10635d-3484-488a-87ce-97704b092136;421.45;0.48072899;UNKNOWN
2016-04-11T06:20:48.000000;2016-04-11T06:20:48.000000;a878e5ab-bdfe-497a-83bc-13cb51e425f8;421.46;0.17171346;UNKNOWN
2016-04-11T06:20:48.000000;2016-04-11T06:20:48.000000;45b33792-a71e-4991-aeed-3d590485b2a1;421.46;0.61990637;UNKNOWN
2016-04-11T06:20:48.000000;2016-04-11T06:20:48.000000;d17babf8-d057-4431-a4b6-75d1960ac8f9;421.44;0.48072899;UNKNOWN
2016-04-11T06:20:50.000000;2016-04-11T06:20:50.000000;b97f85cd-f1fc-451b-9a2e-29cbfde42485;421.46;0.17201319;UNKNOWN
2016-04-11T06:20:50.000000;2016-04-11T06:20:50.000000;abb42617-de20-4141-8944-9c726b78be8b;421.46;0.17201319;UNKNOWN
2016-04-11T06:20:51.000000;2016-04-11T06:20:51.000000;fe837379-37cc-478a-834a-64586e41545b;421.46;0.02239717;UNKNOWN
2016-04-11T06:20:55.000000;2016-04-11T06:20:55.000000;031100e8-e321-44ea-9546-25af00efedda;421.46;0.02225591;UNKNOWN
2016-04-11T06:21:12.000000;2016-04-11T06:21:12.000000;80203b59-d4bd-4443-adaa-89dcba7bc6cf;421.45;0.01;UNKNOWN
2016-04-11T06:23:11.000000;2016-04-11T06:23:11.000000;1e0b523e-901d-44b7-ad04-80db9f06d694;421.45;0.02571428;UNKNOWN
2016-04-11T06:24:09.000000;2016-04-11T06:24:09.000000;f93c563d-7b9a-4f58-9a93-f24ace05e2a0;421.44;1.24854202;UNKNOWN
2016-04-11T06:24:09.000000;2016-04-11T06:24:09.000000;149e2021-d051-47ea-91ed-9146bb572093;421.07;4.43129656;UNKNOWN
2016-04-11T06:24:09.000000;2016-04-11T06:24:09.000000;119721c7-8dbd-469f-b070-a5bed98043c7;421.45;0.0398085;UNKNOWN
2016-04-11T06:24:13.000000;2016-04-11T06:24:13.000000;2c4e638f-c5f7-4f33-9959-9b49a7d88272;421.02;3.46964708;UNKNOWN
2016-04-11T06:24:13.000000;2016-04-11T06:24:13.000000;9370b71d-47ff-42c6-b66f-1cc4785d39ee;421.08;2.25;UNKNOWN
2016-04-11T06:24:18.000000;2016-04-11T06:24:18.000000;f893e192-90f6-4b44-be7c-d070c79fd541;421.02;0.03864346;UNKNOWN
2016-04-11T06:24:25.000000;2016-04-11T06:24:25.000000;418447d3-e5e5-456b-b893-0fd9d5638680;421.02;2.49170946;UNKNOWN
2016-04-11T06:24:25.000000;2016-04-11T06:24:25.000000;3fcabaf8-b210-45f4-a853-7bde215cef61;421.04;0.5;UNKNOWN
2016-04-11T06:24:25.000000;2016-04-11T06:24:25.000000;0fbce146-3e8f-4e83-8cc5-c782dbe99706;421.02;0.62707504;UNKNOWN
2016-04-11T06:24:25.000000;2016-04-11T06:24:25.000000;fd585eea-27ed-4541-a9ba-37b8a14e091b;421.03;2.27;UNKNOWN
2016-04-11T06:24:29.000000;2016-04-11T06:24:29.000000;59295a24-5c6a-4f03-b7eb-88b1fd46f40e;421.03;0.18488739;UNKNOWN
2016-04-11T06:24:33.000000;2016-04-11T06:24:33.000000;8bc12de7-fd37-49ef-842f-cf9018bdad9c;421.02;0.04732702;UNKNOWN
2016-04-11T06:24:37.000000;2016-04-11T06:24:37.000000;4dfd4410-c3c8-4373-a6a0-0d5e4e0a370f;421.04;0.03976627;UNKNOWN
2016-04-11T06:24:46.000000;2016-04-11T06:24:46.000000;e335b117-9cfd-4218-883e-e1e9595e9712;421.04;0.03600641;UNKNOWN
2016-04-11T06:24:54.000000;2016-04-11T06:24:54.000000;84a505e0-7852-47f4-9314-7fb799293bb3;421.04;0.01525738;UNKNOWN
2016-04-11T06:24:58.000000;2016-04-11T06:24:58.000000;0f1b772d-084f-4c5a-95af-663d9ac44f49;421.04;0.04446118;UNKNOWN
2016-04-11T06:25:02.000000;2016-04-11T06:25:02.000000;7bfd4e8b-df01-4d50-b7dc-992a3dd4c269;421.01;1.87373504;UNKNOWN
2016-04-11T06:25:06.000000;2016-04-11T06:25:06.000000;45753a5c-09cc-44c9-8849-36605287e362;421.01;0.06497728;UNKNOWN
2016-04-11T06:25:10.000000;2016-04-11T06:25:10.000000;1453a46d-bc05-4419-b848-739e5bc054fb;421.01;0.06063436;UNKNOWN
2016-04-11T06:25:14.000000;2016-04-11T06:25:14.000000;f5188a9f-e248-411d-8ee8-c5423a54f7a4;421.01;0.15474128;UNKNOWN
2016-04-11T06:25:18.000000;2016-04-11T06:25:18.000000;ca215552-09a4-486b-9e32-31479111b21f;421.01;0.03074376;UNKNOWN
2016-04-11T06:25:22.000000;2016-04-11T06:25:22.000000;bb6419d9-0a21-48db-9958-e19ac575c979;421.01;0.08047174;UNKNOWN
2016-04-11T06:25:38.000000;2016-04-11T06:25:38.000000;ff9950e7-2ca2-4e70-a837-5e71e64bad23;421.01;5.84;UNKNOWN
2016-04-11T06:25:53.000000;2016-04-11T06:25:53.000000;c5bc6072-98d1-4071-9235-c38f5b31db66;421.01;0.01;UNKNOWN
2016-04-11T06:26:48.000000;2016-04-11T06:26:48.000000;de9915ce-0235-4bb0-b3f2-addf0914a1ad;421.04;0.01;UNKNOWN
2016-04-11T06:26:48.000000;2016-04-11T06:26:48.000000;d7a725a8-b5d9-4ea3-a005-7aa24840139e;421.04;0.0612;UNKNOWN
2016-04-11T06:27:22.000000;2016-04-11T06:27:22.000000;6dae8d11-9dfb-41b5-8cb2-15621b48821d;421.04;0.1;UNKNOWN
2016-04-11T06:28:14.000000;2016-04-11T06:28:14.000000;11de8002-7d29-4281-9f07-319113865f4a;421.02;0.04759887;UNKNOWN
2016-04-11T06:30:33.000000;2016-04-11T06:30:33.000000;db0b5ea7-4703-47b1-9f19-4be5e316bca2;421.02;2.39039027;UNKNOWN
2016-04-11T06:30:39.000000;2016-04-11T06:30:39.000000;61baced2-6d80-4c7e-9c79-d183ba9d8688;421.04;0.045;UNKNOWN
2016-04-11T06:30:58.000000;2016-04-11T06:30:58.000000;cd86f417-ce46-4951-b2bd-70e5b13d0943;421.02;0.0710576;UNKNOWN
2016-04-11T06:31:19.000000;2016-04-11T06:31:19.000000;afdba848-3bab-4f26-9022-91ce254d09fe;421.02;0.0547149;UNKNOWN
2016-04-11T06:33:18.000000;2016-04-11T06:33:18.000000;bd5458d3-d399-46ed-89cd-2c7196c5abe8;421.02;0.07566923;UNKNOWN
2016-04-11T06:34:04.000000;2016-04-11T06:34:04.000000;34661714-0cba-4e00-8f85-a3be32d2560b;421.04;1.19125;UNKNOWN
2016-04-11T06:34:22.000000;2016-04-11T06:34:22.000000;b99b2d8c-34bf-4064-87e1-d7983c849f21;421.02;0.09757769;UNKNOWN
2016-04-11T06:35:03.000000;2016-04-11T06:35:03.000000;16d5ba43-ccf1-4750-85cc-47eb558385b1;421.04;0.205;UNKNOWN
2016-04-11T06:36:03.000000;2016-04-11T06:36:03.000000;eb708fe6-8310-4d28-87e5-3e7557e99ab0;421.04;0.22;UNKNOWN
2016-04-11T06:36:58.000000;2016-04-11T06:36:58.000000;6ff0b296-e664-426e-93a2-f50f5db73646;421.04;0.04164565;UNKNOWN
2016-04-11T06:43:03.000000;2016-04-11T06:43:03.000000;d1030ea6-0670-462a-b4cf-2e408c63aa78;421.03;8.22;UNKNOWN
2016-04-11T06:43:03.000000;2016-04-11T06:43:03.000000;ad62d7f3-43fc-441b-a71b-9913f7aefc8e;421.03;1.78;UNKNOWN
2016-04-11T06:43:06.000000;2016-04-11T06:43:06.000000;843fb9d2-f3af-4f34-8964-89fcaed02514;421.03;2.28;UNKNOWN
2016-04-11T06:43:07.000000;2016-04-11T06:43:07.000000;ce8effb7-499f-42fe-a94a-f99f2f24e426;420.9;0.0498321;UNKNOWN
2016-04-11T06:43:07.000000;2016-04-11T06:43:07.000000;76465fc5-cefe-4a8a-a72e-c6b5c08d963d;421.03;0.803;UNKNOWN
2016-04-11T06:43:07.000000;2016-04-11T06:43:07.000000;6cc93162-07cb-4eba-9f92-f12e7e9a651f;421.01;1.87469654;UNKNOWN
2016-04-11T06:43:07.000000;2016-04-11T06:43:07.000000;6a3cf005-b9de-4e4d-bc14-f442abfbc642;421.02;1.45;UNKNOWN
2016-04-11T06:43:07.000000;2016-04-11T06:43:07.000000;e61c0ce7-09e5-485c-92d0-dcc176a81da9;420.89;2.21347136;UNKNOWN
2016-04-11T06:43:07.000000;2016-04-11T06:43:07.000000;87106f1b-1d80-4f06-8cf5-9b622935e81d;421.02;0.059;UNKNOWN
2016-04-11T06:43:08.000000;2016-04-11T06:43:08.000000;bae0da7a-73d0-41b7-979b-15119af32824;421.04;1.42590435;UNKNOWN
2016-04-11T06:44:03.000000;2016-04-11T06:44:03.000000;9747ccc5-bc4f-43ca-b619-fc3b94dafa27;421.06;3.94;UNKNOWN
2016-04-11T06:44:03.000000;2016-04-11T06:44:03.000000;084f73b3-f9df-470d-b6ef-ab4559442b87;421.07;3.0;UNKNOWN
2016-04-11T06:44:03.000000;2016-04-11T06:44:03.000000;35423b15-c7c8-40c5-bc4b-3ba14a3eb544;421.08;0.5;UNKNOWN
2016-04-11T06:47:11.000000;2016-04-11T06:47:11.000000;2d0076fe-bbd2-428e-a11e-5282c347b172;421.27;0.045;UNKNOWN
2016-04-11T06:48:10.000000;2016-04-11T06:48:10.000000;4f609340-afa9-48e5-99ee-12777eb7357e;421.48;6.0;UNKNOWN
2016-04-11T06:48:10.000000;2016-04-11T06:48:10.000000;070357dc-140d-4540-a59e-a23a86991520;421.27;0.1;UNKNOWN
2016-04-11T06:48:10.000000;2016-04-11T06:48:10.000000;9849e5ea-7f9a-4d0b-8e5d-9fbcd832b1e5;421.49;0.21896288;UNKNOWN
2016-04-11T06:48:10.000000;2016-04-11T06:48:10.000000;dfce7e1a-9eb2-46b8-bd76-2c966de437d9;421.28;5.9182;UNKNOWN
2016-04-11T06:48:38.000000;2016-04-11T06:48:38.000000;2ca6c31b-ee72-4fbe-8eb4-a8eb3b3d5666;421.27;4.5607;UNKNOWN
2016-04-11T06:51:01.000000;2016-04-11T06:51:01.000000;4db0d926-8e95-4b00-a2c6-fa73ef83b3f4;421.09;6.25996855;UNKNOWN
2016-04-11T06:51:01.000000;2016-04-11T06:51:01.000000;351dfcdb-53a3-4abf-973e-1dc512104e48;421.12;5.8982;UNKNOWN
2016-04-11T07:05:41.000000;2016-04-11T07:05:41.000000;2e13ce40-902b-4b20-9e75-b2be228d3d33;421.26;1.4;UNKNOWN
2016-04-11T07:07:36.000000;2016-04-11T07:07:36.000000;0064de9a-faed-4794-89f7-f4aec6efec1a;421.13;3.0;UNKNOWN
2016-04-11T07:07:36.000000;2016-04-11T07:07:36.000000;e99da1a8-b7bd-4dde-8458-b1794e195bdc;421.06;12.0;UNKNOWN
2016-04-11T07:07:36.000000;2016-04-11T07:07:36.000000;66288b1c-1c69-43bf-84fa-eab815abc79c;421.12;6.58;UNKNOWN
2016-04-11T07:08:32.000000;2016-04-11T07:08:32.000000;5bb49a8c-3ec4-47a7-80bd-a01b38d1c0fd;421.15;3.0;UNKNOWN
2016-04-11T07:08:32.000000;2016-04-11T07:08:32.000000;7e4e2fc4-58a9-4f64-8d6d-1770478908a8;421.09;4.62096532;UNKNOWN
2016-04-11T07:08:32.000000;2016-04-11T07:08:32.000000;74fc6ba5-4d6c-44ed-a152-fb099a7f5666;421.12;6.58;UNKNOWN
2016-04-11T07:08:32.000000;2016-04-11T07:08:32.000000;dd984827-bb7c-4150-b9f9-72acfe699434;421.16;0.5;UNKNOWN
2016-04-11T07:08:32.000000;2016-04-11T07:08:32.000000;b3145c67-eed1-40a3-b325-3be3e89bea2c;421.14;4.62096532;UNKNOWN
2016-04-11T07:09:04.000000;2016-04-11T07:09:04.000000;afcdd334-41aa-4eca-8eec-e4f4a54b2b7e;420.99;0.94192173;UNKNOWN
2016-04-11T07:10:23.000000;2016-04-11T07:10:23.000000;8a7ec89a-9275-420d-bd3f-86b07ac548b7;420.97;1.7845536;UNKNOWN
2016-04-11T07:12:55.000000;2016-04-11T07:12:55.000000;9f97fdcd-55ec-4bad-888e-3e4ab3d35af1;421.12;21.4337;UNKNOWN
2016-04-11T07:12:55.000000;2016-04-11T07:12:55.000000;d45cb340-4266-4637-8d59-cb6ef3c22ddd;421.12;6.58;UNKNOWN
2016-04-11T07:12:55.000000;2016-04-11T07:12:55.000000;74743c76-e351-46ec-a929-e94223c73a29;421.24;0.5;UNKNOWN
2016-04-11T07:12:55.000000;2016-04-11T07:12:55.000000;2c4d41b0-7393-470c-b6a3-3928f5dc75ac;421.09;12.6217;UNKNOWN
2016-04-11T07:12:55.000000;2016-04-11T07:12:55.000000;923af494-3ee9-478f-a920-cd07d5113c2c;421.22;6.0;UNKNOWN
2016-04-11T07:12:55.000000;2016-04-11T07:12:55.000000;bcd2ed2c-8a8e-4bc1-b0c1-5b968e647a36;421.23;3.0;UNKNOWN
2016-04-11T07:16:03.000000;2016-04-11T07:16:03.000000;22a104f3-83a8-4d24-84a8-07184c93dbc5;421.05;0.4;UNKNOWN
2016-04-11T07:17:32.000000;2016-04-11T07:17:32.000000;7bd937e9-27b3-4496-b21d-2724127a428a;421.46;0.0045;UNKNOWN
2016-04-11T07:17:32.000000;2016-04-11T07:17:32.000000;c103b2fc-cccb-4b47-8992-a2554b83c467;421.46;0.05;UNKNOWN
2016-04-11T07:18:10.000000;2016-04-11T07:18:10.000000;dd5dd336-49a6-43c9-ab3b-0b4aa810ed9d;421.1;22.1895;UNKNOWN
2016-04-11T07:18:10.000000;2016-04-11T07:18:10.000000;92acb200-c6d1-4746-b185-bb5bdbf39ae5;421.11;0.238;UNKNOWN
2016-04-11T07:18:10.000000;2016-04-11T07:18:10.000000;cd51d6e9-a11a-4f28-942f-4c10c7f7d793;421.1;0.059;UNKNOWN
2016-04-11T07:18:11.000000;2016-04-11T07:18:11.000000;051bbd78-ec4f-42b1-a6e2-ba3e592002aa;421.1;0.3367;UNKNOWN
2016-04-11T07:19:58.000000;2016-04-11T07:19:58.000000;05f67034-acda-4a1c-845c-07907107bfd5;421.04;4.61909766;UNKNOWN
2016-04-11T07:19:58.000000;2016-04-11T07:19:58.000000;460812c8-b20f-4d81-a00d-0d1f1eb8c800;421.09;4.61909766;UNKNOWN
2016-04-11T07:19:58.000000;2016-04-11T07:19:58.000000;8210220e-4552-4afd-bd2a-ea54a774a0ca;421.09;4.61909766;UNKNOWN
2016-04-11T07:19:58.000000;2016-04-11T07:19:58.000000;4f4cec3c-6da1-4245-b4be-b6984adc7e6b;421.08;0.059;UNKNOWN
2016-04-11T07:19:58.000000;2016-04-11T07:19:58.000000;8320f830-5c14-4588-b246-553117176a23;421.09;4.61909766;UNKNOWN
2016-04-11T07:19:58.000000;2016-04-11T07:19:58.000000;999bf3a2-cdaa-457c-a48a-843005971911;421.03;9.98;UNKNOWN
2016-04-11T07:19:58.000000;2016-04-11T07:19:58.000000;cb971cd9-e4c9-44f2-a240-9123a0e3ac06;421.09;4.61909766;UNKNOWN
2016-04-11T07:20:45.000000;2016-04-11T07:20:45.000000;1915317d-3960-43c1-97d1-b58b18c2f160;421.03;9.98;UNKNOWN
2016-04-11T07:23:13.000000;2016-04-11T07:23:13.000000;25530a77-1b89-441d-aabb-64a5636c62ff;420.94;0.4165764;UNKNOWN
2016-04-11T07:23:13.000000;2016-04-11T07:23:13.000000;6dc7adad-0947-4143-8974-1d1068df0184;420.94;0.02665526;UNKNOWN
2016-04-11T07:23:13.000000;2016-04-11T07:23:13.000000;45155e12-6e46-45ed-9f20-e2039621e9f7;421.1;0.05639741;UNKNOWN
2016-04-11T07:23:13.000000;2016-04-11T07:23:13.000000;e0052ba7-f7f9-433a-8000-2f71d82fbb3f;420.94;0.03234474;UNKNOWN
2016-04-11T07:23:19.000000;2016-04-11T07:23:19.000000;0b6f76d5-5e82-4e01-a190-c2f965e44132;421.1;0.09042324;UNKNOWN
2016-04-11T07:23:26.000000;2016-04-11T07:23:26.000000;24998c5c-4052-4da3-87de-766309bd6205;421.1;0.05639568;UNKNOWN
2016-04-11T07:23:31.000000;2016-04-11T07:23:31.000000;e89fbff3-e54b-42b0-8479-20ae88cc3b9a;421.1;0.71204427;UNKNOWN
2016-04-11T07:23:32.000000;2016-04-11T07:23:32.000000;f1eae786-0ed2-4a57-b812-ac6b4bde975a;421.1;0.33203019;UNKNOWN
2016-04-11T07:23:32.000000;2016-04-11T07:23:32.000000;24c9df90-7334-4c08-be26-77c3f2553f29;420.99;0.4752955;UNKNOWN
2016-04-11T07:23:33.000000;2016-04-11T07:23:33.000000;b0332219-e180-4450-bb1d-ca8c8364dac9;421.1;0.71204426;UNKNOWN
2016-04-11T07:23:35.000000;2016-04-11T07:23:35.000000;10bc6f8e-988b-44f0-9484-aa11addd5ad9;420.99;0.4752955;UNKNOWN
2016-04-11T07:23:37.000000;2016-04-11T07:23:37.000000;795d712a-2a0a-4eec-9bf7-04ea4991064f;420.99;0.4752955;UNKNOWN
2016-04-11T07:23:37.000000;2016-04-11T07:23:37.000000;787851a5-48c5-4909-8f11-414dbb9677a4;421.1;0.71204426;UNKNOWN
2016-04-11T07:23:42.000000;2016-04-11T07:23:42.000000;a3614e59-e633-4de5-9aa5-0fd0dfbc2a50;420.99;3.61765519;UNKNOWN
2016-04-11T07:23:50.000000;2016-04-11T07:23:50.000000;26bc633b-2f96-4bbd-9e5e-de2304acbacb;420.99;0.4752955;UNKNOWN
2016-04-11T07:23:53.000000;2016-04-11T07:23:53.000000;c696399a-6e2c-48e6-bae5-2098f0eea9ee;421.1;0.71204426;UNKNOWN
2016-04-11T07:24:34.000000;2016-04-11T07:24:34.000000;412bc9bd-a21e-4127-afd9-f8f90bd3a9b8;420.91;0.94802296;UNKNOWN
2016-04-11T07:25:19.000000;2016-04-11T07:25:19.000000;09074232-0aae-46ea-8922-24d4ea41cf4a;420.91;0.0216417;UNKNOWN
2016-04-11T07:27:14.000000;2016-04-11T07:27:14.000000;70757553-4542-4e1d-86ad-71c26c3ad5c3;420.93;0.01;UNKNOWN
2016-04-11T07:27:21.000000;2016-04-11T07:27:21.000000;8eecb35b-d9fc-4a48-8aae-3258b3447d84;421.1;0.56551714;UNKNOWN
2016-04-11T07:27:59.000000;2016-04-11T07:27:59.000000;072357aa-ff21-4088-aa3b-3b0405e6dec7;420.94;0.01;UNKNOWN
2016-04-11T07:28:33.000000;2016-04-11T07:28:33.000000;ea36c74c-4da6-497a-8177-81e4fa3d8f16;421.1;0.59877198;UNKNOWN
2016-04-11T07:28:44.000000;2016-04-11T07:28:44.000000;6df6eee5-a437-4895-b62a-eff0492d7558;421.07;0.01;UNKNOWN
2016-04-11T07:29:29.000000;2016-04-11T07:29:29.000000;2b8d52b8-1ddd-4cfb-bdd8-855236a683ba;421.07;0.01;UNKNOWN
2016-04-11T07:30:17.000000;2016-04-11T07:30:17.000000;4b9630c5-164d-4ee7-9b56-62a807e740c3;420.95;0.01;UNKNOWN
2016-04-11T07:31:05.000000;2016-04-11T07:31:05.000000;d60a6459-559c-438a-a3f7-5aa13c89f5bc;420.95;0.01;UNKNOWN
2016-04-11T07:31:09.000000;2016-04-11T07:31:09.000000;4bd0ccea-09e4-4c15-9797-ef8ca5abb949;420.95;0.02;UNKNOWN
2016-04-11T07:34:24.000000;2016-04-11T07:34:24.000000;6e1abe17-f82f-4ae3-92e3-094985d0206b;421.31;0.16983169;UNKNOWN
2016-04-11T07:34:24.000000;2016-04-11T07:34:24.000000;2c64f74b-ed08-44b8-9a7f-241bb719591e;421.1;0.83016831;UNKNOWN
2016-04-11T07:34:31.000000;2016-04-11T07:34:31.000000;ae4ae37a-0a10-4b0f-baba-e9e906c67cc3;420.95;0.07955642;UNKNOWN
2016-04-11T07:35:08.000000;2016-04-11T07:35:08.000000;e49dddd0-f912-4af4-b1f3-9caf1977e5e7;421.31;0.34856772;UNKNOWN
2016-04-11T07:35:09.000000;2016-04-11T07:35:09.000000;bf071d34-9882-4102-a3a9-a43ed5136671;421.31;0.06517655;UNKNOWN
2016-04-11T07:35:09.000000;2016-04-11T07:35:09.000000;07f99103-e1ac-4801-a397-7e857a71cda4;421.31;0.08307086;UNKNOWN
2016-04-11T07:35:10.000000;2016-04-11T07:35:10.000000;14a31424-598a-4db2-b57a-36b281e84d91;421.31;0.03866965;UNKNOWN
2016-04-11T07:35:10.000000;2016-04-11T07:35:10.000000;02fef649-730e-487e-bb67-b4679486e948;421.31;0.06348443;UNKNOWN
2016-04-11T07:35:11.000000;2016-04-11T07:35:11.000000;d598ff56-68b0-4c80-acb3-f77a434bad0b;421.31;0.04238149;UNKNOWN
2016-04-11T07:35:11.000000;2016-04-11T07:35:11.000000;b4e114df-1df4-4ef5-92b3-b7d6ce10955c;421.31;0.29216329;UNKNOWN
2016-04-11T07:35:12.000000;2016-04-11T07:35:12.000000;78f482d0-8260-43fb-94a5-984259ed7102;421.31;0.05656396;UNKNOWN
2016-04-11T07:35:12.000000;2016-04-11T07:35:12.000000;71a9435b-fa74-4be7-997b-a5979d7185c1;421.31;0.04068937;UNKNOWN
2016-04-11T07:35:12.000000;2016-04-11T07:35:12.000000;da9d9c15-4df9-46a3-9347-1ef7e6718a4d;421.31;0.07890626;UNKNOWN
2016-04-11T07:35:13.000000;2016-04-11T07:35:13.000000;5a1d5702-4a1c-4c74-9381-7ae69ef86a57;421.31;0.06579132;UNKNOWN
2016-04-11T07:38:14.000000;2016-04-11T07:38:14.000000;0b7f6408-c86c-448f-a6ba-82aa88e6014f;420.99;0.241;UNKNOWN
2016-04-11T07:38:14.000000;2016-04-11T07:38:14.000000;f8c89651-6baf-4dd9-9262-61fac642b5aa;420.99;0.24;UNKNOWN
2016-04-11T07:38:14.000000;2016-04-11T07:38:14.000000;14fbd1ff-ecb8-40ce-b37e-dd5648f49295;420.99;0.17980085;UNKNOWN
2016-04-11T07:38:58.000000;2016-04-11T07:38:58.000000;fdd9511b-a441-471f-8a07-37239ead0cb8;420.99;0.239;UNKNOWN
2016-04-11T07:38:58.000000;2016-04-11T07:38:58.000000;0ab9014c-4c31-4eeb-93c2-f8a95c1368ef;420.99;0.241;UNKNOWN
2016-04-11T07:38:58.000000;2016-04-11T07:38:58.000000;c15f67de-205f-4905-99f7-5dd0ddfa556d;420.99;0.239;UNKNOWN
2016-04-11T07:38:58.000000;2016-04-11T07:38:58.000000;46953d97-360a-42fc-83b7-d72ec898b6a0;420.99;0.241;UNKNOWN
2016-04-11T07:38:58.000000;2016-04-11T07:38:58.000000;e209900f-9196-4359-a9cf-9ada69e75344;420.99;0.241;UNKNOWN
2016-04-11T07:38:58.000000;2016-04-11T07:38:58.000000;5b8b717e-40e4-465c-85f7-2f995ee50010;420.99;0.24;UNKNOWN
2016-04-11T07:38:58.000000;2016-04-11T07:38:58.000000;7ecd09cf-f54c-4872-8e9e-c0fb094662da;420.99;0.241;UNKNOWN
