time_exchange;time_coinpai;guid;price;base_amount;taker_side
2016-04-11T00:07:58.000000;2016-04-11T00:07:58.680000;34adaa9e-eea2-4c32-97a2-e9654b3fdb55;8.9299;50.0;BUY
2016-04-11T00:11:30.000000;2016-04-11T00:11:30.613000;1cb345d6-3224-4a97-9c90-e883fbe94f17;8.9329;24.11106648;SELL
2016-04-11T00:11:33.000000;2016-04-11T00:11:33.823000;d5bbd6c3-cd84-462c-95b1-ed77eee5e73f;8.9329;24.11106648;SELL
2016-04-11T00:11:35.000000;2016-04-11T00:11:35.827000;72f2f1df-6a77-4506-adde-b70acc36accc;8.9329;24.11106648;SELL
2016-04-11T00:11:42.000000;2016-04-11T00:11:42.470000;73697637-f769-4f39-a0d1-92ac7d9ab05b;8.9329;27.66680056;SELL
2016-04-11T00:14:45.000000;2016-04-11T00:14:45.490000;3134a065-55a5-463a-b613-9de4219b5116;8.865;22.71439959;SELL
2016-04-11T00:14:45.000000;2016-04-11T00:14:45.507000;cc788fcd-aa39-4329-8df6-1433351fece3;8.863;10.70560041;SELL
2016-04-11T00:14:46.000000;2016-04-11T00:14:46.463000;212b2b26-6cec-474d-8997-588c7eaa54fc;8.863;12.01392485;SELL
2016-04-11T00:19:32.000000;2016-04-11T00:19:32.210000;1162fb0a-219a-4735-846d-1cc8af20d3b5;8.563;114.8987;SELL
2016-04-11T00:19:32.000000;2016-04-11T00:19:32.220000;0e0eb9fc-2b85-45e8-95bf-80207aa2789f;8.56;6.7;SELL
2016-04-11T00:19:32.000000;2016-04-11T00:19:32.230000;68c6413d-4985-47c6-b943-4194559ea2b2;8.5581;23.5289553;SELL
2016-04-11T00:19:32.000000;2016-04-11T00:19:32.257000;40847c8f-e5cf-464b-b94a-0dc40a7d449a;8.5571;109.6848;SELL
2016-04-11T00:19:32.000000;2016-04-11T00:19:32.257000;ec37eff2-7666-4c39-88ce-447a1492f276;8.548;6.0175447;SELL
2016-04-11T00:19:33.000000;2016-04-11T00:19:33.920000;fc6c7436-abef-4fcb-b5d4-75c0681e094f;8.563;4.66;BUY
2016-04-11T00:23:50.000000;2016-04-11T00:23:50.287000;bf9dcf3c-69c4-4c1b-bb8e-c84f6f53dce0;8.58;24.11106648;BUY
2016-04-11T00:23:50.000000;2016-04-11T00:23:50.293000;ca69308b-a6c0-4550-912b-5cefe674cbc1;8.581;18.58379633;BUY
2016-04-11T00:23:50.000000;2016-04-11T00:23:50.297000;31335b40-c856-40a0-be2c-829d4eb150ba;8.582;79.62235439;BUY
2016-04-11T00:23:59.000000;2016-04-11T00:23:59.637000;441a6b0b-f1a8-4b1a-a448-639032854a84;8.577;24.11106648;BUY
2016-04-11T00:23:59.000000;2016-04-11T00:23:59.650000;5b47078b-fd36-4346-bef9-4ac34f551297;8.578;4.6;BUY
2016-04-11T00:23:59.000000;2016-04-11T00:23:59.657000;32aa314b-865f-4e90-9626-c3a7e021ffc4;8.578;2.1;BUY
2016-04-11T00:23:59.000000;2016-04-11T00:23:59.690000;df0c9ef3-9f7a-451b-a53e-1ffb0fb833c0;8.578;97.36629207;BUY
2016-04-11T00:24:23.000000;2016-04-11T00:24:23.263000;58fbe4b5-cac9-46c8-b0e4-1f77c766c0a8;8.574;116.7008;BUY
2016-04-11T00:24:23.000000;2016-04-11T00:24:23.270000;c9045eae-5597-4b8e-92ed-0b45146f6790;8.5749;144.0;BUY
2016-04-11T00:25:01.000000;2016-04-11T00:25:01.107000;7d81af2d-eb0b-491c-bcb0-fa187e8122de;8.58;0.1268;SELL
2016-04-11T00:26:49.000000;2016-04-11T00:26:49.143000;8c1ccd44-b7cc-4dfa-ae71-9982a57a8569;8.539;116.7875;BUY
2016-04-11T00:26:49.000000;2016-04-11T00:26:49.160000;fe061b7e-093e-4bb6-b618-cb40dfeae11c;8.5399;144.0;BUY
2016-04-11T00:27:44.000000;2016-04-11T00:27:44.177000;4c3afa8f-3954-49e1-afc6-a6e16510c830;8.564;227.8;SELL
2016-04-11T00:29:50.000000;2016-04-11T00:29:50.383000;674c98f9-9e6a-4b18-9fed-f00018c2466d;8.673;50.0;SELL
2016-04-11T00:30:02.000000;2016-04-11T00:30:02.423000;36607ebc-e561-4452-bf3c-5cec0d3d1d7e;8.685;23.18516435;SELL
2016-04-11T00:30:02.000000;2016-04-11T00:30:02.430000;5ed577bf-a326-4bc9-8eb9-d10c7036f616;8.685;10.99267094;SELL
2016-04-11T00:30:02.000000;2016-04-11T00:30:02.440000;f54858c8-ec8d-4d30-a43b-c451b9db9275;8.684;15.82216471;SELL
2016-04-11T00:30:12.000000;2016-04-11T00:30:12.797000;0e27cc3d-5552-43ca-af91-3499cf47f2ec;8.694;23.16116314;SELL
2016-04-11T00:30:12.000000;2016-04-11T00:30:12.810000;313adaaf-7152-4062-9b69-3118cf438932;8.693;26.83883686;SELL
2016-04-11T00:30:25.000000;2016-04-11T00:30:25.227000;38c99cef-509f-4d45-ae99-4ebfa1d230d4;8.705;23.13189573;SELL
2016-04-11T00:30:25.000000;2016-04-11T00:30:25.237000;9ff7b864-5ba3-4c5f-8d3b-12a0b337a472;8.704;26.86810427;SELL
2016-04-11T00:30:36.000000;2016-04-11T00:30:36.637000;cce5010e-d4ec-435d-9d44-64e02343ee19;8.714;50.0;SELL
2016-04-11T00:30:44.000000;2016-04-11T00:30:44.380000;09579cec-4a2b-405c-b05a-a8eba83f4e39;8.7989;60.71;BUY
2016-04-11T00:30:46.000000;2016-04-11T00:30:46.217000;b6b0ece0-6f21-4ee4-a958-cd5d3f9533dd;8.7989;59.369;BUY
2016-04-11T00:30:53.000000;2016-04-11T00:30:53.057000;d0a383b3-eb0b-4399-803c-a6156a47919b;8.799;5.851;SELL
2016-04-11T00:30:57.000000;2016-04-11T00:30:57.457000;0092aa64-1d0f-464d-a4a0-6503eef33ca4;8.79;44.149;BUY
2016-04-11T00:31:02.000000;2016-04-11T00:31:02.547000;f1deb978-19a0-43a3-931e-1b623674d91d;8.79;0.001;SELL
2016-04-11T00:31:20.000000;2016-04-11T00:31:20.927000;0b7c6af5-0cd9-4990-b2ae-91e217cdc0a3;8.75;1.6;SELL
2016-04-11T00:31:20.000000;2016-04-11T00:31:20.937000;bd58b10e-fb67-4f19-9452-e710a3abf968;8.749;48.4;SELL
2016-04-11T00:31:36.000000;2016-04-11T00:31:36.553000;fd4276ab-b201-46c3-ad8a-f3a98894d422;8.749;50.0;SELL
2016-04-11T00:31:46.000000;2016-04-11T00:31:46.670000;70f2d185-8f91-4eba-b5fc-1ee240fe03a0;8.75;50.0;SELL
2016-04-11T00:34:39.000000;2016-04-11T00:34:40.013000;70b0c5c0-c4ed-404e-9933-2c5c7152d8e6;8.75;23.74;SELL
2016-04-11T00:37:36.000000;2016-04-11T00:37:36.593000;b67e4500-7664-4d16-841a-f5df6a25fcfe;8.656;110.0;BUY
2016-04-11T00:37:50.000000;2016-04-11T00:37:50.250000;13708aab-045b-4be6-9b6d-35a78a1a8e4a;8.649;50.0;BUY
2016-04-11T00:37:59.000000;2016-04-11T00:37:59.887000;e124515a-76e6-47a9-94be-8f88e5b1dbf3;8.64;10.5971041;SELL
2016-04-11T00:38:00.000000;2016-04-11T00:38:00.273000;d26b2907-8cfb-4c6e-9a9f-df2506b24229;8.64;10.5971041;SELL
2016-04-11T00:38:01.000000;2016-04-11T00:38:01.057000;996827fd-892b-4413-8385-a19c86168359;8.64;10.5971041;SELL
2016-04-11T00:38:01.000000;2016-04-11T00:38:01.070000;96772e2a-022e-45c9-8cd9-184511b519cf;8.64;18.2086877;SELL
2016-04-11T00:38:05.000000;2016-04-11T00:38:05.253000;9629a3df-c573-433b-b01b-a2b94896d463;8.635;115.5346;BUY
2016-04-11T00:38:05.000000;2016-04-11T00:38:05.267000;1656fc78-d48b-48cf-bfb4-605ee787cb82;8.636;24.11106648;BUY
2016-04-11T00:38:05.000000;2016-04-11T00:38:05.270000;bcb02b4c-6de3-4d97-80c8-19cd38411ef4;8.639;5.69981099;BUY
2016-04-11T00:38:05.000000;2016-04-11T00:38:05.303000;60bd414b-d49c-4927-bc24-4d1a8de4466e;8.64;50.0;BUY
2016-04-11T00:38:06.000000;2016-04-11T00:38:06.663000;327c5ae5-b1d2-48a5-b7a7-495c4d63aaaf;8.64;204.65;SELL
2016-04-11T00:38:06.000000;2016-04-11T00:38:06.860000;aab85e0f-a20f-42ca-8f93-c716b1f81d9a;8.64;0.00452253;SELL
2016-04-11T00:38:18.000000;2016-04-11T00:38:18.777000;1f2df6d2-d01b-42d2-ab4a-f13fb1f4aa87;8.62;100.0;SELL
2016-04-11T00:38:21.000000;2016-04-11T00:38:21.683000;6d573189-04a7-41b5-a284-ea2bbdfe026b;8.619;50.0;BUY
2016-04-11T00:38:29.000000;2016-04-11T00:38:29.393000;0d4bbb3e-e82d-4b01-a72f-6da85e553a3b;8.617;24.11106648;BUY
2016-04-11T00:38:29.000000;2016-04-11T00:38:29.397000;9bcb3f1b-3540-4863-807a-bbe459ce498c;8.617;115.9786;BUY
2016-04-11T00:38:29.000000;2016-04-11T00:38:29.400000;b88c1ce0-1806-4de8-8781-2181aec74728;8.618;5.24949502;BUY
2016-04-11T00:38:29.000000;2016-04-11T00:38:29.433000;0c902e7c-f985-4f74-8eb5-4ebecb5becfc;8.619;1.6;BUY
2016-04-11T00:38:30.000000;2016-04-11T00:38:30.273000;67190323-7a72-4ed9-8514-72c874158c2e;8.62;24.11106648;SELL
2016-04-11T00:38:31.000000;2016-04-11T00:38:31.490000;af863bab-65cd-4ef7-bc1a-7c4712ecc924;8.62;0.19586704;SELL
2016-04-11T00:38:44.000000;2016-04-11T00:38:44.443000;98e48a03-b7c4-4154-8fcd-deacf512bec2;8.58;23.92788535;SELL
2016-04-11T00:38:50.000000;2016-04-11T00:38:50.777000;54ed6778-875b-4cab-8852-3b7e2003589f;8.59;55.0;SELL
2016-04-11T00:39:00.000000;2016-04-11T00:39:00.067000;a724ab42-125b-4ee2-8b9d-cdd4531a1161;8.59;2.39076898;BUY
2016-04-11T00:39:02.000000;2016-04-11T00:39:02.663000;8e0b97a5-a197-4f82-8091-2c0d5e0cad4a;8.58;26.07;SELL
2016-04-11T00:39:20.000000;2016-04-11T00:39:20.493000;067a6321-5302-474c-9cd2-bcaacc55a194;8.58;0.00211465;SELL
2016-04-11T00:39:20.000000;2016-04-11T00:39:20.503000;a7ee788c-dbb4-444e-92e1-5f2cb86f77a5;8.58;49.99788535;SELL
2016-04-11T00:39:45.000000;2016-04-11T00:39:45.803000;c26c7ec4-fcfe-453f-94c4-6da120bd9c46;8.58;0.00211465;SELL
2016-04-11T00:39:45.000000;2016-04-11T00:39:45.810000;bcef4470-f305-4cfc-93c4-00d809ee8c38;8.58;3.80206274;SELL
2016-04-11T00:39:48.000000;2016-04-11T00:39:48.047000;9762d405-067b-4fb0-aba7-24879d54a72c;8.58;3.80417739;SELL
2016-04-11T00:39:51.000000;2016-04-11T00:39:51.230000;d1154645-b6cd-40b0-b1b6-dfe45bf08349;8.58;3.80417739;SELL
2016-04-11T00:39:53.000000;2016-04-11T00:39:53.610000;54039db0-b892-4422-b3c2-14af5d3cba2e;8.58;3.80417739;SELL
2016-04-11T00:40:01.000000;2016-04-11T00:40:01.533000;47ec73d7-aa96-4d21-9173-4577b31ae8d8;8.58;22.01;SELL
2016-04-11T00:40:01.000000;2016-04-11T00:40:01.913000;fd89e4e1-7b57-4b66-a908-fdf551b8f32d;8.58;12.77540509;SELL
2016-04-11T00:41:34.000000;2016-04-11T00:41:34.343000;93a93470-f146-4f94-b9a1-02aedf1b6ecf;8.57;116.4597;BUY
2016-04-11T00:42:42.000000;2016-04-11T00:42:42.553000;f307f200-5afe-4e1e-b729-11853f6d0795;8.5689;144.0;BUY
2016-04-11T00:42:42.000000;2016-04-11T00:42:42.563000;10ecf003-8191-41b6-af08-d93c18e05558;8.569;105.94;BUY
2016-04-11T00:42:43.000000;2016-04-11T00:42:43.917000;82bbccb3-882f-4935-8209-a92b818a4cf5;8.552;15.0;SELL
2016-04-11T00:42:50.000000;2016-04-11T00:42:50.970000;a2c3e19d-44c1-4cdc-9b3f-1ad2c1e9bbdc;8.5689;95.92;BUY
2016-04-11T00:43:06.000000;2016-04-11T00:43:06.917000;ba0297fc-cdb5-4625-9418-5bc11f66e7ab;8.5689;0.0032;BUY
2016-04-11T00:45:01.000000;2016-04-11T00:45:01.810000;a51fc76a-822b-4e75-8ded-1e4cf4978986;8.77;20.0;BUY
2016-04-11T00:45:31.000000;2016-04-11T00:45:31.607000;0030aba7-ed90-4a65-9d15-0565d186ad53;8.781;20.0;BUY
2016-04-11T00:46:20.000000;2016-04-11T00:46:20.583000;425625cc-624e-42ec-84a1-3c68d2974dc5;8.696;50.0;SELL
2016-04-11T00:46:21.000000;2016-04-11T00:46:21.370000;543afd64-5fb3-4a0a-a5a3-fc60cdf276c1;8.696;0.36;SELL
2016-04-11T00:46:28.000000;2016-04-11T00:46:28.377000;f462a87c-e39b-48bf-b47b-da0ac65b0c80;8.696;50.0;SELL
2016-04-11T00:48:10.000000;2016-04-11T00:48:10.917000;0b9b3704-c0e5-4810-baae-4704296722ff;8.624;10.0;SELL
2016-04-11T00:54:00.000000;2016-04-11T00:54:00.170000;01e1ed4e-a916-424a-b9eb-c3f139c1bd03;8.57;50.0;SELL
2016-04-11T00:54:09.000000;2016-04-11T00:54:09.927000;a7cc7284-9c94-4004-8d9d-fa400036e078;8.55;27.5;SELL
2016-04-11T00:54:11.000000;2016-04-11T00:54:11.810000;d87e6b98-c7fe-4e96-a59f-49aff4601ddd;8.55;22.5;SELL
2016-04-11T00:54:12.000000;2016-04-11T00:54:12.897000;b27ab09d-baf3-45b2-8b6e-e6830f239b84;8.54;0.0025;SELL
2016-04-11T00:54:12.000000;2016-04-11T00:54:12.907000;78cd2d68-8eb3-45f7-a760-e1b5e395f0f6;8.54;50.0;SELL
2016-04-11T00:54:12.000000;2016-04-11T00:54:12.910000;de34fbc6-e543-4fd8-9365-5f945e0de4ed;8.54;5.5675;SELL
2016-04-11T00:54:13.000000;2016-04-11T00:54:13.703000;66f0fb56-8e98-4b51-a2aa-e132388ee624;8.54;44.4325;SELL
2016-04-11T00:54:15.000000;2016-04-11T00:54:15.923000;bf5b4834-c203-40d6-97c3-5f11b9cc8055;8.52;2.96354011;SELL
2016-04-11T00:54:17.000000;2016-04-11T00:54:17.783000;4975908f-8ca4-4dcb-ac6d-0766b7ead2ac;8.52;20.6706327;SELL
2016-04-11T00:54:17.000000;2016-04-11T00:54:17.793000;3dbaf46c-49e4-4e48-bd42-352cd9935972;8.52;3.44043378;SELL
2016-04-11T00:54:17.000000;2016-04-11T00:54:18.203000;6fa21fbb-0a45-4eb6-a9bd-1b339d4d2a67;8.52;2.96354011;SELL
2016-04-11T00:54:18.000000;2016-04-11T00:54:18.397000;95f2473b-694a-498a-8e03-8d02f25f9d0d;8.52;24.11106648;SELL
2016-04-11T00:54:29.000000;2016-04-11T00:54:29.433000;6e4332b4-a3a2-468e-aecf-3a8033037e10;8.52;19.48;SELL
2016-04-11T00:57:51.000000;2016-04-11T00:57:51.593000;d8a33f39-1967-4a96-8cde-a9e543c1ce16;8.52;0.00495963;SELL
2016-04-11T01:00:06.000000;2016-04-11T01:00:06.273000;9a9e9c81-1592-4514-8f31-e65f945f97d0;8.5;0.66072823;SELL
2016-04-11T01:00:06.000000;2016-04-11T01:00:06.307000;2d8fe534-1883-4698-a9c9-52db785cdab1;8.5;24.11106648;SELL
2016-04-11T01:00:06.000000;2016-04-11T01:00:06.890000;1da50807-d4c9-45dc-8ca3-1b70ebe4fc92;8.5;1.66243613;SELL
2016-04-11T01:00:07.000000;2016-04-11T01:00:07.040000;ef4b0569-056f-4f69-be74-2a0e2cf18848;8.5;24.11106648;SELL
2016-04-11T01:00:08.000000;2016-04-11T01:00:08.417000;09efe076-0bd3-4800-a64e-29ee45ada7c9;8.5;1.34040617;SELL
2016-04-11T01:00:08.000000;2016-04-11T01:00:08.633000;39030d0f-d3e8-4886-a063-3b7971ff9fe4;8.5;24.11106648;SELL
2016-04-11T01:00:09.000000;2016-04-11T01:00:09.503000;48ca86b2-678d-452b-8849-e2766b8a5c9e;8.5;1.83895393;SELL
2016-04-11T01:00:10.000000;2016-04-11T01:00:10.390000;1c2250f6-3e0a-4e7f-9abe-af4aa58dd2c8;8.5;11.637672;SELL
2016-04-11T01:00:11.000000;2016-04-11T01:00:11.987000;74137680-a657-455a-bbbc-1622a058b3ed;8.5;6.00325835;SELL
2016-04-11T01:00:14.000000;2016-04-11T01:00:14.693000;dcb4024f-370d-432e-9e0b-6d7dabc48cf1;8.5;0.86984299;SELL
2016-04-11T01:00:14.000000;2016-04-11T01:00:14.890000;7b223a11-63a9-4aae-9f9a-d1f0d4753136;8.5;0.809838;SELL
2016-04-11T01:00:15.000000;2016-04-11T01:00:15.317000;c326d023-529a-4881-8057-135e4a153434;8.5;2.84366476;SELL
2016-04-11T01:00:15.000000;2016-04-11T01:00:15.323000;87e89f6c-0a15-47df-9df6-ea76782b5a16;8.5;64.67633524;SELL
2016-04-11T01:00:15.000000;2016-04-11T01:00:15.893000;3d93f8a4-472c-463d-8a5f-f32dc8c1dc31;8.5;35.32366476;SELL
2016-04-11T01:00:19.000000;2016-04-11T01:00:19.383000;736d0eed-666d-4471-8e2b-42085b16f87a;8.48;0.2;SELL
2016-04-11T01:00:58.000000;2016-04-11T01:00:58.927000;5593aaf6-d744-4cee-a630-f94d1bdae34b;8.499;20.0;BUY
2016-04-11T01:01:23.000000;2016-04-11T01:01:23.193000;9b77eb70-9f08-40f2-aa92-2cc670ac92fc;8.499;20.0;BUY
2016-04-11T01:13:31.000000;2016-04-11T01:13:31.693000;ffc404ce-39b0-49c6-a546-10e91704eef5;8.5;5.98661155;BUY
2016-04-11T01:13:31.000000;2016-04-11T01:13:31.700000;5100c996-6a65-4e35-a2c9-87017562c9f0;8.515;104.01338845;BUY
2016-04-11T01:13:35.000000;2016-04-11T01:13:35.590000;2e113d7b-51aa-4986-9ce9-38465e333b31;8.5149;24.15938525;BUY
2016-04-11T01:25:06.000000;2016-04-11T01:25:07.073000;922f5800-91d9-4fa8-bdc9-63d0ad45fa5b;8.534;3.9;SELL
2016-04-11T01:25:06.000000;2016-04-11T01:25:07.073000;8ed1db47-91d5-4c4a-ad62-4c61b684bc0a;8.533;1.54160803;SELL
2016-04-11T01:37:23.000000;2016-04-11T01:37:23.147000;97dd0242-381e-4d45-b6f0-ecfe6db1de75;8.504;116.3276;SELL
2016-04-11T01:38:00.000000;2016-04-11T01:38:00.670000;3a24608e-4990-4f7d-97a1-753e1195c5f4;8.502;19.39184726;SELL
2016-04-11T02:02:25.000000;2016-04-11T02:02:25.437000;066be170-1134-4af3-90aa-1d2d806c51bc;8.52;117.098;BUY
2016-04-11T02:03:54.000000;2016-04-11T02:03:54.657000;a8ceb354-e032-4a80-a81d-c7711881bea2;8.6109;3.9;BUY
2016-04-11T02:03:54.000000;2016-04-11T02:03:54.670000;9d61d8c4-2833-4ceb-9735-e0347bceed70;8.611;1.1;BUY
2016-04-11T02:07:28.000000;2016-04-11T02:07:28.240000;2478a735-c3ac-46ca-ab75-447fe903f1a2;8.535;0.59;SELL
2016-04-11T02:11:09.000000;2016-04-11T02:11:09.843000;d18737cd-d8ed-4637-973e-f04ed28e7af2;8.5849;0.5;BUY
2016-04-11T02:11:15.000000;2016-04-11T02:11:15.617000;43afca69-cfa1-4bda-8153-7fc9a952dca8;8.586;13.16415865;SELL
2016-04-11T02:11:41.000000;2016-04-11T02:11:41.237000;61c8cbbf-8b65-4e5a-a7c9-1973e244991a;8.586;50.0;SELL
2016-04-11T02:11:46.000000;2016-04-11T02:11:46.887000;bda12c1a-505c-4212-8084-1719bb9b718f;8.6149;0.74855589;BUY
2016-04-11T02:11:46.000000;2016-04-11T02:11:46.897000;0a0a0ae7-8566-4bf8-8f5b-5378ad795aa8;8.6159;0.25144411;BUY
2016-04-11T02:11:47.000000;2016-04-11T02:11:47.790000;b3117a22-b045-4d95-8417-48e7f359cca2;8.584;34.42400889;SELL
2016-04-11T02:11:47.000000;2016-04-11T02:11:47.803000;b7b96adc-8e33-46dc-bf2f-f0f48efb47db;8.584;34.42400889;SELL
2016-04-11T02:11:47.000000;2016-04-11T02:11:47.813000;cf41a6de-4cc8-42ad-965d-65cd3e208aae;8.584;0.87408077;SELL
2016-04-11T02:42:59.000000;2016-04-11T02:42:59.257000;a39e9c31-c65a-4a70-af55-0a5d1865447c;8.601;33.72085478;BUY
2016-04-11T02:43:02.000000;2016-04-11T02:43:02.363000;7c951238-9161-409c-b80e-0a5f0d8e4bc6;8.6019;1.50312737;BUY
2016-04-11T02:43:02.000000;2016-04-11T02:43:02.553000;7f0b3df1-cd81-424f-b3ac-ef5eeb19410b;8.6019;1.50312737;BUY
2016-04-11T02:43:02.000000;2016-04-11T02:43:03.200000;e9e8e395-1325-4890-82c2-8497a0171dcb;8.6019;23.18520102;BUY
2016-04-11T02:43:03.000000;2016-04-11T02:43:04.000000;f3e13d2f-a9e3-472f-b429-7647cf8bbfa9;8.6019;18.6081031;BUY
2016-04-11T02:43:04.000000;2016-04-11T02:43:04.627000;94ac8f7e-ed3d-4036-8e98-f1efd08662d4;8.6019;1.50312697;BUY
2016-04-11T02:43:05.000000;2016-04-11T02:43:05.397000;b7ed4832-35e9-4f38-80a8-c56616279267;8.6019;15.18981565;BUY
2016-04-11T02:43:05.000000;2016-04-11T02:43:05.540000;ad237fb1-47d6-4233-a358-40d762a66d78;8.6019;1.50312697;BUY
2016-04-11T02:43:06.000000;2016-04-11T02:43:06.707000;6c6d6e79-4f7d-4256-8387-8150a077dfaf;8.6019;6.75659514;BUY
2016-04-11T02:43:06.000000;2016-04-11T02:43:06.840000;06b8ac55-b38b-4d70-8fae-045d05f72948;8.6019;15.18981565;BUY
2016-04-11T02:43:07.000000;2016-04-11T02:43:07.653000;98b1a14e-9404-4c78-b957-d50240e45588;8.6019;11.05796076;BUY
2016-04-11T02:43:07.000000;2016-04-11T02:43:07.683000;f5fde763-9ae8-4ae4-9042-a73bfe9818a2;8.6169;0.43801372;BUY
2016-04-11T02:43:19.000000;2016-04-11T02:43:19.790000;c5c9fd6b-3cd9-4c53-95ab-f0da187b2112;8.613;1.70045211;SELL
2016-04-11T02:43:19.000000;2016-04-11T02:43:19.800000;3cc7d8a1-20c7-4ca9-b84b-d55af44ae21b;8.6129;6.31858142;SELL
2016-04-11T02:43:19.000000;2016-04-11T02:43:19.800000;67500354-61b1-4cec-85bd-72d999950fc6;8.612;41.98096647;SELL
2016-04-11T02:43:31.000000;2016-04-11T02:43:31.830000;0359554c-7b4e-4923-9813-2b1b1ead0c68;8.6129;21.94641079;SELL
2016-04-11T02:43:31.000000;2016-04-11T02:43:31.840000;be4770b6-d9a8-4bc3-b30f-41cb9e109ff2;8.6129;6.31858142;SELL
2016-04-11T02:43:31.000000;2016-04-11T02:43:31.847000;73b5ac28-7150-4467-87f5-6a078998c551;8.612;21.73500779;SELL
2016-04-11T02:43:42.000000;2016-04-11T02:43:42.570000;21b940f8-a0aa-4158-8fc0-335725fb5ba4;8.63;21.94;BUY
2016-04-11T02:43:43.000000;2016-04-11T02:43:43.553000;0b17fe18-f599-4981-845e-bd98f71d18fc;8.63;12.48400889;BUY
2016-04-11T02:43:52.000000;2016-04-11T02:43:52.187000;08919c44-ece8-4eba-b627-6a3fbe52ad73;8.634;31.717;SELL
2016-04-11T02:45:09.000000;2016-04-11T02:45:09.890000;ca310f0f-a9b5-4b22-a911-3f0dc2586c4f;8.68;50.0;BUY
2016-04-11T02:45:33.000000;2016-04-11T02:45:33.963000;f9e38326-9383-4cd5-acbb-918cb545e5dd;8.7;20.42;BUY
2016-04-11T02:45:34.000000;2016-04-11T02:45:34.203000;d0755839-20a6-4710-85bc-511b72fc76e3;8.7;29.58;BUY
2016-04-11T02:46:03.000000;2016-04-11T02:46:03.933000;124630cf-37ee-4529-8326-e5555f550860;8.71;1.50311818;BUY
2016-04-11T02:46:04.000000;2016-04-11T02:46:04.300000;259334dc-ef69-43d6-be13-17b4c1130fb0;8.71;25.96;BUY
2016-04-11T02:46:04.000000;2016-04-11T02:46:04.783000;f7e3cb15-77e9-457c-906f-2f14d66e414d;8.71;22.53688182;BUY
2016-04-11T02:46:22.000000;2016-04-11T02:46:22.833000;ac1ca7d7-ae3e-4f0a-9047-19336cd17bd0;8.72;1.0;BUY
2016-04-11T02:46:34.000000;2016-04-11T02:46:34.783000;2bbf8e65-a22c-49ae-a9f3-59135499457e;8.72;49.0;BUY
2016-04-11T02:46:35.000000;2016-04-11T02:46:35.620000;59a76cc5-f1ee-46aa-9b4c-cefefbecc51d;8.75;1.0;BUY
2016-04-11T02:46:56.000000;2016-04-11T02:46:56.790000;471c1149-ddb9-4f86-8752-eba6d27af895;8.75;2.0;BUY
2016-04-11T02:49:10.000000;2016-04-11T02:49:11.003000;f9ab599b-dfb0-40eb-b083-07461cd0b0e1;8.728;113.76;SELL
2016-04-11T02:50:02.000000;2016-04-11T02:50:02.823000;3fd2b807-d47b-4eb3-941d-748962c1f3aa;8.646;2.5;SELL
2016-04-11T02:50:02.000000;2016-04-11T02:50:02.827000;c2b8c9bb-ff94-4ba5-8b5f-ff523cbff680;8.645;2.5;SELL
2016-04-11T02:52:50.000000;2016-04-11T02:52:50.350000;94ea7571-8b7c-4551-983f-f38561c8af0b;8.713;4.3;SELL
2016-04-11T02:52:50.000000;2016-04-11T02:52:50.360000;c9238d00-5e15-4760-bc7f-7d425c3d0e2d;8.712;109.4706;SELL
2016-04-11T02:54:07.000000;2016-04-11T02:54:07.383000;d778cc97-8cc2-46a7-999e-319755795247;8.73;4.9417;BUY
2016-04-11T02:55:53.000000;2016-04-11T02:55:53.280000;fb9303dc-0c67-43bd-a5ba-8fb6ece8b446;8.73;24.14661585;BUY
2016-04-11T02:55:54.000000;2016-04-11T02:55:54.817000;1b6faa2d-7c20-4f3a-b0a2-4c9ac1f6d7c9;8.73;20.91168415;BUY
2016-04-11T02:55:55.000000;2016-04-11T02:55:55.473000;b053e19c-2986-4d39-acd8-c1200feb7026;8.75;3.2349317;BUY
2016-04-11T02:58:50.000000;2016-04-11T02:58:50.217000;442b3785-3167-45cb-b862-9eae56e11434;8.711;5.0;SELL
2016-04-11T03:01:02.000000;2016-04-11T03:01:02.643000;1bbae542-fa3b-4e71-9b8b-226aee67dc60;8.72;0.83890067;BUY
2016-04-11T03:02:00.000000;2016-04-11T03:02:00.713000;e927107e-2a7e-4132-8ce2-8cda6b99bc61;8.72;9.96953908;BUY
2016-04-11T03:02:58.000000;2016-04-11T03:02:58.550000;01d1d593-e347-43a8-b070-95d401769e7d;8.719;6.8;BUY
2016-04-11T03:02:58.000000;2016-04-11T03:02:58.563000;7120f867-8866-4610-8e64-b11dbaa683ff;8.72;2.82064128;BUY
2016-04-11T03:03:56.000000;2016-04-11T03:03:56.460000;4e754ee6-7e8c-4d1d-88a6-b5c089a1505d;8.72;7.57020208;BUY
2016-04-11T03:09:16.000000;2016-04-11T03:09:16.427000;925d23da-f3d8-44f6-9acd-ca99f75c4c12;8.719;0.80967977;BUY
2016-04-11T03:10:30.000000;2016-04-11T03:10:30.930000;b9f0f1ce-adcd-45a5-ad5f-839fbacfb92f;8.719;24.14661585;BUY
2016-04-11T03:17:57.000000;2016-04-11T03:17:57.950000;ad3b0d86-8bf0-4388-9aa0-91bf2c825d74;8.72;28.80071689;BUY
2016-04-11T03:17:57.000000;2016-04-11T03:17:57.963000;e58deefb-bae1-48f6-b50c-67c9c070252e;8.747;1.19928311;BUY
2016-04-11T03:18:11.000000;2016-04-11T03:18:11.820000;724dab40-0b5f-47ef-be99-235cdfabba39;8.747;2.0;BUY
2016-04-11T03:18:20.000000;2016-04-11T03:18:20.673000;0e478b9b-9884-484a-9686-9b93e2a96943;8.747;1.0;BUY
2016-04-11T03:19:53.000000;2016-04-11T03:19:53.260000;52bb879e-63e7-40b3-a88b-68b5a3fe62a1;8.694;0.15066451;SELL
2016-04-11T03:26:50.000000;2016-04-11T03:26:50.087000;3e4a2dbe-dcb4-49b1-930d-d8c2c3d3f6d8;8.694;113.89343549;SELL
2016-04-11T03:26:50.000000;2016-04-11T03:26:50.477000;dab67a0b-0934-4d20-820b-c0485cf60520;8.69;23.0;BUY
2016-04-11T03:27:32.000000;2016-04-11T03:27:32.947000;faf4501b-b28f-4ec1-ac9f-dc562fd9a087;8.69;0.30204;BUY
2016-04-11T03:28:08.000000;2016-04-11T03:28:08.340000;c0d385eb-4444-4be3-967a-6354629821d8;8.69;1.31385497;BUY
2016-04-11T03:34:00.000000;2016-04-11T03:34:00.870000;b6f9c988-3436-47e8-b346-56344cf974b3;8.69;0.00527123;BUY
2016-04-11T03:51:07.000000;2016-04-11T03:51:08.017000;fcec62d7-7d76-4471-a8fd-1d1123ec8dc5;8.704;99.89999999;SELL
2016-04-11T03:54:35.000000;2016-04-11T03:54:35.073000;60240c20-8b46-4d49-93c1-68d08d97f297;8.71;50.0;BUY
2016-04-11T03:55:03.000000;2016-04-11T03:55:04.033000;c6bd8a47-21dc-470d-8acf-5c4cc9e3894c;8.72;47.01;BUY
2016-04-11T03:55:20.000000;2016-04-11T03:55:20.473000;7975cb53-f554-4f9c-a0d2-6f71d7d21031;8.72;2.99;BUY
2016-04-11T03:55:37.000000;2016-04-11T03:55:37.153000;6ded5507-29bf-48de-9ca9-a4a77ac6d63d;8.73;24.14661567;BUY
2016-04-11T03:55:37.000000;2016-04-11T03:55:37.840000;0d648e42-89d4-4677-bee8-a1ba554c1c18;8.73;24.14661567;BUY
2016-04-11T03:55:38.000000;2016-04-11T03:55:38.503000;30f189d0-856e-450c-a09c-50bce970a9f0;8.73;1.70676866;BUY
2016-04-11T03:55:39.000000;2016-04-11T03:55:39.333000;31e68dd4-e4bf-4f0f-ad5a-076389d0797b;8.74;1.70676866;BUY
2016-04-11T03:55:49.000000;2016-04-11T03:55:49.503000;d28d909b-23c6-4667-a40b-7ba4029a39aa;8.74;1.70676866;BUY
2016-04-11T03:55:55.000000;2016-04-11T03:55:55.590000;ff4b2abb-270c-4d5d-9302-a0f29a6d0bc7;8.74;2.8;BUY
2016-04-11T03:56:44.000000;2016-04-11T03:56:44.137000;d44dd8b9-3ed5-4e66-86a7-9b593150db66;8.74;24.10314325;BUY
2016-04-11T03:56:45.000000;2016-04-11T03:56:45.297000;5393e87d-09de-4348-bf09-95d8a51ca21f;8.74;19.68331943;BUY
2016-04-11T03:56:46.000000;2016-04-11T03:56:46.247000;f95003bb-0e3a-404a-a615-6481981c6364;8.75;4.46329628;BUY
2016-04-11T03:58:03.000000;2016-04-11T03:58:03.887000;231fdcd4-ec45-44de-b5bb-770c305049c8;8.75;4.98864097;BUY
2016-04-11T03:58:07.000000;2016-04-11T03:58:07.483000;86eaef12-a2c7-4fd0-a881-a4d8602b39e5;8.75;4.98864097;BUY
2016-04-11T03:58:07.000000;2016-04-11T03:58:07.550000;203faa8f-b7cc-4ba4-b3ae-b1dfdd8f7df8;8.75;24.14661585;BUY
2016-04-11T03:58:08.000000;2016-04-11T03:58:08.590000;8cac4ac8-2796-41f8-a744-2561e1ea072d;8.75;5.17787423;BUY
2016-04-11T03:58:08.000000;2016-04-11T03:58:08.600000;fddd020e-5400-491f-a2a9-66df6706050e;8.75;8.91212577;BUY
2016-04-11T03:58:09.000000;2016-04-11T03:58:09.240000;06f40bbe-0ed7-4b98-831a-93ea13e32fc7;8.75;21.08787423;BUY
2016-04-11T03:58:11.000000;2016-04-11T03:58:11.687000;ebf780a7-83f1-4a1a-8dfd-eb5263d0ed3f;8.76;2.80546478;BUY
2016-04-11T03:58:14.000000;2016-04-11T03:58:14.183000;712b7b6b-f836-4143-bc2e-23653ea74206;8.76;2.808875;BUY
2016-04-11T03:58:16.000000;2016-04-11T03:58:16.880000;4c4d86b4-c4bd-4383-b9ba-c46f934fc34f;8.76;2.80546478;BUY
2016-04-11T03:58:17.000000;2016-04-11T03:58:17.937000;d42d6618-dd71-4c9b-8645-74a641be5d7b;8.76;2.26046493;BUY
2016-04-11T03:58:19.000000;2016-04-11T03:58:19.093000;6794daf6-f0e5-44f0-b143-05f7e096530f;8.76;2.808875;BUY
2016-04-11T03:58:24.000000;2016-04-11T03:58:24.407000;30008738-5996-4f90-9f5f-55961287d368;8.76;2.808875;BUY
2016-04-11T03:58:26.000000;2016-04-11T03:58:26.900000;0e300984-415d-45af-a613-48e3c1f75218;8.76;2.808875;BUY
2016-04-11T03:58:29.000000;2016-04-11T03:58:29.730000;dfd0709f-fdac-4197-bd28-68e372374621;8.76;2.808875;BUY
2016-04-11T03:58:31.000000;2016-04-11T03:58:32.047000;d7e22b86-8c92-4d35-8e16-03ff2ec8313a;8.76;10.02004008;BUY
2016-04-11T03:58:34.000000;2016-04-11T03:58:34.407000;5ab4cb3e-214e-4634-aa15-24d95b8ca901;8.76;1.0;BUY
2016-04-11T03:58:34.000000;2016-04-11T03:58:34.950000;3b78c03d-3b64-4269-a55f-d126d21f1927;8.76;17.06419043;BUY
2016-04-11T03:59:01.000000;2016-04-11T03:59:01.510000;3983372c-2ca7-4d08-85ef-84d7b7e98565;8.77;6.2294;BUY
2016-04-11T03:59:01.000000;2016-04-11T03:59:01.527000;0838e625-1f60-4966-840e-7eb98e6fd277;8.799;2.8;BUY
2016-04-11T03:59:01.000000;2016-04-11T03:59:01.547000;0f24f983-fdd8-4d00-a0c1-3e512ce2ebb7;8.8;30.9706;BUY
2016-04-11T04:02:19.000000;2016-04-11T04:02:19.967000;7f94671e-41c7-453c-9353-4e65b98a38f9;8.799;50.0;BUY
2016-04-11T04:03:16.000000;2016-04-11T04:03:16.193000;b7373eae-9557-4ed2-92e2-b4fbec334864;8.78;1.0;SELL
2016-04-11T04:03:16.000000;2016-04-11T04:03:16.207000;27e02848-9ea9-4491-b81e-37edbf91de49;8.78;1.0;SELL
2016-04-11T04:03:16.000000;2016-04-11T04:03:16.220000;a4efe178-2659-4f71-8441-cbd1a32c88d7;8.78;20.0;SELL
2016-04-11T04:05:36.000000;2016-04-11T04:05:36.633000;648388b7-8f1a-46b4-8cf2-ad42c04843db;8.751;0.4218;SELL
2016-04-11T04:05:39.000000;2016-04-11T04:05:39.440000;4dfe8373-9457-43f5-abc3-150b141a5dd0;8.751;0.32975914;SELL
2016-04-11T04:10:44.000000;2016-04-11T04:10:44.200000;cbb09d51-933f-4cb6-89d9-4f8223926ee8;8.75;4.98864097;SELL
2016-04-11T04:27:46.000000;2016-04-11T04:27:47.263000;d4760981-c3e2-4ded-b4d2-9168a263cb68;8.74;1.0;SELL
2016-04-11T04:27:46.000000;2016-04-11T04:27:47.277000;3b6a7c17-8b38-4208-bab5-dba6a334bdab;8.74;1.0;SELL
2016-04-11T04:33:54.000000;2016-04-11T04:33:54.377000;3ccc2ec7-10dd-4b71-ad98-5027e44c369b;8.722;20.38006339;BUY
2016-04-11T04:39:10.000000;2016-04-11T04:39:10.147000;4ebabc72-ab85-4bf4-b875-14b5840d1aa2;8.69;5.0;SELL
2016-04-11T04:39:41.000000;2016-04-11T04:39:41.850000;3092bd90-5f76-4f03-939a-45fc1823a99a;8.68;120.1;SELL
2016-04-11T04:39:42.000000;2016-04-11T04:39:42.433000;e572d64c-86ee-4bbd-b536-fbcd62031eaf;8.68;79.9;SELL
2016-04-11T04:47:42.000000;2016-04-11T04:47:42.863000;9f8f5c60-f064-40ff-932a-824395f2f5c9;8.65;5.21;SELL
2016-04-11T04:47:45.000000;2016-04-11T04:47:45.040000;0455f064-4e34-43cd-9785-31bb46594a55;8.65;4.79;SELL
2016-04-11T04:47:45.000000;2016-04-11T04:47:45.050000;9dfe6312-8cb6-41c3-8b37-57412356199e;8.65;5.0;SELL
2016-04-11T04:54:06.000000;2016-04-11T04:54:06.480000;8f9c1110-fa33-4139-ba15-99af58e4fbce;8.622;10.0;BUY
2016-04-11T04:54:37.000000;2016-04-11T04:54:37.557000;f6a7f644-e7b3-4d77-97e0-5b1affb3f3cb;8.61;10.0;SELL
2016-04-11T05:01:53.000000;2016-04-11T05:01:53.663000;81df23ce-f9f1-4753-8984-4949e5805be1;8.6019;4.44348773;SELL
2016-04-11T05:05:04.000000;2016-04-11T05:05:04.313000;77109973-bf37-4964-97ea-ad5611520543;8.6;9.6;SELL
2016-04-11T05:06:28.000000;2016-04-11T05:06:28.350000;caf4173b-6da3-4de2-add2-1b37291ae9e5;8.6;6.60738375;SELL
2016-04-11T05:06:31.000000;2016-04-11T05:06:31.683000;f9e143c9-28ef-4116-b283-2bd8bf550694;8.6;6.60738375;SELL
2016-04-11T05:09:26.000000;2016-04-11T05:09:26.927000;6bcc3f73-9f23-4f08-b014-db4eda6b0ecd;8.6;7.58;SELL
2016-04-11T05:09:28.000000;2016-04-11T05:09:28.247000;c7da85b0-9cec-4a79-9f21-2863c443926f;8.6;11.99;SELL
2016-04-11T05:09:33.000000;2016-04-11T05:09:33.230000;4a5dc6cd-efb2-40c0-85c0-11ea8d6b9fd0;8.6;3.49114406;SELL
2016-04-11T05:09:36.000000;2016-04-11T05:09:36.377000;0642f533-90d3-4a5a-8a9a-de277ab71e05;8.6;3.48582061;SELL
2016-04-11T05:09:38.000000;2016-04-11T05:09:38.473000;6f6c3a2e-ea20-4dac-aa75-b2b78cfda363;8.6;3.49114406;SELL
2016-04-11T05:09:41.000000;2016-04-11T05:09:41.423000;38301ffa-ab22-4688-baa8-f0620a0dc81b;8.6;3.48582061;SELL
2016-04-11T05:09:44.000000;2016-04-11T05:09:44.563000;d6657ba4-7768-404e-90c6-45c00c291a2a;8.6;3.48582061;SELL
2016-04-11T05:09:46.000000;2016-04-11T05:09:46.600000;3be42381-e2db-4c13-a386-3c45a5990337;8.6;3.49114406;SELL
2016-04-11T05:09:48.000000;2016-04-11T05:09:48.920000;23170634-04de-416e-aa64-cd95d5fad2b7;8.6;3.49114406;SELL
2016-04-11T05:09:58.000000;2016-04-11T05:09:58.077000;4fa5213d-5855-498f-8965-e753326cccdd;8.6;3.49114406;SELL
2016-04-11T05:10:00.000000;2016-04-11T05:10:00.103000;0eaf15fb-d28a-4467-a1ac-4e51e3973e18;8.6;3.53736981;SELL
2016-04-11T05:10:03.000000;2016-04-11T05:10:03.153000;7557d5c5-8e56-4da7-a50f-16d864d92c03;8.6;3.49114406;SELL
2016-04-11T05:10:06.000000;2016-04-11T05:10:06.197000;8bc54917-984b-467b-861d-ebd9c190e670;8.6;3.49114406;SELL
2016-04-11T05:10:08.000000;2016-04-11T05:10:08.897000;df2a1853-cc7e-4ac0-bf17-f84133763bef;8.6;3.49114406;SELL
2016-04-11T05:10:40.000000;2016-04-11T05:10:40.930000;462fd981-cd29-4557-a152-a63de2337c6c;8.601;115.6681;BUY
2016-04-11T05:10:40.000000;2016-04-11T05:10:40.937000;a3df3588-692e-439b-8a08-7dba65b04b2c;8.602;3.78;BUY
2016-04-11T05:12:03.000000;2016-04-11T05:12:03.563000;f178fdc1-8b1b-44b9-a899-349071e2bbe5;8.651;3.6744;SELL
2016-04-11T05:16:56.000000;2016-04-11T05:16:56.680000;b0b430ac-cdb4-4a0f-a471-9001dac917f9;8.786;16.74651753;BUY
2016-04-11T05:18:42.000000;2016-04-11T05:18:42.920000;770e2414-6899-429a-8b93-2a5a4fcab8b8;8.783;0.74855589;BUY
2016-04-11T05:18:42.000000;2016-04-11T05:18:42.920000;dc8d4f23-1e27-43b0-b0fb-d378835fcd73;8.8;1.25144411;BUY
2016-04-11T05:18:46.000000;2016-04-11T05:18:46.523000;2910cda4-7e3a-4b04-9f0b-59f300da1fbe;8.797;0.74855589;BUY
2016-04-11T05:18:46.000000;2016-04-11T05:18:46.533000;944fa823-aaac-4766-8ec5-7d211d8ed23b;8.7979;2.0567;BUY
2016-04-11T05:18:46.000000;2016-04-11T05:18:46.540000;812aad47-6560-447a-965e-7f79f02dd3b5;8.798;2.19474411;BUY
2016-04-11T05:29:34.000000;2016-04-11T05:29:34.747000;da842bda-86e9-495d-b111-31fbf5fd22d4;8.75;1.0;SELL
2016-04-11T05:29:34.000000;2016-04-11T05:29:34.760000;e37b1ee0-e79d-41a5-a321-e23443322a87;8.75;1.0;SELL
2016-04-11T05:30:51.000000;2016-04-11T05:30:51.873000;e1e5b76e-4912-4112-8455-6d23abb47215;8.787;5.0;BUY
2016-04-11T05:33:10.000000;2016-04-11T05:33:10.957000;44ec40f0-400d-46cb-8534-2fea13658453;8.722;0.7372;SELL
2016-04-11T05:54:10.000000;2016-04-11T05:54:10.160000;5d496c13-d392-4320-bd50-30de7d2c5d1b;8.7979;0.11;BUY
2016-04-11T05:57:01.000000;2016-04-11T05:57:01.870000;326c1e1f-1465-438c-be81-49f9e950d408;8.72;10.0;SELL
2016-04-11T05:57:01.000000;2016-04-11T05:57:01.883000;8cd9aa25-8a10-4dbd-b083-937be0bc66e3;8.72;20.0;SELL
2016-04-11T05:58:07.000000;2016-04-11T05:58:07.760000;389f279a-9fac-4c54-ad37-b705894b9c5f;8.72;20.0;SELL
2016-04-11T05:58:45.000000;2016-04-11T05:58:45.160000;95fb8764-100e-4f65-88c6-f5e6c25a6f12;8.72;20.0;SELL
2016-04-11T06:00:26.000000;2016-04-11T06:00:26.703000;d31c1394-ca7d-4399-a920-46428ff6bdde;8.75;2.0;BUY
2016-04-11T06:02:53.000000;2016-04-11T06:02:53.473000;4d669014-c8dd-4d1c-9ac1-b670f3721857;8.75;28.0;BUY
2016-04-11T06:03:13.000000;2016-04-11T06:03:13.430000;ab360364-f87f-401d-8503-c9d7ac147fa2;8.8;17.77795589;BUY
2016-04-11T06:03:13.000000;2016-04-11T06:03:13.437000;938b9f7a-db2c-41d1-b553-312ca1d94ce6;8.932;2.22204411;BUY
2016-04-11T06:03:21.000000;2016-04-11T06:03:21.900000;4bf116e4-feb4-4db3-83d6-c9e53e04d17a;8.924;5.0;BUY
2016-04-11T06:04:34.000000;2016-04-11T06:04:34.393000;3a844cfb-de79-4366-b30a-18e7bb80778c;8.8;1.0;SELL
2016-04-11T06:04:41.000000;2016-04-11T06:04:41.537000;74568575-62d6-4af7-b9a2-8c56b8fd1b62;8.827;1.0;BUY
2016-04-11T06:04:45.000000;2016-04-11T06:04:45.853000;34923055-2530-4a80-8023-e8dbaf4eefbc;8.824;1.0;BUY
2016-04-11T06:09:44.000000;2016-04-11T06:09:44.983000;e4933ea7-6a81-42d3-abbd-fc2d99886cce;8.75;3.58;SELL
2016-04-11T06:10:09.000000;2016-04-11T06:10:09.250000;bc228577-ca8d-4bd1-9dc4-7ebed51aebc0;8.75;0.42;SELL
2016-04-11T06:10:09.000000;2016-04-11T06:10:09.260000;c697e41d-127d-4ed9-9005-51a73f03abdf;8.73;1.0;SELL
2016-04-11T06:10:09.000000;2016-04-11T06:10:09.267000;313bb2a7-6d6d-4c96-a12a-bd1cd8786220;8.71;20.0686266;SELL
2016-04-11T06:17:49.000000;2016-04-11T06:17:49.360000;6fbfe243-266c-4350-8fa0-f1e2a3752d1c;8.71;51.0556442;SELL
2016-04-11T06:17:53.000000;2016-04-11T06:17:53.340000;89bf561a-c650-44ad-b87a-b571c93e84ce;8.768;0.57;BUY
2016-04-11T06:20:42.000000;2016-04-11T06:20:42.813000;0c86841c-ff4c-415d-9793-a5bc7a78de0f;8.718;23.1926173;SELL
2016-04-11T06:20:42.000000;2016-04-11T06:20:42.833000;bf842b22-6993-4bb7-8c76-d9c7d552540a;8.717;112.8144;SELL
2016-04-11T06:20:42.000000;2016-04-11T06:20:42.850000;e36a5336-0874-4984-9eba-80c6807e1cc2;8.717;128.2;SELL
2016-04-11T06:20:42.000000;2016-04-11T06:20:42.870000;218d521f-be26-4928-94dd-83102fd03c9c;8.707;7.762183;SELL
2016-04-11T06:20:42.000000;2016-04-11T06:20:43.073000;e7c23ab6-49c6-452f-b83e-7f658d2c0dd5;8.704;113.7134;BUY
2016-04-11T06:20:43.000000;2016-04-11T06:20:43.363000;cdc95462-c225-47e0-87dc-94759677fadc;8.704;30.2873997;BUY
2016-04-11T06:20:44.000000;2016-04-11T06:20:46.893000;2a5a5938-9ca4-4b19-a387-f1cb83c21aba;8.77;8.26848644;SELL
2016-04-11T06:20:45.000000;2016-04-11T06:20:46.923000;b614ed94-1d8b-429c-9312-946808649e9d;8.77;33.23151356;SELL
2016-04-11T06:20:46.000000;2016-04-11T06:20:47.457000;05837df6-fdbe-4880-adab-d7ed3e3facf6;8.718;23.1926173;SELL
2016-04-11T06:20:46.000000;2016-04-11T06:20:47.493000;120ea1f6-c318-4bbb-b0d4-62691f34a51f;8.718;5.7;SELL
2016-04-11T06:20:55.000000;2016-04-11T06:20:55.450000;cc877229-d2cc-4788-8fc3-ba99bb6a7127;8.699;1.07849823;BUY
2016-04-11T06:20:55.000000;2016-04-11T06:20:55.457000;55f05398-693d-4725-b5e5-ca162e042572;8.702;53.26931177;BUY
2016-04-11T06:21:13.000000;2016-04-11T06:21:13.810000;e4759c69-1d16-4489-9f5f-ef417fdda832;8.604;1.0;SELL
2016-04-11T06:21:13.000000;2016-04-11T06:21:13.817000;b023f72e-b589-4606-8725-01f2f4f711bc;8.603;0.81764433;SELL
2016-04-11T06:21:13.000000;2016-04-11T06:21:13.820000;0b334e70-baa1-4e68-81bf-5e866295f2c5;8.603;26.33703005;SELL
2016-04-11T06:21:13.000000;2016-04-11T06:21:13.853000;11c1abd5-e4c3-41fc-abd2-505833883fa3;8.602;1.82018079;SELL
2016-04-11T06:21:27.000000;2016-04-11T06:21:27.470000;e59d6dff-82d0-4122-8d88-ebe3bfa85514;8.602;22.68773089;SELL
2016-04-11T06:21:42.000000;2016-04-11T06:21:42.410000;93cd1fb3-97c9-4085-bac2-c9c4f3dffe58;8.6;98.89;SELL
2016-04-11T06:21:44.000000;2016-04-11T06:21:44.853000;04d73d53-cb1e-42bc-ad75-90c9a24e3fc4;8.6;351.11;SELL
2016-04-11T06:23:33.000000;2016-04-11T06:23:33.397000;47ef5e43-21e0-4511-8613-9c5945924331;8.598;2.0;BUY
2016-04-11T06:24:47.000000;2016-04-11T06:24:47.657000;8bc45e2a-8c91-4e39-b9d6-77f40fffe0cb;8.548;10.0;SELL
2016-04-11T06:24:53.000000;2016-04-11T06:24:54.167000;d583eded-f271-404c-b1e0-9647016fb49c;8.5021;1.0;SELL
2016-04-11T06:26:50.000000;2016-04-11T06:26:50.713000;4bba1bf1-e285-40fd-a0f5-add3474660b6;8.54;24.33585466;SELL
2016-04-11T06:27:03.000000;2016-04-11T06:27:03.637000;d10aa4a9-abbd-4b40-b291-f239f2e822a1;8.597;2.0;BUY
2016-04-11T06:27:23.000000;2016-04-11T06:27:23.110000;ebcd2262-bdfa-4c45-bd2d-f5b4207bf349;8.597;4.7;BUY
2016-04-11T06:27:23.000000;2016-04-11T06:27:23.117000;0018efd3-7ed5-4ffb-b5e4-1ca33c8575a5;8.598;46.9006;BUY
2016-04-11T06:27:54.000000;2016-04-11T06:27:54.473000;ec38866f-71bb-4706-8410-cbdd8b4560c6;8.598;16.15;BUY
2016-04-11T06:27:55.000000;2016-04-11T06:27:55.583000;6903ccd4-2ef6-4419-b77d-759d03a22d6d;8.598;51.1713;BUY
2016-04-11T06:29:30.000000;2016-04-11T06:29:30.393000;ec92ba29-0c9a-4684-bfa0-6f29f327c59a;8.699;2.0;BUY
2016-04-11T06:36:58.000000;2016-04-11T06:36:58.470000;d234e2dd-9ce6-4f10-9364-c4e22383d6f9;8.7;24.0;BUY
2016-04-11T06:36:58.000000;2016-04-11T06:36:58.480000;35fdbbfa-cb7e-4d37-9ebb-7c9a71c1d8c7;8.769;2.0;BUY
2016-04-11T06:37:10.000000;2016-04-11T06:37:10.310000;ed73a4b5-d8cb-4d57-a194-f3d519b24c99;8.761;1.0;BUY
2016-04-11T06:40:41.000000;2016-04-11T06:40:41.270000;e5f8bcec-a20f-4cef-863a-8536694be2a4;8.715;100.0;BUY
2016-04-11T06:41:56.000000;2016-04-11T06:41:56.233000;2a10bafb-e1e1-4c9f-963a-cc85b40e784e;8.714;1.0;BUY
2016-04-11T06:56:27.000000;2016-04-11T06:56:27.330000;096d0439-7ec5-4c4a-81cd-9b81e6d23bb0;8.634;0.5989;SELL
2016-04-11T07:01:11.000000;2016-04-11T07:01:11.580000;e5386352-850a-47f2-bde4-2ef3e513cd63;8.697;1.0;BUY
2016-04-11T07:09:46.000000;2016-04-11T07:09:46.137000;788d867b-d21d-4f08-9c14-2f6a294faec8;8.639;1.2013;SELL
2016-04-11T07:23:19.000000;2016-04-11T07:23:19.513000;f53ab2a4-7e14-4c4d-9146-1b02c449094b;8.6216;1.30011202;SELL
2016-04-11T07:23:19.000000;2016-04-11T07:23:19.547000;a254d348-6cb1-4661-91de-2166f56e92d6;8.6206;3.121163;SELL
2016-04-11T07:25:19.000000;2016-04-11T07:25:19.230000;52a01782-7e17-4561-b10d-985c0e2d3e1c;8.585;1.06;SELL
2016-04-11T07:25:19.000000;2016-04-11T07:25:19.233000;b6ddc122-2857-4c28-8fc2-63998710dddc;8.584;38.94;SELL
2016-04-11T07:25:31.000000;2016-04-11T07:25:31.897000;67e6a443-c10c-4306-9f2d-c8117f894932;8.589;4.8;SELL
2016-04-11T07:25:31.000000;2016-04-11T07:25:31.903000;e56ab0e8-8e5e-4ae4-ace8-447ac0ade5e8;8.588;5.2;SELL
2016-04-11T07:27:17.000000;2016-04-11T07:27:17.987000;78751caa-ca80-4690-af7f-35a16d39afae;8.658;4.6;BUY
2016-04-11T07:27:17.000000;2016-04-11T07:27:18.000000;1dd6b632-8f60-4b98-af80-6aff776315ac;8.658;0.2;BUY
2016-04-11T07:27:17.000000;2016-04-11T07:27:18.003000;ae5e367b-c62c-4798-b453-421ae6d05873;8.659;115.1386;BUY
2016-04-11T07:27:17.000000;2016-04-11T07:27:18.037000;823cf362-4878-40b1-a7fd-3515b5859d68;8.6751;27.4502442;BUY
2016-04-11T07:28:32.000000;2016-04-11T07:28:32.990000;a316102e-2c1e-4cb0-a553-72cbb33645f9;8.656;115.5678;BUY
2016-04-11T07:28:32.000000;2016-04-11T07:28:33.000000;fc8371f3-ae8b-4543-995e-fa8aac0c9251;8.656;29.1292612;BUY
2016-04-11T07:28:32.000000;2016-04-11T07:28:33.007000;51de61cc-4a54-4fac-a122-c70eb86086d0;8.674;3.120983;BUY
2016-04-11T07:28:32.000000;2016-04-11T07:28:33.037000;45e7bfbe-972c-474e-997d-db55f364e0fe;8.68;0.3519;SELL
2016-04-11T07:35:08.000000;2016-04-11T07:35:08.763000;5c820ad4-b29c-482b-995e-3181592cbcde;8.58;17.13310858;SELL
2016-04-11T07:35:09.000000;2016-04-11T07:35:09.587000;03a8c7f3-cb92-47ac-9ce4-b6dbf48e6e15;8.58;3.20361558;SELL
2016-04-11T07:35:09.000000;2016-04-11T07:35:09.883000;95051c1b-e35e-45ef-b721-adf5a8ec50a6;8.58;4.08317258;SELL
2016-04-11T07:35:09.000000;2016-04-11T07:35:10.020000;3d04deaa-bbe5-4059-a48e-fe35dc21b95b;8.58;3.120443;SELL
2016-04-11T07:35:11.000000;2016-04-11T07:35:11.270000;867b7640-df91-4993-aa20-fb1c0fdd54d7;8.58;2.08317258;SELL
2016-04-11T07:35:11.000000;2016-04-11T07:35:11.853000;bb0501c9-f872-41e4-ae12-aeceaf9bc5f4;8.58;14.36237239;SELL
2016-04-11T07:35:12.000000;2016-04-11T07:35:12.513000;b13dc909-43af-465d-8d41-be701c458db1;8.58;3.89013689;SELL
2016-04-11T07:35:12.000000;2016-04-11T07:35:12.597000;ca16baaa-2324-41aa-8063-ddecd33a7ce1;8.58;2.1239784;SELL
2016-04-11T07:35:18.000000;2016-04-11T07:35:18.327000;09f9cd03-9c58-4da3-aded-bfe824639e29;8.5677;3.140552;SELL
2016-04-11T07:35:19.000000;2016-04-11T07:35:19.433000;346147b3-5713-4788-8643-798d7abc283c;8.54;0.65630338;SELL
2016-04-11T07:36:49.000000;2016-04-11T07:36:49.063000;fc4a09c2-c92b-43f4-8877-e580bfe3368d;8.541;20.0;SELL
2016-04-11T07:39:27.000000;2016-04-11T07:39:28.040000;c16ce6f4-3b36-49e4-aa50-1cd70b0f0e01;8.56;1.90072478;BUY
2016-04-11T07:43:13.000000;2016-04-11T07:43:13.057000;648abe23-bb1e-458f-9933-5b0a540b90e5;8.56;1.01035942;SELL
2016-04-11T07:50:05.000000;2016-04-11T07:50:05.633000;ef1d00c5-c3e7-4f80-bc53-e245738cf031;8.56;2.0;SELL
2016-04-11T07:50:16.000000;2016-04-11T07:50:16.510000;a4dacbe8-54b9-4dd7-bcbe-1cacf1b3ca94;8.56;24.32122858;SELL
2016-04-11T07:50:18.000000;2016-04-11T07:50:18.267000;ccdd20c0-f468-41e4-8ee1-b95b17c9a332;8.56;4.87104043;SELL
2016-04-11T07:50:20.000000;2016-04-11T07:50:20.653000;983451b8-450d-4922-8a68-78445b4c3346;8.56;5.0;SELL
2016-04-11T07:52:42.000000;2016-04-11T07:52:42.983000;e8cd6c7e-1e35-46d3-acfb-efa6dfcacb42;8.56;10.89664679;SELL
2016-04-11T07:52:59.000000;2016-04-11T07:52:59.527000;c41e80de-21f9-498d-8fe5-6c3e2799025d;8.54;24.3452721;SELL
2016-04-11T07:53:01.000000;2016-04-11T07:53:01.073000;5cc0512a-04c8-4345-9865-baccd3c7721c;8.54;0.66256986;SELL
2016-04-11T07:53:25.000000;2016-04-11T07:53:25.803000;82ff3fe3-b341-4a31-a7e3-b87077701276;8.52;7.31940873;SELL
2016-04-11T07:53:34.000000;2016-04-11T07:53:34.717000;7ace7683-2909-438c-b94a-88a616636dc5;8.52;24.40196195;SELL
2016-04-11T07:53:36.000000;2016-04-11T07:53:36.260000;2c755273-ea7b-4a5b-bcff-fdf234428f19;8.52;18.27862932;SELL
2016-04-11T08:04:50.000000;2016-04-11T08:04:50.483000;e9dffd77-a77b-4ba8-bf1b-5a3628ea1373;8.51;24.42979993;SELL
2016-04-11T08:06:33.000000;2016-04-11T08:06:33.160000;9a76b535-8091-4891-a6c3-bbe7fd4bae5e;8.51;10.02;SELL
2016-04-11T08:06:34.000000;2016-04-11T08:06:34.497000;0df550c0-9d01-4681-99c1-54725bc35a7f;8.51;12.36;SELL
2016-04-11T08:06:35.000000;2016-04-11T08:06:35.230000;15260b9a-2605-4683-8fdc-fa01a5ba21b2;8.51;3.19020007;SELL
2016-04-11T08:06:56.000000;2016-04-11T08:06:56.800000;5d67795a-4e1a-4ebb-9638-aec0ea694239;8.5;5.575761;SELL
2016-04-11T08:06:56.000000;2016-04-11T08:06:56.810000;4e111d1e-249b-4f5e-bf60-7f89fa6e17e1;8.5;1.714239;SELL
2016-04-11T08:06:57.000000;2016-04-11T08:06:57.650000;7f728a97-4ddf-4600-a266-1fb17ab0e216;8.5;3.285761;SELL
2016-04-11T08:06:57.000000;2016-04-11T08:06:57.660000;da78a08f-e2c7-486a-a178-da56b429b2a4;8.5;20.0;SELL
2016-04-11T08:07:11.000000;2016-04-11T08:07:11.103000;6bc26fe5-016b-4f85-bbf1-f00eb84770b8;8.5;47.0;BUY
2016-04-11T08:07:24.000000;2016-04-11T08:07:24.350000;b3289d04-5cbf-4652-b961-afa8f30c086e;8.484;3.16;BUY
2016-04-11T08:07:26.000000;2016-04-11T08:07:26.487000;ed7f5bf2-29d4-4dbb-93ac-ac45649fff7a;8.5;1.84;SELL
2016-04-11T08:09:15.000000;2016-04-11T08:09:15.190000;73b5a274-1584-44e9-b7d1-390d0764b2f2;8.4839;3.163324;SELL
2016-04-11T08:09:15.000000;2016-04-11T08:09:15.200000;9fb9a2b5-1a8d-43db-af64-177005f4c246;8.48;19.996676;SELL
2016-04-11T08:09:15.000000;2016-04-11T08:09:16.140000;ec4969aa-6365-4e1f-90ba-be74864e8ec9;8.48;0.003324;SELL
2016-04-11T08:10:26.000000;2016-04-11T08:10:26.783000;b6c8762f-6f95-4e2c-b5db-24dd5b0c9efa;8.46;3.42;SELL
2016-04-11T08:10:27.000000;2016-04-11T08:10:27.950000;1eb7093a-a983-4c48-97b7-6957fd0239ee;8.46;3.42;SELL
2016-04-11T08:10:28.000000;2016-04-11T08:10:28.773000;793b98b2-26d5-4138-aa2d-08f90cdb5711;8.46;3.55;SELL
2016-04-11T08:13:10.000000;2016-04-11T08:13:10.627000;8a5907ae-34cd-4ff4-b9ce-84d2ba616e58;8.46;9.61;SELL
2016-04-11T08:13:10.000000;2016-04-11T08:13:10.640000;1276bfb7-63fc-4670-a295-2ad533ee9d31;8.45;20.0;SELL
2016-04-11T08:13:10.000000;2016-04-11T08:13:10.647000;13ea26b0-b65d-4795-8c69-da5fe0691f73;8.44;20.0;SELL
2016-04-11T08:13:14.000000;2016-04-11T08:13:14.433000;96e391ad-81d7-4704-9332-e5be5ef17e1e;8.214;23.90920584;SELL
2016-04-11T08:13:14.000000;2016-04-11T08:13:14.437000;d91fd554-48e0-4b2b-9645-76ed756cb2a8;8.213;118.2063;SELL
2016-04-11T08:13:14.000000;2016-04-11T08:13:14.443000;5fa74091-f175-421a-8f09-c1ab88dc1ebc;8.213;7.48449416;SELL
2016-04-11T08:13:14.000000;2016-04-11T08:13:14.473000;4e5e1f4d-2d38-48cf-a5ef-74d5bf353a75;8.213;32.96799999;SELL
2016-04-11T08:13:14.000000;2016-04-11T08:13:14.473000;fa14667b-9471-4334-a2d1-605c38a05b22;8.213;1.0;SELL
2016-04-11T08:16:27.000000;2016-04-11T08:16:27.327000;9a4ea922-5b50-49b2-a545-b26f546412bb;8.311;41.68;SELL
2016-04-11T08:16:28.000000;2016-04-11T08:16:28.040000;03fd47ec-3f05-40ce-a7af-8008993b198f;8.311;23.85924572;SELL
2016-04-11T08:17:24.000000;2016-04-11T08:17:24.987000;952fd72c-5f77-46c1-93a7-e4cb50ef53d9;8.25;4.4;SELL
2016-04-11T08:17:27.000000;2016-04-11T08:17:27.507000;66a3845e-fcb0-4db4-a3c4-cb2ee9dcf707;8.25;0.0021;SELL
2016-04-11T08:17:27.000000;2016-04-11T08:17:27.513000;cf8072fa-11b1-42f4-8077-0681e7782f10;8.231;10.772965;SELL
2016-04-11T08:17:51.000000;2016-04-11T08:17:51.850000;34fe05de-0b76-4231-b7df-c000e68f4791;8.22;0.74930594;SELL
2016-04-11T08:18:26.000000;2016-04-11T08:18:26.513000;144b5625-c558-4f19-887d-44c93b9eb8f2;8.22;7.7;SELL
2016-04-11T08:18:38.000000;2016-04-11T08:18:38.783000;271dcef1-78a3-4aef-bc21-cee6e96a06f3;8.22;3.0;SELL
2016-04-11T08:18:48.000000;2016-04-11T08:18:48.300000;6af69f58-5200-401e-b015-65990c93f9b5;8.22;8.55069406;SELL
2016-04-11T08:18:48.000000;2016-04-11T08:18:48.310000;b0fd010d-0bb3-4d15-aab3-3992307796ec;8.22;20.0;SELL
2016-04-11T08:18:51.000000;2016-04-11T08:18:51.350000;c04e113d-8261-44cc-95d6-7d327340d5e5;8.2111;1.4233;SELL
2016-04-11T08:18:51.000000;2016-04-11T08:18:51.357000;8b76e6f7-b6a6-4294-8482-9531ece25a59;8.21;1.5767;SELL
2016-04-11T08:19:04.000000;2016-04-11T08:19:04.363000;0d1b9e04-8130-4c7c-9d19-e7de4334fc5b;8.21;3.0;SELL
2016-04-11T08:19:39.000000;2016-04-11T08:19:39.310000;e84b0a62-2a5d-4f5f-80ba-ed603e1e2d10;8.21;2.249944;SELL
2016-04-11T08:19:41.000000;2016-04-11T08:19:41.203000;5b4ffacd-8290-4ead-b861-95533a94e5e9;8.21;13.173356;SELL
2016-04-11T08:20:35.000000;2016-04-11T08:20:35.473000;bc670e64-a240-4617-8113-cfa988d87cff;8.225;48.8;BUY
2016-04-11T08:24:37.000000;2016-04-11T08:24:37.577000;70a823ee-4abc-4d47-a950-741c1744e050;8.27;0.35;BUY
2016-04-11T08:24:38.000000;2016-04-11T08:24:38.853000;aceff50f-3bb4-410d-8a37-3f8d8affc472;8.27;0.00381424;BUY
2016-04-11T08:24:52.000000;2016-04-11T08:24:52.100000;8c450601-2372-491c-93f7-adc7e065a703;8.311;52.8;BUY
2016-04-11T08:25:03.000000;2016-04-11T08:25:03.993000;03d8e38b-3e5e-4a20-a74b-a71501c8e642;8.3219;60.3492;BUY
2016-04-11T08:25:03.000000;2016-04-11T08:25:03.997000;fa87bd26-823b-4a66-8f67-5854efc3145a;8.322;114.6408;BUY
2016-04-11T08:25:04.000000;2016-04-11T08:25:04.417000;813c66b9-771c-4524-874f-cd236ed64709;8.322;5.3379;BUY
2016-04-11T08:29:46.000000;2016-04-11T08:29:46.967000;2e56afac-23a3-4bd5-a3ab-a71a03dc3981;8.314;0.7;SELL
2016-04-11T08:42:09.000000;2016-04-11T08:42:09.393000;3784360a-de9c-4509-a933-10d7b208b5cb;8.278;120.891;BUY
2016-04-11T08:42:09.000000;2016-04-11T08:42:09.403000;5eac9a39-f25f-4ea5-a3b0-c1727913cf8e;8.365;9.109;BUY
2016-04-11T08:42:21.000000;2016-04-11T08:42:21.347000;4d761b29-64f3-4c24-942e-e86d0626a7e9;8.36;2.0;BUY
2016-04-11T08:46:05.000000;2016-04-11T08:46:05.737000;53412893-0a3a-49d2-8c1f-ef3717daff15;8.253;1.8480501;BUY
2016-04-11T08:46:05.000000;2016-04-11T08:46:05.747000;3ce8a886-8650-4c5e-9c11-eba483fa1060;8.254;97.7319499;BUY
2016-04-11T08:52:58.000000;2016-04-11T08:52:58.993000;500c375e-ca27-4625-a961-d623b7bf355e;8.254;2.0;BUY
2016-04-11T08:54:38.000000;2016-04-11T08:54:38.320000;4c2ec832-90bf-4b64-944b-90ca9fbd8c3e;8.244;0.5;BUY
2016-04-11T08:58:24.000000;2016-04-11T08:58:25.007000;84a4b964-64d1-4631-b340-e2889a152570;8.229;0.119;BUY
2016-04-11T08:58:54.000000;2016-04-11T08:58:54.300000;99c41419-2e37-4699-803b-fccfe93b44bb;8.181;0.750056;SELL
2016-04-11T08:58:54.000000;2016-04-11T08:58:54.310000;619f2a0f-4da5-459a-85e5-782ec7fca6be;8.18;18.499888;SELL
2016-04-11T08:58:57.000000;2016-04-11T08:58:57.493000;f7f4d8e5-f0f0-4b06-ba71-136227eb0389;8.18;1.500112;SELL
2016-04-11T09:00:52.000000;2016-04-11T09:00:52.323000;e9ec2ea2-3915-4ddd-a5f0-02fb1bed0b37;8.187;1.0;BUY
2016-04-11T09:02:31.000000;2016-04-11T09:02:31.957000;d2b39b9f-78d5-43a6-a589-c8cabd819893;8.15;18.3;SELL
2016-04-11T09:02:32.000000;2016-04-11T09:02:32.927000;d7f5995b-4e30-4b31-9073-35ca60389a66;8.15;1.7;SELL
2016-04-11T09:02:33.000000;2016-04-11T09:02:33.047000;acdf5df5-03ee-45ee-846f-ea20f0cf2336;8.12;0.76818358;SELL
2016-04-11T09:02:53.000000;2016-04-11T09:02:53.780000;8f477780-69cd-465e-8dc7-1ff69b2a39bb;8.133;18.3;BUY
2016-04-11T09:02:53.000000;2016-04-11T09:02:53.787000;77cf35a2-8bda-47b6-a5be-1e861a65863a;8.134;31.7;BUY
2016-04-11T09:03:16.000000;2016-04-11T09:03:16.290000;09c64994-0867-4574-880b-d59a65968630;8.1319;10.0;BUY
2016-04-11T09:03:44.000000;2016-04-11T09:03:44.943000;6dd934c4-b2b5-40de-9930-6f5dd14f2d0a;8.12;19.23181642;SELL
2016-04-11T09:03:44.000000;2016-04-11T09:03:44.953000;4337d76f-39f5-4292-a691-30b828ae3430;8.1;20.0;SELL
2016-04-11T09:03:47.000000;2016-04-11T09:03:47.940000;f987b277-c7e7-41a1-92c8-3069d67acef4;8.1;10.0;BUY
2016-04-11T09:03:50.000000;2016-04-11T09:03:50.567000;54f7c2de-57ca-4d7a-92eb-8701cd3498c1;8.1;50.0;BUY
2016-04-11T09:04:16.000000;2016-04-11T09:04:16.820000;00c3ae6c-f36a-4f3e-9c14-ce88365ac2c3;8.1;10.0;BUY
2016-04-11T09:05:23.000000;2016-04-11T09:05:23.747000;94f22bda-9acb-4544-bc3a-00fea83fc944;8.1;74.3;BUY
2016-04-11T09:05:29.000000;2016-04-11T09:05:29.903000;25c0ba3f-f6b0-4953-9d2d-ad705c356dce;8.1;50.0;BUY
2016-04-11T09:05:39.000000;2016-04-11T09:05:39.697000;6017ac81-b256-48db-8761-5b3a0f653c52;8.1;1.33382936;BUY
2016-04-11T09:06:11.000000;2016-04-11T09:06:11.223000;c5d35406-a1bd-48e6-8abd-bd9fae3d9c22;8.1;0.86868242;BUY
2016-04-11T09:06:19.000000;2016-04-11T09:06:19.910000;ac9028a8-802b-4774-a96a-a6617675ebf9;8.099;1.33384898;BUY
2016-04-11T09:07:51.000000;2016-04-11T09:07:52.017000;e1538147-13d1-42be-b2e6-7521e6cb52f1;8.097;1.23425579;BUY
2016-04-11T09:08:43.000000;2016-04-11T09:08:43.567000;c7c10d46-3514-4803-b707-8d2cabffc06b;8.097;49.5;BUY
2016-04-11T09:12:11.000000;2016-04-11T09:12:11.713000;ee66a658-ce38-4340-9153-c89eb9a0ed5e;8.069;1.98825;BUY
2016-04-11T09:14:04.000000;2016-04-11T09:14:04.810000;e5d76004-b5f0-4ee4-88dc-152f51311d15;8.066;124.1134;BUY
2016-04-11T09:14:19.000000;2016-04-11T09:14:19.590000;e6e6a088-0148-41bd-94b0-d557baee13c9;8.05;100.0;SELL
2016-04-11T09:14:19.000000;2016-04-11T09:14:19.610000;8b017062-38b2-43dd-a8ea-f4e6deeb3d3c;8.05;150.0;SELL
2016-04-11T09:16:24.000000;2016-04-11T09:16:24.493000;ca2466ae-f717-4d4a-bed6-320701707e41;8.104;10.0;SELL
2016-04-11T09:16:32.000000;2016-04-11T09:16:32.687000;7053cdaa-3718-43c4-8e5e-49762f82162a;8.12;9.99973846;BUY
2016-04-11T09:16:32.000000;2016-04-11T09:16:32.943000;9a33f62e-7ae5-44a5-a078-814d50947d48;8.12;0.00026154;BUY
2016-04-11T09:16:39.000000;2016-04-11T09:16:39.563000;c2c2bafd-08fa-40f9-a584-13ea7ffe0fca;8.15;10.0;BUY
2016-04-11T09:16:49.000000;2016-04-11T09:16:49.930000;9ea1a115-484d-4cb5-8e42-926c8d54b664;8.2;9.99973846;BUY
2016-04-11T09:16:50.000000;2016-04-11T09:16:50.953000;05651ad3-653d-481f-9821-173b70a9a6f5;8.2;0.00026154;BUY
2016-04-11T09:17:18.000000;2016-04-11T09:17:18.757000;44f467f9-900b-4cfe-8cb2-b8fa851aecd7;8.2;10.0;BUY
2016-04-11T09:18:28.000000;2016-04-11T09:18:28.743000;5e6c3171-131a-4eb0-868d-96d0d08c186b;8.216;121.0383;SELL
2016-04-11T09:18:28.000000;2016-04-11T09:18:28.747000;81608d24-2d6d-4f8c-b2a3-1d8a771b773b;8.215;10.0;SELL
2016-04-11T09:18:46.000000;2016-04-11T09:18:46.390000;b2ea980b-279b-4ea6-95f8-80f6a2a47c1e;8.21;6.09493663;BUY
2016-04-11T09:18:46.000000;2016-04-11T09:18:46.397000;8ba7a551-87bf-4fd6-a784-3232475fbbbc;8.21;46.72784754;BUY
2016-04-11T09:18:47.000000;2016-04-11T09:18:47.280000;e5213667-451e-4bdc-a47c-a9f98e6858bd;8.21;24.03615254;BUY
2016-04-11T09:18:47.000000;2016-04-11T09:18:47.760000;24d044ef-1cb6-4b79-b615-c22d916c01e1;8.21;473.78804689;BUY
2016-04-11T09:19:16.000000;2016-04-11T09:19:16.783000;2bf2b6fe-f6f9-4451-895b-a244ac1def9a;8.25;10.0;BUY
2016-04-11T09:19:16.000000;2016-04-11T09:19:16.787000;1b589f3e-ddff-423d-b889-de6ed8255dbf;8.25;10.0;BUY
2016-04-11T09:19:24.000000;2016-04-11T09:19:25.003000;746eaf0a-d900-4a93-9d56-123788266da2;8.25;6.02444249;SELL
2016-04-11T09:19:25.000000;2016-04-11T09:19:25.840000;2c84fb9a-ab22-4920-9304-2cf170d080ad;8.25;13.97555751;BUY
2016-04-11T09:19:46.000000;2016-04-11T09:19:46.817000;2010a6a2-84ae-4a11-8579-b6d08655f318;8.25;1.1;BUY
2016-04-11T09:20:17.000000;2016-04-11T09:20:17.063000;8c905ac9-e942-4951-a4da-5980ee1cae64;8.25;18.9;BUY
2016-04-11T09:20:17.000000;2016-04-11T09:20:17.067000;793b7642-487e-4263-bd0e-c225a769216f;8.25;4.24314314;BUY
2016-04-11T09:20:17.000000;2016-04-11T09:20:17.093000;7bdac2e4-5890-4952-a036-c1dd0c546463;8.25;1.97;BUY
2016-04-11T09:20:35.000000;2016-04-11T09:20:35.260000;99ad3d3c-ddbd-4a0b-918e-7c34464481ff;8.25;13.78685686;BUY
2016-04-11T09:20:35.000000;2016-04-11T09:20:35.273000;80e8d577-a534-4969-b438-9ce5fa7f9965;8.25;20.0;BUY
2016-04-11T09:21:16.000000;2016-04-11T09:21:16.157000;7b27b25e-18c3-4c96-b806-770119414ac9;8.251;33.7347;SELL
2016-04-11T09:21:52.000000;2016-04-11T09:21:52.507000;85e91ce2-094e-4830-a62a-888fbbe31516;8.251;20.0;SELL
2016-04-11T09:29:02.000000;2016-04-11T09:29:02.353000;e30ff90a-8100-4e1e-bcaf-4a4e453db669;8.267;10.0;BUY
2016-04-11T09:56:48.000000;2016-04-11T09:56:48.107000;486d65de-0466-4da4-92ba-0f5677e41469;8.193;10.0;BUY
2016-04-11T09:56:48.000000;2016-04-11T09:56:48.553000;63356758-8515-4b90-92b6-b53be7af892d;8.193;3.00153128;BUY
2016-04-11T09:56:54.000000;2016-04-11T09:56:54.100000;f10d8e3e-4136-4a56-aca4-91027945b601;8.193;0.13001531;BUY
2016-04-11T10:02:36.000000;2016-04-11T10:02:36.293000;cfbe52fc-1cfb-4e37-80e4-5adbdf0240fc;8.1;15.29812471;SELL
2016-04-11T10:03:07.000000;2016-04-11T10:03:07.717000;ca086283-132a-483a-8c4d-b2e980d7900e;8.1;23.82898907;SELL
2016-04-11T10:03:08.000000;2016-04-11T10:03:08.753000;f4e1e9ba-4ba4-43bf-882f-f8c3b6d1209c;8.1;19.5;SELL
2016-04-11T10:03:13.000000;2016-04-11T10:03:13.290000;8266a75a-447a-4edb-9c2b-fb8904934194;8.1;20.7997504;SELL
2016-04-11T10:03:13.000000;2016-04-11T10:03:13.783000;7da0183e-9e12-4d5b-9eb3-a978443954c1;8.1;2.03949631;SELL
2016-04-11T10:03:14.000000;2016-04-11T10:03:14.573000;1bed8a9e-dbf0-4dd3-b9b8-16b5dae9074b;8.1;18.53363951;SELL
2016-04-11T10:03:43.000000;2016-04-11T10:03:43.093000;f7b7be9d-65f6-40de-a767-5deb73032216;8.08;23.90232434;SELL
2016-04-11T10:04:11.000000;2016-04-11T10:04:12.003000;0986ea62-3d11-4c2e-8983-2af09a25db97;8.08;23.93961546;SELL
2016-04-11T10:04:12.000000;2016-04-11T10:04:12.543000;ab87d8e0-e1e4-404d-9459-3a121156b5fd;8.08;7.30532802;SELL
2016-04-11T10:04:13.000000;2016-04-11T10:04:13.077000;0651d724-bea0-4eda-973a-3b0439915162;8.08;23.93961546;SELL
2016-04-11T10:04:14.000000;2016-04-11T10:04:14.113000;46bde0e7-7f03-4e79-99e8-2c155495260a;8.08;20.91311672;SELL
2016-04-11T10:04:23.000000;2016-04-11T10:04:24.017000;9bf89ea5-df64-4f2d-ac94-59ad465f3520;8.06;4.13496009;SELL
2016-04-11T10:04:24.000000;2016-04-11T10:04:24.640000;3d6a8719-ea09-478f-97ea-5b134e729c1b;8.06;20.96501017;SELL
2016-04-11T10:04:25.000000;2016-04-11T10:04:25.963000;043a726e-2718-46ca-a1b9-ae0451852366;8.06;22.40017923;SELL
2016-04-11T10:04:26.000000;2016-04-11T10:04:26.803000;857e5374-7ace-487b-81c0-a3e0937ac301;8.06;1.53943613;SELL
2016-04-11T10:04:27.000000;2016-04-11T10:04:27.463000;7f6222e7-2b17-42bf-8aa0-8346ad5d9fdd;8.06;3.37057365;SELL
2016-04-11T10:04:27.000000;2016-04-11T10:04:27.660000;4205e821-afae-41ac-abb0-8f32de903649;8.06;20.8607431;SELL
2016-04-11T10:04:28.000000;2016-04-11T10:04:28.657000;7f44b558-9eeb-46ad-89b4-ba5a6a2765cf;8.06;1.53943613;SELL
2016-04-11T10:04:29.000000;2016-04-11T10:04:29.420000;215382a9-f4f5-49c3-acf1-c79a068d6a28;8.06;23.93961546;SELL
2016-04-11T10:04:30.000000;2016-04-11T10:04:30.157000;bb875e0a-3854-4612-bc73-60fd5d38a074;8.06;23.93961546;SELL
2016-04-11T10:04:30.000000;2016-04-11T10:04:30.170000;88569fca-c306-4a94-ae74-772f514f2408;8.06;3.37057365;SELL
2016-04-11T10:04:30.000000;2016-04-11T10:04:30.443000;d29ec3e9-9b5d-4dbe-8f00-d6be1e7468dd;8.06;23.93961546;SELL
2016-04-11T10:04:30.000000;2016-04-11T10:04:30.573000;53ecf06e-f9ae-4f76-9a8c-435fb5b9eb9c;8.06;7.73696433;SELL
2016-04-11T10:04:30.000000;2016-04-11T10:04:30.590000;72d6f101-e0f9-4ec9-b4b8-95ff6eef79ec;8.06;59.31672651;SELL
2016-04-11T10:04:30.000000;2016-04-11T10:04:30.653000;d9e4e4f0-e5fd-4dcc-b0f4-68bcdd75c1e3;8.06;1.00916926;SELL
2016-04-11T10:04:30.000000;2016-04-11T10:04:30.977000;74b8f5e1-a82e-4f15-94ce-acc79760a258;8.06;23.93961546;SELL
2016-04-11T10:04:31.000000;2016-04-11T10:04:31.697000;9fc7d4cd-1fbb-42ef-a895-e117e11649fd;8.06;1.03951713;SELL
2016-04-11T10:04:32.000000;2016-04-11T10:04:32.260000;b99bb947-31bb-42cb-a201-5b51f76da27c;8.06;23.93961546;SELL
2016-04-11T10:04:32.000000;2016-04-11T10:04:32.943000;7c132d74-fdee-425d-9a56-d94b7cacdbac;8.06;22.97943332;SELL
2016-04-11T10:04:35.000000;2016-04-11T10:04:35.427000;a9bb92fc-94d8-4438-827f-b1dba0b60f74;8.05;23.93961546;SELL
2016-04-11T10:04:35.000000;2016-04-11T10:04:35.883000;487a6099-936f-44b5-be24-98471562d4d2;8.05;0.96018214;SELL
2016-04-11T10:04:40.000000;2016-04-11T10:04:40.283000;7b7088a8-bc9f-4a1b-9642-eeec7260f3c7;8.05;23.93961546;SELL
2016-04-11T10:04:41.000000;2016-04-11T10:04:41.667000;f9995ced-c4cf-4584-af19-b34e3374f71e;8.05;2.01212656;SELL
2016-04-11T10:04:42.000000;2016-04-11T10:04:42.117000;99ed1fbe-5794-4450-87d3-342595421a1b;8.05;4.89639133;SELL
2016-04-11T10:04:44.000000;2016-04-11T10:04:44.473000;b8bdcb39-63b3-4ad0-bac0-50c77d74b4a1;8.05;20.56949019;SELL
2016-04-11T10:04:44.000000;2016-04-11T10:04:44.650000;3bb13ba6-6be1-4299-b692-980ca6ede96d;8.05;5.78375844;SELL
2016-04-11T10:04:45.000000;2016-04-11T10:04:45.973000;4d233cf2-f9f2-43de-86ac-99fd2213a357;8.05;17.89882042;SELL
2016-04-11T10:06:45.000000;2016-04-11T10:06:45.053000;883ff331-f1b8-4f8d-a40c-56495b8521d2;8.0209;5.0;SELL
2016-04-11T10:06:45.000000;2016-04-11T10:06:45.063000;528f193a-ab6b-4f52-b4d8-106f12bd266d;8.0111;1.3887;SELL
2016-04-11T10:06:45.000000;2016-04-11T10:06:45.070000;47aec20f-14d2-4d06-b86f-eb770d651ffe;8.01;19.647183;SELL
2016-04-11T10:07:10.000000;2016-04-11T10:07:10.940000;52ca9498-b1c8-42e5-a0bd-6513191ec061;8.02;4.23356797;SELL
2016-04-11T10:07:14.000000;2016-04-11T10:07:14.260000;2f535bcd-8eef-4e59-ae09-f0c2f23e1a78;8.02;4.23356797;SELL
2016-04-11T10:09:55.000000;2016-04-11T10:09:55.910000;0eda6519-8cac-4a12-86d4-576eff38b304;8.02;4.9230063;SELL
2016-04-11T10:10:22.000000;2016-04-11T10:10:22.140000;2fb19747-ccb6-41c9-a50d-2b298ce86a54;8.02;3.99922754;SELL
2016-04-11T10:10:55.000000;2016-04-11T10:10:55.373000;e27c33d3-b49f-4761-b3b0-3aff08f033a1;8.02;1.01355445;SELL
2016-04-11T10:11:39.000000;2016-04-11T10:11:39.267000;a1c0951b-0435-4f4b-b6fe-7fd0c0dccb1a;8.02;81.59707577;SELL
2016-04-11T10:13:51.000000;2016-04-11T10:13:51.690000;009f46fc-81b0-4bd6-aa5a-446e93ea532c;8.041;5.08;BUY
2016-04-11T10:14:09.000000;2016-04-11T10:14:09.983000;ad2fc81e-54e9-45ee-9b64-13b2a423d528;8.048;0.98988353;BUY
2016-04-11T10:14:20.000000;2016-04-11T10:14:20.133000;6e75a329-e98d-4ff1-ae40-c4df78c33a21;8.069;3.02649837;BUY
2016-04-11T10:15:20.000000;2016-04-11T10:15:20.933000;ca74e4e7-0e4c-4e20-a7b0-b841298da885;8.099;113.7;BUY
2016-04-11T10:15:21.000000;2016-04-11T10:15:21.440000;7a359044-8a7c-4053-9b1a-576943fe2f5e;8.1;10.0;BUY
2016-04-11T10:15:21.000000;2016-04-11T10:15:22.003000;7375478a-4b93-475a-aa03-3e8c7a94b110;8.1;23.93961546;SELL
2016-04-11T10:15:22.000000;2016-04-11T10:15:22.113000;89bbb3aa-d03d-481f-b4db-0cb3bebc4870;8.1;20.57313582;SELL
2016-04-11T10:16:05.000000;2016-04-11T10:16:05.540000;8a6c4b98-a406-4c1b-86f1-475c2d499cb0;8.12;10.0;BUY
2016-04-11T10:18:42.000000;2016-04-11T10:18:42.043000;abfc4f4f-94a0-4b28-8123-0ad25f1d8916;8.13;18.19;BUY
2016-04-11T10:18:42.000000;2016-04-11T10:18:42.383000;d1d868c4-61d5-4371-b9fb-72dd9738faa0;8.13;1.81;BUY
2016-04-11T10:19:06.000000;2016-04-11T10:19:06.260000;474cd099-9a3a-404c-9b96-48e842f01115;8.13;20.0;BUY
2016-04-11T10:19:51.000000;2016-04-11T10:19:51.697000;6ee896f3-cfad-48f4-b732-bc85282adfda;8.14;16.29;BUY
2016-04-11T10:19:52.000000;2016-04-11T10:19:52.550000;8d632ce8-6287-42fb-bdd8-fd5f1c037bf8;8.14;3.71;BUY
2016-04-11T10:19:52.000000;2016-04-11T10:19:52.557000;ef45ed6f-8c3c-4536-80f7-f8689f99d3b3;8.14;20.0;BUY
2016-04-11T10:19:56.000000;2016-04-11T10:19:56.690000;e60a69f9-f26d-4b4b-a52a-7511a893a4aa;8.15;20.0;BUY
2016-04-11T10:19:57.000000;2016-04-11T10:19:57.290000;62dbb652-a4a5-40f6-b5db-f6b2709cd958;8.132;0.23070436;SELL
2016-04-11T10:20:08.000000;2016-04-11T10:20:08.040000;8be88750-a6c7-4d8b-a1e8-5c3204f5593c;8.15;20.0;BUY
2016-04-11T10:20:17.000000;2016-04-11T10:20:17.583000;d70ba377-2295-456e-b48f-5119c8b3f49a;8.16;20.0;BUY
2016-04-11T10:20:26.000000;2016-04-11T10:20:26.800000;093f56b9-c9f2-434d-bbc6-141d98636666;8.17;20.0;BUY
2016-04-11T10:20:37.000000;2016-04-11T10:20:37.093000;c3157bda-b8a4-4248-9737-8c170fe47ce9;8.18;20.0;BUY
2016-04-11T10:20:51.000000;2016-04-11T10:20:51.443000;7ef04884-6318-4efa-8952-d06d8d8e881b;8.19;20.0;BUY
2016-04-11T10:21:01.000000;2016-04-11T10:21:01.877000;7b6b01e2-544c-4e35-8aa1-fdaf07edda87;8.2;20.0;BUY
2016-04-11T10:21:02.000000;2016-04-11T10:21:02.957000;7cb5bfe2-5a8d-454c-b12e-3e01d89daeab;8.2;1.498621;SELL
2016-04-11T10:21:13.000000;2016-04-11T10:21:13.260000;59051432-5093-424e-bdb0-85239239d481;8.21;20.0;BUY
2016-04-11T10:21:14.000000;2016-04-11T10:21:14.793000;ef37bd48-e598-4730-91e0-fb0dc75e86c1;8.21;0.7493105;SELL
2016-04-11T10:21:24.000000;2016-04-11T10:21:24.400000;356f1e9c-6dde-415e-87c1-f4ba61ea61f6;8.22;20.0;BUY
2016-04-11T10:21:33.000000;2016-04-11T10:21:33.877000;98af6b33-fdf9-4f7a-9764-bc8970db0604;8.23;20.0;BUY
2016-04-11T10:21:35.000000;2016-04-11T10:21:35.840000;61587129-73ba-45f8-8c4b-6a1041a1e383;8.23;20.0;SELL
2016-04-11T10:22:02.000000;2016-04-11T10:22:02.950000;5b4dcf3d-91ae-4328-aa58-cc72620247a0;8.229;0.99905596;BUY
2016-04-11T10:22:02.000000;2016-04-11T10:22:02.957000;f2ba18ac-5956-4894-b6a5-501122e8051b;8.23;19.00094404;BUY
2016-04-11T10:22:04.000000;2016-04-11T10:22:04.747000;08b902b7-daf2-4542-8331-1da4e8015e01;8.228;0.99905596;BUY
2016-04-11T10:22:06.000000;2016-04-11T10:22:06.413000;92fe27b2-b082-4224-9a50-b186383ed65d;8.23;0.99905596;BUY
2016-04-11T10:22:07.000000;2016-04-11T10:22:07.807000;79c4f7aa-cd3c-4eaf-9c51-fd2641c3ea7a;8.23;0.26412006;SELL
2016-04-11T10:27:58.000000;2016-04-11T10:27:58.220000;9dd97a38-8a43-4726-a6cf-d747869df147;8.192;10.7187129;SELL
2016-04-11T10:28:59.000000;2016-04-11T10:28:59.863000;1f262efd-7794-4214-b9fb-78368686caef;8.192;20.0;SELL
2016-04-11T10:29:15.000000;2016-04-11T10:29:15.813000;7fa42261-d54b-40d9-b7a6-522b6e2351e8;8.192;20.0;SELL
2016-04-11T10:30:51.000000;2016-04-11T10:30:51.883000;14074087-beff-490c-8886-401963a6cf23;8.192;3.21784138;SELL
2016-04-11T10:31:00.000000;2016-04-11T10:31:00.633000;ce0263f1-e24a-4f86-a628-5d4ee0f63e52;8.192;1.0;SELL
2016-04-11T10:31:01.000000;2016-04-11T10:31:01.477000;6b92c08f-ecd1-467c-bfa6-aa5523ce3c65;8.192;1.0;SELL
2016-04-11T10:31:02.000000;2016-04-11T10:31:02.847000;fd8c13eb-3a8f-4df9-9838-ffed115556cf;8.192;1.0;SELL
2016-04-11T10:31:56.000000;2016-04-11T10:31:56.480000;aa127560-36bf-4509-b41f-4db2e43ca62c;8.192;20.0;SELL
2016-04-11T10:38:27.000000;2016-04-11T10:38:27.097000;e771a4d7-9479-4fd3-97b3-1125f959d375;8.14;1.00706056;SELL
2016-04-11T10:38:28.000000;2016-04-11T10:38:28.117000;9edc90b4-ea0b-4fae-864c-aeaf4b282e0d;8.14;8.74866065;SELL
2016-04-11T11:01:15.000000;2016-04-11T11:01:15.873000;01457615-508a-40fc-a653-9397299d8890;8.179;18.3343;BUY
2016-04-11T11:17:16.000000;2016-04-11T11:17:16.810000;aeca99bd-b907-438c-bf07-81360d04d1e6;8.557;5.0;BUY
2016-04-11T11:21:04.000000;2016-04-11T11:21:04.657000;9750b840-d468-4ddf-abf1-3de12ee1453f;8.413;0.13491412;SELL
2016-04-11T11:21:17.000000;2016-04-11T11:21:17.943000;464f44c0-894a-4044-864e-b1fe1507d256;8.5;135.0;BUY
2016-04-11T11:21:38.000000;2016-04-11T11:21:38.433000;c9f52d93-4610-4d4e-8ac3-7b0d11f856e4;8.55;15.0;BUY
2016-04-11T11:29:18.000000;2016-04-11T11:29:18.447000;7d9eb41a-eef1-4ade-8b39-b59c9412c847;8.332;19.76;SELL
2016-04-11T11:29:32.000000;2016-04-11T11:29:32.237000;e7d93a7e-fecb-4509-accc-89bd3d6bad4f;8.335;44.083076;SELL
2016-04-11T11:29:41.000000;2016-04-11T11:29:41.447000;6923a3ec-8a80-47a5-8a23-c49aa30b9bbb;8.337;23.10417492;SELL
2016-04-11T11:39:15.000000;2016-04-11T11:39:15.570000;81a4b30b-83e0-4cad-b435-03a0cf7fb1f8;8.32;10.0;BUY
2016-04-11T11:39:29.000000;2016-04-11T11:39:30.020000;3d0ece1b-7d2a-4a03-b01f-cd0f81c98b7f;8.33;6.70663718;BUY
2016-04-11T11:39:31.000000;2016-04-11T11:39:31.073000;cab3f24a-260b-45a3-843f-b9022a995a91;8.33;0.90464837;BUY
2016-04-11T11:39:31.000000;2016-04-11T11:39:31.867000;9dce1478-2d56-450e-95c0-24600f1fb326;8.33;2.38871445;BUY
2016-04-11T11:39:57.000000;2016-04-11T11:39:57.937000;8d9b82e9-9dcb-4f3f-83bc-5f1ce5a0ddaa;8.33;1.13;BUY
2016-04-11T11:40:09.000000;2016-04-11T11:40:09.780000;619b479e-553c-4298-ba8a-90ebd4dc88fa;8.33;4.004004;BUY
2016-04-11T11:40:14.000000;2016-04-11T11:40:14.160000;4ddaca39-dc5a-468d-99e1-0f1bd190def3;8.33;7.678796;BUY
2016-04-11T11:53:11.000000;2016-04-11T11:53:11.350000;0f771483-a0b6-4743-b066-92df20ec33ca;8.336;1.44;BUY
2016-04-11T11:53:12.000000;2016-04-11T11:53:12.187000;8f644cab-932d-4712-bd1d-773ac519bfa7;8.336;0.001;BUY
2016-04-11T11:58:34.000000;2016-04-11T11:58:35.207000;f7285ef3-ed4f-4bf7-a37c-a2c1719be354;8.3612;1.3887;BUY
2016-04-11T11:59:26.000000;2016-04-11T11:59:26.933000;dc66a0ce-988d-4f9b-8a9d-4a88c7783c8b;8.357;118.4259;SELL
2016-04-11T12:10:13.000000;2016-04-11T12:10:13.097000;7c4cfe3c-8859-464c-8da6-7719d4fe82de;8.378;26.97241456;SELL
2016-04-11T12:10:13.000000;2016-04-11T12:10:13.110000;b732471e-21c1-4b54-81bf-3fde3f352181;8.377;54.60168544;SELL
2016-04-11T12:11:17.000000;2016-04-11T12:11:17.573000;17c381fc-8d11-4a7f-ba70-52b9655d4d63;8.398;118.5271;BUY
2016-04-11T12:11:17.000000;2016-04-11T12:11:17.587000;e33fce4e-cbe4-4f37-9ac4-957ab8636909;8.3999;18.5937;BUY
2016-04-11T12:21:03.000000;2016-04-11T12:21:03.783000;259d28cc-2957-402c-a550-865f6668c60b;8.4;0.75080683;BUY
2016-04-11T12:21:04.000000;2016-04-11T12:21:04.670000;40d38a81-ebf2-4209-bfba-fec24e47f2ce;8.4;0.75080683;BUY
2016-04-11T12:23:22.000000;2016-04-11T12:23:22.697000;aad3d7a6-d799-4c37-8df6-1cb55dbe7244;8.4;0.75080683;BUY
2016-04-11T12:25:37.000000;2016-04-11T12:25:37.370000;eeb45240-15e4-40e4-80dc-066545ff364c;8.4;26.99941397;BUY
2016-04-11T12:38:59.000000;2016-04-11T12:39:00.193000;ea7c68d1-6763-4c6b-83fe-55d7f3a6eb02;8.421;0.47504513;BUY
2016-04-11T12:39:12.000000;2016-04-11T12:39:12.820000;84eaa781-2f0d-480f-9c92-262d17aff9da;8.42;0.75080683;BUY
2016-04-11T12:39:27.000000;2016-04-11T12:39:27.443000;0a753d9b-5f3b-47d9-b712-52ae302afdf5;8.419;0.75080647;BUY
2016-04-11T12:42:41.000000;2016-04-11T12:42:41.483000;12b96af6-6bd7-4bf5-bc9e-800f85439fc6;8.394;18.7745;BUY
2016-04-11T12:43:18.000000;2016-04-11T12:43:18.880000;c4632c38-d6c0-45f0-8b7a-2948383b27b1;8.33;4.42800961;SELL
2016-04-11T12:43:18.000000;2016-04-11T12:43:18.893000;80935a8a-9f38-4cc4-bf1c-79ed17771b41;8.33;4.47199039;SELL
2016-04-11T12:44:00.000000;2016-04-11T12:44:00.320000;b692d343-a47a-48e1-85f0-ab728b37d6a1;8.33;0.00361496;SELL
2016-04-11T12:49:28.000000;2016-04-11T12:49:28.147000;507d0249-ded2-42ab-96c8-eb93d23aa4f5;8.268;7.5;BUY
2016-04-11T13:05:33.000000;2016-04-11T13:05:34.013000;36fb9ca8-9628-4748-9ae9-d1fc8e40a31a;8.4129;0.7418267;BUY
2016-04-11T13:05:33.000000;2016-04-11T13:05:34.030000;3c698114-3e4d-4567-ac18-a87b94390ae2;8.413;26.1053733;BUY
2016-04-11T13:06:45.000000;2016-04-11T13:06:45.580000;1a464a53-9478-4397-be0d-b65f74293456;8.593;5.0;BUY
2016-04-11T13:35:48.000000;2016-04-11T13:35:48.707000;26e66b18-7607-470c-86b3-652291513b47;8.5929;10.62144411;BUY
2016-04-11T13:35:48.000000;2016-04-11T13:35:48.707000;fba7c80f-c544-4021-9330-9afb008d6791;8.5919;0.74855589;BUY
2016-04-11T13:42:19.000000;2016-04-11T13:42:20.010000;22fb74c5-0266-4913-b738-70c98c370b48;8.45;0.75155889;BUY
2016-04-11T13:43:33.000000;2016-04-11T13:43:33.490000;07bedadf-0e04-493c-981d-fbe64429a6a3;8.45;9.24844111;BUY
2016-04-11T13:43:33.000000;2016-04-11T13:43:33.503000;cd5a2006-4a82-4061-9ee1-898b00981262;8.45;10.0;BUY
2016-04-11T13:44:01.000000;2016-04-11T13:44:02.063000;32e42940-283e-4f16-91bf-47409dd44595;8.46;10.0;BUY
2016-04-11T13:44:01.000000;2016-04-11T13:44:02.067000;9d503bfc-d55e-45d8-8f9d-18f2c1e772e1;8.46;1.3;BUY
2016-04-11T13:51:04.000000;2016-04-11T13:51:04.123000;88d9cae2-b6ae-4606-97ce-c834018e0d61;8.46;8.7;BUY
2016-04-11T14:21:20.000000;2016-04-11T14:21:20.233000;300ba8bb-d773-44d4-bb35-d39ecd007266;8.45;181.6;SELL
2016-04-11T14:21:20.000000;2016-04-11T14:21:21.033000;d19f3c6a-b69b-400b-9596-212d437bb8a9;8.45;126.16450089;SELL
2016-04-11T14:32:13.000000;2016-04-11T14:32:13.150000;5941b401-ecfe-4e05-82ff-f28fbf7637fc;8.428;25.96656734;BUY
2016-04-11T14:38:40.000000;2016-04-11T14:38:40.517000;e291772f-4952-4778-affb-ee8169192865;8.419;14.0;SELL
2016-04-11T14:53:11.000000;2016-04-11T14:53:12.033000;936b25bc-6b74-42a1-b09d-c3d8acd01f14;8.439;4.7782;BUY
2016-04-11T15:06:34.000000;2016-04-11T15:06:34.887000;ea86cac2-95ba-45f2-82a1-e3e469308066;8.362;1.01178891;SELL
2016-04-11T15:14:26.000000;2016-04-11T15:14:26.270000;101ca9ef-1330-4fc3-a416-fc809adc8208;8.45;0.36979;BUY
2016-04-11T16:06:47.000000;2016-04-11T16:06:47.940000;8487d0b0-18e2-4e64-9303-85a31a591f5f;8.44;27.02867737;BUY
2016-04-11T16:06:53.000000;2016-04-11T16:06:53.257000;81f11c63-fee3-4837-bec7-90865be4b4bd;8.44;27.02867737;BUY
2016-04-11T16:07:02.000000;2016-04-11T16:07:03.053000;3fa90eac-5b47-40a7-abc0-f607c987c497;8.44;21.68699401;BUY
2016-04-11T16:07:20.000000;2016-04-11T16:07:20.397000;4e40372c-d6f7-4029-b372-f8e8f7ba0805;8.44;20.04008016;BUY
2016-04-11T16:09:44.000000;2016-04-11T16:09:44.193000;e553dae5-203a-47d7-8b60-6b75def79f56;8.313;20.0;SELL
2016-04-11T16:16:12.000000;2016-04-11T16:16:12.893000;6d2e85b2-043e-4721-8213-ba035d2a74f6;8.297;24.00274095;SELL
2016-04-11T16:22:32.000000;2016-04-11T16:22:32.307000;ebf049e0-d48b-48d5-9624-8601dc32e439;8.354;1.3;SELL
2016-04-11T16:22:35.000000;2016-04-11T16:22:35.447000;704fed6b-d194-4344-812c-5424b1597593;8.348;18.7;BUY
2016-04-11T16:23:35.000000;2016-04-11T16:23:35.627000;d303b108-40f0-48bc-bc24-eb93d896d5a8;8.361;79.0;SELL
2016-04-11T16:53:34.000000;2016-04-11T16:53:34.460000;ea544c9e-4d0e-44b5-8a0e-125eee1d0431;8.4309;1.3;BUY
2016-04-11T16:53:34.000000;2016-04-11T16:53:34.473000;99ee6ae4-57ba-4ba5-ade9-a7bb6086b472;8.4319;0.7;BUY
2016-04-11T17:21:32.000000;2016-04-11T17:21:32.890000;3ec13584-1bed-471a-840b-53caf7d991aa;8.385;25.2209846;SELL
2016-04-11T17:21:33.000000;2016-04-11T17:21:33.197000;71c44eed-5b04-43ca-9b12-02c516244391;8.386;1.80228703;SELL
2016-04-11T17:21:57.000000;2016-04-11T17:21:57.057000;16e0e681-0514-49e6-8814-e632910606fe;8.433;26.97;BUY
2016-04-11T17:21:57.000000;2016-04-11T17:21:58.007000;7fdd563e-f825-4a90-a80d-02416c93305e;8.433;0.00462002;BUY
2016-04-11T17:50:35.000000;2016-04-11T17:50:35.480000;4a7e8207-973d-474c-a117-cf2290fc9ebf;8.439;1.0;BUY
2016-04-11T17:52:00.000000;2016-04-11T17:52:00.760000;e7cf971a-ffa4-4b88-bfd4-727a0aa4e5bb;8.439;2.0;BUY
2016-04-11T17:56:25.000000;2016-04-11T17:56:25.263000;1bfc5408-dfa4-4b8e-a88a-5233819a209d;8.44;75.4983;BUY
2016-04-11T18:19:59.000000;2016-04-11T18:19:59.783000;d19a2ab2-71b5-4a44-9f2d-0d46617a158a;8.44;28.71727109;BUY
2016-04-11T18:19:59.000000;2016-04-11T18:19:59.793000;6565c3ba-ee9e-4a1b-9568-91aae96510a6;8.45;1.28272891;BUY
2016-04-11T18:20:06.000000;2016-04-11T18:20:06.743000;897b56d9-84c2-4926-a75d-2d9355fd4efa;8.45;2.0;BUY
2016-04-11T18:20:23.000000;2016-04-11T18:20:23.757000;a4f67c0c-e452-4fa6-bed2-754a76929a91;8.45;43.59748109;BUY
2016-04-11T18:20:23.000000;2016-04-11T18:20:23.777000;a1d9338e-c503-4133-9c7c-0d35eb748a6e;8.6;1.40251891;BUY
2016-04-11T18:20:32.000000;2016-04-11T18:20:32.100000;f148dc97-aba7-4cba-8343-ec6a154ee7b6;8.6;1.0;BUY
2016-04-11T18:22:41.000000;2016-04-11T18:22:41.183000;244bec85-aded-4a2d-bf90-30b02efd7dce;8.551;88.2338;BUY
2016-04-11T18:22:41.000000;2016-04-11T18:22:41.200000;6127884a-e8fd-4f64-9802-5d96bafd5965;8.598;61.7662;BUY
2016-04-11T18:22:45.000000;2016-04-11T18:22:45.687000;f000d56b-6766-4798-8f3a-af0dad216e05;8.5589;50.0;BUY
2016-04-11T18:53:03.000000;2016-04-11T18:53:03.587000;c44de450-e4ed-462e-833e-ca6d195d17ff;8.528;5.3895379;SELL
2016-04-11T18:53:33.000000;2016-04-11T18:53:33.257000;2c81ab74-9f1f-4080-b5fa-a545d744fdd3;8.54;4.0;SELL
2016-04-11T18:57:32.000000;2016-04-11T18:57:32.917000;2fbefa29-464b-4766-874b-28110e33de75;8.612;0.10391;BUY
2016-04-11T19:00:00.000000;2016-04-11T19:00:00.627000;91c97e17-caaf-43ba-94dc-df12f332b76c;8.612;3.03;BUY
2016-04-11T19:00:01.000000;2016-04-11T19:00:01.170000;a167230e-c8ea-4b3d-8a39-f448cb9b6e71;8.612;0.002817;BUY
2016-04-11T19:15:36.000000;2016-04-11T19:15:36.467000;b2fdbf9a-e564-429b-b4d0-104c88289c5b;8.611;0.45134306;SELL
2016-04-11T19:22:15.000000;2016-04-11T19:22:15.990000;7cdefbd0-682d-4e2f-af62-5e9dcae7f263;8.759;5.0;BUY
2016-04-11T19:22:30.000000;2016-04-11T19:22:30.660000;21f956ae-5b55-46d3-9824-b4682a4fd582;8.759;1.0;BUY
2016-04-11T19:23:13.000000;2016-04-11T19:23:13.533000;0d970716-e365-4f7a-a4e7-ba4b3ff3caf8;8.714;50.0;SELL
2016-04-11T19:27:28.000000;2016-04-11T19:27:28.320000;1b3416ea-8d9a-43da-9e7e-4b5b0148c8ac;8.757;3.32107837;BUY
2016-04-11T19:29:46.000000;2016-04-11T19:29:46.503000;a57c1ebe-4b61-4a6e-9649-99c1783fe3fc;8.701;20.0;SELL
2016-04-11T19:32:14.000000;2016-04-11T19:32:15.040000;81780d37-3993-43e0-802d-a3ac3688f8d0;8.76;1.0;BUY
2016-04-11T19:32:22.000000;2016-04-11T19:32:22.180000;b88cdf47-7d3e-4301-9b12-eb403d6660d5;8.76;5.0;BUY
2016-04-11T19:48:13.000000;2016-04-11T19:48:13.283000;d876a650-76a9-44eb-9c3c-db754d22f9d5;8.76;2.0;BUY
2016-04-11T19:52:33.000000;2016-04-11T19:52:33.710000;7b1f20f6-6302-4080-8fd8-ca04fe3ccb1c;8.7599;18.0;BUY
2016-04-11T19:59:53.000000;2016-04-11T19:59:53.703000;e7ed0df7-122e-493e-8955-bb1c3fa3804d;8.754;1.0;BUY
2016-04-11T20:08:58.000000;2016-04-11T20:08:58.840000;5c40f0d8-0400-4626-834c-ff9f1188195f;8.67;17.72119608;SELL
2016-04-11T20:16:28.000000;2016-04-11T20:16:28.977000;863ac006-6db7-4f79-9d52-7ef4bea42dc2;8.742;2.0;BUY
2016-04-11T20:24:35.000000;2016-04-11T20:24:35.987000;e4aafea3-425f-40a1-9786-3b3b20781fb2;8.603;2.00818129;SELL
2016-04-11T20:25:58.000000;2016-04-11T20:25:58.897000;b0c2f0c0-4422-4a75-a905-d13148ea002a;8.605;2.15080584;SELL
2016-04-11T20:26:03.000000;2016-04-11T20:26:03.847000;d6ebfbfa-0931-4dc3-a10d-68db2082a4bd;8.605;1.34919;BUY
2016-04-11T20:26:10.000000;2016-04-11T20:26:10.103000;66820f27-af21-47b3-a4ba-cd04d274adb8;8.705;0.1;BUY
2016-04-11T20:28:47.000000;2016-04-11T20:28:47.947000;b3fee33c-f060-4ce5-8071-36cee85b8699;8.674;22.49350044;BUY
2016-04-11T20:28:47.000000;2016-04-11T20:28:47.960000;50f0dec7-1189-44b0-a2b8-e0e4beedb475;8.674;27.50649956;BUY
2016-04-11T20:29:09.000000;2016-04-11T20:29:09.520000;ac63dc00-98d9-448e-8ea6-78a8a03897a2;8.605;1.34380278;SELL
2016-04-11T20:29:09.000000;2016-04-11T20:29:09.523000;0f3c81ea-1444-4700-b514-7dd9dffd06fa;8.605;1.34380278;SELL
2016-04-11T20:34:40.000000;2016-04-11T20:34:40.053000;eb7f8f0f-582f-4e96-8c01-2ec949ce9cb1;8.578;86.3;SELL
2016-04-11T20:34:40.000000;2016-04-11T20:34:40.183000;30a2ef55-7e18-4296-a324-0fa2dd2d3b50;8.578;0.0047;SELL
2016-04-11T20:34:57.000000;2016-04-11T20:34:57.497000;a44e37a8-bfa3-4145-b84d-e09169d86aa5;8.571;17.09;SELL
2016-04-11T20:37:31.000000;2016-04-11T20:37:31.943000;db08cf67-f237-4e7a-8624-1d72314bd3a0;8.571;0.36815062;SELL
2016-04-11T20:41:22.000000;2016-04-11T20:41:22.707000;c8c6aa6d-596f-4ac6-92d1-3b78986d23f5;8.571;2.71241208;SELL
2016-04-11T20:41:24.000000;2016-04-11T20:41:24.897000;da42d537-7bac-449f-8293-e617d1c4cf3d;8.571;2.71241208;SELL
2016-04-11T20:41:27.000000;2016-04-11T20:41:27.503000;eb09a489-431e-4213-b4bf-530cdb09a3ab;8.571;2.71241208;SELL
2016-04-11T20:41:29.000000;2016-04-11T20:41:29.820000;d412537d-cc47-487c-b106-4e811cfa4168;8.571;2.71241208;SELL
2016-04-11T20:41:32.000000;2016-04-11T20:41:32.703000;41fcd35a-6e15-404e-bba2-0f1329f4ca13;8.571;2.71241208;SELL
2016-04-11T20:41:35.000000;2016-04-11T20:41:35.153000;d8cc53a5-d682-48c7-b597-68d337b4c681;8.571;2.71241208;SELL
2016-04-11T20:41:38.000000;2016-04-11T20:41:38.197000;81317c4b-0e74-4c87-a0ce-abc46c852f53;8.571;2.71241208;SELL
2016-04-11T20:41:41.000000;2016-04-11T20:41:41.507000;b0efc69d-358b-4072-b8ec-70a57995f0cc;8.571;49.05546482;SELL
2016-04-11T20:52:21.000000;2016-04-11T20:52:21.080000;a3eaae67-186b-4f40-a768-e07ad251daa4;8.57;2.1;BUY
2016-04-11T20:52:21.000000;2016-04-11T20:52:21.090000;e20cb61a-87e5-4ee1-a023-766a8064891c;8.571;2.71241208;BUY
2016-04-11T20:52:21.000000;2016-04-11T20:52:21.100000;0fa1d04e-77b6-41c9-9563-fad68bfafe09;8.578;2.18758792;BUY
2016-04-11T20:52:25.000000;2016-04-11T20:52:25.490000;643d0d4a-ab65-42ca-bdb0-86ef86eb0752;8.578;1.60808322;BUY
2016-04-11T20:52:25.000000;2016-04-11T20:52:25.497000;4a83784b-2f4f-42c7-acbd-24f6b051a113;8.649;3.39191678;BUY
2016-04-11T21:02:16.000000;2016-04-11T21:02:16.753000;48da0230-a61a-4e99-b0c6-c3d3305deb46;8.6488;29.89995504;SELL
2016-04-11T21:02:17.000000;2016-04-11T21:02:17.510000;59f78f08-657f-443d-b34b-0b32e2ec731a;8.6488;150.97793297;SELL
2016-04-11T21:02:17.000000;2016-04-11T21:02:17.590000;a5b3518d-cd4a-482c-b60f-f88d33eedee4;8.6488;4.76289314;SELL
2016-04-11T21:02:17.000000;2016-04-11T21:02:17.893000;31159632-29b8-49cc-b4a8-4c3513021f04;8.6488;150.97793297;SELL
2016-04-11T21:02:18.000000;2016-04-11T21:02:18.360000;656d3e39-3d89-46e5-b522-5719d1a26762;8.6488;58.67869681;SELL
2016-04-11T21:02:18.000000;2016-04-11T21:02:18.380000;1dc2b9b6-3eb6-484e-a97e-8b88bb4b03dc;8.6488;2.67399437;SELL
2016-04-11T21:02:18.000000;2016-04-11T21:02:18.453000;f759f0a0-d1e6-4552-803c-7e88dc3ff77d;8.6488;2.68760556;SELL
2016-04-11T21:02:18.000000;2016-04-11T21:02:18.507000;224c0001-73cf-4f40-9aed-eefff65d2d94;8.6488;150.97793297;SELL
2016-04-11T21:02:18.000000;2016-04-11T21:02:18.690000;2d25fc37-0808-48e9-b889-b9dc9bd0d6c1;8.6488;150.97793297;SELL
2016-04-11T21:02:18.000000;2016-04-11T21:02:18.910000;692628de-c0c4-45e6-8a00-f336b2a5bc5c;8.6488;5.52893555;SELL
2016-04-11T21:02:19.000000;2016-04-11T21:02:19.187000;9863de64-1e78-4876-b958-4dc04aa0a017;8.6488;5.33195;SELL
2016-04-11T21:02:19.000000;2016-04-11T21:02:19.220000;6838ef2f-9747-4c85-98a0-ca4ce92976f9;8.6488;40.87828335;SELL
2016-04-11T21:02:19.000000;2016-04-11T21:02:19.980000;eae1ee56-42dd-408c-bef4-eb1a8dc3fa91;8.6488;3.23467499;SELL
2016-04-11T21:02:20.000000;2016-04-11T21:02:20.617000;c96e4589-7dc2-4b8e-a01b-8155854e06ed;8.6488;18.09034218;SELL
2016-04-11T21:02:21.000000;2016-04-11T21:02:21.313000;43b8fd2d-8f2e-48b3-998a-cfb278cecf8c;8.6488;7.65374306;SELL
2016-04-11T21:02:21.000000;2016-04-11T21:02:21.967000;0a3e1326-8125-40a1-b38e-926a8ee3f8a3;8.6488;55.51;SELL
2016-04-11T21:02:22.000000;2016-04-11T21:02:22.540000;2cdbb237-2324-4fe1-b54f-f33431a75fe4;8.6488;4.34913;SELL
2016-04-11T21:02:22.000000;2016-04-11T21:02:22.713000;2d6b87e0-cb54-4ac8-b5e7-9cdefc764c11;8.6488;18.09360164;SELL
2016-04-11T21:02:22.000000;2016-04-11T21:02:22.810000;f9649a03-8bc9-47e4-8607-525324e59e75;8.6488;22.49350044;SELL
2016-04-11T21:02:23.000000;2016-04-11T21:02:23.843000;f517478b-a6fc-4fce-b0fd-e32f8661546e;8.6488;18.09360164;SELL
2016-04-11T21:02:24.000000;2016-04-11T21:02:24.190000;a2720126-2ce9-488e-a894-39b997294875;8.6488;22.49350044;SELL
2016-04-11T21:02:24.000000;2016-04-11T21:02:24.257000;f4b47b0f-488a-40b3-802b-c6d40266092a;8.6488;3.23574521;SELL
2016-04-11T21:02:24.000000;2016-04-11T21:02:24.430000;f5122c68-01d4-44e7-b939-23d89d54134a;8.6488;1.74547841;SELL
2016-04-11T21:02:25.000000;2016-04-11T21:02:25.377000;3b132d6d-8b42-4384-8847-fefd98b3175b;8.6488;22.49350044;SELL
2016-04-11T21:02:25.000000;2016-04-11T21:02:25.783000;704d530e-2028-4203-ae1f-8b970fdd6f76;8.6488;22.49350044;SELL
2016-04-11T21:02:25.000000;2016-04-11T21:02:26.287000;bb4529b9-3c55-4c45-89de-de89d5afe2ec;8.6488;22.49350044;SELL
2016-04-11T21:02:26.000000;2016-04-11T21:02:26.417000;0b8f8ec1-9e63-46bd-93ef-e7a4a55a455c;8.6488;22.49350044;SELL
2016-04-11T21:02:26.000000;2016-04-11T21:02:26.493000;91db3ede-192a-4c51-8f6e-b75ffb04c7cd;8.6488;1.49710076;SELL
2016-04-11T21:02:26.000000;2016-04-11T21:02:26.613000;9d0569d0-50a3-46e4-a06c-3cabee9eecee;8.6488;22.49350044;SELL
2016-04-11T21:02:27.000000;2016-04-11T21:02:27.303000;4ccc1f64-2b05-48b1-b8c6-d64a8db02261;8.6488;1.7460148;SELL
2016-04-11T21:02:27.000000;2016-04-11T21:02:27.820000;8fdb9b8c-4789-4fff-a48f-e613d2402c73;8.6488;64.375;SELL
2016-04-11T21:02:28.000000;2016-04-11T21:02:28.667000;db9539aa-5ddd-4797-b1d6-703eefce461a;8.6488;13.62696779;SELL
2016-04-11T21:02:28.000000;2016-04-11T21:02:28.707000;f70577d4-b57c-41d5-b4cb-4b7ea3ef4116;8.6488;12.12986703;SELL
2016-04-11T21:02:28.000000;2016-04-11T21:02:29.070000;02fd7b3a-31d7-4def-a48c-a7162f5068c4;8.6488;13.62696779;SELL
2016-04-11T21:02:29.000000;2016-04-11T21:02:29.683000;6d7c3eca-796f-4717-b7d0-d9f7a051a7d0;8.6488;22.49350044;SELL
2016-04-11T21:02:30.000000;2016-04-11T21:02:30.750000;8fd5b2fc-97ae-4dfa-a1af-64eea123da24;8.6488;0.8032564;SELL
2016-04-11T21:02:33.000000;2016-04-11T21:02:33.300000;c7054d42-5837-4938-8447-694c22f526d4;8.6488;5.20537269;SELL
2016-04-11T21:02:36.000000;2016-04-11T21:02:36.103000;d4d3764a-ea9c-4be4-9fe4-dd8d35461fb8;8.6488;0.66180941;SELL
2016-04-11T21:02:38.000000;2016-04-11T21:02:38.760000;946eae4a-179d-46be-8873-0b9ff24f6217;8.6488;5.20898399;SELL
2016-04-11T21:02:42.000000;2016-04-11T21:02:42.500000;58515e34-ae2b-4a17-844a-b304aaad3aaf;8.6488;0.65491345;SELL
2016-04-11T21:02:46.000000;2016-04-11T21:02:46.287000;bc010f3d-d110-4d29-aa7a-1f6e34469514;8.6488;0.73839681;SELL
2016-04-11T21:02:49.000000;2016-04-11T21:02:49.550000;667465f7-b63a-45cb-99fd-c5dc3ce6eafe;8.6488;5.15037601;SELL
2016-04-11T21:02:52.000000;2016-04-11T21:02:52.680000;fc32dab9-26c6-4430-9cdb-1e1991b74aea;8.6488;0.60951;SELL
2016-04-11T21:02:52.000000;2016-04-11T21:02:52.943000;c08f973c-623e-4e65-9535-0d5dec0b73d9;8.6488;0.84456419;SELL
2016-04-11T21:02:55.000000;2016-04-11T21:02:55.577000;25ea2372-afa5-4cfc-b66a-935cd3fd0cba;8.6488;5.120196;SELL
2016-04-11T21:02:57.000000;2016-04-11T21:02:57.787000;fbff30e7-b56c-411e-9b36-8dbe59fb5204;8.6488;5.06909148;SELL
2016-04-11T21:03:00.000000;2016-04-11T21:03:00.857000;c6888fa3-ba7a-489d-8e87-4da9d68b3509;8.6488;4.99210042;SELL
2016-04-11T21:03:03.000000;2016-04-11T21:03:03.893000;a2296068-b28e-4860-9828-5fddef3f4e11;8.6488;4.88495283;SELL
2016-04-11T21:03:06.000000;2016-04-11T21:03:06.473000;e3bbbbea-7cd6-473c-8f0d-fc3e146922c3;8.6488;4.74438805;SELL
2016-04-11T21:03:09.000000;2016-04-11T21:03:09.297000;f6757de4-d231-4f51-aa31-82f83697c4b5;8.6488;4.6305169;SELL
2016-04-11T21:03:11.000000;2016-04-11T21:03:11.660000;94c137a7-d8a8-479b-992c-3c139f57f294;8.6488;0.57020061;SELL
2016-04-11T21:03:15.000000;2016-04-11T21:03:15.843000;2c496913-b856-4c0d-a32d-a02f183134da;8.6488;4.56849057;SELL
2016-04-11T21:03:17.000000;2016-04-11T21:03:17.973000;ed456d36-8422-40bb-943b-86a01f9759b3;8.6488;4.35700418;SELL
2016-04-11T21:03:21.000000;2016-04-11T21:03:21.273000;cbcccb7a-6a92-4fa8-8c62-afbdf57fbede;8.6488;4.11157304;SELL
2016-04-11T21:03:24.000000;2016-04-11T21:03:24.783000;3ed7b743-bad0-4b5b-9338-9b7c3a453967;8.6488;3.83585151;SELL
2016-04-11T21:03:28.000000;2016-04-11T21:03:28.217000;9d4eecb6-f68e-4fed-ac22-b51140d8ad5f;8.6488;3.53542919;SELL
2016-04-11T21:03:30.000000;2016-04-11T21:03:30.503000;4062877b-2abc-42d3-907f-fe4a12402a0d;8.6488;4.63693978;SELL
2016-04-11T21:03:33.000000;2016-04-11T21:03:33.623000;aa2f0f93-0988-40e4-a7d4-780e6789c2b2;8.6488;4.21850274;SELL
2016-04-11T21:03:33.000000;2016-04-11T21:03:33.663000;f7475fd0-2891-4cbe-a563-88a1550d59bf;8.6489;135.5472;BUY
2016-04-11T21:03:37.000000;2016-04-11T21:03:37.240000;6b373783-3824-44c3-80dd-bf847d3a3666;8.6489;2.19901026;SELL
2016-04-11T21:03:39.000000;2016-04-11T21:03:39.577000;faecc0f8-6be3-45d1-a5f4-9c9f9c8e91f0;8.6489;4.21845396;SELL
2016-04-11T21:03:41.000000;2016-04-11T21:03:41.867000;3baee267-4eb0-4bdc-86ed-157f74604bc4;8.6489;2.03533578;SELL
2016-04-11T21:03:52.000000;2016-04-11T21:03:52.190000;dd4f3a11-4656-4fde-823d-f17b58ee81cf;8.6488;2.86803884;SELL
2016-04-11T21:03:54.000000;2016-04-11T21:03:54.870000;8af235c5-ebe2-445e-8d09-ddca2cf902c5;8.6488;1.01449936;SELL
2016-04-11T21:04:34.000000;2016-04-11T21:04:34.493000;283ce159-21d3-4d84-b75a-559311a8e889;8.6489;0.16367448;BUY
2016-04-11T21:08:19.000000;2016-04-11T21:08:19.617000;550c46aa-2488-4154-a6d1-e142f4d74202;8.6488;1.70640633;SELL
2016-04-11T21:08:22.000000;2016-04-11T21:08:22.060000;c2b98cfc-af5d-428a-bbfa-c7a12af11c10;8.6488;1.50053773;SELL
2016-04-11T21:08:22.000000;2016-04-11T21:08:22.503000;f3810179-5a89-4e5e-9ba5-6c4ba7b2518d;8.6488;1.50053773;SELL
2016-04-11T21:09:09.000000;2016-04-11T21:09:09.390000;57a0f033-7d3d-4f62-b647-4acc74f3dc07;8.649;1.0;BUY
2016-04-11T21:09:12.000000;2016-04-11T21:09:12.430000;4c7ed5be-b64c-4de5-8a4a-cfe6e6fed535;8.649;1.0;BUY
2016-04-11T21:09:14.000000;2016-04-11T21:09:14.630000;bff87ffe-80fd-4419-b463-da19c40cc59e;8.649;1.0;BUY
2016-04-11T21:09:16.000000;2016-04-11T21:09:16.240000;22763cf5-5613-4da1-862e-4e8735e36e08;8.649;1.0;BUY
2016-04-11T21:09:18.000000;2016-04-11T21:09:18.223000;7aed6ab0-dbd6-4b18-a59d-915915586f63;8.649;1.0;BUY
2016-04-11T21:12:45.000000;2016-04-11T21:12:45.327000;4ecd9bc0-ede3-4e66-9a7e-ff757ce712e9;8.649;20.2133;BUY
2016-04-11T21:13:02.000000;2016-04-11T21:13:03.043000;589d1698-15a0-4385-bc16-f87085571898;8.6489;50.94453518;SELL
2016-04-11T21:13:04.000000;2016-04-11T21:13:04.697000;90bd2ecd-299e-4ee4-8cd6-55c32ef39acc;8.649;4.8211;BUY
2016-04-11T21:19:43.000000;2016-04-11T21:19:43.790000;64741c0d-907d-44b9-bca4-8554b5f7d110;8.649;3.6;BUY
2016-04-11T21:26:02.000000;2016-04-11T21:26:02.733000;357ed28e-f272-4434-a1fb-9f80da75ddbc;8.649;1.1;BUY
2016-04-11T21:27:21.000000;2016-04-11T21:27:21.513000;1009b3c4-1094-47ce-9d24-c082fd82f1ac;8.649;9.26848649;BUY
2016-04-11T21:27:22.000000;2016-04-11T21:27:22.537000;4395fb7b-b0d2-446f-b296-6852d84fb9d7;8.649;9.26848649;BUY
2016-04-11T21:28:02.000000;2016-04-11T21:28:02.503000;66a067a1-1244-477d-876c-f7df4868e12d;8.649;27.08;BUY
2016-04-11T21:28:06.000000;2016-04-11T21:28:06.523000;a291501e-57e8-4e59-8e3d-6983ea6d3a24;8.649;43.41;BUY
2016-04-11T21:28:07.000000;2016-04-11T21:28:07.443000;e4a73c68-254c-43da-9604-7124721fea5f;8.649;20.07462702;BUY
2016-04-11T21:49:54.000000;2016-04-11T21:49:54.993000;5691e8c1-e974-4fbe-abe6-823aa759827a;8.7;0.97;BUY
2016-04-11T21:51:50.000000;2016-04-11T21:51:50.160000;f934a86e-70ae-4107-ab45-127009d5c5ac;8.7;18.0;BUY
2016-04-11T22:00:16.000000;2016-04-11T22:00:16.637000;2e69f7ae-28a2-48dd-8819-b85b58d2fc1c;8.7;22.5385776;BUY
2016-04-11T22:00:16.000000;2016-04-11T22:00:16.673000;7548fc76-aa92-4ebe-bdf4-96dab6e23df2;8.7;2.58291202;BUY
2016-04-11T22:08:03.000000;2016-04-11T22:08:03.863000;64765006-32a8-49d9-8c58-c50fc20de687;8.7;5.0;BUY
2016-04-11T22:17:09.000000;2016-04-11T22:17:09.333000;1be70cff-9522-46e7-a7d5-1c68d165c3c9;8.7;4.7846194;BUY
2016-04-11T22:20:56.000000;2016-04-11T22:20:56.250000;b1cab664-9526-4c20-863c-456a2826b95b;8.7;265.01066848;BUY
2016-04-11T22:20:56.000000;2016-04-11T22:20:56.257000;9538da43-afc6-4593-b390-194119b4a6a4;8.77;3.643874;BUY
2016-04-11T22:20:56.000000;2016-04-11T22:20:56.260000;038a50ae-ab8a-4beb-9302-e15c63b743d3;8.8;1.3738468;BUY
2016-04-11T22:20:56.000000;2016-04-11T22:20:56.293000;b8afe5a5-7c68-4424-9fae-b8a9319f7969;8.83;29.97161072;BUY
2016-04-11T22:38:19.000000;2016-04-11T22:38:19.930000;89456dc1-6a85-48f5-ae77-632630bada9c;8.801;0.1;BUY
2016-04-11T22:52:59.000000;2016-04-11T22:52:59.657000;535a111c-5a82-43b5-af71-507c976da3de;8.68;2.61873487;SELL
2016-04-11T22:53:03.000000;2016-04-11T22:53:03.830000;a82a6705-0ea8-4e99-adfd-0d6aa30db48c;8.68;0.82641221;SELL
2016-04-11T22:54:16.000000;2016-04-11T22:54:16.503000;4f302eea-918a-40c5-bb10-e5593ab78eec;8.709;2.0;BUY
2016-04-11T22:54:46.000000;2016-04-11T22:54:46.850000;0b9c0bf2-f19d-4b3a-b3f4-d64aaa92c3ab;8.709;30.0;BUY
2016-04-11T22:55:29.000000;2016-04-11T22:55:29.410000;6430a2e2-740e-4822-b32d-4324bcf2ff8a;8.709;53.9296;BUY
2016-04-11T22:58:30.000000;2016-04-11T22:58:31.003000;c1a35986-90b8-4e3f-856a-19b10d9cb31a;8.68;57.31;SELL
2016-04-11T22:59:44.000000;2016-04-11T22:59:44.663000;9d66f0d2-81db-4a4d-aedf-f083c3cefcd8;8.729;10.0;BUY
2016-04-11T22:59:46.000000;2016-04-11T22:59:46.527000;2a8dedc4-e827-4daa-8622-a7e28864eebb;8.728;10.0;BUY
2016-04-11T22:59:47.000000;2016-04-11T22:59:47.793000;5501d94b-b0ee-46b9-80c7-00f21f3e505a;8.728;10.0;BUY
2016-04-11T23:04:57.000000;2016-04-11T23:04:57.473000;dd4858ca-44fe-40f2-b10c-53a1c49f8382;8.682;24.0;BUY
2016-04-11T23:09:41.000000;2016-04-11T23:09:41.857000;60b411eb-93b0-400b-9898-b342d5f39951;8.68;0.00225292;SELL
2016-04-11T23:16:49.000000;2016-04-11T23:16:49.677725;de75109a-9a4c-412e-a40c-42bd27349a1e;8.68;0.1;BUY
2016-04-11T23:19:03.000000;2016-04-11T23:19:03.807169;b46a0059-165d-4826-9fc9-c0bd0f824bfe;8.68;29.89774708;BUY
2016-04-11T23:41:40.000000;2016-04-11T23:41:40.227187;7bc9bab8-b14f-43f0-812a-7597a46bebe4;8.699;25.0;BUY
2016-04-11T23:41:40.000000;2016-04-11T23:41:40.227187;67d34fc7-c5bb-4e03-8180-00799dea6708;8.699;25.0;BUY
