time_exchange;time_coinpai;guid;price;base_amount;taker_side
2016-04-11T00:00:31.000000;2016-04-11T00:00:31.000000;1a0efc92-2525-4d04-9700-6d5da123cdbf;423.29;1.02594;UNKNOWN
2016-04-11T00:00:58.000000;2016-04-11T00:00:58.000000;206af308-917f-4bb9-88bb-f23085ac02c8;423.28;0.02;UNKNOWN
2016-04-11T00:01:01.000000;2016-04-11T00:01:01.000000;e544f921-4e50-4928-a48d-3ccbb9bdc9bf;423.28;0.17804;UNKNOWN
2016-04-11T00:01:31.000000;2016-04-11T00:01:31.000000;0a05ccba-e017-4454-8ad0-c714f3a8ea5e;423.35;0.09;UNKNOWN
2016-04-11T00:01:31.000000;2016-04-11T00:01:31.000000;ed976283-140c-4012-8aff-b8633ca7da17;423.31;0.1;UNKNOWN
2016-04-11T00:01:31.000000;2016-04-11T00:01:31.000000;d2b4c11c-028a-4998-8c68-693c25e2ec77;423.43;0.092581;UNKNOWN
2016-04-11T00:01:31.000000;2016-04-11T00:01:31.000000;75612495-3204-4318-80b0-27581e8ba6c5;423.4;0.54;UNKNOWN
2016-04-11T00:01:31.000000;2016-04-11T00:01:31.000000;13deff8b-ec00-4278-9007-1b8d98bd923b;423.4;0.012534;UNKNOWN
2016-04-11T00:01:31.000000;2016-04-11T00:01:31.000000;7ba0bd60-73f7-4032-a350-43d5f80f4737;423.36;0.19;UNKNOWN
2016-04-11T00:01:31.000000;2016-04-11T00:01:31.000000;79000e93-0808-4cdd-963a-96d8a67a1875;423.41;0.012435;UNKNOWN
2016-04-11T00:09:31.000000;2016-04-11T00:09:31.000000;124c17b9-4db2-41bb-85e0-682deff5eaaf;423.51;2.846875;UNKNOWN
2016-04-11T00:09:31.000000;2016-04-11T00:09:31.000000;3e669803-152f-4373-a550-e21685446d38;423.5;0.086;UNKNOWN
2016-04-11T00:09:31.000000;2016-04-11T00:09:31.000000;8cef5cbd-843c-40a9-ac95-bbd2b1ebcf78;423.5;0.0115;UNKNOWN
2016-04-11T00:09:31.000000;2016-04-11T00:09:31.000000;7b6a0a5b-c724-41d1-baf1-1aa3ef82532b;423.5;6.24059122;UNKNOWN
2016-04-11T00:09:31.000000;2016-04-11T00:09:31.000000;5979ea49-fa2d-47a2-94da-f1e7d8ae6153;423.48;0.01;UNKNOWN
2016-04-11T00:09:31.000000;2016-04-11T00:09:31.000000;58e26f51-a22b-44c4-a95f-a73dcd2f4113;423.5;0.10842378;UNKNOWN
2016-04-11T00:09:31.000000;2016-04-11T00:09:31.000000;5e943192-e550-4349-b056-62d56e6dedc0;423.47;0.129;UNKNOWN
2016-04-11T00:09:31.000000;2016-04-11T00:09:31.000000;b9b9675e-bc7d-4bd3-84b1-8007c54999b0;423.44;0.01;UNKNOWN
2016-04-11T00:09:31.000000;2016-04-11T00:09:31.000000;f6744ad3-27e8-4548-943b-916e20e15dba;423.5;0.3;UNKNOWN
2016-04-11T00:09:31.000000;2016-04-11T00:09:31.000000;6e936c04-c59c-4ddb-ba95-de9fc1d3b514;423.44;0.01;UNKNOWN
2016-04-11T00:10:01.000000;2016-04-11T00:10:01.000000;e51ddc25-0c9e-4934-9e63-c73ab422f4d2;423.43;0.19;UNKNOWN
2016-04-11T00:10:01.000000;2016-04-11T00:10:01.000000;a213b33a-4967-47c4-a6e4-54a11bac1874;423.25;0.99;UNKNOWN
2016-04-11T00:10:01.000000;2016-04-11T00:10:01.000000;f249b83a-d2aa-477a-b992-810c8e8c7342;423.23;0.99;UNKNOWN
2016-04-11T00:10:01.000000;2016-04-11T00:10:01.000000;854de6cb-8226-4d54-b5fd-f585ad88f4e7;423.29;0.01;UNKNOWN
2016-04-11T00:10:01.000000;2016-04-11T00:10:01.000000;2bc35df4-2d22-4fdd-93fe-db1fb80e2aac;423.28;0.9;UNKNOWN
2016-04-11T00:10:01.000000;2016-04-11T00:10:01.000000;577efcea-d34b-48ae-af2f-65196a944aaf;423.35;0.101;UNKNOWN
2016-04-11T00:10:01.000000;2016-04-11T00:10:01.000000;b0edca4a-d9ac-4d4b-af5d-30da82f85f42;423.32;0.128;UNKNOWN
2016-04-11T00:10:01.000000;2016-04-11T00:10:01.000000;d8b2ed02-8875-4d42-82b5-39bd6f3bb3f8;423.38;0.124;UNKNOWN
2016-04-11T00:10:01.000000;2016-04-11T00:10:01.000000;1fbab3d6-bc73-4e69-82d8-57e7c5ea0da7;423.43;0.01;UNKNOWN
2016-04-11T00:10:01.000000;2016-04-11T00:10:01.000000;b859bbbf-7b9b-4285-aab8-b5ddd0fe8e7f;423.26;0.9;UNKNOWN
2016-04-11T00:10:01.000000;2016-04-11T00:10:01.000000;1f45e61d-e8a6-43d1-b632-5abfc779c89b;423.27;0.126;UNKNOWN
2016-04-11T00:10:01.000000;2016-04-11T00:10:01.000000;168b1456-b800-4843-a238-0ec6dc723930;423.24;0.99;UNKNOWN
2016-04-11T00:10:01.000000;2016-04-11T00:10:01.000000;0819cd27-5736-460d-97d7-c8f1f8817c42;423.42;0.01;UNKNOWN
2016-04-11T00:10:01.000000;2016-04-11T00:10:01.000000;433f492b-428c-4a12-a35f-0273698b7040;423.4;0.3;UNKNOWN
2016-04-11T00:10:01.000000;2016-04-11T00:10:01.000000;68639d76-8d28-49f6-afa0-970bbba91ef0;423.24;0.089;UNKNOWN
2016-04-11T00:10:01.000000;2016-04-11T00:10:01.000000;fcebfcd2-a8e7-4393-82b8-0cf8aa617245;423.38;0.06;UNKNOWN
2016-04-11T00:10:01.000000;2016-04-11T00:10:01.000000;6cadd298-1ace-4fc1-aa9a-fb90be836f2d;423.21;0.06;UNKNOWN
2016-04-11T00:10:01.000000;2016-04-11T00:10:01.000000;25205020-e381-4763-a37a-197c9e676982;423.21;0.091;UNKNOWN
2016-04-11T00:10:01.000000;2016-04-11T00:10:01.000000;224f977f-8533-46ad-af5c-62e782480894;423.22;0.99;UNKNOWN
2016-04-11T00:10:01.000000;2016-04-11T00:10:01.000000;9616cb4c-1862-412e-bdd7-585aeb8c8e23;423.2;0.41661;UNKNOWN
2016-04-11T00:10:01.000000;2016-04-11T00:10:01.000000;946008f7-5228-4a03-b0ab-b38910f36c99;423.21;0.99;UNKNOWN
2016-04-11T00:10:31.000000;2016-04-11T00:10:31.000000;b10cfdc7-add2-4fbd-a600-f0799d295a32;423.39;0.03231;UNKNOWN
2016-04-11T00:10:39.000000;2016-04-11T00:10:39.000000;202505cf-f63b-4efd-a75c-168130ae2286;423.37;0.12;UNKNOWN
2016-04-11T00:11:00.000000;2016-04-11T00:11:00.000000;5208f5c7-50e3-4e8b-803c-e857c8b91d2a;423.07;0.84485;UNKNOWN
2016-04-11T00:11:00.000000;2016-04-11T00:11:00.000000;12c89dff-5e3e-445d-bab2-25433318e662;423.1;0.1;UNKNOWN
2016-04-11T00:11:00.000000;2016-04-11T00:11:00.000000;642e286b-caf2-4af3-a655-aa19d0ff224a;423.09;0.084;UNKNOWN
2016-04-11T00:11:00.000000;2016-04-11T00:11:00.000000;5e7ee307-6e3c-4aba-805c-335a3fd869c8;423.18;0.096;UNKNOWN
2016-04-11T00:11:00.000000;2016-04-11T00:11:00.000000;f8529ac7-4132-4851-881e-46c6c35f6676;423.12;0.119;UNKNOWN
2016-04-11T00:11:00.000000;2016-04-11T00:11:00.000000;e477e45c-1410-4083-8d4e-23e66ef2a605;423.14;0.01;UNKNOWN
2016-04-11T00:11:00.000000;2016-04-11T00:11:00.000000;6ed40466-ea37-4013-8bd2-4aa8e2c0f38f;423.19;0.01;UNKNOWN
2016-04-11T00:11:00.000000;2016-04-11T00:11:00.000000;bf57c630-8245-44c4-92d6-11fb3e5fe328;423.19;0.01;UNKNOWN
2016-04-11T00:11:30.000000;2016-04-11T00:11:30.000000;dcc8cb46-e460-4b9f-a3f1-5f7044b174c6;423.34;0.01;UNKNOWN
2016-04-11T00:11:30.000000;2016-04-11T00:11:30.000000;4b939079-8802-4699-8050-d7a7656d02d1;423.37;0.01;UNKNOWN
2016-04-11T00:11:30.000000;2016-04-11T00:11:30.000000;03da89fc-7835-4325-bedb-494628da5592;423.37;0.01;UNKNOWN
2016-04-11T00:11:30.000000;2016-04-11T00:11:30.000000;603a74ab-8af8-4c07-b796-9376c50966f0;423.41;0.063;UNKNOWN
2016-04-11T00:11:30.000000;2016-04-11T00:11:30.000000;ac468897-c03c-47db-8c02-92ba1c4057c1;423.43;0.116;UNKNOWN
2016-04-11T00:11:30.000000;2016-04-11T00:11:30.000000;24fc8238-71e0-4361-a316-9bb66afcd9ed;423.4;0.1;UNKNOWN
2016-04-11T00:11:30.000000;2016-04-11T00:11:30.000000;ba738376-b9cc-4c40-8b71-d8d6225686a1;423.46;0.109;UNKNOWN
2016-04-11T00:11:30.000000;2016-04-11T00:11:30.000000;d41bc415-beae-40f8-b884-4e5c90ec67d4;423.44;0.2;UNKNOWN
2016-04-11T00:11:30.000000;2016-04-11T00:11:30.000000;c714eefe-4ff6-4659-a07e-38b9bbd1ec60;423.43;0.3;UNKNOWN
2016-04-11T00:11:30.000000;2016-04-11T00:11:30.000000;0f459592-94c1-4dad-99cc-e7257cf3d101;423.48;3.66031;UNKNOWN
2016-04-11T00:12:01.000000;2016-04-11T00:12:01.000000;6b1a8bba-2859-4109-92a0-78d2a40666dc;423.33;0.28138;UNKNOWN
2016-04-11T00:12:01.000000;2016-04-11T00:12:01.000000;f5406405-0d47-4518-b043-1ecbd0a42aa2;423.38;0.33;UNKNOWN
2016-04-11T00:12:36.000000;2016-04-11T00:12:36.000000;2685c197-b771-4518-ab4f-36509870f821;423.5;0.3;UNKNOWN
2016-04-11T00:12:36.000000;2016-04-11T00:12:36.000000;0f7d3322-6925-430a-b5ee-924defec174f;423.5;0.063;UNKNOWN
2016-04-11T00:12:36.000000;2016-04-11T00:12:36.000000;45f57bfd-9639-4731-9125-3f5ad7f0376b;423.51;0.81764;UNKNOWN
2016-04-11T00:13:01.000000;2016-04-11T00:13:01.000000;34cda887-c0c4-4bdc-ba8f-1d3c0d92b3d7;423.51;1.09171;UNKNOWN
2016-04-11T00:13:31.000000;2016-04-11T00:13:31.000000;cb05cc6a-20e8-4d0e-9438-b2931f195d26;423.51;0.86177;UNKNOWN
2016-04-11T00:14:00.000000;2016-04-11T00:14:00.000000;ac82fca7-0517-438d-8af1-bc1cc03887b3;423.38;0.3;UNKNOWN
2016-04-11T00:14:00.000000;2016-04-11T00:14:00.000000;30a40ed4-dbd5-4932-a470-ed17de30b6ac;423.39;0.114;UNKNOWN
2016-04-11T00:14:00.000000;2016-04-11T00:14:00.000000;968d011a-6c3d-4ea6-9c4c-b19a0b6ee5cd;423.42;0.094;UNKNOWN
2016-04-11T00:14:00.000000;2016-04-11T00:14:00.000000;94425fbd-eb23-4acb-9704-ed14bf9c6362;423.42;0.06;UNKNOWN
2016-04-11T00:14:00.000000;2016-04-11T00:14:00.000000;4535dc49-fab5-4d97-8adb-d237d45c1f9c;423.46;0.01;UNKNOWN
2016-04-11T00:14:00.000000;2016-04-11T00:14:00.000000;3d8bdfac-26a4-4f33-ab11-c852062a5bae;423.45;0.01;UNKNOWN
2016-04-11T00:14:00.000000;2016-04-11T00:14:00.000000;17820ba3-f314-4ceb-be4b-265f3cb1b10c;423.36;0.126;UNKNOWN
2016-04-11T00:14:00.000000;2016-04-11T00:14:00.000000;fd945693-b367-4122-9b60-f0eda7a9fef1;423.38;0.15;UNKNOWN
2016-04-11T00:14:00.000000;2016-04-11T00:14:00.000000;d9aff702-9c69-4162-aa99-2b7fce62fa49;423.37;0.99;UNKNOWN
2016-04-11T00:14:00.000000;2016-04-11T00:14:00.000000;07584348-c52c-4683-8eae-73e11155b871;423.36;0.75366;UNKNOWN
2016-04-11T00:14:31.000000;2016-04-11T00:14:31.000000;bd389fd1-16c0-450a-89f5-c0109bb98f57;423.49;0.3;UNKNOWN
2016-04-11T00:14:31.000000;2016-04-11T00:14:31.000000;839c0d92-ff2d-42ba-a2fa-68efa3289ddf;423.49;0.18;UNKNOWN
2016-04-11T00:14:31.000000;2016-04-11T00:14:31.000000;24b19181-69d2-4a87-8ed0-64421e70331d;423.47;0.238;UNKNOWN
2016-04-11T00:14:31.000000;2016-04-11T00:14:31.000000;a6e81e6e-d192-4f18-a891-8c72920109d9;423.47;0.01;UNKNOWN
2016-04-11T00:14:31.000000;2016-04-11T00:14:31.000000;11d2d151-03a5-4f1e-a5a5-4feda709aa44;423.51;7.60579;UNKNOWN
2016-04-11T00:15:00.000000;2016-04-11T00:15:00.000000;bc2a79e0-35a6-4b89-b2d1-49b998d6e60d;423.51;0.05518;UNKNOWN
2016-04-11T00:16:01.000000;2016-04-11T00:16:01.000000;b9ff49ba-ed53-4652-9310-e615f2dc8404;423.51;0.08159;UNKNOWN
2016-04-11T00:16:30.000000;2016-04-11T00:16:30.000000;f43c690f-ec47-44f1-86f0-2b97e351b3f6;423.42;0.01;UNKNOWN
2016-04-11T00:16:30.000000;2016-04-11T00:16:30.000000;597547d0-a140-4587-8e46-5772481c7856;423.44;0.12;UNKNOWN
2016-04-11T00:16:30.000000;2016-04-11T00:16:30.000000;f49a72b0-6eb8-4116-9b7b-15a4a16daceb;423.44;0.01;UNKNOWN
2016-04-11T00:16:30.000000;2016-04-11T00:16:30.000000;2110f93b-7912-4898-81cf-9fd451eff7fe;423.41;0.125;UNKNOWN
2016-04-11T00:16:30.000000;2016-04-11T00:16:30.000000;4b19382e-a9f3-4969-9237-8d6cc72cee61;423.37;0.45;UNKNOWN
2016-04-11T00:16:30.000000;2016-04-11T00:16:30.000000;dcd04c5c-fb30-454e-9813-27c839f768c5;423.39;0.02;UNKNOWN
2016-04-11T00:16:30.000000;2016-04-11T00:16:30.000000;7c6e31f7-1142-42b4-86f1-633e216aa623;423.37;0.02000118;UNKNOWN
2016-04-11T00:16:30.000000;2016-04-11T00:16:30.000000;26b1404f-7ca6-470f-93c9-03a78e1a825f;423.38;0.094;UNKNOWN
2016-04-11T00:16:30.000000;2016-04-11T00:16:30.000000;568300b2-ad12-46c2-b7c5-2897523c329f;423.38;0.06;UNKNOWN
2016-04-11T00:16:30.000000;2016-04-11T00:16:30.000000;588b1724-ec93-4f40-8000-4aa36e37c3a3;423.36;0.31;UNKNOWN
2016-04-11T00:16:30.000000;2016-04-11T00:16:30.000000;cca8c279-6d69-4f18-97ef-cbee77a088a5;423.36;0.00215882;UNKNOWN
2016-04-11T00:17:04.000000;2016-04-11T00:17:04.000000;cacd13ff-44ae-4766-acf9-a9066781a1ee;423.47;0.02000118;UNKNOWN
2016-04-11T00:17:04.000000;2016-04-11T00:17:04.000000;3fb9cb4b-0adc-49de-8ebe-66b9a1eb48bb;423.46;0.01;UNKNOWN
2016-04-11T00:17:04.000000;2016-04-11T00:17:04.000000;783241b6-07dd-4469-9d1a-d29b0336993a;423.5;0.22860882;UNKNOWN
2016-04-11T00:17:04.000000;2016-04-11T00:17:04.000000;3eda79b4-2bea-459f-813b-2f6726886047;423.49;0.01;UNKNOWN
2016-04-11T00:17:30.000000;2016-04-11T00:17:30.000000;cca35ea1-24e2-4e78-9a76-0f463eaf7d8a;423.39;0.01494;UNKNOWN
2016-04-11T00:18:00.000000;2016-04-11T00:18:00.000000;9d3437cc-70ba-4426-a9df-16df38864e93;423.5;1.05186;UNKNOWN
2016-04-11T00:18:00.000000;2016-04-11T00:18:00.000000;30c3be7e-24e1-4f6e-816f-4c2087eb4eeb;423.49;0.75;UNKNOWN
2016-04-11T00:18:00.000000;2016-04-11T00:18:00.000000;92699192-a341-4e8a-ab2a-ce26e5955208;423.49;0.3;UNKNOWN
2016-04-11T00:18:00.000000;2016-04-11T00:18:00.000000;d6a27074-92fe-4b67-92ff-2e23bffc7966;423.49;0.12;UNKNOWN
2016-04-11T00:18:30.000000;2016-04-11T00:18:30.000000;d60f1261-9589-41b4-93fe-fff02b54b445;423.49;0.36239;UNKNOWN
2016-04-11T00:18:37.000000;2016-04-11T00:18:37.000000;8d8ec359-06ed-4efb-9c64-73e9a2c36c14;423.49;0.13062182;UNKNOWN
2016-04-11T00:19:00.000000;2016-04-11T00:19:00.000000;d5272045-fae5-4fa3-9f04-4948ccb07310;423.49;0.45;UNKNOWN
2016-04-11T00:19:00.000000;2016-04-11T00:19:00.000000;32ad1ea5-61a1-47cd-8985-4ee06b527800;423.5;0.21026;UNKNOWN
2016-04-11T00:20:03.000000;2016-04-11T00:20:03.000000;9a75787d-2980-4400-8749-40441029a5c4;423.39;0.00506118;UNKNOWN
2016-04-11T00:20:03.000000;2016-04-11T00:20:03.000000;43f09310-6d19-4fe4-9abe-c236f5c55f17;423.39;0.05842882;UNKNOWN
2016-04-11T00:20:31.000000;2016-04-11T00:20:31.000000;ea90f962-71e6-4fea-bc55-3af957ae697f;423.5;1.84557882;UNKNOWN
2016-04-11T00:20:31.000000;2016-04-11T00:20:31.000000;c68d0ba1-0447-476d-9eb2-fbeb110e2e55;423.49;0.02000118;UNKNOWN
2016-04-11T00:21:00.000000;2016-04-11T00:21:00.000000;fcd7e725-fa83-4988-9598-bb8db3172715;423.4;0.02654;UNKNOWN
2016-04-11T00:21:31.000000;2016-04-11T00:21:31.000000;8b26cb28-862b-40e6-8822-e7e8c27d6e3d;423.49;0.25471;UNKNOWN
2016-04-11T00:22:01.000000;2016-04-11T00:22:01.000000;545f11c1-cb03-4d61-a6fc-247f71b47772;423.4;0.02362;UNKNOWN
2016-04-11T00:22:30.000000;2016-04-11T00:22:30.000000;5e049b6a-aed0-40d6-9009-428fa0005d77;423.5;0.10905;UNKNOWN
2016-04-11T00:22:30.000000;2016-04-11T00:22:30.000000;e1f85ed6-5eee-4223-8db8-768191010f63;423.49;0.6;UNKNOWN
2016-04-11T00:22:30.000000;2016-04-11T00:22:30.000000;37d0b180-4caa-44b8-93bb-64eceae9355c;423.49;0.06;UNKNOWN
2016-04-11T00:23:06.000000;2016-04-11T00:23:06.000000;0ee4b0c5-9b71-4466-bd7a-888352e528bd;423.48;0.33518;UNKNOWN
2016-04-11T00:23:31.000000;2016-04-11T00:23:31.000000;f10835e7-bf88-44c4-a830-d379e94208f1;423.49;0.35911;UNKNOWN
2016-04-11T00:23:31.000000;2016-04-11T00:23:31.000000;24a6086c-6114-41bb-ac0e-9ce31abe2179;423.49;0.3;UNKNOWN
2016-04-11T00:23:31.000000;2016-04-11T00:23:31.000000;ad95652f-182a-4596-9d2d-26f6266213fa;423.49;0.06;UNKNOWN
2016-04-11T00:24:01.000000;2016-04-11T00:24:01.000000;19e6048b-a2ba-416d-bcf1-d33ebbb94489;423.5;0.05554;UNKNOWN
2016-04-11T00:24:38.000000;2016-04-11T00:24:38.000000;6d95f27a-0b89-4a15-83d4-ad16fe411cb1;423.49;0.45884;UNKNOWN
2016-04-11T00:25:00.000000;2016-04-11T00:25:00.000000;ced38de0-6b73-4f94-9c3a-6a2b1760da4a;423.43;0.01;UNKNOWN
2016-04-11T00:25:00.000000;2016-04-11T00:25:00.000000;dee28112-9bc8-4042-bceb-82e4f414b2ee;423.43;0.10607;UNKNOWN
2016-04-11T00:25:00.000000;2016-04-11T00:25:00.000000;0ad52e78-f92c-41de-838f-2863b9e40918;423.43;0.1;UNKNOWN
2016-04-11T00:25:30.000000;2016-04-11T00:25:30.000000;6668a821-e860-4329-b72e-9d92e600dbd8;423.4;0.01;UNKNOWN
2016-04-11T00:25:30.000000;2016-04-11T00:25:30.000000;c3da484f-f5ba-49f9-b0e2-eb26e395eeb0;423.39;0.01361;UNKNOWN
2016-04-11T00:26:01.000000;2016-04-11T00:26:01.000000;ac7972cf-f47c-4e39-9a55-4c006bec9ab0;423.49;0.063;UNKNOWN
2016-04-11T00:26:01.000000;2016-04-11T00:26:01.000000;fc6841e7-dc6e-48ed-9720-6445acb40678;423.49;0.13;UNKNOWN
2016-04-11T00:26:01.000000;2016-04-11T00:26:01.000000;5fa2f2cc-5bda-44db-aa11-54fd44fd0225;423.5;1.87711;UNKNOWN
2016-04-11T00:26:30.000000;2016-04-11T00:26:30.000000;370a697e-07e5-4f21-bb65-4f918c659a6b;423.41;0.02362;UNKNOWN
2016-04-11T00:27:10.000000;2016-04-11T00:27:10.000000;dc91df0e-ad88-4848-bcf7-0ff77127af65;423.5;1.51461;UNKNOWN
2016-04-11T00:27:14.000000;2016-04-11T00:27:14.000000;2a2d0424-82a6-4de3-9e94-3317498740f7;423.5;0.02937818;UNKNOWN
2016-04-11T00:27:14.000000;2016-04-11T00:27:14.000000;9c2f99ec-ed59-4a1a-8c92-7483d1bdfa3b;423.5;0.03062182;UNKNOWN
2016-04-11T00:27:31.000000;2016-04-11T00:27:31.000000;2720bace-e574-4c6e-b39c-8c8da966e3dc;423.5;0.04578;UNKNOWN
2016-04-11T00:28:01.000000;2016-04-11T00:28:01.000000;42ef78ad-dd5e-4ce7-999f-b8d9df8844c9;423.5;2.72706;UNKNOWN
2016-04-11T00:28:31.000000;2016-04-11T00:28:31.000000;8377ee7d-04da-46db-9bf4-c55fe65fc8b3;423.47;0.06;UNKNOWN
2016-04-11T00:28:31.000000;2016-04-11T00:28:31.000000;bb817298-34dc-4dbf-b66d-9055bc97b9de;423.47;0.02000354;UNKNOWN
2016-04-11T00:28:31.000000;2016-04-11T00:28:31.000000;2a0ed302-ca33-41d5-88ea-bbc348e7f026;423.5;0.79616292;UNKNOWN
2016-04-11T00:28:31.000000;2016-04-11T00:28:31.000000;93c2d862-1d07-4c77-a840-3dab1ca640be;423.48;0.02;UNKNOWN
2016-04-11T00:28:31.000000;2016-04-11T00:28:31.000000;7e53d241-42fe-4d8d-b85a-1b4bce47ee78;423.49;0.02000354;UNKNOWN
2016-04-11T00:29:00.000000;2016-04-11T00:29:00.000000;90a70a74-acdf-4b2b-b1fc-5e3e5364faf6;423.5;1.69497;UNKNOWN
2016-04-11T00:29:14.000000;2016-04-11T00:29:14.000000;ee851aae-c1f6-4519-a23f-15b01273e576;423.5;0.05742012;UNKNOWN
2016-04-11T00:29:31.000000;2016-04-11T00:29:31.000000;a2256c67-6271-4b66-9f44-cb91dc3baa29;423.46;0.02000236;UNKNOWN
2016-04-11T00:29:31.000000;2016-04-11T00:29:31.000000;9650ed7d-ea95-4499-9faf-67fdb860ba14;423.46;0.01798764;UNKNOWN
2016-04-11T00:30:01.000000;2016-04-11T00:30:01.000000;3337d24b-ca2e-4fa1-a2f9-34db105b9746;423.5;0.30027614;UNKNOWN
2016-04-11T00:30:01.000000;2016-04-11T00:30:01.000000;a6b30e7e-9239-4c8e-b933-d33d167569d2;423.51;0.35695386;UNKNOWN
2016-04-11T00:30:01.000000;2016-04-11T00:30:01.000000;f7b19b29-f48a-417e-9b3d-996bc92851e3;423.49;0.02;UNKNOWN
2016-04-11T00:30:01.000000;2016-04-11T00:30:01.000000;5b9588c6-dc1a-46e1-9391-12a9e1f6eb76;423.46;0.01;UNKNOWN
2016-04-11T00:30:31.000000;2016-04-11T00:30:31.000000;edfa60ce-ce95-4a77-b575-8c85f29b46af;423.49;0.02;UNKNOWN
2016-04-11T00:30:31.000000;2016-04-11T00:30:31.000000;dd29e68e-0cbb-4817-a035-80b415bdc540;423.51;0.03379;UNKNOWN
2016-04-11T00:31:30.000000;2016-04-11T00:31:30.000000;c41ecd37-f076-4e3e-b7f7-1f313183d68e;423.51;0.51923;UNKNOWN
2016-04-11T00:31:30.000000;2016-04-11T00:31:30.000000;3e0c22a0-6937-4ee7-b8b9-4d35e54f3b60;423.49;0.02;UNKNOWN
2016-04-11T00:32:01.000000;2016-04-11T00:32:01.000000;0e3230ab-9130-4890-b7cc-8d375f56e01c;423.51;0.10857;UNKNOWN
2016-04-11T00:32:01.000000;2016-04-11T00:32:01.000000;f4e5ea5d-2cba-4c5a-bbf0-fafcbe2cc14e;423.49;0.02;UNKNOWN
2016-04-11T00:32:31.000000;2016-04-11T00:32:31.000000;a1738a20-b4b6-488d-a46b-f3e1dc39762f;423.42;0.02000236;UNKNOWN
2016-04-11T00:32:31.000000;2016-04-11T00:32:31.000000;af5e9ab8-85b4-4492-bb67-506ae6918fa2;423.4;0.85376914;UNKNOWN
2016-04-11T00:32:31.000000;2016-04-11T00:32:31.000000;2ab958fc-aa4d-4793-b6a6-70ce5997f263;423.43;0.02000236;UNKNOWN
2016-04-11T00:32:31.000000;2016-04-11T00:32:31.000000;29ff9f0a-fa36-4d35-83a2-071e2bcdc3be;423.48;0.01037;UNKNOWN
2016-04-11T00:32:31.000000;2016-04-11T00:32:31.000000;f1a87238-6468-4e8f-ab75-75f62db5b761;423.4;0.02000024;UNKNOWN
2016-04-11T00:32:31.000000;2016-04-11T00:32:31.000000;b0d0531f-47f4-477f-a00c-c891932dc45e;423.47;0.076;UNKNOWN
2016-04-11T00:32:31.000000;2016-04-11T00:32:31.000000;7588568d-fc61-44dc-9489-396abc8af76e;423.46;0.3;UNKNOWN
2016-04-11T00:32:31.000000;2016-04-11T00:32:31.000000;0daa6580-5937-4ace-9295-d26547d56258;423.47;0.06;UNKNOWN
2016-04-11T00:32:31.000000;2016-04-11T00:32:31.000000;02d2168b-db7d-44e1-9c0e-1fd6ede76a1f;423.44;0.086;UNKNOWN
2016-04-11T00:32:31.000000;2016-04-11T00:32:31.000000;7047c1ff-65a2-4b11-8def-7885cb6ceaef;423.46;0.12;UNKNOWN
2016-04-11T00:32:31.000000;2016-04-11T00:32:31.000000;d5e63886-f000-463e-8d55-007cd6165191;423.44;0.06;UNKNOWN
2016-04-11T00:32:31.000000;2016-04-11T00:32:31.000000;30c38672-792b-4437-9281-d9839c5585a1;423.41;0.072;UNKNOWN
2016-04-11T00:32:31.000000;2016-04-11T00:32:31.000000;d5621cc9-b881-44c9-a5eb-c07a69389acf;423.41;0.02000118;UNKNOWN
2016-04-11T00:32:31.000000;2016-04-11T00:32:31.000000;c946fc76-66e0-4f13-9a20-a6c969231e3d;423.44;0.02000236;UNKNOWN
2016-04-11T00:32:31.000000;2016-04-11T00:32:31.000000;3d88c4cc-6704-492f-86be-19046b0f03fc;423.45;0.34;UNKNOWN
2016-04-11T00:32:31.000000;2016-04-11T00:32:31.000000;b7879299-e47b-4169-bac0-3714d66a0363;423.45;0.02000236;UNKNOWN
2016-04-11T00:32:31.000000;2016-04-11T00:32:31.000000;fd65addd-ec89-4815-aeb3-5091d9cbcf8e;423.45;0.3;UNKNOWN
2016-04-11T00:33:01.000000;2016-04-11T00:33:01.000000;8161f804-af22-431f-b19d-7c639e4d0b97;423.49;0.02;UNKNOWN
2016-04-11T00:33:01.000000;2016-04-11T00:33:01.000000;8a369abf-5438-4144-908f-06964e896dc2;423.51;1.44848976;UNKNOWN
2016-04-11T00:33:01.000000;2016-04-11T00:33:01.000000;08360589-6e2a-4947-97fb-98cfe1eeb2eb;423.5;0.3;UNKNOWN
2016-04-11T00:33:01.000000;2016-04-11T00:33:01.000000;72379c4f-daa4-4547-8742-ca299c72d012;423.5;0.02000024;UNKNOWN
2016-04-11T00:33:30.000000;2016-04-11T00:33:30.000000;cd07778c-c608-43de-897c-b27c80ada6fd;423.51;2.24547;UNKNOWN
2016-04-11T00:33:49.000000;2016-04-11T00:33:49.000000;2f697800-c490-49e8-8d79-fd2c67180e8d;423.51;0.26418917;UNKNOWN
2016-04-11T00:33:50.000000;2016-04-11T00:33:50.000000;357d5bbd-3928-4884-8770-e941d8e9963d;423.51;0.26418917;UNKNOWN
2016-04-11T00:33:50.000000;2016-04-11T00:33:50.000000;68fae37f-b5db-4104-8bc6-06a50ee051f5;423.51;0.26418917;UNKNOWN
2016-04-11T00:33:51.000000;2016-04-11T00:33:51.000000;7328813f-ab2f-4dd7-a5af-d5e599c427da;423.51;0.26418917;UNKNOWN
2016-04-11T00:33:51.000000;2016-04-11T00:33:51.000000;65b4d9e2-7f5e-4182-85c1-4c3a4233b723;423.51;0.26418917;UNKNOWN
2016-04-11T00:34:01.000000;2016-04-11T00:34:01.000000;bddb47e5-fcfc-4a94-bfc7-ad1021a29d0b;423.51;0.1052;UNKNOWN
2016-04-11T00:34:30.000000;2016-04-11T00:34:30.000000;33983f61-d2d7-47bd-95a0-5d97f411d59c;423.47;0.01046;UNKNOWN
2016-04-11T00:35:04.000000;2016-04-11T00:35:04.000000;ad646d75-8d97-4c4f-89e9-f361795e59de;423.44;0.01173;UNKNOWN
2016-04-11T00:35:30.000000;2016-04-11T00:35:30.000000;ba42ee4f-1f92-44b8-bb02-5affc857fdff;423.51;0.46757;UNKNOWN
2016-04-11T00:36:00.000000;2016-04-11T00:36:00.000000;a6fc34d2-ce95-4eff-a6c3-1e718619a89c;423.51;0.41614;UNKNOWN
2016-04-11T00:36:34.000000;2016-04-11T00:36:34.000000;149d02bd-06ed-48a0-91a5-57149efce7c8;423.5;0.18234;UNKNOWN
2016-04-11T00:37:00.000000;2016-04-11T00:37:00.000000;5b919fd0-4bae-4a22-90f7-c43315bbda06;422.98;0.082;UNKNOWN
2016-04-11T00:37:00.000000;2016-04-11T00:37:00.000000;a3eb54f7-fda9-4cca-a330-8e272d63acd9;423.01;0.086;UNKNOWN
2016-04-11T00:37:00.000000;2016-04-11T00:37:00.000000;15262196-5d66-41f5-807b-312bd219b0aa;422.97;0.15847205;UNKNOWN
2016-04-11T00:37:00.000000;2016-04-11T00:37:00.000000;1b9dea81-aa8c-4283-a43b-1f9884182823;423.1;0.098;UNKNOWN
2016-04-11T00:37:00.000000;2016-04-11T00:37:00.000000;53682894-8b4f-464c-91f1-796288d4f1c5;423.07;0.105;UNKNOWN
2016-04-11T00:37:00.000000;2016-04-11T00:37:00.000000;79784bfd-fb22-414a-abbe-e07c67098990;423.1;0.02;UNKNOWN
2016-04-11T00:37:00.000000;2016-04-11T00:37:00.000000;ddf454fa-b05d-4927-8a34-af45ec981e09;423.1;1.89;UNKNOWN
2016-04-11T00:37:00.000000;2016-04-11T00:37:00.000000;c65a0b4f-9f67-473d-a3d4-105ba396fdd1;423.0;0.02;UNKNOWN
2016-04-11T00:37:00.000000;2016-04-11T00:37:00.000000;7d97f21c-9558-4ed8-a6f0-9396242880cf;423.04;0.103;UNKNOWN
2016-04-11T00:37:00.000000;2016-04-11T00:37:00.000000;224e8f01-7e54-4972-9f3d-9cf317846c98;423.08;0.26418917;UNKNOWN
2016-04-11T00:37:00.000000;2016-04-11T00:37:00.000000;fcb2ac4a-d33b-41fe-9a30-e30b3d7f74c7;423.11;0.01;UNKNOWN
2016-04-11T00:37:00.000000;2016-04-11T00:37:00.000000;b22b35b3-a687-488a-8359-be8c450c9d54;423.13;0.112;UNKNOWN
2016-04-11T00:37:00.000000;2016-04-11T00:37:00.000000;858c6ef7-8286-43bd-901c-3381ff9e444d;423.16;0.3;UNKNOWN
2016-04-11T00:37:00.000000;2016-04-11T00:37:00.000000;2a19662c-f300-4651-83be-2ecbf41a2c88;423.1;0.1;UNKNOWN
2016-04-11T00:37:00.000000;2016-04-11T00:37:00.000000;a8217fd7-579a-4366-b528-bef7074c4d05;423.19;0.105;UNKNOWN
2016-04-11T00:37:00.000000;2016-04-11T00:37:00.000000;4da65fb8-413b-4678-a73e-4ae3b36e5f6c;423.16;0.084;UNKNOWN
2016-04-11T00:37:00.000000;2016-04-11T00:37:00.000000;a0bb167c-2fd3-43b6-a0e5-2d037ea27643;423.19;0.02;UNKNOWN
2016-04-11T00:37:00.000000;2016-04-11T00:37:00.000000;5c9efa57-d9ad-492b-a54c-cfaf75150c2c;423.17;0.26418917;UNKNOWN
2016-04-11T00:37:00.000000;2016-04-11T00:37:00.000000;62f92c01-cc27-417a-933d-70ac78122f35;423.45;0.06;UNKNOWN
2016-04-11T00:37:00.000000;2016-04-11T00:37:00.000000;62228fb2-9477-4818-9153-568b17957cfe;423.31;0.02000236;UNKNOWN
2016-04-11T00:37:00.000000;2016-04-11T00:37:00.000000;ccd76936-6807-4d59-bc49-565099c4e898;423.47;0.04;UNKNOWN
2016-04-11T00:37:00.000000;2016-04-11T00:37:00.000000;0c5cca07-eedb-422f-89f7-39dc7e5a9c36;423.27;0.01;UNKNOWN
2016-04-11T00:37:00.000000;2016-04-11T00:37:00.000000;4542618a-11ed-4996-bdc7-3fb4476b6d9f;423.41;1.0;UNKNOWN
2016-04-11T00:37:00.000000;2016-04-11T00:37:00.000000;41b1e057-043e-4bf1-b612-8a47b1123833;423.32;0.99;UNKNOWN
2016-04-11T00:37:00.000000;2016-04-11T00:37:00.000000;1cc7d96c-b3a0-4455-a7dd-f55572c251f2;423.28;0.127;UNKNOWN
2016-04-11T00:37:00.000000;2016-04-11T00:37:00.000000;b6a19ffd-57f6-4e1d-a4b2-8d646af4da38;423.37;0.0200059;UNKNOWN
2016-04-11T00:37:00.000000;2016-04-11T00:37:00.000000;16cf9a08-b097-49e9-91e6-89c683ea6f67;423.38;0.02000236;UNKNOWN
2016-04-11T00:37:00.000000;2016-04-11T00:37:00.000000;5aaac002-071a-4d15-bdbe-dfb2950d97db;423.43;0.118;UNKNOWN
2016-04-11T00:37:00.000000;2016-04-11T00:37:00.000000;8837e820-ea1c-448a-a83d-cfcbaee92924;423.44;0.25245917;UNKNOWN
2016-04-11T00:37:00.000000;2016-04-11T00:37:00.000000;b823a179-0e86-4a82-9632-2fd713b0e8d6;423.4;0.0200026;UNKNOWN
2016-04-11T00:37:00.000000;2016-04-11T00:37:00.000000;e1605801-183d-469a-a2f9-7826f704cf12;423.38;0.99;UNKNOWN
2016-04-11T00:37:00.000000;2016-04-11T00:37:00.000000;97c78b9c-1aa5-443e-ac66-04d797881e02;423.4;0.105;UNKNOWN
2016-04-11T00:37:00.000000;2016-04-11T00:37:00.000000;8af5da01-cacb-42e8-acf4-d8220714e327;423.41;0.99;UNKNOWN
2016-04-11T00:37:00.000000;2016-04-11T00:37:00.000000;7040a8b4-8a0b-4ca1-834d-b25210971b5e;423.39;0.99;UNKNOWN
2016-04-11T00:37:00.000000;2016-04-11T00:37:00.000000;aeb60779-e6ad-4ed5-9d16-38720be3f18b;423.39;0.0200059;UNKNOWN
2016-04-11T00:37:00.000000;2016-04-11T00:37:00.000000;493638aa-1ede-4142-97af-79b41b158c24;423.4;0.99;UNKNOWN
2016-04-11T00:37:00.000000;2016-04-11T00:37:00.000000;2f641658-f297-4f3c-9db8-2d7689746ed3;423.3;0.02;UNKNOWN
2016-04-11T00:37:00.000000;2016-04-11T00:37:00.000000;f8ff117f-f19f-4fb5-b159-fe6e75da9cb7;423.32;0.02000236;UNKNOWN
2016-04-11T00:37:00.000000;2016-04-11T00:37:00.000000;c700f5d0-7b33-4a4a-b8e8-7206020ab4f0;423.35;0.26418917;UNKNOWN
2016-04-11T00:37:00.000000;2016-04-11T00:37:00.000000;dc71848e-1345-4316-a349-ca79d0b447b2;423.35;0.02000236;UNKNOWN
2016-04-11T00:37:00.000000;2016-04-11T00:37:00.000000;acf7be45-7dee-47a2-8e2d-6f5846b1ef20;423.37;0.072;UNKNOWN
2016-04-11T00:37:00.000000;2016-04-11T00:37:00.000000;84e6e80f-e076-4d5e-9861-5f43df420bd4;423.36;0.99;UNKNOWN
2016-04-11T00:37:00.000000;2016-04-11T00:37:00.000000;68c0926c-03e1-46a9-9330-e3fe58c5dc97;423.37;0.99;UNKNOWN
2016-04-11T00:37:00.000000;2016-04-11T00:37:00.000000;1a189e0d-7223-466b-ba87-b50504cdb1ea;423.36;0.02000354;UNKNOWN
2016-04-11T00:37:00.000000;2016-04-11T00:37:00.000000;c4220618-6a84-4e99-a53c-8fe09110398e;423.33;0.99;UNKNOWN
2016-04-11T00:37:00.000000;2016-04-11T00:37:00.000000;3f890ce8-cf54-4cfe-a791-bfea548ea873;423.31;0.124;UNKNOWN
2016-04-11T00:37:00.000000;2016-04-11T00:37:00.000000;34914911-d782-402f-a6ef-7fae64f61159;423.34;0.99;UNKNOWN
2016-04-11T00:37:00.000000;2016-04-11T00:37:00.000000;ed5570ea-11bd-472d-8aef-2c5d912259b2;423.34;0.02000236;UNKNOWN
2016-04-11T00:37:00.000000;2016-04-11T00:37:00.000000;f908a731-d1af-4868-a0d8-a5396618c827;423.34;0.112;UNKNOWN
2016-04-11T00:37:00.000000;2016-04-11T00:37:00.000000;881c379d-f518-404c-ad9b-caae2d6e9b22;423.35;0.99;UNKNOWN
2016-04-11T00:37:00.000000;2016-04-11T00:37:00.000000;18d008d5-a997-4245-ad39-9491b0bca166;423.33;0.02000236;UNKNOWN
2016-04-11T00:37:00.000000;2016-04-11T00:37:00.000000;bc791219-6040-4f18-9820-63998600df25;423.2;0.02;UNKNOWN
2016-04-11T00:37:00.000000;2016-04-11T00:37:00.000000;05b2b1a9-167a-4602-baaf-2b9ad972b0ed;423.27;0.06;UNKNOWN
2016-04-11T00:37:00.000000;2016-04-11T00:37:00.000000;db41c968-78f1-4e43-acf1-b62fdc7675f6;423.22;0.098;UNKNOWN
2016-04-11T00:37:00.000000;2016-04-11T00:37:00.000000;f33550d2-1295-4567-baff-4022b29d36e1;423.26;0.26418917;UNKNOWN
2016-04-11T00:37:00.000000;2016-04-11T00:37:00.000000;282605b2-99c0-44ef-a5d6-b7903ead9652;423.25;0.0125;UNKNOWN
2016-04-11T00:37:00.000000;2016-04-11T00:37:00.000000;99f89be2-b796-428c-83cd-419c83a60aae;423.25;0.085;UNKNOWN
2016-04-11T00:37:30.000000;2016-04-11T00:37:30.000000;ad36d7fd-505a-4e33-bae0-7e7ad3699945;422.92;0.01;UNKNOWN
2016-04-11T00:37:30.000000;2016-04-11T00:37:30.000000;aaf4fc39-2adb-408f-833e-c1195d6719d1;423.43;0.0177;UNKNOWN
2016-04-11T00:37:30.000000;2016-04-11T00:37:30.000000;1961cc01-695e-44e7-a33f-87cf772a0cbd;423.33;0.01;UNKNOWN
2016-04-11T00:37:30.000000;2016-04-11T00:37:30.000000;93fdb5aa-766c-400e-9158-5bcdba2ff5fa;422.9;0.01;UNKNOWN
2016-04-11T00:37:30.000000;2016-04-11T00:37:30.000000;4ee4a88e-e8c5-4e10-98ff-9a93933831ad;423.43;0.0176;UNKNOWN
2016-04-11T00:37:30.000000;2016-04-11T00:37:30.000000;f066529c-56b1-4b10-a2d4-00623c3bcc01;422.9;1.94719205;UNKNOWN
2016-04-11T00:37:30.000000;2016-04-11T00:37:30.000000;29deab82-1d3f-4807-9c57-f44c50377ccb;422.91;0.5;UNKNOWN
2016-04-11T00:37:30.000000;2016-04-11T00:37:30.000000;7c4eb273-ca19-4c51-9bf8-d08fda2edee0;423.37;0.097;UNKNOWN
2016-04-11T00:37:30.000000;2016-04-11T00:37:30.000000;acd59603-fa73-423e-a406-cd0f4f3f9a45;422.92;0.102;UNKNOWN
2016-04-11T00:37:30.000000;2016-04-11T00:37:30.000000;09226563-5ac7-49b7-a5e9-55043ed7977e;422.93;0.01;UNKNOWN
2016-04-11T00:37:30.000000;2016-04-11T00:37:30.000000;879e5741-88c9-4bee-8496-89a65f8fa7b5;423.38;0.0177;UNKNOWN
2016-04-11T00:37:30.000000;2016-04-11T00:37:30.000000;2e4da5da-3790-498c-9d67-5fcce0d66185;423.4;0.108;UNKNOWN
2016-04-11T00:37:30.000000;2016-04-11T00:37:30.000000;a1a8c9e5-42ad-4331-a192-0dbe0d71792c;423.43;0.0177;UNKNOWN
2016-04-11T00:37:30.000000;2016-04-11T00:37:30.000000;bd23e2c0-c84b-4620-962f-c4687db9e0e3;423.41;0.0174;UNKNOWN
2016-04-11T00:37:30.000000;2016-04-11T00:37:30.000000;c7184802-0745-42a8-bfd1-0293da1ff675;423.43;0.0176;UNKNOWN
2016-04-11T00:37:30.000000;2016-04-11T00:37:30.000000;adb66e79-8f4f-46e3-9e83-b9371d390632;423.43;0.0178;UNKNOWN
2016-04-11T00:37:30.000000;2016-04-11T00:37:30.000000;284b5890-88b1-498c-bfec-a5f99fd83106;423.43;0.0175;UNKNOWN
2016-04-11T00:37:30.000000;2016-04-11T00:37:30.000000;642b94e0-8d76-4d55-9150-46ede54b4287;423.29;0.063;UNKNOWN
2016-04-11T00:37:30.000000;2016-04-11T00:37:30.000000;d43766b5-cd97-48c0-9f0d-968c48e8a3ea;423.43;0.0177;UNKNOWN
2016-04-11T00:37:30.000000;2016-04-11T00:37:30.000000;e0900ceb-f782-4e07-b766-38e33f126bba;423.43;0.0177;UNKNOWN
2016-04-11T00:37:30.000000;2016-04-11T00:37:30.000000;9019117d-f70e-4996-a1d9-7abdea67ced5;423.05;0.078;UNKNOWN
2016-04-11T00:37:30.000000;2016-04-11T00:37:30.000000;495c6c08-243f-42ac-a15f-b75c4b5ad7ee;422.96;0.01;UNKNOWN
2016-04-11T00:37:30.000000;2016-04-11T00:37:30.000000;ba828dac-4736-438a-ba88-ac33858956ed;422.95;0.073;UNKNOWN
2016-04-11T00:37:30.000000;2016-04-11T00:37:30.000000;489fffa0-d0ea-4683-9f99-aa81175ff21c;422.95;0.01;UNKNOWN
2016-04-11T00:37:30.000000;2016-04-11T00:37:30.000000;05df871f-a497-4390-868b-87bdcd80e4a4;423.2;0.01;UNKNOWN
2016-04-11T00:37:30.000000;2016-04-11T00:37:30.000000;1800e8c9-8d91-4e57-b161-beb8d8b6d995;423.43;0.078;UNKNOWN
2016-04-11T00:37:30.000000;2016-04-11T00:37:30.000000;c7359020-f107-452f-b2a4-bc2b52b1e5ad;423.13;0.01;UNKNOWN
2016-04-11T00:37:30.000000;2016-04-11T00:37:30.000000;06c96b16-12e2-4874-9828-60e86283283b;423.16;0.01;UNKNOWN
2016-04-11T00:37:30.000000;2016-04-11T00:37:30.000000;c8be803e-f8f0-424f-8975-4b406e1d8976;423.04;0.01;UNKNOWN
2016-04-11T00:37:30.000000;2016-04-11T00:37:30.000000;470f813e-4ccc-4886-9fba-6ea54c4f25ef;422.97;0.14162795;UNKNOWN
2016-04-11T00:37:30.000000;2016-04-11T00:37:30.000000;35bf664d-6801-4eca-a5d5-066c67beb908;422.97;0.01;UNKNOWN
2016-04-11T00:37:30.000000;2016-04-11T00:37:30.000000;783b1eb5-71b4-4c02-b1ba-ca2f9f04629b;422.93;0.01;UNKNOWN
2016-04-11T00:38:01.000000;2016-04-11T00:38:01.000000;ca85081c-9123-4248-9ae9-abf1658bd451;423.41;0.14029;UNKNOWN
2016-04-11T00:38:34.000000;2016-04-11T00:38:34.000000;b4b32ac1-6bbd-42a4-bf5e-ee7345e4f49c;423.37;0.01497;UNKNOWN
2016-04-11T00:39:32.000000;2016-04-11T00:39:32.000000;62f10b77-37e8-46a3-9c2d-f2cfd4291d98;423.41;0.07014;UNKNOWN
2016-04-11T00:40:01.000000;2016-04-11T00:40:01.000000;d9d1ed88-de56-42f8-9827-cb5537a16d1a;423.41;1.67957;UNKNOWN
2016-04-11T00:40:01.000000;2016-04-11T00:40:01.000000;6316b2d4-adf5-4193-9711-6aa7c8653479;423.44;0.02000236;UNKNOWN
2016-04-11T00:40:01.000000;2016-04-11T00:40:01.000000;0e1c26fa-b78a-4cee-8d82-55e6874da2d3;423.42;0.01;UNKNOWN
2016-04-11T00:40:01.000000;2016-04-11T00:40:01.000000;f4335792-a98c-422a-a58f-9b81d8ee7914;423.45;0.02000236;UNKNOWN
2016-04-11T00:40:01.000000;2016-04-11T00:40:01.000000;9c676540-bd26-4015-aa99-26de56150762;423.43;0.01;UNKNOWN
2016-04-11T00:40:01.000000;2016-04-11T00:40:01.000000;cf4808c3-5a1e-40c8-a1e5-1b4c84ec030a;423.41;0.11;UNKNOWN
2016-04-11T00:40:01.000000;2016-04-11T00:40:01.000000;2b93c63d-f537-4a3d-ae0c-a45345412a91;423.45;0.32571528;UNKNOWN
2016-04-11T00:40:01.000000;2016-04-11T00:40:01.000000;5edc4762-adf6-49f2-9f4f-0561cf0975c7;423.42;0.468;UNKNOWN
2016-04-11T00:40:01.000000;2016-04-11T00:40:01.000000;040be852-bae1-49ca-8f68-0d69cf17b8f1;423.42;0.06;UNKNOWN
2016-04-11T00:40:30.000000;2016-04-11T00:40:30.000000;f398f49f-17b8-41be-9b50-e867e05bdb6e;423.46;0.02000354;UNKNOWN
2016-04-11T00:40:30.000000;2016-04-11T00:40:30.000000;0385f9fb-c67b-46e0-8095-b166850a1d86;423.47;0.0200059;UNKNOWN
2016-04-11T00:40:30.000000;2016-04-11T00:40:30.000000;dd5c6e20-9120-4365-b13f-b5cdad49e220;423.46;0.063;UNKNOWN
2016-04-11T00:40:30.000000;2016-04-11T00:40:30.000000;1e6728bf-6600-4914-ba07-db87b552acac;423.48;0.01;UNKNOWN
2016-04-11T00:40:30.000000;2016-04-11T00:40:30.000000;52e9b609-ae58-425b-9a12-6b98a7a6fbde;423.48;0.02000236;UNKNOWN
2016-04-11T00:40:30.000000;2016-04-11T00:40:30.000000;dce19e03-4b59-407c-b033-46ec135f60a3;423.49;0.3346682;UNKNOWN
2016-04-11T00:41:00.000000;2016-04-11T00:41:00.000000;608e140b-7bbc-4b9e-9af6-3cf09c604cff;423.38;0.01829;UNKNOWN
2016-04-11T00:41:31.000000;2016-04-11T00:41:31.000000;43aa6019-eec7-4ccd-bb2e-e13055d66788;423.48;0.293;UNKNOWN
2016-04-11T00:41:31.000000;2016-04-11T00:41:31.000000;5dd10313-3ac5-4227-94b5-1fe8e8421e57;423.49;0.04334;UNKNOWN
2016-04-11T00:42:00.000000;2016-04-11T00:42:00.000000;a7eff208-08cc-47b3-b850-5abfdd884fd9;423.48;0.2338;UNKNOWN
2016-04-11T00:43:01.000000;2016-04-11T00:43:01.000000;f4247ab7-4e89-4711-87ed-f9d53d7e88e2;423.49;0.6219918;UNKNOWN
2016-04-11T00:43:01.000000;2016-04-11T00:43:01.000000;7d069042-4c5f-4889-9b5b-1b8808bdc2a9;423.48;0.241;UNKNOWN
2016-04-11T00:43:01.000000;2016-04-11T00:43:01.000000;7fd657f5-94f2-44c7-8544-c7a5d7ae810e;423.49;0.2232523;UNKNOWN
2016-04-11T00:43:01.000000;2016-04-11T00:43:01.000000;2e3cbea6-0cf8-4102-b933-0fe4abfc8559;423.49;0.0200059;UNKNOWN
2016-04-11T00:43:01.000000;2016-04-11T00:43:01.000000;686bdff9-39a4-4b5b-bae2-a8225d700623;423.49;0.063;UNKNOWN
2016-04-11T00:43:34.000000;2016-04-11T00:43:34.000000;9bc23d5c-77a0-4a96-9026-ca16c1e151ea;423.47;0.14637;UNKNOWN
2016-04-11T00:44:06.000000;2016-04-11T00:44:06.000000;03db47d0-668d-45d4-a242-14761561189f;423.38;0.00171472;UNKNOWN
2016-04-11T00:44:06.000000;2016-04-11T00:44:06.000000;5134891d-a14f-4394-bfa5-2dcb2fee943d;423.39;0.13;UNKNOWN
2016-04-11T00:44:06.000000;2016-04-11T00:44:06.000000;3175dde7-483b-4e71-a170-1cd13aa650d5;423.4;0.01;UNKNOWN
2016-04-11T00:44:06.000000;2016-04-11T00:44:06.000000;88fac648-de8b-4681-b533-9f5484892e40;423.39;0.02000826;UNKNOWN
2016-04-11T00:44:06.000000;2016-04-11T00:44:06.000000;e40a0ef7-1e3f-4fdb-ab51-eae01a294715;423.36;0.14788286;UNKNOWN
2016-04-11T00:44:06.000000;2016-04-11T00:44:06.000000;967ddaab-5379-4964-b0ed-2618cf2da8ef;423.36;0.0200059;UNKNOWN
2016-04-11T00:44:06.000000;2016-04-11T00:44:06.000000;a2c8038b-fee0-4bf7-b55c-70086be85869;423.37;0.02000826;UNKNOWN
2016-04-11T00:45:31.000000;2016-04-11T00:45:31.000000;b2dc178e-de0d-4931-9d7c-20d083df428b;423.51;5.67336741;UNKNOWN
2016-04-11T00:45:31.000000;2016-04-11T00:45:31.000000;5edc4387-8a6d-4486-9ced-788dd7092dd4;423.5;0.0115;UNKNOWN
2016-04-11T00:45:31.000000;2016-04-11T00:45:31.000000;05139a53-7e44-4a75-8317-1d6ad4c00064;423.5;0.129;UNKNOWN
2016-04-11T00:45:31.000000;2016-04-11T00:45:31.000000;92726fdb-e109-4fb6-b3fe-abe4e1828b3e;423.5;0.0200026;UNKNOWN
2016-04-11T00:45:31.000000;2016-04-11T00:45:31.000000;b9b1136b-e1a1-4594-b05c-5a9c97e1bf11;423.5;0.01;UNKNOWN
2016-04-11T00:45:31.000000;2016-04-11T00:45:31.000000;b422e11e-ae26-46ca-9478-b8ee9c9726dc;423.49;0.02000826;UNKNOWN
2016-04-11T00:45:31.000000;2016-04-11T00:45:31.000000;f6cef810-15d7-4598-90bb-2b05c89f8f79;423.44;0.14788285;UNKNOWN
2016-04-11T00:45:31.000000;2016-04-11T00:45:31.000000;1cb63b8a-24ee-41f6-857d-4f967e2f4314;423.48;0.02000472;UNKNOWN
2016-04-11T00:45:31.000000;2016-04-11T00:45:31.000000;acf68769-0950-4d18-8fbc-68b46b66c424;423.47;0.093;UNKNOWN
2016-04-11T00:45:31.000000;2016-04-11T00:45:31.000000;35ed4997-d304-4f3a-a9fb-3b4f8f742077;423.44;0.103;UNKNOWN
2016-04-11T00:45:31.000000;2016-04-11T00:45:31.000000;b0869f6b-cc47-45a8-b3a6-4f5856dc07e3;423.44;0.13;UNKNOWN
2016-04-11T00:45:31.000000;2016-04-11T00:45:31.000000;a929d334-a7b5-4201-bb43-2deaf1998eb4;423.44;0.06;UNKNOWN
2016-04-11T00:45:31.000000;2016-04-11T00:45:31.000000;70f2f569-6d1b-4101-857b-8c26b6647327;423.46;0.0200059;UNKNOWN
2016-04-11T00:45:31.000000;2016-04-11T00:45:31.000000;c8136fcb-013b-4738-8e82-343ae8f2e14a;423.47;0.02000826;UNKNOWN
2016-04-11T00:46:01.000000;2016-04-11T00:46:01.000000;13ec804f-6c73-4867-930f-e9052ab592c4;423.5;0.29886;UNKNOWN
2016-04-11T00:46:31.000000;2016-04-11T00:46:31.000000;dcd1aac5-9f46-40ba-b9b8-535203803078;423.51;0.70406;UNKNOWN
2016-04-11T00:46:31.000000;2016-04-11T00:46:31.000000;0af7289b-8cbb-4611-bb37-d317f0fe8bb7;423.5;0.536;UNKNOWN
2016-04-11T00:46:31.000000;2016-04-11T00:46:31.000000;120b0543-dcb1-4ffe-8b89-7cd37da8cefc;423.5;0.063;UNKNOWN
2016-04-11T00:46:40.000000;2016-04-11T00:46:40.000000;8cb634f2-5d11-490c-bccb-1359c74a1430;423.5;0.0625;UNKNOWN
2016-04-11T00:48:01.000000;2016-04-11T00:48:01.000000;6fbfaecb-4e90-418b-ba70-b87f81ac7038;423.51;1.5196;UNKNOWN
2016-04-11T00:48:32.000000;2016-04-11T00:48:32.000000;e1fe33b7-d932-4144-bdaa-dc0cade79e88;423.5;0.3;UNKNOWN
2016-04-11T00:48:32.000000;2016-04-11T00:48:32.000000;97632045-d66d-4bd5-b324-f06540a16bab;423.5;0.514;UNKNOWN
2016-04-11T00:48:32.000000;2016-04-11T00:48:32.000000;2145dcf2-f323-4ef7-af30-3014b0058245;423.5;0.15;UNKNOWN
2016-04-11T00:48:32.000000;2016-04-11T00:48:32.000000;9e519341-ba9e-4156-86cd-25fcb53c7970;423.51;0.50733;UNKNOWN
2016-04-11T00:49:01.000000;2016-04-11T00:49:01.000000;bf43529b-60a1-4b42-b053-28a3c790f0a9;423.4;0.01;UNKNOWN
2016-04-11T00:49:01.000000;2016-04-11T00:49:01.000000;92eea3b4-c1d8-4e63-98c6-d6687e69a1eb;423.4;0.02000496;UNKNOWN
2016-04-11T00:49:01.000000;2016-04-11T00:49:01.000000;c739faa1-7ddc-4879-a745-cd7010de777e;423.37;0.99;UNKNOWN
2016-04-11T00:49:01.000000;2016-04-11T00:49:01.000000;b79e24e3-deed-4987-a914-018c3683d52c;423.4;0.13;UNKNOWN
2016-04-11T00:49:01.000000;2016-04-11T00:49:01.000000;84d80ee8-b11f-47e0-b026-ca7778f01b06;423.37;0.02001062;UNKNOWN
2016-04-11T00:49:01.000000;2016-04-11T00:49:01.000000;9de7b620-13c8-492f-a281-12b6a644dacc;423.4;0.076;UNKNOWN
2016-04-11T00:49:01.000000;2016-04-11T00:49:01.000000;f82dbbf2-5120-4f5d-a298-56727ef29d3b;423.38;0.063;UNKNOWN
2016-04-11T00:49:01.000000;2016-04-11T00:49:01.000000;44440b6f-fae6-4d8c-9188-b6d40fc718e5;423.39;0.02001062;UNKNOWN
2016-04-11T00:49:01.000000;2016-04-11T00:49:01.000000;65bb73e5-c75e-4bab-9ffc-3342a8597d45;423.38;0.02000708;UNKNOWN
2016-04-11T00:49:01.000000;2016-04-11T00:49:01.000000;9147c870-77f5-42ed-854a-502e53e9c9da;423.37;0.01;UNKNOWN
2016-04-11T00:49:01.000000;2016-04-11T00:49:01.000000;15bc86dc-b782-48e1-9214-d3b99e701598;423.35;0.27983375;UNKNOWN
2016-04-11T00:49:01.000000;2016-04-11T00:49:01.000000;48abe4ee-f9e9-41f7-a8fc-7f395ba13c98;423.36;0.02000826;UNKNOWN
2016-04-11T00:49:01.000000;2016-04-11T00:49:01.000000;4784e85b-bc42-4165-a28a-5f0e2c5dcc93;423.37;0.99999999;UNKNOWN
2016-04-11T00:49:01.000000;2016-04-11T00:49:01.000000;0b0aa409-b069-4a78-bb77-6eecb950631d;423.36;0.3;UNKNOWN
2016-04-11T00:49:01.000000;2016-04-11T00:49:01.000000;0b723455-df59-49ae-87e5-7fc37bfdff1d;423.37;0.089;UNKNOWN
2016-04-11T00:49:01.000000;2016-04-11T00:49:01.000000;d6430fde-ffee-4a3e-9bdd-2c409db196bd;423.36;0.99;UNKNOWN
2016-04-11T00:49:01.000000;2016-04-11T00:49:01.000000;b2b64be9-2a9e-47fa-8bf2-3ccc94f6770c;423.35;0.02000472;UNKNOWN
2016-04-11T00:49:01.000000;2016-04-11T00:49:01.000000;5d95c760-b19a-4844-83fa-d88c9df8dceb;423.35;0.01;UNKNOWN
2016-04-11T00:49:31.000000;2016-04-11T00:49:31.000000;f229785d-b549-4365-bafe-f2ec3a61ed18;423.44;1.05;UNKNOWN
2016-04-11T00:49:31.000000;2016-04-11T00:49:31.000000;31de79e5-5a2f-4681-9e89-e9b45bd1b09d;423.45;0.70848;UNKNOWN
2016-04-11T00:49:31.000000;2016-04-11T00:49:31.000000;82a13c75-0327-43a6-a17d-8d5e27c42230;423.41;0.01;UNKNOWN
2016-04-11T00:50:01.000000;2016-04-11T00:50:01.000000;6b24252f-aa90-48c0-8250-ab78503b5d45;423.4;0.00703;UNKNOWN
2016-04-11T00:50:01.000000;2016-04-11T00:50:01.000000;472facf9-5c2c-4f39-8167-8a032cb63e83;423.41;0.01;UNKNOWN
2016-04-11T00:50:31.000000;2016-04-11T00:50:31.000000;5273bab4-43f6-43f1-b709-a2fcdd6d1967;423.49;0.33482871;UNKNOWN
2016-04-11T00:50:31.000000;2016-04-11T00:50:31.000000;4f5a4555-fc45-4b88-9c37-a05927fbe736;423.49;0.02001062;UNKNOWN
2016-04-11T00:50:31.000000;2016-04-11T00:50:31.000000;a4d7eb2f-0591-458e-97d2-6373224936e3;423.48;0.3;UNKNOWN
2016-04-11T00:50:31.000000;2016-04-11T00:50:31.000000;f6fb582e-7b73-4f89-8bb1-515bb9f1fbed;423.48;0.02000708;UNKNOWN
2016-04-11T00:50:31.000000;2016-04-11T00:50:31.000000;6c346da3-8fad-4949-b67c-dcb5727959b8;423.47;0.124;UNKNOWN
2016-04-11T00:50:31.000000;2016-04-11T00:50:31.000000;60bde25b-564b-474a-a764-c6983acc9b32;423.47;0.02001062;UNKNOWN
2016-04-11T00:50:31.000000;2016-04-11T00:50:31.000000;997fda5c-15b3-48f3-8ee9-7e1c53604000;423.46;0.14;UNKNOWN
2016-04-11T00:50:31.000000;2016-04-11T00:50:31.000000;4059c8db-8f6f-4278-9bda-b1ae4c93246c;423.46;0.02000826;UNKNOWN
2016-04-11T00:50:31.000000;2016-04-11T00:50:31.000000;51f93f0c-3175-41e0-980c-ef7ae0c25f83;423.45;0.079;UNKNOWN
2016-04-11T00:50:31.000000;2016-04-11T00:50:31.000000;9969e08c-d83f-46f6-a017-7ab1e13fdbc1;423.45;0.02000472;UNKNOWN
2016-04-11T00:50:31.000000;2016-04-11T00:50:31.000000;53fd41dd-5cce-4b06-b282-02fc0020037c;423.45;0.29151999;UNKNOWN
2016-04-11T00:50:31.000000;2016-04-11T00:50:31.000000;f6e51a6e-260a-49bd-a13d-e1b003d9187b;423.44;0.01;UNKNOWN
2016-04-11T00:51:01.000000;2016-04-11T00:51:01.000000;1a253c63-820c-401f-a79f-e8af29c147a5;423.51;1.69967504;UNKNOWN
2016-04-11T00:51:01.000000;2016-04-11T00:51:01.000000;917a22f8-965c-47e4-ab7e-3194f8667870;423.5;0.02000496;UNKNOWN
2016-04-11T00:52:01.000000;2016-04-11T00:52:01.000000;7b026703-eeca-4f5e-baec-601b710b0985;423.49;0.03908;UNKNOWN
2016-04-11T00:52:36.000000;2016-04-11T00:52:36.000000;0f53ffa5-6f61-4502-8152-17bdace55ef5;423.48;0.33337;UNKNOWN
2016-04-11T00:53:01.000000;2016-04-11T00:53:01.000000;e6c5834c-beb6-4303-9044-01bfac4d3036;423.5;0.05057;UNKNOWN
2016-04-11T00:53:01.000000;2016-04-11T00:53:01.000000;c6460af8-1e40-4320-8573-0ec1380a51e6;423.5;0.3001;UNKNOWN
2016-04-11T00:54:01.000000;2016-04-11T00:54:01.000000;19dc3808-53f2-4fde-af82-4083a2f95bcb;423.51;2.40844;UNKNOWN
2016-04-11T00:54:31.000000;2016-04-11T00:54:31.000000;b0f73015-4a48-47ca-b056-eda66f0c8040;423.51;3.53506;UNKNOWN
2016-04-11T00:54:59.000000;2016-04-11T00:54:59.000000;2ceb4e75-dee5-45a0-be78-a03765433159;423.38;0.02000944;UNKNOWN
2016-04-11T00:54:59.000000;2016-04-11T00:54:59.000000;aea195c6-5067-4abf-ad37-a0340b752163;423.38;0.99999999;UNKNOWN
2016-04-11T00:54:59.000000;2016-04-11T00:54:59.000000;598e1725-7ddb-480f-9747-952b293f0d4e;423.39;0.02001298;UNKNOWN
2016-04-11T00:54:59.000000;2016-04-11T00:54:59.000000;4f66e486-10c2-4c24-b4ab-a824310dea37;423.37;0.02001298;UNKNOWN
2016-04-11T00:54:59.000000;2016-04-11T00:54:59.000000;7e573ec8-4988-4c7b-8e3d-66634bcdacfd;423.4;0.06;UNKNOWN
2016-04-11T00:54:59.000000;2016-04-11T00:54:59.000000;d4cd3764-b458-47f7-947b-3b2689c281e9;423.4;0.02000732;UNKNOWN
2016-04-11T00:54:59.000000;2016-04-11T00:54:59.000000;bb9e5459-1060-4dbd-b4ee-9b810db53085;423.36;0.02001062;UNKNOWN
2016-04-11T00:54:59.000000;2016-04-11T00:54:59.000000;05a02f39-8328-45dc-adb9-a524143c601b;423.36;0.99;UNKNOWN
2016-04-11T00:54:59.000000;2016-04-11T00:54:59.000000;5a2212ef-7e80-459e-9bad-a27e0a9e9451;423.37;0.3;UNKNOWN
2016-04-11T00:54:59.000000;2016-04-11T00:54:59.000000;b48249c9-e9e8-45d2-b3b1-f86491f2dba2;423.37;0.99;UNKNOWN
2016-04-11T00:54:59.000000;2016-04-11T00:54:59.000000;03bd2863-bc11-429e-8bdc-12f2a3ec2e57;423.41;0.01;UNKNOWN
2016-04-11T00:54:59.000000;2016-04-11T00:54:59.000000;3983a49e-e634-4b30-8165-eb6669191fbc;423.35;0.081;UNKNOWN
2016-04-11T00:54:59.000000;2016-04-11T00:54:59.000000;5f85590c-7998-444b-824e-8cc4aaecc897;423.35;0.02000708;UNKNOWN
2016-04-11T00:54:59.000000;2016-04-11T00:54:59.000000;54eb6fc5-8a14-48b8-924b-99e90f86cc23;423.35;0.82083854;UNKNOWN
2016-04-11T00:55:01.000000;2016-04-11T00:55:01.000000;8ce3c5c6-2baa-4e0f-9625-64ca94fd49fa;423.45;0.58717;UNKNOWN
2016-04-11T00:55:31.000000;2016-04-11T00:55:31.000000;1de3ec4d-3958-4b78-8cb2-d403ee156ac3;423.35;0.01495;UNKNOWN
2016-04-11T00:56:01.000000;2016-04-11T00:56:01.000000;a5cc1e29-38b0-4968-bfdd-213981e63834;423.32;0.02000472;UNKNOWN
2016-04-11T00:56:01.000000;2016-04-11T00:56:01.000000;e15f6920-1070-4d1f-a790-d7f84b0d7266;423.31;0.02000472;UNKNOWN
2016-04-11T00:56:01.000000;2016-04-11T00:56:01.000000;d6b43e7f-5a1e-4b37-b42f-f21ce393f9b2;423.32;0.095;UNKNOWN
2016-04-11T00:56:01.000000;2016-04-11T00:56:01.000000;4790d1e0-e034-4b28-94bc-1a8319dd6459;423.33;0.063;UNKNOWN
2016-04-11T00:56:01.000000;2016-04-11T00:56:01.000000;0bb373c2-ba5d-4f85-84b3-b941503e6771;423.3;0.02000236;UNKNOWN
2016-04-11T00:56:01.000000;2016-04-11T00:56:01.000000;96deb62e-cab3-44bd-9848-57631fc85b0d;423.33;0.02000472;UNKNOWN
2016-04-11T00:56:01.000000;2016-04-11T00:56:01.000000;114bbff9-a007-43c1-998a-df26ad9278f0;423.34;0.02000472;UNKNOWN
2016-04-11T00:56:01.000000;2016-04-11T00:56:01.000000;b3908b39-b4ec-4bdd-bf63-51d29baf612b;423.28;0.02000118;UNKNOWN
2016-04-11T00:56:01.000000;2016-04-11T00:56:01.000000;bee0eea6-fd93-4804-87f2-fa47aa0d06c9;423.26;0.02000118;UNKNOWN
2016-04-11T00:56:01.000000;2016-04-11T00:56:01.000000;6eb6e3fb-614e-4578-9444-828db9a443a2;423.27;0.02000118;UNKNOWN
2016-04-11T00:56:01.000000;2016-04-11T00:56:01.000000;0c6a974c-183d-41ed-87e2-fa0ce1e76fc5;423.29;0.02000118;UNKNOWN
2016-04-11T00:56:01.000000;2016-04-11T00:56:01.000000;b9835dbd-c31b-4735-ab1c-e66743a9942a;423.26;0.327;UNKNOWN
2016-04-11T00:56:01.000000;2016-04-11T00:56:01.000000;6aa0974c-3555-456f-8ea1-b238df67fc99;423.25;0.02000118;UNKNOWN
2016-04-11T00:56:01.000000;2016-04-11T00:56:01.000000;5953bf15-958b-4c64-b64f-404d9f583fe1;423.34;0.01;UNKNOWN
2016-04-11T00:56:01.000000;2016-04-11T00:56:01.000000;4f3965f9-fb3b-4fb0-9534-ad87915260bc;423.35;0.087;UNKNOWN
2016-04-11T00:56:01.000000;2016-04-11T00:56:01.000000;239a1b64-68b7-4598-8638-509b69757401;423.24;0.02000118;UNKNOWN
2016-04-11T00:56:01.000000;2016-04-11T00:56:01.000000;b1268ce2-47aa-4d6d-a706-207b181ebdac;423.36;0.18;UNKNOWN
2016-04-11T00:56:01.000000;2016-04-11T00:56:01.000000;7df77e9a-0cb1-4476-9e6e-0e9a60abe011;423.25;0.0115;UNKNOWN
2016-04-11T00:56:01.000000;2016-04-11T00:56:01.000000;ee1cf0a1-d4f2-44e6-ace3-94490fcabcee;423.24;0.02137168;UNKNOWN
2016-04-11T00:56:01.000000;2016-04-11T00:56:01.000000;c32664be-0c91-476a-b25f-7549845ad236;423.36;0.0215;UNKNOWN
2016-04-11T00:56:01.000000;2016-04-11T00:56:01.000000;dd3a1db5-a188-4f0a-9f9c-a4f743680881;423.38;0.105;UNKNOWN
2016-04-11T00:56:01.000000;2016-04-11T00:56:01.000000;23fa99aa-81da-4726-8d4d-04e2d2c39c97;423.4;0.0196;UNKNOWN
2016-04-11T00:56:01.000000;2016-04-11T00:56:01.000000;b6453c20-bb7d-4688-b243-73a457a40125;423.38;0.0195;UNKNOWN
2016-04-11T00:56:31.000000;2016-04-11T00:56:31.000000;07efd11a-f30f-4370-98be-f1a21cfd3669;423.38;0.02000118;UNKNOWN
2016-04-11T00:56:31.000000;2016-04-11T00:56:31.000000;f8541e6b-c8d2-42ce-8c95-5b6d9a7e921e;423.34;0.02000118;UNKNOWN
2016-04-11T00:56:31.000000;2016-04-11T00:56:31.000000;bc9243be-bb53-4d88-91f5-7e7ded545d79;423.37;0.02000118;UNKNOWN
2016-04-11T00:56:31.000000;2016-04-11T00:56:31.000000;776a2bd2-c6a9-44e4-bbef-5a06893e1799;423.36;0.02000118;UNKNOWN
2016-04-11T00:56:31.000000;2016-04-11T00:56:31.000000;e9ae129d-095d-4d39-af60-270e12b9c970;423.35;0.02000118;UNKNOWN
2016-04-11T00:56:31.000000;2016-04-11T00:56:31.000000;5a097481-ecbf-4a76-953b-c908d955f167;423.41;0.16520584;UNKNOWN
2016-04-11T00:56:31.000000;2016-04-11T00:56:31.000000;93260990-ce6e-4168-aff3-e076f7658655;423.41;0.02000472;UNKNOWN
2016-04-11T00:56:31.000000;2016-04-11T00:56:31.000000;231e7732-92f1-4cc4-b46f-d769a67ddbd8;423.39;0.02000118;UNKNOWN
2016-04-11T00:56:31.000000;2016-04-11T00:56:31.000000;d802f447-881e-4cb7-b37a-9d44cddeb280;423.4;0.16;UNKNOWN
2016-04-11T00:56:31.000000;2016-04-11T00:56:31.000000;0fb02a6e-a981-4f7d-ab25-2a5b67e3a301;423.4;0.02000236;UNKNOWN
2016-04-11T00:56:31.000000;2016-04-11T00:56:31.000000;119b63cd-442a-450b-86b2-a1843d11cc7c;423.39;0.091;UNKNOWN
2016-04-11T00:56:31.000000;2016-04-11T00:56:31.000000;bb35ef27-174b-4aee-bdc0-b30fb40fd35f;423.4;0.2;UNKNOWN
2016-04-11T00:56:59.000000;2016-04-11T00:56:59.000000;61e28ba9-40cb-4504-baf7-abb8782e257d;423.42;0.02193013;UNKNOWN
2016-04-11T00:56:59.000000;2016-04-11T00:56:59.000000;c21a7702-fe01-4457-af16-6bf31204e617;423.42;0.00390523;UNKNOWN
2016-04-11T00:56:59.000000;2016-04-11T00:56:59.000000;8f1663e1-b84b-4821-8e1a-fabf0cab22ea;423.42;0.01609949;UNKNOWN
2016-04-11T00:56:59.000000;2016-04-11T00:56:59.000000;dc43cebf-40f8-4964-8bc4-f56e63de4232;423.42;0.01806515;UNKNOWN
2016-04-11T00:57:01.000000;2016-04-11T00:57:01.000000;47fd8681-84af-4046-ad4c-86dee6ce33c4;423.43;1.12;UNKNOWN
2016-04-11T00:57:01.000000;2016-04-11T00:57:01.000000;871dd233-c5f8-4731-a2b3-369241f825c5;423.44;0.01;UNKNOWN
2016-04-11T00:57:01.000000;2016-04-11T00:57:01.000000;01618d16-1d7c-473d-bd98-706559c828db;423.44;0.02000472;UNKNOWN
2016-04-11T00:57:01.000000;2016-04-11T00:57:01.000000;75bf426f-6ac3-465f-87c4-dac4bfa97952;423.43;0.02000472;UNKNOWN
2016-04-11T00:57:01.000000;2016-04-11T00:57:01.000000;23219a31-7380-402e-9f1f-4cdab853074f;423.44;1.12;UNKNOWN
2016-04-11T00:57:01.000000;2016-04-11T00:57:01.000000;100af538-2f69-49b0-9a40-b630a45eb219;423.44;0.3;UNKNOWN
2016-04-11T00:57:01.000000;2016-04-11T00:57:01.000000;c8e92e6e-d1dd-449a-a320-3956589de2df;423.41;1.76;UNKNOWN
2016-04-11T00:57:01.000000;2016-04-11T00:57:01.000000;f2e50ec7-4328-4dac-a1d4-e7b9beb774c4;423.45;0.22;UNKNOWN
2016-04-11T00:57:01.000000;2016-04-11T00:57:01.000000;7850c92c-7d8f-4be6-8203-f0b3bb6a47db;423.42;0.8;UNKNOWN
2016-04-11T00:57:01.000000;2016-04-11T00:57:01.000000;6907ebd7-3787-44cc-9d7a-670f7e46e724;423.45;0.01483348;UNKNOWN
2016-04-11T00:57:01.000000;2016-04-11T00:57:01.000000;f64c0fa8-85d5-43be-a78c-1191d647bd52;423.45;0.02000708;UNKNOWN
2016-04-11T00:57:31.000000;2016-04-11T00:57:31.000000;60c49044-7a49-4e75-886d-e1884802010d;423.49;0.02001298;UNKNOWN
2016-04-11T00:57:31.000000;2016-04-11T00:57:31.000000;f3d5a243-c1fe-4967-b2ac-1d4038c6d0ec;423.48;0.387;UNKNOWN
2016-04-11T00:57:31.000000;2016-04-11T00:57:31.000000;c0ec5b60-c517-4ca5-8559-ffe814f8c9c4;423.45;0.245;UNKNOWN
2016-04-11T00:57:31.000000;2016-04-11T00:57:31.000000;884de0c1-e1be-4d0d-be93-7956a6272382;423.47;0.02001298;UNKNOWN
2016-04-11T00:57:31.000000;2016-04-11T00:57:31.000000;e49fa750-70a4-4ebd-8b69-8b679f6d0bf8;423.49;1.44;UNKNOWN
2016-04-11T00:57:31.000000;2016-04-11T00:57:31.000000;81907ebb-3315-4a21-b43a-412c342af7db;423.46;0.02001062;UNKNOWN
2016-04-11T00:57:31.000000;2016-04-11T00:57:31.000000;e5cfb2b7-25e6-4a47-b4b5-4a36ad5de943;423.48;0.02000944;UNKNOWN
2016-04-11T00:57:31.000000;2016-04-11T00:57:31.000000;3d4e146e-c387-4418-9314-df9f8a340f28;423.46;0.99999999;UNKNOWN
2016-04-11T00:57:31.000000;2016-04-11T00:57:31.000000;391791de-3697-4b7e-aea9-45e2654bef3f;423.5;2.87577399;UNKNOWN
2016-04-11T00:58:01.000000;2016-04-11T00:58:01.000000;9cb84815-1735-4d2a-b37e-2c16dd9db242;423.39;0.06003466;UNKNOWN
2016-04-11T00:58:01.000000;2016-04-11T00:58:01.000000;c5451188-c838-46d1-a439-b1918dde4b49;423.39;0.02001534;UNKNOWN
2016-04-11T00:58:31.000000;2016-04-11T00:58:31.000000;9e6b3e8e-5768-4bc2-8351-0fefec4a8ddd;423.47;1.84359;UNKNOWN
2016-04-11T00:59:01.000000;2016-04-11T00:59:01.000000;a0121dd2-e711-4d78-b044-41a7f330ff79;423.48;0.05812;UNKNOWN
2016-04-11T00:59:01.000000;2016-04-11T00:59:01.000000;afb8d7b6-14e0-4037-abf0-e6690a9214ad;423.47;0.1;UNKNOWN
2016-04-11T00:59:25.000000;2016-04-11T00:59:25.000000;614ea14e-547a-4544-9717-7fca76747212;423.34;0.00594336;UNKNOWN
2016-04-11T00:59:25.000000;2016-04-11T00:59:25.000000;e0ff0b5f-1d19-436f-8e6f-ea818b823f8a;423.37;0.02001534;UNKNOWN
2016-04-11T00:59:25.000000;2016-04-11T00:59:25.000000;78706e6b-5954-4ce0-b027-bde1e60a60cd;423.38;0.0200118;UNKNOWN
2016-04-11T00:59:25.000000;2016-04-11T00:59:25.000000;1ef3fabf-50ee-4173-a7f7-8d5c74cdcea3;423.34;0.02000708;UNKNOWN
2016-04-11T00:59:25.000000;2016-04-11T00:59:25.000000;18b3282b-93a1-4a94-bdf8-09dcce6e3f5b;423.35;0.084;UNKNOWN
2016-04-11T00:59:25.000000;2016-04-11T00:59:25.000000;66a6ee6c-4189-4518-bbc0-df85c76858e3;423.36;0.01;UNKNOWN
2016-04-11T00:59:25.000000;2016-04-11T00:59:25.000000;53d1f108-7858-4f8c-848a-32c9c346232c;423.35;0.02000944;UNKNOWN
2016-04-11T00:59:25.000000;2016-04-11T00:59:25.000000;e9fa4bdb-599f-4af1-9ecc-61d84c5ceff0;423.36;0.02001298;UNKNOWN
2016-04-11T00:59:28.000000;2016-04-11T00:59:28.000000;59397901-bad1-44c1-a02b-8cafb9bf8360;423.34;0.14294336;UNKNOWN
2016-04-11T00:59:28.000000;2016-04-11T00:59:28.000000;6c5ad196-966e-403f-85a0-e8848f91fffc;423.34;0.05705664;UNKNOWN
2016-04-11T00:59:30.000000;2016-04-11T00:59:30.000000;2eebceb2-5835-4ec6-a30a-38bd42127c4f;423.34;0.2;UNKNOWN
2016-04-11T00:59:31.000000;2016-04-11T00:59:31.000000;45b7c613-137d-498b-92e9-dfa6c8e85619;423.33;0.00647337;UNKNOWN
2016-04-11T00:59:31.000000;2016-04-11T00:59:31.000000;997edff5-31b3-481f-8e33-f57fe6f608b7;423.34;0.445;UNKNOWN
2016-04-11T00:59:31.000000;2016-04-11T00:59:31.000000;9babc379-2a3f-4864-b139-0eb83529e2f9;423.34;0.65705663;UNKNOWN
2016-04-11T00:59:32.000000;2016-04-11T00:59:32.000000;ec5948d5-6f05-439e-bf20-78389f9d2eee;423.34;0.2;UNKNOWN
2016-04-11T00:59:35.000000;2016-04-11T00:59:35.000000;8327889a-2473-4ff7-b5bd-ddb32985d8e3;423.34;0.2;UNKNOWN
2016-04-11T00:59:37.000000;2016-04-11T00:59:37.000000;e860efa1-8d60-4004-b6a3-beb287144516;423.34;0.2;UNKNOWN
2016-04-11T00:59:39.000000;2016-04-11T00:59:39.000000;9047f544-7656-4590-b563-042d85594137;423.33;0.18646629;UNKNOWN
2016-04-11T00:59:39.000000;2016-04-11T00:59:39.000000;48fdc6bd-60ce-46a0-bdff-19ce61d3f873;423.33;0.01353371;UNKNOWN
2016-04-11T00:59:41.000000;2016-04-11T00:59:41.000000;1c728750-d1ae-4ce3-8f5b-57287f326b4c;423.33;0.2;UNKNOWN
2016-04-11T00:59:44.000000;2016-04-11T00:59:44.000000;816da124-05e3-4fa2-a47f-7b46b6a11549;423.33;0.2;UNKNOWN
2016-04-11T00:59:46.000000;2016-04-11T00:59:46.000000;6f5b7943-4380-47c6-aae3-2565f3c59f4f;423.33;0.2;UNKNOWN
2016-04-11T00:59:48.000000;2016-04-11T00:59:48.000000;95246990-ba87-4b13-9fcc-135e9d2eb8fb;423.33;0.2;UNKNOWN
2016-04-11T00:59:51.000000;2016-04-11T00:59:51.000000;51890217-125d-42c0-a961-96942af68fb1;423.33;0.19646629;UNKNOWN
2016-04-11T00:59:51.000000;2016-04-11T00:59:51.000000;7d2fb3e3-4b4b-45aa-808e-4b8d85ff3cfc;423.33;0.00353371;UNKNOWN
2016-04-11T00:59:53.000000;2016-04-11T00:59:53.000000;fb8f8bf9-952b-41c7-85c9-0c13b095e1cf;423.33;0.2;UNKNOWN
2016-04-11T00:59:55.000000;2016-04-11T00:59:55.000000;0201f2b2-caf2-437f-9d66-502c1f185c3b;423.33;0.19;UNKNOWN
2016-04-11T00:59:55.000000;2016-04-11T00:59:55.000000;73f5e26f-f0c7-435b-90e6-ebb9553eba2c;423.33;0.01;UNKNOWN
2016-04-11T00:59:57.000000;2016-04-11T00:59:57.000000;3137f4b1-df84-4465-bfa3-f549ad831109;423.32;0.02000708;UNKNOWN
2016-04-11T00:59:57.000000;2016-04-11T00:59:57.000000;1cf4c5b9-7c43-4faf-ac91-2825ecff803e;423.32;0.17999292;UNKNOWN
2016-04-11T01:00:00.000000;2016-04-11T01:00:00.000000;a6c13e9c-8b0b-4504-8ddd-566e74b1f138;423.32;0.18989292;UNKNOWN
2016-04-11T01:00:00.000000;2016-04-11T01:00:00.000000;f5b80ed7-5104-467e-8470-2fdd4338d913;423.32;0.81000708;UNKNOWN
2016-04-11T01:00:01.000000;2016-04-11T01:00:01.000000;e1fe7988-dc86-4a8a-9bab-8344bc9bf6b2;423.31;0.75592292;UNKNOWN
2016-04-11T01:00:01.000000;2016-04-11T01:00:01.000000;88037602-9046-4070-bb3b-2eeafb0ac98e;423.31;0.02000708;UNKNOWN
2016-04-11T01:00:31.000000;2016-04-11T01:00:31.000000;101db005-746f-4bdf-80fe-b81721876709;423.42;0.13086292;UNKNOWN
2016-04-11T01:00:31.000000;2016-04-11T01:00:31.000000;73775bc4-9b5a-496c-a355-7e47be413203;423.41;0.02000708;UNKNOWN
2016-04-11T01:00:31.000000;2016-04-11T01:00:31.000000;3b1f4c22-8ca9-4f68-bffc-f6614a1cd61e;423.41;0.01;UNKNOWN
2016-04-11T01:01:01.000000;2016-04-11T01:01:01.000000;1ad4e691-d848-487f-8eed-98bbd8dddceb;423.42;0.1625725;UNKNOWN
2016-04-11T01:01:01.000000;2016-04-11T01:01:01.000000;3451b37e-e092-48bd-b0dc-51b91789ea6c;423.42;0.02000708;UNKNOWN
2016-04-11T01:01:01.000000;2016-04-11T01:01:01.000000;576e2de0-38fe-403c-bf36-9650d429a9b4;423.42;0.073;UNKNOWN
2016-04-11T01:01:01.000000;2016-04-11T01:01:01.000000;65cbb840-473e-4b78-8058-055630d7f6b1;423.42;0.19999999;UNKNOWN
2016-04-11T01:01:01.000000;2016-04-11T01:01:01.000000;266a3050-077a-4cf8-b8e9-86d47c5b7b19;423.42;0.01208043;UNKNOWN
2016-04-11T01:01:31.000000;2016-04-11T01:01:31.000000;286568db-7a10-498b-8873-769994b3c321;423.42;0.39907;UNKNOWN
2016-04-11T01:02:03.000000;2016-04-11T01:02:03.000000;8f424c15-3665-46a7-bb26-d4bd9edb2241;423.42;0.09541416;UNKNOWN
2016-04-11T01:02:03.000000;2016-04-11T01:02:03.000000;68951278-2286-4e35-89c3-15df35d9dde1;423.43;0.094;UNKNOWN
2016-04-11T01:02:03.000000;2016-04-11T01:02:03.000000;dd30db6c-2fc8-4c69-a410-86a253689af5;423.43;0.02000708;UNKNOWN
2016-04-11T01:02:03.000000;2016-04-11T01:02:03.000000;3f5ebd32-27db-4ef4-80db-f1d100e6cb09;423.44;0.02000708;UNKNOWN
2016-04-11T01:02:03.000000;2016-04-11T01:02:03.000000;70c845c3-a04f-4df3-86d3-6d68a9b02ccb;423.45;0.00058168;UNKNOWN
2016-04-11T01:02:32.000000;2016-04-11T01:02:32.000000;50a94dbf-dd4e-42f1-b7e3-19ded8755eb5;423.3;0.01464932;UNKNOWN
2016-04-11T01:02:32.000000;2016-04-11T01:02:32.000000;a2ba8f78-aafc-46d0-91a0-e1328b3251e7;423.31;0.02000944;UNKNOWN
2016-04-11T01:02:32.000000;2016-04-11T01:02:32.000000;1229c255-5b2e-4fbe-965a-1b868d11d70f;423.32;0.13086292;UNKNOWN
2016-04-11T01:02:32.000000;2016-04-11T01:02:32.000000;6b31cc50-4625-490b-a117-2ca8c4db41fc;423.33;0.02000944;UNKNOWN
2016-04-11T01:02:32.000000;2016-04-11T01:02:32.000000;482691e2-7f94-4721-a2eb-350954ba2530;423.32;0.02000944;UNKNOWN
2016-04-11T01:02:32.000000;2016-04-11T01:02:32.000000;0411670a-1744-4d24-aaf8-dfe1bc0645db;423.34;0.02000944;UNKNOWN
2016-04-11T01:03:17.000000;2016-04-11T01:03:17.000000;7e63ed08-18b5-4996-9cf5-28cb845abac2;423.4;0.105;UNKNOWN
2016-04-11T01:03:17.000000;2016-04-11T01:03:17.000000;22daa266-3851-44a2-ae82-1f6aada9d95c;423.4;0.13086292;UNKNOWN
2016-04-11T01:03:17.000000;2016-04-11T01:03:17.000000;8f27a142-7664-4abc-b6ce-a77ea206a264;423.42;0.02000944;UNKNOWN
2016-04-11T01:03:17.000000;2016-04-11T01:03:17.000000;c6b7e894-47d2-4482-84d6-7559e059a461;423.41;0.02000944;UNKNOWN
2016-04-11T01:03:17.000000;2016-04-11T01:03:17.000000;b3adf2af-cbae-4554-934f-d410fc946aba;423.43;0.02000944;UNKNOWN
2016-04-11T01:03:17.000000;2016-04-11T01:03:17.000000;92178f93-35ca-4265-bb13-1b373a0dfa09;423.43;0.02410876;UNKNOWN
2016-04-11T01:03:31.000000;2016-04-11T01:03:31.000000;a6861af2-89ea-43be-bcf7-42e28c59b2b9;423.44;0.02000944;UNKNOWN
2016-04-11T01:03:31.000000;2016-04-11T01:03:31.000000;7687bead-380d-463f-b5fe-bd3491cc79c1;423.44;0.137;UNKNOWN
2016-04-11T01:03:31.000000;2016-04-11T01:03:31.000000;2cd98ef5-b451-4f77-b85b-ec29429d62c8;423.45;0.2884528;UNKNOWN
2016-04-11T01:03:31.000000;2016-04-11T01:03:31.000000;c185202f-f730-4aea-89b2-81389aca048b;423.45;0.01942776;UNKNOWN
2016-04-11T01:04:01.000000;2016-04-11T01:04:01.000000;5b698f23-52c2-43d7-8225-db920f95c1aa;423.47;0.02001534;UNKNOWN
2016-04-11T01:04:01.000000;2016-04-11T01:04:01.000000;5a966f6a-16a0-4704-97da-df0c39a04b81;423.48;1.49384988;UNKNOWN
2016-04-11T01:04:01.000000;2016-04-11T01:04:01.000000;795483ea-3913-473c-84a2-398c407b2592;423.47;0.16;UNKNOWN
2016-04-11T01:04:01.000000;2016-04-11T01:04:01.000000;d57d70af-2e2f-4547-bcd7-7302a391ad7a;423.47;0.063;UNKNOWN
2016-04-11T01:04:01.000000;2016-04-11T01:04:01.000000;09bb28df-04e2-4411-93a5-32c2d6a18532;423.46;0.1;UNKNOWN
2016-04-11T01:04:01.000000;2016-04-11T01:04:01.000000;fc18c89e-42ef-4a08-a02f-e421b313218b;423.46;0.01;UNKNOWN
2016-04-11T01:04:01.000000;2016-04-11T01:04:01.000000;8420b909-abdb-49a6-ada1-efe324b02f8c;423.48;0.0200118;UNKNOWN
2016-04-11T01:04:01.000000;2016-04-11T01:04:01.000000;8b60adff-d1a5-4b5f-b189-52ce8e3b8a61;423.46;0.02001298;UNKNOWN
2016-04-11T01:04:17.000000;2016-04-11T01:04:17.000000;28ca422b-9221-4aaa-85dd-df117e1e67f3;423.47;0.02;UNKNOWN
2016-04-11T01:04:17.000000;2016-04-11T01:04:17.000000;0e6bd2a5-2bb4-476b-92cf-618c5a5dd5f1;423.47;0.01;UNKNOWN
2016-04-11T01:04:17.000000;2016-04-11T01:04:17.000000;9a0992ab-d629-431d-9f13-3ee8c1d7dbcd;423.47;0.091;UNKNOWN
2016-04-11T01:04:17.000000;2016-04-11T01:04:17.000000;332ea9d7-ab81-4d54-ac71-5aa6d2be51c2;423.48;0.019;UNKNOWN
2016-04-11T01:04:17.000000;2016-04-11T01:04:17.000000;c8ec5a6b-3122-4c7d-83b6-cec2c0d597c8;423.48;0.18;UNKNOWN
2016-04-11T01:04:31.000000;2016-04-11T01:04:31.000000;1fc8cfad-ef8c-457e-a87a-782d47f0b35e;423.35;0.0200118;UNKNOWN
2016-04-11T01:04:31.000000;2016-04-11T01:04:31.000000;6b8a1233-b098-411c-8658-9a84b6135c22;423.34;0.3;UNKNOWN
2016-04-11T01:04:31.000000;2016-04-11T01:04:31.000000;fe156e62-a3ed-42c4-b94d-1abee53a2156;423.34;0.0493092;UNKNOWN
2016-04-11T01:04:31.000000;2016-04-11T01:04:31.000000;a6e26981-7c82-476c-9e7c-d00ad6737de0;423.34;0.0200118;UNKNOWN
2016-04-11T01:04:31.000000;2016-04-11T01:04:31.000000;94d7a114-c0f8-455d-9ec6-0ef2224a24da;423.36;0.06;UNKNOWN
2016-04-11T01:04:31.000000;2016-04-11T01:04:31.000000;fd456aaf-0987-436b-a3fc-4a8a553a3e22;423.36;0.02001534;UNKNOWN
2016-04-11T01:04:31.000000;2016-04-11T01:04:31.000000;86a1b63b-5e13-4b8a-88a8-08530438bbf0;423.38;0.02001416;UNKNOWN
2016-04-11T01:04:31.000000;2016-04-11T01:04:31.000000;863577db-0c95-4771-baa5-2b560603e886;423.37;0.0200177;UNKNOWN
2016-04-11T01:05:01.000000;2016-04-11T01:05:01.000000;b50e14c3-5a6c-4549-8b53-3177bca3b2eb;423.4;0.17534;UNKNOWN
2016-04-11T01:05:31.000000;2016-04-11T01:05:31.000000;1754566d-73b1-4fca-8a1c-94b0b50feabe;423.41;0.3;UNKNOWN
2016-04-11T01:05:31.000000;2016-04-11T01:05:31.000000;fa90c688-8b3c-4aa9-8cee-417b7be80e3c;423.4;0.101;UNKNOWN
2016-04-11T01:05:31.000000;2016-04-11T01:05:31.000000;86c52413-d622-4d91-ab74-ff3ddbcae26b;423.45;0.0200118;UNKNOWN
2016-04-11T01:05:31.000000;2016-04-11T01:05:31.000000;76bfa1ff-7f3e-44bf-9e36-c0e8711d6455;423.44;0.16;UNKNOWN
2016-04-11T01:05:31.000000;2016-04-11T01:05:31.000000;571c04aa-6190-4cb1-9327-84624b00e691;423.45;0.65686721;UNKNOWN
2016-04-11T01:05:31.000000;2016-04-11T01:05:31.000000;6ff306d3-9c3e-4bf0-a4eb-a34b1def03d6;423.43;0.358;UNKNOWN
2016-04-11T01:05:31.000000;2016-04-11T01:05:31.000000;1a10205c-0cef-4f85-95f4-9f05c1a1790b;423.44;0.0200118;UNKNOWN
2016-04-11T01:05:31.000000;2016-04-11T01:05:31.000000;eacae4e1-bc00-4d06-b185-a54bf882ad96;423.42;0.04930919;UNKNOWN
2016-04-11T01:05:31.000000;2016-04-11T01:05:31.000000;e43486b8-dc09-4d59-b575-1db0af57de46;423.38;0.02;UNKNOWN
2016-04-11T01:05:31.000000;2016-04-11T01:05:31.000000;9e157743-321e-4471-8175-1aa59f74a830;423.37;0.073;UNKNOWN
2016-04-11T01:05:31.000000;2016-04-11T01:05:31.000000;e26ec178-33f2-4662-9e3b-f584a17ab1c8;423.37;0.0164;UNKNOWN
2016-04-11T01:05:31.000000;2016-04-11T01:05:31.000000;c45688bf-55f4-4e1b-8666-275d55d14b20;423.35;0.0163;UNKNOWN
2016-04-11T01:06:31.000000;2016-04-11T01:06:31.000000;44bd39f6-d0f7-422f-84b4-f1eb4133d6e7;423.32;0.0200118;UNKNOWN
2016-04-11T01:06:31.000000;2016-04-11T01:06:31.000000;68db0c8d-f51c-4912-9dea-908ffbc9db95;423.33;0.0200118;UNKNOWN
2016-04-11T01:06:31.000000;2016-04-11T01:06:31.000000;1687804e-fd56-4af9-a34f-8e177c0f0c2b;423.34;0.02001416;UNKNOWN
2016-04-11T01:06:31.000000;2016-04-11T01:06:31.000000;a190710a-ba28-4e7f-a872-d6707c0f2938;423.35;0.02001416;UNKNOWN
2016-04-11T01:06:31.000000;2016-04-11T01:06:31.000000;62adddd3-14ff-402d-ac31-28331ca95870;423.3;0.0053554;UNKNOWN
2016-04-11T01:06:31.000000;2016-04-11T01:06:31.000000;5ae4cbb8-77f0-414f-8232-d08f1c9d5d95;423.31;0.0200118;UNKNOWN
2016-04-11T01:06:31.000000;2016-04-11T01:06:31.000000;eefc6708-8f6d-429b-834d-44e89712f68b;423.3;0.06;UNKNOWN
2016-04-11T01:06:31.000000;2016-04-11T01:06:31.000000;3c635b91-5688-4889-8ea0-fdb0f627e21a;423.3;0.28198088;UNKNOWN
2016-04-11T01:07:01.000000;2016-04-11T01:07:01.000000;24195d3e-d4b8-494f-a96f-ceecc75c05e8;423.35;0.20553;UNKNOWN
2016-04-11T01:07:10.000000;2016-04-11T01:07:10.000000;ca52d0fb-1fe3-4f74-88f9-71c12858706d;423.35;0.08;UNKNOWN
2016-04-11T01:07:34.000000;2016-04-11T01:07:34.000000;74bd2f47-9b36-4420-87e2-3ef29557d003;423.29;0.00569;UNKNOWN
2016-04-11T01:07:34.000000;2016-04-11T01:07:34.000000;c9fc04c0-c334-4660-93d5-88572078ad43;423.32;0.01;UNKNOWN
2016-04-11T01:08:05.000000;2016-04-11T01:08:05.000000;832ca113-10a7-49ed-88c2-950d3e261c00;423.35;0.21032;UNKNOWN
2016-04-11T01:08:31.000000;2016-04-11T01:08:31.000000;9e7b14c7-014a-4d74-9653-a33a7cb0883c;423.36;0.01146;UNKNOWN
2016-04-11T01:09:01.000000;2016-04-11T01:09:01.000000;b6cb1553-9bc4-4c1e-bd0d-b58f23e0bab8;423.34;0.23763;UNKNOWN
2016-04-11T01:09:31.000000;2016-04-11T01:09:31.000000;db76f690-d71d-4744-83d9-aab4c821ec59;423.34;0.20111;UNKNOWN
2016-04-11T01:10:31.000000;2016-04-11T01:10:31.000000;30a8938f-d606-44f3-84ef-5357fff3ec89;423.34;2.14441;UNKNOWN
2016-04-11T01:11:01.000000;2016-04-11T01:11:01.000000;badb0d37-37e1-40c4-bfaf-0044e54067c2;423.34;0.10197;UNKNOWN
2016-04-11T01:11:31.000000;2016-04-11T01:11:31.000000;a00ce444-d3d9-4f6f-9683-553ccdaf236f;423.34;0.44437;UNKNOWN
2016-04-11T01:12:01.000000;2016-04-11T01:12:01.000000;a0c0b56f-67cf-429a-b806-e32da877a917;423.36;2.00621541;UNKNOWN
2016-04-11T01:12:01.000000;2016-04-11T01:12:01.000000;1f0867c2-8f1c-42dd-bd67-04b24cfb3e6f;423.34;0.08163459;UNKNOWN
2016-04-11T01:12:31.000000;2016-04-11T01:12:31.000000;422eb498-88eb-4353-83ed-049b1bc66d1a;423.27;0.02000354;UNKNOWN
2016-04-11T01:12:31.000000;2016-04-11T01:12:31.000000;4c06d57d-8723-4e5d-a77f-f7b28ff29870;423.27;0.104;UNKNOWN
2016-04-11T01:12:31.000000;2016-04-11T01:12:31.000000;ed5875c3-38eb-4b0f-bae9-892c6b6143c4;423.25;0.02000354;UNKNOWN
2016-04-11T01:12:31.000000;2016-04-11T01:12:31.000000;72a979ac-23b5-4c44-8a1b-ad55d61a065c;423.26;0.0184;UNKNOWN
2016-04-11T01:12:31.000000;2016-04-11T01:12:31.000000;885e0ade-0492-4d27-8762-f283eb5d430e;423.26;0.02000354;UNKNOWN
2016-04-11T01:12:31.000000;2016-04-11T01:12:31.000000;33c1e5ee-ea6c-4a3e-8c05-2cff58a553c3;423.25;0.99;UNKNOWN
2016-04-11T01:12:31.000000;2016-04-11T01:12:31.000000;3015b107-fa20-448d-9262-67b6c6276348;423.25;0.0483383;UNKNOWN
2016-04-11T01:12:31.000000;2016-04-11T01:12:31.000000;60b4e900-6ad7-47b1-a6cd-5366b420ca11;423.25;0.491884;UNKNOWN
2016-04-11T01:12:31.000000;2016-04-11T01:12:31.000000;a50b5442-a855-4845-90f2-5ffbf6411c4f;423.29;0.01431354;UNKNOWN
2016-04-11T01:12:31.000000;2016-04-11T01:12:31.000000;ae870e16-0c25-41a1-a14d-ac01d0a334f0;423.3;0.078;UNKNOWN
2016-04-11T01:12:31.000000;2016-04-11T01:12:31.000000;c9af9701-ce68-4316-a71b-c60e509a92ff;423.3;0.16;UNKNOWN
2016-04-11T01:12:31.000000;2016-04-11T01:12:31.000000;5034c108-763a-4796-8a99-216e81496f84;423.28;0.02;UNKNOWN
2016-04-11T01:12:31.000000;2016-04-11T01:12:31.000000;d29a35cb-3da1-42d1-98de-c30f622814b0;423.28;0.02000354;UNKNOWN
2016-04-11T01:12:31.000000;2016-04-11T01:12:31.000000;4d477766-8fe2-416d-8b9a-6674409e0dbb;423.28;0.01;UNKNOWN
2016-04-11T01:13:01.000000;2016-04-11T01:13:01.000000;60fd2f51-3719-46ec-8471-46c74d72f2c5;423.31;0.01;UNKNOWN
2016-04-11T01:13:01.000000;2016-04-11T01:13:01.000000;67087fb5-d177-4852-973f-37cb5fd27bde;423.33;0.0171;UNKNOWN
2016-04-11T01:13:01.000000;2016-04-11T01:13:01.000000;eb128adc-5955-4e52-b4a2-65eda4428e8b;423.26;0.04333;UNKNOWN
2016-04-11T01:13:01.000000;2016-04-11T01:13:01.000000;797a3472-1a32-4a85-b4f4-a26f7c42abd2;423.28;0.02;UNKNOWN
2016-04-11T01:13:31.000000;2016-04-11T01:13:31.000000;df79a978-2a94-4909-82c3-372f7a4e72c1;423.36;0.02890246;UNKNOWN
2016-04-11T01:13:31.000000;2016-04-11T01:13:31.000000;860cdb98-4ff9-49d0-9cd0-efd715f639e8;423.35;0.491884;UNKNOWN
2016-04-11T01:13:31.000000;2016-04-11T01:13:31.000000;6e43a419-27fe-41d7-ae86-eee621196f70;423.35;0.02000354;UNKNOWN
2016-04-11T01:14:01.000000;2016-04-11T01:14:01.000000;3c2a9b06-f2ae-4066-87c6-fbfd9b0ca12c;423.36;1.30897;UNKNOWN
2016-04-11T01:14:01.000000;2016-04-11T01:14:01.000000;faf77fa5-4554-4c74-8c1b-dd7b2d371794;423.35;0.15;UNKNOWN
2016-04-11T01:14:01.000000;2016-04-11T01:14:01.000000;6ba2debd-6fe7-41d3-9020-2dc5487189aa;423.35;0.459;UNKNOWN
2016-04-11T01:14:01.000000;2016-04-11T01:14:01.000000;2feb3884-7e52-4192-86a5-662f76add105;423.35;0.96;UNKNOWN
2016-04-11T01:14:33.000000;2016-04-11T01:14:33.000000;8b6eb1f1-d34b-447b-b051-480b856be21a;423.35;0.417;UNKNOWN
2016-04-11T01:14:33.000000;2016-04-11T01:14:33.000000;5424a110-0c1a-46c6-8cae-dbd6d547b09b;423.35;1.12;UNKNOWN
2016-04-11T01:14:33.000000;2016-04-11T01:14:33.000000;28fd8999-78d7-4342-b29d-52958eff6fb9;423.36;0.463;UNKNOWN
2016-04-11T01:15:01.000000;2016-04-11T01:15:01.000000;a882aa76-b179-4806-a60d-4c41ff10bba7;423.36;0.43926;UNKNOWN
2016-04-11T01:15:01.000000;2016-04-11T01:15:01.000000;1a615bdd-e918-4f03-abfe-0ef5c08f004b;423.35;0.391;UNKNOWN
2016-04-11T01:15:31.000000;2016-04-11T01:15:31.000000;4ea00406-6f41-4c8d-8eb0-7fb2cfc15a8c;423.35;0.07122;UNKNOWN
2016-04-11T01:16:01.000000;2016-04-11T01:16:01.000000;dc4caa75-37ce-4890-9910-6698a381cd7a;423.24;0.49199;UNKNOWN
2016-04-11T01:16:01.000000;2016-04-11T01:16:01.000000;cb73d3c9-7457-4a4e-9649-2a2b9a65fb17;423.24;0.02000354;UNKNOWN
2016-04-11T01:16:01.000000;2016-04-11T01:16:01.000000;77bb3c51-af6a-45b6-95cf-dacccdb04deb;423.24;0.119;UNKNOWN
2016-04-11T01:16:01.000000;2016-04-11T01:16:01.000000;f2700745-2582-4708-b212-adb969531ce5;423.23;0.02000118;UNKNOWN
2016-04-11T01:16:01.000000;2016-04-11T01:16:01.000000;9fab0958-e056-4e74-9376-cae9046bf550;423.23;0.82235938;UNKNOWN
2016-04-11T01:16:01.000000;2016-04-11T01:16:01.000000;e5a49af8-9797-491c-9adf-f033e242bcf6;423.25;0.0200059;UNKNOWN
2016-04-11T01:16:01.000000;2016-04-11T01:16:01.000000;864515e8-9920-4599-a2e1-49ce70aba59d;423.27;0.096;UNKNOWN
2016-04-11T01:16:01.000000;2016-04-11T01:16:01.000000;5c27afea-b1b9-42a5-a04a-acc53acd3662;423.28;0.13;UNKNOWN
2016-04-11T01:16:35.000000;2016-04-11T01:16:35.000000;0c87874b-0e65-4fdb-93e9-3e628bd7b8ea;423.34;0.02000354;UNKNOWN
2016-04-11T01:16:35.000000;2016-04-11T01:16:35.000000;bd7d9156-9571-45a1-a190-74e4463d3d94;423.33;0.02000118;UNKNOWN
2016-04-11T01:16:35.000000;2016-04-11T01:16:35.000000;bf088e35-c94d-4a18-868e-023330cfd8cd;423.33;0.14;UNKNOWN
2016-04-11T01:16:35.000000;2016-04-11T01:16:35.000000;a862e1a4-2f57-451d-b7b6-0ab2f2dac597;423.35;0.8;UNKNOWN
2016-04-11T01:16:35.000000;2016-04-11T01:16:35.000000;5c1c80f2-0f63-4153-9d5a-8ab772267875;423.35;0.49199;UNKNOWN
2016-04-11T01:16:35.000000;2016-04-11T01:16:35.000000;71100633-64b1-4acf-a474-e8f2a8219907;423.36;1.51322938;UNKNOWN
2016-04-11T01:16:35.000000;2016-04-11T01:16:35.000000;9a860ca3-a6b8-4c9a-ae2d-7d97458b0eda;423.35;0.0200059;UNKNOWN
2016-04-11T01:19:27.000000;2016-04-11T01:19:27.000000;30062217-5fa2-46b1-9aa8-068ccadb722a;423.35;0.09;UNKNOWN
2016-04-11T01:24:00.000000;2016-04-11T01:24:00.000000;1722cbb5-0940-4732-8ad2-a6173d28dd39;423.26;0.62942004;UNKNOWN
2016-04-11T01:24:00.000000;2016-04-11T01:24:00.000000;f62f5bca-ede4-4742-abe4-eb5a15e743d1;423.27;0.3;UNKNOWN
2016-04-11T01:24:00.000000;2016-04-11T01:24:00.000000;28265bff-4c6f-4ecd-9c11-0191f4c269ff;423.27;0.99;UNKNOWN
2016-04-11T01:24:00.000000;2016-04-11T01:24:00.000000;f9af75f7-2af4-4a47-818d-a1fa00d9803c;423.35;0.1;UNKNOWN
2016-04-11T01:24:00.000000;2016-04-11T01:24:00.000000;7e956305-50fa-45e0-a19d-7df2158e7053;423.27;0.99999996;UNKNOWN
2016-04-11T01:24:00.000000;2016-04-11T01:24:00.000000;c836d13d-a1ab-454b-94e1-49d19b094c54;423.32;0.074;UNKNOWN
2016-04-11T01:24:00.000000;2016-04-11T01:24:00.000000;05be7147-d686-4db7-8dc1-9a2582fee8bc;423.28;0.06;UNKNOWN
2016-04-11T01:24:00.000000;2016-04-11T01:24:00.000000;f58b0a14-99ee-4bab-8718-4977261bb617;423.32;0.14;UNKNOWN
2016-04-11T01:24:00.000000;2016-04-11T01:24:00.000000;1770c0f6-4978-4798-b1e2-bdf53ff66d8b;423.29;0.123;UNKNOWN
2016-04-11T01:24:30.000000;2016-04-11T01:24:30.000000;a00c7cdf-fbe9-49e5-b67f-596a3939d319;423.36;0.13146004;UNKNOWN
2016-04-11T01:24:30.000000;2016-04-11T01:24:30.000000;fa70c0b4-535d-4689-8c13-c60e711bc431;423.35;0.3;UNKNOWN
2016-04-11T01:24:30.000000;2016-04-11T01:24:30.000000;e5299e03-0870-4fe4-b858-4151e488b2c9;423.35;0.99999996;UNKNOWN
2016-04-11T01:25:02.000000;2016-04-11T01:25:02.000000;5a9d2e58-b419-4a33-8777-aea3903acb19;423.25;0.00414;UNKNOWN
2016-04-11T01:25:02.000000;2016-04-11T01:25:02.000000;b9af3187-528f-497e-8bfa-66a469b7d517;423.26;0.01;UNKNOWN
2016-04-11T01:25:30.000000;2016-04-11T01:25:30.000000;3b4f4635-2cc4-4cbb-90e2-37692396a956;423.3;0.1181;UNKNOWN
2016-04-11T01:26:00.000000;2016-04-11T01:26:00.000000;9b806aef-0b5e-4c10-a91c-e8055c36399d;423.32;0.25;UNKNOWN
2016-04-11T01:26:00.000000;2016-04-11T01:26:00.000000;07a4db49-fb33-4c57-9406-02df06c6f516;423.3;0.0069;UNKNOWN
2016-04-11T01:26:00.000000;2016-04-11T01:26:00.000000;f3b5cb54-5550-4662-b9c8-bd06e14bbc1c;423.34;0.69728;UNKNOWN
2016-04-11T01:26:30.000000;2016-04-11T01:26:30.000000;f2dd7277-a34f-4afd-9126-b35cfd0da278;423.24;0.0200059;UNKNOWN
2016-04-11T01:26:30.000000;2016-04-11T01:26:30.000000;3ac8f42e-40b2-4899-bbbf-c7a0e3e07380;423.25;0.01586826;UNKNOWN
2016-04-11T01:26:30.000000;2016-04-11T01:26:30.000000;d2ba69be-51f3-4e49-bdca-4d0b3e63a8a3;423.24;0.44300584;UNKNOWN
2016-04-11T01:27:00.000000;2016-04-11T01:27:00.000000;fe3f653d-87ff-4fc0-a159-b4052d75e3cd;423.32;0.425;UNKNOWN
2016-04-11T01:27:00.000000;2016-04-11T01:27:00.000000;c585b097-1a7c-43c3-8708-898c46e8e5e4;423.34;0.82665826;UNKNOWN
2016-04-11T01:27:00.000000;2016-04-11T01:27:00.000000;c2088f0b-397e-4acd-bcb3-c091779a7cb6;423.32;0.44300584;UNKNOWN
2016-04-11T01:27:00.000000;2016-04-11T01:27:00.000000;e40373a9-4f95-4e39-92ba-7cf5b06942c8;423.34;0.0200059;UNKNOWN
2016-04-11T01:27:00.000000;2016-04-11T01:27:00.000000;06d62ed2-fc48-4a48-b396-8205bd6df44a;423.33;0.96;UNKNOWN
2016-04-11T01:28:02.000000;2016-04-11T01:28:02.000000;12860c5f-ee01-4640-baee-938f967c7823;423.33;0.381;UNKNOWN
2016-04-11T01:28:02.000000;2016-04-11T01:28:02.000000;e206a641-d2d2-46ef-b0c6-0e459713e549;423.34;0.02931;UNKNOWN
2016-04-11T01:28:30.000000;2016-04-11T01:28:30.000000;ccda5413-dd5c-4459-8fde-6e113bdde3b5;423.23;0.02000354;UNKNOWN
2016-04-11T01:28:30.000000;2016-04-11T01:28:30.000000;d59d855d-af8c-4d7a-9c69-5917710e5d40;423.22;0.02000118;UNKNOWN
2016-04-11T01:28:30.000000;2016-04-11T01:28:30.000000;396b7722-b7a8-4bc7-9b5a-3040d9ae791e;423.2;0.02000236;UNKNOWN
2016-04-11T01:28:30.000000;2016-04-11T01:28:30.000000;3f1791ae-cc38-45bf-b692-f5c4672966af;423.21;0.121;UNKNOWN
2016-04-11T01:28:30.000000;2016-04-11T01:28:30.000000;83f23e6d-4ddb-4404-b6d0-238717e4d041;423.21;0.02000118;UNKNOWN
2016-04-11T01:28:30.000000;2016-04-11T01:28:30.000000;a6dc53f6-7a3c-4cfa-bce6-41b3ec9b68c3;423.24;0.084;UNKNOWN
2016-04-11T01:28:30.000000;2016-04-11T01:28:30.000000;2e10e4e2-0861-49a8-b560-8122f166c08b;423.24;0.02000826;UNKNOWN
2016-04-11T01:28:30.000000;2016-04-11T01:28:30.000000;3963f7bf-112e-4b90-98cc-e4ca9eb677f6;423.24;0.17;UNKNOWN
2016-04-11T01:28:30.000000;2016-04-11T01:28:30.000000;3cc40666-086f-4e6f-ae2d-42b736cb5236;423.24;0.01;UNKNOWN
2016-04-11T01:28:30.000000;2016-04-11T01:28:30.000000;9e099fd5-047c-4e31-9edf-c757251a6608;423.2;0.93299348;UNKNOWN
2016-04-11T01:28:40.000000;2016-04-11T01:28:40.000000;ea6c54d3-a769-4aff-8342-53922f203e6e;423.18;0.40399077;UNKNOWN
2016-04-11T01:28:40.000000;2016-04-11T01:28:40.000000;68c73f74-0982-4b8e-8e6c-2ece9d92522d;423.18;0.492272;UNKNOWN
2016-04-11T01:28:40.000000;2016-04-11T01:28:40.000000;1c2ba44f-d810-47fc-9acb-8ade9317b14f;423.18;0.01;UNKNOWN
2016-04-11T01:28:40.000000;2016-04-11T01:28:40.000000;a2a67c2d-769d-4b9f-93ba-823bacf516e6;423.19;0.01;UNKNOWN
2016-04-11T01:29:31.000000;2016-04-11T01:29:31.000000;6875a07c-f5ed-4cae-a921-d4fcfa872d2b;423.28;0.93299348;UNKNOWN
2016-04-11T01:29:31.000000;2016-04-11T01:29:31.000000;7a82f380-41cb-4407-b638-442511089ef9;423.29;0.02;UNKNOWN
2016-04-11T01:29:31.000000;2016-04-11T01:29:31.000000;8228bfe5-15f2-4c1d-b38d-67a3a8b24f6a;423.28;0.02;UNKNOWN
2016-04-11T01:29:31.000000;2016-04-11T01:29:31.000000;625e7e7d-c749-41e8-b3bf-5bce4fd7519a;423.33;0.02000354;UNKNOWN
2016-04-11T01:29:31.000000;2016-04-11T01:29:31.000000;e70aa8fd-6657-404d-8390-20a38692e7a4;423.33;0.11502826;UNKNOWN
2016-04-11T01:29:31.000000;2016-04-11T01:29:31.000000;5e52849d-cb61-4772-811e-2d4bf9083a07;423.3;0.02000236;UNKNOWN
2016-04-11T01:29:31.000000;2016-04-11T01:29:31.000000;60ea8b95-86c8-447e-931f-e33e45c0921e;423.32;0.02000118;UNKNOWN
2016-04-11T01:29:31.000000;2016-04-11T01:29:31.000000;5da8fc86-aa42-4553-bb86-394a5d3e456e;423.31;0.02000118;UNKNOWN
2016-04-11T01:30:01.000000;2016-04-11T01:30:01.000000;4fc10419-baba-4559-9ff9-3ec9a78f9130;423.34;0.02000826;UNKNOWN
2016-04-11T01:30:01.000000;2016-04-11T01:30:01.000000;f8dedf01-f6d8-4c25-b286-5492edd6cf2a;423.36;0.04704348;UNKNOWN
2016-04-11T01:30:01.000000;2016-04-11T01:30:01.000000;1dbc32e3-d4b7-4e70-a05d-7e64d0ccb4c9;423.35;0.02000826;UNKNOWN
2016-04-11T01:30:33.000000;2016-04-11T01:30:33.000000;5c1d8b18-81f1-42b3-a74a-6f63a94eb871;423.24;0.01534938;UNKNOWN
2016-04-11T01:30:33.000000;2016-04-11T01:30:33.000000;81b7577c-6f7d-48b9-9435-808b73a96c2f;423.25;0.095;UNKNOWN
2016-04-11T01:30:33.000000;2016-04-11T01:30:33.000000;98bba3f1-2a63-4cc0-8c02-786cd8539524;423.25;0.02001062;UNKNOWN
2016-04-11T01:31:00.000000;2016-04-11T01:31:00.000000;326a095c-3506-4821-b0d9-caf232514519;423.22;0.02000354;UNKNOWN
2016-04-11T01:31:00.000000;2016-04-11T01:31:00.000000;c5952b5b-78c2-4d6f-b5db-dc4282c7d1d4;423.23;0.0200059;UNKNOWN
2016-04-11T01:31:00.000000;2016-04-11T01:31:00.000000;e2782efc-aae7-4738-b8d6-597670aad295;423.24;0.142;UNKNOWN
2016-04-11T01:31:00.000000;2016-04-11T01:31:00.000000;c4a74cb8-596b-45c3-89e3-70b894242670;423.24;0.00466124;UNKNOWN
2016-04-11T01:31:00.000000;2016-04-11T01:31:00.000000;94dc7eb4-b7a1-47b8-9a2e-f23f135c1371;423.22;0.08950932;UNKNOWN
2016-04-11T01:31:30.000000;2016-04-11T01:31:30.000000;cfd22fb7-62ee-451d-880a-00927c2fc02e;423.3;0.02294;UNKNOWN
2016-04-11T01:31:48.000000;2016-04-11T01:31:48.000000;578b72b9-3653-4c69-b4ac-b08600461159;423.35;0.02001062;UNKNOWN
2016-04-11T01:31:48.000000;2016-04-11T01:31:48.000000;79c45f70-f28b-4e12-8e9e-f227d61c5805;423.34;0.02001062;UNKNOWN
2016-04-11T01:31:48.000000;2016-04-11T01:31:48.000000;5f1dc656-ed3e-4616-9f20-31e37d75b1a8;423.36;0.0823316;UNKNOWN
2016-04-11T01:31:48.000000;2016-04-11T01:31:48.000000;f932ad6d-8a03-4463-b6ee-b41dc7bc607a;423.3;0.06656932;UNKNOWN
2016-04-11T01:31:48.000000;2016-04-11T01:31:48.000000;35e7a302-4229-4f53-b891-085199ee8595;423.33;0.0200059;UNKNOWN
2016-04-11T01:31:48.000000;2016-04-11T01:31:48.000000;8da2dbb1-6df8-493b-8890-766403ad6de8;423.32;0.02000354;UNKNOWN
2016-04-11T01:32:01.000000;2016-04-11T01:32:01.000000;4a13a026-d152-4138-83b3-e50b72e89fde;423.29;0.0185;UNKNOWN
2016-04-11T01:32:01.000000;2016-04-11T01:32:01.000000;85daa1d0-9c3e-40e6-9ba0-14e8b39f08da;423.36;0.59188;UNKNOWN
2016-04-11T01:32:01.000000;2016-04-11T01:32:01.000000;0d39d0d8-f8e5-400b-ab0c-66c6e4faa41c;423.31;0.0184;UNKNOWN
2016-04-11T01:32:01.000000;2016-04-11T01:32:01.000000;cd6568a9-16ac-4af1-96a8-02fbf251593d;423.33;0.0168;UNKNOWN
2016-04-11T01:32:31.000000;2016-04-11T01:32:31.000000;809afee0-aa34-4a0e-afda-a1224320f365;423.35;0.3414;UNKNOWN
2016-04-11T01:33:00.000000;2016-04-11T01:33:00.000000;9fdee5f7-6305-40cb-8440-d9016d7950e9;423.35;0.09;UNKNOWN
2016-04-11T01:33:00.000000;2016-04-11T01:33:00.000000;0371e88e-4b57-49f7-94a1-92ce692cdcd8;423.36;0.182698;UNKNOWN
2016-04-11T01:33:00.000000;2016-04-11T01:33:00.000000;38dda91a-da0d-4f32-8606-df61d6c52aea;423.35;0.150872;UNKNOWN
2016-04-11T01:33:00.000000;2016-04-11T01:33:00.000000;71573f7b-81c1-4403-88fd-e12bf6b344c2;423.35;0.384;UNKNOWN
2016-04-11T01:33:33.000000;2016-04-11T01:33:33.000000;d275b09f-775a-4e80-84dc-e979aeef8dea;423.36;0.66185;UNKNOWN
2016-04-11T01:33:52.000000;2016-04-11T01:33:52.000000;543d30cb-381a-483d-8cca-ce32c75d71ff;423.36;1.19152399;UNKNOWN
2016-04-11T01:33:53.000000;2016-04-11T01:33:53.000000;7a2039a8-3309-45b0-b034-a5bba4aa8551;423.36;1.19152399;UNKNOWN
2016-04-11T01:33:53.000000;2016-04-11T01:33:53.000000;38777976-4798-4930-bacd-7c03cb652ab9;423.36;1.19152399;UNKNOWN
2016-04-11T01:33:54.000000;2016-04-11T01:33:54.000000;42d83983-cfce-4a3e-b5ec-33219e420942;423.36;1.19152399;UNKNOWN
2016-04-11T01:34:01.000000;2016-04-11T01:34:01.000000;453ebf03-7284-4d75-9055-6a7c6251f767;423.36;0.87054;UNKNOWN
2016-04-11T01:34:31.000000;2016-04-11T01:34:31.000000;5442dd28-f56d-4344-a6f0-fa3fadfd312a;423.35;1.00396;UNKNOWN
2016-04-11T01:35:00.000000;2016-04-11T01:35:00.000000;846c874c-8ea2-4067-bc0e-eba49fea63ac;423.36;0.46702;UNKNOWN
2016-04-11T01:35:07.000000;2016-04-11T01:35:07.000000;222bb202-2ac6-46c3-ba41-a9b79f62e62e;423.36;0.2;UNKNOWN
2016-04-11T01:36:04.000000;2016-04-11T01:36:04.000000;f7c415ba-3244-4002-90cb-30e3dafe5dcc;423.36;0.02953;UNKNOWN
2016-04-11T01:36:30.000000;2016-04-11T01:36:30.000000;67224e55-fb0b-4860-ba5c-24e66e2d9bbc;423.26;0.18;UNKNOWN
2016-04-11T01:36:30.000000;2016-04-11T01:36:30.000000;6b70cd02-630d-4085-84fa-f22b12bcf5e2;423.26;0.3;UNKNOWN
2016-04-11T01:36:30.000000;2016-04-11T01:36:30.000000;3476f23d-3e9a-4a1e-84c6-ab06099d7ae2;423.26;1.19152399;UNKNOWN
2016-04-11T01:36:30.000000;2016-04-11T01:36:30.000000;d0373449-9133-40ab-830e-b598fac50867;423.25;0.02001298;UNKNOWN
2016-04-11T01:36:30.000000;2016-04-11T01:36:30.000000;cb01fc9d-e71d-418b-8f32-ed6bf8e3c917;423.25;0.5;UNKNOWN
2016-04-11T01:36:30.000000;2016-04-11T01:36:30.000000;68d68f62-e6a5-47fa-b98d-9d4eb3ac533b;423.26;0.99;UNKNOWN
2016-04-11T01:36:30.000000;2016-04-11T01:36:30.000000;b111c3dd-3a1e-468f-92b7-2ce0b56ea9d9;423.27;0.99999996;UNKNOWN
2016-04-11T01:36:30.000000;2016-04-11T01:36:30.000000;28da9140-819d-4a02-b1ba-798da32ec64f;423.27;0.99;UNKNOWN
2016-04-11T01:36:30.000000;2016-04-11T01:36:30.000000;bff92dfe-4589-4fe0-b58d-7ca147a4c3ea;423.35;0.18756399;UNKNOWN
2016-04-11T01:36:30.000000;2016-04-11T01:36:30.000000;7d6e24e1-1274-4ccb-8d06-9751d9e6678d;423.28;0.529;UNKNOWN
2016-04-11T01:36:30.000000;2016-04-11T01:36:30.000000;a468d549-6bc6-4101-ae94-8877991904c8;423.25;0.72133908;UNKNOWN
2016-04-11T01:37:00.000000;2016-04-11T01:37:00.000000;59720ec2-5c92-4c18-81c9-6aa6cb8667e9;423.33;0.02169;UNKNOWN
2016-04-11T01:38:06.000000;2016-04-11T01:38:06.000000;c8504250-a548-420f-88a5-710508d919e8;423.24;0.12755702;UNKNOWN
2016-04-11T01:38:06.000000;2016-04-11T01:38:06.000000;5a65e1a3-4d20-4723-9d64-30a3b840fc5e;423.24;0.02001298;UNKNOWN
2016-04-11T01:38:30.000000;2016-04-11T01:38:30.000000;5f1c11b0-f0f6-42dd-a9ef-c48d27f2cd95;423.35;0.87842702;UNKNOWN
2016-04-11T01:38:30.000000;2016-04-11T01:38:30.000000;11434232-a1f9-4acb-9e7b-754e42870940;423.34;0.02001298;UNKNOWN
2016-04-11T01:38:30.000000;2016-04-11T01:38:30.000000;46796b7b-bd0a-49fe-b623-8deb24e85eec;423.3;0.14;UNKNOWN
2016-04-11T01:38:30.000000;2016-04-11T01:38:30.000000;a092611a-d78e-40df-9bd4-030060d3d127;423.34;0.06;UNKNOWN
2016-04-11T01:38:30.000000;2016-04-11T01:38:30.000000;aca05b38-913f-4104-b7e2-1f2728b9ea1c;423.3;0.0125;UNKNOWN
2016-04-11T01:39:01.000000;2016-04-11T01:39:01.000000;8bc721e0-edff-4c26-8782-5cebec315b72;423.34;0.06049;UNKNOWN
2016-04-11T01:39:01.000000;2016-04-11T01:39:01.000000;ca33f6ec-5087-4266-bb78-d47afb82a11c;423.32;0.0181;UNKNOWN
2016-04-11T01:39:30.000000;2016-04-11T01:39:30.000000;4313d971-e9be-48cb-aa37-9c30d8c28720;423.23;0.492427;UNKNOWN
2016-04-11T01:39:30.000000;2016-04-11T01:39:30.000000;52ef6232-24bd-4bec-a37a-cebc0922f479;423.2;0.00662822;UNKNOWN
2016-04-11T01:39:30.000000;2016-04-11T01:39:30.000000;51804bc5-bc33-4026-aea9-b8a3348de119;423.2;0.87842702;UNKNOWN
2016-04-11T01:39:30.000000;2016-04-11T01:39:30.000000;ee1632d3-949e-426f-999f-13bd36c434ef;423.2;0.02000472;UNKNOWN
2016-04-11T01:39:30.000000;2016-04-11T01:39:30.000000;79e8ec1a-6011-4769-a4ba-88125a48f0a2;423.23;0.02000826;UNKNOWN
2016-04-11T01:39:30.000000;2016-04-11T01:39:30.000000;b4ae501a-587b-41af-bcfb-05e08bd91515;423.21;0.18;UNKNOWN
2016-04-11T01:39:30.000000;2016-04-11T01:39:30.000000;87f31314-a70c-4c11-bab4-c1b703c2e41d;423.24;0.157;UNKNOWN
2016-04-11T01:39:30.000000;2016-04-11T01:39:30.000000;e120cb5d-f62b-4b4d-a77f-1a16c1f18f09;423.21;0.02000354;UNKNOWN
2016-04-11T01:39:30.000000;2016-04-11T01:39:30.000000;19621181-5e54-4b9d-ab70-5a13ae978c20;423.22;0.0200059;UNKNOWN
2016-04-11T01:39:30.000000;2016-04-11T01:39:30.000000;ae9eff59-af40-4a50-a62c-5ed60b25cfe3;423.24;0.02001534;UNKNOWN
2016-04-11T01:40:00.000000;2016-04-11T01:40:00.000000;d43bc052-add2-4e58-8a3f-5db826ca8f7a;423.2;0.27296822;UNKNOWN
2016-04-11T01:40:00.000000;2016-04-11T01:40:00.000000;ea41d2a3-0128-4baa-9c1f-adcf4439c14b;423.2;0.98337178;UNKNOWN
2016-04-11T01:40:30.000000;2016-04-11T01:40:30.000000;673847da-094c-4a46-8fa5-81bc4f453b01;423.3;0.02000472;UNKNOWN
2016-04-11T01:40:30.000000;2016-04-11T01:40:30.000000;bbbf67f1-048d-433f-ae33-6778e79dce2f;423.3;0.129;UNKNOWN
2016-04-11T01:40:30.000000;2016-04-11T01:40:30.000000;9b5f7ddc-8b69-4692-ab64-9e804956aae6;423.32;0.56138584;UNKNOWN
2016-04-11T01:40:30.000000;2016-04-11T01:40:30.000000;b9ad89e5-0c72-4906-98bf-2afe3c9e999e;423.31;0.02000354;UNKNOWN
2016-04-11T01:40:30.000000;2016-04-11T01:40:30.000000;966ae057-c5c7-476f-aca4-352ec72e72fe;423.32;0.0200059;UNKNOWN
2016-04-11T01:40:30.000000;2016-04-11T01:40:30.000000;bbf5d852-bb42-412b-ad70-0662a420bc5b;423.31;0.48;UNKNOWN
2016-04-11T01:41:00.000000;2016-04-11T01:41:00.000000;be01b558-d6dc-4e80-89e1-cea531ed6f50;423.33;0.02000826;UNKNOWN
2016-04-11T01:41:00.000000;2016-04-11T01:41:00.000000;498949d1-7c0b-4b6c-b5ed-cdc603506b30;423.32;0.437;UNKNOWN
2016-04-11T01:41:00.000000;2016-04-11T01:41:00.000000;69dd4362-6f99-4f1e-adee-7d008fc0e143;423.33;0.02846174;UNKNOWN
2016-04-11T01:42:00.000000;2016-04-11T01:42:00.000000;bce888ab-742b-4233-ac18-b390c4a2c0c4;423.19;0.02000236;UNKNOWN
2016-04-11T01:42:00.000000;2016-04-11T01:42:00.000000;6fe49cf1-b364-4c5a-a999-bb58ddef5c0d;423.17;0.02000118;UNKNOWN
2016-04-11T01:42:00.000000;2016-04-11T01:42:00.000000;504ddd36-814e-41a4-ad9d-b066c8bfe1d6;423.17;0.73900224;UNKNOWN
2016-04-11T01:42:00.000000;2016-04-11T01:42:00.000000;e1225f52-8958-407d-8556-ddcc93a51d58;423.18;0.02000236;UNKNOWN
2016-04-11T01:42:00.000000;2016-04-11T01:42:00.000000;f0e903d6-8ddc-4b7b-8c07-0b26ed9a9797;423.2;0.107;UNKNOWN
2016-04-11T01:42:00.000000;2016-04-11T01:42:00.000000;a4cf8abf-38d6-40c0-aed9-0bc2d8e641fd;423.22;0.02000826;UNKNOWN
2016-04-11T01:42:00.000000;2016-04-11T01:42:00.000000;fa89b0df-6cc1-45b0-9344-eee21e688505;423.2;0.02000708;UNKNOWN
2016-04-11T01:42:00.000000;2016-04-11T01:42:00.000000;ffef00ce-6801-4bbb-a6a8-e85e0db2ecce;423.22;0.01;UNKNOWN
2016-04-11T01:42:00.000000;2016-04-11T01:42:00.000000;a24da3b3-a001-4837-b9e2-7c4b6683ccf1;423.21;0.0200059;UNKNOWN
2016-04-11T01:42:00.000000;2016-04-11T01:42:00.000000;a80925c5-6d4f-4173-9f07-772e46701ba8;423.21;0.01;UNKNOWN
2016-04-11T01:42:00.000000;2016-04-11T01:42:00.000000;edf36391-a662-4de5-a5a2-e469c0686d5c;423.23;0.02001062;UNKNOWN
2016-04-11T01:42:00.000000;2016-04-11T01:42:00.000000;d26c1205-e1b5-4bc3-913f-e02ad6f9a367;423.23;0.01;UNKNOWN
2016-04-11T01:42:00.000000;2016-04-11T01:42:00.000000;ac88097b-a05e-4b08-8079-6c81c2d371ea;423.23;0.094;UNKNOWN
2016-04-11T01:42:31.000000;2016-04-11T01:42:31.000000;888a0b54-9a18-47db-b0af-45929e353d6e;423.16;0.01;UNKNOWN
2016-04-11T01:42:31.000000;2016-04-11T01:42:31.000000;4b4d4eb9-c93e-47b9-960a-0b3c3c2aa657;423.18;0.626;UNKNOWN
2016-04-11T01:42:31.000000;2016-04-11T01:42:31.000000;abf2b413-654f-4e64-9b45-1b3fb402c561;423.19;0.01;UNKNOWN
2016-04-11T01:42:31.000000;2016-04-11T01:42:31.000000;3bf39218-2afd-452b-b90d-33ea6aedca87;423.16;0.38301825;UNKNOWN
2016-04-11T01:42:31.000000;2016-04-11T01:42:31.000000;c29170c5-5fd0-4043-9fd4-264482bbc855;423.16;0.01;UNKNOWN
2016-04-11T01:42:31.000000;2016-04-11T01:42:31.000000;aab56db1-fd34-4214-ac83-a52a286c710a;423.17;0.45252175;UNKNOWN
2016-04-11T01:42:31.000000;2016-04-11T01:42:31.000000;285fa49b-05d4-47be-8d49-43640a6082eb;423.17;0.02;UNKNOWN
2016-04-11T01:42:31.000000;2016-04-11T01:42:31.000000;1f3ac39c-5329-43a5-93d0-5a946c39f7f6;423.17;0.99;UNKNOWN
2016-04-11T01:42:48.000000;2016-04-11T01:42:48.000000;9b819328-b113-40f7-a46a-caa604081c9a;423.16;0.1758;UNKNOWN
2016-04-11T01:42:48.000000;2016-04-11T01:42:48.000000;4a4e657c-7dbc-4daa-93ea-7f4d1797320e;423.17;0.204;UNKNOWN
2016-04-11T01:42:48.000000;2016-04-11T01:42:48.000000;b5720d01-890b-4e70-90dc-260c3ae5e1c8;423.17;0.02;UNKNOWN
2016-04-11T01:43:30.000000;2016-04-11T01:43:30.000000;6e067a26-e213-4503-a2ea-40e320b22db9;423.33;0.46396526;UNKNOWN
2016-04-11T01:43:30.000000;2016-04-11T01:43:30.000000;4df9f7bc-baa6-44b4-b5b4-9bbc0b03cbb4;423.32;0.8;UNKNOWN
2016-04-11T01:43:30.000000;2016-04-11T01:43:30.000000;29310747-5463-47cb-a879-af4eb9005a8c;423.33;0.58327698;UNKNOWN
2016-04-11T01:43:30.000000;2016-04-11T01:43:30.000000;c9c82ca8-6d6b-4b41-a06b-2ddcc47d9403;423.33;0.02001062;UNKNOWN
2016-04-11T01:43:30.000000;2016-04-11T01:43:30.000000;f88e4259-ae4c-44fa-922f-fb187fb7d72d;423.27;0.02000118;UNKNOWN
2016-04-11T01:43:30.000000;2016-04-11T01:43:30.000000;f2d9a998-b3e7-4f61-8af9-1c711367656c;423.32;0.01;UNKNOWN
2016-04-11T01:43:30.000000;2016-04-11T01:43:30.000000;b8a47852-78d5-4c0e-8bc8-0e43c74c757c;423.3;0.3;UNKNOWN
2016-04-11T01:43:30.000000;2016-04-11T01:43:30.000000;1cfddd58-3ff6-4ea6-addf-d197056bd4a7;423.26;0.03;UNKNOWN
2016-04-11T01:43:30.000000;2016-04-11T01:43:30.000000;1346dc2d-4db7-461e-9b5e-2b907afd132f;423.3;0.02000708;UNKNOWN
2016-04-11T01:43:30.000000;2016-04-11T01:43:30.000000;16c725ff-e861-4053-b9e6-7a579f3d1ee1;423.26;0.02;UNKNOWN
2016-04-11T01:43:30.000000;2016-04-11T01:43:30.000000;cf5645e9-a273-43a4-b8d8-ca4a1b13ec50;423.29;0.02000236;UNKNOWN
2016-04-11T01:43:30.000000;2016-04-11T01:43:30.000000;ae7fb623-f60c-4b9c-9175-32dd9c05ab3e;423.31;0.0200059;UNKNOWN
2016-04-11T01:43:30.000000;2016-04-11T01:43:30.000000;d0a645be-e1bc-4b80-97bc-3e73192a0940;423.28;0.02000236;UNKNOWN
2016-04-11T01:43:30.000000;2016-04-11T01:43:30.000000;b54ce1f6-218d-49a1-936a-d8ca95b27eef;423.32;0.02000826;UNKNOWN
2016-04-11T01:44:07.000000;2016-04-11T01:44:07.000000;c7fc6a3c-e0db-472b-a602-7598e633d421;423.34;0.06;UNKNOWN
2016-04-11T01:44:07.000000;2016-04-11T01:44:07.000000;9d209ca2-563e-4f40-a3b9-6e3269e9c69b;423.34;0.36433466;UNKNOWN
2016-04-11T01:44:07.000000;2016-04-11T01:44:07.000000;663bad70-0972-4d39-a2d9-daac42c12553;423.34;0.02001534;UNKNOWN
2016-04-11T01:44:31.000000;2016-04-11T01:44:31.000000;7ccf8ba6-b00b-4a2e-9fdb-13832b78c7e0;423.24;0.0200177;UNKNOWN
2016-04-11T01:44:31.000000;2016-04-11T01:44:31.000000;722c58a1-5a51-43ee-bac1-73516ae3aca7;423.25;0.01;UNKNOWN
2016-04-11T01:44:31.000000;2016-04-11T01:44:31.000000;858e8568-4833-423e-990e-181a37edaaef;423.25;0.125;UNKNOWN
2016-04-11T01:44:31.000000;2016-04-11T01:44:31.000000;0ec5412c-fc77-472c-91ff-b6ae52bb66cc;423.24;0.01;UNKNOWN
2016-04-11T01:44:31.000000;2016-04-11T01:44:31.000000;5e3a9dd8-da48-4e4f-ad00-a3c08634abfe;423.22;0.1441587;UNKNOWN
2016-04-11T01:44:31.000000;2016-04-11T01:44:31.000000;97a704c3-1ea7-4156-a43c-99b4ab271e43;423.23;0.02001298;UNKNOWN
2016-04-11T01:44:31.000000;2016-04-11T01:44:31.000000;48d95a3b-55a2-44ab-b174-5bb594e3553b;423.22;0.094;UNKNOWN
2016-04-11T01:44:31.000000;2016-04-11T01:44:31.000000;122a100a-2d93-4c4c-9a3b-316aaa91c6a3;423.22;0.02001062;UNKNOWN
2016-04-11T01:45:01.000000;2016-04-11T01:45:01.000000;5622ffa0-822d-4065-94c1-c32e789fdb7a;423.21;0.01276;UNKNOWN
2016-04-11T01:45:31.000000;2016-04-11T01:45:31.000000;5bb5939e-3987-474f-bead-25a73bcac3e9;423.32;0.063;UNKNOWN
2016-04-11T01:45:31.000000;2016-04-11T01:45:31.000000;2a87f151-945a-449a-8c82-893eba84f4a2;423.31;0.083;UNKNOWN
2016-04-11T01:45:31.000000;2016-04-11T01:45:31.000000;343ad2dd-63ba-4f7f-99b8-463f0c4b6087;423.32;0.02001062;UNKNOWN
2016-04-11T01:45:31.000000;2016-04-11T01:45:31.000000;bc132947-7eab-4360-b2a6-502c5eae4674;423.31;0.18;UNKNOWN
2016-04-11T01:45:31.000000;2016-04-11T01:45:31.000000;a98166ac-0e50-483b-8fa6-db853849f238;423.35;6.06616041;UNKNOWN
2016-04-11T01:45:31.000000;2016-04-11T01:45:31.000000;d00cf4fd-1c17-43ab-90f6-a155dd07db5e;423.35;0.02001298;UNKNOWN
2016-04-11T01:45:31.000000;2016-04-11T01:45:31.000000;fe3a9e8d-06f2-47ca-a706-2da94faf9f99;423.35;0.12157294;UNKNOWN
2016-04-11T01:45:31.000000;2016-04-11T01:45:31.000000;40db5a8f-276c-4872-841a-bbd3a007f323;423.34;1.28;UNKNOWN
2016-04-11T01:45:31.000000;2016-04-11T01:45:31.000000;7fc995ce-d1d2-401c-bced-b889ea2ef5f1;423.34;0.0200177;UNKNOWN
2016-04-11T01:45:31.000000;2016-04-11T01:45:31.000000;3e896dae-63f7-4b6c-97df-3bbace6b0566;423.34;0.123;UNKNOWN
2016-04-11T01:45:31.000000;2016-04-11T01:45:31.000000;3ea061ef-46d6-4d2c-8540-ef0ebdad6561;423.31;0.02;UNKNOWN
2016-04-11T01:45:31.000000;2016-04-11T01:45:31.000000;26cc0af3-edd4-41b7-b975-2b30af99c087;423.34;0.51409237;UNKNOWN
2016-04-11T01:45:31.000000;2016-04-11T01:45:31.000000;00808d79-18bb-4a25-a0a6-dbcddff975e8;423.33;0.96;UNKNOWN
2016-04-11T01:45:31.000000;2016-04-11T01:45:31.000000;234fecd6-a8af-426a-aaf1-ccd1e9a28757;423.33;0.02001298;UNKNOWN
2016-04-11T01:45:47.000000;2016-04-11T01:45:47.000000;e8cb778d-8e9b-43c3-a503-19cb5c4df2b0;423.33;0.31;UNKNOWN
2016-04-11T01:46:00.000000;2016-04-11T01:46:00.000000;0dd12b56-6745-4ed0-944f-47a67d8e94ff;423.17;0.64;UNKNOWN
2016-04-11T01:46:00.000000;2016-04-11T01:46:00.000000;2d508e38-678f-4d59-93cf-c3d2323c8b97;423.24;0.084;UNKNOWN
2016-04-11T01:46:00.000000;2016-04-11T01:46:00.000000;0b08a7c4-4657-4d64-8003-fe39f8621f48;423.16;0.02000236;UNKNOWN
2016-04-11T01:46:00.000000;2016-04-11T01:46:00.000000;72d4199d-1c6c-4856-8a41-5b4f285a98a5;423.24;0.06;UNKNOWN
2016-04-11T01:46:00.000000;2016-04-11T01:46:00.000000;378af849-3e09-43ae-a763-658158d1c658;423.17;0.02000354;UNKNOWN
2016-04-11T01:46:00.000000;2016-04-11T01:46:00.000000;08d1d08e-d310-4752-9c5b-f56dc2d188e2;423.21;0.02000826;UNKNOWN
2016-04-11T01:46:00.000000;2016-04-11T01:46:00.000000;832968de-c550-4172-9b17-123e10c1c3cc;423.22;0.3;UNKNOWN
2016-04-11T01:46:00.000000;2016-04-11T01:46:00.000000;79f7c852-cd20-4dce-8b60-db06798fb7c5;423.24;0.02002006;UNKNOWN
2016-04-11T01:46:00.000000;2016-04-11T01:46:00.000000;4ffd9c36-0bdf-47a2-94cf-7fdead3dbc33;423.21;0.074;UNKNOWN
2016-04-11T01:46:00.000000;2016-04-11T01:46:00.000000;aa3ab597-9ce2-458b-8f49-29ce2365992b;423.18;0.492603;UNKNOWN
2016-04-11T01:46:00.000000;2016-04-11T01:46:00.000000;306755fb-ac7c-494b-b32f-5a1a65e3db54;423.18;0.106;UNKNOWN
2016-04-11T01:46:00.000000;2016-04-11T01:46:00.000000;227fe32c-06cd-4469-b774-24964326e314;423.19;0.01;UNKNOWN
2016-04-11T01:46:00.000000;2016-04-11T01:46:00.000000;7ffa8f51-454a-4489-afbe-ccaad4044d48;423.2;0.02000944;UNKNOWN
2016-04-11T01:46:00.000000;2016-04-11T01:46:00.000000;9fda1d04-f2c7-41d9-893e-3ffe88bafb4e;423.18;0.02000472;UNKNOWN
2016-04-11T01:46:00.000000;2016-04-11T01:46:00.000000;b7f2d53c-a927-4dfb-85d8-50e93e976259;423.19;0.02000472;UNKNOWN
2016-04-11T01:46:00.000000;2016-04-11T01:46:00.000000;40c2c14f-481c-4d53-9993-73f55255d2b6;423.19;0.02;UNKNOWN
2016-04-11T01:46:00.000000;2016-04-11T01:46:00.000000;d4046c0d-85ef-4ed8-8bb8-2ebb00177c98;423.16;0.10196024;UNKNOWN
2016-04-11T01:46:00.000000;2016-04-11T01:46:00.000000;b9cd2f42-f60c-4ebb-bdc0-ab6bee4b06ae;423.22;0.02001298;UNKNOWN
2016-04-11T01:46:00.000000;2016-04-11T01:46:00.000000;33365058-3e15-4418-b64e-782ec88b7f00;423.25;0.16;UNKNOWN
2016-04-11T01:46:00.000000;2016-04-11T01:46:00.000000;5e5bb081-9d01-43ff-82c6-ae4e1e388611;423.25;0.02001534;UNKNOWN
2016-04-11T01:46:00.000000;2016-04-11T01:46:00.000000;707ad108-bc34-4fc9-9e28-68f47be00e0f;423.23;0.02001534;UNKNOWN
2016-04-11T01:46:00.000000;2016-04-11T01:46:00.000000;2cb61dca-b94f-4e47-ad1a-6380f4a47657;423.22;0.01;UNKNOWN
2016-04-11T01:46:00.000000;2016-04-11T01:46:00.000000;a2ce33b5-d8d5-49f1-989f-614f95b07859;423.26;0.01;UNKNOWN
2016-04-11T01:46:24.000000;2016-04-11T01:46:24.000000;399661f6-b32c-4b17-bf27-a41b0d9cf557;423.2;0.01908516;UNKNOWN
2016-04-11T01:46:30.000000;2016-04-11T01:46:30.000000;002ae053-2be3-4965-86aa-f53a19466156;423.19;0.256;UNKNOWN
2016-04-11T01:46:30.000000;2016-04-11T01:46:30.000000;a2aad27a-0dad-4f9d-ab04-4e29071692d2;423.16;0.41944;UNKNOWN
2016-04-11T01:46:30.000000;2016-04-11T01:46:30.000000;9fee5d3c-0361-41b7-8abf-a187e3030eef;423.19;0.02;UNKNOWN
2016-04-11T01:47:01.000000;2016-04-11T01:47:01.000000;e84cb8b1-097c-486d-bb98-f4d32aa7691a;423.26;0.02000236;UNKNOWN
2016-04-11T01:47:01.000000;2016-04-11T01:47:01.000000;85221cf5-c82f-4d6b-8fa2-81854af43e60;423.28;0.02000472;UNKNOWN
2016-04-11T01:47:01.000000;2016-04-11T01:47:01.000000;2a22d1cf-b83c-4638-b8d7-0a7424a401b1;423.27;0.02000354;UNKNOWN
2016-04-11T01:47:01.000000;2016-04-11T01:47:01.000000;f2141cbe-2d73-41d9-885e-ca71c894352e;423.29;0.02000472;UNKNOWN
2016-04-11T01:47:01.000000;2016-04-11T01:47:01.000000;de1cd21b-3fa4-4590-94d4-5e9641715704;423.3;0.13399522;UNKNOWN
2016-04-11T01:47:01.000000;2016-04-11T01:47:01.000000;cd9b0cf8-0d1d-49cb-b72c-e2cf44949399;423.3;0.02000944;UNKNOWN
2016-04-11T01:47:07.000000;2016-04-11T01:47:07.000000;cd1df279-c99e-41c8-8bce-b1532886eb13;423.31;0.02000826;UNKNOWN
2016-04-11T01:47:07.000000;2016-04-11T01:47:07.000000;8802ddc3-6354-454c-a994-bfa3b14d381d;423.32;0.02001298;UNKNOWN
2016-04-11T01:47:07.000000;2016-04-11T01:47:07.000000;98273269-b95e-4305-9e2b-993a1c78760e;423.32;0.02997876;UNKNOWN
2016-04-11T01:47:31.000000;2016-04-11T01:47:31.000000;dff90579-e4e7-4992-a132-4763d5c83339;423.21;0.01041466;UNKNOWN
2016-04-11T01:47:31.000000;2016-04-11T01:47:31.000000;7ec5239d-bc2a-46e2-b3e8-072cbbe90152;423.22;0.02001534;UNKNOWN
2016-04-11T01:48:00.000000;2016-04-11T01:48:00.000000;75a67529-c364-4bd3-a6d4-b54a10b5b53d;423.32;0.02001534;UNKNOWN
2016-04-11T01:48:00.000000;2016-04-11T01:48:00.000000;dcd6491d-9557-4686-ae65-74d66d40a51c;423.33;0.00325466;UNKNOWN
2016-04-11T01:48:30.000000;2016-04-11T01:48:30.000000;360022cb-cfe6-4053-bd8e-66693e1c28cc;423.33;0.17707932;UNKNOWN
2016-04-11T01:48:30.000000;2016-04-11T01:48:30.000000;2995181b-9ae1-41f6-8913-65df2db84ac4;423.33;0.01676068;UNKNOWN
2016-04-11T01:49:00.000000;2016-04-11T01:49:00.000000;19990788-eafc-49a9-bbcc-8baa3c459b0b;423.26;0.00267;UNKNOWN
2016-04-11T01:49:00.000000;2016-04-11T01:49:00.000000;5ddd4aa9-7492-4ce0-a7ef-4cf674a1e2c4;423.26;0.0192;UNKNOWN
2016-04-11T01:49:00.000000;2016-04-11T01:49:00.000000;b0e54678-dbbf-4bdc-8f63-e9dec3fa39bb;423.26;0.0194;UNKNOWN
2016-04-11T01:49:00.000000;2016-04-11T01:49:00.000000;0c2e22a3-70cb-49a7-ad75-3a66cd18171e;423.26;0.0172;UNKNOWN
2016-04-11T01:49:30.000000;2016-04-11T01:49:30.000000;48b4fb5f-7de6-4183-9773-9c424d3078b6;423.25;0.40488;UNKNOWN
2016-04-11T01:50:01.000000;2016-04-11T01:50:01.000000;104b81df-8c3a-42dc-b09e-48f71186a56c;423.33;0.26242;UNKNOWN
