time_exchange;time_coinpai;guid;price;base_amount;taker_side
2016-03-22T00:00:07.000000;2016-03-22T00:00:07.000000;317af14e-4d4f-4d5f-8360-e44cb33d0d05;411.85;3.5551248;UNKNOWN
2016-03-22T00:00:17.000000;2016-03-22T00:00:17.000000;84a9bb45-3ad2-40bd-9947-e53fd69cbee6;411.88;0.02657;UNKNOWN
2016-03-22T00:00:17.000000;2016-03-22T00:00:17.000000;8f4cb6ec-8b53-4dd4-849c-228686b9228c;411.88;2.72854355;UNKNOWN
2016-03-22T00:01:03.000000;2016-03-22T00:01:03.000000;b3a25099-68bd-48c3-ae1f-ea9890d3a73a;411.87;1.0;UNKNOWN
2016-03-22T00:01:17.000000;2016-03-22T00:01:17.000000;a40b0535-ced1-45f7-8289-20c08ae6a5e1;411.87;0.02497529;UNKNOWN
2016-03-22T00:01:38.000000;2016-03-22T00:01:38.000000;a3d5a03d-093b-4803-b213-a7a6c0f6d5a4;411.86;0.02497529;UNKNOWN
2016-03-22T00:01:53.000000;2016-03-22T00:01:53.000000;9002202f-f86b-4a12-8daf-6837120f04f4;411.82;0.060658;UNKNOWN
2016-03-22T00:02:27.000000;2016-03-22T00:02:27.000000;976479e2-180d-4aa7-b62d-37f2f0a5b98e;411.86;0.1;UNKNOWN
2016-03-22T00:02:27.000000;2016-03-22T00:02:27.000000;23d1c1bf-cc6b-456f-ad89-b7fb93183d65;411.87;2.9;UNKNOWN
2016-03-22T00:02:43.000000;2016-03-22T00:02:43.000000;ef61715c-635a-4941-a07b-60c2aa933b79;411.8;0.24331113;UNKNOWN
2016-03-22T00:02:45.000000;2016-03-22T00:02:45.000000;bc2dac8d-82d9-4e73-9a00-d1f630b1cbae;411.8;0.03654953;UNKNOWN
2016-03-22T00:02:53.000000;2016-03-22T00:02:53.000000;e2bc7e98-1685-4a47-9734-09101881646d;411.8;3.65013934;UNKNOWN
2016-03-22T00:02:56.000000;2016-03-22T00:02:56.000000;cb8a7038-7c8e-457c-8524-46a79f944437;411.41;4.53491716;UNKNOWN
2016-03-22T00:02:56.000000;2016-03-22T00:02:56.000000;9f7c92f4-399e-4780-9116-8186ab2dea71;411.42;6.0673;UNKNOWN
2016-03-22T00:03:16.000000;2016-03-22T00:03:16.000000;ff4815ef-b1ed-4fcf-82f0-0aad2b9bcade;411.11;0.149442;UNKNOWN
2016-03-22T00:03:19.000000;2016-03-22T00:03:19.000000;47144a77-de30-4e93-bf72-8122ddab624f;411.18;0.15059901;UNKNOWN
2016-03-22T00:03:54.000000;2016-03-22T00:03:54.000000;89e338cb-9334-4cda-86e6-ffe9b930ab9a;411.1;0.0678;UNKNOWN
2016-03-22T00:03:54.000000;2016-03-22T00:03:54.000000;d9536e83-46dd-41cd-8dd6-ca723d2d7fd9;411.11;0.62845171;UNKNOWN
2016-03-22T00:04:30.000000;2016-03-22T00:04:30.000000;b07fba57-27aa-4459-9f92-acc5b0318b32;410.91;0.07324255;UNKNOWN
2016-03-22T00:05:09.000000;2016-03-22T00:05:09.000000;aee24234-2ee5-4b45-96ad-52f9627b68b0;410.41;0.79733613;UNKNOWN
2016-03-22T00:05:09.000000;2016-03-22T00:05:09.000000;2021d1d6-7b2e-4f90-ba85-d23884051664;410.5;2.79;UNKNOWN
2016-03-22T00:05:09.000000;2016-03-22T00:05:09.000000;12779889-40b9-4221-960c-86fd7d520c01;410.51;0.5;UNKNOWN
2016-03-22T00:05:09.000000;2016-03-22T00:05:09.000000;5f3a6fbe-e289-4920-9a0e-58e2b017a5ea;410.43;0.7188;UNKNOWN
2016-03-22T00:05:09.000000;2016-03-22T00:05:09.000000;d6f8f452-a5b5-4055-884b-0e974cf6c249;410.42;6.0;UNKNOWN
2016-03-22T00:05:09.000000;2016-03-22T00:05:09.000000;92aebd15-2883-4b68-b566-cfa0bbb86f05;410.43;3.0;UNKNOWN
2016-03-22T00:05:09.000000;2016-03-22T00:05:09.000000;c83b97fa-39a6-4abe-8a0c-f76a9b01153c;410.7;0.0206;UNKNOWN
2016-03-22T00:05:17.000000;2016-03-22T00:05:17.000000;58e697a0-3b1e-4adb-a5ac-3c043f599d6d;410.62;0.05098023;UNKNOWN
2016-03-22T00:05:33.000000;2016-03-22T00:05:33.000000;c4d777ae-5faa-4144-bc00-35dbe7421b9b;410.62;0.05098023;UNKNOWN
2016-03-22T00:05:41.000000;2016-03-22T00:05:41.000000;0fae4eae-49fc-4d50-a8e7-315ffc97c728;410.62;4.0;UNKNOWN
2016-03-22T00:06:21.000000;2016-03-22T00:06:21.000000;84219680-d081-4a14-a8de-49d7a9e94d15;410.62;0.1;UNKNOWN
2016-03-22T00:07:32.000000;2016-03-22T00:07:32.000000;18f2d29f-04e6-4aad-bbbc-ab9efad308ae;410.88;0.12172855;UNKNOWN
2016-03-22T00:07:40.000000;2016-03-22T00:07:40.000000;d9071dbd-138c-44d8-b158-6b92857fc9fc;411.03;3.9229;UNKNOWN
2016-03-22T00:07:40.000000;2016-03-22T00:07:40.000000;2b0a06f9-37b2-42f2-b630-3fea5140bb11;410.89;6.0771;UNKNOWN
2016-03-22T00:08:29.000000;2016-03-22T00:08:29.000000;f37171b3-d555-4628-83cb-213614ab0cfd;410.64;0.0852;UNKNOWN
2016-03-22T00:08:29.000000;2016-03-22T00:08:29.000000;d152e939-d325-48e5-806e-dc2ee36f755a;410.65;6.0;UNKNOWN
2016-03-22T00:08:29.000000;2016-03-22T00:08:29.000000;ccb3e819-5e47-4793-8b02-00e0fdb18913;410.98;6.0551;UNKNOWN
2016-03-22T00:08:29.000000;2016-03-22T00:08:29.000000;76697777-6e43-486e-8c1f-e7e0529ba845;410.66;2.1696;UNKNOWN
2016-03-22T00:08:29.000000;2016-03-22T00:08:29.000000;05f750e3-813c-4281-99bb-036b55cdeaa1;410.94;0.6901;UNKNOWN
2016-03-22T00:08:35.000000;2016-03-22T00:08:35.000000;88ffd5eb-9948-49ab-b68a-c2b4e00145e2;410.66;0.51621678;UNKNOWN
2016-03-22T00:08:35.000000;2016-03-22T00:08:35.000000;9e3dce8b-50e2-4ad7-ae06-0aa6294fbff8;410.66;0.51616654;UNKNOWN
2016-03-22T00:08:36.000000;2016-03-22T00:08:36.000000;a0148f5c-5c94-4b4f-93ad-6fa615246684;410.66;0.51616653;UNKNOWN
2016-03-22T00:08:36.000000;2016-03-22T00:08:36.000000;c6b165b3-5848-4b02-824d-36c4c9589a1a;410.66;0.51616654;UNKNOWN
2016-03-22T00:09:17.000000;2016-03-22T00:09:17.000000;dd130b0b-59d3-4b98-b5e3-0fc6165b4d0a;410.95;4.0;UNKNOWN
2016-03-22T00:09:17.000000;2016-03-22T00:09:17.000000;c08a1cd3-0c2f-4256-91dc-3ffa02c8fabf;410.48;0.232129;UNKNOWN
2016-03-22T00:09:17.000000;2016-03-22T00:09:17.000000;f7da227b-93d3-40c4-bc8a-b2e2590a6e5e;410.66;0.6901;UNKNOWN
2016-03-22T00:09:17.000000;2016-03-22T00:09:17.000000;a4eb7d9f-1de9-4e43-93ed-ae9fcd433cb5;410.61;0.078271;UNKNOWN
2016-03-22T00:09:17.000000;2016-03-22T00:09:17.000000;bfd03ead-2a4c-437e-bb56-48ab8099cec3;410.67;5.9995;UNKNOWN
2016-03-22T00:11:25.000000;2016-03-22T00:11:25.000000;87dbfc1e-13d1-42d8-9ea3-83eb141b9a0d;410.85;0.1;UNKNOWN
2016-03-22T00:11:25.000000;2016-03-22T00:11:25.000000;18958d13-4378-4b9f-88c2-92f9d24e8f4e;410.85;12.5829;UNKNOWN
2016-03-22T00:11:25.000000;2016-03-22T00:11:25.000000;41c39476-de10-443d-bf68-215d96265830;410.91;0.3014;UNKNOWN
2016-03-22T00:11:25.000000;2016-03-22T00:11:25.000000;78f0c4ba-fc6c-4388-96e2-c24146f62b09;410.85;6.0157;UNKNOWN
2016-03-22T00:11:46.000000;2016-03-22T00:11:46.000000;7df43de4-1d3f-44dc-93d6-e242a797e952;410.58;0.01000658;UNKNOWN
2016-03-22T00:12:26.000000;2016-03-22T00:12:26.000000;49bc601e-7098-48ab-9ede-0ed1cb6d734d;411.13;0.80037508;UNKNOWN
2016-03-22T00:12:51.000000;2016-03-22T00:12:51.000000;58595eb2-414b-4dc1-a1f8-e067b5063383;411.13;0.08833836;UNKNOWN
2016-03-22T00:13:55.000000;2016-03-22T00:13:55.000000;3f60ec16-7694-40d7-96c9-85135b7e7ef5;411.13;0.80010288;UNKNOWN
2016-03-22T00:13:57.000000;2016-03-22T00:13:57.000000;afb07039-e9b3-4f9c-983f-371effe518f0;411.13;0.02854205;UNKNOWN
2016-03-22T00:13:59.000000;2016-03-22T00:13:59.000000;e76704e0-267e-4a22-9fab-a695c972d37b;411.13;0.02854205;UNKNOWN
2016-03-22T00:13:59.000000;2016-03-22T00:13:59.000000;9232e993-0889-4c92-9c09-1c87399798b4;411.13;1.3458208;UNKNOWN
2016-03-22T00:13:59.000000;2016-03-22T00:13:59.000000;11fe5e0e-13cc-4d5c-81e8-04e738ad6283;411.13;0.47858206;UNKNOWN
2016-03-22T00:13:59.000000;2016-03-22T00:13:59.000000;8a2704df-64eb-43f6-8a82-e7209bfde5c6;411.13;0.20089271;UNKNOWN
2016-03-22T00:14:00.000000;2016-03-22T00:14:00.000000;6f418020-55f3-4b2c-aeba-b7457347d6c8;411.19;0.17124014;UNKNOWN
2016-03-22T00:14:01.000000;2016-03-22T00:14:01.000000;08d0f884-8203-48d2-81d4-53eada2bc698;411.19;0.03670281;UNKNOWN
2016-03-22T00:14:01.000000;2016-03-22T00:14:01.000000;71982c34-cdd3-4d5b-8a39-b1f020f1480e;411.19;0.14803506;UNKNOWN
2016-03-22T00:14:03.000000;2016-03-22T00:14:03.000000;4405967e-b065-4ac5-b292-e90a71ec6717;411.19;0.06264086;UNKNOWN
2016-03-22T00:14:37.000000;2016-03-22T00:14:37.000000;e47e9766-b8d0-4b07-9531-37e4813b2fd1;411.18;0.09834923;UNKNOWN
2016-03-22T00:15:39.000000;2016-03-22T00:15:39.000000;e1981ee1-4598-46c5-b151-8683b0f9c725;411.13;0.07311585;UNKNOWN
2016-03-22T00:16:03.000000;2016-03-22T00:16:03.000000;777cab7e-3cbf-4395-926f-c9e15bb2fe40;411.13;0.02914956;UNKNOWN
2016-03-22T00:17:48.000000;2016-03-22T00:17:48.000000;0dd3df1e-1ec2-4626-a823-e1faf6b3762c;411.13;0.04016383;UNKNOWN
2016-03-22T00:17:48.000000;2016-03-22T00:17:48.000000;ec55d3f9-3005-4d56-90bb-bba9a5682655;410.79;0.05976117;UNKNOWN
2016-03-22T00:18:29.000000;2016-03-22T00:18:29.000000;5432ac29-14c8-4ed8-92e5-3abcefcff4e1;411.17;0.1;UNKNOWN
2016-03-22T00:18:29.000000;2016-03-22T00:18:29.000000;7f7c93f8-2d48-4a81-b383-3ad8f0c8c118;411.2;1.0303;UNKNOWN
2016-03-22T00:18:29.000000;2016-03-22T00:18:29.000000;fca149ec-31f5-4e1c-8b61-411c4a190ff9;411.18;3.0;UNKNOWN
2016-03-22T00:18:48.000000;2016-03-22T00:18:48.000000;eba7caa6-048f-4185-8085-8b61f8e4c86c;411.19;0.06569549;UNKNOWN
2016-03-22T00:18:52.000000;2016-03-22T00:18:52.000000;d3a4256c-8855-43f7-bb33-88be2912d6b0;410.83;0.07311585;UNKNOWN
2016-03-22T00:19:08.000000;2016-03-22T00:19:08.000000;4b6f6e7b-1bef-45cc-bc33-0ab3539ca37f;410.83;0.132495;UNKNOWN
2016-03-22T00:19:09.000000;2016-03-22T00:19:09.000000;a5045d99-2fe6-4edf-899f-e0e2498d463a;410.83;0.04818464;UNKNOWN
2016-03-22T00:24:05.000000;2016-03-22T00:24:05.000000;18211d14-754e-4fe0-8f4a-a0ca675c4a4e;411.05;0.25;UNKNOWN
2016-03-22T00:24:05.000000;2016-03-22T00:24:05.000000;5125f325-79be-4985-bcc2-6989c6ff1629;410.98;4.0;UNKNOWN
2016-03-22T00:24:11.000000;2016-03-22T00:24:11.000000;167ac433-16bf-4013-a3f4-6a2a22cc19fe;411.2;14.5821;UNKNOWN
2016-03-22T00:24:35.000000;2016-03-22T00:24:35.000000;2b571942-1ee4-427e-994f-57e43d57df00;411.12;0.04877474;UNKNOWN
2016-03-22T00:29:21.000000;2016-03-22T00:29:21.000000;39cc1b23-7805-40b7-bf9b-bfa1ac6acb93;411.14;0.03599564;UNKNOWN
2016-03-22T00:29:25.000000;2016-03-22T00:29:25.000000;73cf5563-fab6-42f3-bcaa-10921ae2376a;411.14;0.78692739;UNKNOWN
2016-03-22T00:29:26.000000;2016-03-22T00:29:26.000000;ee07c8df-96a3-4747-944b-243ff126848d;411.14;17.37;UNKNOWN
2016-03-22T00:29:26.000000;2016-03-22T00:29:26.000000;ba30b07f-03a2-4b97-baa9-2bb4e215846c;411.14;1.31292303;UNKNOWN
2016-03-22T00:29:26.000000;2016-03-22T00:29:26.000000;72983408-ee2e-4105-8c20-d46748ad619e;411.14;7.31707697;UNKNOWN
2016-03-22T00:29:44.000000;2016-03-22T00:29:44.000000;5fa02ebb-1361-4a3c-82f6-48550f12684c;411.15;0.02809946;UNKNOWN
2016-03-22T00:29:44.000000;2016-03-22T00:29:44.000000;a136f7a1-e03b-407c-b42e-a3a3f886ae62;411.15;0.02809946;UNKNOWN
2016-03-22T00:29:44.000000;2016-03-22T00:29:44.000000;5ac1af7f-86d5-4cc5-9ac6-0a6383824dc7;411.15;0.14064181;UNKNOWN
2016-03-22T00:29:47.000000;2016-03-22T00:29:47.000000;4386ce3f-2cba-4282-84a1-9e8a4c8cf8cc;411.15;0.06922434;UNKNOWN
2016-03-22T00:29:48.000000;2016-03-22T00:29:48.000000;2994b664-d00e-4542-9dc7-cb818c852f2f;411.15;0.14064181;UNKNOWN
2016-03-22T00:29:50.000000;2016-03-22T00:29:50.000000;1ff60d87-e48a-4c66-9f94-1c1df4fb2476;411.15;0.01221223;UNKNOWN
2016-03-22T00:29:50.000000;2016-03-22T00:29:50.000000;1987c4b4-3998-4b75-9555-20b215e419da;411.15;0.0936271;UNKNOWN
2016-03-22T00:29:51.000000;2016-03-22T00:29:51.000000;5a491937-d56e-4824-8ba1-b2c168c319b7;411.15;0.5307199;UNKNOWN
2016-03-22T00:30:22.000000;2016-03-22T00:30:22.000000;8bc59199-6b70-45ef-86dd-f7efa890d509;411.15;0.78690825;UNKNOWN
2016-03-22T00:30:23.000000;2016-03-22T00:30:23.000000;95108694-32c5-4529-a3da-dd822e115fff;411.15;0.78690825;UNKNOWN
2016-03-22T00:30:24.000000;2016-03-22T00:30:24.000000;82dd7685-00cb-449e-abfa-e444465ddfe3;411.15;0.78711504;UNKNOWN
2016-03-22T00:30:27.000000;2016-03-22T00:30:27.000000;3ec330b3-6bee-41f5-981e-9191c18e3fd3;411.15;0.78632938;UNKNOWN
2016-03-22T00:30:27.000000;2016-03-22T00:30:27.000000;29d83ac8-a554-424d-a1db-02080d27e8e0;411.15;0.78690825;UNKNOWN
2016-03-22T00:30:29.000000;2016-03-22T00:30:29.000000;c7e8baec-f12d-4bbd-89ec-cc096632e721;411.15;0.78690825;UNKNOWN
2016-03-22T00:30:30.000000;2016-03-22T00:30:30.000000;11d1f8ac-47e4-4fe3-b047-514100251d81;411.18;0.06191528;UNKNOWN
2016-03-22T00:30:33.000000;2016-03-22T00:30:33.000000;776e80b8-b76f-4ac2-a157-e1a40520c677;411.18;0.06191528;UNKNOWN
2016-03-22T00:30:33.000000;2016-03-22T00:30:33.000000;9f0fc361-bb0e-4553-b95e-e0b241873a6a;411.18;0.06211423;UNKNOWN
2016-03-22T00:30:34.000000;2016-03-22T00:30:34.000000;5190b816-9856-4590-8aee-d215d9803d61;411.18;0.06224972;UNKNOWN
2016-03-22T00:31:08.000000;2016-03-22T00:31:08.000000;675540bd-8510-48e6-977d-88f14e016602;411.15;0.07220129;UNKNOWN
2016-03-22T00:34:52.000000;2016-03-22T00:34:52.000000;b78f569e-b13e-495d-8fbc-c7d35f9a9e9c;411.15;0.46304453;UNKNOWN
2016-03-22T00:35:11.000000;2016-03-22T00:35:11.000000;01dcde00-d4d3-499f-a8d8-3ae9daf1557f;411.15;3.412458;UNKNOWN
2016-03-22T00:41:08.000000;2016-03-22T00:41:08.000000;abcb69d3-89a0-4df4-884a-3f5806f906a0;411.05;0.12040359;UNKNOWN
2016-03-22T00:41:50.000000;2016-03-22T00:41:50.000000;e67d66c6-1400-4070-867a-5b673e9f7dc8;411.05;0.020398;UNKNOWN
2016-03-22T00:43:27.000000;2016-03-22T00:43:27.000000;75c92386-d76e-479c-9b84-3b1da906b031;411.05;0.01731;UNKNOWN
2016-03-22T00:43:32.000000;2016-03-22T00:43:32.000000;a4ee7191-8cb4-4869-b712-a1c24d3b469b;411.05;0.01852;UNKNOWN
2016-03-22T00:44:12.000000;2016-03-22T00:44:12.000000;76fb200d-864a-4b96-af37-53ee072bab9a;411.05;0.07215042;UNKNOWN
2016-03-22T00:44:35.000000;2016-03-22T00:44:35.000000;5610cbbf-f759-49aa-817c-1f726d5ecaa8;411.05;0.48170717;UNKNOWN
2016-03-22T00:45:06.000000;2016-03-22T00:45:06.000000;27eb5c17-b134-4620-844c-8a4293de7cad;410.62;0.00458918;UNKNOWN
2016-03-22T00:45:06.000000;2016-03-22T00:45:06.000000;f5fcaf81-42ea-4143-85b2-412792690ffd;411.05;0.01951082;UNKNOWN
2016-03-22T00:46:46.000000;2016-03-22T00:46:46.000000;673082fe-678a-4e19-9994-3cf73cc94500;410.62;0.010996;UNKNOWN
2016-03-22T00:46:54.000000;2016-03-22T00:46:54.000000;919f9afd-e1cc-4c06-820c-c47bf9ec3814;410.63;0.198;UNKNOWN
2016-03-22T00:48:30.000000;2016-03-22T00:48:30.000000;7662b97a-de27-4744-9a9f-e15bb996840a;410.62;0.015655;UNKNOWN
2016-03-22T00:50:45.000000;2016-03-22T00:50:45.000000;df46f60b-8610-4c67-8916-fcff59c225a2;410.63;2.0;UNKNOWN
2016-03-22T00:52:28.000000;2016-03-22T00:52:28.000000;cc8eb20a-7fee-4e0b-b3d4-290662907fee;410.72;0.10469383;UNKNOWN
2016-03-22T00:58:11.000000;2016-03-22T00:58:11.000000;25c47874-237e-4008-8966-fc841787f39b;410.79;0.03613151;UNKNOWN
2016-03-22T00:58:11.000000;2016-03-22T00:58:11.000000;8579c07e-0658-4a80-889e-6f572c76ffba;410.79;0.06021919;UNKNOWN
2016-03-22T00:58:44.000000;2016-03-22T00:58:44.000000;c71f2118-9212-487a-ad39-7ae0ded1cc15;410.82;0.27964802;UNKNOWN
2016-03-22T00:58:51.000000;2016-03-22T00:58:51.000000;89aa5fac-39ad-43e4-a79f-8c6871085d7c;410.79;0.17320938;UNKNOWN
2016-03-22T00:58:52.000000;2016-03-22T00:58:52.000000;b16845aa-48e1-43e6-ba3f-576f1dfcff5e;410.82;0.78110769;UNKNOWN
2016-03-22T00:59:49.000000;2016-03-22T00:59:49.000000;8fbf5f4a-f2c6-4a09-9d8c-fb5a220fa0c2;410.82;0.16718375;UNKNOWN
2016-03-22T00:59:53.000000;2016-03-22T00:59:53.000000;9af92bbb-8ad8-4829-bd99-8137c078e1a4;410.82;0.16718375;UNKNOWN
2016-03-22T01:01:40.000000;2016-03-22T01:01:40.000000;6f321309-2cca-46d1-ba0e-b41c9d31ed9e;410.96;0.2366036;UNKNOWN
2016-03-22T01:02:10.000000;2016-03-22T01:02:10.000000;658cf17b-0583-4d48-9045-2d831dc5ebcb;411.2;0.00015853;UNKNOWN
2016-03-22T01:02:10.000000;2016-03-22T01:02:10.000000;bca36def-24e6-4279-9fa3-8a09bc462202;411.19;0.044902;UNKNOWN
2016-03-22T01:02:24.000000;2016-03-22T01:02:24.000000;66fb751a-73d1-4a12-a8c6-cdc13cf3db42;411.11;0.024095;UNKNOWN
2016-03-22T01:02:24.000000;2016-03-22T01:02:24.000000;3fb8b55f-49ce-4272-9592-61b090cd0fc7;411.2;0.06794404;UNKNOWN
2016-03-22T01:02:24.000000;2016-03-22T01:02:24.000000;b0583489-7533-4e48-81a4-6899a6a9dd4c;411.18;0.010177;UNKNOWN
2016-03-22T01:02:34.000000;2016-03-22T01:02:34.000000;f3c404b8-489c-474b-9f49-75bd29b8fbea;411.09;0.023051;UNKNOWN
2016-03-22T01:02:34.000000;2016-03-22T01:02:34.000000;19442856-ee44-449e-ac82-fe6c1ffd6ea1;411.2;0.00479337;UNKNOWN
2016-03-22T01:02:35.000000;2016-03-22T01:02:35.000000;efb0fc14-e699-4a14-a7ff-cfa849c0c9f5;411.2;0.02784437;UNKNOWN
2016-03-22T01:02:36.000000;2016-03-22T01:02:36.000000;1a123575-65a9-49e4-8c1d-72c245afdb3a;411.2;0.02784437;UNKNOWN
2016-03-22T01:05:10.000000;2016-03-22T01:05:10.000000;adee7136-8413-4b9e-98ca-b59c21e820cb;411.11;0.10033366;UNKNOWN
2016-03-22T01:05:14.000000;2016-03-22T01:05:14.000000;c973818c-281d-4d96-b669-5d35ba909fde;411.11;0.10083949;UNKNOWN
2016-03-22T01:05:18.000000;2016-03-22T01:05:18.000000;8d5e6a9e-2971-4788-b975-833c9b9dab94;411.11;0.10083949;UNKNOWN
2016-03-22T01:05:21.000000;2016-03-22T01:05:21.000000;ffc0b795-a2cf-4339-8d09-28997f086bd9;411.11;0.72152139;UNKNOWN
2016-03-22T01:05:24.000000;2016-03-22T01:05:24.000000;46cc2115-80b2-4864-bfaa-c503d5e59986;411.11;0.10083949;UNKNOWN
2016-03-22T01:05:34.000000;2016-03-22T01:05:34.000000;98536ea2-1e77-4503-99ff-17531d4f197b;411.11;0.10083949;UNKNOWN
2016-03-22T01:05:39.000000;2016-03-22T01:05:39.000000;e4630da3-f6de-4323-bfac-b88f57928f3e;411.11;0.10083949;UNKNOWN
2016-03-22T01:05:44.000000;2016-03-22T01:05:44.000000;fb850661-5b01-47bc-8890-f34cecfcc711;411.11;0.10083949;UNKNOWN
2016-03-22T01:05:48.000000;2016-03-22T01:05:48.000000;fbdaa295-35eb-4c22-8475-4eadfe712238;411.11;0.10083949;UNKNOWN
2016-03-22T01:06:12.000000;2016-03-22T01:06:12.000000;ac095268-bfcf-4b7a-864b-3e80a1dccb0d;411.11;0.10083949;UNKNOWN
2016-03-22T01:06:12.000000;2016-03-22T01:06:12.000000;751403eb-0e04-4d4e-bf4f-a2a568fe1f86;411.04;0.03327149;UNKNOWN
2016-03-22T01:06:57.000000;2016-03-22T01:06:57.000000;2e1e6beb-91ac-49c6-a4da-23fef16795d0;411.2;11.2475;UNKNOWN
2016-03-22T01:07:10.000000;2016-03-22T01:07:10.000000;6a01f0f1-d012-49eb-8e61-600c0d17301b;411.2;0.11295239;UNKNOWN
2016-03-22T01:07:24.000000;2016-03-22T01:07:24.000000;99a44f22-16e3-4d83-824c-04aa7e8d6542;411.2;22.89856293;UNKNOWN
2016-03-22T01:08:04.000000;2016-03-22T01:08:04.000000;1a82e18e-ed9f-49f9-b63f-450c65ce0ba7;411.49;3.0;UNKNOWN
2016-03-22T01:10:11.000000;2016-03-22T01:10:11.000000;b4a83334-f107-4533-bc72-9ee96844f56f;411.32;0.48662984;UNKNOWN
2016-03-22T01:10:35.000000;2016-03-22T01:10:35.000000;179706b4-4597-4e4f-9de7-dca60342f297;411.36;0.5;UNKNOWN
2016-03-22T01:10:35.000000;2016-03-22T01:10:35.000000;540a7956-59dd-4ab2-890e-4a2397c209d3;411.36;0.22921731;UNKNOWN
2016-03-22T01:10:46.000000;2016-03-22T01:10:46.000000;fb449c29-5bd3-4b5e-8683-64146f97567c;410.91;6.0286;UNKNOWN
2016-03-22T01:10:46.000000;2016-03-22T01:10:46.000000;1a0fe3de-a976-466e-942f-f0cc0931e071;410.9;0.065764;UNKNOWN
2016-03-22T01:10:46.000000;2016-03-22T01:10:46.000000;e0e7573e-2c7c-4d0c-b2a3-d8292b16c3b7;410.91;0.12387431;UNKNOWN
2016-03-22T01:10:46.000000;2016-03-22T01:10:46.000000;3b1d1e72-d3df-470e-9ec3-66aef8d85086;410.87;4.81142912;UNKNOWN
2016-03-22T01:10:46.000000;2016-03-22T01:10:46.000000;f1e4fa16-b18f-4b34-b787-38cc36d4437f;410.9;0.58;UNKNOWN
2016-03-22T01:11:15.000000;2016-03-22T01:11:15.000000;aef7e5f2-8440-4d9c-ac85-415555cf7953;410.9;0.01;UNKNOWN
2016-03-22T01:12:27.000000;2016-03-22T01:12:27.000000;81f2984f-5359-4248-9256-1a87c6ccc208;410.9;0.01;UNKNOWN
2016-03-22T01:12:54.000000;2016-03-22T01:12:54.000000;c8df08b0-a140-4c43-b394-cab7c0ebf51e;411.02;0.02;UNKNOWN
2016-03-22T01:13:53.000000;2016-03-22T01:13:53.000000;6759a9ad-6b9e-4142-8767-63638e2bf0eb;411.0;0.0901;UNKNOWN
2016-03-22T01:14:11.000000;2016-03-22T01:14:11.000000;a433debc-158c-4004-825b-3a6c21e5d947;410.91;1.7;UNKNOWN
2016-03-22T01:15:08.000000;2016-03-22T01:15:08.000000;ba0d0d3e-5bd9-4aac-96f5-f22d0bcfe967;410.9;0.2431;UNKNOWN
2016-03-22T01:16:29.000000;2016-03-22T01:16:29.000000;b2cebbd2-ba26-46f9-b937-6cf476eb9c3b;410.86;0.08047245;UNKNOWN
2016-03-22T01:19:37.000000;2016-03-22T01:19:37.000000;6b3e7330-585a-4427-ba01-3a0e83d63e30;410.9;0.30968456;UNKNOWN
2016-03-22T01:20:49.000000;2016-03-22T01:20:49.000000;846d9eff-c5e9-486a-a683-ecb495c10e62;410.89;2.48968456;UNKNOWN
2016-03-22T01:20:49.000000;2016-03-22T01:20:49.000000;225fa3f7-94da-4a2c-bb21-7b941884ea3f;410.9;0.19031544;UNKNOWN
2016-03-22T01:21:45.000000;2016-03-22T01:21:45.000000;8f893436-fb74-4f67-9822-f6b91d92e259;410.43;4.52;UNKNOWN
2016-03-22T01:21:45.000000;2016-03-22T01:21:45.000000;ce73f840-8475-429c-a328-6b2dbe3599a9;410.62;0.2;UNKNOWN
2016-03-22T01:21:45.000000;2016-03-22T01:21:45.000000;a4d86b70-f5d0-42de-a937-971dbe262be0;410.15;12.8981;UNKNOWN
2016-03-22T01:21:45.000000;2016-03-22T01:21:45.000000;a1299bf7-2804-4e94-8b0c-5bff32f3bfa1;410.0;1.0;UNKNOWN
2016-03-22T01:21:45.000000;2016-03-22T01:21:45.000000;d0f7fcd2-61a2-4a8a-aa1d-32990c73a4b0;410.0;5.0;UNKNOWN
2016-03-22T01:21:45.000000;2016-03-22T01:21:45.000000;3ee341f3-edc0-4efc-ae76-56da91a459c5;409.88;4.82511764;UNKNOWN
2016-03-22T01:21:45.000000;2016-03-22T01:21:45.000000;68419e6d-3974-4290-87c1-a3b025b870bc;409.89;0.1;UNKNOWN
2016-03-22T01:21:45.000000;2016-03-22T01:21:45.000000;216cd901-12da-4a41-85d9-180d6f707257;409.91;4.74952208;UNKNOWN
2016-03-22T01:21:45.000000;2016-03-22T01:21:45.000000;d787d883-7798-4637-9145-6d593f995ffe;409.96;4.74952208;UNKNOWN
2016-03-22T01:21:45.000000;2016-03-22T01:21:45.000000;9c7feb07-ba10-458a-9286-30c7934afd4e;410.61;8.0;UNKNOWN
2016-03-22T01:21:45.000000;2016-03-22T01:21:45.000000;814040aa-b569-4eb4-a7f4-7be855b9a88e;410.43;12.9206;UNKNOWN
2016-03-22T01:21:45.000000;2016-03-22T01:21:45.000000;3487bedd-6e77-42e1-8339-e6b493411398;410.57;12.1564;UNKNOWN
2016-03-22T01:21:45.000000;2016-03-22T01:21:45.000000;3457c92f-d188-4864-847f-c45a8817f198;410.42;13.7975;UNKNOWN
2016-03-22T01:21:45.000000;2016-03-22T01:21:45.000000;40f47b09-5f8e-46e8-b81a-c415f00ff142;410.72;6.0465;UNKNOWN
2016-03-22T01:21:45.000000;2016-03-22T01:21:45.000000;3cd5592f-27d2-4414-87e2-390e1f028069;410.34;16.17;UNKNOWN
2016-03-22T01:21:45.000000;2016-03-22T01:21:45.000000;b6d69d47-6228-402e-ae71-6a0c112e6aef;410.0;0.25;UNKNOWN
2016-03-22T01:21:45.000000;2016-03-22T01:21:45.000000;58ce6922-4795-4874-b271-5f53c3b593ff;410.06;9.6895;UNKNOWN
2016-03-22T01:21:45.000000;2016-03-22T01:21:45.000000;dd2a6d2c-4743-424f-a764-d8eb806d2c5d;410.32;13.3407;UNKNOWN
2016-03-22T01:21:45.000000;2016-03-22T01:21:45.000000;3978bcc0-850d-4851-a171-055ddada35c8;410.04;4.74952208;UNKNOWN
2016-03-22T01:21:45.000000;2016-03-22T01:21:45.000000;801ef337-881b-4038-ab0f-848e20ca768e;410.06;4.6;UNKNOWN
2016-03-22T01:21:45.000000;2016-03-22T01:21:45.000000;484c88e0-83e9-41af-8133-bbf5e8c47393;410.07;0.2;UNKNOWN
2016-03-22T01:21:45.000000;2016-03-22T01:21:45.000000;3b428c27-ebff-4fc3-bac7-ec1ccf17db56;410.07;0.2;UNKNOWN
2016-03-22T01:21:45.000000;2016-03-22T01:21:45.000000;9c7ac915-9398-4e61-8236-422ea35277c9;410.05;10.0;UNKNOWN
2016-03-22T01:21:45.000000;2016-03-22T01:21:45.000000;c4fde5e0-8e1c-4685-8e19-0f0137f1c807;410.07;0.2;UNKNOWN
2016-03-22T01:21:45.000000;2016-03-22T01:21:45.000000;1238af9c-4f16-4081-84b4-08c749cdb8e7;410.02;12.9862;UNKNOWN
2016-03-22T01:21:45.000000;2016-03-22T01:21:45.000000;2eb33efa-3d2b-40de-9b7f-3a752fe13806;410.19;0.2;UNKNOWN
2016-03-22T01:21:45.000000;2016-03-22T01:21:45.000000;0272a844-17e6-4be5-9a06-38b9b2c83acf;410.05;10.0;UNKNOWN
2016-03-22T01:22:13.000000;2016-03-22T01:22:13.000000;14a7cb1f-d7f7-47fc-b4f1-77a5a0fba50d;410.58;0.2;UNKNOWN
2016-03-22T01:23:44.000000;2016-03-22T01:23:44.000000;5288b3e8-291b-4974-b8bc-180f03134884;410.34;0.2;UNKNOWN
2016-03-22T01:24:06.000000;2016-03-22T01:24:06.000000;8d1bb705-f0da-48b3-ac53-f6e22a4cfcf1;410.33;0.04812782;UNKNOWN
2016-03-22T01:25:11.000000;2016-03-22T01:25:11.000000;fb390106-fade-4972-8676-98d47c951031;410.34;1.669;UNKNOWN
2016-03-22T01:26:11.000000;2016-03-22T01:26:11.000000;c7df4135-f38b-4a11-8439-256914a0c1f0;410.51;0.15058703;UNKNOWN
2016-03-22T01:26:48.000000;2016-03-22T01:26:48.000000;6e24bafb-e99c-40b0-980e-d44dffafb63f;410.62;0.01600185;UNKNOWN
2016-03-22T01:26:52.000000;2016-03-22T01:26:52.000000;79e8deba-535a-4bba-8519-c421c62580a5;410.59;1.94170848;UNKNOWN
2016-03-22T01:26:52.000000;2016-03-22T01:26:52.000000;4ab78e0e-2a29-4969-8294-7f1c24ca7556;410.59;0.5;UNKNOWN
2016-03-22T01:29:16.000000;2016-03-22T01:29:16.000000;b211997e-bc02-4c9d-95cd-a3869d027cf7;410.51;0.02440875;UNKNOWN
2016-03-22T01:30:11.000000;2016-03-22T01:30:11.000000;4d830f8c-373c-4c39-b2b0-b486a65c0162;410.51;0.04817651;UNKNOWN
2016-03-22T01:30:38.000000;2016-03-22T01:30:38.000000;1b35d3a5-b6f8-40c5-abe8-3941ba1a5dbf;410.36;0.1034;UNKNOWN
2016-03-22T01:32:20.000000;2016-03-22T01:32:20.000000;53d95e19-8167-4f5d-8b57-a7994fbce268;410.5;0.02861961;UNKNOWN
2016-03-22T01:34:11.000000;2016-03-22T01:34:11.000000;575c7442-5d14-4a12-b88a-a550340ae58b;410.46;0.12041519;UNKNOWN
2016-03-22T01:34:28.000000;2016-03-22T01:34:28.000000;9b8fe462-cb71-438e-84b1-a6963a7f5cbe;410.58;0.1;UNKNOWN
2016-03-22T01:35:15.000000;2016-03-22T01:35:15.000000;903829ba-ac54-4b04-9a00-0245da105ebe;410.58;0.2137;UNKNOWN
2016-03-22T01:37:24.000000;2016-03-22T01:37:24.000000;a7773462-4391-4bef-86b2-3ce980f49f1e;410.5;0.28539;UNKNOWN
2016-03-22T01:37:24.000000;2016-03-22T01:37:24.000000;78e17be6-16d6-47ec-b32a-78a540ad7e2b;410.5;3.0;UNKNOWN
2016-03-22T01:37:24.000000;2016-03-22T01:37:24.000000;91c86735-a326-48e5-923d-a30fae53e20b;410.51;0.5;UNKNOWN
2016-03-22T01:38:52.000000;2016-03-22T01:38:52.000000;e73d76f0-1296-49b4-94f1-c0a59dac6eeb;410.68;0.29279811;UNKNOWN
2016-03-22T01:40:33.000000;2016-03-22T01:40:33.000000;28549c77-12a9-432d-a9b6-62248c75872f;411.26;0.1;UNKNOWN
2016-03-22T01:42:50.000000;2016-03-22T01:42:50.000000;b4df7012-923d-4729-9b93-7428943143a8;411.25;6.0;UNKNOWN
2016-03-22T01:42:50.000000;2016-03-22T01:42:50.000000;30c8a1e7-26f5-478d-bd34-70ce6deaf5b4;411.25;0.5;UNKNOWN
2016-03-22T01:42:50.000000;2016-03-22T01:42:50.000000;a05b8830-c2ab-41e6-b47d-3056a98de90d;411.25;3.0;UNKNOWN
2016-03-22T01:42:50.000000;2016-03-22T01:42:50.000000;0ddb1bba-2045-4bfa-bd9c-dd006fea377e;411.25;3.02849113;UNKNOWN
2016-03-22T01:44:11.000000;2016-03-22T01:44:11.000000;d0b399b3-1b33-491b-a9de-5df59aec13d1;411.08;0.03858396;UNKNOWN
2016-03-22T01:45:08.000000;2016-03-22T01:45:08.000000;212b5c7c-f256-457f-a482-647911e7ccce;411.08;0.06027582;UNKNOWN
2016-03-22T01:47:24.000000;2016-03-22T01:47:24.000000;f8a95e5f-5710-49cf-871e-7698ded14f0a;411.08;0.23643669;UNKNOWN
2016-03-22T01:49:08.000000;2016-03-22T01:49:08.000000;1eb9bb51-30ab-478d-8337-c0ab98adc318;411.1;0.01779343;UNKNOWN
2016-03-22T01:49:08.000000;2016-03-22T01:49:08.000000;77cb094b-e6d9-4e24-9048-15a7f769137e;411.09;0.22578657;UNKNOWN
2016-03-22T01:49:08.000000;2016-03-22T01:49:08.000000;084ba82b-cc1d-43ce-9b7d-69e9733656ad;411.1;0.48220657;UNKNOWN
2016-03-22T01:53:34.000000;2016-03-22T01:53:34.000000;ee83d396-b9b7-427c-a46c-19fc78c23584;411.28;0.10231988;UNKNOWN
2016-03-22T01:53:48.000000;2016-03-22T01:53:48.000000;8b056a5f-e338-48f8-ab23-d90d3246c1bb;411.28;0.17058292;UNKNOWN
2016-03-22T01:54:11.000000;2016-03-22T01:54:11.000000;7e2b392c-7767-426c-afa5-c18cb6ed5b87;411.28;0.081;UNKNOWN
2016-03-22T01:54:19.000000;2016-03-22T01:54:19.000000;82834983-aff2-4b74-b1a3-22013d3076dc;411.39;2.4305;UNKNOWN
2016-03-22T01:58:23.000000;2016-03-22T01:58:23.000000;a5ffe904-47ff-466c-928c-a0a9a24f6707;411.33;5.992;UNKNOWN
2016-03-22T01:58:23.000000;2016-03-22T01:58:23.000000;0cb5246e-9195-451d-ae88-062d428b8f17;411.19;4.008;UNKNOWN
2016-03-22T01:59:35.000000;2016-03-22T01:59:35.000000;3789435f-034d-4bbe-9a71-24875eb39c49;411.17;0.05360096;UNKNOWN
2016-03-22T02:00:27.000000;2016-03-22T02:00:27.000000;92a9cbcc-d860-4c91-817c-b40dddd11c36;411.48;2.25;UNKNOWN
2016-03-22T02:01:08.000000;2016-03-22T02:01:08.000000;58df2a1b-75d1-48fd-8067-8b34367c1a98;411.39;0.08427236;UNKNOWN
2016-03-22T02:01:42.000000;2016-03-22T02:01:42.000000;49e544b5-c725-4699-bca7-c2aff4bc8cef;411.4;0.4;UNKNOWN
2016-03-22T02:03:37.000000;2016-03-22T02:03:37.000000;84eab5b2-8e51-46bb-9c4d-37aab16dccf1;411.48;0.67790702;UNKNOWN
2016-03-22T02:03:37.000000;2016-03-22T02:03:37.000000;21cac757-7e33-454f-9a00-8b9859ab7d1f;411.49;1.87209298;UNKNOWN
2016-03-22T02:05:23.000000;2016-03-22T02:05:23.000000;86c604e5-4ff4-4291-a7ab-25707144d4b7;411.49;0.1799;UNKNOWN
2016-03-22T02:05:43.000000;2016-03-22T02:05:43.000000;9638b8f8-7332-46bf-b165-8652d806c176;411.49;1.95;UNKNOWN
2016-03-22T02:06:07.000000;2016-03-22T02:06:07.000000;551e14f4-4f26-4444-a11d-ad148417cd2b;411.49;6.0;UNKNOWN
2016-03-22T02:06:50.000000;2016-03-22T02:06:50.000000;20c32d30-f243-4d99-8537-b2fc65e5dcd9;411.49;0.01;UNKNOWN
2016-03-22T02:07:10.000000;2016-03-22T02:07:10.000000;9f90fa2d-ca6f-4531-a816-c413a02a6a79;411.49;0.9934;UNKNOWN
2016-03-22T02:07:19.000000;2016-03-22T02:07:19.000000;c33ded50-a6b3-481c-ac6a-8f7f4d4bed19;411.49;0.4757;UNKNOWN
2016-03-22T02:08:04.000000;2016-03-22T02:08:04.000000;41c507eb-d0f5-4a5f-8e7d-0edc5c6896a4;411.46;0.04894921;UNKNOWN
2016-03-22T02:08:11.000000;2016-03-22T02:08:11.000000;a9171f00-a8dc-42b8-be46-5e9d760d1c86;411.46;0.03669111;UNKNOWN
2016-03-22T02:08:15.000000;2016-03-22T02:08:15.000000;f421f747-fb06-4c2e-8a41-431c16c29f8a;411.48;0.04382993;UNKNOWN
2016-03-22T02:08:18.000000;2016-03-22T02:08:18.000000;e6dde10d-3501-48f0-9210-c931e77cb059;411.48;0.25617007;UNKNOWN
2016-03-22T02:08:18.000000;2016-03-22T02:08:18.000000;dfffa90f-77ea-479c-8991-a80276ea259d;411.48;0.61264753;UNKNOWN
2016-03-22T02:09:06.000000;2016-03-22T02:09:06.000000;76d7d1bf-f1b9-4cf4-b102-3dc5f4d73612;411.48;0.6;UNKNOWN
2016-03-22T02:09:36.000000;2016-03-22T02:09:36.000000;94c8ac18-8c0d-4eb9-95f3-97fe8600f2d3;411.73;0.34;UNKNOWN
2016-03-22T02:09:36.000000;2016-03-22T02:09:36.000000;de671010-be8f-46f7-9b58-cea2d17092e5;411.9;0.39109298;UNKNOWN
2016-03-22T02:09:36.000000;2016-03-22T02:09:36.000000;09b0343f-91f2-4095-92b0-e51e5e7d482d;411.49;0.51890702;UNKNOWN
2016-03-22T02:09:40.000000;2016-03-22T02:09:40.000000;5fd441da-e43f-4ba0-9421-0c9eb511ea19;411.59;0.01290531;UNKNOWN
2016-03-22T02:11:34.000000;2016-03-22T02:11:34.000000;6c1b25fa-4667-4069-ae30-808a5c5b98d3;411.89;0.95;UNKNOWN
2016-03-22T02:11:35.000000;2016-03-22T02:11:35.000000;0b91fec3-f64a-48ce-93fe-8b3a95b2d34d;411.73;0.66315263;UNKNOWN
2016-03-22T02:12:46.000000;2016-03-22T02:12:46.000000;5aac0257-258a-4100-98b4-c0bc29fa4b78;411.89;0.77906504;UNKNOWN
2016-03-22T02:13:05.000000;2016-03-22T02:13:05.000000;ba46b74e-bcff-453a-bf04-ff63df0e0960;411.89;0.1057;UNKNOWN
2016-03-22T02:13:27.000000;2016-03-22T02:13:27.000000;0d2f7272-4fb5-4397-bed3-64b99efee103;411.75;0.1239;UNKNOWN
2016-03-22T02:14:10.000000;2016-03-22T02:14:10.000000;a46f4ce7-a0a4-4e6a-82a0-61681242f12d;411.89;0.80182188;UNKNOWN
2016-03-22T02:14:10.000000;2016-03-22T02:14:10.000000;f71d8a14-a105-46c0-94d9-f7bca0a49d83;411.89;0.01364158;UNKNOWN
2016-03-22T02:14:10.000000;2016-03-22T02:14:10.000000;eeb120f7-9b76-4f98-b72d-176ad93543ee;411.89;0.10458547;UNKNOWN
2016-03-22T02:14:11.000000;2016-03-22T02:14:11.000000;9c479a31-285a-47a8-a928-345e54bff251;411.89;0.46952976;UNKNOWN
2016-03-22T02:14:15.000000;2016-03-22T02:14:15.000000;cf0fcbb4-7340-43c8-aa02-44956bf9c860;411.89;0.08757728;UNKNOWN
2016-03-22T02:14:15.000000;2016-03-22T02:14:15.000000;b333d985-d53e-4dcc-bc6b-78a6b42b5ac6;411.89;0.01142311;UNKNOWN
2016-03-22T02:15:00.000000;2016-03-22T02:15:00.000000;b3867dc7-db3b-4705-9a0e-63d1eef41f38;411.89;13.04665588;UNKNOWN
2016-03-22T02:15:00.000000;2016-03-22T02:15:00.000000;59f6cf61-481d-4693-9c07-d660f170e3c9;411.9;12.69124412;UNKNOWN
2016-03-22T02:15:25.000000;2016-03-22T02:15:25.000000;300e4fea-e338-4d90-bbc0-e8cec0519b0d;411.9;1.9176629;UNKNOWN
2016-03-22T02:15:50.000000;2016-03-22T02:15:50.000000;3577bd5c-8579-48f4-8ccb-324fd934326b;411.93;25.0;UNKNOWN
2016-03-22T02:15:50.000000;2016-03-22T02:15:50.000000;40edb745-035c-432a-825a-1dd2770dbf00;411.98;1.2327;UNKNOWN
2016-03-22T02:15:50.000000;2016-03-22T02:15:50.000000;61aff5d1-7360-4009-a7d9-e7744f1deec6;411.97;0.25;UNKNOWN
2016-03-22T02:16:05.000000;2016-03-22T02:16:05.000000;5aa7785c-aa5b-4d0a-9ae3-b1ea3940f8ed;411.95;0.1;UNKNOWN
2016-03-22T02:16:09.000000;2016-03-22T02:16:09.000000;7b950903-3ca7-4ce2-bf42-47d52cd5d20e;411.98;27.7029;UNKNOWN
2016-03-22T02:16:12.000000;2016-03-22T02:16:12.000000;95005156-50b9-40c4-88a7-02edc5541e0d;411.98;0.0644;UNKNOWN
2016-03-22T02:16:19.000000;2016-03-22T02:16:19.000000;cc6f7b80-a584-467d-ab82-8d787adf75e7;412.0;12.55167954;UNKNOWN
2016-03-22T02:16:19.000000;2016-03-22T02:16:19.000000;d7a32701-b23b-4615-adff-9ca6bff32a52;412.0;0.12;UNKNOWN
2016-03-22T02:16:19.000000;2016-03-22T02:16:19.000000;cb7174a8-792d-49a3-93a1-8fa4e72c6a89;412.0;2.046e-05;UNKNOWN
2016-03-22T02:16:20.000000;2016-03-22T02:16:20.000000;a0645605-e1a6-4f87-96a4-83c5f3fa125e;411.99;0.12164671;UNKNOWN
2016-03-22T02:16:21.000000;2016-03-22T02:16:21.000000;7b7768f6-cc46-49db-947d-860bbd82ece9;412.0;0.24987954;UNKNOWN
2016-03-22T02:16:41.000000;2016-03-22T02:16:41.000000;ab0bf95c-8d13-4ee4-b360-2d674e2f608d;412.28;0.03227244;UNKNOWN
2016-03-22T02:16:44.000000;2016-03-22T02:16:44.000000;ff2316f2-8c75-4265-8c52-a70822b5d230;412.28;0.01352866;UNKNOWN
2016-03-22T02:16:48.000000;2016-03-22T02:16:48.000000;e3b513cb-11fe-4f8f-b542-a4b201e90437;412.3;0.2;UNKNOWN
2016-03-22T02:16:54.000000;2016-03-22T02:16:54.000000;a1070499-9e85-44fc-bf3c-1fc49e394bb4;412.32;0.02420276;UNKNOWN
2016-03-22T02:17:04.000000;2016-03-22T02:17:04.000000;304bde1a-747b-4b41-b286-96af436acb1d;412.41;0.01814772;UNKNOWN
2016-03-22T02:17:08.000000;2016-03-22T02:17:08.000000;80a465d9-fc9c-4da2-98b6-638f3266006d;412.42;0.05765033;UNKNOWN
2016-03-22T02:17:11.000000;2016-03-22T02:17:11.000000;59df8ec8-8661-41a2-b4cb-55ac113aba2b;412.44;0.01157057;UNKNOWN
2016-03-22T02:17:18.000000;2016-03-22T02:17:18.000000;f999ea0b-ec09-48eb-a389-86f06e83bf4f;412.45;0.04323479;UNKNOWN
2016-03-22T02:17:21.000000;2016-03-22T02:17:21.000000;f0efd745-3558-4f2b-8e69-9eafa3fe59e3;412.45;0.0324261;UNKNOWN
2016-03-22T02:17:30.000000;2016-03-22T02:17:30.000000;01eedb15-f3d0-4a2e-9d9f-398ceb7d1841;412.46;0.0243197;UNKNOWN
2016-03-22T02:17:33.000000;2016-03-22T02:17:33.000000;10f74b40-29fe-4016-b68d-895fec77c62e;412.46;0.0182394;UNKNOWN
2016-03-22T02:17:41.000000;2016-03-22T02:17:41.000000;3de63180-75d1-4284-ae97-d24dc80046ec;412.46;0.01367968;UNKNOWN
2016-03-22T02:17:44.000000;2016-03-22T02:17:44.000000;e8b2b168-cbb7-41fe-8bf4-ec30446b733c;412.89;12.0;UNKNOWN
2016-03-22T02:17:44.000000;2016-03-22T02:17:44.000000;c2d5d68e-db0f-4036-9324-253ee39b5a98;412.58;4.73518479;UNKNOWN
2016-03-22T02:17:44.000000;2016-03-22T02:17:44.000000;c980b0e3-6354-4710-b685-fb792158aa8d;412.62;0.01;UNKNOWN
2016-03-22T02:17:44.000000;2016-03-22T02:17:44.000000;734b5f2d-69d1-46d1-887c-32215dccf861;412.75;0.24767126;UNKNOWN
2016-03-22T02:17:44.000000;2016-03-22T02:17:44.000000;a14c1885-bb0c-49ed-8d93-85b62405433b;412.91;0.02;UNKNOWN
2016-03-22T02:17:44.000000;2016-03-22T02:17:44.000000;aff07305-e4fb-4ba0-8b23-7144369dfc2f;412.94;0.5;UNKNOWN
2016-03-22T02:17:44.000000;2016-03-22T02:17:44.000000;1b7ca693-d405-45fa-8df0-53e890296c5e;412.88;15.9569;UNKNOWN
2016-03-22T02:17:44.000000;2016-03-22T02:17:44.000000;a07e014a-b314-42ac-8981-a32aec008717;412.76;4.73518479;UNKNOWN
2016-03-22T02:17:44.000000;2016-03-22T02:17:44.000000;9e1e06fa-4bbd-4c1d-984d-360c30b1cd34;412.81;0.1;UNKNOWN
2016-03-22T02:17:44.000000;2016-03-22T02:17:44.000000;c7777ee3-d1a5-4a2f-ac1c-208549d8930e;412.5;0.072;UNKNOWN
2016-03-22T02:17:44.000000;2016-03-22T02:17:44.000000;92089cf1-d626-4215-944b-c296dc51329b;412.46;0.01391595;UNKNOWN
2016-03-22T02:17:44.000000;2016-03-22T02:17:44.000000;66846bc9-00e7-4d58-b82a-fb395a24ed0f;412.91;0.5;UNKNOWN
2016-03-22T02:17:44.000000;2016-03-22T02:17:44.000000;f5130d8b-7765-418e-aae5-04beccafe27c;412.5;6.9;UNKNOWN
2016-03-22T02:17:44.000000;2016-03-22T02:17:44.000000;6b693263-7bfe-4b49-8f89-729bf8fb72ec;412.57;0.058381;UNKNOWN
2016-03-22T02:17:44.000000;2016-03-22T02:17:44.000000;ddc70922-2871-4a0e-9306-5c894c762859;412.5;0.05;UNKNOWN
2016-03-22T02:17:44.000000;2016-03-22T02:17:44.000000;0d805ff3-a974-493b-aba3-231a1c28a00d;412.97;2.94467816;UNKNOWN
2016-03-22T02:17:44.000000;2016-03-22T02:17:44.000000;074f1c29-2bec-43a2-822e-5f5dda2a8545;412.5;1.0;UNKNOWN
2016-03-22T02:17:44.000000;2016-03-22T02:17:44.000000;dd402045-fd96-4d46-9413-729afc7553bb;412.95;0.05;UNKNOWN
2016-03-22T02:17:44.000000;2016-03-22T02:17:44.000000;6255d973-0104-45a4-8d03-71846ad32962;412.5;0.02;UNKNOWN
2016-03-22T02:17:44.000000;2016-03-22T02:17:44.000000;18bc4bb5-942b-4a07-a74a-a00ecdf60f7b;412.5;0.1;UNKNOWN
2016-03-22T02:17:50.000000;2016-03-22T02:17:50.000000;8802e0d8-ca31-4c88-9507-3f3e6abe1f36;412.54;0.030699;UNKNOWN
2016-03-22T02:17:51.000000;2016-03-22T02:17:51.000000;0d25b411-77c3-462f-a09e-2882a2e11387;412.55;0.01078486;UNKNOWN
2016-03-22T02:17:52.000000;2016-03-22T02:17:52.000000;89262bb0-89c6-48fe-9fe1-e2c3dd024daa;412.67;0.55006192;UNKNOWN
2016-03-22T02:17:53.000000;2016-03-22T02:17:53.000000;9eddda9b-345e-424d-9640-8761a921ffdc;412.69;0.145446;UNKNOWN
2016-03-22T02:17:57.000000;2016-03-22T02:17:57.000000;6af22747-00fb-480a-8c23-5ce9f30ea1b8;412.82;0.138145;UNKNOWN
2016-03-22T02:18:02.000000;2016-03-22T02:18:02.000000;bac558cb-0c21-40ce-816b-7de37edac744;412.83;0.01860999;UNKNOWN
2016-03-22T02:18:03.000000;2016-03-22T02:18:03.000000;206bf07f-0f30-48eb-9b13-657090b916e2;412.82;0.01;UNKNOWN
2016-03-22T02:18:06.000000;2016-03-22T02:18:06.000000;7e895e02-1f0b-4431-a2e0-89052ee2800e;412.83;0.01594781;UNKNOWN
2016-03-22T02:18:09.000000;2016-03-22T02:18:09.000000;5ad1e4ae-9193-48e0-91bb-97e4c96a0666;412.82;0.092511;UNKNOWN
2016-03-22T02:18:16.000000;2016-03-22T02:18:16.000000;f8ef3bb6-0828-4760-800e-0f061b779d2d;412.97;5.88;UNKNOWN
2016-03-22T02:18:39.000000;2016-03-22T02:18:39.000000;9a2dbad4-e7fa-4559-927f-2009f33289f4;412.89;0.01;UNKNOWN
2016-03-22T02:18:39.000000;2016-03-22T02:18:39.000000;61493d48-7c0a-4bda-af99-51988b1761e6;412.99;1.0;UNKNOWN
2016-03-22T02:18:39.000000;2016-03-22T02:18:39.000000;fa87ec11-6228-4560-9d36-5910123df468;413.0;0.1;UNKNOWN
2016-03-22T02:18:39.000000;2016-03-22T02:18:39.000000;8c01075e-e1a5-4f78-adc7-ebdc121caf17;413.0;8.71467816;UNKNOWN
2016-03-22T02:18:39.000000;2016-03-22T02:18:39.000000;23820c8a-0d16-4ab4-a37a-f00959b8eed6;412.97;15.17532184;UNKNOWN
2016-03-22T02:18:43.000000;2016-03-22T02:18:43.000000;34cf456f-8e18-45ad-88f3-0110942670b9;413.0;0.2;UNKNOWN
2016-03-22T02:18:44.000000;2016-03-22T02:18:44.000000;d9276a5b-ac95-4a4d-a5d6-df52aa8027b3;413.0;6.82683609;UNKNOWN
2016-03-22T02:19:03.000000;2016-03-22T02:19:03.000000;b2ef755e-98cd-4f06-abaa-a5374d0711c1;412.87;0.01;UNKNOWN
2016-03-22T02:19:04.000000;2016-03-22T02:19:04.000000;043b0847-2d45-40be-be98-e9834f556889;412.87;0.01;UNKNOWN
2016-03-22T02:19:48.000000;2016-03-22T02:19:48.000000;bf95cf51-bfda-4552-91fe-a93b46c2ffac;412.83;0.05825181;UNKNOWN
2016-03-22T02:19:55.000000;2016-03-22T02:19:55.000000;9fd3e20a-1260-4b8b-b8be-f776178ef624;412.99;0.01216893;UNKNOWN
2016-03-22T02:19:56.000000;2016-03-22T02:19:56.000000;4bbd1cdb-aad2-4bab-bc00-5b00d9ee882e;412.99;0.065345;UNKNOWN
2016-03-22T02:19:58.000000;2016-03-22T02:19:58.000000;2cad0824-ca73-43b9-a370-10ec71726d6e;412.99;0.08323198;UNKNOWN
2016-03-22T02:20:58.000000;2016-03-22T02:20:58.000000;1af20a3c-90ef-44c4-82fe-0ca0cb1b4b08;412.84;0.14;UNKNOWN
2016-03-22T02:21:48.000000;2016-03-22T02:21:48.000000;9284ddaf-8907-4eb3-a668-af67b0198cf1;412.84;0.72813006;UNKNOWN
2016-03-22T02:22:04.000000;2016-03-22T02:22:04.000000;0ca0b189-1832-43a7-ac9c-f58dd7be312b;412.84;0.2;UNKNOWN
2016-03-22T02:22:49.000000;2016-03-22T02:22:49.000000;a088a85b-ccba-4e0e-82f6-8f173c0103db;413.0;0.25;UNKNOWN
2016-03-22T02:22:57.000000;2016-03-22T02:22:57.000000;d4716188-9037-4d46-b0cb-dce3191d5df0;412.85;0.03539;UNKNOWN
2016-03-22T02:24:32.000000;2016-03-22T02:24:32.000000;d47ddffd-92e7-48ed-92bf-158bda651697;412.88;0.020382;UNKNOWN
2016-03-22T02:24:42.000000;2016-03-22T02:24:42.000000;04d6b496-35e4-4a2d-9adb-cc4bdefab353;412.91;0.062698;UNKNOWN
2016-03-22T02:25:15.000000;2016-03-22T02:25:15.000000;dbee04b0-86b6-4900-9b6f-9557bde8e017;413.0;1.0;UNKNOWN
2016-03-22T02:25:15.000000;2016-03-22T02:25:15.000000;47789816-a086-4f54-873d-6dc81dffa14b;413.0;0.01;UNKNOWN
2016-03-22T02:25:15.000000;2016-03-22T02:25:15.000000;277f3016-2403-4ab6-a55a-aab1eb821550;413.0;0.9;UNKNOWN
2016-03-22T02:25:15.000000;2016-03-22T02:25:15.000000;95d3a5d8-fb37-4bc3-a7dc-e80e7bf8faca;413.0;0.1;UNKNOWN
2016-03-22T02:25:15.000000;2016-03-22T02:25:15.000000;6f9ed998-3b6a-444b-a68c-95b2b8f2eb9a;413.0;0.01001919;UNKNOWN
2016-03-22T02:25:15.000000;2016-03-22T02:25:15.000000;8bd123e1-2f99-4328-8d89-d4f3eb45e101;413.0;0.05;UNKNOWN
2016-03-22T02:25:29.000000;2016-03-22T02:25:29.000000;5f1045dd-ff20-4200-8a7e-ba731978f0dc;413.0;0.056655;UNKNOWN
2016-03-22T02:26:07.000000;2016-03-22T02:26:07.000000;b7f2356e-8b1b-4191-b027-8aa1a2ae186d;413.08;0.1;UNKNOWN
2016-03-22T02:26:30.000000;2016-03-22T02:26:30.000000;c3d936c5-50c5-42a6-928f-dffb9d6de354;413.08;0.1;UNKNOWN
2016-03-22T02:27:03.000000;2016-03-22T02:27:03.000000;18d19b9e-2291-4604-aa6b-359aa925f2aa;413.07;0.01;UNKNOWN
2016-03-22T02:27:03.000000;2016-03-22T02:27:03.000000;a8f4c9d4-41c5-42b0-a04b-27dd4478c510;413.07;0.01;UNKNOWN
2016-03-22T02:27:07.000000;2016-03-22T02:27:07.000000;e896ec1b-82d3-4769-b5f9-87fb49197fac;413.08;0.1;UNKNOWN
2016-03-22T02:27:09.000000;2016-03-22T02:27:09.000000;fb64d928-d6f9-4307-95bc-9832093fadf8;413.07;0.06326187;UNKNOWN
2016-03-22T02:27:21.000000;2016-03-22T02:27:21.000000;4bbc93cc-b0d7-4e70-a6ba-9c12611e0f17;413.08;4.7;UNKNOWN
2016-03-22T02:27:21.000000;2016-03-22T02:27:21.000000;2bd498be-ce79-4207-aa76-4ecfb8b0952e;413.08;0.01;UNKNOWN
2016-03-22T02:27:27.000000;2016-03-22T02:27:27.000000;82d92659-9515-442e-8d4c-91853558171f;413.2;1.0;UNKNOWN
2016-03-22T02:27:27.000000;2016-03-22T02:27:27.000000;85d60ce5-371d-448a-980d-7c88e107ab2a;413.5;0.05;UNKNOWN
2016-03-22T02:27:27.000000;2016-03-22T02:27:27.000000;0420c497-8c52-49f5-93e6-6e9e21e2e994;413.5;2.0;UNKNOWN
2016-03-22T02:27:27.000000;2016-03-22T02:27:27.000000;91d96407-e2b8-4ca0-b6f5-debddf86a66f;413.75;100.0;UNKNOWN
2016-03-22T02:27:27.000000;2016-03-22T02:27:27.000000;3ca3fb93-a32b-4153-a441-39ca3e719ca0;413.22;0.01;UNKNOWN
2016-03-22T02:27:27.000000;2016-03-22T02:27:27.000000;cfd41588-20e2-4f00-b6ea-25a6d64e52f8;413.78;0.01;UNKNOWN
2016-03-22T02:27:27.000000;2016-03-22T02:27:27.000000;6a658c0b-72d0-431f-b112-1a2fd3e6d5c4;413.2;2.0;UNKNOWN
2016-03-22T02:27:27.000000;2016-03-22T02:27:27.000000;82ed3ed8-efa1-4e22-8c52-c921241b1b78;413.67;0.0461076;UNKNOWN
2016-03-22T02:27:27.000000;2016-03-22T02:27:27.000000;d17573cb-8d23-4940-a5c7-b8c4656029df;413.45;0.05;UNKNOWN
2016-03-22T02:27:27.000000;2016-03-22T02:27:27.000000;799fa1ce-300e-4170-ad74-2bdc83b382e1;413.38;0.12;UNKNOWN
2016-03-22T02:27:27.000000;2016-03-22T02:27:27.000000;001117fa-9d4e-4eef-a9ac-544819a655cf;413.79;2.83;UNKNOWN
2016-03-22T02:27:27.000000;2016-03-22T02:27:27.000000;63657143-9466-499c-b8e0-ebac02602952;413.66;7.9684;UNKNOWN
2016-03-22T02:27:27.000000;2016-03-22T02:27:27.000000;90e8ea48-3319-4cef-8f32-59af47972fd6;413.67;0.07;UNKNOWN
2016-03-22T02:27:27.000000;2016-03-22T02:27:27.000000;659a7b12-9f42-4919-858a-2d9ff4c7658a;413.89;2.0;UNKNOWN
2016-03-22T02:27:27.000000;2016-03-22T02:27:27.000000;6e1ceffa-020e-406c-a7e1-04b30431d799;413.89;0.8354924;UNKNOWN
2016-03-22T02:27:27.000000;2016-03-22T02:27:27.000000;6f622ad5-1a60-46f1-a7f3-d8cb0b9e8650;413.24;0.01;UNKNOWN
2016-03-22T02:27:28.000000;2016-03-22T02:27:28.000000;4dd4e373-459d-473f-9452-c5b6fced3e6f;413.99;0.01;UNKNOWN
2016-03-22T02:27:28.000000;2016-03-22T02:27:28.000000;5b7220f6-00f2-4be3-b6ab-ee58d54972df;413.94;4.0;UNKNOWN
2016-03-22T02:27:28.000000;2016-03-22T02:27:28.000000;9e461099-a165-4fbb-befd-4008edf49402;414.0;0.9005471;UNKNOWN
2016-03-22T02:27:33.000000;2016-03-22T02:27:33.000000;df301ba4-9d5d-4f59-b32a-0bddcc5210a6;413.25;0.01336617;UNKNOWN
2016-03-22T02:27:35.000000;2016-03-22T02:27:35.000000;ef31494c-483d-42c3-977a-261e4091b1df;413.39;0.24;UNKNOWN
2016-03-22T02:27:41.000000;2016-03-22T02:27:41.000000;60ab2389-1361-4c6b-a0db-705192217b57;413.88;0.5;UNKNOWN
2016-03-22T02:27:47.000000;2016-03-22T02:27:47.000000;fcf6b09a-b04a-4049-a0f8-8709489efb48;413.67;0.01153938;UNKNOWN
2016-03-22T02:27:51.000000;2016-03-22T02:27:51.000000;22a31b7c-ba40-4fcf-8c14-f69ee537f737;413.98;0.181;UNKNOWN
2016-03-22T02:27:51.000000;2016-03-22T02:27:51.000000;b13b1ca2-fae3-4a72-9f24-40171788e8f3;413.98;0.06;UNKNOWN
2016-03-22T02:28:01.000000;2016-03-22T02:28:01.000000;fdfecdd4-083a-4f84-8b11-30a95d51fcee;414.0;1.0;UNKNOWN
2016-03-22T02:28:01.000000;2016-03-22T02:28:01.000000;4946bab1-8153-4089-b910-cd1db4e54b0b;414.0;0.0994529;UNKNOWN
2016-03-22T02:28:01.000000;2016-03-22T02:28:01.000000;1b404c01-8863-46e5-8f4d-8c245e63a27e;414.0;0.9005471;UNKNOWN
2016-03-22T02:28:03.000000;2016-03-22T02:28:03.000000;6d0b03b7-7719-422c-8c7c-9087a2694e2b;413.88;0.00909638;UNKNOWN
2016-03-22T02:28:03.000000;2016-03-22T02:28:03.000000;028dbc49-19d1-4670-945c-69c8201640df;413.99;0.01;UNKNOWN
2016-03-22T02:28:03.000000;2016-03-22T02:28:03.000000;543a4382-2a01-4b65-82e6-a375a483c540;413.76;0.01;UNKNOWN
2016-03-22T02:28:03.000000;2016-03-22T02:28:03.000000;1e370201-9e47-417f-94ab-831e269c3c21;413.88;0.01;UNKNOWN
2016-03-22T02:28:03.000000;2016-03-22T02:28:03.000000;fc2fda01-c6e1-481e-bd62-8002542f14ee;413.99;0.01;UNKNOWN
2016-03-22T02:28:03.000000;2016-03-22T02:28:03.000000;ff73514d-dcb2-4476-bdfe-ab93141c4b03;413.76;0.00090362;UNKNOWN
2016-03-22T02:28:08.000000;2016-03-22T02:28:08.000000;264d5505-ee36-4bfe-a751-82ac4c8dc467;414.0;8.77176089;UNKNOWN
2016-03-22T02:28:08.000000;2016-03-22T02:28:08.000000;868e193b-3795-4954-b63e-2c6ec5c9d22a;414.0;0.1;UNKNOWN
2016-03-22T02:28:08.000000;2016-03-22T02:28:08.000000;31236ea0-87f7-4c1c-9bb2-cac343b15750;414.0;26.12823911;UNKNOWN
2016-03-22T02:28:28.000000;2016-03-22T02:28:28.000000;378f383e-cad9-4d34-b5f2-f1679d3cfc55;414.0;0.1;UNKNOWN
2016-03-22T02:28:42.000000;2016-03-22T02:28:42.000000;51a62349-570b-4546-95b4-fdbb1ebfcdae;414.0;0.1;UNKNOWN
2016-03-22T02:29:01.000000;2016-03-22T02:29:01.000000;cd8e6262-7234-437f-b8f4-6736ace4d1ac;413.99;0.02;UNKNOWN
2016-03-22T02:29:02.000000;2016-03-22T02:29:02.000000;f87d961d-389b-45e8-8a9c-92ec2dd35cd7;413.99;0.01;UNKNOWN
2016-03-22T02:29:26.000000;2016-03-22T02:29:26.000000;60dc346f-d252-4198-9a47-a5cb94521e84;414.0;0.1;UNKNOWN
2016-03-22T02:29:31.000000;2016-03-22T02:29:31.000000;8061482e-2353-45ca-8adf-da983cfc15ce;413.99;0.02;UNKNOWN
2016-03-22T02:29:48.000000;2016-03-22T02:29:48.000000;527ec7f3-b571-4621-94e5-9f5e4a1b31dd;414.0;0.03;UNKNOWN
2016-03-22T02:29:50.000000;2016-03-22T02:29:50.000000;dca05a92-2bc4-4063-980e-85bb76145dc1;414.0;1.0;UNKNOWN
2016-03-22T02:29:50.000000;2016-03-22T02:29:50.000000;cbd8cf73-6aa7-44bb-abff-97796c2d1ece;414.0;0.2;UNKNOWN
2016-03-22T02:29:50.000000;2016-03-22T02:29:50.000000;86664f63-c582-4587-8264-8290094fd6d7;414.0;0.91665341;UNKNOWN
2016-03-22T02:29:50.000000;2016-03-22T02:29:50.000000;a53c2464-f54a-409e-be09-7e6ab602e742;414.0;0.8;UNKNOWN
2016-03-22T02:29:50.000000;2016-03-22T02:29:50.000000;a7d26b93-38c5-4700-ab23-3e9cdeaaf54c;414.0;3.54176089;UNKNOWN
2016-03-22T02:29:50.000000;2016-03-22T02:29:50.000000;e0b66e9a-f877-4378-bf0f-74bbecd336e4;414.0;0.05;UNKNOWN
2016-03-22T02:29:54.000000;2016-03-22T02:29:54.000000;5ffca497-e5c0-4f33-94a3-6810eb1dc825;414.02;0.37849104;UNKNOWN
2016-03-22T02:29:54.000000;2016-03-22T02:29:54.000000;3ab58f69-7b7d-4f0c-9d8c-510c02cee88f;414.01;0.181;UNKNOWN
2016-03-22T02:30:06.000000;2016-03-22T02:30:06.000000;b12ccc22-b551-4f0f-8ac0-23c11e7e163e;414.01;0.02;UNKNOWN
2016-03-22T02:30:27.000000;2016-03-22T02:30:27.000000;9590b0de-4550-474f-a70c-814dad7fe6e6;414.02;2.62150896;UNKNOWN
2016-03-22T02:30:28.000000;2016-03-22T02:30:28.000000;0eec356e-330a-4bce-abca-1b0c899c5ff3;414.1;0.241;UNKNOWN
2016-03-22T02:30:30.000000;2016-03-22T02:30:30.000000;004af6b2-1690-4870-b013-e740d17ae9fb;414.1;0.26623939;UNKNOWN
2016-03-22T02:30:53.000000;2016-03-22T02:30:53.000000;78250cf4-4492-416e-a348-7656b2504f10;414.94;0.34445113;UNKNOWN
2016-03-22T02:30:53.000000;2016-03-22T02:30:53.000000;0521b675-a26d-43a3-a1e7-102da929d198;414.98;11.99080538;UNKNOWN
2016-03-22T02:30:53.000000;2016-03-22T02:30:53.000000;cdfab3c5-03d3-44d6-b0b9-6625e82d3f01;414.92;5.44894349;UNKNOWN
2016-03-22T02:30:53.000000;2016-03-22T02:30:53.000000;f9162c22-22b7-43af-bc26-b9d6cc1561b1;414.97;12.2158;UNKNOWN
2016-03-22T02:30:53.000000;2016-03-22T02:30:53.000000;f547945b-1f30-49bc-9004-27a720512278;414.9;2.0;UNKNOWN
2016-03-22T02:30:53.000000;2016-03-22T02:30:53.000000;db68882f-73c1-43f5-8a3d-cc37a31eed83;414.8;0.01;UNKNOWN
2016-03-22T02:30:53.000000;2016-03-22T02:30:53.000000;2631082a-2978-49db-9fc4-76bd4d51da45;414.13;0.729;UNKNOWN
2016-03-22T02:30:53.000000;2016-03-22T02:30:53.000000;af98f55a-0af0-41fb-aa5b-f7459dc6c709;414.92;9.871044;UNKNOWN
2016-03-22T02:30:53.000000;2016-03-22T02:30:53.000000;a5153e5e-d7ee-4cf4-ab29-bcb07e41caa1;414.85;12.4673;UNKNOWN
2016-03-22T02:30:53.000000;2016-03-22T02:30:53.000000;13f90be6-d028-47d1-bc93-6b3a21f864b3;414.85;0.1;UNKNOWN
2016-03-22T02:30:53.000000;2016-03-22T02:30:53.000000;a483568f-0a68-4e08-b491-95f4db464a2c;414.9;0.1;UNKNOWN
2016-03-22T02:30:53.000000;2016-03-22T02:30:53.000000;622ea87a-cdb3-4b18-8678-e895d98aec4d;414.5;0.05;UNKNOWN
2016-03-22T02:30:53.000000;2016-03-22T02:30:53.000000;06ef433b-d71a-4b4e-9813-449b8ec6a9d0;414.38;0.14;UNKNOWN
2016-03-22T02:30:53.000000;2016-03-22T02:30:53.000000;904085a9-2596-4620-acbe-160619420a3f;414.12;0.241;UNKNOWN
2016-03-22T02:30:53.000000;2016-03-22T02:30:53.000000;6e174d50-3699-4062-bf4d-449b977fc3eb;414.54;0.065756;UNKNOWN
2016-03-22T02:30:53.000000;2016-03-22T02:30:53.000000;6559a58b-667f-4772-90f1-7f85e74ad4a8;414.64;13.36;UNKNOWN
2016-03-22T02:30:53.000000;2016-03-22T02:30:53.000000;a48d0b1a-3863-437e-b3fc-f5cc633e4991;414.89;9.6057;UNKNOWN
2016-03-22T02:30:53.000000;2016-03-22T02:30:53.000000;8006486d-d030-4a90-8b77-acab4a74a876;414.6;0.01;UNKNOWN
2016-03-22T02:30:53.000000;2016-03-22T02:30:53.000000;bd2729b1-7650-4a61-8953-0b937418de9f;414.63;13.8919;UNKNOWN
2016-03-22T02:30:53.000000;2016-03-22T02:30:53.000000;28eb1f5f-cdd7-402c-904d-f7fa54e4a4eb;414.68;12.5814;UNKNOWN
2016-03-22T02:30:53.000000;2016-03-22T02:30:53.000000;8bd14c45-1c3d-4cec-a7fb-f371b1b1d896;414.79;1.0;UNKNOWN
2016-03-22T02:30:53.000000;2016-03-22T02:30:53.000000;31c3ce77-05ec-487c-9a16-1f0b91e56e48;414.67;0.05;UNKNOWN
2016-03-22T02:30:53.000000;2016-03-22T02:30:53.000000;62c2dc62-f6b9-46ce-b7c2-500e88e5279f;414.65;4.6;UNKNOWN
2016-03-22T02:30:53.000000;2016-03-22T02:30:53.000000;3564e3fe-a344-4848-bac7-39b4be22a86f;414.5;0.1;UNKNOWN
2016-03-22T02:30:53.000000;2016-03-22T02:30:53.000000;1e225800-0aae-4a3a-8339-02ebbf962cd7;414.23;2.0;UNKNOWN
2016-03-22T02:30:53.000000;2016-03-22T02:30:53.000000;c8dc11bf-fbea-43e6-b646-f17134be3f2b;414.49;7.9684;UNKNOWN
2016-03-22T02:30:53.000000;2016-03-22T02:30:53.000000;59897a8b-cabd-4c5d-9978-17c2feec79ed;414.16;0.1;UNKNOWN
2016-03-22T02:30:53.000000;2016-03-22T02:30:53.000000;45bab3be-015f-495e-b52d-ae5406a6c071;414.7;0.12;UNKNOWN
2016-03-22T02:30:53.000000;2016-03-22T02:30:53.000000;6dedc06f-529c-417e-a140-ca5dbabc8f3c;414.78;0.999;UNKNOWN
2016-03-22T02:30:53.000000;2016-03-22T02:30:53.000000;4758ea5c-ce54-4ee5-88a7-7f20f5562876;414.46;0.022;UNKNOWN
2016-03-22T02:30:56.000000;2016-03-22T02:30:56.000000;4e6cbf1d-13a9-4798-8e4b-5bc030d73a35;414.98;14.43214881;UNKNOWN
2016-03-22T02:30:56.000000;2016-03-22T02:30:56.000000;82b16fbe-8832-4d9c-9103-796cc7f2759d;414.47;0.18945119;UNKNOWN
2016-03-22T02:30:56.000000;2016-03-22T02:30:56.000000;48481b1b-0f88-4b91-90d2-faeca280c11a;414.48;7.65785119;UNKNOWN
2016-03-22T02:30:56.000000;2016-03-22T02:30:56.000000;83a7deab-0e41-49a1-89d6-2c373dfa78a3;414.67;1.66;UNKNOWN
2016-03-22T02:30:56.000000;2016-03-22T02:30:56.000000;75de8e66-b695-4229-9ce5-821fc410f8aa;414.66;0.25;UNKNOWN
2016-03-22T02:30:56.000000;2016-03-22T02:30:56.000000;049fbd44-09ce-433b-a427-aaaca7c6cbe9;414.48;0.31054881;UNKNOWN
2016-03-22T02:31:01.000000;2016-03-22T02:31:01.000000;a9d85a9d-b169-4be9-a93a-b93a651f37a2;414.38;0.1;UNKNOWN
2016-03-22T02:31:01.000000;2016-03-22T02:31:01.000000;c5de9374-fa9c-4f35-b024-d6a609e86311;414.38;0.02;UNKNOWN
2016-03-22T02:31:15.000000;2016-03-22T02:31:15.000000;b944a7a9-2d19-4f68-a6fd-7c2ce30e68c9;414.53;0.79216293;UNKNOWN
2016-03-22T02:31:16.000000;2016-03-22T02:31:16.000000;c1635791-1dc4-43d4-a944-1e876feefc9c;414.55;0.022;UNKNOWN
2016-03-22T02:31:18.000000;2016-03-22T02:31:18.000000;85aa8048-efea-4537-8a88-c1dad5980a5a;414.55;0.02486651;UNKNOWN
2016-03-22T02:31:22.000000;2016-03-22T02:31:22.000000;47de7248-bc53-4ce0-b2ae-0bee718b9878;414.94;0.0644;UNKNOWN
2016-03-22T02:31:26.000000;2016-03-22T02:31:26.000000;0dae0ed6-0b76-4909-a9d5-90b102611144;414.58;0.08478155;UNKNOWN
2016-03-22T02:31:31.000000;2016-03-22T02:31:31.000000;c798b4c9-54d4-4a30-8dde-97deee2c0f86;414.92;0.2;UNKNOWN
2016-03-22T02:31:33.000000;2016-03-22T02:31:33.000000;505d82a6-b920-4d0a-b0c2-8cc3656096a8;414.92;0.06370539;UNKNOWN
2016-03-22T02:31:34.000000;2016-03-22T02:31:34.000000;8d44ce91-1373-4a27-8189-91ed5c9704e7;414.92;0.08467201;UNKNOWN
2016-03-22T02:31:36.000000;2016-03-22T02:31:36.000000;78d80b18-99cb-4433-a6fe-4428a435946d;414.92;0.06370582;UNKNOWN
2016-03-22T02:31:36.000000;2016-03-22T02:31:36.000000;000f8640-acbe-45a9-b1b3-4fa9143f8ab3;414.92;0.06370582;UNKNOWN
2016-03-22T02:31:36.000000;2016-03-22T02:31:36.000000;239060f2-7c6c-483b-8749-47d7c93c9d16;414.92;0.06370582;UNKNOWN
2016-03-22T02:31:37.000000;2016-03-22T02:31:37.000000;e174f61c-31a4-464b-86fe-eb21709ebed3;414.92;0.1314565;UNKNOWN
2016-03-22T02:31:37.000000;2016-03-22T02:31:37.000000;e5aa2533-6556-455f-80b4-b1e270930e3f;414.92;0.03112348;UNKNOWN
2016-03-22T02:31:38.000000;2016-03-22T02:31:38.000000;3a08f85f-721c-4144-b02d-a04a56cbecac;414.92;0.06380947;UNKNOWN
2016-03-22T02:31:39.000000;2016-03-22T02:31:39.000000;67e59d69-2eeb-4fe8-8e15-f80d05cd4536;414.92;0.12448382;UNKNOWN
2016-03-22T02:31:40.000000;2016-03-22T02:31:40.000000;04b3e905-0b4e-44d9-9317-6914b71b3e7e;414.92;0.25626029;UNKNOWN
2016-03-22T02:31:43.000000;2016-03-22T02:31:43.000000;0f801325-e50a-402c-8833-79a86823fee6;414.93;0.08467201;UNKNOWN
2016-03-22T02:31:46.000000;2016-03-22T02:31:46.000000;036e22ed-7f70-43f3-a569-1ab7d23fcf0c;414.93;0.08187865;UNKNOWN
2016-03-22T02:31:54.000000;2016-03-22T02:31:54.000000;afec4226-0d33-47b2-84eb-6079ae81a6e8;414.93;0.08478155;UNKNOWN
2016-03-22T02:32:00.000000;2016-03-22T02:32:00.000000;cbfd1d2f-2c5d-4912-ac62-ac19a79493ea;414.93;0.39457874;UNKNOWN
2016-03-22T02:32:03.000000;2016-03-22T02:32:03.000000;e0ab4065-adf7-4945-ad77-abebc7c93d8b;414.93;0.01;UNKNOWN
2016-03-22T02:32:03.000000;2016-03-22T02:32:03.000000;a020dfd8-e51a-4016-9145-deb217a974bd;414.93;0.01;UNKNOWN
2016-03-22T02:32:03.000000;2016-03-22T02:32:03.000000;bfc41f59-0702-4f47-bb03-116c1e97d8de;414.93;0.01;UNKNOWN
2016-03-22T02:32:04.000000;2016-03-22T02:32:04.000000;3768acad-1e25-42a8-9550-0edc120f6ca9;414.93;0.02;UNKNOWN
2016-03-22T02:32:04.000000;2016-03-22T02:32:04.000000;a1758c32-657f-4a70-95b0-f7e583e1884b;414.93;0.0846835;UNKNOWN
2016-03-22T02:32:04.000000;2016-03-22T02:32:04.000000;cc76434b-4e54-42ee-8cc1-ee894ced3bc6;414.93;0.01;UNKNOWN
2016-03-22T02:32:09.000000;2016-03-22T02:32:09.000000;f6e1a060-de00-4c21-b594-71636208eb2e;414.94;0.9844;UNKNOWN
2016-03-22T02:32:09.000000;2016-03-22T02:32:09.000000;a1eb3237-1d47-42de-97cf-97c4a9d18344;414.94;0.0156;UNKNOWN
2016-03-22T02:32:11.000000;2016-03-22T02:32:11.000000;8b94bf28-5074-4a1b-8a49-a359790f3561;414.93;0.01989476;UNKNOWN
2016-03-22T02:32:11.000000;2016-03-22T02:32:11.000000;cbfa1b82-1ef9-490d-986f-4b2aabf0024d;414.93;0.00210524;UNKNOWN
2016-03-22T02:32:16.000000;2016-03-22T02:32:16.000000;f0501a1e-32b0-463c-9da8-c3ebdc1684d8;414.93;2.0;UNKNOWN
2016-03-22T02:32:26.000000;2016-03-22T02:32:26.000000;23cf130c-ed4c-46a1-9aa0-60bdbc1ef037;414.93;10.0;UNKNOWN
2016-03-22T02:32:34.000000;2016-03-22T02:32:34.000000;b3da8141-53d6-48b8-85f8-ff88ccef75ff;414.93;0.02;UNKNOWN
2016-03-22T02:32:36.000000;2016-03-22T02:32:36.000000;c5f61eeb-40b0-456c-a025-4cf0ecec192c;414.93;0.74;UNKNOWN
2016-03-22T02:32:56.000000;2016-03-22T02:32:56.000000;78897a35-9c22-45ad-9bc9-c239ca686cee;414.93;10.0;UNKNOWN
2016-03-22T02:33:01.000000;2016-03-22T02:33:01.000000;421b7fc8-10fd-4085-9582-7bbf6d7526ab;414.93;0.27;UNKNOWN
2016-03-22T02:33:02.000000;2016-03-22T02:33:02.000000;2180d71b-433e-4629-bde1-67987ff89dbe;414.93;0.022;UNKNOWN
2016-03-22T02:33:02.000000;2016-03-22T02:33:02.000000;4b92022c-951a-401e-8a6c-57363e57528d;414.93;0.01;UNKNOWN
2016-03-22T02:33:03.000000;2016-03-22T02:33:03.000000;6c04ccd3-2d7f-44a4-a3ac-8c364e6ab39a;414.93;0.01;UNKNOWN
2016-03-22T02:33:03.000000;2016-03-22T02:33:03.000000;9d01e27f-5f39-4130-9cb5-50e91f4b4d67;414.93;0.01;UNKNOWN
2016-03-22T02:33:03.000000;2016-03-22T02:33:03.000000;5702eb9a-a24d-4864-8d96-62623d5806fe;414.93;0.01;UNKNOWN
2016-03-22T02:33:07.000000;2016-03-22T02:33:07.000000;654f4191-c09c-4656-83ea-dad1bed15aa0;414.93;0.018;UNKNOWN
2016-03-22T02:33:14.000000;2016-03-22T02:33:14.000000;dc5b2b69-3666-492f-977b-c8f9aa2c2195;414.84;0.01;UNKNOWN
2016-03-22T02:33:31.000000;2016-03-22T02:33:31.000000;8ba2946f-901e-4c5a-bcdf-69beb90649c4;414.59;0.02;UNKNOWN
2016-03-22T02:33:34.000000;2016-03-22T02:33:34.000000;a3712f1e-24c3-4f5d-b5f8-32a62f8eac57;414.59;0.01413505;UNKNOWN
2016-03-22T02:33:56.000000;2016-03-22T02:33:56.000000;d24ef352-0f7a-4131-80db-8c953e331286;414.58;0.022;UNKNOWN
2016-03-22T02:33:57.000000;2016-03-22T02:33:57.000000;f332196f-95bb-4867-a432-7432e57d2c01;414.72;1.53;UNKNOWN
2016-03-22T02:34:02.000000;2016-03-22T02:34:02.000000;534bdce2-5441-48d7-8c93-15a125ccb34c;414.51;1.21;UNKNOWN
2016-03-22T02:34:02.000000;2016-03-22T02:34:02.000000;99342ece-8820-451c-87e3-6473f49d7fd2;414.59;5.0;UNKNOWN
2016-03-22T02:34:02.000000;2016-03-22T02:34:02.000000;b0f01950-0dc5-45e1-9d92-1a11ef5c9a57;414.59;8.79;UNKNOWN
2016-03-22T02:34:25.000000;2016-03-22T02:34:25.000000;894fcb61-fba7-4000-91cb-41b956ffc2aa;414.48;0.01869059;UNKNOWN
2016-03-22T02:34:28.000000;2016-03-22T02:34:28.000000;44ba6999-6566-4fc3-9a1a-0b2278344ec6;414.51;2.0;UNKNOWN
2016-03-22T02:34:30.000000;2016-03-22T02:34:30.000000;ccc0528c-94b6-428a-8a9e-003fdb68ea9f;414.51;0.0186638;UNKNOWN
2016-03-22T02:34:35.000000;2016-03-22T02:34:35.000000;43d81fd4-af8c-454c-a143-19ab7297425e;414.51;1.60361617;UNKNOWN
2016-03-22T02:34:35.000000;2016-03-22T02:34:35.000000;a90eea8e-677c-4b8a-a018-b74fe6b55739;414.5;0.39638383;UNKNOWN
2016-03-22T02:34:39.000000;2016-03-22T02:34:39.000000;5756a2d2-0482-4ba3-8dc1-20f705dcff15;414.5;9.60361617;UNKNOWN
2016-03-22T02:34:56.000000;2016-03-22T02:34:56.000000;ce0d58b2-7a63-4ea8-8709-6874fd892869;414.47;0.01864172;UNKNOWN
2016-03-22T02:35:08.000000;2016-03-22T02:35:08.000000;f350943b-7413-4161-aa7b-af282b095b92;414.47;0.00042747;UNKNOWN
2016-03-22T02:35:22.000000;2016-03-22T02:35:22.000000;bd15401e-b5a1-4827-8e0a-71ebe7109e5a;414.02;1.3018;UNKNOWN
2016-03-22T02:35:23.000000;2016-03-22T02:35:23.000000;2a0a667c-6d3d-43fa-90c8-a46abe2f69b2;414.0;0.75;UNKNOWN
2016-03-22T02:35:43.000000;2016-03-22T02:35:43.000000;bc09605e-7683-498d-96d2-4a34db45e22b;414.0;0.7451;UNKNOWN
2016-03-22T02:36:22.000000;2016-03-22T02:36:22.000000;a066f3b5-a930-49b1-8dbd-2f47deadc455;413.99;0.1;UNKNOWN
2016-03-22T02:37:19.000000;2016-03-22T02:37:19.000000;84b6a0fb-41b5-4f3e-85fe-43ffb900506e;414.0;4.0;UNKNOWN
2016-03-22T02:37:19.000000;2016-03-22T02:37:19.000000;8c19eaab-8e25-4e13-b2cb-2617b2fb1dab;413.98;1.0;UNKNOWN
2016-03-22T02:37:41.000000;2016-03-22T02:37:41.000000;ea1429a9-1039-493f-9d29-4d0124befc0e;413.91;0.5;UNKNOWN
2016-03-22T02:38:13.000000;2016-03-22T02:38:13.000000;f43e2b78-6115-4493-b5b4-00ccbd832612;413.98;0.19198747;UNKNOWN
2016-03-22T02:38:35.000000;2016-03-22T02:38:35.000000;616a5974-2914-4ebe-b654-339585ec8327;413.91;0.02421586;UNKNOWN
2016-03-22T02:39:06.000000;2016-03-22T02:39:06.000000;ef9fd5d8-a829-49ba-b4bc-e1fd8ee5a681;413.98;0.01;UNKNOWN
2016-03-22T02:39:36.000000;2016-03-22T02:39:36.000000;5367ccf8-0216-4a4a-9dc7-11bd12071a9a;414.13;5.983;UNKNOWN
2016-03-22T02:39:36.000000;2016-03-22T02:39:36.000000;fcab0637-c428-4ab9-b59b-550161ba60ff;414.28;4.5;UNKNOWN
2016-03-22T02:39:36.000000;2016-03-22T02:39:36.000000;6adf8991-5ab6-425f-8829-d0473717fd0e;414.0;0.5;UNKNOWN
2016-03-22T02:39:36.000000;2016-03-22T02:39:36.000000;6ecfee73-f6d6-489f-9402-83950ed00761;414.02;0.01594781;UNKNOWN
2016-03-22T02:39:36.000000;2016-03-22T02:39:36.000000;d37d563d-06b9-47ae-a39e-3202af2be980;414.45;9.23187062;UNKNOWN
2016-03-22T02:39:36.000000;2016-03-22T02:39:36.000000;d44f8de6-d1a7-4919-a204-d249b9622482;414.0;5.2549;UNKNOWN
2016-03-22T02:39:36.000000;2016-03-22T02:39:36.000000;38fcdc39-d435-4a7d-b63c-72da122618c9;414.29;13.1952;UNKNOWN
2016-03-22T02:39:36.000000;2016-03-22T02:39:36.000000;017329e9-cce6-4923-9314-875e8b2d3d04;413.98;10.15317158;UNKNOWN
2016-03-22T02:39:36.000000;2016-03-22T02:39:36.000000;c2615a71-a394-4e0f-bdf1-1c076d3f18bf;414.02;0.01860999;UNKNOWN
2016-03-22T02:39:53.000000;2016-03-22T02:39:53.000000;9f81446d-b908-4496-9b8c-849c268cc742;414.1;0.50165592;UNKNOWN
2016-03-22T02:40:58.000000;2016-03-22T02:40:58.000000;e0e13802-7ee6-434f-bf55-b232b7a627ac;414.44;0.2;UNKNOWN
2016-03-22T02:41:39.000000;2016-03-22T02:41:39.000000;9dac5183-fc65-46f3-9729-c33ecd965c04;414.47;0.01847;UNKNOWN
2016-03-22T02:42:16.000000;2016-03-22T02:42:16.000000;62c46249-cf0e-4140-a66d-addad64a5201;414.47;0.18153;UNKNOWN
2016-03-22T02:42:23.000000;2016-03-22T02:42:23.000000;34b03549-bfc1-4014-82d1-f33469d77a51;414.49;0.47;UNKNOWN
2016-03-22T02:42:47.000000;2016-03-22T02:42:47.000000;81454544-3c75-4f3d-b3ca-7158831c7adb;414.54;0.02;UNKNOWN
2016-03-22T02:42:52.000000;2016-03-22T02:42:52.000000;90b55895-947b-4ab1-8503-061c4343380f;415.0;0.1;UNKNOWN
2016-03-22T02:42:52.000000;2016-03-22T02:42:52.000000;4280e055-6637-4ebf-a7b3-a16485d1cc93;415.0;8.61784209;UNKNOWN
2016-03-22T02:42:52.000000;2016-03-22T02:42:52.000000;5cb21f6d-0792-46fa-a369-d40bdc28c379;414.99;0.634;UNKNOWN
2016-03-22T02:42:52.000000;2016-03-22T02:42:52.000000;82ae5d09-3f7b-46bd-b118-593deae4a68f;415.0;1.1;UNKNOWN
2016-03-22T02:42:52.000000;2016-03-22T02:42:52.000000;3d8a9ad3-19f3-4472-b986-5280b902cc38;414.9;9.63616265;UNKNOWN
2016-03-22T02:42:52.000000;2016-03-22T02:42:52.000000;8470140d-69e7-4431-ad7c-9ae808c59f0e;414.99;0.0249;UNKNOWN
2016-03-22T02:42:52.000000;2016-03-22T02:42:52.000000;bff4631c-36f0-4051-9ffb-6bcc1863208b;414.98;2.57704581;UNKNOWN
2016-03-22T02:42:52.000000;2016-03-22T02:42:52.000000;33230c6a-6c35-499a-b7e9-14b9b64a28b2;414.99;3.37450371;UNKNOWN
2016-03-22T02:42:52.000000;2016-03-22T02:42:52.000000;d7153d27-ed74-472c-8bef-9b1bd7e79fba;415.0;15.67922274;UNKNOWN
2016-03-22T02:42:52.000000;2016-03-22T02:42:52.000000;e01caeed-56e5-4bb7-88f4-c106e30e94fd;414.88;0.668623;UNKNOWN
2016-03-22T02:42:52.000000;2016-03-22T02:42:52.000000;feb90427-2831-4e52-865a-31e3081dd89c;414.99;0.6;UNKNOWN
2016-03-22T02:42:52.000000;2016-03-22T02:42:52.000000;0e1731c9-d929-4a68-83ae-23e4da0cb389;414.93;0.002;UNKNOWN
2016-03-22T02:42:52.000000;2016-03-22T02:42:52.000000;88f98b46-dea4-49f2-b427-89c8a78eff81;414.58;5.9857;UNKNOWN
2016-03-22T02:42:52.000000;2016-03-22T02:42:52.000000;14b845d4-a406-4cce-820a-c4d1716b9ae3;415.0;1.0;UNKNOWN
2016-03-22T02:43:05.000000;2016-03-22T02:43:05.000000;5bcedc84-d094-4b09-be25-0c99a85b7821;414.99;0.01842435;UNKNOWN
2016-03-22T02:43:09.000000;2016-03-22T02:43:09.000000;c20158db-5f7a-4b66-8474-c73d43ac179e;414.98;0.0161213;UNKNOWN
2016-03-22T02:43:30.000000;2016-03-22T02:43:30.000000;9233d549-6308-4613-a839-694409a20bae;414.98;0.01410653;UNKNOWN
2016-03-22T02:43:30.000000;2016-03-22T02:43:30.000000;b13fbc53-6136-4ff9-abe0-526c5db1cb43;414.98;0.01234321;UNKNOWN
2016-03-22T02:43:37.000000;2016-03-22T02:43:37.000000;1526b716-0033-40a5-b1b9-3221bff070fa;414.93;0.02;UNKNOWN
2016-03-22T02:43:54.000000;2016-03-22T02:43:54.000000;43ec98e8-5980-42d8-b17a-b6fd724be241;414.87;0.15355;UNKNOWN
2016-03-22T02:44:04.000000;2016-03-22T02:44:04.000000;604c2dd2-c448-4486-b625-9b7117434702;414.9;0.03460589;UNKNOWN
2016-03-22T02:44:23.000000;2016-03-22T02:44:23.000000;66fbbef9-3293-4d61-8cfc-85e6bc673624;414.9;0.02;UNKNOWN
2016-03-22T02:44:32.000000;2016-03-22T02:44:32.000000;9bec64e6-6436-4f3d-9d54-17f4f8d47d13;414.89;0.9826;UNKNOWN
2016-03-22T02:45:40.000000;2016-03-22T02:45:40.000000;62966cec-ebf1-4f07-898d-78f8582eb0cc;414.87;0.2101204;UNKNOWN
2016-03-22T02:45:46.000000;2016-03-22T02:45:46.000000;cc4048c7-c561-4b0b-88e3-6bbf9e6c7487;414.85;1.87;UNKNOWN
2016-03-22T02:45:46.000000;2016-03-22T02:45:46.000000;64e2457d-9bd3-49c9-ae1e-49b0dfb0cada;414.87;4.7898796;UNKNOWN
2016-03-22T02:45:46.000000;2016-03-22T02:45:46.000000;69554fb6-afa7-480d-8770-a347338fc222;414.85;8.58;UNKNOWN
2016-03-22T02:45:46.000000;2016-03-22T02:45:46.000000;a7e96900-cfe3-4c53-9ecd-13c7b474b133;414.87;5.9977;UNKNOWN
2016-03-22T02:45:46.000000;2016-03-22T02:45:46.000000;0896c230-0693-4d8f-ad13-b2c4f8f2c2d7;414.84;3.7624204;UNKNOWN
2016-03-22T02:45:59.000000;2016-03-22T02:45:59.000000;becaef54-6b56-4273-9af4-5f8b86441c6f;415.0;1.0;UNKNOWN
2016-03-22T02:45:59.000000;2016-03-22T02:45:59.000000;8875faee-f4cc-49c0-ae9c-abd06644d6c5;415.0;0.01;UNKNOWN
2016-03-22T02:45:59.000000;2016-03-22T02:45:59.000000;bde3853d-6795-4127-bdd6-f8af377230a6;415.0;7.0;UNKNOWN
2016-03-22T02:45:59.000000;2016-03-22T02:45:59.000000;261c8890-ef1c-4753-bf74-9ac8b19e2890;415.0;1.0;UNKNOWN
2016-03-22T02:45:59.000000;2016-03-22T02:45:59.000000;d0f33bbb-d17b-4e88-9e8a-9430126239b0;415.0;0.38215791;UNKNOWN
2016-03-22T02:45:59.000000;2016-03-22T02:45:59.000000;d43fa41e-f405-44b3-9ed3-9246daaeba60;415.0;0.60784209;UNKNOWN
2016-03-22T02:46:01.000000;2016-03-22T02:46:01.000000;77d72e9e-9ce2-48ee-981c-e99ca868b176;414.86;0.02;UNKNOWN
2016-03-22T02:46:12.000000;2016-03-22T02:46:12.000000;ae40c520-b8e2-4679-b085-33349936691b;414.87;0.287504;UNKNOWN
2016-03-22T02:46:13.000000;2016-03-22T02:46:13.000000;96339041-9e43-4868-84f3-b336ee8107d6;415.0;1.3;UNKNOWN
2016-03-22T02:46:13.000000;2016-03-22T02:46:13.000000;82924c82-5b4d-40ef-ac3d-47624a8cdf21;415.0;1.8129;UNKNOWN
2016-03-22T02:46:36.000000;2016-03-22T02:46:36.000000;faf52f69-be16-4251-ad48-8d137026c32d;415.0;1.3;UNKNOWN
2016-03-22T02:46:42.000000;2016-03-22T02:46:42.000000;fb24a846-f541-4244-b988-003da68328af;414.88;0.03437149;UNKNOWN
2016-03-22T02:47:02.000000;2016-03-22T02:47:02.000000;616f6627-687c-45a1-8085-e0e7b474974a;414.99;1.0;UNKNOWN
2016-03-22T02:47:15.000000;2016-03-22T02:47:15.000000;947b39f7-2cb9-491c-aebc-e6df2b8c03c4;414.99;0.1207583;UNKNOWN
2016-03-22T02:47:19.000000;2016-03-22T02:47:19.000000;a24e0dca-9dbe-48fc-93c7-5302816640b0;414.99;0.001;UNKNOWN
2016-03-22T02:47:31.000000;2016-03-22T02:47:31.000000;28031f1c-2b0c-412f-90e2-a61d859251ed;414.99;0.77288983;UNKNOWN
2016-03-22T02:48:26.000000;2016-03-22T02:48:26.000000;49975ff8-fd4b-4d2f-b179-7cc446793d1d;415.0;0.0206;UNKNOWN
2016-03-22T02:48:32.000000;2016-03-22T02:48:32.000000;12442c19-56d3-4048-a3d8-0a6d5a12a84a;414.99;0.02;UNKNOWN
2016-03-22T02:49:05.000000;2016-03-22T02:49:05.000000;ca1bd840-03aa-47c5-8f78-0ba6cdb06c41;414.99;0.36498579;UNKNOWN
2016-03-22T02:49:05.000000;2016-03-22T02:49:05.000000;c7739d20-962b-4e1c-b054-597c617fa10d;414.99;0.02;UNKNOWN
2016-03-22T02:49:07.000000;2016-03-22T02:49:07.000000;f2d75db7-522f-4043-9735-139858ace596;415.0;5.0;UNKNOWN
2016-03-22T02:49:29.000000;2016-03-22T02:49:29.000000;ba741d27-2f29-4773-a74a-7edc17460674;415.0;1.0;UNKNOWN
2016-03-22T02:49:30.000000;2016-03-22T02:49:30.000000;b654f996-b934-42c0-ba1e-263beb33289d;414.99;0.02;UNKNOWN
2016-03-22T02:49:41.000000;2016-03-22T02:49:41.000000;7417c023-42c4-4bcd-b53e-33c83eb24b0d;415.0;1.0;UNKNOWN
2016-03-22T02:50:02.000000;2016-03-22T02:50:02.000000;85a73397-82cb-4da2-9da3-4b62f5acf45d;414.99;0.1;UNKNOWN
2016-03-22T02:50:04.000000;2016-03-22T02:50:04.000000;bcdb8465-1d42-451a-92a5-60875d8eac0f;414.99;0.02;UNKNOWN
2016-03-22T02:50:12.000000;2016-03-22T02:50:12.000000;a9fedb1c-779b-41b9-85c6-0593224cf99c;414.99;0.75;UNKNOWN
2016-03-22T02:50:34.000000;2016-03-22T02:50:34.000000;25bffe15-8d97-4150-93f2-4b92c847c571;414.99;1.7;UNKNOWN
2016-03-22T02:50:40.000000;2016-03-22T02:50:40.000000;609b9989-7c0b-426d-90aa-f6d0c4af944f;414.99;0.30775992;UNKNOWN
2016-03-22T02:50:40.000000;2016-03-22T02:50:40.000000;ca15efbb-cb20-4a8a-a49a-099b3679fa63;414.99;10.11036608;UNKNOWN
2016-03-22T02:52:00.000000;2016-03-22T02:52:00.000000;3f4d15da-a4db-4df4-b3f2-c08cde35ca04;414.99;2.0;UNKNOWN
2016-03-22T02:52:52.000000;2016-03-22T02:52:52.000000;a7a02773-fd5f-4722-9929-e6aa745d08fa;414.83;0.5;UNKNOWN
2016-03-22T02:52:52.000000;2016-03-22T02:52:52.000000;a397b66f-a69d-4e2c-bef1-86b589f7b4ba;414.85;0.5;UNKNOWN
2016-03-22T02:52:52.000000;2016-03-22T02:52:52.000000;022d2a30-0827-4b4b-8d2e-7ea20dc8b5da;414.84;3.0;UNKNOWN
2016-03-22T02:53:29.000000;2016-03-22T02:53:29.000000;42f4fcec-95a8-4141-96c2-40b3591b754b;414.98;0.19935117;UNKNOWN
2016-03-22T02:53:33.000000;2016-03-22T02:53:33.000000;11bb3029-436d-4684-aa1f-bb96b7591375;414.98;0.02535;UNKNOWN
2016-03-22T02:53:36.000000;2016-03-22T02:53:36.000000;5ceb0c66-a79b-48e5-9412-8ee0f73ffecb;414.98;0.14679756;UNKNOWN
2016-03-22T02:53:39.000000;2016-03-22T02:53:39.000000;127bdf5c-fef0-402f-a3df-b29775fef61c;414.98;0.01722578;UNKNOWN
2016-03-22T02:54:45.000000;2016-03-22T02:54:45.000000;e53495ac-cc38-4fa5-b2a1-7e7bdd8b5c57;414.99;0.06414022;UNKNOWN
2016-03-22T02:55:40.000000;2016-03-22T02:55:40.000000;b252656b-1640-44e0-902c-db7ad3c649f2;414.86;0.02415282;UNKNOWN
2016-03-22T02:56:19.000000;2016-03-22T02:56:19.000000;b8d2e7f4-265b-4bcd-bfb6-a156223ba0ac;414.99;0.00133276;UNKNOWN
2016-03-22T02:57:53.000000;2016-03-22T02:57:53.000000;8cb7a165-8b30-486a-b484-b299b1a0f305;415.0;0.02;UNKNOWN
2016-03-22T02:57:53.000000;2016-03-22T02:57:53.000000;438bbf25-35f7-4592-830b-23f98a52186a;415.0;0.1;UNKNOWN
2016-03-22T02:57:53.000000;2016-03-22T02:57:53.000000;d042766d-edd5-476e-92b3-7f33dcc25215;414.99;0.93452702;UNKNOWN
2016-03-22T02:57:53.000000;2016-03-22T02:57:53.000000;022f6d4e-8300-4f00-a558-0fc6db2423b0;415.0;10.32546071;UNKNOWN
2016-03-22T02:57:53.000000;2016-03-22T02:57:53.000000;b30412c0-be24-474d-83be-e7afc4b6c715;414.99;50.1;UNKNOWN
2016-03-22T02:57:53.000000;2016-03-22T02:57:53.000000;cf95ce57-5a86-4689-bbd1-b35803903ed7;414.99;0.02;UNKNOWN
2016-03-22T02:57:53.000000;2016-03-22T02:57:53.000000;49b086d6-65ef-4e62-bfc9-20b2849c390f;414.99;5.9731;UNKNOWN
2016-03-22T02:57:53.000000;2016-03-22T02:57:53.000000;ad89f6b1-c478-4d27-b219-14d3e6e1a406;414.99;0.5;UNKNOWN
2016-03-22T02:57:53.000000;2016-03-22T02:57:53.000000;86179ed7-e4c9-442f-9cec-825202664919;415.0;0.06;UNKNOWN
2016-03-22T02:57:53.000000;2016-03-22T02:57:53.000000;625533b2-17be-4cda-bd92-81b71141b2e9;415.0;0.01;UNKNOWN
2016-03-22T02:57:53.000000;2016-03-22T02:57:53.000000;64f19d4e-2a59-4244-846f-457ebf77bc7a;415.0;0.4117878;UNKNOWN
2016-03-22T02:57:53.000000;2016-03-22T02:57:53.000000;686b3c9d-6aaf-4849-83df-ad72f2cb9ad4;415.0;0.2;UNKNOWN
2016-03-22T02:57:53.000000;2016-03-22T02:57:53.000000;1b9dd803-d53d-4dde-a1ed-b7fb8d336de0;415.0;2.0;UNKNOWN
2016-03-22T02:57:53.000000;2016-03-22T02:57:53.000000;f64cb5ab-56dd-4ad9-9547-fef445e97843;415.0;0.5;UNKNOWN
2016-03-22T02:57:53.000000;2016-03-22T02:57:53.000000;17e4ccb3-97fd-4343-b75a-011aeb7f1d73;415.0;1.0;UNKNOWN
2016-03-22T02:57:53.000000;2016-03-22T02:57:53.000000;7d220b7a-3f32-4496-ac12-ac4000ebb7bb;415.0;12.79512447;UNKNOWN
2016-03-22T02:57:53.000000;2016-03-22T02:57:53.000000;82a1be2f-a514-4726-abeb-a457f5aa7819;415.0;0.05;UNKNOWN
2016-03-22T02:59:01.000000;2016-03-22T02:59:01.000000;44470eb3-ed6a-46df-b9c4-8eca18f3f1e6;414.95;0.02;UNKNOWN
2016-03-22T02:59:08.000000;2016-03-22T02:59:08.000000;9d8d182c-238e-4c6a-bd9f-ac7ebacfb862;414.94;0.52;UNKNOWN
2016-03-22T02:59:08.000000;2016-03-22T02:59:08.000000;485c7be8-c731-4ee0-bf1b-fdadf3da4d97;414.95;0.48;UNKNOWN
2016-03-22T02:59:28.000000;2016-03-22T02:59:28.000000;70020af8-0e2b-4562-b8e9-d6bddf0dc9a5;414.99;0.02540214;UNKNOWN
2016-03-22T02:59:28.000000;2016-03-22T02:59:28.000000;ec4d98f3-7660-451a-9b90-34fce8022a65;414.99;0.38459786;UNKNOWN
2016-03-22T02:59:30.000000;2016-03-22T02:59:30.000000;9537c7d7-c941-4283-843f-caaedc8e9215;414.87;0.02;UNKNOWN
2016-03-22T02:59:56.000000;2016-03-22T02:59:56.000000;58f58c98-a8b1-4cff-82fc-cc4e129603b7;414.87;0.18113308;UNKNOWN
2016-03-22T03:00:02.000000;2016-03-22T03:00:02.000000;da120b7a-85d5-49f4-88c3-2247e718b024;414.99;1.1387822;UNKNOWN
2016-03-22T03:00:18.000000;2016-03-22T03:00:18.000000;c7e79161-5e46-43cf-99b1-61ca343e2f06;414.99;0.04;UNKNOWN
2016-03-22T03:00:18.000000;2016-03-22T03:00:18.000000;995731a5-8a7d-49c8-b767-6b4653f84dee;414.91;0.02;UNKNOWN
2016-03-22T03:00:26.000000;2016-03-22T03:00:26.000000;9401081b-50ca-4370-8e31-33babea0f0c1;414.99;3.43661994;UNKNOWN
2016-03-22T03:00:26.000000;2016-03-22T03:00:26.000000;76f8f410-1481-4400-bbc8-6a5a51989709;414.99;1.0;UNKNOWN
2016-03-22T03:00:26.000000;2016-03-22T03:00:26.000000;8bd53772-2d3c-4c61-9d11-1da5d811413f;415.0;5.56338006;UNKNOWN
2016-03-22T03:01:08.000000;2016-03-22T03:01:08.000000;aefaa110-9056-4793-9dbd-dee26e5c85eb;414.97;0.04774751;UNKNOWN
2016-03-22T03:01:29.000000;2016-03-22T03:01:29.000000;158afa6d-307c-44c1-b6fd-2027603294ee;414.97;1.0;UNKNOWN
2016-03-22T03:01:52.000000;2016-03-22T03:01:52.000000;4b733896-f061-4ff9-987e-bc3f9a0876fd;414.97;1.0;UNKNOWN
2016-03-22T03:02:19.000000;2016-03-22T03:02:19.000000;6f467bf5-02c9-46cb-b647-1ca3b81c39b0;414.97;0.8252;UNKNOWN
2016-03-22T03:02:19.000000;2016-03-22T03:02:19.000000;1391333d-f777-41a1-836e-ba4386261c52;414.97;3.89855249;UNKNOWN
2016-03-22T03:02:19.000000;2016-03-22T03:02:19.000000;2bc76476-6442-4871-8b1c-255fa2a6c735;414.9;2.14709881;UNKNOWN
2016-03-22T03:02:40.000000;2016-03-22T03:02:40.000000;dec465cc-97ee-4b93-b8aa-bde6e4ed692f;414.99;0.18;UNKNOWN
2016-03-22T03:02:40.000000;2016-03-22T03:02:40.000000;c33239d8-6429-4551-98d6-f67be48aa68e;415.0;9.82;UNKNOWN
2016-03-22T03:04:29.000000;2016-03-22T03:04:29.000000;01d2d434-873a-48e4-b458-ea9bb5fae5c6;414.92;0.02414875;UNKNOWN
2016-03-22T03:05:34.000000;2016-03-22T03:05:34.000000;fe448e60-3a46-4192-b8f2-c3fb97810eaf;414.96;0.01136836;UNKNOWN
2016-03-22T03:06:03.000000;2016-03-22T03:06:03.000000;da016ea2-f3e8-4a46-9190-c431f2d26559;414.94;0.02;UNKNOWN
2016-03-22T03:06:44.000000;2016-03-22T03:06:44.000000;67b96251-d4c4-47c1-88f5-a7e8342cf50b;414.91;0.3;UNKNOWN
2016-03-22T03:07:01.000000;2016-03-22T03:07:01.000000;c3d73ff1-52f5-471d-b304-99c8ec9ff8ae;414.91;0.02;UNKNOWN
2016-03-22T03:07:38.000000;2016-03-22T03:07:38.000000;9ad63e7c-e729-4e9a-8e79-564c76d37902;414.91;1.0;UNKNOWN
2016-03-22T03:07:54.000000;2016-03-22T03:07:54.000000;f037595f-4f95-4ae3-afc0-666ff881198e;414.91;0.5;UNKNOWN
2016-03-22T03:08:14.000000;2016-03-22T03:08:14.000000;6aad8717-0bd9-4703-83b9-bf1bda6b43ed;414.91;6.65;UNKNOWN
2016-03-22T03:08:14.000000;2016-03-22T03:08:14.000000;931fa791-202c-4ca5-b444-09d743db2d82;414.9;17.85290119;UNKNOWN
2016-03-22T03:08:15.000000;2016-03-22T03:08:15.000000;f93fc264-19bc-4cef-8ea3-662cbd3a0fc6;414.9;5.48;UNKNOWN
2016-03-22T03:08:20.000000;2016-03-22T03:08:20.000000;a4b21d66-bfa6-4235-a1d6-831016e1c7ac;414.89;5.48;UNKNOWN
2016-03-22T03:08:51.000000;2016-03-22T03:08:51.000000;dd62ea93-5f80-4355-91d3-7052fcca178c;414.54;0.176;UNKNOWN
2016-03-22T03:09:26.000000;2016-03-22T03:09:26.000000;b5a25441-1336-49c1-81d8-c746cf349654;414.21;0.49;UNKNOWN
2016-03-22T03:09:26.000000;2016-03-22T03:09:26.000000;90cfcf8d-e592-4b40-9eed-71474044fa73;414.2;0.01;UNKNOWN
2016-03-22T03:09:44.000000;2016-03-22T03:09:44.000000;21783246-5de9-4729-ae75-abf7aa9955e3;414.21;0.01;UNKNOWN
2016-03-22T03:10:04.000000;2016-03-22T03:10:04.000000;0bbf39c3-5314-41f7-9e87-ae2648c52ab4;414.23;0.03841124;UNKNOWN
2016-03-22T03:10:07.000000;2016-03-22T03:10:07.000000;b2abeca6-8355-4102-a06b-297e4bf33a10;414.24;0.03881938;UNKNOWN
2016-03-22T03:10:10.000000;2016-03-22T03:10:10.000000;0d2693bc-58aa-4228-9cef-ebccddff72e4;414.24;0.05890084;UNKNOWN
2016-03-22T03:10:33.000000;2016-03-22T03:10:33.000000;18aff6b4-8b9f-4e83-b62a-acfcbdbb5acc;414.25;0.5;UNKNOWN
2016-03-22T03:10:33.000000;2016-03-22T03:10:33.000000;78c165fc-15a1-46b1-8afc-63d47db9cb13;414.23;0.16023809;UNKNOWN
2016-03-22T03:10:38.000000;2016-03-22T03:10:38.000000;a9cd7115-f11f-4a1a-98a3-0c2d9de32b03;414.23;0.17650922;UNKNOWN
2016-03-22T03:10:41.000000;2016-03-22T03:10:41.000000;251d5ab5-5c65-4160-8038-201733aeb5dc;414.22;0.1459287;UNKNOWN
2016-03-22T03:10:55.000000;2016-03-22T03:10:55.000000;deedffe1-3eec-4e9a-ae3e-105a141b6810;414.23;1.0;UNKNOWN
2016-03-22T03:11:02.000000;2016-03-22T03:11:02.000000;0d0a8259-822a-46a9-be48-4f5ed6eaa192;414.22;0.04837911;UNKNOWN
2016-03-22T03:12:12.000000;2016-03-22T03:12:12.000000;3e43a5b0-4ed1-442f-92f7-92aef0dd7872;414.23;0.12272;UNKNOWN
2016-03-22T03:12:12.000000;2016-03-22T03:12:12.000000;11d79470-8439-43a3-86bc-3fb63ab71aeb;414.22;0.17903606;UNKNOWN
2016-03-22T03:12:38.000000;2016-03-22T03:12:38.000000;ab622029-7885-4202-b7d9-09e9d295dcb1;414.22;0.15575162;UNKNOWN
2016-03-22T03:12:42.000000;2016-03-22T03:12:42.000000;b643e4c0-a4e5-48c0-8f49-47b3c1cdbab3;414.22;0.17876558;UNKNOWN
2016-03-22T03:13:39.000000;2016-03-22T03:13:39.000000;5844cff4-2afd-4573-aafd-13f8589f10ea;414.23;0.0945308;UNKNOWN
2016-03-22T03:13:41.000000;2016-03-22T03:13:41.000000;113cb7c8-b379-4c26-9159-eaee55adc0fa;414.23;0.02002154;UNKNOWN
2016-03-22T03:13:45.000000;2016-03-22T03:13:45.000000;db19bd27-299a-4ba7-ab78-aadcd7c21da8;414.23;0.01644234;UNKNOWN
2016-03-22T03:13:48.000000;2016-03-22T03:13:48.000000;0c238883-222d-4e5d-bce0-faf8c2d3e249;414.24;0.14997885;UNKNOWN
2016-03-22T03:13:49.000000;2016-03-22T03:13:49.000000;17857c26-bb83-4b64-ab2c-e0efc7f1a3ff;414.24;0.07695912;UNKNOWN
2016-03-22T03:13:55.000000;2016-03-22T03:13:55.000000;55809c02-5532-4fdc-827d-a76481ab83a7;414.22;0.06417553;UNKNOWN
2016-03-22T03:13:59.000000;2016-03-22T03:13:59.000000;88889cd1-367c-45b8-abbf-c3791dfe50e4;414.28;0.12875486;UNKNOWN
2016-03-22T03:14:05.000000;2016-03-22T03:14:05.000000;b5461f5d-f9a3-4944-ba4b-839803e199cd;414.2;0.06490868;UNKNOWN
2016-03-22T03:14:08.000000;2016-03-22T03:14:08.000000;b74e6cd6-8b1d-4458-afd6-a754f31de36a;414.2;0.18240573;UNKNOWN
2016-03-22T03:15:01.000000;2016-03-22T03:15:01.000000;e9dd80ad-779a-4e0e-8f0f-ce3d76f892ec;414.16;5.68;UNKNOWN
2016-03-22T03:15:01.000000;2016-03-22T03:15:01.000000;c4b1d241-3b09-4862-9abe-af39307eb433;414.15;1.85093028;UNKNOWN
2016-03-22T03:15:01.000000;2016-03-22T03:15:01.000000;7dfe23bf-b769-4123-aa73-e4bfbba99220;414.29;4.70538413;UNKNOWN
2016-03-22T03:15:01.000000;2016-03-22T03:15:01.000000;7fcfdc15-4945-43b2-b89b-4f5a03fdbcb6;414.16;6.0;UNKNOWN
2016-03-22T03:15:01.000000;2016-03-22T03:15:01.000000;6054ad8e-fb6a-46fb-8a9b-7534aebdee60;414.21;0.49;UNKNOWN
2016-03-22T03:15:01.000000;2016-03-22T03:15:01.000000;00612b56-f82a-42e2-bfc7-7d029e2cf41c;414.29;6.031;UNKNOWN
2016-03-22T03:15:01.000000;2016-03-22T03:15:01.000000;b51edc55-cc15-49e0-adf3-a59e3076cc41;414.2;0.24268559;UNKNOWN
2016-03-22T03:15:15.000000;2016-03-22T03:15:15.000000;5df91c24-6134-4ea4-94ca-a878798536c8;414.22;0.06306511;UNKNOWN
2016-03-22T03:15:16.000000;2016-03-22T03:15:16.000000;5a2a843e-b914-4513-8392-66246bc0c38c;414.22;0.17466388;UNKNOWN
2016-03-22T03:15:20.000000;2016-03-22T03:15:20.000000;d2d5c101-3ef1-4f5b-8cc3-92e9380d961f;414.22;0.18423172;UNKNOWN
2016-03-22T03:15:24.000000;2016-03-22T03:15:24.000000;1aa3cb56-8eff-4acf-83b9-5097067988c1;414.22;0.10316714;UNKNOWN
2016-03-22T03:15:28.000000;2016-03-22T03:15:28.000000;8c32b0be-e31d-4108-98da-f3af06eded8d;414.22;0.17235344;UNKNOWN
2016-03-22T03:15:31.000000;2016-03-22T03:15:31.000000;3f36384b-d6aa-4574-9425-b8aa9e280794;414.22;0.1;UNKNOWN
2016-03-22T03:15:33.000000;2016-03-22T03:15:33.000000;7a11d506-8bef-46f7-b970-3231004b0938;414.22;0.06675298;UNKNOWN
2016-03-22T03:15:37.000000;2016-03-22T03:15:37.000000;f6eb8574-578b-485d-9d82-cf988c990935;414.21;0.05106718;UNKNOWN
2016-03-22T03:15:40.000000;2016-03-22T03:15:40.000000;c084f80a-893d-4404-9ba5-1653575e3ed6;414.21;0.03128605;UNKNOWN
2016-03-22T03:15:44.000000;2016-03-22T03:15:44.000000;9223d3c2-a095-4b8f-980c-79195fa13ea7;414.2;0.0178785;UNKNOWN
2016-03-22T03:15:47.000000;2016-03-22T03:15:47.000000;d9b345ab-19e7-48cb-998c-c5203f408d2b;414.21;0.02363102;UNKNOWN
2016-03-22T03:16:03.000000;2016-03-22T03:16:03.000000;80fe035b-6d7d-4573-aaca-81c67b66216d;414.15;0.1;UNKNOWN
2016-03-22T03:19:09.000000;2016-03-22T03:19:09.000000;83631fe0-a0c1-421f-8f85-e9fd62df8e89;414.16;0.04838845;UNKNOWN
2016-03-22T03:19:16.000000;2016-03-22T03:19:16.000000;3c7fcca3-bd5c-4726-856a-bf4fae8a7332;414.19;0.06266064;UNKNOWN
2016-03-22T03:21:13.000000;2016-03-22T03:21:13.000000;c54870bf-8782-4690-b1c7-f46fa48da6ce;414.2;0.0662554;UNKNOWN
2016-03-22T03:21:15.000000;2016-03-22T03:21:15.000000;1ea9e865-706e-40d6-9eba-3394c5b9327e;414.2;0.02407952;UNKNOWN
2016-03-22T03:21:19.000000;2016-03-22T03:21:19.000000;49445b26-314d-4464-882e-e31c178c0bb5;414.2;0.48655937;UNKNOWN
2016-03-22T03:21:23.000000;2016-03-22T03:21:23.000000;e5980b1a-923a-4f53-9a5c-7adfc800fbbd;414.2;0.18829936;UNKNOWN
2016-03-22T03:21:27.000000;2016-03-22T03:21:27.000000;82753341-6d1e-4bea-8e4f-9e9fcf994db3;414.2;0.65701531;UNKNOWN
2016-03-22T03:21:32.000000;2016-03-22T03:21:32.000000;7f84ddad-cc0e-4035-affa-47e02e44e048;414.2;0.08595921;UNKNOWN
2016-03-22T03:21:39.000000;2016-03-22T03:21:39.000000;377c9542-702c-4662-a9bb-161853c753cc;414.2;0.01120918;UNKNOWN
2016-03-22T03:22:05.000000;2016-03-22T03:22:05.000000;5d28f2e8-c9b4-4965-9f2d-782fc2508375;414.2;0.2;UNKNOWN
2016-03-22T03:22:34.000000;2016-03-22T03:22:34.000000;01cf9ff0-ccd1-4b7a-a0d8-b36ed584df78;414.2;0.03117162;UNKNOWN
2016-03-22T03:23:26.000000;2016-03-22T03:23:26.000000;a331c813-fc8d-4fbc-addf-0c1d375b40a5;414.2;0.01;UNKNOWN
2016-03-22T03:23:28.000000;2016-03-22T03:23:28.000000;c5e6f5cb-06a3-4f49-94a7-6fe8b2938855;414.2;0.03421104;UNKNOWN
2016-03-22T03:23:35.000000;2016-03-22T03:23:35.000000;5a743c8d-3c0d-4bdc-898d-ce71463af5da;414.2;0.01293655;UNKNOWN
2016-03-22T03:23:43.000000;2016-03-22T03:23:43.000000;adad2d97-4bd0-46b6-8bb7-9484895da936;414.2;0.0189498;UNKNOWN
2016-03-22T03:25:09.000000;2016-03-22T03:25:09.000000;f973f6d6-1f27-4085-8efa-03c863c3ec43;414.2;0.23904001;UNKNOWN
2016-03-22T03:25:42.000000;2016-03-22T03:25:42.000000;1ab40a19-128d-4fb6-85a2-47db6916ee16;414.22;0.30400033;UNKNOWN
2016-03-22T03:25:48.000000;2016-03-22T03:25:48.000000;0f60a391-e820-49e6-ac3d-2f5676c19c27;414.22;0.02885629;UNKNOWN
2016-03-22T03:26:51.000000;2016-03-22T03:26:51.000000;ffd7142f-929f-4744-b814-f85fd87b92a2;414.2;0.195;UNKNOWN
2016-03-22T03:26:52.000000;2016-03-22T03:26:52.000000;7dbe8fd3-c230-4236-9e39-64ab5af230cf;414.32;0.1;UNKNOWN
2016-03-22T03:26:52.000000;2016-03-22T03:26:52.000000;0dbf6b18-44dd-4c49-ba93-831b480128c3;414.25;0.1;UNKNOWN
2016-03-22T03:28:31.000000;2016-03-22T03:28:31.000000;3445cbdb-3933-4fed-a444-29304de438d8;414.2;6.0;UNKNOWN
2016-03-22T03:28:31.000000;2016-03-22T03:28:31.000000;704888ac-313b-446a-b6ae-f9bf72191c58;414.2;14.01709881;UNKNOWN
2016-03-22T03:30:38.000000;2016-03-22T03:30:38.000000;62beea17-2f27-4066-b8a3-8a08436e218f;414.23;0.06386076;UNKNOWN
2016-03-22T03:30:39.000000;2016-03-22T03:30:39.000000;eae8fdd0-ac67-4c4c-896e-4422b986c6f6;414.33;0.27583;UNKNOWN
2016-03-22T03:33:45.000000;2016-03-22T03:33:45.000000;251b3d85-dc9c-4eec-a222-e6324be397e4;414.42;0.22987;UNKNOWN
2016-03-22T03:34:35.000000;2016-03-22T03:34:35.000000;3def048a-f723-4eaa-8793-8b3fcc0b71a2;414.42;2.7746;UNKNOWN
2016-03-22T03:35:09.000000;2016-03-22T03:35:09.000000;80c52120-e94c-48f5-9803-7ea86c0b0d00;414.37;0.047824;UNKNOWN
2016-03-22T03:35:33.000000;2016-03-22T03:35:33.000000;f0703b7d-5c98-4cf4-97cc-550ec0405744;414.5;5.66;UNKNOWN
2016-03-22T03:35:36.000000;2016-03-22T03:35:36.000000;8dad6199-4ef8-46fc-866e-a5fb75af6e2a;414.5;2.8;UNKNOWN
2016-03-22T03:35:39.000000;2016-03-22T03:35:39.000000;20ae2134-f4a7-49a8-aba9-a8fc01199223;414.5;0.1985;UNKNOWN
2016-03-22T03:35:48.000000;2016-03-22T03:35:48.000000;e5246aff-18ec-430e-8e94-ff7fdc227b74;414.5;2.2057;UNKNOWN
2016-03-22T03:35:51.000000;2016-03-22T03:35:51.000000;09989803-a85e-445e-aeb7-83770c1b4ddc;414.5;8.77;UNKNOWN
2016-03-22T03:35:55.000000;2016-03-22T03:35:55.000000;3a15555a-821b-44a3-85b0-cc0ea6414fc3;414.5;0.91;UNKNOWN
2016-03-22T03:35:56.000000;2016-03-22T03:35:56.000000;97ea82b5-d4c4-4698-a5ab-ba345e8b067d;414.5;2.1051;UNKNOWN
2016-03-22T03:35:59.000000;2016-03-22T03:35:59.000000;993186f1-f17d-4643-b99d-07828c77017e;414.5;2.36;UNKNOWN
2016-03-22T03:36:03.000000;2016-03-22T03:36:03.000000;812372d9-c1b6-4153-840c-72475ae34942;414.65;0.055;UNKNOWN
2016-03-22T03:36:03.000000;2016-03-22T03:36:03.000000;397ff7db-4aef-40ea-8e69-497e49d0244a;414.5;0.6502148;UNKNOWN
2016-03-22T03:36:08.000000;2016-03-22T03:36:08.000000;34d5afad-7bda-47f9-ab18-6f9c8df02806;414.92;3.981;UNKNOWN
2016-03-22T03:36:08.000000;2016-03-22T03:36:08.000000;3ae1891c-9c06-48e7-94d2-98c737b207cd;414.9;6.019;UNKNOWN
2016-03-22T03:36:44.000000;2016-03-22T03:36:44.000000;68dd1edb-6d98-458b-87ba-c8997a79ebca;414.97;3.0;UNKNOWN
2016-03-22T03:39:13.000000;2016-03-22T03:39:13.000000;3936eb7c-8444-4c7f-8907-7ddbe854df24;415.0;1.17850453;UNKNOWN
2016-03-22T03:39:13.000000;2016-03-22T03:39:13.000000;9ab81a74-0c71-481b-8af6-50cf4efd5ba5;415.0;1.82149547;UNKNOWN
2016-03-22T03:40:03.000000;2016-03-22T03:40:03.000000;48b1fe98-5434-4a2c-8140-ae8366833f22;415.0;3.82149547;UNKNOWN
2016-03-22T03:40:03.000000;2016-03-22T03:40:03.000000;1389d8b6-06f2-4f6a-84d9-fec53f28983a;415.0;3.95850453;UNKNOWN
2016-03-22T03:40:03.000000;2016-03-22T03:40:03.000000;c08de9b4-14aa-43de-aa8a-1399f5b0f23c;415.0;1.0;UNKNOWN
2016-03-22T03:40:06.000000;2016-03-22T03:40:06.000000;533e17be-a52b-41e0-b8f2-ea0e486cb520;415.0;0.6853;UNKNOWN
2016-03-22T03:40:11.000000;2016-03-22T03:40:11.000000;d8819cb8-9220-4961-8da8-cbed09a5d8a2;414.99;0.12189875;UNKNOWN
2016-03-22T03:40:40.000000;2016-03-22T03:40:40.000000;268de308-0685-4242-90f6-bcf2c355c453;415.0;3.436;UNKNOWN
2016-03-22T03:41:53.000000;2016-03-22T03:41:53.000000;16325bc5-b692-4aa3-bbe5-76b91bf58453;415.0;1.52;UNKNOWN
2016-03-22T03:41:53.000000;2016-03-22T03:41:53.000000;2a5f775d-3364-432e-af3d-92fe7ee04f25;415.0;1.40200453;UNKNOWN
2016-03-22T03:41:53.000000;2016-03-22T03:41:53.000000;027abf66-86ce-430a-8a54-635883ff1901;415.0;1.92019547;UNKNOWN
2016-03-22T03:42:24.000000;2016-03-22T03:42:24.000000;9ca5dcdb-95c1-4dba-b611-da364bed6fe3;414.99;0.4;UNKNOWN
2016-03-22T03:42:24.000000;2016-03-22T03:42:24.000000;be9c485d-31c2-4a04-9abf-cb494864f45a;414.99;0.3856276;UNKNOWN
2016-03-22T03:42:26.000000;2016-03-22T03:42:26.000000;598bb573-10b8-4f58-9c52-3d13494e3e2c;414.99;0.20159998;UNKNOWN
2016-03-22T03:42:29.000000;2016-03-22T03:42:29.000000;827c5ef8-181e-44ca-ac18-0ad637032435;414.99;0.57277242;UNKNOWN
2016-03-22T03:42:29.000000;2016-03-22T03:42:29.000000;22290c73-3479-40de-80f3-cab1b3bdae1a;414.98;0.4;UNKNOWN
2016-03-22T03:42:29.000000;2016-03-22T03:42:29.000000;63542734-322c-4615-b902-cbce8c8cdbf2;414.98;0.11704327;UNKNOWN
2016-03-22T03:42:31.000000;2016-03-22T03:42:31.000000;c0f3daf6-9111-4089-898b-1efe5743174e;414.98;0.54930408;UNKNOWN
2016-03-22T03:43:00.000000;2016-03-22T03:43:00.000000;962c3b5f-a178-4a53-a3bb-6dc743f5a697;415.15;0.01;UNKNOWN
2016-03-22T03:43:00.000000;2016-03-22T03:43:00.000000;51a3c23b-9b7b-47d0-9753-d6a90ce71c89;415.19;0.05;UNKNOWN
2016-03-22T03:43:00.000000;2016-03-22T03:43:00.000000;7dbaf82b-887a-46b3-b26b-0092eddf1247;415.15;6.0168;UNKNOWN
2016-03-22T03:43:00.000000;2016-03-22T03:43:00.000000;7951bad6-5e0e-49eb-89e8-feae0767015d;415.19;0.34294;UNKNOWN
2016-03-22T03:43:00.000000;2016-03-22T03:43:00.000000;e35562a1-edd1-402b-9b44-060faa4df7cb;415.0;4.84040169;UNKNOWN
2016-03-22T03:43:26.000000;2016-03-22T03:43:26.000000;95109839-3c90-4195-bc3b-fcfccaf26b36;415.19;0.01;UNKNOWN
2016-03-22T03:43:26.000000;2016-03-22T03:43:26.000000;015cf854-9ee3-40e5-8020-194f86d5fda5;414.99;0.02641704;UNKNOWN
2016-03-22T03:43:39.000000;2016-03-22T03:43:39.000000;25a5339d-ab1a-4f22-add6-8cbda8f97a8f;415.0;0.02414525;UNKNOWN
2016-03-22T03:44:02.000000;2016-03-22T03:44:02.000000;b978d0cc-6bdc-41dd-81f3-932e68ed3b0a;415.0;0.01;UNKNOWN
2016-03-22T03:44:14.000000;2016-03-22T03:44:14.000000;b9f7388a-a1fa-4e49-96c9-e907f85aeb16;415.0;0.25738186;UNKNOWN
2016-03-22T03:44:15.000000;2016-03-22T03:44:15.000000;7a15cee9-5db5-4699-aa54-2f5d3a57ffa2;415.0;0.10847289;UNKNOWN
2016-03-22T03:44:15.000000;2016-03-22T03:44:15.000000;a1d05404-d3aa-408c-abba-907553f69a50;414.99;0.14891257;UNKNOWN
2016-03-22T03:44:16.000000;2016-03-22T03:44:16.000000;8c84ae3f-fbd2-43c4-a3cb-5a530b0fd4f1;414.99;0.25738546;UNKNOWN
2016-03-22T03:44:16.000000;2016-03-22T03:44:16.000000;c067126f-778d-45f4-a57e-7a22d224925b;414.99;0.25738807;UNKNOWN
2016-03-22T03:44:25.000000;2016-03-22T03:44:25.000000;80093986-27b0-4ced-a703-09a4ea69fa82;415.0;0.065317;UNKNOWN
2016-03-22T03:44:28.000000;2016-03-22T03:44:28.000000;56f8db35-9c19-4284-9fb9-7d7e83ecea62;415.0;0.01429001;UNKNOWN
2016-03-22T03:44:36.000000;2016-03-22T03:44:36.000000;9f02b4a8-f637-4fda-a942-64fea39d75f5;415.01;0.05197717;UNKNOWN
2016-03-22T03:45:31.000000;2016-03-22T03:45:31.000000;68620856-c2a0-4766-8dbe-01a42fe5a969;414.99;0.91582359;UNKNOWN
2016-03-22T03:45:31.000000;2016-03-22T03:45:31.000000;2b16d252-19e0-4cf0-9c60-9a8ee9d11bab;415.01;4.69472547;UNKNOWN
2016-03-22T03:45:31.000000;2016-03-22T03:45:31.000000;930a5a31-3a02-445d-9f4c-a9b8e3d4b06e;415.01;4.69472547;UNKNOWN
2016-03-22T03:45:31.000000;2016-03-22T03:45:31.000000;c928d186-705c-4582-9279-fbd89088c8fc;415.01;4.69472547;UNKNOWN
2016-03-22T03:46:10.000000;2016-03-22T03:46:10.000000;a2a50067-61e1-4767-b081-edacd82a8ca6;415.14;0.01418379;UNKNOWN
2016-03-22T03:47:16.000000;2016-03-22T03:47:16.000000;b078ac23-ef58-422a-9a1f-d09a9976f3da;415.2;0.02839643;UNKNOWN
2016-03-22T03:47:28.000000;2016-03-22T03:47:28.000000;af3eb2dc-4b98-4dc2-9241-7aeca98aa613;415.2;0.00160357;UNKNOWN
2016-03-22T03:47:28.000000;2016-03-22T03:47:28.000000;b730b7bf-ed9e-4f64-8794-9732094ae0ec;415.2;0.02679286;UNKNOWN
2016-03-22T03:47:31.000000;2016-03-22T03:47:31.000000;b5f12612-2d7e-4087-a30f-a0b85cc4d086;415.17;0.12151137;UNKNOWN
2016-03-22T03:49:05.000000;2016-03-22T03:49:05.000000;89ad994c-ea75-4bc1-8f34-e4348232982b;415.2;1.97320714;UNKNOWN
2016-03-22T03:49:16.000000;2016-03-22T03:49:16.000000;a590fc48-d86c-4c59-86bf-00a78be75b18;415.6;5.9681;UNKNOWN
2016-03-22T03:49:16.000000;2016-03-22T03:49:16.000000;f71996d4-0771-4739-9246-d6435b1893d9;415.61;3.8019;UNKNOWN
2016-03-22T03:49:16.000000;2016-03-22T03:49:16.000000;3f71b347-97fc-4def-bd9e-818fc10a3b66;415.38;0.16;UNKNOWN
2016-03-22T03:49:16.000000;2016-03-22T03:49:16.000000;3febb31b-9995-4f81-96f8-f6d65ab582e1;415.4;0.02;UNKNOWN
2016-03-22T03:49:16.000000;2016-03-22T03:49:16.000000;4b676d96-bcab-4f68-92f1-ca4b53bf33f4;415.5;0.05;UNKNOWN
2016-03-22T03:49:23.000000;2016-03-22T03:49:23.000000;b494056b-3cae-4f98-9520-0679e849937b;415.59;0.5;UNKNOWN
2016-03-22T03:49:24.000000;2016-03-22T03:49:24.000000;61176eb2-696f-4457-9c77-0e69d36d02eb;415.59;0.02156581;UNKNOWN
2016-03-22T03:49:26.000000;2016-03-22T03:49:26.000000;2d94c803-d8c8-4389-86f0-a0de079ab977;415.65;1.1;UNKNOWN
2016-03-22T03:49:35.000000;2016-03-22T03:49:35.000000;89da183f-ac95-46d6-81cd-12045932f347;415.64;0.4582;UNKNOWN
2016-03-22T03:49:36.000000;2016-03-22T03:49:36.000000;b06ce585-9c34-4c18-8fa3-2c46cdc0cecf;415.65;0.01617513;UNKNOWN
2016-03-22T03:49:45.000000;2016-03-22T03:49:45.000000;7124316e-5147-4586-bc84-6aca24db2837;415.46;0.022;UNKNOWN
2016-03-22T03:49:45.000000;2016-03-22T03:49:45.000000;cd722590-d6f7-48b9-aa6f-74a6b0d5e0b2;415.64;1.028;UNKNOWN
2016-03-22T03:50:03.000000;2016-03-22T03:50:03.000000;ed0dc20f-53ce-42d4-ac5c-e83a99cf9835;415.39;0.01;UNKNOWN
2016-03-22T03:50:03.000000;2016-03-22T03:50:03.000000;dc68a1f8-d48a-4b0f-9bde-6c20d4c50671;415.39;0.01;UNKNOWN
2016-03-22T03:50:03.000000;2016-03-22T03:50:03.000000;9b2b3171-0432-483c-b9ec-1cbf4da3cae1;415.39;0.01;UNKNOWN
2016-03-22T03:50:22.000000;2016-03-22T03:50:22.000000;1300c2ca-4fac-4046-ada7-ac207d9e3d81;415.65;0.79436367;UNKNOWN
2016-03-22T03:50:48.000000;2016-03-22T03:50:48.000000;460d4b66-a120-45b0-988c-91b3ce06aa9a;415.48;0.0122939;UNKNOWN
2016-03-22T03:50:55.000000;2016-03-22T03:50:55.000000;edddbb03-9d18-4cfd-96db-a71dd2f41ba8;415.48;0.1665889;UNKNOWN
2016-03-22T03:50:58.000000;2016-03-22T03:50:58.000000;9edfd4fb-ef54-4e3e-8d81-03cb99047825;415.48;0.502154;UNKNOWN
2016-03-22T03:51:02.000000;2016-03-22T03:51:02.000000;366a4bc8-42cb-4b54-bd9f-8432d1232e6c;415.48;0.01;UNKNOWN
2016-03-22T03:51:16.000000;2016-03-22T03:51:16.000000;104df698-4b46-458d-8e76-0206fcb75d26;415.48;5.0;UNKNOWN
2016-03-22T03:51:17.000000;2016-03-22T03:51:17.000000;ea353c87-81e2-43eb-ab45-50185f6feefb;415.48;4.68636502;UNKNOWN
2016-03-22T03:51:17.000000;2016-03-22T03:51:17.000000;743e596a-f010-4ef2-ae98-161ce4e18fce;415.48;4.60060774;UNKNOWN
2016-03-22T03:53:11.000000;2016-03-22T03:53:11.000000;c5f26ad6-dc41-4c87-b8c6-b0b84cb1844a;415.6;0.68727;UNKNOWN
2016-03-22T03:53:33.000000;2016-03-22T03:53:33.000000;63e1ccfd-18ca-4e7e-94c4-165362c13c9c;415.58;0.2;UNKNOWN
2016-03-22T03:53:33.000000;2016-03-22T03:53:33.000000;c56416fb-a2e8-4058-ba3a-c8b8ea57e109;415.6;0.0167;UNKNOWN
2016-03-22T03:53:36.000000;2016-03-22T03:53:36.000000;5451258e-bbfd-4544-8ec5-8a1f933de2ed;415.56;0.02257745;UNKNOWN
2016-03-22T03:53:42.000000;2016-03-22T03:53:42.000000;32cc1ccf-0eea-4dfc-bd89-80339d214904;415.6;1.0;UNKNOWN
2016-03-22T03:53:52.000000;2016-03-22T03:53:52.000000;36a4c995-ebe1-44ca-b7c1-4d1352f46a65;415.6;0.205515;UNKNOWN
2016-03-22T03:53:52.000000;2016-03-22T03:53:52.000000;0def689e-3a3c-44a5-b07f-a00607509487;415.57;0.057776;UNKNOWN
2016-03-22T03:53:52.000000;2016-03-22T03:53:52.000000;fa79d09d-cb88-47bb-a523-b35a3d9da609;415.58;0.034385;UNKNOWN
2016-03-22T03:53:55.000000;2016-03-22T03:53:55.000000;422886e2-3d75-4033-80e8-3e6d69285a2b;415.57;0.02422;UNKNOWN
2016-03-22T03:54:35.000000;2016-03-22T03:54:35.000000;b550b9b2-ea92-4b51-b61e-e6727f8d70a8;415.6;0.9546;UNKNOWN
2016-03-22T03:54:49.000000;2016-03-22T03:54:49.000000;6b760bac-efff-4557-bfdc-16a1f8f2cb41;415.6;0.4594;UNKNOWN
2016-03-22T03:55:06.000000;2016-03-22T03:55:06.000000;d7dccd61-a13f-43bd-b58e-4df018143af4;415.6;0.2423;UNKNOWN
2016-03-22T03:55:14.000000;2016-03-22T03:55:14.000000;c2545773-9bb4-4634-915a-a7378dce77c5;415.6;0.2272;UNKNOWN
2016-03-22T03:55:18.000000;2016-03-22T03:55:18.000000;edf030b9-5b5b-405e-9807-d1fcfb2bfeca;415.6;0.027015;UNKNOWN
2016-03-22T03:55:18.000000;2016-03-22T03:55:18.000000;5360c6d6-a5a5-4d66-a115-0cd2a0c14695;415.65;0.072985;UNKNOWN
2016-03-22T03:55:22.000000;2016-03-22T03:55:22.000000;03f9e6ba-4922-4cf4-a431-c8b9022e97a9;415.65;0.0164762;UNKNOWN
2016-03-22T03:55:22.000000;2016-03-22T03:55:22.000000;3b6ea91b-345a-44c9-8c5a-507b448f0fd2;415.8;0.2209238;UNKNOWN
2016-03-22T03:55:31.000000;2016-03-22T03:55:31.000000;d0a51216-d554-4d4e-b051-83a0d6687be2;415.62;0.24191;UNKNOWN
2016-03-22T03:55:49.000000;2016-03-22T03:55:49.000000;017981d5-5b5f-471c-a217-5b044f7c9d91;415.62;0.03496007;UNKNOWN
2016-03-22T03:56:06.000000;2016-03-22T03:56:06.000000;95136c8d-1ec3-411f-bdc2-f94ab63bd72a;415.78;0.08074009;UNKNOWN
2016-03-22T03:56:24.000000;2016-03-22T03:56:24.000000;e51d0882-48dc-4bf6-be7c-04b8a23613b3;415.78;0.01;UNKNOWN
2016-03-22T03:56:39.000000;2016-03-22T03:56:39.000000;544399b9-dad9-4a1b-88b3-f6745f8d5aab;415.78;0.01;UNKNOWN
2016-03-22T03:56:54.000000;2016-03-22T03:56:54.000000;1676d077-99f4-40c5-8e33-b546f1a2b415;415.78;0.01;UNKNOWN
2016-03-22T03:57:14.000000;2016-03-22T03:57:14.000000;0c9709e0-7820-47e2-b4e2-3ae569dc4303;415.78;0.6;UNKNOWN
2016-03-22T03:57:42.000000;2016-03-22T03:57:42.000000;09c45af4-d013-460e-af47-d05689891b2f;415.8;0.45819;UNKNOWN
2016-03-22T03:57:48.000000;2016-03-22T03:57:48.000000;452aca05-663e-447e-b52d-1dbd95ce6ebc;415.78;0.32;UNKNOWN
2016-03-22T03:57:56.000000;2016-03-22T03:57:56.000000;0da71482-7efb-4318-9f8b-6077b6fe689f;415.78;2.0;UNKNOWN
2016-03-22T03:58:24.000000;2016-03-22T03:58:24.000000;2854157b-5284-47d0-901e-82b6f43aa8bf;415.78;0.01;UNKNOWN
2016-03-22T03:58:42.000000;2016-03-22T03:58:42.000000;03988d75-3ffb-4d8f-9a42-f579f02cc9a1;415.78;0.69;UNKNOWN
2016-03-22T03:58:51.000000;2016-03-22T03:58:51.000000;24de0294-b726-400b-afb6-b96189598e64;415.78;0.012326;UNKNOWN
2016-03-22T03:59:26.000000;2016-03-22T03:59:26.000000;1fb792b7-f3a0-4a40-ae3e-d1a32a433f03;415.78;0.6;UNKNOWN
2016-03-22T04:00:04.000000;2016-03-22T04:00:04.000000;eb9f3049-cc2e-4d33-905b-629760bb73f6;415.79;1.49325947;UNKNOWN
2016-03-22T04:00:05.000000;2016-03-22T04:00:05.000000;a88b0d36-422e-433e-963b-2b06a850cc50;415.79;1.02294574;UNKNOWN
2016-03-22T04:00:11.000000;2016-03-22T04:00:11.000000;67a5fa92-ec25-45a1-b1cf-828e54b840f3;415.78;0.0112;UNKNOWN
2016-03-22T04:00:12.000000;2016-03-22T04:00:12.000000;fcd2a0c6-0647-4b1e-9fca-330266f14e43;415.78;0.07229814;UNKNOWN
2016-03-22T04:00:34.000000;2016-03-22T04:00:34.000000;464533c3-4fae-48a4-802b-086f604baf16;415.78;0.013414;UNKNOWN
2016-03-22T04:00:35.000000;2016-03-22T04:00:35.000000;a4517f19-1e2c-4770-b503-fdc25dc71080;415.78;0.05961749;UNKNOWN
2016-03-22T04:00:49.000000;2016-03-22T04:00:49.000000;e23ad0b8-2c97-46ee-808e-0b6ee780babe;415.78;0.0223;UNKNOWN
2016-03-22T04:00:49.000000;2016-03-22T04:00:49.000000;b4bfdd22-489b-44c7-9fa7-8ce13702c1de;415.79;3.9976;UNKNOWN
2016-03-22T04:01:09.000000;2016-03-22T04:01:09.000000;22827065-7310-4a16-b28f-63054dd58441;415.78;0.11326709;UNKNOWN
2016-03-22T04:01:10.000000;2016-03-22T04:01:10.000000;b50b7aea-a028-43d8-90dd-1e8e43ca4fbf;415.79;11.06080521;UNKNOWN
2016-03-22T04:01:10.000000;2016-03-22T04:01:10.000000;123062f8-6f27-4c62-ae46-03b44a886515;415.79;13.48619479;UNKNOWN
2016-03-22T04:01:15.000000;2016-03-22T04:01:15.000000;67679bef-df54-40af-a112-6dd9b92c906d;415.78;0.015847;UNKNOWN
2016-03-22T04:01:27.000000;2016-03-22T04:01:27.000000;0a634372-0134-41b3-b6e9-7ddf2d35ad65;415.79;2.7662;UNKNOWN
2016-03-22T04:01:37.000000;2016-03-22T04:01:37.000000;44ff4efc-5052-4fcd-9c17-82fb3803bc03;415.79;11.0477;UNKNOWN
2016-03-22T04:01:41.000000;2016-03-22T04:01:41.000000;57897200-3333-4e7f-916e-7a53e1a3bc53;415.79;0.0446;UNKNOWN
2016-03-22T04:01:50.000000;2016-03-22T04:01:50.000000;eaffef93-e381-47e5-b262-11980b410da6;415.8;1.3208862;UNKNOWN
2016-03-22T04:01:50.000000;2016-03-22T04:01:50.000000;17902205-eb41-424d-98f3-57201918491b;415.99;5.5049;UNKNOWN
2016-03-22T04:01:50.000000;2016-03-22T04:01:50.000000;92efca0d-d19d-47b6-a00a-3b5b6bad23b0;415.81;7.1508;UNKNOWN
2016-03-22T04:01:50.000000;2016-03-22T04:01:50.000000;bf6117dc-f8b0-4e7b-9ed6-1ad89c1624d4;415.79;11.01634969;UNKNOWN
2016-03-22T04:01:50.000000;2016-03-22T04:01:50.000000;4933f6ea-9a8d-42a4-b8fc-4dbbc16e9eec;415.99;10.20606411;UNKNOWN
2016-03-22T04:01:54.000000;2016-03-22T04:01:54.000000;5769f63d-430f-4fd6-b8de-c94ad1d330bb;415.8;0.4827442;UNKNOWN
2016-03-22T04:01:58.000000;2016-03-22T04:01:58.000000;c5010308-01c4-4284-8bcf-3ba8d1f81669;415.83;0.08608976;UNKNOWN
2016-03-22T04:01:58.000000;2016-03-22T04:01:58.000000;a24bcce5-50b6-4d7c-bc38-06150ddf8d58;415.83;0.5;UNKNOWN
2016-03-22T04:02:04.000000;2016-03-22T04:02:04.000000;0264dcff-7350-4306-bebd-7cd47365e1b2;415.84;0.0006;UNKNOWN
2016-03-22T04:02:10.000000;2016-03-22T04:02:10.000000;b1c6e9c6-f666-4e8c-b640-bab0eb1da2da;415.99;2.87848863;UNKNOWN
2016-03-22T04:02:16.000000;2016-03-22T04:02:16.000000;e7283987-dec4-4bf0-95d7-948487d2a5b9;415.99;0.4615;UNKNOWN
2016-03-22T04:02:30.000000;2016-03-22T04:02:30.000000;870aad6f-c474-4a1f-b592-b30b62ee1134;415.99;0.461;UNKNOWN
2016-03-22T04:02:39.000000;2016-03-22T04:02:39.000000;4d1c34a9-e2ec-4f19-8301-250050fa2156;415.99;0.4722;UNKNOWN
2016-03-22T04:02:51.000000;2016-03-22T04:02:51.000000;c41a7b12-4537-42da-ab30-ed04fe14f7b7;415.96;0.26924598;UNKNOWN
2016-03-22T04:02:51.000000;2016-03-22T04:02:51.000000;56591946-bb5f-494c-a0bb-49023a4e4530;415.96;0.0199466;UNKNOWN
2016-03-22T04:02:59.000000;2016-03-22T04:02:59.000000;98bba541-f363-4b86-835f-29bc343b1925;415.99;0.0158;UNKNOWN
2016-03-22T04:03:02.000000;2016-03-22T04:03:02.000000;27748818-97a3-497b-b815-9ca0a9606383;415.97;0.01;UNKNOWN
2016-03-22T04:03:02.000000;2016-03-22T04:03:02.000000;0e82244f-c7b6-4c30-aaee-8c61f03bf17b;415.97;0.01;UNKNOWN
