time_exchange;time_coinpai;guid;price;base_amount;taker_side
2016-03-22T00:03:34.000000;2016-03-22T00:03:35.180000;03e94921-74d9-44a6-8bfe-8d6fb02a07b8;11.819;1.2755;SELL
2016-03-22T00:04:27.000000;2016-03-22T00:04:28.243000;1f18d3c0-9bf8-446c-b944-01155fafccc5;11.941;2.5204;BUY
2016-03-22T00:06:22.000000;2016-03-22T00:06:23.807000;e8b6f989-1a16-422c-959f-15567666e390;11.819;3.47771411;SELL
2016-03-22T00:08:27.000000;2016-03-22T00:08:28.647000;291a1f8a-8391-4ae4-a08b-88c81240f860;11.819;36.96408589;SELL
2016-03-22T00:08:32.000000;2016-03-22T00:08:32.633000;67361edb-f8f2-4b13-95ca-c611f0ca8fbb;11.75;18.03591411;BUY
2016-03-22T00:12:26.000000;2016-03-22T00:12:27.237000;ffc6d77e-4430-4ecb-812b-b647cee7b130;11.762;28.00438652;SELL
2016-03-22T00:12:51.000000;2016-03-22T00:12:53.390000;982caf5c-b782-4efb-a2b9-27eb0b98e359;11.758;3.09192941;SELL
2016-03-22T00:13:55.000000;2016-03-22T00:13:55.930000;7c3473ba-f062-4672-994c-11db5dc92ae7;11.758;14.9439847;SELL
2016-03-22T00:13:55.000000;2016-03-22T00:13:55.943000;a2cf272f-379d-4640-bf5a-d9d3cdd45a45;11.758;13.06040182;SELL
2016-03-22T00:13:57.000000;2016-03-22T00:13:58.027000;280d14aa-338f-4b55-b809-4a4694f0aa60;11.758;0.999;SELL
2016-03-22T00:13:58.000000;2016-03-22T00:13:59.390000;ca69543b-94a8-4735-a5b5-d704ecb5b160;11.758;0.999;SELL
2016-03-22T00:13:58.000000;2016-03-22T00:13:59.427000;f15a3164-87b9-4b30-ac39-7266e854c90f;11.758;2.97751229;SELL
2016-03-22T00:13:59.000000;2016-03-22T00:13:59.877000;2b98feda-6e9a-4568-8c8a-73a7132ffbe0;11.756;14.17476139;SELL
2016-03-22T00:14:00.000000;2016-03-22T00:14:00.677000;b18f0a2d-5604-4bfa-9214-b2d9fcc67604;11.756;3.86115272;SELL
2016-03-22T00:14:01.000000;2016-03-22T00:14:01.430000;4bd4503a-6cd2-4b25-a636-ec1e8abff1ef;11.688;5.21329158;SELL
2016-03-22T00:14:01.000000;2016-03-22T00:14:01.790000;f4220ab0-b6fe-4638-995c-9cbe3d3d20d2;11.667;2.320422;SELL
2016-03-22T00:14:01.000000;2016-03-22T00:14:01.820000;1ac3c692-6098-4671-b3d1-c713e15428e4;11.667;11.086124;SELL
2016-03-22T00:14:01.000000;2016-03-22T00:14:01.873000;30ed8420-03c7-4640-9f16-50d5cd80094c;11.62;0.4526818;SELL
2016-03-22T00:14:01.000000;2016-03-22T00:14:01.900000;a5f0cecf-c0cb-434e-af41-137771e98610;11.532;1.68177896;SELL
2016-03-22T00:14:02.000000;2016-03-22T00:14:02.680000;82d90d01-79e5-4143-ac44-1ec625d55b2c;11.532;3.34429608;SELL
2016-03-22T00:18:43.000000;2016-03-22T00:18:44.193000;4d21f8b0-47af-403f-9ffd-215f284da391;11.654;0.8;SELL
2016-03-22T00:18:43.000000;2016-03-22T00:18:44.223000;1cc9c71d-87b1-458f-acfb-a0ffe38f8e3e;11.653;27.053511;SELL
2016-03-22T00:18:45.000000;2016-03-22T00:18:46.257000;8fb35f57-1ced-42f6-a1d0-2781e77dd05f;11.637;41.7352;SELL
2016-03-22T00:18:45.000000;2016-03-22T00:18:46.270000;dcd7f025-b020-4bc8-9128-270817f558a4;11.636;2.098311;SELL
2016-03-22T00:18:47.000000;2016-03-22T00:18:47.783000;90475b36-fb05-4569-886c-8f3bce0bc7af;11.637;41.9153;SELL
2016-03-22T00:18:47.000000;2016-03-22T00:18:47.800000;c3194e31-c09f-4239-9816-9f1e8b3975b4;11.636;0.2256;SELL
2016-03-22T00:18:51.000000;2016-03-22T00:18:52.210000;3cef4b88-416f-4f9d-b325-679d11b876f7;11.575;2.323911;BUY
2016-03-22T00:18:51.000000;2016-03-22T00:18:52.217000;b8463d63-8efa-4eb1-87e3-40a6f448dbd3;11.636;1.076089;BUY
2016-03-22T00:27:43.000000;2016-03-22T00:27:43.820000;5056ac97-d3a5-419e-b27e-3e739fe448b0;11.53;77.53057514;SELL
2016-03-22T00:29:21.000000;2016-03-22T00:29:21.990000;0f771029-1c20-45dc-abb3-4f44c5ed1a2d;11.53;1.28225926;BUY
2016-03-22T00:29:25.000000;2016-03-22T00:29:26.457000;bcbf819f-e804-4d1d-ac04-92288b0dad7f;11.53;28.03241894;BUY
2016-03-22T00:29:44.000000;2016-03-22T00:29:44.067000;26150b46-e677-49bc-8ef7-3feb5580a848;11.53;1.001001;BUY
2016-03-22T00:29:44.000000;2016-03-22T00:29:44.600000;e15e7e4c-e5a9-4121-8726-6daadf12c244;11.53;1.001001;BUY
2016-03-22T00:29:44.000000;2016-03-22T00:29:44.793000;985e2ad1-885b-4270-ac17-cd6581763cbb;11.53;4.99512668;BUY
2016-03-22T00:29:46.000000;2016-03-22T00:29:47.900000;80de632f-276a-4b53-b259-f4de098e931e;11.53;1.0;BUY
2016-03-22T00:29:47.000000;2016-03-22T00:29:48.287000;434f9c5c-6f14-4f71-be45-4ebca208c105;11.53;2.46601264;BUY
2016-03-22T00:29:48.000000;2016-03-22T00:29:48.383000;556911b1-58df-416d-8856-4ee49a237aee;11.53;18.90609552;BUY
2016-03-22T00:29:48.000000;2016-03-22T00:29:48.763000;3544c8d7-1be3-41d8-a4ef-ba858e4d9323;11.53;4.99512668;BUY
2016-03-22T00:29:50.000000;2016-03-22T00:29:51.277000;194492e7-6ca4-4258-8b1d-2958f8691f3b;11.53;0.43504226;BUY
2016-03-22T00:29:50.000000;2016-03-22T00:29:51.383000;2d62d000-d1f1-4359-a191-0b1aa3ed5735;11.53;3.33532414;BUY
2016-03-22T00:29:53.000000;2016-03-22T00:29:53.867000;1efc33aa-5ce8-44e2-a78f-42a1da3fd810;11.53;41.92;BUY
2016-03-22T00:30:03.000000;2016-03-22T00:30:03.373000;ffcab322-86b7-4b7e-af06-e8c829b30a18;11.53;2.35318833;BUY
2016-03-22T00:30:20.000000;2016-03-22T00:30:20.627000;08c234cf-91fb-45e9-84e7-4cec96d8e7a0;11.53;28.03241894;BUY
2016-03-22T00:30:22.000000;2016-03-22T00:30:22.077000;df39b5db-2aa5-48ab-b440-9c6f5306dda7;11.53;28.03241894;BUY
2016-03-22T00:30:24.000000;2016-03-22T00:30:25.263000;c80af164-79ae-48fc-afb1-fdc190b60d5c;11.53;28.03241894;BUY
2016-03-22T00:30:25.000000;2016-03-22T00:30:26.140000;8bbcc1fb-c202-40c0-bc89-f2f56f447cc0;11.53;28.03241894;BUY
2016-03-22T00:30:27.000000;2016-03-22T00:30:27.120000;a0c4270e-d63c-4c59-87c1-88b4f6623479;11.53;28.00438652;BUY
2016-03-22T00:30:27.000000;2016-03-22T00:30:27.360000;f85ac7b2-869c-458d-a95c-8801db235406;11.53;23.78790613;BUY
2016-03-22T00:30:29.000000;2016-03-22T00:30:29.250000;ad90a890-0013-4225-8810-0aae67e0c4cb;11.6;0.8;BUY
2016-03-22T00:30:29.000000;2016-03-22T00:30:29.263000;6bd5e2bf-143c-467b-b46d-02e88e9ddf03;11.601;1.247822;BUY
2016-03-22T00:30:30.000000;2016-03-22T00:30:30.763000;8f12a9bb-6a7a-4758-aa81-3cef2020ef6d;11.601;2.19669081;SELL
2016-03-22T00:30:30.000000;2016-03-22T00:30:31.597000;1132ea29-83c1-4b2d-b497-b83cdc56f539;11.651;2.19669081;BUY
2016-03-22T00:30:32.000000;2016-03-22T00:30:32.667000;a49634ec-1b6a-4ed2-89bb-8c164844d04b;11.652;2.19669081;BUY
2016-03-22T00:30:34.000000;2016-03-22T00:30:34.863000;610aceff-ee55-4273-b069-358b04d711e8;11.529;3.0;SELL
2016-03-22T00:30:34.000000;2016-03-22T00:30:34.863000;cf429432-8e1d-4d86-8b4e-fad5feac7daf;11.515;16.29224589;SELL
2016-03-22T00:33:18.000000;2016-03-22T00:33:19.280000;7f715437-a723-4b2e-8f6e-5762a8c18a60;11.53;40.0;SELL
2016-03-22T00:58:44.000000;2016-03-22T00:58:44.900000;2d17930d-3ffe-4a66-a21e-8ddfbdffd1d9;11.5;10.0;SELL
2016-03-22T00:58:51.000000;2016-03-22T00:58:51.940000;29f57764-9b3a-4060-98d4-c38b4844c0ed;11.47;28.00438652;SELL
2016-03-22T00:59:52.000000;2016-03-22T00:59:52.160000;9e6f4c3d-7785-415e-8274-fae97325838d;11.47;5.994;SELL
2016-03-22T01:02:10.000000;2016-03-22T01:02:10.877000;2f168821-876a-4aec-a0e8-6dfe0dc5b024;11.47;1.617;SELL
2016-03-22T01:02:23.000000;2016-03-22T01:02:23.883000;55dcbf9b-8800-4d3c-bb9d-140cd07d35fa;11.47;3.6681;SELL
2016-03-22T01:02:33.000000;2016-03-22T01:02:33.443000;2f12b5a3-8cb8-4af9-8193-2dd0868ab06a;11.47;4.495;SELL
2016-03-22T01:02:34.000000;2016-03-22T01:02:34.140000;e2f15be4-7aeb-4215-a171-60d82ce0fb88;11.47;0.999;SELL
2016-03-22T01:02:35.000000;2016-03-22T01:02:35.690000;291599a4-b3f4-4747-98ea-ec518701d9d6;11.47;0.999;SELL
2016-03-22T01:02:36.000000;2016-03-22T01:02:36.537000;700e3cd2-10de-498a-bf8e-2e042e85b3c2;11.47;0.999;SELL
2016-03-22T01:05:09.000000;2016-03-22T01:05:10.663000;287ee396-4a40-43c3-82e9-b181622a5961;11.47;3.61069475;SELL
2016-03-22T01:05:14.000000;2016-03-22T01:05:14.377000;ea458427-1900-4bd4-8438-d50eed3fb30c;11.47;3.62880969;SELL
2016-03-22T01:05:18.000000;2016-03-22T01:05:18.623000;767f24ac-7ea3-4e51-a42d-ee4cccc83825;11.47;3.62880969;SELL
2016-03-22T01:05:21.000000;2016-03-22T01:05:21.647000;ac00c1cc-1eaa-45e9-b0df-10aced2489d6;11.47;25.88679872;SELL
2016-03-22T01:05:24.000000;2016-03-22T01:05:24.487000;5eb119dd-aa33-43cf-8904-12a1ab5c70c7;11.47;3.62880969;SELL
2016-03-22T01:05:34.000000;2016-03-22T01:05:34.513000;1f68f88f-5e2a-4d26-94f8-66c5ac698cce;11.47;3.62880969;SELL
2016-03-22T01:05:39.000000;2016-03-22T01:05:39.523000;dd17ac7b-f8af-48bb-ba02-926d49534583;11.47;3.62880969;SELL
2016-03-22T01:05:44.000000;2016-03-22T01:05:44.507000;e3991cec-7398-4ef8-bb36-b0eb6b01cde1;11.47;3.62880969;SELL
2016-03-22T01:05:48.000000;2016-03-22T01:05:48.110000;6c3d184b-4a68-4923-a901-a5bcb2ac5642;11.47;3.62880969;SELL
2016-03-22T01:05:52.000000;2016-03-22T01:05:52.430000;498f41b4-59bc-4173-8018-a8c17a02076f;11.47;3.62880969;SELL
2016-03-22T01:07:10.000000;2016-03-22T01:07:10.940000;b7156320-820f-432d-9bad-9d554baacd53;11.47;4.06559418;SELL
2016-03-22T01:10:47.000000;2016-03-22T01:10:47.990000;51ec21fd-c969-422b-a1eb-d80258421524;11.47;4.4422099;SELL
2016-03-22T01:26:47.000000;2016-03-22T01:26:47.763000;9e10cf42-5b22-4d6b-bdcf-e386d78549f7;11.544;2.289875;BUY
2016-03-22T01:26:47.000000;2016-03-22T01:26:47.780000;8681c67e-d358-4624-9349-406eab558316;11.549;0.56893952;BUY
2016-03-22T01:26:47.000000;2016-03-22T01:26:47.783000;36d11b5c-f20b-4709-8055-a15720b5eea4;11.55;7.14118548;BUY
2016-03-22T01:29:53.000000;2016-03-22T01:29:53.580000;fec415f0-7961-4d5b-a18f-d46682c431d8;11.571;3.0;BUY
2016-03-22T01:29:53.000000;2016-03-22T01:29:53.597000;2242ea9f-d615-4d6c-bcfb-5259ddc1de6a;11.572;149.2657;BUY
2016-03-22T01:44:16.000000;2016-03-22T01:44:16.353000;5c7724c0-987e-4599-bdb6-393e470d670c;11.587;2.0;BUY
2016-03-22T01:50:49.000000;2016-03-22T01:50:49.860000;eef39e8f-9968-4f98-bfcd-e97722133fd5;11.55;0.17811385;SELL
2016-03-22T02:12:46.000000;2016-03-22T02:12:46.523000;a54851d0-ed57-4383-8ff4-56136b2b3290;11.47;28.00438652;SELL
2016-03-22T02:14:10.000000;2016-03-22T02:14:10.790000;803efa42-259e-40be-8a4a-7f772843ce94;11.47;3.75944465;SELL
2016-03-22T02:14:10.000000;2016-03-22T02:14:10.897000;e12d470c-3049-4493-9a59-3fa601745f05;11.47;28.82240713;SELL
2016-03-22T02:14:11.000000;2016-03-22T02:14:11.083000;888b4686-3536-4f66-bb16-b1dd47d636fe;11.47;0.49036227;SELL
2016-03-22T02:14:11.000000;2016-03-22T02:14:11.430000;599f4973-39ec-495f-b32e-59219c85f0b3;11.47;16.87778595;SELL
2016-03-22T02:14:12.000000;2016-03-22T02:14:12.673000;059e750e-7602-4973-badb-796639a8c09f;11.47;1.67580941;SELL
2016-03-22T02:14:15.000000;2016-03-22T02:14:15.380000;f8495fae-55b0-4963-8719-6bf687844c71;11.47;3.14806603;SELL
2016-03-22T02:14:15.000000;2016-03-22T02:14:15.397000;4a854d05-10e4-4bf6-873c-7487a867d385;11.47;0.41061711;SELL
2016-03-22T02:19:55.000000;2016-03-22T02:19:55.873000;04cd5bb8-0655-4007-9a54-b6a29249530a;11.47;0.43859443;SELL
2016-03-22T02:19:56.000000;2016-03-22T02:19:56.403000;6484edab-7cec-4ee7-821b-5589217dbf59;11.47;2.355174;SELL
2016-03-22T02:19:58.000000;2016-03-22T02:19:58.057000;6c3b7827-e32b-41ad-8248-a3bd465b78b5;11.47;0.20609091;SELL
2016-03-22T02:38:09.000000;2016-03-22T02:38:09.590000;2e45cab8-8396-4c45-bf39-fbbcbf4a1c26;11.429;1.0;BUY
2016-03-22T02:38:13.000000;2016-03-22T02:38:13.660000;58a9058c-53e5-4fdd-a549-acb9df1dbcf9;11.4;10.0;SELL
2016-03-22T02:43:12.000000;2016-03-22T02:43:12.830000;8583188f-cd6c-4bac-aa30-ba0f1dd2914f;11.352;2.9;SELL
2016-03-22T02:47:31.000000;2016-03-22T02:47:32.180000;3977f1d9-7f9a-4bf8-a090-b4ffe28bf7e9;11.43;26.3217;BUY
2016-03-22T02:47:31.000000;2016-03-22T02:47:32.217000;d5ebea11-52f9-48bf-89a0-ee2724c2400b;11.436;1.71071894;BUY
2016-03-22T02:51:24.000000;2016-03-22T02:51:24.157000;5eab5c10-3225-4880-8c6f-eaa6fc37b723;11.436;1.08304949;BUY
2016-03-22T02:53:29.000000;2016-03-22T02:53:29.807000;b01b4913-452e-4c4d-b5e9-71c29a90dccc;11.436;7.24112962;SELL
2016-03-22T02:53:36.000000;2016-03-22T02:53:36.280000;3829852e-d065-41af-993f-e0fbe2608a54;11.436;5.34823846;SELL
2016-03-22T02:53:39.000000;2016-03-22T02:53:39.760000;ffa69ad4-cec3-4622-a22a-1220960b75d3;11.436;0.62758243;SELL
2016-03-22T03:01:51.000000;2016-03-22T03:01:51.543000;1d924a1f-d22f-4704-ae01-1b5b96509565;11.331;3.28049264;SELL
2016-03-22T03:26:11.000000;2016-03-22T03:26:11.077000;551d7005-683d-4e89-9c22-9467bce85185;11.499;1.249;BUY
2016-03-22T03:27:52.000000;2016-03-22T03:27:52.530000;26f58be3-2b0a-4cae-a950-f74a4d3ceae3;11.499;1.100344;BUY
2016-03-22T03:33:12.000000;2016-03-22T03:33:12.803000;59eae75c-927b-4620-bd7d-1db64872a887;11.55;0.82188615;BUY
2016-03-22T03:42:15.000000;2016-03-22T03:42:15.127000;d5f9773f-fd33-46ea-824e-b2bb1bd198d1;11.573;0.19669081;BUY
2016-03-22T03:42:24.000000;2016-03-22T03:42:25.903000;c3f3b368-c35c-4940-80ea-315649f59655;11.619;2.358563;BUY
2016-03-22T03:42:24.000000;2016-03-22T03:42:25.907000;04226fbf-7593-49d8-9221-1461019bac23;11.619;25.67385593;BUY
2016-03-22T03:42:26.000000;2016-03-22T03:42:26.570000;c0c5d65e-b281-4e61-a849-19362504ffb8;11.617;3.3;BUY
2016-03-22T03:42:26.000000;2016-03-22T03:42:26.583000;76f5e6f9-7abe-47a1-b640-642db2c3df8a;11.619;3.89368308;BUY
2016-03-22T03:42:30.000000;2016-03-22T03:42:30.240000;8570441e-0afd-4201-adc5-71848de47b58;11.619;7.424086;BUY
2016-03-22T03:42:40.000000;2016-03-22T03:42:40.890000;d044bca2-1c15-4894-b18a-38da43d28750;11.687;2.19318462;BUY
2016-03-22T03:42:40.000000;2016-03-22T03:42:40.907000;21a90154-e3a4-4b4f-be1c-6061c40b298e;11.689;10.886957;BUY
2016-03-22T03:42:40.000000;2016-03-22T03:42:40.920000;184bd9b9-4b76-4a54-ac74-750c9f101311;11.69;0.45222912;BUY
2016-03-22T03:43:26.000000;2016-03-22T03:43:26.163000;7c0ba15e-5ef0-4fb9-9092-a9429d341fd1;11.75;1.28507203;BUY
2016-03-22T03:44:14.000000;2016-03-22T03:44:14.163000;a6229d30-9551-464d-b4c4-26aecc83dea4;11.756;5.00100941;BUY
2016-03-22T03:44:14.000000;2016-03-22T03:44:14.177000;67fc044e-2f83-4b52-a3ea-0b43eda7e121;11.758;4.07508053;BUY
2016-03-22T03:44:28.000000;2016-03-22T03:44:28.077000;4d549505-1719-4a52-8c29-119a03682d23;11.837;0.5005005;BUY
2016-03-22T03:44:36.000000;2016-03-22T03:44:36.983000;8ac58244-0377-47ac-bd92-3265562b9f7e;11.837;1.8205185;BUY
2016-03-22T03:47:16.000000;2016-03-22T03:47:16.207000;87312441-db81-4339-9615-d5d3e9fc1ae5;11.802;1.0;SELL
2016-03-22T03:47:28.000000;2016-03-22T03:47:28.713000;68efb860-64af-479b-9d39-468310c4f6ac;11.802;1.0;SELL
2016-03-22T03:50:22.000000;2016-03-22T03:50:22.740000;8ba1a494-4610-45ba-9ad7-cf27101980d5;11.802;28.00438652;SELL
2016-03-22T04:01:59.000000;2016-03-22T04:01:59.760000;dbd79c83-1a34-41be-a4eb-17460c8cd51a;11.782;8.30608994;SELL
2016-03-22T04:02:02.000000;2016-03-22T04:02:02.380000;a17c3343-88c8-4937-a740-9656ddef3013;11.782;0.77;SELL
2016-03-22T04:02:39.000000;2016-03-22T04:02:39.423000;2ad01cf1-d00e-40e5-a295-41b649794e6e;11.77;0.65608994;SELL
2016-03-22T04:02:52.000000;2016-03-22T04:02:52.497000;2720758b-441c-43c9-bdc9-24d90a23183c;11.77;0.70563266;SELL
2016-03-22T04:03:44.000000;2016-03-22T04:03:44.090000;b7d681ee-5e97-41a2-8fd6-4d1e6c54b503;11.77;7.71436734;SELL
2016-03-22T04:06:29.000000;2016-03-22T04:06:29.760000;91a59ee9-ac19-49ed-b7bf-85919c68924d;11.698;0.5;SELL
2016-03-22T04:07:55.000000;2016-03-22T04:07:56.740000;d4970492-e115-442a-927e-437f5363ca08;11.698;41.7817;SELL
2016-03-22T04:08:55.000000;2016-03-22T04:08:55.663000;1476e6ca-a5a1-40bf-a8b3-df4f2260db8b;11.755;10.6162;BUY
2016-03-22T04:09:18.000000;2016-03-22T04:09:19.020000;ba0efd6f-efec-4eea-a754-64a5ef17f0f3;11.649;2.8;SELL
2016-03-22T04:09:18.000000;2016-03-22T04:09:19.033000;7325b351-3b73-499e-9ea0-6d01c255ef7f;11.648;10.3755136;SELL
2016-03-22T04:09:27.000000;2016-03-22T04:09:27.827000;9c85093a-495c-457c-b600-9d66e40f8132;11.649;0.8;SELL
2016-03-22T04:09:27.000000;2016-03-22T04:09:27.837000;3d4e5d94-1d57-4992-b8e6-1a72096759a2;11.648;1.0;SELL
2016-03-22T04:09:35.000000;2016-03-22T04:09:36.460000;45bce0b6-5c9d-419c-b93d-984beecc2324;11.648;0.8;SELL
2016-03-22T04:12:29.000000;2016-03-22T04:12:29.173000;bc0035a1-3a79-43a3-a93d-79b6366ae135;11.623;42.2633;SELL
2016-03-22T04:12:29.000000;2016-03-22T04:12:29.180000;71d348af-c116-462c-bf47-a7ebedec29fd;11.613;2.33283;SELL
2016-03-22T04:12:29.000000;2016-03-22T04:12:29.190000;9b562402-4d28-4484-883b-af32eb6f444b;11.538;28.00438652;SELL
2016-03-22T04:12:29.000000;2016-03-22T04:12:29.217000;dbfca2cf-1445-4f82-9372-b6cffc91e3f5;11.537;87.08;SELL
2016-03-22T04:12:29.000000;2016-03-22T04:12:29.217000;ea567965-af41-448f-ab27-3d7c70696805;11.536;6.983173;SELL
2016-03-22T04:12:29.000000;2016-03-22T04:12:29.217000;0d603587-0280-45c1-a0fe-e3d638c51195;11.535;12.2;SELL
2016-03-22T04:12:29.000000;2016-03-22T04:12:29.217000;bb7abfc4-2228-40fa-8f4b-0a6243171402;11.534;45.0;SELL
2016-03-22T04:12:29.000000;2016-03-22T04:12:29.217000;b825079e-592e-474f-831e-8b0d915acf06;11.525;2.5;SELL
2016-03-22T04:12:29.000000;2016-03-22T04:12:29.217000;63b287fb-52a4-43d1-a216-8cb4aa590e50;11.524;0.45827053;SELL
2016-03-22T04:12:29.000000;2016-03-22T04:12:29.440000;c6b007ca-29b7-422c-9010-192a42cff820;11.52;45.33944062;BUY
2016-03-22T04:12:30.000000;2016-03-22T04:12:30.117000;87b4d020-6c8e-444f-86a0-dcf5576a334f;11.52;28.00438652;BUY
2016-03-22T04:12:30.000000;2016-03-22T04:12:30.137000;faf4f111-4073-4e93-aa90-96b2fe83825b;11.52;2.0;BUY
2016-03-22T04:12:30.000000;2016-03-22T04:12:30.193000;1c40052b-94ad-4a0e-b3ed-e6d581ddb1b5;11.52;91.01;BUY
2016-03-22T04:12:30.000000;2016-03-22T04:12:30.687000;31054fca-e241-40d8-bbe3-70a5b01cc0c8;11.52;2.28888254;BUY
2016-03-22T04:12:30.000000;2016-03-22T04:12:30.753000;69822f98-be27-448b-98fd-fcced7d09d88;11.52;17.54809831;BUY
2016-03-22T04:12:30.000000;2016-03-22T04:12:30.767000;9010e956-25d8-42a8-ac2f-5e4b2bfbc539;11.52;0.35;BUY
2016-03-22T04:12:31.000000;2016-03-22T04:12:31.043000;12bf6181-144a-40ef-9203-75e12189cd2c;11.52;4.65433545;BUY
2016-03-22T04:12:32.000000;2016-03-22T04:12:32.610000;83e363e1-3d2a-4a4a-8ab6-1ce8fb2fb418;11.52;22.85810804;BUY
2016-03-22T04:12:41.000000;2016-03-22T04:12:41.940000;e8dc22ca-fbc3-4a6c-8d87-88a3b5c7bbd0;11.593;0.45781226;BUY
2016-03-22T04:12:42.000000;2016-03-22T04:12:42.513000;4d2e4812-3fc8-4bb3-b5ca-0965f9b49fb8;11.592;0.45781226;BUY
2016-03-22T04:12:43.000000;2016-03-22T04:12:44.163000;7e873fee-7f5c-4fa0-b70a-1105179d9fb7;11.592;0.45633938;BUY
2016-03-22T04:12:43.000000;2016-03-22T04:12:44.173000;ef631463-3c3e-4698-b37a-ccb5e1cf5743;11.592;0.45781226;BUY
2016-03-22T04:12:47.000000;2016-03-22T04:12:47.240000;0f01f3d0-473c-4760-9fbb-110d840c6785;11.592;0.45781226;BUY
2016-03-22T04:12:48.000000;2016-03-22T04:12:48.477000;281d5cef-2d90-4cdd-a1ed-ec22be6067b2;11.592;0.67022384;BUY
2016-03-22T04:13:10.000000;2016-03-22T04:13:10.567000;4d7b92be-d76d-4aef-9fa3-847ad8f3fea3;11.599;41.8262;SELL
2016-03-22T04:13:10.000000;2016-03-22T04:13:10.583000;78f10c6c-b9ed-484a-9058-4e64728c3eed;11.598;0.67022384;SELL
2016-03-22T04:13:10.000000;2016-03-22T04:13:10.590000;dff42292-453c-4872-a542-30eed6b197da;11.598;0.67022384;SELL
2016-03-22T04:13:10.000000;2016-03-22T04:13:10.623000;8b44853d-906c-4bd8-a6f4-5b46ab5331c9;11.598;28.00438652;SELL
2016-03-22T04:13:10.000000;2016-03-22T04:13:10.623000;2efd8383-f410-4b1b-a70a-669c64c9ab08;11.598;0.67022384;SELL
2016-03-22T04:13:10.000000;2016-03-22T04:13:10.623000;0afaa2c2-64f9-4061-9a43-d6673bf4382b;11.598;0.67022384;SELL
2016-03-22T04:13:11.000000;2016-03-22T04:13:11.400000;4d9b7b8f-af62-4ce4-89ca-363687bcbcbc;11.59;0.4304;BUY
2016-03-22T04:22:22.000000;2016-03-22T04:22:23.687000;5e85c0ba-0740-4f68-880d-8c1a094f1331;11.688;45.0;BUY
2016-03-22T04:22:22.000000;2016-03-22T04:22:23.693000;c8de6aef-b7dc-41ae-984c-80a903b6ecdb;11.689;0.45588304;BUY
2016-03-22T04:22:24.000000;2016-03-22T04:22:24.673000;847b1f12-b15c-4b53-99ed-7e3e2aa2bff2;11.7;17.8;SELL
2016-03-22T04:23:37.000000;2016-03-22T04:23:37.553000;364af3db-279c-428b-a0df-64a326bbee4e;11.623;6.3;SELL
2016-03-22T04:23:39.000000;2016-03-22T04:23:39.693000;68dea342-37f3-495c-b2ef-b71e35686ca7;11.623;6.0;BUY
2016-03-22T04:24:00.000000;2016-03-22T04:24:00.807000;b459aa9c-5e49-4412-b5f9-43ea1e577a8b;11.622;28.00438652;SELL
2016-03-22T04:24:00.000000;2016-03-22T04:24:00.820000;c07c09e1-0b03-4ccb-9e5d-d588d09d1e6b;11.621;0.23982384;SELL
2016-03-22T04:24:00.000000;2016-03-22T04:24:00.830000;0dacdd5e-a724-4b87-9e0f-1cbbf6aa0fc8;11.621;2.314069;SELL
2016-03-22T04:24:00.000000;2016-03-22T04:24:00.857000;aef4df9f-b031-49a5-a6cc-bd9583c2461d;11.618;0.67022384;SELL
2016-03-22T04:24:00.000000;2016-03-22T04:24:00.857000;3a527ca4-0fec-4b63-8fe9-bfc5fc0e36f3;11.618;0.67022384;SELL
2016-03-22T04:24:00.000000;2016-03-22T04:24:00.860000;8ccb1263-8a89-4838-bcd2-c0310afaf5e2;11.608;0.67022384;SELL
2016-03-22T04:24:00.000000;2016-03-22T04:24:00.897000;6d188918-1f61-4011-98db-35387c34966f;11.585;0.45949627;SELL
2016-03-22T04:24:00.000000;2016-03-22T04:24:00.897000;45b1cd9a-7f21-4f6f-a473-5eae6bed7c7f;11.58;17.83652412;SELL
2016-03-22T04:36:09.000000;2016-03-22T04:36:09.767000;3cc0dba8-1d79-4ae7-8ee7-66c89a0098cb;11.749;17.4478;BUY
2016-03-22T04:54:46.000000;2016-03-22T04:54:47.020000;c7ffe92b-4de5-4567-bef9-40e7ef8705e3;11.755;0.9;BUY
2016-03-22T04:54:46.000000;2016-03-22T04:54:47.033000;cd8fb27e-9cf8-4010-a227-c8afa2261023;11.755;6.1584634;BUY
2016-03-22T04:56:46.000000;2016-03-22T04:56:46.840000;b74a648c-2210-4afc-ba86-278695406cff;11.755;5.3;BUY
2016-03-22T04:56:46.000000;2016-03-22T04:56:46.853000;0ba7ac2c-edaa-4d78-b66a-49152d09a5f8;11.756;2.41436728;BUY
2016-03-22T04:57:12.000000;2016-03-22T04:57:12.180000;0c32d78d-c84f-433a-b18c-714fa2915c88;11.756;5.3;BUY
2016-03-22T05:13:19.000000;2016-03-22T05:13:19.723000;a4797f02-a9e0-474f-8512-40c51a405c32;11.79;28.00438652;BUY
2016-03-22T05:13:19.000000;2016-03-22T05:13:19.733000;543cb450-62f2-482b-af45-d91a242e066d;11.791;0.49937776;BUY
2016-03-22T05:13:19.000000;2016-03-22T05:13:19.737000;62244baa-cf77-4d9c-92d2-7071c96f39ff;11.791;2.280607;BUY
2016-03-22T05:13:19.000000;2016-03-22T05:13:19.770000;ba534778-b22a-4957-b2e0-be89bda73091;11.811;9.81065;BUY
2016-03-22T05:13:19.000000;2016-03-22T05:13:19.770000;5bef38de-c9f0-4d41-9e67-efb03d129a4a;11.832;140.81;BUY
2016-03-22T05:13:19.000000;2016-03-22T05:13:19.770000;956370e2-02dc-4b90-8fcb-85516ff67f95;11.833;18.59497872;BUY
2016-03-22T05:15:28.000000;2016-03-22T05:15:29.013000;0486748b-9349-4a2c-b812-bb1255423cbc;11.818;2.305293;BUY
2016-03-22T05:15:30.000000;2016-03-22T05:15:31.763000;8d22f7e1-d874-4336-b366-d5cc83491cc7;11.818;4.28387672;SELL
2016-03-22T05:15:32.000000;2016-03-22T05:15:32.513000;940339b3-ae8e-4669-b1f4-cf4b026a26c3;11.818;4.28387672;SELL
2016-03-22T05:15:35.000000;2016-03-22T05:15:35.220000;0bacb50b-28ff-4b0e-b35b-ca5498089e49;11.818;3.59169816;SELL
2016-03-22T05:15:36.000000;2016-03-22T05:15:36.987000;2573c670-bfe9-4949-a07d-a763e5dba9ee;11.818;9.37983694;SELL
2016-03-22T05:15:40.000000;2016-03-22T05:15:40.863000;55f429cf-64c3-4f8d-a436-36ed28eea966;11.818;13.20021167;SELL
2016-03-22T05:15:40.000000;2016-03-22T05:15:40.877000;550eda58-7f0b-4c92-9704-3f1c59f6e0a0;11.818;20.50982027;SELL
2016-03-22T05:15:40.000000;2016-03-22T05:15:40.890000;fb7c630e-bf96-4268-937a-3c326b27e962;11.818;27.99986517;SELL
2016-03-22T05:15:40.000000;2016-03-22T05:15:41.330000;68f684bb-23b4-4798-8eac-77ff1b3890bb;11.818;0.00452135;BUY
2016-03-22T05:15:40.000000;2016-03-22T05:15:41.330000;da75a28d-6bf6-4b9d-8e9d-b0cc2546cef5;11.82;20.50982027;BUY
2016-03-22T05:15:40.000000;2016-03-22T05:15:41.333000;8504e3c3-b465-474f-be92-04416a47ff95;11.83;45.0;BUY
2016-03-22T05:15:40.000000;2016-03-22T05:15:41.370000;bad6012e-2a76-44c1-b3a5-c2b4e7624041;11.838;7.49456625;BUY
2016-03-22T05:15:40.000000;2016-03-22T05:15:41.370000;f2495836-f0f9-4339-88e6-ee4c09557941;11.839;41.9416;BUY
2016-03-22T05:15:41.000000;2016-03-22T05:15:41.640000;30043028-a1d9-4299-9712-d1c695a99add;11.84;28.00438652;SELL
2016-03-22T05:15:43.000000;2016-03-22T05:15:43.170000;b4be230c-dd23-4d54-aee8-8faa75b0adc4;11.84;46.04510561;SELL
2016-03-22T05:21:33.000000;2016-03-22T05:21:33.407000;e529a760-7b83-46af-bf76-1d474a2dac52;11.803;0.52;BUY
2016-03-22T06:02:57.000000;2016-03-22T06:02:57.677000;e3d19f90-79c7-4f44-a8ce-cf1b2c5b6886;11.675;0.35;BUY
2016-03-22T06:06:48.000000;2016-03-22T06:06:48.410000;4828e300-7ef4-4063-a0cc-2852dd2d11c4;11.738;2.29668;BUY
2016-03-22T06:06:51.000000;2016-03-22T06:06:51.520000;bb47c42a-6b10-4642-9096-7ffc09098705;11.74;41.993964;SELL
2016-03-22T06:06:53.000000;2016-03-22T06:06:53.810000;4637c0dd-f47c-4e3e-add1-1fb43351007b;11.74;10.52258131;SELL
2016-03-22T06:37:27.000000;2016-03-22T06:37:27.350000;5ecbaf8d-9a9f-4e40-9ec9-81fffbd95aaf;11.675;4.65;SELL
2016-03-22T06:37:27.000000;2016-03-22T06:37:27.363000;23d08d34-aef5-4807-93ac-1571cb26fc72;11.672;4.0;SELL
2016-03-22T07:08:13.000000;2016-03-22T07:08:13.367000;55f65b16-b590-4552-9cf0-94ed48cce410;11.62;0.46284415;SELL
2016-03-22T07:51:59.000000;2016-03-22T07:52:00.390000;acd7f676-4808-4cb6-80e9-014516857bb8;11.656;1.001001;BUY
2016-03-22T07:52:01.000000;2016-03-22T07:52:01.957000;244f78f8-7a4e-4857-8d02-0ebe9fb34168;11.656;1.001001;BUY
2016-03-22T07:52:01.000000;2016-03-22T07:52:01.970000;4ed78e83-d0c5-479d-9201-66f17812f155;11.656;6.647998;BUY
2016-03-22T07:52:04.000000;2016-03-22T07:52:05.427000;db01ea5a-0756-458a-b0ed-8efc0e277fb4;11.716;0.49435662;BUY
2016-03-22T07:52:06.000000;2016-03-22T07:52:07.137000;15de3a1a-fa07-46e7-a5d7-2236fcc1e63c;11.716;0.49435662;BUY
2016-03-22T07:52:49.000000;2016-03-22T07:52:49.970000;6e612e65-821b-451d-a892-880718bd28a8;11.716;1.32140376;BUY
2016-03-22T07:52:49.000000;2016-03-22T07:52:49.980000;04d46312-d74f-4fdf-a4a8-8e6874d773bd;11.722;10.526756;BUY
2016-03-22T07:52:49.000000;2016-03-22T07:52:49.987000;914ccfbd-c26c-4e40-9885-44fabf6b3063;11.722;45.0;BUY
2016-03-22T08:49:42.000000;2016-03-22T08:49:42.917000;25be6059-5b9d-4958-907f-33cd6e1687e6;11.819;4.56649271;BUY
2016-03-22T08:49:42.000000;2016-03-22T08:49:42.927000;a497d24d-2a09-4d60-a6d8-417f35a490d6;11.819;0.1781606;BUY
2016-03-22T08:49:42.000000;2016-03-22T08:49:42.930000;3e5afbb6-98f3-4757-aa98-2523d1430472;11.838;12.4987709;BUY
2016-03-22T08:49:42.000000;2016-03-22T08:49:42.967000;4a685eed-3591-4f17-b067-4899cd4a70c5;11.839;8.175638;BUY
2016-03-22T08:49:42.000000;2016-03-22T08:49:42.967000;167221f2-2b56-4a75-a468-db3f3ebae10b;11.84;0.59562949;BUY
2016-03-22T08:49:42.000000;2016-03-22T08:49:42.967000;ed9f0285-ca8f-4526-91f2-0a36ca2a97e5;11.84;3.60960471;BUY
2016-03-22T08:49:42.000000;2016-03-22T08:49:42.967000;c7aefc03-cc10-4a57-9f3a-7d59019a89a6;11.842;7.43409407;BUY
2016-03-22T08:52:07.000000;2016-03-22T08:52:08.040000;a804fe0e-98c2-462d-9f76-ceecfff12142;11.783;1.0;SELL
2016-03-22T09:18:01.000000;2016-03-22T09:18:01.917000;cddfb153-65d5-431d-bcb7-859624f6cb0e;11.784;0.11574584;SELL
2016-03-22T09:43:27.000000;2016-03-22T09:43:27.620000;c1fa3381-f0fe-4584-8a69-13c7f03eb82e;11.833;0.26522;SELL
2016-03-22T09:46:07.000000;2016-03-22T09:46:07.287000;51b0d7dc-988f-4641-b307-df2ae70b014d;11.84;10.0;BUY
2016-03-22T09:46:07.000000;2016-03-22T09:46:07.317000;47c171e3-97ce-45a9-a44b-de2bec2814a2;11.84;6.8481;BUY
2016-03-22T09:46:07.000000;2016-03-22T09:46:07.317000;81f87194-2b22-4334-9736-1c14a174e048;11.842;11.18431894;BUY
2016-03-22T09:47:07.000000;2016-03-22T09:47:07.857000;43209903-378b-44a4-b80b-bed8b83c5a30;11.842;6.79679674;BUY
2016-03-22T09:47:09.000000;2016-03-22T09:47:09.927000;1d2778db-55a7-4685-a57b-803139df0d3d;11.842;28.03241882;BUY
2016-03-22T09:47:10.000000;2016-03-22T09:47:10.440000;c012d181-8215-45d6-b146-f92e6579768f;11.842;5.0;BUY
2016-03-22T09:47:12.000000;2016-03-22T09:47:12.813000;a3fca23f-85e0-4a37-9310-e0fc8613a8da;11.842;7.2531302;BUY
2016-03-22T09:47:12.000000;2016-03-22T09:47:12.830000;95c3f599-5fd5-4d81-9a4f-613a053731ec;11.842;20.77928862;BUY
2016-03-22T09:47:13.000000;2016-03-22T09:47:13.810000;fd48a148-8c0e-497a-828c-0e7264af203d;11.842;20.58760093;BUY
2016-03-22T09:47:14.000000;2016-03-22T09:47:14.613000;05fb876a-508c-4c33-9917-65a9903f9a0b;11.842;6.7967968;BUY
2016-03-22T09:47:49.000000;2016-03-22T09:47:49.527000;2bd04736-228b-4d8e-b833-f476a6c142b1;11.842;28.03241882;BUY
2016-03-22T09:47:54.000000;2016-03-22T09:47:54.580000;1db20844-1122-4aba-a945-fa2fb10bd20d;11.842;3.88388388;BUY
2016-03-22T09:47:58.000000;2016-03-22T09:47:58.380000;2a31cf82-fb73-411e-b43e-8667f7e99013;11.842;16.01601602;BUY
2016-03-22T09:47:59.000000;2016-03-22T09:47:59.563000;642bd33e-1a72-49b8-8c00-64a00234d10c;11.842;16.01601581;BUY
2016-03-22T09:47:59.000000;2016-03-22T09:47:59.843000;46feee45-4dfd-4add-ad5c-c68e91515c85;11.842;2.94371812;BUY
2016-03-22T09:47:59.000000;2016-03-22T09:47:59.863000;5102d5d9-e3dc-4028-8f44-276d2c198de0;11.844;3.66287752;BUY
2016-03-22T09:48:05.000000;2016-03-22T09:48:05.160000;8cbc299c-f2c4-456b-9d9b-4261fa973d53;11.844;1.33712238;BUY
2016-03-22T09:50:09.000000;2016-03-22T09:50:09.600000;1f7fe218-5652-45a4-945d-f588c2572e9b;11.921;0.55056;SELL
2016-03-22T09:51:27.000000;2016-03-22T09:51:27.483000;633e1d4a-00be-45f7-b129-89fa57205f8f;11.884;0.55056;SELL
2016-03-22T09:52:25.000000;2016-03-22T09:52:25.807000;4ed4ad36-71df-4fff-834d-87a400a2ca89;11.873;0.55056;SELL
2016-03-22T09:52:49.000000;2016-03-22T09:52:50.020000;219ced7e-ea16-44dc-bd5b-25109b7800f7;11.86;0.55055999;BUY
2016-03-22T10:03:58.000000;2016-03-22T10:03:58.827000;91b557aa-57c3-47b5-8022-e59aff350626;11.882;0.55048;SELL
2016-03-22T10:04:09.000000;2016-03-22T10:04:09.730000;3ea7cba0-223e-4668-b220-d9feff545764;11.889;0.55048;SELL
2016-03-22T10:05:04.000000;2016-03-22T10:05:04.693000;43fe14b1-8bdf-4a80-8abd-4dd0c388d8cd;11.892;0.55048;SELL
2016-03-22T10:05:26.000000;2016-03-22T10:05:26.287000;b7d5d0f5-717e-4df8-9cf8-e9a6047e9eef;11.893;0.52547;BUY
2016-03-22T10:05:31.000000;2016-03-22T10:05:31.697000;ee32de8e-3047-4454-b285-d7a53b6a36e4;11.893;0.02509;BUY
2016-03-22T10:05:51.000000;2016-03-22T10:05:51.183000;5b59e085-541b-4ec4-80ac-f07935b36766;11.929;0.55048;SELL
2016-03-22T10:05:52.000000;2016-03-22T10:05:52.577000;34ec3f0a-f3b9-492c-b7c5-adc1da6205a0;11.929;0.55056;SELL
2016-03-22T10:06:05.000000;2016-03-22T10:06:05.120000;87a6c678-d1f7-45f7-ac95-d2b5ba0bbf74;11.943;0.55048;SELL
2016-03-22T10:06:05.000000;2016-03-22T10:06:05.187000;16e65040-582e-41f7-b52a-1bdc00fa523e;11.943;8e-05;SELL
2016-03-22T10:06:15.000000;2016-03-22T10:06:15.477000;237bd14b-30be-486f-aec9-66ead60a49b2;11.94;0.55048;SELL
2016-03-22T10:08:01.000000;2016-03-22T10:08:02.557000;08341ac9-df8b-484c-b877-ada5e00a2b3c;11.919;0.55056;BUY
2016-03-22T10:08:01.000000;2016-03-22T10:08:02.570000;d86a39bc-c302-4cad-ae49-87dab736f30c;11.919;0.55047996;BUY
2016-03-22T10:08:19.000000;2016-03-22T10:08:19.433000;a5a93fd2-b6ce-485b-aad1-a9e940e7e3cd;11.926;0.55056;BUY
2016-03-22T10:08:21.000000;2016-03-22T10:08:22.757000;bdf2e5b3-94d4-42f3-964f-0aa53631a67b;11.942;0.55047996;BUY
2016-03-22T10:08:39.000000;2016-03-22T10:08:39.110000;2c5f566c-05f4-4a8a-b75f-19dfddd988e0;11.955;0.55048;SELL
2016-03-22T10:08:39.000000;2016-03-22T10:08:39.593000;2e03ca78-589f-4bbe-b0a2-252aed3ff02d;11.956;0.55047996;SELL
2016-03-22T10:08:39.000000;2016-03-22T10:08:39.603000;c3d2a5f1-35b6-422b-8076-5362202dbc74;11.955;8.004e-05;SELL
2016-03-22T10:08:49.000000;2016-03-22T10:08:49.120000;29a17642-b781-40e9-b7c9-3fef3275d685;11.955;0.5;SELL
2016-03-22T10:09:17.000000;2016-03-22T10:09:17.210000;8b94f3ae-4d85-45e9-88bd-1e04750efbd6;11.955;0.05047996;SELL
2016-03-22T10:09:18.000000;2016-03-22T10:09:18.770000;5301eb57-3470-4196-a053-b05c08b680e6;11.955;4.94952004;BUY
2016-03-22T10:14:15.000000;2016-03-22T10:14:15.790000;0de7ce3f-ecfe-4e34-8744-647614a7c2fc;11.955;40.05047996;SELL
2016-03-22T10:15:47.000000;2016-03-22T10:15:47.770000;688e6531-74f4-4d65-9a3d-be7378fc5105;11.957;0.55048;BUY
2016-03-22T10:15:47.000000;2016-03-22T10:15:47.790000;cba66c6b-d645-422a-9644-65dd8acc6dc2;11.957;0.55055969;BUY
2016-03-22T10:17:58.000000;2016-03-22T10:17:59.310000;b0037d7d-1ef2-415d-850d-5d69d5c69603;11.946;2.319427;SELL
2016-03-22T10:17:58.000000;2016-03-22T10:17:59.327000;ac6aaaa0-7c56-4d77-9c9b-f1d905d04245;11.946;22.632573;SELL
2016-03-22T10:25:12.000000;2016-03-22T10:25:13.110000;bb3e6cd0-8866-493e-b8c8-092c6385d985;11.96;7.0512525;BUY
2016-03-22T10:26:40.000000;2016-03-22T10:26:40.797000;d97bf3c9-d9ae-4cd5-b92c-69254a7162e6;11.96;2.9487475;BUY
2016-03-22T10:26:40.000000;2016-03-22T10:26:40.810000;6d328d7f-53e0-4ff2-8cce-aec56b970a5d;11.962;0.55055975;BUY
2016-03-22T10:28:33.000000;2016-03-22T10:28:33.957000;8337df8a-dfd0-4e73-9bea-e819666778a0;11.964;0.55056;BUY
2016-03-22T10:28:33.000000;2016-03-22T10:28:33.980000;3b8072f7-019a-47f7-a3db-9a1fa8cad56a;11.964;5.0;BUY
2016-03-22T10:32:09.000000;2016-03-22T10:32:09.977000;93e9bbd2-10df-46e0-b3bd-390af315805f;11.967;6.21704705;BUY
2016-03-22T10:36:10.000000;2016-03-22T10:36:10.783000;af3f97b1-245e-4e92-bb0f-a5ea5bac0e44;11.964;7.24190215;SELL
2016-03-22T10:37:00.000000;2016-03-22T10:37:00.957000;5dd29dbb-8aa5-4b72-a2c9-d1f74dfd788c;11.963;0.49963404;SELL
2016-03-22T10:37:01.000000;2016-03-22T10:37:01.190000;1521033e-3ccb-4b17-8643-690c353787d1;11.963;0.05092596;SELL
2016-03-22T10:37:03.000000;2016-03-22T10:37:03.277000;d8ecfa03-758c-4b1f-b250-f8cbc50ddd8e;11.945;1.10103996;SELL
2016-03-22T10:37:03.000000;2016-03-22T10:37:03.290000;424a3d13-0acb-4a4d-a1eb-44ea84ffa840;11.937;0.55048;SELL
2016-03-22T10:37:03.000000;2016-03-22T10:37:03.303000;b1b2ab8c-caaf-4355-93d4-93575d067985;11.937;0.28692753;SELL
2016-03-22T10:43:36.000000;2016-03-22T10:43:36.800000;40ef9f8a-f532-4013-8403-689cf525d0a4;11.937;0.26363247;SELL
2016-03-22T10:43:36.000000;2016-03-22T10:43:36.820000;c94ebf0e-5f0e-47ac-812c-43f344a36972;11.937;45.0;SELL
2016-03-22T10:46:16.000000;2016-03-22T10:46:16.303000;9fb6cba6-9c1b-4a04-adad-e0b45b8398d0;11.937;20.87197197;BUY
2016-03-22T10:46:31.000000;2016-03-22T10:46:31.760000;5f4169b6-3652-4640-b007-f96227338258;11.935;5.0;SELL
2016-03-22T10:47:32.000000;2016-03-22T10:47:33.737000;b364e594-8539-4c95-aa4b-5e39a5b1ceb9;11.934;0.55056;SELL
2016-03-22T10:47:58.000000;2016-03-22T10:47:58.463000;c6461f90-6d33-4867-8cc8-9288d0ab41ac;11.934;4.44944;SELL
2016-03-22T10:47:58.000000;2016-03-22T10:47:58.480000;1c7dcb64-08be-4a00-b62e-edee723e382e;11.934;5.0;SELL
2016-03-22T10:52:20.000000;2016-03-22T10:52:20.843000;94fd6a5e-6091-4091-9e11-d67f31670ce2;11.93;0.17531362;SELL
2016-03-22T10:52:34.000000;2016-03-22T10:52:34.650000;999299a9-2de8-4085-8c45-d3bdb96f2211;11.93;0.27092361;SELL
2016-03-22T10:53:53.000000;2016-03-22T10:53:53.677000;461e34aa-8d0c-4839-b981-db53d4d26853;11.93;28.00438652;SELL
2016-03-22T10:54:02.000000;2016-03-22T10:54:02.333000;7cedb4f8-fd72-45ef-bbca-8a7552db37c1;11.93;3.81618;SELL
2016-03-22T10:54:41.000000;2016-03-22T10:54:42.267000;b5ba56c4-db38-4a02-b173-8db8d718e916;11.93;12.99682819;SELL
2016-03-22T10:55:49.000000;2016-03-22T10:55:50.707000;66df99b9-6a7c-4e1f-8c67-508d0309ddf4;11.92;0.5522433;SELL
2016-03-22T10:55:49.000000;2016-03-22T10:55:50.713000;de161d73-eb50-4967-8023-f5f755fcdcc7;11.92;27.45214322;SELL
2016-03-22T10:59:29.000000;2016-03-22T10:59:29.563000;c31a35bd-fc76-4206-94d2-54a8a53babe0;11.944;2.300587;BUY
2016-03-22T11:01:07.000000;2016-03-22T11:01:07.627000;d79c68ee-bc63-4f35-9014-69957ec92877;11.944;40.699413;SELL
2016-03-22T11:01:15.000000;2016-03-22T11:01:16.187000;9f686c9d-e5b9-48e5-854b-316b913ff702;11.92;28.00438652;SELL
2016-03-22T11:01:15.000000;2016-03-22T11:01:16.277000;56afebea-7757-4998-b438-da4e1e1c178e;11.92;28.00438652;SELL
2016-03-22T11:01:16.000000;2016-03-22T11:01:16.720000;ec7996cf-b239-4e35-825c-efca315d706d;11.92;7.61859198;SELL
2016-03-22T11:01:22.000000;2016-03-22T11:01:22.797000;d08f7a90-0737-4314-bd8d-663ed01c73a4;11.915;0.55048;SELL
2016-03-22T11:01:22.000000;2016-03-22T11:01:22.803000;a5dfe98e-d78a-4060-a988-f60639d7bfa3;11.911;0.07430912;SELL
2016-03-22T11:17:15.000000;2016-03-22T11:17:15.497000;2ae90d59-86a7-461f-b955-566504ff872a;11.932;2.50135822;BUY
2016-03-22T11:29:11.000000;2016-03-22T11:29:11.687000;6c3930b4-4762-4288-bf16-20dfdc070e99;11.927;2.263526;BUY
2016-03-22T11:29:11.000000;2016-03-22T11:29:11.703000;6e731631-22ad-4e0a-9010-00c51e046c2b;11.93;1.0;BUY
2016-03-22T11:29:13.000000;2016-03-22T11:29:13.843000;cc3d9ccd-468d-4e01-b2f2-eed215466eab;11.938;1.32130196;SELL
2016-03-22T11:29:14.000000;2016-03-22T11:29:14.720000;56ef3267-b962-42f3-9f5c-d007c7bf3217;11.938;1.32130196;SELL
2016-03-22T11:29:17.000000;2016-03-22T11:29:17.110000;8573dd15-b240-43b6-ab6a-3112901e1819;11.938;1.32130196;SELL
2016-03-22T11:29:37.000000;2016-03-22T11:29:38.000000;c4dcfa8a-abe3-4621-bd39-dca22fb29530;11.938;28.00438652;SELL
2016-03-22T11:29:38.000000;2016-03-22T11:29:38.933000;2738f437-1676-4f53-ba7d-9e62ce0ecf7e;11.938;3.3238816;SELL
2016-03-22T11:37:45.000000;2016-03-22T11:37:45.597000;e59a03cd-c858-4555-a725-c1765b988e99;11.911;0.4798331;SELL
2016-03-22T11:37:45.000000;2016-03-22T11:37:45.607000;e7680258-6416-457a-87cb-e8aa13fbcec2;11.911;0.5201669;SELL
2016-03-22T11:39:06.000000;2016-03-22T11:39:06.700000;9cf30625-147a-4f67-8741-fd03fd029fd1;11.911;1.63681232;SELL
2016-03-22T11:50:58.000000;2016-03-22T11:50:58.260000;8da6ab91-3df0-4466-9b76-570abb0d169b;11.911;2.84302078;SELL
2016-03-22T11:50:58.000000;2016-03-22T11:50:58.263000;b4c96623-81ba-413a-9807-635288d09ae0;11.911;0.35497922;SELL
2016-03-22T11:50:58.000000;2016-03-22T11:50:58.497000;501ebcc1-1132-4124-8115-4fa9115b8efb;11.911;28.00438652;SELL
2016-03-22T11:52:33.000000;2016-03-22T11:52:33.493000;1518e46a-fac4-49cf-819a-34913d9dc453;11.944;0.5;BUY
2016-03-22T11:53:32.000000;2016-03-22T11:53:32.260000;48a7057d-6e09-45e6-aea9-fb60a9c0832d;11.944;0.5;BUY
2016-03-22T11:53:46.000000;2016-03-22T11:53:46.757000;4a27dfa6-33a8-472d-8297-b9f1d7b3a61e;11.944;0.5;BUY
2016-03-22T11:54:31.000000;2016-03-22T11:54:33.003000;cbbcdb40-3f2b-4aff-96da-d845643736ba;11.944;0.5;BUY
2016-03-22T11:54:47.000000;2016-03-22T11:54:47.643000;9907e94a-900e-46ec-aaec-fa45d48ffbb1;11.944;0.5;BUY
2016-03-22T11:55:31.000000;2016-03-22T11:55:31.673000;2f6f4c69-1fc3-493e-8abb-bd717608dd87;11.944;0.5;BUY
2016-03-22T11:55:46.000000;2016-03-22T11:55:46.347000;73980245-b076-4bee-902b-b7ad465af203;11.944;0.5;BUY
2016-03-22T11:57:31.000000;2016-03-22T11:57:31.780000;0229d11a-b252-4521-bbf7-582812e57ea8;11.944;0.17504986;BUY
2016-03-22T12:06:54.000000;2016-03-22T12:06:54.067000;fa487151-d740-440d-bd3b-2314b624429c;11.944;0.32495014;SELL
2016-03-22T12:06:54.000000;2016-03-22T12:06:54.077000;fe539dbf-52c5-41b9-af85-f4222d53b53b;11.944;0.67404986;SELL
2016-03-22T12:06:56.000000;2016-03-22T12:06:56.627000;c3c68634-3fb7-417a-a2ad-124f3f86b6b8;11.944;0.999;SELL
2016-03-22T12:18:30.000000;2016-03-22T12:18:30.950000;d8e1bacf-08ab-4eaa-a483-b8742bf642ea;11.965;8.3109124;BUY
2016-03-22T12:18:44.000000;2016-03-22T12:18:44.790000;44a59511-69f3-4cf8-84c1-08c87da3f976;11.965;0.28;BUY
2016-03-22T12:20:40.000000;2016-03-22T12:20:40.510000;5c5810e8-1677-4cb9-b204-89f6c608a178;11.965;0.5;BUY
2016-03-22T12:21:09.000000;2016-03-22T12:21:09.543000;6763de46-f107-4b9d-bb4c-7d647f07d320;11.965;0.5;BUY
2016-03-22T12:21:58.000000;2016-03-22T12:21:58.950000;a2ebaf5f-660b-4339-b3f5-30b07dc89c2d;11.964;0.5;BUY
2016-03-22T12:22:36.000000;2016-03-22T12:22:36.123000;d21d1506-45c9-40c7-ad55-94d06a59037a;11.964;0.5;SELL
2016-03-22T12:22:43.000000;2016-03-22T12:22:43.277000;d589101e-2f3b-4bc4-a132-8c4f8f5195a1;11.964;0.05056;BUY
2016-03-22T12:23:07.000000;2016-03-22T12:23:07.070000;a67d5e0b-d558-4d7f-a93a-83d1e9af56d0;11.965;0.5;BUY
2016-03-22T12:41:49.000000;2016-03-22T12:41:49.590000;199910d0-c8c5-44dd-a53d-654e3e43ba6b;11.964;0.5;SELL
2016-03-22T12:41:49.000000;2016-03-22T12:41:49.593000;bdba270a-2742-4946-b710-1d23aace3f68;11.964;10.9901;SELL
2016-03-22T12:41:52.000000;2016-03-22T12:41:52.277000;c234b1ee-18da-4c25-9dfa-91715f9c458e;11.964;28.00438652;SELL
2016-03-22T13:16:33.000000;2016-03-22T13:16:33.670000;a3cbdcd3-0362-4e8a-a912-9c00dd3bf36c;11.93;2.265516;SELL
2016-03-22T13:16:34.000000;2016-03-22T13:16:34.417000;da163872-67be-48da-acfd-8e18bf87ee5f;11.93;17.734484;SELL
2016-03-22T13:16:36.000000;2016-03-22T13:16:36.323000;0065704b-b99e-48d7-8f2d-91b6740ab880;11.911;0.55414222;SELL
2016-03-22T13:16:38.000000;2016-03-22T13:16:39.080000;399bab48-1009-4d78-bea0-9093b0cc0cac;11.91;0.69237378;SELL
2016-03-22T13:16:41.000000;2016-03-22T13:16:41.817000;900efdc4-6ea7-414f-acaf-3cc556838a21;11.91;0.69237378;SELL
2016-03-22T13:17:27.000000;2016-03-22T13:17:27.877000;3fcc7e07-9c7a-44e2-9ae1-7875a1ef3234;11.91;78.61525244;SELL
2016-03-22T13:18:30.000000;2016-03-22T13:18:30.383000;7fffaa1b-1c23-4e89-9c87-c56add16a8cb;11.908;0.55056;SELL
2016-03-22T13:19:11.000000;2016-03-22T13:19:11.680000;30cc90f0-6346-40e1-8a19-4db61950e3a0;11.905;0.5522433;SELL
2016-03-22T13:19:27.000000;2016-03-22T13:19:27.670000;cfe776bc-11ff-4cfe-9418-827acde7a942;11.903;0.55414222;SELL
2016-03-22T13:19:27.000000;2016-03-22T13:19:27.680000;b403d69a-7901-435d-a2d2-0d2837e6d176;11.9;0.1;SELL
2016-03-22T13:19:27.000000;2016-03-22T13:19:27.683000;6ac36e47-16f7-4613-b79f-505d3021c836;11.9;1.10585778;SELL
2016-03-22T13:19:29.000000;2016-03-22T13:19:29.287000;96eefa60-53ca-4491-ae1e-5b3793351dcf;11.9;22.16;SELL
2016-03-22T13:19:42.000000;2016-03-22T13:19:42.847000;8fbef372-886f-46a7-aeca-fac8589fbe01;11.9;6.73414222;SELL
2016-03-22T13:19:42.000000;2016-03-22T13:19:42.860000;13e037e7-04a7-49a7-ac92-1e29dfaeeefc;11.898;0.5522433;SELL
2016-03-22T13:19:47.000000;2016-03-22T13:19:47.557000;9f83ce59-1e7b-42bf-85d6-98cd8b43313c;11.896;0.55414222;SELL
2016-03-22T13:19:48.000000;2016-03-22T13:19:48.230000;18ac1c26-0ebb-46c9-91a0-debc91c591a2;11.891;0.55056;SELL
2016-03-22T13:19:48.000000;2016-03-22T13:19:48.237000;599a39ee-0991-475d-9067-063b2b3ec998;11.89;27.45382652;SELL
2016-03-22T13:19:48.000000;2016-03-22T13:19:48.267000;e493467c-a390-4ac2-8dfa-befb34310624;11.89;3.54617348;SELL
2016-03-22T13:19:48.000000;2016-03-22T13:19:48.267000;0caf0a30-b84e-4bbf-8905-8fc254120bc5;11.89;3.18606982;SELL
2016-03-22T13:19:49.000000;2016-03-22T13:19:49.183000;bd7a4778-369c-4dea-a77d-1d08f44ce009;11.89;28.00434028;SELL
2016-03-22T13:19:49.000000;2016-03-22T13:19:49.850000;2676c448-6cb1-4a57-bcdc-51c417cf4371;11.89;3.68932908;SELL
2016-03-22T13:19:49.000000;2016-03-22T13:19:49.850000;3f95d97b-a7c7-4100-aeab-1d10d22461bc;11.89;24.31505744;SELL
2016-03-22T13:19:57.000000;2016-03-22T13:19:57.677000;160edb8b-ed28-45ee-9194-21ee41313261;11.89;28.00438652;SELL
2016-03-22T13:20:01.000000;2016-03-22T13:20:01.407000;280d5b33-6e30-4f86-8174-00506316da55;11.89;28.00438652;SELL
2016-03-22T13:20:19.000000;2016-03-22T13:20:19.283000;ef30c97f-4378-4215-a5d6-927d1adf4e8a;11.899;0.55056;SELL
2016-03-22T13:20:19.000000;2016-03-22T13:20:19.287000;38a101e6-feb6-48df-8905-55e978cdb208;11.89;27.45382652;SELL
2016-03-22T13:20:36.000000;2016-03-22T13:20:37.207000;4df82e95-1739-4e0c-a875-a3f4607f4070;11.89;2.519743;SELL
2016-03-22T13:20:36.000000;2016-03-22T13:20:37.207000;a47f4a82-6919-49d2-b2aa-03f50a229057;11.888;0.55414222;SELL
2016-03-22T13:20:40.000000;2016-03-22T13:20:40.837000;b6e03172-9705-40fd-b639-508622f0c14b;11.881;0.55048;SELL
2016-03-22T13:20:40.000000;2016-03-22T13:20:40.843000;695452e0-2f60-4367-9b70-852a2e6e466f;11.881;0.55414222;SELL
2016-03-22T13:20:40.000000;2016-03-22T13:20:41.043000;a8554db0-f43d-40e4-9365-a79cb5f2762c;11.88;3.07388522;SELL
2016-03-22T13:20:42.000000;2016-03-22T13:20:42.517000;328d4783-323a-4121-9e8b-96ee1a86420a;11.88;3.07388522;SELL
2016-03-22T13:21:07.000000;2016-03-22T13:21:07.943000;bed4bc7c-cec0-4166-be5a-20161cdc28f1;11.88;4.85222956;SELL
2016-03-22T13:21:07.000000;2016-03-22T13:21:07.947000;ce41fe65-51aa-4e15-b578-1488ef6ecb38;11.878;0.5522433;SELL
2016-03-22T13:21:07.000000;2016-03-22T13:21:07.957000;502cefc1-84fa-4760-b6b6-f1592ed86024;11.873;0.55414222;SELL
2016-03-22T13:21:07.000000;2016-03-22T13:21:07.987000;d1877d5d-aefb-4aab-8a54-6986e278f402;11.871;0.5522433;SELL
2016-03-22T13:21:07.000000;2016-03-22T13:21:07.987000;23f00f8b-bf58-47ea-9242-fbc76d5086e2;11.866;0.49979782;SELL
2016-03-22T13:22:40.000000;2016-03-22T13:22:41.700000;ff041eed-677a-4e70-913f-fe16382b0866;11.866;0.0543444;SELL
2016-03-22T13:22:40.000000;2016-03-22T13:22:41.710000;0b54f194-75cb-4f07-b527-1a89600e5263;11.859;0.55414222;SELL
2016-03-22T13:26:58.000000;2016-03-22T13:26:58.900000;8fa71563-153d-48cb-8b91-d9294e905656;11.875;0.55056;SELL
2016-03-22T13:27:32.000000;2016-03-22T13:27:32.780000;9d3d517d-9da7-4566-86b1-312d21d9d0d1;11.856;0.55056;SELL
2016-03-22T13:28:20.000000;2016-03-22T13:28:20.920000;7820860a-c4e9-4e45-b347-ffdfc8a6df3e;11.855;0.5522433;SELL
2016-03-22T13:29:09.000000;2016-03-22T13:29:09.437000;bf574dde-0d86-4994-9d16-e7cca1751882;11.84;0.55414222;SELL
2016-03-22T13:30:05.000000;2016-03-22T13:30:05.187000;de1447f3-9dba-49ca-96a3-3ec130932fa5;11.83;0.55414222;SELL
2016-03-22T13:30:36.000000;2016-03-22T13:30:36.250000;bbb83a95-d880-4f4c-ae5b-feacf2f7802e;11.821;0.55414222;SELL
2016-03-22T13:31:19.000000;2016-03-22T13:31:19.517000;6ce51345-ff21-41f8-95e6-5dc2c3099664;11.808;1.234971;SELL
2016-03-22T13:32:34.000000;2016-03-22T13:32:34.923000;250c181b-706a-4ef6-a5b9-1b49edfe1ea0;11.808;40.466329;SELL
2016-03-22T13:32:34.000000;2016-03-22T13:32:34.943000;8d48c99c-bf59-49f2-b9a7-b5889216bfd6;11.807;0.55414222;SELL
2016-03-22T13:32:34.000000;2016-03-22T13:32:34.947000;d6ef9d18-0404-4919-9367-b4d6111bf787;11.8;0.1;SELL
2016-03-22T13:34:37.000000;2016-03-22T13:34:37.900000;0e031713-f530-478f-9330-ff5db6379ddd;11.8;0.5;BUY
2016-03-22T13:35:03.000000;2016-03-22T13:35:03.140000;f8f63e08-55c7-48aa-b2af-3122600f622a;11.8;0.5;BUY
2016-03-22T13:37:21.000000;2016-03-22T13:37:21.423000;d71031a1-ae08-4d46-b3d3-9673a54d7869;11.8;0.5;BUY
2016-03-22T13:38:22.000000;2016-03-22T13:38:22.243000;2bf7201e-d6c3-4a48-84ea-4f1f6d0d59a8;11.8;0.5;BUY
2016-03-22T13:38:23.000000;2016-03-22T13:38:23.960000;9b96ba35-2d82-4293-8267-43295f1b8ff7;11.8;0.5;BUY
2016-03-22T13:39:12.000000;2016-03-22T13:39:12.220000;052c4d59-b36b-4ddd-a9a5-4000f3696588;11.799;0.55414222;SELL
2016-03-22T13:39:12.000000;2016-03-22T13:39:12.237000;ed4ed4e4-98ea-4c52-a80e-c8edacfd1b5c;11.79;4.44585778;SELL
2016-03-22T13:41:10.000000;2016-03-22T13:41:11.377000;c250b9ba-d4e8-49eb-bfa4-2a1585bd7d06;11.8;0.5;SELL
2016-03-22T13:41:29.000000;2016-03-22T13:41:29.473000;ca63d6d3-f951-4b6b-8e0c-085f0c29d5fe;11.8;0.5;BUY
2016-03-22T13:41:42.000000;2016-03-22T13:41:42.917000;d5f7573a-0589-4c3d-af4d-670e116e7f0b;11.8;116.65005139;BUY
2016-03-22T13:54:18.000000;2016-03-22T13:54:18.917000;19ffede4-2668-4297-a707-5c88ee3b8b7f;11.81;17.4;SELL
2016-03-22T13:57:46.000000;2016-03-22T13:57:46.327000;9aecfc2e-b57c-4a93-9830-3176fbc0222e;11.8;0.5;SELL
2016-03-22T13:57:46.000000;2016-03-22T13:57:46.347000;16da7570-f906-4909-9662-9cea4f3bce2b;11.8;0.46995803;SELL
2016-03-22T13:59:34.000000;2016-03-22T13:59:34.573000;a2721662-2326-41a8-bd4c-62f9dfaf7e9a;11.8;0.03004197;SELL
2016-03-22T13:59:34.000000;2016-03-22T13:59:34.583000;86d2b1c0-1b86-4b55-93e0-7e9b997fe4cc;11.8;0.5;SELL
2016-03-22T14:01:47.000000;2016-03-22T14:01:48.067000;8596a912-39be-4882-a7ad-04d59d08c1a7;11.79;10.55414222;SELL
2016-03-22T14:01:47.000000;2016-03-22T14:01:48.123000;a21fb825-9503-4739-bc63-055bdbeccefe;11.79;0.1785906;SELL
2016-03-22T14:30:47.000000;2016-03-22T14:30:47.677000;266cd8d7-93d9-4836-965c-e1fc20e4326b;11.8;1.24580172;BUY
2016-03-22T14:44:56.000000;2016-03-22T14:44:56.780000;5ee6bd69-52bd-4f3b-b605-543ba6a4c48d;11.803;10.0;SELL
2016-03-22T14:51:31.000000;2016-03-22T14:51:31.350000;bd03d019-fdd8-47c5-8b77-f737a4f93ead;11.84;0.43513867;BUY
2016-03-22T14:51:31.000000;2016-03-22T14:51:31.363000;c6003452-a0fd-4324-93f4-b2fee41e7f33;11.845;0.55056;BUY
2016-03-22T14:51:31.000000;2016-03-22T14:51:31.377000;9072330c-e3ad-4c65-b1e7-ee9d664e012d;11.847;28.00438652;BUY
2016-03-22T14:51:31.000000;2016-03-22T14:51:31.400000;ea9627a5-8b57-41be-b463-99d2f13fbeff;11.847;8.886063;BUY
2016-03-22T14:51:31.000000;2016-03-22T14:51:31.400000;c47d357c-dbea-4404-adba-76d46bff6e10;11.85;2.265232;BUY
2016-03-22T14:51:34.000000;2016-03-22T14:51:34.703000;66009f9f-3361-4422-975a-c9414c5eb8a3;11.85;8.01184142;SELL
2016-03-22T14:51:34.000000;2016-03-22T14:51:34.883000;e33fe2c0-f923-481e-a0f3-38f5154d4cbe;11.85;1.04502279;SELL
2016-03-22T14:51:35.000000;2016-03-22T14:51:35.227000;d2840709-5697-4fdd-865f-3f27bc1da1d2;11.85;1.76767153;SELL
2016-03-22T14:51:45.000000;2016-03-22T14:51:48.250000;b9f0cb71-025b-453f-9bd4-a9a3fdcad677;11.85;0.86408407;SELL
2016-03-22T15:07:16.000000;2016-03-22T15:07:16.717000;f9ab7d8d-530e-4bdf-910e-8b33610cc3e3;11.758;4.57292236;SELL
2016-03-22T15:07:16.000000;2016-03-22T15:07:16.727000;70733430-bfe7-4cd9-bf9b-d43c838afb4a;11.757;0.45929194;SELL
2016-03-22T15:11:32.000000;2016-03-22T15:11:32.770000;592eab8c-916b-41e8-a987-66d5a352552c;11.7;18.82160055;SELL
2016-03-22T15:11:34.000000;2016-03-22T15:11:34.253000;d7c07e6b-c09f-43e1-8db9-0746abbf8e99;11.7;7.50664438;SELL
2016-03-22T15:11:35.000000;2016-03-22T15:11:35.703000;548a00b5-5200-4427-b234-b3daec7aec75;11.7;1.82353282;SELL
2016-03-22T15:11:36.000000;2016-03-22T15:11:36.357000;9e450593-fdb5-461c-aeb9-bc22bd565c9c;11.7;1.84822225;SELL
2016-03-22T15:11:36.000000;2016-03-22T15:11:36.363000;152f9311-7ae5-434f-8a2b-d54ba9c781b0;11.69;5.28364499;SELL
2016-03-22T15:11:37.000000;2016-03-22T15:11:37.960000;dd6b9c16-3e93-492d-8950-b8d54464000b;11.69;1.71635501;SELL
2016-03-22T15:11:37.000000;2016-03-22T15:11:37.963000;82ccf940-4961-42ac-bc20-19707755cf52;11.689;0.50664438;SELL
2016-03-22T15:11:38.000000;2016-03-22T15:11:38.200000;3076d81e-d6ba-4548-9fab-3fe4e2e6aa22;11.68;25.78138713;SELL
2016-03-22T15:11:38.000000;2016-03-22T15:11:38.827000;2b3f8dc6-037c-4f2e-82d6-fa91670c4a85;11.68;16.82598707;SELL
2016-03-22T15:11:39.000000;2016-03-22T15:11:39.753000;c783ae72-acd7-4523-ba7f-4e0463b0445d;11.68;7.3926258;SELL
2016-03-22T15:11:46.000000;2016-03-22T15:11:46.233000;9fd19a37-429f-4dfe-b847-491911624511;11.652;4.029858;SELL
2016-03-22T15:13:28.000000;2016-03-22T15:13:28.303000;1402203e-1d89-472f-8f01-be74c97f143c;11.645;1.7669;SELL
2016-03-22T15:15:18.000000;2016-03-22T15:15:19.427000;3c280ab1-5d83-4760-bf19-0f663e0fad80;11.634;0.5;BUY
2016-03-22T15:15:29.000000;2016-03-22T15:15:29.623000;72e42dbb-2c3b-46e4-a912-57e4261e2ba8;11.58;2.4128;SELL
2016-03-22T15:23:46.000000;2016-03-22T15:23:46.277000;d2de248a-0bf7-4c47-980f-6fb30cf28de2;11.56;30.0;SELL
2016-03-22T15:23:46.000000;2016-03-22T15:23:46.283000;53500ca5-5155-4ab3-a0fa-1d4756130cea;11.506;2.262958;SELL
2016-03-22T15:23:46.000000;2016-03-22T15:23:46.290000;5b2606b0-ece1-41f5-909c-387b8d8d55d5;11.506;8.521229;SELL
2016-03-22T15:23:53.000000;2016-03-22T15:23:54.193000;d884a672-aa42-4324-968a-877a65aacbe3;11.327;0.4;SELL
2016-03-22T15:23:53.000000;2016-03-22T15:23:54.207000;f94398c2-9451-4a77-9e22-d516de9d76b7;11.326;7.1;SELL
2016-03-22T15:30:50.000000;2016-03-22T15:30:51.200000;c015375a-4d8a-4763-be76-6b5c2a39df0c;11.504;0.28;SELL
2016-03-22T15:32:43.000000;2016-03-22T15:32:43.830000;812d3aef-5bcd-47ce-9f38-1e7d7e2d067d;11.504;20.0;SELL
2016-03-22T15:39:57.000000;2016-03-22T15:39:57.353000;01c97e66-3079-4a69-9c7d-8cf99c461000;11.415;2.369618;SELL
2016-03-22T15:53:14.000000;2016-03-22T15:53:14.367000;7fb32681-5604-4e0f-8c31-778f9f5067c4;11.311;0.327376;SELL
2016-03-22T15:53:14.000000;2016-03-22T15:53:14.377000;52dfb64f-34b8-4813-8307-285c22550463;11.31;4.37230876;SELL
2016-03-22T15:53:33.000000;2016-03-22T15:53:33.150000;5065ba52-1977-47f1-a3ef-669b57df1726;11.311;4.73028596;SELL
2016-03-22T15:53:33.000000;2016-03-22T15:53:33.157000;4fa9b4f6-2f17-497a-b2ad-4c3d3be33c47;11.31;25.62769124;SELL
2016-03-22T15:53:33.000000;2016-03-22T15:53:33.163000;3eed69aa-b41d-4812-9c27-ee3831fdfcde;11.3;4.5420228;SELL
2016-03-22T15:54:03.000000;2016-03-22T15:54:03.857000;a0ad90c0-9e67-4545-899c-6d58032ac7d8;11.3;2.373673;SELL
2016-03-22T15:54:25.000000;2016-03-22T15:54:25.223000;78c06f8c-e35c-471f-92a1-a35b7f871b6e;11.3;3.0843042;SELL
2016-03-22T15:54:25.000000;2016-03-22T15:54:25.237000;abee8392-a1db-4c8c-be12-998ab4dc786a;11.253;5.84470283;SELL
2016-03-22T15:55:41.000000;2016-03-22T15:55:42.033000;5b07c4fa-401e-4476-b38b-081f219e3f07;11.293;0.13831;BUY
2016-03-22T15:56:42.000000;2016-03-22T15:56:43.030000;3e27726a-0b94-4df9-8029-296c3b793485;11.223;0.74293273;SELL
2016-03-22T15:57:17.000000;2016-03-22T15:57:18.463000;f3b20fc1-4e8e-499e-8caf-8ff157e41156;11.222;5.0;SELL
2016-03-22T15:57:25.000000;2016-03-22T15:57:25.840000;a4f6bb12-86d1-48d7-8388-45471912b956;11.22;1.36863354;SELL
2016-03-22T15:57:26.000000;2016-03-22T15:57:26.640000;09c06bd6-dedc-4289-b236-c780d7080b29;11.22;1.36863354;SELL
2016-03-22T15:57:59.000000;2016-03-22T15:58:00.320000;d4a22009-0bb0-42af-a96a-8e9b34405bfc;11.22;5.21;SELL
2016-03-22T15:58:36.000000;2016-03-22T15:58:36.847000;8870e43e-4f56-4252-96ae-fe8733b4f3bc;11.22;1.05273292;SELL
2016-03-22T15:58:36.000000;2016-03-22T15:58:36.860000;dba502c5-d730-4baa-8ccf-14cd8f6f2e74;11.201;2.373673;SELL
2016-03-22T15:58:36.000000;2016-03-22T15:58:36.867000;4d1348f6-5e4f-4517-ba88-af5124cd2e3a;11.2;10.0;SELL
2016-03-22T15:58:37.000000;2016-03-22T15:58:37.887000;7a8a6f3c-da41-4876-8996-04983ed7b876;11.169;1.0;SELL
2016-03-22T15:58:37.000000;2016-03-22T15:58:37.900000;1ab7f556-9fae-42a0-b8a2-d499fd3b43a1;11.169;1.0;SELL
2016-03-22T15:58:37.000000;2016-03-22T15:58:37.910000;7aaaa8ad-3f22-4a51-ba8e-aa3f7549eb12;11.169;1.0;SELL
2016-03-22T15:58:37.000000;2016-03-22T15:58:37.940000;3198e48c-efc1-40dd-a4b7-b7f366909567;11.169;1.0;SELL
2016-03-22T15:58:37.000000;2016-03-22T15:58:37.940000;2d408f84-dc69-4dc3-add1-2a082683e99d;11.169;1.0;SELL
2016-03-22T15:58:37.000000;2016-03-22T15:58:37.940000;a12f4962-a954-497d-bff1-99556ef05c82;11.169;1.0;SELL
2016-03-22T15:58:37.000000;2016-03-22T15:58:37.940000;d69d1623-2ca0-41e8-8187-1075f8e2507c;11.169;1.0;SELL
2016-03-22T15:58:37.000000;2016-03-22T15:58:37.947000;8e0d3b80-4124-4a18-bf91-6c14ce911fe7;11.169;1.0;SELL
2016-03-22T15:58:37.000000;2016-03-22T15:58:37.977000;49522461-a98f-4cf1-9d94-e14ab82d9817;11.169;1.0;SELL
2016-03-22T15:58:37.000000;2016-03-22T15:58:37.977000;f5f6693f-71cb-43a0-ab03-12c6f979d4e7;11.169;1.0;SELL
2016-03-22T16:00:00.000000;2016-03-22T16:00:00.317000;465e38bf-d380-4ef1-878c-aa31e0c25b61;11.174;10.0;BUY
2016-03-22T16:03:04.000000;2016-03-22T16:03:04.597000;39f8509d-b51e-4757-baf3-b9f6abd90d90;11.124;2.0;BUY
2016-03-22T16:03:50.000000;2016-03-22T16:03:50.800000;064bd299-40ce-4260-a0a2-f6e66e05ef6d;11.124;28.90597476;BUY
2016-03-22T16:03:51.000000;2016-03-22T16:03:51.730000;920fd837-5b24-4701-b893-fd756c865fb9;11.124;14.37492524;BUY
2016-03-22T16:03:51.000000;2016-03-22T16:03:51.763000;8a78cba1-649e-40a7-a36e-b92d62839a6b;11.124;14.53104952;BUY
2016-03-22T16:04:11.000000;2016-03-22T16:04:11.863000;e61d9f08-b86f-4a59-ac05-ea98d2ca3fff;11.163;0.7454;BUY
2016-03-22T16:04:24.000000;2016-03-22T16:04:24.543000;359fefdc-9a93-4372-b4d7-79d46a457e4c;11.101;28.87706884;SELL
2016-03-22T16:04:24.000000;2016-03-22T16:04:24.557000;fe412b64-1721-4621-8c79-493bdbb432fa;11.1;0.1;SELL
2016-03-22T16:04:24.000000;2016-03-22T16:04:24.567000;3dc9d624-a860-4d17-bd6b-5e36c1fd178c;11.1;2.430625;SELL
2016-03-22T16:04:24.000000;2016-03-22T16:04:24.593000;e0b60560-5461-4f6c-b14c-0d09d877234b;11.075;0.69230616;SELL
2016-03-22T16:05:09.000000;2016-03-22T16:05:09.740000;2338286a-4106-48d9-8f07-f1013c893c59;11.179;28.90597481;BUY
2016-03-22T16:06:14.000000;2016-03-22T16:06:14.857000;db2faeb2-0fc1-41a0-b8bb-e5264d928522;11.22;1.052;BUY
2016-03-22T16:06:57.000000;2016-03-22T16:06:57.257000;f6c253e5-bd67-4956-9c87-8af219805e46;11.22;0.00073292;BUY
2016-03-22T16:06:57.000000;2016-03-22T16:06:57.267000;25afe9bf-ccbd-4cfd-b2fa-c575f839255d;11.253;2.29326708;BUY
2016-03-22T16:07:14.000000;2016-03-22T16:07:14.807000;2c19c59f-464f-4171-938a-9be61fed2c31;11.251;1.11041127;BUY
2016-03-22T16:07:14.000000;2016-03-22T16:07:14.813000;c5f0452f-57dd-4737-98ef-3c01e71ff1c8;11.252;1.45358873;BUY
2016-03-22T16:07:21.000000;2016-03-22T16:07:21.727000;4282f0e3-0f4a-4a9c-9029-1944ba9a9bb9;11.253;0.00049092;BUY
2016-03-22T16:07:21.000000;2016-03-22T16:07:21.750000;4c8e1628-a2c6-404a-bfdf-344c2e122c63;11.287;1.10950908;BUY
2016-03-22T16:07:34.000000;2016-03-22T16:07:34.117000;6cdf8264-ada0-42bb-9f8a-df8aba957ac7;11.287;1.30592192;BUY
2016-03-22T16:07:34.000000;2016-03-22T16:07:34.140000;412c0ce5-dbfc-40e0-8343-76ae1fce4c87;11.287;0.39207808;BUY
2016-03-22T16:07:40.000000;2016-03-22T16:07:40.993000;b0520b6f-7d7c-4eb3-aa70-b18c20ad97a5;11.287;8.593;BUY
2016-03-22T16:07:48.000000;2016-03-22T16:07:48.850000;700b3083-d056-47b1-a400-7b0a1642ef69;11.287;0.00091092;BUY
2016-03-22T16:07:48.000000;2016-03-22T16:07:48.870000;ef43e597-5e7c-4fcd-9749-7ec56c018451;11.299;2.49908908;BUY
2016-03-22T16:08:04.000000;2016-03-22T16:08:04.560000;67ddec62-4660-47d4-a0cf-7d98914782e3;11.299;0.00091092;BUY
2016-03-22T16:08:04.000000;2016-03-22T16:08:04.570000;4d55e2df-ada3-4d53-900c-eed591ef4070;11.301;4.73008908;BUY
2016-03-22T16:08:14.000000;2016-03-22T16:08:14.943000;c21bce66-307f-4c4c-bfdc-d98ef1b431b0;11.308;28.87706884;BUY
2016-03-22T16:08:14.000000;2016-03-22T16:08:14.950000;7ab88676-2e22-4286-a9f1-6a5625d6c7c6;11.309;7.97493116;BUY
2016-03-22T16:10:22.000000;2016-03-22T16:10:22.280000;41ef2e01-e9bc-42b4-a91e-7d2e2b078f77;11.309;28.877;BUY
2016-03-22T16:10:59.000000;2016-03-22T16:10:59.170000;cbfb46de-c875-4b19-8c8c-596cb0c2a469;11.305;1.106;BUY
2016-03-22T16:11:06.000000;2016-03-22T16:11:06.607000;98298790-4093-4d29-b72f-dfdd9785397e;11.303;43.918;BUY
2016-03-22T16:11:16.000000;2016-03-22T16:11:17.323000;fd94de28-7e71-4998-9b6e-429fe8106c1c;11.308;2.218;BUY
2016-03-22T16:11:22.000000;2016-03-22T16:11:22.617000;ff7533b3-30d3-4fa8-8f8f-d150bd4fca35;11.304;44.435;BUY
2016-03-22T16:11:28.000000;2016-03-22T16:11:28.857000;c147cf1b-6dc7-496f-be70-03a17cf4282c;11.31;1.0;BUY
2016-03-22T16:11:28.000000;2016-03-22T16:11:28.880000;671857f7-f419-490e-b7e0-901d155c6462;11.343;1.0;BUY
2016-03-22T16:11:38.000000;2016-03-22T16:11:38.233000;680c058a-2526-4ccf-9941-367b1b244777;11.338;10.001;BUY
2016-03-22T16:11:42.000000;2016-03-22T16:11:42.520000;afab65e5-bfe5-4fea-8f79-f55714a08918;11.337;43.831;BUY
2016-03-22T16:11:50.000000;2016-03-22T16:11:51.107000;11426068-6ab2-47d2-adbe-b47f7d8781da;11.338;2.41;BUY
2016-03-22T16:14:20.000000;2016-03-22T16:14:20.860000;1da1ef6a-8bc0-4ab9-bbf9-9be05bd2e5a9;11.338;0.000158;BUY
2016-03-22T16:14:20.000000;2016-03-22T16:14:20.867000;0d5aaeb4-518b-4c7b-b7f1-f724ee5e7441;11.338;34.799842;BUY
2016-03-22T16:14:23.000000;2016-03-22T16:14:23.510000;53ce2af1-8eae-4bdb-9bef-0e78afc9ef85;11.338;10.2;BUY
2016-03-22T16:15:43.000000;2016-03-22T16:15:43.157000;9e0be597-5360-483f-94bd-33a3b1e94e2a;11.409;2.395218;BUY
2016-03-22T16:18:46.000000;2016-03-22T16:18:46.257000;da8b6617-7b08-4184-8366-73cf8f58384b;11.4;5.0;SELL
2016-03-22T16:18:46.000000;2016-03-22T16:18:46.523000;327173e8-682c-43ff-9a8e-bbc033d66d9e;11.4;4.1549881;SELL
2016-03-22T16:18:50.000000;2016-03-22T16:18:51.190000;2e8294ad-9a6c-4aa4-a6bc-da7294a07ba9;11.4;11.93145414;SELL
2016-03-22T16:18:52.000000;2016-03-22T16:18:52.520000;2355a58d-3c1f-4b39-bb0b-5dbadb29c1ad;11.4;1.996;SELL
2016-03-22T16:18:54.000000;2016-03-22T16:18:54.507000;f54b37c9-f573-4981-b8fd-d179a7443766;11.4;2.16569207;SELL
2016-03-22T16:18:56.000000;2016-03-22T16:18:57.593000;6e6ac146-af65-440e-acae-5bfa6df961af;11.4;1.644379;SELL
2016-03-22T16:19:07.000000;2016-03-22T16:19:07.193000;b5b9f09d-9318-49ab-8630-069e10a5e08c;11.4;10.03270446;SELL
2016-03-22T16:19:08.000000;2016-03-22T16:19:08.610000;dd46211a-1c9f-4bf8-a68e-8bdfbcb10a9b;11.4;3.07478223;SELL
2016-03-22T16:19:29.000000;2016-03-22T16:19:30.120000;a3127cca-c66c-4000-981d-51166cfb432e;11.324;0.5;SELL
2016-03-22T16:19:41.000000;2016-03-22T16:19:41.997000;b3b5ecce-6da0-4540-a4d7-db2ec5ba013a;11.324;1.920078;SELL
2016-03-22T16:19:41.000000;2016-03-22T16:19:42.013000;70867e2e-a54b-4893-a149-68a79bca427d;11.307;26.95699084;SELL
2016-03-22T16:19:50.000000;2016-03-22T16:19:50.917000;d08c662a-36ff-4326-be4e-f39d23c8509e;11.324;1.3091283;BUY
2016-03-22T16:19:50.000000;2016-03-22T16:19:50.923000;dbbbad95-939e-40de-9ccb-200003f0f39f;11.324;0.6108717;BUY
2016-03-22T16:20:04.000000;2016-03-22T16:20:04.467000;a7ca34ba-d392-4749-8ec4-80e094df0e75;11.292;28.87706884;SELL
2016-03-22T16:23:34.000000;2016-03-22T16:23:36.427000;82fa9e02-f2a4-49f5-b2da-20770c56b5e3;11.297;28.87706884;BUY
2016-03-22T16:23:34.000000;2016-03-22T16:23:36.450000;c7767563-c8c9-4e17-80ac-2e6552738a81;11.298;43.7261;BUY
2016-03-22T16:23:34.000000;2016-03-22T16:23:36.453000;79497978-7ed0-4451-abd4-7b1a605ea90f;11.301;2.367543;BUY
2016-03-22T16:23:34.000000;2016-03-22T16:23:36.487000;847e778b-0003-4460-9780-a46db36869ec;11.307;45.0;BUY
2016-03-22T16:23:34.000000;2016-03-22T16:23:36.487000;8b9d335d-3d7f-4edc-aa0e-03e0ed369246;11.383;10.746824;BUY
2016-03-22T16:23:34.000000;2016-03-22T16:23:36.487000;b6c7801b-f53a-4f0d-bb7f-ec3f1106c737;11.386;96.313912;BUY
2016-03-22T16:23:34.000000;2016-03-22T16:23:36.487000;918292d9-87c3-439a-a146-09e9ac8dcf68;11.388;0.999;BUY
2016-03-22T16:23:34.000000;2016-03-22T16:23:36.493000;e111444f-ab00-441f-ade5-51c80cf0c27a;11.388;6.95792223;BUY
2016-03-22T16:23:34.000000;2016-03-22T16:23:36.527000;7f765fc4-3723-4417-b43e-4ae1e6d3d040;11.393;10.03270446;BUY
2016-03-22T16:23:34.000000;2016-03-22T16:23:36.527000;2b153af4-914d-46c9-a83f-c78c08cbec21;11.464;2.5;BUY
2016-03-22T16:23:34.000000;2016-03-22T16:23:36.527000;04d767af-070e-43ab-9b14-0116b087d96b;11.5;1.0;BUY
2016-03-22T16:23:34.000000;2016-03-22T16:23:36.527000;4c814d24-7212-4009-ad75-4c9033e90d47;11.542;75.257;BUY
2016-03-22T16:23:34.000000;2016-03-22T16:23:36.527000;55ee3154-3697-4f14-b56c-cfe8f2030f95;11.542;176.22192547;BUY
2016-03-22T16:25:32.000000;2016-03-22T16:25:32.883000;f543bce2-1a13-45ff-8d76-328190b44071;11.264;28.87706884;BUY
2016-03-22T16:25:32.000000;2016-03-22T16:25:32.897000;50c5cc05-122c-44a5-9051-4c61fd9bda66;11.265;10.09203116;BUY
2016-03-22T16:27:51.000000;2016-03-22T16:27:52.573000;88af95ec-f023-48b3-b4f7-b75c5531abcc;11.254;12.43568019;BUY
2016-03-22T16:28:13.000000;2016-03-22T16:28:13.593000;73a8e040-2b4b-4214-971f-469094bb2b17;11.208;7.4;SELL
2016-03-22T16:28:13.000000;2016-03-22T16:28:13.600000;8623f17a-b89d-44ee-8174-ae752860ae53;11.207;10.49624919;SELL
2016-03-22T16:34:16.000000;2016-03-22T16:34:16.370000;953a412c-b995-4852-acec-cf217dfde6bf;11.254;7.3852811;BUY
2016-03-22T16:34:47.000000;2016-03-22T16:34:47.347000;f2fac4fb-86b7-43c6-aaa1-ea981544be25;11.246;0.7439092;SELL
2016-03-22T16:34:55.000000;2016-03-22T16:34:55.210000;ec52ba8d-484b-404d-9f91-8c620102690d;11.254;24.26403871;BUY
2016-03-22T16:37:32.000000;2016-03-22T16:37:32.753000;b2fd4946-1b49-4b47-80c4-6ef88dd37f2f;11.374;0.734;BUY
2016-03-22T16:44:33.000000;2016-03-22T16:44:33.540000;16d67c45-d35b-4629-9d33-4e5bdd14a88e;11.398;7.4;BUY
2016-03-22T16:44:33.000000;2016-03-22T16:44:33.563000;acdef2e9-adb0-4e0f-8bff-70256a970f88;11.399;28.87706884;BUY
2016-03-22T16:44:33.000000;2016-03-22T16:44:33.567000;e8f4ce40-286e-44f3-8045-6d0d6ac20883;11.4;92.6;BUY
2016-03-22T16:46:17.000000;2016-03-22T16:46:17.213000;e906be7a-6b13-48e5-ac2e-cc98ac5d47c0;11.38;29.776267;SELL
2016-03-22T16:46:17.000000;2016-03-22T16:46:18.057000;939f4e49-3062-4389-a800-5f90768b54c7;11.38;0.35;SELL
2016-03-22T16:46:17.000000;2016-03-22T16:46:18.077000;1e6094aa-f7e9-4126-8866-1f5d5d0a3ee9;11.38;28.87706884;SELL
2016-03-22T16:46:18.000000;2016-03-22T16:46:18.157000;48d96ac7-aa68-4ae5-819c-1c64656a9453;11.38;20.609609;SELL
2016-03-22T16:46:19.000000;2016-03-22T16:46:19.787000;1196dee7-0f2a-4a08-9d1c-17f44e629a77;11.38;20.38705516;SELL
2016-03-22T16:46:26.000000;2016-03-22T16:46:26.743000;1e17479b-e815-407f-bb12-f63def55453f;11.357;43.0751;SELL
2016-03-22T16:46:26.000000;2016-03-22T16:46:26.757000;b9fefcc9-85f5-4559-951e-9f04210f759b;11.267;11.355994;SELL
2016-03-22T16:46:26.000000;2016-03-22T16:46:26.770000;fba1cea4-db85-4404-b505-362faae490c8;11.267;8.162656;SELL
2016-03-22T16:46:31.000000;2016-03-22T16:46:31.443000;857bef0e-3741-458e-9927-e32e2190ea49;11.357;45.0;BUY
2016-03-22T16:46:33.000000;2016-03-22T16:46:33.280000;23eb5fcf-506d-457d-a9e0-4e75980df4e8;11.27;14.56720288;SELL
2016-03-22T16:46:33.000000;2016-03-22T16:46:33.820000;b926862e-27db-4b04-b48a-c09920c89716;11.27;14.30986596;SELL
2016-03-22T16:46:33.000000;2016-03-22T16:46:33.833000;1b49008d-9aef-459f-9bda-9315c8fd4675;11.27;24.58129584;SELL
2016-03-22T16:46:35.000000;2016-03-22T16:46:35.053000;6f346fc6-4668-4c7f-9b21-3812b444bc8b;11.356;20.04574196;BUY
2016-03-22T16:49:48.000000;2016-03-22T16:49:48.520000;114e8e7d-4bea-4804-bb0e-e4fa1c9f6a68;11.38;0.35;BUY
2016-03-22T16:49:48.000000;2016-03-22T16:49:48.533000;d50d03ec-6f8c-49ba-8d60-f3b907f5e36e;11.38;20.60962032;BUY
2016-03-22T16:49:48.000000;2016-03-22T16:49:48.537000;d3bba480-9750-42b6-a456-b75517636eb2;11.38;8.87999351;BUY
2016-03-22T17:00:40.000000;2016-03-22T17:00:40.187000;4821da0f-a5b4-475a-8c39-17c45deceac8;11.383;43.2298;BUY
2016-03-22T17:05:14.000000;2016-03-22T17:05:14.280000;5cb4f97a-6f96-4b2d-8ecd-b73e89a9433e;11.38;28.87706884;SELL
2016-03-22T17:05:52.000000;2016-03-22T17:05:52.517000;70ce197f-1506-4d6a-8567-c3a74e1d8a17;11.38;0.999;SELL
2016-03-22T17:05:53.000000;2016-03-22T17:05:53.200000;193ed8c3-4e92-4be1-8a24-41bfc439b718;11.38;0.999;SELL
2016-03-22T17:05:53.000000;2016-03-22T17:05:53.643000;35843646-0974-4283-96f9-e2a337616296;11.38;0.999;SELL
2016-03-22T17:05:54.000000;2016-03-22T17:05:54.603000;d9f1151f-f286-4018-8fb3-bab9eee30e75;11.38;0.999;SELL
2016-03-22T17:05:55.000000;2016-03-22T17:05:55.670000;1387a98e-add6-4bf2-9b47-d1a58b48ff50;11.38;2.12693116;SELL
2016-03-22T17:06:01.000000;2016-03-22T17:06:01.477000;2dbe5f9e-04dc-4013-bbe4-df448a5f0fac;11.36;0.999;SELL
2016-03-22T17:06:18.000000;2016-03-22T17:06:18.097000;afd566fc-23fd-473c-9851-59e16e2d37f5;11.36;3.86816171;SELL
2016-03-22T17:06:24.000000;2016-03-22T17:06:24.803000;8e195833-cb08-41bb-8db3-19316bdefc73;11.36;15.8311143;SELL
2016-03-22T17:06:27.000000;2016-03-22T17:06:27.933000;61d7c971-03cf-4489-99fc-897f6fc11d21;11.36;9.25598203;SELL
2016-03-22T17:06:29.000000;2016-03-22T17:06:29.427000;9e5e0eb3-9f7e-4459-9299-394383fdae42;11.33;28.87706884;SELL
2016-03-22T17:07:14.000000;2016-03-22T17:07:14.540000;c2d13a88-d182-498c-8337-03ea94b86aef;11.33;0.999;SELL
2016-03-22T17:07:48.000000;2016-03-22T17:07:49.803000;802d6cf7-afc0-4248-b6e0-2c9975cf44e2;11.33;0.999;SELL
2016-03-22T17:07:50.000000;2016-03-22T17:07:51.843000;6af82a78-f17e-47e4-8f5b-d380695cdf72;11.33;6.72801797;SELL
2016-03-22T17:07:52.000000;2016-03-22T17:07:52.747000;339bf7d9-5e1b-43dc-988d-21a52902553c;11.33;4.44739833;SELL
2016-03-22T17:07:52.000000;2016-03-22T17:07:52.933000;1bfaaedb-1d44-4cec-b402-410b565fea6b;11.33;6.72801797;SELL
2016-03-22T17:07:54.000000;2016-03-22T17:07:54.540000;5ab8a38b-bf2e-416a-987c-fe09ace9a488;11.33;1.22149689;SELL
2016-03-22T17:09:22.000000;2016-03-22T17:09:22.527000;5c4086fb-c6dd-418a-8ef5-fdc25f533b82;11.264;24.26403871;SELL
2016-03-22T17:09:47.000000;2016-03-22T17:09:47.843000;fa0880a9-3fd9-420a-9d2b-ca057fdfd660;11.201;21.9269;SELL
2016-03-22T17:09:48.000000;2016-03-22T17:09:48.963000;e4129e38-0eaf-4a7a-a71e-07ea972c6941;11.201;1.0;SELL
2016-03-22T17:10:07.000000;2016-03-22T17:10:07.767000;a94ace21-9a7e-4935-85c1-175eb16ce0c5;11.2;1.4814227;SELL
2016-03-22T17:10:07.000000;2016-03-22T17:10:07.797000;b0de634e-815b-473e-a590-462fc80d96d6;11.2;0.4454773;SELL
2016-03-22T17:10:07.000000;2016-03-22T17:10:07.807000;7c13bb50-804b-4aab-a6b4-df1dd973b9f6;11.2;0.5535227;SELL
2016-03-22T17:11:34.000000;2016-03-22T17:11:34.643000;f6703d1c-b876-4236-a6c2-588264b33d15;11.17;4.3;SELL
2016-03-22T17:16:27.000000;2016-03-22T17:16:27.553000;40a9eef8-2866-4f13-8c6c-db75636d1a54;11.24;0.35;BUY
2016-03-22T17:16:28.000000;2016-03-22T17:16:28.083000;4045430a-739b-425d-9334-8ace1d47de36;11.24;23.91403871;BUY
2016-03-22T17:16:28.000000;2016-03-22T17:16:28.140000;a30df0a5-d039-402b-84fd-9735224a021d;11.258;2.367543;BUY
2016-03-22T17:16:28.000000;2016-03-22T17:16:28.147000;dca970bb-e401-4edb-a32b-612ed139579d;11.26;1.601022;BUY
2016-03-22T17:16:28.000000;2016-03-22T17:16:28.333000;da7fd835-5ca3-4503-b4f2-32c56d653c85;11.26;42.767278;BUY
2016-03-22T17:16:29.000000;2016-03-22T17:16:29.653000;1ed07700-0156-4d85-a664-9969a285967d;11.26;9.97257936;SELL
2016-03-22T17:16:29.000000;2016-03-22T17:16:29.937000;19ddadd6-8c2a-493f-9723-cef6b8295a17;11.264;5.46751874;BUY
2016-03-22T17:16:29.000000;2016-03-22T17:16:29.953000;0d6bda5b-8505-468c-8db6-fce75b6d6d1b;11.267;23.34220297;BUY
2016-03-22T17:16:30.000000;2016-03-22T17:16:30.083000;166c0a2d-a08e-4b30-a200-b0affaffb4b6;11.267;4.32805304;BUY
2016-03-22T17:16:30.000000;2016-03-22T17:16:30.293000;aa20c180-4c99-419a-9d26-2785f8acf9e8;11.267;0.56452866;BUY
2016-03-22T17:16:34.000000;2016-03-22T17:16:35.010000;c4acc2b9-df6f-4e9e-859a-295e09115517;11.267;2.15486268;BUY
2016-03-22T17:16:34.000000;2016-03-22T17:16:35.047000;63f30726-2afb-4870-a043-8d11b20d8198;11.267;7.16018088;BUY
2016-03-22T17:16:37.000000;2016-03-22T17:16:37.760000;15a35247-9c44-49aa-9d5b-85951da2e794;11.3;4.3;BUY
2016-03-22T17:16:37.000000;2016-03-22T17:16:37.763000;ff4b23d4-7dd8-4275-8bee-e3b55e566ccc;11.317;5.50652108;BUY
2016-03-22T17:16:37.000000;2016-03-22T17:16:37.783000;1305502c-7b43-4989-b955-926151e57468;11.319;3.37976413;BUY
2016-03-22T17:16:37.000000;2016-03-22T17:16:37.803000;6efacc0f-9e58-4fa6-a48f-150013a55909;11.319;9.300595;BUY
2016-03-22T17:16:45.000000;2016-03-22T17:16:46.780000;2da05ab2-54b0-4200-a8c2-cb95cea6934f;11.355;6.36366129;SELL
2016-03-22T17:16:47.000000;2016-03-22T17:16:49.090000;0542dbae-ec21-4743-88f0-b71dc23abddc;11.355;3.17483471;BUY
2016-03-22T17:16:47.000000;2016-03-22T17:16:49.100000;5370087f-0f2a-4329-ad6f-31035aa5fe6c;11.359;3.12593116;BUY
2016-03-22T17:16:47.000000;2016-03-22T17:16:49.127000;fe0d5215-385c-4972-b0d3-9d1eae4a5cd8;11.36;0.06289542;BUY
2016-03-22T17:17:32.000000;2016-03-22T17:17:32.733000;4581f131-2edb-4dd5-bb87-8a144b00e59f;11.36;3.80170199;BUY
2016-03-22T17:26:44.000000;2016-03-22T17:26:45.080000;cbe5e38f-66a0-481d-b1bd-fd4b9ce37a12;11.4;7.4;BUY
2016-03-22T17:26:44.000000;2016-03-22T17:26:45.087000;a4ff5da9-84cb-454a-b329-b027332d7b8c;11.433;4.26573;BUY
2016-03-22T17:26:44.000000;2016-03-22T17:26:45.090000;5500f39e-8f57-4577-aea2-1d19abd75c8c;11.434;11.470512;BUY
2016-03-22T17:26:44.000000;2016-03-22T17:26:45.127000;f87b83b6-54d1-40c5-b237-7c761ba25a2e;11.434;50.09474666;BUY
2016-03-22T17:28:59.000000;2016-03-22T17:28:59.230000;e761f6e5-b197-4036-b107-01590977f7eb;11.351;0.73374405;SELL
2016-03-22T17:28:59.000000;2016-03-22T17:28:59.807000;d475b01d-8df2-49d0-9643-c80d3d71bc5a;11.351;28.14332479;SELL
2016-03-22T17:29:12.000000;2016-03-22T17:29:15.147000;5a207a92-a36e-46b1-bd0e-2012a2af9aff;11.351;21.56418;SELL
2016-03-22T17:29:18.000000;2016-03-22T17:29:18.733000;10159d73-4196-412f-af5d-908adab2ba00;11.352;18.594;SELL
2016-03-22T17:29:25.000000;2016-03-22T17:29:25.900000;76e1c1f1-73c9-4244-bb11-0ac39985d258;11.35;0.999;SELL
2016-03-22T17:29:26.000000;2016-03-22T17:29:26.733000;5de6e35a-195f-44b2-9b1e-3862ad2c6bde;11.35;0.999;SELL
2016-03-22T17:29:28.000000;2016-03-22T17:29:28.243000;59181e95-d21a-4a81-9ea9-376bfce2a52d;11.35;0.999;SELL
2016-03-22T17:29:30.000000;2016-03-22T17:29:30.570000;d1a04e48-bcdb-48a0-8513-21a9d1c83070;11.35;4.58102359;SELL
2016-03-22T17:29:37.000000;2016-03-22T17:29:37.687000;4848b05a-95a1-4b09-9840-958b1e5cd48c;11.35;28.87706884;SELL
2016-03-22T17:29:38.000000;2016-03-22T17:29:38.293000;5177e842-ee70-4c3b-b1b9-a7fd99e19372;11.35;8.49980468;SELL
2016-03-22T17:29:38.000000;2016-03-22T17:29:38.303000;95f6e8c5-5374-4eeb-a8ed-2cf29b7f58c6;11.35;14.92878904;SELL
2016-03-22T17:29:38.000000;2016-03-22T17:29:38.320000;be4b2127-58d4-4129-b69c-4bd7c9fe8227;11.347;3.03173744;SELL
2016-03-22T17:29:45.000000;2016-03-22T17:29:45.507000;a86910cf-5895-4908-bc8a-01f8216eb404;11.345;0.95289681;SELL
2016-03-22T17:29:46.000000;2016-03-22T17:29:47.000000;fe0de440-fed5-484d-bbc8-1ff116ac47e3;11.345;0.95289681;SELL
2016-03-22T17:29:47.000000;2016-03-22T17:29:47.390000;4939e09e-c6b8-44e9-bea0-d0f0eb61a00b;11.345;0.95385066;SELL
2016-03-22T17:29:47.000000;2016-03-22T17:29:47.443000;83d59a48-ee13-4a06-8bd5-1225696c4b3e;11.345;6.19038569;SELL
2016-03-22T17:29:48.000000;2016-03-22T17:29:48.253000;8a494d37-ca8a-4b96-a2cb-68cf6e863159;11.341;1.11515654;SELL
2016-03-22T17:29:49.000000;2016-03-22T17:29:49.600000;45f03bc2-bad4-4648-abcf-81badb820ccd;11.341;13.38484346;SELL
2016-03-22T17:29:52.000000;2016-03-22T17:29:52.627000;e8e9c3cd-8dc1-4ff3-a135-a5e76f878944;11.333;1.11515654;SELL
2016-03-22T17:29:56.000000;2016-03-22T17:29:57.110000;44a6aa83-6cd0-4cd1-bd5e-ef6baf8b348d;11.333;4.74500748;SELL
2016-03-22T17:29:56.000000;2016-03-22T17:29:57.117000;894eb6c2-617d-41eb-857c-e2c40ad30364;11.333;1.94723336;SELL
2016-03-22T17:29:58.000000;2016-03-22T17:29:59.017000;4509dbcd-b951-463c-b156-e405240ae2a8;11.301;0.63242497;SELL
2016-03-22T17:30:15.000000;2016-03-22T17:30:16.040000;49dd3f13-1619-46e8-80fd-a7da84f4b3a2;11.301;6.19144109;SELL
2016-03-22T17:30:15.000000;2016-03-22T17:30:16.040000;fb112c36-f652-4c9e-a939-123812252600;11.3;1.13322472;SELL
2016-03-22T17:31:01.000000;2016-03-22T17:31:01.843000;7b37d350-e05f-493f-94eb-d0f549aa5a88;11.3;9.0;SELL
2016-03-22T17:31:05.000000;2016-03-22T17:31:05.433000;6704045f-f742-4ece-ad4c-2027af5cb83a;11.3;9.86677528;SELL
2016-03-22T17:31:05.000000;2016-03-22T17:31:05.457000;11081607-651c-4854-9e78-9f642f1288ab;11.264;0.35;SELL
2016-03-22T17:31:05.000000;2016-03-22T17:31:05.463000;c95392e3-2048-4f9f-be17-085b95da28ea;11.262;5.46751874;SELL
2016-03-22T17:31:05.000000;2016-03-22T17:31:05.497000;656cad9c-c19b-4a48-8cf5-a421c4c57f60;11.262;13.19277482;SELL
2016-03-22T17:31:07.000000;2016-03-22T17:31:07.677000;a95c28d6-fce1-413a-88c9-c197b6df8fe9;11.262;2.17933541;SELL
2016-03-22T17:31:08.000000;2016-03-22T17:31:08.157000;2f3c950d-e939-4e6b-a41e-33c79c138261;11.261;6.82066459;SELL
2016-03-22T17:32:23.000000;2016-03-22T17:32:23.557000;38e53331-f45a-47ce-aec9-efc15a18cf80;11.263;17.44337412;SELL
2016-03-22T17:32:23.000000;2016-03-22T17:32:23.563000;e1162091-4254-43c5-82db-59fb989e9641;11.24;0.35;SELL
2016-03-22T17:32:23.000000;2016-03-22T17:32:23.567000;7b04ce33-2661-4c31-a95e-45a14c773244;11.24;6.46503056;SELL
2016-03-22T17:32:23.000000;2016-03-22T17:32:23.600000;b0e0da88-2bcf-4530-aae5-1e47f3c420f0;11.2;19.0;SELL
2016-03-22T17:32:23.000000;2016-03-22T17:32:23.600000;2d6f8dfc-46a6-4687-94e5-84f568ef71b0;11.192;21.30436628;SELL
2016-03-22T17:32:23.000000;2016-03-22T17:32:23.600000;b132ba02-111f-4935-a651-c8835bb30800;11.179;2.386764;SELL
2016-03-22T17:32:23.000000;2016-03-22T17:32:23.600000;a857ba55-0b32-406b-8028-92aba9371e4a;11.14;30.27386504;SELL
2016-03-22T17:51:35.000000;2016-03-22T17:51:35.677000;6307b388-cf39-4a70-b05b-2cea1f91dea1;11.28;4.0;SELL
2016-03-22T17:51:35.000000;2016-03-22T17:51:35.700000;fb1f9bda-d845-4395-b4b5-fd9c5e05898a;11.28;24.87706884;SELL
2016-03-22T17:52:36.000000;2016-03-22T17:52:37.273000;b471463f-1361-4fef-a0c9-07a5933e6ad9;11.22;0.1;SELL
2016-03-22T17:58:56.000000;2016-03-22T17:58:56.750000;5a2ff841-6882-439b-aab8-523699b39d15;11.3;0.1;BUY
2016-03-22T17:58:56.000000;2016-03-22T17:58:56.760000;670bde3b-4997-472a-bc0c-19130214c6ef;11.301;39.9;BUY
2016-03-22T18:01:46.000000;2016-03-22T18:01:46.387000;93fad3e4-246d-44a2-af1d-b385b6e43ac6;11.252;7.3;BUY
2016-03-22T18:01:55.000000;2016-03-22T18:01:55.760000;76919483-99b1-4331-8439-0c9bc3a8e5a4;11.252;1.9;BUY
2016-03-22T18:02:27.000000;2016-03-22T18:02:27.400000;7c732b88-e3ae-48a2-aff7-8bee2a584b1e;11.252;100.0;BUY
2016-03-22T18:02:34.000000;2016-03-22T18:02:34.820000;724d4216-7b64-4209-bdc7-9ded8f640f89;11.252;4.97238826;BUY
2016-03-22T18:02:47.000000;2016-03-22T18:02:48.363000;a7c9baf9-8ef5-456d-bb0a-2555873d9e42;11.252;5.00500501;BUY
2016-03-22T18:03:03.000000;2016-03-22T18:03:03.823000;271ebe33-3c66-4649-86f5-109407a2ecf2;11.252;24.42722723;BUY
2016-03-22T18:03:19.000000;2016-03-22T18:03:20.023000;0543fb56-fe61-4f65-8520-9d974ccd088f;11.252;28.90597481;BUY
2016-03-22T18:03:19.000000;2016-03-22T18:03:20.060000;6c0f1c85-1e47-4a79-b77d-3f1ebd1e7f24;11.252;46.19087187;BUY
2016-03-22T18:03:22.000000;2016-03-22T18:03:22.743000;4fa2764f-ca68-4cae-902e-d571c78ed084;11.252;2.52467753;BUY
2016-03-22T18:03:22.000000;2016-03-22T18:03:22.800000;eba1133f-5aa6-4c81-9951-08bb6c4d8344;11.252;19.35586107;BUY
2016-03-22T18:03:28.000000;2016-03-22T18:03:28.163000;e405db99-4dad-45cf-bb8f-d3b4317f1d3c;11.252;11.31326706;BUY
2016-03-22T18:10:41.000000;2016-03-22T18:10:41.603000;c5efd8f4-301c-4df6-890e-b08891da62ac;11.35;4.65648258;BUY
2016-03-22T18:10:41.000000;2016-03-22T18:10:41.620000;99036d2d-dc5c-4bb7-852e-d2b4feae76e3;11.351;0.34852242;BUY
2016-03-22T18:12:11.000000;2016-03-22T18:12:11.053000;d1869b9b-9ce1-4694-b59b-5b2f4360ddcb;11.351;2.384659;BUY
2016-03-22T18:13:17.000000;2016-03-22T18:13:17.913000;0860935b-2c21-47f5-91a7-a791a745214d;11.351;1.15895405;BUY
2016-03-22T18:17:28.000000;2016-03-22T18:17:28.400000;bedeb3e2-fe4f-46a3-ae89-b3034b50777f;11.4;28.9059746;BUY
2016-03-22T18:17:47.000000;2016-03-22T18:17:47.953000;9dc7e1c4-81f6-449e-9852-3777300bfffd;11.399;0.4411722;BUY
2016-03-22T18:19:24.000000;2016-03-22T18:19:25.000000;740ee835-9fe6-4f7e-8ccf-6230a3533a87;11.399;1.2;SELL
2016-03-22T18:19:24.000000;2016-03-22T18:19:25.020000;e8cf154e-43f2-4603-a563-2a268ad55f5c;11.399;0.8;SELL
2016-03-22T18:21:21.000000;2016-03-22T18:21:22.210000;7df1acd3-a05d-4809-9683-fc8de493b29a;11.4;2.0;BUY
2016-03-22T18:23:23.000000;2016-03-22T18:23:23.530000;c710d3b8-348c-4a79-832a-a7214d6786f5;11.399;6.7;BUY
2016-03-22T18:23:23.000000;2016-03-22T18:23:23.547000;cc2bcd3c-0181-4113-85fd-263c63267374;11.4;22.20597472;BUY
2016-03-22T18:23:31.000000;2016-03-22T18:23:31.583000;81b13eaf-2fc6-46f1-b62d-b6000c47c8d2;11.4;28.90597481;BUY
2016-03-22T18:23:42.000000;2016-03-22T18:23:42.950000;e05b4fa7-ddca-477e-a489-46ad70d5bc45;11.4;28.90597481;BUY
2016-03-22T18:23:44.000000;2016-03-22T18:23:44.420000;c3be8118-e81a-474b-b4d6-dcfc953970d1;11.4;28.90597472;BUY
2016-03-22T18:23:45.000000;2016-03-22T18:23:45.740000;66c47755-77dc-4886-a27f-7982d64671da;11.4;28.90597472;BUY
2016-03-22T18:24:03.000000;2016-03-22T18:24:04.000000;fe12f779-9a30-4881-8685-32fe1a56fbf3;11.4;28.90597481;BUY
2016-03-22T18:24:06.000000;2016-03-22T18:24:06.867000;7151e0f0-e1bd-45f1-aa28-f7579561698a;11.4;28.90597481;BUY
2016-03-22T18:24:29.000000;2016-03-22T18:24:29.690000;a35b5a1c-3a3d-4371-b0c2-adb2e73bf622;11.4;28.90597468;BUY
2016-03-22T18:24:34.000000;2016-03-22T18:24:35.080000;8582c038-5432-48a8-a6a7-013b1f5490b7;11.4;8.54622732;BUY
2016-03-22T18:25:32.000000;2016-03-22T18:25:32.243000;b7f58083-2efc-4aac-ad8f-bfe444c295d5;11.411;0.5;SELL
2016-03-22T18:28:33.000000;2016-03-22T18:28:33.200000;d573691c-202c-4275-a3c3-7b17cae96f3d;11.52;0.1;SELL
2016-03-22T18:32:08.000000;2016-03-22T18:32:08.593000;e5e5e5bb-2e87-4bcc-892d-31ba920aaa50;11.47;0.1;SELL
2016-03-22T18:33:30.000000;2016-03-22T18:33:30.600000;215416ae-7038-4766-b2ee-76454961c754;11.4;0.2906;SELL
2016-03-22T18:33:30.000000;2016-03-22T18:33:30.620000;af43ce11-350f-45f5-936b-04477205d29b;11.385;1.15895405;SELL
2016-03-22T18:33:31.000000;2016-03-22T18:33:31.427000;4fa7b113-3c7e-4da4-8937-f47ff3708731;11.336;2.41263;SELL
2016-03-22T18:35:02.000000;2016-03-22T18:35:02.813000;1a40e282-eb26-444d-ae5a-199231ce8c01;11.34;30.37386504;SELL
2016-03-22T18:38:58.000000;2016-03-22T18:38:58.820000;fa7dbbf6-6677-46cc-b43e-7050f9efe23e;11.34;1.92286404;SELL
2016-03-22T18:39:56.000000;2016-03-22T18:39:56.667000;726043a3-6faf-430c-ace4-c2ff915a1fa8;11.34;2.2414;SELL
2016-03-22T18:40:16.000000;2016-03-22T18:40:16.460000;f1839ba8-12b7-488d-9e61-cd9ca50ab56e;11.34;3.7600362;SELL
2016-03-22T18:40:59.000000;2016-03-22T18:40:59.780000;b9dcade7-1b70-4a62-8de3-752a14f4b36f;11.34;21.70183472;SELL
2016-03-22T18:40:59.000000;2016-03-22T18:40:59.800000;cf4f27fa-9c41-40e6-a03b-c5a50479ea31;11.34;6.0;SELL
2016-03-22T18:41:02.000000;2016-03-22T18:41:02.057000;df827989-495f-4bca-87f7-2c698d43308f;11.33;3.82476588;SELL
2016-03-22T18:41:02.000000;2016-03-22T18:41:03.047000;e4d7a475-58d1-4484-9a7d-fbe63fae54ce;11.33;1.17523412;SELL
2016-03-22T18:41:05.000000;2016-03-22T18:41:05.170000;df7b3578-aa92-42bf-81b3-287c353f04e0;11.284;1.17523412;SELL
2016-03-22T18:43:59.000000;2016-03-22T18:43:59.503000;b310f0bc-5660-4619-a180-0330c2dde742;11.284;23.27;SELL
2016-03-22T18:48:14.000000;2016-03-22T18:48:14.710000;c2c38710-d94a-4e99-bada-270a81759bdb;11.304;0.5;BUY
2016-03-22T18:48:14.000000;2016-03-22T18:48:14.737000;c08430ab-3523-48f8-aca1-8999bfa60533;11.305;44.5;BUY
2016-03-22T18:49:59.000000;2016-03-22T18:49:59.527000;abc31514-1bb3-4caa-b060-7fc9ff2ffe7a;11.329;6.0;BUY
2016-03-22T18:50:21.000000;2016-03-22T18:50:21.397000;6a71de17-393f-4dd6-92ed-3b7512aaaef7;11.329;6.0;BUY
2016-03-22T18:50:30.000000;2016-03-22T18:50:30.130000;e10a7704-a7f3-47ea-8980-7724774c5881;11.329;23.5943;BUY
2016-03-22T18:51:27.000000;2016-03-22T18:51:27.587000;0a3131d2-cebb-4487-b794-afe19ca69c00;11.328;43.9089;BUY
2016-03-22T18:51:27.000000;2016-03-22T18:51:27.600000;bffdbb8e-d475-4569-9101-ef48ce53e800;11.33;3.92449367;BUY
2016-03-22T18:52:24.000000;2016-03-22T18:52:24.717000;f845b312-79ea-40e1-a962-dbf692d2f931;11.339;44.111;BUY
2016-03-22T18:52:24.000000;2016-03-22T18:52:24.727000;c309503b-2b5c-45a8-9dfe-f7b343bc6d8d;11.34;4.33206312;BUY
2016-03-22T18:56:24.000000;2016-03-22T18:56:24.757000;affa8f08-253c-406a-a932-1c23b62efab3;11.324;9.6838;BUY
2016-03-22T19:04:32.000000;2016-03-22T19:04:32.957000;73e7ee7d-2867-4678-b89b-b58840bd0c00;11.298;0.5;SELL
2016-03-22T19:05:35.000000;2016-03-22T19:05:35.547000;53fe378f-5958-4722-87cb-9ddc5cd4e736;11.299;0.5;SELL
2016-03-22T19:06:32.000000;2016-03-22T19:06:32.570000;bf9b0bdf-8c5d-4dac-8650-f055b1e3306f;11.302;0.5;SELL
2016-03-22T19:07:32.000000;2016-03-22T19:07:32.787000;1ce0494b-fa14-4d5d-a65b-167a7f1717a5;11.302;0.5;SELL
2016-03-22T19:08:32.000000;2016-03-22T19:08:32.143000;4c5f950f-ba4f-4ac6-a38a-f4ce79cd847d;11.302;0.5;SELL
2016-03-22T19:09:33.000000;2016-03-22T19:09:33.277000;160d4c1e-887a-4145-9368-2eeaf7f39f57;11.302;0.5;SELL
2016-03-22T19:10:31.000000;2016-03-22T19:10:31.693000;c303360d-00de-499c-9d4b-abcc8c72ba5c;11.302;0.5;SELL
2016-03-22T19:11:31.000000;2016-03-22T19:11:32.147000;5d3dbb81-5875-4cbe-9291-31eb1165abdb;11.302;0.5;SELL
2016-03-22T19:12:32.000000;2016-03-22T19:12:32.057000;f4d70250-760f-4429-9cd4-5981dd5a5aae;11.302;0.5;SELL
2016-03-22T19:13:32.000000;2016-03-22T19:13:32.140000;0edd5c77-c015-4ad9-9ecf-d43088dc515b;11.31;0.5;SELL
2016-03-22T19:14:31.000000;2016-03-22T19:14:31.967000;b308d56e-22b4-42d8-aafb-c00558d861c4;11.31;0.5;SELL
2016-03-22T19:15:32.000000;2016-03-22T19:15:32.567000;9b2f751e-be41-4452-8e86-30c31f04b0bf;11.31;0.5;SELL
2016-03-22T19:16:31.000000;2016-03-22T19:16:31.553000;c4edcbd8-afac-4dac-8326-17b7f6e40dee;11.31;0.5;SELL
2016-03-22T19:17:33.000000;2016-03-22T19:17:33.773000;8dc7b4e9-3585-4f5f-9902-b38ef38adb5c;11.31;0.5;SELL
2016-03-22T19:18:32.000000;2016-03-22T19:18:32.460000;078d0d08-5f8e-4e3a-b39b-def5e413cdf1;11.31;0.5;SELL
2016-03-22T19:19:17.000000;2016-03-22T19:19:17.063000;cb9c599e-4b99-4390-8892-440e12d6444e;11.31;2.0;SELL
2016-03-22T19:19:17.000000;2016-03-22T19:19:17.067000;86cf08c7-c4b9-4f86-85da-ebab8b73a75d;11.309;8.12389394;SELL
2016-03-22T19:19:34.000000;2016-03-22T19:19:34.333000;c42c162b-56e5-48f2-8697-3983e4e85d19;11.309;0.5;SELL
2016-03-22T19:22:32.000000;2016-03-22T19:22:32.213000;080ce3eb-ecfd-4241-8800-d48bef0c399a;11.286;0.5;SELL
2016-03-22T19:23:31.000000;2016-03-22T19:23:31.373000;8297b788-67ef-4501-88fc-fecd2b321bff;11.286;0.5;SELL
2016-03-22T19:47:10.000000;2016-03-22T19:47:10.750000;b1276ab1-8ff4-4f48-82a2-6b83f1d41765;11.37;0.2;BUY
2016-03-22T19:47:10.000000;2016-03-22T19:47:10.767000;7801bb4f-d4e5-4127-9604-17bf37179ffb;11.374;1.24955405;BUY
2016-03-22T19:54:31.000000;2016-03-22T19:54:31.397000;47a1d2cf-a31b-4e3e-ba6c-d5721ed2cfa4;11.374;0.2;BUY
2016-03-22T19:55:31.000000;2016-03-22T19:55:31.413000;a0050b5b-1f4a-49fd-babc-aa4ffdb6c6ae;11.38;0.2;BUY
2016-03-22T19:57:26.000000;2016-03-22T19:57:26.573000;7197f830-4f11-4ca8-9c9a-ce2ab876a736;11.39;0.2;BUY
2016-03-22T19:57:51.000000;2016-03-22T19:57:51.113000;81360167-4ff1-4dff-befc-ef909d5932c1;11.4;0.2;BUY
2016-03-22T19:58:13.000000;2016-03-22T19:58:13.303000;7157f969-f449-46f9-b5df-3a42b063d0dd;11.41;0.2;BUY
2016-03-22T19:58:48.000000;2016-03-22T19:58:48.817000;be0f0529-0770-49f7-b8ee-71308a299766;11.42;0.2;BUY
2016-03-22T19:59:10.000000;2016-03-22T19:59:10.113000;c6ec7392-2780-4dab-803a-2b61be9021b8;11.43;0.2;BUY
2016-03-22T19:59:36.000000;2016-03-22T19:59:36.817000;dc8eca20-898e-4535-ba71-c7a767a801dc;11.44;0.2;BUY
2016-03-22T20:02:01.000000;2016-03-22T20:02:01.263000;1ceb2982-e637-49d2-bb3d-1cec0c636c82;11.45;0.2;BUY
2016-03-22T20:02:01.000000;2016-03-22T20:02:01.267000;a8ea2c63-419c-414c-bd58-42f7a29770fe;11.45;0.17858974;BUY
2016-03-22T20:02:27.000000;2016-03-22T20:02:27.347000;7baca5ce-5d42-4544-82fd-b1974b036e55;11.46;0.2;BUY
2016-03-22T20:04:15.000000;2016-03-22T20:04:15.803000;f3d0c93c-9425-4f45-9d2d-1e0f98ece2da;11.461;2.5;SELL
2016-03-22T20:17:57.000000;2016-03-22T20:17:58.533000;5c46970d-b672-41ea-a233-e51bfffd9dd0;11.471;23.5471114;SELL
2016-03-22T20:19:24.000000;2016-03-22T20:19:24.087000;d0a2c036-c30d-46b5-a99a-1db8095d5887;11.47;2.5;SELL
2016-03-22T20:22:47.000000;2016-03-22T20:22:47.890000;4ff9fc98-7f8b-4545-a53f-5327416f702d;11.47;7.5;SELL
2016-03-22T20:50:54.000000;2016-03-22T20:50:54.310000;ed34aaa3-a6df-4bc8-83e2-8911a5082657;11.38;0.3;SELL
2016-03-22T21:11:20.000000;2016-03-22T21:11:20.673000;ab645550-99f9-4277-9ba3-61f9580c2483;11.39;0.39156787;BUY
2016-03-22T21:22:19.000000;2016-03-22T21:22:20.030000;b7ccdc52-1df6-4829-a58b-0b87f3d3774e;11.39;1.82843213;SELL
2016-03-22T21:22:19.000000;2016-03-22T21:22:20.033000;c7cccf05-6645-4ca8-9448-c94bf17618b4;11.39;5.3607;SELL
2016-03-22T21:39:49.000000;2016-03-22T21:39:49.107000;71a10973-b6bf-42cd-99e8-9abfc15f8151;11.422;6.2;BUY
2016-03-22T21:59:31.000000;2016-03-22T21:59:31.173000;5e2fd8c8-4928-4ede-a7a1-53912249ad40;11.404;0.2906;SELL
2016-03-22T22:06:59.000000;2016-03-22T22:06:59.320000;bab3f124-664c-44c6-b943-f1474b5d81bf;11.432;1.5010434;SELL
2016-03-22T22:16:15.000000;2016-03-22T22:16:15.203000;3ae5b033-1cac-458d-a74e-41d1f814e3bd;11.5;0.2;BUY
2016-03-22T22:16:15.000000;2016-03-22T22:16:15.213000;c837969b-fdbf-4ccf-8699-094e0e779409;11.51;0.2;BUY
2016-03-22T22:16:15.000000;2016-03-22T22:16:15.217000;7b240fa5-f32f-4a8a-80b1-593b3702713a;11.517;0.4;BUY
2016-03-22T22:16:15.000000;2016-03-22T22:16:15.250000;e3a771c9-6d33-4091-aa83-e2752be86e1c;11.518;0.20100086;BUY
2016-03-22T22:22:33.000000;2016-03-22T22:22:33.500000;5998dff2-5bbd-465d-97a4-d9d8895c683a;11.488;0.9157;SELL
2016-03-22T22:26:26.000000;2016-03-22T22:26:26.913000;637718f8-3d7f-465e-8fe8-0b4b3dd20570;11.509;43.2762;BUY
2016-03-22T22:26:26.000000;2016-03-22T22:26:26.930000;75ea77ae-53aa-4827-bc3b-1af95e132a95;11.51;40.0;BUY
2016-03-22T22:26:26.000000;2016-03-22T22:26:26.933000;22975c5a-7e08-4796-bbd7-452cdde51295;11.518;3.45899914;BUY
2016-03-22T22:26:26.000000;2016-03-22T22:26:26.967000;e10ecc4b-9dbe-4a88-9f45-a073c19180c2;11.52;0.4;BUY
2016-03-22T22:26:26.000000;2016-03-22T22:26:26.967000;fa050523-90aa-4bca-8aac-35a74a092cd2;11.52;0.2;BUY
2016-03-22T22:26:26.000000;2016-03-22T22:26:26.967000;0282e6da-32b2-4ccd-b318-91e5fc34e635;11.53;0.2;BUY
2016-03-22T22:26:26.000000;2016-03-22T22:26:26.967000;66c883de-b0c5-4281-b7c0-f39a6ee4888d;11.54;0.2;BUY
2016-03-22T22:26:26.000000;2016-03-22T22:26:26.967000;9e998039-421c-434f-833c-839dfd5fac0c;11.55;0.2;BUY
2016-03-22T22:26:26.000000;2016-03-22T22:26:27.003000;02d1692c-6495-400d-abcc-209b514307ce;11.554;2.384659;BUY
2016-03-22T22:26:26.000000;2016-03-22T22:26:27.007000;650bc06b-4e5a-4024-bddf-78fa99bcc043;11.56;0.2;BUY
2016-03-22T22:26:26.000000;2016-03-22T22:26:27.007000;f2d77ddb-1d60-4e1a-8bad-a73d76b0e3a8;11.57;0.2;BUY
2016-03-22T22:26:26.000000;2016-03-22T22:26:27.007000;37d23f50-0c96-401d-b629-7118b08423cf;11.58;0.2;BUY
2016-03-22T22:26:26.000000;2016-03-22T22:26:27.007000;891b4363-c5a2-4461-a9f9-d272861ba743;11.59;0.2;BUY
2016-03-22T22:26:26.000000;2016-03-22T22:26:27.043000;1f1374b0-e6ec-4aa8-b612-3b339afec2d3;11.597;3.1995571;BUY
2016-03-22T22:32:45.000000;2016-03-22T22:32:45.290000;2cca6ac3-dc80-4608-9433-207fdcabf96b;11.584;42.9798;BUY
2016-03-22T22:32:45.000000;2016-03-22T22:32:45.310000;9e635fa7-c634-4e8b-8049-4a8dc7a9cc7b;11.585;2.344152;BUY
2016-03-22T22:32:45.000000;2016-03-22T22:32:45.313000;3ca54e2c-f5ec-4dbe-9a76-d62b1be37038;11.585;7.533785;BUY
2016-03-22T22:32:45.000000;2016-03-22T22:32:45.347000;99992215-74a3-46b7-bfca-057a13d07b50;11.594;8.76123;BUY
2016-03-22T22:32:45.000000;2016-03-22T22:32:45.347000;47c52bb4-ed7e-499b-af01-f9dd4b3419c3;11.595;25.381033;BUY
2016-03-22T22:32:47.000000;2016-03-22T22:32:47.277000;204f2c14-42d0-4dd3-a010-87538a2d3217;11.49;5.5859252;SELL
2016-03-22T22:32:47.000000;2016-03-22T22:32:47.540000;213606d2-be9c-4af8-8934-6d2431b382c6;11.49;28.87706884;SELL
2016-03-22T22:47:25.000000;2016-03-22T22:47:25.383000;1e7ebe0c-8a85-4b1a-a0d0-13113e6f4f80;11.496;4.66355861;SELL
2016-03-22T22:47:25.000000;2016-03-22T22:47:25.993000;69379934-ef7f-4d0a-af1a-bcd91d93355c;11.496;4.66355861;SELL
2016-03-22T22:48:12.000000;2016-03-22T22:48:12.240000;c643383d-8f98-4f18-af08-39875a22bb08;11.496;0.91731;SELL
2016-03-22T22:51:28.000000;2016-03-22T22:51:28.877000;8989c95e-852a-4f86-b03f-026dcc1bf1c2;11.572;22.3295;BUY
2016-03-22T23:01:05.000000;2016-03-22T23:01:05.903000;837e1b68-72a0-43ba-918a-71c86c5a8ab3;11.478;28.87706884;SELL
2016-03-22T23:01:12.000000;2016-03-22T23:01:12.187000;95efa692-c1fc-4548-b16c-ad65ad5a3307;11.478;16.12293116;SELL
2016-03-22T23:01:12.000000;2016-03-22T23:01:12.203000;edd0fc82-16f6-4c28-8ffd-30a619165189;11.46;4.41281389;SELL
2016-03-22T23:03:43.000000;2016-03-22T23:03:44.603000;4d61288a-1b6b-42f9-abd3-c8d0f0d27ddd;11.397;0.1;SELL
2016-03-22T23:15:11.000000;2016-03-22T23:15:11.683000;1bebeec3-9b61-4699-ac95-550d0f2f5eea;11.374;0.3;SELL
2016-03-22T23:53:28.000000;2016-03-22T23:53:28.790000;3dff2d17-3d23-4e6d-9242-a011a8816c3c;11.202;7.06;SELL
2016-03-22T23:57:50.000000;2016-03-22T23:57:50.520000;52226770-4974-4287-9f6b-2465c3472ec2;11.207;43.8716;SELL
2016-03-22T23:57:50.000000;2016-03-22T23:57:50.530000;be5dd680-7de4-480c-aaee-da4b46065785;11.201;6.1284;SELL
