time_exchange;time_coinpai;guid;price;base_amount;taker_side
2016-03-22T00:00:01.563000;2016-03-22T00:00:01.587000;c2cfc8ea-93e4-40c8-a95e-d47df770a347;411.98;0.08424;BUY
2016-03-22T00:00:30.983000;2016-03-22T00:00:30.993000;df629836-357d-4e65-94df-2b6c3cb7c8b8;411.99;0.6;BUY
2016-03-22T00:00:30.983000;2016-03-22T00:00:31.007000;9e9b8107-822c-4ac4-9d19-85b815c160f3;411.99;0.05;BUY
2016-03-22T00:00:30.983000;2016-03-22T00:00:31.007000;b6843647-62f0-4f4d-a0f2-8aefe3c858ba;412.0;6.96597;BUY
2016-03-22T00:01:00.857000;2016-03-22T00:01:00.867000;a46d9def-5ab9-4774-8aee-c7b75d66f296;411.89;0.01218;SELL
2016-03-22T00:01:30.930000;2016-03-22T00:01:30.930000;537d1816-2789-4e54-aa8c-48528e4f7754;411.93;0.04807;BUY
2016-03-22T00:02:03.413000;2016-03-22T00:02:03.413000;d2a7bef0-a3dd-425d-a540-b9ef0e300f2c;411.93;0.10476;BUY
2016-03-22T00:02:30.820000;2016-03-22T00:02:30.820000;772c2ed9-d46b-4926-b829-db2932d8e73d;411.9;0.04;SELL
2016-03-22T00:02:30.820000;2016-03-22T00:02:30.837000;027ac3d9-122e-4a92-a053-ab252cf3be44;411.89;0.23782;SELL
2016-03-22T00:02:30.820000;2016-03-22T00:02:30.837000;c09ebb80-3f8c-4fb0-aa08-3cb917d00edc;411.88;0.25;SELL
2016-03-22T00:02:30.820000;2016-03-22T00:02:30.900000;c57abb3e-59ce-4605-a471-a32a93c580c8;411.88;0.05;SELL
2016-03-22T00:02:30.820000;2016-03-22T00:02:30.900000;ffb0a651-13df-4755-abab-ebdc71809728;411.83;7.2346;SELL
2016-03-22T00:02:30.820000;2016-03-22T00:02:30.900000;b9df85f2-097b-4a42-886c-88cf87db6c70;411.81;0.25;SELL
2016-03-22T00:02:30.820000;2016-03-22T00:02:30.900000;52e719f7-21c0-4065-8b51-412ec906ba90;411.8;0.03;SELL
2016-03-22T00:02:30.820000;2016-03-22T00:02:30.900000;615b2f7c-8152-4273-8bac-eea395c2e9bc;411.77;0.15;SELL
2016-03-22T00:02:30.820000;2016-03-22T00:02:30.900000;ee8a3d72-42c5-4cde-bc72-e2ae8d072208;411.76;0.8;SELL
2016-03-22T00:02:30.820000;2016-03-22T00:02:30.900000;b4e17b16-ad0f-424e-afd3-92c32bcac748;411.75;0.03;SELL
2016-03-22T00:02:30.823000;2016-03-22T00:02:30.900000;c06957f1-574d-437a-9b18-c93aa9d152d5;411.75;0.0115;SELL
2016-03-22T00:02:30.823000;2016-03-22T00:02:30.900000;3891971a-9af7-4d19-bf3e-f584465b805e;411.75;0.299;SELL
2016-03-22T00:02:30.823000;2016-03-22T00:02:30.900000;0250ba3c-2a07-4e8b-bf9b-b6cd1db11abe;411.7;0.03;SELL
2016-03-22T00:02:30.823000;2016-03-22T00:02:30.900000;eeb6d831-715b-4ab7-8c4b-8327d20640eb;411.67;0.01;SELL
2016-03-22T00:02:30.823000;2016-03-22T00:02:30.900000;5302e52d-9e3a-407b-9637-d3c480fd8819;411.67;0.0319;SELL
2016-03-22T00:02:30.823000;2016-03-22T00:02:30.930000;84c0881a-8427-415c-8b7f-9ff75101b049;411.65;0.03;SELL
2016-03-22T00:02:30.837000;2016-03-22T00:02:30.930000;969a7b3a-8b94-4c8a-b624-89101b49b9e4;411.65;1.02151;BUY
2016-03-22T00:02:30.937000;2016-03-22T00:02:30.947000;eb564d4c-e685-4e10-8727-ae1cf7069f3b;411.65;0.05;BUY
2016-03-22T00:02:31.347000;2016-03-22T00:02:31.353000;1e26d067-a326-4600-ba91-91e84483e3a8;411.64;0.05;BUY
2016-03-22T00:03:05.993000;2016-03-22T00:03:05.993000;56f35c59-9b43-4966-a137-03d329b2f8f1;411.62;0.15;BUY
2016-03-22T00:03:05.993000;2016-03-22T00:03:06.007000;c3371148-88c0-4382-a0c8-831017dc910b;411.63;1.85;BUY
2016-03-22T00:03:08.773000;2016-03-22T00:03:08.773000;d0514298-97ee-4887-8751-c941320f88c2;411.6;0.03;SELL
2016-03-22T00:03:11.040000;2016-03-22T00:03:11.040000;44eefbf2-7801-4ee1-9861-dbc732969a26;411.56;0.25;SELL
2016-03-22T00:03:11.040000;2016-03-22T00:03:11.040000;9930a86f-1ea2-4928-bda2-6ebd02728af3;411.55;0.03;SELL
2016-03-22T00:03:11.040000;2016-03-22T00:03:11.070000;dd89caf6-602c-4c52-b48b-ac114f9021b9;411.55;0.02;SELL
2016-03-22T00:03:17.367000;2016-03-22T00:03:17.383000;148dfc85-3633-41c9-a224-0b94eb6cbf34;411.53;0.01;SELL
2016-03-22T00:03:17.367000;2016-03-22T00:03:17.383000;93a71463-4b3b-4fed-b967-236c098e932d;411.5;0.03;SELL
2016-03-22T00:03:34.380000;2016-03-22T00:03:34.383000;36e1b2d6-fb8a-47db-82f9-fde3e4ce141e;411.45;0.03;SELL
2016-03-22T00:03:34.380000;2016-03-22T00:03:34.400000;671e11be-25ba-45b7-913e-f0c24ef20404;411.4;0.03;SELL
2016-03-22T00:03:34.380000;2016-03-22T00:03:34.400000;421098be-15a9-4a20-b773-4a913a0ab91f;411.36;0.0322;SELL
2016-03-22T00:03:34.380000;2016-03-22T00:03:34.400000;a86e1f18-8619-435b-bbe5-aaf481f31c95;411.35;0.03;SELL
2016-03-22T00:03:34.383000;2016-03-22T00:03:34.400000;5c7c9919-9d00-4cb9-b297-74c728f34dab;411.33;0.01;SELL
2016-03-22T00:03:34.383000;2016-03-22T00:03:34.400000;f31b2bc2-3619-4411-ae3c-4d26e74666d3;411.27;0.025;SELL
2016-03-22T00:03:34.383000;2016-03-22T00:03:34.413000;754e44be-921e-4224-9c70-53c7bbb561fe;411.23;0.1028;SELL
2016-03-22T00:04:01.247000;2016-03-22T00:04:01.257000;78d84964-a65e-430c-bf06-dc9ffde6baec;411.22;2.71171;BUY
2016-03-22T00:05:00.850000;2016-03-22T00:05:00.890000;a36234ce-1290-4d15-a12b-f809b11f494e;411.22;0.359;BUY
2016-03-22T00:05:00.850000;2016-03-22T00:05:00.907000;e3263fc4-09fa-4909-af88-2995b5aeaa17;411.22;2.64105;BUY
2016-03-22T00:05:33.683000;2016-03-22T00:05:33.733000;96f6d826-1964-4fbf-8e8b-1a93bedd1d50;411.22;0.338;BUY
2016-03-22T00:05:33.683000;2016-03-22T00:05:33.733000;95096c45-d4ee-4fa0-b65b-c26a844bdaf7;411.22;4.6;BUY
2016-03-22T00:05:33.683000;2016-03-22T00:05:33.733000;e2ed05d1-4b26-4a8f-804d-60a89d7efb1f;411.22;0.05;BUY
2016-03-22T00:05:33.683000;2016-03-22T00:05:33.733000;8be97ef8-9a85-45fc-9b27-f5fd5e4d266b;411.23;3.354;BUY
2016-03-22T00:05:33.683000;2016-03-22T00:05:33.750000;13fb76cb-94e4-4d38-80d7-edb72a88c953;411.25;0.00175;BUY
2016-03-22T00:06:00.950000;2016-03-22T00:06:00.983000;4b1b876b-44d5-43c2-8a98-4d2558177eb8;411.22;0.349;BUY
2016-03-22T00:06:00.950000;2016-03-22T00:06:01.017000;1bef0584-cb71-4e00-8407-4370b2328a84;411.22;0.05;BUY
2016-03-22T00:06:00.950000;2016-03-22T00:06:01.017000;afa5c75f-f989-4971-94d4-6b78965d3338;411.22;0.08704;BUY
2016-03-22T00:06:08.143000;2016-03-22T00:06:08.173000;25883b5a-7d55-4a8a-8d63-1426a94e362c;411.21;0.025;SELL
2016-03-22T00:06:30.800000;2016-03-22T00:06:30.830000;ea65d63a-a74c-4efc-af8b-60dc4b8af7e6;411.16;0.324;BUY
2016-03-22T00:06:30.800000;2016-03-22T00:06:30.843000;f057d3b1-0b11-4c51-b4ac-a8ccb56f7740;411.16;2.1396;BUY
2016-03-22T00:06:30.800000;2016-03-22T00:06:30.860000;3a901e24-fbe0-42e8-a751-a62ec407cb61;411.21;0.975;BUY
2016-03-22T00:06:30.800000;2016-03-22T00:06:30.860000;65738d24-a5dd-43bc-8b0e-d94f3150c47e;411.21;0.05;BUY
2016-03-22T00:06:30.800000;2016-03-22T00:06:30.860000;8f01a5d7-d870-493b-bd8c-01c0ab8c2ab3;411.21;0.345;BUY
2016-03-22T00:06:30.800000;2016-03-22T00:06:30.877000;14e2f2c4-ef99-40ed-8889-85746b713269;411.23;2.72685;BUY
2016-03-22T00:07:01.463000;2016-03-22T00:07:01.483000;cbe58d8a-45ec-4182-b732-6a6e90076c4d;411.19;0.2;BUY
2016-03-22T00:07:01.463000;2016-03-22T00:07:01.500000;dd916d4a-2712-4f87-908b-eaf6cf33fb9e;411.19;0.05;BUY
2016-03-22T00:07:01.463000;2016-03-22T00:07:01.500000;930bd41a-824c-438f-92cd-6b12818f5d08;411.24;3.698;BUY
2016-03-22T00:07:01.463000;2016-03-22T00:07:01.533000;8e91e57f-4fe6-455c-abdc-285338c9a0ef;411.25;0.00825;BUY
2016-03-22T00:07:01.463000;2016-03-22T00:07:01.533000;d1d64aee-58fe-4435-950a-754ff17aa9cd;411.25;7.25393;BUY
2016-03-22T00:07:01.463000;2016-03-22T00:07:01.533000;6d5c5fa6-9b46-47c8-801a-28e86f7558ea;411.26;0.295;BUY
2016-03-22T00:07:01.563000;2016-03-22T00:07:01.593000;7e67c365-7305-4469-85e1-4021cfa7e2f2;411.28;0.05;SELL
2016-03-22T00:07:12.437000;2016-03-22T00:07:12.470000;cb6e2c45-3850-496a-b40f-9794fd1f76dc;411.29;0.25;SELL
2016-03-22T00:07:12.437000;2016-03-22T00:07:12.483000;460107d3-e0a9-414a-90bd-6f68ebd40b3b;411.28;0.5;SELL
2016-03-22T00:07:30.867000;2016-03-22T00:07:30.890000;e2c7385f-64b9-47b2-8353-8934100a05ff;411.23;0.7921;BUY
2016-03-22T00:08:35.893000;2016-03-22T00:08:35.923000;bfd1dbb7-6b97-4c88-9c64-8c1330d34784;411.3;0.85429;BUY
2016-03-22T00:09:00.770000;2016-03-22T00:09:00.797000;3762ccc2-445f-4fc3-9cc9-8320bd5877c2;411.25;0.06315;SELL
2016-03-22T00:09:31.360000;2016-03-22T00:09:31.407000;a9d3e657-4348-4721-b406-22f1d000584a;411.29;0.04;BUY
2016-03-22T00:09:31.360000;2016-03-22T00:09:31.407000;3a3c2462-86e7-41cf-9cba-739dbae86226;411.3;0.22971;BUY
2016-03-22T00:09:31.360000;2016-03-22T00:09:31.407000;ac2957e1-f616-4ae5-b795-d384eed9edcf;411.33;0.109;BUY
2016-03-22T00:09:31.360000;2016-03-22T00:09:31.407000;768c6e05-047f-4693-92f8-db7dbaacfe65;411.34;0.25;BUY
2016-03-22T00:09:31.360000;2016-03-22T00:09:31.407000;e192d147-f6c4-4110-93d0-a35190e6c71e;411.35;0.22058;BUY
2016-03-22T00:10:30.843000;2016-03-22T00:10:30.860000;2bdcc8e6-35e5-4a72-a214-0226b25307e1;411.35;0.02942;BUY
2016-03-22T00:10:30.843000;2016-03-22T00:10:30.890000;91391e18-cd7f-46d0-a635-beb27e89123f;411.35;0.237;BUY
2016-03-22T00:10:30.843000;2016-03-22T00:10:30.890000;9f3f38ee-f902-4c30-b8f4-2a27e7ad249f;411.37;0.19848;BUY
2016-03-22T00:11:01.273000;2016-03-22T00:11:01.297000;e22962d9-570b-4de2-bab5-ee5760ec3d90;411.34;0.04;SELL
2016-03-22T00:11:01.273000;2016-03-22T00:11:01.313000;d1df6906-70e0-4e86-801b-92c9f3d3a31c;411.26;0.25;SELL
2016-03-22T00:11:01.273000;2016-03-22T00:11:01.313000;fe40acec-47ad-4e5e-976e-d15075edec5f;411.25;0.46159999;SELL
2016-03-22T00:11:01.273000;2016-03-22T00:11:01.313000;549c99bb-2cf5-42f0-8b38-ccd8526e694b;411.25;0.25;SELL
2016-03-22T00:11:01.273000;2016-03-22T00:11:01.313000;0ce8459a-bbdd-4393-a648-566182cfcc5a;411.22;0.15;SELL
2016-03-22T00:11:01.273000;2016-03-22T00:11:01.330000;74386c03-cb06-45d0-8552-fdb032055b03;411.22;1.0;SELL
2016-03-22T00:11:01.277000;2016-03-22T00:11:01.343000;4edd75dd-56bb-44aa-bb40-32b30b400a4f;411.22;0.15;SELL
2016-03-22T00:11:01.277000;2016-03-22T00:11:01.343000;77a9ca49-850a-44ae-a1c5-bd76447c9a57;411.21;7.01062001;SELL
2016-03-22T00:11:36.070000;2016-03-22T00:11:36.093000;b780ce1f-34b1-4c23-80a9-808c52cbc149;411.2;0.17;SELL
2016-03-22T00:11:36.073000;2016-03-22T00:11:36.110000;13356539-4826-4139-b323-af61e27f7426;411.18;0.09;SELL
2016-03-22T00:11:36.073000;2016-03-22T00:11:36.110000;1d9c194b-95d3-4bec-818e-85323622914e;411.15;0.025;SELL
2016-03-22T00:11:36.073000;2016-03-22T00:11:36.110000;90d6c404-9d5d-4c10-98c3-9d470f8324a6;411.13;0.09;SELL
2016-03-22T00:11:36.073000;2016-03-22T00:11:36.127000;4daf1bdb-eb22-4088-bc5a-59ed28822a7f;411.11;0.25;SELL
2016-03-22T00:11:36.073000;2016-03-22T00:11:36.127000;aac20813-2bbd-403d-8bb8-4a9eb0b31931;411.1;0.25;SELL
2016-03-22T00:11:36.073000;2016-03-22T00:11:36.127000;8b65df56-3b01-4bd4-8bbc-94a245826442;411.09;0.025;SELL
2016-03-22T00:11:36.073000;2016-03-22T00:11:36.127000;17fa0612-f295-4c6f-a5e8-1b5a6a1f7495;411.09;0.02;SELL
2016-03-22T00:11:36.073000;2016-03-22T00:11:36.140000;b2b4d284-92dc-42f7-a859-819f41d02db5;411.09;0.05;SELL
2016-03-22T00:11:36.073000;2016-03-22T00:11:36.140000;792b0080-f122-4326-9c05-ea0844716dda;411.08;0.01;SELL
2016-03-22T00:11:36.073000;2016-03-22T00:11:36.157000;6cccde15-0704-46e0-86d9-e9fb703d8aa3;411.06;1.0515;SELL
2016-03-22T00:11:36.073000;2016-03-22T00:11:36.157000;b68222cc-c72d-4c37-95f3-c08e25988425;411.06;0.079;SELL
2016-03-22T00:11:36.073000;2016-03-22T00:11:36.157000;b58b8410-a6c8-45b1-adc2-8c1fdf4589ca;411.03;0.025;SELL
2016-03-22T00:11:36.073000;2016-03-22T00:11:36.157000;cf2f3ef5-7c5a-4d2e-bf9e-3fb792a7370d;411.03;1.0;SELL
2016-03-22T00:11:36.073000;2016-03-22T00:11:36.157000;08b7a57c-3042-49b4-ab99-a5e803245355;411.02;1.1845;SELL
2016-03-22T00:11:51.547000;2016-03-22T00:11:51.563000;3fd4741a-7b4e-4778-a7f9-330c5f9d4323;411.22;0.15;BUY
2016-03-22T00:11:51.547000;2016-03-22T00:11:51.580000;b7727ef1-e074-445c-97c8-60c70517bb19;411.23;0.01;BUY
2016-03-22T00:12:05.420000;2016-03-22T00:12:05.453000;71468cae-db4d-4658-ac83-e1654eb314d2;411.07;0.15;SELL
2016-03-22T00:12:05.420000;2016-03-22T00:12:05.453000;90a8ea2b-66a0-4040-9a79-7d3b2a21fd84;411.06;0.01737;SELL
2016-03-22T00:12:30.927000;2016-03-22T00:12:30.953000;71416133-dd97-492a-8e27-96fabb0ab71e;411.13;0.397;SELL
2016-03-22T00:12:30.930000;2016-03-22T00:12:30.953000;c3cfba13-9d16-481d-96e7-deba8f4b84d8;411.12;0.40109;SELL
2016-03-22T00:13:01.660000;2016-03-22T00:13:01.687000;fc7211dc-f0ea-4d70-a830-317a7a7094ad;411.07;0.25358;SELL
2016-03-22T00:13:27.693000;2016-03-22T00:13:27.720000;820a3f02-00e2-4113-b3a0-c70da5294f1c;411.23;0.025;BUY
2016-03-22T00:13:27.693000;2016-03-22T00:13:27.720000;c60540d7-a57c-4a7b-b037-66357cfc9a71;411.23;0.0128;BUY
2016-03-22T00:13:27.723000;2016-03-22T00:13:27.750000;aeda7659-3131-4681-b877-089ccec71cd7;411.23;0.2292;BUY
2016-03-22T00:13:27.723000;2016-03-22T00:13:27.750000;06b18e26-6c7a-4383-9d57-7f89c5b037a0;411.23;0.242;BUY
2016-03-22T00:13:27.723000;2016-03-22T00:13:27.750000;2fdcfc9e-f7d3-44c0-9067-24f0d652c959;411.23;0.242;BUY
2016-03-22T00:13:27.723000;2016-03-22T00:13:27.750000;528c086e-5ff2-47fc-8a62-e11274d12316;411.29;0.00792096;BUY
2016-03-22T00:13:32.213000;2016-03-22T00:13:32.250000;5b816d61-6367-4d04-a348-b4256e0260c0;411.11;0.16904;SELL
2016-03-22T00:13:32.953000;2016-03-22T00:13:32.970000;9a7615a8-0dcd-4bb4-9196-6ab6dfb44426;411.29;0.01707904;BUY
2016-03-22T00:13:32.953000;2016-03-22T00:13:32.970000;1cfef5ca-7b08-4808-8a1c-17fc4ed8e377;411.31;0.01;BUY
2016-03-22T00:13:32.953000;2016-03-22T00:13:32.970000;782e9f58-2aaa-451c-b1a9-6c9cae3d01c0;411.34;0.04;BUY
2016-03-22T00:13:32.953000;2016-03-22T00:13:32.987000;036e8b28-292d-4e82-b260-f2b0908bf988;411.34;0.19292096;BUY
2016-03-22T00:14:01.113000;2016-03-22T00:14:01.140000;137f54cc-49bc-4c92-a836-51ff3a21c5cf;411.35;0.025;BUY
2016-03-22T00:14:01.113000;2016-03-22T00:14:01.140000;669a0c8a-e578-437d-818a-ae9b1fcf0806;411.41;0.025;BUY
2016-03-22T00:14:01.113000;2016-03-22T00:14:01.140000;6db6fc35-27c0-436e-ac2d-3be31a4cbbfa;411.42;0.15;BUY
2016-03-22T00:14:01.113000;2016-03-22T00:14:01.140000;7495c13e-a43d-428c-b69b-99b1f337d0df;411.42;0.05;BUY
2016-03-22T00:14:01.113000;2016-03-22T00:14:01.157000;09ba5623-0a2f-4a43-a11f-55da09e13c54;411.43;2.87478;BUY
2016-03-22T00:14:31.843000;2016-03-22T00:14:31.843000;2295aa25-c0ea-4c7a-be8c-be72fe1173de;411.44;0.02;BUY
2016-03-22T00:14:31.843000;2016-03-22T00:14:31.860000;73632069-22cc-433e-8475-45347db893f6;411.47;0.025;BUY
2016-03-22T00:14:31.843000;2016-03-22T00:14:31.860000;04570a3c-e491-4d23-857b-0a0a0430e312;411.49;0.25;BUY
2016-03-22T00:14:31.843000;2016-03-22T00:14:31.860000;51f59e77-fc86-4a3c-9b04-255eb2e4ef11;411.49;0.05;BUY
2016-03-22T00:14:31.843000;2016-03-22T00:14:31.877000;6c6cf5bf-a147-411e-aa69-df8fa2e1e3ca;411.5;0.03;BUY
2016-03-22T00:14:31.843000;2016-03-22T00:14:31.877000;7d62f773-d3a2-42bf-8e25-669d695f96ef;411.5;4.04022;BUY
2016-03-22T00:14:38.583000;2016-03-22T00:14:38.610000;9509958d-ab76-43df-8ecf-34d655900137;411.36;0.15;SELL
2016-03-22T00:14:38.587000;2016-03-22T00:14:38.610000;2043646b-824a-4ff3-9a94-839dbd3759bd;411.36;0.83;SELL
2016-03-22T00:15:01.183000;2016-03-22T00:15:01.187000;caa2dfc1-8128-439d-95d6-114ff22abca5;411.44;0.02;BUY
2016-03-22T00:15:01.183000;2016-03-22T00:15:01.220000;f1bc0429-a0fc-40af-b71a-b42eccbd67cf;411.44;0.242;BUY
2016-03-22T00:15:01.183000;2016-03-22T00:15:01.220000;1f891e92-ee0f-40d8-87e0-e74ef6f6d40c;411.44;0.39564626;BUY
2016-03-22T00:15:01.183000;2016-03-22T00:15:01.220000;5f3d33ac-83a0-4a77-9e18-4db3259d76ce;411.52;1.85524374;BUY
2016-03-22T00:15:32.513000;2016-03-22T00:15:32.517000;21768e24-c61e-4f41-90c1-bb0381959d3d;411.42;0.03154;SELL
2016-03-22T00:16:01.023000;2016-03-22T00:16:01.033000;1e18d832-d24b-4347-aebb-6a9497bd5f9e;411.51;0.303;BUY
2016-03-22T00:16:01.023000;2016-03-22T00:16:01.047000;181deb7c-3628-4ee2-b079-f71011c0df9f;411.51;0.05;BUY
2016-03-22T00:16:01.023000;2016-03-22T00:16:01.047000;6ae1d971-6d38-49f2-b3f9-023446d28c05;411.52;0.08008;BUY
2016-03-22T00:16:32.863000;2016-03-22T00:16:32.877000;f0311367-2722-4553-93aa-ad6f3f41dc48;411.52;0.02247;BUY
2016-03-22T00:17:01.743000;2016-03-22T00:17:01.750000;ca755fcc-cce0-4c46-a120-5d3418d68281;411.51;0.15;BUY
2016-03-22T00:17:01.743000;2016-03-22T00:17:01.767000;1e4d357f-1d82-42ee-8c8a-412242f718f3;411.52;0.77753;BUY
2016-03-22T00:17:01.743000;2016-03-22T00:17:01.767000;3c40e4c6-7b4b-4e7d-9765-1d6a438c737a;411.52;1.41931;BUY
2016-03-22T00:17:24.340000;2016-03-22T00:17:24.360000;cee11c13-649e-4ed1-999a-28d48d7e247e;411.52;0.14;BUY
2016-03-22T00:17:31.347000;2016-03-22T00:17:31.343000;d300f764-30f7-437d-86e1-0cf350a694b4;411.52;0.20456;BUY
2016-03-22T00:18:01.300000;2016-03-22T00:18:01.297000;88b273e9-b331-49a8-af3e-3cbead227774;411.42;0.05;SELL
2016-03-22T00:18:01.300000;2016-03-22T00:18:01.313000;c707670c-f20b-496d-b3f7-57975085b18b;411.42;0.423;SELL
2016-03-22T00:18:01.300000;2016-03-22T00:18:01.313000;a42c3d81-3cb7-4efa-adfb-70be1180c8a2;411.42;0.15;SELL
2016-03-22T00:18:01.300000;2016-03-22T00:18:01.313000;c1d51144-6f48-4369-bbb2-7b172344d5d9;411.41;5.27288;SELL
2016-03-22T00:18:31.813000;2016-03-22T00:18:31.830000;570fd6d0-e9ed-40da-99c4-01c0c3d98bab;411.43;0.04;SELL
2016-03-22T00:18:31.817000;2016-03-22T00:18:31.830000;96260268-8e5f-422c-b67c-548aba258e28;411.43;0.204;SELL
2016-03-22T00:18:31.817000;2016-03-22T00:18:31.843000;3840f8ea-6387-47f7-9fff-6e1dc0441500;411.43;0.1;SELL
2016-03-22T00:18:31.817000;2016-03-22T00:18:31.843000;9159a766-0507-4c9f-8f69-739106fa60b3;411.4;0.394;SELL
2016-03-22T00:18:31.817000;2016-03-22T00:18:31.843000;915e77da-48ed-47bb-a9b5-0d97196e5a08;411.4;0.25;SELL
2016-03-22T00:18:31.817000;2016-03-22T00:18:31.843000;c99d92d5-0b93-4a8b-9bd8-01530d795ad9;411.38;0.172;SELL
2016-03-22T00:18:31.817000;2016-03-22T00:18:31.843000;e8096f99-46a4-4d6a-8b49-3cd6dfa8f234;411.35;0.03;SELL
2016-03-22T00:18:31.817000;2016-03-22T00:18:31.843000;d53a9885-7cc4-4188-9fd0-7161923fe810;411.33;0.01;SELL
2016-03-22T00:18:31.817000;2016-03-22T00:18:31.860000;14524106-fa8f-4d60-bb61-49bd9f3efdfd;411.33;0.228;SELL
2016-03-22T00:18:31.817000;2016-03-22T00:18:31.860000;b0e312a6-0168-49a8-81d7-8ce019a2f6b8;411.31;0.25;SELL
2016-03-22T00:18:31.817000;2016-03-22T00:18:31.877000;b41fb96c-080f-496b-a519-d793a566f6c1;411.29;0.66765;SELL
2016-03-22T00:19:04.417000;2016-03-22T00:19:04.407000;ddf07b54-319a-4310-a598-fd09905ed71b;411.29;0.15;BUY
2016-03-22T00:19:04.417000;2016-03-22T00:19:04.423000;695c3657-ef7b-4a2d-b768-609e20e07288;411.3;0.65;BUY
2016-03-22T00:19:04.417000;2016-03-22T00:19:04.423000;c8ce6dee-0c0f-434b-891d-1620e29c6c43;411.3;0.99;BUY
2016-03-22T00:19:04.417000;2016-03-22T00:19:04.423000;446cb8f6-b7bf-4713-9664-cce9b4aa02ff;411.34;0.1;BUY
2016-03-22T00:19:04.417000;2016-03-22T00:19:04.437000;7175635a-3291-41d3-b0bc-9d60c61ff57a;411.35;0.267;BUY
2016-03-22T00:19:04.417000;2016-03-22T00:19:04.500000;ef6d59fd-d3d7-4c6f-8123-16bb4c8a3d23;411.4;0.301;BUY
2016-03-22T00:19:04.417000;2016-03-22T00:19:04.517000;d5b480ed-9993-4335-8693-4a13dbb7d56b;411.44;2.46906;BUY
2016-03-22T00:19:31.690000;2016-03-22T00:19:31.690000;85ee469c-d3bb-48bc-9087-7562b1e68595;411.29;0.04;BUY
2016-03-22T00:19:31.690000;2016-03-22T00:19:31.703000;c72eebf8-19df-4ebf-b2bc-8587b52f5fb3;411.3;0.495;BUY
2016-03-22T00:19:31.693000;2016-03-22T00:19:31.703000;2011e6c2-fe2d-4cd5-97a9-e63b39d638e8;411.3;0.08135;BUY
2016-03-22T00:20:01.400000;2016-03-22T00:20:01.443000;4c634848-9b31-4393-9799-856433634a63;411.27;0.025;SELL
2016-03-22T00:20:01.400000;2016-03-22T00:20:01.490000;fd04a829-265e-4716-95e1-9f5e951111af;411.27;0.083;SELL
2016-03-22T00:20:01.400000;2016-03-22T00:20:01.490000;744fd98b-b325-48c7-ac93-8827ee90a456;411.25;0.0115;SELL
2016-03-22T00:20:01.400000;2016-03-22T00:20:01.490000;a3fa52bf-3539-4d08-b89c-e2d7e404d71e;411.22;0.126;SELL
2016-03-22T00:20:01.400000;2016-03-22T00:20:01.490000;b9f97b9f-b08b-466f-ba84-dda13d968f5f;411.21;0.025;SELL
2016-03-22T00:20:01.400000;2016-03-22T00:20:01.550000;63d9c986-5749-4c10-8558-c405fb97d524;411.17;0.111;SELL
2016-03-22T00:20:01.400000;2016-03-22T00:20:01.550000;1802492b-6ff6-4caa-a9a8-d4d63707dc59;411.15;0.025;SELL
2016-03-22T00:20:01.400000;2016-03-22T00:20:01.550000;fb551bf8-b9da-4469-b619-a37f74626a8c;411.13;0.15;SELL
2016-03-22T00:20:01.400000;2016-03-22T00:20:01.550000;4e015233-3c5c-4d0d-abd0-d7cf9750c3db;411.13;0.1;SELL
2016-03-22T00:20:01.400000;2016-03-22T00:20:01.550000;8b57dd01-4d8e-46cf-97d2-b044a3e67680;411.13;0.05;SELL
2016-03-22T00:20:01.403000;2016-03-22T00:20:01.550000;97743520-71a9-4d91-88e3-0474b6007516;411.12;0.092;SELL
2016-03-22T00:20:01.403000;2016-03-22T00:20:01.550000;2efbb93b-b63e-4e0d-9de0-b6a28dc93828;411.11;0.01;SELL
2016-03-22T00:20:01.403000;2016-03-22T00:20:01.550000;f295c0b3-b7ac-48d8-9beb-00af0efdf9e4;411.11;1.0;SELL
2016-03-22T00:20:01.403000;2016-03-22T00:20:01.550000;bd542d3c-e019-40ab-b28c-be32a8838bd9;411.11;1.0;SELL
2016-03-22T00:20:01.403000;2016-03-22T00:20:01.550000;67c91d1b-601d-4c7b-88b3-23003a96216b;411.1;0.02809;SELL
2016-03-22T00:21:02.473000;2016-03-22T00:21:02.520000;741ef4c3-e106-4000-9f06-8ef166bf6c4d;411.09;0.025;SELL
2016-03-22T00:21:02.473000;2016-03-22T00:21:02.537000;1026caab-3f6f-4d5b-86db-4a7c522fca6b;411.09;0.079;SELL
2016-03-22T00:21:02.473000;2016-03-22T00:21:02.537000;60ccc804-3587-4571-af00-2b6455c08d8b;411.04;0.084;SELL
2016-03-22T00:21:02.473000;2016-03-22T00:21:02.537000;ef2d16c8-f2c8-44a0-bf84-23feaa9c6f02;411.03;0.025;SELL
2016-03-22T00:21:02.473000;2016-03-22T00:21:02.550000;a2497ef5-79ce-41ff-9e48-b79c976877bb;411.01;4.26858;SELL
2016-03-22T00:21:31.373000;2016-03-22T00:21:31.410000;4b6bf544-513c-4156-bca3-c63823132d5e;411.02;0.04495;SELL
2016-03-22T00:22:02.123000;2016-03-22T00:22:02.160000;d5584628-84b0-4cd5-8e1f-646d55405563;411.12;0.01;BUY
2016-03-22T00:22:02.123000;2016-03-22T00:22:02.177000;7955a3f1-c175-4b84-8099-c8892441b739;411.16;0.01998;BUY
2016-03-22T00:22:14.517000;2016-03-22T00:22:14.550000;d045219b-396a-4a79-9b8b-0e1459a4f6e9;411.16;0.02;BUY
2016-03-22T00:22:31.550000;2016-03-22T00:22:31.583000;bfeae253-04a8-43e9-ab44-5f98d396493a;411.09;0.01;BUY
2016-03-22T00:22:31.550000;2016-03-22T00:22:31.600000;206fec7c-083e-4d61-9cdf-61d2cf734fd0;411.11;0.08264;BUY
2016-03-22T00:23:01.617000;2016-03-22T00:23:01.660000;5faf9e24-e3bd-49ee-be32-66a9f79a48b5;411.01;0.45977;SELL
2016-03-22T00:23:31.197000;2016-03-22T00:23:31.240000;8dce6511-7c0b-4c09-a9d0-1240d5510374;411.11;0.16406;BUY
2016-03-22T00:23:31.197000;2016-03-22T00:23:31.253000;f2fd4a8d-48b9-47e0-b99f-1157cf4d7acf;411.11;0.07677;BUY
2016-03-22T00:24:05.483000;2016-03-22T00:24:05.537000;d4a7bc7b-5f83-4e6b-ad0e-355fabb09a68;411.11;0.16523;BUY
2016-03-22T00:24:05.483000;2016-03-22T00:24:05.567000;bf39f935-d422-4cc7-a7bc-a7d9b2ff2a42;411.11;0.242;BUY
2016-03-22T00:24:05.483000;2016-03-22T00:24:05.567000;d6a00e9f-78da-442c-986b-5607cd660ce6;411.11;0.242;BUY
2016-03-22T00:24:05.483000;2016-03-22T00:24:05.567000;5ac6a868-a4ce-4c41-b006-7d6c8438c3c1;411.11;0.242;BUY
2016-03-22T00:24:05.483000;2016-03-22T00:24:05.567000;6a726517-fc03-4478-9462-09e0e2d5d1c4;411.11;0.1378;BUY
2016-03-22T00:24:05.483000;2016-03-22T00:24:05.567000;7f91575e-8417-447a-89f0-817381652a55;411.11;0.48476401;BUY
2016-03-22T00:24:05.483000;2016-03-22T00:24:05.583000;1dba376f-4edb-46ba-b15f-aae495849d78;411.11;0.242;BUY
2016-03-22T00:24:05.483000;2016-03-22T00:24:05.583000;9793bcf2-824a-47e1-ae06-5619720e791e;411.11;0.242;BUY
2016-03-22T00:24:05.483000;2016-03-22T00:24:05.583000;609e14b6-dc9f-4fd9-923c-f91543e259d2;411.11;0.242;BUY
2016-03-22T00:24:05.487000;2016-03-22T00:24:05.583000;a69502b4-eca0-4155-8347-a6ac9f237540;411.11;0.242;BUY
2016-03-22T00:24:05.487000;2016-03-22T00:24:05.583000;908343bd-4899-4d1c-bade-08c673c38679;411.11;0.242;BUY
2016-03-22T00:24:05.487000;2016-03-22T00:24:05.583000;fb24ce87-628e-490c-b82a-62793aa05aef;411.11;0.242;BUY
2016-03-22T00:24:05.487000;2016-03-22T00:24:05.583000;436cc274-b551-458f-9ab6-bfef4a54304c;411.11;0.242;BUY
2016-03-22T00:24:05.487000;2016-03-22T00:24:05.583000;7bdbc44d-9d07-4239-a743-ba6898bce501;411.11;0.242;BUY
2016-03-22T00:24:05.487000;2016-03-22T00:24:05.600000;7d5bc5c5-d1d6-4f8e-8452-fa50e5e3c5d4;411.11;0.242;BUY
2016-03-22T00:24:05.487000;2016-03-22T00:24:05.600000;3e03554d-9ce9-40d4-a9f6-2778244d4a97;411.11;0.242;BUY
2016-03-22T00:24:05.487000;2016-03-22T00:24:05.600000;1de55ae6-4d15-4e15-87db-45a58365e6cf;411.19;0.15;BUY
2016-03-22T00:24:05.487000;2016-03-22T00:24:05.600000;75ddaff5-430c-4df8-a436-46b7d891aea6;411.2;1.4036;BUY
2016-03-22T00:24:05.487000;2016-03-22T00:24:05.600000;0801387e-2922-48d3-b0e7-3b1dba1a7989;411.2;0.05;BUY
2016-03-22T00:24:05.487000;2016-03-22T00:24:05.600000;88fb57fe-bd6f-4639-945e-3288fe27349d;411.21;7.28889293;BUY
2016-03-22T00:24:05.487000;2016-03-22T00:24:05.600000;9a355ea3-5b44-48e6-9ceb-be84e5d8d48b;411.22;0.25;BUY
2016-03-22T00:24:05.487000;2016-03-22T00:24:05.613000;53f9ec10-a586-41d3-968f-24d8aeaac69a;411.22;0.312;BUY
2016-03-22T00:24:05.487000;2016-03-22T00:24:05.613000;94ae4669-0f65-48f2-8f8b-e0f9575bd2c3;411.23;0.025;BUY
2016-03-22T00:24:05.487000;2016-03-22T00:24:05.613000;d482149e-f4e5-417d-9751-4336b3f964f4;411.23;0.25;BUY
2016-03-22T00:24:05.487000;2016-03-22T00:24:05.613000;612f5a63-2584-41cd-a8d7-e6bbd20cd8ee;411.25;0.2;BUY
2016-03-22T00:24:05.487000;2016-03-22T00:24:05.630000;cde7dbba-5a2b-445b-8604-6dad041299cd;411.27;0.304;BUY
2016-03-22T00:24:05.487000;2016-03-22T00:24:05.630000;89b024c5-bdaf-4e44-b771-c80224ea9336;411.29;0.025;BUY
2016-03-22T00:24:05.487000;2016-03-22T00:24:05.630000;f4de4089-6454-454a-9d8b-8cf4781b8bde;411.3;0.16365;BUY
2016-03-22T00:24:05.487000;2016-03-22T00:24:05.630000;7dd5a1d6-c1b4-4fc8-90b6-16605f72400f;411.31;0.01;BUY
2016-03-22T00:24:05.487000;2016-03-22T00:24:05.630000;5d7ef5c1-b090-4025-97a8-a96599239b81;411.33;0.312;BUY
2016-03-22T00:24:05.487000;2016-03-22T00:24:05.647000;9182c219-0d29-4a65-b8f6-37b437298cfe;411.34;0.01;BUY
2016-03-22T00:24:05.490000;2016-03-22T00:24:05.647000;cfebea53-4cef-4462-8193-77b6de91660e;411.35;0.025;BUY
2016-03-22T00:24:05.490000;2016-03-22T00:24:05.647000;43ae5c3f-0ae0-4e38-8913-ebf27c4fe45c;411.38;0.28706306;BUY
2016-03-22T00:24:31.237000;2016-03-22T00:24:31.270000;008ae52c-c5f2-4958-bf5c-48bc76cfa8c7;411.41;0.025;BUY
2016-03-22T00:24:31.237000;2016-03-22T00:24:31.303000;5336424e-6329-4026-bb4d-cdbbe426930a;411.44;0.01;BUY
2016-03-22T00:24:31.237000;2016-03-22T00:24:31.303000;def6d423-2594-4819-bdb2-6770f5b46edc;411.45;0.04157;BUY
2016-03-22T00:25:02.933000;2016-03-22T00:25:02.973000;078c41ee-0959-4bba-b377-180aa180ecf3;411.45;0.08343;BUY
2016-03-22T00:25:02.933000;2016-03-22T00:25:02.990000;e00c6cc3-1cfa-4e56-a9d6-dc0cd1ed9500;411.45;0.06;BUY
2016-03-22T00:25:02.933000;2016-03-22T00:25:02.990000;e061a4ae-d8d9-4cdf-9f8c-92018492eb99;411.45;0.0199;BUY
2016-03-22T00:25:31.133000;2016-03-22T00:25:31.160000;87f12da7-4062-4247-9ebe-215f58959b6c;411.45;0.0101;BUY
2016-03-22T00:25:31.133000;2016-03-22T00:25:31.193000;69499fdb-51dd-4825-99b2-e4152da9b490;411.45;0.015;BUY
2016-03-22T00:25:31.133000;2016-03-22T00:25:31.193000;a16213fa-1a75-4fce-9795-05c6a98a5b18;411.45;0.394;BUY
2016-03-22T00:25:31.133000;2016-03-22T00:25:31.193000;3046fc6c-60fb-46a8-a172-972b86485a25;411.45;0.05435;BUY
2016-03-22T00:26:01.253000;2016-03-22T00:26:01.287000;ea248f34-1e71-4c92-9e08-d4a99cdff1e0;411.47;0.025;BUY
2016-03-22T00:26:01.253000;2016-03-22T00:26:01.287000;089c8898-c7d4-4416-8493-3c61a7ce513a;411.5;0.03;BUY
2016-03-22T00:26:01.253000;2016-03-22T00:26:01.317000;feb83fca-9eb2-433d-bc2c-7cfca506690f;411.55;0.03;BUY
2016-03-22T00:26:01.253000;2016-03-22T00:26:01.317000;b5ad8b61-3470-4c50-8e7e-73a03ead87d3;411.55;0.25;BUY
2016-03-22T00:26:01.253000;2016-03-22T00:26:01.317000;63bf7641-cf84-4796-bc6c-5c2b55881c5e;411.55;0.085;BUY
2016-03-22T00:26:01.253000;2016-03-22T00:26:01.317000;f1e79ff8-0e2c-4e55-992b-800e35ed10e7;411.56;0.01;BUY
2016-03-22T00:26:01.253000;2016-03-22T00:26:01.317000;11b8c4e2-8129-43d1-9d2f-d4598dad631d;411.56;0.01;BUY
2016-03-22T00:26:01.253000;2016-03-22T00:26:01.333000;8747a1a4-7ff3-458e-b09f-7fe0f8c2507e;411.6;0.03;BUY
2016-03-22T00:26:01.253000;2016-03-22T00:26:01.333000;1450e687-1838-4be4-8027-548e037963d3;411.6;0.04987;BUY
2016-03-22T00:26:12.390000;2016-03-22T00:26:12.427000;904c6296-7ff8-4a01-b91d-88077b146b16;411.56;0.15;SELL
2016-03-22T00:26:12.390000;2016-03-22T00:26:12.443000;8674b5c2-6caa-420b-9a52-931b5c93669c;411.55;0.05;SELL
2016-03-22T00:26:14.780000;2016-03-22T00:26:14.817000;217a5512-1f5e-4ef7-8d1c-0270fa66334e;411.55;0.2;SELL
2016-03-22T00:26:17.150000;2016-03-22T00:26:17.177000;00a10154-85ee-4485-b08c-cb8a4e499e60;411.5;0.05;SELL
2016-03-22T00:26:17.150000;2016-03-22T00:26:17.193000;77a0d4fc-3fb9-4ded-8885-5dac7fcaca0e;411.48;0.15;SELL
2016-03-22T00:26:19.297000;2016-03-22T00:26:19.350000;ed4681d2-c0d7-427a-8bc2-015d59bc54d0;411.52;0.2;SELL
2016-03-22T00:26:21.677000;2016-03-22T00:26:21.707000;f9dac072-739d-4e6f-b424-8796d028a2d1;411.54;0.2;SELL
2016-03-22T00:26:23.817000;2016-03-22T00:26:23.850000;c566ae71-cf8e-4c53-ad10-fbec0a33a5b8;411.53;0.2;SELL
2016-03-22T00:26:25.173000;2016-03-22T00:26:25.223000;4a88ff16-05a1-41ac-90fc-66012724b876;411.52;0.8;SELL
2016-03-22T00:26:25.177000;2016-03-22T00:26:25.223000;771be69a-befe-4d07-b5de-c0221277d279;411.52;0.325;SELL
2016-03-22T00:26:25.177000;2016-03-22T00:26:25.223000;8b058358-b558-479f-8f70-0aae534b0576;411.52;0.05;SELL
2016-03-22T00:26:25.177000;2016-03-22T00:26:25.223000;62809865-1931-4c2c-b33b-5eebf89e3da5;411.5;5.2;SELL
2016-03-22T00:26:25.177000;2016-03-22T00:26:25.240000;eb7f771d-8fc8-454a-a67e-084b6ec36f88;411.48;0.07;SELL
2016-03-22T00:26:25.177000;2016-03-22T00:26:25.240000;c95a974b-d023-45ea-8e0c-cbfa7a756b55;411.46;5.2;SELL
2016-03-22T00:26:25.177000;2016-03-22T00:26:25.240000;24e16449-63ab-4d11-a98e-6ecd3b9e26be;411.45;0.454;SELL
2016-03-22T00:26:25.177000;2016-03-22T00:26:25.240000;31d77ab0-71ec-4859-8605-a91a5e21cc10;411.45;0.6;SELL
2016-03-22T00:26:25.247000;2016-03-22T00:26:25.270000;226c4cbc-3bb2-46ec-b0a8-e111bdce06dd;411.45;0.05;BUY
2016-03-22T00:26:25.947000;2016-03-22T00:26:25.990000;c187bd61-b4fe-4994-88f6-08ca05b5f8bf;411.4;0.03;SELL
2016-03-22T00:26:25.947000;2016-03-22T00:26:25.990000;bbf0987b-4a9f-4a54-8b27-7d8a9299fe7c;411.39;0.17;SELL
2016-03-22T00:26:28.080000;2016-03-22T00:26:28.113000;7d621e8f-9bc2-4e1d-86b1-9af4810d5863;411.39;0.2;SELL
2016-03-22T00:26:30.210000;2016-03-22T00:26:30.240000;e180cd79-1bfe-4a7f-af72-2ce1c5189c04;411.39;0.024;SELL
2016-03-22T00:26:30.210000;2016-03-22T00:26:30.253000;86954acc-e164-4fe8-a0bf-17d76fde3d0f;411.35;0.01;SELL
2016-03-22T00:26:30.210000;2016-03-22T00:26:30.253000;668e7897-fe6f-4627-9a25-935a24897e4e;411.35;0.03;SELL
2016-03-22T00:26:30.210000;2016-03-22T00:26:30.253000;ec4cf95c-0c90-4f58-91ca-32b1a1db7343;411.34;0.075;SELL
2016-03-22T00:26:30.210000;2016-03-22T00:26:30.253000;06539c7a-cf25-46db-b8f5-5a1e6bff353f;411.3;0.061;SELL
2016-03-22T00:26:31.237000;2016-03-22T00:26:31.270000;1a8979ad-d092-4190-a908-db049b1bfc8b;411.29;0.36876;SELL
2016-03-22T00:26:32.343000;2016-03-22T00:26:32.380000;b0e07858-31f5-45e0-a9ef-fbf4cf4ce4d2;411.3;0.2;SELL
2016-03-22T00:26:34.720000;2016-03-22T00:26:34.753000;81798868-b9f1-4ba0-ad18-305cafe3256f;411.3;0.2;SELL
2016-03-22T00:26:37.090000;2016-03-22T00:26:37.113000;2db97dfd-0fb5-455b-9f0d-c2d67f1a2821;411.3;0.2;SELL
2016-03-22T00:26:39.223000;2016-03-22T00:26:39.253000;465ca830-a06e-457e-8c29-8a1cfb949876;411.3;0.2;SELL
2016-03-22T00:26:41.580000;2016-03-22T00:26:41.613000;c4859c74-1953-4d82-9796-074b80d074eb;411.31;0.2;SELL
2016-03-22T00:26:43.943000;2016-03-22T00:26:43.973000;803c5fd7-bea0-4558-a3ac-5e55ef513bb6;411.34;0.2;SELL
2016-03-22T00:26:46.073000;2016-03-22T00:26:46.113000;8aaa2e0c-129b-4c7d-a07e-6a93f2279030;411.31;0.2;SELL
2016-03-22T00:26:48.200000;2016-03-22T00:26:48.240000;d8779257-7e4c-4f83-842e-6d060a860b7d;411.33;0.2;SELL
2016-03-22T00:26:50.327000;2016-03-22T00:26:50.350000;0ce93fe0-4e55-44d5-a5bb-30812d5e31b3;411.34;0.2;SELL
2016-03-22T00:26:52.453000;2016-03-22T00:26:52.490000;35ada302-2ad2-45a0-92ce-7f965194f9db;411.32;0.2;SELL
2016-03-22T00:26:54.837000;2016-03-22T00:26:54.863000;93caf0c9-d31d-404b-ad0f-0c0e1ea1fa02;411.34;0.2;SELL
2016-03-22T00:26:56.970000;2016-03-22T00:26:57.003000;7c8faa84-fa79-4493-b2bd-80d07cfd6bc6;411.29;0.2;SELL
2016-03-22T00:27:01.610000;2016-03-22T00:27:01.647000;d7e7d334-f6d2-44ce-8131-05a3d8af3452;411.46;0.25;BUY
2016-03-22T00:27:01.610000;2016-03-22T00:27:01.660000;7f1ae70f-8e5d-401b-a022-1a1785ece147;411.5;0.03;BUY
2016-03-22T00:27:01.610000;2016-03-22T00:27:01.660000;261a92c2-6ea4-4d1d-b3ec-0097db64ab2f;411.52;0.093;BUY
2016-03-22T00:27:01.610000;2016-03-22T00:27:01.660000;598d43e2-9f7d-4ffc-b62b-4aaf1c12383f;411.53;0.106;BUY
2016-03-22T00:27:01.610000;2016-03-22T00:27:01.660000;0ee33e70-fbac-493e-ae50-121a1e681d37;411.55;0.03;BUY
2016-03-22T00:27:01.610000;2016-03-22T00:27:01.677000;c76c7bf5-a034-42d1-8cb9-9c337beb2d62;411.55;0.05;BUY
2016-03-22T00:27:01.610000;2016-03-22T00:27:01.677000;6947dd24-31f1-4488-8404-6c49e63d99f7;411.58;0.01;BUY
2016-03-22T00:27:01.610000;2016-03-22T00:27:01.677000;5ddc92c8-cd61-4b41-87f4-1adc097bdb6f;411.58;0.15;BUY
2016-03-22T00:27:01.610000;2016-03-22T00:27:01.677000;f1bc6528-c0fd-4ce6-873d-f97045cc9b41;411.6;0.14925;BUY
2016-03-22T00:27:31.567000;2016-03-22T00:27:31.600000;ab511472-0f87-4d10-8d30-0f41cb2e9d11;411.51;0.15;SELL
2016-03-22T00:27:31.567000;2016-03-22T00:27:31.600000;15f6810f-f78c-49d6-b634-6ca7363bb9a7;411.5;0.55926;SELL
2016-03-22T00:28:03.127000;2016-03-22T00:28:03.160000;16ed6ee6-4d2a-42dc-ac99-d59060f5c253;411.64;0.13515;BUY
2016-03-22T00:28:31.837000;2016-03-22T00:28:31.863000;c796ceb5-8160-4608-b1e0-9fc2336c9530;411.58;0.2;BUY
2016-03-22T00:28:31.837000;2016-03-22T00:28:31.880000;5eebdb23-abf3-4583-bbbe-e11e3da50f97;411.63;0.08;BUY
2016-03-22T00:28:31.837000;2016-03-22T00:28:31.880000;a8ba2b35-39f7-4ce4-a9a8-5a8065aa7d09;411.64;0.10785;BUY
2016-03-22T00:29:01.463000;2016-03-22T00:29:01.490000;bd4401a4-8a0c-498e-8315-46731496586b;411.63;0.1176;BUY
2016-03-22T00:30:02.223000;2016-03-22T00:30:02.253000;c4135467-d2df-4912-8ace-5f9270204d4c;411.62;0.1024;BUY
2016-03-22T00:30:02.223000;2016-03-22T00:30:02.253000;9f4f4670-1b61-4100-8b2b-64ee5ddb88a1;411.63;0.05;BUY
2016-03-22T00:30:02.223000;2016-03-22T00:30:02.270000;d797b374-b361-4624-a1d5-85eeb4f6e7de;411.63;0.141949;BUY
2016-03-22T00:30:02.223000;2016-03-22T00:30:02.270000;a7e7e367-47b3-4762-8140-b94f28b559d4;411.64;0.007;BUY
2016-03-22T00:30:02.223000;2016-03-22T00:30:02.270000;a6f65957-2bbc-431b-a4f6-6f4c7f0ba435;411.64;1.663571;BUY
2016-03-22T00:30:31.613000;2016-03-22T00:30:31.647000;ff792e7e-96d5-4e62-9825-5bd7b140f1bd;411.65;0.03;BUY
2016-03-22T00:30:31.613000;2016-03-22T00:30:31.647000;58a9bca6-a7ef-4a70-8ad7-b432b2d5fb0e;411.65;0.08343;BUY
2016-03-22T00:31:01.993000;2016-03-22T00:31:02.020000;1e310629-b67d-4336-b214-3292af80c0e3;411.65;0.094;BUY
2016-03-22T00:31:01.993000;2016-03-22T00:31:02.037000;04dda574-aa08-49fa-be76-e83de122be50;411.66;0.1;BUY
2016-03-22T00:31:01.993000;2016-03-22T00:31:02.037000;93d2932f-b1e6-4b66-b5e9-5643ae0ba7be;411.67;0.17;BUY
2016-03-22T00:31:01.993000;2016-03-22T00:31:02.037000;3b89a100-5447-4dbd-a0b1-469c89f5f11b;411.7;0.03;BUY
2016-03-22T00:31:01.993000;2016-03-22T00:31:02.037000;6cfcf721-e2d2-4d46-9d69-877f00e9f0fd;411.7;0.0322;BUY
2016-03-22T00:31:01.993000;2016-03-22T00:31:02.037000;c56e7ab0-5f4f-42cf-bfda-e2f0a79aadf5;411.74;0.128;BUY
2016-03-22T00:31:01.993000;2016-03-22T00:31:02.053000;e7701794-5479-4287-893f-46e2e24574c0;411.74;0.15;BUY
2016-03-22T00:31:01.993000;2016-03-22T00:31:02.067000;89c58f63-1483-4993-ac78-7862a5ef6670;411.75;0.03;BUY
2016-03-22T00:31:01.993000;2016-03-22T00:31:02.067000;224efe95-b451-4e77-bafa-35ae86604f43;411.75;0.0634;BUY
2016-03-22T00:31:31.387000;2016-03-22T00:31:31.410000;dca13dd5-c479-43cb-8d5e-bda3d113888c;411.55;0.03;SELL
2016-03-22T00:31:31.387000;2016-03-22T00:31:31.427000;d8e2496e-0506-4ee4-9c42-f6f6072d34e8;411.52;0.1;SELL
2016-03-22T00:31:31.390000;2016-03-22T00:31:31.427000;53e6b0f3-aa35-419c-ae29-ecaece725122;411.51;0.25;SELL
2016-03-22T00:31:31.390000;2016-03-22T00:31:31.427000;05bc9777-2443-4e71-a869-34cf1bf16030;411.5;0.03;SELL
2016-03-22T00:31:31.390000;2016-03-22T00:31:31.427000;20ffba6d-787e-45a1-a987-ae8ea147a102;411.5;0.0115;SELL
2016-03-22T00:31:31.390000;2016-03-22T00:31:31.507000;707b2266-4023-4447-9e38-419ba802e1c1;411.49;0.09;SELL
2016-03-22T00:31:31.390000;2016-03-22T00:31:31.520000;71b0226b-aa5a-4a9c-b75f-6a2c23f20926;411.49;0.05;SELL
2016-03-22T00:31:31.390000;2016-03-22T00:31:31.520000;d6b3cfa8-9d24-4fd9-a49b-2fd61bcd0f3f;411.45;0.03;SELL
2016-03-22T00:31:31.390000;2016-03-22T00:31:31.520000;7656c145-cdad-4927-b2b9-4b84405d7585;411.44;0.118;SELL
2016-03-22T00:31:31.390000;2016-03-22T00:31:31.520000;1ffa4425-294f-4255-9426-d2c04fcc98e2;411.42;0.15;SELL
2016-03-22T00:31:31.390000;2016-03-22T00:31:31.520000;dfecbe88-7d47-40ff-b665-19ba23caca4f;411.42;0.14336;SELL
2016-03-22T00:35:30.007000;2016-03-22T00:35:30.043000;0cb7bf7f-faf3-46b2-b9d5-8a539aadb14e;411.43;0.06123;SELL
2016-03-22T00:35:30.047000;2016-03-22T00:35:30.090000;e5cdb220-ad66-4bcc-8131-248d7987fb07;411.43;0.27177;SELL
2016-03-22T00:35:30.047000;2016-03-22T00:35:30.090000;a48d7136-06fe-4e84-8142-3ebf5a73f813;411.42;0.12389;SELL
2016-03-22T00:35:30.067000;2016-03-22T00:35:30.123000;19ffc916-6070-4790-9e7f-b8cbb8e56634;411.42;0.02611;SELL
2016-03-22T00:35:30.067000;2016-03-22T00:35:30.137000;0da3daa8-8eb7-439d-bfd4-e31517f0bee2;411.41;0.00889;SELL
2016-03-22T00:35:30.080000;2016-03-22T00:35:30.137000;e681b2af-40b8-4da0-9bd9-fd985bf0764d;411.41;0.05599;SELL
2016-03-22T00:35:30.343000;2016-03-22T00:35:30.387000;10d9997a-2f69-466f-9048-563ef3e31c63;411.41;0.3416;SELL
2016-03-22T00:35:30.353000;2016-03-22T00:35:30.420000;0e8d7339-7f8b-45ab-84a0-c48a160200ef;411.41;0.05456;SELL
2016-03-22T00:36:16.657000;2016-03-22T00:36:16.700000;05ce2d5e-8217-4658-8cc8-66d8f1501161;411.53;0.25;BUY
2016-03-22T00:36:16.657000;2016-03-22T00:36:16.717000;20447aef-36eb-4da1-ab63-8414224b6f12;411.54;0.25;BUY
2016-03-22T00:36:16.657000;2016-03-22T00:36:16.717000;0fe4de87-afff-43c1-90ac-98df60707f49;411.54;0.21840291;BUY
2016-03-22T00:36:16.657000;2016-03-22T00:36:16.717000;095b150c-329b-4490-80a7-056ede287dca;411.54;0.26;BUY
2016-03-22T00:36:16.657000;2016-03-22T00:36:16.717000;e12ad35e-69b6-4be0-8299-17f617c90f55;411.55;0.15;BUY
2016-03-22T00:36:16.657000;2016-03-22T00:36:16.730000;58305df5-262a-4ada-b8dc-87fc5360db0a;411.55;0.05;BUY
2016-03-22T00:36:16.657000;2016-03-22T00:36:16.810000;4f5b2ae1-63bf-44f9-860e-d95f0c902ed3;411.55;0.8;BUY
2016-03-22T00:36:16.657000;2016-03-22T00:36:16.810000;5c0b06d9-bf2e-4a95-88b9-bf66c64f3f71;411.55;0.35259709;BUY
2016-03-22T00:36:28.393000;2016-03-22T00:36:28.433000;e4c5823c-4e59-4b0d-bb59-edf021d1932f;411.54;0.015;BUY
2016-03-22T00:38:31.160000;2016-03-22T00:38:31.200000;39854d03-cd9f-48b6-b25d-6f1004ea5235;411.55;0.01;BUY
2016-03-22T00:38:31.160000;2016-03-22T00:38:31.217000;5b200f62-d955-4c27-9ae6-9b1b3b07df61;411.59;0.25;BUY
2016-03-22T00:38:31.160000;2016-03-22T00:38:31.217000;ee83b3f4-f47b-4b06-ada7-e27e2b4490f0;411.6;0.03;BUY
2016-03-22T00:38:31.160000;2016-03-22T00:38:31.217000;40849554-a24c-4812-9750-ec9402090a5e;411.61;0.091;BUY
2016-03-22T00:38:31.160000;2016-03-22T00:38:31.217000;f00162b7-44c9-433b-a346-3f642eeb9204;411.63;1.0;BUY
2016-03-22T00:38:31.163000;2016-03-22T00:38:31.230000;c71a1ae8-0853-4769-8599-8e016d3a212f;411.64;2.0;BUY
2016-03-22T00:38:31.163000;2016-03-22T00:38:31.230000;3b7b0a53-4e4b-4604-b891-fcf022d20acf;411.64;1.4;BUY
2016-03-22T00:38:31.163000;2016-03-22T00:38:31.293000;f5cb977b-a656-452c-ad94-bcadf4152bc7;411.65;0.03;BUY
2016-03-22T00:38:31.163000;2016-03-22T00:38:31.293000;54978592-0fce-44bd-b5de-c6b61e0717fd;411.65;4.0;BUY
2016-03-22T00:38:31.163000;2016-03-22T00:38:31.293000;6bf7fd97-ed56-4700-a8fd-2248805a3667;411.65;1.513;BUY
2016-03-22T00:38:31.163000;2016-03-22T00:38:31.293000;8d0d500b-aa19-45eb-9cf2-ca38baad1311;411.65;0.25652;BUY
2016-03-22T00:38:40.903000;2016-03-22T00:38:40.950000;7ac153da-1f34-49f7-8b6e-b19a64c8afaf;411.6;0.01;BUY
2016-03-22T00:39:01.283000;2016-03-22T00:39:01.340000;06ff4b8f-29b2-4263-8aea-36f9895319d0;411.45;0.03;SELL
2016-03-22T00:39:01.283000;2016-03-22T00:39:01.340000;8e1061a7-ec5e-4bcf-869e-c053fce4b603;411.45;0.34;SELL
2016-03-22T00:39:01.283000;2016-03-22T00:39:01.340000;5b5512b7-0c8a-4e1a-928e-7d6ac7518f8c;411.42;1.0;SELL
2016-03-22T00:39:01.283000;2016-03-22T00:39:01.357000;2e987a2e-77b4-48e1-9d48-c2bf2c95c8e7;411.42;0.25;SELL
2016-03-22T00:39:01.283000;2016-03-22T00:39:01.357000;fff1ccd0-f0ad-4344-bc65-60d8e3e5cbd6;411.41;0.18896;SELL
2016-03-22T00:39:01.283000;2016-03-22T00:39:01.357000;7ac353e2-a194-484e-b481-a71ca5400444;411.41;0.99;SELL
2016-03-22T00:39:01.283000;2016-03-22T00:39:01.357000;d3304592-aedf-4caa-ac41-0bf57ccd81e3;411.41;0.49;SELL
2016-03-22T00:39:01.283000;2016-03-22T00:39:01.373000;600e3756-e19a-4fb4-af57-52908953fc5d;411.41;0.245;SELL
2016-03-22T00:39:01.283000;2016-03-22T00:39:01.373000;6ee50f8a-1240-4114-8a85-7ae501949534;411.41;0.125;SELL
2016-03-22T00:39:01.283000;2016-03-22T00:39:01.373000;ad9452c1-20ed-4bba-8c23-e1572353c706;411.41;0.06;SELL
2016-03-22T00:39:01.283000;2016-03-22T00:39:01.373000;899428a2-09d3-4a81-ab22-990af3f430bd;411.41;0.03;SELL
2016-03-22T00:39:01.283000;2016-03-22T00:39:01.373000;19aa7137-0d06-4e85-bf04-97a24d60068b;411.4;0.03;SELL
2016-03-22T00:39:01.287000;2016-03-22T00:39:01.387000;2e30f29d-8450-42cb-97f9-4cc1271cc352;411.4;0.33;SELL
2016-03-22T00:39:01.287000;2016-03-22T00:39:01.403000;f32dbb51-76c5-4a34-8d33-a1eabf457910;411.38;0.8;SELL
2016-03-22T00:39:01.287000;2016-03-22T00:39:01.403000;2e463a82-6be2-4561-afa0-43dc6d196254;411.38;0.05;SELL
2016-03-22T00:39:01.287000;2016-03-22T00:39:01.403000;1695883d-db6b-4ec7-9d12-67b45871d41f;411.37;1.72087;SELL
2016-03-22T00:39:31.133000;2016-03-22T00:39:31.170000;cf30b703-73a2-4f32-b46e-5520c8ef67aa;411.49;0.25;BUY
2016-03-22T00:39:31.133000;2016-03-22T00:39:31.200000;9582b8cc-9ad5-4acb-bdf9-249e650e5029;411.49;0.076;BUY
2016-03-22T00:39:31.133000;2016-03-22T00:39:31.200000;09997572-8611-4a35-85cb-178f3486ecad;411.53;0.25;BUY
2016-03-22T00:39:31.133000;2016-03-22T00:39:31.200000;c02fa876-0f7e-4734-86ae-90b4e0537c7a;411.54;0.131;BUY
2016-03-22T00:39:31.133000;2016-03-22T00:39:31.200000;392938bb-14c0-46bd-8cee-35555305a062;411.55;0.03;BUY
2016-03-22T00:39:31.133000;2016-03-22T00:39:31.280000;817dc805-9d2a-4912-9f78-ed5e6d1fe573;411.57;0.15;BUY
2016-03-22T00:39:31.133000;2016-03-22T00:39:31.280000;22009bb5-90ee-402b-b0d6-fd4d453bf000;411.57;0.05;BUY
2016-03-22T00:39:31.133000;2016-03-22T00:39:31.280000;9936dc27-64c8-43ae-8536-5e18264bf168;411.58;0.35521;BUY
2016-03-22T00:40:01.927000;2016-03-22T00:40:01.967000;92966a7a-aad9-4e04-ae71-673ce9f54cef;411.5;0.11415;BUY
2016-03-22T00:41:09.957000;2016-03-22T00:41:10.013000;1afe6566-8c88-44b5-b3cc-369fbe59e4bf;411.51;0.315;BUY
2016-03-22T00:41:09.960000;2016-03-22T00:41:10.013000;8692a8cd-3dc3-454e-a3ee-41fdee70c741;411.52;0.025;BUY
2016-03-22T00:41:31.193000;2016-03-22T00:41:31.217000;1e8211a4-02b9-4b6d-b801-38ec31f6c7fc;411.51;0.311;BUY
2016-03-22T00:41:31.193000;2016-03-22T00:41:31.247000;3f4ad3b5-155d-440a-a9d1-5e40d5b04ef3;411.52;0.33163;BUY
2016-03-22T00:42:02.273000;2016-03-22T00:42:02.310000;22abea38-ba75-4a5c-a9e1-3254ba6b64f9;411.41;0.0115;SELL
2016-03-22T00:42:02.277000;2016-03-22T00:42:02.327000;f05c8a8e-d89c-4a28-9885-e48fd67ed79c;411.4;0.03;SELL
2016-03-22T00:42:02.277000;2016-03-22T00:42:02.327000;ce6ed105-e4f7-492b-afc3-fbe66cabf87b;411.39;0.077;SELL
2016-03-22T00:42:02.277000;2016-03-22T00:42:02.327000;0478fe88-a787-4fa6-84e8-e10cddb95925;411.35;0.03;SELL
2016-03-22T00:42:02.277000;2016-03-22T00:42:02.357000;38a4dfc7-53df-47ad-bf28-71228f40be26;411.34;0.113;SELL
2016-03-22T00:42:02.277000;2016-03-22T00:42:02.373000;f1e29ab6-a291-42a8-85f8-25fad414b1a2;411.33;0.01;SELL
2016-03-22T00:42:02.277000;2016-03-22T00:42:02.373000;eef9c41d-a016-4c0b-8441-9c8529d34ba0;411.32;0.25771;SELL
2016-03-22T00:42:31.463000;2016-03-22T00:42:31.483000;f043385f-038a-4700-a88e-c5ec88c6bf8d;411.43;0.06497;BUY
2016-03-22T00:43:03.017000;2016-03-22T00:43:03.043000;5c3ecf5d-b648-4329-b592-ac4cfbcd44a7;411.43;0.25771;BUY
2016-03-22T00:43:03.017000;2016-03-22T00:43:03.060000;fe93c9e9-b2a0-4ac4-bd3f-8386a348107e;411.44;0.21622;BUY
2016-03-22T00:43:31.177000;2016-03-22T00:43:31.200000;ffa22ffd-d925-4321-b785-d6ec20cbfa08;411.32;0.01816;SELL
2016-03-22T00:43:44.887000;2016-03-22T00:43:44.920000;144cfe9f-a897-47c6-8ca0-88d4d72a926b;411.41;0.09;BUY
2016-03-22T00:43:44.887000;2016-03-22T00:43:44.920000;1d5618e1-3a42-46fe-90bc-ca48d224cd8a;411.41;0.05;BUY
2016-03-22T00:44:01.487000;2016-03-22T00:44:01.513000;e4542219-dff3-49a4-8f01-8268d98c2e86;411.44;0.03378;BUY
2016-03-22T00:44:01.487000;2016-03-22T00:44:01.530000;9b95ad96-645d-4a73-9cd7-8e09ae2f154f;411.5;0.03;BUY
2016-03-22T00:44:01.487000;2016-03-22T00:44:01.530000;abbfc1a2-0b97-444f-b4d0-6ab55ada5c2d;411.51;0.29717;BUY
2016-03-22T00:44:31.373000;2016-03-22T00:44:31.387000;1b58f5e6-964b-4321-8687-086eb48f3a7e;411.43;0.01816;BUY
2016-03-22T00:44:31.373000;2016-03-22T00:44:31.420000;c069c864-a931-44e8-8927-3f81eaa7be08;411.44;0.09;BUY
2016-03-22T00:44:31.373000;2016-03-22T00:44:31.420000;eb51f51e-737c-4e59-8600-54493ee4554b;411.46;0.127;BUY
2016-03-22T00:44:31.373000;2016-03-22T00:44:31.420000;2003d489-4919-4d88-909d-4ebbf6160564;411.49;0.65259;BUY
2016-03-22T00:44:39.507000;2016-03-22T00:44:39.530000;86a93941-5bad-4448-becc-dd594e231036;411.36;0.01;SELL
2016-03-22T00:44:39.510000;2016-03-22T00:44:39.560000;9c0b75df-87d4-46ef-8826-065bba08ebde;411.35;0.03;SELL
2016-03-22T00:44:39.510000;2016-03-22T00:44:39.560000;593799c5-7731-410a-997b-e0819f83e9e2;411.35;0.094;SELL
2016-03-22T00:44:39.510000;2016-03-22T00:44:39.560000;1c486193-6b80-4247-81fe-1c93a5c98921;411.33;0.09;SELL
2016-03-22T00:45:01.057000;2016-03-22T00:45:01.077000;e9e2e836-74ae-4c61-ad96-bac87b613ff5;411.32;0.03153;SELL
2016-03-22T00:45:31.107000;2016-03-22T00:45:31.123000;717369a8-47a6-426c-9403-acfec55f9caf;411.37;0.308;BUY
2016-03-22T00:45:31.107000;2016-03-22T00:45:31.153000;2daa6ff8-eff6-431d-9ccb-51c9a35e7b4d;411.38;0.08863;BUY
2016-03-22T00:46:01.440000;2016-03-22T00:46:01.467000;9f698277-a88c-4377-a220-85eaa55aead2;411.32;0.06633;SELL
2016-03-22T00:46:31.623000;2016-03-22T00:46:31.637000;ede83ee2-cb09-480b-9a9d-a4b4fa726eb6;411.31;0.02;SELL
2016-03-22T00:46:31.623000;2016-03-22T00:46:31.653000;ca6b4883-c5a8-49a3-a4f4-b9308af9d169;411.3;0.25;SELL
2016-03-22T00:46:31.623000;2016-03-22T00:46:31.653000;e6beae54-c2ab-43b3-bdbe-696355c651f1;411.29;0.23457;SELL
2016-03-22T00:47:03.257000;2016-03-22T00:47:03.280000;31d96fc3-0496-4328-bbb9-be10b04f28a2;411.29;0.01543;SELL
2016-03-22T00:47:03.260000;2016-03-22T00:47:03.293000;a55a9e91-b2a2-4252-a41c-ff17db439b90;411.27;0.025;SELL
2016-03-22T00:47:03.260000;2016-03-22T00:47:03.293000;b2c2691b-532a-4255-bf88-67a93f72d2ba;411.26;0.23718;SELL
2016-03-22T00:47:31.183000;2016-03-22T00:47:31.200000;906e9370-1e79-4799-9608-6ce8df204143;411.29;0.0716;BUY
2016-03-22T00:48:00.950000;2016-03-22T00:48:00.967000;82de2912-3e07-4330-b299-b91c1c2c1bfd;411.26;0.01282;SELL
2016-03-22T00:48:00.950000;2016-03-22T00:48:00.983000;486cd028-8cec-43dc-bc09-81ddce70aeff;411.25;0.25;SELL
2016-03-22T00:48:00.950000;2016-03-22T00:48:00.983000;69b01463-6ef3-474e-bda7-91e23c198b8b;411.24;0.0978;SELL
2016-03-22T00:48:00.950000;2016-03-22T00:48:00.983000;dd5520c6-b314-4a73-9595-e32593c1c0fa;411.23;0.101;SELL
2016-03-22T00:48:00.950000;2016-03-22T00:48:00.983000;d4464196-42ec-47bc-b809-838a6768cfc4;411.22;0.25;SELL
2016-03-22T00:48:00.950000;2016-03-22T00:48:01.077000;1fec603f-05c4-4c49-9ab8-ec7bcd490013;411.21;0.025;SELL
2016-03-22T00:48:00.950000;2016-03-22T00:48:01.077000;d2262cf6-a9e9-431e-9091-33fcfb24c917;411.2;0.17;SELL
2016-03-22T00:48:00.950000;2016-03-22T00:48:01.077000;5bb564c5-6b32-42bc-b0c4-afd004d90fe6;411.2;0.25;SELL
2016-03-22T00:48:00.950000;2016-03-22T00:48:01.077000;504e0d22-b3e9-4300-a3a2-6a0576bebdc4;411.18;0.091;SELL
2016-03-22T00:48:00.950000;2016-03-22T00:48:01.077000;e442999e-80c3-483a-a572-573fe97ba6f3;411.16;0.0916;SELL
2016-03-22T00:48:00.953000;2016-03-22T00:48:01.077000;99fdb919-5bd9-41e9-b574-c6803cf856af;411.16;0.05;SELL
2016-03-22T00:48:00.953000;2016-03-22T00:48:01.077000;5636afab-364e-41d1-8027-6a30284a0f26;411.15;0.01;SELL
2016-03-22T00:48:00.953000;2016-03-22T00:48:01.077000;07d58716-70ba-4a92-bbce-5b7039f46ba1;411.15;0.025;SELL
2016-03-22T00:48:00.953000;2016-03-22T00:48:01.077000;9b0dc048-500c-4e7f-a566-2a07e8b600a2;411.13;0.073;SELL
2016-03-22T00:48:00.953000;2016-03-22T00:48:01.077000;77b777a9-59d2-4f12-a1f0-81d4262d4932;411.09;0.025;SELL
2016-03-22T00:48:00.953000;2016-03-22T00:48:01.077000;780e3bee-bb4f-432d-b56c-b427ae2accc7;411.08;0.02;SELL
2016-03-22T00:48:00.953000;2016-03-22T00:48:01.077000;6f4f30b2-3786-46a6-b2ab-46e9b0371196;411.05;0.08627;SELL
2016-03-22T00:48:30.993000;2016-03-22T00:48:31.013000;92f47e52-6b84-4f09-9302-eb33696a068b;411.08;0.02;SELL
2016-03-22T00:48:30.993000;2016-03-22T00:48:31.030000;5ff6046e-a198-41bc-b894-86cd9f9d24a4;411.07;0.112;SELL
2016-03-22T00:48:30.993000;2016-03-22T00:48:31.030000;7b53ac03-de9b-439a-a62d-2e5d25e2de5f;411.04;0.1;SELL
2016-03-22T00:48:30.993000;2016-03-22T00:48:31.030000;4e847ff9-0f18-41d0-8371-66493359fa9f;411.03;0.025;SELL
2016-03-22T00:48:30.993000;2016-03-22T00:48:31.030000;ce76dcd9-aec0-41f1-af64-19950afc87c1;411.03;0.382624;SELL
2016-03-22T00:48:30.993000;2016-03-22T00:48:31.107000;b68160c8-2fde-4c5b-ac50-f98646addb1d;411.02;0.093;SELL
2016-03-22T00:48:30.993000;2016-03-22T00:48:31.107000;c6a44ea3-63fe-431c-bf61-a17f836d8d80;411.02;0.05;SELL
2016-03-22T00:48:30.993000;2016-03-22T00:48:31.107000;e330772a-f8cc-47be-96e3-6ddc62c2c03d;411.01;0.37165;SELL
2016-03-22T00:48:30.993000;2016-03-22T00:48:31.107000;7828394a-bbbd-439e-a058-60525b34721f;411.01;0.0663;SELL
2016-03-22T00:48:30.993000;2016-03-22T00:48:31.107000;f0571311-5b14-4e40-8d29-387d29644ae9;411.01;1.0;SELL
2016-03-22T00:48:30.993000;2016-03-22T00:48:31.107000;d184617a-f4fe-4651-99c5-37faf7c613a8;411.0;0.492556;SELL
2016-03-22T00:49:31.227000;2016-03-22T00:49:31.233000;872bfc72-e537-4906-b028-678d20fd7b57;411.09;0.2;BUY
2016-03-22T00:49:31.227000;2016-03-22T00:49:31.247000;3206ab01-0202-4dda-9d5d-7b39a6de791e;411.12;0.25;BUY
2016-03-22T00:49:31.227000;2016-03-22T00:49:31.247000;e439ad14-3055-40d2-af75-4182c7d14bc1;411.15;0.16556;BUY
2016-03-22T00:50:01.080000;2016-03-22T00:50:01.090000;7c9ab83b-b15d-459f-b68e-1dcdbae4b3fc;411.15;0.314924;BUY
2016-03-22T00:50:01.080000;2016-03-22T00:50:01.107000;dc8d06de-9fc6-4201-b4c1-b1911c46598b;411.15;7.176736;BUY
2016-03-22T00:50:31.057000;2016-03-22T00:50:31.107000;dcdac64f-9241-4d89-b7b6-91757437f4fe;411.22;0.20307;BUY
2016-03-22T00:51:09.243000;2016-03-22T00:51:09.307000;9f7a8aea-4c6b-46ba-a60f-62b59e806865;411.22;0.19093;BUY
2016-03-22T00:51:09.243000;2016-03-22T00:51:09.307000;c5a81544-20b9-4585-be74-56b91cf9dcf1;411.23;0.025;BUY
2016-03-22T00:51:09.243000;2016-03-22T00:51:09.307000;5e4db65a-bc1f-4e1c-8b28-e517cc65abd4;411.25;0.01;BUY
2016-03-22T00:51:09.243000;2016-03-22T00:51:09.323000;daf71a9a-c500-42fb-be58-13309f72655f;411.27;0.04122;BUY
2016-03-22T00:51:31.377000;2016-03-22T00:51:31.417000;eb2ceaa8-ca4a-4606-8214-66f0b0a0685b;411.28;0.02395;BUY
2016-03-22T00:52:01.153000;2016-03-22T00:52:01.200000;80931022-7901-42d8-af36-70286c9fa10f;411.28;0.31886;BUY
2016-03-22T00:52:31.293000;2016-03-22T00:52:31.340000;436ed286-f489-4c5e-baa0-ecdf53c67501;411.28;1.7083247;BUY
2016-03-22T00:52:31.293000;2016-03-22T00:52:31.357000;49c88c54-e2a4-4980-89c7-30b09fe1ad08;411.29;0.025;BUY
2016-03-22T00:52:31.293000;2016-03-22T00:52:31.357000;5732e77f-63ed-4afd-aef9-88fdb1db4881;411.31;0.24878;BUY
2016-03-22T00:52:31.293000;2016-03-22T00:52:31.357000;b88bb873-99e8-422b-b1da-99901cbe9910;411.32;0.198;BUY
2016-03-22T00:52:31.293000;2016-03-22T00:52:31.357000;6907d7ea-cd38-40d7-aab1-61dc730a6480;411.33;1.0;BUY
2016-03-22T00:52:31.293000;2016-03-22T00:52:31.370000;f2f8e85a-3400-4e00-9e1a-bef8997d1bbc;411.35;0.025;BUY
2016-03-22T00:52:31.293000;2016-03-22T00:52:31.370000;335e8528-5a36-46e3-978f-de19fa8178d3;411.38;0.7924653;BUY
2016-03-22T00:53:01.610000;2016-03-22T00:53:01.653000;1d68a317-b3ec-41dd-aacf-84010604d66c;411.38;0.0419047;BUY
2016-03-22T00:53:01.613000;2016-03-22T00:53:01.683000;6868ac27-e8b1-4fcd-9a51-e86c30ca7561;411.38;0.01;BUY
2016-03-22T00:53:01.613000;2016-03-22T00:53:01.683000;22f4bbe4-5289-4646-9835-60e1730570e8;411.4;0.25;BUY
2016-03-22T00:53:01.613000;2016-03-22T00:53:01.683000;e0d453c1-fd4d-4cb5-a267-711f1b3cc3b0;411.41;0.025;BUY
2016-03-22T00:53:01.613000;2016-03-22T00:53:01.683000;d7f058a7-762c-4208-905c-ee74857bdabf;411.44;0.092;BUY
2016-03-22T00:53:01.613000;2016-03-22T00:53:01.683000;c4d42dfc-54d0-4e4c-8bc0-2acfd5b3282a;411.45;0.0112553;BUY
2016-03-22T00:53:33.573000;2016-03-22T00:53:33.620000;4fde419e-017d-44ec-b1a9-c156eab20465;411.29;0.480318;SELL
2016-03-22T00:53:33.573000;2016-03-22T00:53:33.620000;0ea88799-edc9-4d31-aa44-f27281b5bbfa;411.25;3.737972;SELL
2016-03-22T00:54:01.333000;2016-03-22T00:54:01.370000;05d98cd2-baa0-481e-a00e-35ae06f687a6;411.32;0.075;BUY
2016-03-22T00:54:01.333000;2016-03-22T00:54:01.387000;282316f4-e4ee-4213-a203-1ee7083e50a1;411.32;0.35669;BUY
2016-03-22T00:55:01.047000;2016-03-22T00:55:01.090000;ba6ecb84-e70f-4fdf-a85e-689fc962bffb;411.32;0.08412;BUY
2016-03-22T00:55:31.280000;2016-03-22T00:55:31.323000;a016d858-7fee-45cf-9efe-7a8e2aed06c9;411.32;0.039508;BUY
2016-03-22T00:55:31.280000;2016-03-22T00:55:31.323000;9dc6feb2-ce08-4466-8836-1aef8c408b9a;411.32;0.05;BUY
2016-03-22T00:55:31.280000;2016-03-22T00:55:31.323000;143c30e4-9a10-433e-a22d-4436b5028bc3;411.41;1.678522;BUY
2016-03-22T00:56:31.037000;2016-03-22T00:56:31.073000;a5ab00ca-d747-4100-a4aa-0b6da6d744bb;411.4;0.01;BUY
2016-03-22T00:56:31.037000;2016-03-22T00:56:31.090000;2417dc76-cd46-4b9d-9477-1d34db91394f;411.41;0.093;BUY
2016-03-22T00:56:31.037000;2016-03-22T00:56:31.090000;53388222-9821-460d-8a3f-f5c9c0b58110;411.44;0.25;BUY
2016-03-22T00:56:31.037000;2016-03-22T00:56:31.090000;fc311ea2-e9c1-452a-a234-57b2223a9734;411.44;0.02;BUY
2016-03-22T00:56:31.037000;2016-03-22T00:56:31.090000;16a86d09-9c53-4aa6-8e18-049679313f05;411.44;0.05;BUY
2016-03-22T00:56:31.037000;2016-03-22T00:56:31.183000;79a907f0-be90-473b-92b5-6054ebd39227;411.46;0.1425;BUY
2016-03-22T00:56:49.230000;2016-03-22T00:56:49.260000;9fbba267-5a66-41a6-9aa7-3a74b7cdfb43;411.36;0.01243;SELL
2016-03-22T00:56:49.233000;2016-03-22T00:56:49.277000;b4bfea06-7f4f-48eb-91a2-928e7e31bc07;411.36;0.03757;SELL
2016-03-22T00:57:01.123000;2016-03-22T00:57:01.153000;6652288b-b9ee-4604-84b3-1ea1f4443e94;411.36;0.05;SELL
2016-03-22T00:57:01.123000;2016-03-22T00:57:01.167000;5b8b4184-0a57-48e0-9adf-324164694fa8;411.36;0.124;SELL
2016-03-22T00:57:01.123000;2016-03-22T00:57:01.167000;ffb04388-b2f5-4087-9017-580647da5bde;411.34;0.05;SELL
2016-03-22T00:57:01.123000;2016-03-22T00:57:01.167000;b8615625-2715-4cbf-92ea-afc0b8511b49;411.34;0.15;SELL
2016-03-22T00:57:01.123000;2016-03-22T00:57:01.167000;f7763285-754b-4f69-8552-7986c6ce92ba;411.33;3.73872;SELL
2016-03-22T00:57:31.057000;2016-03-22T00:57:31.090000;896d332d-a6e0-480c-bae8-55ac59bbfe77;411.34;0.096;SELL
2016-03-22T00:57:31.057000;2016-03-22T00:57:31.107000;2705bed7-a3a0-4273-ac27-d1425b173226;411.34;0.05;SELL
2016-03-22T00:57:31.057000;2016-03-22T00:57:31.107000;2d59df51-73d2-4a8b-84c1-c497609f18db;411.32;0.15;SELL
2016-03-22T00:57:31.057000;2016-03-22T00:57:31.107000;7cf99fa6-195a-4b89-9939-7763a128bae7;411.32;0.05;SELL
2016-03-22T00:57:31.057000;2016-03-22T00:57:31.107000;ed38004c-c36b-47b7-b1af-a073deb56352;411.31;0.64347;SELL
2016-03-22T00:58:32.667000;2016-03-22T00:58:32.713000;b6a49009-e180-49e0-a505-f5e84895997a;411.42;0.15;BUY
2016-03-22T00:58:32.667000;2016-03-22T00:58:32.713000;2d8c6dcc-aa2d-42d1-944d-c13b82aaf980;411.42;0.03051;BUY
2016-03-22T00:59:03.760000;2016-03-22T00:59:03.793000;d2f2c226-05df-4cba-b4ec-fb6a1f46744f;411.43;0.02944;BUY
2016-03-22T00:59:13.237000;2016-03-22T00:59:13.263000;349e1470-00e3-40a8-995d-e2989ad8e352;411.43;0.0518;BUY
2016-03-22T00:59:13.253000;2016-03-22T00:59:13.293000;ff61457e-3635-4835-8a09-f3d2f0db5cd6;411.43;0.029755;BUY
2016-03-22T00:59:13.260000;2016-03-22T00:59:13.293000;d9a5eb8a-e7cd-4955-acbd-0acd41fbcf09;411.43;0.0275;BUY
2016-03-22T00:59:13.313000;2016-03-22T00:59:13.340000;dd0c4d63-e373-4270-bba5-4823e4bd16e8;411.43;0.05;BUY
2016-03-22T00:59:31.607000;2016-03-22T00:59:31.637000;4a91bcd3-2e87-4f59-a0b8-4496938114da;411.42;0.05;BUY
2016-03-22T00:59:31.607000;2016-03-22T00:59:31.637000;724080fd-20e5-4abf-9bcd-c3e672881d1a;411.43;0.061505;BUY
2016-03-22T00:59:31.607000;2016-03-22T00:59:31.653000;7bdbccd3-1bb0-4696-8036-1f56d9071739;411.43;0.05;BUY
2016-03-22T00:59:31.607000;2016-03-22T00:59:31.653000;d336fd79-9ede-4f11-98fa-4407c692305a;411.45;0.02;BUY
2016-03-22T00:59:31.607000;2016-03-22T00:59:31.653000;8ba375c6-2eb1-43c1-ab84-c34a4b8c9bf3;411.47;0.025;BUY
2016-03-22T00:59:31.610000;2016-03-22T00:59:31.653000;ad12c443-9a37-4d9b-853d-0750610f5073;411.47;0.588295;BUY
2016-03-22T01:00:02.703000;2016-03-22T01:00:02.730000;82714a6b-e64d-45bc-9798-ef3faf9dbb7c;411.44;0.05;BUY
2016-03-22T01:00:02.703000;2016-03-22T01:00:02.763000;19477ef3-7800-4d72-94a0-e4510b8c607e;411.45;0.15;BUY
2016-03-22T01:00:02.703000;2016-03-22T01:00:02.763000;23be1b75-8efd-445b-880a-851a33b32086;411.46;0.322;BUY
2016-03-22T01:00:02.703000;2016-03-22T01:00:02.763000;9f9a5916-6888-4cfb-b4ea-4a869859bee9;411.46;0.19989;BUY
2016-03-22T01:00:34.017000;2016-03-22T01:00:34.043000;9e0624c7-e7bf-461c-b045-1e10e0299a58;411.37;0.11938;SELL
2016-03-22T01:01:01.810000;2016-03-22T01:01:01.840000;499a0f4e-e31c-4336-8f01-4ab48bd68f2a;411.46;0.05;BUY
2016-03-22T01:01:01.813000;2016-03-22T01:01:01.840000;13d871dc-82b5-4b8b-92c9-5ff86998a8a8;411.46;0.05;BUY
2016-03-22T01:01:01.813000;2016-03-22T01:01:01.857000;ed1e8026-a9d9-4ef3-95c1-4d689d0104c6;411.48;4.63491;BUY
2016-03-22T01:01:31.677000;2016-03-22T01:01:31.700000;c2cddc4d-7922-4ee4-9bcd-9dc9c9f9efa3;411.5;0.03;BUY
2016-03-22T01:01:31.677000;2016-03-22T01:01:31.730000;3919c18a-947f-40a5-a3f7-f953d94de387;411.5;0.25;BUY
2016-03-22T01:01:31.680000;2016-03-22T01:01:31.730000;6fb7e33c-5921-4039-aea7-b1f1b26ff948;411.54;0.02049;BUY
2016-03-22T01:02:01.290000;2016-03-22T01:02:01.310000;3aae39a3-0f5f-41f7-bb4f-9e0f35258ad5;411.55;0.03;BUY
2016-03-22T01:02:01.290000;2016-03-22T01:02:01.323000;d03f10db-ff7e-4af3-88e3-da2acc57e717;411.56;0.01;BUY
2016-03-22T01:02:01.290000;2016-03-22T01:02:01.323000;453930f1-4403-4dcb-aad5-a03dbf531b47;411.59;0.01;BUY
2016-03-22T01:02:01.290000;2016-03-22T01:02:01.323000;9d5be4bb-188d-4c1a-9f51-0d3635a15d3d;411.6;0.03;BUY
2016-03-22T01:02:01.290000;2016-03-22T01:02:01.323000;3d2115d9-6651-473f-aa99-6c1a9744be9f;411.6;0.25;BUY
2016-03-22T01:02:01.290000;2016-03-22T01:02:01.403000;44adeff6-f63b-4ce4-9f6a-85e53b6825d0;411.6;0.088;BUY
2016-03-22T01:02:01.290000;2016-03-22T01:02:01.417000;f82b4627-05bc-4dd2-99f3-ab6c5accd438;411.62;0.05951;BUY
2016-03-22T01:02:01.290000;2016-03-22T01:02:01.417000;f3c2405e-92ee-4638-892f-d558316af256;411.64;1.08613;BUY
2016-03-22T01:02:29.203000;2016-03-22T01:02:29.213000;0e2da4b1-01ee-4b6d-8f7d-87ee0b808170;411.66;0.04653747;BUY
2016-03-22T01:02:35.203000;2016-03-22T01:02:35.213000;cf16e526-6c87-4204-9a2f-b84ceb9a765b;411.55;0.15;SELL
2016-03-22T01:02:35.203000;2016-03-22T01:02:35.230000;42982c4e-7d07-4a57-a842-2d37f9a8eb22;411.54;0.8;SELL
2016-03-22T01:02:35.203000;2016-03-22T01:02:35.230000;979c3b57-a1f3-48f3-a24f-59742cbc6abf;411.54;0.15;SELL
2016-03-22T01:02:35.203000;2016-03-22T01:02:35.247000;d283b46e-406f-48c8-b607-baa3f42dc454;411.54;0.05;SELL
2016-03-22T01:02:35.203000;2016-03-22T01:02:35.247000;c4db0f6f-08fb-49ee-929d-a4c41036113a;411.52;0.38947;SELL
2016-03-22T01:03:03.300000;2016-03-22T01:03:03.323000;8bb9181d-5924-4d36-97fa-ca9d4266474a;411.67;0.03835;BUY
2016-03-22T01:03:31.723000;2016-03-22T01:03:31.747000;d209c2b5-9f34-4be9-84dd-a30ef214ea9e;411.65;0.113;BUY
2016-03-22T01:03:31.723000;2016-03-22T01:03:31.747000;9fae83b2-f441-4af7-806c-3e3952db954b;411.65;0.15;BUY
2016-03-22T01:03:31.723000;2016-03-22T01:03:31.763000;f558046c-d2b5-495d-94c9-7493d59c0536;411.66;0.283;BUY
2016-03-22T01:03:31.723000;2016-03-22T01:03:31.763000;607cd2b2-e455-49b2-bfdb-30abb37b8750;411.67;0.22614;BUY
2016-03-22T01:04:01.227000;2016-03-22T01:04:02.840000;4a706b14-58ee-41d0-886c-bf7a903542b1;411.65;0.15;BUY
2016-03-22T01:04:01.227000;2016-03-22T01:04:02.857000;8f1ecd89-14c1-4453-bce8-56d5f249ed19;411.66;0.09051;BUY
2016-03-22T01:04:31.280000;2016-03-22T01:04:31.310000;6318509e-186e-4722-a88a-fd91e6eb058e;411.63;0.263;BUY
2016-03-22T01:04:31.283000;2016-03-22T01:04:31.310000;78f684c3-da34-454c-b4df-c534399e3feb;411.63;0.14;BUY
2016-03-22T01:04:31.283000;2016-03-22T01:04:31.310000;bed4ace6-82ab-4672-9726-59e50eb10367;411.66;0.65305;BUY
2016-03-22T01:05:01.660000;2016-03-22T01:05:01.667000;bc10691c-d401-4947-a404-d1e1b22f5dcf;411.65;0.224;BUY
2016-03-22T01:05:01.660000;2016-03-22T01:05:01.700000;3452cc03-b8f4-44ba-b6fd-7b6fd9cb4db5;411.66;0.58996;BUY
2016-03-22T01:05:31.503000;2016-03-22T01:05:31.513000;0f19bd0c-6795-4f4e-a5fb-39b063a80d09;411.66;2.68104;BUY
2016-03-22T01:05:31.503000;2016-03-22T01:05:31.543000;8b70caf8-4399-4926-95c1-6d5632f9b59b;411.66;0.05;BUY
2016-03-22T01:05:31.503000;2016-03-22T01:05:31.543000;4041ace1-1659-4928-bf61-d7ead9f36483;411.66;0.8;BUY
2016-03-22T01:05:31.507000;2016-03-22T01:05:31.543000;1ff0d265-23df-4886-a122-4df47d35eafb;411.67;3.12832;BUY
2016-03-22T01:06:01.673000;2016-03-22T01:06:01.717000;55e39681-2d15-4321-90b0-e78edbf8e34b;411.67;2.199746;BUY
2016-03-22T01:06:01.673000;2016-03-22T01:06:01.733000;09291b66-247b-4de3-98e4-88d00a1862ea;411.7;0.03;BUY
2016-03-22T01:06:01.673000;2016-03-22T01:06:01.733000;a3f81a5d-d953-4fce-9b4f-cd59952e96b5;411.73;0.229;BUY
2016-03-22T01:06:01.673000;2016-03-22T01:06:01.733000;7c7ffcbe-6444-4a9a-bdf7-9c776c7f9ac4;411.75;0.1866;BUY
2016-03-22T01:06:01.673000;2016-03-22T01:06:01.733000;8333291d-6f0a-4165-8b8c-3a4ac548797c;411.76;0.01;BUY
2016-03-22T01:06:01.673000;2016-03-22T01:06:01.747000;aedd86ba-ff86-49f8-835a-fdc8ec7cbeb2;411.78;0.25;BUY
2016-03-22T01:06:01.673000;2016-03-22T01:06:01.747000;b489cd5c-0cbe-47cb-b4a3-ce6a6495be70;411.78;0.216;BUY
2016-03-22T01:06:01.673000;2016-03-22T01:06:01.747000;4639b0ed-f697-4ca5-ab6b-657bbf59f449;411.79;1.0;BUY
2016-03-22T01:06:01.673000;2016-03-22T01:06:01.747000;d3a52d9d-18e7-454d-aa8e-74160863fb9a;411.79;1.1166;BUY
2016-03-22T01:06:01.673000;2016-03-22T01:06:01.747000;73de6d34-0e98-47d9-8f65-2b151a08e02c;411.8;0.03;BUY
2016-03-22T01:06:01.673000;2016-03-22T01:06:01.747000;18c987e7-1bc3-4cdd-b5de-5abba78bbf45;411.8;3.452;BUY
2016-03-22T01:06:01.673000;2016-03-22T01:06:01.763000;0de315a5-4382-4d77-ae00-e10874b9d132;411.83;3.024144;BUY
2016-03-22T01:06:31.440000;2016-03-22T01:06:31.483000;f1b271b4-2d7a-4c93-9465-3a4141c2f4c7;411.77;0.17;BUY
2016-03-22T01:06:31.440000;2016-03-22T01:06:31.497000;12a7f1b8-ee03-4b1c-8860-841f5beb560d;411.77;0.203;BUY
2016-03-22T01:06:31.440000;2016-03-22T01:06:31.497000;e4131505-0643-4427-b2af-53039cb0e0bd;411.79;0.10788;BUY
2016-03-22T01:06:40.983000;2016-03-22T01:06:41.030000;8f96cf13-c187-4649-9f24-f138b492bb5f;411.78;0.1;BUY
2016-03-22T01:07:01.530000;2016-03-22T01:07:01.577000;f3408c66-5dac-498e-83a4-317ec046125f;411.73;0.05;SELL
2016-03-22T01:07:01.530000;2016-03-22T01:07:01.590000;efed2904-891f-4c0d-b399-3f5b5f191b61;411.69;0.121;SELL
2016-03-22T01:07:01.530000;2016-03-22T01:07:01.590000;2bf15eff-6850-4267-add2-0878407f564a;411.67;2.6;SELL
2016-03-22T01:07:01.530000;2016-03-22T01:07:01.590000;4538f1ff-5fe6-47a9-a58a-5d089bc94b47;411.67;0.05;SELL
2016-03-22T01:07:01.530000;2016-03-22T01:07:01.590000;59068392-0c40-4b9e-afcc-63e77725ef16;411.65;0.03;SELL
2016-03-22T01:07:01.533000;2016-03-22T01:07:01.607000;03b46954-7b49-4929-981a-b00401c1b726;411.65;2.15284;SELL
2016-03-22T01:07:31.450000;2016-03-22T01:07:31.497000;3d470052-5c81-48d6-990f-e649681ecf0a;411.72;0.03643;SELL
2016-03-22T01:08:01.370000;2016-03-22T01:08:01.403000;dd56105a-38cd-46cd-be9b-bd05fb294f58;411.8;0.03;BUY
2016-03-22T01:08:01.373000;2016-03-22T01:08:01.437000;b21cdf5c-3f2d-4cf0-ac11-fce2a10fcacf;411.84;0.0902;BUY
2016-03-22T01:08:31.473000;2016-03-22T01:08:31.607000;a2e10ef6-7d95-4441-baa1-bd5ff30f8138;411.84;0.1598;BUY
2016-03-22T01:08:31.473000;2016-03-22T01:08:31.607000;c2bb7d0a-b5c0-40a8-8518-3c0dd704ae1d;411.84;0.242;BUY
2016-03-22T01:08:31.473000;2016-03-22T01:08:31.607000;121453f1-0d39-4a36-8d8f-f41f4e2f3c09;411.84;0.01122;BUY
2016-03-22T01:09:01.603000;2016-03-22T01:09:01.637000;c37b238e-da9e-4bd0-8469-dcc539b12420;411.84;0.23039744;BUY
2016-03-22T01:09:01.603000;2016-03-22T01:09:01.653000;6dff54ae-634b-4842-9967-1452dc84468b;411.85;0.01298256;BUY
2016-03-22T01:09:31.170000;2016-03-22T01:09:31.200000;00681347-3033-4f35-baab-bf9016d11ccd;411.84;0.14357001;SELL
2016-03-22T01:09:31.170000;2016-03-22T01:09:31.217000;d3ee7554-ca44-488c-af57-631b68f0cb74;411.84;0.117;SELL
2016-03-22T01:09:31.170000;2016-03-22T01:09:31.217000;1e9838fe-8eec-4103-b390-4abd7e1e8e4f;411.83;0.15;SELL
2016-03-22T01:09:31.170000;2016-03-22T01:09:31.217000;69c60eeb-af51-4f32-8555-82e53f8b3ba9;411.83;0.05;SELL
2016-03-22T01:09:31.170000;2016-03-22T01:09:31.217000;d48bc672-c0ca-4aba-8c1f-506176a88e0a;411.82;0.85108999;SELL
2016-03-22T01:10:01.850000;2016-03-22T01:10:01.887000;b640da37-4159-497c-ba46-a87fca4e781d;411.85;0.01701744;BUY
2016-03-22T01:10:01.850000;2016-03-22T01:10:01.887000;a4530d15-a42b-4eba-92e4-f56c927e0e6c;411.9;0.03;BUY
2016-03-22T01:10:01.850000;2016-03-22T01:10:01.903000;bfe4c6d3-28f0-43ca-a31f-01183894f543;411.92;0.01;BUY
2016-03-22T01:10:01.850000;2016-03-22T01:10:01.903000;ef058727-5083-4239-b976-ab572d5ddc1d;411.95;0.03;BUY
2016-03-22T01:10:01.853000;2016-03-22T01:10:01.903000;9e880b35-bc90-4d6b-9d6f-85cc6d1b57cc;411.97;0.15;BUY
2016-03-22T01:10:01.853000;2016-03-22T01:10:01.903000;89eeec40-7c89-4994-86b4-641831828c25;411.97;0.085;BUY
2016-03-22T01:10:01.853000;2016-03-22T01:10:01.903000;ae337b77-079c-4303-a101-d66b24011b9a;411.98;0.02278256;BUY
2016-03-22T01:10:06.280000;2016-03-22T01:10:06.327000;21c54c6a-d429-4ff3-9d6f-d2cde13d5ebd;411.85;0.01;SELL
2016-03-22T01:10:09.423000;2016-03-22T01:10:09.467000;7222346e-0943-4eb4-b224-b4966e3242ac;411.85;0.2;SELL
2016-03-22T01:10:09.423000;2016-03-22T01:10:09.467000;3d661914-b69f-4ca6-8b3f-9e38d89aba32;411.84;0.15;SELL
2016-03-22T01:10:09.423000;2016-03-22T01:10:09.467000;ba8649e5-c5be-4857-8ddf-bc6c72719010;411.84;0.2;SELL
2016-03-22T01:10:09.423000;2016-03-22T01:10:09.467000;e58fa902-2971-42e5-b16c-f398d22c183e;411.84;0.15;SELL
2016-03-22T01:10:09.423000;2016-03-22T01:10:09.497000;aa8c0dc7-acdb-4bf3-aeba-2443e4247f40;411.83;0.8;SELL
2016-03-22T01:10:09.423000;2016-03-22T01:10:09.513000;2681798b-d0f2-4680-803e-ede32ee9e6ba;411.81;2.2;SELL
2016-03-22T01:10:09.427000;2016-03-22T01:10:09.530000;6387ce2c-0e32-4eac-bcd8-ddc6e4837a1a;411.8;0.03;SELL
2016-03-22T01:10:09.427000;2016-03-22T01:10:09.530000;ea4f50fb-9792-480c-a4dc-3af2f4f785b4;411.8;7.28698;SELL
2016-03-22T01:10:09.427000;2016-03-22T01:10:09.530000;c9628ea2-a9c0-46d2-89aa-7f6f4268eb9e;411.79;0.447;SELL
2016-03-22T01:10:09.427000;2016-03-22T01:10:09.530000;f092f910-d0b7-401c-baf9-d6391bb0aa60;411.75;0.0115;SELL
2016-03-22T01:10:09.427000;2016-03-22T01:10:09.530000;23dfe438-6369-48d1-a989-36576c5de2d8;411.75;0.03;SELL
2016-03-22T01:10:31.757000;2016-03-22T01:10:31.810000;4ca289dc-c143-429c-bba7-1136a4919407;411.88;0.15;BUY
2016-03-22T01:10:31.757000;2016-03-22T01:10:31.810000;82d6b681-41df-41b6-9d97-c3f7104eb150;411.89;0.05;BUY
2016-03-22T01:10:31.757000;2016-03-22T01:10:31.810000;2c8efdff-8803-404f-b86a-3b3f5c3087b3;411.89;1.14573;BUY
2016-03-22T01:10:36.117000;2016-03-22T01:10:36.153000;b30bae52-96bd-470f-afd4-13587843edf3;411.72;0.01;SELL
2016-03-22T01:10:36.117000;2016-03-22T01:10:36.153000;028ed2fc-d6ab-43c0-b547-ee8e2e7a4df5;411.7;0.03;SELL
2016-03-22T01:10:36.117000;2016-03-22T01:10:36.153000;2e1208c6-a430-4036-b2d0-e618c98cc132;411.69;0.03;SELL
2016-03-22T01:11:31.557000;2016-03-22T01:11:31.590000;b2fa6b49-e324-4639-a1e4-0aeb4f4f032e;411.65;0.03;SELL
2016-03-22T01:11:31.557000;2016-03-22T01:11:31.607000;8510a392-6ae9-4b48-8fd6-71a5f2e55faf;411.6;0.03;SELL
2016-03-22T01:11:31.557000;2016-03-22T01:11:31.607000;d3924de5-dbe4-49e6-b55e-3e31a0507703;411.6;0.25;SELL
2016-03-22T01:11:31.557000;2016-03-22T01:11:31.607000;e0059646-e929-4f87-a791-a0a50444e419;411.6;0.128;SELL
2016-03-22T01:11:31.557000;2016-03-22T01:11:31.623000;1b4d94cc-a7cb-4f14-a9c1-52607b716356;411.57;0.25;SELL
2016-03-22T01:11:31.557000;2016-03-22T01:11:31.623000;d38a9f04-f4f7-42b8-bb81-48a0cbc70424;411.55;0.03;SELL
2016-03-22T01:11:31.557000;2016-03-22T01:11:31.623000;2169231b-e294-4f75-b5cd-af77f4d86f7e;411.55;0.128;SELL
2016-03-22T01:11:31.557000;2016-03-22T01:11:31.623000;ebe01223-2aad-4e97-b795-892adb628b14;411.54;0.25;SELL
2016-03-22T01:11:31.557000;2016-03-22T01:11:31.623000;c188f005-acba-4b46-9d86-8018cc3c4e4d;411.51;0.15;SELL
2016-03-22T01:11:31.557000;2016-03-22T01:11:31.640000;8935d9b4-690b-4e33-8dd2-772538c306f4;411.5;0.03;SELL
2016-03-22T01:11:31.557000;2016-03-22T01:11:31.640000;d0a04ca5-fa1b-48d2-ad40-8e5a3388a3c4;411.5;0.079;SELL
2016-03-22T01:11:31.557000;2016-03-22T01:11:31.640000;52942075-dfc1-40d2-a929-18e317dea109;411.47;0.01;SELL
2016-03-22T01:11:31.557000;2016-03-22T01:11:31.640000;bdfebe0d-0bc1-411b-9563-2dd618c5eabd;411.45;0.03;SELL
2016-03-22T01:11:31.557000;2016-03-22T01:11:31.700000;0f22419e-4ac0-40b7-9473-91ba626ad743;411.45;0.105;SELL
2016-03-22T01:11:31.560000;2016-03-22T01:11:31.700000;7281eb4c-a013-4764-bb64-bc7f9f69a074;411.45;0.25;SELL
2016-03-22T01:11:31.560000;2016-03-22T01:11:31.700000;58f5f219-6b8b-4280-9d66-ccad87fd2373;411.43;0.4;SELL
2016-03-22T01:11:31.560000;2016-03-22T01:11:31.700000;2f54f6e1-a35d-425d-ac78-4227aa51ce76;411.42;1.0;SELL
2016-03-22T01:11:31.560000;2016-03-22T01:11:31.700000;03b8ab9d-ea08-4acc-99ff-f5284b7cbce8;411.41;0.3737;SELL
2016-03-22T01:11:34.347000;2016-03-22T01:11:34.373000;334d3749-2289-43df-9180-7824ff01588f;411.57;0.24;BUY
2016-03-22T01:12:01.410000;2016-03-22T01:12:01.437000;7952c972-e6ca-4d10-9f8e-f1b1586f208b;411.4;0.03;SELL
2016-03-22T01:12:01.410000;2016-03-22T01:12:01.450000;a9853061-6736-48c5-87d4-f6898bb38748;411.4;0.097;SELL
2016-03-22T01:12:01.410000;2016-03-22T01:12:01.467000;b69fb7f0-e4c7-4d37-9310-4fae562413c8;411.36;0.13114;SELL
2016-03-22T01:12:31.187000;2016-03-22T01:12:31.217000;a6a82b59-5c03-41ff-8f87-e80d22dfcebf;411.46;0.05531;BUY
2016-03-22T01:13:01.297000;2016-03-22T01:13:01.327000;383dbe2a-a0b9-4700-9e3d-23ae9424e1bc;411.47;0.23793619;BUY
2016-03-22T01:13:01.297000;2016-03-22T01:13:01.340000;f18e4ab0-3467-45b0-9c29-652cf7e5a8e7;411.47;0.05;BUY
2016-03-22T01:13:01.297000;2016-03-22T01:13:01.340000;3b39a485-0e2f-44fa-811b-5485e039ca0e;411.48;1.42051381;BUY
2016-03-22T01:13:31.310000;2016-03-22T01:13:31.327000;f59ab7f7-1a5c-46d3-a4e7-401f857dab76;411.49;0.15;BUY
2016-03-22T01:13:31.310000;2016-03-22T01:13:31.357000;70a7755f-3252-4e15-92e1-f6564ad0134e;411.5;0.0906;BUY
2016-03-22T01:14:01.517000;2016-03-22T01:14:01.543000;7d2cd6e3-8632-44be-a65c-40674ab4793e;411.55;0.03;BUY
2016-03-22T01:14:01.517000;2016-03-22T01:14:01.560000;916d1b1b-c9d4-43a2-8d05-065faffc178a;411.6;0.03;BUY
2016-03-22T01:14:01.517000;2016-03-22T01:14:01.560000;506404ae-d320-47c8-8251-4dc8f65be46c;411.61;0.94;BUY
2016-03-22T01:14:36.420000;2016-03-22T01:14:36.437000;69427713-f6a9-45d8-b3d3-0684c5c52a96;411.52;0.1;BUY
2016-03-22T01:14:36.420000;2016-03-22T01:14:36.450000;d9a5ac4b-34b1-4604-a1be-49dbbd01f608;411.52;0.24;BUY
2016-03-22T01:14:36.420000;2016-03-22T01:14:36.450000;bc209157-9a01-4799-be4a-fe761461cd65;411.55;2.19574;BUY
2016-03-22T01:15:31.303000;2016-03-22T01:15:31.327000;df8723dc-8703-47cc-8b53-d0719089f609;411.62;0.12116;BUY
2016-03-22T01:16:04.270000;2016-03-22T01:16:04.293000;2fe328e3-85b1-4f21-b4a3-1b392b2f0a56;411.62;0.11942;BUY
2016-03-22T01:16:32.790000;2016-03-22T01:16:32.810000;a154b0b2-01c9-4c3f-9aa3-7b9b44e982a9;411.62;0.00942;BUY
2016-03-22T01:16:32.790000;2016-03-22T01:16:32.810000;99490921-46b9-4c8b-b70a-799bfb182e1c;411.62;0.1;BUY
2016-03-22T01:16:32.790000;2016-03-22T01:16:32.810000;e02975c3-cc12-437b-a368-a867febdd2e7;411.65;0.03;BUY
2016-03-22T01:16:32.790000;2016-03-22T01:16:32.810000;3002922c-cc9d-41b8-a949-031b9cecd439;411.66;2.32;BUY
2016-03-22T01:18:01.490000;2016-03-22T01:18:01.497000;81ca3cb9-5c95-40df-9164-cceaf0ff7acb;411.7;0.01;BUY
2016-03-22T01:18:01.490000;2016-03-22T01:18:01.513000;28b14687-ffd7-4267-af6a-35560c6bccc3;411.7;0.03;BUY
2016-03-22T01:18:01.490000;2016-03-22T01:18:01.513000;ab7aa5ef-80f7-4384-adc4-4c27fcb16c85;411.75;0.03;BUY
2016-03-22T01:18:01.493000;2016-03-22T01:18:01.513000;cc4c2bab-1861-4c77-86ba-b6d165f0fa80;411.75;0.01;BUY
2016-03-22T01:18:01.493000;2016-03-22T01:18:01.513000;9c08406c-526a-40fd-be9d-92699f4e567e;411.78;0.07033;BUY
2016-03-22T01:18:11.883000;2016-03-22T01:18:11.903000;8a4c5110-4ea4-48be-80a2-fbbc19ff26be;411.78;0.0562;BUY
2016-03-22T01:19:08.423000;2016-03-22T01:19:08.437000;b60ef068-01d0-4269-a8b8-d50e74e17d55;411.69;0.1;SELL
2016-03-22T01:19:08.423000;2016-03-22T01:19:08.450000;012b3b00-9506-4562-b267-8c2f553110eb;411.69;0.123;SELL
2016-03-22T01:19:08.423000;2016-03-22T01:19:08.450000;54fae890-dfee-4879-bc09-0fdfc42e814b;411.69;0.05;SELL
2016-03-22T01:19:08.423000;2016-03-22T01:19:08.450000;01d858a4-1077-4238-8bd9-37349a997b56;411.69;0.15;SELL
2016-03-22T01:19:08.423000;2016-03-22T01:19:08.450000;9948e93d-35e5-45aa-93e6-d9bb77fa8b4b;411.68;0.1518;SELL
2016-03-22T01:19:33.910000;2016-03-22T01:19:33.920000;b2705a24-b8d8-49c0-9063-d2b2b8c58a13;411.69;0.13715;SELL
2016-03-22T01:20:01.880000;2016-03-22T01:20:01.890000;cdb31be4-386e-4fa8-8212-0ee718780e0f;411.66;0.28995;BUY
2016-03-22T01:21:05.490000;2016-03-22T01:21:05.547000;1bdeb626-f01d-4fad-86ce-f0d767552be0;411.6;0.03;SELL
2016-03-22T01:21:05.490000;2016-03-22T01:21:05.560000;3bb4cc09-be5a-44ec-97a4-cccb9c9a710a;411.55;0.03;SELL
2016-03-22T01:21:05.490000;2016-03-22T01:21:05.560000;165b68b3-17da-4f82-b631-24e8019b8cc5;411.55;0.072;SELL
2016-03-22T01:21:05.490000;2016-03-22T01:21:05.560000;69fe1be8-445c-492d-bd32-45baad2cd139;411.54;0.01;SELL
2016-03-22T01:21:05.490000;2016-03-22T01:21:05.560000;29fc4ce2-23c9-417b-9516-740e28a9905c;411.54;0.25;SELL
2016-03-22T01:21:05.490000;2016-03-22T01:21:05.657000;ab68be57-eee7-47b3-b6ea-49fb5c9d0e83;411.54;0.25;SELL
2016-03-22T01:21:05.490000;2016-03-22T01:21:05.657000;d4346a1b-d0c4-4161-a4f9-69e8f6b8f438;411.51;4.90529;SELL
2016-03-22T01:21:07.860000;2016-03-22T01:21:07.920000;102948b9-3f8b-4d53-a82a-40e8c6107d6f;411.5;0.03;SELL
2016-03-22T01:21:07.860000;2016-03-22T01:21:07.937000;c5ee30e0-30e0-4853-be44-30997b4e9e98;411.45;0.02395;SELL
2016-03-22T01:21:08.160000;2016-03-22T01:21:08.217000;f81ee828-d1e9-426c-bc24-7e7b2b3a4545;411.45;0.00605;SELL
2016-03-22T01:21:08.160000;2016-03-22T01:21:08.217000;52ae72e0-4482-4866-86bc-c87b880c2a1f;411.43;0.03762;SELL
2016-03-22T01:21:08.290000;2016-03-22T01:21:08.343000;121eaf57-7f76-46be-88f0-7e5cd4e6a02d;411.43;0.03538;SELL
2016-03-22T01:21:08.290000;2016-03-22T01:21:08.343000;106960b8-1354-401d-851e-979d0bb970e5;411.4;0.01662;SELL
2016-03-22T01:21:08.493000;2016-03-22T01:21:08.547000;79f1740e-8dc3-475f-a3a6-60ed6ad2b4cf;411.4;0.01338;SELL
2016-03-22T01:21:08.493000;2016-03-22T01:21:08.577000;f8de80f8-819c-4572-92ca-421dba58205e;411.38;0.04162;SELL
2016-03-22T01:21:08.503000;2016-03-22T01:21:08.577000;3e2aa6b8-49b3-4efd-a3df-78f0de4db788;411.38;0.0221;SELL
2016-03-22T01:21:08.663000;2016-03-22T01:21:08.717000;2df4ff35-4c9e-4ffd-a5f5-1648af1e5ab0;411.38;0.1006;SELL
2016-03-22T01:21:31.543000;2016-03-22T01:21:31.610000;a7b36582-8680-4e23-996b-6ffc989145cb;411.54;0.11796;BUY
2016-03-22T01:21:48.257000;2016-03-22T01:21:48.297000;e6699678-f51e-43d0-b788-9e56110c7337;411.42;0.407;SELL
2016-03-22T01:21:48.257000;2016-03-22T01:21:48.310000;9b220547-6129-4c40-a91f-5ca4abeb6391;411.41;7.233;SELL
2016-03-22T01:22:04.573000;2016-03-22T01:22:04.623000;873c7bc4-da04-4dc9-b9c7-c1b54dd15725;411.41;0.36826;SELL
2016-03-22T01:22:31.407000;2016-03-22T01:22:31.453000;b5052f92-9b40-42c8-a062-efd833a97d40;411.39;0.04493;BUY
2016-03-22T01:23:02.413000;2016-03-22T01:23:02.467000;c9069888-a56d-4ff1-96b6-69d0a909dc4e;411.39;0.24067;BUY
2016-03-22T01:23:14.797000;2016-03-22T01:23:14.843000;d1059689-2e9a-4724-ad70-e1057bb01f3d;411.38;0.08568;SELL
2016-03-22T01:23:14.797000;2016-03-22T01:23:14.860000;7a9538ce-248e-4a85-8755-d129e363af6d;411.36;0.11886;SELL
2016-03-22T01:23:14.797000;2016-03-22T01:23:14.860000;1ab99c33-1a41-462f-8aed-cfb4205e6b1c;411.35;0.01606168;SELL
2016-03-22T01:23:31.500000;2016-03-22T01:23:31.547000;5f8135a8-3cf4-48a7-b5f8-275df56644f2;411.36;0.09626;BUY
2016-03-22T01:24:01.487000;2016-03-22T01:24:01.530000;7708ce6e-8e74-4ee3-b6bc-3c5c0ec6aac0;411.36;0.9911;BUY
2016-03-22T01:24:31.547000;2016-03-22T01:24:31.593000;fce3534f-6b22-4b6d-a738-5f927948eb64;411.36;0.15;BUY
2016-03-22T01:24:31.550000;2016-03-22T01:24:31.610000;9c62a320-c371-47fb-b732-ca617a18714b;411.36;0.05;BUY
2016-03-22T01:24:31.550000;2016-03-22T01:24:31.610000;ef7d39b9-3f5f-4eff-b77e-ccf3ef080355;411.36;0.16536;BUY
2016-03-22T01:25:01.390000;2016-03-22T01:25:01.437000;8d8f5eec-0022-4726-82f5-39fa2a75d94a;411.35;0.01393832;SELL
2016-03-22T01:25:01.390000;2016-03-22T01:25:01.453000;12d04a9e-03b6-4fa7-817d-fec693cedb44;411.33;0.01;SELL
2016-03-22T01:25:01.390000;2016-03-22T01:25:01.453000;199390bf-cbee-4138-ac0e-4fe47f356edc;411.29;0.03389168;SELL
2016-03-22T01:25:31.913000;2016-03-22T01:25:31.953000;468142de-f213-4215-bfc1-033527140edb;411.28;0.2;BUY
2016-03-22T01:25:31.913000;2016-03-22T01:25:31.967000;b83dce44-0849-43ae-9d73-d34db0ee4cee;411.36;0.2;BUY
2016-03-22T01:25:31.913000;2016-03-22T01:25:31.967000;af99800e-af66-4548-ba5e-a8359a36b4b9;411.36;0.175;BUY
2016-03-22T01:25:32.770000;2016-03-22T01:25:32.843000;81c99d1c-ef18-42aa-b5bf-fd27c505e35c;411.35;0.0175;BUY
2016-03-22T01:25:48.120000;2016-03-22T01:25:48.157000;2bd7ab8a-8138-476e-9987-7f8e6c404c96;411.35;0.035;BUY
2016-03-22T01:26:02.327000;2016-03-22T01:26:02.373000;55109c0d-f63d-444f-b3b5-6c5d628139cc;411.35;0.25;BUY
2016-03-22T01:26:02.330000;2016-03-22T01:26:02.390000;9ad2e280-2d3b-4bfa-9e76-4aa8cc436c37;411.36;0.242;BUY
2016-03-22T01:26:02.330000;2016-03-22T01:26:02.390000;ec1287b9-27c4-4840-b5a3-e757d7316570;411.36;0.242;BUY
2016-03-22T01:26:02.330000;2016-03-22T01:26:02.390000;a10d6f50-6550-492b-b171-810af6bb25d1;411.36;0.484;BUY
2016-03-22T01:26:02.330000;2016-03-22T01:26:02.390000;58e60a0f-9c30-4e4c-81ef-7c5b85eaa4c7;411.36;0.242;BUY
2016-03-22T01:26:02.330000;2016-03-22T01:26:02.407000;ae23789f-0732-4913-8db0-309576fdf031;411.36;0.24200001;BUY
2016-03-22T01:26:02.330000;2016-03-22T01:26:02.407000;83bc9a94-eec1-4c9c-8286-3753373a86c8;411.36;0.242;BUY
2016-03-22T01:26:02.330000;2016-03-22T01:26:02.407000;c5b2ccd5-555b-49b4-a5c3-a2eeafaa05a6;411.36;0.242;BUY
2016-03-22T01:26:02.330000;2016-03-22T01:26:02.407000;e049ae79-0c9e-4f64-9a06-9c36351abe8c;411.36;0.242;BUY
2016-03-22T01:26:02.330000;2016-03-22T01:26:02.420000;5d65c5e3-95e7-4a87-b0f6-3769f949d450;411.36;0.16717999;BUY
2016-03-22T01:26:31.407000;2016-03-22T01:26:31.437000;5c83f24c-27f8-4457-97af-523de1d86cf5;411.27;0.025;SELL
2016-03-22T01:26:31.407000;2016-03-22T01:26:31.453000;9541b4b6-68fc-4037-80a1-b42fcb15da12;411.27;0.078;SELL
2016-03-22T01:26:31.407000;2016-03-22T01:26:31.453000;c2f486c6-f69e-4c10-a17d-f7826d9d3272;411.25;0.0115;SELL
2016-03-22T01:26:31.407000;2016-03-22T01:26:31.513000;c9dee84c-f98a-40f4-b8f4-1b53167018c9;411.23;0.25;SELL
2016-03-22T01:26:31.407000;2016-03-22T01:26:31.530000;5db88d93-29ad-443e-b012-0483d1e91c57;411.22;0.05;SELL
2016-03-22T01:26:31.407000;2016-03-22T01:26:31.530000;91b76a2a-d9ff-418b-b1ae-91af654c5749;411.22;0.07302;SELL
2016-03-22T01:27:09.057000;2016-03-22T01:27:09.093000;9d446338-abb7-4211-a0f5-2efd0a5975f4;411.23;0.5317;BUY
2016-03-22T01:27:31.390000;2016-03-22T01:27:31.420000;58feb9a2-2f8f-491c-9d83-9221eae692fc;411.23;1.03863;BUY
2016-03-22T01:28:03.450000;2016-03-22T01:28:03.483000;6d4adfe0-3948-47c0-a04c-d61bcb8e49b9;411.23;1.69067;BUY
2016-03-22T01:28:03.450000;2016-03-22T01:28:03.500000;735ec86b-0dfa-4fa1-8162-750397f3f434;411.23;0.07482;BUY
2016-03-22T01:28:03.450000;2016-03-22T01:28:03.500000;b47baddb-2b2d-495b-abbf-ae570414c0ea;411.23;0.242;BUY
2016-03-22T01:28:03.450000;2016-03-22T01:28:03.500000;19280181-e2fb-4520-ac5e-be6f0149a085;411.23;0.242;BUY
2016-03-22T01:28:03.450000;2016-03-22T01:28:03.500000;78a210dc-dc07-4a42-b6d0-275224ced6c9;411.23;0.18577;BUY
2016-03-22T01:28:16.703000;2016-03-22T01:28:16.733000;ea142bdc-4088-4738-9f95-8b41f929c9f8;411.22;0.01;SELL
2016-03-22T01:28:31.267000;2016-03-22T01:28:31.297000;f5feb003-9bbc-4cf3-96c3-0ef92ea6e9b4;411.23;0.05623;BUY
2016-03-22T01:28:31.267000;2016-03-22T01:28:31.313000;0a019f0a-4f6f-44ed-99e3-f912f81ec44a;411.23;0.14471;BUY
2016-03-22T01:28:57.113000;2016-03-22T01:28:57.140000;e3587b57-22de-4de4-a3ea-5e1240a37ebf;411.23;0.015;BUY
2016-03-22T01:29:05.257000;2016-03-22T01:29:05.280000;fe8349f6-92d3-472d-8e30-8d76a3628f0d;411.23;0.08229;BUY
2016-03-22T01:29:05.257000;2016-03-22T01:29:05.313000;e1c1b45b-36bb-4e0a-a641-c973101cecb8;411.23;0.242;BUY
2016-03-22T01:29:05.257000;2016-03-22T01:29:05.313000;7002cfe0-eb85-4189-bc42-8822ac0efce1;411.23;0.242;BUY
2016-03-22T01:29:05.257000;2016-03-22T01:29:05.313000;8ef30cd9-b0b9-4aba-a1a5-63268da91763;411.23;0.242;BUY
2016-03-22T01:29:05.257000;2016-03-22T01:29:05.313000;f711284e-6284-4aec-affb-d3a00a1176c8;411.23;0.242;BUY
2016-03-22T01:29:05.257000;2016-03-22T01:29:05.327000;83ad3cdd-ab2f-4d87-abd2-ab8f04ec63ef;411.23;0.242;BUY
2016-03-22T01:29:05.257000;2016-03-22T01:29:05.327000;bdcc17e0-b6c4-44c1-9c16-21a6559a52c6;411.23;0.242;BUY
2016-03-22T01:29:05.257000;2016-03-22T01:29:05.327000;ee1b8279-278a-422c-a503-ba82895aae49;411.23;0.242;BUY
2016-03-22T01:29:05.257000;2016-03-22T01:29:05.327000;0020e4c6-1a41-4fda-a3c6-5c4082e72b0b;411.23;0.1528;BUY
2016-03-22T01:29:29.797000;2016-03-22T01:29:29.827000;071c7264-7ab6-4855-8529-04e691b1e7c4;411.22;0.405;SELL
2016-03-22T01:29:29.797000;2016-03-22T01:29:29.843000;18201c31-94d2-4437-bb73-943753a09fc9;411.21;0.025;SELL
2016-03-22T01:29:29.797000;2016-03-22T01:29:29.843000;377c9243-5a8c-42d2-aa88-393b397f012b;411.21;2.55934168;SELL
2016-03-22T01:29:31.623000;2016-03-22T01:29:31.657000;59ff7ce1-40dc-447d-96d6-51b017492c95;411.21;0.05297;SELL
2016-03-22T01:30:01.483000;2016-03-22T01:30:01.517000;df158f95-a585-4796-881a-d41746628158;411.23;0.0892;BUY
2016-03-22T01:30:01.483000;2016-03-22T01:30:01.530000;b721fbd3-9f72-4efb-8875-f95b208d0334;411.23;0.06368;BUY
2016-03-22T01:30:21.137000;2016-03-22T01:30:21.170000;3aa3ef65-d221-47fd-873c-2e2a2da10d30;411.22;0.2;BUY
2016-03-22T01:30:21.140000;2016-03-22T01:30:21.187000;06a40ea7-b9b3-4097-a0d0-07d888ffadb0;411.22;0.242;BUY
2016-03-22T01:30:21.140000;2016-03-22T01:30:21.187000;447f2f1c-8928-4484-bd55-7267cd97c50b;411.22;0.242;BUY
2016-03-22T01:30:21.140000;2016-03-22T01:30:21.187000;2121675e-d9e1-4491-85c7-ec0e7fccd2c2;411.22;0.067;BUY
2016-03-22T01:30:21.140000;2016-03-22T01:30:21.187000;6357e257-3059-4c67-b279-a8da4cc13154;411.22;0.242;BUY
2016-03-22T01:30:21.140000;2016-03-22T01:30:21.187000;a66eb050-cf7a-4ad2-a84b-6777d77d28dd;411.22;0.242;BUY
2016-03-22T01:30:21.140000;2016-03-22T01:30:21.203000;9d134e48-b4b4-4135-b0c8-ead38f9bf87d;411.22;0.242;BUY
2016-03-22T01:30:21.140000;2016-03-22T01:30:21.203000;861fa05e-2fa3-4f44-8266-e74560f40ed8;411.22;0.242;BUY
2016-03-22T01:30:21.140000;2016-03-22T01:30:21.203000;3591117e-777c-4bbe-a7d3-4d19662a1be8;411.22;0.17831999;BUY
2016-03-22T01:30:21.140000;2016-03-22T01:30:21.203000;180432b6-b893-41e0-8915-d2f4eb27fddd;411.22;0.242;BUY
2016-03-22T01:30:21.140000;2016-03-22T01:30:21.217000;d78eabbe-f35d-4bc9-bbbd-d34b2e8fde32;411.22;0.242;BUY
2016-03-22T01:30:21.140000;2016-03-22T01:30:21.217000;dcd49641-c07a-4105-a253-8b109da68709;411.22;0.242;BUY
2016-03-22T01:30:21.140000;2016-03-22T01:30:21.217000;903060a9-cedf-4ab9-8535-a9762dd37700;411.22;7.26851;BUY
2016-03-22T01:30:21.140000;2016-03-22T01:30:21.217000;80107cc8-5773-4e04-8c78-61375c1e65b5;411.22;0.05;BUY
2016-03-22T01:30:21.140000;2016-03-22T01:30:21.233000;f48cc450-6c49-4e84-976c-13c19ab53194;411.23;0.2;BUY
2016-03-22T01:30:21.140000;2016-03-22T01:30:21.233000;70146ff8-d4ac-4ec1-8810-9840ea57d5ce;411.23;1.571;BUY
2016-03-22T01:30:32.797000;2016-03-22T01:30:32.827000;3053e4ac-9e2e-44ea-a746-3268ae3fae72;411.33;0.25;BUY
2016-03-22T01:30:32.797000;2016-03-22T01:30:32.827000;8e36ed1f-24c3-4b95-ade9-c86649a2186e;411.33;0.05;BUY
2016-03-22T01:30:32.797000;2016-03-22T01:30:32.827000;08731e25-ae35-4876-a931-78417ba4eeb5;411.34;0.08764;BUY
2016-03-22T01:31:04.273000;2016-03-22T01:31:04.297000;1f0fc4a3-b073-47e8-827b-c4bea106cb4e;411.21;0.38768832;SELL
2016-03-22T01:31:04.273000;2016-03-22T01:31:04.313000;a9cda691-1ea6-454f-b171-a3a3ce134270;411.21;0.165;SELL
2016-03-22T01:31:04.273000;2016-03-22T01:31:04.313000;bde68c66-c888-4271-92d7-6c627779c041;411.2;0.02574168;SELL
2016-03-22T01:31:31.413000;2016-03-22T01:31:31.437000;c74b229f-a39e-4eb3-ab7d-025c0cc6a983;411.21;0.162;BUY
2016-03-22T01:31:31.413000;2016-03-22T01:31:31.467000;bcc7bab4-d745-4a98-88d4-3c234f70afc6;411.24;0.31941;BUY
2016-03-22T01:32:02.850000;2016-03-22T01:32:02.873000;c9cc8f75-0e7f-4cfb-8b55-9eb776980022;411.24;6.93974;BUY
2016-03-22T01:32:02.850000;2016-03-22T01:32:02.873000;ed8d43d1-9322-429c-bd0e-64ad64761c55;411.28;0.23929;BUY
2016-03-22T01:32:15.400000;2016-03-22T01:32:15.420000;ffcd5525-6ee6-4731-937f-d8543d871f90;411.28;0.15;SELL
2016-03-22T01:32:15.400000;2016-03-22T01:32:15.437000;f26ddc4a-1a97-4bfa-952a-391a80a61156;411.28;0.05;SELL
2016-03-22T01:32:31.687000;2016-03-22T01:32:31.703000;7e2bd6b9-39a0-451c-a1db-0f02248ec52e;411.32;0.389;SELL
2016-03-22T01:32:31.687000;2016-03-22T01:32:31.717000;a8f93541-a8ff-4488-9a39-40758844db07;411.32;0.05;SELL
2016-03-22T01:32:31.687000;2016-03-22T01:32:31.717000;856f1042-93b5-45c6-b737-4fc8365c0846;411.31;7.29536;SELL
2016-03-22T01:32:31.687000;2016-03-22T01:32:31.717000;9fef24e8-e910-4642-8197-e0b7f28170ba;411.25;0.369;SELL
2016-03-22T01:32:31.687000;2016-03-22T01:32:31.750000;671a3fc2-e69c-4d8f-9b5c-9f7e8164c3c1;411.21;0.4;SELL
2016-03-22T01:32:31.687000;2016-03-22T01:32:31.750000;75c4d21c-7776-43ff-9063-120c4b91b763;411.2;0.22425832;SELL
2016-03-22T01:32:31.687000;2016-03-22T01:32:31.750000;76fb2f0a-c3a2-444d-a32a-7a2194d41f9e;411.2;0.383;SELL
2016-03-22T01:32:31.687000;2016-03-22T01:32:31.780000;78769a22-5049-4f46-aa50-aa89240aa355;411.2;0.6;SELL
2016-03-22T01:32:31.687000;2016-03-22T01:32:31.780000;9f05868e-9585-4fe3-bd43-4b3f73265855;411.19;0.25;SELL
2016-03-22T01:32:31.687000;2016-03-22T01:32:31.780000;d2e2cc2e-17fd-4ee0-b384-5bf9a6cd5d08;411.19;0.90792168;SELL
2016-03-22T01:33:02.840000;2016-03-22T01:33:02.873000;714476f7-ee3c-4ecb-87b2-8322b8315c98;411.34;0.16236;BUY
2016-03-22T01:33:02.840000;2016-03-22T01:33:02.873000;a2f11a89-5e90-4bc9-b239-59883c6cd656;411.37;0.15;BUY
2016-03-22T01:33:02.840000;2016-03-22T01:33:02.873000;579b4b5b-436e-41b5-ae00-8269ba7740d3;411.38;1.11853;BUY
2016-03-22T01:33:31.487000;2016-03-22T01:33:31.500000;b52f3f79-a830-47e2-9513-140f4304d461;411.38;0.358;BUY
2016-03-22T01:33:31.487000;2016-03-22T01:33:31.530000;79119f95-6ef9-44d6-a31d-c483c58d960f;411.38;0.05;BUY
2016-03-22T01:33:31.487000;2016-03-22T01:33:31.530000;f221d3cf-12f7-4a90-b192-152224279428;411.39;1.10738;BUY
2016-03-22T01:34:01.373000;2016-03-22T01:34:01.390000;5a589f68-103a-49a7-b222-f2d5c0cd61dc;411.26;0.25;SELL
2016-03-22T01:34:01.373000;2016-03-22T01:34:01.407000;41f8acb2-306c-4e8e-b54b-d3725d317407;411.23;0.15;SELL
2016-03-22T01:34:01.377000;2016-03-22T01:34:01.407000;a1e6e3f3-2cc6-41f1-ab04-7bd9e83fdad4;411.23;0.05;SELL
2016-03-22T01:34:01.377000;2016-03-22T01:34:01.407000;2a3ab7a7-df37-4471-ab51-e309a4e8702e;411.22;0.34731;SELL
2016-03-22T01:34:13.267000;2016-03-22T01:34:13.280000;d5be155b-f6f3-4150-a340-69fef56809ce;411.32;0.02838;BUY
2016-03-22T01:34:13.540000;2016-03-22T01:34:13.577000;cbd8ae23-756b-459f-953f-f34b44619480;411.32;0.0325;BUY
2016-03-22T01:35:02.960000;2016-03-22T01:35:03.017000;bf29fecd-1934-4eca-8b50-d79923ebea00;411.32;0.22369;BUY
2016-03-22T01:35:32.553000;2016-03-22T01:35:32.577000;a75fd58c-9cf5-4773-8c97-0da5b5efe8af;411.28;0.01;BUY
2016-03-22T01:35:32.553000;2016-03-22T01:35:32.593000;6f52a018-eb7b-4b88-8729-b294ddebe308;411.4;0.15;BUY
2016-03-22T01:35:32.553000;2016-03-22T01:35:32.593000;6d84c0f1-6b56-4fa1-b2eb-da89463b27e3;411.41;0.025;BUY
2016-03-22T01:35:32.553000;2016-03-22T01:35:32.593000;497378da-1b90-4617-bd01-0d1032608551;411.43;1.2;BUY
2016-03-22T01:35:32.553000;2016-03-22T01:35:32.593000;7641c87d-7ff9-43e0-9c3e-250d8e6f1dce;411.44;0.3538;BUY
2016-03-22T01:36:03.747000;2016-03-22T01:36:03.750000;1c7419b0-c481-43db-ae02-5ad59a07140f;411.4;0.08663;BUY
2016-03-22T01:36:32.223000;2016-03-22T01:36:32.373000;9b13243a-22ce-4cb6-9c54-94c624bbce50;411.4;0.05;BUY
2016-03-22T01:36:32.223000;2016-03-22T01:36:32.403000;bad9f585-b6ae-4ca0-8e7e-d9d628e26b7c;411.4;0.16742197;BUY
2016-03-22T01:36:32.223000;2016-03-22T01:36:32.403000;94c3b3f8-8f1c-4893-a721-040838b8e1af;411.41;4.22914803;BUY
2016-03-22T01:37:01.633000;2016-03-22T01:37:01.797000;2fd5d11a-0760-4467-9a44-b17e667c5a03;411.47;0.25;BUY
2016-03-22T01:37:01.637000;2016-03-22T01:37:01.797000;ddf2fbd3-5dc1-4f20-a1e2-7425e07c17a4;411.47;0.025;BUY
2016-03-22T01:37:01.637000;2016-03-22T01:37:01.810000;e8e5c22b-d1db-4758-9fe5-174f3ed89da2;411.5;0.03;BUY
2016-03-22T01:37:01.637000;2016-03-22T01:37:01.810000;d74b6495-46e8-401f-8b0a-2adcc23be93c;411.5;0.25;BUY
2016-03-22T01:37:01.637000;2016-03-22T01:37:01.810000;e4bc518a-56e8-4ad7-b519-a33eec1aba43;411.53;0.25;BUY
2016-03-22T01:37:01.637000;2016-03-22T01:37:01.810000;df3ecfaf-4ea6-4ab9-9c34-25bb1c59226c;411.55;0.03;BUY
2016-03-22T01:37:01.637000;2016-03-22T01:37:01.810000;bb023fcf-8d79-4b79-a96a-eb2abb2f85ed;411.55;0.0815;BUY
2016-03-22T01:37:01.637000;2016-03-22T01:37:01.827000;a105b8a6-16bb-438d-b167-236c5b534a49;411.56;0.01;BUY
2016-03-22T01:37:01.637000;2016-03-22T01:37:01.827000;64b08c95-2dcc-4eeb-9f7a-5fdfe2da07cf;411.6;0.03;BUY
2016-03-22T01:37:01.637000;2016-03-22T01:37:01.827000;4796aef2-d8e9-4603-9d8e-539cc1305d38;411.6;0.05000001;BUY
2016-03-22T01:37:01.637000;2016-03-22T01:37:01.827000;cc9c6b06-6476-46cf-925e-89ef2e6bf5a8;411.61;0.97217999;BUY
2016-03-22T01:37:32.073000;2016-03-22T01:37:32.233000;8c9b3877-f3f8-413e-b80e-22733df650cd;411.62;0.8;BUY
2016-03-22T01:37:32.073000;2016-03-22T01:37:32.250000;39772a9f-21f2-43f9-9b6b-078dd03d4626;411.62;0.297;BUY
2016-03-22T01:37:32.073000;2016-03-22T01:37:32.250000;7a2314b3-d05f-4ab2-b099-be4be8810f08;411.65;0.03;BUY
2016-03-22T01:37:32.073000;2016-03-22T01:37:32.250000;76d5e36b-df1e-48fe-9c87-98b3df67b066;411.67;0.346;BUY
2016-03-22T01:37:32.073000;2016-03-22T01:37:32.250000;ae5015a4-a3ad-4f2a-a4ab-24229d39e5bd;411.7;0.03;BUY
2016-03-22T01:37:32.073000;2016-03-22T01:37:32.250000;73fc6546-be62-4527-87af-0dfe3643f513;411.73;0.05;BUY
2016-03-22T01:37:32.073000;2016-03-22T01:37:32.263000;28a5c43a-e4e4-4222-8dfa-94d5643399ce;411.74;0.12865;BUY
2016-03-22T01:37:48.153000;2016-03-22T01:37:48.310000;1e555a17-8fcd-446d-afff-ef0c97a479e2;411.56;0.2;SELL
2016-03-22T01:37:50.540000;2016-03-22T01:37:50.700000;05806f2d-c42a-4bb3-a68c-eec6a6e3bb88;411.56;0.2;SELL
2016-03-22T01:37:52.920000;2016-03-22T01:37:53.093000;ad99acd2-5238-47b3-826a-742b5e2e29f3;411.56;0.2;SELL
2016-03-22T01:37:55.277000;2016-03-22T01:37:55.437000;3e6bd25b-7389-4307-b47e-2bfa13df7d46;411.56;0.2;SELL
2016-03-22T01:37:57.630000;2016-03-22T01:37:57.780000;5af886e9-fe3f-448a-bcc0-5e9d27ba559d;411.56;0.2;SELL
2016-03-22T01:38:00.027000;2016-03-22T01:38:00.187000;0e944575-f74b-4eb2-9a2a-a523353d2b7f;411.56;0.2;SELL
2016-03-22T01:38:01.780000;2016-03-22T01:38:01.937000;1ba25af0-c470-4510-be0b-eba21196c999;411.67;0.20801;BUY
2016-03-22T01:38:02.390000;2016-03-22T01:38:02.530000;5db238c3-1e43-4586-bd25-77bcc251e68e;411.56;0.2;SELL
2016-03-22T01:38:04.527000;2016-03-22T01:38:04.687000;e0509116-344b-4147-a714-8d12f63202ed;411.56;0.2;SELL
2016-03-22T01:38:06.657000;2016-03-22T01:38:06.810000;9056b263-0d49-4c5f-b077-9b0458a60dea;411.56;0.2;SELL
2016-03-22T01:38:09.047000;2016-03-22T01:38:09.203000;ec0cef74-ddcb-464f-aeaf-41bf4ec04cdd;411.56;0.2;SELL
2016-03-22T01:38:11.420000;2016-03-22T01:38:11.560000;87f1dcbf-1e07-4ab0-968b-bff528859c52;411.56;0.2;SELL
2016-03-22T01:38:13.557000;2016-03-22T01:38:13.717000;cb382978-d33c-4740-a240-390a739a7f16;411.56;0.2;SELL
2016-03-22T01:38:15.917000;2016-03-22T01:38:16.077000;4a93db9b-a7bd-4d90-b5f0-81c77cf03b53;411.56;0.2;SELL
2016-03-22T01:38:18.307000;2016-03-22T01:38:18.453000;70325f68-387a-40cc-b072-c31cbe45fb87;411.56;0.2;SELL
2016-03-22T01:38:20.453000;2016-03-22T01:38:20.607000;f921984d-1f10-4080-bcdd-97bcefe32b05;411.56;0.2;SELL
2016-03-22T01:38:22.587000;2016-03-22T01:38:22.733000;ec2f85c0-35aa-4ac0-a595-c8358a30b77b;411.56;0.2;SELL
2016-03-22T01:38:24.720000;2016-03-22T01:38:24.890000;16947836-b991-4a83-b0e1-c6ba21265794;411.56;0.2;SELL
2016-03-22T01:38:26.847000;2016-03-22T01:38:27.000000;023a99d7-b2c0-4857-bdc5-afc4c682455d;411.55;0.03;SELL
2016-03-22T01:38:26.850000;2016-03-22T01:38:27.000000;543503d6-faf4-4e44-b943-9033a8a76d46;411.53;0.17;SELL
2016-03-22T01:38:28.980000;2016-03-22T01:38:29.140000;e0d193dd-69df-4af0-84af-db17af80de58;411.52;0.15;SELL
2016-03-22T01:38:28.980000;2016-03-22T01:38:29.140000;6a2fc441-e606-4bd0-a0a6-fc0f589127fd;411.51;0.05;SELL
2016-03-22T01:38:31.110000;2016-03-22T01:38:31.250000;ea2c1a37-31e5-46c7-b679-140b428e7174;411.51;0.2;SELL
2016-03-22T01:38:31.583000;2016-03-22T01:38:31.733000;4e593546-ebe8-40f1-abb6-8c228c98cdd1;411.53;1.19593;SELL
2016-03-22T01:38:33.257000;2016-03-22T01:38:33.403000;58ed07e2-c52e-4b6c-8763-ba33daaf65f8;411.52;0.2;SELL
2016-03-22T01:38:34.943000;2016-03-22T01:38:35.093000;c0524d84-8642-4cdd-9759-bd13a3a744c1;411.66;0.15;BUY
2016-03-22T01:38:34.943000;2016-03-22T01:38:35.093000;67776bac-7147-42ff-839a-b8461213afcb;411.66;0.02;BUY
2016-03-22T01:39:04.913000;2016-03-22T01:39:05.060000;04d9998e-e511-4e3c-a3b8-6174db8d0282;411.67;0.2;BUY
2016-03-22T01:39:04.913000;2016-03-22T01:39:05.077000;0aa30719-ba02-4703-9a5e-4d01b844b55f;411.67;0.27;BUY
2016-03-22T01:39:04.913000;2016-03-22T01:39:05.077000;7e4ba214-2706-4258-bd98-9f1dbf0d18a5;411.67;0.05;BUY
2016-03-22T01:39:04.913000;2016-03-22T01:39:05.077000;5b302343-5f03-4a97-a7ed-cdca89086b9a;411.68;2.65432;BUY
2016-03-22T01:39:14.833000;2016-03-22T01:39:15.000000;663b2993-58be-41e1-a13f-cc9c4e0a5855;411.67;0.0455;BUY
2016-03-22T01:39:14.847000;2016-03-22T01:39:15.013000;56c02265-b510-4f5a-b1d9-8a1230ed970b;411.67;0.047;BUY
2016-03-22T01:39:31.890000;2016-03-22T01:39:32.030000;93faab7e-878e-4e30-8e41-6b744bba6ae3;411.68;0.36531;BUY
2016-03-22T01:40:31.617000;2016-03-22T01:40:31.763000;225a603c-beb9-4336-98cc-0c9d6d6b8743;411.58;0.17593;SELL
2016-03-22T01:41:01.440000;2016-03-22T01:41:01.577000;63538bc2-6a08-4e72-bc3f-4ce7255bfc28;411.6;0.05;SELL
2016-03-22T01:41:01.440000;2016-03-22T01:41:01.593000;de1072de-6121-46c0-9b43-43fb899a7b47;411.6;0.393;SELL
2016-03-22T01:41:01.440000;2016-03-22T01:41:01.593000;82505dc6-8c6a-475c-87ac-e0f4cf721fa7;411.6;0.34925;SELL
2016-03-22T01:42:01.633000;2016-03-22T01:42:01.763000;a7df9eb4-044c-4edc-8e8d-8bfae1ce52c2;411.68;0.29469;BUY
2016-03-22T01:42:01.633000;2016-03-22T01:42:01.797000;c8e88ec3-7122-41b4-8ae3-b38521908c0e;411.68;0.18631;BUY
2016-03-22T01:42:31.410000;2016-03-22T01:42:31.547000;6d0e7b6f-dc24-43ce-ad5f-7a47b0f7cf2f;411.59;0.01814;SELL
2016-03-22T01:43:02.090000;2016-03-22T01:43:02.233000;cfdf236f-4ab4-4fbc-93d8-292f000b1efc;411.68;0.14369;BUY
2016-03-22T01:43:02.090000;2016-03-22T01:43:02.250000;4caa052c-9475-440c-8ec8-4dce01f6d1af;411.68;0.263;BUY
2016-03-22T01:43:02.090000;2016-03-22T01:43:02.250000;9567cd08-afe8-499e-a28a-62c9c5b51698;411.69;0.0451;BUY
2016-03-22T01:43:31.487000;2016-03-22T01:43:31.623000;1aa31cc1-782f-41b2-8bc6-e610fb0eeb20;411.68;0.285;BUY
2016-03-22T01:43:31.487000;2016-03-22T01:43:31.640000;0494186c-d6fc-4e38-98ae-05e2bb9ecdd7;411.69;0.22789;BUY
2016-03-22T01:43:32.530000;2016-03-22T01:43:32.653000;bf4385b6-9578-4bbd-8bc7-9ad79c0b26ad;411.59;0.04;SELL
2016-03-22T01:43:32.530000;2016-03-22T01:43:32.670000;bbc6dc73-3a10-4ac5-a9ae-6050d9481756;411.59;0.06000001;SELL
2016-03-22T01:44:02.900000;2016-03-22T01:44:03.047000;fa56c3c9-c2c5-4159-b6b8-4b1b24c11246;411.68;0.242;BUY
2016-03-22T01:44:02.900000;2016-03-22T01:44:03.047000;007ddec5-4975-4f7e-a962-a36d2b88703f;411.69;1.02701;BUY
2016-03-22T01:44:02.900000;2016-03-22T01:44:03.060000;0b76dc38-489d-48a3-a7ff-1aaa40fbb56b;411.69;0.165;BUY
2016-03-22T01:44:02.900000;2016-03-22T01:44:03.060000;00dd734c-ac2f-4b91-863a-64a9d3440dd5;411.69;0.085;BUY
2016-03-22T01:44:02.900000;2016-03-22T01:44:03.060000;5d4b1352-0c11-4108-a213-074c4ee6ff9f;411.69;0.04;BUY
2016-03-22T01:44:02.900000;2016-03-22T01:44:03.060000;c8ffd6c6-1fbf-41a9-b991-82924a1768ae;411.69;0.02;BUY
2016-03-22T01:44:02.900000;2016-03-22T01:44:03.140000;05300456-7aed-46af-ab3d-122dc64d8c2c;411.69;0.01;BUY
2016-03-22T01:44:02.900000;2016-03-22T01:44:03.140000;e6a91e96-f8da-41b1-9bd4-e363d30ff0cf;411.7;0.03;BUY
2016-03-22T01:44:02.900000;2016-03-22T01:44:03.140000;d1cb096e-1e88-4203-8da6-ca8cc818d322;411.7;0.27;BUY
2016-03-22T01:44:02.900000;2016-03-22T01:44:03.140000;6a540c29-5eb4-4ad5-b996-c83466128ac9;411.71;0.25;BUY
2016-03-22T01:44:02.900000;2016-03-22T01:44:03.140000;d2537d9f-28a4-46b1-bd8c-72a3e96b1dfa;411.73;1.0198;BUY
2016-03-22T01:44:02.900000;2016-03-22T01:44:03.140000;73ed3a98-bf0a-4382-ac2a-2eb3497c6279;411.73;0.05;BUY
2016-03-22T01:44:02.903000;2016-03-22T01:44:03.140000;869f9b36-9033-40cc-9e82-1161f81e0725;411.74;0.53697;BUY
2016-03-22T01:45:01.463000;2016-03-22T01:45:01.593000;e6a6805c-8688-4e48-aae1-1b134869d509;411.67;0.11204999;SELL
2016-03-22T01:45:01.463000;2016-03-22T01:45:01.623000;71f133b5-a1d9-4e54-b144-6ffbc1c85d93;411.67;0.107;SELL
2016-03-22T01:45:01.463000;2016-03-22T01:45:01.623000;cb977355-425f-40ea-b58d-69e4d14cf048;411.67;0.05;SELL
2016-03-22T01:45:01.463000;2016-03-22T01:45:01.623000;426516b2-411d-46e1-8dcb-74ce67f76d99;411.65;0.0115;SELL
2016-03-22T01:45:01.463000;2016-03-22T01:45:01.623000;42048804-0107-4f83-bf7c-0bcb3894c08f;411.65;7.26682;SELL
2016-03-22T01:45:01.463000;2016-03-22T01:45:01.703000;0ea3a5ed-4362-4910-88d8-56fe700e1362;411.57;0.096;SELL
2016-03-22T01:45:01.463000;2016-03-22T01:45:01.703000;088f52f1-3866-4d5a-b00f-30aa8045b878;411.56;0.25;SELL
2016-03-22T01:45:01.463000;2016-03-22T01:45:01.703000;731ddc1a-c8ff-48b7-8c64-d810cae6b840;411.55;0.03;SELL
2016-03-22T01:45:01.463000;2016-03-22T01:45:01.703000;d673a8f3-601e-42df-9eb5-63d805e8252d;411.54;0.15;SELL
2016-03-22T01:45:01.463000;2016-03-22T01:45:01.703000;58367d62-2dab-434b-8f23-0dcac72fbab9;411.53;0.01;SELL
2016-03-22T01:45:01.467000;2016-03-22T01:45:01.703000;4b64ab62-6d5a-4bd3-88b6-ea8c130dd880;411.52;0.073;SELL
2016-03-22T01:45:01.467000;2016-03-22T01:45:01.703000;16ab5efc-2e12-4d56-851b-c9a970d91d50;411.5;0.03;SELL
2016-03-22T01:45:01.467000;2016-03-22T01:45:01.703000;96ce3324-25a1-4260-9270-3b70a81cde93;411.47;0.25;SELL
2016-03-22T01:45:01.467000;2016-03-22T01:45:01.703000;face7893-850d-47a7-ab5a-094dbb4e27d4;411.47;0.119;SELL
2016-03-22T01:45:01.467000;2016-03-22T01:45:01.703000;848ed3cb-1268-4e15-8fca-11c896442cec;411.45;0.03;SELL
2016-03-22T01:45:01.467000;2016-03-22T01:45:01.703000;c409a775-01d8-48dd-9df5-22347231e814;411.44;0.8;SELL
2016-03-22T01:45:01.467000;2016-03-22T01:45:01.703000;ad587bd8-9bbf-4408-9c88-f2b7b414662c;411.43;0.8;SELL
2016-03-22T01:45:01.467000;2016-03-22T01:45:01.703000;5450143c-5e68-41e8-b6cf-b46e52ccfef2;411.42;0.081;SELL
2016-03-22T01:45:01.467000;2016-03-22T01:45:01.703000;ffa75cee-c659-4f6f-9d35-e0d8cf090ffc;411.41;1.89587001;SELL
