time_exchange;time_coinpai;guid;price;base_amount;taker_side
2016-02-29T00:00:02.930000;2016-02-29T00:00:02.947000;e3913ac8-cffa-465a-ad89-add8ede3e724;433.73;0.08846;BUY
2016-02-29T00:00:02.930000;2016-02-29T00:00:02.963000;04e3c13e-c5f7-4b92-8106-1f0feab58ed4;433.73;0.22127;BUY
2016-02-29T00:00:32.230000;2016-02-29T00:00:32.260000;5b796513-705f-449c-8ccf-922a2988f303;433.73;0.00673;BUY
2016-02-29T00:00:32.230000;2016-02-29T00:00:32.260000;10509480-4a49-46dd-be20-0f9cbe7549ed;433.73;0.23;BUY
2016-02-29T00:00:32.230000;2016-02-29T00:00:32.260000;6a23e7e4-c878-4efd-b6d8-3aabf825ab97;433.73;0.228;BUY
2016-02-29T00:00:32.230000;2016-02-29T00:00:32.260000;90790090-8421-4bbf-b149-e00bd15d23f4;433.73;0.09574;BUY
2016-02-29T00:01:02.240000;2016-02-29T00:01:02.260000;50e916c0-4849-42cb-bc30-3a61f8bc783c;433.73;0.13526;BUY
2016-02-29T00:01:02.240000;2016-02-29T00:01:02.260000;bcded8e7-667b-4645-86bb-bce1764be047;433.73;0.06674;BUY
2016-02-29T00:01:32.283000;2016-02-29T00:01:32.290000;3b902aa2-a747-484b-acbe-ffca3d8f9c2b;433.73;0.16426;BUY
2016-02-29T00:01:32.283000;2016-02-29T00:01:32.307000;c81ad942-f0a3-4caa-8b73-ebab80fa3695;433.73;0.231;BUY
2016-02-29T00:01:32.283000;2016-02-29T00:01:32.307000;2b58ffee-3f99-40bb-8395-338558fa6c10;433.73;0.231;BUY
2016-02-29T00:01:32.283000;2016-02-29T00:01:32.307000;105f01c3-2e21-4a02-b5be-6dcac022a05c;433.73;0.231;BUY
2016-02-29T00:01:32.283000;2016-02-29T00:01:32.323000;38af28cd-1c23-4ce2-b1b8-b9b60662b55d;433.73;0.232;BUY
2016-02-29T00:01:32.283000;2016-02-29T00:01:32.323000;caddc28b-9959-424c-9629-9c42f99d62fb;433.73;0.231;BUY
2016-02-29T00:01:32.283000;2016-02-29T00:01:32.323000;4e8f9b4d-07d7-4ee0-876d-6579d916c8ff;433.73;0.231;BUY
2016-02-29T00:01:32.283000;2016-02-29T00:01:32.323000;4ab81b3d-2cf9-4eb9-8718-73e9f9731202;433.73;0.17068806;BUY
2016-02-29T00:01:32.287000;2016-02-29T00:01:32.323000;40bec0bd-a667-44c4-8615-c0ab1f798731;433.73;0.231;BUY
2016-02-29T00:01:32.287000;2016-02-29T00:01:32.400000;d16e594a-21c5-4276-8d74-c8a9456c6168;433.73;0.232;BUY
2016-02-29T00:01:32.287000;2016-02-29T00:01:32.400000;1c573599-ec46-4800-8d96-91362dcc4074;433.73;0.21353194;BUY
2016-02-29T00:02:32.287000;2016-02-29T00:02:32.293000;e57b740d-f2b1-423d-ba07-1a969e9fc266;433.73;0.01016;BUY
2016-02-29T00:02:48.507000;2016-02-29T00:02:48.510000;9caefaec-36da-4fd4-b37a-00ab46bad2f5;433.72;0.011;SELL
2016-02-29T00:03:02.660000;2016-02-29T00:03:02.683000;1520bd06-ac2b-4f89-afbe-6b1bb30c44b4;433.71;0.011;SELL
2016-02-29T00:03:02.660000;2016-02-29T00:03:02.683000;15ca458f-834c-425e-bbe3-7c51920d5690;433.7;0.011;SELL
2016-02-29T00:03:02.660000;2016-02-29T00:03:02.683000;290de56f-85f9-4ad8-9889-a033571e7642;433.65;0.084;SELL
2016-02-29T00:03:02.660000;2016-02-29T00:03:02.713000;6598ee4c-2473-4b8d-804f-e38cdbb10e08;433.64;0.012;SELL
2016-02-29T00:03:02.660000;2016-02-29T00:03:02.713000;3fc1594a-67fc-40d5-951d-09f9d660f8bc;433.63;0.01;SELL
2016-02-29T00:03:02.663000;2016-02-29T00:03:02.713000;86c2e393-f265-4592-90a8-6ca25f65923a;433.62;0.011;SELL
2016-02-29T00:03:02.663000;2016-02-29T00:03:02.713000;b45632e7-969d-46f3-8eee-22b8fc46fb78;433.62;0.01;SELL
2016-02-29T00:03:02.663000;2016-02-29T00:03:02.713000;48e0289d-e743-4062-a891-be305a9944a4;433.62;0.00451;SELL
2016-02-29T00:03:31.227000;2016-02-29T00:03:31.230000;19653c19-4081-4f19-946a-c3346d536acf;433.62;0.011;SELL
2016-02-29T00:03:31.227000;2016-02-29T00:03:31.243000;82bdd284-00e5-4014-8d72-2496f8b81826;433.62;0.082;SELL
2016-02-29T00:03:35.557000;2016-02-29T00:03:35.573000;8ccefb80-26fd-4c96-9db6-dedf35f1a2f2;433.61;0.011;SELL
2016-02-29T00:03:35.557000;2016-02-29T00:03:35.590000;a67d9402-e66b-40f5-b156-ff09c09e402c;433.61;0.01;SELL
2016-02-29T00:03:35.557000;2016-02-29T00:03:35.590000;d3543655-5d37-4c50-ada5-f74095d8cc77;433.61;0.012;SELL
2016-02-29T00:03:35.557000;2016-02-29T00:03:35.590000;5dbeb050-bdc2-4c8b-be16-f1bafe913086;433.59;0.011;SELL
2016-02-29T00:03:35.560000;2016-02-29T00:03:35.603000;361b076e-0e04-4781-8fac-7f826ec0cab7;433.58;0.012;SELL
2016-02-29T00:03:35.560000;2016-02-29T00:03:35.683000;4d0ec95d-8871-4b52-a98f-bdc58aa9865a;433.57;0.01;SELL
2016-02-29T00:03:35.560000;2016-02-29T00:03:35.683000;18a48774-fdbd-4468-b819-f8f0399d8daa;433.56;0.011;SELL
2016-02-29T00:03:35.560000;2016-02-29T00:03:35.683000;679859be-9f97-4e48-baf5-29a36c3b4cb4;433.56;0.011;SELL
2016-02-29T00:03:35.560000;2016-02-29T00:03:35.683000;4a959fe1-5e4a-45f4-8044-9f01314ba0a1;433.55;0.00278596;SELL
2016-02-29T00:03:35.560000;2016-02-29T00:03:35.683000;58359564-6a0a-4480-9316-fed915e16835;433.55;0.012;SELL
2016-02-29T00:03:35.560000;2016-02-29T00:03:35.683000;58fe49eb-26c2-43b9-8bcf-4820df22aeab;433.54;0.011;SELL
2016-02-29T00:03:35.560000;2016-02-29T00:03:35.683000;cc1a2312-4236-48d8-a18a-63e34fa9e3b5;433.53;0.01;SELL
2016-02-29T00:03:35.560000;2016-02-29T00:03:35.683000;a2f64eb5-f48b-46b1-a96b-2d165593ad30;433.52;0.01;SELL
2016-02-29T00:03:35.560000;2016-02-29T00:03:35.683000;f68c6644-5ad6-4ef5-aad5-326b518a0119;433.52;0.011;SELL
2016-02-29T00:03:35.560000;2016-02-29T00:03:35.683000;c98dc64f-5ebd-48a1-a208-8d2b16280d15;433.52;0.1601;SELL
2016-02-29T00:03:35.560000;2016-02-29T00:03:35.683000;f585bd3c-cad1-4fa0-88ff-1fe0f9c9d9dc;433.52;0.012;SELL
2016-02-29T00:03:35.560000;2016-02-29T00:03:35.683000;8c7e2bdd-8243-4670-bddb-e9426e8be40a;433.51;0.01;SELL
2016-02-29T00:03:35.560000;2016-02-29T00:03:35.683000;f81e174f-87da-4c95-a330-6d5118876b84;433.51;0.011;SELL
2016-02-29T00:03:35.560000;2016-02-29T00:03:35.683000;a6c7c88c-9b51-49ca-a69a-bbc4cf7afd18;433.5;0.01;SELL
2016-02-29T00:03:35.560000;2016-02-29T00:03:35.683000;4fa30d42-6d20-4487-8321-1601f8a6d2b6;433.49;0.012;SELL
2016-02-29T00:03:35.563000;2016-02-29T00:03:35.683000;60af9c43-94b6-4965-a298-16f32f419b90;433.48;0.02;SELL
2016-02-29T00:03:35.563000;2016-02-29T00:03:35.683000;8b67de2e-f561-4555-a6f0-10c18d2def40;433.48;0.091;SELL
2016-02-29T00:03:35.563000;2016-02-29T00:03:35.683000;87704da2-a33f-4a81-ad6f-b40aae95336f;433.46;0.012;SELL
2016-02-29T00:03:35.563000;2016-02-29T00:03:35.683000;c849db63-5a58-4bf0-9bf3-15d80f86980c;433.46;0.0937;SELL
2016-02-29T00:03:35.563000;2016-02-29T00:03:35.683000;cb43a4a4-16b9-4466-80c7-67828ba19a09;433.43;0.01;SELL
2016-02-29T00:03:35.563000;2016-02-29T00:03:35.683000;71486988-765c-4799-bac6-7f6ceca9528e;433.43;0.012;SELL
2016-02-29T00:03:35.563000;2016-02-29T00:03:35.683000;66d64124-fb10-468a-9a47-9db793f4c69c;433.43;0.093;SELL
2016-02-29T00:03:35.563000;2016-02-29T00:03:35.683000;583abb77-7122-4d53-b66a-4ed922c45672;433.42;0.01;SELL
2016-02-29T00:03:35.563000;2016-02-29T00:03:35.683000;93b17e79-e016-46d3-8b5f-f0ecd559195d;433.41;0.011;SELL
2016-02-29T00:03:35.563000;2016-02-29T00:03:35.683000;04bb3a85-f0d5-4a6f-a705-0f863188c5cd;433.41;0.01;SELL
2016-02-29T00:03:35.563000;2016-02-29T00:03:35.683000;0e9d9492-79df-42a4-9575-49332bba53e1;433.4;0.011;SELL
2016-02-29T00:03:35.563000;2016-02-29T00:03:35.683000;53836aeb-fea7-4174-b0a5-b95a52c5a78d;433.4;0.01871704;SELL
2016-02-29T00:03:35.563000;2016-02-29T00:03:35.683000;c0553563-17c4-4971-8533-32fd42c8b510;433.4;0.012;SELL
2016-02-29T00:03:35.563000;2016-02-29T00:03:35.683000;ebb885ec-4c59-4b7a-8fbf-2da8b189cd69;433.39;0.011;SELL
2016-02-29T00:03:35.563000;2016-02-29T00:03:35.697000;001e16c7-d395-4cc9-976e-f97c00bfafb6;433.38;0.01;SELL
2016-02-29T00:03:35.563000;2016-02-29T00:03:35.697000;4757a9ef-c7eb-4e21-accb-6f05ea928269;433.38;0.088;SELL
2016-02-29T00:03:35.567000;2016-02-29T00:03:35.760000;dfe1e5c3-641e-4630-86f3-c4a94f392982;433.37;0.012;SELL
2016-02-29T00:03:35.567000;2016-02-29T00:03:35.777000;118a53c4-7420-45f2-8363-72270284fe95;433.36;0.01;SELL
2016-02-29T00:03:35.567000;2016-02-29T00:03:35.777000;ee723595-5415-439c-a8c0-0736d44fcfba;433.35;0.011;SELL
2016-02-29T00:03:35.567000;2016-02-29T00:03:35.777000;76dc6419-d213-4869-91f8-1939fbccf0af;433.34;0.011;SELL
2016-02-29T00:03:35.567000;2016-02-29T00:03:35.777000;6b36d5ba-4164-4f89-9cc3-3a185ee9cb12;433.34;0.012;SELL
2016-02-29T00:03:35.567000;2016-02-29T00:03:35.777000;4355d1bb-381f-4bb9-b5a4-02ffffa2709a;433.33;0.011;SELL
2016-02-29T00:03:35.567000;2016-02-29T00:03:35.777000;36ab7704-d11b-4a7f-b9d8-7d19fa841db4;433.33;0.12;SELL
2016-02-29T00:03:35.567000;2016-02-29T00:03:35.777000;9c6a314a-ab42-4e20-85ae-da2ddb576c07;433.32;0.011;SELL
2016-02-29T00:03:35.567000;2016-02-29T00:03:35.777000;36976965-efcb-424b-a00a-f2cd2fd97eb8;433.32;0.01;SELL
2016-02-29T00:03:35.567000;2016-02-29T00:03:35.777000;bb7de866-673e-42f0-a324-9155b076db81;433.32;0.01;SELL
2016-02-29T00:03:35.567000;2016-02-29T00:03:35.777000;84405c06-b52d-431e-902c-ae2903478fbc;433.31;0.011;SELL
2016-02-29T00:03:35.567000;2016-02-29T00:03:35.777000;dff9a040-4320-4937-a39a-743ac7ad5ee1;433.31;0.01;SELL
2016-02-29T00:03:35.567000;2016-02-29T00:03:35.777000;f66dfb59-d88b-4ff9-ad03-76781506af46;433.31;0.012;SELL
2016-02-29T00:03:35.567000;2016-02-29T00:03:35.777000;de9b19cd-e977-4b40-8491-1fc86bcedf20;433.28;0.01;SELL
2016-02-29T00:03:35.567000;2016-02-29T00:03:35.777000;3d0a4338-4fc0-4125-bc7d-a848ed3e925c;433.28;0.012;SELL
2016-02-29T00:03:35.567000;2016-02-29T00:03:35.777000;41a68680-6c98-4797-b7c8-c86b41159a4b;433.28;0.102;SELL
2016-02-29T00:03:35.570000;2016-02-29T00:03:35.777000;c69d2b15-7bc6-402f-a185-6ba69fd50043;433.27;0.01;SELL
2016-02-29T00:03:35.570000;2016-02-29T00:03:35.777000;d23a72a3-de3f-4f32-86ff-710eef5ec6f3;433.27;0.01;SELL
2016-02-29T00:03:35.570000;2016-02-29T00:03:35.777000;57f23ba7-199c-4734-a1fd-f401d52fdfd8;433.26;0.01;SELL
2016-02-29T00:03:35.570000;2016-02-29T00:03:35.777000;9cd610dd-d2a4-40bf-8720-601e3c02f50f;433.26;0.01;SELL
2016-02-29T00:03:35.570000;2016-02-29T00:03:35.777000;0a1e1cbc-7eb3-4e24-b490-54d4447981da;433.25;0.01;SELL
2016-02-29T00:03:35.570000;2016-02-29T00:03:35.777000;e134ad2f-35a8-4f8b-9696-c7f06bb6d6e7;433.25;0.012;SELL
2016-02-29T00:03:35.570000;2016-02-29T00:03:35.777000;2b905ea4-9171-4dbe-97ad-9b834f87f3ec;433.24;0.01;SELL
2016-02-29T00:03:35.570000;2016-02-29T00:03:35.777000;caf7f94f-ea5a-4eca-9630-3846f328d583;433.24;0.34;SELL
2016-02-29T00:03:35.570000;2016-02-29T00:03:35.777000;67fe6767-714b-4dc3-a4a7-79d488f0815d;433.23;0.122;SELL
2016-02-29T00:03:35.570000;2016-02-29T00:03:35.777000;df3721e6-8657-4a29-83cd-e00846e624d2;433.23;0.34;SELL
2016-02-29T00:03:35.570000;2016-02-29T00:03:35.777000;1a4b5f2e-7ba7-4497-bccc-2f29905f06e8;433.22;0.012;SELL
2016-02-29T00:03:35.570000;2016-02-29T00:03:35.777000;37a0c0d9-b8ed-4b00-bc8d-dab06c26aa2d;433.21;0.01;SELL
2016-02-29T00:03:35.570000;2016-02-29T00:03:35.777000;bd85ff37-4176-409a-93eb-15c3780ae3bc;433.21;0.34;SELL
2016-02-29T00:03:35.570000;2016-02-29T00:03:35.777000;078a8483-ac60-4f5c-8694-69347778fb88;433.2;0.01873582;SELL
2016-02-29T00:03:35.570000;2016-02-29T00:03:35.793000;1ae5c1bf-d64f-450c-8be1-88a08bbbd50d;433.2;1.02;SELL
2016-02-29T00:03:35.570000;2016-02-29T00:03:35.793000;a0863441-4a6d-4b26-9055-3c25fee09edf;433.19;0.012;SELL
2016-02-29T00:03:35.573000;2016-02-29T00:03:35.793000;1174dc88-de26-4cfb-a5b9-5dd8e5f36d57;433.18;0.072;SELL
2016-02-29T00:03:35.573000;2016-02-29T00:03:35.793000;46204674-0793-48c1-981a-272379530cee;433.17;0.68;SELL
2016-02-29T00:03:35.573000;2016-02-29T00:03:35.793000;b5448a7f-52a4-46e0-8452-4d1629e24e0f;433.16;0.012;SELL
2016-02-29T00:03:35.573000;2016-02-29T00:03:35.807000;b8a428fb-b69e-4244-8f5e-4e8238f3b74b;433.16;0.34;SELL
2016-02-29T00:03:35.573000;2016-02-29T00:03:35.807000;21ddc2bd-e5d4-45b6-bf07-613549febb17;433.15;0.011;SELL
2016-02-29T00:03:35.573000;2016-02-29T00:03:35.870000;bc14dd15-ef73-4461-a435-b761022baf35;433.15;0.51;SELL
2016-02-29T00:03:35.573000;2016-02-29T00:03:35.870000;6e6d982b-031b-4d65-a3a1-01ecfb407732;433.14;0.012;SELL
2016-02-29T00:03:35.573000;2016-02-29T00:03:35.870000;6b395238-a928-4b57-9a3e-a5e125d49730;433.14;0.17;SELL
2016-02-29T00:03:35.573000;2016-02-29T00:03:35.870000;dcece4ef-8599-4494-ad54-66462390013d;433.13;0.011;SELL
2016-02-29T00:03:35.573000;2016-02-29T00:03:35.870000;dee5f45a-c657-46b9-a95d-e2d8fd1f1579;433.13;0.012;SELL
2016-02-29T00:03:35.573000;2016-02-29T00:03:35.870000;69399bb0-e24c-4a08-a07e-d2fce3b7dc30;433.13;0.101;SELL
2016-02-29T00:03:35.573000;2016-02-29T00:03:35.870000;bd96efcd-2d57-4085-ae40-1e56ea5ba1b7;433.13;0.19670118;SELL
2016-02-29T00:03:39.790000;2016-02-29T00:03:39.793000;259eba17-4875-4892-8c70-435c7902cead;433.18;0.011;SELL
2016-02-29T00:03:44.227000;2016-02-29T00:03:44.230000;3ec7057f-856c-4f1d-bb7e-4672f7e64719;433.17;0.011;SELL
2016-02-29T00:03:44.440000;2016-02-29T00:03:44.433000;6f5d4d27-4dd3-4601-bf0e-7f3b14f4d460;433.17;0.011;SELL
2016-02-29T00:04:03.993000;2016-02-29T00:04:04.050000;9ac93ddc-fba5-4b4d-9ec9-c4cc9736d063;433.17;0.011;BUY
2016-02-29T00:04:03.993000;2016-02-29T00:04:04.063000;598c1e14-a1a3-4643-a9fe-8021ab093a41;433.17;0.011;BUY
2016-02-29T00:04:03.993000;2016-02-29T00:04:04.080000;900f7c7e-9a3f-476b-882b-4dab09c1708e;433.17;0.115292;BUY
2016-02-29T00:04:03.993000;2016-02-29T00:04:04.080000;058f9922-9af8-4689-9a07-16ebd3f0aca9;433.17;0.229;BUY
2016-02-29T00:04:03.993000;2016-02-29T00:04:04.080000;3823003b-257b-4b4c-8e65-43f6c397cca7;433.17;0.233;BUY
2016-02-29T00:04:03.997000;2016-02-29T00:04:04.080000;e9ffa7ff-96ab-40df-aaaa-42df721a3c77;433.17;0.229;BUY
2016-02-29T00:04:03.997000;2016-02-29T00:04:04.080000;36964fa1-cee8-478f-9dbd-07d488da283b;433.17;0.229;BUY
2016-02-29T00:04:03.997000;2016-02-29T00:04:04.080000;eb74ee3e-830d-4a8e-b36a-dd4db385ec55;433.17;0.232;BUY
2016-02-29T00:04:03.997000;2016-02-29T00:04:04.143000;35dbd93c-b814-4f60-a0cd-1d27bf57d8de;433.17;0.23;BUY
2016-02-29T00:04:03.997000;2016-02-29T00:04:04.160000;ee07c0ae-230c-434b-8d7a-3a81a9b6fc7a;433.17;0.232;BUY
2016-02-29T00:04:03.997000;2016-02-29T00:04:04.160000;5e61898f-a5bf-4c3b-b81f-98ac7c15d4f8;433.17;0.200008;BUY
2016-02-29T00:04:31.840000;2016-02-29T00:04:31.893000;11364791-5038-4993-b177-9b97f0feb40a;433.17;0.028992;BUY
2016-02-29T00:04:31.840000;2016-02-29T00:04:31.910000;e76b1a63-be94-4dbf-8b9a-518f8696ce46;433.17;0.23;BUY
2016-02-29T00:04:31.840000;2016-02-29T00:04:31.910000;e14dc001-89a7-468a-8e00-c41716699296;433.17;0.232;BUY
2016-02-29T00:04:31.840000;2016-02-29T00:04:31.910000;9e49ca32-d8d8-4cdf-b6f0-a3df4a601a7b;433.17;0.232;BUY
2016-02-29T00:04:31.840000;2016-02-29T00:04:31.910000;b850e228-0741-4c2e-8fcc-4d5e662f1cf6;433.17;0.232;BUY
2016-02-29T00:04:31.840000;2016-02-29T00:04:31.923000;45d41c4e-96ac-4137-b3b6-2fc2b6bc6b98;433.17;0.232;BUY
2016-02-29T00:04:31.840000;2016-02-29T00:04:31.923000;f8948f06-c517-4829-8a89-00c2242f1de8;433.17;0.232;BUY
2016-02-29T00:04:31.840000;2016-02-29T00:04:31.923000;8b7520df-bf07-4736-bb8e-673c6564d232;433.17;0.233;BUY
2016-02-29T00:04:31.840000;2016-02-29T00:04:31.923000;9cbf05f4-57bf-4282-8a4c-d1c708f62339;433.17;0.064738;BUY
2016-02-29T00:04:34.583000;2016-02-29T00:04:34.643000;2699e506-4afb-4c44-ae4f-fbdfec6c8f63;433.16;0.011;SELL
2016-02-29T00:04:34.587000;2016-02-29T00:04:34.660000;8bc0fadc-7afb-47de-9eb8-2fa5166925b6;433.16;0.129;SELL
2016-02-29T00:04:34.587000;2016-02-29T00:04:34.660000;42ec68db-f1b6-4e7a-95fa-9b3c0d700d24;433.15;0.011;SELL
2016-02-29T00:04:34.587000;2016-02-29T00:04:34.660000;88652e9f-586a-4571-a016-bef50dce3c48;433.14;0.011;SELL
2016-02-29T00:04:34.587000;2016-02-29T00:04:34.660000;4fa2144e-ae32-43f4-a237-51e4135b5231;433.12;0.012;SELL
2016-02-29T00:04:38.723000;2016-02-29T00:04:38.783000;4d306eb7-77a0-48e4-9166-c6763f8235b8;433.11;0.011;SELL
2016-02-29T00:04:38.723000;2016-02-29T00:04:38.800000;ed5f75b7-1f81-4af2-9ed3-d01d9fc0ba06;433.11;0.012;SELL
2016-02-29T00:04:38.723000;2016-02-29T00:04:38.800000;f88236ec-cac5-45ef-b368-614ddfebd225;433.11;0.111;SELL
2016-02-29T00:05:02.007000;2016-02-29T00:05:02.063000;bcd074ae-3090-4267-961e-06873a414c2d;433.1;0.011;SELL
2016-02-29T00:05:02.007000;2016-02-29T00:05:02.080000;cbddd113-3c14-41da-88a1-1c48f3a72764;433.1;0.012;SELL
2016-02-29T00:05:02.007000;2016-02-29T00:05:02.080000;83e1b8f4-9c6e-481f-a8cc-579150757aa3;433.1;0.012;SELL
2016-02-29T00:05:02.007000;2016-02-29T00:05:02.080000;3eb9d2c2-5d17-43db-bcee-3a5704b925a9;433.1;0.079;SELL
2016-02-29T00:05:02.007000;2016-02-29T00:05:02.080000;59f7fd14-3cca-45b0-80ed-b600434cd05a;433.08;0.011;SELL
2016-02-29T00:05:02.007000;2016-02-29T00:05:02.097000;fa3eb5ca-b8ff-414a-a673-8b7e23febcde;433.08;0.012;SELL
2016-02-29T00:05:02.007000;2016-02-29T00:05:02.097000;88482dc9-8cf9-45d4-b9f7-b22e567d6c1a;433.07;0.01;SELL
2016-02-29T00:05:02.007000;2016-02-29T00:05:02.097000;a886d9ba-4a4a-4c52-8916-77491cd195f4;433.07;0.013;SELL
2016-02-29T00:05:02.010000;2016-02-29T00:05:02.097000;6422c3fe-3e17-48cd-82d5-6e1907973583;433.07;0.012;SELL
2016-02-29T00:05:02.010000;2016-02-29T00:05:02.097000;eff83d3e-10ed-4d72-bcb5-312efe04ffbd;433.07;0.012;SELL
2016-02-29T00:05:02.010000;2016-02-29T00:05:02.097000;03405eed-3461-4651-8f5e-9bd0a0258252;433.06;0.012;SELL
2016-02-29T00:05:02.010000;2016-02-29T00:05:02.097000;2e573349-3d93-49ae-af81-2360ff57653c;433.06;0.011;SELL
2016-02-29T00:05:02.010000;2016-02-29T00:05:02.097000;bfde946a-3e46-4a62-aa5d-5d20c4aa2105;433.05;0.011;SELL
2016-02-29T00:05:02.010000;2016-02-29T00:05:02.113000;94163680-157c-4fd8-9f6f-91c40af257c7;433.05;0.013;SELL
2016-02-29T00:05:02.010000;2016-02-29T00:05:02.160000;7ff3e1ec-3d93-4551-a6ae-eb5cf2354e4c;433.05;0.012;SELL
2016-02-29T00:05:02.010000;2016-02-29T00:05:02.173000;a64abc87-8c54-403a-84a9-11103661ee6f;433.05;0.03941;SELL
2016-02-29T00:05:12.900000;2016-02-29T00:05:12.970000;fd6ca950-6bf8-4c5e-9372-4fa1d91ff974;433.04;0.012;SELL
2016-02-29T00:05:12.900000;2016-02-29T00:05:12.970000;785e798a-d020-42ae-9678-5d1a4bcbf138;433.04;0.011;SELL
2016-02-29T00:05:12.900000;2016-02-29T00:05:12.970000;05d9295b-40a9-41e4-984c-f0890efc976b;433.04;0.012;SELL
2016-02-29T00:05:12.900000;2016-02-29T00:05:12.970000;8ff40a8f-9b46-4ed0-9e46-b37703c66ec9;433.04;0.1;SELL
2016-02-29T00:05:32.587000;2016-02-29T00:05:32.643000;ea08eb82-ad5e-421c-ad69-12f01790719b;433.04;0.135;BUY
2016-02-29T00:05:32.587000;2016-02-29T00:05:32.660000;4223facf-890a-4f59-9011-be675e6382c2;433.04;0.135;BUY
2016-02-29T00:05:32.587000;2016-02-29T00:05:32.660000;8e59c5ec-1fd0-445f-9bbc-371bb9bf8d95;433.04;0.12730806;BUY
2016-02-29T00:05:32.587000;2016-02-29T00:05:32.660000;d4c0c2ee-bc46-4f5e-a156-2d2ad64ffe78;433.04;0.232;BUY
2016-02-29T00:05:32.587000;2016-02-29T00:05:32.660000;37191d02-9c6e-4581-aaea-1747d69cfa7c;433.04;0.232;BUY
2016-02-29T00:05:32.587000;2016-02-29T00:05:32.737000;fdc0411b-cef9-42e8-9731-534d3813979f;433.04;0.233;BUY
2016-02-29T00:05:32.587000;2016-02-29T00:05:32.737000;dc743c31-b89e-4306-a710-92034e475d80;433.04;0.13629194;BUY
2016-02-29T00:06:01.617000;2016-02-29T00:06:01.673000;6b66c6d5-d61b-4be7-887c-97423777251a;433.04;0.09670806;BUY
2016-02-29T00:06:01.617000;2016-02-29T00:06:01.690000;beedf0a9-c9c0-4687-bbcf-b5611f3e0abc;433.04;0.23;BUY
2016-02-29T00:06:01.617000;2016-02-29T00:06:01.690000;d991f619-fd94-4340-ba1a-b91fe81c4a68;433.04;0.232;BUY
2016-02-29T00:06:01.617000;2016-02-29T00:06:01.690000;dc2c67f2-4e4e-47f1-b7a2-9447e3ec21f9;433.04;0.232;BUY
2016-02-29T00:06:01.617000;2016-02-29T00:06:01.690000;23038493-d287-48cc-8ed7-27abc652c9dd;433.04;0.232;BUY
2016-02-29T00:06:01.617000;2016-02-29T00:06:01.707000;74289436-e60c-432d-9a4c-3d871bea1dc0;433.04;0.229;BUY
2016-02-29T00:06:01.617000;2016-02-29T00:06:01.720000;5b71635e-ed33-49ca-9211-730c4d6af036;433.04;0.300262;BUY
2016-02-29T00:06:01.617000;2016-02-29T00:06:01.720000;4dbab6b9-6886-4d94-b3b6-dcd6a2c0bf27;433.04;0.232;BUY
2016-02-29T00:06:01.617000;2016-02-29T00:06:01.720000;42be4e75-c776-4103-8ced-c5740a9c3106;433.04;0.232;BUY
2016-02-29T00:06:01.617000;2016-02-29T00:06:01.720000;757e5d26-3738-4e67-ad34-bda6d6fcc25b;433.04;0.23;BUY
2016-02-29T00:06:01.617000;2016-02-29T00:06:01.720000;3049221b-7507-497d-a483-14f8225c95b8;433.04;0.229;BUY
2016-02-29T00:06:01.617000;2016-02-29T00:06:01.720000;3354ab70-5928-4b1e-b30f-515d7ccfa206;433.04;0.229;BUY
2016-02-29T00:06:01.617000;2016-02-29T00:06:01.720000;b3b04e6d-2f9b-4413-af6e-e1e67457f91c;433.04;0.232;BUY
2016-02-29T00:06:01.620000;2016-02-29T00:06:01.737000;3fbab60b-467c-4b9b-85bb-4cde70330c01;433.04;0.06108994;BUY
2016-02-29T00:06:34.590000;2016-02-29T00:06:34.643000;a92a0c44-34b5-4eec-837b-d6f2dc4ae188;433.03;0.01;SELL
2016-02-29T00:06:34.590000;2016-02-29T00:06:34.660000;9bb00e73-6df9-44f5-a4c3-ec236001dea0;433.03;0.01;SELL
2016-02-29T00:06:34.590000;2016-02-29T00:06:34.660000;d31f246b-06ab-4205-a987-07fa46e08fdb;433.03;0.00799;SELL
2016-02-29T00:06:43.113000;2016-02-29T00:06:43.173000;1a7c9ebf-24f5-4f10-9e75-a4edf75fa78f;433.03;0.00301;SELL
2016-02-29T00:06:43.113000;2016-02-29T00:06:43.173000;036f3dd0-6695-4f81-96ab-57ad074ce59c;433.03;0.011;SELL
2016-02-29T00:06:43.113000;2016-02-29T00:06:43.173000;92775a92-5727-454f-ac8a-a45693982a0c;433.03;0.01;SELL
2016-02-29T00:06:48.860000;2016-02-29T00:06:48.940000;623268d1-4cd9-44ae-8ea3-72a27beaf96a;433.02;0.011;SELL
2016-02-29T00:06:54.760000;2016-02-29T00:06:54.830000;5f102a53-91ab-4e53-a61b-e5a235caf877;433.01;0.012;SELL
2016-02-29T00:06:54.763000;2016-02-29T00:06:54.830000;8ffc5dd8-66b3-4aa8-84fc-d626cd4c5cf3;433.01;0.011;SELL
2016-02-29T00:06:54.763000;2016-02-29T00:06:54.830000;d28778e7-bb3d-4949-a38a-b1af57b4f4a5;433.01;0.012;SELL
2016-02-29T00:06:54.763000;2016-02-29T00:06:54.830000;8d646a6e-c901-48bd-9837-3860cae9bd32;433.01;0.011;SELL
2016-02-29T00:06:54.763000;2016-02-29T00:06:54.830000;47712b29-ae9d-4c53-b55a-03d5a57efe32;433.01;0.011;SELL
2016-02-29T00:06:54.763000;2016-02-29T00:06:54.830000;f116c2ff-445d-4be5-9696-fc12265774ad;433.01;0.012;SELL
2016-02-29T00:06:59.583000;2016-02-29T00:06:59.627000;bed4e053-7e10-4be0-9711-2715650a62f8;433.0;0.011;SELL
2016-02-29T00:06:59.587000;2016-02-29T00:06:59.643000;a8178cfa-46a7-4156-9f11-6cca3d26d8f2;433.0;0.01;SELL
2016-02-29T00:06:59.587000;2016-02-29T00:06:59.643000;1905f565-2485-4b84-ab37-12d92583b1df;433.0;0.01;SELL
2016-02-29T00:06:59.587000;2016-02-29T00:06:59.643000;ac691c28-d3fb-4f73-9ba8-7628aa59c3a7;433.0;0.01871985;SELL
2016-02-29T00:07:02.207000;2016-02-29T00:07:02.253000;a8b2ac48-cfab-4b23-99d0-f59d9bfcd906;433.01;2.28934;BUY
2016-02-29T00:07:03.457000;2016-02-29T00:07:03.503000;4f10c31c-015b-4150-a2f5-d49583eb9114;432.99;0.011;SELL
2016-02-29T00:07:03.460000;2016-02-29T00:07:03.517000;8b315705-112c-49b6-9756-908949347ab9;432.99;0.011;SELL
2016-02-29T00:07:03.460000;2016-02-29T00:07:03.517000;077f3c67-2ef3-47a3-a9b2-626ebcf988d2;432.99;0.01;SELL
2016-02-29T00:07:03.460000;2016-02-29T00:07:03.517000;e0a006c9-6ae9-4aff-a3d9-dd2869db5c98;432.99;0.011;SELL
2016-02-29T00:07:03.460000;2016-02-29T00:07:03.550000;e2177c78-aca4-4e9a-8ce1-06032cd9ace8;432.99;0.011;SELL
2016-02-29T00:07:09.493000;2016-02-29T00:07:09.533000;dd53d297-f35b-4139-a166-352ea8bb5005;432.98;0.011;SELL
2016-02-29T00:07:09.493000;2016-02-29T00:07:09.563000;10e93870-4a68-49ba-975e-e6306dd63fd1;432.98;0.01;SELL
2016-02-29T00:07:09.493000;2016-02-29T00:07:09.563000;c6c4fab6-0eda-4305-a7f6-e638e537ff35;432.98;0.01;SELL
2016-02-29T00:07:09.493000;2016-02-29T00:07:09.563000;b3e96204-23d1-41dc-9e60-63e9e3887430;432.98;0.012;SELL
2016-02-29T00:07:23.333000;2016-02-29T00:07:23.377000;3d4e125d-ed51-430f-a71e-67d139a3166e;432.97;0.01;SELL
2016-02-29T00:07:23.333000;2016-02-29T00:07:23.393000;48805f45-f480-4b76-950c-a34841b25874;432.97;0.011;SELL
2016-02-29T00:07:23.333000;2016-02-29T00:07:23.393000;2ca18310-caf3-4ea3-acc1-eef7355e0297;432.97;0.01;SELL
2016-02-29T00:07:23.333000;2016-02-29T00:07:23.393000;ccfd1f68-4207-45c4-ad6f-418bb006fd10;432.97;0.01;SELL
2016-02-29T00:07:29.200000;2016-02-29T00:07:29.253000;d78e70a2-9d28-4d39-a6f3-ec93bc39419b;432.96;0.011;SELL
2016-02-29T00:07:29.200000;2016-02-29T00:07:29.267000;87301196-5cd1-4742-a1e1-7c09163ac88d;432.96;0.01;SELL
2016-02-29T00:07:32.157000;2016-02-29T00:07:32.220000;3140aa03-5e2c-4a6b-9d0b-38f901b3a311;432.95;0.011;SELL
2016-02-29T00:07:32.157000;2016-02-29T00:07:32.237000;a7e90bb5-5331-4313-9f2a-41a4dac8371d;432.95;0.012;SELL
2016-02-29T00:07:32.157000;2016-02-29T00:07:32.237000;be58fefd-413e-4728-a0f8-4dc1fcf1da45;432.94;0.011;SELL
2016-02-29T00:07:32.157000;2016-02-29T00:07:32.237000;5e3e2243-d062-47df-bade-275789ad30f1;432.94;0.011;SELL
2016-02-29T00:07:32.157000;2016-02-29T00:07:32.237000;6784a51c-7849-45c5-b62e-7d59ecedab98;432.94;0.01;SELL
2016-02-29T00:07:32.157000;2016-02-29T00:07:32.237000;5f46c45e-90fb-4952-9881-4fa1c0204547;432.94;0.01;SELL
2016-02-29T00:07:32.157000;2016-02-29T00:07:32.237000;adf3f595-b604-4dcd-bb17-941155cf9052;432.93;0.01;SELL
2016-02-29T00:07:32.157000;2016-02-29T00:07:32.237000;29c2429d-fa3b-4ea7-ac17-dfabb96253d5;432.93;0.01;SELL
2016-02-29T00:07:32.157000;2016-02-29T00:07:32.237000;f6f559f9-6719-4053-aabe-ac7b3d5ada9c;432.92;0.011;SELL
2016-02-29T00:07:32.157000;2016-02-29T00:07:32.267000;46697d74-17f2-442c-97be-2ef129cc5007;432.92;0.01;SELL
2016-02-29T00:07:32.160000;2016-02-29T00:07:32.267000;73b6ca08-ae82-456e-86d4-49459b9ea0a7;432.92;0.01;SELL
2016-02-29T00:07:32.160000;2016-02-29T00:07:32.267000;a08c9d00-fa5f-43f5-b500-b5c4fc3a9c93;432.92;0.012;SELL
2016-02-29T00:07:32.160000;2016-02-29T00:07:32.267000;6ac81255-6fbe-44fd-a5e1-e14e1fff4a0b;432.91;0.01;SELL
2016-02-29T00:07:32.160000;2016-02-29T00:07:32.267000;cd020e10-bbfe-40e8-b37a-98f950ebafe4;432.9;0.01;SELL
2016-02-29T00:07:32.160000;2016-02-29T00:07:32.267000;56e711cc-a567-4750-ad29-0ffab50f214a;432.9;0.01;SELL
2016-02-29T00:07:32.160000;2016-02-29T00:07:32.267000;19de1d20-ce96-4189-86eb-1a3b54a90404;432.89;0.012;SELL
2016-02-29T00:07:32.160000;2016-02-29T00:07:32.267000;19d78f2a-e2d6-4c0d-9792-070dea515032;432.89;0.01;SELL
2016-02-29T00:07:32.160000;2016-02-29T00:07:32.267000;2fff63d3-e0cd-4aca-8ee2-9f47c75aca16;432.88;0.01;SELL
2016-02-29T00:07:32.160000;2016-02-29T00:07:32.300000;f4f6056c-6fab-4cdc-9fc5-69afb1381885;432.88;0.01;SELL
2016-02-29T00:07:32.160000;2016-02-29T00:07:32.300000;0af018e8-675d-4934-824c-406726292a7e;432.88;0.01;SELL
2016-02-29T00:07:32.160000;2016-02-29T00:07:32.300000;e31f51dc-efa8-46ad-be87-d3b391b2f0e8;432.88;0.01;SELL
2016-02-29T00:07:32.160000;2016-02-29T00:07:32.300000;20298a15-82a3-41fd-993b-c4470d1998e5;432.88;0.01;SELL
2016-02-29T00:07:32.160000;2016-02-29T00:07:32.300000;6ff59bef-647c-450a-befe-ee0258e20b82;432.87;0.01;SELL
2016-02-29T00:07:32.160000;2016-02-29T00:07:32.313000;d077f206-f180-417e-b4fc-bb56a8eabf75;432.87;0.01;SELL
2016-02-29T00:07:32.160000;2016-02-29T00:07:32.313000;a345041d-e5b5-4b09-aa25-07a91591a612;432.87;0.01;SELL
2016-02-29T00:07:32.160000;2016-02-29T00:07:32.330000;4ae7882c-0052-498e-b1d2-4e151adec827;432.87;0.01;SELL
2016-02-29T00:07:32.160000;2016-02-29T00:07:32.330000;4e605796-5021-4a7c-8656-9034aa6107af;432.86;0.01;SELL
2016-02-29T00:07:32.160000;2016-02-29T00:07:32.330000;47e27380-3a79-4447-8262-fe48aff8cd2d;432.86;0.012;SELL
2016-02-29T00:07:32.160000;2016-02-29T00:07:32.330000;beb8144d-01b2-48f2-a109-dc65498d064a;432.86;0.01;SELL
2016-02-29T00:07:32.160000;2016-02-29T00:07:32.330000;34b43a77-e8cb-47b4-a5d9-d59167908e43;432.86;0.01;SELL
2016-02-29T00:07:32.160000;2016-02-29T00:07:32.330000;82b82aaf-7880-46c5-8276-d9a221523ec1;432.85;0.01;SELL
2016-02-29T00:07:32.160000;2016-02-29T00:07:32.330000;eb5f12ef-a944-445e-a94b-49bf33cf8330;432.85;0.01;SELL
2016-02-29T00:07:32.160000;2016-02-29T00:07:32.330000;c6928f02-270e-4aa9-937b-85ec7f7902b9;432.85;0.01;SELL
2016-02-29T00:07:32.163000;2016-02-29T00:07:32.330000;bc97a7b7-3f0c-4b4c-8a09-423a12e0124e;432.84;0.01;SELL
2016-02-29T00:07:32.163000;2016-02-29T00:07:32.347000;3469ee36-b852-4416-bd9d-a6119fac1c12;432.84;0.01;SELL
2016-02-29T00:07:32.163000;2016-02-29T00:07:32.347000;689e2e77-85e9-425f-a187-b34948d05957;432.83;0.012;SELL
2016-02-29T00:07:32.163000;2016-02-29T00:07:32.347000;dad36473-e47d-4765-b777-a467e5618da3;432.82;0.01;SELL
2016-02-29T00:07:32.163000;2016-02-29T00:07:32.347000;f80d2ba9-7bf6-43c8-81a4-ae0b054b7ed4;432.8;0.012;SELL
2016-02-29T00:07:32.163000;2016-02-29T00:07:32.347000;18902d92-fefc-48e2-a1de-df7ea8ccd501;432.8;0.01871985;SELL
2016-02-29T00:07:32.163000;2016-02-29T00:07:32.363000;efc2697d-8e2c-4181-899b-dc895b50d6cc;432.79;0.01;SELL
2016-02-29T00:07:32.163000;2016-02-29T00:07:32.363000;9bfc7b1b-716e-49fc-970b-4a4811e6dc2d;432.79;0.02;SELL
2016-02-29T00:07:32.163000;2016-02-29T00:07:32.363000;741cca84-634b-428e-8dce-e19fd73e69f5;432.77;0.012;SELL
2016-02-29T00:07:32.163000;2016-02-29T00:07:32.363000;c5086a8d-9cc3-457b-bf3f-68f591237718;432.77;0.093;SELL
2016-02-29T00:07:32.163000;2016-02-29T00:07:32.363000;4ce12fb3-780b-4ca4-a237-8d4ab3acf4a6;432.76;0.01;SELL
2016-02-29T00:07:32.163000;2016-02-29T00:07:32.363000;ecb98707-ee8d-4062-8c0d-092406295da6;432.76;0.01;SELL
2016-02-29T00:07:32.163000;2016-02-29T00:07:32.377000;63ee5ca0-8323-4451-b5dc-0d4aa0bbc7e4;432.74;0.012;SELL
2016-02-29T00:07:32.163000;2016-02-29T00:07:32.377000;9bb41c83-39dc-4248-8a14-cac1bf8c8654;432.74;0.01;SELL
2016-02-29T00:07:32.163000;2016-02-29T00:07:32.377000;44583516-21f5-47eb-90fa-9768c21bf0f6;432.74;0.01;SELL
2016-02-29T00:07:32.163000;2016-02-29T00:07:32.377000;66214345-6dab-4aa2-85e4-df2b9d6fb88c;432.72;0.01;SELL
2016-02-29T00:07:32.163000;2016-02-29T00:07:32.393000;f7c72f66-4e29-486c-b9e5-d4d1c6720256;432.72;0.123;SELL
2016-02-29T00:07:32.163000;2016-02-29T00:07:32.393000;7dc2e1b0-0b1d-43e8-9423-2251fc6cee84;432.71;0.012;SELL
2016-02-29T00:07:32.163000;2016-02-29T00:07:32.393000;2e193daf-41ac-48c2-a51e-0ce6d13a1f18;432.71;0.01;SELL
2016-02-29T00:07:32.163000;2016-02-29T00:07:32.393000;7d26bdb1-ce02-48bf-84a4-ac665c031467;432.71;0.01;SELL
2016-02-29T00:07:32.163000;2016-02-29T00:07:32.410000;663ffdf6-7fba-4b56-9c7b-39f0a7bda8a4;432.71;0.01;SELL
2016-02-29T00:07:32.163000;2016-02-29T00:07:32.410000;310120dc-84ac-4b9b-9cf1-428698b898f0;432.71;0.01;SELL
2016-02-29T00:07:32.167000;2016-02-29T00:07:32.410000;1623cb5d-d212-476a-b63e-39648e16e7a4;432.71;0.01;SELL
2016-02-29T00:07:32.167000;2016-02-29T00:07:32.410000;4869152a-403d-4e9f-8c78-e66994b7a65b;432.71;0.01;SELL
2016-02-29T00:07:32.167000;2016-02-29T00:07:32.410000;72574729-0280-4c47-af0f-c0d96cc25baa;432.71;0.01;SELL
2016-02-29T00:07:32.167000;2016-02-29T00:07:32.410000;983c8eb4-364c-493c-9a48-3f4ae47d37d4;432.71;0.01;SELL
2016-02-29T00:07:32.167000;2016-02-29T00:07:32.410000;8b7e15b3-d27b-4218-a54a-274c5e87e7a2;432.71;0.01;SELL
2016-02-29T00:07:32.167000;2016-02-29T00:07:32.410000;83f56740-cc83-4527-ac00-b43bc6aea317;432.69;0.01;SELL
2016-02-29T00:07:32.167000;2016-02-29T00:07:32.410000;8b91ef1a-2538-49af-b73b-57877071fcc0;432.69;0.01;SELL
2016-02-29T00:07:32.167000;2016-02-29T00:07:32.410000;f4d2392e-4c79-4ee4-bcc3-ba5a84abac24;432.69;0.01;SELL
2016-02-29T00:07:32.167000;2016-02-29T00:07:32.423000;e3e9bbe7-3970-4da9-bd6e-9be4a4acf870;432.69;0.01;SELL
2016-02-29T00:07:32.167000;2016-02-29T00:07:32.423000;ae822c85-4357-44bc-b53f-bcef02808052;432.69;0.01;SELL
2016-02-29T00:07:32.167000;2016-02-29T00:07:32.423000;47fb7d98-48c5-424d-be04-2120c2c35d7c;432.69;0.01;SELL
2016-02-29T00:07:32.167000;2016-02-29T00:07:32.423000;78fbb861-45bd-4f4d-86d9-9e05ae21211e;432.69;0.01;SELL
2016-02-29T00:07:32.167000;2016-02-29T00:07:32.423000;df5c01d0-a197-4ffe-9f12-82343397b220;432.68;0.01;SELL
2016-02-29T00:07:32.167000;2016-02-29T00:07:32.440000;e082ab21-6d58-417e-8546-062eaed8ef19;432.68;0.012;SELL
2016-02-29T00:07:32.167000;2016-02-29T00:07:32.440000;481ae4b8-d4c7-44dd-861b-716780216701;432.67;0.01;SELL
2016-02-29T00:07:32.167000;2016-02-29T00:07:32.440000;c486d282-76e0-4495-b6ee-a0e891f110b3;432.65;0.012;SELL
2016-02-29T00:07:32.167000;2016-02-29T00:07:32.440000;f34d5126-2634-4a73-b248-ebea6c307e1d;432.64;0.51;SELL
2016-02-29T00:07:32.167000;2016-02-29T00:07:32.440000;de1afd54-8fa0-4dd3-985a-c454ee8bacb0;432.63;0.094;SELL
2016-02-29T00:07:32.167000;2016-02-29T00:07:32.457000;efbbd2ff-cd81-4de9-affb-c0a5481bca62;432.63;0.68;SELL
2016-02-29T00:07:32.167000;2016-02-29T00:07:32.457000;c3b85b64-edec-4dfb-8d1b-4daf95927ae9;432.62;0.012;SELL
2016-02-29T00:07:32.167000;2016-02-29T00:07:32.457000;d042b74c-52f2-4c43-9e0f-f35a64c75e12;432.61;1.53;SELL
2016-02-29T00:07:32.167000;2016-02-29T00:07:32.457000;477a8cc1-a371-42af-adc2-9591626f377b;432.6;0.01;SELL
2016-02-29T00:07:32.167000;2016-02-29T00:07:32.457000;251f2c16-708c-4be4-bc19-7af5258229ba;432.6;0.01871985;SELL
2016-02-29T00:07:32.170000;2016-02-29T00:07:32.457000;c95839d4-2775-4ead-8faf-be642b123644;432.6;1.19;SELL
2016-02-29T00:07:32.170000;2016-02-29T00:07:32.470000;fb7cfcf5-e1c9-4ee2-bc92-f617b29c3b1c;432.59;0.012;SELL
2016-02-29T00:07:32.170000;2016-02-29T00:07:32.470000;f8e9b7b9-6973-4103-81a4-3caaaeac89d4;432.59;1.36;SELL
2016-02-29T00:07:32.170000;2016-02-29T00:07:32.470000;15610adf-7e82-4b0a-a9f1-1e452537463f;432.58;0.107;SELL
2016-02-29T00:07:32.170000;2016-02-29T00:07:32.487000;fbf66c35-4fd0-497a-9f3c-0102f2c044b8;432.57;1.5264703;SELL
2016-02-29T00:07:39.177000;2016-02-29T00:07:39.220000;162c2696-629c-467c-a8df-3ad922db7e61;432.63;0.011;SELL
2016-02-29T00:07:57.303000;2016-02-29T00:07:57.347000;742f715c-bad2-47cc-b284-664aabca93ff;432.62;0.011;SELL
2016-02-29T00:07:57.303000;2016-02-29T00:07:57.363000;19bd161b-05de-48a3-b0b4-585c4e38674e;432.59;0.011;SELL
2016-02-29T00:07:57.303000;2016-02-29T00:07:57.363000;f80f6da2-ed44-4013-b211-7a97210cc1ad;432.58;0.011;SELL
2016-02-29T00:07:57.303000;2016-02-29T00:07:57.363000;6d93fb93-dd21-4497-a3b4-8d9902e636a2;432.56;0.01;SELL
2016-02-29T00:07:57.303000;2016-02-29T00:07:57.363000;b2fff452-48d9-452d-8cfd-1437858180bf;432.56;0.012;SELL
2016-02-29T00:07:57.303000;2016-02-29T00:07:57.363000;dafb496f-b2a0-457a-9c17-63fe44a17040;432.53;0.0426;SELL
2016-02-29T00:07:57.303000;2016-02-29T00:07:57.377000;80f6b15c-f23f-44a0-882b-454d552c5156;432.53;0.012;SELL
2016-02-29T00:07:57.303000;2016-02-29T00:07:57.377000;eadb1837-4dfb-466a-b727-d7581123aff6;432.52;0.01096326;SELL
2016-02-29T00:08:04.023000;2016-02-29T00:08:04.063000;b7de48ae-962f-41fa-b683-7e5b5eebf6df;432.53;0.011;SELL
2016-02-29T00:08:32.060000;2016-02-29T00:08:32.097000;6f88a13b-70ad-482c-b66a-5a7f4b507d96;432.53;0.63426;BUY
2016-02-29T00:09:02.433000;2016-02-29T00:09:02.487000;315b3503-d589-4640-aad9-6b8620705bbf;432.52;0.01;SELL
2016-02-29T00:09:02.433000;2016-02-29T00:09:02.487000;3127c231-dae1-48a6-bdc5-85f17d582645;432.51;0.2;SELL
2016-02-29T00:09:02.433000;2016-02-29T00:09:02.487000;108c26cf-7c76-42c7-8a82-fe7dbbd03643;432.5;0.012;SELL
2016-02-29T00:09:02.433000;2016-02-29T00:09:02.487000;aca3f111-566c-40cc-aff8-dc98413a480c;432.49;0.075;SELL
2016-02-29T00:09:02.433000;2016-02-29T00:09:02.503000;60530313-72c3-4f7d-a1a7-f96777d7ac40;432.48;0.01;SELL
2016-02-29T00:09:02.433000;2016-02-29T00:09:02.503000;c1451e18-7b98-46c5-a993-a2eab63d2bd2;432.47;0.012;SELL
2016-02-29T00:09:02.433000;2016-02-29T00:09:02.517000;1ae9691d-6b24-4d84-a45e-985f6ac7c6a3;432.44;0.012;SELL
2016-02-29T00:09:02.433000;2016-02-29T00:09:02.517000;13b93197-195e-426f-9f4c-db32473f9d37;432.44;0.123;SELL
2016-02-29T00:09:02.433000;2016-02-29T00:09:02.517000;00d9759b-6a8c-48cf-9cf9-442a85e38945;432.41;0.00631;SELL
2016-02-29T00:09:02.900000;2016-02-29T00:09:02.957000;a5f5b510-12da-4b4d-9be3-daedc521dc99;432.52;0.011;BUY
2016-02-29T00:09:03.487000;2016-02-29T00:09:03.550000;fa02d121-0966-4233-bf19-7bbdea369794;432.52;0.00072;SELL
2016-02-29T00:09:32.850000;2016-02-29T00:09:32.923000;b9193c5f-3fb5-43e9-9c4d-60bea31daa1d;432.46;0.17091006;BUY
2016-02-29T00:09:32.850000;2016-02-29T00:09:32.923000;76d5bca9-6ab2-4282-b78b-338f9f3fadc4;432.46;0.232;BUY
2016-02-29T00:09:32.850000;2016-02-29T00:09:32.923000;6e00dec3-cbb2-4bd5-8889-991fce682495;432.46;0.20628994;BUY
2016-02-29T00:09:46.590000;2016-02-29T00:09:46.660000;833d8bfe-fba1-4369-90a8-338f9f3fea6e;432.45;0.01;SELL
2016-02-29T00:09:48.970000;2016-02-29T00:09:49.017000;42405a3a-6de0-471e-8c39-4480c889bc6b;432.44;0.012;SELL
2016-02-29T00:09:54.300000;2016-02-29T00:09:54.363000;dce9a2dd-eb83-4fd0-a327-4394256bb464;432.43;0.011;SELL
2016-02-29T00:09:59.593000;2016-02-29T00:09:59.643000;550a6e4d-db93-4cc8-a8d6-5c9bdbc3363e;432.42;0.011;SELL
2016-02-29T00:10:02.223000;2016-02-29T00:10:02.267000;b348a310-8646-426f-b64b-54bb8c54ce9d;432.42;0.01145333;BUY
2016-02-29T00:10:02.787000;2016-02-29T00:10:02.847000;53e7a299-23c5-4ae5-830e-2758a3d4dd93;432.42;0.011;BUY
2016-02-29T00:10:02.787000;2016-02-29T00:10:02.847000;84daadc6-6f60-4f44-ab3b-9dbc0efb6f36;432.42;6.90559;BUY
2016-02-29T00:10:02.787000;2016-02-29T00:10:02.847000;87598dde-6f28-43b7-ba36-cb17ad8e8d78;432.42;7.32617;BUY
2016-02-29T00:10:31.720000;2016-02-29T00:10:31.767000;84c4fac4-a670-4f6e-b0e2-8e6b86222ed0;432.42;0.324;BUY
2016-02-29T00:10:31.723000;2016-02-29T00:10:31.783000;22b80a43-58bc-4d70-bcc6-8dc7637f7660;432.42;0.233;BUY
2016-02-29T00:10:31.723000;2016-02-29T00:10:31.783000;62320172-07cc-4de1-bad5-b90dcb911985;432.42;0.233;BUY
2016-02-29T00:10:31.723000;2016-02-29T00:10:31.783000;86bf753f-88d6-49a5-86e2-89ad6f3d39e1;432.42;0.231;BUY
2016-02-29T00:10:31.723000;2016-02-29T00:10:31.783000;ebbc4fe0-a222-44a3-822a-bffd76ff628d;432.42;0.231;BUY
2016-02-29T00:10:31.723000;2016-02-29T00:10:31.783000;361fab77-dd46-4000-98d0-b223eb3863b0;432.42;0.233;BUY
2016-02-29T00:10:31.723000;2016-02-29T00:10:31.783000;5f3a0426-a449-4382-b1e6-cc09830106f4;432.42;0.232;BUY
2016-02-29T00:10:31.723000;2016-02-29T00:10:31.783000;b6de429d-6421-4fa2-8fca-124ca1792fbb;432.42;0.233;BUY
2016-02-29T00:10:31.723000;2016-02-29T00:10:31.800000;3dca41b9-8a2a-402b-bf0c-409ff7ad3e74;432.42;0.233;BUY
2016-02-29T00:10:31.723000;2016-02-29T00:10:31.800000;c12437bc-7c7f-40c2-85f2-df06beac9f42;432.42;0.14644;BUY
2016-02-29T00:11:02.487000;2016-02-29T00:11:02.517000;c1455d6e-2cce-4c12-91a1-ea4897267aaa;432.42;0.01201;BUY
2016-02-29T00:11:32.347000;2016-02-29T00:11:32.377000;831602e1-22ea-44a4-88d4-6f3c4cda4b73;432.42;0.07155;BUY
2016-02-29T00:11:32.347000;2016-02-29T00:11:32.393000;1cf291a7-8f15-4ab7-b4c6-60afc4d263fb;432.42;0.23;BUY
2016-02-29T00:11:32.347000;2016-02-29T00:11:32.393000;7fdbf462-15de-4acc-8558-c7b000383821;432.42;0.23;BUY
2016-02-29T00:11:32.347000;2016-02-29T00:11:32.393000;74e58919-c65d-4bf2-ade9-da4c3d04cef9;432.42;0.10499;BUY
2016-02-29T00:12:01.943000;2016-02-29T00:12:02.003000;4756e3ff-d750-471a-aa34-f7396498264c;432.42;0.12601;BUY
2016-02-29T00:12:01.943000;2016-02-29T00:12:02.003000;49ee1c65-d1d6-4861-bad4-f9f91a53f41c;432.42;0.23;BUY
2016-02-29T00:12:01.943000;2016-02-29T00:12:02.003000;a7bd360c-a8dc-4935-a5c0-4df2fe75d9d3;432.42;0.316;BUY
2016-02-29T00:12:01.943000;2016-02-29T00:12:02.003000;9ad9197f-a267-47d9-9ac5-b1ff75e1fbcf;432.42;0.24;BUY
2016-02-29T00:12:01.943000;2016-02-29T00:12:02.003000;408674a1-b94b-4ded-bede-a0122baf8548;432.42;0.89781;BUY
2016-02-29T00:12:22.297000;2016-02-29T00:12:22.330000;965df58a-64aa-4c79-b962-92a286d39a04;432.41;0.00569;SELL
2016-02-29T00:12:22.297000;2016-02-29T00:12:22.363000;44051152-9e29-4b15-9f66-687ed093bcae;432.41;0.1;SELL
2016-02-29T00:12:22.297000;2016-02-29T00:12:22.363000;7ed8a296-f4cb-4f72-afbd-c7b3928f9a18;432.4;0.01;SELL
2016-02-29T00:12:22.297000;2016-02-29T00:12:22.363000;e2bacbfc-d9ca-4301-a2d5-0e30297e2e04;432.4;0.01871985;SELL
2016-02-29T00:12:22.297000;2016-02-29T00:12:22.377000;24ef5365-d427-4ad4-af27-077c8ba501b3;432.39;0.01;SELL
2016-02-29T00:12:22.297000;2016-02-29T00:12:22.377000;29a195c3-6d9b-4d40-bb60-862a80febed6;432.39;0.01;SELL
2016-02-29T00:12:22.297000;2016-02-29T00:12:22.377000;c4347af2-c074-49e2-926d-65d52cef9dd8;432.38;0.012;SELL
2016-02-29T00:12:22.297000;2016-02-29T00:12:22.377000;c9040b84-fcdb-4b31-91b1-f5cc53cc6831;432.35;0.012;SELL
2016-02-29T00:12:22.297000;2016-02-29T00:12:22.377000;a209355c-fa58-46de-a295-245938671aad;432.33;0.17;SELL
2016-02-29T00:12:22.297000;2016-02-29T00:12:22.377000;bb270607-04f3-4e08-b9d2-ba56e9bdef6e;432.32;0.012;SELL
2016-02-29T00:12:22.297000;2016-02-29T00:12:22.393000;4a98432b-c829-4281-a6d2-0b563f5add85;432.32;0.02;SELL
2016-02-29T00:12:22.300000;2016-02-29T00:12:22.393000;2401774d-f2c1-41cb-8c06-94138d7dd812;432.3;0.108;SELL
2016-02-29T00:12:22.300000;2016-02-29T00:12:22.393000;8d33b1ae-bf23-412e-9111-2a0d02840439;432.29;0.012;SELL
2016-02-29T00:12:22.300000;2016-02-29T00:12:22.393000;30d1ade6-d83e-4f7c-95ad-6864d997ec8c;432.26;0.012;SELL
2016-02-29T00:12:22.300000;2016-02-29T00:12:22.423000;40afa6d2-e3b3-4718-b29e-9d9663b74c75;432.25;0.01;SELL
2016-02-29T00:12:22.300000;2016-02-29T00:12:22.440000;0e83adff-e3ad-4a64-a0f1-140555c353ea;432.24;0.104;SELL
2016-02-29T00:12:22.300000;2016-02-29T00:12:22.440000;481f991d-7ffc-4c4f-aa36-3091e384c021;432.23;0.012;SELL
2016-02-29T00:12:22.300000;2016-02-29T00:12:22.440000;13672933-0325-4ecc-b2b1-5bdee1aa68e7;432.22;0.01;SELL
2016-02-29T00:12:22.300000;2016-02-29T00:12:22.440000;59d7fcb7-a590-435b-b653-e537e5f032aa;432.2;0.01;SELL
2016-02-29T00:12:22.300000;2016-02-29T00:12:22.440000;f2db4dba-d8c5-4daf-9100-6581701cefce;432.2;0.012;SELL
2016-02-29T00:12:22.300000;2016-02-29T00:12:22.440000;c11ca721-a9ab-4251-a7ec-911760b3e9c7;432.2;0.01871985;SELL
2016-02-29T00:12:22.300000;2016-02-29T00:12:22.440000;71179cd1-2f2e-4abc-afee-6d2a95b0ee9f;432.19;0.01;SELL
2016-02-29T00:12:22.300000;2016-02-29T00:12:22.440000;bd532cb6-b54e-4869-b150-ed62242e9d46;432.19;0.089;SELL
2016-02-29T00:12:22.300000;2016-02-29T00:12:22.440000;43806b4c-6236-4e16-b523-f1ffbb5702f3;432.18;0.01;SELL
2016-02-29T00:12:22.300000;2016-02-29T00:12:22.440000;3aedf4b3-175e-4bb1-8006-a7d410d86c45;432.17;0.012;SELL
2016-02-29T00:12:22.300000;2016-02-29T00:12:22.440000;8fed2e27-118b-41f5-9f7e-589bef984468;432.15;0.3956203;SELL
2016-02-29T00:12:22.313000;2016-02-29T00:12:22.440000;32f39bd4-c4cd-4069-99b8-22cfe359c3ce;432.15;0.068;SELL
2016-02-29T00:12:29.813000;2016-02-29T00:12:29.847000;a3437710-a018-4abd-b6cc-3a06a7e43a52;432.24;0.011;SELL
2016-02-29T00:12:40.463000;2016-02-29T00:12:40.503000;5fc49c58-90d8-48f6-99d4-a12c628c26e4;432.18;0.01;SELL
2016-02-29T00:13:01.883000;2016-02-29T00:13:01.910000;8b4de8ea-ed3e-464b-b81e-51daa82e2bb6;432.17;0.012;SELL
2016-02-29T00:13:01.883000;2016-02-29T00:13:01.923000;9d9d9b06-6cf6-41fa-83fa-ac7ca1935907;432.14;0.00551;SELL
2016-02-29T00:13:02.727000;2016-02-29T00:13:02.767000;ba79650b-26c5-4216-9b4b-8a259d3163bc;432.18;0.01;BUY
2016-02-29T00:13:02.727000;2016-02-29T00:13:02.767000;f30e8027-937c-44f4-a396-b7cc12919437;432.18;0.00287;BUY
2016-02-29T00:13:31.677000;2016-02-29T00:13:31.707000;e6ce01b6-8e6d-409e-95ea-c815c4121ec9;432.15;0.01;SELL
2016-02-29T00:13:31.677000;2016-02-29T00:13:31.720000;c179998f-90aa-4430-ab6c-1dc4e0dc87f7;432.14;0.00649;SELL
2016-02-29T00:13:31.677000;2016-02-29T00:13:31.720000;add20dbc-dc4a-4349-b4b3-3f15f5279938;432.14;0.125;SELL
2016-02-29T00:13:31.677000;2016-02-29T00:13:31.720000;443ce97b-2a5e-4c0a-adb5-14e30662a4ee;432.11;0.012;SELL
2016-02-29T00:13:31.677000;2016-02-29T00:13:31.737000;211e27f4-100e-4f5f-bcda-1e67ef33a511;432.09;0.01;SELL
2016-02-29T00:13:31.677000;2016-02-29T00:13:31.737000;1ccf0dc0-63aa-4139-8750-a919504fc3bf;432.08;0.012;SELL
2016-02-29T00:13:31.677000;2016-02-29T00:13:31.737000;a15b5e04-5a5c-4884-861d-b3de196c7f0d;432.06;0.124;SELL
2016-02-29T00:13:31.677000;2016-02-29T00:13:31.817000;ec82794d-9a74-4fb9-a765-13fe2d46b45a;432.05;0.012;SELL
2016-02-29T00:13:31.677000;2016-02-29T00:13:31.817000;2b76cdfe-3bbc-4aa3-b958-6aacae6d1874;432.03;0.01;SELL
2016-02-29T00:13:31.677000;2016-02-29T00:13:31.817000;34fb5c4b-fe21-4e0d-a4b5-914501854855;432.02;0.012;SELL
2016-02-29T00:13:31.677000;2016-02-29T00:13:31.817000;d7c00373-90e1-496d-a57a-cf7e220ffee9;432.02;0.01;SELL
2016-02-29T00:13:31.680000;2016-02-29T00:13:31.817000;43ea7946-c3e7-40e3-bd2a-c24f9f73a50c;432.02;0.03;SELL
2016-02-29T00:13:31.680000;2016-02-29T00:13:31.817000;cf7ed1e7-7351-4821-ab1e-cb084919d329;432.01;2.22725;SELL
2016-02-29T00:13:35.570000;2016-02-29T00:13:35.597000;4fe3a55c-07ec-4f4a-8d64-4dbb28c609dc;432.03;0.01;SELL
2016-02-29T00:13:35.570000;2016-02-29T00:13:35.613000;797db735-b5c1-4011-a86b-e95195c48a4d;432.03;0.19648015;SELL
2016-02-29T00:13:35.870000;2016-02-29T00:13:35.923000;451b5830-171d-494d-beda-1a673654eb45;432.03;0.20798999;SELL
2016-02-29T00:13:38.860000;2016-02-29T00:13:38.893000;b4f117da-71b5-4b13-a2e9-032527f5b532;432.02;0.2036367;SELL
2016-02-29T00:13:38.950000;2016-02-29T00:13:38.987000;a7a18c26-0b89-4a06-822c-11357ac72322;432.02;0.20519999;SELL
2016-02-29T00:14:01.820000;2016-02-29T00:14:01.847000;20c93374-538b-4627-94e8-25e59f07824f;432.08;0.012;BUY
2016-02-29T00:14:01.820000;2016-02-29T00:14:01.863000;b9672103-498c-4fc6-8a96-dc0ec49e9adc;432.1;0.09818;BUY
2016-02-29T00:14:22.330000;2016-02-29T00:14:22.363000;fe4d0a00-879e-4222-8d78-8d3ba585b7a5;432.11;0.012;BUY
2016-02-29T00:14:42.660000;2016-02-29T00:14:42.690000;c1bb83b4-3998-4b05-8588-607475c51b78;432.14;0.012;BUY
2016-02-29T00:15:01.227000;2016-02-29T00:15:01.253000;dade86b6-da32-4344-a0d6-e0ae1c13fcc6;432.15;0.01;SELL
2016-02-29T00:15:01.227000;2016-02-29T00:15:01.267000;271fdbf6-48c8-4ede-9a01-f8dac65c600a;432.14;0.00087333;SELL
2016-02-29T00:15:01.227000;2016-02-29T00:15:01.267000;eff0579a-a6cd-4168-9f83-b8f0d1a96096;432.12;0.01;SELL
2016-02-29T00:15:01.227000;2016-02-29T00:15:01.300000;7387f839-80bf-48d1-9a30-232469c9711f;432.1;0.00369667;SELL
2016-02-29T00:15:02.600000;2016-02-29T00:15:02.643000;b17ec67a-6e42-44d7-8fcf-24d513b96511;432.16;0.011;BUY
2016-02-29T00:15:02.600000;2016-02-29T00:15:02.643000;7d5491b7-142b-417a-b1a9-2a228b3af7ca;432.16;0.00195333;BUY
2016-02-29T00:15:31.563000;2016-02-29T00:15:31.613000;60049b71-53f9-4946-9146-ed2a5ffc221f;432.16;0.02;BUY
2016-02-29T00:15:31.563000;2016-02-29T00:15:31.643000;05844e3b-0b83-4b82-8954-95ee1a83c348;432.17;0.011;BUY
2016-02-29T00:15:31.563000;2016-02-29T00:15:31.643000;cd867709-d713-478d-b2dd-9783108f7697;432.17;0.012;BUY
2016-02-29T00:15:31.563000;2016-02-29T00:15:31.643000;05dec9aa-f67f-4f26-87e6-2f0a6485a522;432.19;0.121;BUY
2016-02-29T00:15:31.563000;2016-02-29T00:15:31.660000;2e8702ec-93b7-4c97-ae5f-82303ff15163;432.2;0.012;BUY
2016-02-29T00:15:31.563000;2016-02-29T00:15:31.660000;4acdc138-9408-43da-88fa-903f5be65079;432.21;1.19;BUY
2016-02-29T00:15:31.563000;2016-02-29T00:15:31.660000;d30f2873-d7f2-42ed-98d3-b0ee2a6e616a;432.21;0.57143;BUY
2016-02-29T00:16:02.030000;2016-02-29T00:16:02.050000;b300e68c-bd27-40ad-b3eb-8419d067335d;432.2;0.011;BUY
2016-02-29T00:16:02.030000;2016-02-29T00:16:02.067000;72905ed8-9f08-4800-8037-7da6bedccdff;432.2;0.22824;BUY
2016-02-29T00:16:31.677000;2016-02-29T00:16:31.707000;722aa235-1cc0-4ca1-b5f3-6472ff68a283;432.2;0.39804;BUY
2016-02-29T00:17:32.000000;2016-02-29T00:17:32.033000;dd3baed1-6b65-4e30-9d82-2813ffe9ef06;432.2;0.49408;BUY
2016-02-29T00:18:03.003000;2016-02-29T00:18:03.020000;5a66a95d-ab87-43b9-8944-5b293f5fbc68;432.2;0.01;SELL
2016-02-29T00:18:03.007000;2016-02-29T00:18:03.033000;3571f8ed-67ed-47d9-a4cb-c762a9f28de2;432.19;0.01;SELL
2016-02-29T00:18:03.007000;2016-02-29T00:18:03.033000;b532fc1c-f05b-478b-9e7d-6590ccad8356;432.18;0.00938;SELL
2016-02-29T00:18:10.993000;2016-02-29T00:18:11.020000;87743d61-f255-4e87-8100-d6bba25da4cb;432.21;0.019;BUY
2016-02-29T00:18:31.757000;2016-02-29T00:18:31.770000;fe2e0146-2ac8-4a47-bb09-095664d9a321;432.21;0.23048;BUY
2016-02-29T00:19:01.243000;2016-02-29T00:19:01.270000;05c51501-9975-4e47-99ea-aaa4906a4662;432.2;0.07937;BUY
2016-02-29T00:19:29.157000;2016-02-29T00:19:29.207000;2ef6771d-32d7-4f15-a4fb-cfd8f3008a91;432.19;0.01;SELL
2016-02-29T00:19:29.157000;2016-02-29T00:19:29.223000;d4fc95b1-fb70-4cc2-bc83-6b59ac241211;432.18;0.00062;SELL
2016-02-29T00:19:29.157000;2016-02-29T00:19:29.223000;024daec8-2791-4744-984a-a01ec670a6cd;432.17;0.01;SELL
2016-02-29T00:19:29.157000;2016-02-29T00:19:29.223000;758d7265-4ff7-454e-898b-6e7561c885dc;432.16;0.01;SELL
2016-02-29T00:19:29.157000;2016-02-29T00:19:29.223000;2d06f2ce-e2ca-4656-bb06-6a19adc06656;432.15;0.01;SELL
2016-02-29T00:19:31.617000;2016-02-29T00:19:31.673000;d86c69f8-6ba5-43ed-a8fb-f3db9489a4ac;432.14;0.012;SELL
2016-02-29T00:19:31.617000;2016-02-29T00:19:31.690000;8060d23c-e1a9-4054-9e20-b31e8dc536e6;432.12;0.01;SELL
2016-02-29T00:19:31.617000;2016-02-29T00:19:31.690000;3a39aabc-a94f-4674-96a8-01307639103f;432.11;0.011;SELL
2016-02-29T00:19:31.617000;2016-02-29T00:19:31.690000;0ec6dfa7-528f-484b-9421-676b3802da8d;432.11;0.012;SELL
2016-02-29T00:19:31.617000;2016-02-29T00:19:31.690000;aa94058e-5baa-4d2a-819e-66548cd2b96f;432.1;0.01;SELL
2016-02-29T00:19:31.617000;2016-02-29T00:19:31.690000;92642c1b-6cac-4b18-b0bc-ea1c4d949e78;432.09;0.01;SELL
2016-02-29T00:19:31.620000;2016-02-29T00:19:31.707000;3b2ac428-f587-43d6-a727-660a83293476;432.08;0.012;SELL
2016-02-29T00:19:31.620000;2016-02-29T00:19:31.707000;30160eed-cd57-4ea8-bc1a-f3e58ad50db7;432.05;0.012;SELL
2016-02-29T00:19:31.620000;2016-02-29T00:19:31.707000;6efa8d64-a5e5-4d1a-af5d-0dd1e83bef72;432.04;4.0;SELL
2016-02-29T00:19:31.620000;2016-02-29T00:19:31.707000;40693cca-bf11-408b-b3de-7ca7bb2e1ba7;432.03;0.01;SELL
2016-02-29T00:19:31.620000;2016-02-29T00:19:31.707000;cc2f00e0-5f80-4606-9e8a-0932f73ae5ca;432.02;0.012;SELL
2016-02-29T00:19:31.620000;2016-02-29T00:19:31.723000;55918dc9-db48-42af-842a-ad82b27c0b65;432.01;2.82275;SELL
2016-02-29T00:19:31.620000;2016-02-29T00:19:31.723000;acbddca4-53cd-4428-96ca-17d58adeb70b;432.01;0.01;SELL
2016-02-29T00:19:31.620000;2016-02-29T00:19:31.723000;c8842a3a-371b-4cf4-bf49-d762f1505dc8;432.0;0.01;SELL
2016-02-29T00:19:31.620000;2016-02-29T00:19:31.723000;d84ccdab-9a95-4d85-80de-9bdde0b70e55;432.0;0.01875789;SELL
2016-02-29T00:19:31.620000;2016-02-29T00:19:31.737000;527a71b4-09ee-4948-bb4c-7a931a851d80;432.0;0.03;SELL
2016-02-29T00:19:31.620000;2016-02-29T00:19:31.737000;33353fca-98c3-44f8-9dae-eb5b7ba34f9f;431.99;0.01;SELL
2016-02-29T00:19:31.620000;2016-02-29T00:19:31.737000;5068b519-12d3-4580-bb94-fb0678d45719;431.99;0.012;SELL
2016-02-29T00:19:31.620000;2016-02-29T00:19:31.753000;a87e088d-7059-4c50-aea7-530beea786e8;431.98;0.01;SELL
2016-02-29T00:19:31.620000;2016-02-29T00:19:31.753000;0deb33cb-ca00-4f87-b580-2aa154d3ae12;431.97;0.01;SELL
2016-02-29T00:19:31.620000;2016-02-29T00:19:31.753000;5cc41e21-68a1-4dc6-a7cc-b71a39c3a62c;431.96;0.012;SELL
2016-02-29T00:19:31.620000;2016-02-29T00:19:31.753000;c66de982-4b48-4b96-a9f7-e50e0294f6f0;431.94;0.01;SELL
2016-02-29T00:19:31.620000;2016-02-29T00:19:31.753000;30e81385-9ff3-435e-a21d-2fc60ead22bf;431.93;0.012;SELL
2016-02-29T00:19:31.620000;2016-02-29T00:19:31.753000;a79f03cf-fc3c-47d0-bff3-e24e2991ceba;431.92;0.01;SELL
2016-02-29T00:19:31.620000;2016-02-29T00:19:31.753000;796b99fe-c1a9-42af-af98-0d9f975eaca4;431.91;0.01;SELL
2016-02-29T00:19:31.620000;2016-02-29T00:19:31.770000;b26306ce-5f99-4782-a49f-b58909d040b3;431.91;0.01;SELL
2016-02-29T00:19:31.620000;2016-02-29T00:19:31.770000;238cec46-68e3-4dee-8759-2d6c8a71b4bc;431.9;0.01;SELL
2016-02-29T00:19:31.620000;2016-02-29T00:19:31.770000;bbaaf3ce-95f7-4d68-b09b-0190414fb196;431.9;0.012;SELL
2016-02-29T00:19:31.623000;2016-02-29T00:19:31.770000;986f2f75-07f2-4bba-8d36-4908ab502fa1;431.88;0.01;SELL
2016-02-29T00:19:31.623000;2016-02-29T00:19:31.770000;6b4952bc-6d78-4373-a255-758a5a826ef3;431.87;0.012;SELL
2016-02-29T00:19:31.623000;2016-02-29T00:19:31.770000;29be21c9-bdc8-4868-81ba-0c20d6748455;431.87;0.093;SELL
2016-02-29T00:19:31.623000;2016-02-29T00:19:31.770000;7b89cf54-f201-4ad4-a327-27eec0aae45d;431.85;0.02;SELL
2016-02-29T00:19:31.623000;2016-02-29T00:19:31.800000;4450f6ae-1242-4146-8d73-24916f3d1c0e;431.84;0.01;SELL
2016-02-29T00:19:31.623000;2016-02-29T00:19:31.800000;b3d81018-b405-4125-92d9-9d5cf05dc34a;431.84;0.01;SELL
2016-02-29T00:19:31.623000;2016-02-29T00:19:31.800000;f3c35c05-8095-4d6c-9984-1d091e891eff;431.84;0.01;SELL
2016-02-29T00:19:31.623000;2016-02-29T00:19:31.800000;69311d00-2c2c-4371-9bc0-7c32079a8c45;431.84;0.012;SELL
2016-02-29T00:19:31.623000;2016-02-29T00:19:31.847000;88c00185-63be-434a-bc65-144d1ddf840a;431.84;0.01;SELL
2016-02-29T00:19:31.623000;2016-02-29T00:19:31.847000;262a2f9c-fd35-4cff-b71f-cb2589be957b;431.84;0.01;SELL
2016-02-29T00:19:31.623000;2016-02-29T00:19:31.847000;18a55d2d-d75b-4e6a-b43f-7685245857d1;431.84;0.01;SELL
2016-02-29T00:19:31.623000;2016-02-29T00:19:31.847000;ae707e43-5097-4a51-8639-3d8c05ee66b6;431.84;0.01;SELL
2016-02-29T00:19:32.123000;2016-02-29T00:19:32.190000;fd613446-f00a-480f-8634-166538610580;432.16;0.01;BUY
2016-02-29T00:19:32.123000;2016-02-29T00:19:32.190000;888e873d-57ac-4aca-a6aa-c3ec73bd35c1;432.17;0.0912;BUY
2016-02-29T00:19:34.560000;2016-02-29T00:19:34.613000;24e46f99-c6a9-4821-9cd6-16ffbf44b439;431.87;0.012;SELL
2016-02-29T00:19:34.560000;2016-02-29T00:19:34.627000;8c50da5c-89b1-4e8f-8543-76ba6943e820;431.85;0.01;SELL
2016-02-29T00:19:34.560000;2016-02-29T00:19:34.627000;1b119f19-719c-47e9-8431-b569cfdd9eec;431.84;0.011;SELL
2016-02-29T00:19:34.560000;2016-02-29T00:19:34.627000;41c8152f-490e-4710-985b-72f1f423f7ce;431.84;0.011;SELL
2016-02-29T00:19:34.560000;2016-02-29T00:19:34.627000;f013bb37-5e44-44aa-8264-e54785a41a78;431.84;0.012;SELL
2016-02-29T00:19:34.560000;2016-02-29T00:19:34.627000;fe11a2bc-7279-4704-8a86-e797b45e8158;431.83;0.01;SELL
2016-02-29T00:19:34.560000;2016-02-29T00:19:34.627000;27e5b8cb-611c-4a3c-87b7-7ddac6d94df8;431.81;0.01;SELL
2016-02-29T00:19:34.560000;2016-02-29T00:19:34.627000;2f602a14-edaf-4952-a33c-b3f0f96c092f;431.81;0.012;SELL
2016-02-29T00:19:34.560000;2016-02-29T00:19:34.643000;31b1a86c-1335-4c69-95d8-83592b9d521e;431.8;0.01;SELL
2016-02-29T00:19:34.560000;2016-02-29T00:19:34.643000;44d3af3a-c83c-44f6-a13e-9fec1d9f7a7b;431.8;0.010025;SELL
2016-02-29T00:19:34.560000;2016-02-29T00:19:34.643000;6f0962d7-4111-4df9-8803-64caa2e93a5f;431.8;0.01875789;SELL
2016-02-29T00:19:34.560000;2016-02-29T00:19:34.643000;afe1bbb5-9bda-4b82-9a65-bf96f0e0f997;431.78;0.01;SELL
2016-02-29T00:19:34.560000;2016-02-29T00:19:34.643000;761c18c5-8987-4d3f-ae09-139f5f110b43;431.78;0.012;SELL
2016-02-29T00:19:34.560000;2016-02-29T00:19:34.643000;14c4bddb-e20c-478c-a14b-7ce19bbb12a4;431.77;0.01;SELL
2016-02-29T00:19:34.560000;2016-02-29T00:19:34.660000;3d3d6a3c-8831-4c17-b701-79b635ed9366;431.76;0.01;SELL
2016-02-29T00:19:37.110000;2016-02-29T00:19:37.190000;6293fdda-5210-4b1e-96c9-7f86d2339310;431.75;0.01;SELL
2016-02-29T00:19:37.110000;2016-02-29T00:19:37.190000;243bd270-e684-4adc-8969-b00dc9886d84;431.75;0.012;SELL
2016-02-29T00:19:37.110000;2016-02-29T00:19:37.190000;8048459d-2a9b-4883-b92a-e3101fb9f89e;431.72;0.01;SELL
2016-02-29T00:19:37.110000;2016-02-29T00:19:37.190000;f82745e7-3ccb-4e07-a315-e49ff36f89a2;431.72;0.012;SELL
2016-02-29T00:19:37.110000;2016-02-29T00:19:37.190000;bbe51336-de2a-4b01-b08c-82dc4f728ee0;431.72;0.01;SELL
2016-02-29T00:19:37.110000;2016-02-29T00:19:37.190000;b10d3d10-02c1-4c03-aab6-efab9aa3cd32;431.69;0.01;SELL
2016-02-29T00:19:37.110000;2016-02-29T00:19:37.190000;899a507a-2f30-47ad-af01-1b2ecc48fc1c;431.69;0.01;SELL
2016-02-29T00:19:37.110000;2016-02-29T00:19:37.207000;ee714f5d-0bbe-4e87-951b-222e1e856801;431.69;0.012;SELL
2016-02-29T00:19:37.110000;2016-02-29T00:19:37.207000;f0929a34-dcc1-47e6-9c78-42928a4f0f28;431.69;0.01;SELL
2016-02-29T00:19:37.110000;2016-02-29T00:19:37.207000;35e40167-6bbb-49f1-bd5c-33d848464fb9;431.68;0.01;SELL
2016-02-29T00:19:37.110000;2016-02-29T00:19:37.207000;1858cdeb-c91b-49f9-b556-96859d210622;431.66;0.0105;SELL
2016-02-29T00:19:37.110000;2016-02-29T00:19:37.207000;f070f72e-6ad7-4177-9939-8ebb8682ff76;431.66;0.01;SELL
2016-02-29T00:19:37.110000;2016-02-29T00:19:37.223000;97877c90-b652-4cd8-98f9-699dce7cee14;431.66;0.012;SELL
2016-02-29T00:19:37.113000;2016-02-29T00:19:37.223000;9facf928-16b6-4a9a-91f4-65bcf3e1d4cd;431.65;0.01;SELL
2016-02-29T00:19:37.113000;2016-02-29T00:19:37.223000;e4721e93-9c79-46e2-bddb-031f30a2ab5a;431.64;0.01;SELL
2016-02-29T00:19:37.113000;2016-02-29T00:19:37.223000;0928ce5f-86ee-413a-9d8e-dcf46ac91a35;431.64;0.01;SELL
2016-02-29T00:19:37.113000;2016-02-29T00:19:37.223000;b05e8fef-e26a-4780-b8a2-578939b1e128;431.63;0.01;SELL
2016-02-29T00:19:37.113000;2016-02-29T00:19:37.223000;07fbd3c8-8c76-4a96-824b-6f6d3f74893f;431.63;0.012;SELL
2016-02-29T00:19:37.113000;2016-02-29T00:19:37.237000;ddbd5aea-c5c3-469a-a15b-c38e92a55472;431.6;0.01;SELL
2016-02-29T00:19:37.113000;2016-02-29T00:19:37.237000;8254a32b-bbe3-4ff4-bf58-75d45a00b9de;431.6;0.01;SELL
2016-02-29T00:19:37.113000;2016-02-29T00:19:37.237000;94216e82-44f5-4501-b9cb-e06957a12080;431.6;0.012;SELL
2016-02-29T00:19:37.113000;2016-02-29T00:19:37.237000;571f6de7-ec1b-4fed-94ec-1b9e7c68f3e3;431.59;0.118;SELL
2016-02-29T00:19:37.113000;2016-02-29T00:19:37.237000;ff4fbca9-e38d-4c0c-aee0-0b14cd18583b;431.58;1.0;SELL
2016-02-29T00:19:37.113000;2016-02-29T00:19:37.253000;d8c964ec-2ab8-4d29-a1e4-7e1f60352845;431.58;0.0105;SELL
2016-02-29T00:19:37.113000;2016-02-29T00:19:37.253000;69a9367b-f1d1-4902-91c1-cfe8b381702b;431.57;0.0105;SELL
2016-02-29T00:19:37.113000;2016-02-29T00:19:37.253000;0967099f-0df4-4295-8802-1de2d24351d7;431.57;0.12666645;SELL
2016-02-29T00:19:37.113000;2016-02-29T00:19:37.253000;7357e7e8-ff78-4fe5-b1ae-27f9a3ee4234;431.57;0.01873113;SELL
2016-02-29T00:19:37.113000;2016-02-29T00:19:37.270000;21bcce3c-6a27-46fc-8374-dbc441e18b2c;431.57;0.01;SELL
2016-02-29T00:19:37.113000;2016-02-29T00:19:37.270000;3b83b467-8568-4552-bba5-d8271c4158f9;431.57;0.01;SELL
2016-02-29T00:19:37.113000;2016-02-29T00:19:37.270000;cd91415c-daf1-4d5b-aa0a-174be8d315c0;431.57;0.012;SELL
2016-02-29T00:19:37.113000;2016-02-29T00:19:37.270000;ec6ef9c6-7f5a-4f1f-8f3c-877ac7264d28;431.56;0.01;SELL
2016-02-29T00:19:37.113000;2016-02-29T00:19:37.270000;571b7af1-5edd-4dce-8d51-573f69ff74c9;431.54;0.01;SELL
2016-02-29T00:19:37.113000;2016-02-29T00:19:37.270000;c93a9923-a190-4cfa-8724-a00017f6134a;431.54;0.012;SELL
2016-02-29T00:19:37.113000;2016-02-29T00:19:37.283000;ff293a7f-9ff1-4286-bc13-4476e987b8ec;431.53;0.01;SELL
2016-02-29T00:19:37.117000;2016-02-29T00:19:37.283000;3aa1536c-79db-463e-b777-efafc0afc4da;431.52;0.01;SELL
2016-02-29T00:19:37.117000;2016-02-29T00:19:37.283000;7806dc3d-b84c-4aa1-812b-a8b522003322;431.52;0.3;SELL
2016-02-29T00:19:37.117000;2016-02-29T00:19:37.283000;890c39f9-0736-4471-95f7-6df1a1c00c14;431.51;0.01;SELL
2016-02-29T00:19:37.117000;2016-02-29T00:19:37.300000;dba57064-3122-4de0-ae06-23e62d119a65;431.51;0.012;SELL
2016-02-29T00:19:37.117000;2016-02-29T00:19:37.300000;870da75f-2263-48c6-95a1-0c9ce7fb3bf7;431.48;0.93712453;SELL
2016-02-29T00:19:37.117000;2016-02-29T00:19:37.300000;fcabc2a3-cb9b-4c33-87ed-a14898228259;431.48;0.012;SELL
2016-02-29T00:19:37.117000;2016-02-29T00:19:37.300000;a3d02942-b451-4284-8b73-2fcb43aae42b;431.47;0.01;SELL
2016-02-29T00:19:37.117000;2016-02-29T00:19:37.300000;64a73d80-b51d-4d79-8b62-42a6876e2a52;431.45;0.01;SELL
2016-02-29T00:19:37.117000;2016-02-29T00:19:37.300000;627ff0e5-bd36-4cdf-b855-8ac16243aebb;431.45;0.012;SELL
2016-02-29T00:19:37.117000;2016-02-29T00:19:37.330000;6f577668-2e6a-4ef6-9fb5-6b839cd0809d;431.44;0.01;SELL
2016-02-29T00:19:37.117000;2016-02-29T00:19:37.330000;8a7ae8f2-4e1a-4e5d-a336-0fc21fb4de39;431.44;0.01;SELL
2016-02-29T00:19:37.117000;2016-02-29T00:19:37.330000;5ca7046a-70be-4dde-ac33-48077c0d425b;431.42;0.012;SELL
2016-02-29T00:19:37.117000;2016-02-29T00:19:37.330000;4da46934-e16a-448d-b0fa-e0b3a82256cb;431.4;0.01;SELL
2016-02-29T00:19:37.117000;2016-02-29T00:19:37.330000;fc756ee7-ad7c-4d85-9334-9a3ecb0662d3;431.4;0.01;SELL
2016-02-29T00:19:37.117000;2016-02-29T00:19:37.330000;71d6e6d8-184d-4a0d-bf82-3f6bd1981cda;431.4;0.01;SELL
2016-02-29T00:19:37.117000;2016-02-29T00:19:37.330000;77a5cf1c-7a54-4b64-8c6d-67017707acc5;431.39;0.012;SELL
2016-02-29T00:19:37.117000;2016-02-29T00:19:37.347000;8ab420f9-69ee-445f-95cd-0216ed017991;431.39;0.01;SELL
2016-02-29T00:19:37.117000;2016-02-29T00:19:37.347000;1d348c19-6103-4107-bd2f-14d51cc91d86;431.37;0.01;SELL
2016-02-29T00:19:58.420000;2016-02-29T00:19:58.473000;4d0e9646-6c91-4920-abdf-ec7f7c003b6c;431.38;0.02;SELL
2016-02-29T00:20:02.090000;2016-02-29T00:20:02.143000;3f0a03fa-4cfa-41c8-87ce-f3a9fbaf8298;431.37;0.12094;BUY
2016-02-29T00:20:04.430000;2016-02-29T00:20:04.473000;924dc692-5c1a-47d1-ad04-57eca74f09a3;431.36;0.01;SELL
2016-02-29T00:20:04.430000;2016-02-29T00:20:04.487000;9d62adb6-ef07-4787-a103-68f9bfbc67b6;431.36;0.012;SELL
2016-02-29T00:20:09.653000;2016-02-29T00:20:09.707000;9b33293b-1057-4d90-b91b-b907fe5a7e16;431.34;0.01;SELL
2016-02-29T00:20:09.653000;2016-02-29T00:20:09.707000;7d5c9024-41a7-47b3-8886-f08812ef0a67;431.34;0.01;SELL
2016-02-29T00:20:09.653000;2016-02-29T00:20:09.707000;d5d4f1b0-5af5-4357-bfe9-5f130c095161;431.33;0.01;SELL
2016-02-29T00:20:09.653000;2016-02-29T00:20:09.723000;93dcadee-39f3-49e1-8685-25c93f2539e9;431.33;0.012;SELL
2016-02-29T00:20:09.653000;2016-02-29T00:20:09.723000;0eab487e-c46d-47d0-96cd-b66adce22e4a;431.32;0.01;SELL
2016-02-29T00:20:11.873000;2016-02-29T00:20:11.923000;27cb9cb7-51b1-4185-a442-922d197cad95;431.3;0.01;SELL
2016-02-29T00:20:11.873000;2016-02-29T00:20:11.923000;e3d03c80-76aa-406b-9afe-f0ac9a0f3376;431.3;0.012;SELL
2016-02-29T00:20:11.873000;2016-02-29T00:20:11.923000;0fcce3f4-c6c7-46e1-8f66-ae21570b60d6;431.28;0.01;SELL
2016-02-29T00:20:11.873000;2016-02-29T00:20:11.923000;89b605ff-3b93-4191-aefe-d2d45c8b7b4a;431.28;0.01;SELL
2016-02-29T00:20:11.873000;2016-02-29T00:20:11.957000;7a04efbe-83ed-4d68-a044-672927856b78;431.27;0.012;SELL
2016-02-29T00:20:11.873000;2016-02-29T00:20:11.957000;ba984b2f-3d9a-4d9c-9117-ba52511b5468;431.26;0.01;SELL
2016-02-29T00:20:15.000000;2016-02-29T00:20:15.050000;9cfd8d63-4def-47dc-8e09-39e8f1c5b83c;431.25;0.01;SELL
2016-02-29T00:20:15.000000;2016-02-29T00:20:15.050000;0252fb6b-6b06-4295-989d-927b0b1c009b;431.25;0.01;SELL
2016-02-29T00:20:15.000000;2016-02-29T00:20:15.050000;363cbd29-1b1a-4fcd-87ad-832fa7e52ac3;431.25;0.01;SELL
2016-02-29T00:20:32.250000;2016-02-29T00:20:32.300000;d6e32b31-ca56-4de3-ad46-2dd759945f58;431.24;0.01;SELL
2016-02-29T00:20:32.250000;2016-02-29T00:20:32.317000;3b038d9f-992a-4798-b0ce-fe3dc0be2139;431.24;0.012;SELL
2016-02-29T00:20:32.250000;2016-02-29T00:20:32.317000;442af1e3-988b-49d7-bf7e-54ebdbb1b95c;431.21;0.01;SELL
2016-02-29T00:20:32.250000;2016-02-29T00:20:32.347000;a016493d-3278-487a-b996-9bfee8d29f1f;431.21;0.01;SELL
2016-02-29T00:20:32.250000;2016-02-29T00:20:32.363000;e7afc875-4058-46a0-ab3e-79b49d17fceb;431.21;0.012;SELL
2016-02-29T00:20:32.250000;2016-02-29T00:20:32.363000;455a6a65-d4d9-4345-b4f9-14a90dab830d;431.2;0.01;SELL
2016-02-29T00:20:32.250000;2016-02-29T00:20:32.363000;61f537a2-2b9b-478b-acc7-1e073562a26f;431.2;0.01;SELL
2016-02-29T00:20:32.250000;2016-02-29T00:20:32.363000;7336e252-2aed-4a7f-8962-d42a1fa5bbdf;431.2;0.0187728;SELL
2016-02-29T00:20:32.253000;2016-02-29T00:20:32.363000;7bad8b1c-441f-4004-8daf-d3ed6c66fc83;431.18;0.36340029;SELL
2016-02-29T00:20:32.253000;2016-02-29T00:20:32.363000;617a848e-e5b4-43b2-8634-fd806b3b66e6;431.18;0.01;SELL
2016-02-29T00:20:32.253000;2016-02-29T00:20:32.363000;d64087d3-c758-4e24-976c-c53586590193;431.18;0.012;SELL
2016-02-29T00:20:32.253000;2016-02-29T00:20:32.363000;446c59f1-db0a-43d5-9ada-3d348f5ff6ab;431.16;0.01;SELL
2016-02-29T00:20:32.253000;2016-02-29T00:20:32.363000;4ee6991b-9e6d-4448-9dce-615e80553acd;431.15;0.11302295;SELL
2016-02-29T00:20:32.253000;2016-02-29T00:20:32.363000;bd01e63a-a511-4959-a6cd-ec5350bdedb4;431.15;0.01671402;SELL
2016-02-29T00:20:32.253000;2016-02-29T00:20:32.363000;0d273a1a-df31-4aca-bc31-3a4950a07ccc;431.15;0.01955713;SELL
2016-02-29T00:20:32.253000;2016-02-29T00:20:32.363000;fc6ef2a7-4712-4cd5-a314-5b712a0afaea;431.15;0.012;SELL
2016-02-29T00:20:32.253000;2016-02-29T00:20:32.363000;d5dd79f8-128c-4703-9f7c-34889fd3c544;431.14;0.0105;SELL
2016-02-29T00:20:32.253000;2016-02-29T00:20:32.363000;5a2beeee-ec5d-4825-981f-d6333354f499;431.13;0.01;SELL
2016-02-29T00:20:32.253000;2016-02-29T00:20:32.377000;8e1127ed-b3ac-46b3-9f02-2f65c31282af;431.13;0.01;SELL
2016-02-29T00:20:32.253000;2016-02-29T00:20:32.377000;28e7bfa9-d451-42b4-aef7-1a9139899f0d;431.13;1.48507281;SELL
2016-02-29T00:20:35.700000;2016-02-29T00:20:35.753000;8cf281d1-28ee-4b8c-bb7a-57db4fb0dff9;431.13;0.176;SELL
2016-02-29T00:20:39.073000;2016-02-29T00:20:39.113000;b78a59b5-c96a-448b-a9b1-8e1614cd44d5;431.13;0.23;SELL
2016-02-29T00:20:39.760000;2016-02-29T00:20:39.800000;99ab5020-fc88-4f2f-9271-c4f2d5dcd8d4;431.13;0.228;SELL
2016-02-29T00:20:40.167000;2016-02-29T00:20:40.207000;21d034c2-e8dd-4674-abf0-9ad0f0b179db;431.13;0.228;SELL
2016-02-29T00:21:02.247000;2016-02-29T00:21:02.317000;f3b468d1-4c6a-4624-9bf3-6160ad0a9db8;431.15;0.01776333;BUY
2016-02-29T00:21:06.737000;2016-02-29T00:21:06.783000;e6c07b33-d758-4f5e-b3d1-79f466b4f17e;431.15;0.12434;BUY
2016-02-29T00:21:32.140000;2016-02-29T00:21:32.190000;2f307236-a684-49f3-8099-d0470b5aa8c7;431.14;1.001;SELL
2016-02-29T00:21:32.140000;2016-02-29T00:21:32.190000;94228a3f-cc91-4068-98f4-f1591053940d;431.13;1.21037;SELL
2016-02-29T00:22:01.343000;2016-02-29T00:22:01.377000;6731967d-9b11-42d8-8cdc-a5f4347c58e6;431.15;0.01781333;BUY
2016-02-29T00:22:03.783000;2016-02-29T00:22:03.830000;38a2e262-f311-4cc8-9de1-ba20e11821f2;431.15;0.07008334;BUY
2016-02-29T00:22:03.783000;2016-02-29T00:22:03.847000;2a3ea108-d6cc-43c5-ae7e-78b2709dd831;431.15;0.02296666;BUY
2016-02-29T00:22:04.157000;2016-02-29T00:22:04.207000;fd6815b1-dd30-4a17-8a5f-f8eb80b9ea5d;431.15;0.21103334;BUY
2016-02-29T00:22:04.157000;2016-02-29T00:22:04.207000;6cab4901-13fe-4597-afa6-9b4193aa51d4;431.15;0.231;BUY
2016-02-29T00:22:04.157000;2016-02-29T00:22:04.207000;d8820595-2f04-443d-a842-a22681d88fa9;431.15;0.05796666;BUY
2016-02-29T00:22:31.963000;2016-02-29T00:22:32.003000;5b2c67c8-51c8-4ca0-8526-a7cb405b255c;431.15;0.0454;BUY
2016-02-29T00:23:02.530000;2016-02-29T00:23:02.567000;0d410686-6562-4682-bab7-a683dbb5d4be;431.15;0.13063334;BUY
2016-02-29T00:23:02.530000;2016-02-29T00:23:02.580000;a9f10952-0e87-431f-96ee-d340cc988777;431.15;0.232;BUY
2016-02-29T00:23:02.530000;2016-02-29T00:23:02.580000;afb112c9-8d1e-4f1c-86e6-7356f35927fd;431.15;0.231;BUY
2016-02-29T00:23:02.530000;2016-02-29T00:23:02.580000;d751907c-6ed6-4a26-bf68-e02bea13c557;431.15;0.367;BUY
2016-02-29T00:23:02.530000;2016-02-29T00:23:02.613000;60f4e9eb-ac6e-4caf-b6dc-2a8604260748;431.15;0.232;BUY
2016-02-29T00:23:02.530000;2016-02-29T00:23:02.613000;7781498f-1c7c-4860-969f-c25960988829;431.15;0.232;BUY
2016-02-29T00:23:02.530000;2016-02-29T00:23:02.613000;b2d65c62-594d-49aa-bb08-c0e9a5debd0e;431.15;0.232;BUY
2016-02-29T00:23:02.530000;2016-02-29T00:23:02.613000;9729efdb-3091-4de4-be5c-403824ff50c5;431.15;0.23371006;BUY
2016-02-29T00:23:02.533000;2016-02-29T00:23:02.613000;6b120497-eaa8-468c-af78-c801bf189544;431.15;0.0241166;BUY
2016-02-29T00:23:05.757000;2016-02-29T00:23:05.800000;cdf4f2e8-3966-4cc2-8c95-246bf39867e7;431.15;0.2;BUY
2016-02-29T00:23:45.007000;2016-02-29T00:23:45.050000;c7a27526-dedc-47c3-952d-67b3985d8968;431.15;0.0068834;BUY
2016-02-29T00:23:45.007000;2016-02-29T00:23:45.050000;0765d772-cf6e-4957-be67-259eccee9696;431.15;0.0031166;BUY
2016-02-29T00:24:04.480000;2016-02-29T00:24:04.520000;0501f7be-deb3-4d3a-90e3-41a5ba6c58be;431.15;0.2298834;BUY
2016-02-29T00:24:04.480000;2016-02-29T00:24:04.533000;29769053-4356-4cb6-8737-feffa739785a;431.15;0.0688866;BUY
2016-02-29T00:24:45.317000;2016-02-29T00:24:45.363000;2302553a-1da7-4944-9363-4d6cc98245ff;431.15;0.1641134;BUY
2016-02-29T00:24:45.320000;2016-02-29T00:24:45.363000;9ea0cc3e-880a-4e62-acb4-d53650f7528f;431.15;0.0358866;BUY
2016-02-29T00:25:02.437000;2016-02-29T00:25:02.473000;ab04e9a4-cf28-409e-9954-e8cbd8c35845;431.15;0.1981134;BUY
2016-02-29T00:25:02.437000;2016-02-29T00:25:02.487000;7d509000-4b5c-4528-9a9e-11339952812f;431.15;0.234;BUY
2016-02-29T00:25:02.437000;2016-02-29T00:25:02.487000;1b28851e-560d-4227-a300-367172195cc5;431.15;0.0386566;BUY
2016-02-29T00:25:31.500000;2016-02-29T00:25:31.533000;4e6b2fa8-f05e-434e-8aa1-2a34a7629c32;431.15;0.09753;BUY
2016-02-29T00:26:01.803000;2016-02-29T00:26:01.830000;f0d245ce-1c34-46ab-b5b1-b9180de7095d;431.15;0.02524;BUY
2016-02-29T00:27:31.540000;2016-02-29T00:27:31.567000;cf2270f7-ef7b-449d-a90a-c4c28f522000;431.15;0.0715734;BUY
2016-02-29T00:27:31.540000;2016-02-29T00:27:31.597000;5c80186f-33e9-48a8-963b-24c9ab6d4172;431.15;0.1603766;BUY
2016-02-29T00:28:02.160000;2016-02-29T00:28:02.190000;20a8d4f9-db12-424b-8cc5-80549dbf1746;431.15;0.0726234;BUY
2016-02-29T00:28:02.160000;2016-02-29T00:28:02.207000;33c7fc5b-c7f2-427d-8b15-15967e23b771;431.15;0.233;BUY
2016-02-29T00:28:02.160000;2016-02-29T00:28:02.207000;6af51cac-33c9-40c6-8418-120e06a054c7;431.15;0.232;BUY
2016-02-29T00:28:02.160000;2016-02-29T00:28:02.207000;cbd05e0d-30b6-48ad-821a-58cb2f507a2e;431.15;0.233;BUY
2016-02-29T00:28:02.160000;2016-02-29T00:28:02.207000;189ef73f-b411-4907-809e-e4a2955edb5f;431.15;0.233;BUY
2016-02-29T00:28:02.160000;2016-02-29T00:28:02.223000;fac0280a-fbd8-433a-a322-16ac84903052;431.15;0.234;BUY
2016-02-29T00:28:02.160000;2016-02-29T00:28:02.223000;50e48539-c853-4dc4-b2bb-f69dda858b4b;431.15;0.233;BUY
2016-02-29T00:28:02.160000;2016-02-29T00:28:02.223000;728eb6e0-f872-413a-aad6-cd423a88b632;431.15;0.233;BUY
2016-02-29T00:28:02.160000;2016-02-29T00:28:02.237000;ced08468-d4a6-4dba-b522-b5443c5657c4;431.17;0.01;BUY
2016-02-29T00:28:02.160000;2016-02-29T00:28:02.237000;0dc3268f-d94b-4129-80eb-238204e00b4b;431.17;0.01;BUY
2016-02-29T00:28:02.160000;2016-02-29T00:28:02.237000;8f96b6e0-f86b-40d4-b36f-5d4e55bef8c7;431.17;0.01;BUY
2016-02-29T00:28:02.160000;2016-02-29T00:28:02.237000;5eed5d85-6b26-4656-b16c-0619823fd235;431.19;0.01;BUY
2016-02-29T00:28:02.160000;2016-02-29T00:28:02.253000;1d044f23-b200-408a-ba20-e65665354928;431.19;0.01;BUY
2016-02-29T00:28:02.160000;2016-02-29T00:28:02.253000;65ef970d-f798-4691-b5d7-3051ddc0cd24;431.21;0.012;BUY
2016-02-29T00:28:02.163000;2016-02-29T00:28:02.253000;3ba48cea-b5f3-439a-91bc-8d9f1ee96632;431.23;0.011;BUY
2016-02-29T00:28:02.163000;2016-02-29T00:28:02.253000;6d8a1940-159b-4a36-a176-5b860ba11b50;431.24;0.011;BUY
2016-02-29T00:28:02.163000;2016-02-29T00:28:02.283000;d065dd68-f13e-4a98-a0eb-fefdeffec778;431.24;0.01;BUY
2016-02-29T00:28:02.163000;2016-02-29T00:28:02.283000;d2ce6c5e-c83c-4eda-8df2-39c9b6e2add8;431.24;0.01;BUY
2016-02-29T00:28:02.163000;2016-02-29T00:28:02.283000;3740d0f8-89e2-40db-a23f-0eac81a2cb9c;431.24;0.01;BUY
2016-02-29T00:28:02.163000;2016-02-29T00:28:02.283000;33379dcd-d899-494e-98e2-3dc9157da053;431.24;0.012;BUY
2016-02-29T00:28:02.163000;2016-02-29T00:28:02.283000;35738bcd-48d1-4215-887c-cd9045a82820;431.24;0.15;BUY
2016-02-29T00:28:02.163000;2016-02-29T00:28:02.283000;2f77e6bc-289f-4d11-b7c8-8e3efa3a2762;431.27;0.012;BUY
2016-02-29T00:28:02.163000;2016-02-29T00:28:02.283000;bb4c42be-2132-40db-af8e-9e64a982b444;431.29;0.01;BUY
2016-02-29T00:28:02.163000;2016-02-29T00:28:02.283000;8092d245-f2a7-4d3a-a42b-dd3ab9c1bdcc;431.29;0.01;BUY
2016-02-29T00:28:02.163000;2016-02-29T00:28:02.283000;526f92af-ebb4-4a47-9202-eacd5724d52f;431.3;0.012;BUY
2016-02-29T00:28:02.163000;2016-02-29T00:28:02.283000;31813678-63a4-4465-b9b0-74e3f5303ae8;431.33;0.012;BUY
2016-02-29T00:28:02.163000;2016-02-29T00:28:02.300000;de45aef6-4dfd-446c-847a-af3a2869b83d;431.34;0.01;BUY
2016-02-29T00:28:02.163000;2016-02-29T00:28:02.300000;3ce51e24-4932-4f94-bc3a-c9bd83ddba62;431.34;0.01;BUY
2016-02-29T00:28:02.163000;2016-02-29T00:28:02.300000;dc3bd0ae-06f2-48e8-83aa-8bf51b5311a1;431.35;0.02;BUY
2016-02-29T00:28:02.163000;2016-02-29T00:28:02.300000;c85a1190-b8d2-4465-8315-96c25b29bdb2;431.36;0.012;BUY
2016-02-29T00:28:02.163000;2016-02-29T00:28:02.300000;b4824c57-590a-4c20-80fc-e06079b5ed5b;431.39;0.012;BUY
2016-02-29T00:28:02.163000;2016-02-29T00:28:02.317000;2fb5f985-900c-499a-8be7-57858f597f14;431.42;0.01;BUY
2016-02-29T00:28:02.163000;2016-02-29T00:28:02.317000;c26dca92-efea-4d13-87ba-a0b9d9d2f3d7;431.42;0.01;BUY
2016-02-29T00:28:02.163000;2016-02-29T00:28:02.317000;485288ff-1540-454d-b491-8db47eb7b1d5;431.42;0.012;BUY
2016-02-29T00:28:02.163000;2016-02-29T00:28:02.317000;8e111e11-743b-4254-8e74-08d96732acc1;431.43;0.457;BUY
2016-02-29T00:28:02.163000;2016-02-29T00:28:02.317000;b011cfbe-9f60-43d0-8792-8fab2080d09c;431.44;0.01;BUY
2016-02-29T00:28:02.163000;2016-02-29T00:28:02.330000;2e1b6d00-ead9-4b70-85ec-8e8e00ab8d0e;431.44;0.01;BUY
2016-02-29T00:28:02.167000;2016-02-29T00:28:02.330000;6ebe206c-220f-4efa-b195-c8f929604a5e;431.45;0.012;BUY
2016-02-29T00:28:02.167000;2016-02-29T00:28:02.330000;47488680-5855-4882-802a-90d9ccd0cfb8;431.46;1.53;BUY
2016-02-29T00:28:02.167000;2016-02-29T00:28:02.330000;aa4e83bf-0eb0-4cf0-94f3-742feb5d0f9f;431.47;0.01;BUY
2016-02-29T00:28:02.167000;2016-02-29T00:28:02.347000;e6dfa7d7-8d31-4c42-a01b-c45693f13d90;431.47;0.5005366;BUY
2016-02-29T00:28:32.223000;2016-02-29T00:28:32.270000;b94328ab-a3fe-4cbd-9c23-08b51164bac6;431.41;0.01;BUY
2016-02-29T00:28:32.223000;2016-02-29T00:28:32.270000;bc5b5dde-4360-41f5-914b-6810ac94f70b;431.42;0.01;BUY
2016-02-29T00:28:32.223000;2016-02-29T00:28:32.283000;040de636-6b6a-4d66-93a4-997e0f2a96bf;431.42;0.011;BUY
2016-02-29T00:28:32.223000;2016-02-29T00:28:32.283000;757c3f1e-7ab6-4e06-bca6-ab1dc54529ae;431.43;0.011;BUY
2016-02-29T00:28:32.223000;2016-02-29T00:28:32.283000;deeb28f9-3661-48f6-9234-aa636ca7ef9e;431.44;0.011;BUY
2016-02-29T00:28:32.223000;2016-02-29T00:28:32.283000;f3fb976b-7ec5-487d-b7bc-8446d05caf03;431.45;0.011;BUY
2016-02-29T00:28:32.223000;2016-02-29T00:28:32.330000;28d2112d-3e73-42af-90d8-82ffc404a84a;431.46;0.01;BUY
2016-02-29T00:28:32.223000;2016-02-29T00:28:32.330000;ae123564-2f5b-4340-b1a5-9c5a89161d39;431.46;0.011;BUY
2016-02-29T00:28:32.223000;2016-02-29T00:28:32.330000;1709c730-1e91-44a1-ad80-cd19c81417f1;431.46;0.01;BUY
2016-02-29T00:28:32.223000;2016-02-29T00:28:32.330000;aa97a579-850a-4940-b48f-b3bc3aec9ed2;431.46;0.01;BUY
2016-02-29T00:28:32.223000;2016-02-29T00:28:32.330000;db2171c2-a6e3-498d-ab74-d4f7c9fb94bf;431.48;0.012;BUY
2016-02-29T00:28:32.223000;2016-02-29T00:28:32.330000;94491801-6ec1-43e5-ab8a-6b6181af8d79;431.51;0.012;BUY
2016-02-29T00:28:32.223000;2016-02-29T00:28:32.330000;12847cd2-6ab4-4190-9cec-9a9471af8dd9;431.54;0.012;BUY
2016-02-29T00:28:32.223000;2016-02-29T00:28:32.330000;e96f789d-2d0c-4ce2-a61d-6e628ceeecd4;431.55;0.098;BUY
2016-02-29T00:28:32.223000;2016-02-29T00:28:32.330000;daafac06-7992-4635-a586-d83809b22d4b;431.56;0.127;BUY
2016-02-29T00:28:32.223000;2016-02-29T00:28:32.330000;6115adbe-6287-4c86-bb20-e3f8eaa8cd79;431.57;0.012;BUY
2016-02-29T00:28:32.223000;2016-02-29T00:28:32.347000;1cfcce08-908f-42d2-8045-3e6f186e0055;431.59;0.01;BUY
2016-02-29T00:28:32.223000;2016-02-29T00:28:32.347000;7aebd956-21c2-424e-be0b-a03ed4072dc9;431.59;0.011;BUY
2016-02-29T00:28:32.223000;2016-02-29T00:28:32.347000;7c991b89-6a6a-480e-a294-c4ee2ddfd139;431.6;0.012;BUY
2016-02-29T00:28:32.227000;2016-02-29T00:28:32.347000;da5539fb-add7-4d95-b0f9-f5460e6aaf83;431.61;0.68;BUY
2016-02-29T00:28:32.227000;2016-02-29T00:28:32.347000;2151e635-23dc-4089-99be-c8c622f4b886;431.62;0.011;BUY
2016-02-29T00:28:32.227000;2016-02-29T00:28:32.363000;9b69500c-197d-4eb6-a3f7-7c41fd6296ae;431.62;0.01;BUY
2016-02-29T00:28:32.227000;2016-02-29T00:28:32.363000;ad440c6a-5460-4ade-9271-1209b9539ab0;431.62;0.01892;BUY
2016-02-29T00:29:01.760000;2016-02-29T00:29:01.783000;d1cce25e-ac39-4709-94f3-6f7b28b2df30;431.58;0.01;BUY
2016-02-29T00:29:01.760000;2016-02-29T00:29:01.800000;fb322bd6-33f8-4f1a-a94f-c97b1a47d7c5;431.58;0.01;BUY
2016-02-29T00:29:01.760000;2016-02-29T00:29:01.800000;8e3544f3-83f9-4fac-ad0a-2f07b73fb340;431.59;0.01;BUY
2016-02-29T00:29:01.760000;2016-02-29T00:29:01.800000;90085922-2e79-4e7a-aa78-26aeb0883962;431.59;0.011;BUY
2016-02-29T00:29:01.760000;2016-02-29T00:29:01.800000;f942e35e-4e44-4709-9f7d-dfd85ba5f93f;431.6;0.011;BUY
2016-02-29T00:29:01.760000;2016-02-29T00:29:01.817000;314524a7-babc-45ab-8681-c74a04f2cc8d;431.61;0.011;BUY
2016-02-29T00:29:01.763000;2016-02-29T00:29:01.817000;a5fa21eb-58a4-4b18-bb3e-27503c5b7ed2;431.61;0.01;BUY
2016-02-29T00:29:01.763000;2016-02-29T00:29:01.817000;37c1d4d0-b3b9-49fb-8b48-2ad3d790033e;431.63;0.012;BUY
2016-02-29T00:29:01.763000;2016-02-29T00:29:01.830000;b76759a9-7ae6-452f-a121-eddb5a6c468a;431.65;0.121;BUY
2016-02-29T00:29:01.763000;2016-02-29T00:29:01.877000;fa51182f-cdba-4d4a-9f18-67edd9576f29;431.66;0.012;BUY
2016-02-29T00:29:01.763000;2016-02-29T00:29:01.893000;feec8014-efa1-444c-a307-4653a6654628;431.69;0.012;BUY
2016-02-29T00:29:01.763000;2016-02-29T00:29:01.893000;b1ea184c-cef0-4d95-80f0-d32e9a0ef5cb;431.7;0.0187728;BUY
2016-02-29T00:29:01.763000;2016-02-29T00:29:01.893000;dfd8cac1-b382-43da-8612-080184e6e504;431.72;0.012;BUY
2016-02-29T00:29:01.763000;2016-02-29T00:29:01.893000;5be6edf6-f30f-4c98-bfdc-c37652b049a5;431.74;0.072;BUY
2016-02-29T00:29:01.763000;2016-02-29T00:29:01.893000;f089121b-5d82-4749-bce3-7874155ed85e;431.75;0.012;BUY
2016-02-29T00:29:01.763000;2016-02-29T00:29:01.893000;e0efab68-9898-4e61-b8e3-75207cc2f474;431.77;0.01;BUY
2016-02-29T00:29:01.763000;2016-02-29T00:29:01.893000;ab4d7982-d762-4e06-8891-85ccb1a03513;431.77;0.011;BUY
2016-02-29T00:29:01.763000;2016-02-29T00:29:01.893000;b8835159-921d-4ce0-8eef-f1b3686d9304;431.77;0.01;BUY
2016-02-29T00:29:01.763000;2016-02-29T00:29:01.893000;f52159c4-54f8-4d0d-99bb-5fcb6cb6a684;431.78;0.01;BUY
2016-02-29T00:29:01.763000;2016-02-29T00:29:01.893000;9c70cd82-8eec-412a-838a-2837b413f9a9;431.78;0.011;BUY
2016-02-29T00:29:01.763000;2016-02-29T00:29:01.893000;8eda010b-b47a-44bb-86eb-661756d2b7e4;431.78;0.012;BUY
2016-02-29T00:29:01.763000;2016-02-29T00:29:01.893000;9221bdd2-14e7-4e5a-b077-8a3fc4b1f7ea;431.79;0.01;BUY
2016-02-29T00:29:01.763000;2016-02-29T00:29:01.893000;da9d7aab-c177-4a3e-809f-6f871684c251;431.79;0.01;BUY
2016-02-29T00:29:01.763000;2016-02-29T00:29:01.893000;c640a65c-5fd9-4179-94b7-bdbcd9f35263;431.79;0.107;BUY
2016-02-29T00:29:01.763000;2016-02-29T00:29:01.893000;222eacef-4590-450c-ac9f-a31bfb4af2d1;431.8;0.68;BUY
2016-02-29T00:29:01.763000;2016-02-29T00:29:01.893000;9b6ee4ce-848a-4e0f-b464-c97189ce8856;431.81;0.01;BUY
2016-02-29T00:29:01.763000;2016-02-29T00:29:01.893000;97e4f412-0d6e-4907-9b4a-2d13149a9953;431.81;0.012;BUY
2016-02-29T00:29:01.767000;2016-02-29T00:29:01.893000;cb8adb9e-f26f-4987-aaf7-15e4d0378db3;431.81;0.3122172;BUY
2016-02-29T00:29:11.183000;2016-02-29T00:29:11.223000;79de2aa7-c951-4761-be56-8fd9b8d9899e;431.77;0.01;BUY
2016-02-29T00:29:37.023000;2016-02-29T00:29:37.050000;a7d40f3a-6829-4da7-94f4-2bf78e024080;431.78;0.011;BUY
2016-02-29T00:29:37.023000;2016-02-29T00:29:37.067000;af4e4731-7fd2-408e-9c9f-5a23eecf3331;431.78;0.01;BUY
2016-02-29T00:29:37.023000;2016-02-29T00:29:37.067000;0c7e6b83-9289-4f92-ac90-92234a29ac86;431.78;0.04967;BUY
2016-02-29T00:30:06.313000;2016-02-29T00:30:06.330000;c46b3287-175f-490b-b914-594551ca0d3b;431.79;0.011;BUY
2016-02-29T00:30:06.313000;2016-02-29T00:30:06.347000;a74bacd9-dd2b-49f6-97cd-1c3c71dc1a4d;431.79;0.125;BUY
2016-02-29T00:30:06.313000;2016-02-29T00:30:06.347000;5bb43e3a-8421-43d6-badd-051616f90587;431.8;0.01;BUY
2016-02-29T00:30:06.313000;2016-02-29T00:30:06.347000;5058c442-8f09-47e1-8bd4-b0c2971094be;431.8;0.00884;BUY
2016-02-29T00:31:03.243000;2016-02-29T00:31:03.270000;e17eafe2-5583-4ebc-9238-393c4acd7bd3;431.8;0.00116;BUY
2016-02-29T00:31:03.243000;2016-02-29T00:31:03.283000;da620a19-173e-470c-b19f-0681102048b8;431.8;0.011;BUY
2016-02-29T00:31:03.243000;2016-02-29T00:31:03.283000;d81adf80-c060-4f21-9bd3-ac16f288586d;431.82;0.01;BUY
2016-02-29T00:31:03.243000;2016-02-29T00:31:03.283000;9b853b70-fc5d-4063-a79c-709b3d942340;431.83;0.01;BUY
2016-02-29T00:31:03.243000;2016-02-29T00:31:03.300000;1ad53612-f93a-4d02-9f96-c1b99f44d3f4;431.84;0.012;BUY
2016-02-29T00:31:03.243000;2016-02-29T00:31:03.300000;0f87a02e-836c-4f01-a7cc-9e819a0dcb03;431.86;0.01;BUY
2016-02-29T00:31:03.243000;2016-02-29T00:31:03.300000;f4e2f073-86f9-4b02-b412-de104249283a;431.87;0.01;BUY
2016-02-29T00:31:03.243000;2016-02-29T00:31:03.300000;86549716-28e6-4674-b857-eb4510c7c9fa;431.87;0.011;BUY
2016-02-29T00:31:03.243000;2016-02-29T00:31:03.300000;e090c0b3-eda3-4ef4-bffb-c6c135e75f7a;431.87;0.012;BUY
2016-02-29T00:31:03.243000;2016-02-29T00:31:03.300000;26cad950-94fb-4f4c-b6a8-709efea26d84;431.87;0.01;BUY
2016-02-29T00:31:03.243000;2016-02-29T00:31:03.317000;5d4b41ad-cfbe-4586-a0b8-869454c744fa;431.88;0.01;BUY
2016-02-29T00:31:03.243000;2016-02-29T00:31:03.317000;e6be4216-72f2-410c-97c4-107d029b2e72;431.88;0.011;BUY
2016-02-29T00:31:03.243000;2016-02-29T00:31:03.317000;1f4e73fb-5115-4036-99d8-12491008b7f9;431.9;0.012;BUY
2016-02-29T00:31:03.247000;2016-02-29T00:31:03.317000;ff7086b8-01ce-42ea-9c04-06606345417e;431.9;0.012;BUY
2016-02-29T00:31:03.247000;2016-02-29T00:31:03.330000;bc19b8c3-11af-4836-b9f8-db1f95d86a70;431.93;0.012;BUY
2016-02-29T00:31:03.247000;2016-02-29T00:31:03.347000;03a5a85c-1499-453b-9572-16be3b96d80e;431.93;0.012;BUY
2016-02-29T00:31:03.247000;2016-02-29T00:31:03.347000;f573cafb-8d50-4715-b965-cd276ea8dd59;431.93;0.01691;BUY
2016-02-29T00:31:15.310000;2016-02-29T00:31:15.330000;223df747-4b5c-41a2-8655-db93637b55f4;431.9;0.011;BUY
2016-02-29T00:31:15.310000;2016-02-29T00:31:15.347000;11f7814a-10d8-43ff-8ffa-1a6866625241;431.9;0.01;BUY
2016-02-29T00:31:15.310000;2016-02-29T00:31:15.347000;3c8ab2a9-67c6-40ec-9830-82bf3f8b5c20;431.91;0.011;BUY
2016-02-29T00:31:15.313000;2016-02-29T00:31:15.347000;c9cf7871-1cb9-44d8-a954-468d7e5ec412;431.92;0.01;BUY
2016-02-29T00:31:15.313000;2016-02-29T00:31:15.347000;abe0f6cb-ffab-43b6-8bd4-fc7532999058;431.92;0.01;BUY
2016-02-29T00:31:15.313000;2016-02-29T00:31:15.363000;f5669e24-5445-4d21-8b05-89c7403f3abb;431.92;0.011;BUY
2016-02-29T00:31:15.313000;2016-02-29T00:31:15.363000;ad2de0e3-1f2d-4ecb-9d4d-231d31663957;431.93;0.00371;BUY
2016-02-29T00:31:15.313000;2016-02-29T00:31:15.363000;3c345fb5-ae3d-4a23-b408-51c43d15e8a7;431.96;0.012;BUY
2016-02-29T00:31:15.313000;2016-02-29T00:31:15.363000;f35e7a1a-cf1a-4c68-9203-d388a4b8182e;431.99;0.012;BUY
2016-02-29T00:31:15.313000;2016-02-29T00:31:15.363000;eda3be49-35b7-4d6c-9497-a447a14af941;432.02;0.012;BUY
2016-02-29T00:31:15.313000;2016-02-29T00:31:15.380000;860560ad-f965-4bf7-8a68-5ae900d4e686;432.03;0.1;BUY
2016-02-29T00:31:15.313000;2016-02-29T00:31:15.380000;a78ace92-49a2-4ca0-ae74-e7ee2ec0f612;432.05;0.012;BUY
2016-02-29T00:31:15.313000;2016-02-29T00:31:15.380000;bc536fea-1ca5-4df2-8d49-96d1adc77717;432.08;0.012;BUY
2016-02-29T00:31:15.313000;2016-02-29T00:31:15.380000;69077c9b-5dae-49da-a49b-f96368ff4271;432.08;0.093;BUY
2016-02-29T00:31:15.313000;2016-02-29T00:31:15.393000;b5661697-2b5f-470e-8a36-9d6ac79c6f9f;432.11;0.012;BUY
2016-02-29T00:31:15.313000;2016-02-29T00:31:15.393000;8ff6ba3d-9f62-48b7-9522-dc86a073d7b9;432.13;0.075;BUY
2016-02-29T00:31:15.313000;2016-02-29T00:31:15.393000;c88eb162-5c2b-4c7c-ae8e-0ae183d56a5f;432.14;0.012;BUY
2016-02-29T00:31:15.313000;2016-02-29T00:31:15.393000;1e8ba714-4603-4917-8cd1-08ba151e1561;432.14;0.081;BUY
2016-02-29T00:31:15.313000;2016-02-29T00:31:15.410000;63c1246a-ec3d-41b0-a638-f857af55c06e;432.15;0.00029;BUY
2016-02-29T00:31:31.983000;2016-02-29T00:31:32.003000;df0d6a9b-63a9-4e51-9321-8387abb3bfe2;432.07;0.01;BUY
2016-02-29T00:31:31.983000;2016-02-29T00:31:32.003000;78c7fa9f-e3e7-4766-8da9-e45f460f0ac9;432.08;0.01;BUY
2016-02-29T00:31:31.983000;2016-02-29T00:31:32.033000;6d016c6d-921a-4f16-a69f-d92225d8c6e3;432.09;0.011;BUY
2016-02-29T00:31:31.983000;2016-02-29T00:31:32.033000;308db0a7-a64d-4fb5-8e0b-81c32f1078df;432.1;0.011;BUY
2016-02-29T00:31:31.983000;2016-02-29T00:31:32.033000;6679bc9f-7c2f-4d95-a991-bffc8db96819;432.11;0.011;BUY
2016-02-29T00:31:31.983000;2016-02-29T00:31:32.033000;0ecd84ab-be35-4505-bef8-811a1054c1b5;432.11;0.01;BUY
2016-02-29T00:31:31.983000;2016-02-29T00:31:32.033000;00f6f22b-ae65-46ca-843a-dcc8711d5478;432.12;0.01;BUY
2016-02-29T00:31:31.983000;2016-02-29T00:31:32.033000;ace9ee7f-dc34-47ef-aabd-5ee857ae7c48;432.12;0.02346;BUY
2016-02-29T00:32:02.007000;2016-02-29T00:32:02.033000;240093dd-64f6-491e-9998-ebf201d09c27;432.11;0.01;BUY
2016-02-29T00:32:02.007000;2016-02-29T00:32:02.033000;7178eef0-2b0b-42b1-9a2e-02e6c63acc26;432.13;0.01;BUY
2016-02-29T00:32:02.007000;2016-02-29T00:32:02.050000;866abd5e-3b0c-46be-adae-bdd1cdd7e37a;432.13;0.01;BUY
2016-02-29T00:32:02.007000;2016-02-29T00:32:02.050000;681ab691-4b0f-48a2-8f74-4bf8536b16b6;432.13;0.011;BUY
2016-02-29T00:32:02.007000;2016-02-29T00:32:02.050000;6d09aae3-8015-4318-b113-09a946503cac;432.14;0.01;BUY
2016-02-29T00:32:02.007000;2016-02-29T00:32:02.067000;e67e2aba-6cb2-49a8-a036-d2a0d7e7849c;432.14;0.011;BUY
2016-02-29T00:32:02.007000;2016-02-29T00:32:02.067000;797ef2af-0fd3-456b-8533-ece75475c042;432.15;0.01071;BUY
2016-02-29T00:32:02.007000;2016-02-29T00:32:02.067000;8e7e90d1-8fd3-4e67-b697-dc0df918c332;432.15;0.11;BUY
2016-02-29T00:32:02.007000;2016-02-29T00:32:02.080000;ad88b449-e316-48c6-af8a-bfe4a6c0fd1a;432.16;0.01;BUY
2016-02-29T00:32:02.007000;2016-02-29T00:32:02.080000;3d1a1760-edf5-4744-92b5-a96f04497e44;432.17;0.011;BUY
2016-02-29T00:32:02.007000;2016-02-29T00:32:02.080000;1e446bd8-2dce-428b-b99d-3a3be6ef1054;432.17;0.012;BUY
2016-02-29T00:32:02.010000;2016-02-29T00:32:02.097000;af8c3103-ca24-499a-846f-c8fc672f85e7;432.19;0.41407;BUY
2016-02-29T00:32:32.000000;2016-02-29T00:32:32.020000;867dba82-7d92-428c-86a1-73d3c177c61e;432.16;0.01;BUY
2016-02-29T00:32:32.003000;2016-02-29T00:32:32.033000;af925fb5-ed11-4db1-a627-69313689dfa8;432.17;0.01;BUY
2016-02-29T00:32:32.003000;2016-02-29T00:32:32.033000;81a5f49c-0cb8-4809-8eca-11d0b83c5984;432.17;0.01;BUY
2016-02-29T00:32:32.003000;2016-02-29T00:32:32.033000;f8897cd9-47a6-424f-a379-d090adb4dae8;432.18;0.01;BUY
2016-02-29T00:32:32.003000;2016-02-29T00:32:32.033000;68196472-b282-44e2-861e-81b873d591db;432.19;0.23749;BUY
2016-02-29T00:32:54.723000;2016-02-29T00:32:54.753000;76c7920a-82ea-46e9-bca0-ab229b2a8ce0;432.19;0.071;SELL
2016-02-29T00:32:54.727000;2016-02-29T00:32:54.753000;3270e1a6-9fb3-4d78-8c84-45d0645c2751;432.19;1.06886119;SELL
2016-02-29T00:32:55.727000;2016-02-29T00:32:55.737000;c5f01f16-f0e4-4cb7-a03b-0fe240c3337f;432.19;1.13986119;SELL
2016-02-29T00:32:56.133000;2016-02-29T00:32:56.160000;fa7511bf-0a3f-4b06-877e-31e48abbe746;432.19;1.13986119;SELL
2016-02-29T00:32:57.243000;2016-02-29T00:32:57.253000;e0f003ef-fa8c-45bf-8670-ce18df324cdc;432.19;1.13986119;SELL
2016-02-29T00:32:58.203000;2016-02-29T00:32:58.223000;ba351701-9536-4b7b-99ce-ba82b918b6e7;432.19;0.60155524;SELL
2016-02-29T00:32:58.207000;2016-02-29T00:32:58.237000;c2f3bfab-0b07-4644-884d-5ecae82fc18e;432.19;0.53830595;SELL
2016-02-29T00:33:05.063000;2016-02-29T00:33:05.080000;37a4f082-2842-42be-a927-d21c83eaf873;432.2;0.012;BUY
2016-02-29T00:33:05.063000;2016-02-29T00:33:05.097000;e440deef-9eb1-409f-bfcb-61aabb46b204;432.2;0.01;BUY
2016-02-29T00:33:05.063000;2016-02-29T00:33:05.097000;2e163b1b-488e-4e3f-a79d-7efa4e39e078;432.23;0.012;BUY
2016-02-29T00:33:05.067000;2016-02-29T00:33:05.097000;3af2684f-748a-4352-953c-b61045a5fcdf;432.23;0.012;BUY
2016-02-29T00:33:05.067000;2016-02-29T00:33:05.097000;e8378567-d056-4de8-a826-cd34e05a4587;432.24;0.254;BUY
2016-02-29T00:34:32.530000;2016-02-29T00:34:32.590000;2b7b80a4-c140-499a-940c-149987e7e34a;432.22;0.01;SELL
2016-02-29T00:34:32.530000;2016-02-29T00:34:32.603000;f4ac4759-96f8-4071-bdfc-9c5b1c19a8a6;432.22;1.0;SELL
2016-02-29T00:34:32.530000;2016-02-29T00:34:32.603000;023b8461-f368-4f4c-9c8b-2a831d9fa17e;432.22;0.22;SELL
2016-02-29T00:34:32.530000;2016-02-29T00:34:32.603000;bab8b63f-ac39-4e88-872e-039860abc2d5;432.22;0.83657;SELL
2016-02-29T00:34:53.000000;2016-02-29T00:34:53.043000;fc557e7e-e09b-4d76-826a-ac1c65dd3c64;432.22;0.01;BUY
2016-02-29T00:34:53.000000;2016-02-29T00:34:53.057000;d1357180-26fb-4cea-b8ed-b90cee311ac5;432.23;0.01;BUY
2016-02-29T00:34:53.000000;2016-02-29T00:34:53.057000;46ef0088-713c-4f5e-a02e-b8836485c87d;432.24;0.28;BUY
2016-02-29T00:35:01.887000;2016-02-29T00:35:01.950000;24022176-c684-4b3f-a92f-b8ead74c7843;432.24;0.09281;BUY
2016-02-29T00:35:31.663000;2016-02-29T00:35:31.713000;d9de8257-7ccd-416b-a516-47e25705ae04;432.24;0.11592;BUY
2016-02-29T00:35:50.293000;2016-02-29T00:35:50.340000;458fd424-a3ca-419f-9d4a-27f43029ff2c;432.24;0.39713119;BUY
2016-02-29T00:36:01.853000;2016-02-29T00:36:01.917000;59b1af0b-a8b6-40a2-9276-4b11da2e85da;432.25;0.04;BUY
2016-02-29T00:36:01.853000;2016-02-29T00:36:01.917000;a2a3c7fe-3941-4385-b0eb-28362e5935f7;432.25;0.64836;BUY
2016-02-29T00:36:31.687000;2016-02-29T00:36:31.730000;b9f795bc-5605-4b83-9050-1a6ed5f069c6;432.24;0.02283;SELL
2016-02-29T00:37:01.893000;2016-02-29T00:37:01.933000;7644f746-e2eb-4ca5-8465-ea41e6bbb311;432.25;0.27941;BUY
2016-02-29T00:37:26.547000;2016-02-29T00:37:26.590000;94caf6bd-4a90-4aa7-a487-07586e209bff;432.24;0.04603881;SELL
2016-02-29T00:37:26.547000;2016-02-29T00:37:26.603000;cf7e99c7-8a8e-44f6-97c8-e8b169d5f0ec;432.24;0.14396119;SELL
2016-02-29T00:37:43.120000;2016-02-29T00:37:43.167000;3ab3f750-611d-4360-8cfd-2eb886a43eef;432.25;2.9;BUY
2016-02-29T00:37:44.383000;2016-02-29T00:37:44.417000;ad0807a0-4165-4f39-a5fe-a765524a1911;432.25;0.22755;BUY
2016-02-29T00:37:58.067000;2016-02-29T00:37:58.107000;9eabcfc8-eea7-4698-8019-7bd30cb1bf12;432.25;0.94468;BUY
2016-02-29T00:37:58.067000;2016-02-29T00:37:58.120000;a469eb57-2acb-4059-8172-0b89d0ec1f19;432.25;0.22869725;BUY
2016-02-29T00:38:02.800000;2016-02-29T00:38:02.840000;ac243e73-0a90-40c7-bb86-a9b49f1c595d;432.26;0.012;BUY
2016-02-29T00:38:02.800000;2016-02-29T00:38:02.853000;739790e9-9181-4b53-bb4a-2d88052062da;432.28;0.01;BUY
2016-02-29T00:38:02.800000;2016-02-29T00:38:02.853000;97e9941d-f836-4150-b412-466a28c37d3a;432.28;0.00162;BUY
2016-02-29T00:38:14.903000;2016-02-29T00:38:14.950000;c0d9f46a-e743-4cb3-95ae-ab5ac433959b;432.28;0.05;BUY
2016-02-29T00:38:31.620000;2016-02-29T00:38:31.667000;c412ca3a-92b5-46b6-8521-da67769ab9c1;432.28;0.02338;BUY
2016-02-29T00:38:31.620000;2016-02-29T00:38:31.683000;f8943670-4250-49d0-98a6-b9e135e0fb36;432.29;0.012;BUY
2016-02-29T00:38:31.620000;2016-02-29T00:38:31.683000;acfbe837-b152-4c66-a8e1-e7b6af9d2ced;432.29;0.01;BUY
2016-02-29T00:38:31.620000;2016-02-29T00:38:31.700000;89181f24-2356-4771-942a-333386e1dbae;432.3;0.02938;BUY
2016-02-29T00:38:31.620000;2016-02-29T00:38:31.700000;47f1329f-8cd3-49dc-9a37-7fbaaa1cad3e;432.3;0.01875789;BUY
2016-02-29T00:38:31.620000;2016-02-29T00:38:31.700000;d35111a0-efaf-4d5d-8dd8-d6b06a834e2b;432.32;0.012;BUY
2016-02-29T00:38:31.620000;2016-02-29T00:38:31.700000;9f5d74a3-8526-4faf-9834-bbe6f7470bd3;432.32;0.01;BUY
2016-02-29T00:38:31.620000;2016-02-29T00:38:31.713000;3fc587e2-5954-40ca-a552-dbe0bb0aed41;432.33;1.13986119;BUY
2016-02-29T00:38:31.620000;2016-02-29T00:38:31.713000;31f1e355-1205-4298-a93f-b14397c83bf9;432.34;0.011;BUY
2016-02-29T00:38:31.620000;2016-02-29T00:38:31.713000;7767f2a0-6ae2-43d0-a784-260f7b7f6ad1;432.35;0.012;BUY
2016-02-29T00:38:31.620000;2016-02-29T00:38:31.730000;868137f6-93fd-478f-9874-f9bb4aee6de0;432.37;0.011;BUY
2016-02-29T00:38:31.620000;2016-02-29T00:38:31.730000;73ea5cce-d254-439d-9894-66ff61b914ba;432.37;0.23;BUY
2016-02-29T00:38:31.623000;2016-02-29T00:38:31.730000;3fe08c99-f02c-4bfd-bfc9-c1524351b549;432.38;0.012;BUY
2016-02-29T00:38:31.623000;2016-02-29T00:38:31.747000;ff45b296-774d-4c11-8ba1-78e97d2bc3e7;432.38;0.02;BUY
2016-02-29T00:38:31.623000;2016-02-29T00:38:31.747000;e309de05-802a-4b00-ad8c-81a438a2eb38;432.4;0.01;BUY
2016-02-29T00:38:31.623000;2016-02-29T00:38:31.747000;908ebb4f-5c80-433b-b667-e7fd4caddbc2;432.41;0.011;BUY
2016-02-29T00:38:31.623000;2016-02-29T00:38:31.747000;0315ca60-c4ad-4d87-b20e-52673349c933;432.41;0.011;BUY
2016-02-29T00:38:31.623000;2016-02-29T00:38:31.760000;534ca30f-fc58-426a-9eba-10dccaf4cbbc;432.41;0.012;BUY
2016-02-29T00:38:31.623000;2016-02-29T00:38:31.760000;d8bdf483-aa13-446b-99fa-5769fb6f72c4;432.42;1.13986119;BUY
2016-02-29T00:38:31.623000;2016-02-29T00:38:31.760000;f6727d2d-3397-4f2c-bb0d-54022cbc70c3;432.44;0.012;BUY
2016-02-29T00:38:31.623000;2016-02-29T00:38:31.760000;741f08a8-ed53-4d1a-83d7-0e4c7e6cf1c9;432.47;0.012;BUY
2016-02-29T00:38:31.623000;2016-02-29T00:38:31.760000;5cb81d4f-2ad8-413b-b5d1-3647ca7338cd;432.48;0.01;BUY
2016-02-29T00:38:31.623000;2016-02-29T00:38:31.777000;33656650-9f29-4681-a4c7-07e6ed3b99c2;432.5;0.012;BUY
2016-02-29T00:38:31.623000;2016-02-29T00:38:31.777000;5439c1e1-c51b-4a4b-b13a-ad2a797cd82f;432.5;0.01875789;BUY
2016-02-29T00:38:31.623000;2016-02-29T00:38:31.777000;3ad4009f-e4ec-4a95-ad3a-4a01fa2f7e37;432.5;1.13986119;BUY
2016-02-29T00:38:31.623000;2016-02-29T00:38:31.793000;268b4d19-9e64-4b28-b77e-815aafb32748;432.5;0.01;BUY
2016-02-29T00:38:31.623000;2016-02-29T00:38:31.793000;a329df9e-98bb-44c2-b562-bc4e7620ab08;432.52;0.01028;BUY
2016-02-29T00:38:31.623000;2016-02-29T00:38:31.807000;3f099588-358b-4841-be8f-64a9453059cf;432.53;0.012;BUY
2016-02-29T00:38:31.623000;2016-02-29T00:38:31.807000;34495828-9b17-4109-b64e-fded7be110ab;432.53;0.012;BUY
2016-02-29T00:38:31.623000;2016-02-29T00:38:31.807000;cdf5b285-e6a7-406b-9129-f5b081ea562c;432.55;0.01;BUY
2016-02-29T00:38:31.623000;2016-02-29T00:38:31.807000;abf39559-8f04-416b-afc5-369de94e621e;432.56;0.012;BUY
2016-02-29T00:38:31.623000;2016-02-29T00:38:31.807000;bdef6ab6-e843-4fbd-ac69-f17733ae2e66;432.56;0.078;BUY
2016-02-29T00:38:31.623000;2016-02-29T00:38:31.807000;7f3d0d77-3723-485b-bbd4-1c07338e6854;432.58;1.36;BUY
2016-02-29T00:38:31.623000;2016-02-29T00:38:31.807000;14d54da8-0ef4-4e01-9225-514226f41d8e;432.59;0.012;BUY
2016-02-29T00:38:31.623000;2016-02-29T00:38:31.807000;ed56bde3-3c5d-4cb7-8494-14ec91e052c1;432.59;0.03922065;BUY
2016-02-29T00:38:33.760000;2016-02-29T00:38:33.823000;9e5da959-b785-4984-b4cc-7eb63dd1621a;432.55;0.01;BUY
2016-02-29T00:38:48.817000;2016-02-29T00:38:48.870000;92d677c2-0f51-47bd-af15-bd0e24cf3327;432.56;0.01;BUY
2016-02-29T00:38:51.170000;2016-02-29T00:38:51.213000;8eecb79d-665e-4a01-844a-29ebb7648e94;432.57;0.01;BUY
2016-02-29T00:38:51.170000;2016-02-29T00:38:51.247000;8235b1b7-d4ff-4dfe-ab4f-0042d71964e3;432.58;0.01;BUY
2016-02-29T00:38:51.170000;2016-02-29T00:38:51.247000;6311572c-ae9e-49b3-af51-4666eebb4c89;432.58;0.011;BUY
2016-02-29T00:38:51.170000;2016-02-29T00:38:51.247000;dbaa8b57-b1da-40af-8328-bb9ecbf0821d;432.58;0.01;BUY
2016-02-29T00:38:51.170000;2016-02-29T00:38:51.247000;9c654e76-7d49-4a98-ac56-0e0f8d37735d;432.58;0.18;BUY
2016-02-29T00:38:51.170000;2016-02-29T00:38:51.247000;d0bc2ca6-bc86-4336-a0d5-16f4f51bfb54;432.59;0.109;BUY
2016-02-29T00:38:57.003000;2016-02-29T00:38:57.057000;ecf43834-5984-4c40-94ef-ad23f883ba64;432.59;0.00178696;BUY
2016-02-29T00:39:01.837000;2016-02-29T00:39:01.870000;087c0f3f-2159-42ac-a09a-b7c061cdb78a;432.57;0.01;SELL
2016-02-29T00:39:01.837000;2016-02-29T00:39:01.887000;889cc233-e7f6-4eda-b6b6-a179bece86d4;432.57;0.942;SELL
2016-02-29T00:39:01.837000;2016-02-29T00:39:01.887000;70ae54d2-5444-4566-8bbb-fd8add7ea53f;432.56;4.53842;SELL
2016-02-29T00:39:31.823000;2016-02-29T00:39:31.857000;92b99760-35b0-473e-8c29-a82f89abaf81;432.58;0.902;SELL
2016-02-29T00:39:31.823000;2016-02-29T00:39:31.887000;945b2926-7b4c-4d89-b347-30af2351c5a5;432.58;2.21;SELL
2016-02-29T00:39:31.823000;2016-02-29T00:39:31.887000;a9f034c0-075e-43c4-8a09-d25ec6a6f20e;432.57;0.3;SELL
2016-02-29T00:39:31.823000;2016-02-29T00:39:31.887000;e382dec8-4ff7-4bb4-bb1f-3b2ab2afcecb;432.57;5.359;SELL
2016-02-29T00:39:31.823000;2016-02-29T00:39:31.887000;129b543c-6ab0-4f13-bfc3-8b2a9db60e38;432.55;0.78101;SELL
2016-02-29T00:40:02.517000;2016-02-29T00:40:02.557000;4194953f-028d-4911-90f1-f878b842c05f;432.53;0.69386;SELL
2016-02-29T00:40:32.390000;2016-02-29T00:40:32.417000;8698f0f5-929e-4295-ad8b-2d666fa613f6;432.54;0.01;BUY
2016-02-29T00:40:32.390000;2016-02-29T00:40:32.433000;d68c3080-af2b-407e-81b3-d05583a4759f;432.54;0.01;BUY
2016-02-29T00:40:32.390000;2016-02-29T00:40:32.433000;56c75165-8f82-4870-9f7b-f18e52615932;432.54;0.01;BUY
2016-02-29T00:40:32.390000;2016-02-29T00:40:32.433000;7fe59c19-b695-4fbc-801e-fd621357b969;432.55;0.01;BUY
2016-02-29T00:40:32.393000;2016-02-29T00:40:32.480000;e15fa8a0-111d-4a81-9fce-1394afb23a0a;432.56;0.01;BUY
2016-02-29T00:40:32.393000;2016-02-29T00:40:32.480000;888d0b6a-e8a0-47e9-8b30-8f87f33f1292;432.57;0.01;BUY
2016-02-29T00:40:32.393000;2016-02-29T00:40:32.480000;70c4530f-7ce5-42cc-8c5b-6768cf942241;432.58;0.01;BUY
2016-02-29T00:40:32.393000;2016-02-29T00:40:32.480000;066d95c6-408b-4411-9e4c-b18283e3aea7;432.59;0.03;BUY
2016-02-29T00:40:32.437000;2016-02-29T00:40:32.480000;45f8589a-f12b-4c6a-9e8f-ecea015c1947;432.59;0.11563;BUY
2016-02-29T00:41:01.973000;2016-02-29T00:41:02.010000;5ade80f8-08fd-46ac-a305-d19db187edc8;432.56;0.01;BUY
2016-02-29T00:41:01.973000;2016-02-29T00:41:02.027000;e136a3f6-91fb-4c72-a406-144d396a50d7;432.57;0.01;BUY
2016-02-29T00:41:01.973000;2016-02-29T00:41:02.027000;a23d7293-9046-4042-a79e-5525eb033c5d;432.59;0.84422358;BUY
2016-02-29T00:41:01.973000;2016-02-29T00:41:02.027000;496af127-61e3-4a6f-b5c8-810da6eccd82;432.6;0.01;BUY
2016-02-29T00:41:01.973000;2016-02-29T00:41:02.027000;c8c17f5a-a568-4952-bc9a-6fed3311965e;432.62;0.011;BUY
2016-02-29T00:41:01.973000;2016-02-29T00:41:02.027000;b137f20b-3363-4b4b-822e-2c50f9a2a838;432.62;0.012;BUY
2016-02-29T00:41:01.973000;2016-02-29T00:41:02.043000;ef3acc98-883b-4779-b8ea-d94c1b7efedb;432.62;0.01;BUY
2016-02-29T00:41:01.973000;2016-02-29T00:41:02.043000;ce36c4ca-d6cd-4815-aa5f-7cf98f8bfeb6;432.64;0.17;BUY
2016-02-29T00:41:01.977000;2016-02-29T00:41:02.043000;539ece3d-4bad-47b4-b3b4-b0aef8ac45db;432.65;0.012;BUY
2016-02-29T00:41:01.977000;2016-02-29T00:41:02.043000;7b30e328-50c0-44cd-9bc9-3c0649e316ab;432.65;0.55592642;BUY
2016-02-29T00:41:31.823000;2016-02-29T00:41:31.857000;967b59ff-f02d-4e13-ae3f-2ebf217546c0;432.6;0.01;BUY
2016-02-29T00:41:31.823000;2016-02-29T00:41:31.870000;df928fd9-7f73-42a7-a158-f00a3685d2d8;432.62;0.01;BUY
2016-02-29T00:41:31.823000;2016-02-29T00:41:31.887000;d07fb9fe-1c94-4cab-b600-a070d1e34c31;432.65;0.04114;BUY
2016-02-29T00:42:02.003000;2016-02-29T00:42:02.027000;5b2ae05f-e937-4c2b-94af-7f124c432317;432.59;0.01;SELL
2016-02-29T00:42:02.003000;2016-02-29T00:42:02.057000;d81083bb-ddb0-40dd-aa21-2884b5647d69;432.58;0.01;SELL
2016-02-29T00:42:02.003000;2016-02-29T00:42:02.057000;da982b0c-6dab-4409-9b5b-3ec3a0cc7f1f;432.57;0.01;SELL
2016-02-29T00:42:02.003000;2016-02-29T00:42:02.057000;c24efd2a-45a6-42d3-8a57-047a5d2a04a3;432.56;0.012;SELL
2016-02-29T00:42:02.003000;2016-02-29T00:42:02.057000;6e254e24-c789-4085-a92d-c11847ce7823;432.55;0.093;SELL
2016-02-29T00:42:02.003000;2016-02-29T00:42:02.057000;39e52e7f-5ce9-4d83-b57b-742cc79d1f05;432.54;0.011;SELL
2016-02-29T00:42:02.003000;2016-02-29T00:42:02.057000;803c4416-24cd-4b61-8df8-d5375edfc439;432.53;0.011;SELL
2016-02-29T00:42:02.007000;2016-02-29T00:42:02.057000;7ad5c134-322d-4b35-ba45-d21816305495;432.53;0.011;SELL
2016-02-29T00:42:02.007000;2016-02-29T00:42:02.057000;199b48fd-ac81-4609-be7f-e6141f36832b;432.53;0.012;SELL
2016-02-29T00:42:02.007000;2016-02-29T00:42:02.057000;bd4a1ed8-d991-4f98-bb5b-4ecb4bc9d8d0;432.53;0.2;SELL
2016-02-29T00:42:02.007000;2016-02-29T00:42:02.073000;b3ac51aa-58e9-49a4-8c7a-8f4c2d0c1cba;432.53;0.17392;SELL
2016-02-29T00:43:12.403000;2016-02-29T00:43:12.450000;4a518d4c-3cc2-48df-8025-14ee94680c69;432.59;0.012;BUY
2016-02-29T00:43:12.403000;2016-02-29T00:43:12.450000;80e91d30-fd93-4c5c-9f90-2ea8b48afbb4;432.62;0.011;BUY
2016-02-29T00:43:12.403000;2016-02-29T00:43:12.450000;25e52bc1-a00f-4012-b403-0ce49b8b7e8c;432.62;0.011;BUY
2016-02-29T00:43:12.403000;2016-02-29T00:43:12.450000;b4241b4b-71ea-40c8-bb91-10d012936fa7;432.62;0.012;BUY
2016-02-29T00:43:12.403000;2016-02-29T00:43:12.463000;9dbe8696-26c8-4bdb-89fc-1ed5ceacf415;432.62;0.19143;BUY
2016-02-29T00:44:32.277000;2016-02-29T00:44:32.310000;8ff78c3a-bdd7-4ebc-bf02-169aeb3a0986;432.63;0.8573;BUY
2016-02-29T00:45:01.390000;2016-02-29T00:45:01.417000;45265698-119c-4741-9512-e610ec441afe;432.66;0.01;BUY
2016-02-29T00:45:01.390000;2016-02-29T00:45:01.417000;2663ebff-a359-49c5-a894-04685364ab7d;432.67;0.01;BUY
