time_exchange;time_coinpai;guid;price;base_amount;taker_side
2016-02-29T00:00:09.000000;2016-02-29T00:00:09.000000;830b8306-db96-4e33-bae5-7dd2e348173f;434.46;6.9068586;UNKNOWN
2016-02-29T00:00:12.000000;2016-02-29T00:00:12.000000;0feb76b0-5573-44ba-97bb-fb83f61326bd;434.47;0.28;UNKNOWN
2016-02-29T00:00:12.000000;2016-02-29T00:00:12.000000;7bbba4f6-d7c9-4068-a926-ce5f16f59112;434.47;6.79;UNKNOWN
2016-02-29T00:00:15.000000;2016-02-29T00:00:15.000000;48650fa8-3f04-486b-91f5-750df6e28f3f;434.34;0.27775996;UNKNOWN
2016-02-29T00:00:15.000000;2016-02-29T00:00:15.000000;8949ca16-883b-4847-a532-a68fbcd2e815;434.45;0.00224004;UNKNOWN
2016-02-29T00:00:17.000000;2016-02-29T00:00:17.000000;11041d06-0a83-45d5-94ec-095d85ddad1d;434.45;0.28;UNKNOWN
2016-02-29T00:00:28.000000;2016-02-29T00:00:28.000000;889b6ae1-33d9-423b-97a9-8cea5691c549;434.34;0.38;UNKNOWN
2016-02-29T00:00:40.000000;2016-02-29T00:00:40.000000;fac0fc2b-75b2-4e32-bd60-a60fb9763f3e;434.35;0.02;UNKNOWN
2016-02-29T00:00:46.000000;2016-02-29T00:00:46.000000;52d1c89e-1820-4868-ad59-a3b4de00e973;434.34;1.12;UNKNOWN
2016-02-29T00:00:46.000000;2016-02-29T00:00:46.000000;84ae5e90-1c9b-4161-b68e-e54853de229a;434.35;0.19;UNKNOWN
2016-02-29T00:01:04.000000;2016-02-29T00:01:04.000000;18ea4800-2e4c-41fb-94d4-dee068ed3a3f;434.34;0.72;UNKNOWN
2016-02-29T00:01:09.000000;2016-02-29T00:01:09.000000;2ce2c5dd-6783-476f-8b2c-324692985d2e;434.34;0.27;UNKNOWN
2016-02-29T00:01:31.000000;2016-02-29T00:01:31.000000;7e7cd6f7-ca82-418c-bcdd-6bc25261a5f7;434.34;1.73;UNKNOWN
2016-02-29T00:01:53.000000;2016-02-29T00:01:53.000000;5f688818-a0fc-44d2-913d-0a85c7f1ddb7;434.34;1.44497599;UNKNOWN
2016-02-29T00:01:56.000000;2016-02-29T00:01:56.000000;cf7ce9c0-23b1-49ff-9971-b20dc91028ec;434.35;0.21;UNKNOWN
2016-02-29T00:01:56.000000;2016-02-29T00:01:56.000000;3c5094e7-7514-4f2f-ab6a-c928223d878e;434.34;1.04;UNKNOWN
2016-02-29T00:02:03.000000;2016-02-29T00:02:03.000000;9ea4e154-a282-40e3-8172-ffa76fdf9b1b;434.34;0.39;UNKNOWN
2016-02-29T00:02:11.000000;2016-02-29T00:02:11.000000;ee910af8-d734-495f-8300-4d7b9e8fa852;434.34;5.0;UNKNOWN
2016-02-29T00:02:18.000000;2016-02-29T00:02:18.000000;50ffa3b3-1bfb-48b2-9a17-d609eb051488;434.34;1.75;UNKNOWN
2016-02-29T00:02:29.000000;2016-02-29T00:02:29.000000;43b89b54-8ac0-47cc-b4ec-c69ce7e0e3f7;434.34;1.88;UNKNOWN
2016-02-29T00:02:38.000000;2016-02-29T00:02:38.000000;1cc9c8b7-991f-4b10-8366-797973ee2c1e;434.34;3.29;UNKNOWN
2016-02-29T00:02:46.000000;2016-02-29T00:02:46.000000;81ffcb04-d847-4227-b024-43b947611835;434.3;1.33538425;UNKNOWN
2016-02-29T00:02:46.000000;2016-02-29T00:02:46.000000;818c15e9-60ef-4c72-b6de-49fbd19017a0;434.34;1.1791331;UNKNOWN
2016-02-29T00:02:46.000000;2016-02-29T00:02:46.000000;c66ac9d6-dd80-4639-9e6c-9f4de5e4d13a;434.34;0.21;UNKNOWN
2016-02-29T00:02:46.000000;2016-02-29T00:02:46.000000;a6e0a5f6-e28b-46ba-94b5-0cbb2899e80a;434.22;0.00548265;UNKNOWN
2016-02-29T00:03:13.000000;2016-02-29T00:03:13.000000;2579217d-e2d5-421b-aed5-abfc8aba2c80;434.22;0.03;UNKNOWN
2016-02-29T00:04:03.000000;2016-02-29T00:04:03.000000;f723ac45-e68e-4df7-89b5-a41186e22400;434.22;5.66451735;UNKNOWN
2016-02-29T00:04:03.000000;2016-02-29T00:04:03.000000;019a4ea7-7fec-439a-93d6-43e388bf591e;434.21;2.7;UNKNOWN
2016-02-29T00:04:24.000000;2016-02-29T00:04:24.000000;6f15de50-c8da-4151-97e0-e0ff7df3a8b5;434.15;1.0;UNKNOWN
2016-02-29T00:04:24.000000;2016-02-29T00:04:24.000000;222f7768-f2da-4765-9397-f91ab53a9bf4;434.14;2.0;UNKNOWN
2016-02-29T00:04:24.000000;2016-02-29T00:04:24.000000;39d3a45c-bd53-4e62-b9f1-9fe38a0e3a5b;434.11;2.235;UNKNOWN
2016-02-29T00:04:24.000000;2016-02-29T00:04:24.000000;51cd5ece-3294-482c-ae86-99218853accc;434.08;0.5;UNKNOWN
2016-02-29T00:04:24.000000;2016-02-29T00:04:24.000000;ec9be456-fb6d-4a7f-bf78-a660f0c4b2a7;434.11;5.7;UNKNOWN
2016-02-29T00:04:24.000000;2016-02-29T00:04:24.000000;f8c791b8-a8d8-4051-9a6d-f33460abab89;434.1;0.03;UNKNOWN
2016-02-29T00:04:24.000000;2016-02-29T00:04:24.000000;11338759-31bb-46a2-984e-6c65cf45c276;434.16;0.98;UNKNOWN
2016-02-29T00:04:24.000000;2016-02-29T00:04:24.000000;640be5d5-a2bb-4196-b8e6-fa5c6abae927;434.12;3.0;UNKNOWN
2016-02-29T00:04:24.000000;2016-02-29T00:04:24.000000;09232844-ddbe-4ffb-802f-4c655e1d6654;434.12;5.7;UNKNOWN
2016-02-29T00:04:24.000000;2016-02-29T00:04:24.000000;c9f59e2e-0899-493a-80fe-df99d1d77150;434.17;0.05;UNKNOWN
2016-02-29T00:04:24.000000;2016-02-29T00:04:24.000000;8b83d8bd-502f-4890-b41c-d6a5011638fe;434.15;0.96;UNKNOWN
2016-02-29T00:04:24.000000;2016-02-29T00:04:24.000000;6415aaa4-c005-42ab-a781-d714e26fc99a;434.17;0.98;UNKNOWN
2016-02-29T00:04:24.000000;2016-02-29T00:04:24.000000;3baafea4-bb3d-4a8c-bc2b-949b12c790e3;434.17;0.45;UNKNOWN
2016-02-29T00:04:24.000000;2016-02-29T00:04:24.000000;ba05a9a9-1989-4ec3-bbae-52f0e133b0e9;434.15;2.235;UNKNOWN
2016-02-29T00:04:24.000000;2016-02-29T00:04:24.000000;38c5fe8e-9c3a-40c7-8c31-12967b9612bc;434.16;1.0;UNKNOWN
2016-02-29T00:05:35.000000;2016-02-29T00:05:35.000000;a6764c1f-322f-4c2b-b8f8-80559500e193;433.87;1.0;UNKNOWN
2016-02-29T00:05:42.000000;2016-02-29T00:05:42.000000;006adccb-9d8b-4bf4-88ca-73a56f02ad07;433.87;1.0;UNKNOWN
2016-02-29T00:06:04.000000;2016-02-29T00:06:04.000000;24b46f7e-442b-4923-854e-969d5196c979;433.86;0.2;UNKNOWN
2016-02-29T00:06:15.000000;2016-02-29T00:06:15.000000;006930c2-ea92-42e2-9733-cc09acd252d8;433.82;0.2;UNKNOWN
2016-02-29T00:06:19.000000;2016-02-29T00:06:19.000000;96360661-cb2e-428e-8188-ba5d4edbfc86;433.42;0.93;UNKNOWN
2016-02-29T00:06:19.000000;2016-02-29T00:06:19.000000;cfbd15f4-66af-4782-a25d-7753d1b64820;433.5;0.2;UNKNOWN
2016-02-29T00:06:19.000000;2016-02-29T00:06:19.000000;d964ec88-07f6-4507-b100-b4d0c030bd70;433.67;0.2;UNKNOWN
2016-02-29T00:06:19.000000;2016-02-29T00:06:19.000000;9c02c741-6574-4954-8027-ae2b0cabe1be;433.74;0.2;UNKNOWN
2016-02-29T00:06:19.000000;2016-02-29T00:06:19.000000;cc6782d9-451f-477a-b963-6a9bbe5c8c9b;433.5;0.93;UNKNOWN
2016-02-29T00:06:19.000000;2016-02-29T00:06:19.000000;89f80f6e-73f2-4fb9-aac4-3791c22077ce;433.55;0.93;UNKNOWN
2016-02-29T00:06:19.000000;2016-02-29T00:06:19.000000;9be682b1-235f-4883-a998-9f4be42d1dc3;433.72;0.93;UNKNOWN
2016-02-29T00:06:19.000000;2016-02-29T00:06:19.000000;76ea306b-3356-4118-b420-4f1171a7a445;433.8;0.2;UNKNOWN
2016-02-29T00:06:19.000000;2016-02-29T00:06:19.000000;fb12e159-8755-45af-8411-296fa3cd7e2e;433.68;0.93;UNKNOWN
2016-02-29T00:06:19.000000;2016-02-29T00:06:19.000000;d2812866-2999-473e-9b5c-5378ab851a1d;433.52;0.2;UNKNOWN
2016-02-29T00:06:19.000000;2016-02-29T00:06:19.000000;9fa7b8b4-6c86-4b74-9d97-a75d0c124f17;433.56;0.1;UNKNOWN
2016-02-29T00:06:19.000000;2016-02-29T00:06:19.000000;8ee29d18-f330-474e-9677-c7819b18e69c;433.63;0.93;UNKNOWN
2016-02-29T00:06:19.000000;2016-02-29T00:06:19.000000;b83cfe64-00d1-4acd-90fc-dceef6e9f632;433.63;0.2;UNKNOWN
2016-02-29T00:06:19.000000;2016-02-29T00:06:19.000000;c25681d3-a652-4252-8393-547908cfe6c3;433.6;0.03;UNKNOWN
2016-02-29T00:06:19.000000;2016-02-29T00:06:19.000000;50d06ebc-3fb6-40db-913f-59b435f8c47a;433.59;0.93;UNKNOWN
2016-02-29T00:06:19.000000;2016-02-29T00:06:19.000000;a6574e20-8b03-4fbc-83f5-2a2ed48c7b28;433.66;0.2;UNKNOWN
2016-02-29T00:06:19.000000;2016-02-29T00:06:19.000000;256d2dde-83f6-41ab-9ef2-e1a338c709a9;433.52;0.2;UNKNOWN
2016-02-29T00:06:19.000000;2016-02-29T00:06:19.000000;c6a38b4e-51c9-4694-8c97-112158805371;433.42;0.2;UNKNOWN
2016-02-29T00:06:19.000000;2016-02-29T00:06:19.000000;fa2c25f3-5dec-4bc8-b11a-e18b4e1797ee;433.46;0.93;UNKNOWN
2016-02-29T00:06:19.000000;2016-02-29T00:06:19.000000;79d11729-0249-4d34-bc92-415f9d2f98df;433.37;0.2;UNKNOWN
2016-02-29T00:06:19.000000;2016-02-29T00:06:19.000000;5bef2057-0338-4e24-862b-722e0391a1be;433.31;0.2;UNKNOWN
2016-02-29T00:06:19.000000;2016-02-29T00:06:19.000000;c6d48678-0ca1-42d9-8a7d-23b10401e013;433.23;0.2;UNKNOWN
2016-02-29T00:06:19.000000;2016-02-29T00:06:19.000000;9d9208ff-9d71-4e79-9489-05a1856c7154;433.34;14.927;UNKNOWN
2016-02-29T00:06:19.000000;2016-02-29T00:06:19.000000;c793472d-2f02-40ca-bf56-32c9c0d1ae3e;433.34;0.2;UNKNOWN
2016-02-29T00:06:19.000000;2016-02-29T00:06:19.000000;813d345a-1552-4882-b833-8450525d4524;433.37;0.93;UNKNOWN
2016-02-29T00:06:19.000000;2016-02-29T00:06:19.000000;818746b7-6d25-425f-95cf-65435b5b6f03;433.22;0.2;UNKNOWN
2016-02-29T00:06:19.000000;2016-02-29T00:06:19.000000;0093f4f5-c10d-4820-b379-448bd3c0ecc0;433.22;0.2;UNKNOWN
2016-02-29T00:06:19.000000;2016-02-29T00:06:19.000000;8ef00edd-db80-4265-a3e8-3cbbd34f8618;433.3;0.02;UNKNOWN
2016-02-29T00:06:19.000000;2016-02-29T00:06:19.000000;97c395c4-d903-4bdc-a27b-9104e5fb6b18;433.2;0.02;UNKNOWN
2016-02-29T00:06:19.000000;2016-02-29T00:06:19.000000;c126c507-7de6-48de-9d78-9cc4f57f2811;433.19;20.02264522;UNKNOWN
2016-02-29T00:07:18.000000;2016-02-29T00:07:18.000000;e6ac80a5-8d0a-4515-98e2-28160cced8a5;433.2;1.04;UNKNOWN
2016-02-29T00:07:18.000000;2016-02-29T00:07:18.000000;9fde711a-5e35-42d9-b731-7c842d98a1c4;433.33;0.2;UNKNOWN
2016-02-29T00:07:18.000000;2016-02-29T00:07:18.000000;b5c2b0a7-8151-4ea9-ad3f-d71a9ee597f2;433.19;12.94;UNKNOWN
2016-02-29T00:07:18.000000;2016-02-29T00:07:18.000000;ecce55bf-79fa-4ca6-a74d-ed5411fb3590;433.2;0.03;UNKNOWN
2016-02-29T00:07:18.000000;2016-02-29T00:07:18.000000;8e8c47d6-83f1-4f78-9af7-cd2f381dfd6f;433.34;2.0;UNKNOWN
2016-02-29T00:07:28.000000;2016-02-29T00:07:28.000000;dfbd2cf6-12d7-4e64-9549-bc2c8f9038fc;433.2;2.36;UNKNOWN
2016-02-29T00:07:31.000000;2016-02-29T00:07:31.000000;82e04d58-120c-4e15-ba95-b0cd2b2d002a;433.2;6.12;UNKNOWN
2016-02-29T00:07:52.000000;2016-02-29T00:07:52.000000;1c3f30a6-efc9-47a3-b625-795c5aa411d0;433.19;2.28;UNKNOWN
2016-02-29T00:07:52.000000;2016-02-29T00:07:52.000000;5b7ec7f3-1ed9-4793-86bb-f1715f75f905;433.2;1.52;UNKNOWN
2016-02-29T00:07:55.000000;2016-02-29T00:07:55.000000;8d666cd6-4cd2-456d-a751-494e51c90198;433.16;0.2;UNKNOWN
2016-02-29T00:07:55.000000;2016-02-29T00:07:55.000000;1c8c61e5-2bad-4006-9f88-95b2631ce179;433.15;2.13264522;UNKNOWN
2016-02-29T00:07:55.000000;2016-02-29T00:07:55.000000;3762a1f9-4312-4068-8b63-04cf688d7375;433.19;13.75735478;UNKNOWN
2016-02-29T00:07:59.000000;2016-02-29T00:07:59.000000;efe935da-4680-46d8-8096-ca29de583aa5;433.15;4.08;UNKNOWN
2016-02-29T00:08:14.000000;2016-02-29T00:08:14.000000;1d26850a-9178-4a7d-b282-66b2ad306f3f;433.15;3.19;UNKNOWN
2016-02-29T00:08:19.000000;2016-02-29T00:08:19.000000;ede4b59b-5f6a-42be-af24-577d128119b2;433.15;0.19000727;UNKNOWN
2016-02-29T00:08:19.000000;2016-02-29T00:08:19.000000;85fab318-24ff-4f1a-b4a1-cb6da55b5e4d;433.15;0.67999273;UNKNOWN
2016-02-29T00:09:06.000000;2016-02-29T00:09:06.000000;b1f5c118-b20f-4367-93f6-ccc8bb94159c;433.0;0.2;UNKNOWN
2016-02-29T00:09:06.000000;2016-02-29T00:09:06.000000;e244aee9-6af4-490b-ab8b-ed985645d981;433.0;0.01;UNKNOWN
2016-02-29T00:09:06.000000;2016-02-29T00:09:06.000000;1bdd60d6-1443-4973-9997-4ab1949beeb9;433.15;0.32000727;UNKNOWN
2016-02-29T00:09:06.000000;2016-02-29T00:09:06.000000;7693b13a-c3c2-409d-8a68-713357361e04;432.85;0.18750873;UNKNOWN
2016-02-29T00:09:06.000000;2016-02-29T00:09:06.000000;45468e48-c786-4a62-bfa7-faca632c3f86;433.1;0.02;UNKNOWN
2016-02-29T00:09:06.000000;2016-02-29T00:09:06.000000;7610e991-f28a-4bf7-9bc8-65a55f3fcc71;433.01;0.2;UNKNOWN
2016-02-29T00:09:06.000000;2016-02-29T00:09:06.000000;3c202f1d-bce3-485f-bae4-9fc5829ebadb;433.06;0.2;UNKNOWN
2016-02-29T00:09:06.000000;2016-02-29T00:09:06.000000;df4ca852-f8e8-408d-ab90-af251de12f52;432.95;0.062484;UNKNOWN
2016-02-29T00:09:06.000000;2016-02-29T00:09:06.000000;fc2ac198-8f2c-48f1-a639-c656f1b34bdb;433.0;0.02;UNKNOWN
2016-02-29T00:09:06.000000;2016-02-29T00:09:06.000000;5bb6fbff-ff87-4633-8886-78ffa958033b;432.93;0.2;UNKNOWN
2016-02-29T00:09:06.000000;2016-02-29T00:09:06.000000;d4049f39-557e-441a-bd17-d7aef8cabea0;432.9;0.02;UNKNOWN
2016-02-29T00:09:06.000000;2016-02-29T00:09:06.000000;68cb9aa3-a5e3-45e6-9dff-1c368406da38;432.9;0.93;UNKNOWN
2016-02-29T00:09:06.000000;2016-02-29T00:09:06.000000;aebdb3cc-4d3a-444b-9ba0-19298a729177;432.94;0.93;UNKNOWN
2016-02-29T00:09:06.000000;2016-02-29T00:09:06.000000;9915ff2d-d134-4062-8e7f-c1a30d379389;432.92;0.2;UNKNOWN
2016-02-29T00:10:06.000000;2016-02-29T00:10:06.000000;00d9b106-ff97-4c07-b7d4-13d4980c0145;432.92;1.0;UNKNOWN
2016-02-29T00:10:12.000000;2016-02-29T00:10:12.000000;c9c4bfe9-62db-4821-a6d0-1118caffbc13;432.89;0.034464;UNKNOWN
2016-02-29T00:10:26.000000;2016-02-29T00:10:26.000000;a2bbd2d0-3e48-4151-ba40-84198a147662;432.89;0.965536;UNKNOWN
2016-02-29T00:10:32.000000;2016-02-29T00:10:32.000000;2915a253-059f-4ac6-8b87-61d6146cf687;432.85;1.0;UNKNOWN
2016-02-29T00:10:43.000000;2016-02-29T00:10:43.000000;3f2e87bd-b1c4-444b-8fb3-7785cd8941b9;432.85;2.0;UNKNOWN
2016-02-29T00:10:53.000000;2016-02-29T00:10:53.000000;1f28a892-42a7-4823-9992-3d369160340e;432.6;11.08;UNKNOWN
2016-02-29T00:10:53.000000;2016-02-29T00:10:53.000000;6fe79211-1dba-4ee6-ad37-4a26601e7ea3;432.66;0.8;UNKNOWN
2016-02-29T00:10:53.000000;2016-02-29T00:10:53.000000;c4fea4d9-19d1-4c95-ba75-2ff86faf3dbe;432.62;0.2;UNKNOWN
2016-02-29T00:10:53.000000;2016-02-29T00:10:53.000000;8151cebd-708b-4814-8f03-85cf92e80e8c;432.64;0.93;UNKNOWN
2016-02-29T00:10:53.000000;2016-02-29T00:10:53.000000;3b8ee205-e45b-4963-bac9-cdc7b0d05392;432.6;0.02;UNKNOWN
2016-02-29T00:10:53.000000;2016-02-29T00:10:53.000000;d43a694f-cfb8-477d-8b44-437a04130065;432.68;0.2;UNKNOWN
2016-02-29T00:10:53.000000;2016-02-29T00:10:53.000000;6d6f5392-fc38-42c6-8c86-5af6322661a8;432.68;0.93;UNKNOWN
2016-02-29T00:10:53.000000;2016-02-29T00:10:53.000000;f1558dca-694e-4b7d-b89a-4788f2c424bd;432.7;0.2;UNKNOWN
2016-02-29T00:10:53.000000;2016-02-29T00:10:53.000000;f664dc56-13b5-4553-b508-797f8bd65a9c;432.7;0.02;UNKNOWN
2016-02-29T00:10:53.000000;2016-02-29T00:10:53.000000;4e5c4a08-08d3-490b-b804-1ccb549bbd24;432.82;0.2;UNKNOWN
2016-02-29T00:10:53.000000;2016-02-29T00:10:53.000000;de093b70-045e-404f-82b9-d70e84512fc5;432.8;0.02;UNKNOWN
2016-02-29T00:10:53.000000;2016-02-29T00:10:53.000000;46782f8d-107b-45bf-9e57-4d0ad16bfdb0;432.71;0.2;UNKNOWN
2016-02-29T00:10:53.000000;2016-02-29T00:10:53.000000;1079be1a-0975-4da7-ab01-81c1dd5c8918;432.75;5.0;UNKNOWN
2016-02-29T00:10:53.000000;2016-02-29T00:10:53.000000;5b6daa1f-6c3d-4c2e-9ae1-d0a50e5f6f6a;432.79;0.2;UNKNOWN
2016-02-29T00:10:59.000000;2016-02-29T00:10:59.000000;79d0f142-4de6-4b22-a34c-00881cee3cab;432.6;0.75;UNKNOWN
2016-02-29T00:10:59.000000;2016-02-29T00:10:59.000000;c03556b9-99a2-4b64-921e-df76a1372cf5;432.55;0.93;UNKNOWN
2016-02-29T00:10:59.000000;2016-02-29T00:10:59.000000;312913dd-ee79-4618-8cd1-8a1c178c540b;432.54;0.2;UNKNOWN
2016-02-29T00:10:59.000000;2016-02-29T00:10:59.000000;1dba3efd-3791-4abf-9339-acf515ce3309;432.6;13.17;UNKNOWN
2016-02-29T00:10:59.000000;2016-02-29T00:10:59.000000;ab230610-854e-4629-bfcb-96f8f146de0d;432.6;25.0;UNKNOWN
2016-02-29T00:10:59.000000;2016-02-29T00:10:59.000000;205ed0a5-af5d-4e79-bec4-5569a1ef4b59;432.56;0.7;UNKNOWN
2016-02-29T00:10:59.000000;2016-02-29T00:10:59.000000;c17f3a2a-170e-46c8-b675-0821f9f70b47;432.59;0.93;UNKNOWN
2016-02-29T00:10:59.000000;2016-02-29T00:10:59.000000;818a5b9f-3c63-42c7-b434-fbb0ddc69ef0;432.51;27.07;UNKNOWN
2016-02-29T00:11:06.000000;2016-02-29T00:11:06.000000;ab94e6e2-a98c-4147-8d0f-2398e78da52c;432.53;0.2;UNKNOWN
2016-02-29T00:11:06.000000;2016-02-29T00:11:06.000000;49f4179d-ffad-40f3-88db-0539f2bf0705;432.58;0.2;UNKNOWN
2016-02-29T00:11:06.000000;2016-02-29T00:11:06.000000;1cb94404-997a-40c5-a696-e2bc3d62ba65;432.51;0.70562752;UNKNOWN
2016-02-29T00:11:12.000000;2016-02-29T00:11:12.000000;661aa7d3-184b-4325-b5d4-ec235147599c;432.51;0.75;UNKNOWN
2016-02-29T00:11:35.000000;2016-02-29T00:11:35.000000;5c0bfa9b-6818-4790-b25f-bbdb68fa576a;432.72;0.5;UNKNOWN
2016-02-29T00:12:00.000000;2016-02-29T00:12:00.000000;7dab9fe4-7b99-4938-8b5c-9c35e8de9174;432.51;1.5;UNKNOWN
2016-02-29T00:12:19.000000;2016-02-29T00:12:19.000000;9c75c2ac-17f4-4336-b652-f7d1797865e2;432.62;0.01;UNKNOWN
2016-02-29T00:12:42.000000;2016-02-29T00:12:42.000000;8f29784d-74c8-48f5-a893-fc7df1bb60d5;432.51;0.24869093;UNKNOWN
2016-02-29T00:12:42.000000;2016-02-29T00:12:42.000000;9ffeaef6-6c05-4fbb-b6a9-610ff00db548;432.52;10.0;UNKNOWN
2016-02-29T00:12:48.000000;2016-02-29T00:12:48.000000;78862689-6854-4f45-9edb-94bd717fed24;432.52;0.1;UNKNOWN
2016-02-29T00:12:57.000000;2016-02-29T00:12:57.000000;2d54e41b-85a0-4313-ae85-ad9c27f08580;432.51;6.6;UNKNOWN
2016-02-29T00:12:57.000000;2016-02-29T00:12:57.000000;65b77f65-beb5-466b-90ce-33bba1b7f88e;432.52;0.4;UNKNOWN
2016-02-29T00:13:37.000000;2016-02-29T00:13:37.000000;ae538c8e-e529-4224-af4b-941ad175ed65;432.52;0.1;UNKNOWN
2016-02-29T00:13:48.000000;2016-02-29T00:13:48.000000;e427d81f-8bca-41d8-b60e-d516ff4a5331;432.52;0.4;UNKNOWN
2016-02-29T00:13:48.000000;2016-02-29T00:13:48.000000;bfebef43-2cbe-4130-9d2f-4ef12bdb6ce7;432.51;0.10678408;UNKNOWN
2016-02-29T00:13:54.000000;2016-02-29T00:13:54.000000;ec015a60-2ed7-47a9-b88f-2865ebf85a99;432.51;0.3;UNKNOWN
2016-02-29T00:13:55.000000;2016-02-29T00:13:55.000000;2745d607-6aff-4700-b1bc-068ee1194c47;432.51;9.0;UNKNOWN
2016-02-29T00:14:28.000000;2016-02-29T00:14:28.000000;0a6164a6-db0a-4bfb-ac01-37208dedbdec;432.51;1.75653962;UNKNOWN
2016-02-29T00:14:28.000000;2016-02-29T00:14:28.000000;8b8a10ef-af3e-4ab3-99f8-c0831e1e413e;432.52;0.5;UNKNOWN
2016-02-29T00:15:05.000000;2016-02-29T00:15:05.000000;e2337857-fb78-48db-aac1-65af62098b58;432.53;5.7808;UNKNOWN
2016-02-29T00:15:05.000000;2016-02-29T00:15:05.000000;fbb576f8-9965-40fb-ae0a-d412aae6cb7f;432.84;0.5192;UNKNOWN
2016-02-29T00:15:08.000000;2016-02-29T00:15:08.000000;85e51d79-a993-4877-a52d-8e88d854de4d;432.52;0.02314399;UNKNOWN
2016-02-29T00:15:18.000000;2016-02-29T00:15:18.000000;848650ff-208d-4782-af16-53569485d75a;432.52;0.04565376;UNKNOWN
2016-02-29T00:15:41.000000;2016-02-29T00:15:41.000000;1ba65ce0-5f15-4cda-88d5-b4013d93766f;432.52;0.43120225;UNKNOWN
2016-02-29T00:15:41.000000;2016-02-29T00:15:41.000000;8c7acf4b-f8d2-467e-9510-902859fd0568;432.51;0.06879775;UNKNOWN
2016-02-29T00:16:04.000000;2016-02-29T00:16:04.000000;aa986a5f-f289-45a7-ba02-8971df64e431;432.71;0.1;UNKNOWN
2016-02-29T00:16:22.000000;2016-02-29T00:16:22.000000;a2f660be-2087-4057-a73a-57501b531b4b;432.62;5.0;UNKNOWN
2016-02-29T00:16:25.000000;2016-02-29T00:16:25.000000;4210ad4c-09e6-4422-a06a-1a9c212ba33c;432.71;0.062467;UNKNOWN
2016-02-29T00:16:31.000000;2016-02-29T00:16:31.000000;b89f5942-76e5-49d3-b6b6-a7280c6bc848;432.63;0.5;UNKNOWN
2016-02-29T00:16:31.000000;2016-02-29T00:16:31.000000;3976a07e-ea5b-4ab6-b179-d29c2f84fae5;432.6;4.5;UNKNOWN
2016-02-29T00:16:40.000000;2016-02-29T00:16:40.000000;333867df-7bda-43fc-9225-11c28e6c9517;432.6;5.0;UNKNOWN
2016-02-29T00:16:47.000000;2016-02-29T00:16:47.000000;cda6e06a-831f-4d33-8513-a86e08c6c82e;432.66;0.5;UNKNOWN
2016-02-29T00:16:50.000000;2016-02-29T00:16:50.000000;73a8f6af-1598-43d3-850d-8c16252e2647;432.69;0.3;UNKNOWN
2016-02-29T00:16:54.000000;2016-02-29T00:16:54.000000;3c585674-c844-40c6-a44a-c5e12f5c2459;432.61;3.0;UNKNOWN
2016-02-29T00:17:01.000000;2016-02-29T00:17:01.000000;938737b4-92af-4a85-aa33-cff85df73c73;432.6;5.0;UNKNOWN
2016-02-29T00:17:09.000000;2016-02-29T00:17:09.000000;9626c423-5530-4e69-8dc2-2c0f93ea47c3;432.6;5.0;UNKNOWN
2016-02-29T00:17:18.000000;2016-02-29T00:17:18.000000;123b3b84-ee54-4a50-88a4-97baacea5db3;432.61;0.5;UNKNOWN
2016-02-29T00:17:18.000000;2016-02-29T00:17:18.000000;136413c2-7140-448d-8ed9-9894bfcff9b8;432.6;4.5;UNKNOWN
2016-02-29T00:17:25.000000;2016-02-29T00:17:25.000000;7df49498-14f6-4750-955b-be99714e432f;432.6;5.0;UNKNOWN
2016-02-29T00:17:38.000000;2016-02-29T00:17:38.000000;c5caf048-f9c8-4c73-8d37-78f517454e40;432.6;5.0;UNKNOWN
2016-02-29T00:17:47.000000;2016-02-29T00:17:47.000000;04086817-c714-4922-bb0b-c3b29221a3da;432.6;3.0;UNKNOWN
2016-02-29T00:17:47.000000;2016-02-29T00:17:47.000000;1b5354c6-d09b-4505-94d7-1a618c422e76;432.61;2.0;UNKNOWN
2016-02-29T00:17:54.000000;2016-02-29T00:17:54.000000;76cc3e08-a89c-4c54-ae63-eb2992f8fcd7;432.6;2.96;UNKNOWN
2016-02-29T00:17:54.000000;2016-02-29T00:17:54.000000;702308cb-6652-4c6d-9499-d65876a55315;432.62;2.04;UNKNOWN
2016-02-29T00:18:01.000000;2016-02-29T00:18:01.000000;dee40fde-a21f-468d-88e5-22d7a5eebef9;432.6;5.0;UNKNOWN
2016-02-29T00:18:04.000000;2016-02-29T00:18:04.000000;17021e78-18da-4b07-97d5-22826e171f28;432.65;7.00454;UNKNOWN
2016-02-29T00:18:04.000000;2016-02-29T00:18:04.000000;270f9436-ef84-418e-ae44-3ee891978ee8;432.71;5.610033;UNKNOWN
2016-02-29T00:18:04.000000;2016-02-29T00:18:04.000000;b1db4893-b755-4ec8-83e5-6fc41a4dd80e;432.81;4.385427;UNKNOWN
2016-02-29T00:18:04.000000;2016-02-29T00:18:04.000000;65883212-4394-40d3-a368-8d180f30ad3e;432.64;3.0;UNKNOWN
2016-02-29T00:18:11.000000;2016-02-29T00:18:11.000000;f0b742e8-db93-4278-8ac8-2172f826c134;432.6;5.0;UNKNOWN
2016-02-29T00:18:17.000000;2016-02-29T00:18:17.000000;8987a769-5b9e-4ebf-8953-e11903f25d12;432.6;0.05;UNKNOWN
2016-02-29T00:18:17.000000;2016-02-29T00:18:17.000000;28a60b0d-cdc8-4155-9889-9005ff9e72d6;432.53;0.5;UNKNOWN
2016-02-29T00:18:17.000000;2016-02-29T00:18:17.000000;f16252db-e564-451e-a881-1a266ad11f4c;432.51;2.41;UNKNOWN
2016-02-29T00:18:17.000000;2016-02-29T00:18:17.000000;8bad7752-3394-4690-9875-0c89f1cf1d32;432.6;0.04;UNKNOWN
2016-02-29T00:18:17.000000;2016-02-29T00:18:17.000000;3e82092e-d150-42ab-b29f-55da6147f326;432.6;0.5;UNKNOWN
2016-02-29T00:18:20.000000;2016-02-29T00:18:20.000000;4fa94153-8b6d-4c9b-84e5-018ce383f04e;432.51;5.0;UNKNOWN
2016-02-29T00:18:27.000000;2016-02-29T00:18:27.000000;6947ff42-8019-4f5a-99e7-28c356778311;432.5;1.5164399;UNKNOWN
2016-02-29T00:18:27.000000;2016-02-29T00:18:27.000000;95543c97-8391-4c2f-ae68-72035ae83e6c;432.51;3.4835601;UNKNOWN
2016-02-29T00:18:32.000000;2016-02-29T00:18:32.000000;dd4a8826-37bc-4d0d-950f-a21ff1f9e527;432.38;4.0764399;UNKNOWN
2016-02-29T00:18:32.000000;2016-02-29T00:18:32.000000;e15b54df-3531-4f66-9277-6826b80813e3;432.4;0.02;UNKNOWN
2016-02-29T00:18:32.000000;2016-02-29T00:18:32.000000;a82d067d-3538-41e4-b33e-e458c97ac6d7;432.5;1.5035601;UNKNOWN
2016-02-29T00:18:32.000000;2016-02-29T00:18:32.000000;b2f3dd56-99c7-4394-a685-74e59873aa5b;432.5;3.4964399;UNKNOWN
2016-02-29T00:18:32.000000;2016-02-29T00:18:32.000000;7c1e92fa-4322-45aa-800a-35a4e5e94cd5;432.5;0.02;UNKNOWN
2016-02-29T00:18:32.000000;2016-02-29T00:18:32.000000;bb1e197b-2e4d-4f33-8fc5-debccf9f0ca3;432.5;5.0;UNKNOWN
2016-02-29T00:18:32.000000;2016-02-29T00:18:32.000000;f62eac2f-515f-4f1b-b0cb-7a900da56ddd;432.5;1.4835601;UNKNOWN
2016-02-29T00:18:32.000000;2016-02-29T00:18:32.000000;1bc801a5-3d17-4d1f-8dcc-c668d540f1b0;432.45;0.2;UNKNOWN
2016-02-29T00:18:32.000000;2016-02-29T00:18:32.000000;f9b0f1e2-7197-4c0b-a725-eb6a0803b876;432.45;0.2;UNKNOWN
2016-02-29T00:18:33.000000;2016-02-29T00:18:33.000000;71abbbfb-b7da-4356-879b-8d2a7df1331d;432.3;0.02;UNKNOWN
2016-02-29T00:18:33.000000;2016-02-29T00:18:33.000000;47ea2c77-e86a-41b0-bca3-44e12a27a1f1;432.37;0.2;UNKNOWN
2016-02-29T00:18:33.000000;2016-02-29T00:18:33.000000;d8f92ff0-c3a9-4516-96cf-e40b7b198bd5;432.34;0.2;UNKNOWN
2016-02-29T00:18:33.000000;2016-02-29T00:18:33.000000;bcf72816-87ee-40cf-9603-0e424dfb71e6;432.33;0.2;UNKNOWN
2016-02-29T00:18:33.000000;2016-02-29T00:18:33.000000;f36db694-f9fa-46cb-942b-efc9a8b3454c;432.22;0.2;UNKNOWN
2016-02-29T00:18:33.000000;2016-02-29T00:18:33.000000;e0f77089-a262-4d05-986c-ed8d26bfc082;432.38;1.6458601;UNKNOWN
2016-02-29T00:18:33.000000;2016-02-29T00:18:33.000000;ee66c7a7-1e91-4d9e-beea-be2e7853e97d;432.29;0.2;UNKNOWN
2016-02-29T00:18:33.000000;2016-02-29T00:18:33.000000;f01358a4-f5ad-488e-ac7a-c2b7c3d36ba2;432.2;0.2;UNKNOWN
2016-02-29T00:18:33.000000;2016-02-29T00:18:33.000000;d2f65fbf-526a-45ae-9a92-e683bc2f9250;432.14;0.2;UNKNOWN
2016-02-29T00:18:33.000000;2016-02-29T00:18:33.000000;8bd541b4-9d64-49d0-b4f9-9b04173885d2;432.23;0.2;UNKNOWN
2016-02-29T00:18:33.000000;2016-02-29T00:18:33.000000;6f1114ed-5d43-49cf-bd88-f8a87d8195d8;432.11;21.5141399;UNKNOWN
2016-02-29T00:18:33.000000;2016-02-29T00:18:33.000000;d6fd834e-b24e-4240-b7e4-4c4ae86bdc01;432.12;0.2;UNKNOWN
2016-02-29T00:18:33.000000;2016-02-29T00:18:33.000000;5ab6dd67-c316-4d5b-aa54-5fed42642a90;432.2;0.02;UNKNOWN
2016-02-29T00:18:34.000000;2016-02-29T00:18:34.000000;5349cc8f-3fb8-4e96-8f3a-e995a16f9a7a;432.11;5.0;UNKNOWN
2016-02-29T00:18:42.000000;2016-02-29T00:18:42.000000;f26df89e-18bd-4d50-b5e9-801404a2b62e;432.51;0.062513;UNKNOWN
2016-02-29T00:18:42.000000;2016-02-29T00:18:42.000000;aab319b2-e867-4b91-9295-a7da03851d16;432.11;4.937487;UNKNOWN
2016-02-29T00:18:46.000000;2016-02-29T00:18:46.000000;31c680cf-c05f-4b34-820f-f4583e2ab87f;432.1;5.9316269;UNKNOWN
2016-02-29T00:18:46.000000;2016-02-29T00:18:46.000000;f4c916a8-aa34-49e8-ae76-cc43383d1f88;432.1;1.25;UNKNOWN
2016-02-29T00:18:46.000000;2016-02-29T00:18:46.000000;36e1e369-f2fa-43c6-b354-a58b4c09ca20;432.11;0.5;UNKNOWN
2016-02-29T00:18:46.000000;2016-02-29T00:18:46.000000;df61d428-13de-4ba9-a88c-9926a04bad07;432.11;18.5483731;UNKNOWN
2016-02-29T00:18:46.000000;2016-02-29T00:18:46.000000;7067f722-23ef-4f17-a233-bf24c9b7217a;432.1;0.02;UNKNOWN
2016-02-29T00:18:46.000000;2016-02-29T00:18:46.000000;9bddde17-33fd-49cf-99cf-c09f2bfaa3f2;432.1;20.0;UNKNOWN
2016-02-29T00:18:51.000000;2016-02-29T00:18:51.000000;90b8c9a0-eb8c-4da8-b1bd-93d295a91523;432.1;5.0;UNKNOWN
2016-02-29T00:18:52.000000;2016-02-29T00:18:52.000000;1a95e28c-9d97-464a-8c51-cbae332b0e88;432.1;10.0;UNKNOWN
2016-02-29T00:18:59.000000;2016-02-29T00:18:59.000000;42bd513a-1eea-4b49-946e-f51cf4e1ee8f;432.11;0.08;UNKNOWN
2016-02-29T00:19:06.000000;2016-02-29T00:19:06.000000;934a257b-06aa-480f-8b60-ce95cf07a6c3;432.1;1.14802172;UNKNOWN
2016-02-29T00:19:06.000000;2016-02-29T00:19:06.000000;e40059ec-735a-427c-807f-0bb2980e7add;432.11;0.42;UNKNOWN
2016-02-29T00:19:07.000000;2016-02-29T00:19:07.000000;9938f3cb-18ae-400d-8d38-da9c59633e59;432.1;2.82;UNKNOWN
2016-02-29T00:19:15.000000;2016-02-29T00:19:15.000000;386eb840-b576-41b9-b589-d8b9ec50b864;432.1;2.09;UNKNOWN
2016-02-29T00:19:23.000000;2016-02-29T00:19:23.000000;0baefcf2-d4ff-426e-80bc-b6c5ab08e6a7;432.02;0.2;UNKNOWN
2016-02-29T00:19:23.000000;2016-02-29T00:19:23.000000;8b413f51-77a4-4880-ae2b-e0f9c47166ec;432.1;1.76035138;UNKNOWN
2016-02-29T00:19:23.000000;2016-02-29T00:19:23.000000;ab0ccd33-f903-434f-92dd-0897fd1d166d;432.1;0.06256;UNKNOWN
2016-02-29T00:19:23.000000;2016-02-29T00:19:23.000000;38c6df9a-f56e-4655-9df8-ae68e2a9f5cd;432.05;0.46;UNKNOWN
2016-02-29T00:19:23.000000;2016-02-29T00:19:23.000000;e8924820-a18f-4feb-8ca3-ed189d0ff0db;432.0;2.51708862;UNKNOWN
2016-02-29T00:19:27.000000;2016-02-29T00:19:27.000000;6ad13659-fbb2-4e80-9db1-d263a665792f;431.74;0.2;UNKNOWN
2016-02-29T00:19:27.000000;2016-02-29T00:19:27.000000;75714bc9-0c68-4ba0-9644-9bf7673e42d8;431.65;0.2;UNKNOWN
2016-02-29T00:19:27.000000;2016-02-29T00:19:27.000000;39c99f07-74ce-43da-a32a-40f5445c64bc;432.0;0.4318;UNKNOWN
2016-02-29T00:19:27.000000;2016-02-29T00:19:27.000000;7cdcfcec-ddb3-4900-abd3-029d753a20ed;431.75;0.03;UNKNOWN
2016-02-29T00:19:27.000000;2016-02-29T00:19:27.000000;a5d65616-3678-4e71-96c8-887fd5cfe6f8;431.7;0.2;UNKNOWN
2016-02-29T00:19:27.000000;2016-02-29T00:19:27.000000;25d55b42-0892-4092-b3f7-93dc887bb4bb;431.69;4.72;UNKNOWN
2016-02-29T00:19:27.000000;2016-02-29T00:19:27.000000;3b239191-86e5-4dee-b6c0-be29c84a5e7f;432.0;0.1;UNKNOWN
2016-02-29T00:19:27.000000;2016-02-29T00:19:27.000000;140d6429-97fc-4de3-b553-ea7c9fae4095;431.91;0.2;UNKNOWN
2016-02-29T00:19:27.000000;2016-02-29T00:19:27.000000;08e420e0-1389-42e6-8cff-5c62315085c8;431.99;5.0;UNKNOWN
2016-02-29T00:19:27.000000;2016-02-29T00:19:27.000000;c676b2b1-523f-4330-87c8-df7947558c1e;431.79;0.2;UNKNOWN
2016-02-29T00:19:27.000000;2016-02-29T00:19:27.000000;b0824f89-84a6-42fe-aa8a-9dc541c7ec2f;431.8;0.0802;UNKNOWN
2016-02-29T00:19:27.000000;2016-02-29T00:19:27.000000;4ccc62c1-645b-427b-904b-6da8c0cddd88;431.77;0.2;UNKNOWN
2016-02-29T00:19:27.000000;2016-02-29T00:19:27.000000;2ed70374-285b-41b9-915d-c41c9dcc9f4e;432.0;0.75;UNKNOWN
2016-02-29T00:19:27.000000;2016-02-29T00:19:27.000000;e051d60d-59cb-4a6b-ba79-655ed88f67b3;432.0;0.02;UNKNOWN
2016-02-29T00:19:27.000000;2016-02-29T00:19:27.000000;81ec5029-2619-4883-95e2-9d8905091af9;431.64;0.2;UNKNOWN
2016-02-29T00:19:27.000000;2016-02-29T00:19:27.000000;e59aa4a9-0a53-4671-a177-9ed88e775ac3;431.68;0.2;UNKNOWN
2016-02-29T00:19:27.000000;2016-02-29T00:19:27.000000;2d12ffec-a2c6-416d-aed6-61a914caf0e1;432.0;0.06011138;UNKNOWN
2016-02-29T00:19:27.000000;2016-02-29T00:19:27.000000;9aa2338b-ae42-4d9d-9d7b-10a1807612e2;431.65;0.01;UNKNOWN
2016-02-29T00:19:27.000000;2016-02-29T00:19:27.000000;a3442dca-733e-49b8-b993-f25975e723d9;431.7;0.02;UNKNOWN
2016-02-29T00:19:27.000000;2016-02-29T00:19:27.000000;9e6e3635-e4f8-4556-846c-dad172492af0;431.8;0.02;UNKNOWN
2016-02-29T00:19:27.000000;2016-02-29T00:19:27.000000;65fbcc2d-a34d-4767-a3b7-c71d09c66466;431.9;0.02;UNKNOWN
2016-02-29T00:19:27.000000;2016-02-29T00:19:27.000000;96a4ca2a-2dea-41ee-af5e-c7cec481a8d1;431.84;0.2;UNKNOWN
2016-02-29T00:19:27.000000;2016-02-29T00:19:27.000000;aebd8693-7a25-4b08-84d2-abebffeece23;431.8;1.0;UNKNOWN
2016-02-29T00:19:27.000000;2016-02-29T00:19:27.000000;c430cd8f-cde3-48d0-9ec6-f7b8eb62a66d;431.6;11.38089254;UNKNOWN
2016-02-29T00:19:27.000000;2016-02-29T00:19:27.000000;20cf8330-e8db-4697-a085-23dea31f76eb;431.6;0.02;UNKNOWN
2016-02-29T00:19:27.000000;2016-02-29T00:19:27.000000;d9b113ce-0e09-4366-b462-6f8a3309bcf7;431.66;0.24061477;UNKNOWN
2016-02-29T00:19:27.000000;2016-02-29T00:19:27.000000;6b01207c-5878-4cee-8971-19f490b4baf2;431.65;0.04638131;UNKNOWN
2016-02-29T00:19:28.000000;2016-02-29T00:19:28.000000;94590459-39e7-4ba6-ac77-93e3dcf7b29d;431.2;0.4;UNKNOWN
2016-02-29T00:19:28.000000;2016-02-29T00:19:28.000000;647f52ad-3b7f-4490-a4a6-bf16ad2c8cb7;431.2;0.02;UNKNOWN
2016-02-29T00:19:28.000000;2016-02-29T00:19:28.000000;c0169596-1d55-4d61-88fb-9866ecf1cdce;431.25;0.93;UNKNOWN
2016-02-29T00:19:28.000000;2016-02-29T00:19:28.000000;f53299a6-9335-4948-88f1-182752dd682d;431.17;2.8416;UNKNOWN
2016-02-29T00:19:28.000000;2016-02-29T00:19:28.000000;1f4a3120-8659-4ce4-8985-2f72b66ef9af;431.11;1.5;UNKNOWN
2016-02-29T00:19:28.000000;2016-02-29T00:19:28.000000;64b33e77-a93d-4599-9b84-327a54138cd3;431.4;0.02;UNKNOWN
2016-02-29T00:19:28.000000;2016-02-29T00:19:28.000000;d40fdef7-0918-4a54-966c-54d5192ebe5e;431.11;18.7262;UNKNOWN
2016-02-29T00:19:28.000000;2016-02-29T00:19:28.000000;f48063e2-2f80-41cc-b242-bcb037710004;431.17;0.19481688;UNKNOWN
2016-02-29T00:19:28.000000;2016-02-29T00:19:28.000000;d767b5be-5849-421b-867e-474ee083de01;431.37;0.2;UNKNOWN
2016-02-29T00:19:28.000000;2016-02-29T00:19:28.000000;3df28b0c-6516-473b-b0f5-6d79307d860e;431.43;0.93;UNKNOWN
2016-02-29T00:19:28.000000;2016-02-29T00:19:28.000000;0e635a58-6810-4557-a304-247af387778f;431.38;0.93;UNKNOWN
2016-02-29T00:19:28.000000;2016-02-29T00:19:28.000000;bc550e00-7f26-445b-bcec-2126c4d62d98;431.11;19.63215617;UNKNOWN
2016-02-29T00:19:28.000000;2016-02-29T00:19:28.000000;1aa5ec52-5862-4aea-bbc7-23a0f71a2520;431.31;19.232;UNKNOWN
2016-02-29T00:19:28.000000;2016-02-29T00:19:28.000000;86025050-2a66-4b9c-9063-02a364bb2415;431.5;2.0;UNKNOWN
2016-02-29T00:19:28.000000;2016-02-29T00:19:28.000000;5d8837a0-023a-4163-91aa-e2bf5234e74f;431.56;0.7;UNKNOWN
2016-02-29T00:19:28.000000;2016-02-29T00:19:28.000000;731c27e3-7d09-403a-bcfb-1629eb873905;431.4;1.0;UNKNOWN
2016-02-29T00:19:28.000000;2016-02-29T00:19:28.000000;1ca6e92d-a9b9-4016-94db-e19b5a1dd943;431.38;0.2;UNKNOWN
2016-02-29T00:19:28.000000;2016-02-29T00:19:28.000000;a36b08cf-3737-48e5-8735-04001d46872e;431.2;50.0;UNKNOWN
2016-02-29T00:19:28.000000;2016-02-29T00:19:28.000000;3ed1070e-8a40-462d-a268-9286e0754084;431.25;0.1;UNKNOWN
2016-02-29T00:19:28.000000;2016-02-29T00:19:28.000000;b11df3fa-fa43-4047-b8c8-57d1f70924b1;431.18;0.2;UNKNOWN
2016-02-29T00:19:28.000000;2016-02-29T00:19:28.000000;05525a41-ca9d-4a52-9e8f-cc88c8181bd6;431.55;0.2;UNKNOWN
2016-02-29T00:19:28.000000;2016-02-29T00:19:28.000000;a9f38d0d-d7da-4431-977b-3d7f01e25eda;431.34;0.93;UNKNOWN
2016-02-29T00:19:28.000000;2016-02-29T00:19:28.000000;6ab9e55f-dad6-40cb-b7b6-22b3a6e97f6c;431.2;0.2;UNKNOWN
2016-02-29T00:19:28.000000;2016-02-29T00:19:28.000000;2639263b-2fdb-4609-9260-b554eca24425;431.56;0.93;UNKNOWN
2016-02-29T00:19:28.000000;2016-02-29T00:19:28.000000;9bd25aec-72a5-43c9-acc8-1a52cb17da2f;431.73;6.0;UNKNOWN
2016-02-29T00:19:28.000000;2016-02-29T00:19:28.000000;fecfeafe-1de9-429b-ae4c-0ede9df52b36;431.17;0.02;UNKNOWN
2016-02-29T00:19:28.000000;2016-02-29T00:19:28.000000;6fb4edb9-4b43-4ba2-89f1-235aa3d62025;431.5;0.02;UNKNOWN
2016-02-29T00:19:28.000000;2016-02-29T00:19:28.000000;7b4730c8-5657-4725-bb2b-7c4e5a147403;431.45;0.03;UNKNOWN
2016-02-29T00:19:28.000000;2016-02-29T00:19:28.000000;55ffd606-10e4-4457-9298-b328aaaefd8c;431.51;0.93;UNKNOWN
2016-02-29T00:19:28.000000;2016-02-29T00:19:28.000000;1fac90b7-b458-43a6-a3f1-6f0c3aa2bd07;431.27;0.2;UNKNOWN
2016-02-29T00:19:28.000000;2016-02-29T00:19:28.000000;4ec8e46a-09d9-43f8-991c-0c2e5222e9d4;431.6;38.61910746;UNKNOWN
2016-02-29T00:19:28.000000;2016-02-29T00:19:28.000000;1f656db4-c750-40d5-ba02-efe9c7be293d;431.6;0.93;UNKNOWN
2016-02-29T00:19:28.000000;2016-02-29T00:19:28.000000;af04e540-6243-4c36-b5ab-086f9148c09b;431.44;0.2;UNKNOWN
2016-02-29T00:19:28.000000;2016-02-29T00:19:28.000000;66005376-541d-4d40-8e0b-df24d8b8e9c0;431.57;0.2;UNKNOWN
2016-02-29T00:19:28.000000;2016-02-29T00:19:28.000000;f31801db-5820-47e4-a2b5-a5ecfdfb19b2;431.61;13.24;UNKNOWN
2016-02-29T00:19:28.000000;2016-02-29T00:19:28.000000;7de5e3ed-c480-4c39-b62a-fb14a5d6ca89;431.45;0.2;UNKNOWN
2016-02-29T00:19:28.000000;2016-02-29T00:19:28.000000;74d30aa6-57f2-42e1-a964-296e1978a6b2;431.79;0.2;UNKNOWN
2016-02-29T00:19:28.000000;2016-02-29T00:19:28.000000;6fc640de-a039-4012-b912-96f746382c3d;431.47;0.2;UNKNOWN
2016-02-29T00:19:28.000000;2016-02-29T00:19:28.000000;517c29ad-194f-4e66-828b-1993c27574bf;431.3;0.93;UNKNOWN
2016-02-29T00:19:28.000000;2016-02-29T00:19:28.000000;a87b453a-088c-42ad-9241-b299da7fa11f;431.29;0.0137072;UNKNOWN
2016-02-29T00:19:28.000000;2016-02-29T00:19:28.000000;6207232f-8350-4259-adc7-21e6deedf0d9;431.3;0.2;UNKNOWN
2016-02-29T00:19:28.000000;2016-02-29T00:19:28.000000;52ee6d41-d94a-4911-9c63-72329ae5aaa9;431.29;0.2;UNKNOWN
2016-02-29T00:19:28.000000;2016-02-29T00:19:28.000000;037101f0-e22d-465b-9b75-49b8f1569679;431.42;0.46358675;UNKNOWN
2016-02-29T00:19:28.000000;2016-02-29T00:19:28.000000;6f6d190e-284f-458f-90ca-15e94fd3ff32;431.44;2.68;UNKNOWN
2016-02-29T00:19:28.000000;2016-02-29T00:19:28.000000;19bf4beb-8150-4bd4-866c-8316da226dc4;431.47;0.93;UNKNOWN
2016-02-29T00:19:28.000000;2016-02-29T00:19:28.000000;b1f1399a-0255-41b4-9d14-710ac646d4e7;431.57;0.04638991;UNKNOWN
2016-02-29T00:19:28.000000;2016-02-29T00:19:28.000000;453b2f18-4c79-49fb-8c8f-c4daa23e1e32;431.37;0.2;UNKNOWN
2016-02-29T00:19:28.000000;2016-02-29T00:19:28.000000;0ee1faa6-40cf-494c-8c8c-9d6fd9fb9f3f;431.52;17.5157;UNKNOWN
2016-02-29T00:19:28.000000;2016-02-29T00:19:28.000000;b9db0a5e-0319-45fc-b86c-3eb73fbe094c;431.5;0.2;UNKNOWN
2016-02-29T00:19:28.000000;2016-02-29T00:19:28.000000;901f6a02-40d4-4bd2-b9f2-1ab197805248;431.57;0.2;UNKNOWN
2016-02-29T00:19:28.000000;2016-02-29T00:19:28.000000;bbaa4cbf-8c59-4c9e-a4dc-59d2c6e375ee;431.3;0.02;UNKNOWN
2016-02-29T00:19:34.000000;2016-02-29T00:19:34.000000;a1e5148f-4e20-435e-bfce-c4b26e0232dc;431.21;0.93;UNKNOWN
2016-02-29T00:19:34.000000;2016-02-29T00:19:34.000000;10eb7ced-8819-45ef-9b59-670a9afb9f94;431.11;0.3;UNKNOWN
2016-02-29T00:19:34.000000;2016-02-29T00:19:34.000000;b55068ca-18c8-4b1e-b650-043f6c9348d2;431.17;0.93;UNKNOWN
2016-02-29T00:19:34.000000;2016-02-29T00:19:34.000000;2ca63153-343c-4d9a-82f1-e96f2faa84a1;431.53;0.04639421;UNKNOWN
2016-02-29T00:19:34.000000;2016-02-29T00:19:34.000000;225aa2fb-5a25-4c9d-8b5f-f4c27250ed51;431.67;0.2;UNKNOWN
2016-02-29T00:19:34.000000;2016-02-29T00:19:34.000000;7063edd3-770c-4a06-9dc7-1a5ee010bef9;431.11;22.89360579;UNKNOWN
2016-02-29T00:19:35.000000;2016-02-29T00:19:35.000000;4dcc1fb0-1c16-4d07-913e-77f8811b07d2;430.54;0.0466566;UNKNOWN
2016-02-29T00:19:35.000000;2016-02-29T00:19:35.000000;4b7a8967-93c3-4a27-9e3f-8cd1725e355a;430.54;3.40220917;UNKNOWN
2016-02-29T00:19:35.000000;2016-02-29T00:19:35.000000;262722cb-4ef0-4b9a-8df4-a251e06d494e;430.7;17.6636;UNKNOWN
2016-02-29T00:19:35.000000;2016-02-29T00:19:35.000000;04cfef72-69a5-4af8-a061-1357b11a80f1;431.03;12.0962;UNKNOWN
2016-02-29T00:19:35.000000;2016-02-29T00:19:35.000000;0d17bf29-4fb9-4046-8db3-177f3c183b80;431.08;0.2;UNKNOWN
2016-02-29T00:19:35.000000;2016-02-29T00:19:35.000000;bc2d16db-e69f-4818-b2f8-5a4668be0ea9;431.1;0.25;UNKNOWN
2016-02-29T00:19:35.000000;2016-02-29T00:19:35.000000;a6610497-f75c-4c3e-af68-1caab926f10d;430.6;0.02;UNKNOWN
2016-02-29T00:19:35.000000;2016-02-29T00:19:35.000000;5b8c11a2-612c-40af-963f-906ed895822c;430.7;0.02;UNKNOWN
2016-02-29T00:19:35.000000;2016-02-29T00:19:35.000000;1f41637d-698a-40e6-a06e-8d0d3e577da3;430.88;3.99206731;UNKNOWN
2016-02-29T00:19:35.000000;2016-02-29T00:19:35.000000;9a1ffc3e-bf6e-4737-ae9e-e5e0c7c1d341;430.65;40.0;UNKNOWN
2016-02-29T00:19:35.000000;2016-02-29T00:19:35.000000;18224cda-1cc2-40fa-abad-0541c3e8fc4c;431.11;0.2;UNKNOWN
2016-02-29T00:19:35.000000;2016-02-29T00:19:35.000000;314054f3-3653-4d02-9a32-f1aff6f27eb8;430.95;0.2;UNKNOWN
2016-02-29T00:19:35.000000;2016-02-29T00:19:35.000000;e4242062-18fd-41cd-8216-31f5a3f2e8bf;430.8;0.02;UNKNOWN
2016-02-29T00:19:35.000000;2016-02-29T00:19:35.000000;7db94c7a-0536-4851-b9df-7543a339f5ad;430.88;2.5;UNKNOWN
2016-02-29T00:19:35.000000;2016-02-29T00:19:35.000000;6ed39295-1700-415e-92ad-de92b6575b66;430.88;9.26043269;UNKNOWN
2016-02-29T00:19:35.000000;2016-02-29T00:19:35.000000;a30feda5-9200-45c0-a430-19b04219eb88;431.11;4.16145;UNKNOWN
2016-02-29T00:19:35.000000;2016-02-29T00:19:35.000000;9993eba3-1e05-4850-9675-d71ee36f877c;430.9;0.02;UNKNOWN
2016-02-29T00:19:35.000000;2016-02-29T00:19:35.000000;557b94f5-6b37-4c90-af63-7a8182f154c0;431.11;1.51278804;UNKNOWN
2016-02-29T00:19:35.000000;2016-02-29T00:19:35.000000;10c6d720-db2f-4d26-811e-4e6ecf28bfdf;430.51;26.58054973;UNKNOWN
2016-02-29T00:19:35.000000;2016-02-29T00:19:35.000000;1df77bd2-33c7-4662-98d0-8fcc1feee9b0;431.03;0.2;UNKNOWN
2016-02-29T00:19:35.000000;2016-02-29T00:19:35.000000;258e6de9-d8b6-4df9-a158-8dcb6b209d44;431.0;0.1;UNKNOWN
2016-02-29T00:19:35.000000;2016-02-29T00:19:35.000000;128c8a90-fdc6-4c2c-848e-20dff4756fa1;430.93;12.5;UNKNOWN
2016-02-29T00:19:35.000000;2016-02-29T00:19:35.000000;c4bd2c52-c2c1-4358-b3a6-bd368d15fca1;431.06;0.2;UNKNOWN
2016-02-29T00:19:35.000000;2016-02-29T00:19:35.000000;c8db1362-5f51-4411-841a-1b9930cb7dea;431.1;0.02;UNKNOWN
2016-02-29T00:19:35.000000;2016-02-29T00:19:35.000000;68cc0d96-1179-43d0-8498-52ddd8eb463a;430.52;0.25;UNKNOWN
2016-02-29T00:19:35.000000;2016-02-29T00:19:35.000000;d0715ed6-1401-4bb8-bee3-b991dfdeb9d0;430.53;3.40220917;UNKNOWN
2016-02-29T00:19:35.000000;2016-02-29T00:19:35.000000;3d3fb84b-d90b-4635-9f1b-ad15ce649d3c;431.0;0.02;UNKNOWN
2016-02-29T00:19:41.000000;2016-02-29T00:19:41.000000;e7651f29-e747-409e-9f27-2242c86562e9;431.08;0.2;UNKNOWN
2016-02-29T00:19:41.000000;2016-02-29T00:19:41.000000;cf687747-dac3-4ab8-92e1-0a4ecbd0a023;430.68;0.35;UNKNOWN
2016-02-29T00:19:41.000000;2016-02-29T00:19:41.000000;0c56f856-b841-437b-aa87-4ef270a90375;431.52;0.2;UNKNOWN
2016-02-29T00:19:50.000000;2016-02-29T00:19:50.000000;42874416-b711-4b3e-926d-6c6b410b0984;431.08;0.93;UNKNOWN
2016-02-29T00:19:50.000000;2016-02-29T00:19:50.000000;0ce10dba-056e-43bc-bdd1-5e635850c778;431.43;0.2;UNKNOWN
2016-02-29T00:19:50.000000;2016-02-29T00:19:50.000000;7f991694-703c-45ea-9f7f-639e4a61a52a;430.85;13.0445;UNKNOWN
2016-02-29T00:19:50.000000;2016-02-29T00:19:50.000000;c2c5ac61-cdcc-405d-9a77-4322522f8846;430.87;0.93;UNKNOWN
2016-02-29T00:19:50.000000;2016-02-29T00:19:50.000000;2d5c8919-84c7-4e21-8e4b-68230ffa0a62;430.91;0.93;UNKNOWN
2016-02-29T00:19:50.000000;2016-02-29T00:19:50.000000;143d0bf7-1cb5-4484-8d92-2a57819dbf35;431.04;0.93;UNKNOWN
2016-02-29T00:19:50.000000;2016-02-29T00:19:50.000000;51d877b5-8b16-4673-93e6-6667d0ee1715;430.95;0.93;UNKNOWN
2016-02-29T00:19:50.000000;2016-02-29T00:19:50.000000;dd60c34a-0974-4d88-8b56-e60df66accb2;431.23;0.2;UNKNOWN
2016-02-29T00:19:50.000000;2016-02-29T00:19:50.000000;ef622890-29aa-4e2f-8998-896589501549;431.09;5.7755;UNKNOWN
2016-02-29T00:19:50.000000;2016-02-29T00:19:50.000000;a400f1de-b88c-4188-943b-0452d7cc21b3;431.16;0.2;UNKNOWN
2016-02-29T00:19:50.000000;2016-02-29T00:19:50.000000;15898249-ed86-437b-83a9-3bf78d516477;431.0;0.93;UNKNOWN
2016-02-29T00:19:57.000000;2016-02-29T00:19:57.000000;f2e63120-9bcf-47e2-884d-4bae6fb875e7;431.1;0.2;UNKNOWN
2016-02-29T00:19:57.000000;2016-02-29T00:19:57.000000;f5257d1a-b3a8-4ab4-a222-b29af61e64ee;431.04;0.2;UNKNOWN
2016-02-29T00:19:57.000000;2016-02-29T00:19:57.000000;4f89225b-22a5-49af-889d-18599616406f;430.68;13.3887;UNKNOWN
2016-02-29T00:19:57.000000;2016-02-29T00:19:57.000000;df20e600-fc6f-4613-a8ab-7fa58b97c7c1;430.69;3.0;UNKNOWN
2016-02-29T00:19:57.000000;2016-02-29T00:19:57.000000;4f4e3c07-7229-4723-a6c5-04c63bd4197a;430.85;0.2;UNKNOWN
2016-02-29T00:19:57.000000;2016-02-29T00:19:57.000000;8c07a27c-9531-4f2d-abae-67b646198061;430.73;0.2;UNKNOWN
2016-02-29T00:19:57.000000;2016-02-29T00:19:57.000000;961ae7f6-e61a-4ed1-8b1e-0427d1cef423;430.51;7.4113;UNKNOWN
2016-02-29T00:19:57.000000;2016-02-29T00:19:57.000000;bb8a9336-1238-459b-b696-2ec73ec40cf5;430.77;0.2;UNKNOWN
2016-02-29T00:19:57.000000;2016-02-29T00:19:57.000000;0e1f868a-3f59-4d46-af1f-ac918b61f520;430.62;0.2;UNKNOWN
2016-02-29T00:20:06.000000;2016-02-29T00:20:06.000000;490bc455-7b4c-452f-8f09-12d75dad2d2e;430.57;0.2;UNKNOWN
2016-02-29T00:20:06.000000;2016-02-29T00:20:06.000000;b9d42e10-3336-4e40-8c8b-62d75feb2e63;430.51;3.3;UNKNOWN
2016-02-29T00:20:06.000000;2016-02-29T00:20:06.000000;b9413793-a884-458b-9d7a-623a1c5920cd;430.65;0.2;UNKNOWN
2016-02-29T00:20:06.000000;2016-02-29T00:20:06.000000;9e3b19df-1770-4ad8-9d71-53cf38cef264;431.45;1.3;UNKNOWN
2016-02-29T00:20:06.000000;2016-02-29T00:20:06.000000;5969c1ab-b176-46df-9d76-9a5ec9db4430;430.73;0.2;UNKNOWN
2016-02-29T00:20:06.000000;2016-02-29T00:20:06.000000;167afa42-2353-49bf-81c1-db61ba53bd35;431.0;1.0;UNKNOWN
2016-02-29T00:20:08.000000;2016-02-29T00:20:08.000000;dffe5fd5-39a9-4bd8-89a5-e8d2a8be2e25;430.67;4.14927;UNKNOWN
2016-02-29T00:20:09.000000;2016-02-29T00:20:09.000000;a216a17d-78c8-4d99-9b58-79f4ccfc6334;430.51;0.44;UNKNOWN
2016-02-29T00:20:09.000000;2016-02-29T00:20:09.000000;8cba654e-9a74-4705-8ff3-551140c2602d;430.51;0.75;UNKNOWN
2016-02-29T00:20:09.000000;2016-02-29T00:20:09.000000;4d769d70-a326-47b7-8df6-24ad63ebc961;430.52;0.31;UNKNOWN
2016-02-29T00:20:09.000000;2016-02-29T00:20:09.000000;84120843-6b25-4017-9a34-99e24362b099;430.52;1.0;UNKNOWN
2016-02-29T00:20:09.000000;2016-02-29T00:20:09.000000;84e90134-fb5f-4d92-b657-47d6ce68a1ee;430.51;25.0;UNKNOWN
2016-02-29T00:20:09.000000;2016-02-29T00:20:09.000000;313187a9-9815-4c0a-90c1-0abefa185955;430.51;25.0;UNKNOWN
2016-02-29T00:20:10.000000;2016-02-29T00:20:10.000000;c3c76dbb-037b-478b-96fd-94e4b8767f9d;430.51;0.727151;UNKNOWN
2016-02-29T00:20:10.000000;2016-02-29T00:20:10.000000;8be58f63-527e-44af-b5bd-2509e239edd3;430.51;0.5;UNKNOWN
2016-02-29T00:20:32.000000;2016-02-29T00:20:32.000000;51cfe635-1f7b-450d-9315-4568040be16f;431.18;0.97;UNKNOWN
2016-02-29T00:20:32.000000;2016-02-29T00:20:32.000000;f31922d5-8e51-465e-97d1-1a61c7b9650b;431.15;0.03;UNKNOWN
2016-02-29T00:21:00.000000;2016-02-29T00:21:00.000000;b19f3b04-8ec0-431d-88b8-e3bd870fbf5b;431.37;4.2;UNKNOWN
2016-02-29T00:21:00.000000;2016-02-29T00:21:00.000000;75dd9940-ee2e-412a-ba45-fd489b0121c4;431.37;0.2;UNKNOWN
2016-02-29T00:21:00.000000;2016-02-29T00:21:00.000000;0464962b-725d-4aaf-ad58-f670e34b5297;431.37;0.37;UNKNOWN
2016-02-29T00:21:00.000000;2016-02-29T00:21:00.000000;f4a140f3-22b9-4843-a201-046e703a2b55;431.32;0.2;UNKNOWN
2016-02-29T00:21:00.000000;2016-02-29T00:21:00.000000;85404ada-48df-419d-8abb-c9991bd4395f;431.15;0.03;UNKNOWN
2016-02-29T00:21:00.000000;2016-02-29T00:21:00.000000;0b45fdfe-d611-4dec-891a-da3c91e050fc;431.29;0.2;UNKNOWN
2016-02-29T00:21:52.000000;2016-02-29T00:21:52.000000;0dac93ae-cd2d-4090-a7a2-f4f1bef63d30;431.37;5.0;UNKNOWN
2016-02-29T00:22:17.000000;2016-02-29T00:22:17.000000;78d86d59-9e0f-4ccb-aecc-5260ee34f5b1;431.36;0.05721478;UNKNOWN
2016-02-29T00:22:29.000000;2016-02-29T00:22:29.000000;040f372e-e57b-40df-9aff-f6da3ca28aa2;431.36;0.11613886;UNKNOWN
2016-02-29T00:22:38.000000;2016-02-29T00:22:38.000000;a711e815-2e55-4970-abb6-856914be4dcc;431.37;0.2;UNKNOWN
2016-02-29T00:22:38.000000;2016-02-29T00:22:38.000000;cf0c8865-9d92-4a18-8fe1-d7648a3c7da3;431.45;0.2;UNKNOWN
2016-02-29T00:22:38.000000;2016-02-29T00:22:38.000000;fc315a73-8a9f-408a-b8c7-aedc8c361eae;431.53;0.2;UNKNOWN
2016-02-29T00:22:38.000000;2016-02-29T00:22:38.000000;cdbe6e3f-313c-4ccb-b51d-1aa93a5596c9;431.37;0.2;UNKNOWN
2016-02-29T00:22:38.000000;2016-02-29T00:22:38.000000;966e5048-42ad-4ca3-afe7-5b40206e85bb;431.45;0.2;UNKNOWN
2016-02-29T00:22:38.000000;2016-02-29T00:22:38.000000;ed6828e4-a671-4702-9bd9-c23163aee1d5;431.6;0.2;UNKNOWN
2016-02-29T00:22:38.000000;2016-02-29T00:22:38.000000;127307ae-6edd-4891-a50f-50df47d87af7;431.53;0.2;UNKNOWN
2016-02-29T00:22:38.000000;2016-02-29T00:22:38.000000;b02b22dc-4814-47ec-a738-b680a6cec847;431.39;0.2;UNKNOWN
2016-02-29T00:22:38.000000;2016-02-29T00:22:38.000000;4ef11c13-6ced-4ac0-a0d8-9a9f828e8d14;431.62;0.2;UNKNOWN
2016-02-29T00:22:38.000000;2016-02-29T00:22:38.000000;de8959c4-32fc-4c99-aab4-d49f39d59f28;431.63;3.2;UNKNOWN
2016-02-29T00:22:41.000000;2016-02-29T00:22:41.000000;2b9a1ba7-be94-4365-97db-5b0bba73ff67;431.36;1.0;UNKNOWN
2016-02-29T00:22:44.000000;2016-02-29T00:22:44.000000;f4ed94fe-75f0-4883-9a5c-0310e96b8a67;431.73;0.04;UNKNOWN
2016-02-29T00:22:44.000000;2016-02-29T00:22:44.000000;27f4d401-129d-4687-aa50-0883d8b9a57c;431.71;0.2;UNKNOWN
2016-02-29T00:22:44.000000;2016-02-29T00:22:44.000000;53c372fa-fb65-46d6-89b6-7eba1cfdfbdc;431.64;0.93;UNKNOWN
2016-02-29T00:22:44.000000;2016-02-29T00:22:44.000000;cd31a74b-ef44-4aae-bba9-edf012a0fa47;431.68;0.2;UNKNOWN
2016-02-29T00:22:44.000000;2016-02-29T00:22:44.000000;6bbcb957-4faa-422e-92ea-264b9f685f2d;431.7;0.2;UNKNOWN
2016-02-29T00:22:44.000000;2016-02-29T00:22:44.000000;77158da4-12ad-4e76-9345-bd5991e43048;431.69;0.93;UNKNOWN
2016-02-29T00:23:04.000000;2016-02-29T00:23:04.000000;e96ec286-689d-40bd-8efc-e6eb042ac985;431.69;0.93;UNKNOWN
2016-02-29T00:23:04.000000;2016-02-29T00:23:04.000000;6ba607ab-102d-4a9f-a193-5a76d0a03cfd;431.73;0.89;UNKNOWN
2016-02-29T00:23:04.000000;2016-02-29T00:23:04.000000;37fe6789-44b8-49db-b09c-c6076ae2a590;431.68;5.7717;UNKNOWN
2016-02-29T00:23:04.000000;2016-02-29T00:23:04.000000;100ef986-e95e-4d77-a458-f77ed62d483f;431.75;0.2;UNKNOWN
2016-02-29T00:23:04.000000;2016-02-29T00:23:04.000000;730e706f-0c55-42e5-8e6b-003870bdc9fd;431.77;0.8083;UNKNOWN
2016-02-29T00:23:04.000000;2016-02-29T00:23:04.000000;0c8bf42d-3e9e-4f7a-8821-9b056a018db6;431.76;0.2;UNKNOWN
2016-02-29T00:23:04.000000;2016-02-29T00:23:04.000000;645aa725-5f42-4840-8d7c-9f51a009d67d;431.74;0.2;UNKNOWN
2016-02-29T00:23:08.000000;2016-02-29T00:23:08.000000;30bd2f3c-42d6-4d50-9e40-95bdd6a114d1;431.41;0.48523871;UNKNOWN
2016-02-29T00:23:15.000000;2016-02-29T00:23:15.000000;c2b12b43-33bf-466d-94d4-ae2ca07251f1;431.85;0.2;UNKNOWN
2016-02-29T00:23:15.000000;2016-02-29T00:23:15.000000;f2906312-b74b-4d86-9f87-37ea5aa16fb5;431.82;0.2;UNKNOWN
2016-02-29T00:23:15.000000;2016-02-29T00:23:15.000000;9c3e572f-e7dd-43d6-969c-841f2366fc90;431.81;0.93;UNKNOWN
2016-02-29T00:23:15.000000;2016-02-29T00:23:15.000000;fdc3cdf0-a919-41ec-bf0f-74887627c1e9;431.78;0.2;UNKNOWN
2016-02-29T00:23:15.000000;2016-02-29T00:23:15.000000;4fe634c5-0518-4641-bef9-c74d80a2c725;431.73;0.025;UNKNOWN
2016-02-29T00:23:15.000000;2016-02-29T00:23:15.000000;aec82833-666b-41d5-a803-6caf00947d3f;431.86;0.6233;UNKNOWN
2016-02-29T00:23:15.000000;2016-02-29T00:23:15.000000;6676490a-d725-44da-9187-d6120299c2a2;431.77;0.1217;UNKNOWN
2016-02-29T00:23:15.000000;2016-02-29T00:23:15.000000;ef33c90d-e8bd-451b-8029-90a3753c156a;431.81;0.2;UNKNOWN
2016-02-29T00:23:50.000000;2016-02-29T00:23:50.000000;7018378d-3f63-460e-982f-7cda55cd508d;431.5;5.0;UNKNOWN
2016-02-29T00:23:51.000000;2016-02-29T00:23:51.000000;eac3cf85-df31-48d7-b612-c89872371738;431.68;1.5;UNKNOWN
2016-02-29T00:23:55.000000;2016-02-29T00:23:55.000000;f7ce435c-89c2-4d7f-83f2-2a69a725b1eb;431.73;0.07;UNKNOWN
2016-02-29T00:23:55.000000;2016-02-29T00:23:55.000000;fe7aba85-6120-4c6b-ba67-37b5623604f2;431.69;0.93;UNKNOWN
2016-02-29T00:23:57.000000;2016-02-29T00:23:57.000000;fe821c94-8d2e-44a0-9038-449938f0a79d;431.52;5.0;UNKNOWN
2016-02-29T00:23:58.000000;2016-02-29T00:23:58.000000;0d658b6b-0995-4b0d-a2bf-25653e154e83;431.77;0.04024278;UNKNOWN
2016-02-29T00:23:58.000000;2016-02-29T00:23:58.000000;7a23896b-5404-4e32-a818-54f877f73cd4;431.73;0.86;UNKNOWN
2016-02-29T00:24:05.000000;2016-02-29T00:24:05.000000;de0c0787-9290-491e-b9da-dc92f19a19f1;431.55;3.5;UNKNOWN
2016-02-29T00:24:13.000000;2016-02-29T00:24:13.000000;f96eced8-81f1-45cc-b09c-618ef9c4c814;431.5;5.0;UNKNOWN
2016-02-29T00:24:20.000000;2016-02-29T00:24:20.000000;37553dcd-bae5-41cf-8fd9-364e06c951d0;431.51;5.0;UNKNOWN
2016-02-29T00:24:27.000000;2016-02-29T00:24:27.000000;88cf774f-6117-4df6-a478-c1838d857b77;431.51;5.0;UNKNOWN
2016-02-29T00:24:34.000000;2016-02-29T00:24:34.000000;4f58b9ed-4e6b-4d4e-99a6-23da8326744d;431.51;5.0;UNKNOWN
2016-02-29T00:24:39.000000;2016-02-29T00:24:39.000000;34233797-894d-428a-9d19-6a59863a29e9;431.9;0.14144278;UNKNOWN
2016-02-29T00:24:39.000000;2016-02-29T00:24:39.000000;78ef570a-cc18-43c5-bad0-3f5a76cf18ba;431.86;0.3067;UNKNOWN
2016-02-29T00:24:39.000000;2016-02-29T00:24:39.000000;55a72436-6ab4-45cb-9017-6668a59d9a0b;431.77;0.88975722;UNKNOWN
2016-02-29T00:24:39.000000;2016-02-29T00:24:39.000000;ee1d8114-8826-4791-9457-6c346f97f674;431.85;0.2;UNKNOWN
2016-02-29T00:24:39.000000;2016-02-29T00:24:39.000000;94d66cc7-fc8a-4a8e-8616-f63b5225aa34;431.73;0.93;UNKNOWN
2016-02-29T00:24:39.000000;2016-02-29T00:24:39.000000;c3a5ba53-305b-443c-895f-bf412b44f142;431.86;0.2;UNKNOWN
2016-02-29T00:24:39.000000;2016-02-29T00:24:39.000000;1c0403c4-f999-41d1-9490-8d7e0e298796;431.71;5.7788;UNKNOWN
2016-02-29T00:24:39.000000;2016-02-29T00:24:39.000000;b04ce532-f518-4467-b137-1879c89a64c1;431.81;0.93;UNKNOWN
2016-02-29T00:24:39.000000;2016-02-29T00:24:39.000000;d05cb351-5296-4917-b28e-b7f0e6939088;431.86;0.6233;UNKNOWN
2016-02-29T00:24:41.000000;2016-02-29T00:24:41.000000;653b9f17-5a33-4e29-a79c-95c8129de523;431.71;5.0;UNKNOWN
2016-02-29T00:24:43.000000;2016-02-29T00:24:43.000000;1dcfc15a-92df-4a64-86cf-23594e7f40b7;431.89;2.5;UNKNOWN
2016-02-29T00:25:06.000000;2016-02-29T00:25:06.000000;59d56d3b-24af-4013-a845-0470678e2b85;431.73;0.9653;UNKNOWN
2016-02-29T00:25:37.000000;2016-02-29T00:25:37.000000;fb80bff3-3b92-458b-b634-6e78d031ed91;431.66;9.2494;UNKNOWN
2016-02-29T00:25:37.000000;2016-02-29T00:25:37.000000;dbbf8b8e-0c03-416b-93fe-dd264bda9f99;431.66;5.7506;UNKNOWN
2016-02-29T00:26:13.000000;2016-02-29T00:26:13.000000;698d8a43-c5ef-4ea7-a9a1-9bc0507f4873;431.81;0.93;UNKNOWN
2016-02-29T00:26:13.000000;2016-02-29T00:26:13.000000;1a2fd33b-0b92-4afd-bc48-4b280200e8fd;431.91;0.2;UNKNOWN
2016-02-29T00:26:13.000000;2016-02-29T00:26:13.000000;612e17ce-eb95-41f1-960d-2f34d92c90b6;431.9;0.78855722;UNKNOWN
2016-02-29T00:26:13.000000;2016-02-29T00:26:13.000000;487f3647-ca20-4170-98dc-3e5bd918011e;431.98;0.2;UNKNOWN
2016-02-29T00:26:13.000000;2016-02-29T00:26:13.000000;b2946645-335e-4ee3-9417-dca3a6a029e4;431.9;0.14144278;UNKNOWN
2016-02-29T00:26:13.000000;2016-02-29T00:26:13.000000;751bb4ec-a963-4f4e-8c4d-eda4a2494a77;431.92;0.2;UNKNOWN
2016-02-29T00:26:13.000000;2016-02-29T00:26:13.000000;7c348a6b-3024-4e99-9d85-2bc29aecd960;431.94;0.93;UNKNOWN
2016-02-29T00:26:13.000000;2016-02-29T00:26:13.000000;90539fb9-5d10-4272-8cc5-69994715f977;431.86;0.93;UNKNOWN
2016-02-29T00:26:13.000000;2016-02-29T00:26:13.000000;d336f5fd-5eb6-49f4-88fb-1c3d47d20e70;431.85;0.2;UNKNOWN
2016-02-29T00:26:13.000000;2016-02-29T00:26:13.000000;55da5008-fa48-4027-a63a-bf3405eea511;431.99;0.93;UNKNOWN
2016-02-29T00:26:13.000000;2016-02-29T00:26:13.000000;c1d42809-32e3-4763-b692-c68a5e8296e0;432.04;0.2;UNKNOWN
2016-02-29T00:26:13.000000;2016-02-29T00:26:13.000000;86344ac3-e75e-4147-8e5d-a70ea79d0fc2;432.16;0.93;UNKNOWN
2016-02-29T00:26:13.000000;2016-02-29T00:26:13.000000;92f25025-6c7b-4f1f-b3fa-e99a7d43e1ec;432.0;0.2;UNKNOWN
2016-02-29T00:26:13.000000;2016-02-29T00:26:13.000000;f90a0f34-2e8c-433b-b0c5-e333d4fb464f;432.18;0.11;UNKNOWN
2016-02-29T00:26:13.000000;2016-02-29T00:26:13.000000;192d36b8-f97a-4aa3-bbe8-4176e2692774;432.1;0.02;UNKNOWN
2016-02-29T00:26:13.000000;2016-02-29T00:26:13.000000;6cfd6307-921a-4915-a6b5-fd43d1fe5549;432.01;0.2;UNKNOWN
2016-02-29T00:26:13.000000;2016-02-29T00:26:13.000000;187db0ec-bb0d-44d3-80af-b4379e035a1d;432.03;0.93;UNKNOWN
2016-02-29T00:26:13.000000;2016-02-29T00:26:13.000000;c0269537-dd68-4348-aeb7-7016f22d0c4b;432.12;0.93;UNKNOWN
2016-02-29T00:26:13.000000;2016-02-29T00:26:13.000000;6f8aab77-aed1-4a60-8a7e-aea2eb98aa93;432.07;0.93;UNKNOWN
2016-02-29T00:26:13.000000;2016-02-29T00:26:13.000000;51f42b3f-ba88-4099-ab03-e6186cc2be61;432.1;0.2;UNKNOWN
2016-02-29T00:26:13.000000;2016-02-29T00:26:13.000000;85983a81-4c41-4a6e-8bab-43e916f28d6a;432.11;0.2;UNKNOWN
2016-02-29T00:26:13.000000;2016-02-29T00:26:13.000000;ea8d8b8c-91ea-4ab2-8adc-c65f3b4691c8;432.11;0.2;UNKNOWN
2016-02-29T00:27:00.000000;2016-02-29T00:27:00.000000;3e29db94-9302-447c-b19d-c1e1c4809d4e;432.01;5.7562;UNKNOWN
2016-02-29T00:27:00.000000;2016-02-29T00:27:00.000000;42cbd333-974b-40c4-9025-461b62523b85;432.01;1.86;UNKNOWN
2016-02-29T00:27:09.000000;2016-02-29T00:27:09.000000;9af68769-f5cd-4e67-b49e-99bed520e2e0;432.01;1.86;UNKNOWN
2016-02-29T00:27:43.000000;2016-02-29T00:27:43.000000;1ea2f1fb-c71a-4147-b6b3-00ebf71ed7de;432.01;0.02;UNKNOWN
2016-02-29T00:28:04.000000;2016-02-29T00:28:04.000000;a2e4ecda-aaf1-470c-a466-f89d5925f610;432.02;1.08999447;UNKNOWN
2016-02-29T00:28:06.000000;2016-02-29T00:28:06.000000;e07ed849-318e-43cf-8fa6-0cd51cb4ddea;431.83;0.63;UNKNOWN
2016-02-29T00:28:06.000000;2016-02-29T00:28:06.000000;9f302767-d442-40f0-9b89-8681a60d2ae3;432.01;9.37;UNKNOWN
2016-02-29T00:28:07.000000;2016-02-29T00:28:07.000000;632e18b9-0834-453d-b074-be6ac82c58d5;431.83;2.6307046;UNKNOWN
2016-02-29T00:28:13.000000;2016-02-29T00:28:13.000000;f4bb4399-6b04-465d-abf0-2de1f862f1b2;432.0;4.5;UNKNOWN
2016-02-29T00:29:05.000000;2016-02-29T00:29:05.000000;45cff712-9331-4e99-8e4d-b0f00f17e964;431.79;5.7942;UNKNOWN
2016-02-29T00:29:05.000000;2016-02-29T00:29:05.000000;4a9ddc35-8d90-45eb-b4b7-f599685630cf;431.76;1.13304717;UNKNOWN
2016-02-29T00:29:08.000000;2016-02-29T00:29:08.000000;8b76d046-7f92-4f29-b436-059c8723289f;432.02;5.0;UNKNOWN
2016-02-29T00:29:35.000000;2016-02-29T00:29:35.000000;edbeb5ee-fc80-4ac8-990f-b36721191d54;432.08;2.5;UNKNOWN
2016-02-29T00:30:18.000000;2016-02-29T00:30:18.000000;ea3d26ce-16bb-4274-bf55-631001d789e4;431.87;0.04584422;UNKNOWN
2016-02-29T00:30:25.000000;2016-02-29T00:30:25.000000;684a99de-d543-46fb-9c52-2af5a88cdbd0;432.46;0.93;UNKNOWN
2016-02-29T00:30:25.000000;2016-02-29T00:30:25.000000;ac45a05c-528d-44b8-878e-701a9f19ab85;432.5;0.02;UNKNOWN
2016-02-29T00:30:25.000000;2016-02-29T00:30:25.000000;f1d5b181-ebbc-480a-82da-99172e0b5614;432.7;13.4445803;UNKNOWN
2016-02-29T00:30:25.000000;2016-02-29T00:30:25.000000;50cf7c81-9eb3-4ce0-b0f1-98162c96338b;432.44;0.2;UNKNOWN
2016-02-29T00:30:25.000000;2016-02-29T00:30:25.000000;d350607b-319f-40fa-905d-36d3e3904ba0;432.49;0.2;UNKNOWN
2016-02-29T00:30:25.000000;2016-02-29T00:30:25.000000;30a57f3f-5ce0-461d-80dd-d149d43a1f57;432.7;0.02;UNKNOWN
2016-02-29T00:30:25.000000;2016-02-29T00:30:25.000000;4d66c3ca-518d-49da-a480-13ab82f26562;432.42;0.93;UNKNOWN
2016-02-29T00:30:25.000000;2016-02-29T00:30:25.000000;cf5c459c-c7a8-4588-8d94-3ccc9748bad9;432.33;0.93;UNKNOWN
2016-02-29T00:30:25.000000;2016-02-29T00:30:25.000000;06242fea-8745-461c-b6aa-33fc801c1f20;432.64;0.2;UNKNOWN
2016-02-29T00:30:25.000000;2016-02-29T00:30:25.000000;ceef8684-ba2a-4a95-9576-c21bbe71dd5a;432.66;0.2;UNKNOWN
2016-02-29T00:30:25.000000;2016-02-29T00:30:25.000000;1b010965-8eba-4292-970e-99ec1945b18e;432.65;14.2223;UNKNOWN
2016-02-29T00:30:25.000000;2016-02-29T00:30:25.000000;eadaecaa-1f33-4408-89ac-1d3b625142b2;432.5;0.1381197;UNKNOWN
2016-02-29T00:30:25.000000;2016-02-29T00:30:25.000000;d63f4cc7-0805-432b-b28f-3946b41fc793;432.56;0.2;UNKNOWN
2016-02-29T00:30:25.000000;2016-02-29T00:30:25.000000;b31fb5bf-8042-42f6-bc0d-c57a7a351cc4;432.38;0.2;UNKNOWN
2016-02-29T00:30:25.000000;2016-02-29T00:30:25.000000;10d17457-e5a6-45ce-a15d-72b1ac8fb55b;432.5;0.2;UNKNOWN
2016-02-29T00:30:25.000000;2016-02-29T00:30:25.000000;e28fde8a-d925-4d93-86d3-204f6636b173;432.4;0.02;UNKNOWN
2016-02-29T00:30:25.000000;2016-02-29T00:30:25.000000;08949275-24b7-4f34-8c49-e5226fcc0a16;432.62;0.2;UNKNOWN
2016-02-29T00:30:25.000000;2016-02-29T00:30:25.000000;f35450a0-e654-4c9c-9135-28cbe74cbc1e;432.6;0.02;UNKNOWN
2016-02-29T00:30:25.000000;2016-02-29T00:30:25.000000;264ddb92-a91d-448e-8d07-74eb75217418;432.35;0.2;UNKNOWN
2016-02-29T00:30:25.000000;2016-02-29T00:30:25.000000;3b194567-2120-4d3e-8049-d87497d946bf;432.32;0.2;UNKNOWN
2016-02-29T00:30:25.000000;2016-02-29T00:30:25.000000;606931fc-c4b2-419b-a65c-c486b68f6502;432.51;0.93;UNKNOWN
2016-02-29T00:30:25.000000;2016-02-29T00:30:25.000000;0448ac6a-b5fb-41f0-a817-5d6e900b8bc5;432.27;0.2;UNKNOWN
2016-02-29T00:30:25.000000;2016-02-29T00:30:25.000000;8318362f-0640-4a98-b071-ec63d456b837;432.55;0.935;UNKNOWN
2016-02-29T00:30:25.000000;2016-02-29T00:30:25.000000;2f6fb29a-2625-4879-a0b3-d1ceac067fa1;432.25;5.0;UNKNOWN
2016-02-29T00:30:25.000000;2016-02-29T00:30:25.000000;25ed1e32-f22f-4500-82b7-71239711f9e6;432.29;0.93;UNKNOWN
2016-02-29T00:30:25.000000;2016-02-29T00:30:25.000000;766ecd56-872e-4f79-8726-3a5611cb0746;432.22;0.1;UNKNOWN
2016-02-29T00:30:25.000000;2016-02-29T00:30:25.000000;a7a5f453-148e-404f-8893-22d957bb8d57;432.42;0.2;UNKNOWN
2016-02-29T00:30:25.000000;2016-02-29T00:30:25.000000;d67b6d3f-3a14-468c-bc2d-d066aeb43154;432.2;0.93;UNKNOWN
2016-02-29T00:30:25.000000;2016-02-29T00:30:25.000000;e0b3fa8f-d3bb-4ee2-ac72-0bb9ad31af7a;432.22;0.2;UNKNOWN
2016-02-29T00:30:25.000000;2016-02-29T00:30:25.000000;ce2bf9ef-d2fa-480b-9e0c-434b00b8b742;432.55;0.2;UNKNOWN
2016-02-29T00:30:25.000000;2016-02-29T00:30:25.000000;3e4b9b41-9877-4754-a274-b152bebd19ca;432.25;0.93;UNKNOWN
2016-02-29T00:30:25.000000;2016-02-29T00:30:25.000000;0d8ad458-88b1-4777-bed2-d5c6c39d68ba;432.2;0.02;UNKNOWN
2016-02-29T00:30:25.000000;2016-02-29T00:30:25.000000;4e4e485f-1779-44da-a133-7c865e376b8e;432.16;0.2;UNKNOWN
2016-02-29T00:30:25.000000;2016-02-29T00:30:25.000000;28eb1b6c-6d7c-4d6c-9c0c-f206de7ca865;432.22;0.2;UNKNOWN
2016-02-29T00:30:25.000000;2016-02-29T00:30:25.000000;d8d75c5a-8237-4a3d-9f88-418c01d21a0a;432.3;0.02;UNKNOWN
2016-02-29T00:30:25.000000;2016-02-29T00:30:25.000000;1e272941-8eb4-40e8-a77a-0337b7281025;432.12;0.2;UNKNOWN
2016-02-29T00:30:25.000000;2016-02-29T00:30:25.000000;1f8b45fc-1c13-407d-8254-a98d65d6667a;432.29;0.2;UNKNOWN
2016-02-29T00:30:25.000000;2016-02-29T00:30:25.000000;3c43b66c-eb08-4a3a-a8b2-501d0457bda1;432.38;0.93;UNKNOWN
2016-02-29T00:30:40.000000;2016-02-29T00:30:40.000000;5b5322a4-5a4b-47ff-9cb8-ea8c393638e9;433.13;3.39393391;UNKNOWN
2016-02-29T00:30:40.000000;2016-02-29T00:30:40.000000;5bed18aa-b51b-4f4d-87cd-3442b82c4e5a;433.31;0.2;UNKNOWN
2016-02-29T00:30:40.000000;2016-02-29T00:30:40.000000;3a4624db-0061-4a14-8490-a4081cd5ed16;433.18;0.2;UNKNOWN
2016-02-29T00:30:40.000000;2016-02-29T00:30:40.000000;839a7b8b-0483-4fc6-8b31-69185d3cf84a;433.18;3.39393391;UNKNOWN
2016-02-29T00:30:40.000000;2016-02-29T00:30:40.000000;4b742d37-0c5e-4f46-a396-7b630fc8d798;432.79;0.2;UNKNOWN
2016-02-29T00:30:40.000000;2016-02-29T00:30:40.000000;ce8e7693-f878-4746-972a-b53ae26d06d8;433.02;3.39393391;UNKNOWN
2016-02-29T00:30:40.000000;2016-02-29T00:30:40.000000;b3f162d6-2fe6-4e6b-af78-4ab43b75d8ab;433.02;0.2;UNKNOWN
2016-02-29T00:30:40.000000;2016-02-29T00:30:40.000000;bfd3daf3-4837-4395-b03d-19d47ca91c1b;432.88;0.2;UNKNOWN
2016-02-29T00:30:40.000000;2016-02-29T00:30:40.000000;198318a6-664f-4f62-be9a-8d018835fe34;432.75;0.2;UNKNOWN
2016-02-29T00:30:40.000000;2016-02-29T00:30:40.000000;49393638-db12-43f8-bd48-20faf3cacfd2;432.64;7.522;UNKNOWN
2016-02-29T00:30:40.000000;2016-02-29T00:30:40.000000;a7490bef-c3f6-4dfa-b8be-6e74b7d6c545;433.0;0.0342;UNKNOWN
2016-02-29T00:30:40.000000;2016-02-29T00:30:40.000000;e491d299-19b6-4e7c-b3a4-eb963cabf270;433.04;0.2;UNKNOWN
2016-02-29T00:30:40.000000;2016-02-29T00:30:40.000000;0a9cb159-7a56-4b18-acce-a55e555dd512;433.34;6.58;UNKNOWN
2016-02-29T00:30:40.000000;2016-02-29T00:30:40.000000;2828c228-102c-4965-ae0a-04b892965837;433.35;13.60817699;UNKNOWN
2016-02-29T00:30:40.000000;2016-02-29T00:30:40.000000;d2e8c0d2-6ff0-4dc3-8f2a-3262dc87d2fc;432.95;3.3940107;UNKNOWN
2016-02-29T00:30:40.000000;2016-02-29T00:30:40.000000;cb8f73fc-8d13-42e3-8b2e-6d9e43dab56d;433.3;0.02;UNKNOWN
2016-02-29T00:30:40.000000;2016-02-29T00:30:40.000000;301c1599-8855-4f54-b914-634852a1afaf;433.2;0.02;UNKNOWN
2016-02-29T00:30:40.000000;2016-02-29T00:30:40.000000;8e70a6bc-861b-488b-8ff7-1d6efdee4cf0;433.0;0.02;UNKNOWN
2016-02-29T00:30:40.000000;2016-02-29T00:30:40.000000;80741078-c1fb-4548-87c5-67bd23106785;432.63;8.314;UNKNOWN
2016-02-29T00:30:40.000000;2016-02-29T00:30:40.000000;30389a68-1b62-4468-8f9c-bf5153f8d166;433.2;3.3939723;UNKNOWN
2016-02-29T00:30:40.000000;2016-02-29T00:30:40.000000;9a824abd-d88e-4d68-aad3-41da4967011d;432.76;0.2;UNKNOWN
2016-02-29T00:30:40.000000;2016-02-29T00:30:40.000000;334e1e70-ae7c-4c4d-b4ef-23dd8c34c66c;432.51;0.94;UNKNOWN
2016-02-29T00:30:40.000000;2016-02-29T00:30:40.000000;64a25ccc-f9f9-4c50-add3-2ccb5e388f7f;432.73;0.2;UNKNOWN
2016-02-29T00:30:40.000000;2016-02-29T00:30:40.000000;96a16065-5e1c-47f4-b428-813d5ad6e50f;432.74;2.8;UNKNOWN
2016-02-29T00:30:40.000000;2016-02-29T00:30:40.000000;547c012a-9ba7-4b9f-a0e0-d3aab2b8c798;432.9;0.02;UNKNOWN
2016-02-29T00:30:40.000000;2016-02-29T00:30:40.000000;15a628ca-c6c9-4c15-91bf-05942328d57f;432.5;5.753;UNKNOWN
2016-02-29T00:30:40.000000;2016-02-29T00:30:40.000000;79ca15fb-d1a6-4fb8-bb25-e640626a8d2b;433.1;0.02;UNKNOWN
2016-02-29T00:30:40.000000;2016-02-29T00:30:40.000000;20158886-1ecc-4a2a-a7e0-6519f1d3f0fe;432.63;0.2;UNKNOWN
2016-02-29T00:30:40.000000;2016-02-29T00:30:40.000000;2453af33-e6b1-4089-980c-7d87e7f290e5;433.16;9.2035;UNKNOWN
2016-02-29T00:30:40.000000;2016-02-29T00:30:40.000000;6d9e721c-573b-49ff-ae4c-ec032d51157b;433.17;0.2;UNKNOWN
2016-02-29T00:30:40.000000;2016-02-29T00:30:40.000000;1e4e4b1c-f81a-41e8-a804-e17fbc37213e;432.99;3.3940107;UNKNOWN
2016-02-29T00:30:40.000000;2016-02-29T00:30:40.000000;38d80ada-3723-41b1-b2ee-9ed4df03df57;432.8;0.2;UNKNOWN
2016-02-29T00:30:40.000000;2016-02-29T00:30:40.000000;08006961-9312-4a0d-9839-e771db5708c1;432.85;7.522;UNKNOWN
2016-02-29T00:30:40.000000;2016-02-29T00:30:40.000000;7374465d-d93a-42ae-838f-a34d79d5731b;433.06;3.39393391;UNKNOWN
2016-02-29T00:30:40.000000;2016-02-29T00:30:40.000000;874ab8e0-2dbd-4aa1-87a1-569ea5b498fe;432.84;7.918;UNKNOWN
2016-02-29T00:30:40.000000;2016-02-29T00:30:40.000000;d4eb3f68-f055-4b83-9ac2-de7bb9aef0f6;432.71;0.2;UNKNOWN
2016-02-29T00:30:40.000000;2016-02-29T00:30:40.000000;1a440b10-fe82-44ee-9be0-27b2aa947fb1;432.98;3.39305103;UNKNOWN
2016-02-29T00:30:40.000000;2016-02-29T00:30:40.000000;297874f9-ae8a-41f5-91e8-616c981b733a;432.91;0.2;UNKNOWN
2016-02-29T00:30:40.000000;2016-02-29T00:30:40.000000;2923df07-fb21-42d7-aa43-a6296fec602f;432.88;0.2;UNKNOWN
2016-02-29T00:30:40.000000;2016-02-29T00:30:40.000000;e38c2bdd-6519-4aaa-a53f-20931c3d477f;432.63;0.2;UNKNOWN
2016-02-29T00:30:40.000000;2016-02-29T00:30:40.000000;bf3aef10-74fa-416a-80f6-523ffeab8e91;432.8;0.02;UNKNOWN
2016-02-29T00:30:48.000000;2016-02-29T00:30:48.000000;246d01f0-f174-4f7e-86b5-334d520aa541;432.36;0.2;UNKNOWN
2016-02-29T00:32:14.000000;2016-02-29T00:32:14.000000;2b10ec35-0d9a-4a2d-9b8b-7fcf9f7b4331;433.19;3.0;UNKNOWN
2016-02-29T00:32:14.000000;2016-02-29T00:32:14.000000;664d49f3-e093-4430-a1bd-2b1382e5d97b;433.19;0.012;UNKNOWN
2016-02-29T00:32:14.000000;2016-02-29T00:32:14.000000;3bf89065-621c-4966-b9a5-00757ab36a1a;433.03;0.2;UNKNOWN
2016-02-29T00:32:14.000000;2016-02-29T00:32:14.000000;01f5bbc7-8d6f-47bc-aa28-5525505db9e4;433.21;0.2;UNKNOWN
2016-02-29T00:32:14.000000;2016-02-29T00:32:14.000000;49172c35-1589-4bc9-830d-8c662d4f68a6;433.31;0.03727;UNKNOWN
2016-02-29T00:32:14.000000;2016-02-29T00:32:14.000000;15873dc5-97f0-480b-9f8f-aa2215b5b821;433.19;0.5;UNKNOWN
2016-02-29T00:32:14.000000;2016-02-29T00:32:14.000000;20cf3f8d-d915-4a09-a9a9-f6e4705b011e;433.12;0.2;UNKNOWN
2016-02-29T00:32:27.000000;2016-02-29T00:32:27.000000;acbae9b0-b877-4693-8282-18d1656f57b4;433.28;0.02;UNKNOWN
2016-02-29T00:33:05.000000;2016-02-29T00:33:05.000000;f49e8b85-b140-460b-a948-cfcad864685a;433.09;0.4;UNKNOWN
2016-02-29T00:34:00.000000;2016-02-29T00:34:00.000000;c4f56823-e92b-464b-98e6-b97cf255847b;433.4;0.02;UNKNOWN
2016-02-29T00:34:00.000000;2016-02-29T00:34:00.000000;e0899d79-90b4-4177-8642-195d0d8b8c71;433.43;0.2;UNKNOWN
2016-02-29T00:34:00.000000;2016-02-29T00:34:00.000000;0f455f00-15de-43fd-ae6e-d2e6f0f32d73;433.28;0.18;UNKNOWN
2016-02-29T00:34:00.000000;2016-02-29T00:34:00.000000;158878af-3a71-47ac-88ce-959a89835919;433.27;3.06;UNKNOWN
2016-02-29T00:34:00.000000;2016-02-29T00:34:00.000000;3dcb6446-dbd2-45d1-ba90-cfc2add7eed3;433.38;0.2;UNKNOWN
2016-02-29T00:34:00.000000;2016-02-29T00:34:00.000000;6abf9012-0b7e-4a86-8a7b-6cb60b820838;433.43;0.2;UNKNOWN
2016-02-29T00:34:00.000000;2016-02-29T00:34:00.000000;d10639ab-891d-4f5c-9dbc-d13f279f59e5;433.48;0.2;UNKNOWN
2016-02-29T00:34:00.000000;2016-02-29T00:34:00.000000;e3d669b0-c9c3-411c-9fbd-8d4c700f4fe4;433.58;2.550536;UNKNOWN
2016-02-29T00:34:00.000000;2016-02-29T00:34:00.000000;eb913a7a-2d80-484f-b2f3-6af33fd1fd3b;433.55;0.935;UNKNOWN
2016-02-29T00:34:00.000000;2016-02-29T00:34:00.000000;19193abe-9744-485d-80e8-c2342d91eb0c;433.5;0.02;UNKNOWN
2016-02-29T00:34:00.000000;2016-02-29T00:34:00.000000;6165308b-bf6f-4323-8de9-2fb5b3f6d97d;433.57;3.0;UNKNOWN
2016-02-29T00:34:00.000000;2016-02-29T00:34:00.000000;7ae39903-a1ba-4575-aff9-68a608650bab;433.58;0.2;UNKNOWN
2016-02-29T00:34:00.000000;2016-02-29T00:34:00.000000;94e60be8-96c6-437d-b381-975d66055fa0;433.58;0.2;UNKNOWN
2016-02-29T00:34:03.000000;2016-02-29T00:34:03.000000;3cd40c48-9906-4029-8be2-d1011fa26196;433.57;3.0;UNKNOWN
2016-02-29T00:34:03.000000;2016-02-29T00:34:03.000000;bda54491-c128-4d95-a97d-391a238957ae;433.36;0.2;UNKNOWN
2016-02-29T00:34:03.000000;2016-02-29T00:34:03.000000;f73c9a56-38d3-4277-99f9-6c58e339cc0a;433.58;0.88878;UNKNOWN
2016-02-29T00:34:05.000000;2016-02-29T00:34:05.000000;f163bf56-3e16-4956-ab92-137e7b19ba12;434.0;0.02;UNKNOWN
2016-02-29T00:34:05.000000;2016-02-29T00:34:05.000000;94e7569f-51f9-469e-ad77-982f87ec1625;434.04;0.2;UNKNOWN
2016-02-29T00:34:05.000000;2016-02-29T00:34:05.000000;5709f042-1f11-4a41-b575-9226bd07179c;433.94;0.935;UNKNOWN
2016-02-29T00:34:05.000000;2016-02-29T00:34:05.000000;d91d70e9-0efc-4fdf-b794-18885706b61a;433.98;0.935;UNKNOWN
2016-02-29T00:34:05.000000;2016-02-29T00:34:05.000000;1cea961e-774b-46e9-8e03-a1c0d528ad6d;433.72;0.935;UNKNOWN
2016-02-29T00:34:05.000000;2016-02-29T00:34:05.000000;7313a812-e881-42e0-9862-ea55cddc7393;433.63;1.55;UNKNOWN
2016-02-29T00:34:05.000000;2016-02-29T00:34:05.000000;25ec9ce9-9d91-41c3-b4ea-817f0cf58a27;433.69;3.39094166;UNKNOWN
2016-02-29T00:34:05.000000;2016-02-29T00:34:05.000000;b25e07e8-8be2-4dee-9277-e776e8daedeb;433.91;0.2;UNKNOWN
2016-02-29T00:34:05.000000;2016-02-29T00:34:05.000000;69c8bf66-8cdd-4432-94dc-53454a438602;433.68;0.935;UNKNOWN
2016-02-29T00:34:05.000000;2016-02-29T00:34:05.000000;18730412-8514-4f83-bcee-a97134accbc0;433.76;0.935;UNKNOWN
2016-02-29T00:34:05.000000;2016-02-29T00:34:05.000000;d014dca9-b0cc-4a38-80ac-acf57cc2267f;433.7;0.02;UNKNOWN
2016-02-29T00:34:05.000000;2016-02-29T00:34:05.000000;2093c4ca-d952-42b9-b9c0-54739ba474d8;433.63;0.935;UNKNOWN
2016-02-29T00:34:05.000000;2016-02-29T00:34:05.000000;e6aaf8ce-4ab1-4f7e-a870-77617f3e3edd;433.69;0.2;UNKNOWN
2016-02-29T00:34:05.000000;2016-02-29T00:34:05.000000;bae458d1-c586-42f3-8bf0-4aa92a8bc16c;433.9;0.02;UNKNOWN
2016-02-29T00:34:05.000000;2016-02-29T00:34:05.000000;7a9ba691-42f5-41bc-876c-4bd7a1171179;433.91;0.2;UNKNOWN
2016-02-29T00:34:05.000000;2016-02-29T00:34:05.000000;9d9ffc4f-a71f-474a-b9ef-71ab3598c451;434.05;0.78298798;UNKNOWN
2016-02-29T00:34:05.000000;2016-02-29T00:34:05.000000;f280247c-8a82-49e8-8030-c10b34389e23;434.03;0.2;UNKNOWN
2016-02-29T00:34:05.000000;2016-02-29T00:34:05.000000;c7cc844d-97ab-40a9-8ffa-c6491ec40a25;433.85;0.935;UNKNOWN
2016-02-29T00:34:05.000000;2016-02-29T00:34:05.000000;7e52e588-d588-41c4-9a42-dbec1bb3dd25;433.82;3.39094166;UNKNOWN
2016-02-29T00:34:05.000000;2016-02-29T00:34:05.000000;b8698bfb-14c4-4d29-9823-7ff8735e93fb;433.89;3.39090334;UNKNOWN
2016-02-29T00:34:05.000000;2016-02-29T00:34:05.000000;aeed5bb1-39e9-465d-8540-a064c9f89fb2;433.89;0.935;UNKNOWN
2016-02-29T00:34:05.000000;2016-02-29T00:34:05.000000;ca189f0e-c109-4e18-8da5-a1d2912e5724;433.91;0.2;UNKNOWN
2016-02-29T00:34:05.000000;2016-02-29T00:34:05.000000;6181654e-37d1-4798-9218-6d8c81846d64;433.64;3.39094166;UNKNOWN
2016-02-29T00:34:05.000000;2016-02-29T00:34:05.000000;a6732653-453b-42af-a2bd-fccc0fbbae17;433.74;3.39094166;UNKNOWN
2016-02-29T00:34:05.000000;2016-02-29T00:34:05.000000;e1a735e8-12c5-4bc2-9d72-b1261c43dc74;433.87;3.39090334;UNKNOWN
2016-02-29T00:34:05.000000;2016-02-29T00:34:05.000000;26cf47ff-14b8-4ed5-8d70-56c033d5ed46;433.81;0.935;UNKNOWN
2016-02-29T00:34:05.000000;2016-02-29T00:34:05.000000;4db879e0-d5aa-4149-977d-839f9f509094;433.72;16.3859;UNKNOWN
2016-02-29T00:34:05.000000;2016-02-29T00:34:05.000000;ba71823e-3f7b-4cd8-8fd0-914ebadf2325;433.57;3.8;UNKNOWN
2016-02-29T00:34:05.000000;2016-02-29T00:34:05.000000;7c96e7ff-6327-4454-8782-3e0ff0764815;433.58;1.941;UNKNOWN
2016-02-29T00:34:05.000000;2016-02-29T00:34:05.000000;c36e452b-815d-4948-b531-9ee09b14ba28;433.8;0.02;UNKNOWN
2016-02-29T00:34:05.000000;2016-02-29T00:34:05.000000;2fd31327-de6c-4558-bf93-cf81526d2d3a;433.85;15.1102;UNKNOWN
2016-02-29T00:34:05.000000;2016-02-29T00:34:05.000000;4d7287ca-f9b3-4310-8b98-05f33c7d8ab4;433.6;0.02;UNKNOWN
2016-02-29T00:34:05.000000;2016-02-29T00:34:05.000000;1eacb54a-0918-4eca-a3e1-1671d48349ca;433.46;0.2;UNKNOWN
2016-02-29T00:34:05.000000;2016-02-29T00:34:05.000000;4df2f8ef-3d50-471f-86ef-3184ce04114f;433.8;0.2;UNKNOWN
2016-02-29T00:34:05.000000;2016-02-29T00:34:05.000000;03ad90cd-b57f-48e4-985d-38c1aa7a6ea0;433.59;0.2;UNKNOWN
2016-02-29T00:34:05.000000;2016-02-29T00:34:05.000000;2edafea8-20de-4260-91fe-61184a2952ed;433.59;1.56;UNKNOWN
2016-02-29T00:34:05.000000;2016-02-29T00:34:05.000000;9d02e9be-9247-48a6-a53f-ecbf3c2be1c4;433.78;3.39094166;UNKNOWN
2016-02-29T00:34:05.000000;2016-02-29T00:34:05.000000;6dd1059b-9e55-42dd-8693-983e65a3859a;433.58;5.99;UNKNOWN
2016-02-29T00:34:05.000000;2016-02-29T00:34:05.000000;c0e0d366-21d1-4455-ac0a-cf5ce31af454;433.75;0.2;UNKNOWN
2016-02-29T00:34:05.000000;2016-02-29T00:34:05.000000;7c5c5f25-098f-4b58-a07a-fa1134a78903;433.6;3.39094166;UNKNOWN
2016-02-29T00:34:05.000000;2016-02-29T00:34:05.000000;33634dc0-d27f-4c3c-86ab-683bf89b1c18;433.6;7.06;UNKNOWN
2016-02-29T00:34:07.000000;2016-02-29T00:34:07.000000;ffe1ef74-ce1f-4366-a432-7a569ad47e3b;432.94;0.5346447;UNKNOWN
2016-02-29T00:35:05.000000;2016-02-29T00:35:05.000000;1b0cb383-2b60-4c85-931b-fa192717208a;433.44;0.2;UNKNOWN
2016-02-29T00:35:05.000000;2016-02-29T00:35:05.000000;ebb28a21-a4f3-4070-ae8a-bf47f2af4c47;433.33;0.26185644;UNKNOWN
2016-02-29T00:37:05.000000;2016-02-29T00:37:05.000000;dbc2f565-cfdb-464e-bbda-bb150b35d0f1;433.69;0.03405;UNKNOWN
2016-02-29T00:39:05.000000;2016-02-29T00:39:05.000000;8bfdd9f1-dd46-45f9-99f3-6052abe8b60e;433.58;2.0;UNKNOWN
2016-02-29T00:39:06.000000;2016-02-29T00:39:06.000000;a7743fac-6584-4bd0-9cd0-607350ed49e7;433.57;0.06794328;UNKNOWN
2016-02-29T00:42:19.000000;2016-02-29T00:42:19.000000;2ed7e2d7-b1ab-4c61-a982-4dd226c13106;433.36;0.4;UNKNOWN
2016-02-29T00:44:07.000000;2016-02-29T00:44:07.000000;18a6d74e-907f-47d6-9e8a-5c45130bcaf5;433.35;5.7039;UNKNOWN
2016-02-29T00:44:59.000000;2016-02-29T00:44:59.000000;662ef4a1-4603-4089-919d-11012a6901c5;433.35;0.3501;UNKNOWN
2016-02-29T00:48:05.000000;2016-02-29T00:48:05.000000;671f7eee-054b-46d9-ba78-e79e9075e796;433.35;0.11676787;UNKNOWN
2016-02-29T00:48:08.000000;2016-02-29T00:48:08.000000;bda3d485-681e-4b04-a094-c2856467ab0e;433.35;0.01967079;UNKNOWN
2016-02-29T00:48:28.000000;2016-02-29T00:48:28.000000;4c4a1de3-c5dd-4a89-899e-14d85f53d6cc;433.35;0.1303;UNKNOWN
2016-02-29T00:48:33.000000;2016-02-29T00:48:33.000000;d571f856-d886-4999-9c76-2506f4ae071d;433.35;0.73326134;UNKNOWN
2016-02-29T00:48:33.000000;2016-02-29T00:48:33.000000;c1cc5b50-c320-46fb-93e2-3fdc8e54f70e;433.35;0.26673866;UNKNOWN
2016-02-29T00:48:52.000000;2016-02-29T00:48:52.000000;2ca44163-d459-4fcc-a388-801db181783b;433.58;0.22297891;UNKNOWN
2016-02-29T00:53:05.000000;2016-02-29T00:53:05.000000;fa1536ef-1d6f-4e8f-b600-5e6c2c2336ce;433.63;0.43155843;UNKNOWN
2016-02-29T00:53:49.000000;2016-02-29T00:53:49.000000;7fb8c6e2-2cf9-4b1b-8164-f856566986aa;433.63;0.11888372;UNKNOWN
2016-02-29T00:53:58.000000;2016-02-29T00:53:58.000000;571714a4-cee3-4df7-a8df-3e003303b527;433.63;0.45706751;UNKNOWN
2016-02-29T00:54:05.000000;2016-02-29T00:54:05.000000;5b00906a-ff50-4ed3-8844-227e0145b1ef;433.63;0.02102796;UNKNOWN
2016-02-29T00:55:05.000000;2016-02-29T00:55:05.000000;06794ec0-249b-4ec4-96bf-63bc94102427;433.64;5.7715;UNKNOWN
2016-02-29T00:55:05.000000;2016-02-29T00:55:05.000000;89c79646-e537-424d-a825-c76ac26577e9;433.64;0.9285;UNKNOWN
2016-02-29T00:55:17.000000;2016-02-29T00:55:17.000000;ca378fb2-b135-4bc6-b79b-b25d215db89a;433.63;0.23;UNKNOWN
2016-02-29T00:55:45.000000;2016-02-29T00:55:45.000000;472c451a-774f-4380-8942-058ab35fe609;433.63;4.50116238;UNKNOWN
2016-02-29T00:59:47.000000;2016-02-29T00:59:47.000000;41c21ba4-8b3c-4d25-ab51-8b978f15da0b;433.57;0.25398496;UNKNOWN
2016-02-29T01:00:06.000000;2016-02-29T01:00:06.000000;a68f6a6c-7182-48b4-9550-a785621e4999;433.63;0.20344317;UNKNOWN
2016-02-29T01:01:17.000000;2016-02-29T01:01:17.000000;8839c008-41e2-4307-9556-b9ac287011af;433.61;0.34310025;UNKNOWN
2016-02-29T01:01:37.000000;2016-02-29T01:01:37.000000;9c471a13-5882-405e-a252-16c695cbd151;433.63;0.21453207;UNKNOWN
2016-02-29T01:01:37.000000;2016-02-29T01:01:37.000000;5f51b1b1-8f1b-4a6b-8193-740bcebabd20;433.63;1.78546793;UNKNOWN
2016-02-29T01:01:42.000000;2016-02-29T01:01:42.000000;a03960dc-426c-42e9-bade-c877db156128;433.61;0.04617056;UNKNOWN
2016-02-29T01:02:24.000000;2016-02-29T01:02:24.000000;19a6b6ad-05a8-4e76-8350-3185ea492283;433.63;0.01146376;UNKNOWN
2016-02-29T01:02:24.000000;2016-02-29T01:02:24.000000;b6846f3c-5e53-4b34-9bac-1c4182f615c5;433.9;5.0;UNKNOWN
2016-02-29T01:02:34.000000;2016-02-29T01:02:34.000000;b8635aee-cc18-477d-bf5d-0ebd62010342;433.99;5.0;UNKNOWN
2016-02-29T01:02:39.000000;2016-02-29T01:02:39.000000;bc4100b1-9a4f-4e04-bf2a-e7a2188f78da;433.99;1.92;UNKNOWN
2016-02-29T01:02:43.000000;2016-02-29T01:02:43.000000;6cf96891-32c7-4fdb-9ae0-979687e0954b;433.98;1.05;UNKNOWN
2016-02-29T01:02:49.000000;2016-02-29T01:02:49.000000;b21997d1-17f0-4470-aab4-30f46980cbf6;434.0;0.2;UNKNOWN
2016-02-29T01:02:49.000000;2016-02-29T01:02:49.000000;5b6d4746-7390-4a39-a7ec-8eb55a13a045;434.0;3.31;UNKNOWN
2016-02-29T01:02:51.000000;2016-02-29T01:02:51.000000;8bcaf7c0-1ce1-45ad-89cf-0ce4f866152a;434.09;5.0;UNKNOWN
2016-02-29T01:02:51.000000;2016-02-29T01:02:51.000000;9383235d-607f-4ba7-858c-1597460f8e93;434.1;4.7861272;UNKNOWN
2016-02-29T01:02:51.000000;2016-02-29T01:02:51.000000;dae116c3-5c15-4cb6-b090-a2db3c719949;434.0;0.0138728;UNKNOWN
2016-02-29T01:02:51.000000;2016-02-29T01:02:51.000000;8919e836-56ad-4e28-a434-fce25d538742;434.02;0.2;UNKNOWN
2016-02-29T01:02:51.000000;2016-02-29T01:02:51.000000;d3d4475b-ac3c-436c-bbbf-91e43e736b9d;434.08;5.0;UNKNOWN
2016-02-29T01:02:57.000000;2016-02-29T01:02:57.000000;494797ce-eb85-40fe-9fb2-d1abfdcba5a0;434.1;16.2;UNKNOWN
2016-02-29T01:02:58.000000;2016-02-29T01:02:58.000000;ad8c67f9-4afb-4846-80c1-6e341057bd8c;434.1;2.0;UNKNOWN
2016-02-29T01:03:01.000000;2016-02-29T01:03:01.000000;deb110ba-a74d-47e1-a24c-9b45d86ba43b;434.1;11.92;UNKNOWN
2016-02-29T01:03:05.000000;2016-02-29T01:03:05.000000;eed8ead1-14ff-42de-bcb5-bd36febff367;434.1;10.7;UNKNOWN
2016-02-29T01:03:08.000000;2016-02-29T01:03:08.000000;b4e35bc7-8953-4cec-85cc-19c799876b7c;434.1;1.19;UNKNOWN
2016-02-29T01:03:11.000000;2016-02-29T01:03:11.000000;a36a7565-ae76-4abf-b18f-29fa0e0d3dd8;434.1;2.0;UNKNOWN
2016-02-29T01:03:11.000000;2016-02-29T01:03:11.000000;20ed9373-0988-4a0f-801f-1d018d0c6662;434.1;0.4272;UNKNOWN
2016-02-29T01:03:12.000000;2016-02-29T01:03:12.000000;3001bce6-22ea-4220-8845-e38f499aea7d;434.1;4.15;UNKNOWN
2016-02-29T01:03:15.000000;2016-02-29T01:03:15.000000;d60b371d-60b3-48f8-a436-cc55ca7df4a1;434.1;0.55;UNKNOWN
2016-02-29T01:03:17.000000;2016-02-29T01:03:17.000000;0df428fa-737f-4c7e-8250-c175baf278ab;434.4;0.02;UNKNOWN
2016-02-29T01:03:17.000000;2016-02-29T01:03:17.000000;dd5b9745-895e-45e9-a6d1-f82b5e47d589;434.55;0.2;UNKNOWN
2016-02-29T01:03:17.000000;2016-02-29T01:03:17.000000;2488f742-a369-47cc-81d4-7ea1ff5768fb;434.56;0.2;UNKNOWN
2016-02-29T01:03:17.000000;2016-02-29T01:03:17.000000;82833380-5f02-4276-885a-1ce4c1261bf0;434.53;0.2;UNKNOWN
2016-02-29T01:03:17.000000;2016-02-29T01:03:17.000000;2e2daa94-2724-44f9-a440-8f12ef6d70f4;434.48;0.0499;UNKNOWN
2016-02-29T01:03:17.000000;2016-02-29T01:03:17.000000;23d049d9-5c66-4537-a371-050792f98b51;434.57;6.6734272;UNKNOWN
2016-02-29T01:03:17.000000;2016-02-29T01:03:17.000000;cd28c1f3-c088-421b-ac4a-7c13f8f628ff;434.14;0.2;UNKNOWN
2016-02-29T01:03:17.000000;2016-02-29T01:03:17.000000;694c9285-54ff-4ea2-9712-b0f2584b3cba;434.5;0.02;UNKNOWN
2016-02-29T01:03:17.000000;2016-02-29T01:03:17.000000;70e5ddc1-82a2-47cc-bfbf-c49edb96a1d8;434.1;1.0766728;UNKNOWN
2016-02-29T01:03:17.000000;2016-02-29T01:03:17.000000;4f609188-b1f1-4189-88a5-0c7f941f51da;434.2;0.2;UNKNOWN
2016-02-29T01:03:17.000000;2016-02-29T01:03:17.000000;7bf56374-6897-4c3a-ac2f-82d1d9a02239;434.1;0.02;UNKNOWN
2016-02-29T01:03:17.000000;2016-02-29T01:03:17.000000;ba1b4aa7-15ee-40c4-a705-942777dbeab6;434.41;0.2;UNKNOWN
2016-02-29T01:03:17.000000;2016-02-29T01:03:17.000000;a4617b33-ec35-4d30-a3f2-2f12ee9d0a10;434.27;0.2;UNKNOWN
2016-02-29T01:03:17.000000;2016-02-29T01:03:17.000000;57996e7f-4dc0-45d3-ac79-cb4e267f2648;434.2;0.02;UNKNOWN
2016-02-29T01:03:17.000000;2016-02-29T01:03:17.000000;92c41703-b6cd-4270-b80a-807f3860b566;434.38;0.2;UNKNOWN
2016-02-29T01:03:17.000000;2016-02-29T01:03:17.000000;55ea6415-76a0-4de0-8610-9a2ffafc784c;434.1;0.1;UNKNOWN
2016-02-29T01:03:17.000000;2016-02-29T01:03:17.000000;7f0833da-1173-46da-b744-efcb533e1524;434.37;0.2;UNKNOWN
2016-02-29T01:03:17.000000;2016-02-29T01:03:17.000000;0b74b453-c42f-421a-a814-44c11f348b10;434.22;0.2;UNKNOWN
2016-02-29T01:03:17.000000;2016-02-29T01:03:17.000000;3b26733e-df18-4a1a-bcbc-13ca839d10ea;434.3;0.02;UNKNOWN
2016-02-29T01:03:18.000000;2016-02-29T01:03:18.000000;7a917234-3d01-42fb-a648-4e679990c0b5;434.84;0.2;UNKNOWN
2016-02-29T01:03:18.000000;2016-02-29T01:03:18.000000;f9d947bf-7af3-4fda-b6ea-296e7ba5b660;434.69;0.2;UNKNOWN
2016-02-29T01:03:18.000000;2016-02-29T01:03:18.000000;6c6fddd7-8830-4802-8ab3-5baafb9b20d7;434.57;0.3265728;UNKNOWN
2016-02-29T01:03:18.000000;2016-02-29T01:03:18.000000;c54268c2-294d-49ed-a48c-fe333c98c0df;435.0;0.02;UNKNOWN
2016-02-29T01:03:18.000000;2016-02-29T01:03:18.000000;c1f20642-bd97-46da-a1d0-e1cd40069a53;434.6;0.02;UNKNOWN
2016-02-29T01:03:18.000000;2016-02-29T01:03:18.000000;51ed559c-c9db-4192-8075-2119d832c5df;434.8;0.02;UNKNOWN
2016-02-29T01:03:18.000000;2016-02-29T01:03:18.000000;ced30539-89f0-4539-b7b9-b147d395d8af;434.71;0.2;UNKNOWN
2016-02-29T01:03:18.000000;2016-02-29T01:03:18.000000;47583b1e-6ab7-4347-abc8-2f6ed30628de;434.9;0.02;UNKNOWN
2016-02-29T01:03:18.000000;2016-02-29T01:03:18.000000;04b112c7-0094-4040-b1ad-31f10b416659;434.7;0.02;UNKNOWN
2016-02-29T01:03:18.000000;2016-02-29T01:03:18.000000;1d5e7c1a-56fe-4a50-8ecc-48f2adf32d05;434.86;0.2;UNKNOWN
2016-02-29T01:03:18.000000;2016-02-29T01:03:18.000000;ddb48bd3-417b-4d84-a33e-68c58454514f;434.71;0.2;UNKNOWN
2016-02-29T01:03:18.000000;2016-02-29T01:03:18.000000;98f71fc4-47c2-462a-b0a3-57a0c9af2a4d;434.86;0.2;UNKNOWN
2016-02-29T01:03:18.000000;2016-02-29T01:03:18.000000;7c971e29-75de-4294-bc0e-d842a87acaff;435.02;0.2;UNKNOWN
2016-02-29T01:03:18.000000;2016-02-29T01:03:18.000000;892fcc25-6f43-4319-9cb4-11c886fdb071;435.2;0.02;UNKNOWN
2016-02-29T01:03:18.000000;2016-02-29T01:03:18.000000;92423366-503a-49ea-a0d9-3875702ce9ae;435.01;0.2;UNKNOWN
2016-02-29T01:03:18.000000;2016-02-29T01:03:18.000000;3207e320-f42d-41ed-a6b9-ed508309b8a1;434.99;0.2;UNKNOWN
2016-02-29T01:03:18.000000;2016-02-29T01:03:18.000000;dbd03941-4f45-4357-8593-6c55059e077b;435.11;0.24037416;UNKNOWN
2016-02-29T01:03:18.000000;2016-02-29T01:03:18.000000;24306df7-b6ec-4aca-8982-dce3763fc478;435.14;0.2;UNKNOWN
2016-02-29T01:03:18.000000;2016-02-29T01:03:18.000000;25ef9bfa-4a97-4cd5-95dd-4398bfb3bcda;435.1;0.02;UNKNOWN
2016-02-29T01:03:18.000000;2016-02-29T01:03:18.000000;8349aca1-ee2d-4b23-92ac-eaa47dd3f382;435.13;0.2;UNKNOWN
2016-02-29T01:03:18.000000;2016-02-29T01:03:18.000000;7551ae12-3c4a-4695-931d-bfa0ca400b06;435.15;0.2;UNKNOWN
2016-02-29T01:03:18.000000;2016-02-29T01:03:18.000000;85bba46a-8f87-4fe2-a710-5e2c108e6fbb;435.21;0.15;UNKNOWN
2016-02-29T01:03:18.000000;2016-02-29T01:03:18.000000;9bf8aa47-1630-413e-9dde-5b9ec043d519;435.27;0.2;UNKNOWN
2016-02-29T01:03:18.000000;2016-02-29T01:03:18.000000;e70e455d-8959-4583-9da3-05fbc8c9628e;435.2;0.03;UNKNOWN
2016-02-29T01:03:18.000000;2016-02-29T01:03:18.000000;ee8e7669-f294-4319-b2d9-38e8b3ba714f;435.18;0.2;UNKNOWN
2016-02-29T01:03:18.000000;2016-02-29T01:03:18.000000;63889c40-433c-4a8e-8d4b-e3cb4a1b384b;435.29;0.17805304;UNKNOWN
2016-02-29T01:03:18.000000;2016-02-29T01:03:18.000000;a08d7d14-e64b-4b58-a17a-8fc28b12f49f;435.25;5.0;UNKNOWN
2016-02-29T01:03:18.000000;2016-02-29T01:03:18.000000;e7fef229-cd60-49f0-9098-1484d331d2aa;435.28;0.935;UNKNOWN
2016-02-29T01:03:18.000000;2016-02-29T01:03:18.000000;a75b588d-a6e8-40ec-b04a-3b2eb54ba6a8;435.29;0.2;UNKNOWN
2016-02-29T01:03:33.000000;2016-02-29T01:03:33.000000;306c626c-3f1e-45d4-8af5-f0c09b4cb740;434.98;0.8;UNKNOWN
2016-02-29T01:04:09.000000;2016-02-29T01:04:09.000000;6b0d8801-4dfa-4d1e-8c53-407afc4eb859;434.97;0.5;UNKNOWN
2016-02-29T01:04:12.000000;2016-02-29T01:04:12.000000;b9bb587e-76b2-4468-9dd1-1a7c8e72e080;434.97;0.16839845;UNKNOWN
2016-02-29T01:04:20.000000;2016-02-29T01:04:20.000000;45b2d854-ab06-4c64-8312-9ec8d32215c4;434.98;0.0233;UNKNOWN
2016-02-29T01:05:05.000000;2016-02-29T01:05:05.000000;5f0bb3ba-e8ef-477d-ab92-dc7bdb27544d;434.97;6.77221989;UNKNOWN
2016-02-29T01:06:03.000000;2016-02-29T01:06:03.000000;0577be8a-f765-4adc-80bf-026ce1e3c7f8;434.98;1.0;UNKNOWN
2016-02-29T01:07:04.000000;2016-02-29T01:07:04.000000;1aa4c49c-50b8-4f55-b5b7-0748462fc195;435.07;0.042;UNKNOWN
2016-02-29T01:07:13.000000;2016-02-29T01:07:13.000000;253c4da0-251a-4e5f-82a6-75116ea2f3b9;435.11;0.34295905;UNKNOWN
2016-02-29T01:07:18.000000;2016-02-29T01:07:18.000000;1c0f25cd-ff9d-4a6b-bac1-8af82fca60c4;435.27;10.0;UNKNOWN
2016-02-29T01:07:33.000000;2016-02-29T01:07:33.000000;abd19c19-1caa-44ff-8110-e879ad6d0f2b;435.4;0.2;UNKNOWN
2016-02-29T01:07:33.000000;2016-02-29T01:07:33.000000;3903c815-4b93-474e-bfbc-b0500179bb3a;435.5;4.06;UNKNOWN
2016-02-29T01:07:33.000000;2016-02-29T01:07:33.000000;29da12a8-2633-4b5b-a0dc-22d7c9750d64;435.3;0.5;UNKNOWN
2016-02-29T01:07:33.000000;2016-02-29T01:07:33.000000;6344b8a7-c66a-427d-9f7a-66e5ed6aac01;435.4;0.02;UNKNOWN
2016-02-29T01:07:33.000000;2016-02-29T01:07:33.000000;47b12764-2f3a-494d-8800-bafc4599c21c;435.3;0.02;UNKNOWN
2016-02-29T01:07:33.000000;2016-02-29T01:07:33.000000;6fc8ff4a-f065-458f-a65f-945365c83dbc;435.48;0.2;UNKNOWN
2016-02-29T01:07:41.000000;2016-02-29T01:07:41.000000;1fc031ca-a86c-407c-8c65-ce8a5321df3d;435.5;5.0;UNKNOWN
2016-02-29T01:07:58.000000;2016-02-29T01:07:58.000000;82392658-3ac0-4fec-bb44-ebb4e681fb7c;435.48;0.5;UNKNOWN
2016-02-29T01:07:58.000000;2016-02-29T01:07:58.000000;c3565f85-87ea-4ea0-a8e1-95eaf95757a1;435.57;7.84010139;UNKNOWN
2016-02-29T01:07:58.000000;2016-02-29T01:07:58.000000;eb6ccc3d-60ad-4a5d-8ce2-0145a492051d;435.56;0.2;UNKNOWN
2016-02-29T01:07:58.000000;2016-02-29T01:07:58.000000;536e07ed-3b42-48d3-af8f-8b9d87701510;435.55;0.2;UNKNOWN
2016-02-29T01:07:58.000000;2016-02-29T01:07:58.000000;4f6c4c3c-960a-4fcb-a842-71fb3b4b1ed1;435.5;0.02;UNKNOWN
2016-02-29T01:07:58.000000;2016-02-29T01:07:58.000000;321e7611-00da-4358-8bbc-dcad8d7e9e71;435.5;0.94;UNKNOWN
2016-02-29T01:08:05.000000;2016-02-29T01:08:05.000000;959412c2-ddc5-4446-8d6c-7d3e698aabdf;435.77;2.75;UNKNOWN
2016-02-29T01:08:05.000000;2016-02-29T01:08:05.000000;d38eeb72-a030-4036-b21d-4943ab69cc35;435.69;0.2;UNKNOWN
2016-02-29T01:08:05.000000;2016-02-29T01:08:05.000000;0aacfed8-73ed-4183-85ce-50b146e8ee48;435.57;5.15989861;UNKNOWN
2016-02-29T01:08:05.000000;2016-02-29T01:08:05.000000;a6f10a7a-6c74-4b49-867b-4e65e3acf24d;435.62;0.2;UNKNOWN
2016-02-29T01:08:05.000000;2016-02-29T01:08:05.000000;3e155c25-9e7b-44aa-a4ad-04f21fcfeb83;435.6;0.03;UNKNOWN
2016-02-29T01:08:05.000000;2016-02-29T01:08:05.000000;2cf5ec7c-e64b-4a27-af80-12f8ee2a955c;435.6;0.02;UNKNOWN
2016-02-29T01:08:05.000000;2016-02-29T01:08:05.000000;2d30e704-2c25-4c6e-9377-d967a76d4a37;435.62;0.01;UNKNOWN
2016-02-29T01:08:05.000000;2016-02-29T01:08:05.000000;f4eeeb5d-a735-49a8-9d5a-39c49db28487;435.74;0.2;UNKNOWN
2016-02-29T01:08:05.000000;2016-02-29T01:08:05.000000;4df79f1d-526c-4b1d-bcef-49f74ff825db;435.7;0.02;UNKNOWN
2016-02-29T01:08:05.000000;2016-02-29T01:08:05.000000;0021e7b6-8d17-484a-b79c-93b8ad0441e2;435.8;0.02;UNKNOWN
2016-02-29T01:08:05.000000;2016-02-29T01:08:05.000000;07635644-5215-4883-a99d-0adbc0d223f3;435.7;1.0;UNKNOWN
2016-02-29T01:08:05.000000;2016-02-29T01:08:05.000000;4c70a586-5534-4db8-b6f3-49aa3e0a853b;435.86;0.19010139;UNKNOWN
2016-02-29T01:08:05.000000;2016-02-29T01:08:05.000000;d2d9553c-e9ee-41e1-9979-447a5ee8e5a6;435.82;0.2;UNKNOWN
2016-02-29T01:08:28.000000;2016-02-29T01:08:28.000000;5193ae83-23eb-4763-85cb-7af1c82ca8df;435.63;0.4953;UNKNOWN
2016-02-29T01:08:43.000000;2016-02-29T01:08:43.000000;10c5262e-ae3f-4e81-a5d3-be9788d56921;435.62;0.062208;UNKNOWN
2016-02-29T01:08:43.000000;2016-02-29T01:08:43.000000;b0aa1cf9-973c-4704-880f-8ebc7ee33964;435.63;1.0;UNKNOWN
2016-02-29T01:08:57.000000;2016-02-29T01:08:57.000000;9115becd-8ae6-4b11-9f1a-8799443107d4;435.63;1.0;UNKNOWN
2016-02-29T01:09:12.000000;2016-02-29T01:09:12.000000;5f1a5d9f-c1b5-4b18-837b-1d5c779fc481;435.61;0.26298337;UNKNOWN
2016-02-29T01:09:33.000000;2016-02-29T01:09:33.000000;94cd4b6a-7f6c-4965-a08d-81b896330047;435.64;0.5;UNKNOWN
2016-02-29T01:10:06.000000;2016-02-29T01:10:06.000000;269c32da-b3d1-4558-87a2-2e65a1c04339;435.7;0.11;UNKNOWN
2016-02-29T01:10:45.000000;2016-02-29T01:10:45.000000;dc9a6bfd-6c53-49ac-b788-18d12736ef3b;435.69;0.46366062;UNKNOWN
2016-02-29T01:11:03.000000;2016-02-29T01:11:03.000000;de7ad4d3-bf89-4650-bb46-6c19e54fb10d;435.7;0.25;UNKNOWN
2016-02-29T01:11:17.000000;2016-02-29T01:11:17.000000;ac3a236c-e186-4ca8-8b35-653651ae1b8e;435.69;0.125;UNKNOWN
2016-02-29T01:11:24.000000;2016-02-29T01:11:24.000000;8ddc01a3-d5be-470a-a306-29fa79f380e1;435.69;0.4;UNKNOWN
2016-02-29T01:14:40.000000;2016-02-29T01:14:40.000000;d7e1d818-0387-4b59-b5b4-0881825106d7;435.7;0.01;UNKNOWN
2016-02-29T01:14:55.000000;2016-02-29T01:14:55.000000;1ea45b80-c911-49e6-b538-537a6f650cd1;435.7;0.13;UNKNOWN
2016-02-29T01:15:07.000000;2016-02-29T01:15:07.000000;f7cab7b8-9d10-49ef-b064-12950e5775da;435.68;0.33;UNKNOWN
2016-02-29T01:15:07.000000;2016-02-29T01:15:07.000000;f67c4b04-0836-4de2-8aeb-48adf32037b8;435.7;0.37;UNKNOWN
2016-02-29T01:15:30.000000;2016-02-29T01:15:30.000000;087082b0-8ffe-4457-83d6-7b6b4d23a288;435.64;0.01898002;UNKNOWN
2016-02-29T01:16:15.000000;2016-02-29T01:16:15.000000;86f564ce-7f14-4d14-b9e2-e3857afcda1a;435.64;0.1;UNKNOWN
2016-02-29T01:16:20.000000;2016-02-29T01:16:20.000000;6745e733-2893-43ee-a8f5-629d991dee8b;435.64;0.38101998;UNKNOWN
2016-02-29T01:16:24.000000;2016-02-29T01:16:24.000000;37001e32-0fc7-46f6-bcb1-c77180cc6ebb;435.62;0.91024278;UNKNOWN
2016-02-29T01:16:27.000000;2016-02-29T01:16:27.000000;c43e02dd-9bb5-46a0-8e86-4b1dd0bf8645;435.63;0.0197;UNKNOWN
2016-02-29T01:16:37.000000;2016-02-29T01:16:37.000000;a7e0ba00-747d-4fa0-aed4-4a1ac625374d;435.6;0.25;UNKNOWN
2016-02-29T01:16:41.000000;2016-02-29T01:16:41.000000;c843f005-b91a-4ec3-a578-f0ac9a57ee6f;435.53;0.75;UNKNOWN
2016-02-29T01:16:43.000000;2016-02-29T01:16:43.000000;8f6d10d1-e794-4e88-b352-4b4eb7f3e3c5;435.5;0.4270762;UNKNOWN
2016-02-29T01:16:43.000000;2016-02-29T01:16:43.000000;5ae01634-1b8c-4c40-916e-3cd0af784cd7;435.53;2.61938576;UNKNOWN
2016-02-29T01:17:29.000000;2016-02-29T01:17:29.000000;1dfc3275-311c-4232-b466-51cfdcf2323b;435.51;2.04789942;UNKNOWN
2016-02-29T01:18:11.000000;2016-02-29T01:18:11.000000;c1b4b90f-466f-4611-9950-36b51e3df934;435.45;0.0232534;UNKNOWN
2016-02-29T01:18:40.000000;2016-02-29T01:18:40.000000;c8fc26fb-ec60-4ddb-bce7-147c6f05e2cc;435.46;0.9633694;UNKNOWN
2016-02-29T01:18:56.000000;2016-02-29T01:18:56.000000;7a095570-f944-4a1b-9a19-a4069cb98c9c;435.44;1.0;UNKNOWN
2016-02-29T01:19:41.000000;2016-02-29T01:19:41.000000;d15e8171-d479-4d36-a1a4-3cac2485960a;435.74;0.0056906;UNKNOWN
2016-02-29T01:19:41.000000;2016-02-29T01:19:41.000000;ce37fdea-6f8e-4d7f-ae88-c3875ca7fa01;435.5;0.4943094;UNKNOWN
2016-02-29T01:19:41.000000;2016-02-29T01:19:41.000000;309f628b-1013-4195-8716-d2d6c800cd1e;435.74;0.5;UNKNOWN
2016-02-29T01:20:06.000000;2016-02-29T01:20:06.000000;d477d5d8-2bf2-4de5-95cd-874c43bbcd4e;435.75;3.78095897;UNKNOWN
2016-02-29T01:20:08.000000;2016-02-29T01:20:08.000000;09350b96-f336-4cd5-a0d7-4a81dfe8f0ba;435.51;1.14885904;UNKNOWN
2016-02-29T01:22:51.000000;2016-02-29T01:22:51.000000;c189ddf6-39c4-4dcc-b4ff-7cb6fccf8a13;435.5;3.36931008;UNKNOWN
2016-02-29T01:22:51.000000;2016-02-29T01:22:51.000000;f57a683e-3fec-4269-9305-2e6416f76550;435.5;1.63068992;UNKNOWN
2016-02-29T01:22:51.000000;2016-02-29T01:22:51.000000;b2ea514f-b6d6-4d7b-a27e-b3d5730fdf44;435.5;2.0;UNKNOWN
2016-02-29T01:22:53.000000;2016-02-29T01:22:53.000000;885627c3-4532-42ff-9e3e-18bab98f8ee9;435.5;0.1998;UNKNOWN
2016-02-29T01:23:10.000000;2016-02-29T01:23:10.000000;7408f20e-e99e-4a03-94ca-2c249ea9ec5e;435.51;0.0124;UNKNOWN
2016-02-29T01:24:35.000000;2016-02-29T01:24:35.000000;5ef4577e-ad33-469d-b942-d2d863a479e3;435.53;0.466;UNKNOWN
2016-02-29T01:24:35.000000;2016-02-29T01:24:35.000000;da905c86-bbe4-49ef-996b-f8128fd3bd48;435.51;9.38656;UNKNOWN
2016-02-29T01:24:35.000000;2016-02-29T01:24:35.000000;056bcf70-4b54-4105-9e26-99757ca1a260;435.76;0.14744;UNKNOWN
2016-02-29T01:25:02.000000;2016-02-29T01:25:02.000000;ff8f6110-6a9e-4403-a992-969191d21b3f;435.75;1.5;UNKNOWN
2016-02-29T01:25:08.000000;2016-02-29T01:25:08.000000;87836a5d-54d9-484e-810f-f6f55bcbdb2e;435.61;0.94435783;UNKNOWN
2016-02-29T01:25:08.000000;2016-02-29T01:25:08.000000;c0a323c7-a0da-4ce6-b8fa-7cdcab84c17c;435.62;0.5;UNKNOWN
2016-02-29T01:25:13.000000;2016-02-29T01:25:13.000000;b49115c0-7848-4c92-bfc9-3e1e1f91d640;435.85;0.5;UNKNOWN
2016-02-29T01:25:13.000000;2016-02-29T01:25:13.000000;1abef1f7-ce60-493a-a3f0-836d6ef1d25d;435.89;0.69744;UNKNOWN
2016-02-29T01:25:13.000000;2016-02-29T01:25:13.000000;8521eb22-9ee9-4e53-ae07-9a37d153a0ee;435.88;0.25;UNKNOWN
2016-02-29T01:25:13.000000;2016-02-29T01:25:13.000000;56f3e75a-ca91-4c4e-a558-df0ce6e35e18;435.76;0.05256;UNKNOWN
2016-02-29T01:25:22.000000;2016-02-29T01:25:22.000000;3436e16e-4822-4ed8-90cd-171376f740c0;435.76;0.2;UNKNOWN
2016-02-29T01:25:22.000000;2016-02-29T01:25:22.000000;583d0822-1b85-4df7-8c51-d2dee2d2fcb3;435.82;4.8;UNKNOWN
2016-02-29T01:25:50.000000;2016-02-29T01:25:50.000000;e6e680b9-cf20-4964-b7ae-facb4edc0794;435.77;3.37;UNKNOWN
2016-02-29T01:25:50.000000;2016-02-29T01:25:50.000000;2fdac054-4ffc-4ffe-8447-04793e3ea6c1;435.78;1.63;UNKNOWN
2016-02-29T01:26:14.000000;2016-02-29T01:26:14.000000;ba842eed-0dec-4cbf-b70c-30b8c7b238d2;435.78;6.24197;UNKNOWN
2016-02-29T01:26:14.000000;2016-02-29T01:26:14.000000;97c726ad-7b04-46a3-a418-3396af0caffc;435.87;0.19471688;UNKNOWN
2016-02-29T01:26:14.000000;2016-02-29T01:26:14.000000;c94774d0-b2a5-47a5-a424-e8975bfc3624;435.89;2.56331312;UNKNOWN
2016-02-29T01:26:18.000000;2016-02-29T01:26:18.000000;4031c66c-1fa3-4626-8d00-994937191444;435.99;5.0;UNKNOWN
2016-02-29T01:26:18.000000;2016-02-29T01:26:18.000000;4e3fcf45-c2c4-4903-980b-f1b3944b9ce0;435.95;0.5;UNKNOWN
2016-02-29T01:26:18.000000;2016-02-29T01:26:18.000000;0bbbbcc9-8591-4ad2-b908-a7153967f21d;435.9;2.951184;UNKNOWN
2016-02-29T01:26:18.000000;2016-02-29T01:26:18.000000;5988a443-ca08-47cf-abf9-797ff45e18bb;436.0;0.528816;UNKNOWN
2016-02-29T01:26:18.000000;2016-02-29T01:26:18.000000;ccfd59d6-48d5-4e6e-b68c-083d048431a8;435.9;0.02;UNKNOWN
2016-02-29T01:26:32.000000;2016-02-29T01:26:32.000000;67af423a-78f7-4b08-ad9a-2b7908268c86;435.91;8.48207;UNKNOWN
2016-02-29T01:26:32.000000;2016-02-29T01:26:32.000000;88c03eaa-6a55-4a87-bf3c-f1787b6f33c0;435.99;0.51793;UNKNOWN
2016-02-29T01:26:40.000000;2016-02-29T01:26:40.000000;eb944f44-38a7-437e-a870-46485723a658;435.99;3.0;UNKNOWN
2016-02-29T01:26:47.000000;2016-02-29T01:26:47.000000;3bf067e1-f8e0-41f9-9027-23dcd28296b1;436.0;9.0;UNKNOWN
2016-02-29T01:27:08.000000;2016-02-29T01:27:08.000000;04760c17-d9d7-4f1c-b048-36f2f4f30b74;435.99;5.7275;UNKNOWN
2016-02-29T01:27:08.000000;2016-02-29T01:27:08.000000;9f8eff40-ddf1-4d3a-be6f-b028aa5d1057;436.0;3.2725;UNKNOWN
2016-02-29T01:28:16.000000;2016-02-29T01:28:16.000000;e14ab136-6284-42c2-9198-2bef77905c7c;435.94;3.89;UNKNOWN
2016-02-29T01:28:16.000000;2016-02-29T01:28:16.000000;16f0d0a3-03c4-497c-8dbb-e3e5436d8783;435.94;1.0;UNKNOWN
2016-02-29T01:28:20.000000;2016-02-29T01:28:20.000000;30e8ea20-b41f-4754-ac40-98d5a6f1dcc0;435.94;1.1;UNKNOWN
2016-02-29T01:29:08.000000;2016-02-29T01:29:08.000000;3dacc778-3a56-47ad-bd0b-79ae38f7d04d;435.88;0.49736791;UNKNOWN
2016-02-29T01:31:42.000000;2016-02-29T01:31:42.000000;17819c24-a1bc-44cb-87da-1d9205d27acc;435.72;3.3674191;UNKNOWN
2016-02-29T01:31:42.000000;2016-02-29T01:31:42.000000;b15b4e75-7120-41ee-af8b-7c9f0b12813e;435.71;3.3674191;UNKNOWN
2016-02-29T01:31:42.000000;2016-02-29T01:31:42.000000;7d5a159c-6658-48ef-bfa0-11914391fbd4;435.9;0.5;UNKNOWN
2016-02-29T01:31:42.000000;2016-02-29T01:31:42.000000;5f0a3616-4413-4132-80cd-f9005ce0db6e;435.14;0.2;UNKNOWN
2016-02-29T01:31:42.000000;2016-02-29T01:31:42.000000;ceeab29c-9ff3-493b-bb21-a72c60ef9247;435.63;3.3666633;UNKNOWN
2016-02-29T01:31:42.000000;2016-02-29T01:31:42.000000;904442b9-0f44-4dc0-b5de-3b422d156ba1;435.67;0.2;UNKNOWN
2016-02-29T01:31:42.000000;2016-02-29T01:31:42.000000;cd444793-6924-4acc-aea0-acc67ba78c54;435.61;3.36726791;UNKNOWN
2016-02-29T01:31:42.000000;2016-02-29T01:31:42.000000;c8ad9359-a095-4b8c-ba19-8453cd7778ae;435.06;0.2;UNKNOWN
2016-02-29T01:31:42.000000;2016-02-29T01:31:42.000000;f16b7a8d-36b3-4a3a-8927-b0a7ff421ed1;435.01;0.2;UNKNOWN
2016-02-29T01:31:42.000000;2016-02-29T01:31:42.000000;0a3eb29c-729c-4c83-8a2f-79467c6532ff;435.56;6.0;UNKNOWN
2016-02-29T01:31:42.000000;2016-02-29T01:31:42.000000;d3fa4be7-f110-4202-8703-e8642758553f;435.55;12.0;UNKNOWN
2016-02-29T01:31:42.000000;2016-02-29T01:31:42.000000;6681c708-9698-4da4-ba3c-2b363edc04ae;435.89;3.0;UNKNOWN
2016-02-29T01:31:42.000000;2016-02-29T01:31:42.000000;e8140a54-0d68-43b6-9942-e590ca62b4a1;435.53;3.36711674;UNKNOWN
2016-02-29T01:31:42.000000;2016-02-29T01:31:42.000000;85b228df-9ba3-4d45-8cc0-e5aab0426603;435.8;0.2;UNKNOWN
2016-02-29T01:31:42.000000;2016-02-29T01:31:42.000000;c40ccf06-9167-47b7-9737-cd9ea925338f;435.72;5.6598;UNKNOWN
2016-02-29T01:31:42.000000;2016-02-29T01:31:42.000000;65b91ddc-3972-4a55-b8be-06fbc72c9872;435.54;0.2;UNKNOWN
2016-02-29T01:31:42.000000;2016-02-29T01:31:42.000000;5779052e-ef1b-497b-8843-88a56ffbdc5a;435.57;3.36711674;UNKNOWN
2016-02-29T01:31:42.000000;2016-02-29T01:31:42.000000;39ef6677-4568-4e9e-8097-61d5f494ec7a;435.08;13.3262;UNKNOWN
2016-02-29T01:31:42.000000;2016-02-29T01:31:42.000000;8e971cb5-f859-4081-a905-314e40eee1ea;435.41;18.0;UNKNOWN
2016-02-29T01:31:42.000000;2016-02-29T01:31:42.000000;e036fb35-a831-44d5-b09f-2db64e4b9fb4;435.27;13.4986;UNKNOWN
2016-02-29T01:31:42.000000;2016-02-29T01:31:42.000000;d10d64dc-48fd-4f7f-87be-233c5e054d79;435.4;0.2;UNKNOWN
2016-02-29T01:31:42.000000;2016-02-29T01:31:42.000000;82553709-6163-4fce-9045-4bc44c5e4ad8;435.26;0.2;UNKNOWN
2016-02-29T01:31:42.000000;2016-02-29T01:31:42.000000;cf34944f-acfd-4f21-a622-38c42e03a9ee;435.11;0.2;UNKNOWN
2016-02-29T01:31:42.000000;2016-02-29T01:31:42.000000;e3c29a97-0377-4a83-9f96-225cac0d6737;435.2;0.2;UNKNOWN
2016-02-29T01:31:42.000000;2016-02-29T01:31:42.000000;e2f04812-8adf-464d-93fc-8b7c562be1cc;435.45;3.36700337;UNKNOWN
2016-02-29T01:31:42.000000;2016-02-29T01:31:42.000000;0313e4b7-39f6-465b-95c5-15bfa971cd58;435.4;0.2;UNKNOWN
2016-02-29T01:31:42.000000;2016-02-29T01:31:42.000000;3dd57165-4d97-4bc5-9975-29978c0a56d8;435.27;0.2;UNKNOWN
2016-02-29T01:31:42.000000;2016-02-29T01:31:42.000000;2aa0515a-3825-42de-86fc-69bdbb4d8325;435.5;3.36700337;UNKNOWN
2016-02-29T01:31:42.000000;2016-02-29T01:31:42.000000;c88ea431-faa8-47e2-ab23-927f249cd061;435.42;3.36689;UNKNOWN
2016-02-29T01:31:43.000000;2016-02-29T01:31:43.000000;c3e691ea-1095-494e-8cfc-399576ac5949;435.0;3.36685222;UNKNOWN
2016-02-29T01:31:44.000000;2016-02-29T01:31:44.000000;e605c490-ec7b-42cb-bf44-27866caca59f;435.0;3.36685222;UNKNOWN
2016-02-29T01:31:46.000000;2016-02-29T01:31:46.000000;83fa8afe-9e48-4958-8b67-a8ea121a4c70;435.0;0.2;UNKNOWN
2016-02-29T01:31:48.000000;2016-02-29T01:31:48.000000;aedaddad-15cc-4892-a697-5b1902222588;435.0;0.01;UNKNOWN
2016-02-29T01:31:49.000000;2016-02-29T01:31:49.000000;a79cfa59-ab9e-43a8-bf6c-d08311ee2fe1;435.0;2.5;UNKNOWN
2016-02-29T01:31:51.000000;2016-02-29T01:31:51.000000;7ffb0bc1-c35b-4a86-a3e1-0a6c973c82ec;434.41;0.93;UNKNOWN
2016-02-29T01:31:51.000000;2016-02-29T01:31:51.000000;c85e3994-8afb-4111-ba73-a9fd1bf593b0;434.37;0.93;UNKNOWN
2016-02-29T01:31:51.000000;2016-02-29T01:31:51.000000;5d5b9aae-2233-4b3b-a805-b896851697d1;434.91;8.5533;UNKNOWN
2016-02-29T01:31:51.000000;2016-02-29T01:31:51.000000;669b5332-003e-41f0-8bd5-9a652af60501;434.33;0.93;UNKNOWN
2016-02-29T01:31:51.000000;2016-02-29T01:31:51.000000;fcb4d9b0-bf18-4972-8142-cd4f52dd3c4b;434.4;13.2977;UNKNOWN
2016-02-29T01:31:51.000000;2016-02-29T01:31:51.000000;4b05bfdb-abb7-4175-994f-5b78cd8cee7c;434.34;12.5;UNKNOWN
2016-02-29T01:31:51.000000;2016-02-29T01:31:51.000000;eaf23ee8-8620-436c-b979-3a5ee4a228b1;434.63;0.2;UNKNOWN
2016-02-29T01:31:51.000000;2016-02-29T01:31:51.000000;6a8c1b2c-3a89-43bf-8df4-070e5c3c3082;434.8;0.2;UNKNOWN
2016-02-29T01:31:51.000000;2016-02-29T01:31:51.000000;f40c6fb6-8da6-48ec-9d45-182c70bcc1c6;434.42;0.2;UNKNOWN
2016-02-29T01:31:51.000000;2016-02-29T01:31:51.000000;86f1047e-a53b-4414-bc14-ba2a5ce8f227;434.63;0.93;UNKNOWN
2016-02-29T01:31:51.000000;2016-02-29T01:31:51.000000;b79ce7a5-8a04-4acd-9e29-b7381ed5b5d6;434.42;0.2;UNKNOWN
2016-02-29T01:31:51.000000;2016-02-29T01:31:51.000000;17559d45-3d6a-45f7-8c09-5a6e7ce73129;434.72;0.2;UNKNOWN
2016-02-29T01:31:51.000000;2016-02-29T01:31:51.000000;17b1dc9e-9038-412f-8c3c-5ac32f491fe1;434.27;0.2;UNKNOWN
2016-02-29T01:31:51.000000;2016-02-29T01:31:51.000000;e4f08af0-4c4c-4f84-bcda-830bde72cee6;434.47;0.2;UNKNOWN
