time_exchange;time_coinpai;guid;price;base_amount;taker_side
2016-04-18T00:00:59.000000;2016-04-18T00:00:59.056456;cfaf266a-c49c-43e9-a8ae-492f488750c2;428.51;0.03;SELL
2016-04-18T00:00:59.000000;2016-04-18T00:00:59.056456;c7d3e7d4-ea7f-4d82-8cc6-e875ecb67315;428.51;0.03;SELL
2016-04-18T00:00:59.000000;2016-04-18T00:00:59.066458;11a94367-e372-46a2-848b-3c763421c555;428.51;0.03564295;SELL
2016-04-18T00:01:23.000000;2016-04-18T00:01:23.082858;b951ebef-3bd6-47d7-aec8-a4662d3fd5cb;428.52;0.53;BUY
2016-04-18T00:07:03.000000;2016-04-18T00:07:03.341889;387eb05d-d798-4761-8dac-05fd495c3ce3;428.51;0.09406059;SELL
2016-04-18T00:08:48.000000;2016-04-18T00:08:48.868423;2d7e6e58-30f2-4e04-9098-7193c5a1267f;428.52;0.47;BUY
2016-04-18T00:12:16.000000;2016-04-18T00:12:16.000000;48191afe-7aac-4837-bc63-fbd4c0e3c220;428.52;5.8186;UNKNOWN
2016-04-18T00:12:16.000000;2016-04-18T00:12:16.000000;c25529e6-4b0d-41b5-a856-3df7f33023b0;428.52;0.0863;UNKNOWN
2016-04-18T00:14:45.000000;2016-04-18T00:14:45.000000;11294a82-5030-4f78-b3a2-0bfefef495bf;428.8;2.9678384;UNKNOWN
2016-04-18T00:14:45.000000;2016-04-18T00:14:45.000000;bf9aa8e1-bb43-4b2e-a15b-f3d1d31be30d;428.89;6.9697;UNKNOWN
2016-04-18T00:14:45.000000;2016-04-18T00:14:45.000000;e0c66b25-13fc-4b96-9db6-ff2da58b1dcd;428.9;9.0624616;UNKNOWN
2016-04-18T00:14:57.000000;2016-04-18T00:14:57.000000;fc296b20-dc43-445c-ab8d-6595b53586d8;428.9;1.6695032;UNKNOWN
2016-04-18T00:15:11.000000;2016-04-18T00:15:11.000000;7f977d28-8323-4ffd-9d04-03abf9f6e2d7;428.99;1.8862;UNKNOWN
2016-04-18T00:15:11.000000;2016-04-18T00:15:11.000000;3e078a4b-6366-4100-abcb-d95f19c28344;428.93;0.25;UNKNOWN
2016-04-18T00:18:23.000000;2016-04-18T00:18:23.000000;e391bb12-0b41-4043-8641-4e40d22e8762;428.97;1.40150208;UNKNOWN
2016-04-18T00:20:21.000000;2016-04-18T00:20:21.000000;94520a64-871f-4dc0-a7c3-2c93b5d2d35d;429.0;0.46;UNKNOWN
2016-04-18T00:21:14.000000;2016-04-18T00:21:14.000000;b617e1f5-d741-463c-bb7e-c55fd94ca885;429.0;15.0;UNKNOWN
2016-04-18T00:21:34.000000;2016-04-18T00:21:34.000000;d9974846-7571-4b7a-9d4f-b9d9fcc89a68;429.0;5.0;UNKNOWN
2016-04-18T00:22:04.000000;2016-04-18T00:22:04.000000;cbaf382e-32bc-48b5-a72e-e1887685d321;428.98;0.09744128;UNKNOWN
2016-04-18T00:26:15.000000;2016-04-18T00:26:15.000000;30dee0ea-d5b1-4d65-abbe-49868f237477;429.0;0.501;UNKNOWN
2016-04-18T00:26:36.000000;2016-04-18T00:26:36.000000;21b21212-d316-40a4-b92f-caee30214c19;429.0;1.3;UNKNOWN
2016-04-18T00:26:42.000000;2016-04-18T00:26:42.000000;b1c34402-30fb-43a0-bc09-158216f26a3b;429.0;5.0;UNKNOWN
2016-04-18T00:27:09.000000;2016-04-18T00:27:09.000000;c71a992a-f2ef-4d74-9deb-3ee6635479c5;429.0;10.0;UNKNOWN
2016-04-18T00:28:01.000000;2016-04-18T00:28:01.000000;86dc121f-41c5-4175-a16f-b6ca5fcf9f2b;429.0;1.3;UNKNOWN
2016-04-18T00:28:11.000000;2016-04-18T00:28:11.000000;e9c409fc-9d6f-4c28-b397-08c290819ea0;429.0;6.1554;UNKNOWN
2016-04-18T00:28:45.000000;2016-04-18T00:28:45.000000;7ca33d1e-54f8-4bd9-8478-83337a380202;429.0;5.0;UNKNOWN
2016-04-18T00:28:49.000000;2016-04-18T00:28:49.000000;7c142814-3af6-4f8f-a21d-9247b94a1beb;429.48;1.7264;UNKNOWN
2016-04-18T00:28:49.000000;2016-04-18T00:28:49.000000;22e586ff-32c1-4b5a-a29d-d001232f389d;429.23;3.0;UNKNOWN
2016-04-18T00:28:49.000000;2016-04-18T00:28:49.000000;bdd0fee0-038c-41b3-9295-92e3e4778a33;429.0;0.2736;UNKNOWN
2016-04-18T00:29:48.000000;2016-04-18T00:29:48.000000;67ce4a56-b677-4087-b2b6-e0ada8604c2f;429.48;0.1164;UNKNOWN
2016-04-18T00:30:30.000000;2016-04-18T00:30:30.000000;b6c97fc6-ba4c-4a79-abee-f199c06c4e16;429.47;0.5;UNKNOWN
2016-04-18T00:37:07.000000;2016-04-18T00:37:07.000000;a3738768-fb53-48db-8199-92f2a9bf3079;429.48;9.8836;UNKNOWN
2016-04-18T00:37:07.000000;2016-04-18T00:37:07.000000;c1503a1b-fd6d-4c20-bb50-834281eeee54;429.49;9.1164;UNKNOWN
2016-04-18T00:37:40.000000;2016-04-18T00:37:40.000000;d3ea5e17-88c1-4e8c-b252-1676b041ac41;429.49;0.2;UNKNOWN
2016-04-18T00:39:50.000000;2016-04-18T00:39:50.000000;f75dbaac-a925-43b3-b0dd-1cb718152faf;429.49;0.0614;UNKNOWN
2016-04-18T00:41:15.000000;2016-04-18T00:41:15.000000;e45d620c-d55a-46a5-84b3-930a3a5861d7;429.49;2.8;UNKNOWN
2016-04-18T00:42:55.000000;2016-04-18T00:42:55.000000;7cb86d67-4492-453b-a629-625d458a112a;429.48;0.69991904;UNKNOWN
2016-04-18T00:43:35.000000;2016-04-18T00:43:35.000000;e7f7ed29-f23a-4c56-b470-abdc850390fe;429.48;1.1726419;UNKNOWN
2016-04-18T00:44:37.000000;2016-04-18T00:44:37.000000;2af4837e-b59b-4dd2-9d4b-4250e8558111;429.49;10.0;UNKNOWN
2016-04-18T00:44:42.000000;2016-04-18T00:44:42.000000;d6c336fd-926c-436a-a809-96b86ebb7b5c;429.57;0.01;UNKNOWN
2016-04-18T00:44:42.000000;2016-04-18T00:44:42.000000;c4ba5e2b-1079-4ebf-8b2e-467f49553757;429.93;0.25;UNKNOWN
2016-04-18T00:44:42.000000;2016-04-18T00:44:42.000000;a4843997-3451-4a90-ae32-2cbad39e291d;429.8;0.25;UNKNOWN
2016-04-18T00:44:42.000000;2016-04-18T00:44:42.000000;8faf0ab7-ce06-417b-9cbb-d4cbe14a74c0;429.77;0.011988;UNKNOWN
2016-04-18T00:44:42.000000;2016-04-18T00:44:42.000000;4dcf38b1-d3ce-409f-bdaf-c86e6c8b8dfe;429.99;0.25;UNKNOWN
2016-04-18T00:44:42.000000;2016-04-18T00:44:42.000000;b2ba026b-32c0-4395-9218-b5962779a439;430.0;0.21;UNKNOWN
2016-04-18T00:44:42.000000;2016-04-18T00:44:42.000000;bf190b33-b0cd-48d1-a9cc-2753b45eef1a;429.99;9.13;UNKNOWN
2016-04-18T00:44:42.000000;2016-04-18T00:44:42.000000;3e35f392-98c8-49ad-b993-d24e00785728;429.58;0.25;UNKNOWN
2016-04-18T00:44:42.000000;2016-04-18T00:44:42.000000;0a14265e-d16b-497e-b021-bba32890f70c;429.49;2.8122;UNKNOWN
2016-04-18T00:44:42.000000;2016-04-18T00:44:42.000000;9f217e48-9dcf-41b3-9a88-8006109e9e91;429.98;0.25;UNKNOWN
2016-04-18T00:44:42.000000;2016-04-18T00:44:42.000000;7ff75c9f-2cdd-467a-bb2d-6da3d3c1f03d;429.8;0.25;UNKNOWN
2016-04-18T00:44:42.000000;2016-04-18T00:44:42.000000;deab0110-e16f-4b69-8475-6e5c8001e5d4;429.9;1.17143877;UNKNOWN
2016-04-18T00:44:42.000000;2016-04-18T00:44:42.000000;be1e0107-929e-4fe4-86a2-2f25eafb5f85;430.0;0.0372;UNKNOWN
2016-04-18T00:44:42.000000;2016-04-18T00:44:42.000000;6acf1d25-cc01-4d49-bdf2-02b18bb21611;429.49;0.25;UNKNOWN
2016-04-18T00:44:42.000000;2016-04-18T00:44:42.000000;70efcfa0-e8fe-4c23-b17d-54f9e34f8bf3;429.92;0.05;UNKNOWN
2016-04-18T00:44:42.000000;2016-04-18T00:44:42.000000;72572b5d-0ed4-4b92-b59c-81bcbf876d7f;429.49;0.25;UNKNOWN
2016-04-18T00:44:42.000000;2016-04-18T00:44:42.000000;87fc6de0-f2dc-4de9-9bcd-bc5e5d321b4b;430.0;10.0;UNKNOWN
2016-04-18T00:44:42.000000;2016-04-18T00:44:42.000000;5f071aeb-15ff-4aed-a7cc-21f894d1985a;429.99;24.99;UNKNOWN
2016-04-18T00:44:42.000000;2016-04-18T00:44:42.000000;d4b754a0-c49c-4e75-aecd-198a2214dc13;429.5;5.0;UNKNOWN
2016-04-18T00:44:42.000000;2016-04-18T00:44:42.000000;49d5493e-cec0-42a8-bb14-e82a8bf0aa5b;429.98;9.45;UNKNOWN
2016-04-18T00:44:42.000000;2016-04-18T00:44:42.000000;300b9bc5-b541-488f-bc56-6f586f21c55b;429.52;0.25;UNKNOWN
2016-04-18T00:44:42.000000;2016-04-18T00:44:42.000000;ec7b221b-1ec0-4e2d-a4f1-a32a18c059b8;429.77;0.25;UNKNOWN
2016-04-18T00:44:42.000000;2016-04-18T00:44:42.000000;cf0eaa4a-bce8-4424-aed2-966625e103cf;429.8;0.25;UNKNOWN
2016-04-18T00:44:42.000000;2016-04-18T00:44:42.000000;be3d3bd0-3ddc-419a-8415-30d6b8e94c0f;429.79;0.25;UNKNOWN
2016-04-18T00:44:42.000000;2016-04-18T00:44:42.000000;894c82cf-b200-4b50-8b2e-4694c7361dcd;429.8;0.25;UNKNOWN
2016-04-18T00:44:42.000000;2016-04-18T00:44:42.000000;1f3c78ef-f1b9-4874-9f15-971ae74d5eb0;429.99;0.25;UNKNOWN
2016-04-18T00:44:42.000000;2016-04-18T00:44:42.000000;1dd37f50-d418-4821-ab3b-9633e93f5491;430.0;33.37717323;UNKNOWN
2016-04-18T00:44:42.000000;2016-04-18T00:44:42.000000;18416061-ec1d-4ae3-a056-c24b34c08458;430.0;5.0;UNKNOWN
2016-04-18T00:44:42.000000;2016-04-18T00:44:42.000000;42708951-d0dd-4854-bca8-99f34a9dd2cc;429.99;0.25;UNKNOWN
2016-04-18T00:45:21.000000;2016-04-18T00:45:21.000000;1aed28a7-e9f9-488e-a452-e0f606cfabe5;430.0;3.0;UNKNOWN
2016-04-18T00:45:27.000000;2016-04-18T00:45:27.000000;5d204a2a-9b78-4a71-89cd-4aee653c225f;430.0;0.25;UNKNOWN
2016-04-18T00:45:35.000000;2016-04-18T00:45:35.000000;ed5915d9-6d6e-4a56-af37-9ecc36bd1330;429.94;0.67590858;UNKNOWN
2016-04-18T00:48:41.000000;2016-04-18T00:48:41.000000;d42cf366-c249-4ea8-bb99-d67734b77911;429.97;0.2778;UNKNOWN
2016-04-18T00:49:40.000000;2016-04-18T00:49:40.000000;6794f43f-b669-4c01-8cd4-13c8a01cbcc0;430.0;0.16886822;UNKNOWN
2016-04-18T00:49:40.000000;2016-04-18T00:49:40.000000;c47334b3-5c9d-468a-a2a9-004439397655;430.0;0.16886822;UNKNOWN
2016-04-18T00:49:41.000000;2016-04-18T00:49:41.000000;1e70ebd0-6a12-41fe-b8c8-fc8acca29f16;430.0;0.16886822;UNKNOWN
2016-04-18T00:49:42.000000;2016-04-18T00:49:42.000000;d83c06c9-f756-4bae-a3a5-683d550c9c45;430.0;0.16911535;UNKNOWN
2016-04-18T00:49:42.000000;2016-04-18T00:49:42.000000;034b5bcb-05da-45e6-9005-082c53924c8a;430.0;0.16886822;UNKNOWN
2016-04-18T00:49:43.000000;2016-04-18T00:49:43.000000;c3e5ef41-4563-44d8-80eb-9fecec71f96b;430.0;0.16886822;UNKNOWN
2016-04-18T00:49:43.000000;2016-04-18T00:49:43.000000;91c6bc7f-97c6-4adc-a6dc-4f9276587f7d;430.0;0.16886822;UNKNOWN
2016-04-18T00:49:45.000000;2016-04-18T00:49:45.000000;a758af12-ef4e-4c50-a430-5fc4a7d5ef70;430.0;0.12262837;UNKNOWN
2016-04-18T00:50:00.000000;2016-04-18T00:50:00.000000;ea796f74-1f02-44e3-96f2-123bd88d7783;429.97;2.2778;UNKNOWN
2016-04-18T00:50:00.000000;2016-04-18T00:50:00.000000;3a292fb8-84d1-44c3-9c80-1491f5fa7273;429.97;7.7222;UNKNOWN
2016-04-18T00:50:09.000000;2016-04-18T00:50:09.000000;394b4116-0504-483d-8c49-d8dc403cad62;430.0;0.18394255;UNKNOWN
2016-04-18T00:50:10.000000;2016-04-18T00:50:10.000000;dc59964c-292e-46ed-9beb-6f7bca177d4f;430.0;0.08361181;UNKNOWN
2016-04-18T00:50:10.000000;2016-04-18T00:50:10.000000;977f90fc-247b-4e8b-96ed-58892d901235;430.0;0.18394255;UNKNOWN
2016-04-18T00:50:11.000000;2016-04-18T00:50:11.000000;4df78ba7-fc03-4473-8546-42ec3e5ba252;430.0;0.08361181;UNKNOWN
2016-04-18T00:50:12.000000;2016-04-18T00:50:12.000000;c64f49be-7067-4934-9479-971a6ff48917;430.0;0.06254832;UNKNOWN
2016-04-18T00:50:13.000000;2016-04-18T00:50:13.000000;e1b9a97c-11d0-4c85-9021-18d732a81694;430.0;0.02106349;UNKNOWN
2016-04-18T00:50:41.000000;2016-04-18T00:50:41.000000;aa3fe874-4a5c-473c-a570-02549b6db520;429.96;0.467012;UNKNOWN
2016-04-18T00:50:41.000000;2016-04-18T00:50:41.000000;792184eb-6b7e-47d5-a330-186a7d392ff6;429.97;0.062988;UNKNOWN
2016-04-18T00:50:44.000000;2016-04-18T00:50:44.000000;4621de98-e988-48de-a597-e969e48e2bec;429.96;1.0;UNKNOWN
2016-04-18T00:51:15.000000;2016-04-18T00:51:15.000000;d4f446d6-7c07-4954-a47d-407b46574914;429.96;1.0;UNKNOWN
2016-04-18T00:51:27.000000;2016-04-18T00:51:27.000000;29384275-37e0-4c8b-aa33-3f5d10e17a15;429.75;0.770912;UNKNOWN
2016-04-18T00:51:27.000000;2016-04-18T00:51:27.000000;6057ff04-d358-43ca-931c-9c9c159c6148;429.96;0.862988;UNKNOWN
2016-04-18T00:51:45.000000;2016-04-18T00:51:45.000000;a6f36403-a55c-43cf-9580-42a71e05e1b2;429.77;1.0;UNKNOWN
2016-04-18T00:53:35.000000;2016-04-18T00:53:35.000000;d97ab581-6902-466e-ad38-2359ad36e485;429.55;0.233;UNKNOWN
2016-04-18T00:53:35.000000;2016-04-18T00:53:35.000000;f56aaf77-16e8-4459-98a8-b060f288260e;429.55;0.15491;UNKNOWN
2016-04-18T00:54:23.000000;2016-04-18T00:54:23.000000;8a21c3f4-561d-4cce-9b0b-33ddab2d1458;429.59;0.15046356;UNKNOWN
2016-04-18T00:55:01.000000;2016-04-18T00:55:01.000000;ee87fdd2-09be-447a-9617-1c44e21681d1;429.79;0.69;UNKNOWN
2016-04-18T00:55:44.000000;2016-04-18T00:55:44.000000;b6b024e2-7af1-4184-bfff-4b1af0e079a9;429.71;1.0;UNKNOWN
2016-04-18T00:56:04.000000;2016-04-18T00:56:04.000000;b1c40c35-36a9-480c-8506-dd57c862d857;429.71;0.07539153;UNKNOWN
2016-04-18T00:56:15.000000;2016-04-18T00:56:15.000000;b7d2a777-67e6-4290-9e1b-a7bcdf800fa2;429.74;1.0;UNKNOWN
2016-04-18T00:56:44.000000;2016-04-18T00:56:44.000000;b886e573-14fe-43da-bb81-74909c058b2b;429.74;0.84689816;UNKNOWN
2016-04-18T00:57:01.000000;2016-04-18T00:57:01.000000;414d270e-10bc-401f-8b5f-01801c0e0d90;429.74;0.1;UNKNOWN
2016-04-18T00:58:15.000000;2016-04-18T00:58:15.000000;d035df46-305f-4af0-8040-bf4f9a408e38;429.74;0.04859162;UNKNOWN
2016-04-18T00:59:00.000000;2016-04-18T00:59:00.000000;be8ead9d-ad05-4516-af62-75d3fc251004;429.59;0.48959162;UNKNOWN
2016-04-18T00:59:00.000000;2016-04-18T00:59:00.000000;3e623dbc-e885-4a39-82d4-a7b5a6b65e61;429.74;0.85140838;UNKNOWN
2016-04-18T00:59:00.000000;2016-04-18T00:59:00.000000;43859788-ea7f-4b1e-a989-4f8b5d8db1da;429.72;1.0;UNKNOWN
2016-04-18T00:59:42.000000;2016-04-18T00:59:42.000000;37d22990-1069-4c41-9fe6-7b5777a33340;429.53;1.0;UNKNOWN
2016-04-18T00:59:43.000000;2016-04-18T00:59:43.000000;2981fb93-f851-4ed9-8aa3-d9b28d14d9c8;429.53;0.15155736;UNKNOWN
2016-04-18T01:00:06.000000;2016-04-18T01:00:06.000000;e876460d-6cb1-43d9-b542-4fa7eaa07933;429.53;0.07545843;UNKNOWN
2016-04-18T01:00:49.000000;2016-04-18T01:00:49.000000;ca7b3eab-1cae-4326-a4d8-c4301b30a60b;429.54;0.01;UNKNOWN
2016-04-18T01:02:15.000000;2016-04-18T01:02:15.000000;3620d5a0-c518-4282-a643-055664a2c829;429.53;1.27137158;UNKNOWN
2016-04-18T01:02:42.000000;2016-04-18T01:02:42.000000;a82a54e0-b911-44cb-b3e8-dca6a622b656;429.53;0.2332;UNKNOWN
2016-04-18T01:04:04.000000;2016-04-18T01:04:04.000000;ce5cebbd-cfb9-4154-b8a3-11eb7679b10b;429.54;0.16906315;UNKNOWN
2016-04-18T01:04:06.000000;2016-04-18T01:04:06.000000;b73cc6bd-4b8e-4714-8748-c702f00a1f09;429.54;0.10792707;UNKNOWN
2016-04-18T01:04:41.000000;2016-04-18T01:04:41.000000;66f0cdb7-7389-465c-8a88-41c6ddeab2b5;429.53;0.5;UNKNOWN
2016-04-18T01:05:11.000000;2016-04-18T01:05:11.000000;f5cb41b5-28aa-4e2a-a4f4-ac03662e0278;429.53;0.5;UNKNOWN
2016-04-18T01:05:37.000000;2016-04-18T01:05:37.000000;3c09558b-92e8-44d7-b2b4-8c8ad9cf3063;429.53;0.11;UNKNOWN
2016-04-18T01:06:04.000000;2016-04-18T01:06:04.000000;48536aca-c541-4fad-8573-2694b4f72950;429.53;1.88517272;UNKNOWN
2016-04-18T01:06:30.000000;2016-04-18T01:06:30.000000;176fd4c9-96cc-43c3-9fe5-f21194fe02b3;429.53;0.11253633;UNKNOWN
2016-04-18T01:06:32.000000;2016-04-18T01:06:32.000000;c98a0391-e19a-458c-86b7-219178e33bd9;429.53;0.11253633;UNKNOWN
2016-04-18T01:06:50.000000;2016-04-18T01:06:50.000000;dcce8a67-c0b9-4317-b2eb-bae152048f44;429.54;0.01300978;UNKNOWN
2016-04-18T01:06:50.000000;2016-04-18T01:06:50.000000;e35b0f92-5078-4c60-8b37-3a8346d8e162;429.55;0.15632077;UNKNOWN
2016-04-18T01:08:04.000000;2016-04-18T01:08:04.000000;f6f62d8c-0874-4216-9f65-3d3b87eaa758;429.54;0.42281526;UNKNOWN
2016-04-18T01:08:13.000000;2016-04-18T01:08:13.000000;cf575f15-cf3e-4740-882c-7ee775816259;429.55;0.10999644;UNKNOWN
2016-04-18T01:08:27.000000;2016-04-18T01:08:27.000000;cfe03146-4bdb-4d95-b580-1241b077945f;429.55;0.0115306;UNKNOWN
2016-04-18T01:09:10.000000;2016-04-18T01:09:10.000000;1ad74d7c-4e8f-494a-97e9-10a5417b5ddf;429.55;1.0;UNKNOWN
2016-04-18T01:11:23.000000;2016-04-18T01:11:23.000000;a5c76de1-ce8f-4418-9300-a84b63f1c83e;429.54;0.5;UNKNOWN
2016-04-18T01:11:52.000000;2016-04-18T01:11:52.000000;724ce628-b09b-4d13-9bee-5fafee55dbcc;429.54;0.2;UNKNOWN
2016-04-18T01:12:37.000000;2016-04-18T01:12:37.000000;d58aae24-c8c1-4f5c-afc6-37e66ae7a970;429.54;3.81472364;UNKNOWN
2016-04-18T01:12:37.000000;2016-04-18T01:12:37.000000;14268587-425c-495b-b873-532e00d05b03;429.54;4.3180246;UNKNOWN
2016-04-18T01:14:23.000000;2016-04-18T01:14:23.000000;7c052d5a-fc7d-4f2e-8bf2-31e885e2c848;429.55;0.01;UNKNOWN
2016-04-18T01:19:12.000000;2016-04-18T01:19:12.000000;cc76cac1-4563-433a-9a19-f27aece440e8;429.53;0.02332791;UNKNOWN
2016-04-18T01:19:54.000000;2016-04-18T01:19:54.000000;13f60f07-6f2a-404a-b1ec-5973c4b4c00b;429.54;1.0;UNKNOWN
2016-04-18T01:20:20.000000;2016-04-18T01:20:20.000000;0415e3e5-e948-4d4d-863a-b61f6ef9c852;429.54;5.7;UNKNOWN
2016-04-18T01:22:43.000000;2016-04-18T01:22:43.000000;994cb326-7e13-4213-8ee7-06dc25e0cead;429.55;0.18413525;UNKNOWN
2016-04-18T01:25:03.000000;2016-04-18T01:25:03.000000;6f3df1a5-5999-4be5-a086-9343013eb9ad;429.53;0.0167;UNKNOWN
2016-04-18T01:25:15.000000;2016-04-18T01:25:15.000000;e1212e6c-ba9e-436e-9b17-a63eeb2be2e8;429.54;1.29235;UNKNOWN
2016-04-18T01:25:32.000000;2016-04-18T01:25:32.000000;627c4fa0-5876-4e40-b53d-cebf0f06ddbc;429.53;0.02497527;UNKNOWN
2016-04-18T01:26:15.000000;2016-04-18T01:26:15.000000;1b3cd2c8-1b77-449c-ae4f-3c42321420bb;429.53;0.02332791;UNKNOWN
2016-04-18T01:28:50.000000;2016-04-18T01:28:50.000000;9748f4e3-f7ea-442c-b280-3b2335fe38bf;429.53;3.0;UNKNOWN
2016-04-18T01:38:32.000000;2016-04-18T01:38:32.000000;88fe92ba-89f5-43a5-86d2-f9e0974634ee;429.54;0.57975;UNKNOWN
2016-04-18T01:38:47.000000;2016-04-18T01:38:47.000000;a5ced3a4-97e5-478e-aed4-75348d6900cf;429.54;3.0;UNKNOWN
2016-04-18T01:38:57.000000;2016-04-18T01:38:57.000000;86038af8-7f43-4adb-9d3b-0dfd8c75d540;429.54;0.5;UNKNOWN
2016-04-18T01:39:35.000000;2016-04-18T01:39:35.000000;d69f5b49-a4d4-49e6-a015-d2f6e209ccb1;429.54;0.11494423;UNKNOWN
2016-04-18T01:40:00.000000;2016-04-18T01:40:00.000000;43611751-ec57-4a64-9972-19c4ce035b5d;429.55;0.05555277;UNKNOWN
2016-04-18T01:40:03.000000;2016-04-18T01:40:03.000000;0871c80b-b8bb-4db4-bdde-32f1242d3198;429.55;0.02968531;UNKNOWN
2016-04-18T01:40:32.000000;2016-04-18T01:40:32.000000;1734c1d5-1b9b-4449-82d4-3767b784d7bd;429.54;0.09006377;UNKNOWN
2016-04-18T01:42:47.000000;2016-04-18T01:42:47.000000;fbb44172-23e8-402c-9440-c3d7f0dea2ed;429.54;0.0206;UNKNOWN
2016-04-18T01:45:30.000000;2016-04-18T01:45:30.000000;838d4930-fe52-4466-8009-f25c64f707eb;429.53;0.08995624;UNKNOWN
2016-04-18T01:45:31.000000;2016-04-18T01:45:31.000000;75756876-2cdb-44e8-b045-d4c3bc06d482;429.53;0.09002087;UNKNOWN
2016-04-18T01:45:38.000000;2016-04-18T01:45:38.000000;e0c06fbc-466a-48aa-93b9-ad031c03016d;429.53;0.08995724;UNKNOWN
2016-04-18T01:45:38.000000;2016-04-18T01:45:38.000000;40ec1a90-e2d8-4fcf-881c-5697c2b046c1;429.53;0.2116521;UNKNOWN
2016-04-18T01:46:11.000000;2016-04-18T01:46:11.000000;0af1f7d7-c3be-40f9-9db3-13fb6b660ffe;429.54;0.090195;UNKNOWN
2016-04-18T01:46:13.000000;2016-04-18T01:46:13.000000;9dc297ee-c04d-4a9c-8bc4-c4266ba7f5f8;429.53;0.76496079;UNKNOWN
2016-04-18T01:46:13.000000;2016-04-18T01:46:13.000000;6d2dbc4d-e417-407e-aad7-9b454cf85940;429.54;0.909805;UNKNOWN
2016-04-18T01:47:57.000000;2016-04-18T01:47:57.000000;49c3b862-cbc7-4a1e-b09e-382db1567b9d;429.53;0.06282949;UNKNOWN
2016-04-18T01:47:58.000000;2016-04-18T01:47:58.000000;1663e585-1ea1-4d3c-ae86-8988e2b6a18b;429.53;0.08625415;UNKNOWN
2016-04-18T01:47:59.000000;2016-04-18T01:47:59.000000;223e0746-7ed8-4758-a8a1-b3d0cde3442b;429.53;0.08625415;UNKNOWN
2016-04-18T01:47:59.000000;2016-04-18T01:47:59.000000;dfd3f173-6e9a-48e3-b883-2ca4d9e0c201;429.53;0.02201341;UNKNOWN
2016-04-18T01:47:59.000000;2016-04-18T01:47:59.000000;57fdf200-f747-4b97-a7e3-430a83a93251;429.53;0.08679322;UNKNOWN
2016-04-18T01:48:01.000000;2016-04-18T01:48:01.000000;a86d2b41-2388-450f-9e8f-7415008fe4fe;429.53;0.06282949;UNKNOWN
2016-04-18T01:48:03.000000;2016-04-18T01:48:03.000000;c7276dc5-4dac-4f5a-9ce0-d482c4a1d8e6;429.53;0.07087588;UNKNOWN
2016-04-18T01:49:04.000000;2016-04-18T01:49:04.000000;a051beea-4a61-44fa-95c8-45753b340aa8;429.53;0.30605;UNKNOWN
2016-04-18T01:53:56.000000;2016-04-18T01:53:56.000000;82abc79f-53e6-495f-a53a-133f1e978772;429.54;2.0;UNKNOWN
2016-04-18T01:53:58.000000;2016-04-18T01:53:58.000000;2b4972bc-0a6e-4038-8543-612b85a09fe1;429.54;2.0;UNKNOWN
2016-04-18T01:53:59.000000;2016-04-18T01:53:59.000000;52c86871-f314-4c1e-9944-1eb588af6402;429.54;2.0;UNKNOWN
2016-04-18T01:54:01.000000;2016-04-18T01:54:01.000000;e8cc5f41-7777-4c0d-827e-02a4111a98da;429.54;0.14797584;UNKNOWN
2016-04-18T01:54:05.000000;2016-04-18T01:54:05.000000;5f6ec8d6-3b90-4e85-86bc-09a699a5dcd4;429.54;0.07261827;UNKNOWN
2016-04-18T01:54:05.000000;2016-04-18T01:54:05.000000;2350a54c-b5f1-458b-ac2f-d91adffa7928;429.54;2.0;UNKNOWN
2016-04-18T01:54:09.000000;2016-04-18T01:54:09.000000;7721d8de-f282-4ab7-9f8c-9313fb66b86a;429.54;0.06605323;UNKNOWN
2016-04-18T01:54:51.000000;2016-04-18T01:54:51.000000;5ef53cf4-ab8b-40fc-bea9-82136e4ab41f;429.54;0.06611382;UNKNOWN
2016-04-18T01:54:55.000000;2016-04-18T01:54:55.000000;d7141f50-5591-494a-b4e9-a09689f31c2a;429.54;0.06611382;UNKNOWN
2016-04-18T01:54:57.000000;2016-04-18T01:54:57.000000;ae265945-8c10-455d-a7b5-dd54b2048ba7;429.54;0.06611382;UNKNOWN
2016-04-18T01:55:00.000000;2016-04-18T01:55:00.000000;628c2b67-62cd-40b4-8b21-d681405438e8;429.54;0.02617068;UNKNOWN
2016-04-18T01:55:00.000000;2016-04-18T01:55:00.000000;e0c88623-c9bd-4724-ad1c-cd7c52c62900;429.54;0.05733756;UNKNOWN
2016-04-18T01:55:03.000000;2016-04-18T01:55:03.000000;72cbce39-24ea-4102-9c38-c53814ce9294;429.54;0.03453648;UNKNOWN
2016-04-18T01:55:07.000000;2016-04-18T01:55:07.000000;261f529d-137e-445d-91e2-edb73f52ef99;429.54;0.06611382;UNKNOWN
2016-04-18T01:55:10.000000;2016-04-18T01:55:10.000000;1a72ced9-786e-4149-8894-4be1b1b87ea5;429.54;0.06611382;UNKNOWN
2016-04-18T01:55:27.000000;2016-04-18T01:55:27.000000;a4d22d13-a8e9-42fa-94c9-969458b29645;429.54;0.04665474;UNKNOWN
2016-04-18T01:56:32.000000;2016-04-18T01:56:32.000000;e7de1fe5-e9bb-4eed-b492-205c1040f5d3;429.54;0.22880466;UNKNOWN
2016-04-18T01:56:32.000000;2016-04-18T01:56:32.000000;54a1b7b9-3503-4fd2-8f6e-849ba18ae0f8;429.54;0.91923387;UNKNOWN
2016-04-18T01:57:06.000000;2016-04-18T01:57:06.000000;6cb3e51b-4d4a-428d-81d7-3c622ccd3551;429.54;0.39407074;UNKNOWN
2016-04-18T01:57:35.000000;2016-04-18T01:57:35.000000;47d83993-08f5-4dbb-8715-b66bd507c46f;429.54;1.99997097;UNKNOWN
2016-04-18T01:58:00.000000;2016-04-18T01:58:00.000000;8b542171-9a95-4c7d-a411-a1bc107501a8;429.55;0.5261;UNKNOWN
2016-04-18T02:01:04.000000;2016-04-18T02:01:04.000000;a7f6f4a5-7366-481f-9247-918bef3d5426;429.54;0.070247;UNKNOWN
2016-04-18T02:01:30.000000;2016-04-18T02:01:30.000000;723bf69d-bca7-4973-a1c6-cab785ec5614;429.54;0.62807582;UNKNOWN
2016-04-18T02:01:30.000000;2016-04-18T02:01:30.000000;610b1854-c353-4943-8d91-3cc1267db2a9;429.54;0.06192418;UNKNOWN
2016-04-18T02:01:58.000000;2016-04-18T02:01:58.000000;0aecb834-1298-4ad1-8e48-f5f207a9e125;429.55;7.91667886;UNKNOWN
2016-04-18T02:01:58.000000;2016-04-18T02:01:58.000000;fe678a90-89da-4775-b10b-a4474691dd7a;429.9;62.08332114;UNKNOWN
2016-04-18T02:02:38.000000;2016-04-18T02:02:38.000000;9023d57c-6490-4310-b200-49589bcc29f9;429.86;0.35571327;UNKNOWN
2016-04-18T02:02:38.000000;2016-04-18T02:02:38.000000;105c84cb-2108-479c-9137-68d17475abe7;429.87;0.232;UNKNOWN
2016-04-18T02:02:45.000000;2016-04-18T02:02:45.000000;33110364-8bd3-435b-b2f9-2f820f98d9af;429.9;0.02392786;UNKNOWN
2016-04-18T02:02:47.000000;2016-04-18T02:02:47.000000;41efe24d-e5a0-462a-9fc8-dd261dbcf50e;429.87;2.66877063;UNKNOWN
2016-04-18T02:03:04.000000;2016-04-18T02:03:04.000000;0efb978c-966c-4743-a22b-a825f7843030;429.88;0.70182006;UNKNOWN
2016-04-18T02:03:30.000000;2016-04-18T02:03:30.000000;b5e4b677-9748-44f1-af71-3f82e25238bd;429.88;0.1;UNKNOWN
2016-04-18T02:03:55.000000;2016-04-18T02:03:55.000000;5a9fd9fd-9636-4a5f-9730-646c3b2f1846;429.88;0.1;UNKNOWN
2016-04-18T02:05:03.000000;2016-04-18T02:05:03.000000;482dfc40-2fc8-43f1-9579-cd97a9552fa0;429.87;0.075075;UNKNOWN
2016-04-18T02:09:21.000000;2016-04-18T02:09:21.000000;0cd42b37-cf6c-4c6c-8307-ce46769a4a90;429.88;0.09817994;UNKNOWN
2016-04-18T02:09:37.000000;2016-04-18T02:09:37.000000;f44f9e01-68d8-4403-891f-fc78be23d8cf;429.9;0.52926596;UNKNOWN
2016-04-18T02:10:19.000000;2016-04-18T02:10:19.000000;05fd755c-9e60-45c6-ba1d-eced3a294bf0;429.89;0.36982881;UNKNOWN
2016-04-18T02:10:19.000000;2016-04-18T02:10:19.000000;bbe6b403-d53b-4de6-ae4e-d5e8d98736c6;429.89;0.36983511;UNKNOWN
2016-04-18T02:16:06.000000;2016-04-18T02:16:06.000000;c8394824-9b87-4254-891b-ba2c1bb235cb;429.89;0.59011272;UNKNOWN
2016-04-18T02:16:06.000000;2016-04-18T02:16:06.000000;3488f8d4-52dd-4b28-9de4-891971bd4bff;429.89;0.08556993;UNKNOWN
2016-04-18T02:16:41.000000;2016-04-18T02:16:41.000000;ff4b547f-8372-413b-b3aa-170d993ed1a4;429.9;10.0;UNKNOWN
2016-04-18T02:19:18.000000;2016-04-18T02:19:18.000000;53455416-e13b-4c5e-9785-cb6dbb9e25b4;429.9;7.42374994;UNKNOWN
2016-04-18T02:20:24.000000;2016-04-18T02:20:24.000000;f50c8346-89ed-4ebd-b4b8-4b33f751d1cd;429.89;0.6821;UNKNOWN
2016-04-18T02:20:24.000000;2016-04-18T02:20:24.000000;83ebd09d-18fc-4b50-b50f-67702bfdc1a7;429.89;0.3179;UNKNOWN
2016-04-18T02:21:05.000000;2016-04-18T02:21:05.000000;c85002d0-5ea8-476a-a9f4-d638061621ec;429.9;0.6;UNKNOWN
2016-04-18T02:23:07.000000;2016-04-18T02:23:07.000000;0f39cfe2-7d7d-4aeb-9991-75c628f245b7;429.9;10.0;UNKNOWN
2016-04-18T02:23:35.000000;2016-04-18T02:23:35.000000;8f0e8a25-a73f-4fc4-af23-b50fc0006bbd;429.9;0.1;UNKNOWN
2016-04-18T02:23:44.000000;2016-04-18T02:23:44.000000;9cc080e5-647c-4efa-b54e-62115d715f4e;429.9;0.1;UNKNOWN
2016-04-18T02:26:59.000000;2016-04-18T02:26:59.000000;957d548f-8fd5-49db-a2fe-8bc16c400be7;429.89;2.55881671;UNKNOWN
2016-04-18T02:28:18.000000;2016-04-18T02:28:18.000000;13c885b5-fb93-4f61-86e6-cc42eb62b591;429.9;0.05;UNKNOWN
2016-04-18T02:28:29.000000;2016-04-18T02:28:29.000000;fff2b823-b5a8-4300-af1f-fc5f4115c467;429.9;0.02;UNKNOWN
2016-04-18T02:31:04.000000;2016-04-18T02:31:04.000000;8a44f821-90f1-4603-ab2a-e7fea9fce4cb;429.9;0.01;UNKNOWN
2016-04-18T02:32:04.000000;2016-04-18T02:32:04.000000;4b9cd48c-e6dc-4f62-8e6d-e54d12b45cbf;429.89;0.14258098;UNKNOWN
2016-04-18T02:33:11.000000;2016-04-18T02:33:11.000000;84dca198-42fa-4a85-9902-eb8cfb15bd84;429.89;0.125;UNKNOWN
2016-04-18T02:33:56.000000;2016-04-18T02:33:56.000000;a9505e1c-22a7-418a-963d-636570dfd7e9;429.89;8.132355;UNKNOWN
2016-04-18T02:36:47.000000;2016-04-18T02:36:47.000000;9122a675-5fbb-4873-9d18-29812805c6e7;429.89;0.04770218;UNKNOWN
2016-04-18T02:38:31.000000;2016-04-18T02:38:31.000000;d6a99b04-6462-4c85-9fa5-eec9b483d2b5;429.89;0.08197225;UNKNOWN
2016-04-18T02:39:03.000000;2016-04-18T02:39:03.000000;7657e181-48e4-46fc-8b4a-bc1f0cd92fbc;429.89;0.1481;UNKNOWN
2016-04-18T02:41:52.000000;2016-04-18T02:41:52.000000;2f01d554-cfd5-4bd5-8305-acb1b71ee164;429.89;0.04195508;UNKNOWN
2016-04-18T02:43:53.000000;2016-04-18T02:43:53.000000;7b356451-6fcd-4048-8850-d5796634e830;429.89;0.00094866;UNKNOWN
2016-04-18T02:43:53.000000;2016-04-18T02:43:53.000000;ba24e259-6f72-477e-85ee-e0dac5394da6;429.89;0.02098192;UNKNOWN
2016-04-18T02:47:03.000000;2016-04-18T02:47:03.000000;0937f23b-e151-4bd3-b01d-a9a7265b1c18;429.89;0.09323352;UNKNOWN
2016-04-18T02:47:35.000000;2016-04-18T02:47:35.000000;f90f49a5-858a-4e9e-b55c-06bf6c7f5f98;429.89;0.04634;UNKNOWN
2016-04-18T02:49:04.000000;2016-04-18T02:49:04.000000;300e8d3e-fed9-48dd-8757-eb463101f5c0;429.87;0.14008029;UNKNOWN
2016-04-18T02:49:04.000000;2016-04-18T02:49:04.000000;4f7a1751-e6ce-4dd4-bce0-c0c6bf5fd749;429.89;0.01;UNKNOWN
2016-04-18T02:49:05.000000;2016-04-18T02:49:05.000000;793093be-f250-4a5d-859c-a751f671ccd3;429.87;0.15008029;UNKNOWN
2016-04-18T02:49:47.000000;2016-04-18T02:49:47.000000;a1a33d07-e248-4fe4-9856-4f1703f741f5;429.87;1.0;UNKNOWN
2016-04-18T02:50:51.000000;2016-04-18T02:50:51.000000;2c376420-ae7c-4fa3-9a5c-9fdc076578ad;429.9;4.6617;UNKNOWN
2016-04-18T02:55:20.000000;2016-04-18T02:55:20.000000;5f672f41-e42d-4f92-b56e-f6a42fbdd2d4;429.89;0.18895788;UNKNOWN
2016-04-18T02:56:23.000000;2016-04-18T02:56:23.000000;c34e571a-a275-4eeb-8566-d49623d317fb;429.89;0.20678023;UNKNOWN
2016-04-18T02:56:45.000000;2016-04-18T02:56:45.000000;bbf91613-854e-46ad-96ad-ca07a788af1c;429.89;0.19483368;UNKNOWN
2016-04-18T02:57:00.000000;2016-04-18T02:57:00.000000;f2b5c92c-2743-4c02-9eba-b4a78c26ddc1;429.89;0.16840692;UNKNOWN
2016-04-18T02:57:16.000000;2016-04-18T02:57:16.000000;4fd1be15-581e-4729-9525-1b588504c5e0;429.89;0.11862474;UNKNOWN
2016-04-18T02:57:53.000000;2016-04-18T02:57:53.000000;889be24b-71ba-4748-978f-8b43a6c132a2;429.89;4.0;UNKNOWN
2016-04-18T02:58:04.000000;2016-04-18T02:58:04.000000;40319c6a-79cb-4799-97e2-d46257485ee9;429.9;0.1;UNKNOWN
2016-04-18T02:59:06.000000;2016-04-18T02:59:06.000000;30804f24-e7b4-4bad-9feb-25aac577a72c;429.89;0.0734662;UNKNOWN
2016-04-18T02:59:07.000000;2016-04-18T02:59:07.000000;98d0c02a-b381-4d22-ae12-50f275a50837;429.89;0.11590304;UNKNOWN
2016-04-18T02:59:20.000000;2016-04-18T02:59:20.000000;3d9e6d21-8a53-4cc3-85ff-2e137c81060b;429.89;0.17238332;UNKNOWN
2016-04-18T02:59:22.000000;2016-04-18T02:59:22.000000;b3027192-5b0a-4de2-b1d5-f4b886ded833;429.89;0.03958727;UNKNOWN
2016-04-18T02:59:23.000000;2016-04-18T02:59:23.000000;1031e71a-1e8c-4876-bd7f-fb67e3fe84d4;429.89;0.05122487;UNKNOWN
2016-04-18T02:59:24.000000;2016-04-18T02:59:24.000000;55b9b27a-fdfd-446b-9274-ed542c431cd1;429.89;0.19454535;UNKNOWN
2016-04-18T02:59:30.000000;2016-04-18T02:59:30.000000;1677c535-f9a3-43b6-92cc-82353ddabf77;429.89;0.16217886;UNKNOWN
2016-04-18T02:59:32.000000;2016-04-18T02:59:32.000000;f27bd157-ebb3-4160-8724-8dd1800f54b9;429.89;0.20810298;UNKNOWN
2016-04-18T02:59:33.000000;2016-04-18T02:59:33.000000;a05ecd7a-345d-4feb-bfc3-70854cd3b906;429.89;0.02761138;UNKNOWN
2016-04-18T02:59:34.000000;2016-04-18T02:59:34.000000;4e80d212-15f8-4dde-a016-1f59efbaaaa5;429.89;0.05025059;UNKNOWN
2016-04-18T02:59:51.000000;2016-04-18T02:59:51.000000;58d41768-e72a-48f5-bf6f-c6a681480040;429.89;0.20445204;UNKNOWN
2016-04-18T02:59:52.000000;2016-04-18T02:59:52.000000;79496e70-28ee-42d0-a409-8987a18b7f27;429.89;0.20284446;UNKNOWN
2016-04-18T02:59:53.000000;2016-04-18T02:59:53.000000;2bb5c1bd-838a-46ec-9ee3-1c8f6dd3316c;429.89;0.02823567;UNKNOWN
2016-04-18T02:59:54.000000;2016-04-18T02:59:54.000000;c3d25db0-f5da-4f6b-bdf1-dcf3ba9b7959;429.89;0.07083932;UNKNOWN
2016-04-18T02:59:56.000000;2016-04-18T02:59:56.000000;f9655aa4-5705-4666-8410-bd39c6472fc4;429.89;0.18244028;UNKNOWN
2016-04-18T03:00:16.000000;2016-04-18T03:00:16.000000;a9bb7332-a8f2-44a9-a4dd-1b0e681cc386;429.89;0.17207655;UNKNOWN
2016-04-18T03:00:39.000000;2016-04-18T03:00:39.000000;2404c8d4-fc2c-4a17-8fee-f853d055f0b1;429.89;0.03966419;UNKNOWN
2016-04-18T03:00:40.000000;2016-04-18T03:00:40.000000;0ae28127-2404-42cd-a0c9-c468e55f5d04;429.89;0.01984704;UNKNOWN
2016-04-18T03:00:42.000000;2016-04-18T03:00:42.000000;13d7c694-dbc3-47cf-9d9b-9c4ec55fa7d5;429.89;0.19133581;UNKNOWN
2016-04-18T03:01:01.000000;2016-04-18T03:01:01.000000;58beaf3b-b5af-41bb-96c8-d7af9c23681d;429.89;0.13085114;UNKNOWN
2016-04-18T03:01:02.000000;2016-04-18T03:01:02.000000;476fd585-35d8-4160-b78d-2d50f2be5448;429.89;0.04247364;UNKNOWN
2016-04-18T03:01:03.000000;2016-04-18T03:01:03.000000;b637e389-91a1-4547-b272-90b1cd5f730e;429.89;0.02204679;UNKNOWN
2016-04-18T03:01:04.000000;2016-04-18T03:01:04.000000;5c8ae20d-3833-4276-9763-0cc8492e1b53;429.89;0.12146202;UNKNOWN
2016-04-18T03:01:05.000000;2016-04-18T03:01:05.000000;68c2431c-fe05-44f2-9ee1-bf6de07b1eeb;429.89;0.14682926;UNKNOWN
2016-04-18T03:01:06.000000;2016-04-18T03:01:06.000000;aa558197-397b-4b93-a54b-0d582522e567;429.89;0.06248028;UNKNOWN
2016-04-18T03:01:08.000000;2016-04-18T03:01:08.000000;bc35da5a-8815-4f14-aec0-032d772a52b1;429.89;0.0180045;UNKNOWN
2016-04-18T03:01:09.000000;2016-04-18T03:01:09.000000;6d8a740f-5225-44a2-a56c-273b35a21ce1;429.89;0.12275571;UNKNOWN
2016-04-18T03:01:21.000000;2016-04-18T03:01:21.000000;f117fc35-007f-4364-8103-98a48708bd66;429.89;0.0303952;UNKNOWN
2016-04-18T03:01:45.000000;2016-04-18T03:01:45.000000;d6e0f965-0060-4eca-9118-feb6ab813b2c;429.89;0.13049107;UNKNOWN
2016-04-18T03:01:46.000000;2016-04-18T03:01:46.000000;7ce3e4a2-24f4-44b7-bfaa-3b157a8dbd4f;429.89;0.02682942;UNKNOWN
2016-04-18T03:01:47.000000;2016-04-18T03:01:47.000000;e34d5e18-8ec2-4f99-8629-e168b7e4a0da;429.89;0.04390771;UNKNOWN
2016-04-18T03:01:49.000000;2016-04-18T03:01:49.000000;902ce601-5c95-4376-bbff-7f45faadcd82;429.89;0.13866291;UNKNOWN
2016-04-18T03:01:50.000000;2016-04-18T03:01:50.000000;64fbbf1d-f8dd-4f46-950a-00d27b4d8c24;429.89;0.19132067;UNKNOWN
2016-04-18T03:01:51.000000;2016-04-18T03:01:51.000000;8f9b317d-06d9-4e1e-a1b9-113e8e7f722f;429.89;0.05576832;UNKNOWN
2016-04-18T03:01:53.000000;2016-04-18T03:01:53.000000;688dd458-6c50-4685-a3de-3b43081572b2;429.89;0.03468379;UNKNOWN
2016-04-18T03:01:54.000000;2016-04-18T03:01:54.000000;0a0d8664-b62d-426c-90fe-1f3bdda7b309;429.89;0.19485994;UNKNOWN
2016-04-18T03:03:05.000000;2016-04-18T03:03:05.000000;6ee3b6b7-81bf-4d82-b292-bfed12799a95;429.89;0.03673031;UNKNOWN
2016-04-18T03:03:06.000000;2016-04-18T03:03:06.000000;4af0feab-8256-49ae-b96d-9a7311636df8;429.89;0.18079476;UNKNOWN
2016-04-18T03:03:08.000000;2016-04-18T03:03:08.000000;1aaa33ab-8d09-46ec-a4f2-c7b159379212;429.89;0.13884016;UNKNOWN
2016-04-18T03:03:10.000000;2016-04-18T03:03:10.000000;b91fb982-2424-4d27-8b7a-776b07a0f867;429.89;0.02156895;UNKNOWN
2016-04-18T03:03:11.000000;2016-04-18T03:03:11.000000;bcda6912-3103-4a5b-a132-ed06eeb104d4;429.89;0.06558677;UNKNOWN
2016-04-18T03:03:12.000000;2016-04-18T03:03:12.000000;056af84b-60ad-4b8b-ac3a-bab463e0a91d;429.89;0.13635788;UNKNOWN
2016-04-18T03:03:13.000000;2016-04-18T03:03:13.000000;312b9814-a3b8-47b2-a9a6-a1291dc963b0;429.89;0.15156017;UNKNOWN
2016-04-18T03:03:14.000000;2016-04-18T03:03:14.000000;6f9f2be2-b393-4958-a479-baa9babc16c1;429.89;0.03285631;UNKNOWN
2016-04-18T03:03:16.000000;2016-04-18T03:03:16.000000;85479f99-24b1-417a-8771-5422be582291;429.89;0.02249404;UNKNOWN
2016-04-18T03:03:16.000000;2016-04-18T03:03:16.000000;d00482bd-6cdf-4117-93f7-80504df801de;429.89;0.01919926;UNKNOWN
2016-04-18T03:03:17.000000;2016-04-18T03:03:17.000000;0cb20b90-2159-4ebb-bae7-ba8cc5d228bd;429.89;0.16098559;UNKNOWN
2016-04-18T03:03:35.000000;2016-04-18T03:03:35.000000;22c5bf0f-db31-4f94-9073-9a17e959125e;429.89;0.12793845;UNKNOWN
2016-04-18T03:03:37.000000;2016-04-18T03:03:37.000000;136a224c-b9af-4aa4-a93f-cd8821948142;429.89;0.20425419;UNKNOWN
2016-04-18T03:03:38.000000;2016-04-18T03:03:38.000000;9f22df0c-5e4f-4a13-813d-f89b07055aa6;429.89;0.06848533;UNKNOWN
2016-04-18T03:03:39.000000;2016-04-18T03:03:39.000000;ae03da0b-be99-4a03-8355-bdfa3054a5c1;429.89;0.02248869;UNKNOWN
2016-04-18T03:03:40.000000;2016-04-18T03:03:40.000000;8007f63b-4e9a-41b0-af0e-c0d242bb8dfd;429.89;0.12043976;UNKNOWN
2016-04-18T03:03:44.000000;2016-04-18T03:03:44.000000;1dbeea43-9eb3-43b8-b0dd-28b5408d8b9f;429.89;0.01131086;UNKNOWN
2016-04-18T03:04:06.000000;2016-04-18T03:04:06.000000;f7fb89c0-d8f5-4762-95a8-1cb92c86fbc2;429.89;0.16805075;UNKNOWN
2016-04-18T03:04:08.000000;2016-04-18T03:04:08.000000;8ed08e26-f8df-4f6f-a586-8f674962ed97;429.89;0.04423781;UNKNOWN
2016-04-18T03:04:10.000000;2016-04-18T03:04:10.000000;83b29c6e-346c-49ee-8464-5ea2663cc7a7;429.89;0.08576573;UNKNOWN
2016-04-18T03:04:11.000000;2016-04-18T03:04:11.000000;b7c7bef1-e4bd-4bab-8962-a20e2d02cd0a;429.89;0.12376062;UNKNOWN
2016-04-18T03:04:21.000000;2016-04-18T03:04:21.000000;87233e88-5b1b-4fd7-beba-55ab0f009659;429.89;0.14282122;UNKNOWN
2016-04-18T03:04:22.000000;2016-04-18T03:04:22.000000;d04bacae-b173-40a7-a3c7-1bb615340ce7;429.89;0.06057364;UNKNOWN
2016-04-18T03:04:23.000000;2016-04-18T03:04:23.000000;d6984136-7b48-4ab6-9e46-5564537b62e3;429.89;0.02501893;UNKNOWN
2016-04-18T03:04:24.000000;2016-04-18T03:04:24.000000;1aa514b1-f68c-4d88-8e56-068cea1a04ac;429.89;0.17959471;UNKNOWN
2016-04-18T03:04:55.000000;2016-04-18T03:04:55.000000;58b06d14-6daa-4a84-ac2d-ddf3dab82edf;429.89;0.12557876;UNKNOWN
2016-04-18T03:04:57.000000;2016-04-18T03:04:57.000000;9313d9c6-9172-430d-9866-6f96a1cb2fb5;429.89;0.06594377;UNKNOWN
2016-04-18T03:04:58.000000;2016-04-18T03:04:58.000000;1373f09c-270f-428b-8769-a8de4bf85a7e;429.89;0.08400892;UNKNOWN
2016-04-18T03:04:59.000000;2016-04-18T03:04:59.000000;00697e01-43a2-4726-aa43-074fb12375b0;429.89;0.12864344;UNKNOWN
2016-04-18T03:05:10.000000;2016-04-18T03:05:10.000000;5da97264-5da5-4cd4-88b6-e7d39dbd85f3;429.89;0.11798892;UNKNOWN
2016-04-18T03:05:12.000000;2016-04-18T03:05:12.000000;0345fb87-bf2b-4682-bb67-dda8f2bfa45b;429.89;0.03479276;UNKNOWN
2016-04-18T03:05:13.000000;2016-04-18T03:05:13.000000;615129e4-c665-40e0-ad9e-83c5f16d6609;429.89;0.05198166;UNKNOWN
2016-04-18T03:05:14.000000;2016-04-18T03:05:14.000000;5691b139-de3c-4295-a685-5d84e7b2048d;429.89;0.17640793;UNKNOWN
2016-04-18T03:05:35.000000;2016-04-18T03:05:35.000000;42cf5edf-141b-4686-a2f5-6a9e4ff791ae;429.89;0.16771081;UNKNOWN
2016-04-18T03:05:36.000000;2016-04-18T03:05:36.000000;b306abe4-2767-41d6-a5e2-7d3cc5488f35;429.89;0.04930791;UNKNOWN
2016-04-18T03:05:38.000000;2016-04-18T03:05:38.000000;d97b0662-d81f-4d8c-ace7-2188618b9570;429.89;0.05279228;UNKNOWN
2016-04-18T03:05:39.000000;2016-04-18T03:05:39.000000;e01e1f09-69b2-4a4e-a453-53c64ea657db;429.89;0.18341296;UNKNOWN
2016-04-18T03:05:56.000000;2016-04-18T03:05:56.000000;d5237178-3a2a-41b3-a355-230aaa34934e;429.89;0.18635759;UNKNOWN
2016-04-18T03:05:57.000000;2016-04-18T03:05:57.000000;7f787d36-7eeb-4dc2-a70a-f15569cabddc;429.89;0.04304495;UNKNOWN
2016-04-18T03:05:58.000000;2016-04-18T03:05:58.000000;ad91f876-2a7f-437c-ba4a-7e5bce4df9f2;429.89;0.02750237;UNKNOWN
2016-04-18T03:05:59.000000;2016-04-18T03:05:59.000000;0cca2837-a5aa-44db-9e18-c9778508b1de;429.89;0.14596606;UNKNOWN
2016-04-18T03:06:21.000000;2016-04-18T03:06:21.000000;87a42065-2101-48cc-aa72-2a77a0fefda7;429.89;0.20168994;UNKNOWN
2016-04-18T03:06:22.000000;2016-04-18T03:06:22.000000;a872f7e1-250a-4e9a-b4c0-f05a630448cf;429.89;0.01898481;UNKNOWN
2016-04-18T03:06:23.000000;2016-04-18T03:06:23.000000;5043bc92-2085-4a49-ad8d-6a037ebacaad;429.89;0.08027002;UNKNOWN
2016-04-18T03:06:24.000000;2016-04-18T03:06:24.000000;21f4274c-644c-4a9b-acc9-c83bb53c4d22;429.89;0.12462163;UNKNOWN
2016-04-18T03:06:41.000000;2016-04-18T03:06:41.000000;b7d6ee29-edee-4668-b07f-4b5270bd2cd9;429.89;0.11207988;UNKNOWN
2016-04-18T03:06:43.000000;2016-04-18T03:06:43.000000;933f1de1-6cc8-4f17-85ab-825c6e89bb0b;429.89;0.01039012;UNKNOWN
2016-04-18T03:06:44.000000;2016-04-18T03:06:44.000000;de508cf7-23c1-495e-bd23-8ba58727d1c6;429.89;0.07724318;UNKNOWN
2016-04-18T03:06:45.000000;2016-04-18T03:06:45.000000;811ba4b2-c01c-46a6-8d0b-48dc348d27f8;429.89;0.17310967;UNKNOWN
2016-04-18T03:06:51.000000;2016-04-18T03:06:51.000000;2ced42bf-e62d-430c-a744-1bc519a52c60;429.89;0.16777502;UNKNOWN
2016-04-18T03:06:52.000000;2016-04-18T03:06:52.000000;ff5d7909-7a5c-4b5b-a911-073b127e7e5a;429.89;0.08681472;UNKNOWN
2016-04-18T03:06:53.000000;2016-04-18T03:06:53.000000;7836cafe-d671-41d8-a72b-277ab4b746fa;429.89;0.01143661;UNKNOWN
2016-04-18T03:06:54.000000;2016-04-18T03:06:54.000000;a15bd21b-bc73-43ed-b3a4-25b38c674fb5;429.89;0.15883675;UNKNOWN
2016-04-18T03:07:11.000000;2016-04-18T03:07:11.000000;5ceef3f6-5a6d-47e1-a30a-5840a77741dd;429.89;0.07798196;UNKNOWN
2016-04-18T03:07:11.000000;2016-04-18T03:07:11.000000;11f47843-ea15-41c3-bba5-8a34c76315e2;429.89;0.06612554;UNKNOWN
2016-04-18T03:07:12.000000;2016-04-18T03:07:12.000000;9973869b-6eca-4b79-bbc0-dc978d9730b1;429.89;0.07463428;UNKNOWN
2016-04-18T03:07:13.000000;2016-04-18T03:07:13.000000;6da9a150-455c-4e7e-9082-f8a2fafab2d0;429.89;0.0792275;UNKNOWN
2016-04-18T03:07:14.000000;2016-04-18T03:07:14.000000;5b5891c7-92a9-430c-947d-4b57958866bf;429.89;0.15020918;UNKNOWN
2016-04-18T03:07:20.000000;2016-04-18T03:07:20.000000;ec0111df-7649-4b83-9871-27cae048e7b5;429.89;0.15153789;UNKNOWN
2016-04-18T03:07:22.000000;2016-04-18T03:07:22.000000;54395aa9-0ada-4b62-8123-8b99607f62fa;429.89;0.04313173;UNKNOWN
2016-04-18T03:07:23.000000;2016-04-18T03:07:23.000000;2ee3e45f-4a5f-432d-b31b-2184baa94321;429.89;0.05610772;UNKNOWN
2016-04-18T03:07:24.000000;2016-04-18T03:07:24.000000;0eddbc9e-6089-443b-bdf4-695d8935bdb2;429.89;0.14344221;UNKNOWN
2016-04-18T03:07:35.000000;2016-04-18T03:07:35.000000;bd6f185d-b9b9-4ecc-a8bb-0622102f8b21;429.89;0.15517472;UNKNOWN
2016-04-18T03:07:36.000000;2016-04-18T03:07:36.000000;20452f74-2f2a-4c20-83c5-5a68fc8460a8;429.89;0.03429222;UNKNOWN
2016-04-18T03:07:38.000000;2016-04-18T03:07:38.000000;eabb24b9-0346-4ebf-b48d-e9b117c09b2f;429.89;0.06505552;UNKNOWN
2016-04-18T03:07:39.000000;2016-04-18T03:07:39.000000;0e7408fd-bcac-462e-af99-dbd9033f4c83;429.89;0.19297531;UNKNOWN
2016-04-18T03:08:00.000000;2016-04-18T03:08:00.000000;b037eeb8-e67e-4ba9-8850-316713b3e085;429.89;0.2027449;UNKNOWN
2016-04-18T03:08:02.000000;2016-04-18T03:08:02.000000;88d81062-b25e-4a18-9370-05485c612bee;429.89;0.08369447;UNKNOWN
2016-04-18T03:08:03.000000;2016-04-18T03:08:03.000000;32d49623-468e-4a87-a914-04b93c8e2c50;429.89;0.01880096;UNKNOWN
2016-04-18T03:08:04.000000;2016-04-18T03:08:04.000000;b0b84f3f-5978-4d45-9c91-b4e969921fab;429.89;0.1944905;UNKNOWN
2016-04-18T03:08:30.000000;2016-04-18T03:08:30.000000;ad61366d-9202-41e7-b7c6-5f64edb4b490;429.89;0.18116909;UNKNOWN
2016-04-18T03:08:31.000000;2016-04-18T03:08:31.000000;26ce966c-ee88-41bd-bbf7-50e2e83d30bd;429.89;0.04191823;UNKNOWN
2016-04-18T03:08:32.000000;2016-04-18T03:08:32.000000;949699b8-8e9a-46b0-8404-5830b7186c39;429.89;0.07268891;UNKNOWN
2016-04-18T03:08:33.000000;2016-04-18T03:08:33.000000;84a443f6-e635-4490-a586-82091722a2b5;429.89;0.17152998;UNKNOWN
2016-04-18T03:08:55.000000;2016-04-18T03:08:55.000000;0fbd9e9f-4038-434b-9789-48356f07eed4;429.89;0.18082096;UNKNOWN
2016-04-18T03:08:56.000000;2016-04-18T03:08:56.000000;3b701558-9e38-42d7-87c7-8ee770778b34;429.89;0.05249121;UNKNOWN
2016-04-18T03:08:58.000000;2016-04-18T03:08:58.000000;78191e86-9bb9-4bce-8603-3afa80384c82;429.89;0.02553855;UNKNOWN
2016-04-18T03:08:59.000000;2016-04-18T03:08:59.000000;0f423c0e-2177-4421-9c66-a230c6802bb8;429.89;0.12430468;UNKNOWN
2016-04-18T03:09:30.000000;2016-04-18T03:09:30.000000;fbe2384f-3813-472b-b1e5-b75768b67597;429.89;0.16677737;UNKNOWN
2016-04-18T03:09:32.000000;2016-04-18T03:09:32.000000;b1b0676d-b8e7-4e3a-8c16-690accab55fe;429.89;0.02525977;UNKNOWN
2016-04-18T03:09:33.000000;2016-04-18T03:09:33.000000;f5e52b36-a6c9-457b-b61a-965831635f9d;429.89;0.07591858;UNKNOWN
2016-04-18T03:09:34.000000;2016-04-18T03:09:34.000000;13cee625-864c-4b07-9405-30d956d4cc59;429.89;0.1458204;UNKNOWN
2016-04-18T03:09:35.000000;2016-04-18T03:09:35.000000;720bce80-9356-4974-9a8f-1e249639f260;429.89;0.09190632;UNKNOWN
2016-04-18T03:09:52.000000;2016-04-18T03:09:52.000000;344bd0d8-a343-464d-a587-1b3b54a261d1;429.89;0.1729887;UNKNOWN
2016-04-18T03:09:52.000000;2016-04-18T03:09:52.000000;834aa0b1-944f-4b87-940e-ad506eb34b56;429.89;3.8281113;UNKNOWN
2016-04-18T03:10:04.000000;2016-04-18T03:10:04.000000;af2ac7ac-17f7-4e19-bb10-5cfa9d2cca04;429.89;2.0012;UNKNOWN
2016-04-18T03:10:22.000000;2016-04-18T03:10:22.000000;279c99aa-e848-4c7e-a6d7-fd749fc86006;429.9;3.0;UNKNOWN
2016-04-18T03:10:24.000000;2016-04-18T03:10:24.000000;f65a0e1e-03ff-4c41-9693-3897e34f1a29;429.9;1.7019649;UNKNOWN
2016-04-18T03:10:24.000000;2016-04-18T03:10:24.000000;2f4b3ba7-32bf-4996-9eb7-a70878e0fdac;429.9;1.2980351;UNKNOWN
2016-04-18T03:10:26.000000;2016-04-18T03:10:26.000000;d32460a1-1e02-4d9e-8ae6-4671e882cb74;429.9;1.11279252;UNKNOWN
2016-04-18T03:10:26.000000;2016-04-18T03:10:26.000000;e1f778b4-1501-4c16-a15b-eb4bac9e9c24;430.0;1.88720748;UNKNOWN
2016-04-18T03:10:27.000000;2016-04-18T03:10:27.000000;ef64b7c9-7021-427d-bbcc-6c98a0e1018a;429.89;0.01060716;UNKNOWN
2016-04-18T03:10:28.000000;2016-04-18T03:10:28.000000;66211dc8-61dc-4039-a66e-80b9a7571b2e;429.89;0.03592718;UNKNOWN
2016-04-18T03:10:29.000000;2016-04-18T03:10:29.000000;d95495d8-d16a-45cc-b4f2-01ba1da71ea4;430.0;3.0;UNKNOWN
2016-04-18T03:10:30.000000;2016-04-18T03:10:30.000000;bc01da03-276d-4736-8083-70d1b5349281;429.89;0.16198557;UNKNOWN
2016-04-18T03:10:38.000000;2016-04-18T03:10:38.000000;1adce785-2c98-4c7b-874b-423f9252f45d;430.0;3.0;UNKNOWN
2016-04-18T03:10:40.000000;2016-04-18T03:10:40.000000;01a07efe-4f4d-4844-a3b6-792a9b3faf96;430.0;3.0;UNKNOWN
2016-04-18T03:10:40.000000;2016-04-18T03:10:40.000000;8eaa4458-80c0-42e7-9936-77c7ea9abbae;429.99;0.1201256;UNKNOWN
2016-04-18T03:10:42.000000;2016-04-18T03:10:42.000000;2d5b5d71-8322-4d62-8856-edac33578c73;429.99;0.06524791;UNKNOWN
2016-04-18T03:10:43.000000;2016-04-18T03:10:43.000000;e9fc45a2-9c60-49f2-9378-8e09c4be0caa;429.99;0.05939328;UNKNOWN
2016-04-18T03:10:44.000000;2016-04-18T03:10:44.000000;0e1acd74-d4eb-456d-be38-c18f69d19992;429.99;0.19552621;UNKNOWN
2016-04-18T03:10:51.000000;2016-04-18T03:10:51.000000;abe9eadf-bb7c-40c4-aaa8-2b6ad5be185b;429.99;0.14317186;UNKNOWN
2016-04-18T03:10:52.000000;2016-04-18T03:10:52.000000;5e16036f-fcbb-496a-b089-21ac417dccf8;429.99;0.03846861;UNKNOWN
2016-04-18T03:10:53.000000;2016-04-18T03:10:53.000000;8143e4c4-47ab-4b88-bb8a-13b2487d924a;429.99;0.06367293;UNKNOWN
2016-04-18T03:10:54.000000;2016-04-18T03:10:54.000000;3ad32483-5e87-4e71-987a-96c8170dd361;429.99;0.17566293;UNKNOWN
2016-04-18T03:11:01.000000;2016-04-18T03:11:01.000000;54a5e796-ddd1-442a-a68b-1c458ab9a4b9;429.98;0.13907361;UNKNOWN
2016-04-18T03:11:11.000000;2016-04-18T03:11:11.000000;b947e884-4032-40d1-9c65-c7a71c9098ee;429.99;0.17910145;UNKNOWN
2016-04-18T03:11:12.000000;2016-04-18T03:11:12.000000;da83c52d-e78f-4741-9dd8-f07b6a14cd9f;429.99;0.04522563;UNKNOWN
2016-04-18T03:11:13.000000;2016-04-18T03:11:13.000000;0460ba1e-67e0-4b36-9d70-f9c83db71ee8;429.98;0.05077846;UNKNOWN
2016-04-18T03:11:14.000000;2016-04-18T03:11:14.000000;1dda2600-2ec7-487b-a9d6-ed65b557bf67;429.99;0.15812026;UNKNOWN
2016-04-18T03:11:35.000000;2016-04-18T03:11:35.000000;87661b14-54bb-4e52-a48b-c04d8c3b8c96;429.99;0.20955282;UNKNOWN
2016-04-18T03:11:36.000000;2016-04-18T03:11:36.000000;983d18d9-d25b-4847-b1c1-0a5b3d81aefc;429.99;0.03040842;UNKNOWN
2016-04-18T03:11:37.000000;2016-04-18T03:11:37.000000;83b75314-7361-4635-84f6-3f9d72a2df0a;429.99;0.02388782;UNKNOWN
2016-04-18T03:11:38.000000;2016-04-18T03:11:38.000000;46595770-3fac-477b-b203-5c38140463a6;429.99;0.1725165;UNKNOWN
2016-04-18T03:11:39.000000;2016-04-18T03:11:39.000000;37c7e5a9-4ca6-43ee-a127-e32d4d06f0b8;429.99;4.0001;UNKNOWN
2016-04-18T03:11:46.000000;2016-04-18T03:11:46.000000;91afd83b-67f1-4fc5-8f0d-20e49b15718c;429.99;2.0012;UNKNOWN
2016-04-18T03:11:51.000000;2016-04-18T03:11:51.000000;25368bc7-0b1c-458d-b1a9-1e7c2e8e2d93;429.99;0.16393126;UNKNOWN
2016-04-18T03:11:52.000000;2016-04-18T03:11:52.000000;1e5c11fa-b3ff-45f1-afa0-59c22ec8af9a;429.99;0.04987766;UNKNOWN
2016-04-18T03:11:53.000000;2016-04-18T03:11:53.000000;207630da-82fc-4f86-887f-b027fcf940e9;429.99;0.08739487;UNKNOWN
2016-04-18T03:11:54.000000;2016-04-18T03:11:54.000000;d52f7db3-d959-45db-b71f-f1538ffed6b2;429.99;0.1752072;UNKNOWN
2016-04-18T03:12:17.000000;2016-04-18T03:12:17.000000;c4a979a4-9442-4b62-ac7b-3dcc4d2ce1bc;430.0;0.55194572;UNKNOWN
2016-04-18T03:12:17.000000;2016-04-18T03:12:17.000000;e1f940e4-62f6-43dc-b7cb-c705edb50057;430.0;44.44805428;UNKNOWN
2016-04-18T03:12:37.000000;2016-04-18T03:12:37.000000;e9f69047-8577-4a35-8eca-6d9611c8648c;429.99;2.24879532;UNKNOWN
2016-04-18T03:12:44.000000;2016-04-18T03:12:44.000000;b46eca73-cf62-46a5-a7b2-81b57cddaa49;429.99;0.048985;UNKNOWN
2016-04-18T03:12:45.000000;2016-04-18T03:12:45.000000;6d5e4f32-11ac-4dfd-9f86-fe0b006ec38c;429.99;0.01167601;UNKNOWN
2016-04-18T03:12:46.000000;2016-04-18T03:12:46.000000;a0034be9-d127-47e3-9bf7-a12f2867f1e4;429.99;0.14035882;UNKNOWN
2016-04-18T03:12:50.000000;2016-04-18T03:12:50.000000;e0cdccff-8259-4ba6-862a-1b23150a1e29;429.99;0.1274326;UNKNOWN
2016-04-18T03:12:52.000000;2016-04-18T03:12:52.000000;d7d3890c-7492-4440-b795-9863fe4566a7;429.99;0.06342591;UNKNOWN
2016-04-18T03:12:53.000000;2016-04-18T03:12:53.000000;dfb1a2ff-4dbb-4d8a-bf9f-718b326280e1;429.99;0.02850554;UNKNOWN
2016-04-18T03:12:54.000000;2016-04-18T03:12:54.000000;cd2bb658-873a-4e1a-84a4-edae20761d37;429.99;0.18137762;UNKNOWN
2016-04-18T03:13:02.000000;2016-04-18T03:13:02.000000;22ee7d93-8d44-4aed-809d-9ee992015a20;429.99;4.0001;UNKNOWN
2016-04-18T03:13:03.000000;2016-04-18T03:13:03.000000;c1211e31-a65b-4269-a1dd-4a229f113bb2;429.99;0.08855125;UNKNOWN
2016-04-18T03:13:06.000000;2016-04-18T03:13:06.000000;e560bbc3-85e1-4729-a28f-b5eb5cc036d3;429.99;0.12850112;UNKNOWN
2016-04-18T03:13:07.000000;2016-04-18T03:13:07.000000;60ca0e95-3c2a-4fa1-b660-9fcd6e52642d;429.99;0.06022416;UNKNOWN
2016-04-18T03:13:08.000000;2016-04-18T03:13:08.000000;06578f7b-357c-4ab6-8ddf-87081b624ce3;429.99;0.04672184;UNKNOWN
2016-04-18T03:13:09.000000;2016-04-18T03:13:09.000000;adbaeb2f-3209-427c-97a4-d66c52c70878;429.99;0.1705145;UNKNOWN
2016-04-18T03:13:15.000000;2016-04-18T03:13:15.000000;80322405-fff4-4430-a55f-3322a30fb7da;429.99;2.0007;UNKNOWN
2016-04-18T03:13:26.000000;2016-04-18T03:13:26.000000;329a9f20-9ff2-4aaf-b955-16911ee5463d;429.99;0.12474508;UNKNOWN
2016-04-18T03:13:27.000000;2016-04-18T03:13:27.000000;9192f4f8-0705-4184-b6d8-ef99cec290cf;429.99;0.13390528;UNKNOWN
2016-04-18T03:13:28.000000;2016-04-18T03:13:28.000000;698514e8-2fe6-4b1c-93ae-7a18cb036215;429.99;0.05526528;UNKNOWN
2016-04-18T03:13:29.000000;2016-04-18T03:13:29.000000;9a7b7504-b2ba-4f13-9733-be1ca057dab2;429.99;0.04769762;UNKNOWN
2016-04-18T03:13:29.000000;2016-04-18T03:13:29.000000;19fde455-2170-49ad-8aa0-f90157b1a6f1;429.99;2.0007;UNKNOWN
2016-04-18T03:13:30.000000;2016-04-18T03:13:30.000000;9d59fcff-1407-4d64-89a8-b757706c0a03;429.99;0.12536005;UNKNOWN
2016-04-18T03:13:50.000000;2016-04-18T03:13:50.000000;c3213d2b-6ac5-454d-86f8-45e4821c3980;429.99;0.14360695;UNKNOWN
2016-04-18T03:13:50.000000;2016-04-18T03:13:50.000000;f542f821-ce00-43fa-ae46-677d99507ea2;429.99;0.01354563;UNKNOWN
2016-04-18T03:13:52.000000;2016-04-18T03:13:52.000000;288e84a9-2263-4035-a995-f4243d86d4a1;429.99;0.03789972;UNKNOWN
2016-04-18T03:13:53.000000;2016-04-18T03:13:53.000000;a07604f1-df1f-4d52-ae76-f9080d7c0af0;429.99;0.01336338;UNKNOWN
2016-04-18T03:13:54.000000;2016-04-18T03:13:54.000000;6b29f0ae-499d-40bd-a6ae-bab0d40faa05;429.99;0.19984789;UNKNOWN
2016-04-18T03:14:05.000000;2016-04-18T03:14:05.000000;0a8ed536-349c-4111-b49b-755ff9a7d688;430.0;55.54194572;UNKNOWN
2016-04-18T03:14:42.000000;2016-04-18T03:14:42.000000;76f4b9f6-2e71-453f-b690-19c4e1291154;429.99;0.02759398;UNKNOWN
2016-04-18T03:14:44.000000;2016-04-18T03:14:44.000000;a5c8db03-07d5-468f-86d9-9529cafac51a;429.99;0.07276706;UNKNOWN
2016-04-18T03:14:45.000000;2016-04-18T03:14:45.000000;956aff4c-0368-47d4-a35c-e7a79734e998;429.99;0.12244712;UNKNOWN
2016-04-18T03:14:56.000000;2016-04-18T03:14:56.000000;78cf944d-4364-44d1-8e15-2338065365b9;429.99;0.14124864;UNKNOWN
2016-04-18T03:14:59.000000;2016-04-18T03:14:59.000000;0cf143d7-0192-4d5a-ac60-f65bb71aefea;429.99;0.01659792;UNKNOWN
2016-04-18T03:15:00.000000;2016-04-18T03:15:00.000000;3281779d-a805-457b-9f2c-26bab5cd7329;429.99;0.17245682;UNKNOWN
2016-04-18T03:15:15.000000;2016-04-18T03:15:15.000000;e3fa7817-fbca-41bc-84d6-6368efafc24e;429.99;0.15265984;UNKNOWN
2016-04-18T03:15:16.000000;2016-04-18T03:15:16.000000;5f937c6c-8937-42b8-9aac-77c22f410e8e;429.99;0.0486526;UNKNOWN
2016-04-18T03:15:18.000000;2016-04-18T03:15:18.000000;1e332ecb-14db-45fc-b410-e479b859f238;429.99;0.07003824;UNKNOWN
2016-04-18T03:15:19.000000;2016-04-18T03:15:19.000000;cf7bfd70-8e3f-4010-910d-f1fa3b134cc4;429.99;0.19321719;UNKNOWN
2016-04-18T03:15:21.000000;2016-04-18T03:15:21.000000;4641cba5-dd86-4d23-a227-3e67cbeed209;429.99;0.14012183;UNKNOWN
2016-04-18T03:15:30.000000;2016-04-18T03:15:30.000000;0985f88a-e3db-406d-9c67-0c05f9a7131c;429.99;0.15310528;UNKNOWN
2016-04-18T03:15:33.000000;2016-04-18T03:15:33.000000;171e504e-fe0a-4272-9739-13ef49fa815e;429.99;0.01112456;UNKNOWN
2016-04-18T03:15:34.000000;2016-04-18T03:15:34.000000;e29f10c5-c5a9-409a-995a-647569128321;429.99;0.18895106;UNKNOWN
2016-04-18T03:15:46.000000;2016-04-18T03:15:46.000000;a6e4f2e2-f9c8-4307-a281-6b9acbe4d9d7;429.99;0.11296669;UNKNOWN
2016-04-18T03:15:47.000000;2016-04-18T03:15:47.000000;9415fbbe-6e18-4fc8-918f-09aa1bcac189;429.99;0.06355881;UNKNOWN
2016-04-18T03:15:48.000000;2016-04-18T03:15:48.000000;f2fd5e28-0f48-402f-8aeb-ebc0baa4b41d;429.99;0.03359379;UNKNOWN
2016-04-18T03:15:49.000000;2016-04-18T03:15:49.000000;e4270490-7df6-47d1-931e-7de2046e2765;429.99;0.14856175;UNKNOWN
2016-04-18T03:15:55.000000;2016-04-18T03:15:55.000000;149ea4be-6390-415b-ba5f-fcc0c98ef4ca;430.0;0.01;UNKNOWN
2016-04-18T03:16:00.000000;2016-04-18T03:16:00.000000;20fe8a31-d62f-400c-b448-099f0a4f3794;429.99;0.07953005;UNKNOWN
2016-04-18T03:16:06.000000;2016-04-18T03:16:06.000000;460f84e8-1809-488d-9e2b-a7e7fee8312b;429.99;0.14374656;UNKNOWN
2016-04-18T03:16:10.000000;2016-04-18T03:16:10.000000;f2b3ff16-deb8-4f76-a989-6edf31c62605;430.0;1.99;UNKNOWN
2016-04-18T03:16:51.000000;2016-04-18T03:16:51.000000;4174118e-619c-40af-89da-59cd50a68026;430.05;0.19327731;UNKNOWN
2016-04-18T03:16:52.000000;2016-04-18T03:16:52.000000;523cbea9-2c11-43a8-aeab-dfaa08d1a7ef;430.05;0.12008497;UNKNOWN
2016-04-18T03:16:54.000000;2016-04-18T03:16:54.000000;563f318c-4f7f-4d33-9fa9-2bcf19f4a75c;430.05;0.01859884;UNKNOWN
2016-04-18T03:16:55.000000;2016-04-18T03:16:55.000000;e824b2c8-8f89-47d7-9730-58ea9daf210c;430.05;0.04479371;UNKNOWN
2016-04-18T03:16:56.000000;2016-04-18T03:16:56.000000;34609b7e-e35d-408d-bb81-5ff56ad5d78e;430.05;0.20055172;UNKNOWN
2016-04-18T03:16:57.000000;2016-04-18T03:16:57.000000;004247b2-050a-4c36-811f-f8f1e994ff4e;430.05;0.17480039;UNKNOWN
2016-04-18T03:16:58.000000;2016-04-18T03:16:58.000000;c235e617-faaf-45a1-9383-217d1f16ee71;430.05;0.03357591;UNKNOWN
2016-04-18T03:17:00.000000;2016-04-18T03:17:00.000000;e10aa4f2-a3aa-4ea5-8aa1-d21b6921999a;430.05;0.0428557;UNKNOWN
2016-04-18T03:17:01.000000;2016-04-18T03:17:01.000000;0adf0d3f-e21d-4124-a1c3-64d4abf0c39c;430.05;0.19727754;UNKNOWN
2016-04-18T03:17:05.000000;2016-04-18T03:17:05.000000;73a1dce2-8cf2-4f0f-b4b7-9002e5b65d4f;430.05;0.08734811;UNKNOWN
2016-04-18T03:17:11.000000;2016-04-18T03:17:11.000000;42871f51-aa56-4323-9f3c-48a1276aada4;430.06;0.25;UNKNOWN
2016-04-18T03:17:11.000000;2016-04-18T03:17:11.000000;08efc1ed-2563-4c5b-9c89-8b43bd0a733c;430.06;0.15332588;UNKNOWN
2016-04-18T03:17:11.000000;2016-04-18T03:17:11.000000;b8dc9a91-22fd-4a49-87ac-981a426063ca;430.06;0.25;UNKNOWN
2016-04-18T03:17:14.000000;2016-04-18T03:17:14.000000;26885c22-8e5a-4e11-aa11-6a92b3671567;430.16;0.05756051;UNKNOWN
2016-04-18T03:17:15.000000;2016-04-18T03:17:15.000000;eb5ed0e1-a3c0-4b7a-bb4e-55219aa4d0f1;430.16;0.06359547;UNKNOWN
2016-04-18T03:17:16.000000;2016-04-18T03:17:16.000000;28f32aed-eb7b-43b4-99a3-cbf23d514526;430.16;0.13176267;UNKNOWN
2016-04-18T03:17:18.000000;2016-04-18T03:17:18.000000;0be18ce3-a340-4c0d-b1c0-bb8836422ec4;430.17;0.02;UNKNOWN
2016-04-18T03:17:20.000000;2016-04-18T03:17:20.000000;1509cc2e-a034-4f57-a8da-33b0d585ab33;430.16;0.06207287;UNKNOWN
2016-04-18T03:17:30.000000;2016-04-18T03:17:30.000000;b1d7a8ab-d549-4307-9f8c-4826f585bce5;430.16;0.07310035;UNKNOWN
2016-04-18T03:17:35.000000;2016-04-18T03:17:35.000000;c281e53b-7f7f-430a-9c10-48b11344dd79;430.16;0.10334907;UNKNOWN
2016-04-18T03:17:40.000000;2016-04-18T03:17:40.000000;5586eae9-6f71-4bff-b60e-6429b1c2927d;430.16;0.16945244;UNKNOWN
2016-04-18T03:17:41.000000;2016-04-18T03:17:41.000000;f40d134c-ef6f-4b1c-9f9d-2f5748404027;430.16;0.04273455;UNKNOWN
2016-04-18T03:17:42.000000;2016-04-18T03:17:42.000000;72ff938e-964f-402a-8834-f3fa23b8c279;430.47;0.54703856;UNKNOWN
2016-04-18T03:17:42.000000;2016-04-18T03:17:42.000000;7c0ccffb-40f5-4ab3-a7d6-58f275822398;430.46;0.063129;UNKNOWN
2016-04-18T03:17:42.000000;2016-04-18T03:17:42.000000;250ce468-9e69-4d3a-a4dc-d469448d55f6;430.44;0.25;UNKNOWN
2016-04-18T03:17:42.000000;2016-04-18T03:17:42.000000;8c8841f0-7815-4523-bc1c-d24f29e97a6d;430.46;0.25;UNKNOWN
2016-04-18T03:17:42.000000;2016-04-18T03:17:42.000000;58dec4cb-9d60-4c45-872e-3bfa3e1b04d3;430.26;0.156;UNKNOWN
2016-04-18T03:17:42.000000;2016-04-18T03:17:42.000000;f931e39c-82e4-4106-84bb-713bc7e2b242;430.43;0.25;UNKNOWN
2016-04-18T03:17:42.000000;2016-04-18T03:17:42.000000;d9a96037-5a3d-45f6-8ffc-80e36fcb768d;430.18;0.25;UNKNOWN
2016-04-18T03:17:42.000000;2016-04-18T03:17:42.000000;5fdf239e-06c9-480e-84e0-9a37b9ea8c45;430.17;0.23;UNKNOWN
2016-04-18T03:17:43.000000;2016-04-18T03:17:43.000000;c92757c5-a175-40ea-8d89-d4a69c40fa50;430.16;0.06444361;UNKNOWN
2016-04-18T03:17:44.000000;2016-04-18T03:17:44.000000;ea53fcb7-4193-4eac-8fa7-b3ac0622c7c8;430.16;0.1825245;UNKNOWN
2016-04-18T03:18:28.000000;2016-04-18T03:18:28.000000;8a5225c3-1dd7-4d6b-95a6-17ab1ff56aa1;430.47;0.02292102;UNKNOWN
2016-04-18T03:18:29.000000;2016-04-18T03:18:29.000000;5149a896-422f-4e86-8abe-8c052a992cb3;430.47;0.05305368;UNKNOWN
2016-04-18T03:18:30.000000;2016-04-18T03:18:30.000000;b508324b-3822-4359-b868-6e6928f9335b;430.47;0.18139962;UNKNOWN
2016-04-18T03:18:31.000000;2016-04-18T03:18:31.000000;9be20e52-3228-4582-8816-9d5d25e5049f;430.47;0.1960234;UNKNOWN
2016-04-18T03:18:33.000000;2016-04-18T03:18:33.000000;ec1939db-96e2-4700-8246-ae2833c2d084;430.47;0.02187651;UNKNOWN
2016-04-18T03:18:34.000000;2016-04-18T03:18:34.000000;8f46b68d-d0d1-4ba6-bad5-0e3019bbe70c;430.47;0.04774315;UNKNOWN
2016-04-18T03:18:35.000000;2016-04-18T03:18:35.000000;c792bea5-6461-4fa4-8f68-08ee7156827b;430.47;0.15801124;UNKNOWN
2016-04-18T03:18:56.000000;2016-04-18T03:18:56.000000;24fdd0b9-2fd8-4b2f-915a-3d8be76a49ea;430.47;0.18555829;UNKNOWN
2016-04-18T03:18:58.000000;2016-04-18T03:18:58.000000;95806a54-9700-46c5-b2b6-2c52ab8395c4;430.47;0.03289003;UNKNOWN
2016-04-18T03:18:59.000000;2016-04-18T03:18:59.000000;2c18d419-94c7-4a86-b1e4-8315178da3bf;430.47;0.04299961;UNKNOWN
2016-04-18T03:19:00.000000;2016-04-18T03:19:00.000000;dfd0b9c1-e625-4d5d-add9-afff4096f7e7;430.47;0.15933415;UNKNOWN
2016-04-18T03:19:02.000000;2016-04-18T03:19:02.000000;8cd6fb77-e4cb-4722-b747-bdd6ea7b64c2;430.47;0.16500173;UNKNOWN
2016-04-18T03:19:06.000000;2016-04-18T03:19:06.000000;3b874177-c6e8-4cb7-a269-4ed81ba077b3;430.47;0.1355895;UNKNOWN
2016-04-18T03:19:51.000000;2016-04-18T03:19:51.000000;02ad621f-80bb-493a-9ab2-145a7c25da3a;430.47;0.14735881;UNKNOWN
2016-04-18T03:19:53.000000;2016-04-18T03:19:53.000000;860a4f87-c714-414d-8ccd-d7cc31ed284a;430.47;0.12307278;UNKNOWN
2016-04-18T03:19:54.000000;2016-04-18T03:19:54.000000;31ba8d35-1d15-4f05-939e-9011773c856d;430.47;0.08680247;UNKNOWN
2016-04-18T03:19:55.000000;2016-04-18T03:19:55.000000;dcb0c2e1-ef2a-4ccd-867c-4925540ec8e3;430.47;0.04324513;UNKNOWN
2016-04-18T03:19:56.000000;2016-04-18T03:19:56.000000;0b5403f1-9212-4a33-88b6-2d061a23108e;430.47;0.17790622;UNKNOWN
2016-04-18T03:19:58.000000;2016-04-18T03:19:58.000000;7fe7abe7-00e4-47a6-9abf-5316440ac326;430.47;0.15541629;UNKNOWN
2016-04-18T03:19:59.000000;2016-04-18T03:19:59.000000;3ee8edfa-1557-44bb-b021-fdeec2d065e4;430.47;0.038133;UNKNOWN
2016-04-18T03:20:01.000000;2016-04-18T03:20:01.000000;0ea92ef7-6baf-43eb-af81-6d9cffd61f39;430.47;0.05575497;UNKNOWN
2016-04-18T03:20:02.000000;2016-04-18T03:20:02.000000;edd9ab92-8b82-4583-8f2c-07b6b01c310f;430.47;0.1530001;UNKNOWN
2016-04-18T03:20:07.000000;2016-04-18T03:20:07.000000;688b3f7b-6e0f-40b0-ab68-8f8e9db09ec1;430.47;0.1442335;UNKNOWN
2016-04-18T03:20:08.000000;2016-04-18T03:20:08.000000;861e4aef-8f2e-4cce-9d2e-c4072e3d64a8;430.47;0.08133162;UNKNOWN
2016-04-18T03:20:09.000000;2016-04-18T03:20:09.000000;73c7c917-6ef8-43c6-bf5e-83bb3b0fca8b;430.47;0.05299436;UNKNOWN
2016-04-18T03:20:10.000000;2016-04-18T03:20:10.000000;ba78ea5c-c24b-45ed-aecf-e87ebf3ea2ff;430.47;0.14366406;UNKNOWN
2016-04-18T03:20:20.000000;2016-04-18T03:20:20.000000;38c4bb3b-446e-4c38-bae3-862aa5141acb;430.47;0.03581657;UNKNOWN
2016-04-18T03:20:22.000000;2016-04-18T03:20:22.000000;feb5b90c-0977-40b9-b4cb-5e0668ce28e0;430.47;0.04998242;UNKNOWN
2016-04-18T03:20:24.000000;2016-04-18T03:20:24.000000;205c0420-e8b5-4859-a134-bf48441bada8;430.47;0.19267685;UNKNOWN
2016-04-18T03:20:26.000000;2016-04-18T03:20:26.000000;3f014f30-e929-42f3-a5f2-35111efbd474;430.45;0.08761002;UNKNOWN
2016-04-18T03:20:26.000000;2016-04-18T03:20:26.000000;dfc181f2-fc04-45e0-a00e-4afc9a69d4c2;430.46;0.058;UNKNOWN
2016-04-18T03:20:29.000000;2016-04-18T03:20:29.000000;828a4928-7165-4b95-be0d-8f66d2b6de4c;430.47;0.04029491;UNKNOWN
2016-04-18T03:20:30.000000;2016-04-18T03:20:30.000000;7907ab90-5656-4155-80de-f65cb314fd73;430.47;0.1702255;UNKNOWN
2016-04-18T03:20:31.000000;2016-04-18T03:20:31.000000;66d5e1ef-3f66-40f0-9a8a-a4c4166e515b;430.47;0.1659357;UNKNOWN
2016-04-18T03:20:33.000000;2016-04-18T03:20:33.000000;8121b708-fa8a-4683-b8b6-918731b9152e;430.47;0.05306335;UNKNOWN
2016-04-18T03:20:36.000000;2016-04-18T03:20:36.000000;712b3896-db36-4a7a-9957-bd2016be70a9;430.47;0.20473649;UNKNOWN
2016-04-18T03:20:37.000000;2016-04-18T03:20:37.000000;3add0ed1-4c28-4070-94cc-ad6044f058a8;430.47;0.02182064;UNKNOWN
2016-04-18T03:20:38.000000;2016-04-18T03:20:38.000000;208df82b-a5ef-4425-8560-67dddf483aa0;430.47;0.03675299;UNKNOWN
2016-04-18T03:20:39.000000;2016-04-18T03:20:39.000000;87dab725-5770-4d1c-961e-da96d645fdbb;430.47;0.1637162;UNKNOWN
2016-04-18T03:20:53.000000;2016-04-18T03:20:53.000000;d017483c-f59e-4499-a177-fe61d544207b;430.47;0.51033811;UNKNOWN
2016-04-18T03:21:01.000000;2016-04-18T03:21:01.000000;3ce062aa-0b67-4701-9e02-c6aa68228ba6;430.47;0.1157242;UNKNOWN
2016-04-18T03:21:02.000000;2016-04-18T03:21:02.000000;f3c8085d-7aa6-4273-ba29-adc4b8f1b6e7;430.47;0.07896377;UNKNOWN
2016-04-18T03:21:04.000000;2016-04-18T03:21:04.000000;84575b6a-46fd-4b2b-80a7-28ce4328bd9a;430.47;0.01478104;UNKNOWN
2016-04-18T03:21:05.000000;2016-04-18T03:21:05.000000;daaeeb39-d809-4d0d-861d-abe258e5a923;430.47;0.16055179;UNKNOWN
2016-04-18T03:21:09.000000;2016-04-18T03:21:09.000000;487c9fad-d5de-4903-852c-b52eaecd3d6a;430.47;0.1;UNKNOWN
2016-04-18T03:21:25.000000;2016-04-18T03:21:25.000000;6c7a17bf-b1be-498f-b74d-75a82661321f;430.47;0.13314952;UNKNOWN
2016-04-18T03:21:26.000000;2016-04-18T03:21:26.000000;1a5f63b2-ea34-4730-a23b-605c87ce2b8d;430.47;0.05688326;UNKNOWN
2016-04-18T03:21:28.000000;2016-04-18T03:21:28.000000;8925dd0a-6c1e-4569-964d-b0c145db5177;430.47;0.06687949;UNKNOWN
2016-04-18T03:21:29.000000;2016-04-18T03:21:29.000000;6c892cd2-013c-41a0-b046-ff97a7f4478b;430.47;0.14694872;UNKNOWN
2016-04-18T03:21:46.000000;2016-04-18T03:21:46.000000;326f14f3-af36-4512-b74b-b78ec9239ca3;430.47;0.13346001;UNKNOWN
2016-04-18T03:21:47.000000;2016-04-18T03:21:47.000000;f73dc6d5-e62b-4c65-9644-a0468c59ab55;430.47;0.04729496;UNKNOWN
2016-04-18T03:21:48.000000;2016-04-18T03:21:48.000000;6447a2e6-d580-4d45-89e6-a91055ab57bb;430.45;0.07004452;UNKNOWN
2016-04-18T03:21:49.000000;2016-04-18T03:21:49.000000;cac3ce38-f8b0-4a7e-b7b7-46a1f8dde1bb;430.47;0.14992273;UNKNOWN
2016-04-18T03:21:50.000000;2016-04-18T03:21:50.000000;569615c7-4b59-44f1-8685-c1350cad334e;430.47;0.05940308;UNKNOWN
2016-04-18T03:21:58.000000;2016-04-18T03:21:58.000000;3bba8aae-cb34-4da2-bc7c-456452efcf0d;430.47;0.1;UNKNOWN
2016-04-18T03:22:00.000000;2016-04-18T03:22:00.000000;778e36d2-f763-4611-8af9-302b7cddb0c0;430.47;0.20394149;UNKNOWN
2016-04-18T03:22:05.000000;2016-04-18T03:22:05.000000;0da98a87-7a98-4374-89cf-a40d157dfc75;430.47;0.04049499;UNKNOWN
2016-04-18T03:22:06.000000;2016-04-18T03:22:06.000000;c536ccc5-1dea-49be-9b35-22c4fdd2ace8;430.47;0.1;UNKNOWN
2016-04-18T03:22:06.000000;2016-04-18T03:22:06.000000;ff4230cf-878f-43d5-a388-f0d83ad953e8;430.47;0.03220125;UNKNOWN
2016-04-18T03:22:07.000000;2016-04-18T03:22:07.000000;e505d0d2-c7a8-49d9-affb-9446d35191ce;430.47;0.17020917;UNKNOWN
2016-04-18T03:22:08.000000;2016-04-18T03:22:08.000000;fda69512-f529-4a80-bb14-9b230b909bad;430.47;0.05060663;UNKNOWN
2016-04-18T03:22:10.000000;2016-04-18T03:22:10.000000;d593a223-d491-4aa3-8738-df9b94aafe0e;430.47;0.13392209;UNKNOWN
2016-04-18T03:22:14.000000;2016-04-18T03:22:14.000000;40080e45-0234-4086-b64c-f20d4aae6b0b;430.47;0.1;UNKNOWN
2016-04-18T03:22:20.000000;2016-04-18T03:22:20.000000;37e3b60d-8b4f-4e0d-8d40-d5aa4270d336;430.47;0.1;UNKNOWN
2016-04-18T03:22:26.000000;2016-04-18T03:22:26.000000;38b52076-a0ca-4544-a2e6-b891c74a1ffa;430.47;0.2006221;UNKNOWN
2016-04-18T03:22:27.000000;2016-04-18T03:22:27.000000;3d843ced-9abf-4d0d-abc3-085cd36ac00e;430.47;0.01577918;UNKNOWN
2016-04-18T03:22:28.000000;2016-04-18T03:22:28.000000;3e475d16-8d21-4708-8338-dd906ac9a254;430.47;0.01055179;UNKNOWN
2016-04-18T03:22:29.000000;2016-04-18T03:22:29.000000;eb8f60fd-695a-4fda-936d-111139254203;430.47;0.1;UNKNOWN
2016-04-18T03:22:30.000000;2016-04-18T03:22:30.000000;e2facec0-078e-4430-8d0e-154434cfffcd;430.47;0.15714997;UNKNOWN
2016-04-18T03:22:41.000000;2016-04-18T03:22:41.000000;6d1f09e0-23cf-4d05-95a0-b605cd1a36d9;430.47;0.17288272;UNKNOWN
2016-04-18T03:22:42.000000;2016-04-18T03:22:42.000000;a074d56a-9e07-4151-a8f4-e2a8b2b400d2;430.47;0.02268751;UNKNOWN
2016-04-18T03:22:43.000000;2016-04-18T03:22:43.000000;bd0810e5-db95-4859-bb4d-ef1b194fb11a;430.47;0.07475592;UNKNOWN
2016-04-18T03:22:44.000000;2016-04-18T03:22:44.000000;75be0c37-a40b-4f89-9f47-f7f6ff8a1109;430.47;0.17704604;UNKNOWN
2016-04-18T03:23:01.000000;2016-04-18T03:23:01.000000;9fac30c5-6e3c-4455-b39f-f70cf356a243;430.47;0.1663361;UNKNOWN
2016-04-18T03:23:02.000000;2016-04-18T03:23:02.000000;5a3c6a15-2f33-4399-acc1-40e051d213a9;430.47;0.07392841;UNKNOWN
2016-04-18T03:23:03.000000;2016-04-18T03:23:03.000000;04cc4270-b08c-433d-b266-fcea691663c9;430.47;0.01975502;UNKNOWN
2016-04-18T03:23:04.000000;2016-04-18T03:23:04.000000;a704e0ce-ec28-46c7-bbb0-bce784f3fd36;430.47;0.17329381;UNKNOWN
2016-04-18T03:23:54.000000;2016-04-18T03:23:54.000000;c96e0e92-4fd0-4e8b-8da2-d8f95d3cdfe9;430.47;0.06710105;UNKNOWN
2016-04-18T03:23:55.000000;2016-04-18T03:23:55.000000;dae67144-20c6-4e76-93fe-06749ab291bc;430.47;0.01375631;UNKNOWN
2016-04-18T03:23:56.000000;2016-04-18T03:23:56.000000;1b8b7857-2713-48c5-a5ea-408d31a0e373;430.47;0.16221818;UNKNOWN
2016-04-18T03:24:00.000000;2016-04-18T03:24:00.000000;16738a3e-5f1d-4a12-9cb3-b40d32831a1c;430.47;0.15409546;UNKNOWN
2016-04-18T03:24:02.000000;2016-04-18T03:24:02.000000;8d32d579-dbfd-4312-9089-5718cef7c592;430.47;0.05914699;UNKNOWN
2016-04-18T03:24:03.000000;2016-04-18T03:24:03.000000;742de181-59e1-4769-ae10-0ee89cc54e31;430.47;0.03918747;UNKNOWN
2016-04-18T03:24:03.000000;2016-04-18T03:24:03.000000;6a890d94-5193-4b5a-a6b7-1084f831532a;430.47;0.01428201;UNKNOWN
2016-04-18T03:24:04.000000;2016-04-18T03:24:04.000000;378d4efa-0307-4db3-b71b-b0fd1276b1a9;430.47;0.12940536;UNKNOWN
2016-04-18T03:24:10.000000;2016-04-18T03:24:10.000000;2869e8f8-c15a-4b8e-aa47-a6dbcb97c3c5;430.47;0.15810234;UNKNOWN
2016-04-18T03:24:12.000000;2016-04-18T03:24:12.000000;b2815209-01d7-48fb-b9b4-f4aaf86b7db9;430.47;0.07165686;UNKNOWN
2016-04-18T03:24:13.000000;2016-04-18T03:24:13.000000;2902659c-41af-4c7a-8b0d-a6b2101cd079;430.47;0.08480503;UNKNOWN
2016-04-18T03:24:14.000000;2016-04-18T03:24:14.000000;1f35e993-121a-4f6d-b2d5-2a9f74dafc64;430.47;0.16602249;UNKNOWN
2016-04-18T03:24:15.000000;2016-04-18T03:24:15.000000;c501294c-79de-4277-8ac4-63b25aff77f6;430.49;4.24751198;UNKNOWN
2016-04-18T03:24:15.000000;2016-04-18T03:24:15.000000;2915dbf3-78a1-4c6a-ac4d-47138939886a;430.48;0.1;UNKNOWN
2016-04-18T03:24:15.000000;2016-04-18T03:24:15.000000;659f31dd-d7f0-431d-a27c-85ba565a4636;430.48;0.1;UNKNOWN
2016-04-18T03:24:15.000000;2016-04-18T03:24:15.000000;2f2c5d93-82a9-467f-9d3a-8a99d8fc5e11;430.48;0.1;UNKNOWN
2016-04-18T03:24:15.000000;2016-04-18T03:24:15.000000;b106a6c4-9b4e-4831-984a-65df3eb3edca;430.49;0.25;UNKNOWN
2016-04-18T03:24:15.000000;2016-04-18T03:24:15.000000;fbc10349-9f3f-4e2d-ad77-489ad24d3e34;430.48;0.0197959;UNKNOWN
2016-04-18T03:24:15.000000;2016-04-18T03:24:15.000000;b5dbef02-bdb0-4637-869b-946816a173c5;430.49;0.18269212;UNKNOWN
2016-04-18T03:24:20.000000;2016-04-18T03:24:20.000000;6d2b25a1-872c-4120-a632-6ba7f1259415;430.49;1.0;UNKNOWN
2016-04-18T03:24:35.000000;2016-04-18T03:24:35.000000;49492808-aa1a-4627-9598-ed7d954ff253;430.48;0.13447259;UNKNOWN
2016-04-18T03:24:54.000000;2016-04-18T03:24:54.000000;c8d3eb0a-0765-4c10-a432-74406baf9f40;430.48;0.07022907;UNKNOWN
2016-04-18T03:24:57.000000;2016-04-18T03:24:57.000000;1ba5a03f-e96f-48c6-b95b-962327a226af;430.48;0.07022907;UNKNOWN
2016-04-18T03:25:00.000000;2016-04-18T03:25:00.000000;be584687-6746-420c-8319-69b9c3e9756b;430.48;0.07453274;UNKNOWN
2016-04-18T03:25:04.000000;2016-04-18T03:25:04.000000;873a18ec-80a4-47b2-a09c-050241ad4eb9;430.48;0.07453274;UNKNOWN
2016-04-18T03:25:08.000000;2016-04-18T03:25:08.000000;92846fc3-8138-4496-a598-f4a41f10c3f9;430.48;0.07453274;UNKNOWN
2016-04-18T03:25:21.000000;2016-04-18T03:25:21.000000;e77684b6-01d0-4883-97c1-8b4af8a80b57;430.48;0.01418095;UNKNOWN
2016-04-18T03:25:22.000000;2016-04-18T03:25:22.000000;0fe9e7bc-1c86-4804-977d-0ad504b40597;430.48;0.12386327;UNKNOWN
2016-04-18T03:25:23.000000;2016-04-18T03:25:23.000000;18f150d9-9f3b-42d9-acc5-640f07e377b9;430.48;0.19150725;UNKNOWN
2016-04-18T03:25:24.000000;2016-04-18T03:25:24.000000;45f09a0f-858c-479a-9e75-d330aa98bb49;430.48;0.07959631;UNKNOWN
2016-04-18T03:25:26.000000;2016-04-18T03:25:26.000000;5439f572-2c12-4e21-bf09-d05f3065d73a;430.48;0.08303158;UNKNOWN
2016-04-18T03:25:29.000000;2016-04-18T03:25:29.000000;6ff8dfbd-a948-4701-992d-0ca0578e491f;430.48;0.16357298;UNKNOWN
2016-04-18T03:25:31.000000;2016-04-18T03:25:31.000000;e5ad43f6-506b-4155-9f92-4b8c7af8b5f9;430.45;0.07834375;UNKNOWN
2016-04-18T03:25:32.000000;2016-04-18T03:25:32.000000;15f85be1-6653-4a2e-ae25-cd12bf71e8bb;430.48;0.0432534;UNKNOWN
2016-04-18T03:25:33.000000;2016-04-18T03:25:33.000000;63994311-fdd8-49e1-b427-99fa2e8e239e;430.48;0.16339564;UNKNOWN
2016-04-18T03:25:50.000000;2016-04-18T03:25:50.000000;1afca888-8a1d-436d-999d-54218e934131;430.48;0.14072132;UNKNOWN
2016-04-18T03:25:52.000000;2016-04-18T03:25:52.000000;b84d7ae6-d206-4313-a7f9-85de6b236bb3;430.48;0.16178439;UNKNOWN
2016-04-18T03:25:53.000000;2016-04-18T03:25:53.000000;5b176a0e-9aaf-4e89-9ce2-1450b41957b6;430.48;0.03183411;UNKNOWN
2016-04-18T03:25:54.000000;2016-04-18T03:25:54.000000;59c73f5a-1b5e-48c6-baf4-cd6079717f04;430.48;0.01697003;UNKNOWN
2016-04-18T03:25:55.000000;2016-04-18T03:25:55.000000;972315fe-4433-4c91-b1ef-2f64f298daf5;430.48;0.15361962;UNKNOWN
2016-04-18T03:25:58.000000;2016-04-18T03:25:58.000000;cdf93026-bf1c-4282-8349-19eef8c9b82a;430.48;0.11366201;UNKNOWN
2016-04-18T03:25:59.000000;2016-04-18T03:25:59.000000;909c6479-8245-478c-80d7-7eec6ae52bde;430.48;0.03586498;UNKNOWN
2016-04-18T03:26:01.000000;2016-04-18T03:26:01.000000;1fe294d7-fc23-4c3b-b332-7abc2ec9a923;430.48;0.05209024;UNKNOWN
2016-04-18T03:26:02.000000;2016-04-18T03:26:02.000000;4b1591c7-f285-47a3-88f3-67e1e01a7aca;430.48;0.17900793;UNKNOWN
2016-04-18T03:26:10.000000;2016-04-18T03:26:10.000000;b6fd3d61-1930-4b31-9520-b0ecd265995a;430.48;0.08814227;UNKNOWN
2016-04-18T03:26:26.000000;2016-04-18T03:26:26.000000;345b23dd-34ad-4867-b2fb-852ee5e499e6;430.48;0.13217519;UNKNOWN
2016-04-18T03:26:27.000000;2016-04-18T03:26:27.000000;fcb9b03e-040b-40dc-bdd8-6fe6bea8c548;430.48;0.03640428;UNKNOWN
2016-04-18T03:26:28.000000;2016-04-18T03:26:28.000000;9e440c47-aa73-4fed-b9b1-cbe34bb5b129;430.48;0.0102452;UNKNOWN
2016-04-18T03:26:29.000000;2016-04-18T03:26:29.000000;ff02cf65-1d6b-44ed-8bde-6546f0cdd21c;430.48;0.12229165;UNKNOWN
2016-04-18T03:26:31.000000;2016-04-18T03:26:31.000000;cc5f625a-f32d-4b22-8f20-fe6ac213e22a;430.48;0.17165686;UNKNOWN
2016-04-18T03:27:02.000000;2016-04-18T03:27:02.000000;5bbae110-82c2-4b4d-9cc0-9d1cfb757a2a;430.48;0.04036095;UNKNOWN
2016-04-18T03:27:22.000000;2016-04-18T03:27:22.000000;6301c665-2a70-4c05-a900-070122b1fc9e;430.48;0.014967;UNKNOWN
2016-04-18T03:27:23.000000;2016-04-18T03:27:23.000000;2c6849e2-5593-47ca-a9fd-65ec75575ed9;430.48;0.06245253;UNKNOWN
2016-04-18T03:27:24.000000;2016-04-18T03:27:24.000000;b4fc6e64-1e1b-41fc-91a0-e599904f7122;430.48;0.14852672;UNKNOWN
2016-04-18T03:27:36.000000;2016-04-18T03:27:36.000000;c35a8971-53ad-42c3-82a6-384ff2f16f1c;430.48;0.15853742;UNKNOWN
2016-04-18T03:27:37.000000;2016-04-18T03:27:37.000000;588ebf6a-ed18-4097-9d1b-41a856760124;430.45;0.07486043;UNKNOWN
2016-04-18T03:27:38.000000;2016-04-18T03:27:38.000000;c4a5eeaa-cf4c-4002-adeb-473ea0927b7c;430.48;0.02290611;UNKNOWN
2016-04-18T03:27:39.000000;2016-04-18T03:27:39.000000;b38d5ad3-0bb4-4491-8763-ac556cd72c1f;430.48;0.11847052;UNKNOWN
2016-04-18T03:27:40.000000;2016-04-18T03:27:40.000000;bbb2929a-e151-4bc6-8790-212085262f64;430.48;0.13853862;UNKNOWN
2016-04-18T03:27:41.000000;2016-04-18T03:27:41.000000;ad8c41f0-a731-4bfc-a586-39ad3194bcd2;430.48;0.02289754;UNKNOWN
2016-04-18T03:27:43.000000;2016-04-18T03:27:43.000000;c5cd3ba6-6c0e-4e6c-84e9-27432aaa0dc4;430.48;0.01404492;UNKNOWN
2016-04-18T03:27:44.000000;2016-04-18T03:27:44.000000;7c35bf2e-a575-4c74-980e-cdaca422c3b2;430.48;0.17782495;UNKNOWN
2016-04-18T03:27:51.000000;2016-04-18T03:27:51.000000;ab0ca7b8-50f8-4bc5-b29b-c8f09183c845;430.48;0.16551758;UNKNOWN
2016-04-18T03:27:52.000000;2016-04-18T03:27:52.000000;be3d242b-11b9-4803-bd65-7f85154cee22;430.48;0.05557955;UNKNOWN
2016-04-18T03:27:53.000000;2016-04-18T03:27:53.000000;dabde780-0c92-46c6-ac1e-ef8014ba0dee;430.48;0.06451804;UNKNOWN
2016-04-18T03:27:54.000000;2016-04-18T03:27:54.000000;5119a74a-7830-408e-853d-ae4c49795068;430.48;0.18225134;UNKNOWN
2016-04-18T03:28:11.000000;2016-04-18T03:28:11.000000;fadd785c-a034-4a1d-b0ac-6ce94e753949;430.48;0.19759739;UNKNOWN
2016-04-18T03:28:12.000000;2016-04-18T03:28:12.000000;b2e53952-dbc9-4db0-881a-5f99c8c57210;430.48;0.18227579;UNKNOWN
2016-04-18T03:28:13.000000;2016-04-18T03:28:13.000000;cec8aa2c-197d-4034-8d0d-dd75e4667877;430.48;0.02868036;UNKNOWN
2016-04-18T03:28:14.000000;2016-04-18T03:28:14.000000;b5c8b2b7-159f-44f4-acbc-876bbef99890;430.48;0.03256217;UNKNOWN
2016-04-18T03:28:15.000000;2016-04-18T03:28:15.000000;07a3d89b-2617-4f6a-a394-dfdc5e334692;430.48;0.13289538;UNKNOWN
2016-04-18T03:28:26.000000;2016-04-18T03:28:26.000000;571d1688-c2dc-42fc-9bfe-52604205e72d;430.48;0.12945503;UNKNOWN
2016-04-18T03:28:28.000000;2016-04-18T03:28:28.000000;6ca5b4e3-3bcc-4c9d-9a10-82079b63ced1;430.48;0.02416139;UNKNOWN
2016-04-18T03:28:29.000000;2016-04-18T03:28:29.000000;d1eb5e92-67e4-46c3-a8de-916f8d555ab1;430.48;0.0251852;UNKNOWN
2016-04-18T03:28:31.000000;2016-04-18T03:28:31.000000;2a04022f-0a51-4ed2-ae82-bf29f96eddf6;430.48;0.13544992;UNKNOWN
2016-04-18T03:28:35.000000;2016-04-18T03:28:35.000000;adf9894e-3638-47be-8ceb-1b80c5035ea7;430.48;6.8915;UNKNOWN
2016-04-18T03:29:04.000000;2016-04-18T03:29:04.000000;a5783e97-e6c9-454f-8634-0620e379a21a;430.49;19.74248802;UNKNOWN
2016-04-18T03:29:04.000000;2016-04-18T03:29:04.000000;ea815bd8-5d1e-487d-8116-80f985a0af94;430.49;0.25;UNKNOWN
2016-04-18T03:29:04.000000;2016-04-18T03:29:04.000000;7a79cfb8-6387-4a6f-9c9c-fd3044c64d4b;430.49;6.00751198;UNKNOWN
2016-04-18T03:29:23.000000;2016-04-18T03:29:23.000000;c9f464fb-38b6-4067-9ffe-0d9cfeb1ed46;430.49;0.03110909;UNKNOWN
2016-04-18T03:29:24.000000;2016-04-18T03:29:24.000000;ad29b35e-c61a-47b2-bd10-09ba4ef8403e;430.49;0.07568128;UNKNOWN
2016-04-18T03:29:26.000000;2016-04-18T03:29:26.000000;12a0340f-0614-409a-8ba7-3f0c47f2888a;430.49;0.12386137;UNKNOWN
2016-04-18T03:29:29.000000;2016-04-18T03:29:29.000000;0d52743d-ed09-4ab9-9278-b6a17a4483c1;430.49;0.17668931;UNKNOWN
2016-04-18T03:29:30.000000;2016-04-18T03:29:30.000000;1623ee49-26cd-4b4d-bafd-aa8d1343ce1e;430.49;0.04508697;UNKNOWN
2016-04-18T03:29:31.000000;2016-04-18T03:29:31.000000;0918d0b8-d6ef-4b66-bea9-8337c5cdb8f8;430.49;0.04675172;UNKNOWN
2016-04-18T03:29:32.000000;2016-04-18T03:29:32.000000;1b592588-ff92-472a-b491-aba2bb25b114;430.49;0.18768322;UNKNOWN
2016-04-18T03:29:34.000000;2016-04-18T03:29:34.000000;3c445a5c-e80b-4202-afa1-98f47f9fb4bd;430.49;0.19191015;UNKNOWN
2016-04-18T03:29:35.000000;2016-04-18T03:29:35.000000;bd859eac-a913-4e90-9665-c33823c9ae5b;430.49;0.01499453;UNKNOWN
2016-04-18T03:29:36.000000;2016-04-18T03:29:36.000000;fe620725-2e81-4321-92ca-b85c3209dc64;430.49;0.05195757;UNKNOWN
2016-04-18T03:29:37.000000;2016-04-18T03:29:37.000000;2105f1d7-8077-49b4-98cb-91b12f845def;430.49;0.14800864;UNKNOWN
2016-04-18T03:29:51.000000;2016-04-18T03:29:51.000000;83b66973-32e3-4d0a-996a-b16f95137bff;430.49;0.20669781;UNKNOWN
2016-04-18T03:29:52.000000;2016-04-18T03:29:52.000000;0208429e-272e-472b-bc5f-937ba2f68e8f;430.49;0.07897671;UNKNOWN
2016-04-18T03:30:01.000000;2016-04-18T03:30:01.000000;0753af76-a88a-4095-96c5-252e5b5fd868;430.49;0.11565796;UNKNOWN
2016-04-18T03:30:02.000000;2016-04-18T03:30:02.000000;81180075-56d0-48fa-aad5-64bb4b6838bd;430.49;0.01329303;UNKNOWN
2016-04-18T03:30:03.000000;2016-04-18T03:30:03.000000;eb6b0d3a-63ab-408c-8774-968d6279679f;430.49;0.13009944;UNKNOWN
2016-04-18T03:30:10.000000;2016-04-18T03:30:10.000000;96169aa9-e17b-40e0-b089-400640b4ac59;430.49;0.11987134;UNKNOWN
2016-04-18T03:30:11.000000;2016-04-18T03:30:11.000000;88fd6fd0-06c0-4763-8ca4-80605cf7aef4;430.49;0.02593086;UNKNOWN
2016-04-18T03:30:16.000000;2016-04-18T03:30:16.000000;788cd203-74d0-4ae7-90af-72b072201712;430.49;0.0116044;UNKNOWN
2016-04-18T03:31:03.000000;2016-04-18T03:31:03.000000;1d9b8457-006c-4d6d-9562-b40f91117065;430.49;0.06003264;UNKNOWN
2016-04-18T03:31:05.000000;2016-04-18T03:31:05.000000;297bcf43-e575-494e-9040-027c7aa44a04;430.49;0.18245965;UNKNOWN
2016-04-18T03:31:06.000000;2016-04-18T03:31:06.000000;455cf4fd-eaa5-4030-a123-27816752ce6d;430.49;0.07108675;UNKNOWN
2016-04-18T03:31:08.000000;2016-04-18T03:31:08.000000;79dc29bc-8b97-4b61-9539-e270e19b4a26;430.49;0.12910599;UNKNOWN
2016-04-18T03:31:09.000000;2016-04-18T03:31:09.000000;d0e66a0d-4f22-4e33-af6c-125128fe3329;430.49;0.0709116;UNKNOWN
2016-04-18T03:31:10.000000;2016-04-18T03:31:10.000000;d9824744-2e80-4f1a-a482-2a873ea3e10a;430.49;0.04151399;UNKNOWN
2016-04-18T03:31:11.000000;2016-04-18T03:31:11.000000;f2b2a694-3cc9-47c5-8e56-f94dec290b3c;430.49;0.183948;UNKNOWN
2016-04-18T03:31:12.000000;2016-04-18T03:31:12.000000;037000ad-5842-4d7c-abd6-f23583d1a543;430.49;0.13641171;UNKNOWN
2016-04-18T03:31:14.000000;2016-04-18T03:31:14.000000;3d93af7b-29bc-4fd0-9826-c3462b177b53;430.49;0.0861023;UNKNOWN
2016-04-18T03:31:22.000000;2016-04-18T03:31:22.000000;565fb387-ddf1-44c6-b072-b960e116c06f;430.49;0.07907071;UNKNOWN
2016-04-18T03:31:23.000000;2016-04-18T03:31:23.000000;a21ff1fb-8f7b-44af-a283-073ba74ae44d;430.49;0.14746454;UNKNOWN
2016-04-18T03:31:34.000000;2016-04-18T03:31:34.000000;2138275f-6c62-4a03-9dde-c8d37b3d6e9b;430.49;0.19976557;UNKNOWN
2016-04-18T03:31:36.000000;2016-04-18T03:31:36.000000;be4df6bb-bb02-458e-9cb8-1c06c63db52b;430.49;0.01024974;UNKNOWN
2016-04-18T03:31:38.000000;2016-04-18T03:31:38.000000;97a0a46e-43b0-473d-ac39-9a81489664b4;430.49;0.18663081;UNKNOWN
2016-04-18T03:31:46.000000;2016-04-18T03:31:46.000000;c016ab24-01a7-4630-9b07-18d9979ebbe9;430.49;0.18193784;UNKNOWN
2016-04-18T03:32:31.000000;2016-04-18T03:32:31.000000;1898f92e-e1f7-4d00-bb4d-a91559621a1a;430.49;0.14901841;UNKNOWN
2016-04-18T03:32:32.000000;2016-04-18T03:32:32.000000;2448e858-705a-49df-83cc-6a78821f282a;430.49;0.05409301;UNKNOWN
2016-04-18T03:32:33.000000;2016-04-18T03:32:33.000000;ab41d839-f0af-4d49-8747-17f530ee1d01;430.49;0.15020843;UNKNOWN
2016-04-18T03:32:34.000000;2016-04-18T03:32:34.000000;85b9e7c4-60f1-48a9-a2f4-04819575f9bf;430.49;0.08826453;UNKNOWN
2016-04-18T03:32:36.000000;2016-04-18T03:32:36.000000;12694b1d-01e1-4c06-8f4e-cff921af1995;430.49;0.19358591;UNKNOWN
2016-04-18T03:32:39.000000;2016-04-18T03:32:39.000000;374c7f53-2a54-49cd-b053-d2b88dfc5b25;430.49;0.07411135;UNKNOWN
2016-04-18T03:32:40.000000;2016-04-18T03:32:40.000000;4016474f-562f-4d74-8b4d-17acf7a085b5;430.49;0.14068597;UNKNOWN
2016-04-18T03:32:42.000000;2016-04-18T03:32:42.000000;7ab1e048-d1ee-439a-aa78-504d8afa27be;430.49;0.12312573;UNKNOWN
2016-04-18T03:32:46.000000;2016-04-18T03:32:46.000000;61e3ae6c-8f6c-4072-9230-2cab28f2f302;430.5;0.01;UNKNOWN
2016-04-18T03:33:36.000000;2016-04-18T03:33:36.000000;9247596c-3218-4280-b081-0ac114ae3e9b;430.49;0.02119092;UNKNOWN
2016-04-18T03:36:07.000000;2016-04-18T03:36:07.000000;78994c40-36fc-441e-a5f2-eaa782d3bce8;430.49;0.07093912;UNKNOWN
2016-04-18T03:36:23.000000;2016-04-18T03:36:23.000000;e7d8b593-94eb-4dad-9a83-9ce67b2bfb0c;430.5;3.2;UNKNOWN
2016-04-18T03:36:35.000000;2016-04-18T03:36:35.000000;b80a75da-8eba-42b5-80c6-4b3261b6f453;430.5;3.0;UNKNOWN
2016-04-18T03:36:47.000000;2016-04-18T03:36:47.000000;5221e5e5-f6a1-4baa-bffb-2734d2f0be1f;430.5;0.05;UNKNOWN
2016-04-18T03:38:02.000000;2016-04-18T03:38:02.000000;1f002de3-9a11-448c-91e2-8096a3390b59;430.5;0.0279;UNKNOWN
2016-04-18T03:38:52.000000;2016-04-18T03:38:52.000000;fd1ab7ae-75c2-46e0-8caa-f40cbaefb7f9;430.5;0.01;UNKNOWN
2016-04-18T03:41:03.000000;2016-04-18T03:41:03.000000;e963143f-a969-4d64-ab0f-5aab92a84974;430.49;0.09743785;UNKNOWN
2016-04-18T03:42:45.000000;2016-04-18T03:42:45.000000;adbab9ac-4b14-42a0-ac7c-d65c09f9043c;430.5;0.1626;UNKNOWN
2016-04-18T03:44:04.000000;2016-04-18T03:44:04.000000;6bbf6ffe-5de0-4c59-a7c1-399f93fe84fb;430.5;0.1333;UNKNOWN
2016-04-18T03:48:04.000000;2016-04-18T03:48:04.000000;7353d124-8ab1-49d6-95e9-45ca3a0dc5d0;430.49;0.04900696;UNKNOWN
2016-04-18T03:48:17.000000;2016-04-18T03:48:17.000000;e4c4f6eb-b739-43a3-af91-bf32964482e6;430.49;0.01268216;UNKNOWN
2016-04-18T03:48:55.000000;2016-04-18T03:48:55.000000;7f0a03e2-72bc-431d-8a82-c679050add1d;430.49;0.09310358;UNKNOWN
2016-04-18T03:51:25.000000;2016-04-18T03:51:25.000000;1c4a74ba-60d0-4976-a786-ee58576a63a4;430.5;0.062918;UNKNOWN
2016-04-18T03:53:23.000000;2016-04-18T03:53:23.000000;5812f377-cfa1-447e-9b3e-e6b7fbbeab80;430.49;0.4334;UNKNOWN
2016-04-18T03:53:23.000000;2016-04-18T03:53:23.000000;f206efc6-b474-4a7e-9a73-323af5d74ff0;430.49;0.3457;UNKNOWN
2016-04-18T03:54:04.000000;2016-04-18T03:54:04.000000;8915d0b4-ff37-43c4-8c27-fc9880726198;430.49;0.23;UNKNOWN
2016-04-18T03:55:36.000000;2016-04-18T03:55:36.000000;5e175c80-af69-4d5f-a371-a868c1080bff;430.5;0.112932;UNKNOWN
2016-04-18T03:56:04.000000;2016-04-18T03:56:04.000000;ebf5b35e-92bc-465e-baef-6355fe5bb177;430.5;0.1;UNKNOWN
2016-04-18T03:56:33.000000;2016-04-18T03:56:33.000000;d8382198-ce27-4b19-99c7-b6331aab498b;430.49;0.06283;UNKNOWN
2016-04-18T03:56:33.000000;2016-04-18T03:56:33.000000;4a6aaea9-35b3-4c04-ad65-ea376a5124af;430.49;1.2828569;UNKNOWN
2016-04-18T03:58:04.000000;2016-04-18T03:58:04.000000;a4de1409-df4b-4b76-a4f9-2bd9abc1cb77;430.49;0.19;UNKNOWN
2016-04-18T03:58:15.000000;2016-04-18T03:58:15.000000;138d15fc-ebea-41ea-9d51-a722c81b09ad;430.49;1.0;UNKNOWN
2016-04-18T03:58:15.000000;2016-04-18T03:58:15.000000;09b50ef3-2e75-4a79-928f-5e2b6e6b539a;430.49;1.0;UNKNOWN
2016-04-18T03:58:16.000000;2016-04-18T03:58:16.000000;6d3b3e2d-6a73-4085-97f8-e7c442ff8d4a;430.49;1.0;UNKNOWN
2016-04-18T03:58:16.000000;2016-04-18T03:58:16.000000;6da57466-88d4-4d39-b4f0-fe7f56644c06;430.49;1.0;UNKNOWN
2016-04-18T03:58:18.000000;2016-04-18T03:58:18.000000;63f28f71-1023-4735-bb37-471c5ca213e2;430.49;1.0;UNKNOWN
2016-04-18T03:59:07.000000;2016-04-18T03:59:07.000000;dcfcd203-72b1-4df8-bb1c-56bbef42d569;430.49;0.03;UNKNOWN
2016-04-18T03:59:09.000000;2016-04-18T03:59:09.000000;fc9937b7-fa5f-4c83-a05f-ebf1a110c41c;430.49;0.03;UNKNOWN
2016-04-18T04:02:54.000000;2016-04-18T04:02:54.000000;1c4f936a-dbf2-4845-aafd-7477b11ed42d;430.49;2.0;UNKNOWN
2016-04-18T04:04:16.000000;2016-04-18T04:04:16.000000;9268eb5b-ed13-4938-a3ef-7c6be8adf728;430.49;5.3555892;UNKNOWN
2016-04-18T04:04:16.000000;2016-04-18T04:04:16.000000;c8803028-b6d5-4d8c-a553-ffd7f9377876;430.49;0.7875;UNKNOWN
2016-04-18T04:04:32.000000;2016-04-18T04:04:32.000000;b740c85a-b3cb-478c-a44d-642406f2e3d3;430.49;0.0884484;UNKNOWN
2016-04-18T04:04:44.000000;2016-04-18T04:04:44.000000;5393fa36-35a6-4d4a-b40b-a0bc357d687b;430.49;1.20308023;UNKNOWN
2016-04-18T04:05:13.000000;2016-04-18T04:05:13.000000;af134de9-077b-4afe-a501-33b2416f4559;430.49;0.04971538;UNKNOWN
2016-04-18T04:05:16.000000;2016-04-18T04:05:16.000000;27673e03-8454-492a-83a2-9ec2b5168c93;430.47;0.78;UNKNOWN
2016-04-18T04:06:28.000000;2016-04-18T04:06:28.000000;7b086893-6c92-4ca2-b569-c1f43fdbaa61;430.49;0.07722659;UNKNOWN
2016-04-18T04:06:29.000000;2016-04-18T04:06:29.000000;ccefff91-e230-4b63-b86b-33e4f7eedf2f;430.47;0.07722876;UNKNOWN
2016-04-18T04:06:30.000000;2016-04-18T04:06:30.000000;d8f18407-9cca-441d-be6b-8c203d36bb7e;430.47;0.03845856;UNKNOWN
2016-04-18T04:06:30.000000;2016-04-18T04:06:30.000000;b73ca70b-4914-4268-a99a-a5a2c23939bd;430.49;0.0387702;UNKNOWN
2016-04-18T04:06:36.000000;2016-04-18T04:06:36.000000;1da6fafd-7f54-4774-a838-ee22a7b184a6;430.47;0.5;UNKNOWN
2016-04-18T04:07:44.000000;2016-04-18T04:07:44.000000;aae9a504-0064-47b7-be30-44d0408ec8f5;430.47;4.00431268;UNKNOWN
2016-04-18T04:07:44.000000;2016-04-18T04:07:44.000000;2fd0e83f-6b91-4a19-b968-7b189ced48c6;430.14;11.0474;UNKNOWN
2016-04-18T04:07:44.000000;2016-04-18T04:07:44.000000;1a43b485-27a2-4878-9df3-f1748f354fb0;430.1;50.0;UNKNOWN
2016-04-18T04:07:44.000000;2016-04-18T04:07:44.000000;118a928e-bb76-4366-9cd3-0ced69ce190d;430.11;9.24;UNKNOWN
2016-04-18T04:07:44.000000;2016-04-18T04:07:44.000000;8b1ca835-f5d8-43da-8352-0b41099ffaf4;430.02;9.14;UNKNOWN
2016-04-18T04:07:44.000000;2016-04-18T04:07:44.000000;c61eb1cc-b85a-4a1a-8dc0-3134e74ab9e9;430.01;12.66983294;UNKNOWN
2016-04-18T04:07:44.000000;2016-04-18T04:07:44.000000;8b19c6fe-fba9-46f2-be48-955078a22f82;430.27;6.9242;UNKNOWN
2016-04-18T04:07:44.000000;2016-04-18T04:07:44.000000;e3fe55f2-1300-44ca-b2e1-6919cc25384b;430.02;10.6427;UNKNOWN
2016-04-18T04:07:44.000000;2016-04-18T04:07:44.000000;5598e2c0-4a62-48d8-b5b6-36061f271a96;430.06;0.34667412;UNKNOWN
2016-04-18T04:07:44.000000;2016-04-18T04:07:44.000000;4272697f-b90c-4c4b-8e46-444187719bf3;430.12;8.8606;UNKNOWN
2016-04-18T04:07:44.000000;2016-04-18T04:07:44.000000;e178017d-ebe3-4376-a304-0b9c5ffc19a1;430.49;0.06628026;UNKNOWN
2016-04-18T04:07:44.000000;2016-04-18T04:07:44.000000;8ade2d4f-3c8e-4872-85ce-becd1d2f4b9d;430.3;0.058;UNKNOWN
2016-04-18T04:08:39.000000;2016-04-18T04:08:39.000000;68d29ac5-4e80-4921-ab38-d04d3523400f;430.03;0.44974977;UNKNOWN
2016-04-18T04:08:39.000000;2016-04-18T04:08:39.000000;3f3891b3-4e4d-467a-b009-b7cfd284d756;430.35;0.04970848;UNKNOWN
2016-04-18T04:09:35.000000;2016-04-18T04:09:35.000000;dec16a78-135c-49ad-97a2-99e713ff1575;430.12;0.01;UNKNOWN
2016-04-18T04:09:35.000000;2016-04-18T04:09:35.000000;ac0f8cc6-ad20-4248-9b19-4ee91cd90f8c;430.01;0.01637351;UNKNOWN
2016-04-18T04:10:19.000000;2016-04-18T04:10:19.000000;af458abd-927f-42f4-ad7f-daa39fb7b735;430.01;0.09651049;UNKNOWN
2016-04-18T04:10:19.000000;2016-04-18T04:10:19.000000;dc0d0bf7-be9c-4733-bcbe-711c3758b1cd;430.02;0.058;UNKNOWN
2016-04-18T04:10:20.000000;2016-04-18T04:10:20.000000;e9c78ac1-fd25-4acb-8e39-162d8bd4dff3;430.01;0.15449528;UNKNOWN
2016-04-18T04:10:21.000000;2016-04-18T04:10:21.000000;0393b643-51be-46a9-b033-5459f4b5fa07;430.01;0.15451049;UNKNOWN
2016-04-18T04:10:22.000000;2016-04-18T04:10:22.000000;3f5eb40f-d48d-4abe-b7e6-582e1eb8f765;430.01;0.15449528;UNKNOWN
2016-04-18T04:11:04.000000;2016-04-18T04:11:04.000000;dfc2dacf-a006-4bcf-94d0-0a38dc150e0e;430.01;0.52255234;UNKNOWN
2016-04-18T04:12:46.000000;2016-04-18T04:12:46.000000;a77bffd9-90aa-4a51-9c9c-0ef822c6be34;430.01;0.33043634;UNKNOWN
2016-04-18T04:12:46.000000;2016-04-18T04:12:46.000000;9b6e9d3f-e03a-44c9-81a7-4a675fe2c40a;430.01;0.15643229;UNKNOWN
2016-04-18T04:12:46.000000;2016-04-18T04:12:46.000000;3bed8293-cfd2-4b08-aca8-029a595b9d65;430.02;0.174;UNKNOWN
2016-04-18T04:17:35.000000;2016-04-18T04:17:35.000000;a5141f6b-5cc9-4369-8df1-4dd5348f0a05;430.01;0.284253;UNKNOWN
2016-04-18T04:18:04.000000;2016-04-18T04:18:04.000000;7937ae02-638e-4bb6-9000-b90add87e578;430.01;0.021;UNKNOWN
2016-04-18T04:19:03.000000;2016-04-18T04:19:03.000000;b51880ed-446d-45ce-ba23-c80c34874176;430.06;0.97935108;UNKNOWN
2016-04-18T04:20:06.000000;2016-04-18T04:20:06.000000;6421c926-0e6b-4719-8cc5-97756d034772;430.01;0.14486463;UNKNOWN
2016-04-18T04:21:03.000000;2016-04-18T04:21:03.000000;47645865-87ae-4d5c-afbe-5fa17ec81c9b;430.02;0.037283;UNKNOWN
2016-04-18T04:21:12.000000;2016-04-18T04:21:12.000000;868071d8-4e13-477c-af3a-09aa75146f78;430.02;0.22136782;UNKNOWN
2016-04-18T04:30:32.000000;2016-04-18T04:30:32.000000;4344107c-5b83-40d3-874c-c98d6589aeb4;430.04;0.1331;UNKNOWN
2016-04-18T04:36:53.000000;2016-04-18T04:36:53.000000;b065b4ce-4383-4fef-b17b-e47d0cbc4225;430.07;2.0;UNKNOWN
2016-04-18T04:37:27.000000;2016-04-18T04:37:27.000000;5d6a0bca-348d-4333-b77d-ff111338b8fd;430.01;0.03976608;UNKNOWN
2016-04-18T04:38:03.000000;2016-04-18T04:38:03.000000;664ca631-b822-4ea7-95f3-aae6df202d60;430.07;0.83949488;UNKNOWN
2016-04-18T04:40:32.000000;2016-04-18T04:40:32.000000;1d0efae6-93e8-4185-a2c2-24da853bad24;430.01;0.12132017;UNKNOWN
2016-04-18T04:40:32.000000;2016-04-18T04:40:32.000000;3c95f28f-8713-4261-a715-07b6c38237dc;430.01;0.03385096;UNKNOWN
2016-04-18T04:41:05.000000;2016-04-18T04:41:05.000000;516d4e6e-ebfb-4a88-a522-857ca51478b9;430.07;0.21950314;UNKNOWN
2016-04-18T04:41:05.000000;2016-04-18T04:41:05.000000;ea09623e-2546-4b2a-a5a6-a401064c22df;430.07;1.18050512;UNKNOWN
2016-04-18T04:43:03.000000;2016-04-18T04:43:03.000000;4f47ea1a-e779-45dc-bc18-0e307e1f7431;430.04;0.15001489;UNKNOWN
2016-04-18T04:44:04.000000;2016-04-18T04:44:04.000000;d006575d-7b40-4d4d-af32-d41bb896c25d;430.05;0.150067;UNKNOWN
2016-04-18T04:45:03.000000;2016-04-18T04:45:03.000000;28a51047-6a6a-4e53-9c94-39a5ddb69c6d;430.04;0.150067;UNKNOWN
2016-04-18T04:45:05.000000;2016-04-18T04:45:05.000000;6ca636f4-89d0-4b82-b2ba-618145baf00c;430.05;0.1502799;UNKNOWN
2016-04-18T04:45:35.000000;2016-04-18T04:45:35.000000;f62dd79d-a051-41d4-8d9c-0155c34f59af;430.04;0.394668;UNKNOWN
2016-04-18T04:46:03.000000;2016-04-18T04:46:03.000000;a5247920-5f01-45d8-abdc-8410268893fe;430.05;0.1502799;UNKNOWN
2016-04-18T04:47:28.000000;2016-04-18T04:47:28.000000;aaa57cf6-b389-4f4c-a9d2-324ddc480179;430.04;6.9342;UNKNOWN
2016-04-18T04:47:28.000000;2016-04-18T04:47:28.000000;fcf159b0-356a-424f-8a25-1ff7b24f61be;430.04;8.17295011;UNKNOWN
2016-04-18T04:47:28.000000;2016-04-18T04:47:28.000000;9a8196f2-06a1-4443-828f-b2655694ae6f;430.04;0.174;UNKNOWN
2016-04-18T04:48:04.000000;2016-04-18T04:48:04.000000;6d5e7e19-8e6d-4a37-b7fd-ac28bf0df6f2;430.01;0.15014226;UNKNOWN
2016-04-18T04:48:05.000000;2016-04-18T04:48:05.000000;2383e8e1-a0b9-4280-8d25-dfa0f8da0fe2;430.04;0.23474178;UNKNOWN
2016-04-18T04:49:49.000000;2016-04-18T04:49:49.000000;d4172b30-16f4-4f93-b122-5b8f28a60d00;430.07;0.093;UNKNOWN
2016-04-18T04:49:57.000000;2016-04-18T04:49:57.000000;0843d0f5-8706-49a5-ae74-1f20bc787163;430.01;4.55;UNKNOWN
2016-04-18T04:51:02.000000;2016-04-18T04:51:02.000000;3e821b7f-f957-4e05-be15-51e2f5c9cf2f;430.01;5.0;UNKNOWN
2016-04-18T04:51:22.000000;2016-04-18T04:51:22.000000;fd08b037-c626-407c-b39e-005fc43435af;430.06;0.3487;UNKNOWN
2016-04-18T04:51:22.000000;2016-04-18T04:51:22.000000;cda9e217-c0c0-4d11-a17d-5ee73bfecff7;430.14;10.6397;UNKNOWN
2016-04-18T04:51:22.000000;2016-04-18T04:51:22.000000;e1d95b1f-1e24-4746-8c0b-d8032dff0991;430.06;6.9345;UNKNOWN
2016-04-18T04:51:22.000000;2016-04-18T04:51:22.000000;763d2349-14e1-499d-9d93-36653013aef9;430.25;1.56649715;UNKNOWN
2016-04-18T04:51:22.000000;2016-04-18T04:51:22.000000;5212d238-8602-41c3-bd30-5c7242200cf9;430.07;1.67749686;UNKNOWN
2016-04-18T04:53:20.000000;2016-04-18T04:53:20.000000;7716163c-2002-436e-81b6-d585c2924cdf;430.5;9.91385;UNKNOWN
2016-04-18T04:53:20.000000;2016-04-18T04:53:20.000000;6e624bc3-dd4c-442a-8e17-22cf5080c537;430.5;3.13035;UNKNOWN
2016-04-18T04:53:20.000000;2016-04-18T04:53:20.000000;325a6434-724f-4ca0-9a9a-eccd64ca27ca;430.43;6.8922;UNKNOWN
2016-04-18T04:53:20.000000;2016-04-18T04:53:20.000000;6df5931e-217f-48cb-ad7b-c6b1f1c37cc2;430.44;7.5236;UNKNOWN
2016-04-18T04:53:20.000000;2016-04-18T04:53:20.000000;8b1e31cb-c3d1-41d6-a1fd-1e8a38fcb86d;430.5;2.0;UNKNOWN
2016-04-18T04:53:20.000000;2016-04-18T04:53:20.000000;3f6f0dac-a231-41ce-8c79-2a50336a7c90;430.5;0.25;UNKNOWN
2016-04-18T04:53:20.000000;2016-04-18T04:53:20.000000;d02bfeea-46aa-4c2d-bff1-3ef9f1b8165d;430.5;0.25;UNKNOWN
2016-04-18T04:53:20.000000;2016-04-18T04:53:20.000000;765dff69-dfdb-4b69-ba87-e5995ddf5c6d;430.5;0.04;UNKNOWN
2016-04-18T04:53:22.000000;2016-04-18T04:53:22.000000;9c89455e-007c-4387-8541-23f4e47e2f22;430.5;4.0;UNKNOWN
2016-04-18T04:54:03.000000;2016-04-18T04:54:03.000000;8a865e77-4c1b-4054-8177-0d92aa109c99;430.08;0.1503157;UNKNOWN
2016-04-18T04:54:05.000000;2016-04-18T04:54:05.000000;22a1c1bc-50a0-4e64-9561-8512c0791768;430.08;0.15003762;UNKNOWN
2016-04-18T04:57:35.000000;2016-04-18T04:57:35.000000;dcef390b-7d97-454f-b756-381e25fa6f11;430.01;11.4292;UNKNOWN
2016-04-18T04:57:35.000000;2016-04-18T04:57:35.000000;ce5eb6ed-768f-44be-be4c-2db3befe2495;430.03;8.7284;UNKNOWN
2016-04-18T04:57:35.000000;2016-04-18T04:57:35.000000;553005e9-6a9e-417e-b969-292028bdeeb7;430.02;6.9427;UNKNOWN
2016-04-18T04:57:35.000000;2016-04-18T04:57:35.000000;eaa73c6b-454f-4c53-9869-46d82e83f651;430.01;0.05;UNKNOWN
2016-04-18T04:57:35.000000;2016-04-18T04:57:35.000000;0d1419fa-109c-4837-9c68-969386812707;430.01;0.38916394;UNKNOWN
2016-04-18T04:58:13.000000;2016-04-18T04:58:13.000000;6778490c-38de-4455-beee-1f08a3e481af;429.97;0.12742306;UNKNOWN
2016-04-18T04:58:14.000000;2016-04-18T04:58:14.000000;fb7a1d13-b675-4638-ab7b-3f0933f60718;430.01;0.02119092;UNKNOWN
2016-04-18T04:58:16.000000;2016-04-18T04:58:16.000000;8c4a4281-886f-463d-ad76-6d1125dafdcc;430.02;0.06357276;UNKNOWN
2016-04-18T04:58:19.000000;2016-04-18T04:58:19.000000;7f781320-ed24-49aa-b218-3bd2fb581370;430.03;0.17326958;UNKNOWN
2016-04-18T04:58:21.000000;2016-04-18T04:58:21.000000;38a57c07-074b-4a65-b1e4-dfecfe340f57;430.04;0.12479458;UNKNOWN
2016-04-18T04:58:22.000000;2016-04-18T04:58:22.000000;7ac2852a-ceef-4f60-bcad-eb06bd5cf345;430.05;0.02166976;UNKNOWN
2016-04-18T04:58:23.000000;2016-04-18T04:58:23.000000;8b48bfe6-9c51-46a7-8432-07cdd0948ed2;430.05;0.02119092;UNKNOWN
2016-04-18T04:58:24.000000;2016-04-18T04:58:24.000000;5f989817-1366-47ca-9abc-45e7da941226;430.24;0.12728121;UNKNOWN
2016-04-18T04:58:25.000000;2016-04-18T04:58:25.000000;a8d84d02-fe08-4637-a786-0267da5b6b03;430.24;0.12884798;UNKNOWN
2016-04-18T04:58:26.000000;2016-04-18T04:58:26.000000;d98edffd-09ca-496b-905a-cfce57935b88;430.25;0.04238184;UNKNOWN
2016-04-18T04:58:27.000000;2016-04-18T04:58:27.000000;50e959f7-4fb1-4764-ba4c-13057d46ed35;430.25;0.02119092;UNKNOWN
2016-04-18T04:58:28.000000;2016-04-18T04:58:28.000000;1a15c552-44dc-4fe3-b08d-c4400e2b1637;430.25;0.12560198;UNKNOWN
2016-04-18T04:58:29.000000;2016-04-18T04:58:29.000000;b5bb252b-0897-4ca1-ab8d-750af8d7cbec;430.25;0.13185104;UNKNOWN
2016-04-18T04:58:31.000000;2016-04-18T04:58:31.000000;7531bb0a-59a6-4449-9d63-d9562475a09f;430.25;0.02119092;UNKNOWN
2016-04-18T04:58:32.000000;2016-04-18T04:58:32.000000;3a81d903-e46a-4517-8c2a-e0d25b8ac314;430.25;0.02119092;UNKNOWN
2016-04-18T04:58:33.000000;2016-04-18T04:58:33.000000;734191d4-98af-4a52-8e18-b28c4344a181;430.25;0.14903493;UNKNOWN
2016-04-18T04:58:34.000000;2016-04-18T04:58:34.000000;4017aa70-f218-4a4a-9f30-387951212d98;430.25;0.18615833;UNKNOWN
2016-04-18T04:58:35.000000;2016-04-18T04:58:35.000000;920fac5a-0638-4130-ab19-fc4cb76ea29d;430.25;0.03152559;UNKNOWN
2016-04-18T04:58:36.000000;2016-04-18T04:58:36.000000;4153853c-957c-4172-9090-26358b818510;430.25;0.06446493;UNKNOWN
2016-04-18T04:58:38.000000;2016-04-18T04:58:38.000000;2ce2b66f-eddb-4138-93de-0f2396b0d664;430.25;0.20903272;UNKNOWN
2016-04-18T04:58:39.000000;2016-04-18T04:58:39.000000;1bf14c1f-40b1-41dd-aea8-ba07823d266a;430.25;0.06662718;UNKNOWN
2016-04-18T04:58:40.000000;2016-04-18T04:58:40.000000;bc9b06ad-35ce-4d87-bd03-30f6da87cb37;430.25;0.06244947;UNKNOWN
2016-04-18T04:58:41.000000;2016-04-18T04:58:41.000000;12a7a50a-709a-4411-b706-a0463c4b9442;430.25;0.17846445;UNKNOWN
2016-04-18T04:58:42.000000;2016-04-18T04:58:42.000000;e28d8209-d1f7-4701-8625-39d4fa8aac47;430.25;0.01926496;UNKNOWN
2016-04-18T04:58:44.000000;2016-04-18T04:58:44.000000;f8db7547-95f2-4d6f-9988-2dcbbc337dd0;430.25;0.03190759;UNKNOWN
2016-04-18T04:58:45.000000;2016-04-18T04:58:45.000000;964caae2-c923-4818-bac1-f636d490bdee;430.25;0.19980951;UNKNOWN
2016-04-18T04:58:46.000000;2016-04-18T04:58:46.000000;e6d3df9c-5720-4942-88c7-b099d1cbe705;430.25;0.03177583;UNKNOWN
2016-04-18T04:59:10.000000;2016-04-18T04:59:10.000000;a404c698-a761-446b-85e1-b86cccd00531;430.34;0.19259815;UNKNOWN
2016-04-18T04:59:11.000000;2016-04-18T04:59:11.000000;824b63d0-d0d7-4880-a55c-0d691c44a95e;430.34;0.04343396;UNKNOWN
2016-04-18T04:59:12.000000;2016-04-18T04:59:12.000000;95b54d96-650e-434d-b8b6-c59712413c88;430.34;0.05524095;UNKNOWN
2016-04-18T04:59:14.000000;2016-04-18T04:59:14.000000;3a2711c7-f42e-4223-89a8-2de860003371;430.34;0.13537056;UNKNOWN
2016-04-18T04:59:15.000000;2016-04-18T04:59:15.000000;74820688-48ac-4342-bc0d-2203e7ac7926;430.34;0.06735903;UNKNOWN
2016-04-18T04:59:16.000000;2016-04-18T04:59:16.000000;9d1cff3f-7dae-4540-b861-277286923876;430.34;0.01812858;UNKNOWN
2016-04-18T04:59:18.000000;2016-04-18T04:59:18.000000;479b0313-a6cf-4265-bfb2-57712f03cf4f;430.34;0.14763403;UNKNOWN
2016-04-18T04:59:19.000000;2016-04-18T04:59:19.000000;5dab6012-d0a6-49fe-b106-ac494a51d0ca;430.34;0.02480992;UNKNOWN
2016-04-18T04:59:21.000000;2016-04-18T04:59:21.000000;e42d8c4a-5e39-471b-be7b-1ce5ab45a9dd;430.25;0.07784523;UNKNOWN
2016-04-18T04:59:22.000000;2016-04-18T04:59:22.000000;26701821-97ae-47d8-bde3-481ecade908e;430.25;0.14693342;UNKNOWN
2016-04-18T04:59:23.000000;2016-04-18T04:59:23.000000;cb778f02-b850-4fe4-ab02-3d22ff3a3036;430.25;0.07462936;UNKNOWN
2016-04-18T04:59:24.000000;2016-04-18T04:59:24.000000;901fd9a0-daa1-402a-8400-e48c6e6b4923;430.25;0.05862976;UNKNOWN
2016-04-18T04:59:26.000000;2016-04-18T04:59:26.000000;dbf470cf-fcee-4c8e-b4a9-008267f40398;430.25;0.19919762;UNKNOWN
2016-04-18T04:59:29.000000;2016-04-18T04:59:29.000000;c57558f5-83a1-4e09-b0b9-633ca1ee817c;430.25;0.04046226;UNKNOWN
2016-04-18T04:59:30.000000;2016-04-18T04:59:30.000000;4501b345-b13c-4341-b6e4-072d790324b6;430.39;0.14657275;UNKNOWN
2016-04-18T04:59:31.000000;2016-04-18T04:59:31.000000;a5926070-53f8-4cec-97d1-ef97f1a7cf44;430.39;0.05879732;UNKNOWN
2016-04-18T04:59:32.000000;2016-04-18T04:59:32.000000;66e23382-7586-40d0-999f-601e0910da1b;430.39;0.0642492;UNKNOWN
2016-04-18T04:59:34.000000;2016-04-18T04:59:34.000000;ef1f0ab3-9e81-4457-876e-3566c353e2cf;430.39;0.14414168;UNKNOWN
2016-04-18T04:59:36.000000;2016-04-18T04:59:36.000000;d78891bb-6075-466a-82a8-5540e650bf90;430.39;0.03470944;UNKNOWN
2016-04-18T04:59:39.000000;2016-04-18T04:59:39.000000;603f0018-d008-40d0-a850-ac90a015c4d0;430.39;0.15401702;UNKNOWN
2016-04-18T04:59:40.000000;2016-04-18T04:59:40.000000;f858f2e2-3789-4fd7-8b00-d61ecaf13e6f;430.39;0.05144765;UNKNOWN
2016-04-18T04:59:41.000000;2016-04-18T04:59:41.000000;83e0ed73-8e56-45df-9fbc-8e4c942768a3;430.39;0.06346398;UNKNOWN
2016-04-18T04:59:42.000000;2016-04-18T04:59:42.000000;5b01ec74-5217-467f-ad23-b65bf77798bf;430.39;0.18612297;UNKNOWN
2016-04-18T04:59:44.000000;2016-04-18T04:59:44.000000;6d37c630-f016-4e3a-a212-e97ecfcd7941;430.39;0.07841615;UNKNOWN
2016-04-18T04:59:45.000000;2016-04-18T04:59:45.000000;def564e6-0d64-4dfe-adfa-edfdbec99224;430.39;0.01040252;UNKNOWN
2016-04-18T04:59:46.000000;2016-04-18T04:59:46.000000;1d5458e4-0633-48f5-9bfc-22fe0db2924c;430.39;0.19208672;UNKNOWN
2016-04-18T04:59:48.000000;2016-04-18T04:59:48.000000;c35f42bb-f4cf-4971-8c9c-dd2304503a8c;430.39;0.03663896;UNKNOWN
2016-04-18T04:59:49.000000;2016-04-18T04:59:49.000000;f9d9c959-fb12-460a-b194-6d1b6c64c81a;430.39;0.06910834;UNKNOWN
2016-04-18T04:59:50.000000;2016-04-18T04:59:50.000000;3423d857-b003-40e6-a77a-43d5f7c2ea76;430.39;0.20018796;UNKNOWN
2016-04-18T04:59:51.000000;2016-04-18T04:59:51.000000;47874e62-596c-4e74-8120-3f7eb272a193;430.34;0.05198272;UNKNOWN
2016-04-18T04:59:52.000000;2016-04-18T04:59:52.000000;629f3068-ffe0-4b7c-96f5-317a477a009a;430.34;0.029993;UNKNOWN
2016-04-18T04:59:53.000000;2016-04-18T04:59:53.000000;b0c94bc5-1874-4a61-96e2-1c298b4181ce;430.41;0.20800475;UNKNOWN
2016-04-18T04:59:54.000000;2016-04-18T04:59:54.000000;670d10c6-43d6-43d0-8d51-5fb2164ef9e0;430.41;0.01915921;UNKNOWN
2016-04-18T04:59:55.000000;2016-04-18T04:59:55.000000;d2c8315b-d855-4c70-86a4-0aa46f9c4980;430.41;0.05523724;UNKNOWN
2016-04-18T04:59:56.000000;2016-04-18T04:59:56.000000;fa7cac6b-10e7-45cd-b77c-cddb6f80e386;430.41;0.11389449;UNKNOWN
2016-04-18T04:59:58.000000;2016-04-18T04:59:58.000000;a24290b7-1a09-4df1-b4bf-903728382036;430.41;0.05779626;UNKNOWN
2016-04-18T04:59:59.000000;2016-04-18T04:59:59.000000;c526d3bb-4eb0-4a29-aa25-66df343560b3;430.41;0.0872348;UNKNOWN
2016-04-18T05:00:00.000000;2016-04-18T05:00:00.000000;61d614d6-8fba-42ec-85ff-08bb08429d14;430.41;0.1484432;UNKNOWN
