time_exchange;time_coinpai;guid;price;base_amount;taker_side
2016-04-18T00:00:32.508122;2016-04-18T00:00:32.612471;862c45a6-6479-4324-bedb-f0be15d4e9d1;431.17;0.01;BUY
2016-04-18T00:00:32.508339;2016-04-18T00:00:32.628065;ead72136-bf98-49d8-93c0-7267cb3bbae0;431.17;0.01;BUY
2016-04-18T00:00:32.508529;2016-04-18T00:00:32.643719;586874ec-50d7-4854-8177-8b572b9c2b78;431.18;0.02;BUY
2016-04-18T00:00:32.508688;2016-04-18T00:00:32.643719;14d69ee8-5792-424b-9222-9f8b36af31f9;431.2;0.01;BUY
2016-04-18T00:00:32.508827;2016-04-18T00:00:32.643719;fcde34a3-9888-4332-bb34-9a67f96a806d;431.28;0.4782;BUY
2016-04-18T00:01:01.504780;2016-04-18T00:01:01.612483;c31377ae-2b2d-4d7c-99c3-ab9a3f150cc4;431.06;0.114;SELL
2016-04-18T00:01:01.505022;2016-04-18T00:01:01.628110;6a890a42-8420-4f69-87c0-0803d099855d;431.03;0.01;SELL
2016-04-18T00:01:01.505215;2016-04-18T00:01:01.628110;2a54ed09-5199-4aef-9d0b-76a8bf7ad0f3;431.01;0.16742;SELL
2016-04-18T00:01:31.906649;2016-04-18T00:01:32.034373;19925f53-3808-4fb0-9160-52b03c8c8c94;431.17;0.01;BUY
2016-04-18T00:01:31.906857;2016-04-18T00:01:32.034373;e4e9d4d9-9bfa-4df4-ad11-f0ff16d0c146;431.17;0.0587;BUY
2016-04-18T00:03:01.365454;2016-04-18T00:03:01.471922;a1a2eba7-0168-4936-bf37-209b7ea4bf78;431.18;0.02;BUY
2016-04-18T00:03:01.365690;2016-04-18T00:03:01.471922;5a703d75-15ce-49ab-a5ff-3dbdfd1d9511;431.18;0.17;BUY
2016-04-18T00:03:01.365880;2016-04-18T00:03:01.471922;378dab04-c94f-47a7-b3f6-974c85ff657c;431.28;0.11;BUY
2016-04-18T00:03:01.366103;2016-04-18T00:03:01.471922;159631bf-c014-4193-a7a9-7272e0624cc8;431.3;0.01;BUY
2016-04-18T00:03:01.366256;2016-04-18T00:03:01.503171;2d346792-7d48-4e83-ad33-decdfec59d74;431.34;0.30265017;BUY
2016-04-18T00:03:01.366412;2016-04-18T00:03:01.503171;8bcb5001-4ddd-4ce3-96ff-426dd2a78bc3;431.34;0.08500144;BUY
2016-04-18T00:03:01.366571;2016-04-18T00:03:01.503171;c8d88ae2-8546-4ae0-8285-3b4705dc30e8;431.35;0.01;BUY
2016-04-18T00:03:01.366722;2016-04-18T00:03:01.503171;d1cc9b1b-d623-422b-a6f5-8533f6040062;431.36;0.01;BUY
2016-04-18T00:03:01.366870;2016-04-18T00:03:01.503171;ad4d6546-74c1-404f-8785-9fb637db63de;431.36;0.01;BUY
2016-04-18T00:03:01.367034;2016-04-18T00:03:01.503171;469c32b5-247b-47cc-858d-d47e1c7c0a67;431.36;0.02;BUY
2016-04-18T00:03:01.367192;2016-04-18T00:03:01.503171;39947872-ca0b-4dda-a9a0-28c2289f0f4c;431.36;0.16;BUY
2016-04-18T00:03:01.367329;2016-04-18T00:03:01.503171;15dae181-9fbb-4b86-a108-617ea4639c33;431.37;0.09052839;BUY
2016-04-18T00:03:32.267020;2016-04-18T00:03:32.378189;26a6ce1d-2d51-4d0e-b930-43d8c1f0ed13;431.18;0.02;BUY
2016-04-18T00:03:32.267266;2016-04-18T00:03:32.378189;ef052458-b4b5-43e6-a8ad-2dc03488caa5;431.36;0.01;BUY
2016-04-18T00:03:32.267436;2016-04-18T00:03:32.378189;c8d738e6-e6c4-4991-9b18-75170def68f5;431.37;0.02278;BUY
2016-04-18T00:04:31.960540;2016-04-18T00:04:32.050095;7842b788-ee49-4ca9-ab08-53852e68043d;431.19;0.02861;SELL
2016-04-18T00:04:55.159422;2016-04-18T00:04:55.253242;8f187627-92e1-42f7-83aa-9fbb75ebf124;431.19;0.01;SELL
2016-04-18T00:05:31.367887;2016-04-18T00:05:31.456383;4bd75786-7828-4390-9d70-4bf1f311b638;431.37;0.03669161;BUY
2016-04-18T00:05:31.368187;2016-04-18T00:05:31.487627;effcd6cd-4227-4627-a996-6134d89e02f9;431.37;0.05009588;BUY
2016-04-18T00:05:31.368390;2016-04-18T00:05:31.487627;c6da2572-860a-4cfb-90ca-af499d8d36c4;431.38;0.19404251;BUY
2016-04-18T00:06:01.984766;2016-04-18T00:06:02.081387;fc47443e-49f5-4967-b969-8e6fc89982bc;431.37;0.37158;BUY
2016-04-18T00:06:23.448884;2016-04-18T00:06:23.550149;d4834b30-d848-4ec2-a1a3-1f7fa825e109;431.37;0.04199006;BUY
2016-04-18T00:06:31.596176;2016-04-18T00:06:31.690778;8c19b8c5-e60c-455f-951d-06cb4f88ed39;431.34;0.24917;BUY
2016-04-18T00:07:01.536766;2016-04-18T00:07:01.643916;4ca7436b-bc2f-40ee-b95b-bef6e0d5223a;431.38;0.01;BUY
2016-04-18T00:07:01.537052;2016-04-18T00:07:01.659542;9c02df0c-7eb8-47d7-a0ef-8d5018d17934;431.38;0.086;BUY
2016-04-18T00:07:01.537223;2016-04-18T00:07:01.659542;5dc22939-cfa4-4fdc-9434-e7e6f9d8a61f;431.39;0.01;BUY
2016-04-18T00:07:01.537468;2016-04-18T00:07:01.659542;e7f3298b-201a-4be3-a18c-7a5d8c04e7c1;431.39;0.08500144;BUY
2016-04-18T00:07:01.537631;2016-04-18T00:07:01.659542;4ac61f0d-06bc-48ce-b442-f3087ccaa571;431.4;0.01113472;BUY
2016-04-18T00:07:01.537791;2016-04-18T00:07:01.659542;d9d5e28c-4481-48dc-8fbe-4067c2605537;431.4;0.16;BUY
2016-04-18T00:07:01.537951;2016-04-18T00:07:01.659542;3eacf1f5-fe6e-498e-812f-1c627dca182c;431.4;0.01;BUY
2016-04-18T00:07:01.538120;2016-04-18T00:07:01.659542;2647400b-813c-4e2e-8b7b-091606ff1164;431.41;0.01;BUY
2016-04-18T00:07:01.538309;2016-04-18T00:07:01.659542;cfe57bba-baea-4ad3-a0a5-38007dfdd18a;431.41;0.01;BUY
2016-04-18T00:07:01.538481;2016-04-18T00:07:01.659542;31ff6df9-c3a4-4350-986c-3dbffa0833e5;431.42;0.8;BUY
2016-04-18T00:07:01.538623;2016-04-18T00:07:01.675167;6456f86f-d338-4fad-b167-59bf9f2beee1;431.43;0.01;BUY
2016-04-18T00:07:01.538796;2016-04-18T00:07:01.675167;752508e5-4894-47e0-824d-afee4bdbde8b;431.43;0.16;BUY
2016-04-18T00:07:01.538946;2016-04-18T00:07:01.675167;f43f54c7-33df-4724-83a3-f6007b29b877;431.44;0.01;BUY
2016-04-18T00:07:01.539115;2016-04-18T00:07:01.675167;a3feacd2-297e-48e9-bcaf-51577f73eb98;431.44;0.01;BUY
2016-04-18T00:07:01.539268;2016-04-18T00:07:01.675167;f22c8fd6-4455-47be-b248-0de13239f88f;431.44;0.32;BUY
2016-04-18T00:07:01.539438;2016-04-18T00:07:01.675167;50fbad28-45e8-49ac-bb56-eb5b169eeb95;431.45;0.01;BUY
2016-04-18T00:07:01.539581;2016-04-18T00:07:01.675167;f542f315-fcd9-4661-b752-e6b255e2c000;431.45;0.1;BUY
2016-04-18T00:07:01.539740;2016-04-18T00:07:01.675167;d77afbcf-55b7-4d00-9c48-b451aeb50485;431.45;0.16;BUY
2016-04-18T00:07:01.539892;2016-04-18T00:07:01.690794;f00ae3fc-95d3-4349-baca-5110b70f98e7;431.46;0.02;BUY
2016-04-18T00:07:01.540072;2016-04-18T00:07:01.690794;fe6c49b2-04b7-4290-bb4a-f4b2d1968e56;431.46;0.16;BUY
2016-04-18T00:07:01.540225;2016-04-18T00:07:01.690794;163b82b8-ec0e-4157-8d87-314737bce512;431.47;0.02600074;BUY
2016-04-18T00:07:01.540358;2016-04-18T00:07:01.722025;308486bd-9786-45cf-80cd-d8cb575aee3e;431.49;0.2318531;BUY
2016-04-18T00:07:31.584079;2016-04-18T00:07:31.675183;ba8ea191-1c45-4379-ad59-62cd1c7d870f;431.47;0.83878;BUY
2016-04-18T00:08:01.539993;2016-04-18T00:08:01.643948;9d34cca7-c25a-4c6f-a722-00c7d88dc8fe;431.48;0.01;BUY
2016-04-18T00:08:01.540210;2016-04-18T00:08:01.643948;4700342a-649f-4a8a-a88e-41e103ad5b9f;431.48;0.07642;BUY
2016-04-18T00:08:31.463318;2016-04-18T00:08:31.565842;c44c2e8f-9f43-4f92-8f84-7773fbb85cd4;431.49;0.48;BUY
2016-04-18T00:08:31.463575;2016-04-18T00:08:31.565842;550db6d9-6b31-485c-9787-dca5c5f13e43;431.49;0.127;BUY
2016-04-18T00:08:31.463766;2016-04-18T00:08:31.565842;fa464b6d-18be-4ce3-b25f-cb119c5f825d;431.5;0.01635116;BUY
2016-04-18T00:08:31.463946;2016-04-18T00:08:31.565842;05510a3c-ee42-4753-8fe8-4418e7d8f430;431.51;1.44;BUY
2016-04-18T00:08:31.464108;2016-04-18T00:08:31.565842;a4c74bfa-bc4f-454c-bbd5-9fa3a0f62024;431.52;0.01;BUY
2016-04-18T00:08:31.464269;2016-04-18T00:08:31.581464;92f8bdd4-2e87-47c7-a0b2-0da90eb37b3f;431.52;1.12;BUY
2016-04-18T00:08:31.464414;2016-04-18T00:08:31.581464;33e760af-e278-4dfb-b641-16a93b70bdfe;431.53;0.01;BUY
2016-04-18T00:08:31.464570;2016-04-18T00:08:31.581464;affda570-52bd-4a46-b2cd-07479bd9187b;431.53;0.02600594;BUY
2016-04-18T00:08:31.464720;2016-04-18T00:08:31.581464;77fabea9-2054-4b79-9176-3c135971959a;431.53;0.02596994;BUY
2016-04-18T00:08:31.464890;2016-04-18T00:08:31.581464;0a08be8d-d66c-4abb-9d93-8e83c3c8fe6b;431.53;0.64;BUY
2016-04-18T00:08:31.465058;2016-04-18T00:08:31.597090;6295419e-7419-4b8b-9990-c165b48a18a2;431.54;0.01000973;BUY
2016-04-18T00:08:31.465206;2016-04-18T00:08:31.597090;abaedd5a-15f3-4ac6-8fba-e97cc39ae714;431.54;0.01;BUY
2016-04-18T00:08:31.465356;2016-04-18T00:08:31.597090;2de298b6-5801-4e6d-8572-13bb662f1097;431.54;0.02594094;BUY
2016-04-18T00:08:31.465502;2016-04-18T00:08:31.597090;0efb23b1-9af5-480b-99f3-f96b6aa7cc37;431.54;0.28883554;BUY
2016-04-18T00:08:31.465658;2016-04-18T00:08:31.597090;f5269ee9-28b2-4807-a255-798af532cdd9;431.54;0.32;BUY
2016-04-18T00:08:31.465805;2016-04-18T00:08:31.597090;388c0a88-0e03-4cfb-b65e-6c38dc967d37;431.54;0.10810675;BUY
2016-04-18T00:09:01.725256;2016-04-18T00:09:01.815854;2d6073af-fe65-42a0-a56c-32cbe0d7c022;431.4;0.0115;SELL
2016-04-18T00:09:01.725475;2016-04-18T00:09:01.831484;e09c05bc-d6ca-47cc-a5ae-dfa76ee77bc3;431.4;0.02;SELL
2016-04-18T00:09:01.725666;2016-04-18T00:09:01.831484;f9358153-914e-4c7b-888b-dec1095c4074;431.36;0.01;SELL
2016-04-18T00:09:01.725836;2016-04-18T00:09:01.831484;fe0d2ab8-e6d9-4915-9962-9d878d7352c8;431.35;0.01001413;SELL
2016-04-18T00:09:01.725999;2016-04-18T00:09:01.831484;8b43cbec-cddf-4b08-8a64-c30f8711a989;431.34;1.18753587;SELL
2016-04-18T00:09:31.587171;2016-04-18T00:09:31.675246;b961d327-c8e3-44be-856b-5e21bd1eed32;431.46;0.01;BUY
2016-04-18T00:09:31.587402;2016-04-18T00:09:31.690869;3c02704e-2c00-4e4c-a3dd-540298bab7a9;431.46;0.221;BUY
2016-04-18T00:09:31.587596;2016-04-18T00:09:31.690869;2cdb3638-687d-4c94-be70-e14b3f34fa59;431.5;0.64;BUY
2016-04-18T00:09:31.587755;2016-04-18T00:09:31.706490;07944123-0e7d-4b73-899e-e728819081e8;431.51;0.01001413;BUY
2016-04-18T00:09:31.587919;2016-04-18T00:09:31.706490;bd2cad84-a0a5-4609-9458-b5358b65f415;431.51;0.249;BUY
2016-04-18T00:09:31.588071;2016-04-18T00:09:31.706490;7f699ec8-a3b9-43ed-a756-b55d4118a3a6;431.54;1.44490587;BUY
2016-04-18T00:10:02.111009;2016-04-18T00:10:02.206511;27fadaef-d20a-45ee-816e-1bd7d767d3e7;431.55;0.01805222;BUY
2016-04-18T00:10:02.111180;2016-04-18T00:10:02.222136;80a1b1a4-1cd8-4f54-9fea-205a41230e38;431.55;0.01805222;BUY
2016-04-18T00:10:02.111322;2016-04-18T00:10:02.222136;ed7de1c1-1b49-4476-b926-d8abe7d3c7e4;431.55;1.21436556;BUY
2016-04-18T00:10:31.395628;2016-04-18T00:10:31.472163;03e5f832-2b6d-4689-bda1-c1dec5edab27;431.53;0.01;BUY
2016-04-18T00:10:31.395793;2016-04-18T00:10:31.487781;5c4ca094-2c55-4e80-80f0-572be0dc0d2b;431.54;3.49973;BUY
2016-04-18T00:11:03.993878;2016-04-18T00:11:04.081545;59cb59bf-8b23-4604-ae36-13e2ea3bde85;431.39;0.01;SELL
2016-04-18T00:11:03.994195;2016-04-18T00:11:04.097169;cb94af4d-45ba-4353-9244-25fcf3855bef;431.38;0.15;SELL
2016-04-18T00:11:03.994434;2016-04-18T00:11:04.097169;d9a459f9-f14a-47c7-b21e-ff62cdc50cb0;431.35;0.01;SELL
2016-04-18T00:11:03.994643;2016-04-18T00:11:04.097169;d5942580-7e56-4796-9f41-e5cdf46e2958;431.35;0.32;SELL
2016-04-18T00:11:03.994834;2016-04-18T00:11:04.097169;016d7997-7168-4686-8b3e-f5e302beb26f;431.34;2.81246413;SELL
2016-04-18T00:11:03.995043;2016-04-18T00:11:04.097169;bf36e620-d280-4766-90e3-1695c2662254;431.34;0.01001807;SELL
2016-04-18T00:11:03.995257;2016-04-18T00:11:04.097169;51ab66b5-dfef-413b-87d8-47debeb59cf3;431.34;0.423;SELL
2016-04-18T00:11:03.995446;2016-04-18T00:11:04.128420;9de1ef1e-08f8-414e-b93a-224bccbabc7d;431.3;0.01;SELL
2016-04-18T00:11:03.995651;2016-04-18T00:11:04.128420;e8e7be23-8650-4d77-a507-df5987e6a9b8;431.3;0.01;SELL
2016-04-18T00:11:03.995848;2016-04-18T00:11:04.128420;2d4369f2-0bf4-4b52-9b0b-444780f6cb15;431.29;0.408;SELL
2016-04-18T00:11:03.996079;2016-04-18T00:11:04.128420;1545ad93-298f-4618-9a48-97c8a1229f53;431.24;0.409;SELL
2016-04-18T00:11:03.996287;2016-04-18T00:11:04.128420;5971c6df-e450-4b76-819a-946ee2b791d8;431.2;0.01;SELL
2016-04-18T00:11:03.996507;2016-04-18T00:11:04.128420;fbced098-881f-4fb7-b804-4f479155f6eb;431.19;0.389;SELL
2016-04-18T00:11:03.996701;2016-04-18T00:11:04.128420;98aebf9a-c0c7-4951-ae5d-f4382d2d856d;431.18;0.29;SELL
2016-04-18T00:11:03.996911;2016-04-18T00:11:04.128420;abfaef90-2069-40dd-96d5-32aa426039a5;431.12;0.01;SELL
2016-04-18T00:11:03.997122;2016-04-18T00:11:04.128420;b41baaa6-e2fd-4c30-b1df-184adf6acfec;431.08;0.02602765;SELL
2016-04-18T00:11:03.997321;2016-04-18T00:11:04.128420;e1634b55-ec99-448e-afc6-a20cf5e4d88c;431.07;0.01;SELL
2016-04-18T00:11:03.997518;2016-04-18T00:11:04.128420;90be5d5c-4c7d-4eaa-a3e6-39a3dd5a2f47;431.05;0.1;SELL
2016-04-18T00:11:03.997727;2016-04-18T00:11:04.128420;4df762b0-2f36-4200-acb7-61e781610eb6;431.04;0.111;SELL
2016-04-18T00:11:03.997921;2016-04-18T00:11:04.144052;031c9fde-9f56-4dac-a522-9af27ffe81bc;431.02;0.02589197;SELL
2016-04-18T00:11:03.998133;2016-04-18T00:11:04.159668;0d8df6d4-0b9f-4b46-b045-752ca072a53f;431.0;0.02;SELL
2016-04-18T00:11:03.998343;2016-04-18T00:11:04.159668;35087931-cd7d-4b16-8e6d-d358c554dc5f;430.97;0.01;SELL
2016-04-18T00:11:03.998532;2016-04-18T00:11:04.159668;a7c8c0ae-f363-49f5-b176-7da2c50def4b;430.95;0.01;SELL
2016-04-18T00:11:03.998724;2016-04-18T00:11:04.159668;0c2b7b2f-7a39-415d-9237-fc73ecf7af9b;430.95;0.125;SELL
2016-04-18T00:11:03.998919;2016-04-18T00:11:04.159668;f6e2870f-8b06-48c8-b118-48148773a18b;430.94;0.02603638;SELL
2016-04-18T00:11:03.999118;2016-04-18T00:11:04.159668;5e66cf3f-3c47-4eec-b5d5-d22a926c0cd1;430.91;0.01;SELL
2016-04-18T00:11:03.999325;2016-04-18T00:11:04.159668;f954d582-c74d-4cdb-8ff3-e9cff0208644;430.91;0.48;SELL
2016-04-18T00:11:03.999528;2016-04-18T00:11:04.159668;b3689320-6ad8-43d0-a529-72558a484f7c;430.9;0.128;SELL
2016-04-18T00:11:03.999712;2016-04-18T00:11:04.159668;cf3f47d2-7d77-4dfe-9f30-97cf4c236087;430.89;0.468356;SELL
2016-04-18T00:11:03.999906;2016-04-18T00:11:04.159668;a6cf2103-493b-49d0-96d2-93da12d31608;430.89;0.01;SELL
2016-04-18T00:11:04.000115;2016-04-18T00:11:04.159668;9d3b8343-e9ce-432b-b4aa-9e4acc201a51;430.87;0.01;SELL
2016-04-18T00:11:04.000305;2016-04-18T00:11:04.159668;9f2cc977-4fb6-43b2-ba01-7c5be99723c8;430.86;0.01;SELL
2016-04-18T00:11:04.000503;2016-04-18T00:11:04.159668;b380e1e9-f7fc-4fc4-a937-f7c4c7c25d5e;430.85;0.151;SELL
2016-04-18T00:11:04.000704;2016-04-18T00:11:04.159668;f0850986-ed3f-4183-a747-27b2f0dd0b2b;430.85;0.02597197;SELL
2016-04-18T00:11:04.000902;2016-04-18T00:11:04.190924;ca5d18a1-e319-45fc-b4ed-bcc7827835b1;430.84;0.01;SELL
2016-04-18T00:11:04.001113;2016-04-18T00:11:04.190924;80384829-daee-4c55-8c9b-62568e7c9495;430.82;0.01;SELL
2016-04-18T00:11:04.001304;2016-04-18T00:11:04.190924;00a8c54f-6eb6-4999-975f-231b84af4b45;430.81;0.48;SELL
2016-04-18T00:11:04.001500;2016-04-18T00:11:04.190924;d78d2405-0654-4e4d-bf01-39aad07e574a;430.8;0.13;SELL
2016-04-18T00:11:04.001703;2016-04-18T00:11:04.190924;b6e0dee8-0e72-4280-91bc-3d7f9939c2ac;430.8;0.32;SELL
2016-04-18T00:11:04.001909;2016-04-18T00:11:04.190924;349a9182-e1af-4939-ada0-154f459f136e;430.79;0.05011372;SELL
2016-04-18T00:11:04.002120;2016-04-18T00:11:04.190924;832734ef-cddb-4597-b2c4-b4c6c2bf1550;430.77;0.48;SELL
2016-04-18T00:11:04.002309;2016-04-18T00:11:04.190924;4d502772-d275-4d91-8b52-f92ca853289d;430.76;0.0260236;SELL
2016-04-18T00:11:04.002497;2016-04-18T00:11:04.190924;b928f034-a0a6-4d35-9f71-4440220a436f;430.75;0.119;SELL
2016-04-18T00:11:04.002694;2016-04-18T00:11:04.190924;674aa584-c90d-4444-8d11-971d33504897;430.75;0.01635665;SELL
2016-04-18T00:11:04.002896;2016-04-18T00:11:04.206549;460fda1b-e2cf-40f9-b727-c2eb91f51c31;430.69;0.01;SELL
2016-04-18T00:11:04.003111;2016-04-18T00:11:04.206549;b6195c45-40c1-4b02-bd64-a5a72fad7542;430.63;0.8;SELL
2016-04-18T00:11:04.003305;2016-04-18T00:11:04.206549;57261d11-f6ee-433e-a9c3-a4576a0a9521;430.62;0.96;SELL
2016-04-18T00:11:04.003513;2016-04-18T00:11:04.206549;ba01245c-626c-4c17-8942-7a8e1357d363;430.61;0.123;SELL
2016-04-18T00:11:04.003688;2016-04-18T00:11:04.206549;c8ebcde9-e515-4ba7-af5e-43ac7b09a227;430.59;0.43673986;SELL
2016-04-18T00:11:33.660304;2016-04-18T00:11:33.737810;3e036e7e-5c94-4aa9-9c94-69b7e22546df;431.35;0.01;BUY
2016-04-18T00:11:33.660538;2016-04-18T00:11:33.753433;31cd85dc-0172-4368-9996-3eceb21205ff;431.36;0.02;BUY
2016-04-18T00:11:33.660736;2016-04-18T00:11:33.753433;98fc728e-d6cf-4b0c-9c73-cd4766040999;431.37;0.05009651;BUY
2016-04-18T00:11:33.660900;2016-04-18T00:11:33.753433;a6cfe3d2-e448-4aec-9c30-e784d1a7f48e;431.41;0.02603638;BUY
2016-04-18T00:11:33.661085;2016-04-18T00:11:33.753433;1233efbc-7528-4cd1-b7ce-9b0834c3d5a9;431.41;0.02597197;BUY
2016-04-18T00:11:33.661238;2016-04-18T00:11:33.769055;517dcd3a-a9ec-4829-b361-54e0a5f471e0;431.41;0.0260236;BUY
2016-04-18T00:11:33.661400;2016-04-18T00:11:33.769055;32d18c88-75d2-42f3-bd86-4cb3569cb979;431.41;0.02589197;BUY
2016-04-18T00:11:33.661542;2016-04-18T00:11:33.769055;cca811a7-9186-44c0-b308-09ecd55cface;431.43;0.20209957;BUY
2016-04-18T00:12:01.608810;2016-04-18T00:12:01.690946;28dcd1a1-9a44-43e4-94a8-3fb658604a2c;431.37;0.12;BUY
2016-04-18T00:12:01.609062;2016-04-18T00:12:01.706571;a08dd265-4f11-43b3-abae-a434f80def42;431.45;0.1;BUY
2016-04-18T00:12:01.609258;2016-04-18T00:12:01.706571;432ab022-1f18-481a-8081-1dcc15801133;431.46;0.117;BUY
2016-04-18T00:12:01.609428;2016-04-18T00:12:01.706571;102d8935-ae74-433b-98be-3495b5cf34eb;431.47;0.121;BUY
2016-04-18T00:12:01.609581;2016-04-18T00:12:01.706571;965101e5-e56b-4070-a3da-18d7474dc760;431.49;0.18448;BUY
2016-04-18T00:12:39.138339;2016-04-18T00:12:39.206596;6ee26f14-751b-46ce-9d63-f22334646bf8;431.49;0.01;BUY
2016-04-18T00:12:39.138620;2016-04-18T00:12:39.222216;67ea3db3-5fbb-4ee2-b069-a11a6af6f809;431.5;0.01635665;BUY
2016-04-18T00:12:39.138841;2016-04-18T00:12:39.222216;35d65767-18dc-459a-befe-56b72b974697;431.51;0.01;BUY
2016-04-18T00:12:39.139037;2016-04-18T00:12:39.237851;61577da8-2727-4087-955c-60a7439b93b1;431.52;0.01;BUY
2016-04-18T00:12:39.139207;2016-04-18T00:12:39.237851;c048f327-e6fa-4fef-8538-601664c787d2;431.52;0.02935335;BUY
2016-04-18T00:13:01.373248;2016-04-18T00:13:01.440986;4f65b415-51da-44cf-acaa-7f3d459483bb;431.38;0.0763;SELL
2016-04-18T00:13:34.302669;2016-04-18T00:13:34.378495;dfc0eadc-3510-4115-a79a-2ba6807f7946;431.37;0.01;SELL
2016-04-18T00:13:34.302908;2016-04-18T00:13:34.394132;f884fe5d-ac80-4a8f-8cd2-6a41cdbfe3f2;431.37;0.00065;SELL
2016-04-18T00:14:01.379646;2016-04-18T00:14:01.441017;e4bd6d41-1045-41b3-841c-e13a60d4c87d;431.33;0.11659;SELL
2016-04-18T00:14:31.557712;2016-04-18T00:14:31.628532;2f1497d6-8301-4c64-9a50-6f259d7d09b9;431.49;0.48;BUY
2016-04-18T00:14:31.558206;2016-04-18T00:14:31.644158;c81ede42-cdd5-47f5-9d46-787c5cf904e7;431.5;0.6;BUY
2016-04-18T00:14:31.558445;2016-04-18T00:14:31.644158;ee66dddc-423e-4736-94d7-1e4979bc548a;431.5;1.28;BUY
2016-04-18T00:14:31.558625;2016-04-18T00:14:31.659773;5be0b8d9-6dbd-42a5-a96f-9a63c6708afb;431.51;0.1882;BUY
2016-04-18T00:15:01.382875;2016-04-18T00:15:01.446909;ed3afe5d-606d-47a8-8750-a787d9491a7d;431.51;0.01;BUY
2016-04-18T00:15:01.383164;2016-04-18T00:15:01.462533;5480494e-db18-4c67-93a1-be857e90a626;431.52;0.77064665;BUY
2016-04-18T00:15:01.383350;2016-04-18T00:15:01.462533;58ac16a0-0c9c-4a69-a0d0-f48d1a0b9efa;431.52;0.01328335;BUY
2016-04-18T00:15:31.585251;2016-04-18T00:15:31.618800;38a59d45-cd27-488a-8fef-65bbc7cb0272;431.41;0.249;SELL
2016-04-18T00:15:31.585492;2016-04-18T00:15:31.650050;f68f4867-0c0b-400c-8d57-18e48cdbcc57;431.36;0.16;SELL
2016-04-18T00:15:31.585701;2016-04-18T00:15:31.665680;0731e847-9421-4286-87ca-690e17f0c9ff;431.35;0.01;SELL
2016-04-18T00:15:31.585850;2016-04-18T00:15:31.665680;aada33d5-d9a6-4f19-a648-2ac82e2265eb;431.34;0.5302;SELL
2016-04-18T00:16:01.417848;2016-04-18T00:16:01.462564;3a99b2b8-fb12-4b51-94ef-0adef65fac5d;431.36;0.04699;SELL
2016-04-18T00:16:31.456279;2016-04-18T00:16:31.493839;82e48fbf-a59f-45c9-8a4c-98e702177d35;431.37;0.01;SELL
2016-04-18T00:16:31.456610;2016-04-18T00:16:31.509459;37d742ec-d3c2-445d-b75a-1e8ee24d169e;431.37;0.563;SELL
2016-04-18T00:16:31.456873;2016-04-18T00:16:31.509459;b0f94f5c-47e2-4e26-a30a-5a25f5b40631;431.35;0.832;SELL
2016-04-18T00:17:31.678294;2016-04-18T00:17:31.712610;a3209961-c652-44c5-834c-17e15d0a6028;431.38;1.51483;BUY
2016-04-18T00:18:01.770487;2016-04-18T00:18:01.822004;8a67d8d3-d098-46e5-a2d0-cc8b26bf60c1;431.34;0.01;SELL
2016-04-18T00:18:01.770731;2016-04-18T00:18:01.822004;a4cfb1e7-3a8f-4014-a4b0-37a6e3d2e8a0;431.34;0.128;SELL
2016-04-18T00:18:01.770926;2016-04-18T00:18:01.822004;4fe3e1c3-3b47-41df-ada0-f52e97a5e8f1;431.33;0.01;SELL
2016-04-18T00:18:01.771126;2016-04-18T00:18:01.822004;03b0867b-c18f-48f0-bd1e-c9fc534a3e42;431.32;0.14;SELL
2016-04-18T00:18:01.771275;2016-04-18T00:18:01.822004;bed9d5f6-48a1-4788-aece-b677b70ad07c;431.3;0.01;SELL
2016-04-18T00:18:01.771423;2016-04-18T00:18:01.822004;a75d83ce-3f3c-4cfd-b60a-919834649998;431.3;0.00867;SELL
2016-04-18T00:18:33.648151;2016-04-18T00:18:33.681394;3c3d3b41-c483-46e1-a3ef-59beb55cfecc;431.34;0.4336;BUY
2016-04-18T00:19:01.404374;2016-04-18T00:19:01.431414;1ae37e94-89df-4e22-b105-4a8df6dc5711;431.34;0.18481;BUY
2016-04-18T00:19:01.404602;2016-04-18T00:19:01.447030;f8306e42-b680-4aff-9aa0-b45b297e44fc;431.36;0.01;BUY
2016-04-18T00:19:01.404786;2016-04-18T00:19:01.447030;8f747e91-a60d-4db5-ac78-c3a5a2a5a73d;431.36;0.13903;BUY
2016-04-18T00:19:33.695161;2016-04-18T00:19:33.743932;3fe1dc46-7074-4c52-a43e-73847fa66d36;431.37;0.01;BUY
2016-04-18T00:19:33.695574;2016-04-18T00:19:33.743932;471b3d3d-2298-488e-958f-8cdfbb429784;431.37;0.29;BUY
2016-04-18T00:19:33.695844;2016-04-18T00:19:33.743932;4b9b0cb3-e5df-46d3-8a5d-1dfd854ec96a;431.38;2.61995;BUY
2016-04-18T00:20:01.705168;2016-04-18T00:20:01.743939;b67cf8ac-bb30-44f7-aa93-23c69aaf88b1;431.34;0.01;SELL
2016-04-18T00:20:01.705393;2016-04-18T00:20:01.743939;c89e1922-a5dd-4a73-9760-6a71a5a1ae6e;431.34;0.128;SELL
2016-04-18T00:20:01.705587;2016-04-18T00:20:01.759567;8fb4626e-e008-4638-a526-b9cb8c6ec5ab;431.33;0.01;SELL
2016-04-18T00:20:01.705761;2016-04-18T00:20:01.775188;90e95d48-3550-4122-9621-e2f2234749e8;431.32;0.11;SELL
2016-04-18T00:20:01.705928;2016-04-18T00:20:01.775188;7d914de4-31e8-49e2-beb6-44c43c7cf12e;431.3;0.09133;SELL
2016-04-18T00:20:01.706110;2016-04-18T00:20:01.775188;49edcdbf-21fe-4e04-bc75-49d40950e2f8;431.29;0.09;SELL
2016-04-18T00:20:01.706275;2016-04-18T00:20:01.775188;a6baa93e-55d1-423e-a625-b5adfbe1c6ae;431.29;0.29;SELL
2016-04-18T00:20:01.706453;2016-04-18T00:20:01.775188;c526cfdc-012f-49d3-92a8-76510c00e4d4;431.27;0.01;SELL
2016-04-18T00:20:01.706615;2016-04-18T00:20:01.775188;864c1946-09d3-441e-87c4-0df0b9108117;431.24;0.01;SELL
2016-04-18T00:20:01.706776;2016-04-18T00:20:01.775188;dfadf580-229d-46cf-9c49-b6dd1c7882ec;431.24;0.128;SELL
2016-04-18T00:20:01.706944;2016-04-18T00:20:01.775188;912322a3-f20c-4693-b830-90434bd38f27;431.24;0.29;SELL
2016-04-18T00:20:01.707125;2016-04-18T00:20:01.775188;bc722b48-8a3c-4dcb-a115-493726c97b19;431.19;0.124;SELL
2016-04-18T00:20:01.707290;2016-04-18T00:20:01.775188;b7e675af-7376-459e-890d-7c06f57316a7;431.14;0.128;SELL
2016-04-18T00:20:01.707444;2016-04-18T00:20:01.775188;0c972d7b-e45d-4c8f-8b87-18666b5427c8;431.09;0.01;SELL
2016-04-18T00:20:01.707602;2016-04-18T00:20:01.775188;b84ad7bd-5c87-4745-8c17-46132a3c2cb0;431.09;0.074;SELL
2016-04-18T00:20:01.707820;2016-04-18T00:20:01.790813;aae919ad-f93a-4ac7-a567-51646fc98c82;431.08;0.02593498;SELL
2016-04-18T00:20:01.708095;2016-04-18T00:20:01.790813;5a37f3b6-8630-4c2a-8b95-b8f7d7d503d1;431.08;0.48;SELL
2016-04-18T00:20:01.708295;2016-04-18T00:20:01.806437;1e45d53d-b341-428b-b117-4278d80bfb69;431.07;0.02581959;SELL
2016-04-18T00:20:01.708450;2016-04-18T00:20:01.806437;bc56e2c2-16f3-4bcd-ac11-59c6b4e3b2fe;431.05;2.60091543;SELL
2016-04-18T00:20:31.849096;2016-04-18T00:20:31.900202;39e09c35-3c72-4ebf-aa0d-aba88d62d18c;431.34;0.1159;BUY
2016-04-18T00:21:07.052207;2016-04-18T00:21:07.103345;8592b93a-3407-44de-b1a1-07bbd9e705d2;431.15;0.01;SELL
2016-04-18T00:21:07.052423;2016-04-18T00:21:07.103345;68fe4884-4ee4-4b3b-af36-5e924f73f788;431.15;0.02537;SELL
2016-04-18T00:21:31.573387;2016-04-18T00:21:31.603367;437fd772-2101-44fb-944b-1c8bee4c56b8;431.18;0.01;SELL
2016-04-18T00:21:31.573619;2016-04-18T00:21:31.618984;6d253230-8b2f-460d-93f7-ec05d9d7d413;431.18;0.01;SELL
2016-04-18T00:21:31.573870;2016-04-18T00:21:31.634609;89e28168-b649-4d12-b76f-e2f963d7f95c;431.17;0.01;SELL
2016-04-18T00:21:31.574052;2016-04-18T00:21:31.634609;3ebe5456-641e-4a0d-b026-1d1d0333352a;431.16;0.124;SELL
2016-04-18T00:21:31.574245;2016-04-18T00:21:31.634609;56f1133b-da0a-481f-9923-37c16fd32d13;431.13;0.01;SELL
2016-04-18T00:21:31.574424;2016-04-18T00:21:31.634609;22c64682-9cc3-4a94-a6f3-d3fdef0f3796;431.13;0.29;SELL
2016-04-18T00:21:31.574589;2016-04-18T00:21:31.650233;c1fc7520-4863-47cd-ba22-613ef3a3ee51;431.09;0.01;SELL
2016-04-18T00:21:31.574765;2016-04-18T00:21:31.650233;d449fa0d-e4bb-401f-a203-274cd2dc83af;431.08;0.01;SELL
2016-04-18T00:21:31.575006;2016-04-18T00:21:31.650233;1e582a54-1149-4fa5-bca1-a197691c8fdc;431.05;0.498;SELL
2016-04-18T00:21:31.575165;2016-04-18T00:21:31.650233;2c752b6c-3aec-49a3-b66a-3285dc45a923;431.04;0.123;SELL
2016-04-18T00:21:31.575322;2016-04-18T00:21:31.650233;18dec4c5-ab92-4d71-ab8f-b73898f0bb9c;431.01;1.28;SELL
2016-04-18T00:21:31.575472;2016-04-18T00:21:31.650233;a0a664e6-cc82-4a23-95b5-489b7c725658;431.0;0.1;SELL
2016-04-18T00:21:31.575656;2016-04-18T00:21:31.650233;edea5f01-5a5e-49e3-9667-312e0ff35d33;431.0;0.48;SELL
2016-04-18T00:21:31.575817;2016-04-18T00:21:31.681485;4aca7e8a-5443-4f02-aa36-f27f8cf45ccf;430.99;0.13;SELL
2016-04-18T00:21:31.576015;2016-04-18T00:21:31.681485;4d54e91f-ec08-4ce8-b7c1-bdd5e594881a;430.99;0.48;SELL
2016-04-18T00:21:31.576179;2016-04-18T00:21:31.681485;d8d8006e-5acf-43d7-aa29-a86a260bfda0;430.98;0.02591757;SELL
2016-04-18T00:21:31.576341;2016-04-18T00:21:31.681485;97fa1296-39ca-4337-bc44-0dd2fdc41093;430.95;1.26471243;SELL
2016-04-18T00:22:01.410370;2016-04-18T00:22:01.447124;d51a2994-e1dc-4bbc-8ca0-d8e738df2c3f;431.2;1.37997;BUY
2016-04-18T00:22:31.934432;2016-04-18T00:22:31.962766;0e8b64c8-f565-4fb9-8afe-ee8415ee33de;431.18;0.04359;BUY
2016-04-18T00:23:01.587242;2016-04-18T00:23:01.619038;dd5318e3-ce8f-4f6e-8b12-3eeecc385a72;431.14;0.455;BUY
2016-04-18T00:23:01.587500;2016-04-18T00:23:01.634655;60e7aeef-e032-4aba-8a41-8f74e7176d4d;431.14;0.29;BUY
2016-04-18T00:23:01.587716;2016-04-18T00:23:01.650278;089b70af-dd41-4033-bbd8-d8799af48c63;431.14;4.0;BUY
2016-04-18T00:23:01.587932;2016-04-18T00:23:01.650278;3c1f25c3-4d9c-44c6-9ebd-c69776fd1743;431.14;0.64;BUY
2016-04-18T00:23:01.588127;2016-04-18T00:23:01.650278;bbfbc474-5623-4a3e-8955-d5b1a5450400;431.14;0.32;BUY
2016-04-18T00:23:01.588288;2016-04-18T00:23:01.650278;43928138-63fe-4116-aaac-1ac13673185a;431.17;0.21;BUY
2016-04-18T00:23:01.588446;2016-04-18T00:23:01.650278;7b54a2a9-272f-4a8f-86a6-b879b2f217b0;431.19;0.01;BUY
2016-04-18T00:23:01.588593;2016-04-18T00:23:01.650278;137412c5-5f92-4f18-b20f-15f7500b2a9c;431.27;0.27766;BUY
2016-04-18T00:23:31.479362;2016-04-18T00:23:31.509671;366f97f8-eb8b-44c7-ac2f-82bd78c54ba3;431.24;0.01;BUY
2016-04-18T00:23:31.479659;2016-04-18T00:23:31.525294;87b4d06c-eae8-48bb-a939-420128181b87;431.28;0.42668;BUY
2016-04-18T00:24:01.549224;2016-04-18T00:24:01.572184;cb9b4467-e739-41fd-b078-c9176220350c;431.28;0.16;BUY
2016-04-18T00:24:01.549409;2016-04-18T00:24:01.587810;ad07ef9f-b340-4f53-855a-6f9b1be7156e;431.29;0.01;BUY
2016-04-18T00:24:01.549549;2016-04-18T00:24:01.587810;299a364f-ad14-4835-a28c-2d7e45494fb8;431.29;0.099;BUY
2016-04-18T00:25:05.140254;2016-04-18T00:25:05.150341;8eb5f421-67fd-4e0a-80ee-8a1ed14b4232;431.29;0.01;BUY
2016-04-18T00:25:05.140487;2016-04-18T00:25:05.181592;fe61aa6a-66fc-4b50-b638-c63bff799bb2;431.3;0.01;BUY
2016-04-18T00:25:05.140688;2016-04-18T00:25:05.181592;113964bf-ad6e-40a0-8c44-df10860eb327;431.3;0.29;BUY
2016-04-18T00:25:05.140842;2016-04-18T00:25:05.181592;edcc440f-a1f3-4f0c-86e3-4fcb8554dde0;431.31;0.01;BUY
2016-04-18T00:25:05.141014;2016-04-18T00:25:05.181592;6a5c2b73-c0ca-4cfa-95d2-4b83cce32975;431.31;0.01;BUY
2016-04-18T00:25:05.141180;2016-04-18T00:25:05.197218;fb022e9f-e9bd-4692-a3c4-2219412472b9;431.32;0.01;BUY
2016-04-18T00:25:05.141326;2016-04-18T00:25:05.197218;d23036c3-7c54-429a-8ac7-cf69a2273780;431.35;0.01;BUY
2016-04-18T00:25:05.141502;2016-04-18T00:25:05.197218;0beb4a3f-77d2-49ad-b0df-a408a6a7bbec;431.35;0.01;BUY
2016-04-18T00:25:05.141652;2016-04-18T00:25:05.197218;f6c4216e-f776-4dee-b5d9-2bd9dc9a0670;431.37;0.01;BUY
2016-04-18T00:25:05.141803;2016-04-18T00:25:05.212842;12a048f0-da3c-42da-a36f-6c2733084de7;431.37;0.02581959;BUY
2016-04-18T00:25:05.141953;2016-04-18T00:25:05.212842;6f08874d-b197-444b-9a27-2b3d00c71591;431.37;0.02591757;BUY
2016-04-18T00:25:05.142125;2016-04-18T00:25:05.212842;c3de8645-56f9-47f8-ab69-e485cb3e75c9;431.37;0.116;BUY
2016-04-18T00:25:05.142258;2016-04-18T00:25:05.212842;0bc96e13-2208-42c9-a311-901d20fdf6b7;431.38;0.01268284;BUY
2016-04-18T00:26:01.411219;2016-04-18T00:26:01.431584;14d6cfd6-57f9-42d0-a04c-8f6e82862c7e;431.36;0.01;BUY
2016-04-18T00:26:01.411420;2016-04-18T00:26:01.431584;5376a277-15d0-4ee3-9471-d0e41eebec46;431.36;0.05656;BUY
2016-04-18T00:27:01.450431;2016-04-18T00:27:01.462912;d4381150-2d60-4239-a806-dff08f35868d;431.28;0.01;SELL
2016-04-18T00:27:01.450674;2016-04-18T00:27:01.478527;46f17a1f-395c-44fc-8834-8b9e4ff02749;431.28;0.21;SELL
2016-04-18T00:27:01.450867;2016-04-18T00:27:01.478527;751bf67d-4ae5-4bcb-a24b-dd7188c2fa0b;431.25;0.085;SELL
2016-04-18T00:27:01.451050;2016-04-18T00:27:01.478527;9177f2f4-ba92-4dba-bc12-8b91a8c24080;431.2;0.079;SELL
2016-04-18T00:27:01.451211;2016-04-18T00:27:01.478527;25881b48-7920-484e-9f1e-1cb318828b9c;431.19;0.01;SELL
2016-04-18T00:27:01.451361;2016-04-18T00:27:01.572277;b18a8372-3220-4c33-8740-34ae6950b834;431.15;0.05143;SELL
2016-04-18T00:27:31.570604;2016-04-18T00:27:31.572301;523ccb32-0df0-4908-b3c8-85470bed9abc;431.29;0.01;SELL
2016-04-18T00:27:31.570844;2016-04-18T00:27:31.587916;677a9f7a-7d08-43e7-975c-6e16706b88d9;431.29;0.01;SELL
2016-04-18T00:27:31.571050;2016-04-18T00:27:31.587916;c489b8f5-58a2-4c5b-9416-4c2a70239190;431.26;0.073;SELL
2016-04-18T00:27:31.571222;2016-04-18T00:27:31.587916;45d5eb54-05b6-48ae-8ccf-1734437cc2b0;431.21;0.121;SELL
2016-04-18T00:27:31.571386;2016-04-18T00:27:31.587916;18177724-e7f3-40c4-ad60-f5089e99f743;431.2;0.01;SELL
2016-04-18T00:27:31.571532;2016-04-18T00:27:31.681667;09dda13d-5c04-4c36-81f4-16ef47512df7;431.12;0.5;SELL
2016-04-18T00:27:31.571707;2016-04-18T00:27:31.681667;ae3da0d1-7110-42ab-a595-1063e4c3ee11;431.12;0.29;SELL
2016-04-18T00:27:31.571874;2016-04-18T00:27:31.681667;528489e1-cfa6-416c-9e56-9a4a76ee1e38;431.11;0.01;SELL
2016-04-18T00:27:31.572048;2016-04-18T00:27:31.681667;1c646686-16e1-4a98-8600-77641f1ffe44;431.1;0.121;SELL
2016-04-18T00:27:31.572215;2016-04-18T00:27:31.681667;da198148-343b-46fb-9007-324693bdf615;431.09;0.32;SELL
2016-04-18T00:27:31.572373;2016-04-18T00:27:31.681667;d6ea6de5-2d58-4995-ba30-6884f4da9577;431.08;0.01;SELL
2016-04-18T00:27:31.572510;2016-04-18T00:27:31.681667;b9c7cbce-6bce-404f-bc0c-d63b9503e7a7;431.06;0.71597;SELL
2016-04-18T00:28:01.512788;2016-04-18T00:28:01.525443;a65e4e0e-d994-4453-90e6-2facfc148692;431.24;0.37284;BUY
2016-04-18T00:28:32.139869;2016-04-18T00:28:32.166073;722a06b9-64e7-4ee9-8b5d-12965a6d76e8;431.28;0.09007;BUY
2016-04-18T00:29:01.599733;2016-04-18T00:29:01.603592;2f678a9e-c6c4-4fa7-a9ee-4928ed8ac504;431.28;0.22957;BUY
2016-04-18T00:29:31.809147;2016-04-18T00:29:31.806730;761f2bb5-818e-4d06-82a9-713f0964db16;431.27;0.01;BUY
2016-04-18T00:29:31.809332;2016-04-18T00:29:31.822353;69c5cb40-62fb-4b14-bc27-639bde860b45;431.28;0.2421;BUY
2016-04-18T00:30:33.137441;2016-04-18T00:30:33.161077;6c64806e-2865-4b9e-b574-26eb07e4279a;431.28;0.28826;BUY
2016-04-18T00:30:33.137669;2016-04-18T00:30:33.176699;f498ff33-c328-4885-a3ae-c43c4378ee96;431.28;0.17517;BUY
2016-04-18T00:31:01.478780;2016-04-18T00:31:01.504838;49deb054-0a4a-4943-ba76-02a9c6ed81c2;431.3;0.01;BUY
2016-04-18T00:31:01.479022;2016-04-18T00:31:01.504838;ed74a7e9-bda0-47fb-a48a-b32adc056ab2;431.31;0.01;BUY
2016-04-18T00:31:01.479202;2016-04-18T00:31:01.504838;a6d5e9cb-f7d3-4172-9736-b32a9d848c4e;431.34;0.00284;BUY
2016-04-18T00:31:31.818486;2016-04-18T00:31:31.848606;5ff14d8c-e7b2-47f8-b74b-168fc7ab38f6;431.34;0.00716;BUY
2016-04-18T00:31:31.818669;2016-04-18T00:31:31.879852;c16620b9-766d-4cdd-8c36-f118e2524e72;431.34;0.01;BUY
2016-04-18T00:31:31.818828;2016-04-18T00:31:31.879852;a702642e-1a12-42b3-8378-e6ebf56913f1;431.37;0.01;BUY
2016-04-18T00:31:31.819001;2016-04-18T00:31:31.879852;1369db13-7d4d-4d2a-86f8-085f4fc46174;431.38;0.71864;BUY
2016-04-18T00:34:02.491406;2016-04-18T00:34:02.536184;4e1ef141-4ca5-48c2-94d1-57972cae46f0;431.34;0.01;BUY
2016-04-18T00:34:02.491616;2016-04-18T00:34:02.536184;443d944d-0eed-46f0-b525-e6dda1508545;431.37;0.01;BUY
2016-04-18T00:34:02.491801;2016-04-18T00:34:02.551804;e3f2e0fc-439b-44c9-a7c5-6bc33ea3bb02;431.37;0.29;BUY
2016-04-18T00:34:02.491957;2016-04-18T00:34:02.551804;0df8df8a-ef08-4981-845b-cf085f964e7b;431.38;1.20671026;BUY
2016-04-18T00:34:02.773419;2016-04-18T00:34:02.817431;49a98f66-29c0-4b97-9e6e-eac726a6a43d;431.38;1.51671026;BUY
2016-04-18T00:34:03.039913;2016-04-18T00:34:03.067432;13c13b9d-b79f-45e8-a852-a382eb13d625;431.38;1.51671026;BUY
2016-04-18T00:34:04.017885;2016-04-18T00:34:04.036184;926d3f2d-c3c7-4484-a94d-7217c83a0c3f;431.38;1.51671026;BUY
2016-04-18T00:38:30.876920;2016-04-18T00:38:30.880070;705639f2-b3e9-4c82-afa6-b28255e5ad8c;431.35;5.00483;BUY
2016-04-18T00:38:30.877169;2016-04-18T00:38:30.895702;ce970bd4-8624-4c05-8c46-2280d0bb7a0f;431.35;0.013692;BUY
2016-04-18T00:38:30.877357;2016-04-18T00:38:30.895702;01838f74-50da-4081-8b6b-b3787f32572d;431.36;0.01;BUY
2016-04-18T00:38:30.877504;2016-04-18T00:38:30.911320;d72d39f2-4129-4dc7-9b83-40464039588a;431.38;4.874808;BUY
2016-04-18T00:39:03.624826;2016-04-18T00:39:03.645710;7dded460-5a56-4a3e-872c-edb6f031e2bb;431.37;0.468;BUY
2016-04-18T00:39:03.625057;2016-04-18T00:39:03.645710;30418fe2-9b49-47f3-bbeb-3892676b4ee6;431.38;0.81253;BUY
2016-04-18T00:47:01.118262;2016-04-18T00:47:01.169606;e96d7d19-31dc-4d64-959b-e82085934f3c;431.38;3.68971812;BUY
2016-04-18T00:47:01.118493;2016-04-18T00:47:01.185229;4e9c6db2-d542-48dc-9e1a-3118957c679a;431.41;0.468356;BUY
2016-04-18T00:47:01.118681;2016-04-18T00:47:01.185229;5e63107d-e9bb-4d55-bcc8-bef324649a5d;431.43;0.01;BUY
2016-04-18T00:47:01.118836;2016-04-18T00:47:01.200857;c232644d-4b1a-4f8a-9785-aa0208619905;431.45;0.1;BUY
2016-04-18T00:47:01.119019;2016-04-18T00:47:01.200857;e06499b2-90c3-4329-84a3-1d06d3945e76;431.45;0.0117;BUY
2016-04-18T00:47:01.119190;2016-04-18T00:47:01.200857;cc66b113-aa5d-457a-9240-9b51a239e518;431.46;0.01;BUY
2016-04-18T00:47:01.119349;2016-04-18T00:47:01.216480;0674ac04-d9c8-45fc-938e-3880310081b4;431.47;0.01;BUY
2016-04-18T00:47:01.119505;2016-04-18T00:47:01.216480;6c9f100d-5e2b-46d7-a999-cfc799a4b5a3;431.5;0.15;BUY
2016-04-18T00:47:01.119666;2016-04-18T00:47:01.216480;f84d1ee3-d303-4540-a39b-e9ae92f389ab;431.5;0.02;BUY
2016-04-18T00:47:01.119818;2016-04-18T00:47:01.216480;5f9409aa-3599-49fc-a8be-35ee5c60febb;431.53;0.01;BUY
2016-04-18T00:47:01.119990;2016-04-18T00:47:01.216480;0da6e9d7-ea5b-4fb1-adbc-39fd5365db98;431.53;0.01;BUY
2016-04-18T00:47:01.120164;2016-04-18T00:47:01.216480;f99b8942-8370-4be5-8501-5a955e914d4d;431.54;0.01001807;BUY
2016-04-18T00:47:01.120325;2016-04-18T00:47:01.216480;9ee9d9fe-695b-4541-8059-b5751a311b56;431.55;0.78563444;BUY
2016-04-18T00:47:01.120477;2016-04-18T00:47:01.216480;c4880c5f-f6a2-4860-b7af-f9dc88c5fce5;431.56;0.01;BUY
2016-04-18T00:47:01.120627;2016-04-18T00:47:01.216480;832bfff1-8923-47c0-bb6f-b6b0b5d830ca;431.56;0.01;BUY
2016-04-18T00:47:01.120778;2016-04-18T00:47:01.263361;f30a139b-c255-4fc9-9398-eb885ceede8e;431.56;0.07220888;BUY
2016-04-18T00:47:01.120936;2016-04-18T00:47:01.263361;c69c6414-6adb-4673-b53c-38007382f47f;431.56;0.01;BUY
2016-04-18T00:47:01.121097;2016-04-18T00:47:01.263361;99ce8ee3-960e-4446-9898-9ccdf901351b;431.57;0.01;BUY
2016-04-18T00:47:01.121264;2016-04-18T00:47:01.263361;0872c9f0-8f27-44e0-9205-841cd1c82adf;431.57;0.832;BUY
2016-04-18T00:47:01.121420;2016-04-18T00:47:01.263361;bb743258-162d-4109-b678-b4a10946a558;431.58;0.10876804;BUY
2016-04-18T00:47:01.121574;2016-04-18T00:47:01.263361;10f87a88-82b1-4b14-837e-e0b64c8bc2f1;431.58;0.417;BUY
2016-04-18T00:47:01.121731;2016-04-18T00:47:01.263361;22aeafd6-3bd4-473c-91ab-932f53ce60f1;431.58;0.29;BUY
2016-04-18T00:47:01.121880;2016-04-18T00:47:01.263361;b647ecb2-32aa-425d-bc66-cab276b3d3a1;431.59;0.01;BUY
2016-04-18T00:47:01.122046;2016-04-18T00:47:01.263361;d134b6aa-eae7-4737-88fb-6988ca00b363;431.59;0.01;BUY
2016-04-18T00:47:01.122208;2016-04-18T00:47:01.263361;a24a6912-692f-43a7-b074-b34713335fd8;431.59;0.01;BUY
2016-04-18T00:47:01.122370;2016-04-18T00:47:01.263361;85cf4d7c-2b1a-4c34-9fa3-fe9869a32c2b;431.59;0.02;BUY
2016-04-18T00:47:01.122515;2016-04-18T00:47:01.263361;5b837a37-3e64-4c15-a472-6dccc3ad9c59;431.61;1.42923645;BUY
2016-04-18T00:47:31.007383;2016-04-18T00:47:31.044623;3620c10b-6214-4e03-aba7-1d11a142190a;431.49;0.01;BUY
2016-04-18T00:47:31.007664;2016-04-18T00:47:31.060246;9195e506-1800-446b-a76e-485097a42697;431.5;0.02;BUY
2016-04-18T00:47:31.007892;2016-04-18T00:47:31.075872;4fc0987a-7407-43b1-8c4e-81494505a068;431.6;0.127;BUY
2016-04-18T00:47:31.008084;2016-04-18T00:47:31.075872;df04755c-b64d-4bf3-9c33-27e69a177eac;431.61;0.0059;BUY
2016-04-18T00:48:01.236628;2016-04-18T00:48:01.263385;0dd5a95f-0d6c-4a10-8f7d-efcee02b87df;431.61;0.036;BUY
2016-04-18T00:49:01.140397;2016-04-18T00:49:01.169664;5bd1f23c-07d7-4574-9ce9-62fadcd2d75c;431.59;0.01;BUY
2016-04-18T00:49:01.140641;2016-04-18T00:49:01.200918;d996b4fc-e46f-4f28-8604-c184d88c6bf5;431.59;0.407;BUY
2016-04-18T00:49:01.140846;2016-04-18T00:49:01.216541;e72ee513-5ddc-4167-bf94-8c5598ca5783;431.61;3.02395;BUY
2016-04-18T00:50:31.018656;2016-04-18T00:50:31.044697;94dfe019-58d6-49a8-a8bf-364b45a7fa82;431.52;0.01;SELL
2016-04-18T00:50:31.018878;2016-04-18T00:50:31.060337;a3728dfc-a7de-47a4-a73e-233e72c53094;431.52;0.2;SELL
2016-04-18T00:50:31.019083;2016-04-18T00:50:31.075963;c68ff80e-343a-4bc9-97ea-85537cb68d43;431.52;0.07772987;SELL
2016-04-18T00:50:31.019234;2016-04-18T00:50:31.091586;721074b8-3a8e-4785-96c8-373dc1c61c35;431.51;0.01;SELL
2016-04-18T00:50:31.019396;2016-04-18T00:50:31.107213;848527ca-7c8e-4cc5-a113-a35aa3ddc9f0;431.51;0.097;SELL
2016-04-18T00:50:31.019571;2016-04-18T00:50:31.154088;e080edb3-3b39-4d78-92a3-69c6a35e6848;431.5;0.0115;SELL
2016-04-18T00:50:31.019742;2016-04-18T00:50:31.154088;33c8e433-c979-43ff-acc2-9c679d77f54d;431.46;0.01;SELL
2016-04-18T00:50:31.019910;2016-04-18T00:50:31.154088;358ace07-2a2c-481b-8726-7787fdbb3486;431.46;0.089;SELL
2016-04-18T00:50:31.020083;2016-04-18T00:50:31.154088;707862c0-c4b3-4d0d-9dee-c3dc9898fb56;431.43;0.01;SELL
2016-04-18T00:50:31.020241;2016-04-18T00:50:31.154088;d5e86298-c5a8-472e-bc9d-f6ca974e5f25;431.41;0.117;SELL
2016-04-18T00:50:31.020399;2016-04-18T00:50:31.154088;a6f65ae9-6150-4491-ba51-45301ce207f6;431.39;0.29;SELL
2016-04-18T00:50:31.020565;2016-04-18T00:50:31.154088;cbb0da09-44ad-419b-9f13-bda6aba423f0;431.38;0.01;SELL
2016-04-18T00:50:31.020720;2016-04-18T00:50:31.154088;f0d06c80-5f06-44e2-87e6-440eea18d4f8;431.37;0.5;SELL
2016-04-18T00:50:31.020872;2016-04-18T00:50:31.154088;7354a071-446e-4c4a-9192-3448a96b28eb;431.37;0.5;SELL
2016-04-18T00:50:31.021049;2016-04-18T00:50:31.154088;ec1aa354-d4d8-4161-a251-377d52e34269;431.37;0.01002201;SELL
2016-04-18T00:50:31.021206;2016-04-18T00:50:31.154088;b33dd4cf-aeb2-448a-8fbb-1bf2857cce13;431.36;0.108;SELL
2016-04-18T00:50:31.021362;2016-04-18T00:50:31.154088;37d42bcc-a455-4849-9be8-f53c5cbae9d1;431.35;0.16;SELL
2016-04-18T00:50:31.021522;2016-04-18T00:50:31.154088;53c0d5aa-66ff-4065-94c0-84ddb8c3347d;431.34;0.01;SELL
2016-04-18T00:50:31.021683;2016-04-18T00:50:31.154088;d623fb22-d171-4666-9504-ab86594e6765;431.33;1.6;SELL
2016-04-18T00:50:31.021835;2016-04-18T00:50:31.154088;1e14eff6-f737-492f-b0df-95f052cc9bcc;431.32;0.70629812;SELL
2016-04-18T00:51:03.368385;2016-04-18T00:51:03.404105;21e6463f-abfd-4019-b339-dd8cad650484;431.56;3.85326;BUY
2016-04-18T00:51:36.018904;2016-04-18T00:51:36.044724;12498c79-497c-48d6-829c-87e63a66b2b2;431.5;0.57309;BUY
2016-04-18T00:52:01.689154;2016-04-18T00:52:01.716633;60610e0a-d3e2-4ce1-9cf1-4f32feaa0006;431.44;0.383;BUY
2016-04-18T00:52:01.689359;2016-04-18T00:52:01.732259;ae50254d-19f8-41ea-b159-f7e7dcb3ba7f;431.45;0.06766;BUY
2016-04-18T00:52:31.982670;2016-04-18T00:52:32.013483;ef55316a-cf61-4dce-b936-d644944b4b59;431.44;0.345;BUY
2016-04-18T00:52:31.982851;2016-04-18T00:52:32.013483;586382df-4008-4ce9-8d9e-5a8dc0cd24b1;431.44;0.04892;BUY
2016-04-18T00:53:01.185704;2016-04-18T00:53:01.201040;6d3cc5e6-8456-47a8-9ee7-0b70c36b630b;431.42;0.01;BUY
2016-04-18T00:53:01.185920;2016-04-18T00:53:01.216666;9aea06ba-3609-40a2-b593-abb1f69be6eb;431.49;2.0042;BUY
2016-04-18T00:53:32.334096;2016-04-18T00:53:32.357308;b6261bde-e2d7-41ba-b6fa-6591a7ee8b30;431.49;0.21111;BUY
2016-04-18T00:54:31.900437;2016-04-18T00:54:31.919841;f0429b22-5376-43a2-b291-a7235a685b65;431.43;0.01;SELL
2016-04-18T00:54:31.900670;2016-04-18T00:54:31.935460;2dbf4bae-90b6-4924-9429-addac8f2e653;431.42;0.01;SELL
2016-04-18T00:54:31.900865;2016-04-18T00:54:31.935460;a80a7582-a673-4ace-85c6-133727f79f21;431.4;0.01;SELL
2016-04-18T00:54:31.901054;2016-04-18T00:54:31.935460;f2e1a5cc-562e-4cc2-89b3-cef379578e67;431.38;0.01;SELL
2016-04-18T00:54:31.901224;2016-04-18T00:54:31.935460;53184fb0-8dd9-48cf-96b0-7b212635d58b;431.36;0.01;SELL
2016-04-18T00:54:31.901395;2016-04-18T00:54:32.029211;14274038-60c3-45db-9981-f2c1f6ca9b1b;431.35;0.01;SELL
2016-04-18T00:54:31.901555;2016-04-18T00:54:32.029211;41cdd317-25d2-4cb2-bd65-ccc903cfd922;431.32;0.81041214;SELL
2016-04-18T00:54:31.901720;2016-04-18T00:54:32.029211;0e836f00-58f6-4802-8027-faebc8a99d75;431.32;0.4;SELL
2016-04-18T00:54:31.901885;2016-04-18T00:54:32.029211;5d4d6eb5-0240-43a4-8c04-4218c18c55ab;431.3;0.1;SELL
2016-04-18T00:54:31.902068;2016-04-18T00:54:32.029211;79e6b7b0-8610-45a2-b2bb-82f1b650e179;431.29;0.01;SELL
2016-04-18T00:54:31.902218;2016-04-18T00:54:32.029211;3906f911-e7c6-40d9-98e7-9db11ed87c00;431.27;0.01;SELL
2016-04-18T00:54:31.902399;2016-04-18T00:54:32.029211;fb3ca71c-3607-49fc-9b8d-7d56ddbc8b9f;431.27;0.01;SELL
2016-04-18T00:54:31.902559;2016-04-18T00:54:32.029211;75a429ea-54cf-4b4b-870c-7f7bbc16c955;431.26;0.115;SELL
2016-04-18T00:54:31.902723;2016-04-18T00:54:32.029211;d4a2051d-f880-4930-8356-1e1f369f5ac5;431.25;0.01;SELL
2016-04-18T00:54:31.902889;2016-04-18T00:54:32.029211;d53e6e12-8dfb-4b6d-bec3-7596067cc56b;431.23;1.51671026;SELL
2016-04-18T00:54:31.903058;2016-04-18T00:54:32.029211;2174f5fb-2617-4e01-aa2b-9c220d625aba;431.21;0.01;SELL
2016-04-18T00:54:31.903217;2016-04-18T00:54:32.029211;5e02038a-e101-4937-91dc-f38b04178e54;431.2;0.097;SELL
2016-04-18T00:54:31.903403;2016-04-18T00:54:32.029211;99966cef-a374-4397-a591-33ea4366cde1;431.15;1.6;SELL
2016-04-18T00:54:31.903551;2016-04-18T00:54:32.029211;e1c785c7-8ac5-437f-a2ef-7bb3fc2525c0;431.14;0.2124776;SELL
2016-04-18T00:55:02.922600;2016-04-18T00:55:02.966729;c55306b4-685a-483f-a495-ec8fb3f823b2;431.36;0.01;BUY
2016-04-18T00:55:02.922829;2016-04-18T00:55:02.966729;310d41f8-d7ae-4578-a4b2-af1183d4cfee;431.41;4.8;BUY
2016-04-18T00:55:02.923052;2016-04-18T00:55:02.966729;cdd307bd-f4ff-4408-a4aa-c6f2f6849686;431.42;0.4;BUY
2016-04-18T00:55:02.923198;2016-04-18T00:55:02.982354;a5c65d3a-286f-40e6-ba05-567066cd5bfa;431.44;0.17186;BUY
2016-04-18T00:55:31.291878;2016-04-18T00:55:31.310492;773fc496-45e9-465d-8a49-f520ae5205d7;431.29;0.01;SELL
2016-04-18T00:55:31.292112;2016-04-18T00:55:31.326131;d5fed421-7a7c-4879-9790-5a22dba84a69;431.29;0.01;SELL
2016-04-18T00:55:31.292320;2016-04-18T00:55:31.326131;3759ed7f-f8e7-40eb-8184-8a3a07cc7a86;431.29;0.01;SELL
2016-04-18T00:55:31.292485;2016-04-18T00:55:31.326131;a1593ee6-c20f-42ed-875f-14c5c7091ab8;431.28;0.01;SELL
2016-04-18T00:55:31.292636;2016-04-18T00:55:31.326131;cde85180-8a0c-4d13-aafd-b52113feca6b;431.24;0.00291;SELL
2016-04-18T00:56:02.040295;2016-04-18T00:56:02.076132;e44da1de-13b6-4447-9cd7-17de63be56c3;431.34;0.01;BUY
2016-04-18T00:56:02.040520;2016-04-18T00:56:02.076132;f2812c92-395f-4561-8687-35c7c061e8f4;431.35;0.0117;BUY
2016-04-18T00:56:02.040727;2016-04-18T00:56:02.076132;cc06c566-57d8-441a-a490-5762c5e951c0;431.37;0.01;BUY
2016-04-18T00:56:02.040881;2016-04-18T00:56:02.076132;162460f7-d092-4931-8b75-8619adcadabf;431.38;0.18;BUY
2016-04-18T00:56:02.041074;2016-04-18T00:56:02.076132;b2a3347a-34eb-4eb5-8467-0b3de59fc5b6;431.4;0.29;BUY
2016-04-18T00:56:02.041218;2016-04-18T00:56:02.076132;cd5d512a-be6d-4a30-a506-6ee622a2f1cf;431.41;0.1868;BUY
2016-04-18T00:56:31.247546;2016-04-18T00:56:31.279272;c127107c-8145-4cdb-879f-721974569cdf;431.37;1.42414;BUY
2016-04-18T00:57:01.179653;2016-04-18T00:57:01.185539;96ccac99-1a63-4805-83a7-3072008d44ed;431.39;0.06832;BUY
2016-04-18T00:57:31.669883;2016-04-18T00:57:31.685552;bb5bb7d2-b97d-443f-8926-b17b780177b6;431.4;0.01;BUY
2016-04-18T00:57:31.670292;2016-04-18T00:57:31.701177;33aa3baf-f89f-466c-aee3-2d75d488970b;431.42;0.01;BUY
2016-04-18T00:57:31.670477;2016-04-18T00:57:31.701177;508f50ca-741d-4d22-97e2-0bfe901f46ce;431.44;0.22875;BUY
2016-04-18T00:58:01.471520;2016-04-18T00:58:01.482441;a3fb9f88-5b19-4f1e-943b-c1201501bab8;431.41;0.344;BUY
2016-04-18T00:58:01.471731;2016-04-18T00:58:01.482441;6bf0441b-c561-40a8-b7bc-b8af7dd52500;431.42;0.01147;BUY
2016-04-18T00:58:31.198662;2016-04-18T00:58:31.216834;c1bfe7bf-eadc-459c-afcb-6e649c4cb42a;431.33;0.01;SELL
2016-04-18T00:58:31.198867;2016-04-18T00:58:31.216834;20d324de-9c32-4448-b5c1-e0dbe53a03a9;431.33;0.11413;SELL
2016-04-18T00:59:01.244853;2016-04-18T00:59:01.263724;7d575594-3d00-4fdf-865e-22f82b5acb0c;431.42;0.01;BUY
2016-04-18T00:59:01.245084;2016-04-18T00:59:01.263724;554a6913-fed1-4597-b142-b0c0f74b6d4e;431.42;0.122;BUY
2016-04-18T00:59:01.245285;2016-04-18T00:59:01.279350;6f693e5a-bd0a-4857-9652-117400fadc06;431.42;0.17;BUY
2016-04-18T00:59:01.245436;2016-04-18T00:59:01.279350;73b68f53-5ee5-464a-a49e-addc67b6360d;431.44;0.44984;BUY
2016-04-18T00:59:31.256063;2016-04-18T00:59:31.263739;9e8bd61e-0221-43d9-b883-4ba38d2cfcab;431.42;0.02251;BUY
2016-04-18T01:00:31.358171;2016-04-18T01:00:31.357528;72c45d1c-0e65-4f98-ad66-9d371551e647;431.32;0.01;SELL
2016-04-18T01:00:31.358401;2016-04-18T01:00:31.388770;d47d9ad2-b8d8-4484-975f-e72b6bd8fa02;431.31;0.22;SELL
2016-04-18T01:00:31.358589;2016-04-18T01:00:31.388770;933ed596-da83-4231-960a-6ad7146815d2;431.3;0.0115;SELL
2016-04-18T01:00:31.358768;2016-04-18T01:00:31.388770;35256799-581c-40a3-8a5f-6ba15ec5e43f;431.29;0.01;SELL
2016-04-18T01:00:31.358923;2016-04-18T01:00:31.388770;866d76df-5761-497e-89da-18b8d96ff934;431.27;0.4;SELL
2016-04-18T01:00:31.359080;2016-04-18T01:00:31.388770;0539fe8b-6fff-46db-aab2-fe30479cd259;431.27;0.26131;SELL
2016-04-18T01:01:02.579484;2016-04-18T01:01:02.638890;1e69b0a9-d78b-4337-964b-97c7c736ff2d;431.29;0.01;SELL
2016-04-18T01:01:02.579697;2016-04-18T01:01:02.638890;2c46365e-3eef-455d-912b-db87ccdf6d1e;431.26;0.01;SELL
2016-04-18T01:01:02.579907;2016-04-18T01:01:02.638890;fe1abec8-3c37-43c5-9fa4-f3a5c0497460;431.26;0.1296;SELL
2016-04-18T01:01:31.709066;2016-04-18T01:01:31.748278;20ba85ba-11ee-40dd-8de5-ae4e0515c0a5;431.37;0.32361;BUY
2016-04-18T01:02:01.856266;2016-04-18T01:02:01.904544;0dbc496c-928d-491b-bac4-2dd8ed83faca;431.27;0.01;SELL
2016-04-18T01:02:01.856545;2016-04-18T01:02:01.904544;4458c2f5-69ef-4ed9-8e21-e42bd0769cdd;431.26;0.336012;SELL
2016-04-18T01:02:01.856789;2016-04-18T01:02:01.904544;449ef753-2734-428c-82d7-2af960ea1384;431.21;0.32361;SELL
2016-04-18T01:02:01.857008;2016-04-18T01:02:01.920168;bbe809d1-968f-4d6a-a50f-db12b28c8597;431.19;0.121;SELL
2016-04-18T01:02:01.857215;2016-04-18T01:02:01.920168;80d0431f-74a8-4f9b-b2d9-c3bfd74154ae;431.16;0.64;SELL
2016-04-18T01:02:01.857384;2016-04-18T01:02:01.920168;a200d439-48d8-4999-8800-94fe78eb6879;431.16;0.607658;SELL
2016-04-18T01:02:31.508860;2016-04-18T01:02:31.545185;c83faae0-1fce-4d8c-951e-887a94bd4fb9;431.26;0.01;SELL
2016-04-18T01:02:31.509102;2016-04-18T01:02:31.576433;d27ff64a-a857-4e04-badd-659193c4fe96;431.25;0.01;SELL
2016-04-18T01:02:31.509285;2016-04-18T01:02:31.576433;bc461355-4b43-4085-b133-cb2527196ba3;431.21;0.06963;SELL
2016-04-18T01:03:02.760484;2016-04-18T01:03:02.795200;a7aa6593-1dec-484a-b634-003e4475feda;431.2;0.01431;SELL
2016-04-18T01:03:31.244574;2016-04-18T01:03:31.279589;a5e7f4b4-968a-481b-8e59-755b41f9ac5f;431.21;0.01;SELL
2016-04-18T01:03:31.244790;2016-04-18T01:03:31.279589;e92945e4-651f-4c87-90d2-7c8c7351e671;431.2;0.98569;SELL
2016-04-18T01:03:31.245007;2016-04-18T01:03:31.295194;a7d2d6d2-0bda-4beb-81c8-ac12584bd859;431.2;0.354;SELL
2016-04-18T01:03:31.245151;2016-04-18T01:03:31.310839;10593810-7a65-4ea4-b9ab-07dc14d8b92e;431.16;1.24276;SELL
2016-04-18T01:04:01.384400;2016-04-18T01:04:01.404605;31cb1cee-9c84-40f8-bbb5-ed04f2190abc;431.2;0.04547;SELL
2016-04-18T01:05:01.204539;2016-04-18T01:05:01.232770;63a659fc-f713-46f7-8223-98d3598af5b5;431.29;0.01;SELL
2016-04-18T01:05:01.204768;2016-04-18T01:05:01.248385;b88992ab-87be-42fa-aa64-f925297b33ce;431.29;0.5;SELL
2016-04-18T01:05:01.204985;2016-04-18T01:05:01.248385;a14ae8f5-df81-42c0-8748-3d01c1919b07;431.29;0.297;SELL
2016-04-18T01:05:01.205148;2016-04-18T01:05:01.248385;206cca7f-31b6-4a4e-b325-bc54eca6d145;431.25;0.6;SELL
2016-04-18T01:05:01.205309;2016-04-18T01:05:01.248385;ef1005f8-bc2f-4580-97be-59175d349763;431.21;0.297;SELL
2016-04-18T01:05:01.205450;2016-04-18T01:05:01.326519;c36a563b-b67e-4d92-9a0f-a4dfce838590;431.18;0.24583;SELL
2016-04-18T01:05:31.436459;2016-04-18T01:05:31.451530;29d923c5-4b7c-4020-8933-f8f85144ef21;431.24;0.07183;BUY
2016-04-18T01:06:01.228704;2016-04-18T01:06:01.248420;791c026e-c77a-4b46-b5c0-869341567a95;431.24;0.52817;BUY
2016-04-18T01:06:01.228945;2016-04-18T01:06:01.279666;da9b59c6-becf-49bb-a532-33bdf389c9da;431.28;0.18;BUY
2016-04-18T01:06:01.229148;2016-04-18T01:06:01.279666;ef02dfbe-c077-4548-b780-1236fbcb2931;431.3;0.01;BUY
2016-04-18T01:06:01.229312;2016-04-18T01:06:01.279666;dcbcf407-7ccb-449f-8078-394154566d4e;431.31;0.32361;BUY
2016-04-18T01:06:01.229469;2016-04-18T01:06:01.279666;8611aa34-cbf8-4291-b00b-21cba1cb3a11;431.34;0.01;BUY
2016-04-18T01:06:01.229625;2016-04-18T01:06:01.357791;860c37cd-6627-49df-9ffc-e99443894594;431.36;0.01;BUY
2016-04-18T01:06:01.229772;2016-04-18T01:06:01.357791;245c5440-1534-4fbf-a4ac-1cf3da024527;431.37;0.07639;BUY
2016-04-18T01:06:01.229946;2016-04-18T01:06:01.357791;e55a1fc9-bdde-4541-b242-dce4d6028780;431.37;0.01;BUY
2016-04-18T01:06:01.230104;2016-04-18T01:06:01.357791;0a159e14-ddf1-4b2a-a5da-14cdae4baa71;431.38;0.01;BUY
2016-04-18T01:06:01.230239;2016-04-18T01:06:01.357791;fc15a986-2d4b-4f23-8955-c179ee99e02e;431.38;1.6707;BUY
2016-04-18T01:06:31.186868;2016-04-18T01:06:31.201562;552e3224-26db-459c-8391-0025703bc2ea;431.37;0.01;BUY
2016-04-18T01:06:31.187110;2016-04-18T01:06:31.217182;ff3860d4-25b6-4033-95a3-a6c0b0845033;431.38;0.19373;BUY
2016-04-18T01:07:01.507523;2016-04-18T01:07:01.529682;0a714805-730d-4b17-8660-84bb270871fc;431.38;0.22528;BUY
2016-04-18T01:07:31.639333;2016-04-18T01:07:31.654718;480da5a9-4aa8-4a78-9222-05745432a276;431.27;0.01;SELL
2016-04-18T01:07:31.639571;2016-04-18T01:07:31.654718;e5bc4d69-8f1a-4673-a47a-5d4ccba64706;431.27;0.2;SELL
2016-04-18T01:07:31.639765;2016-04-18T01:07:31.670347;84a858a6-3ad1-42a2-8b7a-24c2772f7b8b;431.25;0.124;SELL
2016-04-18T01:07:31.639944;2016-04-18T01:07:31.670347;ec0fbcaf-4878-4b54-b2e5-f35ebbd1d285;431.2;0.32;SELL
2016-04-18T01:07:31.640114;2016-04-18T01:07:31.670347;808fc465-a3f1-4605-8e1d-898543da13cb;431.19;0.01;SELL
2016-04-18T01:07:31.640261;2016-04-18T01:07:31.670347;31aaa2d6-e50b-43b4-84a2-198c7acfa73b;431.18;0.64;SELL
2016-04-18T01:07:31.640416;2016-04-18T01:07:31.670347;f8f2f5aa-8662-43eb-87bf-195b60afa82a;431.18;0.29;SELL
2016-04-18T01:07:31.640572;2016-04-18T01:07:31.685961;4baeb21a-9244-4641-ab96-4e36406b3fbf;431.17;0.01;SELL
2016-04-18T01:07:31.640731;2016-04-18T01:07:31.685961;4c0fcab7-ac36-4e6e-ba18-80ea30c55ffb;431.17;0.8;SELL
2016-04-18T01:07:31.640901;2016-04-18T01:07:31.685961;f6693b62-135a-4194-aebe-8d618767ae55;431.16;0.64;SELL
2016-04-18T01:07:31.641053;2016-04-18T01:07:31.685961;0786e3f4-bc70-4156-958a-f78c4195ca39;431.15;1.78731;SELL
2016-04-18T01:08:01.533804;2016-04-18T01:08:01.545354;2ac48144-e991-40aa-a4b1-7b4507e350ef;431.21;0.01;SELL
2016-04-18T01:08:01.534053;2016-04-18T01:08:01.560978;e999f36a-9124-43ca-8b38-9b6e897456fe;431.21;0.157;SELL
2016-04-18T01:08:01.534243;2016-04-18T01:08:01.560978;79624d66-d9b0-40b6-af94-005c0507bc9e;431.2;0.48;SELL
2016-04-18T01:08:01.534412;2016-04-18T01:08:01.560978;4e6d143e-b00e-443c-876a-17bcb21b8bd8;431.2;0.01;SELL
2016-04-18T01:08:01.534556;2016-04-18T01:08:01.560978;e6dfe337-8238-477d-98b3-1aca9fc6f5f7;431.16;0.3573;SELL
2016-04-18T01:08:31.265470;2016-04-18T01:08:31.279752;54ad0d46-bb4b-4d4a-bfb3-d513fc0c260c;431.23;0.08655;SELL
2016-04-18T01:09:02.395749;2016-04-18T01:09:02.404763;82b4b52f-426c-4398-ab40-ea7b8741fbe6;431.34;0.11436;SELL
2016-04-18T01:09:31.738656;2016-04-18T01:09:31.764148;e5f43b36-8f21-45cb-892d-6eb003d8a62b;431.35;0.01;BUY
2016-04-18T01:09:31.738902;2016-04-18T01:09:31.764148;457f4d4e-1598-451d-9b94-6c8f532cf73e;431.35;0.01;BUY
2016-04-18T01:09:31.739112;2016-04-18T01:09:31.764148;929d09bd-13d4-43be-a48f-7e493ddb24ad;431.36;0.01;BUY
2016-04-18T01:09:31.739262;2016-04-18T01:09:31.764148;2961d397-598d-4284-8a0a-ba8a17d17418;431.38;1.18029;BUY
2016-04-18T01:09:31.739461;2016-04-18T01:09:31.795400;36d20e58-b71f-47a0-848e-76e75bad75d8;431.38;0.29;BUY
2016-04-18T01:09:31.739685;2016-04-18T01:09:31.795400;1cdba704-7b86-4185-9879-fe101b3993ab;431.4;0.0113;BUY
2016-04-18T01:09:31.739922;2016-04-18T01:09:31.795400;4a8efaf5-024e-4063-b613-8069bd8e6eab;431.4;0.18;BUY
2016-04-18T01:09:31.740097;2016-04-18T01:09:31.795400;4a30c6b2-70a7-4a18-958f-8c3516417aa1;431.44;0.01;BUY
2016-04-18T01:09:31.740242;2016-04-18T01:09:31.811025;9885b036-5d88-4ad0-b094-db0c977c88ad;431.44;0.12;BUY
2016-04-18T01:09:31.740394;2016-04-18T01:09:31.811025;c4d67f7b-c20c-461f-aef8-90e60492a5b8;431.44;0.29;BUY
2016-04-18T01:09:31.740542;2016-04-18T01:09:31.811025;41ec2350-1eef-4598-8e1b-f2df220cfc4b;431.45;0.1;BUY
2016-04-18T01:09:31.740728;2016-04-18T01:09:31.811025;eeb19cdf-55e0-4a66-9daa-cbe1ea31e0f6;431.45;0.01;BUY
2016-04-18T01:09:31.740889;2016-04-18T01:09:31.811025;3b1740b7-5878-4134-95f5-677329597c38;431.47;0.01;BUY
2016-04-18T01:09:31.741066;2016-04-18T01:09:31.811025;b7eb77b3-570a-4a37-9732-80383884ddb6;431.47;0.01;BUY
2016-04-18T01:09:31.741236;2016-04-18T01:09:31.811025;22729304-3b3e-4651-b8cd-39df67569002;431.5;0.01;BUY
2016-04-18T01:09:31.741388;2016-04-18T01:09:31.811025;1188b8ee-00ae-45e0-9114-1db499114483;431.5;0.01;BUY
2016-04-18T01:09:31.741545;2016-04-18T01:09:31.811025;d820d6e7-9a08-42be-b83f-07933cde16fe;431.51;0.075;BUY
2016-04-18T01:09:31.741698;2016-04-18T01:09:31.811025;23bafdfd-d9f7-408a-90df-395615654122;431.52;0.468522;BUY
2016-04-18T01:09:31.741844;2016-04-18T01:09:31.811025;6b492a3c-9e1d-440b-8b4c-111387c7b4e7;431.53;0.32;BUY
2016-04-18T01:09:31.742029;2016-04-18T01:09:31.811025;ebc6e36c-60d5-4920-9ab0-fc410586fafb;431.53;0.32;BUY
2016-04-18T01:09:31.742172;2016-04-18T01:09:31.811025;8d376884-1330-4139-b3a3-6c8b3a22c9e3;431.54;0.02591093;BUY
2016-04-18T01:09:31.742306;2016-04-18T01:09:31.811025;519cfda6-5b45-4ddb-b862-4b616db1695a;431.54;0.66352707;BUY
2016-04-18T01:09:58.973054;2016-04-18T01:09:58.982912;1a9586db-c83f-4795-a67d-5bed0580b2e3;431.51;0.25;BUY
2016-04-18T01:10:01.902334;2016-04-18T01:10:01.920424;d2e78bf8-fdfc-4a0d-8254-cadf1ec8dd95;431.52;0.69537;BUY
2016-04-18T01:10:29.336908;2016-04-18T01:10:29.342306;749dd690-bb90-4cc1-b2b8-4501804c8ae7;431.4;0.0115;SELL
2016-04-18T01:10:29.337189;2016-04-18T01:10:29.357927;6ffa73ca-07b4-48d9-816e-1b4ea0aea6b5;431.38;0.2;SELL
2016-04-18T01:10:29.337390;2016-04-18T01:10:29.357927;f2486166-46e3-42e7-b6e2-4d61ecb11a0c;431.36;0.4;SELL
2016-04-18T01:10:29.337551;2016-04-18T01:10:29.357927;94841f5a-b8a8-4683-9be2-fea3594d53aa;431.35;0.01;SELL
2016-04-18T01:10:29.337699;2016-04-18T01:10:29.373555;17711e0d-625d-4303-83b6-ed13a28f5fc6;431.34;0.5985;SELL
2016-04-18T01:10:31.440122;2016-04-18T01:10:31.451683;d0fdf720-d270-4610-a676-5ca345711238;431.34;0.01266;SELL
2016-04-18T01:11:01.262064;2016-04-18T01:11:01.264197;e05bbb01-aedc-40f6-b5e3-c7da2bbc0dd1;431.34;0.27448;SELL
2016-04-18T01:11:01.262315;2016-04-18T01:11:01.295444;2c0b8807-b8e9-40ac-abef-3f72bafa128b;431.34;0.315;SELL
2016-04-18T01:11:01.262523;2016-04-18T01:11:01.295444;6a5d3b05-15ba-4843-ad3e-90bce25f26cb;431.33;1.0;SELL
2016-04-18T01:11:01.262704;2016-04-18T01:11:01.295444;65b6117d-5439-4330-8eb6-f75931f436f0;431.3;0.1;SELL
2016-04-18T01:11:01.262874;2016-04-18T01:11:01.311069;621d62db-8b71-4bd8-a74a-5d81f5d8a64d;431.29;0.299;SELL
2016-04-18T01:11:01.263051;2016-04-18T01:11:01.373569;8c108e2b-8480-45b5-816b-473da0bf6630;431.25;0.8;SELL
2016-04-18T01:11:01.263214;2016-04-18T01:11:01.373569;e20df5d3-f99c-4c93-9c5f-feb37d43371b;431.24;0.02592524;SELL
2016-04-18T01:11:01.263373;2016-04-18T01:11:01.373569;3c62b2de-af0e-42ee-bcd3-924b9418d338;431.24;0.33;SELL
2016-04-18T01:11:01.263543;2016-04-18T01:11:01.373569;a0a3af20-f3b9-403c-9e2c-5c85e5d26248;431.24;0.29;SELL
2016-04-18T01:11:01.263705;2016-04-18T01:11:01.373569;6c744e25-bd92-4a62-a0dd-cc7f3c7520a1;431.23;0.01;SELL
2016-04-18T01:11:01.263851;2016-04-18T01:11:01.373569;b3bb36d8-7ecd-417a-8ff7-8db78679144f;431.23;0.08678476;SELL
2016-04-18T01:11:31.367088;2016-04-18T01:11:31.389210;ba5e19e6-831c-499e-a1d4-4106bbca7d53;431.42;0.29;BUY
2016-04-18T01:11:31.367539;2016-04-18T01:11:31.389210;ad5eb1c1-6a4a-4bcb-82cc-83c363bcb19e;431.42;0.282;BUY
2016-04-18T01:11:31.367740;2016-04-18T01:11:31.389210;553d49bf-6375-413f-b177-9e720ae1593c;431.43;0.8;BUY
2016-04-18T01:11:31.367907;2016-04-18T01:11:31.389210;7f35ba15-ad89-42f0-b816-97480b77c8cd;431.44;0.01;BUY
2016-04-18T01:11:31.368079;2016-04-18T01:11:31.389210;fcc4b071-9319-4c10-995f-081b8efb5dcb;431.44;0.96;BUY
2016-04-18T01:11:31.368242;2016-04-18T01:11:31.389210;0dd7d096-17cf-4f6e-904d-a2b1005f8fd0;431.45;0.64;BUY
2016-04-18T01:11:31.368394;2016-04-18T01:11:31.404836;6dd1a860-b815-4077-a716-5506e540e26b;431.46;0.4;BUY
2016-04-18T01:11:31.368559;2016-04-18T01:11:31.404836;6dffa3a7-f856-4241-bfee-6277b002523e;431.46;0.29;BUY
2016-04-18T01:11:31.368700;2016-04-18T01:11:31.404836;8c424ec7-3561-49f5-a71b-077f5d11ebb8;431.5;0.90565;BUY
2016-04-18T01:12:05.126377;2016-04-18T01:12:05.123603;397236dc-481b-4a45-86e5-6a1baaf8bcd0;431.33;0.06;SELL
2016-04-18T01:12:05.538274;2016-04-18T01:12:05.545477;c4b61a89-2be5-4b6e-96fd-bbc04775f9c4;431.5;0.44467;BUY
2016-04-18T01:12:31.821681;2016-04-18T01:12:31.826745;f08d967c-8247-4b0c-9c4e-5cb33eb083a9;431.34;0.01;SELL
2016-04-18T01:12:31.821914;2016-04-18T01:12:31.842367;9f138a3d-821f-4d3c-b627-7555ef755a14;431.3;0.74263;SELL
2016-04-18T01:12:48.100089;2016-04-18T01:12:48.170505;84a6e339-8dce-44da-a5a5-608b5f2c8d83;431.32;0.01;SELL
2016-04-18T01:13:31.289449;2016-04-18T01:13:31.295519;8e8859ba-2709-4c3c-baac-4899ddf55588;431.36;0.01;SELL
2016-04-18T01:13:31.289665;2016-04-18T01:13:31.311149;96e9bf1e-a58c-4e41-9594-71e00f43644e;431.36;0.03105;SELL
2016-04-18T01:14:01.244559;2016-04-18T01:14:01.248661;33513db8-38cf-456d-95b2-218f3c98b4b9;431.3;0.01;SELL
2016-04-18T01:14:01.244930;2016-04-18T01:14:01.248661;b2432641-9c5c-49bf-b47e-ec6741bfeaa0;431.29;0.39;SELL
2016-04-18T01:14:01.245281;2016-04-18T01:14:01.248661;f7de32ec-9eea-40d1-a614-1e2992bc6f5c;431.29;0.29;SELL
2016-04-18T01:14:01.245590;2016-04-18T01:14:01.264287;812ab40b-c797-4063-96b4-a457c6c1668b;431.26;0.01;SELL
2016-04-18T01:14:01.245800;2016-04-18T01:14:01.264287;a141212e-af45-4968-b175-21df8c38e821;431.24;0.144;SELL
2016-04-18T01:14:01.245990;2016-04-18T01:14:01.264287;5d3341ee-2e4a-4a93-a3f1-2c0112a0ea1d;431.23;0.23;SELL
2016-04-18T01:14:01.246156;2016-04-18T01:14:01.264287;ccca614f-4799-4c37-8a39-196c079a1c0c;431.22;0.468855;SELL
2016-04-18T01:14:01.246307;2016-04-18T01:14:01.264287;8684bb01-79bd-4853-8939-06f7100648ba;431.16;2.24;SELL
2016-04-18T01:14:01.246441;2016-04-18T01:14:01.264287;663202c6-7f39-46ba-96f9-4ed55adbc838;431.16;1.860135;SELL
2016-04-18T01:14:01.680244;2016-04-18T01:14:01.686162;e3bdfa65-5cc5-4f10-b6f4-91afd8df366a;431.16;0.30625;SELL
2016-04-18T01:14:06.589303;2016-04-18T01:14:06.592414;8ce6a706-6b19-4228-8e5e-edcb394de34d;431.35;0.01;BUY
2016-04-18T01:14:06.598015;2016-04-18T01:14:06.592414;e5ae28e5-5ce5-4b33-9a3d-66c3dcb82a8d;431.35;0.01408241;BUY
2016-04-18T01:14:32.709401;2016-04-18T01:14:32.717431;3b166841-c338-472b-a70e-37833a2ae9b7;431.32;0.01;SELL
2016-04-18T01:14:32.709642;2016-04-18T01:14:32.733054;cab3e462-5642-4a9e-b23f-5a45d3ec96b9;431.32;0.127;SELL
2016-04-18T01:14:32.709850;2016-04-18T01:14:32.733054;9196b482-d801-4fa7-8593-80f3e515cc6a;431.31;0.01;SELL
2016-04-18T01:14:32.710046;2016-04-18T01:14:32.733054;b6f9e414-85e9-4e60-a2a4-4f063455375f;431.26;0.01;SELL
2016-04-18T01:14:32.710208;2016-04-18T01:14:32.733054;9697145c-052b-4058-907f-676e0ca0c69a;431.22;0.126;SELL
2016-04-18T01:14:32.710371;2016-04-18T01:14:32.733054;c8c9a4d1-0fcb-4a9a-aeb5-ba2a5f8cb361;431.22;0.29;SELL
2016-04-18T01:14:32.710538;2016-04-18T01:14:32.748681;66b07559-88ef-4e11-adf9-c04f832b771f;431.21;0.01;SELL
2016-04-18T01:14:32.710689;2016-04-18T01:14:32.748681;3e0c602f-df9d-4002-a64e-cc5aa5d090bc;431.16;0.01;SELL
2016-04-18T01:14:32.710844;2016-04-18T01:14:32.748681;209f73f2-2c2d-40b5-837d-0f3c8cbc1599;431.16;0.16;SELL
2016-04-18T01:14:32.711023;2016-04-18T01:14:32.748681;c68d09fa-a1c3-4eff-ba4e-6f4982d5b1e4;431.16;0.16;SELL
2016-04-18T01:14:32.711199;2016-04-18T01:14:32.748681;1a0b3a56-2153-45d1-bb2f-2366e1b76656;431.15;2.71269;SELL
2016-04-18T01:14:32.711342;2016-04-18T01:14:32.748681;33ca6340-a284-4a8e-a556-a582e164bf9f;431.14;0.36711;SELL
2016-04-18T01:15:01.440882;2016-04-18T01:15:01.451816;23a789ec-f7e2-4f60-8916-c99e873e7c7a;431.36;0.48;BUY
2016-04-18T01:15:01.441221;2016-04-18T01:15:01.451816;80fec2a2-ff6b-4007-8eb5-a79a5cbd06de;431.37;0.1014;BUY
2016-04-18T01:15:10.676329;2016-04-18T01:15:10.670574;cc759531-04ab-4610-911e-04035aa4fec5;431.25;0.01;SELL
2016-04-18T01:15:10.676526;2016-04-18T01:15:10.686198;995e1eca-6565-4aa6-b2b2-2b9b642c5992;431.24;0.105;SELL
2016-04-18T01:15:10.676680;2016-04-18T01:15:10.686198;f43da5fd-ef29-4a32-b526-f6206afab262;431.15;0.109;SELL
2016-04-18T01:15:10.820334;2016-04-18T01:15:10.826794;4f1392fc-e2a8-42c3-8090-64181353be37;431.15;0.0435;SELL
2016-04-18T01:15:31.309997;2016-04-18T01:15:31.311211;69f23c6e-4927-4de8-9b2e-d9c70cc3488b;431.14;0.01431;SELL
2016-04-18T01:16:01.302912;2016-04-18T01:16:01.353451;26333a27-6fe8-4476-be9e-cbfca33f8d9b;431.28;0.082;BUY
2016-04-18T01:16:01.303151;2016-04-18T01:16:01.369119;9d4562f5-0a9d-4d55-a94e-fea16d7e19de;431.28;0.15233;BUY
2016-04-18T01:16:18.239436;2016-04-18T01:16:18.306628;de6dd1d2-b485-4a78-8b23-6b646e96a733;431.19;0.01;SELL
2016-04-18T01:16:18.239638;2016-04-18T01:16:18.306628;bd0910ac-b21c-48b1-81ee-4c701ff3bc35;431.17;0.0248;SELL
2016-04-18T01:16:18.261234;2016-04-18T01:16:18.322252;7e589480-9367-45b1-8ad9-3ae82bfe15fa;431.17;0.0377;SELL
2016-04-18T01:16:31.314811;2016-04-18T01:16:31.369144;4b2c00b9-720c-4255-8ded-257e024ddc41;431.28;0.14;BUY
2016-04-18T01:16:31.315046;2016-04-18T01:16:31.384758;97a3d6ee-0214-4dc3-bf95-9c564e93d948;431.29;0.26807;BUY
2016-04-18T01:17:01.296964;2016-04-18T01:17:01.353527;55b0aea4-7c47-4d2e-aabf-2a659f39701b;431.3;0.01;BUY
2016-04-18T01:17:01.297225;2016-04-18T01:17:01.353527;af8e2c82-6393-4267-b2d4-b37afc912d59;431.3;0.109;BUY
2016-04-18T01:17:01.297419;2016-04-18T01:17:01.369150;2fdfb1aa-2bf1-4afb-99c8-f70fc7441aad;431.32;0.01;BUY
2016-04-18T01:17:01.297588;2016-04-18T01:17:01.369150;86fbaea0-31c2-4036-8007-dedbd5c7ffb3;431.35;0.095;BUY
2016-04-18T01:17:01.297758;2016-04-18T01:17:01.369150;7f815a24-697c-47ce-9018-bbb1641e5e02;431.39;0.01;BUY
2016-04-18T01:17:01.297909;2016-04-18T01:17:01.447276;b9522097-5797-4422-a8bd-da1590a21318;431.4;0.39;BUY
2016-04-18T01:17:01.298089;2016-04-18T01:17:01.447276;14a76b78-53fc-4358-97dd-d83ca644545c;431.4;0.16;BUY
2016-04-18T01:17:01.298240;2016-04-18T01:17:01.447276;1055aafd-6af6-494f-b604-47700bf4ef5a;431.41;0.01;BUY
2016-04-18T01:17:01.298392;2016-04-18T01:17:01.447276;2a28ef95-99e7-409e-93e0-56afc1f6f37f;431.41;0.116;BUY
2016-04-18T01:17:01.298536;2016-04-18T01:17:01.447276;92c18cad-29cb-4e82-9740-25abdbc61e4c;431.41;0.98845;BUY
2016-04-18T01:17:35.268520;2016-04-18T01:17:35.337917;ab206b45-084f-4cad-9bf3-741e5d3226be;431.27;0.01;SELL
2016-04-18T01:17:35.268753;2016-04-18T01:17:35.337917;1b7e0bbd-3144-4dcd-9373-9fb11929a29e;431.27;0.26;SELL
2016-04-18T01:17:35.268933;2016-04-18T01:17:35.337917;9fde9313-4130-47e5-9b81-17e2ee654d20;431.27;0.191;SELL
2016-04-18T01:17:35.269110;2016-04-18T01:17:35.353540;bed454e5-590d-4429-8d76-cb1d0ddd2ab6;431.22;0.191;SELL
2016-04-18T01:17:35.269268;2016-04-18T01:17:35.369166;e428a0af-714f-4710-9c4f-3a70be4a4337;431.21;0.39;SELL
2016-04-18T01:17:35.269433;2016-04-18T01:17:35.369166;016bb8e3-a201-49a0-941a-d56279ff9e56;431.17;0.182;SELL
2016-04-18T01:17:35.269634;2016-04-18T01:17:35.369166;d05f3732-7963-4ad1-b782-2aebbeba89c4;431.16;0.01;SELL
2016-04-18T01:17:35.269885;2016-04-18T01:17:35.369166;47245a36-ac03-4f50-aebc-f689d1a1e60e;431.15;1.28;SELL
2016-04-18T01:17:35.270129;2016-04-18T01:17:35.369166;1b94d09a-ab36-4d95-b944-28c4f8771270;431.14;0.92281266;SELL
2016-04-18T01:17:35.270306;2016-04-18T01:17:35.369166;00db390b-5db3-442a-aca3-cc17c6b526eb;431.13;0.64;SELL
2016-04-18T01:17:35.270460;2016-04-18T01:17:35.369166;88c103ee-ced2-4694-b929-b3b355666766;431.12;0.166;SELL
2016-04-18T01:17:35.270626;2016-04-18T01:17:35.369166;3977e87c-9c6e-4b2d-b1af-05952ca1ed16;431.12;0.64;SELL
2016-04-18T01:17:35.270777;2016-04-18T01:17:35.369166;e7c60839-6cbd-418e-ac3e-4a53414caa5a;431.11;0.01;SELL
2016-04-18T01:17:35.270937;2016-04-18T01:17:35.369166;ab4f902c-c892-4441-ba82-b12023de83dd;431.11;0.64;SELL
2016-04-18T01:17:35.271116;2016-04-18T01:17:35.369166;4bc2ecb6-3a60-4e56-b452-b80e436d3995;431.1;0.02593378;SELL
2016-04-18T01:17:35.271276;2016-04-18T01:17:35.369166;469f6878-27ae-4fd7-8828-d69e694d637f;431.08;1.28;SELL
2016-04-18T01:17:35.271428;2016-04-18T01:17:35.369166;1c5121a0-93b5-4cfc-852b-b3f75aa61ae3;431.07;0.192;SELL
2016-04-18T01:17:35.271594;2016-04-18T01:17:35.369166;492d6dc0-9ed5-423f-9aa9-523e715031c0;431.07;0.32;SELL
2016-04-18T01:17:35.271746;2016-04-18T01:17:35.384791;e0ec33b4-bcee-4326-9a85-e3319d450d0f;431.06;0.01;SELL
2016-04-18T01:17:35.271905;2016-04-18T01:17:35.384791;17b0736d-03ea-421b-9550-5ee37704df17;431.06;0.48;SELL
2016-04-18T01:17:35.272087;2016-04-18T01:17:35.384791;4cfe2195-e340-43eb-97de-36ed2c4b2071;431.05;1.51671026;SELL
2016-04-18T01:17:35.272257;2016-04-18T01:17:35.384791;7cebca7c-c2f5-4804-8ff5-a5c6eb93c54a;431.02;0.181;SELL
2016-04-18T01:17:35.272478;2016-04-18T01:17:35.384791;25371c7f-7f04-4cc2-a458-2d6ba3664b8f;431.01;0.02593897;SELL
2016-04-18T01:17:35.272681;2016-04-18T01:17:35.400423;df20f2b4-b464-4aaa-9b65-2628ce8d8223;430.98;0.8;SELL
2016-04-18T01:17:35.272835;2016-04-18T01:17:35.400423;04e1f01d-563c-4f44-800e-fd680946beac;430.97;0.192;SELL
2016-04-18T01:17:35.273010;2016-04-18T01:17:35.400423;3a321405-398f-42f5-a678-d76774dd7a9e;430.97;0.48;SELL
2016-04-18T01:17:35.273179;2016-04-18T01:17:35.400423;3293afdd-7f4d-427f-8aed-1b1d17223abd;430.96;1.51671026;SELL
2016-04-18T01:17:35.273339;2016-04-18T01:17:35.400423;8a205bb4-c886-442b-8949-44d9bd6bbdd6;430.94;0.96;SELL
2016-04-18T01:17:35.273488;2016-04-18T01:17:35.400423;31e0dba2-edc4-4013-b7d8-841fc088c450;430.93;0.01;SELL
2016-04-18T01:17:35.273649;2016-04-18T01:17:35.400423;8d66b2ea-a7ff-443a-bdc3-a25e7aa23e83;430.93;0.96;SELL
2016-04-18T01:17:35.273804;2016-04-18T01:17:35.400423;5a142ad6-43c1-4368-bcc4-25c53acb27cb;430.92;0.171;SELL
2016-04-18T01:17:35.273968;2016-04-18T01:17:35.400423;155a1854-96b9-401a-a3db-4f981dea5a52;430.92;0.8;SELL
2016-04-18T01:17:35.274161;2016-04-18T01:17:35.400423;882b390c-b551-411b-8980-a8b1c2cc0b83;430.91;0.01;SELL
2016-04-18T01:17:35.274304;2016-04-18T01:17:35.400423;802cccb5-a6e7-4391-94ea-dd40a5f6fd5f;430.88;1.40732407;SELL
2016-04-18T01:18:04.166290;2016-04-18T01:18:04.228555;8a721f48-b600-4e80-bd01-838f4df1c68b;431.15;0.01;SELL
2016-04-18T01:18:04.166512;2016-04-18T01:18:04.228555;a615bd40-5022-4be8-a16c-a91f808d0eb3;431.15;0.01;SELL
2016-04-18T01:18:04.166703;2016-04-18T01:18:04.228555;5e1d0ee5-7f3e-489d-a28c-1598380fb368;431.14;0.6;SELL
2016-04-18T01:18:04.166862;2016-04-18T01:18:04.228555;d3017a36-47a1-43a3-9985-d652c803e518;431.13;0.0115807;SELL
2016-04-18T01:18:04.167047;2016-04-18T01:18:04.228555;e4d54c38-2bde-4d55-94b2-beeccb758ebb;431.13;0.0115807;SELL
2016-04-18T01:18:04.167210;2016-04-18T01:18:04.228555;24de2e7d-26cc-4121-9686-929cc80826e3;431.13;0.0115807;SELL
2016-04-18T01:18:04.167402;2016-04-18T01:18:04.259812;1d591757-5b63-4577-9b1e-69a2ceee1d00;431.13;0.0115807;SELL
2016-04-18T01:18:04.167562;2016-04-18T01:18:04.259812;97e0dee9-de69-4591-aaf3-81d5862ff952;431.13;0.0115807;SELL
2016-04-18T01:18:04.167751;2016-04-18T01:18:04.259812;0b536ce4-db72-49aa-aedd-58fa02b081f6;431.13;0.168;SELL
2016-04-18T01:18:04.167947;2016-04-18T01:18:04.259812;b1093f51-ae07-4e4a-98ce-5a44d145f557;431.12;0.01;SELL
2016-04-18T01:18:04.168161;2016-04-18T01:18:04.259812;2c7f68da-dbad-49ed-8228-1e2dc9e22b1d;430.93;3.1654065;SELL
2016-04-18T01:18:31.274271;2016-04-18T01:18:31.337946;d7614d0b-12e5-4561-a545-e864d44a002f;431.21;0.27547;BUY
2016-04-18T01:19:03.659634;2016-04-18T01:19:03.712963;bc8cc8f2-9ecf-4567-a972-d1da1e266358;431.13;0.01;BUY
2016-04-18T01:19:31.512489;2016-04-18T01:19:31.556735;5e363166-e36d-4e39-abf0-00bf23c8b50f;431.1;0.01;SELL
2016-04-18T01:19:31.512719;2016-04-18T01:19:31.572350;b01c7f66-4900-4c00-b2f1-cda30441319d;431.1;0.124;SELL
2016-04-18T01:19:31.512916;2016-04-18T01:19:31.572350;b8c5deee-c8f1-4efe-a096-d870f168b6de;431.09;0.01;SELL
2016-04-18T01:19:31.513095;2016-04-18T01:19:31.572350;f8234380-6942-4a75-bd09-a1b2ee51c57c;431.08;0.01;SELL
2016-04-18T01:19:31.513253;2016-04-18T01:19:31.572350;22d992cd-8a0d-4f74-949e-22d9a4f5bba3;431.07;0.01;SELL
2016-04-18T01:19:31.513430;2016-04-18T01:19:31.587977;64de878d-6f2b-4b79-883c-92e3153939b4;431.05;0.12;SELL
2016-04-18T01:19:31.513573;2016-04-18T01:19:31.587977;7a9cada7-c5f4-49f8-b6c5-e393a9510eed;431.0;0.0595;SELL
2016-04-18T01:20:01.597706;2016-04-18T01:20:01.634878;c258e236-a02c-4bce-b670-425643f51489;431.12;0.01;BUY
2016-04-18T01:20:01.597910;2016-04-18T01:20:01.666118;b4441085-3104-4da6-be12-0bd3ba5f9589;431.12;0.17832;BUY
2016-04-18T01:20:31.263157;2016-04-18T01:20:31.322381;9f0910c0-6377-4485-bc81-343acb7b4fac;431.0;0.01;SELL
2016-04-18T01:20:31.263383;2016-04-18T01:20:31.322381;d791532f-350f-4eeb-8692-8e5f4930d3cc;430.99;0.17;SELL
2016-04-18T01:20:31.263571;2016-04-18T01:20:31.322381;f893e7ec-0618-4fe9-81d0-75c5a2ec16f5;430.97;0.01;SELL
2016-04-18T01:20:31.263749;2016-04-18T01:20:31.322381;2ef9c481-65e6-4d57-9c31-c51451942023;430.93;0.074;SELL
2016-04-18T01:20:31.263905;2016-04-18T01:20:31.338008;20b5beae-a8d2-404e-919e-85336d84c07d;430.92;0.01;SELL
2016-04-18T01:20:31.264077;2016-04-18T01:20:31.338008;292004dc-ea9d-4f04-921b-073b69dfd7c8;430.92;4.0;SELL
2016-04-18T01:20:31.264237;2016-04-18T01:20:31.338008;dfbf77af-2808-4af0-b541-12171426c66f;430.88;0.32;SELL
2016-04-18T01:20:31.264389;2016-04-18T01:20:31.338008;b06e9cd0-227a-4332-8fd4-1e393e7090d5;430.88;0.29;SELL
2016-04-18T01:20:31.264542;2016-04-18T01:20:31.338008;a14427a9-dfd2-4fee-bf35-21d6b6e8ec66;430.87;1.51671026;SELL
2016-04-18T01:20:31.264719;2016-04-18T01:20:31.353632;2b9f8bca-4e48-44bd-ae08-ff8c2e3a7667;430.87;0.02594777;SELL
2016-04-18T01:20:31.264882;2016-04-18T01:20:31.353632;0ad9b818-004a-4c33-bbb8-73d842f33e44;430.85;0.087;SELL
2016-04-18T01:20:31.265053;2016-04-18T01:20:31.353632;cd38992d-1457-4c36-b5f4-cb25a894f84f;430.8;1.12;SELL
2016-04-18T01:20:31.265207;2016-04-18T01:20:31.353632;c5f2f406-3128-41bf-84a5-7ea465e42517;430.79;0.05011435;SELL
2016-04-18T01:20:31.265362;2016-04-18T01:20:31.353632;b764eaea-33c7-4163-a47f-0a431729114b;430.79;0.8;SELL
2016-04-18T01:20:31.265520;2016-04-18T01:20:31.369257;b51b746d-63ee-4d23-b880-db894b81bed6;430.78;0.02595297;SELL
2016-04-18T01:20:31.265684;2016-04-18T01:20:31.369257;2cd2cf4c-80ca-4c03-9b75-cf09daf7aaa7;430.76;1.28;SELL
2016-04-18T01:20:31.265848;2016-04-18T01:20:31.369257;a6c1df70-1d9b-416b-8e54-dac8bce2e419;430.75;0.01635142;SELL
2016-04-18T01:20:31.266027;2016-04-18T01:20:31.384883;b4e22c38-5ea6-470b-961b-76d6c588936a;430.73;1.76;SELL
2016-04-18T01:20:31.266179;2016-04-18T01:20:31.384883;92b9a2a5-c92e-4d8b-90b1-0a34a6854342;430.72;0.01;SELL
2016-04-18T01:20:31.266333;2016-04-18T01:20:31.384883;8947e57c-e48a-4879-a54d-dcd1c7842487;430.72;0.19;SELL
2016-04-18T01:20:31.266493;2016-04-18T01:20:31.384883;749f97e5-d3cc-49ee-9a8c-144fa987ee57;430.7;1.44;SELL
2016-04-18T01:20:31.266655;2016-04-18T01:20:31.384883;3581425b-92d3-4e5e-9a9f-1878ed71f558;430.69;0.02595817;SELL
2016-04-18T01:20:31.266819;2016-04-18T01:20:31.384883;a4f09a1f-0fc1-462a-9a77-7013f9b9c4e7;430.68;1.28;SELL
2016-04-18T01:20:31.266997;2016-04-18T01:20:31.384883;738f91e8-5a95-485f-8fbc-8e59a1df480c;430.67;0.165;SELL
2016-04-18T01:20:31.267162;2016-04-18T01:20:31.384883;d1ec10e0-1bd0-42d8-82f1-508e9f5102f3;430.63;1.44;SELL
2016-04-18T01:20:31.267306;2016-04-18T01:20:31.400509;c135f9ff-5e2d-43e6-b8a4-ac273d9ea10a;430.62;0.143;SELL
2016-04-18T01:20:31.267486;2016-04-18T01:20:31.400509;6070deae-d108-481e-8cdf-22330d20faa9;430.62;0.64;SELL
2016-04-18T01:20:31.267648;2016-04-18T01:20:31.400509;3d15360e-aa1d-4ad0-a0ec-74d1092a4d2f;430.61;0.02590753;SELL
2016-04-18T01:20:31.267813;2016-04-18T01:20:31.400509;d0feeb04-20b8-40e9-a818-de1cf3e9a051;430.6;0.02;SELL
2016-04-18T01:20:31.267991;2016-04-18T01:20:31.400509;9ba01d6b-5c0f-485e-9baf-828c9fbc291b;430.58;1.6;SELL
2016-04-18T01:20:31.268164;2016-04-18T01:20:31.416133;88f7c50f-1fbc-4bcf-a732-2262338067cf;430.57;0.183;SELL
2016-04-18T01:20:31.268323;2016-04-18T01:20:31.416133;c387b589-348f-4012-833f-c67fa041abfc;430.55;0.96;SELL
2016-04-18T01:20:31.268489;2016-04-18T01:20:31.416133;d6e08471-570d-4bbc-9793-c8d965d6846f;430.54;0.3208;SELL
2016-04-18T01:20:31.268648;2016-04-18T01:20:31.416133;2cbba129-03b0-4acb-b389-3df03ac3f286;430.51;1.28;SELL
2016-04-18T01:20:31.268812;2016-04-18T01:20:31.416133;f79fc0a3-21f5-4c51-8d1c-6771efef7fa5;430.5;0.01638003;SELL
2016-04-18T01:20:31.268963;2016-04-18T01:20:31.416133;92a7951f-9027-49dd-940e-9486444e8141;430.5;0.01;SELL
2016-04-18T01:20:31.269123;2016-04-18T01:20:31.416133;31345b39-2125-4f13-bd05-3ae2f904f08c;430.5;2.0761775;SELL
2016-04-18T01:21:04.043188;2016-04-18T01:21:04.119278;e7cf0b18-f1cb-4d2c-9f01-4fa01c209fde;430.88;0.01;SELL
2016-04-18T01:21:04.043392;2016-04-18T01:21:04.119278;3ab28244-7c9f-4993-a296-fd7136e49eca;430.88;0.03416;SELL
2016-04-18T01:21:31.266234;2016-04-18T01:21:31.306794;335b28a7-ba74-4e65-b235-db8b548897bb;430.92;0.05;SELL
2016-04-18T01:21:31.266436;2016-04-18T01:21:31.322418;65b31ef8-1175-4e25-9493-229ecef7067a;430.89;0.07967;SELL
2016-04-18T01:22:02.979938;2016-04-18T01:22:03.009947;62e5c3e3-aea9-483c-a1c3-c7ff8175c0db;430.99;0.01;BUY
2016-04-18T01:22:08.735676;2016-04-18T01:22:08.775568;42d15dea-c5b9-4525-a7ae-2f6c4bf2c9f2;430.96;0.01;SELL
2016-04-18T01:22:08.735938;2016-04-18T01:22:08.791185;c56aeb59-e33a-4f00-b7fa-8df18ae1b611;430.96;0.01865;SELL
2016-04-18T01:22:34.550347;2016-04-18T01:22:34.588075;4d136de2-138c-4db5-b519-f5088738c81b;431.0;0.0117;BUY
2016-04-18T01:22:34.550587;2016-04-18T01:22:34.603695;746453f9-a00d-4fc4-95fe-9dcacff3d37e;431.01;0.01;BUY
2016-04-18T01:22:34.550777;2016-04-18T01:22:34.603695;44541f78-c32f-4b55-9218-009522ffbe02;431.02;0.14;BUY
2016-04-18T01:22:34.550957;2016-04-18T01:22:34.603695;71b974c7-a0e7-4dee-8166-4f978f7d4ddf;431.05;0.32;BUY
2016-04-18T01:22:34.551138;2016-04-18T01:22:34.603695;56cf8b6e-2322-4acb-8970-33c85736134a;431.06;0.087;BUY
2016-04-18T01:22:34.551291;2016-04-18T01:22:34.619320;a64ac31a-3c52-47f6-9d27-3d200c2d5129;431.08;0.8;BUY
2016-04-18T01:22:34.551438;2016-04-18T01:22:34.619320;4905f648-a6f3-42f3-9635-0bb49291e468;431.09;0.01;BUY
2016-04-18T01:22:34.551585;2016-04-18T01:22:34.619320;c2d3b72e-5e05-4792-822e-552f465e98dc;431.09;0.38281;BUY
2016-04-18T01:23:01.359289;2016-04-18T01:23:01.400593;3c061ea3-6375-4ec5-85d6-f4841c7fa291;431.04;0.01;SELL
2016-04-18T01:23:01.359489;2016-04-18T01:23:01.416210;bfa73c81-0bab-471e-8dd4-6934202261a5;431.04;0.05;SELL
2016-04-18T01:23:01.359685;2016-04-18T01:23:01.416210;b84ec72c-68ab-4e45-8cf8-79d1453ed0bd;431.01;0.01;SELL
2016-04-18T01:23:01.359879;2016-04-18T01:23:01.431835;01e15ab6-1eef-4eb2-a1ef-b6a5e330e973;431.0;0.099;SELL
2016-04-18T01:23:01.360074;2016-04-18T01:23:01.431835;9628f3df-d92a-4b9e-8f34-2997ec792e3b;430.96;0.02;SELL
2016-04-18T01:23:01.360226;2016-04-18T01:23:01.478713;d1f04664-d51b-44d5-a7bf-bbfc31e47d6e;430.95;0.01832;SELL
2016-04-18T01:23:31.355419;2016-04-18T01:23:31.384977;5c922b29-6ba6-40c0-bb61-fa127bf1ce20;431.09;0.01;BUY
2016-04-18T01:23:31.355688;2016-04-18T01:23:31.400599;b5c1acde-907b-4af4-aa57-778dd30f7255;431.09;0.106;BUY
2016-04-18T01:23:31.355892;2016-04-18T01:23:31.416225;21db40f0-5d46-4cbe-9ea7-54197d17073a;431.1;0.01;BUY
2016-04-18T01:23:31.356425;2016-04-18T01:23:31.416225;24187899-ffd1-481c-9492-51712e7f05a2;431.11;0.01;BUY
2016-04-18T01:23:31.356624;2016-04-18T01:23:31.416225;fac344c9-aee1-4c34-8b09-3cdd73a6e96b;431.12;0.01;BUY
2016-04-18T01:23:31.356791;2016-04-18T01:23:31.494349;d81c686b-1eff-42cc-8ce8-68408145d9d9;431.13;0.034;BUY
2016-04-18T01:24:01.393998;2016-04-18T01:24:01.447489;fc3d81de-e700-4215-b316-dfeac037ef17;431.12;0.01;BUY
2016-04-18T01:24:01.394229;2016-04-18T01:24:01.447489;602768b0-4594-4a06-9a33-4fc5499148e1;431.12;0.145;BUY
2016-04-18T01:24:01.394400;2016-04-18T01:24:01.447489;0a1a86b7-527d-4052-bdfd-f6094af41bfe;431.13;0.556;BUY
2016-04-18T01:24:01.394567;2016-04-18T01:24:01.447489;024e6401-0cbc-4c13-a36e-b3a250d86c37;431.13;0.01;BUY
2016-04-18T01:24:01.394730;2016-04-18T01:24:01.463088;f77586d8-f7a1-46cf-afa4-4ecde2b0c46c;431.14;0.13;BUY
2016-04-18T01:24:01.394887;2016-04-18T01:24:01.463088;47f2dbdc-b666-490e-afa5-b5dda498feb1;431.15;0.01;BUY
2016-04-18T01:24:01.395079;2016-04-18T01:24:01.463088;5546f346-baad-4c9a-af0f-fcbe1063592e;431.15;0.01;BUY
2016-04-18T01:24:01.395246;2016-04-18T01:24:01.463088;690844a2-bc07-4109-b94b-0e324e0868bf;431.17;0.01;BUY
2016-04-18T01:24:01.395416;2016-04-18T01:24:01.463088;e8e6336f-722f-4075-a87e-482d43bfedff;431.17;0.118;BUY
2016-04-18T01:24:01.395566;2016-04-18T01:24:01.478739;5bd42cae-7302-4ca6-bdd8-069f3ac4e200;431.2;1.98457;BUY
2016-04-18T01:24:34.731726;2016-04-18T01:24:34.760006;47c2b4c4-9b62-4cc3-bfa5-daea8eb8deae;431.22;0.01;BUY
2016-04-18T01:24:34.732090;2016-04-18T01:24:34.775632;c033dafb-2d18-4885-8731-035907689567;431.22;0.087;BUY
2016-04-18T01:24:34.732268;2016-04-18T01:24:34.791256;d77d9feb-cc5c-415c-a150-47f839230736;431.24;0.31807;BUY
2016-04-18T01:25:01.337898;2016-04-18T01:25:01.369397;83169777-1776-4ffc-98f7-f5ceacec1a2c;431.24;0.01;BUY
2016-04-18T01:25:01.338148;2016-04-18T01:25:01.385024;64826d27-f7b0-4310-ba97-8f8589510059;431.24;0.091;BUY
2016-04-18T01:25:01.338332;2016-04-18T01:25:01.385024;44b9b4bc-a2d7-48db-ad41-ab057e3a75bc;431.25;0.01638003;BUY
2016-04-18T01:25:01.338483;2016-04-18T01:25:01.385024;63e5488e-0a58-4829-983b-09065f134a78;431.26;0.01;BUY
2016-04-18T01:25:01.338639;2016-04-18T01:25:01.400645;49793f57-1350-4f3c-9804-34730c843978;431.26;0.01;BUY
2016-04-18T01:25:01.338802;2016-04-18T01:25:01.400645;95130db9-0fbc-40e5-858a-9730ce2f8e61;431.29;0.01;BUY
2016-04-18T01:25:01.338954;2016-04-18T01:25:01.400645;38fbe488-cc9a-4bcc-b7b8-52ecc6313712;431.29;0.01;BUY
2016-04-18T01:25:01.339119;2016-04-18T01:25:01.400645;fda7114d-3312-4f30-8dc0-90fa53fdb6fb;431.29;0.02592524;BUY
2016-04-18T01:25:01.339271;2016-04-18T01:25:01.400645;9bc5edb1-3dda-4368-bf83-0efb1b795cf8;431.29;0.078;BUY
2016-04-18T01:25:01.339426;2016-04-18T01:25:01.431895;6e351049-7999-4997-8634-1d51a4a22a80;431.31;0.39;BUY
2016-04-18T01:25:01.339570;2016-04-18T01:25:01.431895;a216d3a8-4793-4964-98ab-33bf3a738e81;431.33;0.32;BUY
2016-04-18T01:25:01.339727;2016-04-18T01:25:01.431895;84b9d2aa-7a37-4775-b631-fd872cafd3dd;431.33;0.29;BUY
2016-04-18T01:25:01.339886;2016-04-18T01:25:01.478775;848b03d6-60dd-4fca-9a5c-2a43a001fe05;431.34;0.02594777;BUY
2016-04-18T01:25:01.340055;2016-04-18T01:25:01.478775;b0597893-96c4-480e-ba29-0ee6d4d19fb1;431.34;0.02595297;BUY
2016-04-18T01:25:01.340202;2016-04-18T01:25:01.478775;b11a6b21-e9c1-4995-803b-7afa988e1b64;431.34;0.02595817;BUY
2016-04-18T01:25:01.340346;2016-04-18T01:25:01.478775;b442b36d-1155-4306-b9b5-cfa5a23d6f88;431.34;0.64;BUY
2016-04-18T01:25:01.340503;2016-04-18T01:25:01.478775;9723f7e5-7b61-41cd-870e-a11966a068bb;431.34;0.097;BUY
2016-04-18T01:25:01.340662;2016-04-18T01:25:01.478775;fdceaba3-7fbd-447d-80fc-b6d53dd0f7df;431.35;0.01;BUY
2016-04-18T01:25:01.340800;2016-04-18T01:25:01.478775;ec5e472a-e738-4c9f-b06d-895fa77445a1;431.36;0.42854582;BUY
2016-04-18T01:26:02.908283;2016-04-18T01:26:02.931928;ba98c8cf-e90e-4e8a-8228-8d7adad27ea0;431.27;0.01;SELL
2016-04-18T01:26:02.908497;2016-04-18T01:26:02.931928;d541ecb3-abab-4c3c-becf-44d382d0ad63;431.26;0.0043;SELL
2016-04-18T01:26:31.456654;2016-04-18T01:26:31.478817;0f8db05b-539b-46b4-937c-87b55882a8aa;431.29;0.01;BUY
2016-04-18T01:26:31.456871;2016-04-18T01:26:31.478817;684a89bc-7743-47a5-96e8-25949f6f0376;431.29;0.03308;BUY
2016-04-18T01:27:05.323140;2016-04-18T01:27:05.353839;15cec51e-d783-4ab3-ab2e-29c38a46f07d;431.3;0.468855;BUY
2016-04-18T01:27:05.323401;2016-04-18T01:27:05.369461;de5ef18f-32c4-4f67-86b9-d88faeabec57;431.3;0.148;BUY
2016-04-18T01:27:05.323594;2016-04-18T01:27:05.369461;5f5fb32f-dc47-47ef-a670-b6737ab38be6;431.35;0.122;BUY
2016-04-18T01:27:05.323768;2016-04-18T01:27:05.385088;941db1a3-1179-4dfc-bb74-725d3a25dd38;431.37;0.05009713;BUY
2016-04-18T01:27:05.323928;2016-04-18T01:27:05.385088;35e7ab35-c934-4e53-9f76-325e51652d7f;431.38;0.01;BUY
2016-04-18T01:27:05.324108;2016-04-18T01:27:05.447583;54d8fdb7-72e2-4f70-965c-847e3dfc4ed7;431.38;0.02591093;BUY
2016-04-18T01:27:05.324283;2016-04-18T01:27:05.447583;8d59193e-9183-4cd8-b1fe-e55a506df536;431.39;0.01;BUY
2016-04-18T01:27:05.324447;2016-04-18T01:27:05.447583;0c157185-44a5-484d-8bc4-795fd2ec86f2;431.4;0.01;BUY
2016-04-18T01:27:05.324610;2016-04-18T01:27:05.447583;a8e25b70-685a-46fe-a990-567f077d750f;431.4;0.02593378;BUY
2016-04-18T01:27:05.324767;2016-04-18T01:27:05.447583;8bfd53f8-6eba-47af-ac44-3408af1daa57;431.4;0.02593897;BUY
2016-04-18T01:27:05.324929;2016-04-18T01:27:05.447583;ec30c056-de3f-41df-8a22-8f4361e9de0c;431.4;0.15;BUY
2016-04-18T01:27:05.325085;2016-04-18T01:27:05.447583;ee104b07-e750-40c6-a3c9-77e257f26bb0;431.41;0.54572419;BUY
2016-04-18T01:27:32.957171;2016-04-18T01:27:32.994474;42125bde-7284-42e1-b1e6-fceec85743b8;431.39;0.08034;BUY
2016-04-18T01:28:04.267299;2016-04-18T01:28:04.306989;10791d62-ad93-485c-8716-e931969b4360;431.39;0.05;BUY
2016-04-18T01:28:04.267591;2016-04-18T01:28:04.306989;d2273c69-ac7f-482f-9d3c-c19e133bbf01;431.39;0.532;BUY
2016-04-18T01:28:04.267771;2016-04-18T01:28:04.306989;cde81ba4-aa38-4e10-94f9-8aa4e2dd7f62;431.41;0.37236;BUY
2016-04-18T01:28:31.350180;2016-04-18T01:28:31.369507;6edc364c-338a-4c20-b2dc-de8967b0a850;431.38;0.097;BUY
2016-04-18T01:28:31.350413;2016-04-18T01:28:31.385127;5ad1dbaf-e3f4-4b5a-8e0f-7cea46558683;431.38;0.05;BUY
2016-04-18T01:28:31.350591;2016-04-18T01:28:31.385127;ef08c27a-e6fb-4ad5-8629-eb48d7d7d675;431.41;0.91884;BUY
2016-04-18T01:29:01.339443;2016-04-18T01:29:01.353899;58706762-2476-41e4-b461-d97c67509afd;431.38;0.01865;BUY
2016-04-18T01:29:01.339670;2016-04-18T01:29:01.369520;0ab51efc-15be-4649-9a4c-dc311de89506;431.38;0.485;BUY
2016-04-18T01:29:01.339849;2016-04-18T01:29:01.369520;1d14459c-d91c-4fd4-80fe-579f0b9d13e8;431.41;0.10206;BUY
2016-04-18T01:29:02.206139;2016-04-18T01:29:02.228893;d3e60b72-b0ff-4b9b-8636-8105037b7db4;431.4;0.454;BUY
2016-04-18T01:29:02.206298;2016-04-18T01:29:02.244519;3198538a-8e72-4d42-9dd2-a11978073ddc;431.41;3.017;BUY
2016-04-18T01:29:31.216908;2016-04-18T01:29:31.260160;6cce4280-7062-4aa8-a057-3e7641dbe1b8;431.39;0.01;BUY
2016-04-18T01:29:31.217218;2016-04-18T01:29:31.260160;6f45377a-1b4e-4153-92d6-8f7aba9490a5;431.39;0.08004;BUY
2016-04-18T01:30:01.944029;2016-04-18T01:30:01.963300;f603c49a-4263-4069-a4f2-c5f24f180ad5;431.42;0.01;BUY
2016-04-18T01:30:01.944236;2016-04-18T01:30:01.963300;a4a8307e-755c-4220-9c81-d779015f85ab;431.42;0.123;BUY
2016-04-18T01:30:01.944390;2016-04-18T01:30:01.978927;140035dc-066b-4071-a042-0a745c1bbf3b;431.43;0.01;BUY
2016-04-18T01:30:01.944555;2016-04-18T01:30:01.978927;acb477f9-5e59-4336-ae17-01239ae67791;431.43;0.01;BUY
2016-04-18T01:30:01.944706;2016-04-18T01:30:01.978927;6a86db34-c172-4f05-8396-0b7950be384e;431.45;1.4049;BUY
2016-04-18T01:30:33.802385;2016-04-18T01:30:33.822689;cf4fa9d2-4151-487a-a7d0-651dd042cc9f;431.44;0.01;BUY
2016-04-18T01:30:33.802612;2016-04-18T01:30:33.838314;4fb43ff9-db32-4544-b8a0-6b4083503bb5;431.44;0.138;BUY
2016-04-18T01:30:33.802783;2016-04-18T01:30:33.838314;1f42721d-19bf-47e5-9872-588ec2a223a4;431.45;0.33411;BUY
2016-04-18T01:31:04.290028;2016-04-18T01:31:04.307081;2ff63b5a-e177-41bc-9ad0-bba83122025b;431.45;0.119;BUY
2016-04-18T01:31:04.290271;2016-04-18T01:31:04.307081;4a35c866-765c-490f-b943-b644ee23654b;431.46;0.02591093;BUY
2016-04-18T01:31:04.290450;2016-04-18T01:31:04.322706;28683d73-37c1-4d90-8c80-4885e6d484ad;431.47;0.77323907;BUY
2016-04-18T01:31:31.313136;2016-04-18T01:31:31.215766;529ba91c-61fe-4555-94b8-77109887f529;431.46;0.03159;BUY
2016-04-18T01:32:07.137846;2016-04-18T01:32:07.043917;b888b20f-d338-45b1-8868-12ccc32024ce;431.46;1.40685;BUY
2016-04-18T01:32:31.266966;2016-04-18T01:32:31.168920;fdcb99df-dc2c-49f0-b590-b57481558bc6;431.46;0.03159;BUY
2016-04-18T01:33:01.315849;2016-04-18T01:33:01.215809;90dd23ed-20a5-4bd7-bd55-04d4e43656f4;431.46;1.27078;BUY
2016-04-18T01:33:31.686937;2016-04-18T01:33:31.606449;8232d621-344f-4fec-aa36-1803f2aa0eae;431.45;0.05736;BUY
2016-04-18T01:34:00.612656;2016-04-18T01:34:00.528338;9273d004-4086-48a2-a2db-82bb1d997a83;431.46;1.59086011;BUY
2016-04-18T01:34:00.880421;2016-04-18T01:34:00.793967;68967cba-e3cb-4609-ba1e-9c17bb112af7;431.46;0.16832989;BUY
2016-04-18T01:34:00.880633;2016-04-18T01:34:00.809614;93c27f56-043e-4540-8e56-7167354c06e5;431.48;0.16;BUY
2016-04-18T01:34:00.880803;2016-04-18T01:34:00.809614;e25add5b-c9e4-447b-beab-6822e01b7be1;431.5;0.01;BUY
2016-04-18T01:34:00.880979;2016-04-18T01:34:00.809614;46226ab6-dc92-4798-a15b-bb2bddaaf9dd;431.5;0.01635142;BUY
2016-04-18T01:34:00.881194;2016-04-18T01:34:00.809614;f9a1c4d6-d8d2-4275-a3aa-9292e01b9390;431.5;0.02;BUY
2016-04-18T01:34:00.881355;2016-04-18T01:34:00.809614;18dbf405-125b-4751-89a7-44f5ae9932a5;431.51;1.0;BUY
2016-04-18T01:34:00.881513;2016-04-18T01:34:00.809614;7e8449de-0c94-4552-aab0-5e6428bde9b9;431.51;0.2161788;BUY
2016-04-18T01:34:01.159872;2016-04-18T01:34:01.059587;1fa17d78-0f1b-42a3-b508-724350dec46a;431.52;1.59086011;BUY
2016-04-18T01:34:01.379351;2016-04-18T01:34:01.278350;c080e098-e2df-4f72-8458-ed6a73336b61;431.52;0.88967;BUY
2016-04-18T01:34:02.130834;2016-04-18T01:34:02.028338;3b058633-cd58-4446-a8db-11e6b4372555;431.5;0.01;BUY
2016-04-18T01:34:02.131042;2016-04-18T01:34:02.028338;1dbf664d-bd94-4f31-9651-648aa5265dc2;431.52;1.58086011;BUY
2016-04-18T01:35:01.296808;2016-04-18T01:35:01.200244;412799a8-6743-49de-8114-80e19f8b8f11;431.45;0.0115;SELL
2016-04-18T01:35:01.297067;2016-04-18T01:35:01.215833;a84f5ed4-959e-4cc7-88b3-7c8a3d056d7b;431.44;0.01;SELL
2016-04-18T01:35:01.297242;2016-04-18T01:35:01.215833;0d0a8b11-29da-41ef-b893-8c6987886c72;431.43;0.05072;SELL
2016-04-18T01:35:32.989650;2016-04-18T01:35:32.887772;5a33377d-34f8-4c6c-9fd4-c0d3c0f7972b;431.5;0.02;BUY
2016-04-18T01:35:32.990007;2016-04-18T01:35:32.887772;a91421ba-771e-4521-9466-9cc7dbebef3b;431.5;0.0114;BUY
2016-04-18T01:35:32.990260;2016-04-18T01:35:32.903385;d5a9a693-1b22-467d-bda6-17122ba2ecfd;431.52;0.06723;BUY
2016-04-18T01:35:37.351906;2016-04-18T01:35:37.262762;92f471ce-c4b1-45b4-a453-726f7963bed9;431.43;0.01;SELL
2016-04-18T01:35:37.362034;2016-04-18T01:35:37.278386;1263cada-e912-41e1-9001-fc28a43b1658;431.43;0.01;SELL
2016-04-18T01:35:37.365706;2016-04-18T01:35:37.325272;7115f0da-8a5e-4614-a159-44afab8de163;431.43;0.01;SELL
2016-04-18T01:35:37.472420;2016-04-18T01:35:37.387763;299b814e-92d2-46c5-92d3-0f6a6f7bc42a;431.43;0.01;SELL
2016-04-18T01:35:37.477088;2016-04-18T01:35:37.450263;067a9494-99f5-416c-964e-8f9f8e6b579b;431.43;0.01;SELL
2016-04-18T01:35:37.481796;2016-04-18T01:35:37.450263;1b1a04c2-d731-487b-bd68-b61da71dbcb3;431.43;0.01;SELL
2016-04-18T01:35:37.485253;2016-04-18T01:35:37.450263;8ad1e097-7009-4647-8c42-7306b3cd6b7c;431.43;0.01;SELL
2016-04-18T01:35:37.496277;2016-04-18T01:35:37.450263;470fad45-d63e-4936-a06d-fc9fed6cdd7c;431.43;0.01;SELL
2016-04-18T01:35:37.501284;2016-04-18T01:35:37.450263;48fe1fb3-0c8a-432f-9c8a-5ad4a8f6d26a;431.43;0.01;SELL
2016-04-18T01:35:37.502130;2016-04-18T01:35:37.450263;860b8f08-4caa-49f7-a8b1-aa1f5aba31af;431.43;0.01;SELL
2016-04-18T01:35:37.513233;2016-04-18T01:35:37.465888;b231829e-eb3e-4a10-b05b-76f3b5b3620a;431.43;0.01;SELL
2016-04-18T01:35:37.541547;2016-04-18T01:35:37.481512;382cc65f-c136-4397-a5d1-3fbf61ce3670;431.43;0.01901064;SELL
2016-04-18T01:36:03.162996;2016-04-18T01:36:03.059664;55149c3b-d489-4cd2-9527-776259186bad;431.5;0.02;BUY
2016-04-18T01:36:03.163230;2016-04-18T01:36:03.075276;16a9f032-f968-4e5a-a97d-90152011e059;431.52;1.38;BUY
2016-04-18T01:36:39.076887;2016-04-18T01:36:38.965929;3c0307b2-a8c7-452a-a216-5457685f1130;431.5;0.02;BUY
2016-04-18T01:36:39.077153;2016-04-18T01:36:38.981545;fd978d87-4411-4798-a4b5-03547515d922;431.5;0.386;BUY
2016-04-18T01:36:39.077323;2016-04-18T01:36:38.981545;b15c2f5f-a6bd-46ea-99a3-78c3c56ec416;431.52;0.28235;BUY
2016-04-18T01:37:05.836256;2016-04-18T01:37:05.747185;15333611-ed88-43c2-8e5e-2f23bedc43db;431.5;0.02;BUY
2016-04-18T01:37:05.836642;2016-04-18T01:37:05.794060;56dfa306-a0e6-42ba-a681-260170ebed38;431.52;4.20902978;BUY
2016-04-18T01:37:05.837094;2016-04-18T01:37:05.794060;62818a60-0922-43ed-bdad-9a901aa0aa83;431.52;0.374;BUY
2016-04-18T01:37:05.837320;2016-04-18T01:37:05.794060;37c4ab3b-5666-4337-a5b6-8361efc41bf9;431.53;0.01;BUY
2016-04-18T01:37:05.837514;2016-04-18T01:37:05.794060;1aadcf83-d806-490e-966e-528824243f5e;431.55;0.01;BUY
2016-04-18T01:37:05.837718;2016-04-18T01:37:05.794060;2144f63d-ca6f-4bad-aff3-266afc8ca612;431.55;0.02591093;BUY
2016-04-18T01:37:05.837927;2016-04-18T01:37:05.794060;43e208cf-6755-4be9-9895-87332bf9d45d;431.55;0.368;BUY
2016-04-18T01:37:05.838157;2016-04-18T01:37:05.794060;700bf483-621e-465a-a089-aa054464a135;431.56;0.01;BUY
2016-04-18T01:37:05.838352;2016-04-18T01:37:05.794060;b9d7c353-ab9a-4f20-99e8-7fdfaa527678;431.58;0.01;BUY
2016-04-18T01:37:05.838561;2016-04-18T01:37:05.794060;c97edcd2-2f4f-4057-a5a0-0c81481f9396;431.58;0.03;BUY
2016-04-18T01:37:05.838751;2016-04-18T01:37:05.794060;85e99849-b992-466a-9388-6db3297bdd43;431.59;0.01002201;BUY
2016-04-18T01:37:05.839054;2016-04-18T01:37:05.825308;15b3c808-6878-4d4e-be32-8e7c3dc288c7;431.59;0.25;BUY
2016-04-18T01:37:05.839255;2016-04-18T01:37:05.825308;cd7337c3-3f3e-458e-8ee6-627bceb8407f;431.59;0.94080728;BUY
2016-04-18T01:37:31.381753;2016-04-18T01:37:31.262829;68fde62b-47f8-4ea0-9f09-09cce99f6599;431.5;0.02;BUY
2016-04-18T01:37:31.382240;2016-04-18T01:37:31.294072;cd057688-96be-44f4-9339-5f879cf651fb;431.55;0.342;BUY
2016-04-18T01:37:31.382415;2016-04-18T01:37:31.294072;75159b3b-6ab3-462c-8465-3f0d21c3991d;431.58;0.56705;BUY
2016-04-18T01:38:01.648029;2016-04-18T01:38:01.528465;ef440c82-0cca-4093-bf48-d8e0bd57f736;431.5;0.02;BUY
2016-04-18T01:38:01.648232;2016-04-18T01:38:01.559713;412da94e-999d-4077-9c9b-de37b04a65c9;431.5;0.02514;BUY
2016-04-18T01:38:31.265615;2016-04-18T01:38:31.153488;e7746730-860e-4e76-b903-05bd41e790ab;431.5;0.02;BUY
2016-04-18T01:38:31.265913;2016-04-18T01:38:31.169103;6d8f1e8a-49ad-40e2-9460-f6540c27fc9a;431.5;0.073;BUY
2016-04-18T01:38:31.266180;2016-04-18T01:38:31.169103;10426222-963f-4f3e-ab19-02050afa767f;431.55;0.153;BUY
2016-04-18T01:38:31.266385;2016-04-18T01:38:31.184729;810c059a-a2f7-4bf8-83fc-7c674c08ca91;431.57;0.01;BUY
2016-04-18T01:38:31.266572;2016-04-18T01:38:31.184729;20ce6e79-657a-49ae-adde-12dab3da57c1;431.59;0.53317;BUY
2016-04-18T01:39:01.321633;2016-04-18T01:39:01.215990;38e7ec03-c2f7-4640-a03c-396cd3c38aa3;431.5;0.01183;BUY
2016-04-18T01:39:33.756396;2016-04-18T01:39:33.637887;f16a3252-566a-4b19-8a13-179640e818a3;431.49;0.01;SELL
2016-04-18T01:39:33.756604;2016-04-18T01:39:33.653510;a3e7f59b-c620-4d89-94ff-c3ec2ba57e88;431.48;0.0043;SELL
2016-04-18T01:40:01.823650;2016-04-18T01:40:01.700411;b5f11051-c6b8-4866-8a3c-ef3c2c11c6ff;431.5;0.00817;BUY
2016-04-18T01:40:01.823852;2016-04-18T01:40:01.716024;4bf6008d-eeb1-44ed-9d58-8114d88d53a3;431.54;0.03183;BUY
2016-04-18T01:40:31.436232;2016-04-18T01:40:31.325419;b2a7dea8-10a3-42e0-a736-fb3eb05312ae;431.5;0.01;SELL
2016-04-18T01:40:31.436436;2016-04-18T01:40:31.341039;3e3cdc10-4e69-465e-8029-4d6a2aa5fa35;431.5;0.0043;SELL
2016-04-18T01:41:01.428084;2016-04-18T01:41:01.325418;36bfb597-1f9e-43c9-92ad-5757694d1a53;431.53;0.01;BUY
2016-04-18T01:41:01.428315;2016-04-18T01:41:01.325418;4795b1fb-636c-4e59-9abd-7879ff8ccafa;431.56;0.126;BUY
2016-04-18T01:41:01.428484;2016-04-18T01:41:01.341056;cadc0856-52b2-437f-9241-c5c328df8832;431.56;0.28082;BUY
2016-04-18T01:42:01.327608;2016-04-18T01:42:01.200467;13f3590c-a2b4-4d13-a050-4f975f68fb1a;431.57;0.04674;BUY
2016-04-18T01:42:31.262914;2016-04-18T01:42:31.137945;4a39818c-e756-42ee-b2bc-2f506ea2fa4b;431.5;0.0115;SELL
2016-04-18T01:42:31.263203;2016-04-18T01:42:31.153599;2fe803c1-7486-4e8a-a968-f07fc4af0890;431.48;0.0057;SELL
2016-04-18T01:42:31.263442;2016-04-18T01:42:31.184850;b963cdcb-b8d8-48c0-9039-913adc09c1bc;431.48;0.01;SELL
2016-04-18T01:42:31.263623;2016-04-18T01:42:31.184850;b8488d7e-8ae6-4992-89dd-dd877ec3587b;431.48;0.02919;SELL
2016-04-18T01:43:31.430312;2016-04-18T01:43:31.309880;db6e8b0b-dc54-4f11-9a96-a9d5fbbaaa35;431.48;0.01;SELL
2016-04-18T01:43:31.430553;2016-04-18T01:43:31.325505;a22ea7dd-f639-4ff5-9bab-46c89d8c027c;431.48;0.12;SELL
2016-04-18T01:43:31.430744;2016-04-18T01:43:31.325505;e0dcbbfd-85c8-485e-83b8-304d78571ed2;431.48;0.102;SELL
2016-04-18T01:43:31.430906;2016-04-18T01:43:31.325505;9ebf339c-3f74-4889-a12a-3ecd111669d2;431.47;0.01;SELL
2016-04-18T01:43:31.431081;2016-04-18T01:43:31.341131;04972bd3-69c1-44f4-bdc2-c57265cdbe06;431.47;0.01000208;SELL
2016-04-18T01:43:31.431217;2016-04-18T01:43:31.403628;557e5844-65f4-4bb4-a17d-1f3cd5c6ed2e;431.43;0.09569792;SELL
2016-04-18T01:44:01.732378;2016-04-18T01:44:01.622397;83673661-a216-46fd-a190-e9883005bae2;431.54;0.01;BUY
2016-04-18T01:44:01.732592;2016-04-18T01:44:01.622397;65099e13-4dff-404d-9003-388beea75fd5;431.54;0.102;BUY
2016-04-18T01:44:01.732777;2016-04-18T01:44:01.622397;dac9d20e-b5aa-45b8-a4e5-5786f947b64b;431.55;0.01;BUY
2016-04-18T01:44:01.732934;2016-04-18T01:44:01.622397;b0f5a618-78f1-4dd0-ab9d-f55dc0e928ae;431.56;0.01;BUY
2016-04-18T01:44:01.733120;2016-04-18T01:44:01.638022;fed1cb6c-42d4-47fb-9d64-e50c7e5e92c3;431.56;0.14;BUY
2016-04-18T01:44:01.733275;2016-04-18T01:44:01.638022;44f8e265-190d-4d82-98f8-471936170deb;431.57;0.01;BUY
2016-04-18T01:44:01.733409;2016-04-18T01:44:01.638022;eafcb18b-6818-41f6-af19-eb5e0419d1da;431.58;1.70823;BUY
2016-04-18T01:44:31.617344;2016-04-18T01:44:31.481790;ad8e9c3c-a957-4646-b42f-7d74baafe870;431.55;0.0114;BUY
2016-04-18T01:44:31.617603;2016-04-18T01:44:31.513035;5063c8c0-1568-4c52-914b-71b552496763;431.55;0.336;BUY
2016-04-18T01:44:31.617785;2016-04-18T01:44:31.513035;4d00063e-29f3-4e87-a2c8-2a88ea8f77b8;431.58;0.30235;BUY
2016-04-18T01:45:01.324728;2016-04-18T01:45:01.200557;254b6443-e384-479c-8ca7-0f90ac9fcf76;431.57;0.283;BUY
2016-04-18T01:45:01.324935;2016-04-18T01:45:01.216188;8eaba5e6-d2e6-4523-97dc-2a12325e7d88;431.58;0.11566;BUY
2016-04-18T01:45:34.584899;2016-04-18T01:45:34.466192;d6db6508-2f96-4b86-a2a6-a05419391c77;431.57;0.01;BUY
2016-04-18T01:45:34.585229;2016-04-18T01:45:34.481818;628fe6aa-73a2-4cfe-b8a6-98c3c8d07dd1;431.58;1.87376;BUY
2016-04-18T01:45:34.585487;2016-04-18T01:45:34.481818;0038dee5-8897-4cb5-81bd-1a19f63c69b9;431.58;0.01000208;BUY
2016-04-18T01:45:34.585720;2016-04-18T01:45:34.481818;023f0fcf-cee0-4dd2-ae1a-7aa0177d3aed;431.59;5.02525792;BUY
2016-04-18T01:46:01.323585;2016-04-18T01:46:01.184969;215f299a-b371-4eb3-9943-04f370e6c4aa;431.59;0.55091;BUY
2016-04-18T01:46:10.588180;2016-04-18T01:46:10.450601;af94b2e4-54aa-4ad4-8f74-c11f4b278bba;431.59;0.00497801;BUY
2016-04-18T01:46:31.364031;2016-04-18T01:46:31.394986;3d307b75-9f9b-4847-b1bd-26206f7bedef;431.55;2.32153;SELL
2016-04-18T01:47:01.340010;2016-04-18T01:47:01.363748;baf3d8bf-76c6-4b66-92ec-9580c1207b17;431.59;0.22941;BUY
2016-04-18T01:47:31.302603;2016-04-18T01:47:31.332524;85b921f4-4cd5-4e09-841d-8a0dc51535b4;431.58;0.0143;SELL
2016-04-18T01:48:01.385853;2016-04-18T01:48:01.410654;0622476a-7b36-4cbf-aa32-ef63b25bb597;431.59;0.24682179;BUY
2016-04-18T01:48:01.386064;2016-04-18T01:48:01.410654;d7a3f3b2-2f37-445b-9d00-67963cbdead9;431.6;3.66051821;BUY
2016-04-18T01:48:34.002024;2016-04-18T01:48:34.020053;0537b0a6-16d1-426f-925a-44550687199f;431.6;0.8546;BUY
2016-04-18T01:49:01.570357;2016-04-18T01:49:01.613811;881f3db7-392c-46dc-8898-0094029d5c73;431.6;0.44879;BUY
2016-04-18T01:49:31.588520;2016-04-18T01:49:31.613827;64c72e4a-2e00-4ea1-9f59-fd12eb71f6e9;431.6;0.08664;BUY
2016-04-18T01:50:01.492944;2016-04-18T01:50:01.504476;a7325f28-9bf6-4694-9b45-c461371c4300;431.6;0.32979;BUY
2016-04-18T01:50:31.537347;2016-04-18T01:50:31.551355;acc81ece-da81-43fe-958c-375224c2f076;431.58;3.9857;SELL
2016-04-18T01:50:31.537577;2016-04-18T01:50:31.566978;4f193720-299d-4f42-90d5-1eefa7cb3719;431.58;0.03072432;SELL
2016-04-18T01:50:31.537761;2016-04-18T01:50:31.598233;763ee91f-b18f-4ba8-8e68-c72243374bb8;431.58;0.06;SELL
2016-04-18T01:50:31.537917;2016-04-18T01:50:31.598233;23dc8a93-6cc7-4a47-8003-e095795ae8b1;431.58;0.02;SELL
2016-04-18T01:50:31.538071;2016-04-18T01:50:31.598233;dd3a519e-e242-4ccf-8992-f9c434be384e;431.58;0.56129568;SELL
2016-04-18T01:51:01.307026;2016-04-18T01:51:01.316999;56a2cdad-9e3c-4c64-be7f-bf434cb0bb8c;431.56;0.01;SELL
2016-04-18T01:51:01.307235;2016-04-18T01:51:01.332628;eb15ed0e-c339-440d-899d-fb06132480d4;431.55;0.00429;SELL
2016-04-18T01:51:31.629885;2016-04-18T01:51:31.660761;33b496a4-f9a2-4209-9090-2076808ff6ed;431.58;4.0;SELL
2016-04-18T01:51:31.630105;2016-04-18T01:51:31.660761;2c148a98-b3f1-4c66-ae14-997bbfac5082;431.58;0.606;SELL
2016-04-18T01:51:31.630269;2016-04-18T01:51:31.660761;26a5dd52-45f0-47dc-a863-5af529f0686c;431.58;2.0;SELL
2016-04-18T01:51:31.630438;2016-04-18T01:51:31.660761;067428fd-e881-4503-9da8-8df3e47bf69b;431.58;0.29;SELL
2016-04-18T01:51:31.630605;2016-04-18T01:51:31.660761;83e5a7c9-4bd7-4e40-b63e-74d485d56d4a;431.55;0.00721;SELL
2016-04-18T01:51:31.630757;2016-04-18T01:51:31.707638;e4178413-addf-4f56-967f-9bea186528ee;431.54;0.010003;SELL
2016-04-18T01:51:31.630908;2016-04-18T01:51:31.707638;36386b8b-4b20-402b-b067-03b560be44de;431.54;0.02;SELL
2016-04-18T01:51:31.631119;2016-04-18T01:51:31.707638;31caeb0a-67de-4df0-99a1-4cd60cda27cf;431.54;0.29;SELL
2016-04-18T01:51:31.631301;2016-04-18T01:51:31.707638;1766b6c1-3593-4a88-9dcb-6428685589d6;431.53;0.628;SELL
2016-04-18T01:51:31.631463;2016-04-18T01:51:31.707638;2e32ceaa-f03d-4001-a58b-2e6ab02e06b7;431.51;0.01;SELL
2016-04-18T01:51:31.631625;2016-04-18T01:51:31.707638;e8bd900b-f34b-41e8-89fa-1557db276d31;431.5;0.01;SELL
2016-04-18T01:51:31.631812;2016-04-18T01:51:31.707638;a69c20f8-f902-477a-978e-20ffacaba579;431.49;0.4;SELL
2016-04-18T01:51:31.631967;2016-04-18T01:51:31.707638;bcccf237-39ec-4801-8559-61bb6f51598e;431.48;0.01;SELL
2016-04-18T01:51:31.632140;2016-04-18T01:51:31.707638;e6a8ce4f-46a1-45f9-9699-56dd16a758a7;431.48;0.63;SELL
