time_exchange;time_coinpai;guid;price;base_amount;taker_side
2016-02-04T00:00:01.727000;2016-02-04T00:00:01.797000;c42126f0-2329-4c6d-a7b0-aa5221aac75c;368.87;0.09734;BUY
2016-02-04T00:00:31.637000;2016-02-04T00:00:31.687000;ca72b5dd-229f-4f7a-a1c2-d3882a083334;368.87;0.80233;BUY
2016-02-04T00:01:01.603000;2016-02-04T00:01:01.640000;11fd9dab-fbd4-4fc9-b2be-6b63ccb9ef8d;368.86;0.01;BUY
2016-02-04T00:01:01.603000;2016-02-04T00:01:01.657000;f76fc784-ccb7-4ece-927d-514a6c8868a4;368.87;2.02033;BUY
2016-02-04T00:01:01.603000;2016-02-04T00:01:01.657000;c4affb5e-0709-4683-ad4d-7848be397be7;368.9;0.01;BUY
2016-02-04T00:01:01.603000;2016-02-04T00:01:01.657000;912a2b13-dd1d-42e3-99a3-8961d44667ad;368.93;0.02;BUY
2016-02-04T00:01:01.603000;2016-02-04T00:01:01.890000;ba559cd4-1abd-4e43-8aa9-a3972d8a8a62;368.96;0.44275;BUY
2016-02-04T00:01:31.777000;2016-02-04T00:01:32.047000;0c44d213-c55a-412c-930d-40889eb4f0e5;368.96;0.41835;BUY
2016-02-04T00:02:01.433000;2016-02-04T00:02:01.467000;6ae9478d-f1f1-426f-bb5d-5af23d309dc8;368.96;0.01;SELL
2016-02-04T00:02:01.433000;2016-02-04T00:02:01.483000;6d76a84c-3eba-4437-849e-4c1a95889ed9;368.96;0.01;SELL
2016-02-04T00:02:01.437000;2016-02-04T00:02:01.483000;83240962-dc99-40b2-8844-c32953e934a4;368.95;0.01;SELL
2016-02-04T00:02:01.437000;2016-02-04T00:02:01.563000;404adee8-156b-4a92-b0ce-b23f76c41469;368.89;0.48187;SELL
2016-02-04T00:02:08.273000;2016-02-04T00:02:08.313000;4c7788cc-40cc-42d1-a618-769db8d88295;368.95;0.04;BUY
2016-02-04T00:02:31.520000;2016-02-04T00:02:31.563000;0e123f6c-4e38-46b2-859b-057ec7eeba79;368.9;0.01;SELL
2016-02-04T00:02:31.520000;2016-02-04T00:02:31.577000;63138383-1ba7-421a-8074-1b37fc53d773;368.85;0.00984;SELL
2016-02-04T00:03:01.690000;2016-02-04T00:03:01.717000;407c4e4b-3665-4b20-b4ff-caf5350a9133;368.87;0.79406;BUY
2016-02-04T00:03:31.460000;2016-02-04T00:03:31.500000;b74db307-94e7-4c2b-b6ad-c5063a4619e0;368.86;0.52845;BUY
2016-02-04T00:04:31.373000;2016-02-04T00:04:31.420000;f9778f6b-8828-48db-92b5-f7de385a3e09;368.85;0.01;SELL
2016-02-04T00:04:31.373000;2016-02-04T00:04:31.420000;aef9f8aa-abab-402d-9d74-44f74a477d31;368.83;0.00436;SELL
2016-02-04T00:04:51.417000;2016-02-04T00:04:51.453000;6d78c1ef-b5b0-4dab-8c95-663e7dae19b8;368.84;0.087;BUY
2016-02-04T00:05:01.533000;2016-02-04T00:05:01.563000;c7a0fffa-5fb0-476e-a918-7313ff8e34b1;368.84;0.2799;BUY
2016-02-04T00:05:31.733000;2016-02-04T00:05:31.763000;e10a0b68-b9c9-41af-a18c-d4e5e67a5493;368.84;0.83983;BUY
2016-02-04T00:05:37.287000;2016-02-04T00:05:37.313000;42b412a9-7b26-45ed-bbc4-c5eca03f7e93;368.84;0.0979;BUY
2016-02-04T00:06:03.340000;2016-02-04T00:06:03.373000;3573d8df-832f-4cde-8204-c754fb896e30;368.84;0.40444;BUY
2016-02-04T00:06:32.973000;2016-02-04T00:06:33.000000;f7b2868a-96a7-43c3-9636-0748953da3d2;368.84;1.04979;BUY
2016-02-04T00:07:01.593000;2016-02-04T00:07:01.623000;11eee142-836e-44e0-8712-ae1b35bc743a;368.84;1.95314;BUY
2016-02-04T00:07:01.597000;2016-02-04T00:07:01.623000;2edca772-7699-4f4a-8f88-b8bd0a2a5c17;368.84;5.2697;BUY
2016-02-04T00:07:31.467000;2016-02-04T00:07:31.500000;f1a77c59-4cbd-4456-b4aa-4a86c9b7e0e7;368.85;0.12364;BUY
2016-02-04T00:08:01.557000;2016-02-04T00:08:01.577000;e3058bcc-197f-4406-9b27-56e28e81a509;368.84;0.33383;BUY
2016-02-04T00:08:31.627000;2016-02-04T00:08:31.657000;93ea17fe-3599-41f4-b259-d8ec96742fbd;368.83;0.00564;SELL
2016-02-04T00:08:31.627000;2016-02-04T00:08:31.670000;3b089ec3-137a-4cbd-a000-a150a60bb0e5;368.83;0.01;SELL
2016-02-04T00:08:31.627000;2016-02-04T00:08:31.670000;fcf5eefe-150e-474d-ae96-caa243e5d2ab;368.83;0.113;SELL
2016-02-04T00:08:31.627000;2016-02-04T00:08:31.670000;33965f1c-9bef-452b-aa9c-127e36fe7ff0;368.83;0.01;SELL
2016-02-04T00:08:31.627000;2016-02-04T00:08:31.687000;36a2d973-5d7c-456a-a76c-676851e7ff34;368.81;0.01;SELL
2016-02-04T00:08:31.627000;2016-02-04T00:08:31.750000;5fb16299-176b-4874-b6cc-54e5edad2b49;368.81;0.01;SELL
2016-02-04T00:08:31.627000;2016-02-04T00:08:31.750000;35cdc45f-6d44-42c4-b4a4-993a9794bdfe;368.8;0.01;SELL
2016-02-04T00:08:31.627000;2016-02-04T00:08:31.750000;36f3f202-8262-4775-85c9-eca2f0363a28;368.8;0.01;SELL
2016-02-04T00:08:31.627000;2016-02-04T00:08:31.750000;65e821fa-d9b6-4c03-919e-64a86523b539;368.8;0.081;SELL
2016-02-04T00:08:31.630000;2016-02-04T00:08:31.750000;37e82f1e-14a8-4000-8f18-adfef9c0c454;368.79;0.01;SELL
2016-02-04T00:08:31.630000;2016-02-04T00:08:31.750000;6307ccb0-80b4-445d-aaa7-70da4d7f8589;368.79;0.01;SELL
2016-02-04T00:08:31.630000;2016-02-04T00:08:31.750000;978cdbbc-41ed-4880-98fd-3a06ca8801a3;368.78;0.01;SELL
2016-02-04T00:08:31.630000;2016-02-04T00:08:31.750000;4cf1acc8-156b-4ced-ad16-f5b047207372;368.78;0.01;SELL
2016-02-04T00:08:31.630000;2016-02-04T00:08:31.750000;c17e1c1a-b6a2-4f87-99cc-cb9c727dd72f;368.77;0.112;SELL
2016-02-04T00:08:31.630000;2016-02-04T00:08:31.750000;16696087-ba87-4097-a591-f8686023ab49;368.74;0.00256;SELL
2016-02-04T00:08:36.997000;2016-02-04T00:08:37.017000;b1f5a0e4-f775-4e6b-baf8-678e2a267b30;368.79;0.01;BUY
2016-02-04T00:08:36.997000;2016-02-04T00:08:37.030000;2d29689f-b248-4449-86e0-9bed2bc3bf32;368.79;0.01;BUY
2016-02-04T00:08:36.997000;2016-02-04T00:08:37.030000;cf5365bb-477c-40de-beea-8470dd86a8cd;368.8;0.01;BUY
2016-02-04T00:08:36.997000;2016-02-04T00:08:37.030000;a42a02a8-7637-4f7d-bc47-a6f63944f7fa;368.8;0.01;BUY
2016-02-04T00:08:36.997000;2016-02-04T00:08:37.030000;a28725da-7341-48af-8c37-f297bca8c8d0;368.81;0.01;BUY
2016-02-04T00:08:36.997000;2016-02-04T00:08:37.030000;1ef7601d-9985-4cab-ae34-2eb4b38f3c68;368.81;0.01;BUY
2016-02-04T00:08:37.000000;2016-02-04T00:08:37.093000;fe9bcf67-410b-4633-b89e-e1f20a758c07;368.82;0.01;BUY
2016-02-04T00:08:37.000000;2016-02-04T00:08:37.093000;08ed8cf5-e09f-47f8-af73-a2762a4171fe;368.82;0.01;BUY
2016-02-04T00:08:37.000000;2016-02-04T00:08:37.123000;58629c7f-0a53-411b-9ad1-317f93805689;368.83;10.0;BUY
2016-02-04T00:08:37.000000;2016-02-04T00:08:37.123000;fcf91623-697b-4b50-a4d9-c59a07c0a230;368.83;4.651;BUY
2016-02-04T00:08:37.000000;2016-02-04T00:08:37.123000;399aae85-4271-4636-b034-1ab0db99fbb0;368.84;26.78217;BUY
2016-02-04T00:08:37.000000;2016-02-04T00:08:37.123000;387a0de7-5253-441f-93c5-a3e2c4415c47;368.84;9.4332;BUY
2016-02-04T00:08:37.000000;2016-02-04T00:08:37.123000;b03dc5b5-0252-4f39-9e20-24d77a8facc8;368.85;0.02699388;BUY
2016-02-04T00:08:37.000000;2016-02-04T00:08:37.123000;17c15342-5e1e-4629-b2a0-c3937e2c54ed;368.85;0.01;BUY
2016-02-04T00:08:37.000000;2016-02-04T00:08:37.123000;0a713038-a1b2-4f5f-be65-e1099986a453;368.86;3.10570323;BUY
2016-02-04T00:09:31.513000;2016-02-04T00:09:31.530000;0238b0fb-cf22-42b8-a21e-8937136f5f7d;368.83;0.01;BUY
2016-02-04T00:09:31.513000;2016-02-04T00:09:31.547000;79d73c22-a6df-4a65-9d51-b539ac236f5b;368.84;0.01;BUY
2016-02-04T00:09:31.513000;2016-02-04T00:09:31.547000;bcd71231-d531-4b38-b712-8ffcc921aba5;368.84;0.01;BUY
2016-02-04T00:09:31.513000;2016-02-04T00:09:31.547000;d3ae4edb-ee03-469d-af3d-cc6e0cc6b747;368.84;1.6882;BUY
2016-02-04T00:09:45.420000;2016-02-04T00:09:45.437000;633193d6-07bd-445b-8b97-e6b77ba58156;368.87;0.01;BUY
2016-02-04T00:09:45.420000;2016-02-04T00:09:45.453000;39c2c6f3-8d20-4f48-bf41-52c8ce5837a3;368.87;0.28;BUY
2016-02-04T00:10:01.533000;2016-02-04T00:10:01.547000;00f1b302-e2b3-4ac9-89f2-ed1ea1d50a46;368.8;0.01;SELL
2016-02-04T00:10:01.533000;2016-02-04T00:10:01.563000;68ed4c9f-d6a2-4288-9ad0-ff6181a96b30;368.8;0.01;SELL
2016-02-04T00:10:01.533000;2016-02-04T00:10:01.563000;af0ad2b8-1c25-4bf2-8744-0677eac740ef;368.8;0.01844;SELL
2016-02-04T00:10:34.160000;2016-02-04T00:10:34.170000;f7774a06-0e8a-4e25-8d37-2adde9d239b6;368.85;0.01;BUY
2016-02-04T00:10:34.163000;2016-02-04T00:10:34.187000;1f23a0b1-2153-4451-ae06-27c607938c3d;368.9;0.01;BUY
2016-02-04T00:10:34.163000;2016-02-04T00:10:34.187000;6143ccc3-ae6e-4e8e-844a-8947459245e6;368.95;0.01;BUY
2016-02-04T00:10:34.163000;2016-02-04T00:10:34.187000;fc745a45-3b83-4ffe-ac43-bae7bb54ab1b;368.98;0.89364;BUY
2016-02-04T00:11:01.530000;2016-02-04T00:11:01.547000;d9ea4fc8-e227-4732-8d3c-159020cbf81b;368.95;0.414;BUY
2016-02-04T00:11:01.530000;2016-02-04T00:11:01.563000;7fc81ead-1f5b-4828-8039-1876ebe9c06d;368.99;0.414;BUY
2016-02-04T00:11:01.530000;2016-02-04T00:11:01.563000;16243199-02c1-4b9e-8139-28d3ba33314c;369.0;0.01;BUY
2016-02-04T00:11:01.530000;2016-02-04T00:11:01.563000;3bc6fdfb-9bfe-4d60-8e0a-c561b3ce821d;369.01;0.2;BUY
2016-02-04T00:11:01.530000;2016-02-04T00:11:01.577000;40e54a8d-c5e6-4f03-a1bc-b76a41287621;369.01;0.42234;BUY
2016-02-04T00:11:31.413000;2016-02-04T00:11:31.437000;10cbb3df-ed7e-4dac-8bb2-8ecfc77a5e34;369.01;0.26911;BUY
2016-02-04T00:11:57.983000;2016-02-04T00:11:58.043000;872bc502-9dc7-4179-8448-51d7c173f7e1;369.0;0.01;SELL
2016-02-04T00:12:01.457000;2016-02-04T00:12:01.513000;36dde406-2529-4ab4-9767-850c4d717492;368.95;0.01;SELL
2016-02-04T00:12:01.457000;2016-02-04T00:12:01.527000;f32ca47e-bf58-4710-a070-5530f2727e25;368.87;0.25833;SELL
2016-02-04T00:12:31.490000;2016-02-04T00:12:31.560000;849ea94b-0729-46f8-9704-e2148aeca81e;369.0;0.01;BUY
2016-02-04T00:12:31.490000;2016-02-04T00:12:31.560000;12467f75-a48f-4d05-a0be-93809c259c75;369.0;1.15711;BUY
2016-02-04T00:13:01.620000;2016-02-04T00:13:01.670000;2dda6a29-e1ef-4260-9bfa-4eceaebcedbd;369.03;0.428;BUY
2016-02-04T00:13:01.620000;2016-02-04T00:13:01.700000;fbfaa97b-67f9-4cc4-a760-f7441f28fc91;369.03;0.25;BUY
2016-02-04T00:13:01.620000;2016-02-04T00:13:01.700000;900823de-acd7-4776-ad75-129590eadeaf;369.05;0.01;BUY
2016-02-04T00:13:01.620000;2016-02-04T00:13:01.700000;d4df1884-d607-48f5-adfc-059a66d0d3de;369.22;0.80009;BUY
2016-02-04T00:13:31.593000;2016-02-04T00:13:31.637000;eabf4795-c67c-4f2e-9474-5bb0d2d36773;369.2;0.01;SELL
2016-02-04T00:13:31.593000;2016-02-04T00:13:31.670000;ba7bdb18-0c9c-4fcb-bf09-79361d8ab230;369.07;0.67343;SELL
2016-02-04T00:14:02.963000;2016-02-04T00:14:03.013000;afa103bc-88e1-4b72-8af7-299abb8c3c01;369.15;0.01;SELL
2016-02-04T00:14:02.963000;2016-02-04T00:14:03.027000;d494dae6-30b6-4db2-8e57-5df202311435;369.01;6.63327;SELL
2016-02-04T00:14:12.860000;2016-02-04T00:14:12.920000;4847e3d2-9a30-45df-bc92-1f0623aa9b42;369.09;9.42762;BUY
2016-02-04T00:14:12.860000;2016-02-04T00:14:12.933000;955ae388-4af8-4c09-b199-d18209bc9a08;369.1;2.0;BUY
2016-02-04T00:14:12.860000;2016-02-04T00:14:12.933000;73b79c86-5e3c-4cfc-9e8f-4967a84e7358;369.2;0.01;BUY
2016-02-04T00:14:12.860000;2016-02-04T00:14:12.933000;74eab0fc-6489-4fc4-b902-616468ac70f0;369.24;0.01;BUY
2016-02-04T00:14:12.860000;2016-02-04T00:14:12.933000;22718927-9d8e-4547-898c-8f08157774e0;369.24;0.01;BUY
2016-02-04T00:14:12.860000;2016-02-04T00:14:12.933000;301c3565-e884-43dd-9d40-5819588be312;369.25;0.01;BUY
2016-02-04T00:14:12.860000;2016-02-04T00:14:12.933000;a1a3c1b2-934d-471d-b71f-4592534017e5;369.25;0.01;BUY
2016-02-04T00:14:12.863000;2016-02-04T00:14:12.950000;7656e366-c9c8-4684-a80b-38c500c6969b;369.26;0.01;BUY
2016-02-04T00:14:12.863000;2016-02-04T00:14:12.950000;e29623b1-3edd-4799-a973-5a6446cac77d;369.3;0.02;BUY
2016-02-04T00:14:12.863000;2016-02-04T00:14:12.950000;1c277b86-52a4-420c-92bc-bcf7ebe7fd8e;369.31;0.02;BUY
2016-02-04T00:14:12.863000;2016-02-04T00:14:12.950000;ea5cd12e-947c-4b4f-a1dd-ec57f013bb20;369.33;1.2;BUY
2016-02-04T00:14:12.863000;2016-02-04T00:14:12.950000;4e5b9ece-4e66-488a-bcce-2fee721e950d;369.34;0.01;BUY
2016-02-04T00:14:12.863000;2016-02-04T00:14:12.950000;49a0fae6-6820-420e-9be1-2541a21116b6;369.34;2.2;BUY
2016-02-04T00:14:14.230000;2016-02-04T00:14:14.277000;f05425e5-5b20-4fab-9f1b-7d9d4f1d7b3f;369.34;15.9519;SELL
2016-02-04T00:14:31.413000;2016-02-04T00:14:31.467000;6a62ddb6-620d-46f8-b138-38e65de2b6fb;369.34;0.01881;SELL
2016-02-04T00:15:01.750000;2016-02-04T00:15:01.793000;93bc824d-ea9c-4f1a-b518-7062edd7ac80;369.34;0.05208;SELL
2016-02-04T00:15:18.833000;2016-02-04T00:15:18.873000;72b791ae-6923-4825-90fa-40eff7016928;369.35;0.02;BUY
2016-02-04T00:15:18.833000;2016-02-04T00:15:18.887000;fbbcaaf5-63b6-4d7a-ad21-9481f1a3a823;369.35;0.02378064;BUY
2016-02-04T00:15:31.633000;2016-02-04T00:15:31.683000;be515f05-3e68-49b2-afb4-683127fd10d6;369.31;0.08869;BUY
2016-02-04T00:16:01.540000;2016-02-04T00:16:01.590000;27e9fc28-c9ca-4f85-b757-9383faa651e0;369.31;1.64546;BUY
2016-02-04T00:16:29.880000;2016-02-04T00:16:29.933000;5d817d49-5d72-4d48-a5c8-89aae5ef0128;369.32;1.16339714;BUY
2016-02-04T00:16:30.850000;2016-02-04T00:16:30.887000;e420ad1b-c992-48aa-a0ed-1904a98de8fa;369.32;1.16339714;BUY
2016-02-04T00:16:31.497000;2016-02-04T00:16:31.543000;39e249e8-1e96-4f5a-bc54-a526bc206f26;369.32;1.48628;BUY
2016-02-04T00:16:31.817000;2016-02-04T00:16:31.873000;ee5107d4-7d3d-488b-bc34-e686720766fd;369.32;1.16339714;BUY
2016-02-04T00:16:32.077000;2016-02-04T00:16:32.123000;88905e40-56b1-4884-917b-4e388f78def2;369.32;1.16339714;BUY
2016-02-04T00:16:33.043000;2016-02-04T00:16:33.090000;64f4545a-cd68-4d7a-8be6-4136b9257116;369.31;1.16339714;BUY
2016-02-04T00:17:01.657000;2016-02-04T00:17:01.700000;6fe197b2-9858-40b0-80e7-5e4f5e7d7cc6;369.3;0.01;SELL
2016-02-04T00:17:01.657000;2016-02-04T00:17:01.717000;48026189-6465-4f79-b1da-c0d0e7dda3ae;369.27;1.2;SELL
2016-02-04T00:17:01.657000;2016-02-04T00:17:01.717000;18be8227-f6bb-4255-9236-cb09bf62ba95;369.26;1.16339714;SELL
2016-02-04T00:17:01.657000;2016-02-04T00:17:01.717000;7ccac147-95ff-49be-824c-0e093a801b45;369.26;0.35381286;SELL
2016-02-04T00:18:01.707000;2016-02-04T00:18:01.747000;c2384964-0904-4f24-94b2-dc29fc62a0b9;369.34;0.05912;BUY
2016-02-04T00:18:37.137000;2016-02-04T00:18:37.183000;2d5e6fe3-7da6-47ed-901a-c7331e37ef66;369.26;0.45054;BUY
2016-02-04T00:19:01.563000;2016-02-04T00:19:01.623000;c6ecdff7-547a-48ce-8280-60ab56ad8534;369.25;0.01;SELL
2016-02-04T00:19:01.563000;2016-02-04T00:19:01.623000;23db27a4-7516-422c-aa97-7d685aeb0b67;369.25;0.124;SELL
2016-02-04T00:19:01.563000;2016-02-04T00:19:01.623000;dbbf0828-ce78-4128-8ffa-6dbb10cc33f2;369.22;0.107;SELL
2016-02-04T00:19:01.563000;2016-02-04T00:19:01.637000;2a09de0c-a096-4841-bfae-ca3e8180be1a;369.19;0.111;SELL
2016-02-04T00:19:01.563000;2016-02-04T00:19:01.637000;5aacfe2c-55c1-48b2-97ec-1bc8deb14830;369.17;1.16339714;SELL
2016-02-04T00:19:01.563000;2016-02-04T00:19:01.637000;83af1fbb-2efb-429b-8e24-69d3f25c8aec;369.16;0.117;SELL
2016-02-04T00:19:01.563000;2016-02-04T00:19:01.637000;58283946-0728-40e8-861b-f4de0c13a7a7;369.14;9.45296;SELL
2016-02-04T00:19:01.563000;2016-02-04T00:19:01.653000;34dda4d2-f256-4ecf-842f-c8cf63d495a1;369.13;0.079;SELL
2016-02-04T00:19:01.563000;2016-02-04T00:19:01.653000;b8950179-1b07-4d61-bac4-57347811182b;369.1;0.113;SELL
2016-02-04T00:19:01.563000;2016-02-04T00:19:01.653000;901ef15c-1c53-490f-90bc-1f971b63a176;369.08;1.16339714;SELL
2016-02-04T00:19:01.563000;2016-02-04T00:19:01.653000;faffd724-e2d4-474f-88d0-aa06f245513e;369.07;0.129;SELL
2016-02-04T00:19:01.563000;2016-02-04T00:19:01.653000;c8edd9f1-ae8a-40cb-aa43-1b1ed5cc6a65;369.04;0.101;SELL
2016-02-04T00:19:01.563000;2016-02-04T00:19:01.653000;9ca121cd-db4f-45ec-92ef-64ccc5601b14;369.01;0.072;SELL
2016-02-04T00:19:01.563000;2016-02-04T00:19:01.653000;11323a57-4d93-47c2-8d6f-12bd56f79075;368.99;1.16339714;SELL
2016-02-04T00:19:01.567000;2016-02-04T00:19:01.653000;a33ded5a-c0b1-4ec2-8746-556e54d20bce;368.98;0.129;SELL
2016-02-04T00:19:01.567000;2016-02-04T00:19:01.653000;a7dad93f-d5ba-4999-8c93-1e78b56f0538;368.95;0.122;SELL
2016-02-04T00:19:01.567000;2016-02-04T00:19:01.653000;94f406f3-ae7c-4bc1-b3d3-0b31d97be336;368.93;1.8;SELL
2016-02-04T00:19:01.567000;2016-02-04T00:19:01.670000;320191d8-0af9-4249-8c0d-6359311aa812;368.92;0.082;SELL
2016-02-04T00:19:01.567000;2016-02-04T00:19:01.670000;c3fc3cb9-a97d-43f3-b5b3-772e5be6f808;368.91;1.8;SELL
2016-02-04T00:19:01.567000;2016-02-04T00:19:01.670000;a6c7fd26-5f96-420b-b019-a9686b9d634d;368.9;1.16339714;SELL
2016-02-04T00:19:01.567000;2016-02-04T00:19:01.670000;ed5c7a57-6ec9-4d12-bdd1-2e6ce977ce24;368.9;0.35829144;SELL
2016-02-04T00:19:19.077000;2016-02-04T00:19:19.107000;73070ae9-2637-43fd-b371-6c925607c40b;369.18;0.15;BUY
2016-02-04T00:19:20.807000;2016-02-04T00:19:20.857000;35e05358-a0d5-4ced-befd-83e8d2fa009b;369.23;0.27;BUY
2016-02-04T00:19:31.640000;2016-02-04T00:19:31.683000;a6203b98-78f4-4139-812a-9073c65c10cd;369.2;0.01;SELL
2016-02-04T00:19:31.640000;2016-02-04T00:19:31.683000;f7b63997-f0f8-43b1-8dd1-f92e1297d497;369.2;0.00672;SELL
2016-02-04T00:20:01.867000;2016-02-04T00:20:01.903000;653f3a76-42da-4acb-b67f-bdd30e9d950a;369.17;0.443;BUY
2016-02-04T00:20:01.867000;2016-02-04T00:20:01.920000;af5951bd-5a5b-4dc6-b732-56b397830bc1;369.18;2.26048;BUY
2016-02-04T00:20:31.600000;2016-02-04T00:20:31.637000;670c5b96-521b-412a-9c0e-d3d86b0497a5;369.17;0.01;BUY
2016-02-04T00:20:31.600000;2016-02-04T00:20:31.653000;6c8f81b0-a017-4adb-8b8d-8d6ddf439e71;369.18;0.06551;BUY
2016-02-04T00:21:01.707000;2016-02-04T00:21:01.763000;cb0aa724-30ca-4259-a400-801e375ff746;369.17;0.01;SELL
2016-02-04T00:21:01.707000;2016-02-04T00:21:01.763000;02415ab5-df0d-433c-aa96-fca775718fce;369.17;0.01;SELL
2016-02-04T00:21:01.707000;2016-02-04T00:21:01.763000;1d59a3e0-fa09-4aa3-9111-16399e29fa19;369.17;0.099;SELL
2016-02-04T00:21:01.707000;2016-02-04T00:21:01.763000;ce8e132e-0e78-4455-91c4-6461d6f93e61;369.16;0.01;SELL
2016-02-04T00:21:01.707000;2016-02-04T00:21:01.763000;e1bc1bab-c82e-4210-ab81-e5bdaad9226e;369.16;0.129;SELL
2016-02-04T00:21:01.707000;2016-02-04T00:21:01.763000;1d82a850-f09a-47f6-b1eb-e44bba7cc4d4;369.15;0.01;SELL
2016-02-04T00:21:01.707000;2016-02-04T00:21:01.763000;9578ea4a-3f5d-4311-a9ef-55c73088fa4d;369.13;0.127;SELL
2016-02-04T00:21:01.707000;2016-02-04T00:21:01.763000;46d04d67-03de-47fe-9fd3-53b03132a089;369.1;0.108;SELL
2016-02-04T00:21:01.707000;2016-02-04T00:21:01.763000;5d24a75a-b39e-4257-a162-b84cc1ff2114;369.1;0.16692;SELL
2016-02-04T00:21:33.090000;2016-02-04T00:21:33.137000;ec3980c2-1434-40c5-a1ba-bf0bbb06cf02;369.18;1.27169;BUY
2016-02-04T00:22:02.467000;2016-02-04T00:22:02.513000;eb0ddbf7-fafa-4440-adfa-163175a263d3;369.13;0.01;BUY
2016-02-04T00:22:02.467000;2016-02-04T00:22:02.527000;9a59b64c-8cad-408c-86d6-e3993538f9ad;369.13;0.01;BUY
2016-02-04T00:22:02.467000;2016-02-04T00:22:02.527000;7a53685a-b783-415b-9344-9f4016d1ba6d;369.17;0.53011;BUY
2016-02-04T00:22:31.573000;2016-02-04T00:22:31.607000;25d2c64b-ed0e-4b37-9497-1e4c3ffac13b;369.13;0.01;SELL
2016-02-04T00:22:31.573000;2016-02-04T00:22:31.623000;5858cefa-9580-45d7-a54c-9411840ac47d;369.13;0.02664;SELL
2016-02-04T00:23:01.830000;2016-02-04T00:23:01.857000;1ec8adf8-4dd5-416f-af8b-59ea790cd5a6;369.15;0.01;BUY
2016-02-04T00:23:01.830000;2016-02-04T00:23:01.873000;d4adc43f-1c74-4d5e-bade-679f588ad364;369.15;0.15;BUY
2016-02-04T00:23:01.830000;2016-02-04T00:23:01.873000;c88ac705-4e18-4d5f-835a-e0fc9299aa1a;369.19;0.69522;BUY
2016-02-04T00:23:31.713000;2016-02-04T00:23:31.730000;04cb03c7-c2d5-4de4-8e76-0190866e2988;369.14;0.01;BUY
2016-02-04T00:23:31.713000;2016-02-04T00:23:31.763000;0f5988cb-e0d8-4880-adbc-fbdfe712b869;369.14;0.60276;BUY
2016-02-04T00:24:01.713000;2016-02-04T00:24:01.730000;c491b70a-6578-4521-ad55-75525e9c3480;369.15;1.0;BUY
2016-02-04T00:24:01.713000;2016-02-04T00:24:01.747000;f4bc68b9-7182-48df-ad34-89f1d5ad909e;369.18;0.09167;BUY
2016-02-04T00:24:31.643000;2016-02-04T00:24:31.670000;bf04c29d-7c1d-48dd-9e4e-c23c78beb2ed;369.19;0.01;BUY
2016-02-04T00:24:31.643000;2016-02-04T00:24:31.683000;fc8fd17c-dacb-49ae-b3d7-320e6595647c;369.19;0.01;BUY
2016-02-04T00:24:31.643000;2016-02-04T00:24:31.683000;bfc26d1b-042c-4ade-bcdf-2757b68b3a3c;369.2;0.01;BUY
2016-02-04T00:24:31.643000;2016-02-04T00:24:31.683000;cf361b94-2ff5-4125-9491-87ac0389f8bc;369.25;0.01;BUY
2016-02-04T00:24:31.643000;2016-02-04T00:24:31.683000;51223c60-e692-48ef-a8ad-a90bc29d4ba9;369.3;0.01;BUY
2016-02-04T00:24:31.643000;2016-02-04T00:24:31.777000;c01626fc-30ef-4d91-8069-d9ee058e1a04;369.32;0.13708;BUY
2016-02-04T00:25:02.423000;2016-02-04T00:25:02.467000;e52357fe-b464-422b-9ab1-35a1a24e440c;369.35;0.01;BUY
2016-02-04T00:25:02.423000;2016-02-04T00:25:02.467000;816a50a3-5151-4052-93a8-e9a87468fc75;369.36;0.01;BUY
2016-02-04T00:25:02.423000;2016-02-04T00:25:02.467000;184886bb-62d5-4bcd-babd-8127e138f69f;369.37;0.01;BUY
2016-02-04T00:25:02.423000;2016-02-04T00:25:02.467000;52141769-64d9-4b4a-8591-60be18d7c6fa;369.37;0.01;BUY
2016-02-04T00:25:02.423000;2016-02-04T00:25:02.467000;e6e3fb13-e35e-49e8-a805-7af85e83a801;369.38;0.01;BUY
2016-02-04T00:25:02.423000;2016-02-04T00:25:02.497000;fbc43773-9270-4104-b7f6-aeb44bb3f686;369.39;0.01;BUY
2016-02-04T00:25:02.423000;2016-02-04T00:25:02.497000;9c2f4bb3-5dfb-4a96-ae1f-895a2ad455b2;369.39;0.19412;BUY
2016-02-04T00:25:31.700000;2016-02-04T00:25:31.730000;2ab052a6-d016-46df-8aff-e7d5f6d7a45f;369.38;1.08279;SELL
2016-02-04T00:26:01.500000;2016-02-04T00:26:01.513000;2ca2e894-a792-4638-821b-1a6dc0b47c3e;369.39;1.09498;BUY
2016-02-04T00:27:01.673000;2016-02-04T00:27:01.710000;bb28eced-a6c3-43cf-9c2a-523f87be9c99;369.35;0.03727;BUY
2016-02-04T00:27:19.703000;2016-02-04T00:27:19.743000;e54adc7d-ce68-419c-8865-6fda3d878c80;369.35;1.82689;BUY
2016-02-04T00:27:19.703000;2016-02-04T00:27:19.773000;311e883c-6ee2-4546-8a79-e96ede832aba;369.35;3.93311;BUY
2016-02-04T00:27:31.773000;2016-02-04T00:27:31.837000;85eb2f44-3796-4a69-a72a-fb911d3277c4;369.35;3.22212;BUY
2016-02-04T00:27:48.780000;2016-02-04T00:27:48.820000;cc47eb42-a241-474c-aa57-aba7786c76cc;369.35;0.01;BUY
2016-02-04T00:28:01.847000;2016-02-04T00:28:01.883000;177480b7-4092-445a-9d51-d35cb6c07b93;369.35;0.5963;BUY
2016-02-04T00:28:31.707000;2016-02-04T00:28:31.757000;77b18265-1cdb-4c89-ace4-8598d609a7c8;369.34;0.08;SELL
2016-02-04T00:28:31.707000;2016-02-04T00:28:31.773000;2c8654c2-5b8f-4a87-b7fc-734c30b75bf1;369.32;0.1;SELL
2016-02-04T00:28:31.707000;2016-02-04T00:28:31.773000;d363ffce-63e3-46a4-8dd7-4ddff4891707;369.31;0.123;SELL
2016-02-04T00:28:31.707000;2016-02-04T00:28:31.773000;be19ace6-ac12-4398-b238-5bedfab66d07;369.3;0.01;SELL
2016-02-04T00:28:31.707000;2016-02-04T00:28:31.773000;a48e9041-d4e9-438b-b5d9-f75c4be7507a;369.3;0.22;SELL
2016-02-04T00:28:31.710000;2016-02-04T00:28:31.773000;18d3b426-8eed-49f9-a505-99fd8791e6e4;369.28;0.092;SELL
2016-02-04T00:28:31.710000;2016-02-04T00:28:31.773000;6b55f8ed-0449-4676-aab5-add5cab74db3;369.26;0.4726;SELL
2016-02-04T00:30:01.910000;2016-02-04T00:30:01.947000;0f9b377d-81a1-46e5-b45a-bdb3e777e1ed;369.29;0.2;BUY
2016-02-04T00:30:01.910000;2016-02-04T00:30:01.960000;c2c37a1c-16b9-403b-a3a1-a26fe0b83b09;369.32;0.01;BUY
2016-02-04T00:30:01.910000;2016-02-04T00:30:01.960000;a881f767-f9f8-4aeb-bada-9b8c406517c2;369.32;0.6125;BUY
2016-02-04T00:30:11.247000;2016-02-04T00:30:11.303000;c2cf5663-1103-46b2-962e-290eb6ee2a62;369.3;0.299;BUY
2016-02-04T00:30:31.653000;2016-02-04T00:30:31.697000;a3dcfd31-5083-415a-aa67-9f7ae324672e;369.27;0.01295;SELL
2016-02-04T00:31:33.337000;2016-02-04T00:31:33.400000;b939d5be-a90f-435d-aecb-334f70585932;369.27;6.12845;BUY
2016-02-04T00:32:01.840000;2016-02-04T00:32:01.867000;4005f1f5-12b7-4540-9757-529ed17ede88;369.25;0.105;SELL
2016-02-04T00:32:01.840000;2016-02-04T00:32:02.163000;072ac4dc-75ee-4c8a-9606-d4f7d7bd67e9;369.25;0.01;SELL
2016-02-04T00:32:01.840000;2016-02-04T00:32:02.163000;7f8ef5e7-97fd-4152-a9c0-4799cdc567ee;369.22;0.106;SELL
2016-02-04T00:32:01.840000;2016-02-04T00:32:02.163000;1d5c8979-f39f-4bd5-b022-ed118f45a5d3;369.22;0.03;SELL
2016-02-04T00:32:01.840000;2016-02-04T00:32:02.163000;04e799e8-58a1-4ef8-a4e7-7749485db3e6;369.19;0.107;SELL
2016-02-04T00:32:01.840000;2016-02-04T00:32:02.163000;a29517d5-637f-4650-a7ae-ae0fbd29ba86;369.18;0.01;SELL
2016-02-04T00:32:01.840000;2016-02-04T00:32:02.163000;3a6af1bd-3016-44da-bceb-eee615e90273;369.17;0.01;SELL
2016-02-04T00:32:01.840000;2016-02-04T00:32:02.163000;a0095753-91b8-4e6e-86f9-c9d3d9e7c645;369.16;0.01;SELL
2016-02-04T00:32:01.840000;2016-02-04T00:32:02.163000;57bbf877-fc8b-4c56-8fdd-a5148545f21f;369.16;0.121;SELL
2016-02-04T00:32:01.840000;2016-02-04T00:32:02.163000;2918cd2c-ff74-4748-a96d-56b088ec3cd3;369.15;0.01;SELL
2016-02-04T00:32:01.840000;2016-02-04T00:32:02.163000;1b19be98-7369-40c7-9af6-c9ad00c55da1;369.14;0.01;SELL
2016-02-04T00:32:01.840000;2016-02-04T00:32:02.163000;3e5c85b8-b219-4775-9d97-1f3231302145;369.14;0.01;SELL
2016-02-04T00:32:01.840000;2016-02-04T00:32:02.163000;72d5561c-8438-45a2-9bc6-2536b2bf90e2;369.13;0.01;SELL
2016-02-04T00:32:01.840000;2016-02-04T00:32:02.163000;c99bbdd8-6fc5-46a8-8f56-a25a6e167578;369.13;0.088;SELL
2016-02-04T00:32:01.840000;2016-02-04T00:32:02.163000;f246b052-84d0-4044-bedc-be66b876bd9e;369.13;1.15729;SELL
2016-02-04T00:32:31.763000;2016-02-04T00:32:40.053000;e680ba58-25c3-4bde-8e1c-ea8406d72467;369.27;0.04591;BUY
2016-02-04T00:33:01.717000;2016-02-04T00:33:01.743000;4a3bfaf6-1892-4d85-870e-dc4611ceadc7;369.21;0.43772;BUY
2016-02-04T00:33:31.707000;2016-02-04T00:33:31.727000;e7f8b230-be6b-4d10-a7f6-62c1729fc469;369.21;0.56228;BUY
2016-02-04T00:33:31.707000;2016-02-04T00:33:31.820000;30712b1b-26da-42a4-b921-6bbdc199e11c;369.21;0.69709;BUY
2016-02-04T00:34:02.077000;2016-02-04T00:34:02.900000;5121de2f-810d-40d1-a445-92ea74c06145;369.2;0.01;SELL
2016-02-04T00:34:02.077000;2016-02-04T00:34:02.977000;3f362de3-ef52-4ec3-bda0-9c6951a6b6f0;369.2;0.04328;SELL
2016-02-04T00:34:31.713000;2016-02-04T00:34:39.007000;d7d70e81-9da1-42ae-8de3-ba0a0ef6259d;369.18;5.36641;BUY
2016-02-04T00:35:01.793000;2016-02-04T00:35:05.493000;4a171a39-fc06-4e36-aa95-a14703f90624;369.15;0.01;SELL
2016-02-04T00:35:01.793000;2016-02-04T00:35:05.493000;b1692e4d-9feb-4fa6-91cb-b1ea2fc94115;369.15;0.107;SELL
2016-02-04T00:35:01.793000;2016-02-04T00:35:05.493000;b1fd10bb-a592-4193-be42-a3dd59a0b24d;369.12;0.01;SELL
2016-02-04T00:35:01.793000;2016-02-04T00:35:05.493000;a42d021d-266f-4c8e-a110-8af054fc2388;369.12;0.01;SELL
2016-02-04T00:35:01.793000;2016-02-04T00:35:05.493000;8aff19c9-129c-4c92-8a25-c4f134088b1a;369.12;0.128;SELL
2016-02-04T00:35:01.793000;2016-02-04T00:35:05.493000;882edf3a-ec5c-471c-b7ab-7bdd003ddd83;369.11;0.01;SELL
2016-02-04T00:35:01.793000;2016-02-04T00:35:05.493000;2d42a8d0-3c4b-47af-93b6-d6076108cdd9;369.11;0.01;SELL
2016-02-04T00:35:01.793000;2016-02-04T00:35:05.493000;b1f79914-ebc0-49eb-a35f-810cbd533353;369.09;0.01;SELL
2016-02-04T00:35:31.750000;2016-02-04T00:35:42.320000;e3478200-3d7d-4f33-8181-16c458ad4174;369.1;0.01;SELL
2016-02-04T00:35:31.750000;2016-02-04T00:35:42.320000;59a292bc-c2cc-4035-92a6-3aa783b17d8d;369.1;0.075;SELL
2016-02-04T00:35:31.750000;2016-02-04T00:35:42.320000;783c2729-f1c0-412d-a55d-0fcd8bc4fa2d;369.07;0.106;SELL
2016-02-04T00:35:31.750000;2016-02-04T00:35:42.320000;fac04cba-4611-4e8c-ad33-76d42320d4e7;369.04;0.09;SELL
2016-02-04T00:35:31.750000;2016-02-04T00:35:42.320000;7b9dc4ac-4ff2-493f-9d95-92cbd78f7a6e;369.01;0.124;SELL
2016-02-04T00:35:31.750000;2016-02-04T00:35:42.320000;ae59e02f-be29-4af0-bdf4-11b99ac7334c;369.0;0.0125;SELL
2016-02-04T00:35:31.750000;2016-02-04T00:35:42.320000;e09d2365-4a0b-4db9-a4d2-79914cdbbc0a;368.98;0.091;SELL
2016-02-04T00:35:31.750000;2016-02-04T00:35:42.320000;696b026f-acac-4308-b8de-33aaed656b5a;368.96;2.0;SELL
2016-02-04T00:35:31.750000;2016-02-04T00:35:42.320000;eca69c7d-6f00-48bf-95f0-430780562df9;368.95;1.9183;SELL
2016-02-04T00:35:59.810000;2016-02-04T00:36:18.803000;a204b6b2-aa57-4b17-be04-43e35d97ad4c;369.14;9.48039;SELL
2016-02-04T00:35:59.810000;2016-02-04T00:36:19.163000;95f40d56-7df6-4888-b2a1-fb93b293c47f;369.14;2.027;SELL
2016-02-04T00:35:59.810000;2016-02-04T00:36:19.163000;b2a0e5c3-a860-4d9c-bcc3-3eb49fe6beaa;369.14;8.49261;SELL
2016-02-04T00:36:01.537000;2016-02-04T00:36:20.710000;8392d705-bd1f-4e1a-9296-60a26ff22336;369.12;0.23198;SELL
2016-02-04T00:36:31.607000;2016-02-04T00:37:04.117000;aae33fa5-41ec-4a35-85a5-7fb0fe44f7a8;369.14;1.06312;BUY
2016-02-04T00:37:01.793000;2016-02-04T00:37:35.197000;0517a308-5cde-474f-a444-9f8001f19fd7;369.1;0.49077;BUY
2016-02-04T00:37:31.663000;2016-02-04T00:38:09.947000;af99df08-ff9c-4c11-8c49-a56adec05894;369.06;3.80356;BUY
2016-02-04T00:38:01.560000;2016-02-04T00:38:42.773000;5739f0da-b960-4cf3-a854-e7031660de53;369.05;0.01;SELL
2016-02-04T00:38:01.560000;2016-02-04T00:38:42.773000;5789c1e9-153d-47fc-a4d2-bf5411e105a9;369.05;0.112;SELL
2016-02-04T00:38:01.560000;2016-02-04T00:38:42.773000;b00d3994-af11-4082-96c3-b48b0e9b4d2e;369.02;1.953;SELL
2016-02-04T00:38:01.560000;2016-02-04T00:38:42.773000;0ecf9508-9c18-4189-a62c-c4deab6a54ce;369.0;0.01;SELL
2016-02-04T00:38:01.560000;2016-02-04T00:38:42.773000;37619482-e774-4b7a-ba3d-8da46e6688fc;368.98;0.4;SELL
2016-02-04T00:38:01.560000;2016-02-04T00:38:42.773000;34ecee4a-6327-4342-ab91-3205a89e7304;368.97;5.58748;SELL
2016-02-04T00:38:16.353000;2016-02-04T00:38:57.023000;d480f627-d52a-40b6-9f6e-282c7b36dca4;369.06;0.0321687;BUY
2016-02-04T00:38:16.393000;2016-02-04T00:38:57.023000;94f64896-7122-43e4-ae6a-7c96d7516cf5;369.06;3.6378313;BUY
2016-02-04T00:38:31.773000;2016-02-04T00:39:11.603000;55ff0679-f581-4ac6-b684-b31fa3ee016a;369.1;0.01;BUY
2016-02-04T00:38:31.773000;2016-02-04T00:39:11.603000;de71aeaf-9227-4722-a77b-f0d1a5a46832;369.14;0.32277;BUY
2016-02-04T00:39:01.777000;2016-02-04T00:39:37.103000;5e999dc8-4f5a-48a0-b92d-a2a850de4f2a;369.1;0.27322;BUY
2016-02-04T00:39:31.607000;2016-02-04T00:39:56.977000;001d9871-7884-4607-a7a0-9d63a70083f1;369.1;0.59144;BUY
2016-02-04T00:40:01.537000;2016-02-04T00:40:03.320000;0d02c5eb-29be-4d7f-aae4-80f20c4a9ccd;369.1;1.02534;BUY
2016-02-04T00:40:01.537000;2016-02-04T00:40:03.320000;0a1c19ea-7e1d-4783-ba9d-4877ba791394;369.14;0.79523001;BUY
2016-02-04T00:40:01.540000;2016-02-04T00:40:03.320000;3148ae76-fac7-449c-8c55-bbf554c37db5;369.15;0.01;BUY
2016-02-04T00:40:01.540000;2016-02-04T00:40:03.320000;cacf80c5-4e36-40a1-9e4a-d4c0fddf0874;369.19;1.0;BUY
2016-02-04T00:40:01.540000;2016-02-04T00:40:03.320000;6ec3eb9f-c323-48ff-9113-611d2b3e1b81;369.2;0.01;BUY
2016-02-04T00:40:01.540000;2016-02-04T00:40:03.320000;de310d2b-767d-49af-8b5a-9dbba6f5236f;369.25;0.01;BUY
2016-02-04T00:40:01.540000;2016-02-04T00:40:03.320000;88b4a921-e710-470c-ba71-3e5f6211d458;369.25;3.41452999;BUY
2016-02-04T00:40:24.090000;2016-02-04T00:40:31.413000;14042921-9579-45e0-ab86-416de08f8c41;369.3;0.01;BUY
2016-02-04T00:40:24.090000;2016-02-04T00:40:31.413000;5d0bf962-d2f1-455b-89aa-9049f6fddd3e;369.34;0.19792176;BUY
2016-02-04T00:40:31.633000;2016-02-04T00:40:41.040000;4f94da63-c38b-4526-812a-3491415aa144;369.28;4.36711;SELL
2016-02-04T00:41:01.627000;2016-02-04T00:41:02.150000;beb6944f-b7a7-4e7d-9209-134ef1f11838;369.33;0.41446;BUY
2016-02-04T00:41:31.533000;2016-02-04T00:41:31.633000;196338ca-d1a3-48d5-b3bc-af7552adadd0;369.28;0.31037;SELL
2016-02-04T00:42:01.617000;2016-02-04T00:42:01.650000;4c19a728-33f3-46cd-836a-c063d650fcd4;369.33;0.40189;BUY
2016-02-04T00:42:01.617000;2016-02-04T00:42:01.683000;32a99f78-4669-4346-8c36-6ff9fcb8b8c3;369.35;0.01;BUY
2016-02-04T00:42:01.617000;2016-02-04T00:42:01.683000;b2a80a2d-a257-4ecc-8f37-88743ec77af8;369.35;0.1;BUY
2016-02-04T00:42:01.617000;2016-02-04T00:42:01.683000;6a4a975e-af18-4c9d-a7e5-deb061e153cb;369.39;0.69;BUY
2016-02-04T00:42:01.617000;2016-02-04T00:42:01.697000;1daa78ef-4c0d-414a-9a10-66aa17a913f7;369.4;0.01;BUY
2016-02-04T00:42:01.617000;2016-02-04T00:42:01.697000;d2dae008-33cc-4f2a-98d2-e5ffbf328d1f;369.4;0.01;BUY
2016-02-04T00:42:01.617000;2016-02-04T00:42:01.697000;39ddc3ae-9a6d-46e8-a27c-3acfbe2882e3;369.41;0.01;BUY
2016-02-04T00:42:01.617000;2016-02-04T00:42:01.777000;a10221eb-eeb5-4f73-89f5-2046af0b1145;369.41;0.01;BUY
2016-02-04T00:42:01.617000;2016-02-04T00:42:01.777000;59165d33-128c-42b9-8ef8-e90fb8e2611a;369.41;0.38928457;BUY
2016-02-04T00:42:01.617000;2016-02-04T00:42:01.777000;5a13ca30-1499-43ec-aca9-31cab8107941;369.42;0.01;BUY
2016-02-04T00:42:01.617000;2016-02-04T00:42:01.777000;15dafe96-a21e-49c5-bf4d-af29678c7db5;369.43;0.01;BUY
2016-02-04T00:42:01.617000;2016-02-04T00:42:01.777000;83bd3a9c-7efa-4573-ba15-d49dc4788b20;369.45;0.02;BUY
2016-02-04T00:42:01.617000;2016-02-04T00:42:01.777000;a386c86e-c46c-45f7-a665-d47f9cd39759;369.45;0.36712543;BUY
2016-02-04T00:42:31.727000;2016-02-04T00:42:31.760000;2a832511-de31-4803-ac31-0c9c64205654;369.41;0.03922;SELL
2016-02-04T00:43:01.587000;2016-02-04T00:43:01.620000;1b84ffe7-cbe3-40d4-afbf-66bcfc7ec82e;369.47;0.02;BUY
2016-02-04T00:43:01.587000;2016-02-04T00:43:01.633000;07e91cee-8548-4266-83e5-78774a2e0829;369.47;2.6409;BUY
2016-02-04T00:43:27.463000;2016-02-04T00:43:28.650000;a66e2b5f-4e57-4e94-998d-1b5d8dae9131;369.46;1.848;SELL
2016-02-04T00:43:27.463000;2016-02-04T00:43:28.650000;2c778db7-7cf2-4210-a0e7-97a897bffd16;369.46;9.45282;SELL
2016-02-04T00:43:27.463000;2016-02-04T00:43:28.837000;bdca1ebd-f282-46cf-9a12-ea27f94648c6;369.45;19.55;SELL
2016-02-04T00:43:27.463000;2016-02-04T00:43:28.853000;5c134d52-1fc2-4324-accb-9fd6b90ceeae;369.42;0.123;SELL
2016-02-04T00:43:27.463000;2016-02-04T00:43:28.853000;29155528-6f23-42fe-9a9d-b7a792dbfb88;369.42;0.01;SELL
2016-02-04T00:43:27.467000;2016-02-04T00:43:28.853000;8d56687a-2e8c-4606-b868-0881c44c2461;369.41;0.104;SELL
2016-02-04T00:43:27.467000;2016-02-04T00:43:28.853000;36e647ce-8e35-4666-a618-514162f61b17;369.4;0.01;SELL
2016-02-04T00:43:27.467000;2016-02-04T00:43:28.853000;91e89bc2-34cf-421f-8fb1-159d162a5830;369.4;0.699;SELL
2016-02-04T00:43:27.467000;2016-02-04T00:43:28.853000;72324b2d-d473-4164-8581-cf7fcf107029;369.38;1.797;SELL
2016-02-04T00:43:27.467000;2016-02-04T00:43:28.853000;bd40a6ab-a553-45ad-9d12-b1d517ae66fd;369.34;1.016;SELL
2016-02-04T00:43:27.467000;2016-02-04T00:43:28.853000;22a24604-93c1-42fe-896b-3563bc14c796;369.31;1.832;SELL
2016-02-04T00:43:27.467000;2016-02-04T00:43:28.853000;f9d37a8e-18e0-4a9f-a1c8-c645a868b45c;369.29;1.824;SELL
2016-02-04T00:43:27.467000;2016-02-04T00:43:28.853000;dffd4f70-1889-4c85-90d1-f526faf0b545;369.26;1.832;SELL
2016-02-04T00:43:27.467000;2016-02-04T00:43:28.853000;f57cd9b1-6bf6-42dc-a5c1-34d3717e14bf;369.24;1.7357;SELL
2016-02-04T00:43:27.467000;2016-02-04T00:43:28.853000;a12244cb-e3cd-4b19-a9b2-10e148033f09;369.23;1.837;SELL
2016-02-04T00:43:27.467000;2016-02-04T00:43:28.853000;4962f0c8-ff84-4321-a0f9-ce0c7ba7de70;369.19;1.862;SELL
2016-02-04T00:43:27.467000;2016-02-04T00:43:28.853000;6a754348-83e0-4ee7-84d5-c359f93d2323;369.16;1.829;SELL
2016-02-04T00:43:27.467000;2016-02-04T00:43:28.853000;d43380bc-835f-433e-b0fe-e0931803ea5b;369.13;1.826;SELL
2016-02-04T00:43:27.467000;2016-02-04T00:43:28.853000;be552b8e-69bf-4506-9827-ab25d0ea9c02;369.1;0.81248;SELL
2016-02-04T00:43:31.750000;2016-02-04T00:43:34.697000;49fde621-5fb2-4314-a853-c30f4211e184;369.17;0.15835;SELL
2016-02-04T00:44:01.940000;2016-02-04T00:44:02.073000;36ff9bc6-b592-4bcd-ae45-1d910abc5f3e;369.42;1.679;BUY
2016-02-04T00:44:01.940000;2016-02-04T00:44:02.087000;aa9d61ef-7130-4d90-8072-59e20260fbb3;369.45;0.01;BUY
2016-02-04T00:44:01.940000;2016-02-04T00:44:02.087000;c840a9f8-c7f2-44a1-9345-8b55d5574feb;369.45;1.52996;BUY
2016-02-04T00:44:31.627000;2016-02-04T00:44:31.667000;cf3039b8-174f-4d2e-8252-98bf6b91cf84;369.41;2.0;BUY
2016-02-04T00:44:31.627000;2016-02-04T00:44:31.683000;e1a1eb38-45c9-4155-be30-72176101da6a;369.44;1.105;BUY
2016-02-04T00:44:31.630000;2016-02-04T00:44:31.683000;b8b013dd-0aec-4de7-b60e-25b2a4a828bd;369.47;1.064;BUY
2016-02-04T00:44:31.630000;2016-02-04T00:44:31.743000;380534d2-c82b-456b-8f26-c302616719ff;369.48;0.01;BUY
2016-02-04T00:44:31.630000;2016-02-04T00:44:31.760000;af637e59-4a53-4477-9bb6-a4dc5565fe8a;369.5;0.01;BUY
2016-02-04T00:44:31.630000;2016-02-04T00:44:31.760000;40db41be-c9b0-4a24-8a51-62e79ae9a16c;369.5;0.01;BUY
2016-02-04T00:44:31.630000;2016-02-04T00:44:31.760000;c39ab860-e4f5-404f-99d9-563030e56069;369.5;0.01;BUY
2016-02-04T00:44:31.630000;2016-02-04T00:44:31.760000;2e33de96-4fdb-4e70-98b5-d96b9ac9aeec;369.5;0.01169;BUY
2016-02-04T00:45:03.840000;2016-02-04T00:45:04.010000;588236ed-aef1-4449-849e-ea4370d24d2a;369.46;2.0;SELL
2016-02-04T00:45:03.840000;2016-02-04T00:45:04.010000;ed39d108-12a7-449a-b6d0-e55b0adabb37;369.45;0.01;SELL
2016-02-04T00:45:03.840000;2016-02-04T00:45:04.010000;000248fc-7eae-4510-ac25-def02be7f896;369.45;0.35929834;SELL
2016-02-04T00:45:03.840000;2016-02-04T00:45:04.010000;fb457ace-3b5d-40a4-96c8-1d80580a371f;369.45;0.04706214;SELL
2016-02-04T00:45:03.840000;2016-02-04T00:45:04.010000;10cd391a-82e0-4d8a-852d-a464003c09a2;369.45;0.24992615;SELL
2016-02-04T00:45:03.840000;2016-02-04T00:45:04.010000;29b90d62-e259-4526-9d4b-4ffa2ff6674e;369.45;0.05771337;SELL
2016-02-04T00:45:31.770000;2016-02-04T00:45:39.837000;1ba149c9-6311-4f08-8dbe-ac5ad489284f;369.5;0.11307429;BUY
2016-02-04T00:45:31.773000;2016-02-04T00:45:39.837000;1b386c9a-18f1-4990-99db-9544e2c4058b;369.5;0.98920571;BUY
2016-02-04T00:45:59.390000;2016-02-04T00:46:08.463000;9c988025-4941-4153-a746-a01d790b21ee;369.5;0.38;BUY
2016-02-04T00:46:01.970000;2016-02-04T00:46:09.417000;1d473f89-3725-43c3-8c94-6be09f1b565e;369.5;0.3094;BUY
2016-02-04T00:46:31.970000;2016-02-04T00:46:31.993000;454e6987-ce7c-450f-9ed1-01cebc1f3d1a;369.49;0.0555;SELL
2016-02-04T00:47:01.783000;2016-02-04T00:47:01.883000;4217e59b-113b-4b00-9f27-0f4d8a3d654d;369.5;2.86564;BUY
2016-02-04T00:47:31.677000;2016-02-04T00:47:31.697000;2b5d308a-ccae-41d4-9a61-34a70e6f4626;369.5;1.76119;BUY
2016-02-04T00:48:01.823000;2016-02-04T00:48:01.853000;783ebb0f-2e0b-4f21-88e6-7dbf2849017f;369.49;0.01151;SELL
2016-02-04T00:48:37.020000;2016-02-04T00:48:37.040000;c31e7020-52e4-4023-b495-b4dd4886354a;369.5;10.05739;BUY
2016-02-04T00:49:01.637000;2016-02-04T00:49:01.667000;e42b2c7e-49af-4492-85ad-42cc322d025a;369.5;0.13497;BUY
2016-02-04T00:49:31.513000;2016-02-04T00:49:31.527000;6278324b-5b18-4bca-9caa-b257e803e370;369.5;3.78045;BUY
2016-02-04T00:49:52.370000;2016-02-04T00:49:52.387000;602daded-7ff3-4d78-ab49-1d69f860112d;369.49;0.28481408;SELL
2016-02-04T00:49:52.370000;2016-02-04T00:49:52.400000;8cacaad2-86f9-4d38-af65-1e9a31c9e6f3;369.49;1.36382233;SELL
2016-02-04T00:49:52.370000;2016-02-04T00:49:52.400000;2fddf9f5-daa0-4979-b247-973e81189903;369.49;1.44071973;SELL
2016-02-04T00:49:52.370000;2016-02-04T00:49:52.557000;8400bbc7-28f8-4be7-9bba-6ec1f5ffa428;369.49;0.22743295;SELL
2016-02-04T00:49:52.370000;2016-02-04T00:49:52.557000;94cfbb72-d395-45c8-9c4d-5efb29b8dc10;369.49;0.12464637;SELL
2016-02-04T00:49:52.370000;2016-02-04T00:49:52.557000;c6f06fec-0d4a-452a-a8dd-14f67b1a8bc9;369.49;4.04152276;SELL
2016-02-04T00:49:52.370000;2016-02-04T00:49:52.557000;47fbcfce-381a-4839-93d6-28442db71ffc;369.49;7.60792928;SELL
2016-02-04T00:49:52.370000;2016-02-04T00:49:52.557000;3f9648bd-d5ee-4c9d-b5ba-b5a3aa2ab8ad;369.49;0.29413629;SELL
2016-02-04T00:49:52.370000;2016-02-04T00:49:52.557000;f8aa3b68-4985-4706-be2c-879fd66930d4;369.49;0.27288231;SELL
2016-02-04T00:49:52.370000;2016-02-04T00:49:52.603000;30270e29-61fd-4ac0-a0d4-7cdfcc208105;369.49;0.16101862;SELL
2016-02-04T00:49:52.370000;2016-02-04T00:49:52.620000;d5b9cb30-b610-4b6c-a3ad-598b2051f4c6;369.49;0.54754483;SELL
2016-02-04T00:49:52.373000;2016-02-04T00:49:52.620000;e84cbcd1-9f89-4ef3-9679-9cf76ea2401f;369.49;31.9536;SELL
2016-02-04T00:49:52.373000;2016-02-04T00:49:52.620000;f57e14bf-285a-4c30-bf63-50e71c7fb1a0;369.49;1.67993045;SELL
2016-02-04T00:49:56.730000;2016-02-04T00:49:56.760000;dbb18c83-241d-47e9-9e8c-c6b553fd66b8;369.5;0.21120072;BUY
2016-02-04T00:50:01.567000;2016-02-04T00:50:01.587000;a08809b2-9d0b-4616-bbe2-a4ab293396bb;369.49;0.40651;SELL
2016-02-04T00:50:31.577000;2016-02-04T00:50:31.603000;281e2b8b-e118-438b-a4ab-187aa27ce01b;369.5;0.34211;BUY
2016-02-04T00:51:00.613000;2016-02-04T00:51:00.620000;e9165994-ebff-4b09-b673-5a2d10ea5a10;369.49;10.0;SELL
2016-02-04T00:51:01.527000;2016-02-04T00:51:01.587000;20bb7869-2f5b-4fad-bd58-a93805e606d2;369.5;2.93981;BUY
2016-02-04T00:51:31.567000;2016-02-04T00:51:31.587000;ce6f12d0-292b-46ce-b479-403cc9b3eda7;369.49;0.53001;SELL
2016-02-04T00:51:35.233000;2016-02-04T00:51:35.337000;2f8d46c1-8a3c-4ce2-8783-a9f928a6a14c;369.49;21.0;SELL
2016-02-04T00:52:01.830000;2016-02-04T00:52:01.947000;7d6e4fc3-975a-43d2-a01c-f51db002a175;369.5;1.63088;BUY
2016-02-04T00:52:31.697000;2016-02-04T00:52:31.697000;65514657-5ec6-497f-8d84-c8e01a718f16;369.5;1.20597;BUY
2016-02-04T00:53:01.677000;2016-02-04T00:53:01.683000;b6c850df-f463-4f5e-8c07-5e119d43d218;369.5;0.47621;BUY
2016-02-04T00:53:31.467000;2016-02-04T00:53:31.480000;0b531005-e542-4abf-a486-f17f89ebee36;369.49;0.50114386;SELL
2016-02-04T00:53:31.470000;2016-02-04T00:53:31.493000;a49de44b-01c0-4ed1-9bef-fcc2aa250bfa;369.49;0.49585614;SELL
2016-02-04T00:53:52.490000;2016-02-04T00:53:52.493000;7bda500e-e5e7-47f6-92c9-c223e50414f5;369.49;3.44544386;SELL
2016-02-04T00:53:52.490000;2016-02-04T00:53:52.527000;674796d0-56f8-4fe1-a0c3-af580cada6ea;369.49;0.02;SELL
2016-02-04T00:53:52.490000;2016-02-04T00:53:52.527000;8ed265df-92c5-450a-af81-164f4ee61061;369.48;4.982;SELL
2016-02-04T00:53:52.490000;2016-02-04T00:53:52.603000;c3779a5d-f2e4-4dfe-a9a4-0404abe2b893;369.46;1.55255614;SELL
2016-02-04T00:54:31.650000;2016-02-04T00:54:31.650000;71038709-2917-4126-9a36-fd749c6a93e9;369.47;0.01;SELL
2016-02-04T00:54:31.650000;2016-02-04T00:54:31.667000;45086a4f-68b4-4cd6-9101-c725c29a24b1;369.47;0.01;SELL
2016-02-04T00:54:31.650000;2016-02-04T00:54:31.743000;c9b29c74-13f9-4747-bc8e-4e3b8619e32f;369.46;2.05949;SELL
2016-02-04T00:55:01.627000;2016-02-04T00:55:01.637000;e919f155-11e1-492f-963f-977cee320be1;369.48;0.01;BUY
2016-02-04T00:55:01.627000;2016-02-04T00:55:01.650000;e1e7caaf-c494-4aa5-a671-f50873f9bb6b;369.49;0.01;BUY
2016-02-04T00:55:01.630000;2016-02-04T00:55:01.650000;9ac4da48-6720-475d-a66e-1a14847c201c;369.49;0.01;BUY
2016-02-04T00:55:01.630000;2016-02-04T00:55:01.650000;c22900a1-1101-4a9e-acab-aa3ad1453aee;369.5;0.08633;BUY
2016-02-04T00:55:31.823000;2016-02-04T00:55:32.073000;500a3041-80c3-4c84-a06e-62f83b9674a7;369.49;0.7952;BUY
2016-02-04T00:55:31.873000;2016-02-04T00:55:32.073000;c38f0e74-3957-4213-a035-efedf2915c1e;369.49;0.05514357;BUY
2016-02-04T00:55:32.647000;2016-02-04T00:55:32.853000;3becb07c-19f4-4058-9ed3-970121a983fc;369.49;1.383;BUY
2016-02-04T00:55:32.647000;2016-02-04T00:55:32.853000;84696034-6b1b-48ca-8ead-c9342099d30a;369.5;2.51226;BUY
2016-02-04T00:56:01.853000;2016-02-04T00:56:01.853000;c20d7c9f-6bba-4d39-9126-3ad440e2828a;369.48;0.01;SELL
2016-02-04T00:56:01.853000;2016-02-04T00:56:01.870000;76e38e3d-22b0-42eb-ad4b-5ea11aa4d700;369.48;0.0336;SELL
2016-02-04T00:56:01.853000;2016-02-04T00:56:01.870000;06e466d7-6d24-4d52-8ca5-de7549ddff48;369.47;0.01;SELL
2016-02-04T00:56:01.853000;2016-02-04T00:56:01.870000;a5e32b98-8173-4545-8bb5-8e60015d5c67;369.47;0.27406687;SELL
2016-02-04T00:56:01.853000;2016-02-04T00:56:01.963000;d7933224-1a21-46e1-974f-69a36fad6ded;369.43;1.54784313;SELL
2016-02-04T00:56:31.413000;2016-02-04T00:56:31.417000;1e9652df-22cd-4efe-afa7-ed05de4ee606;369.44;0.01;SELL
2016-02-04T00:56:31.413000;2016-02-04T00:56:31.603000;8b8242f9-69da-4efb-823c-6359e47f52e0;369.44;0.01;SELL
2016-02-04T00:56:31.413000;2016-02-04T00:56:31.620000;ac8266de-5950-4541-b509-01edcd4833a3;369.44;0.098;SELL
2016-02-04T00:56:31.413000;2016-02-04T00:56:31.620000;a1b1e551-b63a-4cad-b09e-1c0efacdc8ff;369.43;0.01;SELL
2016-02-04T00:56:31.413000;2016-02-04T00:56:31.620000;db86808a-c1df-4336-b7e8-ba1c8fa3441a;369.43;0.01;SELL
2016-02-04T00:56:31.413000;2016-02-04T00:56:31.620000;d069ff7b-6c73-487c-b261-fe3d6fba4a9f;369.41;0.073;SELL
2016-02-04T00:56:31.413000;2016-02-04T00:56:31.620000;b3654497-6694-4fbd-a7bd-0357f23130ea;369.4;0.01;SELL
2016-02-04T00:56:31.413000;2016-02-04T00:56:31.620000;f6f68902-ab1f-4b90-8e60-e6dd4eb15c20;369.38;0.62778;SELL
2016-02-04T00:57:01.480000;2016-02-04T00:57:01.480000;5e0aeeeb-3f5a-4854-beb9-ecce61caad65;369.44;0.21144247;SELL
2016-02-04T00:57:01.480000;2016-02-04T00:57:01.493000;b08797eb-e61e-416a-accb-1d4ff83ff2fe;369.44;1.13818753;SELL
2016-02-04T00:57:31.673000;2016-02-04T00:57:31.873000;b3e0e5cb-a628-4532-9620-6d45681f79f2;369.45;0.01;BUY
2016-02-04T00:57:31.673000;2016-02-04T00:57:31.873000;b76c8323-3128-4bdd-a485-3531b1576ab9;369.46;0.01;BUY
2016-02-04T00:57:31.673000;2016-02-04T00:57:31.873000;b5d2f367-3376-4446-a5af-63e98ff7f65b;369.46;0.01;BUY
2016-02-04T00:57:31.673000;2016-02-04T00:57:31.873000;cdbe71c2-cea4-4800-997d-d95c9b268fbb;369.47;0.01;BUY
2016-02-04T00:57:31.673000;2016-02-04T00:57:31.873000;f71e15a9-d15a-4a39-bddd-db84eddcdf61;369.47;0.01;BUY
2016-02-04T00:57:31.673000;2016-02-04T00:57:31.873000;30849cd1-8710-4890-af69-5b5ee1a78de3;369.49;0.01;BUY
2016-02-04T00:57:31.673000;2016-02-04T00:57:31.873000;84e656ea-bfc2-4d75-874a-b0f95368b849;369.5;0.04737;BUY
2016-02-04T00:58:01.513000;2016-02-04T00:58:01.623000;db64794d-778a-43fc-908e-ddefb550a47d;369.48;0.21278;SELL
2016-02-04T00:58:31.560000;2016-02-04T00:58:32.437000;1d0ed3f8-218b-4b44-8aac-5f65107b902a;369.49;0.01;BUY
2016-02-04T00:58:31.560000;2016-02-04T00:58:32.513000;9b9c9b4d-be44-4aa1-9bfd-66d8a75cc22c;369.49;0.34033;BUY
2016-02-04T00:58:31.800000;2016-02-04T00:58:32.827000;354f7a8d-1e7b-4ce6-863b-59fd8ebd9739;369.49;0.17;BUY
2016-02-04T00:59:01.607000;2016-02-04T00:59:01.670000;1a13c834-3da7-453e-8b9d-1113bf2c1ece;369.49;0.13168;BUY
2016-02-04T00:59:31.543000;2016-02-04T00:59:32.357000;2bc9871c-a677-4fa4-afe3-918a244e3de2;369.49;0.01;BUY
2016-02-04T00:59:31.543000;2016-02-04T00:59:32.357000;71b8a774-715e-4a1c-805b-fdaf1d1698da;369.5;1.16553;BUY
2016-02-04T01:00:07.677000;2016-02-04T01:00:07.733000;ada2300c-f3cf-456b-b9c3-3d7f16cafdbb;369.49;0.0978;BUY
2016-02-04T01:00:29.163000;2016-02-04T01:00:29.203000;189e5c1e-842f-4aa2-a0ec-861d57975585;369.48;1.20246504;SELL
2016-02-04T01:00:29.163000;2016-02-04T01:00:29.217000;0a0a63cd-12c8-44e6-88aa-cf09d5f4985e;369.48;0.07178578;SELL
2016-02-04T01:00:29.163000;2016-02-04T01:00:29.217000;fbdd95ae-cdc7-475b-acc0-27141cf12446;369.48;2.0;SELL
2016-02-04T01:00:29.163000;2016-02-04T01:00:29.310000;eb31149f-6a88-409b-b7c4-38acf78dc94b;369.47;0.01;SELL
2016-02-04T01:00:29.163000;2016-02-04T01:00:29.310000;b4a52a23-98b9-4a9e-a2f1-278574ebd308;369.46;0.811;SELL
2016-02-04T01:00:29.163000;2016-02-04T01:00:29.310000;c1a81c64-b6cb-439f-a8f2-90125ac9db6d;369.43;0.827;SELL
2016-02-04T01:00:29.163000;2016-02-04T01:00:29.310000;89024137-b717-4f48-85b4-694a26dffc0f;369.4;0.01;SELL
2016-02-04T01:00:29.163000;2016-02-04T01:00:29.310000;c2c139d0-e08e-43b0-86c5-6386edec831d;369.4;0.06774918;SELL
2016-02-04T01:00:31.663000;2016-02-04T01:00:31.717000;5da17bb7-a4f3-4be8-8d81-8dc80461be37;369.45;0.01;BUY
2016-02-04T01:00:31.663000;2016-02-04T01:00:31.717000;26528ca2-7bc2-4f45-80ac-e17e37c831ab;369.45;0.01;BUY
2016-02-04T01:00:31.663000;2016-02-04T01:00:31.763000;17506331-8831-4cfe-8f44-2c3b008c0b73;369.46;0.19705;BUY
2016-02-04T01:00:32.430000;2016-02-04T01:00:32.513000;92faf0dd-c0f8-4114-9a83-b8a07c7e7806;369.47;0.01;BUY
2016-02-04T01:00:32.430000;2016-02-04T01:00:32.513000;e8194f66-c74b-4f55-a95e-978ffd772171;369.47;0.01;BUY
2016-02-04T01:00:34.380000;2016-02-04T01:00:34.467000;9f1aa773-2112-4473-bb2f-ebd1c3ac51a2;369.48;0.01;SELL
2016-02-04T01:01:01.750000;2016-02-04T01:01:01.843000;6a4d9d81-5511-4999-8eae-62d3cdb7df48;369.49;0.62209;BUY
2016-02-04T01:01:31.607000;2016-02-04T01:01:31.640000;04b5eaa8-ff82-46bc-86a4-27323af84330;369.49;0.28011;BUY
2016-02-04T01:01:31.607000;2016-02-04T01:01:31.653000;2e2360db-6856-4a80-b5c5-775a41032e0a;369.5;0.25807;BUY
2016-02-04T01:01:33.647000;2016-02-04T01:01:34.500000;8d76c047-1995-4585-90d6-f00284860bc8;369.5;9.38;BUY
2016-02-04T01:02:01.567000;2016-02-04T01:02:01.827000;9bd7deaa-ceb7-44f4-9aad-5296e5a03a72;369.49;0.99133;SELL
2016-02-04T01:02:27.067000;2016-02-04T01:02:27.107000;48d54a49-f0cc-4b1b-9d26-4335fd9a6585;369.5;0.29;BUY
2016-02-04T01:02:31.557000;2016-02-04T01:02:31.593000;d295cd84-8b7f-4b98-972e-66301e28ce76;369.5;1.21616;BUY
2016-02-04T01:02:44.123000;2016-02-04T01:02:44.153000;eb700b90-1cc2-49ea-b38e-98268760670a;369.5;0.40494163;BUY
2016-02-04T01:03:01.657000;2016-02-04T01:03:01.687000;1ac507f9-3fb8-4fd1-ad96-a54b6ed3b885;369.5;0.2412;BUY
2016-02-04T01:03:02.983000;2016-02-04T01:03:03.203000;071563df-ea50-4ebc-a736-eab0dce409a5;369.5;7.31371194;BUY
2016-02-04T01:03:02.983000;2016-02-04T01:03:03.250000;605781b8-b2f9-41e0-8f3a-28ec16a255ee;369.5;0.01;BUY
2016-02-04T01:03:31.577000;2016-02-04T01:03:31.607000;0a09ec77-179e-4dc3-bb53-fa3b1eec2a2a;369.51;0.01;BUY
2016-02-04T01:03:31.577000;2016-02-04T01:03:31.623000;e24a8a7e-fa7e-494f-a009-d1c882878e17;369.52;0.01;BUY
2016-02-04T01:03:31.577000;2016-02-04T01:03:31.703000;8da71250-bdbf-48c5-aa7a-dd899ee53af6;369.54;0.01;BUY
2016-02-04T01:03:31.577000;2016-02-04T01:03:31.717000;3ad0d52c-e34d-4bbc-815a-33504772ca44;369.55;0.01;BUY
2016-02-04T01:03:31.577000;2016-02-04T01:03:31.717000;04c56960-2d78-49f6-a9b1-a4b8a3535d2b;369.55;0.01;BUY
2016-02-04T01:03:31.577000;2016-02-04T01:03:31.717000;9ec3563f-8035-44ee-95d4-11419acf4e2a;369.55;0.01;BUY
2016-02-04T01:03:31.577000;2016-02-04T01:03:31.717000;8b04d1e5-6975-4a87-9abe-bec316a1eb39;369.55;0.11;BUY
2016-02-04T01:03:31.577000;2016-02-04T01:03:31.717000;2ae752f2-dbe3-4ff0-bd4d-c86a60b85753;369.56;0.01;BUY
2016-02-04T01:03:31.577000;2016-02-04T01:03:31.717000;083d6d5b-814b-4e9d-9e50-5e1dbaa07829;369.56;0.01;BUY
2016-02-04T01:03:31.577000;2016-02-04T01:03:31.717000;d55b3ff3-d2d9-4ef6-bd5a-f26e55f07a57;369.57;0.01;BUY
2016-02-04T01:03:31.577000;2016-02-04T01:03:31.717000;b0527ff8-1c85-4592-9453-1b646cc7f76a;369.58;0.01;BUY
2016-02-04T01:03:31.577000;2016-02-04T01:03:31.717000;1c3d47f2-e325-4e7c-a6db-da5e44a4229a;369.58;0.01;BUY
2016-02-04T01:03:31.577000;2016-02-04T01:03:31.717000;00650c0e-23c6-4116-9d01-94170d98513e;369.58;0.117;BUY
2016-02-04T01:03:31.577000;2016-02-04T01:03:31.717000;33216a6e-35f8-42b5-af13-614188bef823;369.59;0.01;BUY
2016-02-04T01:03:31.580000;2016-02-04T01:03:31.717000;d4aa6d89-e2ee-4782-bfb5-d3a160dfb718;369.59;0.01;BUY
2016-02-04T01:03:31.580000;2016-02-04T01:03:31.810000;c774728e-99e4-4f81-b891-35970b6893ea;369.6;0.01;BUY
2016-02-04T01:03:31.580000;2016-02-04T01:03:31.810000;08297626-d7be-4df5-9f21-8bb5ac60716f;369.6;0.01;BUY
2016-02-04T01:03:31.580000;2016-02-04T01:03:31.810000;c86c20f4-d78c-4fa6-a7ea-13cb41dd30e1;369.6;0.02;BUY
2016-02-04T01:03:31.580000;2016-02-04T01:03:31.810000;45f2247f-5161-4678-8c2b-acba563d6d9a;369.6;0.02;BUY
2016-02-04T01:03:31.580000;2016-02-04T01:03:31.810000;560d3282-9466-42ce-b779-1d654cf9d23a;369.61;0.08;BUY
2016-02-04T01:03:31.580000;2016-02-04T01:03:31.983000;f4b9bd4d-26cc-4029-9881-a9bd0fcab175;369.62;0.01;BUY
2016-02-04T01:03:31.580000;2016-02-04T01:03:32.013000;56020be7-2d77-4748-a2e3-7b56c36e9d76;369.62;0.01;BUY
2016-02-04T01:03:31.580000;2016-02-04T01:03:32.013000;1887cb77-c1b1-4f0b-91c6-7f3c63744fbd;369.63;0.01;BUY
2016-02-04T01:03:31.580000;2016-02-04T01:03:32.013000;cd79f49d-06d8-444c-813e-fbf5ab5ed327;369.63;0.12;BUY
2016-02-04T01:03:31.580000;2016-02-04T01:03:32.013000;83b5c974-d010-425a-9bb8-acdce4a125f3;369.64;0.01;BUY
2016-02-04T01:03:31.580000;2016-02-04T01:03:32.013000;f18ce2f1-f73d-4de0-a59f-1f0e2f7f6171;369.64;0.072;BUY
2016-02-04T01:03:31.580000;2016-02-04T01:03:32.013000;ad55e4bb-5fe6-42eb-8ea6-3383fa1a6d92;369.65;0.01;BUY
2016-02-04T01:03:31.580000;2016-02-04T01:03:32.013000;48cdd312-88d1-4b6b-8ee8-65fca273225e;369.67;0.02;BUY
2016-02-04T01:03:31.580000;2016-02-04T01:03:32.013000;3a45c322-ccb8-46c0-bfa3-1da8cc3c86f8;369.67;0.1;BUY
2016-02-04T01:03:31.580000;2016-02-04T01:03:32.013000;f8f30a49-da63-4655-b4b5-941643be01fb;369.67;0.083;BUY
2016-02-04T01:03:31.580000;2016-02-04T01:03:32.013000;cd346838-7e8c-4378-abd5-dfbd051d9186;369.67;0.06566;BUY
2016-02-04T01:03:32.487000;2016-02-04T01:03:32.843000;cc009196-f95a-4263-b88e-85ca62e835b0;369.64;0.01;SELL
2016-02-04T01:03:49.000000;2016-02-04T01:03:49.077000;27fe4516-ae04-4558-a765-97f1e457fd65;369.64;4.377;SELL
2016-02-04T01:03:49.000000;2016-02-04T01:03:49.217000;41cdd635-8c3d-4f46-98b2-9dd03f04cfe5;369.64;0.02;SELL
2016-02-04T01:03:49.000000;2016-02-04T01:03:49.233000;73fd37cd-d1a8-4ead-8ec1-6c12fb3313cd;369.64;3.703;SELL
2016-02-04T01:03:49.000000;2016-02-04T01:03:49.233000;616139c3-01d6-443b-88b1-d46234c0294d;369.64;2.58993653;SELL
2016-02-04T01:03:49.000000;2016-02-04T01:03:49.233000;a994b10e-3fcf-4bf6-8450-e2e87d14339e;369.64;0.06570522;SELL
2016-02-04T01:03:49.000000;2016-02-04T01:03:49.233000;ee79f826-bc95-41ee-9df7-9f7610d88851;369.6;0.01;SELL
2016-02-04T01:03:49.000000;2016-02-04T01:03:49.233000;1230822d-8e8e-4cfd-bf54-ab353419e1f3;369.56;9.39214;SELL
2016-02-04T01:03:49.000000;2016-02-04T01:03:49.233000;1c89514f-1cdf-4919-a687-c4655a4411f6;369.56;0.36;SELL
2016-02-04T01:03:49.000000;2016-02-04T01:03:49.233000;db45801e-b30d-4a05-bf54-c87db5682bcc;369.55;1.177;SELL
2016-02-04T01:03:49.000000;2016-02-04T01:03:49.233000;a7cb4856-f771-4507-998b-e989bb8ffdc7;369.54;1.164;SELL
2016-02-04T01:03:49.000000;2016-02-04T01:03:49.233000;bc62222c-9c56-4c43-91c1-3f3017201dfb;369.53;0.01;SELL
2016-02-04T01:03:49.000000;2016-02-04T01:03:49.233000;0795d3cc-bfe9-4dfa-bd5e-ef74fcc2f53f;369.52;0.01;SELL
2016-02-04T01:03:49.000000;2016-02-04T01:03:49.233000;6c6d9db2-a995-400d-90ab-1c25f676b2cf;369.51;0.01;SELL
2016-02-04T01:03:49.000000;2016-02-04T01:03:49.233000;a23e148b-d8a0-4554-99d6-61b90380473e;369.51;0.01;SELL
2016-02-04T01:03:49.000000;2016-02-04T01:03:49.233000;6d02d070-bdbb-4d26-9a34-05b96e3ca835;369.51;1.187;SELL
2016-02-04T01:03:49.000000;2016-02-04T01:03:49.233000;44fac446-c932-4a32-9695-a0112de0b62f;369.49;9.5032;SELL
2016-02-04T01:03:49.000000;2016-02-04T01:03:49.233000;c92dcbde-abb5-406d-b670-686431708c67;369.49;0.1;SELL
2016-02-04T01:03:49.000000;2016-02-04T01:03:49.233000;4f472124-b203-447d-8ddd-fdcf26891a0c;369.48;1.185;SELL
2016-02-04T01:03:49.003000;2016-02-04T01:03:49.233000;ab9bdd2c-64fa-41ae-b12a-046fe3bf7959;369.45;4.091;SELL
2016-02-04T01:03:49.003000;2016-02-04T01:03:49.233000;ede0b2e9-9a2b-4bdf-bce1-0cbd983aef29;369.45;1.03501825;SELL
2016-02-04T01:04:01.707000;2016-02-04T01:04:01.733000;23435bbc-3aef-4c66-bcbb-ca046f030fa3;369.63;3.187;SELL
2016-02-04T01:04:01.707000;2016-02-04T01:04:01.750000;62ca5635-b14c-41c5-9d29-18b22075ce62;369.63;0.02;SELL
2016-02-04T01:04:01.707000;2016-02-04T01:04:01.857000;06742799-812b-4211-9099-bfa81e064ad4;369.55;0.01;SELL
2016-02-04T01:04:01.707000;2016-02-04T01:04:01.857000;a4f91d7b-000b-4223-a2a0-519ef392f1d1;369.51;9.40308;SELL
2016-02-04T01:04:01.707000;2016-02-04T01:04:01.857000;c0c7e17a-4f60-4fe2-9020-590f8c934885;369.5;0.899;SELL
2016-02-04T01:04:01.707000;2016-02-04T01:04:01.857000;6793454d-6fe3-4ed3-8c0c-84017aaacc20;369.48;0.6;SELL
2016-02-04T01:04:01.707000;2016-02-04T01:04:01.857000;4994b2f2-97e2-46fd-9cd7-61a06cc0d501;369.47;0.791;SELL
2016-02-04T01:04:01.707000;2016-02-04T01:04:01.857000;6a0718fe-576a-4ff8-bdf7-630d5ca0aca1;369.45;1.6;SELL
2016-02-04T01:04:01.707000;2016-02-04T01:04:01.857000;f6170142-6383-4b04-a01b-d1eab3555ded;369.44;0.01;SELL
2016-02-04T01:04:01.707000;2016-02-04T01:04:01.857000;3e752ed2-71b7-426d-8d2e-696328cfa09d;369.44;0.795;SELL
2016-02-04T01:04:01.707000;2016-02-04T01:04:01.857000;cf3b08ea-8dd9-4ee7-b43c-a5135d5dd3ff;369.44;1.4;SELL
2016-02-04T01:04:01.707000;2016-02-04T01:04:01.857000;6ec45015-b4b7-4a55-90c0-363cbff90efa;369.43;0.01;SELL
2016-02-04T01:04:01.707000;2016-02-04T01:04:01.920000;a0688dc6-6133-4dda-9dfb-6ffd33e02e80;369.43;2.0;SELL
2016-02-04T01:04:01.707000;2016-02-04T01:04:01.920000;73b08ab8-4453-4ec6-bbdc-ac1faf2cf90f;369.42;0.01;SELL
2016-02-04T01:04:01.710000;2016-02-04T01:04:01.937000;85763ce6-e203-4be7-bb09-626d51f37026;369.42;2.4;SELL
2016-02-04T01:04:01.710000;2016-02-04T01:04:01.937000;0c5cca4f-387d-43b9-bc07-18d997faa58c;369.41;0.01;SELL
2016-02-04T01:04:01.710000;2016-02-04T01:04:01.937000;35c2157d-845b-4da1-8b5f-3ae714832c1b;369.41;0.805;SELL
2016-02-04T01:04:01.710000;2016-02-04T01:04:01.937000;8433486b-b038-403a-90f2-dbe829fe9713;369.39;3.0;SELL
2016-02-04T01:04:01.710000;2016-02-04T01:04:01.937000;ff22ceae-facd-4a53-9dad-0887d1d9d7e3;369.38;1.161;SELL
2016-02-04T01:04:01.710000;2016-02-04T01:04:01.937000;0529d9a6-ec19-4803-8696-03033e8e72a1;369.36;2.4;SELL
2016-02-04T01:04:01.710000;2016-02-04T01:04:01.937000;79946f4c-0e52-4981-979d-b8df5cf9c744;369.35;1.157;SELL
2016-02-04T01:04:01.710000;2016-02-04T01:04:01.937000;30581564-27ef-4fc6-87f0-02827a5edd1b;369.33;2.2;SELL
2016-02-04T01:04:01.710000;2016-02-04T01:04:02.030000;5c5cf6fd-88c0-474a-9252-2cc6edcaeb0e;369.32;1.155;SELL
2016-02-04T01:04:01.710000;2016-02-04T01:04:02.030000;f354bd3a-a75c-4f18-bd39-12c2fcb2615d;369.31;2.4;SELL
2016-02-04T01:04:01.710000;2016-02-04T01:04:02.030000;78524d5c-7a06-434f-a8f1-97bea8eef1d0;369.3;0.8;SELL
2016-02-04T01:04:01.710000;2016-02-04T01:04:02.030000;abf713ed-9580-4a3e-9c35-a7ec86bc0422;369.29;1.184;SELL
2016-02-04T01:04:01.710000;2016-02-04T01:04:02.030000;3f23bc54-3724-4093-a82a-955df3328d15;369.27;4.401;SELL
2016-02-04T01:04:01.710000;2016-02-04T01:04:02.030000;0a84fc16-5d80-42e4-b2d2-0bad75fc2609;369.26;0.844;SELL
2016-02-04T01:04:01.710000;2016-02-04T01:04:02.030000;a35be509-8f3d-405a-9523-61bc6deda7fe;369.23;1.209;SELL
2016-02-04T01:04:01.710000;2016-02-04T01:04:02.030000;b94a8986-822c-4ccb-8bcc-995cc87ce4df;369.2;1.174;SELL
2016-02-04T01:04:01.710000;2016-02-04T01:04:02.030000;80be2d35-7dfa-4953-97ef-a2e988bccf10;369.17;1.178;SELL
2016-02-04T01:04:01.710000;2016-02-04T01:04:02.030000;e84531a1-72dc-4c7f-9a64-937e47ac0462;369.14;0.78692;SELL
2016-02-04T01:04:04.583000;2016-02-04T01:04:04.657000;665e4c6e-3f44-4c03-8ae7-f80ac90bf024;369.63;0.01;SELL
2016-02-04T01:04:06.863000;2016-02-04T01:04:07.657000;829a26d9-b639-4bca-8f6f-367f00b77b81;369.63;0.01;SELL
2016-02-04T01:04:06.863000;2016-02-04T01:04:07.717000;6b651bfd-8afc-4101-9420-96c07f705b16;369.55;0.00688;SELL
2016-02-04T01:04:07.350000;2016-02-04T01:04:08.187000;56d95024-7c4d-4784-960e-46531abbdfb1;369.64;0.0195;BUY
2016-02-04T01:04:07.387000;2016-02-04T01:04:08.187000;a1b366d9-5da3-47a0-b5db-5a1d7ceb15d9;369.63;0.02;SELL
2016-02-04T01:04:31.493000;2016-02-04T01:04:31.530000;1d72c6e8-96af-4e1e-aedc-298442b37c0d;369.58;0.01;BUY
2016-02-04T01:04:31.493000;2016-02-04T01:04:31.547000;caaee625-348a-4051-ae0c-1ec1f42090bb;369.58;0.091;BUY
2016-02-04T01:04:31.493000;2016-02-04T01:04:31.607000;a4d0a6ce-808a-4e9b-af1f-45400f803374;369.58;0.28;BUY
2016-02-04T01:04:31.493000;2016-02-04T01:04:31.607000;3500e533-112c-4819-ac1a-59111c8ef591;369.59;0.01;BUY
2016-02-04T01:04:31.493000;2016-02-04T01:04:31.607000;97e69208-0967-4263-8932-1ea251e8b675;369.61;0.086;BUY
2016-02-04T01:04:31.493000;2016-02-04T01:04:31.607000;01edd6dd-5526-4be3-9e1f-d5186fd28bba;369.64;0.087;BUY
2016-02-04T01:04:31.493000;2016-02-04T01:04:31.640000;da21666e-db9b-4a0d-a264-e8976114cd2b;369.65;0.01;BUY
2016-02-04T01:04:31.493000;2016-02-04T01:04:31.640000;de12a417-a246-478b-84f4-c7febffd0ebd;369.65;0.01;BUY
2016-02-04T01:04:31.493000;2016-02-04T01:04:31.640000;1fd58868-480c-404b-8479-f0c66f39e417;369.65;0.01;BUY
2016-02-04T01:04:31.493000;2016-02-04T01:04:31.640000;2cbc0200-fcf1-4dce-8161-53a26b459d73;369.66;0.01;BUY
2016-02-04T01:04:31.493000;2016-02-04T01:04:31.640000;0c0ba469-4070-42b7-b06a-a09d97a9ca8b;369.66;1.63058;BUY
2016-02-04T01:04:32.467000;2016-02-04T01:04:32.560000;85aa5e07-8cd2-4f3d-80d3-e6cbd5fd997e;369.65;0.01;SELL
2016-02-04T01:05:28.777000;2016-02-04T01:05:30.093000;f832f603-da75-45c6-8561-ac3c55d4319b;369.62;0.01;SELL
2016-02-04T01:05:28.777000;2016-02-04T01:05:30.093000;63024602-35c9-4138-9f59-31f7f4734b6f;369.62;0.02;SELL
2016-02-04T01:05:28.777000;2016-02-04T01:05:30.093000;cd8c148b-1d8b-424d-98c3-42b3c729f71d;369.61;0.01;SELL
2016-02-04T01:05:28.777000;2016-02-04T01:05:30.093000;d3821946-9573-446a-9cc8-138848b1ffc1;369.6;0.01;SELL
2016-02-04T01:05:28.777000;2016-02-04T01:05:30.093000;22f71444-1dac-4349-8244-e49a566982a7;369.6;0.01;SELL
2016-02-04T01:05:28.777000;2016-02-04T01:05:30.093000;1e26eda0-45ef-4dd1-a691-2e539b034de7;369.59;0.01;SELL
2016-02-04T01:05:28.777000;2016-02-04T01:05:30.187000;f8ecd409-9f31-4a82-8d1c-2c1e0f52c14e;369.59;0.01;SELL
2016-02-04T01:05:28.777000;2016-02-04T01:05:30.187000;3f73893e-a8ae-4629-83a1-5742bb39bded;369.58;0.01;SELL
2016-02-04T01:05:28.777000;2016-02-04T01:05:30.187000;920bea76-b5fa-42b1-ad23-19086125255b;369.57;0.01;SELL
2016-02-04T01:05:28.777000;2016-02-04T01:05:30.187000;7e13e531-4817-4f41-95fa-fe8e924e8a98;369.56;0.01;SELL
2016-02-04T01:05:28.780000;2016-02-04T01:05:30.203000;a523d866-d5a4-4bd0-92bc-41b20e7a77c1;369.56;0.01;SELL
2016-02-04T01:05:28.780000;2016-02-04T01:05:30.203000;d8eb9332-3217-4a0d-afb9-9f784d6e849a;369.54;0.01;SELL
2016-02-04T01:05:28.780000;2016-02-04T01:05:30.203000;7e56aff7-9e5e-4864-addf-2470f5be7a78;369.4;0.18940098;SELL
2016-02-04T01:05:31.493000;2016-02-04T01:05:31.857000;b4a83ef5-e4b1-425a-9115-de0b67b920fb;369.59;0.01;BUY
2016-02-04T01:05:31.493000;2016-02-04T01:05:31.873000;f9838e45-25f7-41d6-8169-f83100a7ed2b;369.6;0.01;BUY
2016-02-04T01:05:31.493000;2016-02-04T01:05:31.873000;353af26f-b11a-4fcf-913e-b95719c25e82;369.61;0.01;BUY
2016-02-04T01:05:31.493000;2016-02-04T01:05:31.873000;fd9ef60d-a56f-4f08-a2bd-792bf53dc5f3;369.61;0.01;BUY
2016-02-04T01:05:31.493000;2016-02-04T01:05:31.873000;ac001a64-6214-47fb-8e92-7a28ffb24cf4;369.61;0.127;BUY
2016-02-04T01:05:31.493000;2016-02-04T01:05:32.047000;7288dfbb-a7c7-459f-b661-3a4ef9cdb72a;369.62;0.01;BUY
2016-02-04T01:05:31.493000;2016-02-04T01:05:32.060000;30d926ac-21e5-43a5-9dbb-d0bf51349f57;369.62;0.01;BUY
2016-02-04T01:05:31.493000;2016-02-04T01:05:32.060000;8b393807-6e55-47bd-bd2b-5f9b1709a0d6;369.62;0.08565;BUY
2016-02-04T01:06:01.603000;2016-02-04T01:06:01.657000;17bbe73f-e1bf-4653-bd12-3ac271dbac7c;369.56;0.01;BUY
2016-02-04T01:06:01.603000;2016-02-04T01:06:01.670000;bec22140-68bb-4d64-9fdb-2b4a74103f39;369.56;0.103;BUY
2016-02-04T01:06:01.603000;2016-02-04T01:06:01.670000;d696be02-099f-4c33-9a11-d0e48c94cc70;369.56;0.27584;BUY
2016-02-04T01:06:31.573000;2016-02-04T01:06:31.593000;264b13de-51b3-4f02-819d-6643320b3fc0;369.56;0.06949;BUY
2016-02-04T01:07:01.507000;2016-02-04T01:07:01.530000;e93ec16b-c65b-493d-81e4-69f3c282a367;369.56;0.65467;BUY
2016-02-04T01:07:01.507000;2016-02-04T01:07:01.530000;d2587d43-463e-4d2c-91ee-e5023a7481c6;369.57;0.01;BUY
2016-02-04T01:07:01.507000;2016-02-04T01:07:01.530000;6d48a23b-1102-4933-a657-4adc22c5aa73;369.58;0.01;BUY
2016-02-04T01:07:01.507000;2016-02-04T01:07:01.560000;e8700d1a-bb5a-41a2-a66a-c10a4618ba5b;369.62;0.149;BUY
2016-02-04T01:07:01.507000;2016-02-04T01:07:01.577000;5b66bd31-02dc-4e2c-9452-2a6996fb9dda;369.63;0.01;BUY
2016-02-04T01:07:01.507000;2016-02-04T01:07:01.577000;0cf9d4e3-01f3-4c34-b06d-b8d1972b255f;369.63;0.01;BUY
2016-02-04T01:07:01.507000;2016-02-04T01:07:01.577000;7a4e670a-bccc-4371-b127-295619c664de;369.63;0.081;BUY
2016-02-04T01:07:01.507000;2016-02-04T01:07:01.577000;64b75ae4-d527-4910-95f6-65d4c2117cd3;369.63;0.17;BUY
2016-02-04T01:07:01.507000;2016-02-04T01:07:01.577000;2793763b-74dd-46c6-8fd5-caef39b44a0c;369.63;0.98348;BUY
2016-02-04T01:07:31.560000;2016-02-04T01:07:31.593000;1b5183bf-eda1-4cea-90e9-59b462d278b8;369.6;0.01;BUY
2016-02-04T01:07:31.560000;2016-02-04T01:07:31.607000;36b42c26-9c32-4199-82d4-c3e1c9f0be70;369.6;0.01;BUY
2016-02-04T01:07:31.560000;2016-02-04T01:07:31.607000;dc21a596-b0b2-4c58-afc7-15ba7afe856d;369.6;0.098;BUY
2016-02-04T01:07:31.560000;2016-02-04T01:07:31.607000;f4d024d6-de45-4ebc-91bd-979d742f6c8f;369.61;0.01;BUY
2016-02-04T01:07:31.563000;2016-02-04T01:07:31.607000;102742ab-05f9-46af-b343-c9c2edbd3be5;369.62;0.01;BUY
2016-02-04T01:07:31.563000;2016-02-04T01:07:31.703000;9caaae5d-d783-4c69-b3d2-305959b020db;369.63;0.01;BUY
2016-02-04T01:07:31.563000;2016-02-04T01:07:31.703000;902329aa-cc10-4c9b-88da-55dacc7a7a21;369.64;0.01;BUY
2016-02-04T01:07:31.563000;2016-02-04T01:07:31.703000;61caabeb-8007-4d5f-9223-299f53783422;369.65;0.01;BUY
2016-02-04T01:07:31.563000;2016-02-04T01:07:31.703000;9901fb8c-aac1-4345-9b31-646aae0e39da;369.65;0.01;BUY
2016-02-04T01:07:31.563000;2016-02-04T01:07:31.703000;c79d8e86-11e0-46bb-a598-c9dd31cff951;369.66;0.01;BUY
2016-02-04T01:07:31.563000;2016-02-04T01:07:31.703000;7f3cdff5-928d-4a83-9dec-0211433638b1;369.66;0.01;BUY
2016-02-04T01:07:31.563000;2016-02-04T01:07:31.703000;164ccad7-6a8e-448b-9902-a70efab05361;369.66;0.096;BUY
2016-02-04T01:07:31.563000;2016-02-04T01:07:31.703000;9f58df37-259e-446a-a0fc-af8cb5be5cc0;369.67;0.112;BUY
2016-02-04T01:07:31.563000;2016-02-04T01:07:31.703000;5d30a202-6655-44e5-9a26-7b8dbf53f2de;369.69;0.01;BUY
2016-02-04T01:07:31.563000;2016-02-04T01:07:31.703000;46576041-e069-440e-b0ef-72b89635a92a;369.69;0.079;BUY
2016-02-04T01:07:31.563000;2016-02-04T01:07:31.703000;8c18a669-0807-4c24-8e38-2b658ee5ca4f;369.7;0.01;BUY
2016-02-04T01:07:31.563000;2016-02-04T01:07:31.703000;13e3e414-43b9-4821-8e32-2b2b9b027074;369.7;0.09;BUY
2016-02-04T01:07:31.563000;2016-02-04T01:07:31.703000;e47f011e-0972-407a-9e55-69cbb935b553;369.7;0.01;BUY
2016-02-04T01:07:31.563000;2016-02-04T01:07:31.703000;06f8225e-3302-4ce8-b6bc-66e6b42bce3a;369.71;0.2;BUY
2016-02-04T01:07:31.563000;2016-02-04T01:07:31.703000;8367884b-9c7a-4f45-a279-c4ef592f2978;369.72;0.01;BUY
2016-02-04T01:07:31.567000;2016-02-04T01:07:31.703000;e9692c60-d391-4a8a-9903-840bbd8ee0e2;369.72;0.01;BUY
2016-02-04T01:07:31.567000;2016-02-04T01:07:31.703000;727bbd5d-209b-426d-87c8-db8a0073cc4c;369.72;0.092;BUY
2016-02-04T01:07:31.567000;2016-02-04T01:07:31.703000;89b6eea3-a23a-4e22-8884-73fc4adfaf79;369.72;0.37167;BUY
2016-02-04T01:07:59.967000;2016-02-04T01:07:59.983000;974e277c-c495-4472-a601-0b10de366eef;369.71;0.01;BUY
2016-02-04T01:07:59.967000;2016-02-04T01:08:00.000000;f93f0518-6e15-4294-8b33-fe4fa4cfc223;369.71;0.01;BUY
2016-02-04T01:07:59.967000;2016-02-04T01:08:00.000000;f74cf17d-24d1-4815-9432-54a9a14e0cd2;369.71;0.107;BUY
2016-02-04T01:07:59.967000;2016-02-04T01:08:00.000000;38252482-50cc-41d3-a9f4-b6c9009ce077;369.73;0.01;BUY
2016-02-04T01:07:59.967000;2016-02-04T01:08:00.000000;2aedba22-eba4-4808-82f1-4eb9a6858300;369.74;0.01;BUY
2016-02-04T01:07:59.967000;2016-02-04T01:08:00.000000;d3f00080-de2f-48ad-ac87-8c2abac9dca8;369.74;0.01;BUY
2016-02-04T01:07:59.967000;2016-02-04T01:08:00.030000;c407d5c6-c199-4877-a086-04d29ab0087a;369.74;0.013;BUY
2016-02-04T01:08:01.593000;2016-02-04T01:08:01.623000;11c428f7-8881-4491-81b2-380a1a2d06d7;369.74;0.08;BUY
2016-02-04T01:08:01.593000;2016-02-04T01:08:01.623000;096021dc-41af-464c-b6f5-21334806d8ef;369.75;0.01;BUY
2016-02-04T01:08:01.593000;2016-02-04T01:08:01.623000;a5fb823e-04af-47ad-be99-3af6ec0d9bd8;369.75;0.50130517;BUY
2016-02-04T01:08:01.593000;2016-02-04T01:08:01.623000;0535263d-e18b-4c74-a19d-e86294db4197;369.75;0.116;BUY
2016-02-04T01:08:01.593000;2016-02-04T01:08:01.623000;58054f86-d022-456f-9572-26c2865dd086;369.76;0.01;BUY
2016-02-04T01:08:01.593000;2016-02-04T01:08:01.657000;6adabf8c-26d0-4035-95be-e25a4bff1602;369.76;0.01;BUY
2016-02-04T01:08:01.593000;2016-02-04T01:08:01.657000;3ebfef2a-2b48-446a-bfc9-4d5741cb59c5;369.76;0.093;BUY
2016-02-04T01:08:01.593000;2016-02-04T01:08:01.670000;ce0e2b69-cfe8-4fa7-bff5-09965c533c90;369.77;0.092;BUY
2016-02-04T01:08:01.593000;2016-02-04T01:08:01.670000;bca5fa55-9711-4ca2-aeac-35ebd575bfb8;369.78;0.128;BUY
2016-02-04T01:08:01.593000;2016-02-04T01:08:01.670000;a92b0ef5-6f2c-44a0-ab73-91c5896ba5e6;369.79;0.114;BUY
2016-02-04T01:08:01.593000;2016-02-04T01:08:01.670000;d571da81-1abb-4459-84f7-ded3b69569d3;369.81;0.45729483;BUY
2016-02-04T01:08:05.080000;2016-02-04T01:08:05.093000;4f82c166-7300-46a3-8e18-0aab9630927a;369.82;0.101;BUY
2016-02-04T01:08:05.080000;2016-02-04T01:08:05.107000;87519bb0-b774-43ba-9314-0b6a6372c5af;369.85;0.02;BUY
2016-02-04T01:08:05.080000;2016-02-04T01:08:05.107000;f39f7c41-0db4-4a10-b0cc-4198826dc66d;369.85;0.114;BUY
2016-02-04T01:08:05.080000;2016-02-04T01:08:05.107000;2e18ca2c-0508-4e56-97bf-d04dd917458b;369.88;0.13;BUY
2016-02-04T01:08:05.080000;2016-02-04T01:08:05.107000;a760c68a-92af-422c-970b-5339bf2a7239;369.91;0.135;BUY
2016-02-04T01:08:18.287000;2016-02-04T01:08:18.310000;3ab6315b-830c-4a0b-9b78-3b08e77dd883;369.87;0.04349;BUY
2016-02-04T01:08:31.513000;2016-02-04T01:08:31.530000;a8216c6d-3fff-4c35-b821-39b511a71c15;369.86;1.20596;BUY
2016-02-04T01:08:46.803000;2016-02-04T01:08:46.827000;0fccbc1c-bb32-4b2a-a61d-31ce1e618f3b;369.86;0.5;BUY
2016-02-04T01:08:58.070000;2016-02-04T01:08:58.093000;836e8423-90a1-4b43-b522-eb70ade6d040;369.89;0.15475;BUY
2016-02-04T01:09:01.617000;2016-02-04T01:09:01.657000;e33e00c7-c73e-493c-8c04-ea76184a7987;369.89;0.80293;BUY
2016-02-04T01:09:26.077000;2016-02-04T01:09:26.093000;1543dbc4-3d9d-48ed-999b-66f4ce5879cd;369.88;0.31632017;BUY
2016-02-04T01:09:27.003000;2016-02-04T01:09:27.013000;e7a13e62-4b4d-460c-805e-7a33bf311817;369.89;0.1078;BUY
2016-02-04T01:09:31.580000;2016-02-04T01:09:31.593000;6e345b53-6b79-4a9a-a9f2-4f02d43d80a5;369.88;1.01862;BUY
2016-02-04T01:09:37.277000;2016-02-04T01:09:37.297000;3a55f559-372e-4c8c-b69a-5887299f013b;369.88;0.04947983;BUY
2016-02-04T01:10:01.870000;2016-02-04T01:10:01.890000;b24878ad-6f86-4408-b4d9-d7e87c3d66e0;369.88;1.968;BUY
2016-02-04T01:10:01.870000;2016-02-04T01:10:01.907000;ef1cdced-70da-4957-b584-38821b315ab9;369.9;0.10401;BUY
2016-02-04T01:10:09.717000;2016-02-04T01:10:09.750000;8037f1f6-b0de-4ad6-b52e-b786d2a6ecfb;369.88;0.24259533;BUY
2016-02-04T01:10:31.477000;2016-02-04T01:10:31.500000;2f9c05c1-6617-4957-9a9b-71eda0851fe1;369.88;1.15573;BUY
2016-02-04T01:11:01.540000;2016-02-04T01:11:01.547000;ada9b05e-3d14-44a8-8bff-79d9ed3cf43e;369.88;0.8432;BUY
2016-02-04T01:11:31.587000;2016-02-04T01:11:31.593000;79afb81d-84c3-4596-ac12-b2a0f0d4c83d;369.87;0.01;SELL
2016-02-04T01:11:31.587000;2016-02-04T01:11:31.610000;dcb90dae-ea05-40c2-bd47-fbd197033330;369.87;0.01;SELL
2016-02-04T01:11:31.587000;2016-02-04T01:11:31.610000;50c31002-ae13-4a5d-8837-c4e58e56bd39;369.87;0.02;SELL
2016-02-04T01:11:31.587000;2016-02-04T01:11:31.610000;214ac19a-ea92-4949-845f-b509fd055fdc;369.87;0.36332258;SELL
2016-02-04T01:11:31.587000;2016-02-04T01:11:31.610000;230f7891-9fa2-441b-9c1d-ca2644040ac0;369.87;0.21;SELL
2016-02-04T01:11:31.587000;2016-02-04T01:11:31.640000;1be81b34-1b37-41ba-bc77-f0d52a7874c1;369.87;3.88519742;SELL
2016-02-04T01:12:32.143000;2016-02-04T01:12:32.190000;f4745c09-b291-492a-b6b0-1e3231f48ca0;369.89;0.01;BUY
2016-02-04T01:12:32.143000;2016-02-04T01:12:32.207000;d2bb0f53-5805-43aa-a27c-6ee2f90ba8d3;369.89;0.092;BUY
2016-02-04T01:12:32.143000;2016-02-04T01:12:32.207000;a83b70b1-dfd8-4b5a-ad47-88d4687aa383;369.9;0.01;BUY
2016-02-04T01:12:32.143000;2016-02-04T01:12:32.207000;dba83db0-8a8a-4567-9ba8-28a8cfd73999;369.92;0.072;BUY
2016-02-04T01:12:32.143000;2016-02-04T01:12:32.207000;676fe5db-463e-489b-a25c-a6da39900489;369.95;0.01;BUY
2016-02-04T01:12:32.143000;2016-02-04T01:12:32.207000;e0fcae93-958e-47d1-bc40-6f475b0c53f4;369.95;0.01;BUY
2016-02-04T01:12:32.143000;2016-02-04T01:12:32.223000;e89b0b40-0d6c-45e2-88d2-8f584b44764d;369.95;0.01;BUY
2016-02-04T01:12:32.147000;2016-02-04T01:12:32.237000;99b99f89-d8ff-4d00-84b0-19f9655053db;369.95;0.02;BUY
2016-02-04T01:12:32.147000;2016-02-04T01:12:32.237000;29e4d6ac-c1e0-4ce3-be1c-7fd91c0e442f;369.95;0.01;BUY
2016-02-04T01:12:32.147000;2016-02-04T01:12:32.237000;71e1b57b-47ab-4331-b69d-782b8add553d;369.95;0.109;BUY
2016-02-04T01:12:32.147000;2016-02-04T01:12:32.237000;de099a03-1757-46b0-9216-7feaad54f49b;369.98;0.08;BUY
2016-02-04T01:12:32.147000;2016-02-04T01:12:32.237000;a63431e9-2941-4087-86be-779b8e3674c9;369.98;0.093;BUY
2016-02-04T01:12:32.147000;2016-02-04T01:12:32.237000;dabbd3fd-e1ac-4051-bdab-9c3b667107a7;369.99;1.64971;BUY
2016-02-04T01:13:01.627000;2016-02-04T01:13:01.690000;fb372ba9-e4b1-4f7e-aacc-b76239651775;369.91;0.01;SELL
2016-02-04T01:13:01.627000;2016-02-04T01:13:01.690000;ca684b3d-396f-49a6-89e1-c64ad8058f88;369.91;0.19065808;SELL
2016-02-04T01:13:01.627000;2016-02-04T01:13:01.690000;217ba36c-80d5-41de-962d-dc0fdb6b8fd6;369.91;0.13623359;SELL
2016-02-04T01:13:01.630000;2016-02-04T01:13:01.707000;a3da84f4-ed5d-4ed3-88a9-9c37c44bb145;369.9;0.01;SELL
2016-02-04T01:13:01.630000;2016-02-04T01:13:01.707000;3356062e-1b98-4d82-98f7-ea9994903bff;369.88;0.01;SELL
2016-02-04T01:13:01.630000;2016-02-04T01:13:01.707000;9b0feb8b-d9b9-4ce0-9c03-336c2fd65979;369.88;0.01;SELL
2016-02-04T01:13:01.630000;2016-02-04T01:13:01.707000;a41359a5-143f-4843-bbc2-8a91d34347a2;369.86;0.01;SELL
2016-02-04T01:13:01.630000;2016-02-04T01:13:01.707000;d3edee12-c8a7-4d12-af4b-4303364c8085;369.85;0.085;SELL
2016-02-04T01:13:01.630000;2016-02-04T01:13:01.707000;7a98ad22-8acf-4d99-819b-0b46dc83c9d6;369.81;0.126;SELL
2016-02-04T01:13:01.630000;2016-02-04T01:13:01.723000;40674ea1-8c76-4872-890f-417380acbd20;369.78;0.116;SELL
2016-02-04T01:13:01.630000;2016-02-04T01:13:01.723000;c7617435-c2e4-4ae8-86b8-43bf26e6a283;369.75;0.115;SELL
2016-02-04T01:13:01.630000;2016-02-04T01:13:01.723000;4d013867-d030-4372-85e0-ca4b346a1fc1;369.73;0.4;SELL
2016-02-04T01:13:01.630000;2016-02-04T01:13:01.723000;09764d36-522b-4d44-8084-e4cbf0d65e03;369.72;0.093;SELL
2016-02-04T01:13:01.630000;2016-02-04T01:13:01.737000;4f50fcd8-d233-4cc4-bd50-a91418e1b174;369.7;1.0;SELL
2016-02-04T01:13:01.630000;2016-02-04T01:13:01.737000;30fcd8db-f285-46d2-bd2a-35ccb5e59a09;369.69;0.078;SELL
2016-02-04T01:13:01.630000;2016-02-04T01:13:01.737000;2f38dcf2-f18d-49a8-98b4-b3ec202fc4ba;369.67;1.0;SELL
2016-02-04T01:13:01.630000;2016-02-04T01:13:01.737000;913eae27-c3e4-41ae-a125-ac1d71b2ea96;369.66;0.66817833;SELL
2016-02-04T01:14:01.457000;2016-02-04T01:14:01.503000;78816a06-9da4-4e66-98fd-5d14135b72dc;369.95;0.01;BUY
2016-02-04T01:14:01.457000;2016-02-04T01:14:01.520000;f29ce099-7010-47ce-a6a8-9719deac13d2;369.99;0.1;BUY
2016-02-04T01:14:01.457000;2016-02-04T01:14:01.520000;f0ff0bcc-65d0-42f1-8b75-84d8b07568c9;370.0;0.01;BUY
2016-02-04T01:14:01.457000;2016-02-04T01:14:01.520000;521e7423-50a3-4422-837b-6c73316bad0e;370.0;0.01;BUY
2016-02-04T01:14:01.457000;2016-02-04T01:14:01.520000;27842974-309c-4182-a451-3e6c5cd31e0d;370.0;0.01;BUY
2016-02-04T01:14:01.457000;2016-02-04T01:14:01.597000;03e2cd75-2a8d-4573-91c9-7df993848d99;370.0;0.14116;BUY
2016-02-04T01:14:31.473000;2016-02-04T01:14:31.503000;f48c138b-2d22-43fa-bc0a-1b194797d3fd;370.0;1.85884;BUY
2016-02-04T01:14:31.473000;2016-02-04T01:14:31.533000;bed5d75f-3add-4da5-b674-b789c08f6be8;370.0;0.01002;BUY
2016-02-04T01:14:31.473000;2016-02-04T01:14:31.533000;a13956bf-5799-40bd-8c20-d200757759c3;370.0;0.01;BUY
2016-02-04T01:14:31.473000;2016-02-04T01:14:31.533000;12ba9276-bb35-4c18-8c44-793c4f74ccc9;370.0;3.12067;BUY
2016-02-04T01:15:01.753000;2016-02-04T01:15:01.800000;adeb2147-631b-4e2f-bb92-57e88ba34e25;370.0;0.38945;BUY
2016-02-04T01:15:13.180000;2016-02-04T01:15:13.223000;9972d368-fc79-4cc2-8bb8-77f3aa27a4bb;370.0;0.17505027;BUY
2016-02-04T01:15:31.547000;2016-02-04T01:15:31.583000;644a03fd-c57f-48fd-b279-85e7467b7051;370.0;0.01447;BUY
2016-02-04T01:16:00.790000;2016-02-04T01:16:04.190000;42c0a90e-c368-45d9-a010-091f7f91c55f;370.0;8.043;BUY
2016-02-04T01:16:01.563000;2016-02-04T01:16:05.020000;32fe19a5-1bb0-4dc4-97c0-1a9092a6ddf1;370.0;1.99378;BUY
2016-02-04T01:16:22.117000;2016-02-04T01:16:26.253000;294a0f12-f18d-40ab-98ad-af82f783ddd3;370.0;0.38;BUY
2016-02-04T01:16:26.360000;2016-02-04T01:16:30.833000;c75e27f7-3f38-497c-8340-da8b02b900e7;370.0;0.36056075;BUY
2016-02-04T01:16:26.623000;2016-02-04T01:16:31.847000;98f9bffc-d7ce-4868-86d8-91cb04e81a1f;370.0;0.36056075;BUY
2016-02-04T01:16:26.893000;2016-02-04T01:16:33.067000;86051921-1116-4fee-9f69-0b95d2d4b1af;370.0;0.36056075;BUY
2016-02-04T01:16:27.153000;2016-02-04T01:16:33.550000;d26e122e-98db-412d-8e71-82d0e3cd29f4;370.0;0.36056075;BUY
2016-02-04T01:16:28.153000;2016-02-04T01:16:35.613000;bfb359af-fb75-484b-806f-a32a99c0458a;370.0;0.36056075;BUY
2016-02-04T01:16:31.467000;2016-02-04T01:16:37.300000;88c73379-f740-42f5-b2ca-bfe012b3602f;370.0;9.08077598;BUY
2016-02-04T01:16:31.467000;2016-02-04T01:16:37.333000;24a69d7b-1fb6-433d-bbaa-160d2144d612;370.0;0.02;BUY
2016-02-04T01:16:31.467000;2016-02-04T01:16:37.333000;2527342a-12e1-4c26-a7f9-ce55f3937ef9;370.03;0.02;BUY
2016-02-04T01:16:31.467000;2016-02-04T01:16:37.333000;3f512eeb-9987-4d3b-ad8a-46d732699fd7;370.03;0.61809402;BUY
2016-02-04T01:17:01.557000;2016-02-04T01:17:01.817000;0124e102-900a-4f4d-91f6-7f5d769e0607;370.03;0.01;BUY
2016-02-04T01:17:01.557000;2016-02-04T01:17:01.817000;317a5f93-4499-4fb3-8aa5-015c96c5789f;370.03;0.02;BUY
2016-02-04T01:17:01.557000;2016-02-04T01:17:01.847000;c89fb046-1a93-4aee-86c1-b317cf72ae22;370.04;0.01;BUY
2016-02-04T01:17:01.557000;2016-02-04T01:17:01.847000;e08d5fc4-551c-4b5a-87db-2e3d7b54ecc0;370.04;0.01;BUY
2016-02-04T01:17:01.557000;2016-02-04T01:17:01.847000;e8c92634-3c81-4919-9003-7b419f441c3e;370.04;0.094;BUY
2016-02-04T01:17:01.557000;2016-02-04T01:17:01.847000;f7776d55-035f-4b02-a1e9-738af5e2f36c;370.05;0.02;BUY
2016-02-04T01:17:01.557000;2016-02-04T01:17:01.847000;1ef7048a-7f30-4eea-a324-af8150268a5b;370.05;0.106;BUY
2016-02-04T01:17:01.557000;2016-02-04T01:17:02.033000;cb249990-714c-40f0-8c4c-d52d3f483931;370.08;0.086;BUY
2016-02-04T01:17:01.557000;2016-02-04T01:17:02.050000;6cb15884-009f-4ca3-9835-7b6e9a038688;370.1;0.02;BUY
2016-02-04T01:17:01.557000;2016-02-04T01:17:02.050000;acbbf0c8-587a-4dd0-ae3d-0769184d613e;370.11;0.096;BUY
2016-02-04T01:17:01.557000;2016-02-04T01:17:02.050000;3d47af9d-3e28-475e-98d5-a28a6e8734b1;370.14;0.095;BUY
2016-02-04T01:17:01.557000;2016-02-04T01:17:02.050000;0db43ebb-9f00-4f45-a7a2-59941376e5ea;370.17;0.108;BUY
2016-02-04T01:17:01.557000;2016-02-04T01:17:02.050000;0103975d-a976-45ce-ac71-b57890f726d6;370.2;0.01;BUY
2016-02-04T01:17:01.560000;2016-02-04T01:17:02.050000;cd84fa1d-f2f4-4900-b95e-a53bacb24c5d;370.2;0.02;BUY
2016-02-04T01:17:01.560000;2016-02-04T01:17:02.050000;cada1f5f-441e-4b9d-a3f8-f4bc60a038ce;370.2;0.105;BUY
2016-02-04T01:17:01.560000;2016-02-04T01:17:02.050000;4a49ffeb-6573-484d-861e-581cb6cec2db;370.21;1.785;BUY
2016-02-04T01:17:01.560000;2016-02-04T01:17:02.050000;df7e757b-53aa-4949-87b6-fbc1d9b5a6ad;370.24;1.771;BUY
2016-02-04T01:17:01.560000;2016-02-04T01:17:02.177000;795f96a0-ab89-4a70-90df-91b4c6c5949f;370.27;0.96695;BUY
2016-02-04T01:17:12.820000;2016-02-04T01:17:12.910000;a049e3d3-cffe-4042-99fa-305bcca78f22;370.29;1.473;BUY
2016-02-04T01:17:12.820000;2016-02-04T01:17:12.910000;ac37c3b0-ffc5-428f-922f-bf4a62b22cb4;370.29;0.01;BUY
2016-02-04T01:17:12.820000;2016-02-04T01:17:12.910000;8cddf4d8-fb5d-456b-aa83-2a33a1dbb0e4;370.29;0.02;BUY
2016-02-04T01:17:31.887000;2016-02-04T01:17:34.440000;42d0d932-966b-4de0-b424-203fc23b3582;370.32;0.02;BUY
2016-02-04T01:17:31.887000;2016-02-04T01:17:34.457000;a58a612e-53c3-46c5-bd7d-70bfbd600c4b;370.35;0.02;BUY
2016-02-04T01:17:31.887000;2016-02-04T01:17:34.457000;644fcc9c-83ad-45f1-af16-131160a843ab;370.35;0.02;BUY
2016-02-04T01:17:31.887000;2016-02-04T01:17:34.457000;0dea0e65-7cb3-4377-b987-92d14216a6ca;370.37;0.96;BUY
2016-02-04T01:17:31.887000;2016-02-04T01:17:34.457000;2fa54969-33eb-490a-b4ad-cc0b778c1e49;370.38;0.3992;BUY
2016-02-04T01:17:47.950000;2016-02-04T01:17:55.253000;4f313b37-3e32-4e8c-8c28-7359a2da9417;370.38;0.1149;SELL
2016-02-04T01:18:01.523000;2016-02-04T01:18:06.457000;3c90d591-6b19-4c50-adba-3aeb5c3ea40d;370.39;0.02;BUY
2016-02-04T01:18:01.523000;2016-02-04T01:18:06.457000;c0e453cd-96bc-4714-8512-cb3ccbd71ffc;370.39;0.126;BUY
2016-02-04T01:18:01.523000;2016-02-04T01:18:06.457000;7365b3d2-08d1-4167-b658-0111158bd0ef;370.39;0.02;BUY
2016-02-04T01:18:01.527000;2016-02-04T01:18:06.457000;91949011-47c3-4b35-a23d-5f0a5b4d070c;370.4;0.01;BUY
2016-02-04T01:18:01.527000;2016-02-04T01:18:06.457000;530c5899-77c7-4e18-86b0-8a1cb5699ed5;370.42;0.082;BUY
2016-02-04T01:18:01.527000;2016-02-04T01:18:06.457000;9181621a-c400-4301-a2d1-4c0ff292f047;370.45;0.01;BUY
2016-02-04T01:18:01.527000;2016-02-04T01:18:06.457000;c579fe86-c997-4958-98c0-0857e6be3964;370.45;0.108;BUY
2016-02-04T01:18:01.527000;2016-02-04T01:18:06.457000;d75249c6-4e9d-4683-95e8-9acb365a4ff5;370.48;0.09;BUY
2016-02-04T01:18:01.527000;2016-02-04T01:18:06.457000;3b0eb7f8-af4b-459a-9fe3-8122dcbfd6ec;370.49;0.29507;BUY
2016-02-04T01:18:47.187000;2016-02-04T01:18:47.287000;2eeabbbc-c7da-49b9-928a-35be1f3758cc;370.48;0.02;BUY
2016-02-04T01:18:47.187000;2016-02-04T01:18:47.300000;2917f016-059f-4294-a546-bd486ce0105e;370.49;1.547;BUY
2016-02-04T01:19:01.577000;2016-02-04T01:19:01.847000;ea6429e7-8277-448d-bad0-341a0209934b;370.48;0.5;SELL
2016-02-04T01:19:01.577000;2016-02-04T01:19:01.847000;9144beac-7219-4039-9e2f-b0b7459118a8;370.42;0.03115;SELL
2016-02-04T01:19:26.317000;2016-02-04T01:19:26.457000;b293bda3-1d5b-4adf-b0a1-b132d9dd91d7;370.49;1.12758484;BUY
2016-02-04T01:19:31.590000;2016-02-04T01:19:31.863000;d5e56123-458b-4a92-9e73-3464e8ec9ebf;370.49;0.91474;BUY
2016-02-04T01:20:01.717000;2016-02-04T01:20:01.910000;686222a3-ba89-4e69-93f9-38319c8ef15c;370.48;0.25;SELL
2016-02-04T01:20:01.717000;2016-02-04T01:20:01.927000;497379ed-7f5f-4fe1-bb22-61d00babfbca;370.48;0.40256;SELL
2016-02-04T01:20:31.680000;2016-02-04T01:20:31.737000;85bd2952-38e8-43ed-9277-58a44a5aeb2a;370.48;1.8245;SELL
2016-02-04T01:20:31.680000;2016-02-04T01:20:31.770000;3650cc05-42d2-4fc8-ab85-1c437270475d;370.48;0.1;SELL
2016-02-04T01:20:31.683000;2016-02-04T01:20:31.770000;858305c2-7a95-4d1b-af77-f7ecefeedf99;370.48;9.37659;SELL
2016-02-04T01:20:31.683000;2016-02-04T01:20:31.770000;2880c515-c485-4309-848f-3db94f2973af;370.46;0.01;SELL
2016-02-04T01:20:31.683000;2016-02-04T01:20:31.770000;552c0480-bf4e-4012-9953-ded27d7b37b0;370.46;0.01;SELL
2016-02-04T01:20:31.683000;2016-02-04T01:20:31.770000;1216f040-6b88-4409-a6ea-7f007f2863e8;370.43;1.173;SELL
2016-02-04T01:20:31.683000;2016-02-04T01:20:31.770000;32de21d1-9897-4e09-8591-726f5877849f;370.42;1.183;SELL
2016-02-04T01:20:31.683000;2016-02-04T01:20:31.770000;3b09ffcd-30cd-4d1f-a468-4ba90e6d8a03;370.4;0.01;SELL
2016-02-04T01:20:31.683000;2016-02-04T01:20:31.770000;2653d4dc-d37e-4d0a-b0ab-9072ba270b7a;370.39;1.172;SELL
2016-02-04T01:20:31.683000;2016-02-04T01:20:31.770000;3b6339dc-4791-4133-8713-e73469d4b938;370.37;1.225;SELL
2016-02-04T01:20:31.683000;2016-02-04T01:20:31.770000;6775e566-07b2-4c2c-a988-fe5b0c966924;370.34;1.224;SELL
2016-02-04T01:20:31.683000;2016-02-04T01:20:31.787000;8fb319f7-3691-4ef0-9f2e-2f7821aeae7b;370.33;1.22;SELL
2016-02-04T01:20:31.683000;2016-02-04T01:20:31.787000;9d3dea44-b14a-4573-8b65-727a3927f68c;370.31;1.203;SELL
2016-02-04T01:20:31.683000;2016-02-04T01:20:31.800000;2916d9af-0d76-4809-a4d2-7f2ef7f78426;370.3;0.70399;SELL
2016-02-04T01:21:01.687000;2016-02-04T01:21:01.723000;19e83248-f02b-4664-ab7e-898f698a656d;370.42;0.01;BUY
2016-02-04T01:21:01.687000;2016-02-04T01:21:01.787000;401b70cf-7605-487a-8623-98c483ad1699;370.42;0.345;BUY
2016-02-04T01:21:01.687000;2016-02-04T01:21:01.800000;c0937202-11fc-4c06-86ce-241a65bded34;370.43;0.721;BUY
2016-02-04T01:21:01.687000;2016-02-04T01:21:01.800000;ad771007-3fdc-4a44-9e72-ac31381aa448;370.44;0.547;BUY
2016-02-04T01:21:01.687000;2016-02-04T01:21:01.800000;8504d7fc-8342-425b-a634-00861cb8aa4c;370.45;0.3772;BUY
2016-02-04T01:21:31.767000;2016-02-04T01:21:35.833000;e8e9ee13-c0eb-4823-866b-0104e504d60f;370.43;0.01;SELL
2016-02-04T01:21:31.767000;2016-02-04T01:21:35.833000;2caf6a79-fd6a-40f5-948f-3ba5aca0dcaa;370.43;2.0;SELL
2016-02-04T01:21:31.767000;2016-02-04T01:21:35.833000;c9a79894-eb64-4974-b696-ee08fb2a94f9;370.42;0.01;SELL
2016-02-04T01:21:31.770000;2016-02-04T01:21:35.833000;d20521ff-f766-4bc2-afe6-2ba6a820220c;370.41;0.01;SELL
2016-02-04T01:21:31.770000;2016-02-04T01:21:35.833000;093ffffa-f627-4398-bcf0-f6cea395a7a1;370.38;0.509;SELL
2016-02-04T01:21:31.770000;2016-02-04T01:21:35.833000;c083a9a7-9846-424a-b321-7115dae32a31;370.35;0.01;SELL
2016-02-04T01:21:31.770000;2016-02-04T01:21:35.833000;457268de-7d85-45e9-ba63-cad091ed13a7;370.35;4.222;SELL
2016-02-04T01:21:31.770000;2016-02-04T01:21:35.833000;05f773d3-09f9-4d9d-823b-fe753b7f3d0d;370.35;0.515;SELL
2016-02-04T01:21:31.770000;2016-02-04T01:21:35.833000;7202af70-9559-4ae5-be01-f319d92b91c7;370.33;0.01;SELL
2016-02-04T01:21:31.770000;2016-02-04T01:21:36.113000;2393ecd5-6909-4bcf-896c-2cbe6cffc1dc;370.32;0.01;SELL
2016-02-04T01:21:31.770000;2016-02-04T01:21:36.113000;4ada346e-6977-4455-ab41-8b740c352408;370.32;0.51;SELL
2016-02-04T01:21:31.770000;2016-02-04T01:21:36.113000;e4da534d-004f-42c1-9bdb-96cf0de172ae;370.31;0.01;SELL
2016-02-04T01:21:31.770000;2016-02-04T01:21:36.113000;bfa80685-7032-4853-98df-a995c23b00ad;370.29;0.511;SELL
2016-02-04T01:21:31.770000;2016-02-04T01:21:36.113000;393e7214-e923-4123-820f-46e2e7d4c09f;370.24;0.075;SELL
2016-02-04T01:21:31.770000;2016-02-04T01:21:36.113000;921bcf04-108b-4987-977d-7c3e73d97d9c;370.24;9.37056;SELL
2016-02-04T01:21:31.770000;2016-02-04T01:21:36.130000;8cc522a2-021f-4c73-8600-1480d54730ba;370.21;0.124;SELL
2016-02-04T01:21:31.770000;2016-02-04T01:21:36.130000;9aa7365d-3ae2-4df9-9463-4e1a5863a6aa;370.2;0.095;SELL
2016-02-04T01:21:31.770000;2016-02-04T01:21:36.130000;fda21deb-7845-4304-afd7-6eb005975aba;370.19;0.124;SELL
2016-02-04T01:21:31.770000;2016-02-04T01:21:36.130000;da773f8e-1d89-4866-9007-cc53626d058d;370.17;0.87364;SELL
2016-02-04T01:22:01.713000;2016-02-04T01:22:02.927000;3288ca37-048b-4d65-9127-cc83093e2d72;370.39;0.01;SELL
2016-02-04T01:22:01.713000;2016-02-04T01:22:02.927000;3305183a-0327-4b25-a222-d7bd13a1d608;370.39;0.94086;SELL
2016-02-04T01:22:31.650000;2016-02-04T01:22:31.863000;8cf5971d-6886-4d0b-b2a8-82f5de897cfc;370.4;0.01;BUY
2016-02-04T01:22:31.650000;2016-02-04T01:22:31.863000;5a0cb75f-1d74-4db8-84b2-648380238da8;370.41;0.01;BUY
2016-02-04T01:22:31.650000;2016-02-04T01:22:31.863000;705108fe-3ca7-4144-a1d8-acc5d1f707a7;370.42;0.01;BUY
2016-02-04T01:22:31.650000;2016-02-04T01:22:31.863000;2cc5351d-e294-4b8e-bc98-30987521ce48;370.42;0.115;BUY
2016-02-04T01:22:31.650000;2016-02-04T01:22:31.863000;fd9ec41e-580b-4263-aac9-009c0c38fb8e;370.43;0.01;BUY
2016-02-04T01:22:31.650000;2016-02-04T01:22:31.880000;40cbcc78-27c3-4a17-8f24-6a39099615d8;370.43;0.01;BUY
2016-02-04T01:22:31.650000;2016-02-04T01:22:31.880000;7744f11d-d046-40cb-bd58-64a8bd9a245f;370.44;0.01;BUY
2016-02-04T01:22:31.653000;2016-02-04T01:22:31.880000;8622aad3-3511-499c-9df8-e0935d592fcf;370.45;0.01;BUY
2016-02-04T01:22:31.653000;2016-02-04T01:22:31.957000;49e33f31-11c2-4b2a-82bf-921ec8792e62;370.45;0.06295;BUY
2016-02-04T01:23:01.740000;2016-02-04T01:23:03.677000;6578e97d-df8a-4954-afd3-df6061afc918;370.44;0.5;SELL
2016-02-04T01:23:01.740000;2016-02-04T01:23:03.770000;4573ead7-176b-4ec3-b5ed-8c35e3fab98e;370.44;0.0610978;SELL
2016-02-04T01:23:01.740000;2016-02-04T01:23:03.787000;635b0204-2844-4bc6-8143-2c195e7f46f2;370.44;0.25;SELL
2016-02-04T01:23:01.740000;2016-02-04T01:23:03.787000;b8ecc029-1ef2-4bfd-a0c4-da7a0d77c74d;370.44;1.3;SELL
2016-02-04T01:23:01.740000;2016-02-04T01:23:03.787000;6681672f-1754-42fd-be16-e5effa504c83;370.43;0.01;SELL
2016-02-04T01:23:01.740000;2016-02-04T01:23:03.787000;c765070c-f448-4af4-9395-b9cf23f0afed;370.42;0.01;SELL
2016-02-04T01:23:01.743000;2016-02-04T01:23:03.787000;3f13683b-be22-48a0-bc6e-d8cf6a5f7448;370.42;0.01;SELL
2016-02-04T01:23:01.743000;2016-02-04T01:23:03.787000;19123c97-6231-4e38-989e-854631f32169;370.41;0.01;SELL
2016-02-04T01:23:01.743000;2016-02-04T01:23:03.787000;642b9dc7-dee7-4dbf-96f9-729b15f095a6;370.4;0.01;SELL
2016-02-04T01:23:01.743000;2016-02-04T01:23:03.787000;3cb31858-0988-4d1a-abb7-58df4125a929;370.38;0.01;SELL
2016-02-04T01:23:01.743000;2016-02-04T01:23:03.787000;59096080-e3dd-4c7f-898d-7e0ae85d3677;370.37;0.01;SELL
2016-02-04T01:23:01.743000;2016-02-04T01:23:03.940000;72caaf7c-08f5-422a-a8d7-fa24bc8318b6;370.37;0.503;SELL
2016-02-04T01:23:01.743000;2016-02-04T01:23:03.957000;1e105fc8-2291-4def-aa46-caa32933ba77;370.36;0.01;SELL
2016-02-04T01:23:01.743000;2016-02-04T01:23:03.957000;530ba3d9-b1b4-4668-8b40-29a73cefe7ec;370.35;1.0498722;SELL
2016-02-04T01:23:13.043000;2016-02-04T01:23:15.253000;5ae2fe98-9ffe-4d31-8869-114e2e35a2c0;370.42;0.01;BUY
2016-02-04T01:23:13.043000;2016-02-04T01:23:15.253000;66410d45-664a-44e8-adce-7e3b705e11b9;370.42;0.104;BUY
2016-02-04T01:23:13.043000;2016-02-04T01:23:15.253000;865113e3-8fa5-464a-954a-5e48d9950088;370.43;0.01;BUY
2016-02-04T01:23:13.043000;2016-02-04T01:23:15.253000;f5de313e-bb30-45cd-a904-38007e3f7539;370.44;0.01;BUY
2016-02-04T01:23:13.043000;2016-02-04T01:23:15.253000;6a210d3f-afa7-4ebc-ad9c-ed842b1cee9f;370.44;0.01;BUY
2016-02-04T01:23:13.043000;2016-02-04T01:23:15.253000;9c3a92a6-0732-404f-b9ed-f743eed16cbe;370.45;0.01;BUY
2016-02-04T01:23:13.043000;2016-02-04T01:23:15.253000;751ae010-fd10-498a-a42a-cdeeb6da7a03;370.45;0.01;BUY
2016-02-04T01:23:13.043000;2016-02-04T01:23:15.253000;6f3a7303-ffc7-4027-bb24-630746efe2b8;370.45;0.01;BUY
2016-02-04T01:23:13.043000;2016-02-04T01:23:15.253000;4d361555-7fbe-4c0b-b81b-9264fd929da9;370.45;0.126;BUY
2016-02-04T01:23:13.043000;2016-02-04T01:23:15.253000;701617ba-cfae-4045-a077-c987daa4ddf9;370.48;0.097;BUY
2016-02-04T01:23:13.047000;2016-02-04T01:23:15.253000;133f0ec8-daa7-4a5c-b29f-734f9fbb52ac;370.49;0.10000516;BUY
2016-02-04T01:23:13.047000;2016-02-04T01:23:15.253000;fada1838-e37e-4da1-a58f-c8cb13c8aeff;370.5;0.01;BUY
2016-02-04T01:23:13.047000;2016-02-04T01:23:15.253000;5160a1a8-b5a9-42ec-b981-7e77d4b4d5f1;370.5;0.02;BUY
2016-02-04T01:23:13.047000;2016-02-04T01:23:15.253000;a32af76a-c808-41f5-a44d-6e9c288a83bc;370.5;0.1245811;BUY
2016-02-04T01:23:13.047000;2016-02-04T01:23:15.333000;e30efb38-cf15-4b0a-b13b-77f3beaaba6b;370.5;0.09841374;BUY
2016-02-04T01:23:31.687000;2016-02-04T01:23:36.987000;6a342bb8-7234-489e-a160-e67384d8e4f6;370.46;0.01;BUY
2016-02-04T01:23:31.687000;2016-02-04T01:23:36.987000;d8da149a-b25c-4f71-a596-581fce0b2b76;370.46;0.092;BUY
2016-02-04T01:23:31.687000;2016-02-04T01:23:36.987000;e24066b6-9cf8-49b7-a7da-f8a4ed3e27b9;370.47;0.01;BUY
2016-02-04T01:23:31.687000;2016-02-04T01:23:36.987000;9c9c80fe-5469-41df-a914-eb5c2d64cab2;370.48;0.01;BUY
2016-02-04T01:23:31.687000;2016-02-04T01:23:36.987000;de05c742-3925-4d59-bcb8-86fcf68aca20;370.49;0.03831;BUY
2016-02-04T01:23:48.410000;2016-02-04T01:23:48.800000;5222dfab-c946-4fcc-bf03-2f66de82a888;370.48;0.01;BUY
2016-02-04T01:23:48.410000;2016-02-04T01:23:48.957000;f632aedb-ee96-4f79-97c1-1082cb0fd349;370.48;0.080109;BUY
2016-02-04T01:23:53.570000;2016-02-04T01:23:53.583000;3bb04570-f1e5-40bf-829a-a0b7225e536a;370.48;0.2;BUY
2016-02-04T01:24:01.670000;2016-02-04T01:24:02.067000;2d20ae3f-6954-45ac-8d44-e136a7f5309d;370.49;1.829;BUY
2016-02-04T01:24:01.670000;2016-02-04T01:24:02.067000;bf1001a6-f86a-49a3-802d-1e3de39154fc;370.5;1.45426;BUY
2016-02-04T01:24:31.643000;2016-02-04T01:24:31.660000;722e8456-1ab6-465b-975b-3661e9c49c57;370.48;0.25;SELL
2016-02-04T01:24:31.643000;2016-02-04T01:24:31.677000;90d10a70-c24a-49b4-b19d-3ddd53c67e7e;370.48;0.268;SELL
2016-02-04T01:24:31.643000;2016-02-04T01:24:31.847000;cb631664-06d8-4275-a3f5-bef5a75137a3;370.48;0.267;SELL
2016-02-04T01:24:31.643000;2016-02-04T01:24:31.893000;e2185869-313d-48c7-9b06-3f4f776e8a95;370.48;0.268;SELL
2016-02-04T01:24:31.643000;2016-02-04T01:24:31.927000;4bda168b-9a12-42da-8019-32ed1d838350;370.48;0.268;SELL
2016-02-04T01:24:31.643000;2016-02-04T01:24:31.927000;92b0135e-4abf-458e-9804-dca5cad737df;370.48;0.268;SELL
2016-02-04T01:24:31.643000;2016-02-04T01:24:31.927000;e2f032e1-3bcd-4ef6-9337-893826c01d74;370.48;0.267;SELL
2016-02-04T01:24:31.643000;2016-02-04T01:24:31.927000;f2f79d4e-65e2-4277-8b49-737b29a8c7f2;370.48;0.268;SELL
2016-02-04T01:24:31.643000;2016-02-04T01:24:31.927000;950053e0-4cbc-4ce2-9a6c-65c3bd9864f1;370.48;0.268;SELL
2016-02-04T01:24:31.643000;2016-02-04T01:24:31.927000;6dfe0e29-974a-4c5e-955b-9b654a6eca92;370.48;0.268;SELL
2016-02-04T01:24:31.643000;2016-02-04T01:24:31.927000;d20fb8d0-2962-42be-8395-3e40d887fd63;370.48;0.09324;SELL
2016-02-04T01:24:34.100000;2016-02-04T01:24:34.113000;7e4285c3-5866-4ba2-b1ee-cf14f57bd248;370.49;0.7;BUY
2016-02-04T01:24:44.807000;2016-02-04T01:24:46.317000;193b3cac-fd1f-41fd-8027-affb39dc25a0;370.49;1.0;SELL
2016-02-04T01:25:02.513000;2016-02-04T01:25:02.567000;b5f429aa-04bb-42fc-a389-00f33a1f6f14;370.49;0.66367;BUY
2016-02-04T01:25:19.337000;2016-02-04T01:25:21.020000;62442781-04fe-4c12-87a8-75d522e262e4;370.5;5.44732626;BUY
2016-02-04T01:25:19.337000;2016-02-04T01:25:21.020000;797aa51e-3b27-412d-936a-7d03028d507f;370.5;4.35367374;BUY
2016-02-04T01:26:01.580000;2016-02-04T01:26:01.597000;0c32311e-fa80-46d3-a00e-d3c066847c67;370.5;14.6643;BUY
2016-02-04T01:26:01.597000;2016-02-04T01:26:01.677000;96c8b765-f717-4616-9729-e59028ebe356;370.5;0.7;BUY
2016-02-04T01:26:31.647000;2016-02-04T01:26:31.660000;f2a0209f-45d9-4874-95f9-c5be1e160b17;370.5;0.15564;BUY
2016-02-04T01:27:01.587000;2016-02-04T01:27:01.613000;9eb2601f-1d5f-4cfa-aa7c-1221faf6399c;370.49;0.17038;SELL
2016-02-04T01:27:04.373000;2016-02-04T01:27:04.740000;337ce137-0b66-4913-a0ef-f5b02983e12d;370.5;5.12638626;BUY
2016-02-04T01:27:04.373000;2016-02-04T01:27:04.740000;1b29d16a-b48d-435c-a930-7e0a293dab97;370.5;1.604;BUY
2016-02-04T01:27:31.920000;2016-02-04T01:27:35.083000;a4706631-93d3-4eae-9b00-a6bf8f5d49c7;370.55;0.01;BUY
2016-02-04T01:27:31.920000;2016-02-04T01:27:35.113000;558da119-5ba3-4a45-8764-7688c5b3bf25;370.55;0.01;BUY
2016-02-04T01:27:31.920000;2016-02-04T01:27:35.113000;f646540e-10d1-4956-adab-cc38ec35dbd9;370.6;0.01;BUY
2016-02-04T01:27:31.920000;2016-02-04T01:27:35.113000;c51f3897-5b92-40a8-93ff-b44a83dc365e;370.6;0.02;BUY
2016-02-04T01:27:31.920000;2016-02-04T01:27:35.113000;3c7340af-1fc2-4d0c-8ffe-30439e449f23;370.61;0.107;BUY
2016-02-04T01:27:31.920000;2016-02-04T01:27:35.113000;ee0b7168-f463-461b-ab67-10a1c4c94797;370.64;0.09;BUY
2016-02-04T01:27:31.920000;2016-02-04T01:27:35.113000;ee01656e-29fa-4308-b93d-d2ba1b562dca;370.65;0.02;BUY
2016-02-04T01:27:31.923000;2016-02-04T01:27:35.113000;8aebbc99-4993-4c28-b458-129ea12b5838;370.67;0.4;BUY
2016-02-04T01:27:31.923000;2016-02-04T01:27:35.113000;6a94f487-fed0-45a9-bd9a-8aee87edc064;370.68;1.625;BUY
2016-02-04T01:27:31.923000;2016-02-04T01:27:35.113000;5ea325d1-264b-4e5b-b40e-6878d78e3cad;370.7;0.01;BUY
2016-02-04T01:27:31.923000;2016-02-04T01:27:35.113000;d25cde30-da8b-40b7-bd77-b02f9422e5de;370.7;1.0;BUY
2016-02-04T01:27:31.923000;2016-02-04T01:27:35.113000;7f4cab63-437f-4f5c-83ef-77b3a16771b3;370.71;1.657;BUY
2016-02-04T01:27:31.923000;2016-02-04T01:27:35.113000;21293977-a7a6-40d6-bab8-d34078c9e0e5;370.73;0.36582;BUY
2016-02-04T01:28:01.747000;2016-02-04T01:28:01.923000;9e71174b-32bf-43a3-a4a7-58045127bdc1;370.75;0.02;BUY
2016-02-04T01:28:01.747000;2016-02-04T01:28:02.127000;7118513d-ce66-4288-9473-65ca12184367;370.75;0.848;BUY
2016-02-04T01:28:01.747000;2016-02-04T01:28:02.127000;047d6466-2cb7-4326-90d6-1aab26d2c791;370.77;1.622;BUY
2016-02-04T01:28:01.747000;2016-02-04T01:28:02.127000;b02a8720-9c92-4f8c-9d54-b75dec0f9373;370.8;0.02;BUY
2016-02-04T01:28:01.747000;2016-02-04T01:28:02.127000;66695598-8268-4cec-a7d2-8438d2adf774;370.8;0.58673;BUY
2016-02-04T01:28:31.587000;2016-02-04T01:28:32.330000;7c573333-3349-4c46-8905-b551360dc0c0;370.83;0.40137;BUY
2016-02-04T01:28:36.447000;2016-02-04T01:28:37.220000;736bd290-9090-45da-a05d-7bcabf0e47e0;370.85;0.01;BUY
2016-02-04T01:28:36.447000;2016-02-04T01:28:37.220000;abad10c4-f27a-4efa-bdbd-d90c51813379;370.85;0.02;BUY
2016-02-04T01:28:36.447000;2016-02-04T01:28:37.220000;a4ca779d-3331-4716-bdfc-3d2ceaef18d8;370.85;0.02;BUY
2016-02-04T01:28:36.447000;2016-02-04T01:28:37.220000;f13c4823-5620-4b5d-bb2e-f28f8982d40d;370.89;0.264;BUY
2016-02-04T01:28:44.600000;2016-02-04T01:28:44.783000;0ffa2698-bf69-4fce-870a-e88f8e71d55c;370.89;0.01;BUY
2016-02-04T01:29:01.627000;2016-02-04T01:29:08.517000;22da4c88-ea15-4bd5-a40f-c4f3be836871;370.89;0.4215;BUY
2016-02-04T01:29:01.627000;2016-02-04T01:29:08.517000;87f69f42-c5e1-4a35-adb0-cad50f6cdb91;370.9;0.01;BUY
2016-02-04T01:29:01.627000;2016-02-04T01:29:08.517000;93909b39-60d6-45c7-a954-c3c6ee6656f3;370.92;0.082;BUY
2016-02-04T01:29:01.627000;2016-02-04T01:29:08.517000;805c89a3-4c45-43ab-8102-dad52392ebe6;370.95;0.01;BUY
2016-02-04T01:29:01.627000;2016-02-04T01:29:08.517000;620a00c1-3d6e-4b02-b0ed-dc0e7834ccd8;370.95;0.02;BUY
2016-02-04T01:29:01.627000;2016-02-04T01:29:08.517000;24384378-7a15-46d5-aa2c-f5f69254a796;370.95;0.01;BUY
2016-02-04T01:29:01.630000;2016-02-04T01:29:08.517000;2b0e64a6-ce90-48e9-a8b5-6eb9d0697054;370.95;0.02;BUY
2016-02-04T01:29:01.630000;2016-02-04T01:29:08.517000;8d9cfa85-9fe7-4cd6-a7c7-303388c395e7;370.97;0.03563;BUY
2016-02-04T01:29:02.473000;2016-02-04T01:29:09.003000;d5e4a0c6-da5b-45a1-87a4-9d319902902f;370.98;0.161;BUY
2016-02-04T01:29:02.473000;2016-02-04T01:29:09.003000;031f889a-877d-432a-8a2f-7666c3978a5b;371.0;0.01;BUY
2016-02-04T01:29:02.473000;2016-02-04T01:29:09.003000;55be8bc4-0044-4dc9-931a-98ea25c8f1b7;371.0;0.01003;BUY
2016-02-04T01:29:02.473000;2016-02-04T01:29:09.003000;f25a63bc-0950-4876-b45d-15c3efd47ae3;371.0;0.01;BUY
2016-02-04T01:29:02.473000;2016-02-04T01:29:09.003000;4b9e610b-0cab-4262-be52-fdf801b9e18d;371.01;0.135;BUY
2016-02-04T01:29:02.473000;2016-02-04T01:29:09.003000;d2dc1a55-70b3-4184-92c6-8c8c20debfb8;371.04;0.161;BUY
2016-02-04T01:29:02.473000;2016-02-04T01:29:09.003000;a87b1b78-0345-4e48-8176-1304d229f05b;371.07;0.162;BUY
2016-02-04T01:29:02.473000;2016-02-04T01:29:09.003000;bdb34d0d-c002-4d1f-86a6-6b58118559ab;371.1;0.02;BUY
2016-02-04T01:29:02.473000;2016-02-04T01:29:09.003000;5c79445b-3962-44a1-a376-9db1cdefd10c;371.1;0.02;BUY
2016-02-04T01:29:02.473000;2016-02-04T01:29:09.003000;9aca602f-a071-41f5-99f2-2edb66370e97;371.1;0.139;BUY
2016-02-04T01:29:02.473000;2016-02-04T01:29:09.003000;321d4a8d-084b-4689-9e64-97bf5754ab81;371.11;0.02;BUY
2016-02-04T01:29:02.473000;2016-02-04T01:29:09.003000;0dae9ba8-77bb-4449-8625-13dfc435e2f0;371.13;0.14932684;BUY
2016-02-04T01:29:11.513000;2016-02-04T01:29:12.690000;5210f0cd-bc44-4dd9-8e6e-d7d9a59c0586;371.19;0.096;BUY
2016-02-04T01:29:11.513000;2016-02-04T01:29:12.690000;e0b9bc34-c7c1-4b2f-b32c-844bde6eac18;371.21;0.26594;BUY
2016-02-04T01:29:11.513000;2016-02-04T01:29:12.690000;2c56dfdc-cdb8-40c6-8ce9-743c6e2d5770;371.22;0.13;BUY
2016-02-04T01:29:11.517000;2016-02-04T01:29:12.690000;a205e85a-7ff4-4776-89d9-c07bbdcbd7b8;371.25;0.088;BUY
2016-02-04T01:29:11.517000;2016-02-04T01:29:12.690000;97422d1c-a144-477c-a64b-ca9d48da3597;371.26;0.3883162;BUY
2016-02-04T01:29:11.517000;2016-02-04T01:29:12.690000;3a0748a7-8716-4eee-9f4f-b7ad9be5febe;371.28;0.105;BUY
2016-02-04T01:29:11.517000;2016-02-04T01:29:12.690000;9d0e616f-286c-4758-aaee-0b8d28751e86;371.3;0.01;BUY
2016-02-04T01:29:11.517000;2016-02-04T01:29:12.783000;cf98ec07-9d6c-42f7-94d8-1f7ee3521d6d;371.3;0.5;BUY
2016-02-04T01:29:11.517000;2016-02-04T01:29:12.800000;cc770198-bf2c-48a6-8e89-e1e424fd3aa4;371.31;0.099;BUY
2016-02-04T01:29:11.517000;2016-02-04T01:29:12.800000;00e75a35-5634-4ef9-8ce9-4b9c4cbc5548;371.32;0.2;BUY
2016-02-04T01:29:11.517000;2016-02-04T01:29:12.800000;32217d92-042c-4ce6-9f6f-6cc1de1a5055;371.33;1.0;BUY
2016-02-04T01:29:11.517000;2016-02-04T01:29:12.800000;865b9172-418f-4fde-b33e-88a893d9b7a6;371.34;0.139;BUY
2016-02-04T01:29:11.517000;2016-02-04T01:29:12.800000;d9809cd0-fe89-4b3e-9807-4d03e11dc171;371.34;0.6;BUY
2016-02-04T01:29:11.517000;2016-02-04T01:29:12.800000;c7ca12a8-3d54-4a21-8c2e-1452906549f3;371.35;0.02;BUY
2016-02-04T01:29:11.517000;2016-02-04T01:29:12.800000;f23d092b-92a9-4344-8a66-5e181b7a3551;371.36;3.4;BUY
2016-02-04T01:29:11.517000;2016-02-04T01:29:12.800000;60d844b7-b2e1-4b3c-aa4c-d3468f9a6983;371.37;0.088;BUY
2016-02-04T01:29:11.517000;2016-02-04T01:29:12.800000;4d98c45c-37f1-476c-b0a0-b85899e85cfa;371.38;5.2;BUY
2016-02-04T01:29:11.517000;2016-02-04T01:29:12.800000;b41ed213-efda-46b2-9bf6-3a4840781432;371.39;0.4;BUY
2016-02-04T01:29:11.517000;2016-02-04T01:29:12.800000;28c27db0-92a2-4138-a57b-bb78d67c758d;371.39;5.58164299;BUY
2016-02-04T01:29:31.640000;2016-02-04T01:29:31.893000;6cf30b65-34ba-47b1-9eb6-4abce389083d;371.35;0.01;SELL
2016-02-04T01:29:31.640000;2016-02-04T01:29:31.923000;c814c40b-8a77-4c9e-b6c4-5ab332e4041c;371.16;0.00845;SELL
