time_exchange;time_coinpai;guid;price;base_amount;taker_side
2016-02-04T00:00:09.000000;2016-02-04T00:00:09.000000;12f43c7d-192a-4f72-9dea-f7b5a0b4f659;369.0;0.02686056;UNKNOWN
2016-02-04T00:00:09.000000;2016-02-04T00:00:09.000000;ce0223a7-8cf3-415d-839e-db5a9ad54838;369.0;0.034333;UNKNOWN
2016-02-04T00:00:21.000000;2016-02-04T00:00:21.000000;25510219-7afc-4b10-9b96-343a81004ef7;368.78;1.0520469;UNKNOWN
2016-02-04T00:00:22.000000;2016-02-04T00:00:22.000000;1c26c140-7670-47f7-9c87-f2e2b82c56fe;368.99;8.0;UNKNOWN
2016-02-04T00:00:55.000000;2016-02-04T00:00:55.000000;92bb0c5f-5b95-414b-9260-48e8b07a510b;368.66;0.13365208;UNKNOWN
2016-02-04T00:01:40.000000;2016-02-04T00:01:40.000000;9e47d732-f6e2-4951-80b6-2fcb23b06378;368.68;0.68953796;UNKNOWN
2016-02-04T00:02:48.000000;2016-02-04T00:02:48.000000;073bc48e-514d-4bf2-b530-0afb26ba627f;368.78;0.4;UNKNOWN
2016-02-04T00:03:17.000000;2016-02-04T00:03:17.000000;49d1b927-4d9f-417a-99b9-0ab370cd509e;368.73;1.7530567;UNKNOWN
2016-02-04T00:04:22.000000;2016-02-04T00:04:22.000000;b1c54352-d8d5-4b3a-b6dd-afbd1ba36f40;368.66;0.0513;UNKNOWN
2016-02-04T00:04:22.000000;2016-02-04T00:04:22.000000;4c57b487-3828-4bb3-8765-1ee0a9ff9c3a;368.66;0.0316;UNKNOWN
2016-02-04T00:04:23.000000;2016-02-04T00:04:23.000000;a1545420-8a5b-4720-ab2c-2ff4340fe17b;368.66;0.1345;UNKNOWN
2016-02-04T00:04:23.000000;2016-02-04T00:04:23.000000;d16d6f8d-7752-402a-89d5-9e7550f291ed;368.66;0.0831;UNKNOWN
2016-02-04T00:05:02.000000;2016-02-04T00:05:02.000000;a8016aaf-8215-40e6-b40e-861b7a97b5a8;368.66;0.1;UNKNOWN
2016-02-04T00:05:11.000000;2016-02-04T00:05:11.000000;d9a85dd1-6873-4b60-b7a1-e959b62786b6;368.66;0.098;UNKNOWN
2016-02-04T00:05:15.000000;2016-02-04T00:05:15.000000;916059d0-2b9a-46e8-8e4b-cc91c66685a5;368.66;0.1415;UNKNOWN
2016-02-04T00:05:56.000000;2016-02-04T00:05:56.000000;e75e3673-68c6-4113-81df-9c3373fc0920;368.67;1.0;UNKNOWN
2016-02-04T00:06:14.000000;2016-02-04T00:06:14.000000;1ad1ee1e-02d8-4048-9083-09d9bb5d3beb;368.65;0.1415;UNKNOWN
2016-02-04T00:06:16.000000;2016-02-04T00:06:16.000000;16a7b4a9-6086-43a2-9f3f-065c5c00efaa;368.65;0.54347957;UNKNOWN
2016-02-04T00:06:52.000000;2016-02-04T00:06:52.000000;a041bef6-cc5e-44d2-a275-91ce125dd1fd;368.65;0.22;UNKNOWN
2016-02-04T00:07:00.000000;2016-02-04T00:07:00.000000;b70d9a12-9bd5-4ab2-bd2b-6435136d9b1a;368.65;0.01;UNKNOWN
2016-02-04T00:07:09.000000;2016-02-04T00:07:09.000000;51875d53-c821-41d2-bcf0-208213eb781a;368.65;0.06212377;UNKNOWN
2016-02-04T00:08:41.000000;2016-02-04T00:08:41.000000;6d4ab21d-1e1d-4c9c-9c7a-21807d69db08;368.65;2.0;UNKNOWN
2016-02-04T00:08:47.000000;2016-02-04T00:08:47.000000;6b73547a-2b13-48e2-97d0-deb62b5cd7b3;368.65;1.72984296;UNKNOWN
2016-02-04T00:11:08.000000;2016-02-04T00:11:08.000000;cfd68ea9-a1c4-4cf9-8540-b32ca7782288;368.83;20.48;UNKNOWN
2016-02-04T00:11:50.000000;2016-02-04T00:11:50.000000;ec8052a6-34c7-4053-8e3f-4256091d6b50;368.84;0.01;UNKNOWN
2016-02-04T00:12:14.000000;2016-02-04T00:12:14.000000;244dfa3d-5e7e-4a97-8dc5-f1149d6671c8;368.99;17.0;UNKNOWN
2016-02-04T00:12:25.000000;2016-02-04T00:12:25.000000;6c3e5dc2-bce1-4c68-8caa-85dbae228158;368.99;0.49763946;UNKNOWN
2016-02-04T00:13:06.000000;2016-02-04T00:13:06.000000;e7f87469-112b-43bf-a77b-b07cabeb3fd6;368.98;0.25;UNKNOWN
2016-02-04T00:13:06.000000;2016-02-04T00:13:06.000000;35eed12b-2926-405d-88ac-0424c63c3086;369.0;0.936;UNKNOWN
2016-02-04T00:13:06.000000;2016-02-04T00:13:06.000000;994bc127-7795-4e0c-a7d2-9b5fa5e22626;369.0;0.07313944;UNKNOWN
2016-02-04T00:13:06.000000;2016-02-04T00:13:06.000000;27973c99-34eb-4a07-9c78-eaa7fa05049f;369.0;1.0;UNKNOWN
2016-02-04T00:13:06.000000;2016-02-04T00:13:06.000000;6ee95bfc-fe89-4c1c-8994-8217d5189773;369.0;0.5;UNKNOWN
2016-02-04T00:13:06.000000;2016-02-04T00:13:06.000000;018b7b3b-1a3a-44b5-96ff-c385a794052f;369.0;2.24086056;UNKNOWN
2016-02-04T00:14:51.000000;2016-02-04T00:14:51.000000;1f392ac2-8f3d-4669-8c89-31fce38918f4;369.0;0.07;UNKNOWN
2016-02-04T00:14:51.000000;2016-02-04T00:14:51.000000;25a9c75a-d7df-4744-bc59-a5066e61ed5f;369.0;0.02;UNKNOWN
2016-02-04T00:14:51.000000;2016-02-04T00:14:51.000000;03562fc0-d4d5-40a5-b0c3-57fe57344e5c;369.0;22.75913944;UNKNOWN
2016-02-04T00:14:51.000000;2016-02-04T00:14:51.000000;b799e758-0fcd-47dd-a53e-52a04be8389b;369.0;0.1646348;UNKNOWN
2016-02-04T00:14:51.000000;2016-02-04T00:14:51.000000;184a9841-7a6b-4a98-82fe-a36bc0467e1c;369.0;0.01;UNKNOWN
2016-02-04T00:15:23.000000;2016-02-04T00:15:23.000000;9a0573ef-0860-438c-be9b-72a32d38c76d;369.01;0.25;UNKNOWN
2016-02-04T00:15:35.000000;2016-02-04T00:15:35.000000;2f1d40c2-5451-4618-9380-1eae29c22a98;369.03;0.013;UNKNOWN
2016-02-04T00:16:40.000000;2016-02-04T00:16:40.000000;f8e782a7-d394-4a4b-b890-89d59ab2db3e;369.04;0.01;UNKNOWN
2016-02-04T00:16:40.000000;2016-02-04T00:16:40.000000;59a97368-a3e2-4996-9e8b-e6057363bea7;369.1;10.0;UNKNOWN
2016-02-04T00:16:40.000000;2016-02-04T00:16:40.000000;a0d6b60d-f78b-4500-939f-e892140a62dd;369.17;0.1;UNKNOWN
2016-02-04T00:16:40.000000;2016-02-04T00:16:40.000000;c96bb94b-8c5f-4db2-a030-853410b1fbde;369.08;0.5;UNKNOWN
2016-02-04T00:16:40.000000;2016-02-04T00:16:40.000000;6a776add-f2b8-45dd-a240-c7b772eb82c7;369.08;3.0;UNKNOWN
2016-02-04T00:16:40.000000;2016-02-04T00:16:40.000000;24c0f563-387d-4a93-8730-6940af5e6287;369.03;0.24;UNKNOWN
2016-02-04T00:16:40.000000;2016-02-04T00:16:40.000000;f424fcbb-dcbc-4334-8af6-70a4fd95e953;369.18;2.55;UNKNOWN
2016-02-04T00:17:48.000000;2016-02-04T00:17:48.000000;809be9b9-9f0b-4011-85c5-b698546bb38d;369.0;2.0;UNKNOWN
2016-02-04T00:17:57.000000;2016-02-04T00:17:57.000000;a71c7295-4c3a-45f7-9255-44b150ff77ae;369.05;0.03205894;UNKNOWN
2016-02-04T00:18:08.000000;2016-02-04T00:18:08.000000;b608b785-faec-4819-b9a2-747aa6233e61;369.24;0.01;UNKNOWN
2016-02-04T00:18:08.000000;2016-02-04T00:18:08.000000;33ed66a0-292b-4eb7-8a42-6b081d1246d0;369.39;0.23654618;UNKNOWN
2016-02-04T00:18:08.000000;2016-02-04T00:18:08.000000;f30a49f2-6c9a-4d57-9f9a-acac94469dfb;369.34;0.05;UNKNOWN
2016-02-04T00:18:08.000000;2016-02-04T00:18:08.000000;86fbd08a-8ce9-4669-bc48-6d94c952012b;369.38;0.5;UNKNOWN
2016-02-04T00:19:31.000000;2016-02-04T00:19:31.000000;1ec9fbd9-573f-4c33-a8be-834e81de150e;369.11;0.5;UNKNOWN
2016-02-04T00:19:36.000000;2016-02-04T00:19:36.000000;3888deea-a5cb-4ebf-9b7f-068e0507e876;369.04;6.6;UNKNOWN
2016-02-04T00:20:35.000000;2016-02-04T00:20:35.000000;895e592f-ff3c-4285-a518-1baa0ccd3471;369.02;0.31;UNKNOWN
2016-02-04T00:21:08.000000;2016-02-04T00:21:08.000000;df7e0ef4-5339-4327-818e-b3955f50021b;369.11;0.5;UNKNOWN
2016-02-04T00:21:17.000000;2016-02-04T00:21:17.000000;72cac864-7162-4fbb-b17b-e1ed997f7820;369.02;0.3;UNKNOWN
2016-02-04T00:23:05.000000;2016-02-04T00:23:05.000000;f969b437-d681-442c-b148-a29b7a3ef3df;369.18;1.7777;UNKNOWN
2016-02-04T00:23:05.000000;2016-02-04T00:23:05.000000;59cdf57e-da95-4329-9510-eb86994cf84b;369.18;6.7223;UNKNOWN
2016-02-04T00:23:05.000000;2016-02-04T00:23:05.000000;cb217397-e6a5-43a9-87d0-81ec4d954634;369.05;1.5;UNKNOWN
2016-02-04T00:23:48.000000;2016-02-04T00:23:48.000000;47ff1909-0de3-42ac-9122-a6b66be38f6a;369.12;2.260288;UNKNOWN
2016-02-04T00:25:06.000000;2016-02-04T00:25:06.000000;34034a5d-c068-40b6-97e3-f99ce31e3a67;369.25;0.25;UNKNOWN
2016-02-04T00:25:06.000000;2016-02-04T00:25:06.000000;43acdb5d-f052-4290-a863-05df263cfacf;369.39;0.1476042;UNKNOWN
2016-02-04T00:27:12.000000;2016-02-04T00:27:12.000000;781bc47e-7228-4f70-84f5-d5e685c973ad;369.32;0.5;UNKNOWN
2016-02-04T00:28:06.000000;2016-02-04T00:28:06.000000;9978cba7-b6c2-412f-a38a-d0f5ff234f5c;369.33;0.23843497;UNKNOWN
2016-02-04T00:31:15.000000;2016-02-04T00:31:15.000000;e5bb5a72-325a-438c-a8f5-4d5dcfe5543f;369.32;2.26;UNKNOWN
2016-02-04T00:33:42.000000;2016-02-04T00:33:42.000000;99625004-2e36-4e97-b634-489542646777;369.31;3.97909648;UNKNOWN
2016-02-04T00:33:42.000000;2016-02-04T00:33:42.000000;0bded06a-98d0-4117-8f3b-f0026a931acf;369.25;3.98041635;UNKNOWN
2016-02-04T00:33:42.000000;2016-02-04T00:33:42.000000;38109663-df8d-40d5-bdea-45dcf21ae5e1;369.18;3.98041635;UNKNOWN
2016-02-04T00:33:42.000000;2016-02-04T00:33:42.000000;b65cfe86-f2aa-4ef0-a6f2-4c387a3d05a0;369.26;6.76;UNKNOWN
2016-02-04T00:33:42.000000;2016-02-04T00:33:42.000000;d1d5b1ab-9402-4513-b23a-d4dfd79f62fe;369.32;0.098;UNKNOWN
2016-02-04T00:33:42.000000;2016-02-04T00:33:42.000000;28ea7964-b810-4c95-98cc-3e0849d64d58;369.18;1.16338544;UNKNOWN
2016-02-04T00:33:44.000000;2016-02-04T00:33:44.000000;a846d3da-8f3d-40b7-8bac-1b37ea12b1d7;369.04;0.12409036;UNKNOWN
2016-02-04T00:33:44.000000;2016-02-04T00:33:44.000000;7d1a26bb-fc7f-432d-b7dc-959520e97a7c;369.03;3.78908817;UNKNOWN
2016-02-04T00:33:44.000000;2016-02-04T00:33:44.000000;c9497b08-ae1b-41b7-8b7d-9da2b74f369f;369.1;3.98052198;UNKNOWN
2016-02-04T00:33:44.000000;2016-02-04T00:33:44.000000;9477d18d-5b5a-449e-82f3-8fc5394dd1ba;369.11;2.0;UNKNOWN
2016-02-04T00:33:44.000000;2016-02-04T00:33:44.000000;8b6fc65e-6800-4d64-8f58-ea07a707974f;369.15;2.0;UNKNOWN
2016-02-04T00:35:20.000000;2016-02-04T00:35:20.000000;53b89e3d-9c02-4bc3-828c-41bd2014661a;369.14;1.0;UNKNOWN
2016-02-04T00:35:22.000000;2016-02-04T00:35:22.000000;698af64b-b029-4359-919e-ea764b51a95f;369.11;6.6945;UNKNOWN
2016-02-04T00:36:05.000000;2016-02-04T00:36:05.000000;639290fe-4d08-4ab4-9bdc-d22022ade63b;369.1;0.0492;UNKNOWN
2016-02-04T00:37:57.000000;2016-02-04T00:37:57.000000;24e84a9a-eab7-40c7-be9c-a3ed4d0ba8ef;369.09;0.03;UNKNOWN
2016-02-04T00:38:24.000000;2016-02-04T00:38:24.000000;a29ff779-7061-4ce1-904a-459d0db92e31;369.09;3.4273;UNKNOWN
2016-02-04T00:38:24.000000;2016-02-04T00:38:24.000000;b5e51715-9e32-4603-be1e-9080872c5acf;369.09;0.012;UNKNOWN
2016-02-04T00:40:07.000000;2016-02-04T00:40:07.000000;c772fa2e-3e18-4b1b-aa4b-47a68bfab589;369.34;6.43890046;UNKNOWN
2016-02-04T00:41:25.000000;2016-02-04T00:41:25.000000;29ead6fd-9a1e-4157-9bc0-8a64dd63d983;369.3;0.092;UNKNOWN
2016-02-04T00:41:37.000000;2016-02-04T00:41:37.000000;bb1e3dec-a3b5-420b-84fc-fb84fd0b34dd;369.44;0.01;UNKNOWN
2016-02-04T00:41:37.000000;2016-02-04T00:41:37.000000;840f26bd-8592-4a03-8bc5-d200b2d48a1b;369.44;0.9766;UNKNOWN
2016-02-04T00:41:37.000000;2016-02-04T00:41:37.000000;1e3df80d-92cc-4f64-aabf-202a8682d83e;369.43;6.6898;UNKNOWN
2016-02-04T00:41:37.000000;2016-02-04T00:41:37.000000;0fc139ef-aea5-4582-bd06-03450d6f8cfc;369.4;6.9601;UNKNOWN
2016-02-04T00:41:37.000000;2016-02-04T00:41:37.000000;f209ef90-0a55-4863-9653-76361adf3e02;369.39;6.44;UNKNOWN
2016-02-04T00:43:21.000000;2016-02-04T00:43:21.000000;e22e411f-df76-4827-bce1-da2a42716f40;369.49;1.0;UNKNOWN
2016-02-04T00:43:21.000000;2016-02-04T00:43:21.000000;2ebfddb5-b0d8-4d42-b745-7c44bec17ac3;369.68;2.2572;UNKNOWN
2016-02-04T00:43:21.000000;2016-02-04T00:43:21.000000;36defe9e-f7d8-4717-bd3a-ba298caa52c3;369.63;0.2994;UNKNOWN
2016-02-04T00:43:21.000000;2016-02-04T00:43:21.000000;69910caf-f7c1-44fc-b972-c01b1b178de9;369.64;0.01;UNKNOWN
2016-02-04T00:43:21.000000;2016-02-04T00:43:21.000000;e69fe436-e79d-4551-996c-dfe97cf57b40;369.5;0.1;UNKNOWN
2016-02-04T00:43:21.000000;2016-02-04T00:43:21.000000;fe3a8f4e-c276-4531-ac7b-3b50a94ff818;369.44;1.3334;UNKNOWN
2016-02-04T00:43:28.000000;2016-02-04T00:43:28.000000;75188b25-2585-42c8-b122-09b2e0a85508;369.69;0.5;UNKNOWN
2016-02-04T00:43:38.000000;2016-02-04T00:43:38.000000;9cbffc93-a324-47db-87c9-89dc6f4835ad;369.69;1.0;UNKNOWN
2016-02-04T00:43:54.000000;2016-02-04T00:43:54.000000;b40e8a4e-4fea-4b5e-8811-e891bf2153ad;369.69;1.0;UNKNOWN
2016-02-04T00:44:07.000000;2016-02-04T00:44:07.000000;b3fc663a-93b1-4032-b12c-5f7e86a4cbe0;369.48;0.36834351;UNKNOWN
2016-02-04T00:44:38.000000;2016-02-04T00:44:38.000000;635299ed-db3a-4471-887e-5b4063c9c02e;369.7;0.3376;UNKNOWN
2016-02-04T00:44:38.000000;2016-02-04T00:44:38.000000;e6412dd3-9783-4ee3-8713-5e9ba616c387;369.69;4.2562;UNKNOWN
2016-02-04T00:44:54.000000;2016-02-04T00:44:54.000000;87ed6d45-9b57-4e30-bc8e-7775f98abebf;369.89;5.48955426;UNKNOWN
2016-02-04T00:44:54.000000;2016-02-04T00:44:54.000000;fc8d01a2-eb5a-42a5-ba66-0993a720e84b;369.75;2.50269576;UNKNOWN
2016-02-04T00:44:54.000000;2016-02-04T00:44:54.000000;a034c119-5f63-440e-9fc9-17c694b231ba;369.84;0.01;UNKNOWN
2016-02-04T00:44:54.000000;2016-02-04T00:44:54.000000;36a55855-1015-40d0-824e-10c84e3e261d;369.68;2.0;UNKNOWN
2016-02-04T00:44:54.000000;2016-02-04T00:44:54.000000;b9cf2205-0157-4f5b-9051-d352c87f8d32;369.7;6.0;UNKNOWN
2016-02-04T00:44:54.000000;2016-02-04T00:44:54.000000;baae8c7e-bca0-42bb-9e17-750322066e49;369.7;0.99774998;UNKNOWN
2016-02-04T00:45:14.000000;2016-02-04T00:45:14.000000;0427a2f9-ae9c-4ff2-be70-938064d1b16d;369.87;0.00097684;UNKNOWN
2016-02-04T00:45:22.000000;2016-02-04T00:45:22.000000;d1c11c12-6efe-4d4f-b20d-6819a4a9bfc9;369.77;0.5;UNKNOWN
2016-02-04T00:45:22.000000;2016-02-04T00:45:22.000000;66685dea-db39-4f33-a223-d7e470ad8ab4;369.77;0.98;UNKNOWN
2016-02-04T00:46:07.000000;2016-02-04T00:46:07.000000;2983ebac-c33e-42a5-982b-3d012473c645;369.87;2.0;UNKNOWN
2016-02-04T00:46:07.000000;2016-02-04T00:46:07.000000;d359881c-623d-4da4-af2c-32941bba42b4;369.89;7.9688;UNKNOWN
2016-02-04T00:46:07.000000;2016-02-04T00:46:07.000000;c8e13c09-bd9c-4cc5-ba6e-0101bc6fb479;369.88;0.0312;UNKNOWN
2016-02-04T00:46:33.000000;2016-02-04T00:46:33.000000;2501f9bb-9e93-47ad-9e68-a0fa6a75c6ba;369.89;0.06164574;UNKNOWN
2016-02-04T00:46:33.000000;2016-02-04T00:46:33.000000;79f6d533-d85c-4676-9fb1-3c5be2892bf0;369.9;1.93835426;UNKNOWN
2016-02-04T00:46:39.000000;2016-02-04T00:46:39.000000;bb9cb9bd-e94b-4d9d-9267-6114a1d453af;369.9;1.56164574;UNKNOWN
2016-02-04T00:47:02.000000;2016-02-04T00:47:02.000000;c8289a0b-b9db-4a95-b748-aaad608bc96c;370.11;6.7082;UNKNOWN
2016-02-04T00:47:02.000000;2016-02-04T00:47:02.000000;defeace5-4fe8-4742-a54f-7b0e919d6158;369.98;0.5;UNKNOWN
2016-02-04T00:47:02.000000;2016-02-04T00:47:02.000000;64caf0af-ed7f-4f23-8ea6-496dee00d45e;369.99;3.0;UNKNOWN
2016-02-04T00:47:02.000000;2016-02-04T00:47:02.000000;6df4d978-922d-482d-b8dc-12ddc275a817;369.94;0.1;UNKNOWN
2016-02-04T00:47:02.000000;2016-02-04T00:47:02.000000;96b9e1b0-48cb-4b9f-9663-ae3d529a0749;370.0;1.01;UNKNOWN
2016-02-04T00:47:02.000000;2016-02-04T00:47:02.000000;c5817538-3f66-43f5-9505-383995b45dcc;370.04;0.01;UNKNOWN
2016-02-04T00:47:02.000000;2016-02-04T00:47:02.000000;153916ab-014f-46be-8f9b-8bcb8d24684f;370.12;1.0;UNKNOWN
2016-02-04T00:47:02.000000;2016-02-04T00:47:02.000000;309ce4a1-2bd9-4cc0-b9fa-244cf977f734;370.0;0.05;UNKNOWN
2016-02-04T00:47:02.000000;2016-02-04T00:47:02.000000;db5e164e-a723-4023-8965-4efc33f37fcd;370.0;67.92356283;UNKNOWN
2016-02-04T00:47:02.000000;2016-02-04T00:47:02.000000;c0ac2197-d795-4e83-a82e-db31a64236bf;370.0;0.5;UNKNOWN
2016-02-04T00:47:02.000000;2016-02-04T00:47:02.000000;2c8f7647-0050-4619-8a00-57158d07c9d3;370.28;16.2836;UNKNOWN
2016-02-04T00:47:02.000000;2016-02-04T00:47:02.000000;8fbe9065-ab91-459d-a995-24d317ff32d7;370.42;2.37183717;UNKNOWN
2016-02-04T00:47:02.000000;2016-02-04T00:47:02.000000;9b665a04-a93f-4fd0-841e-4c77bb4e30f3;370.14;0.0328;UNKNOWN
2016-02-04T00:47:02.000000;2016-02-04T00:47:02.000000;3ac03c93-3752-4abe-a237-d0f5ada9e257;370.4;0.5;UNKNOWN
2016-02-04T00:47:02.000000;2016-02-04T00:47:02.000000;53c0983b-f253-4b29-8bbc-66d5a2b4c747;370.24;0.01;UNKNOWN
2016-02-04T00:47:13.000000;2016-02-04T00:47:13.000000;3e294fd4-8810-4200-8bce-7158f1d82a84;370.44;0.01;UNKNOWN
2016-02-04T00:47:13.000000;2016-02-04T00:47:13.000000;9bacc6cb-1671-4985-8621-ea8aae1db395;370.42;0.62816283;UNKNOWN
2016-02-04T00:47:13.000000;2016-02-04T00:47:13.000000;940d6693-4761-4278-905d-a6c9fdfcd2d5;370.43;3.0;UNKNOWN
2016-02-04T00:47:13.000000;2016-02-04T00:47:13.000000;c7446ebb-a251-448c-b93f-5e1075d095a8;370.44;3.04183717;UNKNOWN
2016-02-04T00:47:13.000000;2016-02-04T00:47:13.000000;290707c0-4362-4691-adfd-4a259f96f319;370.44;0.06740301;UNKNOWN
2016-02-04T00:47:13.000000;2016-02-04T00:47:13.000000;231a8493-9a05-467d-8e2c-f06efeec60fb;370.41;0.25;UNKNOWN
2016-02-04T00:47:13.000000;2016-02-04T00:47:13.000000;9962c00c-63a4-4df2-b70c-809c5780f59d;370.43;1.07;UNKNOWN
2016-02-04T00:47:13.000000;2016-02-04T00:47:13.000000;657d7de9-a988-4b90-951c-99048ea88d4f;370.41;0.25;UNKNOWN
2016-02-04T00:47:58.000000;2016-02-04T00:47:58.000000;69cf071e-aa95-4528-8ebb-9d399edac730;370.49;1.3502;UNKNOWN
2016-02-04T00:48:05.000000;2016-02-04T00:48:05.000000;fdd1aff6-df3b-4a79-b051-0ffc6c1985e2;370.5;0.159;UNKNOWN
2016-02-04T00:48:35.000000;2016-02-04T00:48:35.000000;d3a216f5-660f-472d-a021-66995b86f99f;370.49;0.023;UNKNOWN
2016-02-04T00:49:05.000000;2016-02-04T00:49:05.000000;a808cdc3-e95e-4041-9a2d-e4d61b3cfe5f;370.15;6.7223;UNKNOWN
2016-02-04T00:49:05.000000;2016-02-04T00:49:05.000000;a2f6bbe4-b540-4fc8-8b86-f6bd91968592;370.12;3.96762419;UNKNOWN
2016-02-04T00:49:05.000000;2016-02-04T00:49:05.000000;508e648e-d73a-4e8b-84d0-e410d8404e7d;370.14;6.0;UNKNOWN
2016-02-04T00:49:05.000000;2016-02-04T00:49:05.000000;3dd40c8a-ae95-46e5-a955-a34f368ead75;370.14;3.0;UNKNOWN
2016-02-04T00:49:05.000000;2016-02-04T00:49:05.000000;c3108beb-cfb6-4ad1-ab9f-d0179bfabb5c;369.96;0.84245162;UNKNOWN
2016-02-04T00:49:05.000000;2016-02-04T00:49:05.000000;87d39fb6-33e5-4710-aca9-0f8641fd5d99;370.05;3.96762419;UNKNOWN
2016-02-04T00:49:05.000000;2016-02-04T00:49:05.000000;d702ff36-b6ed-461f-9c97-69c38222a241;370.15;0.5;UNKNOWN
2016-02-04T00:50:12.000000;2016-02-04T00:50:12.000000;317b2614-16b3-4061-9d3e-c3a3f658a734;370.17;0.0395;UNKNOWN
2016-02-04T00:50:12.000000;2016-02-04T00:50:12.000000;1a6d0f01-2b48-4121-9978-596f796ea5ba;370.39;0.885559;UNKNOWN
2016-02-04T00:50:37.000000;2016-02-04T00:50:37.000000;9dc634a5-326f-4c3a-b976-a0dd145d5724;370.03;0.19002362;UNKNOWN
2016-02-04T00:51:05.000000;2016-02-04T00:51:05.000000;b21fa5f8-3dd8-4790-9636-ed27506d6f29;370.03;0.10720699;UNKNOWN
2016-02-04T00:51:57.000000;2016-02-04T00:51:57.000000;bdd8d3cb-3fb1-49bf-b6b3-cb0532e3523c;370.37;0.5664;UNKNOWN
2016-02-04T00:52:07.000000;2016-02-04T00:52:07.000000;2a6a18d8-cac6-4bb0-aed8-66b60c16947d;370.06;0.2785742;UNKNOWN
2016-02-04T00:52:36.000000;2016-02-04T00:52:36.000000;be4731f2-b7f9-4dd3-a108-f61eaae0f2b9;370.03;8.11905467;UNKNOWN
2016-02-04T00:52:36.000000;2016-02-04T00:52:36.000000;8be162bf-a0b8-4f4c-82f6-f19975594c63;370.03;3.88094533;UNKNOWN
2016-02-04T00:52:38.000000;2016-02-04T00:52:38.000000;9f3cd386-af78-4520-969e-e7833e37fdd9;370.0;0.05408622;UNKNOWN
2016-02-04T00:52:40.000000;2016-02-04T00:52:40.000000;cb802403-afeb-4588-b338-540bd3babd17;370.0;0.166604;UNKNOWN
2016-02-04T00:52:41.000000;2016-02-04T00:52:41.000000;145ce63f-c714-43ee-a20a-f7f7c05faa77;370.0;0.4;UNKNOWN
2016-02-04T00:54:22.000000;2016-02-04T00:54:22.000000;5aae9106-e876-475a-a6a3-2fcbb2258f73;370.21;0.0395;UNKNOWN
2016-02-04T00:55:22.000000;2016-02-04T00:55:22.000000;511242b2-53d3-474d-a040-71c3e0f00076;370.22;0.1;UNKNOWN
2016-02-04T00:57:37.000000;2016-02-04T00:57:37.000000;60fd61a7-b903-4380-ba0b-f6a9addc00a2;370.21;0.26544401;UNKNOWN
2016-02-04T00:58:37.000000;2016-02-04T00:58:37.000000;14e8777e-d22d-4612-8fd8-dd5df5fa5683;370.21;0.143471;UNKNOWN
2016-02-04T00:59:41.000000;2016-02-04T00:59:41.000000;a1e764ff-4d09-4f6c-b5d0-843ea3dde908;370.22;0.8134;UNKNOWN
2016-02-04T01:00:58.000000;2016-02-04T01:00:58.000000;495bf6c1-0a73-440e-a745-8026d20a1506;370.22;15.0;UNKNOWN
2016-02-04T01:00:58.000000;2016-02-04T01:00:58.000000;63cb0cb7-75ff-4cc9-8522-221eea3cd05a;370.22;7.20282433;UNKNOWN
2016-02-04T01:01:01.000000;2016-02-04T01:01:01.000000;da4ca416-2093-437f-a868-024768852086;370.26;0.0395;UNKNOWN
2016-02-04T01:01:01.000000;2016-02-04T01:01:01.000000;cb37f739-3eef-4911-93f2-a7328572645f;370.27;0.4615;UNKNOWN
2016-02-04T01:01:05.000000;2016-02-04T01:01:05.000000;8e5ca208-c9ce-4f47-9bf4-cb18d618e24f;370.3;0.03958;UNKNOWN
2016-02-04T01:01:25.000000;2016-02-04T01:01:25.000000;538573e0-6bec-4f91-aab5-766bb5e1380b;370.29;8.34221;UNKNOWN
2016-02-04T01:01:25.000000;2016-02-04T01:01:25.000000;d8f53b1b-86db-498a-bf1e-c8bcdb874584;370.29;0.501;UNKNOWN
2016-02-04T01:01:33.000000;2016-02-04T01:01:33.000000;00eaaeb0-0e64-4d46-ae0a-881cf415f8d4;370.29;0.03020853;UNKNOWN
2016-02-04T01:01:33.000000;2016-02-04T01:01:33.000000;12c0294d-868d-4de7-afad-7b3897e3abf2;370.3;0.47079147;UNKNOWN
2016-02-04T01:01:39.000000;2016-02-04T01:01:39.000000;1588b3ed-4da2-4ce8-99aa-6cd2d8a9a115;370.29;0.03407;UNKNOWN
2016-02-04T01:01:43.000000;2016-02-04T01:01:43.000000;b40613e8-e6a6-466a-adfa-f82e20b8e97b;370.29;0.16433;UNKNOWN
2016-02-04T01:01:47.000000;2016-02-04T01:01:47.000000;c4c3bc33-a43e-41d2-b0f9-ba185f38ef60;370.29;0.0114;UNKNOWN
2016-02-04T01:01:48.000000;2016-02-04T01:01:48.000000;118a1fb7-f888-4b9d-b1a3-35c862d93443;370.4;0.01137147;UNKNOWN
2016-02-04T01:01:48.000000;2016-02-04T01:01:48.000000;e471d809-4b7b-4394-ac5f-793fa9c02e6f;370.3;0.48962853;UNKNOWN
2016-02-04T01:01:49.000000;2016-02-04T01:01:49.000000;2f6d87bb-5b8b-403a-bbae-b3b4032eb7ce;370.4;3.5;UNKNOWN
2016-02-04T01:01:52.000000;2016-02-04T01:01:52.000000;10817df8-80b0-4d45-9881-deae38365034;370.3;3.0;UNKNOWN
2016-02-04T01:01:52.000000;2016-02-04T01:01:52.000000;63faf716-6ffc-45de-a61a-dc9a2e4ccc97;370.29;5.5;UNKNOWN
2016-02-04T01:01:52.000000;2016-02-04T01:01:52.000000;44a65f83-ca53-443b-93ff-3de9cc366189;370.3;0.5;UNKNOWN
2016-02-04T01:01:58.000000;2016-02-04T01:01:58.000000;56b40f76-6044-4d06-810e-c4e1b85d38d4;370.39;0.25;UNKNOWN
2016-02-04T01:02:15.000000;2016-02-04T01:02:15.000000;d5a64383-a89e-4aa8-8865-753c091b6f2b;370.39;0.02;UNKNOWN
2016-02-04T01:02:18.000000;2016-02-04T01:02:18.000000;45709f4b-0b80-49e4-83d1-91103166f075;370.39;0.02;UNKNOWN
2016-02-04T01:02:20.000000;2016-02-04T01:02:20.000000;b214d68f-77c9-4880-93ed-55c4e92e3f0d;370.4;0.02;UNKNOWN
2016-02-04T01:02:20.000000;2016-02-04T01:02:20.000000;bc07085e-0024-4a7e-87c5-bb69e7c75787;370.39;0.02;UNKNOWN
2016-02-04T01:02:27.000000;2016-02-04T01:02:27.000000;82bf1b81-c526-448b-ae37-6335e19cc423;370.39;0.02;UNKNOWN
2016-02-04T01:02:32.000000;2016-02-04T01:02:32.000000;ada4757d-3f08-4e78-a89e-0d447a22ff37;370.39;0.01;UNKNOWN
2016-02-04T01:02:45.000000;2016-02-04T01:02:45.000000;5c92edcd-7307-492a-8da0-bfb40d096c20;370.39;7.09893;UNKNOWN
2016-02-04T01:02:55.000000;2016-02-04T01:02:55.000000;9def0e8b-5b9b-485f-af4d-ace983a786d7;370.38;0.501;UNKNOWN
2016-02-04T01:03:05.000000;2016-02-04T01:03:05.000000;ab8e3499-43af-40dd-9281-4e727d570fc0;370.4;0.19838877;UNKNOWN
2016-02-04T01:03:17.000000;2016-02-04T01:03:17.000000;c620d94b-7193-4520-b534-d40fa0e94f81;370.4;0.36974;UNKNOWN
2016-02-04T01:03:22.000000;2016-02-04T01:03:22.000000;76b6269d-4035-40af-9e76-2f76ecd306be;370.4;0.27856;UNKNOWN
2016-02-04T01:03:27.000000;2016-02-04T01:03:27.000000;2fe04deb-cf66-497c-8577-ea2293609815;370.4;0.05411;UNKNOWN
2016-02-04T01:03:31.000000;2016-02-04T01:03:31.000000;02ffa7d7-02f2-4726-929b-108e35461f9a;370.4;0.11323;UNKNOWN
2016-02-04T01:03:35.000000;2016-02-04T01:03:35.000000;cad98ee0-13e2-4dd1-95aa-35086468b477;370.4;0.21343;UNKNOWN
2016-02-04T01:03:40.000000;2016-02-04T01:03:40.000000;42beb9c1-2af4-4500-b7ff-e7666a244fde;370.4;0.22645;UNKNOWN
2016-02-04T01:03:44.000000;2016-02-04T01:03:44.000000;79ba9dc6-3a81-4ca0-9fc5-a18580ce6120;370.4;0.501;UNKNOWN
2016-02-04T01:07:17.000000;2016-02-04T01:07:17.000000;dbf6fc48-fd1f-430a-ac7d-deb381bd6310;370.39;0.25707;UNKNOWN
2016-02-04T01:07:34.000000;2016-02-04T01:07:34.000000;8429f92e-bbf2-4f85-b5ec-13c4510c7f26;370.4;0.48;UNKNOWN
2016-02-04T01:08:15.000000;2016-02-04T01:08:15.000000;b9bd4e61-6c74-47f0-865c-0118be5726bf;370.4;1.2;UNKNOWN
2016-02-04T01:08:27.000000;2016-02-04T01:08:27.000000;cc853a4d-5675-45ff-bf69-d83be46e51e7;370.39;2.7148734;UNKNOWN
2016-02-04T01:08:29.000000;2016-02-04T01:08:29.000000;56a0c3f7-9127-4f02-a38a-579aff56e65a;370.39;0.97739969;UNKNOWN
2016-02-04T01:08:29.000000;2016-02-04T01:08:29.000000;8436e126-04b2-421c-b65d-c0655a4757a5;370.39;2.02260031;UNKNOWN
2016-02-04T01:08:51.000000;2016-02-04T01:08:51.000000;a3582b49-9008-46ad-a7a1-abcde1c0d894;370.4;1.0;UNKNOWN
2016-02-04T01:09:19.000000;2016-02-04T01:09:19.000000;216caf1c-6575-431b-8647-cabe527f099e;370.4;16.83371976;UNKNOWN
2016-02-04T01:09:56.000000;2016-02-04T01:09:56.000000;9ec2e4e0-6140-4891-9db0-1c111560f34d;370.44;0.1;UNKNOWN
2016-02-04T01:10:18.000000;2016-02-04T01:10:18.000000;f441f048-4aa3-4363-9d8e-17f259fddec2;370.44;0.13310105;UNKNOWN
2016-02-04T01:10:24.000000;2016-02-04T01:10:24.000000;91cbdb22-8cd8-4db3-a50e-0c03d1d58241;370.45;0.0395;UNKNOWN
2016-02-04T01:10:24.000000;2016-02-04T01:10:24.000000;08e7292e-d26d-40ed-a84c-ece2ce660dd7;370.49;10.0884;UNKNOWN
2016-02-04T01:10:31.000000;2016-02-04T01:10:31.000000;d25b5e0b-67c0-448f-aa3e-e2ff73421292;370.48;14.5;UNKNOWN
2016-02-04T01:10:44.000000;2016-02-04T01:10:44.000000;3cbff9d0-edd5-4ccd-8db7-27613f7e788a;370.47;6.7096;UNKNOWN
2016-02-04T01:10:44.000000;2016-02-04T01:10:44.000000;bb614adf-5354-4fa1-9578-3bd7ecce3f9d;370.46;1.33308623;UNKNOWN
2016-02-04T01:10:44.000000;2016-02-04T01:10:44.000000;19025951-e8ab-48ee-8a38-cd5b2e3e541b;370.46;3.95731377;UNKNOWN
2016-02-04T01:10:54.000000;2016-02-04T01:10:54.000000;e949c8da-ef3d-4d82-b6b4-95c17faa87c3;370.48;14.0;UNKNOWN
2016-02-04T01:11:04.000000;2016-02-04T01:11:04.000000;1820f943-f6f7-4058-8f35-8a0bfdbce90f;370.47;0.08;UNKNOWN
2016-02-04T01:11:44.000000;2016-02-04T01:11:44.000000;481ad3b1-cb36-4382-9988-cf0ffbb3917e;370.48;1.0;UNKNOWN
2016-02-04T01:11:44.000000;2016-02-04T01:11:44.000000;2822b696-0db8-42d5-a43b-418a2e813621;370.48;5.0;UNKNOWN
2016-02-04T01:12:27.000000;2016-02-04T01:12:27.000000;582989d0-1793-42a6-b784-0fb3a3691b0a;370.5;0.1;UNKNOWN
2016-02-04T01:12:27.000000;2016-02-04T01:12:27.000000;5e7dd7bc-f3cc-4765-87ac-43808abb4e7e;370.5;1.841;UNKNOWN
2016-02-04T01:12:27.000000;2016-02-04T01:12:27.000000;3dcbc72e-cedd-4404-a4ed-32551f2fb710;370.5;10.0;UNKNOWN
2016-02-04T01:12:38.000000;2016-02-04T01:12:38.000000;80d2edf2-9ae6-4778-ad8b-fefbef318f36;370.59;0.1807561;UNKNOWN
2016-02-04T01:13:17.000000;2016-02-04T01:13:17.000000;a9e3e552-3727-44ed-a07d-07552d577e9e;370.6;1.9;UNKNOWN
2016-02-04T01:13:17.000000;2016-02-04T01:13:17.000000;0377f458-b698-4856-8534-9e9c6b89d38c;370.6;0.1;UNKNOWN
2016-02-04T01:13:18.000000;2016-02-04T01:13:18.000000;6481be1c-7ef0-4e4e-9830-3b388c8378a0;370.7;0.03;UNKNOWN
2016-02-04T01:13:18.000000;2016-02-04T01:13:18.000000;8488c0be-6b36-42e2-8b97-5bd1396ed6d1;370.64;0.01;UNKNOWN
2016-02-04T01:13:55.000000;2016-02-04T01:13:55.000000;60eab4f7-1731-4177-a55e-a1d964de6190;370.69;0.5;UNKNOWN
2016-02-04T01:14:03.000000;2016-02-04T01:14:03.000000;9028e188-6602-4684-a4f2-897a26f6cde7;370.69;20.0;UNKNOWN
2016-02-04T01:14:05.000000;2016-02-04T01:14:05.000000;aa3ee3e7-3922-479f-bd23-8bb4d86f1125;370.69;5.0;UNKNOWN
2016-02-04T01:14:09.000000;2016-02-04T01:14:09.000000;26b738ae-715a-45e3-8918-32b23e1eacfe;370.7;2.97;UNKNOWN
2016-02-04T01:14:09.000000;2016-02-04T01:14:09.000000;ea7839f7-2941-4e92-9ba5-879a7c44723c;370.71;0.05;UNKNOWN
2016-02-04T01:14:09.000000;2016-02-04T01:14:09.000000;168d9e73-2ef8-4a66-a69e-a429afee1bc6;370.7;0.1;UNKNOWN
2016-02-04T01:14:09.000000;2016-02-04T01:14:09.000000;9b5c4bbe-6c5c-41bf-a6aa-7ae6647a3f15;370.72;3.0;UNKNOWN
2016-02-04T01:14:09.000000;2016-02-04T01:14:09.000000;d4a4c2c4-73ce-4abd-8b79-70b5c7b60c96;370.77;4.38;UNKNOWN
2016-02-04T01:14:22.000000;2016-02-04T01:14:22.000000;99a495bb-03ba-47fc-b415-296441a36c30;370.77;0.6;UNKNOWN
2016-02-04T01:14:28.000000;2016-02-04T01:14:28.000000;8f809811-cbfa-4b50-a162-8170eb2e5359;370.77;10.02;UNKNOWN
2016-02-04T01:14:28.000000;2016-02-04T01:14:28.000000;782a6280-7c27-492b-95e1-14b4dcd8e5fc;370.8;2.88;UNKNOWN
2016-02-04T01:14:35.000000;2016-02-04T01:14:35.000000;dcdb8516-7a59-4515-8cf2-0f3a74bb227c;370.89;0.5;UNKNOWN
2016-02-04T01:14:35.000000;2016-02-04T01:14:35.000000;20657052-efc2-4745-92c5-fbfac5ee8302;370.85;0.0441;UNKNOWN
2016-02-04T01:14:35.000000;2016-02-04T01:14:35.000000;cf447419-a97e-45e5-8f2f-07886f74c98c;370.84;0.01;UNKNOWN
2016-02-04T01:14:35.000000;2016-02-04T01:14:35.000000;257a9466-8617-4903-a6dc-9937c40bff40;370.85;0.13543926;UNKNOWN
2016-02-04T01:14:35.000000;2016-02-04T01:14:35.000000;0f7aa60a-9724-4667-bd49-97cfca4b9182;370.8;0.1;UNKNOWN
2016-02-04T01:14:35.000000;2016-02-04T01:14:35.000000;6c86acef-39d4-4861-afec-d99abd619385;370.8;0.12;UNKNOWN
2016-02-04T01:14:35.000000;2016-02-04T01:14:35.000000;0f5f6c35-c5ee-4b26-8ac7-6fd00ffc1eb2;370.85;0.13543926;UNKNOWN
2016-02-04T01:14:35.000000;2016-02-04T01:14:35.000000;46f78230-5b11-451a-bb6a-72b9e6878bbd;370.89;0.1;UNKNOWN
2016-02-04T01:14:35.000000;2016-02-04T01:14:35.000000;356490db-1760-48dc-b459-5b93c420f5c1;370.94;4.15502148;UNKNOWN
2016-02-04T01:14:35.000000;2016-02-04T01:14:35.000000;b4996d19-6940-4fa5-9cea-a3c91dd0226d;370.9;0.1;UNKNOWN
2016-02-04T01:14:41.000000;2016-02-04T01:14:41.000000;e3165028-bbfe-45ad-bb3a-487659b5e0e3;370.95;1.4405;UNKNOWN
2016-02-04T01:14:41.000000;2016-02-04T01:14:41.000000;9a781517-9ddd-46cb-bc3b-d06b6f4edf21;370.84;13.7595;UNKNOWN
2016-02-04T01:14:49.000000;2016-02-04T01:14:49.000000;0abf4d03-6af6-4953-99c6-e14672b60cde;370.95;1.3;UNKNOWN
2016-02-04T01:14:56.000000;2016-02-04T01:14:56.000000;55753729-7bb1-496c-b78e-e07db4ffcbf3;370.95;0.1;UNKNOWN
2016-02-04T01:15:03.000000;2016-02-04T01:15:03.000000;6b8fffbb-211e-4f49-9248-bda7ef577cb0;370.95;0.0445;UNKNOWN
2016-02-04T01:15:03.000000;2016-02-04T01:15:03.000000;d2c62765-9810-4ef3-88a3-0181beb5d24f;371.0;2.0;UNKNOWN
2016-02-04T01:15:03.000000;2016-02-04T01:15:03.000000;d85b6fed-7bb5-42aa-b6b2-bd218f876e89;371.0;0.1;UNKNOWN
2016-02-04T01:15:04.000000;2016-02-04T01:15:04.000000;caf69783-1c52-490d-a4d1-ba0e3c1f0acd;371.0;0.1;UNKNOWN
2016-02-04T01:15:05.000000;2016-02-04T01:15:05.000000;ac4ff662-e4c9-48f7-8784-0f5e729d4448;371.01;0.02674154;UNKNOWN
2016-02-04T01:15:11.000000;2016-02-04T01:15:11.000000;fd07ceb2-05ab-48c6-852d-56723b54c8d1;371.03;0.01;UNKNOWN
2016-02-04T01:15:11.000000;2016-02-04T01:15:11.000000;5b4ff1dc-2462-4cc3-8b76-2c8c3c0a76d4;371.04;0.0689;UNKNOWN
2016-02-04T01:15:11.000000;2016-02-04T01:15:11.000000;0c800f61-af1a-4448-a5e8-09bc31b1039e;371.01;0.10655846;UNKNOWN
2016-02-04T01:15:11.000000;2016-02-04T01:15:11.000000;7b8ddfc4-61d3-4bea-890c-52a9a965be76;371.05;0.01444154;UNKNOWN
2016-02-04T01:15:11.000000;2016-02-04T01:15:11.000000;3e48ce0c-51c0-44f3-955f-9b5f4b8ebf9e;371.04;0.01;UNKNOWN
2016-02-04T01:15:11.000000;2016-02-04T01:15:11.000000;26a3230c-07d1-43c0-83af-d9d3ae31dc2a;371.01;0.0401;UNKNOWN
2016-02-04T01:15:54.000000;2016-02-04T01:15:54.000000;a41916ab-ab5e-4997-9e6d-2363615e924b;371.3;0.22;UNKNOWN
2016-02-04T01:15:54.000000;2016-02-04T01:15:54.000000;bf7804b7-a85b-417d-b2e7-143ed2252c83;371.2;0.043489;UNKNOWN
2016-02-04T01:15:54.000000;2016-02-04T01:15:54.000000;18fa5842-f7d9-4bf7-9c86-5014cd27e0f4;371.32;6.6645;UNKNOWN
2016-02-04T01:15:54.000000;2016-02-04T01:15:54.000000;e79f9753-082f-411e-be83-96f633a68ae9;371.5;4.5;UNKNOWN
2016-02-04T01:15:54.000000;2016-02-04T01:15:54.000000;60db28c6-12ab-459c-b103-43efac31fcf4;371.06;0.27250982;UNKNOWN
2016-02-04T01:15:54.000000;2016-02-04T01:15:54.000000;26f6a2e7-503b-46cc-b71d-14a7b03aed52;371.44;0.01;UNKNOWN
2016-02-04T01:15:54.000000;2016-02-04T01:15:54.000000;5871b398-d38b-42bc-91bd-4abb16a5e8d1;371.3;0.08;UNKNOWN
2016-02-04T01:15:54.000000;2016-02-04T01:15:54.000000;526992b7-1884-478d-9b40-1a99a29ed2ce;371.24;0.01;UNKNOWN
2016-02-04T01:15:54.000000;2016-02-04T01:15:54.000000;dd721f1b-69a2-45ad-b4f5-44c53718da3f;371.33;3.0;UNKNOWN
2016-02-04T01:15:54.000000;2016-02-04T01:15:54.000000;8790c644-b3b8-42df-aff2-849671ac7907;371.16;1.0;UNKNOWN
2016-02-04T01:15:54.000000;2016-02-04T01:15:54.000000;06fe711c-99b2-4f6c-9465-2e7478df4290;371.05;0.03555846;UNKNOWN
2016-02-04T01:15:54.000000;2016-02-04T01:15:54.000000;c82d2483-e241-4fb5-93e8-50137b5ac370;371.5;16.22294272;UNKNOWN
2016-02-04T01:16:00.000000;2016-02-04T01:16:00.000000;ef2b390b-ec79-46a8-a7af-ed049d8b06f7;371.5;2.0;UNKNOWN
2016-02-04T01:16:00.000000;2016-02-04T01:16:00.000000;03f9f9c8-fbe5-4071-ba65-fa495a478a81;371.84;0.01;UNKNOWN
2016-02-04T01:16:00.000000;2016-02-04T01:16:00.000000;6a042be5-920c-45c8-b9be-6d4cd91c2e39;371.5;13.77705728;UNKNOWN
2016-02-04T01:16:00.000000;2016-02-04T01:16:00.000000;94389c26-4dd5-4fdc-9a5f-f31f137d959e;371.78;20.0;UNKNOWN
2016-02-04T01:16:00.000000;2016-02-04T01:16:00.000000;56d15881-59bd-4043-bf66-27d0eda289ee;371.9;4.89294272;UNKNOWN
2016-02-04T01:16:00.000000;2016-02-04T01:16:00.000000;5e278f27-5fa1-43fc-8e87-46a749e1a81f;371.64;0.01;UNKNOWN
2016-02-04T01:16:00.000000;2016-02-04T01:16:00.000000;73bda45c-92f2-4055-9831-c5a0d762255f;371.61;0.01;UNKNOWN
2016-02-04T01:16:00.000000;2016-02-04T01:16:00.000000;bc011502-ee53-4d0c-95e2-76225fc81b44;371.5;3.5;UNKNOWN
2016-02-04T01:17:24.000000;2016-02-04T01:17:24.000000;c70209b5-8fab-45a5-b7b5-41e9fa00ff4d;371.97;6.7112;UNKNOWN
2016-02-04T01:17:24.000000;2016-02-04T01:17:24.000000;16476d5f-d4e5-47e1-9ab4-f90c17e4688b;371.96;0.18;UNKNOWN
2016-02-04T01:17:24.000000;2016-02-04T01:17:24.000000;0d3d98bd-ff95-4267-a83d-6d72f1530f5b;371.98;8.607;UNKNOWN
2016-02-04T01:17:30.000000;2016-02-04T01:17:30.000000;eb24713e-f0da-49c8-b4c1-3cf39cddad75;371.98;0.5;UNKNOWN
2016-02-04T01:17:39.000000;2016-02-04T01:17:39.000000;231fc591-9164-4f2f-a286-ee88f59d71b0;371.98;1.0;UNKNOWN
2016-02-04T01:18:06.000000;2016-02-04T01:18:06.000000;54e03a56-36f4-4cf9-aa60-b4088a7ec971;371.62;0.01;UNKNOWN
2016-02-04T01:18:07.000000;2016-02-04T01:18:07.000000;cdfc1255-f967-458d-9c80-8e22db65cb65;371.91;1.0;UNKNOWN
2016-02-04T01:18:25.000000;2016-02-04T01:18:25.000000;b0f5e5fc-4dc1-451a-9247-a2491b144aa1;371.8;0.049875;UNKNOWN
2016-02-04T01:18:38.000000;2016-02-04T01:18:38.000000;2d86e6bf-7fe3-43fe-95c3-b6943b1d2b4a;371.9;0.17936979;UNKNOWN
2016-02-04T01:18:42.000000;2016-02-04T01:18:42.000000;d8c35741-b3ed-4d44-868c-4888640cf08a;371.95;3.0;UNKNOWN
2016-02-04T01:18:42.000000;2016-02-04T01:18:42.000000;5155f02c-6b34-42ff-82e6-3617fc32484f;371.97;6.6905;UNKNOWN
2016-02-04T01:18:42.000000;2016-02-04T01:18:42.000000;b63e4944-5b31-4c57-b13d-92121df413f4;371.94;0.5;UNKNOWN
2016-02-04T01:18:42.000000;2016-02-04T01:18:42.000000;4ede05fd-8f75-4ab1-9a69-03aba045eb70;371.98;0.1124;UNKNOWN
2016-02-04T01:19:06.000000;2016-02-04T01:19:06.000000;08a4658a-99cd-4938-8f4d-2c17d7145a3b;371.9;1.69936979;UNKNOWN
2016-02-04T01:19:06.000000;2016-02-04T01:19:06.000000;1ad75cef-7ebd-4970-80db-d7867b4e4ed9;371.9;0.82063021;UNKNOWN
2016-02-04T01:19:07.000000;2016-02-04T01:19:07.000000;cfb5933d-df38-4d9a-a6d1-9dde7282285e;371.9;0.01;UNKNOWN
2016-02-04T01:19:09.000000;2016-02-04T01:19:09.000000;0ef39d94-7932-45f0-89b0-f2341002730f;371.9;0.01;UNKNOWN
2016-02-04T01:19:19.000000;2016-02-04T01:19:19.000000;9062a751-ebf6-4e25-9e7a-7061f2150354;371.9;0.55678277;UNKNOWN
2016-02-04T01:20:06.000000;2016-02-04T01:20:06.000000;395dfcc0-74a2-4d07-a896-fa449f2f8455;371.88;0.01;UNKNOWN
2016-02-04T01:20:07.000000;2016-02-04T01:20:07.000000;135904bb-2f89-4096-9d6e-52ad2b18e165;371.88;0.01;UNKNOWN
2016-02-04T01:20:15.000000;2016-02-04T01:20:15.000000;d12e7c65-373e-4460-b140-cd41627645c5;371.88;2.0;UNKNOWN
2016-02-04T01:20:19.000000;2016-02-04T01:20:19.000000;b7ebc0ff-5c03-4934-adfb-006c9b615e0c;371.88;0.64;UNKNOWN
2016-02-04T01:21:18.000000;2016-02-04T01:21:18.000000;9951a7ae-3e4d-4c6f-8818-e05b08d4ac33;371.9;0.0186392;UNKNOWN
2016-02-04T01:21:23.000000;2016-02-04T01:21:23.000000;d323f118-447a-437e-835b-88f70f9395dc;371.97;1.0;UNKNOWN
2016-02-04T01:21:23.000000;2016-02-04T01:21:23.000000;3894804b-bd3d-4246-9a28-ee86deb61c90;371.97;6.6226;UNKNOWN
2016-02-04T01:21:23.000000;2016-02-04T01:21:23.000000;c2ac4e47-f9b6-4ba1-9d37-d24565287614;371.98;18.7806;UNKNOWN
2016-02-04T01:21:23.000000;2016-02-04T01:21:23.000000;7ad6620e-8c80-4217-85d0-0096544e8dcf;372.0;0.9393;UNKNOWN
2016-02-04T01:21:23.000000;2016-02-04T01:21:23.000000;9724586e-f7e5-42df-84c0-5a3720f2ea17;372.0;10.0;UNKNOWN
2016-02-04T01:21:23.000000;2016-02-04T01:21:23.000000;e5645190-3339-4851-9f20-9098ff128ceb;372.0;0.5;UNKNOWN
2016-02-04T01:21:23.000000;2016-02-04T01:21:23.000000;c169f002-3d8a-468d-a860-2be1da4e7e73;371.98;0.0941;UNKNOWN
2016-02-04T01:21:23.000000;2016-02-04T01:21:23.000000;58e0f9d7-8802-48b3-b8a5-9319bc765fe9;371.97;0.0634;UNKNOWN
2016-02-04T01:21:23.000000;2016-02-04T01:21:23.000000;704ca9b1-53fb-404a-99a6-646f7617e4ee;371.99;2.0;UNKNOWN
2016-02-04T01:21:23.000000;2016-02-04T01:21:23.000000;adabffc8-88d5-468d-a331-125e954ceb3b;372.0;10.0;UNKNOWN
2016-02-04T01:21:33.000000;2016-02-04T01:21:33.000000;2dcabe99-cb9b-49f9-ad6f-9dbbcfdf3610;372.19;0.5;UNKNOWN
2016-02-04T01:21:33.000000;2016-02-04T01:21:33.000000;c43ed8f2-a8a8-43b4-b4a2-e7e353ee0d2a;372.21;21.4293;UNKNOWN
2016-02-04T01:21:33.000000;2016-02-04T01:21:33.000000;294a875d-9083-424c-9d57-07c1abb9052f;372.04;0.01;UNKNOWN
2016-02-04T01:21:33.000000;2016-02-04T01:21:33.000000;ac2d08a8-8a80-41a6-a793-59503d87dd8e;372.1;2.0;UNKNOWN
2016-02-04T01:21:33.000000;2016-02-04T01:21:33.000000;48960bee-8082-4592-9ffb-45b51b840625;372.0;1.0607;UNKNOWN
2016-02-04T01:21:33.000000;2016-02-04T01:21:33.000000;6df7acc8-58c0-4099-be4b-40be4c3fad0a;372.0;5.0;UNKNOWN
2016-02-04T01:21:38.000000;2016-02-04T01:21:38.000000;47feb1b8-cfee-483e-82d0-189ecf34008a;372.24;0.01;UNKNOWN
2016-02-04T01:21:38.000000;2016-02-04T01:21:38.000000;1f42077d-f917-4a96-972f-f7530454727f;372.37;11.32587029;UNKNOWN
2016-02-04T01:21:38.000000;2016-02-04T01:21:38.000000;f9cec67b-c079-44ee-ad3d-a70eae880d59;372.37;0.25;UNKNOWN
2016-02-04T01:21:38.000000;2016-02-04T01:21:38.000000;76d3838e-d3f5-4c26-a7bd-2cb6f5a09bfa;372.3;0.3;UNKNOWN
2016-02-04T01:21:46.000000;2016-02-04T01:21:46.000000;48c73f01-375c-4bff-b454-dc960fac2556;372.38;0.025;UNKNOWN
2016-02-04T01:22:03.000000;2016-02-04T01:22:03.000000;ab7bb555-1f15-4cec-be57-2c803dff03be;372.05;5.0;UNKNOWN
2016-02-04T01:22:37.000000;2016-02-04T01:22:37.000000;61ccf455-463e-4317-8a11-bb41d799ec51;372.13;0.2678;UNKNOWN
2016-02-04T01:23:20.000000;2016-02-04T01:23:20.000000;6e4b245a-2d3b-4302-904e-bbdad2e43f76;372.18;2.0;UNKNOWN
2016-02-04T01:23:25.000000;2016-02-04T01:23:25.000000;d83795a3-e6ef-4e9a-8e40-daeaa001a404;372.2;0.839;UNKNOWN
2016-02-04T01:23:28.000000;2016-02-04T01:23:28.000000;a9c53eec-d1af-4c6a-a4b2-05d075961946;372.2;6.17;UNKNOWN
2016-02-04T01:23:39.000000;2016-02-04T01:23:39.000000;adcd8a8e-99c9-4ca5-9ca7-02b97e00f094;372.2;9.8065;UNKNOWN
2016-02-04T01:23:39.000000;2016-02-04T01:23:39.000000;c95bd3cf-162e-44e6-ba18-3abd5a0bee0b;372.3;10.0;UNKNOWN
2016-02-04T01:23:39.000000;2016-02-04T01:23:39.000000;d2161d29-3426-4751-853a-b136f56620e0;372.28;49.413;UNKNOWN
2016-02-04T01:23:39.000000;2016-02-04T01:23:39.000000;54084d16-42ab-489f-9ee1-adf4958b2db6;372.28;6.6862;UNKNOWN
2016-02-04T01:24:23.000000;2016-02-04T01:24:23.000000;e2444e5e-9a12-48bd-8075-bd5745ee340a;372.35;0.1018;UNKNOWN
2016-02-04T01:24:34.000000;2016-02-04T01:24:34.000000;bec2770d-21a6-4a9c-ba82-c45335445ccc;372.34;0.69;UNKNOWN
2016-02-04T01:25:09.000000;2016-02-04T01:25:09.000000;01d75579-0db8-4439-97ce-8a91a47d6fe7;372.33;0.3219678;UNKNOWN
2016-02-04T01:25:11.000000;2016-02-04T01:25:11.000000;89d5ae87-e7dd-4fa7-ade7-31bf36e8b341;372.38;0.075;UNKNOWN
2016-02-04T01:25:11.000000;2016-02-04T01:25:11.000000;73d96e88-821e-4181-b341-006b9ba63d61;372.35;25.0;UNKNOWN
2016-02-04T01:25:11.000000;2016-02-04T01:25:11.000000;092411ab-dd9c-4c45-8bca-005cb8898732;372.37;6.6734;UNKNOWN
2016-02-04T01:25:11.000000;2016-02-04T01:25:11.000000;27d62d29-397d-4a39-877d-2d6cf56aceff;372.37;0.0693;UNKNOWN
2016-02-04T01:25:11.000000;2016-02-04T01:25:11.000000;dae5e9b9-56b3-41a7-a2c2-0d44005570f6;372.44;0.01;UNKNOWN
2016-02-04T01:25:11.000000;2016-02-04T01:25:11.000000;f3f68089-e63a-4a59-8960-a340325829cf;372.38;15.0;UNKNOWN
2016-02-04T01:25:11.000000;2016-02-04T01:25:11.000000;1e4f092b-9b5d-4981-8725-c60eedef413a;372.4;2.0;UNKNOWN
2016-02-04T01:25:11.000000;2016-02-04T01:25:11.000000;ae5fd2bd-6cf8-4e46-8b94-5184a2d8815b;372.56;0.1495;UNKNOWN
2016-02-04T01:25:11.000000;2016-02-04T01:25:11.000000;b06f972e-8c7a-46d8-bf1f-2e066e71986b;372.5;2.0;UNKNOWN
2016-02-04T01:25:11.000000;2016-02-04T01:25:11.000000;6b10c14a-2893-4d71-9a70-e036a5b74cac;372.59;1.1057507;UNKNOWN
2016-02-04T01:25:11.000000;2016-02-04T01:25:11.000000;a4394a77-c8e5-403a-a87e-a15a0e4a27d3;372.54;18.3854;UNKNOWN
2016-02-04T01:25:17.000000;2016-02-04T01:25:17.000000;3fe1d03a-958e-49b5-b518-ba66e10a5d98;372.68;0.05;UNKNOWN
2016-02-04T01:25:17.000000;2016-02-04T01:25:17.000000;25f62a3d-6e64-49bb-82a0-0b5b09f0761b;372.6;0.7;UNKNOWN
2016-02-04T01:25:17.000000;2016-02-04T01:25:17.000000;34f73fa7-6a26-409b-9fe6-738a6d68153c;372.67;0.49;UNKNOWN
2016-02-04T01:25:17.000000;2016-02-04T01:25:17.000000;83e99989-055c-458a-94c0-40be99b54f38;372.67;0.01;UNKNOWN
2016-02-04T01:25:17.000000;2016-02-04T01:25:17.000000;e314ed5a-fea1-45f0-a8da-00b70144f6be;372.68;1.94;UNKNOWN
2016-02-04T01:25:17.000000;2016-02-04T01:25:17.000000;7028a900-42ef-41cb-b911-99063f051b43;372.64;0.01;UNKNOWN
2016-02-04T01:25:17.000000;2016-02-04T01:25:17.000000;cfab303a-2008-4618-9fc7-164f3beca915;372.68;4.0;UNKNOWN
2016-02-04T01:25:18.000000;2016-02-04T01:25:18.000000;37188859-bdde-4c25-ad56-14afc06d2a23;372.6;0.59172441;UNKNOWN
2016-02-04T01:25:53.000000;2016-02-04T01:25:53.000000;432640e7-197c-45c8-b43d-dc6003dfe162;372.6;8.23992489;UNKNOWN
2016-02-04T01:25:53.000000;2016-02-04T01:25:53.000000;151a1094-becb-4cff-bc6f-2830c3145161;372.37;3.9378864;UNKNOWN
2016-02-04T01:25:53.000000;2016-02-04T01:25:53.000000;a23372fd-4c4f-4c8f-9fda-8fb69e3c9301;372.5;1.0;UNKNOWN
2016-02-04T01:25:53.000000;2016-02-04T01:25:53.000000;688da3bf-044c-40a2-a35d-8ba5b95fc24b;372.38;3.93845507;UNKNOWN
2016-02-04T01:25:53.000000;2016-02-04T01:25:53.000000;14f0684a-0df2-4347-9880-48ee503be83a;372.51;6.663;UNKNOWN
2016-02-04T01:25:53.000000;2016-02-04T01:25:53.000000;70535ad7-00f5-440d-af60-8e203b1fa69e;372.45;3.93845507;UNKNOWN
2016-02-04T01:25:56.000000;2016-02-04T01:25:56.000000;74c9c8a8-6c73-43b5-8a69-28f2310b7c32;372.34;0.02472589;UNKNOWN
2016-02-04T01:27:03.000000;2016-02-04T01:27:03.000000;3209bd3e-d8d9-4160-8dd3-d00a78710297;372.65;10.27;UNKNOWN
2016-02-04T01:27:03.000000;2016-02-04T01:27:03.000000;1e94e489-8b93-4aa2-b8d9-9627e2b56666;372.7;2.0;UNKNOWN
2016-02-04T01:27:03.000000;2016-02-04T01:27:03.000000;7ec88a21-462d-44a7-80d7-4cd6262c5137;372.34;10.0;UNKNOWN
2016-02-04T01:27:03.000000;2016-02-04T01:27:03.000000;87fe71d5-efb7-483e-8595-0a7771f29d75;372.73;11.04334732;UNKNOWN
2016-02-04T01:27:03.000000;2016-02-04T01:27:03.000000;4a64a35e-d4ac-4ca4-b2b6-0e3638c0f819;372.69;36.7362;UNKNOWN
2016-02-04T01:27:03.000000;2016-02-04T01:27:03.000000;036919da-1cb0-4b3c-b6da-f218f1519248;372.64;6.7129;UNKNOWN
2016-02-04T01:27:03.000000;2016-02-04T01:27:03.000000;f99f0981-89de-4572-93a7-d6bb7c05afcf;372.34;23.23755268;UNKNOWN
2016-02-04T01:27:05.000000;2016-02-04T01:27:05.000000;26a5bfdf-9104-4481-aa0a-0d5ad7c4b8da;372.31;23.02;UNKNOWN
2016-02-04T01:27:15.000000;2016-02-04T01:27:15.000000;c18bca6b-eb0c-4ba4-bc42-f2b45870ea6b;372.74;6.0;UNKNOWN
2016-02-04T01:27:15.000000;2016-02-04T01:27:15.000000;85e132d5-8186-49b6-b078-70b3c196db4e;372.31;1.98;UNKNOWN
2016-02-04T01:27:15.000000;2016-02-04T01:27:15.000000;d431c045-a066-4349-998f-79b9f1a4eaa0;372.72;16.6964;UNKNOWN
2016-02-04T01:27:15.000000;2016-02-04T01:27:15.000000;71bf7876-06b8-413b-a3ce-9eeb1e86e187;372.74;3.0;UNKNOWN
2016-02-04T01:27:15.000000;2016-02-04T01:27:15.000000;1e08b130-5e4e-4cc0-85a3-7e7a1b46f561;372.74;12.0;UNKNOWN
2016-02-04T01:27:15.000000;2016-02-04T01:27:15.000000;00f074f4-7cab-4b4a-bccc-730b66d77291;372.31;23.02;UNKNOWN
2016-02-04T01:27:15.000000;2016-02-04T01:27:15.000000;09da13f8-61f8-4fd2-b657-27a336119cb8;372.31;29.9466;UNKNOWN
2016-02-04T01:27:15.000000;2016-02-04T01:27:15.000000;46f2e237-8c34-4c0e-99e4-f28dd5ce6874;372.75;7.357;UNKNOWN
2016-02-04T01:27:21.000000;2016-02-04T01:27:21.000000;6a8dfa3e-5804-4526-a606-8737e3e07ec3;372.64;0.5;UNKNOWN
2016-02-04T01:27:34.000000;2016-02-04T01:27:34.000000;351b97b7-fe98-4871-895f-ffe2e50ea66b;372.44;1.0;UNKNOWN
2016-02-04T01:28:20.000000;2016-02-04T01:28:20.000000;5a399a33-657c-4216-8fea-2b3f8fb9b0c8;372.77;10.0;UNKNOWN
2016-02-04T01:28:20.000000;2016-02-04T01:28:20.000000;a755d1f5-9cb2-4a3d-8d45-87770c51eeac;372.84;13.23268249;UNKNOWN
2016-02-04T01:28:20.000000;2016-02-04T01:28:20.000000;310de2c7-ec3b-4a7b-86c5-4f056464b7d6;372.76;8.0;UNKNOWN
2016-02-04T01:28:20.000000;2016-02-04T01:28:20.000000;9e157f73-8230-4c3b-8b0f-4cb54c80432e;372.7;1.0;UNKNOWN
2016-02-04T01:28:20.000000;2016-02-04T01:28:20.000000;520d4932-6904-4105-885d-4f5775b36863;372.84;0.01;UNKNOWN
2016-02-04T01:28:20.000000;2016-02-04T01:28:20.000000;ab7f8806-6706-4b69-ab55-0cc9ab7800b5;372.77;0.05;UNKNOWN
2016-02-04T01:28:20.000000;2016-02-04T01:28:20.000000;9781761b-04ba-4124-ac0d-5e67cf07564b;372.65;0.71121;UNKNOWN
2016-02-04T01:28:20.000000;2016-02-04T01:28:20.000000;4472d6e4-5b45-4240-ac1b-6853cd6985a6;372.62;6.6397;UNKNOWN
2016-02-04T01:28:20.000000;2016-02-04T01:28:20.000000;ff64583e-df15-4e64-b763-f99747b419d5;372.63;1.0;UNKNOWN
2016-02-04T01:29:13.000000;2016-02-04T01:29:13.000000;33b5b8a0-4c0b-4d28-a007-02547737a9d9;372.3;0.025;UNKNOWN
2016-02-04T01:29:22.000000;2016-02-04T01:29:22.000000;0d604379-bad0-4b3d-8366-82fe2a483d3d;372.31;0.0761;UNKNOWN
2016-02-04T01:29:48.000000;2016-02-04T01:29:48.000000;861bcc8a-9902-4545-9251-bd167fb826fc;372.44;6.6635;UNKNOWN
2016-02-04T01:29:48.000000;2016-02-04T01:29:48.000000;a5bb7799-79f9-4153-8a98-e5d40729b7fb;372.45;13.40151134;UNKNOWN
2016-02-04T01:29:48.000000;2016-02-04T01:29:48.000000;dcbeba0a-4493-46df-922a-a071c30a7c24;372.44;42.5613;UNKNOWN
2016-02-04T01:29:48.000000;2016-02-04T01:29:48.000000;972221bd-df6f-4d3b-b68b-ef597945824c;372.36;0.1102;UNKNOWN
2016-02-04T01:30:05.000000;2016-02-04T01:30:05.000000;17b4247b-1445-49c0-a60b-05f87070add5;372.37;1.946;UNKNOWN
2016-02-04T01:30:09.000000;2016-02-04T01:30:09.000000;92167ffe-d7c6-425d-a29d-ee52fabecd91;372.3;0.927;UNKNOWN
2016-02-04T01:30:09.000000;2016-02-04T01:30:09.000000;572985a7-64b6-488c-a8dd-5670f949bab1;372.31;0.073;UNKNOWN
2016-02-04T01:30:22.000000;2016-02-04T01:30:22.000000;18815548-bb04-458d-a689-5aac5bc79106;372.0;6.556;UNKNOWN
2016-02-04T01:30:22.000000;2016-02-04T01:30:22.000000;ed380462-20d2-406b-92f5-361d0558ac9b;372.3;3.1423;UNKNOWN
2016-02-04T01:30:22.000000;2016-02-04T01:30:22.000000;978e77ba-6e3d-4eab-abdc-9e9566e93dd6;372.01;0.3017;UNKNOWN
2016-02-04T01:30:23.000000;2016-02-04T01:30:23.000000;36e085ef-6b17-4ea5-91be-b45317b968f3;372.0;1.0;UNKNOWN
2016-02-04T01:30:47.000000;2016-02-04T01:30:47.000000;015e12d9-a7bd-4d1d-9a09-8896a32cd863;372.0;0.025;UNKNOWN
2016-02-04T01:30:59.000000;2016-02-04T01:30:59.000000;e4af8830-2058-4555-87e9-06a4f65abe06;372.0;1.0;UNKNOWN
2016-02-04T01:31:04.000000;2016-02-04T01:31:04.000000;6724a81e-a499-4057-a143-2447986d8c0f;372.0;0.1;UNKNOWN
2016-02-04T01:31:15.000000;2016-02-04T01:31:15.000000;27ab2e90-f8fc-4565-84d8-40756cce77ff;372.0;41.319;UNKNOWN
2016-02-04T01:31:30.000000;2016-02-04T01:31:30.000000;1fec51a9-ef36-4c8f-97f8-ab21a3029a38;371.96;0.5;UNKNOWN
2016-02-04T01:31:30.000000;2016-02-04T01:31:30.000000;9ff08669-2490-4fa9-beae-c0e04e955e2d;371.96;3.0;UNKNOWN
2016-02-04T01:31:30.000000;2016-02-04T01:31:30.000000;c911be3a-84e0-4eed-ad7f-ef23af43b869;371.96;6.5;UNKNOWN
2016-02-04T01:32:06.000000;2016-02-04T01:32:06.000000;d0cb33c8-7c23-4310-99b0-1dd1102598fb;371.96;1.0;UNKNOWN
2016-02-04T01:32:09.000000;2016-02-04T01:32:09.000000;2a669ef4-94c6-423a-b577-4c392186ac9d;371.9;1.0;UNKNOWN
2016-02-04T01:32:16.000000;2016-02-04T01:32:16.000000;43f27828-5576-4b9c-9825-fa2210ca875f;371.96;0.2;UNKNOWN
2016-02-04T01:32:17.000000;2016-02-04T01:32:17.000000;3e5019f7-3042-45bc-a283-fc38009c8815;371.9;0.0913608;UNKNOWN
2016-02-04T01:32:29.000000;2016-02-04T01:32:29.000000;5941e6e8-26f6-49f5-a305-54d71709dadd;371.6;0.01;UNKNOWN
2016-02-04T01:32:31.000000;2016-02-04T01:32:31.000000;ab2f78ab-a0c6-47d4-931d-79257bb9d282;371.4;0.01;UNKNOWN
2016-02-04T01:32:31.000000;2016-02-04T01:32:31.000000;61d81b2e-10e7-48e5-9849-a36283fcb7af;371.16;0.1;UNKNOWN
2016-02-04T01:32:31.000000;2016-02-04T01:32:31.000000;c57d2324-fa9e-4823-abc8-f396f4aef69d;371.2;0.01;UNKNOWN
2016-02-04T01:32:31.000000;2016-02-04T01:32:31.000000;e0014085-fda2-4926-8c1d-97bef265bdc0;370.99;0.25;UNKNOWN
2016-02-04T01:32:31.000000;2016-02-04T01:32:31.000000;d6b99901-6692-4eed-b006-14d0a9789df9;371.0;0.01;UNKNOWN
2016-02-04T01:32:31.000000;2016-02-04T01:32:31.000000;e59df1e9-e93f-4870-9943-e8acbd7f9636;370.99;0.37;UNKNOWN
2016-02-04T01:33:06.000000;2016-02-04T01:33:06.000000;5126b4ae-cb61-4aa6-bafd-f03a1c5264dd;371.47;0.15879248;UNKNOWN
2016-02-04T01:33:37.000000;2016-02-04T01:33:37.000000;a3fbed45-5a43-4d30-aa57-cd8cb64444cb;371.08;0.08878927;UNKNOWN
2016-02-04T01:33:46.000000;2016-02-04T01:33:46.000000;030fdcb2-6136-4593-ae93-1ddf8e9898b3;371.47;1.1;UNKNOWN
2016-02-04T01:33:47.000000;2016-02-04T01:33:47.000000;1772ac42-f84b-452e-a5ee-e5713c2862f0;371.11;0.03;UNKNOWN
2016-02-04T01:33:47.000000;2016-02-04T01:33:47.000000;64b16d7f-4067-4a91-94f1-6cb57a55d5fa;371.47;0.031;UNKNOWN
2016-02-04T01:33:47.000000;2016-02-04T01:33:47.000000;e1cc1ab6-09a6-4be9-b856-5d804ceaf453;371.46;0.42;UNKNOWN
2016-02-04T01:34:02.000000;2016-02-04T01:34:02.000000;4a25da90-2023-4a36-baaa-4f7470b553a7;370.79;0.0472682;UNKNOWN
2016-02-04T01:34:02.000000;2016-02-04T01:34:02.000000;a9d91db4-1016-4919-a79f-7a5f2f807d80;370.8;0.01;UNKNOWN
2016-02-04T01:34:02.000000;2016-02-04T01:34:02.000000;39c85ef8-7dca-4d38-9efa-2a93053f2c1e;370.8;0.01;UNKNOWN
2016-02-04T01:34:25.000000;2016-02-04T01:34:25.000000;b8c8e81c-4c3a-4148-a4b4-cb3f0699018a;371.3;1.1393;UNKNOWN
2016-02-04T01:34:25.000000;2016-02-04T01:34:25.000000;4beffb6c-9d7a-464c-a45d-46bd4b9633d2;371.3;0.5;UNKNOWN
2016-02-04T01:35:06.000000;2016-02-04T01:35:06.000000;d810f56a-47f4-4048-a1fc-fd29ba5b3669;371.36;0.01;UNKNOWN
2016-02-04T01:35:09.000000;2016-02-04T01:35:09.000000;09b63e17-4ad4-4d16-9db7-f07612aba386;371.36;2.5;UNKNOWN
2016-02-04T01:35:10.000000;2016-02-04T01:35:10.000000;e940d4e7-e91c-484b-b388-af1080f59204;371.13;0.5;UNKNOWN
2016-02-04T01:35:10.000000;2016-02-04T01:35:10.000000;1c30c3ac-b747-417c-aa05-d0dc667ebaf6;371.12;3.0;UNKNOWN
2016-02-04T01:35:10.000000;2016-02-04T01:35:10.000000;7c5db9b3-c625-432d-9b92-489a72f6f0b9;371.13;6.671;UNKNOWN
2016-02-04T01:35:17.000000;2016-02-04T01:35:17.000000;c414eabc-4185-475e-8a2b-f741b8212306;370.81;0.08074759;UNKNOWN
2016-02-04T01:35:26.000000;2016-02-04T01:35:26.000000;e5696ac8-f679-4520-bd1a-91735b6882b5;371.0;8.0;UNKNOWN
2016-02-04T01:36:14.000000;2016-02-04T01:36:14.000000;6f1aa983-a837-4ccc-a27a-3729e2c424c0;371.0;0.2;UNKNOWN
2016-02-04T01:36:15.000000;2016-02-04T01:36:15.000000;883e49d2-b716-440d-9144-2ccbc6cfdc6f;370.97;0.2544302;UNKNOWN
2016-02-04T01:36:46.000000;2016-02-04T01:36:46.000000;936f3ef5-6b07-4ea5-a0a9-19457abdc981;371.46;0.33;UNKNOWN
2016-02-04T01:36:46.000000;2016-02-04T01:36:46.000000;91910841-942f-4f1c-a20d-eafa0c147602;371.0;1.629;UNKNOWN
2016-02-04T01:36:46.000000;2016-02-04T01:36:46.000000;ae7dd92d-48d5-4ff6-b44f-b0d8aa85427e;371.47;6.6971;UNKNOWN
2016-02-04T01:36:46.000000;2016-02-04T01:36:46.000000;4ca2c8d9-ed43-4be9-acf9-9763f12a3625;371.47;15.72930786;UNKNOWN
2016-02-04T01:37:07.000000;2016-02-04T01:37:07.000000;71c0a347-7788-48f1-9c6f-28a54e717e7b;371.46;0.33;UNKNOWN
2016-02-04T01:37:17.000000;2016-02-04T01:37:17.000000;c2862ee2-3d7a-464a-9807-df5301b60c0b;371.96;11.57444417;UNKNOWN
2016-02-04T01:37:17.000000;2016-02-04T01:37:17.000000;b4a987da-62e7-47ca-ab7b-dc47fc2d9fee;371.78;17.9176;UNKNOWN
2016-02-04T01:37:17.000000;2016-02-04T01:37:17.000000;6dd8ef5d-d58b-473a-8ca2-4058876efd02;371.74;6.6813;UNKNOWN
2016-02-04T01:37:17.000000;2016-02-04T01:37:17.000000;32823c99-e399-47e3-8a36-dcf78be4586c;371.74;22.5318;UNKNOWN
2016-02-04T01:37:17.000000;2016-02-04T01:37:17.000000;cd179219-12e6-4bc8-bb04-2b955c1511a0;371.46;0.05;UNKNOWN
2016-02-04T01:37:17.000000;2016-02-04T01:37:17.000000;67205c8e-9b44-42bd-90a4-fba1770079d3;371.44;0.25;UNKNOWN
2016-02-04T01:37:37.000000;2016-02-04T01:37:37.000000;9542e879-a33b-4753-bcd1-a34c6d9a2669;371.84;0.5;UNKNOWN
2016-02-04T01:37:37.000000;2016-02-04T01:37:37.000000;696bb486-c5bc-4b4b-922c-9a7af2a93ca5;371.84;6.0;UNKNOWN
2016-02-04T01:37:37.000000;2016-02-04T01:37:37.000000;8d6e8f4d-1216-469a-8d3b-17c571693a03;371.76;3.8362;UNKNOWN
2016-02-04T01:37:37.000000;2016-02-04T01:37:37.000000;9be423a3-dfa0-4a5f-bfdb-e4b414529493;371.85;6.6638;UNKNOWN
2016-02-04T01:37:37.000000;2016-02-04T01:37:37.000000;d3df4c11-f7ab-477b-81d4-e38d747ffe0d;371.84;3.0;UNKNOWN
2016-02-04T01:38:07.000000;2016-02-04T01:38:07.000000;1ee2a2b3-9cfa-497c-a1c7-39fb27c6fbab;371.92;8.04826864;UNKNOWN
2016-02-04T01:38:17.000000;2016-02-04T01:38:17.000000;2a709827-3aeb-41fc-ab16-3a0d635a55f4;371.31;0.53920171;UNKNOWN
2016-02-04T01:38:31.000000;2016-02-04T01:38:31.000000;1460f09b-050f-4a84-872d-341e2cca9685;371.4;3.0;UNKNOWN
2016-02-04T01:38:31.000000;2016-02-04T01:38:31.000000;4ca18636-0e63-4d97-83e4-16cb6aa855cc;371.4;0.5;UNKNOWN
2016-02-04T01:38:31.000000;2016-02-04T01:38:31.000000;ac37137a-d7ad-487b-9856-acb90c56c6cc;371.39;4.5;UNKNOWN
2016-02-04T01:42:27.000000;2016-02-04T01:42:27.000000;cbf6e883-7e41-4858-8ad8-ef2e92984f4a;371.48;0.4582351;UNKNOWN
2016-02-04T01:43:06.000000;2016-02-04T01:43:06.000000;96ff1735-dd7d-40bc-a4f9-f383ab54c803;371.5;10.0;UNKNOWN
2016-02-04T01:43:14.000000;2016-02-04T01:43:14.000000;731037fa-068f-4dd0-bb5a-1b6b05a7f1b6;371.49;16.171514;UNKNOWN
2016-02-04T01:44:54.000000;2016-02-04T01:44:54.000000;7fd96d48-60c6-44ff-a76f-63d24f2987a9;371.48;1.0;UNKNOWN
2016-02-04T01:45:05.000000;2016-02-04T01:45:05.000000;f0222ece-f1a0-4dd6-b1bc-9218579ba166;371.49;4.0;UNKNOWN
2016-02-04T01:45:51.000000;2016-02-04T01:45:51.000000;32258b02-d51f-429e-a25d-5fa2b9961f1e;371.49;0.23178405;UNKNOWN
2016-02-04T01:46:27.000000;2016-02-04T01:46:27.000000;b26121b5-ef4b-4f39-909c-17b45e75541f;371.48;0.5415644;UNKNOWN
2016-02-04T01:48:23.000000;2016-02-04T01:48:23.000000;098694c8-a23c-4912-b66d-c52eee2f468d;371.5;0.065;UNKNOWN
2016-02-04T01:49:08.000000;2016-02-04T01:49:08.000000;32318b97-1e56-4114-b6de-5284462ae2aa;371.44;0.02028;UNKNOWN
2016-02-04T01:50:34.000000;2016-02-04T01:50:34.000000;87962775-f00b-4092-89bf-f5b12a23d28d;371.49;1.0;UNKNOWN
2016-02-04T01:50:36.000000;2016-02-04T01:50:36.000000;a2ffd2f2-4e4b-4763-a87f-39e828e54877;371.47;0.02027;UNKNOWN
2016-02-04T01:50:37.000000;2016-02-04T01:50:37.000000;8f3fcf2b-2c8a-4a8a-b2bb-a835425d6aa9;371.47;0.56131722;UNKNOWN
2016-02-04T01:50:52.000000;2016-02-04T01:50:52.000000;59d3434b-e0ef-4fbc-85bf-f52021b89421;371.47;0.0653;UNKNOWN
2016-02-04T01:51:22.000000;2016-02-04T01:51:22.000000;8a9e4ed5-643f-40ce-a6df-265bcefa54d5;371.48;6.6649;UNKNOWN
2016-02-04T01:52:18.000000;2016-02-04T01:52:18.000000;a44450ee-4426-4f79-b7f9-a4acc98cd503;371.47;1.348;UNKNOWN
2016-02-04T01:55:05.000000;2016-02-04T01:55:05.000000;21a21e56-fd0a-4b7a-be23-7df5b09875b6;371.5;1.51169932;UNKNOWN
2016-02-04T01:55:05.000000;2016-02-04T01:55:05.000000;3f8a49b1-5a29-48e7-b455-23db54ebd4fc;371.49;1.19;UNKNOWN
2016-02-04T01:57:53.000000;2016-02-04T01:57:53.000000;706a09d5-8450-4b1b-98cb-38d7e629ce06;371.48;0.3;UNKNOWN
2016-02-04T01:59:16.000000;2016-02-04T01:59:16.000000;26e6fa36-0ebe-434d-b365-a333ad22ee4c;371.47;0.01809824;UNKNOWN
2016-02-04T01:59:16.000000;2016-02-04T01:59:16.000000;13a17d6c-c170-4bf3-bbde-1c8836a7e988;371.46;4.98190176;UNKNOWN
2016-02-04T01:59:38.000000;2016-02-04T01:59:38.000000;42653c44-0964-4bfa-a290-41cf09aeb256;371.46;0.0401;UNKNOWN
2016-02-04T02:00:01.000000;2016-02-04T02:00:01.000000;5406cf36-68c4-4aba-bbcf-dc37bcf233c6;371.3;2.0;UNKNOWN
2016-02-04T02:00:01.000000;2016-02-04T02:00:01.000000;d93c759e-e9f4-4957-9bd1-d0ecb0579558;371.46;2.61505824;UNKNOWN
2016-02-04T02:00:01.000000;2016-02-04T02:00:01.000000;d2687210-dae2-4b65-89fc-bab56a9714da;371.3;2.38494176;UNKNOWN
2016-02-04T02:00:01.000000;2016-02-04T02:00:01.000000;d72f2f25-0043-467c-a762-69a052dfa0d8;371.37;1.0;UNKNOWN
2016-02-04T02:00:38.000000;2016-02-04T02:00:38.000000;e97de818-1ea6-43b5-be71-8cf369e4f366;371.37;0.16011101;UNKNOWN
2016-02-04T02:01:20.000000;2016-02-04T02:01:20.000000;6ec9cf41-b918-46b2-8afd-047134336dfc;371.42;0.3000419;UNKNOWN
2016-02-04T02:01:47.000000;2016-02-04T02:01:47.000000;8aebfa0e-d4b9-4766-b7ee-314c700d221d;371.44;0.5;UNKNOWN
2016-02-04T02:01:47.000000;2016-02-04T02:01:47.000000;c8df25b6-640f-4034-857a-223279c60d03;371.43;1.11725677;UNKNOWN
2016-02-04T02:02:05.000000;2016-02-04T02:02:05.000000;562bcd3e-6491-4591-8685-60c08986da6a;371.42;0.6;UNKNOWN
2016-02-04T02:02:20.000000;2016-02-04T02:02:20.000000;9b60f247-e2c5-4d97-b106-aa198cbef0b7;371.5;10.0;UNKNOWN
2016-02-04T02:03:16.000000;2016-02-04T02:03:16.000000;44cd8bc3-dd69-494f-a786-3c8abcb5a7bc;371.45;0.04358861;UNKNOWN
2016-02-04T02:03:16.000000;2016-02-04T02:03:16.000000;e0b3e947-ffdf-4f88-ac9e-3278b195567c;371.45;0.5;UNKNOWN
2016-02-04T02:04:03.000000;2016-02-04T02:04:03.000000;c50a5cdd-51df-46b9-bb1b-6545990b7a2f;371.46;0.5;UNKNOWN
2016-02-04T02:04:07.000000;2016-02-04T02:04:07.000000;3d035070-509c-450c-8ef6-44629db7c470;371.48;0.01;UNKNOWN
2016-02-04T02:04:28.000000;2016-02-04T02:04:28.000000;03434bc2-5ae6-470b-b473-e09e1c110026;371.46;0.02737051;UNKNOWN
2016-02-04T02:04:30.000000;2016-02-04T02:04:30.000000;f180d9ad-8b49-4aef-84d6-32fbef2332a2;371.48;8.02925;UNKNOWN
2016-02-04T02:05:00.000000;2016-02-04T02:05:00.000000;58084a62-0730-4f45-ba96-a3f05a87a1a4;371.49;8.0;UNKNOWN
2016-02-04T02:05:16.000000;2016-02-04T02:05:16.000000;61384b93-ad95-494a-84f1-d8a0f0e3d396;371.51;0.18795;UNKNOWN
2016-02-04T02:05:16.000000;2016-02-04T02:05:16.000000;e77e3194-34a4-4f23-bee1-622dc1937d4c;371.49;15.9503;UNKNOWN
2016-02-04T02:05:16.000000;2016-02-04T02:05:16.000000;ad0cba3a-5866-4d44-b331-ce32fc19db70;371.5;18.42330068;UNKNOWN
2016-02-04T02:05:16.000000;2016-02-04T02:05:16.000000;72945162-1e17-449e-84dc-76bcb8497bce;371.73;8.71564932;UNKNOWN
2016-02-04T02:05:16.000000;2016-02-04T02:05:16.000000;85bb59cc-3e19-49e8-bf90-0ae4a8c4e22e;371.73;6.7228;UNKNOWN
2016-02-04T02:05:20.000000;2016-02-04T02:05:20.000000;39834195-45ee-47dd-8ad7-1bf68824fb66;371.52;0.84980157;UNKNOWN
2016-02-04T02:06:05.000000;2016-02-04T02:06:05.000000;ced0210c-502c-4a06-9124-f5f2b6527748;371.79;4.0;UNKNOWN
2016-02-04T02:06:17.000000;2016-02-04T02:06:17.000000;dab772ef-53e0-4439-bc5c-3da4e424cb67;371.56;3.0;UNKNOWN
2016-02-04T02:06:34.000000;2016-02-04T02:06:34.000000;27598d34-6946-47d3-8d25-fed07e139f04;371.69;3.8;UNKNOWN
2016-02-04T02:07:10.000000;2016-02-04T02:07:10.000000;494f2489-6f73-4598-bac8-1bfe435d33da;371.77;2.0;UNKNOWN
2016-02-04T02:07:12.000000;2016-02-04T02:07:12.000000;fb07dc15-d205-46d8-8b00-8270ce2f8b8b;371.76;2.0;UNKNOWN
2016-02-04T02:07:14.000000;2016-02-04T02:07:14.000000;bcd4fecd-5cf1-45b4-ba88-92ad5e00e2d0;371.77;2.0;UNKNOWN
2016-02-04T02:08:05.000000;2016-02-04T02:08:05.000000;238b3605-10e3-4b87-af99-7e477e317c97;371.79;0.27;UNKNOWN
2016-02-04T02:08:06.000000;2016-02-04T02:08:06.000000;2835ae0e-ffd0-4312-b193-16dea1a45d69;371.8;1.53969377;UNKNOWN
2016-02-04T02:08:06.000000;2016-02-04T02:08:06.000000;772d847e-b68e-46b8-85df-31a73c7d9f40;371.79;6.4032;UNKNOWN
2016-02-04T02:08:31.000000;2016-02-04T02:08:31.000000;8644f52a-349d-4f6a-99ce-f036a0409843;371.6;1.44506983;UNKNOWN
2016-02-04T02:09:18.000000;2016-02-04T02:09:18.000000;79e01eec-99bc-4690-a5e8-800f97047181;371.76;0.0473;UNKNOWN
2016-02-04T02:10:44.000000;2016-02-04T02:10:44.000000;adfb0420-0b80-4ca6-bf1e-e4d3f0c9c1d6;371.62;3.0;UNKNOWN
2016-02-04T02:10:44.000000;2016-02-04T02:10:44.000000;a0d8c9da-4ac5-46ab-a26a-de32be857041;371.62;0.5;UNKNOWN
2016-02-04T02:10:44.000000;2016-02-04T02:10:44.000000;bc6b5d24-d862-4fc9-8f4c-85aee4a0d59f;371.61;1.4;UNKNOWN
2016-02-04T02:10:49.000000;2016-02-04T02:10:49.000000;baa2fc7f-1fe5-44ca-8088-a9eb894bdc06;371.63;0.13465898;UNKNOWN
2016-02-04T02:12:16.000000;2016-02-04T02:12:16.000000;9fbe1368-dca8-4ebd-8251-5086b9eacc08;371.53;0.05469947;UNKNOWN
2016-02-04T02:12:40.000000;2016-02-04T02:12:40.000000;387094ca-b1af-4c0b-80fe-b48ce2e099e2;371.53;4.0;UNKNOWN
2016-02-04T02:14:08.000000;2016-02-04T02:14:08.000000;d4762c4f-c19e-427a-98c8-b725c955f230;371.28;0.31455564;UNKNOWN
2016-02-04T02:15:04.000000;2016-02-04T02:15:04.000000;1cd790c7-3d43-4584-9fa2-3a9b20d78362;371.45;0.1;UNKNOWN
2016-02-04T02:16:46.000000;2016-02-04T02:16:46.000000;250d9488-ea24-4f5c-9dd9-8f88f784250e;371.34;0.83722732;UNKNOWN
2016-02-04T02:17:24.000000;2016-02-04T02:17:24.000000;bff6124b-4d96-47e1-b4ce-0ca4fd689442;371.33;0.0811476;UNKNOWN
2016-02-04T02:17:24.000000;2016-02-04T02:17:24.000000;e38dc785-7c8a-4d55-baf6-6f4d125f65e9;371.34;0.0188524;UNKNOWN
2016-02-04T02:18:05.000000;2016-02-04T02:18:05.000000;b837f48e-5726-4e2e-baff-5c197eb46550;371.53;1.0;UNKNOWN
2016-02-04T02:18:05.000000;2016-02-04T02:18:05.000000;a8ca67b1-5da6-4100-b078-a083c0e87741;371.52;0.5;UNKNOWN
2016-02-04T02:18:47.000000;2016-02-04T02:18:47.000000;a462fa3c-51a1-40e8-a14c-72ecf1ccd8fd;371.37;0.21019805;UNKNOWN
2016-02-04T02:20:37.000000;2016-02-04T02:20:37.000000;7c43fbb1-0844-441a-9fe8-2f684b1462ca;371.33;0.02354289;UNKNOWN
2016-02-04T02:20:37.000000;2016-02-04T02:20:37.000000;c14b9f1a-d764-467e-8c27-804835abcc3c;371.32;0.03774631;UNKNOWN
2016-02-04T02:20:41.000000;2016-02-04T02:20:41.000000;691d4b0f-80e3-4817-b0cd-f3209c261db8;371.32;1.703;UNKNOWN
2016-02-04T02:21:38.000000;2016-02-04T02:21:38.000000;9a9d6400-f885-4286-a801-f32159c7c15b;371.26;0.33308463;UNKNOWN
2016-02-04T02:21:42.000000;2016-02-04T02:21:42.000000;6ee284b7-e181-4223-b6ff-196f571c12a8;371.26;0.79;UNKNOWN
2016-02-04T02:21:47.000000;2016-02-04T02:21:47.000000;2d3b29a9-3160-4e26-a242-bdc0e3f02775;371.25;0.26957178;UNKNOWN
2016-02-04T02:22:30.000000;2016-02-04T02:22:30.000000;f4200f9b-df27-4e32-9256-ce9e9985f223;371.25;1.35;UNKNOWN
2016-02-04T02:22:44.000000;2016-02-04T02:22:44.000000;a86907db-e4c4-486a-a9c1-e1f4c44f5121;371.33;0.952127;UNKNOWN
2016-02-04T02:23:02.000000;2016-02-04T02:23:02.000000;681a1033-7743-463c-85a3-6e16ce7c679f;371.3;11.2812;UNKNOWN
2016-02-04T02:23:38.000000;2016-02-04T02:23:38.000000;b6225179-e655-4795-8927-59ca716b615e;371.21;0.0266688;UNKNOWN
2016-02-04T02:24:48.000000;2016-02-04T02:24:48.000000;28386954-9b95-40bd-ab97-3869c36aa30b;371.22;0.04044775;UNKNOWN
2016-02-04T02:25:06.000000;2016-02-04T02:25:06.000000;55130b59-ca94-4bed-9b65-adfdf4dd64c2;371.45;0.0134909;UNKNOWN
2016-02-04T02:25:07.000000;2016-02-04T02:25:07.000000;f2361182-368c-4c44-9e5b-4cfad20d0761;371.5;0.1098909;UNKNOWN
2016-02-04T02:25:07.000000;2016-02-04T02:25:07.000000;d06da985-311d-4ce5-9985-d8ab0414578a;371.45;0.0901091;UNKNOWN
2016-02-04T02:28:06.000000;2016-02-04T02:28:06.000000;f795f364-abcd-49ce-a241-811d7e09c430;371.27;0.70954518;UNKNOWN
2016-02-04T02:30:47.000000;2016-02-04T02:30:47.000000;b41ac2ed-4af6-4f28-912d-eabcecaafbe4;371.15;0.80915117;UNKNOWN
2016-02-04T02:32:26.000000;2016-02-04T02:32:26.000000;4877d90b-e090-4a9f-a889-ece7a79d93fc;371.3;0.01045509;UNKNOWN
2016-02-04T02:32:41.000000;2016-02-04T02:32:41.000000;7650b148-31b8-4ec0-9878-a03a7f4cb7cd;371.39;0.5;UNKNOWN
2016-02-04T02:33:41.000000;2016-02-04T02:33:41.000000;f2d78005-388e-4664-8a80-71426eb26020;371.38;1.49;UNKNOWN
2016-02-04T02:34:54.000000;2016-02-04T02:34:54.000000;7085ce5d-3e09-43cd-a7ee-5f27e5fbd7a7;371.39;1.0;UNKNOWN
2016-02-04T02:35:06.000000;2016-02-04T02:35:06.000000;5d51230a-f284-4954-b0dd-e56442b7284c;371.4;1.00454481;UNKNOWN
2016-02-04T02:35:09.000000;2016-02-04T02:35:09.000000;60033916-1a70-4857-8a32-737bd2a0fb92;371.4;1.7;UNKNOWN
2016-02-04T02:35:22.000000;2016-02-04T02:35:22.000000;c6aca2cd-6428-4b3b-a02e-8e8938fb1908;371.39;0.05472714;UNKNOWN
2016-02-04T02:36:48.000000;2016-02-04T02:36:48.000000;de38641a-19ea-46be-b52d-e513358e1435;371.39;0.07277263;UNKNOWN
2016-02-04T02:38:02.000000;2016-02-04T02:38:02.000000;312b7a88-f7ac-4824-9bc5-f3e911b796c8;371.39;0.2693;UNKNOWN
2016-02-04T02:40:05.000000;2016-02-04T02:40:05.000000;615cd418-75be-4c94-b731-3517152624bd;371.39;0.15777484;UNKNOWN
2016-02-04T02:40:15.000000;2016-02-04T02:40:15.000000;53ce0157-8292-471c-b09d-3e5c5d37afaa;371.38;20.0;UNKNOWN
2016-02-04T02:41:31.000000;2016-02-04T02:41:31.000000;74bb9ae6-b1da-471d-ba61-595bfc06d6c3;371.39;1.36;UNKNOWN
2016-02-04T02:41:31.000000;2016-02-04T02:41:31.000000;a0182035-39eb-40b1-a6f9-30cecbff50f3;371.39;1.09222516;UNKNOWN
2016-02-04T02:41:31.000000;2016-02-04T02:41:31.000000;db9d90e1-4cf1-4e5e-b681-fd8a0ea64839;371.4;0.38545519;UNKNOWN
2016-02-04T02:41:31.000000;2016-02-04T02:41:31.000000;ce41e43c-88b2-491d-b54f-531e1b163b00;371.39;5.1701;UNKNOWN
2016-02-04T02:43:05.000000;2016-02-04T02:43:05.000000;8b16e594-63dd-467b-80bd-8954421b29a6;371.49;0.1;UNKNOWN
2016-02-04T02:43:05.000000;2016-02-04T02:43:05.000000;7c6d1b13-db35-4dd0-823a-f5277e45248a;371.54;1.545;UNKNOWN
2016-02-04T02:43:06.000000;2016-02-04T02:43:06.000000;b84411df-3a32-4bca-9069-c9be14aec2ed;371.54;0.18210638;UNKNOWN
2016-02-04T02:43:06.000000;2016-02-04T02:43:06.000000;694e7c13-398e-41f8-96c4-5e85e47a0126;371.53;3.0;UNKNOWN
2016-02-04T02:43:17.000000;2016-02-04T02:43:17.000000;b308bc80-496f-4e90-af34-5d22bdc3471f;371.53;0.53981;UNKNOWN
2016-02-04T02:45:57.000000;2016-02-04T02:45:57.000000;1a0f17d7-ff9b-4ca5-ae85-0721bb804299;371.53;0.53981;UNKNOWN
2016-02-04T02:47:06.000000;2016-02-04T02:47:06.000000;fd474bb5-9f2b-4ce4-8f11-995759ecfe25;371.53;10.0;UNKNOWN
2016-02-04T02:48:06.000000;2016-02-04T02:48:06.000000;65f49f8c-0e9d-42bf-b080-698412abc182;371.53;8.1;UNKNOWN
2016-02-04T02:50:05.000000;2016-02-04T02:50:05.000000;7b21137f-1d35-4ab4-94c5-acdbb18cd15f;371.54;0.01000121;UNKNOWN
2016-02-04T02:50:52.000000;2016-02-04T02:50:52.000000;305acc65-fea5-43b2-818e-224d807f6d46;371.54;3.0;UNKNOWN
2016-02-04T02:53:05.000000;2016-02-04T02:53:05.000000;596fd84d-7af7-4c3c-a285-d7aad3dd5e6b;371.54;1.34376092;UNKNOWN
2016-02-04T02:53:08.000000;2016-02-04T02:53:08.000000;bb01f234-fdc1-4658-ba91-eeb50b1c8a69;371.45;8.56388;UNKNOWN
2016-02-04T02:53:08.000000;2016-02-04T02:53:08.000000;2ab998ae-b7ef-4543-b351-9e4e373b35fa;371.39;6.6556;UNKNOWN
2016-02-04T02:53:08.000000;2016-02-04T02:53:08.000000;f53fcd95-7136-4122-8834-99480770ca6d;371.3;1.01095791;UNKNOWN
2016-02-04T02:53:08.000000;2016-02-04T02:53:08.000000;440eacf2-8927-49ee-8ecc-0746325fce76;371.3;5.3;UNKNOWN
2016-02-04T02:53:08.000000;2016-02-04T02:53:08.000000;8f5b1129-b2ad-4607-b74b-8fe5cb14250d;371.53;0.0186;UNKNOWN
2016-02-04T02:53:08.000000;2016-02-04T02:53:08.000000;09062f88-dd66-4be0-9804-7c384e8b5c33;371.34;5.3;UNKNOWN
2016-02-04T02:53:08.000000;2016-02-04T02:53:08.000000;e7f38cec-a814-4214-86e8-6f7f7fcbbebe;371.38;7.43442;UNKNOWN
2016-02-04T02:53:08.000000;2016-02-04T02:53:08.000000;98469370-bb2f-4eed-a4e5-6ddc28a1c730;371.27;3.71654209;UNKNOWN
2016-02-04T02:53:35.000000;2016-02-04T02:53:35.000000;0703fff9-cca0-4d22-9970-fc085f484a59;371.49;9.45756;UNKNOWN
2016-02-04T02:53:54.000000;2016-02-04T02:53:54.000000;797119c0-db08-4937-af8f-3870d7b18dd3;371.3;0.5;UNKNOWN
2016-02-04T02:53:54.000000;2016-02-04T02:53:54.000000;8e3036e0-35d0-4c67-8a51-ff71abaac479;371.3;3.0;UNKNOWN
2016-02-04T02:53:54.000000;2016-02-04T02:53:54.000000;76448fb2-e6e1-4ccb-ad2f-0ee3017fa15c;371.3;5.35531;UNKNOWN
2016-02-04T02:55:05.000000;2016-02-04T02:55:05.000000;71fd2344-fec6-4027-8f36-7c3c452f96d9;371.28;0.77;UNKNOWN
2016-02-04T02:55:13.000000;2016-02-04T02:55:13.000000;ebb1cf6c-f3ce-4998-8017-a288779e08e0;372.0;100.0;UNKNOWN
2016-02-04T02:55:13.000000;2016-02-04T02:55:13.000000;27ca96c7-f03f-4266-8e89-312ea1679ebb;371.67;15.0;UNKNOWN
2016-02-04T02:55:13.000000;2016-02-04T02:55:13.000000;7b300f81-ea68-4a55-904e-55b03063989f;372.0;0.02;UNKNOWN
2016-02-04T02:55:13.000000;2016-02-04T02:55:13.000000;d20fbcae-abab-4915-8909-43079ec49586;371.95;17.7701;UNKNOWN
2016-02-04T02:55:13.000000;2016-02-04T02:55:13.000000;9f5c0258-2be6-427a-b74d-d8c1658d9bcb;371.54;8.91913149;UNKNOWN
2016-02-04T02:55:13.000000;2016-02-04T02:55:13.000000;eaa85552-8a83-448c-bcc8-c0f31618a38c;371.78;17.9232;UNKNOWN
2016-02-04T02:55:13.000000;2016-02-04T02:55:13.000000;7a7cf78b-d2a1-476b-a448-520bcb5a5c3a;371.63;15.914;UNKNOWN
2016-02-04T02:55:13.000000;2016-02-04T02:55:13.000000;980f10de-6f79-40a3-9ad7-0040c208ab8a;371.47;16.5445;UNKNOWN
2016-02-04T02:55:13.000000;2016-02-04T02:55:13.000000;fecd1bba-8b2a-41e5-aa61-a62368d1b5cb;371.38;6.6665;UNKNOWN
2016-02-04T02:55:13.000000;2016-02-04T02:55:13.000000;1f0fa816-2a22-4675-99fd-a2dfddb8131d;371.39;20.0382;UNKNOWN
2016-02-04T02:55:13.000000;2016-02-04T02:55:13.000000;65367228-2740-4c0e-9b93-d2ecef80cb9b;371.65;2.0;UNKNOWN
2016-02-04T02:55:13.000000;2016-02-04T02:55:13.000000;ef91ca4d-bbe4-4c98-9094-88f04d920dfe;371.34;12.8915;UNKNOWN
2016-02-04T02:55:13.000000;2016-02-04T02:55:13.000000;2c926d65-8983-40da-a1b4-fb683067d13a;371.42;12.5;UNKNOWN
2016-02-04T02:55:13.000000;2016-02-04T02:55:13.000000;f87c0d76-eaa8-4d41-ad58-483296fe2070;371.9;0.1;UNKNOWN
2016-02-04T02:55:13.000000;2016-02-04T02:55:13.000000;2c2ffa61-f405-4bd7-a216-967996db863b;372.03;0.01;UNKNOWN
2016-02-04T02:55:13.000000;2016-02-04T02:55:13.000000;b7aad16a-2758-4945-a7f8-bf4ce6cc55a0;372.04;0.01;UNKNOWN
2016-02-04T02:55:13.000000;2016-02-04T02:55:13.000000;7fae4ac1-9b4c-46a7-b392-2ae9686a53a0;372.09;2.52;UNKNOWN
2016-02-04T02:55:13.000000;2016-02-04T02:55:13.000000;d6e9d201-706c-4d84-a8f0-1d15993df1e4;372.1;1.55440064;UNKNOWN
2016-02-04T02:55:13.000000;2016-02-04T02:55:13.000000;83cc730c-ff9d-41dd-8e18-ac52026a9717;372.09;1.74;UNKNOWN
2016-02-04T02:55:13.000000;2016-02-04T02:55:13.000000;f515cb4c-be33-4a41-8af7-4d530ad1f0fc;372.08;2.52;UNKNOWN
2016-02-04T02:55:30.000000;2016-02-04T02:55:30.000000;8e670cb9-df08-4a48-86e8-ac5aa634dcbd;371.66;0.125;UNKNOWN
2016-02-04T02:55:33.000000;2016-02-04T02:55:33.000000;52bf70f3-803b-45ee-8e76-3660c5f4287e;371.73;0.039;UNKNOWN
2016-02-04T02:55:34.000000;2016-02-04T02:55:34.000000;b7260214-ae6d-436b-8ed9-fb82d02a1fd0;371.76;2.481;UNKNOWN
2016-02-04T02:55:34.000000;2016-02-04T02:55:34.000000;b6953851-ae65-4526-8cd7-94060e245a69;371.75;2.519;UNKNOWN
2016-02-04T02:55:48.000000;2016-02-04T02:55:48.000000;276c5a43-a640-42cb-b2a6-3498c30a9132;371.65;5.0;UNKNOWN
2016-02-04T02:55:59.000000;2016-02-04T02:55:59.000000;a9956585-77ac-45f2-a6cb-71f3f6a2198e;371.65;6.6722;UNKNOWN
2016-02-04T02:55:59.000000;2016-02-04T02:55:59.000000;ad564278-1c56-45c6-945b-44e48a4a47bf;371.64;2.409;UNKNOWN
2016-02-04T02:55:59.000000;2016-02-04T02:55:59.000000;6a379b4e-5719-4ad7-9b15-bdb7608d2374;371.64;10.9188;UNKNOWN
2016-02-04T02:56:02.000000;2016-02-04T02:56:02.000000;952de168-ee1c-46e5-b4aa-3782a9fb256d;371.64;5.0;UNKNOWN
2016-02-04T02:56:15.000000;2016-02-04T02:56:15.000000;6388fd95-e9ee-4237-a8b5-4eee61e66ede;371.64;2.36768;UNKNOWN
2016-02-04T02:56:15.000000;2016-02-04T02:56:15.000000;8e57db63-e774-4f79-b16e-7289516c627f;371.2;0.00232;UNKNOWN
2016-02-04T02:56:16.000000;2016-02-04T02:56:16.000000;07b313cf-c4d1-4a5a-b619-4ad212195366;371.2;0.55817636;UNKNOWN
2016-02-04T02:56:17.000000;2016-02-04T02:56:17.000000;13b1f23c-c160-4e15-a0bb-90e2086e2815;371.2;0.56326297;UNKNOWN
2016-02-04T02:56:37.000000;2016-02-04T02:56:37.000000;56f066fc-083d-48e7-8c5f-f7022a6024bd;371.75;2.4;UNKNOWN
2016-02-04T02:56:45.000000;2016-02-04T02:56:45.000000;5b67fe14-02ca-43df-83b4-402b23f51d57;371.45;0.034;UNKNOWN
2016-02-04T02:57:05.000000;2016-02-04T02:57:05.000000;a93cbc3c-f96c-48cc-a4a3-a8acf5a6fa50;371.42;4.47300787;UNKNOWN
2016-02-04T02:58:43.000000;2016-02-04T02:58:43.000000;444dfd76-70a7-4ec1-9ac6-884da134443e;371.6;5.0;UNKNOWN
2016-02-04T02:58:56.000000;2016-02-04T02:58:56.000000;f2d8e603-b2b3-445e-b510-eeb267163d15;371.6;3.93;UNKNOWN
2016-02-04T02:58:56.000000;2016-02-04T02:58:56.000000;f400251f-9a9c-47ca-b89d-46d095d46eba;371.68;0.02;UNKNOWN
2016-02-04T02:59:10.000000;2016-02-04T02:59:10.000000;24cc6c02-9b71-48fe-b50c-a220fe1447ee;371.6;0.02;UNKNOWN
2016-02-04T03:00:12.000000;2016-02-04T03:00:12.000000;2be7cf2b-5031-4426-ba19-13ba820e75c5;371.6;0.00114;UNKNOWN
2016-02-04T03:00:12.000000;2016-02-04T03:00:12.000000;0f1fd367-cbe4-461f-8118-845718cb8abf;371.58;4.99886;UNKNOWN
2016-02-04T03:00:54.000000;2016-02-04T03:00:54.000000;c6d680ca-8a4e-4ceb-9b61-08c7006252ab;371.58;2.08;UNKNOWN
2016-02-04T03:01:05.000000;2016-02-04T03:01:05.000000;58a5e6d9-70d8-4e73-b864-e466114410e7;371.58;0.00328;UNKNOWN
2016-02-04T03:01:05.000000;2016-02-04T03:01:05.000000;6add8b0c-ece7-4151-978b-706a11e1fd6b;371.42;0.99672;UNKNOWN
2016-02-04T03:02:07.000000;2016-02-04T03:02:07.000000;36d978bf-78be-41c5-9b83-fa42ae91b3dc;371.43;0.40245802;UNKNOWN
2016-02-04T03:02:07.000000;2016-02-04T03:02:07.000000;123ae7bb-888b-4d63-af8d-c5cceabe574e;371.44;0.5;UNKNOWN
2016-02-04T03:06:27.000000;2016-02-04T03:06:27.000000;b9915a18-bb33-4dac-b4a1-f7bef9898081;371.5;5.0;UNKNOWN
2016-02-04T03:07:05.000000;2016-02-04T03:07:05.000000;e781a831-a9d0-474b-9fa6-b4e9827edf1b;371.76;6.71;UNKNOWN
2016-02-04T03:07:05.000000;2016-02-04T03:07:05.000000;4200b00a-7360-4b76-bc5d-6df54bf5ea45;371.77;1.26299016;UNKNOWN
2016-02-04T03:07:05.000000;2016-02-04T03:07:05.000000;7b69b89e-d332-4d8c-9e83-e15f7fd3e9a8;371.74;2.0;UNKNOWN
2016-02-04T03:07:05.000000;2016-02-04T03:07:05.000000;d0111326-bd35-4c30-8c71-b5b3ea49051c;371.66;0.02700984;UNKNOWN
2016-02-04T03:07:06.000000;2016-02-04T03:07:06.000000;91a6d6eb-8815-4eda-9ae7-feba446fb721;371.77;0.05561872;UNKNOWN
2016-02-04T03:07:08.000000;2016-02-04T03:07:08.000000;57ecd8bf-30ed-4303-bf7e-8fedd93cbdde;371.77;0.68139112;UNKNOWN
2016-02-04T03:07:08.000000;2016-02-04T03:07:08.000000;821da1cf-26ed-4f90-9d52-856373e4c23d;371.98;1.40790821;UNKNOWN
2016-02-04T03:07:18.000000;2016-02-04T03:07:18.000000;6191dd99-e715-4808-bf13-da2c1610ac8e;371.98;17.7555;UNKNOWN
2016-02-04T03:13:18.000000;2016-02-04T03:13:18.000000;89924f1e-80b5-4962-9ec4-4a8193f46232;371.5;0.02027;UNKNOWN
2016-02-04T03:15:03.000000;2016-02-04T03:15:03.000000;e1e22245-4169-43ab-a76f-e73f5135502f;371.5;0.1;UNKNOWN
2016-02-04T03:18:58.000000;2016-02-04T03:18:58.000000;49c1f35f-7f31-4b0c-98b8-747f45a27e02;371.54;10.0;UNKNOWN
2016-02-04T03:20:05.000000;2016-02-04T03:20:05.000000;0709ad48-e929-4bde-bbbe-30a8bf455406;371.68;0.01418071;UNKNOWN
2016-02-04T03:20:05.000000;2016-02-04T03:20:05.000000;ec571b57-d3f1-4dae-a11b-264c339d5271;371.68;0.17298229;UNKNOWN
2016-02-04T03:23:16.000000;2016-02-04T03:23:16.000000;03901cbf-f68a-40d2-ba5d-5aa7f830c6b0;371.53;4.0;UNKNOWN
2016-02-04T03:23:25.000000;2016-02-04T03:23:25.000000;851f69bc-ed83-4878-a5c0-2bea481fdfb0;371.53;0.04;UNKNOWN
2016-02-04T03:24:57.000000;2016-02-04T03:24:57.000000;08af2b5f-de60-457f-bb1e-fce5b3632864;371.5;1.0;UNKNOWN
2016-02-04T03:25:05.000000;2016-02-04T03:25:05.000000;20fd30e0-aecc-4d4f-aed0-e581e4b55bc5;371.53;2.70779347;UNKNOWN
2016-02-04T03:25:59.000000;2016-02-04T03:25:59.000000;e01fdc0a-780c-4eb8-89ad-6a4f7eafcc87;371.5;0.2864;UNKNOWN
2016-02-04T03:26:10.000000;2016-02-04T03:26:10.000000;f3d64e81-e4a5-43f9-b4de-4dc0491bff8f;371.5;0.058;UNKNOWN
2016-02-04T03:28:07.000000;2016-02-04T03:28:07.000000;9222fe0c-f705-4459-90b9-0f4d2c63155f;371.5;0.05388969;UNKNOWN
2016-02-04T03:28:16.000000;2016-02-04T03:28:16.000000;6ea93ade-37e0-4437-83aa-dc1262b08e68;371.5;35.0;UNKNOWN
2016-02-04T03:28:31.000000;2016-02-04T03:28:31.000000;4a96580d-6f7f-429c-bf60-684023e953ab;371.5;0.00704031;UNKNOWN
2016-02-04T03:28:31.000000;2016-02-04T03:28:31.000000;5b3539b4-6b89-4da5-a795-476e4fc53a75;371.34;0.37295969;UNKNOWN
2016-02-04T03:29:14.000000;2016-02-04T03:29:14.000000;d6f32b7a-c4d1-4ac7-92a9-c6a346e0df2b;371.37;0.0353;UNKNOWN
2016-02-04T03:31:08.000000;2016-02-04T03:31:08.000000;87e4c993-99bf-4ec8-a1e6-94b4736d4f72;371.34;0.06765;UNKNOWN
2016-02-04T03:32:38.000000;2016-02-04T03:32:38.000000;b4467f35-0f6b-4e55-9e2a-a6a7dd983daf;371.43;0.0531;UNKNOWN
2016-02-04T03:33:05.000000;2016-02-04T03:33:05.000000;0fb9204f-9c2e-4d1d-bc23-1c5ac8b53308;371.34;0.1240691;UNKNOWN
2016-02-04T03:33:05.000000;2016-02-04T03:33:05.000000;63ce9e2b-0fff-410b-a748-73e144b6740d;371.43;0.044365;UNKNOWN
2016-02-04T03:36:25.000000;2016-02-04T03:36:25.000000;0a136a35-8734-41cb-bb0d-c770c43de5fa;371.34;1.01882121;UNKNOWN
2016-02-04T03:36:25.000000;2016-02-04T03:36:25.000000;eedfb88f-258c-4572-9d8b-b3a05fa2e7bd;371.3;0.98117879;UNKNOWN
2016-02-04T03:37:43.000000;2016-02-04T03:37:43.000000;f6041c65-b393-4672-85c5-098210d29a94;371.3;0.60232121;UNKNOWN
2016-02-04T03:37:43.000000;2016-02-04T03:37:43.000000;2825e6c0-3d28-4542-b0f4-8c56a40feae4;371.27;1.39767879;UNKNOWN
2016-02-04T03:38:47.000000;2016-02-04T03:38:47.000000;60ecbae1-7659-4a56-b407-96f0f5ca653e;371.5;1.3;UNKNOWN
2016-02-04T03:38:47.000000;2016-02-04T03:38:47.000000;7996ca9c-1cfd-4b58-87c3-5d5803745cfa;371.27;0.17523583;UNKNOWN
2016-02-04T03:39:05.000000;2016-02-04T03:39:05.000000;de3b2600-475e-46d6-8823-e4f7a6fcc450;371.51;3.2865;UNKNOWN
2016-02-04T03:39:05.000000;2016-02-04T03:39:05.000000;45f904a5-db42-4911-9345-f5bf62df2587;371.5;6.7135;UNKNOWN
2016-02-04T03:39:06.000000;2016-02-04T03:39:06.000000;4470cddd-04e5-4e39-93a9-76a14ee8926b;371.51;0.16;UNKNOWN
2016-02-04T03:39:08.000000;2016-02-04T03:39:08.000000;98864137-7940-4782-91cb-8abf30b54e14;371.49;0.26758001;UNKNOWN
2016-02-04T03:39:30.000000;2016-02-04T03:39:30.000000;0cb0c379-14d0-4c0c-b3d3-9798d264edfe;371.02;2.7276;UNKNOWN
2016-02-04T03:39:30.000000;2016-02-04T03:39:30.000000;f085eddd-a9d3-4f14-ade0-0c692899e315;370.79;2.01487395;UNKNOWN
2016-02-04T03:39:30.000000;2016-02-04T03:39:30.000000;2a2e0d41-7653-43c0-9ae5-419eec0c5506;370.8;0.01;UNKNOWN
2016-02-04T03:39:30.000000;2016-02-04T03:39:30.000000;46d1d7fe-1936-4a0b-b0d7-3bea07ed715e;371.2;17.89344067;UNKNOWN
2016-02-04T03:39:30.000000;2016-02-04T03:39:30.000000;aa5d74bf-ded8-466e-8d2c-af9ec5aacd15;370.84;0.1;UNKNOWN
2016-02-04T03:39:30.000000;2016-02-04T03:39:30.000000;3ebb6a63-f581-4951-8945-6401ce471348;370.8;0.01;UNKNOWN
2016-02-04T03:39:30.000000;2016-02-04T03:39:30.000000;9a87a0fa-1aed-40d4-8876-729f3c7494e9;371.21;3.0;UNKNOWN
2016-02-04T03:39:30.000000;2016-02-04T03:39:30.000000;43e285ec-d761-465e-9bd2-3245d1108a20;371.27;0.01058538;UNKNOWN
2016-02-04T03:39:30.000000;2016-02-04T03:39:30.000000;41355c6c-3ea2-4517-9bfe-d82854fb9b70;371.24;1.5835;UNKNOWN
2016-02-04T03:39:37.000000;2016-02-04T03:39:37.000000;96e28553-5e44-48ce-a2b0-0c4139c84cfd;370.4;0.01;UNKNOWN
2016-02-04T03:39:37.000000;2016-02-04T03:39:37.000000;865d7f6a-8a60-4266-b975-78a9ab20dee5;370.35;17.8755;UNKNOWN
2016-02-04T03:39:37.000000;2016-02-04T03:39:37.000000;5023b68f-f209-4d80-996e-15831fd554d7;370.39;3.95319418;UNKNOWN
2016-02-04T03:39:37.000000;2016-02-04T03:39:37.000000;93c31e84-5528-4440-82ef-99216ff50344;370.46;3.95319418;UNKNOWN
2016-02-04T03:39:37.000000;2016-02-04T03:39:37.000000;06ae012f-8774-4fe7-b1cb-80c33a4dcdcc;370.2;8.27;UNKNOWN
2016-02-04T03:39:37.000000;2016-02-04T03:39:37.000000;4d671602-edd1-4fc8-87bb-62e491473578;370.6;3.95319418;UNKNOWN
2016-02-04T03:39:37.000000;2016-02-04T03:39:37.000000;509bd263-1260-47ae-8f55-0ee166530094;370.35;0.2685;UNKNOWN
2016-02-04T03:39:37.000000;2016-02-04T03:39:37.000000;162b70f1-a1a5-4c3b-aecc-e8d3a7e1eab0;370.33;0.35;UNKNOWN
2016-02-04T03:39:37.000000;2016-02-04T03:39:37.000000;c23d00d0-38f5-45af-84cb-4572d737b9c9;370.4;14.4257;UNKNOWN
2016-02-04T03:39:37.000000;2016-02-04T03:39:37.000000;bededebd-bfe1-4257-b4f0-1f0f0bc0bc09;370.6;0.01;UNKNOWN
2016-02-04T03:39:37.000000;2016-02-04T03:39:37.000000;02f0c9f4-9461-45dc-b8f1-30051b214d2f;370.32;3.95319418;UNKNOWN
2016-02-04T03:39:37.000000;2016-02-04T03:39:37.000000;3d721ab3-5f95-4357-a7fd-8bc3d866b0db;370.53;3.95319418;UNKNOWN
2016-02-04T03:39:37.000000;2016-02-04T03:39:37.000000;fcb63c86-d386-469c-9f6e-15a35d875451;370.73;3.0;UNKNOWN
2016-02-04T03:39:37.000000;2016-02-04T03:39:37.000000;f2d4e32f-bc88-41e7-869f-ea754b2e0c92;370.56;6.0;UNKNOWN
2016-02-04T03:39:37.000000;2016-02-04T03:39:37.000000;6882acc1-9ed3-4744-bca7-8a862919fb6a;370.55;12.0;UNKNOWN
2016-02-04T03:39:37.000000;2016-02-04T03:39:37.000000;542a143b-de1b-4c63-b8b3-95548be95c16;370.72;3.95262125;UNKNOWN
2016-02-04T03:39:37.000000;2016-02-04T03:39:37.000000;81a5438b-abbe-4d21-af1b-b9315c51dce1;370.25;3.95319418;UNKNOWN
2016-02-04T03:39:37.000000;2016-02-04T03:39:37.000000;0a6e85df-a6e8-4364-8ecb-eaf46e2d1ca9;370.2;9.60851367;UNKNOWN
2016-02-04T03:39:37.000000;2016-02-04T03:39:37.000000;088210b9-05db-4941-9c42-37c838419820;370.2;0.01;UNKNOWN
2016-02-04T03:39:37.000000;2016-02-04T03:39:37.000000;17c87412-7f27-452f-bb3c-6d4705b17819;370.8;0.5;UNKNOWN
2016-02-04T03:40:00.000000;2016-02-04T03:40:00.000000;6232615d-d33f-454d-b48f-a74cc7147e14;370.97;3.0;UNKNOWN
2016-02-04T03:40:00.000000;2016-02-04T03:40:00.000000;5bcd784e-0d1a-4a08-a72c-a62aa14e76e2;370.96;0.5;UNKNOWN
2016-02-04T03:40:00.000000;2016-02-04T03:40:00.000000;a9b016ee-2ab0-4e5a-ad59-36fa5edb59e0;370.97;2.4635;UNKNOWN
2016-02-04T03:40:16.000000;2016-02-04T03:40:16.000000;e88b0d2b-7f79-4c0c-8b09-20b55166e494;370.91;1.1303335;UNKNOWN
2016-02-04T03:40:30.000000;2016-02-04T03:40:30.000000;eedfe3b9-927b-4f06-9b13-d63575e95751;371.1;6.6859;UNKNOWN
2016-02-04T03:40:30.000000;2016-02-04T03:40:30.000000;e0bba91a-37c1-4f99-91e0-f2d062085e26;371.1;0.226;UNKNOWN
2016-02-04T03:40:49.000000;2016-02-04T03:40:49.000000;8e41b14b-3363-4298-91d9-e5860e2eba95;371.06;5.5;UNKNOWN
2016-02-04T03:40:49.000000;2016-02-04T03:40:49.000000;a796da4b-63fc-4e41-b4cc-433a5f050779;371.06;3.0;UNKNOWN
2016-02-04T03:41:19.000000;2016-02-04T03:41:19.000000;5255c111-e6ea-480b-a637-0a735e01b54f;370.29;1.0;UNKNOWN
2016-02-04T03:42:11.000000;2016-02-04T03:42:11.000000;34631350-32b5-453f-88fc-d30ffae33277;370.83;0.3025;UNKNOWN
2016-02-04T03:43:01.000000;2016-02-04T03:43:01.000000;15daf3e9-56cb-416b-8e0a-73d5b4da9389;370.78;5.39185291;UNKNOWN
2016-02-04T03:43:05.000000;2016-02-04T03:43:05.000000;2904bf98-2f05-40b8-afa4-8f715c0b3969;370.68;4.82637796;UNKNOWN
2016-02-04T03:43:53.000000;2016-02-04T03:43:53.000000;1dc86fd5-dbe4-42cb-88f5-168660ed5701;370.82;0.03325715;UNKNOWN
2016-02-04T03:48:05.000000;2016-02-04T03:48:05.000000;714412fc-7973-42d6-ae32-2fa445272845;370.95;4.03030792;UNKNOWN
2016-02-04T03:50:05.000000;2016-02-04T03:50:05.000000;a17e306b-62e9-4bb9-920d-76007bb28aa9;370.99;2.39111843;UNKNOWN
2016-02-04T03:50:06.000000;2016-02-04T03:50:06.000000;b0fd8510-c779-47e7-8bac-85df9846d740;371.0;1.0;UNKNOWN
2016-02-04T03:50:20.000000;2016-02-04T03:50:20.000000;496d6804-0dc5-4a52-a9ef-c905ab96ae82;370.98;8.27215;UNKNOWN
2016-02-04T03:50:25.000000;2016-02-04T03:50:25.000000;42426f6d-3100-4c4e-8bf4-70dcda706fb9;371.0;5.0;UNKNOWN
2016-02-04T03:51:09.000000;2016-02-04T03:51:09.000000;7df7951c-3e2b-476c-949e-938f7876103d;370.99;10.4541;UNKNOWN
2016-02-04T03:51:09.000000;2016-02-04T03:51:09.000000;7ec41082-12fb-40b7-874d-3855eac4b6ee;370.96;0.01;UNKNOWN
2016-02-04T03:52:15.000000;2016-02-04T03:52:15.000000;b0f2da51-f1c3-492f-992b-f7dee67baaba;371.0;0.4;UNKNOWN
2016-02-04T03:52:15.000000;2016-02-04T03:52:15.000000;d13a4bf1-c796-4ccf-b9ce-a6a27318850a;370.97;0.1;UNKNOWN
2016-02-04T03:53:05.000000;2016-02-04T03:53:05.000000;fd1ce0eb-0170-4a48-bdb0-11cebbc32840;370.96;0.02593827;UNKNOWN
2016-02-04T03:53:06.000000;2016-02-04T03:53:06.000000;877c6d39-c4f2-422a-90f8-da0d50afdddb;370.98;5.1;UNKNOWN
2016-02-04T03:53:28.000000;2016-02-04T03:53:28.000000;29f5e78b-8a55-4aa5-9358-e92de1f3b2ba;370.96;1.30333064;UNKNOWN
2016-02-04T03:55:44.000000;2016-02-04T03:55:44.000000;0b0346b8-4dcd-4155-9df7-626a3f476f73;371.0;0.01859247;UNKNOWN
2016-02-04T03:55:44.000000;2016-02-04T03:55:44.000000;e85f01b0-dcdc-4516-b7d7-c6db88b65b26;371.0;43.6;UNKNOWN
2016-02-04T03:55:58.000000;2016-02-04T03:55:58.000000;57174e0c-0c1a-44ae-afb9-056f904402f8;371.02;0.27054081;UNKNOWN
2016-02-04T03:56:06.000000;2016-02-04T03:56:06.000000;96f8979c-0600-45a8-a9bf-6734d95089e9;371.03;0.54;UNKNOWN
2016-02-04T03:57:18.000000;2016-02-04T03:57:18.000000;1cbc578d-f6d5-4be6-a7e8-096d8d94e7c3;371.11;0.8;UNKNOWN
2016-02-04T03:58:05.000000;2016-02-04T03:58:05.000000;f8f80512-bf1b-4aaa-b185-897ee2d84e68;371.27;0.55793353;UNKNOWN
2016-02-04T03:58:06.000000;2016-02-04T03:58:06.000000;86fdb1ba-4984-4690-80c5-7e95b3e73077;371.26;0.29704774;UNKNOWN
2016-02-04T03:58:06.000000;2016-02-04T03:58:06.000000;0d5babce-93b1-4c94-9c7d-3519d81e803f;371.26;0.5;UNKNOWN
2016-02-04T03:59:31.000000;2016-02-04T03:59:31.000000;b1cd7fca-7e99-4c78-aad2-e3cc7fd7ce6d;371.39;5.3;UNKNOWN
2016-02-04T04:02:06.000000;2016-02-04T04:02:06.000000;57d9c80e-f8b4-4833-a4ac-8e8ac18e2212;371.03;0.09395493;UNKNOWN
2016-02-04T04:04:46.000000;2016-02-04T04:04:46.000000;c926f271-17c5-4532-a981-e85e65c9d234;371.2;1.0;UNKNOWN
2016-02-04T04:04:48.000000;2016-02-04T04:04:48.000000;5599ba8f-7cec-4362-bf57-01386034fe6b;371.03;11.2;UNKNOWN
2016-02-04T04:05:38.000000;2016-02-04T04:05:38.000000;719d7d81-4e87-42e9-81e6-b22c041b6084;371.02;0.32041868;UNKNOWN
2016-02-04T04:05:45.000000;2016-02-04T04:05:45.000000;ab765cdd-e126-4f92-bb9a-73a33b692ea0;371.02;4.77664486;UNKNOWN
2016-02-04T04:06:05.000000;2016-02-04T04:06:05.000000;960c4b92-0f25-44cd-b44e-789160e6e3e4;371.14;2.97093259;UNKNOWN
2016-02-04T04:06:59.000000;2016-02-04T04:06:59.000000;61d7258c-edb7-40f7-bb10-d468475f0edc;371.17;0.394909;UNKNOWN
2016-02-04T04:07:24.000000;2016-02-04T04:07:24.000000;3ac69d71-d2fe-4711-bf01-731a83357031;371.15;0.3872;UNKNOWN
2016-02-04T04:07:34.000000;2016-02-04T04:07:34.000000;df126974-281e-42f0-b90c-2caf9d3cfe2e;371.2;6.37;UNKNOWN
2016-02-04T04:08:37.000000;2016-02-04T04:08:37.000000;d96772f5-38a3-43f3-86c3-1cb89fd5c49c;371.15;0.08873;UNKNOWN
2016-02-04T04:10:16.000000;2016-02-04T04:10:16.000000;be5b0d98-90e3-49cb-9128-626def5e5234;371.14;14.0;UNKNOWN
2016-02-04T04:11:22.000000;2016-02-04T04:11:22.000000;15dfdfed-e323-4fba-b5b5-359acf9de2b8;371.42;6.0;UNKNOWN
2016-02-04T04:11:22.000000;2016-02-04T04:11:22.000000;427ab62e-ea15-4086-b438-3552afaf0b72;371.42;0.5;UNKNOWN
2016-02-04T04:11:22.000000;2016-02-04T04:11:22.000000;49d4bfd6-8dc4-4fa7-839e-ed7c9c0db68f;371.42;0.35458046;UNKNOWN
2016-02-04T04:12:30.000000;2016-02-04T04:12:30.000000;bf4251b6-82e5-4df8-8f91-e8f67d63b6d3;371.14;1.5;UNKNOWN
2016-02-04T04:12:54.000000;2016-02-04T04:12:54.000000;a4c42690-6d50-4875-ae13-bd6bc9282a8a;371.14;1.81;UNKNOWN
2016-02-04T04:13:59.000000;2016-02-04T04:13:59.000000;72580832-f4f8-41c4-b547-283bd2996bba;371.14;3.0;UNKNOWN
2016-02-04T04:15:05.000000;2016-02-04T04:15:05.000000;ccf5afe1-727b-42e3-94ab-35950a707571;371.14;0.1;UNKNOWN
2016-02-04T04:15:05.000000;2016-02-04T04:15:05.000000;36b97a1c-8070-45fa-9315-1f588744f216;371.27;2.68739183;UNKNOWN
2016-02-04T04:15:35.000000;2016-02-04T04:15:35.000000;0f1c4cc1-d17a-48ab-b5e3-625a4b2407c3;371.24;0.0782;UNKNOWN
2016-02-04T04:15:35.000000;2016-02-04T04:15:35.000000;509f1ecb-5f02-482a-a2c6-e766468e3412;371.24;0.5;UNKNOWN
2016-02-04T04:15:38.000000;2016-02-04T04:15:38.000000;c4a0f9d6-0d89-4d02-b270-7ecb6c831351;371.14;0.52599001;UNKNOWN
2016-02-04T04:20:50.000000;2016-02-04T04:20:50.000000;5c71d458-f752-48a7-8a72-46f0dd7909d2;371.44;0.01;UNKNOWN
2016-02-04T04:20:50.000000;2016-02-04T04:20:50.000000;4a4da732-8dbc-4b8c-8320-e3123d8143ce;371.36;0.0266499;UNKNOWN
2016-02-04T04:20:50.000000;2016-02-04T04:20:50.000000;38f8db42-9761-4276-8f64-81c73b03ba03;371.47;0.2323501;UNKNOWN
2016-02-04T04:22:05.000000;2016-02-04T04:22:05.000000;e4213fc1-80f9-467d-a3c7-501d62d8b7a6;371.48;2.95249545;UNKNOWN
2016-02-04T04:22:06.000000;2016-02-04T04:22:06.000000;6300aea7-4dae-44db-a6bc-c1637eb0697a;371.51;4.0043871;UNKNOWN
2016-02-04T04:22:07.000000;2016-02-04T04:22:07.000000;d96b9455-88f4-4869-aabe-bebf02e527f9;371.51;10.0;UNKNOWN
2016-02-04T04:24:05.000000;2016-02-04T04:24:05.000000;480e7543-afc5-44cd-b508-8a0309926887;371.3;0.08419043;UNKNOWN
2016-02-04T04:24:32.000000;2016-02-04T04:24:32.000000;9709bf6f-6445-42db-978c-7dabf50c0ad4;371.34;0.1;UNKNOWN
2016-02-04T04:24:43.000000;2016-02-04T04:24:43.000000;9c3cc838-4d50-4792-a669-110bc4021aae;371.31;0.1;UNKNOWN
2016-02-04T04:24:55.000000;2016-02-04T04:24:55.000000;d1b9f59c-5af5-4049-8be1-844c9ecafa71;371.34;0.1;UNKNOWN
2016-02-04T04:25:00.000000;2016-02-04T04:25:00.000000;74f73e10-0338-4321-a0b9-5608e382d6ff;371.35;3.2;UNKNOWN
2016-02-04T04:26:05.000000;2016-02-04T04:26:05.000000;271702d1-cdbd-4106-a643-640e23f7d299;371.51;0.07906835;UNKNOWN
2016-02-04T04:26:05.000000;2016-02-04T04:26:05.000000;e590a63f-a8df-4ec0-a6b9-747da8d1f0e0;371.38;3.2;UNKNOWN
2016-02-04T04:26:05.000000;2016-02-04T04:26:05.000000;0d47d37f-c716-4587-863f-f30483fcbd6c;371.5;6.7066;UNKNOWN
2016-02-04T04:26:05.000000;2016-02-04T04:26:05.000000;dc16b1a5-c7f7-4eb6-8783-a14a45205fef;371.39;0.01433165;UNKNOWN
2016-02-04T04:27:22.000000;2016-02-04T04:27:22.000000;287b9f39-c036-4180-bd96-8408d37cdc5f;371.36;6.6932;UNKNOWN
2016-02-04T04:28:37.000000;2016-02-04T04:28:37.000000;99301d68-d812-448e-a3ab-90790d429be4;371.34;0.03;UNKNOWN
2016-02-04T04:28:45.000000;2016-02-04T04:28:45.000000;c8833509-36bf-49e0-b8c7-eb68f1488a07;371.34;0.2671;UNKNOWN
2016-02-04T04:29:04.000000;2016-02-04T04:29:04.000000;a9791053-8645-454d-a395-13cf9560672a;371.19;1.65320729;UNKNOWN
2016-02-04T04:30:40.000000;2016-02-04T04:30:40.000000;9f63298c-4f4e-4e98-b326-9c4ae532e234;371.21;6.6989;UNKNOWN
2016-02-04T04:31:02.000000;2016-02-04T04:31:02.000000;87437bc7-f71c-4ed1-b6d9-3c54910631a6;371.5;2.34099571;UNKNOWN
2016-02-04T04:31:02.000000;2016-02-04T04:31:02.000000;919d48c6-fbb8-42a3-bca2-e76940cad108;371.28;0.05900429;UNKNOWN
2016-02-04T04:31:02.000000;2016-02-04T04:31:02.000000;3cfabeba-2e4c-4183-b235-fe443ba3f3ab;371.27;0.3;UNKNOWN
2016-02-04T04:31:57.000000;2016-02-04T04:31:57.000000;8705e261-a2cf-45be-9024-c98075abecf0;371.28;0.0185;UNKNOWN
2016-02-04T04:32:13.000000;2016-02-04T04:32:13.000000;698ffb38-66dc-4a17-8d29-3dc39407d446;371.24;3.7151;UNKNOWN
2016-02-04T04:33:42.000000;2016-02-04T04:33:42.000000;fc488b65-39a8-49d9-91c3-80f2d386ee26;371.26;3.09677064;UNKNOWN
2016-02-04T04:34:37.000000;2016-02-04T04:34:37.000000;66bf8cab-c1f9-4951-9876-09f2cbc4439c;371.25;0.06940736;UNKNOWN
2016-02-04T04:34:56.000000;2016-02-04T04:34:56.000000;e4a11e3a-d5a7-4e16-b52b-6397318bb7e9;371.24;0.07;UNKNOWN
2016-02-04T04:34:56.000000;2016-02-04T04:34:56.000000;670362cb-071f-4c2e-a09b-0d322818a559;371.26;0.43;UNKNOWN
2016-02-04T04:36:43.000000;2016-02-04T04:36:43.000000;4b30a6f3-80d2-4eb2-967d-dd8666c6333f;371.24;0.027;UNKNOWN
2016-02-04T04:37:04.000000;2016-02-04T04:37:04.000000;584a9411-859b-4bd2-9ff9-5578c8032f56;371.25;0.03210653;UNKNOWN
2016-02-04T04:37:04.000000;2016-02-04T04:37:04.000000;bb788834-a0b2-44f7-b4c7-40182a4989e4;371.25;0.61789347;UNKNOWN
2016-02-04T04:37:20.000000;2016-02-04T04:37:20.000000;deec47ad-cd81-4a68-97c9-8429e5ee0fe8;371.25;5.0;UNKNOWN
2016-02-04T04:37:23.000000;2016-02-04T04:37:23.000000;9ddf8e72-3741-4a08-adca-cfb5e50b61a5;371.5;3.52677064;UNKNOWN
2016-02-04T04:37:23.000000;2016-02-04T04:37:23.000000;fa91c295-a289-4614-840b-c742c414ff35;371.26;1.47322936;UNKNOWN
2016-02-04T04:37:44.000000;2016-02-04T04:37:44.000000;c6470d2e-889f-44d3-8a23-3b4564ba9cae;371.25;0.03415984;UNKNOWN
2016-02-04T04:37:44.000000;2016-02-04T04:37:44.000000;81bea498-ef67-4427-8e6d-74e0b07fe9c4;371.5;2.39584016;UNKNOWN
2016-02-04T04:38:04.000000;2016-02-04T04:38:04.000000;f9a6181a-13ba-441a-82eb-7f7dbb7348f2;371.23;0.00677064;UNKNOWN
2016-02-04T04:38:23.000000;2016-02-04T04:38:23.000000;d7b14049-d82f-4c7e-8cde-34423a3a630c;371.42;0.244;UNKNOWN
2016-02-04T04:39:05.000000;2016-02-04T04:39:05.000000;bfefc779-3731-4b61-9781-b73f8d512a66;371.22;0.16828351;UNKNOWN
2016-02-04T04:39:30.000000;2016-02-04T04:39:30.000000;bc4ce150-59c1-4ed8-a065-64a290279b41;371.23;0.5;UNKNOWN
2016-02-04T04:43:54.000000;2016-02-04T04:43:54.000000;bbde1a84-b417-4be7-a500-c75ba9d65a39;371.16;2.62;UNKNOWN
2016-02-04T04:44:12.000000;2016-02-04T04:44:12.000000;ee6d1272-877d-4951-a0fd-13b83835d85c;371.14;0.0309;UNKNOWN
2016-02-04T04:46:18.000000;2016-02-04T04:46:18.000000;c77f0dc1-3c4a-4875-9364-c852ff9e8cab;371.02;0.3;UNKNOWN
2016-02-04T04:46:30.000000;2016-02-04T04:46:30.000000;8cc8a636-d128-4084-b1a0-380d3afda404;371.02;1.0;UNKNOWN
2016-02-04T04:46:38.000000;2016-02-04T04:46:38.000000;7470c49b-36fb-4c70-8755-6254b1a2d38e;371.02;1.0;UNKNOWN
2016-02-04T04:47:05.000000;2016-02-04T04:47:05.000000;731ec4aa-294d-43f1-974f-22dc403dcd77;371.02;0.501;UNKNOWN
2016-02-04T04:47:23.000000;2016-02-04T04:47:23.000000;8f104215-2b8d-49fd-ae5c-d36cc745e804;371.02;0.79;UNKNOWN
2016-02-04T04:48:05.000000;2016-02-04T04:48:05.000000;bef18a41-cb03-40ed-98cc-8587f75cc8a9;371.28;3.98794683;UNKNOWN
2016-02-04T04:48:52.000000;2016-02-04T04:48:52.000000;168f1698-30b9-4365-bc41-8c74ef51cd9f;371.14;0.5538456;UNKNOWN
2016-02-04T04:53:06.000000;2016-02-04T04:53:06.000000;60a72b3d-b9e7-4f1e-b8ff-73f6f693bbea;371.3;0.0159334;UNKNOWN
2016-02-04T04:53:07.000000;2016-02-04T04:53:07.000000;40318050-4c06-432b-b2bb-a78e86786e00;371.49;0.11953153;UNKNOWN
2016-02-04T04:53:08.000000;2016-02-04T04:53:08.000000;8bd54c51-369b-47ae-9729-c5d1e1b75d1d;371.49;1.71;UNKNOWN
2016-02-04T04:54:05.000000;2016-02-04T04:54:05.000000;dc28f8c8-ca2e-4512-aafb-e203181db454;371.05;2.93092241;UNKNOWN
2016-02-04T04:56:37.000000;2016-02-04T04:56:37.000000;563680a9-7ab8-4bd1-800b-a988bbae0b50;371.13;0.80934742;UNKNOWN
2016-02-04T04:57:30.000000;2016-02-04T04:57:30.000000;2f883f08-07b4-45ff-9d4e-59721276a191;371.12;2.5;UNKNOWN
2016-02-04T05:00:05.000000;2016-02-04T05:00:05.000000;f115b5a7-6d2e-498b-bab0-59cab359650a;371.23;1.397385;UNKNOWN
2016-02-04T05:00:05.000000;2016-02-04T05:00:05.000000;54798bf5-e6d1-4009-aaab-c5c92b476a72;371.23;0.99497926;UNKNOWN
2016-02-04T05:03:05.000000;2016-02-04T05:03:05.000000;cdcd6996-c340-4ae9-863b-de969555d965;371.43;0.81;UNKNOWN
2016-02-04T05:03:05.000000;2016-02-04T05:03:05.000000;84cb3e1f-f582-4856-990a-a5c23cba22de;371.44;0.14690041;UNKNOWN
2016-02-04T05:03:14.000000;2016-02-04T05:03:14.000000;ee059cb0-ebfd-45d7-9a24-7f3390e8d468;371.45;0.5;UNKNOWN
2016-02-04T05:08:13.000000;2016-02-04T05:08:13.000000;70cdbc96-dfde-4293-8714-116e8ec18a5b;371.49;0.75;UNKNOWN
2016-02-04T05:13:05.000000;2016-02-04T05:13:05.000000;e9858e52-22f8-4180-a0cf-d664cf3da7f4;371.48;0.0534645;UNKNOWN
2016-02-04T05:14:38.000000;2016-02-04T05:14:38.000000;3efa7ff5-695f-407e-a079-a892569701e4;371.64;0.01;UNKNOWN
2016-02-04T05:14:38.000000;2016-02-04T05:14:38.000000;8c4a4d02-4390-439e-b24d-e08f6d79ff98;371.74;8.21471742;UNKNOWN
2016-02-04T05:14:38.000000;2016-02-04T05:14:38.000000;30b6d6c1-7bba-4c11-84c7-710460773c2f;371.6;2.0;UNKNOWN
2016-02-04T05:14:38.000000;2016-02-04T05:14:38.000000;b4dcb87d-28dd-4563-a55e-4249604376ce;371.51;7.47004455;UNKNOWN
2016-02-04T05:14:38.000000;2016-02-04T05:14:38.000000;1496e880-7a3e-4baf-b9d5-215eb731fedc;371.73;6.7162;UNKNOWN
2016-02-04T05:14:38.000000;2016-02-04T05:14:38.000000;26553d1c-27d5-4852-85ba-b208a0c12b19;371.5;3.06;UNKNOWN
2016-02-04T05:14:57.000000;2016-02-04T05:14:57.000000;1a9cfe7a-c4b8-4e65-80ee-3c6b24d3c7c9;371.48;0.13517905;UNKNOWN
2016-02-04T05:15:03.000000;2016-02-04T05:15:03.000000;8da70a10-e055-4685-a57c-b230efc1a4cf;371.48;0.1;UNKNOWN
2016-02-04T05:15:05.000000;2016-02-04T05:15:05.000000;35928c84-71fb-428b-85b9-3a457e225387;371.73;0.4811805;UNKNOWN
2016-02-04T05:15:15.000000;2016-02-04T05:15:15.000000;950dff7a-c379-4101-9940-3df0ae1ea992;371.73;1.0;UNKNOWN
2016-02-04T05:15:17.000000;2016-02-04T05:15:17.000000;944eb66e-41ba-422a-9ee0-268aae45767a;371.73;1.0;UNKNOWN
2016-02-04T05:15:18.000000;2016-02-04T05:15:18.000000;a59df1d1-487b-42dd-bd8e-4565e6ca76cd;371.73;1.8761746;UNKNOWN
2016-02-04T05:15:19.000000;2016-02-04T05:15:19.000000;07d608dc-a0af-418d-a7c3-847a91c6b986;371.74;0.01;UNKNOWN
2016-02-04T05:15:20.000000;2016-02-04T05:15:20.000000;004584d3-e9d0-4da7-8c0b-64c223dac777;371.74;1.56572721;UNKNOWN
2016-02-04T05:15:22.000000;2016-02-04T05:15:22.000000;91b56046-64a4-493c-bdfa-c8a1f067e405;371.72;2.0;UNKNOWN
2016-02-04T05:15:23.000000;2016-02-04T05:15:23.000000;bd734f55-a2b3-4052-9aca-6476d89cea95;371.74;1.0;UNKNOWN
2016-02-04T05:15:24.000000;2016-02-04T05:15:24.000000;c89b1407-67d1-4bc4-9026-4958ab55bc0e;371.74;4.20955537;UNKNOWN
2016-02-04T05:15:24.000000;2016-02-04T05:15:24.000000;fce5e559-4627-44b4-a9e5-483782f79671;371.94;3.78766875;UNKNOWN
2016-02-04T05:15:24.000000;2016-02-04T05:15:24.000000;fce1ba4b-ecb6-4984-b9b4-79a258863099;371.74;0.04277588;UNKNOWN
2016-02-04T05:15:24.000000;2016-02-04T05:15:24.000000;e35b3979-81b6-4fb3-a27f-b2e8c2647aab;371.79;2.0;UNKNOWN
2016-02-04T05:15:24.000000;2016-02-04T05:15:24.000000;dbd543ad-1b76-4687-b8f5-5564c00ff5c8;371.84;0.01;UNKNOWN
2016-02-04T05:15:25.000000;2016-02-04T05:15:25.000000;117f1a7c-af47-4363-999e-eed725a101d8;371.73;5.47719502;UNKNOWN
2016-02-04T05:15:27.000000;2016-02-04T05:15:27.000000;34bd07e9-f5c2-4883-9445-364873d8e75c;371.73;1.4228235;UNKNOWN
2016-02-04T05:15:28.000000;2016-02-04T05:15:28.000000;a77f945d-e360-4fb7-a1eb-57fc5570085e;371.94;2.98121733;UNKNOWN
2016-02-04T05:15:29.000000;2016-02-04T05:15:29.000000;66761730-5813-4ed9-b355-213bbc398f89;371.94;0.01878267;UNKNOWN
2016-02-04T05:15:30.000000;2016-02-04T05:15:30.000000;1db11c6f-91cf-4286-bb2f-d26f3928a1fc;371.94;1.0;UNKNOWN
2016-02-04T05:15:39.000000;2016-02-04T05:15:39.000000;13c38092-ad18-48cc-a85b-a81a4277ae32;371.96;0.26;UNKNOWN
2016-02-04T05:15:39.000000;2016-02-04T05:15:39.000000;1be153cf-8ee7-4219-a758-ec7c438f15aa;371.96;1.61;UNKNOWN
2016-02-04T05:15:42.000000;2016-02-04T05:15:42.000000;cf1e2dfa-613b-4e30-9691-17e1bd2ba92a;371.96;0.25;UNKNOWN
2016-02-04T05:15:44.000000;2016-02-04T05:15:44.000000;da8fb03c-8ba2-47f1-b311-d361df0ba4bf;371.96;0.35469632;UNKNOWN
2016-02-04T05:15:45.000000;2016-02-04T05:15:45.000000;6755763e-d130-482d-acb8-7663b75bbd28;371.96;0.68818652;UNKNOWN
2016-02-04T05:15:46.000000;2016-02-04T05:15:46.000000;a6a252dd-5516-4044-9fa4-e0a145721552;371.96;0.45006443;UNKNOWN
2016-02-04T05:15:47.000000;2016-02-04T05:15:47.000000;866ceab1-5d39-45ad-9c8a-884fc8839867;371.96;0.13775547;UNKNOWN
2016-02-04T05:15:48.000000;2016-02-04T05:15:48.000000;11cecf29-6d44-4390-b8d7-db7c25e9373c;371.96;0.11524453;UNKNOWN
2016-02-04T05:15:50.000000;2016-02-04T05:15:50.000000;5c564b11-7f78-4171-9f05-095e90fc1def;371.96;0.01605547;UNKNOWN
2016-02-04T05:15:51.000000;2016-02-04T05:15:51.000000;107192a1-f774-4ea9-8cb4-d7ae93133aab;371.96;0.33864085;UNKNOWN
2016-02-04T05:15:52.000000;2016-02-04T05:15:52.000000;ecdaa5a6-1745-48b5-8510-1aaadb95c447;371.96;0.02317915;UNKNOWN
2016-02-04T05:15:54.000000;2016-02-04T05:15:54.000000;4f25ef8e-fc6f-40db-89e8-28b17beb25d8;371.95;0.444775;UNKNOWN
2016-02-04T05:15:55.000000;2016-02-04T05:15:55.000000;8c99c413-054a-4580-8dce-c365e624a2e9;371.95;1.30737753;UNKNOWN
2016-02-04T05:15:56.000000;2016-02-04T05:15:56.000000;95485553-2860-411f-9328-4762f21b7140;371.95;0.5;UNKNOWN
2016-02-04T05:15:56.000000;2016-02-04T05:15:56.000000;ff84cf63-051b-43f8-b6a1-0d4217bcbf24;371.95;1.35;UNKNOWN
2016-02-04T05:15:57.000000;2016-02-04T05:15:57.000000;1d591498-7d23-4c11-96c7-5654655e547c;371.95;1.19262247;UNKNOWN
2016-02-04T05:15:58.000000;2016-02-04T05:15:58.000000;ebdf367b-4124-4681-b6c1-c87ef383e73f;371.95;3.0;UNKNOWN
2016-02-04T05:15:59.000000;2016-02-04T05:15:59.000000;dc99be41-44b4-4afe-9a0b-5164bf9bd06b;371.95;0.025;UNKNOWN
2016-02-04T05:16:01.000000;2016-02-04T05:16:01.000000;64eff4ae-f7c9-434f-a27d-204caac90ca5;371.96;0.25;UNKNOWN
2016-02-04T05:16:02.000000;2016-02-04T05:16:02.000000;1cca52a4-bee8-4642-8bce-1bc920da240c;371.96;1.5;UNKNOWN
2016-02-04T05:16:04.000000;2016-02-04T05:16:04.000000;ea6d5f76-db0b-4ff8-81fb-4e1a5ca0eca3;371.96;0.52;UNKNOWN
2016-02-04T05:16:05.000000;2016-02-04T05:16:05.000000;67bf42a4-ae32-47f1-a98f-d035faeeb210;371.96;0.78739462;UNKNOWN
2016-02-04T05:16:06.000000;2016-02-04T05:16:06.000000;3c24c16e-1b8b-466f-87ab-6ea8685652f9;371.96;0.020826;UNKNOWN
2016-02-04T05:16:07.000000;2016-02-04T05:16:07.000000;ec1744ae-8097-4c00-88b0-5c17caae1bd1;371.96;0.19177938;UNKNOWN
2016-02-04T05:16:09.000000;2016-02-04T05:16:09.000000;b09776db-2a1f-4be0-8cd7-2f2e9de48f2b;371.95;1.9983;UNKNOWN
2016-02-04T05:16:09.000000;2016-02-04T05:16:09.000000;9e03c41b-1e18-454a-b91e-835fce1840de;371.95;0.049939;UNKNOWN
2016-02-04T05:16:13.000000;2016-02-04T05:16:13.000000;4a2142df-3d21-42ba-b86c-d04a90a06661;371.95;0.049939;UNKNOWN
