time_exchange;time_coinpai;guid;price;base_amount;taker_side
2016-03-26T00:00:04.000000;2016-03-26T00:00:04.000000;f91be331-1839-4c3b-b038-1668d0223785;416.02;0.37177585;UNKNOWN
2016-03-26T00:00:04.000000;2016-03-26T00:00:04.000000;b952c7bb-1df6-467b-8639-4e2d7bf9f53d;416.02;0.03109081;UNKNOWN
2016-03-26T00:00:46.000000;2016-03-26T00:00:46.000000;3d9b1eec-e190-46d6-a7f4-c4eace3e1215;416.0;0.78393887;UNKNOWN
2016-03-26T00:00:47.000000;2016-03-26T00:00:47.000000;e26bee0d-aefc-4da2-af03-aa50e7924daa;416.0;0.36843423;UNKNOWN
2016-03-26T00:00:49.000000;2016-03-26T00:00:49.000000;d0232970-1a9a-4f10-87a9-b3bd4ee3881f;416.0;0.78393887;UNKNOWN
2016-03-26T00:00:50.000000;2016-03-26T00:00:50.000000;6ae7f3a7-e979-4366-9c90-28470382e98e;416.0;0.78393887;UNKNOWN
2016-03-26T00:00:50.000000;2016-03-26T00:00:50.000000;14aab52c-51e0-46d0-9156-4159a6936436;416.0;0.16185988;UNKNOWN
2016-03-26T00:01:02.000000;2016-03-26T00:01:02.000000;bce4e394-3a91-40cc-9819-e631ecac124e;416.0;0.033633;UNKNOWN
2016-03-26T00:01:59.000000;2016-03-26T00:01:59.000000;bef3f246-d5ec-4086-b56a-e337371c75ad;416.16;0.138417;UNKNOWN
2016-03-26T00:09:02.000000;2016-03-26T00:09:02.000000;998cd752-41e4-4c1b-8fe3-fac7b8f9ac2b;416.32;0.01;UNKNOWN
2016-03-26T00:09:06.000000;2016-03-26T00:09:06.000000;2f190d8e-4a8c-4faa-83cc-a36235efbea0;416.0;0.01;UNKNOWN
2016-03-26T00:09:22.000000;2016-03-26T00:09:22.000000;ee1e4baf-f658-4750-bece-25ed9f7b34a7;416.0;0.09146635;UNKNOWN
2016-03-26T00:09:25.000000;2016-03-26T00:09:25.000000;5dbeaf81-ae93-4276-baf0-087ab9e6a1af;416.0;0.02910656;UNKNOWN
2016-03-26T00:09:59.000000;2016-03-26T00:09:59.000000;f14ac9cb-98df-41a5-b0f8-7fd96f95ff93;416.16;0.01450674;UNKNOWN
2016-03-26T00:10:45.000000;2016-03-26T00:10:45.000000;9c90eb27-b8fa-4868-984c-44a93d05708b;416.16;0.0851694;UNKNOWN
2016-03-26T00:10:45.000000;2016-03-26T00:10:45.000000;902b5ee9-210a-4c8c-99e8-26422e40cd29;416.16;0.08696456;UNKNOWN
2016-03-26T00:11:06.000000;2016-03-26T00:11:06.000000;0206987c-070c-4ed0-85b9-ecb1ef8c46c0;416.0;0.01877721;UNKNOWN
2016-03-26T00:13:18.000000;2016-03-26T00:13:18.000000;f1884d2b-fae1-43c5-a470-6344daf9c5cc;416.0;0.72833354;UNKNOWN
2016-03-26T00:13:46.000000;2016-03-26T00:13:46.000000;1dc520cb-6719-4bfe-8b03-a6b4758bb0d1;416.0;0.3061894;UNKNOWN
2016-03-26T00:14:24.000000;2016-03-26T00:14:24.000000;e7b20ecf-b08b-4e7a-aece-a9cf8ea189ee;416.16;0.78610261;UNKNOWN
2016-03-26T00:16:57.000000;2016-03-26T00:16:57.000000;8bb5aa4e-fc0d-4b95-838c-5eb6cd082d61;416.0;0.78321633;UNKNOWN
2016-03-26T00:16:59.000000;2016-03-26T00:16:59.000000;79ffe006-6e72-4654-85d0-73e5ca16e6f2;416.0;0.05305196;UNKNOWN
2016-03-26T00:18:33.000000;2016-03-26T00:18:33.000000;65aab29f-ad12-4eff-853e-3f5366408c2b;416.0;0.52364291;UNKNOWN
2016-03-26T00:18:45.000000;2016-03-26T00:18:45.000000;ac5cda72-0a01-4f22-b666-528dd04481e6;416.0;0.23563931;UNKNOWN
2016-03-26T00:18:49.000000;2016-03-26T00:18:49.000000;5023f611-92ea-42b6-904e-4ddaea3d210d;416.0;0.0973004;UNKNOWN
2016-03-26T00:19:06.000000;2016-03-26T00:19:06.000000;78fae7ed-f3bb-4b68-b4a1-5288a1ec41ea;416.01;0.10902427;UNKNOWN
2016-03-26T00:19:28.000000;2016-03-26T00:19:28.000000;811f23a1-1cc5-4355-979c-3ce421c0e6d7;416.0;0.75777684;UNKNOWN
2016-03-26T00:19:32.000000;2016-03-26T00:19:32.000000;46e71a61-b007-44e3-a5b8-3aaaeda1ad2b;416.01;0.02791526;UNKNOWN
2016-03-26T00:19:40.000000;2016-03-26T00:19:40.000000;5c209cb0-ebba-463a-8bb3-f989009d4dd2;416.0;0.03748101;UNKNOWN
2016-03-26T00:19:51.000000;2016-03-26T00:19:51.000000;e8a97448-aa03-41a0-90af-d41fb889e7fb;416.0;0.32848115;UNKNOWN
2016-03-26T00:20:22.000000;2016-03-26T00:20:22.000000;485f92b1-e12b-437e-b71f-ee36cb6259f6;416.02;0.06791563;UNKNOWN
2016-03-26T00:20:43.000000;2016-03-26T00:20:43.000000;39cc0c98-3dc3-4552-8e43-2f467849b7a4;416.02;0.75334691;UNKNOWN
2016-03-26T00:22:43.000000;2016-03-26T00:22:43.000000;2a643be7-edc7-4a39-985a-4c40d1a1799e;416.37;6.5;UNKNOWN
2016-03-26T00:22:43.000000;2016-03-26T00:22:43.000000;dead12e5-eead-4346-b295-1560fe9483a2;416.36;0.5;UNKNOWN
2016-03-26T00:22:43.000000;2016-03-26T00:22:43.000000;e209c15e-404c-4b60-a95e-985738ec4cf1;416.36;3.0;UNKNOWN
2016-03-26T00:23:27.000000;2016-03-26T00:23:27.000000;862d9160-f472-4abd-ad9b-e4ae80cebc43;416.3;5.4;UNKNOWN
2016-03-26T00:24:29.000000;2016-03-26T00:24:29.000000;dd538d28-2d7d-4f90-bd5f-84ff9f3886a9;416.29;0.36006865;UNKNOWN
2016-03-26T00:26:01.000000;2016-03-26T00:26:01.000000;b4178bd2-9251-47ed-b469-22131b385262;416.22;3.0;UNKNOWN
2016-03-26T00:26:01.000000;2016-03-26T00:26:01.000000;96fdc968-6f0e-4d5a-9d33-106b020bcfe7;416.19;6.36;UNKNOWN
2016-03-26T00:26:01.000000;2016-03-26T00:26:01.000000;0d950a90-d113-4785-bf44-4a4d4a7ea022;416.31;0.64;UNKNOWN
2016-03-26T00:27:11.000000;2016-03-26T00:27:11.000000;611adf6f-fc79-4263-9cd0-4386e8790ebe;416.18;2.81443447;UNKNOWN
2016-03-26T00:27:11.000000;2016-03-26T00:27:11.000000;ba71241a-50dc-472f-9c0f-683ef5d37b4a;416.0;7.18556553;UNKNOWN
2016-03-26T00:27:33.000000;2016-03-26T00:27:33.000000;f9432d3f-fed4-465e-a51e-d7cc44e3da38;416.0;3.57237122;UNKNOWN
2016-03-26T00:27:33.000000;2016-03-26T00:27:33.000000;b0e6e4f7-90be-4088-8cbb-bd3103e4eefb;416.0;3.0;UNKNOWN
2016-03-26T00:29:29.000000;2016-03-26T00:29:29.000000;701fdc1b-889d-426a-8ba8-5e74e89b766b;415.94;0.0190247;UNKNOWN
2016-03-26T00:29:33.000000;2016-03-26T00:29:33.000000;a329078a-b460-44c5-ab32-7d0898533c16;415.94;0.03313588;UNKNOWN
2016-03-26T00:34:12.000000;2016-03-26T00:34:12.000000;59677ad8-e9b0-4ba3-95e5-7fe885959ca3;415.99;0.31771454;UNKNOWN
2016-03-26T00:34:12.000000;2016-03-26T00:34:12.000000;30b14292-7fdf-4caa-a750-91e446e3fde4;415.71;2.06350998;UNKNOWN
2016-03-26T00:34:16.000000;2016-03-26T00:34:16.000000;396ec88e-e8e4-4331-bcae-858c164cac86;415.99;0.01222059;UNKNOWN
2016-03-26T00:34:24.000000;2016-03-26T00:34:24.000000;f73b3d12-8086-4ea8-95aa-34ee277bb22a;415.7;0.05052331;UNKNOWN
2016-03-26T00:34:24.000000;2016-03-26T00:34:24.000000;f66fe8db-a015-4b70-b805-6210bb1469fb;415.7;0.03121875;UNKNOWN
2016-03-26T00:34:26.000000;2016-03-26T00:34:26.000000;d8144bc9-33c7-4a2b-b155-8d7f03e6cb8b;415.7;0.05052331;UNKNOWN
2016-03-26T00:34:27.000000;2016-03-26T00:34:27.000000;a36736df-ef7c-409d-9a0a-5a84ed550adb;415.7;0.03122401;UNKNOWN
2016-03-26T00:35:14.000000;2016-03-26T00:35:14.000000;5707a32a-5e9d-4c12-b935-c2a24d547c1d;415.98;0.02249805;UNKNOWN
2016-03-26T00:35:15.000000;2016-03-26T00:35:15.000000;b8275793-bcd0-4f13-831f-059b9337429e;415.98;0.02249805;UNKNOWN
2016-03-26T00:35:15.000000;2016-03-26T00:35:15.000000;7d74fd39-16d5-4dd7-82dd-380735a101b1;415.98;0.0265495;UNKNOWN
2016-03-26T00:35:16.000000;2016-03-26T00:35:16.000000;6a3c017e-137f-437d-a352-a4fdd8b31ecc;415.98;0.02249805;UNKNOWN
2016-03-26T00:35:19.000000;2016-03-26T00:35:19.000000;041ee507-9229-4c93-a907-40d1f39a18d1;415.98;0.01;UNKNOWN
2016-03-26T00:35:56.000000;2016-03-26T00:35:56.000000;e4532931-9319-4b4d-9674-4081372312da;416.0;0.01743;UNKNOWN
2016-03-26T00:36:10.000000;2016-03-26T00:36:10.000000;be906c3d-a4eb-4c20-904e-2b775238b23b;415.99;0.05671817;UNKNOWN
2016-03-26T00:36:46.000000;2016-03-26T00:36:46.000000;f63dd37e-0521-48f1-9beb-67764815dad3;415.99;0.2485;UNKNOWN
2016-03-26T00:36:52.000000;2016-03-26T00:36:52.000000;0f3a57d3-64d3-4e67-830f-9a27399ca54f;415.99;0.2485;UNKNOWN
2016-03-26T00:37:21.000000;2016-03-26T00:37:21.000000;9f410d54-a122-4a8f-a03c-b9898f9470c9;416.0;0.02692067;UNKNOWN
2016-03-26T00:37:34.000000;2016-03-26T00:37:34.000000;0ad3d68d-24c4-40b1-bef7-a77e82074c8d;415.99;0.0563477;UNKNOWN
2016-03-26T00:40:27.000000;2016-03-26T00:40:27.000000;79116b96-b106-43a0-8d48-d6d43b2b174e;416.0;2.0;UNKNOWN
2016-03-26T00:40:29.000000;2016-03-26T00:40:29.000000;4537bf8f-883a-4a24-8ac4-bea9cdc116c3;416.0;0.41739568;UNKNOWN
2016-03-26T00:40:29.000000;2016-03-26T00:40:29.000000;0fbacadf-1e3e-4ad0-8263-ed33c7075586;416.0;0.96588243;UNKNOWN
2016-03-26T00:40:30.000000;2016-03-26T00:40:30.000000;b2c7f8e4-b2f4-4031-a8dc-332725c421f4;416.16;0.19508819;UNKNOWN
2016-03-26T00:40:31.000000;2016-03-26T00:40:31.000000;f5542d50-e11e-4ec2-a010-c27494e33548;416.16;0.08058087;UNKNOWN
2016-03-26T00:40:32.000000;2016-03-26T00:40:32.000000;e6d10353-3df8-4209-ac1d-92a1ce44f3a5;416.16;0.08054989;UNKNOWN
2016-03-26T00:41:09.000000;2016-03-26T00:41:09.000000;56818cfa-13d0-4333-8c5f-0b8ccc935a37;416.19;0.43908497;UNKNOWN
2016-03-26T00:41:18.000000;2016-03-26T00:41:18.000000;0f5f3223-537b-4a45-8f33-7747b101e6b1;416.19;0.43146189;UNKNOWN
2016-03-26T00:41:19.000000;2016-03-26T00:41:19.000000;81745a12-a591-4cb0-86fa-aadb54ee42a6;416.19;0.43146189;UNKNOWN
2016-03-26T00:41:20.000000;2016-03-26T00:41:20.000000;53361e84-5b6d-4acc-bdac-b77caac80d9d;416.19;0.07825084;UNKNOWN
2016-03-26T00:41:20.000000;2016-03-26T00:41:20.000000;940c7f32-8c8c-4301-ba46-df26df2c41dc;416.19;0.01340953;UNKNOWN
2016-03-26T00:41:21.000000;2016-03-26T00:41:21.000000;681748bc-e0b8-4044-82e7-f367cb3c0574;416.19;0.14254842;UNKNOWN
2016-03-26T00:41:22.000000;2016-03-26T00:41:22.000000;31cf9949-d7f9-40f3-97b7-1f6b5208d1e5;416.19;0.43146189;UNKNOWN
2016-03-26T00:41:23.000000;2016-03-26T00:41:23.000000;bbe44baa-e218-4f57-84ec-590f492ae365;416.19;0.1299325;UNKNOWN
2016-03-26T00:41:23.000000;2016-03-26T00:41:23.000000;26f676b7-8ec8-4410-af9e-9c167d7bc4b6;416.19;0.78752296;UNKNOWN
2016-03-26T00:42:25.000000;2016-03-26T00:42:25.000000;0d8d7c81-8d5e-4d24-bc20-dee4ff7ee1b0;416.19;0.0531049;UNKNOWN
2016-03-26T00:42:26.000000;2016-03-26T00:42:26.000000;2f9b1e63-b88c-479b-a998-36702ff9837a;416.19;0.0531049;UNKNOWN
2016-03-26T00:42:26.000000;2016-03-26T00:42:26.000000;1d96a4e6-b170-41c1-a55b-186946b0d13a;416.19;0.02250068;UNKNOWN
2016-03-26T00:45:50.000000;2016-03-26T00:45:50.000000;c2e8db95-1b31-40ac-b215-0d4e54b9b898;416.19;6.98615463;UNKNOWN
2016-03-26T00:45:53.000000;2016-03-26T00:45:53.000000;e6849c63-d304-4833-b431-9a93699ab4d4;416.2;0.846846;UNKNOWN
2016-03-26T00:50:06.000000;2016-03-26T00:50:06.000000;c571f8fa-068d-4014-a85d-0ce9ad8274a5;416.36;0.044565;UNKNOWN
2016-03-26T00:51:05.000000;2016-03-26T00:51:05.000000;78d1fe2b-26f2-40a4-aaa3-43521f6f157b;416.36;1.467;UNKNOWN
2016-03-26T00:51:53.000000;2016-03-26T00:51:53.000000;3d910290-451f-4c8d-a7cc-3a6520f4583f;416.36;0.252846;UNKNOWN
2016-03-26T00:52:22.000000;2016-03-26T00:52:22.000000;7e16a4b2-c5b0-478e-8405-7f504bcfacc0;416.37;0.03079655;UNKNOWN
2016-03-26T00:52:25.000000;2016-03-26T00:52:25.000000;f41ac897-32dc-4990-9a1f-9e7f41f7dbd9;416.36;0.13149172;UNKNOWN
2016-03-26T00:53:18.000000;2016-03-26T00:53:18.000000;3ade2581-a471-4758-8a6a-83879d29f4c8;417.21;6.9074568;UNKNOWN
2016-03-26T00:53:18.000000;2016-03-26T00:53:18.000000;41ada79e-ff2a-43ff-bd35-80972d93976b;417.12;2.83;UNKNOWN
2016-03-26T00:53:18.000000;2016-03-26T00:53:18.000000;0e3c2aa8-10d1-4769-be7f-6e4d40a93ee8;416.9;5.0;UNKNOWN
2016-03-26T00:53:18.000000;2016-03-26T00:53:18.000000;6b8c3a9a-b4a7-481e-a482-e012d6459bb5;416.37;17.9028432;UNKNOWN
2016-03-26T00:53:18.000000;2016-03-26T00:53:18.000000;e67231b6-9e3d-4f0f-b369-c4c4317c9418;416.89;4.61;UNKNOWN
2016-03-26T00:53:18.000000;2016-03-26T00:53:18.000000;ee34be4c-e80c-47fe-84b6-b7c5a9942f6c;417.12;0.01;UNKNOWN
2016-03-26T00:53:18.000000;2016-03-26T00:53:18.000000;37e55e9b-34d4-447c-a769-c37d03e91f57;417.03;0.05;UNKNOWN
2016-03-26T00:53:18.000000;2016-03-26T00:53:18.000000;f40351d0-49a8-4275-826a-51e3595d3486;417.0;3.341;UNKNOWN
2016-03-26T00:53:18.000000;2016-03-26T00:53:18.000000;11414319-31b4-4028-8fdd-60c50e2dbfdf;417.05;12.8879;UNKNOWN
2016-03-26T00:53:18.000000;2016-03-26T00:53:18.000000;c75c5d31-11a0-4f28-95ea-6acbe2e4ce25;417.18;0.01;UNKNOWN
2016-03-26T00:53:18.000000;2016-03-26T00:53:18.000000;1947e321-c4f3-422a-b4a0-0057973ef4d4;417.08;0.01;UNKNOWN
2016-03-26T00:53:18.000000;2016-03-26T00:53:18.000000;b49e7b51-9a42-49b4-819b-398faeccb4f3;417.2;1.0;UNKNOWN
2016-03-26T00:53:18.000000;2016-03-26T00:53:18.000000;4c764226-951a-4691-a52a-ab1c08986d81;416.93;0.01;UNKNOWN
2016-03-26T00:53:18.000000;2016-03-26T00:53:18.000000;69e9d527-b5eb-44d9-afbd-949d4fffd9f6;416.9;10.0;UNKNOWN
2016-03-26T00:53:18.000000;2016-03-26T00:53:18.000000;dd4b5bdf-7414-49e8-878e-3a6d4f695f7c;416.8;2.0;UNKNOWN
2016-03-26T00:53:18.000000;2016-03-26T00:53:18.000000;92fd49ec-7d18-4da1-aaf0-5b8b6c6f0f03;416.8;10.0;UNKNOWN
2016-03-26T00:53:18.000000;2016-03-26T00:53:18.000000;34563898-03d3-4d6c-9216-17dcf2be3b6a;416.5;10.0;UNKNOWN
2016-03-26T00:53:18.000000;2016-03-26T00:53:18.000000;5f7b4304-35c9-424d-bd31-8190fcdb74a2;416.5;10.0;UNKNOWN
2016-03-26T00:53:23.000000;2016-03-26T00:53:23.000000;2c4f0381-89ac-4424-a668-02d8b787fd32;417.3;3.27928206;UNKNOWN
2016-03-26T00:53:23.000000;2016-03-26T00:53:23.000000;c9503cfd-9e7f-4962-a9fe-659bbeec2d97;417.25;0.08071794;UNKNOWN
2016-03-26T00:53:23.000000;2016-03-26T00:53:23.000000;d353ee52-5af9-4b38-88f1-aa9e3b5927db;417.5;0.15;UNKNOWN
2016-03-26T00:53:23.000000;2016-03-26T00:53:23.000000;d60ae5d6-98a2-4b6a-ba6e-2cbca82a3180;417.49;0.01;UNKNOWN
2016-03-26T00:53:23.000000;2016-03-26T00:53:23.000000;8a0c443c-5c7d-4a3b-bf0f-42ed8fa1dc8d;417.5;0.06338768;UNKNOWN
2016-03-26T00:53:23.000000;2016-03-26T00:53:23.000000;e95e9af2-880a-4125-8019-106bee4b90ed;417.3;6.72071794;UNKNOWN
2016-03-26T00:53:23.000000;2016-03-26T00:53:23.000000;0cefa5c3-48d1-4c0e-9b94-d9e62726b527;417.47;0.01;UNKNOWN
2016-03-26T00:53:23.000000;2016-03-26T00:53:23.000000;451efc8c-cdbb-4ecc-b889-eb518812e337;417.49;0.01;UNKNOWN
2016-03-26T00:53:23.000000;2016-03-26T00:53:23.000000;224b8621-b56e-45b4-a1c7-d12d0e8f37c0;417.47;0.01;UNKNOWN
2016-03-26T00:53:23.000000;2016-03-26T00:53:23.000000;cf12e887-d601-4ee6-8cf7-f73ab48de34d;417.5;1.0;UNKNOWN
2016-03-26T00:53:23.000000;2016-03-26T00:53:23.000000;fadcc8af-e160-4837-b6a3-205cf0f0175c;417.56;0.2;UNKNOWN
2016-03-26T00:53:23.000000;2016-03-26T00:53:23.000000;8834a71b-91ea-4e44-a651-702f0cca55f0;417.67;0.04530175;UNKNOWN
2016-03-26T00:53:23.000000;2016-03-26T00:53:23.000000;15968043-7ef2-4b52-800b-faaa46cffd31;417.9;29.86287612;UNKNOWN
2016-03-26T00:53:23.000000;2016-03-26T00:53:23.000000;f32f763d-0587-4c16-8996-6aa643721539;417.88;4.65701113;UNKNOWN
2016-03-26T00:53:23.000000;2016-03-26T00:53:23.000000;382b1baf-a7bc-4c20-9825-b47b8dbe59ab;417.66;0.01;UNKNOWN
2016-03-26T00:53:23.000000;2016-03-26T00:53:23.000000;f99d4868-0bde-4d7d-a110-305bd4bf2d5f;417.88;9.5;UNKNOWN
2016-03-26T00:53:23.000000;2016-03-26T00:53:23.000000;ce794791-61d3-48c7-8337-73696cc0dc91;417.81;4.65690269;UNKNOWN
2016-03-26T00:53:23.000000;2016-03-26T00:53:23.000000;f6917aff-3b01-44b3-8863-1c315b59b92f;417.81;13.4346;UNKNOWN
2016-03-26T00:53:23.000000;2016-03-26T00:53:23.000000;b78dcda2-7d24-48df-8249-c626e6a467f1;417.84;4.65690269;UNKNOWN
2016-03-26T00:53:23.000000;2016-03-26T00:53:23.000000;76375459-0c7d-4ded-bbb1-39ac079b4e3a;417.59;5.0;UNKNOWN
2016-03-26T00:53:23.000000;2016-03-26T00:53:23.000000;929ba30d-a364-4276-a8c8-71918f8b12f7;417.9;0.02;UNKNOWN
2016-03-26T00:53:23.000000;2016-03-26T00:53:23.000000;dac0532a-fb50-487c-a151-be712100b528;417.89;0.02;UNKNOWN
2016-03-26T00:53:23.000000;2016-03-26T00:53:23.000000;aa5a7f9d-5fe9-4f58-aa3f-a15b2142a0bb;417.89;13.3582;UNKNOWN
2016-03-26T00:53:23.000000;2016-03-26T00:53:23.000000;cbd3ec06-a069-42db-8551-b3a773298755;417.86;0.02;UNKNOWN
2016-03-26T00:53:23.000000;2016-03-26T00:53:23.000000;ef6cf691-86dd-4bb4-8691-eee5b3217ddb;417.89;20.0;UNKNOWN
2016-03-26T00:53:23.000000;2016-03-26T00:53:23.000000;a24c54e2-1467-4496-8ea9-28f57c03c30c;417.89;0.02;UNKNOWN
2016-03-26T00:53:24.000000;2016-03-26T00:53:24.000000;4be7fdf7-23b8-4351-b8b6-a1642c029c9d;417.9;4.01;UNKNOWN
2016-03-26T00:53:27.000000;2016-03-26T00:53:27.000000;47023c47-e85f-4f4d-bf33-af75b775caaf;417.9;2.06;UNKNOWN
2016-03-26T00:53:27.000000;2016-03-26T00:53:27.000000;a9aa028b-58f5-4698-af31-2320ec8ba396;417.81;0.44;UNKNOWN
2016-03-26T00:53:30.000000;2016-03-26T00:53:30.000000;bbde0dea-e8c2-4ce6-b30c-c7189fd5b8fa;417.29;1.66664634;UNKNOWN
2016-03-26T00:53:33.000000;2016-03-26T00:53:33.000000;7a1e6c35-59bf-43b1-aa50-099249b158fc;417.48;9.0;UNKNOWN
2016-03-26T00:54:03.000000;2016-03-26T00:54:03.000000;2306a86b-bd3f-436e-b1f2-6c175b60ae1f;417.47;0.01;UNKNOWN
2016-03-26T00:54:18.000000;2016-03-26T00:54:18.000000;38f8dd00-9243-4b68-86dd-9a079628383c;417.47;0.58508522;UNKNOWN
2016-03-26T00:54:35.000000;2016-03-26T00:54:35.000000;204c8eed-30ad-405d-bfd7-cdbee9a20a1a;417.69;7.29309701;UNKNOWN
2016-03-26T00:54:43.000000;2016-03-26T00:54:43.000000;76e31b31-4a1e-4c61-a8a3-5bf28c4d049b;417.69;0.01;UNKNOWN
2016-03-26T00:54:44.000000;2016-03-26T00:54:44.000000;93dd25f5-093e-4a26-8eb3-71191c461a0c;417.68;0.26732;UNKNOWN
2016-03-26T00:54:57.000000;2016-03-26T00:54:57.000000;44b90078-87e8-4283-98d5-6a351f4d40cb;417.68;0.01982;UNKNOWN
2016-03-26T00:54:57.000000;2016-03-26T00:54:57.000000;a428e210-1fae-4b60-8c9b-27275322317c;417.69;0.01;UNKNOWN
2016-03-26T00:55:32.000000;2016-03-26T00:55:32.000000;aef76ec3-68f9-4992-8abf-c9df0567fbfc;417.68;0.51344391;UNKNOWN
2016-03-26T00:56:12.000000;2016-03-26T00:56:12.000000;1c9e87bc-d8ad-4fe8-b0c6-5848e9de4129;417.48;0.04760618;UNKNOWN
2016-03-26T00:56:23.000000;2016-03-26T00:56:23.000000;7e8d9790-b540-4cf5-a3d5-5fe6587b9c02;417.54;9.766;UNKNOWN
2016-03-26T00:56:27.000000;2016-03-26T00:56:27.000000;05971855-a7dd-4e1b-97bb-fe1bad0c1a35;417.54;2.09946;UNKNOWN
2016-03-26T00:56:33.000000;2016-03-26T00:56:33.000000;183e4ac0-cdbc-40c3-8e2a-4871323fbe48;417.48;1.41985;UNKNOWN
2016-03-26T00:56:59.000000;2016-03-26T00:56:59.000000;1d017271-e3ad-4605-9551-279921a0bf84;417.19;0.02312324;UNKNOWN
2016-03-26T00:57:18.000000;2016-03-26T00:57:18.000000;6d764a37-3e0d-4e82-88dd-12868ea2980d;417.2;0.04;UNKNOWN
2016-03-26T00:57:48.000000;2016-03-26T00:57:48.000000;8d9254c7-b412-4cb4-9b98-03a929c2c4f7;417.22;0.02400124;UNKNOWN
2016-03-26T00:57:56.000000;2016-03-26T00:57:56.000000;ff9d0311-5dac-4af5-9aa1-684b1758117b;417.32;2.09020389;UNKNOWN
2016-03-26T00:59:17.000000;2016-03-26T00:59:17.000000;b73062f2-079c-4643-abdd-f176dd3f2cfd;417.24;0.02090727;UNKNOWN
2016-03-26T01:00:04.000000;2016-03-26T01:00:04.000000;06bf04f1-2073-43f8-894b-6a3ea5a48632;417.22;0.96128451;UNKNOWN
2016-03-26T01:00:12.000000;2016-03-26T01:00:12.000000;9a69e872-481b-493f-b3a2-cff660e4ce12;417.22;0.1872;UNKNOWN
2016-03-26T01:00:16.000000;2016-03-26T01:00:16.000000;0960335d-deac-4910-afcf-5ed3b7d0753c;417.22;1.0;UNKNOWN
2016-03-26T01:00:22.000000;2016-03-26T01:00:22.000000;61c88244-6c79-472b-8f82-e9bd6ccbbbd5;417.22;1.23180207;UNKNOWN
2016-03-26T01:00:52.000000;2016-03-26T01:00:52.000000;0b33c06e-2dbc-46e7-817c-a41b6bc67511;416.87;0.70844405;UNKNOWN
2016-03-26T01:01:16.000000;2016-03-26T01:01:16.000000;bb6c6671-b21d-4f6b-b93f-f966a84102eb;416.87;0.23801374;UNKNOWN
2016-03-26T01:01:56.000000;2016-03-26T01:01:56.000000;85569965-982c-4357-81ee-370afce6f4a8;416.87;0.0480324;UNKNOWN
2016-03-26T01:02:12.000000;2016-03-26T01:02:12.000000;8cc8c715-7f98-4ee8-8d38-32e6fe5b2927;416.87;0.29971402;UNKNOWN
2016-03-26T01:02:19.000000;2016-03-26T01:02:19.000000;a9cbd3dd-7041-4717-9d91-cf7ce39ec7c5;416.87;1.0;UNKNOWN
2016-03-26T01:03:56.000000;2016-03-26T01:03:56.000000;a6cd2063-31e2-48c5-b5ba-67a6f53cabd9;416.56;0.03605454;UNKNOWN
2016-03-26T01:04:25.000000;2016-03-26T01:04:25.000000;4733b1a0-6c87-46a2-9aa4-fb48e0ec7779;416.84;0.3498;UNKNOWN
2016-03-26T01:04:52.000000;2016-03-26T01:04:52.000000;de490dc4-a028-495c-8c22-1d4510c10311;416.81;0.01508347;UNKNOWN
2016-03-26T01:05:01.000000;2016-03-26T01:05:01.000000;26b5bf96-3e63-46fa-8cf4-e2f7c7e38501;416.81;1.0;UNKNOWN
2016-03-26T01:05:07.000000;2016-03-26T01:05:07.000000;95cc2687-57de-4013-a1a4-f632b5279994;416.78;0.31311561;UNKNOWN
2016-03-26T01:05:11.000000;2016-03-26T01:05:11.000000;d5878bbb-bbb8-4496-9c9e-a3e908a35fb1;416.81;0.522;UNKNOWN
2016-03-26T01:05:47.000000;2016-03-26T01:05:47.000000;39979039-e40b-42d3-bdf0-25c14b1a5568;416.81;0.3559;UNKNOWN
2016-03-26T01:06:21.000000;2016-03-26T01:06:21.000000;100fd348-a3ed-4d9c-96d5-56d479f5593c;416.81;0.3595;UNKNOWN
2016-03-26T01:06:54.000000;2016-03-26T01:06:54.000000;3116b04c-c417-4c74-a44a-443e37027e58;416.81;0.353;UNKNOWN
2016-03-26T01:07:27.000000;2016-03-26T01:07:27.000000;050d0bcc-4c9f-4503-8040-7fb35b64b546;416.81;0.3585;UNKNOWN
2016-03-26T01:09:10.000000;2016-03-26T01:09:10.000000;b21c6aa8-5399-4331-a45e-dcf2a99b9b14;416.91;0.3509;UNKNOWN
2016-03-26T01:09:50.000000;2016-03-26T01:09:50.000000;f6405e3c-cb6d-49d5-a350-1855eece6146;416.75;0.49;UNKNOWN
2016-03-26T01:10:12.000000;2016-03-26T01:10:12.000000;3dc2ff9f-d14c-49e2-ae1e-841b3e2f2b0f;416.75;0.04743293;UNKNOWN
2016-03-26T01:10:38.000000;2016-03-26T01:10:38.000000;e3300ef8-a3c3-45f7-bb3b-4f73ab6a7ee0;416.75;0.997059;UNKNOWN
2016-03-26T01:10:41.000000;2016-03-26T01:10:41.000000;9eadfbd6-60a2-439f-92ce-ab6d0d6d2e3e;416.75;0.624066;UNKNOWN
2016-03-26T01:11:25.000000;2016-03-26T01:11:25.000000;736143b7-93a2-4572-87d1-146b67115214;416.89;1.0;UNKNOWN
2016-03-26T01:11:32.000000;2016-03-26T01:11:32.000000;5d11d9db-4815-44c0-980c-747b02b0f2a4;416.9;0.369;UNKNOWN
2016-03-26T01:12:00.000000;2016-03-26T01:12:00.000000;0c644ad9-3357-4758-90d5-315951da8a7d;416.89;0.755758;UNKNOWN
2016-03-26T01:12:12.000000;2016-03-26T01:12:12.000000;51e0e2f9-ea56-4505-98f2-90421d2f2e1b;416.89;0.03324125;UNKNOWN
2016-03-26T01:12:12.000000;2016-03-26T01:12:12.000000;946cde60-ca08-4466-9db4-a61a08e0739d;416.89;0.04511421;UNKNOWN
2016-03-26T01:13:00.000000;2016-03-26T01:13:00.000000;935f30a7-2753-4dd5-8265-91c4017dee5c;417.02;0.4;UNKNOWN
2016-03-26T01:13:05.000000;2016-03-26T01:13:05.000000;2f33e1f2-fa3f-4349-aabc-82005b3de230;417.15;0.720144;UNKNOWN
2016-03-26T01:13:05.000000;2016-03-26T01:13:05.000000;6a1fa3e3-6366-43fc-904e-17093f0c8a65;417.13;5.9679;UNKNOWN
2016-03-26T01:13:05.000000;2016-03-26T01:13:05.000000;5a530337-19e3-4889-a9b7-19c8d68cbdbb;417.02;0.6;UNKNOWN
2016-03-26T01:13:07.000000;2016-03-26T01:13:07.000000;5da60980-1916-4a47-b7fe-2af631231756;417.18;1.0;UNKNOWN
2016-03-26T01:13:08.000000;2016-03-26T01:13:08.000000;e8b156e7-31d5-49b4-a02e-618bdfbe0250;417.18;0.666962;UNKNOWN
2016-03-26T01:13:13.000000;2016-03-26T01:13:13.000000;8b4ae074-d115-48bc-a7e7-2b77d2e3ee27;417.24;19.97909273;UNKNOWN
2016-03-26T01:13:13.000000;2016-03-26T01:13:13.000000;615f4f5c-1fc1-46e1-ae38-07925476c6f4;417.46;12.02090727;UNKNOWN
2016-03-26T01:13:13.000000;2016-03-26T01:13:13.000000;4ac84835-bf7b-4b81-aa70-d69877814f0b;417.2;1.0;UNKNOWN
2016-03-26T01:13:51.000000;2016-03-26T01:13:51.000000;dabba350-4494-4175-99ec-a594dc9273d8;417.75;5.9719;UNKNOWN
2016-03-26T01:13:51.000000;2016-03-26T01:13:51.000000;8244310c-7e80-4bf9-9cb6-5613409c84a3;417.69;3.11840299;UNKNOWN
2016-03-26T01:13:51.000000;2016-03-26T01:13:51.000000;204b556f-c8f9-46fc-ab91-ecf308904611;417.9;15.0;UNKNOWN
2016-03-26T01:13:51.000000;2016-03-26T01:13:51.000000;ab669f1a-bf2f-4bba-aa1e-22e9aa44e1a9;418.04;13.5093;UNKNOWN
2016-03-26T01:13:51.000000;2016-03-26T01:13:51.000000;acf00d52-80c9-406f-8d88-21bd82cc023a;417.88;12.432;UNKNOWN
2016-03-26T01:13:51.000000;2016-03-26T01:13:51.000000;2f051fe0-aad0-4796-843e-92d3632703c0;417.89;16.4828;UNKNOWN
2016-03-26T01:13:51.000000;2016-03-26T01:13:51.000000;2b41aaa3-a0d9-4cb7-8f67-57fadaa28f66;417.9;64.06712388;UNKNOWN
2016-03-26T01:13:51.000000;2016-03-26T01:13:51.000000;cd830205-e3b3-4002-8f7e-c03d61c41fa7;417.9;2.0;UNKNOWN
2016-03-26T01:13:51.000000;2016-03-26T01:13:51.000000;5db04649-0b08-48ee-8014-7deeba85175d;417.9;0.05;UNKNOWN
2016-03-26T01:13:51.000000;2016-03-26T01:13:51.000000;322326a4-36ad-41fa-99f1-fa0b1554b322;417.97;2.44738034;UNKNOWN
2016-03-26T01:13:51.000000;2016-03-26T01:13:51.000000;ee554daa-ee52-498d-bb8f-952867978f3d;417.92;4.6567291;UNKNOWN
2016-03-26T01:13:51.000000;2016-03-26T01:13:51.000000;5635f10b-6274-440f-affe-cfd0096c0a46;417.92;0.02;UNKNOWN
2016-03-26T01:13:51.000000;2016-03-26T01:13:51.000000;15a859f8-4b48-480d-90a6-721a7a22cbfa;418.0;0.01;UNKNOWN
2016-03-26T01:13:51.000000;2016-03-26T01:13:51.000000;20812e2e-64f8-4d1e-b783-71c957ea02ce;418.0;100.0;UNKNOWN
2016-03-26T01:13:51.000000;2016-03-26T01:13:51.000000;e2c09338-90cd-411b-a478-d360a60e4529;418.0;0.68;UNKNOWN
2016-03-26T01:13:51.000000;2016-03-26T01:13:51.000000;3e83de09-9716-462c-b794-cae678ce5e13;418.0;0.1;UNKNOWN
2016-03-26T01:13:51.000000;2016-03-26T01:13:51.000000;6f9f3220-9811-431e-ad89-0971af11ff85;418.0;9.6862041;UNKNOWN
2016-03-26T01:13:51.000000;2016-03-26T01:13:51.000000;941a6381-553c-4fae-b27b-e6aa933a674a;418.0;1.0;UNKNOWN
2016-03-26T01:13:51.000000;2016-03-26T01:13:51.000000;edab2f86-82a1-4f13-84ed-d5f582baea43;418.0;1.0;UNKNOWN
2016-03-26T01:14:01.000000;2016-03-26T01:14:01.000000;65db8d97-e664-4c91-a0c5-5fd68379c4cd;418.12;29.99;UNKNOWN
2016-03-26T01:14:01.000000;2016-03-26T01:14:01.000000;42dfdaae-dc3e-4bef-af4c-dffd1f1cb3ba;418.08;0.01;UNKNOWN
2016-03-26T01:14:09.000000;2016-03-26T01:14:09.000000;e07c313e-157c-43d3-9f92-b42691782233;418.1;1.0;UNKNOWN
2016-03-26T01:14:10.000000;2016-03-26T01:14:10.000000;fbf912c1-658d-46d4-95b3-2745d785fa12;418.18;0.01;UNKNOWN
2016-03-26T01:14:10.000000;2016-03-26T01:14:10.000000;e53af788-772b-4437-ab8e-12137a2df2e9;418.13;0.015;UNKNOWN
2016-03-26T01:14:10.000000;2016-03-26T01:14:10.000000;a16b6385-8bec-4f5c-8049-5ffc9417100e;418.29;5.9144;UNKNOWN
2016-03-26T01:14:10.000000;2016-03-26T01:14:10.000000;e16b2630-4f35-4099-9879-7e542ecf1d25;418.3;9.0506;UNKNOWN
2016-03-26T01:14:10.000000;2016-03-26T01:14:10.000000;70b72b20-10d5-4636-90fd-543aaf322f3d;418.17;0.01;UNKNOWN
2016-03-26T01:14:15.000000;2016-03-26T01:14:15.000000;7898bf2c-131f-4a39-8675-8ad006b2952f;418.31;0.63;UNKNOWN
2016-03-26T01:14:15.000000;2016-03-26T01:14:15.000000;dec87fd4-0686-422e-accb-45322dbda9f8;418.31;5.0;UNKNOWN
2016-03-26T01:14:15.000000;2016-03-26T01:14:15.000000;67a7f423-fc02-405b-b5c5-14df91bb3bd3;418.31;0.025;UNKNOWN
2016-03-26T01:14:15.000000;2016-03-26T01:14:15.000000;20579890-9c3b-40e7-93ba-423fc5d849b2;418.31;5.0;UNKNOWN
2016-03-26T01:14:19.000000;2016-03-26T01:14:19.000000;2082b715-3738-4f7a-9546-ce9d39c381e8;418.39;0.85;UNKNOWN
2016-03-26T01:14:27.000000;2016-03-26T01:14:27.000000;133221d4-cdfe-4926-b63b-202e4b0d9c5d;418.39;0.34974508;UNKNOWN
2016-03-26T01:14:28.000000;2016-03-26T01:14:28.000000;9072d50e-1bdd-49da-95b8-ac85947f58bc;418.45;5.0;UNKNOWN
2016-03-26T01:14:37.000000;2016-03-26T01:14:37.000000;a8635aa1-8003-4fef-9579-436f5d8dbad6;418.47;0.3425;UNKNOWN
2016-03-26T01:14:41.000000;2016-03-26T01:14:41.000000;b2c9ebea-2e59-4d31-b5bb-dec05e9d1e54;418.47;1.0;UNKNOWN
2016-03-26T01:14:46.000000;2016-03-26T01:14:46.000000;456f42da-82cb-4fcc-8da8-bb3cf1e7a22e;418.56;0.25;UNKNOWN
2016-03-26T01:14:46.000000;2016-03-26T01:14:46.000000;60be671f-bc5d-44c5-85ae-5bf94e491549;418.5;0.3;UNKNOWN
2016-03-26T01:14:46.000000;2016-03-26T01:14:46.000000;7924a417-5436-4561-bfae-87e1c8a5c3cf;418.58;9.5584;UNKNOWN
2016-03-26T01:14:46.000000;2016-03-26T01:14:46.000000;3e43bc3f-3cb8-45d2-b23b-6beec65d1e38;418.5;2.0;UNKNOWN
2016-03-26T01:14:46.000000;2016-03-26T01:14:46.000000;efba89da-3f65-45f9-bf50-ea6a96bc7b92;418.5;15.0;UNKNOWN
2016-03-26T01:14:46.000000;2016-03-26T01:14:46.000000;72ee863f-2141-4701-abfa-f00ec1ac8bea;418.55;5.8916;UNKNOWN
2016-03-26T01:14:50.000000;2016-03-26T01:14:50.000000;1a6a0937-4cff-4a56-857d-5c24b1eb7c3a;418.63;0.013;UNKNOWN
2016-03-26T01:14:50.000000;2016-03-26T01:14:50.000000;11eee14c-54a0-4262-b0fa-a3c58c1491f3;418.54;3.35;UNKNOWN
2016-03-26T01:14:50.000000;2016-03-26T01:14:50.000000;20ef6f01-0396-4301-8c81-9668f5b341af;418.58;3.5481;UNKNOWN
2016-03-26T01:14:50.000000;2016-03-26T01:14:50.000000;ca7d6ba4-83d0-45f3-bcf0-b105a9d51b33;418.54;26.0889;UNKNOWN
2016-03-26T01:15:02.000000;2016-03-26T01:15:02.000000;894ad139-f29b-4c6e-b02b-2056a7f9bd52;418.59;0.01;UNKNOWN
2016-03-26T01:15:08.000000;2016-03-26T01:15:08.000000;d7eb1b33-8881-45d2-ab3a-9db43eba294c;418.69;3.8075;UNKNOWN
2016-03-26T01:15:08.000000;2016-03-26T01:15:08.000000;8a9cfa64-3107-425e-b102-dac44c26ddfe;418.63;12.5;UNKNOWN
2016-03-26T01:15:08.000000;2016-03-26T01:15:08.000000;5ecea371-8864-4a12-aa1e-550dbf469ac9;418.61;0.3;UNKNOWN
2016-03-26T01:15:08.000000;2016-03-26T01:15:08.000000;9a5ecd5c-6e85-4b08-9b4b-4caa770b768a;418.6;12.3114;UNKNOWN
2016-03-26T01:15:08.000000;2016-03-26T01:15:08.000000;bab0b861-213e-41af-8f30-96c5c4e29d61;418.62;21.0811;UNKNOWN
2016-03-26T01:15:10.000000;2016-03-26T01:15:10.000000;04b25ecb-6cc0-4cb7-b09b-d720cd7a2d9b;418.89;5.8011;UNKNOWN
2016-03-26T01:15:10.000000;2016-03-26T01:15:10.000000;c3f423e8-ac19-4d6a-986b-c99cedd4a1c1;418.88;13.0166;UNKNOWN
2016-03-26T01:15:10.000000;2016-03-26T01:15:10.000000;c2ebcb51-3e68-4c90-af95-5566adafa44e;418.7;2.0;UNKNOWN
2016-03-26T01:15:10.000000;2016-03-26T01:15:10.000000;58ddaa30-dad4-4a08-993e-94060c2fbf03;418.76;0.2;UNKNOWN
2016-03-26T01:15:10.000000;2016-03-26T01:15:10.000000;ba90df0e-ebda-47fa-9dd0-f758808d9655;418.6;0.0393;UNKNOWN
2016-03-26T01:15:10.000000;2016-03-26T01:15:10.000000;81b24609-5756-4735-83a0-d2332f311065;418.7;15.1877;UNKNOWN
2016-03-26T01:15:10.000000;2016-03-26T01:15:10.000000;9c65548e-9e67-4188-9e7f-a56ffd85b4be;418.84;0.0237;UNKNOWN
2016-03-26T01:15:10.000000;2016-03-26T01:15:10.000000;617e3caf-d363-40c9-a8b2-399f786350b1;418.72;13.7216;UNKNOWN
2016-03-26T01:15:10.000000;2016-03-26T01:15:10.000000;0a4fc0a3-9e34-461e-b1bd-fea7e8110921;418.85;0.01;UNKNOWN
2016-03-26T01:15:12.000000;2016-03-26T01:15:12.000000;4a80412c-428d-4907-8453-1e3bbca05ad1;419.0;1.0;UNKNOWN
2016-03-26T01:15:12.000000;2016-03-26T01:15:12.000000;62beaec5-4db0-4ed8-810b-632df4e572c7;419.0;1.0;UNKNOWN
2016-03-26T01:15:12.000000;2016-03-26T01:15:12.000000;c3b5eb13-3a53-4577-b252-ed77b572d0b9;419.0;13.4511;UNKNOWN
2016-03-26T01:15:12.000000;2016-03-26T01:15:12.000000;eb259d80-3a65-451b-92de-a4fbd60234be;419.0;0.1;UNKNOWN
2016-03-26T01:15:12.000000;2016-03-26T01:15:12.000000;5df00bbb-2d47-418f-93e3-48aef5e1fcb0;418.89;18.4389;UNKNOWN
2016-03-26T01:15:12.000000;2016-03-26T01:15:12.000000;165e9137-9b28-41b6-919f-81af74f08131;419.0;0.01;UNKNOWN
2016-03-26T01:15:12.000000;2016-03-26T01:15:12.000000;9b625077-f5e5-4ef7-a035-7bd415f5a623;419.0;1.0;UNKNOWN
2016-03-26T01:15:12.000000;2016-03-26T01:15:12.000000;5a30752d-84d2-4aaf-bcb1-fdf4e6deb8d8;418.99;15.0;UNKNOWN
2016-03-26T01:15:16.000000;2016-03-26T01:15:16.000000;87b70d10-6fbe-47e4-bde1-3dbaf2d97a05;418.62;0.22574422;UNKNOWN
2016-03-26T01:15:21.000000;2016-03-26T01:15:21.000000;b60766fc-550a-4817-b361-04efa4c3b145;418.73;5.51126769;UNKNOWN
2016-03-26T01:15:28.000000;2016-03-26T01:15:28.000000;f8c41de7-c432-4ffd-82b0-51271bf7681b;418.74;0.01;UNKNOWN
2016-03-26T01:16:03.000000;2016-03-26T01:16:03.000000;4b7835f3-1303-4972-90bc-23d40c55342d;418.73;0.1;UNKNOWN
2016-03-26T01:16:04.000000;2016-03-26T01:16:04.000000;b02f962d-a63d-4cf0-939f-76f99c22f893;418.73;0.1;UNKNOWN
2016-03-26T01:16:24.000000;2016-03-26T01:16:24.000000;6e4e1965-da68-4842-a8ad-05bcf775f83a;418.28;0.303984;UNKNOWN
2016-03-26T01:16:30.000000;2016-03-26T01:16:30.000000;f19d69b9-fa63-4a52-9372-a798e982e0e7;418.28;0.184911;UNKNOWN
2016-03-26T01:17:07.000000;2016-03-26T01:17:07.000000;eb2729ce-a145-448e-a47c-46e7df512108;418.31;2.0;UNKNOWN
2016-03-26T01:17:09.000000;2016-03-26T01:17:09.000000;df44070c-7c9a-4e4d-99f0-a7f3dce0a2f1;418.32;0.02626666;UNKNOWN
2016-03-26T01:17:09.000000;2016-03-26T01:17:09.000000;a0f038f6-6f59-433f-9803-6b438980dc4f;418.32;0.01831271;UNKNOWN
2016-03-26T01:17:09.000000;2016-03-26T01:17:09.000000;f213a571-c924-422b-aa6d-8186c0d1f23b;418.32;0.04457937;UNKNOWN
2016-03-26T01:17:10.000000;2016-03-26T01:17:10.000000;64d4a2e4-cec3-4c87-aef4-57403b70e38e;418.32;0.01831271;UNKNOWN
2016-03-26T01:17:12.000000;2016-03-26T01:17:12.000000;08347b3e-37cd-4495-8a9d-c2e034477e34;418.32;0.01831271;UNKNOWN
2016-03-26T01:17:23.000000;2016-03-26T01:17:23.000000;e9cdfc97-25dc-4ca7-8929-32852086676e;418.31;0.01843764;UNKNOWN
2016-03-26T01:17:27.000000;2016-03-26T01:17:27.000000;7db197f0-3ad3-49ed-8090-ce2b9c841195;418.31;5.9608;UNKNOWN
2016-03-26T01:17:41.000000;2016-03-26T01:17:41.000000;751b1420-feb2-4593-b5ff-3ed09d58553b;418.31;0.5;UNKNOWN
2016-03-26T01:18:03.000000;2016-03-26T01:18:03.000000;4dba2548-aeb7-40ee-800f-f9b6203b7de1;418.31;0.1899;UNKNOWN
2016-03-26T01:18:04.000000;2016-03-26T01:18:04.000000;1ba433c1-fd1b-4395-a7b4-8d60abb1302b;418.31;0.879089;UNKNOWN
2016-03-26T01:18:20.000000;2016-03-26T01:18:20.000000;ddccf097-d4ed-4a32-9ab5-9c3f1c56d150;418.31;0.88296427;UNKNOWN
2016-03-26T01:18:32.000000;2016-03-26T01:18:32.000000;d1491c8f-7e92-4bbf-8d23-232f52dde364;418.31;1.0;UNKNOWN
2016-03-26T01:18:37.000000;2016-03-26T01:18:37.000000;3fdfc6a0-afd4-4620-9642-e9d0470a09c8;418.39;0.5;UNKNOWN
2016-03-26T01:18:44.000000;2016-03-26T01:18:44.000000;2b6d29fe-20d6-4177-9dce-0448b861e335;418.38;0.95335415;UNKNOWN
2016-03-26T01:19:18.000000;2016-03-26T01:19:18.000000;eef58196-1224-4f0f-8d14-0aa5f9493150;418.04;0.01;UNKNOWN
2016-03-26T01:19:18.000000;2016-03-26T01:19:18.000000;1a556ac9-e896-466e-97f8-539608e46630;417.86;1.25827571;UNKNOWN
2016-03-26T01:19:18.000000;2016-03-26T01:19:18.000000;72e6ca3a-85eb-477d-b3fa-8cda3a30c86b;418.08;0.02303566;UNKNOWN
2016-03-26T01:19:23.000000;2016-03-26T01:19:23.000000;a2e8247d-5a1d-457d-a4ff-37bae7195470;417.73;4.0;UNKNOWN
2016-03-26T01:20:03.000000;2016-03-26T01:20:03.000000;9b0ad137-0eef-4c73-9b28-77135697893e;417.73;0.01108387;UNKNOWN
2016-03-26T01:20:04.000000;2016-03-26T01:20:04.000000;f4b81f98-061c-4cd0-94de-bacbc6a390c0;417.73;0.00736904;UNKNOWN
2016-03-26T01:20:32.000000;2016-03-26T01:20:32.000000;5292273e-139b-4d81-9ac2-51876d982b8d;418.25;0.01;UNKNOWN
2016-03-26T01:20:51.000000;2016-03-26T01:20:51.000000;0aebe11d-3ec0-46fe-9688-0a91549479fb;418.26;2.9;UNKNOWN
2016-03-26T01:20:51.000000;2016-03-26T01:20:51.000000;068b630a-9d40-4ab3-b428-8af998177e55;418.26;0.1;UNKNOWN
2016-03-26T01:20:55.000000;2016-03-26T01:20:55.000000;0e0fa31a-abca-4439-aed8-babbf09183c9;418.25;0.02;UNKNOWN
2016-03-26T01:21:19.000000;2016-03-26T01:21:19.000000;4fcbbb8d-5f31-42a4-ae0e-fa1627c5a3a4;418.26;7.9947;UNKNOWN
2016-03-26T01:21:19.000000;2016-03-26T01:21:19.000000;978e2ea4-af27-48d2-9e8c-b6988a9900ae;418.33;1.0;UNKNOWN
2016-03-26T01:21:19.000000;2016-03-26T01:21:19.000000;a8c5b7e2-f2d5-4cbf-ae28-da9395e47592;418.33;1.0053;UNKNOWN
2016-03-26T01:21:21.000000;2016-03-26T01:21:21.000000;6276803e-0acd-4407-a583-88d126ed3185;418.32;0.3371;UNKNOWN
2016-03-26T01:21:46.000000;2016-03-26T01:21:46.000000;9de421a4-9c98-4fd0-a3dc-2fe2190b5a6b;418.11;0.5;UNKNOWN
2016-03-26T01:21:46.000000;2016-03-26T01:21:46.000000;5c4fa55e-08b6-4771-aab3-802e47e271e1;418.11;3.0;UNKNOWN
2016-03-26T01:21:46.000000;2016-03-26T01:21:46.000000;8de85c74-94ef-4786-831d-8297e2423cac;418.12;0.86525376;UNKNOWN
2016-03-26T01:22:26.000000;2016-03-26T01:22:26.000000;74603597-b075-4482-8e3b-dcdb98758dc6;418.07;0.2;UNKNOWN
2016-03-26T01:22:32.000000;2016-03-26T01:22:32.000000;f6ca9344-a80c-4fba-86ad-8b4121be7b7d;418.25;0.5;UNKNOWN
2016-03-26T01:22:38.000000;2016-03-26T01:22:38.000000;fd12bbbb-75d1-42db-8892-06d7ae6c5ac0;418.16;5.9291;UNKNOWN
2016-03-26T01:23:11.000000;2016-03-26T01:23:11.000000;7a1f157b-fd68-4c41-8a1e-071ba150612e;418.16;4.0;UNKNOWN
2016-03-26T01:23:31.000000;2016-03-26T01:23:31.000000;86d1b80c-a261-41f1-b8a2-b426cb2c7cf1;418.28;0.13161052;UNKNOWN
2016-03-26T01:23:33.000000;2016-03-26T01:23:33.000000;98f52c1c-ccf7-43db-a470-077c8345d229;418.28;0.01;UNKNOWN
2016-03-26T01:23:40.000000;2016-03-26T01:23:40.000000;22957eb5-5054-4cdf-b3e2-bf94e26ebb48;418.28;1.0;UNKNOWN
2016-03-26T01:24:00.000000;2016-03-26T01:24:00.000000;698ef3b0-1bfb-4063-a00a-40a2914555ef;418.3;1.0;UNKNOWN
2016-03-26T01:24:05.000000;2016-03-26T01:24:05.000000;44fcf942-5330-4605-be20-40fded38dda0;418.3;1.0;UNKNOWN
2016-03-26T01:24:09.000000;2016-03-26T01:24:09.000000;d91a04e6-116a-45d2-8a85-45d236949545;418.3;1.0;UNKNOWN
2016-03-26T01:24:26.000000;2016-03-26T01:24:26.000000;cbf9c19a-23e4-45cb-9b07-db8e8b09f998;418.37;1.0;UNKNOWN
2016-03-26T01:24:32.000000;2016-03-26T01:24:32.000000;95766a0d-ebe9-42a2-bf33-1ca1e790a0b3;418.37;1.0;UNKNOWN
2016-03-26T01:24:46.000000;2016-03-26T01:24:46.000000;b21da36e-da50-4947-b3c6-4cd0df5ad211;418.01;0.7909358;UNKNOWN
2016-03-26T01:25:11.000000;2016-03-26T01:25:11.000000;f1e15c83-e029-46f1-b405-30a1fc7c90c0;418.12;4.70411275;UNKNOWN
2016-03-26T01:25:16.000000;2016-03-26T01:25:16.000000;1d7ffc82-b52e-41a0-88c0-fe31e9e036bd;418.13;0.7123;UNKNOWN
2016-03-26T01:25:16.000000;2016-03-26T01:25:16.000000;ee951a7d-9279-4a5f-ae3d-c39d60a2710a;418.12;0.5;UNKNOWN
2016-03-26T01:25:16.000000;2016-03-26T01:25:16.000000;7d8ba042-7a9b-4e2a-b079-1f977d16e9b4;418.17;0.5514;UNKNOWN
2016-03-26T01:25:48.000000;2016-03-26T01:25:48.000000;f24effc7-aedb-4f44-b508-aa5101b51691;418.1;1.7913;UNKNOWN
2016-03-26T01:25:48.000000;2016-03-26T01:25:48.000000;f06cd3a2-71f9-4a79-83e8-575a3b63b649;418.09;0.1202;UNKNOWN
2016-03-26T01:26:36.000000;2016-03-26T01:26:36.000000;8453d6e8-0d5a-4307-a8a2-cd8b1c5dbcfa;418.04;5.9051;UNKNOWN
2016-03-26T01:26:36.000000;2016-03-26T01:26:36.000000;74cf70d2-a464-481e-b331-9fceb4364b01;418.19;0.10574;UNKNOWN
2016-03-26T01:26:36.000000;2016-03-26T01:26:36.000000;bf8f3093-bb07-4f40-b117-e7f3883c356d;418.2;5.93636;UNKNOWN
2016-03-26T01:26:52.000000;2016-03-26T01:26:52.000000;d7c46e6b-0548-47d4-9dd6-4f27d0c3c4f2;418.04;0.1816;UNKNOWN
2016-03-26T01:26:54.000000;2016-03-26T01:26:54.000000;e332de7c-5a31-4b3d-95a2-8d81119edb95;418.03;0.308851;UNKNOWN
2016-03-26T01:27:08.000000;2016-03-26T01:27:08.000000;3f2ae859-6596-439d-9fae-9fe502f9a46e;418.24;8.8419;UNKNOWN
2016-03-26T01:27:09.000000;2016-03-26T01:27:09.000000;1f1d5f2a-40b7-46df-b9ac-96db5472ad3e;418.24;0.6929;UNKNOWN
2016-03-26T01:27:09.000000;2016-03-26T01:27:09.000000;f4a0b854-7958-4e7a-b924-96d47cebad39;418.29;2.1747;UNKNOWN
2016-03-26T01:27:16.000000;2016-03-26T01:27:16.000000;892bf655-2e5a-40e8-88dc-4a4e83e295c4;418.33;0.298;UNKNOWN
2016-03-26T01:27:16.000000;2016-03-26T01:27:16.000000;4b3d2918-871c-425e-aa75-bd59b256eed0;418.38;0.3;UNKNOWN
2016-03-26T01:27:16.000000;2016-03-26T01:27:16.000000;b85d01f9-4d4a-4360-8bf4-956f9fe32585;418.45;0.5729;UNKNOWN
2016-03-26T01:27:24.000000;2016-03-26T01:27:24.000000;2534e3ab-417e-4c5c-ab1e-bc7454de8250;418.45;0.0716;UNKNOWN
2016-03-26T01:27:30.000000;2016-03-26T01:27:30.000000;00bdb9c5-aa37-480b-ad2f-f18fde91e064;418.44;2.75628;UNKNOWN
2016-03-26T01:27:32.000000;2016-03-26T01:27:32.000000;11699690-7d31-4c83-8328-5b2dfdfffb71;418.45;4.7773;UNKNOWN
2016-03-26T01:27:36.000000;2016-03-26T01:27:36.000000;64c59079-5132-47b9-be83-be554853cbd4;418.44;2.638;UNKNOWN
2016-03-26T01:27:41.000000;2016-03-26T01:27:41.000000;eff97c8c-60a0-438e-88dc-0981ff0aab01;418.44;1.0;UNKNOWN
2016-03-26T01:27:43.000000;2016-03-26T01:27:43.000000;1b9531f3-30af-40a4-94b7-5abea5978284;418.44;2.39819;UNKNOWN
2016-03-26T01:27:47.000000;2016-03-26T01:27:47.000000;40ba5a98-9877-4796-808c-7f6762dc6445;418.44;2.15837;UNKNOWN
2016-03-26T01:27:49.000000;2016-03-26T01:27:49.000000;e41fe1f1-4310-4db7-b745-93686c62db7e;418.44;5.9518;UNKNOWN
2016-03-26T01:27:51.000000;2016-03-26T01:27:51.000000;dc8bb161-0e67-49ec-8683-c0fd5fccc804;418.44;1.91853;UNKNOWN
2016-03-26T01:27:54.000000;2016-03-26T01:27:54.000000;24aeed48-a911-4a6f-8756-622bdfbf8802;418.44;1.67877;UNKNOWN
2016-03-26T01:28:04.000000;2016-03-26T01:28:04.000000;34b2ef86-f552-47af-bb28-ab82d2257104;418.44;1.0;UNKNOWN
2016-03-26T01:28:12.000000;2016-03-26T01:28:12.000000;397384b0-c310-4680-8e06-c2b4c4fe975e;418.44;5.9764;UNKNOWN
2016-03-26T01:28:21.000000;2016-03-26T01:28:21.000000;48e5d14f-766a-4b51-8803-6f91f3106056;418.44;0.47855389;UNKNOWN
2016-03-26T01:28:38.000000;2016-03-26T01:28:38.000000;7dc97f17-be48-4089-8c21-c31ca12ef15d;418.44;1.20149688;UNKNOWN
2016-03-26T01:30:14.000000;2016-03-26T01:30:14.000000;ca7d93cd-98d3-4507-835a-608e521326ff;418.22;0.0483;UNKNOWN
2016-03-26T01:30:49.000000;2016-03-26T01:30:49.000000;8f4919ab-5274-49ea-b938-5147487d001c;418.22;0.3902;UNKNOWN
2016-03-26T01:30:58.000000;2016-03-26T01:30:58.000000;f609e8dc-3f2b-4182-96ab-40e9cdac7254;418.22;0.85;UNKNOWN
2016-03-26T01:31:20.000000;2016-03-26T01:31:20.000000;9e44e1b1-cb22-4ec8-a936-3de8a88e72e0;418.22;0.5;UNKNOWN
2016-03-26T01:31:30.000000;2016-03-26T01:31:30.000000;88519745-3ebb-447c-a8e3-8b5f6b6c7a23;418.22;0.2;UNKNOWN
2016-03-26T01:31:53.000000;2016-03-26T01:31:53.000000;b8a28aee-230e-495e-b87b-58e635ab88c8;418.22;0.107092;UNKNOWN
2016-03-26T01:31:58.000000;2016-03-26T01:31:58.000000;b1c7a85e-61cc-49ef-9988-593e1db9bc6b;418.22;1.10496571;UNKNOWN
2016-03-26T01:32:04.000000;2016-03-26T01:32:04.000000;1f776d34-ad04-4cb0-abd2-61a900e98268;417.71;0.080543;UNKNOWN
2016-03-26T01:32:12.000000;2016-03-26T01:32:12.000000;8566e000-fdbe-44da-9ffd-dd0ff258bdd2;417.71;0.05914249;UNKNOWN
2016-03-26T01:33:25.000000;2016-03-26T01:33:25.000000;dbb5fabb-3e43-4039-b206-088a98ddf5c1;417.8;0.01021116;UNKNOWN
2016-03-26T01:33:38.000000;2016-03-26T01:33:38.000000;97027429-e03a-4fa6-877c-f7c93d8328a9;417.8;0.049641;UNKNOWN
2016-03-26T01:33:49.000000;2016-03-26T01:33:49.000000;bd2a19b3-43ad-4ae3-bdec-498b0c171cbd;417.8;0.01837223;UNKNOWN
2016-03-26T01:33:49.000000;2016-03-26T01:33:49.000000;d3097a78-48b1-4c10-b0eb-c38be5e6b70c;417.8;0.0398256;UNKNOWN
2016-03-26T01:34:16.000000;2016-03-26T01:34:16.000000;cc4d67a2-e63c-4691-a329-e45148903036;417.85;0.175022;UNKNOWN
2016-03-26T01:35:19.000000;2016-03-26T01:35:19.000000;3c7c304c-fda8-4748-854b-fbed13dd99ca;417.75;0.22470886;UNKNOWN
2016-03-26T01:35:26.000000;2016-03-26T01:35:26.000000;76187833-0fc6-489f-a426-1ea50251199a;417.76;3.0;UNKNOWN
2016-03-26T01:36:28.000000;2016-03-26T01:36:28.000000;34046414-c68a-4fef-959b-3c824a954efb;417.64;0.24226171;UNKNOWN
2016-03-26T01:36:44.000000;2016-03-26T01:36:44.000000;2d4b48e8-14f4-4f4c-b393-732a4d108771;417.66;2.0;UNKNOWN
2016-03-26T01:38:14.000000;2016-03-26T01:38:14.000000;d37123c7-ca95-4378-9cc6-9cdc9364d796;418.02;1.03;UNKNOWN
2016-03-26T01:38:36.000000;2016-03-26T01:38:36.000000;4e81d22d-3e6e-4308-b1a5-193c8bdc018e;417.92;0.19197316;UNKNOWN
2016-03-26T01:39:16.000000;2016-03-26T01:39:16.000000;9011bf1d-7eb9-4f39-828f-cf6ccd7438e2;417.94;0.11838676;UNKNOWN
2016-03-26T01:39:16.000000;2016-03-26T01:39:16.000000;a5297ff4-f58f-4951-82a1-2fb76dff02ff;417.94;0.71950313;UNKNOWN
2016-03-26T01:40:04.000000;2016-03-26T01:40:04.000000;0d69d403-976a-4e61-be38-bd7e71737b93;417.94;0.47978359;UNKNOWN
2016-03-26T01:41:46.000000;2016-03-26T01:41:46.000000;123a65e2-04d4-4c56-9e6d-f2e35f052ec2;417.69;0.01078;UNKNOWN
2016-03-26T01:42:12.000000;2016-03-26T01:42:12.000000;72eb2109-2a0e-4113-81ec-933786425df6;417.84;0.04315469;UNKNOWN
2016-03-26T01:42:12.000000;2016-03-26T01:42:12.000000;72ca8e21-ef4e-4585-a741-88a5864454d4;417.83;0.59875;UNKNOWN
2016-03-26T01:43:08.000000;2016-03-26T01:43:08.000000;8bef164d-a71b-406d-abeb-ff9d4b3596c6;418.05;0.010037;UNKNOWN
2016-03-26T01:43:08.000000;2016-03-26T01:43:08.000000;d9e48b79-4891-432e-b58e-75a63f5d9331;418.28;0.0509;UNKNOWN
2016-03-26T01:43:08.000000;2016-03-26T01:43:08.000000;504ab102-b5ee-41f0-87c7-f14aaa2cd995;418.28;0.939063;UNKNOWN
2016-03-26T01:44:03.000000;2016-03-26T01:44:03.000000;d71101ed-5bc6-43d9-9803-b5b32029e96e;418.45;4.7;UNKNOWN
2016-03-26T01:44:03.000000;2016-03-26T01:44:03.000000;34c252b3-6271-4e84-b3e8-fe9edb278d32;418.45;0.3;UNKNOWN
2016-03-26T01:45:43.000000;2016-03-26T01:45:43.000000;fa5cbf39-ab13-4f90-a47d-1ca62294b057;418.28;1.0;UNKNOWN
2016-03-26T01:45:57.000000;2016-03-26T01:45:57.000000;8bb78b84-bc97-4bc3-8ecc-f30f79f8ecc8;418.28;5.1009;UNKNOWN
2016-03-26T01:45:57.000000;2016-03-26T01:45:57.000000;ff047251-e5ef-41b7-8f3e-d535a9429bdf;418.28;4.8991;UNKNOWN
2016-03-26T01:46:29.000000;2016-03-26T01:46:29.000000;31930397-034c-4ccd-a649-f9b008d5f487;418.17;5.9415;UNKNOWN
2016-03-26T01:46:29.000000;2016-03-26T01:46:29.000000;0371f3bf-3f9c-466c-b22a-6f67a1ad84d1;418.17;4.048323;UNKNOWN
2016-03-26T01:46:29.000000;2016-03-26T01:46:29.000000;5e53c896-b841-41d7-abd8-805716f56a0e;418.1;0.010177;UNKNOWN
2016-03-26T01:47:22.000000;2016-03-26T01:47:22.000000;d7a8433d-782d-4e4d-8ace-67529db327c0;418.16;0.5;UNKNOWN
2016-03-26T01:49:10.000000;2016-03-26T01:49:10.000000;a6b66f27-85f2-46b2-ad92-10738e8db0b7;418.05;0.25;UNKNOWN
2016-03-26T01:50:07.000000;2016-03-26T01:50:07.000000;deb87676-6156-44f4-b5db-fc8894737cc6;418.05;0.09295744;UNKNOWN
2016-03-26T01:50:44.000000;2016-03-26T01:50:44.000000;ca985da6-58e0-4bb0-ab56-2c262ca3cd0d;418.05;0.498;UNKNOWN
2016-03-26T01:51:08.000000;2016-03-26T01:51:08.000000;01815991-e451-414a-aad2-0dd5110351e3;418.05;2.74;UNKNOWN
2016-03-26T01:54:12.000000;2016-03-26T01:54:12.000000;6351326d-6dd4-4a65-8508-8d37106bd0eb;418.05;0.11850856;UNKNOWN
2016-03-26T01:54:12.000000;2016-03-26T01:54:12.000000;8d163db5-f8d8-410e-86f1-1548ea297f2e;418.05;0.04740569;UNKNOWN
2016-03-26T01:54:26.000000;2016-03-26T01:54:26.000000;6a90a0b7-0823-4606-adcb-721901e0202f;418.05;0.2;UNKNOWN
2016-03-26T01:56:12.000000;2016-03-26T01:56:12.000000;2f9dbb3c-74f0-4436-ba53-24e9c193e230;418.05;0.078244;UNKNOWN
2016-03-26T01:56:23.000000;2016-03-26T01:56:23.000000;78e65159-a5fb-4853-a561-400dac4c5df3;418.05;0.1269;UNKNOWN
2016-03-26T01:56:30.000000;2016-03-26T01:56:30.000000;d0dcd45d-21eb-4dd5-825b-d84b1986a27a;417.75;0.238;UNKNOWN
2016-03-26T01:56:30.000000;2016-03-26T01:56:30.000000;e221f2b7-c762-4c5d-9598-b58bdca300b1;418.05;5.84798431;UNKNOWN
2016-03-26T01:56:30.000000;2016-03-26T01:56:30.000000;0f7e5a52-9a9c-4666-800c-19eca461ff28;417.63;0.07291569;UNKNOWN
2016-03-26T01:57:22.000000;2016-03-26T01:57:22.000000;428b1ed5-2875-4fa9-8f73-db29b46f552e;418.0;4.0168;UNKNOWN
2016-03-26T01:57:22.000000;2016-03-26T01:57:22.000000;489cc10e-befd-4e4e-b5af-bb0be6b66e3e;418.0;5.9832;UNKNOWN
2016-03-26T01:57:57.000000;2016-03-26T01:57:57.000000;956399ce-cb4b-4d90-b945-00d9ff14bf24;418.05;4.87989143;UNKNOWN
2016-03-26T01:57:57.000000;2016-03-26T01:57:57.000000;0192319e-6b2a-411f-b02f-a35eb4a2032c;418.05;0.12010857;UNKNOWN
2016-03-26T01:58:25.000000;2016-03-26T01:58:25.000000;a1324bff-4798-43d4-b8cf-5f94cb6aa71f;417.93;0.5;UNKNOWN
2016-03-26T01:58:25.000000;2016-03-26T01:58:25.000000;bcb7c63f-37d7-4852-8b7a-e1d1832dd640;417.94;0.5;UNKNOWN
2016-03-26T02:00:02.000000;2016-03-26T02:00:02.000000;ed9bc3e2-d476-45d7-996a-2397470496c4;417.9;1.1361155;UNKNOWN
2016-03-26T02:00:21.000000;2016-03-26T02:00:21.000000;36878c03-916b-4703-afdb-0cb08f77aeda;417.9;0.05;UNKNOWN
2016-03-26T02:00:21.000000;2016-03-26T02:00:21.000000;4300be9c-eea8-4c23-889b-4fbda500333f;417.9;0.05;UNKNOWN
2016-03-26T02:09:05.000000;2016-03-26T02:09:05.000000;6f54986a-23a8-459d-bcff-8f68c6e0b750;417.94;3.0;UNKNOWN
2016-03-26T02:09:51.000000;2016-03-26T02:09:51.000000;e26eeee5-f7da-4b99-b551-2a3e441cc090;417.58;0.25862446;UNKNOWN
2016-03-26T02:09:51.000000;2016-03-26T02:09:51.000000;7e8427f8-928b-4581-ad35-a3da20d8d39e;417.56;0.31;UNKNOWN
2016-03-26T02:09:51.000000;2016-03-26T02:09:51.000000;9a8d0598-d321-4e25-a201-577d54aa1cb3;417.53;0.38421921;UNKNOWN
2016-03-26T02:09:53.000000;2016-03-26T02:09:53.000000;6a675724-773b-4f53-ba40-13e4cf5e9183;417.53;0.48023827;UNKNOWN
2016-03-26T02:09:54.000000;2016-03-26T02:09:54.000000;a488de34-c272-4435-bdcf-76dee5ed7b08;417.53;0.48006487;UNKNOWN
2016-03-26T02:09:55.000000;2016-03-26T02:09:55.000000;a35ce7a9-2266-4960-bff0-4f0705730fa7;417.53;0.48011175;UNKNOWN
2016-03-26T02:10:10.000000;2016-03-26T02:10:10.000000;86a88e84-aa20-4f38-84f5-87625d51e42f;417.47;0.92541729;UNKNOWN
2016-03-26T02:10:10.000000;2016-03-26T02:10:10.000000;b02b2411-642d-47ce-918a-9b3370fc1c96;417.6;0.92545607;UNKNOWN
2016-03-26T02:10:10.000000;2016-03-26T02:10:10.000000;b79677a7-074d-43fe-b04b-08b2c3ad36a3;417.47;0.58694725;UNKNOWN
2016-03-26T02:10:11.000000;2016-03-26T02:10:11.000000;833ba152-162b-4b34-8791-636ea65f9ce1;417.47;0.03460556;UNKNOWN
2016-03-26T02:10:11.000000;2016-03-26T02:10:11.000000;ac2a69f2-a617-4c9c-a0e0-055cebf8c112;417.47;0.7249737;UNKNOWN
2016-03-26T02:11:42.000000;2016-03-26T02:11:42.000000;b10d7c43-4533-4d9b-ba07-bde76f98ae16;417.72;0.04809949;UNKNOWN
2016-03-26T02:11:43.000000;2016-03-26T02:11:43.000000;176fb08a-c228-45c3-8f13-fac6a31da931;417.72;0.04809949;UNKNOWN
2016-03-26T02:13:17.000000;2016-03-26T02:13:17.000000;f2971b15-a810-456e-8c48-040a85892cbe;417.97;0.01765995;UNKNOWN
2016-03-26T02:13:41.000000;2016-03-26T02:13:41.000000;e5224a0d-8622-42c2-96f1-7f695ff93e6d;417.92;5.9716;UNKNOWN
2016-03-26T02:13:41.000000;2016-03-26T02:13:41.000000;a6940ddf-9df8-47d5-8490-7f468b006598;418.01;5.5983;UNKNOWN
2016-03-26T02:13:41.000000;2016-03-26T02:13:41.000000;7931fc53-a0f1-49f9-910e-62f3f7d8fcb0;418.01;1.0101;UNKNOWN
2016-03-26T02:15:30.000000;2016-03-26T02:15:30.000000;d874f1e4-4fa4-44a6-ae5a-7035d2d321fb;418.05;0.01;UNKNOWN
2016-03-26T02:16:03.000000;2016-03-26T02:16:03.000000;59ad26be-947a-485f-8d43-1151eb685536;417.9;0.1;UNKNOWN
2016-03-26T02:17:17.000000;2016-03-26T02:17:17.000000;45bd4af4-bd68-4f3e-b581-09839410a18d;417.9;0.21772976;UNKNOWN
2016-03-26T02:17:17.000000;2016-03-26T02:17:17.000000;a3782243-dcf1-470f-913b-1fee3097d47f;417.9;0.21772976;UNKNOWN
2016-03-26T02:17:18.000000;2016-03-26T02:17:18.000000;6adbf82a-23e6-492c-b0a6-26ee7ad4f056;417.9;0.12417384;UNKNOWN
2016-03-26T02:17:18.000000;2016-03-26T02:17:18.000000;7331a429-1d79-43e3-b8cb-610b5f1b3d57;417.9;0.21772976;UNKNOWN
2016-03-26T02:17:19.000000;2016-03-26T02:17:19.000000;44e684ee-881c-49fb-b314-2bf5454d0db8;417.9;0.12417384;UNKNOWN
2016-03-26T02:17:19.000000;2016-03-26T02:17:19.000000;9b76a240-9994-4219-bbd7-ef4067f3f5b5;417.9;0.09355592;UNKNOWN
2016-03-26T02:18:12.000000;2016-03-26T02:18:12.000000;3646146c-27d3-4eb8-9e93-733230fe0a7b;417.9;0.35555972;UNKNOWN
2016-03-26T02:21:16.000000;2016-03-26T02:21:16.000000;ebb4654e-22b5-48f7-a7be-f2d2f68207b1;417.92;0.02370398;UNKNOWN
2016-03-26T02:22:46.000000;2016-03-26T02:22:46.000000;9aea8971-0346-4e24-9fe6-05d5b4320fde;417.9;0.29479422;UNKNOWN
2016-03-26T02:22:56.000000;2016-03-26T02:22:56.000000;81f80151-67a8-45d3-9d36-1fb624fcb659;417.67;1.5;UNKNOWN
2016-03-26T02:22:56.000000;2016-03-26T02:22:56.000000;2a3a3a8f-3e25-498b-923e-8a886604b1a7;417.67;0.5;UNKNOWN
2016-03-26T02:24:12.000000;2016-03-26T02:24:12.000000;f6c43f0e-cfdf-457e-af0c-88d5abeba0e6;417.59;0.075;UNKNOWN
2016-03-26T02:26:53.000000;2016-03-26T02:26:53.000000;87cdf9ee-1022-4b5d-b14a-051113f9dfc6;417.99;0.11564996;UNKNOWN
2016-03-26T02:26:53.000000;2016-03-26T02:26:53.000000;d604fea4-d340-4a3b-b760-d87953057098;418.07;0.012;UNKNOWN
2016-03-26T02:26:53.000000;2016-03-26T02:26:53.000000;fdcb76cd-cdd4-47b1-b120-8307b91d5554;417.99;4.37417594;UNKNOWN
2016-03-26T02:26:53.000000;2016-03-26T02:26:53.000000;1111507c-3432-426c-852f-9a51d057b607;418.18;11.9242;UNKNOWN
2016-03-26T02:26:53.000000;2016-03-26T02:26:53.000000;4d2d1d77-34a2-4cc4-8d4f-9c87282a2142;417.74;5.9306;UNKNOWN
2016-03-26T02:26:53.000000;2016-03-26T02:26:53.000000;070fad4b-ff09-4732-bde5-332a4eac2fae;418.0;19.0;UNKNOWN
2016-03-26T02:26:53.000000;2016-03-26T02:26:53.000000;9fb44aab-3f77-4c87-b318-cd3f25b730ee;417.75;10.0;UNKNOWN
2016-03-26T02:26:53.000000;2016-03-26T02:26:53.000000;5764572d-1464-4f93-bff6-4908b0ff0a84;418.06;9.5;UNKNOWN
2016-03-26T02:27:24.000000;2016-03-26T02:27:24.000000;9145a444-c596-4f91-9d0f-770c810c8653;418.45;2.7;UNKNOWN
2016-03-26T02:28:12.000000;2016-03-26T02:28:12.000000;6a94e61e-9994-440c-ad6e-79bf3d7a7190;418.3;0.242302;UNKNOWN
2016-03-26T02:28:43.000000;2016-03-26T02:28:43.000000;091202df-188c-41ef-89b9-0f975ab176dc;418.3;0.017492;UNKNOWN
2016-03-26T02:29:29.000000;2016-03-26T02:29:29.000000;7abf3eb3-a490-4afe-b2aa-c5f8d93edda7;418.35;5.9576;UNKNOWN
2016-03-26T02:29:29.000000;2016-03-26T02:29:29.000000;e516580e-aff6-48ff-927b-064dbf1d9740;418.38;0.039516;UNKNOWN
2016-03-26T02:29:29.000000;2016-03-26T02:29:29.000000;51cad347-f26d-493f-a051-533a132da94e;418.37;3.7006;UNKNOWN
2016-03-26T02:29:32.000000;2016-03-26T02:29:32.000000;a5eeecae-f66d-4dbe-8c13-1e8dae5fcd37;418.38;0.027657;UNKNOWN
2016-03-26T02:29:49.000000;2016-03-26T02:29:49.000000;a702e3b9-3dd5-4734-bd2e-763b1d0e9bbd;418.39;9.98378;UNKNOWN
2016-03-26T02:29:51.000000;2016-03-26T02:29:51.000000;566d2511-b5d0-4b4f-89a8-eb4cd253436f;418.46;0.01;UNKNOWN
2016-03-26T02:30:50.000000;2016-03-26T02:30:50.000000;3d0ae5fe-b468-48a6-8d64-bc0262a93b68;418.47;5.9049;UNKNOWN
2016-03-26T02:30:54.000000;2016-03-26T02:30:54.000000;a11bed21-7a96-4cef-ab78-bbac37543c0b;418.97;4.64867629;UNKNOWN
2016-03-26T02:30:54.000000;2016-03-26T02:30:54.000000;10c7609d-ed07-49eb-ab92-3285d56f7287;418.93;4.64867629;UNKNOWN
2016-03-26T02:30:54.000000;2016-03-26T02:30:54.000000;17f703e1-df46-4016-b22a-f1a401fcf4a7;418.99;20.0;UNKNOWN
2016-03-26T02:30:54.000000;2016-03-26T02:30:54.000000;1a7407b7-35ae-44bb-8baf-717692945380;418.76;4.64867629;UNKNOWN
2016-03-26T02:30:54.000000;2016-03-26T02:30:54.000000;20e4f619-62e6-4dbb-a47c-74efdfff07ec;418.9;0.5;UNKNOWN
2016-03-26T02:30:54.000000;2016-03-26T02:30:54.000000;5a7d491b-1f7c-4880-aec0-01b5d743583e;418.73;4.64873031;UNKNOWN
2016-03-26T02:30:54.000000;2016-03-26T02:30:54.000000;d31d228d-97c6-4647-a804-bfef12acaac7;419.0;3.0;UNKNOWN
2016-03-26T02:30:54.000000;2016-03-26T02:30:54.000000;0e893fa0-c3bf-4b9a-b6be-33ffbc728ecb;418.69;4.64873031;UNKNOWN
2016-03-26T02:30:54.000000;2016-03-26T02:30:54.000000;9d087c62-cf63-4085-925d-d39b41c99a44;418.84;2.0;UNKNOWN
2016-03-26T02:30:54.000000;2016-03-26T02:30:54.000000;6346348c-da7b-40b2-87dc-6e2cbe8302b8;418.74;0.01;UNKNOWN
2016-03-26T02:30:54.000000;2016-03-26T02:30:54.000000;3a280196-238e-4c98-b656-555f68463590;418.88;13.3432;UNKNOWN
2016-03-26T02:30:54.000000;2016-03-26T02:30:54.000000;579e3348-0a3f-47a7-8719-5a9e237e6559;418.39;0.5;UNKNOWN
2016-03-26T02:30:54.000000;2016-03-26T02:30:54.000000;fec16bfe-3ba3-475f-b23f-5c3f1cae3b5b;419.4;25.99020991;UNKNOWN
2016-03-26T02:30:54.000000;2016-03-26T02:30:54.000000;70252dc7-bd01-4c30-a50f-35fe337f156b;418.65;30.0;UNKNOWN
2016-03-26T02:30:54.000000;2016-03-26T02:30:54.000000;cee01fb3-9cd1-4c28-8a06-f492f435b6bb;419.38;0.24010202;UNKNOWN
2016-03-26T02:30:54.000000;2016-03-26T02:30:54.000000;7a8087d2-43d1-4180-9cd2-ee7e327123e2;418.39;6.0;UNKNOWN
2016-03-26T02:30:54.000000;2016-03-26T02:30:54.000000;f85f867b-8888-4df3-9cb6-2e3eed2ddd0c;418.81;4.64867629;UNKNOWN
2016-03-26T02:30:54.000000;2016-03-26T02:30:54.000000;6ab09cd3-1e5c-4230-82b7-a7d5aec3bea8;419.0;0.11;UNKNOWN
2016-03-26T02:30:54.000000;2016-03-26T02:30:54.000000;030aee1d-7171-4b66-b81d-a41056d15c5c;419.26;0.1;UNKNOWN
2016-03-26T02:30:54.000000;2016-03-26T02:30:54.000000;4a7a9775-3769-4508-8283-488d59744356;419.16;0.01;UNKNOWN
2016-03-26T02:30:54.000000;2016-03-26T02:30:54.000000;a521ace2-69b5-4f75-8054-2b7098930fb9;418.55;5.9126;UNKNOWN
2016-03-26T02:30:54.000000;2016-03-26T02:30:54.000000;9bcacb1a-f672-48f8-b220-2772c81e684c;418.59;12.0189;UNKNOWN
2016-03-26T02:30:54.000000;2016-03-26T02:30:54.000000;2712cf01-1f7a-42b1-8912-948441341df6;419.0;0.20166315;UNKNOWN
2016-03-26T02:30:54.000000;2016-03-26T02:30:54.000000;ddf0b312-0cfc-40a3-b032-e278036fac8e;418.53;19.7856;UNKNOWN
2016-03-26T02:30:54.000000;2016-03-26T02:30:54.000000;d1d3cf2f-b15e-43d0-bb5e-78537d39ac80;419.24;5.0;UNKNOWN
2016-03-26T02:30:54.000000;2016-03-26T02:30:54.000000;e1255261-0a4b-4c12-90e6-29d334ff9645;419.02;12.5891;UNKNOWN
2016-03-26T02:30:54.000000;2016-03-26T02:30:54.000000;6d7832bd-c404-4cdf-b794-a92d8bb26ec0;418.74;12.7853;UNKNOWN
2016-03-26T02:30:54.000000;2016-03-26T02:30:54.000000;87832dc9-393b-40e2-bcfe-19e7a5a593a4;419.0;63.5489;UNKNOWN
2016-03-26T02:30:54.000000;2016-03-26T02:30:54.000000;91479387-a9d7-4cb8-b54c-6f2d276f36d3;418.4;15.0951;UNKNOWN
2016-03-26T02:30:54.000000;2016-03-26T02:30:54.000000;e92ea5f4-be9f-43f7-b9e7-4da6c7438e2b;419.17;1.20735034;UNKNOWN
2016-03-26T02:30:54.000000;2016-03-26T02:30:54.000000;90c2e386-6fc3-4bc5-a904-96d274aa3b88;418.46;13.3476;UNKNOWN
2016-03-26T02:30:54.000000;2016-03-26T02:30:54.000000;4659f2e4-4786-408a-8621-c731102a902f;419.22;0.022;UNKNOWN
2016-03-26T02:30:54.000000;2016-03-26T02:30:54.000000;96a95dda-136a-4b59-8030-4ea2f3bf5f75;418.39;12.0;UNKNOWN
2016-03-26T02:30:54.000000;2016-03-26T02:30:54.000000;66cefd70-5022-4f5a-bb27-7578f3e6d23e;418.39;3.0;UNKNOWN
2016-03-26T02:30:54.000000;2016-03-26T02:30:54.000000;0197d0d4-e5be-4717-872f-73d5e8a97645;418.87;4.64873031;UNKNOWN
2016-03-26T02:30:54.000000;2016-03-26T02:30:54.000000;cd399b74-35a8-42b8-a4f9-caec786fcacd;419.16;12.4031;UNKNOWN
2016-03-26T02:30:54.000000;2016-03-26T02:30:54.000000;7375c1c1-c747-4b21-b552-673e952f19f5;419.04;0.01;UNKNOWN
2016-03-26T02:30:54.000000;2016-03-26T02:30:54.000000;9e0ca8d2-9171-430c-94ed-85a5c59b4f5d;418.54;14.3817;UNKNOWN
2016-03-26T02:30:54.000000;2016-03-26T02:30:54.000000;ccecc17d-46fc-4676-aedd-724117abd057;419.31;0.78561874;UNKNOWN
2016-03-26T02:30:54.000000;2016-03-26T02:30:54.000000;f75e2cc2-50ea-46b1-891e-cfe3fc1ee0fc;418.8;4.64867629;UNKNOWN
2016-03-26T02:30:54.000000;2016-03-26T02:30:54.000000;9dee3ccc-86b0-4291-838e-70d837a2ede1;419.28;12.1863;UNKNOWN
2016-03-26T02:30:54.000000;2016-03-26T02:30:54.000000;5bf86164-ee2f-414b-9466-ad575a0e6dd4;418.63;19.0;UNKNOWN
2016-03-26T02:30:54.000000;2016-03-26T02:30:54.000000;9306a65c-d9f6-41a6-916c-28ebc5221a84;419.0;2.0;UNKNOWN
2016-03-26T02:30:54.000000;2016-03-26T02:30:54.000000;6757ec4a-a55f-4845-ba73-291c8dac7239;419.0;1.0;UNKNOWN
2016-03-26T02:30:54.000000;2016-03-26T02:30:54.000000;79ae40e5-cfdd-465b-9b07-d9995f80071b;419.21;2.79;UNKNOWN
2016-03-26T02:30:54.000000;2016-03-26T02:30:54.000000;a46b4efc-fdc2-4e2b-ad13-1b79c250b565;419.23;9.5532;UNKNOWN
2016-03-26T02:30:54.000000;2016-03-26T02:30:54.000000;c2d62a15-03a4-4a5f-8ff8-c4d14d79255d;419.0;0.94655526;UNKNOWN
2016-03-26T02:30:54.000000;2016-03-26T02:30:54.000000;f9567934-8ecf-44aa-8de8-08460be37b7f;418.9;4.64867629;UNKNOWN
2016-03-26T02:30:54.000000;2016-03-26T02:30:54.000000;a5bdda3b-bcd7-4862-93aa-53605276a43e;418.6;0.1389216;UNKNOWN
2016-03-26T02:30:54.000000;2016-03-26T02:30:54.000000;b553501b-c4a9-4242-ae29-4cce48c1a88f;418.65;4.64873031;UNKNOWN
2016-03-26T02:31:10.000000;2016-03-26T02:31:10.000000;010f6eba-d66a-424f-93f2-957fe8c894d0;418.17;3.0;UNKNOWN
2016-03-26T02:31:10.000000;2016-03-26T02:31:10.000000;406e449d-8262-4f0a-b6e3-aca4872c3e06;418.16;17.78;UNKNOWN
2016-03-26T02:31:10.000000;2016-03-26T02:31:10.000000;70e825af-3c7f-4126-9891-cb2d7e993034;418.17;5.8944;UNKNOWN
2016-03-26T02:31:10.000000;2016-03-26T02:31:10.000000;3a22be56-ec3f-42e7-ac49-ea7daa98f03b;418.17;0.5;UNKNOWN
2016-03-26T02:31:10.000000;2016-03-26T02:31:10.000000;b1de6a22-fe1e-428a-b056-47cef79b1046;418.15;2.8256;UNKNOWN
2016-03-26T02:31:16.000000;2016-03-26T02:31:16.000000;ed49abba-4317-4084-974e-4ed8b4e2c59d;418.32;0.01;UNKNOWN
2016-03-26T02:31:22.000000;2016-03-26T02:31:22.000000;e7fb8bc2-0013-47a2-99e4-09cca14c4cb9;417.91;0.5;UNKNOWN
2016-03-26T02:31:22.000000;2016-03-26T02:31:22.000000;6e71eee7-5b9d-4622-ab5f-e24eb4a2e3e5;417.9;0.54464188;UNKNOWN
2016-03-26T02:31:32.000000;2016-03-26T02:31:32.000000;55692d31-4914-430a-9e22-88a71efc221f;418.32;13.8146;UNKNOWN
2016-03-26T02:31:40.000000;2016-03-26T02:31:40.000000;adaa7041-d38e-4290-8f2a-e7326cf68c47;418.36;3.0;UNKNOWN
2016-03-26T02:31:40.000000;2016-03-26T02:31:40.000000;ffbf9148-87d5-4dc8-aa40-65d9594018da;418.36;0.0525;UNKNOWN
2016-03-26T02:31:40.000000;2016-03-26T02:31:40.000000;5acf33eb-21fd-4eff-8656-7e0086586feb;418.37;5.9474;UNKNOWN
2016-03-26T02:32:36.000000;2016-03-26T02:32:36.000000;6a6183d0-41f0-476b-947f-e1f2d18da2b1;418.33;1.19882745;UNKNOWN
2016-03-26T02:35:05.000000;2016-03-26T02:35:05.000000;73c91f56-8d36-4ff3-bfbb-4f0576b4a1e7;417.96;5.0;UNKNOWN
2016-03-26T02:35:17.000000;2016-03-26T02:35:17.000000;178b4b58-62b8-4e91-8e29-43e9fd3580ef;417.87;2.401;UNKNOWN
2016-03-26T02:35:17.000000;2016-03-26T02:35:17.000000;d4e0ab1c-d840-44e5-ac95-8f1b100a9889;417.9;0.199;UNKNOWN
2016-03-26T02:37:21.000000;2016-03-26T02:37:21.000000;9419da07-c2b6-44b7-add8-1a1f6f7ef36a;417.99;1.1;UNKNOWN
2016-03-26T02:39:24.000000;2016-03-26T02:39:24.000000;c9f208db-0aae-46bd-8d0a-9586f8346d6a;418.0;0.23971962;UNKNOWN
2016-03-26T02:39:24.000000;2016-03-26T02:39:24.000000;0ee7b0bb-03fa-40c5-824c-6f085c99d228;418.0;1.19859811;UNKNOWN
2016-03-26T02:39:55.000000;2016-03-26T02:39:55.000000;96a46cc0-f3ff-46d9-966c-accb60c9949f;418.0;0.1;UNKNOWN
2016-03-26T02:41:05.000000;2016-03-26T02:41:05.000000;4af6c593-92fb-480b-a6f6-8877f4ed38ca;418.0;0.0381;UNKNOWN
2016-03-26T02:42:37.000000;2016-03-26T02:42:37.000000;97099bfa-f7df-4274-adad-742f7beef8ad;418.0;0.1;UNKNOWN
2016-03-26T02:43:03.000000;2016-03-26T02:43:03.000000;68970a91-305a-4e61-9cd7-a4df5e25df0b;418.0;0.503254;UNKNOWN
2016-03-26T02:43:05.000000;2016-03-26T02:43:05.000000;6f0c11b5-ba79-4c96-a5c5-2ddc2423d36a;418.0;0.0447;UNKNOWN
2016-03-26T02:43:54.000000;2016-03-26T02:43:54.000000;52915d75-5fb9-4e33-951c-35c6b1b993d4;418.0;0.01;UNKNOWN
2016-03-26T02:43:55.000000;2016-03-26T02:43:55.000000;39da89e9-bf20-4836-a61a-3a58a853f2cd;418.0;0.01;UNKNOWN
2016-03-26T02:43:56.000000;2016-03-26T02:43:56.000000;1cad9ec5-ac38-4d2b-828c-29eda29fc6a2;418.0;0.01;UNKNOWN
2016-03-26T02:43:58.000000;2016-03-26T02:43:58.000000;124e8ac3-0fc7-497f-a467-d6e30c7f404c;418.0;0.01;UNKNOWN
2016-03-26T02:43:59.000000;2016-03-26T02:43:59.000000;a8032c42-c2fb-4ece-9815-bfe1b2b1bbc8;418.0;0.01;UNKNOWN
2016-03-26T02:44:00.000000;2016-03-26T02:44:00.000000;275ac032-44cf-403e-9c64-94fe85a03170;418.0;0.01;UNKNOWN
2016-03-26T02:44:02.000000;2016-03-26T02:44:02.000000;752102ae-bced-4063-8ee9-7319998424ba;418.0;0.01;UNKNOWN
2016-03-26T02:45:31.000000;2016-03-26T02:45:31.000000;7de5ed11-f093-4132-bd3e-b09145ed32bd;418.0;0.01982251;UNKNOWN
2016-03-26T02:47:16.000000;2016-03-26T02:47:16.000000;51ed412b-a6b0-4fc4-9ed3-3759550bf081;417.33;0.12005222;UNKNOWN
2016-03-26T02:47:27.000000;2016-03-26T02:47:27.000000;56816fa0-866f-47c4-a4c7-1638342509b6;417.39;0.289348;UNKNOWN
2016-03-26T02:47:28.000000;2016-03-26T02:47:28.000000;e56cbd78-d5ee-4c84-bb3b-101bfe7036b9;417.4;0.148261;UNKNOWN
2016-03-26T02:48:12.000000;2016-03-26T02:48:12.000000;659538cd-3bfc-412b-999e-7fea5bdd49e8;417.4;0.02907856;UNKNOWN
2016-03-26T02:49:16.000000;2016-03-26T02:49:16.000000;38db4e87-8ff3-41fc-9489-acb0f6bf8ca1;417.19;0.23703981;UNKNOWN
2016-03-26T02:50:12.000000;2016-03-26T02:50:12.000000;ed71b6b9-3c11-4655-bc4f-00681d669fdc;417.2;0.23703981;UNKNOWN
2016-03-26T02:50:37.000000;2016-03-26T02:50:37.000000;d7010b7b-8fa0-4fa9-8975-88d76a715a5f;417.15;0.45990763;UNKNOWN
2016-03-26T02:50:37.000000;2016-03-26T02:50:37.000000;50f37607-9ba6-4bd0-acb0-7cd9ecd44584;417.19;0.01;UNKNOWN
2016-03-26T02:50:37.000000;2016-03-26T02:50:37.000000;27f30d46-cf65-47d2-a3d7-a827f52875d7;417.2;9.53009237;UNKNOWN
2016-03-26T02:50:58.000000;2016-03-26T02:50:58.000000;4b882651-d1b2-4f30-a5be-bd94d005b5ed;417.15;0.213577;UNKNOWN
2016-03-26T02:53:11.000000;2016-03-26T02:53:11.000000;1dcad55d-085a-4490-83dc-19cbf19822da;417.16;12.94402781;UNKNOWN
2016-03-26T02:53:11.000000;2016-03-26T02:53:11.000000;435d7552-615a-4ee7-827d-29974e3f7e0c;417.15;5.9158;UNKNOWN
2016-03-26T02:54:03.000000;2016-03-26T02:54:03.000000;96e3cce8-68b8-4e6a-8c95-016bc07f4acd;417.5;9.795526;UNKNOWN
2016-03-26T02:54:03.000000;2016-03-26T02:54:03.000000;abc6a2fd-711e-42ec-9861-9f4f61e2b9e8;417.34;0.033474;UNKNOWN
2016-03-26T02:54:03.000000;2016-03-26T02:54:03.000000;a8326c3c-4e17-41da-9d03-113f8a1a4bbe;417.37;5.928;UNKNOWN
2016-03-26T02:54:03.000000;2016-03-26T02:54:03.000000;1da5596f-fae6-4524-856c-24c1f9fe4dd7;417.1;11.06;UNKNOWN
2016-03-26T02:54:03.000000;2016-03-26T02:54:03.000000;71bedd5c-25ed-4a55-82b9-80f1d642932b;417.48;13.183;UNKNOWN
2016-03-26T02:54:33.000000;2016-03-26T02:54:33.000000;8c691b3f-6109-4f44-996c-db79853cc574;417.07;0.077731;UNKNOWN
2016-03-26T02:54:39.000000;2016-03-26T02:54:39.000000;a3730491-73dc-4123-bdee-d65c63126311;417.06;4.077731;UNKNOWN
2016-03-26T02:54:39.000000;2016-03-26T02:54:39.000000;c2c73516-d013-4a17-b2bd-646a50199a9f;417.07;2.922269;UNKNOWN
2016-03-26T02:54:39.000000;2016-03-26T02:54:39.000000;c15b1e9f-ae2f-4d70-a4da-4296f188a460;417.08;0.5;UNKNOWN
2016-03-26T02:54:40.000000;2016-03-26T02:54:40.000000;815fde6c-db96-4a24-af9e-1d6be476041f;417.01;0.011;UNKNOWN
2016-03-26T02:54:40.000000;2016-03-26T02:54:40.000000;31889d6d-9acd-405f-b173-2440e6cd840d;417.01;5.72;UNKNOWN
2016-03-26T02:54:40.000000;2016-03-26T02:54:40.000000;87a0bd5b-1960-4121-96be-2076e891e6fe;417.08;0.5;UNKNOWN
2016-03-26T02:54:40.000000;2016-03-26T02:54:40.000000;bc1e0205-b33a-4c4a-996b-c778364c89ee;417.01;0.68715359;UNKNOWN
2016-03-26T02:54:40.000000;2016-03-26T02:54:40.000000;2e0a4cb9-5ba2-4499-8c2f-27a80be578f0;417.06;1.922269;UNKNOWN
2016-03-26T02:54:40.000000;2016-03-26T02:54:40.000000;e4584406-b1bc-42e4-8def-6aaed2b31673;417.01;4.65657741;UNKNOWN
2016-03-26T02:54:40.000000;2016-03-26T02:54:40.000000;a0701f13-c28a-4b42-93ee-e39c190d5d76;417.05;0.223;UNKNOWN
2016-03-26T02:54:47.000000;2016-03-26T02:54:47.000000;6b63a890-a472-4b44-acab-1bb8d7110f55;417.08;0.26625796;UNKNOWN
2016-03-26T02:54:51.000000;2016-03-26T02:54:51.000000;fb89dda9-457e-4d0f-bc73-77e2be9c243d;417.07;0.28611635;UNKNOWN
2016-03-26T02:54:51.000000;2016-03-26T02:54:51.000000;7195bb9c-c241-4cde-ac24-c88090e19b47;417.08;0.01;UNKNOWN
2016-03-26T02:54:51.000000;2016-03-26T02:54:51.000000;27cdc1fc-5b74-4de6-b6b4-5b21563f99d3;417.08;0.23374204;UNKNOWN
2016-03-26T02:54:59.000000;2016-03-26T02:54:59.000000;3194712f-8cb3-4cb3-a191-dfd985d73479;416.96;0.029451;UNKNOWN
2016-03-26T02:56:12.000000;2016-03-26T02:56:12.000000;6f3e34f4-9a7f-404d-b8df-bc5550ab9d40;416.96;0.01;UNKNOWN
2016-03-26T02:56:12.000000;2016-03-26T02:56:12.000000;ea4e08a6-79a7-4d8e-af5d-5266b2e7b3d7;416.95;0.15588817;UNKNOWN
2016-03-26T02:59:16.000000;2016-03-26T02:59:16.000000;fab8c975-9e1a-4d99-ae90-5232f08bd919;416.91;0.2;UNKNOWN
2016-03-26T02:59:16.000000;2016-03-26T02:59:16.000000;cdda7d9b-151e-425f-a1b6-a6f4d5dc44c1;416.89;0.04030027;UNKNOWN
2016-03-26T03:02:45.000000;2016-03-26T03:02:45.000000;baedadd3-f8bd-443d-a89d-f6a5a7870c08;416.84;0.262882;UNKNOWN
2016-03-26T03:05:59.000000;2016-03-26T03:05:59.000000;09063d55-880f-4149-9960-eda944e51e94;416.79;0.052905;UNKNOWN
2016-03-26T03:05:59.000000;2016-03-26T03:05:59.000000;8cba0fce-315c-4192-b446-eed8b6476f5b;416.84;0.01;UNKNOWN
2016-03-26T03:07:24.000000;2016-03-26T03:07:24.000000;66a654e8-7beb-46f7-a5f7-f5c1b2d3defb;416.83;0.18027815;UNKNOWN
2016-03-26T03:07:24.000000;2016-03-26T03:07:24.000000;a0ddfc5c-9af5-471d-b097-6c0e18d0e6eb;416.83;0.5;UNKNOWN
2016-03-26T03:07:32.000000;2016-03-26T03:07:32.000000;1283261f-8eef-43ac-a921-fa9d6642221d;416.84;0.034306;UNKNOWN
2016-03-26T03:07:47.000000;2016-03-26T03:07:47.000000;2d54f1cc-0e15-4d40-8b62-0d21840c66a6;416.79;0.053741;UNKNOWN
2016-03-26T03:08:51.000000;2016-03-26T03:08:51.000000;7dd47ea5-b302-4f0d-8b3e-4b96786e9701;417.05;0.40114643;UNKNOWN
2016-03-26T03:09:10.000000;2016-03-26T03:09:10.000000;a28b9501-d582-4631-945f-b052981133af;417.13;0.029119;UNKNOWN
2016-03-26T03:09:22.000000;2016-03-26T03:09:22.000000;19f7893c-5b08-48a0-929a-428b454061f2;417.13;0.029872;UNKNOWN
2016-03-26T03:09:22.000000;2016-03-26T03:09:22.000000;45322bcf-a405-4620-948d-4a2544e7091b;417.38;2.5;UNKNOWN
2016-03-26T03:09:26.000000;2016-03-26T03:09:26.000000;48620e27-cfb9-4306-afe3-60dd6ddc4118;417.5;0.78573955;UNKNOWN
2016-03-26T03:09:26.000000;2016-03-26T03:09:26.000000;63fdf2a3-2a13-4590-8437-906dfb5aa113;417.5;0.48608655;UNKNOWN
2016-03-26T03:09:27.000000;2016-03-26T03:09:27.000000;369ac328-036b-45c4-b942-39fec3918cb4;417.47;0.48608655;UNKNOWN
2016-03-26T03:09:27.000000;2016-03-26T03:09:27.000000;3498e4cf-3ac0-4071-84d2-bf506f3f58ea;417.5;0.38929535;UNKNOWN
2016-03-26T03:09:28.000000;2016-03-26T03:09:28.000000;85327618-6d58-4c8e-88c7-e02d05a8a68e;417.47;0.46133137;UNKNOWN
2016-03-26T03:09:28.000000;2016-03-26T03:09:28.000000;c661f89f-67cf-4fab-b7a4-bf3ffd45ba32;417.47;0.02475518;UNKNOWN
2016-03-26T03:09:28.000000;2016-03-26T03:09:28.000000;494821e0-01f8-4540-b947-79866a95a9fa;417.46;0.48608655;UNKNOWN
2016-03-26T03:10:03.000000;2016-03-26T03:10:03.000000;f932cb35-636b-46cf-8d6d-6cf8425617c6;417.27;0.05007;UNKNOWN
2016-03-26T03:10:43.000000;2016-03-26T03:10:43.000000;f728b93b-daed-4448-b538-fc6a60497b64;417.43;0.78485381;UNKNOWN
2016-03-26T03:10:44.000000;2016-03-26T03:10:44.000000;9f95232d-5e47-430c-8390-7e8d63eda7ac;417.43;0.10658425;UNKNOWN
2016-03-26T03:10:45.000000;2016-03-26T03:10:45.000000;e0163c8a-88ed-4289-9bc5-236928c4865d;417.43;0.74298384;UNKNOWN
2016-03-26T03:11:56.000000;2016-03-26T03:11:56.000000;f898584b-9f62-4d12-95a1-027d1549cd6b;417.11;0.07204515;UNKNOWN
2016-03-26T03:14:28.000000;2016-03-26T03:14:28.000000;07bcf4a9-8fb8-41df-b666-a0119933ed55;417.11;0.02402253;UNKNOWN
2016-03-26T03:15:42.000000;2016-03-26T03:15:42.000000;9cc75915-1f4c-4fc9-ba44-0f6db7d926df;417.19;0.06;UNKNOWN
2016-03-26T03:17:16.000000;2016-03-26T03:17:16.000000;15f855dd-d757-4115-b631-5fa8684c015e;417.03;0.04787804;UNKNOWN
2016-03-26T03:17:26.000000;2016-03-26T03:17:26.000000;5d1f2385-66ff-4d40-9831-1369c48bc4b4;417.2;0.0337;UNKNOWN
2016-03-26T03:19:24.000000;2016-03-26T03:19:24.000000;823c0450-2e9c-4dcf-bdcc-d5632d626b2a;417.04;0.103674;UNKNOWN
2016-03-26T03:19:26.000000;2016-03-26T03:19:26.000000;2f7f5326-f0ce-4437-869d-0359c6916247;417.04;0.107659;UNKNOWN
2016-03-26T03:21:00.000000;2016-03-26T03:21:00.000000;1215ce6b-07af-4058-888d-7420a9573aa7;416.93;0.195257;UNKNOWN
2016-03-26T03:23:16.000000;2016-03-26T03:23:16.000000;3ab8452b-e353-437b-a999-45b5d3fe48cd;416.94;0.04653662;UNKNOWN
2016-03-26T03:24:29.000000;2016-03-26T03:24:29.000000;a8d9b866-98f8-48df-b763-ccecf9604d9a;416.94;0.061202;UNKNOWN
2016-03-26T03:26:08.000000;2016-03-26T03:26:08.000000;2bcddde1-18d4-4558-91a8-6fc44d42d137;416.94;0.050612;UNKNOWN
2016-03-26T03:26:42.000000;2016-03-26T03:26:42.000000;36b1e030-f4a2-4853-b1a7-434e3e9063e1;416.94;0.035485;UNKNOWN
2016-03-26T03:28:11.000000;2016-03-26T03:28:11.000000;61b1d37e-79c0-4823-8acb-953e15a9968a;417.08;0.78497246;UNKNOWN
2016-03-26T03:28:33.000000;2016-03-26T03:28:33.000000;4fc8080b-b635-438e-8dae-7a53c753fa81;417.08;0.13257564;UNKNOWN
2016-03-26T03:29:03.000000;2016-03-26T03:29:03.000000;b0fc433e-224b-453d-a2d3-95067ca8a1c8;417.1;0.13256928;UNKNOWN
2016-03-26T03:29:46.000000;2016-03-26T03:29:46.000000;f3e09234-ff6b-4124-9cdf-342df86e7e9d;417.09;0.13270517;UNKNOWN
2016-03-26T03:30:12.000000;2016-03-26T03:30:12.000000;45c174cc-6bcb-4454-8349-c55ccdf4cfab;417.02;0.0574;UNKNOWN
2016-03-26T03:30:35.000000;2016-03-26T03:30:35.000000;e08adaaa-c6f4-48c8-8785-0ebffc58866a;417.1;0.78479525;UNKNOWN
2016-03-26T03:31:32.000000;2016-03-26T03:31:32.000000;21cf1382-c5d2-4718-b40f-c42f06db0c9a;417.05;0.02402945;UNKNOWN
2016-03-26T03:31:37.000000;2016-03-26T03:31:37.000000;bbfc685e-cae7-453f-aa2f-7e7ec49dfc6a;417.1;0.95454685;UNKNOWN
2016-03-26T03:31:38.000000;2016-03-26T03:31:38.000000;028f5764-6e36-4667-9506-c4ff98f08646;417.1;0.05159499;UNKNOWN
2016-03-26T03:32:12.000000;2016-03-26T03:32:12.000000;d886c4ad-b34f-4876-88ca-69b95b05e76e;417.06;0.096;UNKNOWN
2016-03-26T03:33:42.000000;2016-03-26T03:33:42.000000;79ce2f08-82c2-4b45-b1c0-5e23e005c740;417.1;0.53;UNKNOWN
2016-03-26T03:34:44.000000;2016-03-26T03:34:44.000000;b49c33da-6515-4b1b-99ba-b446b419de8e;417.06;0.844;UNKNOWN
2016-03-26T03:34:44.000000;2016-03-26T03:34:44.000000;8b7b500e-1513-4ae7-89d4-95874f2eeee0;416.96;0.05695306;UNKNOWN
2016-03-26T03:34:48.000000;2016-03-26T03:34:48.000000;4a5a0d7b-e3a3-42e7-a680-6c0e67f5a79e;417.19;0.13350637;UNKNOWN
2016-03-26T03:34:48.000000;2016-03-26T03:34:48.000000;8866e7da-6272-4294-af26-5c7bb078aed8;417.1;0.36649363;UNKNOWN
2016-03-26T03:35:32.000000;2016-03-26T03:35:32.000000;ba775ae9-6144-4822-8966-0983fd6c39cd;416.98;0.02938284;UNKNOWN
2016-03-26T03:35:32.000000;2016-03-26T03:35:32.000000;adbcbce3-07e0-460f-a91b-697dd39f13af;416.97;0.67938393;UNKNOWN
2016-03-26T03:35:39.000000;2016-03-26T03:35:39.000000;d63b8d07-de77-477b-8ee8-eb041b8cae83;416.97;0.37250591;UNKNOWN
2016-03-26T03:35:39.000000;2016-03-26T03:35:39.000000;d5c3c214-74c7-4484-b398-ca101c8f5a70;416.96;0.43884829;UNKNOWN
2016-03-26T03:38:45.000000;2016-03-26T03:38:45.000000;970c47db-7aec-4a12-8a7c-cfffa1f05ea2;416.96;0.04870966;UNKNOWN
2016-03-26T03:39:33.000000;2016-03-26T03:39:33.000000;6c99b336-a531-4e2a-b33f-bfdd3a881692;417.15;0.08410911;UNKNOWN
2016-03-26T03:39:51.000000;2016-03-26T03:39:51.000000;40ee8dc0-1516-41d0-9798-1f744977ccfc;417.2;0.39136871;UNKNOWN
2016-03-26T03:39:51.000000;2016-03-26T03:39:51.000000;a3046856-986a-4888-96b6-890a635e68a3;417.2;0.39359433;UNKNOWN
2016-03-26T03:39:51.000000;2016-03-26T03:39:51.000000;f216cc04-9ff9-4a5d-ae9a-c43f6cd95386;417.2;0.39136871;UNKNOWN
2016-03-26T03:40:04.000000;2016-03-26T03:40:04.000000;3bfb2324-a949-4116-af5e-ac4dacabcc18;417.19;0.07929718;UNKNOWN
2016-03-26T03:40:05.000000;2016-03-26T03:40:05.000000;1740c12b-11b0-476f-a379-620e4704cd93;417.19;5.9243;UNKNOWN
2016-03-26T03:41:16.000000;2016-03-26T03:41:16.000000;3c37edc1-8e37-4cd4-8191-77ec9ed2dbb0;417.19;0.14965516;UNKNOWN
2016-03-26T03:42:59.000000;2016-03-26T03:42:59.000000;7efd778a-040a-463c-8be5-e97c753c2036;417.2;0.04095084;UNKNOWN
2016-03-26T03:43:00.000000;2016-03-26T03:43:00.000000;2a7560b3-6dd5-475b-abc5-1c82d960058f;417.2;0.1273973;UNKNOWN
2016-03-26T03:43:01.000000;2016-03-26T03:43:01.000000;c20151b8-55e5-40c7-98a5-94b0923054d8;417.2;0.08653299;UNKNOWN
2016-03-26T03:43:01.000000;2016-03-26T03:43:01.000000;5fd93c43-15ec-4561-9a72-efa06d8de0a5;417.2;0.08644646;UNKNOWN
2016-03-26T03:46:12.000000;2016-03-26T03:46:12.000000;4918ce70-b327-4963-bdca-9536efc774c9;417.19;0.107;UNKNOWN
2016-03-26T03:47:00.000000;2016-03-26T03:47:00.000000;69dd09a9-3d4a-43af-af37-be747a651844;417.2;0.01449824;UNKNOWN
2016-03-26T03:47:00.000000;2016-03-26T03:47:00.000000;da656288-bab7-41ec-aba1-5ad75aef1259;417.2;0.01449824;UNKNOWN
2016-03-26T03:47:02.000000;2016-03-26T03:47:02.000000;8013be84-fefe-4af5-b597-aa20263ffca2;417.2;0.01449824;UNKNOWN
2016-03-26T03:47:13.000000;2016-03-26T03:47:13.000000;002a21e1-b98d-421a-ae54-fa163d2d00e3;417.19;1.3779963;UNKNOWN
2016-03-26T03:47:25.000000;2016-03-26T03:47:25.000000;e084235f-21f0-4225-93d5-442f8791134d;417.16;0.08778521;UNKNOWN
2016-03-26T03:47:26.000000;2016-03-26T03:47:26.000000;66b266ca-0674-4741-b68b-625c57648bf9;417.16;0.03427544;UNKNOWN
2016-03-26T03:47:41.000000;2016-03-26T03:47:41.000000;f8633657-4ab8-4ca2-a7da-07d52fa7fe77;417.14;0.14160678;UNKNOWN
2016-03-26T03:48:12.000000;2016-03-26T03:48:12.000000;e9bee35e-52d8-419a-b0d2-7907336fc88d;417.14;0.01728644;UNKNOWN
2016-03-26T03:48:12.000000;2016-03-26T03:48:12.000000;0ee96fc9-bb55-46d6-95df-bc5646b59fa8;417.14;0.3611489;UNKNOWN
2016-03-26T03:48:13.000000;2016-03-26T03:48:13.000000;dc6d9154-8652-48ca-b301-0891361e505d;417.14;0.34381052;UNKNOWN
2016-03-26T03:48:18.000000;2016-03-26T03:48:18.000000;8dee37fe-7078-4482-bd80-3c94f355dd91;417.14;0.01450166;UNKNOWN
2016-03-26T03:48:27.000000;2016-03-26T03:48:27.000000;81cf6ebd-6385-497d-8b1e-e9f482452cc8;417.14;0.11446037;UNKNOWN
2016-03-26T03:48:30.000000;2016-03-26T03:48:30.000000;2bca2b33-cb64-48a5-ab03-e7fd2bba24f6;417.14;0.11446037;UNKNOWN
2016-03-26T03:48:30.000000;2016-03-26T03:48:30.000000;f5ddcbc9-8851-44c5-92ad-7197db9b0788;417.14;0.011842;UNKNOWN
2016-03-26T03:48:38.000000;2016-03-26T03:48:38.000000;5ba7b629-3a36-4d3a-b666-473916cacd77;417.14;0.11446838;UNKNOWN
2016-03-26T03:48:39.000000;2016-03-26T03:48:39.000000;b3b6d395-8b56-4fdd-a13f-db176386f53e;417.14;0.7854796;UNKNOWN
2016-03-26T03:48:40.000000;2016-03-26T03:48:40.000000;f29faff1-9793-43d6-81aa-2be9fc5b61df;417.14;0.78541985;UNKNOWN
2016-03-26T03:48:40.000000;2016-03-26T03:48:40.000000;80fea807-a1f0-4512-9292-b0cba2969bcc;417.14;0.064944;UNKNOWN
2016-03-26T03:48:41.000000;2016-03-26T03:48:41.000000;6beaf900-eaac-4da8-878d-b98a464a4701;417.14;0.07827369;UNKNOWN
2016-03-26T03:48:42.000000;2016-03-26T03:48:42.000000;d8f097ad-dd15-494a-a6e2-1296b46bead9;417.14;0.56217399;UNKNOWN
2016-03-26T03:48:45.000000;2016-03-26T03:48:45.000000;236a6c27-d56e-4994-8460-e2ee751148d0;417.18;0.08214151;UNKNOWN
2016-03-26T03:48:45.000000;2016-03-26T03:48:45.000000;d953997b-9946-45e7-b69e-050e5668474c;417.18;0.14107223;UNKNOWN
2016-03-26T03:48:45.000000;2016-03-26T03:48:45.000000;8f87eb0e-b4e1-4e36-b5eb-2ca9907333ab;417.18;0.06471199;UNKNOWN
2016-03-26T03:48:46.000000;2016-03-26T03:48:46.000000;0f4db0ba-5d4c-4781-8ec3-99d173af605c;417.2;0.18677664;UNKNOWN
2016-03-26T03:48:46.000000;2016-03-26T03:48:46.000000;2b73238a-3ad7-4b43-a3e4-b20dc6acf402;417.18;0.18677664;UNKNOWN
2016-03-26T03:48:47.000000;2016-03-26T03:48:47.000000;9227814c-f748-491d-8efd-f10a8793289e;417.2;0.20446432;UNKNOWN
2016-03-26T03:48:49.000000;2016-03-26T03:48:49.000000;3f493d7c-9343-48bc-9431-bfeeddc62747;417.18;0.20447412;UNKNOWN
2016-03-26T03:51:22.000000;2016-03-26T03:51:22.000000;70da1cb0-f6d1-4921-a3b6-26b8a532ecfb;417.19;5.9554;UNKNOWN
2016-03-26T03:52:33.000000;2016-03-26T03:52:33.000000;98e88fe8-7a45-4f1f-b298-21b2c1d9e894;417.19;5.61501291;UNKNOWN
2016-03-26T03:52:39.000000;2016-03-26T03:52:39.000000;ae1fccd1-14a4-4327-8a91-7fa23451d14e;417.14;0.11446838;UNKNOWN
2016-03-26T03:52:49.000000;2016-03-26T03:52:49.000000;482c59e3-00f9-447b-af1b-42bbe01d4012;417.09;0.576136;UNKNOWN
2016-03-26T03:53:56.000000;2016-03-26T03:53:56.000000;6f9dfb19-710a-4eff-ab90-53cc39e62336;417.09;0.22817034;UNKNOWN
2016-03-26T03:54:21.000000;2016-03-26T03:54:21.000000;5c032f87-641c-47d2-84f9-6650c082cfc0;417.1;0.987813;UNKNOWN
2016-03-26T03:54:24.000000;2016-03-26T03:54:24.000000;f1b2e187-9955-4cc0-9f14-c18e964f7e63;416.97;0.759095;UNKNOWN
2016-03-26T03:59:16.000000;2016-03-26T03:59:16.000000;5184bd24-09e5-4313-b611-9741a289a759;417.07;0.25;UNKNOWN
2016-03-26T04:00:04.000000;2016-03-26T04:00:04.000000;21e53345-18a6-41b2-9f53-57a175b68916;417.2;0.03094086;UNKNOWN
2016-03-26T04:00:17.000000;2016-03-26T04:00:17.000000;96956fe1-2340-4822-a9ac-bfedcaf01984;417.2;2.98296412;UNKNOWN
2016-03-26T04:02:25.000000;2016-03-26T04:02:25.000000;4a257137-b2a0-484f-a076-3086b42c482e;417.24;0.06592725;UNKNOWN
2016-03-26T04:02:43.000000;2016-03-26T04:02:43.000000;0ab11388-4977-42f4-8e6c-06a355ca83e0;417.2;0.24672443;UNKNOWN
2016-03-26T04:02:43.000000;2016-03-26T04:02:43.000000;0038919d-2598-46b0-9c71-fa76911f7572;417.2;0.01703588;UNKNOWN
2016-03-26T04:03:03.000000;2016-03-26T04:03:03.000000;f7127b98-7177-47da-80ca-f13dcaf47fcd;417.28;0.06165321;UNKNOWN
2016-03-26T04:07:05.000000;2016-03-26T04:07:05.000000;4d2c0822-937c-43b8-9d88-a96fc38780de;417.5;0.02376144;UNKNOWN
2016-03-26T04:07:24.000000;2016-03-26T04:07:24.000000;18ba483c-6dd3-4eed-8be8-cfff94d784ab;417.36;0.60027555;UNKNOWN
2016-03-26T04:08:05.000000;2016-03-26T04:08:05.000000;206e7ba0-43e9-4658-b034-1e2e617d5671;417.29;0.47373204;UNKNOWN
2016-03-26T04:08:05.000000;2016-03-26T04:08:05.000000;90d0a130-c761-4f32-b0f5-9cbe084f7e71;417.34;5.9486;UNKNOWN
2016-03-26T04:08:05.000000;2016-03-26T04:08:05.000000;5685977b-ac74-4d27-8e9a-5d319783f5aa;417.36;15.93032445;UNKNOWN
2016-03-26T04:08:05.000000;2016-03-26T04:08:05.000000;2c976546-5fe3-47f1-8314-8dbd2ba9f681;417.3;1.65548899;UNKNOWN
2016-03-26T04:11:28.000000;2016-03-26T04:11:28.000000;3c1c9677-495f-4c4d-8382-f55aa9cfbb19;417.08;0.12750092;UNKNOWN
2016-03-26T04:12:05.000000;2016-03-26T04:12:05.000000;00a2f7c1-1efb-4f66-bc1d-1865eefd687e;417.11;0.1057991;UNKNOWN
2016-03-26T04:14:05.000000;2016-03-26T04:14:05.000000;f8c68db1-7cbe-4c4e-b1fc-9f5ef6a27043;417.14;0.22949301;UNKNOWN
2016-03-26T04:25:05.000000;2016-03-26T04:25:05.000000;4b795686-531b-44e1-a990-f225616363f5;417.38;0.075752;UNKNOWN
2016-03-26T04:25:29.000000;2016-03-26T04:25:29.000000;abda68ec-f2ca-49ba-9597-c7f477fd597d;417.38;0.137164;UNKNOWN
2016-03-26T04:25:32.000000;2016-03-26T04:25:32.000000;81d2ab96-a47f-410e-9f6d-b2f3da305614;417.38;0.120971;UNKNOWN
2016-03-26T04:25:38.000000;2016-03-26T04:25:38.000000;79ce972c-3d1f-4435-adb0-f4f7443a65b0;417.38;3.69204071;UNKNOWN
2016-03-26T04:25:52.000000;2016-03-26T04:25:52.000000;a904afd0-378c-454b-b7c6-7f42ff2bdbc2;417.37;0.25;UNKNOWN
2016-03-26T04:29:55.000000;2016-03-26T04:29:55.000000;a0576bca-16ff-4ae0-bb87-f42b055f8421;417.28;0.0112;UNKNOWN
2016-03-26T04:30:28.000000;2016-03-26T04:30:28.000000;17f33f21-7f4b-4004-8636-c8c888d7b414;417.0;0.14667597;UNKNOWN
2016-03-26T04:30:28.000000;2016-03-26T04:30:28.000000;7f140881-519e-4c0b-a2ca-d7bb125e81f6;417.27;0.02181015;UNKNOWN
2016-03-26T04:30:28.000000;2016-03-26T04:30:28.000000;da1f68ce-b056-4190-91c2-443a7ddffb25;417.13;4.8;UNKNOWN
2016-03-26T04:30:44.000000;2016-03-26T04:30:44.000000;77407ae4-b26b-42c9-adf2-4ca950e0a4e9;416.95;0.001087;UNKNOWN
2016-03-26T04:30:44.000000;2016-03-26T04:30:44.000000;9dd08914-7a7d-4908-9db8-eea7fbe9ef34;417.27;0.01;UNKNOWN
2016-03-26T04:30:49.000000;2016-03-26T04:30:49.000000;f4784087-3ff1-474c-929b-152130b7705f;416.96;0.024799;UNKNOWN
2016-03-26T04:31:39.000000;2016-03-26T04:31:39.000000;c552e0d3-0a33-4eed-8b9e-ccb13f969181;417.11;1.515;UNKNOWN
2016-03-26T04:32:25.000000;2016-03-26T04:32:25.000000;12e36867-7b72-47cd-85b3-f8c781ced4c6;416.95;0.016647;UNKNOWN
2016-03-26T04:33:06.000000;2016-03-26T04:33:06.000000;1ba787a1-9383-4202-a5da-fc727367d636;417.09;0.04608414;UNKNOWN
2016-03-26T04:33:06.000000;2016-03-26T04:33:06.000000;7e5b81c7-d01b-4cc6-b6ba-9d87c93a4b53;416.95;0.00340886;UNKNOWN
2016-03-26T04:41:51.000000;2016-03-26T04:41:51.000000;16890137-85a7-477f-8f11-6b3b949e970b;417.07;0.48;UNKNOWN
2016-03-26T04:49:28.000000;2016-03-26T04:49:28.000000;f89bad3a-3f63-4743-aa73-48ea1765397e;417.07;0.85;UNKNOWN
2016-03-26T04:49:51.000000;2016-03-26T04:49:51.000000;88f5ef06-114e-4ea5-9c0e-eed3e1e99a6c;417.07;4.6582;UNKNOWN
2016-03-26T04:50:05.000000;2016-03-26T04:50:05.000000;45a96fd4-8936-41da-87ef-9b1a25c476e3;417.5;2.13903744;UNKNOWN
2016-03-26T04:53:51.000000;2016-03-26T04:53:51.000000;d2a0d073-6783-4d16-a90a-b43f03eb45ba;417.5;0.02114003;UNKNOWN
2016-03-26T04:53:55.000000;2016-03-26T04:53:55.000000;9acb2178-80ab-4545-a6e5-53d5e6d6fdcc;417.49;0.01638019;UNKNOWN
2016-03-26T04:54:02.000000;2016-03-26T04:54:02.000000;f8b9d958-9aaa-4ef7-9d23-964eecb4bb22;417.48;0.01268112;UNKNOWN
2016-03-26T04:54:46.000000;2016-03-26T04:54:46.000000;cf8c6719-e07a-4018-bbc6-1b0881521207;417.36;0.01;UNKNOWN
2016-03-26T04:56:58.000000;2016-03-26T04:56:58.000000;a9c7e9cb-6ee5-446b-834f-315056af977e;417.36;0.828095;UNKNOWN
2016-03-26T04:56:58.000000;2016-03-26T04:56:58.000000;e539cc3e-efe4-4371-ae16-fd902c15cbd0;417.36;0.1;UNKNOWN
2016-03-26T04:57:02.000000;2016-03-26T04:57:02.000000;644e3bc1-88eb-45a8-b43c-0fefdebfd63e;417.36;2.243424;UNKNOWN
2016-03-26T04:57:05.000000;2016-03-26T04:57:05.000000;6bbee8c7-2669-4358-afdb-59e325cad638;417.44;0.21543292;UNKNOWN
2016-03-26T05:00:53.000000;2016-03-26T05:00:53.000000;bca2c2c8-c65a-4b11-9e16-b520e15057a7;417.44;0.02344039;UNKNOWN
2016-03-26T05:01:55.000000;2016-03-26T05:01:55.000000;a186dba4-51de-4aa1-8713-2325cd0544cb;417.22;0.603396;UNKNOWN
2016-03-26T05:01:55.000000;2016-03-26T05:01:55.000000;9d50f2aa-ee35-472a-80f9-9bf626f1218b;417.29;0.2;UNKNOWN
2016-03-26T05:02:24.000000;2016-03-26T05:02:24.000000;24fac4a7-0c16-44b4-ad1b-64f560fbcc08;417.34;0.08795376;UNKNOWN
2016-03-26T05:03:13.000000;2016-03-26T05:03:13.000000;a840f848-f1ba-4e2c-966f-3b260eab9ab4;417.26;0.208996;UNKNOWN
2016-03-26T05:03:41.000000;2016-03-26T05:03:41.000000;eb9e7d9a-178a-4461-834a-67fbe8faecf9;417.22;0.09468;UNKNOWN
2016-03-26T05:04:26.000000;2016-03-26T05:04:26.000000;454603ae-e554-4bcf-b712-f9c13112a013;417.22;0.206912;UNKNOWN
2016-03-26T05:05:16.000000;2016-03-26T05:05:16.000000;051f974a-ce3f-4e92-a9a9-12fd80f829ae;417.28;0.09042169;UNKNOWN
2016-03-26T05:05:16.000000;2016-03-26T05:05:16.000000;fc2c8ca8-c700-4a5e-945b-360c9a92b291;417.27;4.60957831;UNKNOWN
2016-03-26T05:08:12.000000;2016-03-26T05:08:12.000000;8449930b-1bd4-4122-8eb3-abd4c867ee71;417.25;0.10337153;UNKNOWN
2016-03-26T05:09:48.000000;2016-03-26T05:09:48.000000;a8edcc11-3998-4a63-bdcb-8e1f483269db;417.35;0.5;UNKNOWN
2016-03-26T05:10:07.000000;2016-03-26T05:10:07.000000;fbc73c05-74cd-4a4e-9b4b-1f9e88eb70d6;417.35;0.48;UNKNOWN
2016-03-26T05:12:38.000000;2016-03-26T05:12:38.000000;fd848a02-4942-4076-9eee-267aecc7ace3;417.24;0.444769;UNKNOWN
2016-03-26T05:12:41.000000;2016-03-26T05:12:41.000000;567c15f6-e235-4e71-b493-51950db474a4;417.24;0.279219;UNKNOWN
2016-03-26T05:13:16.000000;2016-03-26T05:13:16.000000;454486f1-5378-451a-9773-5c5afa361875;417.24;0.05932525;UNKNOWN
2016-03-26T05:14:16.000000;2016-03-26T05:14:16.000000;2a49b383-4a80-471b-801b-846a15ca82ac;417.21;0.179391;UNKNOWN
2016-03-26T05:14:24.000000;2016-03-26T05:14:24.000000;da40225f-bcf3-470e-837a-6753e2965bce;417.22;0.736788;UNKNOWN
2016-03-26T05:15:24.000000;2016-03-26T05:15:24.000000;2b600ea2-3f4a-4957-b788-d51c5e105eb6;417.22;4.80301052;UNKNOWN
2016-03-26T05:17:05.000000;2016-03-26T05:17:05.000000;7618e888-6ef6-4aff-9384-0d8d1a2c2cc2;417.1;0.06053974;UNKNOWN
2016-03-26T05:17:39.000000;2016-03-26T05:17:39.000000;50271be9-ea0a-4145-bfcc-a13e1d6ffe77;417.04;0.06510874;UNKNOWN
2016-03-26T05:17:39.000000;2016-03-26T05:17:39.000000;da31a0da-a8f2-45fe-bfa0-cc2022c22712;417.06;0.01;UNKNOWN
2016-03-26T05:17:39.000000;2016-03-26T05:17:39.000000;7e057345-891c-4131-a4e8-6431400f4e9f;417.1;0.28126026;UNKNOWN
2016-03-26T05:19:12.000000;2016-03-26T05:19:12.000000;467fb6bd-d31e-4359-af35-d3abc29ff1ab;417.06;0.091319;UNKNOWN
2016-03-26T05:19:45.000000;2016-03-26T05:19:45.000000;468d4974-90e7-4458-828f-89fdbf17b633;417.11;0.08854576;UNKNOWN
2016-03-26T05:20:05.000000;2016-03-26T05:20:05.000000;b9fc9329-e27f-4713-86ca-edc773488518;417.11;0.202687;UNKNOWN
2016-03-26T05:20:17.000000;2016-03-26T05:20:17.000000;a92c1752-0f71-44e2-b93d-132fb8b62f53;417.35;0.04076682;UNKNOWN
2016-03-26T05:20:59.000000;2016-03-26T05:20:59.000000;cbdba645-e6f3-4f95-b050-d9fe0cd8b684;417.11;3.0;UNKNOWN
2016-03-26T05:22:00.000000;2016-03-26T05:22:00.000000;b3de2350-04b3-4947-ab59-76a171a34b73;417.23;0.02614644;UNKNOWN
2016-03-26T05:25:37.000000;2016-03-26T05:25:37.000000;3eadebea-39bb-490d-901b-8a3150c5e5ee;417.22;0.0324;UNKNOWN
2016-03-26T05:25:37.000000;2016-03-26T05:25:37.000000;37e16f78-5138-42ae-8356-7fb2ab18b093;417.22;0.0324;UNKNOWN
2016-03-26T05:28:20.000000;2016-03-26T05:28:20.000000;85a903f4-5dc3-42a7-a631-18a56537a1d2;417.01;0.212331;UNKNOWN
2016-03-26T05:28:24.000000;2016-03-26T05:28:24.000000;ff00e38e-f1e0-45f2-9e6c-136c5b4ce72c;417.01;0.513909;UNKNOWN
2016-03-26T05:32:21.000000;2016-03-26T05:32:21.000000;a2f707a5-1ba3-486d-b80a-02c503e5cfcf;417.04;6.08457227;UNKNOWN
2016-03-26T05:35:04.000000;2016-03-26T05:35:04.000000;ad718012-456b-48da-a65d-0416e9419a7e;417.22;0.0132;UNKNOWN
2016-03-26T05:35:04.000000;2016-03-26T05:35:04.000000;f16159ae-2d41-47f8-9378-6438f37217f4;417.23;1.1821;UNKNOWN
2016-03-26T05:35:04.000000;2016-03-26T05:35:04.000000;4f56bf89-8a21-47ca-8c8b-ff5092b203ae;417.22;0.0147;UNKNOWN
2016-03-26T05:35:54.000000;2016-03-26T05:35:54.000000;3678527b-0d37-4e8c-8b00-8a4fd7e37824;417.21;5.9313;UNKNOWN
2016-03-26T05:52:58.000000;2016-03-26T05:52:58.000000;8b719003-ebdb-43f0-a0e3-8f1c6a1e1e3f;417.22;4.45229204;UNKNOWN
2016-03-26T05:52:58.000000;2016-03-26T05:52:58.000000;e3c2377d-2d52-40a4-bf0c-2f09e6106a7e;417.22;4.0687;UNKNOWN
2016-03-26T05:52:58.000000;2016-03-26T05:52:58.000000;a7c503df-7d01-48e5-96d5-c774298ddad0;417.33;5.9532;UNKNOWN
2016-03-26T05:59:01.000000;2016-03-26T05:59:01.000000;182bbfff-5346-4026-98cd-f14968a44fda;416.95;0.1;UNKNOWN
2016-03-26T05:59:59.000000;2016-03-26T05:59:59.000000;935c7357-4700-45ce-a1a7-b6e2989fc175;416.96;0.01357552;UNKNOWN
2016-03-26T06:00:13.000000;2016-03-26T06:00:13.000000;05d89d49-a6ea-4c74-a2a3-646cb5deda07;417.05;0.1;UNKNOWN
2016-03-26T06:02:13.000000;2016-03-26T06:02:13.000000;0fc9200e-2f1a-458a-b94c-9a3b54f10d53;417.02;0.01861104;UNKNOWN
2016-03-26T06:04:52.000000;2016-03-26T06:04:52.000000;74625569-f08d-4269-941b-ddfa82f1983e;417.05;0.1;UNKNOWN
2016-03-26T06:05:48.000000;2016-03-26T06:05:48.000000;629b633d-0419-4080-b1c5-7418d5a7f038;417.04;0.02402656;UNKNOWN
2016-03-26T06:09:04.000000;2016-03-26T06:09:04.000000;56b741e9-06be-4084-8c5f-12a8c58aa014;417.04;0.017;UNKNOWN
2016-03-26T06:10:12.000000;2016-03-26T06:10:12.000000;39d0026e-f19b-43f8-8cbd-ad74cd4ac3f7;417.04;0.04747271;UNKNOWN
2016-03-26T06:10:39.000000;2016-03-26T06:10:39.000000;78936891-a1e1-490c-84c3-f78050bb25ff;417.04;0.1;UNKNOWN
2016-03-26T06:11:05.000000;2016-03-26T06:11:05.000000;0b196b7b-adb0-4d93-a203-4f3a99b3296b;417.04;5.73330073;UNKNOWN
2016-03-26T06:11:05.000000;2016-03-26T06:11:05.000000;cc84708d-2102-4136-ba64-cc4682405cea;416.96;4.26669927;UNKNOWN
2016-03-26T06:11:13.000000;2016-03-26T06:11:13.000000;1ebe4b37-9f73-4b90-8b6c-fb151ac9fa99;417.03;0.5;UNKNOWN
2016-03-26T06:11:56.000000;2016-03-26T06:11:56.000000;b13fe0bb-47fe-44a7-b814-7f91aecf0e8a;417.04;0.12013284;UNKNOWN
2016-03-26T06:12:21.000000;2016-03-26T06:12:21.000000;c8d4305e-c81e-4567-8ee9-1516672a95a9;417.04;1.0;UNKNOWN
2016-03-26T06:13:05.000000;2016-03-26T06:13:05.000000;35f0d3c6-27fd-4a96-abb9-316bc23cb03f;417.04;0.1;UNKNOWN
2016-03-26T06:13:05.000000;2016-03-26T06:13:05.000000;03217028-08f1-4ade-8925-edfdfc29a24f;416.99;4.65581861;UNKNOWN
2016-03-26T06:13:05.000000;2016-03-26T06:13:05.000000;24d30f53-fc1b-4ba8-9846-35381d5a0c02;416.96;1.08836278;UNKNOWN
2016-03-26T06:13:05.000000;2016-03-26T06:13:05.000000;a6483110-1f6f-40c8-943b-849c5be06b31;417.03;4.15581861;UNKNOWN
2016-03-26T06:13:32.000000;2016-03-26T06:13:32.000000;71608f9d-c483-4384-9b91-10ba258b08a7;417.02;1.0;UNKNOWN
2016-03-26T06:13:52.000000;2016-03-26T06:13:52.000000;3152780e-3bbc-424d-8ef5-82fe2995568b;417.02;0.1302;UNKNOWN
2016-03-26T06:13:53.000000;2016-03-26T06:13:53.000000;5b920808-c483-4cbb-9dae-a26cddac20e2;417.02;0.1;UNKNOWN
2016-03-26T06:14:05.000000;2016-03-26T06:14:05.000000;8c9305fd-8fca-43e4-a427-d11f3baeadbc;417.02;4.0189;UNKNOWN
2016-03-26T06:14:05.000000;2016-03-26T06:14:05.000000;4e7b196f-bbd1-4721-bc5e-e46c89aed31a;417.03;5.9811;UNKNOWN
2016-03-26T06:14:06.000000;2016-03-26T06:14:06.000000;c252cc34-ae0d-417c-9d17-8b1c24c9b83d;417.02;2.9279;UNKNOWN
2016-03-26T06:14:37.000000;2016-03-26T06:14:37.000000;ba06db55-f15d-4167-813b-c8e329b29884;417.05;0.9219;UNKNOWN
2016-03-26T06:15:04.000000;2016-03-26T06:15:04.000000;9ab06419-da37-4a3e-ad5b-dac60efaa5fa;417.05;0.25123086;UNKNOWN
2016-03-26T06:20:40.000000;2016-03-26T06:20:40.000000;6bb15535-07db-4238-9801-964ff3b7f7e7;416.96;0.02522009;UNKNOWN
2016-03-26T06:25:05.000000;2016-03-26T06:25:05.000000;f3b2e76b-390e-4901-8f82-ea4676ba0e9d;416.96;5.0;UNKNOWN
2016-03-26T06:25:24.000000;2016-03-26T06:25:24.000000;d8fae13d-c25d-4c56-a4d6-2d352b21e3c8;417.02;0.9346172;UNKNOWN
2016-03-26T06:32:05.000000;2016-03-26T06:32:05.000000;5c2dfa07-fc06-4de8-b7ed-8ffb96c33403;417.03;5.9698;UNKNOWN
2016-03-26T06:32:05.000000;2016-03-26T06:32:05.000000;5d648935-0ade-4e57-8deb-d2c41d042eee;416.95;0.07885714;UNKNOWN
2016-03-26T06:32:05.000000;2016-03-26T06:32:05.000000;094ae421-75be-4201-bfb5-1446df7da76e;416.95;1.37934286;UNKNOWN
2016-03-26T06:33:05.000000;2016-03-26T06:33:05.000000;f146adf0-b0be-4c73-a4e2-afaa573dde87;417.05;0.6074164;UNKNOWN
2016-03-26T06:33:05.000000;2016-03-26T06:33:05.000000;d65998fa-a089-4937-bd49-7ce8a4f3b286;417.04;0.1103;UNKNOWN
2016-03-26T06:33:36.000000;2016-03-26T06:33:36.000000;41b2ddda-4af4-4f1d-9021-d68f175e1971;416.99;1.03530994;UNKNOWN
2016-03-26T06:34:20.000000;2016-03-26T06:34:20.000000;184c0dd2-6824-4205-969d-b6e8ab704907;416.99;0.08530862;UNKNOWN
2016-03-26T06:35:27.000000;2016-03-26T06:35:27.000000;d9e42959-89ed-4fca-b96d-294a5fb2c350;416.99;8.0;UNKNOWN
2016-03-26T06:35:33.000000;2016-03-26T06:35:33.000000;1a57446b-dec5-4051-aef9-184837e49737;417.42;6.65574726;UNKNOWN
2016-03-26T06:35:33.000000;2016-03-26T06:35:33.000000;b53b0395-c48d-4316-9ca5-5dba7a783b69;417.38;6.0;UNKNOWN
2016-03-26T06:35:33.000000;2016-03-26T06:35:33.000000;c54d09cf-76c5-4c70-9638-c31d2c322598;417.04;3.0;UNKNOWN
2016-03-26T06:35:33.000000;2016-03-26T06:35:33.000000;4f459f27-937b-4421-83a6-9fe8c4eb5a1b;417.03;0.5;UNKNOWN
2016-03-26T06:35:33.000000;2016-03-26T06:35:33.000000;cc06d9e9-13cc-428a-8c13-b4b9da471054;417.41;12.8834;UNKNOWN
2016-03-26T06:35:33.000000;2016-03-26T06:35:33.000000;ae5deaa7-c943-4099-8ebe-7251e9aad917;417.05;3.96085274;UNKNOWN
2016-03-26T06:36:05.000000;2016-03-26T06:36:05.000000;2f3da779-5940-43a4-b7be-53437585a127;417.48;0.3;UNKNOWN
2016-03-26T06:41:09.000000;2016-03-26T06:41:09.000000;46af0b00-cd71-4c87-821c-fe4083e8ef02;417.44;0.24003546;UNKNOWN
2016-03-26T06:42:05.000000;2016-03-26T06:42:05.000000;9c7bf87b-532a-4e64-8aee-cc85dec7e1f9;417.44;0.02586064;UNKNOWN
2016-03-26T06:45:22.000000;2016-03-26T06:45:22.000000;0dbfff8f-7968-4601-8ea5-9c7fc7e3eb73;417.46;1.1462;UNKNOWN
2016-03-26T06:46:05.000000;2016-03-26T06:46:05.000000;928ba9a8-9c14-4a49-aa96-b2c9008b7404;417.21;4.5058961;UNKNOWN
2016-03-26T06:46:05.000000;2016-03-26T06:46:05.000000;64626566-6223-474c-8af0-31ecc3f9ee38;417.44;0.6141039;UNKNOWN
2016-03-26T06:47:05.000000;2016-03-26T06:47:05.000000;6e1ddb62-1af1-4eff-a786-dfe0e9a04959;417.49;0.71829586;UNKNOWN
2016-03-26T06:56:37.000000;2016-03-26T06:56:37.000000;6c411b2d-ba1e-43b0-b168-5af7692a615d;416.97;3.4068;UNKNOWN
2016-03-26T06:56:37.000000;2016-03-26T06:56:37.000000;2450d840-56f9-44a8-aaf7-020555adfc4b;417.03;2.5832;UNKNOWN
2016-03-26T06:56:37.000000;2016-03-26T06:56:37.000000;1cce30a4-b84a-4d6f-94a9-45fca5857b8a;417.03;0.5;UNKNOWN
2016-03-26T06:56:37.000000;2016-03-26T06:56:37.000000;a0eebfe9-c3a1-458d-933a-3d98e165abed;417.05;1.14;UNKNOWN
2016-03-26T06:56:37.000000;2016-03-26T06:56:37.000000;5cd692c6-c65f-4e65-ae81-428458afe27e;417.03;0.4168;UNKNOWN
2016-03-26T06:56:37.000000;2016-03-26T06:56:37.000000;b61db355-d808-4768-91ba-e889610b0487;417.05;5.9432;UNKNOWN
2016-03-26T06:58:17.000000;2016-03-26T06:58:17.000000;8668c8ad-73b4-4abe-879a-cc61b83b533c;417.34;0.03336279;UNKNOWN
2016-03-26T06:58:32.000000;2016-03-26T06:58:32.000000;9ea677ad-7cf8-40d7-b3d1-060a8045a26b;417.34;0.03779581;UNKNOWN
2016-03-26T06:58:33.000000;2016-03-26T06:58:33.000000;42b7c000-e451-4f29-a29e-96ea27c294af;417.34;0.02929188;UNKNOWN
2016-03-26T06:58:33.000000;2016-03-26T06:58:33.000000;49d7baa5-8e04-4fdf-8c9f-f77eee1402c9;417.34;0.02270141;UNKNOWN
2016-03-26T07:01:27.000000;2016-03-26T07:01:27.000000;75a188ff-fc03-4a67-a2aa-471b8d143143;417.34;0.01759361;UNKNOWN
2016-03-26T07:01:32.000000;2016-03-26T07:01:32.000000;2db3b06a-2f9e-4c05-a7a0-9a7bab63ff26;417.0;0.30069756;UNKNOWN
2016-03-26T07:01:42.000000;2016-03-26T07:01:42.000000;64cb0153-13d1-48e9-bc0a-e59c9904ad82;417.06;0.01363516;UNKNOWN
2016-03-26T07:01:43.000000;2016-03-26T07:01:43.000000;e2d268b0-9ff1-41a3-9c69-a95fed31005f;417.06;0.01056735;UNKNOWN
2016-03-26T07:01:47.000000;2016-03-26T07:01:47.000000;7bc726d9-7efd-41ae-a3ec-e3a32e70aedd;416.93;0.19479506;UNKNOWN
2016-03-26T07:03:18.000000;2016-03-26T07:03:18.000000;7c83ef70-db8f-415d-8e24-4e85c67f9f59;417.02;0.01;UNKNOWN
2016-03-26T07:04:11.000000;2016-03-26T07:04:11.000000;023702eb-12d2-4219-8e5b-be16731ecade;417.02;0.7;UNKNOWN
2016-03-26T07:07:05.000000;2016-03-26T07:07:05.000000;b9709d57-864c-4156-bfa0-75aa42096ef5;417.34;0.43090108;UNKNOWN
2016-03-26T07:07:16.000000;2016-03-26T07:07:16.000000;1dcbeaf2-c1d4-46f8-bd2e-14f75c4e702d;417.34;1.291285;UNKNOWN
2016-03-26T07:09:16.000000;2016-03-26T07:09:16.000000;552b0dbb-6ea2-4c5e-800a-392e21c425f1;417.22;0.5551349;UNKNOWN
2016-03-26T07:15:13.000000;2016-03-26T07:15:13.000000;adf83760-89fc-4098-a01d-d9befa00c81e;417.21;0.43725202;UNKNOWN
2016-03-26T07:16:06.000000;2016-03-26T07:16:06.000000;3762933f-6e2a-4a21-8e5b-b9ce7330bea7;417.3;0.0991;UNKNOWN
2016-03-26T07:17:20.000000;2016-03-26T07:17:20.000000;d7fb51be-5b17-41ea-87fb-2fc1a3e328cc;417.4;2.01;UNKNOWN
2016-03-26T07:19:31.000000;2016-03-26T07:19:31.000000;886f477e-b113-441f-9abd-b94575cb61df;417.3;0.9756;UNKNOWN
2016-03-26T07:22:05.000000;2016-03-26T07:22:05.000000;70186b10-85fe-4aa8-82e7-7f395b244557;417.41;0.721594;UNKNOWN
2016-03-26T07:29:04.000000;2016-03-26T07:29:04.000000;5aa2ceeb-937e-4b09-91eb-a0d98d778400;417.21;0.07603875;UNKNOWN
2016-03-26T07:34:15.000000;2016-03-26T07:34:15.000000;bfc84f3d-5e1a-41f2-baaf-421fbb8c6cf0;417.41;3.5391;UNKNOWN
2016-03-26T07:36:29.000000;2016-03-26T07:36:29.000000;2b378112-7fcf-427c-8d4e-7d91372a4f11;417.27;0.02401389;UNKNOWN
2016-03-26T07:37:16.000000;2016-03-26T07:37:16.000000;5a274c51-50bf-44e1-85b9-aeed355f2de6;417.29;5.45831585;UNKNOWN
2016-03-26T07:42:05.000000;2016-03-26T07:42:05.000000;5c53d503-7948-4298-ae7e-5f20d6bb59d4;417.35;2.0;UNKNOWN
2016-03-26T07:53:38.000000;2016-03-26T07:53:38.000000;6cc18f79-86cd-4c26-8fe5-2af26b91e5fe;417.49;0.36189408;UNKNOWN
2016-03-26T08:05:51.000000;2016-03-26T08:05:51.000000;ec6f456d-0651-4548-9585-3a288ff440f1;417.42;0.0988;UNKNOWN
2016-03-26T08:06:24.000000;2016-03-26T08:06:24.000000;ffabc163-13b3-49d5-8c71-45d83c65ddfa;417.18;2.84716002;UNKNOWN
2016-03-26T08:06:24.000000;2016-03-26T08:06:24.000000;87778b50-89a4-4ed2-b4d7-25ffc96ca95b;417.21;4.65283998;UNKNOWN
2016-03-26T08:13:28.000000;2016-03-26T08:13:28.000000;ec478ed7-78e1-41cf-b355-12212bc41a29;417.25;0.12684;UNKNOWN
2016-03-26T08:15:22.000000;2016-03-26T08:15:22.000000;bed92591-efb4-4f70-877a-047419dba7fd;417.36;0.11959234;UNKNOWN
2016-03-26T08:15:36.000000;2016-03-26T08:15:36.000000;a6d6fcf5-6f5b-42ff-86db-b403481f6ac7;417.18;1.58;UNKNOWN
2016-03-26T08:16:04.000000;2016-03-26T08:16:04.000000;a8ebeaf4-ca1e-4435-bae1-edbc06227ece;417.17;0.1;UNKNOWN
2016-03-26T08:16:05.000000;2016-03-26T08:16:05.000000;c7514649-12e9-4be6-9f50-284b7c637c1f;417.17;7.3131;UNKNOWN
2016-03-26T08:16:07.000000;2016-03-26T08:16:07.000000;62160550-8bd9-47b8-94a8-52412d88d936;417.17;0.03370719;UNKNOWN
2016-03-26T08:16:07.000000;2016-03-26T08:16:07.000000;08cad7b1-1007-480f-9912-68c0ede3b42b;417.17;0.14758731;UNKNOWN
2016-03-26T08:30:05.000000;2016-03-26T08:30:05.000000;e834f833-476c-4974-aaf8-e1d1eb27ad34;417.15;10.0;UNKNOWN
2016-03-26T08:31:04.000000;2016-03-26T08:31:04.000000;ed212f8a-fe8d-4863-9bf1-ec186ac60e34;417.11;2.5852;UNKNOWN
2016-03-26T08:31:04.000000;2016-03-26T08:31:04.000000;dbfce013-fc1c-4a95-afbe-6ae03b91029b;417.15;3.8606;UNKNOWN
2016-03-26T08:32:50.000000;2016-03-26T08:32:50.000000;4a4b485e-4667-4d9a-b8de-4bb291b9885e;417.29;0.01768383;UNKNOWN
2016-03-26T08:33:01.000000;2016-03-26T08:33:01.000000;e530ada6-08e2-478f-9923-39af8119ae13;417.29;0.0704015;UNKNOWN
2016-03-26T08:33:03.000000;2016-03-26T08:33:03.000000;c4ed03db-4fe8-4a5b-9f0d-9560a60ab1de;417.29;0.17671135;UNKNOWN
2016-03-26T08:33:06.000000;2016-03-26T08:33:06.000000;e1c1da57-0a96-41bf-b857-9ac63e4c7ab0;417.29;0.0205797;UNKNOWN
2016-03-26T08:34:07.000000;2016-03-26T08:34:07.000000;f18ba71a-671f-44e1-ab7e-520a39f62e72;416.84;0.06480097;UNKNOWN
2016-03-26T08:34:19.000000;2016-03-26T08:34:19.000000;96cf7911-e964-4308-98a7-f12897dcb30f;416.84;0.02608884;UNKNOWN
2016-03-26T08:34:21.000000;2016-03-26T08:34:21.000000;bb3d95e8-6bec-4ba6-be66-695d547fc607;416.75;0.10346708;UNKNOWN
2016-03-26T08:34:21.000000;2016-03-26T08:34:21.000000;32c63949-0c59-471a-bfe5-f5ebc55d253f;416.84;0.04911919;UNKNOWN
2016-03-26T08:42:27.000000;2016-03-26T08:42:27.000000;bf3fcdd6-8299-474f-b88c-733d5157f2a5;416.51;12.46;UNKNOWN
2016-03-26T08:42:27.000000;2016-03-26T08:42:27.000000;3288accb-d7ed-4fe0-807e-89a106b509c7;416.54;0.01003;UNKNOWN
2016-03-26T08:42:27.000000;2016-03-26T08:42:27.000000;b8286c8d-fd74-46d9-91f8-1cf11c5f4d0f;416.5;0.11997;UNKNOWN
2016-03-26T08:42:27.000000;2016-03-26T08:42:27.000000;f3bda65d-c4ed-434e-b3a3-2e15f526b095;416.6;2.41;UNKNOWN
2016-03-26T08:42:38.000000;2016-03-26T08:42:38.000000;b1b71fc0-873e-4f19-a9b1-969a325809ab;416.5;2.5;UNKNOWN
2016-03-26T08:42:47.000000;2016-03-26T08:42:47.000000;ba2ecca0-0cdf-42df-9fe2-89b67e238727;416.61;0.2;UNKNOWN
2016-03-26T08:42:51.000000;2016-03-26T08:42:51.000000;d5522d09-24a5-4e6b-8baf-f977ff84801c;416.59;0.2;UNKNOWN
2016-03-26T08:43:04.000000;2016-03-26T08:43:04.000000;5a1b8bdc-bc45-45ce-ae1d-8ed1e470313d;416.54;1.5;UNKNOWN
2016-03-26T08:43:11.000000;2016-03-26T08:43:11.000000;807902a1-6c6b-4389-abb7-9800f739f2f7;416.5;2.44255;UNKNOWN
2016-03-26T08:43:42.000000;2016-03-26T08:43:42.000000;1cbd4b64-4302-47c7-88c3-188a4c0f2978;416.54;1.0;UNKNOWN
