time_exchange;time_coinpai;guid;price;base_amount;taker_side
2016-03-26T00:00:39.000000;2016-03-26T00:00:39.047000;9f04dad1-fd29-45c7-96ab-ff8a9c628e99;10.661;36.0;SELL
2016-03-26T00:00:47.000000;2016-03-26T00:00:47.347000;2e6726f5-1283-46a4-8a4a-305dc3177949;10.672;14.34739252;BUY
2016-03-26T00:00:47.000000;2016-03-26T00:00:47.387000;afb9ad99-5534-43d4-9d1a-c3a337859782;10.671;3.0;BUY
2016-03-26T00:00:47.000000;2016-03-26T00:00:47.397000;41a42a01-ddf7-407b-a158-e9a527dd1421;10.672;27.55833711;BUY
2016-03-26T00:01:20.000000;2016-03-26T00:01:20.653000;bddfbd6d-f4db-4b78-8784-ab26617251d7;10.684;20.0;SELL
2016-03-26T00:09:02.000000;2016-03-26T00:09:02.387000;8edc8299-9345-44a5-8ad9-26d166e5e0ce;10.886;0.38205372;BUY
2016-03-26T00:09:03.000000;2016-03-26T00:09:03.480000;95f09460-61b9-4532-8ed0-5edebe3dd0c6;10.886;0.38205372;BUY
2016-03-26T00:09:22.000000;2016-03-26T00:09:22.363000;c4b0cc33-5f5a-4c0e-9b82-f8597485144a;10.886;3.49182015;BUY
2016-03-26T00:09:25.000000;2016-03-26T00:09:25.977000;c22f450b-7648-43d0-81f0-9cf688d0a752;10.886;1.11117241;BUY
2016-03-26T00:09:35.000000;2016-03-26T00:09:35.567000;2714a3d8-21d0-4e00-ba45-795302b26581;10.872;0.4250902;SELL
2016-03-26T00:09:58.000000;2016-03-26T00:09:59.153000;73526e7d-34a0-45ad-a8f3-b3562c445829;10.978;0.54992952;BUY
2016-03-26T00:09:58.000000;2016-03-26T00:09:59.160000;c013349b-e9cd-4bc8-8a88-c5cb7dc5fff3;10.979;0.16968455;BUY
2016-03-26T00:10:45.000000;2016-03-26T00:10:45.543000;0035b2e5-d10e-4c0b-8282-7762d7d1131d;10.978;3.23188;SELL
2016-03-26T00:10:45.000000;2016-03-26T00:10:45.903000;c2e71486-9bb4-4e6f-b809-5137273332b8;10.978;0.06812;SELL
2016-03-26T00:10:45.000000;2016-03-26T00:10:45.913000;57e76f0e-a7b9-4077-a641-aa949fbe66cb;10.978;3.23188;SELL
2016-03-26T00:12:29.000000;2016-03-26T00:12:29.580000;3f905ac0-4b84-419e-a4e1-f337d481b042;10.929;54.0274;SELL
2016-03-26T00:13:18.000000;2016-03-26T00:13:18.340000;9aa537b0-7723-4f71-b1c9-89e438be7b89;10.909;27.74624345;SELL
2016-03-26T00:13:18.000000;2016-03-26T00:13:18.347000;9f1a5fe8-950e-4a38-ab24-3e3749825f55;10.908;54.1965;SELL
2016-03-26T00:13:45.000000;2016-03-26T00:13:46.030000;b9d086c6-ac64-4296-b171-92293a17b989;10.909;11.664444;SELL
2016-03-26T00:13:45.000000;2016-03-26T00:13:46.040000;176325be-6f9e-42a1-9552-da69b0c8ecea;10.901;54.1815;SELL
2016-03-26T00:14:03.000000;2016-03-26T00:14:03.557000;937eb441-54e8-4a71-b2b5-29b5d0a45714;10.906;1.52149679;SELL
2016-03-26T00:14:24.000000;2016-03-26T00:14:25.040000;c407e20d-92fb-4fbd-823d-869f70d93263;10.906;30.02676842;SELL
2016-03-26T00:14:30.000000;2016-03-26T00:14:30.490000;8c926a12-00d3-48ad-b1ee-8111122ffd1f;10.906;13.45173479;SELL
2016-03-26T00:14:30.000000;2016-03-26T00:14:30.493000;7967a99d-209c-47f2-8aa7-511079ad72d9;10.9;54.4282;SELL
2016-03-26T00:16:55.000000;2016-03-26T00:16:55.793000;2de9871d-eda6-4714-8e84-04ef87045cbc;10.85;30.0;BUY
2016-03-26T00:18:33.000000;2016-03-26T00:18:33.597000;66a236a2-6a13-497e-a160-33b0b5ea1f45;10.87;20.02002002;BUY
2016-03-26T00:18:45.000000;2016-03-26T00:18:45.983000;7165a0d0-489a-4828-84a1-5634c4ddb4c8;10.87;9.00900901;BUY
2016-03-26T00:18:49.000000;2016-03-26T00:18:49.480000;a6696721-84a4-46e9-aa30-3c4f72957ff1;10.87;2.97097097;BUY
2016-03-26T00:18:51.000000;2016-03-26T00:18:51.113000;3d972a28-77f7-4ed0-92b3-ec3b28b6a230;10.91;0.74903726;BUY
2016-03-26T00:19:12.000000;2016-03-26T00:19:12.947000;9bb5a4b1-c508-4cc7-abd7-1181c3e5acf5;10.91;0.89746212;BUY
2016-03-26T00:19:13.000000;2016-03-26T00:19:13.600000;675c9c3a-adce-44ed-95f3-f4f4ec611527;10.91;0.89746212;BUY
2016-03-26T00:19:20.000000;2016-03-26T00:19:20.867000;3cc0bcbf-d376-4a7b-a2cb-c7ac54d276fa;10.87;0.26940336;SELL
2016-03-26T00:19:28.000000;2016-03-26T00:19:28.923000;3533f7a4-7929-47f7-9af6-36ea3d53bcf5;10.91;28.86525512;BUY
2016-03-26T00:19:32.000000;2016-03-26T00:19:32.650000;fc95eeea-87eb-4803-8ae7-afd3e3efd844;10.91;1.06337472;BUY
2016-03-26T00:19:40.000000;2016-03-26T00:19:40.710000;bef708a8-205c-4ef2-b311-f1849357ed39;10.91;1.42772773;BUY
2016-03-26T00:19:51.000000;2016-03-26T00:19:51.430000;2d713b9c-4f4f-461e-aaca-08d8cd700235;10.91;12.51251251;BUY
2016-03-26T00:20:06.000000;2016-03-26T00:20:06.563000;1ebf1ac1-e912-4719-adaa-b9583f55632a;10.91;1.0;BUY
2016-03-26T00:20:22.000000;2016-03-26T00:20:22.683000;f2337485-99a5-4244-96e9-92d3384a174d;10.91;2.58716842;BUY
2016-03-26T00:20:25.000000;2016-03-26T00:20:25.107000;24f9be6d-52e8-4798-9f73-a5cbf7fc9032;10.92;0.1;BUY
2016-03-26T00:20:30.000000;2016-03-26T00:20:30.070000;f5a02317-44e4-4a93-85ba-0f424ce7d33e;10.92;1.0;BUY
2016-03-26T00:20:43.000000;2016-03-26T00:20:43.510000;c38184ef-cdde-4cad-9248-5c08a8eec02c;10.92;28.67160952;BUY
2016-03-26T00:24:29.000000;2016-03-26T00:24:29.887000;287be18f-1fd2-4aab-a832-ba884028ca94;10.94;13.6876678;BUY
2016-03-26T00:24:32.000000;2016-03-26T00:24:32.217000;dab334db-7a26-4d55-a37f-fe20d202b60c;10.94;1.0;BUY
2016-03-26T00:30:49.000000;2016-03-26T00:30:49.737000;c6ac587a-ddcb-4336-a24d-2cb62ecf3595;10.94;10.3123322;BUY
2016-03-26T00:30:49.000000;2016-03-26T00:30:49.750000;342bb957-e86e-483f-80e9-1b46e6028894;10.94;0.21944209;BUY
2016-03-26T00:30:49.000000;2016-03-26T00:30:49.763000;84cdd478-1e14-45ba-beb8-fd7ef303322f;10.95;25.0;BUY
2016-03-26T00:30:49.000000;2016-03-26T00:30:49.787000;9fb24762-946f-45cd-81c5-cd65078bd335;10.975;54.3868;BUY
2016-03-26T00:30:49.000000;2016-03-26T00:30:49.787000;e8ce00ca-5ffc-4231-9bf6-80f13996ffd2;10.975;9.80142571;BUY
2016-03-26T00:34:17.000000;2016-03-26T00:34:17.067000;56b0344f-4635-4de9-ac82-7379dbe552a3;10.979;0.46303335;BUY
2016-03-26T00:34:24.000000;2016-03-26T00:34:24.480000;a576da54-e2e2-4522-9028-15f36a28fde6;10.979;1.9110611;BUY
2016-03-26T00:34:24.000000;2016-03-26T00:34:24.903000;daa2e9a7-258c-4437-b21b-7f1379981613;10.987;1.18;BUY
2016-03-26T00:35:14.000000;2016-03-26T00:35:14.740000;a553ed34-5d81-4088-a391-f5580b224cd4;11.043;0.84663431;BUY
2016-03-26T00:35:15.000000;2016-03-26T00:35:15.270000;dff46fa7-be1f-43da-bf05-077a92f12bea;11.043;0.15336569;BUY
2016-03-26T00:35:56.000000;2016-03-26T00:35:56.493000;1e5eab55-37ba-4ad7-8b8e-f02e1117df82;11.148;0.65041989;BUY
2016-03-26T00:35:56.000000;2016-03-26T00:35:56.507000;1bf7f8ba-5633-4aaa-90a9-c760f941e3da;11.149;0.34958011;BUY
2016-03-26T00:36:10.000000;2016-03-26T00:36:10.463000;7ecf3bb2-ea13-4cf7-9533-6b43f5c36dfd;11.149;2.11414489;BUY
2016-03-26T00:37:21.000000;2016-03-26T00:37:21.150000;4f622ce2-c664-4cca-b504-a1af012bddf4;11.199;1.0;BUY
2016-03-26T00:39:03.000000;2016-03-26T00:39:03.093000;2db3821e-aa0d-47bc-a61e-8f7a6941fbef;11.197;1.0;SELL
2016-03-26T00:39:18.000000;2016-03-26T00:39:18.210000;8770290f-8312-46c3-9a5d-cbbbe80cfbc2;11.2;1.0;BUY
2016-03-26T00:40:14.000000;2016-03-26T00:40:14.693000;be3b9fd9-7e5d-4782-98dd-df4d7d71b1c2;11.2;19.0;BUY
2016-03-26T00:40:14.000000;2016-03-26T00:40:14.697000;c0717d30-190f-4ab4-8d1c-fc3eb13dfec3;11.2;8.2093;BUY
2016-03-26T00:40:27.000000;2016-03-26T00:40:27.857000;92e121f9-6bfd-41db-9e3b-41837ae825f2;11.2;21.7907;BUY
2016-03-26T00:40:29.000000;2016-03-26T00:40:29.090000;dd83a440-bf64-4132-abf8-fa7d9ba2cc53;11.2;8.2093;SELL
2016-03-26T00:40:29.000000;2016-03-26T00:40:29.110000;d0ce4af5-26fa-407b-8b9e-d07a12817150;11.173;14.65253857;SELL
2016-03-26T00:40:29.000000;2016-03-26T00:40:29.193000;4e56ceb8-5525-4ab9-bc21-9c5eeeb293b1;11.173;35.99832664;SELL
2016-03-26T00:41:09.000000;2016-03-26T00:41:09.743000;7acb9615-2d56-40de-9704-4acc61ca4861;11.173;16.37212055;SELL
2016-03-26T00:41:18.000000;2016-03-26T00:41:18.663000;547b67d2-a543-4f9e-8f40-a5a55e4a4f0d;11.173;16.08787945;SELL
2016-03-26T00:41:21.000000;2016-03-26T00:41:21.277000;cd05f7fa-8b69-47a5-8702-8b90862e4e22;11.155;5.32376653;SELL
2016-03-26T00:41:22.000000;2016-03-26T00:41:22.057000;ce286362-81f5-466d-a958-35612e6ac4bb;11.155;0.5;SELL
2016-03-26T00:41:23.000000;2016-03-26T00:41:23.600000;8dafbdf4-720c-4a34-976c-9173581f851b;11.155;29.41167812;SELL
2016-03-26T00:42:27.000000;2016-03-26T00:42:27.883000;4c968520-c86e-4471-90a2-560118e37059;11.072;0.84663431;SELL
2016-03-26T00:52:22.000000;2016-03-26T00:52:22.080000;2854b5ec-6c6c-4960-8dcf-6cd471256d16;11.124;53.293;BUY
2016-03-26T00:52:22.000000;2016-03-26T00:52:22.093000;7e4d570c-13c8-4768-90f6-2ff46d1d089d;11.137;1.15136569;BUY
2016-03-26T00:52:22.000000;2016-03-26T00:52:22.117000;55063f75-4300-462e-8df2-b4034bb68d46;11.138;2.424308;BUY
2016-03-26T00:52:22.000000;2016-03-26T00:52:22.117000;1b9e1c38-7207-48a6-8eea-397abb465492;11.16;2.917732;BUY
2016-03-26T00:52:22.000000;2016-03-26T00:52:22.123000;4c2f7544-53de-4287-a2e9-cec5f25bbd4f;11.16;9.683899;BUY
2016-03-26T00:52:22.000000;2016-03-26T00:52:22.157000;cf0769f4-0980-419f-82c9-3a513098d7fa;11.173;4.85935402;BUY
2016-03-26T00:52:22.000000;2016-03-26T00:52:22.157000;5a98f769-1b89-4b55-8bdf-054f8c7ad40f;11.183;2.996;BUY
2016-03-26T00:52:22.000000;2016-03-26T00:52:22.157000;95177706-b586-4916-ba6f-f623c37ff858;11.198;96.69199809;BUY
2016-03-26T00:58:55.000000;2016-03-26T00:58:55.287000;4abdfe6f-a705-4199-afc1-ab1fcb5264aa;11.066;0.69326862;SELL
2016-03-26T01:00:04.000000;2016-03-26T01:00:04.823000;f1a290f5-23fb-41d1-ba50-21c932b804bb;11.119;36.034361;BUY
2016-03-26T01:17:09.000000;2016-03-26T01:17:09.337000;45b689fd-265e-4bdc-a75e-ef132bba1cfc;11.061;0.69326862;SELL
2016-03-26T01:17:09.000000;2016-03-26T01:17:09.347000;a36089a5-4ba4-45fc-a79e-f7c0467be1cf;11.043;0.996004;SELL
2016-03-26T01:17:12.000000;2016-03-26T01:17:12.897000;126a3ca3-83bd-4c93-a6e6-f16ee196fc54;11.015;1.09117935;SELL
2016-03-26T01:17:29.000000;2016-03-26T01:17:29.557000;fd00cbd4-9350-4722-b473-e65501cad29f;11.036;0.69326862;BUY
2016-03-26T01:17:29.000000;2016-03-26T01:17:29.563000;d749ef72-1087-4538-b278-a69cbdc7e0bb;11.037;0.30673138;BUY
2016-03-26T01:19:35.000000;2016-03-26T01:19:35.327000;39aada4f-ed92-4ecf-8e3a-455f5ee70476;11.015;1.0152;SELL
2016-03-26T01:20:04.000000;2016-03-26T01:20:04.343000;1d730d92-b4c3-481e-b0ea-43e31aa1b91a;11.015;0.42076265;SELL
2016-03-26T01:20:04.000000;2016-03-26T01:20:04.667000;e3b92326-0830-47b6-98c8-b6bdccdbc75a;11.001;1.9110611;SELL
2016-03-26T01:20:04.000000;2016-03-26T01:20:04.680000;53f4f769-ef2e-457a-a9c0-22c8158ed884;11.001;1.18;SELL
2016-03-26T01:20:59.000000;2016-03-26T01:20:59.973000;10c16805-0b47-47fd-aa1d-869dbf1c619f;10.99;8.9356;BUY
2016-03-26T01:20:59.000000;2016-03-26T01:20:59.977000;6975b769-0653-4765-8fec-37710f37ae87;11.023;0.30273538;BUY
2016-03-26T01:20:59.000000;2016-03-26T01:20:59.987000;a3adae47-e0d8-4838-9c1c-101a68a930b6;11.023;2.97166462;BUY
2016-03-26T01:23:31.000000;2016-03-26T01:23:31.897000;d437eb7d-92cc-4698-bdb9-50df385a5896;10.999;5.0;BUY
2016-03-26T01:29:43.000000;2016-03-26T01:29:43.567000;786bfdaa-68e2-43ab-a8b8-e49c2fd48f05;11.005;1.62347421;SELL
2016-03-26T01:33:24.000000;2016-03-26T01:33:24.353000;0d77bb93-824a-466e-b523-0a0a49cfd53a;11.026;0.38653724;BUY
2016-03-26T01:33:49.000000;2016-03-26T01:33:49.523000;52d9d6f5-d62e-4b52-ab00-686fa1e551ae;11.061;0.69326862;BUY
2016-03-26T01:33:49.000000;2016-03-26T01:33:49.790000;db8608c5-b029-45ab-8389-abdc0d465919;11.081;0.5;BUY
2016-03-26T01:33:49.000000;2016-03-26T01:33:49.800000;788cfdf3-0e76-47c5-8b58-168a8c51bf07;11.082;1.0;BUY
2016-03-26T01:50:06.000000;2016-03-26T01:50:06.460000;7af65eb0-8d30-4721-a234-ace19ef3e2a8;11.092;3.5;SELL
2016-03-26T02:09:51.000000;2016-03-26T02:09:51.873000;1ca66966-a169-4a1b-ba71-679bd0d02f6d;11.029;36.034361;BUY
2016-03-26T02:09:52.000000;2016-03-26T02:09:52.430000;fd540910-d22f-4431-baa3-ee4831ea2e08;11.029;18.157639;BUY
2016-03-26T02:10:10.000000;2016-03-26T02:10:10.133000;449aedbe-6a35-4b85-8a6c-49f3811aa43e;11.041;18.157639;SELL
2016-03-26T02:10:10.000000;2016-03-26T02:10:10.140000;08a9bc6e-bcdd-4a6f-bf6a-6763afde9242;11.041;16.8837845;SELL
2016-03-26T02:10:10.000000;2016-03-26T02:10:10.843000;d7c80ef0-8679-4c27-80fb-f90a99ec57a6;11.041;1.2738545;SELL
2016-03-26T02:10:10.000000;2016-03-26T02:10:10.853000;f0cc5ac3-939d-49bf-a472-f11a727e7517;11.04;33.767569;SELL
2016-03-26T02:10:10.000000;2016-03-26T02:10:10.910000;25a64b52-6755-4a9e-9c42-3fe61a5e3043;11.04;20.104931;SELL
2016-03-26T02:10:12.000000;2016-03-26T02:10:12.677000;f610ec42-96f9-4bae-aa88-3d3b9eccd26a;10.992;2.12141645;BUY
2016-03-26T02:17:17.000000;2016-03-26T02:17:17.130000;fada5340-85c4-4d13-a364-86b63b5084d3;11.0;8.26348013;BUY
2016-03-26T02:17:17.000000;2016-03-26T02:17:17.547000;312c3bc1-da3f-4b04-a3e8-cd2c03efbe54;11.0;8.26348013;BUY
2016-03-26T02:17:18.000000;2016-03-26T02:17:18.243000;5c48fef0-6e87-4bea-aa97-ab3b20356f50;11.0;8.26348013;BUY
2016-03-26T02:17:18.000000;2016-03-26T02:17:18.683000;e1900903-b0d2-4415-aa7d-a35512d0b31e;11.0;4.71275961;BUY
2016-03-26T02:21:22.000000;2016-03-26T02:21:22.147000;8d0393bf-681c-401e-ba2e-73965385c5a5;11.037;1.31042203;BUY
2016-03-26T02:35:05.000000;2016-03-26T02:35:05.160000;b1c11600-d3d5-4e73-8199-3e7a6ec08037;11.091;8.0;BUY
2016-03-26T02:54:47.000000;2016-03-26T02:54:47.777000;eee59bf4-b00c-418a-8ee6-7869e90f0f92;11.094;9.9999838;BUY
2016-03-26T02:54:51.000000;2016-03-26T02:54:51.173000;b5a0fc3a-7071-4ea9-95c7-48dde1ae7dcf;11.094;19.8998999;BUY
2016-03-26T03:07:25.000000;2016-03-26T03:07:25.983000;47c23586-b893-4746-9017-23a9fcbd76af;11.162;22.8124;BUY
2016-03-26T03:08:51.000000;2016-03-26T03:08:51.917000;fb305ef4-e6f5-435e-a965-f345bf5869cd;11.162;15.00318818;SELL
2016-03-26T03:09:24.000000;2016-03-26T03:09:24.163000;bd2d9fb6-499b-47cd-9068-de715af7ab9f;11.162;29.40947132;SELL
2016-03-26T03:09:24.000000;2016-03-26T03:09:24.793000;bcc998f5-7867-4fb0-af4d-f12fc87c63fd;11.162;14.57530968;SELL
2016-03-26T03:09:26.000000;2016-03-26T03:09:26.843000;ef6e3de4-ef31-4b35-aa5d-d9f8a30e75a8;11.162;18.19963082;SELL
2016-03-26T03:10:43.000000;2016-03-26T03:10:43.813000;8bff960c-bc16-4d30-a0f0-c0153522e306;11.134;29.45477625;SELL
2016-03-26T03:10:44.000000;2016-03-26T03:10:44.693000;029c87fc-d701-4a04-8a5e-2188f4851ecf;11.134;4.0;SELL
2016-03-26T03:28:11.000000;2016-03-26T03:28:11.160000;e7cfe6d7-1903-4729-868a-9e55fa126e61;11.072;29.59935321;SELL
2016-03-26T03:28:33.000000;2016-03-26T03:28:33.763000;0a5a5b40-5c2d-4b88-9683-2b51aba95ed1;11.07;5.0;SELL
2016-03-26T03:29:03.000000;2016-03-26T03:29:03.983000;cde34d09-315c-484c-b91a-bec7d7921ce2;11.07;5.0;SELL
2016-03-26T03:29:45.000000;2016-03-26T03:29:45.993000;e19d37ab-4d74-424e-b616-0d43d9aa5e1e;11.07;5.0;SELL
2016-03-26T03:30:35.000000;2016-03-26T03:30:35.250000;e995badf-ec97-4d19-9728-9f2149cb6b78;11.06;29.62619969;SELL
2016-03-26T03:31:32.000000;2016-03-26T03:31:32.853000;83b739f3-dac5-4560-9987-2748dfe1cb0c;11.06;0.90700846;SELL
2016-03-26T03:31:36.000000;2016-03-26T03:31:36.687000;c229a341-3fd8-4e3d-a243-035731a6a062;11.06;35.99832664;SELL
2016-03-26T03:31:37.000000;2016-03-26T03:31:37.260000;c7b93bca-d3c7-4c62-98ff-9a1e264b2197;11.06;1.9457749;SELL
2016-03-26T03:35:32.000000;2016-03-26T03:35:32.837000;9b5856ef-f42c-4154-8203-e1326c17d223;11.06;1.10889;SELL
2016-03-26T03:35:41.000000;2016-03-26T03:35:41.700000;e7f1ea57-2f98-4ac7-882e-83cda9a6d164;11.06;9.05780031;SELL
2016-03-26T03:35:41.000000;2016-03-26T03:35:41.707000;921d8492-cde7-492e-8171-14dc7f23d281;11.06;5.0;SELL
2016-03-26T03:39:51.000000;2016-03-26T03:39:51.193000;8b1649cc-b89a-4c4d-9ea7-9d131bc548b4;11.037;14.8085957;SELL
2016-03-26T03:39:51.000000;2016-03-26T03:39:51.243000;5b790e77-41a2-46a0-80ab-8cb18035f92a;11.037;14.8928086;SELL
2016-03-26T03:39:51.000000;2016-03-26T03:39:51.920000;0915528e-a09f-441b-a10d-e7d917e615df;11.037;1.58207367;SELL
2016-03-26T03:41:47.000000;2016-03-26T03:41:47.557000;cfe6912b-f7af-42b7-96d2-c972b29e74a9;11.03;0.176486;SELL
2016-03-26T03:42:59.000000;2016-03-26T03:42:59.607000;d7e97f32-a16e-4488-acf8-c7ba57d34c0f;11.03;1.55048;SELL
2016-03-26T03:43:00.000000;2016-03-26T03:43:00.617000;65f8e93c-d50b-485a-b5f1-4c09f89f8980;11.03;3.273034;SELL
2016-03-26T03:47:00.000000;2016-03-26T03:47:00.873000;b063c5d6-b326-4eac-be16-7c29a652e96a;11.01;0.54992952;SELL
2016-03-26T03:47:01.000000;2016-03-26T03:47:01.450000;605db15f-1484-4597-86ec-f8d22ba97ea9;11.01;4.45007048;SELL
2016-03-26T03:47:01.000000;2016-03-26T03:47:01.457000;a3b0899f-ec39-438a-9a89-b97bb47bea93;11.01;5.0;SELL
2016-03-26T03:47:04.000000;2016-03-26T03:47:04.320000;0b8f4d85-fda8-4a96-9487-d7a6d2bf5564;11.0;0.54992952;SELL
2016-03-26T03:47:25.000000;2016-03-26T03:47:25.903000;03a38172-a003-43cb-b999-409424182dea;11.01;3.32952;SELL
2016-03-26T03:47:26.000000;2016-03-26T03:47:26.470000;a33a66ee-1ba1-404b-80d0-65921f4bfba6;11.01;1.3;SELL
2016-03-26T03:47:41.000000;2016-03-26T03:47:41.377000;2e75232b-02df-4a9e-808b-a5dc344e58d0;11.01;0.37048;SELL
2016-03-26T03:47:41.000000;2016-03-26T03:47:41.387000;c9b218f7-7998-43ec-8ef8-42b6f8cd24f8;11.01;5.0;SELL
2016-03-26T03:48:12.000000;2016-03-26T03:48:12.140000;030a6123-99f9-4ca9-9c3d-9915dcc6b5b2;11.0;3.000791;SELL
2016-03-26T03:48:12.000000;2016-03-26T03:48:12.150000;c457e7d2-fce8-410a-82ab-c06e6f6036d7;11.0;4.71275961;SELL
2016-03-26T03:48:12.000000;2016-03-26T03:48:12.153000;38d435ba-3853-40ca-b258-b9552e580335;11.0;5.99558175;SELL
2016-03-26T03:48:12.000000;2016-03-26T03:48:12.757000;b8b7d1ec-cfc3-49e7-ab75-1cac33b8d6ad;11.0;0.65628403;SELL
2016-03-26T03:48:13.000000;2016-03-26T03:48:13.393000;127423df-1583-4b93-a13b-e5675b7321d9;11.0;13.05284834;SELL
2016-03-26T03:48:18.000000;2016-03-26T03:48:18.207000;61d30a03-d50d-49f3-8873-f87b552c0d8a;11.0;0.55048;SELL
2016-03-26T03:48:27.000000;2016-03-26T03:48:27.633000;5bfb1a04-786e-431a-817c-4d43d769b6f8;11.0;4.35795971;SELL
2016-03-26T03:48:30.000000;2016-03-26T03:48:30.103000;ad11a9b8-639f-459c-8a90-79282418bad7;11.0;0.44952;SELL
2016-03-26T03:48:30.000000;2016-03-26T03:48:31.003000;1b39742c-854e-4e89-bd2a-294cdb7b0636;11.0;4.35795971;SELL
2016-03-26T03:48:36.000000;2016-03-26T03:48:36.710000;8a245224-8ef3-41d4-aa29-711ba36bae1a;11.0;29.81663129;SELL
2016-03-26T03:48:38.000000;2016-03-26T03:48:38.350000;3d536b17-a556-4168-b13f-7b91b9b4cab3;11.0;4.35826463;SELL
2016-03-26T03:48:40.000000;2016-03-26T03:48:40.107000;db679d61-1eaa-4fd7-9531-654451c7c4d4;11.0;29.81436335;SELL
2016-03-26T03:48:41.000000;2016-03-26T03:48:41.337000;b310e9ff-3a16-4d8a-b54a-58a995a94ef2;11.0;2.98018952;SELL
2016-03-26T03:48:42.000000;2016-03-26T03:48:42.060000;a9dcbb76-b4d0-47b3-a441-5a938ca0de98;11.0;21.34;SELL
2016-03-26T03:48:43.000000;2016-03-26T03:48:43.447000;a54a4718-928f-4b40-8355-e085a43414f7;11.0;2.456453;SELL
2016-03-26T03:48:43.000000;2016-03-26T03:48:43.927000;1103417b-d8c7-4f24-8d1f-ff4eae6759bd;11.0;7.09;SELL
2016-03-26T03:48:44.000000;2016-03-26T03:48:44.983000;8bf72f79-0fdb-4d05-8fae-d4637c2d6bfb;11.0;4.35826463;SELL
2016-03-26T03:48:45.000000;2016-03-26T03:48:45.150000;13381770-e6fe-4538-855e-8a1733142c62;11.0;3.11852228;SELL
2016-03-26T03:48:45.000000;2016-03-26T03:48:45.520000;d64f5cf0-0ebe-4578-aa1b-c5d5df66f3da;11.0;5.35584107;SELL
2016-03-26T03:48:46.000000;2016-03-26T03:48:46.790000;9f2b7a55-ead4-4a1e-9c93-0de368cbd68e;11.0;7.09067965;SELL
2016-03-26T03:48:47.000000;2016-03-26T03:48:47.313000;8b9e0a06-483f-4008-9f15-dde759ceaa0e;11.0;0.67185704;SELL
2016-03-26T04:02:25.000000;2016-03-26T04:02:25.243000;604e6520-0c1e-4fc7-b98c-1714ad12582f;10.981;2.5025025;BUY
2016-03-26T04:02:43.000000;2016-03-26T04:02:43.633000;1fa9396a-6729-4519-a0a0-f50e5b6fa660;10.981;4.58817715;BUY
2016-03-26T04:02:43.000000;2016-03-26T04:02:43.643000;85f33aad-b163-476b-8587-064d0c94f248;10.983;5.42183286;BUY
2016-03-26T04:03:03.000000;2016-03-26T04:03:03.867000;ffe4a7ca-5e27-426e-9d54-c06f1f00bf09;10.98;2.34070383;BUY
2016-03-26T04:11:27.000000;2016-03-26T04:11:27.597000;d7870b01-1ec7-4e4e-b396-f516fcba5847;11.014;4.823514;BUY
2016-03-26T04:13:52.000000;2016-03-26T04:13:52.440000;7268ccdc-fc17-4401-a10c-f799304368aa;10.983;3.38402018;SELL
2016-03-26T04:13:52.000000;2016-03-26T04:13:52.827000;433bfbff-4086-4f8c-aec3-0008fb5aaec0;10.983;2.22306531;SELL
2016-03-26T04:15:25.000000;2016-03-26T04:15:25.523000;8923887e-3e05-44b2-b950-0df7ffe21979;10.983;1.0;SELL
2016-03-26T04:15:35.000000;2016-03-26T04:15:35.407000;126cdf04-fb98-4a37-b2b7-f63ec559ba26;10.983;1.453111;SELL
2016-03-26T04:16:16.000000;2016-03-26T04:16:16.067000;0481f26e-19c9-4dcf-ab74-d188255de25e;10.966;1.0;SELL
2016-03-26T04:16:21.000000;2016-03-26T04:16:21.900000;428931e2-64b6-4338-a615-a9694241aa44;10.966;9.0401744;SELL
2016-03-26T05:05:16.000000;2016-03-26T05:05:16.747000;9e470801-3b59-4699-96df-c495bf4ca0b2;10.96;3.44607048;SELL
2016-03-26T05:20:17.000000;2016-03-26T05:20:17.400000;7bb6514f-c390-4c02-9324-85d208571dcc;10.96;1.55392952;SELL
2016-03-26T05:22:00.000000;2016-03-26T05:22:00.570000;b6884411-de68-462c-8d67-29ed18b35a88;10.92;1.0;SELL
2016-03-26T05:22:07.000000;2016-03-26T05:22:07.860000;629a2cc5-e4ca-4e66-898c-dd69cb4d63de;10.877;2.458462;SELL
2016-03-26T05:22:07.000000;2016-03-26T05:22:07.870000;8bd41b63-e96a-45d9-b54a-7a0d9035974d;10.871;19.1852;SELL
2016-03-26T05:22:07.000000;2016-03-26T05:22:07.880000;13e06e8d-02cd-4985-9418-bbcdf5d9a71b;10.858;2.03203203;SELL
2016-03-26T05:22:07.000000;2016-03-26T05:22:07.907000;926798f7-95ea-497a-aa1a-d31d28dad5da;10.851;3.3;SELL
2016-03-26T05:22:07.000000;2016-03-26T05:22:07.907000;0f7fdab7-f320-4c4d-89fc-ddf15aefda55;10.85;100.0461;SELL
2016-03-26T05:22:07.000000;2016-03-26T05:22:07.907000;91ed12db-3002-4fb5-8158-0419311abc58;10.78;8.925652;SELL
2016-03-26T05:22:07.000000;2016-03-26T05:22:07.907000;48ae01cb-0eda-41be-9bfd-3e5461825136;10.779;2.5;SELL
2016-03-26T05:22:07.000000;2016-03-26T05:22:07.907000;8d224e0d-53d1-4d4c-b09f-b9ec0d2fe323;10.779;9.901158;SELL
2016-03-26T05:22:07.000000;2016-03-26T05:22:07.943000;74e83bec-60b1-4c9f-a31d-8c4b523f9b3d;10.777;5.0;SELL
2016-03-26T05:22:07.000000;2016-03-26T05:22:07.943000;2044ea66-f229-4b4d-9803-8b2a63c38e5f;10.711;20.32101745;SELL
2016-03-26T05:29:35.000000;2016-03-26T05:29:35.460000;13a8b3a2-fca2-491a-b75a-37b787316201;10.878;1.0;BUY
2016-03-26T05:29:54.000000;2016-03-26T05:29:54.803000;51490a8a-af4a-4d86-95b4-4b19de426874;10.877;1.0;BUY
2016-03-26T05:47:57.000000;2016-03-26T05:47:57.840000;6a25355a-843d-468b-bffb-d29fa0ef1a5f;10.888;3.5;BUY
2016-03-26T05:47:57.000000;2016-03-26T05:47:57.857000;1a333798-7dbf-412a-a889-f41c0307b6b9;10.888;2.1;BUY
2016-03-26T05:47:57.000000;2016-03-26T05:47:57.860000;e8f97307-0e06-4534-8432-8015afddd31e;10.889;0.00708549;BUY
2016-03-26T06:00:21.000000;2016-03-26T06:00:21.090000;a1b0af93-622c-4f65-a5b8-b92874573262;10.904;0.5194;BUY
2016-03-26T06:02:13.000000;2016-03-26T06:02:13.213000;a02c381a-c432-4e33-a245-c10b9ff7a178;10.796;0.71817484;SELL
2016-03-26T06:25:24.000000;2016-03-26T06:25:24.487000;f8e290e4-32b6-4a97-ab24-83d09730dc27;10.891;46.53366927;SELL
2016-03-26T06:33:36.000000;2016-03-26T06:33:36.813000;6447e2d8-cc4c-4dd0-b017-c9ae21140595;10.943;1.49;BUY
2016-03-26T06:33:36.000000;2016-03-26T06:33:36.820000;2ed1a3a5-6e4a-422d-94d2-8389924ec9ce;10.943;37.92169517;BUY
2016-03-26T08:01:07.000000;2016-03-26T08:01:07.570000;1635f7dc-2d2b-4adc-9036-276f23700efa;10.948;0.5;BUY
2016-03-26T08:16:07.000000;2016-03-26T08:16:07.587000;59880ce2-7875-4d92-89a0-862a5ed1ec97;10.95;1.28288288;BUY
2016-03-26T08:16:07.000000;2016-03-26T08:16:07.627000;f8b07ced-c3dc-44aa-820c-c308e754d5bb;10.95;5.61711712;BUY
2016-03-26T08:43:42.000000;2016-03-26T08:43:42.903000;a593bc2f-2c54-46c2-aa57-4bbfee6ef9de;10.9;10.0;SELL
2016-03-26T09:08:19.000000;2016-03-26T09:08:19.500000;007e58b4-3fff-47ae-a0a5-ee88887010ed;10.96;1.0;BUY
2016-03-26T09:08:53.000000;2016-03-26T09:08:53.690000;2690b81a-4fa6-427b-9fe9-a72589fce2d0;10.96;0.1;BUY
2016-03-26T09:09:09.000000;2016-03-26T09:09:09.657000;5533e87e-63ad-4603-afce-95607f40d4ff;10.96;0.89459459;BUY
2016-03-26T09:29:11.000000;2016-03-26T09:29:11.687000;90d91632-1057-45c9-96f2-57d047ef03e6;10.922;4.5;SELL
2016-03-26T09:29:11.000000;2016-03-26T09:29:11.697000;7dd7b997-5341-44d0-9679-73b0cf83fb4c;10.921;0.5;SELL
2016-03-26T09:46:48.000000;2016-03-26T09:46:48.930000;887b4a1c-8192-495b-a930-1c006f6bcbe4;10.959;4.5;BUY
2016-03-26T10:26:53.000000;2016-03-26T10:26:53.423000;276e113a-c4ee-4754-9f1e-bc03515a99c3;10.959;5.5;SELL
2016-03-26T10:32:39.000000;2016-03-26T10:32:39.420000;c83ea89b-c5b8-4d4f-b761-8b51dfc3986e;10.9;8.888;SELL
2016-03-26T10:34:15.000000;2016-03-26T10:34:15.170000;1120c78c-b179-419c-87e8-ea7af7734ccf;10.9;4.14869002;SELL
2016-03-26T10:34:19.000000;2016-03-26T10:34:19.180000;1a1bb03d-b493-474b-94b1-f1057260efc6;10.9;4.14869002;SELL
2016-03-26T10:34:22.000000;2016-03-26T10:34:22.187000;f076a774-ffda-4b52-aca4-d64af72fe1c6;10.9;4.14869002;SELL
2016-03-26T10:34:25.000000;2016-03-26T10:34:25.213000;00cf475d-42c9-44ad-9585-8dba8996f820;10.9;4.14869002;SELL
2016-03-26T10:34:28.000000;2016-03-26T10:34:28.047000;3aebcbbd-6204-433a-a7aa-6054b8eb44b0;10.9;4.14869002;SELL
2016-03-26T10:34:31.000000;2016-03-26T10:34:31.310000;01881699-fc87-4584-8a0e-19cdd3a7a6dd;10.9;4.14869002;SELL
2016-03-26T10:34:34.000000;2016-03-26T10:34:34.350000;c957e1d9-e35a-47bc-b98d-1f860ac7ae95;10.9;4.14869002;SELL
2016-03-26T10:34:37.000000;2016-03-26T10:34:37.340000;0a24be50-fe08-4551-9062-88b2b7ce3b1d;10.9;4.14869002;SELL
2016-03-26T10:34:38.000000;2016-03-26T10:34:39.040000;65d45e5d-0d6d-49a8-8b11-5b6f9eacdfbb;10.9;8.77393203;SELL
2016-03-26T10:34:40.000000;2016-03-26T10:34:41.067000;46b968ba-3e6a-4912-8eb3-bf16320d4ae5;10.9;1.87334781;SELL
2016-03-26T10:53:39.000000;2016-03-26T10:53:39.627000;dbe429e1-b9e3-4f0f-8cab-5db72ba7581a;10.85;15.38344679;SELL
2016-03-26T10:56:01.000000;2016-03-26T10:56:01.933000;0e6a720e-3ec3-4c63-9287-db87931f47f3;10.85;5.1046875;SELL
2016-03-26T11:05:26.000000;2016-03-26T11:05:26.360000;2d6603e2-6ec4-4746-9d1f-bcaacc6e1e6e;10.85;26.52619902;SELL
2016-03-26T11:05:27.000000;2016-03-26T11:05:27.977000;27c4a59a-4f06-40e2-adfb-e89442e875a5;10.85;2.98566669;SELL
2016-03-26T11:05:40.000000;2016-03-26T11:05:40.117000;407acfd3-14fc-4f60-9e68-72baebd92dc1;10.85;2.32;SELL
2016-03-26T11:05:47.000000;2016-03-26T11:05:47.440000;85b46b36-012e-4962-9007-5edfe1a3d9a5;10.85;5.44180098;SELL
2016-03-26T11:06:25.000000;2016-03-26T11:06:25.380000;0d5071a4-f8c4-4c81-994e-ac1c523aca90;10.85;10.03004854;SELL
2016-03-26T11:06:37.000000;2016-03-26T11:06:37.823000;87c913a8-1a75-4bd4-92d5-76ed06af4c0f;10.85;5.9998941;SELL
2016-03-26T11:06:39.000000;2016-03-26T11:06:39.607000;a134d223-2de0-40d0-af77-bdfaa60dcede;10.85;21.20825638;SELL
2016-03-26T11:06:40.000000;2016-03-26T11:06:40.863000;c1411735-edbb-43d3-8509-38f436344193;10.801;4.01865177;SELL
2016-03-26T11:06:40.000000;2016-03-26T11:06:40.873000;77e3875e-fa29-4893-a334-3a9378341f7e;10.8;1.29929087;SELL
2016-03-26T11:08:21.000000;2016-03-26T11:08:21.833000;d449af1e-8eaa-4ca1-b369-641253c63a26;10.8;18.54581015;SELL
2016-03-26T11:11:23.000000;2016-03-26T11:11:23.743000;85617631-924b-4e0f-b18b-a7a8e60c0a2d;10.8;10.15489898;SELL
2016-03-26T11:11:50.000000;2016-03-26T11:11:50.297000;cc140138-fc62-42f5-840c-eeeef91eaced;10.76;50.0;SELL
2016-03-26T11:15:47.000000;2016-03-26T11:15:47.487000;acd94c9d-7dd6-49fe-a21c-a67e611e197c;10.75;1.5831;BUY
2016-03-26T11:16:16.000000;2016-03-26T11:16:16.677000;03a8336d-2f7b-4e71-b1da-49f8503eca33;10.75;0.2374;BUY
2016-03-26T11:51:03.000000;2016-03-26T11:51:04.003000;e2fbf430-54b9-4356-81b9-42689832d8ec;10.771;10.0;BUY
2016-03-26T11:57:48.000000;2016-03-26T11:57:48.487000;9b5e84c6-3a54-49d2-ac7c-a09ee0964253;10.722;11.049292;SELL
2016-03-26T12:05:28.000000;2016-03-26T12:05:28.177000;ed8d6bdf-b5b7-4d25-af5f-438c1c346899;10.725;2.31;SELL
2016-03-26T12:23:48.000000;2016-03-26T12:23:48.647000;c7a31141-a493-4fc5-9558-d9872a6f1016;10.747;40.13000627;BUY
2016-03-26T12:23:48.000000;2016-03-26T12:23:49.027000;39514220-0098-4bb9-bc03-3964cab0dd8d;10.747;34.38299373;SELL
2016-03-26T12:31:16.000000;2016-03-26T12:31:16.853000;ade84426-79d8-43f1-a248-e47311eb355a;10.73;1.86895369;SELL
2016-03-26T12:31:33.000000;2016-03-26T12:31:33.590000;09f92e14-35ab-4cfc-b9d9-786e4991fc33;10.73;0.40732613;SELL
2016-03-26T12:31:36.000000;2016-03-26T12:31:36.713000;864ab1b6-3c67-4805-bc1d-f5cba7cebe68;10.73;0.40732613;SELL
2016-03-26T12:34:13.000000;2016-03-26T12:34:13.150000;4b7dd0a0-7b08-4af1-b6e5-58e338193fab;10.73;22.8098711;SELL
2016-03-26T12:34:13.000000;2016-03-26T12:34:13.187000;cde80b28-44dc-4470-871c-4129f7f697d9;10.73;24.50652295;SELL
2016-03-26T12:34:20.000000;2016-03-26T12:34:20.223000;493ec72c-e3d8-4bc8-9e0f-145048da999f;10.7;4.82096609;SELL
2016-03-26T12:34:26.000000;2016-03-26T12:34:26.317000;06d57018-f7d0-4f58-82fc-5052556b4a39;10.7;22.51;SELL
2016-03-26T12:34:26.000000;2016-03-26T12:34:26.610000;d7e54ccf-204d-42f5-b448-4b9bcb748b57;10.7;4.82096609;SELL
2016-03-26T12:34:30.000000;2016-03-26T12:34:30.367000;7dbabc51-4631-4652-a321-fd367d805a77;10.7;4.82096609;SELL
2016-03-26T12:34:34.000000;2016-03-26T12:34:34.683000;2642fdba-9f2b-4bab-823a-f4bf8d78f35f;10.7;4.82096609;SELL
2016-03-26T12:34:37.000000;2016-03-26T12:34:37.940000;184da445-c36b-4936-912f-1521100614df;10.7;4.82096609;SELL
2016-03-26T12:34:41.000000;2016-03-26T12:34:41.823000;303e97dd-7d7a-430c-a61f-269a572f95f2;10.7;3.38516955;SELL
2016-03-26T12:35:01.000000;2016-03-26T12:35:01.453000;5a263bbb-d448-4f4a-997e-4b59a56aa60e;10.634;3.3;SELL
2016-03-26T12:41:06.000000;2016-03-26T12:41:06.360000;fdfd70be-c1d8-469d-bb6e-c9bd6f4a4d10;10.631;0.24;SELL
2016-03-26T12:43:18.000000;2016-03-26T12:43:18.933000;1041144e-c50d-4c66-9534-d022970c80da;10.631;0.545643;SELL
2016-03-26T12:43:18.000000;2016-03-26T12:43:18.943000;4e794a52-82da-4991-841e-51119e8f54a6;10.63;6.214357;SELL
2016-03-26T12:59:53.000000;2016-03-26T12:59:53.127000;300f51a0-ffc8-4d5a-8157-98149c12f415;10.699;5.1031;BUY
2016-03-26T13:06:12.000000;2016-03-26T13:06:12.123000;a390c992-f10c-456a-8b07-25e3c60be210;10.644;0.1;SELL
2016-03-26T13:06:12.000000;2016-03-26T13:06:12.130000;49cf69ea-16d5-4158-983d-d6c7d6101fdb;10.643;0.9;SELL
2016-03-26T13:06:59.000000;2016-03-26T13:06:59.667000;e186c3c1-7941-4f45-81f0-55f0c5ad27e2;10.643;0.75692;SELL
2016-03-26T13:07:33.000000;2016-03-26T13:07:33.200000;23d60ade-9fb3-41af-b349-4c42407fc6f5;10.643;0.68131;SELL
2016-03-26T13:08:06.000000;2016-03-26T13:08:06.783000;c14868c5-602c-4536-934e-4c563f92c5c8;10.643;0.61325;SELL
2016-03-26T13:08:40.000000;2016-03-26T13:08:40.313000;f83fe261-0c6d-4fdd-8815-0f9d50254215;10.643;0.55198;SELL
2016-03-26T13:09:14.000000;2016-03-26T13:09:14.177000;4b11e8a7-ce44-481d-a11b-d25c11c6f40a;10.643;0.49683999;SELL
2016-03-26T13:11:00.000000;2016-03-26T13:11:00.630000;e72a7ea9-ad83-4af5-851e-efedf0c979ce;10.699;1.336;BUY
2016-03-26T13:11:01.000000;2016-03-26T13:11:01.970000;85d14ca2-5e60-492a-bd69-46341dd0239c;10.698;0.1;BUY
2016-03-26T13:11:01.000000;2016-03-26T13:11:01.983000;5640522d-e4ee-4a95-a9be-fc14a546f8eb;10.699;2.89978561;BUY
2016-03-26T13:12:24.000000;2016-03-26T13:12:24.417000;4a8f5885-cdde-4354-9292-4a2611f5f761;10.653;0.4472;SELL
2016-03-26T13:13:07.000000;2016-03-26T13:13:07.400000;7103cff1-accb-4078-b2ed-772dcf07f726;10.654;0.40253;BUY
2016-03-26T13:13:31.000000;2016-03-26T13:13:31.660000;70f62751-fa88-4812-a123-8e03ecc837f7;10.659;0.36232;SELL
2016-03-26T13:14:05.000000;2016-03-26T13:14:05.347000;b262c384-eb0c-4476-9dca-d4c5a7a72202;10.664;0.32612;SELL
2016-03-26T13:14:38.000000;2016-03-26T13:14:38.903000;033ed4ee-2d24-4371-ac27-e18bf96e55f4;10.673;0.29353999;SELL
2016-03-26T13:15:15.000000;2016-03-26T13:15:15.103000;08ac54e7-a851-45ec-ad37-20598bee60b7;10.673;0.2246;BUY
2016-03-26T13:15:28.000000;2016-03-26T13:15:28.860000;6f9700fb-ea42-4460-b04c-22cca603373a;10.673;0.03961999;BUY
2016-03-26T13:15:49.000000;2016-03-26T13:15:49.833000;9ee5bbfb-c0c5-40e9-b307-882ec37648ba;10.673;0.23782;BUY
2016-03-26T13:16:19.000000;2016-03-26T13:16:19.993000;431f5103-db4b-49ea-abc8-caea4a41ffd9;10.672;0.21406;SELL
2016-03-26T13:16:53.000000;2016-03-26T13:16:53.523000;37b2e068-ee26-4de9-b2b9-3af391c8333c;10.672;0.19268;SELL
2016-03-26T13:17:27.000000;2016-03-26T13:17:27.077000;63411203-30d1-4a68-baa2-c31e43f3b57e;10.672;0.17343;SELL
2016-03-26T13:19:00.000000;2016-03-26T13:19:00.140000;31aa81be-8a12-4b7a-9e78-e531954c8ded;10.672;0.15609999;SELL
2016-03-26T13:19:33.000000;2016-03-26T13:19:33.707000;f90b3357-febc-4cf0-90fc-cc9a5e4853f7;10.672;0.14051;SELL
2016-03-26T13:19:53.000000;2016-03-26T13:19:53.867000;62ae772a-b596-418b-ad44-76d68ab7f77e;10.7;3.38516955;BUY
2016-03-26T13:19:53.000000;2016-03-26T13:19:53.877000;4cee826e-f4ab-4749-9211-23426ac9db03;10.7;36.86758226;BUY
2016-03-26T13:19:54.000000;2016-03-26T13:19:55.040000;7ddd1f35-1150-40ae-8126-495c6aa38d6d;10.72;11.57244673;BUY
2016-03-26T13:19:54.000000;2016-03-26T13:19:55.087000;7b7fe799-42ae-435e-99ab-e769708073ce;10.72;1.50944957;BUY
2016-03-26T13:19:55.000000;2016-03-26T13:19:55.893000;1f528b22-0c62-45d8-b00a-a194fba09323;10.72;1.91735474;BUY
2016-03-26T13:19:57.000000;2016-03-26T13:19:57.930000;ceb601c0-0bd6-4508-ac3c-90f631181cff;10.72;7.81062006;BUY
2016-03-26T13:19:57.000000;2016-03-26T13:19:57.937000;43506586-52de-4777-9d03-3f542eb69427;10.72;6.88909959;BUY
2016-03-26T13:19:58.000000;2016-03-26T13:19:58.903000;630424d6-caac-48b6-9b06-ac3b5db69d38;10.719;1.3;BUY
2016-03-26T13:19:58.000000;2016-03-26T13:19:58.910000;17853b3c-ff29-4629-a5ec-0b705b53d6a8;10.72;4.00409341;BUY
2016-03-26T13:19:58.000000;2016-03-26T13:19:58.913000;28a29c02-fd80-4898-94e5-9b4cb1877a45;10.72;15.1299871;BUY
2016-03-26T13:19:58.000000;2016-03-26T13:19:58.950000;49b56808-8a8d-4437-bd2d-3b6daca539ae;10.72;2.66531485;BUY
2016-03-26T13:20:00.000000;2016-03-26T13:20:00.203000;c046830e-d6fc-4de5-a7fa-ea7a54e4f207;10.72;2.85164686;BUY
2016-03-26T13:20:00.000000;2016-03-26T13:20:00.217000;70e9a850-34df-497f-a9a0-b0fdae415882;10.72;21.86262587;BUY
2016-03-26T13:20:02.000000;2016-03-26T13:20:02.790000;18a5b20c-46bd-4b53-8496-6bf4297d451d;10.72;0.44224825;BUY
2016-03-26T13:20:02.000000;2016-03-26T13:20:02.817000;fff175cb-921a-4731-ae3a-b16baa1fd282;10.72;3.39056989;BUY
2016-03-26T13:20:03.000000;2016-03-26T13:20:03.467000;46d3b874-d371-4db6-87d9-d3e8ed993109;10.72;37.48400151;BUY
2016-03-26T13:20:03.000000;2016-03-26T13:20:03.563000;c63b391a-bbf6-4564-ad21-30f4a6e2f811;10.72;4.88921759;BUY
2016-03-26T13:20:06.000000;2016-03-26T13:20:06.497000;aa0a80e9-c53f-4603-978e-6b16e2da1dc7;10.72;26.96160208;BUY
2016-03-26T13:20:07.000000;2016-03-26T13:20:07.263000;107a5179-21f2-4f46-8a4e-6ac27c044737;10.704;0.12646999;SELL
2016-03-26T13:20:40.000000;2016-03-26T13:20:40.847000;8d077ee8-504e-485c-b2fb-c9705796bf54;10.709;0.11384;SELL
2016-03-26T13:21:14.000000;2016-03-26T13:21:14.320000;f7e17b14-7e3b-4a66-8718-cba571dc9dac;10.709;0.10247;SELL
2016-03-26T13:24:38.000000;2016-03-26T13:24:38.383000;55b2f5b1-09ed-46d9-a99b-1373b764b31c;10.759;0.15489898;BUY
2016-03-26T13:24:46.000000;2016-03-26T13:24:46.627000;fb4f2994-10c9-4810-bb84-0645499fad0a;10.759;1.333;SELL
2016-03-26T13:24:58.000000;2016-03-26T13:24:58.097000;90a1020c-ba1b-44c6-a398-88ba326c181b;10.759;0.51210102;SELL
2016-03-26T13:34:57.000000;2016-03-26T13:34:57.133000;9c93ed5e-5db2-42b8-8ebb-5b4061ae2051;10.714;2.88243775;SELL
2016-03-26T13:40:40.000000;2016-03-26T13:40:40.560000;fec13e09-a553-48be-9607-0d18862c7db6;10.63;5.0;SELL
2016-03-26T13:42:28.000000;2016-03-26T13:42:28.613000;3bf634fc-fb40-46d8-8dee-a9d797ca1cf9;10.63;27.11360565;SELL
2016-03-26T13:42:29.000000;2016-03-26T13:42:29.237000;336c458f-7cde-46fa-aed2-a6d1722bcb5c;10.63;2.529387;SELL
2016-03-26T13:42:29.000000;2016-03-26T13:42:29.703000;364657b4-f8cd-4ac2-b7ee-63473ffd7bff;10.63;9.14265035;SELL
2016-03-26T13:42:32.000000;2016-03-26T13:42:32.747000;a5818890-ff11-4c32-9198-4948bd5000d7;10.581;0.85734965;SELL
2016-03-26T13:44:04.000000;2016-03-26T13:44:04.923000;64c1c5d0-04aa-4cf1-a9f5-bfe91ba0a26e;10.58;1.81799658;SELL
2016-03-26T13:52:16.000000;2016-03-26T13:52:16.703000;6f4785c0-8b3b-4abe-ba0c-a752f9bf097c;10.616;0.91795923;SELL
2016-03-26T13:54:49.000000;2016-03-26T13:54:49.540000;6cc768eb-38b0-47b7-96a7-1bf4c4eeac88;10.671;3.42712713;BUY
2016-03-26T13:58:07.000000;2016-03-26T13:58:07.773000;6100deac-87fc-43d9-bb7c-6e52b5bc2f13;10.671;30.3872;BUY
2016-03-26T14:15:04.000000;2016-03-26T14:15:04.583000;c91bcde6-6ffe-47dd-87cc-52546f2e9821;10.669;38.84177693;BUY
2016-03-26T14:31:27.000000;2016-03-26T14:31:27.293000;35f24e50-7a11-43c9-a8d1-69c0dbc6157a;10.695;32.426;BUY
2016-03-26T14:42:55.000000;2016-03-26T14:42:55.430000;d78e405c-72ed-4f1d-87a1-9128c1e3b23d;10.74;7.0;BUY
2016-03-26T14:42:55.000000;2016-03-26T14:42:55.443000;5a03f8f8-24b1-42a9-976c-db8ed032c5f8;10.75;20.0;BUY
2016-03-26T14:43:42.000000;2016-03-26T14:43:42.580000;2a3278af-910c-47d1-bc8b-2dc322bd1e2d;10.77;1.01202303;BUY
2016-03-26T14:45:02.000000;2016-03-26T14:45:03.027000;faa3bd1b-980a-4c8a-8a66-27ee241d05bd;10.77;0.7184;BUY
2016-03-26T14:45:43.000000;2016-03-26T14:45:44.003000;7155c541-b219-4e64-84de-6abebec12c45;10.77;8.26957668;BUY
2016-03-26T14:51:45.000000;2016-03-26T14:51:45.457000;d74638c6-a44b-43c4-9f5f-409d809c7ebd;10.79;3.00900901;BUY
2016-03-26T14:53:12.000000;2016-03-26T14:53:12.313000;f77e9a77-5a33-43a9-9731-dbe12feabbbc;10.79;3.00900901;BUY
2016-03-26T14:58:46.000000;2016-03-26T14:58:46.243000;4934ab79-67f7-44a9-8879-1929855a1524;10.79;13.98198198;BUY
2016-03-26T14:58:46.000000;2016-03-26T14:58:46.257000;533e0ee1-6474-42d2-b474-4f9ffe1a0f3a;10.79;1.76944368;BUY
2016-03-26T14:58:49.000000;2016-03-26T14:58:49.980000;ba5c53f8-ee0e-4ac7-ae77-d941951883ae;10.79;9.93671811;BUY
2016-03-26T14:58:52.000000;2016-03-26T14:58:52.987000;421f0ff8-2ba2-41fe-86e7-cb2c3edbce3f;10.79;8.29383821;BUY
2016-03-26T14:58:53.000000;2016-03-26T14:58:53.637000;57e9771d-488e-4405-8325-fb15cc6c5fa3;10.822;17.2918;BUY
2016-03-26T15:20:04.000000;2016-03-26T15:20:05.530000;3f078a58-fdcc-4956-b075-46336241c20b;10.753;0.7169;SELL
2016-03-26T15:20:43.000000;2016-03-26T15:20:43.540000;488ee452-4fda-4cd0-8b7e-9bfc99181998;10.838;0.4;BUY
2016-03-26T15:20:43.000000;2016-03-26T15:20:43.557000;ebf233b3-afaf-4c7a-a2a2-631eac06355c;10.838;0.3;BUY
2016-03-26T15:20:43.000000;2016-03-26T15:20:43.557000;c5dd7deb-503f-4961-9cc3-cd224b0817b0;10.839;12.9166704;BUY
2016-03-26T15:20:43.000000;2016-03-26T15:20:43.593000;6dd9a5cd-062c-446f-9dbf-0d05e73ea82f;10.84;1.1852;BUY
2016-03-26T15:20:43.000000;2016-03-26T15:20:43.593000;fdc3632c-28cf-46a9-a2ba-883cb73c2043;10.85;17.17928586;BUY
2016-03-26T15:20:43.000000;2016-03-26T15:20:43.593000;14796e46-8321-4062-8489-adb14d081ee6;10.851;2.432702;BUY
2016-03-26T15:20:43.000000;2016-03-26T15:20:43.593000;c9953a15-2c8b-4675-8971-c41349063708;10.87;0.48297398;BUY
2016-03-26T15:20:43.000000;2016-03-26T15:20:43.593000;db6e50e8-7327-4fdc-bba0-0c4cafcde677;10.878;45.0;BUY
2016-03-26T15:20:43.000000;2016-03-26T15:20:43.593000;c4c0c8af-e7db-4e5e-907b-3ada0a8efa09;10.878;8.343599;BUY
2016-03-26T15:20:43.000000;2016-03-26T15:20:43.597000;729d8ff2-2a4e-471e-9f70-d7cf15b795df;10.88;20.0;BUY
2016-03-26T15:20:43.000000;2016-03-26T15:20:43.630000;3b7d4c77-38bc-41af-a3fc-d3b56a5effcd;10.88;20.0;BUY
2016-03-26T15:20:43.000000;2016-03-26T15:20:43.633000;4cffdd0d-3888-42cb-b92f-749e82640170;10.889;5.09295397;BUY
2016-03-26T15:20:43.000000;2016-03-26T15:20:43.633000;91cdc8ed-052e-4469-b7f0-21685b9c848e;10.906;0.3503;BUY
2016-03-26T15:20:43.000000;2016-03-26T15:20:43.647000;12787f69-7797-425b-b2af-e2cf75c383d5;10.919;68.17914113;BUY
2016-03-26T15:54:23.000000;2016-03-26T15:54:23.917000;5a764306-ff46-4c16-8035-3098fef1be62;10.754;2.8208903;SELL
2016-03-26T15:55:35.000000;2016-03-26T15:55:35.450000;38f102c2-7017-4cc3-a95b-f697589119c7;10.755;0.2;SELL
2016-03-26T15:55:35.000000;2016-03-26T15:55:35.457000;01652c44-baa3-4203-ae3a-0e6407c7f1e1;10.754;2.30993241;SELL
2016-03-26T15:56:06.000000;2016-03-26T15:56:06.230000;79400068-ef45-4d8c-b747-3218355b58b4;10.754;0.91223215;SELL
2016-03-26T15:56:48.000000;2016-03-26T15:56:48.293000;8669535e-bc54-4fe6-b46a-57af970cbd36;10.754;0.72978572;SELL
2016-03-26T15:57:40.000000;2016-03-26T15:57:40.530000;c0e43821-60f8-4cb4-a2d8-fb4ff8b3267c;10.754;2.91928338;SELL
2016-03-26T15:58:19.000000;2016-03-26T15:58:19.407000;ffae8178-cfcb-468b-8640-e80ad466a730;10.754;2.4606257;SELL
2016-03-26T15:59:15.000000;2016-03-26T15:59:15.677000;dff75e47-61f0-47b1-a0e7-8f5dae17d8bc;10.756;2.47565667;SELL
2016-03-26T15:59:48.000000;2016-03-26T15:59:48.587000;b6a979ec-7f18-4365-afb7-a0b2f65aff40;10.89;14.45245245;BUY
2016-03-26T16:00:00.000000;2016-03-26T16:00:00.900000;bab276c9-4863-4007-8e20-9950c1f8e4a3;10.832;0.99954433;SELL
2016-03-26T16:00:00.000000;2016-03-26T16:00:00.913000;892b88df-e0f4-4d47-a901-54f7e869928b;10.831;0.00709498;SELL
2016-03-26T16:00:05.000000;2016-03-26T16:00:06.037000;09e6ac02-2e59-47f6-969d-06af2fc61717;10.889;0.2;BUY
2016-03-26T16:00:05.000000;2016-03-26T16:00:06.040000;96e9a662-89af-43dd-bfb0-55e4b81509ee;10.89;15.06206977;BUY
2016-03-26T16:00:22.000000;2016-03-26T16:00:22.607000;a3eb616c-2d02-4382-8b21-4f78e8d954f6;10.89;0.48547778;BUY
2016-03-26T16:01:35.000000;2016-03-26T16:01:35.430000;1ab1621f-6616-4035-98c2-0c9eedcf147e;10.96;1.90540541;BUY
2016-03-26T16:01:35.000000;2016-03-26T16:01:35.443000;31cf48d1-2ac2-4db0-ac8a-b80f381add55;10.97;3.9;BUY
2016-03-26T16:01:35.000000;2016-03-26T16:01:35.453000;73e3fab4-01b6-4e1e-a74b-259223084131;10.98;3.9;BUY
2016-03-26T16:01:59.000000;2016-03-26T16:01:59.877000;3aa57ab4-dd1a-4ff1-a175-7b880acabcd8;10.99;3.9;BUY
2016-03-26T16:01:59.000000;2016-03-26T16:01:59.907000;35c2a3bd-2a96-4c53-95e8-2c58390782f2;11.0;3.9;BUY
2016-03-26T16:01:59.000000;2016-03-26T16:01:59.913000;4b67e367-ec44-4179-af57-fa6c6833dbe5;11.0;22.32608234;BUY
2016-03-26T16:03:28.000000;2016-03-26T16:03:28.917000;699c5108-0c09-45bf-99a3-c08616e47504;10.982;4.46928108;SELL
2016-03-26T16:03:29.000000;2016-03-26T16:03:29.223000;a7018f01-23cc-46be-aaf0-bc2c04a49038;11.0;4.45519463;BUY
2016-03-26T16:04:27.000000;2016-03-26T16:04:27.377000;d3e6560a-2158-4f83-a7c5-27156fa15eb8;10.972;0.440924;SELL
2016-03-26T16:04:27.000000;2016-03-26T16:04:27.437000;d7817004-24b0-4f76-8e38-6621b687c6b3;11.0;0.43913404;BUY
2016-03-26T16:05:01.000000;2016-03-26T16:05:01.390000;ebf49f44-fabb-4190-bb0f-cdcd381cfa4d;11.0;3.10601459;BUY
2016-03-26T16:05:01.000000;2016-03-26T16:05:01.393000;65f1e49e-f915-4cb4-bc18-0bba28e1d684;11.0;41.59628541;BUY
2016-03-26T16:10:48.000000;2016-03-26T16:10:48.560000;2efd0ebd-6488-4816-8cf9-c772f330ca9e;11.0;8.0;BUY
2016-03-26T16:25:23.000000;2016-03-26T16:25:23.070000;77bf54fe-990c-408b-8cd8-9c25ea490c31;10.95;4.5662;SELL
2016-03-26T16:25:23.000000;2016-03-26T16:25:23.083000;410fff8d-762b-44de-aeeb-eefd25676110;10.936;9.040112;SELL
2016-03-26T16:25:23.000000;2016-03-26T16:25:23.090000;d24d595f-f6f5-4af6-a762-a308ccaf1cd8;10.932;4.473912;SELL
2016-03-26T16:25:23.000000;2016-03-26T16:25:23.910000;b2106c54-cd1a-42c9-bfd1-3189466b8bc1;10.932;4.5662;SELL
2016-03-26T16:25:27.000000;2016-03-26T16:25:27.183000;734b40f1-1ca5-433e-9734-eee57b83efcb;10.911;4.19693282;SELL
2016-03-26T16:25:27.000000;2016-03-26T16:25:27.207000;da0215c5-3090-4b16-ad42-5a4a00efcc2f;10.911;18.254212;SELL
2016-03-26T16:25:28.000000;2016-03-26T16:25:28.557000;392f65e0-f032-4b08-80c0-ac446c8ef118;10.911;1.97301111;SELL
2016-03-26T16:30:05.000000;2016-03-26T16:30:05.973000;84aded1b-1ce1-40d5-accf-28b17391b56a;10.93;4.5662;BUY
2016-03-26T16:30:05.000000;2016-03-26T16:30:05.980000;19171265-8204-4347-9dfc-1894fc420695;10.93;12.3682611;BUY
2016-03-26T16:30:06.000000;2016-03-26T16:30:06.527000;b5863f55-342d-4063-a97d-abc93f92eed4;10.894;0.48547778;SELL
2016-03-26T16:30:06.000000;2016-03-26T16:30:06.533000;4c3bfee9-256f-45c5-8a05-9fde1fcf7f54;10.894;0.48547778;SELL
2016-03-26T16:32:02.000000;2016-03-26T16:32:03.273000;6ac39564-19e3-421c-868d-0ad3549e3c68;10.894;9.30720709;BUY
2016-03-26T16:33:21.000000;2016-03-26T16:33:21.817000;7490f116-5d65-428a-aec1-c7174e25246e;10.948;4.5662;BUY
2016-03-26T16:34:07.000000;2016-03-26T16:34:07.493000;13d3c5c2-1709-4ae7-8f4f-fb1ce8680b8b;10.983;4.56619922;BUY
2016-03-26T16:34:07.000000;2016-03-26T16:34:07.507000;220ab4fd-a947-4712-ab13-4fddd5a67071;10.984;19.2754053;BUY
2016-03-26T16:34:07.000000;2016-03-26T16:34:07.510000;10868b38-5342-40d6-ad4c-65dcf39537d3;10.991;2.507579;BUY
2016-03-26T16:34:07.000000;2016-03-26T16:34:07.547000;47f3698c-b910-4449-a193-cc8b911dd4e6;10.993;6.65081648;BUY
2016-03-26T16:38:04.000000;2016-03-26T16:38:04.940000;f46b3779-37a6-4c4c-870f-b0b849ba5676;10.99;30.12608234;BUY
2016-03-26T16:38:06.000000;2016-03-26T16:38:06.130000;dd34d508-06bd-4d0e-9f47-ed73ea921435;10.99;3.87391766;BUY
2016-03-26T16:39:57.000000;2016-03-26T16:39:57.873000;7bffd2ec-6c77-4029-83f7-5091c7950d0d;10.992;4.02820228;SELL
2016-03-26T16:46:47.000000;2016-03-26T16:46:47.593000;58939dbc-0107-4cf5-82a8-e3963e5cfaa9;11.01;3.9;BUY
2016-03-26T16:47:31.000000;2016-03-26T16:47:31.760000;ab71e45b-d120-4076-86c0-31bb99ee4bfa;11.02;3.84884138;BUY
2016-03-26T16:47:33.000000;2016-03-26T16:47:33.940000;77dccb5a-55ab-4aa9-a5b7-a4427cce66ba;11.02;0.05115862;BUY
2016-03-26T16:48:22.000000;2016-03-26T16:48:22.623000;16d99ca9-b61d-43f8-aba2-76cc8b9230ec;11.03;3.9;BUY
2016-03-26T16:48:22.000000;2016-03-26T16:48:22.630000;832b2a0d-87d9-4d2d-8fd0-3c19feb3cab2;11.04;3.9;BUY
2016-03-26T16:48:28.000000;2016-03-26T16:48:28.900000;4c649ea8-c566-4468-9b6a-ab89c7d1b641;11.05;3.9;BUY
2016-03-26T16:49:04.000000;2016-03-26T16:49:04.497000;e9a917d1-beeb-45db-ae69-4cc73db251d5;11.042;4.6;SELL
2016-03-26T16:49:04.000000;2016-03-26T16:49:04.503000;451a7878-6fff-4404-a88e-5a9a99d94feb;11.042;4.4;SELL
2016-03-26T16:53:02.000000;2016-03-26T16:53:02.917000;547c8968-34fc-4593-8522-bb0d51c8229e;11.06;3.9;BUY
2016-03-26T16:55:55.000000;2016-03-26T16:55:55.990000;9c90d485-a6b5-4319-93ca-397d1618ee9f;11.069;1.01202303;BUY
2016-03-26T16:56:22.000000;2016-03-26T16:56:22.773000;42cd2c48-024a-4683-8bea-f96537f67341;11.07;1.02104099;BUY
2016-03-26T16:56:23.000000;2016-03-26T16:56:23.977000;a99b01eb-b0a7-4ec5-9d05-6f9d4fcea7e8;11.07;1.02104087;BUY
2016-03-26T16:56:25.000000;2016-03-26T16:56:25.743000;61488931-af0b-49e8-ae52-cb134612427d;11.07;1.02104087;BUY
2016-03-26T16:58:34.000000;2016-03-26T16:58:34.997000;c8091e42-f8a0-45d1-a033-b539352c9479;11.07;0.83687727;BUY
2016-03-26T17:03:25.000000;2016-03-26T17:03:25.370000;26b67dae-47c5-4521-b0bf-bd2bfa2c6ddf;11.079;0.7935;BUY
2016-03-26T17:06:16.000000;2016-03-26T17:06:16.713000;70ff4d33-e470-444b-8f67-4d8320de7add;10.996;0.55414222;SELL
2016-03-26T17:06:18.000000;2016-03-26T17:06:18.803000;2948dfee-4494-4324-8043-3eb50c71f89e;10.996;0.01053178;BUY
2016-03-26T17:12:01.000000;2016-03-26T17:12:01.633000;7a55b96b-5659-4204-84ea-6868e8e28e0e;11.048;7.9825;BUY
2016-03-26T17:12:01.000000;2016-03-26T17:12:01.643000;3d7f9d21-04a2-45d4-8073-dac1bbf95368;11.05;22.14358234;BUY
2016-03-26T17:13:46.000000;2016-03-26T17:13:46.047000;d16b5f8e-9a68-457f-8c83-6c7c11f5f84e;11.05;5.01061468;BUY
2016-03-26T17:53:20.000000;2016-03-26T17:53:20.690000;38ae049e-f269-42bf-9014-6350b9104da9;11.036;20.74510169;BUY
2016-03-26T17:53:20.000000;2016-03-26T17:53:20.907000;8fe6254a-3174-493a-a075-0869df75e57a;11.037;1.14284941;BUY
2016-03-26T17:53:21.000000;2016-03-26T17:53:21.770000;b422b24c-f7c3-4954-b4b0-9d04ca825821;11.037;1.32638559;BUY
2016-03-26T17:53:21.000000;2016-03-26T17:53:21.783000;0b94ff26-6bff-43bf-b88d-c155414b3964;11.079;9.35085457;BUY
2016-03-26T17:53:21.000000;2016-03-26T17:53:21.803000;5c01f9f9-ea31-4cc4-ab0e-297b557277f9;11.08;3.9;BUY
2016-03-26T17:53:21.000000;2016-03-26T17:53:21.823000;c68df712-b1e1-488b-8e85-d525837299de;11.09;3.9;BUY
2016-03-26T17:53:23.000000;2016-03-26T17:53:23.523000;e347702f-ab94-49c8-8c93-7e075235c721;11.098;29.50923138;BUY
2016-03-26T17:53:23.000000;2016-03-26T17:53:23.873000;9e5924b8-dc18-4e6a-850e-58f9ef83cd5b;11.097;1.14284941;BUY
2016-03-26T17:53:23.000000;2016-03-26T17:53:23.993000;273f9799-3858-4720-a60f-9046b1d47954;11.097;29.50657265;BUY
2016-03-26T17:53:24.000000;2016-03-26T17:53:24.717000;c599f2c0-9206-4fe8-a8bc-a2a34e5e2780;11.098;29.50923138;BUY
2016-03-26T17:53:25.000000;2016-03-26T17:53:26.000000;2603c5fd-ad49-43a4-b945-6531b960cd23;11.098;29.50923138;BUY
2016-03-26T18:22:16.000000;2016-03-26T18:22:16.587000;8246e54b-e048-43c8-a31a-a6479fd3ff91;10.95;4.00176557;SELL
2016-03-26T18:22:20.000000;2016-03-26T18:22:20.993000;6d7bf9da-12d0-4f04-9514-f66634d1b70a;10.95;1.97064914;SELL
2016-03-26T18:22:24.000000;2016-03-26T18:22:24.500000;52381733-3e06-4f5d-98c2-cad9ccd100e9;10.968;0.74153;BUY
2016-03-26T18:22:24.000000;2016-03-26T18:22:24.583000;f07dac6e-31d9-4182-95a2-452443ec51cd;10.95;1.99798956;SELL
2016-03-26T18:22:28.000000;2016-03-26T18:22:28.147000;c9466967-9754-4a42-aec2-486d3eccd45c;10.95;2.02959573;SELL
2016-03-26T18:22:45.000000;2016-03-26T18:22:45.407000;e45ec85b-19b5-4bd3-976c-6ea149ecf10b;10.89;9.8887;SELL
2016-03-26T18:22:58.000000;2016-03-26T18:22:58.067000;ea383b7b-8564-4a33-bc7f-2f7e3f4b6b07;10.96;0.66782;BUY
2016-03-26T18:23:31.000000;2016-03-26T18:23:31.707000;27c092e4-9e35-484f-b56c-5bb6c7a86d79;10.954;0.60156;BUY
2016-03-26T18:24:05.000000;2016-03-26T18:24:05.200000;295d98ac-ee01-4be1-879a-2f193b640f42;10.952;0.54162;BUY
2016-03-26T18:24:38.000000;2016-03-26T18:24:38.703000;f8b61b94-451c-4c1e-b084-9690b25cff3f;10.945;0.48783;BUY
2016-03-26T18:25:12.000000;2016-03-26T18:25:12.357000;bd298d8d-7659-4aeb-a164-31dfa5757223;10.938;0.43925;BUY
2016-03-26T18:25:45.000000;2016-03-26T18:25:45.933000;f3f863e8-ad85-4afd-a6e6-b06f01bf3876;10.938;0.39549;BUY
2016-03-26T18:26:19.000000;2016-03-26T18:26:19.513000;1b04faae-ede1-48a1-93c2-6e53e9c6ad2f;10.936;0.35602;BUY
2016-03-26T18:27:10.000000;2016-03-26T18:27:10.917000;63f86a04-fa45-48da-8461-6a756e5591a7;10.93;0.32066;SELL
2016-03-26T18:27:26.000000;2016-03-26T18:27:26.777000;891602d8-091a-4b01-994c-fbd1d65f2e06;10.927;0.2887;SELL
2016-03-26T18:27:53.000000;2016-03-26T18:27:53.963000;4f7e1d6f-4c59-4b63-b6b7-c8cf131bf131;10.92;10.0;SELL
2016-03-26T18:28:00.000000;2016-03-26T18:28:00.140000;eaf51ba9-8e42-444d-9a22-a66c5bb1bc3a;10.92;0.25989;BUY
2016-03-26T18:28:33.000000;2016-03-26T18:28:33.723000;1e811b16-c4e3-4993-9de4-9569b5f76b4d;10.911;0.23426;BUY
2016-03-26T18:29:07.000000;2016-03-26T18:29:07.250000;2532c5ab-0126-4898-aa57-29c5424951af;10.911;0.21086;BUY
2016-03-26T18:29:40.000000;2016-03-26T18:29:40.840000;3ad5935a-9f09-4eb0-8d20-c4b26865f4ce;10.911;0.18979;BUY
2016-03-26T18:30:14.000000;2016-03-26T18:30:14.387000;03f9ca4a-6834-4e40-91a6-1ada230d6130;10.911;0.17083;BUY
2016-03-26T18:30:48.000000;2016-03-26T18:30:48.293000;4719049f-2cba-4f14-80b1-0214a8845048;10.911;0.15376;BUY
2016-03-26T18:31:21.000000;2016-03-26T18:31:21.790000;dcd7acac-bfd8-407d-a698-86b4aa777fa2;10.908;0.13844;BUY
2016-03-26T18:31:55.000000;2016-03-26T18:31:55.453000;d928c2ce-4de8-4a48-b0f2-091ce8077c49;10.909;0.1246;BUY
2016-03-26T18:32:29.000000;2016-03-26T18:32:29.117000;0246128d-8276-49f7-82da-baa8750a8a17;10.908;0.11216;BUY
2016-03-26T18:33:02.000000;2016-03-26T18:33:02.810000;ea67539e-0e77-492e-8471-5eac75013b91;10.908;0.10096;BUY
2016-03-26T18:49:56.000000;2016-03-26T18:49:56.133000;d08f0b53-8e7c-4840-94dc-92a507bbce5b;10.908;1.2;BUY
2016-03-26T18:49:56.000000;2016-03-26T18:49:56.143000;c036182e-5ba0-4c04-961c-b27a8233a8c4;10.909;0.802002;BUY
2016-03-26T18:50:22.000000;2016-03-26T18:50:22.417000;6f651df3-8ce0-4616-b7da-0a3f0bc84f61;10.9;0.74426;SELL
2016-03-26T18:50:46.000000;2016-03-26T18:50:46.113000;a47ef18a-769b-4a2f-840b-b6b3c3933aaf;10.909;8.113898;BUY
2016-03-26T18:50:56.000000;2016-03-26T18:50:56.280000;dbc2a73d-3156-4fd1-9798-eafc0b48cfe6;10.917;0.66991;SELL
2016-03-26T18:51:30.000000;2016-03-26T18:51:30.370000;54614c0b-d6e9-4b9e-bbc5-11cd6a4ba49a;10.919;0.60298999;SELL
2016-03-26T18:52:09.000000;2016-03-26T18:52:09.660000;9bae5ec8-91ea-4b53-b1b8-db97e368b684;10.92;0.54275;BUY
2016-03-26T18:52:37.000000;2016-03-26T18:52:37.440000;e65da408-8f48-4d5b-b615-f7b348c971e2;10.92;0.48853;SELL
2016-03-26T18:53:10.000000;2016-03-26T18:53:10.987000;8d6fa530-8f83-4bd8-8be0-f8753f5e06ff;10.92;0.43971999;SELL
2016-03-26T18:53:44.000000;2016-03-26T18:53:44.537000;c7f72854-5337-4dd2-9e8f-08faf9236124;10.919;0.3958;SELL
2016-03-26T18:54:18.000000;2016-03-26T18:54:18.097000;4abb896e-0748-46d3-b6aa-7b33b1ef3aa4;10.919;0.35626;SELL
2016-03-26T18:54:51.000000;2016-03-26T18:54:51.753000;fe64369f-8126-4f49-8dde-f8e446295759;10.919;0.32066;SELL
2016-03-26T18:55:25.000000;2016-03-26T18:55:25.560000;15408e11-6a15-4d09-b542-a311333c9c7e;10.919;0.28863;SELL
2016-03-26T18:55:59.000000;2016-03-26T18:55:59.490000;91b38e48-fafd-45f0-86a3-df9fdef84b81;10.919;0.25979999;SELL
2016-03-26T18:56:32.000000;2016-03-26T18:56:32.633000;f5e060ae-5662-401d-abf1-342f57f42538;10.919;0.23384;SELL
2016-03-26T18:57:06.000000;2016-03-26T18:57:06.233000;c558950f-aa5e-4159-b006-07ee1e18f097;10.919;0.21048;SELL
2016-03-26T18:57:39.000000;2016-03-26T18:57:39.987000;6e09005d-509d-4b3a-b3a1-cb9ed6a40dbf;10.919;0.18946;SELL
2016-03-26T18:58:13.000000;2016-03-26T18:58:13.983000;4b08e29a-38d4-4683-80b0-e6a58f350e73;10.919;0.17053;SELL
2016-03-26T18:58:48.000000;2016-03-26T18:58:48.610000;79299cbe-4061-4994-871e-0f808a2da49a;10.919;0.15349;SELL
2016-03-26T18:59:23.000000;2016-03-26T18:59:23.310000;0bcaa012-7e5c-4d80-9921-2a6fb4207d1c;10.919;0.13815999;SELL
2016-03-26T18:59:57.000000;2016-03-26T18:59:57.153000;01b54241-76c0-4757-996d-74f520cf47e1;10.919;0.12436;SELL
2016-03-26T19:00:05.000000;2016-03-26T19:00:05.327000;fd2ff269-b376-458c-897b-856160cc8cd5;10.919;26.21069416;SELL
2016-03-26T19:00:05.000000;2016-03-26T19:00:05.733000;b42f0525-6ab2-479e-b23b-afd7156381a8;10.919;2.470363;SELL
2016-03-26T19:00:07.000000;2016-03-26T19:00:07.513000;5daabb1e-65c7-4707-9c68-8a793c9a2003;10.919;12.88190958;SELL
2016-03-26T19:00:07.000000;2016-03-26T19:00:07.803000;1caeafb0-3e86-43f4-860c-62e93be4b81a;10.919;1.351363;SELL
2016-03-26T19:00:09.000000;2016-03-26T19:00:09.467000;1abf8921-398c-4179-be64-61459d347ede;10.919;1.66966027;SELL
2016-03-26T19:00:30.000000;2016-03-26T19:00:30.870000;72287c0c-362b-4e21-907b-60699ecd4b77;10.89;0.11193;SELL
2016-03-26T19:00:53.000000;2016-03-26T19:00:53.490000;e3f0712b-5cf5-493b-8f8e-69ca31c6e348;10.89;1.7298858;SELL
2016-03-26T19:01:04.000000;2016-03-26T19:01:04.640000;aeb95697-fcc2-4c24-bc03-e05169f8bad3;10.89;0.10075;SELL
2016-03-26T19:03:15.000000;2016-03-26T19:03:15.377000;ba2aab21-5284-4940-afd1-1c12f9207427;10.89;1.998;SELL
2016-03-26T19:03:16.000000;2016-03-26T19:03:16.367000;2ef5d1fd-875a-458b-964d-3547dfbd7db6;10.89;1.998;SELL
2016-03-26T19:03:18.000000;2016-03-26T19:03:18.143000;8ef15083-2a70-4ec1-b66c-4a9c05cbb2de;10.89;1.998;SELL
2016-03-26T19:03:32.000000;2016-03-26T19:03:32.410000;08684f6c-ddef-4404-a7b8-39b5b84d6e83;10.89;2.0634342;SELL
2016-03-26T19:08:52.000000;2016-03-26T19:08:53.027000;1a7400a7-5a09-4da2-890f-180e822b307a;10.85;1.07602137;SELL
2016-03-26T19:09:07.000000;2016-03-26T19:09:07.703000;1c522c4d-d175-4bbc-8341-241f46527695;10.85;1.998;SELL
2016-03-26T19:09:09.000000;2016-03-26T19:09:09.507000;f5210e50-f4c1-4ebc-9047-4b72d53ec03a;10.85;1.998;SELL
2016-03-26T19:09:11.000000;2016-03-26T19:09:11.233000;ec7316dd-13f8-42e1-8d3d-16a917b5c6d4;10.85;1.998;SELL
2016-03-26T19:11:25.000000;2016-03-26T19:11:25.867000;2167e52c-ca96-48ab-8ebd-f807f635ee00;10.85;2.80154502;SELL
2016-03-26T19:13:56.000000;2016-03-26T19:13:56.933000;c6156810-a9da-4528-b462-41ab26e04a27;10.867;0.7528;BUY
2016-03-26T19:14:02.000000;2016-03-26T19:14:02.433000;4d284128-58a9-4bd6-b036-5db855551cba;10.867;0.3011;BUY
2016-03-26T19:14:16.000000;2016-03-26T19:14:16.230000;8a986b5e-2397-4a63-bc9b-0d5a457779a5;10.866;0.1205;BUY
2016-03-26T19:16:34.000000;2016-03-26T19:16:35.000000;b0a9d5d8-4e94-474d-b715-aea1c7dbf7f7;10.85;0.12843361;SELL
2016-03-26T19:31:48.000000;2016-03-26T19:31:48.947000;d2d23f22-aa40-4bf4-92fa-60935fc76c70;10.848;1.1;BUY
2016-03-26T19:31:48.000000;2016-03-26T19:31:48.960000;ad77853b-461a-49db-a948-ab615b5cd2fd;10.849;38.27510377;BUY
2016-03-26T19:56:12.000000;2016-03-26T19:56:12.180000;e329476a-f8c1-458c-b268-eb82f8d5bde3;10.837;3.01001618;SELL
2016-03-26T20:29:16.000000;2016-03-26T20:29:16.387000;5049fa00-3327-495b-bf09-9fdf219c3a10;10.845;3.47123168;SELL
2016-03-26T20:38:41.000000;2016-03-26T20:38:41.100000;d3f7bb02-13f1-43c8-848e-13e9e1afb91e;10.879;2.0634342;BUY
2016-03-26T20:38:41.000000;2016-03-26T20:38:41.113000;d66ef8c8-78f9-4fe5-b29a-e779affe26ee;10.879;6.82989467;BUY
2016-03-26T20:39:36.000000;2016-03-26T20:39:36.060000;b3d01af6-8e37-40f8-a61f-d14eb6d4883b;10.879;15.1771444;BUY
2016-03-26T20:39:37.000000;2016-03-26T20:39:37.247000;1134c89f-13a3-4448-b987-6e9b91020abb;10.879;2.002002;BUY
2016-03-26T20:39:38.000000;2016-03-26T20:39:38.113000;73099dfe-ce2f-4dc7-a1e1-14fc38577344;10.879;2.002002;BUY
2016-03-26T20:39:45.000000;2016-03-26T20:39:45.123000;1fe656c8-551d-48f5-b706-7b2f160872c9;10.879;2.002002;BUY
2016-03-26T20:39:45.000000;2016-03-26T20:39:45.547000;6b889e15-9f31-4bd0-8266-6cbd6996753a;10.879;2.002002;BUY
2016-03-26T20:44:56.000000;2016-03-26T20:44:56.337000;310211b2-206c-4de4-b6dc-c8a812f1c491;10.952;13.0416823;BUY
2016-03-26T20:50:32.000000;2016-03-26T20:50:32.227000;fdc34588-6b2c-4be0-9039-30503b1cd755;10.9;4.01278397;SELL
2016-03-26T20:50:41.000000;2016-03-26T20:50:41.927000;b76f170e-e9f5-4f03-a233-495ae7169f14;10.9;1.01846535;SELL
2016-03-26T20:59:29.000000;2016-03-26T20:59:29.530000;8e7f35be-0cdc-4338-8c9d-4a48a17b751c;10.899;1.0;SELL
2016-03-26T20:59:48.000000;2016-03-26T20:59:49.020000;1bd34cb6-5c55-4219-aa89-8cbafc036dfd;10.901;1.0;SELL
2016-03-26T21:00:08.000000;2016-03-26T21:00:08.600000;3c347b9f-7276-499c-b3af-584997125b1e;10.901;1.0;SELL
2016-03-26T21:20:10.000000;2016-03-26T21:20:10.050000;c1aebdac-cb25-4ee1-8ddf-0c0304626bbb;10.935;5.87433868;SELL
2016-03-26T21:25:51.000000;2016-03-26T21:25:51.243000;a6eb6a3b-2bbc-43ca-9047-cf00fd4bdd3b;10.97;0.45580464;BUY
2016-03-26T21:25:51.000000;2016-03-26T21:25:51.253000;0684096a-7a8c-42ac-82f0-4b24a17bc793;11.0;10.0;BUY
2016-03-26T21:25:51.000000;2016-03-26T21:25:51.260000;30bd21e7-d138-4ed4-a1e7-9205ec1c7bd2;11.023;2.49431819;BUY
2016-03-26T21:25:51.000000;2016-03-26T21:25:51.293000;84c5d657-b5b2-4ac7-9ab4-1716120c72c5;11.023;10.843969;BUY
2016-03-26T21:25:51.000000;2016-03-26T21:25:51.293000;e558a6a7-8c81-4547-b19d-7451837ba886;11.024;48.9619;BUY
2016-03-26T21:25:51.000000;2016-03-26T21:25:51.293000;459a5f02-c9b3-49cc-b853-1fe0e21c7aa6;11.024;45.0;BUY
2016-03-26T21:25:51.000000;2016-03-26T21:25:51.293000;e90202ae-d487-4c28-87a2-5a347c79bea1;11.024;82.24400817;BUY
2016-03-26T21:36:06.000000;2016-03-26T21:36:06.390000;72269aaf-139d-4390-9d40-c694a40afc90;10.97;0.45580464;SELL
2016-03-26T22:05:02.000000;2016-03-26T22:05:02.110000;c51b4188-3e22-4588-a317-22b4ac373427;10.936;5.50865861;SELL
2016-03-26T22:05:12.000000;2016-03-26T22:05:12.620000;7beeec06-de3f-4109-a74f-934bb2fea04c;11.025;0.73602;BUY
2016-03-26T22:05:46.000000;2016-03-26T22:05:46.180000;9b5b0958-ac20-419e-8272-783d66e8e396;11.025;0.66248999;BUY
2016-03-26T22:06:20.000000;2016-03-26T22:06:20.380000;dee83843-4a02-409a-ae67-160fc81c98a9;11.025;0.5963;BUY
2016-03-26T22:06:54.000000;2016-03-26T22:06:54.097000;4a917ef1-652b-4031-97ee-8f14879f58e6;11.025;0.53673;BUY
2016-03-26T22:07:27.000000;2016-03-26T22:07:27.690000;063dfeda-154d-4ac1-877c-d06d866adfc4;11.025;0.48311;BUY
2016-03-26T22:08:01.000000;2016-03-26T22:08:01.857000;4d235354-6df5-42d1-8acc-5f94db9f86bc;11.025;0.43485;BUY
2016-03-26T22:08:35.000000;2016-03-26T22:08:35.307000;2c1c763c-044e-48d2-b9c3-b6adb5235db4;11.025;0.39141;BUY
2016-03-26T22:09:09.000000;2016-03-26T22:09:09.107000;958dceba-0a08-4dee-ba4c-88ceab59c27b;11.025;0.35231;BUY
2016-03-26T22:09:42.000000;2016-03-26T22:09:42.760000;b1870510-d21f-4b3b-bedf-37d449fd4291;11.025;0.31711;BUY
2016-03-26T22:10:16.000000;2016-03-26T22:10:16.477000;4b28a65f-71d0-43c4-a0e5-a37b2f288039;11.024;0.28546;BUY
2016-03-26T22:10:49.000000;2016-03-26T22:10:50.013000;becc48de-a5e5-4b7e-b6c8-1895cb31afdf;11.024;0.25694;BUY
2016-03-26T22:11:23.000000;2016-03-26T22:11:23.593000;aa7d6437-400e-4195-8490-756f08e0afcd;11.024;0.23126999;BUY
2016-03-26T22:11:57.000000;2016-03-26T22:11:57.070000;e2b5b9cf-efea-43e7-abe9-2495503659ba;11.023;0.20819;BUY
2016-03-26T22:11:59.000000;2016-03-26T22:11:59.370000;be5755b6-101a-42af-a5a0-a9df0029f858;10.936;18.87310993;SELL
2016-03-26T22:12:31.000000;2016-03-26T22:12:31.117000;5d5a060b-9e2d-4ca1-8760-540e178e5771;11.023;0.18738999;BUY
2016-03-26T22:13:04.000000;2016-03-26T22:13:05.010000;9d4b87da-4c53-45d8-975d-293b2e3477bc;11.021;0.1687;BUY
2016-03-26T22:13:38.000000;2016-03-26T22:13:38.547000;4cca0328-298c-47dc-be4b-d7ff55322b06;11.02;0.15186;BUY
2016-03-26T22:14:12.000000;2016-03-26T22:14:12.050000;4f3b8d50-a0a4-4bf6-b709-ab3699eeea24;11.02;0.13669;BUY
2016-03-26T22:14:45.000000;2016-03-26T22:14:45.603000;21539c4b-8401-48d8-83cc-e8c004535d43;11.02;0.12302999;BUY
2016-03-26T22:15:19.000000;2016-03-26T22:15:19.390000;e738a9dd-c2ed-433d-8f1d-d3824d837cb7;11.02;0.08842001;BUY
2016-03-26T22:15:27.000000;2016-03-26T22:15:27.883000;04d45907-8b81-47bb-bc65-8b14f4440595;11.02;0.02231999;SELL
2016-03-26T22:16:39.000000;2016-03-26T22:16:39.923000;5e8c4a4a-e22f-4006-b415-a8a043fc74a1;11.02;0.1;BUY
2016-03-26T22:22:04.000000;2016-03-26T22:22:04.130000;b62c3132-e334-41ab-95dd-2894a4a22f22;11.017;2.0;BUY
2016-03-26T22:23:01.000000;2016-03-26T22:23:02.007000;6482ef38-05e3-4a28-9285-e6826423acf7;11.0;0.91153001;BUY
2016-03-26T22:23:01.000000;2016-03-26T22:23:02.017000;8c3c4d22-b6f8-4e0b-a96a-c0cfea1f31f6;11.012;9.54843999;BUY
2016-03-26T22:23:01.000000;2016-03-26T22:23:02.020000;270066b2-ce3e-4457-aac7-259416ca105e;11.013;2.477717;BUY
2016-03-26T22:23:01.000000;2016-03-26T22:23:02.047000;396b2483-e889-4d7b-b355-fb0d7d8151bb;11.02;1.06288001;BUY
2016-03-26T22:23:01.000000;2016-03-26T22:23:02.047000;92b94b4c-6aa4-4d43-a10a-c61e824262ef;11.02;1.0;BUY
2016-03-26T22:23:01.000000;2016-03-26T22:23:02.047000;153b26f5-6e5b-42f5-a344-d30cbde38b5e;11.023;0.3503;BUY
2016-03-26T22:23:01.000000;2016-03-26T22:23:02.047000;7bd5e678-3d6a-4144-a976-5a2beb64bad9;11.031;2.3035;BUY
2016-03-26T22:23:01.000000;2016-03-26T22:23:02.050000;82ee411d-ff7d-4b21-8c47-8d7807a73a75;11.073;2.34563299;BUY
2016-03-26T22:28:58.000000;2016-03-26T22:28:58.713000;90b82d4f-a522-46d8-83a0-3dad42235cbe;10.981;1.0;SELL
2016-03-26T22:30:26.000000;2016-03-26T22:30:26.393000;b83d801b-49c1-4fd1-a6f5-8e98c2a5e897;11.0;0.50862029;BUY
2016-03-26T22:30:26.000000;2016-03-26T22:30:26.407000;98779448-ca18-4352-860c-6cf4b3ff18ce;11.025;34.2864;BUY
2016-03-26T22:30:26.000000;2016-03-26T22:30:26.407000;dfc7c552-e948-4d54-a3bc-0bbd2af11b34;11.025;77.453287;BUY
2016-03-26T22:30:26.000000;2016-03-26T22:30:26.437000;0e379595-9733-441a-8307-c46080079475;11.025;9.779499;BUY
2016-03-26T22:30:26.000000;2016-03-26T22:30:26.440000;d499e66d-6e8a-454d-8b8c-0b6bcf5f36ff;11.03;2.459244;BUY
2016-03-26T22:30:26.000000;2016-03-26T22:30:26.440000;a6f896a4-f8b1-47b2-a34a-89c0e5deb19f;11.09;1.14284941;BUY
2016-03-26T22:30:26.000000;2016-03-26T22:30:26.440000;7837b931-38b7-4034-a188-a780a9a18621;11.092;0.3503;BUY
2016-03-26T22:30:26.000000;2016-03-26T22:30:26.470000;616c436d-9323-42a9-bd31-c8edf3a8f374;11.099;0.3503;BUY
2016-03-26T22:30:26.000000;2016-03-26T22:30:26.470000;075bb494-e149-4b88-92f9-79b9a5564056;11.1;3.9;BUY
2016-03-26T22:30:26.000000;2016-03-26T22:30:26.470000;726b92d2-e9f6-43fc-904e-a37eb59bd1bc;11.1;2.55;BUY
2016-03-26T22:30:26.000000;2016-03-26T22:30:26.513000;fe7a9dea-0f55-4a9a-8b19-55ed1a76f278;11.159;2.2195003;BUY
2016-03-26T22:31:56.000000;2016-03-26T22:31:56.063000;901446ed-02da-422f-b542-2f096c48f89c;10.981;4.228;SELL
2016-03-26T22:32:15.000000;2016-03-26T22:32:15.403000;58b0aea0-ffcb-4358-9c79-38b1275cbbb3;10.981;3.171;SELL
2016-03-26T22:32:55.000000;2016-03-26T22:32:55.130000;a3ca3627-e756-4bcb-8046-8a6aac12ed50;10.981;2.378;SELL
2016-03-26T22:33:15.000000;2016-03-26T22:33:15.270000;3d795305-07f7-430a-9aba-11379733178f;10.981;1.783;SELL
2016-03-26T22:37:18.000000;2016-03-26T22:37:18.177000;1f277b6a-d5fd-474d-a8fe-158482588b56;10.99;26.04443824;SELL
2016-03-26T22:39:20.000000;2016-03-26T22:39:20.610000;4ab026ef-2539-48a7-a1da-3d672818b134;10.99;26.04344904;SELL
2016-03-26T22:39:53.000000;2016-03-26T22:39:53.910000;154051ef-2e8c-4d6d-bab4-cc869692ffcf;10.99;7.50464161;SELL
2016-03-26T23:10:38.000000;2016-03-26T23:10:38.723000;66adddc0-1c31-435c-93b1-823d4e71148f;10.951;5.0;SELL
2016-03-26T23:10:41.000000;2016-03-26T23:10:41.217000;d5a3ef8d-be08-4204-b58d-258628d704c5;10.951;4.13158616;BUY
2016-03-26T23:14:35.000000;2016-03-26T23:14:35.173000;1c2ecfff-db41-4acd-ab70-c194d81e0c00;10.965;0.46822195;SELL
2016-03-26T23:15:19.000000;2016-03-26T23:15:19.353000;67708ba3-0a20-41cb-bdca-68d33ae90fa0;10.967;0.37942324;SELL
2016-03-26T23:22:15.000000;2016-03-26T23:22:15.230000;0fd76845-f37f-4eac-8501-07922d689427;10.99;0.55439813;SELL
2016-03-26T23:26:08.000000;2016-03-26T23:26:08.093000;8af9e191-7389-497a-862f-2e53dbc2759d;11.001;2.9;SELL
2016-03-26T23:26:08.000000;2016-03-26T23:26:08.103000;842c63e4-62cd-46a3-93dd-901bef695a2d;11.0;0.731533;SELL
2016-03-26T23:26:08.000000;2016-03-26T23:26:08.107000;59e897ce-f3a4-42cc-99a9-387df69ccd58;11.0;1.13163552;SELL
2016-03-26T23:26:08.000000;2016-03-26T23:26:08.840000;e78ee210-e6cd-47bd-bb97-6c5e5b9a3a41;11.0;1.50067277;SELL
2016-03-26T23:32:12.000000;2016-03-26T23:32:12.210000;ed100a43-6e5d-492f-b842-922fb3b2d4ef;11.054;9.03286745;SELL
2016-03-26T23:32:12.000000;2016-03-26T23:32:12.217000;f7fae126-be1e-404f-ad5a-5cb2059c5e40;11.002;0.05638905;SELL
2016-03-26T23:50:53.000000;2016-03-26T23:50:53.977000;38564062-91ec-4972-ac43-a8afb922b388;11.012;1.0;BUY
2016-03-26T23:50:53.000000;2016-03-26T23:50:53.987000;16dbb0dc-f912-4341-a8e9-e70be96716ac;11.012;0.875;BUY
