time_exchange;time_coinpai;guid;price;base_amount;taker_side
2016-03-26T00:00:01.437000;2016-03-26T00:00:01.503000;5ac17646-0539-491f-bf13-cdf0d5f2a079;416.42;0.01;SELL
2016-03-26T00:00:01.447000;2016-03-26T00:00:01.503000;9ac2137f-2199-4166-9741-3947e1e48260;416.4;0.01;SELL
2016-03-26T00:00:01.447000;2016-03-26T00:00:01.503000;668e3b19-5c4a-4d6f-be45-156f3c01a06a;416.39;0.53554;SELL
2016-03-26T00:00:38.183000;2016-03-26T00:00:38.223000;645ee6c6-7873-431b-afda-5c7b47132a82;416.49;0.01;BUY
2016-03-26T00:00:38.183000;2016-03-26T00:00:38.223000;cf2fe7be-616a-4e0a-94c0-c928b123b764;416.5;0.01;BUY
2016-03-26T00:00:38.183000;2016-03-26T00:00:38.240000;d428ff37-c267-4a3b-8bf7-edd8d13a4d2f;416.53;0.18;BUY
2016-03-26T00:01:01.220000;2016-03-26T00:01:01.270000;ba2934f6-6173-4328-b9c1-36d478beb8f8;416.51;0.01;BUY
2016-03-26T00:01:01.220000;2016-03-26T00:01:01.270000;1e2fb95e-24c1-489a-a8b5-068416976170;416.53;0.07;BUY
2016-03-26T00:01:01.220000;2016-03-26T00:01:01.270000;ebdfe193-a6d1-401d-806c-dd70555feee0;416.53;0.15;BUY
2016-03-26T00:01:01.220000;2016-03-26T00:01:01.270000;642728aa-7344-4d65-a626-03fadcfaf8db;416.53;0.35;BUY
2016-03-26T00:01:01.220000;2016-03-26T00:01:01.270000;e5ee7498-8660-4f6f-9378-50fb6279f4c9;416.54;0.31494;BUY
2016-03-26T00:01:31.193000;2016-03-26T00:01:31.223000;c3f5938c-4e50-4e4b-b9bc-1601b0d0113c;416.46;0.01;SELL
2016-03-26T00:01:31.193000;2016-03-26T00:01:31.240000;47734071-340f-49c2-8aef-575328132842;416.46;0.418;SELL
2016-03-26T00:01:31.193000;2016-03-26T00:01:31.240000;3478236f-febd-42d0-95fa-d1e0ae5b3668;416.46;0.35;SELL
2016-03-26T00:01:31.193000;2016-03-26T00:01:31.240000;e82add2d-a843-4c77-84d2-34d088f61a38;416.44;1.53914;SELL
2016-03-26T00:02:01.460000;2016-03-26T00:02:01.490000;ee247b76-2a1a-4271-b553-e355e814bd5e;416.44;0.379;SELL
2016-03-26T00:02:01.460000;2016-03-26T00:02:01.507000;3e7cab7e-be3e-4812-85f2-a21d2afd1a0e;416.44;0.35;SELL
2016-03-26T00:02:01.460000;2016-03-26T00:02:01.507000;ef4fcb8b-20e6-49e9-bb81-f6c778aed44c;416.43;7.19142;SELL
2016-03-26T00:02:01.460000;2016-03-26T00:02:01.507000;765b4db7-e33b-4bac-9f5a-c72c1c043ebc;416.41;0.25;SELL
2016-03-26T00:02:01.460000;2016-03-26T00:02:01.537000;305ada90-c23c-40d6-b9ec-4b2a4822d711;416.4;0.15;SELL
2016-03-26T00:02:01.460000;2016-03-26T00:02:01.537000;8dc95e03-071b-468f-ba6b-bebe7b8ea917;416.39;0.4;SELL
2016-03-26T00:02:01.460000;2016-03-26T00:02:01.537000;99a99220-fabc-4637-a8a2-7e402494a5a7;416.38;0.01;SELL
2016-03-26T00:02:01.460000;2016-03-26T00:02:01.537000;13e016dc-9ae9-48f2-a02a-71e79155771d;416.36;2.0;SELL
2016-03-26T00:02:01.460000;2016-03-26T00:02:01.537000;6a806b75-4dce-4d4c-9da7-04a548ed6082;416.34;0.01;SELL
2016-03-26T00:02:01.460000;2016-03-26T00:02:01.537000;9609f444-c579-413d-948d-d26880f7073a;416.34;0.345;SELL
2016-03-26T00:02:01.460000;2016-03-26T00:02:01.537000;91974956-bc8b-4121-9a80-67fb8c587ddd;416.33;0.25;SELL
2016-03-26T00:02:01.460000;2016-03-26T00:02:01.537000;274296a6-adb3-4262-8a2f-ee5df9bdad3e;416.31;0.08381;SELL
2016-03-26T00:02:32.723000;2016-03-26T00:02:32.757000;2f587fa1-920d-4e83-b9dc-866c06e237bd;416.49;0.01;BUY
2016-03-26T00:02:32.723000;2016-03-26T00:02:32.757000;2a98de05-e590-4178-b160-d0b0d5e1b77d;416.49;0.16828;BUY
2016-03-26T00:03:01.353000;2016-03-26T00:03:01.397000;3aa0c3e6-b156-4744-9785-4123a3505ada;416.49;0.0606;BUY
2016-03-26T00:04:01.450000;2016-03-26T00:04:01.490000;d72cf36f-ad20-45ff-8d7c-82c1fe6d055f;416.47;0.01;BUY
2016-03-26T00:04:01.450000;2016-03-26T00:04:01.490000;1b892e4d-364a-46d2-a1d4-0e37d0f7738f;416.47;0.091;BUY
2016-03-26T00:04:01.450000;2016-03-26T00:04:01.490000;b8db66b8-c6fd-4d46-b249-6330387167a9;416.5;0.01;BUY
2016-03-26T00:04:01.453000;2016-03-26T00:04:01.490000;3b08869b-2c85-476f-b043-449ae7da9107;416.5;0.00786;BUY
2016-03-26T00:04:23.783000;2016-03-26T00:04:23.803000;86d458f6-807f-4249-be1e-a508515fb1be;416.39;0.022;SELL
2016-03-26T00:04:23.800000;2016-03-26T00:04:23.817000;1ee118a4-9866-4faf-89b9-44b7f529fbd7;416.39;0.0392;SELL
2016-03-26T00:04:23.803000;2016-03-26T00:04:23.833000;aa688f4a-7ce7-43f7-bf1d-462b5e366930;416.39;0.0375;SELL
2016-03-26T00:04:23.927000;2016-03-26T00:04:23.943000;35f9cc54-f146-4e6d-bfd4-929239f4dc71;416.39;0.0325;SELL
2016-03-26T00:04:24.010000;2016-03-26T00:04:24.037000;ac3607c8-9fdc-48ff-822a-da5f7c644fa5;416.39;0.2118;SELL
2016-03-26T00:04:24.010000;2016-03-26T00:04:24.037000;660092b0-0114-4764-90ee-9b372ea12287;416.39;1.15240592;SELL
2016-03-26T00:04:31.777000;2016-03-26T00:04:31.803000;df58bd9b-daab-4717-a05a-56a4ba2e4602;416.49;0.01;BUY
2016-03-26T00:04:31.777000;2016-03-26T00:04:31.817000;b16b9071-df66-4995-9f1a-5175b7424833;416.49;0.108;BUY
2016-03-26T00:04:31.777000;2016-03-26T00:04:31.817000;2f53dabb-653c-41c3-b9f0-aec1fc13098b;416.5;0.15;BUY
2016-03-26T00:04:31.777000;2016-03-26T00:04:31.817000;ce72f338-dc3e-4994-b4a3-f2d012388382;416.51;0.5;BUY
2016-03-26T00:04:31.777000;2016-03-26T00:04:31.817000;9bcb33a4-94ad-4a93-a25c-4fa19068bd86;416.51;0.07371;BUY
2016-03-26T00:05:01.143000;2016-03-26T00:05:01.160000;d96a4382-1762-4e06-9827-3c4eb0688c6c;416.51;0.12124;BUY
2016-03-26T00:05:11.683000;2016-03-26T00:05:11.727000;502ff0d6-f6c2-45b9-af9a-d39e5d206128;416.51;0.1089;BUY
2016-03-26T00:05:11.720000;2016-03-26T00:05:11.790000;2f5e7cec-eb54-4d0a-98c8-c6b2a4802b4c;416.51;0.0511;BUY
2016-03-26T00:05:31.697000;2016-03-26T00:05:31.743000;d633ff7f-da60-4613-a3c3-091977aa25a1;416.51;0.1323;BUY
2016-03-26T00:06:01.173000;2016-03-26T00:06:01.227000;d6ab4c91-1c70-441d-b99f-a6fca0f80a3b;416.51;0.35;BUY
2016-03-26T00:06:01.173000;2016-03-26T00:06:01.243000;dae43ab7-93b6-49fc-86bb-3ca2767da285;416.51;0.238;BUY
2016-03-26T00:06:01.173000;2016-03-26T00:06:01.243000;dd18d5ad-a8aa-42ae-ab88-997b2df8f5aa;416.51;0.33;BUY
2016-03-26T00:06:01.173000;2016-03-26T00:06:01.243000;518f0886-38df-4cd2-9e22-6a33670c43c9;416.52;0.35847;BUY
2016-03-26T00:06:31.177000;2016-03-26T00:06:31.227000;25f43554-0be8-4452-ab3b-a07c978a2bc8;416.53;0.01;BUY
2016-03-26T00:06:31.177000;2016-03-26T00:06:31.227000;09b73868-6955-4bbf-9e08-ff4b0225f63c;416.54;0.084;BUY
2016-03-26T00:06:31.177000;2016-03-26T00:06:31.243000;28914040-c4bb-4bd6-9103-9a6f551a00c9;416.57;0.01;BUY
2016-03-26T00:06:31.177000;2016-03-26T00:06:31.243000;a532e7a7-8089-44b4-b4af-ce3238d17f53;416.59;0.298;BUY
2016-03-26T00:06:31.177000;2016-03-26T00:06:31.243000;fe66b3a6-77b8-4931-b047-ed1be454d2a3;416.61;0.25;BUY
2016-03-26T00:06:31.177000;2016-03-26T00:06:31.243000;c9e0cf38-a954-44fa-a33f-7abdd91f5306;416.61;0.366;BUY
2016-03-26T00:06:31.177000;2016-03-26T00:06:31.257000;d862dd2e-6ffb-4159-a65d-ae600a1f8b3b;416.64;0.38625;BUY
2016-03-26T00:07:01.317000;2016-03-26T00:07:01.383000;34b85de9-2aa6-4d6d-86b5-cb6d77a366ce;416.52;0.02364;BUY
2016-03-26T00:07:32.647000;2016-03-26T00:07:32.693000;0337d6a8-edf3-405c-97d0-57bbdadc69bf;416.52;0.12636;BUY
2016-03-26T00:07:32.647000;2016-03-26T00:07:32.710000;99cc4541-025a-4f56-a7f8-51aa974d9cff;416.52;0.07346983;BUY
2016-03-26T00:07:32.647000;2016-03-26T00:07:32.710000;3c6a8c21-508e-4ab9-af91-8876f3bdab1f;416.53;0.258;BUY
2016-03-26T00:07:32.647000;2016-03-26T00:07:32.727000;61b62e87-c341-49db-bcca-61123ed2301e;416.58;0.108;BUY
2016-03-26T00:07:32.647000;2016-03-26T00:07:32.727000;9ab10152-55f0-4257-bf39-a84b18f68f4c;416.62;0.14735017;BUY
2016-03-26T00:08:02.183000;2016-03-26T00:08:02.243000;d00be878-61ea-43ff-9666-d0dd6e19ccd8;416.46;0.01;SELL
2016-03-26T00:08:02.183000;2016-03-26T00:08:02.243000;2b029480-b079-4315-820a-0edfeb87d299;416.43;0.01;SELL
2016-03-26T00:08:02.183000;2016-03-26T00:08:02.243000;023eba6e-5a3a-4099-927e-61dc1a1e6637;416.42;0.23;SELL
2016-03-26T00:08:02.183000;2016-03-26T00:08:02.257000;7e322cb1-c2b6-44ef-8cf5-f54e2ca2d700;416.42;0.15;SELL
2016-03-26T00:08:02.183000;2016-03-26T00:08:02.257000;94e4166b-dc8c-4067-8d0f-1f9847e22938;416.41;0.2;SELL
2016-03-26T00:08:02.183000;2016-03-26T00:08:02.257000;a4a5a8ba-8733-46b5-b7fc-19bd7eba8898;416.41;0.105;SELL
2016-03-26T00:08:02.183000;2016-03-26T00:08:02.257000;44ceaab0-e72a-4639-b957-db5e541c0d4a;416.4;0.01;SELL
2016-03-26T00:08:02.183000;2016-03-26T00:08:02.273000;b6a7b9bd-8014-4328-8abc-69840ca5033c;416.4;1.0;SELL
2016-03-26T00:08:02.183000;2016-03-26T00:08:02.273000;b7296e1b-7d45-4a75-9e86-41b64296712a;416.4;0.25;SELL
2016-03-26T00:08:02.183000;2016-03-26T00:08:02.273000;01418608-b07a-4435-99f5-0d6b5a1a36ea;416.4;0.35;SELL
2016-03-26T00:08:02.183000;2016-03-26T00:08:02.273000;709cd4d1-d31c-4666-b699-7ec41f0cf502;416.38;0.01;SELL
2016-03-26T00:08:02.187000;2016-03-26T00:08:02.290000;191e7e42-77e8-4cfd-849a-d1639153ab90;416.37;0.25;SELL
2016-03-26T00:08:02.187000;2016-03-26T00:08:02.320000;0b455a83-eb0f-4f70-8c19-38b27c028bbe;416.37;1.38;SELL
2016-03-26T00:08:02.187000;2016-03-26T00:08:02.320000;d93915f2-bd17-4e25-9c35-c576289b071f;416.36;0.90502;SELL
2016-03-26T00:08:31.393000;2016-03-26T00:08:31.430000;55a824af-58e0-4d8c-96a1-3defec4b0ba1;416.52;0.2;BUY
2016-03-26T00:08:31.393000;2016-03-26T00:08:31.443000;24c7e999-43b9-4c18-aca6-746b02b887c0;416.52;0.15;BUY
2016-03-26T00:08:31.393000;2016-03-26T00:08:31.443000;49c90498-d5a4-496e-ac59-4643b1a57b05;416.53;0.60081;BUY
2016-03-26T00:09:01.423000;2016-03-26T00:09:01.460000;cdb7981e-f3c6-46f0-b383-b95aeda21b99;416.58;0.01;BUY
2016-03-26T00:09:01.423000;2016-03-26T00:09:01.460000;fba3129f-e1d9-4745-b3dd-4ca2ce73b205;416.58;0.272;BUY
2016-03-26T00:09:01.423000;2016-03-26T00:09:01.477000;248e171f-e27b-4642-ae6a-8f2ca13ac770;416.59;0.15299;BUY
2016-03-26T00:09:31.313000;2016-03-26T00:09:31.367000;d7ea4660-c31d-4343-983d-5bf2ba1dba2a;416.49;2.38094;BUY
2016-03-26T00:10:01.827000;2016-03-26T00:10:01.867000;05104e73-5ead-4e80-846f-af9d9c7e558b;416.38;0.01;SELL
2016-03-26T00:10:01.827000;2016-03-26T00:10:01.883000;2ad22c69-b72b-45ca-a7bb-a37aa60a463c;416.38;0.082;SELL
2016-03-26T00:10:01.827000;2016-03-26T00:10:01.883000;77a14866-5a80-4327-8cb2-f7b6a1874949;416.37;0.2;SELL
2016-03-26T00:10:01.827000;2016-03-26T00:10:01.883000;c1aaa49c-25e1-481d-a015-9d68c4be8525;416.37;0.094;SELL
2016-03-26T00:10:01.827000;2016-03-26T00:10:01.897000;ace2f2f4-b45e-4dd4-877d-0ad0a1fbe220;416.36;0.77835;SELL
2016-03-26T00:10:24.330000;2016-03-26T00:10:24.383000;18397283-96e6-466e-8fe3-5b8663258b73;416.41;0.01;SELL
2016-03-26T00:10:24.330000;2016-03-26T00:10:24.383000;6a31a283-8662-4c79-8d87-7452e5709e49;416.41;0.05;SELL
2016-03-26T00:10:31.273000;2016-03-26T00:10:31.337000;d26a509d-2fe2-45bd-ad4b-6733c918c046;416.45;0.01;BUY
2016-03-26T00:10:31.273000;2016-03-26T00:10:31.337000;d94827ec-8cf5-4978-9603-f03912e951a5;416.48;0.25;BUY
2016-03-26T00:10:31.273000;2016-03-26T00:10:31.337000;c49a1cd1-cc6b-431a-9cb6-350c85b0e42d;416.48;0.35;BUY
2016-03-26T00:10:31.273000;2016-03-26T00:10:31.337000;a53bd6b6-a80b-41b8-add1-3c604dab2e08;416.49;0.57863;BUY
2016-03-26T00:11:01.717000;2016-03-26T00:11:01.743000;534c774c-ee40-4927-824c-45aa38dfd8f4;416.48;0.02365;BUY
2016-03-26T00:11:37.753000;2016-03-26T00:11:37.790000;523ab3ae-097a-4991-a50f-1b9ccf82a20c;416.48;0.07406;BUY
2016-03-26T00:11:40.503000;2016-03-26T00:11:40.540000;d2095070-b286-485d-ae39-48f6366308c0;416.39;0.01;SELL
2016-03-26T00:11:40.503000;2016-03-26T00:11:40.553000;8e7d3110-7a36-440f-b30a-2d7909aa4d20;416.37;0.08;SELL
2016-03-26T00:12:01.297000;2016-03-26T00:12:01.320000;4281dcbd-1a3d-4ffd-9b52-4cca12a061ca;416.37;0.01;SELL
2016-03-26T00:12:01.297000;2016-03-26T00:12:01.350000;0b5a6dd7-42f8-4e8e-91cf-4eae9f874d17;416.37;0.088;SELL
2016-03-26T00:12:01.297000;2016-03-26T00:12:01.350000;f968e7ee-5f44-4955-b0ea-0536af8adee6;416.36;0.00388;SELL
2016-03-26T00:13:01.237000;2016-03-26T00:13:01.257000;0eb50fd2-53d6-4701-ad15-1ccd4accbc59;416.36;0.31275;SELL
2016-03-26T00:13:01.237000;2016-03-26T00:13:01.290000;14b5e589-c70e-4457-b470-0c226e8f22f8;416.36;0.105;SELL
2016-03-26T00:13:01.237000;2016-03-26T00:13:01.290000;46a636c9-c1d8-47b9-b17f-2b126c1936f4;416.35;0.01;SELL
2016-03-26T00:13:01.237000;2016-03-26T00:13:01.290000;5107d336-b2c3-49e4-bdb6-90c016d13892;416.35;0.0750306;SELL
2016-03-26T00:13:01.237000;2016-03-26T00:13:01.290000;bc5b8fd2-8a50-417c-b811-a4c48d1ff12f;416.32;0.15;SELL
2016-03-26T00:13:01.237000;2016-03-26T00:13:01.290000;15555bc0-412b-448a-8a34-a8269d91836e;416.31;1.3557194;SELL
2016-03-26T00:13:31.163000;2016-03-26T00:13:31.197000;04d041dd-0f50-4de2-a636-d06efbfad41b;416.43;0.25;BUY
2016-03-26T00:13:31.163000;2016-03-26T00:13:31.210000;a22a5934-c5e9-40bc-af61-41387a002c86;416.43;0.14703;BUY
2016-03-26T00:14:01.147000;2016-03-26T00:14:01.180000;fd4b4f2e-43ee-4a99-9171-8f382dc55742;416.44;0.281;BUY
2016-03-26T00:14:01.147000;2016-03-26T00:14:01.197000;57313f49-4eea-4565-9135-6b221958221c;416.44;0.19729;BUY
2016-03-26T00:14:17.070000;2016-03-26T00:14:17.100000;95a01d0b-0f3a-4326-a59a-143d99f961e6;416.44;0.00271;BUY
2016-03-26T00:14:17.070000;2016-03-26T00:14:17.117000;bea97b36-412f-40b8-bab0-9c4a3f7a2d6c;416.44;0.15;BUY
2016-03-26T00:14:17.070000;2016-03-26T00:14:17.117000;1b85bb06-739e-424e-91ec-c0e7c3527c7c;416.44;0.224;BUY
2016-03-26T00:14:17.073000;2016-03-26T00:14:17.117000;8c84bca9-9093-4ba0-acb4-aac2073604fc;416.45;0.01;BUY
2016-03-26T00:14:17.073000;2016-03-26T00:14:17.197000;b5c95325-8151-4f27-9145-6f175cff4557;416.45;2.41349936;BUY
2016-03-26T00:14:31.277000;2016-03-26T00:14:31.303000;326bc8bf-d7e5-486e-82dd-416e2d966ffa;416.46;1.42425;BUY
2016-03-26T00:15:03.597000;2016-03-26T00:15:03.617000;81ea4eed-fb56-4ccd-90c5-90573d066c5e;416.46;0.01;BUY
2016-03-26T00:15:03.597000;2016-03-26T00:15:03.633000;451ba5b1-3cca-45c1-922e-5f50fd5f19a3;416.46;0.219;BUY
2016-03-26T00:15:03.597000;2016-03-26T00:15:03.633000;19fd2258-216c-4f78-8fc4-7f8307dcd433;416.47;0.01;BUY
2016-03-26T00:15:03.597000;2016-03-26T00:15:03.633000;c852d0e0-8e62-4c56-849e-137b8635fd94;416.47;0.26;BUY
2016-03-26T00:15:03.597000;2016-03-26T00:15:03.663000;5bceb810-5868-4df4-9fef-0444c89b6d69;416.47;0.19866;BUY
2016-03-26T00:15:31.440000;2016-03-26T00:15:31.460000;8b6bad23-2881-4a86-8e7c-07fdb39b173f;416.48;4.204;BUY
2016-03-26T00:16:03.823000;2016-03-26T00:16:03.837000;89822b66-3d3c-43e9-9993-17b83fe99bc8;416.47;0.01;SELL
2016-03-26T00:16:03.823000;2016-03-26T00:16:03.867000;b5fe09d1-abce-4503-bcaa-cf7da8f0b901;416.36;0.00302;SELL
2016-03-26T00:16:31.300000;2016-03-26T00:16:31.320000;a4369a72-de13-486b-8416-56034d7c4e64;416.48;0.30976;BUY
2016-03-26T00:17:01.383000;2016-03-26T00:17:01.413000;d09eac61-0073-4603-8f25-3837e096ca9c;416.46;0.102;SELL
2016-03-26T00:17:01.383000;2016-03-26T00:17:01.413000;220fce89-40c0-440f-ad87-0f32404789fd;416.4;0.02876;SELL
2016-03-26T00:17:31.300000;2016-03-26T00:17:31.320000;e72c1831-cedd-4931-b06e-2e2e3b511fcb;416.4;0.47759;SELL
2016-03-26T00:18:01.347000;2016-03-26T00:18:01.367000;edef1a16-a57f-40b6-9e70-1b461129323c;416.47;0.60382;BUY
2016-03-26T00:18:31.550000;2016-03-26T00:18:31.570000;6cc49ab8-ba43-46b7-aa03-85a095f9ca49;416.42;0.409;SELL
2016-03-26T00:18:31.550000;2016-03-26T00:18:31.587000;42a116d9-3a9c-4774-a6e2-1d86ab8fa700;416.4;0.49365;SELL
2016-03-26T00:18:31.550000;2016-03-26T00:18:31.587000;690e782c-53f5-4373-a73c-08b294b47e89;416.38;0.355;SELL
2016-03-26T00:18:31.550000;2016-03-26T00:18:31.587000;b4feca7f-6176-4e25-9a20-e5f1aae60d5c;416.38;0.35;SELL
2016-03-26T00:18:31.550000;2016-03-26T00:18:31.587000;ad8fc14e-d38a-41a7-afa7-8603e78789c7;416.36;3.11846;SELL
2016-03-26T00:18:53.067000;2016-03-26T00:18:53.087000;560e90aa-76a2-4acb-8155-f827bcd14fe1;416.45;0.01;BUY
2016-03-26T00:18:53.067000;2016-03-26T00:18:53.100000;5c689374-7b55-4002-a72e-49e03da11e9d;416.46;0.0892;BUY
2016-03-26T00:18:53.080000;2016-03-26T00:18:53.100000;315b3848-bc98-4736-9d2c-c61d541b527c;416.46;0.0408;BUY
2016-03-26T00:19:31.207000;2016-03-26T00:19:31.210000;22d776ee-a6c2-4c3e-b9c7-f89ffa74a5bb;416.46;0.06895;BUY
2016-03-26T00:20:01.320000;2016-03-26T00:20:01.337000;9bd7baff-eaf1-438f-940d-4edc765d235f;416.42;0.01;SELL
2016-03-26T00:20:01.323000;2016-03-26T00:20:01.350000;0d1ccdda-32fd-4da2-bdf8-f74d8cc927d0;416.41;0.01;SELL
2016-03-26T00:20:01.323000;2016-03-26T00:20:01.350000;63db8ed2-e07f-469f-a466-65109b65ece3;416.4;0.00401;SELL
2016-03-26T00:20:31.290000;2016-03-26T00:20:31.353000;aa6f10da-5763-48cb-b82b-f9bf502f94ba;416.46;0.01;BUY
2016-03-26T00:20:31.290000;2016-03-26T00:20:31.370000;db3286ac-831c-4c2c-a972-a8009810cc50;416.46;0.04933;BUY
2016-03-26T00:21:34.987000;2016-03-26T00:21:35.043000;f11dc9c5-220c-4f09-a3fc-d43aa75ee772;416.48;1.0;BUY
2016-03-26T00:22:01.503000;2016-03-26T00:22:01.557000;de832eac-1a49-48d4-849c-72a0d9780b3a;416.4;0.16006;SELL
2016-03-26T00:22:31.280000;2016-03-26T00:22:31.323000;1156429b-2d05-4b34-9ebf-a0ff20e3de67;416.48;0.49011;BUY
2016-03-26T00:22:53.297000;2016-03-26T00:22:53.353000;15139c2e-ac03-4329-bec8-33ed7f381cdc;416.48;4.3221207;BUY
2016-03-26T00:22:53.297000;2016-03-26T00:22:53.370000;0683aad3-b320-480f-9471-6afd67dd99d7;416.48;0.25;BUY
2016-03-26T00:22:53.297000;2016-03-26T00:22:53.370000;85ff4d4d-0ebe-4996-aa10-c182f99fd5d6;416.48;0.35;BUY
2016-03-26T00:22:53.297000;2016-03-26T00:22:53.370000;2b3946a6-bb7d-42f1-89fe-88bdb179c52e;416.5;0.01;BUY
2016-03-26T00:22:53.297000;2016-03-26T00:22:53.387000;b40fdbcf-5ed8-47cb-aecd-d5c09dae0b3f;416.5;1.05554803;BUY
2016-03-26T00:23:01.677000;2016-03-26T00:23:01.730000;03bd990a-2e11-4616-82dc-244bfe4cde08;416.51;0.241;BUY
2016-03-26T00:23:01.677000;2016-03-26T00:23:01.747000;c3cb05b9-c00c-4bad-ab06-fb9557e1df57;416.54;0.01;BUY
2016-03-26T00:23:01.677000;2016-03-26T00:23:01.747000;0f17a9c8-8765-4cd5-b6b7-01324551227a;416.56;0.01;BUY
2016-03-26T00:23:01.677000;2016-03-26T00:23:01.747000;cd9dee76-ff8f-4048-9f07-46e442e328c6;416.56;0.28;BUY
2016-03-26T00:23:01.677000;2016-03-26T00:23:01.747000;9514660f-084c-4cdf-8d6f-84bc0a9f04c0;416.58;0.25;BUY
2016-03-26T00:23:01.677000;2016-03-26T00:23:01.760000;8450c9fc-2eb2-416d-a49d-b179d6e495f5;416.6;0.35011;BUY
2016-03-26T00:23:32.100000;2016-03-26T00:23:32.153000;6eff90fa-274c-4636-bb8d-56cdf6800fb6;416.45;0.455;SELL
2016-03-26T00:23:32.100000;2016-03-26T00:23:32.213000;75cc4959-8632-4a23-8ef4-ace471f2df0f;416.45;0.35;SELL
2016-03-26T00:23:32.100000;2016-03-26T00:23:32.213000;6c8ac6ff-c812-47a0-82f2-54ab5e66e50d;416.45;0.0125;SELL
2016-03-26T00:23:32.100000;2016-03-26T00:23:32.213000;f0e54c9e-2cb1-4b21-b7f3-d1e76e3adaf3;416.44;6.05001;SELL
2016-03-26T00:24:01.400000;2016-03-26T00:24:01.450000;79e8033e-2b14-4ac7-96f6-e5f5fba3cc57;416.53;0.01;BUY
2016-03-26T00:24:01.400000;2016-03-26T00:24:01.480000;3239d3e6-493b-4f0c-b3e0-285b9f521a2c;416.57;0.22891;BUY
2016-03-26T00:24:08.953000;2016-03-26T00:24:08.997000;f0e5f242-9cbe-407a-b653-38a4a4d2e8e6;416.59;0.01;BUY
2016-03-26T00:24:08.953000;2016-03-26T00:24:09.027000;04856bfe-45a3-4a57-bbf3-c000d71175f4;416.6;0.01;BUY
2016-03-26T00:24:31.443000;2016-03-26T00:24:31.497000;23d3e34a-1912-4eae-8e80-cfcb381bac7a;416.6;0.63989;BUY
2016-03-26T00:24:31.443000;2016-03-26T00:24:31.510000;de6b6462-bd40-4d00-a80a-93c64f66ba4e;416.6;0.25;BUY
2016-03-26T00:24:31.443000;2016-03-26T00:24:31.510000;9603c9c7-82d8-42db-9fed-ec79082541bd;416.6;1.64952;BUY
2016-03-26T00:26:06.067000;2016-03-26T00:26:06.120000;83bd6386-c5ae-452c-bbc7-f2bcfffaba24;416.59;0.01;SELL
2016-03-26T00:26:06.067000;2016-03-26T00:26:06.137000;171520aa-c1b0-467b-8279-0f70d3fed030;416.5;0.01;SELL
2016-03-26T00:26:06.070000;2016-03-26T00:26:06.137000;cf122210-b94c-4131-8907-ea578c9ccd9c;416.5;0.126;SELL
2016-03-26T00:26:06.070000;2016-03-26T00:26:06.137000;3b8c8724-590d-48da-b0be-bb139e1c1444;416.48;0.25;SELL
2016-03-26T00:26:06.070000;2016-03-26T00:26:06.137000;087a5f8a-dff9-4985-89ac-57fbfeca50d0;416.47;0.35;SELL
2016-03-26T00:26:06.070000;2016-03-26T00:26:06.137000;f953ee6c-e8eb-47c4-952e-04f8bad5fd6d;416.45;0.102;SELL
2016-03-26T00:26:06.070000;2016-03-26T00:26:06.137000;20ad6d1e-b43a-4e55-8404-dd1fe27e01db;416.41;0.01;SELL
2016-03-26T00:26:06.070000;2016-03-26T00:26:06.137000;c645de3e-8d4f-4c0d-bbc8-8323451630c3;416.41;0.47694;SELL
2016-03-26T00:27:01.320000;2016-03-26T00:27:01.357000;71b2c4c3-af29-4b92-b317-d81d3def8553;416.49;0.69;BUY
2016-03-26T00:27:01.320000;2016-03-26T00:27:01.370000;8151e625-5aca-4589-b119-555ac8544232;416.5;0.01;BUY
2016-03-26T00:27:01.320000;2016-03-26T00:27:01.370000;257a6769-959e-431f-b0a0-fca73868aae0;416.5;0.20873;BUY
2016-03-26T00:27:31.377000;2016-03-26T00:27:31.417000;5529a61b-be2c-4197-8c88-7aa01cbdb558;416.49;0.01;BUY
2016-03-26T00:27:31.377000;2016-03-26T00:27:31.433000;86d42812-4726-49fb-bd47-bd239e3caac4;416.49;0.233;BUY
2016-03-26T00:27:31.377000;2016-03-26T00:27:31.433000;705d2143-5dc5-43c7-b9b6-9e28da60bf51;416.51;0.01;BUY
2016-03-26T00:27:31.377000;2016-03-26T00:27:31.433000;904cc964-1047-4d33-ba25-e3a5c3dfbbee;416.51;1.00688;BUY
2016-03-26T00:28:05.620000;2016-03-26T00:28:05.653000;aeaca35d-e50d-42c6-8f96-eb41a810e29d;416.5;0.221;BUY
2016-03-26T00:28:05.620000;2016-03-26T00:28:05.667000;93cf36ad-9062-4080-986d-94565b75c43e;416.5;0.01672;BUY
2016-03-26T00:28:31.477000;2016-03-26T00:28:31.510000;a3d03f08-772b-4315-bc13-42f4b962f378;416.5;0.262;BUY
2016-03-26T00:28:31.477000;2016-03-26T00:28:31.543000;80c06fab-78a3-4212-bb96-a21aed20e561;416.51;0.43875;BUY
2016-03-26T00:29:01.580000;2016-03-26T00:29:01.620000;dfce191b-d07c-4b8e-9d8f-ea266bab0d99;416.5;0.214;BUY
2016-03-26T00:29:01.583000;2016-03-26T00:29:01.620000;d1c00230-3e32-43aa-b8b5-40234ca13ed1;416.51;0.02372;BUY
2016-03-26T00:29:31.253000;2016-03-26T00:29:31.293000;f685662e-30de-4242-9f9c-1c445f9957cb;416.53;0.02441;BUY
2016-03-26T00:30:01.637000;2016-03-26T00:30:01.667000;b79b60c3-97d9-425d-ad2b-8a3c530b496e;416.44;0.0125;SELL
2016-03-26T00:30:01.637000;2016-03-26T00:30:01.700000;5ee9cac8-3881-488e-8633-341b6d4483ac;416.44;0.11;SELL
2016-03-26T00:30:01.637000;2016-03-26T00:30:01.700000;4729f5ee-1e03-4520-978d-17a04546d844;416.42;0.01;SELL
2016-03-26T00:30:01.637000;2016-03-26T00:30:01.700000;881c93fc-f4c7-49b4-8aa0-39b33a82fead;416.41;0.01;SELL
2016-03-26T00:30:01.637000;2016-03-26T00:30:01.700000;348fa32b-939c-4565-85b5-4d91b8f1ab77;416.41;0.15;SELL
2016-03-26T00:30:01.637000;2016-03-26T00:30:01.713000;a50b01e5-70bf-49e8-b4eb-be15a0302dd9;416.4;0.23076;SELL
2016-03-26T00:30:34.280000;2016-03-26T00:30:34.340000;e12b4130-8f3d-4fe4-bbe9-2bb625c3abaf;416.5;0.01;BUY
2016-03-26T00:30:34.283000;2016-03-26T00:30:34.340000;94580eee-a592-4c89-b26e-ce4bc8273557;416.53;0.07319;BUY
2016-03-26T00:31:01.880000;2016-03-26T00:31:01.917000;4376a90f-061f-4443-b0ba-1b9d7801bc4f;416.51;0.19351;BUY
2016-03-26T00:31:26.030000;2016-03-26T00:31:26.057000;86d2372d-82d6-494e-8ad4-da4ad84a26ff;416.44;0.0125;SELL
2016-03-26T00:31:31.723000;2016-03-26T00:31:31.777000;f8695a12-5e1b-42be-a061-8a307bf00987;416.47;0.32923;BUY
2016-03-26T00:32:01.437000;2016-03-26T00:32:01.480000;835c3d89-c0b7-4597-824c-5ddb874e996f;416.48;0.239;BUY
2016-03-26T00:32:01.437000;2016-03-26T00:32:01.480000;0de1328b-79cc-4c43-b8d8-17ddd4ea542f;416.49;3.13951;BUY
2016-03-26T00:33:01.583000;2016-03-26T00:33:01.653000;43e4837c-d3c0-48a0-897a-803182b32760;416.42;5.0;SELL
2016-03-26T00:33:01.583000;2016-03-26T00:33:01.653000;60f4247f-f0ee-4daa-abce-bd7c9198fe36;416.41;0.01;SELL
2016-03-26T00:33:01.583000;2016-03-26T00:33:01.653000;3104c3a6-61af-485a-ab52-9a18b89e4ba3;416.4;0.60918;SELL
2016-03-26T00:33:01.583000;2016-03-26T00:33:01.653000;9d3a3561-b160-401e-80b7-4bca50ccb5a1;416.39;0.25;SELL
2016-03-26T00:33:01.583000;2016-03-26T00:33:01.653000;08c853d5-80b8-458e-89c5-83954f5baaa0;416.38;0.02;SELL
2016-03-26T00:33:01.583000;2016-03-26T00:33:01.653000;7b349da0-8e83-4e3b-8692-c875212bd741;416.38;0.35;SELL
2016-03-26T00:33:01.583000;2016-03-26T00:33:01.653000;222062fe-635e-4bd3-858d-7e3f1b0b80ef;416.37;0.25;SELL
2016-03-26T00:33:01.583000;2016-03-26T00:33:01.653000;0c6feb1c-77ca-4e59-822a-ca7617ef5b4b;416.37;0.35;SELL
2016-03-26T00:33:01.583000;2016-03-26T00:33:01.667000;7b28282a-be6a-469d-b998-cdbd406ca6ac;416.36;0.25;SELL
2016-03-26T00:33:01.583000;2016-03-26T00:33:01.667000;9530512f-45f5-4b90-b836-8e5e9ac2ac01;416.35;0.351;SELL
2016-03-26T00:33:01.587000;2016-03-26T00:33:01.667000;c43b6bd9-09ae-419d-9d94-4689d4417663;416.34;0.01;SELL
2016-03-26T00:33:01.587000;2016-03-26T00:33:01.667000;18eba558-5337-4fb9-a63a-45d10f503279;416.34;0.25;SELL
2016-03-26T00:33:01.587000;2016-03-26T00:33:01.683000;d491602d-f2a9-4346-a47b-df318d80a9e9;416.32;0.01;SELL
2016-03-26T00:33:01.587000;2016-03-26T00:33:01.683000;98cf28cd-90cc-412f-952d-e93c86abb4d5;416.31;0.2013;SELL
2016-03-26T00:33:01.587000;2016-03-26T00:33:01.683000;7c6fd692-0a4c-4536-8427-340676a96f1f;416.3;1.0;SELL
2016-03-26T00:33:01.587000;2016-03-26T00:33:01.683000;928a67eb-863a-4dc6-94de-c1bf8646dcb3;416.3;0.312;SELL
2016-03-26T00:33:01.587000;2016-03-26T00:33:01.700000;3671c6d0-1d5c-449a-b6d8-8ee2ef752788;416.29;0.25;SELL
2016-03-26T00:33:01.587000;2016-03-26T00:33:01.700000;fe4f9baf-63c3-43f8-9aec-82718b5aa49b;416.28;3.0;SELL
2016-03-26T00:33:01.587000;2016-03-26T00:33:01.700000;dff609be-36a8-498a-af37-f6d8c04ba2c4;416.27;0.01;SELL
2016-03-26T00:33:01.587000;2016-03-26T00:33:01.700000;553cd46c-f6c7-4f66-9ff4-32bb4b618de1;416.26;0.075047;SELL
2016-03-26T00:33:01.587000;2016-03-26T00:33:01.700000;1a26c9f9-ceb2-424c-9872-df660eab8c1b;416.25;0.01;SELL
2016-03-26T00:33:01.587000;2016-03-26T00:33:01.713000;f1cc4480-dc2e-420f-9e6a-a9ad7a3a5018;416.25;0.194;SELL
2016-03-26T00:33:01.587000;2016-03-26T00:33:01.713000;12540d09-c500-423a-b66d-f8f6666746bc;416.24;0.25;SELL
2016-03-26T00:33:01.587000;2016-03-26T00:33:01.713000;a210ee72-b74b-482c-8c2e-47a4d54f8477;416.24;0.25;SELL
2016-03-26T00:33:01.587000;2016-03-26T00:33:01.713000;ec45a6ab-e693-4c01-9421-c4b45c7bff1c;416.23;0.25;SELL
2016-03-26T00:33:01.587000;2016-03-26T00:33:01.713000;fb8f8e58-7ff5-4ead-a6f5-b0fee08735c8;416.22;0.01;SELL
2016-03-26T00:33:01.587000;2016-03-26T00:33:01.713000;51a5c1d1-2d73-4124-8265-5c7331c1509e;416.22;1.0;SELL
2016-03-26T00:33:01.587000;2016-03-26T00:33:01.747000;4eb8a471-0dcd-4074-a92b-b60408987726;416.22;0.15;SELL
2016-03-26T00:33:01.587000;2016-03-26T00:33:01.747000;8d15f265-6d9c-44f4-bce7-b2d1a41ac7c5;416.2;0.3905;SELL
2016-03-26T00:33:01.587000;2016-03-26T00:33:01.747000;d42397d5-fe4e-42df-9c9d-ceb3260d51a7;416.2;0.235;SELL
2016-03-26T00:33:01.590000;2016-03-26T00:33:01.747000;358546fe-3a05-4f6d-86c0-d08714739fe4;416.19;0.25;SELL
2016-03-26T00:33:01.590000;2016-03-26T00:33:01.747000;d3df8c80-097a-42d4-bd14-bebeb1f0b3d1;416.19;0.1;SELL
2016-03-26T00:33:01.590000;2016-03-26T00:33:01.747000;884dca00-5027-4e81-9a25-016fde62eaa1;416.17;0.01;SELL
2016-03-26T00:33:01.590000;2016-03-26T00:33:01.760000;13422c74-542e-4970-a7a3-58d077c75d86;416.15;0.01;SELL
2016-03-26T00:33:01.590000;2016-03-26T00:33:01.760000;9f88a2a4-0607-4811-9b16-187c381eb7f9;416.15;0.24;SELL
2016-03-26T00:33:01.590000;2016-03-26T00:33:01.760000;fbed2249-58e3-4854-b165-65c00001a850;416.14;0.117;SELL
2016-03-26T00:33:01.590000;2016-03-26T00:33:01.760000;04427ff8-5907-455c-a855-1c76129da789;416.14;0.35252555;SELL
2016-03-26T00:33:01.590000;2016-03-26T00:33:01.760000;cd0a1a65-5d4c-41c7-8917-58063ef633eb;416.13;0.25;SELL
2016-03-26T00:33:01.590000;2016-03-26T00:33:01.760000;1c96f356-8cc7-4732-9c29-f9eea8fedfd9;416.13;0.084;SELL
2016-03-26T00:33:01.590000;2016-03-26T00:33:01.777000;896e2359-d922-44f0-875b-8db47ef4af76;416.12;0.023;SELL
2016-03-26T00:33:01.590000;2016-03-26T00:33:01.777000;19c5c199-3355-47af-b64e-2b39bd7a62c4;416.11;4.0;SELL
2016-03-26T00:33:01.590000;2016-03-26T00:33:01.777000;41152742-7ce1-48ae-a469-4d1e8c013bc8;416.1;0.023;SELL
2016-03-26T00:33:01.590000;2016-03-26T00:33:01.777000;690bceb6-92e4-4140-84b1-bb5bb30c1477;416.08;0.01;SELL
2016-03-26T00:33:01.590000;2016-03-26T00:33:01.793000;0bfbb062-29b8-43bc-b599-400394ad55fe;416.08;0.023;SELL
2016-03-26T00:33:01.590000;2016-03-26T00:33:01.793000;290e799e-cc84-4519-9bd1-601f7d9f8fdf;416.06;0.023;SELL
2016-03-26T00:33:01.590000;2016-03-26T00:33:01.793000;0c76d631-4c6a-44bc-99ac-d069190bfe23;416.06;0.01;SELL
2016-03-26T00:33:01.590000;2016-03-26T00:33:01.793000;bbf8bafd-56bc-4e83-ada8-44314e88e3a2;416.06;0.088;SELL
2016-03-26T00:33:01.590000;2016-03-26T00:33:01.793000;ea7376f1-9851-422f-9ba1-984b0723374d;416.04;0.14268;SELL
2016-03-26T00:33:01.590000;2016-03-26T00:33:01.823000;abb990ec-7f91-48ae-bbaf-b28bb252f80c;416.04;0.023;SELL
2016-03-26T00:33:01.593000;2016-03-26T00:33:01.823000;0e0f0071-f606-453d-ad77-b7c7b123cb60;416.04;0.25;SELL
2016-03-26T00:33:01.593000;2016-03-26T00:33:01.823000;3885f514-6242-42cf-9f7e-cba363d5477d;416.04;0.01;SELL
2016-03-26T00:33:01.593000;2016-03-26T00:33:01.823000;3588aae1-5df8-4450-b7e8-caef94917d9f;416.03;2.1;SELL
2016-03-26T00:33:01.593000;2016-03-26T00:33:01.823000;05a1df7a-874a-4be2-97ac-a2beaed1dcc7;416.02;0.01;SELL
2016-03-26T00:33:01.593000;2016-03-26T00:33:01.823000;2e546560-1a50-4079-a494-35f77edb3fe8;416.02;0.01;SELL
2016-03-26T00:33:01.593000;2016-03-26T00:33:01.840000;f75ed265-64dd-41f7-b7a5-6403866e61c7;416.02;0.023;SELL
2016-03-26T00:33:01.593000;2016-03-26T00:33:01.840000;55810694-9f74-439d-a149-9d4dd8bd80b5;416.01;0.12;SELL
2016-03-26T00:33:01.593000;2016-03-26T00:33:01.840000;c4f19dda-d898-4b10-a4a8-2e8926d020cb;416.0;0.37904745;SELL
2016-03-26T00:33:34.870000;2016-03-26T00:33:34.887000;44ca63b7-5117-4b52-8ff0-45388ea1f34b;416.43;0.15;BUY
2016-03-26T00:33:34.870000;2016-03-26T00:33:34.917000;e3f4ca7e-980c-4fef-844f-3575cc972bd4;416.44;0.01;BUY
2016-03-26T00:33:34.870000;2016-03-26T00:33:34.917000;c836dea9-ed00-4e7a-ac50-61f1eeb3ad41;416.44;0.31303;BUY
2016-03-26T00:34:01.430000;2016-03-26T00:34:01.450000;fe82c9b3-1c12-45b2-afaa-2e4e9889fb9e;416.44;0.01;BUY
2016-03-26T00:34:01.430000;2016-03-26T00:34:01.480000;beb3f4a7-9653-437f-8bde-659700ac716d;416.44;0.02673;BUY
2016-03-26T00:34:31.263000;2016-03-26T00:34:31.293000;d9cf50fe-8188-41b2-aa69-3aa94b5bd2d9;416.45;0.01;BUY
2016-03-26T00:34:31.263000;2016-03-26T00:34:31.310000;e9dbf56e-78d5-41b7-a716-695a7a84b50a;416.45;0.01;BUY
2016-03-26T00:34:31.263000;2016-03-26T00:34:31.310000;7b602282-1e2e-4fa6-8c4a-538d0eedad5f;416.45;0.023;BUY
2016-03-26T00:34:31.263000;2016-03-26T00:34:31.310000;4d49be9f-2c4e-4eb9-b7e9-331d4829fe8d;416.45;0.01805;BUY
2016-03-26T00:35:03.847000;2016-03-26T00:35:03.870000;152375ee-b836-4882-b42c-21ea63477240;416.44;0.15;BUY
2016-03-26T00:35:03.847000;2016-03-26T00:35:03.887000;54611688-d0bf-46db-835d-0748e1b761b4;416.45;0.00495;BUY
2016-03-26T00:35:03.847000;2016-03-26T00:35:03.887000;6654a3e8-4436-43e6-b31e-ad381a69c9a0;416.45;0.023;BUY
2016-03-26T00:35:03.847000;2016-03-26T00:35:03.887000;7ac99979-47bc-4509-b4cf-af5287d00e95;416.45;0.023;BUY
2016-03-26T00:35:03.847000;2016-03-26T00:35:03.887000;ea726373-a0ca-4087-b703-2c17c2ab28bf;416.45;0.01;BUY
2016-03-26T00:35:03.847000;2016-03-26T00:35:03.980000;fb164d62-6bea-4a01-9988-47a1d328d487;416.45;0.023;BUY
2016-03-26T00:35:03.847000;2016-03-26T00:35:03.980000;401de52e-3833-4e25-a1e7-5e3f231cbd41;416.45;0.023;BUY
2016-03-26T00:35:03.847000;2016-03-26T00:35:03.980000;3f8e2c9d-c650-4881-8483-89c4c77cead1;416.45;1.92418;BUY
2016-03-26T00:35:31.530000;2016-03-26T00:35:31.543000;c70e3dac-81b6-4bbc-9173-28646f8547c2;416.46;0.06707;BUY
2016-03-26T00:36:02.667000;2016-03-26T00:36:02.730000;48c16173-11e8-4256-8b1f-b3932085c256;416.5;0.01;BUY
2016-03-26T00:36:02.667000;2016-03-26T00:36:02.730000;da714c37-0795-42a0-8f4d-fca1b996d635;416.5;0.01;BUY
2016-03-26T00:36:02.667000;2016-03-26T00:36:02.730000;a932b3d6-6eae-47a2-b2ef-ca283989e615;416.5;0.00152;BUY
2016-03-26T00:37:02.650000;2016-03-26T00:37:02.697000;fcd7bae3-0435-4377-ab96-53ac3dbbf624;416.47;0.01182;BUY
2016-03-26T00:37:13.797000;2016-03-26T00:37:13.837000;671511f0-62d0-4849-a899-a6eed091cd49;416.47;0.1;BUY
2016-03-26T00:37:32.747000;2016-03-26T00:37:32.790000;644130a6-5cdf-4f88-b2c1-7b9e59b403cb;416.46;0.01;SELL
2016-03-26T00:37:32.747000;2016-03-26T00:37:32.807000;79f9a277-fd14-4358-aad2-549923f63d50;416.45;0.01;SELL
2016-03-26T00:37:32.747000;2016-03-26T00:37:32.807000;e418e873-f870-4a09-b082-b56de12b3d90;416.44;0.0125;SELL
2016-03-26T00:37:32.750000;2016-03-26T00:37:32.807000;1a42df16-a270-4399-b034-ddb661efc048;416.4;0.32072;SELL
2016-03-26T00:38:01.303000;2016-03-26T00:38:01.337000;b4199c49-1890-42af-833f-8286947e6759;416.47;0.00818;BUY
2016-03-26T00:38:01.303000;2016-03-26T00:38:01.353000;09c80583-d230-4473-b8f5-203c55be2ccd;416.47;0.154;BUY
2016-03-26T00:38:01.303000;2016-03-26T00:38:01.353000;28059b6c-2cbe-47e8-bf43-e83321f3c3a1;416.48;0.1723;BUY
2016-03-26T00:38:31.637000;2016-03-26T00:38:31.683000;e1e13602-4f1e-453c-bd02-ebdb60a29713;416.47;0.05011;BUY
2016-03-26T00:39:05.427000;2016-03-26T00:39:05.463000;1a505300-e09f-4c37-9107-703390c0f5cc;416.46;0.05943;BUY
2016-03-26T00:39:31.613000;2016-03-26T00:39:31.667000;d52fd719-4531-42a1-8cda-a524133230ff;416.47;0.23871805;BUY
2016-03-26T00:39:31.613000;2016-03-26T00:39:31.667000;eabeedb3-93eb-49e0-847f-2478cab94b51;416.47;0.239;BUY
2016-03-26T00:39:31.613000;2016-03-26T00:39:31.683000;839b0266-9978-4728-9e12-a17b351a7684;416.47;0.23912;BUY
2016-03-26T00:39:31.613000;2016-03-26T00:39:31.683000;852ec341-21e7-481b-a68a-b0e759d3d2b7;416.47;0.239;BUY
2016-03-26T00:39:31.613000;2016-03-26T00:39:31.683000;09188229-627a-4508-90e0-7129ad2c05a0;416.47;0.239;BUY
2016-03-26T00:39:31.613000;2016-03-26T00:39:31.697000;84cf4cb7-bf4c-4eba-ba11-3e20e8c0cd95;416.49;0.117;BUY
2016-03-26T00:39:31.613000;2016-03-26T00:39:31.697000;76fad053-2c38-4d52-a486-fa4c4aedc78b;416.5;0.01;BUY
2016-03-26T00:39:31.613000;2016-03-26T00:39:31.697000;afd7b430-db42-454b-91ce-376e789f9f1f;416.53;0.2013;BUY
2016-03-26T00:39:31.613000;2016-03-26T00:39:31.697000;331ab47e-ee3e-4e01-9c29-e70265c858db;416.53;0.35;BUY
2016-03-26T00:39:31.613000;2016-03-26T00:39:31.713000;5c2b0e2a-937b-4024-94b6-fff7fa95c352;416.54;0.109;BUY
2016-03-26T00:39:31.617000;2016-03-26T00:39:31.713000;d6aac795-26e5-40f3-bccf-c0bfcecab0b0;416.55;13.69460195;BUY
2016-03-26T00:40:01.510000;2016-03-26T00:40:01.573000;9a9fd237-098e-4697-87ce-f84f24150e81;416.41;1.02533;SELL
2016-03-26T00:40:31.263000;2016-03-26T00:40:31.290000;48fbd567-e806-4dd9-bbef-20fec1d558c9;416.48;0.14406;BUY
2016-03-26T00:41:01.487000;2016-03-26T00:41:01.527000;c4be1228-515a-4619-a524-ae82b2a7f379;416.45;0.097;SELL
2016-03-26T00:41:01.487000;2016-03-26T00:41:01.540000;da507f54-8469-4843-99df-50065d2fec0e;416.44;0.02207;SELL
2016-03-26T00:41:31.407000;2016-03-26T00:41:31.433000;fe3bcbe1-4dbd-459f-8c1c-010c364b487e;416.5;0.01;BUY
2016-03-26T00:41:31.407000;2016-03-26T00:41:31.447000;26435abb-9f51-402c-89a6-bf0888bb6272;416.55;3.67666;BUY
2016-03-26T00:42:01.350000;2016-03-26T00:42:01.387000;bf883efb-3fe2-448d-af2d-d564a978c3ca;416.51;0.03305595;BUY
2016-03-26T00:42:01.350000;2016-03-26T00:42:01.400000;f64da9f2-5581-4e9e-828e-46e6b2cb69a3;416.54;0.199;BUY
2016-03-26T00:42:01.350000;2016-03-26T00:42:01.400000;8f30f3bf-de0c-41cb-a6fa-de6426e638a0;416.54;0.04225405;BUY
2016-03-26T00:42:31.510000;2016-03-26T00:42:31.540000;d165a1f7-2749-466b-88da-4da4e9f95686;416.52;0.139;BUY
2016-03-26T00:42:31.510000;2016-03-26T00:42:31.557000;e8e37e4c-c22b-4244-afcb-8c303388db09;416.53;0.01;BUY
2016-03-26T00:42:31.510000;2016-03-26T00:42:31.557000;9821560f-806c-414b-b8f5-b2f741fa7094;416.53;0.252;BUY
2016-03-26T00:42:31.513000;2016-03-26T00:42:31.557000;4c77ee99-b5cc-411f-aeb2-a95b30bdb76f;416.54;0.58544595;BUY
2016-03-26T00:42:31.513000;2016-03-26T00:42:31.557000;8afca27d-4d7e-451a-ac53-c4f5675727ca;416.54;0.24;BUY
2016-03-26T00:42:31.513000;2016-03-26T00:42:31.650000;a623a351-8a7a-4d38-be01-26d091540065;416.55;2.00260405;BUY
2016-03-26T00:43:01.350000;2016-03-26T00:43:01.370000;12d64cc0-b185-44fe-9789-b2ea2b14b3ce;416.55;0.09604;BUY
2016-03-26T00:43:31.260000;2016-03-26T00:43:31.290000;ca9f1497-b3d0-4677-82a2-478cb040e6af;416.54;0.01;SELL
2016-03-26T00:43:31.260000;2016-03-26T00:43:31.307000;92792af8-526f-4123-9d55-32da27662136;416.5;0.01;SELL
2016-03-26T00:43:31.260000;2016-03-26T00:43:31.307000;ae01f65d-2d67-40b6-8d04-1bacd92794cb;416.48;0.16068;SELL
2016-03-26T00:44:01.400000;2016-03-26T00:44:01.417000;fbc6ef96-7f73-4b2d-b989-e40e87a26023;416.51;0.4567;SELL
2016-03-26T00:44:31.320000;2016-03-26T00:44:31.340000;e211b67d-7894-402a-8f5a-518b135ed16d;416.55;0.85719;BUY
2016-03-26T00:44:59.123000;2016-03-26T00:44:59.150000;f3dd5a7e-9999-4338-8d1c-a22a4330c37e;416.54;0.238;BUY
2016-03-26T00:44:59.123000;2016-03-26T00:44:59.167000;f328dbf5-0656-4138-b4b7-064c0a63faf9;416.54;0.238;BUY
2016-03-26T00:44:59.123000;2016-03-26T00:44:59.167000;5a65f43d-39f2-4f3b-82cd-45989af05f22;416.54;0.239;BUY
2016-03-26T00:44:59.123000;2016-03-26T00:44:59.167000;2265c2f8-132d-404d-b043-5901e0cb3023;416.54;0.239;BUY
2016-03-26T00:44:59.123000;2016-03-26T00:44:59.167000;9ee96443-2810-41de-9c35-f221824b7388;416.54;0.35;BUY
2016-03-26T00:44:59.123000;2016-03-26T00:44:59.260000;5a43db7c-e937-4796-901f-7e3981693b60;416.54;0.238;BUY
2016-03-26T00:44:59.123000;2016-03-26T00:44:59.260000;3c6f855c-db08-461a-9510-206056eebfdd;416.54;0.238;BUY
2016-03-26T00:44:59.123000;2016-03-26T00:44:59.260000;88cfec9e-3e6f-48a5-b80d-67ecd72eca35;416.54;0.239;BUY
2016-03-26T00:44:59.123000;2016-03-26T00:44:59.260000;5bbd00eb-6ea1-459b-a85f-20f4f13469ff;416.54;0.239;BUY
2016-03-26T00:44:59.127000;2016-03-26T00:44:59.260000;fadbaa7b-fb53-4ab1-936b-60d39e815245;416.54;0.239;BUY
2016-03-26T00:44:59.127000;2016-03-26T00:44:59.260000;ef1e0f73-e804-4224-9277-a8af1a6348b4;416.54;0.376;BUY
2016-03-26T00:44:59.127000;2016-03-26T00:44:59.260000;023f1659-b170-4750-95e5-24d060df5d35;416.54;0.239;BUY
2016-03-26T00:44:59.127000;2016-03-26T00:44:59.260000;c4bbdf54-5e57-442d-858a-b49632601727;416.54;0.238;BUY
2016-03-26T00:44:59.127000;2016-03-26T00:44:59.260000;e76daa6e-0690-44bf-9101-c8292cb257a6;416.54;0.238;BUY
2016-03-26T00:44:59.127000;2016-03-26T00:44:59.260000;9fe1ced3-4b7b-44fb-9caf-5a45ee5fca52;416.55;4.672904;BUY
2016-03-26T00:44:59.127000;2016-03-26T00:44:59.260000;97c483c0-6fdf-40ff-ac22-cd2d41589b00;416.57;0.25;BUY
2016-03-26T00:44:59.127000;2016-03-26T00:44:59.260000;65a4dd97-5df8-48a3-bc15-034ca4ab24bc;416.59;0.01;BUY
2016-03-26T00:44:59.127000;2016-03-26T00:44:59.260000;d487f416-bc66-4452-9b69-71f6deca65b8;416.6;0.25;BUY
2016-03-26T00:44:59.127000;2016-03-26T00:44:59.260000;a7cd970d-05a9-4cb5-8451-e62e380d7495;416.6;0.01;BUY
2016-03-26T00:44:59.127000;2016-03-26T00:44:59.260000;50821c9c-e278-4633-b82a-c9ab36ab6919;416.6;7.19069;BUY
2016-03-26T00:44:59.127000;2016-03-26T00:44:59.260000;6d36640d-f155-48da-ade0-4ecca9466fa0;416.61;0.25;BUY
2016-03-26T00:44:59.127000;2016-03-26T00:44:59.260000;03d73eac-151a-421b-bfc6-859f5dc783d4;416.63;0.01;BUY
2016-03-26T00:44:59.127000;2016-03-26T00:44:59.260000;9a5c2e87-c1d9-45e6-9dfc-bc51e2b176dd;416.63;0.25;BUY
2016-03-26T00:44:59.127000;2016-03-26T00:44:59.260000;b04384d6-4dae-427e-b689-1e167c54ddc7;416.63;0.02;BUY
2016-03-26T00:44:59.127000;2016-03-26T00:44:59.260000;bd33be8d-5a32-47fd-80f2-266d4879d461;416.64;0.25;BUY
2016-03-26T00:44:59.127000;2016-03-26T00:44:59.260000;6ac52551-a19e-4531-9f1c-4189470f1f45;416.65;0.25;BUY
2016-03-26T00:44:59.127000;2016-03-26T00:44:59.260000;3812a8ae-8e4d-4114-a5be-8629a585143a;416.67;0.25;BUY
2016-03-26T00:44:59.127000;2016-03-26T00:44:59.260000;5d30eee0-d2eb-40e5-b975-f401ea084bda;416.67;0.25;BUY
2016-03-26T00:44:59.127000;2016-03-26T00:44:59.260000;f2681855-e4ab-4785-b70e-070bef523cc3;416.68;1.63026514;BUY
2016-03-26T00:45:01.420000;2016-03-26T00:45:01.447000;7e2d0eea-6db5-4dcf-8993-e93b88910902;416.67;0.01;BUY
2016-03-26T00:45:01.423000;2016-03-26T00:45:01.463000;38d708c0-16a5-4d61-b58a-ddb5fb62039d;416.68;1.36199;BUY
2016-03-26T00:45:16.710000;2016-03-26T00:45:16.730000;363df0b2-14ac-48fb-ac7f-8859882528c9;416.67;4.33260546;BUY
2016-03-26T00:45:27.893000;2016-03-26T00:45:27.917000;e02fc8cc-7e0a-4b9c-8cc5-ebc8d6b80f81;416.61;0.04;SELL
2016-03-26T00:45:27.893000;2016-03-26T00:45:27.933000;deeec328-57e0-4bf0-b2bc-28d862008d1f;416.59;5.0;SELL
2016-03-26T00:45:27.893000;2016-03-26T00:45:27.933000;63b2599d-28f3-454e-8b90-a6bbd9c20476;416.54;0.01;SELL
2016-03-26T00:45:27.893000;2016-03-26T00:45:27.933000;7add50cc-5fd2-4151-90f8-947c424e8358;416.5;0.01;SELL
2016-03-26T00:45:27.893000;2016-03-26T00:45:27.963000;3e7d514f-9fb1-47bc-aaa4-5ece2548cba1;416.49;0.35;SELL
2016-03-26T00:45:27.893000;2016-03-26T00:45:27.963000;0f2ef6fc-daec-46a3-915b-365d2009cc9d;416.49;0.57766873;SELL
2016-03-26T00:45:31.550000;2016-03-26T00:45:31.590000;a8857c88-774b-4051-8491-ab6ad873a162;416.6;0.01;BUY
2016-03-26T00:45:31.550000;2016-03-26T00:45:31.590000;e485f372-81f6-468b-84a1-7635c5a151d9;416.67;5.18613;BUY
2016-03-26T00:46:01.417000;2016-03-26T00:46:01.447000;259957fb-1d1d-47b7-8c42-e40b2e879dda;416.7;0.01;BUY
2016-03-26T00:46:01.417000;2016-03-26T00:46:01.447000;c5bd65e5-e45d-4517-b2cc-4194c7456fcd;416.7;3.42256;BUY
2016-03-26T00:46:31.300000;2016-03-26T00:46:31.323000;0f64ac56-85b7-480f-98bb-2f4fb351c0b0;416.59;0.01;SELL
2016-03-26T00:46:31.300000;2016-03-26T00:46:31.340000;0d8d3574-2c5b-4705-904e-401bfc721860;416.58;0.01401;SELL
2016-03-26T00:46:33.980000;2016-03-26T00:46:33.993000;a9edb88a-a0f8-4c4c-bab3-3604db7db681;416.58;0.17;SELL
2016-03-26T00:47:01.453000;2016-03-26T00:47:01.463000;fcb953da-328e-4a42-b164-903fa784f267;416.69;0.01;BUY
2016-03-26T00:47:01.453000;2016-03-26T00:47:01.493000;53bb9914-ef33-47da-843b-9b3210a8f4f6;416.7;1.54137;BUY
2016-03-26T00:48:01.710000;2016-03-26T00:48:01.730000;0d76a41f-e13d-4359-911f-f2d8666a4c86;416.65;0.04;BUY
2016-03-26T00:48:01.710000;2016-03-26T00:48:01.730000;3df2b7f8-669d-4ff8-928b-abd09efd4a00;416.65;0.09164;BUY
2016-03-26T00:48:31.380000;2016-03-26T00:48:31.387000;28eb7662-c93a-4bda-beca-96df2c544ff0;416.7;1.04197;BUY
2016-03-26T00:49:01.430000;2016-03-26T00:49:01.447000;b061b7fc-597e-4d9d-aab5-160f08a05bee;416.69;0.1434;SELL
2016-03-26T00:50:31.533000;2016-03-26T00:50:31.543000;fe32e54f-f6ea-4f0d-aa9a-17e778d7c25d;416.69;0.1434;BUY
2016-03-26T00:50:31.533000;2016-03-26T00:50:31.557000;1373ae2a-87ef-4b7a-bd27-36441dc0cce0;416.69;0.415;BUY
2016-03-26T00:51:01.377000;2016-03-26T00:51:01.430000;da91b265-38d9-4c23-8367-0f877ec53635;416.69;0.16266873;BUY
2016-03-26T00:51:01.380000;2016-03-26T00:51:01.443000;8e9a77b4-78e4-40c6-afe8-0261946a93ee;416.7;1.78571127;BUY
2016-03-26T00:51:05.947000;2016-03-26T00:51:05.990000;bf1bf6b6-a85d-4106-913c-025ad7753eff;416.7;5.95600937;BUY
2016-03-26T00:51:31.353000;2016-03-26T00:51:31.397000;228a2cbc-0957-4497-83f3-38ff45a0d556;416.59;0.01767;SELL
2016-03-26T00:52:01.347000;2016-03-26T00:52:01.397000;6ce8ee81-fe54-4266-9067-85fe24a4bf58;416.59;0.08233;SELL
2016-03-26T00:52:01.347000;2016-03-26T00:52:01.413000;4c404f4a-1ddf-44a2-a44a-e2be0fa48786;416.58;0.25;SELL
2016-03-26T00:52:01.347000;2016-03-26T00:52:01.413000;2722787c-3bda-4c60-b1cf-d169e83a3fc5;416.58;0.35;SELL
2016-03-26T00:52:01.347000;2016-03-26T00:52:01.413000;819defb6-04ac-4694-a81f-d37c17a1a567;416.58;0.05353;SELL
2016-03-26T00:53:02.753000;2016-03-26T00:53:02.803000;144a8a71-7511-4d66-ba28-e55bcc877b33;416.65;0.29577;SELL
2016-03-26T00:53:19.980000;2016-03-26T00:53:20.023000;8a4f4535-7d1e-4989-b44a-62f673a9eea3;416.69;0.1;BUY
2016-03-26T00:53:19.980000;2016-03-26T00:53:20.040000;55dc78e9-b943-4a1b-8348-e4553ce413e4;416.7;7.412;BUY
2016-03-26T00:53:24.520000;2016-03-26T00:53:24.570000;2215e755-863a-43e7-b2c8-26b0e4e16cae;416.7;3.84037936;BUY
2016-03-26T00:53:26.750000;2016-03-26T00:53:26.803000;e39a4de4-847c-4ac1-ad6d-69f63a879808;416.71;0.01;BUY
2016-03-26T00:53:26.750000;2016-03-26T00:53:26.820000;67d93b2a-0c6f-47d5-be64-9df91caf0f10;416.72;0.01;BUY
2016-03-26T00:53:26.750000;2016-03-26T00:53:26.820000;a412b464-bb9d-4e77-8fb9-40d4d00017c9;416.72;0.25;BUY
2016-03-26T00:53:26.750000;2016-03-26T00:53:26.820000;814d3615-4513-4bce-a273-7d3a11606457;416.73;0.25;BUY
2016-03-26T00:53:26.750000;2016-03-26T00:53:26.837000;d5472f46-761d-493c-8c48-663231d21426;416.75;0.01;BUY
2016-03-26T00:53:26.753000;2016-03-26T00:53:26.837000;2af2effa-8aad-4001-9767-61f12dc6b726;416.75;0.01;BUY
2016-03-26T00:53:26.753000;2016-03-26T00:53:26.837000;482376ab-d6b2-496b-bbce-aa4b7e327cb5;416.75;0.25;BUY
2016-03-26T00:53:26.753000;2016-03-26T00:53:26.837000;30c7d50c-7a7b-4e2c-8921-05a8cea4e664;416.75;0.01009;BUY
2016-03-26T00:53:26.753000;2016-03-26T00:53:26.837000;bef93334-b748-4c21-b0fa-3434909e968a;416.77;0.01;BUY
2016-03-26T00:53:26.753000;2016-03-26T00:53:26.837000;29f39204-7b42-44d1-84ff-792abaf3f3f3;416.78;0.02;BUY
2016-03-26T00:53:26.753000;2016-03-26T00:53:26.850000;a5f2eb8c-ef96-4b30-84ea-e84c73b38f49;416.79;1.26;BUY
2016-03-26T00:53:26.753000;2016-03-26T00:53:26.850000;6ad3d0c8-1c50-40fb-9378-6a17f6b1398b;416.81;1.0;BUY
2016-03-26T00:53:26.753000;2016-03-26T00:53:26.850000;36c416fd-7492-48c0-80b8-26a6d19097ad;416.82;0.25;BUY
2016-03-26T00:53:26.753000;2016-03-26T00:53:26.850000;ffe87d84-7539-4d57-be63-2e0a3bfe992c;416.82;0.25;BUY
2016-03-26T00:53:26.753000;2016-03-26T00:53:26.850000;2ce9df50-a224-4c04-b659-77737b4b3885;416.87;0.17056026;BUY
2016-03-26T00:53:26.753000;2016-03-26T00:53:26.883000;d77ea9dc-a61f-4e47-bfa3-fed6bc5a9623;416.87;0.10415292;BUY
2016-03-26T00:53:26.753000;2016-03-26T00:53:26.883000;a88d3121-e251-4b2f-b42c-3d28cd27faf3;416.87;0.02603823;BUY
2016-03-26T00:53:26.753000;2016-03-26T00:53:26.883000;cc78973e-5632-4419-867e-bb7a609f88cc;416.87;0.25;BUY
2016-03-26T00:53:26.753000;2016-03-26T00:53:26.883000;fcb5b46a-9652-4934-85fe-eb521e7e05f9;416.88;0.02;BUY
2016-03-26T00:53:26.753000;2016-03-26T00:53:26.897000;75be85d4-93c7-4249-92d0-6c7bdbb7b9c7;416.88;0.01;BUY
2016-03-26T00:53:26.753000;2016-03-26T00:53:26.897000;f02fa4ee-aa76-4a4a-a846-300318aebf4e;416.89;0.01317837;BUY
2016-03-26T00:53:26.753000;2016-03-26T00:53:26.913000;cab17c18-8d6e-42eb-b1a3-d1d151f9f9b6;416.89;0.25;BUY
2016-03-26T00:53:26.753000;2016-03-26T00:53:26.913000;4d977a33-85f8-452f-9917-c37cf164d1d2;416.89;0.25;BUY
2016-03-26T00:53:26.753000;2016-03-26T00:53:26.913000;45c5b133-60bd-444a-953e-fbe24be022ad;416.9;0.5;BUY
2016-03-26T00:53:26.753000;2016-03-26T00:53:26.913000;6444ab90-5b57-44f9-a99a-69b75c11920b;416.9;0.02;BUY
2016-03-26T00:53:26.753000;2016-03-26T00:53:26.913000;a61f2ada-b686-4fd8-92d9-ea760148fc30;416.9;0.25;BUY
2016-03-26T00:53:26.753000;2016-03-26T00:53:26.913000;e1433486-2c56-4fce-aa95-bb8997407422;416.9;0.02;BUY
2016-03-26T00:53:26.757000;2016-03-26T00:53:26.913000;8d07595b-2377-44f2-8451-d742b14e5f22;416.9;0.01;BUY
2016-03-26T00:53:26.757000;2016-03-26T00:53:26.913000;5c8c8e09-bb24-4650-8544-e51162bce812;416.9;0.01;BUY
2016-03-26T00:53:26.757000;2016-03-26T00:53:26.913000;c409b903-390f-4135-b5d8-0f73a1c7b83d;416.92;0.01;BUY
2016-03-26T00:53:26.757000;2016-03-26T00:53:26.943000;f65fce03-f996-4643-91d6-d04908d15456;416.92;0.81240696;BUY
2016-03-26T00:53:26.757000;2016-03-26T00:53:26.943000;531afc4e-7445-4371-8cf6-d7ea2605b65b;416.92;0.20310174;BUY
2016-03-26T00:53:26.757000;2016-03-26T00:53:26.943000;1ca93140-c81a-4308-ae3f-ef7748638cf9;416.94;0.032;BUY
2016-03-26T00:53:26.757000;2016-03-26T00:53:26.943000;38441579-3e1c-45db-9d3b-1f35af55f2cf;416.95;0.01;BUY
2016-03-26T00:53:26.757000;2016-03-26T00:53:26.943000;6dc20206-2687-427f-bd06-76dd6c6ea625;416.95;0.10668536;BUY
2016-03-26T00:53:26.757000;2016-03-26T00:53:26.943000;6a9fe54b-874d-463c-9cfa-a5e735f16e77;416.95;0.01;BUY
2016-03-26T00:53:26.757000;2016-03-26T00:53:26.943000;37f55b4f-a25f-417c-982f-2981f666c4a6;416.95;0.125;BUY
2016-03-26T00:53:26.757000;2016-03-26T00:53:26.943000;79828c4d-8656-46fb-9c75-4230291509c0;416.95;0.5;BUY
2016-03-26T00:53:26.757000;2016-03-26T00:53:26.943000;39fbe602-d7f2-4191-b041-9257c6232e28;416.95;0.35;BUY
2016-03-26T00:53:32.230000;2016-03-26T00:53:32.273000;901fd957-fb19-4c0b-87fc-368931b5c993;416.96;0.01;BUY
2016-03-26T00:53:32.230000;2016-03-26T00:53:32.290000;9f4e174a-e696-460b-ab8c-43d4ada61d3f;416.96;0.032;BUY
2016-03-26T00:53:32.230000;2016-03-26T00:53:32.290000;7f8ac8b9-ecb0-4214-b1ef-ee6b4084d380;416.96;0.4168;BUY
2016-03-26T00:53:51.287000;2016-03-26T00:53:51.337000;fd39404d-4530-4017-88db-3315fa1e46f4;416.96;2.29695092;BUY
2016-03-26T00:53:51.287000;2016-03-26T00:53:51.350000;177935c7-22ab-42ea-b2fa-ae74db5d3881;416.96;2.71375092;BUY
2016-03-26T00:53:51.287000;2016-03-26T00:53:51.350000;8cdbdcd7-b371-4149-b057-ecba5b65f36b;416.96;0.05077543;BUY
2016-03-26T00:53:51.287000;2016-03-26T00:53:51.350000;e0bdb1a9-312a-4ad5-a926-935a204b9a11;416.97;0.01294804;BUY
2016-03-26T00:53:51.287000;2016-03-26T00:53:51.367000;50c94b98-5c88-4983-bb9b-671bd8c0c430;416.97;0.16397708;BUY
2016-03-26T00:53:51.287000;2016-03-26T00:53:51.367000;f96eb97f-6b78-4357-8fa0-abe32e5546cd;416.97;0.01024857;BUY
2016-03-26T00:53:51.287000;2016-03-26T00:53:51.367000;a0b1d200-c748-4dfe-928d-6fe7c62f6c33;416.97;0.5965;BUY
2016-03-26T00:53:51.287000;2016-03-26T00:53:51.367000;3d6c4aa4-0b56-4655-9881-67400da9ac4f;416.97;0.01;BUY
2016-03-26T00:53:51.287000;2016-03-26T00:53:51.397000;313f0f40-8041-4eaa-944d-c6f947ddccdb;416.97;7.9;BUY
2016-03-26T00:53:51.287000;2016-03-26T00:53:51.397000;cf175718-e04d-46e9-b3db-a6c8aa9451e7;416.98;0.032;BUY
2016-03-26T00:53:51.287000;2016-03-26T00:53:51.397000;e3517382-452d-4696-b795-b5bb2b6d3632;416.98;0.0231;BUY
2016-03-26T00:53:51.287000;2016-03-26T00:53:51.397000;bdf4508b-6e10-4634-9548-436ee011286e;416.98;4.69548;BUY
2016-03-26T00:53:51.287000;2016-03-26T00:53:51.430000;b95f6358-b67c-4e90-a0b2-b24519744d97;416.99;0.01;BUY
2016-03-26T00:53:51.287000;2016-03-26T00:53:51.430000;70514698-eb03-4282-9db9-172b6b2b9198;417.0;0.1;BUY
2016-03-26T00:53:51.287000;2016-03-26T00:53:51.430000;54ee0be6-e3fe-4457-baa7-198de5180a36;417.0;0.032;BUY
2016-03-26T00:53:51.287000;2016-03-26T00:53:51.430000;5c524005-5d7c-4701-93be-ca4ec83bfd48;417.0;0.1;BUY
2016-03-26T00:53:51.287000;2016-03-26T00:53:51.430000;8f71bdf8-dab7-42aa-8a76-7cbeee0b5fbf;417.0;0.3;BUY
2016-03-26T00:53:51.287000;2016-03-26T00:53:51.443000;e35c10d7-6655-4e54-9972-3f85686e28d1;417.0;1.0;BUY
2016-03-26T00:53:51.287000;2016-03-26T00:53:51.443000;b645a952-5983-4e69-bc82-2b83b1cf4d10;417.0;0.07847436;BUY
2016-03-26T00:53:51.287000;2016-03-26T00:53:51.443000;c8b792e8-3896-46e2-8e75-44797fb66f76;417.0;0.1102;BUY
2016-03-26T00:53:51.287000;2016-03-26T00:53:51.443000;28ce8aca-1452-4997-b126-3c5f8ce492a0;417.0;0.01;BUY
2016-03-26T00:53:51.287000;2016-03-26T00:53:51.443000;b23cc841-d9f4-467c-97b6-9c323b60b074;417.0;5.0;BUY
2016-03-26T00:53:51.290000;2016-03-26T00:53:51.443000;1245e0df-473b-4d0e-9679-9d1fc8bb683b;417.0;4.0;BUY
2016-03-26T00:53:51.290000;2016-03-26T00:53:51.443000;a30eb320-df66-4847-9556-6d569d927cca;417.0;0.1;BUY
2016-03-26T00:53:51.290000;2016-03-26T00:53:51.443000;f423f17f-fdf9-4c8c-858a-6fd3e8ca6c18;417.0;0.01;BUY
2016-03-26T00:53:51.290000;2016-03-26T00:53:51.443000;e1acf6d3-7dd4-4261-ae93-231c03a9d97d;417.0;0.02;BUY
2016-03-26T00:53:51.290000;2016-03-26T00:53:51.443000;bcc721b0-9234-4443-bb80-7957f14d931e;417.0;3.0;BUY
2016-03-26T00:53:51.290000;2016-03-26T00:53:51.443000;05b1f44e-fcf3-4c5b-a50e-1cbc91ed9125;417.0;0.35;BUY
2016-03-26T00:53:51.290000;2016-03-26T00:53:51.443000;b5b164ed-1e54-445d-843a-12e0f336aac4;417.01;0.03;BUY
2016-03-26T00:53:51.290000;2016-03-26T00:53:51.443000;87b04350-a1f6-43cf-a0fd-bad7e57b4a36;417.01;0.125;BUY
2016-03-26T00:53:51.290000;2016-03-26T00:53:51.477000;21ab2b9d-11df-4a7d-816e-095de281ed91;417.02;0.032;BUY
2016-03-26T00:53:51.290000;2016-03-26T00:53:51.477000;bff52dcb-98a5-4051-a3d9-95459f1705fb;417.02;0.25;BUY
2016-03-26T00:53:51.290000;2016-03-26T00:53:51.477000;bcee20fe-86de-4092-b058-a0260a154ec9;417.02;0.01269386;BUY
2016-03-26T00:53:51.290000;2016-03-26T00:53:51.477000;bfb416fe-cf31-4398-97e9-0f3be59ba18e;417.03;0.14947289;BUY
2016-03-26T00:53:51.290000;2016-03-26T00:53:51.477000;dc21d1ad-38ce-4036-9bc0-11c04f6bf6d5;417.03;0.081;BUY
2016-03-26T00:53:51.290000;2016-03-26T00:53:51.477000;4a0cc635-0e9e-4059-8f56-8f462fca134b;417.04;0.02831;BUY
2016-03-26T00:53:51.290000;2016-03-26T00:53:51.493000;7e159f96-8de6-4c44-a3ad-46b8c33453a9;417.04;0.08556641;BUY
2016-03-26T00:53:51.290000;2016-03-26T00:53:51.493000;b1a18e28-f4a2-484c-8fd9-075cc069ce8f;417.04;0.0213916;BUY
2016-03-26T00:53:51.290000;2016-03-26T00:53:51.493000;b1874f1b-fe69-4c05-810f-11967fbd50a7;417.05;0.02667134;BUY
2016-03-26T00:53:51.290000;2016-03-26T00:53:51.493000;7932fd3a-9450-43f5-a68e-2648e00c7e36;417.06;0.032;BUY
2016-03-26T00:53:51.290000;2016-03-26T00:53:51.523000;ef515582-c7f8-4af5-814b-9c8a00439b19;417.07;0.34226561;BUY
2016-03-26T00:53:51.290000;2016-03-26T00:53:51.553000;1bb9ed9e-a691-42b9-9b6f-70f648f74915;417.07;2.38462856;BUY
2016-03-26T00:53:51.290000;2016-03-26T00:53:51.553000;6c08a1f0-5521-477f-9230-f2595d4b38d9;417.07;0.16089805;BUY
2016-03-26T00:53:51.293000;2016-03-26T00:53:51.553000;ab3072c0-5526-4895-b574-7850f0fb6fdd;417.07;0.04022451;BUY
2016-03-26T00:53:51.293000;2016-03-26T00:53:51.553000;f2ac2131-6164-4f3d-8683-270707f12f0b;417.08;0.032;BUY
2016-03-26T00:53:51.293000;2016-03-26T00:53:51.553000;8c9fd305-7b24-41fe-8f7d-d5bf49bbe679;417.08;0.02775996;BUY
2016-03-26T00:53:51.293000;2016-03-26T00:53:51.553000;de6e3722-a10d-44eb-a7d1-7881a29bbc38;417.08;0.0490879;BUY
2016-03-26T00:53:51.293000;2016-03-26T00:53:51.553000;06f75ead-7ae4-4feb-895f-4aefc49e686e;417.08;12.75922;BUY
2016-03-26T00:53:51.293000;2016-03-26T00:53:51.553000;ce9dc7f1-4842-4a25-97f6-d7a56ae04b2b;417.09;0.01;BUY
2016-03-26T00:53:51.293000;2016-03-26T00:53:51.553000;5c38cc8b-57bb-4e79-829e-c943ff56e04c;417.09;0.02;BUY
2016-03-26T00:53:51.293000;2016-03-26T00:53:51.553000;cf4e7464-4762-467a-be32-623b44fcfde5;417.09;0.03736822;BUY
2016-03-26T00:53:51.293000;2016-03-26T00:53:51.553000;a354438c-1d5f-4a45-a2f4-3ef7766c8262;417.1;0.01;BUY
2016-03-26T00:53:51.293000;2016-03-26T00:53:51.553000;a1678f4e-02af-464c-a97f-46bdf25b9914;417.1;0.032;BUY
2016-03-26T00:53:51.293000;2016-03-26T00:53:51.553000;213e375e-646b-4db1-83e2-daf7f0bf9671;417.1;0.016;BUY
2016-03-26T00:53:51.293000;2016-03-26T00:53:51.553000;c52bcda7-a062-45cc-834d-9d7c8adece52;417.11;0.44415941;BUY
2016-03-26T00:53:51.293000;2016-03-26T00:53:51.553000;7580b53d-20be-4ecf-a866-2cbefacdca6f;417.11;0.58034545;BUY
2016-03-26T00:53:51.293000;2016-03-26T00:53:51.553000;bed02abc-3131-49cf-9f79-da53fb072f14;417.12;0.032;BUY
2016-03-26T00:53:51.293000;2016-03-26T00:53:51.553000;6396867d-6bc0-4301-8629-5cfb92db5aae;417.12;0.11103985;BUY
2016-03-26T00:53:51.293000;2016-03-26T00:53:51.553000;47358bef-3786-4a22-a346-f2d9fa60313e;417.13;0.01287933;BUY
2016-03-26T00:53:51.293000;2016-03-26T00:53:51.570000;2c358479-83c2-4268-954f-2fdce5e491d2;417.13;0.1963516;BUY
2016-03-26T00:53:51.293000;2016-03-26T00:53:51.570000;9a5e1467-dcfc-434e-ad27-7ecdd53db2fb;417.14;0.032;BUY
2016-03-26T00:53:51.293000;2016-03-26T00:53:51.570000;e3d3f508-40c8-4096-8dfd-c26bca5893fc;417.14;0.01;BUY
2016-03-26T00:53:51.293000;2016-03-26T00:53:51.570000;b9c7a720-a12a-43bd-a62c-686d262a121f;417.14;0.01005613;BUY
2016-03-26T00:53:51.293000;2016-03-26T00:53:51.570000;a252a593-1474-4817-b0f5-8a3255741ec8;417.14;0.01005613;BUY
2016-03-26T00:53:51.293000;2016-03-26T00:53:51.570000;af493d26-e9b2-4180-8ebb-c6e72375cd24;417.15;0.01227198;BUY
2016-03-26T00:53:51.297000;2016-03-26T00:53:51.587000;fbe5856d-9604-4812-be73-2df3658ee42d;417.16;0.032;BUY
2016-03-26T00:53:51.297000;2016-03-26T00:53:51.587000;a56e0b8b-49c8-4914-a6b5-0763d7ab1e9c;417.16;0.016;BUY
2016-03-26T00:53:51.297000;2016-03-26T00:53:51.587000;71f22f05-f631-464c-a397-2b52ad307b09;417.18;0.032;BUY
2016-03-26T00:53:51.297000;2016-03-26T00:53:51.587000;cf114f90-90d0-441b-a867-77154488dea6;417.2;0.0195;BUY
2016-03-26T00:53:51.297000;2016-03-26T00:53:51.617000;379a44dd-2074-45c0-a901-9bdf571ce712;417.2;0.0125;BUY
2016-03-26T00:53:51.297000;2016-03-26T00:53:51.633000;ffe25215-6c95-4bfc-891a-a225febc6a68;417.2;0.01;BUY
2016-03-26T00:53:51.297000;2016-03-26T00:53:51.633000;1e1de468-8dff-49b4-b0c5-8ba55e2a897e;417.2;0.01;BUY
2016-03-26T00:53:51.297000;2016-03-26T00:53:51.633000;3a1eeba4-b834-4641-bfac-1d68ca732147;417.21;0.01;BUY
2016-03-26T00:53:51.297000;2016-03-26T00:53:51.633000;9b123247-5ceb-45c0-9eed-8568a00a0436;417.21;0.0115;BUY
2016-03-26T00:53:51.297000;2016-03-26T00:53:51.633000;8655a34e-bc2c-466a-ac78-68de9eeb0e57;417.22;0.01;BUY
2016-03-26T00:53:51.297000;2016-03-26T00:53:51.633000;021f12fc-81b9-4415-ba16-d2fbd1ecb11b;417.22;0.032;BUY
2016-03-26T00:53:51.297000;2016-03-26T00:53:51.633000;a48bb105-e8b9-4cc5-a09c-6afe848f4dc5;417.22;0.27681637;BUY
2016-03-26T00:54:01.357000;2016-03-26T00:54:01.397000;1a7edb5f-b429-4f02-b1af-19d39fa91466;417.22;0.59363;BUY
2016-03-26T00:54:31.413000;2016-03-26T00:54:31.443000;5f5d63c9-b26b-4275-a40d-f4c9027e5550;417.22;1.61099;BUY
2016-03-26T00:55:01.690000;2016-03-26T00:55:01.727000;41807a25-de1b-4005-bf79-cb8dcd699990;417.22;1.0;BUY
2016-03-26T00:56:01.390000;2016-03-26T00:56:01.430000;05b7bef8-6ca0-49c4-bd05-d8a5c5308fa6;417.22;2.44428;BUY
2016-03-26T00:56:19.083000;2016-03-26T00:56:19.117000;ed1354c4-3cfb-474d-83e8-9ec63d65f965;417.22;0.05;BUY
2016-03-26T00:56:31.313000;2016-03-26T00:56:31.350000;0520138a-d430-4c1b-ba86-1d203564b20c;417.22;0.22151;BUY
2016-03-26T00:57:01.693000;2016-03-26T00:57:01.743000;c6fa9893-d0a7-4219-b6be-875150fd2ccc;417.22;0.66875;BUY
2016-03-26T00:58:01.517000;2016-03-26T00:58:01.553000;79176d23-7d1f-49f1-ae27-2e4148e67085;417.22;0.65794;BUY
2016-03-26T00:58:31.340000;2016-03-26T00:58:31.367000;c2267c28-2b55-471c-9862-437f93c3fde6;417.22;0.13054;BUY
2016-03-26T00:59:01.903000;2016-03-26T00:59:01.947000;eba90736-953c-4614-9f72-bb3f51fa8a16;417.21;0.05;SELL
2016-03-26T00:59:01.903000;2016-03-26T00:59:01.947000;ae8c8651-6d43-47d1-a0f2-7b930ed4d723;417.15;0.01;SELL
2016-03-26T00:59:01.903000;2016-03-26T00:59:01.947000;38660fbb-3743-44c7-8a81-00c3838c696a;417.1;0.14;SELL
2016-03-26T00:59:31.320000;2016-03-26T00:59:31.350000;5c19601e-5626-4123-b717-938429875139;417.11;0.01;SELL
2016-03-26T00:59:31.320000;2016-03-26T00:59:31.367000;59b06a2b-8794-4dfc-b0a6-c3b6d720affe;417.11;0.05;SELL
2016-03-26T00:59:31.320000;2016-03-26T00:59:31.367000;268345ee-9c04-45b0-8d88-68efb353dc64;417.11;0.118;SELL
2016-03-26T00:59:31.320000;2016-03-26T00:59:31.367000;02e3d583-c1b1-4848-8396-d2d9f6425989;417.1;0.11;SELL
2016-03-26T00:59:31.320000;2016-03-26T00:59:31.367000;cc8c41ce-8924-4ade-8941-e61253a01b05;417.1;0.25;SELL
2016-03-26T00:59:31.320000;2016-03-26T00:59:31.460000;bf443da6-fb20-420a-9c24-7bc5f32b482e;417.07;0.15;SELL
2016-03-26T00:59:31.320000;2016-03-26T00:59:31.460000;3d5e15f5-82c7-4f8b-bc1e-018fa8733224;417.06;0.09;SELL
2016-03-26T00:59:31.320000;2016-03-26T00:59:31.460000;200c3707-bf38-4045-a20f-07209f91ac6c;417.06;4.0595;SELL
2016-03-26T01:00:31.527000;2016-03-26T01:00:31.553000;f4d544ba-3912-4311-a073-651973aa4ee0;417.17;0.15;BUY
2016-03-26T01:00:31.530000;2016-03-26T01:00:31.570000;dcee6e26-9f38-4461-8ed6-b6b9e001645e;417.18;0.01;BUY
2016-03-26T01:00:31.530000;2016-03-26T01:00:31.570000;95b42ea3-cd42-4d2d-9723-f1695fdef0c0;417.18;0.0489;BUY
2016-03-26T01:00:48.403000;2016-03-26T01:00:48.447000;15d5e6a0-bff2-4873-adea-524d35dd302f;417.18;0.0176288;BUY
2016-03-26T01:00:48.440000;2016-03-26T01:00:48.477000;9cab42cd-895b-4caf-aded-64d0129c2875;417.18;0.2323712;BUY
2016-03-26T01:00:48.440000;2016-03-26T01:00:48.493000;09ed1548-7620-4d30-87b6-d047837fbfe5;417.18;0.08;BUY
2016-03-26T01:01:30.557000;2016-03-26T01:01:30.587000;ebd3f572-3ec4-4d71-9885-ffa2b5b700c4;417.08;0.01;SELL
2016-03-26T01:01:30.557000;2016-03-26T01:01:30.600000;5aa8510a-a0d9-4109-a82a-faaf8887a464;417.08;0.05;SELL
2016-03-26T01:01:30.557000;2016-03-26T01:01:30.600000;d695a5ab-f8ee-4099-8f6e-9c448879d3be;417.08;0.124;SELL
2016-03-26T01:01:30.557000;2016-03-26T01:01:30.600000;0aa37be4-1f8c-4e14-9657-25bf0feb05a7;417.07;0.31255;SELL
2016-03-26T01:02:30.590000;2016-03-26T01:02:30.617000;30999fdf-8acd-493d-8b57-11d0a81e628a;417.1;0.26093;BUY
2016-03-26T01:03:30.763000;2016-03-26T01:03:30.790000;05cc1d2e-2b6c-4247-a8bf-491b9b26a533;417.1;0.63945;BUY
2016-03-26T01:04:00.593000;2016-03-26T01:04:00.617000;0f100b97-8e77-41ff-9baa-188187559748;417.1;1.81286;BUY
2016-03-26T01:04:18.333000;2016-03-26T01:04:18.350000;2be4ce9f-59f8-4a05-8669-25e11bbe4de5;417.1;0.04692;BUY
2016-03-26T01:04:18.350000;2016-03-26T01:04:18.367000;9cd9e14d-df9e-4e41-a68e-b464bfbeb66a;417.1;0.2676548;BUY
2016-03-26T01:04:18.450000;2016-03-26T01:04:18.477000;41bd372e-f7ec-44dd-8974-26e1d7dcb2a9;417.1;0.0154252;BUY
2016-03-26T01:04:30.590000;2016-03-26T01:04:30.617000;6a7a6ea7-08df-4a27-a2fd-5136ce0e1ad0;417.1;0.23176;BUY
2016-03-26T01:04:30.590000;2016-03-26T01:04:30.617000;87dc66dd-a53c-429b-985e-1f6f236bc9df;417.1;0.05477;BUY
2016-03-26T01:05:30.543000;2016-03-26T01:05:30.553000;de229c4e-ad60-45b4-8025-6a3acf066a84;417.1;0.09523;BUY
2016-03-26T01:05:30.543000;2016-03-26T01:05:30.570000;cfca0b16-9dd1-469a-9807-3e2be233ace7;417.19;0.15;BUY
2016-03-26T01:05:30.543000;2016-03-26T01:05:30.570000;2fedaeac-0256-4b24-9594-a8aa9a7d716d;417.2;0.01;BUY
2016-03-26T01:05:30.543000;2016-03-26T01:05:30.570000;d9846a90-b36c-441c-9498-e30e2ed0fac6;417.22;0.70446;BUY
2016-03-26T01:05:56.840000;2016-03-26T01:05:56.850000;2cd0b704-dab4-4103-b8e8-9311fad2eaf6;417.1;0.21;BUY
2016-03-26T01:06:09.623000;2016-03-26T01:06:09.707000;c8e00381-c963-4d2c-bf5b-e17b58ba58ba;417.08;0.01;SELL
2016-03-26T01:06:09.623000;2016-03-26T01:06:09.707000;14756342-b36a-49f7-91c2-8118de5fbe5b;417.08;0.0175;SELL
2016-03-26T01:06:09.770000;2016-03-26T01:06:09.833000;23346fab-53b3-4cb4-97da-53802b0a42c1;417.08;0.01;SELL
2016-03-26T01:06:09.773000;2016-03-26T01:06:09.833000;56ef2d7e-115d-47b2-bd29-8888288d6a18;417.07;0.38745;SELL
2016-03-26T01:06:09.773000;2016-03-26T01:06:09.833000;479be9f7-2a00-4e7e-87a6-97a8eae94f6e;417.07;0.05;SELL
2016-03-26T01:06:09.773000;2016-03-26T01:06:09.847000;dc29e1fc-c75d-426f-b3fb-fb61fbb92a41;417.03;0.00237467;SELL
2016-03-26T01:06:31.620000;2016-03-26T01:06:31.677000;36b8a831-f074-4f51-97d9-35b3f67a83c7;417.04;0.01;SELL
2016-03-26T01:06:31.620000;2016-03-26T01:06:31.690000;e2bb4898-8aa9-460a-bad4-9024181f8be5;417.04;0.01;SELL
2016-03-26T01:06:31.620000;2016-03-26T01:06:31.690000;3adbc5a2-eaab-49a4-aecf-049687f3c31d;417.04;0.1537;SELL
2016-03-26T01:07:30.857000;2016-03-26T01:07:30.927000;9803189c-6b5b-4cce-9a5c-0ac460ce0d4b;417.05;0.01;BUY
2016-03-26T01:07:30.857000;2016-03-26T01:07:30.927000;ebbf0a3c-57a7-4991-8886-5d45ac765bfb;417.06;0.51511;BUY
2016-03-26T01:08:00.600000;2016-03-26T01:08:00.643000;b5777b96-fe89-4007-809d-4a99cc39b9b1;417.06;0.02374;BUY
2016-03-26T01:08:30.587000;2016-03-26T01:08:30.630000;42ad643e-4230-43e7-ad6c-4e0a3f1dd670;417.06;0.46115;BUY
2016-03-26T01:08:30.587000;2016-03-26T01:08:30.643000;d797a34a-c50b-401a-9b48-24316b1148bb;417.09;0.01;BUY
2016-03-26T01:08:30.587000;2016-03-26T01:08:30.643000;3670dcb3-65ba-4949-8c7b-757004ede4c0;417.1;0.25408;BUY
2016-03-26T01:08:42.330000;2016-03-26T01:08:42.393000;fdf41af6-d504-4e85-8c2a-b64b3a72aa32;417.1;0.53592;BUY
2016-03-26T01:08:42.330000;2016-03-26T01:08:42.410000;da4f0acb-50f9-4652-83ae-0c4c50e2dd78;417.1;3.308;BUY
2016-03-26T01:08:42.330000;2016-03-26T01:08:42.410000;4bebe864-b926-4536-a4f9-d26e737cc9a4;417.13;0.263;BUY
2016-03-26T01:08:42.330000;2016-03-26T01:08:42.410000;18116d0a-21b2-47b1-8dfc-5113b12c58aa;417.13;0.35;BUY
2016-03-26T01:08:42.333000;2016-03-26T01:08:42.410000;9b227316-099c-47f5-b961-796151d6d442;417.16;0.25;BUY
2016-03-26T01:08:42.333000;2016-03-26T01:08:42.410000;f4db7fcc-41f4-472e-99bb-45f46ee542fd;417.18;0.227;BUY
2016-03-26T01:08:42.333000;2016-03-26T01:08:42.427000;f3c45b3b-ce14-46b2-8c9c-490d600b6f1b;417.21;2.95383858;BUY
2016-03-26T01:09:30.630000;2016-03-26T01:09:30.677000;742d3063-648e-4a99-a13d-9105003b4652;417.11;0.06246;BUY
2016-03-26T01:10:00.717000;2016-03-26T01:10:00.770000;9df41ca6-2549-4e3e-a09e-2bbf35d669d7;417.1;0.01;BUY
2016-03-26T01:10:00.717000;2016-03-26T01:10:00.787000;a8b84c88-1efa-489b-825d-b78f4bf675ac;417.11;0.10867;BUY
2016-03-26T01:10:30.747000;2016-03-26T01:10:30.787000;24025270-8943-4941-a16f-ec0d7db73de2;417.11;0.85399;BUY
2016-03-26T01:11:38.520000;2016-03-26T01:11:38.567000;8d1afa49-efc4-485c-b27a-db01eeaf6478;417.19;0.01;BUY
2016-03-26T01:11:38.520000;2016-03-26T01:11:38.567000;309b60ed-2286-4a14-971c-e6355e8d4825;417.2;0.01;BUY
2016-03-26T01:11:38.520000;2016-03-26T01:11:38.567000;cbe5a622-521d-453d-9e1a-a2a9fb158b63;417.22;0.38339;BUY
2016-03-26T01:12:00.753000;2016-03-26T01:12:00.800000;1f5bf178-4998-45fc-9c3e-9edfc5337f1a;417.19;0.13028;BUY
2016-03-26T01:12:30.580000;2016-03-26T01:12:30.613000;38a16bdc-f9f3-49f7-9b60-579b5b0c431f;417.22;0.23731;BUY
2016-03-26T01:14:00.450000;2016-03-26T01:14:00.503000;d18441a8-1d19-47a0-a92f-6ea627d43ff4;417.2;0.01;BUY
2016-03-26T01:14:00.450000;2016-03-26T01:14:00.503000;4c4b47d3-51ce-4132-9b14-d56e59a5ea71;417.21;0.01;BUY
2016-03-26T01:14:00.450000;2016-03-26T01:14:00.503000;d2ae844f-14c5-41d0-bb49-721d62b88ade;417.22;6.24;BUY
2016-03-26T01:14:01.013000;2016-03-26T01:14:01.050000;5c8336f1-be36-47a1-92af-cec07c0a88d6;417.22;0.01206;BUY
2016-03-26T01:14:30.653000;2016-03-26T01:14:30.690000;7464a1ae-76bb-4d49-be4a-5e25d5d23ec0;417.21;1.93658;SELL
2016-03-26T01:14:50.717000;2016-03-26T01:14:50.753000;64e75790-c2c7-4d9e-837d-dfb9f26bf504;417.22;6.317;BUY
2016-03-26T01:15:00.663000;2016-03-26T01:15:00.690000;5efd1f14-89f1-4235-83b8-46ff7c61eeca;417.22;1.3764;BUY
2016-03-26T01:15:09.040000;2016-03-26T01:15:09.083000;4231f467-78be-4b44-9808-a2cc360cd335;417.22;2.07492363;BUY
2016-03-26T01:15:09.040000;2016-03-26T01:15:09.097000;953f4116-a110-4ab5-b439-812ac1c8897e;417.22;0.1;BUY
2016-03-26T01:15:09.043000;2016-03-26T01:15:09.097000;3ac8e0dd-8f60-4237-ac08-28ca9f917cb8;417.22;0.5;BUY
2016-03-26T01:15:09.043000;2016-03-26T01:15:09.097000;b41cc44f-f5a7-493d-8f19-39a22f124d37;417.22;0.25;BUY
2016-03-26T01:15:09.043000;2016-03-26T01:15:09.097000;fce8b4d7-a57c-4021-b2e2-557cd2d76d99;417.22;0.01;BUY
2016-03-26T01:15:11.287000;2016-03-26T01:15:11.317000;dea892a1-8559-4cd4-9f96-dcab671c6e09;417.23;2.0;BUY
2016-03-26T01:15:11.287000;2016-03-26T01:15:11.333000;904207b2-cad7-4b2e-a874-ba66a89a61ce;417.23;0.01783;BUY
2016-03-26T01:15:11.287000;2016-03-26T01:15:11.333000;7f4c1533-800f-41ec-abf0-a266eab0115a;417.23;0.25;BUY
2016-03-26T01:15:11.287000;2016-03-26T01:15:11.333000;f6a95cca-4257-4e9c-b379-6681639d7c8a;417.24;0.032;BUY
2016-03-26T01:15:11.287000;2016-03-26T01:15:11.333000;171b0071-7b64-4400-9fab-4ad2239e5790;417.24;0.01;BUY
2016-03-26T01:15:11.287000;2016-03-26T01:15:11.410000;cd343922-f6e6-403c-b8e6-bc5ff4f1f640;417.25;0.08970657;BUY
2016-03-26T01:15:11.287000;2016-03-26T01:15:11.410000;1c14409c-69ec-482f-bd2b-536ec13afe87;417.25;0.02;BUY
2016-03-26T01:15:11.287000;2016-03-26T01:15:11.410000;e8e44098-844e-4692-b03b-cb8d60404518;417.26;1.0;BUY
2016-03-26T01:15:11.287000;2016-03-26T01:15:11.410000;6a52c971-32ea-4eee-8f4c-2296b4cc570b;417.27;0.01;BUY
2016-03-26T01:15:11.287000;2016-03-26T01:15:11.410000;2fb3a7e2-92e5-4e42-b692-3201b4983378;417.27;0.12785775;BUY
2016-03-26T01:15:11.287000;2016-03-26T01:15:11.410000;b5cd8c59-35ed-4ff6-8d87-0ae01179ef21;417.27;0.03196444;BUY
2016-03-26T01:15:11.287000;2016-03-26T01:15:11.410000;9ca3e410-17bf-48b9-a3df-83fce53498e6;417.27;0.08951448;BUY
2016-03-26T01:15:11.290000;2016-03-26T01:15:11.410000;e12b76f9-207b-4e4c-941a-d1e3bca7d0b6;417.27;0.023;BUY
2016-03-26T01:15:11.290000;2016-03-26T01:15:11.410000;3a5f1749-7399-4dfa-8109-f065efacd576;417.28;0.01;BUY
2016-03-26T01:15:11.290000;2016-03-26T01:15:11.410000;815da3fa-858a-4d90-b372-5fac9b4284f7;417.28;0.032;BUY
2016-03-26T01:15:11.290000;2016-03-26T01:15:11.410000;53543182-b8c4-4dce-ab0c-dbca52b97e5a;417.29;0.01;BUY
2016-03-26T01:15:11.290000;2016-03-26T01:15:11.427000;96e1f8a8-8972-41ca-9b9d-49ad2b7c6908;417.3;0.01;BUY
2016-03-26T01:15:11.290000;2016-03-26T01:15:11.427000;8cccefdb-b358-4cd4-99c9-0ef54d6fad21;417.3;0.3;BUY
2016-03-26T01:15:13.823000;2016-03-26T01:15:13.863000;3bdbe0f1-7b38-4939-947f-4c72da761653;417.31;0.01;BUY
2016-03-26T01:15:28.860000;2016-03-26T01:15:28.893000;6eed5e84-a5cb-400b-bc5e-71861e1a561a;417.31;0.01;SELL
2016-03-26T01:15:30.710000;2016-03-26T01:15:30.740000;83468822-d63c-4557-bdb1-05abd315be0a;417.32;0.032;BUY
2016-03-26T01:15:30.710000;2016-03-26T01:15:30.770000;7c4eceee-cd6d-44fb-a37c-3222699b7145;417.34;0.032;BUY
2016-03-26T01:15:30.713000;2016-03-26T01:15:30.770000;34d63fca-30fb-47d0-81fe-7c62ecd60840;417.34;0.01;BUY
2016-03-26T01:15:30.713000;2016-03-26T01:15:30.770000;ab681847-6419-4890-a536-a35576fc1158;417.34;0.25;BUY
2016-03-26T01:15:30.713000;2016-03-26T01:15:30.787000;f735e4b7-18ae-4f01-8f26-75f332afd0a1;417.34;0.25;BUY
2016-03-26T01:15:30.713000;2016-03-26T01:15:30.800000;e0929841-c5ff-4b5e-90ac-b65c9b615640;417.34;0.25;BUY
2016-03-26T01:15:30.713000;2016-03-26T01:15:30.800000;d3972a10-4b22-480e-a765-497ee8097166;417.35;0.32481917;BUY
2016-03-26T01:15:30.713000;2016-03-26T01:15:30.800000;f48ca75a-6b86-4983-b938-b61eceda4afa;417.35;0.12242083;BUY
2016-03-26T01:16:00.680000;2016-03-26T01:16:00.707000;6231f7b8-cca3-43d3-9227-e100af8d25ca;417.35;0.17818717;BUY
2016-03-26T01:16:00.680000;2016-03-26T01:16:00.723000;52c04bd0-afd4-426f-a37f-5428b6db87b6;417.36;0.2;BUY
2016-03-26T01:16:00.680000;2016-03-26T01:16:00.723000;01cc2f90-854e-4ce0-b7e9-044938ca1e55;417.36;0.032;BUY
2016-03-26T01:16:00.680000;2016-03-26T01:16:00.723000;136657ae-00a1-4084-8460-4a3a1caecd55;417.36;0.4;BUY
2016-03-26T01:16:00.680000;2016-03-26T01:16:00.740000;e147f9ed-2efd-4ef2-b1d0-fb9bcca9b35f;417.36;0.38315603;BUY
2016-03-26T01:16:00.680000;2016-03-26T01:16:00.753000;7835087a-bb84-4bae-bdcc-4130261bccfa;417.36;0.26776363;BUY
2016-03-26T01:16:00.680000;2016-03-26T01:16:00.753000;da874b97-ff4a-4878-939a-447a743d7d1f;417.37;0.0203012;BUY
2016-03-26T01:16:00.680000;2016-03-26T01:16:00.753000;af20ce1d-66d2-4f32-8037-a8dc478a4557;417.38;0.032;BUY
2016-03-26T01:16:00.683000;2016-03-26T01:16:00.753000;804cd942-ae9e-4af2-b7ce-605cc3cdc6f1;417.38;0.01;BUY
2016-03-26T01:16:00.683000;2016-03-26T01:16:00.753000;901f14ec-5dfd-412c-97aa-954c30406664;417.38;0.01;BUY
2016-03-26T01:16:00.683000;2016-03-26T01:16:00.753000;ea961290-5cdf-427f-bc8a-11299911b87f;417.4;0.01246;BUY
2016-03-26T01:16:00.683000;2016-03-26T01:16:00.753000;b3033600-636f-48c8-bcd4-f162ddea49e1;417.4;0.01954;BUY
2016-03-26T01:16:00.683000;2016-03-26T01:16:00.817000;8302aaba-159e-4c6c-bd3f-a8151dfe1952;417.4;0.02237862;BUY
2016-03-26T01:16:00.683000;2016-03-26T01:16:00.817000;17854ab0-271b-4dfc-b634-a09eb1f487b7;417.4;0.081;BUY
2016-03-26T01:16:00.683000;2016-03-26T01:16:00.817000;d879c363-53b5-4b29-aad1-591c0888e98c;417.4;0.01;BUY
2016-03-26T01:16:00.683000;2016-03-26T01:16:00.817000;83746a4e-db10-4a7d-8888-76abb61fed71;417.42;0.032;BUY
2016-03-26T01:16:00.683000;2016-03-26T01:16:00.817000;188d9a25-1da9-4023-aabb-b661139ca1ec;417.42;0.15928757;BUY
2016-03-26T01:16:00.683000;2016-03-26T01:16:00.817000;0801855a-104f-44e3-bdf7-f65c2387bb9a;417.42;0.01;BUY
2016-03-26T01:16:00.683000;2016-03-26T01:16:00.817000;141c8fed-c0b7-4a40-998b-f328aead67b2;417.44;0.032;BUY
2016-03-26T01:16:00.683000;2016-03-26T01:16:00.817000;59bb3eb0-0411-441f-8b76-321a52bd6154;417.46;0.01;BUY
2016-03-26T01:16:00.683000;2016-03-26T01:16:00.817000;6201d62d-4d16-4787-aec5-bb970045653b;417.46;0.032;BUY
2016-03-26T01:16:00.683000;2016-03-26T01:16:00.817000;1128f2a2-d3ea-4c1f-bea4-34875629ad2a;417.46;0.01;BUY
2016-03-26T01:16:00.683000;2016-03-26T01:16:00.817000;e0331e4f-ca3c-445a-8a98-589cfae9421e;417.47;0.01;BUY
2016-03-26T01:16:00.683000;2016-03-26T01:16:00.817000;aab17658-c511-468a-adf2-926982b9754b;417.48;0.032;BUY
2016-03-26T01:16:00.683000;2016-03-26T01:16:00.833000;fc8b6f1b-30d1-4311-8cbd-978618c012c5;417.49;0.13844847;BUY
2016-03-26T01:16:00.683000;2016-03-26T01:16:00.833000;ed74aa99-667b-468d-9d15-aea4a02929de;417.49;0.0812048;BUY
2016-03-26T01:16:00.683000;2016-03-26T01:16:00.833000;819935bd-fea0-4d3b-ab97-9081550fbbb8;417.49;0.01378812;BUY
2016-03-26T01:16:00.683000;2016-03-26T01:16:00.833000;a970444d-f640-4bee-bfc6-d30a32e8dcbc;417.49;2.06872439;BUY
2016-03-26T01:16:30.747000;2016-03-26T01:16:30.770000;c07a3361-e222-422e-b782-37ec83396e35;417.48;0.038;SELL
2016-03-26T01:16:32.580000;2016-03-26T01:16:32.613000;9f71f624-fd9d-491e-884f-ec622e0edf84;417.48;0.05;SELL
2016-03-26T01:16:32.580000;2016-03-26T01:16:32.630000;d00c26cf-e971-4656-995b-ba5032e87e5a;417.48;0.02;SELL
2016-03-26T01:17:07.730000;2016-03-26T01:17:07.770000;918ec42b-e655-412d-ab7b-0b5defd2b323;417.49;0.07;BUY
2016-03-26T01:17:30.747000;2016-03-26T01:17:30.770000;8782455f-fecc-4cdd-8554-f002df9a2349;417.49;0.32127561;BUY
2016-03-26T01:17:30.747000;2016-03-26T01:17:30.800000;c90f1158-97eb-4ba3-9ec1-2c6c6341fde2;417.5;0.02;BUY
2016-03-26T01:17:30.747000;2016-03-26T01:17:30.800000;696b18a8-1d07-4318-8c90-3d1c0e7028f0;417.5;0.29135302;BUY
2016-03-26T01:17:30.750000;2016-03-26T01:17:30.800000;52d2c9fc-3a27-4441-b2a9-3e660dd91030;417.5;0.30025;BUY
2016-03-26T01:17:30.750000;2016-03-26T01:17:30.800000;4fb1c92d-7d86-4218-8d8d-cec5237e5d50;417.5;0.02;BUY
2016-03-26T01:17:30.750000;2016-03-26T01:17:30.800000;bfcd4982-3667-4b87-b3d6-960e140eb983;417.5;0.01;BUY
2016-03-26T01:17:30.750000;2016-03-26T01:17:30.817000;bd38bf5e-6c39-4d27-9824-52574edb465b;417.5;2.36909137;BUY
2016-03-26T01:17:33.370000;2016-03-26T01:17:33.393000;3646cdbf-d859-471b-94b5-b313f4d75c55;417.49;0.032;SELL
2016-03-26T01:18:31.127000;2016-03-26T01:18:31.143000;1dda22d7-98f8-4111-9fbd-c5bec52fcfc0;417.5;0.4743;BUY
2016-03-26T01:19:04.433000;2016-03-26T01:19:04.457000;26bec6aa-24e0-4ff9-bafa-d36fe6ea0d73;417.5;0.23715;BUY
2016-03-26T01:19:30.837000;2016-03-26T01:19:30.863000;d1b2770d-5616-48e1-87e0-7ab58ede8bc4;417.5;0.59286;BUY
2016-03-26T01:20:02.267000;2016-03-26T01:20:02.300000;bbcac66e-5c6b-4bb0-97cf-c6ff7d2b0f78;417.5;1.32659863;BUY
2016-03-26T01:20:02.270000;2016-03-26T01:20:02.300000;06fccfda-e9de-4008-84e6-a574e2962341;417.5;0.238;BUY
2016-03-26T01:20:02.270000;2016-03-26T01:20:02.300000;6c64398c-a811-4f66-b082-b86f6aa2fb20;417.5;0.11916137;BUY
2016-03-26T01:20:35.180000;2016-03-26T01:20:35.190000;13b7f123-fcd9-4d98-a47f-e8f3492059af;417.49;0.05;SELL
2016-03-26T01:20:35.180000;2016-03-26T01:20:35.223000;052b007a-679d-48f1-92ad-96e98ce6ca9b;417.49;0.123;SELL
2016-03-26T01:20:35.180000;2016-03-26T01:20:35.223000;9c5f9cd8-d212-4f32-9100-cdb40a480914;417.49;0.67129;SELL
2016-03-26T01:21:09.523000;2016-03-26T01:21:09.537000;36d37c84-aed1-4512-90f5-db5631d7a4e5;417.49;0.01197;SELL
2016-03-26T01:21:43.643000;2016-03-26T01:21:43.707000;9c17e6da-a875-4408-8f6d-b7a4fd26aaa9;417.49;1.2;SELL
2016-03-26T01:22:02.597000;2016-03-26T01:22:02.660000;054903fb-7bca-4afe-86df-8b0b39c204ab;417.5;0.1189623;BUY
2016-03-26T01:22:02.597000;2016-03-26T01:22:02.677000;65da1f66-c17e-408b-bb55-8e2d1c16d3f8;417.5;0.0920977;BUY
2016-03-26T01:22:31.127000;2016-03-26T01:22:31.193000;3c97349c-dfb3-401f-a606-ac90fe6e3365;417.5;0.01198;BUY
2016-03-26T01:23:30.840000;2016-03-26T01:23:30.893000;6dac3dd8-4cca-49a1-9db9-f8fad16138eb;417.5;0.1339223;BUY
2016-03-26T01:23:30.840000;2016-03-26T01:23:30.910000;572f7628-d170-4c45-a6d1-f24240179ab8;417.5;0.238;BUY
2016-03-26T01:23:30.840000;2016-03-26T01:23:30.910000;5625b75e-d015-483d-9a90-505077f732ad;417.5;0.238;BUY
2016-03-26T01:23:30.843000;2016-03-26T01:23:30.910000;d8850d2f-7792-4a75-9853-cfabd7c41c84;417.5;0.238;BUY
2016-03-26T01:23:30.843000;2016-03-26T01:23:30.927000;2d9bf9c1-a3aa-4424-8669-e5109434ce13;417.5;0.238;BUY
2016-03-26T01:23:30.843000;2016-03-26T01:23:31.003000;5b5067f8-526f-4eff-8809-62acca9a9c1f;417.5;0.376;BUY
2016-03-26T01:23:30.843000;2016-03-26T01:23:31.003000;9ed502a2-4972-441b-b945-d2f9229e7095;417.5;0.238;BUY
2016-03-26T01:23:30.843000;2016-03-26T01:23:31.003000;26621ca5-5339-4a4f-9c2b-84b2a62f33e1;417.5;0.238;BUY
2016-03-26T01:23:30.843000;2016-03-26T01:23:31.003000;9130a5a7-5cab-41f5-87be-e3f01ada3dcf;417.5;0.238;BUY
2016-03-26T01:23:30.843000;2016-03-26T01:23:31.020000;6e302c06-4308-4876-b56f-7c391741cbdc;417.5;0.238;BUY
2016-03-26T01:23:30.843000;2016-03-26T01:23:31.020000;7826482a-802a-48c2-bfe7-08a82bd3762a;417.5;0.238;BUY
2016-03-26T01:23:30.843000;2016-03-26T01:23:31.020000;2d6eda75-c3d3-4990-b75c-aa2a68514ea6;417.5;0.0316177;BUY
2016-03-26T01:24:30.783000;2016-03-26T01:24:30.833000;3ce674d4-c95b-4f24-981b-2504ee79dea0;417.49;4.924;SELL
2016-03-26T01:25:00.787000;2016-03-26T01:25:00.833000;24feeb94-a262-4db7-916a-ca84de15ebf6;417.5;0.2063823;BUY
2016-03-26T01:25:00.787000;2016-03-26T01:25:00.847000;51b3c37f-907c-4ffa-96c7-b124be8cab43;417.5;0.238;BUY
2016-03-26T01:25:00.787000;2016-03-26T01:25:00.847000;3b197cc3-e460-410b-a1b1-0117a29d8fb4;417.5;0.238;BUY
2016-03-26T01:25:00.787000;2016-03-26T01:25:00.847000;aebd2a7a-61c0-4973-97b3-175bb36b95b9;417.5;0.238;BUY
2016-03-26T01:25:00.787000;2016-03-26T01:25:00.863000;1c60109d-21b0-4f07-9f3e-97efe4baf278;417.5;0.238;BUY
2016-03-26T01:25:00.787000;2016-03-26T01:25:00.943000;41a8b3fe-bd7f-4d26-bd72-a5a86c78fad1;417.5;0.238;BUY
2016-03-26T01:25:00.787000;2016-03-26T01:25:00.943000;9f7d7a24-0cf2-49dc-9e96-7aed4a2ea53b;417.5;0.238;BUY
2016-03-26T01:25:00.787000;2016-03-26T01:25:00.943000;59174eb7-7c45-4f80-904f-7e28744c1161;417.5;0.238;BUY
2016-03-26T01:25:00.787000;2016-03-26T01:25:00.943000;ba316260-c517-4209-9374-060678b59c50;417.5;0.0765577;BUY
2016-03-26T01:25:30.797000;2016-03-26T01:25:30.847000;cdb10f5f-c1fc-4ff8-81a1-34210046a0e0;417.49;2.61981;SELL
2016-03-26T01:26:01.573000;2016-03-26T01:26:01.630000;ed260ff6-72a5-4eeb-abdd-1bacb98df87b;417.5;0.09248;BUY
2016-03-26T01:26:30.750000;2016-03-26T01:26:30.800000;ee8bdeca-6f1f-4974-a384-92c64ab47be4;417.5;0.0689623;BUY
2016-03-26T01:26:30.750000;2016-03-26T01:26:30.817000;770021d4-75e8-4a6e-8adc-b19b06ee17c2;417.5;0.238;BUY
2016-03-26T01:26:30.750000;2016-03-26T01:26:30.817000;ff0b4328-8b10-40e7-bbac-4299b351fd84;417.5;0.0399977;BUY
2016-03-26T01:27:30.747000;2016-03-26T01:27:30.800000;e173dc1d-cf1c-4cf9-bcec-f24ae0c08691;417.5;0.17785;BUY
2016-03-26T01:28:01.070000;2016-03-26T01:28:01.113000;0ef72deb-b1e6-4fda-aae0-2ead6c1b4ef7;417.5;0.0201523;BUY
2016-03-26T01:28:01.070000;2016-03-26T01:28:01.130000;332120dc-5183-415f-bdf6-09a468073296;417.5;0.2037177;BUY
2016-03-26T01:28:36.357000;2016-03-26T01:28:36.397000;c45c0d84-25d2-4972-bfe3-e8023298dee1;417.49;0.29217;SELL
2016-03-26T01:29:00.843000;2016-03-26T01:29:00.897000;a98bc497-d919-4629-8d69-cc72c9e7c1f9;417.49;0.63077;SELL
2016-03-26T01:29:30.900000;2016-03-26T01:29:30.943000;aa30de1e-382f-4106-9729-9d02840fc968;417.5;0.0342823;BUY
2016-03-26T01:29:30.900000;2016-03-26T01:29:30.957000;68e0186c-b621-43ed-850e-5a2efbf0840e;417.5;0.238;BUY
2016-03-26T01:29:30.903000;2016-03-26T01:29:30.957000;7909a7b7-e7f9-4797-8c92-37e20be2ad36;417.5;0.238;BUY
2016-03-26T01:29:30.903000;2016-03-26T01:29:30.957000;0014a788-bb18-40e8-a7b8-5eb87c21cb35;417.5;0.238;BUY
2016-03-26T01:29:30.903000;2016-03-26T01:29:30.973000;c6bfce43-6a20-40e7-8d32-45b1b18e3492;417.5;0.239;BUY
2016-03-26T01:29:30.903000;2016-03-26T01:29:30.973000;6a445ef8-1365-4dcd-89e9-822a54d116a9;417.5;0.238;BUY
2016-03-26T01:29:30.903000;2016-03-26T01:29:30.973000;cf390d8d-bf37-4419-9ec3-5cd0b098f8f5;417.5;0.238;BUY
2016-03-26T01:29:30.903000;2016-03-26T01:29:30.973000;fa995bd2-9708-4a2a-9755-b9de16bf8567;417.5;0.1414677;BUY
2016-03-26T01:30:00.940000;2016-03-26T01:30:00.990000;9a61abf4-64c4-47de-9d5f-8b856f2b0fe9;417.5;0.07113;BUY
2016-03-26T01:30:30.927000;2016-03-26T01:30:30.973000;940cf2b8-896e-4971-80ee-1a99acae9a1b;417.5;0.0254023;BUY
2016-03-26T01:30:30.927000;2016-03-26T01:30:30.990000;25e040bb-2520-4c23-b4dc-54edd74e600e;417.5;0.238;BUY
2016-03-26T01:30:30.927000;2016-03-26T01:30:30.990000;942be134-b8de-4283-986c-c6853a665eea;417.5;0.0923177;BUY
2016-03-26T01:31:00.800000;2016-03-26T01:31:00.833000;980239e4-878e-488d-9afe-badae14ce8c9;417.5;0.2836823;BUY
2016-03-26T01:31:00.800000;2016-03-26T01:31:00.847000;dfa9c7fb-ee3b-4928-b33a-c30975971b55;417.5;0.239;BUY
2016-03-26T01:31:00.800000;2016-03-26T01:31:00.847000;8ff79e02-b29f-4b6d-8df2-8d65e29f9d58;417.5;0.238;BUY
2016-03-26T01:31:00.800000;2016-03-26T01:31:00.863000;9b8b981a-759b-46d0-b57a-810eab6fe8a2;417.5;0.1143777;BUY
2016-03-26T01:31:30.840000;2016-03-26T01:31:30.880000;4b922154-3d65-451c-a2f0-aa74ff9c784e;417.49;0.1473;SELL
2016-03-26T01:32:00.860000;2016-03-26T01:32:00.897000;b72a6892-1527-407d-b6f9-3a318e4bbfc6;417.49;3.95185;SELL
2016-03-26T01:32:30.887000;2016-03-26T01:32:30.927000;1b4489b7-f7f5-4ad4-90b1-44738e1f9327;417.5;0.1246223;BUY
2016-03-26T01:32:30.887000;2016-03-26T01:32:30.973000;06fc2f6b-e27b-4451-be91-6b56f2452a97;417.5;0.1422177;BUY
2016-03-26T01:33:00.923000;2016-03-26T01:33:00.957000;16340f9b-d2bc-42f2-994a-87eea50f71c3;417.5;0.0957823;BUY
2016-03-26T01:33:00.923000;2016-03-26T01:33:00.973000;d49af506-5572-40f3-a386-561140c0fae3;417.5;0.238;BUY
2016-03-26T01:33:00.923000;2016-03-26T01:33:00.973000;733ca595-0985-47ed-8c80-7c57a518180f;417.5;0.239;BUY
2016-03-26T01:33:00.923000;2016-03-26T01:33:00.973000;9ac648c7-d52e-4efa-9232-323781c9f7a6;417.5;0.239;BUY
2016-03-26T01:33:00.927000;2016-03-26T01:33:00.973000;eab6822a-cc39-42e8-b612-74b36210942c;417.5;0.239;BUY
2016-03-26T01:33:00.927000;2016-03-26T01:33:01.067000;1c780de5-bda0-4140-85c4-41ffe65622f4;417.5;0.1349677;BUY
2016-03-26T01:33:30.817000;2016-03-26T01:33:30.847000;e7aaf368-3f17-47c9-b9a5-5693ff23ed90;417.5;0.1030323;BUY
2016-03-26T01:33:30.817000;2016-03-26T01:33:30.863000;17094cd2-1ab1-4553-b1f5-a38ae7882ff7;417.5;0.1341177;BUY
2016-03-26T01:34:30.883000;2016-03-26T01:34:30.910000;85356148-7688-4f18-b0e9-88ec3e257c4f;417.49;0.45007;SELL
2016-03-26T01:35:00.897000;2016-03-26T01:35:00.927000;bd112c7a-23dc-43d2-ab9a-cdcee49a39b3;417.5;0.1038823;BUY
2016-03-26T01:35:00.897000;2016-03-26T01:35:00.943000;c33e191f-6c5d-48a6-8a1d-99bd20da9b18;417.5;0.1741977;BUY
2016-03-26T01:35:30.893000;2016-03-26T01:35:30.927000;d8edc542-c350-4475-a376-c15f7ceb9998;417.5;0.0638023;BUY
2016-03-26T01:35:30.893000;2016-03-26T01:35:30.943000;a69f9ed2-1360-4150-b5a3-bd986aa9ef4f;417.5;0.238;BUY
2016-03-26T01:35:30.893000;2016-03-26T01:35:30.943000;862d5efc-81be-4b85-8e6f-9dfb1b097a48;417.5;0.238;BUY
2016-03-26T01:35:30.893000;2016-03-26T01:35:30.943000;b1f7d75e-82a3-430f-9750-884b7a26f5d3;417.5;0.239;BUY
2016-03-26T01:35:30.893000;2016-03-26T01:35:30.943000;bc90e1d1-beab-4a2d-b196-2441f89857b6;417.5;0.2179377;BUY
2016-03-26T01:36:00.863000;2016-03-26T01:36:00.897000;5e9bbf7d-586a-419a-be65-41ab55a9f52a;417.5;0.0210623;BUY
2016-03-26T01:36:00.863000;2016-03-26T01:36:00.910000;92ce58b3-1ca6-470b-8106-4bceafe32383;417.5;0.239;BUY
2016-03-26T01:36:00.863000;2016-03-26T01:36:00.910000;120bd0d5-c84c-4f6a-b6f7-aa98a6b8e20f;417.5;0.239;BUY
2016-03-26T01:36:00.863000;2016-03-26T01:36:00.927000;aa84fee5-8ab4-4aa9-9b75-e326a90e70e8;417.5;0.239;BUY
2016-03-26T01:36:00.863000;2016-03-26T01:36:00.927000;de2bfed6-daa8-4557-8a9f-df6488b91c1b;417.5;1.05664;BUY
2016-03-26T01:36:00.863000;2016-03-26T01:36:00.943000;19b7a131-7abe-4468-a2b6-29018e56d50c;417.5;0.238;BUY
2016-03-26T01:36:00.863000;2016-03-26T01:36:00.943000;6f907f86-5e10-4d62-baba-493e8c3bcd3b;417.5;0.239;BUY
2016-03-26T01:36:00.863000;2016-03-26T01:36:00.943000;7c67588b-4b15-4d27-96c6-b107f53af760;417.5;0.238;BUY
2016-03-26T01:36:00.863000;2016-03-26T01:36:00.943000;1eb050f0-cb62-47bf-9b69-e6ec4cf274ea;417.5;0.0922377;BUY
2016-03-26T01:36:30.817000;2016-03-26T01:36:30.850000;43799527-5b12-4c59-a59e-cae4455792f1;417.49;0.2;SELL
2016-03-26T01:37:00.870000;2016-03-26T01:37:00.927000;f4f684b4-82d5-4be9-a614-1936e6a50b68;417.5;0.1457623;BUY
2016-03-26T01:37:00.870000;2016-03-26T01:37:00.943000;cebecfc1-044c-428c-a1d1-adfb2dcd18cb;417.5;0.238;BUY
2016-03-26T01:37:00.873000;2016-03-26T01:37:00.943000;4eff6203-ac6b-4ea7-b41c-bf036d14c986;417.5;0.238;BUY
2016-03-26T01:37:00.873000;2016-03-26T01:37:00.943000;67898de7-d9a3-456b-ba6d-54404610161e;417.5;0.239;BUY
2016-03-26T01:37:00.873000;2016-03-26T01:37:00.990000;84f5eff6-db16-4a2b-8e33-68456f2fb937;417.5;0.05;BUY
2016-03-26T01:37:00.873000;2016-03-26T01:37:00.990000;6c401277-7936-4454-a004-4ab9a11caf50;417.51;0.62508232;BUY
2016-03-26T01:37:00.873000;2016-03-26T01:37:00.990000;42ac4b7e-5893-4cc4-9ac3-db0bb2779498;417.52;0.01;BUY
2016-03-26T01:37:00.873000;2016-03-26T01:37:00.990000;311784ab-3c16-4559-ba24-a376c289221e;417.53;0.01;BUY
2016-03-26T01:37:00.873000;2016-03-26T01:37:00.990000;b528d3fb-5a86-4e79-a000-2cb57649b968;417.54;3.25819538;BUY
2016-03-26T01:37:35.343000;2016-03-26T01:37:35.397000;ea087bf1-6233-43f7-bead-5b94cbec4243;417.5;0.01;SELL
2016-03-26T01:37:35.343000;2016-03-26T01:37:35.413000;da1acac6-21bc-4e49-a38f-92500db4d197;417.5;0.05;SELL
2016-03-26T01:37:35.343000;2016-03-26T01:37:35.413000;bba08955-b1a8-4df4-abbf-e60a8e5d5bda;417.49;0.02763;SELL
2016-03-26T01:37:37.980000;2016-03-26T01:37:38.037000;65b86246-82e2-478b-96df-f60016b10ed3;417.53;0.01;BUY
2016-03-26T01:37:37.980000;2016-03-26T01:37:38.053000;ad83006f-5236-4a89-9416-ae77278ee605;417.53;0.213;BUY
2016-03-26T01:38:00.923000;2016-03-26T01:38:00.977000;3848c08a-7ec0-4f1f-a63b-2db7492da1a2;417.54;1.22138;BUY
2016-03-26T01:38:30.870000;2016-03-26T01:38:30.930000;22442ae4-62e8-4d0d-9337-335c1642ea5d;417.54;0.0479;BUY
2016-03-26T01:39:00.877000;2016-03-26T01:39:00.930000;4ea0a3a4-cfc6-4467-a5bc-ca7d8cf041d6;417.54;1.57803;BUY
2016-03-26T01:39:30.900000;2016-03-26T01:39:30.943000;f339fd5d-e92c-49c7-a775-b6ab8e2b1a33;417.54;2.27572;BUY
2016-03-26T01:41:00.927000;2016-03-26T01:41:00.977000;0694f50c-3222-4352-892f-dae54b745a53;417.54;0.37941;BUY
2016-03-26T01:41:16.280000;2016-03-26T01:41:16.320000;63d165bc-9d91-491e-a5ca-7e6b3d797eb0;417.54;0.2929536;BUY
2016-03-26T01:42:00.933000;2016-03-26T01:42:00.977000;3485a4a1-eff2-4365-88b1-b45e79010548;417.54;0.78333;BUY
2016-03-26T01:42:24.513000;2016-03-26T01:42:24.553000;87032623-0a38-447d-851c-b3057340e16c;417.54;13.16308102;BUY
2016-03-26T01:42:32.953000;2016-03-26T01:42:32.990000;e2c63a31-df54-4b4e-8f7d-b05f1a451e87;417.54;0.05303;SELL
2016-03-26T01:43:01.657000;2016-03-26T01:43:01.693000;80ab32bc-a9cf-4077-a296-a9a1eaa7fcf2;417.55;0.23652;BUY
2016-03-26T01:43:31.710000;2016-03-26T01:43:31.757000;1d20f0d5-5943-41d5-99ed-ec9f81c3b9a2;417.55;0.26348;BUY
2016-03-26T01:43:31.710000;2016-03-26T01:43:31.787000;19082225-2803-484d-9539-24ba70c8eea1;417.56;0.01;BUY
2016-03-26T01:43:31.710000;2016-03-26T01:43:31.787000;3cbd39d3-ae8d-4595-9512-85829598bd5b;417.59;0.73075636;BUY
2016-03-26T01:43:31.710000;2016-03-26T01:43:31.787000;39ddd179-57f1-47c5-bce2-c2faef0496ce;417.59;0.04567227;BUY
2016-03-26T01:43:31.710000;2016-03-26T01:43:31.787000;eee6d92f-9b18-4fc8-b25a-5cae7d4309a9;417.6;0.1;BUY
2016-03-26T01:43:31.710000;2016-03-26T01:43:31.803000;fe76ff30-36a0-4739-a88a-137a0c3d9b8a;417.6;0.01;BUY
2016-03-26T01:43:31.710000;2016-03-26T01:43:31.803000;0cefd012-5055-450b-8fbe-58093dfeaf30;417.6;0.01;BUY
2016-03-26T01:43:31.710000;2016-03-26T01:43:31.820000;6be154e0-8c66-4380-9a16-1797a6cfe906;417.61;0.25;BUY
2016-03-26T01:43:31.710000;2016-03-26T01:43:31.833000;7f6f1d80-64e7-4a5b-b75c-64c21d6c7740;417.61;0.25;BUY
2016-03-26T01:43:31.710000;2016-03-26T01:43:31.833000;a85ee247-bb67-48f8-92ee-217ef607b7f0;417.61;0.25;BUY
2016-03-26T01:43:31.710000;2016-03-26T01:43:31.833000;b36eb893-204c-4ca7-9a12-fb513c742c1d;417.62;0.25;BUY
2016-03-26T01:43:31.710000;2016-03-26T01:43:31.833000;1df6ed4e-430b-49a4-a68a-a3e42496d922;417.62;0.25;BUY
2016-03-26T01:43:31.710000;2016-03-26T01:43:31.833000;c528874d-ccb4-4cf8-88b0-a20d14aa9817;417.64;0.01;BUY
2016-03-26T01:43:31.713000;2016-03-26T01:43:31.833000;92d37e9e-e3af-4e63-aa86-83878eecfd58;417.65;0.17819137;BUY
2016-03-26T01:44:01.707000;2016-03-26T01:44:01.740000;08e63cd7-c476-4730-987e-444414013b55;417.64;0.01;BUY
2016-03-26T01:44:01.707000;2016-03-26T01:44:01.757000;55013c6c-ada4-4606-8ccb-2d5a7c48dd3c;417.65;2.32213793;BUY
2016-03-26T01:44:01.707000;2016-03-26T01:44:01.757000;b23cd94d-6cfc-4f2e-b92e-17d63b6a16b3;417.65;0.05010411;BUY
2016-03-26T01:44:01.707000;2016-03-26T01:44:01.757000;e84c2a48-a746-413e-888c-2dc0f86e4993;417.68;0.01;BUY
2016-03-26T01:44:01.707000;2016-03-26T01:44:01.787000;40df74a1-3c62-4522-b5ce-a6c600d54e5a;417.69;0.01;BUY
2016-03-26T01:44:01.707000;2016-03-26T01:44:01.850000;56bd1608-90b6-4b7e-a0c1-a82d9c323050;417.7;0.03952796;BUY
2016-03-26T01:44:31.000000;2016-03-26T01:44:31.037000;bc736e92-641a-486a-9cdb-6cd8b62a8cde;417.7;0.19659204;BUY
2016-03-26T01:44:31.000000;2016-03-26T01:44:31.053000;1c64d1fe-f354-4163-a3c9-9a6494ffe0a5;417.7;0.13039321;BUY
2016-03-26T01:44:31.000000;2016-03-26T01:44:31.053000;807c173c-acc0-4d81-8d29-7b8d2e0aa135;417.71;0.37473475;BUY
2016-03-26T01:45:00.957000;2016-03-26T01:45:00.990000;a29c237e-e4ee-4eb5-ae1e-96c52ec23139;417.7;2.46;SELL
2016-03-26T01:45:00.957000;2016-03-26T01:45:01.023000;1abc816c-a2b7-4de2-88d3-1e3ee0e53c06;417.7;0.419;SELL
2016-03-26T01:45:00.957000;2016-03-26T01:45:01.023000;5d0d83b3-0fa6-4bfa-8274-a088c93f6375;417.7;0.05;SELL
2016-03-26T01:45:00.960000;2016-03-26T01:45:01.023000;df0539c2-849f-49f6-850d-0e74a3369c83;417.66;0.01;SELL
2016-03-26T01:45:00.960000;2016-03-26T01:45:01.023000;9f9e62ed-e2ad-490a-a02f-b4f6defbd37b;417.65;0.01;SELL
2016-03-26T01:45:00.960000;2016-03-26T01:45:01.100000;e834e5df-9575-4b94-9c5c-f2c5012fe57f;417.65;0.413;SELL
2016-03-26T01:45:00.960000;2016-03-26T01:45:01.100000;fa64f9ee-b5e7-42c6-8c08-ca4ed045db04;417.65;0.0125;SELL
2016-03-26T01:45:00.960000;2016-03-26T01:45:01.100000;30b3871e-9ed6-45ee-8e76-8b19e5b64646;417.64;0.01;SELL
2016-03-26T01:45:00.960000;2016-03-26T01:45:01.100000;7fadccc8-a91f-43b9-88b7-9ef27a94e35e;417.64;0.15;SELL
2016-03-26T01:45:00.960000;2016-03-26T01:45:01.100000;e987ac54-2fd0-4f5e-9764-35b60be87f8a;417.63;2.04;SELL
2016-03-26T01:45:00.960000;2016-03-26T01:45:01.100000;298e1934-a31f-47cd-b9c7-857aef19cb17;417.62;0.8;SELL
2016-03-26T01:45:00.960000;2016-03-26T01:45:01.100000;fce4b865-242b-41e1-aae7-aa50bca9e1af;417.61;7.17083;SELL
2016-03-26T01:45:00.960000;2016-03-26T01:45:01.100000;9c90de51-9c0f-4ab9-8581-2feabd15df73;417.6;0.441;SELL
2016-03-26T01:45:00.960000;2016-03-26T01:45:01.100000;c71e9b92-04d4-46bb-a401-42de4e0d2ed4;417.59;0.248;SELL
2016-03-26T01:45:00.960000;2016-03-26T01:45:01.100000;3fc568ab-4eae-46e8-8ffb-7f8bb1d241cd;417.56;0.01;SELL
2016-03-26T01:45:00.960000;2016-03-26T01:45:01.100000;0e6916c0-9cf3-4a8e-8ac0-204c74f1683f;417.55;0.16089;SELL
2016-03-26T01:45:45.173000;2016-03-26T01:45:45.240000;0d61f896-8e81-4496-a607-7754ebf2bd93;417.71;0.62526525;BUY
2016-03-26T01:45:45.173000;2016-03-26T01:45:45.257000;211c9eb8-2de6-4a41-b2cb-810c26c24bc3;417.72;0.59865488;BUY
2016-03-26T01:45:45.173000;2016-03-26T01:45:45.257000;a33a04ff-cff4-4869-ab46-e6dd74955041;417.72;0.01;BUY
2016-03-26T01:45:45.173000;2016-03-26T01:45:45.257000;467a7cc7-ff79-4b40-8d3a-c1cedd6e2943;417.72;0.01582538;BUY
2016-03-26T01:45:45.173000;2016-03-26T01:45:45.257000;d260f7be-47f2-4f83-b628-437c3ffbc294;417.72;0.20041643;BUY
2016-03-26T01:45:45.173000;2016-03-26T01:45:45.257000;b583ef7e-ca85-47bd-92cb-a86381553088;417.72;0.01252603;BUY
2016-03-26T01:45:45.173000;2016-03-26T01:45:45.257000;61b63d1c-d988-4b04-9e66-41197de4ff60;417.72;0.01;BUY
2016-03-26T01:45:45.173000;2016-03-26T01:45:45.257000;03842b25-c6a7-4ed7-bd2b-24abf3055860;417.74;0.01;BUY
2016-03-26T01:45:45.173000;2016-03-26T01:45:45.257000;f1526e70-9001-41d4-a539-c96f62546449;417.74;0.01;BUY
2016-03-26T01:45:45.173000;2016-03-26T01:45:45.257000;ea912465-bd57-4635-9b3f-456340cacd17;417.74;0.03;BUY
2016-03-26T01:45:45.173000;2016-03-26T01:45:45.257000;c576d247-40d6-4b77-8c13-4c11ef6043ed;417.74;0.268;BUY
2016-03-26T01:45:45.173000;2016-03-26T01:45:45.257000;786b72b3-df4f-4dbc-9264-5c5b2910c99b;417.74;0.8;BUY
2016-03-26T01:45:45.173000;2016-03-26T01:45:45.273000;39dba7a2-c4f8-4d7a-93c6-95abff41dce7;417.75;0.08968301;BUY
2016-03-26T01:45:45.173000;2016-03-26T01:45:45.273000;88c0e35d-1d71-4675-84fd-4c626354ed21;417.75;2.44208902;BUY
2016-03-26T01:46:00.937000;2016-03-26T01:46:00.977000;cb18cd28-6d88-4d29-8b8f-0fbd0f8059d9;417.74;0.01;BUY
2016-03-26T01:46:00.937000;2016-03-26T01:46:00.990000;e96e31ac-b318-440c-beee-40ed7dd98419;417.75;0.00161;BUY
2016-03-26T01:47:01.013000;2016-03-26T01:47:01.037000;9d4feefd-dc0d-4c06-9d3e-4d3bfa9c1b12;417.75;0.23526;BUY
2016-03-26T01:47:31.023000;2016-03-26T01:47:31.053000;1b0998ad-0358-454a-a02f-2ff7a858d6a8;417.75;0.07109;BUY
2016-03-26T01:48:00.990000;2016-03-26T01:48:01.023000;7b5a8277-6277-49a5-a754-202c81adb0fd;417.74;3.04673;SELL
2016-03-26T01:48:31.020000;2016-03-26T01:48:31.037000;40ec9c27-83a4-4441-8e92-06a11ca51b98;417.74;1.44112;SELL
2016-03-26T01:49:31.017000;2016-03-26T01:49:31.037000;12e3e39b-a846-4e42-b350-6637b8cbf1d6;417.74;1.00004;SELL
2016-03-26T01:50:01.310000;2016-03-26T01:50:01.333000;119b4ce2-893e-46b8-9a3a-5185107e0655;417.74;0.24175;SELL
2016-03-26T01:50:31.070000;2016-03-26T01:50:31.083000;7d889107-1331-478e-9fbc-c8e9f6f3782c;417.75;1.07814;BUY
2016-03-26T01:51:01.430000;2016-03-26T01:51:01.443000;0a324512-8163-4010-a465-f7008be18671;417.75;0.04977;BUY
2016-03-26T01:51:31.140000;2016-03-26T01:51:31.163000;7bd56888-e630-43a5-b40d-b50d14b4576f;417.75;1.18624;BUY
2016-03-26T01:52:01.133000;2016-03-26T01:52:01.193000;f4890e53-a699-46e6-b1da-c4087085c55c;417.74;1.14949;SELL
2016-03-26T01:53:01.113000;2016-03-26T01:53:01.177000;d587b1d4-2aea-4d52-a693-ff9a4d10dc6e;417.75;1.26559;BUY
2016-03-26T01:53:31.137000;2016-03-26T01:53:31.193000;8fa00d3d-8110-4588-8d07-5a85b8a1b294;417.74;0.57617;SELL
2016-03-26T01:54:01.227000;2016-03-26T01:54:01.287000;e301086c-b2ae-4f84-93df-f402946fb312;417.74;11.08245;SELL
2016-03-26T01:55:01.137000;2016-03-26T01:55:01.193000;0e56a330-8b6d-4979-bd07-b5567bc6f623;417.75;0.67021098;BUY
2016-03-26T01:55:01.137000;2016-03-26T01:55:01.207000;83b1e5a3-7580-4430-aba6-2e53d229df15;417.75;0.05;BUY
2016-03-26T01:55:01.137000;2016-03-26T01:55:01.207000;4aa46550-c45e-4187-8ccf-6c7ca8c3b381;417.75;0.01;BUY
2016-03-26T01:55:01.137000;2016-03-26T01:55:01.207000;12792943-dfa0-4351-86d5-4ca429eceed3;417.75;0.238;BUY
2016-03-26T01:55:01.137000;2016-03-26T01:55:01.270000;149fb388-ddf2-4faf-9f7f-784b9603456e;417.75;0.238;BUY
2016-03-26T01:55:01.137000;2016-03-26T01:55:01.270000;16b0e3a9-8e76-45cb-aced-2b167e224b39;417.75;0.239;BUY
2016-03-26T01:55:01.137000;2016-03-26T01:55:01.270000;d2bd7558-adbb-4265-ba3d-d3cbf5cbb602;417.75;0.238;BUY
2016-03-26T01:55:01.137000;2016-03-26T01:55:01.270000;21fece22-194e-4c50-ae1b-fab947c4b59d;417.75;0.238;BUY
2016-03-26T01:55:01.137000;2016-03-26T01:55:01.270000;b8cfb8cb-99eb-4009-b31a-7105ac666638;417.75;0.239;BUY
2016-03-26T01:55:01.137000;2016-03-26T01:55:01.270000;5946e77f-093f-4add-b8eb-6bf31a6ac83e;417.75;0.05989902;BUY
2016-03-26T01:55:31.133000;2016-03-26T01:55:31.193000;7bc73579-8a06-42f5-9ed8-31fa92d2daad;417.75;0.17810098;BUY
2016-03-26T01:55:31.133000;2016-03-26T01:55:31.207000;383f02a3-4cb7-49a5-a87b-11676c37c655;417.75;0.239;BUY
2016-03-26T01:55:31.133000;2016-03-26T01:55:31.207000;c16c220f-b629-4ca1-95dc-be3bf4b5d42f;417.75;0.17540902;BUY
2016-03-26T01:56:01.910000;2016-03-26T01:56:01.957000;9c9dbcca-dbf2-4d84-959d-d4b2897f8615;417.75;0.07379056;BUY
2016-03-26T01:56:01.910000;2016-03-26T01:56:01.973000;b25ad991-b057-4059-a5f2-57cd51b27b90;417.76;0.01;BUY
2016-03-26T01:56:01.910000;2016-03-26T01:56:01.973000;af7882a7-9136-48ed-912f-81677609fbcc;417.76;0.01;BUY
2016-03-26T01:56:01.910000;2016-03-26T01:56:01.973000;c6da1584-0403-4f9c-971d-307b9a2e6522;417.76;1.32822944;BUY
2016-03-26T01:56:31.310000;2016-03-26T01:56:31.363000;3b903b54-5ff0-41ee-bc66-e935df1ae0f2;417.76;0.16144;BUY
2016-03-26T01:57:01.123000;2016-03-26T01:57:01.177000;bfff6212-8bc3-4bb3-8253-c2076ce1a072;417.75;0.2;SELL
2016-03-26T01:57:01.123000;2016-03-26T01:57:01.193000;7a493cf6-d077-4c41-82be-8413ae9fbd85;417.75;11.88397;SELL
2016-03-26T01:57:33.837000;2016-03-26T01:57:33.880000;e1ab6fdf-b982-4652-bb9b-ed26d6a5c9b8;417.76;0.47401;BUY
2016-03-26T01:58:01.217000;2016-03-26T01:58:01.270000;4ed2c9fd-24a6-4755-ad7a-e2d449311560;417.75;1.5459;SELL
2016-03-26T01:58:31.220000;2016-03-26T01:58:31.270000;34938622-439e-4e91-9ce0-9e95e865f512;417.75;0.11609;SELL
2016-03-26T01:59:01.937000;2016-03-26T01:59:01.973000;03052ebb-d8b5-4e58-9ce3-a0842a0be1e3;417.76;0.05925;BUY
2016-03-26T01:59:31.187000;2016-03-26T01:59:31.223000;80fa988b-dd55-4325-b723-3fe876d8bd1e;417.76;0.19075;BUY
2016-03-26T01:59:31.187000;2016-03-26T01:59:31.240000;25b06dfd-512c-4133-a31a-fa4732f129c7;417.77;0.43536;BUY
2016-03-26T01:59:53.283000;2016-03-26T01:59:53.333000;1cb5894f-3f63-4f03-9dab-174d585320df;417.72;0.01;SELL
2016-03-26T01:59:53.283000;2016-03-26T01:59:53.350000;c503901d-9422-4868-b6f2-8ab52930de23;417.71;0.01;SELL
2016-03-26T01:59:53.283000;2016-03-26T01:59:53.350000;a60508d0-3000-46b4-a389-95bb8d842308;417.7;0.0125;SELL
2016-03-26T01:59:53.283000;2016-03-26T01:59:53.350000;864f42f6-5e73-46d1-b352-3cc124d73939;417.68;0.00985;SELL
2016-03-26T02:00:02.063000;2016-03-26T02:00:02.253000;bd275be5-5a9e-4742-be52-6d4202a995ca;417.75;0.259;BUY
2016-03-26T02:00:02.063000;2016-03-26T02:00:02.253000;0e80cea5-fc4a-4061-aa19-31bf05e72de5;417.75;0.238;BUY
2016-03-26T02:00:02.063000;2016-03-26T02:00:02.287000;fc7f4e93-80e8-4297-bd52-cba2e19c476a;417.76;0.00265;BUY
2016-03-26T02:01:03.967000;2016-03-26T02:01:04.003000;0e1de92b-255a-42eb-ac80-1bae068c9a82;417.74;5.92818;SELL
2016-03-26T02:01:31.200000;2016-03-26T02:01:31.240000;ff6ec50e-3a6e-45e5-aec2-577ddc4ebad2;417.74;0.07197;BUY
2016-03-26T02:02:01.220000;2016-03-26T02:02:01.253000;20e2c220-42b1-4ce5-97b5-114935b2ab76;417.74;0.13911965;BUY
2016-03-26T02:02:01.220000;2016-03-26T02:02:01.270000;e3c7639d-8a5e-4799-8265-b7f00ea39357;417.76;0.00735;BUY
2016-03-26T02:02:01.220000;2016-03-26T02:02:01.270000;560fbf1c-a962-4516-b442-1e11b4c08868;417.77;0.09054035;BUY
2016-03-26T02:02:31.243000;2016-03-26T02:02:31.270000;1304321f-c674-4519-8dd0-90f9672992bf;417.74;0.095;SELL
2016-03-26T02:02:31.243000;2016-03-26T02:02:31.303000;3780ea0a-0dad-4667-96f3-7fbc056823f0;417.73;0.01;SELL
2016-03-26T02:02:31.243000;2016-03-26T02:02:31.303000;48565b56-0725-423a-b869-3b34bc6fd088;417.72;0.076;SELL
2016-03-26T02:02:31.243000;2016-03-26T02:02:31.303000;73da3f3c-b589-40fe-abf3-89c62d689230;417.65;0.388;SELL
2016-03-26T02:02:31.243000;2016-03-26T02:02:31.317000;f181b1c3-ed6e-4595-ba16-9fc33ba41d96;417.64;0.249;SELL
2016-03-26T02:02:31.243000;2016-03-26T02:02:31.380000;302856f0-4c22-4503-81fa-d623d566eb1b;417.64;0.30021;SELL
2016-03-26T02:03:01.260000;2016-03-26T02:03:01.303000;7689cb8a-49db-4602-968e-30facbb7c5d1;417.69;0.01;SELL
2016-03-26T02:03:01.260000;2016-03-26T02:03:01.350000;986c7714-511b-4a4f-862b-1c9b43f44d26;417.68;0.03342;SELL
2016-03-26T02:03:31.210000;2016-03-26T02:03:31.240000;409aa521-416a-4109-8255-d16826a1e146;417.74;0.0147;SELL
2016-03-26T02:03:31.210000;2016-03-26T02:03:31.253000;ccdaf759-016b-40c0-96ab-68991917a25a;417.69;0.0096;SELL
2016-03-26T02:04:01.253000;2016-03-26T02:04:01.287000;c5ee7146-4a8f-4a04-905a-fa34a6e6b232;417.7;0.01317;SELL
2016-03-26T02:04:36.253000;2016-03-26T02:04:36.287000;da652b57-a7fb-4a49-8f6f-4de0ecf6701e;417.76;2.91585;BUY
2016-03-26T02:05:01.890000;2016-03-26T02:05:01.910000;c113c0de-8225-434c-a936-30dc7104cdf9;417.76;0.297;BUY
2016-03-26T02:05:01.890000;2016-03-26T02:05:01.927000;c97979f3-0290-402e-8d6d-47e0436f1639;417.77;0.20447;BUY
2016-03-26T02:05:30.530000;2016-03-26T02:05:30.553000;3db18c95-84f8-4cb3-ad67-7615987d040d;417.76;0.00038684;BUY
2016-03-26T02:05:31.230000;2016-03-26T02:05:31.257000;f91d3e9f-0a5d-466e-9622-9cdaa249e274;417.7;0.08683;SELL
2016-03-26T02:05:31.230000;2016-03-26T02:05:31.270000;e9e8d39b-8c2f-464f-8188-0db1fb572127;417.69;0.0004;SELL
2016-03-26T02:05:31.230000;2016-03-26T02:05:31.270000;cf297800-1cb5-41a0-ae73-47f1534b690d;417.69;0.127;SELL
2016-03-26T02:05:31.230000;2016-03-26T02:05:31.270000;59b4ed26-aba1-425c-ab85-e8b0e10dbe23;417.65;0.0261;SELL
2016-03-26T02:06:31.870000;2016-03-26T02:06:31.910000;b2e923b9-80d5-48b3-a3f6-f35cc7d22330;417.74;0.35551;BUY
