time_exchange;time_coinpai;guid;price;base_amount;taker_side
2016-03-09T00:01:13.000000;2016-03-09T00:01:13.000000;bad54b12-4385-40eb-a8be-3537a8fb0893;411.34;0.09155098;UNKNOWN
2016-03-09T00:02:08.000000;2016-03-09T00:02:08.000000;093f5e88-9491-49ae-a599-7f6c1a81e0dc;411.34;0.605695;UNKNOWN
2016-03-09T00:05:11.000000;2016-03-09T00:05:11.000000;1a77a10f-a85b-4e95-84a2-f02838906d78;411.35;0.40185402;UNKNOWN
2016-03-09T00:07:15.000000;2016-03-09T00:07:15.000000;cd6fc85d-6d20-45ab-9121-57610ede6f81;411.4;0.22574819;UNKNOWN
2016-03-09T00:07:15.000000;2016-03-09T00:07:15.000000;c52e7c7e-8f14-4d0d-a881-fc6f8ab6b583;411.4;1.0;UNKNOWN
2016-03-09T00:08:01.000000;2016-03-09T00:08:01.000000;7e343ffc-7a74-42d2-90d5-9c42fd00cd94;411.39;2.0;UNKNOWN
2016-03-09T00:08:25.000000;2016-03-09T00:08:25.000000;b65f16b2-c8ff-4885-95ee-ba4942c998f5;411.4;0.2523719;UNKNOWN
2016-03-09T00:09:23.000000;2016-03-09T00:09:23.000000;869de7fb-cd47-4807-ab55-f55f93ae2466;411.5;0.97340487;UNKNOWN
2016-03-09T00:09:56.000000;2016-03-09T00:09:56.000000;acb71f87-59a7-43fd-a1c3-7da9e4247b63;411.3;0.02743343;UNKNOWN
2016-03-09T00:09:56.000000;2016-03-09T00:09:56.000000;dfaccf14-da14-4942-b1e3-ef534b5930c4;411.5;3.63449054;UNKNOWN
2016-03-09T00:09:56.000000;2016-03-09T00:09:56.000000;c366c816-3aec-4e25-b256-266a6d60f7b6;411.24;5.9954;UNKNOWN
2016-03-09T00:11:40.000000;2016-03-09T00:11:40.000000;bcf8f9b7-0fcb-40c6-9ca2-e73174c521d1;411.13;0.077529;UNKNOWN
2016-03-09T00:11:43.000000;2016-03-09T00:11:43.000000;9e1b1783-f9d9-40fc-9d96-242f6eb52b55;411.13;0.224094;UNKNOWN
2016-03-09T00:11:45.000000;2016-03-09T00:11:45.000000;b77b06ef-9214-4905-b341-b4b7dae54e8e;411.14;0.120947;UNKNOWN
2016-03-09T00:14:42.000000;2016-03-09T00:14:42.000000;c884852a-cc37-4d08-9023-d6a155f1049f;411.09;12.7115;UNKNOWN
2016-03-09T00:14:42.000000;2016-03-09T00:14:42.000000;34d2c2f8-82f1-411a-8618-d7e74c5a7363;411.1;5.9946;UNKNOWN
2016-03-09T00:14:42.000000;2016-03-09T00:14:42.000000;6828030d-50f1-4a34-b933-db486936e070;411.14;9.16806;UNKNOWN
2016-03-09T00:14:42.000000;2016-03-09T00:14:42.000000;7953db63-1796-4432-bc7e-d99e943ea3ba;411.05;4.79564555;UNKNOWN
2016-03-09T00:14:43.000000;2016-03-09T00:14:43.000000;012d14d4-ee29-4b6f-8928-7a629d8578f1;411.05;0.53564555;UNKNOWN
2016-03-09T00:14:43.000000;2016-03-09T00:14:43.000000;d6f8ab73-5146-4a1c-8b60-f9400315e8d1;411.04;4.26;UNKNOWN
2016-03-09T00:15:21.000000;2016-03-09T00:15:21.000000;deda2377-1bfe-4632-b7be-e883a551832c;411.0;0.1;UNKNOWN
2016-03-09T00:16:04.000000;2016-03-09T00:16:04.000000;73261d8c-97e4-4ab1-9d36-428b161cc9b1;411.04;0.0305;UNKNOWN
2016-03-09T00:16:04.000000;2016-03-09T00:16:04.000000;167ddaa2-0636-4d92-8c60-efa12313ddef;410.99;2.1104;UNKNOWN
2016-03-09T00:16:04.000000;2016-03-09T00:16:04.000000;e649ee1e-4be7-40cd-b63b-f19223608fcb;411.0;0.9;UNKNOWN
2016-03-09T00:16:04.000000;2016-03-09T00:16:04.000000;3ee47c69-99b6-40fa-b6dd-82f0d1a18299;411.03;14.9591;UNKNOWN
2016-03-09T00:16:46.000000;2016-03-09T00:16:46.000000;3768964e-eb0a-4154-bbef-eef0ea28f8d7;410.92;0.137947;UNKNOWN
2016-03-09T00:17:24.000000;2016-03-09T00:17:24.000000;0514796a-7b75-4a6b-a96b-0efda4fe9045;410.84;0.12173776;UNKNOWN
2016-03-09T00:17:25.000000;2016-03-09T00:17:25.000000;cbfb242d-2a8d-4bc9-bfd7-28944337ff16;410.84;0.05966601;UNKNOWN
2016-03-09T00:18:20.000000;2016-03-09T00:18:20.000000;c4a86238-395f-4363-8cad-a67004ff1c96;410.91;11.6252;UNKNOWN
2016-03-09T00:18:29.000000;2016-03-09T00:18:29.000000;246afc61-7fcd-4a15-a173-62586603cae3;410.84;0.058359;UNKNOWN
2016-03-09T00:18:55.000000;2016-03-09T00:18:55.000000;7a416930-cfe5-463e-9b1d-f7824b2cbdd2;410.72;0.25;UNKNOWN
2016-03-09T00:18:55.000000;2016-03-09T00:18:55.000000;30cc115c-3892-499d-80de-846b6ef17996;410.84;9.23612723;UNKNOWN
2016-03-09T00:18:55.000000;2016-03-09T00:18:55.000000;9926b2b5-7b6e-4247-8578-da8e1b8f35eb;410.35;14.9;UNKNOWN
2016-03-09T00:18:55.000000;2016-03-09T00:18:55.000000;bf29bb2f-ebe8-40d7-ac20-772fd7ffd999;410.4;0.01;UNKNOWN
2016-03-09T00:18:55.000000;2016-03-09T00:18:55.000000;b400a5d3-c07e-4507-af4b-627474be1031;410.5;0.01;UNKNOWN
2016-03-09T00:19:13.000000;2016-03-09T00:19:13.000000;51792fcc-68a4-44a5-bf7a-7a2ad93ecfcb;410.34;0.72132724;UNKNOWN
2016-03-09T00:20:11.000000;2016-03-09T00:20:11.000000;faa443c5-e385-4150-9722-b7de203380a9;410.34;0.5;UNKNOWN
2016-03-09T00:20:22.000000;2016-03-09T00:20:22.000000;a89450a0-cbdf-47a9-ab4e-7271dbf90bb7;410.34;0.78100253;UNKNOWN
2016-03-09T00:20:22.000000;2016-03-09T00:20:22.000000;622285c8-491d-42d0-9435-fe7087f02dc6;410.34;0.16043085;UNKNOWN
2016-03-09T00:20:22.000000;2016-03-09T00:20:22.000000;a1965b7d-f92b-4745-9404-f35fdb3a1f1a;410.34;0.05856662;UNKNOWN
2016-03-09T00:20:29.000000;2016-03-09T00:20:29.000000;cb6cecea-28f6-43ec-9445-2d5f08fa06b7;410.1;0.01;UNKNOWN
2016-03-09T00:20:29.000000;2016-03-09T00:20:29.000000;475ba07c-8033-48c4-9652-835e44d9d446;410.12;8.3;UNKNOWN
2016-03-09T00:20:29.000000;2016-03-09T00:20:29.000000;38f9d755-e577-4022-ad97-469cda5c9565;410.34;4.01;UNKNOWN
2016-03-09T00:20:29.000000;2016-03-09T00:20:29.000000;41794ef5-4a28-477d-9f35-65b3682752b1;410.2;0.01;UNKNOWN
2016-03-09T00:20:29.000000;2016-03-09T00:20:29.000000;016c2392-990e-497e-af54-b3d8a07a6a6a;410.3;0.01;UNKNOWN
2016-03-09T00:20:29.000000;2016-03-09T00:20:29.000000;e49f5707-a45f-4987-aac3-4fcba1a0aa91;410.34;2.11141612;UNKNOWN
2016-03-09T00:20:29.000000;2016-03-09T00:20:29.000000;e8542184-79da-4945-b45b-b7b774413735;410.34;0.03;UNKNOWN
2016-03-09T00:21:09.000000;2016-03-09T00:21:09.000000;a4dd43ec-ade6-4a6f-9490-98cd78ce03d3;410.01;0.5;UNKNOWN
2016-03-09T00:21:57.000000;2016-03-09T00:21:57.000000;81aebadd-ebd9-4e7f-af23-15947549d11d;410.01;17.99;UNKNOWN
2016-03-09T00:21:57.000000;2016-03-09T00:21:57.000000;73cd711e-afaf-4529-94b1-763744adaecf;410.01;2.01;UNKNOWN
2016-03-09T00:22:21.000000;2016-03-09T00:22:21.000000;84859ddf-6eb0-4959-ac86-f39e9defacb6;410.02;5.01858388;UNKNOWN
2016-03-09T00:22:54.000000;2016-03-09T00:22:54.000000;ae324dc4-9932-4a80-a2e9-44ff49a808a5;410.3;1.21862052;UNKNOWN
2016-03-09T00:23:00.000000;2016-03-09T00:23:00.000000;fe2ba8cc-5d24-4047-950f-ab40193daa77;410.27;0.5;UNKNOWN
2016-03-09T00:23:00.000000;2016-03-09T00:23:00.000000;4c598302-18fb-4d87-9b85-eac4123e8d44;410.27;0.1947;UNKNOWN
2016-03-09T00:23:00.000000;2016-03-09T00:23:00.000000;942dd3b3-8aa8-403f-8fe3-1611f2b28db2;410.27;3.0;UNKNOWN
2016-03-09T00:23:07.000000;2016-03-09T00:23:07.000000;613093fb-ba77-496f-9835-eb12e0e98dbc;410.27;3.0;UNKNOWN
2016-03-09T00:23:13.000000;2016-03-09T00:23:13.000000;b1dbd323-0a99-4f72-9fe7-2dc4adc4c360;410.26;0.35589635;UNKNOWN
2016-03-09T00:23:24.000000;2016-03-09T00:23:24.000000;bc2687d0-4019-4130-ad5f-227c1422a57e;410.27;2.0;UNKNOWN
2016-03-09T00:26:18.000000;2016-03-09T00:26:18.000000;c73df6e2-ba50-47f8-8bbf-50773f8aced3;410.37;8.28;UNKNOWN
2016-03-09T00:26:18.000000;2016-03-09T00:26:18.000000;0ee8deef-911a-4872-a127-e41b234d5eaa;410.36;1.72;UNKNOWN
2016-03-09T00:29:07.000000;2016-03-09T00:29:07.000000;884ceb9e-7d85-4bcf-b274-1ee3634958e9;410.33;0.07240474;UNKNOWN
2016-03-09T00:29:13.000000;2016-03-09T00:29:13.000000;82ac967f-3d02-4b57-9b00-966066366636;410.3;0.12023566;UNKNOWN
2016-03-09T00:30:02.000000;2016-03-09T00:30:02.000000;d45aedf1-f62d-4fca-a6a0-406759f2e759;410.36;0.01;UNKNOWN
2016-03-09T00:31:14.000000;2016-03-09T00:31:14.000000;f7476e36-b895-4547-9392-d41dbcfb9242;410.3;0.24048867;UNKNOWN
2016-03-09T00:32:58.000000;2016-03-09T00:32:58.000000;c0ed7175-e587-4753-9725-f304d104016c;410.31;0.1;UNKNOWN
2016-03-09T00:34:15.000000;2016-03-09T00:34:15.000000;fc607c07-c3b7-494b-9435-cc861224ce81;410.23;4.31492433;UNKNOWN
2016-03-09T00:34:15.000000;2016-03-09T00:34:15.000000;d730dddf-b974-4838-8054-17518e271a46;410.3;4.63927567;UNKNOWN
2016-03-09T00:34:15.000000;2016-03-09T00:34:15.000000;bf54838b-2960-4b79-8b71-ef5e670bd278;410.25;6.0458;UNKNOWN
2016-03-09T00:40:06.000000;2016-03-09T00:40:06.000000;dd2776db-577c-4e58-8a19-485fe1aca003;410.29;0.6525969;UNKNOWN
2016-03-09T00:40:08.000000;2016-03-09T00:40:08.000000;c3abb1c6-e48b-4184-a893-e058f58ba4db;410.29;1.0;UNKNOWN
2016-03-09T00:40:33.000000;2016-03-09T00:40:33.000000;3f093772-eb89-4f36-8029-aa94ec431da5;410.28;1.46981114;UNKNOWN
2016-03-09T00:41:32.000000;2016-03-09T00:41:32.000000;efddec1b-543d-454a-8dfa-713a8cff9688;410.28;0.55987348;UNKNOWN
2016-03-09T00:41:32.000000;2016-03-09T00:41:32.000000;520b342a-a3bf-49a5-8156-29c1b898a8b6;410.28;6.0886;UNKNOWN
2016-03-09T00:41:32.000000;2016-03-09T00:41:32.000000;a08b1a78-f2bd-40e2-bdab-0d7679d79ca4;410.27;12.13;UNKNOWN
2016-03-09T00:41:32.000000;2016-03-09T00:41:32.000000;ea182bf5-4968-4fcf-aea0-f0830ebd94dd;410.2;0.2;UNKNOWN
2016-03-09T00:41:32.000000;2016-03-09T00:41:32.000000;ff58a0c4-5f08-4650-8d7b-a442b2852d0f;410.28;0.17;UNKNOWN
2016-03-09T00:41:32.000000;2016-03-09T00:41:32.000000;c9a2c54e-51c4-4e14-9f68-ddffdb3b0e1e;410.2;25.6852;UNKNOWN
2016-03-09T00:41:32.000000;2016-03-09T00:41:32.000000;2630d316-0b72-4d88-9cbc-e8c9c25f3e2e;410.28;0.41235821;UNKNOWN
2016-03-09T00:41:32.000000;2016-03-09T00:41:32.000000;cf20e0e4-47df-4314-a48e-3b803831ba3f;410.1;1.75396831;UNKNOWN
2016-03-09T00:41:32.000000;2016-03-09T00:41:32.000000;5223ed25-8904-4ffa-a956-d8e713213df3;410.2;3.0;UNKNOWN
2016-03-09T00:41:37.000000;2016-03-09T00:41:37.000000;c3597e3d-ee72-4898-9e7a-4cc8d40e9eca;409.99;0.025;UNKNOWN
2016-03-09T00:41:37.000000;2016-03-09T00:41:37.000000;8c77efba-9f91-4146-8ef8-fd236d8ec9aa;410.0;0.01;UNKNOWN
2016-03-09T00:43:51.000000;2016-03-09T00:43:51.000000;060a9334-2add-4512-b647-b8c19c145e02;410.03;0.28132612;UNKNOWN
2016-03-09T00:43:54.000000;2016-03-09T00:43:54.000000;cea3bff8-a61d-43d9-b94f-528fe1d5b0ae;410.03;0.01444077;UNKNOWN
2016-03-09T00:44:16.000000;2016-03-09T00:44:16.000000;c6476c68-9a56-4f16-9e01-986825f385a2;410.03;0.02170569;UNKNOWN
2016-03-09T00:44:19.000000;2016-03-09T00:44:19.000000;c5a867a2-768a-4779-a5f9-35c5b558ee81;410.03;0.49547031;UNKNOWN
2016-03-09T00:44:23.000000;2016-03-09T00:44:23.000000;9df73885-ba72-40db-b47c-1fb812ad4838;410.02;12.32;UNKNOWN
2016-03-09T00:44:23.000000;2016-03-09T00:44:23.000000;e729c3c0-ddb6-46c0-88ac-1d58c5a21064;410.02;0.74296924;UNKNOWN
2016-03-09T00:44:23.000000;2016-03-09T00:44:23.000000;8d2bcc0c-f8a8-4b1c-8811-03b0d10b59ea;410.0;0.01;UNKNOWN
2016-03-09T00:44:23.000000;2016-03-09T00:44:23.000000;7fd75e18-5502-466e-9789-7b063f7cc7f0;410.0;1.0;UNKNOWN
2016-03-09T00:44:23.000000;2016-03-09T00:44:23.000000;e3f28f65-1b83-474d-9f3e-83bb4ec19475;410.02;0.27742235;UNKNOWN
2016-03-09T00:44:27.000000;2016-03-09T00:44:27.000000;11d63dfe-c506-4425-8ef8-3275a8e8ab38;410.0;0.49834495;UNKNOWN
2016-03-09T00:44:28.000000;2016-03-09T00:44:28.000000;88ff28db-f38b-47ba-968d-74dfd43b2c04;410.0;12.28873654;UNKNOWN
2016-03-09T00:44:28.000000;2016-03-09T00:44:28.000000;d8463c7e-997b-474e-8b7f-656fa645d8d7;410.0;0.15126346;UNKNOWN
2016-03-09T00:44:31.000000;2016-03-09T00:44:31.000000;9f6036f1-1c13-4f9d-8620-0d52f5505ba0;410.0;0.01;UNKNOWN
2016-03-09T00:44:40.000000;2016-03-09T00:44:40.000000;2222bedd-5130-4fb7-aeff-642f105cc667;410.0;0.08197008;UNKNOWN
2016-03-09T00:44:58.000000;2016-03-09T00:44:58.000000;c72dd1b8-cf0c-41a8-b14b-15c0d8eae2df;409.9;0.01;UNKNOWN
2016-03-09T00:44:58.000000;2016-03-09T00:44:58.000000;fbf507e5-79b7-4e27-9786-2544d723088b;409.8;0.01;UNKNOWN
2016-03-09T00:44:58.000000;2016-03-09T00:44:58.000000;c237c0e9-549a-434b-9724-59212cff3e2e;409.99;2.975;UNKNOWN
2016-03-09T00:45:01.000000;2016-03-09T00:45:01.000000;20881a22-ed0c-4079-bfee-abfba8f7aea8;409.57;13.3531;UNKNOWN
2016-03-09T00:45:01.000000;2016-03-09T00:45:01.000000;c46a7f60-889a-4cd9-b8d4-aa34c4ff0cda;409.75;12.64;UNKNOWN
2016-03-09T00:45:01.000000;2016-03-09T00:45:01.000000;9433d761-5a85-4fad-ab88-75a2d7e15c41;409.45;2.4022411;UNKNOWN
2016-03-09T00:45:01.000000;2016-03-09T00:45:01.000000;04b4cccb-adc6-4e54-a82c-c15680a410ec;409.5;0.01;UNKNOWN
2016-03-09T00:45:01.000000;2016-03-09T00:45:01.000000;a06c4805-563e-41ce-af1b-8ce647b729fc;409.7;0.01;UNKNOWN
2016-03-09T00:45:01.000000;2016-03-09T00:45:01.000000;fb6715be-a012-4e54-82d2-9496a0631868;409.74;0.01003;UNKNOWN
2016-03-09T00:45:01.000000;2016-03-09T00:45:01.000000;f147effb-5430-41d7-84c4-eab5a3f240c0;409.45;4.5;UNKNOWN
2016-03-09T00:45:01.000000;2016-03-09T00:45:01.000000;d1fe0c8c-5f59-42e9-96b0-49c5967f4475;409.72;0.15;UNKNOWN
2016-03-09T00:45:01.000000;2016-03-09T00:45:01.000000;de829f57-41af-4b75-969b-1ec09928af94;409.6;1.0;UNKNOWN
2016-03-09T00:45:01.000000;2016-03-09T00:45:01.000000;c8bbeec1-1143-4b08-9022-8ce79c8fff5b;409.6;0.01;UNKNOWN
2016-03-09T00:45:01.000000;2016-03-09T00:45:01.000000;4c9eeb98-a4ee-4641-bca0-9c3d9e65e9ce;409.74;2.64;UNKNOWN
2016-03-09T00:45:08.000000;2016-03-09T00:45:08.000000;179f0f36-6c96-4cb8-ae92-ac2337f8df99;409.42;0.12;UNKNOWN
2016-03-09T00:45:09.000000;2016-03-09T00:45:09.000000;a54cbb22-a8b6-4fed-ad06-6077c868eb45;409.69;6.0211;UNKNOWN
2016-03-09T00:45:09.000000;2016-03-09T00:45:09.000000;5ca45546-50fd-42f6-9551-161c5de7cab4;409.7;0.7189;UNKNOWN
2016-03-09T00:45:09.000000;2016-03-09T00:45:09.000000;bb70b3ad-7f3b-404f-85ee-120a20315136;409.69;5.82;UNKNOWN
2016-03-09T00:45:11.000000;2016-03-09T00:45:11.000000;f99bf493-00c2-47d3-a6bd-f5aaaa203944;409.76;5.8754;UNKNOWN
2016-03-09T00:45:11.000000;2016-03-09T00:45:11.000000;7048f3e6-bf8c-48ad-883b-d1083fa62f37;409.69;0.5;UNKNOWN
2016-03-09T00:45:11.000000;2016-03-09T00:45:11.000000;b4a22bb9-9af1-47e4-8c0f-4938510e6fbb;409.7;2.2811;UNKNOWN
2016-03-09T00:45:11.000000;2016-03-09T00:45:11.000000;faabb3fd-506e-426a-9b47-781976a36d48;409.75;6.0;UNKNOWN
2016-03-09T00:45:13.000000;2016-03-09T00:45:13.000000;844377d6-365f-4dc1-839d-f291d5b9774f;409.58;0.08281353;UNKNOWN
2016-03-09T00:45:33.000000;2016-03-09T00:45:33.000000;4a6c9b2a-3b8d-406c-8f49-2e3f6d40f2d9;409.77;5.0;UNKNOWN
2016-03-09T00:45:40.000000;2016-03-09T00:45:40.000000;5cf8b567-2282-4f07-a8b3-f9dfa180ce47;410.01;1.95055;UNKNOWN
2016-03-09T00:46:03.000000;2016-03-09T00:46:03.000000;e9f0c278-6ed2-47f0-87ac-11e10c25e295;410.04;0.66532174;UNKNOWN
2016-03-09T00:46:12.000000;2016-03-09T00:46:12.000000;18896a95-3619-43dd-a7e6-09c1a62259a5;410.04;0.19287333;UNKNOWN
2016-03-09T00:49:28.000000;2016-03-09T00:49:28.000000;9365f977-2aae-4e52-b5dc-422bf9322adf;410.05;2.0;UNKNOWN
2016-03-09T00:49:36.000000;2016-03-09T00:49:36.000000;120bc549-d88e-4237-a694-9206cada98ae;410.05;1.0;UNKNOWN
2016-03-09T00:51:29.000000;2016-03-09T00:51:29.000000;e8de1d6a-ff1b-45d9-8fb1-c01cb8bd6beb;410.04;0.14;UNKNOWN
2016-03-09T00:51:29.000000;2016-03-09T00:51:29.000000;7e3ffe75-54a2-47d0-9669-93f29208ab1c;410.0;1.6899;UNKNOWN
2016-03-09T00:51:31.000000;2016-03-09T00:51:31.000000;ba613330-3769-4638-883d-15d5beeed585;409.45;1.5;UNKNOWN
2016-03-09T00:51:48.000000;2016-03-09T00:51:48.000000;0a7d0b13-fb8e-4426-bace-aa3b5cd91d2b;409.64;1.7498484;UNKNOWN
2016-03-09T00:53:52.000000;2016-03-09T00:53:52.000000;83757994-25f6-4f30-8bae-73b0e7779a8d;409.66;1.98;UNKNOWN
2016-03-09T00:53:52.000000;2016-03-09T00:53:52.000000;e9604a33-e86f-432a-aaa4-40d67c3fc445;409.65;6.0228;UNKNOWN
2016-03-09T00:53:52.000000;2016-03-09T00:53:52.000000;d6e253f0-0013-4e93-b5f8-86fed6531f94;409.66;4.5572;UNKNOWN
2016-03-09T00:54:43.000000;2016-03-09T00:54:43.000000;79397451-1a25-4fec-a7e9-6b0adf42046e;409.43;0.04398392;UNKNOWN
2016-03-09T00:58:19.000000;2016-03-09T00:58:19.000000;82b429d0-8af7-450d-a680-12e6507fd3dc;409.7;0.02;UNKNOWN
2016-03-09T00:58:34.000000;2016-03-09T00:58:34.000000;9eee24b0-b3ad-4542-895d-f17149f303bc;409.62;0.60520545;UNKNOWN
2016-03-09T00:58:34.000000;2016-03-09T00:58:34.000000;35d0c9f0-6323-4961-b1b1-b817c65d9da0;409.62;0.12825394;UNKNOWN
2016-03-09T00:58:53.000000;2016-03-09T00:58:53.000000;f9a08a3e-9312-4700-9f35-cb7c0b207ff9;409.66;1.0;UNKNOWN
2016-03-09T00:59:27.000000;2016-03-09T00:59:27.000000;1efcee43-749c-4688-9e97-6d40633a3630;409.66;0.74;UNKNOWN
2016-03-09T00:59:55.000000;2016-03-09T00:59:55.000000;2534578a-e3a0-4b90-b4b4-f116d5bb1713;409.67;0.25;UNKNOWN
2016-03-09T00:59:58.000000;2016-03-09T00:59:58.000000;3ba3c007-da6d-450d-acbb-89882c034902;409.67;0.25;UNKNOWN
2016-03-09T01:00:00.000000;2016-03-09T01:00:00.000000;b8b160f2-e5e6-4d2b-8342-6f772a2477b7;409.67;0.25;UNKNOWN
2016-03-09T01:00:11.000000;2016-03-09T01:00:11.000000;64b44bff-127d-4108-b319-823da72cedcd;409.67;3.8408;UNKNOWN
2016-03-09T01:00:13.000000;2016-03-09T01:00:13.000000;0a0879a5-5bc5-4e43-bea2-2df34c468f62;409.66;0.212;UNKNOWN
2016-03-09T01:00:13.000000;2016-03-09T01:00:13.000000;9d151bcf-262e-43e9-8221-5ee71dc34418;409.66;0.25;UNKNOWN
2016-03-09T01:00:14.000000;2016-03-09T01:00:14.000000;9db24700-64fb-4356-ad39-19d9e006b4b0;409.67;0.25;UNKNOWN
2016-03-09T01:00:20.000000;2016-03-09T01:00:20.000000;c9e99e36-3cf1-4337-9afe-b55783ca2202;409.67;4.8242;UNKNOWN
2016-03-09T01:01:14.000000;2016-03-09T01:01:14.000000;70bb5fce-8ff1-4c5c-abce-f78ab3e979bc;409.66;0.79964017;UNKNOWN
2016-03-09T01:01:14.000000;2016-03-09T01:01:14.000000;cae5c5c8-4d3e-488f-9c52-fe33bbfaefeb;409.66;0.20035983;UNKNOWN
2016-03-09T01:01:16.000000;2016-03-09T01:01:16.000000;51487dd5-8a85-4647-9f60-91c3b9b2cd65;409.67;1.0;UNKNOWN
2016-03-09T01:01:22.000000;2016-03-09T01:01:22.000000;e0a32c9d-bd83-4ea2-9cce-3237e184d13a;409.66;0.60326524;UNKNOWN
2016-03-09T01:01:22.000000;2016-03-09T01:01:22.000000;1a53ed64-e76e-43d1-bfc2-098501842c4d;409.66;0.08159431;UNKNOWN
2016-03-09T01:01:22.000000;2016-03-09T01:01:22.000000;4af25729-28c0-4b4d-a895-f59f690470ae;409.43;0.04601608;UNKNOWN
2016-03-09T01:01:22.000000;2016-03-09T01:01:22.000000;c7bc8ca3-c32a-4de1-a4d0-1be58c98d9c4;409.66;0.7184715;UNKNOWN
2016-03-09T01:01:22.000000;2016-03-09T01:01:22.000000;3c043f41-fb85-4a07-97d9-bd596decfc64;409.66;0.40143096;UNKNOWN
2016-03-09T01:01:22.000000;2016-03-09T01:01:22.000000;c8cb6f3e-2ee5-4b73-916e-f32fd9712618;409.66;0.3626037;UNKNOWN
2016-03-09T01:01:22.000000;2016-03-09T01:01:22.000000;e55275bf-a951-4491-ac1a-01780a0feea6;409.6;12.06;UNKNOWN
2016-03-09T01:01:22.000000;2016-03-09T01:01:22.000000;4d431200-709e-4c1a-8076-be3ef061a973;409.51;6.0386;UNKNOWN
2016-03-09T01:01:22.000000;2016-03-09T01:01:22.000000;7d7fb27b-49c3-4c0c-a2c4-abfc52a6fbbf;409.66;0.08549524;UNKNOWN
2016-03-09T01:01:22.000000;2016-03-09T01:01:22.000000;555cbcaa-542f-4f64-97ae-19b4608c9d3e;409.5;1.0;UNKNOWN
2016-03-09T01:01:22.000000;2016-03-09T01:01:22.000000;a468813e-1100-493f-a9cf-7ea9cf0aeedd;409.61;3.0;UNKNOWN
2016-03-09T01:01:22.000000;2016-03-09T01:01:22.000000;75e144b6-790d-4cc9-8913-455665fcdd8e;409.41;12.0;UNKNOWN
2016-03-09T01:01:31.000000;2016-03-09T01:01:31.000000;bff5e385-4311-47cf-a731-12de0f6186e6;409.41;12.11;UNKNOWN
2016-03-09T01:01:49.000000;2016-03-09T01:01:49.000000;7f5b088b-84b8-4e55-9f6f-380bac5ee3b7;409.41;1.0;UNKNOWN
2016-03-09T01:02:02.000000;2016-03-09T01:02:02.000000;e93dfc97-9aab-427e-af8e-c263627958ba;409.41;1.0;UNKNOWN
2016-03-09T01:02:38.000000;2016-03-09T01:02:38.000000;2858ca61-a078-487f-a981-b458368d3f38;409.4;0.99;UNKNOWN
2016-03-09T01:02:38.000000;2016-03-09T01:02:38.000000;8138f770-a914-4ad9-aa8e-8f952dd7dc8e;409.4;0.01;UNKNOWN
2016-03-09T01:02:44.000000;2016-03-09T01:02:44.000000;02a06976-7214-42ab-8592-6146a5b999da;409.41;1.70459187;UNKNOWN
2016-03-09T01:03:03.000000;2016-03-09T01:03:03.000000;534e29cd-f697-4e7b-a5e0-ceba0a73edc9;409.4;4.99;UNKNOWN
2016-03-09T01:03:03.000000;2016-03-09T01:03:03.000000;9499818e-4a55-4e31-a284-8fabad13aa02;409.4;0.01;UNKNOWN
2016-03-09T01:03:22.000000;2016-03-09T01:03:22.000000;2dc5d683-dee6-4298-a88b-a625e49fea39;408.6;0.01;UNKNOWN
2016-03-09T01:03:22.000000;2016-03-09T01:03:22.000000;b35d465c-85b2-4125-aab8-466acd52c17f;409.3;1.0;UNKNOWN
2016-03-09T01:03:22.000000;2016-03-09T01:03:22.000000;4dd50654-d2ed-49cd-9452-2b2435cefccb;409.4;7.2229;UNKNOWN
2016-03-09T01:03:22.000000;2016-03-09T01:03:22.000000;993ba32d-3748-4100-b550-50d514f09af5;408.5;0.9;UNKNOWN
2016-03-09T01:03:22.000000;2016-03-09T01:03:22.000000;6b55f739-4ac8-40a5-a8c2-44479e40f375;409.0;0.125;UNKNOWN
2016-03-09T01:03:22.000000;2016-03-09T01:03:22.000000;57bed62d-8f94-4574-a5b9-aadc1a54fcdb;409.1;0.01;UNKNOWN
2016-03-09T01:03:22.000000;2016-03-09T01:03:22.000000;8437b1b9-80ed-415e-bf60-e44df1cc9f64;408.52;1.0;UNKNOWN
2016-03-09T01:03:22.000000;2016-03-09T01:03:22.000000;22a6bd41-c338-4135-b1f5-49cc8d34aea7;408.7;0.01;UNKNOWN
2016-03-09T01:03:22.000000;2016-03-09T01:03:22.000000;9da58ac6-b493-4b3c-a3cf-95758fde2150;408.9;0.01;UNKNOWN
2016-03-09T01:03:22.000000;2016-03-09T01:03:22.000000;ee7774e0-270c-4dc2-9143-d7c1ddf3aaea;409.0;0.01;UNKNOWN
2016-03-09T01:03:22.000000;2016-03-09T01:03:22.000000;652f57ef-f7e0-4d1d-a764-868d3c625901;408.78;0.14399646;UNKNOWN
2016-03-09T01:03:22.000000;2016-03-09T01:03:22.000000;eccf7d0b-9be3-44d0-bf2b-28dec82fc2c5;408.66;2.0;UNKNOWN
2016-03-09T01:03:22.000000;2016-03-09T01:03:22.000000;b00efd67-11eb-47c7-9b5a-9f2e8c0a717c;408.77;0.1;UNKNOWN
2016-03-09T01:03:22.000000;2016-03-09T01:03:22.000000;5c073a2e-e7e0-4c23-948f-3cb70211541f;408.53;10.9043;UNKNOWN
2016-03-09T01:03:22.000000;2016-03-09T01:03:22.000000;d9d88de8-dc30-40f2-b690-45481d063325;409.3;0.01;UNKNOWN
2016-03-09T01:03:22.000000;2016-03-09T01:03:22.000000;bca470b6-223b-4478-9e8f-83b9239dfa22;408.8;1.0;UNKNOWN
2016-03-09T01:03:22.000000;2016-03-09T01:03:22.000000;9d904647-24d0-4518-8d02-dcf175a0d18c;408.8;0.01;UNKNOWN
2016-03-09T01:03:22.000000;2016-03-09T01:03:22.000000;50cdd71b-f7c7-4812-a4dc-462a387bddc3;409.2;0.01;UNKNOWN
2016-03-09T01:03:22.000000;2016-03-09T01:03:22.000000;2f6e7450-0405-43ef-92ae-d3b08d2da299;408.5;0.01;UNKNOWN
2016-03-09T01:03:22.000000;2016-03-09T01:03:22.000000;7d5e04d2-053e-404a-9a25-3e5bf86196c8;407.75;4.83325278;UNKNOWN
2016-03-09T01:03:22.000000;2016-03-09T01:03:22.000000;9af9afc7-329c-4a7b-8dbe-c5e0be639ddd;407.7;1.22839798;UNKNOWN
2016-03-09T01:03:22.000000;2016-03-09T01:03:22.000000;b0972514-fbfb-4892-a852-28ef005f3f95;407.77;0.12;UNKNOWN
2016-03-09T01:03:22.000000;2016-03-09T01:03:22.000000;e401bb07-c333-4f84-899d-82e76b1c32c0;408.44;12.3755;UNKNOWN
2016-03-09T01:03:22.000000;2016-03-09T01:03:22.000000;0434a957-f9df-4b53-9fd8-98a19690736a;407.8;4.83325278;UNKNOWN
2016-03-09T01:03:22.000000;2016-03-09T01:03:22.000000;2ea3a71c-ed15-40b5-8ed0-54656677939e;408.32;12.6283;UNKNOWN
2016-03-09T01:03:22.000000;2016-03-09T01:03:22.000000;35dfcad0-a15b-44ce-9bb5-045d9e656bfc;407.86;13.0951;UNKNOWN
2016-03-09T01:03:22.000000;2016-03-09T01:03:22.000000;5ffa37f7-e943-4d34-acac-696b432b1e9a;408.17;12.8812;UNKNOWN
2016-03-09T01:03:22.000000;2016-03-09T01:03:22.000000;8af19e08-3993-4f19-a3a1-da3967173040;408.1;0.01;UNKNOWN
2016-03-09T01:03:22.000000;2016-03-09T01:03:22.000000;616a128d-c383-4f26-bf0d-89d9923a259c;407.74;12.2627;UNKNOWN
2016-03-09T01:03:22.000000;2016-03-09T01:03:22.000000;5530492e-2d7f-4859-9cee-02a1cf5d9072;408.4;0.01;UNKNOWN
2016-03-09T01:03:22.000000;2016-03-09T01:03:22.000000;d9c00def-1ea8-42b1-add4-10c3cc11355e;408.33;1.24;UNKNOWN
2016-03-09T01:03:22.000000;2016-03-09T01:03:22.000000;b831924f-ef1f-47c3-bd96-c5d6d61b2b1c;408.3;0.01;UNKNOWN
2016-03-09T01:03:22.000000;2016-03-09T01:03:22.000000;89d65a97-f802-4bca-a2a7-54b5efb3a280;408.0;0.125;UNKNOWN
2016-03-09T01:03:22.000000;2016-03-09T01:03:22.000000;5464108c-6bc7-4537-8eea-9c409fbf7e7d;408.02;13.1342;UNKNOWN
2016-03-09T01:03:22.000000;2016-03-09T01:03:22.000000;d8d368bb-5cc4-4ab7-ae09-efd6ecf038e0;408.18;9.7169;UNKNOWN
2016-03-09T01:03:22.000000;2016-03-09T01:03:22.000000;b75b65df-0ed4-49a0-acd6-98a741b83e7f;408.2;0.01;UNKNOWN
2016-03-09T01:03:23.000000;2016-03-09T01:03:23.000000;4b7bb23c-cbad-475c-b7a5-0fa20b5bb5e8;407.7;0.11412698;UNKNOWN
2016-03-09T01:03:24.000000;2016-03-09T01:03:24.000000;f44f02f8-c045-4b5c-a43c-ca6bf9cd6b3b;407.7;3.49072782;UNKNOWN
2016-03-09T01:03:24.000000;2016-03-09T01:03:24.000000;412e6d17-086d-4332-9c93-ef5a2c89acb9;407.61;3.1945362;UNKNOWN
2016-03-09T01:03:24.000000;2016-03-09T01:03:24.000000;88bd485d-748c-403d-8e74-e90365ce5133;407.66;4.83313598;UNKNOWN
2016-03-09T01:03:24.000000;2016-03-09T01:03:24.000000;6ef6204b-8418-4878-af9a-70b01d89f7d3;407.61;13.4816;UNKNOWN
2016-03-09T01:03:25.000000;2016-03-09T01:03:25.000000;73464cc3-7979-4c64-9a29-9588def29eff;407.61;1.63871658;UNKNOWN
2016-03-09T01:03:25.000000;2016-03-09T01:03:25.000000;c76b1b54-37b9-4074-a0d3-47a3ebd0fe8a;407.57;4.83313598;UNKNOWN
2016-03-09T01:03:25.000000;2016-03-09T01:03:25.000000;62e13bb0-372e-4891-b41d-5d744b389aa4;407.47;0.48916914;UNKNOWN
2016-03-09T01:03:25.000000;2016-03-09T01:03:25.000000;b93bcac0-4cf3-499b-a2d1-d85a75ec6c9d;407.58;0.010587;UNKNOWN
2016-03-09T01:03:25.000000;2016-03-09T01:03:25.000000;2d6f76d5-fd2f-43f7-ad00-4a56712eacd5;407.47;2.68436606;UNKNOWN
2016-03-09T01:03:25.000000;2016-03-09T01:03:25.000000;9a459214-cda6-43e4-8b98-0beb0a3023cf;407.52;1.31563394;UNKNOWN
2016-03-09T01:03:25.000000;2016-03-09T01:03:25.000000;1c728559-1d76-4c55-aad2-2ee33240e380;407.47;0.4;UNKNOWN
2016-03-09T01:03:25.000000;2016-03-09T01:03:25.000000;bec5f3c8-0cd5-462a-a18f-776e444a1ce7;407.52;3.51756044;UNKNOWN
2016-03-09T01:03:26.000000;2016-03-09T01:03:26.000000;92caf49d-d240-444f-addb-3feacfde7380;407.47;1.0;UNKNOWN
2016-03-09T01:03:31.000000;2016-03-09T01:03:31.000000;0962c1f2-4b38-4089-ac4b-386ad6c5dcb0;407.76;0.04868505;UNKNOWN
2016-03-09T01:03:31.000000;2016-03-09T01:03:31.000000;a5a6a00f-0e08-4179-bf51-432e5c45c62e;407.75;1.246;UNKNOWN
2016-03-09T01:03:31.000000;2016-03-09T01:03:31.000000;608fc65c-1bfb-499a-b4f4-d7ecaf46da99;407.7;0.39531495;UNKNOWN
2016-03-09T01:03:31.000000;2016-03-09T01:03:31.000000;07acb74d-f8b2-4f77-80bb-d4347c032e8e;408.18;1.91;UNKNOWN
2016-03-09T01:04:03.000000;2016-03-09T01:04:03.000000;c354507f-b121-4a25-9a47-3802315881bd;408.24;0.025;UNKNOWN
2016-03-09T01:04:06.000000;2016-03-09T01:04:06.000000;189db7f1-64f0-4982-96fb-6e1dbe7f88fc;408.24;0.475;UNKNOWN
2016-03-09T01:04:13.000000;2016-03-09T01:04:13.000000;6224be7c-7e00-4ad8-8408-cfc5fe8ff11e;408.09;0.56352989;UNKNOWN
2016-03-09T01:04:13.000000;2016-03-09T01:04:13.000000;95f52ccc-55ed-433a-947a-35696ba48f32;408.24;0.025;UNKNOWN
2016-03-09T01:04:22.000000;2016-03-09T01:04:22.000000;2dbfe431-84c1-4fca-8616-f67c85e8271d;408.24;0.43045757;UNKNOWN
2016-03-09T01:04:27.000000;2016-03-09T01:04:27.000000;53204b5f-16df-452b-b83b-33b322126602;408.24;0.06954243;UNKNOWN
2016-03-09T01:04:27.000000;2016-03-09T01:04:27.000000;f5ada105-bdce-4227-a9ca-ccebe0672fea;408.24;0.43045757;UNKNOWN
2016-03-09T01:04:34.000000;2016-03-09T01:04:34.000000;9e72eab8-2a20-4305-8cfc-1023e54871be;408.23;3.0;UNKNOWN
2016-03-09T01:04:34.000000;2016-03-09T01:04:34.000000;51836119-f574-4dff-b13b-92aba10169c9;408.22;0.5;UNKNOWN
2016-03-09T01:04:34.000000;2016-03-09T01:04:34.000000;028e2624-a759-4f7e-9bae-d1cd11878667;408.25;3.0;UNKNOWN
2016-03-09T01:04:34.000000;2016-03-09T01:04:34.000000;88227c9c-31fd-425e-8808-1e68df37aa7b;408.54;1.8896;UNKNOWN
2016-03-09T01:04:34.000000;2016-03-09T01:04:34.000000;87caf160-2b84-4a0c-9b57-fbef6c3d4561;408.53;6.0821;UNKNOWN
2016-03-09T01:04:49.000000;2016-03-09T01:04:49.000000;ed23b67f-9119-4267-b31d-aaac2cc56946;408.44;1.4;UNKNOWN
2016-03-09T01:05:06.000000;2016-03-09T01:05:06.000000;353e38e2-40f8-448a-bad7-2e75a1fc91cd;408.43;1.5;UNKNOWN
2016-03-09T01:05:23.000000;2016-03-09T01:05:23.000000;77349a52-704a-452e-9dd1-7fc1395a5726;408.57;1.0;UNKNOWN
2016-03-09T01:06:29.000000;2016-03-09T01:06:29.000000;a4fff264-9744-4a6b-8966-3f837edcc301;408.53;0.72447698;UNKNOWN
2016-03-09T01:06:29.000000;2016-03-09T01:06:29.000000;8812d91a-8ec4-446e-9ea1-9abaeb06ab35;408.51;1.37552302;UNKNOWN
2016-03-09T01:06:30.000000;2016-03-09T01:06:30.000000;0518968d-b567-4d0c-acdb-c9dd3cba0b15;408.57;0.34254004;UNKNOWN
2016-03-09T01:07:21.000000;2016-03-09T01:07:21.000000;0606713d-9965-42d4-8aa0-656d966296e5;408.61;0.665149;UNKNOWN
2016-03-09T01:07:27.000000;2016-03-09T01:07:27.000000;00d9f473-306e-4f78-9b14-c23ef435330e;408.61;0.630678;UNKNOWN
2016-03-09T01:07:45.000000;2016-03-09T01:07:45.000000;af2f68b1-19ec-41e1-9f52-8f9b59aa0e72;408.61;9.737173;UNKNOWN
2016-03-09T01:08:47.000000;2016-03-09T01:08:47.000000;b0bc48f7-ad39-4750-9b02-796f268c10c0;408.54;1.0;UNKNOWN
2016-03-09T01:09:00.000000;2016-03-09T01:09:00.000000;11812bf3-f92d-40e5-ac4b-dbf914693d14;408.63;0.16346281;UNKNOWN
2016-03-09T01:09:00.000000;2016-03-09T01:09:00.000000;8d7a0281-c21c-4a2f-bf33-2a5af7bb9886;408.58;0.83653719;UNKNOWN
2016-03-09T01:09:18.000000;2016-03-09T01:09:18.000000;80f0897b-40bc-46d2-bf30-e3049ef802ed;408.67;1.0;UNKNOWN
2016-03-09T01:10:08.000000;2016-03-09T01:10:08.000000;41db8271-7cdc-49c6-9c21-4fd9c36b8ce8;409.15;4.82980958;UNKNOWN
2016-03-09T01:10:08.000000;2016-03-09T01:10:08.000000;fe277b9d-020d-4f6c-94b5-7e75bacf62c0;408.7;28.0;UNKNOWN
2016-03-09T01:10:08.000000;2016-03-09T01:10:08.000000;f869ca51-c91f-48a1-9341-30fd473fc2de;408.85;6.0887;UNKNOWN
2016-03-09T01:10:08.000000;2016-03-09T01:10:08.000000;58d04147-6fad-4d4e-8ac2-8bbc588effd7;409.17;2.30059288;UNKNOWN
2016-03-09T01:10:08.000000;2016-03-09T01:10:08.000000;a0019821-70d7-45b1-b67f-6a7bd15a3265;409.14;4.82940139;UNKNOWN
2016-03-09T01:12:13.000000;2016-03-09T01:12:13.000000;58c94b2f-2da4-441a-9b39-c901659680e9;409.26;0.291355;UNKNOWN
2016-03-09T01:13:38.000000;2016-03-09T01:13:38.000000;80d65383-b9c0-4a9b-a51a-f1f0f225c06d;409.54;0.6619;UNKNOWN
2016-03-09T01:14:12.000000;2016-03-09T01:14:12.000000;c30d2f9e-c137-4df3-926f-272fbedcd8d2;409.44;0.246451;UNKNOWN
2016-03-09T01:16:31.000000;2016-03-09T01:16:31.000000;81c8bf6a-3b44-4502-b420-cfcc7a60b2b3;409.45;0.33;UNKNOWN
2016-03-09T01:17:14.000000;2016-03-09T01:17:14.000000;b7df3d13-5d79-4633-a004-71b89456bb15;409.45;0.11979543;UNKNOWN
2016-03-09T01:18:15.000000;2016-03-09T01:18:15.000000;f81f1185-10ee-413d-ad7c-d8489634bed8;409.51;2.99576918;UNKNOWN
2016-03-09T01:19:25.000000;2016-03-09T01:19:25.000000;f7a5e956-4bca-44c7-b8e6-f4b89324f735;409.49;0.021;UNKNOWN
2016-03-09T01:19:59.000000;2016-03-09T01:19:59.000000;a0bb73e8-2f3c-49cf-93d6-047195d99e87;409.47;1.66859682;UNKNOWN
2016-03-09T01:20:13.000000;2016-03-09T01:20:13.000000;0bbfac08-792b-459b-8316-d20b85ff67a6;409.48;0.72692028;UNKNOWN
2016-03-09T01:23:13.000000;2016-03-09T01:23:13.000000;2ccbc788-d9cc-4d0d-9d94-0f959f38bb81;409.49;0.0604946;UNKNOWN
2016-03-09T01:24:06.000000;2016-03-09T01:24:06.000000;5f0476a8-ee78-494c-aba8-d31f7fb58ce0;409.84;2.01311488;UNKNOWN
2016-03-09T01:24:06.000000;2016-03-09T01:24:06.000000;e374de7e-acaa-42e1-b102-a674e4523b43;409.7;0.98;UNKNOWN
2016-03-09T01:24:06.000000;2016-03-09T01:24:06.000000;e3652bfe-4b5c-485e-a3a4-3ccbd8b06e91;409.66;6.0946;UNKNOWN
2016-03-09T01:24:06.000000;2016-03-09T01:24:06.000000;ce10957e-fb6f-48ba-8e38-84a10f1defa1;409.51;0.32913329;UNKNOWN
2016-03-09T01:24:12.000000;2016-03-09T01:24:12.000000;5605a2c2-4aea-45bb-ab9a-2bab3d2e9393;409.84;0.01;UNKNOWN
2016-03-09T01:24:59.000000;2016-03-09T01:24:59.000000;78784379-d735-4bc0-807a-3ac43285a05b;409.84;0.5;UNKNOWN
2016-03-09T01:24:59.000000;2016-03-09T01:24:59.000000;834b2da0-b07d-4a8e-bc9e-53c1986caa1a;409.83;0.2967422;UNKNOWN
2016-03-09T01:25:58.000000;2016-03-09T01:25:58.000000;214a371c-7b60-486c-bd65-bbda907f9228;409.9;1.22224933;UNKNOWN
2016-03-09T01:26:00.000000;2016-03-09T01:26:00.000000;f03fca72-3504-4e35-9602-042bae8edc4d;409.89;7.89375266;UNKNOWN
2016-03-09T01:26:56.000000;2016-03-09T01:26:56.000000;9cff524d-ff4e-4ae0-a4e9-534bd10023ec;409.9;0.02494339;UNKNOWN
2016-03-09T01:27:33.000000;2016-03-09T01:27:33.000000;f6176548-6170-411b-85ce-5798753ae2a2;409.89;1.85574966;UNKNOWN
2016-03-09T01:27:33.000000;2016-03-09T01:27:33.000000;709ea3e5-c286-4a50-b5bd-b37db9186e1c;409.89;2.10624734;UNKNOWN
2016-03-09T01:27:35.000000;2016-03-09T01:27:35.000000;57c0953e-f525-447f-824b-de656595e0c8;409.89;2.147014;UNKNOWN
2016-03-09T01:27:37.000000;2016-03-09T01:27:37.000000;84e4fc8d-d0ad-4427-bc85-5fe473d79e2a;409.89;3.757989;UNKNOWN
2016-03-09T01:28:06.000000;2016-03-09T01:28:06.000000;9f5aac6d-81ca-437c-b612-d75556c914ba;409.9;0.07242063;UNKNOWN
2016-03-09T01:28:27.000000;2016-03-09T01:28:27.000000;3b088883-fecf-4a0c-9070-073c70ab9ab5;409.88;0.48512339;UNKNOWN
2016-03-09T01:28:27.000000;2016-03-09T01:28:27.000000;64279de9-85e8-4f2f-ae2d-fe19ad7dfe65;409.89;0.51487661;UNKNOWN
2016-03-09T01:30:10.000000;2016-03-09T01:30:10.000000;69a78080-6b31-49dd-9855-43dc510b6f2b;409.9;1.0;UNKNOWN
2016-03-09T01:30:10.000000;2016-03-09T01:30:10.000000;36b9c397-cf6f-4448-bc9a-054c02f3b4c7;409.99;0.12951335;UNKNOWN
2016-03-09T01:30:10.000000;2016-03-09T01:30:10.000000;d8558b05-b81d-4361-b92c-73052cb292a1;409.99;0.02;UNKNOWN
2016-03-09T01:30:10.000000;2016-03-09T01:30:10.000000;84aa58ba-0613-45da-a868-a8df97553b49;409.9;0.68038665;UNKNOWN
2016-03-09T01:31:03.000000;2016-03-09T01:31:03.000000;183bfdf3-8892-45a0-9853-d6a848229ec2;410.09;1.0;UNKNOWN
2016-03-09T01:31:12.000000;2016-03-09T01:31:12.000000;aff511f3-2ba7-4771-9fa0-c8ce9f8462b1;410.05;0.5;UNKNOWN
2016-03-09T01:31:13.000000;2016-03-09T01:31:13.000000;af4eb351-fb8a-468f-a8e3-c6d63659f372;410.09;1.0;UNKNOWN
2016-03-09T01:31:13.000000;2016-03-09T01:31:13.000000;af0bee1c-1142-43d1-9d60-31e8ffc3da16;410.05;0.26881814;UNKNOWN
2016-03-09T01:31:20.000000;2016-03-09T01:31:20.000000;3b54bb48-defd-4d83-bfca-bb23eddd4e00;410.09;1.0;UNKNOWN
2016-03-09T01:31:21.000000;2016-03-09T01:31:21.000000;bd9c065a-8895-4f5d-b10f-1505a61e7b9a;410.09;1.37048665;UNKNOWN
2016-03-09T01:31:31.000000;2016-03-09T01:31:31.000000;ef3ca6a9-c2b9-4fbf-b41b-c82d07a4b53e;410.41;2.98;UNKNOWN
2016-03-09T01:31:31.000000;2016-03-09T01:31:31.000000;f618d2fe-4e88-488c-ab25-01562a242fe0;410.1;0.02;UNKNOWN
2016-03-09T01:32:53.000000;2016-03-09T01:32:53.000000;f022efc2-d11e-495c-b9d3-895621f0d2a1;410.28;0.01;UNKNOWN
2016-03-09T01:33:32.000000;2016-03-09T01:33:32.000000;46973bf1-5231-4e32-a368-c8144b6a82cc;410.29;0.01136845;UNKNOWN
2016-03-09T01:33:36.000000;2016-03-09T01:33:36.000000;652f1012-fc22-4364-a5a2-54b48814a937;410.29;0.43859374;UNKNOWN
2016-03-09T01:33:40.000000;2016-03-09T01:33:40.000000;bbfccbaf-50aa-4460-b5a1-a0973b08d589;410.29;0.01664683;UNKNOWN
2016-03-09T01:33:44.000000;2016-03-09T01:33:44.000000;59bf177d-b055-41b6-88af-547bcb8775ce;410.29;0.05445707;UNKNOWN
2016-03-09T01:33:48.000000;2016-03-09T01:33:48.000000;d5007b29-a516-418f-b51c-cd9fbe5c15c1;410.29;0.24893391;UNKNOWN
2016-03-09T01:33:48.000000;2016-03-09T01:33:48.000000;7e4de4e1-99be-4333-b419-6aa032ad7ec6;410.3;0.04208484;UNKNOWN
2016-03-09T01:33:52.000000;2016-03-09T01:33:52.000000;6593d228-4502-4f9c-9752-3c71ef9bbb11;410.3;0.08755094;UNKNOWN
2016-03-09T01:33:55.000000;2016-03-09T01:33:55.000000;a8594200-d458-4e0e-8014-4d0122f42993;410.3;0.43816167;UNKNOWN
2016-03-09T01:33:59.000000;2016-03-09T01:33:59.000000;bd2006a6-a461-403c-9bc5-e1bbe07b5db0;410.17;0.01;UNKNOWN
2016-03-09T01:34:03.000000;2016-03-09T01:34:03.000000;88fc2886-4ee8-4312-bec9-94f8d4eb72e1;410.15;0.21973729;UNKNOWN
2016-03-09T01:34:04.000000;2016-03-09T01:34:04.000000;50330ce2-8e16-4624-a7fe-e0e30c5917ce;410.29;0.49610045;UNKNOWN
2016-03-09T01:34:06.000000;2016-03-09T01:34:06.000000;5ed32748-396b-4741-82ba-2e4ef5439c41;410.29;1.8797;UNKNOWN
2016-03-09T01:34:06.000000;2016-03-09T01:34:06.000000;46829823-5d30-4a65-8760-02cab7bc4df1;410.16;1.1203;UNKNOWN
2016-03-09T01:34:09.000000;2016-03-09T01:34:09.000000;c39a5be6-4f85-4d27-8090-f9cba5070e27;410.29;0.01;UNKNOWN
2016-03-09T01:34:12.000000;2016-03-09T01:34:12.000000;4bd0260d-1629-42d3-a493-e444e097c22b;410.35;0.4912135;UNKNOWN
2016-03-09T01:35:33.000000;2016-03-09T01:35:33.000000;5dfebbbd-ac1c-4680-8ef7-88ad2a1968f2;410.22;0.14676;UNKNOWN
2016-03-09T01:35:45.000000;2016-03-09T01:35:45.000000;28ddffac-ead0-40c4-8939-2489371e7ae2;410.22;0.01628204;UNKNOWN
2016-03-09T01:35:45.000000;2016-03-09T01:35:45.000000;496e1982-e859-4c8f-a8bf-466f7db25f93;410.21;0.30089193;UNKNOWN
2016-03-09T01:36:13.000000;2016-03-09T01:36:13.000000;bc6f0b3f-1d23-4c3e-b484-394914cf54b8;410.28;0.0975608;UNKNOWN
2016-03-09T01:36:42.000000;2016-03-09T01:36:42.000000;55fe7487-b4c0-4925-b811-1a5f1038481e;410.21;0.24493516;UNKNOWN
2016-03-09T01:38:03.000000;2016-03-09T01:38:03.000000;afb823ce-702d-4d47-95aa-fa6278845cd2;410.2;0.38596662;UNKNOWN
2016-03-09T01:38:03.000000;2016-03-09T01:38:03.000000;265946b8-42eb-4876-83bc-1e2039699e36;410.2;0.48814976;UNKNOWN
2016-03-09T01:38:06.000000;2016-03-09T01:38:06.000000;ea770080-9f89-4504-ac50-8c89de624a06;410.23;0.1;UNKNOWN
2016-03-09T01:38:06.000000;2016-03-09T01:38:06.000000;da11462f-0f6c-4acf-9d44-32442d22e863;410.23;2.9;UNKNOWN
2016-03-09T01:38:14.000000;2016-03-09T01:38:14.000000;0f74c12d-7c67-4e44-a0dd-927521e0b8f2;411.15;5.0;UNKNOWN
2016-03-09T01:38:14.000000;2016-03-09T01:38:14.000000;b2770814-1b9b-4cf0-a707-02f8a12c8d61;410.81;12.1748;UNKNOWN
2016-03-09T01:38:14.000000;2016-03-09T01:38:14.000000;3cc0eef6-926a-423c-a3af-c2752f8cf0be;410.71;12.0935;UNKNOWN
2016-03-09T01:38:14.000000;2016-03-09T01:38:14.000000;748e51af-5596-4769-a02d-74e1afaec7af;410.6;1.0;UNKNOWN
2016-03-09T01:38:14.000000;2016-03-09T01:38:14.000000;0c71552e-9479-46b0-9ca0-194e578aa16e;410.74;4.81278275;UNKNOWN
2016-03-09T01:38:14.000000;2016-03-09T01:38:14.000000;c806ed36-56f1-4fb3-8d2f-0e1194b438af;410.93;4.81289857;UNKNOWN
2016-03-09T01:38:14.000000;2016-03-09T01:38:14.000000;c28bc551-451d-4ae9-b307-13a1e530ca14;410.79;4.81278275;UNKNOWN
2016-03-09T01:38:14.000000;2016-03-09T01:38:14.000000;0445a865-1503-43b4-8220-ed866382a79b;410.8;3.0;UNKNOWN
2016-03-09T01:38:14.000000;2016-03-09T01:38:14.000000;0076f18b-226b-4d25-a0d0-8471e41eec12;411.1;0.01;UNKNOWN
2016-03-09T01:38:14.000000;2016-03-09T01:38:14.000000;3fba13fb-4dd2-4e8a-b6b6-ccd242b0604a;410.88;4.81278275;UNKNOWN
2016-03-09T01:38:14.000000;2016-03-09T01:38:14.000000;631751e5-97e3-4cee-95bb-57834dc7c399;410.85;4.43;UNKNOWN
2016-03-09T01:38:14.000000;2016-03-09T01:38:14.000000;d6424ea4-77a4-4630-b8af-620e46c3ee6b;410.83;4.81278275;UNKNOWN
2016-03-09T01:38:14.000000;2016-03-09T01:38:14.000000;9e48f586-5a17-430d-9615-070597257ca8;410.82;1.81;UNKNOWN
2016-03-09T01:38:14.000000;2016-03-09T01:38:14.000000;e6c6d051-e4d3-4f8d-9380-edec7af0f4b3;411.18;4.61;UNKNOWN
2016-03-09T01:38:14.000000;2016-03-09T01:38:14.000000;c5857631-dd5f-483d-afba-8bb4d2802442;410.8;13.76;UNKNOWN
2016-03-09T01:38:14.000000;2016-03-09T01:38:14.000000;d47b9cb9-cec4-4b7e-87e8-fb78ed6d6e3d;410.86;9.7182;UNKNOWN
2016-03-09T01:38:14.000000;2016-03-09T01:38:14.000000;d964675b-f9b2-4cb7-98fb-b3f87111bd87;411.19;50.0;UNKNOWN
2016-03-09T01:38:14.000000;2016-03-09T01:38:14.000000;e4e52750-854e-4f9f-9066-70676bd7f8f0;411.11;0.02;UNKNOWN
2016-03-09T01:38:14.000000;2016-03-09T01:38:14.000000;b0a3bf38-a504-4a60-bcb5-72af69f58c8b;411.0;6.0;UNKNOWN
2016-03-09T01:38:14.000000;2016-03-09T01:38:14.000000;429847c8-f25d-4a79-aaee-6942ec5dc8ae;411.2;0.01;UNKNOWN
2016-03-09T01:38:14.000000;2016-03-09T01:38:14.000000;2e1c0dec-9acb-41dc-9a12-613063302853;411.11;11.9239;UNKNOWN
2016-03-09T01:38:14.000000;2016-03-09T01:38:14.000000;69eb79f6-38b3-4810-816c-a546d51d813b;410.7;3.0;UNKNOWN
2016-03-09T01:38:14.000000;2016-03-09T01:38:14.000000;111b282f-7c0d-4116-85ff-eaf33964b002;410.97;13.4141;UNKNOWN
2016-03-09T01:38:14.000000;2016-03-09T01:38:14.000000;c12c128c-8c64-481d-80ad-04614ece0d4b;411.0;0.01;UNKNOWN
2016-03-09T01:38:14.000000;2016-03-09T01:38:14.000000;bc7a69c6-29da-4373-b8cd-4b0d357d584e;411.08;4.81289857;UNKNOWN
2016-03-09T01:38:14.000000;2016-03-09T01:38:14.000000;434608e1-2c3a-42a7-a808-a10d07c28dce;411.03;4.81289857;UNKNOWN
2016-03-09T01:38:14.000000;2016-03-09T01:38:14.000000;cda39b87-ae71-40a3-b774-95e0044964fa;410.69;4.81284066;UNKNOWN
2016-03-09T01:38:14.000000;2016-03-09T01:38:14.000000;de875a76-eb9b-4ac2-801c-23c0fea8b30a;410.98;4.81289857;UNKNOWN
2016-03-09T01:38:14.000000;2016-03-09T01:38:14.000000;553f8f1f-7345-409d-bda3-e67ce338a8f1;410.23;8.06;UNKNOWN
2016-03-09T01:38:14.000000;2016-03-09T01:38:14.000000;c827fce0-613d-42f8-83d5-5bb07fa21be2;410.23;6.08;UNKNOWN
2016-03-09T01:38:14.000000;2016-03-09T01:38:14.000000;f0acae84-15d7-43ca-805c-491c70a7dfb9;410.45;3.0;UNKNOWN
2016-03-09T01:38:14.000000;2016-03-09T01:38:14.000000;cdfdfc0c-bb7c-4e84-81b6-ab095ae0c216;410.41;9.2177071;UNKNOWN
2016-03-09T01:38:14.000000;2016-03-09T01:38:14.000000;ec1ddec7-e0ec-427f-8e82-4f0006e17a44;410.53;4.51;UNKNOWN
2016-03-09T01:38:14.000000;2016-03-09T01:38:14.000000;4da48ec2-ecf8-4272-bb05-ed619616e062;410.64;4.81284066;UNKNOWN
2016-03-09T01:38:14.000000;2016-03-09T01:38:14.000000;3c15edf4-5f8c-44ec-b949-c2169aba5b58;410.24;14.7396;UNKNOWN
2016-03-09T01:38:14.000000;2016-03-09T01:38:14.000000;cba90695-3e33-4c59-b8fd-29d36f080423;410.54;12.4968;UNKNOWN
2016-03-09T01:38:14.000000;2016-03-09T01:38:14.000000;77607c73-8ae6-4f06-a6c3-3736e03a09b1;410.36;1.0;UNKNOWN
2016-03-09T01:38:15.000000;2016-03-09T01:38:15.000000;a7c9221b-0a83-4a88-bc1d-b7dc99a27385;411.25;0.05856089;UNKNOWN
2016-03-09T01:38:21.000000;2016-03-09T01:38:21.000000;ea77915f-2254-432c-89da-63bfc316c7ed;411.35;0.09576992;UNKNOWN
2016-03-09T01:38:21.000000;2016-03-09T01:38:21.000000;103ac60e-95b1-4802-bc53-e195361a678f;411.3;0.01;UNKNOWN
2016-03-09T01:38:22.000000;2016-03-09T01:38:22.000000;d45ba0d1-f2b7-4046-abb6-8baa398a9e70;411.25;15.0;UNKNOWN
2016-03-09T01:38:31.000000;2016-03-09T01:38:31.000000;244650ce-2b81-4b33-966a-3c73d4c24fba;411.25;1.0;UNKNOWN
2016-03-09T01:38:33.000000;2016-03-09T01:38:33.000000;4751cb35-2ebf-4c69-bb1c-af84435b59be;411.28;0.02627074;UNKNOWN
2016-03-09T01:38:41.000000;2016-03-09T01:38:41.000000;e8edef4b-42e9-4545-a82c-d97da0d34ae7;411.28;6.0306;UNKNOWN
2016-03-09T01:38:41.000000;2016-03-09T01:38:41.000000;28cde1f3-939e-4d28-be34-88c972a513b8;411.25;0.39887074;UNKNOWN
2016-03-09T01:38:41.000000;2016-03-09T01:38:41.000000;aee6df7c-519b-413e-aa09-bfdf33569b1f;411.28;8.57052926;UNKNOWN
2016-03-09T01:38:41.000000;2016-03-09T01:38:41.000000;c4a3701b-71a5-46a6-88bb-196dcbf3a1ad;411.28;9.8332;UNKNOWN
2016-03-09T01:38:42.000000;2016-03-09T01:38:42.000000;b6e506ca-e3b9-46cd-aa30-6352e782fcf2;411.25;3.1629;UNKNOWN
2016-03-09T01:38:51.000000;2016-03-09T01:38:51.000000;3dd86c82-5200-402e-b7b6-a317e95a1039;411.25;1.0;UNKNOWN
2016-03-09T01:38:59.000000;2016-03-09T01:38:59.000000;def04046-2f6a-428e-aac9-e6ef403a1cba;411.25;15.0;UNKNOWN
2016-03-09T01:39:00.000000;2016-03-09T01:39:00.000000;25378f5e-8183-43ae-8953-f66b4507ab91;411.25;0.50884708;UNKNOWN
2016-03-09T01:39:07.000000;2016-03-09T01:39:07.000000;35c00fb3-2aa6-4c7f-a23f-c9a472f75cd0;411.25;4.81301439;UNKNOWN
2016-03-09T01:39:07.000000;2016-03-09T01:39:07.000000;1e7d730e-706b-4c54-8833-83c1e11111ba;411.25;4.81301439;UNKNOWN
2016-03-09T01:39:08.000000;2016-03-09T01:39:08.000000;9410a812-da1b-49c7-b9bf-7db78bdeb038;411.25;10.0;UNKNOWN
2016-03-09T01:39:12.000000;2016-03-09T01:39:12.000000;71d73295-4e39-4179-a87b-719764012366;411.25;0.065934;UNKNOWN
2016-03-09T01:39:26.000000;2016-03-09T01:39:26.000000;7332f576-0073-407c-b8d7-fc92b590df8d;411.25;10.0;UNKNOWN
2016-03-09T01:39:32.000000;2016-03-09T01:39:32.000000;32cafa4f-c918-47c4-a19b-25a5789997fd;411.25;1.0;UNKNOWN
2016-03-09T01:39:41.000000;2016-03-09T01:39:41.000000;7381d6c2-c2a9-45b5-8093-9d025cc4be7d;411.25;10.0;UNKNOWN
2016-03-09T01:39:50.000000;2016-03-09T01:39:50.000000;7d11535d-3bac-4236-beb6-519fbe289359;411.25;1.0;UNKNOWN
2016-03-09T01:40:00.000000;2016-03-09T01:40:00.000000;5cfbb9ae-9dcb-4594-be43-4a874f9ff994;411.25;1.0;UNKNOWN
2016-03-09T01:40:05.000000;2016-03-09T01:40:05.000000;1017ad42-349b-4562-8165-fcd773da9b22;411.25;1.0;UNKNOWN
2016-03-09T01:40:12.000000;2016-03-09T01:40:12.000000;70ac6117-908d-4ce6-98be-831f7a8ba063;411.25;10.0;UNKNOWN
2016-03-09T01:40:23.000000;2016-03-09T01:40:23.000000;14f0fa8f-caf3-40a0-b56a-63be405979e4;411.25;5.0;UNKNOWN
2016-03-09T01:40:31.000000;2016-03-09T01:40:31.000000;3c1184a9-2edc-4c1f-acb0-cc6dd0064e79;411.25;1.0;UNKNOWN
2016-03-09T01:40:34.000000;2016-03-09T01:40:34.000000;0242d335-4285-46e3-a4dc-9cabdec4066c;411.25;0.2435;UNKNOWN
2016-03-09T01:40:42.000000;2016-03-09T01:40:42.000000;415490b5-0347-47ae-a55c-46eb13973f71;411.25;9.0;UNKNOWN
2016-03-09T01:40:49.000000;2016-03-09T01:40:49.000000;bfb2fc51-db44-4f03-9ad9-16d68517822f;411.25;1.0;UNKNOWN
2016-03-09T01:40:57.000000;2016-03-09T01:40:57.000000;df49dbbd-d6e8-4d21-8ddf-b7201c14c4d2;411.25;1.0;UNKNOWN
2016-03-09T01:41:07.000000;2016-03-09T01:41:07.000000;1ee8d693-7a82-4dd1-b2fd-ed7cd6d09df1;411.25;1.0;UNKNOWN
2016-03-09T01:41:13.000000;2016-03-09T01:41:13.000000;3049ac8f-9166-4870-ad73-fc46ed2a7c9c;411.25;1.0;UNKNOWN
2016-03-09T01:41:27.000000;2016-03-09T01:41:27.000000;535d11a4-42a9-47b0-b161-25c471986c51;411.25;1.0;UNKNOWN
2016-03-09T01:41:35.000000;2016-03-09T01:41:35.000000;3d93fbad-d69e-4b9e-9dd2-685305e94d54;411.25;1.0;UNKNOWN
2016-03-09T01:41:43.000000;2016-03-09T01:41:43.000000;dd5a9b49-277d-4370-8c32-805fa3c79c1b;411.25;1.0;UNKNOWN
2016-03-09T01:41:49.000000;2016-03-09T01:41:49.000000;b99f97aa-87d5-4bfa-95f9-2afa872ce69a;410.36;1.0;UNKNOWN
2016-03-09T01:42:22.000000;2016-03-09T01:42:22.000000;dce9f8be-ceca-401e-9106-1d5810ab87ad;410.59;1.94629758;UNKNOWN
2016-03-09T01:42:22.000000;2016-03-09T01:42:22.000000;c0c96f34-a95d-4003-9f01-791bc8dbe307;410.59;0.9041;UNKNOWN
2016-03-09T01:42:51.000000;2016-03-09T01:42:51.000000;48579146-7221-4fc1-96b0-53cc686ac8d3;410.58;0.01;UNKNOWN
2016-03-09T01:42:55.000000;2016-03-09T01:42:55.000000;380b5b8c-85ce-4ad3-898c-614e57ce63c6;410.58;0.01;UNKNOWN
2016-03-09T01:43:33.000000;2016-03-09T01:43:33.000000;09cc5a61-343a-4fa7-9b40-de120de3fd2b;410.44;1.05430242;UNKNOWN
2016-03-09T01:44:50.000000;2016-03-09T01:44:50.000000;9c83dd8b-2ecd-4ffc-8f41-8895aec43bb5;410.43;0.01;UNKNOWN
2016-03-09T01:44:54.000000;2016-03-09T01:44:54.000000;19c6b459-7797-4d1f-b53e-1d995d0519c1;410.43;0.01;UNKNOWN
2016-03-09T01:44:57.000000;2016-03-09T01:44:57.000000;6b1d791e-46ef-4ba6-b965-871a0ea68ddb;410.43;0.01;UNKNOWN
2016-03-09T01:45:08.000000;2016-03-09T01:45:08.000000;afba8eb9-6af5-46c6-98d9-c27946d4e548;410.45;50.0;UNKNOWN
2016-03-09T01:45:08.000000;2016-03-09T01:45:08.000000;3933be29-a196-4511-9c1b-fad0e87e3bcb;410.5;0.01;UNKNOWN
2016-03-09T01:45:08.000000;2016-03-09T01:45:08.000000;f9e8afc8-d1bf-4d07-8b7a-ee91c4a8eab6;410.52;6.0365;UNKNOWN
2016-03-09T01:45:08.000000;2016-03-09T01:45:08.000000;81133ea3-9c53-44d2-9e6d-610da66d0e10;410.52;25.5709;UNKNOWN
2016-03-09T01:45:08.000000;2016-03-09T01:45:08.000000;efc6cd1b-da84-4eb4-a0eb-fa71453e5aa8;410.44;1.09;UNKNOWN
2016-03-09T01:50:06.000000;2016-03-09T01:50:06.000000;d1115ab6-4c9d-44c9-8cbf-1f9eb966d82c;410.58;0.02533256;UNKNOWN
2016-03-09T01:50:16.000000;2016-03-09T01:50:16.000000;7b931c8d-35b9-48ae-ae4a-8ed60d2db53f;410.58;0.018254;UNKNOWN
2016-03-09T01:50:19.000000;2016-03-09T01:50:19.000000;61cc87dc-3d61-41b2-b429-3dafedcd8a34;410.58;0.124331;UNKNOWN
2016-03-09T01:51:43.000000;2016-03-09T01:51:43.000000;519b4beb-d992-4504-89f8-92cdacb2d57d;410.48;0.25223759;UNKNOWN
2016-03-09T01:51:54.000000;2016-03-09T01:51:54.000000;3eea6abb-dfbd-4b1d-8475-69b6615d5874;410.48;0.09792;UNKNOWN
2016-03-09T01:51:59.000000;2016-03-09T01:51:59.000000;93130817-72a9-46ef-a2b1-415d4e18e640;410.48;0.070447;UNKNOWN
2016-03-09T01:52:06.000000;2016-03-09T01:52:06.000000;afe7d5f7-4d20-46c5-9d8e-d392b45fcfd3;410.48;0.169126;UNKNOWN
2016-03-09T01:53:53.000000;2016-03-09T01:53:53.000000;a1375572-cde5-4e8b-af9e-e401c04138ab;410.54;0.24386704;UNKNOWN
2016-03-09T01:54:08.000000;2016-03-09T01:54:08.000000;f0601e91-e3c3-4dec-9729-ab9f193973f8;410.6;0.01;UNKNOWN
2016-03-09T01:54:43.000000;2016-03-09T01:54:43.000000;f703a913-6d24-4df5-8e18-20c73d4dfd45;410.54;0.09265592;UNKNOWN
2016-03-09T01:55:13.000000;2016-03-09T01:55:13.000000;05278e6b-e0b6-4931-9ab1-9a37dc857665;410.54;0.12679231;UNKNOWN
2016-03-09T01:57:03.000000;2016-03-09T01:57:03.000000;8f95eb88-756b-44fe-a99f-d9fe6526aad4;410.46;0.119802;UNKNOWN
2016-03-09T01:57:23.000000;2016-03-09T01:57:23.000000;d31aa36e-0264-4bf3-9661-e143b06ef849;410.48;0.12435096;UNKNOWN
2016-03-09T01:58:14.000000;2016-03-09T01:58:14.000000;66ebfec2-31fa-46b9-8313-a266cc5ba788;410.46;7.880198;UNKNOWN
2016-03-09T01:58:14.000000;2016-03-09T01:58:14.000000;36d1965f-1964-48c8-942b-60ce33297e5f;410.48;0.40848944;UNKNOWN
2016-03-09T01:58:14.000000;2016-03-09T01:58:14.000000;59d5581d-6c4e-4daa-b130-c5b6518864e2;410.43;4.18939982;UNKNOWN
2016-03-09T02:00:06.000000;2016-03-09T02:00:06.000000;373fe71c-080e-4d4c-94d9-08e0de4e72bf;410.43;0.2283835;UNKNOWN
2016-03-09T02:00:21.000000;2016-03-09T02:00:21.000000;b801c6f9-50f6-4900-9e8e-bd297af098ce;410.45;9.8326;UNKNOWN
2016-03-09T02:00:59.000000;2016-03-09T02:00:59.000000;a7a59a02-d622-419e-9b28-0f90dbe692e4;410.45;0.25;UNKNOWN
2016-03-09T02:01:06.000000;2016-03-09T02:01:06.000000;598b378f-d6ad-446d-8e0d-10d951e2a686;410.45;0.43257584;UNKNOWN
2016-03-09T02:01:10.000000;2016-03-09T02:01:10.000000;6c7c7045-9bab-4361-ab11-b62676c5e9b7;410.43;0.46;UNKNOWN
2016-03-09T02:01:13.000000;2016-03-09T02:01:13.000000;ddad2b2b-43d8-4af0-8c08-f4844983bf95;410.43;0.09510582;UNKNOWN
2016-03-09T02:01:14.000000;2016-03-09T02:01:14.000000;828d3ebb-fc24-4553-8032-5f183840c51f;410.43;0.24114399;UNKNOWN
2016-03-09T02:01:50.000000;2016-03-09T02:01:50.000000;d2180685-31d0-47af-bb29-93f5a9d18aa5;410.45;0.01773473;UNKNOWN
2016-03-09T02:01:54.000000;2016-03-09T02:01:54.000000;44cf20d6-ca52-48c4-ad8d-2f4c5140999a;410.44;0.28380039;UNKNOWN
2016-03-09T02:01:58.000000;2016-03-09T02:01:58.000000;ef807a31-33af-4cfd-9267-63e2b2a02a62;410.44;0.01;UNKNOWN
2016-03-09T02:02:33.000000;2016-03-09T02:02:33.000000;91a035cf-906b-46b6-86ac-5a81b2bb0e61;410.44;0.4313663;UNKNOWN
2016-03-09T02:03:20.000000;2016-03-09T02:03:20.000000;49f0e4f0-9a58-43b3-93ab-2e424d29687b;410.43;2.59010231;UNKNOWN
2016-03-09T02:06:07.000000;2016-03-09T02:06:07.000000;51bbe8d4-6852-45d7-80c2-7586d2049e44;410.34;1.0;UNKNOWN
2016-03-09T02:09:15.000000;2016-03-09T02:09:15.000000;7b606b81-21be-477c-88f6-a041f4404d25;410.34;0.0294;UNKNOWN
2016-03-09T02:11:06.000000;2016-03-09T02:11:06.000000;2e8cf4be-adde-4a4b-818e-0dfe1c009b34;410.33;0.01;UNKNOWN
2016-03-09T02:11:08.000000;2016-03-09T02:11:08.000000;7b02d207-85d6-4841-ae2c-b1a50210c2fd;410.34;0.72425281;UNKNOWN
2016-03-09T02:12:15.000000;2016-03-09T02:12:15.000000;e1ebaf3f-9145-475d-9f0f-35be5e33f252;410.34;13.5116;UNKNOWN
2016-03-09T02:12:15.000000;2016-03-09T02:12:15.000000;bf8d2dcc-3bfd-4ad9-81f2-b074e3ff415b;410.35;20.3;UNKNOWN
2016-03-09T02:12:15.000000;2016-03-09T02:12:15.000000;900dcc68-10e7-4c58-8d1e-4693dc3ed2cd;410.34;6.0717;UNKNOWN
2016-03-09T02:12:15.000000;2016-03-09T02:12:15.000000;e3d6c150-a21a-4618-807d-bf967d51d111;410.34;7.14634719;UNKNOWN
2016-03-09T02:13:04.000000;2016-03-09T02:13:04.000000;d7a7cd60-aa2c-478f-8b4b-5822204f363e;410.64;14.7999;UNKNOWN
2016-03-09T02:13:04.000000;2016-03-09T02:13:04.000000;7f39a5ad-f3b0-41ad-9ae5-d54e84bb905c;410.63;6.009;UNKNOWN
2016-03-09T02:13:35.000000;2016-03-09T02:13:35.000000;fd178b32-8f5b-4823-85b0-6ad153637c94;410.67;2.61;UNKNOWN
2016-03-09T02:13:51.000000;2016-03-09T02:13:51.000000;c3c50fa3-78a9-411c-a0cc-a6fccecd8377;410.67;0.01;UNKNOWN
2016-03-09T02:16:05.000000;2016-03-09T02:16:05.000000;8a6f3979-6d38-4f09-a87d-bf8ee2454f90;410.57;0.06142043;UNKNOWN
2016-03-09T02:16:07.000000;2016-03-09T02:16:07.000000;397831c8-6d91-47d1-93cf-385e5096d35f;410.57;1.68;UNKNOWN
2016-03-09T02:18:46.000000;2016-03-09T02:18:46.000000;cb418cce-7c0f-4fac-9384-f2d129f04fe5;410.43;0.7668;UNKNOWN
2016-03-09T02:19:09.000000;2016-03-09T02:19:09.000000;45b3392b-51a9-41aa-9417-fc8b54e057d3;410.4;0.05;UNKNOWN
2016-03-09T02:19:13.000000;2016-03-09T02:19:13.000000;d6de4274-6868-495f-80a5-f373fd6c6ec7;410.37;0.02412487;UNKNOWN
2016-03-09T02:20:30.000000;2016-03-09T02:20:30.000000;4ea89633-91df-4986-a013-37f9c7a3c6aa;410.36;0.00412004;UNKNOWN
2016-03-09T02:20:30.000000;2016-03-09T02:20:30.000000;736a3943-24ce-4cb0-b220-1bef17d2f186;410.36;0.01687996;UNKNOWN
2016-03-09T02:21:06.000000;2016-03-09T02:21:06.000000;00130315-017a-4dfb-bbec-1d0fd143c29d;410.44;0.02;UNKNOWN
2016-03-09T02:21:06.000000;2016-03-09T02:21:06.000000;3cb9b4fd-accc-4da0-9e7a-1eae3389ee46;410.45;0.97700321;UNKNOWN
2016-03-09T02:22:13.000000;2016-03-09T02:22:13.000000;4cae56fd-b4d6-4c74-ac8c-26903ef8c648;410.34;0.06271255;UNKNOWN
2016-03-09T02:22:13.000000;2016-03-09T02:22:13.000000;49a60556-1a18-4656-899d-be9919445988;410.4;0.0973;UNKNOWN
2016-03-09T02:24:03.000000;2016-03-09T02:24:03.000000;70c14c65-f6a9-4608-b85a-9fda29a428bb;410.34;6.2228;UNKNOWN
2016-03-09T02:24:55.000000;2016-03-09T02:24:55.000000;140965b8-b9cc-4cfe-a976-1a45c875e7c8;410.35;12.82;UNKNOWN
2016-03-09T02:25:08.000000;2016-03-09T02:25:08.000000;dd27382f-a736-456c-9de7-ab4fa090bfe5;410.35;6.0449;UNKNOWN
2016-03-09T02:25:08.000000;2016-03-09T02:25:08.000000;c2780b3c-ceae-4cd6-ad56-cc5106f1b9f4;410.35;6.4651;UNKNOWN
2016-03-09T02:25:22.000000;2016-03-09T02:25:22.000000;bb5d1e0e-43dc-4209-9abc-46a810aff82c;410.35;6.0151;UNKNOWN
2016-03-09T02:29:33.000000;2016-03-09T02:29:33.000000;96f80c31-f0c0-44dd-8e60-efa3a7008de7;410.35;0.05;UNKNOWN
2016-03-09T02:30:06.000000;2016-03-09T02:30:06.000000;1cbd2f1c-98df-4e20-af6d-926865683dae;410.35;0.0118705;UNKNOWN
2016-03-09T02:30:22.000000;2016-03-09T02:30:22.000000;a4af48b1-62c3-424d-a77a-4e0cfa28afba;410.44;0.5;UNKNOWN
2016-03-09T02:30:22.000000;2016-03-09T02:30:22.000000;afe246a0-bb63-47c7-8b15-18f7cfd54d8c;410.45;3.0;UNKNOWN
2016-03-09T02:32:53.000000;2016-03-09T02:32:53.000000;46665780-c793-4966-b155-007dbb9c701e;410.47;11.2137;UNKNOWN
2016-03-09T02:32:53.000000;2016-03-09T02:32:53.000000;a1aa7540-1167-4c3c-bb72-23af0fc93b99;410.47;9.58688;UNKNOWN
2016-03-09T02:34:43.000000;2016-03-09T02:34:43.000000;b581d25b-ec8c-42e6-8c10-20aa7e5c9f6b;410.52;0.06096081;UNKNOWN
2016-03-09T02:37:05.000000;2016-03-09T02:37:05.000000;c770567a-388f-4193-b1cb-3d213258e31c;410.66;0.0782;UNKNOWN
2016-03-09T02:37:35.000000;2016-03-09T02:37:35.000000;005d6cc5-4541-40dc-9e7a-bf1d693e43f8;410.7;0.01;UNKNOWN
2016-03-09T02:37:35.000000;2016-03-09T02:37:35.000000;1b406578-7988-4af2-a182-0b4dff6c958a;410.7;12.31;UNKNOWN
2016-03-09T02:38:13.000000;2016-03-09T02:38:13.000000;9fc78848-6716-47c8-87cd-f0d8df1a2b47;410.51;0.36499014;UNKNOWN
2016-03-09T02:39:14.000000;2016-03-09T02:39:14.000000;dab26264-ca0e-42c6-afd5-ef0f84a289ef;410.59;0.053548;UNKNOWN
2016-03-09T02:39:56.000000;2016-03-09T02:39:56.000000;7ce3e3d3-25a4-4a11-8f77-b125fa387c81;410.6;0.3038115;UNKNOWN
2016-03-09T02:42:13.000000;2016-03-09T02:42:13.000000;d027fed2-9c8a-4974-813c-0db3e4d3f1ca;410.59;0.0241173;UNKNOWN
2016-03-09T02:42:42.000000;2016-03-09T02:42:42.000000;37f25e7e-ef40-47b3-8a16-1fe8bd5ef073;410.6;0.6961885;UNKNOWN
2016-03-09T02:43:13.000000;2016-03-09T02:43:13.000000;fd7994e8-041d-4fe5-bf79-1f2ed3970316;410.6;0.05307599;UNKNOWN
2016-03-09T02:43:50.000000;2016-03-09T02:43:50.000000;6b616df0-7137-45a8-93bb-af7811082861;410.66;0.248;UNKNOWN
2016-03-09T02:44:09.000000;2016-03-09T02:44:09.000000;9f69f06a-d3d1-455d-8f09-be08138c3da8;410.66;0.012;UNKNOWN
2016-03-09T02:46:06.000000;2016-03-09T02:46:06.000000;bb60e086-8ba6-43f5-ab58-05fe2f902d5e;410.8;1.0;UNKNOWN
2016-03-09T02:46:06.000000;2016-03-09T02:46:06.000000;25d0bb20-d4f6-4274-b31f-243ab64ce8b6;410.9;0.01;UNKNOWN
2016-03-09T02:46:06.000000;2016-03-09T02:46:06.000000;7faeac60-1bb1-49bc-a233-723a314f3777;410.66;0.74;UNKNOWN
2016-03-09T02:46:06.000000;2016-03-09T02:46:06.000000;f1170ec8-c6e0-466f-a348-3c9bf710f145;410.99;0.44;UNKNOWN
2016-03-09T02:46:06.000000;2016-03-09T02:46:06.000000;63614b74-1880-4792-a6c9-cbdd12940838;410.7;1.0;UNKNOWN
2016-03-09T02:46:06.000000;2016-03-09T02:46:06.000000;60112f89-d885-4126-a972-066acd499ecb;410.8;0.01;UNKNOWN
2016-03-09T02:47:06.000000;2016-03-09T02:47:06.000000;b7a483b2-bd1b-48a5-9683-dc955c06fc46;410.85;0.02674486;UNKNOWN
2016-03-09T02:47:10.000000;2016-03-09T02:47:10.000000;febf0479-916c-441c-acaf-0f46947fa426;410.82;1.0;UNKNOWN
2016-03-09T02:47:59.000000;2016-03-09T02:47:59.000000;f02a290f-f05b-48ba-b646-ec923e2926c7;411.0;0.00298223;UNKNOWN
2016-03-09T02:47:59.000000;2016-03-09T02:47:59.000000;eae2681e-15d1-40b2-92e6-621b16ecc789;411.0;0.01;UNKNOWN
2016-03-09T02:48:04.000000;2016-03-09T02:48:04.000000;e1c5ffa4-5d27-4cfd-8677-e84d26006f7f;410.96;0.43445875;UNKNOWN
2016-03-09T02:48:07.000000;2016-03-09T02:48:07.000000;c30840a9-fa42-4e3f-96c1-6e465cd20f02;410.96;0.02103643;UNKNOWN
2016-03-09T02:48:12.000000;2016-03-09T02:48:12.000000;c0969f44-361a-46b5-8f03-48707aae9ca7;410.96;0.05620974;UNKNOWN
2016-03-09T02:48:15.000000;2016-03-09T02:48:15.000000;24f86dea-0119-4ee7-859c-33d370fe7512;410.96;0.29121413;UNKNOWN
2016-03-09T02:48:20.000000;2016-03-09T02:48:20.000000;88314c0a-d7a3-4316-a035-54e1dc2c419d;410.96;0.08639378;UNKNOWN
2016-03-09T02:48:25.000000;2016-03-09T02:48:25.000000;9a4af2b8-999b-446c-a00f-24f94dd6eb85;410.96;0.44996292;UNKNOWN
2016-03-09T02:48:33.000000;2016-03-09T02:48:33.000000;2501c782-2a42-4296-a21f-25b56f121a3d;410.96;0.01246013;UNKNOWN
2016-03-09T02:48:37.000000;2016-03-09T02:48:37.000000;06698447-f158-4802-90fb-fc511da955b9;410.96;0.49622517;UNKNOWN
2016-03-09T02:48:41.000000;2016-03-09T02:48:41.000000;4b9e5252-ab04-46f3-a9bb-a88554680af1;410.96;0.49454834;UNKNOWN
2016-03-09T02:48:46.000000;2016-03-09T02:48:46.000000;3b463783-7db8-4f12-9d55-72ab18f53505;410.96;0.18990288;UNKNOWN
2016-03-09T02:49:21.000000;2016-03-09T02:49:21.000000;2d8ffe70-b334-4d31-9fb4-ac7dd999fca7;410.99;1.0;UNKNOWN
2016-03-09T02:49:28.000000;2016-03-09T02:49:28.000000;5baeacc5-a7e5-4e46-a5b4-afa9ae1198d2;410.99;1.0;UNKNOWN
2016-03-09T02:51:12.000000;2016-03-09T02:51:12.000000;69f648e0-dff8-480b-bc2c-4e68e450e3f4;410.99;0.73092433;UNKNOWN
2016-03-09T02:51:24.000000;2016-03-09T02:51:24.000000;4abee431-c981-45c8-8075-d84532629b22;411.0;1.515;UNKNOWN
2016-03-09T02:53:21.000000;2016-03-09T02:53:21.000000;17294b69-1d30-4b75-90b8-a6566ba9623d;411.0;0.01;UNKNOWN
2016-03-09T02:54:05.000000;2016-03-09T02:54:05.000000;74e1b63d-e782-4404-8ca2-9a63ac8370e1;411.0;0.02413593;UNKNOWN
2016-03-09T02:54:13.000000;2016-03-09T02:54:13.000000;186b2dcf-e8f0-4884-8949-05e1d1e1dec6;410.99;0.243376;UNKNOWN
2016-03-09T02:54:44.000000;2016-03-09T02:54:44.000000;f853020c-6929-4907-93e1-ad3249143d72;410.99;11.83569967;UNKNOWN
2016-03-09T02:54:44.000000;2016-03-09T02:54:44.000000;c223e662-3bd9-4773-a1af-5919ef9c8a67;410.99;16.41;UNKNOWN
2016-03-09T02:54:49.000000;2016-03-09T02:54:49.000000;00b8d80e-d434-46ae-943c-a2203fe4b026;410.96;3.0;UNKNOWN
2016-03-09T02:54:49.000000;2016-03-09T02:54:49.000000;d87c580e-d976-470a-9abe-bec6a466d794;410.96;0.5;UNKNOWN
2016-03-09T02:54:49.000000;2016-03-09T02:54:49.000000;9e702d27-81b5-4ad7-99e6-791dd1ba44e3;410.96;9.13;UNKNOWN
2016-03-09T02:55:55.000000;2016-03-09T02:55:55.000000;d256750b-b899-4d65-ab82-b3ccbd0a7017;410.95;0.289445;UNKNOWN
2016-03-09T02:58:05.000000;2016-03-09T02:58:05.000000;526aa7be-851c-4f29-bfb7-bbaadaed824e;410.95;0.002955;UNKNOWN
2016-03-09T02:58:09.000000;2016-03-09T02:58:09.000000;23f3f2af-063d-413a-8ed1-0dfc21f1c09c;410.91;0.010538;UNKNOWN
2016-03-09T02:59:53.000000;2016-03-09T02:59:53.000000;00ca0f39-dc7f-4c5e-b9bb-073cbffdd6ed;410.96;0.017501;UNKNOWN
2016-03-09T03:00:12.000000;2016-03-09T03:00:12.000000;94eb7890-d1ab-4742-b229-74f90adfb19b;410.96;0.12048483;UNKNOWN
2016-03-09T03:01:13.000000;2016-03-09T03:01:13.000000;8a5778d9-2f5b-47e3-bee6-6a365bdecf0d;410.96;0.03410316;UNKNOWN
2016-03-09T03:03:33.000000;2016-03-09T03:03:33.000000;914eb0fa-900f-47f6-a107-2018a9855287;410.93;0.97575326;UNKNOWN
2016-03-09T03:05:05.000000;2016-03-09T03:05:05.000000;5e087169-8a65-4132-82ae-a1c54a8c482e;410.93;0.03;UNKNOWN
2016-03-09T03:05:06.000000;2016-03-09T03:05:06.000000;2c2b8c46-56b9-4836-a7c4-f46284e1a875;410.98;0.23172286;UNKNOWN
2016-03-09T03:05:13.000000;2016-03-09T03:05:13.000000;a22b79f7-1476-4ae8-a96e-09981775722b;410.94;0.45518231;UNKNOWN
2016-03-09T03:07:12.000000;2016-03-09T03:07:12.000000;39f71c39-9d73-4bea-9ba8-a1bc16692299;410.93;0.126568;UNKNOWN
2016-03-09T03:09:27.000000;2016-03-09T03:09:27.000000;f089aa32-bfe5-4415-9a31-41c15f9c247b;410.94;0.2741;UNKNOWN
2016-03-09T03:14:07.000000;2016-03-09T03:14:07.000000;acaa1060-abf1-4745-b08b-f9ea0db0e1b8;410.91;0.01365882;UNKNOWN
2016-03-09T03:16:23.000000;2016-03-09T03:16:23.000000;b6c2a5d3-ce0e-4a38-8a1b-a31d05363585;410.8;0.01577519;UNKNOWN
2016-03-09T03:16:23.000000;2016-03-09T03:16:23.000000;f5e9b451-ff89-4146-b65f-3d188ed2c44e;410.9;0.05;UNKNOWN
2016-03-09T03:17:13.000000;2016-03-09T03:17:13.000000;03e8f9ae-1c94-4a8e-8702-8f07720b8498;410.82;0.02436118;UNKNOWN
2016-03-09T03:19:06.000000;2016-03-09T03:19:06.000000;9b0d996c-90b6-4610-acb6-a39162587a70;410.98;0.36048801;UNKNOWN
2016-03-09T03:19:13.000000;2016-03-09T03:19:13.000000;1892cbd7-169c-463b-8865-9e0a6efd0172;410.89;1.64373923;UNKNOWN
2016-03-09T03:19:31.000000;2016-03-09T03:19:31.000000;60b9ab8f-13a3-4d20-9e6b-c45b9b1863ec;410.89;0.070723;UNKNOWN
2016-03-09T03:19:34.000000;2016-03-09T03:19:34.000000;e66090c5-6b7c-4f84-8c94-32ca38bdbcd6;410.89;0.012106;UNKNOWN
2016-03-09T03:19:36.000000;2016-03-09T03:19:36.000000;49f85876-c579-4c69-83c7-14b47465717e;410.89;0.153268;UNKNOWN
2016-03-09T03:21:05.000000;2016-03-09T03:21:05.000000;20dcd7ff-5158-406b-a2e1-296589a7b54e;410.89;0.01;UNKNOWN
2016-03-09T03:22:46.000000;2016-03-09T03:22:46.000000;af37c98d-390d-4917-84e5-1a18b54ed5c0;410.9;0.091053;UNKNOWN
2016-03-09T03:24:13.000000;2016-03-09T03:24:13.000000;0b51e5a3-a7c7-48b0-93cd-9b4a0670bde4;410.83;0.00381625;UNKNOWN
2016-03-09T03:24:13.000000;2016-03-09T03:24:13.000000;1503263d-ec04-4884-ba4c-da9079570f8b;410.85;0.02092348;UNKNOWN
2016-03-09T03:24:13.000000;2016-03-09T03:24:13.000000;93901c51-e62d-41fa-afaf-e48ee425ae20;410.85;0.02426027;UNKNOWN
2016-03-09T03:25:12.000000;2016-03-09T03:25:12.000000;9e5759b0-e8ae-4696-bae9-afded99f8a8d;410.84;8.0;UNKNOWN
2016-03-09T03:26:00.000000;2016-03-09T03:26:00.000000;00eadeea-2c75-471c-933f-4f3350aedd8b;410.83;0.49561243;UNKNOWN
2016-03-09T03:26:16.000000;2016-03-09T03:26:16.000000;bd0be3c8-998e-4f09-8c88-358a4442cafc;410.83;0.07077;UNKNOWN
2016-03-09T03:29:49.000000;2016-03-09T03:29:49.000000;c94b3f8b-d726-4176-883c-c8992e866cbc;410.93;3.0;UNKNOWN
2016-03-09T03:30:49.000000;2016-03-09T03:30:49.000000;9b71f05a-b9c0-4cfe-aeac-c865ebb3eb65;410.91;9.0;UNKNOWN
2016-03-09T03:33:13.000000;2016-03-09T03:33:13.000000;219f7875-6c6a-43a0-8faa-2b8bb9602c1f;410.83;0.48178839;UNKNOWN
2016-03-09T03:34:43.000000;2016-03-09T03:34:43.000000;c6400d24-0a7c-4c5f-aace-d2503f0fa0cd;410.83;10.0;UNKNOWN
2016-03-09T03:34:54.000000;2016-03-09T03:34:54.000000;e53c1fdd-2388-43f5-8217-258999cded5b;410.83;0.01927852;UNKNOWN
2016-03-09T03:34:54.000000;2016-03-09T03:34:54.000000;e3fb896c-be95-4c39-b0ce-80f32c819101;410.83;1.33801293;UNKNOWN
2016-03-09T03:34:54.000000;2016-03-09T03:34:54.000000;ec4ad965-629d-4498-80ea-b72305123022;410.83;1.14270855;UNKNOWN
2016-03-09T03:34:56.000000;2016-03-09T03:34:56.000000;0bc07cc3-4d5a-4c35-8ee5-625b23f2cbaf;410.82;0.04819876;UNKNOWN
2016-03-09T03:36:06.000000;2016-03-09T03:36:06.000000;76ccbb5a-e820-453b-927d-82d03f1db8b4;410.57;0.76556548;UNKNOWN
2016-03-09T03:38:05.000000;2016-03-09T03:38:05.000000;ab9a7d9b-367b-43d7-80f4-6dad1c144f89;410.79;4.0;UNKNOWN
2016-03-09T03:38:07.000000;2016-03-09T03:38:07.000000;1fa18dc5-7247-4390-b334-bbb944a16c26;410.79;2.0;UNKNOWN
2016-03-09T03:38:09.000000;2016-03-09T03:38:09.000000;c9f6815d-16eb-46ab-9ddb-639120aa4cc0;410.79;2.0;UNKNOWN
2016-03-09T03:38:13.000000;2016-03-09T03:38:13.000000;6b20f5af-7f74-447e-a0dc-5d2ce1ae6203;410.77;0.1053522;UNKNOWN
2016-03-09T03:38:13.000000;2016-03-09T03:38:13.000000;b5482bc8-49ce-41be-80e5-3d7051126fd8;410.77;0.03918083;UNKNOWN
2016-03-09T03:38:13.000000;2016-03-09T03:38:13.000000;8a810563-075e-4e29-a80a-26b003a13f1c;410.77;0.24342746;UNKNOWN
2016-03-09T03:38:13.000000;2016-03-09T03:38:13.000000;19fb4e56-b0d2-4029-aef5-6402d5cf07c8;410.74;0.37350523;UNKNOWN
2016-03-09T03:38:13.000000;2016-03-09T03:38:13.000000;505c4099-2efe-430e-a4c9-f74c7b983d06;410.77;0.00490873;UNKNOWN
2016-03-09T03:38:13.000000;2016-03-09T03:38:13.000000;c48e0a86-bd3d-4693-987f-1e9f5e23237b;410.77;0.06602932;UNKNOWN
2016-03-09T03:38:13.000000;2016-03-09T03:38:13.000000;2890d24c-c40f-4a43-988a-6f33c57493fa;410.77;0.14268824;UNKNOWN
2016-03-09T03:41:11.000000;2016-03-09T03:41:11.000000;6eba9c44-8e0f-4968-8641-d9b243422c66;410.83;0.016655;UNKNOWN
2016-03-09T03:41:13.000000;2016-03-09T03:41:13.000000;86b78001-7902-4a24-88c9-17dbeec8845d;410.83;0.017863;UNKNOWN
2016-03-09T03:41:13.000000;2016-03-09T03:41:13.000000;98b2e56c-da63-4996-a15c-dd2fae3a4ad2;410.83;0.13401912;UNKNOWN
2016-03-09T03:41:16.000000;2016-03-09T03:41:16.000000;501bb8d0-e33a-42c8-985e-5e952bb71c99;410.83;0.010288;UNKNOWN
2016-03-09T03:41:21.000000;2016-03-09T03:41:21.000000;12bd88a0-08a9-42c1-8ed3-eadecad8a6b7;410.84;0.1;UNKNOWN
2016-03-09T03:41:59.000000;2016-03-09T03:41:59.000000;33417f20-6beb-4679-9cf5-df3d489e396f;410.83;0.022294;UNKNOWN
2016-03-09T03:41:59.000000;2016-03-09T03:41:59.000000;6db3732a-a1c5-48ca-812d-2e46d7777a6b;410.83;0.48257839;UNKNOWN
2016-03-09T03:41:59.000000;2016-03-09T03:41:59.000000;1a18d30a-1ebc-4187-bc59-d1e17929b566;410.83;0.49512761;UNKNOWN
2016-03-09T03:44:06.000000;2016-03-09T03:44:06.000000;71c5a61f-bc15-40d0-9905-2740d4a54ea1;410.89;0.03603156;UNKNOWN
2016-03-09T03:45:03.000000;2016-03-09T03:45:03.000000;986cbd0a-0471-4319-8ed6-c7d31534af71;410.85;1.2235874;UNKNOWN
2016-03-09T03:46:13.000000;2016-03-09T03:46:13.000000;2fcdecd5-6442-4e47-a96d-b04fe43ef1e6;410.85;0.018181;UNKNOWN
2016-03-09T03:47:18.000000;2016-03-09T03:47:18.000000;ec98e0af-d231-4c88-bb41-be7b3f29c696;410.85;3.493;UNKNOWN
2016-03-09T03:47:23.000000;2016-03-09T03:47:23.000000;6833a2bc-6b40-429f-9296-ba0ca9822457;410.85;0.04872828;UNKNOWN
2016-03-09T03:47:38.000000;2016-03-09T03:47:38.000000;e06a5cad-9a61-4d54-ad78-a655ce89c199;410.85;1.0;UNKNOWN
2016-03-09T03:47:38.000000;2016-03-09T03:47:38.000000;fd5dc474-2955-4f52-80af-7b31721efd5a;410.86;0.0299;UNKNOWN
2016-03-09T03:47:47.000000;2016-03-09T03:47:47.000000;5ae1cbb4-908c-4c25-b4e4-e97eab573477;410.85;4.38;UNKNOWN
2016-03-09T03:47:47.000000;2016-03-09T03:47:47.000000;85a35f32-669f-439e-81e9-3fc1e0935930;410.84;8.36;UNKNOWN
2016-03-09T03:49:29.000000;2016-03-09T03:49:29.000000;7ce9bf75-400c-43c4-9bbc-d27c05ac6c68;410.83;0.24851158;UNKNOWN
2016-03-09T03:49:29.000000;2016-03-09T03:49:29.000000;d0b94556-d62a-4bbf-a632-a76573eb7724;410.83;0.00449816;UNKNOWN
2016-03-09T03:49:29.000000;2016-03-09T03:49:29.000000;85ab4cc8-b5f2-4126-8e34-616318462b4f;410.83;1.06489741;UNKNOWN
2016-03-09T03:49:29.000000;2016-03-09T03:49:29.000000;9af7ce1a-17c7-4cd6-8e4d-83a8d22bc775;410.72;0.57517285;UNKNOWN
2016-03-09T03:49:38.000000;2016-03-09T03:49:38.000000;761a385d-abda-4ab0-8812-be20559e7338;410.72;5.0;UNKNOWN
2016-03-09T03:49:43.000000;2016-03-09T03:49:43.000000;c94bb2ef-9ad6-4a0f-a0b1-02d33d82e51c;410.72;0.62128568;UNKNOWN
2016-03-09T03:49:45.000000;2016-03-09T03:49:45.000000;3e19b460-96fe-4127-b353-d35fad4075f9;410.72;5.0;UNKNOWN
2016-03-09T03:49:59.000000;2016-03-09T03:49:59.000000;b428672f-3251-4e22-befc-82fa5ce2e800;410.73;1.7823;UNKNOWN
2016-03-09T03:50:03.000000;2016-03-09T03:50:03.000000;90e678d4-01fa-407d-a5cb-2fc821e951ba;410.73;16.6277;UNKNOWN
2016-03-09T03:50:06.000000;2016-03-09T03:50:06.000000;02c9677d-3efb-4833-b034-d4f955ec2f11;410.72;0.56872158;UNKNOWN
2016-03-09T03:50:06.000000;2016-03-09T03:50:06.000000;f8395039-dd79-4c76-af9b-08ccb6df2f2e;410.72;1.21354147;UNKNOWN
2016-03-09T03:50:18.000000;2016-03-09T03:50:18.000000;22673237-8a54-4b0a-a2e9-4a0902a9462d;410.72;12.55;UNKNOWN
2016-03-09T03:50:18.000000;2016-03-09T03:50:18.000000;75ede987-af7e-4b59-9c02-f0b91a922efa;410.51;2.45;UNKNOWN
2016-03-09T03:50:37.000000;2016-03-09T03:50:37.000000;50f163de-1957-4155-8207-9eff7c67258e;410.51;1.22242986;UNKNOWN
2016-03-09T03:53:05.000000;2016-03-09T03:53:05.000000;dd7a7877-3cc5-47a0-9249-82e121bd5903;410.38;1.33661554;UNKNOWN
2016-03-09T03:56:59.000000;2016-03-09T03:56:59.000000;781953bb-24c8-4e95-b68f-89f6aa1fa747;410.39;0.7040372;UNKNOWN
2016-03-09T03:56:59.000000;2016-03-09T03:56:59.000000;5c203abe-0828-449c-9073-a01953d8ed28;410.39;0.1922628;UNKNOWN
2016-03-09T03:58:48.000000;2016-03-09T03:58:48.000000;89548ac3-f021-4a42-ac0b-13124362bf76;410.36;18.41;UNKNOWN
2016-03-09T03:59:06.000000;2016-03-09T03:59:06.000000;9c21c406-26ca-4a54-8b3c-ab39f644d9c9;410.41;0.83362096;UNKNOWN
2016-03-09T03:59:07.000000;2016-03-09T03:59:07.000000;e443471a-8b88-48cf-9af1-01108774714e;410.41;2.09956625;UNKNOWN
2016-03-09T03:59:07.000000;2016-03-09T03:59:07.000000;2227b85c-bc42-4b5c-ad40-76b8c8e76c69;410.41;2.89040496;UNKNOWN
2016-03-09T03:59:13.000000;2016-03-09T03:59:13.000000;2dbf4222-602f-43ef-93c4-238951e8f59c;410.41;0.18659343;UNKNOWN
2016-03-09T03:59:14.000000;2016-03-09T03:59:14.000000;6379f67d-bf15-47fe-a204-940ec6fe64b2;410.41;0.17032;UNKNOWN
2016-03-09T04:02:05.000000;2016-03-09T04:02:05.000000;198722ec-def6-47aa-926b-9b1a38f331af;410.57;1.7;UNKNOWN
2016-03-09T04:02:08.000000;2016-03-09T04:02:08.000000;aacb4370-8242-4b77-bbd2-512c3836db29;410.57;3.82284228;UNKNOWN
2016-03-09T04:03:13.000000;2016-03-09T04:03:13.000000;56045e83-d94d-48b8-a292-4121f7a4a27c;410.44;0.02439264;UNKNOWN
2016-03-09T04:03:24.000000;2016-03-09T04:03:24.000000;b43bf7ea-df4f-4b21-96a9-ffcfd56d751e;410.55;10.59;UNKNOWN
2016-03-09T04:03:45.000000;2016-03-09T04:03:45.000000;cb7b1817-c27c-4c5b-997e-937492daa861;410.59;8.385;UNKNOWN
2016-03-09T04:03:45.000000;2016-03-09T04:03:45.000000;3eb2dca9-d018-4b6e-9f58-861e5cb58ef1;410.61;6.0012;UNKNOWN
2016-03-09T04:04:04.000000;2016-03-09T04:04:04.000000;bedc5057-e229-4db4-bc15-595497b9cf0c;410.66;2.0;UNKNOWN
2016-03-09T04:06:36.000000;2016-03-09T04:06:36.000000;d2f9d000-4682-4d01-9806-a199095c9cc0;410.49;0.01;UNKNOWN
2016-03-09T04:06:39.000000;2016-03-09T04:06:39.000000;955a3f8f-5eb8-4b9f-bfad-8f1f5990190e;410.5;0.02432576;UNKNOWN
2016-03-09T04:06:43.000000;2016-03-09T04:06:43.000000;24616e0d-8d55-4f4e-b131-91104f7d3368;410.44;0.02563986;UNKNOWN
2016-03-09T04:06:48.000000;2016-03-09T04:06:48.000000;963e74da-2938-4f9f-ae5b-83e9d7e4ca45;410.45;0.06020243;UNKNOWN
2016-03-09T04:06:51.000000;2016-03-09T04:06:51.000000;f5ca84a6-2f48-4a94-88ea-836f692687e7;410.45;0.02161478;UNKNOWN
2016-03-09T04:06:55.000000;2016-03-09T04:06:55.000000;95b56617-ad3e-4dad-9dac-8ecd7d241cf1;410.45;0.06971717;UNKNOWN
2016-03-09T04:07:11.000000;2016-03-09T04:07:11.000000;f2e33547-fc42-4f85-9c14-5f7e1898d19f;410.44;9.5492;UNKNOWN
2016-03-09T04:07:25.000000;2016-03-09T04:07:25.000000;71bc8e7d-93bd-4b7a-9b64-7a0fd9649d24;410.26;0.75;UNKNOWN
2016-03-09T04:08:23.000000;2016-03-09T04:08:23.000000;8ea01694-d3b1-45ae-aed8-ff3b1e95849b;410.26;0.668892;UNKNOWN
2016-03-09T04:09:33.000000;2016-03-09T04:09:33.000000;69ebbaa6-4640-476d-85d9-fc2353c0195a;410.21;0.12243371;UNKNOWN
2016-03-09T04:10:28.000000;2016-03-09T04:10:28.000000;42bc2cde-9a53-469e-b650-2c4b18ab8a43;410.27;0.75;UNKNOWN
2016-03-09T04:10:44.000000;2016-03-09T04:10:44.000000;d92fa27b-9318-4c90-8090-16eda3260141;410.27;0.05;UNKNOWN
2016-03-09T04:12:03.000000;2016-03-09T04:12:03.000000;da3ef59d-5809-40f8-af9d-59834aa17d58;410.33;0.05;UNKNOWN
2016-03-09T04:15:05.000000;2016-03-09T04:15:05.000000;b6b6d7eb-60bf-4cad-90fe-b6a8bb7b4ea6;410.4;6.0281;UNKNOWN
2016-03-09T04:15:05.000000;2016-03-09T04:15:05.000000;acd5123e-53f2-4de6-bfa4-6ad00e56f15b;410.4;3.98631804;UNKNOWN
2016-03-09T04:15:07.000000;2016-03-09T04:15:07.000000;30394961-6a11-4eba-9b43-ba43931142bd;410.55;10.0;UNKNOWN
2016-03-09T04:15:08.000000;2016-03-09T04:15:08.000000;a80bb22c-b487-40e1-9a0c-cc210b173458;410.68;0.07237937;UNKNOWN
2016-03-09T04:15:16.000000;2016-03-09T04:15:16.000000;c0080ee8-d8e5-4750-9e5d-0fbc278c9ad8;410.45;0.48620396;UNKNOWN
2016-03-09T04:19:17.000000;2016-03-09T04:19:17.000000;11cca03b-df35-4ba5-a617-62c263ecb063;410.63;0.02437719;UNKNOWN
2016-03-09T04:20:36.000000;2016-03-09T04:20:36.000000;37e31e57-f1e1-455e-a30a-0dd16fabf3f8;410.63;5.0;UNKNOWN
2016-03-09T04:24:38.000000;2016-03-09T04:24:38.000000;5be1bee7-7ed8-4ed0-922e-60069bc5fb88;410.6;0.15;UNKNOWN
2016-03-09T04:25:19.000000;2016-03-09T04:25:19.000000;44c65471-9aa7-401b-acc8-a935bfac73d4;410.6;0.35;UNKNOWN
2016-03-09T04:25:19.000000;2016-03-09T04:25:19.000000;45c64784-4eb1-483e-9e66-fb8eb88d40c5;410.45;12.58;UNKNOWN
2016-03-09T04:25:19.000000;2016-03-09T04:25:19.000000;9e364c6c-1dd3-4dea-aa6e-71999922c0e5;410.6;0.03615101;UNKNOWN
2016-03-09T04:25:19.000000;2016-03-09T04:25:19.000000;4572439b-1069-498a-9f2e-dccf5e16364b;410.44;1.22858774;UNKNOWN
2016-03-09T04:27:05.000000;2016-03-09T04:27:05.000000;8c4dc388-1bf2-4e8e-9049-c2c0657dcece;410.4;0.01;UNKNOWN
2016-03-09T04:27:50.000000;2016-03-09T04:27:50.000000;e3b7b1d7-86dd-47c9-a408-824fc7eb1815;410.38;0.52618401;UNKNOWN
2016-03-09T04:27:50.000000;2016-03-09T04:27:50.000000;b6cb19d7-4f7e-4c2c-84c0-5ea1cba09912;410.38;0.12052813;UNKNOWN
2016-03-09T04:27:50.000000;2016-03-09T04:27:50.000000;49bfa454-251f-4e28-ae5f-28ce5987a26c;410.38;0.08850831;UNKNOWN
2016-03-09T04:27:50.000000;2016-03-09T04:27:50.000000;a3898a16-1700-4d7d-86a6-a5009ce4271a;410.38;1.09752847;UNKNOWN
2016-03-09T04:27:50.000000;2016-03-09T04:27:50.000000;6848d433-b9eb-40a0-bdbe-8e6180e1e943;410.35;2.0;UNKNOWN
2016-03-09T04:27:50.000000;2016-03-09T04:27:50.000000;1004a531-38a7-4803-9cc7-aa8116946ce0;410.38;0.45600277;UNKNOWN
2016-03-09T04:27:50.000000;2016-03-09T04:27:50.000000;b24399a3-5b61-4011-a27d-5eb0734e3e1c;410.38;0.02411906;UNKNOWN
2016-03-09T04:27:50.000000;2016-03-09T04:27:50.000000;63b3c425-5c1c-4c81-b752-de6d40d1c33b;410.38;0.48791244;UNKNOWN
2016-03-09T04:27:50.000000;2016-03-09T04:27:50.000000;3cadd077-7205-4b0b-a6e6-fffce4acf91d;410.38;0.03141376;UNKNOWN
2016-03-09T04:27:50.000000;2016-03-09T04:27:50.000000;9eab6a55-0b00-4dea-8fa5-063782aab990;410.38;0.08943058;UNKNOWN
2016-03-09T04:27:50.000000;2016-03-09T04:27:50.000000;bb6b9bc4-d220-4027-bf21-01f062dbf644;410.38;1.21677058;UNKNOWN
2016-03-09T04:27:50.000000;2016-03-09T04:27:50.000000;d33433f6-e240-447b-a74f-12bf06b0c1d6;410.38;0.12183533;UNKNOWN
2016-03-09T04:27:50.000000;2016-03-09T04:27:50.000000;a9cb389f-0e83-4943-9223-5755e797e1f8;410.38;0.19071211;UNKNOWN
2016-03-09T04:27:50.000000;2016-03-09T04:27:50.000000;87e60113-542c-4dbb-b53c-50a527c07314;410.38;0.03415089;UNKNOWN
2016-03-09T04:27:50.000000;2016-03-09T04:27:50.000000;756abb2d-4135-4dd9-9afa-ce9cad937c01;410.38;0.44138152;UNKNOWN
2016-03-09T04:27:50.000000;2016-03-09T04:27:50.000000;5fbfdc10-06ad-40bb-a3b4-76b3ecb1156a;410.38;8.27867429;UNKNOWN
2016-03-09T04:27:50.000000;2016-03-09T04:27:50.000000;06e30979-29bf-4665-a791-c532078b0e64;410.38;0.1326021;UNKNOWN
2016-03-09T04:27:50.000000;2016-03-09T04:27:50.000000;c53a788a-e72f-4b70-8f93-5238b1c0938c;410.38;0.59953842;UNKNOWN
2016-03-09T04:27:54.000000;2016-03-09T04:27:54.000000;5e26ef8b-8241-4f49-954d-f5d3cb2adbbd;410.2;0.0217178;UNKNOWN
2016-03-09T04:27:54.000000;2016-03-09T04:27:54.000000;44df9a7c-eb69-4e97-8523-a808fb0a07b5;410.21;2.0;UNKNOWN
2016-03-09T04:27:54.000000;2016-03-09T04:27:54.000000;37ed4543-fe83-4a63-9bec-599f667cde37;410.24;1.26816721;UNKNOWN
2016-03-09T04:27:54.000000;2016-03-09T04:27:54.000000;922e3e6a-1e18-407f-b98c-47159742a9cd;410.01;20.57371499;UNKNOWN
2016-03-09T04:27:54.000000;2016-03-09T04:27:54.000000;ed24046f-1473-4a82-aa39-acfd907f6e83;410.24;0.73183279;UNKNOWN
2016-03-09T04:28:08.000000;2016-03-09T04:28:08.000000;f4ca0c95-52d0-4fde-9abd-e696d1ae30fb;410.01;26.4004;UNKNOWN
2016-03-09T04:28:31.000000;2016-03-09T04:28:31.000000;9f3a4a62-284e-4608-81fe-62903cc8b3f4;410.03;2.0;UNKNOWN
2016-03-09T04:28:57.000000;2016-03-09T04:28:57.000000;f5080023-5e94-44a1-b6c1-cae43487985c;410.06;0.01;UNKNOWN
2016-03-09T04:29:23.000000;2016-03-09T04:29:23.000000;aee8e2e5-d1b0-4b1c-baaf-7c5828b4ac49;410.06;15.51;UNKNOWN
2016-03-09T04:29:23.000000;2016-03-09T04:29:23.000000;19e03106-709f-4b7b-af2d-d847f32bfb5e;410.01;6.6144285;UNKNOWN
2016-03-09T04:29:23.000000;2016-03-09T04:29:23.000000;161b7cb7-0fc3-4e82-85ef-eb33faff89d4;410.06;0.11183533;UNKNOWN
2016-03-09T04:29:23.000000;2016-03-09T04:29:23.000000;0a1b3bf6-affe-4796-a2ca-dd5bbfba5341;410.06;0.13023617;UNKNOWN
2016-03-09T04:34:13.000000;2016-03-09T04:34:13.000000;2e743232-f194-4931-b825-b36f2dc75a7e;410.01;0.12567621;UNKNOWN
2016-03-09T04:35:13.000000;2016-03-09T04:35:13.000000;09199dd2-3992-4298-8e30-566cb46ba900;410.01;0.20483863;UNKNOWN
2016-03-09T04:35:26.000000;2016-03-09T04:35:26.000000;9dd04627-b612-47fc-a98e-679c84469643;410.13;0.01;UNKNOWN
2016-03-09T04:35:31.000000;2016-03-09T04:35:31.000000;be5c60f1-ee60-4614-8277-21a9c7d558b3;410.13;0.01725532;UNKNOWN
2016-03-09T04:35:35.000000;2016-03-09T04:35:35.000000;66202b6f-8d22-47a6-ad18-a4f69b520a82;410.13;0.49718747;UNKNOWN
2016-03-09T04:35:39.000000;2016-03-09T04:35:39.000000;bf5358d8-8bfb-4aee-a51d-706ce05b3823;410.01;93.0;UNKNOWN
2016-03-09T04:35:46.000000;2016-03-09T04:35:46.000000;6d3255fb-27d9-469e-b06f-8df83134adbd;410.01;0.22090562;UNKNOWN
2016-03-09T04:35:46.000000;2016-03-09T04:35:46.000000;511952be-abf1-461a-bda6-71e8348b833e;410.01;3.08094167;UNKNOWN
2016-03-09T04:35:46.000000;2016-03-09T04:35:46.000000;c64599c6-86b9-4cee-ae8f-7daddc359c5b;410.0;0.69815271;UNKNOWN
2016-03-09T04:35:46.000000;2016-03-09T04:35:46.000000;a8f3d0e3-1e03-48c7-bba6-1d39445ce3d5;410.01;1.0;UNKNOWN
2016-03-09T04:36:08.000000;2016-03-09T04:36:08.000000;5e55c19e-e64a-4893-bb84-7b74c6e5fa8f;410.01;0.36015089;UNKNOWN
2016-03-09T04:37:22.000000;2016-03-09T04:37:22.000000;db35502b-91d8-4e74-9892-09effcbfa71f;410.0;4.56955271;UNKNOWN
2016-03-09T04:37:22.000000;2016-03-09T04:37:22.000000;342dcfc8-da6c-45a4-a774-1408084162b2;410.0;0.43044729;UNKNOWN
2016-03-09T04:37:32.000000;2016-03-09T04:37:32.000000;c01a19b9-1e0e-4097-81ff-f97e4a5f5db7;410.0;2.5;UNKNOWN
2016-03-09T04:37:38.000000;2016-03-09T04:37:38.000000;3c3d4f66-6138-4a02-8f2e-771d1b361631;410.0;10.0;UNKNOWN
2016-03-09T04:37:40.000000;2016-03-09T04:37:40.000000;a303c972-39bb-4446-ac73-251e35581d4e;410.0;0.11303634;UNKNOWN
2016-03-09T04:37:42.000000;2016-03-09T04:37:42.000000;b01b03ed-0d12-44e4-9bd5-bb4d385071ff;410.01;0.28981544;UNKNOWN
2016-03-09T04:37:46.000000;2016-03-09T04:37:46.000000;c141c841-0cb5-4951-b05a-d36857ff4f31;410.0;13.9069;UNKNOWN
2016-03-09T04:38:01.000000;2016-03-09T04:38:01.000000;cca8cbfe-c9fa-4224-9598-0b562be8f1ec;410.0;2.5;UNKNOWN
2016-03-09T04:38:10.000000;2016-03-09T04:38:10.000000;873546c0-4c80-4a18-b29e-e324146849a9;410.0;1.46605;UNKNOWN
2016-03-09T04:38:17.000000;2016-03-09T04:38:17.000000;6062a296-ae47-4e01-bf37-f995134d7209;410.0;1.83862;UNKNOWN
2016-03-09T04:38:21.000000;2016-03-09T04:38:21.000000;8be054ed-040f-49ca-9ae8-681b8fd8d87b;409.46;3.58506108;UNKNOWN
2016-03-09T04:38:21.000000;2016-03-09T04:38:21.000000;fe60ed5b-5d37-4b1b-b4e5-db319806cde4;410.0;0.75268892;UNKNOWN
2016-03-09T04:38:21.000000;2016-03-09T04:38:21.000000;df6458d5-ecdc-4aca-9539-d10561ef261b;409.5;0.01;UNKNOWN
2016-03-09T04:38:26.000000;2016-03-09T04:38:26.000000;cc3bc9a9-18fb-4164-9b13-914147cd4c13;409.45;0.09912583;UNKNOWN
2016-03-09T04:38:26.000000;2016-03-09T04:38:26.000000;362ac862-1dd5-43d8-889d-7f9cd6220fb5;409.45;0.04990733;UNKNOWN
2016-03-09T04:39:14.000000;2016-03-09T04:39:14.000000;fc8453a3-ffad-4087-b0a8-8ba028eaf2f8;409.47;0.08850641;UNKNOWN
2016-03-09T04:39:14.000000;2016-03-09T04:39:14.000000;fb589cd4-237e-4e28-93e6-929b44c8bc22;409.47;0.04425221;UNKNOWN
2016-03-09T04:39:14.000000;2016-03-09T04:39:14.000000;2a478a19-686a-4290-ada2-9bd6318cf439;409.47;0.10335948;UNKNOWN
2016-03-09T04:39:14.000000;2016-03-09T04:39:14.000000;1f6fe163-6e0d-4bd5-8ee0-1974d9a4c90c;409.47;0.84992009;UNKNOWN
2016-03-09T04:39:14.000000;2016-03-09T04:39:14.000000;8168ca6d-a646-4afb-84e5-ed7b45c9159d;409.47;1.02222612;UNKNOWN
2016-03-09T04:39:33.000000;2016-03-09T04:39:33.000000;7befb35c-11d9-4a81-bc8d-efa9dcdf410b;409.45;0.02444745;UNKNOWN
2016-03-09T04:41:05.000000;2016-03-09T04:41:05.000000;8baeab2b-d769-438d-993e-4d024d236771;409.65;1.21639233;UNKNOWN
2016-03-09T04:41:05.000000;2016-03-09T04:41:05.000000;0cc7e323-e314-41a8-afdd-a79ed221db3b;409.47;2.89173569;UNKNOWN
2016-03-09T04:41:43.000000;2016-03-09T04:41:43.000000;3b7a519c-4d17-4e76-a1e1-57be55427b18;409.56;0.02689088;UNKNOWN
2016-03-09T04:42:22.000000;2016-03-09T04:42:22.000000;392bbb1e-f5cb-4648-ae34-b79ce13898d8;409.65;1.052;UNKNOWN
2016-03-09T04:44:05.000000;2016-03-09T04:44:05.000000;357cf23b-bb50-42a1-b86a-6ab66b4a2eff;409.65;0.12047902;UNKNOWN
2016-03-09T04:45:00.000000;2016-03-09T04:45:00.000000;7c72a7e6-4b05-46cf-aacd-28631903c367;409.61;0.19410421;UNKNOWN
2016-03-09T04:45:12.000000;2016-03-09T04:45:12.000000;481bc0e4-4aff-46a9-89c5-cf57a0fa8b6d;409.52;1.934151;UNKNOWN
2016-03-09T04:45:12.000000;2016-03-09T04:45:12.000000;d8cf80d8-7b8a-45d7-aa5f-f37e5e24bd60;409.58;0.065849;UNKNOWN
2016-03-09T04:45:23.000000;2016-03-09T04:45:23.000000;92d31cbf-00aa-4fad-b038-24db85259cf5;409.61;0.75;UNKNOWN
2016-03-09T04:47:13.000000;2016-03-09T04:47:13.000000;11073840-b505-46f3-af11-316e4cd15e84;409.47;0.06033837;UNKNOWN
2016-03-09T04:52:05.000000;2016-03-09T04:52:05.000000;45525e15-93f1-427d-a17d-403aa402c4eb;409.58;0.28948653;UNKNOWN
2016-03-09T04:52:09.000000;2016-03-09T04:52:09.000000;0aad2bdf-d59a-4584-afa4-1fff5e6fc353;409.58;0.01;UNKNOWN
2016-03-09T04:52:13.000000;2016-03-09T04:52:13.000000;81f50fa1-e9c0-477b-9dba-c4b53ccc5d03;409.58;0.49845729;UNKNOWN
2016-03-09T04:52:17.000000;2016-03-09T04:52:17.000000;67267fcf-50f1-44fc-94a7-9a7d717ec2a7;409.58;0.01293303;UNKNOWN
2016-03-09T04:52:21.000000;2016-03-09T04:52:21.000000;84960c0a-a503-414d-9ec3-628b6ce91d28;409.58;0.04912315;UNKNOWN
2016-03-09T04:58:06.000000;2016-03-09T04:58:06.000000;0e672b2c-ef56-4417-a33d-14e84bfbe8dd;409.49;0.2935607;UNKNOWN
2016-03-09T04:58:06.000000;2016-03-09T04:58:06.000000;73751c60-2ece-418b-9d04-d0c1f067ecd7;409.49;0.0658451;UNKNOWN
2016-03-09T04:58:06.000000;2016-03-09T04:58:06.000000;d1d867ba-00dd-41ea-8ed8-442e5442d788;409.49;0.1925942;UNKNOWN
2016-03-09T04:59:03.000000;2016-03-09T04:59:03.000000;92abdc21-c04a-423b-a4f2-ea69be9a85c0;409.49;0.12466983;UNKNOWN
2016-03-09T04:59:06.000000;2016-03-09T04:59:06.000000;b3d02f1e-3e13-4292-ae49-2e2b53a75731;409.49;0.30588474;UNKNOWN
2016-03-09T04:59:45.000000;2016-03-09T04:59:45.000000;0cddf2f3-4321-4b76-b6c9-0eef65d61273;409.49;0.246948;UNKNOWN
2016-03-09T04:59:48.000000;2016-03-09T04:59:48.000000;59bacad9-5308-4ad3-a2ab-8d98138ee4ba;409.49;0.043932;UNKNOWN
2016-03-09T04:59:51.000000;2016-03-09T04:59:51.000000;b1d698f1-ef9f-455f-9d99-2347020c0cec;409.49;0.531489;UNKNOWN
2016-03-09T05:00:47.000000;2016-03-09T05:00:47.000000;68de0690-470c-4b83-bc3c-bcd7aabcd1a2;409.54;0.52426019;UNKNOWN
2016-03-09T05:00:47.000000;2016-03-09T05:00:47.000000;83ca7105-140b-4673-afb6-01a3ccc44025;409.5;0.83266556;UNKNOWN
2016-03-09T05:00:47.000000;2016-03-09T05:00:47.000000;7a823dd8-9363-4e6a-b52e-fcefb5863876;409.59;0.79;UNKNOWN
2016-03-09T05:01:05.000000;2016-03-09T05:01:05.000000;46ff906d-8353-43cb-be8d-0691f750d7db;409.6;0.6;UNKNOWN
2016-03-09T05:01:11.000000;2016-03-09T05:01:11.000000;176b36bb-6c48-49e5-9082-b29e5e3d6fcc;409.6;0.05;UNKNOWN
2016-03-09T05:01:40.000000;2016-03-09T05:01:40.000000;5aa3aa7f-ba96-4636-8b6c-0376db7a4123;409.6;0.55;UNKNOWN
2016-03-09T05:03:08.000000;2016-03-09T05:03:08.000000;571e0df5-e6fe-4622-aaee-caf188acbfd4;409.6;0.3016098;UNKNOWN
2016-03-09T05:03:08.000000;2016-03-09T05:03:08.000000;1ca692a6-0d47-45ab-918a-0ed4388fd5be;409.6;0.0139272;UNKNOWN
2016-03-09T05:03:28.000000;2016-03-09T05:03:28.000000;1f39964d-23ab-4500-ae88-32f4cc1ce465;409.55;6.018;UNKNOWN
2016-03-09T05:03:28.000000;2016-03-09T05:03:28.000000;9a73a98c-244a-4eb8-962e-ed926e2cb243;409.55;3.0;UNKNOWN
2016-03-09T05:03:28.000000;2016-03-09T05:03:28.000000;c9dc0dbd-096e-4429-8fc9-45daa5e86724;409.5;4.8188707;UNKNOWN
2016-03-09T05:03:28.000000;2016-03-09T05:03:28.000000;01bfe591-884e-4c8b-aeca-03f8af11bd00;409.54;4.8188707;UNKNOWN
2016-03-09T05:03:28.000000;2016-03-09T05:03:28.000000;f555003a-cb30-47de-8b30-3ee13c71bb06;409.47;0.8442586;UNKNOWN
2016-03-09T05:03:28.000000;2016-03-09T05:03:28.000000;0871ccf8-3e5b-4dac-b29f-d032f65492bb;409.55;0.5;UNKNOWN
2016-03-09T05:04:05.000000;2016-03-09T05:04:05.000000;3e071768-c19d-4f7f-abbb-5044a49b8175;409.59;1.59047642;UNKNOWN
2016-03-09T05:04:51.000000;2016-03-09T05:04:51.000000;e4cc76b5-550b-49c8-a38a-2f16418392aa;409.59;1.0;UNKNOWN
2016-03-09T05:05:16.000000;2016-03-09T05:05:16.000000;66b8e445-b408-4354-a8dd-de1a088a2f70;409.59;0.02443909;UNKNOWN
2016-03-09T05:05:52.000000;2016-03-09T05:05:52.000000;3a75edb0-ea41-43dc-8582-a05a15c07fc9;409.61;1.05589579;UNKNOWN
2016-03-09T05:06:26.000000;2016-03-09T05:06:26.000000;65671a6b-0893-4291-99ca-628b79222039;409.92;0.0199774;UNKNOWN
2016-03-09T05:06:26.000000;2016-03-09T05:06:26.000000;c585c001-317f-4de8-a160-55dfe1004f19;409.92;0.0217546;UNKNOWN
2016-03-09T05:06:40.000000;2016-03-09T05:06:40.000000;8f80d97a-cdc8-4460-9587-594cbebfa14b;409.92;0.210084;UNKNOWN
2016-03-09T05:09:06.000000;2016-03-09T05:09:06.000000;90e1eca2-4278-4205-b29c-e394b73a04c5;410.02;6.2;UNKNOWN
2016-03-09T05:11:30.000000;2016-03-09T05:11:30.000000;7bd588a9-c1c9-4ab4-af8c-73cd06236baf;409.99;1.0538;UNKNOWN
2016-03-09T05:12:07.000000;2016-03-09T05:12:07.000000;78c9ed74-9f47-48d2-b298-f799bdadba69;410.0;5.2;UNKNOWN
2016-03-09T05:13:16.000000;2016-03-09T05:13:16.000000;16ed380c-145e-4685-a95e-812152b87dd1;409.77;0.0182;UNKNOWN
2016-03-09T05:13:59.000000;2016-03-09T05:13:59.000000;79210827-11e8-4826-8e14-a82a2201278d;409.77;0.5164695;UNKNOWN
2016-03-09T05:14:06.000000;2016-03-09T05:14:06.000000;55ffade5-ba63-46c8-8969-c0873ba455aa;409.77;0.3610634;UNKNOWN
2016-03-09T05:18:06.000000;2016-03-09T05:18:06.000000;b5df18a6-2fad-4f53-8ff5-dbaae7564c66;409.75;0.02422125;UNKNOWN
2016-03-09T05:18:06.000000;2016-03-09T05:18:06.000000;e6851554-4af1-4fc5-9db6-e2eb5f0b8792;409.69;0.5;UNKNOWN
2016-03-09T05:18:06.000000;2016-03-09T05:18:06.000000;d4fc2dd5-90c6-4535-8954-d59d3729a800;409.77;0.02657648;UNKNOWN
2016-03-09T05:18:06.000000;2016-03-09T05:18:06.000000;b7900f65-77b8-457f-a4bb-d56f516bbfed;409.77;0.12079681;UNKNOWN
2016-03-09T05:18:06.000000;2016-03-09T05:18:06.000000;82b704ec-5d80-4604-a7d4-71192fb340e6;409.68;6.32840546;UNKNOWN
2016-03-09T05:18:06.000000;2016-03-09T05:18:06.000000;f9adac1f-8620-4845-8eb3-0118ea6f5228;409.69;3.0;UNKNOWN
2016-03-09T05:21:27.000000;2016-03-09T05:21:27.000000;4185bef1-c8d3-4d3b-bdeb-53822932bf09;409.75;0.025922;UNKNOWN
2016-03-09T05:21:31.000000;2016-03-09T05:21:31.000000;f93b0eec-57aa-45b5-8c3e-635f7092fa2d;409.75;0.049994;UNKNOWN
2016-03-09T05:24:05.000000;2016-03-09T05:24:05.000000;14eeb46d-ff38-4957-961c-7d3f48a31ba1;409.77;0.26846359;UNKNOWN
2016-03-09T05:24:31.000000;2016-03-09T05:24:31.000000;44d8794a-ed2b-4f38-a49d-35c089a1ecd3;409.76;2.54877877;UNKNOWN
2016-03-09T05:24:48.000000;2016-03-09T05:24:48.000000;a05125c3-f3c5-4011-bfcb-aea1fef39b94;409.75;0.017656;UNKNOWN
2016-03-09T05:25:21.000000;2016-03-09T05:25:21.000000;ced5dc1f-8641-4bae-8833-f1743160043c;409.71;0.32609534;UNKNOWN
2016-03-09T05:25:21.000000;2016-03-09T05:25:21.000000;8d92dc89-f2d3-4b54-8062-ee6dba3cad00;409.71;1.42142287;UNKNOWN
2016-03-09T05:25:21.000000;2016-03-09T05:25:21.000000;68287e58-38b9-4ed4-b61a-cc814079b59e;409.71;0.48324622;UNKNOWN
2016-03-09T05:26:32.000000;2016-03-09T05:26:32.000000;c43e5378-68f6-436a-84f0-434f99939fe5;409.67;0.014933;UNKNOWN
2016-03-09T05:26:50.000000;2016-03-09T05:26:50.000000;86b913fa-33db-4a36-856d-d307ddc007bd;409.67;0.71682797;UNKNOWN
2016-03-09T05:28:16.000000;2016-03-09T05:28:16.000000;1ba5e31f-01a7-4cae-9b00-51b9a1d96092;409.55;0.037466;UNKNOWN
2016-03-09T05:33:06.000000;2016-03-09T05:33:06.000000;bc48775b-7168-4fa9-b75a-f12e6bda30e6;409.56;0.02298;UNKNOWN
2016-03-09T05:34:06.000000;2016-03-09T05:34:06.000000;0eacb5a9-f301-4de0-bd7f-a6dd1b40553e;409.57;0.09642969;UNKNOWN
2016-03-09T05:37:09.000000;2016-03-09T05:37:09.000000;7eaff3d6-2ff0-4394-90ac-927b6a56a097;409.61;4.0;UNKNOWN
2016-03-09T05:38:53.000000;2016-03-09T05:38:53.000000;7e5f80e3-4957-4eee-9773-be5a8ce2cb39;409.56;0.16885552;UNKNOWN
2016-03-09T05:38:53.000000;2016-03-09T05:38:53.000000;41fefe82-4c49-4e06-90bd-e21d5ffdfc2e;409.56;0.01933933;UNKNOWN
2016-03-09T05:42:05.000000;2016-03-09T05:42:05.000000;396ccfee-b5ec-46f0-9f99-6ee5f189a7b4;409.57;0.02396989;UNKNOWN
2016-03-09T05:42:14.000000;2016-03-09T05:42:14.000000;d5c2908c-3bc3-46ac-85c2-239b4a92da90;409.56;0.01;UNKNOWN
2016-03-09T05:43:05.000000;2016-03-09T05:43:05.000000;bd5bc715-5873-422d-9259-d210d5fc9300;409.56;0.24007542;UNKNOWN
2016-03-09T05:43:05.000000;2016-03-09T05:43:05.000000;98462b71-f398-4492-9406-e40b8d9c6b9c;409.55;0.45877028;UNKNOWN
2016-03-09T05:46:53.000000;2016-03-09T05:46:53.000000;cd884ab4-fc95-4f3d-b8d8-2f9e6da1c7ed;409.57;0.0844431;UNKNOWN
2016-03-09T05:49:13.000000;2016-03-09T05:49:13.000000;6d4fd5bc-2562-4f61-8ed3-2546e590ab54;409.55;0.2413;UNKNOWN
2016-03-09T05:51:03.000000;2016-03-09T05:51:03.000000;b4df66f7-08c5-4d18-ae2e-aeeb54f3246f;409.63;0.06348;UNKNOWN
2016-03-09T05:51:08.000000;2016-03-09T05:51:08.000000;2a1bafe2-15ca-41f0-b52f-cf8a47b74f37;409.51;11.22358298;UNKNOWN
2016-03-09T05:51:08.000000;2016-03-09T05:51:08.000000;4bd8b55f-d941-4d70-9632-4aa5aa25c7a6;409.55;3.10933803;UNKNOWN
2016-03-09T05:51:08.000000;2016-03-09T05:51:08.000000;3d19faee-d3b8-40ce-a05e-14d87649aa81;409.55;0.66707899;UNKNOWN
2016-03-09T05:52:00.000000;2016-03-09T05:52:00.000000;337786b1-cc25-4ace-b8ab-ce1f65d76e14;409.51;1.23641702;UNKNOWN
2016-03-09T05:52:00.000000;2016-03-09T05:52:00.000000;20ca9ef4-5ff8-4670-929f-abd1ab0f7702;409.5;3.0721;UNKNOWN
2016-03-09T05:52:05.000000;2016-03-09T05:52:05.000000;d9db8c82-e768-46a4-a834-c93fa5edc396;409.48;0.01442314;UNKNOWN
2016-03-09T05:52:34.000000;2016-03-09T05:52:34.000000;99fc8e58-e061-44de-9414-7f0d98d90970;409.46;9.36419;UNKNOWN
2016-03-09T05:52:34.000000;2016-03-09T05:52:34.000000;098ab41f-beeb-479c-8549-436faef60510;409.46;0.0217546;UNKNOWN
2016-03-09T05:52:53.000000;2016-03-09T05:52:53.000000;bb3b6bf8-216b-46c1-932d-11744246efd4;409.45;9.37672396;UNKNOWN
2016-03-09T05:54:01.000000;2016-03-09T05:54:01.000000;29b36d81-9ede-4a6f-84ef-d7b4a6177b79;409.44;0.0169263;UNKNOWN
2016-03-09T05:54:06.000000;2016-03-09T05:54:06.000000;e0611113-3830-45c1-89b0-e3a019452440;409.43;3.7;UNKNOWN
2016-03-09T05:54:36.000000;2016-03-09T05:54:36.000000;b5d25a6c-638a-45c4-9b98-5bd4cbd2e87b;409.4;0.01;UNKNOWN
2016-03-09T05:54:36.000000;2016-03-09T05:54:36.000000;b80a0e61-5ab0-4914-a276-ba84de9f634e;409.36;9.74738;UNKNOWN
2016-03-09T05:55:06.000000;2016-03-09T05:55:06.000000;29e08cf3-cb9b-45ec-9671-5bd389db2150;409.14;0.19477087;UNKNOWN
2016-03-09T05:55:06.000000;2016-03-09T05:55:06.000000;32f26932-d063-4378-8af3-ffedf3dddb5b;409.2;0.01;UNKNOWN
2016-03-09T05:55:06.000000;2016-03-09T05:55:06.000000;ffcb4431-0a4c-4b2d-a0a2-c4a81a82db34;409.3;0.01;UNKNOWN
2016-03-09T05:55:38.000000;2016-03-09T05:55:38.000000;9983315d-aa0b-4ea6-9f5a-21e1bd0f2013;409.19;12.39275144;UNKNOWN
2016-03-09T05:56:13.000000;2016-03-09T05:56:13.000000;cff4a478-2f66-4ae4-8d16-c880b36682aa;409.19;0.3900199;UNKNOWN
2016-03-09T05:58:07.000000;2016-03-09T05:58:07.000000;db7a9e69-1925-42ef-b068-23b9e4fa4c0d;409.15;2.0;UNKNOWN
2016-03-09T05:59:00.000000;2016-03-09T05:59:00.000000;018746a9-fa36-4556-9671-e0433ca03bb0;409.43;0.01;UNKNOWN
2016-03-09T05:59:04.000000;2016-03-09T05:59:04.000000;3f7197c5-1719-48b7-83bf-d2a6b7a75325;409.43;0.49164374;UNKNOWN
2016-03-09T05:59:06.000000;2016-03-09T05:59:06.000000;033374b7-e426-40a1-b36d-de780ae3007b;409.43;5.35835626;UNKNOWN
2016-03-09T05:59:06.000000;2016-03-09T05:59:06.000000;0b2da7c6-b88d-43c2-abfe-49bdd3c8f52c;409.43;1.84751624;UNKNOWN
2016-03-09T05:59:08.000000;2016-03-09T05:59:08.000000;65156ced-cd7c-47b3-a2fd-764c3fee00ea;409.44;0.01820369;UNKNOWN
2016-03-09T05:59:12.000000;2016-03-09T05:59:12.000000;12ea0fe4-68a1-4d54-a0a4-5d3a3a19735c;409.44;0.29288305;UNKNOWN
2016-03-09T05:59:16.000000;2016-03-09T05:59:16.000000;df7b77c4-27c3-4ac8-bea1-7daa8403c672;409.44;0.01151784;UNKNOWN
2016-03-09T05:59:39.000000;2016-03-09T05:59:39.000000;af1c89e9-e6bf-4bcf-ad20-18b9e537f74a;409.44;0.49482112;UNKNOWN
2016-03-09T06:00:05.000000;2016-03-09T06:00:05.000000;4aab7d5a-8be7-4a0a-b6a0-eb4f12a27c4f;409.44;0.01;UNKNOWN
2016-03-09T06:00:14.000000;2016-03-09T06:00:14.000000;d4921a42-3a42-4190-aad9-52af46625f27;409.44;0.09538756;UNKNOWN
2016-03-09T06:00:14.000000;2016-03-09T06:00:14.000000;452f5c7e-7c48-4d2a-b8ad-f78d9f11fbc6;409.49;9.68221244;UNKNOWN
2016-03-09T06:01:00.000000;2016-03-09T06:01:00.000000;eafed93e-ac53-4224-9c39-121b7ad0966f;409.44;0.49854694;UNKNOWN
2016-03-09T06:05:06.000000;2016-03-09T06:05:06.000000;f66075b0-c13e-4f14-aa4e-8623fadc53d9;409.45;0.01;UNKNOWN
2016-03-09T06:06:06.000000;2016-03-09T06:06:06.000000;6fa16e57-3d2f-4e7d-8c86-ec5c5eeefe28;409.45;0.1442033;UNKNOWN
2016-03-09T06:06:06.000000;2016-03-09T06:06:06.000000;9baac5c9-a864-4c95-939a-8802f9293f74;409.32;4.76937216;UNKNOWN
2016-03-09T06:06:06.000000;2016-03-09T06:06:06.000000;88c58335-63db-453c-9012-83ee60b6cb8e;409.45;0.08642454;UNKNOWN
2016-03-09T06:06:08.000000;2016-03-09T06:06:08.000000;d4b1e960-162a-48f8-8cc0-643f16aefba9;409.44;1.18434869;UNKNOWN
2016-03-09T06:06:10.000000;2016-03-09T06:06:10.000000;b07953ca-b554-4133-8ec7-866d768ce374;409.28;5.8;UNKNOWN
2016-03-09T06:06:11.000000;2016-03-09T06:06:11.000000;576911e9-41f7-4fc4-ae53-828006c798b0;409.28;6.5327849;UNKNOWN
2016-03-09T06:13:30.000000;2016-03-09T06:13:30.000000;dae9e9e7-5f04-4820-b846-c3c1d0126258;409.42;0.4409171;UNKNOWN
2016-03-09T06:14:05.000000;2016-03-09T06:14:05.000000;abdf56da-9ead-41f4-80d9-9346fa2e07cf;409.42;2.16620262;UNKNOWN
2016-03-09T06:18:23.000000;2016-03-09T06:18:23.000000;c8969751-e078-4bd1-a29f-685c9e0a0519;409.43;0.5;UNKNOWN
2016-03-09T06:21:07.000000;2016-03-09T06:21:07.000000;99ddd8e2-8a58-48b3-89fb-1ccdc80122fb;409.6;3.0;UNKNOWN
2016-03-09T06:21:07.000000;2016-03-09T06:21:07.000000;55350dfb-7fc0-4422-9acb-fffab3307aa2;409.49;46.93226489;UNKNOWN
2016-03-09T06:21:07.000000;2016-03-09T06:21:07.000000;0ba9a1da-04a1-4304-9e5d-72ac6cba7479;409.84;11.9048;UNKNOWN
2016-03-09T06:21:07.000000;2016-03-09T06:21:07.000000;3922f136-619d-4696-b22b-672663482101;409.59;6.0773;UNKNOWN
2016-03-09T06:21:45.000000;2016-03-09T06:21:45.000000;e4483533-286f-432d-abad-c624f19b9b27;410.25;5.0;UNKNOWN
2016-03-09T06:22:11.000000;2016-03-09T06:22:11.000000;8a04ec7e-1754-4a71-b104-9d83410c4cb1;410.08;8.9607;UNKNOWN
2016-03-09T06:22:11.000000;2016-03-09T06:22:11.000000;a519d694-0ff1-46d3-bfe4-92e79b635ed5;410.15;6.0393;UNKNOWN
2016-03-09T06:22:13.000000;2016-03-09T06:22:13.000000;5244db6b-83de-4972-ac2a-ae8bfbff0f6c;410.08;0.3624;UNKNOWN
2016-03-09T06:24:06.000000;2016-03-09T06:24:06.000000;a0160a2b-7759-47a2-847f-af35ce592561;410.08;0.58017283;UNKNOWN
2016-03-09T06:24:06.000000;2016-03-09T06:24:06.000000;b17967b1-26ef-4221-afb1-2064e1863c0b;410.07;0.5;UNKNOWN
2016-03-09T06:24:08.000000;2016-03-09T06:24:08.000000;e4968529-279b-45cd-aceb-180ba4df177b;410.08;5.0;UNKNOWN
2016-03-09T06:25:00.000000;2016-03-09T06:25:00.000000;8b30e70f-2482-4d28-a6b4-d5c03bfa5235;410.53;4.51;UNKNOWN
2016-03-09T06:25:00.000000;2016-03-09T06:25:00.000000;fcede9dc-1d9b-4cde-91f1-95f9425b9a30;410.51;1.91;UNKNOWN
2016-03-09T06:25:00.000000;2016-03-09T06:25:00.000000;0c112700-4b93-430c-b790-fa42a584589b;410.54;12.8357;UNKNOWN
2016-03-09T06:25:00.000000;2016-03-09T06:25:00.000000;b8f24644-3d90-4edd-80c4-39ffaaad22db;410.69;5.64;UNKNOWN
2016-03-09T06:25:00.000000;2016-03-09T06:25:00.000000;26fbcad5-4839-4998-ba0a-1b5b02d3196b;410.95;4.81881264;UNKNOWN
2016-03-09T06:25:00.000000;2016-03-09T06:25:00.000000;259e2cac-6d00-4e34-b047-632bc429efc4;410.33;3.0;UNKNOWN
2016-03-09T06:25:00.000000;2016-03-09T06:25:00.000000;5860d813-cff8-4861-9b13-d646871a7595;410.27;6.0737;UNKNOWN
2016-03-09T06:25:00.000000;2016-03-09T06:25:00.000000;1e09b33a-af11-44c4-9f6d-94f3b27f651e;410.6;6.0;UNKNOWN
2016-03-09T06:25:00.000000;2016-03-09T06:25:00.000000;29391172-663e-4815-92c2-af2572d08873;410.32;20.396;UNKNOWN
2016-03-09T06:25:00.000000;2016-03-09T06:25:00.000000;cdeb5d3d-4f8d-4c47-8302-9ea138f89267;410.41;11.8186;UNKNOWN
2016-03-09T06:25:00.000000;2016-03-09T06:25:00.000000;60db77fb-420c-4753-a7a6-970701d59d80;410.89;4.81881264;UNKNOWN
2016-03-09T06:25:00.000000;2016-03-09T06:25:00.000000;d54d291b-0078-4dbf-a493-0da05eba1ad6;410.94;9.7043;UNKNOWN
2016-03-09T06:25:00.000000;2016-03-09T06:25:00.000000;c33e98e7-0276-4219-9dca-c712ba7fed41;410.7;13.3023;UNKNOWN
2016-03-09T06:25:00.000000;2016-03-09T06:25:00.000000;949c14c5-10bb-4f28-95ef-e40feeff37a9;410.9;0.01;UNKNOWN
2016-03-09T06:25:00.000000;2016-03-09T06:25:00.000000;f903e308-3819-448d-8e36-51ce55db324e;410.6;3.88;UNKNOWN
2016-03-09T06:25:00.000000;2016-03-09T06:25:00.000000;d7299fe8-453d-42e4-9863-ac5f5274f68b;410.97;9.11626554;UNKNOWN
2016-03-09T06:25:00.000000;2016-03-09T06:25:00.000000;96bdc1c0-0444-4d72-b467-5b3e52e59e66;410.84;4.81875459;UNKNOWN
2016-03-09T06:25:00.000000;2016-03-09T06:25:00.000000;3d5d9840-9791-42a1-94a6-c66a36d2845c;410.7;0.01;UNKNOWN
2016-03-09T06:25:00.000000;2016-03-09T06:25:00.000000;eaa6a442-31c3-4248-be4c-30f5c47283d4;410.79;4.81875459;UNKNOWN
2016-03-09T06:25:00.000000;2016-03-09T06:25:00.000000;d3a9dbe6-3db4-48e7-bf55-a724be9a1914;410.84;13.4902;UNKNOWN
2016-03-09T06:25:00.000000;2016-03-09T06:25:00.000000;8917f057-6cb2-4d39-9e19-b16d752c9bcd;410.8;0.01;UNKNOWN
2016-03-09T06:25:56.000000;2016-03-09T06:25:56.000000;2ae57f10-fa13-47db-ae36-ab552fa1cdc8;410.5;2.9994;UNKNOWN
2016-03-09T06:26:06.000000;2016-03-09T06:26:06.000000;6ff6260a-5d9f-4264-aeb9-6af63ab1f225;410.5;4.0;UNKNOWN
2016-03-09T06:26:07.000000;2016-03-09T06:26:07.000000;3660e4c8-36c4-44aa-86f9-80b224b25008;410.51;1.71345763;UNKNOWN
2016-03-09T06:26:09.000000;2016-03-09T06:26:09.000000;3d155894-ddd6-40e6-bc30-967958b8c1e1;410.51;1.30051539;UNKNOWN
2016-03-09T06:26:19.000000;2016-03-09T06:26:19.000000;51e3328a-b482-472f-83ff-b38a039ff6d5;410.53;18.8677;UNKNOWN
2016-03-09T06:26:19.000000;2016-03-09T06:26:19.000000;8a588a67-edfc-4c92-a926-c15e7c205031;410.53;3.0;UNKNOWN
2016-03-09T06:26:48.000000;2016-03-09T06:26:48.000000;e23d60ae-cfe3-46ee-aaf2-0314812b4590;410.65;0.15202419;UNKNOWN
2016-03-09T06:26:48.000000;2016-03-09T06:26:48.000000;add79e35-9c00-48e3-9886-1841496303a0;410.65;0.19;UNKNOWN
2016-03-09T06:26:48.000000;2016-03-09T06:26:48.000000;4674cb0a-e455-4f07-bd7c-39101580da11;410.65;0.34797581;UNKNOWN
2016-03-09T06:26:48.000000;2016-03-09T06:26:48.000000;dd3f894e-37d2-473c-b3fe-4638b4e33869;410.65;1.65202419;UNKNOWN
2016-03-09T06:27:13.000000;2016-03-09T06:27:13.000000;ecad4f4e-84c9-4618-bc4f-0626244be5d1;410.69;0.7;UNKNOWN
2016-03-09T06:27:19.000000;2016-03-09T06:27:19.000000;1b9ba34b-0285-4a30-8957-68c9022e76d0;410.52;0.05;UNKNOWN
2016-03-09T06:27:23.000000;2016-03-09T06:27:23.000000;537dd08e-e69c-4bff-8a95-cdbfc60b536e;410.52;5.9969;UNKNOWN
2016-03-09T06:27:23.000000;2016-03-09T06:27:23.000000;70e38164-18d1-48e7-b51a-4e20a0a62c13;409.98;4.6365;UNKNOWN
2016-03-09T06:27:23.000000;2016-03-09T06:27:23.000000;4a443e2a-f2f3-45cf-89c2-85dd13036fcb;410.5;1.3666;UNKNOWN
2016-03-09T06:27:23.000000;2016-03-09T06:27:23.000000;d09d7f29-7eed-47c5-85a5-ef9379b35bb9;410.06;3.0;UNKNOWN
2016-03-09T06:29:13.000000;2016-03-09T06:29:13.000000;b241c51b-187c-40b0-9e68-314b494b80a4;410.52;11.73685898;UNKNOWN
2016-03-09T06:29:21.000000;2016-03-09T06:29:21.000000;0467278b-a63a-43f9-bcf0-42eb551653a6;410.52;1.0;UNKNOWN
2016-03-09T06:29:25.000000;2016-03-09T06:29:25.000000;6295baeb-da32-46bd-ad94-699eec523129;410.54;0.02;UNKNOWN
2016-03-09T06:29:25.000000;2016-03-09T06:29:25.000000;2bcc28b8-27f4-4671-90ce-05035511ff09;410.55;1.18;UNKNOWN
2016-03-09T06:29:31.000000;2016-03-09T06:29:31.000000;69d71144-6ae5-4057-897e-675c5893e966;410.55;1.2;UNKNOWN
2016-03-09T06:30:05.000000;2016-03-09T06:30:05.000000;333091e4-1e83-43d4-bc1e-3db7359eed62;410.52;0.31344939;UNKNOWN
2016-03-09T06:32:05.000000;2016-03-09T06:32:05.000000;e6886066-1878-4a04-8644-3a0612c4e9d0;410.36;0.15297104;UNKNOWN
2016-03-09T06:34:06.000000;2016-03-09T06:34:06.000000;c484c85f-c7e9-4e90-88f9-cfddbe6dc7fc;410.37;0.15;UNKNOWN
2016-03-09T06:34:50.000000;2016-03-09T06:34:50.000000;ae788fa8-2b84-454d-b6a9-649788b0a0a3;410.21;0.6444;UNKNOWN
