time_exchange;time_coinpai;guid;price;base_amount;taker_side
2016-03-09T00:00:31.107000;2016-03-09T00:00:31.123000;08276df2-f22e-4871-a112-a7bd65eb6fb4;411.18;0.25;BUY
2016-03-09T00:00:31.107000;2016-03-09T00:00:31.140000;8a106a38-5d28-4a7d-aeed-9bed047c89fe;411.19;0.02;BUY
2016-03-09T00:00:31.107000;2016-03-09T00:00:31.140000;ae2fae5e-8f64-411b-abe5-828e7bc5a3d0;411.19;0.076;BUY
2016-03-09T00:00:31.107000;2016-03-09T00:00:31.140000;c8b0a367-c371-4af0-b8e0-492de98da704;411.21;0.13;BUY
2016-03-09T00:00:31.107000;2016-03-09T00:00:31.170000;a00754f5-e2e8-44c9-9530-c5991faeca8e;411.23;0.02;BUY
2016-03-09T00:00:31.107000;2016-03-09T00:00:31.187000;73aaf098-0442-41e4-bae3-e1279895e0c0;411.24;0.116;BUY
2016-03-09T00:00:31.107000;2016-03-09T00:00:31.187000;4bf0578d-230d-4efe-8f88-dc7f6670cc14;411.27;0.02;BUY
2016-03-09T00:00:31.107000;2016-03-09T00:00:31.187000;27695fc6-8167-45a4-bfae-740e1bbebb81;411.27;1.368;BUY
2016-03-09T00:00:35.600000;2016-03-09T00:00:35.640000;0debee0c-8c3b-422c-b8ff-de32d68f016c;411.17;0.2;SELL
2016-03-09T00:00:35.600000;2016-03-09T00:00:35.653000;98e86ef0-cff1-472f-be4c-fa2091cbd55c;411.17;0.26;SELL
2016-03-09T00:00:35.603000;2016-03-09T00:00:35.653000;7775323b-d972-4d36-bc8a-90e5a7541456;411.11;0.304;SELL
2016-03-09T00:00:35.603000;2016-03-09T00:00:35.653000;26617add-8959-4bc8-aa0a-653bda1c30a0;411.1;0.34331456;SELL
2016-03-09T00:00:35.603000;2016-03-09T00:00:35.670000;953f4855-4189-41a6-9ea8-888f52490620;411.1;11.21866466;SELL
2016-03-09T00:00:35.603000;2016-03-09T00:00:35.717000;9f77bac3-0db2-4dd6-967f-6b4b9d4ef9e8;411.1;0.91310148;SELL
2016-03-09T00:00:35.603000;2016-03-09T00:00:35.733000;8b0dd77d-0fa6-4a24-b223-d09706322f34;411.07;0.52;SELL
2016-03-09T00:00:35.603000;2016-03-09T00:00:35.733000;d41e282a-104d-4198-a348-e441df4d68c4;411.04;0.335;SELL
2016-03-09T00:00:35.603000;2016-03-09T00:00:35.733000;ab4e91d9-ea8d-4178-957d-d2d97105fe0a;410.99;0.287;SELL
2016-03-09T00:00:35.603000;2016-03-09T00:00:35.747000;8817ca2d-a5b6-4e6a-8570-371883b06836;410.98;0.02;SELL
2016-03-09T00:00:35.603000;2016-03-09T00:00:35.747000;8c23a987-a059-4fbc-84f3-60c6ed62ca09;410.95;0.01;SELL
2016-03-09T00:00:35.603000;2016-03-09T00:00:35.747000;67137977-d415-4b8f-9126-15720d2e384e;410.94;0.305;SELL
2016-03-09T00:00:35.603000;2016-03-09T00:00:35.747000;c689cf64-483c-4354-8333-7c219863970e;410.94;0.02;SELL
2016-03-09T00:00:35.603000;2016-03-09T00:00:35.747000;4b2175bd-3427-418a-ac7c-8d528d437652;410.9;0.02;SELL
2016-03-09T00:00:35.603000;2016-03-09T00:00:35.747000;d9a3c102-fc04-4831-9c91-8d481af74351;410.89;0.343;SELL
2016-03-09T00:00:35.603000;2016-03-09T00:00:35.747000;9a9fd74d-e81f-4cfc-9798-814e64aafc5f;410.86;0.02;SELL
2016-03-09T00:00:35.603000;2016-03-09T00:00:35.747000;937da46b-b329-42c8-afed-a353ab14d94e;410.84;0.322;SELL
2016-03-09T00:00:35.607000;2016-03-09T00:00:35.747000;09e673d8-c215-4ee1-bd6d-fa8eec161dfd;410.82;0.02;SELL
2016-03-09T00:00:35.607000;2016-03-09T00:00:35.747000;33be1e92-198b-4065-a983-8f824f2d75d9;410.79;0.312;SELL
2016-03-09T00:00:35.607000;2016-03-09T00:00:35.747000;c886db5a-f72f-4b0f-b330-f278ca10557c;410.78;0.02;SELL
2016-03-09T00:00:35.607000;2016-03-09T00:00:35.747000;9e041b45-db91-4e02-a16d-6e77e7fcccb0;410.74;0.02;SELL
2016-03-09T00:00:35.607000;2016-03-09T00:00:35.747000;bacef465-c8e8-46ca-8242-c9e616a5824c;410.74;0.34;SELL
2016-03-09T00:00:35.607000;2016-03-09T00:00:35.763000;6ee1b2fe-3437-4c92-9386-303ac1c94000;410.73;3.855;SELL
2016-03-09T00:00:35.607000;2016-03-09T00:00:35.763000;18851f69-7229-46f9-aae6-8ff82baf603e;410.7;0.02;SELL
2016-03-09T00:00:35.607000;2016-03-09T00:00:35.763000;9283c83c-58a0-4392-aaaa-d3ef58a9dca1;410.69;0.334;SELL
2016-03-09T00:00:35.607000;2016-03-09T00:00:35.763000;61389422-8e3c-4f5d-a569-1786c902dde9;410.67;0.01;SELL
2016-03-09T00:00:35.607000;2016-03-09T00:00:35.763000;5f2670d4-aecf-402b-afad-a0cc2869715a;410.66;0.02;SELL
2016-03-09T00:00:35.607000;2016-03-09T00:00:35.763000;3a0330a5-0922-4a93-8d64-cdaf6aa6b5e0;410.65;1.0;SELL
2016-03-09T00:00:35.607000;2016-03-09T00:00:35.827000;23929fe9-c5ce-404b-a89b-6aa5aefabd88;410.62;0.02;SELL
2016-03-09T00:00:35.607000;2016-03-09T00:00:35.827000;f66caee1-3df2-41c0-89d0-ab7de75435a3;410.61;0.010025;SELL
2016-03-09T00:00:35.607000;2016-03-09T00:00:35.827000;3add4658-0e83-430f-9f82-5e3cb079bd19;410.58;0.02;SELL
2016-03-09T00:00:35.607000;2016-03-09T00:00:35.827000;6ecbae01-b0b0-481a-bc87-b2c2d97f9630;410.58;4.093;SELL
2016-03-09T00:00:35.610000;2016-03-09T00:00:35.827000;6d49f423-6941-4b0d-80ea-c3d3314f66c4;410.57;0.11988576;SELL
2016-03-09T00:00:35.610000;2016-03-09T00:00:35.827000;c8fbba6c-045b-47ca-88e5-98264226becd;410.55;0.01;SELL
2016-03-09T00:00:35.610000;2016-03-09T00:00:35.827000;a1783eb3-a3ca-42a8-b082-88e5e5ae9fdf;410.55;0.1;SELL
2016-03-09T00:00:35.610000;2016-03-09T00:00:35.827000;aebea16a-e8b5-4804-bc2f-74747abab860;410.54;0.02;SELL
2016-03-09T00:00:35.610000;2016-03-09T00:00:35.827000;6fd28ef4-d49e-4ac5-a10f-61382d6d8f0e;410.52;0.02;SELL
2016-03-09T00:00:35.610000;2016-03-09T00:00:35.827000;80765320-2403-4f91-abf9-090fda5064c7;410.5;0.02;SELL
2016-03-09T00:00:35.610000;2016-03-09T00:00:35.827000;7ae42a50-1eda-415c-82d0-f1f621e94eb9;410.5;0.125;SELL
2016-03-09T00:00:35.610000;2016-03-09T00:00:35.827000;d3e15481-3628-4042-96ca-771ad6c7ab29;410.46;0.02;SELL
2016-03-09T00:00:35.610000;2016-03-09T00:00:35.827000;ed1607ce-8a77-4f1c-9bd1-28d2d87f1270;410.42;0.02;SELL
2016-03-09T00:00:35.610000;2016-03-09T00:00:35.827000;ff4a5fa2-1369-404c-b009-ddffb79ea486;410.42;0.09666337;SELL
2016-03-09T00:00:35.610000;2016-03-09T00:00:35.827000;8203d52e-07a9-47cf-badd-277dd1f9f809;410.42;3.1413;SELL
2016-03-09T00:00:35.610000;2016-03-09T00:00:35.827000;7faef142-3f73-43a2-8323-6f5634eb407a;410.41;2.1174839;SELL
2016-03-09T00:00:35.610000;2016-03-09T00:00:35.827000;55ec1fad-b7e8-4c54-ab12-e742c37c2655;410.41;0.427;SELL
2016-03-09T00:00:35.610000;2016-03-09T00:00:35.857000;96fdb4f7-feb2-4699-9052-092b33495a5f;410.4;0.01456673;SELL
2016-03-09T00:00:35.610000;2016-03-09T00:00:35.857000;992a2ab2-1005-4025-a3b8-1b72ee0d1c3b;410.4;0.17371847;SELL
2016-03-09T00:00:35.613000;2016-03-09T00:00:35.857000;c11da25f-130d-4bbf-90df-f1c531306329;410.4;0.17265739;SELL
2016-03-09T00:00:35.613000;2016-03-09T00:00:35.857000;72655133-ff5a-4e7f-85f7-e02c891f8805;410.4;0.08402001;SELL
2016-03-09T00:00:35.613000;2016-03-09T00:00:35.857000;c7cad0c2-0e4f-4768-b99f-ec2157b59d0f;410.38;0.01456744;SELL
2016-03-09T00:00:35.613000;2016-03-09T00:00:35.873000;799779f1-74fa-4bf8-bb0f-fb22f58edc17;410.38;0.02;SELL
2016-03-09T00:00:35.613000;2016-03-09T00:00:35.873000;a93f893c-9f73-4a31-8521-42b267902b82;410.34;0.02;SELL
2016-03-09T00:00:35.613000;2016-03-09T00:00:35.873000;8fe266aa-546a-4f23-a73a-870286b7db47;410.31;0.01;SELL
2016-03-09T00:00:35.613000;2016-03-09T00:00:35.920000;f27ca8f8-e28b-4dd1-8058-563ec50879f5;410.3;0.02;SELL
2016-03-09T00:00:35.613000;2016-03-09T00:00:35.920000;da8854b6-f0d0-47f8-8494-d4350905b900;410.26;4.231;SELL
2016-03-09T00:00:35.613000;2016-03-09T00:00:35.920000;fdb86199-1fe6-401e-b53c-d037f0cb13a3;410.26;0.02;SELL
2016-03-09T00:00:35.613000;2016-03-09T00:00:35.937000;f069383f-ccc1-4c92-811a-578fd6cd7172;410.23;0.64572926;SELL
2016-03-09T00:00:35.613000;2016-03-09T00:00:35.937000;bde1480e-5eab-490d-a602-831a6f734874;410.23;0.64572926;SELL
2016-03-09T00:00:35.613000;2016-03-09T00:00:35.937000;1a5ac145-984b-42a4-bebc-9ad2d8e78d93;410.22;0.02;SELL
2016-03-09T00:00:35.613000;2016-03-09T00:00:35.937000;af9d97c2-a10f-4b9a-a3f9-df29016280e8;410.18;0.02;SELL
2016-03-09T00:00:35.613000;2016-03-09T00:00:35.937000;b835c0a5-1b24-444a-a663-02999ccbc6de;410.14;0.02;SELL
2016-03-09T00:00:35.613000;2016-03-09T00:00:35.937000;63482e52-c2a6-4a7e-9a39-85e8c783fb63;410.13;0.02474146;SELL
2016-03-09T00:00:35.613000;2016-03-09T00:00:35.937000;5ddbceca-60b7-4945-bc60-1c89c12f309c;410.1;0.02;SELL
2016-03-09T00:00:35.617000;2016-03-09T00:00:35.937000;bc4afc97-0c1e-456a-a982-0e7147977a31;410.1;0.39;SELL
2016-03-09T00:00:35.617000;2016-03-09T00:00:35.937000;bc6c0de3-00b5-4884-913f-1d9315f56c1c;410.1;0.01;SELL
2016-03-09T00:00:35.617000;2016-03-09T00:00:35.937000;ac15e591-d6fa-4d23-89e9-b03dd0ae782a;410.09;4.125;SELL
2016-03-09T00:00:35.617000;2016-03-09T00:00:35.937000;621c98a0-f262-4138-81b8-61df5bd57e70;410.06;0.02;SELL
2016-03-09T00:00:35.617000;2016-03-09T00:00:35.937000;a1a9b1ae-f944-45a8-9526-289f3f78f0b4;410.02;0.02;SELL
2016-03-09T00:00:35.617000;2016-03-09T00:00:35.950000;e4b2804a-d2fb-485d-94f5-19a9b4772da3;409.98;0.02;SELL
2016-03-09T00:00:35.617000;2016-03-09T00:00:35.950000;780b17f6-1658-46da-96f9-c605cb6e7c91;409.94;0.60723173;SELL
2016-03-09T00:01:01.740000;2016-03-09T00:01:01.763000;9dfb0726-0c5e-4c06-b550-bc0d1e4140bf;410.96;0.25;BUY
2016-03-09T00:01:01.740000;2016-03-09T00:01:01.763000;a9a4391a-8bd8-4eee-bb8e-87dad1ff4464;410.96;7.02716;BUY
2016-03-09T00:01:30.987000;2016-03-09T00:01:31.013000;f74f95ae-09cf-4a7d-a7e8-1b79ee3bcd1f;410.96;0.16508;BUY
2016-03-09T00:02:01.247000;2016-03-09T00:02:01.263000;bb85a955-f297-444d-a827-c0b5de931135;410.96;0.08492;BUY
2016-03-09T00:02:01.250000;2016-03-09T00:02:01.280000;377c00c2-a3da-41db-9d6b-964fc54c0bdb;410.96;0.427;BUY
2016-03-09T00:02:01.250000;2016-03-09T00:02:01.293000;b6c07d6f-04a3-438e-92e9-5e11fa341311;410.97;0.02;BUY
2016-03-09T00:02:01.250000;2016-03-09T00:02:01.293000;64c56338-5d26-4ce1-a313-d5f3fde82b97;410.97;0.02;BUY
2016-03-09T00:02:01.250000;2016-03-09T00:02:01.293000;7bbf086b-ea7c-4c42-8c8a-eaf7377d6b28;410.97;0.02;BUY
2016-03-09T00:02:01.250000;2016-03-09T00:02:01.293000;cad72494-357a-4c39-a66e-307f39156cb7;410.97;0.02;BUY
2016-03-09T00:02:01.250000;2016-03-09T00:02:01.293000;ac5f6f7b-0801-46ec-910b-1da0bd473a36;410.97;0.02;BUY
2016-03-09T00:02:01.250000;2016-03-09T00:02:01.343000;583f2e18-8f16-4e06-84b9-e5b524d9682c;410.97;0.02;BUY
2016-03-09T00:02:01.250000;2016-03-09T00:02:01.343000;f967a09b-87df-45e4-9f3e-e1b346ddb67a;410.97;0.02;BUY
2016-03-09T00:02:01.250000;2016-03-09T00:02:01.343000;ac787caa-f79b-4ba8-8bdf-80f4b50841ec;410.97;0.02;BUY
2016-03-09T00:02:01.250000;2016-03-09T00:02:01.343000;ca0cb271-e249-421f-9e46-156dbc74060b;410.97;0.02;BUY
2016-03-09T00:02:01.250000;2016-03-09T00:02:01.343000;de6802e9-d078-4021-ad19-cffa223d2b9c;410.97;0.02;BUY
2016-03-09T00:02:01.250000;2016-03-09T00:02:01.357000;5e75c228-4cc3-4ef9-a6a2-f4b21af6f8c9;410.97;0.02;BUY
2016-03-09T00:02:01.250000;2016-03-09T00:02:01.357000;6e1e5c36-4f1f-495a-9be5-ad7a037f3952;410.97;0.02;BUY
2016-03-09T00:02:01.250000;2016-03-09T00:02:01.357000;bc19c1de-934a-428c-8b4c-98cf6e7c785f;410.97;0.02;BUY
2016-03-09T00:02:01.250000;2016-03-09T00:02:01.357000;d558b564-67ac-4c1d-87cd-ba9f32945aa6;410.97;0.02;BUY
2016-03-09T00:02:01.250000;2016-03-09T00:02:01.357000;4911a1c5-108c-4cf9-9014-c2ee76a73793;410.97;0.02;BUY
2016-03-09T00:02:01.250000;2016-03-09T00:02:01.373000;3616bc29-b961-477c-954a-997aacd69b11;410.97;0.02;BUY
2016-03-09T00:02:01.250000;2016-03-09T00:02:01.373000;92dc1d50-6389-4370-a92e-61b6d980c59b;410.97;0.02;BUY
2016-03-09T00:02:01.250000;2016-03-09T00:02:01.373000;870f8339-76ca-454f-8d14-a5593689bf52;410.97;0.02;BUY
2016-03-09T00:02:01.250000;2016-03-09T00:02:01.373000;46a14e1b-5580-441f-96ad-9b7c3064c525;410.97;0.02;BUY
2016-03-09T00:02:01.250000;2016-03-09T00:02:01.373000;8447d622-f3db-4ba6-b097-ec46fc070e79;410.99;0.02;BUY
2016-03-09T00:02:01.253000;2016-03-09T00:02:01.373000;4eb6acd5-4182-458d-ae25-18ccb0c526ce;411.0;0.01;BUY
2016-03-09T00:02:01.253000;2016-03-09T00:02:01.373000;af9e790e-8302-473d-83cd-6ef6994bd75f;411.02;0.21028;BUY
2016-03-09T00:03:01.100000;2016-03-09T00:03:01.107000;f6f22d80-d8e8-4dea-9110-f3f2cb542e0e;410.98;0.2;SELL
2016-03-09T00:03:01.100000;2016-03-09T00:03:01.140000;4b0e86af-4a2d-4ffc-9455-4e0bf6405a68;410.96;0.01;SELL
2016-03-09T00:03:01.100000;2016-03-09T00:03:01.140000;44ae4970-7329-43b1-8754-d12c8346f71b;410.95;0.01;SELL
2016-03-09T00:03:01.100000;2016-03-09T00:03:01.140000;22fcd8ea-2ea7-4de4-83d2-acc23d77634a;410.92;0.0409;SELL
2016-03-09T00:03:31.053000;2016-03-09T00:03:31.093000;e897509f-b4b5-4b3c-b02c-7e7f91aa0677;410.99;0.24091;BUY
2016-03-09T00:04:05.587000;2016-03-09T00:04:05.607000;9510d0ba-ac97-41cd-abf5-23c4b533318b;410.99;0.00909;BUY
2016-03-09T00:04:05.587000;2016-03-09T00:04:05.607000;d4c6ed64-7198-4865-8ecb-765384594c0a;410.99;0.13;BUY
2016-03-09T00:04:05.587000;2016-03-09T00:04:05.640000;0ade1bd8-1ab4-4857-b480-ddc01f731b14;410.99;0.03;BUY
2016-03-09T00:04:05.587000;2016-03-09T00:04:05.640000;e8546103-465e-49fa-b4ba-f18ef641b786;411.02;0.092;BUY
2016-03-09T00:04:05.587000;2016-03-09T00:04:05.640000;5d55854b-f500-4a69-85df-0893cbcb985e;411.03;0.02;BUY
2016-03-09T00:04:05.587000;2016-03-09T00:04:05.640000;074de66e-4713-40d9-a4b7-61a747df8a8f;411.07;0.02;BUY
2016-03-09T00:04:05.587000;2016-03-09T00:04:05.640000;618f2c46-4028-4688-a27a-3fb3e8673979;411.07;0.086;BUY
2016-03-09T00:04:05.587000;2016-03-09T00:04:05.640000;3c5a60cf-26f3-4747-83a1-5ea72542d73f;411.11;0.02;BUY
2016-03-09T00:04:05.587000;2016-03-09T00:04:05.640000;112a835d-a674-4266-b7da-c2b2ac3d0610;411.12;0.072;BUY
2016-03-09T00:04:05.587000;2016-03-09T00:04:05.653000;0930f27a-04a4-49b2-83fb-c65f10d86489;411.13;0.35;BUY
2016-03-09T00:04:05.587000;2016-03-09T00:04:05.653000;578df8ed-a296-4c02-b16b-988a3be5b3c6;411.14;0.01;BUY
2016-03-09T00:04:05.587000;2016-03-09T00:04:05.653000;a976fa9b-f08f-4a77-b9f7-860829fe29b0;411.14;0.35;BUY
2016-03-09T00:04:05.587000;2016-03-09T00:04:05.670000;dd310867-007f-4379-8ad9-24dabb6812ca;411.15;0.02;BUY
2016-03-09T00:04:05.587000;2016-03-09T00:04:05.670000;d3a52ce5-d72e-4ef8-8426-c956b7af65ce;411.17;0.075;BUY
2016-03-09T00:04:05.587000;2016-03-09T00:04:05.670000;524b72dd-42ec-4f4f-88ff-4afbd150f26c;411.18;0.01;BUY
2016-03-09T00:04:05.587000;2016-03-09T00:04:05.687000;059bf548-105f-44ab-9b2e-d0fbdc982f3f;411.19;0.02;BUY
2016-03-09T00:04:05.587000;2016-03-09T00:04:05.687000;0b29ae14-f458-4ba1-8c29-c49ad5157779;411.19;1.0;BUY
2016-03-09T00:04:05.587000;2016-03-09T00:04:05.717000;54a04692-fd27-4fd5-adea-dfce99bbbc8b;411.2;0.67216;BUY
2016-03-09T00:05:01.090000;2016-03-09T00:05:01.093000;16f7d034-bf90-403a-94f6-631656c5ad81;411.03;0.25;BUY
2016-03-09T00:05:01.093000;2016-03-09T00:05:01.123000;428fcdc8-817c-4aef-9169-fbf9e56561f7;411.03;0.35475;BUY
2016-03-09T00:05:31.110000;2016-03-09T00:05:31.123000;76363d1a-07f5-4d31-9d1e-0f6a995c1ffd;411.06;0.23663;BUY
2016-03-09T00:06:01.180000;2016-03-09T00:06:01.187000;bdd0f1a4-2b0e-4820-8123-acbc876d6c34;411.02;0.24086;BUY
2016-03-09T00:06:33.260000;2016-03-09T00:06:33.263000;138fe1c2-9677-47d6-9fd8-93f7c1375a89;411.02;0.00914;BUY
2016-03-09T00:06:33.260000;2016-03-09T00:06:33.280000;da10a223-ea8b-489f-9c9e-794a2d8b0b92;411.02;0.63;BUY
2016-03-09T00:06:33.260000;2016-03-09T00:06:33.280000;ba02d01b-84b2-4b8d-8e07-3436a9e9e386;411.04;3.5584;BUY
2016-03-09T00:07:01.363000;2016-03-09T00:07:01.373000;230e7b74-de1b-42a9-9a7d-a16e7328241e;411.07;0.25;BUY
2016-03-09T00:07:01.367000;2016-03-09T00:07:01.390000;f3486b51-c10e-46fc-bcca-7d36687e7787;411.07;0.555;BUY
2016-03-09T00:07:01.367000;2016-03-09T00:07:01.390000;5a8d9a25-4af8-4de1-b742-d5938636241b;411.09;4.21396;BUY
2016-03-09T00:08:05.447000;2016-03-09T00:08:05.450000;1cd96a89-9642-40b7-97d7-d1217e74b6b0;411.07;0.16133;BUY
2016-03-09T00:08:31.380000;2016-03-09T00:08:31.403000;d94e9fde-9aae-4137-9285-a18e8647f9ac;410.98;0.04458299;SELL
2016-03-09T00:08:31.380000;2016-03-09T00:08:31.403000;4dea5260-af56-4ab9-9d1d-37d9a8fa5bd6;410.98;0.51142845;SELL
2016-03-09T00:08:31.380000;2016-03-09T00:08:31.403000;bd47c1aa-8cef-4b40-baa6-ee4c07133e3d;410.98;0.20041678;SELL
2016-03-09T00:08:31.380000;2016-03-09T00:08:31.403000;a1d1648d-42ff-4f62-8b58-3435d0f2b37d;410.98;0.04375645;SELL
2016-03-09T00:08:31.380000;2016-03-09T00:08:31.420000;15fc731c-f77d-4f78-b795-ff7cf8675f28;410.98;0.05;SELL
2016-03-09T00:08:31.380000;2016-03-09T00:08:31.420000;048ea03f-104f-4ce7-a4a8-5dc84f303f42;410.94;0.02;SELL
2016-03-09T00:08:31.380000;2016-03-09T00:08:31.420000;b17d084a-ae99-471c-aa1e-7e5ae0581203;410.94;0.02692708;SELL
2016-03-09T00:08:31.380000;2016-03-09T00:08:31.420000;7d01d065-88ba-4648-8847-23140a8572c1;410.93;0.211;SELL
2016-03-09T00:08:31.380000;2016-03-09T00:08:31.420000;393917ae-310d-41af-918c-3c6527af3e8f;410.92;1.55589825;SELL
2016-03-09T00:09:03.827000;2016-03-09T00:09:03.827000;fe93ea5d-54d0-484a-8b5c-3520ff0999bb;411.03;0.25;BUY
2016-03-09T00:09:03.827000;2016-03-09T00:09:03.843000;47cd5ca5-ac72-4a10-992d-9b1168b8940d;411.03;0.089;BUY
2016-03-09T00:09:03.827000;2016-03-09T00:09:03.843000;b8f65901-ae70-4835-ab62-451dabffd8b8;411.08;0.16;BUY
2016-03-09T00:09:03.827000;2016-03-09T00:09:03.843000;25dd2b2a-4658-4563-925e-12f01d5fc8ca;411.12;0.531;BUY
2016-03-09T00:09:03.827000;2016-03-09T00:09:03.843000;129aa69a-5836-46b8-bfe0-e2908eaeb0b2;411.17;0.29588;BUY
2016-03-09T00:09:31.210000;2016-03-09T00:09:31.217000;f19a33e6-09b3-458a-886b-e013ef69ed78;410.95;0.43182;SELL
2016-03-09T00:10:01.143000;2016-03-09T00:10:01.140000;77262d69-53db-4096-ab0f-66bdc8855cba;411.06;1.05;BUY
2016-03-09T00:10:01.143000;2016-03-09T00:10:01.153000;6b54b27c-3190-4f09-be04-f50e43e5d707;411.07;0.1539;BUY
2016-03-09T00:10:34.963000;2016-03-09T00:10:34.967000;083a18ad-334b-4901-b0c9-6599fc88d75f;410.96;0.42;SELL
2016-03-09T00:10:34.963000;2016-03-09T00:10:34.983000;917354dc-6f2c-4be8-a9ef-65019dafe4cb;410.9;0.02;SELL
2016-03-09T00:10:34.963000;2016-03-09T00:10:34.983000;d679e23b-a3a5-44d1-9b09-02c5aaa10959;410.89;0.05;SELL
2016-03-09T00:10:34.963000;2016-03-09T00:10:34.983000;c1ad2105-3f38-4af7-9da4-6792d512744d;410.88;0.3238;SELL
2016-03-09T00:10:34.963000;2016-03-09T00:10:34.983000;39ecdcea-b6ff-4b9b-bd22-e06ae01a0775;410.86;0.02;SELL
2016-03-09T00:10:34.963000;2016-03-09T00:10:34.983000;0dbe73a6-9cc1-4f50-b898-07a3a51b0dde;410.82;0.02;SELL
2016-03-09T00:10:34.963000;2016-03-09T00:10:34.997000;d868e238-02fa-43b5-8318-acbe0e3e415b;410.82;7.29486;SELL
2016-03-09T00:10:34.967000;2016-03-09T00:10:34.997000;b805e4c7-e983-4934-ae87-4afc9f69f8e4;410.81;0.35;SELL
2016-03-09T00:10:34.967000;2016-03-09T00:10:34.997000;196f97cb-05fd-4091-b4e5-91b768cd4135;410.78;0.02;SELL
2016-03-09T00:10:34.967000;2016-03-09T00:10:34.997000;d4f64f81-d23d-47c7-b422-a5e27b9d1b78;410.77;0.085;SELL
2016-03-09T00:10:34.967000;2016-03-09T00:10:35.013000;6c9187a3-ed0d-4c5d-aef1-da4da72f290a;410.75;0.0115;SELL
2016-03-09T00:10:34.967000;2016-03-09T00:10:35.013000;8147218b-6d8a-4b98-a3b7-f81a87749270;410.74;0.02;SELL
2016-03-09T00:10:34.967000;2016-03-09T00:10:35.013000;9a53fd8f-dc44-4b1d-8e80-c06ecda3d7b3;410.7;0.02;SELL
2016-03-09T00:10:34.967000;2016-03-09T00:10:35.013000;b89f5fb9-be40-4d18-9b6d-3f5e606271d8;410.68;0.01;SELL
2016-03-09T00:10:34.967000;2016-03-09T00:10:35.047000;41a2bd8d-ec96-4d95-86a2-fe2d161850ad;410.66;0.02;SELL
2016-03-09T00:10:34.967000;2016-03-09T00:10:35.047000;9201cfe2-a391-4ffa-8efd-81b5a1cd368d;410.62;0.02;SELL
2016-03-09T00:10:34.967000;2016-03-09T00:10:35.047000;0c4fc350-10c6-4d83-a11a-d517ffc3dd40;410.6;0.03269;SELL
2016-03-09T00:10:36.367000;2016-03-09T00:10:36.357000;438395a8-c86b-4fac-87a6-0fe1795c24cf;410.95;0.02;BUY
2016-03-09T00:10:36.367000;2016-03-09T00:10:36.373000;37d5c249-6571-485c-a410-3485fc2314c7;410.99;0.24;BUY
2016-03-09T00:11:01.103000;2016-03-09T00:11:01.093000;93dd3632-90be-4472-b05a-1252d5bbd4ce;410.78;0.06672;BUY
2016-03-09T00:11:31.110000;2016-03-09T00:11:31.093000;f498300a-f437-4b2a-9e19-65bece3c02c7;410.78;0.18328;BUY
2016-03-09T00:11:31.110000;2016-03-09T00:11:31.107000;1b526d47-6d94-4fc3-a3c4-9efb5dbf100a;410.8;0.27;BUY
2016-03-09T00:11:31.110000;2016-03-09T00:11:31.107000;b5d70aa6-8e0e-4bb3-93e0-1beb2aec7e15;410.86;0.09479;BUY
2016-03-09T00:12:02.210000;2016-03-09T00:12:02.253000;0b101551-5e2f-4f8d-8751-b152dd9935cf;410.77;0.2;SELL
2016-03-09T00:12:02.210000;2016-03-09T00:12:02.270000;e9877931-f697-443e-9584-bebfe559edd4;410.76;0.01;SELL
2016-03-09T00:12:02.210000;2016-03-09T00:12:02.270000;70b82b06-6583-4c01-8ee0-aaa4f28756a1;410.75;0.01;SELL
2016-03-09T00:12:02.210000;2016-03-09T00:12:02.270000;4ff1bd48-4421-4859-8a58-18a4ffed2e00;410.7;0.02;SELL
2016-03-09T00:12:02.210000;2016-03-09T00:12:02.283000;19b93b50-661e-4e3c-9717-3c3ce262d4b4;410.7;0.22;SELL
2016-03-09T00:12:02.210000;2016-03-09T00:12:02.347000;1fc7d59c-119b-47ec-ab2a-8a33bdc6782d;410.7;0.074;SELL
2016-03-09T00:12:02.210000;2016-03-09T00:12:02.347000;89064d9d-69c1-4187-b0b2-38810d6e971b;410.66;0.02;SELL
2016-03-09T00:12:02.210000;2016-03-09T00:12:02.347000;aff7399f-7987-4f64-b832-53713798f0ba;410.64;0.26642;SELL
2016-03-09T00:12:31.177000;2016-03-09T00:12:31.223000;e1e16b33-16bc-4557-81df-a90c9ced6b6a;410.62;0.02;SELL
2016-03-09T00:12:31.180000;2016-03-09T00:12:31.237000;d2e8a439-f1a1-467f-a443-5dcdfc3e3bdc;410.58;0.02;SELL
2016-03-09T00:12:31.180000;2016-03-09T00:12:31.237000;5274d209-e942-44a9-a7ce-8c8cde67f745;410.56;0.094;SELL
2016-03-09T00:12:31.180000;2016-03-09T00:12:31.237000;b10fca18-6849-454b-8714-a4c6b3261fff;410.54;0.02;SELL
2016-03-09T00:12:31.180000;2016-03-09T00:12:31.253000;cb33c420-a807-429e-931f-c3de523f21eb;410.51;0.01;SELL
2016-03-09T00:12:31.180000;2016-03-09T00:12:31.317000;8ae9b610-ba98-4722-b99b-275529d1d200;410.5;0.02;SELL
2016-03-09T00:12:31.180000;2016-03-09T00:12:31.317000;041a29b5-731f-4a0f-afff-59cc211809b7;410.47;0.03075;SELL
2016-03-09T00:12:46.700000;2016-03-09T00:12:46.737000;8256d968-a980-4419-872c-6ec67c7f555b;410.73;0.186;BUY
2016-03-09T00:13:01.163000;2016-03-09T00:13:01.207000;3980d6c2-3ded-468c-8a9e-39bd4f16c20e;410.58;0.02;SELL
2016-03-09T00:13:01.520000;2016-03-09T00:13:01.567000;ffae93ce-62f6-4d77-ad12-c18bd8789d6b;410.74;0.01;BUY
2016-03-09T00:13:31.103000;2016-03-09T00:13:31.143000;53bd6e0a-c485-46ea-89b8-9e4decad1ba7;410.71;0.03;BUY
2016-03-09T00:13:31.103000;2016-03-09T00:13:31.160000;2172e13c-1e22-4345-96af-8fd4bb46174b;410.71;0.25;BUY
2016-03-09T00:13:31.103000;2016-03-09T00:13:31.160000;72529f74-48c9-4867-95ba-fadb0200178b;410.71;0.03028;BUY
2016-03-09T00:14:02.567000;2016-03-09T00:14:02.597000;12d65cd0-280b-494d-b999-1d692596f039;410.71;0.25;BUY
2016-03-09T00:14:02.567000;2016-03-09T00:14:02.613000;200356d0-c139-4acc-a047-dbd3534b00e6;410.71;0.548;BUY
2016-03-09T00:14:02.567000;2016-03-09T00:14:02.613000;381fece6-7bd5-42d9-851c-bface17c2455;410.71;0.18;BUY
2016-03-09T00:14:02.567000;2016-03-09T00:14:02.630000;1c1b429d-9b03-4254-9ad4-41cb4f003d02;410.71;0.04;BUY
2016-03-09T00:14:02.567000;2016-03-09T00:14:02.630000;04f9899f-bca2-4bda-92c6-5a50367e9555;410.72;0.28574;BUY
2016-03-09T00:14:31.130000;2016-03-09T00:14:31.177000;07c63ce4-1fc6-40a2-a51d-4620c655e94a;410.71;0.25;BUY
2016-03-09T00:14:31.130000;2016-03-09T00:14:31.190000;8a00804f-6511-45ac-9063-9769c7fe0e3a;410.71;0.468;BUY
2016-03-09T00:14:31.133000;2016-03-09T00:14:31.190000;a52c1b37-773b-4bd0-bc60-dba3488404da;410.72;6.75493;BUY
2016-03-09T00:15:31.203000;2016-03-09T00:15:31.237000;e681219e-1735-4ab5-bb9d-14ef2f0c2c23;410.71;0.25;BUY
2016-03-09T00:15:31.207000;2016-03-09T00:15:31.237000;18154e86-dd13-4b2d-952c-417e4c76eba4;410.71;0.128;BUY
2016-03-09T00:15:31.207000;2016-03-09T00:15:31.253000;067f6833-a85e-41a5-80ce-5eff1d72fc58;410.72;0.2355;BUY
2016-03-09T00:15:31.207000;2016-03-09T00:15:31.253000;e51543f9-3d98-4f75-8cc9-937057ed8233;410.75;0.02;BUY
2016-03-09T00:15:31.207000;2016-03-09T00:15:31.253000;991aa8b1-6383-43cb-9f65-091f48f13a37;410.76;0.102;BUY
2016-03-09T00:15:31.207000;2016-03-09T00:15:31.283000;5c4293fd-df7e-4431-8c92-5eff6aff361c;410.77;0.01;BUY
2016-03-09T00:15:31.207000;2016-03-09T00:15:31.283000;322fdada-c92b-4a8b-bd1b-f2d32548f0d0;410.79;0.02;BUY
2016-03-09T00:15:31.207000;2016-03-09T00:15:31.283000;b7e60b88-5b7c-4e64-93e9-0b3fcb8b1ea5;410.81;0.137;BUY
2016-03-09T00:15:31.207000;2016-03-09T00:15:31.283000;37d17855-bcb6-4847-aa75-967a3c541c42;410.83;0.02;BUY
2016-03-09T00:15:31.207000;2016-03-09T00:15:31.300000;5ed966d7-f0cd-40f0-b375-679858734707;410.86;0.76819;BUY
2016-03-09T00:16:01.127000;2016-03-09T00:16:01.177000;0c814b0f-6cba-49ad-937b-b8bb2f7ba247;410.86;0.11529;BUY
2016-03-09T00:16:31.043000;2016-03-09T00:16:31.083000;8efef85a-96f8-4161-8ee5-c96e566c8bde;410.87;0.02;BUY
2016-03-09T00:16:31.043000;2016-03-09T00:16:31.097000;5d5953f3-5205-44c1-aa18-09de7a77079d;410.87;0.02;BUY
2016-03-09T00:16:31.043000;2016-03-09T00:16:31.097000;0e36617f-88b2-4ec7-aea2-500d3fb747c6;410.89;0.3;BUY
2016-03-09T00:16:31.043000;2016-03-09T00:16:31.097000;9116044d-21a4-4ed8-aec4-7ac215367264;410.91;0.02;BUY
2016-03-09T00:16:31.043000;2016-03-09T00:16:31.097000;12efa6ed-7beb-4a6d-b0c2-38b8d0187c0f;410.91;0.02;BUY
2016-03-09T00:16:31.043000;2016-03-09T00:16:31.097000;dd9a4db1-27ed-45f8-828e-5cb01c3db9fb;410.91;0.01;BUY
2016-03-09T00:16:31.043000;2016-03-09T00:16:31.097000;71419a66-10c1-4c8d-996c-9327a20480b3;410.92;1.4;BUY
2016-03-09T00:16:31.043000;2016-03-09T00:16:31.113000;0f93e69c-311c-4f73-8f2a-65a96d6cdf9a;410.93;0.01;BUY
2016-03-09T00:16:31.043000;2016-03-09T00:16:31.113000;9402092a-ed24-444f-900d-012abd00252b;410.93;1.05;BUY
2016-03-09T00:16:31.043000;2016-03-09T00:16:31.113000;f155529d-70d8-4389-bcbd-eedd7ec6f020;410.94;0.01;BUY
2016-03-09T00:16:31.043000;2016-03-09T00:16:31.113000;939e4826-6baa-4ee3-babc-e64f02aa8c57;410.94;1.39776;BUY
2016-03-09T00:17:01.233000;2016-03-09T00:17:01.270000;47a11fdb-5ba6-4b85-bad2-213dfd5c7415;410.86;0.18154;BUY
2016-03-09T00:17:31.120000;2016-03-09T00:17:31.143000;c3e57bf2-959a-463a-8924-3d5ac47fa015;410.77;0.37233;BUY
2016-03-09T00:18:10.847000;2016-03-09T00:18:10.880000;4c6ee1fa-d72f-432e-aded-9411585bf5ee;410.77;0.09532;BUY
2016-03-09T00:18:31.187000;2016-03-09T00:18:31.207000;a345b5b5-2925-4df1-ab43-1ab7ce5dab76;410.77;0.01545;BUY
2016-03-09T00:19:01.303000;2016-03-09T00:19:01.333000;59113059-ff38-48ec-9f17-21dabdc1869e;410.77;0.09975;BUY
2016-03-09T00:19:31.127000;2016-03-09T00:19:31.143000;fce674e7-5dc2-43ba-8605-572c21606958;410.77;0.60962;BUY
2016-03-09T00:20:01.623000;2016-03-09T00:20:01.643000;6264269e-edf2-4b8f-a80e-1ff220fed296;410.77;1.19312;BUY
2016-03-09T00:20:48.337000;2016-03-09T00:20:48.347000;46e4e638-1372-4868-892a-6cdc6ac863b0;410.76;0.01;SELL
2016-03-09T00:20:48.337000;2016-03-09T00:20:48.363000;92231fe4-cf47-4d92-8b68-b5bbd99bfd0b;410.76;0.01;SELL
2016-03-09T00:21:01.213000;2016-03-09T00:21:01.223000;4ffbca47-5073-44d6-b39e-260cc32fae30;410.67;0.01;SELL
2016-03-09T00:21:01.213000;2016-03-09T00:21:01.237000;e6e90878-bdd7-4ab4-bea8-4295da1e092a;410.66;0.02;SELL
2016-03-09T00:21:01.213000;2016-03-09T00:21:01.237000;691e5f9b-4b68-4048-906b-dacb1dedfcd6;410.62;0.02;SELL
2016-03-09T00:21:01.213000;2016-03-09T00:21:01.270000;75fa9e4a-728e-4d48-96ed-33919f551118;410.58;0.02;SELL
2016-03-09T00:21:01.213000;2016-03-09T00:21:01.270000;901f61b3-e273-4c9a-b9e4-4de6ef559dc3;410.55;0.01;SELL
2016-03-09T00:21:01.213000;2016-03-09T00:21:01.270000;db26ad4e-757e-4575-847c-64bcfaf13230;410.54;0.02;SELL
2016-03-09T00:21:01.213000;2016-03-09T00:21:01.270000;3fa49721-3ea1-41b6-96b6-6baa0b02633f;410.5;0.02;SELL
2016-03-09T00:21:01.213000;2016-03-09T00:21:01.317000;8d9c1021-327d-4492-9883-c3c710dad4f1;410.47;0.0353;SELL
2016-03-09T00:21:01.213000;2016-03-09T00:21:01.333000;d3f67832-48ae-4965-8f19-0ef56be1951c;410.46;0.02;SELL
2016-03-09T00:21:01.213000;2016-03-09T00:21:01.333000;d4f1ff4d-8f4f-4edf-97da-04f8e1fa4ed3;410.46;0.11;SELL
2016-03-09T00:21:01.213000;2016-03-09T00:21:01.333000;1672380a-b898-432e-b87f-6ef7b5bbab1c;410.42;0.02;SELL
2016-03-09T00:21:01.213000;2016-03-09T00:21:01.333000;b30f2606-95ac-4e30-9831-bd235ed11e1e;410.42;2.02655;SELL
2016-03-09T00:21:07.567000;2016-03-09T00:21:07.597000;adae3c3e-5437-43c5-b321-7eda5de0ff62;410.49;0.01;SELL
2016-03-09T00:21:21.127000;2016-03-09T00:21:21.143000;7295e348-6e96-4f39-808d-c46dabefb232;410.43;0.01;SELL
2016-03-09T00:21:21.130000;2016-03-09T00:21:21.160000;c2bf5466-eac0-48c4-b4fd-513d3c822657;410.41;0.46;SELL
2016-03-09T00:21:21.130000;2016-03-09T00:21:21.160000;9814da8e-5784-456c-beda-bd800ebca561;410.38;0.02;SELL
2016-03-09T00:21:21.130000;2016-03-09T00:21:21.160000;9e9469b4-7a08-46ef-b7d7-a53b4086c393;410.34;0.02;SELL
2016-03-09T00:21:21.130000;2016-03-09T00:21:21.177000;91606844-34e5-40e2-bbc4-2157f0e8ccd6;410.3;0.02;SELL
2016-03-09T00:21:21.130000;2016-03-09T00:21:21.177000;8bb6e883-70ee-4cca-bcc5-de31b72bf81b;410.27;0.01;SELL
2016-03-09T00:21:21.130000;2016-03-09T00:21:21.177000;4a290c48-a6b1-46bd-ad25-4a82070c867c;410.26;0.02;SELL
2016-03-09T00:21:21.130000;2016-03-09T00:21:21.177000;6943e611-b105-4b69-9c97-911254e31557;410.26;0.01;SELL
2016-03-09T00:21:21.130000;2016-03-09T00:21:21.207000;675a9484-7815-4e0c-b218-018448cdbfbd;410.26;0.01;SELL
2016-03-09T00:21:21.130000;2016-03-09T00:21:21.253000;a466285b-6ebd-4f0b-9075-3624375f32f0;410.22;0.02;SELL
2016-03-09T00:21:21.130000;2016-03-09T00:21:21.253000;0395503c-4e05-4df1-bccb-f043f516672e;410.19;2.12392244;SELL
2016-03-09T00:21:32.670000;2016-03-09T00:21:32.690000;e2ba37e0-8ede-490b-9148-a645a26efd1f;410.2;0.57729;BUY
2016-03-09T00:22:01.170000;2016-03-09T00:22:01.190000;63812d15-e381-4fea-948f-eb8c7009e25f;410.19;0.25;BUY
2016-03-09T00:22:01.170000;2016-03-09T00:22:01.207000;bdca3302-5616-45ef-b247-108e93079b8a;410.19;0.69496;BUY
2016-03-09T00:22:01.327000;2016-03-09T00:22:01.347000;b7dbc25a-8741-40fe-a0be-50f5399fb6b6;410.19;0.01;BUY
2016-03-09T00:22:31.190000;2016-03-09T00:22:31.223000;d4bed122-0eed-490f-a274-23574c5c6b1f;410.19;0.33547;BUY
2016-03-09T00:23:01.840000;2016-03-09T00:23:01.847000;cc5046bd-203f-4f70-896a-812e0f2f90b3;410.19;17.89908;BUY
2016-03-09T00:23:14.150000;2016-03-09T00:23:14.160000;6b94e8f3-d5fb-4e77-a392-7d761ab4a05e;410.19;0.0372;BUY
2016-03-09T00:23:14.177000;2016-03-09T00:23:14.207000;6e849cb5-af2f-4766-a057-8feeb830c871;410.19;0.1428;BUY
2016-03-09T00:23:31.247000;2016-03-09T00:23:31.253000;6449df39-df9a-435e-b0dd-0694e29e2a8d;410.19;0.26012;BUY
2016-03-09T00:25:05.903000;2016-03-09T00:25:05.910000;5c737552-b8a3-4cce-9767-714943fd71e7;410.18;0.02;SELL
2016-03-09T00:25:05.903000;2016-03-09T00:25:05.927000;15376beb-04bd-4afd-b4de-d74c70634ab7;410.18;0.0255;SELL
2016-03-09T00:25:31.250000;2016-03-09T00:25:31.253000;e5fe8110-38ad-46cd-8cec-2d2ed23e2bd9;410.19;0.20066;BUY
2016-03-09T00:25:55.643000;2016-03-09T00:25:55.643000;ac1f6ed0-a314-4dfc-a592-fa21fea89ddc;410.15;0.01;SELL
2016-03-09T00:25:55.643000;2016-03-09T00:25:55.660000;b8836b8b-c664-471c-80f5-8d22d8ff1998;410.14;0.02;SELL
2016-03-09T00:25:55.643000;2016-03-09T00:25:55.660000;582e4b18-b524-4a76-9f1e-f296d441bacf;410.14;0.092;SELL
2016-03-09T00:26:01.240000;2016-03-09T00:26:01.253000;d227d28e-90cb-4549-a921-e39bf426c4a4;410.14;0.16586;BUY
2016-03-09T00:26:01.400000;2016-03-09T00:26:01.410000;37f9eb90-3c1b-435b-8a71-5c7d8330ac0d;410.14;0.01;BUY
2016-03-09T00:26:30.887000;2016-03-09T00:26:30.893000;07773e9a-9929-422d-a7b2-4a95a45c4a95;410.12;0.01;SELL
2016-03-09T00:26:31.623000;2016-03-09T00:26:31.630000;d8b11163-efce-492b-ab7c-6ceee94c2c74;410.1;0.02;SELL
2016-03-09T00:26:31.623000;2016-03-09T00:26:31.643000;b8b39ff3-299f-4c77-96b5-5d8a821a1881;410.1;0.077;SELL
2016-03-09T00:26:31.623000;2016-03-09T00:26:31.643000;bcca9339-0dc4-47bb-9f03-77cd36ba7020;410.08;0.02;SELL
2016-03-09T00:26:31.623000;2016-03-09T00:26:31.643000;11e61813-35cc-4450-bef0-18a645eef08c;410.06;0.02;SELL
2016-03-09T00:26:31.623000;2016-03-09T00:26:31.660000;c8998fb9-3585-4f69-8c66-9d00deb0eb10;410.06;0.102;SELL
2016-03-09T00:26:31.623000;2016-03-09T00:26:31.660000;1123e663-d5ad-420e-a762-b6d479853982;410.03;0.44;SELL
2016-03-09T00:26:31.623000;2016-03-09T00:26:31.660000;8616d5c8-c7fc-4dd9-9b60-6f65086884f2;410.03;0.2;SELL
2016-03-09T00:26:31.623000;2016-03-09T00:26:31.660000;c496e9f8-3a6c-4d88-9e53-fb3ab583643d;410.02;0.02;SELL
2016-03-09T00:26:31.623000;2016-03-09T00:26:31.677000;8597b7a6-5728-4af6-8ab5-5776b4cb49aa;410.01;0.072;SELL
2016-03-09T00:26:31.623000;2016-03-09T00:26:31.677000;c33055fc-701c-40e2-ba06-c93513ef338a;410.0;0.125;SELL
2016-03-09T00:26:31.623000;2016-03-09T00:26:31.690000;9461dc33-73c1-4859-938f-c30c40c1780e;409.98;0.02;SELL
2016-03-09T00:26:31.623000;2016-03-09T00:26:31.690000;c07c5b76-cc9d-4311-bc78-d6283ec34ad8;409.96;0.095;SELL
2016-03-09T00:26:31.623000;2016-03-09T00:26:31.690000;f21665d3-3871-49f1-9b25-e394cd3cbdad;409.94;0.02;SELL
2016-03-09T00:26:31.623000;2016-03-09T00:26:31.690000;96eae9a5-e771-47c7-a260-068b559dcca7;409.94;0.5;SELL
2016-03-09T00:26:31.623000;2016-03-09T00:26:31.690000;465dfb16-c0a8-49f9-a68f-8402e13e4336;409.92;1.0;SELL
2016-03-09T00:26:31.623000;2016-03-09T00:26:31.690000;3531f4e6-1562-4228-ac91-b7058423a3ab;409.91;0.01;SELL
2016-03-09T00:26:31.623000;2016-03-09T00:26:31.690000;38c498ba-d61f-415a-a6ce-8a91a5ba6677;409.91;0.121;SELL
2016-03-09T00:26:31.623000;2016-03-09T00:26:31.723000;8ae4d06b-eb1c-4583-9e19-d39a7a02a705;409.9;0.02;SELL
2016-03-09T00:26:31.623000;2016-03-09T00:26:31.740000;c34535cc-ebe1-493f-84e2-27cf04a72bc8;409.86;0.02;SELL
2016-03-09T00:26:31.627000;2016-03-09T00:26:31.740000;1e4d6e26-41ab-4881-8807-037e9dcc2763;409.86;0.077;SELL
2016-03-09T00:26:31.627000;2016-03-09T00:26:31.740000;006cd46e-6695-482d-a101-181233809a42;409.85;0.07001983;SELL
2016-03-09T00:26:31.627000;2016-03-09T00:26:31.740000;64e84133-c228-4984-97ea-8504e8faf6fb;409.82;0.02;SELL
2016-03-09T00:26:31.627000;2016-03-09T00:26:31.740000;64050bd3-314a-4216-a812-997716082af4;409.79;2.0;SELL
2016-03-09T00:26:31.627000;2016-03-09T00:26:31.740000;d34a571c-29bd-4ec6-bb22-3819085faa4b;409.78;0.02;SELL
2016-03-09T00:26:31.627000;2016-03-09T00:26:31.740000;3d87ee3b-baee-4162-9921-62bc533c2522;409.78;1.48203017;SELL
2016-03-09T00:27:01.250000;2016-03-09T00:27:01.273000;d4f9b032-ab5f-41fc-ad76-a9355f9d25b5;409.89;0.04827;BUY
2016-03-09T00:27:01.450000;2016-03-09T00:27:01.473000;3d8c0f91-0c9e-4639-83c6-fefd22d59554;409.89;0.01;BUY
2016-03-09T00:27:07.833000;2016-03-09T00:27:07.850000;92c8e305-69c2-4a46-99c6-9f35e72f60f4;409.89;0.02;BUY
2016-03-09T00:27:31.273000;2016-03-09T00:27:31.287000;1f11309e-7004-48f9-ab16-6a19ae65342b;409.88;0.01;SELL
2016-03-09T00:27:31.273000;2016-03-09T00:27:31.333000;11bc6bb5-77dc-4b8e-bdf8-c1dcd3a3c3b4;409.88;0.89693;SELL
2016-03-09T00:28:01.217000;2016-03-09T00:28:01.223000;3c82bf6a-43f5-4026-a8d5-55ac27ca62d4;409.89;0.71256;BUY
2016-03-09T00:28:01.720000;2016-03-09T00:28:01.740000;9f4d533f-228d-40d6-be1e-acf593322796;409.89;0.01;BUY
2016-03-09T00:28:31.240000;2016-03-09T00:28:31.273000;baaca0f0-49e5-415d-b1ec-824fb9e51402;409.88;0.03;SELL
2016-03-09T00:28:33.753000;2016-03-09T00:28:33.773000;aa2582eb-fbd1-4848-b05d-2f3c5468e349;409.89;0.098;BUY
2016-03-09T00:28:33.757000;2016-03-09T00:28:33.787000;6b773eda-aece-48ff-8ae5-8633572e2514;409.89;0.122;BUY
2016-03-09T00:29:01.167000;2016-03-09T00:29:01.177000;13c4eb3d-6693-405f-8c2b-0bacac444f5e;409.89;0.60437;BUY
2016-03-09T00:29:31.310000;2016-03-09T00:29:31.320000;017e161e-7d90-42ca-b672-6edbeb1fb78f;409.88;0.75414178;SELL
2016-03-09T00:29:31.310000;2016-03-09T00:29:31.333000;9639bebe-b94c-4cb0-96fd-a105510f33b1;409.88;0.2;SELL
2016-03-09T00:29:31.310000;2016-03-09T00:29:31.333000;e35dcf8c-0951-407e-aff1-c7018f5ab6c2;409.88;0.11175689;SELL
2016-03-09T00:29:31.310000;2016-03-09T00:29:31.350000;69b9b603-56fc-4123-9b3c-124a889d75f5;409.88;2.38415133;SELL
2016-03-09T00:29:32.953000;2016-03-09T00:29:32.973000;7573defc-500c-4dfc-a15a-93228fa8e9b6;409.89;0.462;BUY
2016-03-09T00:29:32.957000;2016-03-09T00:29:32.990000;aa47503f-9558-4eb3-a616-27ce12f95b62;409.89;0.4235;BUY
2016-03-09T00:29:32.973000;2016-03-09T00:29:32.990000;758651e0-495e-4b97-8a09-ea13a6477024;409.89;0.1945;BUY
2016-03-09T00:30:01.280000;2016-03-09T00:30:01.287000;1e996d10-4da7-49bb-b6fe-7f5ce1266b35;409.89;0.25681;BUY
2016-03-09T00:30:31.277000;2016-03-09T00:30:31.287000;2e4a6671-b779-4290-a97e-c4fa224af91f;409.89;0.02605;BUY
2016-03-09T00:30:55.733000;2016-03-09T00:30:55.740000;a5c4bf0f-f33c-4766-96ea-2812b9d3d003;409.88;0.12058448;SELL
2016-03-09T00:30:55.733000;2016-03-09T00:30:55.757000;db06f298-b80a-46e9-9c55-961bcfe01b61;409.88;0.1;SELL
2016-03-09T00:30:55.733000;2016-03-09T00:30:55.757000;ade32595-c07a-4cd5-a0bd-4c2e60f0f3c6;409.88;0.57941552;SELL
2016-03-09T00:31:01.303000;2016-03-09T00:31:01.303000;fce118d2-40db-43cb-aacb-08239002b529;409.89;0.27846;BUY
2016-03-09T00:32:05.227000;2016-03-09T00:32:05.227000;f9d41a0c-f843-4964-8a84-1afcd6178a2d;409.88;2.96;BUY
2016-03-09T00:32:05.227000;2016-03-09T00:32:05.257000;2859c555-3f44-4485-91ce-bd1b60ec88cc;409.88;0.12;BUY
2016-03-09T00:32:05.227000;2016-03-09T00:32:05.257000;98a6c58c-f747-45ab-b0a1-f01df800e803;409.88;2.2619;BUY
2016-03-09T00:32:05.623000;2016-03-09T00:32:05.647000;41dec860-b2e4-490e-9c93-0be7920c3768;409.89;0.01;BUY
2016-03-09T00:32:34.073000;2016-03-09T00:32:34.083000;4b374fa0-b83e-4d99-bfa6-abad472bfb9e;409.87;0.01;SELL
2016-03-09T00:32:34.073000;2016-03-09T00:32:34.100000;06f704e6-524f-41bd-94a8-8309881db7e1;409.87;0.03949188;SELL
2016-03-09T00:32:34.073000;2016-03-09T00:32:34.100000;3efa3f3d-675c-4f2c-a198-17fe23ce20c8;409.84;0.33;SELL
2016-03-09T00:32:34.073000;2016-03-09T00:32:34.100000;50921fd3-7f08-4332-98ee-b24f6b3564fe;409.79;3.15766812;SELL
2016-03-09T00:33:01.947000;2016-03-09T00:33:01.943000;54c1a296-f3a8-4a01-9440-6de8a49d5bb5;409.8;0.20979341;SELL
2016-03-09T00:33:01.947000;2016-03-09T00:33:01.977000;961c3940-d79e-401a-98c3-f421df44d969;409.8;0.08520659;SELL
2016-03-09T00:34:01.253000;2016-03-09T00:34:01.257000;c24df5a6-4857-40df-818f-8a94daef225f;409.8;1.38629;SELL
2016-03-09T00:34:01.397000;2016-03-09T00:34:01.413000;52af5659-3725-4037-9834-e7994778b37d;409.81;0.01;BUY
2016-03-09T00:34:31.220000;2016-03-09T00:34:31.227000;6ba3b864-1e65-4153-a53c-b216ea3a280d;409.81;0.24;BUY
2016-03-09T00:34:31.220000;2016-03-09T00:34:31.240000;189d1fb0-7ce4-454c-a415-a70c1b56696b;409.81;4.0359;BUY
2016-03-09T00:34:31.220000;2016-03-09T00:34:31.240000;b10e6832-ce16-4460-af87-bdb3ae35fd7b;409.84;0.23;BUY
2016-03-09T00:34:31.220000;2016-03-09T00:34:31.240000;94fd6807-e781-4505-b85f-714f175e49a1;409.86;0.519;BUY
2016-03-09T00:34:31.220000;2016-03-09T00:34:31.240000;dbabdc6f-eea2-4b7b-ac90-affc01b7a52c;409.92;0.508;BUY
2016-03-09T00:34:31.220000;2016-03-09T00:34:31.273000;aa735975-d6a7-4e50-ac22-b079ac0d3d3a;409.95;1.4437;BUY
2016-03-09T00:34:47.870000;2016-03-09T00:34:47.867000;1eb81ec9-338f-425b-9584-f4725b286f8a;409.97;0.12656542;SELL
2016-03-09T00:35:01.640000;2016-03-09T00:35:01.647000;522e1960-8f14-4919-b0e7-718e8423e06d;410.0;0.01;BUY
2016-03-09T00:35:01.640000;2016-03-09T00:35:01.647000;fdc41eff-8caa-4a2f-b8c6-8dd7509de23f;410.03;0.02;BUY
2016-03-09T00:35:01.640000;2016-03-09T00:35:01.663000;0fdc01fb-388a-4773-832b-0edc7fc6746c;410.03;0.25;BUY
2016-03-09T00:35:01.640000;2016-03-09T00:35:01.663000;265ed60f-422a-4401-bc01-5d9e56d531e8;410.04;0.093;BUY
2016-03-09T00:35:01.640000;2016-03-09T00:35:01.663000;fa68d872-9c95-4f02-a25f-7be9fa98185f;410.05;0.01;BUY
2016-03-09T00:35:01.640000;2016-03-09T00:35:01.663000;4cbbe154-3466-48cb-84ef-925c981b50f3;410.06;0.01;BUY
2016-03-09T00:35:01.640000;2016-03-09T00:35:01.663000;a3b30249-766c-4e32-90d1-813fca5b4e8a;410.07;0.02;BUY
2016-03-09T00:35:01.640000;2016-03-09T00:35:01.693000;c1f18536-6c6f-4c4d-8758-235e605d1a26;410.1;0.09;BUY
2016-03-09T00:35:01.640000;2016-03-09T00:35:01.693000;40520be8-1de5-43f2-bd4f-97551b8e6260;410.11;0.02;BUY
2016-03-09T00:35:01.640000;2016-03-09T00:35:01.693000;208e67f1-f17c-4109-a197-91795a7b8fd7;410.14;0.01;BUY
2016-03-09T00:35:01.640000;2016-03-09T00:35:01.693000;8ffe8c08-d620-464e-8697-65dfaacef1e4;410.14;1.44305;BUY
2016-03-09T00:35:31.327000;2016-03-09T00:35:31.350000;439b9de4-eb32-4105-83e4-8806d17c5f51;410.12;0.25;BUY
2016-03-09T00:35:31.327000;2016-03-09T00:35:31.350000;bb972dac-17cb-4093-89bd-ef242a6615d4;410.14;0.00339;BUY
2016-03-09T00:36:01.280000;2016-03-09T00:36:01.287000;d87e2fdf-055f-441c-9583-ee777caaf284;410.11;0.25;BUY
2016-03-09T00:36:01.280000;2016-03-09T00:36:01.287000;8073b444-c386-4f2d-b4eb-cec4366544a8;410.15;0.02;BUY
2016-03-09T00:36:01.280000;2016-03-09T00:36:01.287000;b3f61e1a-c20e-4ed0-96ea-41756a2b2df9;410.18;0.46;BUY
2016-03-09T00:36:01.280000;2016-03-09T00:36:01.287000;646f032b-4a80-4323-8416-93ab40b416c2;410.19;0.02;BUY
2016-03-09T00:36:01.280000;2016-03-09T00:36:01.303000;078405ce-6d60-4d3e-88f8-537e9acb0bdb;410.23;0.02;BUY
2016-03-09T00:36:01.283000;2016-03-09T00:36:01.303000;9698d2cf-f303-4df1-b53e-3e6bb21334ef;410.25;0.01;BUY
2016-03-09T00:36:01.283000;2016-03-09T00:36:01.303000;a48b544c-c964-4611-8af3-8882c4205786;410.25;0.22;BUY
2016-03-09T00:36:31.203000;2016-03-09T00:36:31.193000;b0554de6-1b63-49f6-af2e-c89762c3f626;410.12;1.00747003;SELL
2016-03-09T00:36:31.203000;2016-03-09T00:36:31.210000;56b43474-a9dc-49cf-87d2-972f49098aba;410.12;0.42240997;SELL
2016-03-09T00:37:03.243000;2016-03-09T00:37:03.240000;600a71ce-95be-4a34-90a6-74da76503d56;410.13;0.25;BUY
2016-03-09T00:37:03.243000;2016-03-09T00:37:03.257000;7ebc3499-ea0c-493d-b782-c4b73b13e5a0;410.14;0.079;BUY
2016-03-09T00:37:03.243000;2016-03-09T00:37:03.257000;ee6ab4f2-9ffd-4197-88e1-f9679f5634c0;410.19;0.115;BUY
2016-03-09T00:37:03.243000;2016-03-09T00:37:03.257000;010f69c8-54ba-4203-8b44-80e4eecc9395;410.27;0.02;BUY
2016-03-09T00:37:03.243000;2016-03-09T00:37:03.257000;900a2add-4f87-40f1-9751-7baf75eadb30;410.28;2.0;BUY
2016-03-09T00:37:03.243000;2016-03-09T00:37:03.273000;6ee5da27-78d8-4550-9dd0-c2f267230754;410.29;0.85779;BUY
2016-03-09T00:37:36.430000;2016-03-09T00:37:36.427000;3b51bc61-eb40-42fe-80e2-a830754a520e;410.28;0.03;BUY
2016-03-09T00:38:01.273000;2016-03-09T00:38:01.257000;f06fa4c4-1517-46fc-a6f8-cd80cc0a771f;410.2;0.23448;SELL
2016-03-09T00:38:31.520000;2016-03-09T00:38:31.583000;2c74508c-a88c-4315-a050-f2d6b12244f4;410.31;0.02;BUY
2016-03-09T00:38:31.520000;2016-03-09T00:38:31.583000;b09fe68d-0b93-4380-8b24-d35b4b12b529;410.31;0.10064;BUY
2016-03-09T00:39:04.317000;2016-03-09T00:39:04.303000;18acfa0d-c872-4410-97e9-49d19db83f58;410.33;0.01;BUY
2016-03-09T00:39:04.317000;2016-03-09T00:39:04.320000;88f4d042-e42e-4e85-99b2-97fca96c35bf;410.35;0.01;BUY
2016-03-09T00:39:04.317000;2016-03-09T00:39:04.320000;78f14eb0-7e54-4748-9ee9-0e9df27c7b3d;410.35;0.02;BUY
2016-03-09T00:39:04.317000;2016-03-09T00:39:04.320000;3e273b0d-f023-45a1-94cd-c1d0f47b2dd5;410.39;0.02;BUY
2016-03-09T00:39:04.317000;2016-03-09T00:39:04.333000;c0d65dcd-119b-4a73-946f-bc4f9e98d6b5;410.43;0.02;BUY
2016-03-09T00:39:04.317000;2016-03-09T00:39:04.333000;31d62189-07f6-47af-93e7-b1ee70338119;410.44;0.31808;BUY
2016-03-09T00:39:31.193000;2016-03-09T00:39:31.180000;e2ed6d7f-40c2-4770-bed6-45e8230b13f3;410.29;1.0;BUY
2016-03-09T00:40:01.253000;2016-03-09T00:40:01.240000;1f0d276e-757b-4e5c-a630-501d5fc47f42;410.29;2.72686;BUY
2016-03-09T00:40:31.303000;2016-03-09T00:40:31.287000;9b69058a-8819-4f52-96d1-2ba416c3053a;410.27;4.67975;SELL
2016-03-09T00:41:01.297000;2016-03-09T00:41:01.287000;9ab8ab05-bd23-4847-ab75-d37296a6e846;410.4;0.01;BUY
2016-03-09T00:41:01.297000;2016-03-09T00:41:01.287000;18df2248-6c33-4f85-9014-624b8b7ce068;410.42;0.20366;BUY
2016-03-09T00:41:31.420000;2016-03-09T00:41:31.397000;685f08c1-916f-478e-87ba-cec1e130f87e;410.42;0.38597;BUY
2016-03-09T00:42:02.093000;2016-03-09T00:42:02.070000;6a9de558-1256-41dd-918b-078f671f1706;410.3;0.12064;BUY
2016-03-09T00:42:37.830000;2016-03-09T00:42:37.910000;35fce499-11e8-4d84-a1c0-8411f62ba37c;410.3;0.64431;BUY
2016-03-09T00:43:01.347000;2016-03-09T00:43:01.393000;4da6f7c8-c1ea-40e7-85ec-a1f3db5b256d;410.29;0.01;SELL
2016-03-09T00:43:01.347000;2016-03-09T00:43:01.410000;21c26b6e-e956-4027-ad08-e456c83e5f25;410.29;0.01;SELL
2016-03-09T00:43:01.347000;2016-03-09T00:43:01.410000;22135cbd-6ffd-40c0-97bf-5dfb36fb322f;410.29;1.14492;SELL
2016-03-09T00:43:31.233000;2016-03-09T00:43:31.287000;b91fc6a3-3fe8-47db-8776-d119f2ba1069;410.3;1.88187;BUY
2016-03-09T00:44:01.393000;2016-03-09T00:44:01.440000;e021ae21-21ab-4606-b63f-525ad01f3cff;410.3;0.2407;BUY
2016-03-09T00:44:12.620000;2016-03-09T00:44:12.677000;afe50b17-cd7d-48c6-ac54-1c02d2c9342a;410.29;0.2;SELL
2016-03-09T00:44:14.963000;2016-03-09T00:44:15.020000;8d78eafb-6220-4c9b-9d74-98d6a26d6f23;410.29;0.2;SELL
2016-03-09T00:44:17.337000;2016-03-09T00:44:17.410000;99e3c5e1-b422-4cbc-988d-be60f948fd47;410.29;0.2;SELL
2016-03-09T00:44:19.513000;2016-03-09T00:44:19.567000;58ce3f2b-1ffb-4d67-acb8-adf141240f40;410.29;0.2;SELL
2016-03-09T00:44:21.657000;2016-03-09T00:44:21.707000;90400dca-4d32-4431-a2b7-c8357eaf456a;410.29;0.2;SELL
2016-03-09T00:44:24.027000;2016-03-09T00:44:24.083000;4ee0bd26-be3d-4893-893e-b9abdcb79c64;410.29;0.2;SELL
2016-03-09T00:44:26.413000;2016-03-09T00:44:26.473000;5ce75a0a-8244-4e88-aeb4-2f0f4fb56afc;410.29;0.2;SELL
2016-03-09T00:44:28.563000;2016-03-09T00:44:28.613000;751ca258-4605-408a-8ed1-49f644eb87a0;410.29;0.2;SELL
2016-03-09T00:44:30.937000;2016-03-09T00:44:30.990000;28045947-0e4d-4c60-8705-1ce7645c04a0;410.29;0.2;SELL
2016-03-09T00:44:31.313000;2016-03-09T00:44:31.380000;dc458952-83d6-4eaa-86fe-ba3e64b8af4c;410.3;0.3;BUY
2016-03-09T00:44:33.310000;2016-03-09T00:44:33.363000;7fe32491-b559-4df7-adbb-2d70271a2e65;410.29;0.2;SELL
2016-03-09T00:44:35.460000;2016-03-09T00:44:35.503000;8a088789-6523-4445-b0a2-811d30ded00a;410.29;0.2;SELL
2016-03-09T00:44:37.610000;2016-03-09T00:44:37.660000;06d32fbb-1cb0-4a81-bc1a-69e05d461b90;410.29;0.2;SELL
2016-03-09T00:44:39.980000;2016-03-09T00:44:40.037000;87e709d5-de6f-4e7e-87c8-12cc4a6deba5;410.29;0.2;SELL
2016-03-09T00:44:42.153000;2016-03-09T00:44:42.207000;aa648245-9ff3-4e06-a24d-2d312f5f7274;410.29;0.2;SELL
2016-03-09T00:44:44.563000;2016-03-09T00:44:44.613000;3b992c96-c148-44b0-9c8e-0c2ce9d7c97f;410.29;0.2;SELL
2016-03-09T00:44:46.710000;2016-03-09T00:44:46.753000;ccdad6d3-399b-4f0f-b562-e47b2156f3f0;410.29;0.9999;SELL
2016-03-09T00:45:01.177000;2016-03-09T00:45:01.223000;a630ecef-60cd-4061-ba7b-4cbcec68d9ec;410.19;0.01;SELL
2016-03-09T00:45:01.177000;2016-03-09T00:45:01.240000;461bcf1f-0b48-448c-a048-c44309a3fad3;410.18;0.02;SELL
2016-03-09T00:45:01.177000;2016-03-09T00:45:01.240000;d7ec8aa4-ca50-459d-b812-12c1b30b198c;410.17;0.21;SELL
2016-03-09T00:45:01.177000;2016-03-09T00:45:01.240000;3cb14d25-1b4b-4034-aff2-5155b779293e;410.14;0.02;SELL
2016-03-09T00:45:01.177000;2016-03-09T00:45:01.253000;2b24acf2-aa33-44cd-a302-3c8fc80c1161;410.1;0.02;SELL
2016-03-09T00:45:01.177000;2016-03-09T00:45:01.253000;7fad26cc-a34f-4059-886d-123637c6b5fe;410.09;0.01;SELL
2016-03-09T00:45:01.177000;2016-03-09T00:45:01.253000;93909f33-751f-4129-b690-d550cd21d985;410.08;0.01;SELL
2016-03-09T00:45:01.177000;2016-03-09T00:45:01.253000;4a9939b7-2eba-461a-9992-242572ea64ae;410.08;1.58198;SELL
2016-03-09T00:45:02.047000;2016-03-09T00:45:02.097000;c6ca3438-6343-41f6-9753-66333759317f;410.13;0.39;BUY
2016-03-09T00:45:14.617000;2016-03-09T00:45:14.660000;2af0326d-63dc-4aea-8e8d-eac31560e9c1;410.12;0.26;BUY
2016-03-09T00:46:01.330000;2016-03-09T00:46:01.380000;0d3fffcb-6b69-40f9-ae43-49896d057da2;410.11;0.25;SELL
2016-03-09T00:46:01.330000;2016-03-09T00:46:01.393000;8106ca69-a597-455e-a933-641930009335;410.06;0.02;SELL
2016-03-09T00:46:01.333000;2016-03-09T00:46:01.393000;933e2938-f8bc-4d43-bc01-7d34ebf8c2c3;410.04;0.04;SELL
2016-03-09T00:46:01.333000;2016-03-09T00:46:01.410000;0ff4f00a-7c6f-40ac-9627-53d1a1e41158;410.04;0.01;SELL
2016-03-09T00:46:01.333000;2016-03-09T00:46:01.410000;ba64d057-81a2-4bfb-b3a0-94bc807137de;410.03;0.098;SELL
2016-03-09T00:46:01.333000;2016-03-09T00:46:01.410000;5d2fb364-9f4f-493c-93a2-f222dfe8e99a;410.02;0.02;SELL
2016-03-09T00:46:01.333000;2016-03-09T00:46:01.410000;cf2eb402-8811-41bd-9404-5dea8b9a0312;410.0;0.01;SELL
2016-03-09T00:46:01.333000;2016-03-09T00:46:01.410000;8cfd7587-d5a0-4789-982e-4f4850f07271;409.99;0.01;SELL
2016-03-09T00:46:01.333000;2016-03-09T00:46:01.427000;bab2a8c8-3bd2-47fd-a2fe-5a7c736b3691;409.98;0.02;SELL
2016-03-09T00:46:01.333000;2016-03-09T00:46:01.427000;75f43061-9b82-4da0-b8aa-35ddd76d28bc;409.98;0.082;SELL
2016-03-09T00:46:01.333000;2016-03-09T00:46:01.427000;951afcd8-3995-4c35-a8ce-133532fa2150;409.97;0.5;SELL
2016-03-09T00:46:01.333000;2016-03-09T00:46:01.427000;9db91206-f2ae-4a96-9f96-5db34e5c1399;409.94;0.02;SELL
2016-03-09T00:46:01.333000;2016-03-09T00:46:01.427000;37c3b16e-d4b1-43a4-8ae5-60e6d491ecd4;409.91;0.01;SELL
2016-03-09T00:46:01.333000;2016-03-09T00:46:01.427000;cf235e74-60d4-4abc-92e9-ae89a44d1b30;409.9;0.02;SELL
2016-03-09T00:46:01.333000;2016-03-09T00:46:01.440000;122e653e-416a-4050-8411-605eeeb122b2;409.86;0.02;SELL
2016-03-09T00:46:01.333000;2016-03-09T00:46:01.440000;62bb6f9b-ef3b-4e74-9ba4-b0156ba84cbf;409.85;0.396;SELL
2016-03-09T00:46:01.333000;2016-03-09T00:46:01.440000;60fb8860-a17a-4ed3-a08b-7599ba7f3fdf;409.82;0.0044;SELL
2016-03-09T00:46:31.590000;2016-03-09T00:46:31.630000;165c0339-6f95-4fba-a61d-9df497d160c8;409.98;0.05987;SELL
2016-03-09T00:47:02.913000;2016-03-09T00:47:02.973000;dc086b9b-aedb-4c5a-abd8-13694fdd322b;410.08;0.25591;BUY
2016-03-09T00:47:32.227000;2016-03-09T00:47:32.270000;51136ab2-f21f-44a6-938d-d0565ebf7cf5;410.1;0.03621;BUY
2016-03-09T00:47:42.413000;2016-03-09T00:47:42.457000;0335ea19-65ca-478b-ab98-e29d96167865;410.06;0.2106;BUY
2016-03-09T00:47:42.457000;2016-03-09T00:47:42.490000;f13d4055-85d9-4b6d-b3aa-d508b866676b;410.06;0.0494;BUY
2016-03-09T00:48:01.403000;2016-03-09T00:48:01.457000;004a2e1a-ad8b-4fb9-b8ea-3a82c4f92b69;410.1;0.81;BUY
2016-03-09T00:48:01.407000;2016-03-09T00:48:01.457000;b0de8b32-638c-496e-bf91-bc95a8663fe1;410.1;0.181;BUY
2016-03-09T00:48:01.407000;2016-03-09T00:48:01.457000;ed148bbf-4d94-4178-9d1b-6dd24500ce18;410.11;0.02;BUY
2016-03-09T00:48:01.407000;2016-03-09T00:48:01.457000;add8cf73-8cd3-4e50-9a06-b25e1cc23a15;410.15;0.02;BUY
2016-03-09T00:48:01.407000;2016-03-09T00:48:01.457000;c92b9a67-1ca9-4c21-abe4-c6a454538db6;410.15;0.212;BUY
2016-03-09T00:48:01.407000;2016-03-09T00:48:01.490000;cbdb7108-38e4-474e-8c16-02d513afb087;410.19;0.02;BUY
2016-03-09T00:48:01.407000;2016-03-09T00:48:01.490000;19e4f72a-be79-4f43-bab9-f58986111680;410.23;0.02;BUY
2016-03-09T00:48:01.407000;2016-03-09T00:48:01.490000;54d11066-7419-49c0-a20c-2f3ed968cbed;410.25;0.38402;BUY
2016-03-09T00:49:01.317000;2016-03-09T00:49:01.363000;750a40aa-c293-4af0-b328-36a6c1995143;410.12;1.05;BUY
2016-03-09T00:49:01.317000;2016-03-09T00:49:01.363000;f7c04fe7-78e4-4e41-b98d-9bee075b238b;410.13;0.04496;BUY
2016-03-09T00:49:31.350000;2016-03-09T00:49:31.393000;9b801b13-6212-473f-a31a-0805e562ef86;410.0;0.01;SELL
2016-03-09T00:49:31.353000;2016-03-09T00:49:31.410000;240c7dcd-bab0-4eb1-804b-d3f92cd1b22a;410.0;0.53;SELL
2016-03-09T00:50:01.687000;2016-03-09T00:50:01.723000;ddda0041-3764-47ff-b3a6-43afe9825f6c;410.01;0.962;BUY
2016-03-09T00:50:01.687000;2016-03-09T00:50:01.740000;b738ab14-b1f3-4cc3-be14-c4eb14b35ceb;410.01;0.53;BUY
2016-03-09T00:50:01.690000;2016-03-09T00:50:01.740000;03d50c3d-d4ab-439b-9d6d-70a3defd68b1;410.02;0.383;BUY
2016-03-09T00:50:01.690000;2016-03-09T00:50:01.740000;0e9ba973-402d-4069-aba8-3d95eafab606;410.07;0.375;BUY
2016-03-09T00:50:01.690000;2016-03-09T00:50:01.740000;8be1259d-7115-4268-bffe-b152b798f566;410.12;0.371;BUY
2016-03-09T00:50:01.690000;2016-03-09T00:50:01.770000;7adca290-dc3b-40d8-9248-8e835c76f627;410.13;0.55312;BUY
2016-03-09T00:50:31.680000;2016-03-09T00:50:31.707000;46d09575-aed3-4611-a99f-12ca59b65054;410.16;0.365;BUY
2016-03-09T00:50:31.680000;2016-03-09T00:50:31.723000;233c58bc-de8b-4b40-b74d-d5556cb42c17;410.17;2.1699;BUY
2016-03-09T00:51:01.847000;2016-03-09T00:51:01.880000;47ae8a72-f282-4a0e-b8e5-5005c05810d2;410.0;0.21464717;SELL
2016-03-09T00:51:01.847000;2016-03-09T00:51:01.893000;c914088b-cf19-40a5-972e-4e9f92f50d88;410.0;0.27;SELL
2016-03-09T00:51:01.847000;2016-03-09T00:51:01.893000;d96e38bb-c1d0-423b-a091-e68f0643ae24;410.0;0.28726063;SELL
2016-03-09T00:51:01.847000;2016-03-09T00:51:01.893000;f48df8d9-34b1-4c20-9029-bdd32fc4cbd3;409.98;0.02;SELL
2016-03-09T00:51:01.847000;2016-03-09T00:51:01.910000;b3fddc22-4163-4f5a-9918-b0395645abe7;409.94;0.02;SELL
2016-03-09T00:51:01.847000;2016-03-09T00:51:01.910000;012bd4eb-8422-4df9-8484-0a95d956ec62;409.94;0.211;SELL
2016-03-09T00:51:01.850000;2016-03-09T00:51:01.910000;5857682b-a121-427f-a5dd-af611d8f7f9c;409.9;0.02;SELL
2016-03-09T00:51:01.850000;2016-03-09T00:51:01.910000;5c7a305a-da94-4771-a5b3-1480c1bc891b;409.89;0.01;SELL
2016-03-09T00:51:01.850000;2016-03-09T00:51:01.943000;85f62566-208b-4a6c-b1d9-449633c065ee;409.87;0.131;SELL
2016-03-09T00:51:01.850000;2016-03-09T00:51:01.943000;057fb5e7-483e-407f-be4c-a0c2dd39d272;409.86;0.02;SELL
2016-03-09T00:51:01.850000;2016-03-09T00:51:01.943000;5bf8092b-356a-4ec9-be6a-e8379035189c;409.82;0.0156;SELL
2016-03-09T00:51:01.850000;2016-03-09T00:51:01.973000;4d44d56c-05be-4124-ba5d-c972b0b0e75a;409.81;0.093;SELL
2016-03-09T00:51:01.850000;2016-03-09T00:51:01.990000;bbda0917-defa-4307-a9b9-c0f32d036b08;409.8;0.1;SELL
2016-03-09T00:51:01.850000;2016-03-09T00:51:01.990000;90f40356-54d4-455a-8233-37b9eb1094c9;409.79;0.01;SELL
2016-03-09T00:51:01.850000;2016-03-09T00:51:01.990000;3126bc95-2dda-49da-9cf0-93b18d1f778b;409.78;0.02;SELL
2016-03-09T00:51:01.850000;2016-03-09T00:51:01.990000;1a27c2d9-e7b6-4c0a-bb4d-a7edaab1a00c;409.74;0.02;SELL
2016-03-09T00:51:01.850000;2016-03-09T00:51:01.990000;9b46c1a5-fbd5-4e01-a939-5af9d383f21b;409.71;0.128;SELL
2016-03-09T00:51:01.850000;2016-03-09T00:51:01.990000;0be49044-198f-43f3-9253-a4e0a0e19364;409.7;0.02;SELL
2016-03-09T00:51:01.850000;2016-03-09T00:51:01.990000;693723c7-b955-47e8-b196-8b59e47639fe;409.7;0.01;SELL
2016-03-09T00:51:01.850000;2016-03-09T00:51:01.990000;d466585e-f422-4441-8bce-d2853959ae48;409.7;1.0;SELL
2016-03-09T00:51:01.850000;2016-03-09T00:51:01.990000;c360e8b7-2504-4ed8-893a-710b9cdd23e3;409.69;0.1;SELL
2016-03-09T00:51:01.850000;2016-03-09T00:51:01.990000;4bffaeb5-0b6c-4bff-afd4-23e1d6819ec7;409.69;0.01;SELL
2016-03-09T00:51:01.850000;2016-03-09T00:51:01.990000;c30dc5ea-6046-4671-939f-d28ba2e95c72;409.67;0.34;SELL
2016-03-09T00:51:01.850000;2016-03-09T00:51:01.990000;2adb8544-576a-4557-a82e-95235bbd9c95;409.66;0.02;SELL
2016-03-09T00:51:01.850000;2016-03-09T00:51:01.990000;99cd33b3-2408-47d4-9dd9-962f4c19c0e7;409.65;1.02;SELL
2016-03-09T00:51:01.850000;2016-03-09T00:51:02.003000;aaa1372b-9b13-4645-87c6-fc273be18096;409.64;0.02;SELL
2016-03-09T00:51:01.850000;2016-03-09T00:51:02.003000;f1dafb7e-92ad-4051-bb0d-416c098f804f;409.64;0.4304022;SELL
2016-03-09T00:51:33.123000;2016-03-09T00:51:33.160000;789bf2a2-31ba-491b-b419-f9c8333a63c8;409.9;0.35005;BUY
2016-03-09T00:52:01.437000;2016-03-09T00:52:01.473000;5b6b028d-95c4-4c7d-8a6a-4c84ad52deea;409.77;0.01;BUY
2016-03-09T00:52:02.847000;2016-03-09T00:52:02.880000;008c7cd7-80ab-4c8e-ac6f-5046de2daa07;409.75;0.01;SELL
2016-03-09T00:52:02.847000;2016-03-09T00:52:02.880000;8f356340-e5b8-433c-b9bc-dedb6587c8ca;409.62;0.02;SELL
2016-03-09T00:52:02.847000;2016-03-09T00:52:02.910000;606bdf56-64a0-4c03-8528-7ba5754c4b6b;409.59;0.01;SELL
2016-03-09T00:52:02.847000;2016-03-09T00:52:02.910000;5c1fefd1-39a6-450c-84a7-1a3c7bf813b0;409.59;0.1;SELL
2016-03-09T00:52:02.847000;2016-03-09T00:52:02.910000;8ae6185e-bd59-4f60-af7e-20c12bac1e1e;409.58;0.02;SELL
2016-03-09T00:52:02.847000;2016-03-09T00:52:02.910000;3f7edef8-bec0-43d7-a1c0-45b6be9c6410;409.54;0.02;SELL
2016-03-09T00:52:02.847000;2016-03-09T00:52:02.910000;2fdda46d-0dc4-4d4d-996a-4351e282f2ca;409.53;0.107;SELL
2016-03-09T00:52:02.847000;2016-03-09T00:52:02.910000;e0083ee6-a783-438c-b48a-b6ec344d46c6;409.5;0.02;SELL
2016-03-09T00:52:02.847000;2016-03-09T00:52:02.927000;d9104281-ec89-4722-b864-d9dd3ed7a8ff;409.49;0.01;SELL
2016-03-09T00:52:02.847000;2016-03-09T00:52:02.927000;977fb473-2a24-408c-a122-f3b338b8b938;409.48;0.01;SELL
2016-03-09T00:52:02.847000;2016-03-09T00:52:02.927000;462e98ca-3487-462d-9ae5-899cf986c4cb;409.47;0.25;SELL
2016-03-09T00:52:02.847000;2016-03-09T00:52:02.927000;a5555d3f-524e-4c01-862e-e09b677e1c28;409.46;0.02;SELL
2016-03-09T00:52:02.847000;2016-03-09T00:52:02.943000;5e89292a-e47f-4e8b-8f08-663124ff1aaf;409.42;0.02;SELL
2016-03-09T00:52:02.847000;2016-03-09T00:52:02.943000;99f388b7-07ea-4235-bdd8-d58487b292eb;409.42;0.326;SELL
2016-03-09T00:52:02.850000;2016-03-09T00:52:02.943000;d6ddfd18-5d4b-4db8-aa5d-7c2f03f5dde3;409.42;0.16;SELL
2016-03-09T00:52:02.850000;2016-03-09T00:52:02.943000;3ce0c236-b3be-4f2e-9bed-bee9889dc2f0;409.39;0.01;SELL
2016-03-09T00:52:02.850000;2016-03-09T00:52:02.957000;1e96f421-8a0f-467e-93c5-35e242b2e4ba;409.38;0.02;SELL
2016-03-09T00:52:02.850000;2016-03-09T00:52:02.957000;abb7dd35-9fda-4e48-b3ba-8c6828b59568;409.37;0.315;SELL
2016-03-09T00:52:02.850000;2016-03-09T00:52:02.957000;daf1ba06-913c-4a8b-9c40-22e6df20a4d5;409.34;0.02;SELL
2016-03-09T00:52:02.850000;2016-03-09T00:52:02.957000;25085ada-459f-44e6-8167-66d11ec9ffe3;409.33;1.0;SELL
2016-03-09T00:52:02.850000;2016-03-09T00:52:02.973000;bb135a6f-0e29-4df5-b9b2-8c045f54c5c3;409.32;0.125;SELL
2016-03-09T00:52:02.850000;2016-03-09T00:52:02.973000;77076492-bbe3-49e0-83fd-58f06d746e0d;409.32;0.251;SELL
2016-03-09T00:52:02.850000;2016-03-09T00:52:02.973000;c21d3f05-8ae4-4433-85cc-efbc93755ecc;409.32;0.0477;SELL
2016-03-09T00:52:31.400000;2016-03-09T00:52:31.443000;9694b9ab-32c1-4071-a8de-8e346c7ad25b;409.52;0.01;SELL
2016-03-09T00:52:31.400000;2016-03-09T00:52:31.443000;2ddd4a8d-c002-4bbf-a838-fddf01251ed6;409.51;3.09219;SELL
2016-03-09T00:53:01.250000;2016-03-09T00:53:01.270000;af4559a5-0c6c-4e15-978a-9a32da0d0f28;409.57;0.01;BUY
2016-03-09T00:53:01.400000;2016-03-09T00:53:01.427000;11793787-47fc-4180-af5b-24778315fac7;409.57;0.24;BUY
2016-03-09T00:53:01.400000;2016-03-09T00:53:01.457000;5e72b848-70d9-4551-b91a-8e2bb52328ce;409.59;0.02;BUY
2016-03-09T00:53:01.400000;2016-03-09T00:53:01.473000;1bc6b05d-6e8e-432d-ac66-ff3fb7b6d25c;409.6;0.05305;BUY
2016-03-09T00:53:31.353000;2016-03-09T00:53:31.393000;114a91a2-c3c5-4009-8006-3973366733f5;409.6;0.34;BUY
2016-03-09T00:53:31.353000;2016-03-09T00:53:31.393000;37c5ebec-fef6-4193-bac4-3ee132a78161;409.61;0.22;BUY
2016-03-09T00:53:31.353000;2016-03-09T00:53:31.393000;54caf1a1-b526-402b-a2b6-5e362859bb07;409.62;0.34;BUY
2016-03-09T00:53:31.353000;2016-03-09T00:53:31.393000;d5226abd-9851-47a7-967f-8cabeff78c44;409.63;0.02;BUY
2016-03-09T00:53:31.353000;2016-03-09T00:53:31.410000;2f003b67-7ad2-4fbe-9fde-2f6d9f4040d1;409.63;0.143;BUY
2016-03-09T00:53:31.353000;2016-03-09T00:53:31.410000;8f600c49-b1bb-4ee2-8516-657f5c1987c7;409.64;0.34;BUY
2016-03-09T00:53:31.353000;2016-03-09T00:53:31.410000;bcc7a0d7-485b-484a-a868-8cf1ad91b655;409.65;0.18743;BUY
2016-03-09T00:54:01.343000;2016-03-09T00:54:01.363000;7d4d475e-7f85-456c-92a8-7cf43205f71a;409.63;0.37654;BUY
2016-03-09T00:54:31.320000;2016-03-09T00:54:31.333000;3308e98b-2eba-44b9-91fd-c3a6b26f284b;409.61;0.25;BUY
2016-03-09T00:54:31.320000;2016-03-09T00:54:31.347000;7d0d3e34-7902-463b-8e94-c2c916858c77;409.63;0.34;BUY
2016-03-09T00:54:31.320000;2016-03-09T00:54:31.347000;6943cdec-ff2b-4a78-b37c-a48e45a4311d;409.64;0.245;BUY
2016-03-09T00:54:31.320000;2016-03-09T00:54:31.347000;16a06158-2fa7-4984-b583-b97eef97c859;409.65;0.34935;BUY
2016-03-09T00:55:01.363000;2016-03-09T00:55:01.393000;a0a000b3-0720-49e4-bd75-2648533df4b9;409.64;0.08459;BUY
2016-03-09T00:55:31.357000;2016-03-09T00:55:31.380000;8cabceee-6622-45d0-b7d5-3b59a36bd677;409.64;0.25;BUY
2016-03-09T00:55:31.357000;2016-03-09T00:55:31.380000;de22fb8d-d067-4d23-be71-6a2cdb0cc54e;409.64;0.35;BUY
2016-03-09T00:55:31.360000;2016-03-09T00:55:31.397000;aca6d73d-287d-4f38-a408-7234504559cb;409.65;0.35958;BUY
2016-03-09T00:56:01.373000;2016-03-09T00:56:01.397000;57d9602b-79a1-44b8-8ff5-375d41b390ed;409.64;0.11;BUY
2016-03-09T00:56:32.503000;2016-03-09T00:56:32.520000;18c6dc48-b171-4b1e-8e05-2335cf594dde;409.64;0.14;BUY
2016-03-09T00:56:32.503000;2016-03-09T00:56:32.537000;9b4f2217-d1c1-4828-8041-3c79b9c38d3a;409.67;0.02;BUY
2016-03-09T00:56:32.503000;2016-03-09T00:56:32.537000;6c3d1d31-5c47-4542-87de-bca8f5327177;409.7;0.01;BUY
2016-03-09T00:56:32.503000;2016-03-09T00:56:32.537000;146a63aa-9589-4a0c-953f-3fb2eaa4d272;409.71;0.01066;BUY
2016-03-09T00:56:41.437000;2016-03-09T00:56:41.457000;fa042016-e22b-44c5-8f27-62778c48ee01;409.7;0.00998236;BUY
2016-03-09T00:57:01.630000;2016-03-09T00:57:01.660000;847b363a-bc73-4ac2-af0e-45883b78a644;409.7;0.24001764;BUY
2016-03-09T00:57:01.630000;2016-03-09T00:57:01.677000;91a95eb3-af98-46e7-ab86-c8d448c9e9ad;409.71;0.00934;BUY
2016-03-09T00:57:01.630000;2016-03-09T00:57:01.677000;136856b0-719d-4fc5-b41e-6f8faafab43a;409.75;0.02;BUY
2016-03-09T00:57:01.633000;2016-03-09T00:57:01.677000;85d79677-166d-4987-bff0-ea33e0ca9428;409.75;0.04480236;BUY
2016-03-09T00:58:03.660000;2016-03-09T00:58:03.707000;8504e41b-9993-48b7-a863-b975211618c7;409.76;0.01;BUY
2016-03-09T00:58:03.663000;2016-03-09T00:58:03.723000;6a8e9b0d-4e9d-4d01-b9bb-1505324a84bb;409.79;0.02;BUY
2016-03-09T00:58:03.663000;2016-03-09T00:58:03.723000;070ead5f-d24d-4a56-844d-8dbfbd9be068;409.79;0.1;BUY
2016-03-09T00:58:03.663000;2016-03-09T00:58:03.740000;d40e4c7c-e807-4dcd-893b-52bb27af7e15;409.81;0.108;BUY
2016-03-09T00:58:03.663000;2016-03-09T00:58:03.740000;16cf0aeb-355a-4c9e-8551-70b3c17f6e2b;409.83;0.02;BUY
2016-03-09T00:58:03.663000;2016-03-09T00:58:03.817000;3873f90d-33bc-4767-ae32-0b731e614fd8;409.86;0.085;BUY
2016-03-09T00:58:03.663000;2016-03-09T00:58:03.817000;bb5ab825-4208-4ae1-9a9b-43f510013172;409.87;0.02;BUY
2016-03-09T00:58:03.663000;2016-03-09T00:58:03.817000;9cc1edcc-0851-4533-85b6-f433432700d8;409.91;0.02;BUY
2016-03-09T00:58:03.663000;2016-03-09T00:58:03.817000;c91f19de-9310-4886-97ba-0467c0dfe4ab;409.91;0.082;BUY
2016-03-09T00:58:03.663000;2016-03-09T00:58:03.817000;f208a102-25ff-412a-a7c4-cb644eac2db4;409.93;0.01;BUY
2016-03-09T00:58:03.663000;2016-03-09T00:58:03.817000;a925c24f-bb61-4f34-a8f9-7ebe795bdfda;409.95;0.02;BUY
2016-03-09T00:58:03.663000;2016-03-09T00:58:03.817000;8db69ebe-06cf-4f2a-9069-f9b1ec710890;409.96;0.01417;BUY
2016-03-09T00:58:31.410000;2016-03-09T00:58:31.457000;fdd568c5-865a-45de-9f1a-f37fb5304eef;409.99;0.02;BUY
2016-03-09T00:58:31.410000;2016-03-09T00:58:31.473000;f3d0ec98-1f76-463b-8daf-0722dbc1e205;410.02;0.1986;BUY
2016-03-09T00:58:56.157000;2016-03-09T00:58:56.207000;881e1c03-29e9-4c7d-9041-41a438c2b02a;409.76;0.01;SELL
2016-03-09T00:58:56.157000;2016-03-09T00:58:56.207000;163061c4-7f5f-45c7-98de-d1106862f9a6;409.75;0.0852;SELL
2016-03-09T00:58:56.163000;2016-03-09T00:58:56.240000;c7db89ac-d68e-4cf3-baca-af1b46d886ea;409.75;0.44;SELL
2016-03-09T00:59:01.400000;2016-03-09T00:59:01.457000;4172b553-66a9-4976-89e7-1468037b79d8;409.94;0.25;BUY
2016-03-09T00:59:01.400000;2016-03-09T00:59:01.457000;0e930523-2946-471c-8c93-72eeadea70e7;409.95;0.01203;BUY
2016-03-09T00:59:31.323000;2016-03-09T00:59:31.380000;6be0d1ec-638c-4a5b-b58d-c787eea1b0d1;409.96;0.25;BUY
2016-03-09T00:59:31.323000;2016-03-09T00:59:31.380000;acb05655-44a6-4dab-bc42-67aa5828272d;409.96;0.01980046;BUY
2016-03-09T00:59:31.323000;2016-03-09T00:59:31.380000;5d0f47de-39c0-4044-9d70-5508c0326f9d;409.98;0.01;BUY
2016-03-09T00:59:31.323000;2016-03-09T00:59:31.397000;98b8ebc4-7e60-4525-a9b2-fd7b0d787397;409.99;0.68;BUY
2016-03-09T00:59:31.323000;2016-03-09T00:59:31.397000;9b07b7ac-f031-46c2-98ad-569dfce54151;410.0;0.73;BUY
2016-03-09T00:59:31.323000;2016-03-09T00:59:31.397000;1eb241d8-769e-4b88-b94f-d0a9bc02229f;410.01;0.68;BUY
2016-03-09T00:59:31.323000;2016-03-09T00:59:31.443000;2669f48a-f347-4549-99c3-118a8b8314e7;410.01;0.34;BUY
2016-03-09T00:59:31.323000;2016-03-09T00:59:31.473000;c96ac394-541d-4de4-bab2-08ce49e4e911;410.02;0.118;BUY
2016-03-09T00:59:31.327000;2016-03-09T00:59:31.473000;8af42064-4ad3-4751-9040-651425f24aff;410.02;1.36;BUY
2016-03-09T00:59:31.327000;2016-03-09T00:59:31.473000;3dee7ee1-2642-47fc-b8dc-6ce8716e2a8d;410.03;0.02;BUY
2016-03-09T00:59:31.327000;2016-03-09T00:59:31.473000;faf9b8cc-14dc-49ac-909e-820e68a25db6;410.03;0.60978954;BUY
2016-03-09T01:00:01.420000;2016-03-09T01:00:01.457000;71e0b2de-ed32-44c8-adb3-96d632336155;409.95;0.1035;BUY
2016-03-09T01:00:31.710000;2016-03-09T01:00:31.880000;7245d426-5b99-4c5a-9e17-4f4c676b0b6a;409.95;0.25;BUY
2016-03-09T01:00:31.713000;2016-03-09T01:00:31.880000;e6764898-2805-4b0a-a588-ac363682a759;409.95;0.68;BUY
2016-03-09T01:00:31.713000;2016-03-09T01:00:31.880000;0556f0f5-2b0d-4052-8d45-a5e66a9bf470;409.96;1.02;BUY
2016-03-09T01:00:31.713000;2016-03-09T01:00:31.880000;374844d0-9f34-4f7b-8eb8-01424f60e636;409.97;2.55218;BUY
2016-03-09T01:01:02.330000;2016-03-09T01:01:02.380000;cc8ee2d7-22d8-4f85-846f-54ea7b802217;409.96;0.25;BUY
2016-03-09T01:01:02.330000;2016-03-09T01:01:02.397000;a1d9a863-04c0-4327-b49d-a4338602788e;410.01;0.107;BUY
2016-03-09T01:01:02.330000;2016-03-09T01:01:02.397000;f882e122-4a33-4f57-a586-50cdb6d32c36;410.07;0.02;BUY
2016-03-09T01:01:02.330000;2016-03-09T01:01:02.397000;e29389f8-2d75-496e-bf37-0c18f0d67728;410.1;0.01;BUY
2016-03-09T01:01:02.330000;2016-03-09T01:01:02.397000;683d510e-818b-4eb0-af22-3348c07ea2a4;410.11;0.02;BUY
2016-03-09T01:01:02.330000;2016-03-09T01:01:02.397000;489d8b03-a878-4359-b2d5-8477b77f9ee6;410.12;0.01;BUY
2016-03-09T01:01:02.333000;2016-03-09T01:01:02.397000;e86327fc-c8fd-4909-8ff8-bcaad1276b24;410.12;0.079;BUY
2016-03-09T01:01:02.333000;2016-03-09T01:01:02.410000;ba365576-fa46-406e-82ab-2c177c5b897a;410.14;1.84011;BUY
2016-03-09T01:01:31.350000;2016-03-09T01:01:31.380000;a44708e1-469c-41af-a4af-659c6af73c33;409.96;0.318;BUY
2016-03-09T01:01:31.350000;2016-03-09T01:01:31.397000;eb02ac87-e084-4883-b1d1-7eb3ddc5aa8d;409.97;3.399;BUY
2016-03-09T01:01:31.350000;2016-03-09T01:01:31.397000;ee2a3abe-3773-4304-b437-b8aa1bed2ba4;410.07;9.59957;BUY
2016-03-09T01:02:01.363000;2016-03-09T01:02:01.410000;83c24f9e-8478-402a-b78a-7dd49e903f22;409.87;0.01;SELL
2016-03-09T01:02:01.363000;2016-03-09T01:02:01.410000;c695382e-0e44-44d7-acdf-f2b6fad00e02;409.86;0.02;SELL
2016-03-09T01:02:01.363000;2016-03-09T01:02:01.410000;dbc454b3-73fb-4afd-bb93-e9993ee85234;409.82;0.02;SELL
2016-03-09T01:02:01.367000;2016-03-09T01:02:01.410000;9764aab5-4f04-4178-bdc3-d79df6621fa0;409.78;0.02;SELL
2016-03-09T01:02:01.367000;2016-03-09T01:02:01.443000;a99c3914-6689-4f6c-acd3-4f13959ab2b2;409.75;0.15944;SELL
2016-03-09T01:02:31.340000;2016-03-09T01:02:31.380000;d4646a23-6c4c-49c8-bdd0-7d9b3196e900;409.76;0.01;SELL
2016-03-09T01:02:31.340000;2016-03-09T01:02:31.397000;246e4163-48c3-426d-9335-4ccc10c4d91d;409.74;0.02;SELL
2016-03-09T01:02:31.340000;2016-03-09T01:02:31.397000;7832c0da-e399-43d0-98b7-a3cb53380e5b;409.7;0.02;SELL
2016-03-09T01:02:31.340000;2016-03-09T01:02:31.397000;b05f7261-b29c-41ed-9756-01d6affc9e17;409.69;0.08;SELL
2016-03-09T01:02:31.340000;2016-03-09T01:02:31.410000;4b210377-84be-463e-8277-bb7b15d712a9;409.67;0.01;SELL
2016-03-09T01:03:02.250000;2016-03-09T01:03:02.287000;178ee850-04b2-4265-a82b-5ec0d9ac74ec;409.73;0.14099;BUY
2016-03-09T01:03:23.787000;2016-03-09T01:03:23.833000;7f5fff3d-2c37-4aee-8455-0dccf4a82ee8;409.66;0.02;SELL
2016-03-09T01:03:23.787000;2016-03-09T01:03:23.833000;04e34ed9-6e1c-4b13-81be-8a5668e8fb22;409.65;0.1357;SELL
2016-03-09T01:03:23.787000;2016-03-09T01:03:23.863000;5a2a7b30-c7ed-4cfc-a041-85aa51c0de9d;409.62;0.02;SELL
2016-03-09T01:03:23.787000;2016-03-09T01:03:23.863000;3e26ea3d-3622-48fd-9160-826857fc260f;409.58;0.02;SELL
2016-03-09T01:03:23.787000;2016-03-09T01:03:23.863000;8b6800ce-01a2-42be-aeee-22b4c9efdbe4;409.57;0.105;SELL
2016-03-09T01:03:26.820000;2016-03-09T01:03:26.863000;dbad6e4f-fab9-4463-b98a-12e04453b9e6;409.54;0.02;SELL
2016-03-09T01:03:26.820000;2016-03-09T01:03:26.863000;916f4b43-666d-47db-8a3c-5e3000758088;409.5;0.02;SELL
2016-03-09T01:03:26.820000;2016-03-09T01:03:26.863000;9197cf39-868a-4075-bb68-d2ef168fa1ea;409.48;0.01;SELL
2016-03-09T01:03:26.820000;2016-03-09T01:03:26.897000;83b08f68-5c9b-42c1-ad73-96a8629ea0c9;409.46;0.02;SELL
2016-03-09T01:03:26.820000;2016-03-09T01:03:26.897000;93f2269d-1284-4551-9b38-283689c5b46a;409.43;0.475;SELL
2016-03-09T01:03:26.820000;2016-03-09T01:03:26.897000;47b611ed-0bc7-4549-a25f-24e764700f00;409.42;0.02;SELL
2016-03-09T01:03:26.820000;2016-03-09T01:03:26.897000;a47636da-825c-4876-be94-1c35ddcc4e77;409.38;0.02;SELL
2016-03-09T01:03:26.820000;2016-03-09T01:03:26.897000;8254483b-cfde-4d9b-a187-e9b88d1547f1;409.38;0.448;SELL
2016-03-09T01:03:26.820000;2016-03-09T01:03:26.910000;458672d4-3794-4f17-94dc-b5733523bf37;409.34;0.02;SELL
2016-03-09T01:03:26.820000;2016-03-09T01:03:26.910000;fdbdf125-8e9c-4c8f-894a-9e1462edd37a;409.33;0.447;SELL
2016-03-09T01:03:26.820000;2016-03-09T01:03:26.910000;4c718495-d093-4396-9f5c-dd2c55c7dc80;409.31;0.1;SELL
2016-03-09T01:03:26.820000;2016-03-09T01:03:26.927000;65d72cb0-86d4-4fd4-99ad-b60a37f80641;409.31;1.0;SELL
2016-03-09T01:03:26.820000;2016-03-09T01:03:26.927000;5f8e12fa-c48f-4a3a-9ac7-5eab299d57c6;409.3;0.2;SELL
2016-03-09T01:03:26.820000;2016-03-09T01:03:26.927000;9bc35934-c463-409d-8333-ead7bef58e0c;409.3;0.02;SELL
2016-03-09T01:03:26.820000;2016-03-09T01:03:26.927000;ba96a3f2-448f-4e6b-93a5-524b13ee3e3e;409.3;1.277;SELL
2016-03-09T01:03:26.820000;2016-03-09T01:03:26.943000;89074aef-d68c-4a0a-bb41-0fb0d53ca968;409.29;0.01;SELL
2016-03-09T01:03:26.820000;2016-03-09T01:03:26.943000;2e5503b9-ae89-4c9c-b7e3-d5bdab85c344;409.27;0.01;SELL
2016-03-09T01:03:26.823000;2016-03-09T01:03:26.943000;4c1b026a-4175-49d9-99bd-2c06a4bce0ca;409.26;0.02;SELL
2016-03-09T01:03:26.823000;2016-03-09T01:03:26.943000;ca06ed09-0343-485b-97fc-6ce246ed7f60;409.24;0.122;SELL
2016-03-09T01:03:26.823000;2016-03-09T01:03:26.943000;f6f26747-ff02-4dc5-ad0c-691ccc6806bd;409.22;0.02;SELL
2016-03-09T01:03:26.823000;2016-03-09T01:03:26.957000;61d43b6d-f6bb-4efd-bd5c-1ab3f1ed673b;409.2;0.02;SELL
2016-03-09T01:03:26.823000;2016-03-09T01:03:26.957000;9df646db-fc0c-46e9-9599-62a03f836044;409.19;0.01;SELL
2016-03-09T01:03:26.823000;2016-03-09T01:03:26.957000;a106f3d6-a9e7-4268-bb6c-fc5ce39cccf9;409.18;0.02;SELL
2016-03-09T01:03:26.823000;2016-03-09T01:03:26.957000;1ff0b976-d88a-479f-8150-374c129345d5;409.18;0.44;SELL
2016-03-09T01:03:26.823000;2016-03-09T01:03:26.973000;3cf6e69e-3eee-4dd5-991c-6a30a8158b8c;409.17;0.24;SELL
2016-03-09T01:03:26.823000;2016-03-09T01:03:26.973000;0e26b876-fa54-43c4-9ef9-1ffd3bf62dfd;409.16;0.01;SELL
2016-03-09T01:03:26.823000;2016-03-09T01:03:26.973000;e2944b1b-5206-4c3b-bc61-12edec59bbc0;409.16;0.01;SELL
2016-03-09T01:03:26.823000;2016-03-09T01:03:26.990000;6a302f90-f745-40de-8a91-1ede616bdf04;409.16;0.06;SELL
2016-03-09T01:03:26.823000;2016-03-09T01:03:26.990000;788f5ff0-84f0-48aa-98b6-d58bd95d1de9;409.15;0.01;SELL
2016-03-09T01:03:26.823000;2016-03-09T01:03:26.990000;dc44c773-39e5-4696-861e-4dc7e7af541c;409.14;0.02;SELL
2016-03-09T01:03:26.823000;2016-03-09T01:03:26.990000;7da22bbf-05a8-4399-acdc-4cb81c1b584d;409.12;0.46;SELL
2016-03-09T01:03:29.220000;2016-03-09T01:03:29.257000;a22f514e-ecd9-4e25-b05b-5dbeec0aff38;409.15;0.01;SELL
2016-03-09T01:03:29.220000;2016-03-09T01:03:29.257000;2e1aeb9c-9374-4022-bbd4-baaed8dd8c9c;409.14;0.01;SELL
2016-03-09T01:03:29.220000;2016-03-09T01:03:29.287000;b2b7ef96-d977-4e89-bfac-f98e996fa635;409.12;0.04;SELL
2016-03-09T01:03:29.220000;2016-03-09T01:03:29.287000;56a4e8e3-1d96-4581-8892-9e7eeac1881d;409.1;0.02;SELL
2016-03-09T01:03:29.220000;2016-03-09T01:03:29.287000;9ffef6d2-0f40-46f2-b3b2-730832a760ec;409.09;0.01;SELL
2016-03-09T01:03:29.220000;2016-03-09T01:03:29.287000;26b83b07-bde7-4494-8c80-14b7e4bbee93;409.06;0.02;SELL
2016-03-09T01:03:29.220000;2016-03-09T01:03:29.303000;dc0324fe-679a-42ae-9a32-b27762c593c9;409.03;0.01;SELL
2016-03-09T01:03:29.220000;2016-03-09T01:03:29.303000;7f23a896-e8f7-412a-9511-e6d894f9636c;409.02;0.02;SELL
2016-03-09T01:03:29.220000;2016-03-09T01:03:29.303000;5ea7d240-2894-4f05-8d65-05dc031ac2e4;409.0;0.01;SELL
2016-03-09T01:03:29.223000;2016-03-09T01:03:29.303000;240dead1-9da5-4d8c-9349-824bf6de7cef;409.0;0.125;SELL
2016-03-09T01:03:29.223000;2016-03-09T01:03:29.317000;e0ec32b2-488c-45f4-9841-5813e24d4619;409.0;0.20301326;SELL
2016-03-09T01:03:29.223000;2016-03-09T01:03:29.317000;2538ace2-edd7-4037-8fd0-6e7d34e055e5;409.0;0.04;SELL
2016-03-09T01:03:29.223000;2016-03-09T01:03:29.317000;094067be-90f3-4699-94f8-3c79cc6754c3;408.99;0.01;SELL
2016-03-09T01:03:29.223000;2016-03-09T01:03:29.317000;9b214dd2-8925-4e1e-a12b-cbe333e68fa2;408.98;0.02;SELL
2016-03-09T01:03:29.223000;2016-03-09T01:03:29.333000;43bf82ff-cee8-4f0b-993e-8891289f464f;408.96;6.50298674;SELL
2016-03-09T01:03:30.820000;2016-03-09T01:03:30.850000;9f2357ad-e170-48c8-ac52-356fee217746;409.03;0.01;SELL
2016-03-09T01:03:31.423000;2016-03-09T01:03:31.457000;af7e9ac4-d59c-4b6b-84ce-0787056f3be0;409.18;0.57399;BUY
2016-03-09T01:03:33.747000;2016-03-09T01:03:33.787000;013852fd-4c94-4790-8555-892f1541a0a6;408.95;0.1;SELL
2016-03-09T01:03:33.747000;2016-03-09T01:03:33.803000;2ee5edc3-2c3a-4859-a2b8-c60342245ddc;408.94;0.02;SELL
2016-03-09T01:03:37.133000;2016-03-09T01:03:37.160000;f2843e98-0ec3-44d6-aa1a-6609cf30d3b2;409.02;0.55;SELL
2016-03-09T01:04:01.363000;2016-03-09T01:04:01.397000;21502da9-6fe4-4541-b195-b0875213dc48;408.92;0.01012667;BUY
2016-03-09T01:04:17.137000;2016-03-09T01:04:17.160000;49eed5b2-bb72-422e-93c3-27781aa6b4a6;408.92;0.111;BUY
2016-03-09T01:04:31.447000;2016-03-09T01:04:31.473000;fee1bb7e-482c-4b6b-aa80-a6a3c0774b41;408.92;0.12887333;BUY
2016-03-09T01:04:31.447000;2016-03-09T01:04:31.490000;2b157cac-37bc-416d-bf72-a57840eb3cf7;408.92;6.93393667;BUY
2016-03-09T01:04:55.163000;2016-03-09T01:04:55.193000;0676c759-c54f-44a8-b2bd-9902c77d3e41;408.98;0.25;BUY
2016-03-09T01:04:55.163000;2016-03-09T01:04:55.207000;86bed2b2-0dc8-4adc-89cf-d3ad573e8e63;408.99;11.9;BUY
2016-03-09T01:04:55.163000;2016-03-09T01:04:55.207000;d3fd42b4-d66c-4bd8-94b2-d245fe7d30ed;409.0;0.01;BUY
2016-03-09T01:04:55.163000;2016-03-09T01:04:55.207000;551b6889-c411-4c0e-b817-ccfa04a83175;409.01;2.393;BUY
2016-03-09T01:04:55.167000;2016-03-09T01:04:55.207000;0fc93a0e-8288-4338-95f0-c523db880d87;409.09;5.44;BUY
2016-03-09T01:04:55.167000;2016-03-09T01:04:55.223000;14a916db-53a4-4a8e-82ab-19afcd0875d0;409.1;0.39;BUY
2016-03-09T01:04:55.167000;2016-03-09T01:04:55.223000;e67c9f5d-3d0c-4eae-896e-bf080b147b5c;409.15;4.08;BUY
2016-03-09T01:04:55.167000;2016-03-09T01:04:55.257000;2c9fb705-2bfd-4e14-85b8-5c4b1f74b551;409.16;7.9075;BUY
2016-03-09T01:04:55.167000;2016-03-09T01:04:55.257000;321ce978-6eb8-4603-aa00-e26bf5b96eee;409.17;0.387;BUY
2016-03-09T01:04:55.167000;2016-03-09T01:04:55.257000;698bd21f-2582-4c10-9a3d-33549152a7d2;409.18;3.02001;BUY
2016-03-09T01:04:55.167000;2016-03-09T01:04:55.257000;c35e2a68-f6ee-4f84-bd21-851fc0dd45d6;409.19;0.02;BUY
2016-03-09T01:04:55.167000;2016-03-09T01:04:55.257000;e4d89dea-34aa-41bd-ac6d-7d6d7d27d5ed;409.2;0.2;BUY
2016-03-09T01:04:55.167000;2016-03-09T01:04:55.257000;8fa9f1e1-b986-4b44-ab36-5dd57e4b92d8;409.22;0.01;BUY
2016-03-09T01:04:55.167000;2016-03-09T01:04:55.270000;62837f73-9650-4692-b997-73b0f80ef238;409.23;0.02;BUY
2016-03-09T01:04:55.167000;2016-03-09T01:04:55.270000;40c6cc19-1260-4980-8907-a93859677326;409.27;0.02;BUY
2016-03-09T01:04:55.167000;2016-03-09T01:04:55.287000;fc518704-517c-4434-b510-d2122381526c;409.31;0.02;BUY
2016-03-09T01:04:55.167000;2016-03-09T01:04:55.287000;32be24cc-c627-4a2f-8cd6-19f78126421b;409.33;2.391;BUY
2016-03-09T01:04:55.167000;2016-03-09T01:04:55.287000;70bf971a-a25b-440e-8f8c-3fdbebb54b36;409.35;0.02;BUY
2016-03-09T01:04:55.167000;2016-03-09T01:04:55.287000;b9a26b88-84db-40d8-93ee-39135189ed0a;409.36;0.01;BUY
2016-03-09T01:04:55.170000;2016-03-09T01:04:55.287000;3244a171-987d-45bc-9782-5da18c668113;409.37;0.01;BUY
2016-03-09T01:04:55.170000;2016-03-09T01:04:55.303000;6061e44e-8e4a-4833-8bb6-b49d752e21b4;409.39;0.02;BUY
2016-03-09T01:04:55.170000;2016-03-09T01:04:55.303000;8752b396-91ff-46a0-8fb9-bd777497dedd;409.42;3.1;BUY
2016-03-09T01:04:55.170000;2016-03-09T01:04:55.303000;e6b79bf9-fba5-4622-8d9c-a7c9773bed41;409.43;0.02;BUY
2016-03-09T01:04:55.170000;2016-03-09T01:04:55.317000;ae7fa851-b96a-4600-9de3-206f5dae8048;409.46;8.84;BUY
2016-03-09T01:04:55.170000;2016-03-09T01:04:55.317000;a5fbeb20-0c33-40d7-a3b9-7f730ffeac37;409.47;0.02;BUY
2016-03-09T01:04:55.170000;2016-03-09T01:04:55.317000;b1abf4f9-4a53-4a12-843f-6531eb4a63ce;409.48;8.5;BUY
2016-03-09T01:04:55.170000;2016-03-09T01:04:55.317000;eb902a4a-8743-4a27-a666-4ac81fb07945;409.49;1.22277238;BUY
2016-03-09T01:04:57.613000;2016-03-09T01:04:57.630000;e7332207-d1dd-41cb-b474-3a4fc1e8e3ef;408.95;0.01;SELL
2016-03-09T01:04:57.613000;2016-03-09T01:04:57.647000;fe5f33af-1ed4-40dc-bc3f-ec320ecdc45c;408.94;0.02;SELL
2016-03-09T01:04:57.613000;2016-03-09T01:04:57.647000;cc5b29bd-feec-4525-87f6-f4f3e021cf6a;408.92;0.01;SELL
2016-03-09T01:05:01.387000;2016-03-09T01:05:01.410000;e913908c-3688-4d46-8d7b-c7da5b38c59d;408.9;0.02;SELL
2016-03-09T01:05:01.387000;2016-03-09T01:05:01.427000;5f8084d5-3d5d-4a3b-8df0-168a6567d4c0;408.89;0.01;SELL
2016-03-09T01:05:01.387000;2016-03-09T01:05:01.427000;ec559aec-54dd-4241-8323-6c9dd01a2a09;408.89;0.01;SELL
2016-03-09T01:05:01.387000;2016-03-09T01:05:01.427000;6f4dcc07-fef9-481c-89bf-26f99510ba1c;408.86;0.02;SELL
2016-03-09T01:05:01.387000;2016-03-09T01:05:01.443000;e9a066ba-bc61-4213-8914-29708812d611;408.82;0.02;SELL
2016-03-09T01:05:01.387000;2016-03-09T01:05:01.443000;3b94f36b-e2dc-43bc-9e45-adb3679d9b35;408.79;0.01;SELL
2016-03-09T01:05:01.387000;2016-03-09T01:05:01.443000;2d57d1ca-ac26-476f-99c3-942e4f9030c4;408.78;0.02;SELL
2016-03-09T01:05:01.387000;2016-03-09T01:05:01.443000;8a1bc630-3e0b-41d1-8aec-816bf1f1b5f2;408.76;0.02;SELL
2016-03-09T01:05:01.387000;2016-03-09T01:05:01.473000;312ddc18-d341-4e02-9f86-b0ab2ee74017;408.76;0.09;SELL
2016-03-09T01:05:01.387000;2016-03-09T01:05:01.473000;0e158ac1-d320-49bb-93d5-50ebec167147;408.75;0.06787;SELL
2016-03-09T01:05:01.473000;2016-03-09T01:05:01.537000;cf23b0cb-6a82-4e1f-a404-fdf0e21ed55f;408.91;0.01023;BUY
2016-03-09T01:05:31.333000;2016-03-09T01:05:31.350000;3359f6bd-7745-4f24-b2e5-0e256fcff3df;408.81;3.07498;BUY
2016-03-09T01:06:01.377000;2016-03-09T01:06:01.397000;47599adc-c7aa-468c-bdab-6a35df47e49a;408.81;0.0241;BUY
2016-03-09T01:06:01.767000;2016-03-09T01:06:01.803000;5633afa2-33e4-4a00-8945-dcdc2a995277;408.81;0.01;BUY
2016-03-09T01:06:31.400000;2016-03-09T01:06:31.427000;f2bd233a-c92d-4074-bdbf-483b98e09693;408.8;0.01;SELL
2016-03-09T01:06:31.403000;2016-03-09T01:06:31.427000;a41f5c92-6577-43d2-b921-7d64741acd01;408.8;0.01;SELL
2016-03-09T01:06:31.403000;2016-03-09T01:06:31.443000;b2fad2f1-1468-4b5c-a679-1eff4813f2e8;408.8;1.54286;SELL
2016-03-09T01:07:01.403000;2016-03-09T01:07:01.427000;c5450ef7-f53f-4fb3-8f0d-c75ee11b0137;408.8;0.15577;SELL
2016-03-09T01:07:01.790000;2016-03-09T01:07:01.803000;03552d56-ed93-4941-ab77-f60b8a61d779;408.81;0.01044;BUY
2016-03-09T01:07:34.703000;2016-03-09T01:07:34.723000;89ee6a4b-b2a5-44ad-8f45-e40f27eb835f;408.8;0.11357;SELL
2016-03-09T01:08:01.517000;2016-03-09T01:08:01.537000;819eb3df-3deb-40b2-a1bc-3e3f17267919;408.81;0.16954;BUY
2016-03-09T01:08:31.360000;2016-03-09T01:08:31.380000;fe4b3c17-a3ec-4a6e-99fd-698d2ff9a0ce;408.81;0.48438;BUY
2016-03-09T01:08:41.843000;2016-03-09T01:08:41.880000;cf9d45cb-3cdc-4276-a60f-7784da228fa4;408.85;0.01;SELL
2016-03-09T01:09:01.813000;2016-03-09T01:09:01.833000;3d62a662-2f25-415f-9b38-7b22fa598bdd;408.98;0.01;BUY
2016-03-09T01:09:01.813000;2016-03-09T01:09:01.850000;1b2ae47f-f69b-4772-b550-a79e16614ece;408.98;0.086;BUY
2016-03-09T01:09:01.813000;2016-03-09T01:09:01.850000;7e3ce92a-def1-43bc-a8b0-7682f0133319;409.0;0.00083;BUY
2016-03-09T01:09:31.320000;2016-03-09T01:09:31.350000;b735639b-e92f-404b-ad13-e4a5a9c5a766;409.0;0.00917;BUY
2016-03-09T01:09:31.320000;2016-03-09T01:09:31.350000;6732cfee-9c7d-498c-ad9c-c9c48ac207ad;409.03;0.02;BUY
2016-03-09T01:09:31.320000;2016-03-09T01:09:31.350000;65fa89ae-ffb1-41d5-bd2d-f2dd102e0d34;409.07;0.02;BUY
2016-03-09T01:09:31.320000;2016-03-09T01:09:31.380000;7a0aee26-1d6e-4f7a-bf95-6541d195dd01;409.08;0.378;BUY
2016-03-09T01:09:31.320000;2016-03-09T01:09:31.380000;bf70b60b-3350-41a4-9eb5-b43e282262c1;409.1;0.01;BUY
2016-03-09T01:09:31.320000;2016-03-09T01:09:31.380000;89371df9-ca2a-4fec-b89b-c4a45e937caf;409.11;0.02;BUY
2016-03-09T01:09:31.320000;2016-03-09T01:09:31.380000;0b8f7e97-4bbd-4854-8258-c5b38a536d08;409.12;0.01;BUY
2016-03-09T01:09:31.320000;2016-03-09T01:09:31.380000;3bd0aaf3-8a5b-415b-8a95-c2d0ed83e2a2;409.13;0.01;BUY
2016-03-09T01:09:31.320000;2016-03-09T01:09:31.380000;e6e3ee1b-4707-4c9d-a650-3a10120661c4;409.15;0.02;BUY
2016-03-09T01:09:31.320000;2016-03-09T01:09:31.380000;85967d7e-4b69-45f5-b6f1-b7ef6e83fcdf;409.19;0.01351;BUY
2016-03-09T01:10:01.567000;2016-03-09T01:10:01.583000;aaf31ec2-c7db-4575-8031-03d77b8a679d;409.18;1.06672;BUY
2016-03-09T01:10:16.110000;2016-03-09T01:10:16.130000;3a195573-5cc8-41c2-b528-3976cd35cb04;409.18;0.75;BUY
2016-03-09T01:10:31.320000;2016-03-09T01:10:31.333000;39fa9bfe-c8e9-49ed-bf4a-48b7dc1e673c;409.19;0.00649;BUY
2016-03-09T01:10:31.320000;2016-03-09T01:10:31.350000;0bd7d451-8e34-4f1e-a41e-0db00b5eb41b;409.48;0.5;BUY
2016-03-09T01:10:31.320000;2016-03-09T01:10:31.350000;dbbd0543-f4ec-4acb-b2f2-0263afa6f5e1;409.51;0.02;BUY
2016-03-09T01:10:31.323000;2016-03-09T01:10:31.350000;b1bb74e6-115c-4e9a-9811-816a5424e214;409.55;0.02;BUY
2016-03-09T01:10:31.323000;2016-03-09T01:10:31.363000;e4019cd3-68d7-4b09-ad2d-1e3eb40a7f46;409.59;0.02;BUY
2016-03-09T01:10:31.323000;2016-03-09T01:10:31.427000;8a034065-a3ab-4c78-b3c4-6631781c4c36;409.62;0.01;BUY
2016-03-09T01:10:31.323000;2016-03-09T01:10:31.427000;a3895ad5-3d9d-47e0-b12f-776588afe6b0;409.63;0.14892;BUY
2016-03-09T01:11:01.380000;2016-03-09T01:11:01.410000;65a149dc-7bee-4b37-bf75-1a7efabdf153;409.63;0.01;BUY
2016-03-09T01:11:01.380000;2016-03-09T01:11:01.410000;e6ed411f-4e1a-4007-98c9-e3cc2c9297b0;409.63;0.02;BUY
2016-03-09T01:11:01.383000;2016-03-09T01:11:01.410000;a1407a5a-d3e9-40cd-b989-3bd3a3b448dc;409.63;0.89168;BUY
2016-03-09T01:12:31.413000;2016-03-09T01:12:31.443000;9944e3a5-1b53-4da1-8693-01ae5ea8857c;409.63;0.18129;BUY
2016-03-09T01:13:01.373000;2016-03-09T01:13:01.580000;1c2c15c5-15fd-430b-9e3f-db810f8c26ff;409.67;0.2;BUY
2016-03-09T01:13:01.373000;2016-03-09T01:13:01.580000;4b7da577-be0b-4154-adaa-2634c37e0f86;409.67;0.02;BUY
2016-03-09T01:13:01.373000;2016-03-09T01:13:01.580000;c092c821-ab47-4a3f-af07-c8306b0bd0e0;409.67;0.02171;BUY
2016-03-09T01:14:01.390000;2016-03-09T01:14:01.597000;83c409d4-dcf8-4d03-903d-4694ef75193b;409.63;0.10037;SELL
2016-03-09T01:14:31.850000;2016-03-09T01:14:32.063000;52ad8cb0-3252-4d21-a3f4-4dfafdeb3f28;409.62;0.01;SELL
2016-03-09T01:14:31.850000;2016-03-09T01:14:32.063000;60900ffc-fc1b-455c-9c29-d645978c400b;409.57;0.02;SELL
2016-03-09T01:14:31.850000;2016-03-09T01:14:32.080000;23cc90b5-0dcc-4630-992d-f3dce8da576a;409.56;0.127;SELL
2016-03-09T01:14:31.850000;2016-03-09T01:14:32.080000;ddc30788-a044-49ac-b4df-471012f0533a;409.53;0.01;SELL
2016-03-09T01:14:31.850000;2016-03-09T01:14:32.080000;2952583a-3989-4c3c-8172-ebd25f06c20e;409.53;0.02;SELL
2016-03-09T01:14:31.850000;2016-03-09T01:14:32.080000;fc329d5a-5415-45bc-8fd9-6da37e77a05d;409.49;0.02;SELL
2016-03-09T01:14:31.850000;2016-03-09T01:14:32.110000;c9ea6d31-b75c-43a0-9de2-6e1179124078;409.48;0.01;SELL
2016-03-09T01:14:31.850000;2016-03-09T01:14:32.110000;a3e64011-ce7a-475c-8025-7bf7ec2d7c31;409.48;0.01505;SELL
2016-03-09T01:15:01.433000;2016-03-09T01:15:01.627000;85431616-8b2d-4287-93e3-4c7b85894b43;409.49;0.01;SELL
2016-03-09T01:15:01.433000;2016-03-09T01:15:01.643000;3bedfadc-3c01-4a02-ab6f-66378dec4073;409.48;0.475;SELL
2016-03-09T01:15:01.433000;2016-03-09T01:15:01.643000;e73dde0e-9b18-4ff1-8ee5-da5541eed4b1;409.47;0.441;SELL
2016-03-09T01:15:31.390000;2016-03-09T01:15:31.597000;a9adfed4-9ef7-4ecc-b984-c47bf9d7886b;409.66;0.52688;BUY
2016-03-09T01:16:04.380000;2016-03-09T01:16:04.580000;4b9b9c3c-c0b5-4397-849c-0433398ee6a7;409.66;0.48337;BUY
2016-03-09T01:17:01.643000;2016-03-09T01:17:01.830000;574170c0-2a75-4579-8959-4ebf529626b0;409.46;0.03917;BUY
2016-03-09T01:17:31.320000;2016-03-09T01:17:31.517000;b4c8abce-128c-4c3d-b9ff-b7281c3a8e6c;409.45;0.02;SELL
2016-03-09T01:17:31.320000;2016-03-09T01:17:31.533000;cc1e92e8-ece7-44dc-884f-58b63663a97b;409.45;0.23673037;SELL
2016-03-09T01:17:31.320000;2016-03-09T01:17:31.533000;d4f7631f-93aa-47d4-bfe0-4b2c95f2c5fd;409.44;0.081;SELL
2016-03-09T01:17:31.320000;2016-03-09T01:17:31.533000;37457e69-c4c8-4f8b-8a5d-039a571b8fc1;409.41;0.02;SELL
2016-03-09T01:17:31.320000;2016-03-09T01:17:31.550000;0b9bfb4b-6f3f-45d9-a6f7-5ef1e3860c54;409.4;0.01;SELL
2016-03-09T01:17:31.320000;2016-03-09T01:17:31.550000;94966c46-71f0-488f-b721-7c4ee33f4071;409.4;0.18;SELL
2016-03-09T01:17:31.320000;2016-03-09T01:17:31.550000;06bf08bf-116a-47df-a6d5-3390585df5e0;409.39;0.078;SELL
2016-03-09T01:17:31.320000;2016-03-09T01:17:31.550000;9b2f662f-bc35-4f40-a8c0-2ca9fc0070c4;409.38;0.4;SELL
2016-03-09T01:17:31.320000;2016-03-09T01:17:31.563000;810a84de-63e4-48bb-b8f6-ec08a592eafa;409.38;4.08566963;SELL
2016-03-09T01:18:02.000000;2016-03-09T01:18:02.203000;1225a169-5868-4c85-ad12-3990c90820d9;409.46;0.14993;BUY
2016-03-09T01:19:01.473000;2016-03-09T01:19:01.657000;2ee0661a-9238-4893-8b57-7ea35e67eb13;409.37;0.02;SELL
2016-03-09T01:19:01.473000;2016-03-09T01:19:01.673000;22f96022-b614-40ed-80cd-829cd4c8136f;409.37;0.00312;SELL
2016-03-09T01:19:31.400000;2016-03-09T01:19:31.610000;f2165316-12f7-4944-9c64-14d1ce61d2e4;409.34;1.62895;SELL
2016-03-09T01:20:01.363000;2016-03-09T01:20:01.550000;d7ca1101-ed19-43ba-a81e-2f7effa4cfe7;409.44;0.19921;BUY
2016-03-09T01:20:31.537000;2016-03-09T01:20:31.737000;3b9676c8-e16b-4250-b073-51603b52673f;409.33;0.02;SELL
2016-03-09T01:20:31.537000;2016-03-09T01:20:31.737000;6e47fd98-968a-411b-b37a-0a2a2bc578fa;409.33;0.095;SELL
2016-03-09T01:20:31.537000;2016-03-09T01:20:31.737000;d8ff3d48-ede4-43a5-8106-54914f8be597;409.3;0.01;SELL
2016-03-09T01:20:31.537000;2016-03-09T01:20:31.753000;d2ae4aff-f84c-4a15-83c9-36da5fb25539;409.29;1.72703;SELL
2016-03-09T01:20:50.853000;2016-03-09T01:20:51.033000;8b326df1-6a2c-4871-8319-6d97f11b7bcc;409.44;0.45;BUY
2016-03-09T01:21:02.660000;2016-03-09T01:21:02.847000;c6fe9a6b-336a-443a-a61d-e16216f4fc52;409.43;0.98;BUY
2016-03-09T01:21:02.660000;2016-03-09T01:21:02.860000;d95d8251-4840-4436-838b-94e971c87686;409.44;0.14;BUY
2016-03-09T01:21:02.660000;2016-03-09T01:21:02.860000;770c1576-3a89-4546-a2fe-f8abf41ff60a;409.46;0.2209;BUY
2016-03-09T01:21:02.660000;2016-03-09T01:21:02.860000;9b53f3e2-2681-4123-af01-9c52f5654df1;409.48;0.95503;BUY
2016-03-09T01:21:34.003000;2016-03-09T01:21:34.190000;cef57c37-f5a1-4f0e-90e6-55114bbc26ea;409.42;0.66384253;SELL
2016-03-09T01:21:34.003000;2016-03-09T01:21:34.207000;de4f6de1-8d9d-416e-8a82-ef92b3fe55af;409.42;0.142;SELL
2016-03-09T01:21:34.003000;2016-03-09T01:21:34.207000;cc6022f5-75b9-48b1-b3c8-06b97a8b9ef4;409.36;0.02;SELL
2016-03-09T01:21:34.003000;2016-03-09T01:21:34.220000;783dc5a5-080f-40c6-a7e0-fdb2feb91d51;409.33;0.01;SELL
2016-03-09T01:21:34.003000;2016-03-09T01:21:34.220000;aa62f8ae-09c5-4a25-b54d-0327337106a8;409.29;0.02;SELL
2016-03-09T01:21:34.003000;2016-03-09T01:21:34.220000;ac938715-6b22-4fc4-9463-39f5c51eefb7;409.25;0.02;SELL
2016-03-09T01:21:34.003000;2016-03-09T01:21:34.220000;6b0f51a6-0e25-4214-bf02-fdb37f795c51;409.24;4.15675747;SELL
2016-03-09T01:22:31.357000;2016-03-09T01:22:31.563000;3e2b34ed-53d7-41c8-95ec-21aac4134fc3;409.48;0.32197;BUY
2016-03-09T01:22:31.357000;2016-03-09T01:22:31.563000;20999ac0-afd2-49cf-89e0-ad4d0f237ec6;409.48;0.2728;BUY
2016-03-09T01:23:01.443000;2016-03-09T01:23:01.627000;ebfafc0a-8aec-452f-91bf-106fbccdec32;409.48;0.30949;BUY
2016-03-09T01:23:31.370000;2016-03-09T01:23:31.550000;79db6bc8-d1b2-4fd5-adda-4d78bbedb07a;409.48;0.2175;BUY
2016-03-09T01:25:04.393000;2016-03-09T01:25:04.563000;02340749-ef17-4c0c-a759-c7b03820c728;409.48;0.20435245;BUY
2016-03-09T01:25:04.393000;2016-03-09T01:25:04.580000;76278beb-c419-4117-9d86-c22be9457ab9;409.5;0.02;BUY
2016-03-09T01:25:04.393000;2016-03-09T01:25:04.580000;fbfba76f-88d9-4e8b-8be0-7b57e452ccd0;409.53;0.01;BUY
2016-03-09T01:25:04.393000;2016-03-09T01:25:04.597000;eba697ec-7b08-4696-b00b-aa53ff5a520b;409.54;0.02;BUY
2016-03-09T01:25:04.393000;2016-03-09T01:25:04.597000;6e9dc81a-0169-4411-98c9-7e2f54021423;409.56;0.01;BUY
2016-03-09T01:25:04.393000;2016-03-09T01:25:04.597000;0d9c6849-35d3-46c0-a237-491fc376d56e;409.58;0.02;BUY
2016-03-09T01:25:04.393000;2016-03-09T01:25:04.597000;ba34e468-dd50-4ec8-a977-a5adedc0909f;409.62;0.02;BUY
2016-03-09T01:25:04.393000;2016-03-09T01:25:04.597000;d7139589-09f7-477b-9a05-c97f225387fd;409.63;0.099;BUY
2016-03-09T01:25:04.393000;2016-03-09T01:25:04.610000;6189c83d-0ad3-46f0-a196-5fa0f972f490;409.66;0.02;BUY
2016-03-09T01:25:04.393000;2016-03-09T01:25:04.610000;43075a8e-889a-4174-9440-b86b9603f9d2;409.67;0.01428755;BUY
2016-03-09T01:25:31.390000;2016-03-09T01:25:31.563000;b53588bf-f43d-4a6e-865b-8e2830821eb5;409.67;0.16400245;BUY
2016-03-09T01:25:31.390000;2016-03-09T01:25:31.580000;5758b24f-70a2-43ac-960e-597be08246be;409.67;0.01;BUY
2016-03-09T01:25:31.390000;2016-03-09T01:25:31.580000;00b6a60a-1f9c-488a-b637-e4d54f770cd6;409.7;0.02;BUY
2016-03-09T01:25:31.393000;2016-03-09T01:25:31.580000;eec7ffec-2f2d-41dd-9adc-aaf134a69cdd;409.71;0.02;BUY
2016-03-09T01:25:31.393000;2016-03-09T01:25:31.610000;3f0ceee2-6703-484a-b562-ed84f8626ef1;409.71;0.01;BUY
2016-03-09T01:25:31.393000;2016-03-09T01:25:31.657000;db8779d0-f6f1-48d5-ba90-7f511414c989;409.71;0.01;BUY
2016-03-09T01:25:31.393000;2016-03-09T01:25:31.673000;aa6bb34c-2fa8-48ff-81db-2ba125d745e5;409.74;0.02;BUY
2016-03-09T01:25:31.393000;2016-03-09T01:25:31.673000;15ec4098-c21c-4cdc-91b7-fd5c76522755;409.75;0.02;BUY
2016-03-09T01:25:31.393000;2016-03-09T01:25:31.673000;26a18543-6ba1-4a8d-b67c-b187e3654c90;409.76;0.02;BUY
2016-03-09T01:25:31.393000;2016-03-09T01:25:31.673000;4cb74fcc-bc71-4ab8-9afa-a2bc5cccea0c;409.78;0.02;BUY
2016-03-09T01:25:31.393000;2016-03-09T01:25:31.673000;b296aa3f-5b14-4bec-86b9-8bc1ef651f92;409.79;0.02;BUY
2016-03-09T01:25:31.393000;2016-03-09T01:25:31.673000;94089c1c-ad6c-4d31-aab5-5c2be1f2ac41;409.79;0.01;BUY
2016-03-09T01:25:31.393000;2016-03-09T01:25:31.673000;d6d3ba92-701c-4350-bd77-2bf3076d99e3;409.79;0.114;BUY
2016-03-09T01:25:31.393000;2016-03-09T01:25:31.673000;253dc6d9-047c-4f95-aa2c-0b93f74337fe;409.82;0.02;BUY
2016-03-09T01:25:31.393000;2016-03-09T01:25:31.673000;9eb0ff53-1d70-42d0-8e1e-5b215242ead7;409.83;0.02;BUY
2016-03-09T01:25:31.393000;2016-03-09T01:25:31.673000;f592012c-f282-4412-8e1b-a4351b90b65c;409.87;0.02;BUY
2016-03-09T01:25:31.393000;2016-03-09T01:25:31.673000;5f160642-8350-49a3-a85a-0099713579e2;409.89;0.01;BUY
2016-03-09T01:25:31.393000;2016-03-09T01:25:31.673000;e1857a23-583e-43b7-8af0-51a897322aec;409.89;0.32;BUY
2016-03-09T01:25:31.393000;2016-03-09T01:25:31.673000;3560b165-bc23-48f4-af63-3a34070a1064;409.9;0.01;BUY
2016-03-09T01:25:31.393000;2016-03-09T01:25:31.673000;d29ee985-d142-4ba4-bcb3-fe7f8eba9ee0;409.91;0.02;BUY
2016-03-09T01:25:31.393000;2016-03-09T01:25:31.673000;b952e09a-6ac2-4784-b8cc-0ce6df34a3d6;409.91;0.02999755;BUY
2016-03-09T01:25:43.430000;2016-03-09T01:25:43.610000;7ff92eea-1368-4134-8dae-ffbb2eba3aeb;409.94;0.01;BUY
2016-03-09T01:25:43.430000;2016-03-09T01:25:43.610000;2d08349a-9b5c-4f4e-befb-781c301727ba;409.94;0.03167226;BUY
2016-03-09T01:26:01.903000;2016-03-09T01:26:02.080000;a06964cb-69c0-4c56-bcb9-405d34df60a0;409.86;0.26513;SELL
2016-03-09T01:26:16.960000;2016-03-09T01:26:17.127000;0fef1562-aca3-4cdb-bd2c-9b6cafe9da8e;409.93;0.375;BUY
2016-03-09T01:26:31.427000;2016-03-09T01:26:31.597000;9e5681d2-54cb-4e86-8502-60bfb94e5046;409.94;0.79132774;BUY
2016-03-09T01:26:31.427000;2016-03-09T01:26:31.610000;ff8a1843-ef3e-4291-a2d0-4d0a77566edd;409.94;0.07817226;BUY
2016-03-09T01:27:03.287000;2016-03-09T01:27:03.457000;f7fbc186-53b7-4674-9b9b-0e2da075a0d0;409.93;0.46159;SELL
2016-03-09T01:27:31.387000;2016-03-09T01:27:31.550000;e297c6f2-102c-45a5-9b36-5d8d05c96274;409.94;1.21091;BUY
2016-03-09T01:28:31.397000;2016-03-09T01:28:31.443000;73c2fcb0-e7ba-4cac-b513-675d4a109537;409.93;1.9951;SELL
2016-03-09T01:29:01.967000;2016-03-09T01:29:02.007000;103d80db-615e-4055-92b0-0861f2aeb7ad;409.94;0.0966;BUY
2016-03-09T01:29:31.390000;2016-03-09T01:29:31.430000;37273252-34a7-40aa-a8aa-78727c57e7e9;409.94;1.01439;BUY
2016-03-09T01:30:01.480000;2016-03-09T01:30:01.523000;c3b14023-56fe-4b17-a607-7ba59b595585;409.94;0.06013;BUY
2016-03-09T01:30:22.330000;2016-03-09T01:30:22.383000;a3836d96-4a4c-4540-9a10-76897e959b38;409.94;0.8;BUY
2016-03-09T01:30:31.497000;2016-03-09T01:30:31.540000;1fdc3086-47c3-4b81-b264-b2faacd7e03e;409.93;0.95831;SELL
2016-03-09T01:30:31.497000;2016-03-09T01:30:31.553000;9614a2aa-d166-4107-9c26-6c98cc385532;409.93;3.93131;SELL
2016-03-09T01:31:01.383000;2016-03-09T01:31:01.413000;a4440004-6331-49b3-b731-94202274c56d;409.94;0.60379;BUY
2016-03-09T01:31:31.413000;2016-03-09T01:31:31.443000;1e51f32e-88b2-4984-b959-26368bc510c6;409.94;1.4727;BUY
2016-03-09T01:31:57.420000;2016-03-09T01:31:57.443000;b867c086-6081-4216-918e-9a56a459d066;409.94;0.1768;BUY
2016-03-09T01:32:03.000000;2016-03-09T01:32:03.040000;2ba71953-d4dc-4d2f-b41a-a265f6eef43d;409.94;0.48650774;BUY
2016-03-09T01:32:03.000000;2016-03-09T01:32:03.053000;14706411-2726-4f0d-a428-7007db310d8b;409.95;0.02;BUY
2016-03-09T01:32:03.000000;2016-03-09T01:32:03.053000;ada128c5-0c63-413d-9aea-76236e73eb58;409.95;0.01;BUY
2016-03-09T01:32:03.000000;2016-03-09T01:32:03.053000;2ec76be5-ec1b-46ba-8c30-ab7b6aae4e08;409.99;0.02;BUY
2016-03-09T01:32:03.000000;2016-03-09T01:32:03.070000;6c7140e9-7729-4577-afc3-7576c1cad3e4;409.99;0.01;BUY
2016-03-09T01:32:03.000000;2016-03-09T01:32:03.070000;d07ff808-53f5-445f-a065-9bc93496f0fb;410.0;0.2;BUY
2016-03-09T01:32:03.000000;2016-03-09T01:32:03.070000;fc2d403a-d48d-4185-bfcb-5035adc5bcba;410.0;0.02;BUY
2016-03-09T01:32:03.000000;2016-03-09T01:32:03.147000;543c0ba3-e4e4-47f5-bd34-84ebd3d892d4;410.03;0.02;BUY
2016-03-09T01:32:03.000000;2016-03-09T01:32:03.147000;eb211bf6-606e-440f-9535-f47c2ad5459e;410.05;0.01;BUY
2016-03-09T01:32:03.000000;2016-03-09T01:32:03.147000;4a3c0dfd-fc57-4ff2-9f7b-db6ff93f1cc2;410.07;0.02;BUY
2016-03-09T01:32:03.000000;2016-03-09T01:32:03.147000;c46a066c-4f2e-4b43-97de-5281a9fee24a;410.08;0.116;BUY
2016-03-09T01:32:03.000000;2016-03-09T01:32:03.147000;f30d1c28-a841-40e3-a808-8b362155d6d9;410.09;0.01;BUY
2016-03-09T01:32:03.000000;2016-03-09T01:32:03.147000;dcc870e4-2a90-4018-97b7-233bb7fe05fa;410.11;0.02;BUY
2016-03-09T01:32:03.000000;2016-03-09T01:32:03.147000;11dcff40-3098-4fed-9d2c-99b40fac368a;410.14;0.166;BUY
2016-03-09T01:32:03.000000;2016-03-09T01:32:03.147000;23310d2d-fe7e-42bd-995d-af0e22528577;410.15;0.01667226;BUY
2016-03-09T01:32:31.753000;2016-03-09T01:32:31.803000;881f5a45-a509-4fef-a1e5-453717eacdfc;410.15;0.00332774;BUY
2016-03-09T01:32:31.753000;2016-03-09T01:32:31.803000;a0cad755-4a96-43bf-971d-428499de821a;410.15;1.64360226;BUY
2016-03-09T01:32:45.377000;2016-03-09T01:32:45.430000;aa554135-5d78-4c66-830d-d009873a8ba6;410.17;2.29;BUY
2016-03-09T01:33:01.557000;2016-03-09T01:33:01.600000;df655118-2fe7-4d97-bd4e-516150c033ab;410.18;0.01;BUY
2016-03-09T01:33:01.557000;2016-03-09T01:33:01.600000;f6d69b3b-772e-4c71-8daa-63b33f044672;410.19;0.02;BUY
2016-03-09T01:33:01.557000;2016-03-09T01:33:01.600000;97f72aca-e4be-44cd-a785-d96494df4c22;410.19;0.01;BUY
2016-03-09T01:33:01.557000;2016-03-09T01:33:01.663000;194262dd-36ad-47a0-89bb-e0523f4d9c48;410.2;0.02;BUY
2016-03-09T01:33:01.557000;2016-03-09T01:33:01.680000;d559a176-d5f5-4aa2-86b2-a7326990eaf9;410.23;0.02;BUY
2016-03-09T01:33:01.557000;2016-03-09T01:33:01.680000;1dee24b7-168b-436a-bf80-9c19e2c4cd13;410.26;0.086;BUY
2016-03-09T01:33:01.557000;2016-03-09T01:33:01.680000;79ac7d77-f0a4-469b-9bd1-98df98308645;410.27;0.02;BUY
2016-03-09T01:33:01.557000;2016-03-09T01:33:01.680000;2a0df3dc-aed9-479a-b455-bce0d73fe30e;410.28;0.01;BUY
2016-03-09T01:33:01.557000;2016-03-09T01:33:01.680000;91aa5127-ffb2-47b3-868f-1a88d3729ac2;410.29;0.01;BUY
2016-03-09T01:33:01.557000;2016-03-09T01:33:01.680000;363da280-6acc-4db9-b709-8419e0cd1d01;410.31;0.01;BUY
2016-03-09T01:33:01.560000;2016-03-09T01:33:01.680000;b769a98c-43dd-4ac4-bd1a-3eff1c1ddfb9;410.31;0.02;BUY
2016-03-09T01:33:01.560000;2016-03-09T01:33:01.680000;483ec529-18cb-4e6d-a986-186288e6ec88;410.31;0.118;BUY
2016-03-09T01:33:01.560000;2016-03-09T01:33:01.680000;09499602-e5ac-4ee1-87c9-d6953d7bb5aa;410.34;0.03;BUY
2016-03-09T01:33:01.560000;2016-03-09T01:33:01.680000;f22eac93-4b60-4813-aa6e-2bdba87a1b04;410.35;0.02;BUY
2016-03-09T01:33:01.560000;2016-03-09T01:33:01.680000;c63183f8-76d7-4c5d-8eb9-8da8db3fcbfb;410.39;0.02;BUY
2016-03-09T01:33:01.560000;2016-03-09T01:33:01.680000;ec69f613-7ed4-4e15-b6d4-3acb110dbda2;410.39;0.01;BUY
2016-03-09T01:33:01.560000;2016-03-09T01:33:01.680000;03339204-8e2a-4965-8ef5-f6aaeeb978ff;410.43;0.02;BUY
2016-03-09T01:33:01.560000;2016-03-09T01:33:01.693000;71dd7173-24f0-4988-8c95-b0463c41ed01;410.43;0.12347;BUY
2016-03-09T01:33:31.413000;2016-03-09T01:33:31.460000;c9d5d737-a881-49b0-a129-b5de79ca4faa;410.47;0.02;BUY
2016-03-09T01:33:31.413000;2016-03-09T01:33:31.460000;f5177327-8459-4c31-9a67-bdd62989ede6;410.47;0.01;BUY
2016-03-09T01:33:31.413000;2016-03-09T01:33:31.460000;a497e57f-1604-472d-8683-1a49d2efcfb6;410.47;0.1;BUY
2016-03-09T01:33:31.413000;2016-03-09T01:33:31.460000;1432640c-c786-483c-9c2b-cd99f8b1d22c;410.49;0.01;BUY
2016-03-09T01:33:31.413000;2016-03-09T01:33:31.490000;743061b4-f059-4b51-9be0-84e44b40da18;410.5;0.01;BUY
2016-03-09T01:33:31.413000;2016-03-09T01:33:31.490000;f4b025b1-f640-4fb9-b655-34893085b400;410.51;0.02;BUY
2016-03-09T01:33:31.413000;2016-03-09T01:33:31.507000;dceafaf3-e946-4889-9db1-b8e07d59bed9;410.55;0.02;BUY
2016-03-09T01:33:31.413000;2016-03-09T01:33:31.507000;320c2d35-efbb-4e0f-8e41-e6182f8db4bd;410.59;0.02;BUY
2016-03-09T01:33:31.413000;2016-03-09T01:33:31.507000;fe6f7109-6d2d-4e95-b603-1271ce01ce4d;410.59;0.01;BUY
2016-03-09T01:33:31.413000;2016-03-09T01:33:31.507000;54ab421e-8f0c-4623-8701-132392c125ea;410.61;0.01;BUY
2016-03-09T01:33:31.413000;2016-03-09T01:33:31.507000;2fba623d-673c-42ef-9603-eb73ba77b08b;410.63;0.02;BUY
2016-03-09T01:33:31.413000;2016-03-09T01:33:31.507000;c39ecabd-41a1-42d1-9eeb-87e1cbd2d05d;410.64;0.02;BUY
2016-03-09T01:33:31.413000;2016-03-09T01:33:31.507000;7c7912a2-8f85-4e77-af58-cff96e3ca812;410.66;0.26763;BUY
2016-03-09T01:36:27.620000;2016-03-09T01:36:27.647000;31d1a3e7-43fa-4895-86fb-69649a353d28;410.67;0.02;BUY
2016-03-09T01:36:27.620000;2016-03-09T01:36:27.663000;e286a1e0-7053-44d5-9f5e-1a95e9318301;410.68;0.073;BUY
2016-03-09T01:36:27.620000;2016-03-09T01:36:27.663000;2f677fd7-2c55-4167-8dd2-c17995584f5c;410.69;0.01;BUY
2016-03-09T01:36:27.620000;2016-03-09T01:36:27.680000;7396b4db-6a14-4cf2-a538-c807060fde0f;410.71;0.02;BUY
2016-03-09T01:36:27.620000;2016-03-09T01:36:27.680000;ac388331-a17a-40c0-bb1d-316da4682abe;410.72;0.01;BUY
2016-03-09T01:36:27.620000;2016-03-09T01:36:27.680000;dda094c8-d851-48f2-9d91-7b8fac006077;410.73;0.00552005;BUY
2016-03-09T01:41:01.240000;2016-03-09T01:41:01.257000;dd12d372-e1fd-4975-8a81-bc5e2a2772fb;410.74;0.01;SELL
2016-03-09T01:41:01.240000;2016-03-09T01:41:01.273000;e5d2aadf-5d62-4ba6-b6cb-5a5f17e9a886;410.74;0.01198;SELL
2016-03-09T01:41:01.240000;2016-03-09T01:41:01.273000;e96fcfdb-6cb3-412d-8023-833a23b64f42;410.74;0.1;SELL
2016-03-09T01:41:01.240000;2016-03-09T01:41:01.273000;724fd078-77eb-4e8c-81d1-5d03af66b3a6;410.71;0.2;SELL
2016-03-09T01:41:01.240000;2016-03-09T01:41:01.290000;80bcd5e2-164f-4c4d-b0be-2cdc8936061d;410.68;0.469;SELL
2016-03-09T01:41:01.240000;2016-03-09T01:41:01.290000;4c2871c1-adf3-4a1b-a0bb-e92c2e82a0d4;410.58;0.483;SELL
2016-03-09T01:41:01.240000;2016-03-09T01:41:01.303000;10068dbc-a229-4f3d-845a-0ec5265116c6;410.55;0.01;SELL
2016-03-09T01:41:01.240000;2016-03-09T01:41:01.303000;6124c710-3da0-4b6c-83bc-b64466cd9a06;410.5;0.0115;SELL
