time_exchange;time_coinpai;guid;price;base_amount;taker_side
2016-04-24T00:01:14.000000;2016-04-24T00:01:14.000000;44db4902-18ba-4899-8f8b-a3d09253b98e;453.66;0.059723;UNKNOWN
2016-04-24T00:01:14.000000;2016-04-24T00:01:14.000000;f3127f70-51e0-40f5-9071-2310e584a3e9;453.41;0.940277;UNKNOWN
2016-04-24T00:02:15.000000;2016-04-24T00:02:15.000000;b413d3a6-9931-403a-afe5-6c1c2ed095f7;453.77;0.25;UNKNOWN
2016-04-24T00:02:16.000000;2016-04-24T00:02:16.000000;596b03f5-f070-4dd2-a578-5a58eb292cf6;453.38;0.0115;UNKNOWN
2016-04-24T00:02:16.000000;2016-04-24T00:02:16.000000;864d7043-cb6f-4ae1-b331-3953938be690;453.38;0.0166;UNKNOWN
2016-04-24T00:02:16.000000;2016-04-24T00:02:16.000000;0f8879f9-2b50-422a-b94c-762dddfad8d6;453.38;0.024;UNKNOWN
2016-04-24T00:02:17.000000;2016-04-24T00:02:17.000000;39e15366-ddb6-4ca5-8d28-f97095da35fc;453.38;0.0346;UNKNOWN
2016-04-24T00:04:03.000000;2016-04-24T00:04:03.000000;0f93e6e6-044c-4495-9f29-6a958a379af0;453.78;0.2034;UNKNOWN
2016-04-24T00:04:03.000000;2016-04-24T00:04:03.000000;b2dff95d-e45a-415e-84ac-83b636189239;453.39;0.0498;UNKNOWN
2016-04-24T00:04:58.000000;2016-04-24T00:04:58.000000;9f9c1650-7274-4703-87bb-c29368f0302b;453.75;0.5;UNKNOWN
2016-04-24T00:05:51.000000;2016-04-24T00:05:51.000000;92e94103-cfee-48d7-b4f9-9e92baf6e532;453.72;0.01;UNKNOWN
2016-04-24T00:05:59.000000;2016-04-24T00:05:59.000000;069894f4-6b73-4f96-9b34-1d9bd92844bb;453.72;0.01;UNKNOWN
2016-04-24T00:07:53.000000;2016-04-24T00:07:53.000000;f2a80837-bd0f-4f5a-bf70-f153470bf5ac;453.72;0.01;UNKNOWN
2016-04-24T00:08:08.000000;2016-04-24T00:08:08.000000;edb2454c-1e09-4c04-82a9-ffbbc3572a38;453.72;0.049634;UNKNOWN
2016-04-24T00:08:17.000000;2016-04-24T00:08:17.000000;028212c6-fc14-4146-9b79-86ab5475c11b;453.53;6.5858;UNKNOWN
2016-04-24T00:08:17.000000;2016-04-24T00:08:17.000000;ffb50a9b-1139-414a-8326-d190c8de5274;453.53;9.3508;UNKNOWN
2016-04-24T00:08:17.000000;2016-04-24T00:08:17.000000;bffdcde4-ed15-4903-8f1b-e0e5f13e80ba;453.7;0.98;UNKNOWN
2016-04-24T00:08:17.000000;2016-04-24T00:08:17.000000;12aa101e-5e7b-4373-8c5b-67faad14970c;453.69;13.0834;UNKNOWN
2016-04-24T00:08:34.000000;2016-04-24T00:08:34.000000;8781aa88-2c68-4ebe-8082-e56d9af20eef;453.24;0.059615;UNKNOWN
2016-04-24T00:08:54.000000;2016-04-24T00:08:54.000000;683d73a6-5592-4336-a48b-d17f25f0ee32;453.09;0.4842337;UNKNOWN
2016-04-24T00:09:15.000000;2016-04-24T00:09:15.000000;ef85f66b-0649-4f1c-9d58-2e9c2cee0b20;452.92;0.2;UNKNOWN
2016-04-24T00:09:22.000000;2016-04-24T00:09:22.000000;2fb5ea71-a66c-4461-93e1-6697da21c924;453.62;0.4;UNKNOWN
2016-04-24T00:12:10.000000;2016-04-24T00:12:10.000000;3d9828ec-3113-4fac-bb06-97a49161629d;453.54;0.059661;UNKNOWN
2016-04-24T00:12:46.000000;2016-04-24T00:12:46.000000;58f2dfc3-adb7-4412-9e4e-fab1b2834ae4;453.47;0.5;UNKNOWN
2016-04-24T00:12:46.000000;2016-04-24T00:12:46.000000;300c07e2-8274-402d-98b0-af3d182f71b9;453.47;0.5;UNKNOWN
2016-04-24T00:12:58.000000;2016-04-24T00:12:58.000000;74f378a7-3ed2-4deb-848f-57d7069d5a69;453.5;5.0;UNKNOWN
2016-04-24T00:13:15.000000;2016-04-24T00:13:15.000000;2bd21619-31e9-4126-a4a8-d68fe41ddd6c;453.7;7.99958784;UNKNOWN
2016-04-24T00:13:15.000000;2016-04-24T00:13:15.000000;b28d1220-34be-444e-af14-42b045f44622;453.54;0.00041216;UNKNOWN
2016-04-24T00:14:17.000000;2016-04-24T00:14:17.000000;0894b77d-b307-4d99-9025-f67b37a87302;453.7;0.18188784;UNKNOWN
2016-04-24T00:14:17.000000;2016-04-24T00:14:17.000000;230cae3e-2b8f-46d8-b516-6baf6154d4ba;453.7;0.00041216;UNKNOWN
2016-04-24T00:14:45.000000;2016-04-24T00:14:45.000000;1d71708f-2064-48bd-84a5-4bb28c559b0f;453.68;5.0;UNKNOWN
2016-04-24T00:15:07.000000;2016-04-24T00:15:07.000000;a6459a37-051f-459b-b10c-613d74f4d8ab;453.68;0.01334195;UNKNOWN
2016-04-24T00:15:19.000000;2016-04-24T00:15:19.000000;66893d9d-ab13-4780-a75f-cf8a98b6e978;453.68;0.01028328;UNKNOWN
2016-04-24T00:16:05.000000;2016-04-24T00:16:05.000000;df1f5173-3f00-4c2d-b849-af796d8b8a36;453.68;5.0;UNKNOWN
2016-04-24T00:16:05.000000;2016-04-24T00:16:05.000000;f06b507e-c3ea-4799-ba00-9e45654b0b0c;453.68;0.1;UNKNOWN
2016-04-24T00:17:38.000000;2016-04-24T00:17:38.000000;3b5995ba-e19b-49a2-8de3-341b8f5c5b78;453.7;0.23;UNKNOWN
2016-04-24T00:18:05.000000;2016-04-24T00:18:05.000000;2f693f1a-acbb-498c-ad3a-e4219128f9bc;453.7;0.35443612;UNKNOWN
2016-04-24T00:18:06.000000;2016-04-24T00:18:06.000000;e0b85238-77a6-44ec-bc46-53d062e8c3cf;453.7;0.35443612;UNKNOWN
2016-04-24T00:18:07.000000;2016-04-24T00:18:07.000000;adf1ca76-ed95-4d93-b44b-5aa6d97653d4;453.7;0.35443612;UNKNOWN
2016-04-24T00:18:08.000000;2016-04-24T00:18:08.000000;c5d4e17d-4c5f-4869-b45a-88a3cb05c6aa;453.7;0.35443612;UNKNOWN
2016-04-24T00:18:08.000000;2016-04-24T00:18:08.000000;bfd61bca-185b-4cf6-bd23-7267e4355fc8;453.7;0.35443612;UNKNOWN
2016-04-24T00:18:09.000000;2016-04-24T00:18:09.000000;356ae7e3-d681-4ebc-b208-6dedc926db47;453.7;0.35443612;UNKNOWN
2016-04-24T00:18:10.000000;2016-04-24T00:18:10.000000;7127e810-dbd4-4763-911c-aa86db29d00d;453.7;0.35443612;UNKNOWN
2016-04-24T00:18:11.000000;2016-04-24T00:18:11.000000;491487d3-5a67-491f-b7e5-17712cd374e7;453.7;0.35443612;UNKNOWN
2016-04-24T00:18:12.000000;2016-04-24T00:18:12.000000;0891ef0b-e533-41d9-a296-c12963b61ca3;453.7;0.35443612;UNKNOWN
2016-04-24T00:18:13.000000;2016-04-24T00:18:13.000000;d025b572-c05e-496d-946f-e5a49f7a61fa;453.7;0.35443612;UNKNOWN
2016-04-24T00:18:14.000000;2016-04-24T00:18:14.000000;4e69541b-1654-49e5-abb2-fdc1f5724139;453.7;0.35443612;UNKNOWN
2016-04-24T00:18:15.000000;2016-04-24T00:18:15.000000;c0651959-3a04-420c-92d5-71895aa7c2d5;453.7;0.35443612;UNKNOWN
2016-04-24T00:18:15.000000;2016-04-24T00:18:15.000000;0d19fbca-4a93-40f4-881e-077f81b21d60;453.7;0.01;UNKNOWN
2016-04-24T00:18:15.000000;2016-04-24T00:18:15.000000;571feb59-b622-40e1-b426-c591564f56fa;453.7;0.35443612;UNKNOWN
2016-04-24T00:18:16.000000;2016-04-24T00:18:16.000000;53f7d0ce-2ff4-453a-a672-c7127a6f49e9;453.7;0.29343068;UNKNOWN
2016-04-24T00:18:26.000000;2016-04-24T00:18:26.000000;4c2a69a5-13f2-484c-82e8-bd223cfe2089;453.7;0.01;UNKNOWN
2016-04-24T00:19:10.000000;2016-04-24T00:19:10.000000;b782d057-dcef-476a-a3e9-edb3642b9671;453.7;2.0;UNKNOWN
2016-04-24T00:20:03.000000;2016-04-24T00:20:03.000000;9bc345a8-f533-426d-a3ba-6537b976fa71;453.7;0.38885;UNKNOWN
2016-04-24T00:20:45.000000;2016-04-24T00:20:45.000000;7c12fd43-2be0-4f0f-b755-5d742f4d8724;453.7;0.27816192;UNKNOWN
2016-04-24T00:20:51.000000;2016-04-24T00:20:51.000000;a714fa7a-906a-4cd4-9b5c-bbb4c05a14e2;453.78;0.0292;UNKNOWN
2016-04-24T00:20:51.000000;2016-04-24T00:20:51.000000;6f51bc3a-eca2-4399-a91f-34e9ed216f93;453.77;0.014;UNKNOWN
2016-04-24T00:20:57.000000;2016-04-24T00:20:57.000000;988fa8be-63b5-4251-bfe6-a5f971126313;453.82;0.0202;UNKNOWN
2016-04-24T00:21:02.000000;2016-04-24T00:21:02.000000;39c9a430-4222-4c03-9df4-975c0a0b5c49;453.89;0.01;UNKNOWN
2016-04-24T00:21:02.000000;2016-04-24T00:21:02.000000;3644381e-bb5f-46ae-87c0-893a0a206e8c;453.9;8.66;UNKNOWN
2016-04-24T00:21:03.000000;2016-04-24T00:21:03.000000;62185fe2-ec11-4a52-8d90-ae1f2e84380a;453.9;11.34;UNKNOWN
2016-04-24T00:21:04.000000;2016-04-24T00:21:04.000000;8833e786-bff3-4a19-b088-5dc4abcac374;453.99;12.49;UNKNOWN
2016-04-24T00:21:04.000000;2016-04-24T00:21:04.000000;d02e3e22-d38e-4ad5-ada8-4ca5b2c35276;454.2;8.5968;UNKNOWN
2016-04-24T00:21:04.000000;2016-04-24T00:21:04.000000;ee07af49-65c1-4f29-ad8a-84b4676a7c63;454.19;8.23;UNKNOWN
2016-04-24T00:21:04.000000;2016-04-24T00:21:04.000000;ec3d169b-f4f7-49f0-806c-785b170b3b19;454.0;0.0132;UNKNOWN
2016-04-24T00:21:09.000000;2016-04-24T00:21:09.000000;ae6ff608-8508-4dde-bd25-9b637ef6d7a4;454.2;25.4032;UNKNOWN
2016-04-24T00:21:25.000000;2016-04-24T00:21:25.000000;47c9aafb-751f-4d54-bbac-9069bceda70d;454.5;0.02;UNKNOWN
2016-04-24T00:21:25.000000;2016-04-24T00:21:25.000000;82040ce4-cb68-43c4-a81d-b65228ebe548;454.9;1.94;UNKNOWN
2016-04-24T00:21:25.000000;2016-04-24T00:21:25.000000;d5a78912-fc6d-4029-9c4f-5edfc004b438;454.9;0.04;UNKNOWN
2016-04-24T00:21:32.000000;2016-04-24T00:21:32.000000;fcbaaf23-805c-4ef4-acd3-495ca91eaf37;454.99;11.84;UNKNOWN
2016-04-24T00:21:32.000000;2016-04-24T00:21:32.000000;b7622ed4-5642-452a-a71a-e02bf7bfcb10;454.97;0.1;UNKNOWN
2016-04-24T00:21:32.000000;2016-04-24T00:21:32.000000;f3e89284-4e1a-444e-9b10-df06d99dedf2;454.9;18.06;UNKNOWN
2016-04-24T00:21:35.000000;2016-04-24T00:21:35.000000;c4c9d0a1-a9e8-4e6a-8f25-05b8a9c89b4b;455.0;3.36;UNKNOWN
2016-04-24T00:21:35.000000;2016-04-24T00:21:35.000000;a28a76d7-e9d1-48d4-a00b-70866d6e1c18;454.99;0.64;UNKNOWN
2016-04-24T00:21:35.000000;2016-04-24T00:21:35.000000;7a2f2e1a-185e-4c9a-9aae-29e229d07f18;454.99;0.01;UNKNOWN
2016-04-24T00:21:35.000000;2016-04-24T00:21:35.000000;d01063cb-bfd8-4420-ac73-d894b174cf53;455.0;0.32;UNKNOWN
2016-04-24T00:21:38.000000;2016-04-24T00:21:38.000000;f2eebc53-dd72-4403-9159-598d42b1ae1d;455.0;0.01;UNKNOWN
2016-04-24T00:21:39.000000;2016-04-24T00:21:39.000000;080c69ee-ca21-45fe-a3e9-1ed5f96e8acc;455.0;0.35526518;UNKNOWN
2016-04-24T00:21:39.000000;2016-04-24T00:21:39.000000;a8589637-6093-4b10-92a2-e8cb4df2412a;455.0;0.23961301;UNKNOWN
2016-04-24T00:21:41.000000;2016-04-24T00:21:41.000000;d08228d9-06cc-4409-bd2e-cf24f0d218fe;455.0;0.01;UNKNOWN
2016-04-24T00:21:42.000000;2016-04-24T00:21:42.000000;b6ed3858-c6b3-4765-88ea-4adf8cea3695;455.0;1.0;UNKNOWN
2016-04-24T00:21:42.000000;2016-04-24T00:21:42.000000;8bd6948b-6b56-43c8-8348-476b54c3237e;455.0;1.74053519;UNKNOWN
2016-04-24T00:21:42.000000;2016-04-24T00:21:42.000000;e94688da-201d-4076-85a9-702d84753aa7;455.0;5.50512181;UNKNOWN
2016-04-24T00:21:42.000000;2016-04-24T00:21:42.000000;41e28b37-6918-4276-ba67-4a7a43a49dad;455.0;1.0;UNKNOWN
2016-04-24T00:21:42.000000;2016-04-24T00:21:42.000000;b723a3f8-b336-435e-8457-3fdc7ebd2197;455.0;0.1;UNKNOWN
2016-04-24T00:21:42.000000;2016-04-24T00:21:42.000000;1ce06a00-125d-4388-81f0-d7bc206a36ab;455.0;0.15;UNKNOWN
2016-04-24T00:21:42.000000;2016-04-24T00:21:42.000000;51e67e97-6297-4a05-be71-906ec64885ba;455.0;0.1;UNKNOWN
2016-04-24T00:21:42.000000;2016-04-24T00:21:42.000000;67c892a2-6e1d-4e41-b442-33ad8acc79b2;455.0;5.0;UNKNOWN
2016-04-24T00:21:42.000000;2016-04-24T00:21:42.000000;06e67869-7858-4d80-b5d3-fc478f294018;455.0;5.0;UNKNOWN
2016-04-24T00:21:42.000000;2016-04-24T00:21:42.000000;79ab093a-a113-490e-8825-05d90b05f7fe;455.0;0.5;UNKNOWN
2016-04-24T00:21:42.000000;2016-04-24T00:21:42.000000;8244e70f-ffdf-4fe8-a38b-572bf455cd07;455.0;8.25946481;UNKNOWN
2016-04-24T00:21:42.000000;2016-04-24T00:21:42.000000;d18ee25f-ff48-4692-ade4-be33ebe1e216;455.0;0.3;UNKNOWN
2016-04-24T00:21:42.000000;2016-04-24T00:21:42.000000;df89b0ff-035e-457a-a331-2855d39a3496;455.0;0.2;UNKNOWN
2016-04-24T00:21:42.000000;2016-04-24T00:21:42.000000;2977a43f-6f23-4c02-a4ed-c863ae1d1b63;455.0;1.0;UNKNOWN
2016-04-24T00:21:42.000000;2016-04-24T00:21:42.000000;c9a58819-2b6d-433a-8bb2-75bc8853eb63;455.0;0.25;UNKNOWN
2016-04-24T00:21:42.000000;2016-04-24T00:21:42.000000;0805f63e-6f6a-4516-ad8e-e236c4acce0c;455.0;1.0;UNKNOWN
2016-04-24T00:21:42.000000;2016-04-24T00:21:42.000000;a6f56651-1cac-469b-a0f2-f8e55b8bd7e5;455.0;2.5;UNKNOWN
2016-04-24T00:21:42.000000;2016-04-24T00:21:42.000000;a9a83427-ae9a-4093-aa4c-9021223a79b2;455.0;5.0;UNKNOWN
2016-04-24T00:21:42.000000;2016-04-24T00:21:42.000000;9871cba6-6f96-4cdf-b811-4c71daeabb05;455.0;0.5;UNKNOWN
2016-04-24T00:21:42.000000;2016-04-24T00:21:42.000000;f6e2bcdf-9c62-4876-bb51-432fb1e8e4d8;455.0;0.1;UNKNOWN
2016-04-24T00:21:42.000000;2016-04-24T00:21:42.000000;05619a2f-a8b1-48bd-945f-4b8da8c2ba73;455.0;1.75;UNKNOWN
2016-04-24T00:21:42.000000;2016-04-24T00:21:42.000000;d5ad60e6-1e86-4269-920d-744b0bc8d7c3;455.0;10.0;UNKNOWN
2016-04-24T00:21:42.000000;2016-04-24T00:21:42.000000;648c7619-f41e-423c-a450-19f1356942de;455.0;0.2;UNKNOWN
2016-04-24T00:21:42.000000;2016-04-24T00:21:42.000000;6d067c5f-2329-42e5-90f9-016db69de2c9;455.0;2.654343;UNKNOWN
2016-04-24T00:21:42.000000;2016-04-24T00:21:42.000000;ba69c54d-f97f-47bf-aee0-614b82c36e9d;455.09;0.2;UNKNOWN
2016-04-24T00:21:42.000000;2016-04-24T00:21:42.000000;84f648e8-f079-4c2e-8c3c-2763b259560c;455.0;20.0;UNKNOWN
2016-04-24T00:21:42.000000;2016-04-24T00:21:42.000000;94b17d1c-828f-4068-a727-163336a0ecbd;455.0;0.26;UNKNOWN
2016-04-24T00:21:42.000000;2016-04-24T00:21:42.000000;c05d3592-2c9e-4e43-822a-f68e665b6980;455.0;0.01;UNKNOWN
2016-04-24T00:21:42.000000;2016-04-24T00:21:42.000000;6508327f-6f6d-43b7-8319-191d97fe8766;455.2;0.47309119;UNKNOWN
2016-04-24T00:21:42.000000;2016-04-24T00:21:42.000000;4b168817-13b5-4485-8cef-3bf5e7ae9753;455.0;0.01;UNKNOWN
2016-04-24T00:21:42.000000;2016-04-24T00:21:42.000000;f873aaa4-eaf7-4a77-b124-6d153e06d663;455.14;0.437444;UNKNOWN
2016-04-24T00:21:44.000000;2016-04-24T00:21:44.000000;45dc9091-fd29-4ee1-87fc-c4906d234e72;455.2;0.01;UNKNOWN
2016-04-24T00:21:47.000000;2016-04-24T00:21:47.000000;19d9d5cf-f21d-4320-80e4-f50d012e6458;455.2;0.01;UNKNOWN
2016-04-24T00:21:47.000000;2016-04-24T00:21:47.000000;f5511120-aff5-432b-afe6-8f3129717133;455.2;0.12563119;UNKNOWN
2016-04-24T00:21:48.000000;2016-04-24T00:21:48.000000;723206c2-118c-49c8-904a-bea593392418;455.2;0.14091811;UNKNOWN
2016-04-24T00:21:48.000000;2016-04-24T00:21:48.000000;c02d73da-1c3d-48be-85b6-cafe8aef8e3f;455.19;0.07225312;UNKNOWN
2016-04-24T00:21:49.000000;2016-04-24T00:21:49.000000;acebf38a-8924-4b0c-9408-53412ffe5de8;455.18;0.08428058;UNKNOWN
2016-04-24T00:21:50.000000;2016-04-24T00:21:50.000000;4d5eb39a-a6ca-4acf-b266-adb96b0474cd;455.2;0.12563119;UNKNOWN
2016-04-24T00:21:50.000000;2016-04-24T00:21:50.000000;b75fc596-ed18-4a52-8a14-0475acc6e68c;455.19;0.02;UNKNOWN
2016-04-24T00:21:50.000000;2016-04-24T00:21:50.000000;209b8cc3-4e94-4de4-a081-c012eb09c6f2;455.2;0.01;UNKNOWN
2016-04-24T00:21:50.000000;2016-04-24T00:21:50.000000;a7e147fb-796a-4cf5-9719-d02ba246a502;455.67;3.45;UNKNOWN
2016-04-24T00:21:50.000000;2016-04-24T00:21:50.000000;baf13e8e-a791-4d1f-9e2a-cba0db4ab07f;455.75;0.25;UNKNOWN
2016-04-24T00:21:50.000000;2016-04-24T00:21:50.000000;6e0a0ef5-c03f-4358-9381-46deb80be9c0;455.5;6.025;UNKNOWN
2016-04-24T00:21:50.000000;2016-04-24T00:21:50.000000;58220881-2b41-4134-80a1-dd2f40d89437;455.78;0.595002;UNKNOWN
2016-04-24T00:21:50.000000;2016-04-24T00:21:50.000000;55c2765a-9eba-4d7d-8f1b-0f941b14578b;455.22;10.1417;UNKNOWN
2016-04-24T00:21:50.000000;2016-04-24T00:21:50.000000;0eb6781d-acf7-4888-9195-86f5214680fb;455.2;0.10472832;UNKNOWN
2016-04-24T00:21:50.000000;2016-04-24T00:21:50.000000;05defd22-4c93-4ec4-83cb-6de038e38188;455.97;0.1;UNKNOWN
2016-04-24T00:21:50.000000;2016-04-24T00:21:50.000000;0ed73a81-0836-4508-922d-118d645a93c6;455.49;0.32;UNKNOWN
2016-04-24T00:21:50.000000;2016-04-24T00:21:50.000000;1806c2a9-a80d-470f-ad64-af9940d230cd;455.99;12.57640361;UNKNOWN
2016-04-24T00:21:50.000000;2016-04-24T00:21:50.000000;eefc0e60-b068-4105-b2d2-f6c5a84ef05d;455.88;9.45;UNKNOWN
2016-04-24T00:21:50.000000;2016-04-24T00:21:50.000000;b9d590ed-5ad0-4bbe-89cb-85610731a234;455.99;12.49;UNKNOWN
2016-04-24T00:21:50.000000;2016-04-24T00:21:50.000000;ed3447e0-acd5-40d4-a525-a4b5ee087c9b;455.9;120.0;UNKNOWN
2016-04-24T00:21:53.000000;2016-04-24T00:21:53.000000;9eeecb75-290a-4abf-8de9-1c2c7d96db4a;455.99;0.01;UNKNOWN
2016-04-24T00:21:55.000000;2016-04-24T00:21:55.000000;3c4a6f79-83c7-45b5-b963-f5027ace6be7;455.99;5.0;UNKNOWN
2016-04-24T00:21:55.000000;2016-04-24T00:21:55.000000;04a49ab1-d60f-44a8-96c5-3b6e79fef64f;455.99;5.6;UNKNOWN
2016-04-24T00:21:55.000000;2016-04-24T00:21:55.000000;5773e863-719a-434d-821f-404d77ed03d3;455.99;2.2;UNKNOWN
2016-04-24T00:21:55.000000;2016-04-24T00:21:55.000000;a94fb086-75fc-4fe6-b50b-7d31259a4672;455.99;0.7;UNKNOWN
2016-04-24T00:21:56.000000;2016-04-24T00:21:56.000000;7a82b611-ed20-46d0-8916-38b34f4a896c;455.35;0.02003162;UNKNOWN
2016-04-24T00:21:56.000000;2016-04-24T00:21:56.000000;b1eca8f6-743e-443c-9613-fba3dd5f7f21;455.34;0.68381795;UNKNOWN
2016-04-24T00:21:57.000000;2016-04-24T00:21:57.000000;fef44118-820a-4cfd-9ad6-8b22b927ad5f;455.98;0.01;UNKNOWN
2016-04-24T00:22:01.000000;2016-04-24T00:22:01.000000;948acf6d-7ee1-4238-8d60-ee1c646996b9;455.36;0.12446102;UNKNOWN
2016-04-24T00:22:01.000000;2016-04-24T00:22:01.000000;434ea6cd-297b-43c9-b6c4-08ccf2b6dbbb;455.36;0.01;UNKNOWN
2016-04-24T00:22:01.000000;2016-04-24T00:22:01.000000;a8e0f997-bc79-47de-9688-18ec8151bd65;455.36;0.01;UNKNOWN
2016-04-24T00:22:02.000000;2016-04-24T00:22:02.000000;a8db792f-df4a-4569-9c33-bfe9638e769e;455.33;0.03777695;UNKNOWN
2016-04-24T00:22:02.000000;2016-04-24T00:22:02.000000;7b948878-3305-49c6-94d0-ff8a6ff05dc1;455.35;0.01;UNKNOWN
2016-04-24T00:22:02.000000;2016-04-24T00:22:02.000000;c3d1570f-bdbc-42e9-8a92-b37d12b3cc8c;455.35;0.01;UNKNOWN
2016-04-24T00:22:02.000000;2016-04-24T00:22:02.000000;f37aab0d-4faf-4358-8b56-d330ec2e83b7;455.5;10.0;UNKNOWN
2016-04-24T00:22:02.000000;2016-04-24T00:22:02.000000;51e828d5-6f12-4cac-aa4a-101a623ff886;455.36;0.01797538;UNKNOWN
2016-04-24T00:22:03.000000;2016-04-24T00:22:03.000000;fb1fe80e-805a-4e86-9bc1-33e3b6910f66;455.33;0.38912318;UNKNOWN
2016-04-24T00:22:04.000000;2016-04-24T00:22:04.000000;f58eaa19-b3f7-4925-be37-04d9f67fcaf2;455.5;0.04386061;UNKNOWN
2016-04-24T00:22:06.000000;2016-04-24T00:22:06.000000;3b998463-2ca2-41ba-ba65-37b5cf031722;455.37;0.01;UNKNOWN
2016-04-24T00:22:06.000000;2016-04-24T00:22:06.000000;0f716ed5-34b6-4e05-8870-130b741f2aec;455.37;0.01;UNKNOWN
2016-04-24T00:22:06.000000;2016-04-24T00:22:06.000000;3413fd46-2b20-4bfd-a335-739ef31efde2;455.37;0.07953453;UNKNOWN
2016-04-24T00:22:22.000000;2016-04-24T00:22:22.000000;4d4c0ad6-c564-427a-8c68-37e104600074;455.36;0.05964;UNKNOWN
2016-04-24T00:22:22.000000;2016-04-24T00:22:22.000000;161ea024-1fa9-4b72-9262-a9990292b530;455.37;0.01;UNKNOWN
2016-04-24T00:22:22.000000;2016-04-24T00:22:22.000000;c82e091b-0e0d-499a-91d3-187cfe87a5c2;455.33;0.01847384;UNKNOWN
2016-04-24T00:22:22.000000;2016-04-24T00:22:22.000000;1de817b2-31ba-45ea-a7e8-15e1b8459f58;455.37;0.01;UNKNOWN
2016-04-24T00:22:23.000000;2016-04-24T00:22:23.000000;438e1e16-6748-460f-a6a1-f45340f96db7;455.38;0.01;UNKNOWN
2016-04-24T00:22:23.000000;2016-04-24T00:22:23.000000;77faa21e-6b79-42a3-a1c3-3e0c9dde2750;455.38;0.01;UNKNOWN
2016-04-24T00:22:23.000000;2016-04-24T00:22:23.000000;73c22095-8f2e-4569-a6a7-c52a82eb785c;455.33;0.06686857;UNKNOWN
2016-04-24T00:22:27.000000;2016-04-24T00:22:27.000000;a82ee4db-1787-4649-a661-a1154a33ce56;455.33;0.11201659;UNKNOWN
2016-04-24T00:22:27.000000;2016-04-24T00:22:27.000000;1bb049d6-5b66-4fac-9ecb-b724c6736f44;455.34;0.01;UNKNOWN
2016-04-24T00:22:27.000000;2016-04-24T00:22:27.000000;51e793a8-cd7f-4017-a470-e73b710384f7;455.34;0.01;UNKNOWN
2016-04-24T00:22:28.000000;2016-04-24T00:22:28.000000;eedaef94-0243-4d34-b9cd-09a2145d8e93;455.5;0.01;UNKNOWN
2016-04-24T00:22:29.000000;2016-04-24T00:22:29.000000;274f6d0f-f0c6-479b-a159-325296bfeef1;455.38;0.07739081;UNKNOWN
2016-04-24T00:22:30.000000;2016-04-24T00:22:30.000000;bfd85d26-b206-46c8-954a-9dd996b9a8a8;455.38;0.39848166;UNKNOWN
2016-04-24T00:22:37.000000;2016-04-24T00:22:37.000000;051c48b0-210b-4964-b638-adbe98a9b5e4;455.38;0.5;UNKNOWN
2016-04-24T00:22:44.000000;2016-04-24T00:22:44.000000;6d8d2447-6700-4daf-b68f-29c63d06931d;455.38;0.6002;UNKNOWN
2016-04-24T00:22:46.000000;2016-04-24T00:22:46.000000;a5549c11-70b2-4431-be25-363bd95135c7;455.5;10.0;UNKNOWN
2016-04-24T00:23:04.000000;2016-04-24T00:23:04.000000;eb5f53a8-c8cc-4bd0-9067-b14cdd07bd1d;455.38;1.0;UNKNOWN
2016-04-24T00:23:04.000000;2016-04-24T00:23:04.000000;42eb7d42-66a1-4a52-876a-8d5dd2f2a94a;455.38;0.015;UNKNOWN
2016-04-24T00:23:04.000000;2016-04-24T00:23:04.000000;617503e2-3925-49be-bc69-ef02a4610fd4;455.38;0.015;UNKNOWN
2016-04-24T00:23:05.000000;2016-04-24T00:23:05.000000;5fae174c-d47d-40de-808d-fcce48dd58bc;455.38;0.015;UNKNOWN
2016-04-24T00:23:05.000000;2016-04-24T00:23:05.000000;5487d53f-6580-48cb-a677-6c92342e26a5;455.38;0.05;UNKNOWN
2016-04-24T00:23:05.000000;2016-04-24T00:23:05.000000;7ebf9b63-6619-472c-b8b9-544b4b2d3dd5;455.38;0.015;UNKNOWN
2016-04-24T00:23:22.000000;2016-04-24T00:23:22.000000;d82a676e-8a95-4fe1-bf4f-adb68e0511dd;455.38;0.07720879;UNKNOWN
2016-04-24T00:23:23.000000;2016-04-24T00:23:23.000000;e09861fe-50e4-4db9-8332-4fefbfe93bdc;455.39;0.01;UNKNOWN
2016-04-24T00:23:24.000000;2016-04-24T00:23:24.000000;d95c143c-99c5-490f-af86-1b7a056c48b2;455.38;0.38517061;UNKNOWN
2016-04-24T00:23:26.000000;2016-04-24T00:23:26.000000;4e075384-6c45-4840-955e-ed18e69b1f1f;455.38;0.0775449;UNKNOWN
2016-04-24T00:23:29.000000;2016-04-24T00:23:29.000000;cb5717cc-5113-4c93-98c1-94a8eae45119;455.38;0.09871214;UNKNOWN
2016-04-24T00:23:30.000000;2016-04-24T00:23:30.000000;cf558729-ff8e-4f1c-a10a-4b273acb9c84;455.38;0.0781534;UNKNOWN
2016-04-24T00:23:32.000000;2016-04-24T00:23:32.000000;aa46ac16-eca7-47aa-a06b-4fa2bde423b9;455.38;0.13422651;UNKNOWN
2016-04-24T00:23:33.000000;2016-04-24T00:23:33.000000;8c7aed9f-a9c9-4b9e-b1b3-cfc1efbf120a;455.38;0.01495087;UNKNOWN
2016-04-24T00:23:34.000000;2016-04-24T00:23:34.000000;e1de1a16-1292-4f69-943f-4a9c04ce59f7;455.39;0.99;UNKNOWN
2016-04-24T00:23:35.000000;2016-04-24T00:23:35.000000;68dd27d6-c7ee-4bc0-9869-116159ef2dcb;455.38;0.09434825;UNKNOWN
2016-04-24T00:23:42.000000;2016-04-24T00:23:42.000000;25651dcf-1f02-4d49-834f-e5580c49885e;455.38;0.09017988;UNKNOWN
2016-04-24T00:23:43.000000;2016-04-24T00:23:43.000000;bed6ef36-de8d-4d0c-959f-eb0a31dc1930;455.38;0.03842524;UNKNOWN
2016-04-24T00:23:45.000000;2016-04-24T00:23:45.000000;3c526d6b-553b-49bb-9d64-dc72174bbaab;455.44;1.0;UNKNOWN
2016-04-24T00:23:53.000000;2016-04-24T00:23:53.000000;fe9a4f26-f1f2-44b7-9a42-86efd0d8ad01;455.89;0.05326678;UNKNOWN
2016-04-24T00:24:04.000000;2016-04-24T00:24:04.000000;4929aa25-2c7f-4d23-8eb7-613e9f42771e;455.89;0.02774374;UNKNOWN
2016-04-24T00:24:04.000000;2016-04-24T00:24:04.000000;2d5c67e8-e2c3-4787-a56d-d218e1c407a5;455.52;0.015;UNKNOWN
2016-04-24T00:24:29.000000;2016-04-24T00:24:29.000000;4cf89d78-9316-48d8-a9c1-f697b01bdd3a;455.89;3.48224878;UNKNOWN
2016-04-24T00:24:29.000000;2016-04-24T00:24:29.000000;27cafb26-68dc-47a4-92c9-9ea95a042705;455.8;0.5;UNKNOWN
2016-04-24T00:24:38.000000;2016-04-24T00:24:38.000000;2781a0dc-db11-4bf3-af25-5ed34080819b;455.52;11.985;UNKNOWN
2016-04-24T00:24:38.000000;2016-04-24T00:24:38.000000;f0468fcd-8ea8-409c-b5ca-cd97d11a7c47;455.54;0.059393;UNKNOWN
2016-04-24T00:24:38.000000;2016-04-24T00:24:38.000000;e618896a-299b-4ecc-bf5f-d77e93b85a50;455.55;0.5;UNKNOWN
2016-04-24T00:24:38.000000;2016-04-24T00:24:38.000000;cbef4653-750c-4f0d-9cb0-27ec5cc41ac4;455.51;8.401907;UNKNOWN
2016-04-24T00:24:38.000000;2016-04-24T00:24:38.000000;154be59a-b42e-49a5-b20d-1c92b5e8bf95;455.54;3.0;UNKNOWN
2016-04-24T00:24:38.000000;2016-04-24T00:24:38.000000;27906ca3-d110-46a4-8ebd-a2c8a2112d6e;455.53;6.0;UNKNOWN
2016-04-24T00:24:52.000000;2016-04-24T00:24:52.000000;f95b623a-fc64-40cc-952b-dde9dbb4dc61;455.5;0.13456852;UNKNOWN
2016-04-24T00:24:56.000000;2016-04-24T00:24:56.000000;d394be9d-1b4f-4070-820a-b3c53e489660;455.2;12.7665;UNKNOWN
2016-04-24T00:24:56.000000;2016-04-24T00:24:56.000000;9da52056-0f96-4341-a61c-915986a5f02d;455.32;12.6599;UNKNOWN
2016-04-24T00:24:56.000000;2016-04-24T00:24:56.000000;14276fe3-5787-4a82-9c1d-f3a7f0134ce7;455.5;44.07392646;UNKNOWN
2016-04-24T00:24:56.000000;2016-04-24T00:24:56.000000;4f6c84a5-d933-4e5c-9a47-11ea72b4edaa;455.38;6.22500694;UNKNOWN
2016-04-24T00:24:56.000000;2016-04-24T00:24:56.000000;151957b9-b80c-4f59-bbc2-4da5ecfe5b23;455.19;8.21;UNKNOWN
2016-04-24T00:24:56.000000;2016-04-24T00:24:56.000000;89085ab4-a99d-4fe2-b97f-37b069183b3d;455.18;13.1859;UNKNOWN
2016-04-24T00:24:56.000000;2016-04-24T00:24:56.000000;2bcbfeb5-5203-4997-8a12-4dfb76dc4e67;455.02;2.8787666;UNKNOWN
2016-04-24T00:24:59.000000;2016-04-24T00:24:59.000000;67757865-b25f-41a9-84df-c9b7e6b22f5e;455.98;12.0;UNKNOWN
2016-04-24T00:24:59.000000;2016-04-24T00:24:59.000000;26b20b3a-5848-4fe4-b898-c9f29a69d248;455.82;12.4107;UNKNOWN
2016-04-24T00:24:59.000000;2016-04-24T00:24:59.000000;9d8a300b-84a8-42cf-9c55-cc55e4221922;455.98;12.927;UNKNOWN
2016-04-24T00:24:59.000000;2016-04-24T00:24:59.000000;549a0786-f849-4544-84c3-5c327d67006a;455.8;3.0;UNKNOWN
2016-04-24T00:24:59.000000;2016-04-24T00:24:59.000000;c81c16b8-ae48-4257-be60-d78d654ac9ad;455.97;0.14087825;UNKNOWN
2016-04-24T00:24:59.000000;2016-04-24T00:24:59.000000;3441d0bc-1283-462c-8f3b-fa9ac4c1af99;455.9;5.564;UNKNOWN
2016-04-24T00:24:59.000000;2016-04-24T00:24:59.000000;c7365c28-0df1-4514-8839-f7d9e9984384;455.81;6.0;UNKNOWN
2016-04-24T00:24:59.000000;2016-04-24T00:24:59.000000;f0e31e5e-c989-4299-9676-37629cc7326b;455.98;9.39412175;UNKNOWN
2016-04-24T00:24:59.000000;2016-04-24T00:24:59.000000;f592db6a-bea7-4380-b69a-16837d997f04;455.8;18.9468;UNKNOWN
2016-04-24T00:24:59.000000;2016-04-24T00:24:59.000000;5921495e-bd40-4692-9469-69dd97b7bbe1;455.64;13.0404;UNKNOWN
2016-04-24T00:24:59.000000;2016-04-24T00:24:59.000000;802bc450-6285-4ea7-9a21-7a6c263283a0;455.8;6.5761;UNKNOWN
2016-04-24T00:25:04.000000;2016-04-24T00:25:04.000000;5e1b6268-a95e-4664-a89f-91b92d282371;455.3;0.015;UNKNOWN
2016-04-24T00:25:05.000000;2016-04-24T00:25:05.000000;4adaac8b-3570-442b-8cd3-2288c9d472c1;455.31;0.015;UNKNOWN
2016-04-24T00:25:13.000000;2016-04-24T00:25:13.000000;0e0564fe-8692-409a-a0a2-fc912400ebbe;455.31;0.08523466;UNKNOWN
2016-04-24T00:25:33.000000;2016-04-24T00:25:33.000000;dad734c7-49fd-40ab-958e-a8ce8eda257a;455.98;5.0;UNKNOWN
2016-04-24T00:25:40.000000;2016-04-24T00:25:40.000000;82af5ed6-da9f-4e1d-8369-3477ee74370d;455.5;0.3;UNKNOWN
2016-04-24T00:25:40.000000;2016-04-24T00:25:40.000000;a4a06a9e-625a-4026-9e59-54c9952c3587;455.5;4.0;UNKNOWN
2016-04-24T00:26:13.000000;2016-04-24T00:26:13.000000;5680ddf6-bde4-4545-b888-163a63f0c2fa;455.05;0.207338;UNKNOWN
2016-04-24T00:27:09.000000;2016-04-24T00:27:09.000000;5ca8d5f5-b0f8-4d07-93db-b1bd4685439f;455.3;6.5442;UNKNOWN
2016-04-24T00:27:09.000000;2016-04-24T00:27:09.000000;e83a7aac-808c-46db-992e-b3add50c130a;455.89;1.0;UNKNOWN
2016-04-24T00:27:09.000000;2016-04-24T00:27:09.000000;51669d08-343d-4069-92b7-272447fc17e7;455.8;20.0;UNKNOWN
2016-04-24T00:27:09.000000;2016-04-24T00:27:09.000000;0c7ef2d3-b356-4c55-9e3d-5e9ae7902dd1;455.31;1.0;UNKNOWN
2016-04-24T00:27:09.000000;2016-04-24T00:27:09.000000;479fcf61-d3c9-4990-a19b-4e2a440633b5;455.5;10.0;UNKNOWN
2016-04-24T00:27:09.000000;2016-04-24T00:27:09.000000;331eb03f-812e-4bea-99fb-196eb5a48555;455.89;11.4558;UNKNOWN
2016-04-24T00:27:21.000000;2016-04-24T00:27:21.000000;9a1628f5-1970-4797-865b-ff56f8c4cb99;455.98;0.1299;UNKNOWN
2016-04-24T00:27:21.000000;2016-04-24T00:27:21.000000;b08889d7-2872-4453-abd0-ffb56588497e;455.99;0.8701;UNKNOWN
2016-04-24T00:27:28.000000;2016-04-24T00:27:28.000000;a104967e-05a5-4688-b0af-4b9cf6d75a80;456.0;2.61;UNKNOWN
2016-04-24T00:27:28.000000;2016-04-24T00:27:28.000000;500d820d-7fcb-4e31-8fa2-6de3db3a8bc4;456.0;67.72980361;UNKNOWN
2016-04-24T00:27:28.000000;2016-04-24T00:27:28.000000;ac36fb1a-9a66-4d05-b83b-f97a38ceb4f5;456.0;0.1;UNKNOWN
2016-04-24T00:27:28.000000;2016-04-24T00:27:28.000000;ebb3e864-4d7f-48f1-acd3-18ac099a96fa;455.98;6.5167;UNKNOWN
2016-04-24T00:27:28.000000;2016-04-24T00:27:28.000000;38e42246-c36f-431d-b464-b2246bc172f3;455.99;23.04349639;UNKNOWN
2016-04-24T00:27:34.000000;2016-04-24T00:27:34.000000;bc7e553a-4c03-4388-8620-494ad22d229a;456.0;6.0;UNKNOWN
2016-04-24T00:27:34.000000;2016-04-24T00:27:34.000000;9691ba9c-198d-4c13-a977-1dcce26201d8;456.0;4.0;UNKNOWN
2016-04-24T00:27:34.000000;2016-04-24T00:27:34.000000;fd6c7f3e-02bc-4821-98f4-54f88622d65b;456.0;0.2;UNKNOWN
2016-04-24T00:27:34.000000;2016-04-24T00:27:34.000000;87f0e55b-9e89-45d2-9286-6d71dd6e4ed7;456.0;0.8;UNKNOWN
2016-04-24T00:27:47.000000;2016-04-24T00:27:47.000000;07c7f7b9-9444-4566-b233-ce78139eebf7;456.0;2.21420361;UNKNOWN
2016-04-24T00:27:47.000000;2016-04-24T00:27:47.000000;dd3c407e-b549-4123-8203-b4896fb969a6;455.99;6.5156;UNKNOWN
2016-04-24T00:27:47.000000;2016-04-24T00:27:47.000000;71bcf086-71ef-4e8f-9939-19e60e6de3f9;456.0;21.27019639;UNKNOWN
2016-04-24T00:27:54.000000;2016-04-24T00:27:54.000000;996e89d4-e5e9-4fff-aabb-62f408b71c4e;455.27;10.24315122;UNKNOWN
2016-04-24T00:27:54.000000;2016-04-24T00:27:54.000000;9ef0272c-5999-4812-b584-b8e69a68b292;455.28;13.5213;UNKNOWN
2016-04-24T00:28:03.000000;2016-04-24T00:28:03.000000;f2d0de11-1ae1-4b53-815d-08c177c32f41;455.93;0.01243922;UNKNOWN
2016-04-24T00:28:19.000000;2016-04-24T00:28:19.000000;86d45874-2481-40a0-bfa1-8136654bf32d;455.13;0.06;UNKNOWN
2016-04-24T00:29:39.000000;2016-04-24T00:29:39.000000;3aaa1a44-a6a9-4395-be42-59356699eb8a;455.03;0.501338;UNKNOWN
2016-04-24T00:29:39.000000;2016-04-24T00:29:39.000000;aab596d7-6cd9-4c41-b9f5-1be4d01f47b6;455.3;3.3453;UNKNOWN
2016-04-24T00:29:39.000000;2016-04-24T00:29:39.000000;fa05bb22-414e-4364-9a9b-88bbdd331da0;455.03;0.3;UNKNOWN
2016-04-24T00:29:39.000000;2016-04-24T00:29:39.000000;05935ad8-f6be-4fab-bbd0-a441c3a3697b;455.05;0.853362;UNKNOWN
2016-04-24T00:29:40.000000;2016-04-24T00:29:40.000000;545af401-eb79-44b4-8c4f-70b3d9d55380;455.3;0.02797666;UNKNOWN
2016-04-24T00:30:04.000000;2016-04-24T00:30:04.000000;a6dc539b-9d6b-448e-b242-6341dfcac04f;455.34;0.2041193;UNKNOWN
2016-04-24T00:30:43.000000;2016-04-24T00:30:43.000000;3fc6b7a9-e810-412b-b4b0-ca2a11a86f04;455.34;3.6449193;UNKNOWN
2016-04-24T00:30:43.000000;2016-04-24T00:30:43.000000;124079af-ff7e-4c14-95e4-fba5e6344bbd;455.34;6.3550807;UNKNOWN
2016-04-24T00:31:09.000000;2016-04-24T00:31:09.000000;a45533bb-391e-4da9-b8cd-902fef013972;455.3;0.01;UNKNOWN
2016-04-24T00:31:25.000000;2016-04-24T00:31:25.000000;f519efce-2b41-4356-96dc-4e9b521fbfe8;455.38;6.5423;UNKNOWN
2016-04-24T00:31:25.000000;2016-04-24T00:31:25.000000;2fcb2b87-80df-4a3a-9ae0-94f7b972bdbf;455.72;13.8698;UNKNOWN
2016-04-24T00:31:25.000000;2016-04-24T00:31:25.000000;59785910-6875-4501-b9a5-379c266f7d65;455.74;13.7212;UNKNOWN
2016-04-24T00:31:25.000000;2016-04-24T00:31:25.000000;7f5bc014-3b11-471a-b794-5f255ec52a66;455.39;2.20870303;UNKNOWN
2016-04-24T00:31:25.000000;2016-04-24T00:31:25.000000;7dabc959-c783-48d7-ad58-a531528eedb1;455.73;8.24;UNKNOWN
2016-04-24T00:31:25.000000;2016-04-24T00:31:25.000000;8bed8e1b-62df-402d-95de-b1a0f36377a5;455.73;0.198;UNKNOWN
2016-04-24T00:31:42.000000;2016-04-24T00:31:42.000000;6c120ff2-dd83-4f9f-b858-7f03a0567497;455.89;7.2101;UNKNOWN
2016-04-24T00:31:42.000000;2016-04-24T00:31:42.000000;3c8270cb-1bcb-41a8-8091-bfba5fe9e5b5;455.87;6.5534;UNKNOWN
2016-04-24T00:32:16.000000;2016-04-24T00:32:16.000000;51d74ec8-7af3-4daf-a6f9-288b22cd7da3;456.0;0.05;UNKNOWN
2016-04-24T00:32:16.000000;2016-04-24T00:32:16.000000;cd0efed6-0593-436f-be19-10614b36c034;456.0;22.77579639;UNKNOWN
2016-04-24T00:32:16.000000;2016-04-24T00:32:16.000000;f8b0c4f2-26f4-451c-85b2-e6583cf32910;455.88;6.5633;UNKNOWN
2016-04-24T00:32:16.000000;2016-04-24T00:32:16.000000;1d77281e-797d-491f-9ae3-651d6f67ebe8;456.0;1.0;UNKNOWN
2016-04-24T00:32:16.000000;2016-04-24T00:32:16.000000;0936bc0e-3b3d-492a-952f-1036697ba093;455.89;6.5534;UNKNOWN
2016-04-24T00:32:16.000000;2016-04-24T00:32:16.000000;f6f78355-05af-46c4-b172-1a77ca0c1312;456.0;4.72703387;UNKNOWN
2016-04-24T00:32:16.000000;2016-04-24T00:32:16.000000;9737830b-47e1-4cde-8200-39f43efce942;455.88;4.16523487;UNKNOWN
2016-04-24T00:32:16.000000;2016-04-24T00:32:16.000000;7fa1595d-5299-4099-baab-15daccde3746;455.9;4.16523487;UNKNOWN
2016-04-24T00:32:49.000000;2016-04-24T00:32:49.000000;5770cb6e-e431-4413-bacd-20ee5dcdd6ac;455.76;0.51;UNKNOWN
2016-04-24T00:33:08.000000;2016-04-24T00:33:08.000000;9cdad81e-f444-46cb-9b85-abba27909787;455.73;0.01;UNKNOWN
2016-04-24T00:33:33.000000;2016-04-24T00:33:33.000000;16cbd354-6016-4080-9701-99cad97f50cb;455.9;6.5352;UNKNOWN
2016-04-24T00:33:44.000000;2016-04-24T00:33:44.000000;6380f355-71ed-4c61-b8db-371667fa5a4d;456.0;8.0;UNKNOWN
2016-04-24T00:33:47.000000;2016-04-24T00:33:47.000000;0fac92f0-efc4-4185-9747-1bcd7d662877;456.0;0.02527321;UNKNOWN
2016-04-24T00:34:27.000000;2016-04-24T00:34:27.000000;3f8f4656-c8e5-43d1-99bf-7168294b6efd;456.0;1.0;UNKNOWN
2016-04-24T00:35:05.000000;2016-04-24T00:35:05.000000;6e5b5c25-a18c-4f6e-924e-87e87db1fd53;455.97;0.015;UNKNOWN
2016-04-24T00:35:09.000000;2016-04-24T00:35:09.000000;562c8361-9f3a-4876-9d00-ac91176fdd53;456.0;2.0;UNKNOWN
2016-04-24T00:35:57.000000;2016-04-24T00:35:57.000000;6db35413-8485-486d-a3f9-f3a554188f61;456.0;9.22;UNKNOWN
2016-04-24T00:37:39.000000;2016-04-24T00:37:39.000000;3811d271-8b87-40b5-8fc9-5e23e7937905;456.0;0.78;UNKNOWN
2016-04-24T00:37:39.000000;2016-04-24T00:37:39.000000;ad953f40-cd2b-41c4-9c4d-16d9e384f08b;456.0;0.2;UNKNOWN
2016-04-24T00:38:15.000000;2016-04-24T00:38:15.000000;6f2a398e-f380-4c77-94b8-042830902409;456.0;4.8;UNKNOWN
2016-04-24T00:38:27.000000;2016-04-24T00:38:27.000000;5e4727db-934c-4330-aba6-77374d0559aa;456.0;1.9989992;UNKNOWN
2016-04-24T00:38:27.000000;2016-04-24T00:38:27.000000;c4516877-f69f-40e1-a0af-c41c3848fbc8;455.97;0.3010008;UNKNOWN
2016-04-24T00:38:55.000000;2016-04-24T00:38:55.000000;7168bd6a-54c3-462f-80ec-2269797f50b6;456.0;1.11;UNKNOWN
2016-04-24T00:39:04.000000;2016-04-24T00:39:04.000000;6afd3f18-c481-41c0-9a5d-9d7fe726fac7;456.0;0.4;UNKNOWN
2016-04-24T00:39:04.000000;2016-04-24T00:39:04.000000;af609827-0911-4700-adb7-1edef01fad30;456.01;0.3;UNKNOWN
2016-04-24T00:39:09.000000;2016-04-24T00:39:09.000000;435ed121-c844-43ba-b5e7-fb2fa188df0e;456.09;0.09;UNKNOWN
2016-04-24T00:39:21.000000;2016-04-24T00:39:21.000000;4039a012-c846-4e17-9219-8a0f12fbb857;456.03;0.07620299;UNKNOWN
2016-04-24T00:39:30.000000;2016-04-24T00:39:30.000000;1d295095-b335-4483-a07e-f16cefa0290a;456.19;1.57709216;UNKNOWN
2016-04-24T00:39:30.000000;2016-04-24T00:39:30.000000;c166d994-ec2f-4ae6-9305-c6742ed8c251;456.09;0.11;UNKNOWN
2016-04-24T00:39:30.000000;2016-04-24T00:39:30.000000;6539ef9d-fcd8-4c7f-8ae7-caf4279be3ce;456.1;1.0;UNKNOWN
2016-04-24T00:39:33.000000;2016-04-24T00:39:33.000000;94640c5e-7b38-4e0b-b219-f733831eb7f6;456.24;1.0;UNKNOWN
2016-04-24T00:39:33.000000;2016-04-24T00:39:33.000000;05b6c5ce-36dc-4616-9c34-c25c04f17531;456.2;1.0;UNKNOWN
2016-04-24T00:39:33.000000;2016-04-24T00:39:33.000000;e45f25db-2848-4161-83c2-f297002dd0db;456.37;8.0;UNKNOWN
2016-04-24T00:39:38.000000;2016-04-24T00:39:38.000000;b329e1e9-4c3e-4326-a706-61f4f9d5658e;457.0;0.1;UNKNOWN
2016-04-24T00:39:38.000000;2016-04-24T00:39:38.000000;9e15b2b1-cdf7-4b48-9dc0-6e5437c0f4ac;456.98;7.58348788;UNKNOWN
2016-04-24T00:39:38.000000;2016-04-24T00:39:38.000000;a6524268-3f82-40ac-8f76-391a1fb0c73a;457.0;20.0;UNKNOWN
2016-04-24T00:39:38.000000;2016-04-24T00:39:38.000000;a0c9689c-c854-4fae-8aa4-74c2b28134c5;457.0;1.0;UNKNOWN
2016-04-24T00:39:38.000000;2016-04-24T00:39:38.000000;96f85837-1f8b-49ec-8b18-444a0997bcf8;456.99;50.0;UNKNOWN
2016-04-24T00:39:38.000000;2016-04-24T00:39:38.000000;ce89491c-855d-4198-a42d-fe716b3ae4ba;456.99;12.49;UNKNOWN
2016-04-24T00:39:38.000000;2016-04-24T00:39:38.000000;2a9dfd49-3e90-4e76-b8f7-fdc1a75bdcc8;456.92;4.16003661;UNKNOWN
2016-04-24T00:39:38.000000;2016-04-24T00:39:38.000000;99886919-aa2b-44f7-853e-49e0c3ea9a2e;457.0;0.1;UNKNOWN
2016-04-24T00:39:38.000000;2016-04-24T00:39:38.000000;b8f49a27-ef7e-4337-a9a4-1f24e3ba4b27;456.87;0.933;UNKNOWN
2016-04-24T00:39:38.000000;2016-04-24T00:39:38.000000;73786f76-15cc-4e6c-92b7-90efd033a5ec;456.97;3.5;UNKNOWN
2016-04-24T00:39:38.000000;2016-04-24T00:39:38.000000;c273411e-c126-439d-9b04-4cab918f1089;457.0;20.0;UNKNOWN
2016-04-24T00:39:38.000000;2016-04-24T00:39:38.000000;8f0569ab-5a6b-45be-98b5-c568c66c5397;456.91;0.15333094;UNKNOWN
2016-04-24T00:39:38.000000;2016-04-24T00:39:38.000000;8ed29124-00f5-4719-a1c5-932410c2d661;456.72;11.6647;UNKNOWN
2016-04-24T00:39:38.000000;2016-04-24T00:39:38.000000;76f08715-1582-4823-9e46-1adbf2515839;456.73;4.16003661;UNKNOWN
2016-04-24T00:39:38.000000;2016-04-24T00:39:38.000000;754421dc-fd84-4f0e-86c5-659ead4c24b1;456.9;11.6367;UNKNOWN
2016-04-24T00:39:38.000000;2016-04-24T00:39:38.000000;cb8a412a-06cf-4295-8f83-df0e5191a130;456.84;40.0;UNKNOWN
2016-04-24T00:39:38.000000;2016-04-24T00:39:38.000000;78e122f4-d963-4925-bb43-d82a7d3055a9;456.83;4.16003661;UNKNOWN
2016-04-24T00:39:38.000000;2016-04-24T00:39:38.000000;bdcc9125-86f8-435f-847d-56ba869fdb61;456.9;0.23;UNKNOWN
2016-04-24T00:39:38.000000;2016-04-24T00:39:38.000000;2e3f5fce-fad4-4feb-a4c2-0d980937d2f2;456.75;0.25;UNKNOWN
2016-04-24T00:39:38.000000;2016-04-24T00:39:38.000000;87fe56aa-7e93-4419-9a2b-76cd067b994c;456.83;7.66733476;UNKNOWN
2016-04-24T00:39:38.000000;2016-04-24T00:39:38.000000;8a40b609-146e-42bc-9bb6-e1657c294949;457.0;4.58282665;UNKNOWN
2016-04-24T00:39:38.000000;2016-04-24T00:39:38.000000;516dd3f6-62ef-44b6-8bc1-b29fc9ce7275;456.48;6.5508;UNKNOWN
2016-04-24T00:39:38.000000;2016-04-24T00:39:38.000000;863b3acc-b8aa-4400-9fc2-63208631835d;456.71;7.64870233;UNKNOWN
2016-04-24T00:39:38.000000;2016-04-24T00:39:38.000000;a1c08463-4554-4e11-a585-33fb9db31d9e;456.46;0.1039;UNKNOWN
2016-04-24T00:39:38.000000;2016-04-24T00:39:38.000000;eedf107d-43ed-437d-9a0e-2b1870d4f92a;456.61;4.16003661;UNKNOWN
2016-04-24T00:39:38.000000;2016-04-24T00:39:38.000000;6a36a713-6700-4446-b432-94036b1f0054;456.59;11.1193;UNKNOWN
2016-04-24T00:39:38.000000;2016-04-24T00:39:38.000000;35cacb39-0844-4aea-ab08-0975277d912d;456.57;10.1531;UNKNOWN
2016-04-24T00:39:38.000000;2016-04-24T00:39:38.000000;6e466666-5a40-4c1d-8660-8dcfddad45e7;456.49;20.0;UNKNOWN
2016-04-24T00:39:38.000000;2016-04-24T00:39:38.000000;32ef9673-e678-4108-809b-36d69e543eae;456.52;0.655271;UNKNOWN
2016-04-24T00:39:45.000000;2016-04-24T00:39:45.000000;02ed9e3e-acd9-4ade-832f-424458624b11;457.03;0.17569024;UNKNOWN
2016-04-24T00:39:45.000000;2016-04-24T00:39:45.000000;a68c4816-6a4c-4476-8f85-c4b90932cb81;457.07;0.6602;UNKNOWN
2016-04-24T00:39:45.000000;2016-04-24T00:39:45.000000;0d8b48f2-3b5d-4e52-8c5c-e8e40a6d6604;457.06;12.2025;UNKNOWN
2016-04-24T00:39:45.000000;2016-04-24T00:39:45.000000;bfb1326b-5835-473f-8b09-3be41441eb38;457.0;1.0;UNKNOWN
2016-04-24T00:39:45.000000;2016-04-24T00:39:45.000000;82f649f5-7538-430a-b0b7-6151f161be3e;457.09;0.2;UNKNOWN
2016-04-24T00:39:45.000000;2016-04-24T00:39:45.000000;5611fda3-18a2-4909-a396-a15491505ec3;457.48;0.25;UNKNOWN
2016-04-24T00:39:45.000000;2016-04-24T00:39:45.000000;80204861-97e9-4f06-85cd-404a76550add;457.14;35.0;UNKNOWN
2016-04-24T00:39:45.000000;2016-04-24T00:39:45.000000;9197085a-aa8d-4ced-aad9-85353dbf6cd8;457.06;4.16007987;UNKNOWN
2016-04-24T00:39:45.000000;2016-04-24T00:39:45.000000;7bddbe0c-9d84-4a58-8861-9576bcc441c2;457.0;4.16007987;UNKNOWN
2016-04-24T00:39:45.000000;2016-04-24T00:39:45.000000;89bc6fff-fa1f-4991-b9aa-b6d19112e1aa;457.01;4.16003661;UNKNOWN
2016-04-24T00:39:45.000000;2016-04-24T00:39:45.000000;669a0ff7-345e-4c04-b11c-778bcb787d64;457.0;0.01;UNKNOWN
2016-04-24T00:39:45.000000;2016-04-24T00:39:45.000000;95ba1f07-ebd3-45d2-b104-19bf804f292b;457.0;4.16007987;UNKNOWN
2016-04-24T00:39:45.000000;2016-04-24T00:39:45.000000;c9ee2437-2cc9-4503-8908-5270de482386;457.0;0.0698;UNKNOWN
2016-04-24T00:39:45.000000;2016-04-24T00:39:45.000000;f68a7753-a9fe-4a1c-8bf9-5b9235ea8ffa;457.0;0.01;UNKNOWN
2016-04-24T00:39:45.000000;2016-04-24T00:39:45.000000;a1316b0d-3ba1-40cd-829b-db93b06c864c;457.0;11.8243;UNKNOWN
2016-04-24T00:39:45.000000;2016-04-24T00:39:45.000000;7cfdc7a4-0632-471a-a474-f8e43e86c9f1;457.0;0.33737335;UNKNOWN
2016-04-24T00:39:45.000000;2016-04-24T00:39:45.000000;31ffac5f-1726-4c4c-8be4-fef2e00b81b8;457.2;12.5898;UNKNOWN
2016-04-24T00:39:45.000000;2016-04-24T00:39:45.000000;21471735-a16d-4b00-8ac6-e7262e97ccfb;457.22;0.01;UNKNOWN
2016-04-24T00:39:45.000000;2016-04-24T00:39:45.000000;6eddee1e-4a0c-4e14-ad02-eeec8a362381;457.19;0.25;UNKNOWN
2016-04-24T00:39:45.000000;2016-04-24T00:39:45.000000;202e9b91-8d06-49fe-8f91-8f5b4d3792d6;457.5;46.80236019;UNKNOWN
2016-04-24T00:39:45.000000;2016-04-24T00:39:45.000000;33512ac0-fb1a-4202-a0bc-91733c2d7793;457.46;0.014;UNKNOWN
2016-04-24T00:39:45.000000;2016-04-24T00:39:45.000000;7d1d996b-4fb9-4da7-9935-defddbd9e778;457.36;12.4335;UNKNOWN
2016-04-24T00:39:45.000000;2016-04-24T00:39:45.000000;63371ce1-557d-4539-9d30-dd33a7f77977;457.21;10.0;UNKNOWN
2016-04-24T00:39:45.000000;2016-04-24T00:39:45.000000;fee600e7-b6db-4ea7-8129-97f8fcc7addf;457.2;1.0;UNKNOWN
2016-04-24T00:39:50.000000;2016-04-24T00:39:50.000000;fc66a782-b931-4d70-be19-fa362d50b681;457.03;0.31290784;UNKNOWN
2016-04-24T00:39:52.000000;2016-04-24T00:39:52.000000;54bcb094-5899-4ca2-8936-52b34d756f30;457.03;0.04;UNKNOWN
2016-04-24T00:39:52.000000;2016-04-24T00:39:52.000000;6f05ea7b-5bc4-4695-8ec1-82e2787029b5;457.03;0.2;UNKNOWN
2016-04-24T00:39:53.000000;2016-04-24T00:39:53.000000;b8f41029-8e70-44b0-9585-3a926cf0a340;456.54;0.89763822;UNKNOWN
2016-04-24T00:40:03.000000;2016-04-24T00:40:03.000000;b917f39f-6d29-4607-9139-1db9d9f79f57;456.55;0.01;UNKNOWN
2016-04-24T00:40:03.000000;2016-04-24T00:40:03.000000;c4644642-d9b5-41fa-b5f2-cbc660188a5e;456.55;0.09;UNKNOWN
2016-04-24T00:40:04.000000;2016-04-24T00:40:04.000000;d94f875d-a5c2-4d9a-957c-5b80d93ceff3;456.55;0.015;UNKNOWN
2016-04-24T00:40:04.000000;2016-04-24T00:40:04.000000;d97e6844-8d61-44a5-9142-53f5d28e2ae4;456.55;0.015;UNKNOWN
2016-04-24T00:40:32.000000;2016-04-24T00:40:32.000000;13781acd-44a6-423b-a281-6d81296476c3;456.78;0.07119538;UNKNOWN
2016-04-24T00:40:33.000000;2016-04-24T00:40:33.000000;d24b04f4-2ff0-433b-be0e-29823542a96d;456.79;0.01;UNKNOWN
2016-04-24T00:40:33.000000;2016-04-24T00:40:33.000000;309a62fe-4a5c-49f0-9795-a443266fbb03;456.78;0.06255715;UNKNOWN
2016-04-24T00:40:33.000000;2016-04-24T00:40:33.000000;e28ab954-3a4c-41b0-9210-c739bdd45139;456.79;0.01;UNKNOWN
2016-04-24T00:40:34.000000;2016-04-24T00:40:34.000000;403c684f-9f39-4f41-82b4-feb8893ad520;456.78;0.14083664;UNKNOWN
2016-04-24T00:40:36.000000;2016-04-24T00:40:36.000000;3fb995ff-b631-44ba-8bcf-16e8bb5c9df9;456.78;0.0752293;UNKNOWN
2016-04-24T00:40:37.000000;2016-04-24T00:40:37.000000;2008041e-3986-49ca-86a3-dbfe9325fc3b;456.8;0.01;UNKNOWN
2016-04-24T00:40:37.000000;2016-04-24T00:40:37.000000;b9bac378-ca77-4036-b521-8bb8cea27175;456.8;0.01;UNKNOWN
2016-04-24T00:40:37.000000;2016-04-24T00:40:37.000000;13b549c0-a463-4567-9adb-d3f6272b2dc3;456.78;0.07062017;UNKNOWN
2016-04-24T00:40:38.000000;2016-04-24T00:40:38.000000;2e5b0da5-80d1-420d-96aa-d5ec903cc06b;456.78;0.13369843;UNKNOWN
2016-04-24T00:40:41.000000;2016-04-24T00:40:41.000000;420ff4c2-bff9-4842-899d-534196ea5ce9;456.78;0.07761321;UNKNOWN
2016-04-24T00:40:41.000000;2016-04-24T00:40:41.000000;112dea4d-a74e-487a-8f65-bb1ca5b5f39c;456.78;1.893;UNKNOWN
2016-04-24T00:40:41.000000;2016-04-24T00:40:41.000000;9c234ac9-08b0-4a56-b5c8-e93a625e1562;456.79;0.01;UNKNOWN
2016-04-24T00:40:41.000000;2016-04-24T00:40:41.000000;ad77fc63-733a-4f6b-a39f-22b06f237c4c;456.79;0.01;UNKNOWN
2016-04-24T00:40:42.000000;2016-04-24T00:40:42.000000;4a8b8908-a178-4a36-ad90-f0267ee202c8;456.77;0.08638779;UNKNOWN
2016-04-24T00:40:43.000000;2016-04-24T00:40:43.000000;6f217317-b4b4-4154-b493-7df3516c5893;456.77;0.07125576;UNKNOWN
2016-04-24T00:40:44.000000;2016-04-24T00:40:44.000000;d7d1cb0f-3f60-4623-82bc-5d3469b82a2c;456.78;0.01;UNKNOWN
2016-04-24T00:40:44.000000;2016-04-24T00:40:44.000000;e69808ca-7bd8-4d3f-bd3a-6cd7d3df4e33;456.66;0.37181002;UNKNOWN
2016-04-24T00:40:44.000000;2016-04-24T00:40:44.000000;c322342e-7f1b-47ff-b70c-50498ca62f6d;456.78;0.01;UNKNOWN
2016-04-24T00:40:45.000000;2016-04-24T00:40:45.000000;937072d9-c1ce-4a21-9829-654828212cd7;457.53;0.0195;UNKNOWN
2016-04-24T00:40:45.000000;2016-04-24T00:40:45.000000;108d7382-0e50-4484-bdc3-caccb4b14054;457.54;12.2404;UNKNOWN
2016-04-24T00:40:45.000000;2016-04-24T00:40:45.000000;c163c218-ac1a-4eee-9c73-58d571710f46;457.5;3.19763981;UNKNOWN
2016-04-24T00:40:45.000000;2016-04-24T00:40:45.000000;4273c78b-7bd6-4aac-9bc2-d67742842a95;456.99;6.536;UNKNOWN
2016-04-24T00:40:45.000000;2016-04-24T00:40:45.000000;ccc39de1-ab99-47ae-a3b8-5912f1e883bf;457.85;4.15528292;UNKNOWN
2016-04-24T00:40:45.000000;2016-04-24T00:40:45.000000;8d43fbfd-4c5c-4698-86e8-86abeeb72013;457.75;0.25;UNKNOWN
2016-04-24T00:40:45.000000;2016-04-24T00:40:45.000000;cf88177e-d181-431c-a798-aeb528b40414;457.72;10.8848;UNKNOWN
2016-04-24T00:40:45.000000;2016-04-24T00:40:45.000000;39ec69e4-c7dc-4cda-bf56-0296162d6056;457.73;12.028;UNKNOWN
2016-04-24T00:40:45.000000;2016-04-24T00:40:45.000000;b1ef6812-73a5-46de-8a62-3e36527d1222;457.8;5.0;UNKNOWN
2016-04-24T00:40:45.000000;2016-04-24T00:40:45.000000;9c89bb54-c8f8-4e82-86b7-2af9b43e5271;457.89;13.0226;UNKNOWN
2016-04-24T00:40:45.000000;2016-04-24T00:40:45.000000;0850ac99-b707-4965-a8f6-f70156857dde;457.91;3.99477727;UNKNOWN
2016-04-24T00:40:45.000000;2016-04-24T00:40:45.000000;2e1d6cb3-9703-465f-8a2e-466c845cfa0f;457.77;10.0;UNKNOWN
2016-04-24T00:40:45.000000;2016-04-24T00:40:45.000000;432cda93-2764-4433-ab28-4e1da34ef9df;457.0;5.0;UNKNOWN
2016-04-24T00:40:45.000000;2016-04-24T00:40:45.000000;b2577d03-4bf6-4c29-aa6a-b11961dba849;457.01;0.32;UNKNOWN
2016-04-24T00:40:45.000000;2016-04-24T00:40:45.000000;b2e37232-1776-4315-92c4-b6460455d3d2;457.5;13.351;UNKNOWN
2016-04-24T00:40:46.000000;2016-04-24T00:40:46.000000;53f212be-a0ef-49d8-a73a-89c233ef821d;456.67;0.08145803;UNKNOWN
2016-04-24T00:40:47.000000;2016-04-24T00:40:47.000000;94613af4-f2bd-408a-a77e-39930e2cc91d;456.69;0.13701715;UNKNOWN
2016-04-24T00:40:54.000000;2016-04-24T00:40:54.000000;9ddc5601-db58-4da1-b3b3-6e359f715798;458.0;0.1;UNKNOWN
2016-04-24T00:40:54.000000;2016-04-24T00:40:54.000000;80147e75-e4c4-4c55-b3fb-6466d1dfd308;457.99;1.0;UNKNOWN
2016-04-24T00:40:54.000000;2016-04-24T00:40:54.000000;130c0bfb-c40e-4a42-9ed3-4228b7e383c7;457.98;12.5629;UNKNOWN
2016-04-24T00:40:54.000000;2016-04-24T00:40:54.000000;f1face5d-a218-4264-a142-baef252dd81c;458.0;34.4643;UNKNOWN
2016-04-24T00:40:54.000000;2016-04-24T00:40:54.000000;e6be50bf-1e63-46bb-a570-e2cd8b59f0a4;458.0;0.1;UNKNOWN
2016-04-24T00:40:54.000000;2016-04-24T00:40:54.000000;603d6e98-57ef-4b0c-b590-40b2cf854e16;458.0;24.99;UNKNOWN
2016-04-24T00:40:54.000000;2016-04-24T00:40:54.000000;c73f2a5b-b77c-4862-8cb1-64b1c5708bee;457.9;14.2928;UNKNOWN
2016-04-24T00:40:54.000000;2016-04-24T00:40:54.000000;f34ad962-40c8-405e-9ed7-c680ba8ac539;457.99;12.49;UNKNOWN
2016-04-24T00:40:59.000000;2016-04-24T00:40:59.000000;8e771864-a940-4889-8fd4-527f85c7096b;457.9;0.04367766;UNKNOWN
2016-04-24T00:40:59.000000;2016-04-24T00:40:59.000000;3d4d1415-12ce-44ca-afc6-7d19e116593b;457.99;9.79923278;UNKNOWN
2016-04-24T00:41:00.000000;2016-04-24T00:41:00.000000;6b8e75d0-b902-401e-88df-d740ca7beaa4;457.54;0.05381965;UNKNOWN
2016-04-24T00:41:01.000000;2016-04-24T00:41:01.000000;81465372-bbce-40ae-961b-8c43e18ef835;457.36;0.09703288;UNKNOWN
2016-04-24T00:41:01.000000;2016-04-24T00:41:01.000000;711601ef-2e10-4bb4-84fe-1230808e2cde;457.54;1.0;UNKNOWN
2016-04-24T00:41:01.000000;2016-04-24T00:41:01.000000;89d44987-b84c-4c36-8877-4363138736cd;457.36;0.1;UNKNOWN
2016-04-24T00:41:04.000000;2016-04-24T00:41:04.000000;5c88693e-6426-4ab3-8488-3cb04d047521;457.54;0.015;UNKNOWN
2016-04-24T00:41:04.000000;2016-04-24T00:41:04.000000;685deb62-c84e-4e4a-a5aa-952f6bcda6b8;457.54;0.05;UNKNOWN
2016-04-24T00:41:05.000000;2016-04-24T00:41:05.000000;78943cda-7f0c-4cdb-a799-df668bf1ed5c;458.0;2.65387262;UNKNOWN
2016-04-24T00:41:05.000000;2016-04-24T00:41:05.000000;deffda0f-e91f-4409-bd88-0c4f892f6bab;457.93;0.34;UNKNOWN
2016-04-24T00:41:05.000000;2016-04-24T00:41:05.000000;c2c7194e-8728-4ac8-8f7f-4a09b7a82481;457.9;0.15708956;UNKNOWN
2016-04-24T00:41:05.000000;2016-04-24T00:41:05.000000;31407bb3-e2df-4041-b4c4-d7fd656acd5a;457.99;1.49;UNKNOWN
2016-04-24T00:41:06.000000;2016-04-24T00:41:06.000000;8d49c0cc-ffe3-47e4-81c4-4f4c724f04a1;458.0;0.01;UNKNOWN
2016-04-24T00:41:11.000000;2016-04-24T00:41:11.000000;b18877ed-5f51-4706-b54f-3c6e3ce3b262;457.7;0.05241753;UNKNOWN
2016-04-24T00:41:11.000000;2016-04-24T00:41:11.000000;26c2250a-3b89-41a4-801f-1985d2e93003;458.0;0.2;UNKNOWN
2016-04-24T00:41:12.000000;2016-04-24T00:41:12.000000;4d210131-4b8b-4c2e-b542-fed40a3ba92a;457.7;1.893;UNKNOWN
2016-04-24T00:41:12.000000;2016-04-24T00:41:12.000000;8fec2b06-fe8a-4be3-bb9e-6c2c52e000df;457.6;0.39087056;UNKNOWN
2016-04-24T00:41:21.000000;2016-04-24T00:41:21.000000;03406c13-63ac-42d0-9197-4956a7517dec;457.98;0.05;UNKNOWN
2016-04-24T00:41:26.000000;2016-04-24T00:41:26.000000;0c1ca364-06b5-4535-b0c0-cc0d92288a9b;457.98;1.893;UNKNOWN
2016-04-24T00:41:32.000000;2016-04-24T00:41:32.000000;ca2c7c8a-7594-4558-bc6b-f736eaafce70;457.98;0.3566;UNKNOWN
2016-04-24T00:41:36.000000;2016-04-24T00:41:36.000000;bc5993d5-2b00-4533-b590-d3e510414093;457.99;0.11;UNKNOWN
2016-04-24T00:41:36.000000;2016-04-24T00:41:36.000000;f8909030-e1b5-4f68-8ac7-a0969c51808f;458.0;9.89;UNKNOWN
2016-04-24T00:41:37.000000;2016-04-24T00:41:37.000000;967d843c-f419-4183-bb21-e650fb4c19ba;457.98;17.97861044;UNKNOWN
2016-04-24T00:41:38.000000;2016-04-24T00:41:38.000000;0f77f644-2730-4915-982d-d3655786103b;457.98;1.49;UNKNOWN
2016-04-24T00:41:43.000000;2016-04-24T00:41:43.000000;f637bcb2-a70b-4609-91f9-ebeb6b119d88;458.0;1.0;UNKNOWN
2016-04-24T00:41:43.000000;2016-04-24T00:41:43.000000;e4a95e10-0a89-4c57-986a-bfb6383110e3;458.0;2.77182738;UNKNOWN
2016-04-24T00:41:43.000000;2016-04-24T00:41:43.000000;559fddcf-f8ec-44fe-894f-16cabc1c0bac;458.0;0.37;UNKNOWN
2016-04-24T00:41:43.000000;2016-04-24T00:41:43.000000;59dfd2e7-eaab-48dd-bddc-df9b07b76606;458.19;11.13053962;UNKNOWN
2016-04-24T00:41:43.000000;2016-04-24T00:41:43.000000;8108e664-5dcd-4d19-afb7-b70bca98803e;458.0;0.01;UNKNOWN
2016-04-24T00:41:43.000000;2016-04-24T00:41:43.000000;11a5536c-e288-4692-b4a6-e906158a81fe;458.09;0.2;UNKNOWN
2016-04-24T00:41:43.000000;2016-04-24T00:41:43.000000;fdd0785a-865b-4885-9b2d-66a0a29ff1a9;458.0;5.0;UNKNOWN
2016-04-24T00:41:43.000000;2016-04-24T00:41:43.000000;ad6cc641-bac5-49d9-adcb-4acf25d51cb0;458.0;1.0;UNKNOWN
2016-04-24T00:41:43.000000;2016-04-24T00:41:43.000000;b638d496-f8a3-4cd3-b938-57f2228accc7;458.09;0.981225;UNKNOWN
2016-04-24T00:41:44.000000;2016-04-24T00:41:44.000000;539066c7-60bb-4d29-9a07-bf342572b705;457.98;1.893;UNKNOWN
2016-04-24T00:41:51.000000;2016-04-24T00:41:51.000000;169292da-ac71-47ae-afbd-e83e4a8a2397;458.34;1.1648;UNKNOWN
2016-04-24T00:41:51.000000;2016-04-24T00:41:51.000000;15563476-27f3-48aa-b18b-a6c1d7aec87b;458.27;0.25;UNKNOWN
2016-04-24T00:41:51.000000;2016-04-24T00:41:51.000000;72cb96fc-0722-418b-9b01-3f9e2771e2b0;458.19;0.38;UNKNOWN
2016-04-24T00:41:51.000000;2016-04-24T00:41:51.000000;cb1da5c7-a88e-43f1-96a5-baa8c8d55dfd;458.3;14.5597;UNKNOWN
2016-04-24T00:41:51.000000;2016-04-24T00:41:51.000000;94b3261f-4435-45f8-b0ea-e008f76b7336;458.2;5.0;UNKNOWN
2016-04-24T00:41:51.000000;2016-04-24T00:41:51.000000;59dbe357-611c-4eb4-9602-ca815be494fb;458.21;12.6455;UNKNOWN
2016-04-24T00:41:51.000000;2016-04-24T00:41:51.000000;d5f308be-5a6e-404c-880a-9e914eb01758;458.3;6.0;UNKNOWN
2016-04-24T00:41:52.000000;2016-04-24T00:41:52.000000;b1377495-f79f-434c-84a3-47107cfa3f97;458.02;0.43822167;UNKNOWN
2016-04-24T00:41:59.000000;2016-04-24T00:41:59.000000;b64b0f64-8cd7-45d6-978e-3d5ac82d2a67;458.32;0.15;UNKNOWN
2016-04-24T00:41:59.000000;2016-04-24T00:41:59.000000;c4932f30-e200-4dbf-a785-c5c9086ebb78;458.32;0.09563176;UNKNOWN
2016-04-24T00:42:00.000000;2016-04-24T00:42:00.000000;df0b0bd3-8b31-49ed-a4b8-bb2fd2c919bf;458.32;0.14438461;UNKNOWN
2016-04-24T00:42:00.000000;2016-04-24T00:42:00.000000;acfbb877-02fa-4c7b-97f5-a5992f0a1365;458.32;1.893;UNKNOWN
2016-04-24T00:42:02.000000;2016-04-24T00:42:02.000000;012f9a34-8443-407c-9cb7-658faa811f1c;458.34;0.61;UNKNOWN
2016-04-24T00:42:02.000000;2016-04-24T00:42:02.000000;172438af-59f0-45bc-b731-635322b3edb8;458.33;0.39;UNKNOWN
2016-04-24T00:42:04.000000;2016-04-24T00:42:04.000000;fdbf3fa3-25a1-4fdb-b84b-6fb2205b395f;458.32;0.015;UNKNOWN
2016-04-24T00:42:04.000000;2016-04-24T00:42:04.000000;6b1c09f0-c1c8-49e1-8327-ee5092244023;458.32;0.015;UNKNOWN
2016-04-24T00:42:04.000000;2016-04-24T00:42:04.000000;e8191f0d-0f4a-4b07-ba7e-177e0769b668;458.32;0.05;UNKNOWN
2016-04-24T00:42:04.000000;2016-04-24T00:42:04.000000;75abbcc0-f7dc-434a-8333-4ab122d97a5c;458.32;0.015;UNKNOWN
2016-04-24T00:42:04.000000;2016-04-24T00:42:04.000000;3e556d47-08a0-4eba-8c54-5201878b92be;458.32;0.015;UNKNOWN
2016-04-24T00:42:05.000000;2016-04-24T00:42:05.000000;91c53ec5-4be8-4636-a133-edf395045c58;458.32;0.015;UNKNOWN
2016-04-24T00:42:08.000000;2016-04-24T00:42:08.000000;c798b04a-8639-471a-b866-fff30534cf01;458.34;2.0;UNKNOWN
2016-04-24T00:42:08.000000;2016-04-24T00:42:08.000000;86e10e61-904a-4f2f-a8c4-2237121d383e;458.37;0.89;UNKNOWN
2016-04-24T00:42:08.000000;2016-04-24T00:42:08.000000;a4693277-845b-42d0-bdb6-ff30b50feb0b;458.37;1.21011545;UNKNOWN
2016-04-24T00:42:08.000000;2016-04-24T00:42:08.000000;228088eb-78d9-482b-8f5f-6551fcda0573;458.34;0.2252;UNKNOWN
2016-04-24T00:42:09.000000;2016-04-24T00:42:09.000000;c25c0a93-b32a-4edb-bfd8-146e6a6ca579;458.33;0.06809571;UNKNOWN
2016-04-24T00:42:10.000000;2016-04-24T00:42:10.000000;8d87e1ab-969b-4177-95e0-abe8d8905565;458.33;0.07199745;UNKNOWN
2016-04-24T00:42:10.000000;2016-04-24T00:42:10.000000;5cd83c01-9163-45ed-b5df-4aa7b19644a0;458.39;1.2;UNKNOWN
2016-04-24T00:42:10.000000;2016-04-24T00:42:10.000000;a317b866-e3f5-4de3-8bf6-aac10d4026ab;458.38;0.25;UNKNOWN
2016-04-24T00:42:11.000000;2016-04-24T00:42:11.000000;fdcee91b-c53f-4567-9b2a-70ba67068268;458.33;0.09249568;UNKNOWN
2016-04-24T00:42:13.000000;2016-04-24T00:42:13.000000;97d3e75e-1df7-4aef-aa39-8d2ab7692a23;458.34;0.13220564;UNKNOWN
2016-04-24T00:42:14.000000;2016-04-24T00:42:14.000000;992a5db6-1978-4735-a3af-394e6b0fe906;458.4;1.3;UNKNOWN
2016-04-24T00:42:14.000000;2016-04-24T00:42:14.000000;2ef65c32-6b04-4d8e-aabd-79499dc1cc54;458.34;2.86779436;UNKNOWN
2016-04-24T00:42:14.000000;2016-04-24T00:42:14.000000;6f31c726-5a18-4eac-838a-c3ea3029b43d;458.34;0.5;UNKNOWN
2016-04-24T00:42:14.000000;2016-04-24T00:42:14.000000;965849e0-4446-40d3-acdb-bf42a0b1379b;458.33;0.08623899;UNKNOWN
2016-04-24T00:42:14.000000;2016-04-24T00:42:14.000000;bb080f33-af85-4e54-ab75-ecb7a5904d18;458.33;26.63220564;UNKNOWN
2016-04-24T00:42:14.000000;2016-04-24T00:42:14.000000;f4f9ded2-0684-4c9f-931f-f1afca50dfb8;458.33;1.893;UNKNOWN
2016-04-24T00:42:15.000000;2016-04-24T00:42:15.000000;bc940733-b63c-4d49-a464-13b32674a083;458.35;0.0985688;UNKNOWN
2016-04-24T00:42:16.000000;2016-04-24T00:42:16.000000;9696543e-ea1b-4b35-bc8f-74b80d26b2c5;458.4;10.0;UNKNOWN
2016-04-24T00:42:16.000000;2016-04-24T00:42:16.000000;bf5234b7-2a0c-4084-8331-63789c99c9e2;458.76;11.6369;UNKNOWN
2016-04-24T00:42:16.000000;2016-04-24T00:42:16.000000;1962135a-db9b-46fc-a39b-7ec6d251994e;458.49;6.5325;UNKNOWN
2016-04-24T00:42:16.000000;2016-04-24T00:42:16.000000;084d2515-76ee-466b-8a78-14c2b266f560;458.75;5.0;UNKNOWN
2016-04-24T00:42:16.000000;2016-04-24T00:42:16.000000;533f09ce-0c6a-4d77-bbdf-591136c6fd80;458.39;0.01;UNKNOWN
2016-04-24T00:42:16.000000;2016-04-24T00:42:16.000000;b7b7d9f7-2e55-4511-99fa-6ce22b48e213;458.4;10.2391;UNKNOWN
2016-04-24T00:42:16.000000;2016-04-24T00:42:16.000000;b6c2188d-7f2e-46de-800d-74818a3704b2;458.39;16.1757;UNKNOWN
2016-04-24T00:42:16.000000;2016-04-24T00:42:16.000000;a7b09e20-e0b4-4228-8e9b-aabb1e8b816b;458.74;1.0;UNKNOWN
2016-04-24T00:42:16.000000;2016-04-24T00:42:16.000000;408e71fa-e971-4391-a806-fbe78e06de1c;458.59;3.9013414;UNKNOWN
2016-04-24T00:42:16.000000;2016-04-24T00:42:16.000000;861a8ff1-fc23-4b2e-80c4-54b966c0d793;458.8;20.0;UNKNOWN
2016-04-24T00:42:16.000000;2016-04-24T00:42:16.000000;b5a20c2a-9311-4409-9bdb-12bbc3cee701;458.6;11.723;UNKNOWN
2016-04-24T00:42:16.000000;2016-04-24T00:42:16.000000;0f325d68-9358-410f-b518-8c7b59350d8a;458.33;0.13368817;UNKNOWN
2016-04-24T00:42:16.000000;2016-04-24T00:42:16.000000;a94138dd-321b-4320-9bab-01effb358627;458.5;5.0;UNKNOWN
2016-04-24T00:42:16.000000;2016-04-24T00:42:16.000000;e3e3b71b-410d-4bd7-99ac-8875a3e43a15;458.75;0.25;UNKNOWN
2016-04-24T00:42:16.000000;2016-04-24T00:42:16.000000;23a23e6e-febf-4f25-be94-edc71d405b9d;458.6;1.0;UNKNOWN
2016-04-24T00:42:16.000000;2016-04-24T00:42:16.000000;27dc2010-327f-41e6-926d-47751fe6f48b;458.99;4.4219736;UNKNOWN
2016-04-24T00:42:16.000000;2016-04-24T00:42:16.000000;16c7e082-0e0f-474a-a0e9-dd0ff9131c2e;458.86;3.35;UNKNOWN
2016-04-24T00:42:16.000000;2016-04-24T00:42:16.000000;bc66e1ac-a1e0-47ba-aa57-52b4bac9adf3;458.99;12.49;UNKNOWN
2016-04-24T00:42:16.000000;2016-04-24T00:42:16.000000;ac6a946e-63f2-4e6e-83ba-d1a7486c866a;458.75;3.91084516;UNKNOWN
2016-04-24T00:42:16.000000;2016-04-24T00:42:16.000000;37dfe7a1-fb21-4b15-85ab-07d47c4b4609;458.9;12.7454;UNKNOWN
2016-04-24T00:42:16.000000;2016-04-24T00:42:16.000000;6fc8a58b-df5b-45b8-88c8-bbbf84019363;458.98;3.86807774;UNKNOWN
2016-04-24T00:42:16.000000;2016-04-24T00:42:16.000000;dc096685-e259-41e9-a506-691cd97a6850;459.0;1.0;UNKNOWN
2016-04-24T00:42:16.000000;2016-04-24T00:42:16.000000;3be54535-3bc4-4b0f-b962-10f133acb78f;458.99;3.5;UNKNOWN
2016-04-24T00:42:16.000000;2016-04-24T00:42:16.000000;a946ec61-b0b0-4198-b267-2f06300ca8f3;459.0;54.50919734;UNKNOWN
2016-04-24T00:42:19.000000;2016-04-24T00:42:19.000000;9f277326-ae48-4422-b6db-9661ffa7c843;458.39;0.06447253;UNKNOWN
2016-04-24T00:42:20.000000;2016-04-24T00:42:20.000000;e9c6b84a-0bee-4a92-a58e-4667c9288302;458.39;0.38797346;UNKNOWN
2016-04-24T00:42:21.000000;2016-04-24T00:42:21.000000;5ae83918-c164-4d99-b391-ee6074fbc2d1;458.41;0.112;UNKNOWN
2016-04-24T00:42:22.000000;2016-04-24T00:42:22.000000;008c4d81-6077-4a41-91b1-4c05e326c5f7;458.74;2.409;UNKNOWN
2016-04-24T00:42:22.000000;2016-04-24T00:42:22.000000;bf2d76eb-6a52-43fb-a178-7729f1cde95b;458.57;12.591;UNKNOWN
2016-04-24T00:42:22.000000;2016-04-24T00:42:22.000000;dab0b151-aba2-4e1d-9443-bbb3a3194df7;458.41;0.09244649;UNKNOWN
2016-04-24T00:42:26.000000;2016-04-24T00:42:26.000000;cea115b8-316d-4e92-9f4c-fc317fa2d594;458.43;0.07912614;UNKNOWN
2016-04-24T00:42:26.000000;2016-04-24T00:42:26.000000;1918f205-da28-4b4c-80ec-fcd26859fe55;458.74;0.05;UNKNOWN
2016-04-24T00:42:28.000000;2016-04-24T00:42:28.000000;2e069d78-53b5-470c-aaca-e77bd1bac56c;458.43;0.33691494;UNKNOWN
2016-04-24T00:42:28.000000;2016-04-24T00:42:28.000000;b9a4c4e4-532e-4e5d-ba61-952c8cc7451b;458.43;1.55608506;UNKNOWN
2016-04-24T00:42:28.000000;2016-04-24T00:42:28.000000;606b9a1d-76a5-4973-9095-e7ec00255bb3;458.43;0.08395892;UNKNOWN
2016-04-24T00:42:29.000000;2016-04-24T00:42:29.000000;3f4c3dca-3be5-4cfb-8138-d6e060ee912e;458.42;0.14450823;UNKNOWN
2016-04-24T00:42:31.000000;2016-04-24T00:42:31.000000;5b6ffde2-e587-466d-8141-2105d3a9f8ef;458.73;0.112;UNKNOWN
2016-04-24T00:42:32.000000;2016-04-24T00:42:32.000000;ebb8bdce-4b41-4651-ae9e-b31588cd17c7;458.74;5.0;UNKNOWN
2016-04-24T00:42:37.000000;2016-04-24T00:42:37.000000;96729dd3-f3ad-4cb6-b32a-5652e92d6d47;458.73;8.48;UNKNOWN
2016-04-24T00:42:37.000000;2016-04-24T00:42:37.000000;69a834ab-cbc4-4c9e-a787-385b098e615c;458.74;2.0;UNKNOWN
2016-04-24T00:42:41.000000;2016-04-24T00:42:41.000000;8d8be32d-19d4-4030-88bc-2bc294f920cb;458.73;0.07512788;UNKNOWN
2016-04-24T00:42:41.000000;2016-04-24T00:42:41.000000;923521fb-50c6-4c74-ba19-22c403d1d22e;458.73;0.075;UNKNOWN
2016-04-24T00:42:43.000000;2016-04-24T00:42:43.000000;223c4409-00ad-414d-81f2-fa5a7bf308cd;458.73;1.893;UNKNOWN
2016-04-24T00:42:43.000000;2016-04-24T00:42:43.000000;93652d1f-489e-4a7f-abf9-3d6ae8703640;458.73;0.09652371;UNKNOWN
2016-04-24T00:42:44.000000;2016-04-24T00:42:44.000000;5dc285a6-5aa2-43e7-a0c1-d14417fe4fd0;458.73;0.0640856;UNKNOWN
2016-04-24T00:42:46.000000;2016-04-24T00:42:46.000000;855a2563-a785-48d6-8b45-772e15ec6fb1;458.73;0.09373163;UNKNOWN
2016-04-24T00:42:48.000000;2016-04-24T00:42:48.000000;ca0b0746-5f3e-4c27-b788-1e68fdd78604;458.73;1.0;UNKNOWN
2016-04-24T00:42:51.000000;2016-04-24T00:42:51.000000;9f0c68eb-3df8-442f-8340-d22c47c1ae1f;458.73;0.2;UNKNOWN
2016-04-24T00:42:53.000000;2016-04-24T00:42:53.000000;ffa3f31b-fee4-403d-9eaf-11a71435e592;458.73;0.3967657;UNKNOWN
2016-04-24T00:42:54.000000;2016-04-24T00:42:54.000000;ecb15051-4cd7-49b1-8d00-f523dd110729;458.79;0.08076142;UNKNOWN
2016-04-24T00:42:55.000000;2016-04-24T00:42:55.000000;b6ab6d4e-e10a-4356-a3f8-015b46b5bd4d;458.79;0.14353659;UNKNOWN
2016-04-24T00:42:56.000000;2016-04-24T00:42:56.000000;5dce7546-2b47-4e44-a893-d834d46371c0;458.79;0.09927826;UNKNOWN
2016-04-24T00:42:58.000000;2016-04-24T00:42:58.000000;66be44a6-9092-46ef-9ac9-11e832dde1d2;458.79;1.893;UNKNOWN
2016-04-24T00:43:00.000000;2016-04-24T00:43:00.000000;35e74e20-87bd-4caa-8d35-a78298a14398;458.79;8.3;UNKNOWN
2016-04-24T00:43:03.000000;2016-04-24T00:43:03.000000;a8ef1f23-7eec-4acf-8c78-e0f88586a288;458.79;0.2;UNKNOWN
2016-04-24T00:43:04.000000;2016-04-24T00:43:04.000000;f8ba8776-3d33-4620-b6fd-24cc6e30e402;458.79;0.07129028;UNKNOWN
2016-04-24T00:43:04.000000;2016-04-24T00:43:04.000000;19fa1497-1c76-4bbb-89cc-7c761a381a9d;458.8;0.21374259;UNKNOWN
2016-04-24T00:43:04.000000;2016-04-24T00:43:04.000000;b8381a2e-0432-4f35-b30c-ab8c429c373e;458.71;0.015;UNKNOWN
2016-04-24T00:43:04.000000;2016-04-24T00:43:04.000000;e8baef5c-a096-4904-830f-c7b48abee208;458.79;0.015;UNKNOWN
2016-04-24T00:43:04.000000;2016-04-24T00:43:04.000000;fed09fee-e4c7-40fb-80f5-9b8c5cd6239d;458.79;0.015;UNKNOWN
2016-04-24T00:43:05.000000;2016-04-24T00:43:05.000000;920ca905-4e5d-476a-bcb3-b750ab3c4ac0;458.79;0.015;UNKNOWN
2016-04-24T00:43:06.000000;2016-04-24T00:43:06.000000;f5c1d478-350d-407d-a189-790c6744e7ff;458.79;0.015;UNKNOWN
2016-04-24T00:43:06.000000;2016-04-24T00:43:06.000000;57a6c5fe-26c3-4814-afc6-abada23048cd;458.79;0.08542445;UNKNOWN
2016-04-24T00:43:13.000000;2016-04-24T00:43:13.000000;b828f6c2-912a-4dca-8fe6-886c8d2352da;458.79;0.2;UNKNOWN
2016-04-24T00:43:14.000000;2016-04-24T00:43:14.000000;76ad1c88-6566-4bb8-b5dd-7188f0fd8e0d;458.79;1.893;UNKNOWN
2016-04-24T00:43:17.000000;2016-04-24T00:43:17.000000;262345bb-e112-408f-a1a3-43c5ad0aeb31;458.79;0.15313574;UNKNOWN
2016-04-24T00:43:19.000000;2016-04-24T00:43:19.000000;c5277ee9-421e-447d-9a57-9a2cc300342a;458.8;0.9;UNKNOWN
2016-04-24T00:43:19.000000;2016-04-24T00:43:19.000000;de282d74-7797-4399-ad18-281b5608a9c9;458.8;0.1;UNKNOWN
2016-04-24T00:43:23.000000;2016-04-24T00:43:23.000000;e9ea6cca-ebf6-49d8-98cd-a8436d52853f;458.79;0.2;UNKNOWN
2016-04-24T00:43:29.000000;2016-04-24T00:43:29.000000;d7966c3b-8a77-454a-8882-277b91fc6355;458.79;0.21557243;UNKNOWN
2016-04-24T00:43:29.000000;2016-04-24T00:43:29.000000;3f270285-aa7c-47c4-bed7-3a0adf6882b4;458.79;1.893;UNKNOWN
2016-04-24T00:43:31.000000;2016-04-24T00:43:31.000000;ce67a189-99c7-47ff-9c40-dee0c68aa628;458.79;0.17667139;UNKNOWN
2016-04-24T00:43:32.000000;2016-04-24T00:43:32.000000;9216ec7e-a94b-45ed-9b60-6b12d590428d;458.79;0.07825477;UNKNOWN
2016-04-24T00:43:32.000000;2016-04-24T00:43:32.000000;ac5c6c2a-5278-4346-950b-c1f28bff6bf4;458.79;0.04332395;UNKNOWN
2016-04-24T00:43:33.000000;2016-04-24T00:43:33.000000;3ba84e24-7c19-4905-8fa1-76041897838e;458.79;0.2;UNKNOWN
2016-04-24T00:43:34.000000;2016-04-24T00:43:34.000000;af000d0f-d074-4339-8e30-e3a0cd1dc9d8;458.8;0.01;UNKNOWN
2016-04-24T00:43:35.000000;2016-04-24T00:43:35.000000;48a8c176-2fe0-448d-940b-123c7e3e1184;458.79;0.08519904;UNKNOWN
2016-04-24T00:43:37.000000;2016-04-24T00:43:37.000000;22a64176-ae90-4600-9f40-6a2cfc83a7b7;458.79;0.26351068;UNKNOWN
2016-04-24T00:43:41.000000;2016-04-24T00:43:41.000000;f32aa901-09e4-4cf1-8d9e-16c19d6e92b8;458.8;2.0;UNKNOWN
2016-04-24T00:43:43.000000;2016-04-24T00:43:43.000000;94260789-4b39-48a9-85fb-22257149e443;458.79;0.2;UNKNOWN
2016-04-24T00:43:44.000000;2016-04-24T00:43:44.000000;cfc559c3-ec5f-4bbf-bc7b-881144632a0a;458.8;6.77625741;UNKNOWN
2016-04-24T00:43:44.000000;2016-04-24T00:43:44.000000;79b22e8c-ea21-4a32-a086-874fc09030e8;458.79;2.0;UNKNOWN
2016-04-24T00:43:44.000000;2016-04-24T00:43:44.000000;10813600-2fdb-4a20-a017-527f01e97332;458.92;9.96466102;UNKNOWN
2016-04-24T00:43:46.000000;2016-04-24T00:43:46.000000;02e9069e-2e92-43a5-b0b8-0154d9dcb3a9;458.8;0.15249103;UNKNOWN
2016-04-24T00:43:46.000000;2016-04-24T00:43:46.000000;78f2dbb9-571c-43f6-a377-f5ae80666472;458.79;1.893;UNKNOWN
2016-04-24T00:43:51.000000;2016-04-24T00:43:51.000000;f572058b-93b5-48af-a4c1-a6818c2b5874;458.79;45.48127518;UNKNOWN
2016-04-24T00:43:51.000000;2016-04-24T00:43:51.000000;82e7149f-2b61-4a75-81f8-32061cdd780e;458.5;4.13834487;UNKNOWN
2016-04-24T00:43:51.000000;2016-04-24T00:43:51.000000;915a31b6-0487-4329-844e-5719124c4e20;458.42;0.39049061;UNKNOWN
2016-04-24T00:43:51.000000;2016-04-24T00:43:51.000000;a7b85d8e-5e6a-4f76-ab14-42975203969b;458.77;9.92;UNKNOWN
2016-04-24T00:43:53.000000;2016-04-24T00:43:53.000000;873935de-a4ee-46ef-9c43-db7ca7c800aa;458.42;0.13347784;UNKNOWN
2016-04-24T00:44:00.000000;2016-04-24T00:44:00.000000;f4740c9f-dea2-4cad-8c06-80c8b9b06670;458.31;0.0168;UNKNOWN
2016-04-24T00:44:03.000000;2016-04-24T00:44:03.000000;6099cef1-0039-4dfd-9f23-9acc39823c15;458.27;4.13851613;UNKNOWN
2016-04-24T00:44:03.000000;2016-04-24T00:44:03.000000;94e69f95-d8bc-48f8-81a6-9a1554f4f55a;458.3;2.0;UNKNOWN
2016-04-24T00:44:03.000000;2016-04-24T00:44:03.000000;3a737116-43a8-474f-becf-02d621d05cde;458.38;9.21281;UNKNOWN
2016-04-24T00:44:03.000000;2016-04-24T00:44:03.000000;b39803a9-b727-4b73-9e6b-2fd3b0dc60ec;458.18;4.13851613;UNKNOWN
2016-04-24T00:44:03.000000;2016-04-24T00:44:03.000000;a468575f-cc0b-40ac-9a97-7d8db2fafc41;458.09;0.51015774;UNKNOWN
2016-04-24T00:44:04.000000;2016-04-24T00:44:04.000000;d31b63d0-603a-40db-85af-7163eb7ae086;458.09;0.015;UNKNOWN
2016-04-24T00:44:04.000000;2016-04-24T00:44:04.000000;c3be3321-db3f-4f3f-8b3c-e55908eef26a;458.09;0.015;UNKNOWN
2016-04-24T00:44:05.000000;2016-04-24T00:44:05.000000;8f6c1bba-6f4a-40d8-9e12-6380a7041b6d;458.09;0.015;UNKNOWN
2016-04-24T00:44:08.000000;2016-04-24T00:44:08.000000;17da329b-2648-4bdc-9617-1e16ecf5adf7;458.09;0.07293394;UNKNOWN
2016-04-24T00:44:09.000000;2016-04-24T00:44:09.000000;5a8e20e6-8bbb-4a66-b812-2af2cd970a65;458.09;0.05145802;UNKNOWN
2016-04-24T00:44:12.000000;2016-04-24T00:44:12.000000;3d09e476-9da6-4db6-8f21-4c4861688ea5;458.09;3.45896643;UNKNOWN
2016-04-24T00:44:12.000000;2016-04-24T00:44:12.000000;bf7e482a-0d4d-495c-92d1-7ee5a0a33380;458.09;0.84103357;UNKNOWN
2016-04-24T00:44:18.000000;2016-04-24T00:44:18.000000;b7b4ab34-fedd-43d4-9c74-1307dfe21305;458.49;1.54282268;UNKNOWN
2016-04-24T00:44:18.000000;2016-04-24T00:44:18.000000;f5092a5e-afa5-4772-acdc-904f90630a53;458.37;0.2;UNKNOWN
2016-04-24T00:44:18.000000;2016-04-24T00:44:18.000000;409f52cf-8e08-4518-afc1-17666be437d1;458.41;0.2;UNKNOWN
2016-04-24T00:44:18.000000;2016-04-24T00:44:18.000000;a7b58e92-3d3d-41d7-a601-b17b252a2ce9;458.11;0.04386061;UNKNOWN
2016-04-24T00:44:18.000000;2016-04-24T00:44:18.000000;09b5d610-1aff-49cc-911c-0401e6711bd8;458.36;0.01331671;UNKNOWN
2016-04-24T00:44:18.000000;2016-04-24T00:44:18.000000;550506e9-cb87-49fe-bdbb-f86cc147d22a;458.5;0.5;UNKNOWN
2016-04-24T00:44:30.000000;2016-04-24T00:44:30.000000;f6c9a2e3-f38b-44cf-a979-e45995a2b395;458.28;0.0235;UNKNOWN
2016-04-24T00:44:35.000000;2016-04-24T00:44:35.000000;1f7e0238-c2dd-4d87-bf1c-23f47f770492;459.0;19.98572587;UNKNOWN
2016-04-24T00:44:35.000000;2016-04-24T00:44:35.000000;c0377f6f-b032-47c0-a208-76224180b681;458.4;0.2;UNKNOWN
2016-04-24T00:44:35.000000;2016-04-24T00:44:35.000000;66a7a597-52a6-4c52-83af-268f41fac38c;458.96;6.5413;UNKNOWN
2016-04-24T00:44:35.000000;2016-04-24T00:44:35.000000;1069ba91-9373-4439-b192-ac471a23749b;458.8;0.3;UNKNOWN
2016-04-24T00:44:35.000000;2016-04-24T00:44:35.000000;4933e3ff-fb2d-4414-b150-f59a7aebd5f2;458.97;1.0;UNKNOWN
2016-04-24T00:44:35.000000;2016-04-24T00:44:35.000000;c872c370-b30c-46f0-8b69-7f124f57997e;458.3;10.0;UNKNOWN
2016-04-24T00:44:35.000000;2016-04-24T00:44:35.000000;6cc2d9da-18a5-429c-aa34-7e611e4bb806;458.99;1.97297413;UNKNOWN
2016-04-24T00:44:36.000000;2016-04-24T00:44:36.000000;b104bfb2-b5ea-4700-b619-84e9bfd524db;458.28;0.14969332;UNKNOWN
2016-04-24T00:44:49.000000;2016-04-24T00:44:49.000000;3e3f03ee-5ca3-4ce3-bd57-41861c0de159;458.3;5.0;UNKNOWN
2016-04-24T00:44:59.000000;2016-04-24T00:44:59.000000;1380e33d-9d4b-4b1c-b801-b1b5a0004bac;458.39;0.2;UNKNOWN
2016-04-24T00:45:01.000000;2016-04-24T00:45:01.000000;fefb1d52-a4a5-4412-9275-7cce9eaad850;458.4;0.2;UNKNOWN
2016-04-24T00:45:01.000000;2016-04-24T00:45:01.000000;1e913ab5-e84b-4aa3-b46c-cf0e86a7ff7d;458.81;6.0;UNKNOWN
2016-04-24T00:45:01.000000;2016-04-24T00:45:01.000000;4fda5c73-e533-4632-8129-313e7241c686;458.81;0.5;UNKNOWN
2016-04-24T00:45:01.000000;2016-04-24T00:45:01.000000;a4d8b2fa-98cb-4c89-9fc2-bba932184700;458.85;3.7852;UNKNOWN
2016-04-24T00:45:01.000000;2016-04-24T00:45:01.000000;ffb32ff1-0973-4cac-a1f6-e490d115ee27;458.82;6.5148;UNKNOWN
2016-04-24T00:45:01.000000;2016-04-24T00:45:01.000000;d3fa51fa-bca6-4944-b324-97bedeb5433e;458.81;3.0;UNKNOWN
2016-04-24T00:45:03.000000;2016-04-24T00:45:03.000000;832e42e6-f0ba-46f1-92c7-d131fc2e5053;458.39;13.27017314;UNKNOWN
2016-04-24T00:45:04.000000;2016-04-24T00:45:04.000000;367841cd-2535-4b9e-a669-b0fb7707c1c5;458.41;0.015;UNKNOWN
2016-04-24T00:45:04.000000;2016-04-24T00:45:04.000000;64ca2a76-5034-43ff-93ab-401ebfd550ca;458.41;0.015;UNKNOWN
2016-04-24T00:45:05.000000;2016-04-24T00:45:05.000000;48d97eb0-a51b-46f7-9fd2-eb9e9b971722;458.4;0.015;UNKNOWN
2016-04-24T00:45:18.000000;2016-04-24T00:45:18.000000;701bb6f2-9935-4403-bbcc-4744fbf32f58;458.39;0.2;UNKNOWN
2016-04-24T00:45:18.000000;2016-04-24T00:45:18.000000;6a218bf5-c1bb-47be-add8-9039c8225b80;458.65;0.8;UNKNOWN
2016-04-24T00:45:20.000000;2016-04-24T00:45:20.000000;477e25f5-dfa6-4e7c-ac67-992f5d547783;458.65;1.0;UNKNOWN
2016-04-24T00:45:20.000000;2016-04-24T00:45:20.000000;3e4a69db-258c-425f-8923-afc387c5cd50;458.65;1.0;UNKNOWN
2016-04-24T00:45:29.000000;2016-04-24T00:45:29.000000;2f447f67-64bb-430d-a8a6-cbf46c091f37;458.64;0.2;UNKNOWN
2016-04-24T00:45:30.000000;2016-04-24T00:45:30.000000;22c04eb1-e1d3-4f05-a636-43f59593142a;458.64;0.71;UNKNOWN
2016-04-24T00:45:31.000000;2016-04-24T00:45:31.000000;97f0a67c-d53f-4ff6-bb9e-2ca4c62048f0;458.65;2.0;UNKNOWN
2016-04-24T00:45:34.000000;2016-04-24T00:45:34.000000;e91354e6-7a6f-40a2-894a-2595b37e502b;458.65;0.8;UNKNOWN
2016-04-24T00:45:39.000000;2016-04-24T00:45:39.000000;ded0090b-5e08-419a-be5c-01dcda3a0313;458.64;0.2;UNKNOWN
2016-04-24T00:45:41.000000;2016-04-24T00:45:41.000000;fa403dd2-28d4-43d9-9b1c-4803e242bb90;458.64;1.03;UNKNOWN
2016-04-24T00:45:49.000000;2016-04-24T00:45:49.000000;05cca7cc-c512-48a4-9b8e-d84df1cfe776;458.64;0.104;UNKNOWN
2016-04-24T00:45:55.000000;2016-04-24T00:45:55.000000;ed332269-ff7f-4f00-8282-0d0fcdb8d335;458.65;0.02;UNKNOWN
2016-04-24T00:45:56.000000;2016-04-24T00:45:56.000000;6234acb3-3478-4757-b88c-074cb7446251;458.64;1.27549713;UNKNOWN
2016-04-24T00:45:59.000000;2016-04-24T00:45:59.000000;86603e2f-7d43-4def-be3a-cc51947784ad;458.64;0.2;UNKNOWN
2016-04-24T00:46:06.000000;2016-04-24T00:46:06.000000;a752930c-0242-4a08-a99f-b08a8b4c5fb5;458.65;1.05;UNKNOWN
2016-04-24T00:46:07.000000;2016-04-24T00:46:07.000000;9ead7ce9-c68b-4894-b828-77a7e1e3572b;458.64;5.0;UNKNOWN
2016-04-24T00:46:09.000000;2016-04-24T00:46:09.000000;0a657d87-45b3-4045-ac60-32afade95e6d;458.64;0.2;UNKNOWN
2016-04-24T00:46:20.000000;2016-04-24T00:46:20.000000;49951f88-2215-4dc0-b63a-50add238933f;458.64;0.2;UNKNOWN
2016-04-24T00:46:26.000000;2016-04-24T00:46:26.000000;71a619b7-33e4-432e-b2ee-a9199947e104;458.64;5.0;UNKNOWN
2016-04-24T00:46:27.000000;2016-04-24T00:46:27.000000;c5d351e4-5f19-469a-891c-e600dad040b1;458.62;2.0;UNKNOWN
2016-04-24T00:46:27.000000;2016-04-24T00:46:27.000000;f838f722-05a4-431f-8417-706a37a11907;458.3;0.07847227;UNKNOWN
2016-04-24T00:46:27.000000;2016-04-24T00:46:27.000000;e6dfafcc-5ae9-480f-a500-55a83e81c2be;458.64;0.42152773;UNKNOWN
2016-04-24T00:46:30.000000;2016-04-24T00:46:30.000000;8ffc502c-5230-40ff-b7c0-67a5b5a4d4f8;458.6;0.2;UNKNOWN
2016-04-24T00:46:38.000000;2016-04-24T00:46:38.000000;7b4a50b1-438c-4614-b1ef-86207027fb8c;458.6;2.8;UNKNOWN
2016-04-24T00:47:12.000000;2016-04-24T00:47:12.000000;921ccd1a-68b5-46c6-8a98-15116314e813;458.3;0.34811891;UNKNOWN
2016-04-24T00:47:13.000000;2016-04-24T00:47:13.000000;5998f547-a24f-447c-a3f6-8d12bb121101;458.3;0.34811891;UNKNOWN
2016-04-24T00:47:15.000000;2016-04-24T00:47:15.000000;a312d8ff-70b2-4ce6-8550-ce7a6a36d78b;458.3;0.22528991;UNKNOWN
2016-04-24T00:47:22.000000;2016-04-24T00:47:22.000000;69c9b7ea-db57-47c6-bc23-ce35e482a36d;458.09;0.01;UNKNOWN
2016-04-24T00:47:23.000000;2016-04-24T00:47:23.000000;b92e852b-3036-470c-837b-f467b2a6d5a6;458.01;2.5;UNKNOWN
2016-04-24T00:47:26.000000;2016-04-24T00:47:26.000000;7baa633e-dfc1-461b-b436-2402e6d77ec0;458.09;0.01;UNKNOWN
2016-04-24T00:47:43.000000;2016-04-24T00:47:43.000000;0101d904-09ef-474e-b9ff-d77a863c8a10;458.01;9.99;UNKNOWN
2016-04-24T00:47:43.000000;2016-04-24T00:47:43.000000;2865df80-7486-4d9c-9bd7-2bedef13eb07;457.35;0.01;UNKNOWN
2016-04-24T00:47:46.000000;2016-04-24T00:47:46.000000;640337ff-4742-4078-9bac-effed9f038df;457.5;0.23;UNKNOWN
2016-04-24T00:47:49.000000;2016-04-24T00:47:49.000000;ed06b53c-6cac-4799-99d4-7eedb4d4a9fb;457.5;0.439;UNKNOWN
2016-04-24T00:47:50.000000;2016-04-24T00:47:50.000000;feef2519-8d90-442c-bc6b-7f1a5843a683;457.5;0.09;UNKNOWN
2016-04-24T00:47:58.000000;2016-04-24T00:47:58.000000;a269f785-c65b-442b-91f9-f6b37768dfb8;457.5;3.38539057;UNKNOWN
2016-04-24T00:47:58.000000;2016-04-24T00:47:58.000000;483d19a5-0116-48c6-8eb2-b159f4ae130e;457.32;4.14421881;UNKNOWN
2016-04-24T00:47:58.000000;2016-04-24T00:47:58.000000;53b7c491-20a3-44fd-9c04-6a6cfa9251db;457.2;4.14421881;UNKNOWN
2016-04-24T00:47:58.000000;2016-04-24T00:47:58.000000;62ae3bd5-e915-4dc7-8ee2-572f7c5d6706;457.41;4.14439057;UNKNOWN
2016-04-24T00:47:58.000000;2016-04-24T00:47:58.000000;98fd4b64-32c5-410e-8883-40cb18256926;457.08;4.14417588;UNKNOWN
2016-04-24T00:47:58.000000;2016-04-24T00:47:58.000000;4c322878-d9ed-4422-ad55-2cf045fd89bc;457.3;2.0;UNKNOWN
2016-04-24T00:47:58.000000;2016-04-24T00:47:58.000000;55afc9c2-ce57-44e0-bc5a-c71414812403;457.04;2.53760536;UNKNOWN
2016-04-24T00:48:04.000000;2016-04-24T00:48:04.000000;f144d7f0-53cf-4fdb-a457-924fa5833be4;457.49;0.01;UNKNOWN
2016-04-24T00:48:06.000000;2016-04-24T00:48:06.000000;7f3d504f-dc21-44e3-8673-5da553481424;457.01;2.4;UNKNOWN
2016-04-24T00:48:20.000000;2016-04-24T00:48:20.000000;db3eb96a-a9e4-4ac1-a1de-1787c31c4076;457.01;2.5;UNKNOWN
2016-04-24T00:49:32.000000;2016-04-24T00:49:32.000000;c16de168-8771-4cc8-8b93-8ff352ea2a67;457.01;0.01;UNKNOWN
2016-04-24T00:49:35.000000;2016-04-24T00:49:35.000000;e8e694e7-836c-4c17-bb31-41c1d015144e;457.14;0.5;UNKNOWN
2016-04-24T00:49:45.000000;2016-04-24T00:49:45.000000;6c50b84d-8152-4575-9512-422fe98ccde2;457.14;4.4;UNKNOWN
2016-04-24T00:49:47.000000;2016-04-24T00:49:47.000000;b8e8aa29-ff26-4aaa-87bd-896c19b6b6d8;457.14;4.0;UNKNOWN
2016-04-24T00:49:55.000000;2016-04-24T00:49:55.000000;78c9c561-1c23-4899-b2a7-145811926c5c;457.14;2.9023;UNKNOWN
2016-04-24T00:49:56.000000;2016-04-24T00:49:56.000000;72137918-05cf-432a-805a-418b359bbe4d;457.27;6.5122;UNKNOWN
2016-04-24T00:49:56.000000;2016-04-24T00:49:56.000000;ca70bb8a-b6f5-4b41-b6c4-fcf2b8d79f9a;457.27;18.4878;UNKNOWN
2016-04-24T00:50:02.000000;2016-04-24T00:50:02.000000;9e784031-6e9f-470c-90c4-1b76623149f4;457.51;4.0;UNKNOWN
2016-04-24T00:50:17.000000;2016-04-24T00:50:17.000000;5522ed25-6ae8-4a4a-ba5d-3a47f364d108;457.5;0.01;UNKNOWN
2016-04-24T00:50:18.000000;2016-04-24T00:50:18.000000;bdbf936c-bbea-43ab-9ee2-35a4c3b25435;457.5;0.01;UNKNOWN
2016-04-24T00:50:22.000000;2016-04-24T00:50:22.000000;03d9ca07-17be-4c9d-8e3c-bbbdbeb40f4a;457.28;0.2;UNKNOWN
2016-04-24T00:50:24.000000;2016-04-24T00:50:24.000000;a5f3b1cf-ac29-4ca0-b7e3-9c47284958b1;457.5;0.0205;UNKNOWN
2016-04-24T00:50:26.000000;2016-04-24T00:50:26.000000;b972ad58-d563-44d0-9e13-8d8761f1af2f;457.5;0.01;UNKNOWN
2016-04-24T00:51:41.000000;2016-04-24T00:51:41.000000;50b70634-47a2-4bfc-bee1-ae96c88aee93;457.45;0.01;UNKNOWN
2016-04-24T00:52:25.000000;2016-04-24T00:52:25.000000;8010e93b-f049-44ae-8c10-1bf250be1da7;457.44;0.1;UNKNOWN
2016-04-24T00:53:04.000000;2016-04-24T00:53:04.000000;49712ed6-3d37-4929-b7c2-ce4fb361377f;457.51;2.0;UNKNOWN
2016-04-24T00:53:24.000000;2016-04-24T00:53:24.000000;f786ea1a-0271-4b42-a828-001597504e6e;457.49;0.1;UNKNOWN
2016-04-24T00:53:31.000000;2016-04-24T00:53:31.000000;77b599dd-86fd-436c-8c3a-f9f6acc14a3e;457.5;0.01;UNKNOWN
2016-04-24T00:53:33.000000;2016-04-24T00:53:33.000000;b9557d7f-f434-4438-909a-371190861fa7;457.5;0.01;UNKNOWN
2016-04-24T00:53:34.000000;2016-04-24T00:53:34.000000;b8823634-1048-44f1-9aff-88a8527ac17d;457.5;0.01;UNKNOWN
2016-04-24T00:53:35.000000;2016-04-24T00:53:35.000000;d4ae0527-c701-4754-89aa-d95307d9b54b;457.5;0.01;UNKNOWN
2016-04-24T00:53:37.000000;2016-04-24T00:53:37.000000;a7df6786-5234-4696-b18a-91806a74b135;457.49;0.1;UNKNOWN
2016-04-24T00:53:41.000000;2016-04-24T00:53:41.000000;5e0015cc-f977-4345-a31d-32d0cdeb77d0;457.69;0.01;UNKNOWN
2016-04-24T00:53:47.000000;2016-04-24T00:53:47.000000;8b62d456-c529-445b-b027-a287e913e0eb;457.68;0.33;UNKNOWN
2016-04-24T00:53:48.000000;2016-04-24T00:53:48.000000;80fe635c-c1fc-4ea6-8a20-d3fab56ad3fd;457.71;0.01;UNKNOWN
2016-04-24T00:53:50.000000;2016-04-24T00:53:50.000000;8889eb71-876f-4c91-bca2-34fce61d05cf;457.68;0.35;UNKNOWN
2016-04-24T00:53:52.000000;2016-04-24T00:53:52.000000;5392e5c2-8ba9-4175-8da9-cb6a2bf89f32;457.71;0.01;UNKNOWN
2016-04-24T00:54:34.000000;2016-04-24T00:54:34.000000;e901e92a-3ec0-4478-a2ed-91fd32a66484;457.71;0.01;UNKNOWN
2016-04-24T00:54:36.000000;2016-04-24T00:54:36.000000;a618d8cf-9bb4-4b43-b425-444fc65b0c26;457.7;0.1;UNKNOWN
2016-04-24T00:55:09.000000;2016-04-24T00:55:09.000000;f1ff0ec3-8e48-4f89-bf53-916b48017818;457.5;1.0;UNKNOWN
2016-04-24T00:55:14.000000;2016-04-24T00:55:14.000000;c4abe774-6647-4b49-b7ae-c87ca1cddf9c;457.5;2.5;UNKNOWN
2016-04-24T00:55:17.000000;2016-04-24T00:55:17.000000;2fc6ec31-7b9c-4e87-90ab-55bb1611e3d1;457.89;0.01;UNKNOWN
2016-04-24T00:55:33.000000;2016-04-24T00:55:33.000000;b7302773-254b-461c-b3b0-d21dfcf781fe;457.88;5.9866;UNKNOWN
2016-04-24T00:55:54.000000;2016-04-24T00:55:54.000000;d49f89e6-5786-4670-8939-6331f45fae49;457.89;2.4;UNKNOWN
2016-04-24T00:56:00.000000;2016-04-24T00:56:00.000000;52ff4f94-84c5-4378-8f70-40d9bbe7a478;457.88;0.562;UNKNOWN
2016-04-24T00:56:00.000000;2016-04-24T00:56:00.000000;75e32729-ec47-467b-a6f4-31f7d20a5a8a;457.88;0.562;UNKNOWN
2016-04-24T00:56:00.000000;2016-04-24T00:56:00.000000;fef43f5d-26ae-4cdc-9caf-6a94d8dc1c88;457.88;0.56;UNKNOWN
2016-04-24T00:56:01.000000;2016-04-24T00:56:01.000000;3c3adca8-54ef-48d4-83d0-8dd07bc69437;457.88;0.562;UNKNOWN
2016-04-24T00:56:01.000000;2016-04-24T00:56:01.000000;f3414f4c-6f73-430d-ae07-d33f20cdfef3;457.88;3.0651;UNKNOWN
2016-04-24T00:56:01.000000;2016-04-24T00:56:01.000000;73135d5a-68c4-4654-96d1-ac8e69e4e224;457.88;0.553;UNKNOWN
2016-04-24T00:56:01.000000;2016-04-24T00:56:01.000000;7d97e9ae-4806-49fe-8a24-edd1fb30b35d;457.88;8.9163;UNKNOWN
2016-04-24T00:56:03.000000;2016-04-24T00:56:03.000000;0c090a9c-7472-48bf-8212-eb4c97a837f2;457.98;1.45;UNKNOWN
2016-04-24T00:56:03.000000;2016-04-24T00:56:03.000000;5c78a167-7fee-4b93-a775-6645aebfbda4;457.89;8.55;UNKNOWN
2016-04-24T00:56:05.000000;2016-04-24T00:56:05.000000;c176f004-b4a7-4be5-ad04-08782c1a42fa;457.88;0.56689999;UNKNOWN
2016-04-24T00:56:05.000000;2016-04-24T00:56:05.000000;04331936-68e3-4bd6-9296-2b71151677ef;457.88;0.56789999;UNKNOWN
2016-04-24T00:56:05.000000;2016-04-24T00:56:05.000000;d99a253f-89f8-423a-aa01-7e406ed33da4;457.88;0.57290001;UNKNOWN
2016-04-24T00:56:05.000000;2016-04-24T00:56:05.000000;999dbbfa-cc2b-480d-b49e-063eb42653fe;457.88;0.56989999;UNKNOWN
2016-04-24T00:56:06.000000;2016-04-24T00:56:06.000000;88a15363-a6b6-4305-8c3b-38cf02913941;457.5;8.5;UNKNOWN
2016-04-24T00:56:06.000000;2016-04-24T00:56:06.000000;cce9e635-b287-4764-a186-21a804aaa503;457.86;0.08412025;UNKNOWN
2016-04-24T00:56:06.000000;2016-04-24T00:56:06.000000;065b2eef-8460-461c-9670-4dd54554ffe2;457.88;0.08612627;UNKNOWN
2016-04-24T00:56:06.000000;2016-04-24T00:56:06.000000;3da21383-8fa3-4b1f-ab55-ac0a975dff4e;457.64;4.13761715;UNKNOWN
2016-04-24T00:56:06.000000;2016-04-24T00:56:06.000000;2c7ddf65-4738-46e3-b6b1-105297ebaf82;457.88;0.91587975;UNKNOWN
2016-04-24T00:56:06.000000;2016-04-24T00:56:06.000000;6237dbd0-9d75-418d-b44d-4c22c4b6e828;457.25;0.25;UNKNOWN
2016-04-24T00:56:06.000000;2016-04-24T00:56:06.000000;2c1af873-21ca-47db-850e-55d37b541075;457.21;3.2965031;UNKNOWN
2016-04-24T00:56:06.000000;2016-04-24T00:56:06.000000;52c61bb7-5a41-40f4-8359-97891c94db7a;457.86;3.81587975;UNKNOWN
2016-04-24T00:56:08.000000;2016-04-24T00:56:08.000000;44ce6f8e-eb9c-472a-b060-bba94a6974c4;457.89;0.08612627;UNKNOWN
2016-04-24T00:56:20.000000;2016-04-24T00:56:20.000000;1829ad4d-37a1-4c7f-9fd0-ac3f5beaadae;457.88;0.10000001;UNKNOWN
2016-04-24T00:56:27.000000;2016-04-24T00:56:27.000000;dd476413-40e1-4c20-a5c4-771fd3789599;457.86;1.0;UNKNOWN
2016-04-24T00:56:29.000000;2016-04-24T00:56:29.000000;9226f726-3b2c-4b35-a2bb-25e70fe1af2d;457.19;0.5;UNKNOWN
2016-04-24T00:56:29.000000;2016-04-24T00:56:29.000000;35d33839-cab1-4e97-979e-2438208354c1;457.14;10.5;UNKNOWN
2016-04-24T00:56:29.000000;2016-04-24T00:56:29.000000;bb0e2d00-d9f8-4677-8936-cc1c2569bc99;457.18;6.0;UNKNOWN
2016-04-24T00:56:29.000000;2016-04-24T00:56:29.000000;06c9e363-67d1-4f87-ad4b-f25af9125753;457.19;3.0;UNKNOWN
2016-04-24T00:56:37.000000;2016-04-24T00:56:37.000000;053c33f4-ddb8-488d-b4d7-c0a842796c57;457.0;1.0;UNKNOWN
2016-04-24T00:56:37.000000;2016-04-24T00:56:37.000000;631045b1-cd75-4ead-9b3f-35c71f2f57fe;457.02;0.6777;UNKNOWN
2016-04-24T00:56:37.000000;2016-04-24T00:56:37.000000;8a85d76a-5d24-4483-8251-a4b7d1b00ffb;457.15;0.5;UNKNOWN
2016-04-24T00:56:37.000000;2016-04-24T00:56:37.000000;1730fe3e-e64f-489b-9180-7018d7992d20;457.14;1.9857688;UNKNOWN
2016-04-24T00:56:37.000000;2016-04-24T00:56:37.000000;98837420-6918-4527-a50a-66478e3de83a;456.91;5.2565312;UNKNOWN
2016-04-24T00:56:37.000000;2016-04-24T00:56:37.000000;b9038750-51eb-45cb-8bd4-a348962e8147;457.15;3.0;UNKNOWN
2016-04-24T00:56:37.000000;2016-04-24T00:56:37.000000;188ea9b7-09c1-461d-b442-3824de7c5d5f;457.01;7.58;UNKNOWN
2016-04-24T00:56:42.000000;2016-04-24T00:56:42.000000;fdbe6aa2-bf5f-4d73-bdb4-de92317c16af;457.51;1.0;UNKNOWN
2016-04-24T00:56:42.000000;2016-04-24T00:56:42.000000;36281aaf-650f-4f93-baae-283f0f67bcb9;456.92;0.7;UNKNOWN
2016-04-24T00:56:54.000000;2016-04-24T00:56:54.000000;7f8ee0c8-8608-4759-9305-7a682524a7c2;457.59;0.01;UNKNOWN
2016-04-24T00:56:57.000000;2016-04-24T00:56:57.000000;67a294d2-205f-4c49-b51b-eb4969721111;457.57;6.5019;UNKNOWN
2016-04-24T00:57:00.000000;2016-04-24T00:57:00.000000;f430cd40-b79b-4109-9080-0def0b31fb60;457.57;2.36468967;UNKNOWN
2016-04-24T00:57:00.000000;2016-04-24T00:57:00.000000;822a4222-79fb-44e4-93d1-f2ce7dc38919;457.07;13.271;UNKNOWN
2016-04-24T00:57:00.000000;2016-04-24T00:57:00.000000;25049410-a6c5-4667-bf9d-a99a2167f4fa;457.76;0.01;UNKNOWN
2016-04-24T00:57:00.000000;2016-04-24T00:57:00.000000;9128d9e9-7a95-471a-80e4-0e96baeaeef4;456.88;4.36431033;UNKNOWN
2016-04-24T00:57:05.000000;2016-04-24T00:57:05.000000;032516f9-84e7-4ccc-b81c-fd49257ef153;457.57;0.01;UNKNOWN
2016-04-24T00:57:07.000000;2016-04-24T00:57:07.000000;9194b113-0b58-4b40-9fd9-f60026f45c09;456.73;0.01;UNKNOWN
2016-04-24T00:57:12.000000;2016-04-24T00:57:12.000000;1b6fb940-abf1-42d9-b052-34a01386c22a;456.58;0.12;UNKNOWN
2016-04-24T00:57:20.000000;2016-04-24T00:57:20.000000;dad78bac-5b0b-4467-9ac3-ea9018ad7232;456.6;0.56989999;UNKNOWN
2016-04-24T00:57:20.000000;2016-04-24T00:57:20.000000;7f088e10-079d-49db-86ba-28a736adef09;457.39;0.01;UNKNOWN
2016-04-24T00:57:30.000000;2016-04-24T00:57:30.000000;ab81e7a3-6b04-4299-b622-9115cb633927;457.33;0.01;UNKNOWN
2016-04-24T00:57:37.000000;2016-04-24T00:57:37.000000;a4e781f4-03f2-4819-b4cd-05740bae689b;457.3;0.01;UNKNOWN
2016-04-24T00:57:40.000000;2016-04-24T00:57:40.000000;21c2eea1-e3ca-461a-bf11-5bf0424bfe2e;457.3;0.01;UNKNOWN
2016-04-24T00:57:43.000000;2016-04-24T00:57:43.000000;7baa9714-b7d4-4100-884e-d4ac4c3a0a64;457.3;0.01;UNKNOWN
2016-04-24T00:57:43.000000;2016-04-24T00:57:43.000000;706a5ca1-7c83-47f2-b2e4-4c35fb4c0b39;457.29;2.874;UNKNOWN
2016-04-24T00:57:46.000000;2016-04-24T00:57:46.000000;12b59700-ab31-4330-977b-dfc23835e610;457.3;0.01;UNKNOWN
2016-04-24T00:57:48.000000;2016-04-24T00:57:48.000000;84ea763f-25bc-4885-af4d-336450844f08;457.3;0.01;UNKNOWN
2016-04-24T00:57:48.000000;2016-04-24T00:57:48.000000;42e0f5c5-118c-44d1-9977-765bf755b7fd;457.3;0.01;UNKNOWN
2016-04-24T00:57:49.000000;2016-04-24T00:57:49.000000;50a74d14-cef7-42ae-b683-c4e5b336dbcc;457.48;0.000496;UNKNOWN
2016-04-24T00:57:49.000000;2016-04-24T00:57:49.000000;02ef0da4-b536-4b7b-81df-a54b8afe1a83;457.3;0.009504;UNKNOWN
2016-04-24T00:57:51.000000;2016-04-24T00:57:51.000000;09754e79-7869-41e3-ba70-0af97e0884e1;457.48;0.01;UNKNOWN
2016-04-24T00:57:52.000000;2016-04-24T00:57:52.000000;6ea24c31-f1f3-46df-9d0d-ed82d80107a8;457.48;0.01;UNKNOWN
2016-04-24T00:57:59.000000;2016-04-24T00:57:59.000000;209aa6e1-1444-4aa7-8082-438b4573f634;457.48;2.5;UNKNOWN
2016-04-24T00:58:11.000000;2016-04-24T00:58:11.000000;e4b790b6-1f07-4718-b3d0-fa34ce5941b2;456.9;0.5;UNKNOWN
2016-04-24T00:58:11.000000;2016-04-24T00:58:11.000000;d10b5d64-fd25-4460-b1f9-834d57cba98e;456.89;9.1466146;UNKNOWN
2016-04-24T00:58:11.000000;2016-04-24T00:58:11.000000;ae10a337-2764-47e4-96be-8e523f0533e3;456.9;3.0;UNKNOWN
2016-04-24T00:58:50.000000;2016-04-24T00:58:50.000000;b9b9a322-fa5a-4d6b-9a44-c88c7afd7171;457.41;0.15;UNKNOWN
2016-04-24T00:59:07.000000;2016-04-24T00:59:07.000000;212facd2-a5cf-4880-b45c-b656861970b7;457.43;0.059175;UNKNOWN
2016-04-24T00:59:48.000000;2016-04-24T00:59:48.000000;377627c7-f90c-400c-94d9-abc17f546be2;457.1;0.3159137;UNKNOWN
2016-04-24T01:00:03.000000;2016-04-24T01:00:03.000000;bfbbaf28-73f2-4f3a-b4af-4b870bec57de;457.66;0.10291415;UNKNOWN
2016-04-24T01:00:19.000000;2016-04-24T01:00:19.000000;2a80f217-1c14-4d3a-aaeb-f31b4ad9edc9;457.89;0.05308289;UNKNOWN
2016-04-24T01:00:19.000000;2016-04-24T01:00:19.000000;54aa77d5-fd2d-4c50-9a5d-7052a00587fe;457.88;1.384284;UNKNOWN
2016-04-24T01:00:19.000000;2016-04-24T01:00:19.000000;81a683e7-a1df-46bf-ad66-3d7b551f789d;457.66;6.40818585;UNKNOWN
2016-04-24T01:00:19.000000;2016-04-24T01:00:19.000000;51debe7b-c454-41b1-ae47-23f16e32dbac;457.99;2.03444726;UNKNOWN
2016-04-24T01:00:34.000000;2016-04-24T01:00:34.000000;90f7a9a7-5b71-41ad-8fe9-b979d714c6d8;457.96;0.2;UNKNOWN
2016-04-24T01:00:35.000000;2016-04-24T01:00:35.000000;171432db-3111-48a5-85fb-2243d93b5a33;457.99;0.10757852;UNKNOWN
2016-04-24T01:00:44.000000;2016-04-24T01:00:44.000000;e7993485-9f72-4ccd-a6ba-9746829ca5e9;457.98;0.2;UNKNOWN
2016-04-24T01:00:55.000000;2016-04-24T01:00:55.000000;07a89613-8dc0-42bd-b141-662bb95a6cee;457.98;0.2;UNKNOWN
2016-04-24T01:00:58.000000;2016-04-24T01:00:58.000000;fb15ee5c-6679-4100-8508-5d5a2e7d992b;457.99;9.0;UNKNOWN
2016-04-24T01:01:05.000000;2016-04-24T01:01:05.000000;38a24ab0-5cf6-48f3-90a5-dbe3171d5a69;457.98;0.2;UNKNOWN
2016-04-24T01:01:06.000000;2016-04-24T01:01:06.000000;21df300f-2518-4ec6-83dc-44af62960a2d;457.99;0.10309799;UNKNOWN
2016-04-24T01:01:15.000000;2016-04-24T01:01:15.000000;2eecd0bd-fb90-465c-8290-8467953c9c51;457.98;0.2;UNKNOWN
2016-04-24T01:01:26.000000;2016-04-24T01:01:26.000000;660b1242-d9de-45d0-a095-18bcc3be6b95;457.98;0.2;UNKNOWN
2016-04-24T01:01:27.000000;2016-04-24T01:01:27.000000;bd267e30-578a-4e0a-802b-d3e57c1dce46;457.99;18.75487623;UNKNOWN
2016-04-24T01:01:27.000000;2016-04-24T01:01:27.000000;a869388f-99a4-4c32-8c59-ea6b88da0cd8;457.99;12.25812377;UNKNOWN
2016-04-24T01:01:27.000000;2016-04-24T01:01:27.000000;3e8545a0-0aea-4acc-8025-251fdc62e6e9;457.99;6.497;UNKNOWN
2016-04-24T01:01:27.000000;2016-04-24T01:01:27.000000;41d32793-ddcf-40a9-a630-c707330cef21;457.99;12.49;UNKNOWN
2016-04-24T01:01:36.000000;2016-04-24T01:01:36.000000;26fa6b0d-730e-41d5-b0ed-c3216d253aaa;457.98;0.2;UNKNOWN
2016-04-24T01:01:38.000000;2016-04-24T01:01:38.000000;238997d2-bbee-4be0-8888-99a1eadd449e;457.47;0.10161;UNKNOWN
2016-04-24T01:01:38.000000;2016-04-24T01:01:38.000000;02d3c3a3-ae84-4402-aee5-d2a77577c7bb;457.47;1.0;UNKNOWN
2016-04-24T01:01:38.000000;2016-04-24T01:01:38.000000;72c9e6ce-1e58-42eb-984f-58eb3e028b00;457.98;38.79640295;UNKNOWN
2016-04-24T01:01:53.000000;2016-04-24T01:01:53.000000;f98f2c32-7cc5-428e-8ba3-9b3ef0771d5b;457.82;1.42191701;UNKNOWN
2016-04-24T01:01:53.000000;2016-04-24T01:01:53.000000;1b096307-9fcc-49f0-86c0-1c0328bced7a;457.47;0.062367;UNKNOWN
2016-04-24T01:01:58.000000;2016-04-24T01:01:58.000000;b29029ce-f870-46ec-9a4e-b550259f1a9a;457.95;1.0;UNKNOWN
2016-04-24T01:02:09.000000;2016-04-24T01:02:09.000000;c7c3ae5a-6ad5-4c5a-b5ae-0f6b2de94e5a;457.93;0.09269645;UNKNOWN
2016-04-24T01:02:09.000000;2016-04-24T01:02:09.000000;88a77fe3-563a-4c58-8785-c23dddf6cf1e;457.33;0.37575497;UNKNOWN
2016-04-24T01:02:10.000000;2016-04-24T01:02:10.000000;03630bf4-8de9-4ac5-820a-29e73581ebe1;457.94;0.09939912;UNKNOWN
2016-04-24T01:02:41.000000;2016-04-24T01:02:41.000000;4ae40193-29ba-4ebd-89f0-b51180c7ed65;457.94;0.09744281;UNKNOWN
2016-04-24T01:03:01.000000;2016-04-24T01:03:01.000000;34080a69-2435-488e-9c30-4f0ab35cdb9c;458.0;0.01;UNKNOWN
2016-04-24T01:03:01.000000;2016-04-24T01:03:01.000000;85c9ae36-5f9f-4a2e-a31c-207a2aa5183d;458.0;30.0;UNKNOWN
2016-04-24T01:03:01.000000;2016-04-24T01:03:01.000000;304fa0f3-3210-4798-9267-a446bbe8b097;457.94;6.35495807;UNKNOWN
2016-04-24T01:03:01.000000;2016-04-24T01:03:01.000000;f870419a-22b3-4825-bdcb-1ee20a129668;458.0;2.0;UNKNOWN
2016-04-24T01:03:13.000000;2016-04-24T01:03:13.000000;f257f1fc-5a77-4ff7-8d8a-a80f00febb13;458.27;0.08731057;UNKNOWN
2016-04-24T01:03:18.000000;2016-04-24T01:03:18.000000;5a62e513-90a9-49fa-82b7-556daf242c47;458.26;0.5;UNKNOWN
2016-04-24T01:03:18.000000;2016-04-24T01:03:18.000000;78bb7edf-fbe4-4efd-9426-87fe3ec699e1;458.26;3.0;UNKNOWN
2016-04-24T01:03:18.000000;2016-04-24T01:03:18.000000;e532e716-1f76-45c6-98c0-e9924b2507a1;458.25;13.6427;UNKNOWN
2016-04-24T01:03:18.000000;2016-04-24T01:03:18.000000;8a2a87ce-8060-44db-8a15-6cfdf9d8efee;458.3;0.3262;UNKNOWN
2016-04-24T01:03:18.000000;2016-04-24T01:03:18.000000;658bcdfa-31c4-4e2d-b76d-f792618ca25b;458.25;6.5311;UNKNOWN
2016-04-24T01:03:27.000000;2016-04-24T01:03:27.000000;5a717448-07c8-4837-aaaa-4e86ab4ce8b3;458.3;0.3540835;UNKNOWN
2016-04-24T01:03:28.000000;2016-04-24T01:03:28.000000;219edf53-f1aa-4a95-af96-1f12bdd630fb;458.3;0.68794802;UNKNOWN
2016-04-24T01:03:28.000000;2016-04-24T01:03:28.000000;f7dcaea8-d475-4dc2-bfce-71539daf4966;458.3;0.35368795;UNKNOWN
2016-04-24T01:03:28.000000;2016-04-24T01:03:28.000000;73161054-0c06-41c3-859c-8cf8c4da0388;458.3;0.13121654;UNKNOWN
2016-04-24T01:03:28.000000;2016-04-24T01:03:28.000000;edb616f0-5d50-4a6a-a553-6f3b64cb1ac4;458.3;0.35399986;UNKNOWN
2016-04-24T01:03:29.000000;2016-04-24T01:03:29.000000;b7cb6e8f-5b70-4557-862c-89ef8103b49d;458.3;0.35393035;UNKNOWN
2016-04-24T01:03:29.000000;2016-04-24T01:03:29.000000;07053d52-185e-4ac4-86af-48dfddafeb92;458.3;1.00599348;UNKNOWN
2016-04-24T01:03:29.000000;2016-04-24T01:03:29.000000;c90370f2-e9ee-4ae4-b096-1f509ebd78c0;458.3;0.17341101;UNKNOWN
2016-04-24T01:03:29.000000;2016-04-24T01:03:29.000000;f27dd49e-fefc-449e-b751-a0ac7e5d3d7a;458.3;0.04961267;UNKNOWN
2016-04-24T01:03:29.000000;2016-04-24T01:03:29.000000;d32f34a6-e374-4177-ae16-f2b436c54e7e;458.3;0.35366319;UNKNOWN
2016-04-24T01:03:30.000000;2016-04-24T01:03:30.000000;f8997272-73c5-4d0e-b45b-f2ee9422d293;458.39;0.04754901;UNKNOWN
2016-04-24T01:03:30.000000;2016-04-24T01:03:30.000000;04a2f8f1-143a-40a6-9e68-ca78eed917fa;458.39;0.36454242;UNKNOWN
2016-04-24T01:03:30.000000;2016-04-24T01:03:30.000000;91b66467-04fc-428d-a358-cf534fb345e4;458.31;0.256;UNKNOWN
2016-04-24T01:03:30.000000;2016-04-24T01:03:30.000000;0a4de02f-08da-4237-83f7-e3f695d1865d;458.39;0.08178843;UNKNOWN
2016-04-24T01:03:30.000000;2016-04-24T01:03:30.000000;b6870240-eb22-4461-ba0e-3571933231b0;458.39;0.09761851;UNKNOWN
2016-04-24T01:03:31.000000;2016-04-24T01:03:31.000000;93f9215d-7864-40ff-9130-074a2523ee83;458.38;0.04961267;UNKNOWN
2016-04-24T01:03:33.000000;2016-04-24T01:03:33.000000;5deb7c50-6401-4ff0-95d4-2b63b81366d9;458.3;0.17309738;UNKNOWN
2016-04-24T01:03:33.000000;2016-04-24T01:03:33.000000;7b63ce54-8a75-47df-b16f-b6df89391279;458.3;0.02690262;UNKNOWN
2016-04-24T01:03:43.000000;2016-04-24T01:03:43.000000;f18c9dcb-079c-47b1-8533-1520df38c8c8;458.3;0.2;UNKNOWN
2016-04-24T01:03:44.000000;2016-04-24T01:03:44.000000;44c2ef9e-92fb-4334-be2e-4e4b5b12f16c;458.32;0.09690733;UNKNOWN
2016-04-24T01:03:52.000000;2016-04-24T01:03:52.000000;f1aaf88f-b1fa-46f7-bd01-cc27dbaccf5b;458.32;6.37599267;UNKNOWN
2016-04-24T01:03:52.000000;2016-04-24T01:03:52.000000;1357d9fe-e7ca-49d5-b107-b5a0f6742933;458.4;3.02833659;UNKNOWN
2016-04-24T01:03:52.000000;2016-04-24T01:03:52.000000;85f8bffb-f2c4-4525-bf8a-f7db04b71dba;458.4;0.59567074;UNKNOWN
2016-04-24T01:03:53.000000;2016-04-24T01:03:53.000000;81b2351d-73c3-4390-b741-0f5d9aee11b9;458.31;0.2;UNKNOWN
2016-04-24T01:03:55.000000;2016-04-24T01:03:55.000000;c4ae7f55-7b47-4398-b371-ee8b9c3ab30d;458.44;0.08368837;UNKNOWN
2016-04-24T01:03:55.000000;2016-04-24T01:03:55.000000;97827c7a-fcce-4431-bb29-599fbc91fd59;458.4;1.11631163;UNKNOWN
2016-04-24T01:03:55.000000;2016-04-24T01:03:55.000000;b4d39606-ffd4-4f00-ab91-e316fefaf9b5;458.39;0.5;UNKNOWN
2016-04-24T01:03:56.000000;2016-04-24T01:03:56.000000;2ee7f648-fdc4-4bfe-85d1-34f9b7849000;458.31;0.14761561;UNKNOWN
2016-04-24T01:03:56.000000;2016-04-24T01:03:56.000000;4a1feb6f-512f-41cd-99fe-a1a18bbd550c;457.66;0.34741906;UNKNOWN
2016-04-24T01:03:56.000000;2016-04-24T01:03:56.000000;6a2a4ceb-a55d-4bdb-bdb3-b8624a9bc854;458.3;0.06549213;UNKNOWN
2016-04-24T01:04:05.000000;2016-04-24T01:04:05.000000;88628155-8330-47e2-9c4b-6acf2d2dd969;458.38;0.04634921;UNKNOWN
2016-04-24T01:04:11.000000;2016-04-24T01:04:11.000000;f2afeda0-05fe-428d-8b54-5ab42b9b51e6;458.38;0.01;UNKNOWN
2016-04-24T01:04:11.000000;2016-04-24T01:04:11.000000;7244a7c2-5edd-49c5-84d1-dff587850303;457.66;2.46;UNKNOWN
2016-04-24T01:04:17.000000;2016-04-24T01:04:17.000000;97a880a6-21d1-4474-9e80-c5d4561d9fc5;458.27;0.09113122;UNKNOWN
2016-04-24T01:04:50.000000;2016-04-24T01:04:50.000000;c05ef3cb-cafe-413b-94b8-ffc4bc8150e3;458.02;0.08775689;UNKNOWN
2016-04-24T01:04:54.000000;2016-04-24T01:04:54.000000;297e0aa0-7882-4340-9a5f-8839d1749ade;458.21;1.0;UNKNOWN
2016-04-24T01:05:06.000000;2016-04-24T01:05:06.000000;ed0e7586-8233-4d90-b028-d3f55a3e0842;457.16;2.65;UNKNOWN
2016-04-24T01:05:11.000000;2016-04-24T01:05:11.000000;89387e31-c964-477f-a248-892e1327e822;458.08;0.3;UNKNOWN
2016-04-24T01:05:21.000000;2016-04-24T01:05:21.000000;0ed42859-5da1-45cc-9148-ec2d13ec286e;458.06;0.10338205;UNKNOWN
2016-04-24T01:05:47.000000;2016-04-24T01:05:47.000000;3eeb6900-7903-4762-95f0-b7c575de0b0b;458.05;0.01;UNKNOWN
2016-04-24T01:05:53.000000;2016-04-24T01:05:53.000000;64420b07-77de-4083-8b28-a15ae443c0d1;458.05;0.09545116;UNKNOWN
2016-04-24T01:05:59.000000;2016-04-24T01:05:59.000000;71593284-92fb-4e4f-903c-66137b94a7b7;457.14;0.01;UNKNOWN
2016-04-24T01:06:07.000000;2016-04-24T01:06:07.000000;2d826dab-6c1c-40be-9edd-8695b96b987c;458.3;0.0936894;UNKNOWN
2016-04-24T01:06:07.000000;2016-04-24T01:06:07.000000;0adab1e5-b85d-463b-a598-0a2d9176255a;458.31;0.0563106;UNKNOWN
2016-04-24T01:06:10.000000;2016-04-24T01:06:10.000000;3695785f-383b-432d-89a2-433925b4cfc0;457.7;1.7;UNKNOWN
2016-04-24T01:06:18.000000;2016-04-24T01:06:18.000000;98635ca2-0fbb-444c-896c-5b139ca5f277;458.31;0.01;UNKNOWN
2016-04-24T01:06:24.000000;2016-04-24T01:06:24.000000;198cc284-d5d3-4578-8f83-7359da123f50;458.31;0.09837712;UNKNOWN
2016-04-24T01:06:32.000000;2016-04-24T01:06:32.000000;fe63784a-c734-4ed0-b520-3515c4be622d;457.76;6.5016;UNKNOWN
2016-04-24T01:06:32.000000;2016-04-24T01:06:32.000000;f9d9e8bb-da7f-458e-b58c-4e44d612d0e2;457.75;3.4984;UNKNOWN
2016-04-24T01:06:43.000000;2016-04-24T01:06:43.000000;94503490-12a4-4afe-98f1-0a58b4b7bb27;458.3;0.10069683;UNKNOWN
2016-04-24T01:06:43.000000;2016-04-24T01:06:43.000000;7d50966e-080f-4aa4-a48b-5888f2cdaa79;458.3;0.75517502;UNKNOWN
2016-04-24T01:06:43.000000;2016-04-24T01:06:43.000000;957fd536-2f6e-447b-be9e-ea262fd5f992;458.3;0.75565123;UNKNOWN
2016-04-24T01:06:44.000000;2016-04-24T01:06:44.000000;12a6060d-b8da-4dde-ad98-2b5196836dab;458.3;0.08716308;UNKNOWN
2016-04-24T01:06:44.000000;2016-04-24T01:06:44.000000;28f91995-ead8-4d71-a5f7-d327815da833;458.3;0.78031065;UNKNOWN
2016-04-24T01:06:45.000000;2016-04-24T01:06:45.000000;b45d142f-0fcf-4563-803e-6f0c72f27bec;458.3;0.08375581;UNKNOWN
2016-04-24T01:06:45.000000;2016-04-24T01:06:45.000000;df7f1243-987d-4657-aadf-eb093125dbad;458.29;0.56367924;UNKNOWN
2016-04-24T01:06:45.000000;2016-04-24T01:06:45.000000;8736e9fe-b33c-4733-b07c-6c1f7d97fbbd;458.3;0.10125059;UNKNOWN
2016-04-24T01:06:46.000000;2016-04-24T01:06:46.000000;0927b4e3-5041-42e4-a773-3b5053cef08b;458.3;0.23065376;UNKNOWN
2016-04-24T01:06:46.000000;2016-04-24T01:06:46.000000;51c97629-ccfb-4dd5-bf1f-326868a2d376;458.3;0.80285205;UNKNOWN
2016-04-24T01:06:47.000000;2016-04-24T01:06:47.000000;88b94d07-76c0-4157-83e9-8ee39608ed59;458.3;0.41041167;UNKNOWN
2016-04-24T01:06:47.000000;2016-04-24T01:06:47.000000;7ec7c93a-8d05-4cab-aff9-ae39969d668c;458.3;0.82219771;UNKNOWN
2016-04-24T01:06:47.000000;2016-04-24T01:06:47.000000;e01a2423-92e1-4963-a208-8834e6818ce1;458.32;0.17184413;UNKNOWN
2016-04-24T01:06:48.000000;2016-04-24T01:06:48.000000;0b2cfb16-0fe1-454a-95a3-c36246bdeb68;458.32;0.10995998;UNKNOWN
2016-04-24T01:06:48.000000;2016-04-24T01:06:48.000000;20af1411-a9fe-4133-b6a3-b2d6b9c9c5d3;458.32;0.13077696;UNKNOWN
2016-04-24T01:06:49.000000;2016-04-24T01:06:49.000000;6c6d6c92-80b2-40fb-81cc-a0619f19124e;458.32;0.12358727;UNKNOWN
2016-04-24T01:06:49.000000;2016-04-24T01:06:49.000000;9de17358-d101-4af0-807c-28e1816ace20;458.32;0.43890563;UNKNOWN
2016-04-24T01:06:50.000000;2016-04-24T01:06:50.000000;39030e13-e83d-4b5e-94dc-4496bb416c7a;458.32;0.18857134;UNKNOWN
2016-04-24T01:06:50.000000;2016-04-24T01:06:50.000000;af1abf0b-e49a-4207-8332-8543df02cbcb;458.32;0.42972791;UNKNOWN
2016-04-24T01:06:50.000000;2016-04-24T01:06:50.000000;c07a5192-e7aa-4907-9cf0-fde3d0850a27;458.32;0.0912767;UNKNOWN
2016-04-24T01:06:51.000000;2016-04-24T01:06:51.000000;ad94943c-652c-4a2f-b384-5c3173d16790;458.32;0.32878851;UNKNOWN
2016-04-24T01:06:51.000000;2016-04-24T01:06:51.000000;a6857ce9-4aa5-4987-9c01-9d7719632cee;458.32;0.0208657;UNKNOWN
2016-04-24T01:06:52.000000;2016-04-24T01:06:52.000000;7955a6ed-4653-4488-8ac6-e432d4861b6c;458.32;0.13555001;UNKNOWN
2016-04-24T01:06:52.000000;2016-04-24T01:06:52.000000;1d5b8120-5fe6-4e3b-b8f7-548727418754;458.32;0.45087543;UNKNOWN
2016-04-24T01:06:53.000000;2016-04-24T01:06:53.000000;6ee6f651-375c-4ef4-9da9-10c505830c6c;458.32;1.13276035;UNKNOWN
2016-04-24T01:06:53.000000;2016-04-24T01:06:53.000000;14e753c3-f64a-4095-aead-303b2599ca4e;458.34;2.26965489;UNKNOWN
2016-04-24T01:06:53.000000;2016-04-24T01:06:53.000000;7294d917-d4a0-4ab5-b87c-4c9ef749a200;458.44;0.34226192;UNKNOWN
2016-04-24T01:06:53.000000;2016-04-24T01:06:53.000000;c3e5610a-755d-4c12-989f-81a9c1540219;458.34;1.87593834;UNKNOWN
2016-04-24T01:06:54.000000;2016-04-24T01:06:54.000000;c5aa8a8f-a099-47ca-a1cf-861fcd8bf89f;458.5;1.33615713;UNKNOWN
2016-04-24T01:06:54.000000;2016-04-24T01:06:54.000000;bba23279-2762-4fc0-a1cb-9a642c7e49f7;458.5;23.99666958;UNKNOWN
2016-04-24T01:06:54.000000;2016-04-24T01:06:54.000000;774e61ad-cb10-4b03-b3b3-c3ba0bdc6edf;458.5;1.86717329;UNKNOWN
2016-04-24T01:06:54.000000;2016-04-24T01:06:54.000000;db68d7d6-304e-4bd6-a9af-c56ebcb1023a;458.44;3.80333131;UNKNOWN
2016-04-24T01:06:55.000000;2016-04-24T01:06:55.000000;3a44f834-ba33-4232-9939-6dd04b3bdb35;458.53;1.31875294;UNKNOWN
2016-04-24T01:06:55.000000;2016-04-24T01:06:55.000000;31c58cc7-d15d-4dc0-8b9d-1593981e0b0b;458.53;1.86797923;UNKNOWN
2016-04-24T01:06:56.000000;2016-04-24T01:06:56.000000;1b99fc86-5064-4549-a8ba-07d8aee84dc3;458.72;0.1;UNKNOWN
2016-04-24T01:06:56.000000;2016-04-24T01:06:56.000000;7508c8e4-e45a-410f-9d8e-1fdbd4f103b7;458.62;1.98052964;UNKNOWN
2016-04-24T01:06:56.000000;2016-04-24T01:06:56.000000;e5ca18b8-0f28-408b-ab15-dddbeed6984c;458.79;2.38566464;UNKNOWN
