time_exchange;time_coinpai;guid;price;base_amount;taker_side
2016-04-24T00:00:01.981850;2016-04-24T00:00:02.027967;0fcf3c92-f432-45ee-a502-8b78a4fdb800;455.68;0.01;SELL
2016-04-24T00:00:01.982174;2016-04-24T00:00:02.059219;c2bce9df-faf0-4555-b4f9-4d385197c075;455.68;0.284234;SELL
2016-04-24T00:00:01.982363;2016-04-24T00:00:02.074844;169e1533-3a91-4d20-a5dc-c2ef71368dae;455.67;0.015;SELL
2016-04-24T00:00:01.982541;2016-04-24T00:00:02.090470;0eef5e0b-507f-4c3f-88cd-baa25d6c4f8a;455.67;0.01000264;SELL
2016-04-24T00:00:01.982702;2016-04-24T00:00:02.106095;166c34d4-fd58-4f77-84d6-2cd5f02894f6;455.66;0.015;SELL
2016-04-24T00:00:01.982866;2016-04-24T00:00:02.121720;bbce9fe1-7688-465f-9033-b7f94257c65d;455.65;0.015;SELL
2016-04-24T00:00:01.983052;2016-04-24T00:00:02.137345;9e45b268-848d-4c1a-97af-66145c799248;455.64;0.015;SELL
2016-04-24T00:00:01.983218;2016-04-24T00:00:02.152969;51c87003-08ac-45d9-b55e-0f214c901cc9;455.63;0.014;SELL
2016-04-24T00:00:01.983372;2016-04-24T00:00:02.168595;af6f0566-f87f-410c-9438-a9674637244c;455.62;0.014;SELL
2016-04-24T00:00:01.983541;2016-04-24T00:00:02.199845;06214f1f-f7a4-427b-8171-e64ef6751689;455.61;0.014;SELL
2016-04-24T00:00:01.983685;2016-04-24T00:00:02.215470;352d8a1c-12af-44c5-9708-de5b9cd20374;455.6;0.015;SELL
2016-04-24T00:00:01.983846;2016-04-24T00:00:02.231095;fa21bf3f-c47e-469e-89db-26a3a24338b6;455.6;0.02;SELL
2016-04-24T00:00:01.984080;2016-04-24T00:00:02.246720;660098d6-296a-4498-9c5b-248079b5c813;455.59;0.015;SELL
2016-04-24T00:00:01.984314;2016-04-24T00:00:02.262344;f07169eb-1c27-4ec7-a6a1-e84f2058a908;455.58;0.015;SELL
2016-04-24T00:00:01.984550;2016-04-24T00:00:02.277970;c7a9888c-741a-49d8-96a1-6344ee3401a6;455.57;0.015;SELL
2016-04-24T00:00:01.984768;2016-04-24T00:00:02.277970;86d744da-69a4-4f39-b28b-83a0c15998af;455.56;0.015;SELL
2016-04-24T00:00:01.984944;2016-04-24T00:00:02.293594;f6d92196-a3d8-4ae4-9e0b-81a5b7bea9af;455.56;0.05749012;SELL
2016-04-24T00:00:01.985128;2016-04-24T00:00:02.309219;b40cdb28-7336-49eb-9e58-c0582fae0a6c;455.55;0.015;SELL
2016-04-24T00:00:01.985288;2016-04-24T00:00:02.324843;f26e1d26-d400-45db-a31b-2d52777a80d3;455.54;0.015;SELL
2016-04-24T00:00:01.985436;2016-04-24T00:00:02.340469;54045ac3-55e6-42a0-8bc0-3ec67121ccb5;455.53;0.015;SELL
2016-04-24T00:00:01.985613;2016-04-24T00:00:02.340469;edb95e61-0366-4ec9-9d5b-046591bb3e6e;455.53;0.05738415;SELL
2016-04-24T00:00:01.985767;2016-04-24T00:00:02.356094;9e2df0ee-7308-4b1e-9dcd-c7fe2f24b4a1;455.53;0.01;SELL
2016-04-24T00:00:01.985926;2016-04-24T00:00:02.371718;da927d96-5ad0-4745-831d-c2b8beddf18f;455.52;0.015;SELL
2016-04-24T00:00:01.986125;2016-04-24T00:00:02.387345;e8fb6bb2-1f30-4688-be9d-cf69aa09eeca;455.51;0.015;SELL
2016-04-24T00:00:01.986278;2016-04-24T00:00:02.418595;69145948-9365-4e47-a039-b02cc95de20c;455.51;0.01;SELL
2016-04-24T00:00:01.986427;2016-04-24T00:00:02.434219;2f23f7e0-b05f-4b3a-b252-fe1e7537ae8f;455.51;0.01;SELL
2016-04-24T00:00:01.986589;2016-04-24T00:00:02.434219;3bea3cd7-3178-4c40-9bc6-425271d0af15;455.51;0.05749588;SELL
2016-04-24T00:00:01.986740;2016-04-24T00:00:02.449844;fbd06d3d-f4f4-462a-94e3-469236dfd12d;455.5;0.015;SELL
2016-04-24T00:00:01.986883;2016-04-24T00:00:02.449844;98a998da-4137-4759-85c8-b13afecd304f;455.5;0.02;SELL
2016-04-24T00:00:01.987046;2016-04-24T00:00:02.465469;47cca2dd-cabd-443c-8d32-a5c8210205ef;455.5;0.1;SELL
2016-04-24T00:00:01.987203;2016-04-24T00:00:02.481094;90db34b7-f798-4a18-bb1d-b37d3404faf7;455.5;0.01;SELL
2016-04-24T00:00:01.987366;2016-04-24T00:00:02.496719;6f6d930b-f938-4659-8f5b-f85bafcd24f5;455.49;0.015;SELL
2016-04-24T00:00:01.987510;2016-04-24T00:00:02.512343;7eb51412-713e-485c-a46c-820550210c15;455.48;0.015;SELL
2016-04-24T00:00:01.987667;2016-04-24T00:00:02.512343;f3db9a6a-371f-4d70-a08b-8225411cadda;455.48;0.05732402;SELL
2016-04-24T00:00:01.987811;2016-04-24T00:00:02.527968;1e15db0b-d614-46a5-8b8b-f00905f1e2df;455.47;0.015;SELL
2016-04-24T00:00:01.987965;2016-04-24T00:00:02.543594;7a4beb2d-8793-4e4f-a6e8-f2ee87f58ddb;455.47;0.05745772;SELL
2016-04-24T00:00:01.988134;2016-04-24T00:00:02.559219;ff59af4e-44fb-422e-bf6c-56e54283d261;455.46;0.015;SELL
2016-04-24T00:00:01.988298;2016-04-24T00:00:02.574846;0e01b1b5-2489-4f39-9a68-8886c14cd950;455.46;0.011;SELL
2016-04-24T00:00:01.988439;2016-04-24T00:00:02.574846;8ec33123-2da8-473b-ba29-12c8983d3121;455.45;0.015;SELL
2016-04-24T00:00:01.988592;2016-04-24T00:00:02.590471;1cb6ae42-d721-4372-9e1b-82b6034afd9f;455.45;0.075;SELL
2016-04-24T00:00:01.988747;2016-04-24T00:00:02.606049;00b6ceb0-787d-47e9-bd8f-3a242c300791;455.44;0.015;SELL
2016-04-24T00:00:01.988906;2016-04-24T00:00:02.621719;3f85d942-3064-477b-96b8-ab7fa4425ab8;455.44;0.05724193;SELL
2016-04-24T00:00:01.989090;2016-04-24T00:00:02.621719;c6c2e441-91a6-404e-b0b9-dfcd07c1924a;455.43;0.015;SELL
2016-04-24T00:00:01.989242;2016-04-24T00:00:02.637346;95cdc749-97c2-4d96-87df-ce6ec9e8b501;455.42;0.015;SELL
2016-04-24T00:00:01.989400;2016-04-24T00:00:02.652969;ecced0fc-5d30-41a7-947d-43f22f605084;455.42;0.05741956;SELL
2016-04-24T00:00:01.989597;2016-04-24T00:00:02.668596;5c8bb783-13db-4352-a85f-d82dba84f364;455.41;0.015;SELL
2016-04-24T00:00:01.989805;2016-04-24T00:00:02.684219;95204f9e-900e-4c36-8aff-1b56b632d273;455.4;0.02000242;SELL
2016-04-24T00:00:01.990026;2016-04-24T00:00:02.684219;05084f63-2ef7-4f30-9f5f-e80881ef3554;455.4;0.015;SELL
2016-04-24T00:00:01.990225;2016-04-24T00:00:02.699845;e2e34037-a49c-419b-961c-4570caee0d5a;455.4;0.01;SELL
2016-04-24T00:00:01.990442;2016-04-24T00:00:02.715470;d3f6da9b-4e81-43b0-88a1-c6cd263c5ea3;455.4;0.05724641;SELL
2016-04-24T00:00:01.990656;2016-04-24T00:00:02.731119;749da3e2-b905-4da2-b9ba-40d784e419e9;455.4;0.119;SELL
2016-04-24T00:00:01.990845;2016-04-24T00:00:02.746720;1150a91d-ca0c-453c-ada5-cf4ab237b0f0;455.39;0.015;SELL
2016-04-24T00:00:01.991066;2016-04-24T00:00:02.746720;9271d483-5cc5-4610-8480-c2a1b5b9b8b5;455.39;0.01;SELL
2016-04-24T00:00:01.991273;2016-04-24T00:00:02.762344;0132d691-1e69-499c-8263-c13073f2b19a;455.38;0.015;SELL
2016-04-24T00:00:01.991480;2016-04-24T00:00:02.777968;cb19b4d6-b0f8-4be8-bbe9-3be5fd770397;455.37;0.015;SELL
2016-04-24T00:00:01.991683;2016-04-24T00:00:02.809220;78a74afc-6ff7-4757-ae75-8f73ef5a1462;455.36;0.015;SELL
2016-04-24T00:00:01.991882;2016-04-24T00:00:02.824845;5c0c6012-423e-470a-a63f-fb8f72d970da;455.36;0.05749244;SELL
2016-04-24T00:00:01.992050;2016-04-24T00:00:02.824845;6830acd5-c5e7-4fee-9ac2-a0e3715f4a55;455.35;0.015;SELL
2016-04-24T00:00:01.992197;2016-04-24T00:00:02.840471;d3ccbc75-ef06-4305-8783-027af6f933db;455.35;0.05720821;SELL
2016-04-24T00:00:01.992355;2016-04-24T00:00:02.856095;975fc540-a3c5-48eb-b5d0-a4fbf0c28200;455.35;0.088;SELL
2016-04-24T00:00:01.992513;2016-04-24T00:00:02.871720;d3331bdb-bc1f-4590-9f85-83e2f7c74baa;455.34;0.015;SELL
2016-04-24T00:00:01.992678;2016-04-24T00:00:02.887345;26618bf4-aee4-448e-801c-0295712d94b8;455.33;0.015;SELL
2016-04-24T00:00:01.992834;2016-04-24T00:00:02.887345;5ed1830c-997c-4e4d-a5dc-6a08afb968c3;455.32;0.015;SELL
2016-04-24T00:00:01.993010;2016-04-24T00:00:02.902969;6c6e3aff-b40a-42e1-9d60-ce3e8765be71;455.32;0.0574982;SELL
2016-04-24T00:00:01.993157;2016-04-24T00:00:02.918595;eec8076d-6a07-49cc-a0f3-ce7835c5f9c5;455.31;0.01;SELL
2016-04-24T00:00:01.993301;2016-04-24T00:00:02.934220;e8c4e1cf-d152-4fc7-af73-5bec569bfda6;455.31;0.015;SELL
2016-04-24T00:00:01.993455;2016-04-24T00:00:02.949845;f3700e94-f217-4aea-9496-1d8f1334e948;455.31;0.8;SELL
2016-04-24T00:00:01.993606;2016-04-24T00:00:02.965469;1e7f58bf-43ed-4462-9c8a-74e0158f2b2e;455.3;0.0200022;SELL
2016-04-24T00:00:01.993759;2016-04-24T00:00:02.965469;0dc4d288-671c-41f2-9818-6b0eb6d996ac;455.3;0.015;SELL
2016-04-24T00:00:01.993915;2016-04-24T00:00:02.981095;fe509581-d46c-4d51-8493-a3172b96a7af;455.3;0.01;SELL
2016-04-24T00:00:01.994090;2016-04-24T00:00:02.996720;33b93027-aa61-48b1-9915-ab62dd580014;455.3;0.01;SELL
2016-04-24T00:00:01.994272;2016-04-24T00:00:03.012345;d0b79ed9-4378-4a80-b097-5691d7eda443;455.29;0.015;SELL
2016-04-24T00:00:01.994482;2016-04-24T00:00:03.012345;37a4f646-ff51-4e2f-b69a-d1b58c6be01b;455.29;0.078;SELL
2016-04-24T00:00:01.994713;2016-04-24T00:00:03.027970;cb0b4c2b-10c8-4dc3-a1a5-018929163c4b;455.29;0.01;SELL
2016-04-24T00:00:01.994934;2016-04-24T00:00:03.043594;82205034-1ab0-4ca8-b905-9772ffbfe936;455.28;0.015;SELL
2016-04-24T00:00:01.995168;2016-04-24T00:00:03.059221;b11e608c-6019-4d26-a86d-a8d0e57a767e;455.27;0.015;SELL
2016-04-24T00:00:01.995384;2016-04-24T00:00:03.074846;f716a932-00af-4124-9eb1-98b565abb727;455.27;0.01;SELL
2016-04-24T00:00:01.995541;2016-04-24T00:00:03.090471;1fff69f6-8603-4eaa-8c16-42481269b2f2;455.27;0.05750396;SELL
2016-04-24T00:00:01.995696;2016-04-24T00:00:03.106094;3caaaf7a-6947-4838-9cf6-ed9eeb884217;455.27;0.075;SELL
2016-04-24T00:00:01.995867;2016-04-24T00:00:03.106094;596f7649-57a2-4003-a854-be56c03e67ab;455.26;0.015;SELL
2016-04-24T00:00:01.996054;2016-04-24T00:00:03.121721;3f48a029-85c0-4915-ba4a-8e42ee0ba9be;455.25;0.015;SELL
2016-04-24T00:00:01.996209;2016-04-24T00:00:03.137346;b02b610f-6012-4453-a95a-f34cef35c636;455.24;0.015;SELL
2016-04-24T00:00:01.996351;2016-04-24T00:00:03.152970;eadf2f1b-b6f1-4af3-9015-c1b25a41aa2a;455.23;0.015;SELL
2016-04-24T00:00:01.996500;2016-04-24T00:00:03.168596;e312441e-36d5-46f9-8186-52f9f9573914;455.23;0.01;SELL
2016-04-24T00:00:01.996647;2016-04-24T00:00:03.184220;723c1d77-cf4a-4e6a-a2bd-c19757cbe0f6;455.23;0.05750972;SELL
2016-04-24T00:00:01.996839;2016-04-24T00:00:03.184220;d193557f-60f5-4597-a857-bb32eb827363;455.23;0.2;SELL
2016-04-24T00:00:01.997007;2016-04-24T00:00:03.199844;ba75dc5d-97a3-41e2-a123-30aa2a91e3db;455.22;0.015;SELL
2016-04-24T00:00:01.997157;2016-04-24T00:00:03.215468;082be868-9496-4e37-ac1f-12ef6795d546;455.22;0.011;SELL
2016-04-24T00:00:01.997302;2016-04-24T00:00:03.231094;3c394f9a-50f5-4dff-87d6-547981097016;455.22;0.102;SELL
2016-04-24T00:00:01.997456;2016-04-24T00:00:03.231094;4bc9779d-5149-4090-aeaf-d5054dd260f4;455.22;0.36;SELL
2016-04-24T00:00:01.997601;2016-04-24T00:00:03.246720;09e1df1a-8ea3-411b-bdc4-3ed50c768471;455.21;0.015;SELL
2016-04-24T00:00:01.997754;2016-04-24T00:00:03.277970;b468428d-4a3f-43dd-b3f3-b4a4a301d84c;455.21;0.01;SELL
2016-04-24T00:00:01.997909;2016-04-24T00:00:03.293595;f7ef219b-193d-47c4-8886-d79b194373be;455.2;0.015;SELL
2016-04-24T00:00:01.998086;2016-04-24T00:00:03.293595;d80a2736-be58-48c2-a125-cca78d17c3c0;455.2;0.02000264;SELL
2016-04-24T00:00:01.998230;2016-04-24T00:00:03.309220;ed714c93-3ff3-4e2f-987d-1087a9f54232;455.19;0.015;SELL
2016-04-24T00:00:01.998385;2016-04-24T00:00:03.324845;f24dc130-451f-4dd9-bb7d-a027c008e586;455.19;0.41;SELL
2016-04-24T00:00:01.998532;2016-04-24T00:00:03.340470;c414602a-62fd-43e5-8e16-49f4270ddb21;455.18;0.015;SELL
2016-04-24T00:00:01.998681;2016-04-24T00:00:03.356094;b8c8b668-7e3c-4dfd-a9e0-602c80989d77;455.18;0.529;SELL
2016-04-24T00:00:01.998831;2016-04-24T00:00:03.371721;e1cef489-f63a-4f7b-8e2a-07c4a5d85b89;455.18;0.05753744;SELL
2016-04-24T00:00:01.998999;2016-04-24T00:00:03.371721;883c148c-b920-49d2-81d9-d30f750f8e4e;455.18;0.01;SELL
2016-04-24T00:00:01.999162;2016-04-24T00:00:03.387345;9268a1d6-a878-4ddb-83b2-23a2e26039e3;455.18;0.01;SELL
2016-04-24T00:00:01.999315;2016-04-24T00:00:03.402970;c62f0e08-a0d3-4f33-87f5-d65730df7b4f;455.17;0.015;SELL
2016-04-24T00:00:01.999461;2016-04-24T00:00:03.418596;ffc3ddc8-a116-47eb-a00b-0a8e42ba5466;455.16;0.015;SELL
2016-04-24T00:00:01.999620;2016-04-24T00:00:03.434219;45bd63f0-656c-4128-bf02-7188299aa412;455.16;0.19;SELL
2016-04-24T00:00:01.999769;2016-04-24T00:00:03.434219;6e64db3e-5973-44b5-ac61-14b8d0d386aa;455.15;0.015;SELL
2016-04-24T00:00:01.999940;2016-04-24T00:00:03.449846;085a1695-d079-458b-bb52-130e9cb844f4;455.15;0.36;SELL
2016-04-24T00:00:02.000097;2016-04-24T00:00:03.465472;52a4c03b-e444-4f60-9692-a98528f43ca1;455.14;0.015;SELL
2016-04-24T00:00:02.000251;2016-04-24T00:00:03.481096;a18a5803-e613-4db0-87e6-68741e2ece4a;455.14;0.05754321;SELL
2016-04-24T00:00:02.000388;2016-04-24T00:00:03.496720;669e96e8-62f0-4b53-bc7d-849b9da0c00e;455.13;0.015;SELL
2016-04-24T00:00:02.000544;2016-04-24T00:00:03.496720;038b6ddd-3360-4059-a334-737a59692d84;455.13;0.478;SELL
2016-04-24T00:00:02.000698;2016-04-24T00:00:03.512344;882093b5-6347-4ea5-87ee-590d3518a1ea;455.12;0.015;SELL
2016-04-24T00:00:02.000836;2016-04-24T00:00:03.527971;a0f33d31-8b0b-479f-9275-a4896b777380;455.11;0.015;SELL
2016-04-24T00:00:02.001009;2016-04-24T00:00:03.543596;67a0f8ae-70bf-4c85-abd3-dd3b33aa7b29;455.11;0.17;SELL
2016-04-24T00:00:02.001161;2016-04-24T00:00:03.559220;778ca44c-fc75-44fa-a8aa-9f68e117f6e8;455.1;0.015;SELL
2016-04-24T00:00:02.001309;2016-04-24T00:00:03.574844;b2946307-425f-41fd-91eb-0f2d5975749e;455.1;0.02;SELL
2016-04-24T00:00:02.001457;2016-04-24T00:00:03.590470;ff57c912-86be-4b50-9d62-afa025d72623;455.1;0.01;SELL
2016-04-24T00:00:02.001614;2016-04-24T00:00:03.590470;95e00e7c-9f38-4d86-8f5c-0442e8ab37a7;455.1;0.2;SELL
2016-04-24T00:00:02.001766;2016-04-24T00:00:03.606097;ccf3a7e7-f149-4642-b7ad-1e5ac1268b46;455.09;0.015;SELL
2016-04-24T00:00:02.001909;2016-04-24T00:00:03.621720;6061eeac-fac9-4325-a4fd-7c3ebf903b2e;455.08;0.015;SELL
2016-04-24T00:00:02.002085;2016-04-24T00:00:03.637346;eb6a338f-3128-4d23-a483-8add17aa23f8;455.08;0.501;SELL
2016-04-24T00:00:02.002232;2016-04-24T00:00:03.652971;ef4610c8-bd29-4b26-8d09-dedd4a0c79d3;455.07;0.015;SELL
2016-04-24T00:00:02.002402;2016-04-24T00:00:03.652971;64107618-03d0-49b6-924b-fd978d3e09aa;455.07;0.05755149;SELL
2016-04-24T00:00:02.002551;2016-04-24T00:00:03.668596;36743c55-fc35-4c31-9e84-f35e7e7f7d14;455.06;0.01;SELL
2016-04-24T00:00:02.002710;2016-04-24T00:00:03.684220;e5b294f3-71a0-4c87-8ceb-36501b066aa8;455.06;0.015;SELL
2016-04-24T00:00:02.002852;2016-04-24T00:00:03.699846;1df072d5-d98f-4c32-9783-ef625a2c12e7;455.05;0.01;SELL
2016-04-24T00:00:02.003028;2016-04-24T00:00:03.715470;d7793950-37e7-4c03-9d5f-848efb83bac1;455.05;0.015;SELL
2016-04-24T00:00:02.003195;2016-04-24T00:00:03.715470;a3b75080-9980-435e-8b82-0d9206bf55fb;455.05;0.2;SELL
2016-04-24T00:00:02.003362;2016-04-24T00:00:03.731120;6d50786c-e327-45e3-bd89-0470d69420b7;455.04;0.015;SELL
2016-04-24T00:00:02.003516;2016-04-24T00:00:03.746721;f3030c1c-a20b-4555-98bb-f53bbf55bb7c;455.03;0.01;SELL
2016-04-24T00:00:02.003678;2016-04-24T00:00:03.762347;f4acdf38-a531-4184-9c9f-6e2e1e5195f0;455.03;0.014;SELL
2016-04-24T00:00:02.003824;2016-04-24T00:00:03.777970;56ef5829-8188-4958-84df-8629b5b612f7;455.02;0.464;SELL
2016-04-24T00:00:02.004004;2016-04-24T00:00:03.793595;8e6ec16a-eca1-4484-bd23-fab1a046bb8e;455.02;0.014;SELL
2016-04-24T00:00:02.004159;2016-04-24T00:00:03.809222;747a42ff-13f8-48ea-afa4-0e3def27c93c;455.01;0.013;SELL
2016-04-24T00:00:02.004329;2016-04-24T00:00:03.824845;925f6cee-f7da-4ee9-8a87-417dfc924f46;455.01;0.05747187;SELL
2016-04-24T00:00:02.004481;2016-04-24T00:00:03.824845;aae69e7c-a2a1-4d61-a902-677c6451f31b;455.0;0.0200022;SELL
2016-04-24T00:00:02.004640;2016-04-24T00:00:03.840471;c59eafd6-dd82-4f3d-88af-951cf35682b0;455.0;0.012;SELL
2016-04-24T00:00:02.004803;2016-04-24T00:00:03.856096;7d27a1d8-aa52-4db4-b73f-294f193674c8;455.0;0.01200861;SELL
2016-04-24T00:00:02.004964;2016-04-24T00:00:03.871723;ced1e3d6-8d16-42bd-bcab-319011fb17c2;454.99;0.012;SELL
2016-04-24T00:00:02.005142;2016-04-24T00:00:03.887346;3a8bbcda-a6b9-4606-98c3-1cf338ef01e9;454.98;0.015;SELL
2016-04-24T00:00:02.005308;2016-04-24T00:00:03.902970;d23b2770-5966-46f0-923f-51f86300e11e;454.97;0.015;SELL
2016-04-24T00:00:02.005481;2016-04-24T00:00:03.918596;110c1eb9-6d0e-400d-a5c4-ac57bd76b513;454.97;0.496;SELL
2016-04-24T00:00:02.005640;2016-04-24T00:00:03.918596;e6bf2ed8-4a78-4703-b1ed-253044e60cf8;454.96;0.015;SELL
2016-04-24T00:00:02.005803;2016-04-24T00:00:03.934220;3a128241-25bd-47b9-b4be-ea22906e860b;454.96;0.05754357;SELL
2016-04-24T00:00:02.005949;2016-04-24T00:00:03.949846;384edd57-b20b-4501-8b86-84d54672016b;454.95;0.015;SELL
2016-04-24T00:00:02.006120;2016-04-24T00:00:03.965471;975781a5-35b7-41f2-83ff-420fa8ff263f;454.95;0.01;SELL
2016-04-24T00:00:02.006293;2016-04-24T00:00:03.965471;7dfe4f30-6ac9-46f9-b430-bd517d39dce7;454.94;0.015;SELL
2016-04-24T00:00:02.006454;2016-04-24T00:00:03.981097;d867f7b6-3861-4439-8b05-8d5773b26c8f;454.94;0.01;SELL
2016-04-24T00:00:02.006611;2016-04-24T00:00:04.012344;ed2c2506-b9e5-4097-b0d4-6f005022741d;454.93;0.015;SELL
2016-04-24T00:00:02.006767;2016-04-24T00:00:04.027970;c58a2080-f0ed-492a-be10-671c511ec05c;454.93;0.01;SELL
2016-04-24T00:00:02.006917;2016-04-24T00:00:04.027970;a84dd495-05d2-4580-ad27-ad21f24806b9;454.92;0.015;SELL
2016-04-24T00:00:02.007079;2016-04-24T00:00:04.043595;cf9e50a9-ea00-48c2-868a-f6a2c25e4bc0;454.92;0.364;SELL
2016-04-24T00:00:02.007254;2016-04-24T00:00:04.059221;0dc50b2e-fe55-41a7-9d8b-044792e6f70a;454.92;0.01;SELL
2016-04-24T00:00:02.007413;2016-04-24T00:00:04.074845;c348909c-a144-420a-b8a0-4a23ff08ad7f;454.91;0.015;SELL
2016-04-24T00:00:02.007572;2016-04-24T00:00:04.090471;f2c56322-6d05-47ba-93ef-ea8679a9073b;454.9;0.015;SELL
2016-04-24T00:00:02.007734;2016-04-24T00:00:04.106094;e348c744-21b4-45cf-9c3a-e9b3387e4841;454.9;0.0200022;SELL
2016-04-24T00:00:02.007903;2016-04-24T00:00:04.121722;3e8ba40e-6d9f-4280-8572-58bdb6b63b25;454.89;0.015;SELL
2016-04-24T00:00:02.008062;2016-04-24T00:00:04.121722;8565c357-f8a8-4fd0-adbd-40c5502aecd4;454.88;0.015;SELL
2016-04-24T00:00:02.008241;2016-04-24T00:00:04.137346;cecabcb0-4005-4eab-84d7-da6fc772ee53;454.88;0.448;SELL
2016-04-24T00:00:02.008398;2016-04-24T00:00:04.152970;d942050f-3046-4211-a0d3-e21d6439fd79;454.87;0.015;SELL
2016-04-24T00:00:02.008556;2016-04-24T00:00:04.168601;7ab25a41-7e13-41d2-8ad4-e507da9e4485;454.86;0.015;SELL
2016-04-24T00:00:02.008718;2016-04-24T00:00:04.168601;2db04dfc-7ec8-4390-ab9b-dd801219c15f;454.86;0.01;SELL
2016-04-24T00:00:02.008876;2016-04-24T00:00:04.184220;0a668c81-5d99-4d5e-9370-d4a927d571f9;454.85;0.015;SELL
2016-04-24T00:00:02.009035;2016-04-24T00:00:04.215470;545b9290-0fa1-4ad3-be25-4dd78d6163e9;454.84;0.015;SELL
2016-04-24T00:00:02.009199;2016-04-24T00:00:04.215470;5a6c254f-cf5f-4604-95b9-fd3b0d7d2e64;454.84;0.01;SELL
2016-04-24T00:00:02.009361;2016-04-24T00:00:04.231096;869397e7-a7a2-404b-85c2-f8ec52fda824;454.83;0.015;SELL
2016-04-24T00:00:02.009535;2016-04-24T00:00:04.246722;0bd88cbe-15bf-4b83-adb8-2bf31e53511a;454.83;0.01;SELL
2016-04-24T00:00:02.009688;2016-04-24T00:00:04.246722;98a1e113-008d-4beb-9785-32c5a6a9a115;454.82;0.015;SELL
2016-04-24T00:00:02.009836;2016-04-24T00:00:04.262345;d20b913a-8288-4444-bcb2-e7ebeaa671f1;454.82;0.291;SELL
2016-04-24T00:00:02.010005;2016-04-24T00:00:04.277971;c1376884-d779-4310-ba7b-56d3f531d6cf;454.82;0.7;SELL
2016-04-24T00:00:02.010162;2016-04-24T00:00:04.293595;9d571689-98a9-42ce-8731-7b7502bc2e6a;454.81;0.015;SELL
2016-04-24T00:00:02.010330;2016-04-24T00:00:04.309220;63a8be3a-115d-4de1-b1c4-30d44cb93053;454.81;0.55;SELL
2016-04-24T00:00:02.010479;2016-04-24T00:00:04.324842;c200d49d-d3d6-4d71-b877-05121b42d0d2;454.8;0.0200022;SELL
2016-04-24T00:00:02.010633;2016-04-24T00:00:04.324842;4913bba9-1945-4a05-8da1-09cd49c3c375;454.8;0.015;SELL
2016-04-24T00:00:02.010791;2016-04-24T00:00:04.340470;fd53dde7-dfae-422f-a12d-b139ad51edae;454.8;0.1;SELL
2016-04-24T00:00:02.010942;2016-04-24T00:00:04.356095;e61414a2-2703-4cea-abcc-660e60e46b1c;454.79;0.015;SELL
2016-04-24T00:00:02.011107;2016-04-24T00:00:04.371721;a6462185-8362-4de4-8807-962fb3d19729;454.79;1.23146099;SELL
2016-04-24T00:00:06.039389;2016-04-24T00:00:06.043601;88e8eb7c-8cb0-4efd-b910-e55d523ccabf;455.54;0.5;BUY
2016-04-24T00:00:08.130446;2016-04-24T00:00:08.137351;517a7498-d4ed-4136-91e3-2ff78c9cffbb;455.54;0.2;SELL
2016-04-24T00:00:26.489582;2016-04-24T00:00:26.512355;8baf17eb-0d6c-4c97-a088-87d55de4335a;455.55;1.857;BUY
2016-04-24T00:00:32.405036;2016-04-24T00:00:32.434236;4808ebd5-9d5b-4b84-8aac-14436ad34176;455.54;0.536;BUY
2016-04-24T00:00:32.405227;2016-04-24T00:00:32.449859;1d1c81ee-bd6e-4624-9215-5b309bb0aa82;455.54;0.37382;BUY
2016-04-24T00:01:01.869045;2016-04-24T00:01:01.938622;a125dba2-44fe-40f4-9cee-bc9102c9ecf3;455.53;0.015;SELL
2016-04-24T00:01:01.869235;2016-04-24T00:01:01.954240;b09515dd-85c4-4fab-aba2-c75ca2b7e872;455.52;0.015;SELL
2016-04-24T00:01:01.869399;2016-04-24T00:01:01.969865;e63f4870-28ee-4694-bcb7-b603b6c9c4e6;455.51;0.015;SELL
2016-04-24T00:01:01.869574;2016-04-24T00:01:01.985489;9a52a676-7324-421a-8e94-19474d0439bf;455.5;0.015;SELL
2016-04-24T00:01:01.869757;2016-04-24T00:01:02.001115;7ab2f668-1cdd-4d3a-97ef-9981887b4756;455.49;0.015;SELL
2016-04-24T00:01:01.869920;2016-04-24T00:01:02.016742;d6c9e3a0-8458-4f23-a5dd-fe901588c22e;455.48;0.015;SELL
2016-04-24T00:01:01.870095;2016-04-24T00:01:02.032366;306d9112-2480-4bc3-9234-07cd7a3441af;455.47;0.015;SELL
2016-04-24T00:01:01.870248;2016-04-24T00:01:02.032366;bab11304-7db1-46da-9373-577ebe6bdc78;455.46;0.015;SELL
2016-04-24T00:01:01.870407;2016-04-24T00:01:02.047992;103fbda4-4464-42e6-a3ab-0cee01fcc2e4;455.45;0.015;SELL
2016-04-24T00:01:01.870584;2016-04-24T00:01:02.063614;220d4362-0c1a-4d8c-afdb-e32ee5115df4;455.44;0.015;SELL
2016-04-24T00:01:01.870755;2016-04-24T00:01:02.063614;27ae4bc5-fb7d-4e72-9575-d3b6a128bf19;455.43;0.015;SELL
2016-04-24T00:01:01.870917;2016-04-24T00:01:02.094867;a200ad4a-1911-4b08-bab2-285b38bb0c99;455.42;0.015;SELL
2016-04-24T00:01:01.871090;2016-04-24T00:01:02.110491;04292c52-6331-488e-9ef4-48da53b589a0;455.41;0.015;SELL
2016-04-24T00:01:01.871245;2016-04-24T00:01:02.126115;97dbb6da-9869-4dfd-b3af-393166181728;455.4;0.015;SELL
2016-04-24T00:01:01.871402;2016-04-24T00:01:02.141748;0d534bc8-6902-4537-a8e7-4abe8d7cf71c;455.39;0.015;SELL
2016-04-24T00:01:01.871568;2016-04-24T00:01:02.172989;cf0b38e6-8fe1-47d3-bc24-ca10740f73a3;455.38;0.015;SELL
2016-04-24T00:01:01.871741;2016-04-24T00:01:02.188616;8b940193-606f-4106-a7e0-83c18628a22f;455.37;0.015;SELL
2016-04-24T00:01:01.871907;2016-04-24T00:01:02.188616;32dbc250-4688-457e-af90-6e1747517fee;455.36;0.015;SELL
2016-04-24T00:01:01.872078;2016-04-24T00:01:02.188616;c95713fc-967f-4e1a-82f6-9a09d735ff39;455.35;0.015;SELL
2016-04-24T00:01:01.872237;2016-04-24T00:01:02.204241;373b742d-0191-4698-88af-277059aa8f1a;455.34;0.015;SELL
2016-04-24T00:01:01.872394;2016-04-24T00:01:02.219865;6ac67b3a-5b4f-493c-a5b2-60c7e6098f0f;455.33;0.015;SELL
2016-04-24T00:01:01.872550;2016-04-24T00:01:02.235491;cef57bf3-f4ff-4906-91d8-71f46eb03983;455.32;0.015;SELL
2016-04-24T00:01:01.872720;2016-04-24T00:01:02.251116;6a8c6e3f-bf9f-43bf-b4ca-7d4acc2f58fa;455.28;0.2;SELL
2016-04-24T00:01:01.872880;2016-04-24T00:01:02.251116;ca91cbe1-d45f-4e33-8c9d-7d979bb22948;455.14;0.2;SELL
2016-04-24T00:01:01.873051;2016-04-24T00:01:02.251116;273ac9ad-e8cf-4d40-8c17-9298b4453f66;455.05;0.095;SELL
2016-04-24T00:01:01.873204;2016-04-24T00:01:02.282366;b0b2e98b-56b9-4f81-bee9-a8265e167a49;455.0;0.106;SELL
2016-04-24T00:01:01.873363;2016-04-24T00:01:02.297992;6716e2f7-07d6-4185-a919-b6f54d6c843a;454.95;0.104;SELL
2016-04-24T00:01:01.873521;2016-04-24T00:01:02.313616;5d969500-1793-45d4-b691-2b9f4844336a;454.9;0.114;SELL
2016-04-24T00:01:01.873691;2016-04-24T00:01:02.313616;d65cfe36-8e54-4355-aa14-7b1d01f53328;454.8;0.49779527;SELL
2016-04-24T00:01:01.873855;2016-04-24T00:01:02.344866;ea3dba9b-2ea0-44fa-b0e3-4e32beaa72c0;454.79;0.75;SELL
2016-04-24T00:01:01.874019;2016-04-24T00:01:02.360491;c2266a3e-c5a3-4ea9-b299-3e0880353dc0;454.78;0.015;SELL
2016-04-24T00:01:01.874174;2016-04-24T00:01:02.360491;7a7ea00b-c7f0-4437-960c-cbf9ae7dab32;454.78;0.18;SELL
2016-04-24T00:01:01.874319;2016-04-24T00:01:02.376115;0105f26f-472d-469e-8f29-b069dddbbac4;454.77;0.015;SELL
2016-04-24T00:01:01.874476;2016-04-24T00:01:02.391741;c85e622f-af70-4364-8b86-4eb7263cdb0e;454.77;0.14;SELL
2016-04-24T00:01:01.874630;2016-04-24T00:01:02.407367;1e205990-5199-4b05-a033-f60af511ca90;454.76;0.015;SELL
2016-04-24T00:01:01.874784;2016-04-24T00:01:02.422991;d7cbfdcf-e308-4769-9adf-03740755885d;454.76;0.01;SELL
2016-04-24T00:01:01.874943;2016-04-24T00:01:02.438616;a3d82888-85d1-492e-acc6-729fe135fe91;454.76;0.408;SELL
2016-04-24T00:01:01.875105;2016-04-24T00:01:02.454240;b9af2b41-d12f-48c8-9f49-eb5d6c372f6c;454.75;0.015;SELL
2016-04-24T00:01:01.875262;2016-04-24T00:01:02.454240;aacf4290-4b98-4f20-8ee5-41f564dc85b5;454.75;0.01200861;SELL
2016-04-24T00:01:01.875417;2016-04-24T00:01:02.469865;736da828-190f-478c-9b04-f1e79955c19b;454.74;0.015;SELL
2016-04-24T00:01:01.875572;2016-04-24T00:01:02.485492;e2226079-a227-460b-a122-50904b77ecd0;454.73;0.015;SELL
2016-04-24T00:01:01.875745;2016-04-24T00:01:02.501116;0bad0a8c-78b7-46f7-92d9-15b6d76e9a2e;454.73;0.01;SELL
2016-04-24T00:01:01.875897;2016-04-24T00:01:02.516747;86ee3a70-c816-4ddd-8604-e60e44a89ed9;454.72;0.015;SELL
2016-04-24T00:01:01.876064;2016-04-24T00:01:02.532372;564d33cf-e788-4b28-8b7b-0f0fdb2eb29d;454.72;0.01;SELL
2016-04-24T00:01:01.876210;2016-04-24T00:01:02.532372;e5a12ad7-56e0-458b-aa3e-0bc227351b0f;454.71;0.015;SELL
2016-04-24T00:01:01.876342;2016-04-24T00:01:02.547997;023e28b8-82bf-4267-ac0f-7f9aa4e85481;454.71;0.54049612;SELL
2016-04-24T00:01:06.435743;2016-04-24T00:01:06.501117;10f4ea94-780f-4e7c-9554-8e91da1f8405;455.37;2.001;BUY
2016-04-24T00:01:31.685060;2016-04-24T00:01:31.735506;47155112-b21e-4786-bbe2-147d9fc97940;454.83;0.0279;BUY
2016-04-24T00:01:31.685260;2016-04-24T00:01:31.751131;82ce057c-fe0d-4d49-a470-249b28de584b;454.86;0.80556;BUY
2016-04-24T00:02:06.478587;2016-04-24T00:02:06.532399;e70f97b4-215a-4689-bdfa-d9ac50272989;454.83;0.35;BUY
2016-04-24T00:02:06.478809;2016-04-24T00:02:06.548023;f7f750de-4ea7-45cc-a503-e612c587ece0;454.86;0.2368;BUY
2016-04-24T00:02:06.553779;2016-04-24T00:02:06.610528;56ad455b-b141-43cf-874f-937b008f63cf;454.86;0.015;BUY
2016-04-24T00:02:06.560563;2016-04-24T00:02:06.641773;029217b6-8aaf-40fa-9cd9-0c7a5d94ca6f;454.86;0.0782;BUY
2016-04-24T00:02:06.917688;2016-04-24T00:02:06.969899;29783b4d-c423-4333-8ca4-d25429f7b940;454.86;1.983;BUY
2016-04-24T00:02:30.720053;2016-04-24T00:02:30.782410;474655b7-f7fa-4073-a190-3523b007bf29;454.84;0.01;BUY
2016-04-24T00:02:30.720283;2016-04-24T00:02:30.798035;552e1887-7a4a-472c-9216-655e599201bd;454.86;5.49;BUY
2016-04-24T00:02:30.720473;2016-04-24T00:02:30.813661;6015fffc-7bde-4509-8217-605fcf50546c;454.87;0.01;BUY
2016-04-24T00:02:30.720619;2016-04-24T00:02:30.829286;669c0146-2f24-4ddc-9fa9-a537ee712ae2;454.88;1.08177;BUY
2016-04-24T00:02:35.067289;2016-04-24T00:02:35.141788;eefe7e36-0b86-4e7b-9648-54053ff14d21;454.85;0.025;SELL
2016-04-24T00:02:35.131082;2016-04-24T00:02:35.204288;63b5937d-83ac-42dd-ae3e-6dc8385cbb48;454.85;0.011;SELL
2016-04-24T00:03:00.607035;2016-04-24T00:03:00.657430;f9951735-c225-4c29-8800-c5af2212e7bd;454.84;0.014;BUY
2016-04-24T00:03:00.607306;2016-04-24T00:03:00.673059;4b8da94b-849a-4d36-a20c-3b1ca14e95ee;454.84;0.31;BUY
2016-04-24T00:03:00.607503;2016-04-24T00:03:00.688688;9da8f1e2-acf0-419d-9646-0239eb4339ce;454.85;0.23489;BUY
2016-04-24T00:03:07.346814;2016-04-24T00:03:07.391808;4b369379-b5bb-4d85-80e9-9640758be584;454.84;0.569;BUY
2016-04-24T00:03:19.152065;2016-04-24T00:03:19.204316;bd1ae8dc-8815-48c8-aa69-970c7fa68599;454.84;0.89;SELL
2016-04-24T00:03:19.152304;2016-04-24T00:03:19.219941;3fab1f61-263a-4c0d-93a8-2ebd348aeef6;454.84;0.0357;SELL
2016-04-24T00:03:19.152495;2016-04-24T00:03:19.235560;bdf465d1-39a3-4dee-9669-4ac07ed24321;454.84;0.233;SELL
2016-04-24T00:03:30.557720;2016-04-24T00:03:30.610571;e0533f04-ac0b-4573-9d38-822be628ac91;454.84;1.0006;BUY
2016-04-24T00:04:00.676481;2016-04-24T00:04:00.719965;bd32b733-e5d4-4214-a9f6-900053a9f71e;454.84;0.87073;BUY
2016-04-24T00:04:07.796247;2016-04-24T00:04:07.860592;f8b79c74-65b0-469b-bc9a-a18335d779b7;454.84;1.841;BUY
2016-04-24T00:04:30.731463;2016-04-24T00:04:30.782477;37d8800d-0917-44ed-8044-47d16a698f8d;454.84;0.16804;BUY
2016-04-24T00:04:38.346846;2016-04-24T00:04:38.391855;0ada585e-cbdd-4d38-9f35-2057d6bc1a0e;454.84;10.0;BUY
2016-04-24T00:05:00.639270;2016-04-24T00:05:00.688737;9daf4450-5627-4acb-b39c-2e8f80482ae6;454.84;0.972;BUY
2016-04-24T00:05:08.170239;2016-04-24T00:05:08.235617;d4d8c7fd-71fb-40b6-b24f-ebb13ba62e37;454.84;1.871;BUY
2016-04-24T00:05:32.810011;2016-04-24T00:05:32.860632;bad306ec-be79-42a8-9f3b-acf02a8e82f3;454.84;0.24111;BUY
2016-04-24T00:06:06.220000;2016-04-24T00:06:06.266901;6ddcf8ff-4db4-4f62-b6af-8aa1e3c5629c;454.84;0.09022;BUY
2016-04-24T00:06:08.623345;2016-04-24T00:06:08.673159;af2bb54c-523d-4daa-a673-b6fd43dc0e62;454.84;1.91;BUY
2016-04-24T00:06:22.294244;2016-04-24T00:06:22.345030;0810e5c2-116e-4209-838c-33b8cb00bde5;454.84;0.955;BUY
2016-04-24T00:06:32.311480;2016-04-24T00:06:32.360671;f62fbc32-66ac-4326-837b-05e0feff85f9;454.84;0.25;BUY
2016-04-24T00:07:00.639790;2016-04-24T00:07:00.688804;45a006e1-7d00-4fa7-b47a-15446e0d12e7;454.83;0.015;SELL
2016-04-24T00:07:00.640039;2016-04-24T00:07:00.704425;15ede865-f5e6-4537-8e30-f07ebecb3dee;454.83;0.11926;SELL
2016-04-24T00:07:09.274000;2016-04-24T00:07:09.313808;e5cf9ce3-3144-4613-a505-9abfdea824e3;454.84;1.836;BUY
2016-04-24T00:07:31.820109;2016-04-24T00:07:31.860694;bf8e047a-0f06-4240-ab25-f4a8c84c5bec;454.84;1.11451;BUY
2016-04-24T00:08:00.668612;2016-04-24T00:08:00.735705;d46a5e72-ef6c-421e-ab9c-836322ee4c67;454.84;1.83824;BUY
2016-04-24T00:08:09.721663;2016-04-24T00:08:09.766925;80606f0c-37b9-4fb5-a991-e0abd187e26d;454.84;1.458;BUY
2016-04-24T00:08:26.400390;2016-04-24T00:08:26.438844;b78aefe5-7ef1-49df-9ddf-7a58d9dadadc;454.84;21.30485;BUY
2016-04-24T00:08:26.400611;2016-04-24T00:08:26.454467;6730425c-851e-439a-ba5a-a0f735540301;454.84;0.01;BUY
2016-04-24T00:08:26.400792;2016-04-24T00:08:26.470093;49e54771-7f80-4e82-8692-61e96c5c466e;454.84;0.07026416;BUY
2016-04-24T00:08:30.688823;2016-04-24T00:08:30.766976;45c780bf-21d8-40f6-8116-56c6e870b301;454.84;0.8682;BUY
2016-04-24T00:08:52.518464;2016-04-24T00:08:52.563862;34098474-b857-42a4-8983-39f2b534dba0;454.84;0.2218;BUY
2016-04-24T00:08:52.560714;2016-04-24T00:08:52.610732;683e5aa5-c32b-4ff6-826b-f4fa44f26779;454.84;0.1;BUY
2016-04-24T00:08:52.585001;2016-04-24T00:08:52.657607;74c12db3-d9c8-415d-995b-bc8947fc86b6;454.84;0.015;BUY
2016-04-24T00:08:52.588784;2016-04-24T00:08:52.673233;b8b54bda-1887-43c4-b492-e29cedbf5e2a;454.84;0.02860706;BUY
2016-04-24T00:08:52.599728;2016-04-24T00:08:52.688854;4c26eb1b-e4f5-4020-adf2-b99a6ce3bfcc;454.84;0.16359294;BUY
2016-04-24T00:08:52.599999;2016-04-24T00:08:52.704483;a6214253-c048-4f62-acfc-f966321930fe;454.84;1.03640706;BUY
2016-04-24T00:08:52.641998;2016-04-24T00:08:52.766983;d6433bc0-a314-4baf-b1ce-3701eb1d0813;454.84;0.1078;BUY
2016-04-24T00:08:53.094583;2016-04-24T00:08:53.188858;11905a01-60b6-4b92-bb14-40179452c81c;454.84;0.0795;BUY
2016-04-24T00:08:53.098928;2016-04-24T00:08:53.204483;87515020-939e-4aa9-a030-296fefd6faa8;454.84;0.2464;BUY
2016-04-24T00:08:53.121437;2016-04-24T00:08:53.266982;301b5466-b926-4625-99c3-592c106f2c7a;454.85;0.0518;BUY
2016-04-24T00:08:53.142020;2016-04-24T00:08:53.298235;6fccaaf3-3ee9-42b7-bf79-765564da36ff;454.84;1.34869294;BUY
2016-04-24T00:09:10.116142;2016-04-24T00:09:10.157617;e85dc2a0-03e8-41a7-bedd-c1ce01f956e2;454.84;0.547;BUY
2016-04-24T00:09:10.116340;2016-04-24T00:09:10.173241;df464218-2f39-4b9c-a10c-317ad4a43506;454.84;1.492;BUY
2016-04-24T00:09:34.617323;2016-04-24T00:09:34.673252;3f0f2bad-4659-4236-9f99-85bff021560e;454.84;0.35471;BUY
2016-04-24T00:10:00.438851;2016-04-24T00:10:00.470145;a233403d-f7cb-4016-8cb7-7970a2dd51e4;454.86;0.025;BUY
2016-04-24T00:10:00.439121;2016-04-24T00:10:00.501390;320151f1-4e92-41f5-9520-0dde55793834;454.86;0.115;BUY
2016-04-24T00:10:00.439385;2016-04-24T00:10:00.501390;e6b5b26e-98a9-4c22-87c2-501d567f647e;454.86;0.15307911;BUY
2016-04-24T00:10:00.452282;2016-04-24T00:10:00.532640;e55c6dba-cb70-41a9-9921-fc69ed65ef7d;454.86;0.01737589;BUY
2016-04-24T00:10:00.569077;2016-04-24T00:10:00.626391;0329f4ca-d8d3-4fcd-9e2a-cfca60f34d18;454.86;0.224379;BUY
2016-04-24T00:10:00.569260;2016-04-24T00:10:00.642016;74d9fa3f-a85e-4842-bd63-b41dc86b6a53;454.87;0.025;BUY
2016-04-24T00:10:00.569661;2016-04-24T00:10:00.657641;23d9eebb-ebc4-4617-a702-7f2b87787490;454.89;0.57;BUY
2016-04-24T00:10:00.569840;2016-04-24T00:10:00.673266;5a6f467c-ee06-4343-a574-1bb60c579f88;454.9;0.0200022;BUY
2016-04-24T00:10:00.570029;2016-04-24T00:10:00.688891;db65a650-c612-4aa6-96b5-2a8b5300a269;454.9;0.0115;BUY
2016-04-24T00:10:00.570204;2016-04-24T00:10:00.704516;60e1a8c3-1649-4307-ac9c-3d1f4015f81d;454.93;2.61;BUY
2016-04-24T00:10:00.570359;2016-04-24T00:10:00.720142;3449c62c-79ff-43ff-91ce-dbce51f395bc;454.94;0.01;BUY
2016-04-24T00:10:00.570746;2016-04-24T00:10:00.735767;5e145f76-812c-4ecb-a800-651b57bc1ed7;454.94;0.025;BUY
2016-04-24T00:10:00.570916;2016-04-24T00:10:00.735767;f56b99de-8f3c-4315-a234-0c920330841f;454.94;0.7;BUY
2016-04-24T00:10:00.571206;2016-04-24T00:10:00.751391;cc0254fa-1489-41e3-b3c8-e198300477bd;454.95;0.229;BUY
2016-04-24T00:10:00.571414;2016-04-24T00:10:00.767018;4bbbddcf-7cce-4ac4-8357-b746f4a7caea;454.96;0.9082188;BUY
2016-04-24T00:10:00.622041;2016-04-24T00:10:00.813892;659fde7d-de94-4105-a3c3-d9329c3cc33c;454.96;0.029545;BUY
2016-04-24T00:10:00.908588;2016-04-24T00:10:01.001391;4d6ddd2c-71b4-4076-a82b-1b1b1b1136b9;454.84;0.01;SELL
2016-04-24T00:10:00.908787;2016-04-24T00:10:01.017017;08d4be8b-023d-4505-a66f-328f13c216ef;454.84;0.0313;SELL
2016-04-24T00:10:00.908955;2016-04-24T00:10:01.032643;4a0a6d70-0d85-41e2-8ed5-302e0fdb6e72;454.83;0.20574;SELL
2016-04-24T00:10:00.909127;2016-04-24T00:10:01.048267;0fc78559-f214-4f53-8544-d09d3515004f;454.83;0.18;SELL
2016-04-24T00:10:00.909288;2016-04-24T00:10:01.048267;68d1a6ad-d5ba-4d8b-9446-05d633c261ce;454.83;0.01;SELL
2016-04-24T00:10:00.909612;2016-04-24T00:10:01.063892;403415df-1ca0-4903-b6ae-7be222d2fec4;454.83;0.01;SELL
2016-04-24T00:10:00.909823;2016-04-24T00:10:01.079515;b6387dcf-357a-4376-b67f-b197cc507136;454.83;0.051799;SELL
2016-04-24T00:10:00.910017;2016-04-24T00:10:01.095142;d0b07300-8239-4657-bc23-4deb352b9213;454.82;0.015;SELL
2016-04-24T00:10:00.910183;2016-04-24T00:10:01.110769;946c92d7-9562-474d-b35a-d3fd9ce435e4;454.81;0.015;SELL
2016-04-24T00:10:00.910500;2016-04-24T00:10:01.126393;40419b2a-e7e4-4638-886b-95ccd150f63b;454.8;0.015;SELL
2016-04-24T00:10:00.910683;2016-04-24T00:10:01.142018;d87445ed-e8c1-45a4-8a11-cdce7a0919f4;454.79;0.015;SELL
2016-04-24T00:10:00.910911;2016-04-24T00:10:01.157643;0e67b4eb-c771-4033-a61a-a1891d04b380;454.78;0.001061;SELL
2016-04-24T00:10:10.472486;2016-04-24T00:10:10.532646;d8ae041a-b7f7-491b-a56c-d7a23fe4cb4e;454.86;0.051799;BUY
2016-04-24T00:10:10.472700;2016-04-24T00:10:10.532646;cb32fdbe-468e-4fa7-b0c7-b73616e140f2;454.86;0.07;BUY
2016-04-24T00:10:10.472878;2016-04-24T00:10:10.548272;5a326d5b-cd1f-4463-aa6b-1bf270653505;454.86;0.457;BUY
2016-04-24T00:10:10.473054;2016-04-24T00:10:10.563898;bea28010-2c34-483b-ab70-f2405388a9cf;454.86;0.01;BUY
2016-04-24T00:10:30.749298;2016-04-24T00:10:30.798285;a01e7919-fd33-4110-810c-09443560f401;454.93;0.025;BUY
2016-04-24T00:10:30.749490;2016-04-24T00:10:30.813905;3eb79d47-b339-46a4-b27f-fb393190743d;454.93;0.07;BUY
2016-04-24T00:10:30.749683;2016-04-24T00:10:30.829531;c06f29b9-3a3a-4a49-8e50-9f7cde798613;454.93;0.113;BUY
2016-04-24T00:10:30.749867;2016-04-24T00:10:30.845163;49cc1f0c-2a16-46f0-a6d6-ddf92ab4ed43;454.94;0.025;BUY
2016-04-24T00:10:30.750040;2016-04-24T00:10:30.860788;da431434-3786-4483-bae3-62598824bd90;454.95;0.025;BUY
2016-04-24T00:10:30.750177;2016-04-24T00:10:30.876413;328ba461-4027-4d20-ae29-31bc7edd897e;454.98;0.16041;BUY
2016-04-24T00:10:51.516473;2016-04-24T00:10:51.563923;95b4b205-12f6-435d-91c3-7c93fc4b8001;454.99;0.024;BUY
2016-04-24T00:11:00.645286;2016-04-24T00:11:00.673300;350c6566-10e5-44f5-af2e-403b7b40718a;455.0;0.0200022;BUY
2016-04-24T00:11:00.645467;2016-04-24T00:11:00.688920;57926f45-a9f9-42ef-aff1-b94bb75ca169;455.0;0.073;BUY
2016-04-24T00:11:00.645655;2016-04-24T00:11:00.704547;499c9db6-4b41-4abe-840c-a489cf40f756;455.0;0.06;BUY
2016-04-24T00:11:00.645818;2016-04-24T00:11:00.720163;2b73ae9c-c967-412f-820d-62888ad572d0;455.02;0.01;BUY
2016-04-24T00:11:00.645986;2016-04-24T00:11:00.735796;7f4f9402-cdff-4db0-b4fd-84db5e1619cf;455.05;0.098;BUY
2016-04-24T00:11:00.646123;2016-04-24T00:11:00.782672;3b7c8ec0-d9b2-497e-bd8f-e39520ee5b94;455.09;0.0933778;BUY
2016-04-24T00:11:10.859476;2016-04-24T00:11:10.923302;114a6362-8408-4b85-818b-bacb34ed0b01;455.02;0.06;BUY
2016-04-24T00:11:10.859638;2016-04-24T00:11:10.923302;622cbc08-cc7e-43d6-8337-b059c56e1e6b;455.02;0.01;BUY
2016-04-24T00:11:10.859810;2016-04-24T00:11:10.938927;87dff5c4-d197-4e1d-9758-e4a8b74b91fc;455.02;0.091;BUY
2016-04-24T00:11:11.919651;2016-04-24T00:11:11.954553;6a9c2eeb-77a3-4ab3-aad1-d388ae563cb4;455.07;0.094;BUY
2016-04-24T00:11:30.684716;2016-04-24T00:11:30.720187;3ce82959-7b38-4a6b-9bb3-6bc8dfc53daf;455.09;0.01;SELL
2016-04-24T00:11:30.684942;2016-04-24T00:11:30.767066;369ef7e1-a90a-452e-bda6-a2579d4345f3;455.09;0.0374;SELL
2016-04-24T00:11:30.685167;2016-04-24T00:11:30.782687;3260a052-04dd-4adf-8900-44a042dfd12f;455.08;0.01;SELL
2016-04-24T00:11:30.685314;2016-04-24T00:11:30.798313;f3bf5e58-0465-4139-a9c7-06b32b4ab006;455.07;0.63375;SELL
2016-04-24T00:11:31.247162;2016-04-24T00:11:31.298313;46d18381-9208-4e50-b7d7-70a983ad8cef;455.1;0.0200022;BUY
2016-04-24T00:11:31.247432;2016-04-24T00:11:31.313937;01b5e7f3-8351-4039-b8ca-3ac57c9fc182;455.1;0.03;BUY
2016-04-24T00:11:32.227930;2016-04-24T00:11:32.267063;de58c492-cb5d-49fd-bea4-eaf5c35644d2;455.13;0.01;BUY
2016-04-24T00:11:32.228110;2016-04-24T00:11:32.282689;ff3524ec-faa4-4f08-bc1a-eeb4d64e2e26;455.13;0.03;BUY
2016-04-24T00:11:32.228267;2016-04-24T00:11:32.298313;934a53ea-f060-4559-be9a-545092dabad9;455.13;0.445;BUY
2016-04-24T00:11:36.133303;2016-04-24T00:11:36.157695;b3011026-481d-4b87-9867-4c0181143666;455.17;0.01;BUY
2016-04-24T00:11:51.604907;2016-04-24T00:11:51.657697;dddd33ef-4b1d-426e-af29-d1c2453f494e;455.18;0.01;BUY
2016-04-24T00:11:51.605415;2016-04-24T00:11:51.673322;1a9f597d-682d-40c6-9922-8321a1138ccd;455.18;0.082;BUY
2016-04-24T00:11:52.487576;2016-04-24T00:11:52.517078;22947b18-4da2-453e-aff2-99a3a09e3261;455.2;0.02;BUY
2016-04-24T00:12:00.731534;2016-04-24T00:12:00.767083;c81ee6cb-b770-4269-9641-771aa3e76965;455.24;0.025;BUY
2016-04-24T00:12:00.731698;2016-04-24T00:12:00.782703;37090c0e-3bff-4ce5-8054-01fe08f961b3;455.24;0.01;BUY
2016-04-24T00:12:00.731877;2016-04-24T00:12:00.798329;72a5ae5d-016d-47bc-8df6-ad86829af1ae;455.24;0.127;BUY
2016-04-24T00:12:00.732046;2016-04-24T00:12:00.813953;809547bf-abcc-44ae-b810-7d273a12b91a;455.25;0.01;BUY
2016-04-24T00:12:00.732200;2016-04-24T00:12:00.829579;673c92d7-6bb7-4e53-877b-9e37920f6b68;455.29;0.073;BUY
2016-04-24T00:12:00.732349;2016-04-24T00:12:00.860828;84ba2b77-0649-4c92-b00e-c8620b245afc;455.3;0.02000264;BUY
2016-04-24T00:12:00.732497;2016-04-24T00:12:00.860828;07dbd61a-a650-4ee7-aa2a-f3820ac37ed6;455.32;0.01;BUY
2016-04-24T00:12:00.732630;2016-04-24T00:12:00.876452;55547da4-4a81-4992-bd0e-3c79bf760dc8;455.38;0.37216736;BUY
2016-04-24T00:12:11.245966;2016-04-24T00:12:11.282713;8c425b10-f009-43ea-a354-a725a16f37da;455.36;0.01;BUY
2016-04-24T00:12:11.246208;2016-04-24T00:12:11.298333;ea6228be-38dc-4d2c-8aab-520561c01ead;455.37;0.01;BUY
2016-04-24T00:12:11.907200;2016-04-24T00:12:11.985832;3129b53f-3b80-4e24-86af-06f0d642ba24;455.38;2.045;BUY
2016-04-24T00:12:12.775703;2016-04-24T00:12:12.798333;5c879b1e-ce35-45fd-8236-192abee8e128;455.38;1.45483264;BUY
2016-04-24T00:12:12.775874;2016-04-24T00:12:12.829582;16c91263-c514-49b4-8a1a-1858786c3ddd;455.38;0.01;BUY
2016-04-24T00:12:30.710300;2016-04-24T00:12:30.751468;331cf106-f09d-4fac-bd53-5f91b393b92a;455.39;0.01334;SELL
2016-04-24T00:12:30.710523;2016-04-24T00:12:30.767098;97676709-4db6-4db9-9ef1-d6a5bb7cc170;455.38;0.29916736;SELL
2016-04-24T00:12:30.710735;2016-04-24T00:12:30.782722;fc8dbdf3-835a-4700-a428-a57cc213cb45;455.37;1.41859264;SELL
2016-04-24T00:12:31.660096;2016-04-24T00:12:31.704597;c6c6a13f-a6ad-48a6-956a-acecd0a06e48;455.4;0.0200022;BUY
2016-04-24T00:12:52.015669;2016-04-24T00:12:52.063979;11639895-9d26-4037-8dcb-cd2c074c61b2;455.42;0.01;BUY
2016-04-24T00:12:52.015892;2016-04-24T00:12:52.079605;aac771f0-8afb-4856-b07d-3d619fc6786a;455.42;0.01;BUY
2016-04-24T00:13:00.980376;2016-04-24T00:13:01.017115;18f47dfd-eb1e-4e75-af96-52c2971daac7;455.43;0.025;BUY
2016-04-24T00:13:00.980571;2016-04-24T00:13:01.032734;5a9a2809-2436-419a-9954-c0cb75b8f094;455.43;0.01;BUY
2016-04-24T00:13:00.980747;2016-04-24T00:13:01.048359;711cfb4a-9c90-45fb-a00c-9164ec13bd70;455.43;0.123;BUY
2016-04-24T00:13:00.980930;2016-04-24T00:13:01.063984;cd2cbaae-bfa5-4b4a-95d7-4827530d103a;455.47;0.025;BUY
2016-04-24T00:13:00.981128;2016-04-24T00:13:01.079609;10e50ea9-c63b-466b-964f-5a7080c47a43;455.48;0.077;BUY
2016-04-24T00:13:00.981296;2016-04-24T00:13:01.110859;861f8a55-d2cd-456a-be81-7f91973e7559;455.49;0.025;BUY
2016-04-24T00:13:00.981458;2016-04-24T00:13:01.110859;0537613f-114f-4c1f-9dab-d493fac495da;455.5;0.01200861;BUY
2016-04-24T00:13:00.981628;2016-04-24T00:13:01.126483;6d36f3f1-e6ad-4bcf-bae3-1c8075579ecf;455.5;0.02000242;BUY
2016-04-24T00:13:00.981798;2016-04-24T00:13:01.142110;2bd0eb07-0b6c-49c8-b558-3a68158e4608;455.51;0.025;BUY
2016-04-24T00:13:00.981989;2016-04-24T00:13:01.157739;2ebf27c0-133f-4d51-b318-f9405d23a54e;455.52;0.01;BUY
2016-04-24T00:13:00.982156;2016-04-24T00:13:01.173360;1228165e-1726-40ce-883b-d3ec20d38d13;455.52;0.025;BUY
2016-04-24T00:13:00.982310;2016-04-24T00:13:01.188983;0fb42d30-cef1-4b74-ae44-34ce4e7ea487;455.53;0.025;BUY
2016-04-24T00:13:00.982480;2016-04-24T00:13:01.204609;7f5cbb6c-6f2f-450e-a146-863b3827ed67;455.53;0.106;BUY
2016-04-24T00:13:00.982643;2016-04-24T00:13:01.235859;eb9b15a3-134e-4c0e-8fd3-8d8bbf798fa4;455.54;2.80114;BUY
2016-04-24T00:13:00.982805;2016-04-24T00:13:01.251484;388d3839-cf15-45c7-a496-9e37cbe8976f;455.54;0.025;BUY
2016-04-24T00:13:00.983000;2016-04-24T00:13:01.267110;6d2714fe-a397-40a1-a894-d3c8db322a50;455.55;0.716;BUY
2016-04-24T00:13:00.983161;2016-04-24T00:13:01.282735;13d56b0d-aafc-4130-b892-876491bf4de6;455.55;0.025;BUY
2016-04-24T00:13:00.983342;2016-04-24T00:13:01.298359;c8b74193-ecea-46f0-becc-ac160c31d75a;455.55;0.025;BUY
2016-04-24T00:13:00.983498;2016-04-24T00:13:01.298359;724f823c-bfa0-42d3-90eb-8d09cd0d7d87;455.56;0.025;BUY
2016-04-24T00:13:00.983651;2016-04-24T00:13:01.313984;f92f08ae-0ba1-41ba-908c-ebb7bb8382d9;455.56;0.025;BUY
2016-04-24T00:13:00.983805;2016-04-24T00:13:01.329610;57cda5e6-5525-48e5-b1e8-58c36903caca;455.56;0.025;BUY
2016-04-24T00:13:00.983991;2016-04-24T00:13:01.345234;ea589c4b-c47e-4ece-983c-b8cee6ceead8;455.56;0.025;BUY
2016-04-24T00:13:00.984177;2016-04-24T00:13:01.376484;350f042f-3bb0-47e7-aa26-da60dfd4174d;455.57;0.025;BUY
2016-04-24T00:13:00.984332;2016-04-24T00:13:01.376484;258b0bcc-6830-4c2a-8887-5fe9d9a5ba39;455.57;0.025;BUY
2016-04-24T00:13:00.984484;2016-04-24T00:13:01.392109;2f8c4884-9cef-4e07-87f4-912f8ad243c7;455.57;0.025;BUY
2016-04-24T00:13:00.984643;2016-04-24T00:13:01.407735;698ca5b1-331b-4f16-a1ff-6ee8b08b8d42;455.57;1.34049612;BUY
2016-04-24T00:13:00.984803;2016-04-24T00:13:01.423360;94bf2a42-2d1b-4a2c-85e7-79fa7ccdc757;455.57;0.2;BUY
2016-04-24T00:13:00.984962;2016-04-24T00:13:01.438985;66877f23-fd23-48f4-881f-0d7b40360fe7;455.58;0.025;BUY
2016-04-24T00:13:00.985141;2016-04-24T00:13:01.454608;fb2d9c45-9286-46bf-a997-a28b52c921a2;455.58;0.025;BUY
2016-04-24T00:13:00.985295;2016-04-24T00:13:01.454608;77f3e93e-00dd-477b-b454-829eee65abc7;455.58;0.025;BUY
2016-04-24T00:13:00.985445;2016-04-24T00:13:01.470233;0012c0e1-2228-486c-9bba-f1d4b7a456da;455.58;0.39050285;BUY
2016-04-24T00:13:12.819738;2016-04-24T00:13:12.860865;122b27da-7cda-4318-b51e-7a529d13dab2;455.57;1.939;BUY
2016-04-24T00:14:01.176954;2016-04-24T00:14:01.204644;c0ed1087-9b98-4dae-a24a-4fbacb70f101;455.58;0.0418;BUY
2016-04-24T00:14:01.177200;2016-04-24T00:14:01.235886;e036aeca-1877-4e6a-8dc3-606fb5d2f92c;455.58;0.112;BUY
2016-04-24T00:14:01.177391;2016-04-24T00:14:01.251516;732e52cc-2e12-497f-b888-5a2f91e54ba1;455.59;0.025;BUY
2016-04-24T00:14:01.177539;2016-04-24T00:14:01.267140;f93c1072-1f5f-46fb-b35d-3c6c3a7e68b8;455.59;0.025;BUY
2016-04-24T00:14:01.177694;2016-04-24T00:14:01.282766;1c58a562-dc40-4794-945e-134f5de511c0;455.59;0.01;BUY
2016-04-24T00:14:01.177852;2016-04-24T00:14:01.282766;f1bb3c87-a74b-4484-addb-baed96c99bf9;455.6;0.02;BUY
2016-04-24T00:14:01.178019;2016-04-24T00:14:01.298389;9304170e-95cb-4d7f-b135-7b70f45d22ff;455.6;0.025;BUY
2016-04-24T00:14:01.178168;2016-04-24T00:14:01.314015;01d33102-f646-4812-9c82-7e91e26e7c2b;455.6;0.025;BUY
2016-04-24T00:14:01.178312;2016-04-24T00:14:01.329640;459b1b11-8b16-45d7-bf41-00e47105df39;455.6;0.025;BUY
2016-04-24T00:14:01.178451;2016-04-24T00:14:01.345265;8ff2a9ad-3203-45da-904e-e3cdefa5bcbf;455.6;0.025;BUY
2016-04-24T00:14:01.178586;2016-04-24T00:14:01.360891;27ec70b2-5677-481a-8718-750895c41628;455.6;0.28182;BUY
2016-04-24T00:14:06.373844;2016-04-24T00:14:06.407768;3b659e7d-6d3c-48e8-a6ab-581730db13ac;455.58;0.03;BUY
2016-04-24T00:14:28.235487;2016-04-24T00:14:28.282775;f3a6b49e-8d4e-4217-9d8b-7bf818565c81;455.6;0.01;BUY
2016-04-24T00:14:28.235692;2016-04-24T00:14:28.298404;a7b57a06-d4c1-410f-80dc-196622d507ca;455.6;0.027;BUY
2016-04-24T00:14:30.890182;2016-04-24T00:14:30.923409;7ab8bdab-e840-4af7-bbec-6b40f08ac813;455.6;0.01;BUY
2016-04-24T00:14:30.890408;2016-04-24T00:14:30.954655;39533f4d-93ba-43e5-b5f9-5e71a865b665;455.6;0.096;BUY
2016-04-24T00:14:30.890577;2016-04-24T00:14:30.970280;560086ee-6082-4496-a316-32b02b02afde;455.61;0.025;BUY
2016-04-24T00:14:30.890748;2016-04-24T00:14:30.985905;c96acc8f-f0a4-4357-bb9f-603a14dd48db;455.61;0.025;BUY
2016-04-24T00:14:30.890912;2016-04-24T00:14:30.985905;15a50b8c-f97a-43b7-b6ba-235d9d8b8f9a;455.62;0.025;BUY
2016-04-24T00:14:30.891328;2016-04-24T00:14:31.001530;9ed9218d-1137-4edd-9df1-a4bb3b537db0;455.62;0.025;BUY
2016-04-24T00:14:30.891500;2016-04-24T00:14:31.017155;51057b04-7199-4288-bc77-ca1dee2ec811;455.62;0.025;BUY
2016-04-24T00:14:30.891663;2016-04-24T00:14:31.032780;82c34a55-b8fd-4cba-a5af-035e8d9da220;455.63;0.025;BUY
2016-04-24T00:14:30.891824;2016-04-24T00:14:31.048405;52b2802b-9638-4439-9eca-6f75fc1e2f04;455.63;0.025;BUY
2016-04-24T00:14:30.892511;2016-04-24T00:14:31.064030;c6259730-a819-4374-983c-516b5a32b7d2;455.63;0.025;BUY
2016-04-24T00:14:30.892692;2016-04-24T00:14:31.079655;b40891d7-3a88-4cac-99ea-3c45b9e8923b;455.63;0.025;BUY
2016-04-24T00:14:30.892860;2016-04-24T00:14:31.095280;86566b3a-edd5-4bc8-9b91-006d57202426;455.64;0.01;BUY
2016-04-24T00:14:30.893172;2016-04-24T00:14:31.126531;d8822243-1418-4d84-a657-4d63f0749933;455.64;0.025;BUY
2016-04-24T00:14:30.893333;2016-04-24T00:14:31.142156;3b2f9da1-78ec-4078-9da3-15021fbbb7ee;455.64;0.025;BUY
2016-04-24T00:14:30.893512;2016-04-24T00:14:31.157779;66a7d452-0d36-46bf-a3a8-a1a0ca05bb4b;455.64;0.025;BUY
2016-04-24T00:14:30.893669;2016-04-24T00:14:31.173405;f3edcab5-8f27-4ce5-a515-3ac2167cf6b9;455.65;0.025;BUY
2016-04-24T00:14:30.893827;2016-04-24T00:14:31.189031;ac7eb498-b5b4-4638-b17e-eedcdfedee49;455.65;0.025;BUY
2016-04-24T00:14:30.894236;2016-04-24T00:14:31.204656;b4141cb3-eb24-43ad-898a-529955848fe0;455.65;0.025;BUY
2016-04-24T00:14:30.894443;2016-04-24T00:14:31.220280;bba354f1-e0b6-4474-8459-b67c21953e2c;455.65;0.025;BUY
2016-04-24T00:14:30.894714;2016-04-24T00:14:31.235904;5d83deeb-d239-49f6-821d-6690bc31dcb8;455.66;0.025;BUY
2016-04-24T00:14:30.894879;2016-04-24T00:14:31.251529;dab62c95-374f-4a14-ab51-18a787e3df0a;455.66;0.025;BUY
2016-04-24T00:14:30.895047;2016-04-24T00:14:31.267156;d16ddb1f-e25b-4757-921c-57cafdfed3e5;455.66;0.025;BUY
2016-04-24T00:14:30.895297;2016-04-24T00:14:31.267156;64ab4fc0-92b2-42e2-a349-8c19933bec03;455.66;0.025;BUY
2016-04-24T00:14:30.895466;2016-04-24T00:14:31.282780;09bb68f1-8c4b-4755-9a18-80e156f065de;455.67;0.025;BUY
2016-04-24T00:14:30.895636;2016-04-24T00:14:31.298406;4e5ccb5c-48ec-4114-b643-fb7a3006e766;455.67;0.025;BUY
2016-04-24T00:14:30.895798;2016-04-24T00:14:31.314029;d706ac90-adea-411b-846e-b4c10b74bff5;455.68;0.01000264;BUY
2016-04-24T00:14:30.895955;2016-04-24T00:14:31.329656;4dccc709-41cc-4af0-b90f-8b58b6c53207;455.68;0.025;BUY
2016-04-24T00:14:30.896376;2016-04-24T00:14:31.345280;305ec0f5-1f60-44db-8a0b-2f4e4ca4c8eb;455.68;0.025;BUY
2016-04-24T00:14:30.896546;2016-04-24T00:14:31.360905;ba3935bc-f368-4b0f-bcb3-ef0963790d8e;455.69;0.025;BUY
2016-04-24T00:14:30.896717;2016-04-24T00:14:31.376530;d9b056cc-6ab3-4820-8dfd-1bc760ac6327;455.69;0.00967736;BUY
2016-04-24T00:15:01.876862;2016-04-24T00:15:01.923420;99c5f88f-5448-45c8-95e6-ddfde15e0930;455.59;0.011;SELL
2016-04-24T00:15:01.877144;2016-04-24T00:15:01.939044;65f145cd-743e-43ee-a6f8-642aadf61207;455.59;0.01000461;SELL
2016-04-24T00:15:01.877340;2016-04-24T00:15:01.954670;ae29df6e-4445-40bd-8fb2-65522098bcad;455.58;0.011;SELL
2016-04-24T00:15:01.877512;2016-04-24T00:15:01.985921;e331489e-a53c-4df4-af8a-ae574ab07bef;455.57;0.01;SELL
2016-04-24T00:15:01.877673;2016-04-24T00:15:01.985921;092e83c1-6c17-4e2f-b6eb-9d2ceae1acd4;455.56;0.011;SELL
2016-04-24T00:15:01.877831;2016-04-24T00:15:02.001547;bd26ec60-ea1c-47f6-82f7-29e9be670651;455.55;0.0125;SELL
2016-04-24T00:15:01.878000;2016-04-24T00:15:02.017172;1fe7c760-b6c2-4398-b1ae-b5546b192d94;455.55;0.011;SELL
2016-04-24T00:15:01.878159;2016-04-24T00:15:02.032797;750954e1-b250-4c6d-96c6-4ac345ef5f04;455.55;0.081;SELL
2016-04-24T00:15:01.878317;2016-04-24T00:15:02.048422;b091a864-bf4d-4067-989c-f6768c43a505;455.54;0.011;SELL
2016-04-24T00:15:01.878479;2016-04-24T00:15:02.064047;afe821e3-07a8-4d50-b10f-34c4ad8d9b00;455.53;0.01;SELL
2016-04-24T00:15:01.878636;2016-04-24T00:15:02.079671;3fe13b18-dac7-4df2-8110-8bb82a36b844;455.52;0.01;SELL
2016-04-24T00:15:01.878799;2016-04-24T00:15:02.095297;b5f549c5-56a5-4c4c-8a6c-e830b094061a;455.51;0.01;SELL
2016-04-24T00:15:01.878949;2016-04-24T00:15:02.110921;3ae718af-dd5d-4e22-bad3-a0e9a25e0214;455.5;0.01;SELL
2016-04-24T00:15:01.879113;2016-04-24T00:15:02.126546;3a9e7b09-39a6-44f8-811c-268badc98b83;455.5;0.0200022;SELL
2016-04-24T00:15:01.879268;2016-04-24T00:15:02.142172;f84a815f-c284-427d-b1e9-e69857b37b71;455.5;0.091;SELL
2016-04-24T00:15:01.879424;2016-04-24T00:15:02.157795;035351e9-3e13-4eb9-9749-5a7f8d281fd8;455.49;0.011;SELL
2016-04-24T00:15:01.879579;2016-04-24T00:15:02.189046;aa7fa300-68ca-4bd0-9913-9a0fd35bd28a;455.49;0.446025;SELL
2016-04-24T00:15:01.879735;2016-04-24T00:15:02.204671;b5dcff6b-ecbe-492b-855a-97e3c5bbd5d5;455.48;0.011;SELL
2016-04-24T00:15:01.879907;2016-04-24T00:15:02.220297;4aafbdef-e7e8-4de4-9537-f014a13b2e3a;455.47;0.011;SELL
2016-04-24T00:15:01.880079;2016-04-24T00:15:02.235921;b20ced30-e200-4e8e-8461-112a1b758989;455.46;0.011;SELL
2016-04-24T00:15:01.880232;2016-04-24T00:15:02.251546;d51d5717-e6fd-4d8e-845b-b3c87bbc3af9;455.45;0.011;SELL
2016-04-24T00:15:01.880399;2016-04-24T00:15:02.267171;a9fc6f99-9121-4a86-8bdd-afbf2f05e838;455.44;0.011;SELL
2016-04-24T00:15:01.880558;2016-04-24T00:15:02.282797;3a463486-4a18-44bf-b624-da908acdd0b5;455.43;0.015;SELL
2016-04-24T00:15:01.880741;2016-04-24T00:15:02.298421;e9200b3a-9f86-4923-954a-6f603d3a3d8e;455.42;0.015;SELL
2016-04-24T00:15:01.880903;2016-04-24T00:15:02.298421;15436668-ce1d-4336-8084-f09d0b0e1b6f;455.41;0.01;SELL
2016-04-24T00:15:01.881073;2016-04-24T00:15:02.329672;1a31747a-3525-4fe8-9a20-f9a1f158d396;455.41;0.01;SELL
2016-04-24T00:15:01.881224;2016-04-24T00:15:02.329672;4dcd0fc0-dfed-4710-a6be-dae57e0e93c6;455.4;0.01;SELL
2016-04-24T00:15:01.881388;2016-04-24T00:15:02.345297;4e36eea4-8aeb-4dc4-a28d-e9fb3b90b367;455.4;0.02000462;SELL
2016-04-24T00:15:01.881541;2016-04-24T00:15:02.360922;b49ac8b8-ffe4-4582-ad1d-daa956ffd315;455.39;0.01;SELL
2016-04-24T00:15:01.881700;2016-04-24T00:15:02.376546;00d729b5-7193-4458-925a-3363d6c7aa4d;455.38;0.01;SELL
2016-04-24T00:15:01.881871;2016-04-24T00:15:02.407796;08d80797-9f1a-49bb-b601-bd4276e26b5d;455.37;0.01;SELL
2016-04-24T00:15:01.882045;2016-04-24T00:15:02.423422;ae3ddca6-4db9-40da-b0fe-22a13e7abbc8;455.36;0.01;SELL
2016-04-24T00:15:01.882202;2016-04-24T00:15:02.439046;9b86a56b-a07c-4cdc-93de-930663647599;455.35;0.01;SELL
2016-04-24T00:15:01.882367;2016-04-24T00:15:02.454671;c3966cb7-ddaa-4780-9895-295d0ea4d498;455.34;0.01;SELL
2016-04-24T00:15:01.882525;2016-04-24T00:15:02.470296;0a9cae98-619a-4dc9-8bd4-93cf36214e60;455.33;0.01;SELL
2016-04-24T00:15:01.882672;2016-04-24T00:15:02.485922;d257820b-e014-489d-a138-b23fe8855260;455.32;0.015;SELL
2016-04-24T00:15:01.882826;2016-04-24T00:15:02.501547;8e6d2c27-7126-4148-9840-1cee4de3a168;455.32;0.18;SELL
2016-04-24T00:15:01.883000;2016-04-24T00:15:02.517172;94604ef3-3304-43d4-865d-ee89a74997a4;455.31;0.015;SELL
2016-04-24T00:15:01.883161;2016-04-24T00:15:02.532798;9e90c857-72ae-4e52-bf41-9069dbbb6177;455.31;0.2;SELL
2016-04-24T00:15:01.883316;2016-04-24T00:15:02.548421;988c9d52-2f4d-4e29-be20-18f71bf0b653;455.3;0.0200044;SELL
2016-04-24T00:15:01.883457;2016-04-24T00:15:02.564046;52abca23-cf32-444e-96b3-d2c020d10024;455.3;0.62602917;SELL
2016-04-24T00:15:30.810734;2016-04-24T00:15:30.845314;5a46a0b2-45b9-4c37-8518-abf57fb34e41;455.38;0.015;SELL
2016-04-24T00:15:30.810996;2016-04-24T00:15:30.860964;73115ae6-c452-40a3-9206-068b3818d0d8;455.38;0.0557;SELL
2016-04-24T00:15:30.811184;2016-04-24T00:15:30.876567;6195ed05-d48c-47e7-8cf8-3bd5c68c77bb;455.37;0.0056;SELL
2016-04-24T00:16:00.812282;2016-04-24T00:16:00.857797;6fe76f5f-03ed-46f4-bd38-e5d0a79fee4a;455.39;0.15;BUY
2016-04-24T00:16:00.812517;2016-04-24T00:16:00.873422;a0bdf53b-604a-4239-b8be-5f433dfedf04;455.4;0.0200044;BUY
2016-04-24T00:16:00.812706;2016-04-24T00:16:00.889043;7dad9a8c-4532-47f8-97d0-a6b17b6dcb5a;455.47;0.025;BUY
2016-04-24T00:16:00.812877;2016-04-24T00:16:00.920294;af7680ff-e1ee-44bd-8a8e-af5903e70a78;455.48;0.025;BUY
2016-04-24T00:16:00.813053;2016-04-24T00:16:00.935917;2ac74d26-3c6f-44c6-9627-73568edbade5;455.49;0.025;BUY
2016-04-24T00:16:00.813210;2016-04-24T00:16:00.951542;458951b7-db10-4fcf-8110-2bcaadd7f866;455.5;0.02000462;BUY
2016-04-24T00:16:00.813354;2016-04-24T00:16:00.967167;4d9be871-496c-459f-8f7f-0a85c8c3198b;455.53;0.025;BUY
2016-04-24T00:16:00.813513;2016-04-24T00:16:00.982791;4c7b1aa9-7f81-4137-b623-0695c40fcb3c;455.53;0.36;BUY
2016-04-24T00:16:00.813662;2016-04-24T00:16:00.998416;619d7a6c-cc17-48d1-b184-c0220ab57697;455.54;0.025;BUY
2016-04-24T00:16:00.813803;2016-04-24T00:16:01.014042;678c2bf3-b6b5-4dcd-b568-2f564f83cbfb;455.54;0.47711098;BUY
2016-04-24T00:16:12.796732;2016-04-24T00:16:12.857801;e21dc81a-c286-481f-97aa-fc332d9f2d4e;455.53;0.359;BUY
2016-04-24T00:16:12.796925;2016-04-24T00:16:12.873422;a24b772f-f466-47fa-a7b7-29d1853cc19c;455.54;1.71;BUY
2016-04-24T00:16:12.797118;2016-04-24T00:16:12.889050;acaa0a6b-e39a-4bdc-b57e-d74c6cfddb64;455.55;0.025;BUY
2016-04-24T00:16:12.797290;2016-04-24T00:16:12.904672;3644fd44-ebac-4cb9-a05d-8aad3ec0774e;455.55;0.62602917;BUY
2016-04-24T00:16:12.797453;2016-04-24T00:16:12.920297;aa83a35d-59b3-4e96-9d6c-d11d1ef8068f;455.56;0.017661;BUY
2016-04-24T00:16:12.797611;2016-04-24T00:16:12.935923;29ec3c12-bd57-4741-8e81-06a826644e93;455.58;0.025;BUY
2016-04-24T00:16:12.797752;2016-04-24T00:16:12.951547;055b868c-d5e7-47a0-afa8-42771200a786;455.59;0.23730983;BUY
2016-04-24T00:16:30.937592;2016-04-24T00:16:30.998432;f0cf7399-5120-4ea0-89c2-7e3928da197d;455.54;0.01;BUY
2016-04-24T00:16:30.937763;2016-04-24T00:16:31.029684;b3c99187-b8d5-4127-91bd-6a2341b0fd02;455.55;0.326;BUY
2016-04-24T00:16:30.937993;2016-04-24T00:16:31.045307;268c2eb7-89ed-41bb-94c4-3fd2c48e466c;455.56;2.886;BUY
2016-04-24T00:16:30.938149;2016-04-24T00:16:31.060932;78bd79e8-697f-49b5-9544-be70098ea11f;455.6;0.0200022;BUY
2016-04-24T00:16:30.938301;2016-04-24T00:16:31.107813;7dd21a7b-5352-46a1-97a9-41f2506bf706;455.6;0.354;BUY
2016-04-24T00:16:30.938454;2016-04-24T00:16:31.123434;ce057034-c421-4f20-86b1-0c4f0eab6bf0;455.61;0.025;BUY
2016-04-24T00:16:30.938605;2016-04-24T00:16:31.123434;8b709b37-9c78-4064-bf6e-c9adf0faf1ed;455.63;0.025;BUY
2016-04-24T00:16:30.938744;2016-04-24T00:16:31.123434;eabc8d18-1d4f-4dce-a2fa-112a20033fbe;455.64;0.4803978;BUY
2016-04-24T00:17:00.805730;2016-04-24T00:17:00.857828;eb34c916-b26b-4293-8ea9-56ba51eccf3b;455.65;0.01;BUY
2016-04-24T00:17:00.805910;2016-04-24T00:17:00.873449;2a11106b-ebac-445e-bc2f-4f02a311b485;455.65;0.025;BUY
2016-04-24T00:17:00.806100;2016-04-24T00:17:00.904699;98cc9baf-5092-4486-898b-995484779ea1;455.68;0.025;BUY
2016-04-24T00:17:00.806269;2016-04-24T00:17:00.904699;ac55f518-4d8b-4ad0-b1b2-38646aaf2807;455.69;0.01532264;BUY
2016-04-24T00:17:00.806417;2016-04-24T00:17:00.935948;8ad6b64b-385f-4c44-8a11-b15a6bd54db4;455.69;0.01678736;BUY
2016-04-24T00:17:31.107288;2016-04-24T00:17:31.170340;ad3e69df-0961-467d-9605-2ca19d942443;455.68;0.01;BUY
2016-04-24T00:17:31.107523;2016-04-24T00:17:31.185963;40944ef3-729b-44fe-b0d3-80b640b5ecb6;455.69;0.00821264;BUY
2016-04-24T00:17:31.107705;2016-04-24T00:17:31.201589;ba059644-2207-4eac-b229-ea3ea369e984;455.7;0.02;BUY
2016-04-24T00:17:31.107861;2016-04-24T00:17:31.217214;4212a5d5-ca98-4180-a9bf-c8b0cdc541c4;455.7;0.1;BUY
2016-04-24T00:17:31.108023;2016-04-24T00:17:31.232839;433a4638-b746-4099-92bd-09d64b2e8d71;455.7;0.025;BUY
2016-04-24T00:17:31.108170;2016-04-24T00:17:31.248464;c6383d97-ed09-46c2-b829-5569262c53a8;455.7;0.025;BUY
2016-04-24T00:17:31.108330;2016-04-24T00:17:31.264089;cd694455-4aeb-40a3-8f64-5169180021fb;455.7;0.025;BUY
2016-04-24T00:17:31.108498;2016-04-24T00:17:31.264089;11a3b570-4f6b-47d5-ace1-0a857533123f;455.71;0.025;BUY
2016-04-24T00:17:31.108647;2016-04-24T00:17:31.279714;9aa6545d-4831-443a-9d08-a9a01fd32da1;455.72;0.025;BUY
2016-04-24T00:17:31.108798;2016-04-24T00:17:31.310965;2de065da-e187-4992-9116-63cb04bb14aa;455.72;0.025;BUY
2016-04-24T00:17:31.108943;2016-04-24T00:17:31.326589;d05a31a1-c730-4bc6-b626-334e03835bc0;455.72;0.025;BUY
2016-04-24T00:17:31.109107;2016-04-24T00:17:31.326589;fbfa7156-634b-47a4-a69d-642b43ae49c2;455.72;0.025;BUY
2016-04-24T00:17:31.109247;2016-04-24T00:17:31.342214;d187c324-9880-4fff-860a-9c23dec90a8a;455.73;0.025;BUY
2016-04-24T00:17:31.109392;2016-04-24T00:17:31.357840;ff5230ab-fb27-4a8c-b89b-8bcd27d5ef35;455.73;0.22664736;BUY
2016-04-24T00:17:36.314550;2016-04-24T00:17:36.373466;8ab3d72c-c3dd-4559-8bdf-88031d40055f;455.73;2.0;BUY
2016-04-24T00:18:03.104353;2016-04-24T00:18:03.154730;dddaf757-46df-4b88-9920-4bfab29edff9;455.72;0.015;SELL
2016-04-24T00:18:03.104575;2016-04-24T00:18:03.170355;427781f9-b445-4a5d-a78e-fbab92c2001f;455.72;0.01;SELL
2016-04-24T00:18:03.104796;2016-04-24T00:18:03.201606;0f2805e3-6570-468d-bad4-c0aacbafa1d5;455.72;0.0517;SELL
2016-04-24T00:18:03.104962;2016-04-24T00:18:03.217234;a9424fd7-e0b4-4a55-8df4-147f8dc09a53;455.71;0.015;SELL
2016-04-24T00:18:03.105176;2016-04-24T00:18:03.232857;9ec23309-ae8e-4f96-b8cb-9ed1a4907792;455.7;0.015;SELL
2016-04-24T00:18:03.105354;2016-04-24T00:18:03.248485;e318fe2e-1f49-4b2b-b879-438949812dc8;455.69;0.015;SELL
2016-04-24T00:18:03.105572;2016-04-24T00:18:03.264116;71ab1268-75e0-4f72-94a6-f04b8e032d14;455.68;0.015;SELL
2016-04-24T00:18:03.105767;2016-04-24T00:18:03.264116;aefdce5e-db65-4e25-98c5-8f2021fad8b0;455.67;0.015;SELL
2016-04-24T00:18:03.105933;2016-04-24T00:18:03.279741;91fa4222-14df-4c03-b795-2cb1307279b2;455.66;0.015;SELL
2016-04-24T00:18:03.106105;2016-04-24T00:18:03.295358;8ea70475-6973-4214-846c-a6b153a1bf66;455.65;0.015;SELL
2016-04-24T00:18:03.106266;2016-04-24T00:18:03.326608;4922859c-cb79-4e2c-aa9c-6fb55da8a9ed;455.64;0.015;SELL
2016-04-24T00:18:03.106435;2016-04-24T00:18:03.342230;8e143a4c-1c46-44d8-b398-d5f8bb6a818c;455.63;0.015;SELL
2016-04-24T00:18:03.106595;2016-04-24T00:18:03.357858;7ae79f8a-bb37-4e43-a196-cf81bef518e8;455.62;0.015;SELL
2016-04-24T00:18:03.106756;2016-04-24T00:18:03.357858;94762f17-d439-46db-9002-0a5f563b5621;455.61;0.015;SELL
2016-04-24T00:18:03.106907;2016-04-24T00:18:03.373481;92dc9f64-39c2-4032-92db-405dc08e955a;455.6;0.015;SELL
2016-04-24T00:18:03.107080;2016-04-24T00:18:03.389106;c4d49254-a498-4cd2-b40f-3dc008fece8c;455.6;0.02000219;SELL
2016-04-24T00:18:03.107241;2016-04-24T00:18:03.404733;1aff0898-d2fd-4b36-9bc3-b4e85f993445;455.59;0.015;SELL
2016-04-24T00:18:03.107403;2016-04-24T00:18:03.420356;69bdfb4e-be1f-43df-95aa-199e56796b81;455.58;0.015;SELL
2016-04-24T00:18:03.107585;2016-04-24T00:18:03.435979;1cd1c940-5b22-4c8b-93b6-52aeb070eeb9;455.57;0.015;SELL
2016-04-24T00:18:03.107743;2016-04-24T00:18:03.451605;101b9ad9-34b5-4d12-b408-77726a58040a;455.56;0.015;SELL
2016-04-24T00:18:03.107888;2016-04-24T00:18:03.467231;005426f8-dde5-4953-b731-41bdc1018c17;455.55;0.015;SELL
2016-04-24T00:18:03.108063;2016-04-24T00:18:03.482856;795f9f70-e254-4d06-8dda-dff0477ef12e;455.55;0.1;SELL
2016-04-24T00:18:03.108223;2016-04-24T00:18:03.498480;b4aa860e-3c63-43b6-8e62-68ef6264fa58;455.54;0.015;SELL
2016-04-24T00:18:03.108409;2016-04-24T00:18:03.514104;667bac0c-5ae1-42c2-a7d3-e2b8dfa7c198;455.53;0.015;SELL
2016-04-24T00:18:03.108573;2016-04-24T00:18:03.529730;0feda08c-9fd7-4bef-a577-7a919ece333f;455.52;0.015;SELL
2016-04-24T00:18:03.108721;2016-04-24T00:18:03.545356;aedb2f3a-1410-45ab-8c4d-52587b5adf33;455.51;0.00329781;SELL
2016-04-24T00:18:29.328338;2016-04-24T00:18:29.373497;ed8db569-d90f-4d92-ae3d-f95b383772fe;455.73;1.0;BUY
2016-04-24T00:18:30.891766;2016-04-24T00:18:30.951620;5a6a88cf-c568-4062-bd40-5ec492b48018;455.73;0.05964;BUY
2016-04-24T00:19:01.399130;2016-04-24T00:19:01.451633;df375414-eed3-45c1-b758-4415225c96ca;455.73;2.27471264;BUY
2016-04-24T00:19:01.399360;2016-04-24T00:19:01.467261;46815568-d430-459a-b216-c2aab3029d3a;455.73;0.025;BUY
2016-04-24T00:19:01.399547;2016-04-24T00:19:01.482887;432a0e8d-8184-417f-a8d1-1149fff63a01;455.74;0.025;BUY
2016-04-24T00:19:01.399702;2016-04-24T00:19:01.498513;790cb0e0-a5bd-4c5b-ab6d-af91f242bddf;455.74;0.025;BUY
2016-04-24T00:19:01.399860;2016-04-24T00:19:01.529764;6226ebd5-4528-4d4e-b6d9-d21d53355d2e;455.74;0.446025;BUY
2016-04-24T00:19:01.400022;2016-04-24T00:19:01.529764;fee1b0c8-cadc-4533-bc21-c272ebe5e0c2;455.75;0.01200861;BUY
2016-04-24T00:19:01.400172;2016-04-24T00:19:01.545390;3dbf2570-a4a0-4925-90c7-2a705336fa08;455.75;0.025;BUY
2016-04-24T00:19:01.400326;2016-04-24T00:19:01.561016;d3c638e2-c93d-4f3b-a320-334dd1eb66b6;455.75;0.0115;BUY
2016-04-24T00:19:01.400473;2016-04-24T00:19:01.576634;89aba5ec-c6be-4537-b92f-7f36a0c1c36c;455.76;0.01;BUY
2016-04-24T00:19:01.400624;2016-04-24T00:19:01.592269;df858c5b-bd37-476b-8942-b123b2b038db;455.76;0.025;BUY
2016-04-24T00:19:01.400771;2016-04-24T00:19:01.607887;d7bdfb4b-cd25-4b6c-9c89-87b028b462b7;455.76;0.025;BUY
2016-04-24T00:19:01.400928;2016-04-24T00:19:01.623515;b2e60edc-d3ae-4337-ae24-d34db814fd11;455.76;0.04;BUY
2016-04-24T00:19:01.401096;2016-04-24T00:19:01.623515;4cd7a62a-634e-4de0-8a3d-1a60d2b2edc5;455.77;0.025;BUY
2016-04-24T00:19:01.401244;2016-04-24T00:19:01.654763;fa6edff0-3098-4c95-8b48-de11deda750f;455.78;0.025;BUY
2016-04-24T00:19:01.401387;2016-04-24T00:19:01.670391;a5fb347b-ecd6-4404-917c-f5dcf046a8c3;455.78;0.05747187;BUY
2016-04-24T00:19:01.401529;2016-04-24T00:19:01.686012;9a3bcb15-f4fc-48ce-828e-46f702f36b1a;455.78;0.05754357;BUY
2016-04-24T00:19:01.401691;2016-04-24T00:19:01.701635;e5010c50-1071-4619-b837-5048fed9741e;455.78;0.02;BUY
2016-04-24T00:19:01.401840;2016-04-24T00:19:01.717260;9241cbe7-a015-4f25-96a4-26e746690779;455.79;0.025;BUY
2016-04-24T00:19:01.402007;2016-04-24T00:19:01.732890;50f62bd8-04c4-47a4-a8c8-bdde86169df9;455.79;6.5736;BUY
2016-04-24T00:19:01.402157;2016-04-24T00:19:01.748521;44530a3e-04ee-4b43-89a0-46f9b7fcac43;455.8;0.02;BUY
2016-04-24T00:19:01.402305;2016-04-24T00:19:01.764139;d7b64ef8-e1a6-4a1f-837c-3bd1acf4d70c;455.8;0.05755149;BUY
2016-04-24T00:19:01.402448;2016-04-24T00:19:01.779769;8c601795-5974-418c-9b92-b9f7922e9a89;455.8;0.05738415;BUY
2016-04-24T00:19:01.402599;2016-04-24T00:19:01.795385;57748485-2bb7-4de4-8cdb-42ff754dfa36;455.8;0.05732402;BUY
2016-04-24T00:19:01.402751;2016-04-24T00:19:01.811011;25526968-c1d3-4b16-adf8-1572c3995794;455.8;0.05724193;BUY
2016-04-24T00:19:01.402907;2016-04-24T00:19:01.826636;a5af01c2-c602-44ea-8ccd-31f46827d034;455.8;0.025;BUY
2016-04-24T00:19:01.403065;2016-04-24T00:19:01.826636;c3ef97ce-acea-4b22-949c-744f3acc48d5;455.81;0.025;BUY
2016-04-24T00:19:01.403211;2016-04-24T00:19:01.842260;10a42f8a-3409-4325-b801-34addc70bf7c;455.81;0.05724641;BUY
2016-04-24T00:19:01.403358;2016-04-24T00:19:01.857884;0fc515fe-0574-49ec-89e1-cff1e30d8b42;455.81;0.05720821;BUY
2016-04-24T00:19:01.403504;2016-04-24T00:19:01.873512;07d1b846-2d67-4261-a2a9-c7b63784d8a2;455.82;0.05749244;BUY
2016-04-24T00:19:01.403651;2016-04-24T00:19:01.889136;45c8f339-a652-402f-89ac-73e0b789a367;455.82;0.0574982;BUY
2016-04-24T00:19:01.403797;2016-04-24T00:19:01.889136;e0dae48b-a584-45ac-8475-a7adf0c74f10;455.82;0.05750396;BUY
2016-04-24T00:19:01.403950;2016-04-24T00:19:01.904760;f106b0c9-a147-41cf-b4bd-53b3527b1506;455.82;0.05750972;BUY
2016-04-24T00:19:01.404111;2016-04-24T00:19:01.920386;23741082-e707-4f0c-abaf-4c4f9c2ddb84;455.82;0.05753744;BUY
2016-04-24T00:19:01.404251;2016-04-24T00:19:01.951634;1962ce02-ad0a-4f2c-9ddd-b75d3f848ea6;455.82;0.05754321;BUY
2016-04-24T00:19:01.404390;2016-04-24T00:19:01.967260;8c0350f6-3432-4f8b-a1d5-916d60109e2b;455.82;0.025;BUY
2016-04-24T00:19:01.404527;2016-04-24T00:19:01.982885;372339cb-8e61-4560-94e1-b557dcacbb5d;455.82;0.14;BUY
2016-04-24T00:19:01.404685;2016-04-24T00:19:01.998510;75e83514-9a9b-4462-9912-d9a51ec82e50;455.82;0.2;BUY
2016-04-24T00:19:01.404830;2016-04-24T00:19:02.014135;af2b0bdf-78aa-4765-b780-9cadfb4dfbe5;455.83;12.12638713;BUY
2016-04-24T00:19:19.731086;2016-04-24T00:19:19.779770;13164d35-30c9-4a26-8695-c3f3e15bc12b;455.77;0.04;BUY
2016-04-24T00:20:00.971269;2016-04-24T00:20:01.029794;30a27519-c32b-47a7-9675-8e7d1fd8e5a0;455.78;0.01582;BUY
2016-04-24T00:20:31.006308;2016-04-24T00:20:31.061055;9f182e7c-f29a-46e3-83dc-1d28cb87dc3a;455.78;0.00247781;BUY
2016-04-24T00:20:31.006520;2016-04-24T00:20:31.076682;6652938e-6110-4b51-b4ba-5e41e94b995d;455.78;0.105;BUY
2016-04-24T00:20:31.006704;2016-04-24T00:20:31.092306;42495e38-62dc-43c1-b4fa-ce052a542885;455.8;0.5;BUY
2016-04-24T00:20:31.006881;2016-04-24T00:20:31.107931;d09259b6-e38d-492e-9564-c06666389cce;455.83;7.87361287;BUY
2016-04-24T00:20:31.007040;2016-04-24T00:20:31.123557;841eaa28-59c6-48e8-8dea-578a58301f97;455.83;0.025;BUY
2016-04-24T00:20:31.007183;2016-04-24T00:20:31.139181;6f2f1f88-5b4e-4790-be70-d277751dd639;455.83;0.05749012;BUY
2016-04-24T00:20:31.007325;2016-04-24T00:20:31.154805;d000be5b-331e-424e-a949-50cdf77586f1;455.83;0.05749588;BUY
2016-04-24T00:20:31.007477;2016-04-24T00:20:31.170432;00a14d69-1fda-42ca-9cb0-572085b46283;455.83;0.05745772;BUY
2016-04-24T00:20:31.007625;2016-04-24T00:20:31.186057;a91f9c99-ae11-4629-bd25-3c9ab81b2794;455.83;0.05741956;BUY
2016-04-24T00:20:31.007774;2016-04-24T00:20:31.201681;5156a42d-94a3-4096-a6f6-b9cc09b4689e;455.84;0.025;BUY
2016-04-24T00:20:31.007929;2016-04-24T00:20:31.217307;e481d851-d5e6-4119-bc42-9a27f0926026;455.85;0.025;BUY
2016-04-24T00:20:31.008086;2016-04-24T00:20:31.217307;2d447bea-f19c-4292-8795-bd4e3142587c;455.86;0.01;BUY
2016-04-24T00:20:31.008233;2016-04-24T00:20:31.248555;2ecf9244-311a-4858-8e3c-18bd049e2764;455.86;0.025;BUY
2016-04-24T00:20:31.008382;2016-04-24T00:20:31.248555;c19c4f26-3401-4862-b695-971826ab0503;455.87;0.025;BUY
2016-04-24T00:20:31.008528;2016-04-24T00:20:31.264181;ae22da8f-ce34-4fee-b284-9e8911a139e0;455.87;0.437;BUY
2016-04-24T00:20:31.008667;2016-04-24T00:20:31.279807;9237884b-60f7-4052-aee1-f3f6f90d6cc1;455.88;0.25;BUY
2016-04-24T00:20:31.008817;2016-04-24T00:20:31.295432;3e7ac52d-809e-4a88-b359-b90e00783327;455.88;0.025;BUY
2016-04-24T00:20:31.008990;2016-04-24T00:20:31.311055;2b83027e-b3b1-42eb-aacd-d87c61c65ef0;455.89;0.025;BUY
2016-04-24T00:20:31.009137;2016-04-24T00:20:31.342305;2fb995da-07d0-4cea-8dfe-e878ee99d0c0;455.9;0.0233;BUY
2016-04-24T00:20:31.009290;2016-04-24T00:20:31.357931;cd3cf3c5-04cb-48de-ac13-2a1b73acae63;455.9;0.01;BUY
2016-04-24T00:20:31.009430;2016-04-24T00:20:31.357931;ec9d721a-885f-4b11-8292-fd0fce255426;455.9;0.025;BUY
2016-04-24T00:20:31.009583;2016-04-24T00:20:31.389181;1f792ebb-a6bf-482d-a664-125785ddaf2d;455.9;0.025;BUY
2016-04-24T00:20:31.009730;2016-04-24T00:20:31.389181;3d5694c4-0723-47ea-b5a8-2bee0eede7e3;455.91;0.025;BUY
2016-04-24T00:20:31.009876;2016-04-24T00:20:31.404806;e490b14d-612f-44ba-aea7-a10e5718bb47;455.92;0.021;BUY
2016-04-24T00:20:31.010049;2016-04-24T00:20:31.420432;78e6f32f-f47f-4f2e-9263-2beb9d07d1a3;455.93;0.025;BUY
2016-04-24T00:20:31.010197;2016-04-24T00:20:31.436054;61f5f6d0-8d46-49d5-b246-6fda322d3e4c;455.94;0.01000376;BUY
2016-04-24T00:20:31.010351;2016-04-24T00:20:31.451680;dc719b3e-1372-4d39-adbe-e13df3ba284b;455.94;0.025;BUY
2016-04-24T00:20:31.010493;2016-04-24T00:20:31.467306;669292bf-5f6c-49a9-8221-3a53fc619bec;455.95;0.02;BUY
2016-04-24T00:20:31.010630;2016-04-24T00:20:31.482930;3f4c4528-c246-4884-8032-da854e009b16;455.95;0.01;BUY
2016-04-24T00:20:31.010773;2016-04-24T00:20:31.482930;5a01884b-b121-45d8-9d02-ea9d9e52ffbf;455.95;0.025;BUY
2016-04-24T00:20:31.010931;2016-04-24T00:20:31.498557;7f9ad409-1d79-4b0b-907d-437fded8c4b5;455.95;0.1;BUY
2016-04-24T00:20:31.011097;2016-04-24T00:20:31.514181;45c8d856-8f06-4c99-88ab-234cdf2591f8;455.96;0.025;BUY
2016-04-24T00:20:31.011245;2016-04-24T00:20:31.529806;825495c0-fe59-4352-9cf9-a65aa3c77cc5;455.96;0.01;BUY
2016-04-24T00:20:31.011394;2016-04-24T00:20:31.545431;1551a0e2-51b0-4eee-9d1c-d2c1b1720758;455.97;0.025;BUY
2016-04-24T00:20:31.011529;2016-04-24T00:20:31.561055;56556835-58ca-41ad-8f21-94f878e46354;455.98;0.54572228;BUY
2016-04-24T00:21:05.808956;2016-04-24T00:21:05.842328;39b2cfaa-9aec-4c9c-9579-086fec66ac95;455.97;0.01;BUY
2016-04-24T00:21:05.809203;2016-04-24T00:21:05.857958;65adddd1-07a3-491c-b1b3-a3229b421f8d;455.98;0.45427772;BUY
2016-04-24T00:21:05.809400;2016-04-24T00:21:05.873573;be36e752-942e-4f82-b4d5-ca083ac0283a;455.98;0.025;BUY
2016-04-24T00:21:05.809574;2016-04-24T00:21:05.889201;999a6383-60c1-49df-86c8-8cb56d2d3bdf;455.99;0.025;BUY
2016-04-24T00:21:05.809731;2016-04-24T00:21:05.904822;7ec5fe61-0bb3-46c7-9ea5-4f42faf3504f;456.0;0.01;BUY
2016-04-24T00:21:05.809889;2016-04-24T00:21:05.920447;982d3464-d3b6-4574-8f87-37ecdf2d2b98;456.0;0.01;BUY
2016-04-24T00:21:05.810054;2016-04-24T00:21:05.951699;39c0fcc0-3983-441b-a0c4-017b7c7c156f;456.0;0.16596228;BUY
2016-04-24T00:21:08.361364;2016-04-24T00:21:08.404832;e1f9e21b-bfbf-4d78-9c92-4fe72a9de305;455.99;0.01;BUY
2016-04-24T00:21:08.361547;2016-04-24T00:21:08.436079;b9dd0ba8-e170-4820-80a4-8617c890bce4;455.99;0.4;BUY
2016-04-24T00:21:19.311814;2016-04-24T00:21:19.357955;a60bc9b8-49b6-4da6-9ed6-f278bd73f2d2;456.0;0.83403772;BUY
2016-04-24T00:21:19.311995;2016-04-24T00:21:19.373579;f49a902d-5dde-4af7-aaf5-25d3d7b0e3b0;456.0;0.04;BUY
2016-04-24T00:21:19.312144;2016-04-24T00:21:19.389205;2beabc6a-f528-41e3-820b-20e83df2fe64;456.0;0.0120305;BUY
2016-04-24T00:21:19.312285;2016-04-24T00:21:19.404833;6f437d45-cf8c-4735-a568-8c25fd7747f7;456.0;0.1;BUY
2016-04-24T00:21:19.312427;2016-04-24T00:21:19.420461;2cbb3ded-1f31-4463-a395-ae8a70b3d274;456.0;0.5;BUY
2016-04-24T00:21:19.312567;2016-04-24T00:21:19.436086;c18f2e0f-3998-4cac-9726-f68f02b8aa67;456.0;0.01;BUY
2016-04-24T00:21:19.312722;2016-04-24T00:21:19.451711;6b14c01d-2202-4549-8cec-b17f0f433bb3;456.0;0.02;BUY
2016-04-24T00:21:19.312879;2016-04-24T00:21:19.467330;2fe3d4c6-7994-4904-af80-021dfa5e73f7;456.01;0.418;BUY
2016-04-24T00:21:19.313046;2016-04-24T00:21:19.482961;6c7a7224-3e2a-4417-a9dd-7ecf14ac0f66;456.02;0.025;BUY
2016-04-24T00:21:19.313188;2016-04-24T00:21:19.498581;1bc53f68-a19d-4f2d-b694-7ff9055994ec;456.02;0.025;BUY
2016-04-24T00:21:19.313334;2016-04-24T00:21:19.514206;85072558-c4fc-424c-ac81-9a055e3449bb;456.02;0.025;BUY
2016-04-24T00:21:19.313478;2016-04-24T00:21:19.529831;d2cc5d5d-958f-4065-87df-3d92516b7139;456.02;0.025;BUY
2016-04-24T00:21:19.313626;2016-04-24T00:21:19.529831;d5a68886-3cb9-4be3-961d-5c7519d0e287;456.02;0.025;BUY
2016-04-24T00:21:19.313784;2016-04-24T00:21:19.561082;28df5be9-5cf3-4bc6-8955-963ebb40c79a;456.05;0.01;BUY
2016-04-24T00:21:19.313944;2016-04-24T00:21:19.561082;bc90b717-5073-4436-92e3-228067ada1d2;456.06;0.02;BUY
2016-04-24T00:21:19.314107;2016-04-24T00:21:19.576705;c6f8bfd9-f41a-477c-951d-41cbad110290;456.1;0.01;BUY
2016-04-24T00:21:19.314258;2016-04-24T00:21:19.592332;cfe0c97e-1157-45dc-bbb0-3fb7470bee23;456.14;1.0;BUY
2016-04-24T00:21:19.314408;2016-04-24T00:21:19.607957;a0d774a3-7f01-4328-b233-78309e7c9f54;456.15;0.01;BUY
2016-04-24T00:21:19.314557;2016-04-24T00:21:19.623581;e03a5e78-95d4-4b3e-8d39-4e941d0654e2;456.15;0.06;BUY
2016-04-24T00:21:19.314721;2016-04-24T00:21:19.639207;08889770-f84a-4052-a03e-3ddc161436e5;456.16;0.5;BUY
2016-04-24T00:21:19.314876;2016-04-24T00:21:19.670455;e012f8c5-6a4a-4b6b-ae79-c4296d31904f;456.2;0.25;BUY
2016-04-24T00:21:19.315032;2016-04-24T00:21:19.686081;6ac3dc0c-fd4b-456b-a359-c27fda03daac;456.2;1.75;BUY
2016-04-24T00:21:19.315179;2016-04-24T00:21:19.686081;cbb7a63b-63dc-4d92-b4f6-34ce8fe73d08;456.2;0.01;BUY
2016-04-24T00:21:19.315331;2016-04-24T00:21:19.701705;706fda97-810f-455b-a3f3-e366297a258c;456.23;0.0199;BUY
2016-04-24T00:21:19.315466;2016-04-24T00:21:19.717332;8ad37d58-8958-4060-9682-cdcf76ae990d;456.25;0.01;BUY
2016-04-24T00:21:19.315602;2016-04-24T00:21:19.732957;0cf3b1dc-d197-4a56-ad5a-30b594ef55af;456.25;0.04399535;BUY
2016-04-24T00:21:19.315754;2016-04-24T00:21:19.748582;2e65ca64-30f4-4e2c-95e3-8afd8559d70b;456.25;0.0120305;BUY
2016-04-24T00:21:19.315910;2016-04-24T00:21:19.764207;011159e4-59ae-4053-bfe6-eb185d49a487;456.26;0.01;BUY
2016-04-24T00:21:19.316084;2016-04-24T00:21:19.779831;7df22c6d-8960-4a49-96de-051cefa6a8b7;456.29;0.2;BUY
2016-04-24T00:21:19.316232;2016-04-24T00:21:19.779831;e33fe2c7-c828-4a1e-bfea-0d58606587e4;456.31;0.1;BUY
2016-04-24T00:21:19.316386;2016-04-24T00:21:19.811051;4de5bb18-6ec9-4ec3-8cc3-61fcbabfcd17;456.31;0.385;BUY
2016-04-24T00:21:19.316535;2016-04-24T00:21:19.811051;7b7e5968-3291-41ca-8e24-abaa7ae76562;456.36;0.01;BUY
2016-04-24T00:21:19.316669;2016-04-24T00:21:19.826706;832a6fe4-0123-4170-bda2-c166f7ee96bc;456.42;2.85267048;BUY
2016-04-24T00:21:34.158509;2016-04-24T00:21:34.201713;f34ce0cb-81ac-48fc-898c-0d9af69d94f5;456.4;0.01;BUY
2016-04-24T00:21:35.524905;2016-04-24T00:21:35.561087;ec5863da-8b83-433b-bbe9-b64f31c275fa;456.41;0.4;SELL
2016-04-24T00:21:43.991468;2016-04-24T00:21:44.029844;e9501f31-4de2-4463-9d40-b490c56bb633;456.42;0.03;BUY
2016-04-24T00:21:43.991738;2016-04-24T00:21:44.045467;dce439c7-4eec-4b35-b397-c5e1c4de44fc;456.43;0.02;BUY
2016-04-24T00:21:43.991932;2016-04-24T00:21:44.061093;7e91bf99-70b2-466e-8c09-f12a5850716c;456.44;0.01;BUY
2016-04-24T00:21:43.992112;2016-04-24T00:21:44.076718;1c4f3c30-96eb-46ba-83c9-ccb421ad650f;456.49;0.0199;BUY
2016-04-24T00:21:43.992268;2016-04-24T00:21:44.092345;5620283d-72b6-4d74-9f40-ad2e83a871db;456.5;0.01;BUY
2016-04-24T00:21:43.992422;2016-04-24T00:21:44.107969;02da33cd-5e59-49a8-bf3d-1ca80e88f206;456.5;0.1;BUY
2016-04-24T00:21:43.992565;2016-04-24T00:21:44.123592;714d1a1c-04b3-4fd0-8602-1b0b1ed44e2d;456.5;0.3601;BUY
2016-04-24T00:22:00.859855;2016-04-24T00:22:00.889229;e9965b12-38fe-46fd-b4bf-3e3252dafae8;456.48;0.1721;SELL
2016-04-24T00:22:00.860113;2016-04-24T00:22:00.904856;87fc8de2-b637-4752-9b02-c658a6f37bb1;456.48;0.511;SELL
2016-04-24T00:22:00.860309;2016-04-24T00:22:00.920499;a2bac600-76ac-4f09-b70d-28ff1cb540e7;456.48;0.51769;SELL
2016-04-24T00:22:31.069311;2016-04-24T00:22:31.107997;0d1b2e1a-5868-4b3f-9b6f-de25680f5add;456.48;0.09;SELL
2016-04-24T00:22:31.069544;2016-04-24T00:22:31.123622;ce443450-c8f2-4a38-b91f-eac4196e98f8;456.48;0.52;SELL
2016-04-24T00:22:31.069716;2016-04-24T00:22:31.139241;7fcada5f-3d14-4ce9-8003-13983fc55512;456.48;3.75129;SELL
2016-04-24T00:23:00.675945;2016-04-24T00:23:00.717381;8cb27649-0e89-4d21-91e7-7614debb298b;456.49;0.01;BUY
2016-04-24T00:23:00.676177;2016-04-24T00:23:00.733007;a553f30d-44f2-4c14-87dd-6e396991dc6f;456.49;0.09;BUY
2016-04-24T00:23:00.676349;2016-04-24T00:23:00.779881;4b58e070-94ad-44fa-b4ce-cd78e692efd1;456.5;0.00654722;BUY
2016-04-24T00:23:00.676583;2016-04-24T00:23:00.795508;86d80d85-0fbf-404b-85b6-2900f02b6f95;456.5;0.01200861;BUY
2016-04-24T00:23:00.676773;2016-04-24T00:23:00.795508;cca0819c-db99-4761-85c6-32e733e22a3b;456.5;0.01;BUY
2016-04-24T00:23:00.676933;2016-04-24T00:23:00.811137;f9f35d47-565d-421d-bd5c-f3b1570659ad;456.51;0.02;BUY
2016-04-24T00:23:00.677093;2016-04-24T00:23:00.826757;e5b5c825-6dfb-4d5c-a345-691d9d98e00d;456.56;0.01001638;BUY
2016-04-24T00:23:00.677294;2016-04-24T00:23:00.842381;2b880db6-46c2-4e17-a690-74589bdb37de;456.56;0.01;BUY
2016-04-24T00:23:00.677446;2016-04-24T00:23:00.858006;e3ba064c-6b62-45fa-b640-4d2dccbef9a5;456.6;1.0;BUY
2016-04-24T00:23:00.677602;2016-04-24T00:23:00.873636;f1734106-4a2b-4bab-ba14-3b9cc25c66b8;456.6;0.011;BUY
2016-04-24T00:23:00.677760;2016-04-24T00:23:00.873636;5628129c-7c24-4e25-a6bf-e4c7ea30ac71;456.6;0.01;BUY
2016-04-24T00:23:00.677945;2016-04-24T00:23:00.889263;85776c7b-54e7-4db8-abbb-bad428f8d9a8;456.62;0.01;BUY
2016-04-24T00:23:00.678114;2016-04-24T00:23:00.904882;04f00318-c7bb-40fe-8a7b-cafbf5f2ea65;456.69;0.078;BUY
2016-04-24T00:23:00.678266;2016-04-24T00:23:00.920520;92ae3f83-6af0-4564-bab3-3e3c8dc9a2c2;456.7;1.0;BUY
2016-04-24T00:23:00.678419;2016-04-24T00:23:00.936132;d235ea76-c9d9-4cbd-a126-0ed81f0f49ad;456.74;0.124;BUY
2016-04-24T00:23:00.678569;2016-04-24T00:23:00.936132;c57249c7-31cd-4faf-92af-9dc2f9a6bc9d;456.75;0.01;BUY
2016-04-24T00:23:00.678721;2016-04-24T00:23:00.951756;3fb114c4-fb1a-4210-b9f9-0145dde6ed47;456.75;0.04396071;BUY
2016-04-24T00:23:00.678901;2016-04-24T00:23:00.967381;8dd1fbfd-da46-42a6-9e00-6d94a4e4982f;456.75;0.01;BUY
2016-04-24T00:23:00.679068;2016-04-24T00:23:00.983007;da67340c-7d1c-426e-a302-fe7249167c83;456.75;0.2;BUY
2016-04-24T00:23:00.679214;2016-04-24T00:23:00.998632;747549c0-2862-4888-a551-9b8f50eec15c;456.81;0.05;BUY
2016-04-24T00:23:00.679365;2016-04-24T00:23:01.029882;673ed58e-36c9-49c3-b80d-7763c4caa20a;456.82;0.01;BUY
2016-04-24T00:23:00.679526;2016-04-24T00:23:01.029882;ee8b3bcd-fe5b-405f-bbd2-35ad6df70c74;456.89;0.2425;BUY
2016-04-24T00:23:00.679712;2016-04-24T00:23:01.045508;4cba06e2-bf02-4393-b352-09d25213cc52;456.89;0.51769;BUY
2016-04-24T00:23:00.679873;2016-04-24T00:23:01.061131;a9297964-9742-4afa-b6d9-a7353870f158;456.9;6.048;BUY
2016-04-24T00:23:00.680043;2016-04-24T00:23:01.076775;5cb87940-4889-4c25-ae0b-66b3dd1feaa0;456.93;0.099;BUY
2016-04-24T00:23:00.680184;2016-04-24T00:23:01.092382;ee676ee8-0297-4ecf-81b9-cd6fc809e608;456.95;0.02;BUY
2016-04-24T00:23:00.680330;2016-04-24T00:23:01.108011;661075e4-0da3-4620-9bc9-7328165adf65;456.95;0.01;BUY
2016-04-24T00:23:00.680477;2016-04-24T00:23:01.123636;554e5e9c-7026-44aa-8524-fc9e0690993b;456.95;0.01;BUY
2016-04-24T00:23:00.680642;2016-04-24T00:23:01.154882;02bce10b-dbe1-4789-b06e-23cc7c210c95;456.96;0.01;BUY
2016-04-24T00:23:00.680801;2016-04-24T00:23:01.154882;d0183c82-998b-4e35-9382-0081e5e8c183;456.99;0.2;BUY
2016-04-24T00:23:00.680951;2016-04-24T00:23:01.154882;802a1b45-9406-4bcd-b13d-2e99902fc8cb;457.0;0.01;BUY
2016-04-24T00:23:00.681101;2016-04-24T00:23:01.170510;2e2c5d5b-8326-4e87-bf39-b75c3c3f24e1;457.0;0.10727708;BUY
2016-04-24T00:23:00.924284;2016-04-24T00:23:01.311132;524ed43e-6ad0-4f44-88a0-04d3a4dbf368;457.0;0.89272292;BUY
2016-04-24T00:23:00.924542;2016-04-24T00:23:01.326759;4682d169-169a-4888-952a-2a15ae2a7a08;457.0;0.01;BUY
2016-04-24T00:23:00.924795;2016-04-24T00:23:01.342383;27268003-946d-4ff3-96d6-b0a0fe44a362;457.0;0.07859114;BUY
2016-04-24T00:23:00.927156;2016-04-24T00:23:01.358009;9385d174-97f5-4b2e-b1e6-9c114d6453ea;457.0;0.55809594;BUY
2016-04-24T00:23:10.827621;2016-04-24T00:23:10.889264;aceccc3b-1751-4d87-ac23-10c3726916d3;456.59;0.02;SELL
2016-04-24T00:23:10.827782;2016-04-24T00:23:10.904888;9ea03b4a-4b6a-4ebd-ba0d-18c05996f8d6;456.58;0.01;SELL
2016-04-24T00:23:18.965471;2016-04-24T00:23:18.998644;6796cc72-cd0d-4225-87fd-35b660976e63;456.88;0.01;BUY
2016-04-24T00:23:18.965650;2016-04-24T00:23:19.014267;2c3a42c2-b512-4103-9f45-96f0ab46135c;456.89;0.01;BUY
2016-04-24T00:23:18.965817;2016-04-24T00:23:19.029891;a8ce5ccf-d30a-4f36-8028-64f0d000ec64;456.89;0.387;BUY
2016-04-24T00:23:18.965993;2016-04-24T00:23:19.045516;e247a164-8330-44a0-a8c8-785d95cb72f5;456.9;6.187;BUY
2016-04-24T00:23:18.966157;2016-04-24T00:23:19.061142;80e49dcb-4d54-4776-bb74-16f7eeea53e2;457.0;0.1467763;BUY
2016-04-24T00:23:18.966312;2016-04-24T00:23:19.092392;3f80f53f-6c6a-4056-88a4-a4cb1498480e;457.0;0.5;BUY
2016-04-24T00:23:18.966472;2016-04-24T00:23:19.092392;3bfe6121-de4b-4a61-83ed-144adc56aacf;457.01;0.056875;BUY
2016-04-24T00:23:18.966631;2016-04-24T00:23:19.108016;beca9e38-3be5-4b7e-840f-803fdeda64fb;457.01;0.01;BUY
2016-04-24T00:23:18.966782;2016-04-24T00:23:19.123647;a17c1e40-efd8-4c80-864e-cc08a10685c0;457.05;0.01;BUY
2016-04-24T00:23:18.966943;2016-04-24T00:23:19.139266;63435ef3-70f1-4b4b-9b83-cefd27a45aa3;457.05;0.2;BUY
2016-04-24T00:23:18.967112;2016-04-24T00:23:19.154893;e89ada62-14e9-40c6-afc8-b074c09c0308;457.08;5.778;BUY
2016-04-24T00:23:18.967265;2016-04-24T00:23:19.170518;29563bd4-715d-4125-898b-7f7222c534d9;457.1;0.01;BUY
2016-04-24T00:23:18.967436;2016-04-24T00:23:19.186142;6bb8849f-a043-435a-907f-15be7305b73d;457.12;0.01;BUY
2016-04-24T00:23:18.967603;2016-04-24T00:23:19.201767;0cafe8ca-8bb1-4d19-9907-a455e3c0b042;457.2;0.02;BUY
2016-04-24T00:23:18.967754;2016-04-24T00:23:19.201767;8cc46666-66c8-4135-8daf-4231c9637d21;457.25;0.01;BUY
2016-04-24T00:23:18.967901;2016-04-24T00:23:19.217392;86f8e103-4a45-45cb-8590-2b55da442765;457.25;0.04390983;BUY
2016-04-24T00:23:18.968057;2016-04-24T00:23:19.233017;a31d179d-fbbe-40c1-a347-dd267e5ae85f;457.25;0.01000461;BUY
2016-04-24T00:23:18.968206;2016-04-24T00:23:19.248642;dfca0cbb-c338-4bd1-b471-09631729dafb;457.25;6.035;BUY
2016-04-24T00:23:18.968370;2016-04-24T00:23:19.264267;12d927c8-acbb-4211-8989-0376a10c0a24;457.26;0.01;BUY
2016-04-24T00:23:18.968537;2016-04-24T00:23:19.279893;ec1fd6b1-9f85-415a-a679-8c38500a01b1;457.33;0.01;BUY
2016-04-24T00:23:18.968692;2016-04-24T00:23:19.295521;20d3ec22-8aa2-47c1-a4d9-9daa44e0280d;457.42;3.41;BUY
2016-04-24T00:23:18.968849;2016-04-24T00:23:19.311141;be8c39e7-2c4c-4f82-a00c-e5102275000b;457.43;0.02;BUY
2016-04-24T00:23:18.969013;2016-04-24T00:23:19.311141;2bdb1eea-600b-402f-aacd-7b40e67758d9;457.44;0.01;BUY
2016-04-24T00:23:18.969165;2016-04-24T00:23:19.326768;f1fb8bb7-85d2-4efa-90e9-a67f77691ae4;457.44;5.809;BUY
2016-04-24T00:23:18.969302;2016-04-24T00:23:19.342391;bee4f4de-13de-41ca-86a3-8dd3107f7ea1;457.45;9.80341953;BUY
2016-04-24T00:23:31.055854;2016-04-24T00:23:31.108022;ad0e268f-ddfc-4261-a266-17a9d03c21ca;457.25;1.99453;BUY
2016-04-24T00:24:01.718775;2016-04-24T00:24:01.748668;7974e14b-37c1-421d-abc7-d4d5b700c701;457.29;0.01;BUY
2016-04-24T00:24:01.719031;2016-04-24T00:24:01.779913;03dbbe9e-58ef-4899-bde9-72a6adcdce07;457.29;0.098;BUY
2016-04-24T00:24:01.719234;2016-04-24T00:24:01.779913;38164686-c572-49e8-afaa-27a0ae8eed7f;457.3;0.01;BUY
2016-04-24T00:24:01.719399;2016-04-24T00:24:01.795540;4cc6cc46-6134-47ac-9437-d589b91e3cc7;457.4;0.01;BUY
2016-04-24T00:24:01.719582;2016-04-24T00:24:01.811162;6251beae-3ffb-4fcc-94ab-e3a8fe132e83;457.43;0.01;BUY
2016-04-24T00:24:01.719742;2016-04-24T00:24:01.826793;75417b45-249a-4338-8070-3a66ad4e8805;457.44;0.118;BUY
2016-04-24T00:24:01.719887;2016-04-24T00:24:01.842413;9d3a303e-ba78-42e3-8199-a32fb8b6a4b2;457.45;3.87812;BUY
2016-04-24T00:24:30.860664;2016-04-24T00:24:30.889312;94ce1528-1797-405c-bdb6-ea52ae2ffff0;457.43;0.01;BUY
2016-04-24T00:24:30.860842;2016-04-24T00:24:30.904928;76acba83-4d9a-4f20-9e1a-ad520b3420a9;457.43;0.31466;BUY
2016-04-24T00:24:59.422723;2016-04-24T00:24:59.467444;f67c1af5-f1e5-4d82-9c7a-958217e7943c;457.43;0.012;SELL
2016-04-24T00:24:59.423115;2016-04-24T00:24:59.483068;a893727d-1216-4fca-98c7-bd114f46f603;457.43;0.02;SELL
2016-04-24T00:24:59.423331;2016-04-24T00:24:59.498692;97ebd046-7c0b-49e1-a9da-2935f9d50b5c;457.43;0.5;SELL
2016-04-24T00:25:01.176178;2016-04-24T00:25:01.201824;838a5fb0-257a-4526-89a9-a209a9194860;457.44;0.01;BUY
2016-04-24T00:25:01.176350;2016-04-24T00:25:01.217445;c7905cde-b7d0-4a0d-92d7-bde55333629b;457.44;0.07246;BUY
2016-04-24T00:25:30.977141;2016-04-24T00:25:31.014334;9313e296-a4f4-46b3-a5c3-580f9959e345;457.43;0.23;BUY
2016-04-24T00:25:30.977536;2016-04-24T00:25:31.029960;c97fb7f8-08a0-4377-a2ef-8201a9f01ac5;457.43;3.7742;BUY
2016-04-24T00:26:00.977766;2016-04-24T00:26:00.998736;926458b4-8816-4aba-801b-49cac50efccd;457.43;0.0331;SELL
2016-04-24T00:26:00.978001;2016-04-24T00:26:01.045599;ee7683c1-60f3-4a9a-8fe6-5b2d380acbb4;457.42;0.012;SELL
2016-04-24T00:26:00.978187;2016-04-24T00:26:01.045599;40295f44-bcf4-4960-86f7-a6752409fd44;457.42;0.5;SELL
2016-04-24T00:26:00.978356;2016-04-24T00:26:01.061229;b69799de-21c7-4365-9f93-ba063bcbf87b;457.41;0.012;SELL
2016-04-24T00:26:00.978504;2016-04-24T00:26:01.076850;635e7dc6-c1a3-4cc9-90f7-85462fe12bcd;457.4;0.38;SELL
2016-04-24T00:26:00.978648;2016-04-24T00:26:01.092473;6da29149-04c2-4ad7-8b0a-0bf75501974d;457.4;0.012;SELL
2016-04-24T00:26:00.978820;2016-04-24T00:26:01.092473;5cb44c9a-1921-48b0-aa33-b1f4f7bd6c19;457.4;0.0125;SELL
2016-04-24T00:26:00.978993;2016-04-24T00:26:01.108107;6a0b2494-c82a-4534-8013-d47853251da1;457.39;0.012;SELL
2016-04-24T00:26:00.979157;2016-04-24T00:26:01.123727;f25dd4f6-dd19-40d9-b1eb-623fa9359003;457.38;0.012;SELL
2016-04-24T00:26:00.979304;2016-04-24T00:26:01.139351;2e03d240-f4a2-4258-8d5f-647579773bb3;457.37;0.012;SELL
2016-04-24T00:26:00.979463;2016-04-24T00:26:01.170600;175e3b69-a8ac-4d0a-b896-27297ac44040;457.37;0.444432;SELL
2016-04-24T00:26:00.979639;2016-04-24T00:26:01.170600;e73e8ff5-eee0-4a38-ae58-a55014b20b95;457.36;0.012;SELL
2016-04-24T00:26:00.979813;2016-04-24T00:26:01.186225;4308e958-3db4-4562-ae07-271e5fc2ecd3;457.35;0.012;SELL
2016-04-24T00:26:00.979992;2016-04-24T00:26:01.201851;0a4e678f-2bd7-4e13-9bb7-74c2d7bc0668;457.34;0.013;SELL
2016-04-24T00:26:00.980152;2016-04-24T00:26:01.217486;95514b03-9edf-4da3-a919-faa1e40aa0a2;457.33;0.013;SELL
2016-04-24T00:26:00.980304;2016-04-24T00:26:01.233100;b5ab41f8-286a-426e-bb77-47a204dac8a5;457.32;0.013;SELL
2016-04-24T00:26:00.980444;2016-04-24T00:26:01.248725;18c2db50-8f88-4da8-992e-de5385e394b2;457.31;4.454068;SELL
2016-04-24T00:26:31.698230;2016-04-24T00:26:31.748742;e28aa538-958b-4a12-a301-97e32872183a;457.41;1.0;BUY
2016-04-24T00:26:31.698504;2016-04-24T00:26:31.748742;c0498bdd-89ff-4d7a-b07b-470f0a2e29d3;457.41;0.025;BUY
2016-04-24T00:26:31.698696;2016-04-24T00:26:31.764365;bec67a11-38af-4b65-8e81-10e919075c3c;457.41;0.384;BUY
2016-04-24T00:26:31.698862;2016-04-24T00:26:31.795616;1eec2958-b99a-40a6-b906-8dbce322cd19;457.43;1.54;BUY
2016-04-24T00:26:31.699026;2016-04-24T00:26:31.811240;44a9cb2c-ab7f-4f1a-9539-06675d9e0ad0;457.44;0.01;BUY
2016-04-24T00:26:31.699175;2016-04-24T00:26:31.826866;7c9eedef-1a08-42ab-8816-de25f8e89e41;457.44;1.18;BUY
2016-04-24T00:26:31.699318;2016-04-24T00:26:31.842491;a68f6136-710a-42bd-8ef1-a1224edc5070;457.45;1.74088;BUY
2016-04-24T00:26:31.699455;2016-04-24T00:26:31.858117;fa66885c-460e-462a-8917-1d24686d660a;457.45;1.68514;BUY
2016-04-24T00:27:01.229346;2016-04-24T00:27:01.248758;4444b0a4-0971-488c-b4b5-c070c51a155e;457.41;0.32;BUY
2016-04-24T00:27:01.229515;2016-04-24T00:27:01.280008;870d72eb-aa43-42fe-af60-86a65c6be106;457.42;0.10126;BUY
2016-04-24T00:27:30.903887;2016-04-24T00:27:30.920645;655c201c-e563-4fcc-ab4c-d69ca14f2ce7;457.4;0.28;SELL
2016-04-24T00:27:30.904170;2016-04-24T00:27:30.936270;abe51879-74cb-4e71-a5cc-d2063c064c74;457.39;0.01;SELL
2016-04-24T00:27:30.904376;2016-04-24T00:27:30.951895;fa9463cf-694e-428a-873b-a098c87c4de7;457.38;0.01;SELL
2016-04-24T00:27:30.904560;2016-04-24T00:27:30.983145;82a18942-1486-4619-bcdc-b81648b77137;457.37;0.01;SELL
2016-04-24T00:27:30.904737;2016-04-24T00:27:30.998774;f1384535-98a8-4051-97c2-a9d06f5dee04;457.36;0.01;SELL
2016-04-24T00:27:30.904911;2016-04-24T00:27:31.014394;da76697a-16f7-488e-9d62-ed4718bed0d2;457.35;0.01;SELL
2016-04-24T00:27:30.905095;2016-04-24T00:27:31.030023;9439d9a3-8b71-4efc-a4de-fb037e848962;457.34;0.01;SELL
2016-04-24T00:27:30.905279;2016-04-24T00:27:31.045644;c6264315-b161-49eb-8135-3bdfd6032dd3;457.33;0.01;SELL
2016-04-24T00:27:30.905428;2016-04-24T00:27:31.045644;fea5d860-5c20-444b-b413-8187e05b1288;457.32;0.26502;SELL
2016-04-24T00:28:00.889702;2016-04-24T00:28:00.905040;36008d9b-587e-4444-82e6-978be9dd9630;457.4;0.02;BUY
2016-04-24T00:28:00.889878;2016-04-24T00:28:00.920662;dd398244-5bab-4ebb-8ebe-c25da72c2633;457.4;0.02329;BUY
2016-04-24T00:28:12.217160;2016-04-24T00:28:12.233167;e38a36df-d3e2-400c-89c6-dbc79f2261d1;457.42;0.86;BUY
2016-04-24T00:28:31.226668;2016-04-24T00:28:31.248802;e02a078a-e40d-4f8a-97bb-9fcc4aef4cd5;457.42;0.56278;BUY
2016-04-24T00:29:00.834764;2016-04-24T00:29:00.842571;705e6bdf-8473-4b13-9e77-75aac2ecaf8d;457.41;0.12735;BUY
2016-04-24T00:29:07.469456;2016-04-24T00:29:07.483195;58d7d9cb-877b-4f9d-aa86-5d1e68e823c9;457.4;0.01;SELL
2016-04-24T00:29:30.883142;2016-04-24T00:29:30.889466;a3e91fad-8184-428a-86b1-1ffa9656875d;457.4;0.333;BUY
2016-04-24T00:29:30.883318;2016-04-24T00:29:30.905082;a108fe99-c2e9-4e0f-aa1d-c2a89204e9c6;457.4;0.43283;BUY
2016-04-24T00:29:31.235643;2016-04-24T00:29:31.264458;a1e852a0-7180-49fa-86c4-b56d807fecff;457.39;0.01;SELL
2016-04-24T00:29:31.235829;2016-04-24T00:29:31.264458;762006d7-ae78-4d97-8de5-0d480df17b6f;457.38;0.01;SELL
2016-04-24T00:29:31.236016;2016-04-24T00:29:31.280084;98857494-9be9-4e69-97fd-0e66a3be2d6b;457.37;0.01;SELL
2016-04-24T00:29:31.236192;2016-04-24T00:29:31.295708;4c9454b4-8f56-46a8-ba06-0bc0b19d14c7;457.36;0.01;SELL
2016-04-24T00:29:31.236360;2016-04-24T00:29:31.311333;93eda888-f450-457d-ae03-b299c9ea4abc;457.35;0.01;SELL
2016-04-24T00:29:31.236523;2016-04-24T00:29:31.326958;2ae79051-104e-4753-894b-f268b923cce0;457.34;0.01;SELL
2016-04-24T00:29:36.381085;2016-04-24T00:29:36.405085;efed9b11-55ab-4bd7-abe5-72fbacb7c79c;457.33;0.01;SELL
2016-04-24T00:29:38.412624;2016-04-24T00:29:38.467587;817268fd-d87d-447c-80c5-ecd127700ae6;457.34;0.01;SELL
2016-04-24T00:29:41.058489;2016-04-24T00:29:41.092586;c6a35fac-c650-4ffb-8399-0dd5b5032e7f;457.32;0.01;SELL
2016-04-24T00:29:41.058703;2016-04-24T00:29:41.108212;4304b757-87c7-42b4-93ca-846eefcdc7b9;457.32;1.0;SELL
2016-04-24T00:29:44.081852;2016-04-24T00:29:44.092594;ddaa6293-2307-4c2f-a7de-f1cfbcd568d2;457.31;12.402;SELL
2016-04-24T00:30:00.970784;2016-04-24T00:30:00.983228;7a48edc2-2657-4a3b-88f3-6f0e84d049d1;457.32;0.279;BUY
2016-04-24T00:30:00.971009;2016-04-24T00:30:00.998853;4c4db554-f98a-4522-9263-7776e4367c24;457.32;3.39927;BUY
2016-04-24T00:30:01.161004;2016-04-24T00:30:01.186349;4bbd4669-d17c-40df-a990-3545d9d7f795;457.31;5.03978;SELL
2016-04-24T00:30:31.054129;2016-04-24T00:30:31.061367;aef5ce80-556f-4ff4-9059-c6322cb29faf;457.32;0.15142;BUY
2016-04-24T00:31:00.734475;2016-04-24T00:31:00.733258;e47872d8-6b54-464d-9e71-72a88dc505b6;457.32;0.10307911;BUY
2016-04-24T00:31:00.743902;2016-04-24T00:31:00.780128;981e2d84-f1aa-4406-ba33-0fa772e5ff5b;457.32;0.16194089;BUY
2016-04-24T00:31:00.744211;2016-04-24T00:31:00.795752;fc1fce68-2fff-4392-ad7c-587638df7dc9;457.32;0.02498;BUY
2016-04-24T00:31:00.876337;2016-04-24T00:31:00.905133;ed8d07af-47f5-46eb-9acf-eb46ff02db25;457.32;0.419452;BUY
2016-04-24T00:31:00.876530;2016-04-24T00:31:00.920754;fe8cb946-8258-4a5b-9423-73c64aac84e9;457.32;0.55;BUY
2016-04-24T00:31:00.876674;2016-04-24T00:31:00.936379;6028f6b1-41cc-40be-aeb3-e76c01b22e8a;457.32;0.440638;BUY
2016-04-24T00:32:01.836315;2016-04-24T00:32:01.876919;9c216218-9973-490b-91d6-3b45199854cc;457.31;1.54302;SELL
2016-04-24T00:32:30.921752;2016-04-24T00:32:30.955063;8a020089-bedb-4490-baa2-de04c044b1aa;457.32;0.16675;BUY
2016-04-24T00:32:31.440454;2016-04-24T00:32:31.501928;ca4efcf2-45b5-4b3f-8c40-f90322280526;457.32;0.03198;BUY
2016-04-24T00:32:31.451356;2016-04-24T00:32:31.533180;bfe99099-cf2b-44a1-9087-f15941c6dbe4;457.32;0.11802;BUY
2016-04-24T00:33:00.971645;2016-04-24T00:33:01.001948;85355262-ef8c-4ddd-b4c9-632e7ed733fa;457.31;0.15627;SELL
2016-04-24T00:33:02.034076;2016-04-24T00:33:02.080081;689ec8ee-6f1e-46c4-a7da-6dce01820d59;457.32;5.45299918;BUY
2016-04-24T00:33:07.279111;2016-04-24T00:33:07.314452;0db43673-6a39-4bb5-aefc-2a9e67987a0c;457.31;0.036;SELL
2016-04-24T00:33:30.895150;2016-04-24T00:33:30.923838;4ba798b3-b0ef-4c67-a892-73d6cb4b5849;457.32;1.08397;BUY
2016-04-24T00:34:31.208600;2016-04-24T00:34:31.267616;a47edc80-560b-453e-8bba-94741bab39eb;457.32;0.15;BUY
2016-04-24T00:34:31.208848;2016-04-24T00:34:31.283241;073793cc-3939-474c-8e51-0aabe8b40767;457.35;0.0115;BUY
2016-04-24T00:34:31.209050;2016-04-24T00:34:31.298866;94953384-c2ff-47c7-8424-61556565d536;457.4;0.015;BUY
2016-04-24T00:34:31.209211;2016-04-24T00:34:31.314492;501da028-90cd-4c36-a920-996bb61c53cf;457.42;0.03935;BUY
2016-04-24T00:35:01.060382;2016-04-24T00:35:01.095755;565d8faa-d0c9-4c03-adcd-13a7c571a76d;457.42;0.14564;BUY
2016-04-24T00:35:30.317932;2016-04-24T00:35:30.345771;28a9d40a-dc27-40b6-ba33-55c19b8a51a6;457.42;0.815;BUY
2016-04-24T00:35:31.025924;2016-04-24T00:35:31.064526;c4f3b718-efec-4f70-b3a4-7954a7148ce1;457.41;0.01;SELL
2016-04-24T00:35:31.026149;2016-04-24T00:35:31.080147;3854daea-f2bd-4176-bd49-1c4b71cb4a7e;457.41;0.0378;SELL
2016-04-24T00:35:31.026340;2016-04-24T00:35:31.095771;b187f6ea-fcc9-4cf6-8a9b-bca105a4d4f3;457.41;0.073;SELL
2016-04-24T00:35:31.026511;2016-04-24T00:35:31.111397;f334c1c1-7d86-47c8-b38b-6728c46c2d3c;457.4;0.01;SELL
2016-04-24T00:35:31.026671;2016-04-24T00:35:31.127022;2a0f349f-2533-46a8-b716-36c317fcd6fc;457.39;0.01;SELL
2016-04-24T00:35:31.026823;2016-04-24T00:35:31.142647;248bccbd-9a7d-41a7-962f-1f4911ce7f0f;457.38;0.444378;SELL
2016-04-24T00:35:31.026997;2016-04-24T00:35:31.158270;96250b00-181b-40f7-b45b-61ffe0a8e8f4;457.38;0.01;SELL
2016-04-24T00:35:31.027162;2016-04-24T00:35:31.173898;794b7db1-0d7f-49a7-9414-9a217652f24c;457.37;0.01;SELL
2016-04-24T00:35:31.027325;2016-04-24T00:35:31.189522;eafe8e6f-93e1-4c47-b9bc-89451212410c;457.36;0.01;SELL
2016-04-24T00:35:31.027491;2016-04-24T00:35:31.205149;dcfc3065-718a-4a39-bfa2-9af480d51ba1;457.35;0.01;SELL
2016-04-24T00:35:31.027651;2016-04-24T00:35:31.220773;1e8b7ebb-ef8a-45dc-90de-19eba164cbea;457.34;0.01;SELL
2016-04-24T00:35:31.027810;2016-04-24T00:35:31.236397;345e7117-0980-4391-92d6-d0a9e6587349;457.33;0.01;SELL
2016-04-24T00:35:31.027970;2016-04-24T00:35:31.267647;8eb92ed0-3f61-40a9-b8cf-2eed14ba62df;457.32;0.01;SELL
2016-04-24T00:35:31.028125;2016-04-24T00:35:31.267647;4fb7e504-68bf-422a-9f51-c3b2268e3096;457.31;0.436492;SELL
2016-04-24T00:35:42.947507;2016-04-24T00:35:42.986401;72092a5e-6f07-49dd-8058-f56c74384608;457.41;0.025;BUY
2016-04-24T00:35:42.947718;2016-04-24T00:35:43.002028;e6b39167-134d-4bec-a08b-c99ff6bc58fc;457.42;1e-05;BUY
2016-04-24T00:35:42.947883;2016-04-24T00:35:43.017652;56b9c6f4-2b00-430d-905c-f924b4171ea1;457.44;0.025;BUY
2016-04-24T00:35:42.948058;2016-04-24T00:35:43.033277;7a3ae51f-4c25-4d91-9182-8e1abf766c2f;457.45;0.02691089;BUY
2016-04-24T00:35:42.957267;2016-04-24T00:35:43.080152;fccec365-9120-4472-b920-2408ab2c791a;457.45;0.04407911;BUY
2016-04-24T00:35:42.965061;2016-04-24T00:35:43.095777;7a9db6e5-809c-4c57-b447-ca426ea43f8c;457.45;0.039;BUY
2016-04-24T00:35:56.482143;2016-04-24T00:35:56.517660;199cbee4-57f4-4e23-8620-5e792590a45c;457.45;0.334;BUY
2016-04-24T00:36:01.503418;2016-04-24T00:36:01.533286;b2caedce-ba5c-4301-8891-acd5d5c906c1;457.45;0.000388;BUY
2016-04-24T00:36:01.503643;2016-04-24T00:36:01.548910;0ece980a-8bde-4806-b3a7-1fd9362a5635;457.46;0.025;BUY
2016-04-24T00:36:01.503845;2016-04-24T00:36:01.564537;ad096118-0060-4b96-bf67-e77ea757c35f;457.46;0.012;BUY
2016-04-24T00:36:01.504049;2016-04-24T00:36:01.580161;7921d54b-ea0d-4d72-9803-618af45c1fa3;457.47;0.025;BUY
2016-04-24T00:36:01.504216;2016-04-24T00:36:01.595787;e66b3020-0da4-4cf1-8f81-10f336dc7fce;457.48;0.025;BUY
2016-04-24T00:36:01.504387;2016-04-24T00:36:01.627037;bad15b29-db8e-4304-888c-98df1862b8a9;457.49;0.025;BUY
2016-04-24T00:36:01.504551;2016-04-24T00:36:01.627037;82bcb07e-37a5-4ce1-8073-b613c1ae53ce;457.5;0.01;BUY
2016-04-24T00:36:01.504717;2016-04-24T00:36:01.642663;cd19ed50-626f-434d-8051-6aec84cecdee;457.5;0.026052;BUY
2016-04-24T00:36:19.330673;2016-04-24T00:36:19.361426;b5f49b48-b049-43b2-9883-fb650d0b1ccd;457.5;0.33910802;BUY
2016-04-24T00:36:19.330843;2016-04-24T00:36:19.377045;888a9e12-35b5-42f5-bafd-25b7dbccb4dc;457.5;0.01;BUY
2016-04-24T00:36:19.331022;2016-04-24T00:36:19.392671;66914ffa-d1a7-4f7c-b2f7-c01343534461;457.5;0.025;BUY
2016-04-24T00:36:19.331162;2016-04-24T00:36:19.408294;c1157b1a-43f5-4cf4-8f8d-0d771d282e24;457.5;1.62589198;BUY
2016-04-24T00:36:21.645677;2016-04-24T00:36:21.673925;295c4b28-1277-4c86-a327-a8377627e569;457.5;0.374;BUY
2016-04-24T00:36:30.968212;2016-04-24T00:36:31.002052;6238f000-5d28-4ba0-b00c-f0bdece625d8;457.5;0.00010802;BUY
2016-04-24T00:36:30.968501;2016-04-24T00:36:31.033302;0af5a7b5-5627-40c0-b84b-88200e69e30a;457.51;0.025;BUY
2016-04-24T00:36:30.968759;2016-04-24T00:36:31.033302;064c7915-0770-4974-b7ce-29b32dc3f634;457.52;0.01;BUY
2016-04-24T00:36:30.968992;2016-04-24T00:36:31.048926;7f51c530-809d-4d1c-b26e-59e1bb8d2e08;457.52;0.025;BUY
2016-04-24T00:36:30.969164;2016-04-24T00:36:31.064553;a08fa5d9-884f-4b4b-b871-3bb881ffe5f9;457.53;0.01;BUY
2016-04-24T00:36:30.969308;2016-04-24T00:36:31.080177;bb7b70b4-0754-4e57-89f7-58875fda4986;457.54;0.025;BUY
2016-04-24T00:36:30.969457;2016-04-24T00:36:31.095761;95ee3b07-c56e-44ae-81ee-069185307534;457.54;0.025;BUY
2016-04-24T00:36:30.969599;2016-04-24T00:36:31.111429;3953d979-6f6f-4fa9-9a5f-dd0d46c0e17f;457.55;0.025;BUY
2016-04-24T00:36:30.969750;2016-04-24T00:36:31.127051;2d9382c4-4bc7-4436-8a84-2ab9cd35608f;457.55;0.122;BUY
2016-04-24T00:36:30.969882;2016-04-24T00:36:31.142678;2990c568-d7fd-4a25-b4b0-4312db1b597b;457.56;0.81497198;BUY
2016-04-24T00:37:00.918346;2016-04-24T00:37:00.939571;84ae4c62-1729-4a1c-b3bf-51a37f2b0a54;457.56;0.18502802;BUY
2016-04-24T00:37:00.918657;2016-04-24T00:37:00.970818;0bba57ed-3bce-4828-93f1-a7ef9126d345;457.56;0.02056198;BUY
2016-04-24T00:37:30.518710;2016-04-24T00:37:30.548961;becb7b0e-6aa3-4b23-808b-c5bd952d1cae;457.56;0.01092089;BUY
2016-04-24T00:37:30.546215;2016-04-24T00:37:30.580207;d07671c5-c738-495b-8c7b-cc43749090c2;457.56;0.08337411;BUY
2016-04-24T00:37:30.567487;2016-04-24T00:37:30.611456;9dad08bf-1912-4f96-86e0-9252376d3684;457.56;0.022;BUY
2016-04-24T00:37:30.921404;2016-04-24T00:37:30.955207;a9cead01-2fb0-44a5-947c-6f3dc0d8fcb5;457.56;0.09314302;BUY
2016-04-24T00:37:30.921608;2016-04-24T00:37:30.970833;caa29e6a-d79f-460a-b142-fb2c584a0da1;457.56;0.436;BUY
2016-04-24T00:37:30.921776;2016-04-24T00:37:30.986458;cf7cedd5-3b7b-469d-9346-b52da460d8be;457.6;0.24974698;BUY
2016-04-24T00:38:01.109458;2016-04-24T00:38:01.142724;bc0c750e-237f-4225-953e-c7671a35a00e;457.6;1.67845;BUY
2016-04-24T00:38:30.865548;2016-04-24T00:38:30.892740;56aafc33-7370-4f01-be65-48233a4a3866;457.6;0.07180302;BUY
2016-04-24T00:38:30.865772;2016-04-24T00:38:30.908364;558ebb2c-7753-42fb-8058-64b9a0ebf599;457.6;0.01;BUY
2016-04-24T00:38:30.865952;2016-04-24T00:38:30.923995;3a9bdb75-e608-4819-9c72-0516b12b3a3c;457.6;0.41;BUY
2016-04-24T00:38:30.866130;2016-04-24T00:38:30.939617;ee7b17ce-2cfb-4d6d-91c9-905c9a50716e;457.6;0.109;BUY
2016-04-24T00:38:30.866273;2016-04-24T00:38:30.955199;8f9b590b-5f34-4f76-96a9-2e2017cc9197;457.61;0.015;BUY
2016-04-24T00:38:30.866421;2016-04-24T00:38:30.970863;15c7afbc-f312-4598-aa57-75027478f6ab;457.61;0.025;BUY
2016-04-24T00:38:30.866577;2016-04-24T00:38:30.986488;0cce8b1c-c578-4906-9dad-2d6c8a974096;457.64;0.01;BUY
2016-04-24T00:38:30.866725;2016-04-24T00:38:31.002114;193af45e-37a8-47d0-8e75-f74256a18acd;457.65;0.145;BUY
