time_exchange;time_coinpai;guid;price;base_amount;taker_side
2016-04-24T00:21:58.000000;2016-04-24T00:21:58.788070;e7429d85-aaad-4a94-8ffc-79c6e91cbd46;8.3484;3.218659;SELL
2016-04-24T00:22:08.000000;2016-04-24T00:22:08.506079;9bc92fa9-7c51-4f64-be89-b3b27b2e8468;8.331;2.0;SELL
2016-04-24T00:22:09.000000;2016-04-24T00:22:09.574378;ef07bca0-9760-414c-91ab-3e346b447fd4;8.331;2.0;SELL
2016-04-24T00:22:11.000000;2016-04-24T00:22:11.173313;38f8c077-c536-46a1-ad90-319359210727;8.331;1.26;SELL
2016-04-24T00:22:17.000000;2016-04-24T00:22:17.217923;2635bdbb-449e-4eb4-83da-e4857003f903;8.331;2.0;SELL
2016-04-24T00:22:17.000000;2016-04-24T00:22:17.708980;e26a8fec-5191-47ab-bf62-4989d570cddd;8.331;2.0;SELL
2016-04-24T00:22:23.000000;2016-04-24T00:22:23.904590;161a5dba-6771-4d42-a1a6-56f6288ea0df;8.331;2.0;SELL
2016-04-24T00:22:25.000000;2016-04-24T00:22:25.242729;72ec8c00-ffe5-43a1-85a6-5a8b0d47e6c1;8.331;2.0;SELL
2016-04-24T00:22:26.000000;2016-04-24T00:22:26.634897;0f88e0ae-7959-478c-940f-34a639a1fc80;8.331;2.0;SELL
2016-04-24T00:22:27.000000;2016-04-24T00:22:27.720976;507ab731-7c81-4c88-afd1-9d21c40977ea;8.331;2.0;SELL
2016-04-24T00:22:28.000000;2016-04-24T00:22:28.654073;840317c0-660a-4fd3-9019-7ce837dee3ea;8.331;2.0;SELL
2016-04-24T00:22:29.000000;2016-04-24T00:22:29.532146;5cf72c50-38dc-4a0d-b3d8-9afcd300bdbc;8.331;0.74;SELL
2016-04-24T00:22:29.000000;2016-04-24T00:22:29.544212;de775508-b6d6-4a1e-9cdb-b603ff19eadb;8.331;1.26;SELL
2016-04-24T00:22:31.000000;2016-04-24T00:22:31.672362;8490527a-83de-470c-8cf4-ffd6bc26523b;8.331;0.74;SELL
2016-04-24T00:22:32.000000;2016-04-24T00:22:32.776489;67eccd8c-c884-4bae-a5d1-dd198f258d0b;8.331;2.0;BUY
2016-04-24T00:22:33.000000;2016-04-24T00:22:33.404557;1c1bc854-0b1e-4288-ba36-e094e7ce0ce8;8.331;2.0;SELL
2016-04-24T00:22:33.000000;2016-04-24T00:22:34.064602;47028437-f7bd-4859-b206-c297418804d3;8.331;7.537463;SELL
2016-04-24T00:22:52.000000;2016-04-24T00:22:52.380449;117007d9-af73-4555-a0b7-bacbcb5879a7;8.319;5.97;SELL
2016-04-24T00:22:53.000000;2016-04-24T00:22:53.881582;3bf0af75-dbdf-4204-b395-21a08fe76102;8.319;5.97;SELL
2016-04-24T00:23:09.000000;2016-04-24T00:23:09.462150;c96bba6b-d68d-4fe4-b4d3-a6021c4c84b3;8.331;12.524463;SELL
2016-04-24T00:23:09.000000;2016-04-24T00:23:09.525166;f9a87df4-4441-42af-891e-47acc63cb363;8.319;4.135537;SELL
2016-04-24T00:23:13.000000;2016-04-24T00:23:13.380539;97f89842-21e0-40dc-a5c4-b3ec7a497393;8.319;3.924463;SELL
2016-04-24T00:23:13.000000;2016-04-24T00:23:13.388643;cb65274e-3129-4c85-9255-33eb8fb5d683;8.318;1.61822671;SELL
2016-04-24T00:23:13.000000;2016-04-24T00:23:13.400538;62c906d4-1393-413c-b23f-36826b8fca3f;8.3173;0.42731029;SELL
2016-04-24T00:23:24.000000;2016-04-24T00:23:24.054622;ebcb36ea-0a96-4999-80f2-c03085f930b4;8.3173;2.1416248;SELL
2016-04-24T00:23:24.000000;2016-04-24T00:23:24.092623;cc440aa6-0707-41ae-9e95-a1fa61e7e231;8.3173;1.78644093;SELL
2016-04-24T00:23:24.000000;2016-04-24T00:23:24.329180;4e81e6f3-5bab-46f0-b17a-7a234106e6e7;8.317;0.00193427;BUY
2016-04-24T00:31:10.000000;2016-04-24T00:31:10.328241;28d7a01f-e336-4f1f-be13-e2359f84eafb;8.316;214.7786862;SELL
2016-04-24T00:31:44.000000;2016-04-24T00:31:44.875681;2a0e835d-e5e6-47cb-918a-0ccd91fe434b;8.316;20.0;SELL
2016-04-24T00:31:47.000000;2016-04-24T00:31:47.203931;e72c929c-bf8a-4087-bdef-2a07c57fdddf;8.316;20.0;SELL
2016-04-24T00:31:49.000000;2016-04-24T00:31:49.125831;3bfbb73f-390f-44c8-9099-1e27ddff473c;8.316;20.0;SELL
2016-04-24T00:31:51.000000;2016-04-24T00:31:51.139043;b62dd981-076c-4ce7-b72e-f451c7e321dd;8.316;20.0;SELL
2016-04-24T00:31:52.000000;2016-04-24T00:31:52.929218;25540dae-3518-49be-b41d-cde8f628fc23;8.316;20.0;SELL
2016-04-24T00:31:56.000000;2016-04-24T00:31:56.238540;99c024ad-6669-47e1-9953-3d4f20250a7a;8.316;20.0;SELL
2016-04-24T00:31:58.000000;2016-04-24T00:31:58.030728;3a8598cc-d726-4874-b0a0-5cb8cc6063ae;8.316;10.2213138;SELL
2016-04-24T00:32:59.000000;2016-04-24T00:32:59.584955;e036cd99-f62f-4179-b679-8d74c9f737eb;8.301;7.0;SELL
2016-04-24T00:32:59.000000;2016-04-24T00:32:59.591865;5caf7578-dc99-4ef8-8be3-6d919041a554;8.301;1.7;SELL
2016-04-24T00:32:59.000000;2016-04-24T00:32:59.615887;becaa5b4-0492-40e3-bc65-1248beb58537;8.3;5.976024;SELL
2016-04-24T00:32:59.000000;2016-04-24T00:32:59.615887;7bd8adf1-80a7-4f79-bf8f-14d2dd64100c;8.3;98.3;SELL
2016-04-24T00:33:04.000000;2016-04-24T00:33:04.998412;0e74797f-564e-466d-ac3d-3066845ffd54;8.301;6.7;SELL
2016-04-24T00:33:04.000000;2016-04-24T00:33:05.005412;5bba384e-dd53-47bd-a746-33caf4ea5df8;8.3;2.0;SELL
2016-04-24T00:33:08.000000;2016-04-24T00:33:08.690778;ebdda2f3-6169-45fb-9d67-364cea2b597c;8.3;6.7;SELL
2016-04-24T00:36:51.000000;2016-04-24T00:36:51.452062;7df06dc1-133c-4a81-890e-fa16efec237f;8.2891;3.246279;SELL
2016-04-24T00:36:51.000000;2016-04-24T00:36:51.470069;9dc04d7f-0413-4813-a7c0-21df3279afb3;8.281;5.478721;SELL
2016-04-24T00:39:58.000000;2016-04-24T00:39:58.653766;2aa1ffc8-d595-474a-9f6e-57177b779c37;8.301;89.9454;SELL
2016-04-24T00:39:58.000000;2016-04-24T00:39:58.667782;9b8c6964-9e98-4115-8e31-61906221b5f8;8.301;12.347679;SELL
2016-04-24T00:40:00.000000;2016-04-24T00:40:00.634087;0e9fdc74-e215-482e-b498-7ac8b9b6f2f7;8.3093;6.09;BUY
2016-04-24T00:47:13.000000;2016-04-24T00:47:13.892852;489b2220-d3fd-4ed2-a9f1-61482602a3de;8.299;8.4;BUY
2016-04-24T00:47:13.000000;2016-04-24T00:47:13.904325;105714de-17b4-477a-bb0d-a9d8be7e8b07;8.3;10.8143469;BUY
2016-04-24T00:47:14.000000;2016-04-24T00:47:14.928443;010426b4-5090-4c00-bdee-e6e3a2be06b1;8.3;19.2143469;BUY
2016-04-24T00:47:16.000000;2016-04-24T00:47:16.191571;28c26832-1dfd-487f-9793-2f0ea3dfe657;8.3;12.43482718;BUY
2016-04-24T00:50:19.000000;2016-04-24T00:50:19.646962;71a2a9ad-cb52-47a5-ad50-5b3e6e84190e;8.3;6.0134622;BUY
2016-04-24T00:52:46.000000;2016-04-24T00:52:46.576605;e79ef8ff-fd39-4f10-88bd-7e87560aea49;8.3;0.2209;BUY
2016-04-24T00:54:30.000000;2016-04-24T00:54:30.741451;7cfe215c-eabd-40a0-9b0a-7a1c409f5460;8.3;1.30211682;BUY
2016-04-24T00:54:30.000000;2016-04-24T00:54:30.750022;20a9081b-9232-46aa-9ef6-af14fa8480bf;8.3;16.69788318;BUY
2016-04-24T00:54:34.000000;2016-04-24T00:54:34.834435;8909b880-3e4d-4743-982e-985f92434f2f;8.281;10.0;SELL
2016-04-24T00:56:06.000000;2016-04-24T00:56:06.200570;4f2a5fe7-a31f-4902-be07-a6cac49a104c;8.3;3.30211682;BUY
2016-04-24T00:56:06.000000;2016-04-24T00:56:06.232562;658eaca5-8749-434c-8d7f-5bb6b552c097;8.3;1.43016149;BUY
2016-04-24T00:56:09.000000;2016-04-24T00:56:09.068892;640d4094-231b-4168-8edf-720b66be5659;8.3;4.73227831;BUY
2016-04-24T00:56:12.000000;2016-04-24T00:56:12.112786;0f7e1d0b-23e1-4cf1-932b-4732346cff15;8.3;2.91674668;BUY
2016-04-24T00:59:04.000000;2016-04-24T00:59:05.030440;ad737f4c-a65c-419f-83d5-41329b7666b5;8.3;3.67;BUY
2016-04-24T00:59:06.000000;2016-04-24T00:59:06.261563;78aa95c6-4163-4b5d-a4f7-ec4d4f48c0c2;8.3;4.61;BUY
2016-04-24T00:59:06.000000;2016-04-24T00:59:06.981631;0b92f47a-ca68-4898-ac5d-9c0f2ba91e4b;8.3;2.64081352;BUY
2016-04-24T00:59:48.000000;2016-04-24T00:59:48.351764;8aa1fb8c-6a08-499e-a77b-f96e8bea7d21;8.31;17.3424;BUY
2016-04-24T01:03:27.000000;2016-04-24T01:03:27.194418;d257a590-4097-4e84-9b60-cfd429b43701;8.348;0.001341;BUY
2016-04-24T01:03:27.000000;2016-04-24T01:03:27.235408;8d6106c4-c637-4c62-a93d-43ce98a86694;8.383;10.0;BUY
2016-04-24T01:03:27.000000;2016-04-24T01:03:27.239438;e4cfe3fe-98a0-48d7-b294-860a6a0ad669;8.3891;3.241333;BUY
2016-04-24T01:03:27.000000;2016-04-24T01:03:27.266438;fbc424a6-7a22-404f-8048-528f74e02e75;8.46;50.0;BUY
2016-04-24T01:03:27.000000;2016-04-24T01:03:27.266438;da39109e-1ce0-4f34-a016-6c09cd5c6ad6;8.463;153.69;BUY
2016-04-24T01:03:27.000000;2016-04-24T01:03:27.266438;0277d09f-921e-4ac5-a92f-17a44eb7ae1d;8.464;88.6645;BUY
2016-04-24T01:03:27.000000;2016-04-24T01:03:27.266438;6f3ab565-d288-4a10-986c-ac2d37ef5682;8.4659;19.17591858;BUY
2016-04-24T01:03:27.000000;2016-04-24T01:03:27.585461;ab3d2b71-2f3a-45ff-a3a9-5fc8bd3eb9c5;8.47;19.17591858;SELL
2016-04-24T01:03:27.000000;2016-04-24T01:03:27.899480;7131d4a2-9a60-4cae-91cc-b01ab06417c3;8.47;1.24490284;SELL
2016-04-24T01:03:27.000000;2016-04-24T01:03:27.987035;8dcb6893-98cd-43e5-8cbb-0d3cdc4c0531;8.47;36.053902;SELL
2016-04-24T01:03:28.000000;2016-04-24T01:03:28.537542;18418b2a-ceea-4aea-a116-f13fbed95c24;8.47;154.1;SELL
2016-04-24T01:03:28.000000;2016-04-24T01:03:28.754569;f93895af-9873-48a5-9c81-a6591bdcefaf;8.47;14.2;SELL
2016-04-24T01:03:28.000000;2016-04-24T01:03:28.863612;3d95b161-eebf-4c4c-acba-8801b81b4641;8.47;19.17591858;SELL
2016-04-24T01:03:28.000000;2016-04-24T01:03:29.108601;6828a259-8690-45e4-ae72-fd4fc49e4b1d;8.47;54.54200168;SELL
2016-04-24T01:03:29.000000;2016-04-24T01:03:29.141940;063a4bf5-943d-4b1e-92de-df983787815b;8.47;18.78666367;SELL
2016-04-24T01:03:29.000000;2016-04-24T01:03:29.174608;7dc49413-b548-47e0-a5f4-27cbb797512c;8.47;1.2446121;SELL
2016-04-24T01:03:29.000000;2016-04-24T01:03:29.187628;dccd956d-16fe-4341-a7e2-61e829db88de;8.47;7.11417413;SELL
2016-04-24T01:03:29.000000;2016-04-24T01:03:29.294617;fb8f1187-a987-4ee8-b05d-5017331b63a0;8.47;19.17591858;SELL
2016-04-24T01:03:30.000000;2016-04-24T01:03:30.036698;60adc312-2967-4f5e-9ab4-5c9dcdce948f;8.47;7.11417413;SELL
2016-04-24T01:03:30.000000;2016-04-24T01:03:30.051755;67bfb72d-85e7-4c22-a989-5aa451109739;8.47;2.13992113;SELL
2016-04-24T01:03:32.000000;2016-04-24T01:03:33.104006;fad3eacf-aa36-425a-84f2-11fa36ca78d9;8.47;10.0;BUY
2016-04-24T01:10:13.000000;2016-04-24T01:10:14.018095;00c78549-bc76-4d17-961b-f45853537aa8;8.307;155.0;SELL
2016-04-24T01:10:29.000000;2016-04-24T01:10:30.385722;bea4af18-af74-43c2-b78d-241ee283101f;8.307;10.0;SELL
2016-04-24T01:13:42.000000;2016-04-24T01:13:42.169905;a5970d91-4bf8-4acc-9bc8-a6d51db5d30f;8.319;10.0;SELL
2016-04-24T01:24:01.000000;2016-04-24T01:24:01.961529;0bdc17c9-0f7d-46c3-a455-9b4affe3b908;8.2956;3.260366;SELL
2016-04-24T01:26:54.000000;2016-04-24T01:26:54.323755;afd864d2-3300-4168-9552-eb84e2e70c1f;8.389;8.3;BUY
2016-04-24T01:26:54.000000;2016-04-24T01:26:54.324742;2279c2a0-4cf6-4f8e-82e5-3376cc271a21;8.389;1.7;BUY
2016-04-24T01:31:33.000000;2016-04-24T01:31:33.091962;702362e7-a9dd-4efe-85a5-ac543403648c;8.316;3.244916;SELL
2016-04-24T01:31:33.000000;2016-04-24T01:31:33.106606;4fa0d667-e1ec-4931-928d-0b2be9a78480;8.31;6.755084;SELL
2016-04-24T01:36:34.000000;2016-04-24T01:36:34.814855;4c266010-993e-4588-a0cd-2bf6bf8c7ece;8.409;88.8504;BUY
2016-04-24T01:36:36.000000;2016-04-24T01:36:37.044047;f4c38020-6590-403c-9e13-f149d4bed4ca;8.41;19.17591858;SELL
2016-04-24T01:36:36.000000;2016-04-24T01:36:37.056037;9e7731a1-d2c9-4f42-b989-78f414975c54;8.41;19.17591858;SELL
2016-04-24T01:36:36.000000;2016-04-24T01:36:37.067057;db120e32-4aae-478c-a9f0-796d51d2641b;8.41;2.73632214;SELL
2016-04-24T01:36:37.000000;2016-04-24T01:36:37.150055;cc10dcba-76be-485b-913c-bb2e99d9af31;8.41;19.17591858;SELL
2016-04-24T01:36:50.000000;2016-04-24T01:36:50.199359;4b55f1ab-5912-453c-a2af-b78821601610;8.41;4.106102;SELL
2016-04-24T01:38:27.000000;2016-04-24T01:38:27.330075;aa6ec4a4-2026-46f2-b981-41d3e50cdb2f;8.4109;19.17591858;BUY
2016-04-24T01:38:27.000000;2016-04-24T01:38:27.337078;7ce08fbb-a2e7-46af-bdc0-df0c59ebb1ba;8.411;80.82408142;BUY
2016-04-24T01:51:22.000000;2016-04-24T01:51:22.822242;d6e83726-3941-4a5c-afd5-61347ce23bf2;8.405;1.0016;BUY
2016-04-24T02:09:04.000000;2016-04-24T02:09:04.674642;4ea0a973-bfd1-42ea-bb7b-afbc8e66d9d5;8.385;1.0201;BUY
2016-04-24T02:14:12.000000;2016-04-24T02:14:12.218416;89cadc81-9c7c-42b4-b41b-8837964e61bd;8.385;5.0;BUY
2016-04-24T02:30:28.000000;2016-04-24T02:30:28.105091;5b4696c0-2abd-4c3e-b230-d82edcb07e58;8.401;41.1294;BUY
2016-04-24T02:37:13.000000;2016-04-24T02:37:13.722049;8540f4f1-b727-4001-956a-637a43672be3;8.4;5.7;BUY
2016-04-24T02:37:39.000000;2016-04-24T02:37:39.303618;341166b1-0c72-4b39-b94c-e634fea6132b;8.4;0.05251005;BUY
2016-04-24T02:37:39.000000;2016-04-24T02:37:39.309612;7fb466af-6ac6-4a9e-9379-fc5a4d44f8a5;8.401;8.8706;BUY
2016-04-24T02:37:39.000000;2016-04-24T02:37:39.334668;d838f233-15ed-4aa4-9f08-a321e94915ca;8.4197;10.27688995;BUY
2016-04-24T02:40:11.000000;2016-04-24T02:40:14.634134;309291a2-a196-481a-979e-d61b959d8917;8.4197;3.19117835;BUY
2016-04-24T02:40:11.000000;2016-04-24T02:40:14.725140;c7b79de8-1ca5-4a99-b3ac-52ea85d18340;8.4197;5.70785028;BUY
2016-04-24T02:40:17.000000;2016-04-24T02:40:17.559420;7a63aadc-f2c7-4a95-b707-3cde279b452a;8.4389;2.57847357;BUY
2016-04-24T02:42:04.000000;2016-04-24T02:42:04.312102;96c556a4-1acb-4622-b2f1-100ac5017271;8.4474;17.03599745;BUY
2016-04-24T02:42:04.000000;2016-04-24T02:42:04.321095;1e11a355-0b2f-4006-b7c9-41de62567c55;8.4475;19.76829732;BUY
2016-04-24T02:42:04.000000;2016-04-24T02:42:04.322123;d77e78d0-9c29-478b-9888-6ebbdbba601a;8.4476;2.68607485;BUY
2016-04-24T02:42:04.000000;2016-04-24T02:42:04.352633;0c839226-1e10-45cb-b4c3-15588161ec4a;8.45;3.0;BUY
2016-04-24T02:42:23.000000;2016-04-24T02:42:23.292995;42f82df7-5269-4cb6-8efc-3d0ef5a36c83;8.4647;2.68607485;BUY
2016-04-24T02:42:23.000000;2016-04-24T02:42:23.299046;b7f1818e-09c6-4a5e-babd-fd7a62c28985;8.4648;19.17591858;BUY
2016-04-24T02:42:23.000000;2016-04-24T02:42:23.309016;043ddb25-2be7-49e2-bb90-fcb5e9757c16;8.4648;2.57847357;BUY
2016-04-24T02:42:23.000000;2016-04-24T02:42:23.330003;7eeba8f4-ea3a-41b5-8b03-3a93a0aca878;8.47;14.42304695;BUY
2016-04-24T02:42:26.000000;2016-04-24T02:42:26.237281;92d1a7f5-9a0c-45d7-821f-d044f62dc5e1;8.47;19.0;SELL
2016-04-24T02:43:04.000000;2016-04-24T02:43:04.466113;98acae80-9e7d-4545-8d45-82b0f2357959;8.48;19.0;BUY
2016-04-24T02:43:04.000000;2016-04-24T02:43:04.481435;284d3454-018a-4da1-8327-50a65ac39f06;8.49;10.0;BUY
2016-04-24T02:43:04.000000;2016-04-24T02:43:04.497542;1c4ebb8d-c2f2-42a3-87c9-cffa0d0f39e7;8.49;50.0;BUY
2016-04-24T02:43:04.000000;2016-04-24T02:43:04.497542;bc66fa55-18f7-42d7-8e8d-1598b71599a1;8.49;0.2;BUY
2016-04-24T02:43:14.000000;2016-04-24T02:43:15.038195;90656c09-3a9a-4ac0-8b70-ccda8fef233d;8.49;95.0675;SELL
2016-04-24T02:47:36.000000;2016-04-24T02:47:36.923352;a10c844c-df86-44f2-8829-a6bc4ed6357e;8.4351;3.19117835;SELL
2016-04-24T02:47:36.000000;2016-04-24T02:47:36.936365;8efbeeb5-729d-4f52-973f-ec6dc8790df3;8.435;87.8436;SELL
2016-04-24T02:47:36.000000;2016-04-24T02:47:36.937354;17c94b09-1a61-4f71-9518-e0578e1cdd8f;8.4341;5.70785028;SELL
2016-04-24T02:47:36.000000;2016-04-24T02:47:36.967387;a34125ea-1067-4fa0-9bfd-a84da47fe1e8;8.4331;8.89902863;SELL
2016-04-24T02:47:36.000000;2016-04-24T02:47:36.968353;fe9e7252-d9c9-488a-9a65-4ae7cfeb0371;8.4331;4.68519203;SELL
2016-04-24T02:47:36.000000;2016-04-24T02:47:36.968353;19b4d259-6aa1-4223-a8c8-28d249eb6ce4;8.4329;3.238118;SELL
2016-04-24T02:50:17.000000;2016-04-24T02:50:17.818765;2f05ce69-7c8d-4bd4-9bec-12c64421d69c;8.461;1.0;BUY
2016-04-24T02:59:14.000000;2016-04-24T02:59:14.775487;fb38f415-f74b-41db-b2fa-3351d416a171;8.391;3.2;SELL
2016-04-24T02:59:14.000000;2016-04-24T02:59:14.828467;f5e6126e-649a-463a-93ba-07c29bb4f4a5;8.39;3.215387;SELL
2016-04-24T03:09:21.000000;2016-04-24T03:09:22.000304;684edd1d-88ac-4639-8207-238cfcceb102;8.3822;0.32497978;SELL
2016-04-24T03:11:12.000000;2016-04-24T03:11:13.110448;e4ad0f9d-6518-4a90-8521-01d346265d88;8.3822;2.89138222;SELL
2016-04-24T03:11:12.000000;2016-04-24T03:11:13.121409;14885d64-8a1d-4873-8bbf-fefce1e3d87e;8.3822;3.20861778;SELL
2016-04-24T03:32:14.000000;2016-04-24T03:32:14.657719;1be59510-231d-436f-8068-7900f3829c69;8.43;1.52005427;BUY
2016-04-24T03:32:17.000000;2016-04-24T03:32:17.603976;eff68dc9-5a4b-4723-ac84-8f9f8a6d182c;8.43;0.00609851;BUY
2016-04-24T03:34:56.000000;2016-04-24T03:34:56.910219;8048f977-adec-41e7-bdc6-7c87bc282061;8.47;19.21434727;BUY
2016-04-24T03:34:58.000000;2016-04-24T03:34:58.375225;b5b1f59e-7332-4ef4-b7ae-3d1168b68414;8.47;3.38133508;BUY
2016-04-24T03:35:02.000000;2016-04-24T03:35:02.198624;5a529b46-7552-4fa0-a13e-edbd991439dc;8.47;3.38133508;BUY
2016-04-24T03:35:03.000000;2016-04-24T03:35:03.516739;45eeaf3f-ae28-43aa-a540-dd6a81788d08;8.47;4.0;BUY
2016-04-24T03:35:06.000000;2016-04-24T03:35:06.098013;62d4239c-0bdb-4b4f-8747-060c3d382b0a;8.47;0.02298257;BUY
2016-04-24T03:35:06.000000;2016-04-24T03:35:06.105006;387960ce-581c-449d-af23-a8f76f18495e;8.48;3.35835251;BUY
2016-04-24T03:35:09.000000;2016-04-24T03:35:09.397342;cbed455d-a592-4fe3-92d6-f4e93a097082;8.48;3.38133508;BUY
2016-04-24T03:35:12.000000;2016-04-24T03:35:12.301620;742b70ea-03bb-4662-bfbc-ff6fc1a4db9b;8.48;2.97291194;BUY
2016-04-24T03:35:16.000000;2016-04-24T03:35:16.399047;5bb2d700-4470-4609-8013-973d40ec5f40;8.48;2.97291194;BUY
2016-04-24T03:35:19.000000;2016-04-24T03:35:19.278356;33ba8f5e-20d5-4973-addb-5faf52157242;8.48;3.01827642;BUY
2016-04-24T03:35:23.000000;2016-04-24T03:35:23.942797;3d3da86e-8488-49ba-a59b-2aa30c443373;8.48;2.97291194;BUY
2016-04-24T03:35:26.000000;2016-04-24T03:35:26.426046;60afa45a-62f2-40db-b12e-91615b5d2f84;8.48;1.32330017;BUY
2016-04-24T03:35:26.000000;2016-04-24T03:35:26.435093;34d81690-8c12-45e9-8a74-d467c941384d;8.48;1.64961177;BUY
2016-04-24T03:35:29.000000;2016-04-24T03:35:29.411404;98a793b6-2212-4c47-98fd-3ed81de4c14e;8.48;2.97291194;BUY
2016-04-24T03:35:33.000000;2016-04-24T03:35:33.201729;9588fbcd-819c-411a-9241-9d1b46551f25;8.48;3.01827642;BUY
2016-04-24T03:35:37.000000;2016-04-24T03:35:37.336122;5f447a95-8203-4915-be11-bd17dedcb9f9;8.48;2.97291194;BUY
2016-04-24T03:35:40.000000;2016-04-24T03:35:41.007494;12b9c1b7-8267-4127-a874-0f2571d38cbf;8.48;2.92755142;BUY
2016-04-24T03:35:43.000000;2016-04-24T03:35:43.995808;0e8babb7-8077-4a46-9bdf-34f8cb6f2b42;8.48;2.92755142;BUY
2016-04-24T03:35:46.000000;2016-04-24T03:35:46.268225;616d5b88-fc6e-41a6-92ce-76f71582a6b4;8.48;2.92755142;BUY
2016-04-24T03:35:48.000000;2016-04-24T03:35:49.053305;3f8ffeed-a92b-467f-aec8-6f9ad1a8ec49;8.48;0.60363367;BUY
2016-04-24T03:35:48.000000;2016-04-24T03:35:49.067317;f476f133-9249-4285-83bf-26cbb593589c;8.48;2.32391775;BUY
2016-04-24T03:35:52.000000;2016-04-24T03:35:52.340631;0e5b1361-b27a-4262-82fe-d20a2139ec74;8.48;2.92755142;BUY
2016-04-24T03:36:23.000000;2016-04-24T03:36:23.058725;85bd12e8-b34d-4b9a-b5bf-3ca3f5b43f1c;8.48;3.01827642;BUY
2016-04-24T03:36:52.000000;2016-04-24T03:36:52.752698;b9dc11ed-27de-4f27-b387-3c37be1d5bb0;8.48;1.3;BUY
2016-04-24T03:36:59.000000;2016-04-24T03:36:59.668404;e555c33c-8e61-4ed2-b9cf-2b715ac56535;8.48;3.08538729;BUY
2016-04-24T03:37:01.000000;2016-04-24T03:37:01.726587;76b6b649-70ac-468d-b0fc-803e247ca0b4;8.48;7.34486712;BUY
2016-04-24T03:37:01.000000;2016-04-24T03:37:01.739601;dc490da1-1c58-4d7a-909e-059df947edd9;8.48;0.25513288;BUY
2016-04-24T03:37:02.000000;2016-04-24T03:37:02.598710;6e645e74-5240-465a-8e0d-3cccfd72f63c;8.48;3.08538729;BUY
2016-04-24T03:37:05.000000;2016-04-24T03:37:05.321927;0063d52c-2325-4925-aed2-d30585bf817c;8.48;3.08538729;BUY
2016-04-24T03:37:05.000000;2016-04-24T03:37:05.337941;2b84b346-e4d0-4e73-9a49-6b890a371bb8;8.479;1.0180598;SELL
2016-04-24T03:37:08.000000;2016-04-24T03:37:08.946280;fc3b2411-fcba-4628-8ee0-8a045c83b292;8.48;3.0401149;BUY
2016-04-24T03:37:12.000000;2016-04-24T03:37:12.278626;e3759621-58da-468f-85ff-271ba10f2cce;8.48;2.57076111;BUY
2016-04-24T03:37:51.000000;2016-04-24T03:37:51.497576;86192397-31bd-4223-ac42-1cfe3145c810;8.48;3.04216456;BUY
2016-04-24T03:37:54.000000;2016-04-24T03:37:54.239831;803845a5-9b40-48a1-9df7-e0bac758e6ca;8.48;3.08753511;BUY
2016-04-24T03:37:59.000000;2016-04-24T03:37:59.691370;0e46db56-4b02-4659-8c60-ba50f4220d8e;8.48;1.83351686;BUY
2016-04-24T03:37:59.000000;2016-04-24T03:37:59.693412;cda9916a-5234-4de2-a8cd-1b9633b98442;8.48;1.25401825;BUY
2016-04-24T03:38:04.000000;2016-04-24T03:38:04.135816;cd218d4e-53be-4e90-945b-5d737e41c016;8.48;3.08753511;BUY
2016-04-24T03:38:07.000000;2016-04-24T03:38:07.049099;c2b50748-ff2b-44cc-abba-ddb4f25d7b51;8.48;3.08753511;BUY
2016-04-24T03:38:12.000000;2016-04-24T03:38:12.991700;8b4bc4f0-c8f1-4aa1-b33d-10c87b44f883;8.48;3.0401149;BUY
2016-04-24T03:38:15.000000;2016-04-24T03:38:15.188943;797a9c04-f693-48a1-bfef-f300c0924c67;8.48;3.0401149;BUY
2016-04-24T03:38:17.000000;2016-04-24T03:38:17.595203;69db36ab-e461-4cc4-9212-0c8797660cdd;8.48;3.08538729;BUY
2016-04-24T03:38:21.000000;2016-04-24T03:38:21.122518;1d3f3a55-1d31-4758-83be-51a95324f0c8;8.48;3.08538729;BUY
2016-04-24T03:38:22.000000;2016-04-24T03:38:22.667673;d04d0d0c-b292-4403-a600-16a39bddc5ad;8.48;0.31990715;BUY
2016-04-24T03:38:22.000000;2016-04-24T03:38:22.675690;2da69726-19aa-4437-83df-b4de84a0476e;8.48;0.69609285;BUY
2016-04-24T03:38:25.000000;2016-04-24T03:38:25.103902;55830a06-534b-4bd4-9496-5940ddf3069e;8.48;3.0401149;BUY
2016-04-24T03:38:31.000000;2016-04-24T03:38:31.605587;d8c2ee27-f5d9-45a2-9ea8-9c0f6a272c7a;8.48;3.08538729;BUY
2016-04-24T03:38:35.000000;2016-04-24T03:38:35.232906;7032b56f-f4d1-4c34-9f53-9771de2121d7;8.48;2.76852216;BUY
2016-04-24T03:38:38.000000;2016-04-24T03:38:38.303226;ce03668f-5fee-49a7-a3a9-79b1a2b7b562;8.48;2.76852216;BUY
2016-04-24T03:38:40.000000;2016-04-24T03:38:40.790505;a8504f20-64ae-44ff-9fb9-5440fe51dd09;8.48;2.76852216;BUY
2016-04-24T03:38:45.000000;2016-04-24T03:38:46.022013;d2db932c-71fe-4acb-857d-830fb495489a;8.479;2.1996032;SELL
2016-04-24T03:38:45.000000;2016-04-24T03:38:46.030997;b4620e81-5db6-44d9-9f51-1d9a2b4bea85;8.479;3.189811;SELL
2016-04-24T03:38:45.000000;2016-04-24T03:38:46.037005;2a1acbee-89c5-4738-856a-96edb3ea3f05;8.479;6.7105858;SELL
2016-04-24T03:38:54.000000;2016-04-24T03:38:54.244810;c8ad84d0-1248-4b72-bcc8-5e851a826686;8.48;2.77002458;BUY
2016-04-24T03:38:56.000000;2016-04-24T03:38:56.802063;5f129509-e30d-4833-bd7b-d614238a33a6;8.48;2.1028139;BUY
2016-04-24T03:38:56.000000;2016-04-24T03:38:56.807060;a8948597-2c52-495f-b0e7-d8581aa6cd1a;8.48;0.66721068;BUY
2016-04-24T03:39:02.000000;2016-04-24T03:39:02.563655;fa73f992-0550-4b6b-b343-a986e3083c5e;8.48;2.77002458;BUY
2016-04-24T03:39:05.000000;2016-04-24T03:39:05.476945;b3001019-1d07-46d2-b5a6-b42ad2bf543a;8.48;2.77002458;BUY
2016-04-24T03:39:08.000000;2016-04-24T03:39:08.341307;12a46dc4-a181-435f-9a0a-25cc223d23bd;8.48;2.77002458;BUY
2016-04-24T03:39:11.000000;2016-04-24T03:39:11.109534;2d998fdc-9ae3-425c-bd1f-a5666b1a30ee;8.48;2.88050329;BUY
2016-04-24T03:39:18.000000;2016-04-24T03:39:18.389245;69b9b739-9529-4ffe-9df4-41cceeefd8a1;8.48;2.88050329;BUY
2016-04-24T03:39:20.000000;2016-04-24T03:39:20.677466;57b9815d-ddfc-4857-afdb-3a8aa1b1d05c;8.48;2.88050329;BUY
2016-04-24T03:39:23.000000;2016-04-24T03:39:23.274728;38232974-9507-4bb4-af02-b0e7310a507a;8.48;2.38120571;BUY
2016-04-24T03:39:23.000000;2016-04-24T03:39:23.280720;19ef3fea-1b7e-4dd3-a51b-e8bfb16f5fac;8.48;0.49929758;BUY
2016-04-24T03:39:26.000000;2016-04-24T03:39:26.053039;78ff4d63-1458-4911-9ff7-672859a8b8f5;8.48;2.88050329;BUY
2016-04-24T03:39:28.000000;2016-04-24T03:39:28.458244;40e1ba08-c4a6-4ef6-afc6-b2c87fc1dff8;8.48;2.88050329;BUY
2016-04-24T03:39:30.000000;2016-04-24T03:39:30.960517;2d321e28-05fb-46d9-a940-1b470ea7ebcb;8.48;3.51585423;BUY
2016-04-24T03:39:33.000000;2016-04-24T03:39:33.898783;8fa9a2a8-5fff-46a4-80fe-0e4a8f8fe585;8.48;10.22384114;BUY
2016-04-24T03:39:34.000000;2016-04-24T03:39:34.256819;d40ccd80-921f-432c-b0ae-c9d8d46f4815;8.48;4.24292195;BUY
2016-04-24T03:39:35.000000;2016-04-24T03:39:35.249920;1a8fbf9e-0b82-474f-9292-8d40ba70d245;8.48;10.22384114;BUY
2016-04-24T03:39:36.000000;2016-04-24T03:39:36.895117;95c3a69a-2884-47c2-8590-538358ba1195;8.48;4.13215275;BUY
2016-04-24T03:39:38.000000;2016-04-24T03:39:38.184215;69bc77af-3e9e-42ae-8842-7e68f6733b05;8.48;8.33358416;BUY
2016-04-24T03:39:38.000000;2016-04-24T03:39:38.861294;15f7f1e2-f782-4b98-9eaa-6630d4059db0;8.499;1.89025698;BUY
2016-04-24T03:47:02.000000;2016-04-24T03:47:02.518639;72d913d4-e38c-45df-900e-6c97f6c56083;8.489;5.0;SELL
2016-04-24T04:00:10.000000;2016-04-24T04:00:10.933040;4ea48e6f-fdc5-4cb4-aff7-27854b588dde;8.491;87.4045;SELL
2016-04-24T04:00:10.000000;2016-04-24T04:00:10.939039;e2538ad0-39b6-4bc7-8b5a-d22afa0abd00;8.49;62.5955;SELL
2016-04-24T04:00:20.000000;2016-04-24T04:00:20.918039;99f7739f-c5d9-4732-8399-3d20c5cae5ca;8.49;30.0;SELL
2016-04-24T04:01:27.000000;2016-04-24T04:01:27.569705;3fefd23e-3f8b-473a-97db-de2b88202795;8.49;7.4045;SELL
2016-04-24T04:03:06.000000;2016-04-24T04:03:06.378580;fa5934d8-f443-4ec8-b26d-ca37e5bf43e7;8.48;3.5092;SELL
2016-04-24T04:12:14.000000;2016-04-24T04:12:14.629224;d7c736a0-91d0-4582-9a9f-0db71f541bf0;8.48;0.62295275;SELL
2016-04-24T04:20:09.000000;2016-04-24T04:20:10.007031;e31eeca1-4c5c-475d-9d0f-60049a2f9e63;8.477;5.0;BUY
2016-04-24T04:20:09.000000;2016-04-24T04:20:10.018025;db52163f-259c-4813-b821-401c8be045a9;8.478;45.0;BUY
2016-04-24T04:20:36.000000;2016-04-24T04:20:36.865700;af16963e-d5bc-470c-a131-4dcaa80ab1c7;8.49;50.0;BUY
2016-04-24T04:52:28.000000;2016-04-24T04:52:28.810349;bfebc590-a0a4-461a-a0f9-346386d20e13;8.433;1.0;SELL
2016-04-24T04:52:53.000000;2016-04-24T04:52:53.099778;66bab02d-0849-40bc-b8be-24d0f5f0dfc3;8.433;3.195633;SELL
2016-04-24T04:52:53.000000;2016-04-24T04:52:53.109762;763de5b2-4f84-48aa-bb8d-64ce8f42c012;8.43;1.51395576;SELL
2016-04-24T04:52:53.000000;2016-04-24T04:52:53.115759;9eedce21-e7c2-4687-8aa4-baa1c425e6aa;8.355;30.0;SELL
2016-04-24T04:52:53.000000;2016-04-24T04:52:53.140760;c6aab97b-aebf-4f8a-af0c-da3ad8c26882;8.35;88.0833;SELL
2016-04-24T04:52:53.000000;2016-04-24T04:52:53.140760;bbfb7def-6efd-4aec-b8ad-562e958979f5;8.349;27.20711124;SELL
2016-04-24T04:53:00.000000;2016-04-24T04:53:00.734529;01df9ce2-a68e-446d-a5d7-2f1dc901aca5;8.352;22.1;SELL
2016-04-24T04:53:00.000000;2016-04-24T04:53:00.743531;df7bcbfc-3e2a-47f1-9f12-c653edb21208;8.352;87.9;SELL
2016-04-24T04:55:09.000000;2016-04-24T04:55:09.564411;696e44f5-20d1-4d01-abad-82be4bf4237a;8.4;39.98;SELL
2016-04-24T04:55:13.000000;2016-04-24T04:55:13.071801;4dfcd84c-0dd3-41a3-8916-d326205fdcf5;8.4913;5.4;BUY
2016-04-24T04:55:13.000000;2016-04-24T04:55:13.073802;d9bce7a6-043b-4ed9-a188-5e337818f6fb;8.4913;17.7;BUY
2016-04-24T05:00:34.000000;2016-04-24T05:00:34.611957;71ad1940-af37-46f6-816c-bfdfd8759beb;8.4923;5.042;BUY
2016-04-24T05:00:34.000000;2016-04-24T05:00:34.651924;23a7106d-f56c-45e7-be8a-e2e08e2b1fa5;8.5;14.958;BUY
2016-04-24T05:16:30.000000;2016-04-24T05:16:30.250784;9066fb55-1691-41c3-94fa-76b128587ef9;8.5;40.0;BUY
2016-04-24T05:21:59.000000;2016-04-24T05:21:59.512222;e0a64b45-956f-4fdc-835f-936088f72e1e;8.5;60.0;BUY
2016-04-24T05:26:17.000000;2016-04-24T05:26:17.089965;d8d16b3a-c60c-4a6b-8ec7-022a4ac9e6d2;8.5;0.47;BUY
2016-04-24T05:35:38.000000;2016-04-24T05:35:38.835235;3a10f572-be3b-4e45-bd9a-8248c9a72095;8.4913;25.0;SELL
2016-04-24T05:40:22.000000;2016-04-24T05:40:22.123550;97c43974-7928-4ee4-b48c-8c78c380348e;8.4913;1.33236083;SELL
2016-04-24T05:40:25.000000;2016-04-24T05:40:25.102849;7edd28f5-bfca-4850-94c2-b89630f84edc;8.4913;0.56763917;SELL
2016-04-24T06:28:39.000000;2016-04-24T06:28:39.582061;fa009e06-70e5-4722-9851-56b7ec004cb4;8.3577;1.4;BUY
2016-04-24T06:29:07.000000;2016-04-24T06:29:07.534812;e6e57aa6-6442-488e-a5f6-5af321e8095e;8.3567;1.4;SELL
2016-04-24T06:29:17.000000;2016-04-24T06:29:17.569825;8cef1e0c-8908-4c05-af31-ba14862ec06a;8.3577;6.0;BUY
2016-04-24T06:29:37.000000;2016-04-24T06:29:37.594860;0caef463-4159-4d9f-afd6-eb3f330606d5;8.3567;3.7187;SELL
2016-04-24T06:45:03.000000;2016-04-24T06:45:03.857879;bec3ec2a-1b6a-4618-9c93-71f15c177d39;8.35;0.18789;SELL
2016-04-24T06:45:53.000000;2016-04-24T06:45:53.144823;b319dd85-a744-4f5e-a3d3-21f419f726e8;8.35;23.97328333;SELL
2016-04-24T06:46:20.000000;2016-04-24T06:46:20.240519;89ae480c-2d32-49c0-98e5-9375d5d463f4;8.35;0.18789;SELL
2016-04-24T06:49:59.000000;2016-04-24T06:49:59.236754;f98ff329-57bc-4b37-89d8-6abad774f46b;8.35;0.27442;SELL
2016-04-24T06:50:07.000000;2016-04-24T06:50:07.128547;920c835f-515c-4871-8ac4-af58075d7b18;8.35;0.13721;SELL
2016-04-24T07:00:49.000000;2016-04-24T07:00:49.508779;7d1e088d-03bb-400e-beac-b8b7d1d4e79b;8.35;1.26189;SELL
2016-04-24T07:03:49.000000;2016-04-24T07:03:49.650783;07c9eaa0-136b-47f2-a19d-cc5c56b8978b;8.35;3.81698936;SELL
2016-04-24T07:03:52.000000;2016-04-24T07:03:52.879108;e5d091a9-70c1-459d-a3e5-034c72412f0d;8.35;3.81698936;SELL
2016-04-24T07:03:56.000000;2016-04-24T07:03:56.130468;040c12da-1bd1-42cf-a777-4ff044fc4419;8.35;3.93376107;SELL
2016-04-24T07:03:57.000000;2016-04-24T07:03:57.943627;db3c8484-4cd6-4dc7-bf3f-00ffccf9fe5f;8.35;3.93376107;SELL
2016-04-24T07:04:01.000000;2016-04-24T07:04:01.780010;89cdf257-d218-4e80-8b5f-a08e79dee2df;8.35;3.93376107;SELL
2016-04-24T07:04:05.000000;2016-04-24T07:04:05.108347;324a8942-a509-40e4-bed6-118d99a8bcc3;8.35;4.51781288;SELL
2016-04-24T07:04:07.000000;2016-04-24T07:04:07.373569;65b465fe-a209-4c04-9027-b3d8f9c7015b;8.35;0.02434186;SELL
2016-04-24T07:04:12.000000;2016-04-24T07:04:13.550189;487fef7b-c6db-4855-b6c8-95b1df12a468;8.3243;0.54644809;SELL
2016-04-24T07:04:12.000000;2016-04-24T07:04:13.580176;5f99096f-e3d8-4fc3-895f-65105646b25e;8.32;10.0;SELL
2016-04-24T07:04:12.000000;2016-04-24T07:04:13.585191;664870a3-e2c6-4419-8384-f38d115eec9b;8.32;50.0;SELL
2016-04-24T07:04:12.000000;2016-04-24T07:04:13.611194;914fa621-0f99-450e-9c16-23522043a5c6;8.316;50.0;SELL
2016-04-24T07:04:12.000000;2016-04-24T07:04:13.618199;ed134db5-271d-4b0a-9883-3616b16af9b0;8.314;50.0;SELL
2016-04-24T07:04:12.000000;2016-04-24T07:04:13.642202;e13fc701-e6e8-4e5f-b100-c64bcd4f7082;8.3123;0.54794521;SELL
2016-04-24T07:04:12.000000;2016-04-24T07:04:13.643192;842956a1-86c9-47de-b775-4b880093e7fd;8.31;50.0;SELL
2016-04-24T07:04:12.000000;2016-04-24T07:04:13.643192;f9de830c-10a5-46e0-b871-b90219182410;8.3061;19.18359202;SELL
2016-04-24T07:04:12.000000;2016-04-24T07:04:13.648206;aaa1fdca-e51a-47d3-a000-334ca26be261;8.3;3.597;SELL
2016-04-24T07:04:12.000000;2016-04-24T07:04:13.674186;9b5ed877-59e3-494e-8d8a-05926d04f3c0;8.3;50.0;SELL
2016-04-24T07:04:12.000000;2016-04-24T07:04:13.674186;9b646de6-5ad4-451a-97dc-5e2cc8eb3128;8.2983;3.21115;SELL
2016-04-24T07:04:12.000000;2016-04-24T07:04:13.674186;0b0d5501-d760-490c-bfd8-4268c9716c7d;8.295;50.0;SELL
2016-04-24T07:04:12.000000;2016-04-24T07:04:13.705194;20d837ba-1dba-4312-aeb8-186fc9dc7b38;8.286;0.85;SELL
2016-04-24T07:04:12.000000;2016-04-24T07:04:13.705194;46d203ab-327b-42a8-bf50-218ef6492856;8.2696;1.091287;SELL
2016-04-24T07:04:12.000000;2016-04-24T07:04:13.719192;adab91f0-ce4d-4507-b62d-06cdb31e72c3;8.267;5.97257768;SELL
2016-04-24T07:04:19.000000;2016-04-24T07:04:19.314482;8dae0715-38f7-4db6-856a-f05c19dbe0e8;8.2672;19.18359202;SELL
2016-04-24T07:04:19.000000;2016-04-24T07:04:19.322485;cd127bef-b37b-4420-80ba-23e426bb8aa1;8.267;130.81640798;SELL
2016-04-24T07:13:43.000000;2016-04-24T07:13:43.839924;31cbdf3e-4dba-4ccc-83f9-3693307131a9;8.27;20.0;SELL
2016-04-24T07:21:41.000000;2016-04-24T07:21:42.007232;413f6075-3a2e-4767-b366-a72e97685efe;8.27;19.17591858;SELL
2016-04-24T07:21:42.000000;2016-04-24T07:21:42.910295;f8cdafdb-1cdc-4f67-ab6c-fab8f3cda9dc;8.27;10.82408142;SELL
2016-04-24T07:21:42.000000;2016-04-24T07:21:42.919307;0cf39a2f-c78a-4e07-ab89-9f0af473f7a9;8.265;5.0;SELL
2016-04-24T07:21:50.000000;2016-04-24T07:21:50.911091;126dee12-fbf6-4faf-bd82-37267d6f7c9c;8.26;0.90595918;SELL
2016-04-24T07:21:50.000000;2016-04-24T07:21:50.914146;47be0acf-2257-4b51-a3d0-7610b04f5f42;8.26;1.0237;SELL
2016-04-24T07:21:50.000000;2016-04-24T07:21:50.942091;c4de61a9-7864-4b59-a3a6-a8aa6bf7761c;8.26;6.76492611;SELL
2016-04-24T07:23:13.000000;2016-04-24T07:23:13.484337;75bf5618-5313-4cc0-8a9d-a6d457b4ad92;8.26;28.90583136;SELL
2016-04-24T07:23:14.000000;2016-04-24T07:23:14.373438;9b2cd159-b20f-44fd-b8b1-d015361bf5d9;8.26;14.32924253;SELL
2016-04-24T07:23:14.000000;2016-04-24T07:23:14.373438;8d29f86b-6b8f-4cc9-b808-8dad258f802b;8.2597;0.55005501;SELL
2016-04-24T07:23:14.000000;2016-04-24T07:23:14.381481;030b99a1-abcb-4e3f-8b92-a4e37345092a;8.25;48.81803804;SELL
2016-04-24T07:23:14.000000;2016-04-24T07:23:14.753469;4f6e7a40-2918-45db-91ea-62f7cfc585e9;8.25;92.78089357;SELL
2016-04-24T07:26:54.000000;2016-04-24T07:26:54.073432;b52aef21-0a2c-4c0e-8524-4150671affa8;8.25;12.1469839;SELL
2016-04-24T07:32:03.000000;2016-04-24T07:32:03.307348;76a72d9a-df93-42cb-a314-58d2d44c62fe;8.263;15.82408142;SELL
2016-04-24T08:02:15.000000;2016-04-24T08:02:15.741288;a560e4ad-5d54-41c7-b4a1-441f3ba09a7c;8.3121;0.55555556;BUY
2016-04-24T08:02:15.000000;2016-04-24T08:02:15.746320;29962d71-1567-4067-a292-1bbca16b62e6;8.316;3.240717;BUY
2016-04-24T08:02:15.000000;2016-04-24T08:02:15.750310;87e08d75-dcfe-4a1c-aede-b38f6b0ed979;8.32;0.4;BUY
2016-04-24T08:02:15.000000;2016-04-24T08:02:15.778300;5f299a05-5568-42d8-8fca-3cd37bc7ff2f;8.3473;0.55060015;BUY
2016-04-24T08:02:15.000000;2016-04-24T08:02:15.779295;3c287baa-3ad4-40d6-be4f-ce543884005b;8.35;4.49347102;BUY
2016-04-24T08:02:15.000000;2016-04-24T08:02:15.780298;e5ed6b51-b1eb-4d7d-b3a7-016cf05ca57a;8.3594;0.55005501;BUY
2016-04-24T08:02:15.000000;2016-04-24T08:02:15.782295;374568ba-9513-4dd7-b8b0-e84be244d506;8.3594;0.55005501;BUY
2016-04-24T08:02:15.000000;2016-04-24T08:02:15.788312;55308931-2a50-4564-98c7-fbaf88dcbb2c;8.4126;0.54794521;BUY
2016-04-24T08:02:15.000000;2016-04-24T08:02:15.809343;170288f0-f7ef-4c58-9466-67b4de09b24e;8.42;20.0;BUY
2016-04-24T08:02:15.000000;2016-04-24T08:02:15.809343;c32f36c9-19ac-4ad4-a8ad-dc793c413dce;8.42;90.4233;BUY
2016-04-24T08:02:15.000000;2016-04-24T08:02:15.820306;5c30a5ff-9157-4cfb-b51b-3e09165ad72a;8.421;28.68830104;BUY
2016-04-24T08:10:21.000000;2016-04-24T08:10:21.373180;b0e407f2-08bb-40b6-a946-af3a79f28595;8.2855;0.55129831;SELL
2016-04-24T08:13:20.000000;2016-04-24T08:13:20.542100;a5390606-b74f-44e7-b099-f881862ecbbf;8.282;1.0;BUY
2016-04-24T08:13:21.000000;2016-04-24T08:13:21.268170;59d70127-db7e-49e8-93c3-a655252bd043;8.282;1.0;BUY
2016-04-24T08:13:30.000000;2016-04-24T08:13:30.602148;80aa2336-8f78-4816-bb07-7a817d1d3910;8.27;3.67288829;SELL
2016-04-24T08:13:30.000000;2016-04-24T08:13:30.753133;56e837f8-4068-4cc1-9bae-e9c42704f3cd;8.27;1.91256388;SELL
2016-04-24T08:13:31.000000;2016-04-24T08:13:31.509233;fcb58897-da0d-4e0c-8b41-76a5e11a0f78;8.27;2.69892;SELL
2016-04-24T08:13:32.000000;2016-04-24T08:13:32.722320;bd0d9fd7-a688-42f9-8efa-ab262feccee8;8.27;9.78047785;SELL
2016-04-24T08:13:33.000000;2016-04-24T08:13:33.916441;d09a93dd-33dc-47a5-b190-27af0ff6e133;8.27;1.44942;SELL
2016-04-24T08:13:34.000000;2016-04-24T08:13:34.344487;041ef692-6058-4ca7-b3cc-e7a0f8bf45b0;8.27;1.84752732;SELL
2016-04-24T08:13:36.000000;2016-04-24T08:13:37.028752;f20a6e27-cc82-4744-bf44-9dd707d16f0b;8.27;2.22587908;SELL
2016-04-24T08:13:39.000000;2016-04-24T08:13:40.027083;2119ac18-c9d3-4a6b-960f-6e5647ed9f5c;8.27;1.68345869;SELL
2016-04-24T08:13:51.000000;2016-04-24T08:13:51.113167;6431ff47-e354-4a2e-b16f-f09ef7af30f2;8.27;2.65389119;SELL
2016-04-24T08:14:14.000000;2016-04-24T08:14:14.786536;8d2b8751-80c5-4f71-bc51-df18a6b1cbd3;8.27;14.64414;SELL
2016-04-24T08:14:55.000000;2016-04-24T08:14:55.344587;c5e725b9-578a-4d2a-9167-b8d510b0966f;8.27;7.4308337;SELL
2016-04-24T08:14:55.000000;2016-04-24T08:14:55.349574;a757e289-dda2-4f9a-9fbb-98b6a809d7b5;8.27;14.12526825;SELL
2016-04-24T08:15:08.000000;2016-04-24T08:15:08.739915;fda4a054-7cb8-4ada-aabf-a354e5806db1;8.27;3.93708456;SELL
2016-04-24T08:15:09.000000;2016-04-24T08:15:09.282990;90b4c161-cf9a-4c52-a24e-125825194246;8.27;2.3;SELL
2016-04-24T08:15:11.000000;2016-04-24T08:15:11.341199;54c46c93-5f0c-43d8-9b04-e909f69365cc;8.27;1.07784;SELL
2016-04-24T08:15:43.000000;2016-04-24T08:15:43.319423;dcd031de-0540-4daa-81d8-49e424b53f31;8.27;2.6275794;SELL
2016-04-24T08:15:47.000000;2016-04-24T08:15:47.428785;e5449677-4a23-4311-9b87-1c43dec0ccb6;8.27;4.408236;SELL
2016-04-24T08:15:51.000000;2016-04-24T08:15:51.389221;270991d2-7ce9-4bdf-82c7-b61936299eb1;8.27;1.25905884;SELL
2016-04-24T08:15:58.000000;2016-04-24T08:15:58.408924;2d48d962-c5c1-4f88-99c3-2a3d833689cd;8.27;20.26493295;SELL
2016-04-24T08:15:58.000000;2016-04-24T08:15:58.413894;3285e372-9949-48f4-bd5b-778f6d414062;8.27;1.29116878;SELL
2016-04-24T08:16:12.000000;2016-04-24T08:16:12.344291;ee721566-4325-4fbb-977e-3c5fd5802efb;8.27;21.55610174;SELL
2016-04-24T08:16:12.000000;2016-04-24T08:16:12.800328;38281902-6bef-49fa-9808-382ac99c1754;8.27;1.96624669;SELL
2016-04-24T08:16:15.000000;2016-04-24T08:16:15.772616;dc8b0ff5-ae99-4e12-b4b4-396c7b7368f5;8.27;1.46888633;SELL
2016-04-24T08:16:18.000000;2016-04-24T08:16:19.016976;0884c456-984c-450c-a316-cf92aebdd580;8.27;1.47893015;SELL
2016-04-24T08:16:20.000000;2016-04-24T08:16:20.575118;caefeb50-ea65-4871-a97c-0f35735e73c9;8.27;3.27414718;SELL
2016-04-24T08:16:23.000000;2016-04-24T08:16:23.130742;aa89bc35-547c-4e4a-8b96-6d011f4e1705;8.27;1.47710875;SELL
2016-04-24T08:16:25.000000;2016-04-24T08:16:26.050686;f4193624-0fff-4700-b464-b18797908133;8.27;1.64780884;SELL
2016-04-24T08:16:28.000000;2016-04-24T08:16:28.894935;deee0b73-21bb-4c3d-b0b8-5286c6e3e3c7;8.27;1.72089944;SELL
2016-04-24T08:16:30.000000;2016-04-24T08:16:30.263077;e9648ea2-7b11-4b82-b5a4-000df003e940;8.27;4.7692511;SELL
2016-04-24T08:16:31.000000;2016-04-24T08:16:31.482232;2de9a38c-d688-4cf3-8f59-8ae5c9cab3c2;8.27;9.349451;SELL
2016-04-24T08:16:35.000000;2016-04-24T08:16:35.273578;63134e7a-99fe-4c47-8a5f-727ee0d21d6b;8.268;4.7692511;SELL
2016-04-24T08:16:37.000000;2016-04-24T08:16:37.907841;4c37905c-fcc9-449a-9b4b-8605c5b53b4f;8.268;1.62788798;SELL
2016-04-24T08:16:38.000000;2016-04-24T08:16:38.337909;2b7363a6-f037-444f-8796-745f1e83897b;8.268;13.60286092;SELL
2016-04-24T08:16:39.000000;2016-04-24T08:16:39.254021;9609ef8b-ac7e-48d8-9bdb-9fde512f0a2a;8.26;0.17838194;SELL
2016-04-24T08:16:43.000000;2016-04-24T08:16:43.273366;ccabe482-c8fc-4797-9881-c03760f0c496;8.26;4.00576636;SELL
2016-04-24T08:16:48.000000;2016-04-24T08:16:48.117853;05511b86-d0bd-4d86-b1cf-0240317dc293;8.26;4.00576636;SELL
2016-04-24T08:16:51.000000;2016-04-24T08:16:51.260219;c6d2a1f6-bb73-4fb5-83df-de5e7637f591;8.26;4.00576636;SELL
2016-04-24T08:16:55.000000;2016-04-24T08:16:55.315584;2a95421e-5bca-4e56-909b-476026b7c02c;8.26;2.15662806;SELL
2016-04-24T08:16:57.000000;2016-04-24T08:16:57.613813;87017c71-6a56-4b87-9b1e-bcab761a008d;8.26;0.77219892;SELL
2016-04-24T08:17:13.000000;2016-04-24T08:17:13.509628;2cf55c7a-5f24-4b9f-ae76-0df6282b6016;8.26;1.65033147;SELL
2016-04-24T08:17:17.000000;2016-04-24T08:17:17.231773;9cf6e505-bfa3-43f7-8565-09e33cb9671b;8.26;1.81950887;SELL
2016-04-24T08:17:22.000000;2016-04-24T08:17:22.456340;68297b45-24d4-4ceb-bb12-36172b7633d6;8.26;3.25512071;SELL
2016-04-24T08:17:22.000000;2016-04-24T08:17:22.902347;f3836ad1-f21e-47af-96f8-6f73ca39551b;8.26;3.25512071;SELL
2016-04-24T08:17:22.000000;2016-04-24T08:17:23.023353;59af2e36-f7d9-40d9-acca-c9f82cb6eb36;8.26;3.25511395;SELL
2016-04-24T08:17:23.000000;2016-04-24T08:17:23.408421;48ed6340-65f2-4d3b-ab82-c6ebe8c7b380;8.26;3.25512071;SELL
2016-04-24T08:17:23.000000;2016-04-24T08:17:23.593424;ad7225c9-e381-4584-86a9-aef5a236a9e9;8.26;3.25512071;SELL
2016-04-24T08:17:25.000000;2016-04-24T08:17:25.198572;8e4df47f-7077-4591-a7eb-5176d4967f12;8.26;3.25512071;SELL
2016-04-24T08:17:26.000000;2016-04-24T08:17:26.529707;94a4c9c6-81b3-49d4-b53e-66b17901125e;8.26;3.25512071;SELL
2016-04-24T08:17:32.000000;2016-04-24T08:17:32.188269;51544c8d-0bd6-4058-881c-9df135786169;8.26;1.99887068;SELL
2016-04-24T08:17:35.000000;2016-04-24T08:17:36.015661;454d9026-8741-47f0-b44e-a7c9fbb6a1e4;8.26;2.66290348;SELL
2016-04-24T08:18:44.000000;2016-04-24T08:18:44.435484;fbd9d85b-72e3-4ff7-8e58-f26a09362bce;8.26;18.88059249;SELL
2016-04-24T08:19:07.000000;2016-04-24T08:19:07.744820;1f246ae9-6438-4f9f-ac2a-cf41f434bd61;8.26;3.26033934;SELL
2016-04-24T08:33:40.000000;2016-04-24T08:33:40.359054;d482e782-15ee-4af8-8a37-818a3aba8b75;8.27;10.0;SELL
2016-04-24T08:33:41.000000;2016-04-24T08:33:41.418190;d0bdd958-30af-4a03-8b86-e9b6fdfbf960;8.27;2.03235119;SELL
2016-04-24T08:33:41.000000;2016-04-24T08:33:41.428157;937e8071-6060-4efd-8d33-aea95380332d;8.27;24.25959261;SELL
2016-04-24T08:36:23.000000;2016-04-24T08:36:23.804096;d5c4c1b5-ecca-453c-a3b7-be38cee58e11;8.27;13.7080562;SELL
2016-04-24T08:36:23.000000;2016-04-24T08:36:23.814140;98f72f8f-71a5-49ee-a898-b17cdc939a4d;8.27;50.0;SELL
2016-04-24T08:36:23.000000;2016-04-24T08:36:23.873135;8bfcb63d-a195-42e0-bede-e47d696e9703;8.27;32.47029601;SELL
2016-04-24T08:36:52.000000;2016-04-24T08:36:52.184929;c265bb9e-729c-4d7a-b816-284a4678909c;8.27;0.2672452;SELL
2016-04-24T08:43:59.000000;2016-04-24T08:43:59.780688;ab7d160a-fb06-490d-85c0-4608fea3c73f;8.271;3.24299;BUY
2016-04-24T08:44:17.000000;2016-04-24T08:44:17.533525;4dbfa1df-f610-4988-9c5d-43a87ce4ba88;8.271;2.17218651;SELL
2016-04-24T08:44:17.000000;2016-04-24T08:44:17.619508;cc637970-1d04-4bec-8cc8-39159c9e261f;8.27;0.98146736;SELL
2016-04-24T08:44:21.000000;2016-04-24T08:44:21.741886;71b98636-15bd-4cd2-9c9b-7fbfdf802e8a;8.27;3.15579165;SELL
2016-04-24T08:44:29.000000;2016-04-24T08:44:29.189654;a0c8e5a3-e5a3-4b00-b357-b620a80e8b29;8.27;3.15579165;SELL
2016-04-24T08:44:34.000000;2016-04-24T08:44:34.617170;fc1e816f-6400-4231-b47d-e0e6ffe250cc;8.27;3.15579165;SELL
2016-04-24T08:44:37.000000;2016-04-24T08:44:37.517465;d4a6d6a2-3da4-4295-8dd3-a4379fb9c215;8.27;3.15579165;SELL
2016-04-24T08:44:41.000000;2016-04-24T08:44:41.516892;3a6cc877-7b03-4d76-99fe-33802a1aef4f;8.27;3.15365387;SELL
2016-04-24T08:44:45.000000;2016-04-24T08:44:45.853308;08eabfeb-0c93-4888-ba89-4b66676f3af4;8.27;1.35663382;SELL
2016-04-24T08:44:49.000000;2016-04-24T08:44:49.932714;3504b352-402c-4c6a-ab48-3fe2b92f38c7;8.27;0.14753714;SELL
2016-04-24T08:46:31.000000;2016-04-24T08:46:31.041826;835835e3-0ecc-47ae-a832-e19c21632b61;8.27;1.2079919;BUY
2016-04-24T08:46:52.000000;2016-04-24T08:46:52.160943;2ea5a18d-70eb-429b-a00f-952952516bdb;8.26;43.98;SELL
2016-04-24T08:54:25.000000;2016-04-24T08:54:25.741961;e81361f4-13aa-4b6f-8323-401269f87b2b;8.26;0.1;SELL
2016-04-24T08:54:25.000000;2016-04-24T08:54:25.958413;044f10bf-7e0e-4ec5-9bb6-8d33c66d894b;8.26;0.1;SELL
2016-04-24T08:54:26.000000;2016-04-24T08:54:26.200037;6d54fbff-2f00-45a9-b84b-c29e524fa195;8.26;0.1;SELL
2016-04-24T08:54:26.000000;2016-04-24T08:54:26.463067;f5693986-73e3-4e8c-9531-4b7e3d794c2c;8.26;0.1;SELL
2016-04-24T08:54:26.000000;2016-04-24T08:54:26.654045;e7f21594-1bb8-4f45-a0f3-7024c83b7c97;8.26;0.1;SELL
2016-04-24T08:55:42.000000;2016-04-24T08:55:42.432675;4a69bf76-ee94-4c00-9594-93db23ec67f9;8.26;0.1;SELL
2016-04-24T09:02:16.000000;2016-04-24T09:02:17.082084;4ea4fb18-ef2c-4fb1-8f56-0acb23fa8924;8.28;3.24725799;SELL
2016-04-24T09:02:19.000000;2016-04-24T09:02:19.494342;ad4d36f4-5149-4dfc-82a9-0750bdff6f43;8.28;0.89460038;SELL
2016-04-24T09:02:19.000000;2016-04-24T09:02:19.507335;d6b820ee-c7c6-4915-a272-06c7b8c0cb0f;8.28;0.85814163;SELL
2016-04-24T09:06:46.000000;2016-04-24T09:06:46.957607;dc6bc272-e5b5-41b5-bc65-ccd681fc57c8;8.26;2.79184487;SELL
2016-04-24T09:06:51.000000;2016-04-24T09:06:51.192014;81dcf198-4456-4fa3-9ae0-4791bbdef5fc;8.26;2.79184487;SELL
2016-04-24T09:06:53.000000;2016-04-24T09:06:53.730271;01dcfdcf-0e92-40d1-9796-44c1d0d8a25e;8.26;2.79184487;SELL
2016-04-24T09:06:56.000000;2016-04-24T09:06:56.334524;d447b01a-c121-4e25-8f6a-90f03aa6987a;8.26;2.78944577;SELL
2016-04-24T09:06:58.000000;2016-04-24T09:06:58.903793;60d05e55-1fa2-4cd1-a18e-8458ccf4e239;8.26;1.91359728;SELL
2016-04-24T09:07:01.000000;2016-04-24T09:07:01.963104;a09e9a3e-e50f-48a9-8ec2-3972b4f4ca9e;8.26;2.79304442;SELL
2016-04-24T09:07:04.000000;2016-04-24T09:07:04.606371;7ca79b5a-db37-4ba6-92a3-03f820042a0f;8.26;2.79304442;SELL
2016-04-24T09:07:07.000000;2016-04-24T09:07:07.558303;6beb34f7-b59e-416f-bd21-bc5a3115d096;8.26;2.79304442;SELL
2016-04-24T09:13:18.000000;2016-04-24T09:13:18.782805;5952c6da-307e-47b6-ab1b-4cf797623830;8.2599;3.24725799;BUY
2016-04-24T09:13:18.000000;2016-04-24T09:13:18.788778;6666d3dd-4b3c-499f-a3b0-93f5145ad2e4;8.26;2.79304442;BUY
2016-04-24T09:13:18.000000;2016-04-24T09:13:18.794792;99816fc7-2555-4292-8f24-3e86c53ce7b3;8.26;2.78969759;BUY
2016-04-24T09:15:08.000000;2016-04-24T09:15:08.245736;e7646b8d-76b6-494d-a0cd-c48352fbb51f;8.26;0.00334683;BUY
2016-04-24T09:15:08.000000;2016-04-24T09:15:08.250731;0c949dc2-86d3-43ad-8989-8ecd300e4ae6;8.2697;0.89460038;BUY
2016-04-24T09:16:29.000000;2016-04-24T09:16:29.521854;d67b7949-b805-4ba3-a37f-83200ca1bb18;8.2799;1.75274201;BUY
2016-04-24T09:16:29.000000;2016-04-24T09:16:29.531883;17a66227-24de-4921-b032-769210a6fc16;8.28;1.02414683;BUY
2016-04-24T09:21:31.000000;2016-04-24T09:21:31.614635;3229cffb-60cb-4878-9b81-13514bb6d38f;8.3;0.1;BUY
2016-04-24T09:21:31.000000;2016-04-24T09:21:31.628655;820bb7f6-94c3-425f-9434-5ae15c40b49f;8.3068;2.9;BUY
2016-04-24T09:22:27.000000;2016-04-24T09:22:27.055220;65236e0d-d6b2-423a-9cb1-deb8d7e4ddc6;8.263;1.01208036;SELL
2016-04-24T09:28:37.000000;2016-04-24T09:28:37.471220;39bba51f-6c8c-4a83-9097-5f9a10774595;8.267;7.149628;SELL
2016-04-24T09:40:14.000000;2016-04-24T09:40:14.899365;edcf96c1-6b93-4298-bc4d-62650eea1501;8.26;3.67588136;SELL
2016-04-24T09:40:17.000000;2016-04-24T09:40:17.208592;8257cbd9-43c4-432c-8ea6-47f8982afb10;8.26;1.32411864;SELL
2016-04-24T09:40:21.000000;2016-04-24T09:40:21.864058;24e2287c-3143-4fcc-b9c9-2a21fe2273f9;8.259;0.77939654;SELL
2016-04-24T09:40:21.000000;2016-04-24T09:40:21.878230;9241977d-7b29-4220-9380-5aa988bdc391;8.259;1.0;SELL
2016-04-24T09:41:17.000000;2016-04-24T09:41:17.728670;754c308b-2b90-4905-a742-480a6789af36;8.2533;3.7308;SELL
2016-04-24T09:41:17.000000;2016-04-24T09:41:17.737629;f4bacd7d-d319-496c-bf72-b3450ae19230;8.25;15.19298747;SELL
2016-04-24T09:41:58.000000;2016-04-24T09:41:58.183685;6e980420-00f9-4ed2-a679-8c278952ee39;8.25;2.93252048;SELL
2016-04-24T09:42:00.000000;2016-04-24T09:42:00.614949;f8ff874d-b623-4889-b8ed-8aad8f67cc2a;8.25;2.93252048;SELL
2016-04-24T09:42:03.000000;2016-04-24T09:42:03.513273;77b68757-edad-4113-9edc-f0dd786e6e53;8.25;2.93252048;SELL
2016-04-24T09:42:07.000000;2016-04-24T09:42:07.389612;84796153-eec9-4861-b807-4c95af65a88d;8.25;2.93252048;SELL
2016-04-24T09:42:10.000000;2016-04-24T09:42:10.625923;a8283654-2b4e-4058-8fa6-26c4e7c43e55;8.25;2.6750468;SELL
2016-04-24T09:43:57.000000;2016-04-24T09:43:57.133570;d74e7a7a-0d98-4dde-a34c-0a0dec6e8012;8.25;13.05193984;SELL
2016-04-24T09:43:59.000000;2016-04-24T09:43:59.687850;d30f3268-b181-431d-8a8c-ddf26dfd9690;8.25;1.18138952;SELL
2016-04-24T09:44:01.000000;2016-04-24T09:44:02.249114;b980b188-c3b1-4421-a531-dd05bebcaad9;8.25;2.42263894;SELL
2016-04-24T09:44:05.000000;2016-04-24T09:44:05.541475;03891f27-13c1-417f-a90a-0368621f6388;8.2478;0.55060015;SELL
2016-04-24T09:44:05.000000;2016-04-24T09:44:05.541475;3a926b95-b6ea-4b3c-801f-29a335a36f9e;8.24;3.03;SELL
2016-04-24T10:04:18.000000;2016-04-24T10:04:19.405885;b8b20833-40ee-4af0-a08d-e803d3e5758b;8.23;8.16285448;SELL
2016-04-24T10:19:28.000000;2016-04-24T10:19:28.489205;bec5c150-4bfb-4618-ae24-c72d7df447d2;8.24;3.58060015;BUY
2016-04-24T10:19:28.000000;2016-04-24T10:19:28.526219;48466e45-6865-41a8-b572-0ea2bc68261f;8.251;3.266647;BUY
2016-04-24T10:19:28.000000;2016-04-24T10:19:28.538241;1668fe51-008d-4d95-8391-dc366200814f;8.259;1.77939654;BUY
2016-04-24T10:19:28.000000;2016-04-24T10:19:28.557266;d0f8b808-c4e8-4d30-a2c8-431a3e62a59d;8.26;3.00426132;BUY
2016-04-24T10:19:28.000000;2016-04-24T10:19:28.558201;a22c6f45-b94e-41bf-bacd-6aa7024f486d;8.26;1.32411864;BUY
2016-04-24T10:19:28.000000;2016-04-24T10:19:28.589213;6d56b19d-25f0-4054-8dd6-716038b8d6b6;8.3136;0.55580258;BUY
2016-04-24T10:19:28.000000;2016-04-24T10:19:28.592219;f3829b81-c1cc-4768-a9ef-7093c4ebd599;8.3292;0.55374052;BUY
2016-04-24T10:19:28.000000;2016-04-24T10:19:28.598254;e6bc104b-2d76-4221-b4d5-89f2d5f5ce6c;8.3425;0.55212014;BUY
2016-04-24T10:19:28.000000;2016-04-24T10:19:28.619225;10086fd7-7a45-4aba-b147-2120bab1d3bb;8.3433;3.727;BUY
2016-04-24T10:19:28.000000;2016-04-24T10:19:28.620210;ef70432a-4a8b-46b6-b4ca-b987b70f350e;8.357;21.65631311;BUY
2016-04-24T10:20:01.000000;2016-04-24T10:20:01.749633;d9e5b904-a2e9-4d41-b4b3-0f79651e719c;8.303;10.0;BUY
2016-04-24T10:20:05.000000;2016-04-24T10:20:05.535006;c6516be3-5f53-4a6f-93f0-f6a79c5588db;8.302;40.0;BUY
2016-04-24T10:22:51.000000;2016-04-24T10:22:51.330364;cf456b4a-8a19-4fbf-aa1d-0f5ce84dd058;8.239;1.0226763;BUY
2016-04-24T10:22:51.000000;2016-04-24T10:22:51.340363;b991f6d6-9e0f-497e-831d-f383f809cbb2;8.2823;2.9773237;BUY
2016-04-24T10:30:04.000000;2016-04-24T10:30:04.224634;76de518e-409b-415d-aa99-ff4b691225a9;8.232;0.8;SELL
2016-04-24T10:30:04.000000;2016-04-24T10:30:04.230633;af174bf0-e27e-4b70-bb60-eae1aa12a665;8.231;7.72;SELL
2016-04-24T10:30:04.000000;2016-04-24T10:30:04.243645;66cd4bea-6c33-43d1-9990-d4d6838c761d;8.231;25.7187;SELL
2016-04-24T10:31:02.000000;2016-04-24T10:31:02.228436;8e47bf58-06c5-4ef3-aa47-ff37f5b8f385;8.232;26.9477;SELL
2016-04-24T10:31:02.000000;2016-04-24T10:31:02.268488;d83b3e50-1340-4a17-b09d-0b061c79e592;8.232;9.8393;SELL
2016-04-24T10:32:00.000000;2016-04-24T10:32:00.205231;ee54205a-fff4-4c46-92f4-1121d76531cb;8.232;8.5679;SELL
2016-04-24T10:32:01.000000;2016-04-24T10:32:01.251348;6d15cec5-2410-4559-89ce-554940b2a31c;8.232;24.0622;SELL
2016-04-24T10:32:58.000000;2016-04-24T10:32:58.236535;f2f36729-2061-4ba6-ac69-5539792e086c;8.232;9.5129;SELL
2016-04-24T10:32:59.000000;2016-04-24T10:32:59.192146;25bc6436-b550-4c1f-9dd2-56de9d2bf405;8.232;23.1942;SELL
2016-04-24T10:33:56.000000;2016-04-24T10:33:56.278843;55897482-49d6-4dd3-9040-867ffae7fd23;8.231;9.81925747;SELL
2016-04-24T10:33:57.000000;2016-04-24T10:33:57.236945;e4a767ff-9ef3-4975-ac3c-f4e5f65b76d2;8.231;24.36261584;SELL
2016-04-24T10:34:35.000000;2016-04-24T10:34:35.517772;fee790d3-83ca-43ab-b0d1-4276c8a715ae;8.231;13.07286479;SELL
2016-04-24T10:34:36.000000;2016-04-24T10:34:36.513873;0cc1dd7e-d1e9-4b3f-8093-285364fe17d3;8.231;9.6806;SELL
2016-04-24T10:34:38.000000;2016-04-24T10:34:38.380078;1d64a631-7f57-403e-a0a7-2606108bdfca;8.231;3.39226479;SELL
2016-04-24T10:34:38.000000;2016-04-24T10:34:38.470058;eafe7470-cae5-4c47-ac68-20b476ed45ff;8.231;13.07286479;SELL
2016-04-24T10:34:39.000000;2016-04-24T10:34:39.275157;ebfbff6e-eaac-4c34-9cce-2ac05de3751a;8.231;9.6806;SELL
2016-04-24T10:34:39.000000;2016-04-24T10:34:39.697176;13701e80-c98e-4ffc-a478-9403a29b6f3b;8.275;0.8;BUY
2016-04-24T10:34:39.000000;2016-04-24T10:34:39.735223;a71e8dc0-03ae-454f-bd7d-0873ddef1c9c;8.275;91.459;BUY
2016-04-24T10:34:39.000000;2016-04-24T10:34:39.751176;3b416718-f84d-42d3-9c63-9d887b448617;8.275;91.0469;BUY
2016-04-24T10:34:39.000000;2016-04-24T10:34:39.845190;8a301540-bd9c-4945-bee7-0e2dd5076edb;8.2759;27.75282963;BUY
2016-04-24T10:34:39.000000;2016-04-24T10:34:39.858197;2fc55797-23e5-4228-abe6-3ce1202ba000;8.276;3.284717;BUY
2016-04-24T10:34:39.000000;2016-04-24T10:34:40.168227;38fbdf8e-d37b-4c48-96e7-fec40e2b6f5e;8.276;15.35655337;SELL
2016-04-24T10:34:40.000000;2016-04-24T10:34:40.287230;e7cbb948-1bb3-468f-8c5e-13940d7f6b03;8.2749;0.35378275;BUY
2016-04-24T10:34:40.000000;2016-04-24T10:34:40.655301;ebee5f70-0feb-40a8-9851-3fbf1c569e2b;8.282;36.27857288;SELL
2016-04-24T10:34:42.000000;2016-04-24T10:34:42.605478;3bddb098-b56f-4550-b744-f32e2c320393;8.282;24.13289533;SELL
2016-04-24T10:34:42.000000;2016-04-24T10:34:42.685542;b16132a3-1b80-4670-96ab-d1674905a082;8.282;3.14776896;SELL
2016-04-24T10:34:42.000000;2016-04-24T10:34:42.788502;c4f04f09-6b1f-4dde-bbb4-44ab373692b6;8.282;36.42595758;SELL
2016-04-24T10:34:42.000000;2016-04-24T10:34:42.867497;ca8df44d-9af1-4701-9166-78517694cbbc;8.282;27.75282963;SELL
2016-04-24T10:34:43.000000;2016-04-24T10:34:43.505552;9a792060-05a3-4450-9ad8-c7de583e5934;8.282;27.75282963;SELL
2016-04-24T10:34:43.000000;2016-04-24T10:34:43.950608;62e168af-5fca-4421-8dcf-40fae4ec083d;8.282;0.04836252;SELL
2016-04-24T10:34:43.000000;2016-04-24T10:34:44.003611;31489f99-74cf-4eed-9f7d-e2ac8f1d0ac1;8.282;21.52486928;SELL
2016-04-24T10:34:44.000000;2016-04-24T10:34:44.920723;86bd3553-36ed-44e5-90d8-6aba7b35ae51;8.282;1.99123425;SELL
2016-04-24T10:34:44.000000;2016-04-24T10:34:45.073743;3ebbbe9e-f968-40b3-a32a-def444c31b16;8.282;21.52486881;SELL
2016-04-24T10:34:45.000000;2016-04-24T10:34:46.039843;8b890445-a961-4c5a-b46f-382d6a431991;8.282;21.52486881;SELL
2016-04-24T10:34:47.000000;2016-04-24T10:34:47.839991;6e6f3512-6103-48d0-82b0-cd66e43f90b9;8.282;7.54115957;SELL
2016-04-24T10:34:49.000000;2016-04-24T10:34:49.337140;885ef508-07e0-4866-ac46-9becce56b708;8.271;22.45884043;BUY
2016-04-24T10:34:49.000000;2016-04-24T10:34:49.350199;a540699b-8af4-41b7-8baf-7ea14440ca9e;8.271;0.00115957;BUY
2016-04-24T10:34:52.000000;2016-04-24T10:34:52.249448;d86f2436-09a1-4535-be8c-ead04f7e66a1;8.2709;27.75282963;BUY
2016-04-24T10:34:52.000000;2016-04-24T10:34:52.265430;b924cc44-51f0-459b-a1cd-74128615f4c9;8.2709;1.99123424;BUY
2016-04-24T10:34:52.000000;2016-04-24T10:34:52.284449;c0ce2560-be59-4286-88b5-b052bfffae15;8.2709;1.6340318;BUY
2016-04-24T10:34:52.000000;2016-04-24T10:34:52.335429;39e7585f-11b2-4a21-9ac3-c88ecc6a1e99;8.2709;21.52486928;BUY
2016-04-24T10:34:52.000000;2016-04-24T10:34:52.335429;82bdd12b-d790-40ed-8fff-6287c3095192;8.271;87.16524043;BUY
2016-04-24T10:34:52.000000;2016-04-24T10:34:52.336437;71962cac-fe0f-4d8e-a596-eb105dd9dac9;8.2823;0.2948753;BUY
2016-04-24T10:34:52.000000;2016-04-24T10:34:52.454441;e45b827d-117a-4e94-8d89-daf913ee9cdd;8.283;10.57770643;SELL
2016-04-24T10:34:52.000000;2016-04-24T10:34:52.523452;84dd5a55-e699-47df-b978-cdabfb047af0;8.283;7.54115957;SELL
2016-04-24T10:34:52.000000;2016-04-24T10:34:52.668540;b6d7cdbc-f71f-40ac-8840-0b8505ba33d0;8.283;0.416118;SELL
2016-04-24T10:34:52.000000;2016-04-24T10:34:52.878480;9dbcc82d-a914-44a3-ac52-d91cdef22b78;8.283;11.72193532;SELL
2016-04-24T10:34:53.000000;2016-04-24T10:34:53.600560;095cd7b6-4d08-4ad6-ad25-b3c31527bd45;8.27;170.62;BUY
2016-04-24T10:34:57.000000;2016-04-24T10:34:57.695612;8fe33066-681d-4f7a-b8d0-5526fdb53c23;8.27;32.86;BUY
2016-04-24T10:34:58.000000;2016-04-24T10:34:58.221029;c6ae7b1f-eb1b-4d8c-8a8a-471e5e73a823;8.27;58.5468;BUY
2016-04-24T10:34:58.000000;2016-04-24T10:34:58.247064;8501b102-57bd-4aef-9658-7d75cbb8acc6;8.282;94.3593;BUY
2016-04-24T10:34:58.000000;2016-04-24T10:34:58.278036;d25acbfa-47a8-4e3b-b19a-9a4e02c908e6;8.2829;9.1663686;BUY
2016-04-24T10:34:58.000000;2016-04-24T10:34:58.279039;f03dcdc9-bc40-451f-a016-cc0c5c7b4ae6;8.2829;6.6575314;BUY
2016-04-24T10:35:04.000000;2016-04-24T10:35:04.353643;c7f2cd52-88c4-4dee-a59f-67b263f0f338;8.268;90.7107;BUY
2016-04-24T10:35:04.000000;2016-04-24T10:35:04.366659;37f604c4-4ea2-411d-a9d2-983587edcd47;8.2689;7.5402488;BUY
2016-04-24T10:35:04.000000;2016-04-24T10:35:04.372634;10b23f60-951c-4397-a45f-cb08df5dbd82;8.2689;19.30974233;BUY
2016-04-24T10:35:04.000000;2016-04-24T10:35:04.397660;d10d2d6a-1083-45c3-bb05-65270959998f;8.2689;9.1663686;BUY
2016-04-24T10:35:04.000000;2016-04-24T10:35:04.397660;a4bb771a-81f1-417f-b52e-6b2ae4f5ea34;8.2689;13.55030192;BUY
2016-04-24T10:35:04.000000;2016-04-24T10:35:04.403660;aef0f2b6-ef9f-4238-a42c-97c2f8f02263;8.2689;0.72852347;BUY
2016-04-24T10:35:04.000000;2016-04-24T10:35:04.428660;ea71bda4-6717-4aa1-8615-e86589f88a27;8.269;67.79411488;BUY
2016-04-24T10:36:07.000000;2016-04-24T10:36:07.641105;05c58763-e7bf-49a4-9ead-0bbac6245cdc;8.2669;1.0;BUY
2016-04-24T10:37:10.000000;2016-04-24T10:37:10.399379;aaf1b5cf-3958-4b2d-bcec-6b94a39bf33e;8.2659;27.75282963;BUY
2016-04-24T10:37:10.000000;2016-04-24T10:37:10.409385;aee0b41b-1534-4341-91fa-a4edae5537a8;8.2659;3.278863;BUY
2016-04-24T10:37:10.000000;2016-04-24T10:37:10.431376;38302a92-ad6f-48f4-82b4-2db303c662f6;8.266;92.9176;BUY
2016-04-24T10:37:10.000000;2016-04-24T10:37:10.773414;18fff154-0a77-415a-8c86-87ea00f92083;8.266;0.00070737;SELL
2016-04-24T10:46:22.000000;2016-04-24T10:46:22.618034;3445fb63-78f3-46fe-bf52-76ffe6819a65;8.23;26.26714552;SELL
2016-04-24T10:46:22.000000;2016-04-24T10:46:22.626614;819ca8e5-c8a0-4b04-80d0-df8fe9d7a6d1;8.2299;0.55374052;SELL
2016-04-24T10:46:28.000000;2016-04-24T10:46:28.421183;89a684a9-f6d3-49d8-aca3-946d7b09e4f9;8.2275;6.24380767;SELL
2016-04-24T10:46:29.000000;2016-04-24T10:46:29.244260;eb63a0ed-37bb-4782-b66a-ab89302697ab;8.22;5.11892016;SELL
2016-04-24T10:46:29.000000;2016-04-24T10:46:29.280281;27c4cf8a-dd34-4c4c-96d3-de5d20d3b9b3;8.22;4.88107984;SELL
2016-04-24T10:46:29.000000;2016-04-24T10:46:29.292261;74601ebc-643f-4dea-8ceb-f2c37eb6be6f;8.2145;0.55580258;SELL
2016-04-24T10:46:30.000000;2016-04-24T10:46:30.165377;0415600f-5bb0-402c-a8fc-c74bc38b28f9;8.2139;0.85;SELL
2016-04-24T10:46:30.000000;2016-04-24T10:46:30.172359;59e13d11-cd73-422f-a9bb-7027c390dea3;8.21;4.99516114;SELL
2016-04-24T10:46:30.000000;2016-04-24T10:46:30.175356;c0309924-d99f-47c2-bc21-21d792f1d4f5;8.2022;11.3691;SELL
2016-04-24T10:46:30.000000;2016-04-24T10:46:30.203353;8fb3a5e0-1278-4f92-a949-f1498171d47e;8.2011;4.16974248;SELL
2016-04-24T11:07:12.000000;2016-04-24T11:07:12.189002;0ac82faf-442a-40a6-a4cb-a8290319cc29;8.237;3.842;BUY
2016-04-24T11:12:42.000000;2016-04-24T11:12:42.734049;6190dae3-2d28-4cec-953a-1d5073986db4;8.2011;1.05905752;SELL
2016-04-24T11:12:42.000000;2016-04-24T11:12:42.740088;6287c5db-f13a-44db-9ea6-2ba80e7eeccf;8.2;2.6084;SELL
2016-04-24T11:12:42.000000;2016-04-24T11:12:42.746063;c7096088-be70-4bac-acd4-166720900238;8.2;10.0;SELL
2016-04-24T11:12:42.000000;2016-04-24T11:12:42.771056;2f081457-85fe-4687-a930-a2a6e52ea14f;8.192;136.33254248;SELL
2016-04-24T11:12:49.000000;2016-04-24T11:12:51.186937;af36dc47-f889-40bf-a5a7-167098f5d698;8.192;100.0;SELL
2016-04-24T11:12:52.000000;2016-04-24T11:12:53.051084;ee37b371-ba53-48f5-a1a5-df143783e23d;8.192;150.0;SELL
2016-04-24T11:41:55.000000;2016-04-24T11:41:55.737727;8df27121-5770-4d2d-8fc2-36f81520524b;8.192;0.96160265;SELL
2016-04-24T11:48:41.000000;2016-04-24T11:48:41.142256;64595105-8859-41c8-96fa-4af0488f6988;8.192;40.70585487;SELL
2016-04-24T11:48:41.000000;2016-04-24T11:48:41.148279;eabfe311-8f7e-4666-bf58-86b83fa3ed7f;8.1762;0.55530875;SELL
2016-04-24T11:48:41.000000;2016-04-24T11:48:41.152278;fbb008b1-6c9f-41c4-b556-0cef7b04b8b3;8.1573;0.5;SELL
2016-04-24T11:48:41.000000;2016-04-24T11:48:41.179243;8d1e2ac4-b5c4-44da-951b-56c6ecdb905d;8.1522;3.257814;SELL
2016-04-24T11:48:41.000000;2016-04-24T11:48:41.180245;b5237412-9b4c-4bc6-907b-b5c30e2556f0;8.15;4.98102238;SELL
2016-04-24T11:48:46.000000;2016-04-24T11:48:47.298875;a2403f9b-5264-4590-b9ed-0b72261f9722;8.15;0.01897762;SELL
2016-04-24T11:48:46.000000;2016-04-24T11:48:47.326879;575eccff-6202-4555-ad3a-b3a430ad09d7;8.135;10.0;SELL
2016-04-24T11:48:46.000000;2016-04-24T11:48:47.343906;039b9c03-1c67-4c8f-8742-6636b4ed1759;8.13;50.0;SELL
2016-04-24T11:48:46.000000;2016-04-24T11:48:47.358857;c9d21d82-d5bf-4000-9abb-92a5f7aa3250;8.1201;19.70192504;SELL
2016-04-24T11:48:46.000000;2016-04-24T11:48:47.360879;82aa0c46-5d68-4440-8796-0ba53ae79587;8.12;1.0;SELL
2016-04-24T11:48:46.000000;2016-04-24T11:48:47.389865;77c5c56e-a5ca-4e5c-ba0f-55a5cbd0e991;8.063;119.27909734;SELL
2016-04-24T11:48:47.000000;2016-04-24T11:48:48.059958;e537b11d-7e0a-434d-bb80-8d7e30cc077e;8.1201;19.70192504;SELL
2016-04-24T11:48:47.000000;2016-04-24T11:48:48.064960;cd8cc85b-8d6b-480b-8bd1-525b150556ac;8.063;148.72090266;SELL
2016-04-24T11:48:47.000000;2016-04-24T11:48:48.090974;bc010e17-b595-4fa8-ad6c-c3f86681eaca;8.062;31.5771723;SELL
2016-04-24T11:48:53.000000;2016-04-24T11:48:53.511473;b35ac9f7-220b-4ea2-8a1f-58090bc98473;8.065;250.012746;SELL
2016-04-24T11:48:54.000000;2016-04-24T11:48:54.563684;46f3dff0-ff60-4322-a715-67ffe3e163d7;8.066;90.7233;SELL
2016-04-24T11:48:54.000000;2016-04-24T11:48:54.629592;d9ac6fb7-c707-4477-82b4-99d6c25ae0a1;8.0651;9.58230493;SELL
2016-04-24T11:52:42.000000;2016-04-24T11:52:42.302156;f86f2427-4ec1-4d43-b5d9-374365955ea5;8.181;1.0289;BUY
2016-04-24T12:55:02.000000;2016-04-24T12:55:02.392464;363d39ce-7eef-4b37-8bc9-804edf94aa40;8.1918;20.13080255;BUY
2016-04-24T12:55:02.000000;2016-04-24T12:55:02.422790;4b1e43ae-a054-4414-8310-e0ceda5145c2;8.1941;3.321504;BUY
2016-04-24T12:55:02.000000;2016-04-24T12:55:02.435428;dba95241-9b59-491b-8622-d721523d23ce;8.2;0.55533959;BUY
2016-04-24T12:55:02.000000;2016-04-24T12:55:02.455382;e738f569-ee96-4ab2-9596-67045267f165;8.2749;0.55530875;BUY
2016-04-24T12:55:02.000000;2016-04-24T12:55:02.457397;3db98b44-7041-404e-8da1-96ad70583b7c;8.3132;0.85;BUY
2016-04-24T12:55:02.000000;2016-04-24T12:55:02.486458;b4a4089e-b31a-4112-8505-d1a79a69c178;8.395;0.58704511;BUY
2016-04-24T12:56:18.000000;2016-04-24T12:56:18.982072;d621f2b5-5e96-4bee-ae06-3c7a3ce01799;8.38;0.1;BUY
2016-04-24T13:02:05.000000;2016-04-24T13:02:05.387683;4aea30fe-7c9d-4980-9501-5998f5ed1c0d;8.261;0.1;BUY
2016-04-24T13:02:43.000000;2016-04-24T13:02:43.771539;f4ead13a-8422-4ef9-9cfb-1a676441fc82;8.2;50.0;SELL
2016-04-24T13:18:43.000000;2016-04-24T13:18:43.527338;61d48c90-278b-4919-b301-31e9e98fd8f3;8.13;0.43739442;SELL
2016-04-24T13:26:40.000000;2016-04-24T13:26:40.980977;60e0f491-814e-4591-bc80-67be4b9d571f;8.131;1.00380215;SELL
2016-04-24T13:32:35.000000;2016-04-24T13:32:35.702438;d3caf5f4-bfd4-41b9-80c1-3d2c9d1274cc;8.199;1.0;BUY
2016-04-24T13:32:35.000000;2016-04-24T13:32:35.723457;1909f5ac-d219-497b-8648-12e17a3caab2;8.2;38.98;BUY
2016-04-24T13:39:31.000000;2016-04-24T13:39:31.451383;a215a92e-fb6e-4dea-80d6-cbf11a2b91e7;8.2671;3.272259;BUY
2016-04-24T13:39:31.000000;2016-04-24T13:39:31.465378;160a9c1b-e631-4ca4-b0fb-24da48034756;8.2803;27.75282963;BUY
2016-04-24T13:39:31.000000;2016-04-24T13:39:31.476391;0b550ca0-4ce7-4c70-90dd-6905aa94e907;8.2998;8.22863192;BUY
2016-04-24T13:39:31.000000;2016-04-24T13:39:31.496398;5fc43014-016d-40d0-b9bf-1b4bf6b40a1d;8.2999;10.74627945;BUY
2016-04-24T13:51:57.000000;2016-04-24T13:51:57.887233;c0050cff-fda5-4c0c-96ea-2d3552ff8ca5;8.2986;3.277731;BUY
2016-04-24T13:52:00.000000;2016-04-24T13:52:00.372493;51881493-ffed-43c0-9823-9f2673bf7dcc;8.2986;18.96943937;SELL
2016-04-24T13:52:00.000000;2016-04-24T13:52:00.395500;db1028be-601b-4e93-93ed-4226c30a5290;8.2986;27.75282963;SELL
2016-04-24T14:17:57.000000;2016-04-24T14:17:57.700195;ed42247f-57cd-46c6-8d83-dc6fce1c453f;8.2985;18.96943937;BUY
2016-04-24T14:17:57.000000;2016-04-24T14:17:57.706174;7fb36870-cb12-4a7b-a543-905782325f5e;8.2986;2.860257;BUY
2016-04-24T14:17:57.000000;2016-04-24T14:17:57.712206;c44c9c36-2b6e-4bf9-8cf7-05098c1de115;8.2986;8.1936981;BUY
2016-04-24T14:17:57.000000;2016-04-24T14:17:57.738222;7a52f443-0b1d-459f-8533-1e6107bec2b7;8.2999;17.00655018;BUY
2016-04-24T14:18:07.000000;2016-04-24T14:18:08.004206;d781b4ce-f41c-4ae9-8d1b-f77c91792256;8.3275;1.24101963;BUY
2016-04-24T14:18:09.000000;2016-04-24T14:18:09.688374;aa77b14f-198e-4809-b49e-0abccf6897a0;8.3275;1.24101963;BUY
2016-04-24T14:18:10.000000;2016-04-24T14:18:10.533553;10eb3ab5-b6e8-4857-8a14-1df21ddc177b;8.3275;0.79684374;BUY
2016-04-24T14:18:11.000000;2016-04-24T14:18:12.019589;de2e89c9-c726-4eb8-b614-b87312b196d8;8.3401;0.44417589;BUY
2016-04-24T14:19:03.000000;2016-04-24T14:19:03.333724;81e898d2-0942-438a-b35a-bb7671b37ec5;8.3401;0.40582411;BUY
2016-04-24T14:19:03.000000;2016-04-24T14:19:03.343157;ee4af161-681b-4a71-8a36-7435d9ae5d22;8.3489;5.2242;BUY
2016-04-24T14:19:03.000000;2016-04-24T14:19:03.354727;795e79fa-5b64-45cc-b6de-1703824443a4;8.4;10.0;BUY
2016-04-24T14:19:03.000000;2016-04-24T14:19:03.373751;f32cf388-aa56-4f96-9814-73b79baa375a;8.438;72.38633636;BUY
2016-04-24T14:21:19.000000;2016-04-24T14:21:19.628383;845637a9-ca51-4be8-8eeb-a912bc85902a;8.32;20.0;BUY
2016-04-24T14:21:24.000000;2016-04-24T14:21:24.606884;4d955da1-adae-4c15-9fc4-1e93a9cff7b2;8.32;20.0;SELL
2016-04-24T14:21:24.000000;2016-04-24T14:21:24.622849;ce4aff2b-387c-4e7a-a323-21316a84acda;8.4189;3.239301;BUY
2016-04-24T14:21:24.000000;2016-04-24T14:21:24.631861;00ae8858-dfd0-4437-a57b-8529d0b8e669;8.44;11.0;BUY
2016-04-24T14:21:24.000000;2016-04-24T14:21:24.653852;95c58365-d2c5-482c-9ac5-5c7cb124b0d1;8.45;50.0;BUY
2016-04-24T14:21:24.000000;2016-04-24T14:21:24.653852;5544894a-75fe-4e01-ad0b-a30019bee0c4;8.45;15.760699;BUY
2016-04-24T14:21:45.000000;2016-04-24T14:21:45.495964;ad3f1fb1-8496-490f-af6a-4b65a850cf19;8.4088;2.59975;SELL
2016-04-24T14:22:57.000000;2016-04-24T14:22:57.723598;a64d33f6-2ce5-4e33-af70-e390821b4b5b;8.322;0.2;SELL
2016-04-24T14:29:13.000000;2016-04-24T14:29:13.905833;3dc08ada-a36c-47b3-99f5-2b9d0c09b170;8.3135;2.4;SELL
2016-04-24T14:29:13.000000;2016-04-24T14:29:13.947201;cf548f93-ed5a-45cf-99ac-8a052173d613;8.3111;3.321504;SELL
2016-04-24T14:29:13.000000;2016-04-24T14:29:13.963202;58c491e2-7697-49b9-a91a-a376535e53a4;8.3065;6.00426033;SELL
2016-04-24T14:29:13.000000;2016-04-24T14:29:13.964208;3012ffed-1f2d-4192-81f3-2d5ec0358e9b;8.3058;0.6002401;SELL
2016-04-24T14:29:13.000000;2016-04-24T14:29:13.994226;e5d657a5-8160-43ff-a118-1a0ad08065b9;8.3051;20.82182917;SELL
2016-04-24T14:29:13.000000;2016-04-24T14:29:13.994226;9b424502-d0bb-4bfa-8916-54053b3021cf;8.3;5.535e-05;SELL
2016-04-24T14:29:13.000000;2016-04-24T14:29:14.001216;7e3ca7ae-6f91-423a-a5c4-67236581f0c7;8.278;46.69211105;SELL
2016-04-24T14:29:29.000000;2016-04-24T14:29:30.959906;b6687788-de1c-4133-9694-40a1db0b3fd1;8.287;188.1423022;SELL
2016-04-24T14:30:32.000000;2016-04-24T14:30:33.010117;0d6e0a96-18b4-4fce-9357-5be25fd5f94f;8.2893;0.31538737;SELL
2016-04-24T14:43:12.000000;2016-04-24T14:43:12.134253;ccfd5889-5194-4233-9366-e164883dc16b;8.371;30.0;BUY
2016-04-24T14:45:58.000000;2016-04-24T14:45:58.636870;45528f8c-0858-45f8-8524-4b5dd9afece3;8.3543;2.2;BUY
2016-04-24T14:45:58.000000;2016-04-24T14:45:58.662892;5c969655-39c8-42f3-8b50-1131e3d48325;8.3543;0.7;BUY
2016-04-24T14:45:58.000000;2016-04-24T14:45:58.666883;14d1fef1-a0e0-4e8a-bfaf-0e6f3121e449;8.3553;6.00440099;BUY
2016-04-24T14:45:58.000000;2016-04-24T14:45:58.693890;ce074369-1c89-4465-a02d-b0e13217620e;8.3647;1.09559901;BUY
2016-04-24T14:54:39.000000;2016-04-24T14:54:39.711132;5a4f6f9c-71e2-402c-a58e-43e247d7a586;8.35;100.0;SELL
2016-04-24T14:57:08.000000;2016-04-24T14:57:08.170522;909aecda-af7f-4f2f-a87e-4f441126d490;8.35;58.44;SELL
2016-04-24T14:57:21.000000;2016-04-24T14:57:21.777887;97551125-753c-4266-bdc6-00302d2fb089;8.35;10.0;SELL
2016-04-24T14:58:06.000000;2016-04-24T14:58:06.275357;025e9613-ebbe-4c96-93b2-d3387ed4eecb;8.35;18.43415787;SELL
2016-04-24T14:58:13.000000;2016-04-24T14:58:13.561069;11db101a-307f-41dd-8ad7-180a02442eac;8.35;18.43015066;SELL
2016-04-24T14:58:14.000000;2016-04-24T14:58:14.385144;c4fe3e13-66d3-4ebc-9de2-b11f0400ba93;8.35;10.0;SELL
2016-04-24T14:58:42.000000;2016-04-24T14:58:42.467976;e14e1763-c83b-4805-acc3-2208d989b608;8.35;10.0;SELL
2016-04-24T14:58:59.000000;2016-04-24T14:58:59.662705;3a1d64ad-4444-43c3-a54b-81a76308c134;8.35;41.92;SELL
2016-04-24T14:59:17.000000;2016-04-24T14:59:17.228439;a19c4c34-7d77-442b-a4e6-f26786be5896;8.35;256.35749549;SELL
2016-04-24T15:03:15.000000;2016-04-24T15:03:15.893297;631c8c76-1a70-40ba-a44d-c3211d4a76a8;8.2245;6.0937488;SELL
2016-04-24T15:03:15.000000;2016-04-24T15:03:15.896311;f6b232ea-539e-45ca-9f62-e93f107b4555;8.2141;12.63151209;SELL
2016-04-24T15:03:51.000000;2016-04-24T15:03:52.041937;56c7f3ea-fc49-4e80-993b-398fd3a1af1f;8.2141;9.02788181;SELL
2016-04-24T15:04:18.000000;2016-04-24T15:04:18.790197;e1f306b5-ea08-4eb3-bd4d-d45cfade55c3;8.2023;5.0;SELL
2016-04-24T15:04:18.000000;2016-04-24T15:04:18.792583;b21e1195-7543-46e7-804f-12d747afefc2;8.2;0.2;SELL
2016-04-24T15:04:18.000000;2016-04-24T15:04:18.804569;f7ad8194-961f-4af8-b527-79c88e8f82d4;8.2;61.1291;SELL
2016-04-24T15:05:49.000000;2016-04-24T15:05:49.880710;62a09e44-cbad-41a7-a937-e5bfb7ffe17d;8.2;50.0;SELL
2016-04-24T15:06:24.000000;2016-04-24T15:06:24.872173;3ae30d16-6158-4a6e-9927-6ba8e57e1517;8.2713;6.08765505;BUY
2016-04-24T15:06:24.000000;2016-04-24T15:06:24.877463;64a77188-003f-4db9-89cf-6a3157a9574e;8.272;23.91234495;BUY
2016-04-24T15:10:22.000000;2016-04-24T15:10:22.198208;5a9a3263-c0dd-458d-8868-1a9a93d8c733;8.2044;0.1;SELL
2016-04-24T15:16:38.000000;2016-04-24T15:16:38.511824;4b88649b-33d5-4702-8388-f70817efc794;8.2;1.3;SELL
2016-04-24T15:22:43.000000;2016-04-24T15:22:43.591918;7f19806c-f76b-4f67-a23e-d541e0b3ea49;8.253;50.0;BUY
2016-04-24T15:32:31.000000;2016-04-24T15:32:31.982724;cbe9b93c-9595-4bbf-8198-4ee7d4785b2c;8.2995;0.1;BUY
2016-04-24T15:32:39.000000;2016-04-24T15:32:39.789541;435a7ca7-b7ad-4264-8544-3de94f79a765;8.3005;3.251958;BUY
2016-04-24T15:47:33.000000;2016-04-24T15:47:33.933891;dee31012-d2ed-4311-90d7-ee32c24a7e55;8.349;10.1295;BUY
2016-04-24T15:57:15.000000;2016-04-24T15:57:15.432307;56a7df92-0260-4195-90a4-30d82e12dc9d;8.3005;3.0;SELL
2016-04-24T15:57:25.000000;2016-04-24T15:57:25.174264;7e3e4e10-10e7-4d2b-a2b1-dce714904024;8.3005;3.0;SELL
2016-04-24T16:04:47.000000;2016-04-24T16:04:47.563513;5895bf77-946f-4209-aac0-ffeb619e63a4;8.3005;20.0;SELL
2016-04-24T16:06:53.000000;2016-04-24T16:06:53.742167;fef6e2f2-12a1-44a4-82fa-e15002d67be2;8.3005;0.748042;SELL
2016-04-24T16:10:23.000000;2016-04-24T16:10:23.898258;9e41f006-c92f-47d8-a379-e367c4dbbfc6;8.3;3.1455;SELL
2016-04-24T16:10:23.000000;2016-04-24T16:10:23.906286;4cb91bb0-613d-46e8-ad4b-08372048ea11;8.3;6.101458;SELL
2016-04-24T16:10:43.000000;2016-04-24T16:10:43.704228;72f54f0f-be6b-41f6-8d05-9c8311bee5d5;8.34;4.3303;SELL
2016-04-24T16:10:43.000000;2016-04-24T16:10:43.713231;ffebba1b-f22d-4352-a59b-91cddafc4d90;8.3;15.6697;SELL
2016-04-24T16:13:08.000000;2016-04-24T16:13:08.101692;fc997ff9-4725-4bef-9135-2e97f677f879;8.339;90.3987;BUY
2016-04-24T16:13:08.000000;2016-04-24T16:13:08.113696;08ee1ba3-a801-4086-b6b4-996ac20ca554;8.339;3.245598;BUY
2016-04-24T16:14:59.000000;2016-04-24T16:14:59.191828;54c24683-59fc-4d7c-bcb9-6315eaf91b34;8.339;0.80022923;SELL
2016-04-24T16:17:10.000000;2016-04-24T16:17:11.043944;8b3ee0c4-e60b-429a-a8f0-7b75cad22d4b;8.339;0.35547277;SELL
2016-04-24T16:17:10.000000;2016-04-24T16:17:11.063983;26f59ad1-9878-432b-a629-9d30944a4169;8.3007;1.66169706;SELL
2016-04-24T16:17:47.000000;2016-04-24T16:17:47.142597;9906ea57-3930-4331-a9aa-04437a4109c0;8.3014;4.40041834;SELL
2016-04-24T16:17:47.000000;2016-04-24T16:17:47.151549;518f7314-53fb-4acf-adcd-4526ea439ea7;8.3007;4.39829689;SELL
2016-04-24T16:17:47.000000;2016-04-24T16:17:47.156567;53f8c32a-9006-4980-af3b-bafdfd18f5b3;8.3;1.20128477;SELL
2016-04-24T16:22:55.000000;2016-04-24T16:22:55.626343;6f6e9f38-5a5a-4605-b776-0e97605fb00a;8.3;0.49689241;SELL
2016-04-24T16:34:16.000000;2016-04-24T16:34:16.605441;b3cb8dca-1a77-4d11-9c60-9c050e4e5608;8.3;4.99501666;SELL
2016-04-24T16:37:17.000000;2016-04-24T16:37:17.452560;4307bafe-f495-4bb0-8792-3aa6ba7a7bf8;8.3;2.28582;SELL
2016-04-24T16:47:47.000000;2016-04-24T16:47:48.007351;c8ffc6c9-bbd8-4367-9c74-24b08bf4dcbc;8.3;14.04982816;SELL
2016-04-24T16:47:47.000000;2016-04-24T16:47:48.017350;061cd237-6193-4a54-bdda-799d83794501;8.285;21.82903605;SELL
2016-04-24T16:47:54.000000;2016-04-24T16:47:55.197103;fe134a2c-b14f-44bb-abe6-bff78fd854c7;8.2797;3.236994;SELL
2016-04-24T16:47:54.000000;2016-04-24T16:47:55.211066;184f3903-0d4e-4daf-a478-5ad75ac9d6e5;8.241;59.763006;SELL
2016-04-24T17:00:34.000000;2016-04-24T17:00:34.816089;33ad1e6a-67dd-4bac-906d-2191e09b9c65;8.241;4.4;SELL
2016-04-24T17:00:34.000000;2016-04-24T17:00:34.821105;8b8aa22d-cc0d-451e-b946-7e7542ec9a3e;8.24;3.03;SELL
2016-04-24T17:01:26.000000;2016-04-24T17:01:26.658253;f822edbc-0dbf-43e3-a6a0-2c835ee50f63;8.2267;3.26247;SELL
2016-04-24T17:01:26.000000;2016-04-24T17:01:26.663265;4bf4554b-73b4-4b92-99da-0e6eb0eb42fa;8.22;0.78;SELL
2016-04-24T17:01:26.000000;2016-04-24T17:01:26.665281;133ee1b8-95be-4b3b-8d1e-746dda5e1fea;8.217;9.52253;SELL
2016-04-24T17:08:28.000000;2016-04-24T17:08:28.124967;a780b3c5-8d94-4dee-a9dd-e4c43752c4d3;8.2023;5.0444;SELL
2016-04-24T17:08:28.000000;2016-04-24T17:08:28.136931;fccdf639-1c98-4b44-a3b0-30a247a398d3;8.201;4.9556;SELL
2016-04-24T17:12:10.000000;2016-04-24T17:12:10.621202;a1d0ad48-a412-4185-9905-04c58b285931;8.21;10.0;BUY
2016-04-24T17:12:10.000000;2016-04-24T17:12:10.630191;ff32f69c-34d2-4918-b388-f5c6e569d94c;8.219;70.0;BUY
2016-04-24T17:36:42.000000;2016-04-24T17:36:42.475481;c10df04f-b960-4391-8f0c-2f58fa79b206;8.202;0.3;BUY
2016-04-24T17:36:52.000000;2016-04-24T17:36:52.282465;6777fa56-8102-4aab-a02d-e68463c89c3e;8.202;0.6;BUY
2016-04-24T17:37:01.000000;2016-04-24T17:37:01.593411;786db7bd-bf67-4ebc-ae01-df8429f2d514;8.202;0.5;BUY
2016-04-24T17:37:18.000000;2016-04-24T17:37:18.075052;fd56f757-e4bd-4474-b771-47884dfa62c7;8.201;59.0;SELL
2016-04-24T17:55:02.000000;2016-04-24T17:55:02.700762;fcbac866-452a-4930-aa81-9bb4d89e4302;8.2072;3.284438;SELL
2016-04-24T17:57:10.000000;2016-04-24T17:57:10.482526;29e347fa-bca4-4251-8b15-12378f8bfbd7;8.2072;10.77125317;BUY
2016-04-24T17:57:19.000000;2016-04-24T17:57:19.510426;11ae546e-b23c-49a3-9bdd-035224c99154;8.2072;2.94430883;BUY
2016-04-24T18:08:04.000000;2016-04-24T18:08:04.060898;b3efaa73-2ce1-4497-9c33-90ebfc2f237b;8.22;3.34744199;BUY
2016-04-24T18:08:07.000000;2016-04-24T18:08:07.150187;caf830f9-d6d4-43f0-8fa5-b7868f117395;8.22;2.83230392;BUY
2016-04-24T18:08:09.000000;2016-04-24T18:08:09.545439;08be8a62-7a88-4e44-9353-f0908491f725;8.22;2.01683653;BUY
2016-04-24T18:08:11.000000;2016-04-24T18:08:11.779717;f6e743c6-71a8-48c3-962c-19dd8ff8e2e0;8.22;1.7962111;BUY
2016-04-24T18:08:14.000000;2016-04-24T18:08:14.118888;b120097e-eadb-474b-8651-32f5f7e710c8;8.22;0.00720646;BUY
2016-04-24T18:09:19.000000;2016-04-24T18:09:19.162240;566fe1ad-05d1-49ff-8fe0-e9b8937d3fc9;8.23;10.0;BUY
2016-04-24T18:10:31.000000;2016-04-24T18:10:31.553513;eed8c499-0aeb-4faa-8d89-7b0821975398;8.24;9.99999984;BUY
2016-04-24T18:10:33.000000;2016-04-24T18:10:33.270691;a074a179-ec87-47eb-9c40-c1c1a4297181;8.25;9.99999984;BUY
2016-04-24T18:10:47.000000;2016-04-24T18:10:47.476088;56500111-dc71-4a44-bc02-f3e09142239c;8.26;10.0;BUY
2016-04-24T18:11:42.000000;2016-04-24T18:11:42.816605;a51bf9ae-4d0e-46ae-ba67-0185bb822650;8.27;0.54660713;BUY
2016-04-24T18:11:44.000000;2016-04-24T18:11:44.479849;f8d70b08-81e5-4ce8-9ecb-303a98845479;8.27;0.54660713;BUY
2016-04-24T18:12:31.000000;2016-04-24T18:12:31.181445;d7f75dbe-3c32-4e5c-a048-739b9efcd714;8.269;5.8;BUY
2016-04-24T18:12:31.000000;2016-04-24T18:12:31.198473;3a8c54c2-435e-4101-aa8f-1a0e63c81e44;8.27;2.93284232;BUY
2016-04-24T18:12:31.000000;2016-04-24T18:12:31.823499;a3f64b14-ca4d-416a-8b42-0bd93362bdc3;8.27;5.97394342;BUY
2016-04-24T18:12:31.000000;2016-04-24T18:12:31.834517;7a5ba9f4-97e5-4398-87b3-b7f151610dc5;8.28;3.77138704;BUY
2016-04-24T18:12:33.000000;2016-04-24T18:12:33.710731;3cf94673-5e7d-49c3-a085-93937540006b;8.28;6.22861296;BUY
2016-04-24T18:12:35.000000;2016-04-24T18:12:35.611912;6bec5e88-5e6e-44f2-b5b6-54b9ecf05c55;8.2934;3.5167175;BUY
2016-04-24T18:30:37.000000;2016-04-24T18:30:37.462912;992e2615-4efb-47c2-8277-1263dc66924e;8.26;5.10847368;SELL
2016-04-24T18:36:21.000000;2016-04-24T18:36:21.434269;7095e43e-d22d-43dc-a418-11ad651c75ff;8.26;2.16764449;SELL
2016-04-24T18:36:23.000000;2016-04-24T18:36:23.929552;c71b3a44-3e82-4dc6-9b65-16a5c4987c11;8.26;2.26498183;SELL
2016-04-24T18:58:10.000000;2016-04-24T18:58:10.179031;61866817-97b4-4c70-9eb1-d45fe1d9a7f4;8.2501;0.55095645;SELL
2016-04-24T18:58:12.000000;2016-04-24T18:58:12.529301;1485b033-015d-4af7-b31b-5e1a49e61619;8.2501;9.44904339;SELL
2016-04-24T18:58:12.000000;2016-04-24T18:58:12.536300;83d6b1e8-b2f9-4978-b8ad-591c1c131db3;8.25;18.30378624;SELL
2016-04-24T18:58:12.000000;2016-04-24T18:58:12.544264;7be31349-7006-4519-a68e-039d47dc14be;8.25;27.75282963;SELL
2016-04-24T18:58:12.000000;2016-04-24T18:58:12.742321;4cbcd693-2267-43f0-bf66-f3b76a3c6862;8.25;27.23892817;SELL
2016-04-24T18:58:16.000000;2016-04-24T18:58:16.408643;1c79904a-e630-441e-a2f9-2e1cec448a79;8.259;2.78972004;BUY
2016-04-24T18:58:23.000000;2016-04-24T18:58:23.794406;74cfeea1-cefb-4caf-b290-0361ad023db6;8.25;0.55094978;SELL
2016-04-24T19:12:43.000000;2016-04-24T19:12:43.130800;71515d02-dd5b-4a9e-bbb5-6968f10db011;8.25;0.55122365;SELL
2016-04-24T19:13:18.000000;2016-04-24T19:13:18.407329;738f1ec6-a2ac-4e36-b938-2f5939857c43;8.25;124.49;SELL
2016-04-24T19:13:19.000000;2016-04-24T19:13:19.146423;5221a9f1-b417-4aab-8ef8-aee0ead36b96;8.25;1.11228253;SELL
2016-04-24T19:14:19.000000;2016-04-24T19:14:19.410449;7702844d-7827-4c3f-89a5-48377f8cecb8;8.258;12.777;SELL
2016-04-24T19:14:26.000000;2016-04-24T19:14:26.443185;2279ce82-4b8f-4db8-b577-08f33ef8cc9c;8.257;90.4576;BUY
2016-04-24T19:14:26.000000;2016-04-24T19:14:26.451180;1ee51598-4bf6-4803-a794-d011be3836da;8.259;0.45363996;BUY
2016-04-24T19:14:26.000000;2016-04-24T19:14:26.475133;e7142ad4-ed9a-4805-9449-322ddd1f8a71;8.26;0.84012866;BUY
2016-04-24T19:14:26.000000;2016-04-24T19:14:26.478156;f4f35217-e44e-4aef-b788-54c0bb54b225;8.26;2.26498183;BUY
2016-04-24T19:14:26.000000;2016-04-24T19:14:26.506143;12cfe45f-61c8-470b-8134-bd34557d021b;8.284;125.66301172;BUY
2016-04-24T19:14:29.000000;2016-04-24T19:14:29.981527;e46bd5c0-83ed-4572-931f-bd87dd7aa167;8.2424;9.99999984;SELL
2016-04-24T19:14:29.000000;2016-04-24T19:14:29.993494;29ee64ac-8d97-468a-9395-7bc8243c1ce6;8.2423;9.99999984;SELL
2016-04-24T19:14:29.000000;2016-04-24T19:14:30.005490;0189b24c-c2d7-475b-9e3b-254121cf0b50;8.2422;9.99999984;SELL
2016-04-24T19:14:34.000000;2016-04-24T19:14:34.815965;beade66c-1c02-4c2d-a5ca-d38b0c881642;8.2311;21.61465994;SELL
2016-04-24T19:14:34.000000;2016-04-24T19:14:34.830984;042671af-5d64-4759-9bc8-a993283a5546;8.2311;21.61465994;SELL
2016-04-24T19:14:34.000000;2016-04-24T19:14:34.843979;1af49a16-0ec4-43db-b2a8-e9043669c24c;8.2311;0.54919038;SELL
2016-04-24T19:14:34.000000;2016-04-24T19:14:34.862041;54c173f8-d89c-4778-853d-73fac0d91ad7;8.2292;21.61965045;SELL
2016-04-24T19:14:34.000000;2016-04-24T19:14:34.880017;a14b9122-eaf5-4419-845e-7db04426bdfc;8.2292;21.61965045;SELL
2016-04-24T19:14:34.000000;2016-04-24T19:14:34.896990;0f564eda-e787-4ff3-94e7-17dc9ed938ef;8.22;1.35912214;SELL
2016-04-24T19:14:35.000000;2016-04-24T19:14:36.487177;ab014fe2-d3a2-4da1-a8c7-e719e197c083;8.205;15.0;SELL
2016-04-24T19:14:35.000000;2016-04-24T19:14:36.495155;0a92e10c-f783-4569-9642-5450f3f95a0f;8.2045;0.55248619;SELL
2016-04-24T19:14:35.000000;2016-04-24T19:14:36.509153;770ebf44-9a8a-4b6d-be7a-e4686075e6e5;8.2023;3.5522;SELL
2016-04-24T19:14:35.000000;2016-04-24T19:14:36.555142;d9b52cc1-6bd9-44bd-ac48-be6b228cca8b;8.2009;3.294118;SELL
2016-04-24T19:14:35.000000;2016-04-24T19:14:36.573157;7728f2ba-4415-4ed3-b12c-a5f81f2c61e2;8.2;38.5709;SELL
2016-04-24T19:14:35.000000;2016-04-24T19:14:36.586175;1738adf4-dea4-4a7e-8cca-0a6d31655d2f;8.16;10.0;SELL
2016-04-24T19:14:35.000000;2016-04-24T19:14:36.586175;a3969e46-81f1-4266-a9aa-7e161cea76e5;8.16;10.977473;SELL
2016-04-24T19:14:35.000000;2016-04-24T19:14:36.594181;596e1275-dff0-4ff8-9ce3-c27df731dea5;8.13;25.05282281;SELL
2016-04-24T19:15:47.000000;2016-04-24T19:15:47.995319;6525b22a-73cd-4b3b-b31d-0c3a2d6feb35;8.2;27.80844652;BUY
2016-04-24T19:15:58.000000;2016-04-24T19:15:58.491339;68c2f335-06c1-44fc-896c-75e1f003480d;8.1993;10.43782032;BUY
2016-04-24T19:15:58.000000;2016-04-24T19:15:58.501350;b2167b41-9f27-424a-b559-2c9c0c7f0b87;8.2;27.87806231;BUY
2016-04-24T19:15:58.000000;2016-04-24T19:15:58.531358;a2d06cfd-ff2a-4933-9567-2e90001a7aa4;8.2181;0.556514;BUY
2016-04-24T19:15:58.000000;2016-04-24T19:15:58.532343;e8a89130-91c9-4f62-b23d-42f4b9afda39;8.2181;0.556514;BUY
2016-04-24T19:15:58.000000;2016-04-24T19:15:58.532343;887bc06f-0839-429b-9119-050d83142978;8.229;67.57108937;BUY
2016-04-24T19:21:45.000000;2016-04-24T19:21:45.226030;d261c0ac-ba36-4a6c-adfc-9f4fedfd4b0a;8.224;5.749;BUY
2016-04-24T19:21:45.000000;2016-04-24T19:21:45.234016;2fff4af5-a553-4835-bde3-7d5e0f93b400;8.226;3.276957;BUY
2016-04-24T19:21:45.000000;2016-04-24T19:21:45.238017;223b0767-5900-4513-bd41-84ca5c68df02;8.229;19.44891063;BUY
2016-04-24T19:21:45.000000;2016-04-24T19:21:45.265050;955e4a04-e750-4a80-927b-d49a189fdb53;8.2375;0.5571341;BUY
2016-04-24T19:21:45.000000;2016-04-24T19:21:45.265050;fb76404d-f7fa-4011-8423-7a7cbef00d24;8.2375;0.5571341;BUY
2016-04-24T19:21:47.000000;2016-04-24T19:21:47.176208;0ebb3d94-5b31-42d3-a3aa-6a88f1d7b9a0;8.25;27.24636655;SELL
2016-04-24T19:21:47.000000;2016-04-24T19:21:47.192246;fd5ae10d-659a-431d-9a01-90741edb8b76;8.25;143.16449762;SELL
2016-04-24T19:27:06.000000;2016-04-24T19:27:06.815783;7b108f17-b16a-447e-8778-9694733ad476;8.2041;9.4;SELL
2016-04-24T19:27:06.000000;2016-04-24T19:27:06.825790;f153888a-957a-4c38-9645-0f7ca1477877;8.2032;13.4;SELL
2016-04-24T19:27:15.000000;2016-04-24T19:27:15.281592;3c87c40f-ac39-41d0-b1b5-843935fdd38a;8.203;0.55831612;SELL
2016-04-24T19:27:15.000000;2016-04-24T19:27:15.537622;ebd63ecc-a078-4fc6-aa44-60dcb94adb8a;8.203;0.00168388;BUY
2016-04-24T19:27:17.000000;2016-04-24T19:27:17.212799;ce3d4acc-a749-4689-890a-846a9dd4f2bc;8.203;0.56;BUY
2016-04-24T19:27:17.000000;2016-04-24T19:27:17.271790;c714999e-ae39-4815-a695-571b9e064376;8.1762;0.558098;SELL
2016-04-24T19:27:17.000000;2016-04-24T19:27:17.288808;f5b1ee6a-7117-4ee8-aa06-2d4498307273;8.1761;1.99273651;SELL
2016-04-24T19:27:17.000000;2016-04-24T19:27:17.599836;3c18138e-6236-438f-b8dc-ef9ce111b16d;8.176;16.77085385;BUY
2016-04-24T19:27:17.000000;2016-04-24T19:27:17.636846;28b9fb2a-add3-4361-a792-0b1c296c4a40;8.176;3.55831164;BUY
2016-04-24T19:27:48.000000;2016-04-24T19:27:48.647945;0cf08f08-63fd-48de-a585-c89fbb5dbbca;8.163;1.9;SELL
2016-04-24T19:27:48.000000;2016-04-24T19:27:48.656946;a6cd9784-72e4-4a22-86cf-55a2b83b18a2;8.162;22.01;SELL
2016-04-24T19:28:06.000000;2016-04-24T19:28:06.961755;12e5d7a8-fbc1-4839-806b-2c6b252cb07e;8.163;3.5;SELL
2016-04-24T19:28:06.000000;2016-04-24T19:28:06.975775;4e6586ae-d46c-4f30-8cff-f866f8d31102;8.1627;5.99919223;SELL
2016-04-24T19:28:06.000000;2016-04-24T19:28:06.992770;29c2d986-a148-446b-9b01-e85e9926a058;8.162;22.11080777;SELL
2016-04-24T19:28:20.000000;2016-04-24T19:28:20.754158;deacf2c5-c0cc-4a7a-a39b-5c9fdd58b72b;8.162;9.50230956;SELL
2016-04-24T19:28:32.000000;2016-04-24T19:28:32.751361;33d78c17-927d-493d-a928-ce115b76e27f;8.16;21.80769044;BUY
2016-04-24T19:28:43.000000;2016-04-24T19:28:43.620442;f969fa0a-ca5e-4f85-a98c-7283db427552;8.1597;21.80379517;SELL
2016-04-24T19:28:43.000000;2016-04-24T19:28:43.627440;01e656cc-54d5-4054-8d52-d244a0acb461;8.1591;3.64598541;SELL
2016-04-24T19:28:43.000000;2016-04-24T19:28:43.696437;10e28e12-2e28-4510-8bb7-97a8c6dac2ea;8.1523;0.55853441;SELL
2016-04-24T19:28:44.000000;2016-04-24T19:28:45.063573;ec043176-6d18-4bba-bd97-516f4a65f7dc;8.15;68.45;SELL
2016-04-24T19:29:15.000000;2016-04-24T19:29:15.284713;0c640b78-6211-4ab0-b8e4-01e718962a1c;8.152;0.00168501;BUY
2016-04-24T19:29:15.000000;2016-04-24T19:29:15.290646;023ce953-e716-4ef0-bf12-b0f55172a5b8;8.158;1.62857551;BUY
2016-04-24T19:29:25.000000;2016-04-24T19:29:25.472627;f65e6c50-a3d8-4f38-820f-d15288794629;8.158;13.2;BUY
2016-04-24T19:29:25.000000;2016-04-24T19:29:25.480624;f4fd1229-75db-48a1-9f92-af6a3cb7e52d;8.159;12.56378593;BUY
2016-04-24T19:31:38.000000;2016-04-24T19:31:38.152886;0c3457de-1b2b-4f2f-ba18-3865c26599c7;8.159;12.88621407;BUY
2016-04-24T19:31:38.000000;2016-04-24T19:31:38.161886;0411438d-4265-4b88-8605-3fce13ffe766;8.162;0.31378593;BUY
2016-04-24T19:31:38.000000;2016-04-24T19:31:38.167882;943efeee-b543-4f5a-b4de-53de473db72e;8.1999;0.56306306;BUY
2016-04-24T19:31:38.000000;2016-04-24T19:31:38.192914;2b854a80-d76c-48b7-b04e-44af77c8d5aa;8.2119;27.75282963;BUY
2016-04-24T19:31:38.000000;2016-04-24T19:31:38.192914;1ad13343-6a0c-4798-a3c8-f1df83242bfe;8.212;8.48410731;BUY
2016-04-24T19:32:07.000000;2016-04-24T19:32:07.496814;a57ddae6-0f8d-495c-8283-54693205e00c;8.15;41.37;SELL
2016-04-24T19:33:21.000000;2016-04-24T19:33:22.050288;f541b249-ca55-4f4d-87ee-9d9ba62952c4;8.197;30.1349;BUY
2016-04-24T19:39:05.000000;2016-04-24T19:39:05.139088;05be5219-8fe0-4d5c-a914-c387113b0fb6;8.1981;5.99319304;BUY
2016-04-24T19:39:05.000000;2016-04-24T19:39:05.142078;10be90ba-14c8-4193-b093-790758bb79e4;8.1987;1.29560696;BUY
2016-04-24T19:46:06.000000;2016-04-24T19:46:06.608228;7319faa4-53fd-48a3-bb8c-13c621bfc752;8.18;10.0;SELL
2016-04-24T19:46:07.000000;2016-04-24T19:46:07.561325;46bccb4a-750e-4741-9b9b-9a258fd7086a;8.1422;0.16069786;SELL
2016-04-24T19:46:30.000000;2016-04-24T19:46:30.392598;503f5e91-9958-4560-b73b-1e39d8763ae2;8.1987;0.31378593;BUY
2016-04-24T19:47:26.000000;2016-04-24T19:47:26.626665;c924cef6-32fc-4f5f-b8e3-30949cb02f82;8.1422;21.68996013;SELL
2016-04-24T19:47:26.000000;2016-04-24T19:47:26.636211;a2811a4f-2864-4412-9a65-f780b2fc5ac3;8.1392;0.5571341;SELL
2016-04-24T19:47:35.000000;2016-04-24T19:47:35.838137;d7b6f29a-f968-4645-98d2-fda5a98928b8;8.13;39.89;SELL
2016-04-24T19:47:49.000000;2016-04-24T19:47:49.777519;49e5c0a9-3b2a-4edf-88b3-72468a02fdd1;8.13;1.17;SELL
2016-04-24T19:47:55.000000;2016-04-24T19:47:55.385115;79824295-dc31-431b-8fcd-ea60b6bc27cf;8.13;22.86717719;SELL
2016-04-24T19:48:25.000000;2016-04-24T19:48:25.419295;e0c317c3-8a90-458f-af17-faf25c9f3934;8.1289;0.56564285;SELL
2016-04-24T19:48:25.000000;2016-04-24T19:48:25.432408;c6963749-8688-4239-abf1-6485efa49511;8.12;0.55435715;SELL
2016-04-24T19:48:26.000000;2016-04-24T19:48:26.790297;6f966a76-514d-4085-b801-24cec4fd6f92;8.12;0.00215685;SELL
2016-04-24T19:48:29.000000;2016-04-24T19:48:29.255467;e57a03d4-9af7-4406-be43-52a40dbc9a0f;8.1012;1.01396;SELL
2016-04-24T19:48:53.000000;2016-04-24T19:48:53.824926;e9350ae4-2200-4f1e-89ed-fde925b9e695;8.1019;6.05826929;SELL
2016-04-24T19:48:53.000000;2016-04-24T19:48:53.830931;bca6bfe8-d145-40e6-8433-083ea0bbb5f1;8.1012;28.60173071;SELL
2016-04-24T19:49:00.000000;2016-04-24T19:49:00.687311;ba18cf78-cfc8-423a-9dde-cf05385fe050;8.1012;417.38;SELL
2016-04-24T19:50:23.000000;2016-04-24T19:50:23.229864;ce09c4b6-f70f-4efa-be34-7d5213d0e16e;8.1012;0.00430929;SELL
2016-04-24T19:50:23.000000;2016-04-24T19:50:23.240858;d98d3c4e-afd7-43bf-a3d3-5370c7ab4763;8.0938;0.99569071;SELL
2016-04-24T19:50:31.000000;2016-04-24T19:50:31.615710;a6d96787-c601-45aa-add4-13538ae70c55;8.129;0.32312;BUY
2016-04-24T19:51:52.000000;2016-04-24T19:51:52.993913;d6840062-bae0-467b-ac78-a2f4dd052d59;8.0938;2.30713529;SELL
2016-04-24T19:51:52.000000;2016-04-24T19:51:53.004156;0a1a7095-adb9-4b5c-bdf7-dc500dc8c10a;8.07;10.0;SELL
2016-04-24T19:51:52.000000;2016-04-24T19:51:53.006584;462cd9b0-c0d1-4724-b8ac-8ade249af22b;8.067;0.9;SELL
2016-04-24T19:51:52.000000;2016-04-24T19:51:53.035899;3225b54c-9ad1-4ecf-97d5-7b1f36f832d2;8.066;10.0;SELL
2016-04-24T19:51:52.000000;2016-04-24T19:51:53.035899;ba3d9120-8a36-4eeb-97a4-d1cfb1058038;8.02;2.83223354;SELL
2016-04-24T19:54:17.000000;2016-04-24T19:54:17.596034;964b5989-3de5-49c0-b513-1105f3235d40;8.0442;99.99965594;BUY
2016-04-24T19:54:18.000000;2016-04-24T19:54:18.399087;aeb89bd0-56b4-4f1a-8607-5f916a8ed19a;8.0442;0.00034406;BUY
2016-04-24T20:05:19.000000;2016-04-24T20:05:19.576222;8fe1d288-0125-4df9-abdf-169e865b1b9a;8.107;40.0;BUY
2016-04-24T20:09:03.000000;2016-04-24T20:09:03.112746;eda9c953-ba83-47a2-bf66-45f18834f3cc;8.089;0.9;BUY
2016-04-24T20:09:03.000000;2016-04-24T20:09:03.116569;b7b36a76-6910-477e-b914-ae0762a0b5ca;8.0893;6.05221102;BUY
2016-04-24T20:09:03.000000;2016-04-24T20:09:03.131557;eb000626-83dd-488a-b89d-3f96f9ca7152;8.09;1.81328898;BUY
2016-04-24T20:11:21.000000;2016-04-24T20:11:21.464050;955eaad4-51e5-445c-8792-cba12c78616d;8.088;29.5300841;BUY
2016-04-24T20:11:21.000000;2016-04-24T20:11:21.875118;b5e7118f-a1fb-4eb6-a266-88e798dfccca;8.088;29.52998854;BUY
2016-04-24T20:11:22.000000;2016-04-24T20:11:22.765175;7a71a502-3b8b-4768-8af7-78f20e985ccd;8.088;3.86153749;BUY
2016-04-24T20:11:22.000000;2016-04-24T20:11:22.797182;6b46a8bf-06a8-4aa4-859a-73d74a2b0e04;8.088;29.50448987;BUY
2016-04-24T20:11:26.000000;2016-04-24T20:11:26.662564;4de3db43-09c2-4aee-8e1c-87b58992971c;8.122;0.57032052;BUY
2016-04-24T20:13:56.000000;2016-04-24T20:13:56.275552;f58200dc-7b33-4abd-b4f8-c8a2cd8791c7;8.0611;1.71298167;SELL
2016-04-24T20:14:34.000000;2016-04-24T20:14:34.361356;911e0948-6ca9-46c6-84d3-4cc601999b53;8.0603;27.24636742;SELL
2016-04-24T20:16:16.000000;2016-04-24T20:16:16.555544;c9e98324-b521-45f6-998e-6d3150c74219;8.0602;0.57240985;SELL
2016-04-24T20:16:16.000000;2016-04-24T20:16:16.566590;57fb908c-4654-4e5a-ac5a-2e094cbd792a;8.02;7.16776646;SELL
2016-04-24T20:16:16.000000;2016-04-24T20:16:16.570554;5201787e-df32-445e-9113-21140faf9358;8.0147;6.10246845;SELL
2016-04-24T20:16:16.000000;2016-04-24T20:16:16.597561;dba86f12-d3a6-4d0a-9d7b-a2fc44f5227c;8.014;5.0;SELL
2016-04-24T20:16:16.000000;2016-04-24T20:16:16.598550;6ba4db88-1d7c-4628-933b-7daf585f7b23;8.011;10.0;SELL
2016-04-24T20:16:16.000000;2016-04-24T20:16:16.598550;3396190e-790c-4721-9e42-0339976bd6fb;8.01;0.5;SELL
2016-04-24T20:16:16.000000;2016-04-24T20:16:16.598550;03753f76-8e67-47dd-8652-b8e2c4dd371d;8.01;4.0;SELL
2016-04-24T20:16:16.000000;2016-04-24T20:16:16.614548;ea8cf5dd-d956-40d5-9214-d806ffdbcbce;8.01;6.57735524;SELL
2016-04-24T20:18:20.000000;2016-04-24T20:18:20.577947;a8faa90a-0b43-4873-9e98-6057508fd697;8.0741;6.09636598;BUY
2016-04-24T20:18:20.000000;2016-04-24T20:18:20.579947;60ebf981-c5de-48c6-97ac-5a72ec82c3b1;8.0958;0.57716726;BUY
2016-04-24T20:18:20.000000;2016-04-24T20:18:20.608942;646ecb18-5519-4c48-a0e3-8638fe25bb65;8.151;29.36057709;BUY
2016-04-24T20:18:20.000000;2016-04-24T20:18:20.608942;5a13cf67-dfa6-4b79-b142-f835e644e992;8.1512;3.302826;BUY
2016-04-24T20:18:20.000000;2016-04-24T20:18:20.608942;aa6f9504-b2dd-4ade-951c-cee0ba8d0d4f;8.1575;0.57240985;BUY
2016-04-24T20:18:20.000000;2016-04-24T20:18:20.608942;f90292f0-cd7c-4620-8a61-04c1acc12aaa;8.16;0.17613249;BUY
2016-04-24T20:18:20.000000;2016-04-24T20:18:20.623959;ce6e2a42-7506-45c9-91e7-3e1faf0264ce;8.1779;9.208092;BUY
2016-04-24T20:18:20.000000;2016-04-24T20:18:20.639962;2f9b2ea9-d316-4f2b-97a8-21e5ee03f1cb;8.1833;0.56789142;BUY
2016-04-24T20:18:20.000000;2016-04-24T20:18:20.639962;7fa38eeb-666e-4b65-adba-a7cf545fe238;8.189;10.13853791;BUY
2016-04-24T20:18:52.000000;2016-04-24T20:18:52.248124;bcc6478e-8364-4907-82a4-ca714369d77c;8.168;1.0;BUY
2016-04-24T20:21:37.000000;2016-04-24T20:21:37.659680;51b3c7cf-4c89-4cab-8597-dd031237c3b6;8.14;19.63581929;SELL
2016-04-24T20:21:38.000000;2016-04-24T20:21:38.767756;f256ff16-9792-456b-8b05-b46e3b502892;8.14;19.63581929;SELL
2016-04-24T20:21:39.000000;2016-04-24T20:21:39.559888;33e69914-c383-4367-b264-63fa2a5c4247;8.14;10.72836101;SELL
2016-04-24T20:25:26.000000;2016-04-24T20:25:26.913582;afaca7cc-6829-40fc-a232-77f14c750acc;8.0877;1.0;SELL
2016-04-24T20:25:45.000000;2016-04-24T20:25:45.038360;d1b389a1-a999-42be-9df6-7a68ceac3d75;8.0877;5.0617532;SELL
2016-04-24T20:25:45.000000;2016-04-24T20:25:45.050421;6a38b23a-9c78-4304-afb5-61f351477b6e;8.085;54.81940115;SELL
2016-04-24T20:26:08.000000;2016-04-24T20:26:08.974780;fbb47d66-8133-4aa7-8e35-01eb571175e0;8.1187;1.0;BUY
2016-04-24T20:27:58.000000;2016-04-24T20:27:58.180703;cd7acdf7-4f19-4890-a258-a11ab731012b;8.09;0.5;BUY
2016-04-24T20:28:37.000000;2016-04-24T20:28:37.711689;4932da6d-d7a5-4d99-af28-226bfb98551a;8.09;1.0;BUY
2016-04-24T20:28:46.000000;2016-04-24T20:28:46.747546;c3a18bdb-ceda-4510-b537-99a6ce9a1151;8.09;1.0;BUY
2016-04-24T20:28:58.000000;2016-04-24T20:28:58.071687;d44bf3da-f973-49bd-bf79-d7a35590d557;8.09;1.0;BUY
2016-04-24T20:29:04.000000;2016-04-24T20:29:04.664339;b0c2b72d-5d61-4a87-82c3-51c1baa689a2;8.09;1.0;BUY
2016-04-24T20:29:10.000000;2016-04-24T20:29:10.334913;42af778c-c5bb-4fa2-bdc4-5b51a0ff5e29;8.09;1.0;BUY
2016-04-24T20:29:32.000000;2016-04-24T20:29:32.597141;50cd8512-ec6f-4a80-b434-0c27e62c0f72;8.09;4.5;BUY
2016-04-24T20:29:32.000000;2016-04-24T20:29:32.609139;cb347983-7278-42da-ab6f-5773138d6018;8.1;10.0;BUY
2016-04-24T20:29:32.000000;2016-04-24T20:29:32.611140;126402ce-7442-4aec-9400-ff8341c6bd20;8.1187;0.5;BUY
2016-04-24T20:30:24.000000;2016-04-24T20:30:24.768368;33cda207-0240-4b50-836b-5cbd28eb9561;8.085;0.33969574;SELL
2016-04-24T20:30:59.000000;2016-04-24T20:30:59.419853;1c0a5102-25ba-4f69-967e-d72bb9b56e66;8.1187;3.495;BUY
2016-04-24T20:30:59.000000;2016-04-24T20:30:59.421812;9a49b78a-b13e-4c38-a6ab-c04d563593a0;8.1431;0.57146123;BUY
2016-04-24T20:30:59.000000;2016-04-24T20:30:59.429826;b726aabd-6aeb-4de8-8bdd-0a403a18c7a7;8.1431;0.57146123;BUY
2016-04-24T20:30:59.000000;2016-04-24T20:30:59.453814;4167f9d5-93e3-4fbf-b422-1e9b579b1589;8.1455;3.341941;BUY
2016-04-24T20:30:59.000000;2016-04-24T20:30:59.453814;27608a7b-38a5-4697-8061-f22e6f6c382b;8.1611;6.05569145;BUY
2016-04-24T20:30:59.000000;2016-04-24T20:30:59.453814;9d04ef1a-fa49-479a-a9f1-d40120fa299d;8.1618;0.56657224;BUY
2016-04-24T20:30:59.000000;2016-04-24T20:30:59.453814;3839919c-7627-43c8-8792-75404aaca78b;8.169;65.39787285;BUY
2016-04-24T20:42:50.000000;2016-04-24T20:42:51.028913;83309652-0059-4561-b537-39b1cf89ef11;8.11;1.233;BUY
2016-04-24T20:43:02.000000;2016-04-24T20:43:02.653084;fd042379-9f3a-424e-91ca-3c6e23a93e4e;8.11;8.767;BUY
2016-04-24T20:43:02.000000;2016-04-24T20:43:02.667105;6b6a2fc7-8fa2-4dbf-8731-b7ffd6609d15;8.1285;3.329886;BUY
2016-04-24T20:43:02.000000;2016-04-24T20:43:02.675079;79881cb6-048a-4a47-bcf1-0860a1cdfb77;8.159;43.58962283;BUY
2016-04-24T20:46:23.000000;2016-04-24T20:46:23.838201;70c4401d-e033-4ace-adcb-e8db9abb39a8;8.142;6.141;BUY
2016-04-24T20:48:48.000000;2016-04-24T20:48:49.006755;a1f42d84-b815-4e89-9d06-b641444d6f52;8.141;2.327;BUY
2016-04-24T20:52:08.000000;2016-04-24T20:52:08.924684;00af79dd-68e4-4085-b68b-e05c2d5d12ac;8.0907;0.1;SELL
2016-04-24T20:54:56.000000;2016-04-24T20:54:56.676204;23c661ff-8f31-480a-9333-2673b6347612;8.0917;0.1;SELL
2016-04-24T20:57:33.000000;2016-04-24T20:57:33.897933;47f130d8-04b5-43d8-853e-50dbe6e995c1;8.092;100.0;SELL
2016-04-24T20:57:47.000000;2016-04-24T20:57:47.505277;eda2c6dd-6e64-4e97-943b-46da06b8f074;8.0917;0.1;SELL
2016-04-24T20:57:52.000000;2016-04-24T20:57:52.650810;2b2016f6-2072-4dc9-a57b-1482354746c7;8.092;3.24;BUY
2016-04-24T20:58:47.000000;2016-04-24T20:58:47.790318;e118436e-ab8f-450d-9d39-3cf4ffc1ec59;8.0917;0.1;SELL
2016-04-24T20:58:55.000000;2016-04-24T20:58:55.619105;ab1761df-6fdb-453d-a7e1-e3d0f1818aab;8.0917;0.1;SELL
2016-04-24T20:59:00.000000;2016-04-24T20:59:00.627604;3b44dd47-5dc7-44a7-876e-d43ef6208ab4;8.0917;0.1;SELL
2016-04-24T20:59:07.000000;2016-04-24T20:59:07.227304;6e69a400-7abc-4a56-97f6-41a7256115ae;8.0941;0.1;SELL
2016-04-24T20:59:38.000000;2016-04-24T20:59:38.617455;07d2a923-848f-4c7e-87b9-ae307cfd4aed;8.0941;2.77923417;SELL
2016-04-24T20:59:38.000000;2016-04-24T20:59:38.623429;40424fce-47df-476b-95d3-ba7b58fc9381;8.0917;2.842148;SELL
2016-04-24T20:59:38.000000;2016-04-24T20:59:38.636398;9dceb0b1-ded3-4828-9d5d-6e38d956adbc;8.086;3.03;SELL
2016-04-24T20:59:38.000000;2016-04-24T20:59:38.654401;10410c75-dae6-4963-868f-f1186da54f9e;8.0859;21.73854383;SELL
2016-04-24T21:05:03.000000;2016-04-24T21:05:03.145864;c21e9d24-3b37-44ff-9e40-516c660c5f17;8.0859;0.8;SELL
2016-04-24T21:06:43.000000;2016-04-24T21:06:43.928930;c3c4aea6-e297-455b-beb4-720b74cec166;8.0859;4.03718451;SELL
2016-04-24T21:07:46.000000;2016-04-24T21:07:46.820222;a621d029-8e31-4a68-b4f9-bfa91dc30e30;8.0859;0.1;SELL
2016-04-24T21:07:50.000000;2016-04-24T21:07:50.037544;8cfb5632-71d2-4670-a645-a47990e8017c;8.0859;0.1;SELL
2016-04-24T21:07:53.000000;2016-04-24T21:07:53.028871;136c4e86-d3cf-48c7-aac6-b86d116a19d1;8.0859;0.1;SELL
2016-04-24T21:07:55.000000;2016-04-24T21:07:55.127047;820bba7a-7584-4f22-93dc-34619cec03ef;8.0859;0.1;SELL
2016-04-24T21:07:57.000000;2016-04-24T21:07:57.730292;81d0c920-54ed-483e-8f98-bce86fa63224;8.0859;0.1;SELL
2016-04-24T21:13:24.000000;2016-04-24T21:13:25.064086;1da7ecc0-b707-4f9c-a14b-f91d8cc416ab;8.1249;22.99208981;BUY
2016-04-24T21:13:24.000000;2016-04-24T21:13:25.071072;d083a190-6e96-4a68-bb78-7281888dd9d1;8.1261;2.00791019;BUY
2016-04-24T21:15:53.000000;2016-04-24T21:15:53.762957;5a7baec5-d421-4167-9d23-f73bc5b94f21;8.11;0.8511;SELL
2016-04-24T21:18:56.000000;2016-04-24T21:18:56.895243;7e8d1e58-7714-46e5-ad03-75483b431e59;8.0859;19.81819004;SELL
2016-04-24T21:18:58.000000;2016-04-24T21:18:58.291387;144f3e0d-db13-419b-942b-458c4b36a37e;8.0859;4.84462545;SELL
2016-04-24T21:19:00.000000;2016-04-24T21:19:00.307622;607da2f1-c98b-47d0-9a70-1680c1b9fb1b;8.085;14.97356459;SELL
2016-04-24T21:19:00.000000;2016-04-24T21:19:00.683630;c5c84ff5-4388-4146-8cf6-4df689865c3e;8.085;14.97356459;SELL
2016-04-24T21:19:23.000000;2016-04-24T21:19:23.576930;4a6cba57-cbd8-4932-a5c9-43400a75c753;8.0866;2.01829702;SELL
2016-04-24T21:19:24.000000;2016-04-24T21:19:24.841036;3afd0944-0d19-4f2e-8a39-b045f9f963f6;8.085;6.56081916;SELL
2016-04-24T21:19:24.000000;2016-04-24T21:19:24.857074;e2611cf7-cfcd-4a7f-8c82-be4dcf92c2d6;8.085;22.99208981;SELL
2016-04-24T21:19:24.000000;2016-04-24T21:19:24.873046;b75c8df6-a7b3-4567-9e32-d22e2be23d86;8.085;22.99208981;SELL
2016-04-24T21:19:38.000000;2016-04-24T21:19:38.825495;b3fb9c54-6553-437b-ba71-4df961d1762e;8.085;22.99208981;SELL
2016-04-24T21:28:13.000000;2016-04-24T21:28:13.863097;5c12c9cb-4aed-4239-a142-3ade06d680fb;8.0999;22.99208981;BUY
2016-04-24T21:28:13.000000;2016-04-24T21:28:13.874058;45d928dc-ca33-44ae-afb9-44056e565321;8.1;2.00791019;BUY
2016-04-24T21:28:26.000000;2016-04-24T21:28:26.380322;c6d4f396-7cda-4d57-a5c1-6a8d52ed6e5c;8.1;25.0;BUY
2016-04-24T21:28:32.000000;2016-04-24T21:28:33.010032;69e6461c-6b3a-4b5f-a4ed-9b6763acada0;8.1;25.0;BUY
2016-04-24T21:31:06.000000;2016-04-24T21:31:06.978385;dacc3f89-b65c-4667-85d6-1cab21af6264;8.1067;4.0;BUY
2016-04-24T21:31:13.000000;2016-04-24T21:31:13.165286;d845417a-d634-46ec-8442-768134afb1b5;8.1068;0.22423829;BUY
2016-04-24T21:31:14.000000;2016-04-24T21:31:14.788155;c305ccaa-be25-4ad5-bb40-90ebaddeb6fa;8.1068;0.22423829;BUY
2016-04-24T21:32:29.000000;2016-04-24T21:32:29.802656;e82f7ce4-78a0-4ad4-aca8-3d1334807e2d;8.1068;2.88487742;BUY
2016-04-24T21:32:29.000000;2016-04-24T21:32:29.809689;ab161cb1-b754-4d6e-afe8-9e880d3340ec;8.1077;22.99208981;BUY
2016-04-24T21:32:39.000000;2016-04-24T21:32:39.645636;1e761a8f-bba4-4d98-987a-a84ce461599b;8.11;0.85071434;BUY
2016-04-24T21:41:07.000000;2016-04-24T21:41:07.540024;332a67a4-232b-478f-81bd-de08ea2e19bd;8.1101;0.14;SELL
2016-04-24T21:42:23.000000;2016-04-24T21:42:23.578652;c4f7fbdb-724d-4036-a03d-07797354e291;8.13;6.106;SELL
2016-04-24T21:42:27.000000;2016-04-24T21:42:27.774024;d551c634-9478-4504-ac3c-40676b16be1c;8.1109;0.71071434;SELL
2016-04-24T21:42:27.000000;2016-04-24T21:42:27.851069;5963abe0-5cf3-412c-bae7-19e9dcc5c198;8.1108;0.85071434;BUY
2016-04-24T21:42:46.000000;2016-04-24T21:42:46.552521;96840647-3148-4eae-9da4-08079a8b44cf;8.13;5.3845;SELL
2016-04-24T21:45:03.000000;2016-04-24T21:45:03.877664;58fe8343-294e-4273-af84-e6fae7c93547;8.13;6.106;SELL
2016-04-24T21:49:36.000000;2016-04-24T21:49:36.203906;dec6164d-5bec-43b6-88ac-9bc75ef55b77;8.14;3.339507;SELL
2016-04-24T21:51:34.000000;2016-04-24T21:51:34.398714;233db4c5-003d-43a9-a86f-bc9d9a56e9f6;8.1431;0.57162456;BUY
2016-04-24T21:51:34.000000;2016-04-24T21:51:34.424690;aa6bbdff-89b8-4ec4-9490-d400d0c5293a;8.1431;3.322218;BUY
2016-04-24T21:51:37.000000;2016-04-24T21:51:37.692004;51a3bc07-d204-4a53-b569-88b29fd7f312;8.15;3.322218;SELL
2016-04-24T21:52:31.000000;2016-04-24T21:52:31.324380;88ef1ce5-22a5-4a55-b77d-bdf5b8d33a62;8.15;2.8093382;SELL
2016-04-24T21:52:41.000000;2016-04-24T21:52:41.294402;2dfd48af-a92e-4e35-9fd7-f7571bf9ff95;8.15;0.32341;SELL
2016-04-24T21:52:41.000000;2016-04-24T21:52:41.312397;c7a10941-7b10-4c1a-819a-b5e5f1572338;8.15;5.69325204;SELL
2016-04-24T21:52:43.000000;2016-04-24T21:52:43.634614;8faaeddc-3f7e-4a23-b412-ade8a027a304;8.15;5.69325204;SELL
2016-04-24T21:52:44.000000;2016-04-24T21:52:44.271698;af4b0865-e69b-4508-b907-a24b341c0d60;8.15;1.21078716;SELL
2016-04-24T21:52:46.000000;2016-04-24T21:52:46.882520;e4519f4e-13eb-4edb-ae4d-da7417286baa;8.14;3.28080517;SELL
2016-04-24T21:53:00.000000;2016-04-24T21:53:00.146302;3c82da69-f437-4215-b2a0-433309732515;8.14;3.28483564;SELL
2016-04-24T21:53:02.000000;2016-04-24T21:53:02.518510;407aa2d7-e463-4419-9fa8-5908ae5e392a;8.14;10.76263864;SELL
2016-04-24T21:53:04.000000;2016-04-24T21:53:04.539713;470aa368-1dbb-4162-a358-eea9a5c68ee2;8.14;4.33221355;SELL
2016-04-24T21:53:15.000000;2016-04-24T21:53:15.515098;f35b1029-d3dd-4528-b3c8-6f04dbfde725;8.143;92.3678;BUY
