time_exchange;time_coinpai;guid;price;base_amount;taker_side
2016-02-03T00:01:22.000000;2016-02-03T00:01:22.000000;1fd86878-0b3c-47e0-89e3-2319227c42d9;372.9;0.10737473;UNKNOWN
2016-02-03T00:03:00.000000;2016-02-03T00:03:00.000000;fdbdbd22-5769-41a0-b6c6-bb7b453c113a;373.0;0.2;UNKNOWN
2016-02-03T00:03:43.000000;2016-02-03T00:03:43.000000;af5e1b17-6302-4f7a-b6ee-a069bdd82f71;372.9;0.8;UNKNOWN
2016-02-03T00:04:16.000000;2016-02-03T00:04:16.000000;f6f54949-eaf6-4271-9e3d-ad7144cc7f10;373.0;0.0317;UNKNOWN
2016-02-03T00:05:05.000000;2016-02-03T00:05:05.000000;8bf906f3-4e7b-48be-ad0e-35ae70e4a2a5;372.7;0.49189915;UNKNOWN
2016-02-03T00:05:05.000000;2016-02-03T00:05:05.000000;2b32753a-ce08-4557-9930-1c6cdc1c6e9c;372.9;2.07804685;UNKNOWN
2016-02-03T00:05:05.000000;2016-02-03T00:05:05.000000;0f752ce3-b3ae-41c0-b806-0c08e54139ef;372.83;0.072254;UNKNOWN
2016-02-03T00:05:07.000000;2016-02-03T00:05:07.000000;ecaf8375-e2ee-43ad-9715-ecc469a0ec81;372.64;1.07374738;UNKNOWN
2016-02-03T00:06:32.000000;2016-02-03T00:06:32.000000;2c844588-e57c-457a-8317-e3b79b37adf3;372.88;0.0251;UNKNOWN
2016-02-03T00:06:32.000000;2016-02-03T00:06:32.000000;d830837c-ccdd-4b1a-8c71-d0aa16673d42;372.73;0.02858736;UNKNOWN
2016-02-03T00:06:42.000000;2016-02-03T00:06:42.000000;be390487-99db-4d64-8f26-052f0a312015;372.73;0.06710921;UNKNOWN
2016-02-03T00:08:02.000000;2016-02-03T00:08:02.000000;a662eca0-8eaa-4f7f-be15-4100a25d52b0;372.73;0.06713981;UNKNOWN
2016-02-03T00:08:52.000000;2016-02-03T00:08:52.000000;d71ba6e8-7551-4908-abe0-5d8b988f81a8;372.88;1.0;UNKNOWN
2016-02-03T00:08:52.000000;2016-02-03T00:08:52.000000;3cd1e84a-1172-4121-82f1-57bc983004c5;372.88;10.0;UNKNOWN
2016-02-03T00:09:05.000000;2016-02-03T00:09:05.000000;cf63e340-081a-433a-ad03-905ead41024c;372.88;5.01953855;UNKNOWN
2016-02-03T00:13:33.000000;2016-02-03T00:13:33.000000;416562c0-f5ff-4d75-bcc9-37cca0ec5665;372.86;0.04009;UNKNOWN
2016-02-03T00:13:33.000000;2016-02-03T00:13:33.000000;1b0bfa17-fbdf-420f-941d-ab54733f65bf;372.78;0.06231;UNKNOWN
2016-02-03T00:13:33.000000;2016-02-03T00:13:33.000000;a338e254-1a6d-4290-9c53-1c0e72cf309f;372.78;0.0317;UNKNOWN
2016-02-03T00:14:52.000000;2016-02-03T00:14:52.000000;11e6860d-1c9a-4c00-92c0-57bebbf1e75c;372.86;0.04564895;UNKNOWN
2016-02-03T00:15:32.000000;2016-02-03T00:15:32.000000;3fead958-a24e-4814-9ab7-a846e3d8efdf;372.86;0.04832382;UNKNOWN
2016-02-03T00:16:34.000000;2016-02-03T00:16:34.000000;29c44768-91be-404c-8d47-443c065369af;372.87;0.906;UNKNOWN
2016-02-03T00:16:42.000000;2016-02-03T00:16:42.000000;b0fdae05-feca-43c2-94a2-c8400653e1b8;372.86;0.06904507;UNKNOWN
2016-02-03T00:16:57.000000;2016-02-03T00:16:57.000000;f34666b3-dfd7-488d-b969-71ad0b2b1023;372.87;1.0;UNKNOWN
2016-02-03T00:17:02.000000;2016-02-03T00:17:02.000000;6a9c854f-2e92-4291-b919-2813d721546c;372.87;1.0;UNKNOWN
2016-02-03T00:17:31.000000;2016-02-03T00:17:31.000000;9ed34a5d-df15-41e6-918f-f91a429c9ee9;372.87;1.0;UNKNOWN
2016-02-03T00:17:34.000000;2016-02-03T00:17:34.000000;2fd72829-2264-4132-9d0c-3c0a9c9974df;372.87;1.0;UNKNOWN
2016-02-03T00:17:38.000000;2016-02-03T00:17:38.000000;dd1216c8-6592-4db2-a4bd-91cfc055f96b;372.87;0.094;UNKNOWN
2016-02-03T00:17:38.000000;2016-02-03T00:17:38.000000;de1e97fe-583b-4e16-9cfb-2cf4d6a259c6;372.9;0.506;UNKNOWN
2016-02-03T00:17:38.000000;2016-02-03T00:17:38.000000;8803c352-d1b1-47b1-b096-b4acfc5ad47e;372.87;0.4;UNKNOWN
2016-02-03T00:17:41.000000;2016-02-03T00:17:41.000000;352f952e-7ecc-46c3-9a53-7fb701de4724;372.9;1.0;UNKNOWN
2016-02-03T00:17:43.000000;2016-02-03T00:17:43.000000;dea9499b-5328-411c-922f-6f99461ed048;372.9;1.0;UNKNOWN
2016-02-03T00:17:54.000000;2016-02-03T00:17:54.000000;7ae4fc40-a394-430d-8e7e-624d593861bd;372.9;1.0;UNKNOWN
2016-02-03T00:17:58.000000;2016-02-03T00:17:58.000000;80813a83-9dfe-4223-aba0-f0306e2a713f;372.9;0.420939;UNKNOWN
2016-02-03T00:17:59.000000;2016-02-03T00:17:59.000000;463b04bf-4e2d-4e71-a022-8373163b1579;372.9;0.02231369;UNKNOWN
2016-02-03T00:17:59.000000;2016-02-03T00:17:59.000000;4c1b4d14-c697-4bb5-ab9e-1fcf915f8068;372.9;0.03035257;UNKNOWN
2016-02-03T00:18:01.000000;2016-02-03T00:18:01.000000;f3b0761d-939a-4e53-8627-110072dd2240;372.86;1.0;UNKNOWN
2016-02-03T00:18:01.000000;2016-02-03T00:18:01.000000;915da1e1-e562-42ea-a5e7-f90b8f5712cb;372.6;7.37;UNKNOWN
2016-02-03T00:18:01.000000;2016-02-03T00:18:01.000000;f4b0421a-c43a-4f65-904c-5da598d04488;372.73;13.83716362;UNKNOWN
2016-02-03T00:18:01.000000;2016-02-03T00:18:01.000000;248716d5-d25f-4b6c-b4fa-3cc7f234b9eb;372.86;1.0;UNKNOWN
2016-02-03T00:18:01.000000;2016-02-03T00:18:01.000000;7c9cb1fe-09d1-4748-ab8e-ded58dd68e54;372.68;0.0317;UNKNOWN
2016-02-03T00:18:01.000000;2016-02-03T00:18:01.000000;dd29bfd2-9746-4ad5-9051-11402ec2b57b;372.86;1.0;UNKNOWN
2016-02-03T00:18:01.000000;2016-02-03T00:18:01.000000;17e9986d-a14e-43bd-8ada-e08becde32ab;372.86;1.0;UNKNOWN
2016-02-03T00:18:01.000000;2016-02-03T00:18:01.000000;9dfdebd3-a43e-45a0-93ef-9e86e1ef2910;372.86;1.0;UNKNOWN
2016-02-03T00:18:01.000000;2016-02-03T00:18:01.000000;d5c48466-364a-4960-8fd8-78d41149dc89;372.86;1.0;UNKNOWN
2016-02-03T00:18:01.000000;2016-02-03T00:18:01.000000;e6c9c520-fd11-4785-98c8-daa867942e5a;372.86;1.0;UNKNOWN
2016-02-03T00:18:01.000000;2016-02-03T00:18:01.000000;832ec766-4398-4f93-a883-11e6c9a85521;372.86;1.0;UNKNOWN
2016-02-03T00:18:01.000000;2016-02-03T00:18:01.000000;311ead36-6deb-47cf-8bf7-79c7af86ac3f;372.86;1.14306286;UNKNOWN
2016-02-03T00:18:01.000000;2016-02-03T00:18:01.000000;578c065a-e82d-4dde-9740-c982768298d5;372.75;6.6675;UNKNOWN
2016-02-03T00:18:01.000000;2016-02-03T00:18:01.000000;fd7ab115-dbc5-45a6-9716-7a4fac776c77;372.86;26.5;UNKNOWN
2016-02-03T00:18:01.000000;2016-02-03T00:18:01.000000;df49852c-f982-488e-9265-4a50a72bbc51;372.86;1.0;UNKNOWN
2016-02-03T00:18:01.000000;2016-02-03T00:18:01.000000;7bd6c9a3-0f8d-4659-9039-fcf95e5b6e90;372.86;1.05;UNKNOWN
2016-02-03T00:18:01.000000;2016-02-03T00:18:01.000000;7d2406d8-c04e-4cb1-b16d-5c6ab11f480c;372.86;1.0;UNKNOWN
2016-02-03T00:18:05.000000;2016-02-03T00:18:05.000000;2a5c48d5-d3ca-4af2-a5cb-7fc7ddfe0afd;372.41;3.73;UNKNOWN
2016-02-03T00:18:12.000000;2016-02-03T00:18:12.000000;cfc9c35e-fbe2-4c4b-9f83-5c27bd18970a;372.53;1.0;UNKNOWN
2016-02-03T00:18:14.000000;2016-02-03T00:18:14.000000;2454cae9-149a-4311-bbee-783376c14738;372.4;0.01;UNKNOWN
2016-02-03T00:18:14.000000;2016-02-03T00:18:14.000000;3dbbea40-e674-4ef3-ad99-2b7659b1f08e;372.4;0.6806827;UNKNOWN
2016-02-03T00:18:14.000000;2016-02-03T00:18:14.000000;cd7b62af-f602-41f1-aa90-f2838c8932c4;372.4;0.053376;UNKNOWN
2016-02-03T00:18:30.000000;2016-02-03T00:18:30.000000;f12a9b98-cf1b-4f4f-8aee-1c021d08187d;372.54;0.17;UNKNOWN
2016-02-03T00:18:36.000000;2016-02-03T00:18:36.000000;069b3684-d70e-4fb1-8f00-efff0026866c;372.71;1.0;UNKNOWN
2016-02-03T00:18:54.000000;2016-02-03T00:18:54.000000;c5339df3-7436-4932-a4aa-1b54aa984026;372.71;0.83;UNKNOWN
2016-02-03T00:18:55.000000;2016-02-03T00:18:55.000000;fb4c32ce-9b7f-413f-ba37-d94656db34ee;372.71;1.0;UNKNOWN
2016-02-03T00:18:56.000000;2016-02-03T00:18:56.000000;725ea441-7f7a-40cd-80e1-73ccee65686a;372.71;1.0;UNKNOWN
2016-02-03T00:19:10.000000;2016-02-03T00:19:10.000000;86436a47-6449-4e76-92fb-755a9e7d89f5;372.71;0.1;UNKNOWN
2016-02-03T00:19:14.000000;2016-02-03T00:19:14.000000;148c4939-b706-4dee-a166-140aed63dd8c;372.89;6.6851;UNKNOWN
2016-02-03T00:19:14.000000;2016-02-03T00:19:14.000000;05152bd9-d172-4efb-b35a-63855337f374;372.86;0.16488754;UNKNOWN
2016-02-03T00:19:14.000000;2016-02-03T00:19:14.000000;e3bced85-187d-4d67-b3a2-47576700f205;372.89;0.4117;UNKNOWN
2016-02-03T00:19:14.000000;2016-02-03T00:19:14.000000;f6085724-3478-43c4-bd49-688991286f5d;372.9;12.55769474;UNKNOWN
2016-02-03T00:19:14.000000;2016-02-03T00:19:14.000000;ef622c30-ecd2-48e9-8b74-04cc1ab92bb0;372.89;29.004;UNKNOWN
2016-02-03T00:19:14.000000;2016-02-03T00:19:14.000000;853713bb-004e-468d-92cc-2f8b1b60e6d4;372.87;0.185;UNKNOWN
2016-02-03T00:20:31.000000;2016-02-03T00:20:31.000000;4cfe0084-6efb-41c9-9bfa-01e8d0954c3e;373.11;0.05621038;UNKNOWN
2016-02-03T00:20:31.000000;2016-02-03T00:20:31.000000;d48ca88f-f8fc-48e2-a1f1-1a6010cd309a;373.0;0.73378962;UNKNOWN
2016-02-03T00:20:31.000000;2016-02-03T00:20:31.000000;32d77e07-e92e-4df5-9eef-cbadbdce3366;373.0;0.01;UNKNOWN
2016-02-03T00:20:31.000000;2016-02-03T00:20:31.000000;e01dda0f-0ecc-4704-88a0-1ff82e59d7da;373.0;0.1;UNKNOWN
2016-02-03T00:20:36.000000;2016-02-03T00:20:36.000000;0a749466-0d37-4018-baf3-6f8b6c6314bf;373.12;0.055273;UNKNOWN
2016-02-03T00:20:36.000000;2016-02-03T00:20:36.000000;bbfe4c7c-7e30-4ccf-930b-f8f7ba85aedc;373.2;0.33093738;UNKNOWN
2016-02-03T00:20:36.000000;2016-02-03T00:20:36.000000;55f80aa1-f246-46f8-b11d-dd765baa6f74;373.09;0.5;UNKNOWN
2016-02-03T00:20:36.000000;2016-02-03T00:20:36.000000;7ecd42c3-5f4d-41c6-8afa-c620d55734e2;373.11;0.11378962;UNKNOWN
2016-02-03T00:20:42.000000;2016-02-03T00:20:42.000000;f5d6abc2-469f-445f-8dff-77a7d1adac51;373.17;0.5;UNKNOWN
2016-02-03T00:20:48.000000;2016-02-03T00:20:48.000000;598cc100-5356-4b08-b684-9ad91560b6ea;373.17;1.0;UNKNOWN
2016-02-03T00:20:49.000000;2016-02-03T00:20:49.000000;50fde706-12ee-4d7b-ad0c-ee2246196eff;373.17;1.0;UNKNOWN
2016-02-03T00:21:07.000000;2016-02-03T00:21:07.000000;26fa71a7-92db-4bda-8205-ffa6fcd76d8f;373.15;1.0;UNKNOWN
2016-02-03T00:24:05.000000;2016-02-03T00:24:05.000000;76c6253c-bf07-45ee-a43d-73d476c6e059;373.02;1.0;UNKNOWN
2016-02-03T00:24:06.000000;2016-02-03T00:24:06.000000;1c42209d-80bf-41f6-b494-b63191dd6f7b;373.09;0.064;UNKNOWN
2016-02-03T00:24:06.000000;2016-02-03T00:24:06.000000;fdd82e2b-8425-42b6-a839-cea59a897708;373.03;17.3196;UNKNOWN
2016-02-03T00:24:10.000000;2016-02-03T00:24:10.000000;d3ca294e-72af-4721-869c-3112a0815c49;373.12;32.6164;UNKNOWN
2016-02-03T00:24:25.000000;2016-02-03T00:24:25.000000;4ec05bb3-0188-4985-8efc-79acc3ad66ab;373.04;1.0;UNKNOWN
2016-02-03T00:24:35.000000;2016-02-03T00:24:35.000000;c3afcfa3-9fec-4517-a23f-3a20dad8fdce;373.04;1.0;UNKNOWN
2016-02-03T00:25:05.000000;2016-02-03T00:25:05.000000;54b7f2d7-f386-4d68-bd3d-40cd373026ce;373.04;1.0;UNKNOWN
2016-02-03T00:26:11.000000;2016-02-03T00:26:11.000000;cd01ebdf-9592-47c2-bada-388b0189f3f7;372.63;2.20119493;UNKNOWN
2016-02-03T00:26:11.000000;2016-02-03T00:26:11.000000;68caeee4-3939-4c0e-875a-07e274890b07;372.9;0.99161772;UNKNOWN
2016-02-03T00:29:02.000000;2016-02-03T00:29:02.000000;f7022914-9c3f-4021-bee7-5d28b8d5a369;372.91;2.4;UNKNOWN
2016-02-03T00:29:46.000000;2016-02-03T00:29:46.000000;5a66eeb7-c73a-4a22-a3d7-d219a2e6d1a7;373.01;6.6446;UNKNOWN
2016-02-03T00:30:32.000000;2016-02-03T00:30:32.000000;11fe0023-f88c-4d63-a8fb-54a983e7798b;372.91;2.66396042;UNKNOWN
2016-02-03T00:30:56.000000;2016-02-03T00:30:56.000000;0e2cb4c6-8fb5-49e0-b604-36ceb66d701d;373.11;0.05;UNKNOWN
2016-02-03T00:32:03.000000;2016-02-03T00:32:03.000000;88fe0979-ae55-4878-ba99-ffb102ad9565;373.08;2.0;UNKNOWN
2016-02-03T00:33:06.000000;2016-02-03T00:33:06.000000;6ac2716e-1d07-4362-8017-b2e16b18cc2b;373.16;0.04756522;UNKNOWN
2016-02-03T00:33:06.000000;2016-02-03T00:33:06.000000;6e2e5bf7-a8ca-4724-aa2b-7cb3a65f73ad;373.15;0.021;UNKNOWN
2016-02-03T00:35:31.000000;2016-02-03T00:35:31.000000;441a2784-1478-4cf8-8fd6-480a8e64a8eb;373.0;3.0;UNKNOWN
2016-02-03T00:35:31.000000;2016-02-03T00:35:31.000000;85f4d980-66a9-4668-9dfc-04143b497664;373.0;0.5;UNKNOWN
2016-02-03T00:35:32.000000;2016-02-03T00:35:32.000000;8c28b0a7-06fc-4108-9506-51e6504c717d;373.0;0.5;UNKNOWN
2016-02-03T00:35:46.000000;2016-02-03T00:35:46.000000;3599f412-2b77-4930-a502-f0093a20f92b;373.07;0.7891;UNKNOWN
2016-02-03T00:36:06.000000;2016-02-03T00:36:06.000000;8e5f38db-4e41-43c6-9636-000d4803232f;373.05;1.0;UNKNOWN
2016-02-03T00:36:18.000000;2016-02-03T00:36:18.000000;3fabdafb-c81b-43e1-ad32-c63e5580b72d;373.05;1.0;UNKNOWN
2016-02-03T00:36:18.000000;2016-02-03T00:36:18.000000;79530fac-82ab-4b97-8767-4c4789065c90;373.06;6.7009;UNKNOWN
2016-02-03T00:36:23.000000;2016-02-03T00:36:23.000000;b323cc9e-85ea-4d6a-8438-10925d522d84;373.05;1.0;UNKNOWN
2016-02-03T00:36:23.000000;2016-02-03T00:36:23.000000;69babe2f-9ab8-4a5b-a89f-574ff9bb3144;373.06;0.5;UNKNOWN
2016-02-03T00:36:27.000000;2016-02-03T00:36:27.000000;1a265812-6cd1-415e-a2d4-25aad703fa19;373.06;0.5;UNKNOWN
2016-02-03T00:38:51.000000;2016-02-03T00:38:51.000000;abe00d35-0db5-4df1-a540-3b3338905a97;373.06;2.0;UNKNOWN
2016-02-03T00:38:57.000000;2016-02-03T00:38:57.000000;1015e6b2-1d98-4ab2-a86e-2f1318786133;373.07;6.0;UNKNOWN
2016-02-03T00:38:57.000000;2016-02-03T00:38:57.000000;e37968ad-a5ca-4188-857d-fe94c3ed00be;373.07;3.0;UNKNOWN
2016-02-03T00:38:57.000000;2016-02-03T00:38:57.000000;5fc76279-8557-4de6-898c-62582cfa09e0;373.08;6.6057;UNKNOWN
2016-02-03T00:38:57.000000;2016-02-03T00:38:57.000000;fa87a55f-ce8b-418e-8d3c-440a8a99f0d3;373.07;0.5;UNKNOWN
2016-02-03T00:38:57.000000;2016-02-03T00:38:57.000000;b760ac88-ceba-4714-883b-7474018e0b3a;373.1;12.0;UNKNOWN
2016-02-03T00:39:02.000000;2016-02-03T00:39:02.000000;17d9fe8b-3697-4933-9fea-7fce389be537;373.17;6.6278;UNKNOWN
2016-02-03T00:39:02.000000;2016-02-03T00:39:02.000000;84b47215-349a-45df-b91a-cf3e15089f8b;373.18;23.01;UNKNOWN
2016-02-03T00:39:02.000000;2016-02-03T00:39:02.000000;481c1df0-ce16-40d4-9737-f619d68441d3;373.15;19.8794261;UNKNOWN
2016-02-03T00:39:02.000000;2016-02-03T00:39:02.000000;e1b3ece2-de66-4512-989d-c0a3af979774;373.19;0.5;UNKNOWN
2016-02-03T00:39:02.000000;2016-02-03T00:39:02.000000;0b7295d7-a4f1-4a8b-8374-04e86f772417;373.19;3.0;UNKNOWN
2016-02-03T00:39:41.000000;2016-02-03T00:39:41.000000;2bf66e49-79df-4d7e-890a-21afe7f6ada0;373.15;8.5;UNKNOWN
2016-02-03T00:40:12.000000;2016-02-03T00:40:12.000000;4da5a6ce-840a-449d-a182-eae6c441be8f;373.15;1.98611331;UNKNOWN
2016-02-03T00:41:05.000000;2016-02-03T00:41:05.000000;8995639a-9c3f-4a35-9fe5-ea6086cc49dd;373.15;1.52876059;UNKNOWN
2016-02-03T00:41:05.000000;2016-02-03T00:41:05.000000;bc5da27c-6ca2-40db-b85c-09d3da36d6ef;373.0;1.0;UNKNOWN
2016-02-03T00:41:05.000000;2016-02-03T00:41:05.000000;46b09b35-5557-476f-b96a-e02793e0188f;372.84;3.0;UNKNOWN
2016-02-03T00:41:05.000000;2016-02-03T00:41:05.000000;9ac6e71c-0e38-4649-94db-127bca91fcab;372.84;1.30187667;UNKNOWN
2016-02-03T00:41:06.000000;2016-02-03T00:41:06.000000;8448afd3-c153-419b-ae8e-0e3e0a7cd4c1;373.01;1.24;UNKNOWN
2016-02-03T00:41:53.000000;2016-02-03T00:41:53.000000;a6ddbd24-8d5b-42b0-8b4a-b29bce8d0723;372.81;2.0;UNKNOWN
2016-02-03T00:42:55.000000;2016-02-03T00:42:55.000000;30def7d3-7651-4995-9f70-4600971ccdc6;373.17;0.8;UNKNOWN
2016-02-03T00:43:23.000000;2016-02-03T00:43:23.000000;0c63b095-9e32-42ac-91b6-34431117b77f;373.07;0.8;UNKNOWN
2016-02-03T00:43:53.000000;2016-02-03T00:43:53.000000;d640d473-abfb-4e58-8609-0d9513b0b2fc;373.07;1.0;UNKNOWN
2016-02-03T00:44:24.000000;2016-02-03T00:44:24.000000;dba34c80-67b7-491a-ae44-16d4aae99915;373.12;1.0;UNKNOWN
2016-02-03T00:44:57.000000;2016-02-03T00:44:57.000000;12608274-0ca2-4762-af60-80ef15bea70a;373.12;16.0;UNKNOWN
2016-02-03T00:44:57.000000;2016-02-03T00:44:57.000000;785f1824-e206-41f0-8d4d-43a68b3005dc;373.12;24.0;UNKNOWN
2016-02-03T00:45:06.000000;2016-02-03T00:45:06.000000;aea6bbb6-9984-40a8-9e22-5f706297e1ea;373.24;1.0;UNKNOWN
2016-02-03T00:45:11.000000;2016-02-03T00:45:11.000000;9f6266b6-5597-4f21-bee4-4e1c4df20d9d;373.23;1.0;UNKNOWN
2016-02-03T00:45:14.000000;2016-02-03T00:45:14.000000;5cfa9d93-7f1c-4d0d-8d72-503f8311800a;373.27;1.0;UNKNOWN
2016-02-03T00:45:15.000000;2016-02-03T00:45:15.000000;a3011116-a1e8-4471-b95a-e8ac11a09ef7;373.3;1.0;UNKNOWN
2016-02-03T00:45:17.000000;2016-02-03T00:45:17.000000;ead80fea-0b03-4ced-b04d-2737f19a2d28;373.28;1.0;UNKNOWN
2016-02-03T00:45:25.000000;2016-02-03T00:45:25.000000;7812c39c-11e2-46b1-8d6e-83dc649df62b;373.31;1.0;UNKNOWN
2016-02-03T00:45:26.000000;2016-02-03T00:45:26.000000;44a228c4-a05d-48df-8145-43c972fc5127;373.31;1.0;UNKNOWN
2016-02-03T00:45:32.000000;2016-02-03T00:45:32.000000;a372edf0-cc63-4e80-a697-d09f8e5c731c;373.31;1.0;UNKNOWN
2016-02-03T00:45:47.000000;2016-02-03T00:45:47.000000;b586feaa-bb25-48ce-a1a3-64fcd7f84e03;373.34;1.0;UNKNOWN
2016-02-03T00:45:49.000000;2016-02-03T00:45:49.000000;eb6064d9-beb7-4331-8964-176d225e2f1f;373.36;0.05;UNKNOWN
2016-02-03T00:45:49.000000;2016-02-03T00:45:49.000000;a45dac55-722f-420c-b4ea-1ebcaf7c5e16;373.36;0.05;UNKNOWN
2016-02-03T00:45:49.000000;2016-02-03T00:45:49.000000;cb943b45-4622-4ea5-b102-4383dbd89a2b;373.6;0.806534;UNKNOWN
2016-02-03T00:45:49.000000;2016-02-03T00:45:49.000000;2444f2de-3b13-4398-bd12-c1641f776c76;373.5;0.093466;UNKNOWN
2016-02-03T00:45:50.000000;2016-02-03T00:45:50.000000;579f57f1-bf30-43ae-96d1-f4cf76209e99;373.6;1.0;UNKNOWN
2016-02-03T00:47:00.000000;2016-02-03T00:47:00.000000;49235a1d-326d-451c-b3b3-d72f38f940d0;373.51;2.0;UNKNOWN
2016-02-03T00:47:53.000000;2016-02-03T00:47:53.000000;f4702e2a-2510-478e-9b8e-236761330bfb;373.26;1.0;UNKNOWN
2016-02-03T00:48:03.000000;2016-02-03T00:48:03.000000;e7065d4f-ec89-4ce8-a30e-e729c60a9049;373.38;1.0;UNKNOWN
2016-02-03T00:48:07.000000;2016-02-03T00:48:07.000000;5f9936b1-c7aa-4d0f-98f9-f42ebe94277b;373.15;0.6;UNKNOWN
2016-02-03T00:48:07.000000;2016-02-03T00:48:07.000000;07f9228c-2506-4feb-a38c-b8546df0288a;373.24;1.0;UNKNOWN
2016-02-03T00:48:14.000000;2016-02-03T00:48:14.000000;62480a86-4006-47ca-bc0c-e54c174f773d;373.37;0.1644;UNKNOWN
2016-02-03T00:48:38.000000;2016-02-03T00:48:38.000000;699811d6-11df-4bd8-9792-6fb2ce39633e;373.31;1.0;UNKNOWN
2016-02-03T00:48:53.000000;2016-02-03T00:48:53.000000;16af2a26-0fda-4522-8726-622e8bef73e7;373.24;1.0;UNKNOWN
2016-02-03T00:50:06.000000;2016-02-03T00:50:06.000000;167b09e0-a98b-4b7c-aaaf-202ca608e546;373.46;0.78600934;UNKNOWN
2016-02-03T00:50:06.000000;2016-02-03T00:50:06.000000;28b4e799-ac32-4936-8a80-bb37876ef03f;373.45;0.01;UNKNOWN
2016-02-03T00:51:03.000000;2016-02-03T00:51:03.000000;cf9fbb91-d973-41f9-bf1b-daddb6d8396c;373.37;1.0;UNKNOWN
2016-02-03T00:52:11.000000;2016-02-03T00:52:11.000000;864a527a-b807-483e-813f-1eb2f2f1615d;373.36;0.5;UNKNOWN
2016-02-03T00:52:22.000000;2016-02-03T00:52:22.000000;b7bbd89f-f705-4479-9d62-7c2a21793eca;373.4;0.06;UNKNOWN
2016-02-03T00:52:22.000000;2016-02-03T00:52:22.000000;0589dc17-cfcb-4597-adbd-b4bd3c507cbe;373.46;0.94;UNKNOWN
2016-02-03T00:52:24.000000;2016-02-03T00:52:24.000000;f1d9469b-3b5a-4507-83af-10aed0138a38;373.53;1.0;UNKNOWN
2016-02-03T00:52:28.000000;2016-02-03T00:52:28.000000;ab1a351a-5653-4225-abff-c33ed6703626;373.53;1.0;UNKNOWN
2016-02-03T00:52:35.000000;2016-02-03T00:52:35.000000;386ff699-c385-4846-b34d-c127abc241fb;373.52;1.0;UNKNOWN
2016-02-03T00:52:41.000000;2016-02-03T00:52:41.000000;bb8e3acc-edc6-43a8-afac-84bd910ad8ba;373.51;1.0;UNKNOWN
2016-02-03T00:53:03.000000;2016-02-03T00:53:03.000000;4b83e10b-76c0-42ba-8619-9f8021010f1e;373.39;20.0;UNKNOWN
2016-02-03T00:53:03.000000;2016-02-03T00:53:03.000000;cb2c7b41-69e0-4a57-98b2-c72ed749633b;373.49;15.9984;UNKNOWN
2016-02-03T00:53:03.000000;2016-02-03T00:53:03.000000;486925e5-0353-4459-a460-c7cba5e7ab95;373.36;0.26810614;UNKNOWN
2016-02-03T00:53:03.000000;2016-02-03T00:53:03.000000;9acd42ab-70a9-4ac0-b817-4a533025ae15;373.66;5.55930089;UNKNOWN
2016-02-03T00:53:03.000000;2016-02-03T00:53:03.000000;d136c5da-9681-46f5-b384-998ea7dc1673;373.6;1.0;UNKNOWN
2016-02-03T00:53:03.000000;2016-02-03T00:53:03.000000;cbd63b33-208f-4f8f-aa12-035eca5b8ae8;373.6;7.44229911;UNKNOWN
2016-02-03T00:53:05.000000;2016-02-03T00:53:05.000000;01c15949-bf7d-4091-b66c-10130faa7413;373.59;1.32044578;UNKNOWN
2016-02-03T00:53:09.000000;2016-02-03T00:53:09.000000;6c0d6d8a-15ac-4270-883b-b26a3bf45ea8;373.57;1.0;UNKNOWN
2016-02-03T00:53:11.000000;2016-02-03T00:53:11.000000;b70c92ea-efc0-4f62-bf3b-2bb66db5f268;373.57;1.0;UNKNOWN
2016-02-03T00:53:15.000000;2016-02-03T00:53:15.000000;31cf8c01-b557-44b0-a24b-f2717adbe301;373.39;6.6177;UNKNOWN
2016-02-03T00:53:18.000000;2016-02-03T00:53:18.000000;47136d06-0625-4723-96d9-0007a6acf92c;373.39;1.0;UNKNOWN
2016-02-03T00:53:19.000000;2016-02-03T00:53:19.000000;49da4e8e-3293-4c0b-b58e-45caff404a1b;373.39;1.0;UNKNOWN
2016-02-03T00:53:25.000000;2016-02-03T00:53:25.000000;6b7ea929-86ae-4d25-8625-4d72f381643c;373.39;0.232;UNKNOWN
2016-02-03T00:53:29.000000;2016-02-03T00:53:29.000000;7ab15b8c-e450-4f67-9677-335456883b6a;373.38;1.0;UNKNOWN
2016-02-03T00:53:48.000000;2016-02-03T00:53:48.000000;e418643d-d6f2-4882-ab68-db3594a09dad;373.37;0.0537;UNKNOWN
2016-02-03T00:54:34.000000;2016-02-03T00:54:34.000000;51dce8ca-5ba3-4e0e-b2d4-15761ad3d097;373.04;0.25239777;UNKNOWN
2016-02-03T00:54:54.000000;2016-02-03T00:54:54.000000;59bc0e36-79bb-4c4c-9eb5-f7f667d656f2;373.09;0.025;UNKNOWN
2016-02-03T00:55:06.000000;2016-02-03T00:55:06.000000;5c8f84fc-1edf-4244-9626-b5f14257029a;373.04;3.34028072;UNKNOWN
2016-02-03T00:55:07.000000;2016-02-03T00:55:07.000000;71358d01-ac55-4740-9d0c-c1f94a901850;373.33;0.03;UNKNOWN
2016-02-03T00:55:07.000000;2016-02-03T00:55:07.000000;04468cdf-0855-4473-9961-4e8d309262ca;373.35;0.02694088;UNKNOWN
2016-02-03T00:56:52.000000;2016-02-03T00:56:52.000000;cce8fd94-6ea4-45ea-83f9-f424900266d9;372.99;1.0703;UNKNOWN
2016-02-03T00:57:20.000000;2016-02-03T00:57:20.000000;324cbf08-ec36-49cb-8f36-4aa87b9bf3c8;372.99;2.47431083;UNKNOWN
2016-02-03T00:58:33.000000;2016-02-03T00:58:33.000000;5b1d1c04-a666-426e-8416-fcd366f58926;372.97;0.13283387;UNKNOWN
2016-02-03T00:59:12.000000;2016-02-03T00:59:12.000000;bf223ae2-4213-4c9c-a47b-2f1b51914158;372.99;0.1393;UNKNOWN
2016-02-03T00:59:12.000000;2016-02-03T00:59:12.000000;30c30f75-74c1-4a8f-a800-50af796c932e;372.96;0.13;UNKNOWN
2016-02-03T00:59:21.000000;2016-02-03T00:59:21.000000;f504b0d9-38c2-44ce-bff9-ffdfb12aa948;372.99;11.31608917;UNKNOWN
2016-02-03T00:59:23.000000;2016-02-03T00:59:23.000000;5d9fac7b-2409-4995-8b8c-3a9f9d0a0dd4;373.01;15.0;UNKNOWN
2016-02-03T01:00:42.000000;2016-02-03T01:00:42.000000;5b9add35-a059-40cd-88fd-1c1de6b29fb1;373.0;9.31608917;UNKNOWN
2016-02-03T01:00:42.000000;2016-02-03T01:00:42.000000;6d6bf43d-785c-40ce-8306-ed8e8225ed43;373.0;5.68391083;UNKNOWN
2016-02-03T01:00:42.000000;2016-02-03T01:00:42.000000;4a983766-3f81-4aea-8ff6-0ed4649bb944;373.0;4.07101083;UNKNOWN
2016-02-03T01:00:42.000000;2016-02-03T01:00:42.000000;058f5bec-a2e2-493a-a6df-6c617185a7c8;373.0;15.0;UNKNOWN
2016-02-03T01:01:15.000000;2016-02-03T01:01:15.000000;dddd2fd8-9144-44d0-90de-ad028bb7058a;372.91;0.13997;UNKNOWN
2016-02-03T01:02:38.000000;2016-02-03T01:02:38.000000;adb4e97c-d416-417a-a8bc-31bd5ae81833;372.8;0.27;UNKNOWN
2016-02-03T01:03:05.000000;2016-02-03T01:03:05.000000;c33bdf17-847d-4269-8623-762df00771d5;372.99;0.06012925;UNKNOWN
2016-02-03T01:04:26.000000;2016-02-03T01:04:26.000000;3f23c129-fbd3-4192-adcb-8919bbfc517a;372.99;0.05;UNKNOWN
2016-02-03T01:04:31.000000;2016-02-03T01:04:31.000000;01fdf3c0-33fb-4123-89cb-5f6ba0caf379;372.99;0.05;UNKNOWN
2016-02-03T01:04:48.000000;2016-02-03T01:04:48.000000;8256ebca-4eb2-40d9-bc1a-78bfecc46f67;372.88;4.54289544;UNKNOWN
2016-02-03T01:04:48.000000;2016-02-03T01:04:48.000000;6c806262-f278-423b-bf7e-abb6e95e3277;372.89;3.0;UNKNOWN
2016-02-03T01:04:48.000000;2016-02-03T01:04:48.000000;7695e217-97b5-4345-ba9d-0f263e5f89e5;372.89;0.5;UNKNOWN
2016-02-03T01:05:49.000000;2016-02-03T01:05:49.000000;ce0ccacf-da3b-4447-ad6c-b55911225d68;373.19;9.94311083;UNKNOWN
2016-02-03T01:05:49.000000;2016-02-03T01:05:49.000000;612ca398-8235-40d6-b992-97c168695945;373.0;10.92898917;UNKNOWN
2016-02-03T01:05:49.000000;2016-02-03T01:05:49.000000;f21ebb5c-a6d6-423e-a648-bda296162047;373.0;10.0;UNKNOWN
2016-02-03T01:05:49.000000;2016-02-03T01:05:49.000000;5f404e8d-14ed-4eea-bfcc-6afbc110f075;372.99;6.6279;UNKNOWN
2016-02-03T01:05:49.000000;2016-02-03T01:05:49.000000;91b507e1-3ccf-4eda-bfdc-60b83b878db0;373.19;12.5;UNKNOWN
2016-02-03T01:05:49.000000;2016-02-03T01:05:49.000000;fd7b36e5-410d-4bcc-91ed-d1a42823697b;373.15;20.0;UNKNOWN
2016-02-03T01:06:01.000000;2016-02-03T01:06:01.000000;8dc46b11-64fd-4eff-8a37-7aa1dd32d62b;373.83;0.48235313;UNKNOWN
2016-02-03T01:06:01.000000;2016-02-03T01:06:01.000000;8d20afd9-4331-4d96-ad1f-c91f71034d19;373.39;27.25;UNKNOWN
2016-02-03T01:06:01.000000;2016-02-03T01:06:01.000000;ee108acd-5250-4d84-8382-ee54c339f6a0;373.49;0.25;UNKNOWN
2016-02-03T01:06:01.000000;2016-02-03T01:06:01.000000;77cab144-8474-4b61-9ccd-d980c1a7d211;373.39;2.32448264;UNKNOWN
2016-02-03T01:06:01.000000;2016-02-03T01:06:01.000000;9d3c4755-9100-4d1c-8811-f9cfcb4394e1;373.7;18.4086;UNKNOWN
2016-02-03T01:06:01.000000;2016-02-03T01:06:01.000000;2766ef15-fab8-44aa-b246-c39f59d74dbf;373.39;0.26677072;UNKNOWN
2016-02-03T01:06:01.000000;2016-02-03T01:06:01.000000;fd27da90-ebb3-4d97-bef0-8ef37bad4823;373.39;1.0;UNKNOWN
2016-02-03T01:06:01.000000;2016-02-03T01:06:01.000000;4fe8dd66-7416-44ec-83d5-edd1350004b2;373.52;15.8684;UNKNOWN
2016-02-03T01:06:02.000000;2016-02-03T01:06:02.000000;271d7bb0-d2b1-4512-9d38-cf8c763830ac;373.01;0.16;UNKNOWN
2016-02-03T01:06:02.000000;2016-02-03T01:06:02.000000;0d544c4c-918d-4f01-a9fc-fc07422ea421;373.01;0.1640712;UNKNOWN
2016-02-03T01:06:30.000000;2016-02-03T01:06:30.000000;637832d1-cd50-46e3-a92a-8a084c585668;373.36;5.0;UNKNOWN
2016-02-03T01:07:22.000000;2016-02-03T01:07:22.000000;1555d8b8-ff3b-47a5-b9cc-8307d354a9f7;373.3;6.6296;UNKNOWN
2016-02-03T01:07:22.000000;2016-02-03T01:07:22.000000;df129f82-bec9-4e21-b527-efe5bd93a5b7;373.3;0.267;UNKNOWN
2016-02-03T01:07:22.000000;2016-02-03T01:07:22.000000;22bb6282-d0dc-4bf1-9e20-c8d98d6c7fc9;373.3;0.267;UNKNOWN
2016-02-03T01:07:22.000000;2016-02-03T01:07:22.000000;7e0fe1cc-1aee-41d4-a531-a83136b94535;373.3;0.267;UNKNOWN
2016-02-03T01:07:22.000000;2016-02-03T01:07:22.000000;7cc70b30-58c9-4cf7-8f07-3ceed8c501f7;373.3;0.267;UNKNOWN
2016-02-03T01:07:22.000000;2016-02-03T01:07:22.000000;481aa39c-1519-4979-8a3b-1eb1987f4ff2;373.3;0.267;UNKNOWN
2016-02-03T01:07:22.000000;2016-02-03T01:07:22.000000;117d4060-da52-4b91-83ea-a88fd9355ae9;373.3;0.09888;UNKNOWN
2016-02-03T01:07:22.000000;2016-02-03T01:07:22.000000;2a352cd9-189a-4d1f-bed5-37b89a90fb5d;373.3;0.267;UNKNOWN
2016-02-03T01:07:22.000000;2016-02-03T01:07:22.000000;165c37c9-eb7e-47b7-957c-76c7de5630e5;373.3;0.27;UNKNOWN
2016-02-03T01:07:22.000000;2016-02-03T01:07:22.000000;634e4f12-6335-48d1-b12f-fdb61d37d4ed;373.3;0.267;UNKNOWN
2016-02-03T01:07:22.000000;2016-02-03T01:07:22.000000;0d1918cf-ab23-4269-9092-464d6f845559;373.3;0.267;UNKNOWN
2016-02-03T01:07:22.000000;2016-02-03T01:07:22.000000;e992446c-553b-4e7d-8789-630fd3d1b552;373.3;0.267;UNKNOWN
2016-02-03T01:07:22.000000;2016-02-03T01:07:22.000000;5aefb150-b229-4ff6-8ef6-14d035efb2be;373.38;5.07792;UNKNOWN
2016-02-03T01:07:22.000000;2016-02-03T01:07:22.000000;b098228c-a510-4dee-8a50-728c97cdf64b;373.3;0.267;UNKNOWN
2016-02-03T01:07:22.000000;2016-02-03T01:07:22.000000;82276b8b-5b18-4114-b869-8dbde539555b;373.3;0.267;UNKNOWN
2016-02-03T01:07:22.000000;2016-02-03T01:07:22.000000;c30fdea5-82da-4a0c-8164-cd044ebb4ced;373.3;0.267;UNKNOWN
2016-02-03T01:10:21.000000;2016-02-03T01:10:21.000000;8d6400a2-cad1-4231-80a7-b048d316d454;373.25;0.105444;UNKNOWN
2016-02-03T01:11:03.000000;2016-02-03T01:11:03.000000;7f2bd33f-76fa-4458-8281-6f0355a109c9;373.33;0.33;UNKNOWN
2016-02-03T01:11:03.000000;2016-02-03T01:11:03.000000;8174ca48-350e-4faa-82bf-c892c0641683;373.33;2.0595;UNKNOWN
2016-02-03T01:11:48.000000;2016-02-03T01:11:48.000000;051df231-fafb-46e1-82f9-d8f12e9909a9;373.22;5.68;UNKNOWN
2016-02-03T01:12:04.000000;2016-02-03T01:12:04.000000;3a3dafeb-dcb2-4fd5-baf3-82bdb28760f4;373.23;0.01;UNKNOWN
2016-02-03T01:15:09.000000;2016-02-03T01:15:09.000000;23a9795a-157f-4ca1-a61d-91636081ff5d;373.14;0.33;UNKNOWN
2016-02-03T01:15:32.000000;2016-02-03T01:15:32.000000;984e11bb-36a1-403c-a3e4-f1479e19b470;373.14;0.522795;UNKNOWN
2016-02-03T01:16:00.000000;2016-02-03T01:16:00.000000;17c350d0-acf6-47d2-8c4a-2ac2e2d66162;373.23;0.0225;UNKNOWN
2016-02-03T01:16:02.000000;2016-02-03T01:16:02.000000;da2e1968-6ff8-4a6b-9e76-ac97f12ab6a6;373.14;0.0777966;UNKNOWN
2016-02-03T01:16:32.000000;2016-02-03T01:16:32.000000;10661bab-9883-474a-8136-e27f17fbbb9a;373.14;0.058355;UNKNOWN
2016-02-03T01:17:33.000000;2016-02-03T01:17:33.000000;ef213e64-e80d-43fc-a4db-4727f97897a4;373.15;0.02656395;UNKNOWN
2016-02-03T01:18:26.000000;2016-02-03T01:18:26.000000;5fcba2ca-f842-4fb5-baf0-b53ee6498ffc;373.15;0.267;UNKNOWN
2016-02-03T01:18:26.000000;2016-02-03T01:18:26.000000;569b4b12-977d-4135-b54c-500d6f2697b2;373.15;0.267;UNKNOWN
2016-02-03T01:18:32.000000;2016-02-03T01:18:32.000000;12748061-f523-4b90-886f-f415c649c54a;373.14;0.11449144;UNKNOWN
2016-02-03T01:18:33.000000;2016-02-03T01:18:33.000000;210733c8-51ee-45bd-8b1d-93a9d06453ec;373.14;0.78324129;UNKNOWN
2016-02-03T01:19:49.000000;2016-02-03T01:19:49.000000;195ba931-22a7-481f-bde2-a8cec95db514;373.14;0.04513517;UNKNOWN
2016-02-03T01:21:05.000000;2016-02-03T01:21:05.000000;69ae3159-47e5-4681-9adf-b48eed5a83f4;373.14;3.93736957;UNKNOWN
2016-02-03T01:21:05.000000;2016-02-03T01:21:05.000000;929a3b0d-4292-4947-b11d-78912813305b;373.14;2.0068474;UNKNOWN
2016-02-03T01:21:05.000000;2016-02-03T01:21:05.000000;e537bc1d-e52f-4120-ab3b-170ac7508f98;373.14;0.66782987;UNKNOWN
2016-02-03T01:21:06.000000;2016-02-03T01:21:06.000000;8dfa2382-65a0-42df-a8fb-348168d08429;373.15;0.199;UNKNOWN
2016-02-03T01:21:06.000000;2016-02-03T01:21:06.000000;7cbfae9f-bd3c-452a-92a6-890816c1a5c4;373.15;0.267;UNKNOWN
2016-02-03T01:21:06.000000;2016-02-03T01:21:06.000000;2b06d604-d9ff-41c2-a443-7b088ea5437a;373.15;0.267;UNKNOWN
2016-02-03T01:21:06.000000;2016-02-03T01:21:06.000000;9e6f4e5e-7a86-431d-9c61-ca14b0202ca2;373.15;0.267;UNKNOWN
2016-02-03T01:21:43.000000;2016-02-03T01:21:43.000000;4a9c8661-f76b-4fbb-a480-276af361abd7;373.15;0.0265;UNKNOWN
2016-02-03T01:21:43.000000;2016-02-03T01:21:43.000000;7c173308-f3d4-49a3-ad7e-b761b2a0bbe6;373.15;0.0385;UNKNOWN
2016-02-03T01:21:43.000000;2016-02-03T01:21:43.000000;48934f04-1fda-4641-9625-0c01c2319f3e;373.15;0.267;UNKNOWN
2016-02-03T01:21:45.000000;2016-02-03T01:21:45.000000;8c4509e5-aa38-4769-b139-8eb7400bae7f;373.15;0.2255;UNKNOWN
2016-02-03T01:21:45.000000;2016-02-03T01:21:45.000000;097d7d24-2138-4d65-9479-68a13ea0aca2;373.15;0.2405;UNKNOWN
2016-02-03T01:21:45.000000;2016-02-03T01:21:45.000000;5df330bc-941e-4c10-aea2-9abcd5c03702;373.15;0.267;UNKNOWN
2016-02-03T01:21:45.000000;2016-02-03T01:21:45.000000;e0a35000-c2c3-4624-b79b-676ce3f86b6e;373.15;0.267;UNKNOWN
2016-02-03T01:21:48.000000;2016-02-03T01:21:48.000000;4a71682f-6d07-4a3c-9e57-c9500756c9ab;373.15;0.238;UNKNOWN
2016-02-03T01:21:48.000000;2016-02-03T01:21:48.000000;d6850082-ed40-4580-9a94-ceccd904ce2d;373.15;0.267;UNKNOWN
2016-02-03T01:21:48.000000;2016-02-03T01:21:48.000000;dabd4a75-03e5-4ee5-8e50-aed4d5470a86;373.15;0.0415;UNKNOWN
2016-02-03T01:21:48.000000;2016-02-03T01:21:48.000000;58477e1f-9c42-400e-a301-89f9a8c22323;373.15;0.267;UNKNOWN
2016-02-03T01:21:48.000000;2016-02-03T01:21:48.000000;67deda7f-441a-4e1e-a846-937526368e6a;373.15;0.1865;UNKNOWN
2016-02-03T01:21:51.000000;2016-02-03T01:21:51.000000;a690dcdb-e1f6-4290-8c22-7fcba8b903b9;373.15;0.56;UNKNOWN
2016-02-03T01:21:51.000000;2016-02-03T01:21:51.000000;23e38110-90b5-4fb2-83aa-df9fae17e31e;373.15;0.0805;UNKNOWN
2016-02-03T01:21:51.000000;2016-02-03T01:21:51.000000;b45663d8-f527-4960-bd02-a98401997069;373.15;0.0915;UNKNOWN
2016-02-03T01:21:51.000000;2016-02-03T01:21:51.000000;8e9ccd9c-3bf0-4077-add5-ad83f4436911;373.15;0.268;UNKNOWN
2016-02-03T01:22:00.000000;2016-02-03T01:22:00.000000;a6ae1626-0fa7-4752-8479-6243b4faf3d6;373.24;0.0915;UNKNOWN
2016-02-03T01:22:00.000000;2016-02-03T01:22:00.000000;85347939-de95-4bb8-a57f-23c9b026ec0f;373.15;0.9085;UNKNOWN
2016-02-03T01:22:09.000000;2016-02-03T01:22:09.000000;ddeaa3a6-71e1-4010-9d3d-45598653a6aa;373.24;1.0;UNKNOWN
2016-02-03T01:22:11.000000;2016-02-03T01:22:11.000000;822db91f-c59f-434d-aeea-52d338b4202f;373.24;1.0;UNKNOWN
2016-02-03T01:22:13.000000;2016-02-03T01:22:13.000000;e55195a3-346f-4416-b452-2aacd27b2f93;373.24;1.0;UNKNOWN
2016-02-03T01:22:16.000000;2016-02-03T01:22:16.000000;6b36d935-397a-49bf-866b-f72bc740e98c;373.24;1.0;UNKNOWN
2016-02-03T01:22:18.000000;2016-02-03T01:22:18.000000;4c5e1c2e-79ae-4f2a-bd81-29bebb32303e;373.23;1.0;UNKNOWN
2016-02-03T01:22:20.000000;2016-02-03T01:22:20.000000;110bcd59-f30a-405d-9f9c-eaa474f117d5;373.23;1.0;UNKNOWN
2016-02-03T01:22:32.000000;2016-02-03T01:22:32.000000;a39fed65-2ec8-4c67-a925-3d5c4fdcfc5b;373.23;1.0;UNKNOWN
2016-02-03T01:22:43.000000;2016-02-03T01:22:43.000000;a8dd0a1d-5309-4a40-a47e-d2e27a730a04;373.22;1.0;UNKNOWN
2016-02-03T01:23:27.000000;2016-02-03T01:23:27.000000;5faaed94-54d0-4f1a-9366-9e4f7a592bb2;373.22;0.25;UNKNOWN
2016-02-03T01:24:20.000000;2016-02-03T01:24:20.000000;8bff585e-717d-496c-8e9b-977f48c899b2;373.22;1.0;UNKNOWN
2016-02-03T01:26:36.000000;2016-02-03T01:26:36.000000;69ec6f21-365e-43fb-b60b-1b22d5578e83;373.16;0.5;UNKNOWN
2016-02-03T01:26:36.000000;2016-02-03T01:26:36.000000;7de8d576-044e-4570-9e04-4783e9717338;373.15;3.0;UNKNOWN
2016-02-03T01:26:36.000000;2016-02-03T01:26:36.000000;a346a58d-de7d-4ef3-91ca-b12096a4a1f3;373.15;0.8;UNKNOWN
2016-02-03T01:26:41.000000;2016-02-03T01:26:41.000000;a077ab90-0dae-47ed-9096-a95a0c59ae06;373.28;1.0;UNKNOWN
2016-02-03T01:26:57.000000;2016-02-03T01:26:57.000000;3b801b53-b8be-41ca-99c1-346c68ec729d;373.24;10.99;UNKNOWN
2016-02-03T01:26:57.000000;2016-02-03T01:26:57.000000;aa707ca6-07f7-46e1-99b7-e8911fa5ae39;373.31;6.6643;UNKNOWN
2016-02-03T01:26:57.000000;2016-02-03T01:26:57.000000;ee89a13b-e4dc-420e-b558-efb354c57899;373.33;6.4099;UNKNOWN
2016-02-03T01:28:28.000000;2016-02-03T01:28:28.000000;4f81e481-57da-42c1-944d-ed30ffe635b3;373.31;1.0;UNKNOWN
2016-02-03T01:28:32.000000;2016-02-03T01:28:32.000000;bbbc9ab1-4a33-40b7-a11e-0b2ce7db21e2;373.2;0.37181632;UNKNOWN
2016-02-03T01:29:06.000000;2016-02-03T01:29:06.000000;7df83b06-9375-4042-a18a-936589fa3df0;373.01;0.05;UNKNOWN
2016-02-03T01:29:06.000000;2016-02-03T01:29:06.000000;16bea369-518e-4eae-9315-c147842c460e;372.87;0.17846371;UNKNOWN
2016-02-03T01:29:06.000000;2016-02-03T01:29:06.000000;e53fb7c8-c5fd-4595-984d-f2b537db503d;372.9;0.06;UNKNOWN
2016-02-03T01:29:32.000000;2016-02-03T01:29:32.000000;ac8e9d70-2832-4636-8e1b-b7167b45d151;373.14;4.0957;UNKNOWN
2016-02-03T01:29:32.000000;2016-02-03T01:29:32.000000;800a3029-d8da-4217-a848-404d5f4ab3ca;373.13;6.6085;UNKNOWN
2016-02-03T01:29:45.000000;2016-02-03T01:29:45.000000;253c8b60-9c1d-4cc6-8f35-30d70e3de8c3;373.1;1.0;UNKNOWN
2016-02-03T01:30:06.000000;2016-02-03T01:30:06.000000;7c2a14a0-7d0e-4d2b-a146-f9000c5c860c;373.09;2.2653;UNKNOWN
2016-02-03T01:31:05.000000;2016-02-03T01:31:05.000000;091e7999-9102-4150-88d4-503c9ea02beb;373.09;1.0;UNKNOWN
2016-02-03T01:31:37.000000;2016-02-03T01:31:37.000000;25d0750f-4294-4cd9-ac2e-1f2ee473bc09;373.09;1.0;UNKNOWN
2016-02-03T01:31:42.000000;2016-02-03T01:31:42.000000;2ce771e9-7fff-416d-afdd-27afdfa388d0;373.09;1.0;UNKNOWN
2016-02-03T01:31:44.000000;2016-02-03T01:31:44.000000;5e122659-bd09-4cd1-ba39-72911ca89d79;373.09;1.0;UNKNOWN
2016-02-03T01:32:00.000000;2016-02-03T01:32:00.000000;ff2c8b80-b571-4fa9-ba8e-00fa9c7b3e18;373.09;1.0;UNKNOWN
2016-02-03T01:32:06.000000;2016-02-03T01:32:06.000000;18bd2124-f7eb-45f4-9c7a-fe04d08cf077;373.09;1.0;UNKNOWN
2016-02-03T01:32:22.000000;2016-02-03T01:32:22.000000;16a3ef03-33d3-48b4-a9ea-e15e797c3549;373.09;1.0;UNKNOWN
2016-02-03T01:32:36.000000;2016-02-03T01:32:36.000000;78b09244-72a8-4dc0-aa81-5046dbe46318;373.09;1.0;UNKNOWN
2016-02-03T01:33:06.000000;2016-02-03T01:33:06.000000;0f50e919-22e5-46ce-b253-998b7f1daa3f;373.09;1.0;UNKNOWN
2016-02-03T01:33:09.000000;2016-02-03T01:33:09.000000;ab58545c-cf6d-42dd-a721-f58fc2e19544;373.09;1.0;UNKNOWN
2016-02-03T01:33:14.000000;2016-02-03T01:33:14.000000;cf553e87-a926-4369-86dd-378ee2bc1cae;373.09;1.0;UNKNOWN
2016-02-03T01:33:17.000000;2016-02-03T01:33:17.000000;fb9e66a9-ba23-437a-a3fa-9fda84e517c6;373.09;1.0;UNKNOWN
2016-02-03T01:33:23.000000;2016-02-03T01:33:23.000000;28261431-c847-45dd-bf69-064fc394c6dc;373.09;1.0;UNKNOWN
2016-02-03T01:33:36.000000;2016-02-03T01:33:36.000000;38c32d3a-42d2-455f-8105-1bfa1ba2a8fa;373.09;1.3889;UNKNOWN
2016-02-03T01:33:57.000000;2016-02-03T01:33:57.000000;fc1057cc-5d3c-474e-8979-2c8f07bd42c9;373.09;1.0;UNKNOWN
2016-02-03T01:34:31.000000;2016-02-03T01:34:31.000000;913c7e2d-7586-47b7-b732-d47196824a08;373.08;1.0;UNKNOWN
2016-02-03T01:34:31.000000;2016-02-03T01:34:31.000000;ca555ccd-71a7-4ff2-9b5d-a4b766437ba8;373.08;1.0;UNKNOWN
2016-02-03T01:34:39.000000;2016-02-03T01:34:39.000000;ee1ce8e0-18d5-423e-a287-316d3f503a2d;373.07;0.03243512;UNKNOWN
2016-02-03T01:34:40.000000;2016-02-03T01:34:40.000000;bc651e29-08ba-475c-9ae9-051009649010;373.07;0.01349123;UNKNOWN
2016-02-03T01:34:41.000000;2016-02-03T01:34:41.000000;e63fac27-5f13-49c1-9137-e4f4a158a79e;373.07;0.02504533;UNKNOWN
2016-02-03T01:34:41.000000;2016-02-03T01:34:41.000000;39859b90-5bce-4ddd-9643-ae3d58421bd5;373.07;0.88289773;UNKNOWN
2016-02-03T01:34:41.000000;2016-02-03T01:34:41.000000;97b038dd-75a2-4f31-87d0-e83c99f3c264;373.07;0.98779467;UNKNOWN
2016-02-03T01:34:42.000000;2016-02-03T01:34:42.000000;3c99efd4-7423-4a46-b8f8-5454b706ab10;373.07;0.12878826;UNKNOWN
2016-02-03T01:34:42.000000;2016-02-03T01:34:42.000000;7f86b60a-dc94-48ce-9616-848806c24d04;373.07;0.01679846;UNKNOWN
2016-02-03T01:34:42.000000;2016-02-03T01:34:42.000000;21effe18-87f9-494a-a54a-f006cfc3c59c;373.07;0.29574037;UNKNOWN
2016-02-03T01:34:42.000000;2016-02-03T01:34:42.000000;c156e780-cd2d-4a60-8f66-c5ed2efae482;373.07;0.35353532;UNKNOWN
2016-02-03T01:34:42.000000;2016-02-03T01:34:42.000000;5b30759e-d458-4fc8-9e6b-b626984bc716;373.07;0.24866932;UNKNOWN
2016-02-03T01:35:40.000000;2016-02-03T01:35:40.000000;39318999-aa34-41c7-9c30-f91e5ca82ad0;372.82;0.29;UNKNOWN
2016-02-03T01:36:01.000000;2016-02-03T01:36:01.000000;351a0e49-b848-4a20-8103-18179fff74ca;372.82;0.26;UNKNOWN
2016-02-03T01:36:24.000000;2016-02-03T01:36:24.000000;737dabf1-e43d-44f5-873d-d4727e3c79b8;372.82;0.06;UNKNOWN
2016-02-03T01:36:59.000000;2016-02-03T01:36:59.000000;f8e01d3c-de77-4ff8-b7df-f227fd67bcd2;373.1;0.0645;UNKNOWN
2016-02-03T01:37:22.000000;2016-02-03T01:37:22.000000;ef2eb4ed-f9ee-42dd-b97f-0f028415d0fc;373.08;14.3835738;UNKNOWN
2016-02-03T01:37:22.000000;2016-02-03T01:37:22.000000;de146ffb-43d6-448d-aa8b-7bbfbf5f8342;373.07;20.7455;UNKNOWN
2016-02-03T01:38:26.000000;2016-02-03T01:38:26.000000;c251cad2-326f-402f-85a5-76b01bf19a7e;373.1;1.0;UNKNOWN
2016-02-03T01:38:35.000000;2016-02-03T01:38:35.000000;ce295f94-a647-478c-9f30-d3c75a05252b;372.87;0.07768315;UNKNOWN
2016-02-03T01:42:21.000000;2016-02-03T01:42:21.000000;fcfef3eb-5d8f-4703-909f-0cc9ca4528af;372.96;1.74838593;UNKNOWN
2016-02-03T01:43:19.000000;2016-02-03T01:43:19.000000;fea93e96-3a19-421f-98d0-66836dd627a9;372.96;3.12711841;UNKNOWN
2016-02-03T01:47:06.000000;2016-02-03T01:47:06.000000;ffd26509-0e06-450e-8d85-1ed4f4885cf1;372.96;0.0405018;UNKNOWN
2016-02-03T01:47:07.000000;2016-02-03T01:47:07.000000;37538b96-665f-4a48-bdac-cc3e69c22338;372.97;9.1;UNKNOWN
2016-02-03T01:47:07.000000;2016-02-03T01:47:07.000000;b94da075-b318-4cc7-9ab4-f575bfe952bf;372.97;2.78418582;UNKNOWN
2016-02-03T01:47:12.000000;2016-02-03T01:47:12.000000;80b077ef-f3b9-40bf-a169-561f2584b379;372.96;0.1529844;UNKNOWN
2016-02-03T01:47:30.000000;2016-02-03T01:47:30.000000;34217da1-fa67-4ab3-8543-c43273eb9486;372.96;0.065;UNKNOWN
2016-02-03T01:48:03.000000;2016-02-03T01:48:03.000000;6d613ee4-cde9-48fd-88cc-0e440956ab26;372.96;0.08320204;UNKNOWN
2016-02-03T01:48:17.000000;2016-02-03T01:48:17.000000;d0a73bf3-ce94-4d04-a868-648fda6cdea1;372.96;1.2;UNKNOWN
2016-02-03T01:51:03.000000;2016-02-03T01:51:03.000000;53100112-9a2e-49b5-a4f9-d7c324d57256;372.96;0.28529329;UNKNOWN
2016-02-03T01:51:06.000000;2016-02-03T01:51:06.000000;9e48fc80-1d39-405c-a7a1-da3515daeb51;372.97;2.5;UNKNOWN
2016-02-03T01:51:52.000000;2016-02-03T01:51:52.000000;22ef3800-270a-45b4-b826-e03f11ee3d52;372.96;1.26145034;UNKNOWN
2016-02-03T01:53:07.000000;2016-02-03T01:53:07.000000;14f5894e-2f79-4f72-9a4a-2e8498e44bad;372.96;0.361458;UNKNOWN
2016-02-03T01:55:02.000000;2016-02-03T01:55:02.000000;186491df-0a33-4b79-9f42-ca91153fed00;372.96;0.05690562;UNKNOWN
2016-02-03T01:55:05.000000;2016-02-03T01:55:05.000000;d627b830-e151-4102-8525-7495e9c0271b;372.97;0.8;UNKNOWN
2016-02-03T01:56:26.000000;2016-02-03T01:56:26.000000;8ee549db-41c0-4c6d-9626-a2a3a7fc4abd;372.97;0.01;UNKNOWN
2016-02-03T01:57:12.000000;2016-02-03T01:57:12.000000;5cae5237-57ea-4de8-ada8-dfc7837e6979;372.96;0.268769;UNKNOWN
2016-02-03T01:57:30.000000;2016-02-03T01:57:30.000000;9c5091bb-a0e2-46dd-9719-e4e1902ff06f;372.97;0.01;UNKNOWN
2016-02-03T01:58:05.000000;2016-02-03T01:58:05.000000;21d803df-6f05-49bf-86a5-8d3069cb9e31;372.96;2.50138201;UNKNOWN
2016-02-03T01:58:14.000000;2016-02-03T01:58:14.000000;626a9c85-c990-4db4-b746-02c6352eb154;372.95;0.0111;UNKNOWN
2016-02-03T01:58:14.000000;2016-02-03T01:58:14.000000;b358e34f-828f-4d6b-a6a1-a17466858f63;372.96;0.03299013;UNKNOWN
2016-02-03T01:58:14.000000;2016-02-03T01:58:14.000000;93bfefde-8c98-46bc-b696-d594035a4e3b;372.96;3.84754916;UNKNOWN
2016-02-03T01:58:22.000000;2016-02-03T01:58:22.000000;07482f15-0e26-4f21-8502-71e3f7ae1a1f;372.88;0.03451771;UNKNOWN
2016-02-03T01:59:25.000000;2016-02-03T01:59:25.000000;31535c7e-06f1-4a90-91ab-b94580f28fbb;372.88;0.786;UNKNOWN
2016-02-03T01:59:25.000000;2016-02-03T01:59:25.000000;9336ac02-e424-41f3-94fa-4a4b8e6d697f;372.96;0.0572;UNKNOWN
2016-02-03T01:59:30.000000;2016-02-03T01:59:30.000000;85615546-441f-41fe-8cce-9ea73f7ce5b3;372.96;0.11917704;UNKNOWN
2016-02-03T01:59:34.000000;2016-02-03T01:59:34.000000;5093b2ae-ad97-4140-88f1-f07e2aa104fa;372.87;0.01864744;UNKNOWN
2016-02-03T01:59:34.000000;2016-02-03T01:59:34.000000;20f3f4ae-7525-42d3-acd0-b557119d4cde;372.96;0.03762296;UNKNOWN
2016-02-03T02:00:00.000000;2016-02-03T02:00:00.000000;54fdc7df-be5e-4061-892e-2e7ebf793807;372.97;1.0;UNKNOWN
2016-02-03T02:00:06.000000;2016-02-03T02:00:06.000000;c20a2c71-d4c1-42fc-9c4c-7393ec708ff8;372.97;2.37399244;UNKNOWN
2016-02-03T02:00:29.000000;2016-02-03T02:00:29.000000;db90d3ba-eaf0-42d9-be35-f0ff97d48450;372.96;0.02069652;UNKNOWN
2016-02-03T02:00:31.000000;2016-02-03T02:00:31.000000;8d348029-f68b-41a2-821d-bba2e3eaecfe;372.96;0.06481517;UNKNOWN
2016-02-03T02:00:40.000000;2016-02-03T02:00:40.000000;e8fc71e2-fb81-42bc-a7e4-4bd54fef0499;372.96;0.13245255;UNKNOWN
2016-02-03T02:00:44.000000;2016-02-03T02:00:44.000000;b3148ebb-a2c9-402f-8489-9f166a6a1aa3;372.96;0.12077716;UNKNOWN
2016-02-03T02:00:44.000000;2016-02-03T02:00:44.000000;562ead1d-c405-44b0-b603-787f9728f574;372.96;0.01122361;UNKNOWN
2016-02-03T02:00:47.000000;2016-02-03T02:00:47.000000;f452e56d-8a21-4007-a384-dcac68be3a22;372.96;0.10251914;UNKNOWN
2016-02-03T02:00:50.000000;2016-02-03T02:00:50.000000;198585b5-092c-4b67-b565-d4ee335505d9;372.96;0.05449047;UNKNOWN
2016-02-03T02:00:53.000000;2016-02-03T02:00:53.000000;cd95abee-409c-4a1a-89f5-a187c209c031;372.96;0.03199869;UNKNOWN
2016-02-03T02:01:01.000000;2016-02-03T02:01:01.000000;5563f507-c15c-441f-ab72-a6ec6a181862;373.05;0.411;UNKNOWN
2016-02-03T02:01:01.000000;2016-02-03T02:01:01.000000;d416cf0d-99b7-42b6-9672-87f2a0747f4c;372.97;0.05;UNKNOWN
2016-02-03T02:01:05.000000;2016-02-03T02:01:05.000000;b7365f72-82dc-4988-b675-1f508d7f0f62;372.88;0.08628426;UNKNOWN
2016-02-03T02:01:11.000000;2016-02-03T02:01:11.000000;57ed72b1-d923-4056-bb72-f3bce7ebea10;372.87;0.03883013;UNKNOWN
2016-02-03T02:01:15.000000;2016-02-03T02:01:15.000000;76652c5c-c0ab-46a0-ac9d-a144e4ee53a5;372.87;0.04252243;UNKNOWN
2016-02-03T02:01:15.000000;2016-02-03T02:01:15.000000;f5753de8-fec9-4271-88b3-12fe7b42ea32;372.87;0.0340821;UNKNOWN
2016-02-03T02:01:15.000000;2016-02-03T02:01:15.000000;692b4dc0-bbfc-44fd-8b38-78071f8df2db;372.87;0.02221267;UNKNOWN
2016-02-03T02:01:30.000000;2016-02-03T02:01:30.000000;7e182dd3-2200-493e-b6de-1479def69bed;372.86;0.14714526;UNKNOWN
2016-02-03T02:01:33.000000;2016-02-03T02:01:33.000000;23db11b1-53b2-4c47-9c0a-247ace18a1f1;372.86;0.3986499;UNKNOWN
2016-02-03T02:01:34.000000;2016-02-03T02:01:34.000000;ecffb3a1-42e0-42a4-82b1-65eed1ff017f;372.86;0.03874245;UNKNOWN
2016-02-03T02:01:37.000000;2016-02-03T02:01:37.000000;0ca3b4d0-47ea-47b7-a420-971c1ce75d12;372.86;0.06904639;UNKNOWN
2016-02-03T02:01:51.000000;2016-02-03T02:01:51.000000;d89363fc-b3cc-4ef9-ae35-c3a167973ff9;372.86;0.07340814;UNKNOWN
2016-02-03T02:01:54.000000;2016-02-03T02:01:54.000000;8da6824b-9b1b-47f1-af1b-70fb48c6e5af;372.88;0.03223465;UNKNOWN
2016-02-03T02:01:58.000000;2016-02-03T02:01:58.000000;ba102dfb-78e4-4abd-862d-436af1c965e9;372.88;0.06411296;UNKNOWN
2016-02-03T02:02:06.000000;2016-02-03T02:02:06.000000;190b954d-cb0f-47a2-b23f-d7475e7a348b;372.89;0.13259786;UNKNOWN
2016-02-03T02:02:29.000000;2016-02-03T02:02:29.000000;f38615f5-93bd-451f-a736-3871fdbc6631;372.88;0.12410888;UNKNOWN
2016-02-03T02:02:32.000000;2016-02-03T02:02:32.000000;10b7ab0c-cb0a-4bbf-a2dc-6b3c1a63545c;372.88;0.06826962;UNKNOWN
2016-02-03T02:02:36.000000;2016-02-03T02:02:36.000000;a6a6c25f-a10b-4b0e-be9d-3ec7d82f713d;372.88;0.0238758;UNKNOWN
2016-02-03T02:02:59.000000;2016-02-03T02:02:59.000000;001a041d-c292-48ff-b245-52e20a23bb67;372.88;0.06945899;UNKNOWN
2016-02-03T02:03:03.000000;2016-02-03T02:03:03.000000;534a779f-c006-4bd5-a8c3-72cbbaeb3507;372.88;0.07721894;UNKNOWN
2016-02-03T02:03:28.000000;2016-02-03T02:03:28.000000;85f98a04-76c8-44a8-a055-c2b131863b0b;372.97;0.541;UNKNOWN
2016-02-03T02:03:32.000000;2016-02-03T02:03:32.000000;4c30a089-03de-4d0a-9179-45406f50a324;372.96;0.5;UNKNOWN
2016-02-03T02:03:32.000000;2016-02-03T02:03:32.000000;dff27f53-5852-4efe-a9d1-0a7cfe95a914;372.97;0.5;UNKNOWN
2016-02-03T02:03:34.000000;2016-02-03T02:03:34.000000;a800bb55-014b-414a-8c77-eb759a5b4ace;372.88;0.0492213;UNKNOWN
2016-02-03T02:03:37.000000;2016-02-03T02:03:37.000000;d6017a6a-546e-43d8-b157-12f7d7eedac4;372.88;0.04793586;UNKNOWN
2016-02-03T02:03:40.000000;2016-02-03T02:03:40.000000;a89d05c3-5fcf-4e1a-b8b2-1628bf27526e;372.88;0.04868847;UNKNOWN
2016-02-03T02:03:42.000000;2016-02-03T02:03:42.000000;5927df2c-995f-46da-b8d8-30ae082ae2bc;373.05;0.854;UNKNOWN
2016-02-03T02:03:46.000000;2016-02-03T02:03:46.000000;ab0b4feb-e9e8-4a4b-b7c7-69bf416a0884;373.05;1.0;UNKNOWN
2016-02-03T02:03:56.000000;2016-02-03T02:03:56.000000;c5228828-f6ae-4b76-afa1-9d2e2f3f8fec;373.19;1.0;UNKNOWN
2016-02-03T02:03:58.000000;2016-02-03T02:03:58.000000;5c16fffe-52ee-4fd7-bffd-aa9931be61c2;373.19;1.0;UNKNOWN
2016-02-03T02:04:00.000000;2016-02-03T02:04:00.000000;9b9b818a-ee6d-4f74-91da-84839c70710b;373.19;1.0;UNKNOWN
2016-02-03T02:04:03.000000;2016-02-03T02:04:03.000000;5557c374-a234-4e2c-8134-c3d09a6fd3b1;373.06;1.0;UNKNOWN
2016-02-03T02:04:05.000000;2016-02-03T02:04:05.000000;a9dbb049-fe19-45a7-85ea-9c959b2bba5f;372.93;0.05;UNKNOWN
2016-02-03T02:04:05.000000;2016-02-03T02:04:05.000000;52939769-e8c6-4fbc-9e1c-40dd6023cb45;373.06;1.0;UNKNOWN
2016-02-03T02:04:34.000000;2016-02-03T02:04:34.000000;b90d53fd-377a-4512-8141-abb4df1c5adf;373.05;0.09742379;UNKNOWN
2016-02-03T02:04:37.000000;2016-02-03T02:04:37.000000;0518feb9-5180-4b4a-92ca-f54cc64bdd55;373.05;0.01779124;UNKNOWN
2016-02-03T02:04:42.000000;2016-02-03T02:04:42.000000;33675833-2bbe-44ba-8491-51509aa8d048;373.06;1.0;UNKNOWN
2016-02-03T02:04:44.000000;2016-02-03T02:04:44.000000;042ea042-3284-42a1-b9d2-79868658aece;373.05;0.12579692;UNKNOWN
2016-02-03T02:04:47.000000;2016-02-03T02:04:47.000000;835ade23-fc9b-40b5-8674-2d8eea0236dc;373.05;0.0972333;UNKNOWN
2016-02-03T02:04:50.000000;2016-02-03T02:04:50.000000;ceff34ae-e4fa-448e-b914-d89340f40f52;373.05;0.05499979;UNKNOWN
2016-02-03T02:05:14.000000;2016-02-03T02:05:14.000000;270de87d-1352-40b0-91d4-1e1c69411fa4;373.05;0.03483249;UNKNOWN
2016-02-03T02:05:17.000000;2016-02-03T02:05:17.000000;ec8c7d36-0990-4749-a1eb-939ca824fd0c;373.05;0.07392104;UNKNOWN
2016-02-03T02:05:20.000000;2016-02-03T02:05:20.000000;41f68019-ffd4-4d3e-a446-e1fda4f0854b;373.05;0.04793536;UNKNOWN
2016-02-03T02:05:39.000000;2016-02-03T02:05:39.000000;b5182732-3e19-425e-9f4e-f5881bb9db20;373.14;1.0;UNKNOWN
2016-02-03T02:05:40.000000;2016-02-03T02:05:40.000000;529dd267-08b9-441d-b2a8-d7cfe128bd33;373.12;0.10018999;UNKNOWN
2016-02-03T02:05:42.000000;2016-02-03T02:05:42.000000;eb6f8f1c-2f17-4003-ae6f-4a1614f4a778;373.14;0.45;UNKNOWN
2016-02-03T02:05:42.000000;2016-02-03T02:05:42.000000;b7f9a555-7383-4e92-acf2-c3cfb82c0854;373.14;6.0;UNKNOWN
2016-02-03T02:05:44.000000;2016-02-03T02:05:44.000000;8e00b22d-fb51-4af9-98a1-88fa51b40dd3;373.14;1.0;UNKNOWN
2016-02-03T02:05:44.000000;2016-02-03T02:05:44.000000;0c795a2d-cc86-4c89-82d6-7c3ff5b34aaa;373.12;0.08528404;UNKNOWN
2016-02-03T02:05:47.000000;2016-02-03T02:05:47.000000;20ce92d2-1a30-43e4-aa45-27faa6025bb1;373.12;0.10135916;UNKNOWN
2016-02-03T02:05:50.000000;2016-02-03T02:05:50.000000;cd2a519a-167d-4c80-a9a5-23255d0ce181;373.14;0.1;UNKNOWN
2016-02-03T02:06:31.000000;2016-02-03T02:06:31.000000;d3042cf0-470a-45f7-921c-01836f256e66;373.12;0.0731995;UNKNOWN
2016-02-03T02:06:49.000000;2016-02-03T02:06:49.000000;285858d2-82e3-42bd-bf8a-6e80afeb7ed3;373.16;1.0;UNKNOWN
2016-02-03T02:06:52.000000;2016-02-03T02:06:52.000000;375b4c94-6263-4ad3-858b-9569cbc37349;373.14;1.0;UNKNOWN
2016-02-03T02:06:54.000000;2016-02-03T02:06:54.000000;91e4fbc3-2289-477b-ac6b-0cab25bdd25a;373.15;1.0;UNKNOWN
2016-02-03T02:06:54.000000;2016-02-03T02:06:54.000000;cabcf84a-07e5-47df-9ed6-83e4cf567d38;373.12;0.09856108;UNKNOWN
2016-02-03T02:07:12.000000;2016-02-03T02:07:12.000000;8a1d8578-f3d0-43d1-903f-fb97271eb05e;373.13;0.541;UNKNOWN
2016-02-03T02:07:24.000000;2016-02-03T02:07:24.000000;ec6d00d5-5d33-4b07-8cfc-9be1e9366345;373.13;2.9056;UNKNOWN
2016-02-03T02:08:22.000000;2016-02-03T02:08:22.000000;d69b0917-ac51-4b51-8675-7b1287abb128;373.15;1.0;UNKNOWN
2016-02-03T02:08:25.000000;2016-02-03T02:08:25.000000;e5716888-a981-4e6b-ad52-1a2064957a96;373.15;1.0;UNKNOWN
2016-02-03T02:08:30.000000;2016-02-03T02:08:30.000000;955ad298-326e-44be-b43c-0ef872fbf960;373.15;1.0;UNKNOWN
2016-02-03T02:08:33.000000;2016-02-03T02:08:33.000000;6c695fac-bcc9-4d3e-afef-8dfb48c13bdc;373.14;0.06509957;UNKNOWN
2016-02-03T02:08:34.000000;2016-02-03T02:08:34.000000;b29496af-41ff-4cc6-96ac-c3efcc091142;373.19;1.0;UNKNOWN
2016-02-03T02:08:37.000000;2016-02-03T02:08:37.000000;eb20cf05-5497-406f-a90d-daa87378f8c6;373.08;0.09724809;UNKNOWN
2016-02-03T02:08:55.000000;2016-02-03T02:08:55.000000;28c78ff7-a262-4d0d-a4d9-890af9f5c1ef;373.18;1.0;UNKNOWN
2016-02-03T02:09:50.000000;2016-02-03T02:09:50.000000;9cc8ea3d-3556-4d37-b15b-86c1d7165a33;373.19;1.0;UNKNOWN
2016-02-03T02:09:55.000000;2016-02-03T02:09:55.000000;e8280878-d79e-4f97-bf91-7ed72b32ba1d;373.18;0.122624;UNKNOWN
2016-02-03T02:10:06.000000;2016-02-03T02:10:06.000000;3700e7f8-e00e-44ea-89c2-0907b2d1eb8a;373.19;3.3535;UNKNOWN
2016-02-03T02:10:06.000000;2016-02-03T02:10:06.000000;390f0e86-6da3-4d65-9771-3cf6722bd231;373.19;6.6465;UNKNOWN
2016-02-03T02:10:09.000000;2016-02-03T02:10:09.000000;5b52a057-59dc-4c66-a53f-e0b4dac974ae;373.18;0.1068993;UNKNOWN
2016-02-03T02:10:36.000000;2016-02-03T02:10:36.000000;70f98ee4-7961-4e1e-b90d-a6602b42c696;373.19;0.77;UNKNOWN
2016-02-03T02:11:05.000000;2016-02-03T02:11:05.000000;2adc2b58-17e5-4f31-8f64-93abb28d7954;373.17;0.09008395;UNKNOWN
2016-02-03T02:11:07.000000;2016-02-03T02:11:07.000000;2b8f05f0-2d10-40d6-bbce-61700a6e47c6;373.18;0.91;UNKNOWN
2016-02-03T02:11:08.000000;2016-02-03T02:11:08.000000;df95af20-fff6-462e-b6d8-bd59314fb746;373.17;0.02002101;UNKNOWN
2016-02-03T02:11:11.000000;2016-02-03T02:11:11.000000;48a2dd6e-e176-4d87-83d5-33c875c1a28f;373.17;0.02967809;UNKNOWN
2016-02-03T02:12:05.000000;2016-02-03T02:12:05.000000;3aa8deb9-925b-4ef1-a0c5-516b050f8cae;372.92;6.6839;UNKNOWN
2016-02-03T02:12:05.000000;2016-02-03T02:12:05.000000;d9dbc346-13c9-4eaf-bd72-26cd4c0ef1c1;372.91;0.71256377;UNKNOWN
2016-02-03T02:12:05.000000;2016-02-03T02:12:05.000000;eb086eb8-cbf8-493b-a0c6-0ce4f504cf8a;373.17;0.9503009;UNKNOWN
2016-02-03T02:12:06.000000;2016-02-03T02:12:06.000000;173bba56-a244-4de3-915c-af785e37dd1c;372.86;8.06206729;UNKNOWN
2016-02-03T02:12:07.000000;2016-02-03T02:12:07.000000;913e3f72-8dae-4f32-9270-8bdce77267a4;373.18;0.05;UNKNOWN
2016-02-03T02:12:07.000000;2016-02-03T02:12:07.000000;21e6b5db-ea7a-41b9-9970-cd792360741a;373.2;9.95;UNKNOWN
2016-02-03T02:13:27.000000;2016-02-03T02:13:27.000000;fcc15469-df86-4018-80e7-2a445a858ad2;373.1;6.6481;UNKNOWN
2016-02-03T02:13:46.000000;2016-02-03T02:13:46.000000;5e886714-bd3e-4edc-90d3-7c5e3d3aac4a;373.1;6.6681;UNKNOWN
2016-02-03T02:13:57.000000;2016-02-03T02:13:57.000000;5e22b8c6-ce9e-4cb4-935c-75bb8579f812;373.1;1.0;UNKNOWN
2016-02-03T02:14:18.000000;2016-02-03T02:14:18.000000;ffc0f643-b1cf-4af6-83ff-e06c34abf366;373.24;1.0;UNKNOWN
2016-02-03T02:14:26.000000;2016-02-03T02:14:26.000000;a1af6152-25f2-4816-8415-5ff887a0380e;373.24;1.0;UNKNOWN
2016-02-03T02:14:36.000000;2016-02-03T02:14:36.000000;88462c79-53a9-49b9-8f56-f06f79a1ba55;373.24;1.0;UNKNOWN
2016-02-03T02:14:39.000000;2016-02-03T02:14:39.000000;427d43dc-265e-4382-b34d-d6ed06d8f078;373.24;1.0;UNKNOWN
2016-02-03T02:14:43.000000;2016-02-03T02:14:43.000000;4ccf0ec4-578c-4332-942c-1a5af7bb7212;373.24;1.0;UNKNOWN
2016-02-03T02:14:46.000000;2016-02-03T02:14:46.000000;813f5aca-430c-4472-857d-67c8d97d5744;373.24;1.0;UNKNOWN
2016-02-03T02:14:50.000000;2016-02-03T02:14:50.000000;7a7fd262-3655-47ee-8133-59529f70ec5a;373.25;1.0;UNKNOWN
2016-02-03T02:14:59.000000;2016-02-03T02:14:59.000000;52f0cbdc-e5c6-43f7-b949-392a25517ff1;373.25;1.0;UNKNOWN
2016-02-03T02:15:02.000000;2016-02-03T02:15:02.000000;1c92b0db-b16b-45cd-846b-ed68369be6ae;373.25;1.0;UNKNOWN
2016-02-03T02:15:05.000000;2016-02-03T02:15:05.000000;076a1b19-6e4f-44a8-a4bd-fbccd399f99e;373.19;3.9;UNKNOWN
2016-02-03T02:15:06.000000;2016-02-03T02:15:06.000000;4320d831-3307-4cfd-b96c-a9d1e831d79d;373.19;7.0;UNKNOWN
2016-02-03T02:16:37.000000;2016-02-03T02:16:37.000000;bbf41dde-e6f2-4c87-b89b-6cc1677d08f0;373.25;0.95;UNKNOWN
2016-02-03T02:16:37.000000;2016-02-03T02:16:37.000000;ac3ac3fe-ae17-4587-87f3-b86bb785a46b;373.19;0.05;UNKNOWN
2016-02-03T02:17:05.000000;2016-02-03T02:17:05.000000;1c49ae07-1202-4122-86a5-733acf1855f7;373.25;7.76643306;UNKNOWN
2016-02-03T02:17:05.000000;2016-02-03T02:17:05.000000;f5f68960-8f71-4c30-95f0-86476087e431;373.2;0.05;UNKNOWN
2016-02-03T02:17:07.000000;2016-02-03T02:17:07.000000;76db5ba4-d9e0-4ecb-9d3a-82e942a5ed44;373.2;4.6;UNKNOWN
2016-02-03T02:17:08.000000;2016-02-03T02:17:08.000000;4c85003c-957a-43ee-b983-47428497e8f7;373.2;1.0;UNKNOWN
2016-02-03T02:19:49.000000;2016-02-03T02:19:49.000000;c3807b1a-d968-40f2-9f34-a107fdd1cee4;373.22;0.09723711;UNKNOWN
2016-02-03T02:20:06.000000;2016-02-03T02:20:06.000000;e0145857-6d8d-4291-a9e4-9c37fb672d49;373.33;1.0;UNKNOWN
2016-02-03T02:20:06.000000;2016-02-03T02:20:06.000000;37a52f5a-2d2d-47bc-8640-068f12c205a0;373.33;1.0;UNKNOWN
2016-02-03T02:21:55.000000;2016-02-03T02:21:55.000000;1d0399e6-6c57-4bd2-a1aa-a9cd5db65ce7;372.95;0.5;UNKNOWN
2016-02-03T02:22:05.000000;2016-02-03T02:22:05.000000;3def2d49-13f8-4db7-b8f1-798bb50e4dd3;373.2;0.03;UNKNOWN
2016-02-03T02:23:32.000000;2016-02-03T02:23:32.000000;9cfd007c-8795-40a2-9214-7d8974117dac;372.93;0.56328497;UNKNOWN
2016-02-03T02:23:51.000000;2016-02-03T02:23:51.000000;89d6737f-5e15-4c67-8d75-8775d1e57648;373.01;0.11446906;UNKNOWN
2016-02-03T02:27:59.000000;2016-02-03T02:27:59.000000;198fee09-a229-48ea-8890-30177f7e217c;372.86;0.0926375;UNKNOWN
2016-02-03T02:29:35.000000;2016-02-03T02:29:35.000000;e914611b-b6c7-4edc-8ef8-0c249591ef72;372.86;0.08474707;UNKNOWN
2016-02-03T02:30:25.000000;2016-02-03T02:30:25.000000;03b4869b-291b-41cc-acfe-ba8c5cee682a;372.86;0.03580458;UNKNOWN
2016-02-03T02:31:05.000000;2016-02-03T02:31:05.000000;ba7faa07-6347-48f6-a0b2-d9fe8605af88;372.86;0.41742828;UNKNOWN
2016-02-03T02:31:34.000000;2016-02-03T02:31:34.000000;31141f2c-6855-43ac-a449-17a01486e8da;372.87;0.12718;UNKNOWN
2016-02-03T02:32:31.000000;2016-02-03T02:32:31.000000;ea3636d3-f423-47bd-af58-4dc030965b8f;372.9;0.07057774;UNKNOWN
2016-02-03T02:32:32.000000;2016-02-03T02:32:32.000000;1e06bb97-43e4-4daf-bca2-0ccc8fc82eec;372.9;0.24794602;UNKNOWN
2016-02-03T02:32:34.000000;2016-02-03T02:32:34.000000;f3e914ce-590c-467d-9e01-4cd91dbcbf24;372.9;0.1052158;UNKNOWN
2016-02-03T02:32:46.000000;2016-02-03T02:32:46.000000;9a0466eb-c3d4-47ba-befd-f2f5dbe34511;373.01;5.1468;UNKNOWN
2016-02-03T02:33:34.000000;2016-02-03T02:33:34.000000;1600e61c-73d3-4af8-a70a-af235321f52e;372.9;0.11103462;UNKNOWN
2016-02-03T02:33:37.000000;2016-02-03T02:33:37.000000;bf034b11-8427-44a0-a37e-3b954dc188cd;372.9;0.12354155;UNKNOWN
2016-02-03T02:33:52.000000;2016-02-03T02:33:52.000000;bbfb33fa-eb90-4da5-8709-cbd2b5bb24c2;372.9;0.53156203;UNKNOWN
2016-02-03T02:34:32.000000;2016-02-03T02:34:32.000000;39d696ae-8723-4b1f-abe0-f522f8aa5496;372.95;0.80539701;UNKNOWN
2016-02-03T02:34:34.000000;2016-02-03T02:34:34.000000;2bcdc45d-dfcf-49a0-b306-cb1307ecdacf;372.95;0.11048682;UNKNOWN
2016-02-03T02:34:38.000000;2016-02-03T02:34:38.000000;0aab1cc2-77eb-484c-b6d5-e6b15705b852;372.95;0.07213109;UNKNOWN
2016-02-03T02:35:34.000000;2016-02-03T02:35:34.000000;2a99d3a7-6eab-4016-96bf-5f52d7950464;372.95;0.0933644;UNKNOWN
2016-02-03T02:35:38.000000;2016-02-03T02:35:38.000000;7b828875-a70b-47b2-8047-e785e64ae060;372.95;0.03229956;UNKNOWN
2016-02-03T02:36:35.000000;2016-02-03T02:36:35.000000;ea46a752-877c-46df-8a84-a88ea8e0cf48;372.95;0.11889846;UNKNOWN
2016-02-03T02:36:45.000000;2016-02-03T02:36:45.000000;4baa5cfb-d247-4af8-8011-c64af715ce18;372.95;0.078203;UNKNOWN
2016-02-03T02:37:05.000000;2016-02-03T02:37:05.000000;ff2b3fb6-e8c5-4bd3-935a-423005c5fd08;372.95;1.07002412;UNKNOWN
2016-02-03T02:37:06.000000;2016-02-03T02:37:06.000000;566c46cf-a270-49f8-b745-f6dd9e73efba;372.97;0.015;UNKNOWN
2016-02-03T02:37:41.000000;2016-02-03T02:37:41.000000;f030cc2e-4cd7-4167-b2d3-54cb834a0b49;372.95;0.10277351;UNKNOWN
2016-02-03T02:37:45.000000;2016-02-03T02:37:45.000000;b0c929e8-4b2e-4a01-803c-fb2125231771;372.95;0.10667163;UNKNOWN
2016-02-03T02:38:46.000000;2016-02-03T02:38:46.000000;dbe3e480-4580-4458-8bfd-2ba43282f66b;372.95;0.03672428;UNKNOWN
2016-02-03T02:39:37.000000;2016-02-03T02:39:37.000000;b4bf88f5-4212-4410-aa85-dc974ba22945;372.95;0.04522689;UNKNOWN
2016-02-03T02:39:37.000000;2016-02-03T02:39:37.000000;da8d0009-143c-4bc2-9822-0aaef934dc85;372.95;0.04338465;UNKNOWN
2016-02-03T02:40:15.000000;2016-02-03T02:40:15.000000;074f406d-3487-4bbf-a61f-cd6c395cd293;372.96;0.09852224;UNKNOWN
2016-02-03T02:40:55.000000;2016-02-03T02:40:55.000000;67320ba9-5073-4777-ab0f-9243dc53556c;372.95;0.06042412;UNKNOWN
2016-02-03T02:40:58.000000;2016-02-03T02:40:58.000000;0fa1db63-9582-4a98-9843-36a7a87a993c;372.95;0.09212875;UNKNOWN
2016-02-03T02:41:46.000000;2016-02-03T02:41:46.000000;870b4646-9f8b-4f74-b001-c5c42baa3adc;372.95;0.0401597;UNKNOWN
2016-02-03T02:42:10.000000;2016-02-03T02:42:10.000000;6b7d4508-e4ce-4f1c-9c0f-f07e1089fda3;372.95;0.07147185;UNKNOWN
2016-02-03T02:42:26.000000;2016-02-03T02:42:26.000000;e7fa4876-6fe4-4827-ad2b-e554ffdb0cc7;372.95;0.06840314;UNKNOWN
2016-02-03T02:42:30.000000;2016-02-03T02:42:30.000000;b2600e0a-7639-4fb6-9cc1-cb49d551d9b4;372.95;0.04074009;UNKNOWN
2016-02-03T02:42:53.000000;2016-02-03T02:42:53.000000;c7f41964-fb0b-4909-8083-4294f2f146ed;372.95;0.13420041;UNKNOWN
2016-02-03T02:42:59.000000;2016-02-03T02:42:59.000000;3dab4a1d-9911-4e26-b02c-09016747252c;372.95;0.04148741;UNKNOWN
2016-02-03T02:44:10.000000;2016-02-03T02:44:10.000000;e1538bfb-9cc8-4f0f-80d3-12b5dad2fe0c;372.95;0.08515249;UNKNOWN
2016-02-03T02:44:30.000000;2016-02-03T02:44:30.000000;915cf4bc-296d-469c-be81-dc7a6d804c55;372.95;0.10860778;UNKNOWN
2016-02-03T02:44:34.000000;2016-02-03T02:44:34.000000;25dbf097-40b9-4e18-ae1b-cc26714fa424;372.95;0.0918648;UNKNOWN
2016-02-03T02:45:09.000000;2016-02-03T02:45:09.000000;a489ab42-5642-4e5f-b7c8-b7406ef1f444;372.95;0.08222855;UNKNOWN
2016-02-03T02:46:05.000000;2016-02-03T02:46:05.000000;00be69b3-e2e1-4186-b936-061e04d7ef46;372.95;0.08338673;UNKNOWN
2016-02-03T02:46:05.000000;2016-02-03T02:46:05.000000;eee209f5-0d37-4658-9b37-e1eef116d6b3;372.95;0.04073391;UNKNOWN
2016-02-03T02:46:33.000000;2016-02-03T02:46:33.000000;c8ef43ae-5f4d-4217-9437-b0c94e56bc97;372.95;0.2657666;UNKNOWN
2016-02-03T02:47:07.000000;2016-02-03T02:47:07.000000;38c0a803-6b0c-4fe4-a9b2-2123200c15f2;372.95;0.05440839;UNKNOWN
2016-02-03T02:47:12.000000;2016-02-03T02:47:12.000000;cd53ee33-d0be-4905-b9fd-fa3b7a33a878;372.95;0.10818853;UNKNOWN
2016-02-03T02:48:28.000000;2016-02-03T02:48:28.000000;1f34b1cf-66e5-4136-bc2e-8ab3add29332;372.98;0.09748082;UNKNOWN
2016-02-03T02:48:44.000000;2016-02-03T02:48:44.000000;fea48d0a-0fa8-4122-a989-a6aabf569d82;372.98;0.10857598;UNKNOWN
2016-02-03T02:48:48.000000;2016-02-03T02:48:48.000000;26fd98d7-7a1f-4cda-9b83-7aad3d91d256;372.98;0.10760918;UNKNOWN
2016-02-03T02:48:54.000000;2016-02-03T02:48:54.000000;1ca06fbf-693c-46d9-844d-2b5e40e8e722;372.99;12.5;UNKNOWN
2016-02-03T02:48:54.000000;2016-02-03T02:48:54.000000;f07e7704-eb71-4303-a0a4-bc4669291693;372.99;4.0;UNKNOWN
2016-02-03T02:48:54.000000;2016-02-03T02:48:54.000000;cb272996-8161-40d0-833a-3c53c303a169;373.29;1.5;UNKNOWN
2016-02-03T02:49:05.000000;2016-02-03T02:49:05.000000;d9ea9a82-336b-41d8-a036-952d0c29b68c;373.06;0.1028329;UNKNOWN
2016-02-03T02:49:05.000000;2016-02-03T02:49:05.000000;47e2ea26-99bc-4ce4-bc77-bb2f21fa3645;373.06;1.447;UNKNOWN
2016-02-03T02:49:08.000000;2016-02-03T02:49:08.000000;108960ab-74ea-42d1-a113-b205a0edc8bd;373.19;1.0;UNKNOWN
2016-02-03T02:49:11.000000;2016-02-03T02:49:11.000000;4391ac68-adbb-40fc-9bf1-f3df45f8d4a7;373.18;1.0;UNKNOWN
2016-02-03T02:49:13.000000;2016-02-03T02:49:13.000000;ae96a39a-51f8-4653-b797-772e8245c39f;373.18;1.0;UNKNOWN
2016-02-03T02:49:17.000000;2016-02-03T02:49:17.000000;d3812305-a6a1-4fe0-8612-c19572d31c6d;373.2;1.0;UNKNOWN
2016-02-03T02:49:19.000000;2016-02-03T02:49:19.000000;d057cdc5-5018-4e5d-b277-51068f6403ce;373.17;1.0;UNKNOWN
2016-02-03T02:49:20.000000;2016-02-03T02:49:20.000000;b85808ec-0214-4d49-8f71-9782911432d5;373.04;0.10370108;UNKNOWN
2016-02-03T02:49:21.000000;2016-02-03T02:49:21.000000;4af6483c-6eef-4608-9696-b4a35de8dcf1;373.17;1.0;UNKNOWN
2016-02-03T02:49:27.000000;2016-02-03T02:49:27.000000;73be7e7b-7d3c-47c8-9d93-14a2a709b473;373.2;1.0;UNKNOWN
2016-02-03T02:49:28.000000;2016-02-03T02:49:28.000000;bf0bd7ea-fdf6-464f-9172-fcb49fe6831c;373.17;1.0;UNKNOWN
2016-02-03T02:49:30.000000;2016-02-03T02:49:30.000000;bd4ac12d-5d87-4dd6-a966-a4c106f928f5;373.15;1.0;UNKNOWN
2016-02-03T02:49:32.000000;2016-02-03T02:49:32.000000;7657d14c-8211-4588-826f-cc2173543f42;373.15;1.0;UNKNOWN
2016-02-03T02:49:34.000000;2016-02-03T02:49:34.000000;60fb6d10-4ec8-4eae-9d87-330c173c1414;373.15;1.0;UNKNOWN
2016-02-03T02:50:26.000000;2016-02-03T02:50:26.000000;96e3285a-08cd-4161-9d32-a132b7af8a61;372.96;0.03451949;UNKNOWN
2016-02-03T02:50:26.000000;2016-02-03T02:50:26.000000;19da6aa0-321f-4995-a0ad-128c975e9411;372.98;0.06892202;UNKNOWN
2016-02-03T02:51:19.000000;2016-02-03T02:51:19.000000;505b0794-675d-4649-b341-d342f73aa1c3;372.97;0.06795911;UNKNOWN
2016-02-03T02:51:22.000000;2016-02-03T02:51:22.000000;48d227b2-e82a-451d-95aa-ad0fda52a8fd;372.97;0.04024826;UNKNOWN
2016-02-03T02:51:24.000000;2016-02-03T02:51:24.000000;bd81e81b-7ad7-4da6-b597-c32da4713c82;372.97;0.09489909;UNKNOWN
2016-02-03T02:52:06.000000;2016-02-03T02:52:06.000000;6f273e44-2610-49cb-b573-dc1eccaab001;373.03;0.53079965;UNKNOWN
2016-02-03T02:52:20.000000;2016-02-03T02:52:20.000000;2e265376-516b-48b4-9648-99037a7c6519;373.02;0.03684634;UNKNOWN
2016-02-03T02:52:26.000000;2016-02-03T02:52:26.000000;0a93040b-5128-465b-9145-3d45f3c553f0;373.02;0.0587802;UNKNOWN
2016-02-03T02:52:36.000000;2016-02-03T02:52:36.000000;37aa93de-3935-418c-883e-712d222a1f54;373.02;0.09134648;UNKNOWN
2016-02-03T02:52:55.000000;2016-02-03T02:52:55.000000;0102201d-15be-4f16-a5a9-fec02ec8de01;373.02;0.10293946;UNKNOWN
2016-02-03T02:53:15.000000;2016-02-03T02:53:15.000000;7bb3a622-a4b1-4b8b-a68f-d13a271ffb7f;373.02;0.05509841;UNKNOWN
2016-02-03T02:53:27.000000;2016-02-03T02:53:27.000000;861cb71d-8bc3-4a0e-a821-a399dc8cc0d2;373.03;0.13;UNKNOWN
2016-02-03T02:53:27.000000;2016-02-03T02:53:27.000000;a402cbed-b17a-41c0-9002-3fcedb366733;373.03;0.525;UNKNOWN
2016-02-03T02:54:11.000000;2016-02-03T02:54:11.000000;2a84e4d8-1433-4249-b220-141e4828a459;373.02;0.10608927;UNKNOWN
2016-02-03T02:54:28.000000;2016-02-03T02:54:28.000000;4e823dc0-188e-49b6-bc8f-2663e7bb353f;373.03;1.0;UNKNOWN
2016-02-03T02:54:52.000000;2016-02-03T02:54:52.000000;fe75cc63-c5e3-415d-91d8-842901f273de;373.03;1.0;UNKNOWN
2016-02-03T02:55:06.000000;2016-02-03T02:55:06.000000;a48d25f5-702b-4029-9281-2986f4229f9e;373.03;0.27;UNKNOWN
2016-02-03T02:55:07.000000;2016-02-03T02:55:07.000000;b8db628a-16fc-481a-b035-af3a2e18ede2;373.09;0.894;UNKNOWN
2016-02-03T02:55:10.000000;2016-02-03T02:55:10.000000;e7f80cee-3fb8-42e5-bbfc-ebcc8b33bfa6;373.03;0.12002088;UNKNOWN
2016-02-03T02:55:13.000000;2016-02-03T02:55:13.000000;46bd2838-ad52-43f6-afe3-d46c14825cf2;373.03;0.10726804;UNKNOWN
2016-02-03T02:55:19.000000;2016-02-03T02:55:19.000000;fdf06235-b553-4e5a-88b6-3d44d94100dd;373.08;1.0;UNKNOWN
2016-02-03T02:55:44.000000;2016-02-03T02:55:44.000000;764ccd7a-b8d6-4ca4-b137-d6d5a3499438;373.06;1.0;UNKNOWN
2016-02-03T02:56:10.000000;2016-02-03T02:56:10.000000;6777e36c-cc69-44d7-bb2a-9ef56ee7c304;373.02;0.12137519;UNKNOWN
2016-02-03T02:56:13.000000;2016-02-03T02:56:13.000000;40646197-d35a-49af-8aee-57f13559c7c3;373.02;0.05942358;UNKNOWN
2016-02-03T02:56:18.000000;2016-02-03T02:56:18.000000;6457909c-08b7-497b-9ef2-304cd6966345;373.04;0.819;UNKNOWN
2016-02-03T02:56:22.000000;2016-02-03T02:56:22.000000;8d1024ce-c855-406b-be89-8ee8fe227d9c;373.02;0.13417523;UNKNOWN
2016-02-03T02:56:39.000000;2016-02-03T02:56:39.000000;19af39aa-46a2-4a07-a77f-478eaa5a29f1;373.03;0.5261;UNKNOWN
2016-02-03T02:56:41.000000;2016-02-03T02:56:41.000000;a3cb460c-9c7e-404a-b5e0-ff82d0d4e6a3;373.03;0.866;UNKNOWN
2016-02-03T02:56:44.000000;2016-02-03T02:56:44.000000;e99eb855-91e7-418a-83a7-0e33f8eded89;372.92;0.08084814;UNKNOWN
2016-02-03T02:56:47.000000;2016-02-03T02:56:47.000000;373de858-9cba-4f2a-aec6-eae9865444e0;372.9;0.11698172;UNKNOWN
2016-02-03T02:57:00.000000;2016-02-03T02:57:00.000000;5f700a40-0327-4b55-9e54-c48b3817a09a;372.98;0.01;UNKNOWN
2016-02-03T02:57:00.000000;2016-02-03T02:57:00.000000;0b7a795c-cd3d-4fd7-9eda-aa1d82bfc508;372.99;0.99;UNKNOWN
2016-02-03T02:58:30.000000;2016-02-03T02:58:30.000000;5c40a96b-df26-446b-95ef-e68a2bfb546e;372.9;0.05474561;UNKNOWN
2016-02-03T02:58:35.000000;2016-02-03T02:58:35.000000;7e92f365-a12f-4537-b379-c92bcc4bce33;372.9;0.10938586;UNKNOWN
2016-02-03T02:59:00.000000;2016-02-03T02:59:00.000000;9e47cff9-481d-4da7-af4a-420592d03252;372.9;0.07563846;UNKNOWN
2016-02-03T02:59:05.000000;2016-02-03T02:59:05.000000;1da0de71-c027-41d7-8ff3-4b80ea4bd439;372.9;0.05244482;UNKNOWN
2016-02-03T03:00:00.000000;2016-02-03T03:00:00.000000;7b124a72-8d3f-49ee-a9ea-b82c49a1c78c;372.9;0.10256445;UNKNOWN
2016-02-03T03:00:17.000000;2016-02-03T03:00:17.000000;abd06d61-57ea-477f-9329-0244d5e3dfb4;372.91;1.0;UNKNOWN
2016-02-03T03:00:35.000000;2016-02-03T03:00:35.000000;3918942a-a3a9-4326-ab74-89b77e04b841;372.91;1.0;UNKNOWN
2016-02-03T03:00:41.000000;2016-02-03T03:00:41.000000;980e0f00-e42e-4897-8ca3-5b084500588d;372.91;1.0;UNKNOWN
2016-02-03T03:00:43.000000;2016-02-03T03:00:43.000000;1e13a177-7f62-485b-9ca8-1d2f06715126;372.91;1.0;UNKNOWN
2016-02-03T03:00:47.000000;2016-02-03T03:00:47.000000;18f67c0e-f47c-4b3c-ae1b-95c5400720e1;372.91;1.0;UNKNOWN
2016-02-03T03:00:49.000000;2016-02-03T03:00:49.000000;2c3e3538-c99f-465d-b124-7db7f8a45623;372.91;1.0;UNKNOWN
2016-02-03T03:00:55.000000;2016-02-03T03:00:55.000000;06fc06ea-8c16-4253-8afd-4a5bde2e2ac8;372.9;0.11362921;UNKNOWN
2016-02-03T03:01:04.000000;2016-02-03T03:01:04.000000;ac3eb4ae-1b37-46a5-8cae-8c6c902c30c9;372.9;0.12678727;UNKNOWN
2016-02-03T03:01:06.000000;2016-02-03T03:01:06.000000;5c8dca44-2cba-4dd3-8f6c-1a061e60e43f;372.91;1.0;UNKNOWN
2016-02-03T03:01:24.000000;2016-02-03T03:01:24.000000;4895cfb7-a157-4f9e-991e-587936c2c3ca;372.91;1.0;UNKNOWN
2016-02-03T03:01:45.000000;2016-02-03T03:01:45.000000;c916fd9b-95be-427f-919d-6d56e17f4153;372.91;1.0;UNKNOWN
2016-02-03T03:01:48.000000;2016-02-03T03:01:48.000000;c5694ceb-b022-4f91-a1d7-5f8ff8c2eb0e;372.91;1.0;UNKNOWN
2016-02-03T03:01:50.000000;2016-02-03T03:01:50.000000;54d1f2f8-f543-420d-80cc-54187b3a2373;372.91;1.0;UNKNOWN
2016-02-03T03:01:58.000000;2016-02-03T03:01:58.000000;b36685ff-bdc2-48ff-9d84-7956b887b5a0;372.91;1.0;UNKNOWN
2016-02-03T03:02:00.000000;2016-02-03T03:02:00.000000;5e12e5f5-0b85-46ce-803b-d525e7effca6;372.91;1.0;UNKNOWN
2016-02-03T03:02:04.000000;2016-02-03T03:02:04.000000;b8d22a84-3ce4-4248-8944-fdf29a9c4fbb;372.91;1.0;UNKNOWN
2016-02-03T03:02:05.000000;2016-02-03T03:02:05.000000;99323637-faf5-4db5-b717-33e07b0468f8;372.9;0.04633897;UNKNOWN
2016-02-03T03:02:09.000000;2016-02-03T03:02:09.000000;e67f52d7-a7f0-4070-bdb7-0aa94022c50f;372.9;0.04105306;UNKNOWN
2016-02-03T03:02:20.000000;2016-02-03T03:02:20.000000;69667003-5e15-4384-bee3-bc3cbd2f1c80;372.91;1.0;UNKNOWN
2016-02-03T03:02:22.000000;2016-02-03T03:02:22.000000;a926fbd3-aa1a-4236-b6e7-1ad3e534347a;372.91;1.0;UNKNOWN
2016-02-03T03:02:28.000000;2016-02-03T03:02:28.000000;b6915af3-ed0b-45d9-8071-ca19927fd9aa;372.91;1.0;UNKNOWN
2016-02-03T03:02:35.000000;2016-02-03T03:02:35.000000;594368a0-61b3-4662-8bb6-0ef6dc02f753;372.9;0.04665284;UNKNOWN
2016-02-03T03:02:38.000000;2016-02-03T03:02:38.000000;7c458cc7-6efb-45c1-b3b3-a30977430d47;372.91;1.0;UNKNOWN
2016-02-03T03:02:39.000000;2016-02-03T03:02:39.000000;81903b3b-68c5-43f5-9778-09e90538e9b7;372.9;0.03312267;UNKNOWN
2016-02-03T03:02:46.000000;2016-02-03T03:02:46.000000;51451028-c276-49de-921f-dda3dd40d48b;372.91;1.0;UNKNOWN
2016-02-03T03:02:49.000000;2016-02-03T03:02:49.000000;d574496c-8713-4e7f-aabd-1cda7fe75fdf;372.91;1.0;UNKNOWN
2016-02-03T03:02:53.000000;2016-02-03T03:02:53.000000;9f4187fe-f3c7-4bca-90a1-9cf90dcdc564;372.81;0.064099;UNKNOWN
2016-02-03T03:02:53.000000;2016-02-03T03:02:53.000000;23f78ecd-65b2-4880-a5ad-d1408333282d;372.9;1.0;UNKNOWN
2016-02-03T03:02:53.000000;2016-02-03T03:02:53.000000;916be9ea-4ac2-4798-97bb-d71e5f0e4ea3;372.86;5.58032314;UNKNOWN
2016-02-03T03:02:53.000000;2016-02-03T03:02:53.000000;adf0b092-f3fa-4af9-823e-4043faee5b4e;372.87;6.6985;UNKNOWN
2016-02-03T03:02:53.000000;2016-02-03T03:02:53.000000;29f90980-3eaa-49f0-b2bc-c6fdfc77988d;372.9;5.8907773;UNKNOWN
2016-02-03T03:03:14.000000;2016-02-03T03:03:14.000000;7ffb8b47-dd10-43fb-9d3b-bebb7d96a047;372.78;0.10215081;UNKNOWN
2016-02-03T03:03:22.000000;2016-02-03T03:03:22.000000;c43cc5d7-b460-44a1-a9e9-21ad99ab6a98;372.7;0.1;UNKNOWN
2016-02-03T03:03:22.000000;2016-02-03T03:03:22.000000;5ab6d2c1-4273-43bc-9675-7cbfd2e0c63d;372.21;0.0514;UNKNOWN
2016-02-03T03:03:22.000000;2016-02-03T03:03:22.000000;b25ef1ac-24c9-4677-99f2-965206afb0ee;372.78;0.08053105;UNKNOWN
2016-02-03T03:03:22.000000;2016-02-03T03:03:22.000000;ef77711c-5993-417b-a77e-cc6ec149e7f9;372.78;3.75748021;UNKNOWN
2016-02-03T03:03:22.000000;2016-02-03T03:03:22.000000;7ca1dacf-afc9-40aa-a270-0bdb630b1394;372.73;0.0265506;UNKNOWN
2016-02-03T03:03:22.000000;2016-02-03T03:03:22.000000;8c319172-de7c-4844-9aff-3ec237027243;372.1;0.4271;UNKNOWN
2016-02-03T03:03:22.000000;2016-02-03T03:03:22.000000;27fa70c7-7036-43a7-8940-29c3eaaf9f9a;372.61;0.0317;UNKNOWN
2016-02-03T03:03:22.000000;2016-02-03T03:03:22.000000;042f1df3-7030-4e1c-816e-fd02ba41e183;372.02;0.19576919;UNKNOWN
2016-02-03T03:03:22.000000;2016-02-03T03:03:22.000000;1247af69-1206-4fbf-9832-e390c4147e73;372.2;0.01;UNKNOWN
2016-02-03T03:03:22.000000;2016-02-03T03:03:22.000000;62da6f6e-ed4d-4b96-86ec-af6bba614c7c;372.6;0.1;UNKNOWN
2016-02-03T03:03:22.000000;2016-02-03T03:03:22.000000;00ef9133-c943-4d82-b501-0a2a28af2628;372.4;0.1;UNKNOWN
2016-02-03T03:03:22.000000;2016-02-03T03:03:22.000000;c679c399-c156-4bad-9cbb-617a5afe219b;372.5;0.1;UNKNOWN
2016-02-03T03:03:22.000000;2016-02-03T03:03:22.000000;bfaf5ee3-33d1-46bb-bf41-b70ea0d2bfc1;372.4;0.1;UNKNOWN
2016-02-03T03:03:35.000000;2016-02-03T03:03:35.000000;a0002351-b575-454b-93a1-b62e124f5f2e;372.32;0.5;UNKNOWN
2016-02-03T03:03:45.000000;2016-02-03T03:03:45.000000;c45cfd6a-54a5-421f-af83-0ea78c26f814;372.64;1.0;UNKNOWN
2016-02-03T03:04:23.000000;2016-02-03T03:04:23.000000;1a85f622-e428-4a4f-b088-40e7582d5a97;372.57;0.6;UNKNOWN
2016-02-03T03:04:31.000000;2016-02-03T03:04:31.000000;2bc9acbc-fac7-491c-9c23-50885d2e36f9;372.34;1.0;UNKNOWN
2016-02-03T03:04:32.000000;2016-02-03T03:04:32.000000;96a5292b-27ac-4ecc-a671-1156ba6f94af;372.34;0.271063;UNKNOWN
2016-02-03T03:05:33.000000;2016-02-03T03:05:33.000000;ca5c6fca-4867-4f99-98d9-d41cc73e30fe;372.22;0.0373;UNKNOWN
2016-02-03T03:05:33.000000;2016-02-03T03:05:33.000000;fbb2c23e-c8f1-4c94-a72c-e4ab32c94dc1;372.21;4.9627;UNKNOWN
2016-02-03T03:06:00.000000;2016-02-03T03:06:00.000000;86696701-9a76-448a-be0c-391697e7aa57;371.9;3.9647;UNKNOWN
2016-02-03T03:06:00.000000;2016-02-03T03:06:00.000000;13003dd5-50a1-4c20-b938-1c3f9b7e8124;372.23;2.0;UNKNOWN
2016-02-03T03:06:00.000000;2016-02-03T03:06:00.000000;e27a6e70-a2f6-43a1-88f0-c8c278d977ee;372.22;6.6709;UNKNOWN
2016-02-03T03:06:00.000000;2016-02-03T03:06:00.000000;393a0276-4d9e-4e05-909d-ff3958b7b3c8;372.0;0.1;UNKNOWN
2016-02-03T03:06:00.000000;2016-02-03T03:06:00.000000;2368f9a0-33fc-430f-8538-53d959204df5;372.0;1.25;UNKNOWN
2016-02-03T03:06:00.000000;2016-02-03T03:06:00.000000;33082690-47e1-4de3-a178-79f0754e8cd3;372.0;4.8659;UNKNOWN
2016-02-03T03:06:00.000000;2016-02-03T03:06:00.000000;fca388db-2d93-41f6-a50e-44463d1b7589;372.0;0.01;UNKNOWN
2016-02-03T03:06:00.000000;2016-02-03T03:06:00.000000;713d41e4-0d6f-4f11-ab3f-da18b479e7e0;372.21;5.0641;UNKNOWN
2016-02-03T03:06:00.000000;2016-02-03T03:06:00.000000;1d7ce87a-7ac0-4c27-8218-3b9b74d3b0ee;372.0;0.075;UNKNOWN
2016-02-03T03:06:00.000000;2016-02-03T03:06:00.000000;7ed2cec5-401e-4ba4-a096-eea52804df4d;372.22;15.9994;UNKNOWN
2016-02-03T03:06:05.000000;2016-02-03T03:06:05.000000;ff1559d2-7c93-4add-bd39-a15ffae1b531;371.43;1.51;UNKNOWN
2016-02-03T03:06:05.000000;2016-02-03T03:06:05.000000;ba5a55cd-61de-4f58-8a5a-545949aeb9a8;371.8;0.01;UNKNOWN
2016-02-03T03:06:05.000000;2016-02-03T03:06:05.000000;41bb27cf-80d5-41b8-b69e-c7c89a9cbdf0;371.67;0.0696;UNKNOWN
2016-02-03T03:06:05.000000;2016-02-03T03:06:05.000000;6e29a833-efa5-427c-8d62-c428d3249a81;371.76;0.059;UNKNOWN
2016-02-03T03:06:05.000000;2016-02-03T03:06:05.000000;187bc4ff-efe9-4dd0-a6e9-c64ba1429fad;371.9;11.0353;UNKNOWN
2016-02-03T03:06:05.000000;2016-02-03T03:06:05.000000;61aa4fb8-6350-4438-b786-e50d6b9f4cb8;371.42;0.3934;UNKNOWN
2016-02-03T03:06:05.000000;2016-02-03T03:06:05.000000;d6f68db5-4351-4514-ba1e-fdc5c85f5fa0;371.53;0.1;UNKNOWN
2016-02-03T03:06:05.000000;2016-02-03T03:06:05.000000;224022d1-6a73-4685-af60-0de5d0d15b8d;371.84;0.0627;UNKNOWN
2016-02-03T03:06:05.000000;2016-02-03T03:06:05.000000;1095ea37-abdf-4b94-9055-0fc4dc39c793;371.6;0.01;UNKNOWN
2016-02-03T03:06:05.000000;2016-02-03T03:06:05.000000;e1ae994a-56d3-4d43-80f7-11a304f3cbfa;371.59;1.25;UNKNOWN
2016-02-03T03:06:05.000000;2016-02-03T03:06:05.000000;88ecf309-3b11-4aef-8d0f-2ac1664ce0ce;371.64;0.5;UNKNOWN
2016-02-03T03:06:05.000000;2016-02-03T03:06:05.000000;60bbf981-9196-41e1-8f43-b8369593c5c9;371.5;25.0;UNKNOWN
2016-02-03T03:06:06.000000;2016-02-03T03:06:06.000000;6057cde7-15bd-4822-ac96-38cbb4b90e5c;371.42;3.55137317;UNKNOWN
2016-02-03T03:06:06.000000;2016-02-03T03:06:06.000000;4ff48c1b-cd25-48bb-81c5-d4dde7be6548;371.4;0.01;UNKNOWN
2016-02-03T03:06:06.000000;2016-02-03T03:06:06.000000;6c8b8ce0-b75f-4d5e-96a3-d68307b0fadd;371.68;23.1;UNKNOWN
2016-02-03T03:06:06.000000;2016-02-03T03:06:06.000000;7d7efa81-849a-481b-b719-f5892f7639e6;371.25;13.28862683;UNKNOWN
2016-02-03T03:06:06.000000;2016-02-03T03:06:06.000000;1a3ee31a-d37f-462b-90bd-3bed3fc1a203;371.38;0.05;UNKNOWN
2016-02-03T03:06:07.000000;2016-02-03T03:06:07.000000;83b400f3-9878-4b4a-9410-a25872879843;371.11;0.0937;UNKNOWN
2016-02-03T03:06:07.000000;2016-02-03T03:06:07.000000;29d4cfeb-d6df-4254-9e8c-ec89f2f48b9c;371.11;0.5;UNKNOWN
2016-02-03T03:06:07.000000;2016-02-03T03:06:07.000000;907c89f3-a576-4709-adac-08ce499683cc;371.07;3.95851476;UNKNOWN
2016-02-03T03:06:07.000000;2016-02-03T03:06:07.000000;c7d2de42-bc87-42e0-97ae-c5d0c93abfa6;371.2;0.01;UNKNOWN
2016-02-03T03:06:07.000000;2016-02-03T03:06:07.000000;6f262b1a-b87b-4c6b-8026-a96d273325a8;371.25;11.71137317;UNKNOWN
2016-02-03T03:06:07.000000;2016-02-03T03:06:07.000000;55f45728-6533-4db5-920b-1a0153c1b8bd;371.0;19.7642074;UNKNOWN
2016-02-03T03:06:07.000000;2016-02-03T03:06:07.000000;e3cd64cb-ec61-40c3-9e8f-8bfa1e2fc94b;371.04;3.95220467;UNKNOWN
2016-02-03T03:06:07.000000;2016-02-03T03:06:07.000000;082b7ae3-c2d4-47ed-b53f-401494c8e82f;371.0;0.01;UNKNOWN
2016-02-03T03:06:30.000000;2016-02-03T03:06:30.000000;0877c6a9-621a-48b6-8193-cabea099c0c3;371.0;0.07;UNKNOWN
2016-02-03T03:06:30.000000;2016-02-03T03:06:30.000000;598aa972-c70e-4aa8-ae84-5d3fe3ff343f;371.0;3.0;UNKNOWN
2016-02-03T03:06:30.000000;2016-02-03T03:06:30.000000;46fbb536-2ac8-4e2c-8eef-75514d87ad54;371.0;0.5;UNKNOWN
2016-02-03T03:06:55.000000;2016-02-03T03:06:55.000000;89422a59-33fb-49e2-abc4-8ae603d7a60e;370.89;0.05;UNKNOWN
2016-02-03T03:06:55.000000;2016-02-03T03:06:55.000000;1e1f4710-220b-4866-83b1-5793a0ca455f;371.02;15.0;UNKNOWN
2016-02-03T03:06:55.000000;2016-02-03T03:06:55.000000;dd9c5d7f-a5f6-4809-b49c-2040ac7a5729;370.28;0.5;UNKNOWN
2016-02-03T03:06:55.000000;2016-02-03T03:06:55.000000;7ee3305f-9709-46b1-8bcd-462df9c077cd;370.29;0.080859;UNKNOWN
2016-02-03T03:06:55.000000;2016-02-03T03:06:55.000000;045fd811-6d3d-44ad-9453-733a99d77dd1;370.46;0.15889843;UNKNOWN
2016-02-03T03:06:55.000000;2016-02-03T03:06:55.000000;1250614c-a05c-48be-8a59-f7da53a44508;370.5;16.16254422;UNKNOWN
2016-02-03T03:06:55.000000;2016-02-03T03:06:55.000000;6ed1fc7a-9dba-4ed1-9bb4-290c0ddb4799;370.35;3.95929841;UNKNOWN
2016-02-03T03:06:55.000000;2016-02-03T03:06:55.000000;0631c29c-db49-4a91-9dae-13cab42450ee;370.5;8.83745578;UNKNOWN
2016-02-03T03:06:55.000000;2016-02-03T03:06:55.000000;1fad152c-4336-4c03-baea-0e2d5c378db2;370.4;0.01;UNKNOWN
2016-02-03T03:06:55.000000;2016-02-03T03:06:55.000000;e9f38026-aca7-4fc7-a6ae-8ccf6f45fc04;370.25;23.35348838;UNKNOWN
2016-02-03T03:06:55.000000;2016-02-03T03:06:55.000000;8799577b-fb69-4325-a666-1bb61286b706;370.99;3.95929841;UNKNOWN
2016-02-03T03:06:55.000000;2016-02-03T03:06:55.000000;0cdf25b8-2775-4169-8d66-481a7d0eef8f;371.0;1.6657926;UNKNOWN
2016-02-03T03:06:55.000000;2016-02-03T03:06:55.000000;080481b1-62e8-4b4d-af94-555ed5299999;371.61;0.5;UNKNOWN
2016-02-03T03:06:55.000000;2016-02-03T03:06:55.000000;eb845ebd-cb98-4624-8e57-5553e1a20c2c;370.5;0.01;UNKNOWN
2016-02-03T03:06:55.000000;2016-02-03T03:06:55.000000;4f733468-88c3-4122-b10e-d9a16809a13f;370.85;0.5;UNKNOWN
2016-02-03T03:06:55.000000;2016-02-03T03:06:55.000000;37d62ac9-a93d-49c2-99f3-224e470c0c50;370.98;3.95794029;UNKNOWN
2016-02-03T03:06:55.000000;2016-02-03T03:06:55.000000;bff22906-e155-4beb-a88c-084a217b7804;370.95;3.9575748;UNKNOWN
2016-02-03T03:06:55.000000;2016-02-03T03:06:55.000000;04fd4f73-0d2b-4cf8-899a-bc018f9f4f58;370.57;3.95851476;UNKNOWN
2016-02-03T03:06:55.000000;2016-02-03T03:06:55.000000;fe47f538-2056-4d85-ad83-187490b803c4;371.0;3.95851476;UNKNOWN
2016-02-03T03:06:55.000000;2016-02-03T03:06:55.000000;4f6168f5-720a-40ed-aa55-7095db71d2b3;370.75;11.05136622;UNKNOWN
2016-02-03T03:06:55.000000;2016-02-03T03:06:55.000000;21f7869c-74be-4c86-ae42-5df0885d2a86;370.48;3.1;UNKNOWN
2016-02-03T03:06:55.000000;2016-02-03T03:06:55.000000;fefd4142-3dc2-4a51-9e3b-bd9c8dd0b381;370.6;1.3;UNKNOWN
2016-02-03T03:06:55.000000;2016-02-03T03:06:55.000000;6f8f1109-8dc0-41b0-af6e-da11ca007c75;371.01;3.0;UNKNOWN
2016-02-03T03:06:55.000000;2016-02-03T03:06:55.000000;19c91fcb-786c-464a-a954-4c7925950723;370.73;3.9575748;UNKNOWN
2016-02-03T03:06:55.000000;2016-02-03T03:06:55.000000;445ee64d-e773-48d2-8a81-4a8f29a9bc6e;370.75;13.94863378;UNKNOWN
2016-02-03T03:06:55.000000;2016-02-03T03:06:55.000000;c7061660-6fab-4b43-bc6a-ee7ffc13119e;370.6;0.01;UNKNOWN
2016-02-03T03:06:55.000000;2016-02-03T03:06:55.000000;97f9b81f-2641-4b4c-9159-c8503bb2999c;370.63;0.05;UNKNOWN
2016-02-03T03:06:55.000000;2016-02-03T03:06:55.000000;14bf3e17-f6f4-4d1b-86b3-cc2a523b72c1;370.71;0.5;UNKNOWN
2016-02-03T03:06:55.000000;2016-02-03T03:06:55.000000;eef27388-6b21-46f4-8844-a0211f9aa996;370.8;0.01;UNKNOWN
2016-02-03T03:06:55.000000;2016-02-03T03:06:55.000000;fe625b80-d4e3-4c6b-9238-6ffbff40860d;370.84;0.37414887;UNKNOWN
2016-02-03T03:06:55.000000;2016-02-03T03:06:55.000000;a0df7097-d81b-497e-a4b4-a4d61f148e66;371.01;0.5;UNKNOWN
2016-02-03T03:06:55.000000;2016-02-03T03:06:55.000000;255619aa-deb4-4aec-8966-f9b35cb8d8d4;371.48;6.07673027;UNKNOWN
2016-02-03T03:06:55.000000;2016-02-03T03:06:55.000000;c6afe922-0c50-4cd3-8150-247c43783720;370.76;12.0;UNKNOWN
2016-02-03T03:06:55.000000;2016-02-03T03:06:55.000000;2d84b221-ded2-4a7c-bc21-befc20ddd315;371.48;0.64347119;UNKNOWN
2016-02-03T03:06:55.000000;2016-02-03T03:06:55.000000;ce3fdf9a-4b37-42dd-abe7-bf107692094f;370.84;3.58379142;UNKNOWN
2016-02-03T03:06:55.000000;2016-02-03T03:06:55.000000;78bc1b5e-b119-4f61-9a06-c8752c205d09;371.48;1.22662854;UNKNOWN
2016-02-03T03:06:55.000000;2016-02-03T03:06:55.000000;87db21f5-ee2c-4367-b3e0-18adf89197a1;370.77;6.0;UNKNOWN
2016-02-03T03:06:55.000000;2016-02-03T03:06:55.000000;c279ac5c-7611-421c-97cc-8cbcb49fd43d;370.8;3.9575748;UNKNOWN
2016-02-03T03:07:23.000000;2016-02-03T03:07:23.000000;b9c5ea0d-b985-4301-b807-a3cefbc437f1;371.36;0.72385869;UNKNOWN
2016-02-03T03:07:23.000000;2016-02-03T03:07:23.000000;f3b578b2-81fa-4304-ad3e-7d9df165931b;370.51;4.90402637;UNKNOWN
2016-02-03T03:07:23.000000;2016-02-03T03:07:23.000000;d7f20751-45f2-4cb6-8b43-7fa0a8aa4642;370.51;5.93249741;UNKNOWN
2016-02-03T03:07:23.000000;2016-02-03T03:07:23.000000;7d144e94-1a3f-4406-ac0a-fd912b950377;370.25;1.64651162;UNKNOWN
2016-02-03T03:07:23.000000;2016-02-03T03:07:23.000000;60a9fa35-ffbe-4832-b103-2a05e4cbd133;371.36;10.26824131;UNKNOWN
2016-02-03T03:07:23.000000;2016-02-03T03:07:23.000000;4a600586-834b-4458-be01-0a49ffbb84db;371.01;6.6831;UNKNOWN
2016-02-03T03:07:23.000000;2016-02-03T03:07:23.000000;f5ae3170-be14-4c94-bf84-618e55c90551;370.73;10.7139;UNKNOWN
2016-02-03T03:07:23.000000;2016-02-03T03:07:23.000000;6e05411a-35c5-4586-a4cb-8ae3dc645e91;370.15;10.05593632;UNKNOWN
2016-02-03T03:07:23.000000;2016-02-03T03:07:23.000000;33476bd4-ff6e-462b-935b-18916cc1fe78;371.5;1.1;UNKNOWN
2016-02-03T03:07:23.000000;2016-02-03T03:07:23.000000;cc740ffe-c24f-4b2d-bc5d-03dd00cd8328;370.2;10.0;UNKNOWN
2016-02-03T03:07:23.000000;2016-02-03T03:07:23.000000;1362a5a5-e8a1-4ed9-b696-95d573145ce4;370.51;2.37347622;UNKNOWN
2016-02-03T03:07:23.000000;2016-02-03T03:07:23.000000;65d938e5-0393-4fc2-9656-7984db527aae;371.44;0.5;UNKNOWN
2016-02-03T03:07:23.000000;2016-02-03T03:07:23.000000;e80b242a-f5d0-4759-a1cb-40bd1ac8206e;371.0;15.0;UNKNOWN
2016-02-03T03:07:23.000000;2016-02-03T03:07:23.000000;efad8434-3220-49f1-96ed-00c58b4193ba;371.99;0.0299;UNKNOWN
2016-02-03T03:07:23.000000;2016-02-03T03:07:23.000000;49e6c5f7-e5a4-4d1d-8775-443102f12fa9;370.26;6.79;UNKNOWN
2016-02-03T03:07:23.000000;2016-02-03T03:07:23.000000;d2610726-7460-47d8-b63c-bf903bb0e8dd;370.76;6.0;UNKNOWN
2016-02-03T03:07:23.000000;2016-02-03T03:07:23.000000;b06078a7-02fb-4e7b-8e3c-21e543c8db0e;371.0;1.91262378;UNKNOWN
2016-02-03T03:07:23.000000;2016-02-03T03:07:23.000000;6cf4533b-6288-484d-bb1e-75bbc808b5f5;371.0;5.0;UNKNOWN
2016-02-03T03:07:23.000000;2016-02-03T03:07:23.000000;10c66e76-cb28-43ad-980c-207cb24f497d;370.2;0.01;UNKNOWN
2016-02-03T03:07:23.000000;2016-02-03T03:07:23.000000;10311595-7bc2-4d20-8d6b-fc31def4eeb7;370.65;3.96065747;UNKNOWN
2016-02-03T03:07:23.000000;2016-02-03T03:07:23.000000;e58111a4-7a7a-4b78-8b48-eba9c1990d40;370.72;3.96065747;UNKNOWN
2016-02-03T03:07:23.000000;2016-02-03T03:07:23.000000;18068991-9911-44fc-8a3f-fdf2d937abdc;371.0;0.07117622;UNKNOWN
2016-02-03T03:07:23.000000;2016-02-03T03:07:23.000000;5ef47e01-1748-4abe-88a7-5cb66c24f789;370.16;3.96505465;UNKNOWN
2016-02-03T03:08:16.000000;2016-02-03T03:08:16.000000;636a7270-172b-4d55-b172-0e8d35ce5115;370.0;1.0;UNKNOWN
2016-02-03T03:08:16.000000;2016-02-03T03:08:16.000000;23d67fd1-8371-414c-87a9-5c781ed95cf6;370.13;12.0;UNKNOWN
2016-02-03T03:08:16.000000;2016-02-03T03:08:16.000000;d026bb86-051c-461c-ade2-63930ba0ef7d;370.09;12.0;UNKNOWN
2016-02-03T03:08:16.000000;2016-02-03T03:08:16.000000;1ab3d67a-c7cb-402a-8abe-285c66d74f5a;370.0;0.5;UNKNOWN
2016-02-03T03:08:16.000000;2016-02-03T03:08:16.000000;94e14617-2b5e-4816-9354-e8f0d6124f3e;370.12;12.0;UNKNOWN
2016-02-03T03:08:16.000000;2016-02-03T03:08:16.000000;20a599c0-27ea-43b0-839c-cb98bc819324;370.0;0.5;UNKNOWN
2016-02-03T03:08:16.000000;2016-02-03T03:08:16.000000;f066226f-947b-4f94-80ff-d0273cc3ba29;368.71;0.5;UNKNOWN
2016-02-03T03:08:16.000000;2016-02-03T03:08:16.000000;58d5094a-a128-4168-8ba3-c019bcdf5bcc;371.01;11.4222;UNKNOWN
2016-02-03T03:08:16.000000;2016-02-03T03:08:16.000000;43e1aa91-4193-4595-9c3e-d4461672d111;369.73;0.1489;UNKNOWN
2016-02-03T03:08:16.000000;2016-02-03T03:08:16.000000;ffc71ee1-3567-4099-b8e5-8cede651c964;369.87;0.02;UNKNOWN
2016-02-03T03:08:16.000000;2016-02-03T03:08:16.000000;c2f3bd4f-3d20-4e49-a010-0495cc95c05f;368.75;0.0916;UNKNOWN
2016-02-03T03:08:16.000000;2016-02-03T03:08:16.000000;20f321e7-2b3c-495e-b4b6-e70cc177ce10;370.0;25.0;UNKNOWN
2016-02-03T03:08:16.000000;2016-02-03T03:08:16.000000;d075f223-4069-4b5e-8761-04a2b6af2daa;370.0;0.01;UNKNOWN
2016-02-03T03:08:16.000000;2016-02-03T03:08:16.000000;81062f52-0b9b-46ce-aa58-b497e869bd0d;370.0;0.01;UNKNOWN
2016-02-03T03:08:16.000000;2016-02-03T03:08:16.000000;22d79eb2-783e-4f0f-93c1-6df51e910b2e;370.0;0.04;UNKNOWN
2016-02-03T03:08:16.000000;2016-02-03T03:08:16.000000;5277c962-8b0e-48ba-97dd-4c709a9cc731;369.39;0.5;UNKNOWN
2016-02-03T03:08:16.000000;2016-02-03T03:08:16.000000;738fa9f0-71d8-4ae1-abe9-73927e9429c0;368.6;0.01;UNKNOWN
2016-02-03T03:08:16.000000;2016-02-03T03:08:16.000000;c5cdd64f-0b12-4760-8383-a964d856cea0;369.6;0.01;UNKNOWN
2016-02-03T03:08:16.000000;2016-02-03T03:08:16.000000;c7c53c3c-8ac6-40b7-b3c9-60ec4345e88e;369.4;0.01;UNKNOWN
2016-02-03T03:08:16.000000;2016-02-03T03:08:16.000000;e235aec5-f56a-428b-9c90-6010b469587e;370.0;6.56118301;UNKNOWN
2016-02-03T03:08:16.000000;2016-02-03T03:08:16.000000;1f9d4db5-adaa-48bd-b6fd-f5d1dde63c83;369.8;0.01;UNKNOWN
2016-02-03T03:08:16.000000;2016-02-03T03:08:16.000000;c84f3792-273a-4507-9194-57098441158b;369.29;10.0;UNKNOWN
2016-02-03T03:08:16.000000;2016-02-03T03:08:16.000000;db0fdc05-c44a-4893-ad15-63e683fa6ddb;369.5;1.07997181;UNKNOWN
2016-02-03T03:08:16.000000;2016-02-03T03:08:16.000000;d81db56a-8449-44d3-b043-27f15483e14e;368.63;3.0;UNKNOWN
2016-02-03T03:08:16.000000;2016-02-03T03:08:16.000000;4dcada22-be62-4bac-ad73-24f2592f1750;368.8;0.01;UNKNOWN
2016-02-03T03:08:16.000000;2016-02-03T03:08:16.000000;bd25a7ce-7d49-4a17-b2d5-320f4a2fa2f7;370.1;0.136256;UNKNOWN
2016-02-03T03:08:16.000000;2016-02-03T03:08:16.000000;efb95b84-c3a4-4bc7-ada1-4c250c4bd2e0;369.14;0.080858;UNKNOWN
2016-02-03T03:08:16.000000;2016-02-03T03:08:16.000000;3518709b-fcea-49d5-8123-298ac353a513;369.5;0.2;UNKNOWN
2016-02-03T03:08:16.000000;2016-02-03T03:08:16.000000;e17c3739-5146-4cec-b98f-e8d0a3369a78;370.15;8.43881699;UNKNOWN
2016-02-03T03:08:16.000000;2016-02-03T03:08:16.000000;6347e0ab-613e-4010-8996-bdf4f8e154df;369.5;1.33667117;UNKNOWN
2016-02-03T03:08:16.000000;2016-02-03T03:08:16.000000;39dd2e50-e70a-428f-a591-763d25deb5ff;369.5;9.17002819;UNKNOWN
2016-02-03T03:08:16.000000;2016-02-03T03:08:16.000000;7a96d1f2-a43a-488f-b6d7-bc9f8072826f;369.0;10.0;UNKNOWN
2016-02-03T03:08:16.000000;2016-02-03T03:08:16.000000;2f027e61-00b6-44a6-a60d-44cece8dec03;368.2;0.01;UNKNOWN
2016-02-03T03:08:16.000000;2016-02-03T03:08:16.000000;34242123-e600-49b7-8dbe-29eca229da9f;368.5;0.04925736;UNKNOWN
2016-02-03T03:08:16.000000;2016-02-03T03:08:16.000000;24779546-f40c-49ab-8e93-94047a4ede2b;369.0;0.01;UNKNOWN
2016-02-03T03:08:16.000000;2016-02-03T03:08:16.000000;e1c67c40-1400-473b-b35f-ac34e864cfba;369.0;0.1;UNKNOWN
2016-02-03T03:08:16.000000;2016-02-03T03:08:16.000000;b5866d42-ed18-4039-ad89-e6466471dc9a;369.0;0.5;UNKNOWN
2016-02-03T03:08:16.000000;2016-02-03T03:08:16.000000;c9afee2f-e016-4335-a475-053423095515;369.2;0.01;UNKNOWN
2016-02-03T03:08:16.000000;2016-02-03T03:08:16.000000;48edf21e-f4d0-4920-af84-d929e959d9b0;368.4;0.01;UNKNOWN
2016-02-03T03:08:16.000000;2016-02-03T03:08:16.000000;7aaa6245-2a00-4f6f-aad7-99637ac159f7;369.1;0.2687;UNKNOWN
2016-02-03T03:08:16.000000;2016-02-03T03:08:16.000000;2de23859-0a59-4a3f-93bb-af3b8fefa051;369.09;0.1;UNKNOWN
2016-02-03T03:08:16.000000;2016-02-03T03:08:16.000000;a079110f-b2dd-46e2-836d-69d71dcb0a61;369.23;0.2;UNKNOWN
2016-02-03T03:08:16.000000;2016-02-03T03:08:16.000000;9dcf5271-6343-4995-9c3e-c5e208432436;368.79;12.5;UNKNOWN
2016-02-03T03:08:16.000000;2016-02-03T03:08:16.000000;a276ae8a-7f1b-4c3d-880a-927d9a41a17a;368.99;0.1659;UNKNOWN
2016-02-03T03:08:16.000000;2016-02-03T03:08:16.000000;d37fbbd2-58d3-4673-8019-dfaf0d955ca8;368.88;0.05;UNKNOWN
2016-02-03T03:08:16.000000;2016-02-03T03:08:16.000000;88c13c2d-3d8d-4bb2-bd37-dc7e1617ee44;368.08;0.1;UNKNOWN
2016-02-03T03:08:16.000000;2016-02-03T03:08:16.000000;16693d03-977c-4cb5-9cdd-67f13950d398;368.01;0.94828491;UNKNOWN
2016-02-03T03:08:16.000000;2016-02-03T03:08:16.000000;26cf2ff1-c38b-48ac-bfff-6aa2cd8217c6;369.0;0.01;UNKNOWN
2016-02-03T03:08:16.000000;2016-02-03T03:08:16.000000;18512256-6fc5-4b2a-82de-046fd70e3f93;369.0;0.1;UNKNOWN
2016-02-03T03:08:16.000000;2016-02-03T03:08:16.000000;220f74bf-a3ed-4a7e-a783-f46114498c01;368.5;0.95074264;UNKNOWN
2016-02-03T03:08:16.000000;2016-02-03T03:08:16.000000;b0542832-f976-431b-9393-ebc1c6078bc0;368.85;0.1255;UNKNOWN
2016-02-03T03:08:21.000000;2016-02-03T03:08:21.000000;ddd62de2-4e81-4d6a-900f-0a2aff3c696e;368.64;0.05;UNKNOWN
2016-02-03T03:08:21.000000;2016-02-03T03:08:21.000000;bd4e659d-416a-4dcf-8518-df5d784e23bb;368.64;12.45;UNKNOWN
2016-02-03T03:08:21.000000;2016-02-03T03:08:21.000000;c70159fa-bbe6-4dd8-ae77-d9d2984042d3;368.46;37.55;UNKNOWN
2016-02-03T03:08:27.000000;2016-02-03T03:08:27.000000;90fa22f1-efe8-4aad-a509-e5cdd5285ec8;368.0;1.54;UNKNOWN
2016-02-03T03:08:27.000000;2016-02-03T03:08:27.000000;b6aa4b64-41ee-4d61-b5ef-07569b25a695;367.92;1.12860672;UNKNOWN
2016-02-03T03:08:27.000000;2016-02-03T03:08:27.000000;300341ee-55ad-40e9-8d0b-aca12095f11a;368.0;0.1;UNKNOWN
2016-02-03T03:08:27.000000;2016-02-03T03:08:27.000000;964ef796-ca45-4922-8712-543f99780dd7;368.0;0.5;UNKNOWN
2016-02-03T03:08:27.000000;2016-02-03T03:08:27.000000;3c0c0ee2-babf-4943-accc-2dafc5cf76d2;368.0;0.15;UNKNOWN
2016-02-03T03:08:27.000000;2016-02-03T03:08:27.000000;e7434f1b-400c-4a52-9abf-96c598177144;368.0;0.05;UNKNOWN
2016-02-03T03:08:27.000000;2016-02-03T03:08:27.000000;2375440a-effd-4d98-b735-edf12ddef3f1;367.98;0.05;UNKNOWN
2016-02-03T03:08:27.000000;2016-02-03T03:08:27.000000;4028108a-2985-4e16-ad14-649bd72ed1e5;368.0;0.525;UNKNOWN
2016-02-03T03:08:27.000000;2016-02-03T03:08:27.000000;4f2f96d6-f94e-46f8-bf49-2816540299a8;368.72;0.01;UNKNOWN
2016-02-03T03:08:27.000000;2016-02-03T03:08:27.000000;35198172-a331-4a83-b6a4-c7e068e47d98;368.46;2.45;UNKNOWN
2016-02-03T03:08:27.000000;2016-02-03T03:08:27.000000;db82ade6-ea99-49d8-8b3b-5a0bbe13c188;368.01;4.05171509;UNKNOWN
2016-02-03T03:08:27.000000;2016-02-03T03:08:27.000000;400635e7-8edf-456a-ab64-99597a9702ab;368.0;0.01;UNKNOWN
2016-02-03T03:08:27.000000;2016-02-03T03:08:27.000000;df71886e-d8c3-4a51-925e-a8ab76a5af7b;368.0;0.5;UNKNOWN
2016-02-03T03:08:27.000000;2016-02-03T03:08:27.000000;375673d3-f2bd-4136-978a-b89f5159a3cb;368.0;0.02;UNKNOWN
2016-02-03T03:08:32.000000;2016-02-03T03:08:32.000000;b8e661a8-acaa-474b-8d5c-1b524d105d2a;367.11;0.2;UNKNOWN
2016-02-03T03:08:32.000000;2016-02-03T03:08:32.000000;1fdea39f-f03d-49a4-bed6-41cfb82bb2fd;367.14;11.65122583;UNKNOWN
2016-02-03T03:08:32.000000;2016-02-03T03:08:32.000000;819f7b9d-8b60-42a3-a10a-84d1b5feb30a;367.4;0.1;UNKNOWN
2016-02-03T03:08:32.000000;2016-02-03T03:08:32.000000;a09ac2f0-07d4-42a9-93fc-b1a9b8cb601e;367.87;0.01;UNKNOWN
2016-02-03T03:08:32.000000;2016-02-03T03:08:32.000000;83123234-1ef6-4569-8397-63e5f8352eec;368.8;0.0695304;UNKNOWN
2016-02-03T03:08:32.000000;2016-02-03T03:08:32.000000;d9d5dd52-437a-480f-ad3c-24eea91cdbb1;367.49;0.05;UNKNOWN
2016-02-03T03:08:32.000000;2016-02-03T03:08:32.000000;23c588ca-313f-457d-90c3-9668ed2b94b8;367.91;6.717068;UNKNOWN
2016-02-03T03:08:32.000000;2016-02-03T03:08:32.000000;8088b43d-1f6e-4157-8c96-8d68976d0238;367.91;0.282932;UNKNOWN
2016-02-03T03:08:32.000000;2016-02-03T03:08:32.000000;630e7e74-6a30-45dd-b5f5-65032f64e311;367.01;12.0;UNKNOWN
2016-02-03T03:08:32.000000;2016-02-03T03:08:32.000000;759ab573-6258-4da3-acf4-347c4920c808;367.4;0.01;UNKNOWN
2016-02-03T03:08:32.000000;2016-02-03T03:08:32.000000;4f376b8a-7dab-4197-96b9-5966ac14cbe4;367.14;1.99377417;UNKNOWN
2016-02-03T03:08:32.000000;2016-02-03T03:08:32.000000;fafb9024-ef7d-4560-b93b-8a1244416fd0;368.8;9.4493696;UNKNOWN
2016-02-03T03:08:32.000000;2016-02-03T03:08:32.000000;2ed98430-e781-4cd3-8745-58580832d5e0;367.52;0.2559;UNKNOWN
2016-02-03T03:08:32.000000;2016-02-03T03:08:32.000000;1a84a738-7d4f-4445-988d-4c06bd9f1512;367.91;3.9810502;UNKNOWN
2016-02-03T03:08:32.000000;2016-02-03T03:08:32.000000;456c1f38-4000-422a-8783-c5d6a69cbdc9;367.67;0.5;UNKNOWN
2016-02-03T03:08:32.000000;2016-02-03T03:08:32.000000;9152b918-401c-4f77-8798-78675c7e7e94;367.6;1.0;UNKNOWN
2016-02-03T03:08:32.000000;2016-02-03T03:08:32.000000;63331fb6-f670-44ea-b7e3-c1e0fd229c09;367.5;0.1;UNKNOWN
2016-02-03T03:08:32.000000;2016-02-03T03:08:32.000000;6d65ce21-238b-4bc3-b6a6-2fc28bf4eeb5;367.01;3.58730077;UNKNOWN
2016-02-03T03:08:32.000000;2016-02-03T03:08:32.000000;422923bf-9e13-4a57-b38d-d5ecac68c550;367.92;0.021924;UNKNOWN
2016-02-03T03:08:32.000000;2016-02-03T03:08:32.000000;a4344e40-4196-4e87-9bac-e0a1c016dfcb;367.99;0.2479;UNKNOWN
2016-02-03T03:08:32.000000;2016-02-03T03:08:32.000000;8c11183f-0a91-41b4-92b5-a56760175dda;367.86;0.5;UNKNOWN
2016-02-03T03:08:32.000000;2016-02-03T03:08:32.000000;ca9cfb86-7983-479a-a42e-bab950d0d636;367.6;0.01;UNKNOWN
2016-02-03T03:08:32.000000;2016-02-03T03:08:32.000000;eb3073b9-5bde-45c4-84c8-9842477c1336;367.4;2.0;UNKNOWN
2016-02-03T03:08:32.000000;2016-02-03T03:08:32.000000;c333e45f-3ce5-4df2-b8af-36416ccc19f2;367.48;0.25;UNKNOWN
2016-02-03T03:08:32.000000;2016-02-03T03:08:32.000000;a29e8565-301b-4d47-be9b-a5d226106d84;367.71;1.51;UNKNOWN
2016-02-03T03:08:32.000000;2016-02-03T03:08:32.000000;0e628562-530d-48a5-ad94-fbe613710f1e;367.39;3.98575756;UNKNOWN
2016-02-03T03:08:32.000000;2016-02-03T03:08:32.000000;671019d1-fd60-4f2d-a317-b1cf67f41b31;367.01;4.0;UNKNOWN
2016-02-03T03:08:32.000000;2016-02-03T03:08:32.000000;996bd06f-303c-4fc0-98c8-16b363eea60f;367.7;3.9810502;UNKNOWN
2016-02-03T03:08:32.000000;2016-02-03T03:08:32.000000;eaef08af-b095-4e07-95da-0e188da632e2;367.2;0.01;UNKNOWN
2016-02-03T03:08:32.000000;2016-02-03T03:08:32.000000;63b60e94-86fb-4728-aded-d06556235608;367.13;5.0;UNKNOWN
2016-02-03T03:08:32.000000;2016-02-03T03:08:32.000000;b4af62d5-c853-4937-91ec-ce51b8c96e8e;367.02;3.5;UNKNOWN
2016-02-03T03:08:32.000000;2016-02-03T03:08:32.000000;b7de5ddd-47e8-406d-9836-2c27f982729d;367.8;0.01;UNKNOWN
2016-02-03T03:08:32.000000;2016-02-03T03:08:32.000000;a210bc78-7dba-42a1-a5b8-711d1da19830;367.01;5.0;UNKNOWN
2016-02-03T03:08:32.000000;2016-02-03T03:08:32.000000;05ec0c96-5e23-4d48-b828-e19e8eb76dc6;367.09;0.1;UNKNOWN
2016-02-03T03:08:32.000000;2016-02-03T03:08:32.000000;1480044a-53bf-4359-baa6-25f8d2183a4b;367.77;3.9810502;UNKNOWN
2016-02-03T03:08:32.000000;2016-02-03T03:08:32.000000;b35237f0-46b2-4160-9da6-0c75e8bcb095;367.2;0.1;UNKNOWN
2016-02-03T03:08:32.000000;2016-02-03T03:08:32.000000;c1a68fc0-f232-418f-bd80-a0070094db6d;367.39;0.26848567;UNKNOWN
2016-02-03T03:08:32.000000;2016-02-03T03:08:32.000000;72f09ddf-7f2b-46c2-b2d6-85f0dcb8e28e;367.34;0.01;UNKNOWN
2016-02-03T03:08:32.000000;2016-02-03T03:08:32.000000;0633366a-f6ee-4083-b5d1-c354cecd1da3;367.34;0.1;UNKNOWN
2016-02-03T03:08:32.000000;2016-02-03T03:08:32.000000;5eacfab1-df40-4933-adf0-30c2d7034224;367.14;2.0;UNKNOWN
2016-02-03T03:08:36.000000;2016-02-03T03:08:36.000000;1af638de-2e75-44b1-a660-ef9cf1c07481;367.99;0.0299;UNKNOWN
2016-02-03T03:08:39.000000;2016-02-03T03:08:39.000000;666761e7-1d40-4b32-96b3-6eb2e1af7f03;369.34;0.352;UNKNOWN
2016-02-03T03:08:46.000000;2016-02-03T03:08:46.000000;924bcfd7-1b0b-48cd-ba15-17f2b73d07bd;367.99;0.01;UNKNOWN
2016-02-03T03:08:46.000000;2016-02-03T03:08:46.000000;109ce592-018c-47c1-b29c-b2096f03600c;367.98;0.03960711;UNKNOWN
2016-02-03T03:09:11.000000;2016-02-03T03:09:11.000000;500b8270-28ed-4459-a8df-7ef00eadbc53;367.16;0.025;UNKNOWN
2016-02-03T03:09:11.000000;2016-02-03T03:09:11.000000;b41f9e40-93f0-4749-8d25-675f197539f8;369.38;1.0;UNKNOWN
2016-02-03T03:09:11.000000;2016-02-03T03:09:11.000000;adf044db-4292-4801-b120-deafb42f89b9;367.76;3.9819485;UNKNOWN
2016-02-03T03:09:11.000000;2016-02-03T03:09:11.000000;7c5c43c7-b99c-420b-8ac2-57750a0fe604;367.34;9.98932556;UNKNOWN
2016-02-03T03:09:11.000000;2016-02-03T03:09:11.000000;259900bc-f33f-4097-a63f-94edcf0d594b;367.17;1.76;UNKNOWN
2016-02-03T03:09:11.000000;2016-02-03T03:09:11.000000;e6c6cbba-f77c-44fb-b089-7dd27aa65a27;369.38;1.002;UNKNOWN
2016-02-03T03:09:11.000000;2016-02-03T03:09:11.000000;319408d7-cde9-440e-ba0b-186ee0517bcc;367.16;0.9213727;UNKNOWN
2016-02-03T03:09:11.000000;2016-02-03T03:09:11.000000;3d0bbbd4-c646-49bc-952f-9acc87ca93cd;367.9;0.59;UNKNOWN
2016-02-03T03:09:11.000000;2016-02-03T03:09:11.000000;3fd6bdcf-2927-48af-ad62-957215d2a49c;367.16;14.7236273;UNKNOWN
2016-02-03T03:09:11.000000;2016-02-03T03:09:11.000000;f87d808e-9ef1-48fb-8f67-0f92c3c3c306;367.93;0.62423;UNKNOWN
2016-02-03T03:09:11.000000;2016-02-03T03:09:11.000000;d5dc407d-cdd3-4ddc-bc25-d0c6f3a1eea6;367.77;0.01534959;UNKNOWN
2016-02-03T03:09:11.000000;2016-02-03T03:09:11.000000;a479d5cb-4efc-4060-98fc-834aae0b15ef;367.93;0.04599;UNKNOWN
2016-02-03T03:09:11.000000;2016-02-03T03:09:11.000000;c1615a84-bebe-4e5d-b544-5757ae1ff17e;367.98;0.05005;UNKNOWN
2016-02-03T03:09:11.000000;2016-02-03T03:09:11.000000;b026847a-170a-40c2-aff4-dffa5632f6be;367.95;8.28085;UNKNOWN
2016-02-03T03:09:11.000000;2016-02-03T03:09:11.000000;d329c9e4-9737-4dfd-b8a5-ffce18dabc58;367.98;0.01039289;UNKNOWN
2016-02-03T03:09:11.000000;2016-02-03T03:09:11.000000;cb8fbf9f-3380-4b7d-b5c7-4ef9597c8e9b;369.38;0.5;UNKNOWN
2016-02-03T03:09:11.000000;2016-02-03T03:09:11.000000;901ee5fe-dc2d-4f50-bcc1-6e31a9d7c2ec;367.16;2.7763727;UNKNOWN
2016-02-03T03:09:11.000000;2016-02-03T03:09:11.000000;9f500e1a-d26f-4546-9e10-9ed774c89824;367.54;3.9819485;UNKNOWN
2016-02-03T03:09:11.000000;2016-02-03T03:09:11.000000;3610622f-4cca-40de-a567-b612a0f4d72b;367.34;0.69214714;UNKNOWN
2016-02-03T03:09:11.000000;2016-02-03T03:09:11.000000;e82b9d7a-47e3-4aa1-90ae-68617c95ef52;367.34;1.8185273;UNKNOWN
2016-02-03T03:09:37.000000;2016-02-03T03:09:37.000000;7d30c3f4-8f8d-44cb-aded-566b5906ce22;369.38;1.0;UNKNOWN
2016-02-03T03:09:37.000000;2016-02-03T03:09:37.000000;226407db-f73b-46e4-99af-c9f156980583;369.38;1.0;UNKNOWN
2016-02-03T03:09:37.000000;2016-02-03T03:09:37.000000;ceff833e-9871-4a20-b894-4233f0dd6038;369.38;1.0;UNKNOWN
2016-02-03T03:09:37.000000;2016-02-03T03:09:37.000000;3b2fdfe4-6549-47e1-a970-88e07cde8972;369.38;0.14729;UNKNOWN
2016-02-03T03:09:37.000000;2016-02-03T03:09:37.000000;3e05faf8-0ce8-4f84-b562-af48abc002d1;369.38;0.79658002;UNKNOWN
2016-02-03T03:10:03.000000;2016-02-03T03:10:03.000000;a6cf012e-c7c0-4a78-bbc8-f78e31a1e5f6;369.28;1.0;UNKNOWN
2016-02-03T03:10:03.000000;2016-02-03T03:10:03.000000;16cc9b4a-40fe-45cf-b296-93ce1e31b286;369.27;0.02;UNKNOWN
2016-02-03T03:10:03.000000;2016-02-03T03:10:03.000000;19a082fe-0b07-4607-83f3-31a4dc291423;369.28;3.24959841;UNKNOWN
2016-02-03T03:10:03.000000;2016-02-03T03:10:03.000000;1fa31125-2aca-47b9-a75e-0a381611103a;369.28;1.0;UNKNOWN
