time_exchange;time_coinpai;guid;price;base_amount;taker_side
2016-02-03T00:00:02.150000;2016-02-03T00:00:02.153000;280528a0-693f-4230-ba39-f3295effb482;372.93;0.34891;BUY
2016-02-03T00:00:31.027000;2016-02-03T00:00:31.043000;450304ff-4a65-4b3e-9717-9805e98687a6;372.93;0.15;BUY
2016-02-03T00:00:31.720000;2016-02-03T00:00:31.730000;76b6250d-4ebd-4f4f-b3e2-f282d5e2cca3;372.93;1.40223;BUY
2016-02-03T00:00:33.543000;2016-02-03T00:00:33.560000;4cde20f6-b0b8-4957-8627-a994774418e8;372.93;0.6;BUY
2016-02-03T00:00:34.707000;2016-02-03T00:00:34.717000;bc20d05c-e6bf-4b2c-8253-e568f1fe0b81;372.93;0.11;BUY
2016-02-03T00:01:02.203000;2016-02-03T00:01:02.217000;5571eb80-e73b-4b2f-a0c2-6bc7361ee1d9;372.93;0.65049;BUY
2016-02-03T00:01:31.730000;2016-02-03T00:01:31.730000;7a125a7c-41fe-4935-a9e9-61bdbe28bacb;372.89;0.01;SELL
2016-02-03T00:01:31.730000;2016-02-03T00:01:31.777000;4a817d45-4ac2-4bf2-96b3-921bb018e76b;372.89;0.06787;SELL
2016-02-03T00:02:31.663000;2016-02-03T00:02:31.670000;6ef712cd-25a6-4118-bcf2-73c3d0fa92b9;372.91;0.02;BUY
2016-02-03T00:02:31.663000;2016-02-03T00:02:31.683000;428bc44c-568e-4a75-9c06-63bb41b3ebc4;372.91;0.02;BUY
2016-02-03T00:02:31.663000;2016-02-03T00:02:31.683000;6bf09607-b3e4-42f5-b899-9d8348475ca9;372.93;1.90559;BUY
2016-02-03T00:03:01.983000;2016-02-03T00:03:01.980000;73c395df-3871-4ad6-a768-fb46c5353f3e;372.93;1.16602;BUY
2016-02-03T00:03:31.587000;2016-02-03T00:03:31.590000;6fea70df-f63a-43b3-a92a-908cd12ccd70;372.93;0.45099;BUY
2016-02-03T00:04:01.770000;2016-02-03T00:04:01.817000;7fdc6f44-a689-4e78-b209-f75c50b9a69b;372.93;0.1533;BUY
2016-02-03T00:04:31.633000;2016-02-03T00:04:31.690000;fa200212-b277-4278-b1bf-6d68ab194d5e;372.93;2.02283;BUY
2016-02-03T00:05:31.673000;2016-02-03T00:05:31.737000;b08ce624-55f9-43aa-852b-3526bb20d6db;372.93;0.40435;BUY
2016-02-03T00:06:01.817000;2016-02-03T00:06:01.863000;3fe7e6f2-1ce4-4faf-bae2-26924494704a;372.9;0.02;SELL
2016-02-03T00:06:01.817000;2016-02-03T00:06:01.880000;904c8c88-01fe-4178-a62d-e4655a2ee84a;372.9;0.02;SELL
2016-02-03T00:06:01.817000;2016-02-03T00:06:01.880000;d145839f-8d9e-4d31-b5b3-336b3fb39495;372.89;0.099;SELL
2016-02-03T00:06:01.817000;2016-02-03T00:06:01.880000;435e7ef7-a5e1-4f1f-8b09-cdc5921d46d6;372.88;0.01;SELL
2016-02-03T00:06:01.817000;2016-02-03T00:06:01.880000;99c62af8-1281-424e-8999-961002ae1087;372.88;0.01;SELL
2016-02-03T00:06:01.817000;2016-02-03T00:06:01.893000;a53b654e-1633-4814-9b0e-20f154823139;372.88;0.08474;SELL
2016-02-03T00:06:06.247000;2016-02-03T00:06:06.300000;350af0c9-a20c-4b1f-8c0a-28ab0ebd542e;372.9;0.02;BUY
2016-02-03T00:06:06.247000;2016-02-03T00:06:06.317000;92c1091a-411a-46c0-bc9a-d85019947b21;372.93;0.11;BUY
2016-02-03T00:06:34.600000;2016-02-03T00:06:34.643000;a0f8ac25-90be-430c-949e-4b92f60111f3;372.93;1.06567;BUY
2016-02-03T00:07:01.520000;2016-02-03T00:07:01.567000;bdb71e56-0728-4684-90d0-ce39c9e7e475;372.89;0.02;SELL
2016-02-03T00:07:01.520000;2016-02-03T00:07:01.580000;0d79ae43-47b7-4073-ade4-89abe8e7a087;372.88;0.0422;SELL
2016-02-03T00:07:31.720000;2016-02-03T00:07:31.770000;26eedac3-92de-41e6-a08b-872734894c38;372.91;0.02;BUY
2016-02-03T00:07:31.720000;2016-02-03T00:07:31.783000;4d4932b8-c2d3-4e4d-975d-d99feab87824;372.91;0.02;BUY
2016-02-03T00:07:31.720000;2016-02-03T00:07:31.783000;5da3178a-6d2e-479f-9521-97de7dc654cc;372.91;0.30515;BUY
2016-02-03T00:08:01.703000;2016-02-03T00:08:01.753000;794baff3-9549-40c8-82bb-252df8c47938;372.89;0.01188;SELL
2016-02-03T00:08:31.507000;2016-02-03T00:08:31.550000;f1f6fb4b-9013-41f0-ad00-c143bd64ca42;372.93;0.22363018;BUY
2016-02-03T00:08:31.507000;2016-02-03T00:08:31.567000;dff5709a-9e8a-4241-91b9-5bf204db4e15;372.93;0.01;BUY
2016-02-03T00:08:31.507000;2016-02-03T00:08:31.567000;eef82141-0ebc-4bb0-a663-dbf4d2469015;372.94;0.01;BUY
2016-02-03T00:08:31.507000;2016-02-03T00:08:31.567000;43d6dfc6-daed-4c42-8225-685288e3ea12;372.95;0.01;BUY
2016-02-03T00:08:31.507000;2016-02-03T00:08:31.630000;e17ce553-400b-4437-b83c-b44286b95741;372.95;0.01;BUY
2016-02-03T00:08:31.507000;2016-02-03T00:08:31.630000;687b40b0-22df-4441-a419-25bdf8e4520f;372.96;0.01;BUY
2016-02-03T00:08:31.507000;2016-02-03T00:08:31.630000;418b4ddc-97f9-4d9a-acd1-4c09168afdf0;372.97;2.38429982;BUY
2016-02-03T00:09:01.510000;2016-02-03T00:09:01.550000;d5bb0435-973c-45de-bd31-35e2049141ab;372.94;0.02;BUY
2016-02-03T00:09:01.510000;2016-02-03T00:09:01.567000;9a88b5af-c7a1-4a69-826e-c431e09c3830;372.94;0.02;BUY
2016-02-03T00:09:01.510000;2016-02-03T00:09:01.567000;d2e2f5e5-c955-4ddc-9e29-ebc473a3aeab;372.96;0.02;BUY
2016-02-03T00:09:01.510000;2016-02-03T00:09:01.567000;39456b23-669d-41af-b90e-274a61182df6;372.96;0.02;BUY
2016-02-03T00:09:01.510000;2016-02-03T00:09:01.567000;8e70a0e4-ce9c-4eba-94de-5c603886b7ea;372.98;0.01;BUY
2016-02-03T00:09:01.510000;2016-02-03T00:09:01.660000;da8568cf-25d6-48df-8e85-04171c350c50;372.99;0.01;BUY
2016-02-03T00:09:01.510000;2016-02-03T00:09:01.660000;027b68ec-7187-4492-ba7d-5c2621a35468;372.99;0.01;BUY
2016-02-03T00:09:01.510000;2016-02-03T00:09:01.660000;d07f6b45-0337-4919-b321-fd5465084216;372.99;0.39715;BUY
2016-02-03T00:09:31.550000;2016-02-03T00:09:31.597000;572b0ea1-da76-43c3-b940-06c6514f5175;372.97;0.02;BUY
2016-02-03T00:09:31.550000;2016-02-03T00:09:31.597000;a5412efd-8e58-4a97-a3a8-8e2ad262eb69;372.97;0.02;BUY
2016-02-03T00:09:31.550000;2016-02-03T00:09:31.613000;7be389c9-ca31-4002-9723-bff90d8f86e6;372.99;0.16219;BUY
2016-02-03T00:10:01.610000;2016-02-03T00:10:01.643000;6b7dca53-bccd-4262-9cf4-4918f4b888d4;372.95;0.02;SELL
2016-02-03T00:10:01.610000;2016-02-03T00:10:01.677000;8b72aaa7-bdda-4347-aa09-086109da3672;372.95;0.02;SELL
2016-02-03T00:10:01.610000;2016-02-03T00:10:01.677000;80227402-9c29-4681-9ab6-7ab4e1629936;372.93;0.02;SELL
2016-02-03T00:10:01.610000;2016-02-03T00:10:01.677000;5d08bca3-78b2-4f9b-9f30-86e8cd27c49b;372.93;0.02;SELL
2016-02-03T00:10:01.610000;2016-02-03T00:10:01.707000;58f6ab20-e2bc-404d-93d6-5447b8c03a77;372.93;0.122;SELL
2016-02-03T00:10:01.610000;2016-02-03T00:10:01.737000;63ed96ba-7dbe-4ae0-99fe-eed96549ab6b;372.92;0.107;SELL
2016-02-03T00:10:01.610000;2016-02-03T00:10:01.737000;dc0b2554-fed8-412c-a745-2fe26f6967d7;372.91;0.02;SELL
2016-02-03T00:10:01.610000;2016-02-03T00:10:01.737000;069a9049-cb63-4b18-97e4-a7dcb050a496;372.91;0.02;SELL
2016-02-03T00:10:01.610000;2016-02-03T00:10:01.737000;58282de3-c3cf-4e50-91cc-0aa5c68d48e3;372.89;0.00812;SELL
2016-02-03T00:10:01.613000;2016-02-03T00:10:01.737000;10232cef-aa87-4e20-bb81-66a78cc058da;372.89;0.02;SELL
2016-02-03T00:10:01.613000;2016-02-03T00:10:01.770000;c450b38e-9ed5-44bb-9b34-ab1ba618b786;372.89;0.089;SELL
2016-02-03T00:10:01.613000;2016-02-03T00:10:01.770000;0b8378fa-7f58-4de6-bf76-c4b97b53fbab;372.87;0.01;SELL
2016-02-03T00:10:01.613000;2016-02-03T00:10:01.770000;d5d499ca-5b82-4987-8cc4-b567d8c476ed;372.86;0.01;SELL
2016-02-03T00:10:01.613000;2016-02-03T00:10:01.770000;de95543c-aa53-42a2-87ee-fc7d97fe3078;372.86;0.01;SELL
2016-02-03T00:10:01.613000;2016-02-03T00:10:01.770000;1e85aa30-a79e-43f0-8204-4a8dcd879cc5;372.86;0.106;SELL
2016-02-03T00:10:01.613000;2016-02-03T00:10:01.770000;ecfa3411-56ad-4b37-8961-66c277a42c7a;372.85;0.01;SELL
2016-02-03T00:10:01.613000;2016-02-03T00:10:01.770000;7061d254-8ecb-4ea8-8a8b-5e37c907a9b4;372.85;0.01;SELL
2016-02-03T00:10:01.613000;2016-02-03T00:10:01.770000;2c6e5ca4-a002-416d-9bee-a005fcbd334f;372.85;0.01197;SELL
2016-02-03T00:10:31.540000;2016-02-03T00:10:31.567000;2a996015-c9cb-45a8-99df-d408ae94d959;372.92;1.00478;BUY
2016-02-03T00:11:01.607000;2016-02-03T00:11:01.643000;6c1a2b4e-0b8c-43d2-b0d4-94331594bae8;372.92;2.8938;BUY
2016-02-03T00:12:31.467000;2016-02-03T00:12:31.503000;65c3fcdf-ec66-47cb-93f4-8dfc39311bb4;372.91;0.02;SELL
2016-02-03T00:12:31.467000;2016-02-03T00:12:31.520000;31f42274-f65b-4c37-b758-fe0c3b7578e9;372.91;0.0014;SELL
2016-02-03T00:13:01.603000;2016-02-03T00:13:01.630000;47028208-bb0e-4948-babf-896dad9ff4aa;372.92;0.02;BUY
2016-02-03T00:13:01.603000;2016-02-03T00:13:01.660000;c2547d35-0038-41c2-bd32-393101dba534;372.92;0.02;BUY
2016-02-03T00:13:01.603000;2016-02-03T00:13:01.660000;051df1fd-04b5-4f19-b5bf-3d81fd1ae0b4;372.94;0.02;BUY
2016-02-03T00:13:01.603000;2016-02-03T00:13:01.660000;5b2d768c-6c4d-4cad-84fb-1ce62ae9c3fa;372.96;0.02;BUY
2016-02-03T00:13:01.603000;2016-02-03T00:13:01.677000;f7177aa6-644f-435e-aff8-d7939d2d1217;372.99;0.63901;BUY
2016-02-03T00:13:31.943000;2016-02-03T00:13:31.973000;0e1e583e-8d86-412a-a960-0eaf02e91b17;372.97;0.02;BUY
2016-02-03T00:13:31.943000;2016-02-03T00:13:31.987000;31d4e4c0-2de8-4ee8-bf1c-deb9f6ff824d;372.97;0.02;BUY
2016-02-03T00:13:31.943000;2016-02-03T00:13:31.987000;6fde75c2-366d-43b2-ac70-c4eed81e148b;373.0;1.1416;BUY
2016-02-03T00:14:01.553000;2016-02-03T00:14:01.597000;64c65eef-8fcc-4581-9d1c-616061198d78;372.95;0.02;SELL
2016-02-03T00:14:01.553000;2016-02-03T00:14:01.597000;f518fad1-c239-46ae-98e4-9e3e22b86f49;372.94;0.095;SELL
2016-02-03T00:14:01.553000;2016-02-03T00:14:01.643000;7d490c6a-3c7f-4517-8d2f-f7da44947726;372.93;0.02;SELL
2016-02-03T00:14:01.553000;2016-02-03T00:14:01.677000;ff0da039-ba0f-451d-ac1c-f5355540e6e3;372.93;0.02;SELL
2016-02-03T00:14:01.553000;2016-02-03T00:14:01.677000;3886f3c7-6959-40c1-ac5c-08d10898b4dc;372.91;0.02;SELL
2016-02-03T00:14:01.553000;2016-02-03T00:14:01.677000;62544e3b-3efb-4219-a4a7-40ca5e244fc4;372.91;0.02;SELL
2016-02-03T00:14:01.553000;2016-02-03T00:14:01.677000;e1aef8bb-caf9-482f-ba63-7716a8b5313a;372.91;0.122;SELL
2016-02-03T00:14:01.553000;2016-02-03T00:14:01.677000;3300420c-bce1-49f6-8579-b8bc75afcdd7;372.89;0.02;SELL
2016-02-03T00:14:01.553000;2016-02-03T00:14:01.677000;4f2d04e0-e096-4068-bb99-6e6ab9505578;372.88;0.119;SELL
2016-02-03T00:14:01.553000;2016-02-03T00:14:01.677000;5eb1a591-50c5-48bc-9127-d98e8675374c;372.85;0.02;SELL
2016-02-03T00:14:01.553000;2016-02-03T00:14:01.677000;3fafcc28-04af-4f42-a0b5-de5856c59325;372.85;0.128;SELL
2016-02-03T00:14:01.553000;2016-02-03T00:14:01.677000;f036d899-dcea-4c94-a5c5-e45bf9fdfeb3;372.84;0.01;SELL
2016-02-03T00:14:01.553000;2016-02-03T00:14:01.677000;447d7307-5f48-40bd-a0f0-f598076748a0;372.84;0.01;SELL
2016-02-03T00:14:01.557000;2016-02-03T00:14:01.677000;5276ec65-ecff-4837-a696-b5addfeac628;372.83;0.01;SELL
2016-02-03T00:14:01.557000;2016-02-03T00:14:01.677000;c28cd010-644e-45ac-81bf-e0747f5e02ee;372.83;0.24;SELL
2016-02-03T00:14:01.557000;2016-02-03T00:14:01.677000;430a801b-f8c1-4574-a106-63f28d9a44da;372.82;0.01;SELL
2016-02-03T00:14:01.557000;2016-02-03T00:14:01.677000;11a8c219-f978-43db-ad20-3eee5dbaf95a;372.82;0.094;SELL
2016-02-03T00:14:01.557000;2016-02-03T00:14:01.690000;cf1fca6c-04bf-4ef3-baa0-fff0a6339717;372.81;1.92;SELL
2016-02-03T00:14:01.557000;2016-02-03T00:14:01.690000;3f7e3fdb-0c19-481b-b494-0f8a55578c22;372.8;0.0125;SELL
2016-02-03T00:14:01.557000;2016-02-03T00:14:01.690000;2b027842-1547-46c9-8c5d-d66b1bffeb97;372.8;2.88;SELL
2016-02-03T00:14:01.557000;2016-02-03T00:14:01.690000;82b67325-5349-4115-b76a-a2d15e204ba4;372.79;0.097;SELL
2016-02-03T00:14:01.557000;2016-02-03T00:14:01.690000;2ebe1c34-1fc5-422a-a797-f09810bdfed0;372.79;1.27679;SELL
2016-02-03T00:14:32.550000;2016-02-03T00:14:32.583000;bb708555-9f9e-4497-aec9-9e6a5555f798;372.9;0.02;BUY
2016-02-03T00:14:32.550000;2016-02-03T00:14:32.597000;916ff4a6-aaea-46e7-b141-0ef35d4da6e2;372.91;0.02;BUY
2016-02-03T00:14:32.550000;2016-02-03T00:14:32.597000;0a236482-e2d9-4287-b5a8-3dfd239c09a2;372.92;0.02;BUY
2016-02-03T00:14:32.550000;2016-02-03T00:14:32.597000;8234c891-4cdc-411f-9c20-7e740aaf93fe;372.93;0.02;BUY
2016-02-03T00:14:32.550000;2016-02-03T00:14:32.597000;277c07b1-3b91-4fe5-9379-34930a3a782a;372.93;0.24;BUY
2016-02-03T00:14:32.550000;2016-02-03T00:14:32.660000;c47d1882-e853-4cfe-9fe6-c685e28f5f28;372.94;0.02;BUY
2016-02-03T00:14:32.550000;2016-02-03T00:14:32.660000;7700644c-ea48-4a26-9d5d-d5c1504afcc8;372.94;0.72414;BUY
2016-02-03T00:14:43.503000;2016-02-03T00:14:43.520000;bed7dd64-356e-48cf-9a99-9302de6d2a29;372.92;0.02;BUY
2016-02-03T00:14:43.503000;2016-02-03T00:14:43.550000;3b885eb7-ab36-4848-b5fa-f63e7ad1cdec;372.95;0.02;BUY
2016-02-03T00:14:43.503000;2016-02-03T00:14:43.550000;b0221987-4d1c-4559-a267-1a5d1acd9e84;372.96;0.02;BUY
2016-02-03T00:14:43.503000;2016-02-03T00:14:43.550000;ba3a0707-2531-41da-b03a-5371ee8abd03;372.97;0.07;BUY
2016-02-03T00:15:14.170000;2016-02-03T00:15:14.207000;806789e2-ee01-47c9-a7f6-494cb1ff9c89;372.95;0.02;BUY
2016-02-03T00:15:14.170000;2016-02-03T00:15:14.207000;e542afd4-05f9-44a2-b8a5-f15033caebd1;372.95;0.02;BUY
2016-02-03T00:15:14.170000;2016-02-03T00:15:14.207000;b893a10d-a408-4108-8dec-28861456ae1a;372.97;0.01853;BUY
2016-02-03T00:15:31.650000;2016-02-03T00:15:31.677000;d2b96668-a2bc-432c-985f-291ef79e08b8;372.95;0.02;BUY
2016-02-03T00:15:31.650000;2016-02-03T00:15:31.690000;1a858bdc-4710-49e1-b683-d333ac89fb63;372.95;0.02;BUY
2016-02-03T00:15:31.650000;2016-02-03T00:15:31.690000;1d62e3ac-dd5a-4359-bc6a-ed324f8daea1;372.98;0.02;BUY
2016-02-03T00:15:31.650000;2016-02-03T00:15:31.690000;145914ac-9cee-40d8-ab1e-da94c9892417;372.99;0.0779;BUY
2016-02-03T00:15:38.043000;2016-02-03T00:15:38.067000;65547627-6508-439f-91ff-197f95c80d91;372.97;0.02;BUY
2016-02-03T00:15:38.043000;2016-02-03T00:15:38.097000;8c7ce300-bed2-4ab8-96ad-fa5bebe4ac0b;372.97;0.02;BUY
2016-02-03T00:16:01.540000;2016-02-03T00:16:01.567000;e6fa4b58-2505-4a93-a637-d534533a5ede;372.99;0.0131;BUY
2016-02-03T00:16:01.540000;2016-02-03T00:16:01.583000;ce0abda4-57b3-4d0a-b128-f9252b179144;373.0;0.2;BUY
2016-02-03T00:16:01.540000;2016-02-03T00:16:01.613000;530c5275-6b60-4a1e-986a-d3bc042a5940;373.01;0.36512;BUY
2016-02-03T00:16:15.473000;2016-02-03T00:16:15.503000;86041a9e-033f-4df5-85ec-cb4231afba38;372.99;0.02;BUY
2016-02-03T00:16:15.473000;2016-02-03T00:16:15.520000;e59b7d46-0fd1-47b2-96cd-5ca61bda12c9;372.99;0.02;BUY
2016-02-03T00:16:31.473000;2016-02-03T00:16:31.503000;39d018a9-3687-416e-9f66-f5bc49778565;372.99;1.15513367;BUY
2016-02-03T00:16:31.590000;2016-02-03T00:16:31.613000;5dda0a35-6a5f-4934-9775-e8e24ba669cf;372.99;0.36719;BUY
2016-02-03T00:16:32.403000;2016-02-03T00:16:32.427000;50a5777e-9bd7-43e3-9773-aaaed1d7847b;372.99;1.15513367;BUY
2016-02-03T00:16:32.673000;2016-02-03T00:16:32.690000;8d5011f0-fd1b-4188-8ce0-b875396069d3;372.99;1.15513367;BUY
2016-02-03T00:16:32.933000;2016-02-03T00:16:32.957000;d5e749d3-5839-46a4-9148-9855fcef4921;372.99;1.15513367;BUY
2016-02-03T00:16:33.197000;2016-02-03T00:16:33.223000;f0dc7061-a660-4bce-ad52-9401dc767bd3;372.99;1.15513367;BUY
2016-02-03T00:17:33.360000;2016-02-03T00:17:33.380000;5aebe5d2-7f44-43cd-a985-41a398026132;372.99;0.92902;BUY
2016-02-03T00:18:00.077000;2016-02-03T00:18:00.097000;24cdd3b5-0fbd-4021-b5a0-561ef8a1815b;372.99;0.25;BUY
2016-02-03T00:18:00.573000;2016-02-03T00:18:00.597000;e883de71-6d7d-4c41-be42-060e5713819f;372.97;0.02;SELL
2016-02-03T00:18:00.573000;2016-02-03T00:18:00.613000;d22c798f-1085-49d5-abfb-25310f672375;372.97;0.02;SELL
2016-02-03T00:18:00.573000;2016-02-03T00:18:00.613000;b5a97cb9-a3c1-4260-915c-934e5ce9e12e;372.96;0.18;SELL
2016-02-03T00:18:00.573000;2016-02-03T00:18:00.613000;a803d92c-7839-48c0-b7e5-03b41b1bed3f;372.95;0.02;SELL
2016-02-03T00:18:00.573000;2016-02-03T00:18:00.613000;692eee03-f901-4b36-aa06-3db6ab64f65c;372.95;0.02;SELL
2016-02-03T00:18:00.573000;2016-02-03T00:18:00.613000;096db122-613c-437a-aa11-fc766ba85677;372.95;0.104;SELL
2016-02-03T00:18:00.573000;2016-02-03T00:18:00.630000;9717c840-47b7-489c-a0d9-8f08454a11d6;372.94;0.081;SELL
2016-02-03T00:18:00.573000;2016-02-03T00:18:00.630000;d4ff69c9-75e1-4748-937e-10e48f515c8e;372.93;0.02;SELL
2016-02-03T00:18:00.573000;2016-02-03T00:18:00.630000;1f567e59-8edd-4121-8c4d-caac9d8d484b;372.93;0.02;SELL
2016-02-03T00:18:00.573000;2016-02-03T00:18:00.630000;98f6f3ae-3218-41d5-9051-31e1fbee1230;372.93;1.15513367;SELL
2016-02-03T00:18:00.573000;2016-02-03T00:18:00.660000;e82f646b-ca1c-4929-8ee5-60e4acc3b312;372.92;0.086;SELL
2016-02-03T00:18:00.573000;2016-02-03T00:18:00.660000;d934daf5-9403-4266-b44e-10527cf85342;372.91;0.02;SELL
2016-02-03T00:18:00.573000;2016-02-03T00:18:00.660000;d97ea3f5-a20a-4c6f-8b75-6e5cd1cc8be3;372.91;0.02;SELL
2016-02-03T00:18:00.573000;2016-02-03T00:18:00.660000;54ea2b46-f8de-410c-af5e-cd392dc17d3b;372.89;0.02;SELL
2016-02-03T00:18:00.573000;2016-02-03T00:18:00.660000;eba3c177-d9a9-48d8-91b9-386cab5ad3fa;372.89;0.093;SELL
2016-02-03T00:18:00.573000;2016-02-03T00:18:00.660000;8bcdb860-3a7f-44db-b791-f23227bb3874;372.88;0.129;SELL
2016-02-03T00:18:00.573000;2016-02-03T00:18:00.660000;c063b68d-e061-4b59-bba2-30a7bda462d7;372.87;0.02;SELL
2016-02-03T00:18:00.573000;2016-02-03T00:18:00.660000;7310f8f1-eb26-4c10-8130-494f9bd12fb4;372.87;0.02;SELL
2016-02-03T00:18:00.573000;2016-02-03T00:18:00.677000;ea3c5a46-640c-4dbc-ba1f-b2b81f3d7b5c;372.85;0.02;SELL
2016-02-03T00:18:00.573000;2016-02-03T00:18:00.707000;e8d626bc-42bc-4b62-a6c9-29b8c7f480aa;372.85;0.02;SELL
2016-02-03T00:18:00.577000;2016-02-03T00:18:00.707000;164b40be-4403-45f0-a41d-b05f31b98040;372.85;0.102;SELL
2016-02-03T00:18:00.577000;2016-02-03T00:18:00.707000;a1f1b62b-705d-4b57-b0f5-bac69edbc99b;372.84;1.15513367;SELL
2016-02-03T00:18:00.577000;2016-02-03T00:18:00.707000;cb1430af-ec82-4a61-a1ae-393ec484ec0a;372.83;0.02;SELL
2016-02-03T00:18:00.577000;2016-02-03T00:18:00.707000;215deaf6-8772-4db1-9b9a-0c5934161a31;372.83;0.02;SELL
2016-02-03T00:18:00.577000;2016-02-03T00:18:00.707000;1dd02752-c8e0-404b-89f7-225bf84086ce;372.83;0.115;SELL
2016-02-03T00:18:00.577000;2016-02-03T00:18:00.707000;6a2192ae-ba6e-4a56-b498-ce5bbd7730f7;372.81;0.02;SELL
2016-02-03T00:18:00.577000;2016-02-03T00:18:00.707000;d030ed89-6a52-4d2a-aa44-2836be5023ee;372.81;1.44;SELL
2016-02-03T00:18:00.577000;2016-02-03T00:18:00.707000;520e0d2e-4f89-4300-8d64-5f2e47accc26;372.8;0.073;SELL
2016-02-03T00:18:00.577000;2016-02-03T00:18:00.707000;abd8a560-270a-4617-bd58-277dde343cd2;372.8;2.64;SELL
2016-02-03T00:18:00.577000;2016-02-03T00:18:00.707000;695f5698-87e3-4b22-b1e7-70986e526d63;372.79;9.38625;SELL
2016-02-03T00:18:00.577000;2016-02-03T00:18:00.707000;45a53c40-ef06-49e4-83a6-dbaa28f7c026;372.77;0.122;SELL
2016-02-03T00:18:00.577000;2016-02-03T00:18:00.707000;22d294aa-c4d8-40ed-bce4-d2816b3f01ad;372.75;1.15513367;SELL
2016-02-03T00:18:00.577000;2016-02-03T00:18:00.707000;7f1ceef9-6adc-47a6-bcc8-b0fdd6163e56;372.74;0.103;SELL
2016-02-03T00:18:00.577000;2016-02-03T00:18:00.707000;feb92acd-a677-4d91-8f0d-8f07cc6bf940;372.71;0.124;SELL
2016-02-03T00:18:00.577000;2016-02-03T00:18:00.707000;484b440d-e8f2-44dd-ae75-f9875ab574f5;372.68;0.113;SELL
2016-02-03T00:18:00.577000;2016-02-03T00:18:00.707000;91ee47b6-dc0d-4281-9580-1c03f553e1c6;372.66;1.15513367;SELL
2016-02-03T00:18:00.577000;2016-02-03T00:18:00.707000;44e0ab58-360d-4633-aa98-adceda5ea288;372.65;0.02;SELL
2016-02-03T00:18:00.577000;2016-02-03T00:18:00.707000;11daf6f2-3640-42a2-a5f1-514612c77a49;372.65;0.082;SELL
2016-02-03T00:18:00.577000;2016-02-03T00:18:00.737000;32900d5f-8e62-44f1-a114-5302d03ed65a;372.63;0.48;SELL
2016-02-03T00:18:00.577000;2016-02-03T00:18:00.737000;451d4e14-817e-44b1-a0c9-0d808fd8e5f1;372.62;0.106;SELL
2016-02-03T00:18:00.577000;2016-02-03T00:18:00.737000;9e4caa13-bbba-4d39-8d27-81b1ce25e4d9;372.6;0.48;SELL
2016-02-03T00:18:00.577000;2016-02-03T00:18:00.737000;e13bb2cf-a8db-4275-b4c9-9cafda7e98d0;372.59;0.116;SELL
2016-02-03T00:18:00.580000;2016-02-03T00:18:00.737000;ff92695a-ea44-4d53-943a-6d755a6ab967;372.59;0.84478884;SELL
2016-02-03T00:18:01.703000;2016-02-03T00:18:01.737000;501be2df-f4d2-4178-a2e7-94d40606389b;372.98;1.74845;BUY
2016-02-03T00:18:33.840000;2016-02-03T00:18:33.847000;ac276293-dd50-48d1-8a62-82ec5b8b2e8e;372.83;0.0164;BUY
2016-02-03T00:19:01.677000;2016-02-03T00:19:01.707000;6317dca8-0d5b-40d1-a1eb-8e7a66b68844;372.83;0.0036;BUY
2016-02-03T00:19:01.677000;2016-02-03T00:19:01.707000;c2c52172-f904-4e9e-a627-f4f914067437;372.83;0.02;BUY
2016-02-03T00:19:01.677000;2016-02-03T00:19:01.707000;d6a82b76-5f06-4817-b2e5-0e5dabb67845;372.83;2.39623;BUY
2016-02-03T00:19:31.583000;2016-02-03T00:19:31.630000;53c2908c-a967-4ef5-8b71-75ea51f8e4ed;372.82;0.02;SELL
2016-02-03T00:19:31.583000;2016-02-03T00:19:31.630000;28fc4ee3-decc-4e87-9275-eec7d8e86a7c;372.82;0.08;SELL
2016-02-03T00:19:31.583000;2016-02-03T00:19:31.660000;1fb4bd6b-32fe-4fe1-8fea-f28b36fa0325;372.81;0.02;SELL
2016-02-03T00:19:31.583000;2016-02-03T00:19:31.660000;de346617-8755-42f9-a2ef-601b29190453;372.8;0.02;SELL
2016-02-03T00:19:31.583000;2016-02-03T00:19:31.677000;c7246b83-b8be-44fc-af5b-68dee4b234f8;372.8;0.02;SELL
2016-02-03T00:19:31.583000;2016-02-03T00:19:31.677000;3bb34e6d-917b-46ee-a110-6bda7382541d;372.79;0.02;SELL
2016-02-03T00:19:31.583000;2016-02-03T00:19:31.677000;dae41845-03d6-401d-80c6-2285ba492ffb;372.79;0.095;SELL
2016-02-03T00:19:31.583000;2016-02-03T00:19:31.677000;73fd0f33-f093-4e8e-ae9e-5d6233f081f3;372.78;0.02;SELL
2016-02-03T00:19:31.587000;2016-02-03T00:19:31.677000;0c1dc1cb-e3a9-476c-a4b0-bc073c5ec40b;372.78;0.02;SELL
2016-02-03T00:19:31.587000;2016-02-03T00:19:31.677000;9c39875f-7b65-4d1b-85c9-c874349d10a0;372.77;0.02;SELL
2016-02-03T00:19:31.587000;2016-02-03T00:19:31.677000;bec44bc8-4014-45b5-95b3-d8bf800d6cc5;372.76;0.02;SELL
2016-02-03T00:19:31.587000;2016-02-03T00:19:31.677000;2506af4a-b9b1-4406-aa1c-187fdbf07c19;372.76;0.02;SELL
2016-02-03T00:19:31.587000;2016-02-03T00:19:31.677000;218b16e4-02ad-4e3c-b225-5046f7ed45e1;372.76;0.087;SELL
2016-02-03T00:19:31.587000;2016-02-03T00:19:31.677000;4f75aaa1-a58c-4f98-bb80-3c8be487d227;372.75;0.02;SELL
2016-02-03T00:19:31.587000;2016-02-03T00:19:31.740000;b6e02513-0175-4c89-80c0-0f6e10d979c4;372.75;0.02;SELL
2016-02-03T00:19:31.587000;2016-02-03T00:19:31.740000;03e667ef-2cb9-4e82-b2df-0b2946501c54;372.74;0.02;SELL
2016-02-03T00:19:31.587000;2016-02-03T00:19:31.740000;a4efdd77-b978-4a61-bf36-aa1cbbdec8eb;372.74;0.02;SELL
2016-02-03T00:19:31.587000;2016-02-03T00:19:31.740000;df2c569d-30c3-420e-8301-1d2a124eaa2b;372.73;0.02;SELL
2016-02-03T00:19:31.587000;2016-02-03T00:19:31.740000;813accd6-136e-45d5-8663-a1bf418eca45;372.73;0.08;SELL
2016-02-03T00:19:31.587000;2016-02-03T00:19:31.740000;d091ab8b-360a-42bf-932c-642e3f95a8f6;372.71;0.48;SELL
2016-02-03T00:19:31.587000;2016-02-03T00:19:31.740000;174c6025-a729-4736-b321-bb55b07e8253;372.7;0.098;SELL
2016-02-03T00:19:31.587000;2016-02-03T00:19:31.740000;df9ff905-1bd2-4620-a0be-a978bad931b9;372.68;1.16369;SELL
2016-02-03T00:20:01.533000;2016-02-03T00:20:01.583000;36c1292e-c87c-4d78-86be-558ade93c21d;372.74;0.24;SELL
2016-02-03T00:20:01.533000;2016-02-03T00:20:01.597000;761c8cd3-095a-4bd6-b0de-8573cba7dd11;372.73;0.02;SELL
2016-02-03T00:20:01.537000;2016-02-03T00:20:01.597000;393f6acd-20f1-4f4e-82ec-55bf2bd010f4;372.73;0.13906;SELL
2016-02-03T00:20:32.217000;2016-02-03T00:20:32.270000;db2575c1-276e-4471-a656-6fd7fe8c7195;372.82;0.02;BUY
2016-02-03T00:20:32.217000;2016-02-03T00:20:32.270000;26bd1939-0302-416e-bf7b-aa552eb0665b;372.83;0.02;BUY
2016-02-03T00:20:32.217000;2016-02-03T00:20:32.270000;14420741-e105-4d9d-8ef5-e6b35c707ec1;372.83;0.02;BUY
2016-02-03T00:20:32.217000;2016-02-03T00:20:32.270000;49809511-c99c-42dd-a5c9-84844af0fc8e;372.84;0.02;BUY
2016-02-03T00:20:32.217000;2016-02-03T00:20:32.287000;001f1ba1-d28c-4316-a393-2183f208b920;372.84;0.02;BUY
2016-02-03T00:20:32.217000;2016-02-03T00:20:32.287000;fab6a8b4-f379-4bd0-927c-56336f82e66c;372.86;0.02;BUY
2016-02-03T00:20:32.217000;2016-02-03T00:20:32.287000;4d9d4e35-7553-44b2-9451-c3729a01471f;372.86;0.02;BUY
2016-02-03T00:20:32.217000;2016-02-03T00:20:32.287000;f6bbfdf5-138f-433c-919d-0d1b4915a84d;372.87;0.02;BUY
2016-02-03T00:20:32.217000;2016-02-03T00:20:32.287000;6dda8310-a85c-482e-af93-3f0e2aacc574;372.87;0.02;BUY
2016-02-03T00:20:32.217000;2016-02-03T00:20:32.287000;666a9df3-8ce1-4b19-a8e8-d9ad90a82849;372.88;0.02;BUY
2016-02-03T00:20:32.217000;2016-02-03T00:20:32.300000;5124a143-6853-48d7-b6f9-280aad4acac5;372.89;0.02;BUY
2016-02-03T00:20:32.217000;2016-02-03T00:20:32.300000;e8d31902-226a-405a-ab95-13647b7f921c;372.89;0.02;BUY
2016-02-03T00:20:32.217000;2016-02-03T00:20:32.300000;001e1a28-8bd9-48c4-9872-177f1c9b2464;372.9;0.02;BUY
2016-02-03T00:20:32.217000;2016-02-03T00:20:32.300000;9f163990-5cdf-4b7a-a7cb-e9029c6566c8;372.93;0.2735;BUY
2016-02-03T00:21:01.580000;2016-02-03T00:21:01.613000;7797281d-87ae-43c6-975f-c5816b9baacd;372.8;0.02;SELL
2016-02-03T00:21:01.580000;2016-02-03T00:21:01.643000;e8ac14e6-ee2b-4b7a-8b8a-bc6d61dbc235;372.8;0.092;SELL
2016-02-03T00:21:01.580000;2016-02-03T00:21:01.643000;d3513636-15c7-4edb-9bf1-54dea95c3cd0;372.79;0.02;SELL
2016-02-03T00:21:01.583000;2016-02-03T00:21:01.660000;4b5c7c61-da83-4978-ab2e-6bb608419922;372.78;0.02;SELL
2016-02-03T00:21:01.583000;2016-02-03T00:21:01.660000;98b6b65c-7d14-4872-a022-dc332b930565;372.77;0.02;SELL
2016-02-03T00:21:01.583000;2016-02-03T00:21:01.660000;85718b17-34c8-4875-af26-715b8e86c6e1;372.77;0.087;SELL
2016-02-03T00:21:01.583000;2016-02-03T00:21:01.660000;55e6dd74-1908-4b2a-87cf-d3d2fe28a862;372.75;0.02;SELL
2016-02-03T00:21:01.583000;2016-02-03T00:21:01.660000;046872bb-522a-4498-a24a-b8daf2b688b4;372.75;0.03;SELL
2016-02-03T00:21:01.583000;2016-02-03T00:21:01.660000;533450aa-8e51-4e41-8061-3f3771a043ff;372.74;0.116;SELL
2016-02-03T00:21:01.583000;2016-02-03T00:21:01.660000;c08415af-40cb-44a2-9f2f-ea87bb10e9b0;372.71;0.095;SELL
2016-02-03T00:21:01.583000;2016-02-03T00:21:01.660000;83123463-973c-4e86-865b-f84235d9d51c;372.7;0.26105;SELL
2016-02-03T00:21:32.027000;2016-02-03T00:21:32.067000;d5e4ba6c-b647-4462-8376-77e777b92061;372.77;0.02;BUY
2016-02-03T00:21:32.027000;2016-02-03T00:21:32.083000;98cfd89c-ebac-4028-91cb-758fa874fb9e;372.78;0.02;BUY
2016-02-03T00:21:32.027000;2016-02-03T00:21:32.083000;00955919-9b65-44bb-988a-5bda590ee4a4;372.78;0.02;BUY
2016-02-03T00:21:32.027000;2016-02-03T00:21:32.083000;9602c5a4-289f-4ced-a945-c0c889f35385;372.79;0.02;BUY
2016-02-03T00:21:32.027000;2016-02-03T00:21:32.097000;c30ae04f-e6d9-4d19-a01c-e54e3b8779a6;372.79;0.02;BUY
2016-02-03T00:21:32.027000;2016-02-03T00:21:32.177000;3fd0f0d1-2cb1-47ff-8220-7351d09ac886;372.8;0.02;BUY
2016-02-03T00:21:32.027000;2016-02-03T00:21:32.177000;e0b8ab35-9e91-4b45-9418-a324346c5735;372.8;0.02;BUY
2016-02-03T00:21:32.027000;2016-02-03T00:21:32.177000;0f5a563b-e152-4816-a6ac-561c5f56a501;372.81;0.02;BUY
2016-02-03T00:21:32.027000;2016-02-03T00:21:32.177000;bfccaffa-8879-4bca-a216-3cab3a7c5e45;372.81;0.02;BUY
2016-02-03T00:21:32.030000;2016-02-03T00:21:32.177000;b5a9e888-aa02-4f46-869a-0939d9ca0f66;372.82;0.02;BUY
2016-02-03T00:21:32.030000;2016-02-03T00:21:32.177000;31cc6b73-1725-49c8-9895-3a05e0891e40;372.84;0.47786;BUY
2016-02-03T00:22:01.993000;2016-02-03T00:22:02.037000;8aaf25f7-4d5e-45de-90c9-49ac1e679f8a;372.81;0.02;BUY
2016-02-03T00:22:01.993000;2016-02-03T00:22:02.050000;320243af-f180-4d3f-8533-e3fc8dd2bf7f;372.81;0.02;BUY
2016-02-03T00:22:01.993000;2016-02-03T00:22:02.050000;9f13873c-a4e3-4646-9105-08a637aeabfd;372.82;0.02;BUY
2016-02-03T00:22:01.993000;2016-02-03T00:22:02.050000;925e9c7e-23c6-41e4-8b16-18aa3039df2e;372.82;0.02;BUY
2016-02-03T00:22:01.993000;2016-02-03T00:22:02.067000;c07f32f8-a2fe-4c1d-a28a-6ed30890d6c8;372.83;0.02;BUY
2016-02-03T00:22:01.997000;2016-02-03T00:22:02.143000;403fdb6d-6fc0-4704-b2b9-0a009b4bb40c;372.83;0.02;BUY
2016-02-03T00:22:01.997000;2016-02-03T00:22:02.143000;c7c4b7cb-f918-4984-a02f-9c9886831cf1;372.86;0.20411;BUY
2016-02-03T00:22:34.133000;2016-02-03T00:22:34.177000;6c1534ac-ba4c-455f-b308-cbcd75b22e8e;372.83;0.02;BUY
2016-02-03T00:22:34.133000;2016-02-03T00:22:34.177000;8b9192e9-51c8-465f-99c1-f4c7c76ccad8;372.84;0.24;BUY
2016-02-03T00:22:34.133000;2016-02-03T00:22:34.190000;b6e4c704-112d-4ab1-a38c-fbe4b6e9170c;372.85;0.02;BUY
2016-02-03T00:22:34.133000;2016-02-03T00:22:34.190000;e35a8fd3-f529-4128-9ea9-2a1a3cef7347;372.85;0.04063;BUY
2016-02-03T00:22:54.400000;2016-02-03T00:22:54.443000;d70f52a0-ab51-4d88-996d-f34cadf9a7e1;372.85;0.02;BUY
2016-02-03T00:22:54.400000;2016-02-03T00:22:54.457000;72bee8de-02a4-44cd-b4ee-343043cd2d40;372.86;0.02;BUY
2016-02-03T00:22:54.403000;2016-02-03T00:22:54.457000;8571478a-d82f-44d0-9ec3-f8c3ade6d68e;372.88;0.02;BUY
2016-02-03T00:22:54.403000;2016-02-03T00:22:54.457000;fa754c94-27e3-460e-b3ac-5820e43c80d0;372.9;2.44;BUY
2016-02-03T00:23:31.783000;2016-02-03T00:23:31.817000;556d2a22-25b5-49e5-8e16-83dda1370a6b;372.91;0.02;BUY
2016-02-03T00:23:31.783000;2016-02-03T00:23:31.833000;16b2c3ff-c95a-42e3-991d-6a854c73a4c8;372.91;0.02;BUY
2016-02-03T00:23:31.783000;2016-02-03T00:23:31.833000;d4b9d536-a0b9-435c-8fc5-b78530bcf341;372.93;0.05381;BUY
2016-02-03T00:24:01.733000;2016-02-03T00:24:01.770000;cfb2fa7f-666b-4c7c-ad1f-57907da9aade;372.92;0.24;BUY
2016-02-03T00:24:01.733000;2016-02-03T00:24:01.787000;16244139-9bce-4fb7-8117-126c535750e9;372.92;0.18;BUY
2016-02-03T00:24:01.733000;2016-02-03T00:24:01.787000;9c45e208-d59e-4285-a038-36e9947b2d7b;372.93;0.48;BUY
2016-02-03T00:24:01.733000;2016-02-03T00:24:01.787000;d1639b5b-7a6a-431c-b325-5f39e2487d2d;372.94;0.02;BUY
2016-02-03T00:24:01.733000;2016-02-03T00:24:01.787000;8c6ca9dd-78ef-4a54-b51b-088fbf3821f8;372.94;0.69682;BUY
2016-02-03T00:24:31.687000;2016-02-03T00:24:31.723000;0292c932-42c8-4c21-9742-5742f4e1ca0c;372.85;0.02;SELL
2016-02-03T00:24:31.687000;2016-02-03T00:24:31.740000;6c0f5cba-e705-43a8-a9d0-acde7fa7482a;372.84;0.02;SELL
2016-02-03T00:24:31.687000;2016-02-03T00:24:31.740000;c32b0945-e6d6-4069-aac0-c8d5bc24dbb7;372.84;0.117;SELL
2016-02-03T00:24:31.687000;2016-02-03T00:24:31.740000;8794b418-6df4-46ef-a3a5-0a81f93e5957;372.83;0.02;SELL
2016-02-03T00:24:31.687000;2016-02-03T00:24:31.753000;8c10a9dd-c44c-4157-8827-f64e342ddf96;372.82;0.02;SELL
2016-02-03T00:24:31.687000;2016-02-03T00:24:31.800000;623cb4e7-0939-49bf-b9dc-4f7a5bb8c346;372.81;0.02;SELL
2016-02-03T00:24:31.687000;2016-02-03T00:24:31.817000;34e7bf77-2b90-4070-963c-97853f575033;372.81;0.112;SELL
2016-02-03T00:24:31.687000;2016-02-03T00:24:31.817000;2d170f34-91b0-499c-a401-188b14fe3367;372.8;0.02;SELL
2016-02-03T00:24:31.687000;2016-02-03T00:24:31.817000;b6031b48-6600-409d-a641-e5d14b20633a;372.79;0.02;SELL
2016-02-03T00:24:31.687000;2016-02-03T00:24:31.817000;78b2079e-3116-4c5c-9512-2d1bde8fb467;372.79;0.00472;SELL
2016-02-03T00:25:31.673000;2016-02-03T00:25:31.693000;c035bfe6-7384-4910-874c-586774a8f934;372.9;0.87058;BUY
2016-02-03T00:26:01.680000;2016-02-03T00:26:01.707000;afadf547-b0ea-482a-acf1-6dfad621bc80;372.79;0.01528;SELL
2016-02-03T00:26:01.680000;2016-02-03T00:26:01.723000;2240b053-fb39-4cad-8fb5-f47587a1912c;372.79;0.03914;SELL
2016-02-03T00:26:20.853000;2016-02-03T00:26:20.893000;a25c40cd-4d85-4c18-bcb8-50c0b225859e;372.85;0.01;BUY
2016-02-03T00:26:31.600000;2016-02-03T00:26:31.643000;b6cb82bb-b708-48f8-906c-a20d6f86382d;372.85;0.01;BUY
2016-02-03T00:26:31.600000;2016-02-03T00:26:31.643000;5da15247-6b40-4022-92b9-c826917888fb;372.85;0.02;BUY
2016-02-03T00:26:31.600000;2016-02-03T00:26:31.643000;c1d3387b-c327-4c69-b6f2-6d3010e1614a;372.86;0.02;BUY
2016-02-03T00:26:31.600000;2016-02-03T00:26:31.660000;b4e2369e-701f-4ed4-a0c4-08ae3482188a;372.86;0.02;BUY
2016-02-03T00:26:31.600000;2016-02-03T00:26:31.660000;06ddc124-dfa7-4143-8402-562e87edbc21;372.87;0.02;BUY
2016-02-03T00:26:31.600000;2016-02-03T00:26:31.660000;3283f355-d5b0-4266-9716-cb8a1bcd9519;372.88;0.00102;BUY
2016-02-03T00:28:01.787000;2016-02-03T00:28:01.800000;f0d4d3a7-9c59-4975-9c57-275b26bc55b0;372.86;0.02;BUY
2016-02-03T00:28:01.787000;2016-02-03T00:28:01.817000;8201c657-84d7-4fa8-b277-b42b13faa55b;372.88;0.01898;BUY
2016-02-03T00:28:01.787000;2016-02-03T00:28:01.817000;ac216062-9a78-4fb8-b453-fccc924165e5;372.88;0.02;BUY
2016-02-03T00:28:01.790000;2016-02-03T00:28:01.817000;d77233c9-b6a6-416b-b94e-fec2ea80d08b;372.94;0.00715;BUY
2016-02-03T00:28:31.807000;2016-02-03T00:28:31.833000;097c7d00-911d-418e-adde-0ac527951e85;372.88;0.01195;SELL
2016-02-03T00:29:01.630000;2016-02-03T00:29:01.643000;f5b5afc4-bcac-41bd-86d9-d354e9dd6d15;372.88;0.00805;SELL
2016-02-03T00:29:01.630000;2016-02-03T00:29:01.660000;a4b190c9-cc16-40a1-bda1-dfa2a3adf70c;372.88;0.118;SELL
2016-02-03T00:29:01.630000;2016-02-03T00:29:01.660000;f851eba7-9486-4c8d-8a2a-574ace102c75;372.88;0.02;SELL
2016-02-03T00:29:01.630000;2016-02-03T00:29:01.660000;6bb3d799-dd4b-4e1e-84d4-19c24b07ac87;372.88;0.70147787;SELL
2016-02-03T00:29:01.630000;2016-02-03T00:29:01.693000;1126e4c1-f6d7-4537-87ab-47aae07f17d5;372.87;0.02;SELL
2016-02-03T00:29:01.630000;2016-02-03T00:29:01.693000;8d750b62-39b2-49bd-bb75-ef5bc4c82cf1;372.86;0.02;SELL
2016-02-03T00:29:01.630000;2016-02-03T00:29:01.693000;e7a3a488-62ea-467b-8585-f1969c29e36d;372.86;0.02;SELL
2016-02-03T00:29:01.630000;2016-02-03T00:29:01.693000;7f2dd875-ee35-42b4-ae13-682514a75572;372.85;0.02;SELL
2016-02-03T00:29:01.630000;2016-02-03T00:29:01.693000;2efd3cd8-7eec-4cc0-9b3b-3779099f3943;372.85;0.098;SELL
2016-02-03T00:29:01.633000;2016-02-03T00:29:01.693000;60873a75-5556-4904-9c37-ab4dacb2a1a8;372.85;0.21;SELL
2016-02-03T00:29:01.633000;2016-02-03T00:29:01.693000;8715033c-d105-4e7c-96ba-068aba015540;372.84;0.02;SELL
2016-02-03T00:29:01.633000;2016-02-03T00:29:01.693000;18766f81-4d07-43bb-8fe9-fb7d33438e92;372.83;0.02;SELL
2016-02-03T00:29:01.633000;2016-02-03T00:29:01.740000;5627b60f-ccc5-4777-82ed-a3de6a453101;372.83;0.02;SELL
2016-02-03T00:29:01.633000;2016-02-03T00:29:01.753000;7a2cd103-9f6d-4c8b-8d73-78c77d29f1a1;372.82;0.02;SELL
2016-02-03T00:29:01.633000;2016-02-03T00:29:01.753000;72640fb1-748b-4e01-9b7c-80877f77375e;372.82;0.02;SELL
2016-02-03T00:29:01.633000;2016-02-03T00:29:01.753000;0ae16a8b-f73a-4e46-b88c-a94e8ddd4eba;372.82;0.078;SELL
2016-02-03T00:29:01.633000;2016-02-03T00:29:01.753000;ea3253c5-40de-4d86-9a73-51b27ad936df;372.81;0.02;SELL
2016-02-03T00:29:01.633000;2016-02-03T00:29:01.753000;6f3d0583-14f2-4a04-91ed-fade68098777;372.81;0.291;SELL
2016-02-03T00:29:01.633000;2016-02-03T00:29:01.753000;1fc5233c-9caa-45f9-8416-4b6b50bf303d;372.8;0.02;SELL
2016-02-03T00:29:01.633000;2016-02-03T00:29:01.753000;38f5bd42-c9ef-45b0-ada4-ad58ce83893e;372.8;0.02;SELL
2016-02-03T00:29:01.633000;2016-02-03T00:29:01.753000;c63d4fce-7c67-400f-b1e8-24fb1cf72ea2;372.78;0.02;SELL
2016-02-03T00:29:01.633000;2016-02-03T00:29:01.753000;21d023f6-7055-419f-951d-cc727cfa37e4;372.78;0.02;SELL
2016-02-03T00:29:01.633000;2016-02-03T00:29:01.753000;6f058701-eb28-4159-a96f-74d09055bcb3;372.78;0.317;SELL
2016-02-03T00:29:01.633000;2016-02-03T00:29:01.753000;f84c45a4-f8d0-4b20-8bfa-ffb20cf65dc4;372.77;0.02;SELL
2016-02-03T00:29:01.633000;2016-02-03T00:29:01.753000;37dd1206-a76b-4e77-a40b-8a6c5394b265;372.77;0.02;SELL
2016-02-03T00:29:01.633000;2016-02-03T00:29:01.753000;0e2258d7-d406-4ca8-a79c-b21b4175b8ff;372.76;0.02;SELL
2016-02-03T00:29:01.637000;2016-02-03T00:29:01.753000;66a84000-0768-4c54-93a7-87f48b60e894;372.75;0.02;SELL
2016-02-03T00:29:01.637000;2016-02-03T00:29:01.753000;a7120f13-167c-4790-bfc1-13962898459a;372.75;0.337;SELL
2016-02-03T00:29:01.637000;2016-02-03T00:29:01.753000;0d0ca676-4695-452a-b075-047113074218;372.74;0.02;SELL
2016-02-03T00:29:01.637000;2016-02-03T00:29:01.753000;db0c192f-97c2-4847-b299-f2902e704108;372.74;0.02;SELL
2016-02-03T00:29:01.637000;2016-02-03T00:29:01.753000;9684e19c-c655-4d7d-a96d-d21df453b67d;372.74;0.07979213;SELL
2016-02-03T00:30:02.127000;2016-02-03T00:30:02.147000;0cfecd15-ce74-4288-92ac-460e559abd5e;372.8;0.02;SELL
2016-02-03T00:30:02.127000;2016-02-03T00:30:02.160000;04344cf5-9a73-4c6f-9162-d58be89b6319;372.8;0.083;SELL
2016-02-03T00:30:02.127000;2016-02-03T00:30:02.160000;39fb86d1-ab82-40be-b686-affe6d3ee300;372.79;0.02;SELL
2016-02-03T00:30:02.127000;2016-02-03T00:30:02.160000;3e64dff6-782f-4971-92ff-d10bce62c7f6;372.79;0.02;SELL
2016-02-03T00:30:02.127000;2016-02-03T00:30:02.177000;ec8679ab-5360-4e40-bb99-c55b000d986c;372.78;0.02;SELL
2016-02-03T00:30:02.127000;2016-02-03T00:30:02.253000;b5e0f8e6-fe40-4f5e-9cf4-11ea9157af0f;372.77;0.02;SELL
2016-02-03T00:30:02.127000;2016-02-03T00:30:02.253000;a10a2737-fcbf-423e-bcf5-92adfe2cb0de;372.77;0.02;SELL
2016-02-03T00:30:02.127000;2016-02-03T00:30:02.253000;f4467a6e-9685-4b45-a4f9-e105799d5587;372.77;0.118;SELL
2016-02-03T00:30:02.127000;2016-02-03T00:30:02.253000;2219f444-9df7-4a57-a074-d4bfb2c65e49;372.76;0.02;SELL
2016-02-03T00:30:02.127000;2016-02-03T00:30:02.253000;30dc9402-a750-42cf-b77c-bac7bb7c4921;372.75;0.02;SELL
2016-02-03T00:30:02.127000;2016-02-03T00:30:02.253000;e126b66d-a7a2-47e2-a43a-290da3527e17;372.75;0.02;SELL
2016-02-03T00:30:02.130000;2016-02-03T00:30:02.253000;26fdea91-b150-42c2-acf7-9e77d8f1704b;372.74;0.096;SELL
2016-02-03T00:30:02.130000;2016-02-03T00:30:02.253000;90f4a72c-8b69-49be-a521-b75e9bd8b2d9;372.73;0.02;SELL
2016-02-03T00:30:02.130000;2016-02-03T00:30:02.253000;69e6c06a-67e6-43eb-a8fd-8a7549b8efbe;372.72;0.02;SELL
2016-02-03T00:30:02.130000;2016-02-03T00:30:02.253000;f981025f-561d-4620-ae86-a62eeead3e97;372.71;0.02;SELL
2016-02-03T00:30:02.130000;2016-02-03T00:30:02.253000;4c7dfb37-752d-4c49-b1f7-92ddeecca7dc;372.71;0.073;SELL
2016-02-03T00:30:02.130000;2016-02-03T00:30:02.253000;f1d68f8e-6e48-482e-b69f-026e122cce99;372.7;1.32893;SELL
2016-02-03T00:30:12.217000;2016-02-03T00:30:12.253000;0e72674b-24e9-499d-a89b-10aa31834111;372.76;0.02;BUY
2016-02-03T00:30:12.217000;2016-02-03T00:30:12.253000;69c53c5a-4eb8-4f7d-b526-c21f1a385306;372.76;0.02;BUY
2016-02-03T00:30:12.217000;2016-02-03T00:30:12.253000;a5026183-682b-4a87-841e-9480713d9864;372.77;0.02;BUY
2016-02-03T00:30:12.217000;2016-02-03T00:30:12.253000;89cf3f21-53b7-4076-bd4b-1ff3ef14d44d;372.77;0.02;BUY
2016-02-03T00:30:12.220000;2016-02-03T00:30:12.253000;e40aa1e9-8236-4a58-82fe-4d616e781ce5;372.78;0.00264609;BUY
2016-02-03T00:31:01.920000;2016-02-03T00:31:01.927000;bfc32ae2-ccc2-41ae-a40c-fa1f53515523;372.78;0.01735391;BUY
2016-02-03T00:31:01.920000;2016-02-03T00:31:01.943000;22e71368-32d4-4f61-a713-f8796b220af0;372.78;0.02;BUY
2016-02-03T00:31:01.920000;2016-02-03T00:31:01.943000;74ba2d4a-093f-4259-b681-c6c4c28a2f4b;372.79;0.02;BUY
2016-02-03T00:31:01.920000;2016-02-03T00:31:01.943000;c448e4de-8a6a-408a-9d58-6ff4fc857b4b;372.81;0.02;BUY
2016-02-03T00:31:01.920000;2016-02-03T00:31:01.957000;d023760c-4864-4688-b597-e34284e8b6c3;372.81;0.02;BUY
2016-02-03T00:31:01.920000;2016-02-03T00:31:02.003000;eea81bde-913a-47ea-bbcd-cac228af817c;372.82;0.02;BUY
2016-02-03T00:31:01.923000;2016-02-03T00:31:02.020000;29bb9b54-6310-4110-b432-398dc9df777d;372.82;0.02;BUY
2016-02-03T00:31:01.923000;2016-02-03T00:31:02.020000;2d88a482-b762-4f0d-ad47-6537ad671329;372.83;0.02;BUY
2016-02-03T00:31:01.923000;2016-02-03T00:31:02.020000;7db3449c-8523-425d-b0e5-ba7a5c026f61;372.83;0.02;BUY
2016-02-03T00:31:01.923000;2016-02-03T00:31:02.020000;fa816f50-76f1-4fba-8ac2-7da87a29ae29;372.85;0.13114609;BUY
2016-02-03T00:31:31.903000;2016-02-03T00:31:31.910000;90396323-924e-413f-b97f-5227d9742286;372.79;0.02;BUY
2016-02-03T00:31:31.903000;2016-02-03T00:31:31.927000;a6535edf-b311-4dfd-a0db-75d3b0cd6e70;372.79;0.02;BUY
2016-02-03T00:31:31.903000;2016-02-03T00:31:31.927000;456cd6b1-969c-4c35-a887-9c826c13c29d;372.8;0.02;BUY
2016-02-03T00:31:31.903000;2016-02-03T00:31:31.927000;3149a040-4e63-4562-a286-ae5c410afca8;372.8;0.02;BUY
2016-02-03T00:31:31.903000;2016-02-03T00:31:31.943000;901c443a-c67e-46bd-8a96-742ea3f56c5e;372.81;0.02;BUY
2016-02-03T00:31:31.903000;2016-02-03T00:31:32.003000;5cd552a8-15ce-4415-92ab-5a36bb88755e;372.82;0.02;BUY
2016-02-03T00:31:31.903000;2016-02-03T00:31:32.020000;71d3e044-7ec5-4368-98ce-ffc31b251fe7;372.86;0.13532;BUY
2016-02-03T00:32:33.320000;2016-02-03T00:32:33.333000;4492457a-7db0-4b02-ac69-696f0d2ac6e6;372.82;0.02;BUY
2016-02-03T00:32:33.320000;2016-02-03T00:32:33.347000;43d763be-303f-4d21-b563-85ee87617710;372.83;0.02;BUY
2016-02-03T00:32:33.320000;2016-02-03T00:32:33.347000;ca0974cd-44fa-48fc-9b6c-0a4b92d24af5;372.83;0.02;BUY
2016-02-03T00:32:33.320000;2016-02-03T00:32:33.347000;756b912a-adac-4851-8937-09ae43a2fc1d;372.84;0.96;BUY
2016-02-03T00:32:33.320000;2016-02-03T00:32:33.363000;3033dd0a-2111-484b-92dc-a3227fa5a315;372.85;0.02;BUY
2016-02-03T00:32:33.320000;2016-02-03T00:32:33.363000;59080da5-8a0a-49c4-9a25-9fd863794231;372.85;0.02;BUY
2016-02-03T00:32:33.320000;2016-02-03T00:32:33.363000;80f6754c-4bf6-415e-9256-fb1617f0b034;372.85;1.68;BUY
2016-02-03T00:32:33.320000;2016-02-03T00:32:33.363000;d56c2ba3-41ca-4087-b034-cbcc27e312a9;372.86;0.24;BUY
2016-02-03T00:32:33.320000;2016-02-03T00:32:33.363000;26f0ebd5-611e-48f2-b38b-2c9a9ce35141;372.87;0.02;BUY
2016-02-03T00:32:33.320000;2016-02-03T00:32:33.380000;b171620c-dd1e-4962-b887-adf7adff6cd8;372.88;4.63151;BUY
2016-02-03T00:33:01.777000;2016-02-03T00:33:01.787000;3be08c66-3c6e-4e0c-bfed-ba9cbcd56ece;372.85;0.02;BUY
2016-02-03T00:33:01.777000;2016-02-03T00:33:01.787000;7aba3977-a613-495f-a0f1-2dc2dff87171;372.85;0.02;BUY
2016-02-03T00:33:01.777000;2016-02-03T00:33:01.787000;f4e2eaf5-496f-45f6-915c-89015e8ae6ba;372.86;0.01443;BUY
2016-02-03T00:33:34.880000;2016-02-03T00:33:34.897000;c4e9df1d-b1ea-467e-9252-e963ce3546fb;372.84;0.02;SELL
2016-02-03T00:33:34.880000;2016-02-03T00:33:34.910000;6b1a9277-3f05-4d81-a515-69ff6304b339;372.84;0.02;SELL
2016-02-03T00:33:34.883000;2016-02-03T00:33:34.910000;8a9f8484-688b-42be-a2b5-0d110f1070e8;372.83;0.02;SELL
2016-02-03T00:33:34.883000;2016-02-03T00:33:34.910000;bebe4fa4-95e8-4357-83ee-2dc6b308cc8f;372.83;0.02;SELL
2016-02-03T00:33:34.883000;2016-02-03T00:33:34.927000;84d34252-c777-4b13-bac9-92be1d92babf;372.82;0.02;SELL
2016-02-03T00:33:34.883000;2016-02-03T00:33:35.003000;67c42ddf-e4e4-431d-bc5a-fa397b42fb07;372.82;0.02;SELL
2016-02-03T00:33:34.883000;2016-02-03T00:33:35.003000;73cfcd93-8b1d-42cc-bff7-8b2a1a8696e2;372.81;0.02;SELL
2016-02-03T00:33:34.883000;2016-02-03T00:33:35.003000;cffc8207-72fb-4a49-bb9c-3911bb6c1634;372.81;0.117;SELL
2016-02-03T00:33:34.883000;2016-02-03T00:33:35.003000;f7ab9dea-f9d9-4be9-a4a1-7a4e04db7b0a;372.8;0.02;SELL
2016-02-03T00:33:34.883000;2016-02-03T00:33:35.003000;8a80bfe6-8d07-405e-be88-372d91df9437;372.8;0.02;SELL
2016-02-03T00:33:34.883000;2016-02-03T00:33:35.003000;07ba792b-51e6-48d8-a8db-4b8fe0f5c059;372.8;0.115;SELL
2016-02-03T00:33:34.883000;2016-02-03T00:33:35.003000;971a1265-79ef-4a13-ad77-a816cc2ee383;372.79;0.02;SELL
2016-02-03T00:33:34.883000;2016-02-03T00:33:35.003000;6b099960-6b91-49da-999e-555ef32bcdd0;372.79;0.02;SELL
2016-02-03T00:33:34.883000;2016-02-03T00:33:35.003000;346439f2-b4df-4a8a-9bf8-bb3fcb36a955;372.78;0.02;SELL
2016-02-03T00:33:34.883000;2016-02-03T00:33:35.003000;7553836b-e5d6-43fe-91a0-efdaa3655b69;372.78;0.02;SELL
2016-02-03T00:33:34.883000;2016-02-03T00:33:35.003000;19dddda5-1440-4d46-86fe-331817956d21;372.77;0.02;SELL
2016-02-03T00:33:34.883000;2016-02-03T00:33:35.003000;b9e2621d-dff8-48d7-b347-44c5af210b03;372.77;0.02;SELL
2016-02-03T00:33:34.883000;2016-02-03T00:33:35.003000;0af28fcd-e42c-485a-9e95-b35d5962e26b;372.77;0.095;SELL
2016-02-03T00:33:34.883000;2016-02-03T00:33:35.003000;e6aa2d5f-a132-432f-825f-6cd6e3e07030;372.76;0.02;SELL
2016-02-03T00:33:34.887000;2016-02-03T00:33:35.003000;5d359c2e-56b2-43e5-88a5-dab2ceb0312a;372.76;0.02;SELL
2016-02-03T00:33:34.887000;2016-02-03T00:33:35.003000;f36d7402-ec01-4533-aea8-0feb40d0a48b;372.74;0.02;SELL
2016-02-03T00:33:34.887000;2016-02-03T00:33:35.003000;7f91ab4d-ae6b-46ce-a4ae-53828a6a5f5b;372.74;0.107;SELL
2016-02-03T00:33:34.887000;2016-02-03T00:33:35.003000;a4cbf134-a5da-4145-9897-394572ccc5b9;372.73;0.02;SELL
2016-02-03T00:33:34.887000;2016-02-03T00:33:35.003000;da3099d4-54d7-48bc-bbf0-e216c76a2505;372.73;0.02;SELL
2016-02-03T00:33:34.887000;2016-02-03T00:33:35.003000;01932e67-7183-4ac3-b6ce-21f6538f1e04;372.73;0.116;SELL
2016-02-03T00:33:34.887000;2016-02-03T00:33:35.020000;6bf6a1f6-4b34-400a-b82a-e8405b228295;372.73;0.72;SELL
2016-02-03T00:33:34.887000;2016-02-03T00:33:35.020000;26fd67e4-8489-4708-ae99-611cef946df9;372.73;0.29602;SELL
2016-02-03T00:34:01.917000;2016-02-03T00:34:01.927000;ddf8cad9-3096-4fbc-b2e3-462d17aa13fe;372.8;0.02;BUY
2016-02-03T00:34:01.917000;2016-02-03T00:34:01.943000;7441a712-791b-40bd-a2b2-75fdc3e733cd;372.8;0.02;BUY
2016-02-03T00:34:01.917000;2016-02-03T00:34:01.943000;cf110413-7533-4a37-a16f-104a5fdb18bf;372.81;0.02;BUY
2016-02-03T00:34:01.917000;2016-02-03T00:34:01.943000;87765b70-390b-4627-a43e-37a80c084ae6;372.81;0.02;BUY
2016-02-03T00:34:01.917000;2016-02-03T00:34:01.957000;fda16aac-4d8f-4422-99e8-428079434c6b;372.81;0.24;BUY
2016-02-03T00:34:01.917000;2016-02-03T00:34:02.037000;97941a40-69ce-4287-971f-2df91599d138;372.82;0.02;BUY
2016-02-03T00:34:01.917000;2016-02-03T00:34:02.037000;70b2bc90-203c-40f5-a333-fa2a650ef558;372.82;0.02;BUY
2016-02-03T00:34:01.917000;2016-02-03T00:34:02.037000;9b1a61f9-62bc-4469-8315-3d76df81eb45;372.82;2.90903;BUY
2016-02-03T00:34:02.907000;2016-02-03T00:34:02.910000;19ef3730-0067-482b-bbec-4885be8622fa;372.82;0.15;BUY
2016-02-03T00:34:27.183000;2016-02-03T00:34:27.243000;b4d7b46c-faeb-4af0-967f-61dfe6f9b4f6;372.81;0.01016696;BUY
2016-02-03T00:34:55.250000;2016-02-03T00:34:55.307000;aa7adf82-61c3-4a1d-9586-678eb824c677;372.81;0.00983304;BUY
2016-02-03T00:34:55.250000;2016-02-03T00:34:55.320000;98405720-ad2c-41c0-b94e-2989b7595f64;372.81;0.02;BUY
2016-02-03T00:34:55.250000;2016-02-03T00:34:55.320000;b9ffef79-8ed7-45dd-82b7-b817f0ca59be;372.82;0.0664883;BUY
2016-02-03T00:35:02.290000;2016-02-03T00:35:02.353000;7b36fa04-bfc5-4511-a6ca-d678a89bca31;372.8;0.02;SELL
2016-02-03T00:35:02.290000;2016-02-03T00:35:02.367000;cdd41472-6b52-4567-8953-b09b07343bea;372.8;0.02;SELL
2016-02-03T00:35:02.290000;2016-02-03T00:35:02.367000;23618594-c20b-4548-9b8c-afe231d3e9f2;372.79;0.02;SELL
2016-02-03T00:35:02.290000;2016-02-03T00:35:02.367000;7cd17ee6-d15b-4878-a3c0-2a3783fd5de8;372.78;0.02;SELL
2016-02-03T00:35:02.290000;2016-02-03T00:35:02.383000;504e540f-760c-4a4f-aef1-4a7f14116bfa;372.77;0.02;SELL
2016-02-03T00:35:02.290000;2016-02-03T00:35:02.447000;0426ede2-53d7-4a8d-a8d2-b8d8f89c390b;372.77;0.02;SELL
2016-02-03T00:35:02.290000;2016-02-03T00:35:02.447000;d846fce8-5134-40d1-8f49-b9cac37dfcdd;372.77;0.101;SELL
2016-02-03T00:35:02.290000;2016-02-03T00:35:02.447000;75c3f855-6efa-4581-bf6a-d74c944fc980;372.76;0.00415;SELL
2016-02-03T00:35:03.347000;2016-02-03T00:35:03.400000;98095237-7fc2-442f-b904-7ae8f8a47514;372.8;0.02;BUY
2016-02-03T00:35:31.873000;2016-02-03T00:35:31.913000;52cf4dc4-9369-44f0-8ae0-cc1c3cdbd51b;372.81;0.02;BUY
2016-02-03T00:35:31.873000;2016-02-03T00:35:31.947000;92728b59-ef4a-4139-ba50-1ce9ddb098b8;372.81;0.02;BUY
2016-02-03T00:35:31.873000;2016-02-03T00:35:31.947000;a9e29b2f-78fc-4088-91c4-848ae8b186b5;372.81;2.62399;BUY
2016-02-03T00:35:40.200000;2016-02-03T00:35:40.243000;2401650e-68b0-42f5-9260-6d2a73d746eb;372.81;0.22856696;BUY
2016-02-03T00:35:46.010000;2016-02-03T00:35:46.057000;2eeaf895-4cbc-4e73-a9b9-2f2ae5dc4a67;372.8;0.02;BUY
2016-02-03T00:35:46.010000;2016-02-03T00:35:46.070000;5ad1653a-5848-42fa-b5b6-cff6a5a802d0;372.8;0.02;BUY
2016-02-03T00:35:46.010000;2016-02-03T00:35:46.070000;d23ba32c-be3a-4c78-b67d-f48f0fc344bc;372.81;0.24;BUY
2016-02-03T00:36:01.900000;2016-02-03T00:36:01.947000;e2da789e-5ec0-4c24-9e58-e2bfd9558466;372.81;0.57283;BUY
2016-02-03T00:36:31.930000;2016-02-03T00:36:31.977000;3da12d09-349b-41c2-a4c4-08b2a0e88405;372.79;0.02;SELL
2016-02-03T00:36:31.930000;2016-02-03T00:36:31.993000;d14a2833-6675-4584-9f78-fdc95ddf19f6;372.79;0.02;SELL
2016-02-03T00:36:31.930000;2016-02-03T00:36:32.010000;b6c0dc55-30c1-40f8-99a5-53de08e99dd3;372.79;0.4539898;SELL
2016-02-03T00:36:31.930000;2016-02-03T00:36:32.010000;90c0722e-6302-4b1d-870a-e6be428ce993;372.79;0.127;SELL
2016-02-03T00:36:31.930000;2016-02-03T00:36:32.010000;4642b309-b975-46c7-baaf-c17f521dc6f8;372.79;0.1376702;SELL
2016-02-03T00:37:34.093000;2016-02-03T00:37:34.133000;66f456ac-ef46-4141-a5e2-fa3ce4ee0242;372.81;0.35942;BUY
2016-02-03T00:38:02.477000;2016-02-03T00:38:02.523000;1205fa73-c5d8-4613-b0ed-e999f212eac2;372.81;0.8503;BUY
2016-02-03T00:38:32.227000;2016-02-03T00:38:32.273000;135c23de-6f87-4406-a46e-00042e9b7f31;372.81;0.35036;BUY
2016-02-03T00:39:02.290000;2016-02-03T00:39:02.337000;db6b68ae-39af-4084-a455-6e2e670c01f1;372.8;0.02;BUY
2016-02-03T00:39:02.290000;2016-02-03T00:39:02.353000;befdb2a5-798c-4bc3-a106-c9f7299d69f7;372.8;0.02;BUY
2016-02-03T00:39:02.290000;2016-02-03T00:39:02.353000;21064e55-b6fb-4012-8023-ed5a46310965;372.81;0.28969;BUY
2016-02-03T00:39:31.763000;2016-02-03T00:39:31.807000;dbb7a16f-996a-4360-84d3-0583baa6ff59;372.81;1.7857;BUY
2016-02-03T00:39:38.423000;2016-02-03T00:39:38.460000;1f785e91-eb69-4808-b18c-5d89b6be41c0;372.8;1.58577658;SELL
2016-02-03T00:40:01.850000;2016-02-03T00:40:01.883000;d17bf050-47fb-41e3-87b2-8272e895c898;372.81;0.92296;BUY
2016-02-03T00:40:31.813000;2016-02-03T00:40:31.853000;d2e423ca-14cb-48c3-a7b4-9d52f5cd3f9f;372.81;0.56366;BUY
2016-02-03T00:41:01.680000;2016-02-03T00:41:01.713000;efff2c9d-bf82-4cea-9791-d07929bfaba1;372.81;0.65766;BUY
2016-02-03T00:41:31.720000;2016-02-03T00:41:31.760000;b3f3bbb2-6c87-42f9-abf5-8d53f522b44d;372.8;0.02922;BUY
2016-02-03T00:42:32.093000;2016-02-03T00:42:32.133000;37cfd773-9483-410e-be28-4659249a855f;372.79;0.02;SELL
2016-02-03T00:42:32.093000;2016-02-03T00:42:32.150000;30d37b8a-d172-4c8a-8fe3-f36e45629bbe;372.79;0.02;SELL
2016-02-03T00:42:32.093000;2016-02-03T00:42:32.150000;3fed8890-da80-4060-8983-ceb890d3afa2;372.78;0.02;SELL
2016-02-03T00:42:32.093000;2016-02-03T00:42:32.150000;bec778c6-721a-4f27-90f8-f829dd2ad9f8;372.77;0.02;SELL
2016-02-03T00:42:32.093000;2016-02-03T00:42:32.163000;246f0b2a-ff92-4c3d-bc32-ddabdd76a4d6;372.77;0.02;SELL
2016-02-03T00:42:32.097000;2016-02-03T00:42:32.260000;fde8a294-aa0c-43c2-ba55-ccd16ac4118a;372.76;0.01585;SELL
2016-02-03T00:42:32.097000;2016-02-03T00:42:32.260000;40488952-274b-483a-b9cb-5735a0a815cc;372.76;0.02;SELL
2016-02-03T00:42:32.097000;2016-02-03T00:42:32.260000;4882cefb-c3ef-4625-b3fc-d226b5329d8e;372.75;0.02;SELL
2016-02-03T00:42:32.097000;2016-02-03T00:42:32.260000;38d1d339-5a28-4b33-a0dc-63de4d38db45;372.75;0.02;SELL
2016-02-03T00:42:32.097000;2016-02-03T00:42:32.260000;f65b6f2e-a48b-45c3-a84b-134af1ff5ccb;372.74;0.02;SELL
2016-02-03T00:42:32.097000;2016-02-03T00:42:32.260000;963694d8-8797-441b-9607-5b593b111515;372.74;0.02;SELL
2016-02-03T00:42:32.097000;2016-02-03T00:42:32.260000;e1d41af5-370c-409c-a4f8-7539c4714be9;372.72;0.0142;SELL
2016-02-03T00:42:34.850000;2016-02-03T00:42:34.883000;d0cb3768-3836-4aff-ae7f-75313f0eefb7;372.78;0.03;BUY
2016-02-03T00:42:34.877000;2016-02-03T00:42:34.913000;0a3e9872-6798-45c6-8d35-9bbf44a87d8e;372.78;0.07520869;BUY
2016-02-03T00:43:01.700000;2016-02-03T00:43:01.727000;4cff21c1-1b19-4fff-9368-167af45ecfe7;372.74;0.02;SELL
2016-02-03T00:43:01.700000;2016-02-03T00:43:01.743000;78413097-6dd0-49fb-9986-7c06049c698c;372.74;0.11;SELL
2016-02-03T00:43:01.700000;2016-02-03T00:43:01.743000;707dbf24-e3f8-4a60-9f4a-c348b50311a6;372.73;0.02;SELL
2016-02-03T00:43:01.700000;2016-02-03T00:43:01.743000;07346590-7e33-4608-8c09-6eb6e4198eaa;372.73;0.02;SELL
2016-02-03T00:43:01.700000;2016-02-03T00:43:01.743000;50f82cab-5d05-4f2d-85e0-8e9b6cb24916;372.72;0.0058;SELL
2016-02-03T00:43:01.700000;2016-02-03T00:43:01.837000;f7cc492c-e8db-4076-bd99-ce06681af556;372.72;0.02;SELL
2016-02-03T00:43:01.700000;2016-02-03T00:43:01.837000;4b701117-e190-443c-810c-1cf30e11f830;372.71;0.02;SELL
2016-02-03T00:43:01.703000;2016-02-03T00:43:01.837000;476d9b18-05ac-4601-9cd3-8e3649745671;372.71;0.105;SELL
2016-02-03T00:43:01.703000;2016-02-03T00:43:01.837000;e424a326-1970-4e24-b548-3a9248829d24;372.71;1.31993;SELL
2016-02-03T00:43:32.387000;2016-02-03T00:43:32.413000;47cb32b0-039d-43a9-8f3c-abb76eb7f8dd;372.75;0.02;BUY
2016-02-03T00:43:32.387000;2016-02-03T00:43:32.430000;99382234-a214-41f2-a89e-1f0bd3e6488d;372.76;0.02;BUY
2016-02-03T00:43:32.387000;2016-02-03T00:43:32.463000;26a7527f-61dc-49cb-83df-27f06e29a0de;372.77;0.02;BUY
2016-02-03T00:43:32.387000;2016-02-03T00:43:32.463000;db4238a2-b4f4-4171-8c62-e83e38e411e5;372.81;0.9077;BUY
2016-02-03T00:43:47.290000;2016-02-03T00:43:47.320000;f7a32c24-2322-4273-b165-28db869e0a38;372.81;0.0526;BUY
2016-02-03T00:43:48.620000;2016-02-03T00:43:48.650000;22c2197a-31f6-4a65-8fc8-0499132ff59c;372.81;0.06617565;BUY
2016-02-03T00:43:57.307000;2016-02-03T00:43:57.337000;e25ad424-7eeb-4aa1-ada3-8df0d6060cae;372.81;0.0526;BUY
2016-02-03T00:44:00.580000;2016-02-03T00:44:00.617000;36fd7b6e-404e-419e-a441-15f8ac7b96ef;372.81;2.15390904;BUY
2016-02-03T00:44:00.580000;2016-02-03T00:44:00.633000;0f0420ea-1022-4cc7-815d-3f02f031bd16;372.82;1.1335117;BUY
2016-02-03T00:44:00.583000;2016-02-03T00:44:00.633000;c67b56b5-9809-4b6d-a9d7-ab3105403b6e;372.83;0.02;BUY
2016-02-03T00:44:00.583000;2016-02-03T00:44:00.650000;aa3adcab-235a-4fea-bab0-0b50c543b534;372.83;0.02;BUY
2016-02-03T00:44:00.583000;2016-02-03T00:44:00.650000;aed789a7-6dc4-4f67-aace-1a97dade35b9;372.83;0.96;BUY
2016-02-03T00:44:00.583000;2016-02-03T00:44:00.650000;95561e7a-702e-4f46-95ea-172922eb8696;372.83;0.48;BUY
2016-02-03T00:44:00.583000;2016-02-03T00:44:00.650000;c5155132-089a-4312-b8d2-3f2d09ed291a;372.84;0.02;BUY
2016-02-03T00:44:00.583000;2016-02-03T00:44:00.650000;a8171d91-6e73-469d-907f-8999749070b9;372.84;0.02;BUY
2016-02-03T00:44:00.583000;2016-02-03T00:44:00.663000;57577b49-4ca6-4926-bd14-97fb3cee7891;372.85;0.02;BUY
2016-02-03T00:44:00.583000;2016-02-03T00:44:00.680000;171a2d9a-3ab3-47dd-9a1c-ee7288a65901;372.85;0.02;BUY
2016-02-03T00:44:00.583000;2016-02-03T00:44:00.680000;7ad2c639-7f42-4c24-8511-4900cc8a420c;372.85;0.24;BUY
2016-02-03T00:44:00.583000;2016-02-03T00:44:00.680000;b2bda5dd-89b2-447a-8125-f428b6717fdb;372.86;0.00077926;BUY
2016-02-03T00:44:02.183000;2016-02-03T00:44:02.213000;1dc8736e-2560-474f-83b4-1963c191cb4e;372.86;0.00479074;BUY
2016-02-03T00:44:02.183000;2016-02-03T00:44:02.227000;a371c550-0965-4843-ac50-cde423c9e829;372.86;0.02;BUY
2016-02-03T00:44:02.183000;2016-02-03T00:44:02.227000;6cad7aae-ddea-4855-9af3-e135b2c555ab;372.88;0.40849;BUY
2016-02-03T00:44:02.183000;2016-02-03T00:44:02.227000;47c4ffd3-6f6b-4ba7-81ba-4c2a94d76f77;372.88;1.10349926;BUY
2016-02-03T00:44:32.497000;2016-02-03T00:44:32.540000;0749217f-7260-4f7c-a09f-b7409a93d62d;372.84;1.405;SELL
2016-02-03T00:44:32.497000;2016-02-03T00:44:32.557000;cf41e2d2-3ec8-41bb-bc9f-c93dfc7d9aa7;372.84;0.02;SELL
2016-02-03T00:44:32.500000;2016-02-03T00:44:32.557000;b1d15c79-1ff9-4ae9-9e87-ff25bc25bec4;372.82;3.649;SELL
2016-02-03T00:44:32.500000;2016-02-03T00:44:32.557000;bc57a6c4-9f33-416c-8139-b267b31a83c5;372.81;0.939;SELL
2016-02-03T00:44:32.500000;2016-02-03T00:44:32.587000;61ebe293-280d-478e-8738-4c34befe8cbc;372.8;0.48;SELL
2016-02-03T00:44:32.500000;2016-02-03T00:44:32.633000;3b7d525f-3c61-42c2-9952-9ec6a4c9e0e6;372.79;0.72;SELL
2016-02-03T00:44:32.500000;2016-02-03T00:44:32.633000;e1c508ce-4d4d-45f8-a8db-f6409d2d8b6e;372.78;0.893;SELL
2016-02-03T00:44:32.500000;2016-02-03T00:44:32.633000;e00dbdc9-d71f-4333-ae8e-32e64ce929ae;372.78;2.72939;SELL
2016-02-03T00:45:03.383000;2016-02-03T00:45:03.413000;448059c6-5517-414d-b0d4-b671e3a727f1;372.83;0.02;SELL
2016-02-03T00:45:03.383000;2016-02-03T00:45:03.430000;349ae7ba-368b-43d7-ac7b-7b1cefeea1e0;372.83;0.075;SELL
2016-02-03T00:45:03.383000;2016-02-03T00:45:03.430000;cbeceaf2-669a-4e51-a379-04a1ff34f363;372.8;1.228;SELL
2016-02-03T00:45:03.383000;2016-02-03T00:45:03.430000;5afb77aa-c9aa-40a5-824c-2effc11d8294;372.8;3.7;SELL
2016-02-03T00:45:03.383000;2016-02-03T00:45:03.447000;39636351-6abf-49bb-905b-5ec33ff3376f;372.8;0.75486;SELL
2016-02-03T00:45:32.233000;2016-02-03T00:45:32.260000;39a405cd-e9d1-4365-9592-509e91dcdaf4;372.85;0.02;BUY
2016-02-03T00:45:32.233000;2016-02-03T00:45:32.273000;2485a335-daa8-4117-86ad-68996da64c70;372.86;0.02;BUY
2016-02-03T00:45:32.233000;2016-02-03T00:45:32.273000;4ce64e97-0df4-4e15-8127-f03250b14d14;372.87;0.02;BUY
2016-02-03T00:45:32.233000;2016-02-03T00:45:32.273000;25353fdb-bb2c-4133-84f8-d82a5d20e337;372.88;4.41650074;BUY
2016-02-03T00:45:32.233000;2016-02-03T00:45:32.273000;3cf27828-44a2-40fa-97ed-308fe065de71;372.88;0.24;BUY
2016-02-03T00:45:32.233000;2016-02-03T00:45:32.307000;ad9a12f8-8ec2-48a1-a52c-de48e6de34b6;372.88;0.48;BUY
2016-02-03T00:45:32.237000;2016-02-03T00:45:32.367000;945fda99-b817-4c81-a43e-11cf4ef17403;372.89;0.02;BUY
2016-02-03T00:45:32.237000;2016-02-03T00:45:32.367000;e5534dc3-da2e-4fea-8689-8f2264e7e710;372.89;0.02;BUY
2016-02-03T00:45:32.237000;2016-02-03T00:45:32.367000;5248b934-56a4-451b-a8b4-adb6331d194f;372.89;0.10253926;BUY
2016-02-03T00:46:01.843000;2016-02-03T00:46:01.867000;f66f2bbb-6dcb-4737-b1f6-2907fae15b2e;372.88;0.01396;SELL
2016-02-03T00:46:31.757000;2016-02-03T00:46:31.790000;d7f99482-c42e-43fb-adc2-dd3a5bca377e;372.89;5.34014;BUY
2016-02-03T00:46:56.480000;2016-02-03T00:46:56.510000;4ef07abb-1e37-4d06-a064-a5ae8d3a2ac0;372.89;1.03732074;BUY
2016-02-03T00:46:56.480000;2016-02-03T00:46:56.523000;651dd4ba-5394-41a3-a606-68a6550a449e;372.89;0.48;BUY
2016-02-03T00:46:56.480000;2016-02-03T00:46:56.523000;1641cb9c-0634-4ad1-a8b9-1d7b9b80b2e1;372.9;0.02;BUY
2016-02-03T00:46:56.480000;2016-02-03T00:46:56.523000;a9ca487d-9605-4085-8995-dc51010a947c;372.9;0.02;BUY
2016-02-03T00:46:56.480000;2016-02-03T00:46:56.540000;dc5f0890-643b-44ab-aed3-3acf7362381b;372.9;0.02016544;BUY
2016-02-03T00:47:14.280000;2016-02-03T00:47:14.307000;38616467-fc92-4718-b669-5496344a756c;372.9;0.14095;BUY
2016-02-03T00:47:32.013000;2016-02-03T00:47:32.023000;0ff29f96-3184-4f40-8b59-c9337c9a8535;372.9;0.26651;BUY
2016-02-03T00:47:38.883000;2016-02-03T00:47:38.900000;005398ff-c001-4a46-be32-7a8727dc7477;372.9;0.011404;BUY
2016-02-03T00:48:02.303000;2016-02-03T00:48:02.320000;b43f521f-fb16-457b-99de-f0efd690c6cf;372.89;0.48;BUY
2016-02-03T00:48:02.303000;2016-02-03T00:48:02.337000;c0f13135-1089-483a-a4e1-e45fbe4d29e2;372.9;3.18912;BUY
2016-02-03T00:48:20.727000;2016-02-03T00:48:20.743000;5a0a5f99-22c4-4d23-9079-826e60c593b6;372.9;0.48;BUY
2016-02-03T00:48:32.097000;2016-02-03T00:48:32.117000;634f199b-2730-48d3-a8e6-9b52cdce1990;372.91;0.02;BUY
2016-02-03T00:48:32.097000;2016-02-03T00:48:32.117000;9cdf4f55-218b-4322-a507-6b3dffd24aff;372.91;0.48;BUY
2016-02-03T00:48:32.097000;2016-02-03T00:48:32.133000;131b2d0f-dd89-4b56-98b8-32eccf815101;372.92;0.02;BUY
2016-02-03T00:48:32.097000;2016-02-03T00:48:32.133000;80f8081c-2d37-4128-8ca7-f704e968a00d;372.92;0.02;BUY
2016-02-03T00:48:32.097000;2016-02-03T00:48:32.150000;abd8c7b4-8c02-4652-b305-70a74b230068;372.93;0.02;BUY
2016-02-03T00:48:32.097000;2016-02-03T00:48:32.150000;72f7f5e3-b860-4d0b-8bbb-6a68bed6db4d;372.93;0.46444;BUY
2016-02-03T00:49:31.843000;2016-02-03T00:49:31.853000;b66b5d1a-0c81-4eca-b547-5a522f1ebea8;372.89;1.166;SELL
2016-02-03T00:49:31.847000;2016-02-03T00:49:31.883000;c7ffeb62-f614-45f3-aa5d-4ac540b89035;372.88;9.36512;SELL
2016-02-03T00:51:01.903000;2016-02-03T00:51:01.973000;90776eaf-fdb9-45a0-8541-0f28bbe717fe;372.9;0.02;SELL
2016-02-03T00:51:01.903000;2016-02-03T00:51:01.973000;7fe94c62-590c-44cc-b3c1-fd9068665839;372.9;0.54193;SELL
2016-02-03T00:51:31.763000;2016-02-03T00:51:31.817000;2b7c3048-d319-473e-8514-5aa58f3f7f59;372.91;0.02;BUY
2016-02-03T00:51:31.763000;2016-02-03T00:51:31.833000;0edbfcb4-6a10-40a4-8c92-745ef5ca800d;372.91;0.02;BUY
2016-02-03T00:51:31.763000;2016-02-03T00:51:31.833000;ad8f2184-16b5-4057-b1d4-ab3578695107;372.92;0.02;BUY
2016-02-03T00:51:31.763000;2016-02-03T00:51:31.833000;ec7a7468-bc51-49db-aaeb-24b75799af52;372.93;0.25556;BUY
2016-02-03T00:51:31.763000;2016-02-03T00:51:31.847000;eaf049eb-bb77-4128-8459-3f63326cac76;372.93;0.97419;BUY
2016-02-03T00:51:36.330000;2016-02-03T00:51:36.380000;109d6961-57aa-4773-b2ba-aaac6ebe6b4d;372.92;0.02;BUY
2016-02-03T00:51:36.330000;2016-02-03T00:51:36.393000;22b2e56a-d99d-4987-b1a9-02a2c7afdac4;372.93;0.12;BUY
2016-02-03T00:52:02.043000;2016-02-03T00:52:02.083000;277ce980-c580-43a0-9d6b-2e93974578fe;372.92;0.12863;SELL
2016-02-03T00:52:31.520000;2016-02-03T00:52:31.567000;496184c5-e760-46e4-bc1e-715aed34fa88;372.92;0.35024;SELL
2016-02-03T00:53:01.810000;2016-02-03T00:53:01.847000;95bddde5-eb94-4932-8520-6e5a8f916dca;372.93;0.24145;BUY
2016-02-03T00:53:31.607000;2016-02-03T00:53:31.643000;8caa0540-2991-4172-b541-e8db05400e8c;372.93;0.02936;BUY
2016-02-03T00:53:51.440000;2016-02-03T00:53:51.487000;2dea1dfe-79ac-412c-95ca-4f180aca7925;372.92;0.01206048;SELL
2016-02-03T00:54:02.490000;2016-02-03T00:54:02.537000;e2f626e3-3244-4d96-a369-7c73e298bc21;372.93;0.79898;BUY
2016-02-03T00:54:18.363000;2016-02-03T00:54:18.410000;93d1c589-33b3-4bd3-ab23-82e22250e25e;372.93;0.06648696;BUY
2016-02-03T00:54:31.713000;2016-02-03T00:54:31.753000;22100172-197e-48d0-996c-0123f02955b2;372.93;3.55395;BUY
2016-02-03T00:55:01.760000;2016-02-03T00:55:01.800000;489b0102-00c7-4d53-8c9e-74239aa62f8a;372.93;0.63095;BUY
2016-02-03T00:55:32.040000;2016-02-03T00:55:32.083000;686b197e-0503-4474-937c-2ad2112af6a8;372.92;1.464;BUY
2016-02-03T00:55:32.040000;2016-02-03T00:55:32.097000;da23f4b5-9d79-41a8-8da0-3005d3a1a708;372.92;0.44844;BUY
2016-02-03T00:56:01.760000;2016-02-03T00:56:01.800000;295e024e-d27f-4576-a90b-62536b66ead1;372.92;1.366;BUY
2016-02-03T00:56:01.760000;2016-02-03T00:56:01.817000;b74927f1-f198-4971-89fc-e6a3a7e4c011;372.93;0.28607;BUY
2016-02-03T00:56:11.683000;2016-02-03T00:56:11.723000;a8b51228-a78e-44cc-8856-939d01085618;372.92;0.11;BUY
2016-02-03T00:56:31.733000;2016-02-03T00:56:31.770000;afc9c012-ce19-4757-b9e1-06eb48900f41;372.91;0.02;SELL
2016-02-03T00:56:31.733000;2016-02-03T00:56:31.787000;86582b3f-94d3-43bb-bf68-3e5d3ef38e9d;372.89;0.00687;SELL
2016-02-03T00:57:03.767000;2016-02-03T00:57:03.800000;c60bd0f4-bcf1-4bc0-b9b1-7d917dbeee2c;372.89;0.01313;SELL
2016-02-03T00:57:03.767000;2016-02-03T00:57:03.817000;27dc12b5-576c-43ec-8533-8fb9b55d8fe3;372.89;0.02;SELL
2016-02-03T00:57:03.767000;2016-02-03T00:57:03.817000;39753bad-7e4f-42e6-94ea-652e366fc27d;372.89;0.71422;SELL
2016-02-03T00:57:34.003000;2016-02-03T00:57:34.037000;ea56237d-3020-45d6-9da7-550efd58dfd5;372.85;0.02;BUY
2016-02-03T00:57:34.003000;2016-02-03T00:57:34.037000;e0ff0dda-d845-4fa4-ae15-cc14efeaa44c;372.85;0.02;BUY
2016-02-03T00:57:34.003000;2016-02-03T00:57:34.037000;2dd6571f-910a-418d-a860-839394c6b9d8;372.85;0.157;BUY
2016-02-03T00:57:34.003000;2016-02-03T00:57:34.067000;a170f648-2c6d-43bb-a432-d007e19cde38;372.85;0.33623;BUY
2016-02-03T00:58:01.993000;2016-02-03T00:58:02.020000;85615525-6ce7-479e-b876-899bb9c0408c;372.85;0.02;BUY
2016-02-03T00:58:01.993000;2016-02-03T00:58:02.050000;54512e29-2613-4421-a037-cf94b859d47f;372.85;0.116;BUY
2016-02-03T00:58:01.993000;2016-02-03T00:58:02.050000;867087d0-c87a-4eae-b30a-a5fd178cfd86;372.86;0.02;BUY
2016-02-03T00:58:01.993000;2016-02-03T00:58:02.050000;c73d3899-76f5-41e2-9a2a-9199222e980e;372.86;0.02;BUY
2016-02-03T00:58:01.993000;2016-02-03T00:58:02.050000;c0baa18c-b4aa-4be8-8fc0-8451b6ffa501;372.87;0.02;BUY
2016-02-03T00:58:01.993000;2016-02-03T00:58:02.130000;cc1f6948-0c1c-43b7-ab57-32a344e3ca58;372.88;0.02;BUY
2016-02-03T00:58:01.993000;2016-02-03T00:58:02.130000;165d83d4-2e3f-47e5-86f5-b1012a51c09d;372.88;0.19;BUY
2016-02-03T00:58:01.993000;2016-02-03T00:58:02.130000;5018ed20-b6e4-4fe1-9530-327204aa7b12;372.88;0.127;BUY
2016-02-03T00:58:01.993000;2016-02-03T00:58:02.130000;c8a125d9-924a-4af4-ac35-1daf191410cc;372.88;0.05918;BUY
2016-02-03T00:58:31.957000;2016-02-03T00:58:31.990000;741ce986-043e-4c3e-be2c-45bb5a450442;372.87;0.02;BUY
2016-02-03T00:58:31.957000;2016-02-03T00:58:31.990000;343d8666-f3ba-4e9e-84b1-629e8c2d9bf0;372.87;0.113;BUY
2016-02-03T00:58:31.957000;2016-02-03T00:58:32.050000;f54e4e81-32f6-4bd0-bd22-e3748ea6ce79;372.88;0.02;BUY
2016-02-03T00:58:31.957000;2016-02-03T00:58:32.050000;39507be1-5d12-406a-9300-f5a77e683ec3;372.88;0.02;BUY
2016-02-03T00:58:31.957000;2016-02-03T00:58:32.050000;637e8cdb-7ddd-4d76-9aec-117616de9962;372.89;0.02;BUY
2016-02-03T00:58:31.957000;2016-02-03T00:58:32.050000;b722e12f-2957-46cd-80f8-4e55a1eaf5a1;372.9;0.118;BUY
2016-02-03T00:58:31.957000;2016-02-03T00:58:32.050000;158b0086-22dd-439d-8e8d-f00f7b278cd4;372.93;0.1276;BUY
2016-02-03T00:59:01.697000;2016-02-03T00:59:01.723000;265d6d29-bfd1-47b2-b747-7f4e33f26843;372.9;0.02;BUY
2016-02-03T00:59:01.697000;2016-02-03T00:59:01.740000;85b60493-c88b-46f9-b778-582d75f4644e;372.9;0.083;BUY
2016-02-03T00:59:01.697000;2016-02-03T00:59:01.740000;af8bbd7f-825e-4c39-b947-43d09f8b1b54;372.91;0.02;BUY
2016-02-03T00:59:01.700000;2016-02-03T00:59:01.740000;3dd07ad5-09a2-48f5-83a5-75f80fecd072;372.91;0.02;BUY
2016-02-03T00:59:01.700000;2016-02-03T00:59:01.740000;ce333d45-480c-40dc-825d-d848861c8fbc;372.92;0.02;BUY
2016-02-03T00:59:01.700000;2016-02-03T00:59:01.833000;fc6e316b-f7dd-407f-b682-392a6f476826;372.92;0.02;BUY
2016-02-03T00:59:01.700000;2016-02-03T00:59:01.833000;7265712e-84e7-421e-a932-4d8cc164fb0f;372.93;0.53686475;BUY
2016-02-03T00:59:01.700000;2016-02-03T00:59:01.833000;4e534914-4698-41d5-81c3-897fa628e81e;372.93;0.72;BUY
2016-02-03T00:59:01.700000;2016-02-03T00:59:01.847000;cac3b6fd-3821-4f5d-979f-62abae1b01e2;372.93;1.94885525;BUY
2016-02-03T01:00:04.043000;2016-02-03T01:00:04.067000;8641ec3d-e3d3-4ca1-9e77-ee2d9c4a6ec8;372.91;0.02;BUY
2016-02-03T01:00:04.043000;2016-02-03T01:00:04.083000;9521f9bd-2427-433a-8092-0116c243367e;372.91;0.089;BUY
2016-02-03T01:00:04.043000;2016-02-03T01:00:04.083000;810dd9b5-f589-4a61-95f8-40e1529fa289;372.92;0.02;BUY
2016-02-03T01:00:04.043000;2016-02-03T01:00:04.083000;26e6b961-84c7-4143-b3ef-03e3b51c8467;372.94;1.2;BUY
2016-02-03T01:00:04.043000;2016-02-03T01:00:04.083000;55cfff14-8dbd-4bcf-974d-478e51125966;372.94;0.46847;BUY
2016-02-03T01:00:09.040000;2016-02-03T01:00:09.083000;942e88d3-1a33-420d-a219-2b96ec849ae1;372.91;0.02;SELL
2016-02-03T01:00:09.040000;2016-02-03T01:00:09.097000;ba4929ab-a576-467f-9dcc-c315c32aa206;372.91;0.02;SELL
2016-02-03T01:00:09.040000;2016-02-03T01:00:09.097000;8b570bed-2eec-4b87-a420-60ee6268fb04;372.9;0.02;SELL
2016-02-03T01:00:09.043000;2016-02-03T01:00:09.097000;9e1a5255-8b81-4c3d-85eb-d13f1584341b;372.9;0.02;SELL
2016-02-03T01:00:09.043000;2016-02-03T01:00:09.097000;828749dd-6693-4ef5-a839-6882c31927a7;372.89;0.02;SELL
2016-02-03T01:00:09.043000;2016-02-03T01:00:09.113000;0f3321ba-f22c-4de9-883c-9eb9bfb9087a;372.88;0.02;SELL
2016-02-03T01:00:09.043000;2016-02-03T01:00:09.113000;b54bc72e-e67a-490b-840e-92fd3576c1d3;372.88;0.02;SELL
2016-02-03T01:00:09.043000;2016-02-03T01:00:09.113000;1eddac1e-9a5f-44a3-8ed7-99a1d07235a6;372.87;0.02;SELL
2016-02-03T01:00:09.043000;2016-02-03T01:00:09.113000;8a8e97c6-0455-40cf-b230-922531e8232f;372.87;0.02;SELL
2016-02-03T01:00:09.043000;2016-02-03T01:00:09.113000;3419849a-a537-4e68-8b4f-c6d18ee8a248;372.86;0.02;SELL
2016-02-03T01:00:09.043000;2016-02-03T01:00:09.113000;9c1c0735-0944-402c-b7ed-15c9a2fd3eaf;372.85;0.02;SELL
2016-02-03T01:00:09.043000;2016-02-03T01:00:09.160000;f82e5bb9-4c0a-4287-abf7-d4e1f943c545;372.85;0.02;SELL
2016-02-03T01:00:09.047000;2016-02-03T01:00:09.177000;b82c5389-efa1-4f3f-a445-b4cb152c46c0;372.85;0.22;SELL
2016-02-03T01:00:09.047000;2016-02-03T01:00:09.177000;1099443f-d65a-4e34-a2e6-69eeea0d16bf;372.84;0.02;SELL
2016-02-03T01:00:09.047000;2016-02-03T01:00:09.177000;00bef30e-454c-4032-a77e-ad0cd4769e17;372.83;0.02;SELL
2016-02-03T01:00:09.047000;2016-02-03T01:00:09.190000;9de16f98-c6c5-40a5-a604-1e1ad9962884;372.83;0.02;SELL
2016-02-03T01:00:09.047000;2016-02-03T01:00:09.190000;5462b58e-6868-4c6e-ac0a-5eaa6c6652e5;372.82;0.02;SELL
2016-02-03T01:00:09.047000;2016-02-03T01:00:09.190000;46be2bfd-ee7e-4121-a499-362510a0a0bd;372.82;0.02;SELL
2016-02-03T01:00:09.047000;2016-02-03T01:00:09.190000;fccb9311-e732-439b-b08b-1469b4e1bf6e;372.81;0.02;SELL
2016-02-03T01:00:09.047000;2016-02-03T01:00:09.190000;3d2aad54-e502-4852-ae0c-e88af6a90620;372.8;0.02;SELL
2016-02-03T01:00:09.047000;2016-02-03T01:00:09.190000;baf698de-047c-4e6d-9ff5-04b95370fbc5;372.8;0.02;SELL
2016-02-03T01:00:09.047000;2016-02-03T01:00:09.190000;344b66a1-5522-403b-a5b2-aa4e473c6069;372.79;0.083;SELL
2016-02-03T01:00:09.047000;2016-02-03T01:00:09.190000;1dc7b21f-4e9f-487a-b78f-df987acba1db;372.77;4.297;SELL
2016-02-03T01:00:31.977000;2016-02-03T01:00:32.003000;a6d2611a-79bb-417c-8965-73b660c0d35a;372.87;0.02;SELL
2016-02-03T01:00:31.977000;2016-02-03T01:00:32.020000;10232ac6-648f-485b-a488-65d4eada9968;372.86;0.02;SELL
2016-02-03T01:00:31.977000;2016-02-03T01:00:32.020000;ef83b4a5-6b9f-48a7-ba66-d3a2fed69b72;372.86;0.02;SELL
2016-02-03T01:00:31.977000;2016-02-03T01:00:32.020000;2dbf978e-af0c-4689-8249-9ced218afd4b;372.85;0.02;SELL
2016-02-03T01:00:31.977000;2016-02-03T01:00:32.037000;de1dcfa1-13f7-4235-88bd-38bd519bd620;372.85;0.02;SELL
2016-02-03T01:00:31.977000;2016-02-03T01:00:32.050000;ff0048c8-a0c8-40f9-84c6-2630933921f1;372.84;0.02;SELL
2016-02-03T01:00:31.977000;2016-02-03T01:00:32.050000;96ddb02a-ab27-48cc-99a9-cdd2565ca882;372.83;0.02;SELL
2016-02-03T01:00:31.977000;2016-02-03T01:00:32.050000;20549db5-2584-423f-b840-f031d06a0b89;372.82;0.02;SELL
2016-02-03T01:00:31.980000;2016-02-03T01:00:32.050000;e2b8ec9f-3c97-4806-9265-710b81beeb92;372.78;0.02;SELL
2016-02-03T01:00:31.980000;2016-02-03T01:00:32.050000;59f1f44d-7be8-4c43-8790-7f70ca74336f;372.78;0.114;SELL
2016-02-03T01:00:31.980000;2016-02-03T01:00:32.050000;069bdc2e-3ea9-47a8-a661-d8a0f564bf6f;372.75;0.03341;SELL
2016-02-03T01:01:01.830000;2016-02-03T01:01:01.863000;901688e1-6a15-4b9d-86ec-2c595e91e5ee;372.83;0.02;BUY
2016-02-03T01:01:01.830000;2016-02-03T01:01:01.880000;058f2490-5718-4337-97a9-da3c6d57a88c;372.83;0.02;BUY
2016-02-03T01:01:01.830000;2016-02-03T01:01:01.880000;38bac94b-5226-44ed-b35f-bbcaf6f2c458;372.83;0.08;BUY
2016-02-03T01:01:01.830000;2016-02-03T01:01:01.880000;6ff19f9e-1549-429e-9215-7e8042081f65;372.84;0.02;BUY
2016-02-03T01:01:01.830000;2016-02-03T01:01:01.880000;491f4863-8f9f-4b45-add8-088b7decec9c;372.84;0.02;BUY
2016-02-03T01:01:01.830000;2016-02-03T01:01:01.940000;9c8e63a1-9131-47d6-9457-7b537759905f;372.84;0.105;BUY
2016-02-03T01:01:01.830000;2016-02-03T01:01:01.940000;73319316-5deb-49d7-957f-dc7418306490;372.85;0.02;BUY
2016-02-03T01:01:01.830000;2016-02-03T01:01:01.940000;e4304621-4a76-4c82-ac35-b2cd90ae2d0a;372.86;0.02;BUY
2016-02-03T01:01:01.830000;2016-02-03T01:01:01.957000;4fd44387-c09d-4d1a-9479-6aeca2a400fd;372.86;0.0034;BUY
2016-02-03T01:01:24.687000;2016-02-03T01:01:24.707000;2386770b-c342-472b-b4cf-d6364e3abe7e;372.82;0.02;SELL
2016-02-03T01:01:24.687000;2016-02-03T01:01:24.723000;688ffa3d-9161-4fd8-a8e2-10b98b78271f;372.81;0.02;SELL
2016-02-03T01:01:24.687000;2016-02-03T01:01:24.723000;6d8767eb-600f-4d85-8bad-6ed7aa5af33e;372.81;0.02;SELL
2016-02-03T01:01:24.687000;2016-02-03T01:01:24.723000;6d36f22f-7106-490e-83b7-d8a02441b79f;372.8;0.02;SELL
2016-02-03T01:01:24.687000;2016-02-03T01:01:24.723000;b85ce8ac-f673-4bd1-acb4-e22e12fd11f1;372.8;0.02;SELL
2016-02-03T01:01:24.687000;2016-02-03T01:01:24.817000;fd4289a8-4af6-4f7a-966a-a3b826a00e87;372.79;0.02;SELL
2016-02-03T01:01:24.687000;2016-02-03T01:01:24.817000;d2bb20cd-f6c2-47e7-b972-e3f70359fa8b;372.79;0.02;SELL
2016-02-03T01:01:24.687000;2016-02-03T01:01:24.817000;1b165117-40f1-4cdd-b45f-0872823af7d3;372.78;0.02;SELL
2016-02-03T01:01:24.687000;2016-02-03T01:01:24.817000;8ad2cf34-ffde-46c8-a71a-b9d2b67e3772;372.77;0.02;SELL
2016-02-03T01:01:24.687000;2016-02-03T01:01:24.817000;388b0582-a8b7-4b47-b097-e2f39af4247b;372.76;0.02;SELL
2016-02-03T01:01:24.687000;2016-02-03T01:01:24.817000;fd1b4f15-976f-4638-a3fc-fcdbd34e2b88;372.75;0.127;SELL
2016-02-03T01:01:31.917000;2016-02-03T01:01:31.940000;7464f22a-5bc0-40e9-92ea-c98e2410b514;372.75;0.02974;BUY
2016-02-03T01:02:01.613000;2016-02-03T01:02:01.630000;bfbad1f1-b172-4e9b-9570-48579fb2b20e;372.75;0.2905;BUY
2016-02-03T01:02:32.473000;2016-02-03T01:02:32.490000;ff3e838c-68d3-49b6-9039-de0ddbcce933;372.74;0.48;SELL
2016-02-03T01:02:32.473000;2016-02-03T01:02:32.520000;857f091f-a596-48c9-afff-a662f08f8db7;372.71;0.111;SELL
2016-02-03T01:02:32.473000;2016-02-03T01:02:32.520000;eaa43fec-ba64-4f2b-9d02-df9a8011d134;372.69;0.02;SELL
2016-02-03T01:02:32.473000;2016-02-03T01:02:32.550000;29cef140-fccc-4613-b9bf-5438075c27d9;372.68;1.2631;SELL
2016-02-03T01:03:02.363000;2016-02-03T01:03:02.393000;a415e037-f17f-4232-ba3e-79e8e4b0fefe;372.72;0.02;BUY
2016-02-03T01:03:02.363000;2016-02-03T01:03:02.410000;d5705419-5a63-4165-a04b-9ba6276daede;372.72;0.02;BUY
2016-02-03T01:03:02.363000;2016-02-03T01:03:02.410000;f085b1e7-dc2c-47fd-917f-8071672e69c6;372.73;0.02;BUY
2016-02-03T01:03:02.363000;2016-02-03T01:03:02.410000;d7076492-8270-47e0-a1ee-804e6d37b998;372.74;0.02;BUY
2016-02-03T01:03:02.363000;2016-02-03T01:03:02.410000;05b6f298-5d8a-4f77-95f8-c7953a29a612;372.74;0.02;BUY
2016-02-03T01:03:02.363000;2016-02-03T01:03:02.490000;9943e52e-8003-4e82-b909-f3a1e6cc546d;372.74;0.03344;BUY
2016-02-03T01:03:18.660000;2016-02-03T01:03:18.693000;b0276c7b-e6cd-4857-9b14-a92881c79a70;372.72;0.02;SELL
2016-02-03T01:03:18.660000;2016-02-03T01:03:18.707000;c416877e-f3a2-4d8a-ab3f-b3c0c7f38dcd;372.71;0.02;SELL
2016-02-03T01:03:18.660000;2016-02-03T01:03:18.707000;7a29b435-0550-47e5-a340-a98e3fb1792d;372.71;0.02;SELL
2016-02-03T01:03:18.660000;2016-02-03T01:03:18.707000;7a8c71ae-993c-4b2f-b1b3-5101254ac831;372.7;0.02;SELL
2016-02-03T01:03:18.660000;2016-02-03T01:03:18.707000;6dd9f553-2142-4df7-9dfe-d7a5160db101;372.7;0.02;SELL
2016-02-03T01:03:18.660000;2016-02-03T01:03:18.787000;1996d23d-bc98-4e9d-a7ba-7c95d8da62fe;372.7;0.093;SELL
2016-02-03T01:03:18.660000;2016-02-03T01:03:18.787000;8a93aec2-f983-469c-8534-3a587cf7a124;372.69;0.02;SELL
2016-02-03T01:03:18.660000;2016-02-03T01:03:18.787000;3ddbcef5-f37d-4824-9130-b8c226eb94fa;372.68;0.02;SELL
2016-02-03T01:03:18.663000;2016-02-03T01:03:18.787000;3bbefe3e-ae60-4b47-a3df-244a28483014;372.68;0.02;SELL
2016-02-03T01:03:18.663000;2016-02-03T01:03:18.787000;0063c4c6-3a31-4589-aebc-3b4b16ae0087;372.67;0.72;SELL
2016-02-03T01:03:18.663000;2016-02-03T01:03:18.787000;283fb73c-66ff-4586-9d1b-25be05aca731;372.67;0.098;SELL
2016-02-03T01:03:18.663000;2016-02-03T01:03:18.787000;ee3029b7-2e8f-4e30-92bf-99e3114a51b4;372.67;4.64;SELL
2016-02-03T01:03:18.663000;2016-02-03T01:03:18.787000;e388abe2-495d-4558-8012-418af4d74c1f;372.66;2.16;SELL
2016-02-03T01:03:18.663000;2016-02-03T01:03:18.787000;68bba798-3a21-465f-9bb0-5ba155fa3032;372.66;0.48;SELL
2016-02-03T01:03:18.663000;2016-02-03T01:03:18.787000;d5ed950e-60a6-4f84-b587-cbc9e9afa996;372.66;3.1417;SELL
2016-02-03T01:03:18.663000;2016-02-03T01:03:18.787000;8e7bde53-d9d1-46dd-a774-3c4cd7391c35;372.65;0.02;SELL
2016-02-03T01:03:18.663000;2016-02-03T01:03:18.787000;ebf10151-2c9c-48d8-b5dd-4148673d2a46;372.65;3.84;SELL
2016-02-03T01:03:18.663000;2016-02-03T01:03:18.787000;58d608cd-9c21-4111-971f-dc049c88d6d8;372.64;0.091;SELL
2016-02-03T01:03:18.663000;2016-02-03T01:03:18.787000;93196a5f-8c16-4d94-b8d9-e99b2847c0ef;372.62;9.38527;SELL
2016-02-03T01:03:18.663000;2016-02-03T01:03:18.787000;2087cd68-a070-485d-a6c0-7d2184bfa35f;372.61;0.103;SELL
2016-02-03T01:03:18.663000;2016-02-03T01:03:18.787000;ab00ac1d-cd1f-494c-b494-627180a047f3;372.6;0.081;SELL
2016-02-03T01:03:18.663000;2016-02-03T01:03:18.787000;b43421ba-19b1-4758-bb47-3d4b60f53414;372.58;4.395;SELL
2016-02-03T01:03:18.663000;2016-02-03T01:03:18.787000;0ede0119-2895-48e6-9010-ac04d56d7065;372.57;0.59203;SELL
2016-02-03T01:03:32.743000;2016-02-03T01:03:32.770000;cb340b85-1aa7-4058-b2b6-6df96b88be0d;372.69;0.02;BUY
2016-02-03T01:03:32.743000;2016-02-03T01:03:32.787000;aaa6e587-c2c2-4b72-b571-c93d8859f3e3;372.7;0.02;BUY
2016-02-03T01:03:32.743000;2016-02-03T01:03:32.787000;7933bf2f-b7d5-4ecb-bb27-be8aeb29d353;372.71;0.02;BUY
2016-02-03T01:03:32.743000;2016-02-03T01:03:32.787000;664e9832-d412-4f29-9686-04fa031ebdeb;372.71;0.02;BUY
2016-02-03T01:03:32.743000;2016-02-03T01:03:32.787000;3287e652-063e-44fb-bded-fa14c532afb9;372.71;0.06714;BUY
2016-02-03T01:03:56.403000;2016-02-03T01:03:56.427000;476be84c-50f3-4bf7-8afd-3376bbc9bfcb;372.69;0.01186348;BUY
2016-02-03T01:04:02.157000;2016-02-03T01:04:02.177000;f4530478-8e7e-4b38-86cc-93bcf7693735;372.6;0.02;SELL
2016-02-03T01:04:02.157000;2016-02-03T01:04:02.193000;d667400d-0874-4ba4-92ec-785fef851c03;372.6;0.02;SELL
2016-02-03T01:04:02.157000;2016-02-03T01:04:02.193000;0802d19a-e66b-4792-a512-2266e7c84987;372.6;0.094;SELL
2016-02-03T01:04:02.157000;2016-02-03T01:04:02.193000;d1e68547-3f98-46af-b6b9-f2d65cbaf78a;372.59;0.02;SELL
2016-02-03T01:04:02.157000;2016-02-03T01:04:02.193000;6ec518f4-bdf6-4c76-a533-a8099241e16d;372.59;0.02;SELL
2016-02-03T01:04:02.157000;2016-02-03T01:04:02.270000;8c1af8f9-dd80-40b3-85f3-3725f3d8c65f;372.58;0.02;SELL
2016-02-03T01:04:02.157000;2016-02-03T01:04:02.270000;b5324f09-0075-4691-aba5-423860bd0fd3;372.57;0.56310367;SELL
2016-02-03T01:04:02.157000;2016-02-03T01:04:02.270000;fccc6acf-a631-4978-9fd7-f2091c1da331;372.57;0.09;SELL
2016-02-03T01:04:02.157000;2016-02-03T01:04:02.270000;aa878185-90d6-4a0f-ab81-1f5932e1834a;372.55;0.02;SELL
2016-02-03T01:04:02.157000;2016-02-03T01:04:02.270000;e814df52-3c78-4524-94e3-c3675c50de3a;372.54;0.121;SELL
2016-02-03T01:04:02.157000;2016-02-03T01:04:02.287000;707aeab0-390e-4a64-bec9-b9645214416f;372.51;3.74294633;SELL
2016-02-03T01:04:31.993000;2016-02-03T01:04:32.003000;b6fee517-2c20-478d-8d0a-6d4ebb6abc8b;372.63;0.02;BUY
2016-02-03T01:04:31.993000;2016-02-03T01:04:32.020000;b784719d-ec25-43fa-97c1-bfa555aa8729;372.64;0.02;BUY
2016-02-03T01:04:31.993000;2016-02-03T01:04:32.020000;2e5b64ae-1abc-4ad6-b67e-b36ad3f8ac19;372.64;0.02;BUY
2016-02-03T01:04:31.993000;2016-02-03T01:04:32.020000;9c85738e-48d7-42d7-a394-83b530de249d;372.65;0.02;BUY
2016-02-03T01:04:31.997000;2016-02-03T01:04:32.020000;b635c0ea-2ef9-4444-a133-66f9bcef4a36;372.65;0.00346;BUY
2016-02-03T01:05:02.047000;2016-02-03T01:05:02.107000;02f655a4-264d-40e7-a7b1-ef1a649bc345;372.63;0.31379;BUY
2016-02-03T01:05:31.860000;2016-02-03T01:05:31.917000;b9965205-e8d6-4717-bd22-59dd614493db;372.57;0.02;SELL
2016-02-03T01:05:31.860000;2016-02-03T01:05:31.917000;9064b8ef-9eb1-41b1-8a35-b92003442cc9;372.57;0.02;SELL
2016-02-03T01:05:31.860000;2016-02-03T01:05:31.950000;1863ff15-c901-4387-bc68-bc14ad69b76f;372.57;0.096;SELL
2016-02-03T01:05:31.860000;2016-02-03T01:05:31.950000;59aa187b-1daa-45c3-ba0d-e012a94ba9b7;372.56;0.02;SELL
2016-02-03T01:05:31.860000;2016-02-03T01:05:31.950000;70006fb6-8056-4eca-b4b9-18f895c0d405;372.56;0.09;SELL
2016-02-03T01:05:31.860000;2016-02-03T01:05:31.950000;6c09035d-3718-4553-bab9-b83101be9df7;372.55;0.02;SELL
2016-02-03T01:05:31.860000;2016-02-03T01:05:31.963000;5861fc58-99d2-4f0f-96c8-59cd25ae4b9b;372.55;0.088;SELL
2016-02-03T01:05:31.860000;2016-02-03T01:05:31.963000;5ef8fde1-bec8-4856-b035-9c3ab84ef6ce;372.55;0.02;SELL
2016-02-03T01:05:31.860000;2016-02-03T01:05:31.963000;b58a98f4-285e-4fb3-8933-74f7c6a8dde0;372.54;0.02;SELL
2016-02-03T01:05:31.863000;2016-02-03T01:05:32.027000;83d82154-0b92-4106-ab07-7a0a144d91a9;372.54;0.099;SELL
2016-02-03T01:05:31.863000;2016-02-03T01:05:32.027000;bb4a94a1-92e5-4895-9533-7ee3e787c373;372.53;0.02;SELL
2016-02-03T01:05:31.863000;2016-02-03T01:05:32.027000;3fc5487e-44bd-44da-9fca-7eebeeb52aab;372.53;0.02;SELL
2016-02-03T01:05:31.863000;2016-02-03T01:05:32.027000;32216074-ec53-43a9-aa14-d086dcdc9f71;372.52;0.02;SELL
2016-02-03T01:05:31.863000;2016-02-03T01:05:32.027000;c0fd421e-f16f-4402-8e1b-02394d50e4da;372.51;0.121;SELL
2016-02-03T01:05:31.863000;2016-02-03T01:05:32.027000;ca6ee3b1-ad7c-4d22-8b13-c8bbea3da5fb;372.5;0.19076;SELL
2016-02-03T01:05:31.877000;2016-02-03T01:05:32.027000;b1cd7b2b-2b72-46cc-ba51-d73b1f50cdad;372.5;2.20924;SELL
2016-02-03T01:05:31.880000;2016-02-03T01:05:32.027000;16239ec7-ab15-484d-b627-8aafa48b81df;372.49;2.679;SELL
2016-02-03T01:05:31.880000;2016-02-03T01:05:32.027000;6390c05a-5080-4628-8d2c-073480d95850;372.48;0.117;SELL
2016-02-03T01:05:31.880000;2016-02-03T01:05:32.027000;accc886c-4c02-4199-98a5-033692a1ef77;372.45;0.02;SELL
2016-02-03T01:05:31.880000;2016-02-03T01:05:32.027000;890e10ad-05d5-4784-9667-ebefd23ab992;372.45;0.109;SELL
2016-02-03T01:05:31.880000;2016-02-03T01:05:32.027000;d69fdc1b-696e-437c-9cea-2fb8d950e971;372.45;0.02;SELL
2016-02-03T01:05:31.883000;2016-02-03T01:05:32.027000;4b968509-6a02-4969-a95e-7c593cc7b23d;372.42;20.55022108;SELL
2016-02-03T01:05:31.883000;2016-02-03T01:05:32.027000;acd49cd2-c852-46a2-87bb-3ed74bb77cd5;372.42;0.119;SELL
2016-02-03T01:05:31.883000;2016-02-03T01:05:32.027000;3167a06e-5104-4bbd-908c-2d3a1103225d;372.39;0.097;SELL
2016-02-03T01:05:31.883000;2016-02-03T01:05:32.027000;1f456b31-d9ed-4783-8775-088c1fb3ef97;372.36;0.086;SELL
2016-02-03T01:05:31.883000;2016-02-03T01:05:32.027000;8368ae31-cedb-4071-8ae8-8b1607f91062;372.35;0.02;SELL
2016-02-03T01:05:31.883000;2016-02-03T01:05:32.027000;59a810eb-0ccd-496b-94d1-808b4575e748;372.35;0.3;SELL
2016-02-03T01:05:31.883000;2016-02-03T01:05:32.027000;9b82df0f-123e-48b0-9c79-dfe2ad8365d6;372.33;0.101;SELL
2016-02-03T01:05:31.883000;2016-02-03T01:05:32.027000;8aa66ac3-bfd0-404c-a5fd-6b204959716e;372.3;0.119;SELL
2016-02-03T01:05:31.883000;2016-02-03T01:05:32.027000;506f44f8-faf6-4fae-8a39-2c67e12675e2;372.27;0.12;SELL
2016-02-03T01:05:31.883000;2016-02-03T01:05:32.027000;aebe4bcc-f0e8-49e8-a30c-726b2c169e80;372.25;0.02;SELL
2016-02-03T01:05:31.887000;2016-02-03T01:05:32.043000;0c05ba99-f3fe-4659-9e2c-d4fc85e1f487;372.25;13.51;SELL
2016-02-03T01:05:31.887000;2016-02-03T01:05:32.043000;bae7003c-59c3-4d99-bd60-55697e08f36a;372.24;0.128;SELL
2016-02-03T01:05:31.887000;2016-02-03T01:05:32.043000;78174eea-4c33-48da-a019-cb78bb20b31e;372.23;4.1;SELL
2016-02-03T01:05:31.887000;2016-02-03T01:05:32.043000;c6e21c77-d1d5-47d3-8c92-4bd2f2fccf91;372.21;0.109;SELL
2016-02-03T01:05:31.887000;2016-02-03T01:05:32.043000;f41ccb77-4a1d-4833-8a08-4fcfb3adec87;372.19;9.36549;SELL
2016-02-03T01:05:31.887000;2016-02-03T01:05:32.043000;c04bdb69-fb0b-4a09-ae18-5cf9ab3f745d;372.18;0.074;SELL
2016-02-03T01:05:31.890000;2016-02-03T01:05:32.043000;c3782762-66f3-4a09-9541-216c3f50f8fb;372.15;0.02;SELL
2016-02-03T01:05:31.890000;2016-02-03T01:05:32.043000;cc0d34aa-0f71-4919-9811-d84c01313d20;372.15;0.118;SELL
2016-02-03T01:05:31.890000;2016-02-03T01:05:32.043000;d0adbd51-a810-40fa-b52f-10d53efa3e87;372.12;0.114;SELL
2016-02-03T01:05:31.890000;2016-02-03T01:05:32.043000;55d38973-72d0-4a5f-afab-11163e855b85;372.1;0.02;SELL
2016-02-03T01:05:31.890000;2016-02-03T01:05:32.043000;f74133b3-4160-4d2d-9dfa-0faee88af70d;372.1;0.05;SELL
2016-02-03T01:05:31.890000;2016-02-03T01:05:32.057000;9ffdd5f3-7401-47a8-95b3-ab3280f39fb7;372.09;0.113;SELL
2016-02-03T01:05:31.890000;2016-02-03T01:05:32.090000;96e8d3d9-6404-4f49-9111-f4446638b9fe;372.06;0.107;SELL
2016-02-03T01:05:31.890000;2016-02-03T01:05:32.107000;5d462bfa-fde0-48c1-bee9-86ad6ad7506e;372.05;0.02;SELL
2016-02-03T01:05:31.890000;2016-02-03T01:05:32.107000;ff22e49d-ff83-416a-b383-91afda442c45;372.04;4.678;SELL
2016-02-03T01:05:31.890000;2016-02-03T01:05:32.107000;44f21f9a-687c-4dbe-bddd-a706c6a10115;372.0;0.0125;SELL
2016-02-03T01:05:31.960000;2016-02-03T01:05:32.107000;009e2931-29dc-403d-b466-c7a09215f344;372.0;1.5105004;BUY
2016-02-03T01:06:01.607000;2016-02-03T01:06:01.653000;e58c7120-59ba-45b0-a776-e9dbcd9606bc;371.99;1.143;SELL
2016-02-03T01:06:01.607000;2016-02-03T01:06:01.667000;4dfd8f88-c901-4b7c-8a9b-83acef133dc1;371.99;5.1;SELL
2016-02-03T01:06:01.607000;2016-02-03T01:06:01.667000;5226a8d7-3551-467e-bd14-fc4be64d7259;371.99;0.267;SELL
2016-02-03T01:06:01.607000;2016-02-03T01:06:01.667000;c42da6cc-1a4f-4d14-8e9f-6a0400a5c78e;371.99;0.267;SELL
2016-02-03T01:06:01.607000;2016-02-03T01:06:01.667000;78e6e272-8258-483d-99d0-f78bfc925daa;371.99;0.267;SELL
2016-02-03T01:06:01.607000;2016-02-03T01:06:01.760000;d8de54f9-d238-47ac-b8c5-ba205333e8df;371.99;0.267;SELL
2016-02-03T01:06:01.607000;2016-02-03T01:06:01.760000;61a9d587-a370-457d-84dd-f7175db8057a;371.99;0.267;SELL
2016-02-03T01:06:01.607000;2016-02-03T01:06:01.760000;45ca47ad-96a0-4bf5-9bf2-169fd2ddd718;371.99;0.267;SELL
2016-02-03T01:06:01.607000;2016-02-03T01:06:01.760000;d96167f9-bc9d-4f91-9360-9c8c97b3f766;371.99;0.09888;SELL
2016-02-03T01:06:04.097000;2016-02-03T01:06:04.167000;3b5325cd-1f6a-43b7-ba45-02a49cdb8de8;372.0;3.26404852;BUY
2016-02-03T01:06:31.013000;2016-02-03T01:06:31.057000;9e964cf1-edf3-449b-bf2a-ebd15446e31b;372.34;0.09208;SELL
2016-02-03T01:06:54.800000;2016-02-03T01:06:54.857000;9eb96f28-7423-4663-ad97-84bf9257e1d4;372.34;3.623;SELL
2016-02-03T01:06:54.800000;2016-02-03T01:06:54.870000;1d8317b4-3b41-4079-a72c-dfffb7043bac;372.34;0.27;SELL
2016-02-03T01:06:54.800000;2016-02-03T01:06:54.870000;62b020df-0592-45f3-b51d-77101555b18e;372.34;0.267;SELL
2016-02-03T01:06:54.800000;2016-02-03T01:06:54.870000;a0edc9bd-7b64-4e3b-92b0-711af3db63bc;372.34;0.267;SELL
2016-02-03T01:06:54.800000;2016-02-03T01:06:54.887000;29793dd2-bda5-475f-9c7c-92488c94a50d;372.34;0.267;SELL
2016-02-03T01:06:54.800000;2016-02-03T01:06:54.963000;81b38608-3771-4e5e-baa9-167d9f87eb82;372.34;0.267;SELL
2016-02-03T01:06:54.800000;2016-02-03T01:06:54.963000;9f94aa82-ac4d-4a74-8216-427036a63045;372.34;0.267;SELL
2016-02-03T01:06:54.800000;2016-02-03T01:06:54.963000;1f520c0a-36cb-44b9-95d7-916e76df7ce1;372.34;0.267;SELL
2016-02-03T01:06:54.800000;2016-02-03T01:06:54.963000;1fd2d568-5f03-477c-a04d-5cad224dfb93;372.34;1.08;SELL
2016-02-03T01:06:54.800000;2016-02-03T01:06:54.963000;18dd627b-3d91-447e-b5a3-be7805472a35;372.31;0.901;SELL
2016-02-03T01:06:54.800000;2016-02-03T01:06:54.963000;5c1c7dd4-d4d2-40fe-a8d1-fc84c4cab544;372.28;0.911;SELL
2016-02-03T01:06:54.800000;2016-02-03T01:06:54.963000;dcc0d7d2-8258-4fd0-9fe1-781e3b128a84;372.25;1.118;SELL
2016-02-03T01:06:54.803000;2016-02-03T01:06:54.963000;537835e7-3c0f-4ed5-98ea-f385978d3d35;372.22;3.993;SELL
2016-02-03T01:06:54.803000;2016-02-03T01:06:54.963000;beb20bc4-3331-47db-9c04-7edcf81dac77;372.22;1.133;SELL
2016-02-03T01:06:54.803000;2016-02-03T01:06:54.963000;61226e05-8990-49c2-a936-96531aaba0a7;372.2;0.02;SELL
2016-02-03T01:06:54.803000;2016-02-03T01:06:54.963000;f355eda0-1c2d-4cc5-992a-b2bc24330aea;372.19;1.083;SELL
2016-02-03T01:06:54.803000;2016-02-03T01:06:54.963000;26ef83ea-6952-4cb4-9ff2-ad06a0d717da;372.16;1.092;SELL
2016-02-03T01:06:54.803000;2016-02-03T01:06:54.963000;7a7ba517-c7db-41f0-8bdd-593e0c7d5dad;372.13;1.107;SELL
2016-02-03T01:06:54.803000;2016-02-03T01:06:54.963000;a096e3f9-8607-48c1-be8e-1f9e99b7f577;372.1;1.116;SELL
2016-02-03T01:06:54.803000;2016-02-03T01:06:54.963000;ec19902e-e086-444c-b06c-bcf6ebef18ea;372.07;1.073;SELL
2016-02-03T01:06:54.803000;2016-02-03T01:06:54.963000;2df15dcd-8201-4f5b-8913-f8f6418ae317;372.04;4.257;SELL
2016-02-03T01:06:54.803000;2016-02-03T01:06:54.963000;d61fccf6-6c04-42fb-96bc-486810463147;372.04;1.124;SELL
2016-02-03T01:06:54.803000;2016-02-03T01:06:54.963000;51bcc1cd-f0f7-4e14-84a6-c05216adf8e0;372.03;8.497;SELL
2016-02-03T01:07:00.743000;2016-02-03T01:07:00.793000;7018e69d-2995-4285-861a-982f48b0ced1;372.34;0.02;BUY
2016-02-03T01:07:00.747000;2016-02-03T01:07:00.807000;df2c2ddf-6b92-49bd-a76c-5ee193c72957;372.34;0.02;BUY
2016-02-03T01:07:00.747000;2016-02-03T01:07:00.807000;46ab2f27-b6a6-4e82-bfe7-bd0f1f356c71;372.34;0.09;BUY
2016-02-03T01:07:00.747000;2016-02-03T01:07:00.807000;996adfba-5e4a-4ede-826f-48ea09906568;372.35;0.02;BUY
2016-02-03T01:07:00.747000;2016-02-03T01:07:00.807000;cbfa97cb-a314-4b5d-9bbf-0b44c32c0a11;372.45;0.02;BUY
2016-02-03T01:07:00.747000;2016-02-03T01:07:00.887000;d76c87eb-b92a-4e80-86b2-f58d63857601;372.55;0.02;BUY
2016-02-03T01:07:00.747000;2016-02-03T01:07:00.887000;25157f02-3839-440c-907c-e1a2dc101b3d;372.6;0.02;BUY
2016-02-03T01:07:00.747000;2016-02-03T01:07:00.887000;e60d265a-6aef-4d7e-a8c4-05d4637c5351;372.6;0.02;BUY
2016-02-03T01:07:00.747000;2016-02-03T01:07:00.887000;10811cd5-590c-48f9-9768-000837cb59ce;372.61;0.02;BUY
2016-02-03T01:07:00.747000;2016-02-03T01:07:00.887000;10e1536a-a380-4d5b-b105-015f45caf810;372.61;0.02;BUY
2016-02-03T01:07:00.747000;2016-02-03T01:07:00.903000;dc1107fe-f4a5-458c-941d-34f658a583bf;372.62;0.02;BUY
2016-02-03T01:07:00.747000;2016-02-03T01:07:00.903000;c8e5c853-34e9-403a-9bba-ea199627652d;372.63;0.02;BUY
2016-02-03T01:07:00.747000;2016-02-03T01:07:00.903000;736bc55a-a692-4d64-b070-41a8a6765dab;372.65;0.01654;BUY
2016-02-03T01:07:00.747000;2016-02-03T01:07:00.903000;c49ec19f-8f44-42c4-9a07-7d523ee40d3c;372.65;0.02;BUY
2016-02-03T01:07:00.747000;2016-02-03T01:07:00.903000;8de64596-12f2-4624-bd4d-aaa6e29a13e2;372.72;0.02;BUY
2016-02-03T01:07:00.747000;2016-02-03T01:07:00.903000;91313a83-ddb8-467c-8d92-c3fdadde5a1c;372.72;0.02;BUY
2016-02-03T01:07:00.747000;2016-02-03T01:07:00.903000;f6add467-a02f-4146-8b40-638075e9a12d;372.72;2.6237;BUY
2016-02-03T01:07:02.197000;2016-02-03T01:07:02.260000;fc3278d2-4730-4b8c-a893-8e5898de3a57;372.73;0.01;BUY
2016-02-03T01:07:31.013000;2016-02-03T01:07:31.057000;d4694999-359f-42fe-a3dd-805749de0a15;372.5;0.23881;BUY
2016-02-03T01:08:00.930000;2016-02-03T01:08:00.980000;2c0e5314-b7ee-4001-903e-da88d4774b60;372.42;0.02;BUY
2016-02-03T01:08:00.933000;2016-02-03T01:08:00.997000;1d245e4b-b6a9-4409-9750-51aeab5eaa07;372.43;0.02;BUY
2016-02-03T01:08:00.933000;2016-02-03T01:08:00.997000;07518628-630d-475f-8513-78b93b4ab198;372.44;0.02;BUY
2016-02-03T01:08:00.933000;2016-02-03T01:08:00.997000;af1f4548-155b-4fd1-9013-55b694145cab;372.44;0.02;BUY
2016-02-03T01:08:00.933000;2016-02-03T01:08:00.997000;e7290500-3aa7-46d1-8696-6ecae7c57314;372.45;0.02;BUY
2016-02-03T01:08:00.933000;2016-02-03T01:08:01.090000;8c419117-86c5-4b43-a596-66ea2a8989ee;372.45;0.02;BUY
2016-02-03T01:08:00.933000;2016-02-03T01:08:01.090000;e702901f-751b-42fc-bf6a-fe72e8542344;372.46;0.02;BUY
2016-02-03T01:08:00.933000;2016-02-03T01:08:01.090000;1bf0e735-33ed-4318-9522-a69791fb02af;372.46;0.02;BUY
2016-02-03T01:08:00.933000;2016-02-03T01:08:01.090000;792da1fc-4776-47c0-a62e-0af0db6b30a4;372.53;0.096;BUY
2016-02-03T01:08:00.933000;2016-02-03T01:08:01.090000;dbb5d97b-0cd4-422f-a022-3fe63b48b0d1;372.56;0.06559;BUY
2016-02-03T01:08:33.777000;2016-02-03T01:08:33.840000;a81a1afa-7f80-4007-bfad-14e3ae8e89e3;372.53;0.02;BUY
2016-02-03T01:08:33.777000;2016-02-03T01:08:33.840000;b27c3503-1b40-4b0e-a0d8-28c8a8cccf6a;372.54;0.02;BUY
2016-02-03T01:08:33.777000;2016-02-03T01:08:33.840000;a1acc628-3bc6-452c-9bac-8c8ff3576d75;372.54;0.02;BUY
2016-02-03T01:08:33.777000;2016-02-03T01:08:33.840000;c88fde20-0924-4a5d-80f9-1f013789b98d;372.55;0.02;BUY
2016-02-03T01:08:33.780000;2016-02-03T01:08:33.887000;ddb13e00-9729-49e0-9d93-2afe6e14a15e;372.55;0.02;BUY
2016-02-03T01:08:33.780000;2016-02-03T01:08:33.903000;f480280e-2668-41a3-9a4d-ee3254ffa8a2;372.56;0.02;BUY
2016-02-03T01:08:33.780000;2016-02-03T01:08:33.903000;a4d4ddbf-ce4b-4d5e-b101-52fcff935135;372.56;0.02;BUY
2016-02-03T01:08:33.780000;2016-02-03T01:08:33.903000;70fff0cf-cfdf-4f2e-8456-1f002b03f0a4;372.57;0.02;BUY
2016-02-03T01:08:33.780000;2016-02-03T01:08:33.903000;1e51a7c0-77fd-47a0-b2af-b764b66b226b;372.57;0.02;BUY
2016-02-03T01:08:33.780000;2016-02-03T01:08:33.903000;5d1f6324-efcb-412e-a304-d637e1c531e4;372.57;0.108;BUY
2016-02-03T01:08:33.780000;2016-02-03T01:08:33.903000;32fe3239-a00c-445a-ac33-ab20fc487736;372.58;0.02;BUY
2016-02-03T01:08:33.780000;2016-02-03T01:08:33.903000;4e14bfd6-e364-4771-b221-15b608ecfd0a;372.58;0.02;BUY
2016-02-03T01:08:33.780000;2016-02-03T01:08:33.903000;66c3f81c-df66-4d4b-88c7-6d3cfea68cee;372.59;0.02;BUY
2016-02-03T01:08:33.780000;2016-02-03T01:08:33.903000;bb83880d-7924-4246-8516-ee87bd59ac1b;372.6;0.72;BUY
2016-02-03T01:08:33.780000;2016-02-03T01:08:33.917000;557c8436-a4b4-457d-a09f-b1478ad77022;372.6;0.098;BUY
2016-02-03T01:08:33.780000;2016-02-03T01:08:33.917000;47ca3402-fc8d-45c5-841a-fbfd40f6cf34;372.61;0.26482;BUY
2016-02-03T01:08:46.177000;2016-02-03T01:08:46.213000;9f56bfb0-afd1-4d7f-83dd-9df1e7f778d2;372.55;0.02;BUY
2016-02-03T01:08:46.177000;2016-02-03T01:08:46.230000;21b397ff-58b0-437f-8d81-c0ba86b2b8d9;372.55;0.02;BUY
2016-02-03T01:08:46.177000;2016-02-03T01:08:46.230000;5c3e4d76-0e23-4013-9620-e21ad3338abc;372.55;0.071;BUY
2016-02-03T01:08:46.177000;2016-02-03T01:08:46.230000;b25c08ad-7f4e-4ced-919b-fce3a3481767;372.56;0.02;BUY
2016-02-03T01:08:46.177000;2016-02-03T01:08:46.230000;1ff1ae40-a07b-4fa7-9680-3c188ced444f;372.56;0.02;BUY
2016-02-03T01:08:46.177000;2016-02-03T01:08:46.230000;9b4f1d56-26df-47b6-bec4-203ef4d1142a;372.57;0.02;BUY
2016-02-03T01:08:46.177000;2016-02-03T01:08:46.260000;66429455-954b-4ade-b806-64e4d3dec128;372.57;0.02;BUY
2016-02-03T01:08:46.177000;2016-02-03T01:08:46.307000;cd077e66-648f-4c9d-a98a-567c5104512f;372.58;0.02;BUY
2016-02-03T01:08:46.177000;2016-02-03T01:08:46.323000;ccec86e1-c819-4a23-8d6a-91a472a1eb28;372.58;0.02;BUY
2016-02-03T01:08:46.177000;2016-02-03T01:08:46.323000;9742b677-44e8-4d6d-9376-767ecc2adbcd;372.58;0.088;BUY
2016-02-03T01:08:46.177000;2016-02-03T01:08:46.323000;414fd1c8-f727-484c-b930-bb6d9af097e6;372.59;0.02;BUY
2016-02-03T01:08:46.180000;2016-02-03T01:08:46.323000;66573aed-cc19-4a4f-8860-01426f042892;372.59;0.02;BUY
2016-02-03T01:08:46.180000;2016-02-03T01:08:46.323000;4642a830-fbc5-4722-b795-f2b1a08b5439;372.6;0.011;BUY
2016-02-03T01:08:55.913000;2016-02-03T01:08:55.950000;5d720a55-ef23-47c9-a28e-649c984c613e;372.56;0.37;BUY
2016-02-03T01:08:58.100000;2016-02-03T01:08:58.153000;a81aae3a-0926-4b91-83da-f6aa8a2f8a62;372.55;0.02;SELL
2016-02-03T01:08:58.103000;2016-02-03T01:08:58.167000;672b87fe-5c97-4878-8001-fcb3be16d2e5;372.55;0.02;SELL
2016-02-03T01:08:58.103000;2016-02-03T01:08:58.167000;1ae2137b-47fc-4ee3-b936-f5d99982c2ba;372.55;0.05306138;SELL
2016-02-03T01:08:58.103000;2016-02-03T01:08:58.167000;d737e30e-bdfa-44f9-a255-4fffb53b888d;372.54;0.02;SELL
2016-02-03T01:08:58.103000;2016-02-03T01:08:58.183000;020b00ab-f97d-4963-b97b-eb9abd7730d4;372.54;0.01514512;SELL
2016-02-03T01:08:58.110000;2016-02-03T01:08:58.230000;2ded734e-5f3d-49a8-81b6-764b155afe9e;372.54;0.00485488;SELL
2016-02-03T01:08:58.110000;2016-02-03T01:08:58.260000;351d2700-fd94-435c-8ffa-e671130fb7d4;372.53;0.02;SELL
2016-02-03T01:08:58.110000;2016-02-03T01:08:58.260000;6a1dda0e-7e88-48eb-9743-c6e21aebf866;372.52;0.02;SELL
2016-02-03T01:08:58.110000;2016-02-03T01:08:58.260000;7001dc06-f76e-458d-ba0b-18f42b1b4a1f;372.52;0.02;SELL
2016-02-03T01:08:58.110000;2016-02-03T01:08:58.260000;649c7257-0fd8-4448-8b97-6efdef24a0ff;372.51;0.02;SELL
2016-02-03T01:08:58.110000;2016-02-03T01:08:58.260000;698e6e54-e5ec-462f-8029-f63f9ce0ca8f;372.51;0.02;SELL
2016-02-03T01:08:58.110000;2016-02-03T01:08:58.260000;f2f9a63e-f95a-4e8d-b092-1671385708b4;372.5;0.02;SELL
2016-02-03T01:08:58.110000;2016-02-03T01:08:58.260000;95fca54c-7173-4408-b20e-156b7960e7e5;372.5;0.02;SELL
2016-02-03T01:08:58.110000;2016-02-03T01:08:58.260000;1ab9505e-cde5-4a5b-b4d2-45f5392abe99;372.49;0.02;SELL
2016-02-03T01:08:58.113000;2016-02-03T01:08:58.260000;35fe8363-394d-43b9-a909-8e4151412b62;372.49;0.102;SELL
2016-02-03T01:08:58.113000;2016-02-03T01:08:58.260000;c8c94576-0f4b-4bc9-ae60-9a2b3fe99db3;372.48;0.02;SELL
2016-02-03T01:08:58.113000;2016-02-03T01:08:58.260000;006f5b16-0799-4d18-a6b0-7e007a9c676a;372.48;0.02;SELL
2016-02-03T01:08:58.113000;2016-02-03T01:08:58.260000;8855cc8b-1c90-4443-adf4-97190b8b15e3;372.47;0.02;SELL
2016-02-03T01:08:58.113000;2016-02-03T01:08:58.260000;b4eebb4d-e329-4666-bd09-9609ddd303b6;372.47;0.02;SELL
2016-02-03T01:08:58.113000;2016-02-03T01:08:58.260000;bf55c70e-a3a4-4dfc-a3b5-68955f0519e9;372.47;0.074;SELL
2016-02-03T01:08:58.113000;2016-02-03T01:08:58.260000;541db322-5281-4c5b-bfef-315f0466001b;372.46;0.02;SELL
2016-02-03T01:08:58.113000;2016-02-03T01:08:58.260000;b66a4a87-af51-48e9-8c66-306a1b86b944;372.46;0.02;SELL
2016-02-03T01:08:58.113000;2016-02-03T01:08:58.260000;4df5c2ee-6332-4751-8bdd-fb9505f7dc88;372.45;0.02;SELL
2016-02-03T01:08:58.113000;2016-02-03T01:08:58.260000;e376e554-665e-405f-8dcf-c2c47322c73c;372.45;0.02;SELL
2016-02-03T01:08:58.113000;2016-02-03T01:08:58.260000;4534d794-5c62-4be4-9904-611edfe147b4;372.44;0.02;SELL
2016-02-03T01:08:58.113000;2016-02-03T01:08:58.260000;24fb9f98-460a-4101-8380-ec139a268aa8;372.44;0.02;SELL
2016-02-03T01:08:58.113000;2016-02-03T01:08:58.260000;69d1978c-08b8-43a0-9750-40926dabb87d;372.44;0.109;SELL
2016-02-03T01:08:58.113000;2016-02-03T01:08:58.260000;2226978a-7e6a-45af-85e1-0dd832f29859;372.43;0.02;SELL
2016-02-03T01:08:58.113000;2016-02-03T01:08:58.260000;c8d3c627-0dc3-46d8-a91c-5fad60245035;372.43;0.02;SELL
2016-02-03T01:08:58.113000;2016-02-03T01:08:58.260000;87b8c7f0-92aa-4573-9988-35042c1f8526;372.41;0.02;SELL
2016-02-03T01:08:58.113000;2016-02-03T01:08:58.277000;6b9af622-3438-4fcc-b749-4abb5d7fcc88;372.41;0.096;SELL
2016-02-03T01:08:58.113000;2016-02-03T01:08:58.277000;a2701479-40c1-4f03-86bc-357e988327d8;372.4;0.02;SELL
2016-02-03T01:08:58.113000;2016-02-03T01:08:58.277000;c137070f-7143-445a-a5b3-66f778f25497;372.39;0.02;SELL
2016-02-03T01:08:58.113000;2016-02-03T01:08:58.277000;727376d5-9a88-47c4-9778-53dba112b44f;372.39;0.02;SELL
2016-02-03T01:08:58.113000;2016-02-03T01:08:58.277000;a22851b3-689e-4680-9891-4b4fa2f3a938;372.38;0.02;SELL
2016-02-03T01:08:58.113000;2016-02-03T01:08:58.277000;12eb028a-e994-49d6-a82d-a928164cabea;372.38;0.02;SELL
2016-02-03T01:08:58.117000;2016-02-03T01:08:58.277000;af23e2fb-f2a8-4f99-a7e9-a25b3d7bc7b5;372.38;0.072;SELL
2016-02-03T01:08:58.117000;2016-02-03T01:08:58.277000;f77ee6ff-b977-49a3-8801-34a299a45d63;372.37;0.02;SELL
2016-02-03T01:08:58.117000;2016-02-03T01:08:58.277000;4ef4516c-d580-4b08-976d-18267fa8f604;372.36;0.02;SELL
2016-02-03T01:08:58.117000;2016-02-03T01:08:58.277000;2f64b5e3-a4df-4826-8a98-4bc61a31af61;372.35;0.02;SELL
2016-02-03T01:08:58.117000;2016-02-03T01:08:58.277000;8177d322-b8af-4a9b-8b45-141f92c5075f;372.35;0.096;SELL
2016-02-03T01:08:58.117000;2016-02-03T01:08:58.277000;40419acc-a2e4-4313-bcb1-b1593a8ccc40;372.35;0.01;SELL
2016-02-03T01:08:58.117000;2016-02-03T01:08:58.277000;1cbae05f-9582-4c7c-9bec-337665a0730e;372.32;0.128;SELL
2016-02-03T01:08:58.117000;2016-02-03T01:08:58.277000;00c93d65-5ec5-4ec9-b16b-5b0dcd27e284;372.29;0.094;SELL
2016-02-03T01:08:58.117000;2016-02-03T01:08:58.323000;5f2d5ae0-0931-4fd8-8f0d-b2d1a120918d;372.26;0.03318762;SELL
2016-02-03T01:08:58.123000;2016-02-03T01:08:58.323000;97dd772c-1b4d-40e2-ae70-24142a54682a;372.26;0.08581238;SELL
2016-02-03T01:08:58.123000;2016-02-03T01:08:58.323000;8922bae9-2bd4-4d12-b31c-2b2b3758cc94;372.25;0.02;SELL
2016-02-03T01:08:58.123000;2016-02-03T01:08:58.323000;1f94f35d-17f4-49dc-a9f5-8be28f580246;372.24;0.0911;SELL
2016-02-03T01:08:58.123000;2016-02-03T01:08:58.357000;248f829a-5b2c-482d-8211-ac753ab068ea;372.23;0.081;SELL
2016-02-03T01:08:58.123000;2016-02-03T01:08:58.357000;628ea2a4-6921-4ea8-97e6-b0b7be8ef73d;372.22;0.27459762;SELL
2016-02-03T01:08:58.130000;2016-02-03T01:08:58.357000;9ba4d5c6-8b08-4398-87b1-551331974406;372.22;1.499407;SELL
2016-02-03T01:08:58.130000;2016-02-03T01:08:58.357000;f9ac89bd-1bad-4f15-9d22-28fc5bf4fd91;372.22;0.1;SELL
2016-02-03T01:09:01.573000;2016-02-03T01:09:01.607000;0e8ba5b1-4b0f-4a6d-aaf6-cd8f08648768;372.22;1.07473;SELL
2016-02-03T01:09:30.127000;2016-02-03T01:09:30.167000;a4fa553c-5c62-434c-88cd-c6dd43f5d8cc;372.31;0.02;BUY
2016-02-03T01:09:30.127000;2016-02-03T01:09:30.183000;d6bf102a-9b52-4a50-81d3-34e97f2650ca;372.31;0.02;BUY
2016-02-03T01:09:30.127000;2016-02-03T01:09:30.183000;17de7377-43f4-4fad-b02e-84be78f44029;372.32;0.02;BUY
2016-02-03T01:09:30.127000;2016-02-03T01:09:30.183000;2dbb2748-7a5e-44d2-b555-59ba298289cd;372.33;0.02;BUY
2016-02-03T01:09:30.127000;2016-02-03T01:09:30.183000;999bc0fa-c4e5-47a6-a4f1-ea4739277c74;372.34;0.02;BUY
2016-02-03T01:09:30.127000;2016-02-03T01:09:30.183000;94e9e62b-01d0-462f-84d1-f40bd94cad34;372.34;0.02;BUY
2016-02-03T01:09:30.127000;2016-02-03T01:09:30.213000;f9e24d5d-47d8-4a58-8416-21231d16bc9d;372.35;0.02;BUY
2016-02-03T01:09:30.127000;2016-02-03T01:09:30.213000;ba2c383a-25d6-46b5-b3b2-af42b0ad5f51;372.35;0.02;BUY
