time_exchange;time_coinpai;guid;price;base_amount;taker_side
2016-02-22T00:01:03.227000;2016-02-22T00:01:03.270000;c5977b76-ff77-4422-89fc-dc7273fd527b;438.56;0.71243574;SELL
2016-02-22T00:01:03.227000;2016-02-22T00:01:03.300000;6fd14310-5668-428a-8b11-b34fa43310ad;438.56;1.99999999;SELL
2016-02-22T00:01:03.227000;2016-02-22T00:01:03.300000;0db67f84-8329-4946-be2f-2aecfc04ff06;438.56;0.0914058;SELL
2016-02-22T00:01:03.227000;2016-02-22T00:01:03.300000;a678b3ca-5662-4c3d-b20f-50bb2df68a4b;438.56;1.06931448;SELL
2016-02-22T00:01:03.227000;2016-02-22T00:01:03.300000;528dad88-f624-4ece-b286-dfaa77f56ccf;438.55;0.02;SELL
2016-02-22T00:01:03.227000;2016-02-22T00:01:03.300000;0d140416-d671-42c9-a53d-8003655cffd7;438.54;0.02;SELL
2016-02-22T00:01:03.227000;2016-02-22T00:01:03.317000;1c33e945-d5dd-44a7-bff2-72a81de42a1b;438.54;0.01;SELL
2016-02-22T00:01:03.227000;2016-02-22T00:01:03.333000;f3bedbc3-196b-4ccb-8cfd-16f17997a4f6;438.54;0.01;SELL
2016-02-22T00:01:03.227000;2016-02-22T00:01:03.333000;33126072-3161-46cf-b9e2-6f0ec7e6901c;438.53;0.01;SELL
2016-02-22T00:01:03.230000;2016-02-22T00:01:03.333000;696ddc7d-2a4a-40a6-b447-0a938baecb5f;438.52;0.023;SELL
2016-02-22T00:01:03.230000;2016-02-22T00:01:03.333000;1b0b1767-5c7c-4b08-af64-08a279b078dc;438.51;0.024;SELL
2016-02-22T00:01:03.230000;2016-02-22T00:01:03.333000;db6e4138-666a-4615-a8b3-6c28131d7ba8;438.51;0.01;SELL
2016-02-22T00:01:03.230000;2016-02-22T00:01:03.333000;80ab42b6-2df1-4676-9418-e6355131f878;438.5;0.0125;SELL
2016-02-22T00:01:03.230000;2016-02-22T00:01:03.333000;2408d450-3324-4969-a456-e6075d272cb9;438.49;0.01;SELL
2016-02-22T00:01:03.230000;2016-02-22T00:01:03.333000;24077746-a11c-4803-9088-b46e2ad6793d;438.48;0.022844;SELL
2016-02-22T00:01:03.230000;2016-02-22T00:01:03.333000;ff794180-e033-43b2-94ec-17dcec7e62ea;438.47;0.013192;SELL
2016-02-22T00:01:03.230000;2016-02-22T00:01:03.347000;5e906e51-8126-4078-a087-7f5602a64238;438.47;0.01;SELL
2016-02-22T00:01:03.230000;2016-02-22T00:01:03.347000;cf1e11d9-93e9-4810-a129-9873965f66e4;438.47;0.997;SELL
2016-02-22T00:01:03.230000;2016-02-22T00:01:03.347000;6df5055b-632c-4eec-9916-e57e24b34eca;438.46;0.02518631;SELL
2016-02-22T00:01:03.230000;2016-02-22T00:01:03.347000;a317a396-267e-4c5e-8fae-b7a8e9eddc12;438.45;0.0230743;SELL
2016-02-22T00:01:03.230000;2016-02-22T00:01:03.347000;193989f2-fc13-44e6-955d-9eadd6b7197c;438.44;0.01;SELL
2016-02-22T00:01:03.230000;2016-02-22T00:01:03.347000;aa9fd470-f400-4c75-a5b2-cbf3c2b6e910;438.43;0.0277465;SELL
2016-02-22T00:01:03.230000;2016-02-22T00:01:03.347000;6164b43a-15cd-4a28-9ff6-798d33a84666;438.42;0.01398364;SELL
2016-02-22T00:01:03.230000;2016-02-22T00:01:03.363000;c74359b7-cc31-4128-aae4-6f2bfe144464;438.42;0.981;SELL
2016-02-22T00:01:03.230000;2016-02-22T00:01:03.363000;956794f1-677a-4b04-93f2-3cbcf9dea4b4;438.41;0.01754636;SELL
2016-02-22T00:01:03.230000;2016-02-22T00:01:03.363000;609ed7b4-c8ab-4d08-bd04-c60d841e0603;438.41;0.2;SELL
2016-02-22T00:01:03.233000;2016-02-22T00:01:03.363000;d1efe1d1-760b-4fc1-8ce7-e6631c0be345;438.4;0.01;SELL
2016-02-22T00:01:03.233000;2016-02-22T00:01:03.363000;c6c14c8e-d75b-4cfd-a866-dcbd53312fce;438.39;0.021474;SELL
2016-02-22T00:01:03.233000;2016-02-22T00:01:03.380000;0534a387-1994-4913-99a0-03613240cc65;438.38;0.02219189;SELL
2016-02-22T00:01:03.233000;2016-02-22T00:01:03.380000;87ada3cd-9741-4238-a90b-9937b077ef66;438.37;0.987;SELL
2016-02-22T00:01:03.233000;2016-02-22T00:01:03.380000;d44082a7-8ac8-499f-bcfc-ff7ff0b0db43;438.36;0.019712;SELL
2016-02-22T00:01:03.233000;2016-02-22T00:01:03.380000;785095be-2b4d-4491-8eb0-821c2dea43c6;438.34;0.01;SELL
2016-02-22T00:01:03.233000;2016-02-22T00:01:03.380000;1f1bdf1f-4b66-4d0d-9b54-2112b3e95454;438.3;0.99;SELL
2016-02-22T00:01:03.233000;2016-02-22T00:01:03.380000;72b76ddf-26cb-41b7-8530-0626a9ae83c3;438.29;0.01;SELL
2016-02-22T00:01:03.233000;2016-02-22T00:01:03.380000;790e7648-17bb-4c0e-903a-8207aeeac04f;438.29;0.687;SELL
2016-02-22T00:01:03.233000;2016-02-22T00:01:03.380000;67c03237-d46d-4f3e-8b65-68351f4607f1;438.28;0.01;SELL
2016-02-22T00:01:03.233000;2016-02-22T00:01:03.380000;f9d231c1-0719-472e-8777-44b774fba136;438.24;0.703;SELL
2016-02-22T00:01:03.233000;2016-02-22T00:01:03.380000;094394ea-c4bc-4e4a-93b7-b97c969ab266;438.2;0.01;SELL
2016-02-22T00:01:03.233000;2016-02-22T00:01:03.380000;7fe180a7-0c76-4411-8a74-1513c730d0b9;438.19;0.718;SELL
2016-02-22T00:01:03.233000;2016-02-22T00:01:03.380000;72ee21e8-1e49-400d-b4e6-c1899c6be2f5;438.18;0.01;SELL
2016-02-22T00:01:03.233000;2016-02-22T00:01:03.380000;141253fc-fdd6-42b5-a9cb-06a711d2815f;438.14;0.01;SELL
2016-02-22T00:01:03.233000;2016-02-22T00:01:03.397000;934297ec-27fd-44c5-898b-873094a8f410;438.14;0.704;SELL
2016-02-22T00:01:03.237000;2016-02-22T00:01:03.397000;d19ad5b8-16d4-417c-923d-d9adb9a2e270;438.13;0.01;SELL
2016-02-22T00:01:03.237000;2016-02-22T00:01:03.397000;4f0ad0d9-a68d-4ebc-8ecb-4c83a3269610;438.11;0.01;SELL
2016-02-22T00:01:03.237000;2016-02-22T00:01:03.397000;842c4fe5-16d5-4725-9e8c-5bbee3f13e25;438.09;0.711;SELL
2016-02-22T00:01:03.237000;2016-02-22T00:01:03.427000;1bf4f566-de90-4c8d-8b02-93e86bd9d77d;438.06;0.01;SELL
2016-02-22T00:01:03.237000;2016-02-22T00:01:03.427000;83b8ea83-5a05-4381-ad98-c881d7f3ac6a;438.04;0.719;SELL
2016-02-22T00:01:03.237000;2016-02-22T00:01:03.427000;01fdd4ca-7df4-4052-959e-dbcdda3b39ac;438.0;0.01;SELL
2016-02-22T00:01:03.237000;2016-02-22T00:01:03.427000;c4416e87-19ce-4843-9f51-3e3d6df86bc5;438.0;0.0125;SELL
2016-02-22T00:01:03.237000;2016-02-22T00:01:03.427000;fccd5947-3e58-4a28-8a02-7220a527adb7;437.99;0.708;SELL
2016-02-22T00:01:03.237000;2016-02-22T00:01:03.427000;3cde0ce3-49a8-4889-ac31-59b0e367527c;437.96;0.035;SELL
2016-02-22T00:01:03.237000;2016-02-22T00:01:03.427000;5348b59f-f338-4a10-a8e4-6a71e57dd3d1;437.94;0.675;SELL
2016-02-22T00:01:03.237000;2016-02-22T00:01:03.427000;da7ccd3b-d551-48f0-a5d5-aa80f5a0419e;437.93;0.034;SELL
2016-02-22T00:01:03.237000;2016-02-22T00:01:03.427000;20bd427e-71e5-4e52-9fca-5f00f70de418;437.91;0.034;SELL
2016-02-22T00:01:03.237000;2016-02-22T00:01:03.443000;547a4a6b-fe24-4d53-a111-6a1c42a5b441;437.89;0.19635299;SELL
2016-02-22T00:01:31.360000;2016-02-22T00:01:31.397000;44c732bd-fb74-41d7-b659-c51478666b5a;438.01;0.01;SELL
2016-02-22T00:01:38.057000;2016-02-22T00:01:38.100000;3389846c-4bd2-4207-98df-dc2c7ddf1311;438.01;0.002;SELL
2016-02-22T00:01:38.057000;2016-02-22T00:01:38.113000;b47c8b83-fb68-4af9-8ca8-c6dddbc08ba7;438.01;0.082;SELL
2016-02-22T00:01:38.057000;2016-02-22T00:01:38.113000;a9d2c340-933d-4b40-94c8-eb5615e3159f;438.0;0.012;SELL
2016-02-22T00:01:38.057000;2016-02-22T00:01:38.113000;8bdf26cd-41ef-48d4-9cb5-08ef734a559b;438.0;0.012;SELL
2016-02-22T00:01:38.057000;2016-02-22T00:01:38.113000;a30525fa-7796-4307-81f8-467a5396f3d1;437.99;0.012;SELL
2016-02-22T00:01:38.057000;2016-02-22T00:01:38.130000;6c84b955-72bf-4797-98a2-039bd57140b7;437.98;0.012;SELL
2016-02-22T00:01:38.057000;2016-02-22T00:01:38.130000;baa36f33-c8a5-41a9-aeba-b350e2ee9650;437.97;0.012;SELL
2016-02-22T00:01:38.060000;2016-02-22T00:01:38.130000;df959c32-a7cf-453c-b82d-c777eb1490cc;437.96;0.012;SELL
2016-02-22T00:01:38.060000;2016-02-22T00:01:38.130000;ed43cd3b-0d2f-4619-a23e-42d50c157808;437.96;0.077;SELL
2016-02-22T00:01:38.060000;2016-02-22T00:01:38.147000;27bb4076-64ee-45a7-8241-8e8e9735b7d9;437.95;0.035;SELL
2016-02-22T00:01:38.060000;2016-02-22T00:01:38.147000;bee3e33e-8419-440b-b9e5-df31c0ca5d25;437.94;0.018;SELL
2016-02-22T00:01:38.060000;2016-02-22T00:01:38.147000;9f9613ba-f67c-47ee-a3a6-940caeae8116;437.93;0.0181;SELL
2016-02-22T00:01:38.060000;2016-02-22T00:01:38.147000;3d4dc58d-1a31-4235-9570-9cf4c7705d2e;437.92;0.034;SELL
2016-02-22T00:01:38.060000;2016-02-22T00:01:38.147000;0a4fa4ae-1bb3-4ca5-9ead-b0cd6ee35912;437.91;0.018157;SELL
2016-02-22T00:01:38.060000;2016-02-22T00:01:38.147000;c2cb69d3-0865-40bc-8f8c-be1cc549e51c;437.91;0.108;SELL
2016-02-22T00:01:38.060000;2016-02-22T00:01:38.147000;1ff932c4-a18d-4bab-8404-ef69027f842d;437.9;0.012;SELL
2016-02-22T00:01:38.060000;2016-02-22T00:01:38.193000;fb6a841e-ba60-40f2-afc5-7fdb30eb54e2;437.9;0.034;SELL
2016-02-22T00:01:38.060000;2016-02-22T00:01:38.193000;52ba1fa2-713a-467c-909a-fdaf0df8c834;437.9;0.49;SELL
2016-02-22T00:01:38.060000;2016-02-22T00:01:38.193000;350048a8-e65b-4fc6-bf4b-6eb2b3216ee1;437.85;0.03;SELL
2016-02-22T00:01:38.060000;2016-02-22T00:01:38.193000;80f95954-440b-4338-adc2-0caa04e4b414;437.84;0.101753;SELL
2016-02-22T00:02:08.707000;2016-02-22T00:02:08.753000;ddf07342-0632-4436-be7f-227443ac1ac7;438.04;0.041;BUY
2016-02-22T00:02:08.707000;2016-02-22T00:02:08.770000;dfed2cf5-0b73-4381-a8a1-ff0c4f7e81c7;438.05;0.01;BUY
2016-02-22T00:02:08.707000;2016-02-22T00:02:08.770000;fe35d833-b8b3-4479-9458-59865b294d0a;438.06;0.01;BUY
2016-02-22T00:02:08.707000;2016-02-22T00:02:08.770000;e9db2346-8658-4691-9e15-e7c13941470e;438.07;0.01;BUY
2016-02-22T00:02:08.707000;2016-02-22T00:02:08.770000;06ba44b2-d3d7-4b3e-89cc-057d8406d8ed;438.08;0.01;BUY
2016-02-22T00:02:08.710000;2016-02-22T00:02:08.770000;7e0171a1-9861-4f9a-b4d1-558906f44522;438.09;0.1545;BUY
2016-02-22T00:08:35.440000;2016-02-22T00:08:35.457000;aa0d650a-df57-4324-8ee7-b7e53ef04f6c;438.07;0.03;SELL
2016-02-22T00:08:35.440000;2016-02-22T00:08:35.473000;a2b49468-6f39-494c-83f5-15b3af274ccf;438.07;0.117;SELL
2016-02-22T00:08:35.440000;2016-02-22T00:08:35.473000;ef9b6286-c103-4798-9456-9631db1e05f4;438.07;0.05000777;SELL
2016-02-22T00:08:35.440000;2016-02-22T00:08:35.473000;7c2ca0b7-24d0-494a-a9b3-0b842a05b74f;438.07;0.86410223;SELL
2016-02-22T00:09:07.487000;2016-02-22T00:09:07.503000;772138a7-4485-4a28-bd16-291133a52981;438.07;4.13589777;SELL
2016-02-22T00:09:07.487000;2016-02-22T00:09:07.520000;d8dd40eb-42d5-4b11-9467-e414cd4c8d5e;438.07;0.755;SELL
2016-02-22T00:09:07.487000;2016-02-22T00:09:07.520000;82f4075f-5b5c-4e12-bc3d-33455f407c05;438.06;0.031;SELL
2016-02-22T00:09:07.487000;2016-02-22T00:09:07.520000;456152a2-b389-4351-9810-1758f32ed1b1;438.05;0.031;SELL
2016-02-22T00:09:07.487000;2016-02-22T00:09:07.520000;4f7ffce6-b64f-4f5d-a149-9f31b633ffbd;438.04;0.031;SELL
2016-02-22T00:09:07.487000;2016-02-22T00:09:07.537000;ac3ea034-ac58-420f-adbe-c1875a7574be;438.03;0.032;SELL
2016-02-22T00:09:07.487000;2016-02-22T00:09:07.613000;7a5736c7-7905-4302-9ca0-5adb64c56007;438.02;0.033;SELL
2016-02-22T00:09:07.487000;2016-02-22T00:09:07.613000;7e75527f-8728-40a8-ab71-b0935fbe0b40;438.02;0.112;SELL
2016-02-22T00:09:07.490000;2016-02-22T00:09:07.613000;747f5b83-a9aa-48e4-a3f9-aa3377d869b9;438.01;0.018786;SELL
2016-02-22T00:09:07.490000;2016-02-22T00:09:07.613000;011c06b4-0c08-4ba8-a23c-df594d4f0e51;438.0;0.01;SELL
2016-02-22T00:09:07.490000;2016-02-22T00:09:07.613000;cce570f2-a941-4de2-ac2b-7b22d3b39ee1;437.99;0.01;SELL
2016-02-22T00:09:07.490000;2016-02-22T00:09:07.613000;aaede829-c236-49e8-8642-80ddf6107a77;437.98;0.01;SELL
2016-02-22T00:09:07.490000;2016-02-22T00:09:07.613000;8a878dd1-14d1-4d4f-b3ad-5b8ded580a30;437.98;0.2276;SELL
2016-02-22T00:09:07.490000;2016-02-22T00:09:07.613000;90352b27-35bd-4798-8e09-9793bd67e5cb;437.97;0.01;SELL
2016-02-22T00:09:07.490000;2016-02-22T00:09:07.613000;e4648c70-8c7b-43b6-b006-e38cc0db2ced;437.97;0.083;SELL
2016-02-22T00:09:07.490000;2016-02-22T00:09:07.613000;b11f97c9-1fc6-4598-9908-6d465d6b9f85;437.96;0.02988708;SELL
2016-02-22T00:09:07.490000;2016-02-22T00:09:07.613000;cb6d6dfc-fa39-4c44-994c-130dbc296a77;437.95;0.02691491;SELL
2016-02-22T00:09:07.490000;2016-02-22T00:09:07.613000;79a1d1c2-0a1e-4523-9912-253b95f74372;437.93;2.35606424;SELL
2016-02-22T00:09:32.477000;2016-02-22T00:09:32.490000;7be8a972-d802-45f7-9cd7-9b21cb6fdbc0;437.97;0.01;BUY
2016-02-22T00:09:32.477000;2016-02-22T00:09:32.503000;928845d5-97d4-4810-a33c-d236e49e16f0;437.98;0.01;BUY
2016-02-22T00:09:32.477000;2016-02-22T00:09:32.503000;9d1b2069-8ad8-4ba7-8f5b-2dd31b654331;437.99;0.01;BUY
2016-02-22T00:09:32.477000;2016-02-22T00:09:32.503000;de2c4a81-91ae-4958-ab21-bf20b0b82e6b;438.0;0.02;BUY
2016-02-22T00:09:32.477000;2016-02-22T00:09:32.503000;7707ac36-3c8f-4200-afb9-3a9cca9ab0c3;438.02;0.028871;BUY
2016-02-22T00:09:32.477000;2016-02-22T00:09:32.503000;244a1936-daa4-4dc8-bb91-ab7c78b3a699;438.09;0.02764;BUY
2016-02-22T00:09:32.477000;2016-02-22T00:09:32.503000;35ffa7b3-5529-4a73-b3e7-a1c0a5f7e315;438.1;0.0169;BUY
2016-02-22T00:09:32.477000;2016-02-22T00:09:32.537000;3620e71c-3157-423e-a895-b12fc0675406;438.1;0.277619;BUY
2016-02-22T00:10:02.350000;2016-02-22T00:10:02.363000;129c3d8b-68ff-413f-8bd4-4fbd1debcfd8;438.01;0.015;SELL
2016-02-22T00:10:02.350000;2016-02-22T00:10:02.380000;9292c129-ea5d-4fac-98ea-819dd7c80e80;438.01;0.02444;SELL
2016-02-22T00:10:31.973000;2016-02-22T00:10:31.990000;b845415c-9b0c-4554-91b5-33d8ddc16902;438.02;0.03;SELL
2016-02-22T00:10:31.973000;2016-02-22T00:10:32.003000;b4a19a91-e325-43a2-9e0c-b6a715d144cb;438.02;0.074;SELL
2016-02-22T00:10:31.973000;2016-02-22T00:10:32.003000;2658f2ad-1793-43e1-be83-3c73a304dbc2;438.01;0.031;SELL
2016-02-22T00:10:31.973000;2016-02-22T00:10:32.003000;4d48bf54-9954-423b-8945-3db580626515;438.0;0.016;SELL
2016-02-22T00:10:31.973000;2016-02-22T00:10:32.003000;7eb0eed7-423c-4097-8c0c-7123a5ac7a64;438.0;0.09402;SELL
2016-02-22T00:12:07.720000;2016-02-22T00:12:07.787000;defe243e-be42-4124-ab2d-d47403c137c7;438.03;0.01;BUY
2016-02-22T00:12:07.720000;2016-02-22T00:12:07.787000;30ad48e4-7e56-420b-bb19-dc7b079bf70c;438.04;0.01;BUY
2016-02-22T00:12:07.720000;2016-02-22T00:12:07.800000;9653f9f9-f3e6-4e8e-8518-b47af4a02c6c;438.05;0.0268;BUY
2016-02-22T00:12:07.720000;2016-02-22T00:12:07.800000;f63e7f51-471d-4c54-b27e-79e71a7a425f;438.05;0.27;BUY
2016-02-22T00:12:07.720000;2016-02-22T00:12:07.800000;a9c0be24-30d5-4770-8b86-39d5d432f512;438.07;0.012;BUY
2016-02-22T00:12:07.720000;2016-02-22T00:12:07.800000;ee36f662-8e69-4962-93b0-d6aedd6d7e13;438.08;0.012;BUY
2016-02-22T00:12:07.720000;2016-02-22T00:12:07.800000;7e6cb92e-0b06-4ba5-a62d-b325cb7172fa;438.09;0.06284;BUY
2016-02-22T00:12:34.403000;2016-02-22T00:12:34.457000;32fb5ae0-6604-42d1-8a4c-c4d4b25b7c05;438.11;0.01;BUY
2016-02-22T00:12:34.403000;2016-02-22T00:12:34.473000;1976e7a4-f25e-43cf-80f3-b6b639b9816a;438.11;0.128;BUY
2016-02-22T00:12:34.403000;2016-02-22T00:12:34.473000;7177126f-eb6e-486f-8d80-07adaffff1d4;438.12;0.01945;BUY
2016-02-22T00:12:34.403000;2016-02-22T00:12:34.503000;845da037-baa8-437d-9cfb-8da2613cd688;438.12;0.107;BUY
2016-02-22T00:12:34.407000;2016-02-22T00:12:34.503000;493ee494-1196-428a-99d4-b0082628fd94;438.13;0.01;BUY
2016-02-22T00:12:34.407000;2016-02-22T00:12:34.503000;9b2def25-b2a1-4ec1-b0a0-3b5d990f152c;438.13;0.01064;BUY
2016-02-22T00:13:02.673000;2016-02-22T00:13:02.740000;535c4f73-5bdd-483f-8509-4ec3f8d97694;438.08;0.024;SELL
2016-02-22T00:13:02.673000;2016-02-22T00:13:02.740000;79f8cc06-b791-4cd4-86c3-2ca6f09ba079;438.08;0.36279;SELL
2016-02-22T00:13:31.380000;2016-02-22T00:13:31.427000;98c466e7-e89e-4dc6-9a22-7f6402e890f3;438.08;0.05320145;SELL
2016-02-22T00:13:31.380000;2016-02-22T00:13:31.457000;43d28f07-400d-4ae1-9205-7da55a3f1493;438.08;0.19094901;SELL
2016-02-22T00:13:31.380000;2016-02-22T00:13:31.457000;f77dae21-fffa-46e1-b23b-3b45291f7191;438.08;0.024;SELL
2016-02-22T00:13:31.380000;2016-02-22T00:13:31.457000;a2f2689f-f635-4373-8bcd-d831aae75a4a;438.08;5.0;SELL
2016-02-22T00:13:31.380000;2016-02-22T00:13:31.457000;82f4befb-4e29-4e79-b5de-f910a2165217;438.07;0.025;SELL
2016-02-22T00:13:31.380000;2016-02-22T00:13:31.457000;70017044-9273-42a6-9cf8-0ce71d31bdf7;438.07;0.025;SELL
2016-02-22T00:13:31.383000;2016-02-22T00:13:31.473000;e9c9897d-b990-4866-8fae-d78fa2ff78c3;438.06;0.025;SELL
2016-02-22T00:13:31.383000;2016-02-22T00:13:31.473000;bcdcbbf7-cac2-4e60-868b-6b3637571e57;438.06;0.025;SELL
2016-02-22T00:13:31.383000;2016-02-22T00:13:31.473000;ba01604a-d6ee-4dbb-a2a3-ed91128ef45d;438.05;0.025;SELL
2016-02-22T00:13:31.383000;2016-02-22T00:13:31.473000;ec46b931-bd53-4f14-b8f2-7e7430b5fc2f;438.05;0.2;SELL
2016-02-22T00:13:31.383000;2016-02-22T00:13:31.473000;238fbf60-4839-4b0c-a1c0-7fe39e1ce377;438.04;0.025;SELL
2016-02-22T00:13:31.383000;2016-02-22T00:13:31.490000;2c5497d6-90d1-4d30-9701-e6b9d468e477;438.03;0.026;SELL
2016-02-22T00:13:33.203000;2016-02-22T00:13:33.270000;87e52da9-1668-4d0e-9c81-f9179dabd1f1;438.02;0.03;SELL
2016-02-22T00:13:33.203000;2016-02-22T00:13:33.287000;5e2be59e-ff0f-44d4-bf56-160f3ef6202d;438.01;0.03;SELL
2016-02-22T00:13:33.203000;2016-02-22T00:13:33.287000;bbed20dd-f289-4381-83a1-cf3a0a588dca;438.0;0.02427357;SELL
2016-02-22T00:13:33.203000;2016-02-22T00:13:33.287000;ba62cad8-0275-4c04-8c5c-98fe73753ed4;437.99;0.016;SELL
2016-02-22T00:13:33.203000;2016-02-22T00:13:33.287000;54caaea7-5d91-4d62-823f-f9c0c0a2fcef;437.98;0.012;SELL
2016-02-22T00:13:33.203000;2016-02-22T00:13:33.287000;f8fa9c01-6289-4775-9146-7cc035642683;437.97;0.012;SELL
2016-02-22T00:13:33.203000;2016-02-22T00:13:33.300000;1694e7a8-fd8b-4b23-b13d-4eae272c6bf4;437.96;0.016;SELL
2016-02-22T00:13:33.203000;2016-02-22T00:13:33.300000;89fe7498-d138-4f9c-96cc-cddb41269948;437.96;0.01;SELL
2016-02-22T00:13:33.203000;2016-02-22T00:13:33.300000;298160fe-5f77-43ef-91a1-1aa3819da1ba;437.95;0.017;SELL
2016-02-22T00:13:33.203000;2016-02-22T00:13:33.300000;d652b7d4-0ddf-405b-931d-e0f0e6dbcb3c;437.95;0.01;SELL
2016-02-22T00:13:33.203000;2016-02-22T00:13:33.300000;b868612c-4584-4c19-995f-1198b69a0fc4;437.94;0.017;SELL
2016-02-22T00:13:33.203000;2016-02-22T00:13:33.317000;864cafde-8c89-4472-b066-ef5d95974183;437.93;0.0174302;SELL
2016-02-22T00:13:33.207000;2016-02-22T00:13:33.317000;18be1822-924c-4d5f-af50-576254b4750e;437.92;0.0260524;SELL
2016-02-22T00:13:33.207000;2016-02-22T00:13:33.317000;0ed8cc2c-f177-4803-b127-b83ca7d82951;437.91;0.01;SELL
2016-02-22T00:13:33.207000;2016-02-22T00:13:33.317000;940a667e-6c21-41e7-b0d5-f5fc454a4f3f;437.9;0.01;SELL
2016-02-22T00:13:33.207000;2016-02-22T00:13:33.317000;5a7f37d5-ba35-4fee-90e5-a07c3519c077;437.89;0.01;SELL
2016-02-22T00:13:33.207000;2016-02-22T00:13:33.347000;12f895c1-5149-4503-9f05-b6d52d360c33;437.87;0.02402041;SELL
2016-02-22T00:13:33.207000;2016-02-22T00:13:33.347000;be250b65-922d-492a-84b7-021f953bdbd4;437.85;0.01;SELL
2016-02-22T00:13:33.207000;2016-02-22T00:13:33.347000;5bd03232-a60c-4191-b022-4d84236f7968;437.85;0.085;SELL
2016-02-22T00:13:33.207000;2016-02-22T00:13:33.347000;2ab771d9-c0c5-43ef-99cf-ded0ce75c901;437.81;0.0139846;SELL
2016-02-22T00:13:33.207000;2016-02-22T00:13:33.347000;21ae437d-72d8-45b2-85dd-6b638d51b993;437.8;0.01;SELL
2016-02-22T00:13:33.207000;2016-02-22T00:13:33.363000;813823fc-7432-4ee1-8e24-7608f6184eff;437.8;0.01;SELL
2016-02-22T00:13:33.207000;2016-02-22T00:13:33.363000;32be51b7-c89e-401e-b29e-747d116c6403;437.8;0.01;SELL
2016-02-22T00:13:33.207000;2016-02-22T00:13:33.363000;28d479cc-e427-46ad-93bd-1a05e85f2b01;437.8;0.118;SELL
2016-02-22T00:13:33.207000;2016-02-22T00:13:33.363000;26233419-4cc0-471f-9231-e66de392c273;437.75;0.01;SELL
2016-02-22T00:13:33.207000;2016-02-22T00:13:33.363000;8d4974cf-b5b6-4811-a91b-875af07b55ef;437.75;0.04123882;SELL
2016-02-22T00:13:34.633000;2016-02-22T00:13:34.690000;2f5fedc8-43f6-4b79-bd9f-937329929c48;437.82;0.023;BUY
2016-02-22T00:13:38.157000;2016-02-22T00:13:38.223000;2f8bb465-0449-4a65-acef-0d24a04ed5ba;437.73;0.01;SELL
2016-02-22T00:13:38.157000;2016-02-22T00:13:38.223000;2e0de502-aa42-44f1-adc0-96df994a025e;437.73;0.012;SELL
2016-02-22T00:13:38.157000;2016-02-22T00:13:38.223000;e05e93bd-cb9a-4a5a-84a4-e17a4f3eebfd;437.71;0.01;SELL
2016-02-22T00:13:38.157000;2016-02-22T00:13:38.223000;3453ecbd-0a06-4994-b70a-13195a593069;437.7;0.01;SELL
2016-02-22T00:13:40.377000;2016-02-22T00:13:40.427000;30ee508f-f276-4a4c-8f2d-91b934e95726;437.69;0.012;SELL
2016-02-22T00:13:40.377000;2016-02-22T00:13:40.457000;41a266e1-69bf-4939-89bf-6e49ca346085;437.68;0.012;SELL
2016-02-22T00:13:40.377000;2016-02-22T00:13:40.457000;eb4b5abe-669b-4c03-930a-c19f58b8416b;437.67;0.012;SELL
2016-02-22T00:13:40.377000;2016-02-22T00:13:40.457000;d4bcf84f-91a0-4489-b05f-fc24e8e8ea67;437.66;0.012;SELL
2016-02-22T00:13:40.377000;2016-02-22T00:13:40.457000;315fd7b1-f99c-481f-9364-bf6135088995;437.65;0.01;SELL
2016-02-22T00:13:40.377000;2016-02-22T00:13:40.457000;6b466bb1-dc3e-4415-b605-62bbc8f109c3;437.64;0.02974;SELL
2016-02-22T00:13:40.377000;2016-02-22T00:13:40.457000;cb31b16a-398a-4bdb-a297-950100eac267;437.63;0.012;SELL
2016-02-22T00:13:40.377000;2016-02-22T00:13:40.473000;e498f2dc-bee6-49f1-b3d8-ccf0b900518d;437.63;0.01;SELL
2016-02-22T00:13:40.377000;2016-02-22T00:13:40.473000;6b6306ae-a7ee-4c44-b15c-670d63e7bc51;437.62;0.01;SELL
2016-02-22T00:13:40.377000;2016-02-22T00:13:40.473000;5e1b5b46-a250-4e05-b985-64302f9cf216;437.6;0.01;SELL
2016-02-22T00:13:40.377000;2016-02-22T00:13:40.473000;0dc5ed8a-2c48-4c25-8762-ef070b889afd;437.6;0.01;SELL
2016-02-22T00:13:40.377000;2016-02-22T00:13:40.473000;cb7f64f8-155d-42b1-bd12-6134bd0daa2c;437.6;0.01;SELL
2016-02-22T00:13:40.377000;2016-02-22T00:13:40.473000;d2301d70-122b-43e7-9d82-18df6957c43e;437.6;0.01;SELL
2016-02-22T00:13:40.377000;2016-02-22T00:13:40.473000;ddbb892d-03c8-47e6-b673-09e7287997fa;437.55;0.01;SELL
2016-02-22T00:13:40.377000;2016-02-22T00:13:40.473000;c14611be-2f42-41ca-8f88-422b4b080c2f;437.55;0.01;SELL
2016-02-22T00:13:40.377000;2016-02-22T00:13:40.490000;54557b71-bed2-4fc8-9a69-3a6eaecc0f8f;437.53;0.01;SELL
2016-02-22T00:13:40.377000;2016-02-22T00:13:40.490000;28009463-4de0-4b7b-9d4c-15ea213f25f5;437.52;0.01;SELL
2016-02-22T00:13:40.377000;2016-02-22T00:13:40.490000;d120454a-7e9d-4855-8726-ac56674a8edd;437.51;0.01;SELL
2016-02-22T00:13:40.377000;2016-02-22T00:13:40.490000;339f2550-a9a2-4dcf-a3ae-5a94c187e023;437.5;0.01;SELL
2016-02-22T00:13:40.380000;2016-02-22T00:13:40.490000;00ff5de4-a3de-4260-925f-6b4f254f7583;437.5;0.01;SELL
2016-02-22T00:13:40.380000;2016-02-22T00:13:40.503000;bf575fad-936e-471f-8906-aae4b1e7331c;437.5;0.0125;SELL
2016-02-22T00:13:40.380000;2016-02-22T00:13:40.503000;4da26099-896c-48fc-9c33-8812c348f129;437.49;0.01;SELL
2016-02-22T00:13:40.380000;2016-02-22T00:13:40.503000;12d4b910-be53-422f-8f5d-c07adaf9065f;437.47;0.012;SELL
2016-02-22T00:13:40.380000;2016-02-22T00:13:40.503000;e76e6157-e856-42a9-8bdd-3bcffb3963b6;437.47;0.01;SELL
2016-02-22T00:13:40.380000;2016-02-22T00:13:40.503000;3201fa21-b6a7-41db-8414-7c41e6402a34;437.46;0.01;SELL
2016-02-22T00:13:40.380000;2016-02-22T00:13:40.503000;1cc3eb64-dae8-4bff-97bb-ca9c80631b06;437.45;0.01;SELL
2016-02-22T00:13:42.813000;2016-02-22T00:13:42.863000;b937299d-5195-4597-ad96-ffa52a4d20a8;437.46;0.012;SELL
2016-02-22T00:13:42.817000;2016-02-22T00:13:42.893000;cd35a72a-3cd6-4d8c-ab8e-8893d5e38d20;437.45;0.012;SELL
2016-02-22T00:13:42.817000;2016-02-22T00:13:42.893000;4802f246-9995-40d6-a435-4140eea6b047;437.44;0.012;SELL
2016-02-22T00:13:42.817000;2016-02-22T00:13:42.893000;d77f4ccf-7b4f-4372-875c-bfc214a5cf73;437.43;0.01;SELL
2016-02-22T00:13:42.817000;2016-02-22T00:13:42.893000;66fbdc23-7df5-4022-bbe7-c3edfb1eeb2c;437.4;0.01;SELL
2016-02-22T00:13:42.817000;2016-02-22T00:13:42.893000;1a9a382c-e27d-4109-8357-74b0dc5fd46d;437.4;0.01417815;SELL
2016-02-22T00:13:45.013000;2016-02-22T00:13:45.083000;0b270f99-46e0-4cf7-a50a-f57815d61629;437.37;0.012;SELL
2016-02-22T00:13:45.013000;2016-02-22T00:13:45.083000;94cf4962-4405-4bfd-b168-8308c9451b83;437.36;0.012;SELL
2016-02-22T00:13:45.013000;2016-02-22T00:13:45.083000;d4dda49e-778a-46a6-8d5d-a4c44ea7efe2;437.35;0.01;SELL
2016-02-22T00:13:45.017000;2016-02-22T00:13:45.083000;387034e1-d629-4696-8295-a9e8345f65ec;437.34;0.03;SELL
2016-02-22T00:13:45.017000;2016-02-22T00:13:45.097000;5a716f99-b8a2-4b3d-be1d-6d6e084605de;437.32;0.029;SELL
2016-02-22T00:13:45.017000;2016-02-22T00:13:45.097000;49cffe44-ffec-498a-b795-5cb5bdc1fe52;437.31;0.029;SELL
2016-02-22T00:13:45.017000;2016-02-22T00:13:45.097000;41a23418-92da-4407-8464-797fb9eed61e;437.3;0.01;SELL
2016-02-22T00:13:47.600000;2016-02-22T00:13:47.660000;c2a00c0d-2a79-4c09-aeab-3673b7f26020;437.29;0.029;SELL
2016-02-22T00:13:47.600000;2016-02-22T00:13:47.677000;dd8fe7b9-7e2f-477d-8426-4a297493fb9e;437.29;0.028;SELL
2016-02-22T00:13:47.600000;2016-02-22T00:13:47.677000;5a7438ff-4363-44b2-99f8-fd42613bd96f;437.27;0.027;SELL
2016-02-22T00:13:47.600000;2016-02-22T00:13:47.677000;55bb3ac0-9d21-4bd8-a487-e17e92dce099;437.26;0.028;SELL
2016-02-22T00:13:47.600000;2016-02-22T00:13:47.707000;087e8af0-970a-41f0-b266-1a92d7ba0ffc;437.26;0.028;SELL
2016-02-22T00:13:47.600000;2016-02-22T00:13:47.707000;ee6068b6-9b5e-4f15-ad57-2b80266b4943;437.25;0.01;SELL
2016-02-22T00:13:47.600000;2016-02-22T00:13:47.707000;fbc21aee-1d46-40a5-b9a5-6ef6f8c4fa5a;437.25;0.026;SELL
2016-02-22T00:13:47.600000;2016-02-22T00:13:47.707000;f64e3f98-e7a7-493b-9044-2cfd540114c1;437.24;0.028;SELL
2016-02-22T00:13:47.603000;2016-02-22T00:13:47.707000;a9620a73-c739-4729-9d45-ecd2b33cb4f3;437.24;0.027;SELL
2016-02-22T00:13:47.603000;2016-02-22T00:13:47.707000;415fba43-c6af-40a2-afcf-0876be0f3c3d;437.23;0.01;SELL
2016-02-22T00:13:47.603000;2016-02-22T00:13:47.707000;cdf83815-3a41-4a2c-b558-2fea5dd91c10;437.22;0.01;SELL
2016-02-22T00:13:47.603000;2016-02-22T00:13:47.707000;80d4bb50-4835-468d-9e75-d3e0bd4cb63f;437.22;2.0;SELL
2016-02-22T00:13:47.603000;2016-02-22T00:13:47.707000;ab3e061b-5667-47fa-b40e-25b9fb0c2952;437.22;0.026;SELL
2016-02-22T00:13:47.603000;2016-02-22T00:13:47.723000;a64de019-9c8b-4b51-9d8b-991133434880;437.22;0.023;SELL
2016-02-22T00:13:47.603000;2016-02-22T00:13:47.723000;0428bab4-5374-467f-bb06-a8ad92814a76;437.21;0.01;SELL
2016-02-22T00:13:47.603000;2016-02-22T00:13:47.723000;ed7f6de4-60e9-4bfc-b095-83b8934fbfd5;437.21;0.027;SELL
2016-02-22T00:13:47.603000;2016-02-22T00:13:47.723000;59732e13-a232-4cee-9e12-5d726de0f8ef;437.2;0.01;SELL
2016-02-22T00:13:47.603000;2016-02-22T00:13:47.740000;7da361ea-1269-482b-a5c3-acc8367390ee;437.2;0.01;SELL
2016-02-22T00:13:47.603000;2016-02-22T00:13:47.740000;d554eb97-2182-4c44-b8ec-183921f8b58c;437.2;0.01417815;SELL
2016-02-22T00:13:47.603000;2016-02-22T00:13:47.740000;1d924de6-e47b-4a6c-b2eb-3d529cf9daa2;437.19;0.01;SELL
2016-02-22T00:13:47.603000;2016-02-22T00:13:47.740000;b37fc78a-b105-499a-bad5-646badea39d1;437.19;0.026;SELL
2016-02-22T00:13:47.603000;2016-02-22T00:13:47.753000;666ceaa9-70b3-433f-bf70-17466a244d6a;437.19;0.023;SELL
2016-02-22T00:13:47.603000;2016-02-22T00:13:47.753000;c44b36a3-68a6-4557-9e8e-2b5510212aae;437.19;0.01;SELL
2016-02-22T00:13:47.603000;2016-02-22T00:13:47.753000;6175e93d-a93c-4390-9c35-f96151f39dec;437.18;0.01;SELL
2016-02-22T00:13:47.603000;2016-02-22T00:13:47.753000;3f467495-62a8-42e6-8413-065cc3c19ea5;437.17;0.01;SELL
2016-02-22T00:13:47.607000;2016-02-22T00:13:47.753000;caf784d4-c5a2-4fdd-ac36-4ad9aacee9db;437.16;0.01;SELL
2016-02-22T00:13:47.607000;2016-02-22T00:13:47.753000;2795d156-b815-48d5-ad4c-b9a7810e2fa9;437.16;0.01;SELL
2016-02-22T00:13:47.607000;2016-02-22T00:13:47.770000;b96ce561-a207-43a1-a308-ba9d3173576d;437.16;0.023;SELL
2016-02-22T00:13:47.607000;2016-02-22T00:13:47.770000;b99abd52-5146-4dc2-b35c-f676e2939bc8;437.15;0.01;SELL
2016-02-22T00:13:47.607000;2016-02-22T00:13:47.770000;56330d99-6fc9-4b77-8176-fddf8184b137;437.1;0.01;SELL
2016-02-22T00:13:47.607000;2016-02-22T00:13:47.770000;a164533c-e40d-4c00-9fe0-7c9abd3f910a;437.07;0.05000777;SELL
2016-02-22T00:13:47.607000;2016-02-22T00:13:47.770000;75c774e0-a93e-4852-bed7-0971556b8b6a;437.05;0.01;SELL
2016-02-22T00:13:47.607000;2016-02-22T00:13:47.787000;333f5985-b3da-48f9-a6d0-ced004172eb4;437.02;0.01;SELL
2016-02-22T00:13:47.607000;2016-02-22T00:13:47.787000;b8baf9d5-bce2-454f-9cda-337ecc2e7d63;437.01;0.01;SELL
2016-02-22T00:13:47.607000;2016-02-22T00:13:47.787000;9ca5801d-a772-4e2f-9d0f-478cff346bfb;437.0;0.01;SELL
2016-02-22T00:13:47.610000;2016-02-22T00:13:47.787000;2f210a5f-87b7-4c49-9668-bc7b6cc2baca;437.0;0.01;SELL
2016-02-22T00:13:47.610000;2016-02-22T00:13:47.800000;4b758fb3-f2d6-41a6-b4db-e3519ad07ada;437.0;0.01;SELL
2016-02-22T00:13:47.610000;2016-02-22T00:13:47.800000;260a7682-78eb-4bae-ab03-01cc6f343e3c;436.99;0.01;SELL
2016-02-22T00:13:47.610000;2016-02-22T00:13:47.800000;b204d119-942a-4e70-82ff-bda57897ed54;436.99;0.01;SELL
2016-02-22T00:13:47.610000;2016-02-22T00:13:47.800000;03f99010-95a9-4869-9277-d2df622c99f4;436.98;0.01;SELL
2016-02-22T00:13:47.610000;2016-02-22T00:13:47.800000;ee43302b-a9d1-4b9d-beae-7bf169aab383;436.98;0.01;SELL
2016-02-22T00:13:47.610000;2016-02-22T00:13:47.817000;c3435e1c-23cc-448b-821d-2784e7bedd9a;436.97;0.01;SELL
2016-02-22T00:13:47.610000;2016-02-22T00:13:47.817000;a0a3adc3-d0c2-462c-955d-f308a27b18e4;436.97;0.01;SELL
2016-02-22T00:13:47.610000;2016-02-22T00:13:47.817000;b727442c-763d-4528-97c2-78f5cf3433a4;436.96;0.01;SELL
2016-02-22T00:13:47.610000;2016-02-22T00:13:47.817000;8c8ee9dc-488f-4bf5-9f09-ce5df407daf2;436.95;0.01;SELL
2016-02-22T00:13:47.610000;2016-02-22T00:13:47.817000;9ecac160-665d-4aca-ad70-f31421bc37bc;436.95;0.01;SELL
2016-02-22T00:13:50.133000;2016-02-22T00:13:50.190000;db8eae31-f3f7-4ac8-9d77-c426387d98b7;436.94;0.01;SELL
2016-02-22T00:13:50.133000;2016-02-22T00:13:50.207000;66de1cea-67de-4042-8f16-9f89d9478be4;436.93;0.01;SELL
2016-02-22T00:13:50.133000;2016-02-22T00:13:50.207000;81569a24-28bf-44d0-a21c-1ecd051459b7;436.93;0.01;SELL
2016-02-22T00:13:50.133000;2016-02-22T00:13:50.207000;ec720bd1-fbbe-418e-9bd7-b725bb51ee7f;436.93;0.01;SELL
2016-02-22T00:13:50.133000;2016-02-22T00:13:50.207000;b6a9eeea-64a8-4b22-a149-edf14ba8d18f;436.92;0.02;SELL
2016-02-22T00:13:50.133000;2016-02-22T00:13:50.207000;557cbe51-da83-46c6-a3b1-0303033ad2a5;436.91;0.01;SELL
2016-02-22T00:13:50.137000;2016-02-22T00:13:50.223000;522d83eb-ecda-4d0a-8d38-425285cdb19b;436.9;0.01;SELL
2016-02-22T00:13:50.137000;2016-02-22T00:13:50.223000;e7e38170-f4d9-4e95-9099-6b84e1ec81b8;436.9;0.01;SELL
2016-02-22T00:13:50.137000;2016-02-22T00:13:50.223000;39070b1a-8869-4993-aec4-438b345b50fc;436.89;0.01840921;SELL
2016-02-22T00:13:50.137000;2016-02-22T00:13:50.240000;4d2cfb04-de38-4a73-b694-9ee01158692c;436.88;0.01;SELL
2016-02-22T00:13:50.137000;2016-02-22T00:13:50.240000;c1a8a919-75dc-499e-a110-a2f639dc148b;436.87;0.01;SELL
2016-02-22T00:13:50.137000;2016-02-22T00:13:50.240000;d25906a6-a01f-44dd-bb94-efd0ef2a8bca;436.87;0.01;SELL
2016-02-22T00:13:50.137000;2016-02-22T00:13:50.240000;418d75eb-6948-474b-a8ec-e58f1bfc4f70;436.87;0.01;SELL
2016-02-22T00:13:50.137000;2016-02-22T00:13:50.253000;9af7b1b3-af57-44c6-9e3d-b433b15e82b9;436.87;0.05000777;SELL
2016-02-22T00:13:50.137000;2016-02-22T00:13:50.253000;e5e5139d-4720-4422-aa8c-e302658e7964;436.86;0.01;SELL
2016-02-22T00:13:50.137000;2016-02-22T00:13:50.253000;e1a9d08d-9e35-4a4c-b685-3acfb62d2ab3;436.86;0.01;SELL
2016-02-22T00:13:50.137000;2016-02-22T00:13:50.253000;5a6466d6-f228-4997-9235-b05d88c132fb;436.85;0.01;SELL
2016-02-22T00:13:50.137000;2016-02-22T00:13:50.270000;1f01d3f9-c824-4e80-974b-e468ca4b8386;436.85;0.01;SELL
2016-02-22T00:13:50.137000;2016-02-22T00:13:50.270000;155cfd01-15be-4c06-a177-e1b8ce54c06e;436.85;0.01;SELL
2016-02-22T00:13:50.137000;2016-02-22T00:13:50.270000;63ddf645-e978-49f2-888e-e6c3198b5828;436.85;0.01;SELL
2016-02-22T00:13:50.137000;2016-02-22T00:13:50.270000;ad3f1875-b4c3-4fba-8c89-dff9a046cdb2;436.84;0.01;SELL
2016-02-22T00:13:50.137000;2016-02-22T00:13:50.270000;7697b4dc-5a6c-4b2a-b3a7-22bb2c24e445;436.84;0.01;SELL
2016-02-22T00:13:50.137000;2016-02-22T00:13:50.287000;2b58aa92-a648-43a4-9402-cef4d073ef6a;436.83;0.01;SELL
2016-02-22T00:13:50.137000;2016-02-22T00:13:50.287000;0d4b9e9a-59ef-4751-8761-3f91dd7d157c;436.83;0.01;SELL
2016-02-22T00:13:50.140000;2016-02-22T00:13:50.287000;08db8dd8-f030-43c8-b141-8554a0f1b8ed;436.83;0.01;SELL
2016-02-22T00:13:50.140000;2016-02-22T00:13:50.287000;f34fc703-18d7-456a-9cb0-a88df22d6649;436.82;0.01;SELL
2016-02-22T00:13:50.140000;2016-02-22T00:13:50.287000;8ca85cd6-8930-405d-ab48-78e683a9be72;436.82;0.01;SELL
2016-02-22T00:13:50.140000;2016-02-22T00:13:50.287000;9c28c628-2742-4b07-a776-2c5ada2c14c6;436.82;0.01;SELL
2016-02-22T00:13:50.140000;2016-02-22T00:13:50.287000;94be6355-7b2a-41ac-a80a-f3691bcd5767;436.81;0.01;SELL
2016-02-22T00:13:50.140000;2016-02-22T00:13:50.287000;baa8ee94-dc09-4354-b2bb-178e5f34ff9c;436.81;0.01;SELL
2016-02-22T00:13:50.140000;2016-02-22T00:13:50.300000;8649c04f-e664-43d7-aa18-bdf3f1e4dd97;436.81;0.01;SELL
2016-02-22T00:13:50.140000;2016-02-22T00:13:50.300000;66e20d87-9576-4955-9b02-0940a6706cd3;436.8;0.01;SELL
2016-02-22T00:13:50.140000;2016-02-22T00:13:50.300000;779aeea8-4385-42b6-a916-1fdc7fbe180d;436.8;0.01;SELL
2016-02-22T00:13:50.140000;2016-02-22T00:13:50.300000;5fc64a1f-e955-4790-84ce-801347296167;436.8;0.1;SELL
2016-02-22T00:13:50.140000;2016-02-22T00:13:50.317000;d8c911b0-fc2f-48ca-8056-eebff3b155cd;436.79;0.01;SELL
2016-02-22T00:13:50.140000;2016-02-22T00:13:50.317000;11e853f2-eb7b-4f55-a941-6f217a4e515c;436.78;0.01;SELL
2016-02-22T00:13:50.140000;2016-02-22T00:13:50.333000;1c828d7d-de7b-4eac-8bd3-b8db628373f0;436.77;0.01;SELL
2016-02-22T00:13:50.140000;2016-02-22T00:13:50.333000;3b08f76c-c345-47cb-821d-6cbb5ef3fc12;436.77;0.01;SELL
2016-02-22T00:13:50.140000;2016-02-22T00:13:50.333000;f54a5e3d-8fca-4313-9b88-ee0218f44321;436.76;0.01;SELL
2016-02-22T00:13:50.140000;2016-02-22T00:13:50.333000;aec224b6-c051-4627-b6b3-e246dc7df40b;436.75;0.01;SELL
2016-02-22T00:13:50.140000;2016-02-22T00:13:50.333000;d7ae504d-d802-4922-9501-b35cd12f441c;436.74;0.105;SELL
2016-02-22T00:13:50.143000;2016-02-22T00:13:50.333000;0f0ddf1f-e004-4f50-b358-ab9f634af507;436.7;0.01;SELL
2016-02-22T00:13:50.143000;2016-02-22T00:13:50.333000;cfa3f005-0239-42dd-a6cb-09822426215e;436.7;1.0;SELL
2016-02-22T00:13:50.143000;2016-02-22T00:13:50.333000;b5b1cb02-e049-44a7-b386-e43693674892;436.67;0.05000777;SELL
2016-02-22T00:13:50.143000;2016-02-22T00:13:50.333000;6383a9c3-38c4-4cb7-9b6f-6a6d43f29bdc;436.66;0.01;SELL
2016-02-22T00:13:50.143000;2016-02-22T00:13:50.333000;bca4b853-bc04-4213-baca-a09b3ade93b0;436.65;0.01;SELL
2016-02-22T00:13:52.690000;2016-02-22T00:13:52.740000;7d55f188-7618-4808-9f21-e72e9326b7b3;436.6;0.01;SELL
2016-02-22T00:13:52.690000;2016-02-22T00:13:52.770000;eb12de14-bf42-4597-87bb-2d719c898bd7;436.6;0.01;SELL
2016-02-22T00:13:52.690000;2016-02-22T00:13:52.770000;2fa9bb78-23c8-47ed-9131-de8c847bfdaa;436.6;0.01417815;SELL
2016-02-22T00:13:52.690000;2016-02-22T00:13:52.770000;770f06e5-3b68-428f-817b-cfce24429861;436.55;0.01;SELL
2016-02-22T00:13:52.690000;2016-02-22T00:13:52.770000;8abca931-12f6-4e4d-9642-6eaca5c9f76e;436.5;0.01;SELL
2016-02-22T00:13:52.690000;2016-02-22T00:13:52.770000;e43c321f-164b-4f55-9c60-706e2cbf1655;436.47;0.05000777;SELL
2016-02-22T00:13:52.690000;2016-02-22T00:13:52.770000;f9fdafa9-880b-4038-bf69-4c0bae9961cb;436.45;0.01;SELL
2016-02-22T00:13:52.690000;2016-02-22T00:13:52.770000;6cbded25-9fa9-4f00-9a4f-a2d7768f15d7;436.4;0.01;SELL
2016-02-22T00:13:52.690000;2016-02-22T00:13:52.770000;7e69fc53-3b45-4808-8fed-26d9e457f267;436.4;0.01;SELL
2016-02-22T00:13:52.690000;2016-02-22T00:13:52.787000;cbc7d2cd-a17e-4364-8811-b1dde541fccd;436.4;0.01417815;SELL
2016-02-22T00:13:52.690000;2016-02-22T00:13:52.787000;3035b50c-33a9-41fd-ab8f-3adffa4106f1;436.35;0.01;SELL
2016-02-22T00:13:52.690000;2016-02-22T00:13:52.787000;7f5cc569-e180-478a-8635-0d85ab3640ec;436.3;0.01;SELL
2016-02-22T00:13:52.690000;2016-02-22T00:13:52.787000;a17dfaba-4c2e-4d49-a5d7-508f25ebad67;436.27;0.05000777;SELL
2016-02-22T00:13:52.690000;2016-02-22T00:13:52.787000;617e02ea-2a7b-4197-9db8-6980cfe83751;436.25;0.01;SELL
2016-02-22T00:13:52.690000;2016-02-22T00:13:52.787000;f2af43da-c4b6-4bcb-9b47-4d41a19fe6eb;436.21;0.96;SELL
2016-02-22T00:13:52.690000;2016-02-22T00:13:52.787000;9571282e-d51a-4ff1-8846-5555824540ab;436.2;0.01;SELL
2016-02-22T00:13:52.693000;2016-02-22T00:13:52.787000;ffabeefc-3f8e-4357-9cee-6d5e2bd40591;436.2;0.01;SELL
2016-02-22T00:13:52.693000;2016-02-22T00:13:52.787000;77eaa12f-4486-4f0c-92e3-617ab56f7bdd;436.16;1.76;SELL
2016-02-22T00:13:52.693000;2016-02-22T00:13:52.817000;6991078e-eb37-42ca-a917-dcfbe4c65dcc;436.15;0.01;SELL
2016-02-22T00:13:52.693000;2016-02-22T00:13:52.817000;f4a55e7f-91b5-4975-b4cc-0a9d17d50f3d;436.13;2.4;SELL
2016-02-22T00:13:52.693000;2016-02-22T00:13:52.817000;ee3d42e9-a5c7-4751-913e-33a603ee1807;436.12;0.64;SELL
2016-02-22T00:13:52.693000;2016-02-22T00:13:52.817000;8c681e62-0dba-4bd2-b370-982dbb07af68;436.11;2.0;SELL
2016-02-22T00:13:52.693000;2016-02-22T00:13:52.817000;395dc6cd-bcff-4398-a20a-ca07a0452383;436.1;0.01;SELL
2016-02-22T00:13:52.693000;2016-02-22T00:13:52.817000;bed335ee-6cb0-43dc-b34c-32bbadb86c32;436.07;0.05000777;SELL
2016-02-22T00:13:52.693000;2016-02-22T00:13:52.833000;5e4ce5b5-bc0a-4fea-8b03-17e72490d1a8;436.05;0.01;SELL
2016-02-22T00:13:52.693000;2016-02-22T00:13:52.833000;aada9c20-ec42-48bc-9c53-bf8ae25f84d9;436.0;0.01;SELL
2016-02-22T00:13:52.693000;2016-02-22T00:13:52.833000;f5db44b3-3446-42f9-9138-e156e252ecea;436.0;0.19041995;SELL
2016-02-22T00:13:52.693000;2016-02-22T00:13:52.833000;a08ce318-a867-4dc4-a641-8faab91f0e61;436.0;0.19077969;SELL
2016-02-22T00:13:52.693000;2016-02-22T00:13:52.833000;b9d33eee-eeb2-4a48-94b7-6121067bdfa9;436.0;0.01;SELL
2016-02-22T00:13:52.693000;2016-02-22T00:13:52.833000;17a3f179-76e4-4915-bbab-9cd06f73b160;436.0;1.0;SELL
2016-02-22T00:13:55.167000;2016-02-22T00:13:55.223000;5ed6d496-1daa-4971-b803-c2ae09eee8b1;436.17;0.092;SELL
2016-02-22T00:13:55.167000;2016-02-22T00:13:55.223000;709e6c0e-5424-4211-9514-d28dbfd04de5;435.95;0.01;SELL
2016-02-22T00:13:55.167000;2016-02-22T00:13:55.223000;dda07713-29ac-4cd4-b51e-294d81c11b07;435.9;0.01;SELL
2016-02-22T00:13:55.167000;2016-02-22T00:13:55.223000;f9798f90-b1e5-465d-a25a-b53a28c5a115;435.85;0.01;SELL
2016-02-22T00:13:55.167000;2016-02-22T00:13:55.253000;e96e5682-7451-458d-984f-aded16d08f29;435.8;0.01;SELL
2016-02-22T00:13:55.167000;2016-02-22T00:13:55.253000;c3097893-6f1a-462f-9f32-36bff862b2b5;435.75;0.01;SELL
2016-02-22T00:13:55.167000;2016-02-22T00:13:55.253000;589e3176-46ce-4d68-b1ef-b7e786a20f39;435.7;0.01;SELL
2016-02-22T00:13:55.167000;2016-02-22T00:13:55.253000;e52c7d19-93ac-4b82-88ea-28e60488c1cd;435.65;0.01;SELL
2016-02-22T00:13:55.830000;2016-02-22T00:13:55.893000;6e62d620-a0d4-4704-93c8-d65a09063b23;436.17;0.05000777;SELL
2016-02-22T00:13:55.830000;2016-02-22T00:13:55.893000;83788656-2fab-4bdc-868d-2696ad422d87;435.97;0.05000777;SELL
2016-02-22T00:13:55.830000;2016-02-22T00:13:55.893000;21e25ae1-7b64-4bdf-9fe1-3fcd6fc1ca1d;435.77;0.00098446;SELL
2016-02-22T00:13:56.977000;2016-02-22T00:13:57.037000;23d2fd2f-ae70-497c-b157-b56c5203e4f3;436.07;0.05000777;SELL
2016-02-22T00:13:56.977000;2016-02-22T00:13:57.037000;cb519bcb-e687-413d-858d-a009906eb4e9;435.87;0.05000777;SELL
2016-02-22T00:14:00.053000;2016-02-22T00:14:00.113000;84dddf00-a0a3-4993-a7dc-14e36bf71cdf;435.77;0.04902331;SELL
2016-02-22T00:14:00.053000;2016-02-22T00:14:00.113000;1bb20c3f-5fbe-40b7-90ae-ff57f437cf27;435.76;0.02711523;SELL
2016-02-22T00:14:02.157000;2016-02-22T00:14:02.223000;539afb7f-1cb9-4e0f-bc01-006ad312429a;435.75;0.01053384;SELL
2016-02-22T00:14:02.340000;2016-02-22T00:14:02.410000;b08f1ca4-6250-4419-ad72-8dcb630ea3cd;435.75;0.00946616;SELL
2016-02-22T00:14:02.340000;2016-02-22T00:14:02.410000;44307c2b-8247-45f9-bd8e-b0f1934eb42b;435.67;0.05000777;SELL
2016-02-22T00:14:04.720000;2016-02-22T00:14:04.770000;c0236f9a-05dd-46b3-96db-0d340f37e075;435.6;0.01;SELL
2016-02-22T00:14:04.720000;2016-02-22T00:14:04.787000;6ee28883-c962-4e22-b918-4abe80d160bc;435.6;0.01417815;SELL
2016-02-22T00:14:06.947000;2016-02-22T00:14:06.990000;e7621f02-54c3-4f1e-86b2-ff5057687733;435.57;0.05000777;SELL
2016-02-22T00:14:06.947000;2016-02-22T00:14:07.003000;51bd2834-3407-4390-a632-2f59c4755ee6;435.55;0.01;SELL
2016-02-22T00:14:06.947000;2016-02-22T00:14:07.003000;51127e69-0100-4fd2-b2be-da051b2303ca;435.53;7.70399223;SELL
2016-02-22T00:14:09.127000;2016-02-22T00:14:09.177000;b0260f07-7737-4202-8992-fd83af8e50a6;435.53;9.559;SELL
2016-02-22T00:14:11.407000;2016-02-22T00:14:11.473000;d9c461c2-9d96-4d46-ae25-0d83130d9fca;435.53;2.73700777;SELL
2016-02-22T00:14:13.643000;2016-02-22T00:14:13.690000;f7162c12-d09a-4c44-9efe-002e7b143a7a;435.52;0.01951;SELL
2016-02-22T00:14:13.643000;2016-02-22T00:14:13.690000;7aa40c54-d7c5-4836-83f6-3eee792ae81b;435.51;0.5;SELL
2016-02-22T00:14:13.643000;2016-02-22T00:14:13.707000;23d7c41d-61b2-48f6-b4e0-79215fe5d0bf;435.5;0.01;SELL
2016-02-22T00:14:13.643000;2016-02-22T00:14:13.707000;c509aae9-051b-445a-80c5-0c7823531ecd;435.5;0.36059416;SELL
2016-02-22T00:14:13.643000;2016-02-22T00:14:13.707000;21a92e09-eed3-4121-93a1-511486c85b29;435.47;0.05000777;SELL
2016-02-22T00:14:13.643000;2016-02-22T00:14:13.723000;7ac3a315-41fb-4868-98bb-3f2a44968399;435.45;0.01;SELL
2016-02-22T00:14:15.913000;2016-02-22T00:14:16.003000;322fcdac-6106-4e2b-8a9f-8a4600170117;435.41;0.012;SELL
2016-02-22T00:14:15.913000;2016-02-22T00:14:16.003000;3b33163c-260a-4013-a6bc-54e84a57fbfd;435.4;0.01;SELL
2016-02-22T00:14:15.913000;2016-02-22T00:14:16.003000;c64cee49-8bff-4e83-a52c-57934a78be1a;435.4;0.01417815;SELL
2016-02-22T00:14:15.913000;2016-02-22T00:14:16.003000;4c325e3e-e2d6-4ee5-a9fa-6093164b2e6d;435.39;0.027266;SELL
2016-02-22T00:14:15.913000;2016-02-22T00:14:16.003000;e90aa6d4-7277-4fbd-8a8d-bc907903c13b;435.37;0.05000777;SELL
2016-02-22T00:14:15.913000;2016-02-22T00:14:16.003000;4e40f1df-03d2-4b93-abeb-ea7e055b4466;435.36;0.5;SELL
2016-02-22T00:14:15.913000;2016-02-22T00:14:16.003000;779659c2-c489-458a-92c8-f881a0e38b47;435.35;0.01;SELL
2016-02-22T00:14:15.913000;2016-02-22T00:14:16.003000;7b88e3ab-f97a-44e3-9a76-1932b86f8385;435.3;0.01;SELL
2016-02-22T00:14:15.913000;2016-02-22T00:14:16.003000;5eaa56b2-7493-4d59-87d6-0fc17a0f630f;435.27;0.05000777;SELL
2016-02-22T00:14:15.913000;2016-02-22T00:14:16.003000;241fedfd-7b7c-4692-994b-ba5f4c081f48;435.25;0.01;SELL
2016-02-22T00:14:15.917000;2016-02-22T00:14:16.020000;bca257b3-b66a-4bb6-8266-46a097966c4b;435.25;1.0;SELL
2016-02-22T00:14:24.143000;2016-02-22T00:14:24.193000;90d59069-dd0e-4907-a30a-d137b032128d;435.2;0.01;SELL
2016-02-22T00:14:24.147000;2016-02-22T00:14:24.193000;32a01024-978e-4cc0-92ac-31e41867f220;435.2;0.01;SELL
2016-02-22T00:14:26.837000;2016-02-22T00:14:26.880000;d30c23e0-b5f3-4543-b2ad-e79e5d2b1670;435.19;0.025951;SELL
2016-02-22T00:14:26.837000;2016-02-22T00:14:26.893000;05b8a357-7f5d-41a3-bd3d-373ea6ac5a5c;435.15;0.01;SELL
2016-02-22T00:14:27.853000;2016-02-22T00:14:27.910000;5bf670f0-d6b7-4f41-8d61-6f748063d032;435.1;0.01;SELL
2016-02-22T00:14:29.143000;2016-02-22T00:14:29.193000;a7976f21-4f73-4ac8-a2d1-e5d3e48e953c;435.07;9.284;SELL
2016-02-22T00:14:31.270000;2016-02-22T00:14:31.317000;f7264c77-eb24-4ed0-981b-7425af86519c;435.07;8.218;SELL
2016-02-22T00:14:31.340000;2016-02-22T00:14:31.393000;757bd09b-803c-462f-af65-a494a92ca145;435.07;4.9241;SELL
2016-02-22T00:14:31.340000;2016-02-22T00:14:31.410000;b67408a6-2288-41d6-a569-5239ee70ebdb;435.06;0.01;SELL
2016-02-22T00:14:31.340000;2016-02-22T00:14:31.410000;78125bad-3181-4cd9-b8bd-10e7b7cc6b9e;435.05;0.01;SELL
2016-02-22T00:14:31.343000;2016-02-22T00:14:31.410000;aadea559-3d5d-47bc-aaf9-fbe59aa54337;435.0;0.01;SELL
2016-02-22T00:14:31.343000;2016-02-22T00:14:31.410000;1c5ba66e-f2ad-4416-a2a5-4cfd9baf893c;435.0;0.19041995;SELL
2016-02-22T00:14:31.343000;2016-02-22T00:14:31.410000;d5f90ca8-7dad-40cb-b7fa-2bef2c263373;435.0;0.125;SELL
2016-02-22T00:14:31.343000;2016-02-22T00:14:31.427000;ff554ac1-344d-44c2-a050-e63749c2a8d4;435.0;0.01;SELL
2016-02-22T00:14:31.343000;2016-02-22T00:14:31.427000;9a2b42df-ef00-4ba6-9284-d536d59575b5;435.0;1.0;SELL
2016-02-22T00:14:31.343000;2016-02-22T00:14:31.427000;8899c810-28e2-4dd1-a232-cdfa76641ec8;435.0;10.0;SELL
2016-02-22T00:14:31.343000;2016-02-22T00:14:31.443000;b3911d93-de94-4cee-9bb0-b33fdbd37432;435.0;0.01;SELL
2016-02-22T00:14:31.343000;2016-02-22T00:14:31.443000;33aeb614-8a15-4acb-a6bc-525b5cac57d4;434.99;0.05000777;SELL
2016-02-22T00:14:31.343000;2016-02-22T00:14:31.443000;6d880a62-b522-49af-82e5-022869289e03;434.95;0.01;SELL
2016-02-22T00:14:31.343000;2016-02-22T00:14:31.443000;0ebbc9b1-bfa1-4945-9f57-4eba0635ac2d;434.9;0.01;SELL
2016-02-22T00:14:31.343000;2016-02-22T00:14:31.443000;533f6f7c-8b17-410a-a3e5-d4c7d65a62b7;434.88;0.1;SELL
2016-02-22T00:14:31.343000;2016-02-22T00:14:31.443000;c8e61078-175f-476f-bfbd-2d05ad185030;434.88;0.02;SELL
2016-02-22T00:14:31.343000;2016-02-22T00:14:31.443000;783763de-96fa-4956-8d45-ef1543ed2219;434.85;0.01;SELL
2016-02-22T00:14:34.527000;2016-02-22T00:14:34.583000;aa6497a6-a9b8-429b-ace5-1baa864ac2f7;434.8;0.01;SELL
2016-02-22T00:14:34.527000;2016-02-22T00:14:34.583000;a49f4518-27f5-4aed-8400-074e221428d3;434.8;16.9;SELL
2016-02-22T00:14:34.527000;2016-02-22T00:14:34.597000;f223166c-4633-4bda-810f-9441b80da17c;434.8;0.01;SELL
2016-02-22T00:14:34.527000;2016-02-22T00:14:34.597000;3a8aed1e-e3f8-4b80-af09-90dad310d41d;434.8;0.01;SELL
2016-02-22T00:14:34.527000;2016-02-22T00:14:34.597000;5e606d18-eecc-4163-8e68-43575d7775ea;434.79;0.01;SELL
2016-02-22T00:14:34.527000;2016-02-22T00:14:34.597000;67da5c23-47c2-4c74-89da-45fde33beddc;434.79;0.05000777;SELL
2016-02-22T00:14:34.527000;2016-02-22T00:14:34.597000;650432f4-0d75-45a6-a399-164d32450113;434.77;0.6235;SELL
2016-02-22T00:14:34.527000;2016-02-22T00:14:34.613000;85af9013-cafb-406c-913e-4e3b2bf24191;434.75;0.00649223;SELL
2016-02-22T00:14:35.300000;2016-02-22T00:14:35.347000;1cbf03cf-aa2d-4252-930d-f68d418f0ca7;434.93;0.01;BUY
2016-02-22T00:14:35.300000;2016-02-22T00:14:35.363000;e83ed039-c00f-4131-ba6a-0fbdb9c70e12;434.93;1.72505;BUY
2016-02-22T00:15:02.423000;2016-02-22T00:15:02.473000;6d62b35a-96d7-49db-9508-bfba4349b532;434.9;0.02;BUY
2016-02-22T00:15:09.420000;2016-02-22T00:15:09.473000;7d55cabc-3757-47a7-b94a-2940acb0c68f;434.9;0.0351;BUY
2016-02-22T00:15:15.153000;2016-02-22T00:15:15.207000;29d5169f-f866-400b-b0ce-cf1090ed1637;434.9;0.2;BUY
2016-02-22T00:15:32.283000;2016-02-22T00:15:32.333000;2ea6b3c2-c67a-4da1-8526-e4207c130cb9;434.9;0.20566;BUY
2016-02-22T00:16:01.490000;2016-02-22T00:16:01.537000;129431e5-8bf0-4f2e-98fa-4c97284a5a07;434.91;0.01;BUY
2016-02-22T00:16:01.490000;2016-02-22T00:16:01.550000;a3f45f80-7377-45c9-be54-e0ae3236c25b;434.91;0.01;BUY
2016-02-22T00:16:02.357000;2016-02-22T00:16:02.393000;12ee1965-2684-4e73-ac95-f8290d2cb48d;434.91;0.22703;BUY
2016-02-22T00:16:33.687000;2016-02-22T00:16:33.753000;2abe266b-f9fc-4364-8cd9-9902f6e4db5f;434.9;0.88074;SELL
2016-02-22T00:16:36.063000;2016-02-22T00:16:36.113000;1d71c90e-078e-4cd5-9933-e626eeb21cb3;434.9;12.22593924;SELL
2016-02-22T00:17:03.203000;2016-02-22T00:17:03.240000;17c1752c-9cd6-47b5-a1ef-90f6858ba545;434.91;0.02;BUY
2016-02-22T00:17:18.380000;2016-02-22T00:17:18.427000;07163dc2-7233-473d-8685-f2b6a0444e93;434.91;0.018;SELL
2016-02-22T00:17:34.043000;2016-02-22T00:17:34.097000;dc1bb553-77dd-4b20-b788-eff2362409cd;434.92;0.01;BUY
2016-02-22T00:17:34.043000;2016-02-22T00:17:34.097000;85f17368-3e7f-4449-8e0f-96967bacccb7;434.92;0.04671;BUY
2016-02-22T00:18:01.860000;2016-02-22T00:18:01.893000;47649e46-c2ce-49e8-982b-4c84bf777cd7;434.92;0.015;BUY
2016-02-22T00:18:11.150000;2016-02-22T00:18:11.193000;ee4d3052-1e4d-470a-ae87-5ba5896329b3;434.92;0.003;BUY
2016-02-22T00:18:11.150000;2016-02-22T00:18:11.207000;3a2af482-646c-4d7b-a223-fec418c4c83d;434.92;0.21912;BUY
2016-02-22T00:18:30.817000;2016-02-22T00:18:30.863000;ecb5912c-118e-4f52-8da1-a9c23563d642;434.93;0.01048123;BUY
2016-02-22T00:18:32.077000;2016-02-22T00:18:32.130000;c5da3bf8-32ba-42e2-8655-23e47358c479;434.94;0.0177;BUY
2016-02-22T00:18:32.077000;2016-02-22T00:18:32.130000;4faa2efa-a888-47d3-9edd-65e300503db6;434.94;0.073;BUY
2016-02-22T00:18:32.077000;2016-02-22T00:18:32.130000;0e5af178-ad8b-4fc1-8b0e-c32864e02a2e;434.95;0.0185653;BUY
2016-02-22T00:18:32.080000;2016-02-22T00:18:32.143000;9b6b5bc4-f837-4aea-8c7f-178bf9c543de;434.98;0.772;BUY
2016-02-22T00:18:32.080000;2016-02-22T00:18:32.143000;c9977fc8-2915-4ca8-b505-fbe54586b623;434.99;0.107;BUY
2016-02-22T00:18:32.080000;2016-02-22T00:18:32.143000;ef07716f-b6ea-4330-8d46-ed266986011c;435.0;0.01;BUY
2016-02-22T00:18:32.080000;2016-02-22T00:18:32.143000;1d198ae4-c276-4f3b-aa3a-4528df7ede6d;435.0;0.01;BUY
2016-02-22T00:18:32.080000;2016-02-22T00:18:32.143000;8e22c350-24a7-4d6d-9822-3cfeaf2b22a1;435.02;0.19;BUY
2016-02-22T00:18:32.080000;2016-02-22T00:18:32.143000;92427546-a5d5-437a-9f4e-ab9f62c80c8e;435.05;0.151;BUY
2016-02-22T00:18:32.080000;2016-02-22T00:18:32.160000;8866d958-fac3-41d5-9206-9e1e5cad3e59;435.06;1.78;BUY
2016-02-22T00:18:32.080000;2016-02-22T00:18:32.160000;4f6c5b2e-2c9a-4b31-9ccc-5ed84caf9e8d;435.06;0.1552747;BUY
2016-02-22T00:18:39.687000;2016-02-22T00:18:39.723000;a2887263-d443-4547-a835-20aae7d08a3b;435.05;0.01;BUY
2016-02-22T00:18:39.687000;2016-02-22T00:18:39.740000;b54edbac-d5df-46bc-88fc-f0dc3b14435d;435.06;0.012;BUY
2016-02-22T00:18:39.687000;2016-02-22T00:18:39.740000;25e09695-81c2-45a5-90d6-309ccb0ab596;435.06;1.76;BUY
2016-02-22T00:18:39.687000;2016-02-22T00:18:39.740000;562d8c07-8548-494e-b63d-b5304314925e;435.07;0.218;BUY
2016-02-22T00:19:01.897000;2016-02-22T00:19:01.943000;1e30b5b8-2b98-46aa-9bbb-48cfee682bd3;435.03;0.01;BUY
2016-02-22T00:19:01.897000;2016-02-22T00:19:01.943000;26c9e498-e45e-48c2-acf1-e97736368f1b;435.04;0.005;BUY
2016-02-22T00:19:02.287000;2016-02-22T00:19:02.333000;96059919-7e3d-420c-b130-603ac48ea702;435.03;0.01;BUY
2016-02-22T00:19:02.287000;2016-02-22T00:19:02.347000;7c221235-088a-4521-9118-267e42676ee9;435.04;0.094;BUY
2016-02-22T00:19:02.290000;2016-02-22T00:19:02.347000;abff0624-53b8-4d3f-a1fa-bfa53e8323c1;435.06;0.01;BUY
2016-02-22T00:19:02.290000;2016-02-22T00:19:02.347000;832f56a0-ad91-4a43-bb26-f3c25c1e5c4e;435.07;0.025001;BUY
2016-02-22T00:19:02.290000;2016-02-22T00:19:02.347000;aede459d-2547-44aa-8fda-71f294062de9;435.08;0.012;BUY
2016-02-22T00:19:02.290000;2016-02-22T00:19:02.347000;052a6943-d06d-490e-a700-f7c565fe939e;435.09;0.087;BUY
2016-02-22T00:19:02.290000;2016-02-22T00:19:02.347000;128e0576-5fac-4b7b-81ab-7d4d91f8b591;435.1;0.0200429;BUY
2016-02-22T00:19:02.290000;2016-02-22T00:19:02.347000;753db680-ef5e-4c5a-95ef-880fcebfc2e7;435.15;0.105;BUY
2016-02-22T00:19:02.290000;2016-02-22T00:19:02.363000;536e0568-2322-457c-be4d-efd9fb2d43a3;435.16;0.515;BUY
2016-02-22T00:19:02.290000;2016-02-22T00:19:02.363000;a183b25d-3591-4d17-86c5-15787212d1e8;435.17;0.199;BUY
2016-02-22T00:19:02.290000;2016-02-22T00:19:02.363000;66027e28-f142-443b-98f8-a9a6c74b5bbf;435.17;0.2042961;BUY
2016-02-22T00:19:18.867000;2016-02-22T00:19:18.927000;d8072df7-89d3-4fd4-bf40-85d56f0b4f82;435.11;0.015;SELL
2016-02-22T00:19:32.463000;2016-02-22T00:19:32.520000;59390174-0a2c-4e8d-badb-5cf4dfdf6962;435.1;0.015;SELL
2016-02-22T00:19:32.463000;2016-02-22T00:19:32.520000;70024135-be74-48a8-8ea8-d6ffc758ba62;435.1;0.0386;SELL
2016-02-22T00:20:01.480000;2016-02-22T00:20:01.520000;343cb759-4b5e-4929-b49b-4b1f65533893;435.12;0.015;BUY
2016-02-22T00:20:05.533000;2016-02-22T00:20:05.567000;749c554d-90f7-4189-b6d7-a8ce7d55d01f;435.12;0.0077;BUY
2016-02-22T00:20:05.533000;2016-02-22T00:20:05.583000;25b1cba4-9c8b-4a1b-92a6-1661ee190808;435.12;0.015;BUY
2016-02-22T00:20:05.533000;2016-02-22T00:20:05.583000;8a78d10c-f535-44a6-962f-f9f19cb1e08b;435.12;0.084;BUY
2016-02-22T00:20:05.533000;2016-02-22T00:20:05.583000;7c8738be-8e46-402d-b882-23fb7b64d659;435.12;0.015;BUY
2016-02-22T00:20:05.533000;2016-02-22T00:20:05.597000;99dbe970-3e7d-4c85-880d-20fb0197405d;435.13;0.02;BUY
2016-02-22T00:20:05.537000;2016-02-22T00:20:05.597000;120d6020-caf2-46f2-9f4e-1b76dd711d4f;435.14;0.0218262;BUY
2016-02-22T00:20:05.537000;2016-02-22T00:20:05.597000;1e42990c-0399-4557-ac62-a74161a149e4;435.15;0.02822365;BUY
2016-02-22T00:20:05.537000;2016-02-22T00:20:05.597000;4c77de89-f1a0-4838-ac71-fef8693ed798;435.17;0.087;BUY
2016-02-22T00:20:05.537000;2016-02-22T00:20:05.597000;99a0ede8-a6f0-40d2-b9c2-6266bde12181;435.19;0.01;BUY
2016-02-22T00:20:05.537000;2016-02-22T00:20:05.613000;17789dfa-da6c-4cc1-b1bb-176dc377385a;435.22;0.04518015;BUY
2016-02-22T00:20:05.603000;2016-02-22T00:20:05.643000;d6f5e1b3-30a9-49f5-adee-df0eebb906e8;435.11;0.015;SELL
2016-02-22T00:20:05.603000;2016-02-22T00:20:05.660000;21b6d805-5795-498d-b698-534cdb02e58a;435.11;0.01169753;SELL
2016-02-22T00:20:05.653000;2016-02-22T00:20:05.693000;62a3ff4c-67ee-4ee2-9fbb-9e6f56293e22;435.11;0.032;SELL
2016-02-22T00:20:05.827000;2016-02-22T00:20:05.863000;4fb684be-5e98-4702-be52-ce729289d2fb;435.11;0.0208;SELL
2016-02-22T00:20:06.260000;2016-02-22T00:20:06.300000;6e350c96-fbec-4162-b7fa-260c653d73ac;435.11;0.03550247;SELL
2016-02-22T00:20:06.260000;2016-02-22T00:20:06.300000;1550826b-6154-41f9-821f-f0b4e6f6ec11;435.11;0.07969753;SELL
2016-02-22T00:20:16.307000;2016-02-22T00:20:16.347000;71fc6795-16f6-4787-a8b7-27d7ff8696b4;435.22;0.014;SELL
2016-02-22T00:20:16.307000;2016-02-22T00:20:16.347000;9a8d8c89-6401-492a-bc6d-b2930b59307a;435.22;0.13;SELL
2016-02-22T00:20:19.127000;2016-02-22T00:20:19.177000;66c17f1a-dfce-40e0-8558-367b0ad013e0;435.22;0.2566664;SELL
2016-02-22T00:20:19.127000;2016-02-22T00:20:19.177000;18e12229-5509-4b5b-b061-103d4ec8b1ca;435.21;0.014;SELL
2016-02-22T00:20:19.127000;2016-02-22T00:20:19.177000;fa77bdf0-e211-4c0a-8dc3-fffeb6c1465d;435.2;0.022;SELL
2016-02-22T00:20:19.127000;2016-02-22T00:20:19.177000;d1952a19-c3ef-428d-bc92-a117e40ab063;435.16;0.012;SELL
2016-02-22T00:20:19.127000;2016-02-22T00:20:19.177000;0666d88e-994b-43d2-a2cd-6ecbdfe403de;435.14;0.012;SELL
2016-02-22T00:20:19.127000;2016-02-22T00:20:19.193000;512fef59-7f8f-4f35-b1a7-5f4d88f7c402;435.12;0.26;SELL
2016-02-22T00:20:19.127000;2016-02-22T00:20:19.193000;4f3b1483-43af-4162-af7c-9d99ed604c95;435.11;0.05000777;SELL
2016-02-22T00:20:19.127000;2016-02-22T00:20:19.193000;24b7adc0-76be-4ce4-a68e-55e5a6582d6b;435.1;0.014951;SELL
2016-02-22T00:20:19.127000;2016-02-22T00:20:19.193000;6fd811a8-b4a8-4eed-bfab-17479558a463;435.09;0.01357719;SELL
2016-02-22T00:20:32.500000;2016-02-22T00:20:32.537000;6eb98590-7a04-4367-8656-cc46ed7eef04;435.1;0.13;BUY
2016-02-22T00:20:32.500000;2016-02-22T00:20:32.550000;318185a5-f820-423a-bbfe-8e522abca3e7;435.1;0.112;BUY
2016-02-22T00:20:32.500000;2016-02-22T00:20:32.550000;e2667d6f-1673-4ba0-9143-f14235b52ee4;435.11;0.117;BUY
2016-02-22T00:20:32.500000;2016-02-22T00:20:32.550000;f1bd7e48-fa57-4f74-834b-7ae20dccc242;435.12;0.02995;BUY
2016-02-22T00:21:01.627000;2016-02-22T00:21:01.660000;3096bab1-a50f-41d4-b488-4c826de24a32;435.14;0.015;BUY
2016-02-22T00:21:07.717000;2016-02-22T00:21:07.753000;14aecad5-6d2e-4c53-a5ed-09cb132255ef;435.14;0.00286;BUY
2016-02-22T00:21:07.717000;2016-02-22T00:21:07.753000;c90647f1-26ee-4a3a-8033-66244102807a;435.15;0.014337;BUY
2016-02-22T00:21:07.717000;2016-02-22T00:21:07.753000;55cace6d-5e53-42ee-928f-fb237ccf15f5;435.18;0.001923;BUY
2016-02-22T00:21:21.960000;2016-02-22T00:21:21.990000;082f5927-85df-43a0-9a29-e49a32e1501b;435.21;0.012;BUY
2016-02-22T00:21:21.960000;2016-02-22T00:21:22.020000;f20c7593-2b69-4eb8-aac6-302957b77117;435.22;0.0223;BUY
2016-02-22T00:21:21.960000;2016-02-22T00:21:22.020000;3051e60f-c335-4996-874f-0f69300ba9a1;435.23;0.015;BUY
2016-02-22T00:21:21.960000;2016-02-22T00:21:22.020000;ab451517-ce71-4ed6-9b0f-69af13572eeb;435.23;0.028;BUY
2016-02-22T00:21:21.960000;2016-02-22T00:21:22.020000;4df2d077-0cf8-44ff-ba87-09e8f55f9c62;435.24;0.0255;BUY
2016-02-22T00:21:21.960000;2016-02-22T00:21:22.020000;356f857f-39d4-4f00-b6ac-a5ddebd94bf5;435.25;0.012;BUY
2016-02-22T00:21:21.963000;2016-02-22T00:21:22.020000;238b6b52-623b-49d1-bf68-2cc463310b39;435.26;0.012;BUY
2016-02-22T00:21:21.963000;2016-02-22T00:21:22.037000;3423d4ee-3a54-41e9-8693-09f2c6f2c6f8;435.26;0.092;BUY
2016-02-22T00:21:21.963000;2016-02-22T00:21:22.037000;1b22fd79-7a00-483f-9f54-708296495b7a;435.27;0.079;BUY
2016-02-22T00:21:21.963000;2016-02-22T00:21:22.037000;e3495d60-5e0e-429b-aa87-ec05a62c9c72;435.3;0.01;BUY
2016-02-22T00:21:21.963000;2016-02-22T00:21:22.037000;200f16a9-7c04-447b-895e-461af65b6fd6;435.3;0.01;BUY
2016-02-22T00:21:21.963000;2016-02-22T00:21:22.037000;95eca789-372b-4109-bc06-bd8c481cfa44;435.32;0.01;BUY
2016-02-22T00:21:21.963000;2016-02-22T00:21:22.050000;36347a36-eac6-47d0-b64c-31f9d8f0a6fc;435.32;0.128;BUY
2016-02-22T00:21:21.963000;2016-02-22T00:21:22.050000;63046ef2-8128-4732-84f4-a2319a58cb49;435.34;0.113;BUY
2016-02-22T00:21:21.963000;2016-02-22T00:21:22.050000;8ed2f280-7fe8-4f5a-9e41-7db4e169f69b;435.35;0.01;BUY
2016-02-22T00:21:21.963000;2016-02-22T00:21:22.050000;f94fbbdb-e30a-468d-b855-44ae702abb88;435.4;0.01;BUY
2016-02-22T00:21:21.963000;2016-02-22T00:21:22.050000;403ffe55-b0af-44c5-8603-b4a2a6ac6e23;435.43;0.087;BUY
2016-02-22T00:21:21.963000;2016-02-22T00:21:22.050000;f2b48c74-a59d-4f65-b10f-1c5e4b2c44a1;435.45;0.01;BUY
2016-02-22T00:21:21.963000;2016-02-22T00:21:22.067000;8a48b9f6-f5eb-48ec-9c01-57bf297fe6fe;435.48;0.07396856;BUY
2016-02-22T00:21:27.860000;2016-02-22T00:21:27.910000;7b6ce1c7-afab-473a-add1-f7cb32ea298c;435.4;0.01;BUY
2016-02-22T00:21:27.860000;2016-02-22T00:21:27.910000;7f051bce-c27a-464c-a8ff-b6330969cb2e;435.41;0.01;BUY
2016-02-22T00:21:27.860000;2016-02-22T00:21:27.910000;32023db7-70bf-4852-9a84-365fe722c75e;435.41;0.012;BUY
2016-02-22T00:21:27.860000;2016-02-22T00:21:27.910000;4ac93791-1e0b-4079-8a77-9afca34ff882;435.42;0.01;BUY
2016-02-22T00:21:27.860000;2016-02-22T00:21:27.910000;a2a7c5b1-c5f6-4d19-bd94-1060fd8e122a;435.43;0.02534;BUY
2016-02-22T00:21:27.860000;2016-02-22T00:21:27.927000;62529e4b-f2e6-41dc-abad-907037954029;435.49;0.012;BUY
2016-02-22T00:21:27.860000;2016-02-22T00:21:27.927000;5e38657c-bf73-4b8e-b73f-2ace0126ec8a;435.5;0.01;BUY
2016-02-22T00:21:27.860000;2016-02-22T00:21:27.927000;bb002662-9c68-49e2-833d-07736162a194;435.5;0.01;BUY
2016-02-22T00:21:27.863000;2016-02-22T00:21:27.927000;a29b5885-75c7-484e-972a-c44ee63d45e8;435.52;0.012;BUY
2016-02-22T00:21:27.863000;2016-02-22T00:21:27.927000;2a9c0878-424f-4767-bbb0-c2a5d8669291;435.52;0.01;BUY
2016-02-22T00:21:27.863000;2016-02-22T00:21:27.927000;8e9446d2-6646-49d2-8f53-09b9a3398b6e;435.55;0.01;BUY
2016-02-22T00:21:27.863000;2016-02-22T00:21:27.927000;a2f57756-d51c-4e55-8e6c-d7635eac9300;435.57;0.01;BUY
2016-02-22T00:21:27.863000;2016-02-22T00:21:27.927000;a67a0efb-7aad-4ad8-a232-85b3257d6bee;435.6;0.01;BUY
2016-02-22T00:21:27.863000;2016-02-22T00:21:27.927000;f65e49b1-5dd7-47a4-b3fa-9ed7f5ab8f59;435.63;0.07769227;BUY
2016-02-22T00:21:28.863000;2016-02-22T00:21:28.897000;5a352953-8e5c-47b8-9d90-e2ae9b95e9ff;435.47;0.01;BUY
2016-02-22T00:21:28.863000;2016-02-22T00:21:28.910000;f165cb48-eb28-4907-ada2-51226b84f489;435.48;0.01;BUY
2016-02-22T00:21:31.087000;2016-02-22T00:21:31.130000;302e835c-f482-4e4f-bae7-c0f8a0a8851f;435.61;0.01;BUY
2016-02-22T00:21:31.087000;2016-02-22T00:21:31.130000;5d4db477-f76f-45c4-b7ef-b87a3793dc5e;435.62;0.012;BUY
2016-02-22T00:21:31.087000;2016-02-22T00:21:31.130000;1edf6bf4-3d75-45d9-839e-8c2a2102fca1;435.63;0.012;BUY
2016-02-22T00:21:31.883000;2016-02-22T00:21:31.927000;29550207-50a4-499d-a468-b0ba47e669fc;435.6;0.01;BUY
2016-02-22T00:21:32.680000;2016-02-22T00:21:32.723000;2303db1b-8700-41f6-a010-a7a95273ccec;435.61;0.0280671;BUY
2016-02-22T00:21:32.680000;2016-02-22T00:21:32.723000;bb19941c-7c48-4999-bb10-ad1658c380c6;435.65;0.01;BUY
2016-02-22T00:21:32.680000;2016-02-22T00:21:32.753000;6b1ada2f-ca02-4248-867e-d93236135591;435.7;0.01;BUY
2016-02-22T00:21:32.680000;2016-02-22T00:21:32.753000;c07510c8-994d-4767-9b27-cd902d63d793;435.7;0.01;BUY
2016-02-22T00:21:32.680000;2016-02-22T00:21:32.753000;10ccac01-fca4-47b8-b08f-e4c8e3f85481;435.75;0.01;BUY
2016-02-22T00:21:32.680000;2016-02-22T00:21:32.753000;5bbf8a58-b5d6-4ea3-b3ad-e1dd3e04ef44;435.79;0.0465729;BUY
2016-02-22T00:22:01.527000;2016-02-22T00:22:01.550000;57f7428c-2fe0-4ced-91e8-8b8ef29209fb;435.77;0.01;BUY
2016-02-22T00:22:09.720000;2016-02-22T00:22:09.770000;96a2399e-291c-4b41-9222-7314bdd5ac30;435.77;0.002;BUY
2016-02-22T00:22:09.720000;2016-02-22T00:22:09.770000;c61a233f-5fde-4782-957a-ef050654f175;435.78;0.01;BUY
2016-02-22T00:22:09.723000;2016-02-22T00:22:09.770000;359daf55-d04f-48d2-b49f-edf39673fb14;435.78;0.01;BUY
2016-02-22T00:22:09.723000;2016-02-22T00:22:09.770000;fe650525-ce90-4d8c-ba80-5672f727e45c;435.78;0.012;BUY
2016-02-22T00:22:09.723000;2016-02-22T00:22:09.770000;51ddd7d5-4267-41d9-b677-7b0b084a22ba;435.79;0.05000777;BUY
2016-02-22T00:22:09.723000;2016-02-22T00:22:09.787000;4e29e0e1-a7bc-4fed-a6da-629e59f22e83;435.8;0.01;BUY
2016-02-22T00:22:09.723000;2016-02-22T00:22:09.787000;6031ff1b-ebfc-42a2-9ba7-8df6d35e33b2;435.81;0.0250299;BUY
2016-02-22T00:22:09.723000;2016-02-22T00:22:09.787000;4d4f4a53-a523-4a28-a891-c0668e212b66;435.83;0.02623061;BUY
2016-02-22T00:22:09.723000;2016-02-22T00:22:09.787000;caabaa2c-f833-4e67-b0c1-d2aad6be81ab;435.84;0.022703;BUY
2016-02-22T00:22:09.723000;2016-02-22T00:22:09.787000;d465ccdb-7ee9-493b-9b97-202fa8aab39c;435.85;0.01;BUY
2016-02-22T00:22:09.723000;2016-02-22T00:22:09.800000;584d20cf-3ef2-4f0b-aa2e-8a48ad7b6321;435.85;0.01;BUY
2016-02-22T00:22:09.723000;2016-02-22T00:22:09.800000;82e8a6f8-9e27-4d39-8cc6-7bf9b16e9aff;435.9;0.01;BUY
2016-02-22T00:22:09.723000;2016-02-22T00:22:09.800000;931902ba-03cd-4b07-9382-b29ee921ff51;435.95;0.01;BUY
2016-02-22T00:22:09.723000;2016-02-22T00:22:09.800000;4ab09597-0661-4d76-ae12-6d973b3def94;435.95;0.01;BUY
2016-02-22T00:22:09.723000;2016-02-22T00:22:09.800000;ca1d06de-30f7-48ab-bc09-28cb623c14e5;435.99;0.05000777;BUY
2016-02-22T00:22:09.723000;2016-02-22T00:22:09.800000;c82a4262-a144-48b5-a641-cbc4453fc3f1;436.0;0.01;BUY
2016-02-22T00:22:09.723000;2016-02-22T00:22:09.800000;151ea1b9-0c97-492e-9d5a-df3f635ec7a7;436.0;0.01;BUY
2016-02-22T00:22:09.723000;2016-02-22T00:22:09.833000;51e836ad-62a6-42e8-ada5-3498bc34bdae;436.01;0.097;BUY
2016-02-22T00:22:09.723000;2016-02-22T00:22:09.833000;ba17bea6-8238-4db7-b807-804c26e04c92;436.02;0.096;BUY
2016-02-22T00:22:09.723000;2016-02-22T00:22:09.833000;77b15175-855e-42b2-ab0f-a6fb65ca06b9;436.05;0.01;BUY
2016-02-22T00:22:09.723000;2016-02-22T00:22:09.833000;705955ef-a247-498c-abbf-ed938ec6e094;436.05;0.01;BUY
2016-02-22T00:22:09.723000;2016-02-22T00:22:09.833000;b4c6c5c2-547b-4918-9395-d83678492593;436.06;0.102;BUY
2016-02-22T00:22:09.723000;2016-02-22T00:22:09.833000;119a7df1-fb79-41fc-a39f-aa5d7fb4843d;436.1;0.01;BUY
2016-02-22T00:22:09.723000;2016-02-22T00:22:09.833000;249bc59b-aab6-49e1-b68f-1efbc47c8013;436.1;0.01417815;BUY
2016-02-22T00:22:09.723000;2016-02-22T00:22:09.833000;716f24ab-1205-48b4-84e1-78b68c0f110c;436.11;0.05000777;BUY
2016-02-22T00:22:09.723000;2016-02-22T00:22:09.833000;61294ba0-0265-4003-832f-bc4dae48567d;436.11;0.113;BUY
2016-02-22T00:22:09.727000;2016-02-22T00:22:09.847000;72707f47-1ad0-402a-aaf1-42481d9b95a4;436.15;0.01;BUY
2016-02-22T00:22:09.727000;2016-02-22T00:22:09.847000;1a426e16-4d53-4391-96c8-02da18638b1c;436.19;0.076;BUY
2016-02-22T00:22:09.727000;2016-02-22T00:22:09.847000;b0b72441-102d-4d67-b989-9c2a1fd282e1;436.2;0.01;BUY
2016-02-22T00:22:09.727000;2016-02-22T00:22:09.847000;4e240af2-628f-4f19-9d97-fdeaed026bc2;436.25;0.01;BUY
2016-02-22T00:22:09.727000;2016-02-22T00:22:09.847000;a78acfb3-445b-475f-bb4e-f07ed9a49315;436.27;0.05000777;BUY
2016-02-22T00:22:09.727000;2016-02-22T00:22:09.847000;33db3421-e181-4ff5-bb68-cd85a48a5cbb;436.3;0.01;BUY
2016-02-22T00:22:09.727000;2016-02-22T00:22:09.847000;b7d55b41-1a3a-4844-9a02-e295c3771eba;436.32;0.01;BUY
2016-02-22T00:22:09.727000;2016-02-22T00:22:09.847000;e93adf9c-64eb-43b9-a7a0-0a70655ca9e0;436.33;0.07840726;BUY
2016-02-22T00:22:15.463000;2016-02-22T00:22:15.490000;60cb2dea-4e84-44a0-855b-69944a6c542d;436.27;0.012;BUY
2016-02-22T00:22:15.467000;2016-02-22T00:22:15.503000;5a219ef4-8925-4664-92e0-ebbf61d6a16e;436.28;0.01;BUY
2016-02-22T00:22:15.467000;2016-02-22T00:22:15.503000;18f66a22-877e-4bb5-9a8e-5c05a0d1f856;436.28;0.01;BUY
2016-02-22T00:22:15.467000;2016-02-22T00:22:15.503000;7bf55f2b-ccb0-4865-b1fa-0577879df880;436.29;0.01;BUY
2016-02-22T00:22:15.467000;2016-02-22T00:22:15.503000;7c1ef490-d675-40fe-9766-de5d26470a5b;436.29;0.012;BUY
2016-02-22T00:22:15.467000;2016-02-22T00:22:15.520000;debd8e06-4504-400e-840c-c80023e94393;436.3;0.01;BUY
2016-02-22T00:22:15.467000;2016-02-22T00:22:15.520000;043d9b7d-40a6-4237-a4a7-43599f12d412;436.31;0.01;BUY
2016-02-22T00:22:15.467000;2016-02-22T00:22:15.520000;50371fd5-783c-4d16-a4eb-d6b619cd5767;436.31;0.01;BUY
2016-02-22T00:22:15.467000;2016-02-22T00:22:15.520000;fc0d385d-a154-4a1b-8944-13e27c1d42c1;436.31;0.012;BUY
2016-02-22T00:22:15.467000;2016-02-22T00:22:15.537000;d619d912-e302-4c7c-8f58-c045241fb57d;436.32;0.004;BUY
2016-02-22T00:22:34.463000;2016-02-22T00:22:34.503000;ee8043fc-b3b9-412f-af33-b18c6e380a04;436.24;0.05;SELL
2016-02-22T00:22:34.463000;2016-02-22T00:22:34.503000;381addbd-fb6b-4934-994a-12072d4adeea;436.24;0.00676;SELL
2016-02-22T00:22:42.367000;2016-02-22T00:22:42.397000;141bf21f-ce82-4a8c-bdfa-588f263881f8;436.25;0.01;BUY
2016-02-22T00:22:42.367000;2016-02-22T00:22:42.410000;c8737a85-1030-4da4-b181-61d3c470d77b;436.25;0.01;BUY
2016-02-22T00:23:02.253000;2016-02-22T00:23:02.287000;8b996dbc-975d-4f55-8535-d75a810dbb8e;436.24;0.01070892;SELL
2016-02-22T00:23:04.890000;2016-02-22T00:23:04.927000;f767319b-bc12-43f1-a967-858eff91bada;436.24;0.29929;SELL
2016-02-22T00:23:22.570000;2016-02-22T00:23:22.597000;f4ae7906-cb04-42d2-8c72-382c72715b69;436.25;0.05000777;BUY
2016-02-22T00:23:22.570000;2016-02-22T00:23:22.613000;d07a8be8-7b62-425d-8521-ff9520661a89;436.25;2.0;BUY
2016-02-22T00:23:22.570000;2016-02-22T00:23:22.613000;6082cf23-8331-4b70-8e0a-cce2c30358b7;436.26;0.01;BUY
2016-02-22T00:23:22.570000;2016-02-22T00:23:22.613000;c9a1346e-3ee9-4bf1-8944-4507b936f273;436.26;0.01983516;BUY
2016-02-22T00:23:22.570000;2016-02-22T00:23:22.693000;eae49912-e848-400f-a5dd-5a3f675df0c2;436.26;0.05000777;BUY
2016-02-22T00:23:22.570000;2016-02-22T00:23:22.693000;d9137d5d-b46b-4c45-94aa-6da7d8ba6fd7;436.27;0.05000777;BUY
2016-02-22T00:23:22.570000;2016-02-22T00:23:22.693000;9b5503e5-fb51-4a13-9cf5-44edbb3b4a31;436.27;0.02133;BUY
2016-02-22T00:23:22.570000;2016-02-22T00:23:22.693000;ef2298fb-75e6-4071-879c-f385c7ee4b98;436.27;0.05000777;BUY
2016-02-22T00:23:22.570000;2016-02-22T00:23:22.693000;256dbdfc-f5b6-4530-8a41-1421980145f4;436.28;0.03;BUY
2016-02-22T00:23:22.570000;2016-02-22T00:23:22.693000;480f0663-aa3a-4663-897e-44366b0a9d17;436.29;0.02878861;BUY
2016-02-22T00:23:22.573000;2016-02-22T00:23:22.693000;1c1c8e6c-14c6-449a-b99f-5710037c77a6;436.32;0.006;BUY
2016-02-22T00:23:22.573000;2016-02-22T00:23:22.693000;c29e197f-8b42-4eb4-aedf-3b4906a91c4d;436.33;0.503;BUY
2016-02-22T00:23:22.573000;2016-02-22T00:23:22.693000;43739988-ef3f-459e-b204-26f593518894;436.35;0.01;BUY
2016-02-22T00:23:22.573000;2016-02-22T00:23:22.693000;56155fa5-fa54-4670-a976-33e131615a5a;436.37;0.05000777;BUY
2016-02-22T00:23:22.573000;2016-02-22T00:23:22.693000;7ecd346d-1a0d-4618-9286-d0e6c6428b9d;436.4;0.01;BUY
2016-02-22T00:23:27.367000;2016-02-22T00:23:27.397000;ffe9937a-1209-4094-810b-e7f78c818e86;436.4;0.13;SELL
2016-02-22T00:23:27.367000;2016-02-22T00:23:27.410000;db72db56-846d-4289-b37b-d24b3e760ec4;436.4;0.39;SELL
2016-02-22T00:23:33.653000;2016-02-22T00:23:33.677000;a54f4aa8-317d-4bed-8d70-ee73f17de147;436.41;0.09699;BUY
2016-02-22T00:23:36.760000;2016-02-22T00:23:36.787000;747ac5b7-8f20-4900-877f-ee96dd67bf6d;436.4;0.05;SELL
2016-02-22T00:23:36.760000;2016-02-22T00:23:36.817000;90b9b01a-24cb-4fae-a4aa-373c69e50eb7;436.4;2.77;SELL
2016-02-22T00:24:01.067000;2016-02-22T00:24:01.113000;966a6c0c-112f-4c81-88d7-80de5ceceb60;436.42;0.028;BUY
2016-02-22T00:24:01.067000;2016-02-22T00:24:01.113000;e1cded29-5010-4cac-9ffa-025b4c8eb38c;436.42;0.05000777;BUY
2016-02-22T00:24:01.067000;2016-02-22T00:24:01.113000;c270c4e8-2f44-447d-bcba-7889a7596911;436.43;0.05000777;BUY
2016-02-22T00:24:01.067000;2016-02-22T00:24:01.130000;f00518ac-dc1b-4d28-8e76-f4eab9f458ed;436.44;0.05000777;BUY
2016-02-22T00:24:01.067000;2016-02-22T00:24:01.130000;f4cb4f6a-ddf1-4f6f-add7-86894296ffde;436.45;0.01;BUY
2016-02-22T00:24:01.067000;2016-02-22T00:24:01.130000;39311c6b-5215-4d50-9f9c-9df8aa4a7cff;436.45;0.05000777;BUY
2016-02-22T00:24:01.067000;2016-02-22T00:24:01.130000;a70f7d10-a59c-4c18-8466-9cdd59e76b6f;436.47;0.05000777;BUY
2016-02-22T00:24:01.067000;2016-02-22T00:24:01.147000;334f7568-b4bb-4249-bf9d-ac5daca749c9;436.5;0.01;BUY
2016-02-22T00:24:01.067000;2016-02-22T00:24:01.147000;f9b18a61-bf66-41f8-8213-81e28fc60253;436.5;0.14433125;BUY
2016-02-22T00:24:10.183000;2016-02-22T00:24:10.207000;a72262e3-cb85-4d7c-93bf-6250578d83ca;436.46;1.78701;SELL
2016-02-22T00:24:33.087000;2016-02-22T00:24:33.130000;a07d530f-7070-4824-863c-8e6a08b925c0;436.48;0.01;BUY
2016-02-22T00:24:33.087000;2016-02-22T00:24:33.130000;a9dda669-2a29-42a8-b7d7-72ff9fa06a67;436.48;0.05000777;BUY
2016-02-22T00:24:33.087000;2016-02-22T00:24:33.130000;f73916cf-7141-4f5d-8b50-c2676f9d7b25;436.48;0.31;BUY
2016-02-22T00:24:33.087000;2016-02-22T00:24:33.130000;04ff2767-6b36-4729-ab05-aa017c0f339a;436.49;0.01;BUY
2016-02-22T00:24:33.090000;2016-02-22T00:24:33.130000;e6eaa013-b2a4-4f69-9293-5435e6999820;436.49;0.05000777;BUY
2016-02-22T00:24:33.090000;2016-02-22T00:24:33.147000;ebbfe258-1e7f-49a3-ad2b-e8c13511c69b;436.5;0.85566875;BUY
2016-02-22T00:24:33.090000;2016-02-22T00:24:33.147000;b4c49c64-4603-4a7f-a459-b60f1c1603b9;436.5;0.05000777;BUY
2016-02-22T00:24:33.090000;2016-02-22T00:24:33.147000;093f7024-07be-4082-b000-ca6032b13f15;436.51;0.01208792;BUY
2016-02-22T00:24:33.090000;2016-02-22T00:24:33.147000;f1ac7a23-58ea-48ae-bbde-7c4bbb56230e;436.51;0.05000777;BUY
2016-02-22T00:24:33.090000;2016-02-22T00:24:33.147000;64e06faf-352d-4385-8b5d-3f19be766770;436.52;0.05000777;BUY
2016-02-22T00:24:33.090000;2016-02-22T00:24:33.147000;2683564d-4f97-4f34-8a81-651b87676789;436.53;0.01;BUY
2016-02-22T00:24:33.090000;2016-02-22T00:24:33.147000;5be46187-c76c-4769-abad-11b3b6c0a132;436.54;0.32;BUY
2016-02-22T00:24:33.090000;2016-02-22T00:24:33.160000;dae61d1f-e17a-42e0-9008-4c53db7695a1;436.54;0.091;BUY
2016-02-22T00:24:33.090000;2016-02-22T00:24:33.160000;dcb3d883-089c-45c3-9e39-a9a985975c5b;436.55;0.01;BUY
2016-02-22T00:24:33.090000;2016-02-22T00:24:33.160000;f27a7acf-9882-434f-9191-481e967a0ffa;436.55;0.097;BUY
2016-02-22T00:24:33.090000;2016-02-22T00:24:33.177000;302935dd-f36b-40b0-a3c1-5564c609725f;436.59;0.08051448;BUY
2016-02-22T00:25:06.973000;2016-02-22T00:25:06.990000;261df8ca-d264-4a0e-a355-b560e709da37;436.58;0.012;BUY
2016-02-22T00:25:06.973000;2016-02-22T00:25:07.020000;b8052741-4bf8-4e5c-a285-e1f8f2794be9;436.6;0.01;BUY
2016-02-22T00:25:06.973000;2016-02-22T00:25:07.020000;c3bc6e4d-5cea-40e7-a0eb-9ff4f6ce9143;436.65;0.01;BUY
2016-02-22T00:25:06.973000;2016-02-22T00:25:07.020000;d2bd736f-6353-441f-bf58-cf07692ca75e;436.68;0.01;BUY
2016-02-22T00:25:06.973000;2016-02-22T00:25:07.020000;53e851dc-6e87-4988-b99e-7720c1054c73;436.68;0.122;BUY
2016-02-22T00:25:06.973000;2016-02-22T00:25:07.020000;41e50c47-e340-417d-b838-15f7d625d016;436.7;0.01;BUY
2016-02-22T00:25:06.973000;2016-02-22T00:25:07.020000;9c2c5dfc-a702-444f-91dd-807ab9288324;436.73;0.113;BUY
2016-02-22T00:25:06.973000;2016-02-22T00:25:07.020000;9b19a7eb-1602-4367-ad1b-53fe07d2710a;436.75;0.01;BUY
2016-02-22T00:25:06.973000;2016-02-22T00:25:07.020000;940c230e-41b9-46d1-8468-434a9a78fe2b;436.8;0.01;BUY
2016-02-22T00:25:06.973000;2016-02-22T00:25:07.020000;c23d7d87-d6a5-4c52-ba70-83e1c8f1217f;436.8;0.12497;BUY
2016-02-22T00:26:02.357000;2016-02-22T00:26:02.380000;90a74d05-db1c-4c57-9bef-78df922138b8;436.63;0.01;BUY
2016-02-22T00:26:02.357000;2016-02-22T00:26:02.397000;5e92f6a6-c059-4611-8782-9bdf6e14e899;436.63;0.01;BUY
2016-02-22T00:26:02.357000;2016-02-22T00:26:02.397000;0e64b357-103e-49df-b866-e7c6517685b7;436.63;0.1068;BUY
2016-02-22T00:26:16.023000;2016-02-22T00:26:16.050000;25524468-dda4-4036-a0a2-2e31462be149;436.63;0.0342584;BUY
2016-02-22T00:26:32.313000;2016-02-22T00:26:32.333000;1b024bb8-b480-4524-9095-fe883b137f3c;436.64;0.01;BUY
2016-02-22T00:26:32.313000;2016-02-22T00:26:32.333000;642e1275-63d2-4057-be43-cda0c12a95e0;436.64;0.01475459;BUY
2016-02-22T00:26:32.333000;2016-02-22T00:26:32.363000;7bb26e30-bbbc-44e0-be42-b08047f80805;436.64;0.05724541;BUY
2016-02-22T00:26:32.333000;2016-02-22T00:26:32.363000;4fe8aafd-9ace-4a61-9872-42c2afae9347;436.64;0.05275459;BUY
2016-02-22T00:26:32.340000;2016-02-22T00:26:32.380000;fe611971-4645-4691-abb9-314dbff7a2d2;436.64;0.03596972;BUY
2016-02-22T00:26:32.847000;2016-02-22T00:26:32.863000;86725ba7-10f9-4ddd-bd14-262ad2f2e885;436.62;0.02258;SELL
2016-02-22T00:27:02.633000;2016-02-22T00:27:02.683000;6afd1b7f-0c82-4163-ad81-42ecf8fdf7a4;436.64;0.32547;BUY
2016-02-22T00:27:32.917000;2016-02-22T00:27:32.963000;2d64b3c5-eda6-4e3d-bacf-6c7afa2c8199;436.64;0.08580569;BUY
2016-02-22T00:27:32.917000;2016-02-22T00:27:32.963000;4adbe2e1-2c07-479f-88f5-7852dfeb26ad;436.64;0.09528431;BUY
2016-02-22T00:28:05.497000;2016-02-22T00:28:05.527000;492e9c69-2c59-4453-b7e8-7a3afc58a0c0;436.64;0.09563;BUY
2016-02-22T00:28:33.567000;2016-02-22T00:28:33.603000;7ebf7bf6-eee1-4b41-b70a-c918a15447a5;436.64;0.10908569;BUY
2016-02-22T00:28:33.567000;2016-02-22T00:28:33.620000;3507f011-eacf-443e-9dc4-c9502704d156;436.72;0.01;BUY
2016-02-22T00:28:33.567000;2016-02-22T00:28:33.620000;d5e75d63-f3c8-4e51-a4fc-23b200cb2104;436.79;0.088;BUY
2016-02-22T00:28:33.567000;2016-02-22T00:28:33.620000;b6426169-71ff-46cd-95ab-64961bb4e904;436.83;0.11;BUY
2016-02-22T00:28:33.567000;2016-02-22T00:28:33.637000;5e467b67-06c8-4f5f-a5c3-97f20b05e9d4;436.84;0.02;BUY
2016-02-22T00:28:33.567000;2016-02-22T00:28:33.637000;6026932f-6c7e-47fd-9065-13b72c570577;436.84;0.119;BUY
2016-02-22T00:28:33.567000;2016-02-22T00:28:33.637000;bab77198-88ac-46e1-ae43-78f1423fd7c6;436.85;0.01;BUY
2016-02-22T00:28:33.570000;2016-02-22T00:28:33.637000;26b18560-7e5e-4a8d-b7cf-e8ea2daf1eef;436.87;0.01;BUY
2016-02-22T00:28:33.570000;2016-02-22T00:28:33.637000;c6aafb6a-79ee-4635-b9e3-e4ad08083732;436.88;0.124;BUY
2016-02-22T00:28:33.570000;2016-02-22T00:28:33.637000;b895544e-b52d-4a24-a882-4ca87f884dd6;436.9;0.01;BUY
2016-02-22T00:28:33.570000;2016-02-22T00:28:33.650000;70358e55-bfbc-4ec0-998f-f3fa36bbc152;436.9;0.01417815;BUY
2016-02-22T00:28:33.570000;2016-02-22T00:28:33.650000;cccbc6f9-5dd5-4f75-9a6a-09f168b64d40;436.93;0.126;BUY
2016-02-22T00:28:33.570000;2016-02-22T00:28:33.650000;bd62746e-b271-4d00-9530-3bae3a621cea;436.95;0.01;BUY
2016-02-22T00:28:33.570000;2016-02-22T00:28:33.650000;f8ad83f9-2aea-40a0-b4a0-4e2f68edb2af;436.95;0.01;BUY
2016-02-22T00:28:33.570000;2016-02-22T00:28:33.650000;f844749f-6fc7-4da1-ac82-a9d013251f9c;436.98;0.076;BUY
2016-02-22T00:28:33.570000;2016-02-22T00:28:33.667000;9b8bba42-14fb-4c95-bcb4-f8adc0c6a390;437.0;0.01;BUY
2016-02-22T00:28:33.570000;2016-02-22T00:28:33.667000;6328d259-e76b-469c-98f2-f7241a0bb26b;437.0;0.5;BUY
2016-02-22T00:28:33.570000;2016-02-22T00:28:33.697000;ae2850f9-d035-47d6-834a-31bf050c901e;437.03;0.107;BUY
2016-02-22T00:28:33.570000;2016-02-22T00:28:33.697000;9b00f8a2-a37c-4a43-ae1d-7340a2341563;437.05;0.01;BUY
2016-02-22T00:28:33.570000;2016-02-22T00:28:33.697000;2d6e0493-af52-42ec-a575-129412af9a75;437.08;0.073;BUY
2016-02-22T00:28:33.570000;2016-02-22T00:28:33.697000;f9a4cd0c-9ad3-4646-877c-98255c89d394;437.1;0.01;BUY
2016-02-22T00:28:33.570000;2016-02-22T00:28:33.697000;e6b67046-3dad-44ec-ad29-5830c1909e90;437.1;0.01417815;BUY
2016-02-22T00:28:33.570000;2016-02-22T00:28:33.713000;01691f9a-6644-4a18-bef1-072a8b6fb9cb;437.11;0.01;BUY
2016-02-22T00:28:33.570000;2016-02-22T00:28:33.713000;e36f75b4-e013-4046-900f-54000c57f77a;437.13;0.079;BUY
2016-02-22T00:28:33.570000;2016-02-22T00:28:33.713000;c3e43d80-32d0-4c14-9a76-a8435e14cd51;437.15;0.01;BUY
2016-02-22T00:28:33.570000;2016-02-22T00:28:33.713000;fbcdbfe8-4a31-4c93-aca4-d5a8300fceef;437.18;0.09;BUY
2016-02-22T00:28:33.570000;2016-02-22T00:28:33.713000;83b2d344-60bb-4e7d-b889-654c62a076df;437.2;0.01;BUY
2016-02-22T00:28:33.570000;2016-02-22T00:28:33.713000;86041820-b570-4dae-bd86-8b1847341c29;437.2;0.056;BUY
2016-02-22T00:28:33.573000;2016-02-22T00:28:33.713000;f65b1df7-daca-4143-90b6-3f4fc832f0cb;437.2;0.01;BUY
2016-02-22T00:28:33.573000;2016-02-22T00:28:33.713000;6841ea8d-a4b6-4d40-9cdf-493f6270e850;437.23;0.075;BUY
2016-02-22T00:28:33.573000;2016-02-22T00:28:33.713000;967e137b-6c71-4aa9-b116-33daf3bc2575;437.23;0.06315801;BUY
2016-02-22T00:29:03.277000;2016-02-22T00:29:03.307000;db7c7f81-80c3-48a1-8059-b05fe83b7b3c;436.75;1.042;SELL
2016-02-22T00:29:03.277000;2016-02-22T00:29:03.323000;af0ddabb-62b0-4ef7-927c-707d15dec003;436.75;0.55664;SELL
2016-02-22T00:29:39.993000;2016-02-22T00:29:40.027000;c13be40f-9b1e-4486-8a78-34f9353a2e9c;436.76;0.01;BUY
2016-02-22T00:29:39.993000;2016-02-22T00:29:40.040000;988a2ae0-87a6-478a-bde9-397a552e2407;436.76;0.329;BUY
2016-02-22T00:29:39.993000;2016-02-22T00:29:40.040000;c0f138d4-5efa-4627-96e9-c023239d01a9;436.76;0.56;BUY
2016-02-22T00:29:39.993000;2016-02-22T00:29:40.040000;8160365f-9a70-4fb7-ba76-f1e5d13bc4cf;436.81;0.478;BUY
2016-02-22T00:29:39.993000;2016-02-22T00:29:40.057000;6cb8db4b-3454-4543-979e-c1891ceb3d7a;436.86;0.577;BUY
2016-02-22T00:29:39.993000;2016-02-22T00:29:40.057000;aeef8494-c239-444e-a483-55b4c2e9b315;436.87;0.01;BUY
2016-02-22T00:29:39.993000;2016-02-22T00:29:40.057000;afddd605-9500-4543-8f39-80473500d830;436.91;0.14529;BUY
2016-02-22T00:30:03.693000;2016-02-22T00:30:03.743000;6d38ef6c-f2f0-4d2c-9be3-34106e292916;436.84;0.01;BUY
2016-02-22T00:30:03.693000;2016-02-22T00:30:03.743000;4bf7b7ac-81b8-4c4c-a3a7-f53b6efa35f0;436.85;0.01;BUY
2016-02-22T00:30:03.693000;2016-02-22T00:30:03.743000;773aac6c-6f49-4156-8c70-1409656e4bb5;436.87;0.103;BUY
2016-02-22T00:30:03.693000;2016-02-22T00:30:03.743000;38743a33-65b9-4f98-a29b-178b3edd01c6;436.93;0.08;BUY
2016-02-22T00:30:03.693000;2016-02-22T00:30:03.760000;9f72db9f-8f09-413f-906f-b3c0d873f991;436.98;0.082;BUY
2016-02-22T00:30:03.693000;2016-02-22T00:30:03.760000;1cc3ba45-2b1b-448d-9ccc-18d5bd65ee34;437.03;0.099;BUY
2016-02-22T00:30:03.693000;2016-02-22T00:30:03.760000;9e54e0c9-6fae-43a1-ae3e-3bfa9838b12d;437.07;0.01;BUY
2016-02-22T00:30:03.693000;2016-02-22T00:30:03.760000;777e1289-d572-40b4-8f2c-4546d5ed9ffa;437.22;0.077;BUY
2016-02-22T00:30:03.693000;2016-02-22T00:30:03.760000;9ef7977d-b9ce-4fed-b159-2686e86d78bf;437.22;0.02609;BUY
2016-02-22T00:30:32.953000;2016-02-22T00:30:32.993000;96eea206-ca28-425c-82aa-df7b5b100e1f;436.94;0.01;BUY
2016-02-22T00:30:32.957000;2016-02-22T00:30:32.993000;8fc48843-f33f-4f0d-85c8-d2b41357bb17;436.94;0.095;BUY
2016-02-22T00:30:32.957000;2016-02-22T00:30:32.993000;0ec52a32-0622-4543-9348-8b9a3a162811;436.94;0.1;BUY
2016-02-22T00:30:32.957000;2016-02-22T00:30:32.993000;3cee5e24-1c83-47fd-a33d-e1be7465b4cd;436.99;0.095;BUY
2016-02-22T00:30:32.957000;2016-02-22T00:30:32.993000;afe561e5-6e70-4db1-a661-0d661e524a1b;437.04;0.04031;BUY
2016-02-22T00:31:02.957000;2016-02-22T00:31:02.993000;25777eb3-4365-4104-a53c-6a223870505f;437.03;0.05928;BUY
2016-02-22T00:31:33.333000;2016-02-22T00:31:33.370000;718579fb-9131-4f08-85d5-ee2ea366718d;437.03;0.09;BUY
2016-02-22T00:31:33.337000;2016-02-22T00:31:33.370000;326e32d5-f163-4215-b20a-1923f4466d6a;437.05;0.01;BUY
2016-02-22T00:31:33.337000;2016-02-22T00:31:33.370000;585b8684-ae27-44e1-9377-e50bf36c61a2;437.08;0.089;BUY
2016-02-22T00:31:33.337000;2016-02-22T00:31:33.370000;7299708a-8926-4d13-8d64-e161c52e807b;437.13;0.123;BUY
2016-02-22T00:31:33.337000;2016-02-22T00:31:33.400000;a9714b04-e8d7-4f0f-9b7e-1955c2baa8a1;437.18;0.116;BUY
2016-02-22T00:31:33.337000;2016-02-22T00:31:33.400000;75c7e7bd-e68e-486c-853e-8bddc8d7bc43;437.22;0.28064;BUY
2016-02-22T00:32:02.910000;2016-02-22T00:32:02.947000;4f100ec1-c0af-45e0-940e-8652150cfa18;437.07;0.01;BUY
2016-02-22T00:32:02.910000;2016-02-22T00:32:02.947000;00145795-16c4-4095-958b-f9a0f3c0e631;437.07;0.10332;BUY
2016-02-22T00:32:32.423000;2016-02-22T00:32:32.463000;7bb9c92f-119f-46fc-8da3-effecf5886e6;437.08;0.11;BUY
2016-02-22T00:32:32.423000;2016-02-22T00:32:32.463000;e75e047f-9804-4fc3-8d03-8fc1759b846a;437.1;0.09487;BUY
2016-02-22T00:33:10.557000;2016-02-22T00:33:10.573000;827fd592-80d6-4e77-9df1-f69a0db20b75;437.1;0.098;BUY
2016-02-22T00:33:10.557000;2016-02-22T00:33:10.590000;59966e29-d4fe-4a93-a73f-5ad234e0d2da;437.15;0.105;BUY
2016-02-22T00:33:10.557000;2016-02-22T00:33:10.603000;dce63797-377d-42f4-8479-8d1898cbc1cd;437.2;0.10006;BUY
2016-02-22T00:34:02.687000;2016-02-22T00:34:02.713000;b3c161af-a581-49df-9f28-d26c708afcc2;437.15;0.01;BUY
2016-02-22T00:34:02.687000;2016-02-22T00:34:02.713000;40869b50-9b7b-4b78-84b6-b726fe83e255;437.15;0.01757;BUY
2016-02-22T00:34:06.443000;2016-02-22T00:34:06.463000;fa63d6a9-6700-45e6-b68d-da6982466e94;437.14;0.017;SELL
2016-02-22T00:34:06.443000;2016-02-22T00:34:06.480000;3be4d13a-75c8-487a-a27d-870cc84d1dd3;437.14;0.05000777;SELL
2016-02-22T00:34:06.443000;2016-02-22T00:34:06.480000;13f1e51b-7db8-4812-b0a5-8f443e4cdfaf;437.13;0.017;SELL
2016-02-22T00:34:06.443000;2016-02-22T00:34:06.480000;f3af875b-49e0-4275-be11-90f3f577c23a;437.12;0.018;SELL
2016-02-22T00:34:06.443000;2016-02-22T00:34:06.480000;b2834512-9451-4ae7-81e8-0809151169de;437.11;0.00199223;SELL
2016-02-22T00:34:31.330000;2016-02-22T00:34:31.370000;6b02532d-44d7-4319-a3a6-3b67acefbc0a;437.13;0.016;SELL
2016-02-22T00:34:31.333000;2016-02-22T00:34:31.387000;7340ca60-4642-4548-8399-03f6a59bad80;437.12;0.016;SELL
2016-02-22T00:34:31.333000;2016-02-22T00:34:31.387000;b6a353d1-f910-42a5-8ba2-88d764518cb4;437.11;0.01600777;SELL
2016-02-22T00:34:31.333000;2016-02-22T00:34:31.387000;3da0d9f9-7713-43d2-bd76-8190b20ce862;437.1;0.018;SELL
2016-02-22T00:34:31.333000;2016-02-22T00:34:31.400000;32bc59f7-0571-4ed4-bd92-e773c32cec59;437.09;0.019;SELL
2016-02-22T00:34:31.333000;2016-02-22T00:34:31.400000;199f900e-7b76-4102-b43a-b850b07d0718;437.08;0.019;SELL
2016-02-22T00:34:31.333000;2016-02-22T00:34:31.400000;58294798-3fa3-406d-98f1-b5cbb3a7d443;437.07;0.02;SELL
2016-02-22T00:34:31.333000;2016-02-22T00:34:31.400000;8ec90067-1188-488f-9095-9494f56e0c17;437.06;0.02;SELL
2016-02-22T00:34:31.333000;2016-02-22T00:34:31.400000;07c6ef86-a1e5-49c6-ad02-3a6193243022;437.05;0.02;SELL
2016-02-22T00:34:31.333000;2016-02-22T00:34:31.400000;6ea00fb7-1bba-4c36-887f-41e279b9dbd8;437.04;0.02;SELL
2016-02-22T00:34:31.333000;2016-02-22T00:34:31.400000;2704ccda-a05b-4415-a7ad-b39cc691bcb9;437.03;0.01435319;SELL
2016-02-22T00:34:31.333000;2016-02-22T00:34:31.417000;d0f49e8d-0c85-4eaf-a3f1-208758997e4e;437.02;0.021;SELL
2016-02-22T00:34:31.333000;2016-02-22T00:34:31.417000;69fdbb88-88d4-4c76-a66f-6e8397f768c6;437.01;0.02841944;SELL
2016-02-22T00:34:31.333000;2016-02-22T00:34:31.417000;b8ee2f55-c31b-4cfa-a083-75404af6e52a;437.0;0.021;SELL
2016-02-22T00:34:31.333000;2016-02-22T00:34:31.417000;97ca5467-8bbb-4bf9-ba54-80d126efb791;437.0;0.01;SELL
2016-02-22T00:34:31.333000;2016-02-22T00:34:31.417000;d567b6a6-178f-4a60-a077-ab471829396a;437.0;0.0125;SELL
2016-02-22T00:34:31.333000;2016-02-22T00:34:31.417000;dd126932-8c1b-456d-be51-62aea986fc3f;437.0;0.01;SELL
2016-02-22T00:34:31.333000;2016-02-22T00:34:31.433000;a762cc28-a9a5-47f7-8605-7c18069d7c9a;437.0;0.01;SELL
2016-02-22T00:34:31.333000;2016-02-22T00:34:31.433000;9de6ae0a-9840-4b20-ad8b-a985a20ca279;436.99;0.021;SELL
2016-02-22T00:34:31.333000;2016-02-22T00:34:31.433000;e5190a08-fba1-4e8c-a444-015109b03180;436.99;0.01;SELL
2016-02-22T00:34:31.333000;2016-02-22T00:34:31.447000;62ad6bc4-7e53-4826-b890-4e7770c856e9;436.98;0.022;SELL
2016-02-22T00:34:31.337000;2016-02-22T00:34:31.480000;60c68d96-a3d5-4844-aadc-889037224027;436.97;0.022;SELL
2016-02-22T00:34:31.337000;2016-02-22T00:34:31.480000;a00d7361-d696-4f3d-a6e0-98b99674babf;436.97;0.01;SELL
2016-02-22T00:34:31.337000;2016-02-22T00:34:31.480000;f8d6879e-df90-4337-a8b1-88f283ba2d21;436.96;0.022;SELL
2016-02-22T00:34:31.337000;2016-02-22T00:34:31.480000;428d745a-5d3b-46d2-ae63-df242e27e5b0;436.95;0.022;SELL
2016-02-22T00:34:31.337000;2016-02-22T00:34:31.480000;38448675-5ca1-4cce-b354-7b85cdabe7c6;436.94;0.02540494;SELL
2016-02-22T00:34:31.337000;2016-02-22T00:34:31.480000;4a490629-8e1e-4381-90ad-683009c66468;436.93;0.0253498;SELL
2016-02-22T00:34:31.337000;2016-02-22T00:34:31.480000;4b0d0c6c-8916-4a71-9a9e-e903db2bc81b;436.93;0.24;SELL
2016-02-22T00:34:31.337000;2016-02-22T00:34:31.480000;0b599028-ae65-4631-85ce-3706f1ed11fc;436.92;0.024897;SELL
2016-02-22T00:34:31.337000;2016-02-22T00:34:31.480000;36cee41e-9dda-41c8-ab70-a34978a439d4;436.91;0.0298464;SELL
2016-02-22T00:34:31.337000;2016-02-22T00:34:31.480000;0d8c2e37-796e-438e-b1cc-ca853b370283;436.9;0.01;SELL
2016-02-22T00:34:31.337000;2016-02-22T00:34:31.480000;66eab74f-7ba2-4278-8e29-baf70c063c0e;436.89;0.01;SELL
2016-02-22T00:34:31.337000;2016-02-22T00:34:31.480000;52aadaf7-bb58-4735-8133-f13b4b2cbc81;436.88;0.02328;SELL
2016-02-22T00:34:31.337000;2016-02-22T00:34:31.480000;57114c16-5f89-4254-a14c-01c5b98b689f;436.87;0.01;SELL
2016-02-22T00:34:31.337000;2016-02-22T00:34:31.480000;893e6d2d-c40b-40c2-be80-e5e169e70c28;436.86;0.01;SELL
2016-02-22T00:34:31.337000;2016-02-22T00:34:31.480000;9ec6f9b3-bd99-4e2c-ba93-de40f226eb44;436.85;0.02881873;SELL
2016-02-22T00:34:31.337000;2016-02-22T00:34:31.480000;3c25efad-a438-4417-b389-a4a0cdc9e50f;436.84;0.01;SELL
2016-02-22T00:34:31.337000;2016-02-22T00:34:31.480000;5402012f-0506-4d51-98f5-f25494012542;436.82;0.0203;SELL
2016-02-22T00:34:31.337000;2016-02-22T00:34:31.480000;f4f3312a-7e71-430b-8ee4-9437d49f709a;436.81;0.01;SELL
2016-02-22T00:34:31.337000;2016-02-22T00:34:31.480000;b78a5f7e-c012-4ca8-a15f-a264756cb4e9;436.8;0.01;SELL
2016-02-22T00:34:31.337000;2016-02-22T00:34:31.480000;052bab41-7b67-436f-bf62-b02845cae393;436.8;0.01;SELL
2016-02-22T00:34:31.340000;2016-02-22T00:34:31.480000;6dbf7deb-4887-4776-9690-54c423817ef7;436.8;0.01;SELL
2016-02-22T00:34:31.340000;2016-02-22T00:34:31.493000;be7b2903-156a-4b10-bdb2-fbce43bcb1ef;436.8;0.01;SELL
2016-02-22T00:34:31.340000;2016-02-22T00:34:31.493000;68902a3d-3d67-4d78-bb54-b3734db85ab4;436.78;0.01;SELL
2016-02-22T00:34:31.340000;2016-02-22T00:34:31.493000;37cee412-bc31-44b1-a38c-cb7b3c3e95df;436.77;0.01;SELL
2016-02-22T00:34:31.340000;2016-02-22T00:34:31.493000;51f36a24-c15a-41a8-94bb-567c12fe32a9;436.77;0.01;SELL
2016-02-22T00:34:31.340000;2016-02-22T00:34:31.493000;1a43a795-454e-4fe8-874b-7cf2ad3b8be3;436.74;0.072;SELL
2016-02-22T00:34:31.340000;2016-02-22T00:34:31.493000;5f08ce2d-cbae-4bfe-a32b-e63ca34c5baf;436.7;0.01;SELL
2016-02-22T00:34:31.340000;2016-02-22T00:34:31.510000;f9b813c9-0abf-4e96-b8f7-a8347dcf4d6f;436.69;0.01;SELL
2016-02-22T00:34:31.340000;2016-02-22T00:34:31.510000;2f16df2c-98f9-434e-bcc0-1c2582078be5;436.69;0.126;SELL
2016-02-22T00:34:31.340000;2016-02-22T00:34:31.510000;0fa25ef7-59e6-4f64-818a-220c46a2e12a;436.68;0.01;SELL
2016-02-22T00:34:31.340000;2016-02-22T00:34:31.510000;662d9bb3-e453-484d-b4eb-47d31c08730f;436.66;0.01;SELL
2016-02-22T00:34:31.340000;2016-02-22T00:34:31.510000;a9426764-ade0-4d1b-9211-1e678870998b;436.65;0.01;SELL
2016-02-22T00:34:31.340000;2016-02-22T00:34:31.510000;f81c2a44-11f5-4abc-a595-22a5001af1f2;436.65;0.01;SELL
2016-02-22T00:34:31.340000;2016-02-22T00:34:31.527000;9e9066f2-14a0-4fe3-8181-a27980eb9bdf;436.64;0.01;SELL
2016-02-22T00:34:31.340000;2016-02-22T00:34:31.557000;8ecbbbbd-d449-4dbd-8930-069ddbf36ae8;436.64;0.01;SELL
2016-02-22T00:34:31.340000;2016-02-22T00:34:31.557000;b991b7a5-6d67-4be4-b6d2-eac356c2a1db;436.64;0.126;SELL
2016-02-22T00:34:31.340000;2016-02-22T00:34:31.557000;a2bd59e1-628a-43fa-b9dc-3d5dfd850cd3;436.63;0.01;SELL
2016-02-22T00:34:31.340000;2016-02-22T00:34:31.557000;4eafdf09-2033-4338-82b6-2bbc0e85a2ce;436.6;0.01;SELL
2016-02-22T00:34:31.340000;2016-02-22T00:34:31.557000;1ec697e4-e15b-4bcf-bc31-0195a3bf745c;436.58;0.086;SELL
2016-02-22T00:34:31.340000;2016-02-22T00:34:31.557000;86b84a1b-0f71-4eea-8519-cfa1249ae636;436.57;0.011;SELL
2016-02-22T00:34:31.343000;2016-02-22T00:34:31.557000;417e9ca9-ac97-4c0d-b48f-dc45c068c1ad;436.56;0.011;SELL
2016-02-22T00:34:31.343000;2016-02-22T00:34:31.557000;847d5b1b-a402-49b1-9fa0-43ec1c68d920;436.56;0.01;SELL
2016-02-22T00:34:31.343000;2016-02-22T00:34:31.557000;76e9faf1-724b-4e47-981c-d46019673cd1;436.55;0.01;SELL
2016-02-22T00:34:31.343000;2016-02-22T00:34:31.557000;51ebe083-695a-4f9d-92e3-43ddb4e82f95;436.55;0.01;SELL
2016-02-22T00:34:31.343000;2016-02-22T00:34:31.557000;c3134448-2f70-4e3a-a8f6-7297ba330348;436.54;0.01;SELL
2016-02-22T00:34:31.343000;2016-02-22T00:34:31.557000;dc42528d-fbdf-4648-b1ea-5d00ccc756f1;436.52;0.103;SELL
2016-02-22T00:34:31.343000;2016-02-22T00:34:31.557000;910319ac-5795-4c10-b330-52b533e4d116;436.5;0.01;SELL
2016-02-22T00:34:31.343000;2016-02-22T00:34:31.557000;5224950a-33f4-4a35-beef-60178a4e5a33;436.5;0.01;SELL
2016-02-22T00:34:31.343000;2016-02-22T00:34:31.557000;b8c05f88-5af2-4aef-95c3-dfbbe890af89;436.5;0.0125;SELL
2016-02-22T00:34:31.343000;2016-02-22T00:34:31.557000;859099e7-6974-49c9-aca5-fa40b7e469a3;436.48;0.124;SELL
2016-02-22T00:34:31.343000;2016-02-22T00:34:31.573000;017ef571-1e37-43c9-bebe-44f9ab8c2b5b;436.47;0.127;SELL
2016-02-22T00:34:31.343000;2016-02-22T00:34:31.573000;266c16ca-463b-45e7-8433-b6a87b396e0a;436.45;0.01;SELL
2016-02-22T00:34:31.343000;2016-02-22T00:34:31.573000;5eeacf02-3d6f-4fb4-b345-dfa3ff7931e0;436.45;0.01;SELL
2016-02-22T00:34:31.343000;2016-02-22T00:34:31.573000;11150ad0-ad2d-489f-8900-8c5bc610fdae;436.43;0.077;SELL
2016-02-22T00:34:31.343000;2016-02-22T00:34:31.573000;035751a2-32a8-4f04-9901-6710eb5333cb;436.42;0.115;SELL
2016-02-22T00:34:31.343000;2016-02-22T00:34:31.573000;a4c11ed2-e841-4e8a-8f4c-3d3082517b15;436.41;0.01;SELL
2016-02-22T00:34:31.347000;2016-02-22T00:34:31.573000;c9d20b62-a628-4472-950d-9617cfa2f536;436.4;0.01;SELL
2016-02-22T00:34:31.347000;2016-02-22T00:34:31.590000;0c83d78b-c47e-4880-8602-db294ff5e2db;436.39;0.32;SELL
2016-02-22T00:34:31.347000;2016-02-22T00:34:31.603000;7f61da36-b321-4199-b451-eb4130e050c9;436.38;0.126;SELL
2016-02-22T00:34:31.347000;2016-02-22T00:34:31.603000;93c36944-775e-4d0f-9854-af9f6042c812;436.38;0.32;SELL
2016-02-22T00:34:31.347000;2016-02-22T00:34:31.603000;9306ce35-5735-4df2-b84e-36a7497fa746;436.37;0.082;SELL
2016-02-22T00:34:31.347000;2016-02-22T00:34:31.603000;7fb1a46d-e108-4b00-9b84-3d6955272889;436.36;0.32;SELL
2016-02-22T00:34:31.347000;2016-02-22T00:34:31.603000;ab218a9b-e37c-4cab-82e2-146022987566;436.35;0.01;SELL
2016-02-22T00:34:31.347000;2016-02-22T00:34:31.603000;57aaa674-caa3-461f-8879-86834feb1ab8;436.35;0.01;SELL
2016-02-22T00:34:31.347000;2016-02-22T00:34:31.620000;e122ca7d-4d31-429f-91df-d96ee45e0a1e;436.34;0.64;SELL
2016-02-22T00:34:31.347000;2016-02-22T00:34:31.620000;1088980f-c449-439b-9b5a-dd900830e954;436.33;0.105;SELL
2016-02-22T00:34:31.347000;2016-02-22T00:34:31.620000;faa338fc-342c-49d2-9be0-ddf7c6e7554e;436.33;0.64;SELL
2016-02-22T00:34:31.347000;2016-02-22T00:34:31.620000;0ffb16ff-0264-4660-b27a-f95d05f7384d;436.32;0.095;SELL
2016-02-22T00:34:31.347000;2016-02-22T00:34:31.620000;ccc7a8e1-dc93-40cc-8622-698617b63924;436.31;0.49988273;SELL
2016-02-22T00:34:32.690000;2016-02-22T00:34:32.713000;848b9c60-bfcb-4a14-b3ce-85ce7c208728;436.31;0.02236;SELL
2016-02-22T00:35:04.093000;2016-02-22T00:35:04.137000;200d90c2-e006-4fc6-85b8-164f6243a76f;436.61;0.01;BUY
2016-02-22T00:35:04.093000;2016-02-22T00:35:04.137000;36683582-efe0-40b8-b5ff-b16237ec6a1b;436.62;0.48;BUY
2016-02-22T00:35:04.097000;2016-02-22T00:35:04.137000;f7d21002-3778-4542-8e0d-14ccf2fe0129;436.62;0.21;BUY
2016-02-22T00:35:04.097000;2016-02-22T00:35:04.137000;0655f33f-7a36-4f35-9084-dab8f6c4453c;436.65;0.13;BUY
2016-02-22T00:35:04.097000;2016-02-22T00:35:04.137000;7a0f8b39-f0d5-4496-91db-94aedb0989aa;436.66;0.0250869;BUY
2016-02-22T00:35:04.097000;2016-02-22T00:35:04.150000;898e7a4f-af14-4839-854b-ecbd6afd8be7;436.69;0.16;BUY
2016-02-22T00:35:04.097000;2016-02-22T00:35:04.150000;80bfed86-c4b8-41bf-89f5-976df7433988;436.7;0.313;BUY
2016-02-22T00:35:04.097000;2016-02-22T00:35:04.150000;b54aed67-cbcd-4438-90fa-0e16bbde5e87;436.71;0.16;BUY
2016-02-22T00:35:04.097000;2016-02-22T00:35:04.150000;d5b92be2-3fe5-4fef-9dbe-2675606cda80;436.72;0.363;BUY
2016-02-22T00:35:04.097000;2016-02-22T00:35:04.150000;5765422b-b6df-4423-8afe-570b5e91d5de;436.73;0.678;BUY
2016-02-22T00:35:04.097000;2016-02-22T00:35:04.150000;2ca3aaf8-48a0-4987-a0a4-0213a4dc7fce;436.75;0.0122131;BUY
2016-02-22T00:36:32.267000;2016-02-22T00:36:32.277000;7f1746fe-9130-4215-b90f-d3fb278ed061;436.45;0.04835;BUY
2016-02-22T00:36:39.283000;2016-02-22T00:36:39.293000;debd022e-579c-4702-9a28-a284ec6c273a;436.44;0.00124469;SELL
2016-02-22T00:37:32.870000;2016-02-22T00:37:32.887000;4583e556-79de-4bba-a46c-5f0187d6ef9f;436.45;0.23369;BUY
2016-02-22T00:38:09.367000;2016-02-22T00:38:09.370000;8acb563c-ef2c-432f-b4a7-219d8e481b73;436.44;0.01275531;SELL
2016-02-22T00:38:09.367000;2016-02-22T00:38:09.387000;936d2db0-1872-4aa9-a854-52a86c3334a2;436.43;0.014;SELL
2016-02-22T00:38:09.367000;2016-02-22T00:38:09.387000;13f4bf55-b6fe-4b0e-870d-4c2fe9c6f5b0;436.42;0.014;SELL
2016-02-22T00:38:09.367000;2016-02-22T00:38:09.387000;f9afc8b7-602c-4bb2-bcc7-4210b407b43c;436.41;0.014;SELL
2016-02-22T00:38:09.367000;2016-02-22T00:38:09.387000;263f8f09-0646-4221-bc71-f3450329adab;436.4;0.015;SELL
2016-02-22T00:38:09.367000;2016-02-22T00:38:09.387000;2fa0accf-d0cd-486a-a5d6-ef70845c56ef;436.4;0.01;SELL
2016-02-22T00:38:09.367000;2016-02-22T00:38:09.400000;eb89c100-65ee-4f7d-9673-8792d495f28a;436.39;0.015;SELL
2016-02-22T00:38:09.367000;2016-02-22T00:38:09.400000;f605e782-c9fb-42af-aaba-9b1b7845e7d8;436.38;0.015;SELL
2016-02-22T00:38:09.367000;2016-02-22T00:38:09.400000;81dd2ac6-bc58-468f-822c-804e67bd07e6;436.37;0.015;SELL
2016-02-22T00:38:09.367000;2016-02-22T00:38:09.417000;a0fddf4d-a347-4cc3-b34c-1e8b5181ea62;436.36;0.01443469;SELL
2016-02-22T00:38:32.573000;2016-02-22T00:38:32.590000;a8cd02bd-a2fd-4956-ba15-2d503763e236;436.39;0.14404;BUY
2016-02-22T00:39:03.127000;2016-02-22T00:39:03.137000;d60a12dd-e0bc-4d67-aa1d-5b79890f3fb1;436.42;0.101;BUY
2016-02-22T00:39:03.127000;2016-02-22T00:39:03.150000;888c908f-de81-4f72-94d4-302263eee5ed;436.42;0.13;BUY
2016-02-22T00:39:03.127000;2016-02-22T00:39:03.150000;baf7cba9-faaa-47fe-8ce6-e7cf39a5b236;436.43;0.05543469;BUY
2016-02-22T00:39:03.127000;2016-02-22T00:39:03.150000;f1433adc-66b7-4fec-96f9-75bc9e9bf0c5;436.44;0.0235978;BUY
2016-02-22T00:39:03.127000;2016-02-22T00:39:03.150000;23dbe887-ccd3-4e54-8eb3-8e352676e37f;436.45;0.075;BUY
2016-02-22T00:39:03.127000;2016-02-22T00:39:03.150000;f299c75b-3459-4298-9421-c00b7639dd46;436.47;0.121;BUY
2016-02-22T00:39:03.127000;2016-02-22T00:39:03.167000;11076062-d150-483c-bb47-bfb9563457b7;436.5;0.01;BUY
2016-02-22T00:39:03.127000;2016-02-22T00:39:03.167000;43b64fcf-1547-481d-8969-76bc2f4a96e7;436.52;0.017296;BUY
2016-02-22T00:39:03.127000;2016-02-22T00:39:03.167000;3c41334a-1bb7-413e-81b1-61fdb4daf372;436.52;0.117;BUY
2016-02-22T00:39:03.127000;2016-02-22T00:39:03.167000;80725239-6a2d-4892-875a-693e3c1cf1c1;436.53;0.01;BUY
2016-02-22T00:39:03.127000;2016-02-22T00:39:03.167000;05a7b195-c5e7-49d9-8727-e217306369fb;436.57;0.028;BUY
2016-02-22T00:39:03.127000;2016-02-22T00:39:03.183000;71bab331-2ab9-491e-8c38-1f630bebfee3;436.58;0.229;BUY
2016-02-22T00:39:03.127000;2016-02-22T00:39:03.183000;6af3fd8e-6efa-4152-bfde-26e6776f81f6;436.59;0.101;BUY
2016-02-22T00:39:03.127000;2016-02-22T00:39:03.183000;31c14d46-d44a-4f4d-8109-e3114cdc8a7a;436.59;0.16;BUY
2016-02-22T00:39:03.127000;2016-02-22T00:39:03.183000;80242aa2-73c7-4207-ad48-90be9909b234;436.6;0.018;BUY
2016-02-22T00:39:03.127000;2016-02-22T00:39:03.197000;07c42166-e5b9-434a-ab5e-f236042a1f28;436.61;0.01983915;BUY
2016-02-22T00:39:03.130000;2016-02-22T00:39:03.197000;43446fc9-d1ba-44dd-bb2a-c3a30d9a939f;436.62;0.23;BUY
2016-02-22T00:39:03.130000;2016-02-22T00:39:03.230000;2588364e-4d17-45c8-81d4-2dd51e9a417e;436.64;0.188;BUY
2016-02-22T00:39:03.130000;2016-02-22T00:39:03.247000;8c0ba5f4-12ac-49d8-bcb1-8e26094aff23;436.66;0.133;BUY
2016-02-22T00:39:03.130000;2016-02-22T00:39:03.247000;b839b49f-028f-454e-a157-7eebee5191d6;436.69;0.01;BUY
2016-02-22T00:39:03.130000;2016-02-22T00:39:03.247000;7bf88ffa-4684-4c91-aef6-d6c1c4c4e760;436.74;1.44;BUY
2016-02-22T00:39:03.130000;2016-02-22T00:39:03.247000;cf233e58-2eb6-4d7a-b616-2bc626c85424;436.75;2.2;BUY
2016-02-22T00:39:03.130000;2016-02-22T00:39:03.247000;ec74c05b-64e7-4fcf-9fad-798ab92f4da2;436.76;0.64;BUY
2016-02-22T00:39:03.130000;2016-02-22T00:39:03.247000;150412dd-933b-4e68-ba30-6af5b118268c;436.77;1.87;BUY
2016-02-22T00:39:03.130000;2016-02-22T00:39:03.247000;8046747b-d6a0-4442-baab-fb42ff4b656d;436.79;1.76;BUY
2016-02-22T00:39:03.130000;2016-02-22T00:39:03.247000;159c3998-bfa1-41eb-a74b-37a5cb3d3fb4;436.8;5.522;BUY
2016-02-22T00:39:03.130000;2016-02-22T00:39:03.247000;9d116dcc-51b5-4517-bbb0-67be5c1eb957;436.84;3.05;BUY
2016-02-22T00:39:03.130000;2016-02-22T00:39:03.247000;0ce6b35c-fc43-4858-96e0-f5ffeb148555;436.85;0.01;BUY
2016-02-22T00:39:03.130000;2016-02-22T00:39:03.247000;d34cbf93-111b-4020-b942-755b2a74ca93;436.86;0.01;BUY
2016-02-22T00:39:03.130000;2016-02-22T00:39:03.247000;de1db037-eae8-4a59-9b74-f17fbadb5b26;436.87;4.49;BUY
2016-02-22T00:39:03.130000;2016-02-22T00:39:03.247000;a84f8e94-8860-48a0-894b-b1df986fc01f;436.9;0.01;BUY
2016-02-22T00:39:03.130000;2016-02-22T00:39:03.260000;42445857-ad19-4832-a303-5877a8c6113f;436.9;0.01;BUY
2016-02-22T00:39:03.130000;2016-02-22T00:39:03.260000;f3a681b3-05af-4680-bfcf-4e4d9526deea;436.94;0.67626236;BUY
2016-02-22T00:39:32.790000;2016-02-22T00:39:32.807000;60b4cb69-21b3-412b-984c-360c5dd66b9f;436.67;0.01;BUY
2016-02-22T00:39:32.790000;2016-02-22T00:39:32.807000;1df450b8-209d-47ec-95d9-6cdd71b63468;436.68;0.01;BUY
2016-02-22T00:39:32.790000;2016-02-22T00:39:32.807000;c0483ba7-db6c-4fee-b743-c7cabbd466b2;436.68;0.125;BUY
2016-02-22T00:39:32.790000;2016-02-22T00:39:32.823000;a1c91e6c-c9cf-4d8a-83f4-72df3a7f0b02;436.69;0.077;BUY
2016-02-22T00:39:32.790000;2016-02-22T00:39:32.823000;35e6725e-e189-4990-933b-9f8651414476;436.7;0.0182839;BUY
2016-02-22T00:39:32.790000;2016-02-22T00:39:32.823000;334dbf03-e053-4b7c-8fa4-2d1c9eb7f17c;436.71;0.0168207;BUY
2016-02-22T00:39:32.790000;2016-02-22T00:39:32.823000;93d33052-efa7-4d0f-82b1-355ce1d1a97b;436.77;0.2672454;BUY
2016-02-22T00:40:35.947000;2016-02-22T00:40:35.947000;ff6cd9a4-9416-4b81-b811-8ddfbe42e427;436.63;0.01;BUY
2016-02-22T00:40:35.947000;2016-02-22T00:40:35.980000;bda53987-7e17-4396-8742-c58c045a5c3a;436.64;0.108;BUY
2016-02-22T00:40:35.947000;2016-02-22T00:40:35.980000;d72e1903-33f0-4aeb-b2ff-e929483c9a4b;436.65;0.071;BUY
2016-02-22T00:40:35.947000;2016-02-22T00:40:35.980000;3c0ae584-2859-46ab-99be-74347d4fbdcb;436.66;0.198;BUY
2016-02-22T00:40:35.947000;2016-02-22T00:40:35.980000;1f59f6c1-59a9-4ad2-969e-2d2e09ac227b;436.68;0.18;BUY
2016-02-22T00:40:35.947000;2016-02-22T00:40:35.980000;5df7e6b9-976b-4f2d-aec9-0c19080917a5;436.71;0.318;BUY
2016-02-22T00:40:35.947000;2016-02-22T00:40:35.980000;6a232148-713c-46bd-930c-02d1bda11e68;436.75;0.08693;BUY
2016-02-22T00:41:02.727000;2016-02-22T00:41:02.730000;a26207e7-846d-49b4-bfc8-fa6190e19c6f;436.6;0.22541;BUY
2016-02-22T00:41:40.233000;2016-02-22T00:41:40.230000;e4ba2e87-acaa-4e15-9e09-fde9d12d2e27;436.59;0.817;BUY
2016-02-22T00:41:40.233000;2016-02-22T00:41:40.247000;589b6267-2266-4520-bc71-cb7ecfc15e2a;436.59;1.79123;BUY
2016-02-22T00:42:02.753000;2016-02-22T00:42:02.807000;f9744b27-dcab-45f0-97b9-316056ef6d8a;436.59;0.45496;BUY
2016-02-22T00:42:16.417000;2016-02-22T00:42:16.463000;034c16ad-05a3-4ee4-b8fb-2d6f29331438;436.59;0.401;BUY
2016-02-22T00:42:16.417000;2016-02-22T00:42:16.480000;1dd91168-5c6c-480c-afa1-00054a2da738;436.6;0.65403434;BUY
2016-02-22T00:42:16.683000;2016-02-22T00:42:16.730000;cd04d8ab-e8ca-4fb9-aaf4-dfd29b75cbae;436.6;0.11296566;BUY
2016-02-22T00:42:16.683000;2016-02-22T00:42:16.743000;43c8bdab-726e-4177-ae97-11f01c78d09f;436.61;0.02955628;BUY
