time_exchange;time_coinpai;guid;price;base_amount;taker_side
2016-02-22T00:00:06.000000;2016-02-22T00:00:06.000000;e419295c-a029-4fa7-b330-4ecbcb0f4331;440.49;10.131;UNKNOWN
2016-02-22T00:00:22.000000;2016-02-22T00:00:22.000000;7d930c4b-632e-479f-a239-d0f32f96a8d2;440.52;2.93;UNKNOWN
2016-02-22T00:00:22.000000;2016-02-22T00:00:22.000000;608d0112-48f9-46f6-94f7-de3f36986028;440.5;5.65780352;UNKNOWN
2016-02-22T00:00:22.000000;2016-02-22T00:00:22.000000;245dea5f-d267-4f3f-8a6e-b2194319dec8;440.64;1.61839648;UNKNOWN
2016-02-22T00:00:42.000000;2016-02-22T00:00:42.000000;384208aa-c793-4238-b11c-0c88d9d8b394;440.51;0.011;UNKNOWN
2016-02-22T00:01:15.000000;2016-02-22T00:01:15.000000;e3bbe9b2-ad2f-431b-84ba-d837a11f8515;440.65;0.5605;UNKNOWN
2016-02-22T00:01:15.000000;2016-02-22T00:01:15.000000;3775cf55-f9a0-4ed7-b68e-4147a29faad4;440.51;0.0389;UNKNOWN
2016-02-22T00:01:15.000000;2016-02-22T00:01:15.000000;934601a6-d6a7-42ce-860c-d142ac4d91e5;440.64;0.5;UNKNOWN
2016-02-22T00:01:27.000000;2016-02-22T00:01:27.000000;bf346f24-15c1-4ad6-89e3-031472234331;440.5;0.01;UNKNOWN
2016-02-22T00:01:27.000000;2016-02-22T00:01:27.000000;28a634d5-a143-40a8-9fc0-c6a8f456f4af;440.5;0.01;UNKNOWN
2016-02-22T00:01:32.000000;2016-02-22T00:01:32.000000;ffd8a8f6-5ef1-4797-a378-51c6a18474ba;440.51;0.02;UNKNOWN
2016-02-22T00:02:05.000000;2016-02-22T00:02:05.000000;d3b2216f-1507-4d50-b48f-64f18d209b02;440.51;0.70995901;UNKNOWN
2016-02-22T00:02:06.000000;2016-02-22T00:02:06.000000;2902592b-56c9-4a30-a0a4-bb53992d7f16;440.51;1.0;UNKNOWN
2016-02-22T00:02:31.000000;2016-02-22T00:02:31.000000;d9c56db7-8203-47e6-90b2-12ef1ae07846;440.64;0.02;UNKNOWN
2016-02-22T00:02:38.000000;2016-02-22T00:02:38.000000;08ebf262-6cbf-4163-a05b-75dba6f77387;440.64;0.22284749;UNKNOWN
2016-02-22T00:03:23.000000;2016-02-22T00:03:23.000000;52f2e9b1-393f-48ab-83fd-38fe7fa67e54;440.58;2.42;UNKNOWN
2016-02-22T00:03:23.000000;2016-02-22T00:03:23.000000;dc050fea-0628-4c61-a3e7-28c27964cd56;440.58;0.5;UNKNOWN
2016-02-22T00:04:05.000000;2016-02-22T00:04:05.000000;79d4f9bf-9367-4186-a136-a4f833cb866e;440.65;1.68;UNKNOWN
2016-02-22T00:04:12.000000;2016-02-22T00:04:12.000000;d66cea49-147c-424c-8e33-3fa82ecff120;440.64;0.0209958;UNKNOWN
2016-02-22T00:04:12.000000;2016-02-22T00:04:12.000000;85b111b7-daec-4718-a3d5-e4f3ba03709a;440.65;0.1;UNKNOWN
2016-02-22T00:04:21.000000;2016-02-22T00:04:21.000000;20e450fa-84b1-4982-8ce3-ecb40da0eeaf;440.64;0.3;UNKNOWN
2016-02-22T00:04:38.000000;2016-02-22T00:04:38.000000;9f33dcae-82e7-4358-b7e8-359193b59d3e;440.64;0.399;UNKNOWN
2016-02-22T00:04:58.000000;2016-02-22T00:04:58.000000;93710abb-e43e-4ea7-9cd6-d89003a0993b;440.65;0.5;UNKNOWN
2016-02-22T00:05:05.000000;2016-02-22T00:05:05.000000;a0885e20-22c9-4677-9852-00d1264a158e;440.64;1.0;UNKNOWN
2016-02-22T00:05:30.000000;2016-02-22T00:05:30.000000;9016e946-c6e0-4ce1-bae9-2152930423bf;440.65;0.1157;UNKNOWN
2016-02-22T00:05:41.000000;2016-02-22T00:05:41.000000;a08d286f-819c-4e14-9a4e-197eb9b344b1;440.65;0.0438;UNKNOWN
2016-02-22T00:05:41.000000;2016-02-22T00:05:41.000000;3efb7c68-9e60-4895-8473-d3fad5868f70;440.87;0.07813091;UNKNOWN
2016-02-22T00:05:41.000000;2016-02-22T00:05:41.000000;63d99dd0-b57c-475d-b174-891cf9a21dee;440.82;0.046996;UNKNOWN
2016-02-22T00:05:47.000000;2016-02-22T00:05:47.000000;c6b769fc-68a8-4c5f-aa9b-770fb0b625a4;441.0;2.0;UNKNOWN
2016-02-22T00:05:48.000000;2016-02-22T00:05:48.000000;125c9fa6-c2e4-40d9-808d-74a4aee074f7;441.0;2.42416264;UNKNOWN
2016-02-22T00:06:40.000000;2016-02-22T00:06:40.000000;e44f7e8d-c02d-454c-8729-c1e8d4c87e59;441.6;0.53646709;UNKNOWN
2016-02-22T00:06:40.000000;2016-02-22T00:06:40.000000;cfab94ae-356f-48b2-a3ca-d57db08c4a68;441.25;0.2;UNKNOWN
2016-02-22T00:06:40.000000;2016-02-22T00:06:40.000000;e3f213e6-424d-44f8-93f0-6cbb9a2ed567;441.35;6.0;UNKNOWN
2016-02-22T00:06:40.000000;2016-02-22T00:06:40.000000;d246c3d7-a670-48ad-9990-0d4d45d4026a;441.34;0.5;UNKNOWN
2016-02-22T00:06:40.000000;2016-02-22T00:06:40.000000;3f45be91-9bbe-44a9-80ad-3db075bed1f9;441.34;7.155;UNKNOWN
2016-02-22T00:06:40.000000;2016-02-22T00:06:40.000000;be5e3b66-e97a-429a-b27c-81680288e6c5;441.41;18.0;UNKNOWN
2016-02-22T00:06:40.000000;2016-02-22T00:06:40.000000;a3ba1b0b-8cc2-452a-bd2a-0eb8a3b1a9d8;441.34;3.0;UNKNOWN
2016-02-22T00:06:40.000000;2016-02-22T00:06:40.000000;2b8e385b-ab03-42e6-9a4b-c2190ec94394;441.4;12.0;UNKNOWN
2016-02-22T00:06:46.000000;2016-02-22T00:06:46.000000;3c367d30-004a-492c-8ab3-5273ac90aba2;440.94;0.47000486;UNKNOWN
2016-02-22T00:07:26.000000;2016-02-22T00:07:26.000000;47412d4e-6ccf-4bc6-8fe7-0baab73a865b;440.98;0.072335;UNKNOWN
2016-02-22T00:08:27.000000;2016-02-22T00:08:27.000000;ee58540e-51a4-499b-a2e2-f4fa5fc39702;440.97;0.16116986;UNKNOWN
2016-02-22T00:08:41.000000;2016-02-22T00:08:41.000000;ba2887cc-b4c8-4bfe-aed4-302d7843b9ba;440.97;0.216885;UNKNOWN
2016-02-22T00:09:07.000000;2016-02-22T00:09:07.000000;c24836ce-8e64-422d-a6d4-d80c94ac1f6b;440.99;0.11358488;UNKNOWN
2016-02-22T00:09:19.000000;2016-02-22T00:09:19.000000;610d7d5d-c860-4b9f-a3fa-15c804f10d7b;440.99;0.23074079;UNKNOWN
2016-02-22T00:10:05.000000;2016-02-22T00:10:05.000000;e50e52f0-06bd-41cc-9ea4-4939479fdb85;441.03;0.198512;UNKNOWN
2016-02-22T00:12:46.000000;2016-02-22T00:12:46.000000;6f2871b2-6344-408c-ae02-2fce1aa926c2;440.97;0.5;UNKNOWN
2016-02-22T00:13:23.000000;2016-02-22T00:13:23.000000;bcbbac6b-c767-4d92-8020-83eaa3ec867b;440.97;0.5;UNKNOWN
2016-02-22T00:13:29.000000;2016-02-22T00:13:29.000000;48d5c087-fd57-4b30-a3ec-36649c95af1e;440.01;18.6894;UNKNOWN
2016-02-22T00:13:29.000000;2016-02-22T00:13:29.000000;453db979-01d3-4e7b-b54b-956720e1c88d;440.32;7.155;UNKNOWN
2016-02-22T00:13:29.000000;2016-02-22T00:13:29.000000;215d1b9d-8cb6-46fd-a5ed-204dd9feef03;440.5;19.98;UNKNOWN
2016-02-22T00:13:29.000000;2016-02-22T00:13:29.000000;89ba8a0c-c0e4-44f5-b795-729b36ba0cb6;440.0;10.0;UNKNOWN
2016-02-22T00:13:29.000000;2016-02-22T00:13:29.000000;2e0704dd-8d93-4a66-b658-20249d7d1dc5;440.0;23.72119183;UNKNOWN
2016-02-22T00:13:29.000000;2016-02-22T00:13:29.000000;c8715aeb-1c30-4eac-b617-0f364f1fd543;440.3;17.61619006;UNKNOWN
2016-02-22T00:13:29.000000;2016-02-22T00:13:29.000000;c34278fc-25d8-4afb-8d4b-45de1909976c;440.97;2.79821811;UNKNOWN
2016-02-22T00:13:29.000000;2016-02-22T00:13:29.000000;f35f1e78-8c92-45f4-9e42-0f9fe482c51d;440.2;0.04;UNKNOWN
2016-02-22T00:13:36.000000;2016-02-22T00:13:36.000000;54c19078-4e3e-4bcb-bf1d-5a073ab884de;439.89;0.1;UNKNOWN
2016-02-22T00:13:36.000000;2016-02-22T00:13:36.000000;5d992167-3743-472d-8f58-2067a22667e7;439.91;0.10724698;UNKNOWN
2016-02-22T00:13:36.000000;2016-02-22T00:13:36.000000;d5565075-be01-4856-8ee3-a11c4e7661b1;440.0;5.27880817;UNKNOWN
2016-02-22T00:13:36.000000;2016-02-22T00:13:36.000000;f3478286-8eaf-49fd-923b-08e3fdfac8db;440.0;0.02724698;UNKNOWN
2016-02-22T00:13:36.000000;2016-02-22T00:13:36.000000;8f7c2af3-d95b-4988-85a9-e06b824fa981;439.8;0.04;UNKNOWN
2016-02-22T00:13:36.000000;2016-02-22T00:13:36.000000;ea007451-f1b0-4a7d-b3db-56bd54f28857;440.0;0.01275302;UNKNOWN
2016-02-22T00:13:36.000000;2016-02-22T00:13:36.000000;e05513b9-d1c6-4aef-8a3b-807f1e3e5b31;439.94;0.38;UNKNOWN
2016-02-22T00:13:36.000000;2016-02-22T00:13:36.000000;123e49bf-30bf-4f07-b9b7-a847893071ea;439.4;0.04;UNKNOWN
2016-02-22T00:13:36.000000;2016-02-22T00:13:36.000000;956eb7e2-3edc-4b6f-9175-4cc02b16b08d;439.7;0.1002;UNKNOWN
2016-02-22T00:13:36.000000;2016-02-22T00:13:36.000000;4a6f0e21-bbc9-47a1-85d0-f327bab6f87f;439.91;0.09275302;UNKNOWN
2016-02-22T00:13:36.000000;2016-02-22T00:13:36.000000;6018a9dd-4a5a-4b55-85a6-f71eb866c2ca;439.36;0.06;UNKNOWN
2016-02-22T00:13:36.000000;2016-02-22T00:13:36.000000;f95c7e95-2c3c-461e-b264-17e7ea9248be;439.3;0.9;UNKNOWN
2016-02-22T00:13:36.000000;2016-02-22T00:13:36.000000;1a70119c-0886-4729-946d-6802346b057f;439.59;7.155;UNKNOWN
2016-02-22T00:13:36.000000;2016-02-22T00:13:36.000000;fddc371c-084e-469a-8bfd-1fa3344c10e2;439.2;0.08699456;UNKNOWN
2016-02-22T00:13:36.000000;2016-02-22T00:13:36.000000;165569bb-349e-4a63-867e-6917ef055751;439.2;1.38505242;UNKNOWN
2016-02-22T00:13:36.000000;2016-02-22T00:13:36.000000;63d70aeb-569b-4a04-b142-e327cd7c01cb;439.2;0.78;UNKNOWN
2016-02-22T00:13:36.000000;2016-02-22T00:13:36.000000;23afa0e6-212e-4fcb-a6c3-a8c7afbc6d94;439.6;0.04;UNKNOWN
2016-02-22T00:13:36.000000;2016-02-22T00:13:36.000000;c3459e7d-f135-40c7-bf4f-3b1a49f0ca04;439.2;1.0;UNKNOWN
2016-02-22T00:13:36.000000;2016-02-22T00:13:36.000000;c47084e5-1eec-4a2e-8458-effae0dc9e45;440.0;0.025;UNKNOWN
2016-02-22T00:13:36.000000;2016-02-22T00:13:36.000000;55300881-28d2-4512-bc6f-3031ebddd720;439.2;2.0;UNKNOWN
2016-02-22T00:13:40.000000;2016-02-22T00:13:40.000000;22e0d461-f696-4b2b-926d-e17df57e45b4;439.2;5.0;UNKNOWN
2016-02-22T00:13:43.000000;2016-02-22T00:13:43.000000;cc6f301e-bf0c-4e40-81ce-3c3807e4eca2;439.22;0.5;UNKNOWN
2016-02-22T00:13:43.000000;2016-02-22T00:13:43.000000;53810e4e-3ba1-4ab0-bd35-a04124a61101;439.22;1.72007175;UNKNOWN
2016-02-22T00:13:43.000000;2016-02-22T00:13:43.000000;8298d44f-f322-4caa-bc2a-f26ebbcac985;439.22;0.39;UNKNOWN
2016-02-22T00:13:43.000000;2016-02-22T00:13:43.000000;f68b5e68-e369-4170-99ac-0dbee9fffb14;439.22;3.2657554;UNKNOWN
2016-02-22T00:13:45.000000;2016-02-22T00:13:45.000000;4d0d77fb-955a-4abf-a749-3677d2395d69;439.22;1.27917285;UNKNOWN
2016-02-22T00:13:45.000000;2016-02-22T00:13:45.000000;593b9828-ced7-4af5-998e-b261dd4ecc7b;439.2;0.04;UNKNOWN
2016-02-22T00:13:45.000000;2016-02-22T00:13:45.000000;57a69e65-a517-4471-9ecf-0c12489abb84;437.13;13.9392;UNKNOWN
2016-02-22T00:13:45.000000;2016-02-22T00:13:45.000000;477fd878-da79-478d-a6e9-e989e0cd09fe;437.63;12.9473;UNKNOWN
2016-02-22T00:13:45.000000;2016-02-22T00:13:45.000000;2e6eb085-659c-4aad-80c4-13cc9df8e909;439.14;2.65;UNKNOWN
2016-02-22T00:13:45.000000;2016-02-22T00:13:45.000000;5d418a34-8e44-4623-b795-6cb2d0ba7af5;437.25;5.4351;UNKNOWN
2016-02-22T00:13:45.000000;2016-02-22T00:13:45.000000;2b2153ea-64ab-4d25-aa00-2692303a12e9;437.0;10.0;UNKNOWN
2016-02-22T00:13:45.000000;2016-02-22T00:13:45.000000;6eae89ce-c34f-4355-95e2-c3032fb7582c;437.6;0.03;UNKNOWN
2016-02-22T00:13:45.000000;2016-02-22T00:13:45.000000;4fcdc0b4-1ec0-4ed8-b278-6ed64df4b6b1;438.25;3.2653772;UNKNOWN
2016-02-22T00:13:45.000000;2016-02-22T00:13:45.000000;c847da29-682c-412f-a461-2601dc7b45b4;439.0;0.03;UNKNOWN
2016-02-22T00:13:45.000000;2016-02-22T00:13:45.000000;f317867b-54d7-404e-b6f9-f184625f7418;437.0;9.0;UNKNOWN
2016-02-22T00:13:45.000000;2016-02-22T00:13:45.000000;e1bf0d7c-0810-4ddc-8044-5300efdbd161;437.2;0.03;UNKNOWN
2016-02-22T00:13:45.000000;2016-02-22T00:13:45.000000;ae633ce4-a06b-4d56-ad6f-8945ed26a80d;437.59;45.0;UNKNOWN
2016-02-22T00:13:45.000000;2016-02-22T00:13:45.000000;2ecd8693-788c-497a-8e5f-2d757e0164eb;437.02;5.0;UNKNOWN
2016-02-22T00:13:45.000000;2016-02-22T00:13:45.000000;35596cc4-cb6a-4597-b7a4-04783588f81b;437.32;12.7414;UNKNOWN
2016-02-22T00:13:45.000000;2016-02-22T00:13:45.000000;f0a3bff6-21db-4fed-b791-5d0429b7f5a1;438.5;1.0;UNKNOWN
2016-02-22T00:13:45.000000;2016-02-22T00:13:45.000000;791ae361-fe6c-465c-a9fa-548073c41351;437.83;3.27007554;UNKNOWN
2016-02-22T00:13:45.000000;2016-02-22T00:13:45.000000;302bdc21-8a33-4629-b063-5eee56be5322;437.69;3.26957659;UNKNOWN
2016-02-22T00:13:45.000000;2016-02-22T00:13:45.000000;431aa529-42de-4de9-8096-d9615025a326;437.0;0.1;UNKNOWN
2016-02-22T00:13:45.000000;2016-02-22T00:13:45.000000;b08d1456-afc6-43f6-b461-b1e7d92f089d;437.0;0.03;UNKNOWN
2016-02-22T00:13:45.000000;2016-02-22T00:13:45.000000;4e29c06d-5c25-4677-be53-0174ad002f3c;436.96;4.28988875;UNKNOWN
2016-02-22T00:13:45.000000;2016-02-22T00:13:45.000000;b6745c95-e42e-4ac9-9df5-b749cb956ad9;438.88;2.0;UNKNOWN
2016-02-22T00:13:45.000000;2016-02-22T00:13:45.000000;4ec3c100-7446-4e88-94ab-5e26abd9c94e;437.8;0.03;UNKNOWN
2016-02-22T00:13:45.000000;2016-02-22T00:13:45.000000;19705583-0323-4b0f-8f3b-336a2d1a8311;437.4;0.03;UNKNOWN
2016-02-22T00:13:45.000000;2016-02-22T00:13:45.000000;5b6e41ee-995a-4f78-8712-5972131cf521;438.03;2.28;UNKNOWN
2016-02-22T00:13:45.000000;2016-02-22T00:13:45.000000;9ffad7e8-189a-4bdc-a897-3687cf1eec04;438.2;0.03;UNKNOWN
2016-02-22T00:13:45.000000;2016-02-22T00:13:45.000000;4bab45ac-8384-4483-89c7-eb6de9916d6c;438.17;7.26;UNKNOWN
2016-02-22T00:13:45.000000;2016-02-22T00:13:45.000000;12aec95d-a5fd-4a6a-9b85-e2798eef48f7;438.14;3.2653772;UNKNOWN
2016-02-22T00:13:45.000000;2016-02-22T00:13:45.000000;168af498-eabe-4cab-a23a-9283dc360828;439.0;0.75;UNKNOWN
2016-02-22T00:13:45.000000;2016-02-22T00:13:45.000000;939e43a8-39a2-4675-abf4-d91f5e65b066;437.64;15.9233;UNKNOWN
2016-02-22T00:13:45.000000;2016-02-22T00:13:45.000000;6c3b7e75-1bd1-48c7-a060-19308ac25078;438.7;14.494;UNKNOWN
2016-02-22T00:13:45.000000;2016-02-22T00:13:45.000000;fb0b674f-9562-45bd-9f68-3a15ce0e08cb;439.11;0.0376;UNKNOWN
2016-02-22T00:13:45.000000;2016-02-22T00:13:45.000000;66715aa9-066f-4803-a0da-7c6376f3657b;438.51;14.3636;UNKNOWN
2016-02-22T00:13:45.000000;2016-02-22T00:13:45.000000;74087147-19ee-46f3-9dff-2e510eba7e4a;438.54;34.344;UNKNOWN
2016-02-22T00:13:45.000000;2016-02-22T00:13:45.000000;1d952a33-ca8a-4ef9-b825-31ea3cdc5a95;438.16;6.37;UNKNOWN
2016-02-22T00:13:45.000000;2016-02-22T00:13:45.000000;cc5f8e14-2b0e-47d1-a7ba-9a0ca47195b8;438.1;1.49;UNKNOWN
2016-02-22T00:13:45.000000;2016-02-22T00:13:45.000000;72014c22-19ea-4c1b-bfdb-bf89fd612bf7;438.8;1.0;UNKNOWN
2016-02-22T00:13:45.000000;2016-02-22T00:13:45.000000;cf1794b6-a198-4554-981f-ed5532c58310;438.15;1.52;UNKNOWN
2016-02-22T00:13:45.000000;2016-02-22T00:13:45.000000;b4721cfa-151e-44ba-a9e8-c6c98bb47974;438.6;0.03;UNKNOWN
2016-02-22T00:13:45.000000;2016-02-22T00:13:45.000000;ae2521a9-e72d-463a-a67f-94a50d7b3870;438.09;3.26583932;UNKNOWN
2016-02-22T00:13:45.000000;2016-02-22T00:13:45.000000;801a7dc1-abfa-40aa-942a-e42f7b9adc22;438.8;0.03;UNKNOWN
2016-02-22T00:13:45.000000;2016-02-22T00:13:45.000000;ee3f34ff-baf1-43b1-8a7c-785353209be8;438.27;1.08;UNKNOWN
2016-02-22T00:13:45.000000;2016-02-22T00:13:45.000000;17a41bc7-64d0-4d79-bf6b-432a9030aa82;438.51;3.57888;UNKNOWN
2016-02-22T00:13:45.000000;2016-02-22T00:13:45.000000;bd19723d-5626-46c7-9df1-4704cb6967d7;438.15;13.9728;UNKNOWN
2016-02-22T00:13:45.000000;2016-02-22T00:13:45.000000;7f97cc14-4c53-44d0-addf-a4f1b34a1a5c;438.32;13.3202;UNKNOWN
2016-02-22T00:13:45.000000;2016-02-22T00:13:45.000000;0f024ab2-807b-4a6a-9e34-586e2f67bcc8;438.0;10.0;UNKNOWN
2016-02-22T00:13:45.000000;2016-02-22T00:13:45.000000;45064bab-a4b7-4c5e-87ba-58e6565ddc1c;438.14;0.0587;UNKNOWN
2016-02-22T00:13:45.000000;2016-02-22T00:13:45.000000;7088a3e9-72b1-4446-9c23-6238fbf2427f;438.4;0.03;UNKNOWN
2016-02-22T00:13:45.000000;2016-02-22T00:13:45.000000;3d46e8b7-3d09-4dbb-8859-054bb96c5c2b;438.26;3.26548383;UNKNOWN
2016-02-22T00:13:45.000000;2016-02-22T00:13:45.000000;12bb3225-0220-4667-a820-2d49aa0ea754;438.0;0.3;UNKNOWN
2016-02-22T00:13:45.000000;2016-02-22T00:13:45.000000;ada6f924-f013-4e56-9362-c97bc6804113;437.95;3.26957659;UNKNOWN
2016-02-22T00:13:45.000000;2016-02-22T00:13:45.000000;71a7226a-a55e-4289-b10f-91826b0c612c;437.99;14.7584;UNKNOWN
2016-02-22T00:13:45.000000;2016-02-22T00:13:45.000000;0412c162-4447-4345-9d0a-7e33217ba694;438.02;5.0;UNKNOWN
2016-02-22T00:13:45.000000;2016-02-22T00:13:45.000000;c9f9838d-9c09-4856-b722-aecca1033cbd;437.84;3.27007554;UNKNOWN
2016-02-22T00:13:45.000000;2016-02-22T00:13:45.000000;088b0138-e1af-414a-8505-dbab2558f552;438.0;0.8;UNKNOWN
2016-02-22T00:13:45.000000;2016-02-22T00:13:45.000000;0b69c0d4-ce6f-421c-a2b2-8cc4f33914d4;437.24;12.5;UNKNOWN
2016-02-22T00:13:45.000000;2016-02-22T00:13:45.000000;e9490136-fbc2-40d9-bbcb-c2dd257a2863;437.83;14.362;UNKNOWN
2016-02-22T00:13:45.000000;2016-02-22T00:13:45.000000;d6d5b939-c249-42cb-a116-f89c18f539d9;437.45;12.7735;UNKNOWN
2016-02-22T00:13:45.000000;2016-02-22T00:13:45.000000;ab790b84-6a2d-4cfd-a83c-7acbda361d2b;438.0;0.03;UNKNOWN
2016-02-22T00:13:45.000000;2016-02-22T00:13:45.000000;110b8285-22e6-43df-bff9-5fc96fcbadd2;437.81;3.26957659;UNKNOWN
2016-02-22T00:13:50.000000;2016-02-22T00:13:50.000000;ad54097b-03f3-4635-8f22-20cc8b8a9f93;436.78;13.0925;UNKNOWN
2016-02-22T00:13:50.000000;2016-02-22T00:13:50.000000;684e906f-3508-44df-a5b0-faa0d03cebaa;436.74;0.01;UNKNOWN
2016-02-22T00:13:50.000000;2016-02-22T00:13:50.000000;2c0465e8-8a1a-45a7-8fb4-02588d4d439b;437.46;1.37;UNKNOWN
2016-02-22T00:13:50.000000;2016-02-22T00:13:50.000000;ffd12d3d-2b38-4817-be9f-e181e0eb0777;436.96;8.93751125;UNKNOWN
2016-02-22T00:13:50.000000;2016-02-22T00:13:50.000000;be6959e8-e5d1-432d-bc00-5ec8a3ec9697;436.8;0.03;UNKNOWN
2016-02-22T00:13:50.000000;2016-02-22T00:13:50.000000;475aa68b-be77-48cf-b2f1-1d972dd77b1f;437.46;3.9333;UNKNOWN
2016-02-22T00:13:50.000000;2016-02-22T00:13:50.000000;bd40416d-3378-41ff-b406-ad4ea343b464;437.46;10.62;UNKNOWN
2016-02-22T00:13:50.000000;2016-02-22T00:13:50.000000;9a43582a-5337-4dab-b4df-79b011c47a06;438.5;10.0;UNKNOWN
2016-02-22T00:13:50.000000;2016-02-22T00:13:50.000000;de5cfe84-8e1f-4c85-a33b-c77e39878af3;437.64;0.37;UNKNOWN
2016-02-22T00:13:50.000000;2016-02-22T00:13:50.000000;dc9fdc50-557c-436b-81f6-db27a17937c6;436.74;2.0;UNKNOWN
2016-02-22T00:13:50.000000;2016-02-22T00:13:50.000000;cabe3faf-bc30-467b-b413-8da49f401642;436.74;0.5;UNKNOWN
2016-02-22T00:13:50.000000;2016-02-22T00:13:50.000000;5b05fdc6-b29f-4780-bb7c-39db258a75bc;436.74;1.3365216;UNKNOWN
2016-02-22T00:13:50.000000;2016-02-22T00:13:50.000000;d7b1014b-6ce6-4c7c-b48e-25848a0d2eec;437.54;2.0;UNKNOWN
2016-02-22T00:13:50.000000;2016-02-22T00:13:50.000000;0ca05d49-5dd3-40fb-9a66-2d4ab9d577ff;436.74;1.00668875;UNKNOWN
2016-02-22T00:13:50.000000;2016-02-22T00:13:50.000000;5f2bf572-c465-4b2a-98e6-9a2d5179ca2f;436.74;0.5;UNKNOWN
2016-02-22T00:13:50.000000;2016-02-22T00:13:50.000000;cf1049af-80a6-40ee-87cc-a48538329ac4;436.74;0.5;UNKNOWN
2016-02-22T00:13:50.000000;2016-02-22T00:13:50.000000;3ab9f22e-3725-4254-ac5c-0960486004dc;436.74;0.5;UNKNOWN
2016-02-22T00:13:54.000000;2016-02-22T00:13:54.000000;b56b67b5-be89-4c21-a02f-bf20dcee43db;437.54;13.21993757;UNKNOWN
2016-02-22T00:13:55.000000;2016-02-22T00:13:55.000000;09aa384b-7fad-4dfd-9058-25a9c4b8d01d;438.49;0.03989;UNKNOWN
2016-02-22T00:14:04.000000;2016-02-22T00:14:04.000000;728b5e5e-2d10-4c64-86cd-6677d75b63b5;437.9;0.0983;UNKNOWN
2016-02-22T00:14:04.000000;2016-02-22T00:14:04.000000;0a0bf499-61c6-41e3-aa07-abcb5d12bf3d;437.9;0.0689;UNKNOWN
2016-02-22T00:14:04.000000;2016-02-22T00:14:04.000000;d4242538-8fbe-4019-93a4-f12a7f92395c;437.54;11.8328;UNKNOWN
2016-02-22T00:14:13.000000;2016-02-22T00:14:13.000000;94f848a3-aeea-48dd-bc7e-4bb28dede0a2;437.6;5.0;UNKNOWN
2016-02-22T00:14:13.000000;2016-02-22T00:14:13.000000;5abbf1f2-b548-46bf-833c-16da5d77dac8;437.54;3.15214437;UNKNOWN
2016-02-22T00:14:14.000000;2016-02-22T00:14:14.000000;9cbc73ad-8b7f-464c-b6fc-6d7ef1b490b1;437.54;5.0;UNKNOWN
2016-02-22T00:14:14.000000;2016-02-22T00:14:14.000000;00278018-d9d9-47a5-83ad-be4fd63cd33f;437.01;0.5;UNKNOWN
2016-02-22T00:14:14.000000;2016-02-22T00:14:14.000000;ebf35473-db45-4eb6-b18f-959fcd6fdf7a;436.94;2.482;UNKNOWN
2016-02-22T00:14:18.000000;2016-02-22T00:14:18.000000;f0f5188b-1c0d-4bf7-b473-c33b352a58f5;436.48;0.062499;UNKNOWN
2016-02-22T00:14:18.000000;2016-02-22T00:14:18.000000;47800007-6b2d-4a48-9a3c-69df9b861e18;436.51;0.5;UNKNOWN
2016-02-22T00:14:18.000000;2016-02-22T00:14:18.000000;afc2a511-19df-4af7-889a-56d763a3b3e3;437.01;0.47;UNKNOWN
2016-02-22T00:14:18.000000;2016-02-22T00:14:18.000000;f6cd97e4-a23c-4350-97d0-0e71aff8aec5;436.94;0.178;UNKNOWN
2016-02-22T00:14:18.000000;2016-02-22T00:14:18.000000;9f900708-fc7a-4994-8f7a-c002b5b7e7c0;436.63;0.1405;UNKNOWN
2016-02-22T00:14:18.000000;2016-02-22T00:14:18.000000;1b5df2be-5d79-4e7f-b7e1-87579dd460cc;436.29;6.03828856;UNKNOWN
2016-02-22T00:14:18.000000;2016-02-22T00:14:18.000000;cd2a1194-f480-426c-bee9-8433aac16950;436.69;0.12;UNKNOWN
2016-02-22T00:14:18.000000;2016-02-22T00:14:18.000000;5fea1585-3c04-4acd-8e55-a03a9caa219d;436.3;0.08479833;UNKNOWN
2016-02-22T00:14:18.000000;2016-02-22T00:14:18.000000;02f08a68-2d41-434b-9377-ecbc41cbcd48;436.6;0.03;UNKNOWN
2016-02-22T00:14:18.000000;2016-02-22T00:14:18.000000;48bc1f21-30d6-487f-a3ca-defef00dc453;436.4;0.03;UNKNOWN
2016-02-22T00:14:19.000000;2016-02-22T00:14:19.000000;0f3fbb2f-6f18-4cbe-bac4-cd3f8252f778;436.21;9.67008856;UNKNOWN
2016-02-22T00:14:19.000000;2016-02-22T00:14:19.000000;beaccdf0-204f-4e2d-9763-09068c4e7db0;437.47;0.7135;UNKNOWN
2016-02-22T00:14:19.000000;2016-02-22T00:14:19.000000;cd80f91a-40a3-4cff-aaae-1febe6dd3b46;436.3;6.31;UNKNOWN
2016-02-22T00:14:19.000000;2016-02-22T00:14:19.000000;498627ff-44d9-482f-b86a-2bf555f52f89;436.29;8.71991144;UNKNOWN
2016-02-22T00:14:21.000000;2016-02-22T00:14:21.000000;19d4b426-eefd-4118-8b1f-03a4e8f53e27;437.25;2.0;UNKNOWN
2016-02-22T00:14:25.000000;2016-02-22T00:14:25.000000;4f800128-3fa7-4b7f-939f-6d3d48cb6e7f;437.01;0.23;UNKNOWN
2016-02-22T00:14:25.000000;2016-02-22T00:14:25.000000;52eae3a6-bf3f-436e-a934-e87918363747;437.01;22.0;UNKNOWN
2016-02-22T00:14:26.000000;2016-02-22T00:14:26.000000;7a81a459-cd11-4812-ab35-aaf78a462b6e;436.21;13.94;UNKNOWN
2016-02-22T00:14:26.000000;2016-02-22T00:14:26.000000;a77b5746-6ee3-4e4f-8ddc-b266c6b7536f;436.28;12.0346;UNKNOWN
2016-02-22T00:14:26.000000;2016-02-22T00:14:26.000000;7f489ff6-41f3-407e-a51c-faf2fc1e25c1;436.21;4.01991144;UNKNOWN
2016-02-22T00:14:26.000000;2016-02-22T00:14:26.000000;65273509-b801-48b8-ba8b-99f133f45709;436.27;13.2961;UNKNOWN
2016-02-22T00:14:26.000000;2016-02-22T00:14:26.000000;916748b0-bc22-4da6-a785-5dd8f9e76cb0;436.28;6.06;UNKNOWN
2016-02-22T00:14:26.000000;2016-02-22T00:14:26.000000;3c441b86-0550-42e8-9683-3c4cb0575b18;436.28;0.5365;UNKNOWN
2016-02-22T00:14:26.000000;2016-02-22T00:14:26.000000;6b432224-d043-4632-b1ac-c05870877cbe;437.01;17.77;UNKNOWN
2016-02-22T00:14:26.000000;2016-02-22T00:14:26.000000;a67f2795-1208-4171-96ef-024a987f19f2;437.01;0.5;UNKNOWN
2016-02-22T00:14:26.000000;2016-02-22T00:14:26.000000;8a7cba35-f430-485d-97f9-3d347014d7b5;436.2;30.0;UNKNOWN
2016-02-22T00:14:26.000000;2016-02-22T00:14:26.000000;dbf93413-320e-4786-87a5-121278052d94;436.2;0.03;UNKNOWN
2016-02-22T00:14:27.000000;2016-02-22T00:14:27.000000;77dbcfee-c0e4-40e0-95ad-b2d043a3858e;436.1;14.1764;UNKNOWN
2016-02-22T00:14:27.000000;2016-02-22T00:14:27.000000;f3678665-e397-4601-9bbe-772e9d803294;436.0;6.65448606;UNKNOWN
2016-02-22T00:14:27.000000;2016-02-22T00:14:27.000000;d33c6539-8ff4-43e1-91ec-1f88f4437691;436.0;57.0;UNKNOWN
2016-02-22T00:14:27.000000;2016-02-22T00:14:27.000000;15899f54-de53-43a7-a067-b61a537309b2;436.0;0.03;UNKNOWN
2016-02-22T00:14:27.000000;2016-02-22T00:14:27.000000;78982be6-3515-4be4-bc5f-4757f31aa708;436.0;10.0;UNKNOWN
2016-02-22T00:14:27.000000;2016-02-22T00:14:27.000000;785cb9cd-5a5f-4942-a664-a6f895613163;436.05;8.182;UNKNOWN
2016-02-22T00:14:30.000000;2016-02-22T00:14:30.000000;3225e75c-9ba5-4d04-ba6e-b4bc498fdcfe;436.19;22.56;UNKNOWN
2016-02-22T00:14:30.000000;2016-02-22T00:14:30.000000;430986e3-563a-4d4d-b7b0-0479012fe9e6;436.2;0.5365;UNKNOWN
2016-02-22T00:14:30.000000;2016-02-22T00:14:30.000000;26d9c8d1-117d-45e4-9607-b771549ecb0d;436.19;5.7125;UNKNOWN
2016-02-22T00:14:30.000000;2016-02-22T00:14:30.000000;d6b132dd-4e26-4216-8b63-d55fbe60aa7b;436.2;0.5;UNKNOWN
2016-02-22T00:14:31.000000;2016-02-22T00:14:31.000000;9cb649f3-3f3d-4494-b7f2-c0ce747852c1;436.2;8.1224;UNKNOWN
2016-02-22T00:14:31.000000;2016-02-22T00:14:31.000000;6ae3a224-c3b9-40e5-a4a9-0d5b7ebe10a3;436.28;1.8776;UNKNOWN
2016-02-22T00:14:32.000000;2016-02-22T00:14:32.000000;69e8e7d3-d7c2-46c5-a986-14568ec8d59b;436.28;0.0881;UNKNOWN
2016-02-22T00:14:33.000000;2016-02-22T00:14:33.000000;92f7fe1c-4c8a-48cd-900e-8cf479fba11e;436.95;0.32812;UNKNOWN
2016-02-22T00:14:33.000000;2016-02-22T00:14:33.000000;89218391-ed28-4256-bd29-207d80686f45;436.28;1.65715;UNKNOWN
2016-02-22T00:14:34.000000;2016-02-22T00:14:34.000000;e98bbb82-3e9e-448b-9463-8b764d36627b;437.1;0.05673648;UNKNOWN
2016-02-22T00:14:35.000000;2016-02-22T00:14:35.000000;b52e2e11-2cc0-4556-9f7b-2f0bf724cdf4;436.2;1.36207006;UNKNOWN
2016-02-22T00:14:35.000000;2016-02-22T00:14:35.000000;536f623d-e624-4274-a799-b884ce3b6109;436.45;3.27653997;UNKNOWN
2016-02-22T00:14:35.000000;2016-02-22T00:14:35.000000;b99be388-db14-4b0e-b6ee-aaca3b5094fa;436.59;1.61938997;UNKNOWN
2016-02-22T00:14:35.000000;2016-02-22T00:14:35.000000;d3b3fb72-ef5c-4ffb-8f1d-821e2f125e66;436.2;0.172;UNKNOWN
2016-02-22T00:14:35.000000;2016-02-22T00:14:35.000000;7a43f5f6-8301-40c7-8183-82cc2e35e4ce;436.21;0.57;UNKNOWN
2016-02-22T00:14:35.000000;2016-02-22T00:14:35.000000;0c62d5b4-0375-4e3a-9287-002828b3214d;437.14;0.03941288;UNKNOWN
2016-02-22T00:14:37.000000;2016-02-22T00:14:37.000000;dd42bde5-f50e-495b-b0b7-320480b6bdc4;436.93;7.785;UNKNOWN
2016-02-22T00:14:37.000000;2016-02-22T00:14:37.000000;0cc95822-aee4-4b07-b59a-3bdb10c1837d;436.25;7.0;UNKNOWN
2016-02-22T00:14:37.000000;2016-02-22T00:14:37.000000;fefd6855-a499-426e-9eb0-8f7c8c577689;437.28;7.215;UNKNOWN
2016-02-22T00:14:38.000000;2016-02-22T00:14:38.000000;77a65b73-5b84-40d3-8e26-933b93faf296;437.14;0.07944993;UNKNOWN
2016-02-22T00:14:45.000000;2016-02-22T00:14:45.000000;18a21ac4-3edf-488e-a12d-3d9965a0c989;437.77;0.01050187;UNKNOWN
2016-02-22T00:14:46.000000;2016-02-22T00:14:46.000000;a05a4aad-7af5-419e-a97f-47a015c953e3;437.77;0.01050187;UNKNOWN
2016-02-22T00:14:48.000000;2016-02-22T00:14:48.000000;bbffa41e-29c3-4877-8d77-5752ddd97614;437.76;5.0;UNKNOWN
2016-02-22T00:14:56.000000;2016-02-22T00:14:56.000000;df12317e-7b0f-4a67-8b5e-7688862ee715;437.28;0.172;UNKNOWN
2016-02-22T00:14:56.000000;2016-02-22T00:14:56.000000;60042852-f7ef-41e4-85a5-96d908c4bedf;437.28;1.828;UNKNOWN
2016-02-22T00:15:40.000000;2016-02-22T00:15:40.000000;efccc9c6-dbfe-4e57-8546-b72ab4f9f053;437.58;10.9282;UNKNOWN
2016-02-22T00:15:53.000000;2016-02-22T00:15:53.000000;47ff7dc0-bfe1-458d-92fe-790b081b1254;437.65;0.18426749;UNKNOWN
2016-02-22T00:15:54.000000;2016-02-22T00:15:54.000000;82ae44b6-f780-439e-b5f4-5a6e5a89a553;437.58;1.0718;UNKNOWN
2016-02-22T00:15:56.000000;2016-02-22T00:15:56.000000;1a8f282b-313c-4ad6-aa2f-e06915f713ac;437.5;9.8564;UNKNOWN
2016-02-22T00:16:07.000000;2016-02-22T00:16:07.000000;1456e38c-8708-4e32-81dc-3a373cb645b4;437.5;0.448202;UNKNOWN
2016-02-22T00:16:09.000000;2016-02-22T00:16:09.000000;a4c73e02-0265-4a60-b702-7e873c778d52;437.5;10.51904134;UNKNOWN
2016-02-22T00:16:11.000000;2016-02-22T00:16:11.000000;108f050d-2fa4-4d66-91c6-5c9c31a433ea;437.5;0.0269946;UNKNOWN
2016-02-22T00:16:14.000000;2016-02-22T00:16:14.000000;44b0b18a-58f8-4dd2-b0c8-d1910e85a403;437.5;8.14936206;UNKNOWN
2016-02-22T00:16:14.000000;2016-02-22T00:16:14.000000;21d51932-3b78-4d64-8ca5-aa9b2f630565;437.5;2.77727118;UNKNOWN
2016-02-22T00:16:18.000000;2016-02-22T00:16:18.000000;1dd0d468-b86d-4ef2-abff-916b582287ab;437.5;9.0;UNKNOWN
2016-02-22T00:16:18.000000;2016-02-22T00:16:18.000000;e3fa9007-c643-41ff-a333-7ecae226db90;437.5;6.22272882;UNKNOWN
2016-02-22T00:16:19.000000;2016-02-22T00:16:19.000000;0ab83d31-efe2-49a6-a606-806755a6afe8;437.36;2.36;UNKNOWN
2016-02-22T00:16:19.000000;2016-02-22T00:16:19.000000;7df91309-8bd1-483e-bf3b-14e47ef7f4f2;437.3;2.64;UNKNOWN
2016-02-22T00:16:23.000000;2016-02-22T00:16:23.000000;018d6a67-e506-4178-a12d-4cb505fa7c24;437.3;2.36;UNKNOWN
2016-02-22T00:16:46.000000;2016-02-22T00:16:46.000000;e8da319d-816a-428a-bee7-dc05530838b2;437.12;0.47166142;UNKNOWN
2016-02-22T00:16:47.000000;2016-02-22T00:16:47.000000;f6d7a383-7a45-4065-a5dd-88f30dab7198;437.12;0.02833858;UNKNOWN
2016-02-22T00:16:47.000000;2016-02-22T00:16:47.000000;84723dd1-27ca-403b-a9d5-6f557b1b9b2a;437.1;0.08478778;UNKNOWN
2016-02-22T00:16:51.000000;2016-02-22T00:16:51.000000;3d346add-54dd-4345-9219-004e8a481632;437.1;0.25;UNKNOWN
2016-02-22T00:16:55.000000;2016-02-22T00:16:55.000000;391acd34-7e69-44ac-8f19-249c74d32106;437.36;0.25;UNKNOWN
2016-02-22T00:16:55.000000;2016-02-22T00:16:55.000000;c9dfcd85-3fa9-4a6c-b459-3a3ab92b4d62;437.34;0.0262663;UNKNOWN
2016-02-22T00:16:56.000000;2016-02-22T00:16:56.000000;147851e1-36dc-4dce-807a-75b3297c56bd;437.1;0.16521222;UNKNOWN
2016-02-22T00:16:56.000000;2016-02-22T00:16:56.000000;c7221bae-f159-45ef-b805-840832f53b15;437.0;0.08478778;UNKNOWN
2016-02-22T00:17:02.000000;2016-02-22T00:17:02.000000;b9edb5e8-335d-4050-bbae-f4c7ddda0ebd;437.01;0.5;UNKNOWN
2016-02-22T00:17:05.000000;2016-02-22T00:17:05.000000;b44a1a2e-66fe-4c79-9aac-d720a2cec1e8;437.0;2.2;UNKNOWN
2016-02-22T00:17:08.000000;2016-02-22T00:17:08.000000;c9829a65-dacf-42ef-b7fa-8886d0685aa9;437.29;2.0;UNKNOWN
2016-02-22T00:17:11.000000;2016-02-22T00:17:11.000000;bc6025a1-fc37-4740-975a-95983b0e41f8;437.02;25.27;UNKNOWN
2016-02-22T00:17:11.000000;2016-02-22T00:17:11.000000;a817b3cd-498e-461f-9620-f9d1eb71f94e;437.0;21.62146709;UNKNOWN
2016-02-22T00:17:11.000000;2016-02-22T00:17:11.000000;2cc496b4-f347-4ac4-92cc-527aacbcac8f;437.01;0.5;UNKNOWN
2016-02-22T00:17:13.000000;2016-02-22T00:17:13.000000;cf2accfe-99b4-4c64-8657-a76087721bdb;437.26;0.5;UNKNOWN
2016-02-22T00:17:18.000000;2016-02-22T00:17:18.000000;cdf2a36c-34c9-4d78-a5a9-4eeba78c6ce7;437.2;0.5;UNKNOWN
2016-02-22T00:17:19.000000;2016-02-22T00:17:19.000000;619ad501-97ab-4f6c-8791-947f1e2f6ec3;437.0;0.4729054;UNKNOWN
2016-02-22T00:17:36.000000;2016-02-22T00:17:36.000000;e2e72f23-254c-4cb3-8a3d-3913fa2b7446;437.01;0.1;UNKNOWN
2016-02-22T00:17:36.000000;2016-02-22T00:17:36.000000;19694060-ba4c-4112-8464-0e32cb135691;437.0;0.4;UNKNOWN
2016-02-22T00:17:36.000000;2016-02-22T00:17:36.000000;26db84cf-cb71-446f-84e3-8c308c8fb3fa;437.1;0.5;UNKNOWN
2016-02-22T00:17:36.000000;2016-02-22T00:17:36.000000;3c909709-542b-4680-a759-203f8352d48b;437.01;0.5;UNKNOWN
2016-02-22T00:17:36.000000;2016-02-22T00:17:36.000000;02e8802c-e276-4ce0-80fe-ce742eac745b;437.11;0.5;UNKNOWN
2016-02-22T00:17:45.000000;2016-02-22T00:17:45.000000;4fcaf8cd-b684-4dea-a003-5ecc970eed2d;437.13;1.5;UNKNOWN
2016-02-22T00:17:46.000000;2016-02-22T00:17:46.000000;1985caf5-e5f4-488a-bd08-14fa67dd5cba;437.01;0.58307863;UNKNOWN
2016-02-22T00:18:09.000000;2016-02-22T00:18:09.000000;91aa47eb-5249-4c00-a858-a5f7c36e1362;437.03;7.65408589;UNKNOWN
2016-02-22T00:18:30.000000;2016-02-22T00:18:30.000000;06fc76b6-ed81-46ad-9af9-c192e36ee78e;437.03;7.34591411;UNKNOWN
2016-02-22T00:18:44.000000;2016-02-22T00:18:44.000000;5ef8af69-f591-4c85-9388-c090ebf4f302;437.04;2.0;UNKNOWN
2016-02-22T00:18:47.000000;2016-02-22T00:18:47.000000;52f2073d-67c1-4393-a52c-38ecb2a008cc;437.04;0.9;UNKNOWN
2016-02-22T00:18:56.000000;2016-02-22T00:18:56.000000;05fc9d0a-ad93-4001-972f-b40ff716cff8;437.06;1.0;UNKNOWN
2016-02-22T00:18:56.000000;2016-02-22T00:18:56.000000;ed26f9d6-7b0d-43fc-b8f7-954a32a82e7a;437.06;0.5;UNKNOWN
2016-02-22T00:19:01.000000;2016-02-22T00:19:01.000000;d3898ce2-7228-474e-94e2-91230d6d4f32;437.17;0.9;UNKNOWN
2016-02-22T00:19:03.000000;2016-02-22T00:19:03.000000;ff433a2e-fbbf-444a-8b8f-04721cfff5a0;437.11;0.014997;UNKNOWN
2016-02-22T00:19:23.000000;2016-02-22T00:19:23.000000;c3b0a106-f952-409a-b5dc-aff245979b6c;437.15;0.5;UNKNOWN
2016-02-22T00:19:23.000000;2016-02-22T00:19:23.000000;03e61380-14b7-4c5e-8b7e-3806c1580b3a;437.01;0.5;UNKNOWN
2016-02-22T00:19:23.000000;2016-02-22T00:19:23.000000;c27d20d3-744a-4058-8a19-7f7437377cb3;437.1;9.0;UNKNOWN
2016-02-22T00:19:23.000000;2016-02-22T00:19:23.000000;d02db584-7c66-4d76-a7e7-cccba4322681;437.2;0.9;UNKNOWN
2016-02-22T00:19:23.000000;2016-02-22T00:19:23.000000;82ab0a6e-d949-4bc1-aa77-b535f9213b7c;437.14;0.9;UNKNOWN
2016-02-22T00:19:23.000000;2016-02-22T00:19:23.000000;a276be6a-1300-4148-8e0f-eccc5bb9a1af;437.0;7.98828579;UNKNOWN
2016-02-22T00:19:53.000000;2016-02-22T00:19:53.000000;c12a026e-3b15-4b8a-a9c3-479e2d295bf5;437.05;0.1771;UNKNOWN
2016-02-22T00:19:53.000000;2016-02-22T00:19:53.000000;9c293c0b-9f24-482e-b2a5-96bc8514a138;437.11;0.47;UNKNOWN
2016-02-22T00:19:53.000000;2016-02-22T00:19:53.000000;837d1048-063d-47fc-b0f6-f616b6ba0c92;437.01;0.4529;UNKNOWN
2016-02-22T00:19:53.000000;2016-02-22T00:19:53.000000;1c988303-9bef-4532-bb91-86701a9fc052;437.24;0.9;UNKNOWN
2016-02-22T00:20:06.000000;2016-02-22T00:20:06.000000;2f82a40a-2b80-4c33-a6b0-d20ec19aacad;437.01;2.5471;UNKNOWN
2016-02-22T00:20:06.000000;2016-02-22T00:20:06.000000;21527b9f-11b1-471d-9969-8b23eb4f5f3e;437.01;0.43224409;UNKNOWN
2016-02-22T00:20:06.000000;2016-02-22T00:20:06.000000;1f8611fa-23a8-4520-84c2-b2bb760bd23f;437.01;0.1;UNKNOWN
2016-02-22T00:20:06.000000;2016-02-22T00:20:06.000000;eb1e077a-ee96-4c97-9633-8a3153e7d74d;437.02;0.5;UNKNOWN
2016-02-22T00:20:13.000000;2016-02-22T00:20:13.000000;a7017e02-384f-492c-8192-5d0193b2aab3;437.25;0.021;UNKNOWN
2016-02-22T00:20:18.000000;2016-02-22T00:20:18.000000;ff12b1ff-3f38-49ed-9d26-77903e7becf4;437.46;3.27990729;UNKNOWN
2016-02-22T00:20:18.000000;2016-02-22T00:20:18.000000;a1afcfb0-a3b6-4d83-bef4-e07bb4f3f768;437.59;1.22325558;UNKNOWN
2016-02-22T00:20:18.000000;2016-02-22T00:20:18.000000;0780c8de-cad3-498c-807c-abadb24839b9;437.35;5.7151;UNKNOWN
2016-02-22T00:20:18.000000;2016-02-22T00:20:18.000000;c61a93dc-32db-417a-a488-c76e0d767ce9;437.27;1.5;UNKNOWN
2016-02-22T00:20:18.000000;2016-02-22T00:20:18.000000;21c90d1d-f3d0-44a7-aaa7-88aa30fc602b;437.36;3.28173713;UNKNOWN
2016-02-22T00:20:35.000000;2016-02-22T00:20:35.000000;0f8a5c34-667c-483b-b455-95972a16b288;437.27;1.4;UNKNOWN
2016-02-22T00:20:36.000000;2016-02-22T00:20:36.000000;f8d12eba-ad79-49a0-aa56-3c350ce06bab;437.43;2.0;UNKNOWN
2016-02-22T00:21:01.000000;2016-02-22T00:21:01.000000;e4ad9cc8-5766-4eb9-83da-e0b102b79155;437.59;0.97;UNKNOWN
2016-02-22T00:21:01.000000;2016-02-22T00:21:01.000000;a891a49a-e16f-42f3-b890-92f0c035c9db;437.57;0.03;UNKNOWN
2016-02-22T00:21:01.000000;2016-02-22T00:21:01.000000;dcba70e2-9e86-440c-9019-1f42ba36e185;437.49;0.03;UNKNOWN
2016-02-22T00:21:19.000000;2016-02-22T00:21:19.000000;88b1bdb9-8068-4db1-8b3b-b9d16efaf2a9;437.83;0.97;UNKNOWN
2016-02-22T00:21:19.000000;2016-02-22T00:21:19.000000;0a7faa52-ee82-44e8-9796-9d2f118b6c92;437.77;0.03;UNKNOWN
2016-02-22T00:21:22.000000;2016-02-22T00:21:22.000000;af0aa3fc-e3e5-4032-807e-cb26ff72ae02;437.8;7.055;UNKNOWN
2016-02-22T00:21:22.000000;2016-02-22T00:21:22.000000;69fee7df-f5b6-46cf-b106-493b582ce2e4;438.2;0.5365;UNKNOWN
2016-02-22T00:21:22.000000;2016-02-22T00:21:22.000000;26c4f597-e5ba-427d-9bbd-7383fb89d8ba;438.17;0.03;UNKNOWN
2016-02-22T00:21:22.000000;2016-02-22T00:21:22.000000;64d54971-b461-44b8-9288-f175a987aa0d;437.98;3.27915441;UNKNOWN
2016-02-22T00:21:22.000000;2016-02-22T00:21:22.000000;449b1c71-8f0e-4e0c-9c6d-675053719a2b;437.97;3.27768552;UNKNOWN
2016-02-22T00:21:22.000000;2016-02-22T00:21:22.000000;481d9d09-94a1-4de6-b2c7-029465905f36;437.83;2.30722004;UNKNOWN
2016-02-22T00:21:22.000000;2016-02-22T00:21:22.000000;9eb4d024-6283-45de-b112-d5ff9c646422;438.15;12.5;UNKNOWN
2016-02-22T00:21:22.000000;2016-02-22T00:21:22.000000;f4ef51fc-c523-4749-82f1-c3e8145d500b;437.97;0.03;UNKNOWN
2016-02-22T00:21:22.000000;2016-02-22T00:21:22.000000;25ac4cd5-e5fb-4ef0-8ec9-dc0fcc0f65e6;438.06;3.27768552;UNKNOWN
2016-02-22T00:21:22.000000;2016-02-22T00:21:22.000000;e7367669-6c07-49b6-9425-a52ca51c9022;438.46;69.96;UNKNOWN
2016-02-22T00:21:22.000000;2016-02-22T00:21:22.000000;97f158d2-0223-4b9f-b3e6-f8e37189876e;438.25;0.2;UNKNOWN
2016-02-22T00:21:22.000000;2016-02-22T00:21:22.000000;6101a377-9527-40a9-a29e-f1e463e90399;438.5;80.47895285;UNKNOWN
2016-02-22T00:21:22.000000;2016-02-22T00:21:22.000000;707b275f-059c-4ded-8ded-80932180acc3;438.38;0.03;UNKNOWN
2016-02-22T00:21:22.000000;2016-02-22T00:21:22.000000;65d425e7-69bf-4635-9b1b-ead782efda91;437.8;0.1;UNKNOWN
2016-02-22T00:21:22.000000;2016-02-22T00:21:22.000000;74f7d277-87c1-42b0-9642-5ab8ff54b0ce;437.93;3.27722004;UNKNOWN
2016-02-22T00:21:22.000000;2016-02-22T00:21:22.000000;271bef76-5442-489f-8344-4fabc6c7d89b;437.88;3.27865269;UNKNOWN
2016-02-22T00:21:22.000000;2016-02-22T00:21:22.000000;d22e0da3-18ba-4c11-b1ce-2da04c7e16a7;437.94;3.28015832;UNKNOWN
2016-02-22T00:21:25.000000;2016-02-22T00:21:25.000000;73ff22e0-f4de-465f-9073-7429c2072030;438.51;0.97;UNKNOWN
2016-02-22T00:21:25.000000;2016-02-22T00:21:25.000000;351feaa6-757b-43d3-ae27-1d62e72910ea;438.5;2.30804366;UNKNOWN
2016-02-22T00:21:26.000000;2016-02-22T00:21:26.000000;0030c4a4-8deb-4df9-b2b1-5cc99f1051ab;438.5;3.27804366;UNKNOWN
2016-02-22T00:21:27.000000;2016-02-22T00:21:27.000000;709496df-f392-4dc2-9ba3-6fc0e19bff3b;438.97;0.23;UNKNOWN
2016-02-22T00:21:27.000000;2016-02-22T00:21:27.000000;68cf4689-3014-4024-9908-cd2192a47e71;438.98;0.03;UNKNOWN
2016-02-22T00:21:27.000000;2016-02-22T00:21:27.000000;ea2c69c4-52d2-45d3-b24e-e7c8d0cff405;438.78;0.03;UNKNOWN
2016-02-22T00:21:27.000000;2016-02-22T00:21:27.000000;c8a75e94-356f-434d-92ce-6ffabace420d;439.35;3.22285;UNKNOWN
2016-02-22T00:21:27.000000;2016-02-22T00:21:27.000000;11f764c4-de36-477d-911d-30b501a55276;439.18;0.03;UNKNOWN
2016-02-22T00:21:27.000000;2016-02-22T00:21:27.000000;e19d4578-b677-43de-979f-756ee38c2027;438.57;0.03;UNKNOWN
2016-02-22T00:21:27.000000;2016-02-22T00:21:27.000000;ab967c51-fc71-454f-86b6-a796f9d4564b;439.22;0.05;UNKNOWN
2016-02-22T00:21:43.000000;2016-02-22T00:21:43.000000;36af863a-c5eb-4d4d-a2a7-23575f6a0bfc;438.3;1.0;UNKNOWN
2016-02-22T00:21:55.000000;2016-02-22T00:21:55.000000;2e94ddbf-0e83-4bf7-83a1-38d72291bee1;438.8;1.0;UNKNOWN
2016-02-22T00:22:11.000000;2016-02-22T00:22:11.000000;c1e237ba-759a-4f2d-81ad-68f512e4cd0e;438.46;0.199201;UNKNOWN
2016-02-22T00:22:24.000000;2016-02-22T00:22:24.000000;e642e85d-e2d7-4ea0-9ff8-1f0eddaec8e2;439.37;0.75;UNKNOWN
2016-02-22T00:22:32.000000;2016-02-22T00:22:32.000000;ffc6044d-f423-47f8-931b-509c776bea0e;438.64;0.199201;UNKNOWN
2016-02-22T00:22:38.000000;2016-02-22T00:22:38.000000;cb849c61-aae0-43bf-a183-dd160d377513;438.68;0.03383407;UNKNOWN
2016-02-22T00:23:07.000000;2016-02-22T00:23:07.000000;a52f9db9-5e20-49a1-b8b6-850c337b53f4;439.8;0.2385;UNKNOWN
2016-02-22T00:23:07.000000;2016-02-22T00:23:07.000000;10077881-a3a8-42a6-8584-95dbf285d381;439.39;1.0;UNKNOWN
2016-02-22T00:23:07.000000;2016-02-22T00:23:07.000000;344ceacb-9257-4792-afa0-3802adbe505a;439.55;2.97;UNKNOWN
2016-02-22T00:23:07.000000;2016-02-22T00:23:07.000000;c921639e-95a2-4405-8ffb-fd70f55d10af;439.83;13.9037;UNKNOWN
2016-02-22T00:23:07.000000;2016-02-22T00:23:07.000000;118d8084-9271-4f44-a4ad-ec3aefdf0aec;439.78;0.03;UNKNOWN
2016-02-22T00:23:07.000000;2016-02-22T00:23:07.000000;bcf6fd1f-cc4a-48f6-b31b-0c8ff769f523;439.88;20.0;UNKNOWN
2016-02-22T00:23:07.000000;2016-02-22T00:23:07.000000;22ae992b-c82b-4021-a725-7ad5234ab807;439.89;23.28258129;UNKNOWN
2016-02-22T00:23:07.000000;2016-02-22T00:23:07.000000;9ec0b240-a1b6-451c-b597-8dddb5f0ac01;439.88;16.3193;UNKNOWN
2016-02-22T00:23:07.000000;2016-02-22T00:23:07.000000;8e602f10-7ad2-4d02-a04f-fe1eb50ee5bd;439.58;0.03;UNKNOWN
2016-02-22T00:23:07.000000;2016-02-22T00:23:07.000000;e412a7d2-2616-438b-9cef-a5b2831cbd39;439.39;1.0;UNKNOWN
2016-02-22T00:23:07.000000;2016-02-22T00:23:07.000000;a1e17eec-836a-4dbf-a79e-87b44062a68f;439.38;0.03;UNKNOWN
2016-02-22T00:23:07.000000;2016-02-22T00:23:07.000000;b0f5a671-261f-4498-868a-5a32320e9032;439.63;16.1586;UNKNOWN
2016-02-22T00:23:07.000000;2016-02-22T00:23:07.000000;4cb5d5fb-5468-4470-90e6-8e0e3f0837a0;439.37;3.27686208;UNKNOWN
2016-02-22T00:23:07.000000;2016-02-22T00:23:07.000000;ed542f1d-e85b-4fcd-92bb-684d9c80007d;439.14;3.2767547;UNKNOWN
2016-02-22T00:23:07.000000;2016-02-22T00:23:07.000000;ed1c8d59-f4cd-4a3f-b665-9baf5bd1de6a;439.12;3.27668312;UNKNOWN
2016-02-22T00:23:07.000000;2016-02-22T00:23:07.000000;49f08327-34b6-4b72-a681-7e45a7909a72;439.37;3.27671891;UNKNOWN
2016-02-22T00:23:07.000000;2016-02-22T00:23:07.000000;2517b1eb-7d32-4bd0-8c8e-fd2661fa3def;439.37;3.27686208;UNKNOWN
2016-02-22T00:23:07.000000;2016-02-22T00:23:07.000000;9e7303d8-860f-435b-8102-4d4ed7c72737;439.12;3.27668312;UNKNOWN
2016-02-22T00:23:07.000000;2016-02-22T00:23:07.000000;1f96cbe7-6e25-470a-841c-2052d58e907c;439.14;3.2767547;UNKNOWN
2016-02-22T00:23:07.000000;2016-02-22T00:23:07.000000;7c0cc596-d39a-4766-8f78-b584b1795a9a;439.6;1.0;UNKNOWN
2016-02-22T00:23:07.000000;2016-02-22T00:23:07.000000;e9d00b9b-41aa-401a-9826-841bae84276e;439.4;1.0;UNKNOWN
2016-02-22T00:23:07.000000;2016-02-22T00:23:07.000000;1da6d578-e296-4023-a341-b768f9583b32;439.15;0.1;UNKNOWN
2016-02-22T00:23:15.000000;2016-02-22T00:23:15.000000;527b4381-dc0b-4418-aa80-093d8c7b0e19;439.37;2.75664733;UNKNOWN
2016-02-22T00:23:15.000000;2016-02-22T00:23:15.000000;8ded2602-de50-454d-abb9-7f44f5a3a551;439.4;0.52;UNKNOWN
2016-02-22T00:23:16.000000;2016-02-22T00:23:16.000000;2340eb9a-142f-4a88-bfd6-30438eec88cb;439.37;0.83817267;UNKNOWN
2016-02-22T00:23:21.000000;2016-02-22T00:23:21.000000;bc9fa14a-6d37-42f2-b05a-506c92a56c4e;440.0;0.74;UNKNOWN
2016-02-22T00:23:21.000000;2016-02-22T00:23:21.000000;7a5198f4-64a4-4218-9c9b-224040eb3398;439.88;25.0;UNKNOWN
2016-02-22T00:23:21.000000;2016-02-22T00:23:21.000000;83d9b5b5-7e24-4a06-beb9-c1a65f24af29;439.98;0.03;UNKNOWN
2016-02-22T00:23:21.000000;2016-02-22T00:23:21.000000;badbb6e7-effe-4fcc-aa25-9ff53b5c781e;439.89;20.71741871;UNKNOWN
2016-02-22T00:23:21.000000;2016-02-22T00:23:21.000000;d100a666-3555-4175-89b7-85be413a6bc1;439.51;0.13;UNKNOWN
2016-02-22T00:23:23.000000;2016-02-22T00:23:23.000000;215a650d-4e37-42b5-941e-1de9c15e99e3;440.0;11.4;UNKNOWN
2016-02-22T00:23:23.000000;2016-02-22T00:23:23.000000;84648806-6c8c-4273-93c2-0346134313a0;440.0;8.6;UNKNOWN
2016-02-22T00:23:23.000000;2016-02-22T00:23:23.000000;3b9e2e50-d529-4d00-92f2-0b28bc1e968c;440.0;1.0;UNKNOWN
2016-02-22T00:23:47.000000;2016-02-22T00:23:47.000000;b7699679-9933-49bc-a617-abce44f85ce1;439.18;0.57873756;UNKNOWN
2016-02-22T00:23:48.000000;2016-02-22T00:23:48.000000;ad325760-d75c-4291-af51-449e8969c94d;439.18;0.01;UNKNOWN
2016-02-22T00:23:57.000000;2016-02-22T00:23:57.000000;0c52f200-efdc-47fc-a6a5-d1110628a689;439.73;0.099201;UNKNOWN
2016-02-22T00:23:57.000000;2016-02-22T00:23:57.000000;6bb95298-ffd4-4414-a194-0193733d5335;439.73;0.400799;UNKNOWN
2016-02-22T00:23:57.000000;2016-02-22T00:23:57.000000;94373c0e-ed28-4d3f-bea4-f473df427c73;439.73;0.1;UNKNOWN
2016-02-22T00:24:04.000000;2016-02-22T00:24:04.000000;7ec5e22d-8ac1-4b3b-a9b4-0b5155ac7cc9;439.25;0.199201;UNKNOWN
2016-02-22T00:24:25.000000;2016-02-22T00:24:25.000000;2ba8262b-ffa1-4258-a294-3fecab558ed4;439.25;0.199201;UNKNOWN
2016-02-22T00:24:46.000000;2016-02-22T00:24:46.000000;b09aad43-866f-4368-93d3-608013465d7d;439.21;0.199201;UNKNOWN
2016-02-22T00:24:53.000000;2016-02-22T00:24:53.000000;a5573dc7-5f63-4719-9f8e-1de51211cade;439.68;3.27232269;UNKNOWN
2016-02-22T00:24:53.000000;2016-02-22T00:24:53.000000;82e0f30e-4e8e-4c79-9dcd-7b9a11971346;439.49;3.27300101;UNKNOWN
2016-02-22T00:24:53.000000;2016-02-22T00:24:53.000000;298ccd5e-1663-4057-af4e-3cf1f9b48289;440.0;19.49335332;UNKNOWN
2016-02-22T00:24:53.000000;2016-02-22T00:24:53.000000;aff10925-317a-4874-8b3b-4a3876761391;440.0;0.5;UNKNOWN
2016-02-22T00:24:53.000000;2016-02-22T00:24:53.000000;c81a2b29-26e3-47cb-92a5-f1f727204ed9;439.91;8.45;UNKNOWN
2016-02-22T00:24:53.000000;2016-02-22T00:24:53.000000;976041a4-3efe-4fc0-a1e9-ced3832258e3;439.49;3.2729296;UNKNOWN
2016-02-22T00:24:53.000000;2016-02-22T00:24:53.000000;5dae81de-1914-45fc-91d5-6643c4e565ab;439.49;25.27;UNKNOWN
2016-02-22T00:24:53.000000;2016-02-22T00:24:53.000000;2d2b64ff-9d2f-44ee-a95c-f9c7266933dd;439.97;20.0691;UNKNOWN
2016-02-22T00:24:53.000000;2016-02-22T00:24:53.000000;6c44c4da-5da8-4757-a0cf-22d29540fb8d;439.77;1.49;UNKNOWN
2016-02-22T00:24:53.000000;2016-02-22T00:24:53.000000;cf921cf1-bd68-432c-af7a-2a7137658204;439.73;3.27232269;UNKNOWN
2016-02-22T00:24:53.000000;2016-02-22T00:24:53.000000;c55a3194-b5f6-428b-ae07-0635e98ed13e;439.49;3.2729296;UNKNOWN
2016-02-22T00:24:53.000000;2016-02-22T00:24:53.000000;e23d9582-7c26-4a0d-a47b-e309b8936ede;440.0;10.0;UNKNOWN
2016-02-22T00:24:53.000000;2016-02-22T00:24:53.000000;303ca936-4593-432f-b026-e193f0618093;439.49;3.2729296;UNKNOWN
2016-02-22T00:24:53.000000;2016-02-22T00:24:53.000000;500d8010-ba05-4942-acc9-85bdac8aea9d;439.78;3.27232269;UNKNOWN
2016-02-22T00:24:53.000000;2016-02-22T00:24:53.000000;eeadb880-3ad8-4809-95a4-3f03315ccf11;439.63;3.2729296;UNKNOWN
2016-02-22T00:24:53.000000;2016-02-22T00:24:53.000000;87558c9e-203c-47f3-8264-bfff4cd1b4c5;439.5;2.0;UNKNOWN
2016-02-22T00:24:53.000000;2016-02-22T00:24:53.000000;0e003cf9-7c33-4277-abd8-bc12f6a456cf;439.49;3.2729296;UNKNOWN
2016-02-22T00:24:53.000000;2016-02-22T00:24:53.000000;53613208-09bf-4eac-a3ce-509d518106a9;439.58;3.2729296;UNKNOWN
2016-02-22T00:25:07.000000;2016-02-22T00:25:07.000000;611448fa-cf0b-4646-8ddd-d9319cbc88fb;439.26;0.086247;UNKNOWN
2016-02-22T00:25:29.000000;2016-02-22T00:25:29.000000;ea62d316-1c22-42e3-af33-eef30d9cb3f3;439.21;0.086247;UNKNOWN
2016-02-22T00:25:49.000000;2016-02-22T00:25:49.000000;b7ea0060-0dde-4f54-8f85-0766a816cbe3;439.21;0.199201;UNKNOWN
2016-02-22T00:26:05.000000;2016-02-22T00:26:05.000000;7d3bb57b-ebe6-4ffe-a45e-faf4662f1d20;439.6;0.75627127;UNKNOWN
2016-02-22T00:26:05.000000;2016-02-22T00:26:05.000000;5ce341f6-75a7-4246-8ddc-a2d587520bc1;439.49;3.27507342;UNKNOWN
2016-02-22T00:26:05.000000;2016-02-22T00:26:05.000000;191362a2-f17c-4ee1-8e22-5e3889a5e473;439.27;0.01;UNKNOWN
2016-02-22T00:26:11.000000;2016-02-22T00:26:11.000000;b848297c-c89a-469a-bf54-27e6120a5922;439.21;0.199201;UNKNOWN
2016-02-22T00:26:32.000000;2016-02-22T00:26:32.000000;c191d3b4-162b-4424-9eb9-9fc8035f9c76;439.34;0.199201;UNKNOWN
2016-02-22T00:26:54.000000;2016-02-22T00:26:54.000000;00cb85ac-2a37-4cd2-ae01-bcf9f1aacd83;439.27;0.199201;UNKNOWN
2016-02-22T00:27:15.000000;2016-02-22T00:27:15.000000;fc3f8c61-1665-4bd2-91a5-3d8167167e77;439.37;0.199201;UNKNOWN
2016-02-22T00:27:20.000000;2016-02-22T00:27:20.000000;fe06adbe-f6c2-41dc-a502-eee574281d15;439.39;0.01;UNKNOWN
2016-02-22T00:27:36.000000;2016-02-22T00:27:36.000000;e9c8e6b6-30c7-4e28-987a-d1146981ff3d;439.39;0.199201;UNKNOWN
2016-02-22T00:27:58.000000;2016-02-22T00:27:58.000000;29acf288-d57d-47a1-a53a-f6ecff6af962;439.24;0.199201;UNKNOWN
2016-02-22T00:28:07.000000;2016-02-22T00:28:07.000000;1ae7fc4b-2bb1-45ca-ad90-0ee8f6963777;439.3;0.01;UNKNOWN
2016-02-22T00:28:20.000000;2016-02-22T00:28:20.000000;a63f75ea-de60-4461-8026-6c4d8aebe9c6;439.38;0.199201;UNKNOWN
2016-02-22T00:28:38.000000;2016-02-22T00:28:38.000000;89ddba2a-5e24-4452-ba9f-7a15dedbdf88;439.27;0.13334032;UNKNOWN
2016-02-22T00:28:39.000000;2016-02-22T00:28:39.000000;a3dfd910-a5a8-4528-ad4d-19e2cedd8984;439.57;0.34044484;UNKNOWN
2016-02-22T00:28:41.000000;2016-02-22T00:28:41.000000;7b11522b-f403-44e6-ac7d-d98dcf08090d;439.57;0.199201;UNKNOWN
2016-02-22T00:29:03.000000;2016-02-22T00:29:03.000000;fd2f1ff7-90df-468b-9e8b-e9828a0fde0b;439.57;0.086247;UNKNOWN
2016-02-22T00:29:24.000000;2016-02-22T00:29:24.000000;bae1af70-2328-4739-8744-aed4d751bdb2;439.37;0.155369;UNKNOWN
2016-02-22T00:29:44.000000;2016-02-22T00:29:44.000000;9c210c44-57f4-4f9a-a663-b224b3a094c5;439.58;5.0;UNKNOWN
2016-02-22T00:29:52.000000;2016-02-22T00:29:52.000000;5c53a6dc-3676-45ae-9ec3-7575284d4b54;439.67;0.199201;UNKNOWN
2016-02-22T00:30:13.000000;2016-02-22T00:30:13.000000;b3ab4bf5-f957-45a2-815c-ce9e1cd4519a;439.68;0.199201;UNKNOWN
2016-02-22T00:30:39.000000;2016-02-22T00:30:39.000000;f8410b00-7099-4728-a9b8-1f096d3fe546;439.6;2.0;UNKNOWN
2016-02-22T00:30:42.000000;2016-02-22T00:30:42.000000;cc8325d9-9e0b-45e2-840d-ac99f452e224;439.6;0.199201;UNKNOWN
2016-02-22T00:30:47.000000;2016-02-22T00:30:47.000000;8e78eb91-b2ff-4028-810d-9dfdd2306170;439.43;0.0246;UNKNOWN
2016-02-22T00:31:09.000000;2016-02-22T00:31:09.000000;89db90ce-ac34-4824-a81a-5fccaa078957;439.34;0.268332;UNKNOWN
2016-02-22T00:31:37.000000;2016-02-22T00:31:37.000000;123b035b-c196-4bc8-a606-fb62fadcf86e;439.36;0.22769686;UNKNOWN
2016-02-22T00:31:40.000000;2016-02-22T00:31:40.000000;38241aa5-4662-4627-a511-9ef1f9970cee;439.5;2.9355;UNKNOWN
2016-02-22T00:31:40.000000;2016-02-22T00:31:40.000000;760a0558-9fa6-4851-9f94-236c2aec2dc6;439.5;0.05;UNKNOWN
2016-02-22T00:32:08.000000;2016-02-22T00:32:08.000000;fa363d62-bf14-48a1-8b4b-b5426db1bcb6;439.4;24.11;UNKNOWN
2016-02-22T00:32:08.000000;2016-02-22T00:32:08.000000;2fb280ad-e542-4439-9e13-f5118ebcd70b;439.39;5.89;UNKNOWN
2016-02-22T00:32:47.000000;2016-02-22T00:32:47.000000;e678435b-63c7-4c8e-bd47-a32b8ed01a22;439.3;0.0660396;UNKNOWN
2016-02-22T00:33:05.000000;2016-02-22T00:33:05.000000;2eaf8929-c9bf-44c8-a95f-4966945ab9c0;439.44;1.62453417;UNKNOWN
2016-02-22T00:34:20.000000;2016-02-22T00:34:20.000000;9461360e-e4bd-4c73-ae16-fd31c42fa8c5;439.3;0.086247;UNKNOWN
2016-02-22T00:34:41.000000;2016-02-22T00:34:41.000000;d5086feb-a78c-458c-870b-7b4a53f17bd5;439.3;0.085648;UNKNOWN
2016-02-22T00:34:49.000000;2016-02-22T00:34:49.000000;b8002514-cc42-4010-b564-04e8232c215a;439.31;2.0;UNKNOWN
2016-02-22T00:35:08.000000;2016-02-22T00:35:08.000000;1c01fbb3-15d0-4739-bd44-176c4fbfc7d6;439.3;0.085648;UNKNOWN
2016-02-22T00:35:25.000000;2016-02-22T00:35:25.000000;3dbbffea-3ca3-4e8c-a4b7-36ff3bf2d92d;439.21;9.1235826;UNKNOWN
2016-02-22T00:35:25.000000;2016-02-22T00:35:25.000000;609a897c-3202-4054-a032-26ef48ca1293;439.3;0.6764174;UNKNOWN
2016-02-22T00:35:25.000000;2016-02-22T00:35:25.000000;3d5cc739-cfcb-4b5e-9e90-358a17704a14;439.22;0.2;UNKNOWN
2016-02-22T00:35:35.000000;2016-02-22T00:35:35.000000;24642e10-9f9c-4081-9096-a1627e2ae1f3;439.21;0.1925674;UNKNOWN
2016-02-22T00:35:35.000000;2016-02-22T00:35:35.000000;72a10132-a475-430d-8a9c-e7a44c93e1cf;439.03;7.11;UNKNOWN
2016-02-22T00:35:35.000000;2016-02-22T00:35:35.000000;b854bf9b-a5e8-4f29-9086-5392b54807d3;438.97;0.06388195;UNKNOWN
2016-02-22T00:35:35.000000;2016-02-22T00:35:35.000000;57809e44-376e-41fa-aee4-f6f1008ace5e;438.95;2.63355065;UNKNOWN
2016-02-22T00:35:36.000000;2016-02-22T00:35:36.000000;f10bc7e8-2e9e-4058-99dd-8f9e8b8b26cd;439.05;0.079451;UNKNOWN
2016-02-22T00:36:10.000000;2016-02-22T00:36:10.000000;a5147239-1b17-4fbb-b33e-e4da5625355a;438.95;4.4;UNKNOWN
2016-02-22T00:36:16.000000;2016-02-22T00:36:16.000000;89772f8d-b979-476c-923e-e6c7a030af99;438.96;0.1734;UNKNOWN
2016-02-22T00:36:22.000000;2016-02-22T00:36:22.000000;9d0e8cb6-6e6e-4950-aa61-836fcd8f622f;438.95;0.086247;UNKNOWN
2016-02-22T00:36:55.000000;2016-02-22T00:36:55.000000;8054000f-f952-43eb-9e1d-4c92b8113d9b;438.95;0.1734;UNKNOWN
2016-02-22T00:37:08.000000;2016-02-22T00:37:08.000000;560884cc-2a81-4802-8ec1-61ee6162b542;438.95;0.05830064;UNKNOWN
2016-02-22T00:37:34.000000;2016-02-22T00:37:34.000000;e03ea11a-e284-4314-907d-adc513417b61;438.95;2.48;UNKNOWN
2016-02-22T00:38:04.000000;2016-02-22T00:38:04.000000;702f7b26-5390-4336-965f-01be2e4aabfc;438.96;4.800799;UNKNOWN
2016-02-22T00:38:17.000000;2016-02-22T00:38:17.000000;61f921a5-e933-491c-9862-68ce97e8de6f;438.95;0.11455;UNKNOWN
2016-02-22T00:39:20.000000;2016-02-22T00:39:20.000000;0e502729-1c60-4f99-b282-69007cced937;438.95;0.053732;UNKNOWN
2016-02-22T00:40:52.000000;2016-02-22T00:40:52.000000;923001fe-19e6-465f-a30f-74e4b9ac28a2;438.95;0.00021971;UNKNOWN
2016-02-22T00:40:52.000000;2016-02-22T00:40:52.000000;6d3251a1-9c7f-4fef-a577-3203565389e6;438.84;0.1;UNKNOWN
2016-02-22T00:40:52.000000;2016-02-22T00:40:52.000000;c48ab321-2091-4141-b7e9-2cfafd4811dc;438.8;0.2;UNKNOWN
2016-02-22T00:40:52.000000;2016-02-22T00:40:52.000000;0b933ff2-885c-4486-85e6-06a964ed0c93;438.67;2.03978029;UNKNOWN
2016-02-22T00:43:00.000000;2016-02-22T00:43:00.000000;10d36a4b-83cf-4c1e-8491-e1e7f2aa1565;438.75;0.4;UNKNOWN
2016-02-22T00:43:16.000000;2016-02-22T00:43:16.000000;f8938f7c-a408-4a1b-a34f-337efcf1d76f;438.92;0.3914;UNKNOWN
2016-02-22T00:44:15.000000;2016-02-22T00:44:15.000000;c4e32319-1b5d-4ebc-8695-1b56fee768c1;438.67;0.96021971;UNKNOWN
2016-02-22T00:44:15.000000;2016-02-22T00:44:15.000000;e69b515f-01d5-439e-811f-6bd2c614ee35;438.63;1.03978029;UNKNOWN
2016-02-22T00:45:14.000000;2016-02-22T00:45:14.000000;a07b03c1-fea1-4f57-80a3-6142760a3d50;438.87;1.1;UNKNOWN
2016-02-22T00:45:27.000000;2016-02-22T00:45:27.000000;7367cbc7-a386-4e5d-8eca-9d98fe59652c;438.76;0.11342827;UNKNOWN
2016-02-22T00:45:57.000000;2016-02-22T00:45:57.000000;3ae73861-3d10-4ec5-b4d5-da28079d074b;438.92;0.028;UNKNOWN
2016-02-22T00:45:59.000000;2016-02-22T00:45:59.000000;eb8347b6-e4cc-4246-9292-a4c5a67e2b6d;439.01;0.07809518;UNKNOWN
2016-02-22T00:46:01.000000;2016-02-22T00:46:01.000000;84fa2cb9-e0c6-49a0-8e70-ed4ca969ac23;439.01;0.07809518;UNKNOWN
2016-02-22T00:46:07.000000;2016-02-22T00:46:07.000000;7d310d33-e79f-4dff-9ee9-e2c3ef1194cd;439.0;0.01143766;UNKNOWN
2016-02-22T00:46:10.000000;2016-02-22T00:46:10.000000;71941b1b-9e77-4c0b-a679-882a5c8d2bb5;439.0;0.07568335;UNKNOWN
2016-02-22T00:46:17.000000;2016-02-22T00:46:17.000000;3b2f2bc4-eb7b-4a1d-bc7a-9f95dcb6edf8;439.0;2.5;UNKNOWN
2016-02-22T00:46:20.000000;2016-02-22T00:46:20.000000;98d9dd13-bbc1-4011-bef0-0ffc22e6a147;439.0;2.1658966;UNKNOWN
2016-02-22T00:46:22.000000;2016-02-22T00:46:22.000000;ce246f7c-77dd-44cc-a162-14fbb15b10db;438.66;0.01;UNKNOWN
2016-02-22T00:47:22.000000;2016-02-22T00:47:22.000000;c902bba8-cd65-4519-95de-09bd0226f670;438.74;0.01;UNKNOWN
2016-02-22T00:47:25.000000;2016-02-22T00:47:25.000000;5dc3a22c-03dc-418e-b707-559c4d9f139e;438.75;0.01;UNKNOWN
2016-02-22T00:47:31.000000;2016-02-22T00:47:31.000000;ee40238a-60a6-461b-935d-0d9dfa6126e6;438.62;0.01;UNKNOWN
2016-02-22T00:47:33.000000;2016-02-22T00:47:33.000000;a9b15fb7-e3ab-4e37-8667-524857191363;438.65;0.01;UNKNOWN
2016-02-22T00:47:34.000000;2016-02-22T00:47:34.000000;e4462fdd-06c5-48e8-bbb1-f8794e5a02fa;438.65;0.01;UNKNOWN
2016-02-22T00:47:35.000000;2016-02-22T00:47:35.000000;9b788152-23f2-4bb0-bf80-58f1fe4b8292;438.65;0.01;UNKNOWN
2016-02-22T00:47:37.000000;2016-02-22T00:47:37.000000;af581844-b72c-4329-9307-2e03796c16a5;438.6;0.03;UNKNOWN
2016-02-22T00:47:37.000000;2016-02-22T00:47:37.000000;b50f9611-886c-4272-aa9d-70270e7e3e1e;438.6;2.0;UNKNOWN
2016-02-22T00:47:37.000000;2016-02-22T00:47:37.000000;bf5d657c-8ac4-47aa-b969-575a9d35b2c7;438.61;0.1;UNKNOWN
2016-02-22T00:47:37.000000;2016-02-22T00:47:37.000000;4e590f41-e00c-46bc-a7dc-7a7e26c4c2e8;438.67;0.01;UNKNOWN
2016-02-22T00:47:37.000000;2016-02-22T00:47:37.000000;be1ce3d6-4bf9-4cf3-8a3c-e185fd50d492;438.66;7.11;UNKNOWN
2016-02-22T00:47:37.000000;2016-02-22T00:47:37.000000;638c7267-db02-435e-842e-41486821b676;438.5;8.5941034;UNKNOWN
2016-02-22T00:47:51.000000;2016-02-22T00:47:51.000000;b2801ca2-cbd4-47bf-abe8-2ad9d9ab9623;438.52;2.5;UNKNOWN
2016-02-22T00:48:04.000000;2016-02-22T00:48:04.000000;9cd76464-ec16-491f-8452-df3daf77b35e;438.5;1.4058966;UNKNOWN
2016-02-22T00:48:04.000000;2016-02-22T00:48:04.000000;bf30865e-9d28-4b08-96b9-0e59003c6f96;438.5;2.0941034;UNKNOWN
2016-02-22T00:48:05.000000;2016-02-22T00:48:05.000000;e12e6823-0bab-4fc5-aeef-c19b16a48434;438.98;0.01;UNKNOWN
2016-02-22T00:48:05.000000;2016-02-22T00:48:05.000000;effd95f9-9e4f-4b8a-a280-c0df9a7ef7fa;438.99;2.01;UNKNOWN
2016-02-22T00:48:06.000000;2016-02-22T00:48:06.000000;d7bf02ea-ec76-434b-b101-3861cd374a15;438.99;1.68;UNKNOWN
2016-02-22T00:48:21.000000;2016-02-22T00:48:21.000000;2f39c934-fb75-4a0c-9ca2-aaeda4708d9e;438.12;14.9758;UNKNOWN
2016-02-22T00:48:21.000000;2016-02-22T00:48:21.000000;d2bc0058-d07b-412c-baad-1c7cc6d80618;438.11;0.9;UNKNOWN
2016-02-22T00:48:21.000000;2016-02-22T00:48:21.000000;e79dc57c-5af4-4f5a-90ed-4b8c9d144fa3;438.5;16.9058966;UNKNOWN
2016-02-22T00:48:21.000000;2016-02-22T00:48:21.000000;782bc482-5a39-49df-8bc6-1764a71a135b;438.22;0.9;UNKNOWN
2016-02-22T00:48:21.000000;2016-02-22T00:48:21.000000;fa5d67dc-de3e-4ba8-8a27-e2a3f9c275ac;438.25;7.11;UNKNOWN
2016-02-22T00:48:21.000000;2016-02-22T00:48:21.000000;b3fe88b9-84c1-4932-b629-bf9ff6f68444;438.4;0.03;UNKNOWN
2016-02-22T00:48:21.000000;2016-02-22T00:48:21.000000;fa945a57-baef-4dea-bc7c-4ead8bae08d9;438.08;3.27628949;UNKNOWN
2016-02-22T00:48:21.000000;2016-02-22T00:48:21.000000;d03291cb-3e4f-4488-aa3a-8b4920fd4856;438.11;1.0;UNKNOWN
2016-02-22T00:48:21.000000;2016-02-22T00:48:21.000000;4a615837-4292-4622-81c9-0e92e0478522;438.2;0.03;UNKNOWN
2016-02-22T00:48:21.000000;2016-02-22T00:48:21.000000;f83a14d2-19c8-4cbe-9d32-c4642611a5cc;438.07;0.2;UNKNOWN
2016-02-22T00:48:21.000000;2016-02-22T00:48:21.000000;d7216c8e-ccf2-4b86-bd17-245ff52a08ce;438.04;4.56058191;UNKNOWN
2016-02-22T00:48:33.000000;2016-02-22T00:48:33.000000;bb81f3c2-8595-47a8-b11d-c024cc29dc62;437.8;0.03;UNKNOWN
2016-02-22T00:48:33.000000;2016-02-22T00:48:33.000000;dba2c508-5ab8-4a2d-8a5d-204cfb826146;437.79;1.66287367;UNKNOWN
2016-02-22T00:48:33.000000;2016-02-22T00:48:33.000000;1ec209d9-4e53-4382-86f6-1c6ec51555e2;437.84;3.27621793;UNKNOWN
2016-02-22T00:48:33.000000;2016-02-22T00:48:33.000000;51699c0e-c9bc-4d6a-b81b-d15742004e02;438.0;0.8;UNKNOWN
2016-02-22T00:48:33.000000;2016-02-22T00:48:33.000000;013021aa-7a4f-4e46-b4e6-f6eeb94429c7;437.81;3.27682628;UNKNOWN
2016-02-22T00:48:33.000000;2016-02-22T00:48:33.000000;2f23a63f-1106-4897-afa7-6c8e12cee252;437.89;3.27725584;UNKNOWN
2016-02-22T00:48:33.000000;2016-02-22T00:48:33.000000;f6094542-97dd-40cf-bc3c-db0951e00bc8;438.0;0.03;UNKNOWN
2016-02-22T00:48:33.000000;2016-02-22T00:48:33.000000;3f61507d-8d48-4e07-8420-389b27fbb183;437.88;0.9;UNKNOWN
2016-02-22T00:48:33.000000;2016-02-22T00:48:33.000000;cd27c437-0bc3-4e4c-84fe-948b8a55cb6e;437.86;3.27682628;UNKNOWN
2016-02-22T00:48:33.000000;2016-02-22T00:48:33.000000;3370b24c-08cb-43bc-bdd7-2a218b68deaa;438.12;1.47;UNKNOWN
2016-02-22T00:48:43.000000;2016-02-22T00:48:43.000000;72700ffb-419e-4565-a258-26b6f0c75451;438.0;0.25;UNKNOWN
2016-02-22T00:48:43.000000;2016-02-22T00:48:43.000000;c1a1366d-9736-4511-80be-997448a4d680;438.0;0.01;UNKNOWN
2016-02-22T00:48:51.000000;2016-02-22T00:48:51.000000;3223c98c-acac-45ed-a838-29754947c76a;438.0;2.2;UNKNOWN
2016-02-22T00:49:28.000000;2016-02-22T00:49:28.000000;9634317c-9a6c-420b-bce4-f00e13ec056f;438.0;0.01;UNKNOWN
2016-02-22T00:49:29.000000;2016-02-22T00:49:29.000000;bc67a915-7693-4155-80b6-7423fbace8ee;438.0;16.53;UNKNOWN
2016-02-22T00:49:34.000000;2016-02-22T00:49:34.000000;9ce20ab0-524d-4161-bc70-f27b28a7eda6;437.67;0.01;UNKNOWN
2016-02-22T00:49:38.000000;2016-02-22T00:49:38.000000;357faa1b-18f6-448c-a5fa-04ac982296cb;437.67;0.09;UNKNOWN
2016-02-22T00:49:38.000000;2016-02-22T00:49:38.000000;b4857367-5abe-4b8f-a953-bd5f029ccb48;437.67;0.89;UNKNOWN
2016-02-22T00:49:38.000000;2016-02-22T00:49:38.000000;9d7ce652-c417-45f4-8c77-a52986dea2d9;437.66;0.02;UNKNOWN
2016-02-22T00:49:39.000000;2016-02-22T00:49:39.000000;a55418be-eabb-4a82-b80f-d0ec091815d7;437.8;0.01;UNKNOWN
2016-02-22T00:49:45.000000;2016-02-22T00:49:45.000000;093895ce-5e35-4b85-8adb-d0e6c48e3bc5;437.55;0.49;UNKNOWN
2016-02-22T00:49:45.000000;2016-02-22T00:49:45.000000;60a20449-c3af-4394-93e2-72f8a3feff60;437.6;0.03;UNKNOWN
2016-02-22T00:49:45.000000;2016-02-22T00:49:45.000000;882390a7-45d8-4257-85dd-7d4d1a557a1e;437.66;0.88;UNKNOWN
2016-02-22T00:49:57.000000;2016-02-22T00:49:57.000000;e9ef206a-21e5-47be-b511-1c0cf8bdaddd;437.6;5.0;UNKNOWN
2016-02-22T00:50:00.000000;2016-02-22T00:50:00.000000;11999fab-ad7c-40b9-a17e-1d7dc233aa8a;437.44;0.3;UNKNOWN
2016-02-22T00:50:00.000000;2016-02-22T00:50:00.000000;b69110de-183c-4815-b623-4615c4d2d939;437.5;19.0;UNKNOWN
2016-02-22T00:50:00.000000;2016-02-22T00:50:00.000000;ad142e58-a7f0-4ea3-b43d-2087795d5ff2;437.44;0.9;UNKNOWN
2016-02-22T00:50:00.000000;2016-02-22T00:50:00.000000;7b27bce2-148f-430e-9683-760f81e9eed5;437.45;0.89;UNKNOWN
2016-02-22T00:50:02.000000;2016-02-22T00:50:02.000000;b4f135fa-6e8c-4aff-b69e-c3e64214c1cb;437.44;0.59;UNKNOWN
2016-02-22T00:50:02.000000;2016-02-22T00:50:02.000000;1f516508-5094-49f7-b9dd-564510800fc3;437.44;0.6;UNKNOWN
2016-02-22T00:50:03.000000;2016-02-22T00:50:03.000000;09a1890f-e3b2-42db-856d-82c6ea1c6346;437.4;0.03;UNKNOWN
2016-02-22T00:50:03.000000;2016-02-22T00:50:03.000000;4b959401-3c48-49df-8a5b-354b4e30307a;437.33;0.22;UNKNOWN
2016-02-22T00:50:05.000000;2016-02-22T00:50:05.000000;ecfe986a-3349-4940-93bc-24b695f790d3;437.33;0.58546638;UNKNOWN
2016-02-22T00:50:06.000000;2016-02-22T00:50:06.000000;65c31c8e-8988-4b59-b892-b22c637d86d0;437.41;0.9;UNKNOWN
2016-02-22T00:50:07.000000;2016-02-22T00:50:07.000000;a45b4ef7-b209-4b3a-a2fe-5ce0c5143d20;437.33;0.09453362;UNKNOWN
2016-02-22T00:50:07.000000;2016-02-22T00:50:07.000000;3b9ec779-d926-43df-8d1a-e3b639b11cc7;437.34;0.32;UNKNOWN
2016-02-22T00:50:07.000000;2016-02-22T00:50:07.000000;ff054a0d-809a-46c3-ba4e-d22c7ea5994a;437.26;0.26546638;UNKNOWN
2016-02-22T00:50:07.000000;2016-02-22T00:50:07.000000;17a2b86a-2f12-442e-a7ae-8cbe03f4e6b1;437.4;4.73453362;UNKNOWN
2016-02-22T00:50:10.000000;2016-02-22T00:50:10.000000;47ba6a0a-5704-4e49-9dea-97b488b54da7;437.21;1.1601;UNKNOWN
2016-02-22T00:50:14.000000;2016-02-22T00:50:14.000000;f2730d82-d054-4ffc-a387-24fc30716e3b;437.16;0.3;UNKNOWN
2016-02-22T00:50:14.000000;2016-02-22T00:50:14.000000;3f882377-0abc-43da-b6c9-f93940a18094;437.21;0.92;UNKNOWN
2016-02-22T00:50:14.000000;2016-02-22T00:50:14.000000;31e838e7-6122-4edd-b733-46accd0f3db5;437.2;0.03;UNKNOWN
2016-02-22T00:50:14.000000;2016-02-22T00:50:14.000000;8d155307-2579-41c6-b521-097ba9ad63fc;437.15;0.9;UNKNOWN
2016-02-22T00:50:14.000000;2016-02-22T00:50:14.000000;cb838edc-0dd1-4a0f-b446-00f13c943ed6;437.1;0.9;UNKNOWN
2016-02-22T00:50:14.000000;2016-02-22T00:50:14.000000;c1347448-2fb8-4efb-a47c-08fa4df6f498;437.1;0.54482;UNKNOWN
2016-02-22T00:50:16.000000;2016-02-22T00:50:16.000000;b7754661-35ce-465b-8a99-24e69495ee2c;437.0;9.54432;UNKNOWN
2016-02-22T00:50:16.000000;2016-02-22T00:50:16.000000;bb371f83-bb6b-44f5-b60f-d4d74187d265;437.25;5.0;UNKNOWN
2016-02-22T00:50:16.000000;2016-02-22T00:50:16.000000;a6c54b83-f014-4d5c-a8fc-edaf20255d35;437.0;0.5;UNKNOWN
2016-02-22T00:50:16.000000;2016-02-22T00:50:16.000000;428bd72d-35ec-4630-9345-7454493d1248;437.1;9.45518;UNKNOWN
2016-02-22T00:50:16.000000;2016-02-22T00:50:16.000000;9beba9ca-1b06-430c-92ab-1a168caf649b;437.0;0.5;UNKNOWN
2016-02-22T00:50:19.000000;2016-02-22T00:50:19.000000;07536468-f1b8-419f-89d1-e2e9f310ecb0;437.38;0.02654664;UNKNOWN
2016-02-22T00:50:20.000000;2016-02-22T00:50:20.000000;3cfdda1b-5184-4523-b440-d9688456bb3d;437.06;0.5;UNKNOWN
2016-02-22T00:50:20.000000;2016-02-22T00:50:20.000000;db1c62d2-170a-4868-b285-375ca3fc60dd;437.06;0.23;UNKNOWN
2016-02-22T00:50:20.000000;2016-02-22T00:50:20.000000;14a5d9c6-0fc1-4104-9337-cfe4ad2f7bf4;437.0;0.27;UNKNOWN
2016-02-22T00:50:25.000000;2016-02-22T00:50:25.000000;9dc7c07b-ef2f-494a-bec3-c396d7314489;437.0;0.02;UNKNOWN
2016-02-22T00:50:28.000000;2016-02-22T00:50:28.000000;5af8a0c8-d1fb-459f-aebc-181ccb1fb4e5;437.1;0.22853904;UNKNOWN
2016-02-22T00:50:32.000000;2016-02-22T00:50:32.000000;74af1bc5-e17b-4282-bfca-061999d48f70;437.1;0.36;UNKNOWN
2016-02-22T00:50:35.000000;2016-02-22T00:50:35.000000;40cd2ecb-9d98-430c-9ea3-253f38574831;437.1;2.75;UNKNOWN
2016-02-22T00:50:46.000000;2016-02-22T00:50:46.000000;6ddbf1fd-8c0a-4996-a250-0707a0b95527;437.1;0.48299226;UNKNOWN
2016-02-22T00:51:10.000000;2016-02-22T00:51:10.000000;1088edd8-b60c-4afa-a35b-a90d0c91f910;437.02;0.6;UNKNOWN
2016-02-22T00:51:10.000000;2016-02-22T00:51:10.000000;37632231-3b35-4740-9c71-8447d8c7e636;437.01;1.1715313;UNKNOWN
2016-02-22T00:51:10.000000;2016-02-22T00:51:10.000000;7238c26b-5584-4e11-867b-de675e3fbfd3;437.1;1.1784687;UNKNOWN
2016-02-22T00:51:10.000000;2016-02-22T00:51:10.000000;942efca1-ae9f-4e33-a530-a05e8f4ebf2d;437.03;0.05;UNKNOWN
2016-02-22T00:51:25.000000;2016-02-22T00:51:25.000000;3517bbfa-415f-49a2-a644-92a5bb46f95b;437.01;2.8645574;UNKNOWN
2016-02-22T00:51:25.000000;2016-02-22T00:51:25.000000;d08cc8d5-0026-461d-97c5-24b5f419f764;437.01;0.5;UNKNOWN
2016-02-22T00:52:33.000000;2016-02-22T00:52:33.000000;3f667ac4-9475-4ac9-a6af-ea18cbb8be70;437.0;0.03;UNKNOWN
2016-02-22T00:52:33.000000;2016-02-22T00:52:33.000000;60129d3f-08db-44e3-b3fc-e64bc03e4372;437.0;12.16568;UNKNOWN
2016-02-22T00:52:33.000000;2016-02-22T00:52:33.000000;83455669-dcc3-4180-9de3-bc0102fd9a7e;437.09;0.5;UNKNOWN
2016-02-22T00:52:33.000000;2016-02-22T00:52:33.000000;98b40dda-2930-4d5e-bba2-126d593a2778;437.02;0.33;UNKNOWN
2016-02-22T00:52:33.000000;2016-02-22T00:52:33.000000;78bd5d1b-de0a-4637-821b-17720ecbfbd3;437.08;3.0;UNKNOWN
2016-02-22T00:52:33.000000;2016-02-22T00:52:33.000000;df10b7d4-ca7d-4f2a-9527-bb77221d49ae;437.07;6.0;UNKNOWN
2016-02-22T00:52:33.000000;2016-02-22T00:52:33.000000;c71d2eb4-17ca-4361-8188-902df99d62b7;437.05;15.0;UNKNOWN
2016-02-22T00:53:58.000000;2016-02-22T00:53:58.000000;710e5bd4-2590-4192-bae6-09eddd080da2;436.94;0.0872;UNKNOWN
2016-02-22T00:53:58.000000;2016-02-22T00:53:58.000000;d643debe-f755-4014-bece-ebd4c81af8d3;436.95;0.2;UNKNOWN
2016-02-22T00:53:58.000000;2016-02-22T00:53:58.000000;d8f1f903-9231-4c1a-b9db-f3bb7e151c64;436.8;0.03;UNKNOWN
2016-02-22T00:53:58.000000;2016-02-22T00:53:58.000000;249e0d2d-1706-4c37-a046-cda5986c2c7b;436.91;0.28;UNKNOWN
2016-02-22T00:53:58.000000;2016-02-22T00:53:58.000000;bff2a0df-105f-4ffe-a394-c7cf96af01ac;436.81;13.0;UNKNOWN
2016-02-22T00:53:58.000000;2016-02-22T00:53:58.000000;0bbcf4c8-2843-4949-a5ea-2a38a620f9d6;436.65;1.797269;UNKNOWN
2016-02-22T00:53:58.000000;2016-02-22T00:53:58.000000;1f098355-c74a-4be0-bed9-55e8232abb6a;436.67;3.285331;UNKNOWN
2016-02-22T00:53:58.000000;2016-02-22T00:53:58.000000;55501a75-de7e-4f60-91bc-74c8c336ab31;436.94;0.1202;UNKNOWN
2016-02-22T00:53:58.000000;2016-02-22T00:53:58.000000;633d1201-f735-4f3f-9d5d-534fcde6acba;436.7;0.7;UNKNOWN
2016-02-22T00:53:58.000000;2016-02-22T00:53:58.000000;eee85eb1-f2b1-45db-8447-74ec68afd42c;436.9;0.5;UNKNOWN
2016-02-22T00:54:05.000000;2016-02-22T00:54:05.000000;e179b3f2-89e7-435c-b8f6-32c026a14fce;437.14;1.22564783;UNKNOWN
2016-02-22T00:54:24.000000;2016-02-22T00:54:24.000000;a7e96e4a-2c51-4f39-a7a2-234a7eb02d8a;436.66;0.5;UNKNOWN
2016-02-22T00:54:24.000000;2016-02-22T00:54:24.000000;08a0418d-28e5-4d28-b414-9a1a818c99ea;436.65;0.8;UNKNOWN
2016-02-22T00:54:38.000000;2016-02-22T00:54:38.000000;2086acbd-ee4e-4bb1-a651-878f2b6758b4;436.66;0.102063;UNKNOWN
2016-02-22T00:54:47.000000;2016-02-22T00:54:47.000000;64e2123c-4bf2-49ae-b269-86e69e79236e;436.66;0.1493;UNKNOWN
2016-02-22T00:54:50.000000;2016-02-22T00:54:50.000000;e5338509-2623-4690-8022-4573d36504df;436.97;0.57594;UNKNOWN
2016-02-22T00:54:50.000000;2016-02-22T00:54:50.000000;871b0018-13d5-4898-8d85-03ab0d675a2d;436.92;3.0;UNKNOWN
2016-02-22T00:54:55.000000;2016-02-22T00:54:55.000000;7f25ba59-81e1-4d98-818d-02084ea4b4f6;436.68;2.0;UNKNOWN
2016-02-22T00:55:34.000000;2016-02-22T00:55:34.000000;2bce37db-cdba-4b46-905b-a1643e278f74;436.7;1.94981062;UNKNOWN
2016-02-22T00:55:44.000000;2016-02-22T00:55:44.000000;4638347b-0d8f-4707-b19f-638ca0bdb074;436.65;0.5;UNKNOWN
2016-02-22T00:55:44.000000;2016-02-22T00:55:44.000000;3adc4ae1-4393-43ec-8a06-08f1a244946a;436.66;0.51;UNKNOWN
2016-02-22T00:55:44.000000;2016-02-22T00:55:44.000000;edc0fd30-d4ed-4669-affb-0c702faf1986;436.7;0.05018938;UNKNOWN
2016-02-22T00:55:44.000000;2016-02-22T00:55:44.000000;0f61cab4-0650-428d-846e-d31b1582d855;436.6;0.67981062;UNKNOWN
2016-02-22T00:55:44.000000;2016-02-22T00:55:44.000000;bae51289-68d8-4fa4-94fe-15f0ba70a702;436.63;0.1658;UNKNOWN
2016-02-22T00:55:44.000000;2016-02-22T00:55:44.000000;a09355bf-9566-4ff0-9a38-c095d9a23ec8;436.65;7.402731;UNKNOWN
2016-02-22T00:55:52.000000;2016-02-22T00:55:52.000000;bedff553-55e0-465a-9dd5-17f2251b10d1;436.6;0.02018938;UNKNOWN
2016-02-22T00:55:52.000000;2016-02-22T00:55:52.000000;6bed219c-0696-43b3-b32b-c5b7be81ed9a;436.5;0.93;UNKNOWN
2016-02-22T00:55:52.000000;2016-02-22T00:55:52.000000;21eeffaa-8674-4b4e-87df-9438d4b5e9cb;436.6;0.03;UNKNOWN
2016-02-22T00:55:57.000000;2016-02-22T00:55:57.000000;3e58772f-830c-49dc-9018-d3215a870f02;436.5;0.5;UNKNOWN
2016-02-22T00:55:58.000000;2016-02-22T00:55:58.000000;9683dcda-6d42-4383-bf86-cae2405fd16f;436.5;5.37;UNKNOWN
2016-02-22T00:56:14.000000;2016-02-22T00:56:14.000000;c8a9326f-c8ba-4f46-96bf-229862f19f9b;437.28;15.4382;UNKNOWN
2016-02-22T00:56:14.000000;2016-02-22T00:56:14.000000;fcbbafbd-0a6d-4c6b-9488-0b03c4b620a1;437.19;7.11;UNKNOWN
2016-02-22T00:56:40.000000;2016-02-22T00:56:40.000000;81306754-e938-46cc-aafe-4d450dba5793;437.0;12.0;UNKNOWN
2016-02-22T00:56:47.000000;2016-02-22T00:56:47.000000;f2ce89e2-de96-41e7-8394-0ddb6321ba81;437.0;2.0;UNKNOWN
2016-02-22T00:57:14.000000;2016-02-22T00:57:14.000000;75dc4714-0a57-4b37-a6e9-7bda4558b1ba;436.99;0.028;UNKNOWN
2016-02-22T00:57:14.000000;2016-02-22T00:57:14.000000;e37e4510-21c0-4d9f-9e27-22a30a8620f0;437.0;2.472;UNKNOWN
2016-02-22T00:57:35.000000;2016-02-22T00:57:35.000000;1bfdd6ed-21a8-4a94-8d8a-d20c413363d0;436.98;0.028;UNKNOWN
2016-02-22T00:57:35.000000;2016-02-22T00:57:35.000000;81c1d5d0-edf7-47fc-815f-60595ec88793;437.0;2.472;UNKNOWN
2016-02-22T00:57:45.000000;2016-02-22T00:57:45.000000;d9686b2b-f94f-4499-9c6a-7e7c9cda1d98;436.94;0.5;UNKNOWN
2016-02-22T00:57:45.000000;2016-02-22T00:57:45.000000;731e76f8-69bc-455d-bbe2-a21a6e60dc9a;436.93;3.0;UNKNOWN
2016-02-22T00:57:45.000000;2016-02-22T00:57:45.000000;9a0fca78-8437-4c9b-aa39-b5cc18160c0e;436.94;5.97;UNKNOWN
2016-02-22T00:57:45.000000;2016-02-22T00:57:45.000000;62b98ec5-0646-4736-abe5-d0377fba0edb;436.9;2.4531;UNKNOWN
2016-02-22T00:57:49.000000;2016-02-22T00:57:49.000000;09d22d27-a282-4566-9e99-6c28bdff3b61;436.91;3.0;UNKNOWN
2016-02-22T00:57:49.000000;2016-02-22T00:57:49.000000;bfdae385-ac70-4ab9-a9ae-6debff6f543d;436.91;0.5;UNKNOWN
2016-02-22T00:57:49.000000;2016-02-22T00:57:49.000000;952a4fe0-c46b-4bab-abd1-31d5a091e7bf;436.9;7.1759;UNKNOWN
2016-02-22T00:57:53.000000;2016-02-22T00:57:53.000000;126a4726-fbac-4ece-8db3-20c9d6eb4f91;436.99;2.0;UNKNOWN
2016-02-22T00:58:00.000000;2016-02-22T00:58:00.000000;e48aa654-4d04-40bf-91c7-637844abd58f;436.99;15.0;UNKNOWN
2016-02-22T00:58:22.000000;2016-02-22T00:58:22.000000;d5ba7a20-57fb-4057-ba78-4214ed68942b;436.98;0.028;UNKNOWN
2016-02-22T00:58:22.000000;2016-02-22T00:58:22.000000;c6b1a542-a023-49b4-83aa-b5ec590409c1;437.34;3.9165;UNKNOWN
2016-02-22T00:58:22.000000;2016-02-22T00:58:22.000000;411dcec2-a6ff-4ca1-9972-1d9ca5eada04;437.0;6.0555;UNKNOWN
2016-02-22T00:59:45.000000;2016-02-22T00:59:45.000000;25630693-c703-40f9-b5ae-b9d1ac577afc;437.34;0.38;UNKNOWN
2016-02-22T00:59:45.000000;2016-02-22T00:59:45.000000;9ac8833f-f7dd-469b-b7ff-065d4d3e57ef;437.3;1.12;UNKNOWN
2016-02-22T00:59:46.000000;2016-02-22T00:59:46.000000;de622347-612f-4e17-9ec1-816ed7243412;437.29;0.2485;UNKNOWN
2016-02-22T00:59:50.000000;2016-02-22T00:59:50.000000;b3629931-e313-4d48-9a1a-3be95dcf703d;437.6;0.2;UNKNOWN
2016-02-22T00:59:50.000000;2016-02-22T00:59:50.000000;5d6147b4-2b56-4dc3-87a9-5cdf272f7e87;437.61;1.7465;UNKNOWN
2016-02-22T00:59:50.000000;2016-02-22T00:59:50.000000;69104fc7-e924-49dd-9bb4-4db5320aab7c;437.32;0.2485;UNKNOWN
2016-02-22T00:59:50.000000;2016-02-22T00:59:50.000000;be209926-4d6d-4cee-a579-0cf328a72b9f;437.34;13.0535;UNKNOWN
2016-02-22T00:59:55.000000;2016-02-22T00:59:55.000000;6396f385-7133-4b3d-b675-8fa7941fc805;437.42;0.2485;UNKNOWN
2016-02-22T00:59:55.000000;2016-02-22T00:59:55.000000;a5f41515-d27a-4d94-94a0-eb95543c597c;437.6;15.0;UNKNOWN
2016-02-22T00:59:57.000000;2016-02-22T00:59:57.000000;b4675c95-ceab-4e5c-94cc-391000571379;437.6;1.0;UNKNOWN
2016-02-22T01:00:00.000000;2016-02-22T01:00:00.000000;39f671d7-ae38-4ed5-a167-0cc8a5520ad1;437.61;1.0356;UNKNOWN
2016-02-22T01:00:00.000000;2016-02-22T01:00:00.000000;56a705ea-b81e-4ad7-b191-500c61abc1a1;437.6;13.9644;UNKNOWN
2016-02-22T01:00:01.000000;2016-02-22T01:00:01.000000;249d4daf-6b11-476d-a9d1-14dbc1bbb775;437.47;0.2485;UNKNOWN
2016-02-22T01:00:03.000000;2016-02-22T01:00:03.000000;6a9d68f5-46af-43fc-95c3-a3202d56b6a4;437.48;0.204879;UNKNOWN
2016-02-22T01:00:07.000000;2016-02-22T01:00:07.000000;5cf3357f-49fd-4d9e-b5d0-8e572989a6fc;437.61;10.0;UNKNOWN
2016-02-22T01:00:12.000000;2016-02-22T01:00:12.000000;7cefb846-d2ec-4c43-96c9-7a0f15c5816e;437.61;0.915;UNKNOWN
2016-02-22T01:00:12.000000;2016-02-22T01:00:12.000000;a1905466-0140-4c9b-970d-67a98456a322;437.83;0.585;UNKNOWN
2016-02-22T01:00:19.000000;2016-02-22T01:00:19.000000;028c6adc-8ca7-44ab-a899-9e9d8359db44;437.6;0.1733;UNKNOWN
2016-02-22T01:00:19.000000;2016-02-22T01:00:19.000000;65c57518-8870-4a56-9c35-98034148ba1d;437.6;0.1654;UNKNOWN
2016-02-22T01:00:19.000000;2016-02-22T01:00:19.000000;80d12c5f-e4f6-4db9-9f42-ff03af27668d;437.83;4.6613;UNKNOWN
2016-02-22T01:00:22.000000;2016-02-22T01:00:22.000000;78c0d779-b7ec-4215-b895-3180b0763b36;437.61;0.205139;UNKNOWN
2016-02-22T01:00:26.000000;2016-02-22T01:00:26.000000;358979d9-0d51-42fd-b557-0ec48f91e6f2;437.63;0.1654;UNKNOWN
2016-02-22T01:00:41.000000;2016-02-22T01:00:41.000000;4299eabe-ce6f-45d9-ab7e-bf9e2b94a5ab;437.62;0.204889;UNKNOWN
2016-02-22T01:00:57.000000;2016-02-22T01:00:57.000000;ff212796-b5b4-40fe-8007-84dfe2e625b2;437.56;0.26328734;UNKNOWN
2016-02-22T01:01:37.000000;2016-02-22T01:01:37.000000;74adf321-7fdf-445e-867f-6a3962fccf96;437.56;0.01729069;UNKNOWN
2016-02-22T01:01:44.000000;2016-02-22T01:01:44.000000;c881a637-8a84-4c47-85ba-fb30a172aff0;437.56;1.0;UNKNOWN
2016-02-22T01:02:33.000000;2016-02-22T01:02:33.000000;14509e35-9251-4948-be1a-0899fc6010af;437.56;15.38;UNKNOWN
2016-02-22T01:02:43.000000;2016-02-22T01:02:43.000000;9aebbff9-58d8-496f-836d-a2a92e43d893;437.57;0.0499;UNKNOWN
2016-02-22T01:02:43.000000;2016-02-22T01:02:43.000000;5440697f-f7ae-4c75-8917-c0dcfa7678d2;437.57;4.9501;UNKNOWN
2016-02-22T01:03:05.000000;2016-02-22T01:03:05.000000;66321e6b-0300-4664-9e5a-d248be385b79;437.82;0.04578171;UNKNOWN
2016-02-22T01:03:06.000000;2016-02-22T01:03:06.000000;99308390-7272-44bb-a9b7-cb6485df2ae8;437.82;2.35790602;UNKNOWN
2016-02-22T01:03:10.000000;2016-02-22T01:03:10.000000;77233e15-8302-43a5-830a-3fdd4b56c126;437.82;0.6399999;UNKNOWN
2016-02-22T01:03:17.000000;2016-02-22T01:03:17.000000;689a24c1-fbeb-42b4-a662-5b75a2954177;437.61;0.5;UNKNOWN
2016-02-22T01:03:43.000000;2016-02-22T01:03:43.000000;5ad4f0ea-e928-4cd8-981c-a42e787fa9c7;437.8;0.604858;UNKNOWN
2016-02-22T01:04:16.000000;2016-02-22T01:04:16.000000;b3614162-95ec-4194-8822-852bfd9f2f72;437.8;7.395142;UNKNOWN
2016-02-22T01:05:51.000000;2016-02-22T01:05:51.000000;90866eb2-ac06-4d5b-850c-1eb8fa48ed66;437.55;0.5;UNKNOWN
2016-02-22T01:05:55.000000;2016-02-22T01:05:55.000000;17805247-2e46-4c74-bf2f-f2788cd0d169;437.55;5.0;UNKNOWN
2016-02-22T01:06:01.000000;2016-02-22T01:06:01.000000;f03992d3-38c2-4d74-bf67-1d3470871f79;437.55;2.5;UNKNOWN
2016-02-22T01:07:05.000000;2016-02-22T01:07:05.000000;46723c9b-1ecd-447c-acdd-dd7ca6171bfc;437.55;2.0;UNKNOWN
2016-02-22T01:07:05.000000;2016-02-22T01:07:05.000000;ce4bb7db-003a-4473-8e54-46aa7078901b;437.83;6.58000281;UNKNOWN
2016-02-22T01:07:05.000000;2016-02-22T01:07:05.000000;573144d3-490d-4dfb-85cf-e2411fdbb575;437.79;1.56117037;UNKNOWN
2016-02-22T01:07:34.000000;2016-02-22T01:07:34.000000;1892a96d-da00-41e8-89cc-c1ca8974343c;437.6;3.0;UNKNOWN
2016-02-22T01:09:06.000000;2016-02-22T01:09:06.000000;443bb62a-7643-4daa-b8ea-ae9a975b88a3;437.59;3.57449737;UNKNOWN
2016-02-22T01:09:37.000000;2016-02-22T01:09:37.000000;4a4c7b48-65e7-4e73-9674-349da005b0d7;437.56;0.16;UNKNOWN
2016-02-22T01:09:39.000000;2016-02-22T01:09:39.000000;732cc1ed-5076-4c0b-9097-44b39156296a;437.56;0.02270199;UNKNOWN
2016-02-22T01:09:42.000000;2016-02-22T01:09:42.000000;32330e57-1290-4447-8a9c-df13d81213f0;437.56;0.4999;UNKNOWN
2016-02-22T01:10:17.000000;2016-02-22T01:10:17.000000;fa275737-5782-4b22-8c03-8a31df8149f9;437.56;0.11465;UNKNOWN
2016-02-22T01:11:17.000000;2016-02-22T01:11:17.000000;ea406df1-6672-4c8d-83d3-d624b102b3ec;437.56;6.91e-05;UNKNOWN
2016-02-22T01:11:17.000000;2016-02-22T01:11:17.000000;9de065a4-6215-469f-9c9a-43c0f296c52e;437.58;0.08;UNKNOWN
2016-02-22T01:11:37.000000;2016-02-22T01:11:37.000000;18cbb49b-6f93-4487-8e80-ebffbf59bb89;437.56;0.22;UNKNOWN
2016-02-22T01:11:41.000000;2016-02-22T01:11:41.000000;8ac5e2c3-02d0-416e-954c-a0760819c7e7;437.56;0.22;UNKNOWN
2016-02-22T01:11:43.000000;2016-02-22T01:11:43.000000;092f23d2-1971-4418-a36b-9f993c2d6936;437.56;0.22;UNKNOWN
2016-02-22T01:11:45.000000;2016-02-22T01:11:45.000000;5fbc1a22-5420-487c-8801-555ce179c133;437.56;0.22;UNKNOWN
2016-02-22T01:13:00.000000;2016-02-22T01:13:00.000000;5eb22215-d3db-43f8-ab11-922d8e220b5b;437.57;0.46019328;UNKNOWN
2016-02-22T01:13:05.000000;2016-02-22T01:13:05.000000;6728a92c-e536-4571-ad4d-a321c469976e;437.57;1.25;UNKNOWN
2016-02-22T01:13:14.000000;2016-02-22T01:13:14.000000;268c218d-5e1b-42f5-afb2-471f648eb5a3;437.59;0.62187247;UNKNOWN
2016-02-22T01:13:21.000000;2016-02-22T01:13:21.000000;79e0eb28-25e2-49f4-83f6-7f40da4569a4;437.57;2.3;UNKNOWN
2016-02-22T01:13:23.000000;2016-02-22T01:13:23.000000;afa1565f-fd38-48a5-abd0-d604ca3a1e1e;437.6;1.12187247;UNKNOWN
2016-02-22T01:13:23.000000;2016-02-22T01:13:23.000000;f8e33c8b-0f61-4998-96b2-5834e5e11250;437.59;1.37812753;UNKNOWN
2016-02-22T01:13:52.000000;2016-02-22T01:13:52.000000;2fbbd5d6-f653-4338-9a31-aae3b0bfa7b2;437.6;1.0;UNKNOWN
2016-02-22T01:13:57.000000;2016-02-22T01:13:57.000000;b7b98df7-c726-46c7-8ea9-74dc7c6734f3;437.6;1.0;UNKNOWN
2016-02-22T01:14:02.000000;2016-02-22T01:14:02.000000;bfffda9d-edbf-4f78-92f3-729767834367;437.6;1.0;UNKNOWN
2016-02-22T01:14:03.000000;2016-02-22T01:14:03.000000;ba806fef-4edd-4e2d-b187-a4b752af9589;437.6;0.14443;UNKNOWN
2016-02-22T01:14:06.000000;2016-02-22T01:14:06.000000;f0672402-9475-4efe-8520-dffbbfe12d6f;437.6;1.0;UNKNOWN
2016-02-22T01:14:12.000000;2016-02-22T01:14:12.000000;5a5ad760-328c-40e1-aabd-02afe652f630;437.6;1.0;UNKNOWN
2016-02-22T01:14:17.000000;2016-02-22T01:14:17.000000;075fb2de-f755-4124-b9eb-4e192d0823e8;437.57;0.05719091;UNKNOWN
2016-02-22T01:14:18.000000;2016-02-22T01:14:18.000000;21e750c8-ddc5-4cbe-a6f2-570956f7cc48;437.57;0.06863066;UNKNOWN
2016-02-22T01:14:19.000000;2016-02-22T01:14:19.000000;f4d01cbe-4f07-4613-8887-bacbce1f3bbc;437.83;0.26630247;UNKNOWN
2016-02-22T01:14:19.000000;2016-02-22T01:14:19.000000;859b335f-4b2f-4b8a-a495-47e9fb45c8a4;437.6;0.73369753;UNKNOWN
2016-02-22T01:14:21.000000;2016-02-22T01:14:21.000000;5765a66d-7089-4b13-a261-1dfd69e7b516;437.57;2.0;UNKNOWN
2016-02-22T01:15:46.000000;2016-02-22T01:15:46.000000;34f205de-d7ed-4533-a1bd-6530850b4aa3;437.77;2.32017433;UNKNOWN
2016-02-22T01:16:03.000000;2016-02-22T01:16:03.000000;ab139d71-8499-4488-acb3-2b2622038031;437.8;0.1;UNKNOWN
2016-02-22T01:16:05.000000;2016-02-22T01:16:05.000000;114b45c1-991e-4e70-be2d-ebccbb5a1811;437.79;0.35795234;UNKNOWN
2016-02-22T01:16:44.000000;2016-02-22T01:16:44.000000;3a68ece0-7f67-481f-b69e-4a8cfdd7ff4f;437.79;3.52804434;UNKNOWN
2016-02-22T01:17:18.000000;2016-02-22T01:17:18.000000;1bddf255-3967-4bfd-8d17-713904a17f5d;437.79;0.8;UNKNOWN
2016-02-22T01:17:45.000000;2016-02-22T01:17:45.000000;fb2cee44-2a8d-403e-b8e3-d056efc06a93;437.57;1.9804613;UNKNOWN
2016-02-22T01:18:03.000000;2016-02-22T01:18:03.000000;e6ba5dea-1197-4254-985d-a4cb753b0999;437.57;1.2;UNKNOWN
2016-02-22T01:18:05.000000;2016-02-22T01:18:05.000000;aaf8b69b-1c26-4a3b-88e8-890642748ac1;437.57;0.50022568;UNKNOWN
2016-02-22T01:19:19.000000;2016-02-22T01:19:19.000000;3ba0eb6b-23e4-46e2-8ab9-b4252bc0ecaf;437.57;0.31670183;UNKNOWN
2016-02-22T01:19:19.000000;2016-02-22T01:19:19.000000;fa68efb5-34a7-4d0f-b5e3-3b73c40e472e;437.57;0.18329817;UNKNOWN
2016-02-22T01:20:07.000000;2016-02-22T01:20:07.000000;87ecd4f4-8d28-432b-9ab6-850189b5ee54;437.57;0.45294165;UNKNOWN
2016-02-22T01:20:10.000000;2016-02-22T01:20:10.000000;378fd95c-fc0f-4a2e-a683-7d5257cdb6ef;437.57;0.03035652;UNKNOWN
2016-02-22T01:20:13.000000;2016-02-22T01:20:13.000000;b712a44e-62cf-471b-ac74-d875129d1de8;437.57;0.21964348;UNKNOWN
2016-02-22T01:20:17.000000;2016-02-22T01:20:17.000000;abcc83cf-7ce9-41b9-9a60-96fc9ee91c4d;437.56;0.207;UNKNOWN
2016-02-22T01:20:53.000000;2016-02-22T01:20:53.000000;8aa205dc-bc8d-4daa-bfba-2ef512ea83cb;437.56;0.52;UNKNOWN
2016-02-22T01:20:53.000000;2016-02-22T01:20:53.000000;be735919-192a-4e02-9b4b-064b6440ef0a;437.58;0.48;UNKNOWN
2016-02-22T01:21:12.000000;2016-02-22T01:21:12.000000;12a10417-cf02-4c83-82ad-213384ffdc5d;437.54;1.03;UNKNOWN
2016-02-22T01:21:16.000000;2016-02-22T01:21:16.000000;fb47a589-1be6-4415-8c47-df97306799e5;437.33;0.8;UNKNOWN
2016-02-22T01:21:16.000000;2016-02-22T01:21:16.000000;51202dad-3b7c-426d-91d6-1730b291efd4;437.39;1.03;UNKNOWN
2016-02-22T01:21:16.000000;2016-02-22T01:21:16.000000;361dcbda-865c-405c-89b0-0192c38bc8cc;437.2;14.156;UNKNOWN
2016-02-22T01:21:16.000000;2016-02-22T01:21:16.000000;7636256c-524a-46b0-8b74-5ca9c057b724;437.11;0.8;UNKNOWN
2016-02-22T01:21:16.000000;2016-02-22T01:21:16.000000;1591c5a4-4423-433a-aa9b-b4f75e17ee29;437.04;3.204;UNKNOWN
2016-02-22T01:21:16.000000;2016-02-22T01:21:16.000000;838bf1a4-22b9-485e-b777-a6c6136ef673;437.5;0.01;UNKNOWN
2016-02-22T01:21:19.000000;2016-02-22T01:21:19.000000;f3049109-839d-45d6-9203-f9cc14a4b75f;437.04;0.35;UNKNOWN
2016-02-22T01:21:38.000000;2016-02-22T01:21:38.000000;010518eb-3a20-4e8f-b1f5-da3b57e6c824;437.39;0.22654161;UNKNOWN
2016-02-22T01:21:49.000000;2016-02-22T01:21:49.000000;aaf24b69-e1b2-4c3a-b0e1-ee50017b4ad4;437.1;0.71;UNKNOWN
2016-02-22T01:21:54.000000;2016-02-22T01:21:54.000000;52d1dcc2-0f26-4187-8aee-f3c08d2e96f8;437.05;0.04;UNKNOWN
2016-02-22T01:22:00.000000;2016-02-22T01:22:00.000000;3b239fc8-121d-44e2-8ecd-93373e638080;437.04;0.01;UNKNOWN
2016-02-22T01:22:00.000000;2016-02-22T01:22:00.000000;9509c997-a2cf-4fa7-9e10-2eb15167d6e2;437.05;0.74;UNKNOWN
2016-02-22T01:22:00.000000;2016-02-22T01:22:00.000000;527596bc-142b-4b78-bb74-372bcbc5bda3;436.97;3.25;UNKNOWN
2016-02-22T01:22:05.000000;2016-02-22T01:22:05.000000;b60ef9f9-d187-43bc-9263-dd05679ce75d;436.84;14.3599;UNKNOWN
2016-02-22T01:22:05.000000;2016-02-22T01:22:05.000000;81fe5ff2-b3b9-41f2-8637-6a581cc6dfcc;436.91;0.8;UNKNOWN
2016-02-22T01:22:05.000000;2016-02-22T01:22:05.000000;f50ee2e5-39a1-467c-956f-52bc3b45c172;436.86;3.28216798;UNKNOWN
2016-02-22T01:22:05.000000;2016-02-22T01:22:05.000000;2341faae-1c14-4ebf-928c-14e1413a96b0;436.93;3.28249119;UNKNOWN
2016-02-22T01:22:05.000000;2016-02-22T01:22:05.000000;bda5f83c-34e8-4c9b-8334-80258bfe69fe;436.9;0.371;UNKNOWN
2016-02-22T01:22:05.000000;2016-02-22T01:22:05.000000;e8643dc3-d2d6-478e-92c6-0d7f7401aa15;436.94;0.0872;UNKNOWN
2016-02-22T01:22:05.000000;2016-02-22T01:22:05.000000;b1bc6cef-3bd7-4237-a6ba-41c78ad2d915;436.81;0.66279212;UNKNOWN
2016-02-22T01:22:05.000000;2016-02-22T01:22:05.000000;e10ad99d-9a47-4ac7-b586-0b6429de4b99;436.9;0.129;UNKNOWN
2016-02-22T01:22:05.000000;2016-02-22T01:22:05.000000;65a49a83-6bd9-4278-aa7f-78dd1d91f9ad;436.9;3.28256302;UNKNOWN
2016-02-22T01:22:05.000000;2016-02-22T01:22:05.000000;27d6db6f-3d6a-4f1b-b137-f8e1d8cfb311;436.83;3.28249119;UNKNOWN
2016-02-22T01:22:05.000000;2016-02-22T01:22:05.000000;a33f9d6e-141d-4efa-8e19-f1229bdee40c;436.96;0.2;UNKNOWN
2016-02-22T01:22:05.000000;2016-02-22T01:22:05.000000;e22eae58-8053-445a-b3cf-f893a6819a3c;436.94;0.1202;UNKNOWN
2016-02-22T01:22:17.000000;2016-02-22T01:22:17.000000;9369ebe6-526b-4ea6-9d15-32fb65b97c81;436.94;0.15;UNKNOWN
2016-02-22T01:22:43.000000;2016-02-22T01:22:43.000000;c4bb070b-90e2-47ba-a54b-7fbb3ea29353;437.35;1.0;UNKNOWN
2016-02-22T01:22:43.000000;2016-02-22T01:22:43.000000;b55f1fde-177c-4f94-ba49-d61410224e70;436.95;0.94195511;UNKNOWN
2016-02-22T01:22:43.000000;2016-02-22T01:22:43.000000;e4e8b743-90f9-4356-899b-39511ba0af43;436.96;0.5;UNKNOWN
2016-02-22T01:22:44.000000;2016-02-22T01:22:44.000000;56022259-2a41-4bab-92f0-57302d71590c;437.39;0.0128;UNKNOWN
2016-02-22T01:23:05.000000;2016-02-22T01:23:05.000000;1691d00d-ea7b-4e4b-9752-0c0a6dd465a8;437.06;1.448;UNKNOWN
2016-02-22T01:23:06.000000;2016-02-22T01:23:06.000000;0790d0f9-a748-43b9-9581-8b6b09976416;437.39;0.02485601;UNKNOWN
2016-02-22T01:24:06.000000;2016-02-22T01:24:06.000000;7c666360-293c-4f60-b448-927ab7fb0395;437.22;0.02;UNKNOWN
2016-02-22T01:25:57.000000;2016-02-22T01:25:57.000000;408c20c7-9e9c-4052-b2a2-d22e1843f4c2;437.2;0.11449431;UNKNOWN
2016-02-22T01:26:53.000000;2016-02-22T01:26:53.000000;dd98f161-9cd4-48fd-8b88-e2e3e54c0eac;437.38;0.0326;UNKNOWN
2016-02-22T01:26:53.000000;2016-02-22T01:26:53.000000;947c1c4e-8bda-485a-a220-070272cd5f09;437.39;0.3255;UNKNOWN
2016-02-22T01:28:06.000000;2016-02-22T01:28:06.000000;2d0a0bf2-ac99-4335-83b6-53d270bda414;437.38;0.06730581;UNKNOWN
2016-02-22T01:28:27.000000;2016-02-22T01:28:27.000000;69a61a96-128c-4476-8eea-ddfa16ede549;436.57;3.28331746;UNKNOWN
2016-02-22T01:28:27.000000;2016-02-22T01:28:27.000000;9e2695cf-e00c-40a3-8e9c-753bd6f1ced9;436.94;0.1202;UNKNOWN
2016-02-22T01:28:27.000000;2016-02-22T01:28:27.000000;1ecdaa8c-47b9-4a1f-83b4-5eb50e1cf4ac;436.61;0.8;UNKNOWN
2016-02-22T01:28:27.000000;2016-02-22T01:28:27.000000;92982d36-aaa2-452b-bac9-72f6b7112b48;436.94;0.0872;UNKNOWN
2016-02-22T01:28:27.000000;2016-02-22T01:28:27.000000;bf68492c-6972-406b-94ff-fd60feb108a4;436.52;3.28331746;UNKNOWN
2016-02-22T01:28:27.000000;2016-02-22T01:28:27.000000;64fcb379-1088-4b3a-8d3c-ff310737b602;436.52;7.39125597;UNKNOWN
2016-02-22T01:28:27.000000;2016-02-22T01:28:27.000000;68539669-504f-45d9-a96c-0af6c80a8973;436.81;0.13720788;UNKNOWN
2016-02-22T01:28:27.000000;2016-02-22T01:28:27.000000;299fc461-1dc2-4582-b109-639cc6622b6c;436.67;0.45;UNKNOWN
2016-02-22T01:28:27.000000;2016-02-22T01:28:27.000000;13978093-c7b0-41c6-b3d9-6aa98224de23;436.56;3.28170123;UNKNOWN
2016-02-22T01:28:27.000000;2016-02-22T01:28:27.000000;abfe01c4-efa9-4576-8c2e-c091973f9d04;436.63;0.1658;UNKNOWN
2016-02-22T01:28:27.000000;2016-02-22T01:28:27.000000;53116dd3-a30f-4b7a-a317-3171fdb07ca3;436.71;0.8;UNKNOWN
2016-02-22T01:28:27.000000;2016-02-22T01:28:27.000000;c8af079e-c676-4eb3-822d-04fa1f1ba1c6;436.65;0.2;UNKNOWN
2016-02-22T01:28:41.000000;2016-02-22T01:28:41.000000;1f707b0c-2738-43a7-bda8-5bc61318fc0c;436.53;0.47;UNKNOWN
2016-02-22T01:28:41.000000;2016-02-22T01:28:41.000000;86cce54e-8b7a-4adc-8aa3-5ddccc70e6d1;437.02;0.2559;UNKNOWN
2016-02-22T01:28:41.000000;2016-02-22T01:28:41.000000;7b5cc515-44ca-4dd1-9842-89f435d4e8e8;436.51;0.5441;UNKNOWN
2016-02-22T01:28:46.000000;2016-02-22T01:28:46.000000;768182da-bf82-4eee-b1c9-3237edcb86e1;436.5;0.2441;UNKNOWN
2016-02-22T01:28:46.000000;2016-02-22T01:28:46.000000;b746a5c6-9374-48eb-8dbc-ea04a2a93f09;436.51;0.2559;UNKNOWN
2016-02-22T01:28:49.000000;2016-02-22T01:28:49.000000;0a0f8ba8-2fe4-451d-b692-8ff7273c8b7d;436.5;20.0;UNKNOWN
2016-02-22T01:29:06.000000;2016-02-22T01:29:06.000000;f8b97448-d2d4-4135-853a-d080f6e91c45;436.5;1.1504832;UNKNOWN
2016-02-22T01:29:13.000000;2016-02-22T01:29:13.000000;27bffdb4-bdb6-41af-85c1-815ba6a647c2;436.51;4.0;UNKNOWN
2016-02-22T01:29:13.000000;2016-02-22T01:29:13.000000;e0d5ba45-d81a-4371-845d-b208cedd6c92;436.5;0.8054168;UNKNOWN
2016-02-22T01:29:27.000000;2016-02-22T01:29:27.000000;de91c09a-db2b-4087-8707-6c030f742c64;436.41;0.42;UNKNOWN
2016-02-22T01:29:27.000000;2016-02-22T01:29:27.000000;8ee79439-3454-4f69-a5c3-1b1ebc44fee0;436.4;0.26710734;UNKNOWN
2016-02-22T01:30:52.000000;2016-02-22T01:30:52.000000;cb78bb67-84ad-47b6-9bf6-e2cd7a016aca;436.42;0.4999;UNKNOWN
2016-02-22T01:30:58.000000;2016-02-22T01:30:58.000000;f999be65-589d-45ce-9f51-818ea09ab372;436.42;0.06258943;UNKNOWN
2016-02-22T01:31:19.000000;2016-02-22T01:31:19.000000;ad5c8572-bf9d-4985-9a8d-7645990ddddb;436.44;5.0;UNKNOWN
2016-02-22T01:31:26.000000;2016-02-22T01:31:26.000000;fe46a54b-4bfa-4c02-87cc-1b21e7cee4fe;436.4;0.0873;UNKNOWN
2016-02-22T01:31:26.000000;2016-02-22T01:31:26.000000;95ff99dd-491c-43dc-8f45-364819dad7d2;436.4;0.03;UNKNOWN
2016-02-22T01:31:26.000000;2016-02-22T01:31:26.000000;3c15ea43-8c36-4bf3-b24a-ad25559fe08b;436.25;37.2117;UNKNOWN
2016-02-22T01:31:26.000000;2016-02-22T01:31:26.000000;84e0d591-0980-4674-8d48-a5087ad57098;436.4;0.63289266;UNKNOWN
2016-02-22T01:31:26.000000;2016-02-22T01:31:26.000000;54b024b0-b571-4b75-8a53-d1817c0dcd43;436.24;0.90933017;UNKNOWN
2016-02-22T01:31:26.000000;2016-02-22T01:31:26.000000;8ab25733-3783-486f-bb5c-3242a2496798;436.4;0.1204;UNKNOWN
2016-02-22T01:31:26.000000;2016-02-22T01:31:26.000000;8c6d8361-775c-4442-a18c-7aaba4300951;436.4;0.1659;UNKNOWN
2016-02-22T01:31:26.000000;2016-02-22T01:31:26.000000;72d141e5-3d41-4962-9d2a-7a79900b91a6;436.42;1.43751057;UNKNOWN
2016-02-22T01:31:26.000000;2016-02-22T01:31:26.000000;861c4c45-b620-46c3-85d3-6949d9a5a6f7;436.25;0.5;UNKNOWN
2016-02-22T01:32:23.000000;2016-02-22T01:32:23.000000;974bef46-2f35-4941-b1a7-3f7a0f645495;436.53;0.45;UNKNOWN
2016-02-22T01:32:52.000000;2016-02-22T01:32:52.000000;d8b84030-cdaa-4bc5-b253-b38d8bb6dac5;436.53;0.05;UNKNOWN
2016-02-22T01:32:52.000000;2016-02-22T01:32:52.000000;6a25f075-a754-4abf-a3dc-ea28a8690c42;436.54;0.7;UNKNOWN
2016-02-22T01:35:12.000000;2016-02-22T01:35:12.000000;952e75c7-6415-4a99-a976-60e728473f98;436.57;0.3573838;UNKNOWN
2016-02-22T01:35:51.000000;2016-02-22T01:35:51.000000;e7bea452-871d-418f-9d76-42672e072866;436.5;1.7479;UNKNOWN
2016-02-22T01:36:06.000000;2016-02-22T01:36:06.000000;e5cb701c-63fd-4270-988e-b59d369988b7;436.43;1.0;UNKNOWN
2016-02-22T01:38:07.000000;2016-02-22T01:38:07.000000;1893effa-2ec7-4bcb-9517-94e0062a33b5;436.61;0.58580137;UNKNOWN
2016-02-22T01:38:08.000000;2016-02-22T01:38:08.000000;e4d2f4fc-1a91-40c0-a428-6bd410d63cb5;436.81;0.58852587;UNKNOWN
2016-02-22T01:39:07.000000;2016-02-22T01:39:07.000000;ce22c12b-e3d1-4f03-86be-7742f5210471;436.8;0.75678787;UNKNOWN
2016-02-22T01:39:44.000000;2016-02-22T01:39:44.000000;d75fe034-c114-447c-87d1-d0d31d7df691;436.81;5.0;UNKNOWN
2016-02-22T01:39:55.000000;2016-02-22T01:39:55.000000;506905e9-9e43-4d6f-b4f3-3594e5e2e78d;436.81;2.35;UNKNOWN
2016-02-22T01:40:02.000000;2016-02-22T01:40:02.000000;d273300e-add9-4a44-acc8-5fdc59fec6b8;436.81;1.5;UNKNOWN
2016-02-22T01:41:31.000000;2016-02-22T01:41:31.000000;0ca381d9-2535-42a5-a023-a23083eac50f;436.81;1.56147413;UNKNOWN
2016-02-22T01:42:00.000000;2016-02-22T01:42:00.000000;9c0dca6e-636a-426d-b8c7-a179738df58d;436.81;3.0;UNKNOWN
2016-02-22T01:42:00.000000;2016-02-22T01:42:00.000000;8efe87e6-270f-4a4d-a530-c572ec9ad1e1;436.83;8.43852587;UNKNOWN
2016-02-22T01:42:00.000000;2016-02-22T01:42:00.000000;672db899-2cc4-4193-8155-292b555e3c1a;436.8;4.04006821;UNKNOWN
2016-02-22T01:43:05.000000;2016-02-22T01:43:05.000000;4765c635-9d61-43c8-b813-a41b6935e647;436.8;1.47923157;UNKNOWN
2016-02-22T01:43:27.000000;2016-02-22T01:43:27.000000;53d973a5-636f-4144-80c3-0b063c1db1e4;436.8;0.01;UNKNOWN
2016-02-22T01:43:29.000000;2016-02-22T01:43:29.000000;6e8362e3-5d15-48d0-962b-38ed912ad0a7;436.8;0.02;UNKNOWN
2016-02-22T01:43:32.000000;2016-02-22T01:43:32.000000;928cc75e-caeb-4877-b00f-3d521bf8a739;436.8;0.01;UNKNOWN
2016-02-22T01:43:34.000000;2016-02-22T01:43:34.000000;dd8f85b3-66d3-401c-abe3-042dac594f5e;436.8;0.01;UNKNOWN
2016-02-22T01:43:37.000000;2016-02-22T01:43:37.000000;a3a66bb5-d24d-4e50-82fb-addb0f65eb01;436.8;0.01;UNKNOWN
2016-02-22T01:43:39.000000;2016-02-22T01:43:39.000000;a4dfca16-5f30-4385-9d55-8e8dad08f6d9;436.8;0.01;UNKNOWN
2016-02-22T01:43:41.000000;2016-02-22T01:43:41.000000;5e9e1415-7d53-4c51-8dc3-df705c16536f;436.8;0.01;UNKNOWN
2016-02-22T01:43:43.000000;2016-02-22T01:43:43.000000;299538be-e1d1-482d-8938-0819477d0056;436.8;0.01;UNKNOWN
2016-02-22T01:43:45.000000;2016-02-22T01:43:45.000000;2ebeda1c-1a01-43e6-82e1-4635ef0764c5;436.8;0.02;UNKNOWN
2016-02-22T01:43:49.000000;2016-02-22T01:43:49.000000;fee16444-6daa-4b1f-953b-5b69c3805289;436.8;0.01;UNKNOWN
2016-02-22T01:43:51.000000;2016-02-22T01:43:51.000000;9cff27bd-eda2-4201-8054-93e145a28c3e;436.8;0.01;UNKNOWN
2016-02-22T01:43:52.000000;2016-02-22T01:43:52.000000;c6a9ab54-e049-4bdf-9054-fa0ae1e251ed;436.8;0.01;UNKNOWN
2016-02-22T01:43:55.000000;2016-02-22T01:43:55.000000;9080b6b0-9574-46d3-a724-1a9ea601b6a5;436.8;0.01;UNKNOWN
2016-02-22T01:43:58.000000;2016-02-22T01:43:58.000000;2d0747af-e2e9-4c33-a341-9b7822d35d66;436.8;0.01;UNKNOWN
2016-02-22T01:44:00.000000;2016-02-22T01:44:00.000000;ed4ccd50-f01b-49aa-9529-58fd65996c91;436.8;0.01;UNKNOWN
2016-02-22T01:44:03.000000;2016-02-22T01:44:03.000000;7c24f27a-e390-4257-a219-0e6e2e870bf7;436.8;0.01;UNKNOWN
2016-02-22T01:44:05.000000;2016-02-22T01:44:05.000000;4dcfba5a-57f6-4634-bdec-acef2d1f246c;436.8;0.01;UNKNOWN
2016-02-22T01:44:05.000000;2016-02-22T01:44:05.000000;eb457c97-88e8-44b8-a0a6-a15f6bf63b91;436.8;2.8737;UNKNOWN
2016-02-22T01:44:09.000000;2016-02-22T01:44:09.000000;dc2f6cfe-36cf-4648-ace5-2564b804f503;436.8;0.01;UNKNOWN
2016-02-22T01:44:11.000000;2016-02-22T01:44:11.000000;e25afae0-e143-49cc-bc95-31db68e50843;436.8;0.03;UNKNOWN
2016-02-22T01:44:13.000000;2016-02-22T01:44:13.000000;e3eaf875-6ba7-4bbc-9cac-7f5a54d5868c;436.8;0.03;UNKNOWN
2016-02-22T01:44:15.000000;2016-02-22T01:44:15.000000;422c9a63-4746-459d-b1d5-edc9e8eb9005;436.8;0.01;UNKNOWN
2016-02-22T01:44:17.000000;2016-02-22T01:44:17.000000;59e249a1-3e24-42e3-8f9d-e6167ee1b617;436.8;0.01;UNKNOWN
2016-02-22T01:44:39.000000;2016-02-22T01:44:39.000000;de96d869-6da8-46eb-ae62-64086821aef1;436.97;0.5;UNKNOWN
2016-02-22T01:44:39.000000;2016-02-22T01:44:39.000000;42c38828-99d9-403c-9e01-a000a2c175ac;436.96;0.5;UNKNOWN
2016-02-22T01:46:38.000000;2016-02-22T01:46:38.000000;0d8e44ad-404d-48d2-8ec1-107a88d7554e;436.94;0.25453966;UNKNOWN
2016-02-22T01:47:10.000000;2016-02-22T01:47:10.000000;4c93cf5c-75d8-4d47-9efe-efc28c5292a1;436.81;42.8025;UNKNOWN
2016-02-22T01:47:10.000000;2016-02-22T01:47:10.000000;260f04a3-4e9a-43dd-bbb9-d7e0b0db1235;436.8;18.0;UNKNOWN
2016-02-22T01:47:10.000000;2016-02-22T01:47:10.000000;982e53c9-ce67-4fe7-8cda-b09ba0a9320c;436.94;14.50286034;UNKNOWN
2016-02-22T01:47:10.000000;2016-02-22T01:47:10.000000;634dca5a-b71c-4283-9b47-85afb5738c3c;436.8;1.0;UNKNOWN
2016-02-22T01:47:10.000000;2016-02-22T01:47:10.000000;bf9ea5ff-9aec-4509-9529-bb1adbe59edd;436.8;15.57021235;UNKNOWN
2016-02-22T01:47:13.000000;2016-02-22T01:47:13.000000;9084c9f4-38fa-4eaa-a90e-01543ea5b4a5;436.8;1.59;UNKNOWN
2016-02-22T01:47:13.000000;2016-02-22T01:47:13.000000;228480a2-dbb9-4631-82ed-2db72d55ac39;436.8;18.41;UNKNOWN
2016-02-22T01:47:17.000000;2016-02-22T01:47:17.000000;19efe60d-0538-450b-b722-b820da04ca38;436.64;0.18327475;UNKNOWN
2016-02-22T01:47:28.000000;2016-02-22T01:47:28.000000;50c986e6-5f3b-481f-9968-d6c7c5a03506;436.79;0.04;UNKNOWN
2016-02-22T01:47:39.000000;2016-02-22T01:47:39.000000;cb63efa1-fbef-491f-8681-7ce399231b84;436.79;15.0;UNKNOWN
2016-02-22T01:47:48.000000;2016-02-22T01:47:48.000000;9e01232d-2b90-4529-b115-f1bd6050728a;436.76;0.03894588;UNKNOWN
2016-02-22T01:47:49.000000;2016-02-22T01:47:49.000000;bd336318-e29d-44e1-ae6a-4df7ccb4ddac;436.8;3.5;UNKNOWN
2016-02-22T01:48:12.000000;2016-02-22T01:48:12.000000;b708ee24-89dc-4f86-808d-4067354e1986;436.77;0.08;UNKNOWN
2016-02-22T01:48:37.000000;2016-02-22T01:48:37.000000;e65da2eb-e7dd-4998-be9a-6ef7ebec9171;436.61;3.72404474;UNKNOWN
2016-02-22T01:48:37.000000;2016-02-22T01:48:37.000000;e1b5feed-b26c-4ecf-b6f8-b9e0264b380f;436.76;0.5;UNKNOWN
2016-02-22T01:48:37.000000;2016-02-22T01:48:37.000000;30eee6fd-e133-44ab-bcd3-67e59e8e295d;436.76;3.0;UNKNOWN
2016-02-22T01:48:37.000000;2016-02-22T01:48:37.000000;013068f3-7253-40f6-8782-c0277e54e3f2;436.75;13.6853;UNKNOWN
2016-02-22T01:48:37.000000;2016-02-22T01:48:37.000000;b1564f70-0d55-43f5-b277-98c2b3436a75;436.63;2.0;UNKNOWN
2016-02-22T01:49:18.000000;2016-02-22T01:49:18.000000;c552f524-e265-477b-9455-41755b0bc203;436.76;0.5;UNKNOWN
2016-02-22T01:49:18.000000;2016-02-22T01:49:18.000000;024a034e-fb1c-4b5d-8071-c84d2110796f;436.74;3.02931248;UNKNOWN
2016-02-22T01:49:18.000000;2016-02-22T01:49:18.000000;b1dfee9a-8ab6-4d9b-a00a-c1b5d31fce70;436.75;3.0;UNKNOWN
2016-02-22T01:49:27.000000;2016-02-22T01:49:27.000000;4f4b8dd5-fed4-4e1f-ae1c-9e069498f180;436.77;0.02292298;UNKNOWN
2016-02-22T01:49:38.000000;2016-02-22T01:49:38.000000;2a7123bf-f3e4-4b7f-88f2-3e183e428433;436.77;0.11358422;UNKNOWN
2016-02-22T01:50:19.000000;2016-02-22T01:50:19.000000;22ae524f-1ec7-4e14-be2d-17703a642f9e;436.77;5.0;UNKNOWN
2016-02-22T01:51:04.000000;2016-02-22T01:51:04.000000;bba9d95b-979a-4ddd-ba07-13e06d3aa7ae;436.77;9.7995928;UNKNOWN
2016-02-22T01:51:04.000000;2016-02-22T01:51:04.000000;cad8d018-23b5-4e25-8389-3da144d23966;436.76;1.0;UNKNOWN
2016-02-22T01:51:05.000000;2016-02-22T01:51:05.000000;8c835a38-9383-40a1-a556-7b74ef22dd90;436.63;0.175;UNKNOWN
2016-02-22T01:51:07.000000;2016-02-22T01:51:07.000000;1ec950dd-ef14-421a-85ac-45c7e058bd4f;436.64;0.06806724;UNKNOWN
2016-02-22T01:53:31.000000;2016-02-22T01:53:31.000000;d6bc646c-fbfa-4e1a-9696-5956bdf0d6b0;436.74;0.15;UNKNOWN
2016-02-22T01:54:06.000000;2016-02-22T01:54:06.000000;a2219883-4533-452c-8f88-f60045084311;436.74;0.03000444;UNKNOWN
2016-02-22T01:58:05.000000;2016-02-22T01:58:05.000000;7b18c11e-6a44-49aa-a548-ec9baf41862b;436.66;0.2;UNKNOWN
2016-02-22T01:59:06.000000;2016-02-22T01:59:06.000000;754eb897-ab17-495a-8e18-e7c38be8e610;436.73;2.04432418;UNKNOWN
2016-02-22T01:59:35.000000;2016-02-22T01:59:35.000000;d6269af6-4b76-4ccb-9eab-89755e1763d6;436.74;0.56316267;UNKNOWN
2016-02-22T01:59:38.000000;2016-02-22T01:59:38.000000;54d55a13-2026-4c0f-a91b-f0d3fabdeed5;436.71;0.02028948;UNKNOWN
2016-02-22T01:59:48.000000;2016-02-22T01:59:48.000000;f4da059b-4329-4826-a8a5-6a40afa14846;436.66;0.02292403;UNKNOWN
2016-02-22T02:00:38.000000;2016-02-22T02:00:38.000000;64871d5d-ca60-430d-84c5-798419f236b8;436.71;0.03233933;UNKNOWN
2016-02-22T02:02:00.000000;2016-02-22T02:02:00.000000;9fdef67e-389e-42a5-ac94-3e8eca181d42;436.71;1.0;UNKNOWN
2016-02-22T02:04:47.000000;2016-02-22T02:04:47.000000;4c34fdff-eda4-4bf3-b5ef-cf5a8a75cdeb;436.71;1.5;UNKNOWN
2016-02-22T02:05:16.000000;2016-02-22T02:05:16.000000;0a7bbca3-7d8f-4efc-aece-b793ace477a7;436.71;2.0;UNKNOWN
2016-02-22T02:05:26.000000;2016-02-22T02:05:26.000000;9a76721b-69a6-4618-910a-ea8f07fb1eea;436.66;1.77707597;UNKNOWN
2016-02-22T02:05:26.000000;2016-02-22T02:05:26.000000;bcc85071-cea8-4d05-bd4b-376fb419d844;436.71;0.46766067;UNKNOWN
2016-02-22T02:05:30.000000;2016-02-22T02:05:30.000000;cacb180d-ba4a-4722-93c7-83a5b0b0251c;436.25;0.5464;UNKNOWN
2016-02-22T02:05:30.000000;2016-02-22T02:05:30.000000;7557c319-809a-4dfb-9163-3cd0676d004d;436.4;0.04;UNKNOWN
2016-02-22T02:05:30.000000;2016-02-22T02:05:30.000000;9ed6e16d-6fcb-4c89-b9ff-5aa03ca66b47;436.3;0.04;UNKNOWN
2016-02-22T02:05:30.000000;2016-02-22T02:05:30.000000;a1863ba5-be66-42de-8abf-533947d77668;436.4;0.0873;UNKNOWN
2016-02-22T02:05:30.000000;2016-02-22T02:05:30.000000;c069efd2-ee66-4ea2-828f-247db0b42728;436.4;0.1659;UNKNOWN
2016-02-22T02:05:30.000000;2016-02-22T02:05:30.000000;2a07467b-637f-4f95-ac44-49ba53f3c55e;436.4;0.1204;UNKNOWN
2016-02-22T02:05:32.000000;2016-02-22T02:05:32.000000;96703f50-b7ed-4f6f-82fe-c59d9a2152a0;436.25;0.21129621;UNKNOWN
2016-02-22T02:05:33.000000;2016-02-22T02:05:33.000000;84153ebc-2b1a-4657-8c4f-d08be836065f;436.25;0.46766;UNKNOWN
2016-02-22T02:05:37.000000;2016-02-22T02:05:37.000000;a504f829-6b98-41e8-9d70-c5b9c7de0106;436.25;0.196;UNKNOWN
2016-02-22T02:05:47.000000;2016-02-22T02:05:47.000000;0af6177e-70aa-410f-a4e0-c7620f6290b6;436.15;0.1006;UNKNOWN
2016-02-22T02:05:47.000000;2016-02-22T02:05:47.000000;f71afd12-43d2-43ca-bb71-986127f112e5;436.2;0.04;UNKNOWN
2016-02-22T02:05:47.000000;2016-02-22T02:05:47.000000;f85d6f7d-db42-4d45-a516-7b605085de27;436.25;0.57864379;UNKNOWN
2016-02-22T02:05:47.000000;2016-02-22T02:05:47.000000;c059afdb-d525-46ad-a22a-4fb69b407d94;436.13;0.48075621;UNKNOWN
2016-02-22T02:05:47.000000;2016-02-22T02:05:47.000000;a158d304-8e5a-4453-8d0c-90751f5868a6;436.22;0.8;UNKNOWN
2016-02-22T02:05:56.000000;2016-02-22T02:05:56.000000;b9bd12b3-f067-48b8-aa3f-5563099d60a1;436.0;5.34075621;UNKNOWN
2016-02-22T02:05:56.000000;2016-02-22T02:05:56.000000;4249c7e7-c6ac-433b-93f9-690573dd10cb;436.1;0.04;UNKNOWN
2016-02-22T02:05:56.000000;2016-02-22T02:05:56.000000;7533fdd5-d131-4729-b67a-fd30f1cce88c;436.0;0.1;UNKNOWN
2016-02-22T02:05:56.000000;2016-02-22T02:05:56.000000;c98fd710-6933-4476-919a-064373346889;436.13;4.51924379;UNKNOWN
2016-02-22T02:05:57.000000;2016-02-22T02:05:57.000000;6a4a097c-e3a6-486f-ab49-94a9dbb9f7cf;436.0;1.0;UNKNOWN
2016-02-22T02:06:03.000000;2016-02-22T02:06:03.000000;e045c2ec-5f70-4bc7-a342-a0b03070bc9c;436.0;3.5;UNKNOWN
2016-02-22T02:06:03.000000;2016-02-22T02:06:03.000000;ad9ebce8-699f-4940-807a-306fcb391e99;436.0;0.5;UNKNOWN
2016-02-22T02:06:03.000000;2016-02-22T02:06:03.000000;0e215cb7-e894-4722-b839-f4e66bab463c;436.0;10.0;UNKNOWN
