time_exchange;time_coinpai;guid;price;base_amount;taker_side
2016-01-22T00:00:30.203000;2016-01-22T00:00:30.263000;ec7d00e4-0b55-4a9e-8eb6-1c93b08917ed;409.02;0.01404732;BUY
2016-01-22T00:00:31.730000;2016-01-22T00:00:31.797000;c88eaf37-59bb-4d51-a215-e5b19b4fb285;409.02;1.29895268;BUY
2016-01-22T00:00:31.730000;2016-01-22T00:00:31.810000;48d53414-55c7-40d2-b896-7558f457d3cb;409.02;0.859;BUY
2016-01-22T00:00:31.730000;2016-01-22T00:00:31.810000;7a76f1ae-7bd8-4c97-aff5-f76fd5879782;409.02;0.03;BUY
2016-01-22T00:00:31.730000;2016-01-22T00:00:31.810000;f4e90a56-b798-4634-945a-aea2f5f70b5c;409.02;0.08;BUY
2016-01-22T00:00:31.730000;2016-01-22T00:00:31.810000;ded66d83-b466-4c8e-822f-b8c63fb836a0;409.02;0.02;BUY
2016-01-22T00:00:31.730000;2016-01-22T00:00:31.810000;be208417-595f-4921-9a80-e69f84492dc8;409.06;0.13596732;BUY
2016-01-22T00:01:01.797000;2016-01-22T00:01:01.857000;ebfe6c6e-ead5-4fd6-b81d-ad33ddafb9bc;409.03;0.33534;BUY
2016-01-22T00:01:08.527000;2016-01-22T00:01:08.577000;cca9e8e2-649e-472a-a0d5-b4f45314f762;409.01;0.01;SELL
2016-01-22T00:01:13.490000;2016-01-22T00:01:13.547000;a0c6caec-c3e1-451f-a63f-d24045fc85f5;409.0;0.25;SELL
2016-01-22T00:01:16.877000;2016-01-22T00:01:16.920000;b85942c3-4ff8-43b2-8cdc-b7d7379bda6a;408.99;0.015;SELL
2016-01-22T00:01:25.583000;2016-01-22T00:01:25.657000;1fd86dc7-f30f-4f1e-b378-6f7853818d61;408.96;0.01;SELL
2016-01-22T00:01:28.313000;2016-01-22T00:01:28.373000;71717c51-2ed0-4ce8-88cb-dc17991fc03f;408.95;0.01;SELL
2016-01-22T00:01:31.560000;2016-01-22T00:01:31.640000;8ac3dc53-aca8-4deb-9335-3ba2bb39a022;408.7;0.64423;BUY
2016-01-22T00:01:31.650000;2016-01-22T00:01:31.703000;1a394acb-b14c-47d1-8052-21a45b06fdb8;408.7;0.015;BUY
2016-01-22T00:02:31.993000;2016-01-22T00:02:32.047000;72b34744-198f-4d76-93f8-c19ccdb589be;408.68;0.76284;BUY
2016-01-22T00:03:01.403000;2016-01-22T00:03:01.453000;995da133-9ce0-4355-9941-83ebc4fc782c;408.69;0.05015;BUY
2016-01-22T00:03:31.813000;2016-01-22T00:03:31.873000;ce4bfc1d-cdaf-4ffc-af7f-46a989a2bf88;408.68;0.592;BUY
2016-01-22T00:03:31.813000;2016-01-22T00:03:31.873000;3e5c7599-0773-4f88-9fe2-54d6de64e6a5;408.71;1.355;BUY
2016-01-22T00:03:31.813000;2016-01-22T00:03:31.873000;bd91e008-d623-4177-a6e2-80e4b6f56e14;408.72;0.1244;BUY
2016-01-22T00:04:01.703000;2016-01-22T00:04:01.750000;09cec160-2ae9-4435-8832-5238ace9e602;408.71;0.08716;BUY
2016-01-22T00:04:31.363000;2016-01-22T00:04:31.420000;a7bc0b99-b00b-4f0d-bd00-36b70ccdb868;408.74;0.05144;BUY
2016-01-22T00:04:56.947000;2016-01-22T00:04:57.000000;8569dfca-9a4f-4039-82e5-e488130ac2d8;408.75;0.648;BUY
2016-01-22T00:04:56.947000;2016-01-22T00:04:57.030000;827ecf0f-5737-4a0c-be78-d7c4ebcc7291;408.76;0.352;BUY
2016-01-22T00:05:01.680000;2016-01-22T00:05:01.717000;fbc3ae8f-b729-481c-a7ab-091dbd75f2f7;408.77;0.58742;BUY
2016-01-22T00:05:32.530000;2016-01-22T00:05:32.577000;f6d3f352-d7e9-4ed6-bd2b-93acb3110298;408.79;0.148;BUY
2016-01-22T00:05:32.530000;2016-01-22T00:05:32.577000;15e146cc-97e1-496f-849d-97dfb7bf2664;408.81;0.119;BUY
2016-01-22T00:05:32.530000;2016-01-22T00:05:32.593000;e3f2cdcd-f74a-47b5-82d7-d19e90a808c7;408.84;0.12101;BUY
2016-01-22T00:06:01.470000;2016-01-22T00:06:01.513000;403f8c01-69e4-4077-b286-20e25b065f84;408.79;1.472;BUY
2016-01-22T00:06:01.470000;2016-01-22T00:06:01.530000;696c3b64-64b9-4328-bdf2-864069e6c075;408.79;0.52914;BUY
2016-01-22T00:06:31.707000;2016-01-22T00:06:31.750000;9e8ddd03-df74-42c9-a2df-40fadbdf2f46;408.72;0.01;SELL
2016-01-22T00:06:31.707000;2016-01-22T00:06:31.780000;b9d8a1ad-9deb-4fbd-b0f3-6a3eae7488ab;408.72;0.32;SELL
2016-01-22T00:06:31.707000;2016-01-22T00:06:31.780000;3271c2fa-3caa-44b4-bd80-541361fe9526;408.67;0.01;SELL
2016-01-22T00:06:31.707000;2016-01-22T00:06:31.780000;7c5c230c-0de8-4e5a-8506-c4ca12a14cde;408.67;0.095;SELL
2016-01-22T00:06:31.707000;2016-01-22T00:06:31.780000;0277a988-1f00-4b42-9817-9024523473f0;408.66;0.67258393;SELL
2016-01-22T00:06:31.707000;2016-01-22T00:06:31.780000;0f596140-2a59-44fa-aa76-16466e06186f;408.65;0.32999999;SELL
2016-01-22T00:06:31.707000;2016-01-22T00:06:31.780000;96ae3294-fda7-44a8-8f6e-eec020f17f7d;408.58;0.103;SELL
2016-01-22T00:06:31.707000;2016-01-22T00:06:31.780000;1998df53-7d29-4010-9bd7-3bd2c5281456;408.57;0.83551393;SELL
2016-01-22T00:06:31.707000;2016-01-22T00:06:31.810000;8adffaf4-c084-48e9-a809-529c2274913c;408.57;0.134;SELL
2016-01-22T00:06:31.707000;2016-01-22T00:06:31.810000;f0e65c3e-0c58-4a70-b419-7db9bf57637f;408.54;0.01;SELL
2016-01-22T00:06:31.707000;2016-01-22T00:06:31.843000;a9cecd80-499e-4246-9607-dafe4c7ea54a;408.52;0.073;SELL
2016-01-22T00:06:31.707000;2016-01-22T00:06:31.843000;3eda3f2a-055c-4694-ba21-4af5db81b583;408.48;0.85551393;SELL
2016-01-22T00:06:31.710000;2016-01-22T00:06:31.843000;56540468-7b57-4a11-a146-8f23ac434176;408.44;1.645;SELL
2016-01-22T00:06:31.710000;2016-01-22T00:06:31.843000;cf7643ae-7358-465d-b38e-09bcf5b09a16;408.39;0.85551393;SELL
2016-01-22T00:06:31.710000;2016-01-22T00:06:31.873000;ae052c14-d5de-4cbe-986b-59bf311410a0;408.37;1.601;SELL
2016-01-22T00:06:31.710000;2016-01-22T00:06:31.873000;b4892cb5-e579-420f-964a-50471c9135c3;408.3;0.00601393;SELL
2016-01-22T00:06:31.710000;2016-01-22T00:06:31.873000;7f33981c-aca3-403a-bf90-717c1379dc21;408.3;0.198;SELL
2016-01-22T00:06:31.710000;2016-01-22T00:06:31.873000;d922384a-b0f6-4f48-8d6a-f62c24de740b;408.29;0.01;SELL
2016-01-22T00:06:31.710000;2016-01-22T00:06:31.873000;8c04c2ca-1440-4596-80da-34828967039d;408.23;0.02;SELL
2016-01-22T00:06:31.710000;2016-01-22T00:06:31.873000;95ef17fb-a244-4bc9-922e-016245f241d6;408.21;0.85551393;SELL
2016-01-22T00:06:31.710000;2016-01-22T00:06:31.873000;2e5d63b8-b7d6-4cec-b029-91e976744672;408.19;0.209;SELL
2016-01-22T00:06:31.710000;2016-01-22T00:06:31.873000;e99acd55-f896-4bd8-b875-6c79b8d95d66;408.18;0.8;SELL
2016-01-22T00:06:31.710000;2016-01-22T00:06:31.873000;c6654974-797d-4301-bffa-9151639e54ef;408.14;1.02150643;SELL
2016-01-22T00:07:01.337000;2016-01-22T00:07:01.373000;c1e640af-6151-467a-aa65-df65ec827d0b;408.52;0.015;BUY
2016-01-22T00:07:01.337000;2016-01-22T00:07:01.390000;b5e2dace-914d-406a-af65-e4d0ff2b55ae;408.55;0.092;BUY
2016-01-22T00:07:01.337000;2016-01-22T00:07:01.390000;1bb4cb60-077a-48ce-86b0-c1d59685b7a6;408.57;0.015;BUY
2016-01-22T00:07:01.337000;2016-01-22T00:07:01.390000;16011a92-c191-4ed6-9f74-f5a320b9bd86;408.6;0.104;BUY
2016-01-22T00:07:01.337000;2016-01-22T00:07:01.407000;f9e2458c-ad6e-4fa4-a44c-777bbb9a5e68;408.61;0.13;BUY
2016-01-22T00:07:01.337000;2016-01-22T00:07:01.407000;b7c49fef-5ce5-4ba2-b02b-395f9420040f;408.62;0.015;BUY
2016-01-22T00:07:01.337000;2016-01-22T00:07:01.407000;51f679ec-4174-46ed-b728-9fa164f9d48d;408.62;0.688;BUY
2016-01-22T00:07:01.337000;2016-01-22T00:07:01.407000;cf13268d-70a1-4020-81b5-50f8cd6b8d63;408.62;0.299;BUY
2016-01-22T00:07:31.267000;2016-01-22T00:07:31.310000;c9e494b8-28d3-41e1-8429-83a530847f41;408.55;0.35;SELL
2016-01-22T00:07:31.267000;2016-01-22T00:07:31.327000;da710443-93bc-41b1-99c1-b83eebdb643a;408.54;0.015;SELL
2016-01-22T00:07:31.267000;2016-01-22T00:07:31.327000;3bcd59b3-c3a8-4959-9c8b-d40a1b8d942a;408.54;0.015;SELL
2016-01-22T00:07:31.267000;2016-01-22T00:07:31.327000;6c01a9c2-5bd2-4f01-9361-91c9f4c807bc;408.52;0.117;SELL
2016-01-22T00:07:31.267000;2016-01-22T00:07:31.343000;23fd32f3-e65f-4ced-82fd-05057ceca69c;408.49;0.015;SELL
2016-01-22T00:07:31.267000;2016-01-22T00:07:31.407000;26ea4223-1b67-4009-9080-2a435e66a858;408.48;0.015;SELL
2016-01-22T00:07:31.267000;2016-01-22T00:07:31.407000;cca2e19b-5b91-4a32-914a-e8ca1898e71b;408.42;0.089;SELL
2016-01-22T00:07:31.267000;2016-01-22T00:07:31.407000;84fb61bc-6e5f-4c55-a710-a5ad99f92d09;408.4;0.072;SELL
2016-01-22T00:07:31.267000;2016-01-22T00:07:31.407000;5fcda6ee-6f36-4f33-96bd-de1c414b3e31;408.38;0.101;SELL
2016-01-22T00:07:31.267000;2016-01-22T00:07:31.407000;35949295-2960-4e47-add8-6558a1f521e3;408.36;0.102;SELL
2016-01-22T00:07:31.267000;2016-01-22T00:07:31.407000;26618b59-ab23-436d-bd2c-c7f03bd65e7b;408.34;0.015;SELL
2016-01-22T00:07:31.267000;2016-01-22T00:07:31.407000;aff6ccb5-e3a5-4827-9247-176e4297630e;408.34;0.015;SELL
2016-01-22T00:07:31.267000;2016-01-22T00:07:31.407000;c25d77b2-a0ce-41a1-9d63-e107272c3956;408.34;0.1;SELL
2016-01-22T00:07:31.267000;2016-01-22T00:07:31.407000;c2f8be47-bbf2-4917-8891-add4142c4b24;408.29;0.015;SELL
2016-01-22T00:07:31.267000;2016-01-22T00:07:31.407000;4401b7b3-cca0-42e6-bd27-ef31448d711f;408.29;0.01;SELL
2016-01-22T00:07:31.267000;2016-01-22T00:07:31.407000;cfd2cced-0f35-49de-9ca7-b2b6f3301778;408.24;0.015;SELL
2016-01-22T00:07:31.270000;2016-01-22T00:07:31.407000;6ad8cf6a-8f8f-4c67-86b4-080c03f7cac3;408.24;0.091;SELL
2016-01-22T00:07:31.270000;2016-01-22T00:07:31.407000;5f6a1417-b1b8-4915-9cb5-d355540b627b;408.13;0.015;SELL
2016-01-22T00:07:31.270000;2016-01-22T00:07:31.407000;f340d30f-f448-4fd5-aa3a-793b034f69d0;408.13;0.52;SELL
2016-01-22T00:07:31.270000;2016-01-22T00:07:31.407000;2acd94e6-8881-4d61-9767-de861a4748b6;408.12;0.85551393;SELL
2016-01-22T00:07:31.270000;2016-01-22T00:07:31.437000;9dd51e8b-a26e-4ee1-b180-8b35bac5e77b;408.11;0.01;SELL
2016-01-22T00:07:31.270000;2016-01-22T00:07:31.437000;196cf021-c4f0-415d-8218-13bccf49d969;408.11;0.1;SELL
2016-01-22T00:07:31.270000;2016-01-22T00:07:31.437000;3de1c932-6f77-47ab-884b-179bb13eca68;408.09;1.17;SELL
2016-01-22T00:07:31.270000;2016-01-22T00:07:31.437000;4b13f7c0-3c4a-4cc6-b5fa-c9a7ea099336;408.08;0.188;SELL
2016-01-22T00:07:31.270000;2016-01-22T00:07:31.437000;4536a996-c029-4d6e-9b28-4c49dc843e79;408.08;1.48175607;SELL
2016-01-22T00:07:49.747000;2016-01-22T00:07:49.797000;f2d95905-3200-4000-8489-7ce611f1f959;408.29;0.01;SELL
2016-01-22T00:07:49.747000;2016-01-22T00:07:49.797000;4fea6ae0-7d2b-4871-9a36-89d92b85f44a;408.28;0.01;SELL
2016-01-22T00:07:49.747000;2016-01-22T00:07:49.797000;a6b10a50-01ff-4c80-a997-b28f2673276b;408.27;0.098;SELL
2016-01-22T00:07:49.747000;2016-01-22T00:07:49.797000;3fd619ef-b02c-471a-8c33-cfcb77cc1516;408.24;0.169;SELL
2016-01-22T00:07:49.747000;2016-01-22T00:07:49.810000;621528a2-786d-4e39-9b46-3484edd28b2d;408.22;0.713;SELL
2016-01-22T00:08:01.633000;2016-01-22T00:08:01.670000;d1ae7bac-121a-4b68-ab71-7762227f1eb7;408.42;0.015;BUY
2016-01-22T00:08:01.633000;2016-01-22T00:08:01.687000;bb37106f-556f-4013-a85b-c6c8125d9b1c;408.46;0.015;BUY
2016-01-22T00:08:01.633000;2016-01-22T00:08:01.687000;22b3f2ab-c5a4-495b-a2a1-16435b5de844;408.47;0.015;BUY
2016-01-22T00:08:01.633000;2016-01-22T00:08:01.717000;24d73a3c-0c1e-4377-bef9-c0436acfb79e;408.51;0.015;BUY
2016-01-22T00:08:01.633000;2016-01-22T00:08:01.717000;4ab48189-8509-471f-a2b5-ca04dce01b66;408.52;0.015;BUY
2016-01-22T00:08:01.633000;2016-01-22T00:08:01.717000;917d0b3b-8124-4821-a527-b31628df80c7;408.55;0.26;BUY
2016-01-22T00:08:01.633000;2016-01-22T00:08:01.717000;348385d8-6d26-4652-baaa-91e5b8a10569;408.56;0.01;BUY
2016-01-22T00:08:01.633000;2016-01-22T00:08:01.717000;b776af2d-e767-48a6-ac2a-a660c518dfda;408.57;0.53059;BUY
2016-01-22T00:08:08.357000;2016-01-22T00:08:08.390000;48f6fd76-6131-4992-b161-48c87a4648a7;408.58;0.015;BUY
2016-01-22T00:08:08.357000;2016-01-22T00:08:08.390000;e674b97d-4262-43dd-9501-7a60425ab72b;408.58;0.015;BUY
2016-01-22T00:08:08.357000;2016-01-22T00:08:08.407000;f733e83b-bdd2-4df5-af34-a8122cdc46a7;408.58;0.01545079;BUY
2016-01-22T00:08:11.457000;2016-01-22T00:08:11.500000;0769f5ff-046b-410e-8fe4-9440f4b755ac;408.57;0.03;BUY
2016-01-22T00:08:31.937000;2016-01-22T00:08:31.967000;9153b52c-53a5-4c12-86f7-9270f94003a1;408.52;0.015;BUY
2016-01-22T00:08:31.937000;2016-01-22T00:08:31.983000;3d1e1276-6473-46fa-9e98-7b7fa148b565;408.53;0.0026;BUY
2016-01-22T00:09:04.510000;2016-01-22T00:09:04.560000;ae32d970-d2ff-458d-9e7e-62cb839282f2;408.36;0.05116;SELL
2016-01-22T00:09:31.913000;2016-01-22T00:09:31.967000;bca14b49-a5c9-41b0-b502-baa0cabd8ca9;408.35;0.01;SELL
2016-01-22T00:09:31.913000;2016-01-22T00:09:31.967000;e5eb9e98-6f52-4ee2-b8cb-e6209f3501f2;408.35;0.01;SELL
2016-01-22T00:09:31.913000;2016-01-22T00:09:31.967000;acbeda6c-477b-49ea-8eb9-e28daa02630d;408.34;0.015;SELL
2016-01-22T00:09:31.913000;2016-01-22T00:09:31.967000;71d5b364-75aa-42fc-8f48-15a2536e035a;408.34;0.129;SELL
2016-01-22T00:09:31.913000;2016-01-22T00:09:31.967000;a9db0aea-7a43-4e35-a5a2-37e6658809da;408.31;0.015;SELL
2016-01-22T00:09:31.913000;2016-01-22T00:09:31.983000;805adabe-66a0-4d56-a174-ece908b9117a;408.29;0.00591;SELL
2016-01-22T00:10:02.460000;2016-01-22T00:10:02.483000;4c483792-6e63-4819-81aa-c181f7b28c79;408.46;0.015;BUY
2016-01-22T00:10:02.460000;2016-01-22T00:10:02.500000;f119f6f5-4b4b-49f6-8f43-339cbdd198cc;408.46;0.015;BUY
2016-01-22T00:10:02.460000;2016-01-22T00:10:02.500000;e3bda07c-2da5-47fb-ad11-da1d027626f8;408.51;0.09277;BUY
2016-01-22T00:10:31.913000;2016-01-22T00:10:31.967000;f382b762-0e92-4e17-bcf0-606e7d6704ff;408.35;0.015;SELL
2016-01-22T00:10:31.913000;2016-01-22T00:10:31.967000;a7396f22-23dc-4563-bff6-01d5a5bf6e37;408.35;0.015;SELL
2016-01-22T00:10:31.913000;2016-01-22T00:10:31.983000;0936e623-5a2b-4746-b3a5-d51f4e8066fb;408.35;0.078;SELL
2016-01-22T00:10:31.913000;2016-01-22T00:10:31.983000;2a07fe3d-6966-4793-9a03-a33896f33ea0;408.3;0.078;SELL
2016-01-22T00:10:31.913000;2016-01-22T00:10:31.983000;18dab4e6-7bd9-49f4-a1d4-e3c0fe4e5d2c;408.29;0.00909;SELL
2016-01-22T00:10:31.913000;2016-01-22T00:10:31.983000;f58fc889-8c4c-455b-b3db-e9e70669282b;408.25;0.096;SELL
2016-01-22T00:10:31.913000;2016-01-22T00:10:31.983000;78b1d7c3-4b00-4530-84be-0f330e62aef3;408.22;0.39;SELL
2016-01-22T00:10:31.913000;2016-01-22T00:10:31.983000;592fc19d-c39f-4ce5-8330-bcdf6422d58b;408.21;0.06781;SELL
2016-01-22T00:11:32.240000;2016-01-22T00:11:32.263000;04336495-9797-49e0-a0ca-8a2d166e071f;408.47;0.015;BUY
2016-01-22T00:11:32.243000;2016-01-22T00:11:32.280000;407b2081-fd39-495e-b5f2-cc6caab3491e;408.47;0.05079;BUY
2016-01-22T00:12:01.930000;2016-01-22T00:12:01.953000;751ca484-69ce-4a42-a3d7-a07d0b2affc1;408.47;0.12302911;BUY
2016-01-22T00:12:01.930000;2016-01-22T00:12:01.953000;a87839de-2923-4d1d-bc45-d2d30a762406;408.48;0.015;BUY
2016-01-22T00:12:01.930000;2016-01-22T00:12:01.967000;2ea6b8b7-9de2-4380-b62e-3ab3ce1849e6;408.53;0.0124;BUY
2016-01-22T00:12:01.930000;2016-01-22T00:12:01.967000;5ebcf292-d3da-495a-9909-aa44eb8c7cfa;408.53;0.01;BUY
2016-01-22T00:12:01.930000;2016-01-22T00:12:02.000000;be4e6fbe-f621-451c-a4cc-5bc08e0db347;408.64;0.01;BUY
2016-01-22T00:12:01.930000;2016-01-22T00:12:02.000000;58ed9972-9001-47e6-ad25-ee77e4caa336;408.71;0.07931089;BUY
2016-01-22T00:12:13.623000;2016-01-22T00:12:13.640000;466d0709-d74e-4b44-b324-4c5a07fd4504;408.66;0.73740529;SELL
2016-01-22T00:12:31.467000;2016-01-22T00:12:31.500000;69577cc2-5010-4342-a370-3d96a2fa92d3;408.67;1.548;SELL
2016-01-22T00:12:31.467000;2016-01-22T00:12:31.513000;6037ed18-abd2-47bd-91d6-56bb6a0baee1;408.67;1.71309;SELL
2016-01-22T00:13:01.827000;2016-01-22T00:13:01.860000;f8393a49-185c-47c3-8c47-d2a8afc9d029;408.67;0.0968;SELL
2016-01-22T00:13:07.270000;2016-01-22T00:13:07.297000;a423b3ca-db6f-4f9a-9925-cd34c358b77d;408.68;0.015;BUY
2016-01-22T00:13:07.270000;2016-01-22T00:13:07.313000;85d8cbd5-d8c4-4cc1-8872-4d3420bc9c1a;408.77;0.01;BUY
2016-01-22T00:13:07.270000;2016-01-22T00:13:07.313000;6930db41-07cc-4c2f-8e8e-cce5cf614295;408.77;0.01;BUY
2016-01-22T00:13:07.270000;2016-01-22T00:13:07.327000;e5dfc508-918e-475b-b838-3008a047f2c7;408.88;0.015;BUY
2016-01-22T00:13:31.807000;2016-01-22T00:13:31.847000;6fe68139-c1f0-4b3f-b526-c68f4b2718ab;408.9;0.01;BUY
2016-01-22T00:13:31.807000;2016-01-22T00:13:31.847000;27485934-c376-464c-a2ff-69056f4db7a0;408.91;0.015;BUY
2016-01-22T00:13:31.807000;2016-01-22T00:13:31.847000;6917b0e1-5f4b-4e76-b085-4240eb6f3820;408.97;0.91;BUY
2016-01-22T00:13:31.807000;2016-01-22T00:13:31.847000;3f3f51bf-e431-4bf6-a363-6ef3b0271569;408.98;0.11;BUY
2016-01-22T00:13:31.807000;2016-01-22T00:13:31.863000;25f486aa-0442-4027-810b-fc7d74ff3a29;409.01;2.66274;BUY
2016-01-22T00:13:44.503000;2016-01-22T00:13:44.537000;25646435-4fe5-43ee-a1e7-d1d078662428;408.98;0.1;BUY
2016-01-22T00:13:44.503000;2016-01-22T00:13:44.567000;a8bb35e4-7ba7-4685-97a8-5beca1dd25a2;408.98;0.02658;BUY
2016-01-22T00:13:44.627000;2016-01-22T00:13:44.660000;d6029d26-df83-4e8e-b101-58e1f82cb5cd;408.98;0.17342;BUY
2016-01-22T00:14:01.967000;2016-01-22T00:14:02.020000;8529d0ee-0664-4bac-9d4d-93242b3411a6;408.98;0.11;BUY
2016-01-22T00:14:01.967000;2016-01-22T00:14:02.020000;cc9a12e5-c75b-458b-9402-a4b0e41c9b17;408.98;2.24;BUY
2016-01-22T00:14:01.967000;2016-01-22T00:14:02.020000;fe180bd5-8c2b-48f3-a6db-fdf16587015c;409.02;0.01;BUY
2016-01-22T00:14:01.967000;2016-01-22T00:14:02.020000;88ca84b7-9caa-4329-9dca-f8c93b97264c;409.04;0.27;BUY
2016-01-22T00:14:01.967000;2016-01-22T00:14:02.020000;33b9530b-70f7-41ba-bd47-cdba6e5c9f00;409.06;0.8;BUY
2016-01-22T00:14:01.967000;2016-01-22T00:14:02.037000;775a4b9b-d814-4f58-b5b1-745662c18b47;409.06;1.06466;BUY
2016-01-22T00:14:31.550000;2016-01-22T00:14:31.567000;9fe8ab1a-46d4-49b5-aeb4-e0f259fe561a;409.04;0.24261;BUY
2016-01-22T00:15:01.790000;2016-01-22T00:15:01.817000;d2d8e512-ae75-44fe-a82e-8ceca03d3ab5;409.04;1.00383;BUY
2016-01-22T00:15:31.647000;2016-01-22T00:15:31.677000;406b1346-9f7d-43d9-92fa-47ef5bd39e1e;409.09;0.31561;BUY
2016-01-22T00:16:02.640000;2016-01-22T00:16:02.660000;e9cd0349-c813-420b-b369-9f184d13d2be;409.04;0.18656;SELL
2016-01-22T00:16:32.170000;2016-01-22T00:16:32.223000;79349433-fc93-44d8-937c-cc41f5363fd2;409.0;0.14129;SELL
2016-01-22T00:17:02.263000;2016-01-22T00:17:02.287000;080b72e7-88e8-41df-8c0d-bd635be869a2;409.04;0.99;BUY
2016-01-22T00:17:02.263000;2016-01-22T00:17:02.300000;d535ded4-1bf8-4c58-b13e-02470bdff816;409.05;0.488;BUY
2016-01-22T00:17:02.263000;2016-01-22T00:17:02.300000;5e81da68-fa46-446d-b847-1b9f4e0952ab;409.06;0.24;BUY
2016-01-22T00:17:02.263000;2016-01-22T00:17:02.300000;3d6c477b-e5e8-47ce-b60d-7d2873111e5a;409.1;0.015;BUY
2016-01-22T00:17:02.263000;2016-01-22T00:17:02.300000;51598608-8d01-43a4-a826-2fab5a7acde3;409.11;1.83;BUY
2016-01-22T00:17:02.263000;2016-01-22T00:17:02.333000;f40b9cf7-3b50-47fe-8037-93f429628133;409.13;0.41563;BUY
2016-01-22T00:17:31.787000;2016-01-22T00:17:31.800000;33a351c9-7c02-49e1-ae07-eeff238b6128;408.95;0.01;BUY
2016-01-22T00:17:31.787000;2016-01-22T00:17:31.800000;2563e83b-de13-4ca1-9ca7-cb972a7d4f70;409.04;2.34;BUY
2016-01-22T00:17:31.787000;2016-01-22T00:17:31.833000;23ee6b24-5e91-4c63-ae5a-1c8d3ea52f51;409.05;0.118;BUY
2016-01-22T00:17:31.787000;2016-01-22T00:17:31.833000;c28e799e-f63b-4463-ab03-853b66acee5b;409.07;3.77;BUY
2016-01-22T00:17:31.787000;2016-01-22T00:17:31.833000;9614940c-d870-4dca-b09b-d5880cb6c10b;409.08;0.75;BUY
2016-01-22T00:17:31.790000;2016-01-22T00:17:31.833000;f33b0682-a337-4718-bbd3-32beac58cf7c;409.1;6.37;BUY
2016-01-22T00:17:31.790000;2016-01-22T00:17:31.833000;c4a5e872-3b6f-4fa4-b499-77460766db26;409.11;1.56844;BUY
2016-01-22T00:17:53.017000;2016-01-22T00:17:53.050000;ea32dabe-2fb8-4f11-b128-5dbe3a643d34;409.06;0.14963;BUY
2016-01-22T00:17:53.097000;2016-01-22T00:17:53.130000;9e39ba73-556a-4010-8467-71db912143e3;409.06;0.15067;BUY
2016-01-22T00:18:02.217000;2016-01-22T00:18:02.240000;bcadb515-d7c2-46fd-b674-43b6618706ec;409.0;0.0125;SELL
2016-01-22T00:18:02.217000;2016-01-22T00:18:02.253000;e4f2e7d6-e808-47c9-bc55-93a7f677760b;409.0;0.32;SELL
2016-01-22T00:18:02.217000;2016-01-22T00:18:02.253000;58dfa778-d908-422c-9b49-03bafeec0d4e;408.97;0.094;SELL
2016-01-22T00:18:02.217000;2016-01-22T00:18:02.253000;1f3d6c10-99fc-4b3e-afea-0aca88ebf3ad;408.94;0.01;SELL
2016-01-22T00:18:02.217000;2016-01-22T00:18:02.253000;bdba5fb6-ad34-45ec-a250-6a89f5211237;408.92;0.112;SELL
2016-01-22T00:18:02.217000;2016-01-22T00:18:02.253000;0c68cdc5-0927-4136-8899-4b4d0d5931e0;408.89;0.121;SELL
2016-01-22T00:18:02.217000;2016-01-22T00:18:02.253000;383327bd-22bd-4962-ab09-8d95fb5f1341;408.87;0.077;SELL
2016-01-22T00:18:02.217000;2016-01-22T00:18:02.287000;51ea6c86-d0e0-462b-8f0a-5592e05e97fc;408.84;0.095;SELL
2016-01-22T00:18:02.217000;2016-01-22T00:18:02.287000;52507995-952c-4512-8e44-1e86ce9b278a;408.81;0.015;SELL
2016-01-22T00:18:02.217000;2016-01-22T00:18:02.287000;ed68b27a-2b71-46bb-9dbc-d138209907a9;408.79;0.122;SELL
2016-01-22T00:18:02.217000;2016-01-22T00:18:02.287000;a7a8ecf1-908f-4838-99e3-645ef1c00089;408.74;0.015;SELL
2016-01-22T00:18:02.217000;2016-01-22T00:18:02.287000;9871bae9-bda6-4d31-823b-3b6137259196;408.74;0.116;SELL
2016-01-22T00:18:02.217000;2016-01-22T00:18:02.287000;fc689e5a-5238-46e7-b6df-d8c20b4049a4;408.72;0.015;SELL
2016-01-22T00:18:02.217000;2016-01-22T00:18:02.300000;1eed14e2-d0ba-4ec3-b94a-57637fac4359;408.69;0.10485;SELL
2016-01-22T00:18:32.447000;2016-01-22T00:18:32.457000;184ede90-fafa-495e-beb0-7858d83ce370;408.97;0.015;BUY
2016-01-22T00:18:32.447000;2016-01-22T00:18:32.490000;9485e621-51a9-43e7-a73e-dad702eb85d2;408.97;0.084;BUY
2016-01-22T00:18:32.447000;2016-01-22T00:18:32.490000;0ed61ef9-b105-4dda-a864-96ad10a7eef8;408.97;0.25;BUY
2016-01-22T00:18:32.447000;2016-01-22T00:18:32.490000;74e79c6a-a7ba-41a4-9ea0-aec01b61dcdf;408.98;0.102;BUY
2016-01-22T00:18:32.447000;2016-01-22T00:18:32.490000;c8b60085-1ca8-4c8e-b719-61810628bd70;409.0;0.01;BUY
2016-01-22T00:18:32.447000;2016-01-22T00:18:32.490000;eecb6ca5-9c11-496d-8c53-3489411bba58;409.02;0.015;BUY
2016-01-22T00:18:32.447000;2016-01-22T00:18:32.503000;ed1bdd6a-e2af-41ae-8441-38c4a5a88923;409.02;0.158;BUY
2016-01-22T00:18:32.447000;2016-01-22T00:18:32.503000;93289ae2-abcb-48c7-be30-70f8e2c390f4;409.03;0.015;BUY
2016-01-22T00:18:32.447000;2016-01-22T00:18:32.503000;574eef28-4f89-433a-bcc3-3e2b071f1a6c;409.07;0.38535;BUY
2016-01-22T00:19:03.233000;2016-01-22T00:19:03.240000;68217914-0625-4c8f-b6f0-074bda346016;409.02;0.07681;BUY
2016-01-22T00:19:15.963000;2016-01-22T00:19:15.973000;91915d76-b54f-4f71-8c32-d46b0f7fe19e;408.96;0.835;BUY
2016-01-22T00:19:15.963000;2016-01-22T00:19:15.990000;193a756e-42d5-4567-92ed-e35d4e543039;408.97;0.005;BUY
2016-01-22T00:19:20.067000;2016-01-22T00:19:20.083000;b87e8aaf-c33e-4d7b-8494-5977a1e7567b;409.0;0.1819416;BUY
2016-01-22T00:19:20.230000;2016-01-22T00:19:20.240000;75d06e4b-8ccf-47b3-8602-65c5162a4d0e;409.0;0.1159;BUY
2016-01-22T00:19:20.287000;2016-01-22T00:19:20.317000;4aac478e-a824-4486-b682-b2a166857163;409.0;0.1385;BUY
2016-01-22T00:19:20.333000;2016-01-22T00:19:20.347000;84da6152-9d70-48f3-93bc-fece78aa0c33;409.0;0.11;BUY
2016-01-22T00:19:20.383000;2016-01-22T00:19:20.427000;b0384ccd-c855-4567-bdd2-9fdd1ef2826c;409.0;0.03690954;BUY
2016-01-22T00:19:20.937000;2016-01-22T00:19:20.957000;ce518ece-ac22-4702-89d4-645a860ab4dd;409.0;0.04864386;BUY
2016-01-22T00:19:31.473000;2016-01-22T00:19:31.490000;21596054-0c19-41db-ba98-7a44d7928942;408.95;0.2902;BUY
2016-01-22T00:19:31.843000;2016-01-22T00:19:31.863000;cb3e1334-d262-4887-bc69-f8ecc5b72eba;408.95;0.6138;BUY
2016-01-22T00:19:31.843000;2016-01-22T00:19:31.863000;1fb370d8-d63b-4230-802b-fcf71886017f;408.96;0.36123062;BUY
2016-01-22T00:20:02.077000;2016-01-22T00:20:02.083000;38f9fe09-e4a8-4b84-a710-51eab52c7b3a;408.81;0.015;SELL
2016-01-22T00:20:02.077000;2016-01-22T00:20:02.113000;972775f5-6d9f-4731-9f45-9624d8286519;408.81;0.119;SELL
2016-01-22T00:20:02.077000;2016-01-22T00:20:02.113000;9b0d3f25-454b-4d11-977d-61d2f3eecf50;408.81;0.25;SELL
2016-01-22T00:20:02.077000;2016-01-22T00:20:02.113000;e40002e5-1f7b-44df-beb6-5d85cae94908;408.8;0.015;SELL
2016-01-22T00:20:02.077000;2016-01-22T00:20:02.113000;9b06db80-7522-4769-bf47-5a8fde8c370f;408.76;0.015;SELL
2016-01-22T00:20:02.077000;2016-01-22T00:20:02.113000;98174ca7-515c-4dbe-98d4-df22c58c1bdd;408.76;0.089;SELL
2016-01-22T00:20:02.077000;2016-01-22T00:20:02.113000;bceae492-48fe-4eb4-b997-2792dad21025;408.75;0.015;SELL
2016-01-22T00:20:02.077000;2016-01-22T00:20:02.130000;0846c291-e00b-44a9-b838-b41ff085edab;408.71;0.01749;SELL
2016-01-22T00:20:31.543000;2016-01-22T00:20:31.550000;747c32cc-877d-49a2-a251-47a5d8f3a0c5;408.84;0.015;BUY
2016-01-22T00:20:31.543000;2016-01-22T00:20:31.567000;2f194367-1378-4cc0-9ba7-9c36e5c45255;408.88;0.16914;BUY
2016-01-22T00:21:31.893000;2016-01-22T00:21:31.897000;daad96a2-8aaf-422f-b7ce-0f0ecc9dfa1c;408.88;0.303;BUY
2016-01-22T00:21:31.893000;2016-01-22T00:21:31.927000;b3eeff59-ba2a-4b4f-9d42-f66f9760961f;408.91;0.2;BUY
2016-01-22T00:21:31.893000;2016-01-22T00:21:31.927000;c1f10f83-e2f1-428f-9994-55a27519b1e6;408.92;0.16;BUY
2016-01-22T00:21:31.893000;2016-01-22T00:21:31.927000;ebebc631-8762-491c-b09c-b9118ed46833;408.93;5e-05;BUY
2016-01-22T00:22:01.800000;2016-01-22T00:22:01.800000;70012ba9-29ad-43a7-ac95-e9e06d95e2d7;408.85;0.08893;BUY
2016-01-22T00:22:29.840000;2016-01-22T00:22:29.850000;080f54d8-fbdf-4324-9733-057cb8850be6;408.85;0.01429988;BUY
2016-01-22T00:22:31.730000;2016-01-22T00:22:31.753000;4dd5997f-c76d-44d5-8c16-d61cd7a5792b;408.85;0.09499;BUY
2016-01-22T00:23:17.210000;2016-01-22T00:23:17.240000;089fabb8-b2f5-419e-995f-88a5f2c9d21b;408.84;0.010055;SELL
2016-01-22T00:23:33.187000;2016-01-22T00:23:33.193000;21b7eb36-6c30-4f5e-93f3-2e786f2683ce;408.75;1.383;BUY
2016-01-22T00:23:33.190000;2016-01-22T00:23:33.207000;28fcf248-29ab-4f55-895a-0d4819df848f;408.8;1.70462;BUY
2016-01-22T00:23:47.843000;2016-01-22T00:23:47.850000;a8b02f71-c725-41c3-a24d-2d1c4f0ac9e9;408.74;0.01;SELL
2016-01-22T00:23:47.843000;2016-01-22T00:23:47.863000;1740d792-f40c-4e5a-ae56-7374fdbbcd71;408.73;0.015;SELL
2016-01-22T00:23:47.843000;2016-01-22T00:23:47.863000;a1a5e98e-8f9e-4090-9575-9ad2e4bd7553;408.67;0.01;SELL
2016-01-22T00:23:47.843000;2016-01-22T00:23:47.863000;d101ab8c-af2c-4b5f-bc3b-2f3dbeb2b470;408.55;0.015;SELL
2016-01-22T00:23:47.843000;2016-01-22T00:23:47.897000;5e029e0b-eadb-4439-ba66-a0cae7e0523e;408.49;0.01;SELL
2016-01-22T00:23:47.843000;2016-01-22T00:23:47.897000;4c390641-cda7-4500-92a8-0ef9d3d9db5c;408.49;0.09;SELL
2016-01-22T00:23:47.843000;2016-01-22T00:23:47.897000;680443ec-c568-4dc2-90c8-d0fd9993d70f;408.44;0.107;SELL
2016-01-22T00:23:47.843000;2016-01-22T00:23:47.897000;0d6461e4-ff01-4e07-8a97-00347dc5fbe1;408.43;0.07754921;SELL
2016-01-22T00:24:02.040000;2016-01-22T00:24:02.050000;d23e189c-309f-4858-ba1d-c87bc6507292;408.56;1.043;BUY
2016-01-22T00:24:02.040000;2016-01-22T00:24:02.067000;66ed508f-c4dc-4cfa-b150-ba231f38eda4;408.57;0.035;BUY
2016-01-22T00:24:05.783000;2016-01-22T00:24:05.787000;36754261-2533-4dc6-b1a2-c570537bdbda;408.52;0.01;SELL
2016-01-22T00:24:19.990000;2016-01-22T00:24:19.990000;d8e82bc2-bea0-41e5-ae2d-9c0b138deec1;408.37;0.09;BUY
2016-01-22T00:24:35.177000;2016-01-22T00:24:35.177000;5ba88629-d5a8-4acc-af8f-c530a18b196f;408.37;1.152;BUY
2016-01-22T00:24:35.180000;2016-01-22T00:24:35.193000;2ab14eea-b7c2-4a44-913f-bd01410c7349;408.37;0.20077;BUY
2016-01-22T00:25:32.110000;2016-01-22T00:25:32.100000;c6c8d5b2-0136-499b-80ea-be935ce29561;408.36;0.959;BUY
2016-01-22T00:25:32.110000;2016-01-22T00:25:32.113000;aa8178f8-5e2d-4e92-aba9-1cd600227618;408.38;0.49903;BUY
2016-01-22T00:25:54.047000;2016-01-22T00:25:54.050000;e9caed73-0e79-4848-a5bf-a32d3be158b5;408.41;0.03;BUY
2016-01-22T00:26:03.290000;2016-01-22T00:26:03.287000;cb415fe8-cb3e-40ec-b90b-5b764a3021d7;408.42;0.286;BUY
2016-01-22T00:26:03.290000;2016-01-22T00:26:03.300000;f91ea166-d277-4ffb-aecd-5e324bc0fb9e;408.46;0.26;BUY
2016-01-22T00:26:03.290000;2016-01-22T00:26:03.300000;65afa1c5-9ade-4931-a148-deaa7ce3096b;408.47;0.173;BUY
2016-01-22T00:26:03.290000;2016-01-22T00:26:03.300000;2f9fed7d-f824-476e-9f21-ca6749a67f12;408.55;0.02503;BUY
2016-01-22T00:27:41.800000;2016-01-22T00:27:41.787000;ac281bbd-42e3-446f-a6ac-bcd121522728;408.42;0.309;BUY
2016-01-22T00:27:41.800000;2016-01-22T00:27:41.800000;7c3f8b49-0860-4f40-b1a3-80002b756bd9;408.42;0.691;BUY
2016-01-22T00:28:01.773000;2016-01-22T00:28:01.770000;2835679e-a556-4039-898e-7ce37ef6fa5f;408.37;0.01;SELL
2016-01-22T00:28:01.773000;2016-01-22T00:28:01.770000;552091c3-7584-4980-a2c6-8d40afd24a9b;408.35;0.01;SELL
2016-01-22T00:28:01.773000;2016-01-22T00:28:01.800000;d88c0e13-6b59-4e25-9afe-979de1b2a32b;408.35;0.1;SELL
2016-01-22T00:28:01.773000;2016-01-22T00:28:01.800000;3e64799c-b537-4103-8101-e50596d9ab77;408.28;0.015;SELL
2016-01-22T00:28:01.773000;2016-01-22T00:28:01.800000;0df9127f-c3f7-48b7-b33a-140d67c7a436;408.27;0.015;SELL
2016-01-22T00:28:01.773000;2016-01-22T00:28:01.800000;a32cfea1-bf71-48dc-a025-65f2216829b1;408.24;0.107;SELL
2016-01-22T00:28:01.777000;2016-01-22T00:28:01.800000;8d416044-57cc-4beb-a467-d2884568548a;408.22;0.24;SELL
2016-01-22T00:28:01.777000;2016-01-22T00:28:01.800000;1b9b804a-bc48-4b57-8b11-7c597f434dd0;408.19;0.075;SELL
2016-01-22T00:28:01.777000;2016-01-22T00:28:01.800000;c6bda8e6-082f-410d-9ab1-38d93943d3f3;408.17;0.099;SELL
2016-01-22T00:28:01.777000;2016-01-22T00:28:01.800000;99e1dc54-d9bf-4cac-8d66-61c14c649620;408.14;0.03904;SELL
2016-01-22T00:28:33.107000;2016-01-22T00:28:33.100000;ba1fcaa1-2cb0-41a9-bd43-d9424e27dd37;408.3;0.015;BUY
2016-01-22T00:28:33.107000;2016-01-22T00:28:33.113000;fba0b54c-06f9-49c2-b29a-7b3e8ebc2319;408.3;0.28;BUY
2016-01-22T00:28:33.107000;2016-01-22T00:28:33.113000;ff1291c4-7d8d-4f13-9b95-1ff0c68f263a;408.35;0.29529;BUY
2016-01-22T00:29:01.663000;2016-01-22T00:29:01.827000;47824a53-3e24-47a4-a6b3-88bc30ae1174;408.2;0.015;SELL
2016-01-22T00:29:01.663000;2016-01-22T00:29:01.843000;5726f10e-ed01-4a67-894c-03dcfd1486c0;408.14;4.87939505;SELL
2016-01-22T00:29:01.663000;2016-01-22T00:29:01.843000;d25d2a95-c54c-4dca-bde9-122a2939c88d;408.1;1.198;SELL
2016-01-22T00:29:01.667000;2016-01-22T00:29:01.843000;9916dc83-9037-4177-8f41-053ef598ef79;408.08;0.01;SELL
2016-01-22T00:29:01.667000;2016-01-22T00:29:01.843000;443f57c6-6f47-403c-aa2e-85388cccfa57;408.08;0.025;SELL
2016-01-22T00:29:01.667000;2016-01-22T00:29:01.857000;1d91d4b7-5cdf-4b30-a103-a67a8d1b72e8;408.05;0.025;SELL
2016-01-22T00:29:01.667000;2016-01-22T00:29:01.857000;47617bab-188b-464f-a2fe-6daac384686c;408.03;0.85551393;SELL
2016-01-22T00:29:01.667000;2016-01-22T00:29:01.903000;8a1c6ac4-b16f-4c43-ab7d-3800e9b7d0a1;408.0;0.0125;SELL
2016-01-22T00:29:01.667000;2016-01-22T00:29:01.937000;16ebb310-7361-4e3f-9977-e2a49b2eeb6e;408.0;5.0;SELL
2016-01-22T00:29:01.667000;2016-01-22T00:29:01.937000;726bf342-6f3e-4d3b-ba0b-86960b26d652;407.99;0.1;SELL
2016-01-22T00:29:01.667000;2016-01-22T00:29:01.937000;914d939d-7973-4eb0-b557-2302c0f5a86c;407.95;0.34;SELL
2016-01-22T00:29:01.667000;2016-01-22T00:29:01.937000;d20585f4-0bf0-4751-ac55-fde7b7d92f0c;407.94;0.085;SELL
2016-01-22T00:29:01.667000;2016-01-22T00:29:01.937000;f345ac9f-f47e-43d2-84bf-68ace7f37965;407.92;0.01;SELL
2016-01-22T00:29:01.667000;2016-01-22T00:29:01.937000;d06c3268-cac6-4b2d-8ec7-88a0035868cc;407.89;0.1;SELL
2016-01-22T00:29:01.667000;2016-01-22T00:29:01.937000;1732317e-8c9e-43bd-8af3-3a98532048ac;407.89;10.0;SELL
2016-01-22T00:29:01.667000;2016-01-22T00:29:01.937000;91ede897-8c03-4c6b-ae10-505327215ebb;407.84;0.093;SELL
2016-01-22T00:29:01.667000;2016-01-22T00:29:01.937000;c5b7a22e-6798-4b7c-8a2a-b37dcc53fc13;407.79;0.12;SELL
2016-01-22T00:29:01.667000;2016-01-22T00:29:01.937000;03d5239e-98c6-458d-b09d-29ee6e40e468;407.72;0.01;SELL
2016-01-22T00:29:01.667000;2016-01-22T00:29:01.937000;84b87d00-f312-4a46-986c-759b693ef665;407.69;0.02;SELL
2016-01-22T00:29:01.667000;2016-01-22T00:29:01.937000;0f70d822-b136-4852-95ce-e259bcc5dafb;407.67;0.10005;SELL
2016-01-22T00:29:01.667000;2016-01-22T00:29:01.937000;b9f1df42-baa9-45c6-aa35-e56fb0e053e0;407.51;0.01;SELL
2016-01-22T00:29:01.667000;2016-01-22T00:29:01.937000;e00765ff-0a35-406d-b133-4858fbc0fac9;407.41;1.04;SELL
2016-01-22T00:29:01.667000;2016-01-22T00:29:01.937000;2fe9b216-7db1-4651-81c4-c14e74c280e6;407.4;4.32516997;SELL
2016-01-22T00:29:01.670000;2016-01-22T00:29:01.937000;71923f9d-7c2e-48a2-89ef-694e55cf4230;407.37;0.407;SELL
2016-01-22T00:29:01.670000;2016-01-22T00:29:01.937000;a61b5db9-2ba5-45b7-a024-534171c314ee;407.36;0.01;SELL
2016-01-22T00:29:01.670000;2016-01-22T00:29:01.937000;ba5383ce-21f9-479c-ae58-039959e1f454;407.27;4.0;SELL
2016-01-22T00:29:01.670000;2016-01-22T00:29:01.937000;9701371d-7e06-43c0-9dd2-b791b0470076;407.24;6.24;SELL
2016-01-22T00:29:01.670000;2016-01-22T00:29:01.937000;957d4b10-0042-45d8-9770-cae94ac5af06;407.23;1.281;SELL
2016-01-22T00:29:01.670000;2016-01-22T00:29:01.937000;ce460740-f86a-4a21-869e-f434894f177b;407.12;0.01;SELL
2016-01-22T00:29:01.670000;2016-01-22T00:29:01.937000;a074a83b-1db8-4917-ae82-af08ff845ee8;407.11;0.4;SELL
2016-01-22T00:29:01.670000;2016-01-22T00:29:01.937000;a034a45b-cbf2-48f3-a063-a38e18fdee7d;407.09;1.132;SELL
2016-01-22T00:29:01.670000;2016-01-22T00:29:01.937000;77f9ccc2-5b30-48cd-bdbf-63623489ecbc;407.01;2.21;SELL
2016-01-22T00:29:01.670000;2016-01-22T00:29:01.937000;7a542ec8-5c44-4dae-929d-07e06ca95ca6;407.0;0.1;SELL
2016-01-22T00:29:01.670000;2016-01-22T00:29:01.937000;8fc6b58f-5289-4732-9091-296ab086f836;407.0;1.0;SELL
2016-01-22T00:29:01.670000;2016-01-22T00:29:01.937000;7d6d67a1-3ddc-4789-8183-ec74cbb9aec4;407.0;0.0125;SELL
2016-01-22T00:29:01.670000;2016-01-22T00:29:01.937000;6a1b5879-68ce-4ff3-8f93-ea2bdc2874ad;407.0;0.03;SELL
2016-01-22T00:29:01.670000;2016-01-22T00:29:01.937000;34d704d9-4a29-449e-82db-a26ea2a997c0;407.0;0.03117277;SELL
2016-01-22T00:29:01.670000;2016-01-22T00:29:01.953000;11be1263-b042-411e-9a47-b63bbd6bc4df;406.97;0.5;SELL
2016-01-22T00:29:01.670000;2016-01-22T00:29:01.953000;13311ee1-cd5d-478f-95e1-86ce76f8d0e2;406.97;0.7;SELL
2016-01-22T00:29:01.670000;2016-01-22T00:29:01.953000;a5d0c09d-d1d7-4e57-b3cc-f5ae6aa980e1;406.96;1.21;SELL
2016-01-22T00:29:01.670000;2016-01-22T00:29:01.953000;bb6eec67-a1f1-4357-bf43-bf45a0763c44;406.88;0.01561377;SELL
2016-01-22T00:29:01.670000;2016-01-22T00:29:01.953000;67b2c427-8e3d-4252-89a4-3420ea880ee7;406.86;0.01;SELL
2016-01-22T00:29:01.670000;2016-01-22T00:29:01.953000;ed3ba88e-2ecc-48a6-b67e-495710b3701b;406.84;2.32708451;SELL
2016-01-22T00:29:31.693000;2016-01-22T00:29:31.857000;738c493b-d524-4491-919b-3c13924c1352;407.54;0.01;SELL
2016-01-22T00:29:31.693000;2016-01-22T00:29:31.857000;fce6f216-57d3-49e6-bd5c-d2eb2078f0c0;407.53;0.01;SELL
2016-01-22T00:29:31.697000;2016-01-22T00:29:31.873000;d4f0e3a1-69e0-4b48-af85-561216a50acd;407.52;0.01;SELL
2016-01-22T00:29:31.697000;2016-01-22T00:29:31.873000;fb047e39-6238-4b79-bd20-ce57eab922e2;407.51;0.01;SELL
2016-01-22T00:29:31.697000;2016-01-22T00:29:31.873000;81ce41fe-89fb-47f7-88c1-5836d955e057;407.51;0.093;SELL
2016-01-22T00:29:31.697000;2016-01-22T00:29:31.873000;07f4a969-8664-4c34-a011-4a8be27beb57;407.5;0.01;SELL
2016-01-22T00:29:31.697000;2016-01-22T00:29:31.890000;dbe122d2-4d7f-47d6-b768-b1b9ac2b139a;407.48;0.075;SELL
2016-01-22T00:29:31.697000;2016-01-22T00:29:31.890000;3b0779ee-08ea-4401-a82e-5aa4fedbc36b;407.45;0.01;SELL
2016-01-22T00:29:31.697000;2016-01-22T00:29:31.890000;bb9ca4ef-2455-4f1d-8a00-9789c6af8123;407.44;0.015;SELL
2016-01-22T00:29:31.697000;2016-01-22T00:29:31.890000;dd7a8adb-442b-4437-9ac6-8e7cf1bbec5e;407.39;0.015;SELL
2016-01-22T00:29:31.697000;2016-01-22T00:29:31.890000;3de51f52-e507-4fc1-8e93-10272d7eddd2;407.39;0.015;SELL
2016-01-22T00:29:31.697000;2016-01-22T00:29:31.903000;f1a24849-a422-46db-89b8-ac399f52a7f2;407.34;0.015;SELL
2016-01-22T00:29:31.697000;2016-01-22T00:29:31.903000;78a39598-774a-4c78-aa80-29a22382a29c;407.34;0.01;SELL
2016-01-22T00:29:31.697000;2016-01-22T00:29:31.903000;4ce988bc-0651-4e10-80a2-3e4bb0a49352;407.3;0.01;SELL
2016-01-22T00:29:31.697000;2016-01-22T00:29:31.920000;50d0d7d0-d842-4e75-9d7c-fa6411cfc2c6;407.3;0.12;SELL
2016-01-22T00:29:31.697000;2016-01-22T00:29:31.920000;cba6312b-393b-4674-8981-d9fd575e66b9;407.15;0.02;SELL
2016-01-22T00:29:31.697000;2016-01-22T00:29:31.920000;2f41d24d-b181-499f-9444-226d1a76ddff;407.07;0.133;SELL
2016-01-22T00:29:31.697000;2016-01-22T00:29:31.920000;d290ca85-0ac3-4096-84ac-22ccbde07113;407.06;0.01;SELL
2016-01-22T00:29:31.697000;2016-01-22T00:29:31.920000;088410a5-d9c6-43c8-9cce-a1fbfedce034;406.9;0.01;SELL
2016-01-22T00:29:31.697000;2016-01-22T00:29:31.937000;b565c284-da73-439a-9840-d601107389c0;406.88;0.01;SELL
2016-01-22T00:29:31.700000;2016-01-22T00:29:31.937000;e6566f16-8d8d-4d96-966b-4558029669c6;406.85;0.01;SELL
2016-01-22T00:29:31.700000;2016-01-22T00:29:31.937000;c7d57b99-d065-4748-a0c7-968fb1d2d99b;406.77;0.015;SELL
2016-01-22T00:29:31.700000;2016-01-22T00:29:31.937000;7bb602f3-a42a-4c29-9e0c-4a93301a8d20;406.77;0.015;SELL
2016-01-22T00:29:31.700000;2016-01-22T00:29:31.937000;b2052adb-d2e2-4316-bbd3-5b0741ce79eb;406.74;0.44741759;SELL
2016-01-22T00:29:31.700000;2016-01-22T00:29:31.937000;92c7de4b-9f90-434a-9fa2-fcdd000bf363;406.73;0.1004;SELL
2016-01-22T00:29:31.700000;2016-01-22T00:29:31.937000;61b514d1-7f69-4851-ae1a-ae6feb3de31d;406.66;0.01;SELL
2016-01-22T00:29:31.700000;2016-01-22T00:29:31.953000;f1e43a63-2439-439b-833d-74f443096942;406.6;2.08;SELL
2016-01-22T00:29:31.700000;2016-01-22T00:29:31.953000;0eda3ece-a7e3-4d1c-a2f1-dc579b13c970;406.59;1.0;SELL
2016-01-22T00:29:31.700000;2016-01-22T00:29:31.953000;a373b5fe-81a6-4ff1-9757-67ac1609329b;406.58;0.06159283;SELL
2016-01-22T00:29:31.700000;2016-01-22T00:29:31.953000;a50e80c2-2940-4145-862e-1b8ab42ec7bc;406.54;12.22;SELL
2016-01-22T00:29:31.700000;2016-01-22T00:29:31.953000;3ded56a0-035f-470f-ae64-63b39ba07ade;406.53;1.048;SELL
2016-01-22T00:29:31.700000;2016-01-22T00:29:31.953000;2973ffb3-37fd-4afc-892d-59de2f2ad7e9;406.51;0.01;SELL
2016-01-22T00:29:31.700000;2016-01-22T00:29:31.953000;65bb6152-b463-4b69-a681-bf17c091667c;406.5;0.015;SELL
2016-01-22T00:29:31.700000;2016-01-22T00:29:31.983000;b8917378-d8b9-4235-9f2f-8382d1c4efe7;406.45;0.015;SELL
2016-01-22T00:29:31.700000;2016-01-22T00:29:31.983000;cbf06b3f-6894-4de7-9e1e-4374289986fd;406.4;1.223;SELL
2016-01-22T00:29:31.700000;2016-01-22T00:29:31.983000;c3064d59-ca53-4099-ad11-056488e2a7d7;406.35;0.01;SELL
2016-01-22T00:29:31.700000;2016-01-22T00:29:31.983000;626a8591-4be6-4371-8202-fe7cdf8453db;406.31;16.51;SELL
2016-01-22T00:29:31.700000;2016-01-22T00:29:31.983000;80478d68-cc43-4a37-b7f6-21898862ebcd;406.3;12.84170958;SELL
2016-01-22T00:29:37.730000;2016-01-22T00:29:37.873000;f9ae52bc-b3e1-4eea-b7eb-7d9de794ac7a;407.22;0.122;BUY
2016-01-22T00:29:44.733000;2016-01-22T00:29:44.890000;18b5687b-1bfc-4168-ac25-44b96257a4cf;407.1;0.101;BUY
2016-01-22T00:30:02.120000;2016-01-22T00:30:02.263000;a42ccce2-1dea-4ef6-8330-78e6ddb0a7ac;406.76;0.29383;BUY
2016-01-22T00:30:02.283000;2016-01-22T00:30:02.437000;56a92cfd-ae52-451d-8f75-e5c36d8e32b5;406.75;0.01;SELL
2016-01-22T00:30:10.813000;2016-01-22T00:30:10.967000;09c498d3-8a53-4ff5-8c05-a78a6aff9d13;406.74;0.01;SELL
2016-01-22T00:30:10.813000;2016-01-22T00:30:10.967000;3f9b1737-eb86-4799-9c10-2adc46f202f9;406.73;0.01;SELL
2016-01-22T00:30:22.793000;2016-01-22T00:30:22.937000;08f80964-4de9-44d8-b6f1-5c61bebcd564;406.72;0.01;SELL
2016-01-22T00:30:32.307000;2016-01-22T00:30:32.467000;57f7f361-4c0f-4a7d-8036-ea044437def6;406.68;0.01;SELL
2016-01-22T00:30:32.307000;2016-01-22T00:30:32.483000;ff5e8fc2-67f0-43e2-abbb-0d64a27ea3ef;406.67;0.01;SELL
2016-01-22T00:30:32.310000;2016-01-22T00:30:32.483000;54b3ade3-9b17-475f-b1bc-a038a8b249a7;406.61;0.02;SELL
2016-01-22T00:30:32.310000;2016-01-22T00:30:32.483000;0ed109f3-51e4-4077-b29e-b74837f3cfbd;406.6;0.071;SELL
2016-01-22T00:30:32.310000;2016-01-22T00:30:32.483000;ec070b44-f5a5-4a0b-be87-e824480b51c9;406.55;0.121;SELL
2016-01-22T00:30:32.310000;2016-01-22T00:30:32.483000;a5c43e49-eed8-4a39-ae29-bd226c075e05;406.54;0.01;SELL
2016-01-22T00:30:32.310000;2016-01-22T00:30:32.483000;07b4ebb7-5bc1-4b41-b67c-6eeb06528837;406.44;0.071;SELL
2016-01-22T00:30:32.310000;2016-01-22T00:30:32.500000;a7c91570-4390-4c01-935d-b759c9c527e8;406.37;0.1907;SELL
2016-01-22T00:30:32.310000;2016-01-22T00:30:32.500000;739b949f-20b2-48b2-8739-f716ccae738e;406.34;0.01;SELL
2016-01-22T00:30:32.310000;2016-01-22T00:30:32.500000;f4cde5a5-32e7-42e3-b64f-9967479c9bdf;406.14;0.015;SELL
2016-01-22T00:30:32.310000;2016-01-22T00:30:32.500000;3e9d7907-ba1d-4944-9511-fb0de1d3bfeb;406.13;0.37094091;SELL
2016-01-22T00:30:32.310000;2016-01-22T00:30:32.500000;e4094f32-48c3-471f-94d3-0729f582cd73;406.09;0.01;SELL
2016-01-22T00:30:32.310000;2016-01-22T00:30:32.500000;04c99ffd-429c-422f-b07e-2ae43bc3d31c;406.08;0.688;SELL
2016-01-22T00:30:32.310000;2016-01-22T00:30:32.513000;b41361dc-75da-4bb1-923d-7668c79732af;406.0;0.015;SELL
2016-01-22T00:30:32.310000;2016-01-22T00:30:32.513000;a9e17d19-aa79-475c-93c0-d48ec9d8e2cc;406.0;0.015;SELL
2016-01-22T00:30:32.310000;2016-01-22T00:30:32.513000;e5573a91-c9fe-4262-8773-a2c2d00c1ca6;406.0;0.1;SELL
2016-01-22T00:30:32.310000;2016-01-22T00:30:32.513000;fab82acc-ebb5-40a2-9347-4551709e35ab;406.0;0.0125;SELL
2016-01-22T00:30:32.310000;2016-01-22T00:30:32.513000;c4d4db4c-f517-4aea-984b-1d085d600d99;406.0;0.04444444;SELL
2016-01-22T00:30:32.310000;2016-01-22T00:30:32.513000;beff9781-18f1-4115-bcb2-add678c9d367;406.0;0.0311823;SELL
2016-01-22T00:30:32.310000;2016-01-22T00:30:32.513000;79ecdb27-89ab-473a-b2e7-dcb1d9b8c146;405.95;0.015;SELL
2016-01-22T00:30:32.310000;2016-01-22T00:30:32.513000;c1e06681-9389-4489-a4b4-4d910a0c5d8a;405.95;0.015;SELL
2016-01-22T00:30:32.310000;2016-01-22T00:30:32.547000;25de068e-14a8-41de-8b0c-3ce20fe57b68;405.94;0.01;SELL
2016-01-22T00:30:32.313000;2016-01-22T00:30:32.547000;0f2f25aa-eabd-4266-a7f4-cf6f7d1e5858;405.94;0.46196235;SELL
2016-01-22T00:30:39.900000;2016-01-22T00:30:40.047000;5f7e206b-5382-4c9b-9cc3-899c2e5b3859;406.6;0.087;BUY
2016-01-22T00:30:42.943000;2016-01-22T00:30:43.093000;61a901be-c1c7-4c31-aa39-eaf4017a5b0c;406.59;0.083;SELL
2016-01-22T00:30:44.133000;2016-01-22T00:30:44.280000;dba317bb-6f79-4924-8e4a-f6b13985cc3b;406.3;0.01;SELL
2016-01-22T00:30:45.810000;2016-01-22T00:30:45.953000;e03a3959-a23e-4318-a974-713752c9faa0;406.3;0.113;BUY
2016-01-22T00:30:54.187000;2016-01-22T00:30:54.327000;7b5c6bf1-a384-40a7-be39-e2597682d645;406.3;0.115;BUY
2016-01-22T00:31:02.367000;2016-01-22T00:31:02.513000;9df7371e-75c0-4d04-af65-93bdce3d6e38;406.29;0.01;SELL
2016-01-22T00:31:02.367000;2016-01-22T00:31:02.530000;11022f1c-5c1d-4e51-8650-ff8087c44b92;406.29;0.07827;SELL
2016-01-22T00:31:02.740000;2016-01-22T00:31:02.890000;c30f9bef-8a6d-4229-8303-1ef1990ec69b;406.3;0.13;BUY
2016-01-22T00:31:04.407000;2016-01-22T00:31:04.560000;cb2b3b7a-bd3a-4b3c-8277-ed43ad9aa33a;406.29;0.01;SELL
2016-01-22T00:31:04.407000;2016-01-22T00:31:04.560000;df20f783-ee35-47fb-a8b7-d3fd53ff4a80;406.28;0.01;SELL
2016-01-22T00:31:09.827000;2016-01-22T00:31:10.000000;90ecfb69-c588-4614-858d-2abcd6b84c37;406.24;0.095;BUY
2016-01-22T00:31:17.203000;2016-01-22T00:31:17.357000;e5d135b6-1ebe-428a-b3c1-e308bfb6ffe0;406.2;0.101;BUY
2016-01-22T00:31:24.223000;2016-01-22T00:31:24.373000;4ac6f5c8-232d-4a57-b84f-42aae311df7b;406.2;0.149;BUY
2016-01-22T00:31:24.223000;2016-01-22T00:31:24.390000;10beeea1-3bc4-4dc1-b0f0-ff507bb4ff0c;406.2;0.08;BUY
2016-01-22T00:31:24.223000;2016-01-22T00:31:24.390000;e90d1ffe-24a0-43b0-8ae7-bfad6cfacfae;406.27;1.261;BUY
2016-01-22T00:31:24.687000;2016-01-22T00:31:24.827000;5b2f6c03-b025-4e4e-b5f1-2e17cf706ef3;406.19;0.02707097;SELL
2016-01-22T00:31:31.473000;2016-01-22T00:31:31.623000;2c655d1d-25e3-4ec4-a8e5-2e8bcf325b4c;406.18;0.25;BUY
2016-01-22T00:31:32.020000;2016-01-22T00:31:32.170000;04a3c2f0-895f-4b79-9a6f-39c698b5eb3a;406.46;0.39;BUY
2016-01-22T00:31:32.020000;2016-01-22T00:31:32.170000;eb976fcb-0d63-4c8e-868f-9084d7c4c333;406.46;0.25;BUY
2016-01-22T00:31:32.020000;2016-01-22T00:31:32.170000;f51eee2e-cb89-4878-93db-4f1a7ac51928;406.47;0.01;BUY
2016-01-22T00:31:32.020000;2016-01-22T00:31:32.170000;0d0b6f6a-a363-4941-a147-96cfe6e678aa;406.47;0.01;BUY
2016-01-22T00:31:32.020000;2016-01-22T00:31:32.170000;10549b7c-5edb-4c4f-969a-23bb20fdfb6f;406.47;0.59;BUY
2016-01-22T00:31:32.020000;2016-01-22T00:31:32.187000;ce6f0795-3ef7-41f6-832e-ae18205748b7;406.51;0.112;BUY
2016-01-22T00:31:32.020000;2016-01-22T00:31:32.187000;7784bf25-a3a3-4b68-b7a1-25c6e219b9fe;406.58;4.13112;BUY
2016-01-22T00:32:01.710000;2016-01-22T00:32:01.857000;1707d5d4-9778-4df8-a9f2-4fe1d5f128ac;406.4;0.01;SELL
2016-01-22T00:32:01.713000;2016-01-22T00:32:01.873000;6bd337ec-8240-42c7-9646-30ba37a2d96c;406.4;0.48;SELL
2016-01-22T00:32:02.513000;2016-01-22T00:32:02.670000;54524fbb-bd7f-4cd9-976b-ae8ed0dd5271;406.38;0.071;SELL
2016-01-22T00:32:02.513000;2016-01-22T00:32:02.670000;0f824091-2626-4b75-af98-ec9e2f07920a;406.3;0.01;SELL
2016-01-22T00:32:02.513000;2016-01-22T00:32:02.670000;7933f263-8930-4bcc-8bd0-95d386b26e42;406.24;0.01;SELL
2016-01-22T00:32:02.513000;2016-01-22T00:32:02.670000;bd9979f7-9e5b-480e-a0b8-2570a0fe8cd4;406.23;0.163;SELL
2016-01-22T00:32:02.513000;2016-01-22T00:32:02.703000;22cb8935-f0c3-4e63-8f5f-9be69e94d8c4;406.11;0.114;SELL
2016-01-22T00:32:02.517000;2016-01-22T00:32:02.703000;9124efbe-c6cb-4970-9eac-529927a36e11;406.09;0.01;SELL
2016-01-22T00:32:02.517000;2016-01-22T00:32:02.703000;d77ee7cf-890f-454b-9116-2fc0d0c9fec0;406.07;0.02;SELL
2016-01-22T00:32:02.517000;2016-01-22T00:32:02.703000;24004461-4357-44d4-8a92-224bd040a26b;405.94;0.01;SELL
2016-01-22T00:32:02.517000;2016-01-22T00:32:02.703000;704ee2f4-085d-4f82-8fb2-3044cc0ae47e;405.92;0.51;SELL
2016-01-22T00:32:02.517000;2016-01-22T00:32:02.703000;e8a308bf-d3a0-49e5-9e7f-a7be91b55dc1;405.92;0.7156;SELL
2016-01-22T00:32:15.940000;2016-01-22T00:32:16.077000;2a2bb70b-d92d-4f57-baef-1b7d7ad0cc17;406.33;0.015;BUY
2016-01-22T00:32:15.940000;2016-01-22T00:32:16.093000;0284afa4-c1bc-4269-82e8-d2b5f58ec1c2;406.33;0.015;BUY
2016-01-22T00:32:22.183000;2016-01-22T00:32:22.327000;b5cdfb19-3652-4e05-aae3-dcebf1b840a3;406.31;0.01;SELL
2016-01-22T00:32:32.497000;2016-01-22T00:32:32.640000;3a05fb89-8844-4b05-afdc-1a613b0516d4;406.3;0.24604;BUY
2016-01-22T00:32:42.523000;2016-01-22T00:32:42.670000;d0d34e89-857b-4b97-92be-544a17d4bede;406.31;8.24;SELL
2016-01-22T00:33:02.407000;2016-01-22T00:33:02.547000;f3da5808-a509-47ee-bfdb-929bb5f87552;406.2;0.311;SELL
2016-01-22T00:33:02.407000;2016-01-22T00:33:02.560000;0d39f848-1221-4389-bc40-b05bdc55d003;406.19;1.10629;SELL
2016-01-22T00:33:02.920000;2016-01-22T00:33:03.060000;b6a70b2a-8765-4d54-8dc3-8ccb7b248859;406.2;0.01;SELL
2016-01-22T00:33:02.920000;2016-01-22T00:33:03.093000;1b8d3cb5-616f-48c4-b8f5-b9630c4ba639;406.19;0.05771;SELL
2016-01-22T00:33:02.920000;2016-01-22T00:33:03.093000;6ffbcfa2-0bc6-4dfc-80c9-ffbf13084747;406.19;0.03;SELL
2016-01-22T00:33:02.920000;2016-01-22T00:33:03.093000;1bbf4690-a0fd-40d5-a14c-f38ba27aa8cb;406.19;0.02;SELL
2016-01-22T00:33:04.643000;2016-01-22T00:33:04.780000;ba7c96fc-d80b-4aa3-9308-384be64ab8fb;406.19;0.311;BUY
2016-01-22T00:33:08.020000;2016-01-22T00:33:08.153000;556485be-d18f-4f7f-881e-2917c6054f6a;406.18;0.03;BUY
2016-01-22T00:33:23.203000;2016-01-22T00:33:23.357000;a8f22f41-60b7-4f12-8286-70c6e70f8cf9;406.17;0.011832;SELL
2016-01-22T00:33:25.220000;2016-01-22T00:33:25.373000;66351b50-8365-4bf8-8d58-035635eb6f96;406.16;0.09;BUY
2016-01-22T00:33:31.953000;2016-01-22T00:33:32.107000;239b7185-592c-4d94-8724-d2014faad110;406.16;0.25;BUY
2016-01-22T00:33:31.953000;2016-01-22T00:33:32.107000;b1f621b1-7748-407d-90d4-ed8160ba62c9;406.17;0.64495;BUY
2016-01-22T00:33:39.953000;2016-01-22T00:33:40.107000;d1bc5b5c-fab0-4032-ae61-8c6b2b88910d;406.15;0.122;BUY
2016-01-22T00:33:43.483000;2016-01-22T00:33:43.623000;3da451c2-65c2-4a03-ab28-04cbcc17fa05;406.11;0.21;SELL
2016-01-22T00:33:43.483000;2016-01-22T00:33:43.653000;6a0169f1-d1b2-4574-a8ec-b19051f51e29;406.1;0.01;SELL
2016-01-22T00:33:43.483000;2016-01-22T00:33:43.653000;70487041-eb52-403e-a98c-8f4db216298d;406.1;0.184;SELL
2016-01-22T00:33:43.483000;2016-01-22T00:33:43.653000;b161fe5b-2c79-4102-b45c-c88474756b8a;406.1;0.01;SELL
2016-01-22T00:33:47.013000;2016-01-22T00:33:47.153000;96b5b862-501c-471d-ae29-d3bca3751d47;406.07;0.075;BUY
2016-01-22T00:33:53.567000;2016-01-22T00:33:53.703000;0afd4ceb-3e92-48dd-b219-72d6894edd27;406.07;0.127;BUY
2016-01-22T00:34:00.017000;2016-01-22T00:34:00.187000;ce2c556b-175a-4633-adc8-61482cbac959;406.07;0.048;BUY
2016-01-22T00:34:00.017000;2016-01-22T00:34:00.187000;14749b8b-3366-474a-8d34-49f26bda0934;406.1;0.178;BUY
2016-01-22T00:34:02.887000;2016-01-22T00:34:03.047000;da2a0ab9-d425-4460-8114-7f95ea42fca5;406.06;0.01;SELL
2016-01-22T00:34:02.887000;2016-01-22T00:34:03.047000;e760a779-e28d-4ab1-b92b-57c32e8fb79b;406.05;0.03536;SELL
2016-01-22T00:34:03.750000;2016-01-22T00:34:03.903000;fb0e6589-8376-4f60-9ecc-64860bfcc59a;406.05;0.20164;SELL
2016-01-22T00:34:08.137000;2016-01-22T00:34:08.280000;c2a4e9ee-7554-46f4-affe-234a3cdbd97c;406.05;0.088;BUY
2016-01-22T00:34:15.540000;2016-01-22T00:34:15.687000;5ce2bcc4-d49c-4ca5-904a-15f3f5d00a3e;406.05;0.09;BUY
2016-01-22T00:34:21.860000;2016-01-22T00:34:22.000000;0a52575d-9d27-4bde-8e57-fc9407dddbc1;406.05;0.123;BUY
2016-01-22T00:34:24.057000;2016-01-22T00:34:24.203000;7ec17f12-fcfd-4575-a712-7706dd8c1cdb;406.04;0.817;SELL
2016-01-22T00:34:28.190000;2016-01-22T00:34:28.327000;28f1b328-d234-498d-ac04-b19cb67179d7;405.99;0.25;BUY
2016-01-22T00:34:28.190000;2016-01-22T00:34:28.343000;32dce767-e61f-4dd3-b0b9-ed4756519aa6;406.03;0.047;BUY
2016-01-22T00:34:31.830000;2016-01-22T00:34:31.967000;2bde2112-7ee5-4085-ac26-c6c716d701ce;406.0;0.1263;BUY
2016-01-22T00:34:34.933000;2016-01-22T00:34:35.077000;52d32dd4-ee2e-4a16-bbcc-ce888aced7a5;406.0;0.1237;BUY
2016-01-22T00:34:34.933000;2016-01-22T00:34:35.093000;b222897f-f161-4e59-b39c-7da148770e97;406.03;0.2143;BUY
2016-01-22T00:34:41.327000;2016-01-22T00:34:41.467000;e2be2fd5-a0a1-4cbd-b60b-4f32203a692a;406.0;0.25;BUY
2016-01-22T00:34:41.327000;2016-01-22T00:34:41.483000;30653be7-6bdd-4c66-9b19-2c64932994c9;406.03;0.082;BUY
2016-01-22T00:34:44.637000;2016-01-22T00:34:44.780000;06d033eb-6bf9-4c12-923c-0fa7aea0338c;405.93;0.01;SELL
2016-01-22T00:34:48.080000;2016-01-22T00:34:48.217000;94ac7b32-574a-4041-a6c1-78811c7d5aa0;405.93;0.102;BUY
2016-01-22T00:35:02.283000;2016-01-22T00:35:02.420000;04849674-a2f8-4016-9b72-f313b9456169;405.93;2.414;BUY
2016-01-22T00:35:02.600000;2016-01-22T00:35:02.733000;22af6579-f86b-42fa-b31f-a40aee5bc0c7;405.93;0.99167;BUY
2016-01-22T00:35:04.970000;2016-01-22T00:35:05.123000;283b2f97-95ae-4ba3-9fbc-0a33f275a31f;405.92;0.01;SELL
2016-01-22T00:35:04.970000;2016-01-22T00:35:05.123000;6256f470-e86c-4c5a-b9bd-b88cd531f3d6;405.92;0.1;SELL
2016-01-22T00:35:04.970000;2016-01-22T00:35:05.123000;7d70540d-4fe5-4c76-90be-f0de48dbcf4a;405.92;7.35914451;SELL
2016-01-22T00:35:31.993000;2016-01-22T00:35:32.140000;0b6de695-da31-4e37-bd91-dfd4a75b33ab;406.1;0.6;SELL
2016-01-22T00:35:31.993000;2016-01-22T00:35:32.140000;386d5e12-3612-420d-a192-3bba65a96ee3;406.1;0.467;SELL
2016-01-22T00:35:31.993000;2016-01-22T00:35:32.157000;bcd4bc72-8411-4f4a-af41-9816a9cba35a;406.05;0.72456;SELL
2016-01-22T00:36:01.960000;2016-01-22T00:36:02.107000;2a618c7d-0913-4951-935f-af4ae20c4fd4;406.11;0.01;BUY
2016-01-22T00:36:01.960000;2016-01-22T00:36:02.123000;643904a2-c43b-4dd2-97cf-b0b209bdf953;406.23;0.25;BUY
2016-01-22T00:36:01.960000;2016-01-22T00:36:02.123000;f2cdd580-7667-47fe-8270-2ed1e60b682c;406.24;0.01;BUY
2016-01-22T00:36:01.960000;2016-01-22T00:36:02.123000;254fc11f-cdf7-4056-83e2-b98b3df26707;406.24;0.3;BUY
2016-01-22T00:36:01.960000;2016-01-22T00:36:02.123000;49e4fb68-b8ee-4ece-b8c4-376f82bf1eac;406.42;0.01;BUY
2016-01-22T00:36:01.960000;2016-01-22T00:36:02.123000;e70dd6f6-266c-44b8-a3cf-fe0e4a1567e5;406.44;0.015;BUY
2016-01-22T00:36:01.960000;2016-01-22T00:36:02.140000;d7f0f99b-1d26-41a0-862b-e86dd98b98c7;406.44;0.015;BUY
2016-01-22T00:36:01.963000;2016-01-22T00:36:02.157000;73331c17-c95c-4a46-82a7-c71928935ab7;406.49;0.01;BUY
2016-01-22T00:36:01.963000;2016-01-22T00:36:02.157000;6bd3ffca-41ac-4869-a626-ef18405b0e45;406.5;0.015;BUY
2016-01-22T00:36:01.963000;2016-01-22T00:36:02.157000;d342c053-d4df-4892-a188-f30f9bcd3ec9;406.55;0.40558;BUY
2016-01-22T00:36:31.830000;2016-01-22T00:36:31.983000;950feba3-b4b1-4c32-a2a1-50ba19c75a5e;406.52;0.02375;BUY
2016-01-22T00:36:34.890000;2016-01-22T00:36:35.013000;884ec4a1-c822-498f-b482-5dec8492e7e9;406.52;0.1856;BUY
2016-01-22T00:36:34.910000;2016-01-22T00:36:35.047000;c1ba08df-153f-4e31-890e-55f81efa074a;406.52;0.04065;BUY
2016-01-22T00:36:34.910000;2016-01-22T00:36:35.060000;c0c1cffe-e9ea-4f9a-b989-17f9f7556179;406.56;0.015;BUY
2016-01-22T00:36:34.910000;2016-01-22T00:36:35.060000;92b4eaf6-c6c8-4032-afbf-f243107f2db8;406.56;0.015;BUY
2016-01-22T00:36:34.910000;2016-01-22T00:36:35.060000;587cf793-118f-470c-9609-eb79e76a728e;406.57;0.01;BUY
2016-01-22T00:36:34.910000;2016-01-22T00:36:35.060000;54347056-6f63-4de1-b8ff-57713b25a3b0;406.58;0.01;BUY
2016-01-22T00:36:34.910000;2016-01-22T00:36:35.060000;f1f78467-ce75-4e0d-82b1-87aef1c3e323;406.58;0.01;BUY
2016-01-22T00:36:34.910000;2016-01-22T00:36:35.077000;2f6f2097-6b79-44e4-98b6-23dc6586db71;406.61;0.015;BUY
2016-01-22T00:36:34.910000;2016-01-22T00:36:35.077000;73a33926-866b-4ff3-9d1c-626074882f46;406.67;0.01;BUY
2016-01-22T00:36:34.910000;2016-01-22T00:36:35.077000;216b776f-e73a-4003-af49-eadc9df4c5a0;406.68;0.01;BUY
2016-01-22T00:36:34.910000;2016-01-22T00:36:35.077000;dfa57a4d-8f18-444a-b879-ef7bca6c0118;406.75;0.12175;BUY
2016-01-22T00:36:51.687000;2016-01-22T00:36:51.827000;eb99899f-e2e0-4438-9af8-34f00a4ac023;406.68;0.2293;BUY
2016-01-22T00:37:02.377000;2016-01-22T00:37:02.530000;c7555776-7f4d-497e-be95-1cbb8104af85;406.44;0.132;SELL
2016-01-22T00:37:02.377000;2016-01-22T00:37:02.530000;fc02766d-2bb2-477e-8b42-18a297dc347e;406.44;0.15328;SELL
2016-01-22T00:37:17.403000;2016-01-22T00:37:17.560000;587d6420-e8ce-4358-82a4-2d4683daebea;406.66;0.0827;BUY
2016-01-22T00:37:32.050000;2016-01-22T00:37:32.187000;e90299a4-e0ea-4b0f-84a6-543570d24922;406.63;0.09573;BUY
2016-01-22T00:38:01.943000;2016-01-22T00:38:02.077000;04ea3bca-e8e2-49b9-8b63-ea2660a37ca3;406.67;0.25;BUY
2016-01-22T00:38:01.947000;2016-01-22T00:38:02.093000;fd042a4e-c4c9-46f6-b2f2-22616961d431;406.75;0.04366;BUY
2016-01-22T00:38:31.677000;2016-01-22T00:38:31.810000;cf45c452-3533-43ec-a0af-d22a511cb3db;406.73;0.05019;BUY
2016-01-22T00:39:01.853000;2016-01-22T00:39:01.983000;54f530e2-3c7c-494d-9479-08921cc7d519;406.62;0.74;SELL
2016-01-22T00:39:01.853000;2016-01-22T00:39:02.000000;cdf981d0-2423-4e9c-86dc-89d2e265fa6b;406.62;0.14021;SELL
2016-01-22T00:39:32.023000;2016-01-22T00:39:32.157000;7a83444e-bf52-4ae1-ac29-ae9d8b45fdf4;406.75;0.25;BUY
2016-01-22T00:39:32.023000;2016-01-22T00:39:32.170000;44069adc-6654-4090-a57b-bcf14ca8e304;406.75;0.27;BUY
2016-01-22T00:39:32.023000;2016-01-22T00:39:32.170000;bf928a87-aa61-4c22-9870-415c86d11ca1;406.76;0.01;BUY
2016-01-22T00:39:32.027000;2016-01-22T00:39:32.170000;97c77fda-6928-44bd-b77e-7a48a3c0ee02;406.82;0.01;BUY
2016-01-22T00:39:32.027000;2016-01-22T00:39:32.170000;b591a960-c8cc-449a-afd2-03780210f0d4;406.86;0.01;BUY
2016-01-22T00:39:32.027000;2016-01-22T00:39:32.187000;c78f1959-5f7e-48a8-bd36-8c0e06190d8b;406.9;0.01;BUY
2016-01-22T00:39:32.027000;2016-01-22T00:39:32.187000;6367204d-6c33-45e0-a167-8885cf7057d1;406.91;0.01;BUY
2016-01-22T00:39:32.027000;2016-01-22T00:39:32.187000;3d4b2e37-9fdd-40d7-aac9-350be2608dd6;406.92;0.01;BUY
2016-01-22T00:39:32.027000;2016-01-22T00:39:32.187000;f370838c-1ce5-426a-96e0-1e41bf04bd92;406.93;0.01;BUY
2016-01-22T00:39:32.027000;2016-01-22T00:39:32.187000;b9c29cf7-361e-4247-8a40-a8fab1792af9;406.96;0.015;BUY
2016-01-22T00:39:32.027000;2016-01-22T00:39:32.187000;8bda109f-1772-4522-a7dc-a7e7246438fa;406.98;0.096;BUY
2016-01-22T00:39:32.027000;2016-01-22T00:39:32.187000;fffed5fb-0fbf-4ddf-bd1f-5af1206128a5;407.0;0.01;BUY
2016-01-22T00:39:32.027000;2016-01-22T00:39:32.187000;937fd737-32e6-42bb-a18d-9aa8cb881ad8;407.0;0.117;BUY
2016-01-22T00:39:32.027000;2016-01-22T00:39:32.187000;7d4d3947-6fab-4524-9850-0538225749f5;407.02;0.01;BUY
2016-01-22T00:39:32.027000;2016-01-22T00:39:32.187000;642885f9-99db-429b-8fd7-be058790dec5;407.05;1.1643;BUY
2016-01-22T00:40:01.020000;2016-01-22T00:40:01.170000;ff4fb52d-87a6-4486-82a5-f73eaf43a22c;406.88;0.03314;BUY
2016-01-22T00:40:31.220000;2016-01-22T00:40:31.357000;67292899-d817-49c6-92d0-ffacade13eda;406.85;0.01;SELL
2016-01-22T00:40:31.220000;2016-01-22T00:40:31.357000;7957a2dc-da8e-411e-9011-68275d28702a;406.84;0.01;SELL
2016-01-22T00:40:31.220000;2016-01-22T00:40:31.357000;b8b09f7d-48dd-4368-95b1-80f4d42867b2;406.77;0.086;SELL
2016-01-22T00:40:31.220000;2016-01-22T00:40:31.357000;0cda8e08-a9ac-4cfa-8f73-8d53d9e5d9d0;406.72;0.116;SELL
2016-01-22T00:40:31.223000;2016-01-22T00:40:31.373000;85851be9-9002-4e9d-bcc2-9c982b4d0c68;406.68;0.01;SELL
2016-01-22T00:40:31.223000;2016-01-22T00:40:31.373000;04bbb9d4-0399-4704-b5a1-39670dd8105f;406.67;0.102;SELL
2016-01-22T00:40:31.223000;2016-01-22T00:40:31.373000;86869b97-f375-461d-8674-c962cf06e253;406.63;0.34;SELL
2016-01-22T00:40:31.223000;2016-01-22T00:40:31.373000;e0061712-71ef-4e4b-8a8c-e55d5b1af25f;406.62;0.0605;SELL
2016-01-22T00:41:01.273000;2016-01-22T00:41:01.390000;d7346f56-e14d-440b-8946-388b1d470c72;406.69;0.25;BUY
2016-01-22T00:41:01.273000;2016-01-22T00:41:01.407000;4df3ed03-83ce-4e9f-9f22-041ac96271ff;406.74;0.08015;BUY
2016-01-22T00:41:31.500000;2016-01-22T00:41:31.623000;109a7fc2-ac0b-40ff-8ba0-f4df918022c1;406.78;0.25;BUY
2016-01-22T00:41:31.500000;2016-01-22T00:41:31.623000;3f41a2a9-fdad-4797-b48f-01462559467e;406.78;0.06927;BUY
2016-01-22T00:41:51.277000;2016-01-22T00:41:51.407000;108e0671-d33d-4d81-952c-a3f0bfc98de0;406.73;0.33912;BUY
2016-01-22T00:41:54.263000;2016-01-22T00:41:54.390000;ad3a55f7-1e12-428b-94cd-60fb61d2fc06;406.72;0.102;BUY
2016-01-22T00:42:30.913000;2016-01-22T00:42:31.047000;598bac3f-f8fe-4fcc-a4a9-2c4020ab7183;406.73;0.01;SELL
2016-01-22T00:42:30.913000;2016-01-22T00:42:31.047000;f12c6d64-f3e2-4dbc-bd52-75432e212cc3;406.73;0.082;SELL
2016-01-22T00:42:30.913000;2016-01-22T00:42:31.047000;fe6f5c37-aee2-432f-a066-503f9b0b38c0;406.72;0.01;SELL
2016-01-22T00:42:30.913000;2016-01-22T00:42:31.047000;43793ebb-1127-4f6f-b75d-32e9ea4205a4;406.68;0.092;SELL
2016-01-22T00:42:30.913000;2016-01-22T00:42:31.047000;2db4f185-258c-4dc9-bd55-a6ef346eee72;406.63;0.113;SELL
2016-01-22T00:42:30.913000;2016-01-22T00:42:31.060000;7734ebc0-608f-470a-bdb6-f3693301f806;406.58;0.126;SELL
2016-01-22T00:42:30.913000;2016-01-22T00:42:31.060000;96833bf1-d0d6-45c3-a40b-f9b93c6f0ae9;406.53;0.148;SELL
2016-01-22T00:42:30.913000;2016-01-22T00:42:31.060000;6a7d6517-6ffe-420a-8f94-fe10d7b27603;406.49;0.01;SELL
2016-01-22T00:42:30.913000;2016-01-22T00:42:31.060000;3c6fe1bb-1210-4302-abbb-d7f1c89a022c;406.48;0.02769;SELL
2016-01-22T00:43:01.243000;2016-01-22T00:43:01.373000;a78aa8b4-8a43-482d-a035-21f050f8cb7c;406.58;0.26;BUY
2016-01-22T00:43:01.243000;2016-01-22T00:43:01.373000;90e5847f-97c4-427b-9728-b64362298bb8;406.65;0.87707;BUY
2016-01-22T00:44:01.140000;2016-01-22T00:44:01.403000;ab3749fc-0e0e-45a6-9bb1-023a306ad586;406.5;0.25;BUY
2016-01-22T00:44:01.140000;2016-01-22T00:44:01.420000;7ad86e87-1429-4b61-a432-c94618a2c5a8;406.5;5.44885;BUY
2016-01-22T00:44:09.103000;2016-01-22T00:44:09.373000;503b0b5c-42ce-4cb9-9740-4f0d4d010668;406.57;1.21553852;BUY
2016-01-22T00:44:30.943000;2016-01-22T00:44:31.217000;d406cb01-6b72-43bb-9ada-97cf75cfc82f;406.5;0.25;BUY
2016-01-22T00:44:30.947000;2016-01-22T00:44:31.233000;fe47a8ba-8f48-4503-8c96-d9e6f417969a;406.5;0.31694;BUY
2016-01-22T00:45:06.243000;2016-01-22T00:45:06.497000;b9d47206-7723-4d25-b50d-bee2716abec2;406.5;0.04;BUY
2016-01-22T00:45:31.173000;2016-01-22T00:45:31.450000;b4a10173-1c4c-4eda-a2c7-748883d20c32;406.49;0.34;BUY
2016-01-22T00:45:31.173000;2016-01-22T00:45:31.450000;4aa90d8f-9732-4a85-8b61-599e7ff97b98;406.49;1.419;BUY
2016-01-22T00:45:31.173000;2016-01-22T00:45:31.450000;6dbf53d1-0e97-4e13-b3ec-4c2dfd18b46c;406.49;1.205;BUY
2016-01-22T00:45:31.173000;2016-01-22T00:45:31.450000;7c6583da-3b63-4253-9880-399ccbfafa3d;406.53;3.82519;BUY
2016-01-22T00:45:46.237000;2016-01-22T00:45:46.497000;d99d02e7-45ae-4706-86a6-c7f89dd92517;406.49;0.0759;BUY
2016-01-22T00:46:02.267000;2016-01-22T00:46:02.530000;00a97668-b2c5-4d8a-ab39-535172602f04;406.49;0.1741;BUY
2016-01-22T00:46:02.267000;2016-01-22T00:46:02.543000;841ad82d-72c5-48f2-bb76-5ed5ce6a06ca;406.49;0.22183;BUY
2016-01-22T00:46:30.860000;2016-01-22T00:46:31.123000;f1acff13-3b4d-4c37-a633-bc2d63b429af;406.49;0.25;BUY
2016-01-22T00:46:30.860000;2016-01-22T00:46:31.153000;9801a2ea-d141-4f37-b4e6-073d1b9a65f2;406.49;0.57034;BUY
2016-01-22T00:46:35.730000;2016-01-22T00:46:35.983000;aba9eed9-0ed3-47ab-8c52-5743193af787;406.49;0.01;SELL
2016-01-22T00:46:35.730000;2016-01-22T00:46:36.013000;25b5b3c5-3d2a-4dda-83c4-d482d6959132;406.48;0.02231;SELL
2016-01-22T00:46:35.730000;2016-01-22T00:46:36.013000;d99b5f5b-1b25-412c-9eae-74ae67d0dbc5;406.48;0.29;SELL
2016-01-22T00:46:35.730000;2016-01-22T00:46:36.013000;2abb1f2c-f8a9-4b35-a447-3808d154237b;406.46;0.114;SELL
2016-01-22T00:46:35.730000;2016-01-22T00:46:36.013000;cc6d9d20-195a-41dc-9585-209c0317d32c;406.45;0.01471;SELL
2016-01-22T00:46:35.740000;2016-01-22T00:46:36.077000;adffaac2-f5e0-4757-aa80-337994f85937;406.45;0.09129;SELL
2016-01-22T00:46:35.740000;2016-01-22T00:46:36.077000;f5ef922b-2386-45d0-85c4-91addbf8395a;406.39;0.09295;SELL
2016-01-22T00:46:35.773000;2016-01-22T00:46:36.077000;70f6b518-27d6-4011-a7fb-4c042d4775ea;406.39;0.04405;SELL
2016-01-22T00:46:35.773000;2016-01-22T00:46:36.077000;f1410a80-11ed-4898-8bd6-d8c1f4bdb576;406.38;0.15069;SELL
2016-01-22T00:47:00.827000;2016-01-22T00:47:01.107000;36267623-96ca-4526-a40e-cf8dd4318dc5;406.54;0.06569;BUY
2016-01-22T00:47:31.463000;2016-01-22T00:47:31.733000;7e1d49b2-26a9-4b5d-9cf0-77751f7e5c66;406.67;0.01;BUY
2016-01-22T00:47:31.463000;2016-01-22T00:47:31.733000;4f2db75f-ea45-4048-9dcf-bdac2ab04761;406.67;0.23;BUY
2016-01-22T00:47:31.463000;2016-01-22T00:47:31.733000;01c7cb79-3b12-4a97-af81-0a897b0e5867;406.75;0.28344;BUY
2016-01-22T00:48:21.130000;2016-01-22T00:48:21.390000;14454bff-81f8-492e-846b-0f9047fd4774;406.57;0.355;BUY
2016-01-22T00:48:31.493000;2016-01-22T00:48:31.747000;be7d7222-6219-4b64-a73d-ef13a264e951;406.63;0.25;BUY
2016-01-22T00:48:31.493000;2016-01-22T00:48:31.763000;14fb4de0-8193-4d93-8571-3413104709ba;406.65;0.248;BUY
2016-01-22T00:48:31.497000;2016-01-22T00:48:31.763000;11afcd10-e5f6-44da-b663-25344d43dcdf;406.69;0.69653;BUY
2016-01-22T00:49:01.447000;2016-01-22T00:49:01.700000;61a6fc29-e63a-4330-a439-6027d0578a4f;406.68;0.82;BUY
2016-01-22T00:49:01.447000;2016-01-22T00:49:01.717000;e594df52-4799-4aae-890f-79b9688c733a;406.69;0.10302;BUY
2016-01-22T00:49:31.640000;2016-01-22T00:49:31.903000;c4ef2887-2db8-40fb-a948-dd8e85945648;406.53;0.01;SELL
2016-01-22T00:49:31.640000;2016-01-22T00:49:31.920000;db6b771f-e9c4-489e-ad61-bbc4d9667263;406.52;0.01;SELL
2016-01-22T00:49:31.640000;2016-01-22T00:49:31.920000;a95d3fc1-cd5e-4ac0-bd35-d3b9f996229d;406.48;0.1;SELL
2016-01-22T00:49:31.640000;2016-01-22T00:49:31.920000;41ffc457-967e-423c-8765-ea34d704c78d;406.45;0.38;SELL
2016-01-22T00:49:31.640000;2016-01-22T00:49:31.920000;6d12f4e0-d203-4c87-8316-6b714f251c9a;406.38;0.02311;SELL
2016-01-22T00:49:31.640000;2016-01-22T00:49:31.920000;d1c618b6-4ab9-440c-b561-787ed3024900;406.37;0.09;SELL
2016-01-22T00:49:31.643000;2016-01-22T00:49:31.967000;d8484d56-1743-4a47-b52b-048c97a54844;406.33;0.01;SELL
2016-01-22T00:49:31.643000;2016-01-22T00:49:31.997000;61752a1c-fb9d-47ab-a489-3e98584c21a1;406.32;0.115;SELL
2016-01-22T00:49:31.643000;2016-01-22T00:49:32.030000;603c7564-8ecd-42df-9bed-c5f49f247af6;406.27;0.073;SELL
2016-01-22T00:49:31.643000;2016-01-22T00:49:32.030000;e6f99c12-eb31-40e5-87f0-ac0fd98738b8;406.25;0.46;SELL
2016-01-22T00:49:31.643000;2016-01-22T00:49:32.030000;a1141773-9445-4d95-a423-d93a01c32b2f;406.25;1.57;SELL
2016-01-22T00:49:31.643000;2016-01-22T00:49:32.030000;b8018ff4-f7ca-4000-a0ff-e0c4605636df;406.23;0.12;SELL
2016-01-22T00:49:31.643000;2016-01-22T00:49:32.030000;836df910-2c7e-4161-8812-9042c2d7daed;406.23;0.89;SELL
2016-01-22T00:49:31.643000;2016-01-22T00:49:32.030000;a256f2da-d518-4dc9-8d5e-7dee966725bf;406.18;0.101;SELL
2016-01-22T00:49:31.643000;2016-01-22T00:49:32.030000;9bc07e6c-73ca-4f77-87b0-f0552f9c9ad5;406.13;0.05;SELL
2016-01-22T00:49:31.643000;2016-01-22T00:49:32.030000;708e5b0d-c201-440f-96d8-13c8facfa977;406.13;0.096;SELL
2016-01-22T00:49:31.643000;2016-01-22T00:49:32.030000;ca71beee-0292-42b2-9fd6-fa706532e581;406.13;1.69;SELL
2016-01-22T00:49:31.643000;2016-01-22T00:49:32.030000;0ff38445-52f4-4cfc-8557-48e17daa0c6e;406.12;7.42;SELL
2016-01-22T00:49:31.643000;2016-01-22T00:49:32.030000;8a4e06fc-68ac-4466-b755-ee7f2c345937;406.1;0.3;SELL
2016-01-22T00:49:31.643000;2016-01-22T00:49:32.030000;12b7ae62-9d7e-4e45-9a5e-6b7d2e19d9af;406.1;0.25;SELL
2016-01-22T00:49:31.643000;2016-01-22T00:49:32.030000;f6e6254a-8d14-4acd-9d7c-f3a3162cffa6;406.08;0.082;SELL
2016-01-22T00:49:31.643000;2016-01-22T00:49:32.030000;00166545-0ab0-443b-87d9-9d072cd7e39e;406.07;0.01;SELL
2016-01-22T00:49:31.643000;2016-01-22T00:49:32.030000;34405797-a87e-4dc8-9b3d-aea94baff3e4;406.05;0.677;SELL
2016-01-22T00:49:31.643000;2016-01-22T00:49:32.030000;c861f00d-d1c9-4e79-ab25-20756050e321;406.03;0.091;SELL
2016-01-22T00:49:31.643000;2016-01-22T00:49:32.030000;b3f6d05a-b231-4eb6-bbe5-109b9fc277a9;405.95;0.05;SELL
2016-01-22T00:49:31.643000;2016-01-22T00:49:32.030000;79d199cd-b7af-498a-bf72-fac7396f2470;405.95;0.18208;SELL
2016-01-22T00:49:44.187000;2016-01-22T00:49:44.437000;56da0ef6-15ba-481a-b0fe-00936c7adfd6;406.46;0.0134;BUY
2016-01-22T00:50:01.377000;2016-01-22T00:50:01.623000;6610817c-df7d-4dc5-bc3b-e7a3427998c3;406.25;4.92872;SELL
2016-01-22T00:50:30.980000;2016-01-22T00:50:31.233000;7d403560-05cc-4d28-bad5-9da0d6761af3;406.54;0.39;BUY
2016-01-22T00:50:30.980000;2016-01-22T00:50:31.247000;2a3d24a5-48d2-41b0-8692-5b57a420513c;406.57;0.01;BUY
2016-01-22T00:50:30.980000;2016-01-22T00:50:31.247000;45e73697-ddbb-45cc-8caf-a44f2f202943;406.7;0.78;BUY
2016-01-22T00:50:30.980000;2016-01-22T00:50:31.247000;cc90408c-869b-47be-aece-5579484dacaa;406.71;0.01;BUY
2016-01-22T00:50:30.980000;2016-01-22T00:50:31.247000;55f3296f-6e5f-4f0f-8659-a62497bf17ce;406.72;0.27786;BUY
2016-01-22T00:50:35.557000;2016-01-22T00:50:35.827000;4d7411e1-7d66-4cfa-9e5f-dedaba49d48e;406.36;0.10069183;SELL
2016-01-22T00:50:35.777000;2016-01-22T00:50:36.043000;53cc432b-3cbc-4422-b4a0-96770bd4302b;406.7;0.1;BUY
2016-01-22T00:51:01.213000;2016-01-22T00:51:01.467000;68f36b51-8d08-4031-89fb-779b4652bba4;406.58;2.39204;SELL
2016-01-22T00:51:31.277000;2016-01-22T00:51:31.513000;cd0b531c-cb38-46cd-8eb4-f989c4c832be;406.8;0.65796;SELL
2016-01-22T00:51:33.780000;2016-01-22T00:51:34.043000;75f5ea80-696b-4175-9219-8b417ba939e4;406.8;0.131;SELL
2016-01-22T00:52:01.063000;2016-01-22T00:52:01.310000;8e1f3c1f-c2ac-4b5a-980b-1150b830300f;406.81;0.01;BUY
2016-01-22T00:52:01.063000;2016-01-22T00:52:01.327000;8ff7de5a-61e9-4990-bbfd-6336a998a5b1;406.9;0.01;BUY
2016-01-22T00:52:01.063000;2016-01-22T00:52:01.327000;de76e6ac-28d0-49b9-b8ee-e73647de8868;406.91;0.01;BUY
2016-01-22T00:52:01.063000;2016-01-22T00:52:01.343000;94be4ddc-d153-4a93-87f6-0bb21cca9e06;406.97;0.01;BUY
2016-01-22T00:52:01.063000;2016-01-22T00:52:01.343000;7e45f8d2-947b-4e8a-bc60-d12e5ea6c45f;407.0;0.1;BUY
2016-01-22T00:52:01.063000;2016-01-22T00:52:01.343000;68e9b293-9473-428e-8d8d-4d0994e78c21;407.0;0.01;BUY
2016-01-22T00:52:01.063000;2016-01-22T00:52:01.343000;6f8b395f-31a5-483d-82a8-692bf548d49d;407.0;0.01;BUY
2016-01-22T00:52:01.063000;2016-01-22T00:52:01.343000;9e3fa960-ea0c-40df-8c44-957902d91c7b;407.0;0.082;BUY
2016-01-22T00:52:01.063000;2016-01-22T00:52:01.403000;17982315-8e6b-43d9-86fb-1a6a1763c0bc;407.02;0.01;BUY
2016-01-22T00:52:01.063000;2016-01-22T00:52:01.420000;79d5e4b6-54cd-49f8-ba47-6a474b25fe1a;407.03;0.01;BUY
2016-01-22T00:52:01.063000;2016-01-22T00:52:01.420000;85cf82b8-4143-476c-a719-3902b69801ce;407.05;0.04534;BUY
2016-01-22T00:52:09.690000;2016-01-22T00:52:09.950000;bc3d008d-dd39-4019-9e60-9a45d6411bdc;407.05;0.083;SELL
2016-01-22T00:52:31.063000;2016-01-22T00:52:31.310000;931ac125-8d49-48e0-b71b-eb448d2faf7b;407.06;0.77002;BUY
2016-01-22T00:52:37.810000;2016-01-22T00:52:38.060000;cbac35ba-ce93-42ff-b02a-3f8bcb91d0d0;407.06;0.14;SELL
2016-01-22T00:53:01.437000;2016-01-22T00:53:01.687000;8d10b88b-d940-4f2b-8bfc-662eb441a04e;407.07;0.02;BUY
2016-01-22T00:53:01.437000;2016-01-22T00:53:01.700000;97c4b2b1-6c33-4edd-b7f5-7b46d07d7d5a;407.07;0.348;BUY
2016-01-22T00:53:01.437000;2016-01-22T00:53:01.717000;c46b66e4-cd7a-45b5-add7-2ff2d0d2f3d8;407.12;0.21802;BUY
2016-01-22T00:53:21.820000;2016-01-22T00:53:22.077000;47bd8d0d-44cf-4053-afef-a7f53e2601b9;407.15;0.199;BUY
2016-01-22T00:53:21.823000;2016-01-22T00:53:22.093000;14398724-d1ce-4274-af14-9fd6c38ae438;407.16;0.01;BUY
2016-01-22T00:53:21.823000;2016-01-22T00:53:22.093000;24fdac18-3bf4-4773-8d38-288a7fd3807c;407.18;0.01;BUY
2016-01-22T00:53:21.823000;2016-01-22T00:53:22.093000;a6b168df-b5e6-4e6d-97bb-7020785c0ac5;407.22;0.01;BUY
2016-01-22T00:53:21.823000;2016-01-22T00:53:22.093000;fcceb349-2bad-4b84-97ee-307a5f3e3ab7;407.22;0.439;BUY
2016-01-22T00:53:21.823000;2016-01-22T00:53:22.093000;96662b41-2872-477f-be33-4ff5ef064cf7;407.26;0.077;BUY
2016-01-22T00:53:21.823000;2016-01-22T00:53:22.093000;8f791f9e-4e67-49a5-95e2-758ddde1289b;407.26;0.25684581;BUY
2016-01-22T00:53:31.253000;2016-01-22T00:53:31.530000;6c71bd0c-ff99-4342-9cab-786714595b54;407.23;2.4352;BUY
2016-01-22T00:54:01.717000;2016-01-22T00:54:01.983000;92ab6e32-b10c-4008-afa0-f6b9ec3f9ba3;407.18;0.42467;BUY
2016-01-22T00:54:07.183000;2016-01-22T00:54:07.437000;072e8ec6-f8cc-40cc-af69-26140e8181bc;407.18;0.01;SELL
2016-01-22T00:54:31.507000;2016-01-22T00:54:31.747000;7f69ca12-00bd-499a-bc2d-8f9b61016ce5;407.06;0.08412;SELL
2016-01-22T00:54:42.553000;2016-01-22T00:54:42.793000;181e8449-29e7-4247-ba4f-2f239e21ea74;407.15;0.56124665;BUY
2016-01-22T00:54:43.527000;2016-01-22T00:54:43.763000;bd1df81e-5715-48f9-8872-135cf9614745;407.22;0.56124665;BUY
2016-01-22T00:54:44.493000;2016-01-22T00:54:44.733000;794ffed8-943c-424e-9fd4-aa881ba0b1c6;407.22;0.16875335;BUY
2016-01-22T00:54:44.493000;2016-01-22T00:54:44.763000;f6582ee0-19a4-46af-aa9e-28fd49e45707;407.26;0.2;BUY
2016-01-22T00:54:44.493000;2016-01-22T00:54:44.763000;5c9c5d11-a0fc-418c-8460-1fe8a314c843;407.27;0.1924933;BUY
2016-01-22T00:54:44.777000;2016-01-22T00:54:45.013000;669dbba3-3907-464a-a170-596ec6562123;407.27;0.3375067;BUY
2016-01-22T00:54:44.777000;2016-01-22T00:54:45.043000;8b75dc1e-a919-4afb-acc8-a65dbe84e68c;407.27;0.22373995;BUY
2016-01-22T00:54:45.750000;2016-01-22T00:54:46.013000;7b1df652-8c54-45ed-bec3-cf4bdb5e14cc;407.18;0.56124665;BUY
2016-01-22T00:55:01.023000;2016-01-22T00:55:01.263000;ef46eff2-7c86-41ee-8789-3fb316c3d78c;407.12;0.95731;BUY
2016-01-22T00:55:31.057000;2016-01-22T00:55:31.297000;c1025627-ece4-426a-a2a1-34c0d0753a90;407.11;0.74089;BUY
2016-01-22T00:55:59.023000;2016-01-22T00:55:59.263000;b24d0537-f137-42bd-9775-9fff6a19a9a7;407.1;2.0;BUY
2016-01-22T00:56:31.300000;2016-01-22T00:56:31.547000;3fea3284-15e7-4259-822d-43047d646767;407.1;0.01;SELL
2016-01-22T00:56:31.300000;2016-01-22T00:56:31.560000;4892b06f-76c8-4367-97c5-aafa50870b06;407.09;0.56124665;SELL
2016-01-22T00:56:31.303000;2016-01-22T00:56:31.560000;c16e0878-f9cc-436b-8e66-9d105c23ba32;407.08;0.18;SELL
2016-01-22T00:56:31.303000;2016-01-22T00:56:31.577000;949c0e0a-8513-4f45-a1bc-75a0727d2ec1;407.05;4.47119335;SELL
2016-01-22T00:57:01.360000;2016-01-22T00:57:01.593000;d4ac3122-e01f-4ef2-ad78-1eafed4eef60;407.1;0.48912;BUY
2016-01-22T00:57:08.430000;2016-01-22T00:57:08.670000;b0d0eeb3-9dba-4ce3-a548-beb3f7a8b7a8;407.09;1.021;BUY
2016-01-22T00:57:08.430000;2016-01-22T00:57:08.687000;7276ebc6-efc5-4c79-821b-3c3754520cfd;407.11;1.154;BUY
2016-01-22T00:57:08.430000;2016-01-22T00:57:08.700000;46b751f7-e68b-479f-9a26-29cb0f7b6696;407.12;2.23537873;BUY
2016-01-22T00:57:19.467000;2016-01-22T00:57:19.700000;fc06c7c4-235b-4743-af85-93271e0013fb;407.11;0.0759566;BUY
2016-01-22T00:57:31.340000;2016-01-22T00:57:31.577000;142431c4-d343-4352-a99b-f78056b9ab08;407.09;0.12319;BUY
2016-01-22T00:58:30.973000;2016-01-22T00:58:31.217000;b659d8b6-c275-4155-a8c0-d200fbacaeef;407.09;1.3749;BUY
2016-01-22T00:59:01.287000;2016-01-22T00:59:01.513000;4fc2a363-ff1d-4b51-9d1d-c2f5b47d85a0;407.1;0.13;BUY
2016-01-22T00:59:01.287000;2016-01-22T00:59:01.530000;7691bcb6-197e-4e37-8581-1097b2a0ff5f;407.11;0.57963;BUY
2016-01-22T01:00:01.310000;2016-01-22T01:00:01.357000;0c4fca5f-4390-4b6f-bc89-372b7e5ef21f;407.09;0.51;BUY
2016-01-22T01:00:01.310000;2016-01-22T01:00:01.373000;3eaba74b-cbd7-4a65-bbda-663df32999c9;407.11;0.26;BUY
2016-01-22T01:00:01.310000;2016-01-22T01:00:01.373000;b1bd5536-3bbd-4c35-8cc2-6307fee82f7a;407.12;2.68378;BUY
2016-01-22T01:00:31.463000;2016-01-22T01:00:31.513000;7c80c0c5-4575-48a5-b4e8-4985fbb23133;407.11;0.461;BUY
2016-01-22T01:00:31.463000;2016-01-22T01:00:31.513000;164e598b-4e3d-4c91-861f-fe6677fceebe;407.13;0.298;BUY
2016-01-22T01:00:31.463000;2016-01-22T01:00:31.513000;a9254106-8ffd-4275-b32b-ce0538f89483;407.14;0.26;BUY
2016-01-22T01:00:31.463000;2016-01-22T01:00:31.530000;0ec034a4-2b8b-47e9-b38e-d6856688200e;407.15;1.347;BUY
2016-01-22T01:00:31.463000;2016-01-22T01:00:31.530000;f38a844f-1b88-4c0b-81c0-a37bfa9979c1;407.16;0.01321;BUY
2016-01-22T01:01:01.600000;2016-01-22T01:01:01.657000;4446b904-240d-4e46-ad5b-cf26d9adf59b;407.2;0.13;BUY
2016-01-22T01:01:01.600000;2016-01-22T01:01:01.670000;ad7ce8fc-8102-4b94-b39e-f22022d427fb;407.21;0.25978;BUY
2016-01-22T01:01:31.987000;2016-01-22T01:01:32.013000;697e11ca-555d-40bb-89e6-c26f5814d8e3;407.06;0.28434;SELL
2016-01-22T01:01:53.610000;2016-01-22T01:01:53.657000;11275e14-486f-4026-b854-a18be4583834;407.27;0.44;BUY
2016-01-22T01:01:53.610000;2016-01-22T01:01:53.657000;f462d34f-564d-4c48-8edf-3aac02f47570;407.28;0.01;BUY
2016-01-22T01:01:53.610000;2016-01-22T01:01:53.657000;46fbfc1f-b147-4837-ba82-e52bbe98cdde;407.28;0.01;BUY
2016-01-22T01:01:53.610000;2016-01-22T01:01:53.670000;13ba05eb-15c6-4039-a6b7-77368826e31c;407.28;0.01;BUY
2016-01-22T01:01:53.610000;2016-01-22T01:01:53.687000;7112cafd-337c-4309-9ef3-923854eebea8;407.36;0.01;BUY
2016-01-22T01:01:53.610000;2016-01-22T01:01:53.687000;f4b1bc10-8ecd-4ec3-a559-90c8c34e4a35;407.38;0.139;BUY
2016-01-22T01:01:53.610000;2016-01-22T01:01:53.687000;b7d55cbb-d931-4390-ab32-22554a3269dc;407.4;0.1071;BUY
2016-01-22T01:02:01.580000;2016-01-22T01:02:01.623000;d9e41944-ced8-43f8-b57f-3a71e4a5fa63;407.4;1.047;BUY
2016-01-22T01:02:01.580000;2016-01-22T01:02:01.623000;52036357-efb8-4842-99b1-10fe8c8e893e;407.45;0.44;BUY
2016-01-22T01:02:01.580000;2016-01-22T01:02:01.640000;c544e5fe-a54e-4ff9-856a-d901fc39a026;407.46;0.20442;BUY
2016-01-22T01:02:32.283000;2016-01-22T01:02:32.310000;eeeb4ee6-df8d-4c79-9fbc-3766f64c5f31;407.34;0.13;BUY
2016-01-22T01:02:32.287000;2016-01-22T01:02:32.343000;422b456e-56c3-42b3-9421-78cb5429eab1;407.35;0.03;BUY
2016-01-22T01:02:32.287000;2016-01-22T01:02:32.357000;c65f0705-16c2-40a0-9ac8-ba2894a9070b;407.43;1.04;BUY
2016-01-22T01:02:32.287000;2016-01-22T01:02:32.357000;2e68094f-5e72-4b22-abcb-3799ac8cada1;407.44;0.29727;BUY
2016-01-22T01:03:01.810000;2016-01-22T01:03:01.843000;1b43859c-ae3a-4e20-a783-3812d464212e;407.39;0.02891;BUY
2016-01-22T01:04:32.267000;2016-01-22T01:04:32.310000;bb414a61-ec3e-454c-8d3a-a7c81855f94c;407.44;0.2;BUY
2016-01-22T01:04:32.267000;2016-01-22T01:04:32.310000;e30f818e-d342-4bc2-ad8f-7866e9405612;407.51;0.01;BUY
2016-01-22T01:04:32.267000;2016-01-22T01:04:32.327000;09c0dc9d-4c1c-467d-8e4e-7144faf9ff0d;407.52;0.01;BUY
2016-01-22T01:04:32.267000;2016-01-22T01:04:32.327000;628da67f-f5d3-4236-a188-9256a8897d8c;407.53;0.01;BUY
2016-01-22T01:04:32.267000;2016-01-22T01:04:32.327000;41fac646-5fb6-40f2-b607-384fcd5cb263;407.54;0.01;BUY
2016-01-22T01:04:32.267000;2016-01-22T01:04:32.327000;dc9a5bed-7e72-4fb7-9c28-f9d3602a0168;407.54;0.01;BUY
2016-01-22T01:04:32.267000;2016-01-22T01:04:32.343000;79d20419-d29b-45e8-81f4-d50492eba73b;407.58;3.44251;BUY
2016-01-22T01:05:31.133000;2016-01-22T01:05:31.170000;6746905f-f65b-4ce7-bcec-0d6bcef07840;407.57;0.08729;BUY
2016-01-22T01:05:38.107000;2016-01-22T01:05:38.140000;9adb1ed3-f0e4-4c5a-a275-0de3f282b867;407.57;0.10271;BUY
2016-01-22T01:05:38.107000;2016-01-22T01:05:38.157000;523b1c53-cc95-455d-8677-b1e9eccaf4b4;407.59;0.14729;BUY
2016-01-22T01:06:01.363000;2016-01-22T01:06:01.407000;55fa333b-de21-4141-ace4-b77f4241ce11;407.57;0.19;BUY
2016-01-22T01:06:01.363000;2016-01-22T01:06:01.407000;b892f5e6-e80c-4784-80e7-a311d974483c;407.59;0.02651;BUY
2016-01-22T01:06:01.363000;2016-01-22T01:06:01.420000;a7ff224a-1a86-49df-b9db-f9273e5127fe;407.61;0.02;BUY
2016-01-22T01:06:01.363000;2016-01-22T01:06:01.420000;9e651047-3de4-4404-ae07-3c4f73d32932;407.65;0.01;BUY
2016-01-22T01:06:01.363000;2016-01-22T01:06:01.420000;2c58d6d8-78c5-4d49-862e-84f84e89f098;407.67;0.10028;BUY
2016-01-22T01:06:01.363000;2016-01-22T01:06:01.420000;2fdc2623-ab75-4964-b7c6-f7d50a74bfe0;407.69;0.01;BUY
2016-01-22T01:06:01.363000;2016-01-22T01:06:01.437000;96552ce8-9980-40ac-ad26-cd8c26cf48d6;407.7;0.01;BUY
2016-01-22T01:06:01.363000;2016-01-22T01:06:01.437000;138728fa-7d6c-43a0-b751-1bcce956c8c5;407.7;0.01;BUY
2016-01-22T01:06:01.363000;2016-01-22T01:06:01.437000;a1a2cddf-3e95-44a5-bd11-1b5d9d7af8eb;407.71;0.01;BUY
2016-01-22T01:06:01.363000;2016-01-22T01:06:01.437000;b1caba1f-c9aa-4046-91e7-b631bef7f9f9;407.72;0.01;BUY
2016-01-22T01:06:01.363000;2016-01-22T01:06:01.437000;9b303fb9-8534-47e6-892e-1bf3ea568156;407.72;0.123;BUY
2016-01-22T01:06:01.363000;2016-01-22T01:06:01.437000;12065c63-6e95-42dd-b92e-1f14fe049384;407.75;0.078;BUY
2016-01-22T01:06:01.363000;2016-01-22T01:06:01.453000;f985efc4-d20a-44e6-a1e6-6814299caf46;407.81;0.618;BUY
2016-01-22T01:06:01.363000;2016-01-22T01:06:01.453000;235b4e2a-ce17-41d6-9b50-49f656978410;407.82;0.01;BUY
2016-01-22T01:06:01.363000;2016-01-22T01:06:01.453000;b813ebc2-356f-4681-b215-4fc4a0b57755;407.83;0.01;BUY
2016-01-22T01:06:01.363000;2016-01-22T01:06:01.453000;0b1f5924-7659-4e32-a2a9-c55b92b6e2e1;407.98;0.57379;BUY
2016-01-22T01:06:31.110000;2016-01-22T01:06:31.170000;6fff8552-3662-4f63-b6f2-0fad5d6d1963;407.92;1.0425;BUY
2016-01-22T01:06:44.130000;2016-01-22T01:06:44.157000;cbab8e1d-f848-4b9b-a6d8-9066c99fbf0c;407.9;0.08;BUY
2016-01-22T01:07:01.047000;2016-01-22T01:07:01.060000;dd810133-d663-4bea-bc74-eec796382efc;407.9;0.112;BUY
2016-01-22T01:07:01.047000;2016-01-22T01:07:01.077000;1b19eb9e-a723-469c-90a6-691981d81fbb;407.9;0.21;BUY
2016-01-22T01:07:01.047000;2016-01-22T01:07:01.077000;0a3feb8e-0bdc-4918-8b76-f533bf5b5b1e;407.92;0.416;BUY
2016-01-22T01:07:01.047000;2016-01-22T01:07:01.093000;f8432a61-8571-4d7a-a046-86f52d651a39;407.96;0.12834;BUY
2016-01-22T01:07:07.123000;2016-01-22T01:07:07.157000;e7872bb9-1d75-4ba9-9575-bdde9d7698a6;407.91;0.01;SELL
2016-01-22T01:07:07.123000;2016-01-22T01:07:07.157000;2aeec939-c2b0-40a8-a4c1-a03a4294746c;407.9;0.01;SELL
2016-01-22T01:07:31.070000;2016-01-22T01:07:31.093000;8d1d6442-7a8e-44b5-9f90-d62f2d4ae3bf;407.95;0.281;BUY
2016-01-22T01:07:31.070000;2016-01-22T01:07:31.110000;81aee265-5086-4a2f-8f92-4b85a015108b;407.96;0.12;BUY
2016-01-22T01:07:31.070000;2016-01-22T01:07:31.110000;e2d619f7-12e8-4c94-891a-70bc980882c7;407.96;1.01;BUY
2016-01-22T01:07:31.070000;2016-01-22T01:07:31.123000;4d57db89-8e59-44d3-8b88-3a58be135029;407.98;0.88;BUY
2016-01-22T01:07:31.070000;2016-01-22T01:07:31.123000;e583cce9-f67f-4f8f-b5c0-1be2fa6aeeb9;407.99;2.57204;BUY
2016-01-22T01:08:01.070000;2016-01-22T01:08:01.093000;65be3753-d2a4-4d16-b89e-070093a7137c;407.91;0.70225;BUY
2016-01-22T01:08:31.393000;2016-01-22T01:08:31.407000;1a72a6b9-26fb-4f12-a715-dbb9cffbe927;407.97;0.02897;BUY
2016-01-22T01:08:36.617000;2016-01-22T01:08:36.623000;e12594ef-6d3d-4a52-a0b7-3b4aa53a880d;407.97;0.25;BUY
2016-01-22T01:09:01.217000;2016-01-22T01:09:01.233000;a2970019-bf4f-4b37-a660-6b7080c065c1;407.98;6.11;BUY
2016-01-22T01:09:01.217000;2016-01-22T01:09:01.250000;b7431434-0899-4697-a109-8569e5a630ee;407.99;0.861;BUY
2016-01-22T01:09:01.217000;2016-01-22T01:09:01.250000;92682f2d-e70c-47e3-b5a5-bc43db06f366;407.99;7.41;BUY
2016-01-22T01:09:01.217000;2016-01-22T01:09:01.263000;5f0144fe-f885-4785-90d8-9dd5e4ddbbcf;408.0;0.01;BUY
2016-01-22T01:09:01.217000;2016-01-22T01:09:01.263000;94e0d93e-e9da-49ec-af85-09336461a0b0;408.0;0.1;BUY
2016-01-22T01:09:01.217000;2016-01-22T01:09:01.263000;23939544-b1f5-48df-813f-93449d58163c;408.0;5.49253;BUY
2016-01-22T01:09:31.213000;2016-01-22T01:09:31.233000;e5f123a8-7488-494c-af76-6a3a8f8e2bd5;407.77;0.149;SELL
2016-01-22T01:09:31.213000;2016-01-22T01:09:31.250000;3c15eaf6-ce2b-4005-a6f9-781f5b1d05a0;407.76;0.01;SELL
2016-01-22T01:09:31.213000;2016-01-22T01:09:31.250000;907af2f6-f917-493c-970d-aa62c0e3e8cd;407.72;0.145;SELL
2016-01-22T01:09:31.213000;2016-01-22T01:09:31.263000;13b2b021-2734-41b5-9363-2b5990356b79;407.67;0.141;SELL
2016-01-22T01:09:31.213000;2016-01-22T01:09:31.263000;7d1027d9-b0f2-4331-9447-e3f7c3f2fb01;407.62;0.144;SELL
2016-01-22T01:09:31.213000;2016-01-22T01:09:31.263000;b559c8c4-b764-4175-856f-0a7b7ecc0488;407.57;0.113;SELL
2016-01-22T01:09:31.213000;2016-01-22T01:09:31.263000;e3276961-5002-4c84-86a8-683194200094;407.52;0.00778;SELL
2016-01-22T01:10:01.410000;2016-01-22T01:10:01.420000;66f2b297-6cba-423e-ac02-46d2106ab534;407.51;0.01;SELL
2016-01-22T01:10:01.410000;2016-01-22T01:10:01.437000;b3081af7-d48f-4544-8601-73ed6f6b34c0;407.51;0.078;SELL
2016-01-22T01:10:01.410000;2016-01-22T01:10:01.437000;61493b76-f345-4c7f-bf5d-c4c49bd68ebd;407.5;0.01;SELL
2016-01-22T01:10:01.410000;2016-01-22T01:10:01.437000;e9867274-e319-456a-a0be-2adf5e84239d;407.5;0.096;SELL
2016-01-22T01:10:01.410000;2016-01-22T01:10:01.467000;2b629c2b-65c9-418a-aec4-7d80705024e9;407.45;0.1;SELL
2016-01-22T01:10:01.410000;2016-01-22T01:10:01.467000;37014e17-e1f1-4f32-a1a6-9658a041c02b;407.43;0.02323;SELL
2016-01-22T01:10:31.423000;2016-01-22T01:10:31.453000;4f245057-53c2-4942-9aba-bd83b4845a45;407.8;0.78;BUY
2016-01-22T01:10:31.423000;2016-01-22T01:10:31.467000;43714849-37ce-43ed-9f62-d4817237f2f7;407.81;0.01;BUY
2016-01-22T01:10:31.423000;2016-01-22T01:10:31.467000;f802073d-0c23-410e-916e-ff7a5f55b979;407.85;1.17;BUY
2016-01-22T01:10:31.423000;2016-01-22T01:10:31.467000;2d336c59-b264-4d92-b193-1b9200ad9472;407.86;0.03805;BUY
2016-01-22T01:11:01.327000;2016-01-22T01:11:01.327000;c8a65bcd-498d-4f77-8ebd-7d81db65858b;407.86;0.39535;BUY
2016-01-22T01:11:31.797000;2016-01-22T01:11:31.810000;dd7a1676-bcb2-4a73-a851-3045008019b1;407.97;2.41359;BUY
2016-01-22T01:12:01.510000;2016-01-22T01:12:01.513000;8d2874cc-be8a-4077-b70b-99cce6c4839f;407.95;0.65;BUY
2016-01-22T01:12:01.510000;2016-01-22T01:12:01.513000;90503257-0742-4f4c-a23e-f538182ba222;407.95;0.39245;BUY
2016-01-22T01:12:30.220000;2016-01-22T01:12:30.217000;53a8ccde-5b71-4a8f-a47c-1bdb35824d44;407.95;0.25;BUY
2016-01-22T01:13:01.320000;2016-01-22T01:13:01.343000;3aa6440c-f931-45bb-913c-065ecb6625bd;407.96;1.04;BUY
2016-01-22T01:13:01.320000;2016-01-22T01:13:01.343000;d1d9834b-5a5e-4316-8c5b-209e1ce4fb57;407.97;0.47623;BUY
2016-01-22T01:13:31.270000;2016-01-22T01:13:31.280000;bfeaed49-b436-4a94-bc89-036ee150504b;407.75;0.21832;SELL
2016-01-22T01:14:01.487000;2016-01-22T01:14:01.483000;a541db12-993a-4302-96d5-6f4817b15f68;407.97;0.13;BUY
2016-01-22T01:14:01.490000;2016-01-22T01:14:01.513000;376277f0-0273-4bc6-9f41-2d7954c78eb4;407.98;0.01;BUY
2016-01-22T01:14:01.490000;2016-01-22T01:14:01.530000;3a2bb7a5-4d06-4216-97df-b884a0e0afd5;407.98;0.439;BUY
2016-01-22T01:14:01.490000;2016-01-22T01:14:01.530000;6fee90f3-743d-46c0-afa8-105a68e38a9a;407.99;0.08159;BUY
2016-01-22T01:14:07.513000;2016-01-22T01:14:07.530000;c6c173ed-2963-44c0-aa5a-489b8c8487a7;407.99;0.16796;BUY
2016-01-22T01:14:31.333000;2016-01-22T01:14:31.383000;59fece26-fa79-4926-8492-22ecea9ec644;407.99;3.02006;BUY
2016-01-22T01:14:59.737000;2016-01-22T01:14:59.777000;68e2bc17-1821-46c5-8326-c0773b383df5;407.91;1.067;BUY
2016-01-22T01:14:59.737000;2016-01-22T01:14:59.790000;e91e3551-93fa-42dd-9b3a-fbacd1fb15de;407.92;1.04;BUY
2016-01-22T01:14:59.737000;2016-01-22T01:14:59.790000;99d6a59f-52d3-43c9-a83d-132163e50981;407.93;1.3;BUY
2016-01-22T01:14:59.737000;2016-01-22T01:14:59.807000;7a44f634-80be-4b43-a779-b438441a4248;407.94;0.795;BUY
2016-01-22T01:14:59.737000;2016-01-22T01:14:59.807000;5053f685-105c-4b52-857c-2d20f220f0e9;407.99;9.49;BUY
2016-01-22T01:14:59.737000;2016-01-22T01:14:59.807000;a771c1d4-ef26-4191-ad73-456b7f4404d4;408.0;6.308;BUY
2016-01-22T01:15:02.020000;2016-01-22T01:15:02.057000;f1ce5700-6edf-4155-8d33-49773f16e5be;407.96;0.50724;BUY
2016-01-22T01:15:31.413000;2016-01-22T01:15:31.463000;be9034fa-6598-4117-8ca0-fa8bb338ad31;407.89;0.13;BUY
2016-01-22T01:15:31.413000;2016-01-22T01:15:31.477000;408d6705-adc1-4f92-87a8-c27620cf0bf4;407.9;0.01;BUY
2016-01-22T01:15:31.413000;2016-01-22T01:15:31.477000;52347d13-0e0d-4d7c-a8b8-741e99355a46;407.97;1.07986;BUY
2016-01-22T01:15:59.210000;2016-01-22T01:15:59.260000;29f747cd-78e4-4d03-8045-162ec37353e8;407.99;0.75;BUY
2016-01-22T01:15:59.210000;2016-01-22T01:15:59.260000;b59c41a1-acb4-49cf-a948-2c327c5a01d7;408.0;19.25;BUY
2016-01-22T01:16:01.707000;2016-01-22T01:16:01.760000;f19b7d84-0782-46a8-bfd8-ea44d1e08e12;408.0;0.02758;BUY
2016-01-22T01:16:31.677000;2016-01-22T01:16:31.727000;7a1fa5d0-6abf-4533-be6c-e3203ebee12a;408.0;0.35103;BUY
2016-01-22T01:17:01.690000;2016-01-22T01:17:01.730000;8a74858f-36e0-4045-85b7-adede7bc8235;407.92;0.09063;BUY
2016-01-22T01:17:31.260000;2016-01-22T01:17:31.307000;632db367-61b2-4f9e-8bb9-0de83cfa7a95;407.79;0.20373;BUY
2016-01-22T01:17:37.070000;2016-01-22T01:17:37.103000;d7181938-33b8-43e5-8e82-e6198c6a395b;407.82;0.59;BUY
2016-01-22T01:17:37.070000;2016-01-22T01:17:37.120000;d460551c-3899-471a-973f-4b3bbe7c4c17;407.83;0.354;BUY
2016-01-22T01:18:01.550000;2016-01-22T01:18:01.587000;1a5a62f4-29cf-4b96-a707-8f1e295b409d;407.75;0.60389;BUY
2016-01-22T01:18:31.237000;2016-01-22T01:18:31.277000;3752b905-bb72-42a6-a2a7-8098ffd5bddf;407.73;0.01;SELL
2016-01-22T01:18:31.237000;2016-01-22T01:18:31.307000;b3021e53-ab0d-4aa4-a282-35825cf0a39d;407.73;0.27;SELL
2016-01-22T01:18:31.237000;2016-01-22T01:18:31.307000;ae5240bf-77a3-4d70-8d89-6b0ebf241962;407.73;0.133;SELL
2016-01-22T01:18:31.237000;2016-01-22T01:18:31.307000;79b35e35-429f-4aa5-842b-dd5289869b5f;407.72;0.21872;SELL
2016-01-22T01:19:01.497000;2016-01-22T01:19:01.540000;102cf8cd-73ab-4d98-ac6c-bd40f312a64a;407.69;0.62;BUY
2016-01-22T01:19:01.497000;2016-01-22T01:19:01.557000;ca68f6d0-ab9e-4ca5-8856-a58af5e3490d;407.7;10.0;BUY
2016-01-22T01:19:01.497000;2016-01-22T01:19:01.557000;695c8a8f-05aa-423a-bb04-2500d85c0684;407.82;1.19;BUY
2016-01-22T01:19:01.497000;2016-01-22T01:19:01.557000;18e66655-b162-4ddf-b18d-329ed0f6ddea;407.85;0.485;BUY
2016-01-22T01:19:01.497000;2016-01-22T01:19:01.557000;2b8bef4e-72df-4679-938c-d0c2cd93f6b4;407.88;1.325;BUY
2016-01-22T01:19:01.497000;2016-01-22T01:19:01.557000;2209f11e-b4b2-46ee-a9f7-680f9a098619;408.0;0.27086;BUY
2016-01-22T01:19:01.497000;2016-01-22T01:19:01.557000;98757b2a-2dd3-4109-887f-a1cc07515467;408.01;1.02436;BUY
2016-01-22T01:19:26.413000;2016-01-22T01:19:26.447000;c928fd99-a17b-46ef-83ee-f2178602a923;407.78;0.283;SELL
2016-01-22T01:19:31.637000;2016-01-22T01:19:31.667000;3fcc0451-6712-4d5b-b1da-90d3c7adfde9;407.53;0.01;SELL
2016-01-22T01:19:31.637000;2016-01-22T01:19:31.680000;a9684b1f-7e78-4089-938f-2f9e3f4f7f13;407.52;0.01;SELL
2016-01-22T01:19:31.637000;2016-01-22T01:19:31.680000;6817670f-2417-475a-806b-5ff3ab685d84;407.48;0.0775;SELL
2016-01-22T01:20:01.577000;2016-01-22T01:20:01.603000;c8521534-e113-4b52-9b6b-398356e101e3;407.44;0.01;SELL
2016-01-22T01:20:01.577000;2016-01-22T01:20:01.620000;acf8b4f3-dff2-462c-a6bf-bb7dd3b7862b;407.43;0.33;SELL
2016-01-22T01:20:01.577000;2016-01-22T01:20:01.620000;181f9683-9a54-4bfc-8bde-cf131f38997c;407.43;0.105;SELL
2016-01-22T01:20:01.577000;2016-01-22T01:20:01.633000;d2cce2a5-1e5b-4ddb-9ecd-4e695880e312;407.28;0.01;SELL
2016-01-22T01:20:01.577000;2016-01-22T01:20:01.633000;bcb4ae62-b444-4fcc-bc6b-145019daecaa;407.27;0.08;SELL
2016-01-22T01:20:01.577000;2016-01-22T01:20:01.697000;825739b3-7322-400c-8c28-a17d5590f624;407.11;0.01;SELL
2016-01-22T01:20:01.577000;2016-01-22T01:20:01.697000;24a5afa6-243b-4a87-8b88-e1e3f7b90e56;407.11;0.0245;SELL
2016-01-22T01:20:31.453000;2016-01-22T01:20:31.480000;89357af6-5ed1-4b46-a58e-eced7f041a3d;407.46;0.26;BUY
2016-01-22T01:20:31.453000;2016-01-22T01:20:31.493000;f08c277c-9a1c-461d-98a5-f0a07c7fcb02;407.47;0.2298;BUY
2016-01-22T01:21:01.760000;2016-01-22T01:21:01.790000;2aa7fe46-de10-4a11-b43e-c629dc76ee97;407.26;0.18952;SELL
2016-01-22T01:21:31.453000;2016-01-22T01:21:31.493000;91a7086e-e59f-41f2-84e4-f67f1407c67b;407.34;0.12427;BUY
2016-01-22T01:21:38.060000;2016-01-22T01:21:38.087000;836d6475-f8da-4e50-8344-b018bd4c0b7b;407.34;0.00039181;BUY
2016-01-22T01:22:01.547000;2016-01-22T01:22:01.573000;3b205955-9dbd-4834-8654-7e7245c51533;407.34;0.12133819;BUY
2016-01-22T01:22:01.547000;2016-01-22T01:22:01.587000;8349b77c-b282-40f5-83ec-e6da0367b080;407.34;0.13;BUY
2016-01-22T01:22:01.547000;2016-01-22T01:22:01.587000;df4afd8c-996a-4a2f-9b50-55532eb9515f;407.35;0.22007181;BUY
2016-01-22T01:22:31.500000;2016-01-22T01:22:31.527000;74fdba6e-91f5-4500-82f2-7a21e91d6d6a;407.35;0.41675;BUY
2016-01-22T01:23:24.853000;2016-01-22T01:23:24.870000;7647cf29-9981-405e-9df2-0f1b570bfee8;407.34;8.24;SELL
2016-01-22T01:23:24.853000;2016-01-22T01:23:24.883000;bf30d121-3edb-43a4-8982-fc53be5ccdce;407.34;1.921;SELL
2016-01-22T01:23:24.853000;2016-01-22T01:23:24.883000;b654fcc3-177d-42fc-b863-0957e84ae2d9;407.34;6.74547348;SELL
2016-01-22T01:24:01.700000;2016-01-22T01:24:01.713000;4974185b-0f2a-40e9-b136-4bf5f851090c;407.35;9.35060905;BUY
2016-01-22T01:24:01.700000;2016-01-22T01:24:01.730000;c564658e-55de-434f-8ead-6c203754930b;407.48;0.22;BUY
2016-01-22T01:24:01.700000;2016-01-22T01:24:01.730000;c5c04a48-ff73-4d60-83d6-27088e564312;407.63;0.713;BUY
2016-01-22T01:24:01.700000;2016-01-22T01:24:01.760000;ae7f506a-9a7d-48b2-bd88-13d57d7da8b7;407.65;0.01;BUY
2016-01-22T01:24:01.700000;2016-01-22T01:24:01.760000;d1a27b4e-ee8f-497f-a737-5be00212cdac;407.66;0.01;BUY
2016-01-22T01:24:01.700000;2016-01-22T01:24:01.760000;162ad27f-77c5-4d36-97c2-ab3551fae5ed;407.71;0.01;BUY
2016-01-22T01:24:01.700000;2016-01-22T01:24:01.823000;7e0707eb-0a56-43c3-87f9-c2de50542c08;407.72;0.728;BUY
2016-01-22T01:24:01.700000;2016-01-22T01:24:01.823000;27b901ed-ac95-4223-bbb9-511a908ac247;407.76;0.01;BUY
2016-01-22T01:24:01.700000;2016-01-22T01:24:01.823000;90ccb94f-8098-4ffc-8447-7a9c73d9a76c;407.77;0.743;BUY
2016-01-22T01:24:01.700000;2016-01-22T01:24:01.823000;33c742dc-0bc1-4204-aaf4-38eb47e0274b;408.0;0.01;BUY
2016-01-22T01:24:01.700000;2016-01-22T01:24:01.823000;fecd840e-f460-4608-a3be-518ddf99922f;408.0;0.01;BUY
2016-01-22T01:24:01.700000;2016-01-22T01:24:01.823000;b2cdb357-9933-49af-9d5c-ea3a3c041eb3;408.01;12.05825095;BUY
2016-01-22T01:24:31.680000;2016-01-22T01:24:31.713000;7565c261-0aee-4519-9278-9b29839d1c4e;407.96;0.06;BUY
2016-01-22T01:24:31.680000;2016-01-22T01:24:31.713000;854d0c42-c15b-4839-b4e5-5b5c2ce57df4;407.96;0.8483;BUY
2016-01-22T01:25:01.753000;2016-01-22T01:25:01.760000;fc56e1c5-3798-4018-b1ce-70285dad49a2;407.99;2.42882;BUY
2016-01-22T01:25:31.077000;2016-01-22T01:25:31.087000;c5a7fa20-cb42-4897-ad74-d12758e9173a;407.97;0.08;BUY
2016-01-22T01:25:32.097000;2016-01-22T01:25:32.120000;314d8707-e7f9-4c26-a0ed-2c5dc78bf118;407.77;0.65;SELL
2016-01-22T01:25:32.097000;2016-01-22T01:25:32.120000;b5c85f77-800f-45f9-a613-463ebb36eeb4;407.76;0.32;SELL
2016-01-22T01:25:32.097000;2016-01-22T01:25:32.120000;47e0bf71-3ea5-4313-9b9f-8d5d96756cb4;407.54;1.42093;SELL
2016-01-22T01:26:02.013000;2016-01-22T01:26:02.027000;8216a04b-8092-4874-983b-8b18b66d1984;407.7;0.0787;SELL
2016-01-22T01:26:31.607000;2016-01-22T01:26:31.620000;51fcc821-110c-4951-99b8-80470c448893;407.83;0.14986;BUY
2016-01-22T01:26:37.560000;2016-01-22T01:26:37.573000;c2aa53a4-ed5f-4428-af22-8584db5ef9c6;407.81;0.2028;BUY
2016-01-22T01:26:37.620000;2016-01-22T01:26:37.667000;a2022ec6-80a6-40bd-87f5-d4103cde43fd;407.82;0.1372;BUY
2016-01-22T01:27:01.487000;2016-01-22T01:27:01.510000;d3034114-231c-4149-9f62-580ddb81b79c;407.99;0.18021;BUY
2016-01-22T01:27:45.787000;2016-01-22T01:27:45.790000;3889d2ac-995a-4509-9d75-cbe46cb60753;407.99;0.269;BUY
2016-01-22T01:28:01.530000;2016-01-22T01:28:01.557000;57fe5fbe-6948-4cd0-8123-7bba509af372;407.88;0.87703;BUY
2016-01-22T01:28:31.373000;2016-01-22T01:28:31.383000;1cddcb7b-3fe4-4515-9842-a428867d96d8;407.77;0.0908;BUY
2016-01-22T01:29:32.353000;2016-01-22T01:29:32.420000;7bbd1457-670b-48a7-ae5d-bd2af2113221;407.68;0.06279;BUY
2016-01-22T01:30:31.593000;2016-01-22T01:30:31.670000;54f7d4bb-a2ed-49fd-957c-f8f8a5693aa6;407.68;0.56205;BUY
2016-01-22T01:30:35.673000;2016-01-22T01:30:35.747000;56b7ed99-4474-4963-bf22-1e5718e10812;407.68;0.48116;BUY
2016-01-22T01:30:35.673000;2016-01-22T01:30:35.747000;2a42cdb9-45e2-4675-88a1-3ec89f7ba99d;407.68;0.36884;BUY
2016-01-22T01:30:57.550000;2016-01-22T01:30:57.607000;5d4ea08c-d025-4063-91fa-69dc78eaaa79;407.68;0.27;BUY
2016-01-22T01:30:57.550000;2016-01-22T01:30:57.637000;142c30c3-88be-4882-829f-6e02bf7b60d6;407.68;0.0446;BUY
2016-01-22T01:31:00.710000;2016-01-22T01:31:00.777000;7967c271-c60a-464a-bb31-ac803c0d5555;407.68;1.372;BUY
2016-01-22T01:31:00.710000;2016-01-22T01:31:00.777000;ef38ce54-61ed-466d-ba05-385671866526;407.68;4.09827;BUY
2016-01-22T01:31:02.107000;2016-01-22T01:31:02.183000;a2074c61-5072-4311-ab9d-80f6b06b6d1f;407.71;0.01047;BUY
2016-01-22T01:31:31.683000;2016-01-22T01:31:31.747000;a0eaad6f-5110-4965-a2da-a4e53e293b32;407.67;0.01;SELL
2016-01-22T01:31:31.687000;2016-01-22T01:31:31.763000;60994748-c851-4f6a-b418-4eca9dfc24b9;407.66;0.01;SELL
2016-01-22T01:31:31.687000;2016-01-22T01:31:31.763000;f85cf83e-453d-49b2-a38e-3623f53cf91c;407.62;0.107;SELL
2016-01-22T01:31:31.687000;2016-01-22T01:31:31.763000;c0c7a6c4-28ed-47b4-a939-17ad807d3fd4;407.62;0.15;SELL
2016-01-22T01:31:31.687000;2016-01-22T01:31:31.793000;ef765f04-731b-4166-91b6-cc3d02bb96ef;407.57;0.099;SELL
2016-01-22T01:31:31.687000;2016-01-22T01:31:31.793000;9c591eee-8304-4819-b366-6b2580ced3b4;407.52;0.116;SELL
2016-01-22T01:31:31.687000;2016-01-22T01:31:31.793000;71f13f8f-4532-4fd0-988d-d0617e6952ff;407.51;0.01;SELL
2016-01-22T01:31:31.687000;2016-01-22T01:31:31.793000;b66942fe-6594-4a7a-b25f-327d6a205d02;407.47;0.098;SELL
2016-01-22T01:31:31.687000;2016-01-22T01:31:31.793000;efe59828-b905-44df-8238-a37277d5f270;407.43;0.30123;SELL
2016-01-22T01:32:36.850000;2016-01-22T01:32:36.920000;1b3efaad-6bc9-4579-be0b-3edb991271dc;407.45;0.73;BUY
2016-01-22T01:33:01.737000;2016-01-22T01:33:01.793000;22f134db-5e22-4ae0-a6d0-2a5404b09ccc;407.46;0.2921;BUY
2016-01-22T01:33:31.527000;2016-01-22T01:33:31.590000;b1016ff9-5cc0-4579-a5e9-3f42de9a1726;407.57;8.24;SELL
2016-01-22T01:33:31.527000;2016-01-22T01:33:31.607000;8d4452c8-a023-44de-bc74-89fd105082fe;407.56;0.01;SELL
2016-01-22T01:33:31.527000;2016-01-22T01:33:31.607000;81f0afd0-06b1-47e8-96bb-36803538ee47;407.55;0.269;SELL
2016-01-22T01:33:31.527000;2016-01-22T01:33:31.607000;61bfbe6a-ea52-4247-93d4-c9b6a8fcef83;407.53;0.125;SELL
2016-01-22T01:33:31.527000;2016-01-22T01:33:31.607000;aedeb60b-5de8-4a76-bf61-59b62ecefc41;407.44;0.124;SELL
2016-01-22T01:33:31.527000;2016-01-22T01:33:31.683000;f3b17d4b-2920-45e7-a3d2-45ce19bd0d78;407.4;1.858;SELL
2016-01-22T01:33:31.527000;2016-01-22T01:33:31.683000;00377aaf-3cb8-4639-8741-31daf58638ed;407.35;1.884;SELL
2016-01-22T01:33:31.527000;2016-01-22T01:33:31.683000;4373c0b6-cae5-4a47-a3a9-330b3f5da590;407.34;0.01;SELL
2016-01-22T01:33:31.530000;2016-01-22T01:33:31.683000;81df9a5d-a1c7-45f0-a786-ea6d5fea590f;407.3;0.27299;SELL
2016-01-22T01:34:01.387000;2016-01-22T01:34:01.450000;8f619de1-8e56-4e92-881f-c78d92ed6e4b;407.59;0.31;BUY
2016-01-22T01:34:01.387000;2016-01-22T01:34:01.480000;b36e32da-bcc5-4ae8-b73f-7f8555c522a6;407.63;0.111;BUY
2016-01-22T01:34:01.387000;2016-01-22T01:34:01.480000;581593c1-b490-4b66-9be7-693508b660bb;407.74;0.01;BUY
2016-01-22T01:34:01.387000;2016-01-22T01:34:01.480000;fddd0b91-cc0f-45eb-8ddc-513ab1f2f8b2;407.77;0.26;BUY
2016-01-22T01:34:01.387000;2016-01-22T01:34:01.480000;5e32d64f-5628-4e8e-8629-dedfd27a28ca;407.78;0.77017;BUY
2016-01-22T01:34:31.583000;2016-01-22T01:34:31.653000;7f110fea-cc48-4e36-a873-3efcee8e4a61;407.69;0.08864;BUY
2016-01-22T01:35:01.823000;2016-01-22T01:35:01.887000;5dc37bdd-0aa4-4549-8aac-6752b9eb67a7;407.57;0.01;SELL
2016-01-22T01:35:01.823000;2016-01-22T01:35:01.887000;760106b0-fff8-4640-b9f2-200aa42d4d07;407.56;0.01;SELL
2016-01-22T01:35:01.823000;2016-01-22T01:35:01.887000;975deb10-8804-4916-ae21-af4189ba3a2a;407.56;0.1088;SELL
2016-01-22T01:35:31.940000;2016-01-22T01:35:31.997000;e875b17b-5ee2-450a-823c-e9a47fd3fa46;407.53;2.08;SELL
2016-01-22T01:35:31.940000;2016-01-22T01:35:32.013000;ee8221b4-54c6-4ee5-95af-cb1287313385;407.52;0.26;SELL
2016-01-22T01:35:31.940000;2016-01-22T01:35:32.013000;e4a990b7-1fbe-4cb5-bb92-90309422b564;407.32;0.42041;SELL
2016-01-22T01:35:39.870000;2016-01-22T01:35:39.920000;98aadafb-23cf-446c-82a0-153261a5b321;407.66;0.07212;BUY
2016-01-22T01:36:01.470000;2016-01-22T01:36:01.527000;c961fd07-64df-4dc1-9752-918ed593e943;407.63;0.85432;BUY
2016-01-22T01:36:31.367000;2016-01-22T01:36:31.420000;82bedf18-5785-4af0-aced-b29fc466828a;407.54;0.03524;BUY
2016-01-22T01:37:01.713000;2016-01-22T01:37:01.793000;ce589a64-b313-4a5e-b342-93649744d501;407.34;0.01;SELL
2016-01-22T01:37:01.713000;2016-01-22T01:37:01.793000;4a8d965e-0290-41fa-ad15-431afa9ee177;407.33;0.01;SELL
2016-01-22T01:37:01.713000;2016-01-22T01:37:01.793000;837bc8ad-0f68-4848-af60-921c039120b5;407.31;0.01;SELL
2016-01-22T01:37:01.713000;2016-01-22T01:37:01.793000;00804527-c70f-4819-b405-88df752e1977;407.2;0.077;SELL
2016-01-22T01:37:01.713000;2016-01-22T01:37:01.793000;936e7775-a16e-4604-af72-4795f787b02e;407.15;0.089;SELL
2016-01-22T01:37:01.713000;2016-01-22T01:37:01.793000;941e5625-07ef-42e3-b7d5-7d3a7fc19578;407.14;0.03068;SELL
2016-01-22T01:37:24.470000;2016-01-22T01:37:24.513000;8efd01c8-477f-478d-af23-dcffd9d9f39d;407.15;0.01;SELL
2016-01-22T01:38:01.697000;2016-01-22T01:38:01.747000;5723c128-6000-416e-b7ec-aab05c2a3916;407.15;0.259;BUY
2016-01-22T01:38:01.697000;2016-01-22T01:38:01.763000;da4565e9-d5c5-4864-aaea-0f19b464f631;407.15;1.27393;BUY
2016-01-22T01:38:31.967000;2016-01-22T01:38:32.013000;c1180669-6ca2-439b-8ec3-bf72989e989f;407.16;0.4179;SELL
2016-01-22T01:39:01.480000;2016-01-22T01:39:01.530000;b6737ece-cf3c-45fd-b803-13e7efd03bea;407.16;0.01;SELL
2016-01-22T01:39:01.480000;2016-01-22T01:39:01.543000;45318ca6-0f9a-4ae9-9738-2e2007e51a52;407.15;3.12;SELL
2016-01-22T01:39:01.480000;2016-01-22T01:39:01.543000;93f40c20-024e-4bdb-a8c8-cf3d32f0e3a1;407.14;0.28151;SELL
2016-01-22T01:39:31.537000;2016-01-22T01:39:31.577000;a5cbcc69-b2c1-469c-8daa-81c5a116d3e9;407.15;0.06207;BUY
2016-01-22T01:40:01.570000;2016-01-22T01:40:01.607000;27952eeb-a89e-47bf-9b8a-a7fc13b78f86;407.15;0.04898;BUY
2016-01-22T01:40:32.507000;2016-01-22T01:40:32.543000;14a5d1d7-2e8e-4bb9-9d49-58496a6d2052;407.15;0.05103;BUY
2016-01-22T01:41:02.150000;2016-01-22T01:41:02.183000;4f5f29cd-30db-46e6-aaf8-a4ab18d24985;407.15;0.906;BUY
2016-01-22T01:41:02.150000;2016-01-22T01:41:02.200000;f4588f5a-bdbe-41b4-8124-2eb663d5493c;407.15;0.14;BUY
2016-01-22T01:41:02.150000;2016-01-22T01:41:02.200000;a93f2939-a8c1-4624-8386-487159e778ff;407.15;0.02;BUY
2016-01-22T01:41:02.150000;2016-01-22T01:41:02.200000;b133637b-cd78-4ba2-a868-012cb3c7d500;407.15;0.03009;BUY
2016-01-22T01:41:31.620000;2016-01-22T01:41:31.653000;186aed9a-a9e6-4352-8e2f-afb61544d1d9;407.15;0.25608;BUY
2016-01-22T01:42:25.550000;2016-01-22T01:42:25.607000;24aca686-98c6-49b5-a04c-5f642821f8db;407.14;1.6912361;SELL
2016-01-22T01:42:25.550000;2016-01-22T01:42:25.607000;405e044c-20f2-4712-a2b9-ab82a1a67b10;407.14;0.9847639;SELL
2016-01-22T01:42:29.440000;2016-01-22T01:42:29.467000;97337bbb-8128-4fb3-aeb3-8e7b7b55078f;407.14;2.721;SELL
