time_exchange;time_coinpai;guid;price;base_amount;taker_side
2016-01-22T00:00:03.000000;2016-01-22T00:00:03.000000;e94589f0-954d-4c65-b4dc-3bb5e0f349c7;411.0;0.96;UNKNOWN
2016-01-22T00:00:03.000000;2016-01-22T00:00:03.000000;72d0a7e6-dd66-4750-b26f-014ac8046ea0;410.51;11.0620868;UNKNOWN
2016-01-22T00:00:03.000000;2016-01-22T00:00:03.000000;24e2008a-5565-4797-a5fa-b022b07c4e3a;410.73;0.025;UNKNOWN
2016-01-22T00:00:03.000000;2016-01-22T00:00:03.000000;6623ab00-63f6-4676-9074-5aa0a557b3c2;411.0;5.9129132;UNKNOWN
2016-01-22T00:00:10.000000;2016-01-22T00:00:10.000000;300753f2-75ee-48d2-a027-5c54394b4528;410.19;1.64719;UNKNOWN
2016-01-22T00:00:22.000000;2016-01-22T00:00:22.000000;6b51f6c2-b657-4da6-ba48-a802da249f5a;410.12;2.42054559;UNKNOWN
2016-01-22T00:00:22.000000;2016-01-22T00:00:22.000000;0f89ae7b-fa12-4d8e-afc0-e689a2005f6b;410.05;2.38604023;UNKNOWN
2016-01-22T00:00:22.000000;2016-01-22T00:00:22.000000;98932441-46c6-4bc4-8364-e67ef8755a24;410.19;0.77341418;UNKNOWN
2016-01-22T00:00:23.000000;2016-01-22T00:00:23.000000;31a388c4-4e64-4901-ac7a-d29dd5871e8a;410.69;6.0;UNKNOWN
2016-01-22T00:00:23.000000;2016-01-22T00:00:23.000000;9013abf6-d2f0-4e63-b300-61d183b98a94;410.69;0.09;UNKNOWN
2016-01-22T00:00:23.000000;2016-01-22T00:00:23.000000;17c9fd8e-b96e-4dd7-a405-57f5bd7d2255;410.7;8.5266;UNKNOWN
2016-01-22T00:00:23.000000;2016-01-22T00:00:23.000000;0a6a2317-5c50-4b94-84d0-23bc4f955574;410.7;6.0585;UNKNOWN
2016-01-22T00:00:26.000000;2016-01-22T00:00:26.000000;6c2425ff-c632-44a2-a1da-178451689c75;410.05;0.03450536;UNKNOWN
2016-01-22T00:00:30.000000;2016-01-22T00:00:30.000000;d30f3736-4fed-46b8-a9ba-05765cf13240;410.03;0.4011;UNKNOWN
2016-01-22T00:00:33.000000;2016-01-22T00:00:33.000000;891fd100-8254-49b8-963e-45b02ab5f759;409.97;2.42054559;UNKNOWN
2016-01-22T00:00:37.000000;2016-01-22T00:00:37.000000;cb995d3d-ffa1-4881-8d05-18702021646b;409.89;2.42054559;UNKNOWN
2016-01-22T00:00:54.000000;2016-01-22T00:00:54.000000;d421a42c-57b4-4e84-8162-8783cdb84fad;409.99;3.0;UNKNOWN
2016-01-22T00:00:54.000000;2016-01-22T00:00:54.000000;a4348930-23ab-44bc-bbb8-246997a255d9;409.91;0.5;UNKNOWN
2016-01-22T00:00:54.000000;2016-01-22T00:00:54.000000;18ab4cf4-301f-420b-9c50-951d6d70175e;409.98;6.0686;UNKNOWN
2016-01-22T00:00:54.000000;2016-01-22T00:00:54.000000;ab81722b-ed00-41dd-aa4a-bde5f7392d41;409.92;2.42795057;UNKNOWN
2016-01-22T00:00:54.000000;2016-01-22T00:00:54.000000;573cae77-44c9-41fb-b7da-2f067be4db09;410.55;12.35344943;UNKNOWN
2016-01-22T00:01:02.000000;2016-01-22T00:01:02.000000;8bf7b014-e328-4045-aeb9-614d9a5ee7a8;409.9;0.01;UNKNOWN
2016-01-22T00:01:36.000000;2016-01-22T00:01:36.000000;f00c8f4f-c1e1-4af3-b2e7-cdb4c953d8f7;409.86;0.01;UNKNOWN
2016-01-22T00:02:01.000000;2016-01-22T00:02:01.000000;31ec4663-e79c-4a69-97bd-99a498433086;409.81;0.024;UNKNOWN
2016-01-22T00:02:54.000000;2016-01-22T00:02:54.000000;e4a488fc-5b9a-4321-bcd6-34185a8e96a5;409.86;0.1;UNKNOWN
2016-01-22T00:03:06.000000;2016-01-22T00:03:06.000000;bf52c65e-70b5-496a-9d01-f1053d61fd2c;409.86;0.04855312;UNKNOWN
2016-01-22T00:03:09.000000;2016-01-22T00:03:09.000000;66b037cc-a104-44ac-99de-ea5869a7f5e1;409.86;0.3214;UNKNOWN
2016-01-22T00:03:09.000000;2016-01-22T00:03:09.000000;52271716-6b3b-4691-a120-049990aa401d;409.91;4.00921836;UNKNOWN
2016-01-22T00:03:09.000000;2016-01-22T00:03:09.000000;1b2819ee-7b9d-4cc0-bd46-b1d3e221cc00;409.87;2.42969082;UNKNOWN
2016-01-22T00:03:09.000000;2016-01-22T00:03:09.000000;2d71390e-befa-421a-8a07-9b753cae8757;409.86;0.01;UNKNOWN
2016-01-22T00:03:09.000000;2016-01-22T00:03:09.000000;875b010e-ea16-4852-a020-ce64ebb5cf8d;409.87;2.42969082;UNKNOWN
2016-01-22T00:03:13.000000;2016-01-22T00:03:13.000000;8f6f5677-fc03-4db5-8d9c-53b8450b9876;409.87;0.30312584;UNKNOWN
2016-01-22T00:04:12.000000;2016-01-22T00:04:12.000000;7597e2b3-c083-42e6-862f-c9e00913faf8;409.9;0.30301562;UNKNOWN
2016-01-22T00:04:39.000000;2016-01-22T00:04:39.000000;7dc76d8a-2d05-410e-bcab-1085ce6ca4e2;410.08;0.4127;UNKNOWN
2016-01-22T00:05:02.000000;2016-01-22T00:05:02.000000;ad6d9dcb-0a62-4c7d-8718-4623c68b5c08;410.19;0.49301139;UNKNOWN
2016-01-22T00:05:16.000000;2016-01-22T00:05:16.000000;8f028f56-759f-4d9b-932e-45b31b4dfb03;410.3;1.93559;UNKNOWN
2016-01-22T00:05:27.000000;2016-01-22T00:05:27.000000;671dc70d-8fd2-4c8f-9c91-8eb8817ad623;410.42;0.024;UNKNOWN
2016-01-22T00:05:39.000000;2016-01-22T00:05:39.000000;fb24e77d-ae87-4bc1-8f50-9cbc2ae0928e;410.19;0.01;UNKNOWN
2016-01-22T00:05:40.000000;2016-01-22T00:05:40.000000;fed072a4-087d-479d-821c-bf5223572b69;410.19;0.5;UNKNOWN
2016-01-22T00:05:42.000000;2016-01-22T00:05:42.000000;b88404a2-d11f-4ce3-b0e5-d9b599973f40;410.19;0.5;UNKNOWN
2016-01-22T00:05:43.000000;2016-01-22T00:05:43.000000;486c6f6c-867a-4705-99b5-331b4cfa83b7;410.19;0.01;UNKNOWN
2016-01-22T00:05:44.000000;2016-01-22T00:05:44.000000;c6a3fccc-322f-4cee-8541-3ec298d6a83a;410.19;0.47;UNKNOWN
2016-01-22T00:07:04.000000;2016-01-22T00:07:04.000000;5a227a24-2755-43de-8047-61451040e970;410.29;2.67;UNKNOWN
2016-01-22T00:07:13.000000;2016-01-22T00:07:13.000000;d6b50265-12ad-47b3-82d0-aa6a2164ec4e;410.19;0.3;UNKNOWN
2016-01-22T00:07:41.000000;2016-01-22T00:07:41.000000;eba33729-c533-4c76-894c-4754dd2cef36;410.2;5.0;UNKNOWN
2016-01-22T00:08:53.000000;2016-01-22T00:08:53.000000;d7a9c742-7f3a-4558-87c1-8d46f54bbb5e;410.31;1.04181778;UNKNOWN
2016-01-22T00:10:32.000000;2016-01-22T00:10:32.000000;b5112428-830c-4107-9249-466fb89aaf90;410.19;0.04904474;UNKNOWN
2016-01-22T00:10:34.000000;2016-01-22T00:10:34.000000;3df4e791-4f0b-4ef7-95a6-5ef93ee50006;410.59;2.42633054;UNKNOWN
2016-01-22T00:10:34.000000;2016-01-22T00:10:34.000000;94abc871-d883-45ef-a5ec-180abbf1cfb6;410.36;2.42580082;UNKNOWN
2016-01-22T00:10:34.000000;2016-01-22T00:10:34.000000;ef1c2eb6-8305-4c3e-9c13-88ecb08d1be3;410.21;0.02;UNKNOWN
2016-01-22T00:10:34.000000;2016-01-22T00:10:34.000000;71e555f4-d358-4203-af5b-540c6f3ad671;410.53;2.4262128;UNKNOWN
2016-01-22T00:10:34.000000;2016-01-22T00:10:34.000000;eecf1d9d-b040-4b49-944e-d40635e32c40;410.41;0.649199;UNKNOWN
2016-01-22T00:10:34.000000;2016-01-22T00:10:34.000000;c24a6cee-d3e6-4a5f-85ea-79ca3a30f4fc;410.21;0.5;UNKNOWN
2016-01-22T00:10:34.000000;2016-01-22T00:10:34.000000;30d02793-48be-4016-a26c-9e01d86b9cc3;410.44;2.42627167;UNKNOWN
2016-01-22T00:10:34.000000;2016-01-22T00:10:34.000000;c59b0b01-18e6-481e-aedb-57343ca61886;410.23;9.6048;UNKNOWN
2016-01-22T00:10:34.000000;2016-01-22T00:10:34.000000;c483d9dc-cad1-43f1-a6fa-227a9237c1df;410.51;0.33;UNKNOWN
2016-01-22T00:10:34.000000;2016-01-22T00:10:34.000000;8b1bfb25-3130-4db1-9f07-af57b8ce854e;410.22;0.02;UNKNOWN
2016-01-22T00:10:34.000000;2016-01-22T00:10:34.000000;cf2d939b-0fd7-4b91-88c3-34f9078238ef;410.36;2.42627167;UNKNOWN
2016-01-22T00:10:34.000000;2016-01-22T00:10:34.000000;11572347-267f-49ff-b606-4aabcae1b317;410.21;0.5;UNKNOWN
2016-01-22T00:10:34.000000;2016-01-22T00:10:34.000000;b238416b-f803-4500-9e95-9f50e611b587;410.22;6.0682;UNKNOWN
2016-01-22T00:10:34.000000;2016-01-22T00:10:34.000000;ea6c4473-3dd5-4f57-bcaa-8622d2ea9671;410.22;0.02;UNKNOWN
2016-01-22T00:10:34.000000;2016-01-22T00:10:34.000000;7cf5e6d2-00ff-4b4e-9371-9e56ef8b30c6;410.21;0.01;UNKNOWN
2016-01-22T00:10:35.000000;2016-01-22T00:10:35.000000;8b52e308-3acc-439b-a73c-acf5fba0c55a;410.63;0.590024;UNKNOWN
2016-01-22T00:10:38.000000;2016-01-22T00:10:38.000000;67642d38-4474-4755-bbad-8f7d22027b5b;410.63;14.9347;UNKNOWN
2016-01-22T00:10:51.000000;2016-01-22T00:10:51.000000;a815f5ad-788b-4892-aade-bfd0f4edf9b0;410.63;1.71069674;UNKNOWN
2016-01-22T00:10:53.000000;2016-01-22T00:10:53.000000;f9bc3d94-b056-49e6-9be1-38f427e28ab6;410.63;0.075943;UNKNOWN
2016-01-22T00:10:56.000000;2016-01-22T00:10:56.000000;170291b2-51ce-42d7-bda7-7d4c26773981;410.63;0.883331;UNKNOWN
2016-01-22T00:11:00.000000;2016-01-22T00:11:00.000000;a28a2880-c136-499a-8b82-3d3c8e2a9c7a;410.63;0.36657166;UNKNOWN
2016-01-22T00:11:05.000000;2016-01-22T00:11:05.000000;2a0f759a-cbd8-4ac9-b08f-4e5a87e33283;410.69;0.07141322;UNKNOWN
2016-01-22T00:11:09.000000;2016-01-22T00:11:09.000000;c62b6c62-f5bc-45d0-a543-6ce462127bc5;410.63;0.977541;UNKNOWN
2016-01-22T00:11:26.000000;2016-01-22T00:11:26.000000;1c39582f-d800-414a-ae66-5fe44bd1a90d;410.63;0.3537;UNKNOWN
2016-01-22T00:11:34.000000;2016-01-22T00:11:34.000000;0e1e062e-fe27-4eb3-b871-16e37b46f4a5;410.69;0.03905381;UNKNOWN
2016-01-22T00:11:34.000000;2016-01-22T00:11:34.000000;192fa521-d627-4dac-8de9-a53e9061d573;410.69;0.306;UNKNOWN
2016-01-22T00:11:34.000000;2016-01-22T00:11:34.000000;1a4ee0e8-eead-43b5-99a4-ba698cc92c39;410.69;0.12258678;UNKNOWN
2016-01-22T00:11:34.000000;2016-01-22T00:11:34.000000;54fc8806-c0f8-4165-8de8-435554e8cdb2;410.69;0.5;UNKNOWN
2016-01-22T00:11:34.000000;2016-01-22T00:11:34.000000;d98b3c0a-bfd3-49b8-83f4-f0e0e1ca499c;410.69;0.25;UNKNOWN
2016-01-22T00:11:58.000000;2016-01-22T00:11:58.000000;92661fcc-a0a7-432c-ac4d-a0754067bd24;410.63;0.356;UNKNOWN
2016-01-22T00:11:59.000000;2016-01-22T00:11:59.000000;73dbd524-d75d-4526-b9b2-b2c515dc32a6;410.63;0.4609;UNKNOWN
2016-01-22T00:12:00.000000;2016-01-22T00:12:00.000000;22720660-1340-4bce-9acf-e8eb2bc5020f;410.63;0.25;UNKNOWN
2016-01-22T00:12:08.000000;2016-01-22T00:12:08.000000;9a5bc3c8-92b2-4c0d-a689-30e85f592995;410.63;0.08;UNKNOWN
2016-01-22T00:12:08.000000;2016-01-22T00:12:08.000000;08f4a3cc-e29c-49db-a0d1-72cf894f51da;410.63;0.098686;UNKNOWN
2016-01-22T00:12:35.000000;2016-01-22T00:12:35.000000;49fa8e17-a0ef-4b72-9ea1-81afa73e5183;410.68;0.05691404;UNKNOWN
2016-01-22T00:12:48.000000;2016-01-22T00:12:48.000000;a7d184d7-362d-4322-80d8-1155d40ebfe7;410.9;2.42591851;UNKNOWN
2016-01-22T00:12:48.000000;2016-01-22T00:12:48.000000;7640dc2e-1d4d-468f-b6aa-90da23b9c638;410.71;2.42609508;UNKNOWN
2016-01-22T00:12:48.000000;2016-01-22T00:12:48.000000;93b8e392-314c-4d60-be58-166114a37560;410.83;0.203317;UNKNOWN
2016-01-22T00:12:48.000000;2016-01-22T00:12:48.000000;8d9cca6a-9f81-446f-a755-3b0795fc0dcb;410.83;2.42588909;UNKNOWN
2016-01-22T00:12:48.000000;2016-01-22T00:12:48.000000;6a1becae-de28-4802-a6c0-38b9ebefb670;410.99;2.06923844;UNKNOWN
2016-01-22T00:12:48.000000;2016-01-22T00:12:48.000000;2ed3d53c-9f14-4013-a983-3be5fef0dae1;410.7;0.33;UNKNOWN
2016-01-22T00:12:53.000000;2016-01-22T00:12:53.000000;a334563e-a869-4c56-b142-9b8ede173a54;410.7;0.33;UNKNOWN
2016-01-22T00:13:07.000000;2016-01-22T00:13:07.000000;a30da8ff-ebc1-463b-ac06-bb74b79fc5d4;410.69;0.02;UNKNOWN
2016-01-22T00:13:12.000000;2016-01-22T00:13:12.000000;c4a6ab68-ddb6-4f6e-8a5c-004861786a7b;410.77;0.39;UNKNOWN
2016-01-22T00:14:02.000000;2016-01-22T00:14:02.000000;6f875a20-bc1e-49b1-bb78-325ccc6d95d6;410.82;0.5;UNKNOWN
2016-01-22T00:14:07.000000;2016-01-22T00:14:07.000000;07207cab-0cff-4d1b-bf7e-ab9c926add62;411.05;0.1;UNKNOWN
2016-01-22T00:14:07.000000;2016-01-22T00:14:07.000000;03660d1f-ef28-40ab-9708-98865dac0701;411.05;0.1;UNKNOWN
2016-01-22T00:14:49.000000;2016-01-22T00:14:49.000000;3f24157f-c48b-4b22-99dd-38faa3c140e0;410.76;0.5;UNKNOWN
2016-01-22T00:14:51.000000;2016-01-22T00:14:51.000000;f692d529-4e0e-44e2-8172-20670b53e8b1;410.77;0.12;UNKNOWN
2016-01-22T00:14:51.000000;2016-01-22T00:14:51.000000;08333285-b413-4a38-a816-35b2b9f658e9;410.78;0.5;UNKNOWN
2016-01-22T00:14:51.000000;2016-01-22T00:14:51.000000;49b5de4a-72df-43c3-8a23-e0e55dd68bad;410.77;0.5;UNKNOWN
2016-01-22T00:14:51.000000;2016-01-22T00:14:51.000000;6bb92526-a2c5-4e4f-b88d-d7f23083b6e7;410.78;0.42;UNKNOWN
2016-01-22T00:14:51.000000;2016-01-22T00:14:51.000000;4b394217-d4e0-48b2-86a3-757380f719f6;410.78;0.5;UNKNOWN
2016-01-22T00:14:54.000000;2016-01-22T00:14:54.000000;5ee5dd0c-8c5f-489c-a53d-eec91f344387;411.07;2.31609471;UNKNOWN
2016-01-22T00:15:03.000000;2016-01-22T00:15:03.000000;9c5a41ad-fc65-42d8-9943-79a38b94f85d;410.89;0.12187117;UNKNOWN
2016-01-22T00:15:08.000000;2016-01-22T00:15:08.000000;6aca4905-9921-4f4b-8a40-070554dad30e;411.07;1.62;UNKNOWN
2016-01-22T00:15:08.000000;2016-01-22T00:15:08.000000;6249cfe1-6c43-4a29-8642-a5b76a792fb4;411.06;0.38;UNKNOWN
2016-01-22T00:15:22.000000;2016-01-22T00:15:22.000000;0aa23bfc-312f-465c-8e01-b3695dda59a0;411.07;0.11;UNKNOWN
2016-01-22T00:15:22.000000;2016-01-22T00:15:22.000000;7f86e22a-a7f6-4ae1-844e-f3c8333eaaa0;411.08;2.1840314;UNKNOWN
2016-01-22T00:15:22.000000;2016-01-22T00:15:22.000000;f9e3eec1-49b3-4b6e-bfa0-e8cd1c3b55b1;411.07;0.01;UNKNOWN
2016-01-22T00:15:22.000000;2016-01-22T00:15:22.000000;dce30537-9079-4c41-bc4d-3c0971b30e9a;411.07;0.13;UNKNOWN
2016-01-22T00:16:04.000000;2016-01-22T00:16:04.000000;c2fe08d9-431f-4ed2-9667-f17d795cfc35;411.07;0.5;UNKNOWN
2016-01-22T00:16:04.000000;2016-01-22T00:16:04.000000;d212e8bd-4acb-4fb1-a5f2-e9f67b21c180;411.08;0.24182826;UNKNOWN
2016-01-22T00:16:04.000000;2016-01-22T00:16:04.000000;e848f4bc-cb9c-418c-a875-17bfbcfa48c2;411.2;4.78888187;UNKNOWN
2016-01-22T00:16:04.000000;2016-01-22T00:16:04.000000;75d8b1fb-f497-4134-b325-1501531b67aa;411.18;0.07;UNKNOWN
2016-01-22T00:16:04.000000;2016-01-22T00:16:04.000000;c08e63bc-5438-454b-97d2-dc1803e2b692;411.07;0.5;UNKNOWN
2016-01-22T00:16:04.000000;2016-01-22T00:16:04.000000;2a7fcc44-e409-4d15-89e3-cba10061da07;411.07;0.37;UNKNOWN
2016-01-22T00:16:10.000000;2016-01-22T00:16:10.000000;25bdbec1-bae4-4dd6-b77c-b3f6e7b4247e;411.01;0.1236;UNKNOWN
2016-01-22T00:16:49.000000;2016-01-22T00:16:49.000000;06a31376-0cab-4d89-b8c4-97145ce8c148;411.19;0.1;UNKNOWN
2016-01-22T00:16:53.000000;2016-01-22T00:16:53.000000;85964cbf-4fb8-4758-aa16-e2a60ee99829;411.2;1.07897067;UNKNOWN
2016-01-22T00:16:53.000000;2016-01-22T00:16:53.000000;7e2d29a1-4e17-4eb8-9222-f76e0bbc23ca;411.19;0.5;UNKNOWN
2016-01-22T00:16:53.000000;2016-01-22T00:16:53.000000;d61ef28f-9149-4847-b17a-f0327fa03960;411.19;0.5;UNKNOWN
2016-01-22T00:16:53.000000;2016-01-22T00:16:53.000000;52300dda-1e6e-4ce5-8037-5e209a579975;411.19;0.2;UNKNOWN
2016-01-22T00:16:53.000000;2016-01-22T00:16:53.000000;d3e07db0-0d4b-4a2b-8acc-e63b7001cb48;411.19;0.01;UNKNOWN
2016-01-22T00:16:53.000000;2016-01-22T00:16:53.000000;eebd6203-d5d8-48cf-84fd-7f6951c7af5a;411.19;0.19;UNKNOWN
2016-01-22T00:17:54.000000;2016-01-22T00:17:54.000000;6fc71a30-a788-49f0-8763-474ae47b2e7d;410.98;0.1;UNKNOWN
2016-01-22T00:17:54.000000;2016-01-22T00:17:54.000000;bf43e9a1-4b71-456d-b2a8-86f5ee3e6efd;410.98;0.4;UNKNOWN
2016-01-22T00:18:05.000000;2016-01-22T00:18:05.000000;3e09e947-ef6b-44f0-a10a-f870c29ff4bf;410.91;0.503;UNKNOWN
2016-01-22T00:18:07.000000;2016-01-22T00:18:07.000000;a9b85afd-43f1-4387-9a09-d10f70b9231c;410.96;0.1;UNKNOWN
2016-01-22T00:18:07.000000;2016-01-22T00:18:07.000000;599295db-039c-41a4-a6be-67899cb6e2c3;411.01;0.34398623;UNKNOWN
2016-01-22T00:18:07.000000;2016-01-22T00:18:07.000000;8b2192ae-e6ff-43ec-b304-465a97943ac1;410.96;0.05;UNKNOWN
2016-01-22T00:18:07.000000;2016-01-22T00:18:07.000000;e18d3172-7af7-4483-aef9-22d9fac4b758;410.95;0.018213;UNKNOWN
2016-01-22T00:18:39.000000;2016-01-22T00:18:39.000000;573c95ad-442b-4e23-9d54-2cb6c482aa4b;410.9;0.126;UNKNOWN
2016-01-22T00:18:43.000000;2016-01-22T00:18:43.000000;6bc14f03-c615-464e-b56e-c2db2d7346ee;410.93;0.14789362;UNKNOWN
2016-01-22T00:18:43.000000;2016-01-22T00:18:43.000000;6a9a28a1-65ae-49ce-a8fd-b36a5a5abaaf;410.93;0.5;UNKNOWN
2016-01-22T00:18:47.000000;2016-01-22T00:18:47.000000;85c3214e-4dcc-4b92-8356-e4f1a0fe6332;410.9;0.09610608;UNKNOWN
2016-01-22T00:19:14.000000;2016-01-22T00:19:14.000000;47be887e-f491-4e19-899a-2e89317c5907;410.9;0.031;UNKNOWN
2016-01-22T00:19:21.000000;2016-01-22T00:19:21.000000;cefa2bed-fc9f-4a8a-bfd6-9a79b0482092;410.9;0.24689392;UNKNOWN
2016-01-22T00:19:36.000000;2016-01-22T00:19:36.000000;32e3d5c5-eeba-4c62-aa63-e89d5c960f71;410.8;0.05880372;UNKNOWN
2016-01-22T00:19:49.000000;2016-01-22T00:19:49.000000;cec2af23-bbf6-416b-8202-1fd6e3c03698;410.86;0.02;UNKNOWN
2016-01-22T00:19:54.000000;2016-01-22T00:19:54.000000;51aeced9-f777-4ebf-bf51-7ab0b669bbce;410.99;0.031568;UNKNOWN
2016-01-22T00:19:54.000000;2016-01-22T00:19:54.000000;9ffd6334-a344-4bee-8cf6-182d0f275a75;411.04;6.0208;UNKNOWN
2016-01-22T00:19:54.000000;2016-01-22T00:19:54.000000;5e562a06-46c7-4288-b082-6652a3a9a420;410.86;0.343;UNKNOWN
2016-01-22T00:19:54.000000;2016-01-22T00:19:54.000000;26a31643-dd12-4764-a3e3-f1c2f1c824cc;410.86;0.137;UNKNOWN
2016-01-22T00:19:54.000000;2016-01-22T00:19:54.000000;85ec13d5-a2f0-4423-9141-1494fc4202fd;411.04;3.34125581;UNKNOWN
2016-01-22T00:19:54.000000;2016-01-22T00:19:54.000000;92c2f34c-ee22-400f-a04e-71452203255e;410.86;0.2531;UNKNOWN
2016-01-22T00:19:54.000000;2016-01-22T00:19:54.000000;f9bafd0f-b200-43b2-9538-75fdd53c34c6;410.89;0.07;UNKNOWN
2016-01-22T00:19:54.000000;2016-01-22T00:19:54.000000;9daec8b0-975e-43ff-ba40-c56e6ad655ae;410.87;0.5;UNKNOWN
2016-01-22T00:20:05.000000;2016-01-22T00:20:05.000000;03cf7062-6e8d-4a6e-940d-1715b6dd22d8;410.83;0.010817;UNKNOWN
2016-01-22T00:20:06.000000;2016-01-22T00:20:06.000000;69aca676-96ca-4f47-ba92-5d3531face79;410.84;0.5;UNKNOWN
2016-01-22T00:20:06.000000;2016-01-22T00:20:06.000000;dd312d29-9318-4cdc-99a9-2e19ae147b3e;410.8;0.454817;UNKNOWN
2016-01-22T00:20:06.000000;2016-01-22T00:20:06.000000;e776177b-6d01-4cd0-a8a6-34fcb3cd0fd9;410.84;5.545183;UNKNOWN
2016-01-22T00:20:13.000000;2016-01-22T00:20:13.000000;4986edbf-f848-4571-80c1-f3328671e2f2;410.8;0.020547;UNKNOWN
2016-01-22T00:20:36.000000;2016-01-22T00:20:36.000000;77f84185-705b-41ea-bcb3-0ee7a6b2107d;410.8;3.0;UNKNOWN
2016-01-22T00:20:36.000000;2016-01-22T00:20:36.000000;a7ea4860-9422-4408-ad4e-73463d0a74ab;410.88;0.05;UNKNOWN
2016-01-22T00:20:40.000000;2016-01-22T00:20:40.000000;3a41af16-bf7d-4822-9b81-0fc5ee2af121;410.88;0.05;UNKNOWN
2016-01-22T00:20:59.000000;2016-01-22T00:20:59.000000;87cc1348-2c3c-406b-bea0-34c411e14c88;410.86;0.02;UNKNOWN
2016-01-22T00:21:19.000000;2016-01-22T00:21:19.000000;a0b48b28-45a1-4b92-959b-df242c028c80;410.8;0.84;UNKNOWN
2016-01-22T00:21:39.000000;2016-01-22T00:21:39.000000;46f318f7-82b6-4aa2-aba4-1ad8d02ec781;410.8;0.4;UNKNOWN
2016-01-22T00:21:41.000000;2016-01-22T00:21:41.000000;9e4d4363-a668-46de-8686-81c8587bf4c9;410.8;0.01;UNKNOWN
2016-01-22T00:21:41.000000;2016-01-22T00:21:41.000000;5ea41b2a-b3ed-4e5f-b131-ddb4a4ce2dcc;410.8;0.332;UNKNOWN
2016-01-22T00:21:41.000000;2016-01-22T00:21:41.000000;36ce4b2d-5b3c-4977-ad5c-8949937bafe7;410.8;0.5;UNKNOWN
2016-01-22T00:22:38.000000;2016-01-22T00:22:38.000000;2d82295a-02aa-433f-9c96-de8f0ae48259;410.83;0.01;UNKNOWN
2016-01-22T00:22:38.000000;2016-01-22T00:22:38.000000;70131308-f509-4695-9806-3cdb6dbd8cef;410.83;0.083;UNKNOWN
2016-01-22T00:22:48.000000;2016-01-22T00:22:48.000000;029e07d4-9a2b-4514-bf94-5554da555905;410.8;21.76;UNKNOWN
2016-01-22T00:22:58.000000;2016-01-22T00:22:58.000000;939ccf83-de86-41f1-850a-f5c8b96a6c64;410.8;15.58383228;UNKNOWN
2016-01-22T00:23:07.000000;2016-01-22T00:23:07.000000;dbb41ae9-28ba-409e-89f4-44262218f6e0;410.25;0.06;UNKNOWN
2016-01-22T00:23:41.000000;2016-01-22T00:23:41.000000;9c96aa11-5bf3-4f4c-bbf0-20aab9b62dd6;410.19;0.35;UNKNOWN
2016-01-22T00:23:42.000000;2016-01-22T00:23:42.000000;a326b1d9-607f-4e71-8aec-58ad8eb11600;410.19;0.37;UNKNOWN
2016-01-22T00:23:43.000000;2016-01-22T00:23:43.000000;5fa02f45-67d2-428f-9540-46bbcb0e6687;410.19;0.5;UNKNOWN
2016-01-22T00:23:45.000000;2016-01-22T00:23:45.000000;9063bbe8-4bea-40cd-8332-825b54cc523d;410.19;0.01;UNKNOWN
2016-01-22T00:23:47.000000;2016-01-22T00:23:47.000000;48571c9c-e295-4214-9af9-9b9af3f01aab;410.19;0.14;UNKNOWN
2016-01-22T00:23:49.000000;2016-01-22T00:23:49.000000;965c5f15-68e0-4c03-9486-2502f35b2916;410.19;0.057;UNKNOWN
2016-01-22T00:23:53.000000;2016-01-22T00:23:53.000000;ba044288-4de2-4c6d-b07e-a50de7e82c29;410.19;0.01;UNKNOWN
2016-01-22T00:23:55.000000;2016-01-22T00:23:55.000000;4b1419fd-603a-43d8-82be-1016b508d918;410.19;0.5;UNKNOWN
2016-01-22T00:23:55.000000;2016-01-22T00:23:55.000000;fb936f4d-d47d-44c3-9efb-2a3bb3c5e5f6;410.19;0.12;UNKNOWN
2016-01-22T00:23:56.000000;2016-01-22T00:23:56.000000;04a06cad-7e10-48dd-be75-287f0e914e51;410.19;0.17;UNKNOWN
2016-01-22T00:23:57.000000;2016-01-22T00:23:57.000000;3ac9d96f-05b5-48b0-aff7-6e1a3a163d11;410.19;0.01;UNKNOWN
2016-01-22T00:24:00.000000;2016-01-22T00:24:00.000000;c3310b58-0e77-44a4-a7a2-77d5bde15171;410.19;0.01;UNKNOWN
2016-01-22T00:24:01.000000;2016-01-22T00:24:01.000000;131be8e3-3426-4d20-86e9-bb930ec999a4;410.19;0.42094387;UNKNOWN
2016-01-22T00:24:31.000000;2016-01-22T00:24:31.000000;ba3d7847-e4a1-4199-8b50-e9063d7b7213;410.0;0.052828;UNKNOWN
2016-01-22T00:25:19.000000;2016-01-22T00:25:19.000000;1f61f9df-c631-4423-aa43-415981c350e6;410.06;0.7154;UNKNOWN
2016-01-22T00:25:23.000000;2016-01-22T00:25:23.000000;62eff158-92ba-4ddb-9b0c-12c91b694054;410.0;0.04873422;UNKNOWN
2016-01-22T00:25:46.000000;2016-01-22T00:25:46.000000;7bc7a2bf-6602-47c4-889f-f18eecf92490;410.01;0.05;UNKNOWN
2016-01-22T00:25:49.000000;2016-01-22T00:25:49.000000;31d9873f-70ce-4f85-9063-33acb55f6e67;410.01;0.01;UNKNOWN
2016-01-22T00:25:52.000000;2016-01-22T00:25:52.000000;8ca20cb8-48a8-48e8-af86-0629a424f741;410.05;0.01;UNKNOWN
2016-01-22T00:25:54.000000;2016-01-22T00:25:54.000000;68d40b56-4015-41b1-bc76-146fc1a297e0;410.05;0.01;UNKNOWN
2016-01-22T00:25:55.000000;2016-01-22T00:25:55.000000;3c95f253-865b-49ae-9105-445846496ffa;410.05;0.01;UNKNOWN
2016-01-22T00:25:56.000000;2016-01-22T00:25:56.000000;7cd2111e-bb6a-4d63-a7ad-b082f853b934;410.05;0.01;UNKNOWN
2016-01-22T00:25:56.000000;2016-01-22T00:25:56.000000;5f203a37-c591-4bec-9110-a2baf839a382;410.05;0.01;UNKNOWN
2016-01-22T00:25:57.000000;2016-01-22T00:25:57.000000;6f26df04-b887-40b8-a4ec-2de88a6461cc;410.05;0.01;UNKNOWN
2016-01-22T00:25:57.000000;2016-01-22T00:25:57.000000;ce62a673-fabe-4abf-80d9-0cf3c2430390;410.05;0.01;UNKNOWN
2016-01-22T00:25:58.000000;2016-01-22T00:25:58.000000;251375d2-1c55-4aec-9431-931b968443a4;410.05;0.01;UNKNOWN
2016-01-22T00:25:58.000000;2016-01-22T00:25:58.000000;e2da5058-b367-4c7c-bdec-4e789cc2d83c;410.05;0.01;UNKNOWN
2016-01-22T00:25:59.000000;2016-01-22T00:25:59.000000;0820fff8-9e01-4880-afa9-5c186a5f7a97;410.04;0.01;UNKNOWN
2016-01-22T00:25:59.000000;2016-01-22T00:25:59.000000;4efbcbe1-b7c6-49af-b5d6-f70fdc6c81c6;410.1;0.01;UNKNOWN
2016-01-22T00:26:00.000000;2016-01-22T00:26:00.000000;5be41b62-74a6-4f8d-abef-17beeba56e00;410.04;0.01;UNKNOWN
2016-01-22T00:26:12.000000;2016-01-22T00:26:12.000000;6436ed97-dc68-4d47-9992-6c96b0d8a6b2;410.2;0.01;UNKNOWN
2016-01-22T00:26:13.000000;2016-01-22T00:26:13.000000;370697cc-2065-4763-8d29-eee171dfc8d3;410.2;0.01;UNKNOWN
2016-01-22T00:26:13.000000;2016-01-22T00:26:13.000000;1b8e1c6f-5052-4995-81d1-792b2de1882c;410.0;0.17570412;UNKNOWN
2016-01-22T00:26:14.000000;2016-01-22T00:26:14.000000;2c798b53-d53f-4803-b88f-c99076444f04;410.0;0.22273366;UNKNOWN
2016-01-22T00:26:19.000000;2016-01-22T00:26:19.000000;2192fe32-ce9a-4c39-9182-d53ca5e896ca;410.0;0.01;UNKNOWN
2016-01-22T00:26:20.000000;2016-01-22T00:26:20.000000;bdfe3d0f-8f23-453f-846f-4497003b7b92;409.99;0.025;UNKNOWN
2016-01-22T00:26:21.000000;2016-01-22T00:26:21.000000;f05bbde4-f6e6-4fc4-ae1d-602557f2e886;409.99;0.01;UNKNOWN
2016-01-22T00:26:23.000000;2016-01-22T00:26:23.000000;e1afa85d-c6e8-475f-a89f-a8ea4d4c1aaf;409.99;0.01;UNKNOWN
2016-01-22T00:26:45.000000;2016-01-22T00:26:45.000000;c0f556ac-a60d-4695-8222-ae6a23ff4116;410.0;0.01;UNKNOWN
2016-01-22T00:26:49.000000;2016-01-22T00:26:49.000000;426e0b39-6c08-4131-9304-61f6c5a0c1cd;409.99;0.01;UNKNOWN
2016-01-22T00:26:50.000000;2016-01-22T00:26:50.000000;2e9ba3f4-0793-4c0a-93b3-cf01dc45f689;409.99;0.01;UNKNOWN
2016-01-22T00:26:52.000000;2016-01-22T00:26:52.000000;1a569208-e043-4572-b02d-54a19ffad80d;409.99;0.01;UNKNOWN
2016-01-22T00:26:56.000000;2016-01-22T00:26:56.000000;13e4bce1-78c3-4b2f-8492-8eacd7c70b17;409.99;0.01;UNKNOWN
2016-01-22T00:26:57.000000;2016-01-22T00:26:57.000000;550539bb-058c-41b3-bdab-4e0d9955c9e1;409.99;0.01;UNKNOWN
2016-01-22T00:27:00.000000;2016-01-22T00:27:00.000000;77737c96-518b-45f2-a913-ce2828ed1b27;409.9;19.09;UNKNOWN
2016-01-22T00:27:02.000000;2016-01-22T00:27:02.000000;a4eae6d2-32da-4281-9d1e-841f338a6992;409.9;0.01;UNKNOWN
2016-01-22T00:27:02.000000;2016-01-22T00:27:02.000000;fe89fd42-5f4b-4036-bf22-49c1b9571f97;409.9;0.01;UNKNOWN
2016-01-22T00:27:11.000000;2016-01-22T00:27:11.000000;afb63e86-66b8-4113-8a66-16575b784a2f;409.82;0.01;UNKNOWN
2016-01-22T00:27:12.000000;2016-01-22T00:27:12.000000;b4425b10-e6df-48ad-a856-77ee060cf8ca;409.89;0.01;UNKNOWN
2016-01-22T00:27:17.000000;2016-01-22T00:27:17.000000;65d0bf50-e655-4fe8-81a7-a1f913bb9d10;409.81;0.01;UNKNOWN
2016-01-22T00:27:20.000000;2016-01-22T00:27:20.000000;658e68f7-77f5-48c0-9eba-b56b142763e6;409.8;0.02;UNKNOWN
2016-01-22T00:27:24.000000;2016-01-22T00:27:24.000000;b5671b46-5e5f-4871-a666-62bf315af3e7;409.79;0.01;UNKNOWN
2016-01-22T00:27:25.000000;2016-01-22T00:27:25.000000;5943d199-9d69-455e-82ac-093063ea3179;409.78;0.215;UNKNOWN
2016-01-22T00:27:26.000000;2016-01-22T00:27:26.000000;3a4828a1-9d92-4512-b08d-c90353dd4135;409.89;0.01;UNKNOWN
2016-01-22T00:27:27.000000;2016-01-22T00:27:27.000000;58433b3c-9ad4-4018-9731-79e22ff23c12;409.89;0.01;UNKNOWN
2016-01-22T00:27:29.000000;2016-01-22T00:27:29.000000;10ed8458-560b-40d3-a7c9-d6d0b9e48bc5;409.89;0.01;UNKNOWN
2016-01-22T00:27:29.000000;2016-01-22T00:27:29.000000;ff177233-5860-4784-92d7-47346210f6e5;409.76;0.01;UNKNOWN
2016-01-22T00:27:31.000000;2016-01-22T00:27:31.000000;07bf5e59-e5bd-4415-bc2b-f08646044816;409.78;0.22;UNKNOWN
2016-01-22T00:27:32.000000;2016-01-22T00:27:32.000000;bb4225ef-aea7-49d5-87fe-6f9a89108014;409.7;0.20369488;UNKNOWN
2016-01-22T00:27:32.000000;2016-01-22T00:27:32.000000;234f06ce-529c-4d63-8b1e-0bb7dcdd652a;409.71;0.04;UNKNOWN
2016-01-22T00:27:33.000000;2016-01-22T00:27:33.000000;1b3b1bba-f6f9-41e6-8cf7-0a353528fb74;409.76;0.01;UNKNOWN
2016-01-22T00:27:36.000000;2016-01-22T00:27:36.000000;dcde9c8e-d690-4e6e-98c7-e14edcb1c141;409.71;0.01;UNKNOWN
2016-01-22T00:27:47.000000;2016-01-22T00:27:47.000000;82918855-98f9-4ab2-8e00-4acc5ae20f7d;409.71;0.01;UNKNOWN
2016-01-22T00:27:53.000000;2016-01-22T00:27:53.000000;b9bce66c-5a2e-4bd7-93d1-e6956df6c05e;409.71;0.01;UNKNOWN
2016-01-22T00:27:58.000000;2016-01-22T00:27:58.000000;366c906e-1507-4a66-95e3-722367990577;409.71;0.01;UNKNOWN
2016-01-22T00:28:22.000000;2016-01-22T00:28:22.000000;c0af537f-dff2-4da5-aa44-fb8522cba58e;409.71;0.5;UNKNOWN
2016-01-22T00:28:34.000000;2016-01-22T00:28:34.000000;fbf646af-47e1-45b7-9254-7bbdf21b5165;409.7;0.29630512;UNKNOWN
2016-01-22T00:28:53.000000;2016-01-22T00:28:53.000000;7aa6a3a2-7111-4c24-89cc-c2413f9f3042;409.46;1.0;UNKNOWN
2016-01-22T00:29:06.000000;2016-01-22T00:29:06.000000;fa4d2ab4-98bc-4feb-971f-0d60f28c7bb2;409.46;0.2;UNKNOWN
2016-01-22T00:29:18.000000;2016-01-22T00:29:18.000000;f6582a00-a5cc-4690-9f84-7ebcdc690edc;409.2;0.02;UNKNOWN
2016-01-22T00:29:18.000000;2016-01-22T00:29:18.000000;82d1496a-a5a1-4980-a122-c6bea515b26c;409.2;17.0;UNKNOWN
2016-01-22T00:29:18.000000;2016-01-22T00:29:18.000000;7476108f-a7b0-4b51-a0f3-0ff42a6e98d5;409.2;0.55081086;UNKNOWN
2016-01-22T00:29:18.000000;2016-01-22T00:29:18.000000;b3701d7f-91d5-41bb-894e-d135a35bf84e;409.45;20.0;UNKNOWN
2016-01-22T00:29:18.000000;2016-01-22T00:29:18.000000;cb647b1b-fa5a-4f20-bb8f-243316170a24;409.28;2.42918914;UNKNOWN
2016-01-22T00:29:22.000000;2016-01-22T00:29:22.000000;2309f65b-20ac-4972-a681-ef83c40a23b5;409.2;1.87834877;UNKNOWN
2016-01-22T00:29:22.000000;2016-01-22T00:29:22.000000;71d7fe01-4401-4c82-984f-41dc536859fa;409.11;1.60124057;UNKNOWN
2016-01-22T00:29:22.000000;2016-01-22T00:29:22.000000;9e687ce9-11a1-4db6-8482-1ae7a9da598c;409.18;0.5;UNKNOWN
2016-01-22T00:29:23.000000;2016-01-22T00:29:23.000000;76f95ca2-c58b-4f2b-96a2-03ec2a47b495;409.27;1.21915626;UNKNOWN
2016-01-22T00:29:30.000000;2016-01-22T00:29:30.000000;0ab0820f-6d0f-49f4-b3ba-15bc219f1400;409.15;1.0;UNKNOWN
2016-01-22T00:29:34.000000;2016-01-22T00:29:34.000000;fb349c94-ebff-484f-9c1f-9f2a7267fabf;409.12;0.1;UNKNOWN
2016-01-22T00:29:35.000000;2016-01-22T00:29:35.000000;b78ab899-128d-45f8-a8a6-f58b687fbb6d;409.11;0.82797807;UNKNOWN
2016-01-22T00:29:44.000000;2016-01-22T00:29:44.000000;8d6439b1-8dd0-491c-8e4e-eeba6685b8b0;408.33;1.6;UNKNOWN
2016-01-22T00:29:44.000000;2016-01-22T00:29:44.000000;1b664b76-2aa0-4268-a088-46be0ddbef50;408.63;2.42969082;UNKNOWN
2016-01-22T00:29:44.000000;2016-01-22T00:29:44.000000;04340948-0b83-40ce-8322-55e03cb1c812;408.98;2.43140401;UNKNOWN
2016-01-22T00:29:44.000000;2016-01-22T00:29:44.000000;23429dad-2821-41b0-9e4b-e0d5e82345d9;408.95;2.42969082;UNKNOWN
2016-01-22T00:29:44.000000;2016-01-22T00:29:44.000000;1675eb6d-1174-4674-bbf9-faa844a08ff1;409.1;0.0613;UNKNOWN
2016-01-22T00:29:44.000000;2016-01-22T00:29:44.000000;fed87002-ee9c-4ebc-99a8-a152891283a0;408.71;2.42969082;UNKNOWN
2016-01-22T00:29:44.000000;2016-01-22T00:29:44.000000;7f2d6b52-4f23-4b57-af74-935c054a67b1;408.23;3.28056343;UNKNOWN
2016-01-22T00:29:44.000000;2016-01-22T00:29:44.000000;09313fd4-3858-4517-96d7-9f0963de66aa;408.42;0.0188;UNKNOWN
2016-01-22T00:29:44.000000;2016-01-22T00:29:44.000000;66ef03aa-f27a-41da-8a37-1e2b9b6b482b;408.38;1.645;UNKNOWN
2016-01-22T00:29:44.000000;2016-01-22T00:29:44.000000;3fe67937-cba5-4dd7-812c-0be8e6428359;409.0;0.047;UNKNOWN
2016-01-22T00:29:44.000000;2016-01-22T00:29:44.000000;1ef179de-5e63-4438-ae3c-58ec266f9770;408.36;1.83747846;UNKNOWN
2016-01-22T00:29:44.000000;2016-01-22T00:29:44.000000;9f162411-3b19-49d2-b924-8189cf746202;408.77;1.6;UNKNOWN
2016-01-22T00:29:44.000000;2016-01-22T00:29:44.000000;faedfee0-5fb9-416c-9d67-567671342d8a;408.87;2.42969082;UNKNOWN
2016-01-22T00:29:44.000000;2016-01-22T00:29:44.000000;07e5ec57-291f-4a2c-be95-40dabfd104b6;408.87;0.05;UNKNOWN
2016-01-22T00:29:44.000000;2016-01-22T00:29:44.000000;6bbed906-d532-4ad3-9816-d38de7f4b58c;408.79;2.42969082;UNKNOWN
2016-01-22T00:29:44.000000;2016-01-22T00:29:44.000000;4effc4e4-f137-43a6-b1e5-a53c15a9798d;408.41;0.26;UNKNOWN
2016-01-22T00:29:44.000000;2016-01-22T00:29:44.000000;7be00e83-a544-4c91-b062-9daf681cc900;408.8;0.02;UNKNOWN
2016-01-22T00:29:47.000000;2016-01-22T00:29:47.000000;adb09e77-df28-406a-be99-566e38e31212;408.24;1.00609792;UNKNOWN
2016-01-22T00:29:52.000000;2016-01-22T00:29:52.000000;1812e5d6-71c3-48db-b011-619b2268da81;408.24;0.01;UNKNOWN
2016-01-22T00:29:53.000000;2016-01-22T00:29:53.000000;ff0bbbb7-a57a-4dd0-914f-2cf90c35dfb0;408.24;0.01;UNKNOWN
2016-01-22T00:29:53.000000;2016-01-22T00:29:53.000000;0a7625a8-edf2-491d-8b20-df9505d310cc;408.23;0.24;UNKNOWN
2016-01-22T00:29:53.000000;2016-01-22T00:29:53.000000;7368bc9b-9c0e-488f-a068-829da73b14ad;408.2;0.75659531;UNKNOWN
2016-01-22T00:29:57.000000;2016-01-22T00:29:57.000000;9e6cb104-d2f9-4952-9486-c7cf596e9c45;408.24;0.01;UNKNOWN
2016-01-22T00:29:59.000000;2016-01-22T00:29:59.000000;7c2516eb-e286-4566-994b-2622b1ab9198;408.22;2.0;UNKNOWN
2016-01-22T00:29:59.000000;2016-01-22T00:29:59.000000;c7d3168b-7c44-4ec0-bc12-e9e9d3eaa9fb;408.22;0.01;UNKNOWN
2016-01-22T00:29:59.000000;2016-01-22T00:29:59.000000;6e0f45a4-8c9c-4bbf-bcb4-3cf5487eb65c;408.2;2.0;UNKNOWN
2016-01-22T00:30:04.000000;2016-01-22T00:30:04.000000;c1c5c464-aea1-4b9c-9641-c825360ecd9a;408.13;1.6;UNKNOWN
2016-01-22T00:30:04.000000;2016-01-22T00:30:04.000000;2263b0d2-3217-4c92-bb19-0715e9ec3467;408.11;0.24273366;UNKNOWN
2016-01-22T00:30:04.000000;2016-01-22T00:30:04.000000;88e9f9c6-39ef-4938-9f50-c88c6135df52;408.12;1.6;UNKNOWN
2016-01-22T00:30:04.000000;2016-01-22T00:30:04.000000;328a828a-2c0e-4840-b5a9-4cbf8a695ed9;408.12;1.6;UNKNOWN
2016-01-22T00:30:04.000000;2016-01-22T00:30:04.000000;84e860ac-4f67-440d-8adc-72c878d59b78;408.17;1.2;UNKNOWN
2016-01-22T00:30:04.000000;2016-01-22T00:30:04.000000;43b71aa5-da6a-4742-b33e-a03cd60c494b;408.2;2.26;UNKNOWN
2016-01-22T00:30:04.000000;2016-01-22T00:30:04.000000;2c22777d-319e-4db6-83c2-69bd4ee25d1e;408.2;39.98340469;UNKNOWN
2016-01-22T00:30:04.000000;2016-01-22T00:30:04.000000;c0014270-a9cc-4948-91bd-a671893273bd;408.2;0.02;UNKNOWN
2016-01-22T00:30:06.000000;2016-01-22T00:30:06.000000;b57685f6-6001-4cbe-81ba-0a6e2f2cc5af;408.11;0.37;UNKNOWN
2016-01-22T00:30:06.000000;2016-01-22T00:30:06.000000;02a8c2b1-c676-43fb-b9b2-d346a1d8c261;408.11;3.0;UNKNOWN
2016-01-22T00:30:09.000000;2016-01-22T00:30:09.000000;a2acd175-ae4d-4e37-863b-0197e997f63d;407.35;3.10071013;UNKNOWN
2016-01-22T00:30:09.000000;2016-01-22T00:30:09.000000;0e3f8205-20b9-43c7-b518-e9a027a2d747;407.69;0.05;UNKNOWN
2016-01-22T00:30:09.000000;2016-01-22T00:30:09.000000;0a3cdb13-adc1-49be-b285-5426cca8dac7;407.51;0.25;UNKNOWN
2016-01-22T00:30:09.000000;2016-01-22T00:30:09.000000;26a8f2d1-4a2e-4699-a1d7-0047b3f2556c;407.41;0.05;UNKNOWN
2016-01-22T00:30:09.000000;2016-01-22T00:30:09.000000;e0ebf7f2-6d4e-441c-9a4d-96ea93aa864d;407.8;0.02;UNKNOWN
2016-01-22T00:30:09.000000;2016-01-22T00:30:09.000000;79bdbf63-d82c-42fd-be1a-029ef10e7961;407.71;0.5;UNKNOWN
2016-01-22T00:30:09.000000;2016-01-22T00:30:09.000000;c46330fc-d365-4e1b-ae95-cc203a30ec53;407.52;0.05;UNKNOWN
2016-01-22T00:30:09.000000;2016-01-22T00:30:09.000000;ad4e77fe-d9a0-43ee-906d-9e654a601dda;407.62;1.6;UNKNOWN
2016-01-22T00:30:09.000000;2016-01-22T00:30:09.000000;eea84821-ea4d-4a67-a1aa-beae1c97b726;408.0;0.6;UNKNOWN
2016-01-22T00:30:09.000000;2016-01-22T00:30:09.000000;a10e11f8-8738-4c65-ac91-1ab99358edc4;407.76;0.25;UNKNOWN
2016-01-22T00:30:13.000000;2016-01-22T00:30:13.000000;8c811304-d94c-4da1-a6ce-52f3b0fc5c10;408.11;0.03;UNKNOWN
2016-01-22T00:30:22.000000;2016-01-22T00:30:22.000000;fb74da27-6dd9-4b88-b219-b1dd851ab094;408.01;0.335;UNKNOWN
2016-01-22T00:30:26.000000;2016-01-22T00:30:26.000000;033f236b-19fb-42d8-ba9b-27bc26879244;408.01;0.01;UNKNOWN
2016-01-22T00:30:28.000000;2016-01-22T00:30:28.000000;0abdc6a7-616a-4911-b9ac-20027f07c66f;408.01;0.02;UNKNOWN
2016-01-22T00:30:44.000000;2016-01-22T00:30:44.000000;a9ca784e-3376-40bd-8f9f-d49c78969722;408.0;1.2;UNKNOWN
2016-01-22T00:30:59.000000;2016-01-22T00:30:59.000000;fa7a91f0-de3b-4bf6-8079-b62c5c115b7c;408.07;0.24;UNKNOWN
2016-01-22T00:31:05.000000;2016-01-22T00:31:05.000000;397f4755-0d6f-4a5e-b069-d0768b44868b;408.08;0.2406044;UNKNOWN
2016-01-22T00:31:20.000000;2016-01-22T00:31:20.000000;2421cb79-8fc1-47fa-bcf8-75ba8f2678de;408.1;0.10495;UNKNOWN
2016-01-22T00:31:24.000000;2016-01-22T00:31:24.000000;51d94354-4e59-4b3e-a005-fa632bdd5902;408.09;1.2;UNKNOWN
2016-01-22T00:31:41.000000;2016-01-22T00:31:41.000000;74b3214b-c1c2-48f2-9671-f454a0092684;408.04;0.01;UNKNOWN
2016-01-22T00:31:44.000000;2016-01-22T00:31:44.000000;eb346236-f504-4349-967f-e7d4721aaff3;408.04;0.02;UNKNOWN
2016-01-22T00:31:53.000000;2016-01-22T00:31:53.000000;23ef455e-54fd-467b-808e-468f0bca7206;408.02;0.3;UNKNOWN
2016-01-22T00:32:19.000000;2016-01-22T00:32:19.000000;ac848ecf-0126-46ac-9dbd-46f6ce7cbd73;408.1;1.09505;UNKNOWN
2016-01-22T00:32:19.000000;2016-01-22T00:32:19.000000;4007652e-621f-4026-bb8c-2257a5568c3d;408.21;0.90495;UNKNOWN
2016-01-22T00:32:32.000000;2016-01-22T00:32:32.000000;6e450a94-fdc3-4a1d-8b5b-1536912bc211;408.22;0.1;UNKNOWN
2016-01-22T00:32:46.000000;2016-01-22T00:32:46.000000;92f9b868-53e1-4ec4-a0f8-a788d7364cda;408.22;1.1;UNKNOWN
2016-01-22T00:32:57.000000;2016-01-22T00:32:57.000000;94a4c6be-c41a-4e9d-aef1-96f2840e0a84;408.78;1.285;UNKNOWN
2016-01-22T00:34:06.000000;2016-01-22T00:34:06.000000;4261e37e-ee91-4875-8806-73a7aac853d6;408.79;0.5;UNKNOWN
2016-01-22T00:34:06.000000;2016-01-22T00:34:06.000000;d6a4b7ee-c820-4287-bc5f-b0478f99d361;408.79;0.5;UNKNOWN
2016-01-22T00:34:06.000000;2016-01-22T00:34:06.000000;ef153430-15ef-4586-855b-2d4d827432eb;408.79;0.5;UNKNOWN
2016-01-22T00:34:06.000000;2016-01-22T00:34:06.000000;8fdf4ad1-2abc-4660-91c7-f08095e4a6ad;408.79;0.01;UNKNOWN
2016-01-22T00:34:06.000000;2016-01-22T00:34:06.000000;40445d10-778b-4bcf-a14e-70c8e5757500;408.78;0.415;UNKNOWN
2016-01-22T00:34:06.000000;2016-01-22T00:34:06.000000;dd64ba0b-5dd8-4e85-b74b-f0790d027d12;408.78;0.01;UNKNOWN
2016-01-22T00:34:06.000000;2016-01-22T00:34:06.000000;23a0178e-a42f-4d51-8401-3ff7286ac370;408.79;0.065;UNKNOWN
2016-01-22T00:34:12.000000;2016-01-22T00:34:12.000000;f1448d28-2cac-410a-a735-aa8ce0e704dd;408.43;0.03555039;UNKNOWN
2016-01-22T00:34:43.000000;2016-01-22T00:34:43.000000;a8d0154a-3c64-4ce6-a3e3-332697954fc3;408.56;0.5;UNKNOWN
2016-01-22T00:34:43.000000;2016-01-22T00:34:43.000000;35b436d0-35a0-44df-81ef-1a138fea9685;408.56;0.5;UNKNOWN
2016-01-22T00:34:56.000000;2016-01-22T00:34:56.000000;2ca90fbf-8325-4a90-83d4-198e7da4a002;408.69;1.0;UNKNOWN
2016-01-22T00:35:13.000000;2016-01-22T00:35:13.000000;be3c17df-1bd6-4e43-ae58-9ef4791983ee;408.79;2.0;UNKNOWN
2016-01-22T00:35:20.000000;2016-01-22T00:35:20.000000;4b77481d-1dac-4527-a5aa-b4a260eeaa1b;408.63;0.5;UNKNOWN
2016-01-22T00:35:28.000000;2016-01-22T00:35:28.000000;8dcd833e-dc6c-47b6-9ee0-b3a431b39df7;408.62;0.5;UNKNOWN
2016-01-22T00:36:31.000000;2016-01-22T00:36:31.000000;a0c388d4-51ba-4b35-882a-1e52fd0fa833;408.59;0.1;UNKNOWN
2016-01-22T00:37:01.000000;2016-01-22T00:37:01.000000;77958c7f-ac38-4b7f-bb21-e9936c230f71;408.59;0.02;UNKNOWN
2016-01-22T00:37:10.000000;2016-01-22T00:37:10.000000;2fd867d7-299a-4a78-a12f-4316bd5d8fbd;408.59;0.1136;UNKNOWN
2016-01-22T00:37:30.000000;2016-01-22T00:37:30.000000;cdb81e65-36df-46f7-946c-e3ab1923309f;408.58;0.0206;UNKNOWN
2016-01-22T00:37:36.000000;2016-01-22T00:37:36.000000;9a6fedde-673e-4b66-9ee8-b2edcb082a0f;408.59;4.8336;UNKNOWN
2016-01-22T00:37:36.000000;2016-01-22T00:37:36.000000;04f96752-9526-4275-a6cd-40c734e8394f;408.59;0.1664;UNKNOWN
2016-01-22T00:37:44.000000;2016-01-22T00:37:44.000000;fa4452e9-12af-4ea9-9921-feb6ee7d3108;408.69;1.0;UNKNOWN
2016-01-22T00:37:47.000000;2016-01-22T00:37:47.000000;80f3f089-52d2-4c58-9a79-a4a61375a267;408.79;0.01;UNKNOWN
2016-01-22T00:37:48.000000;2016-01-22T00:37:48.000000;9c8cf7f1-704d-42e3-90e1-ee12a897ed93;408.79;0.01;UNKNOWN
2016-01-22T00:37:49.000000;2016-01-22T00:37:49.000000;48653bb1-1f06-4138-a171-20d5a268d578;408.76;0.01;UNKNOWN
2016-01-22T00:37:51.000000;2016-01-22T00:37:51.000000;f74f69d7-2a6b-4ffd-b2e2-8b50cdb6bd77;408.79;0.01;UNKNOWN
2016-01-22T00:37:51.000000;2016-01-22T00:37:51.000000;3969ac49-95e7-4d9a-a316-c4c46976207a;408.79;0.01;UNKNOWN
2016-01-22T00:37:51.000000;2016-01-22T00:37:51.000000;71811293-8bb9-489d-8220-5635f1f12069;408.79;0.01;UNKNOWN
2016-01-22T00:37:52.000000;2016-01-22T00:37:52.000000;d2a48490-fa0f-4077-bb76-c8436699883d;408.79;0.01;UNKNOWN
2016-01-22T00:37:53.000000;2016-01-22T00:37:53.000000;ee48e383-b761-418a-9f71-61c1d29fc32f;408.79;0.01;UNKNOWN
2016-01-22T00:37:54.000000;2016-01-22T00:37:54.000000;35a9b9db-324c-42f1-b641-fd31cd55d63d;408.78;0.01;UNKNOWN
2016-01-22T00:37:55.000000;2016-01-22T00:37:55.000000;e5696042-60fe-4d3f-975e-98a269803fc4;408.8;0.01;UNKNOWN
2016-01-22T00:37:55.000000;2016-01-22T00:37:55.000000;99837d63-d54f-4379-9db7-baa7d41361dd;408.78;0.01;UNKNOWN
2016-01-22T00:38:00.000000;2016-01-22T00:38:00.000000;16801bce-36b5-4e66-a7ee-b7f4863eb24f;408.78;0.01;UNKNOWN
2016-01-22T00:38:01.000000;2016-01-22T00:38:01.000000;16110181-0df5-4be4-871b-1658a4a1fc56;408.76;0.01;UNKNOWN
2016-01-22T00:38:02.000000;2016-01-22T00:38:02.000000;2e4a94b1-6452-44ab-b3d7-938ed341905e;408.76;5.0;UNKNOWN
2016-01-22T00:38:05.000000;2016-01-22T00:38:05.000000;1e69fed1-9000-4254-9acd-242a5049d59b;408.75;0.01;UNKNOWN
2016-01-22T00:38:06.000000;2016-01-22T00:38:06.000000;014e7f6f-b199-4834-ba2b-f6c2110ff766;408.75;0.01;UNKNOWN
2016-01-22T00:38:08.000000;2016-01-22T00:38:08.000000;01408255-9d02-4551-baaf-0a0821dc216b;408.75;0.01;UNKNOWN
2016-01-22T00:38:09.000000;2016-01-22T00:38:09.000000;f87793f3-1713-4431-92dc-cd2c2ea127b3;408.75;0.01;UNKNOWN
2016-01-22T00:38:11.000000;2016-01-22T00:38:11.000000;80bb3bfe-6420-4bd1-8819-f6a5fe9f32f2;408.75;0.01;UNKNOWN
2016-01-22T00:38:11.000000;2016-01-22T00:38:11.000000;12e823b2-48b3-4c7d-b2ad-b14152387ac9;408.75;0.01;UNKNOWN
2016-01-22T00:38:13.000000;2016-01-22T00:38:13.000000;d9ecce15-6878-4b6a-9317-841c970219d4;408.75;0.01;UNKNOWN
2016-01-22T00:38:14.000000;2016-01-22T00:38:14.000000;1ec92f8d-eab3-498a-b437-ec7fb4f23764;408.75;0.01;UNKNOWN
2016-01-22T00:38:16.000000;2016-01-22T00:38:16.000000;8288cc0e-8d80-42fa-9477-ac813e3b57ba;408.75;0.01;UNKNOWN
2016-01-22T00:38:16.000000;2016-01-22T00:38:16.000000;f823c2e4-948c-477c-a86a-f296c17b5288;408.75;0.01;UNKNOWN
2016-01-22T00:38:19.000000;2016-01-22T00:38:19.000000;0c421c22-08c1-4ffa-8ca2-bc27424e8e7d;408.75;0.01;UNKNOWN
2016-01-22T00:38:20.000000;2016-01-22T00:38:20.000000;95c8c9b5-b4f1-4a7f-9c82-4856c4f4cc4f;408.75;0.01;UNKNOWN
2016-01-22T00:38:21.000000;2016-01-22T00:38:21.000000;39d26c1e-e878-4def-84fe-f3586ad85605;408.75;0.01;UNKNOWN
2016-01-22T00:38:22.000000;2016-01-22T00:38:22.000000;0a551a45-4e6a-4636-ae4f-220bd318d7f1;408.75;0.01;UNKNOWN
2016-01-22T00:38:22.000000;2016-01-22T00:38:22.000000;6ddebc03-91db-4a19-97d1-3a272dfe37af;408.75;0.01;UNKNOWN
2016-01-22T00:38:23.000000;2016-01-22T00:38:23.000000;adfebcb1-3443-49bf-8297-ba0690b77fd9;408.75;0.01;UNKNOWN
2016-01-22T00:38:24.000000;2016-01-22T00:38:24.000000;bbd77371-9543-423e-87f6-d2c8b4cf912b;408.75;0.01;UNKNOWN
2016-01-22T00:38:24.000000;2016-01-22T00:38:24.000000;86333707-224a-4ba2-b451-fccdc71e98ca;408.75;0.01;UNKNOWN
2016-01-22T00:38:25.000000;2016-01-22T00:38:25.000000;86b8a984-6ae2-4719-984e-984339b050b6;408.75;0.01;UNKNOWN
2016-01-22T00:38:25.000000;2016-01-22T00:38:25.000000;b8766580-ed84-4f7b-9ef6-5b45e86a2e40;408.75;1.65;UNKNOWN
2016-01-22T00:38:26.000000;2016-01-22T00:38:26.000000;c808d23f-b6a3-4b2a-9cac-da80ca4917c6;408.8;0.01;UNKNOWN
2016-01-22T00:38:30.000000;2016-01-22T00:38:30.000000;b9a9e274-5518-4272-96fa-422373a53523;408.78;0.06;UNKNOWN
2016-01-22T00:38:34.000000;2016-01-22T00:38:34.000000;e59c5447-fe9e-431f-873c-8781e4e7cd1b;408.8;0.01;UNKNOWN
2016-01-22T00:38:34.000000;2016-01-22T00:38:34.000000;2b46432a-c0ce-432b-9cde-bce40ba24edf;408.8;0.01;UNKNOWN
2016-01-22T00:38:37.000000;2016-01-22T00:38:37.000000;bdc9d0e2-ae15-4d9b-af12-e794dcadb8d3;408.8;0.01;UNKNOWN
2016-01-22T00:38:37.000000;2016-01-22T00:38:37.000000;20a9f346-c80c-4416-bf46-b93f759b0d4e;408.8;0.01;UNKNOWN
2016-01-22T00:38:38.000000;2016-01-22T00:38:38.000000;95f36116-2be7-4dce-82a7-ba29c587f371;408.8;0.01;UNKNOWN
2016-01-22T00:38:39.000000;2016-01-22T00:38:39.000000;dedb39b1-d7d7-4173-a2a2-dad89a6ef20f;408.8;0.01;UNKNOWN
2016-01-22T00:38:39.000000;2016-01-22T00:38:39.000000;fdd13803-9388-45d9-86e9-598a210458b5;408.8;0.01;UNKNOWN
2016-01-22T00:38:40.000000;2016-01-22T00:38:40.000000;2a5438f6-057c-437c-9bef-a871102f5c22;408.8;0.01;UNKNOWN
2016-01-22T00:38:40.000000;2016-01-22T00:38:40.000000;818ed30d-3415-4eca-bb49-ab97a06a3e71;408.8;0.01;UNKNOWN
2016-01-22T00:38:41.000000;2016-01-22T00:38:41.000000;2021ef3a-5ff0-4886-b259-d1c944edcd56;408.8;0.01;UNKNOWN
2016-01-22T00:38:41.000000;2016-01-22T00:38:41.000000;9bde5609-e0d9-46a1-ba34-f8b6a51a29d0;408.8;0.01;UNKNOWN
2016-01-22T00:38:42.000000;2016-01-22T00:38:42.000000;8181ebcc-a437-4571-9f90-8e72db45465d;408.8;0.01;UNKNOWN
2016-01-22T00:38:43.000000;2016-01-22T00:38:43.000000;cae7806c-6e15-4d39-884d-0627f87fd028;408.78;0.01;UNKNOWN
2016-01-22T00:38:47.000000;2016-01-22T00:38:47.000000;d07cae3f-df7f-4083-ade5-7f54d7039fbc;408.8;0.01;UNKNOWN
2016-01-22T00:38:47.000000;2016-01-22T00:38:47.000000;6ab43e3a-517a-4190-9869-88cd939288c4;408.8;0.01;UNKNOWN
2016-01-22T00:38:50.000000;2016-01-22T00:38:50.000000;057dab60-9735-48d1-8668-f1a0a4aba080;408.9;0.715;UNKNOWN
2016-01-22T00:38:50.000000;2016-01-22T00:38:50.000000;cc223867-2fe9-40c1-86bf-e77b379c391b;408.8;0.01;UNKNOWN
2016-01-22T00:38:50.000000;2016-01-22T00:38:50.000000;f301650a-1825-4c24-bac7-564b348b4712;408.8;0.93;UNKNOWN
2016-01-22T00:38:54.000000;2016-01-22T00:38:54.000000;b9a523ac-4c57-4787-8a5a-d27d60c017b1;408.8;5.0;UNKNOWN
2016-01-22T00:39:00.000000;2016-01-22T00:39:00.000000;347ee9ec-392e-4078-bfc0-7d19866c2eb3;408.9;0.01;UNKNOWN
2016-01-22T00:39:01.000000;2016-01-22T00:39:01.000000;0dff485d-4dfb-4afd-ae5b-5f1b832674ee;408.9;0.01;UNKNOWN
2016-01-22T00:39:02.000000;2016-01-22T00:39:02.000000;61a3a833-1923-467a-b87c-01d12bdf2c35;408.9;0.01;UNKNOWN
2016-01-22T00:39:02.000000;2016-01-22T00:39:02.000000;53fde2b2-86dc-4b9c-91d9-38046e93934e;408.9;0.01;UNKNOWN
2016-01-22T00:39:03.000000;2016-01-22T00:39:03.000000;12b60f24-43d0-4bd5-8f85-17a3ac5f28a8;408.9;0.335;UNKNOWN
2016-01-22T00:39:03.000000;2016-01-22T00:39:03.000000;69f4fc64-2483-41d8-bbf6-82dae7c6130e;408.99;4.665;UNKNOWN
2016-01-22T00:39:03.000000;2016-01-22T00:39:03.000000;ad7aab26-144d-4973-a36f-0607300b12f4;408.9;0.01;UNKNOWN
2016-01-22T00:39:04.000000;2016-01-22T00:39:04.000000;a130bdf7-d28a-4333-b7b6-b030ea2bc532;408.84;0.08;UNKNOWN
2016-01-22T00:39:05.000000;2016-01-22T00:39:05.000000;72f38b7e-4745-44a9-8765-b44003b19212;409.0;0.01;UNKNOWN
2016-01-22T00:39:05.000000;2016-01-22T00:39:05.000000;124df7fa-c520-4601-9e7f-1637160f42a8;409.0;0.01;UNKNOWN
2016-01-22T00:39:06.000000;2016-01-22T00:39:06.000000;fd614fdc-0a75-44a1-87e4-20fe7ad66c7b;409.0;1.65;UNKNOWN
2016-01-22T00:39:18.000000;2016-01-22T00:39:18.000000;f83bd368-91a0-4a8a-8212-4fdc3e96ab67;408.98;0.1;UNKNOWN
2016-01-22T00:39:20.000000;2016-01-22T00:39:20.000000;1b4ff829-8b8b-40f4-89d6-4f698ac3b1ed;408.93;0.66;UNKNOWN
2016-01-22T00:39:30.000000;2016-01-22T00:39:30.000000;30937919-e135-4da4-9789-5d9a4d064157;409.0;1.33;UNKNOWN
2016-01-22T00:39:30.000000;2016-01-22T00:39:30.000000;ab16ec96-0136-4b95-8b46-331055728d94;408.78;4.37;UNKNOWN
2016-01-22T00:39:30.000000;2016-01-22T00:39:30.000000;0301d16e-cf43-4c06-91bb-3f312739cab5;408.99;2.43377101;UNKNOWN
2016-01-22T00:39:30.000000;2016-01-22T00:39:30.000000;d41d1bdb-87ec-444f-8c5d-9d152e7b5462;409.07;1.86622899;UNKNOWN
2016-01-22T00:39:45.000000;2016-01-22T00:39:45.000000;e4aec823-ecd2-477e-b1da-092dfeb2a2b2;409.19;12.33079466;UNKNOWN
2016-01-22T00:39:45.000000;2016-01-22T00:39:45.000000;eb6e4f74-41c5-4447-8de3-1e5976bcff68;409.15;2.43374139;UNKNOWN
2016-01-22T00:39:45.000000;2016-01-22T00:39:45.000000;124fd4ab-96dd-4e61-8115-c266b6a954e2;409.1;1.1;UNKNOWN
2016-01-22T00:39:45.000000;2016-01-22T00:39:45.000000;e6d0e298-7fd7-4cd3-9651-dc14efe5c2f3;409.07;0.56754202;UNKNOWN
2016-01-22T00:39:45.000000;2016-01-22T00:39:45.000000;ab8b3df4-3f21-4175-86af-02cadba2c197;409.15;13.4959;UNKNOWN
2016-01-22T00:39:45.000000;2016-01-22T00:39:45.000000;1bdc34e8-7b5a-4be4-b1b7-eeade246d9b4;409.11;0.07202193;UNKNOWN
2016-01-22T00:39:57.000000;2016-01-22T00:39:57.000000;554650c5-b5b2-42b4-b5b6-d865e9fd2548;408.77;0.50024056;UNKNOWN
2016-01-22T00:39:57.000000;2016-01-22T00:39:57.000000;618dbe8a-d247-47b0-9cae-fe620faf84d9;408.7;0.05;UNKNOWN
2016-01-22T00:41:13.000000;2016-01-22T00:41:13.000000;7880805f-3d93-47e1-861f-e5ea3f4b9059;408.69;0.12244062;UNKNOWN
2016-01-22T00:41:26.000000;2016-01-22T00:41:26.000000;860e09b4-8c11-44f1-900a-011308174326;408.48;1.0;UNKNOWN
2016-01-22T00:41:28.000000;2016-01-22T00:41:28.000000;d24887af-dd9e-4bfd-8beb-9147bb149d8b;408.48;1.0;UNKNOWN
2016-01-22T00:41:30.000000;2016-01-22T00:41:30.000000;874335ec-1fc0-49eb-ac98-1161216d9303;408.49;1.0;UNKNOWN
2016-01-22T00:41:31.000000;2016-01-22T00:41:31.000000;fd3f799a-361f-46e5-b865-09b94059d046;408.49;1.0;UNKNOWN
2016-01-22T00:41:55.000000;2016-01-22T00:41:55.000000;1be78790-fa6d-4e0d-a3f9-52f89772d471;408.7;0.085;UNKNOWN
2016-01-22T00:42:16.000000;2016-01-22T00:42:16.000000;7c8428d1-b4e0-443b-ac61-c6f9c537dd53;408.7;0.015;UNKNOWN
2016-01-22T00:42:22.000000;2016-01-22T00:42:22.000000;e29dfbe4-4050-4095-9f66-2e73587ea2ee;408.78;0.1;UNKNOWN
2016-01-22T00:43:03.000000;2016-01-22T00:43:03.000000;8c993915-4dc8-4834-acfa-cef220e233da;408.78;0.368;UNKNOWN
2016-01-22T00:44:10.000000;2016-01-22T00:44:10.000000;14ef9daa-c022-413d-bc43-ad39a11295b2;408.51;0.16372864;UNKNOWN
2016-01-22T00:44:34.000000;2016-01-22T00:44:34.000000;ca6e812c-a91e-481b-aeaa-8a16a4b6bb42;408.52;0.1968;UNKNOWN
2016-01-22T00:44:37.000000;2016-01-22T00:44:37.000000;0e4dcafb-c332-4c4b-9566-067637e0fa70;407.98;6.94052864;UNKNOWN
2016-01-22T00:44:37.000000;2016-01-22T00:44:37.000000;b294db53-d538-485f-8bd2-0d990536247f;408.52;6.0458;UNKNOWN
2016-01-22T00:44:37.000000;2016-01-22T00:44:37.000000;03f56fa3-9cc8-4611-92dd-3148d2907235;408.51;4.70187136;UNKNOWN
2016-01-22T00:44:37.000000;2016-01-22T00:44:37.000000;d568256c-ae22-4765-9293-006fdee2fa92;408.4;0.5;UNKNOWN
2016-01-22T00:44:37.000000;2016-01-22T00:44:37.000000;2de58c1e-9b59-4838-9880-27e0cd5c54e1;408.0;0.8;UNKNOWN
2016-01-22T00:44:37.000000;2016-01-22T00:44:37.000000;a3add55a-a3b1-4094-9cff-017f9af59b55;408.52;3.0;UNKNOWN
2016-01-22T00:44:37.000000;2016-01-22T00:44:37.000000;b1302d10-28d7-42b1-aad5-299dbd86efdd;408.31;0.07;UNKNOWN
2016-01-22T00:44:37.000000;2016-01-22T00:44:37.000000;6ba38350-c91e-40c8-825d-f0f6adf3cea8;408.05;6.0;UNKNOWN
2016-01-22T00:45:17.000000;2016-01-22T00:45:17.000000;39258d6c-4b67-4c5d-9882-b34f4e22740d;407.74;13.4064;UNKNOWN
2016-01-22T00:45:17.000000;2016-01-22T00:45:17.000000;2d49c5f0-024f-42d3-a9ac-49626c968d8d;408.07;8.75074;UNKNOWN
2016-01-22T00:45:17.000000;2016-01-22T00:45:17.000000;536b56e1-7d45-46c4-9dd8-9b28e6c2a934;407.73;2.43635035;UNKNOWN
2016-01-22T00:45:17.000000;2016-01-22T00:45:17.000000;efde49b8-e04d-4429-a934-c604dc8db7e7;408.08;6.063;UNKNOWN
2016-01-22T00:45:17.000000;2016-01-22T00:45:17.000000;6a4debfe-6b41-4698-8bb1-43eb6c2fd616;407.66;11.15769341;UNKNOWN
2016-01-22T00:45:17.000000;2016-01-22T00:45:17.000000;48340d36-148b-446c-b9b5-2533ed615dc3;407.74;2.43581624;UNKNOWN
2016-01-22T00:45:31.000000;2016-01-22T00:45:31.000000;843e7b0d-5450-446a-802a-2f8aab278eb0;408.33;0.4722;UNKNOWN
2016-01-22T00:45:33.000000;2016-01-22T00:45:33.000000;64391d28-acee-426b-aab7-c2170595fe32;408.38;1.6;UNKNOWN
2016-01-22T00:45:33.000000;2016-01-22T00:45:33.000000;73ed33d0-e19d-4726-91b1-f5eee3c95ca2;408.33;0.0278;UNKNOWN
2016-01-22T00:45:33.000000;2016-01-22T00:45:33.000000;43ff30c7-b331-4993-9232-8a01efed5810;408.4;1.0;UNKNOWN
2016-01-22T00:45:54.000000;2016-01-22T00:45:54.000000;b61e7b26-2220-47de-bc84-3e5c12ed38e1;408.44;0.093;UNKNOWN
2016-01-22T00:46:21.000000;2016-01-22T00:46:21.000000;363bcb1c-c3b1-42a8-b082-ee0a7bd83e08;408.44;1.547;UNKNOWN
2016-01-22T00:47:13.000000;2016-01-22T00:47:13.000000;54de80ae-723d-443c-9121-793b9340d82e;408.5;1.0;UNKNOWN
2016-01-22T00:48:03.000000;2016-01-22T00:48:03.000000;bdf83c5a-3699-48d4-8d03-7034c2a563df;408.44;0.12254853;UNKNOWN
2016-01-22T00:48:41.000000;2016-01-22T00:48:41.000000;4eb08cb8-d159-4409-b193-aa698f9817e4;408.44;1.0;UNKNOWN
2016-01-22T00:48:58.000000;2016-01-22T00:48:58.000000;d7c1c9e5-fb00-494d-97df-6cc98cd0debd;408.53;0.068432;UNKNOWN
2016-01-22T00:49:06.000000;2016-01-22T00:49:06.000000;cc92a648-8a44-42e8-85ab-b4be507feff7;408.44;0.14972492;UNKNOWN
2016-01-22T00:49:07.000000;2016-01-22T00:49:07.000000;b12aa1e7-8d21-4946-a96f-fd83f5402a57;408.42;0.65927345;UNKNOWN
2016-01-22T00:49:07.000000;2016-01-22T00:49:07.000000;44ed5f98-dcfb-48b4-aee9-25557c65feef;408.44;2.18072655;UNKNOWN
2016-01-22T00:49:07.000000;2016-01-22T00:49:07.000000;5cf153c8-2dab-4f6f-bef4-57381b5abec0;408.42;0.07;UNKNOWN
2016-01-22T00:49:11.000000;2016-01-22T00:49:11.000000;ba7ae8c2-784f-42d6-97d8-a07cefc10bfa;408.41;7.3722;UNKNOWN
2016-01-22T00:49:11.000000;2016-01-22T00:49:11.000000;d68ed3b2-aae0-47c7-88e7-e9054503a6b5;408.01;0.2478;UNKNOWN
2016-01-22T00:49:15.000000;2016-01-22T00:49:15.000000;36df91a9-27ba-4847-a7d3-bd9e03630a1b;408.46;0.01762507;UNKNOWN
2016-01-22T00:49:20.000000;2016-01-22T00:49:20.000000;c154031a-76f8-4f60-b4fa-78cf0b0f905f;408.45;0.023;UNKNOWN
2016-01-22T00:49:34.000000;2016-01-22T00:49:34.000000;83734deb-085d-405a-a1cd-f7896ffee51a;408.49;0.1;UNKNOWN
2016-01-22T00:49:48.000000;2016-01-22T00:49:48.000000;e4f6096a-d01c-4b2e-ac2d-8cad0337651f;408.4;0.05724056;UNKNOWN
2016-01-22T00:50:02.000000;2016-01-22T00:50:02.000000;ef70e74d-9bd4-41ee-821a-a32067e3e667;408.4;0.12769;UNKNOWN
2016-01-22T00:51:05.000000;2016-01-22T00:51:05.000000;63414e52-1440-472e-ae57-e66c5ea9d0dd;408.52;10.0;UNKNOWN
2016-01-22T00:52:13.000000;2016-01-22T00:52:13.000000;14e6efe8-796d-41fa-b813-7e29fe1d6f27;408.57;0.06061634;UNKNOWN
2016-01-22T00:53:06.000000;2016-01-22T00:53:06.000000;44881762-7964-428c-ace8-dd0e259f1cdd;408.59;1.6;UNKNOWN
2016-01-22T00:53:06.000000;2016-01-22T00:53:06.000000;011220a4-c90c-4041-92ff-e6e361394a80;408.8;1.5592;UNKNOWN
2016-01-22T00:53:06.000000;2016-01-22T00:53:06.000000;0e1562f7-91ad-410c-a6df-d26a26840236;408.79;0.73;UNKNOWN
2016-01-22T00:53:06.000000;2016-01-22T00:53:06.000000;c00f767b-04c5-4ac2-96ba-91d60e58128f;408.76;6.1108;UNKNOWN
2016-01-22T00:53:48.000000;2016-01-22T00:53:48.000000;4b56ca9b-5b56-4847-8c90-23567d3a4658;408.66;0.3839;UNKNOWN
2016-01-22T00:55:23.000000;2016-01-22T00:55:23.000000;2bfcaf39-3e08-477f-83ae-eef42d4c5ceb;408.61;0.10041604;UNKNOWN
2016-01-22T00:55:30.000000;2016-01-22T00:55:30.000000;02467ec5-b38c-43ab-a195-9260ccd80205;408.81;0.01;UNKNOWN
2016-01-22T00:56:04.000000;2016-01-22T00:56:04.000000;2b8a0217-f629-4e87-8058-32eac5d27abe;408.86;0.1;UNKNOWN
2016-01-22T00:56:24.000000;2016-01-22T00:56:24.000000;5f907f36-5420-4d1a-a7f3-74c4f059223e;408.87;0.02;UNKNOWN
2016-01-22T00:56:59.000000;2016-01-22T00:56:59.000000;ae392aae-5d78-425f-82ad-1c81bc0357e5;408.8;0.025;UNKNOWN
2016-01-22T00:57:04.000000;2016-01-22T00:57:04.000000;75385eb2-e36c-45d4-97f2-221a5251161f;408.8;0.025;UNKNOWN
2016-01-22T00:57:09.000000;2016-01-22T00:57:09.000000;6d17a941-1778-44e4-918b-8f1eac1ed4d1;408.8;0.025;UNKNOWN
2016-01-22T00:57:15.000000;2016-01-22T00:57:15.000000;037a65cc-4964-4238-9e3b-4fc651e01d20;408.8;0.025;UNKNOWN
2016-01-22T00:57:20.000000;2016-01-22T00:57:20.000000;e78a15fc-dae0-4b7e-bdcb-64f0add85d8f;408.8;0.025;UNKNOWN
2016-01-22T01:00:09.000000;2016-01-22T01:00:09.000000;2838053f-ec51-4156-bcae-e519b8a3f7be;408.8;0.01;UNKNOWN
2016-01-22T01:00:26.000000;2016-01-22T01:00:26.000000;6fd4d025-a95d-43bf-aea3-d6ccdb479d9b;408.85;0.135;UNKNOWN
2016-01-22T01:00:26.000000;2016-01-22T01:00:26.000000;f4ec80f3-a8f9-4d9b-b3b4-d21bcf844698;408.8;4.865;UNKNOWN
2016-01-22T01:00:30.000000;2016-01-22T01:00:30.000000;dde87b0c-9799-4c6b-bd8d-5b82c4a6cf9d;408.85;0.01;UNKNOWN
2016-01-22T01:00:57.000000;2016-01-22T01:00:57.000000;7ddc5c53-d60e-497a-b24b-0eda1364b684;408.85;0.01;UNKNOWN
2016-01-22T01:01:40.000000;2016-01-22T01:01:40.000000;7867f9a8-50d3-4e57-962a-c2a39b8c4181;408.89;0.01;UNKNOWN
2016-01-22T01:03:17.000000;2016-01-22T01:03:17.000000;aa05bd3c-aa59-460e-8ed5-8e166ac21e98;408.89;0.025;UNKNOWN
2016-01-22T01:04:06.000000;2016-01-22T01:04:06.000000;6ba782e9-41a3-48e1-9818-72e27201c72c;408.89;0.45574212;UNKNOWN
2016-01-22T01:04:06.000000;2016-01-22T01:04:06.000000;153ac540-c9f7-41ad-a86a-eb302f2ef95e;408.89;0.965;UNKNOWN
2016-01-22T01:04:07.000000;2016-01-22T01:04:07.000000;fee54ead-75c2-47f9-bd71-5a3987c9dfb7;408.99;0.35;UNKNOWN
2016-01-22T01:04:07.000000;2016-01-22T01:04:07.000000;88cc164c-7751-40ef-8273-557b1188fe5a;408.89;0.54425788;UNKNOWN
2016-01-22T01:04:07.000000;2016-01-22T01:04:07.000000;b28f614a-3d8f-4135-8988-27c5ae10bb49;409.19;1.53664374;UNKNOWN
2016-01-22T01:04:26.000000;2016-01-22T01:04:26.000000;3def4d2b-e9c7-4f51-9ca0-78b81082a702;409.03;0.2;UNKNOWN
2016-01-22T01:06:42.000000;2016-01-22T01:06:42.000000;db273a92-163c-40bf-9d2a-e5aec4daa0df;409.4;1.123827;UNKNOWN
2016-01-22T01:06:58.000000;2016-01-22T01:06:58.000000;0ae2b2e3-65e9-428d-abe9-5c67c5fe7722;409.47;0.05;UNKNOWN
2016-01-22T01:06:58.000000;2016-01-22T01:06:58.000000;90fb9238-a062-491e-b24b-09c97227a3e0;409.46;0.5;UNKNOWN
2016-01-22T01:06:58.000000;2016-01-22T01:06:58.000000;88351263-22cf-4b12-8fbc-f350e73f4545;409.5;0.55;UNKNOWN
2016-01-22T01:06:58.000000;2016-01-22T01:06:58.000000;049db7e0-99f2-4077-8286-8089971f0f52;409.46;0.9;UNKNOWN
2016-01-22T01:08:05.000000;2016-01-22T01:08:05.000000;9d2b02e0-b02d-42f9-9b76-e9dfec91c6f8;409.53;0.27;UNKNOWN
2016-01-22T01:08:05.000000;2016-01-22T01:08:05.000000;3b278cbd-09b0-4684-a93c-577b4e62295e;409.59;0.05;UNKNOWN
2016-01-22T01:08:05.000000;2016-01-22T01:08:05.000000;f8c67c4a-60ad-4cf4-932e-db78a5f21c8a;409.55;0.5;UNKNOWN
2016-01-22T01:08:05.000000;2016-01-22T01:08:05.000000;1f2650ea-3a8b-4897-a10c-1a40f76fc980;409.67;0.18;UNKNOWN
2016-01-22T01:09:05.000000;2016-01-22T01:09:05.000000;a836f79c-88b1-49ef-89e5-203b0040f8d3;409.5;0.37430284;UNKNOWN
2016-01-22T01:12:08.000000;2016-01-22T01:12:08.000000;dc1f32e6-2474-4d84-aae1-c0fd59e56e55;409.0;5.0;UNKNOWN
2016-01-22T01:12:26.000000;2016-01-22T01:12:26.000000;b8a9b04b-0109-4817-a8c0-f19bfff4b1f0;409.05;3.0;UNKNOWN
2016-01-22T01:12:26.000000;2016-01-22T01:12:26.000000;e498f0b2-01e6-4488-9502-8f5cb66bb588;409.04;0.5;UNKNOWN
2016-01-22T01:12:26.000000;2016-01-22T01:12:26.000000;49bc6983-eed0-487d-a850-e8903303d06d;409.04;0.5;UNKNOWN
2016-01-22T01:13:48.000000;2016-01-22T01:13:48.000000;da612cd3-bf39-4787-9112-c3579a7b1dc3;409.14;0.2;UNKNOWN
2016-01-22T01:14:01.000000;2016-01-22T01:14:01.000000;9ccaa2f3-da5b-4070-b2e8-27789319c743;409.13;0.54;UNKNOWN
2016-01-22T01:14:06.000000;2016-01-22T01:14:06.000000;863cb798-8f85-4a3a-a4d3-45efc9b1c5fd;409.13;0.02424108;UNKNOWN
2016-01-22T01:14:39.000000;2016-01-22T01:14:39.000000;377514ef-cff3-48f7-bd63-9d7650c656d6;409.26;1.3563;UNKNOWN
2016-01-22T01:14:42.000000;2016-01-22T01:14:42.000000;5e1a315e-84b2-4d64-95b7-c57aced2841d;409.14;0.2447555;UNKNOWN
2016-01-22T01:15:29.000000;2016-01-22T01:15:29.000000;a88b6e5e-7e83-493e-8153-93a53be41291;409.14;0.5;UNKNOWN
2016-01-22T01:15:29.000000;2016-01-22T01:15:29.000000;a0d33d9a-eff9-40f8-8707-ba66d68ce7e3;409.15;2.896;UNKNOWN
2016-01-22T01:15:29.000000;2016-01-22T01:15:29.000000;da8b4e3f-9164-427d-8a9e-3f203a930ed9;409.14;0.5;UNKNOWN
2016-01-22T01:15:29.000000;2016-01-22T01:15:29.000000;1a2cdae2-c202-41e5-b5f1-fd12e95d74c5;409.14;6.104;UNKNOWN
2016-01-22T01:16:05.000000;2016-01-22T01:16:05.000000;d3b198a7-92b6-486a-ab3b-4a37035f6c68;409.66;2.1957642;UNKNOWN
2016-01-22T01:16:05.000000;2016-01-22T01:16:05.000000;38115b35-bab5-4564-a174-e7750dd51d6b;409.28;0.36217042;UNKNOWN
2016-01-22T01:16:07.000000;2016-01-22T01:16:07.000000;36c6bb85-7af6-4d42-94ca-8b2a121779f9;409.28;0.07467122;UNKNOWN
2016-01-22T01:16:50.000000;2016-01-22T01:16:50.000000;b439fbbd-00a3-44da-9843-4501bbb6a0c0;409.2;0.5;UNKNOWN
2016-01-22T01:16:50.000000;2016-01-22T01:16:50.000000;b35ed5d3-0bf6-46d1-abf2-6918fc425362;409.18;9.0;UNKNOWN
2016-01-22T01:16:50.000000;2016-01-22T01:16:50.000000;998d2c8f-0333-4865-8dc2-027db2fbb990;409.22;0.5;UNKNOWN
2016-01-22T01:17:20.000000;2016-01-22T01:17:20.000000;bf04b5f7-1ce1-40b4-aacd-f7ac8520129b;409.58;0.97101782;UNKNOWN
2016-01-22T01:17:20.000000;2016-01-22T01:17:20.000000;018857c9-458a-4b18-b2c7-42bd92779c6a;409.56;6.0437;UNKNOWN
2016-01-22T01:17:20.000000;2016-01-22T01:17:20.000000;b776ba8c-ac57-4e64-82ad-98e7aed2f84d;409.23;0.5;UNKNOWN
2016-01-22T01:17:20.000000;2016-01-22T01:17:20.000000;48f41af9-3b18-4d9b-99a5-fd7ca668a0fe;409.19;4.16;UNKNOWN
2016-01-22T01:17:23.000000;2016-01-22T01:17:23.000000;9fdd5f2c-cb39-4e3c-adcc-36da5b3dba68;409.18;0.03424315;UNKNOWN
2016-01-22T01:18:57.000000;2016-01-22T01:18:57.000000;3fb5b8a8-e0cb-48d7-94ca-f813168b7db8;409.18;0.96575685;UNKNOWN
2016-01-22T01:18:57.000000;2016-01-22T01:18:57.000000;5c1cca4f-c002-4e36-88be-c2aa50b7f09f;408.87;1.31274315;UNKNOWN
2016-01-22T01:18:57.000000;2016-01-22T01:18:57.000000;59cb343f-cd2a-4680-9295-6360521e2d52;409.19;6.1031;UNKNOWN
2016-01-22T01:18:57.000000;2016-01-22T01:18:57.000000;a4b4cf80-1cab-4150-9edf-0d6141942a48;409.16;0.5;UNKNOWN
2016-01-22T01:18:57.000000;2016-01-22T01:18:57.000000;7a9ec5f4-9370-49e0-9f33-7b314c58e01d;409.0;0.4884;UNKNOWN
2016-01-22T01:22:05.000000;2016-01-22T01:22:05.000000;a1302d15-4073-430d-a6d8-fe17c73c666b;408.9;0.0747;UNKNOWN
2016-01-22T01:23:06.000000;2016-01-22T01:23:06.000000;28c13ce2-d5ef-4ef0-b115-72b7c21acdd7;408.9;0.03465645;UNKNOWN
2016-01-22T01:23:07.000000;2016-01-22T01:23:07.000000;0f73560f-61bb-4f3f-9cbe-65f832b22ae5;408.91;0.01716775;UNKNOWN
2016-01-22T01:25:14.000000;2016-01-22T01:25:14.000000;317a79a2-ec78-40b1-9434-52e35b2dea0f;409.19;0.6233;UNKNOWN
2016-01-22T01:26:53.000000;2016-01-22T01:26:53.000000;dd766d63-060e-4ad7-b30e-0a3484bfa909;409.18;0.17124091;UNKNOWN
2016-01-22T01:29:24.000000;2016-01-22T01:29:24.000000;12afaa43-2c58-4fae-8aed-6f7c42c40bb6;409.0;0.18179043;UNKNOWN
2016-01-22T01:29:24.000000;2016-01-22T01:29:24.000000;216315d3-af59-4d55-a770-bd67a63d85c9;409.17;0.025;UNKNOWN
2016-01-22T01:30:05.000000;2016-01-22T01:30:05.000000;dc83d062-0b75-409d-9209-7d9a01f71682;409.0;0.37430284;UNKNOWN
2016-01-22T01:30:51.000000;2016-01-22T01:30:51.000000;801fed2d-6a22-4c4a-977d-0c823b983654;409.0;0.16223433;UNKNOWN
2016-01-22T01:31:04.000000;2016-01-22T01:31:04.000000;64538186-cef1-4583-bbb9-f81461acab5a;409.01;0.08;UNKNOWN
2016-01-22T01:31:05.000000;2016-01-22T01:31:05.000000;3987db97-385d-4ae8-8c3f-ed803e23eadf;409.0;0.56067221;UNKNOWN
2016-01-22T01:31:44.000000;2016-01-22T01:31:44.000000;04c4ad72-b67f-4388-98b8-adc0799338dd;409.0;3.0;UNKNOWN
2016-01-22T01:32:03.000000;2016-01-22T01:32:03.000000;01a82825-9a54-4226-884b-9571bf0b9e06;409.0;4.832;UNKNOWN
2016-01-22T01:32:19.000000;2016-01-22T01:32:19.000000;83e4ecc0-711e-4232-ab9f-c424fc8ab73e;409.01;0.01;UNKNOWN
2016-01-22T01:32:31.000000;2016-01-22T01:32:31.000000;72d3a66b-6ab9-486a-bc0d-022cdfdc6f62;409.01;0.16;UNKNOWN
2016-01-22T01:32:31.000000;2016-01-22T01:32:31.000000;7b27d29a-67c9-4d79-b8e6-2930474efd72;409.01;0.14;UNKNOWN
2016-01-22T01:32:41.000000;2016-01-22T01:32:41.000000;56f8bd37-e057-44eb-98e5-50a3d8978044;409.01;0.01;UNKNOWN
2016-01-22T01:33:05.000000;2016-01-22T01:33:05.000000;bb963fb8-bf4f-4649-8e18-b08365943588;409.01;0.45;UNKNOWN
2016-01-22T01:33:20.000000;2016-01-22T01:33:20.000000;2ec09c42-82eb-4238-a4b9-84fa58020c15;409.01;0.79764501;UNKNOWN
2016-01-22T01:33:20.000000;2016-01-22T01:33:20.000000;818739d7-792e-4d45-83db-46b5461964fe;409.01;1.81685499;UNKNOWN
2016-01-22T01:33:27.000000;2016-01-22T01:33:27.000000;cb50709a-e65a-4b80-bc47-557ab78c7650;409.01;1.7146;UNKNOWN
2016-01-22T01:33:32.000000;2016-01-22T01:33:32.000000;8f32863c-ea1a-42a3-b08e-bd64bc5e9c44;409.0;0.01;UNKNOWN
2016-01-22T01:33:42.000000;2016-01-22T01:33:42.000000;efcf077e-ec89-4de3-b01e-ee1e697367b0;409.01;1.58634;UNKNOWN
2016-01-22T01:34:04.000000;2016-01-22T01:34:04.000000;9998b533-f8d2-4bef-9a00-83d101a49f3a;409.0;0.4438454;UNKNOWN
2016-01-22T01:34:06.000000;2016-01-22T01:34:06.000000;8d409f0c-17e0-4b9d-b3ce-b93a30371c8c;409.0;0.07472244;UNKNOWN
2016-01-22T01:34:14.000000;2016-01-22T01:34:14.000000;6e828275-2da4-431f-b90b-3aa9019b2f39;409.0;2.88;UNKNOWN
2016-01-22T01:34:20.000000;2016-01-22T01:34:20.000000;8326f34d-4a48-48e9-ba21-29218cabde42;409.0;0.01;UNKNOWN
2016-01-22T01:34:44.000000;2016-01-22T01:34:44.000000;a6c81259-1d1e-41ce-8288-36dfefa766ff;409.0;0.01;UNKNOWN
2016-01-22T01:35:48.000000;2016-01-22T01:35:48.000000;4ecd91e3-c37b-4224-be27-0436305b06ab;409.02;0.09;UNKNOWN
2016-01-22T01:36:12.000000;2016-01-22T01:36:12.000000;9380660f-fa42-461a-8fe8-a22e4632189e;409.02;0.9779;UNKNOWN
2016-01-22T01:36:13.000000;2016-01-22T01:36:13.000000;6ee6bc4b-8c7f-4601-ba6e-9f83fca927d7;409.0;0.029237;UNKNOWN
2016-01-22T01:36:34.000000;2016-01-22T01:36:34.000000;370abb22-4d86-4ca3-a60c-2add51b17125;409.0;37.43119535;UNKNOWN
2016-01-22T01:36:34.000000;2016-01-22T01:36:34.000000;f0dfbc3a-d5cf-48fe-b6c6-5434f4490b2b;409.0;0.01;UNKNOWN
2016-01-22T01:36:34.000000;2016-01-22T01:36:34.000000;51481410-1fc9-4233-b3f7-7127bd557822;409.0;0.00880465;UNKNOWN
2016-01-22T01:36:45.000000;2016-01-22T01:36:45.000000;2667e50d-f437-4ee4-83c6-5c6828c9c9ef;408.98;0.5;UNKNOWN
2016-01-22T01:36:45.000000;2016-01-22T01:36:45.000000;9b5df45a-7b93-4910-a26a-37941082f499;408.41;2.3015478;UNKNOWN
2016-01-22T01:36:45.000000;2016-01-22T01:36:45.000000;cabeac58-9f20-402c-afaf-5d43932f4962;408.99;0.01;UNKNOWN
2016-01-22T01:36:45.000000;2016-01-22T01:36:45.000000;184be610-7c27-4334-806e-1c6648a88b51;408.87;0.18725685;UNKNOWN
2016-01-22T01:36:45.000000;2016-01-22T01:36:45.000000;37fe2fd7-5643-4647-bf18-a88a6f74dfdb;409.0;0.00119535;UNKNOWN
2016-01-22T01:37:05.000000;2016-01-22T01:37:05.000000;2704febd-0d45-43d4-83e5-2e411a148410;408.4;0.508036;UNKNOWN
2016-01-22T01:37:42.000000;2016-01-22T01:37:42.000000;126cee82-e73e-43dc-a99d-3ad51e8bc65b;408.56;0.1;UNKNOWN
2016-01-22T01:37:43.000000;2016-01-22T01:37:43.000000;0ae0b1cd-b75f-4b97-8a5d-39cc4931ed34;408.55;0.1;UNKNOWN
2016-01-22T01:37:44.000000;2016-01-22T01:37:44.000000;4e94a922-335f-40df-94b4-f88a59b87a52;408.55;0.1;UNKNOWN
2016-01-22T01:37:45.000000;2016-01-22T01:37:45.000000;e8b9f432-36e8-482d-aa27-749dd9b82874;408.55;0.1;UNKNOWN
2016-01-22T01:37:46.000000;2016-01-22T01:37:46.000000;206ceb95-9b57-437c-b759-536e7d54accd;408.55;0.1;UNKNOWN
2016-01-22T01:37:46.000000;2016-01-22T01:37:46.000000;a4dbbd13-8fdf-4b66-a961-f6b6587159f9;408.55;0.1;UNKNOWN
2016-01-22T01:37:49.000000;2016-01-22T01:37:49.000000;4e897573-37c0-4b78-bd15-8aebc562a548;408.55;0.1;UNKNOWN
2016-01-22T01:37:50.000000;2016-01-22T01:37:50.000000;678756b6-07f0-469f-b922-330c2ac94a44;408.55;0.1;UNKNOWN
2016-01-22T01:37:50.000000;2016-01-22T01:37:50.000000;1874a858-451f-4c25-9dd3-07c849d90ef4;408.55;0.1;UNKNOWN
2016-01-22T01:37:51.000000;2016-01-22T01:37:51.000000;5ff4269e-3ee0-481e-80ff-ec3065234a2e;408.55;0.1;UNKNOWN
2016-01-22T01:37:52.000000;2016-01-22T01:37:52.000000;b595b7cb-ba13-4873-92a1-379643a139e1;408.55;0.1;UNKNOWN
2016-01-22T01:37:53.000000;2016-01-22T01:37:53.000000;9bbb5914-80cd-43ca-8227-bbaac718d97b;408.56;0.1;UNKNOWN
2016-01-22T01:37:54.000000;2016-01-22T01:37:54.000000;40b21ac4-1cd3-4506-9ccd-94c06852fd31;408.55;0.1;UNKNOWN
2016-01-22T01:37:54.000000;2016-01-22T01:37:54.000000;caa25f07-a410-421b-b19b-bc18499d0f16;408.55;0.1;UNKNOWN
2016-01-22T01:37:54.000000;2016-01-22T01:37:54.000000;3ee0b314-749b-46d7-8747-165501498893;408.55;0.1;UNKNOWN
2016-01-22T01:38:33.000000;2016-01-22T01:38:33.000000;fe94c928-0ea8-4aea-bf20-7a032e3fec55;408.53;0.2;UNKNOWN
2016-01-22T01:38:36.000000;2016-01-22T01:38:36.000000;bc54850c-5636-4c2a-9ced-e6baba9c5acb;408.53;1.4124;UNKNOWN
2016-01-22T01:38:48.000000;2016-01-22T01:38:48.000000;c1fe502f-e8b3-4e22-a047-44a2255119fa;408.48;0.4706;UNKNOWN
2016-01-22T01:40:12.000000;2016-01-22T01:40:12.000000;4d3afc9b-3e25-45f0-b878-04a279d8580b;408.45;0.1004898;UNKNOWN
2016-01-22T01:40:21.000000;2016-01-22T01:40:21.000000;a3850373-8d33-4a98-b0ee-128f0647fc4a;408.45;0.0746068;UNKNOWN
2016-01-22T01:41:20.000000;2016-01-22T01:41:20.000000;9655f003-ecd0-4bc2-9f2b-917819b31aca;408.45;1.0;UNKNOWN
2016-01-22T01:41:53.000000;2016-01-22T01:41:53.000000;a1834324-955f-4071-9cc9-54199291a58b;408.48;0.01;UNKNOWN
2016-01-22T01:42:16.000000;2016-01-22T01:42:16.000000;1ec1b45f-ac3e-48f7-b74d-41cc188dd449;408.45;0.5;UNKNOWN
2016-01-22T01:42:16.000000;2016-01-22T01:42:16.000000;93e5a106-856e-40a8-9372-9978a47befe4;408.45;0.5;UNKNOWN
2016-01-22T01:42:20.000000;2016-01-22T01:42:20.000000;5ca2c76b-eba8-4c68-9056-078d390e9b79;408.4;1.13103344;UNKNOWN
2016-01-22T01:42:20.000000;2016-01-22T01:42:20.000000;cf48d4ca-c614-4de7-8c67-e9459984fae2;408.41;0.03116;UNKNOWN
2016-01-22T01:42:26.000000;2016-01-22T01:42:26.000000;08783e36-4eb7-4ce7-ac3d-97fa4f3e03bb;408.16;0.01;UNKNOWN
2016-01-22T01:42:40.000000;2016-01-22T01:42:40.000000;d405ce97-601f-4aff-ae67-4d5eadfb0694;408.1;8.02547604;UNKNOWN
2016-01-22T01:42:40.000000;2016-01-22T01:42:40.000000;2240ec25-fc12-4b3e-a8e7-9e6d96b78c76;408.1;0.3;UNKNOWN
2016-01-22T01:42:40.000000;2016-01-22T01:42:40.000000;5799c4c5-8026-4f91-8295-c4ad44cb3470;408.1;2.7;UNKNOWN
2016-01-22T01:42:40.000000;2016-01-22T01:42:40.000000;f86986eb-c981-4597-89d0-fc68af574e85;408.1;0.5;UNKNOWN
2016-01-22T01:42:49.000000;2016-01-22T01:42:49.000000;f9d896b3-3caf-4d38-877e-46011ae20de2;408.0;0.795;UNKNOWN
2016-01-22T01:42:49.000000;2016-01-22T01:42:49.000000;0b838d14-8e2a-46a1-95f1-5a13560c24ef;408.03;0.05;UNKNOWN
2016-01-22T01:42:49.000000;2016-01-22T01:42:49.000000;71a4e1f9-827c-42e4-a64b-2e31e3e7adbc;408.0;14.155;UNKNOWN
2016-01-22T01:42:53.000000;2016-01-22T01:42:53.000000;58403e37-92b4-42ee-806e-773820a2ca81;408.0;14.9881;UNKNOWN
2016-01-22T01:42:56.000000;2016-01-22T01:42:56.000000;e6a7f356-a31e-432c-b6d4-020c413f4d64;408.0;15.0;UNKNOWN
2016-01-22T01:42:57.000000;2016-01-22T01:42:57.000000;38599e58-5b05-47e2-ad77-ad1d424b4371;408.0;5.6469;UNKNOWN
2016-01-22T01:42:57.000000;2016-01-22T01:42:57.000000;6ffd9280-7dfc-408a-8b62-cf9ecd3eaa16;408.0;0.21;UNKNOWN
2016-01-22T01:42:58.000000;2016-01-22T01:42:58.000000;939a8ef9-a9e8-4a42-bc78-0492826cca7d;408.02;0.01;UNKNOWN
2016-01-22T01:42:58.000000;2016-01-22T01:42:58.000000;743f564e-b788-41ca-85c1-4d9f2e8d5e01;407.85;0.07;UNKNOWN
2016-01-22T01:42:58.000000;2016-01-22T01:42:58.000000;81e5fe3b-3228-487a-b10e-e8318ca2da01;407.28;14.3681;UNKNOWN
2016-01-22T01:42:58.000000;2016-01-22T01:42:58.000000;775ff012-fa0b-4bb0-bf2d-ac5789c7f4c5;407.93;0.05;UNKNOWN
2016-01-22T01:42:58.000000;2016-01-22T01:42:58.000000;073678b2-0fcc-4103-bcc1-a16413994ada;407.98;0.5;UNKNOWN
2016-01-22T01:43:02.000000;2016-01-22T01:43:02.000000;dc7342c0-e6fe-4e80-8a1f-61f81ee90d00;406.21;13.1556;UNKNOWN
2016-01-22T01:43:02.000000;2016-01-22T01:43:02.000000;fb19f150-c42f-474e-85b0-3d530ed0c254;407.27;0.9;UNKNOWN
2016-01-22T01:43:02.000000;2016-01-22T01:43:02.000000;56e90958-7f2f-48d4-8efe-1271084db255;406.38;2.44379277;UNKNOWN
2016-01-22T01:43:02.000000;2016-01-22T01:43:02.000000;4675f398-2ac1-4de7-b0a3-b1de90024274;406.67;1.0;UNKNOWN
2016-01-22T01:43:02.000000;2016-01-22T01:43:02.000000;13a9ba8c-08c5-43ee-95cf-49ee782b55ae;407.29;3.99;UNKNOWN
2016-01-22T01:43:02.000000;2016-01-22T01:43:02.000000;7c063f02-3395-4b11-a437-51339f7fcaef;406.36;2.77;UNKNOWN
2016-01-22T01:43:02.000000;2016-01-22T01:43:02.000000;792e1fcd-e31f-4e28-b934-9b373d8bca69;405.74;12.7642;UNKNOWN
2016-01-22T01:43:02.000000;2016-01-22T01:43:02.000000;e8787e79-bb22-44e5-970e-6d1522a0c756;407.3;0.37;UNKNOWN
2016-01-22T01:43:02.000000;2016-01-22T01:43:02.000000;ebc2954f-7038-429f-8059-3897790cbdb4;407.3;0.5;UNKNOWN
2016-01-22T01:43:02.000000;2016-01-22T01:43:02.000000;6d1859b4-52ac-492b-8924-623ca137fe35;406.22;2.4443005;UNKNOWN
2016-01-22T01:43:02.000000;2016-01-22T01:43:02.000000;05f59e4c-10e4-441a-b0fc-4a08898a45a0;406.03;14.0379;UNKNOWN
2016-01-22T01:43:02.000000;2016-01-22T01:43:02.000000;f91502d7-db44-4924-b411-8db2c1b4cd64;406.29;2.44340464;UNKNOWN
2016-01-22T01:43:02.000000;2016-01-22T01:43:02.000000;dac0022e-4367-44f2-b03e-5e7ff3be629b;405.84;0.0298;UNKNOWN
2016-01-22T01:43:02.000000;2016-01-22T01:43:02.000000;28e7b122-6426-41de-94af-0423b3d23168;406.38;3.0;UNKNOWN
2016-01-22T01:43:02.000000;2016-01-22T01:43:02.000000;1ec860e9-8c76-4ab0-8c9a-5eaec1a5f967;406.37;13.6788;UNKNOWN
2016-01-22T01:43:02.000000;2016-01-22T01:43:02.000000;68e8d803-4af3-403d-9349-f21f0d162dea;406.71;1.0;UNKNOWN
2016-01-22T01:43:02.000000;2016-01-22T01:43:02.000000;41cfa7e0-e769-4db8-b670-22166775c0b1;406.55;13.6614;UNKNOWN
2016-01-22T01:43:02.000000;2016-01-22T01:43:02.000000;2457cf98-df8e-4746-b126-414cc36f257d;406.51;0.02;UNKNOWN
2016-01-22T01:43:02.000000;2016-01-22T01:43:02.000000;ee0a7827-75d1-4403-947f-6c40c0dedfcd;406.32;0.25;UNKNOWN
2016-01-22T01:43:02.000000;2016-01-22T01:43:02.000000;5a8aed5d-2640-4c65-b736-a1e650081219;406.56;12.5156;UNKNOWN
2016-01-22T01:43:02.000000;2016-01-22T01:43:02.000000;54212dc0-8ec8-4955-ad0e-bbc04a3dec84;406.38;3.0;UNKNOWN
2016-01-22T01:43:02.000000;2016-01-22T01:43:02.000000;b01895ef-e181-436e-b725-7f817d5f7904;406.22;2.0;UNKNOWN
2016-01-22T01:43:02.000000;2016-01-22T01:43:02.000000;9de58c08-d694-44f4-97e5-e3e78480e812;406.46;2.44379277;UNKNOWN
2016-01-22T01:43:02.000000;2016-01-22T01:43:02.000000;c7eb4c26-ca56-42d4-901e-456dd4c820d4;406.55;0.75;UNKNOWN
2016-01-22T01:43:02.000000;2016-01-22T01:43:02.000000;477c407f-14ad-4f37-bfa3-0cdf122dd3e1;406.67;1.0;UNKNOWN
2016-01-22T01:43:02.000000;2016-01-22T01:43:02.000000;9e0af350-1dce-41ad-b448-b033843bd299;406.5;100.0;UNKNOWN
2016-01-22T01:43:02.000000;2016-01-22T01:43:02.000000;42d14389-5f5d-4999-86d9-03658ff48135;406.0;0.25;UNKNOWN
2016-01-22T01:43:02.000000;2016-01-22T01:43:02.000000;b3880d94-7b68-4ec1-8b23-49fc223228e5;406.0;1.0;UNKNOWN
2016-01-22T01:43:02.000000;2016-01-22T01:43:02.000000;af701ebd-2bd8-4f98-b48c-837706ff6b53;406.0;0.99602698;UNKNOWN
2016-01-22T01:43:02.000000;2016-01-22T01:43:02.000000;ffc77858-b015-4950-94da-c1175072344b;407.28;1.5571;UNKNOWN
2016-01-22T01:43:02.000000;2016-01-22T01:43:02.000000;cf891e89-a6f0-4ae8-9e8a-5231456deebe;405.7;25.73075668;UNKNOWN
2016-01-22T01:43:02.000000;2016-01-22T01:43:02.000000;19d1542c-3065-4482-9be1-3fbfe11e2789;406.0;0.2;UNKNOWN
2016-01-22T01:43:02.000000;2016-01-22T01:43:02.000000;7e13deb2-8cfc-41ad-b719-7769daad01e0;406.03;1.0;UNKNOWN
2016-01-22T01:43:02.000000;2016-01-22T01:43:02.000000;cd8a904b-5929-4105-b429-7d47e971b37e;406.0;2.0;UNKNOWN
2016-01-22T01:43:02.000000;2016-01-22T01:43:02.000000;7c3719f7-ea6d-4002-bfd1-dbfec909e736;406.11;1.0;UNKNOWN
2016-01-22T01:43:02.000000;2016-01-22T01:43:02.000000;9ed07846-b4d5-4392-8bf9-fb5bdab9b5ac;405.82;0.24862362;UNKNOWN
2016-01-22T01:43:02.000000;2016-01-22T01:43:02.000000;1e05777a-91a0-43f0-994f-bd9328f72554;405.87;12.5673;UNKNOWN
2016-01-22T01:43:02.000000;2016-01-22T01:43:02.000000;71592de9-7054-4844-a5a7-19f3c1111f36;406.0;1.0;UNKNOWN
2016-01-22T01:43:02.000000;2016-01-22T01:43:02.000000;da2e6bc1-2acb-4916-9501-d11581069b41;405.72;200.0;UNKNOWN
2016-01-22T01:43:02.000000;2016-01-22T01:43:02.000000;7ef0cd36-1ebe-4a79-a2c9-dd9f14c639cc;405.78;0.09857612;UNKNOWN
2016-01-22T01:43:02.000000;2016-01-22T01:43:02.000000;43ae4bf4-701d-4b8c-8eb9-9105bc4a1086;406.0;1.0;UNKNOWN
2016-01-22T01:43:02.000000;2016-01-22T01:43:02.000000;2cc655ef-840c-4efc-a574-9eff641d8619;405.71;3.0;UNKNOWN
2016-01-22T01:43:02.000000;2016-01-22T01:43:02.000000;7a3c1775-232b-4bc8-9ee8-d37bddd7d269;405.91;0.066456;UNKNOWN
2016-01-22T01:43:02.000000;2016-01-22T01:43:02.000000;43acb4fa-e000-4a43-85df-cd49ace95011;405.99;2.5;UNKNOWN
2016-01-22T01:43:02.000000;2016-01-22T01:43:02.000000;5d493da6-7daf-449c-97f0-8271878db12c;407.11;1.0;UNKNOWN
2016-01-22T01:43:02.000000;2016-01-22T01:43:02.000000;ec460155-d903-4aa4-88e4-03bb54b67c55;407.17;0.05;UNKNOWN
2016-01-22T01:43:02.000000;2016-01-22T01:43:02.000000;ff46a1da-05d6-4707-8924-8eb9379b6695;407.2;0.02;UNKNOWN
2016-01-22T01:43:02.000000;2016-01-22T01:43:02.000000;86b97776-a602-4451-bdcb-a9c5e62b9a03;406.71;2.43822156;UNKNOWN
2016-01-22T01:43:02.000000;2016-01-22T01:43:02.000000;d07bae1c-b49b-4478-86e2-d093b951994c;407.1;2.43819184;UNKNOWN
2016-01-22T01:43:02.000000;2016-01-22T01:43:02.000000;f5a9fa12-accb-4e52-8e08-34a4daeb31a8;407.02;2.43819184;UNKNOWN
2016-01-22T01:43:02.000000;2016-01-22T01:43:02.000000;e4599819-b711-4e9c-9482-b8b32097d75b;407.0;0.5;UNKNOWN
2016-01-22T01:43:02.000000;2016-01-22T01:43:02.000000;7260f2ca-660e-416e-b87b-55a75e8c8add;406.84;6.61;UNKNOWN
2016-01-22T01:43:02.000000;2016-01-22T01:43:02.000000;397fd3c7-d817-4fb5-924a-c6588a4545f8;407.0;0.13;UNKNOWN
2016-01-22T01:43:02.000000;2016-01-22T01:43:02.000000;c5eed1f4-ed8a-440a-baaf-f807cb246faf;406.78;2.43822156;UNKNOWN
2016-01-22T01:43:02.000000;2016-01-22T01:43:02.000000;6ec155e9-7982-43ff-8eae-f75c49764808;406.83;12.5;UNKNOWN
2016-01-22T01:43:02.000000;2016-01-22T01:43:02.000000;5152a08e-4e05-4cd4-9afe-d4a02000e1f7;406.86;2.43822156;UNKNOWN
2016-01-22T01:43:02.000000;2016-01-22T01:43:02.000000;33b67b24-d4a5-42d9-9cbc-15d5b4ebd5f4;406.94;2.43822156;UNKNOWN
2016-01-22T01:43:02.000000;2016-01-22T01:43:02.000000;1b3cf3d0-4921-4508-82e5-cc0944c44b6b;407.0;0.1273;UNKNOWN
2016-01-22T01:43:02.000000;2016-01-22T01:43:02.000000;857ef05b-3f33-4635-8d81-bd487ba93d3a;407.0;0.05;UNKNOWN
2016-01-22T01:43:06.000000;2016-01-22T01:43:06.000000;34168c91-1f7b-4cba-a4d3-8670a9ea358e;406.87;2.6154;UNKNOWN
2016-01-22T01:43:06.000000;2016-01-22T01:43:06.000000;75bb42fe-14c9-493c-a235-2b791f726da3;407.3;0.13;UNKNOWN
2016-01-22T01:43:06.000000;2016-01-22T01:43:06.000000;3f0c2ea8-ffc1-468a-be99-b884acab2830;407.3;0.37;UNKNOWN
2016-01-22T01:43:06.000000;2016-01-22T01:43:06.000000;26e90832-442b-48e5-b0b4-aab1fe814e9f;406.88;1.01;UNKNOWN
2016-01-22T01:43:06.000000;2016-01-22T01:43:06.000000;70ac4e31-1bb4-424c-a4f0-e9aab7be41b5;406.52;0.0046;UNKNOWN
2016-01-22T01:43:06.000000;2016-01-22T01:43:06.000000;5363717d-39f7-4d4b-a4b4-d30a9ff13e77;406.52;1.9954;UNKNOWN
2016-01-22T01:43:06.000000;2016-01-22T01:43:06.000000;ef0602e6-0af9-4adc-b726-d7659b275086;407.3;0.5;UNKNOWN
2016-01-22T01:43:06.000000;2016-01-22T01:43:06.000000;82bb2994-b7bf-4ee4-ac3b-bd1d4b74f6f4;407.31;0.37;UNKNOWN
2016-01-22T01:43:06.000000;2016-01-22T01:43:06.000000;32453e24-6eb1-4308-9193-5d460f5a9e53;406.52;1.0;UNKNOWN
2016-01-22T01:43:06.000000;2016-01-22T01:43:06.000000;78a1ea6e-a728-461d-9ae1-795e3a6790d2;407.0;0.1;UNKNOWN
2016-01-22T01:43:06.000000;2016-01-22T01:43:06.000000;c2933f64-47ca-473b-8ae5-9628deac3324;406.12;0.99;UNKNOWN
2016-01-22T01:43:06.000000;2016-01-22T01:43:06.000000;8c810788-5824-4bac-9f1d-291a27f8d831;406.04;15.03;UNKNOWN
2016-01-22T01:43:06.000000;2016-01-22T01:43:06.000000;9cd8c1eb-9639-4306-bc30-920455f8c3ee;406.04;5.02;UNKNOWN
2016-01-22T01:43:06.000000;2016-01-22T01:43:06.000000;5f3da984-3257-4d4d-8b3f-92c8836a1692;406.01;1.9646;UNKNOWN
2016-01-22T01:43:09.000000;2016-01-22T01:43:09.000000;3e3c1817-b215-4e0f-825f-7a981de08f97;407.04;1.82;UNKNOWN
2016-01-22T01:43:09.000000;2016-01-22T01:43:09.000000;11b9f6cd-1430-4d3c-988c-a236eb860118;407.03;0.18;UNKNOWN
2016-01-22T01:43:16.000000;2016-01-22T01:43:16.000000;110dac80-f0d7-43a7-a990-772ee299253a;406.56;0.01;UNKNOWN
2016-01-22T01:43:16.000000;2016-01-22T01:43:16.000000;945cde39-be25-4645-b45e-fb1d4769aee1;406.56;2.0;UNKNOWN
2016-01-22T01:43:19.000000;2016-01-22T01:43:19.000000;bd153a2f-7ad4-4da9-9db9-03df4baec660;405.92;0.1;UNKNOWN
2016-01-22T01:43:19.000000;2016-01-22T01:43:19.000000;e9be8ad3-165a-4904-ac08-6ff7b8118c96;406.52;0.5;UNKNOWN
2016-01-22T01:43:19.000000;2016-01-22T01:43:19.000000;304d2982-35c2-4ac4-a0f0-c62b50e70fff;406.52;0.5;UNKNOWN
2016-01-22T01:43:19.000000;2016-01-22T01:43:19.000000;b3f28554-d0cd-4a4e-a19d-36917ccc8c6d;406.52;0.5;UNKNOWN
2016-01-22T01:43:19.000000;2016-01-22T01:43:19.000000;bb5947bd-a9f2-403d-9b45-d4d083d4a290;406.52;0.4;UNKNOWN
2016-01-22T01:43:21.000000;2016-01-22T01:43:21.000000;d4e4a3cb-bd2c-486d-82f0-d0f7085415a1;405.8;4.0417;UNKNOWN
2016-01-22T01:43:21.000000;2016-01-22T01:43:21.000000;95e7596e-6b55-46d3-b681-5470663b940b;405.92;0.9583;UNKNOWN
2016-01-22T01:43:21.000000;2016-01-22T01:43:21.000000;b26f0caa-c9e4-4919-9d48-74ebc31999e7;406.41;1.0;UNKNOWN
2016-01-22T01:43:22.000000;2016-01-22T01:43:22.000000;4abfa246-118a-4f1f-ab29-5b051e556c5e;406.25;0.3;UNKNOWN
2016-01-22T01:43:26.000000;2016-01-22T01:43:26.000000;0fff8fed-de78-478a-b6f8-1e41f06657b1;406.24;0.1;UNKNOWN
2016-01-22T01:43:33.000000;2016-01-22T01:43:33.000000;e535aae0-fdc9-4199-ad01-edc61288b2c4;406.1;1.0;UNKNOWN
2016-01-22T01:43:37.000000;2016-01-22T01:43:37.000000;5ea7b5f9-b1fd-494f-b20b-6296a7bfd56f;406.09;0.1;UNKNOWN
2016-01-22T01:43:46.000000;2016-01-22T01:43:46.000000;d2e8e7f6-3af6-4eda-a6e8-2e69975bdeeb;406.06;0.01;UNKNOWN
2016-01-22T01:43:49.000000;2016-01-22T01:43:49.000000;a2863a83-5c79-4c9f-af45-36229852dad0;406.02;10.0;UNKNOWN
2016-01-22T01:43:51.000000;2016-01-22T01:43:51.000000;704bc96a-e1a9-4f88-b540-6815f03c727d;406.06;0.033;UNKNOWN
2016-01-22T01:43:51.000000;2016-01-22T01:43:51.000000;7f74094d-c6da-4992-926e-a4af7277a510;406.05;0.151;UNKNOWN
2016-01-22T01:43:51.000000;2016-01-22T01:43:51.000000;13c32aca-339a-4b75-a644-9b6a7bbca5e4;406.06;0.5;UNKNOWN
2016-01-22T01:43:51.000000;2016-01-22T01:43:51.000000;321da954-3528-4d42-a0e8-5fbad69e4668;406.06;0.316;UNKNOWN
2016-01-22T01:43:53.000000;2016-01-22T01:43:53.000000;8bc96ac7-0e11-41d5-bad9-f7a7db343db7;406.06;0.01;UNKNOWN
2016-01-22T01:43:58.000000;2016-01-22T01:43:58.000000;f1232ac2-ef2d-44a5-b400-1ea947e43e44;406.06;0.02;UNKNOWN
2016-01-22T01:44:03.000000;2016-01-22T01:44:03.000000;692de98e-a499-4c6d-bc16-479978789c96;406.17;0.05;UNKNOWN
2016-01-22T01:44:06.000000;2016-01-22T01:44:06.000000;abb82f53-f68b-4cd2-b173-f28150069bbb;406.53;0.9583;UNKNOWN
2016-01-22T01:44:20.000000;2016-01-22T01:44:20.000000;3c4aac57-a7e1-407b-93a5-68b91ebd0886;406.33;0.1317;UNKNOWN
2016-01-22T01:44:20.000000;2016-01-22T01:44:20.000000;0ca7d525-7fd5-4372-80de-837bcfb3faf0;406.32;19.8683;UNKNOWN
2016-01-22T01:44:22.000000;2016-01-22T01:44:22.000000;b5768d7a-0116-4e93-afc6-ee0eafe409aa;406.32;2.18106972;UNKNOWN
2016-01-22T01:44:31.000000;2016-01-22T01:44:31.000000;af1ee877-b6cf-4a23-8657-8136d7666660;406.33;0.5;UNKNOWN
2016-01-22T01:44:35.000000;2016-01-22T01:44:35.000000;40540cce-f940-46c9-9296-607febee9f15;406.34;0.01;UNKNOWN
2016-01-22T01:44:36.000000;2016-01-22T01:44:36.000000;bf2420b1-bac2-47fb-880e-fccf9dc13bc9;406.34;2.43615403;UNKNOWN
2016-01-22T01:44:42.000000;2016-01-22T01:44:42.000000;cbf1312b-123d-4726-ab59-ffcaaa993d65;406.35;0.5;UNKNOWN
2016-01-22T01:44:44.000000;2016-01-22T01:44:44.000000;52169576-8581-45e5-a5c0-1f48213106d9;406.35;0.5;UNKNOWN
2016-01-22T01:44:53.000000;2016-01-22T01:44:53.000000;f789f562-bd1c-444b-ab17-58ec4aef746d;406.35;0.1;UNKNOWN
2016-01-22T01:44:53.000000;2016-01-22T01:44:53.000000;b3edf69a-5168-4bec-8449-045883b96db0;406.35;0.5;UNKNOWN
2016-01-22T01:44:58.000000;2016-01-22T01:44:58.000000;8632d50b-83c5-4fe3-85bf-e26878dd4b5d;406.35;0.84657296;UNKNOWN
2016-01-22T01:45:05.000000;2016-01-22T01:45:05.000000;028f4fa8-a096-492f-9295-42c7f286433f;406.35;0.5;UNKNOWN
2016-01-22T01:45:05.000000;2016-01-22T01:45:05.000000;ffd01fd0-0efd-4c2e-924f-e28b572f7cff;406.35;1.35811091;UNKNOWN
2016-01-22T01:45:05.000000;2016-01-22T01:45:05.000000;e09a7d70-371d-47ea-8d55-a60af35fbe8b;406.35;1.15342704;UNKNOWN
2016-01-22T01:45:13.000000;2016-01-22T01:45:13.000000;d74d1ff0-f380-4929-8ba4-47e41de6e3e3;406.42;0.01;UNKNOWN
2016-01-22T01:45:44.000000;2016-01-22T01:45:44.000000;9cbb4964-8e02-4751-97f9-84a35e61f892;406.43;3.80080326;UNKNOWN
2016-01-22T01:45:48.000000;2016-01-22T01:45:48.000000;a5a3f7e7-6922-41ea-99c7-59d20322548b;406.45;0.5;UNKNOWN
2016-01-22T01:45:48.000000;2016-01-22T01:45:48.000000;2606814a-ad5b-4817-8670-78f1c7019c60;406.77;1.6852215;UNKNOWN
2016-01-22T01:45:52.000000;2016-01-22T01:45:52.000000;33a7190c-e448-47dd-8ec3-3944da4eebb7;406.75;2.19332648;UNKNOWN
2016-01-22T01:45:53.000000;2016-01-22T01:45:53.000000;de3f63ab-4e1b-40d5-aec2-e1140b044cc5;406.75;0.5;UNKNOWN
2016-01-22T01:45:53.000000;2016-01-22T01:45:53.000000;82af53e8-4419-436b-a273-0602bb510bbb;406.75;0.70667352;UNKNOWN
2016-01-22T01:45:53.000000;2016-01-22T01:45:53.000000;bee46d62-a32e-4de9-ae2a-b52c770b3e94;406.78;2.44447975;UNKNOWN
2016-01-22T01:45:53.000000;2016-01-22T01:45:53.000000;2f0e8fed-8f2b-4472-94d0-3df4517a40e0;406.75;0.1;UNKNOWN
2016-01-22T01:45:53.000000;2016-01-22T01:45:53.000000;1cbb9095-fff8-42ac-8b6e-284fc6086ff1;406.85;1.99576156;UNKNOWN
2016-01-22T01:45:53.000000;2016-01-22T01:45:53.000000;f08fe03f-d537-4f12-bc41-a1ff1f587bdd;406.85;2.44585489;UNKNOWN
2016-01-22T01:45:53.000000;2016-01-22T01:45:53.000000;d92e17c5-5a5e-4653-a27e-cd133df77ab2;406.76;10.90723028;UNKNOWN
2016-01-22T01:45:53.000000;2016-01-22T01:45:53.000000;f2bef66d-7d7f-4bff-9523-5a18800f040b;406.75;6.0;UNKNOWN
2016-01-22T01:46:09.000000;2016-01-22T01:46:09.000000;3b3f5d36-5ac5-4950-8653-9bb15665da27;406.72;0.5;UNKNOWN
2016-01-22T01:46:22.000000;2016-01-22T01:46:22.000000;9f790d4c-394f-4df5-8833-a986111f17c4;406.64;1.9;UNKNOWN
2016-01-22T01:46:22.000000;2016-01-22T01:46:22.000000;7884b7a6-606a-4939-9041-5c4113d02f09;406.72;0.1;UNKNOWN
2016-01-22T01:46:24.000000;2016-01-22T01:46:24.000000;83cd5f05-26d0-4fbf-b133-98e99a1d58ec;406.64;0.1;UNKNOWN
2016-01-22T01:46:24.000000;2016-01-22T01:46:24.000000;39dcdae6-1629-4c0b-8e8c-2b3ca575d09f;406.64;0.1;UNKNOWN
2016-01-22T01:46:25.000000;2016-01-22T01:46:25.000000;32fd9eff-99d3-4a87-8ac9-16fd13d36622;406.64;0.09279068;UNKNOWN
2016-01-22T01:46:25.000000;2016-01-22T01:46:25.000000;701ec774-b9f2-4de0-91d0-1946948d5d45;406.64;0.00720932;UNKNOWN
2016-01-22T01:46:27.000000;2016-01-22T01:46:27.000000;07ec91d1-b5b8-4289-b67c-cf116efff45c;406.43;1.50720932;UNKNOWN
2016-01-22T01:46:27.000000;2016-01-22T01:46:27.000000;ea8bd7d2-371a-41c5-ada5-0c9a61bb8137;406.64;0.49279068;UNKNOWN
2016-01-22T01:46:29.000000;2016-01-22T01:46:29.000000;bf7df6bc-eac1-429a-a776-f2b26f6fb272;406.64;0.1;UNKNOWN
2016-01-22T01:46:31.000000;2016-01-22T01:46:31.000000;45293667-7725-4b4c-9ce9-dda3f3e64595;406.43;14.9852;UNKNOWN
2016-01-22T01:46:34.000000;2016-01-22T01:46:34.000000;be3c8602-9d67-4e39-b16a-9557c971f0a2;406.43;0.4876;UNKNOWN
2016-01-22T01:46:35.000000;2016-01-22T01:46:35.000000;73803890-c9df-4e97-9fd9-00e8d82fc32a;406.43;8.01999068;UNKNOWN
2016-01-22T01:46:36.000000;2016-01-22T01:46:36.000000;cde328db-b77f-4c16-874d-e2a8ea489bc4;406.56;0.01;UNKNOWN
2016-01-22T01:46:37.000000;2016-01-22T01:46:37.000000;129f3382-b05e-495c-ba6e-e71af6af7758;405.93;1.01;UNKNOWN
2016-01-22T01:46:37.000000;2016-01-22T01:46:37.000000;ebddd01d-b8db-4a47-a2a9-84ccecd19f77;406.35;15.4;UNKNOWN
2016-01-22T01:46:37.000000;2016-01-22T01:46:37.000000;169170b4-9e06-4190-88e7-bd02e8afad91;406.34;78.48994597;UNKNOWN
2016-01-22T01:46:37.000000;2016-01-22T01:46:37.000000;53c4ae13-bf2a-482e-8feb-6a0c76dfc262;405.75;3.10005403;UNKNOWN
2016-01-22T01:46:37.000000;2016-01-22T01:46:37.000000;981afeb5-2931-4daa-9918-fa251f553c35;405.75;5.0;UNKNOWN
2016-01-22T01:46:37.000000;2016-01-22T01:46:37.000000;f71ee48c-d4e1-40c3-a66c-68fc9d3ea668;405.76;2.0;UNKNOWN
2016-01-22T01:46:39.000000;2016-01-22T01:46:39.000000;04184ff0-7a95-47e4-a3de-db7c9afc2b2c;405.71;15.0;UNKNOWN
2016-01-22T01:46:40.000000;2016-01-22T01:46:40.000000;5a2436dc-70dd-460b-9e3f-824703d423c2;405.71;4.9;UNKNOWN
2016-01-22T01:46:40.000000;2016-01-22T01:46:40.000000;50196e84-70f3-4936-997d-9dec01cd715c;405.7;10.1;UNKNOWN
2016-01-22T01:46:40.000000;2016-01-22T01:46:40.000000;b96fa458-dcaa-4068-832f-686ab82fcb2e;405.71;0.1;UNKNOWN
2016-01-22T01:46:53.000000;2016-01-22T01:46:53.000000;e9d96b95-cb0f-4ca2-8613-c055ccaf492f;405.79;0.5;UNKNOWN
2016-01-22T01:46:54.000000;2016-01-22T01:46:54.000000;ce5b80ef-8b9b-4d3d-b112-48cc7bfcec15;405.79;0.5;UNKNOWN
2016-01-22T01:46:57.000000;2016-01-22T01:46:57.000000;7816eb6c-4d06-459e-9231-b6319fe0f2fe;405.79;0.5;UNKNOWN
2016-01-22T01:47:00.000000;2016-01-22T01:47:00.000000;e67a17cd-7e2f-49b5-9148-cefdd7078cc7;405.79;0.5;UNKNOWN
2016-01-22T01:47:00.000000;2016-01-22T01:47:00.000000;5aa0ccb2-6354-4548-937a-00a477851659;405.79;0.5;UNKNOWN
2016-01-22T01:47:00.000000;2016-01-22T01:47:00.000000;420bfa88-a85d-4f1e-8d9e-0b174a296a33;405.79;0.185;UNKNOWN
2016-01-22T01:47:01.000000;2016-01-22T01:47:01.000000;7fa162f6-edcc-4a25-9f54-4d926ab7155a;405.79;0.01;UNKNOWN
2016-01-22T01:47:03.000000;2016-01-22T01:47:03.000000;0cc6a686-ef13-45b8-a7dd-2656d36dd7c2;405.79;0.5;UNKNOWN
2016-01-22T01:47:03.000000;2016-01-22T01:47:03.000000;48e3b56e-4e2d-4a42-88c4-8c75796000dc;405.79;0.5;UNKNOWN
2016-01-22T01:47:04.000000;2016-01-22T01:47:04.000000;c34beca1-aeac-454e-8137-65a41af00a74;405.79;1.925;UNKNOWN
2016-01-22T01:47:05.000000;2016-01-22T01:47:05.000000;d020e5d8-d421-49f2-bec7-3fdcd997ce6f;405.79;0.5;UNKNOWN
2016-01-22T01:47:06.000000;2016-01-22T01:47:06.000000;e016c42a-7b4c-45fc-bbb0-da12dd645a0b;405.79;0.5;UNKNOWN
2016-01-22T01:47:07.000000;2016-01-22T01:47:07.000000;857a4e58-150b-498e-970d-b186e0b77bfc;405.78;0.37;UNKNOWN
2016-01-22T01:47:07.000000;2016-01-22T01:47:07.000000;edd7e118-e59a-475b-8948-e8106d717a62;405.78;2.961;UNKNOWN
2016-01-22T01:47:08.000000;2016-01-22T01:47:08.000000;986ce502-7332-45b6-af62-b92208f6386f;405.79;0.5;UNKNOWN
2016-01-22T01:47:09.000000;2016-01-22T01:47:09.000000;18c1cda3-5b27-4d3a-a2eb-e1c8b0c89aa7;405.79;0.5;UNKNOWN
2016-01-22T01:47:11.000000;2016-01-22T01:47:11.000000;1e754fd5-e4ed-49ba-8cf0-c36197fcad3c;405.79;0.05631334;UNKNOWN
2016-01-22T01:47:11.000000;2016-01-22T01:47:11.000000;fcdbb433-af84-489e-8494-485eb57eec7f;405.79;0.44368666;UNKNOWN
2016-01-22T01:47:11.000000;2016-01-22T01:47:11.000000;3335aba4-1beb-4aee-ad26-577785da9624;405.79;0.01;UNKNOWN
2016-01-22T01:47:16.000000;2016-01-22T01:47:16.000000;0bad8e10-c881-410d-89d8-b18b6f066974;405.79;0.5;UNKNOWN
2016-01-22T01:47:17.000000;2016-01-22T01:47:17.000000;c85ec28d-f03f-4725-bd3d-61db2768180b;405.79;0.5;UNKNOWN
2016-01-22T01:47:18.000000;2016-01-22T01:47:18.000000;7d75af06-4d01-4fa5-97e6-8eed53ea84ae;405.79;0.5;UNKNOWN
2016-01-22T01:47:19.000000;2016-01-22T01:47:19.000000;343d6fc9-f10c-4756-b1a6-0a78e7d69d21;405.79;0.122;UNKNOWN
2016-01-22T01:47:22.000000;2016-01-22T01:47:22.000000;c234ae82-ab47-42e7-8593-a2f7407e99c0;405.78;0.37;UNKNOWN
2016-01-22T01:47:22.000000;2016-01-22T01:47:22.000000;e6fc29a3-0910-40d3-862f-4afc25522715;405.76;0.37;UNKNOWN
2016-01-22T01:47:22.000000;2016-01-22T01:47:22.000000;392ab070-6bf3-413b-9645-53694e267387;405.7;1.26;UNKNOWN
2016-01-22T01:47:28.000000;2016-01-22T01:47:28.000000;0275154f-4fc7-4e6b-9dc6-690d2c17d4b1;405.7;1.23537224;UNKNOWN
2016-01-22T01:47:28.000000;2016-01-22T01:47:28.000000;ae86d64f-02b8-427d-8e44-73014b3e88c0;405.72;0.5;UNKNOWN
2016-01-22T01:47:28.000000;2016-01-22T01:47:28.000000;21ab05c3-a6bb-4806-9f7e-ff6631d4ea84;405.73;1.66;UNKNOWN
2016-01-22T01:47:33.000000;2016-01-22T01:47:33.000000;2549ed27-ce30-44e7-88e2-25e867493a7f;405.79;0.01;UNKNOWN
2016-01-22T01:47:36.000000;2016-01-22T01:47:36.000000;34172423-914e-4192-963f-87f7b8125391;405.79;0.01;UNKNOWN
2016-01-22T01:47:37.000000;2016-01-22T01:47:37.000000;5bdd5320-a3cc-4ab6-a100-e3dc81bf8722;405.71;0.29;UNKNOWN
2016-01-22T01:47:37.000000;2016-01-22T01:47:37.000000;8c85ade3-323d-4a02-b757-9f24675bfef4;405.7;10.71;UNKNOWN
2016-01-22T01:47:40.000000;2016-01-22T01:47:40.000000;8a70a6af-f52f-4a87-8047-3cfefff8dcb6;405.79;0.01;UNKNOWN
2016-01-22T01:47:42.000000;2016-01-22T01:47:42.000000;1c1bb8c7-269b-4371-91ff-094b48998a9d;405.79;0.29026802;UNKNOWN
2016-01-22T01:47:44.000000;2016-01-22T01:47:44.000000;b7243d73-0c28-4212-af5c-d9d6927d9099;405.79;0.01;UNKNOWN
2016-01-22T01:47:46.000000;2016-01-22T01:47:46.000000;c62996f4-7665-48e6-83dd-7d2d97eb573a;405.79;0.01;UNKNOWN
2016-01-22T01:47:52.000000;2016-01-22T01:47:52.000000;2ef8f451-1b5a-41e4-85ff-3d3e76ec8029;405.79;0.143;UNKNOWN
2016-01-22T01:47:53.000000;2016-01-22T01:47:53.000000;c3b384c1-8db6-42fe-bdbf-adac716816d1;405.7;1.0;UNKNOWN
2016-01-22T01:47:58.000000;2016-01-22T01:47:58.000000;7fc04974-0e02-4f96-9e0b-d8a8abe3ed74;405.78;0.1;UNKNOWN
2016-01-22T01:48:02.000000;2016-01-22T01:48:02.000000;3b6cae60-a0d8-4b10-bb6b-303c55163d6d;405.78;0.04;UNKNOWN
2016-01-22T01:48:03.000000;2016-01-22T01:48:03.000000;6cf6c84e-6ca7-4859-b056-2ccb3b09d1b5;405.78;0.01;UNKNOWN
2016-01-22T01:48:06.000000;2016-01-22T01:48:06.000000;15c76d8e-bfb3-4c2b-a7c6-da6c0fe9ab77;405.78;0.82681956;UNKNOWN
2016-01-22T01:48:06.000000;2016-01-22T01:48:06.000000;6baa22c4-5c44-4e79-bf90-e2bac9262ae0;405.78;0.96;UNKNOWN
2016-01-22T01:48:07.000000;2016-01-22T01:48:07.000000;d8e65f88-71b2-413d-ac67-7fc193db242c;405.79;2.45374687;UNKNOWN
2016-01-22T01:48:07.000000;2016-01-22T01:48:07.000000;65249050-e996-4327-a4b4-26d52890035c;405.79;0.2919247;UNKNOWN
2016-01-22T01:48:07.000000;2016-01-22T01:48:07.000000;d5865fa7-afbd-436c-aeb3-59815723229a;405.79;1.99744799;UNKNOWN
2016-01-22T01:48:07.000000;2016-01-22T01:48:07.000000;d25e4b47-71a9-400b-8ae8-324ef1c9c27a;405.78;5.25688044;UNKNOWN
2016-01-22T01:48:10.000000;2016-01-22T01:48:10.000000;49278524-cac2-47b7-a8d4-5f96cb2124f2;405.79;0.01;UNKNOWN
2016-01-22T01:48:18.000000;2016-01-22T01:48:18.000000;14a43c1b-d01d-403c-a6f0-dc773b42b78b;405.79;0.2391;UNKNOWN
2016-01-22T01:48:30.000000;2016-01-22T01:48:30.000000;f5ea0462-0108-4a89-8d68-24dc0da190a0;405.79;5.0;UNKNOWN
2016-01-22T01:48:30.000000;2016-01-22T01:48:30.000000;b5c2915c-6b11-43fc-bc5e-3404953fbfac;405.79;0.1174;UNKNOWN
2016-01-22T01:48:36.000000;2016-01-22T01:48:36.000000;36a7219c-3896-4c5c-a04f-fdbba32e7877;405.79;0.21;UNKNOWN
2016-01-22T01:48:39.000000;2016-01-22T01:48:39.000000;6c7caf6b-5886-4d7e-b03d-a183c461b02c;405.78;1.815;UNKNOWN
2016-01-22T01:48:39.000000;2016-01-22T01:48:39.000000;dd1626f8-66f0-4e00-b42d-e64f063dbd04;405.78;0.185;UNKNOWN
2016-01-22T01:48:39.000000;2016-01-22T01:48:39.000000;6c110576-4ce3-4654-9538-d54e42dcc34d;405.79;0.26;UNKNOWN
2016-01-22T01:48:41.000000;2016-01-22T01:48:41.000000;1d8253f7-c2d9-4fe6-bd80-dd3e329ecbb0;405.79;0.1631;UNKNOWN
2016-01-22T01:48:45.000000;2016-01-22T01:48:45.000000;26f5a9e0-1377-4dce-95a3-f1dfa0661fd1;405.9;3.32904799;UNKNOWN
2016-01-22T01:48:45.000000;2016-01-22T01:48:45.000000;45e36c63-8fe6-476e-9938-e8ba73908e95;405.79;2.00295201;UNKNOWN
2016-01-22T01:48:51.000000;2016-01-22T01:48:51.000000;e85b4056-1055-4c12-9a67-72ab6eb70eb7;405.78;0.3518;UNKNOWN
2016-01-22T01:48:54.000000;2016-01-22T01:48:54.000000;eded8d07-7704-4e98-96e3-02b0ce9ab921;405.8;0.0297;UNKNOWN
2016-01-22T01:49:00.000000;2016-01-22T01:49:00.000000;56eedf50-0516-49e1-8980-a5448982f6c5;405.89;3.01;UNKNOWN
2016-01-22T01:49:00.000000;2016-01-22T01:49:00.000000;91df1ec6-8627-4371-9403-5e3bc45362f9;405.91;2.45332548;UNKNOWN
2016-01-22T01:49:00.000000;2016-01-22T01:49:00.000000;02c4fb88-7bf9-4737-91d2-09d2bfbe373b;405.99;6.0804;UNKNOWN
2016-01-22T01:49:05.000000;2016-01-22T01:49:05.000000;5bbcac86-5b90-4afa-b5a2-9087b9f6a0f9;406.0;0.1;UNKNOWN
2016-01-22T01:49:18.000000;2016-01-22T01:49:18.000000;2ea5b8de-38e6-4f09-95eb-310f25e25d67;405.99;0.3;UNKNOWN
2016-01-22T01:49:18.000000;2016-01-22T01:49:18.000000;645aca0a-e3d4-4cf6-9e50-52ad8e41c45b;405.99;13.45627452;UNKNOWN
2016-01-22T01:49:18.000000;2016-01-22T01:49:18.000000;be5fdbd3-7a43-4373-9d05-5f191fb66e4d;405.77;6.1379;UNKNOWN
2016-01-22T01:49:21.000000;2016-01-22T01:49:21.000000;455a00bb-afe7-42ae-b163-4e17bc9ac626;405.71;0.5;UNKNOWN
2016-01-22T01:49:56.000000;2016-01-22T01:49:56.000000;72f2dcbf-e660-47f7-8168-7d96d501869b;405.99;0.5;UNKNOWN
2016-01-22T01:49:59.000000;2016-01-22T01:49:59.000000;194b804f-e890-4db5-bd3a-d40d40b295eb;405.73;9.9043989;UNKNOWN
2016-01-22T01:49:59.000000;2016-01-22T01:49:59.000000;40d0ea8b-bee5-47c4-9173-fd265bf10a48;405.98;0.74;UNKNOWN
2016-01-22T01:49:59.000000;2016-01-22T01:49:59.000000;9e8b0c28-1d01-46a0-8dc6-cfe013f24421;405.73;6.0;UNKNOWN
2016-01-22T01:49:59.000000;2016-01-22T01:49:59.000000;4182cbd3-4f0d-4f21-8d78-a6d33b58c28f;405.98;0.6;UNKNOWN
2016-01-22T01:49:59.000000;2016-01-22T01:49:59.000000;02723d31-6d4f-4d62-beb5-190390ab5f4d;405.84;3.0;UNKNOWN
2016-01-22T01:49:59.000000;2016-01-22T01:49:59.000000;2662b107-5d27-4d17-b13f-2dc3c45d59cb;405.83;0.5;UNKNOWN
2016-01-22T01:49:59.000000;2016-01-22T01:49:59.000000;d2761f4a-30e1-49ab-a804-71fa0d1f54db;405.83;0.5;UNKNOWN
2016-01-22T01:49:59.000000;2016-01-22T01:49:59.000000;7e7aab3b-3e77-4796-8257-d1be892dee86;405.83;6.0681;UNKNOWN
2016-01-22T01:49:59.000000;2016-01-22T01:49:59.000000;8dfd4f68-b0e5-4722-8c2b-8523d639cbdc;405.83;0.24;UNKNOWN
2016-01-22T01:49:59.000000;2016-01-22T01:49:59.000000;c051e46c-54f5-41c5-825d-77b0c8b80da3;405.75;2.4475011;UNKNOWN
2016-01-22T01:50:01.000000;2016-01-22T01:50:01.000000;ccfe23dd-2ecb-4b26-bd67-e9ff6f4205ce;405.99;0.24;UNKNOWN
2016-01-22T01:50:26.000000;2016-01-22T01:50:26.000000;ab28fff0-355e-4ae2-877b-7f8510479c6e;405.87;6.0798;UNKNOWN
2016-01-22T01:50:26.000000;2016-01-22T01:50:26.000000;0d5b8008-ad34-42da-8600-12eb86c32f03;405.92;0.066564;UNKNOWN
2016-01-22T01:50:26.000000;2016-01-22T01:50:26.000000;8f38c9cc-98dd-414e-ac93-48edaa6ac113;405.7;35.86387108;UNKNOWN
2016-01-22T01:50:26.000000;2016-01-22T01:50:26.000000;67ae95cc-f115-4502-8aa3-94dda2cb25e7;405.86;10.9038;UNKNOWN
2016-01-22T01:50:37.000000;2016-01-22T01:50:37.000000;925e23de-99bc-43a1-9b1b-4967fa667ac2;405.7;1.0;UNKNOWN
2016-01-22T01:50:42.000000;2016-01-22T01:50:42.000000;af4f6899-8558-4f3a-b225-1e63fb23b6ed;405.69;0.37;UNKNOWN
2016-01-22T01:50:44.000000;2016-01-22T01:50:44.000000;bfd3abbd-ae38-4b7a-a00b-e61cfe48fbb1;405.69;0.37;UNKNOWN
2016-01-22T01:51:29.000000;2016-01-22T01:51:29.000000;53845734-39a4-41c9-b8e6-f9999d77f737;405.99;1.3;UNKNOWN
2016-01-22T01:51:32.000000;2016-01-22T01:51:32.000000;b4b85284-8b6c-4dab-bd33-66f628684271;405.83;0.5;UNKNOWN
2016-01-22T01:51:32.000000;2016-01-22T01:51:32.000000;d6fe3195-1c90-4aa7-8579-d018979796d5;405.82;1.5;UNKNOWN
2016-01-22T01:51:36.000000;2016-01-22T01:51:36.000000;206244ce-4987-4fa6-8f58-69babe4d68d4;406.0;1.95153;UNKNOWN
2016-01-22T01:51:54.000000;2016-01-22T01:51:54.000000;8a255761-35c5-4f6f-9f26-f3b626da82fb;406.0;0.65593;UNKNOWN
2016-01-22T01:51:54.000000;2016-01-22T01:51:54.000000;427a3789-97db-4ecf-a098-d675f05deb2d;406.0;1.33607;UNKNOWN
2016-01-22T01:52:54.000000;2016-01-22T01:52:54.000000;d1a60dbd-547a-4202-8d6d-28fb9b43e2ee;406.0;0.021;UNKNOWN
2016-01-22T01:52:57.000000;2016-01-22T01:52:57.000000;a3273ae9-8c31-4054-9416-7bba3f056f15;406.0;0.26;UNKNOWN
2016-01-22T01:52:58.000000;2016-01-22T01:52:58.000000;243b6815-4d83-4c5b-aa3a-612a971095ed;406.0;0.5;UNKNOWN
2016-01-22T01:52:59.000000;2016-01-22T01:52:59.000000;97148c27-76b4-447d-8cfa-1f0f018ce466;406.0;0.5;UNKNOWN
2016-01-22T01:53:02.000000;2016-01-22T01:53:02.000000;5c38f2fb-3204-48ac-9f6d-af786d12b409;406.0;0.26;UNKNOWN
2016-01-22T01:53:03.000000;2016-01-22T01:53:03.000000;4d2cdc2d-36f6-488d-884c-06bb3f3bbbd3;406.0;0.24;UNKNOWN
2016-01-22T01:53:03.000000;2016-01-22T01:53:03.000000;ccc4312b-ddce-40c8-9d66-951459658af0;406.0;0.24;UNKNOWN
2016-01-22T01:53:04.000000;2016-01-22T01:53:04.000000;accd99f4-21ad-4344-b01b-af057abd5482;406.5;0.1;UNKNOWN
2016-01-22T01:53:09.000000;2016-01-22T01:53:09.000000;64c5e3b7-438a-40da-97a3-f3ae3b1abf08;406.78;0.1;UNKNOWN
2016-01-22T01:53:12.000000;2016-01-22T01:53:12.000000;0e79ddf8-5414-4947-9c8e-80b42aef2de3;406.78;0.06381589;UNKNOWN
2016-01-22T01:53:55.000000;2016-01-22T01:53:55.000000;99f276d0-43fd-4860-a980-86195bdef8f2;406.79;2.44905956;UNKNOWN
2016-01-22T01:53:55.000000;2016-01-22T01:53:55.000000;f8e22510-4234-4804-87b7-4aef9d43cf15;406.86;0.55094044;UNKNOWN
2016-01-22T01:53:59.000000;2016-01-22T01:53:59.000000;a8a1f7fd-b49e-40c4-a975-ddb1d3af05a2;406.87;0.1;UNKNOWN
2016-01-22T01:54:06.000000;2016-01-22T01:54:06.000000;288c329b-c82f-4e22-a38d-00adc93273a6;406.82;0.5;UNKNOWN
2016-01-22T01:54:06.000000;2016-01-22T01:54:06.000000;d4fe0239-3e5f-4253-a798-9ce42f57da55;406.81;0.64985051;UNKNOWN
2016-01-22T01:54:13.000000;2016-01-22T01:54:13.000000;58139952-db27-4bae-8bca-541401919238;406.83;0.26;UNKNOWN
2016-01-22T01:54:13.000000;2016-01-22T01:54:13.000000;481424b4-7839-4352-957e-96f6a1bbf489;406.83;0.16586778;UNKNOWN
2016-01-22T01:54:13.000000;2016-01-22T01:54:13.000000;a7037fbb-5e06-4ffe-a029-35e42a070573;406.87;1.0;UNKNOWN
2016-01-22T01:54:31.000000;2016-01-22T01:54:31.000000;960d0a72-a944-4ad9-87b2-ad4630ffb080;406.87;0.3341;UNKNOWN
2016-01-22T01:54:31.000000;2016-01-22T01:54:31.000000;38da5884-f1e1-498d-b479-2b8c19dfc8b5;406.87;0.5;UNKNOWN
2016-01-22T01:54:32.000000;2016-01-22T01:54:32.000000;51e5e9b4-df31-4a05-8872-9a599b66a52a;406.87;0.5;UNKNOWN
2016-01-22T01:55:04.000000;2016-01-22T01:55:04.000000;de6672cc-dd54-4502-8ad7-1e05c5d718ee;406.94;0.48504044;UNKNOWN
2016-01-22T01:55:04.000000;2016-01-22T01:55:04.000000;a445f44c-94ba-47d2-96de-3cd6e1ef539d;406.87;0.01495956;UNKNOWN
2016-01-22T01:55:16.000000;2016-01-22T01:55:16.000000;9c8be899-65cb-402c-98df-41234b37c58a;406.93;0.25;UNKNOWN
2016-01-22T01:55:19.000000;2016-01-22T01:55:19.000000;18784964-fb02-42d0-9854-7879c7f471a8;406.93;2.75;UNKNOWN
2016-01-22T01:55:19.000000;2016-01-22T01:55:19.000000;dfb65866-8349-4ca9-a5bd-4194d7f5f26c;406.94;2.71404911;UNKNOWN
2016-01-22T01:55:41.000000;2016-01-22T01:55:41.000000;a5f659bd-a2a7-4d9d-9c1a-97afd16826fa;406.95;2.0;UNKNOWN
2016-01-22T01:56:03.000000;2016-01-22T01:56:03.000000;94e2ed20-3f3e-4072-b618-2d8cb113d867;406.95;0.1;UNKNOWN
2016-01-22T01:56:34.000000;2016-01-22T01:56:34.000000;7af87422-1aa7-444c-b0ca-8498cedbced0;406.95;0.34908955;UNKNOWN
2016-01-22T01:56:34.000000;2016-01-22T01:56:34.000000;85659ba2-df79-4417-97a2-718b778ed052;407.03;0.65091045;UNKNOWN
2016-01-22T01:57:09.000000;2016-01-22T01:57:09.000000;d6cde620-4602-4d45-8aa2-3ec84ff5b477;407.01;1.11;UNKNOWN
2016-01-22T01:57:09.000000;2016-01-22T01:57:09.000000;f4d554d1-35f1-40f3-aa0d-3a9bb2ff52eb;407.0;0.40697668;UNKNOWN
