time_exchange;time_coinpai;guid;price;base_amount;taker_side
2016-03-31T00:00:01.000000;2016-03-31T00:00:01.057000;4de0267c-98bf-4460-b344-a8c5be935a67;412.97;0.01;SELL
2016-03-31T00:00:01.000000;2016-03-31T00:00:01.087000;541f153c-8b35-46c5-ab4c-000d548ddb3f;412.97;0.1858522;SELL
2016-03-31T00:00:01.000000;2016-03-31T00:00:01.087000;7d03d654-a9a1-46f3-967a-f90158d676a2;412.78;0.0125;SELL
2016-03-31T00:00:01.000000;2016-03-31T00:00:01.087000;8f21fc0d-7b6b-43fb-a907-026f1099e0f6;412.77;0.0125;SELL
2016-03-31T00:00:01.000000;2016-03-31T00:00:01.087000;64244fd9-6133-45a7-be43-0851dff0c59d;412.76;0.0125;SELL
2016-03-31T00:00:01.000000;2016-03-31T00:00:01.087000;3722c6b4-8adf-46f6-929f-d4c1853ebe8a;412.75;0.0714778;SELL
2016-03-31T00:00:21.990000;2016-03-31T00:00:22.040000;5ea89785-33d2-43d6-939e-269aaa4e61ec;412.87;0.0125;BUY
2016-03-31T00:00:21.990000;2016-03-31T00:00:22.073000;ed0d85a4-96cf-4303-98fa-4aead7d428d5;412.87;0.1675;BUY
2016-03-31T00:00:31.853000;2016-03-31T00:00:31.900000;d1030ceb-856f-468f-97ab-3c3ba46be6b1;412.86;0.0125;SELL
2016-03-31T00:00:31.853000;2016-03-31T00:00:31.917000;7cca05b3-fddd-43ac-b9d6-d90170d9c4bc;412.86;0.012;SELL
2016-03-31T00:00:31.853000;2016-03-31T00:00:31.917000;50aa0098-561f-4db4-a041-192563448deb;412.86;0.0206;SELL
2016-03-31T00:00:31.853000;2016-03-31T00:00:31.917000;c7cceb1c-efa3-4449-93c5-5b350343f2ab;412.86;0.0184;SELL
2016-03-31T00:00:31.853000;2016-03-31T00:00:31.947000;1950b4a0-dddd-4119-b076-26e5077001fc;412.86;0.0209;SELL
2016-03-31T00:00:31.853000;2016-03-31T00:00:31.947000;f8df17b9-51d7-4ef2-907e-57d62030bd9b;412.86;0.0311;SELL
2016-03-31T00:00:31.853000;2016-03-31T00:00:31.947000;2a092495-67e2-4984-a021-8fbff94ff021;412.86;0.0253;SELL
2016-03-31T00:00:31.853000;2016-03-31T00:00:31.947000;a007d237-c8df-4482-95a9-eda7b2fe19d3;412.86;0.033;SELL
2016-03-31T00:00:31.853000;2016-03-31T00:00:31.963000;8f34b981-bf68-4c48-aec6-645da76fae10;412.86;0.026;SELL
2016-03-31T00:00:31.853000;2016-03-31T00:00:31.963000;ab6d1661-c69a-460a-92e4-f9371aca1cde;412.86;0.0334;SELL
2016-03-31T00:00:31.857000;2016-03-31T00:00:31.963000;20533759-5443-427c-8843-2224af4c88ab;412.82;2.63;SELL
2016-03-31T00:00:31.857000;2016-03-31T00:00:31.980000;66e80a54-2bac-4ed0-a51d-610f1124ef51;412.76;0.0125;SELL
2016-03-31T00:00:31.857000;2016-03-31T00:00:31.980000;5a96eefc-2def-4e2d-9a98-329cfcf26a72;412.75;0.1285222;SELL
2016-03-31T00:00:31.857000;2016-03-31T00:00:31.980000;5034f5b5-9ff8-428c-b87c-115351fab7e2;412.75;0.0125;SELL
2016-03-31T00:00:31.857000;2016-03-31T00:00:31.993000;d09607a3-c430-4d1c-ba29-38559307c4a4;412.74;0.0125;SELL
2016-03-31T00:00:31.857000;2016-03-31T00:00:31.993000;934c8f41-a4cf-4837-8d91-85cd703a89e1;412.74;0.3789078;SELL
2016-03-31T00:01:02.217000;2016-03-31T00:01:02.290000;47c28876-416c-4221-beee-ee4b00fac0e5;412.87;0.3325;BUY
2016-03-31T00:01:02.217000;2016-03-31T00:01:02.307000;521cef7a-7dcf-48ec-a471-9b31fa48aeb4;412.88;0.01;BUY
2016-03-31T00:01:02.217000;2016-03-31T00:01:02.307000;9cb5285a-a7f3-4665-8cc3-01a4adcf258c;412.88;0.0125;BUY
2016-03-31T00:01:02.217000;2016-03-31T00:01:02.307000;239c9fe9-7d4a-4cd4-a03a-029e22fe5c1d;412.88;0.0125;BUY
2016-03-31T00:01:02.217000;2016-03-31T00:01:02.307000;5ecb58f0-2afb-486a-9521-149203785f63;412.89;0.0125;BUY
2016-03-31T00:01:02.217000;2016-03-31T00:01:02.337000;7598b7c5-af55-4f1d-97ed-925e82e0bbca;412.9;0.0125;BUY
2016-03-31T00:01:02.217000;2016-03-31T00:01:02.353000;6dbb9f37-ce07-4a7a-bcbe-7745d87b58e1;412.91;0.0125;BUY
2016-03-31T00:01:02.220000;2016-03-31T00:01:02.353000;c11ccfb6-fccc-4b66-a54b-b014d75f8009;412.92;0.0125;BUY
2016-03-31T00:01:02.220000;2016-03-31T00:01:02.353000;b5eaf055-d3db-4a12-bf4c-36ceb755abfc;412.93;0.0125;BUY
2016-03-31T00:01:02.220000;2016-03-31T00:01:02.353000;bf440a46-95d7-4027-96cf-1223224658d1;412.94;0.0125;BUY
2016-03-31T00:01:02.220000;2016-03-31T00:01:02.353000;c2270d19-573c-4e06-9408-6b94fae02d96;412.95;0.0125;BUY
2016-03-31T00:01:02.220000;2016-03-31T00:01:02.353000;941dd83f-d7d4-4658-af79-8046c87b88f5;412.96;0.0125;BUY
2016-03-31T00:01:02.220000;2016-03-31T00:01:02.353000;1df63218-2e88-4420-889b-9472307bf768;412.96;0.0125;BUY
2016-03-31T00:01:02.220000;2016-03-31T00:01:02.353000;7c9bbba7-37cb-4385-8cbf-a9f2c28e9047;412.97;0.0125;BUY
2016-03-31T00:01:02.220000;2016-03-31T00:01:02.353000;f3f20d6f-64b4-46e7-8ce1-58d392f67be1;412.98;0.0125;BUY
2016-03-31T00:01:02.220000;2016-03-31T00:01:02.353000;f2bd2c0f-02c6-4bb8-9649-5c63ed568135;412.98;0.01;BUY
2016-03-31T00:01:02.220000;2016-03-31T00:01:02.353000;a3cf349c-4542-46ca-8c5a-1cc2c76484da;412.99;0.0125;BUY
2016-03-31T00:01:02.220000;2016-03-31T00:01:02.353000;054983c3-0337-4d0c-9f45-02383dbf8dc8;413.0;0.0125;BUY
2016-03-31T00:01:02.220000;2016-03-31T00:01:02.370000;d849e991-c48d-4969-bebf-376b4d8bb00a;413.0;0.01;BUY
2016-03-31T00:01:02.220000;2016-03-31T00:01:02.370000;292ecd10-1f87-4729-8af6-056e220131eb;413.01;0.0125;BUY
2016-03-31T00:01:02.220000;2016-03-31T00:01:02.370000;a63d2e8a-35ec-4af7-af3a-a8e84a582efb;413.02;0.0125;BUY
2016-03-31T00:01:02.220000;2016-03-31T00:01:02.370000;bb51892d-3399-4226-a6c5-facefca084c1;413.03;0.0125;BUY
2016-03-31T00:01:02.220000;2016-03-31T00:01:02.370000;1d98ee4c-53ba-43dc-95f4-e79fcce8e570;413.04;0.0125;BUY
2016-03-31T00:01:02.220000;2016-03-31T00:01:02.387000;a81592bf-1119-4fa9-b4dc-9e4f5bfa40eb;413.05;0.0125;BUY
2016-03-31T00:01:02.220000;2016-03-31T00:01:02.387000;6e861d8c-8272-43a7-b4a1-31125fb2249a;413.06;0.0125;BUY
2016-03-31T00:01:02.220000;2016-03-31T00:01:02.417000;62c7b715-934f-4e4f-8876-1a458efcb195;413.07;0.0125;BUY
2016-03-31T00:01:02.220000;2016-03-31T00:01:02.417000;82b504ba-3b99-4b87-8cc1-2b3e52e11022;413.07;0.01;BUY
2016-03-31T00:01:02.220000;2016-03-31T00:01:02.417000;51f19844-bb7f-4c6b-8faa-a9f40fae464b;413.08;0.0125;BUY
2016-03-31T00:01:02.220000;2016-03-31T00:01:02.417000;2e75d7fb-cf1f-4bd3-842a-8d524d3c1708;413.08;0.01;BUY
2016-03-31T00:01:02.223000;2016-03-31T00:01:02.417000;a7ddb38d-41d2-46ab-b321-8bba35daaf96;413.09;0.0125;BUY
2016-03-31T00:01:02.223000;2016-03-31T00:01:02.417000;9b5e51a9-1623-4e87-b97e-3dd027d599a3;413.1;0.0125;BUY
2016-03-31T00:01:02.223000;2016-03-31T00:01:02.417000;20e78c08-252e-42e9-b73c-f213027d7e22;413.11;0.0125;BUY
2016-03-31T00:01:02.223000;2016-03-31T00:01:02.417000;df113336-a3a0-4dd4-976b-098814a6e4be;413.12;0.0125;BUY
2016-03-31T00:01:02.223000;2016-03-31T00:01:02.433000;b581665b-ef99-4412-8a2b-68d718cd4262;413.13;0.0125;BUY
2016-03-31T00:01:02.223000;2016-03-31T00:01:02.433000;24073608-15f6-417e-9c1c-04a04f6e914d;413.13;0.46613;BUY
2016-03-31T00:01:30.997000;2016-03-31T00:01:31.040000;f102426a-1624-4de2-b0ef-0e4bc5668552;413.13;0.03387;BUY
2016-03-31T00:01:30.997000;2016-03-31T00:01:31.057000;06a0eb93-07e9-48a9-bf58-d1ce609d4440;413.13;0.01;BUY
2016-03-31T00:01:30.997000;2016-03-31T00:01:31.057000;8d1e7039-94d2-48ad-a6e4-fe2532249061;413.14;0.0125;BUY
2016-03-31T00:01:30.997000;2016-03-31T00:01:31.057000;1714ddc0-2210-4aa0-b2e9-127c5356a050;413.14;0.0125;BUY
2016-03-31T00:01:30.997000;2016-03-31T00:01:31.073000;73d5c6b3-229f-4322-b852-9df8ad24bf84;413.14;0.0125;BUY
2016-03-31T00:01:30.997000;2016-03-31T00:01:31.137000;b79dde69-b256-47f6-b40a-a9e06cd2e82a;413.14;0.0125;BUY
2016-03-31T00:01:30.997000;2016-03-31T00:01:31.150000;b89555d1-9b99-4a44-b2f9-c43f6a6d8bfc;413.15;0.0125;BUY
2016-03-31T00:01:30.997000;2016-03-31T00:01:31.150000;30b1ea28-98b9-4135-8fbd-5e54dcbbe233;413.15;0.01;BUY
2016-03-31T00:01:30.997000;2016-03-31T00:01:31.150000;f9659494-35b7-46ed-b722-0c546ad4c630;413.16;0.0125;BUY
2016-03-31T00:01:30.997000;2016-03-31T00:01:31.150000;088465c9-03ca-446b-8c27-869a00172789;413.17;0.0125;BUY
2016-03-31T00:01:30.997000;2016-03-31T00:01:31.150000;11e6e676-c8dc-4446-a508-ed7e3abe2813;413.17;0.01;BUY
2016-03-31T00:01:30.997000;2016-03-31T00:01:31.150000;46ffae42-d686-41bf-83d4-0d096fe5ce31;413.18;0.0125;BUY
2016-03-31T00:01:30.997000;2016-03-31T00:01:31.150000;01cf9012-ea77-4faf-a81a-bb0bc04198c2;413.19;0.0125;BUY
2016-03-31T00:01:30.997000;2016-03-31T00:01:31.150000;07462ab8-7400-42aa-8b22-5511ea42747b;413.2;0.0125;BUY
2016-03-31T00:01:30.997000;2016-03-31T00:01:31.150000;03e60ef8-3277-4581-9454-a15a949ed863;413.22;0.01;BUY
2016-03-31T00:01:31.000000;2016-03-31T00:01:31.150000;45ee06eb-03ae-4c1b-8c66-b732915b6c78;413.23;0.01;BUY
2016-03-31T00:01:31.000000;2016-03-31T00:01:31.150000;fa71f2e1-19b2-479b-a143-1d12b591422b;413.25;0.01;BUY
2016-03-31T00:01:31.000000;2016-03-31T00:01:31.150000;7989d349-806c-4814-8a25-5164c6084b10;413.25;0.01;BUY
2016-03-31T00:01:31.000000;2016-03-31T00:01:31.150000;597b3aef-9a48-4dbe-823a-a2578a8e8826;413.25;0.49359;BUY
2016-03-31T00:02:01.043000;2016-03-31T00:02:01.103000;93051871-fc06-4ce6-90c9-1676ae699b04;413.23;0.012;BUY
2016-03-31T00:02:01.043000;2016-03-31T00:02:01.103000;1d659e53-dba2-4a29-aedc-323eb0f1ec48;413.23;0.01;BUY
2016-03-31T00:02:01.043000;2016-03-31T00:02:01.120000;07b19425-dd53-4290-828e-55ff57356741;413.25;0.00641;BUY
2016-03-31T00:02:01.043000;2016-03-31T00:02:01.120000;c8eae99c-6890-43e6-b76d-411179f8d01c;413.26;0.01;BUY
2016-03-31T00:02:01.043000;2016-03-31T00:02:01.120000;e9157359-1530-4e27-9d56-04c8ad73f1f9;413.26;0.01;BUY
2016-03-31T00:02:01.043000;2016-03-31T00:02:01.120000;0c7cdce8-af39-48c7-98c1-f1fb31a21418;413.27;0.01;BUY
2016-03-31T00:02:01.043000;2016-03-31T00:02:01.137000;3d9cbf01-ea7a-462c-ba29-c44b8ef7ecf3;413.27;0.01;BUY
2016-03-31T00:02:01.043000;2016-03-31T00:02:01.137000;9d13b6f3-588f-40fe-bda6-f18cfd3fe2e3;413.28;0.01;BUY
2016-03-31T00:02:01.043000;2016-03-31T00:02:01.150000;b3681bcb-38ec-4829-87d5-35d320800ec1;413.28;0.01;BUY
2016-03-31T00:02:01.043000;2016-03-31T00:02:01.150000;d26fada0-7bba-4765-b3d3-86ce275b9fa3;413.29;0.01;BUY
2016-03-31T00:02:01.043000;2016-03-31T00:02:01.150000;f53c3817-fa09-4a99-b35e-dca0a17af0ae;413.3;0.01;BUY
2016-03-31T00:02:01.043000;2016-03-31T00:02:01.150000;7350e22a-0e42-4555-8411-bf83c0c2466e;413.31;0.17961;BUY
2016-03-31T00:02:01.043000;2016-03-31T00:02:01.167000;569178c1-b848-42be-a4b6-13fd82cd2094;413.31;0.10994;BUY
2016-03-31T00:03:00.920000;2016-03-31T00:03:00.963000;60fd86b0-c51e-4bdb-b595-a10cb1901c5d;413.31;0.39006;BUY
2016-03-31T00:03:00.920000;2016-03-31T00:03:00.993000;91e42aa1-0a24-4003-a43b-f84d8a8a1a0d;413.31;0.01;BUY
2016-03-31T00:03:00.920000;2016-03-31T00:03:00.993000;a1c3b284-5c6b-422f-a5eb-21964db955bd;413.32;0.01;BUY
2016-03-31T00:03:00.920000;2016-03-31T00:03:00.993000;2317e1b9-f8b9-4aca-acc0-f9418d452de5;413.33;0.01;BUY
2016-03-31T00:03:00.920000;2016-03-31T00:03:00.993000;4074386a-4950-4e95-b6ae-cf805d7f4039;413.34;0.01;BUY
2016-03-31T00:03:00.920000;2016-03-31T00:03:01.073000;0c1ff15f-27f8-4402-a173-478957ac1b87;413.35;0.01;BUY
2016-03-31T00:03:00.920000;2016-03-31T00:03:01.073000;023511ea-1cc6-4bbf-8652-2486802bc549;413.35;0.01;BUY
2016-03-31T00:03:00.920000;2016-03-31T00:03:01.073000;05fc4afa-fb4d-4b97-b723-f293c6ced85e;413.36;0.01;BUY
2016-03-31T00:03:00.920000;2016-03-31T00:03:01.073000;c0f80ce4-f867-4436-ac30-256dbee4e059;413.37;0.01;BUY
2016-03-31T00:03:00.920000;2016-03-31T00:03:01.073000;0407cb00-87d6-45db-b1a8-0f62ab24ff01;413.37;0.5;BUY
2016-03-31T00:03:00.920000;2016-03-31T00:03:01.073000;93398306-1161-4348-8467-bff105eadd97;413.38;0.01;BUY
2016-03-31T00:03:00.923000;2016-03-31T00:03:01.073000;828acce8-dad1-4b22-8fc2-0af413c9e4a5;413.39;0.01;BUY
2016-03-31T00:03:00.923000;2016-03-31T00:03:01.073000;697d4be5-9e77-43be-b6f4-0a2dc84555ee;413.4;0.01;BUY
2016-03-31T00:03:00.923000;2016-03-31T00:03:01.073000;c7ef91d8-494a-4343-98c4-daf96a6cd3e9;413.4;0.15;BUY
2016-03-31T00:03:00.923000;2016-03-31T00:03:01.073000;be952d0f-fce5-4354-a68b-d80270862627;413.43;0.5;BUY
2016-03-31T00:03:00.923000;2016-03-31T00:03:01.073000;b6fcbc44-50c5-4135-902b-ef478b3916ad;413.43;0.5;BUY
2016-03-31T00:03:00.923000;2016-03-31T00:03:01.073000;a6c4d5af-f454-4b89-9007-5d16e77c9376;413.44;0.01;BUY
2016-03-31T00:03:00.923000;2016-03-31T00:03:01.073000;1c61014f-cffc-4f08-a682-0f71c529dc0d;413.46;0.23471;BUY
2016-03-31T00:03:49.263000;2016-03-31T00:03:49.307000;7997156b-6987-42ec-b528-cf758b83a87c;413.41;0.01;SELL
2016-03-31T00:03:49.263000;2016-03-31T00:03:49.323000;0934d0dd-80ac-4ff4-b5d9-1ba6037a1d77;413.41;0.01;SELL
2016-03-31T00:03:49.267000;2016-03-31T00:03:49.323000;51f84723-0e0b-4169-b24b-786d8f7d0e3f;413.4;0.01;SELL
2016-03-31T00:03:49.267000;2016-03-31T00:03:49.323000;87908528-333d-45c4-8297-7368cce135ac;413.39;0.01;SELL
2016-03-31T00:03:49.267000;2016-03-31T00:03:49.340000;ad8a19fc-3b80-44c5-bec4-e3526a80c8d6;413.38;0.01;SELL
2016-03-31T00:03:49.267000;2016-03-31T00:03:49.417000;6cc16212-0078-49f5-9fea-26ded16866f5;413.37;0.01;SELL
2016-03-31T00:03:49.267000;2016-03-31T00:03:49.417000;343683a3-ff84-4cdc-b529-10aa2c6623d2;413.36;0.01;SELL
2016-03-31T00:03:49.267000;2016-03-31T00:03:49.417000;1c41eec1-6bd6-423b-875c-bf75708a2eea;413.35;0.01;SELL
2016-03-31T00:03:49.267000;2016-03-31T00:03:49.417000;d2488270-d7ce-463d-a7d6-217f4fbe4b22;413.34;0.01;SELL
2016-03-31T00:03:49.267000;2016-03-31T00:03:49.417000;beee128b-a298-41e2-9888-a28e44875066;413.34;0.02870612;SELL
2016-03-31T00:04:01.210000;2016-03-31T00:04:01.260000;66c4825c-d0ff-4ca6-8bb0-0605267a8f56;413.46;0.82129;BUY
2016-03-31T00:04:01.210000;2016-03-31T00:04:01.277000;f0be2b78-a3e2-4bd8-bf7b-698afda4e51c;413.46;0.5;BUY
2016-03-31T00:04:01.210000;2016-03-31T00:04:01.277000;950505d2-21b7-41e6-8c5b-4bf0291b880e;413.47;0.0125;BUY
2016-03-31T00:04:01.210000;2016-03-31T00:04:01.277000;45d2e7db-8962-462b-97a4-4f1450bd7e27;413.47;0.01;BUY
2016-03-31T00:04:01.210000;2016-03-31T00:04:01.277000;d6d569d5-8f82-4ee5-8d27-555e55584303;413.48;0.01;BUY
2016-03-31T00:04:01.210000;2016-03-31T00:04:01.307000;c07542c9-b893-4e6f-ab10-46fdc51fb370;413.49;0.0125;BUY
2016-03-31T00:04:01.210000;2016-03-31T00:04:01.307000;7c6e83e3-b1b1-4ada-9df6-9311aff31ea8;413.49;0.01;BUY
2016-03-31T00:04:01.210000;2016-03-31T00:04:01.307000;208ef204-3270-4aa2-a434-bc91275758f3;413.49;0.01;BUY
2016-03-31T00:04:01.210000;2016-03-31T00:04:01.307000;cfee1ff9-7ded-434e-99e3-4cfc1dc4a3cf;413.5;0.0125;BUY
2016-03-31T00:04:01.210000;2016-03-31T00:04:01.307000;7869585e-af5b-46ab-a771-7dee0a2b77c8;413.5;0.02007354;BUY
2016-03-31T00:04:01.210000;2016-03-31T00:04:01.323000;a5e1841e-9cb3-4901-a5a0-37922874466c;413.5;0.29280963;BUY
2016-03-31T00:04:01.210000;2016-03-31T00:04:01.323000;9c8f141e-f7f7-413b-9b1b-8966776654fc;413.5;0.5;BUY
2016-03-31T00:04:01.210000;2016-03-31T00:04:01.323000;8a3ed906-6135-482d-98f4-7c62b37798d0;413.5;0.01;BUY
2016-03-31T00:04:01.210000;2016-03-31T00:04:01.323000;5c7de75b-c36a-4200-8ab1-8dd146dff937;413.51;0.01;BUY
2016-03-31T00:04:01.210000;2016-03-31T00:04:01.323000;845e8ea2-eba9-453a-97ea-6383bf4c4c67;413.52;0.0125;BUY
2016-03-31T00:04:01.210000;2016-03-31T00:04:01.340000;ff3cc27c-8ccc-4615-b38d-4a1dbe8b29e1;413.52;0.02;BUY
2016-03-31T00:04:01.210000;2016-03-31T00:04:01.340000;3d213406-51b3-41bf-b43a-f7535d2b694c;413.52;0.01;BUY
2016-03-31T00:04:01.213000;2016-03-31T00:04:01.340000;d7b6b1b2-59e1-4e04-b9d3-f190bafcd513;413.53;0.0125;BUY
2016-03-31T00:04:01.213000;2016-03-31T00:04:01.340000;8ee9623d-6aa5-4888-8d9b-c15439faadc7;413.53;0.01;BUY
2016-03-31T00:04:01.213000;2016-03-31T00:04:01.340000;866ad084-5592-49be-ab1c-c36abfc1c394;413.54;0.0125;BUY
2016-03-31T00:04:01.213000;2016-03-31T00:04:01.370000;c63f55a4-c4e5-4dac-9e0d-c3952743ac2a;413.54;0.01;BUY
2016-03-31T00:04:01.213000;2016-03-31T00:04:01.370000;77a66702-0ba3-49da-a204-4efd4e5bb4d0;413.55;0.0125;BUY
2016-03-31T00:04:01.213000;2016-03-31T00:04:01.387000;8524ea92-e5c1-4de2-a619-2bd6a2ff5456;413.55;0.16478228;BUY
2016-03-31T00:04:01.213000;2016-03-31T00:04:01.387000;aee7c824-0626-4c94-bfa8-74095812eebb;413.55;0.8;BUY
2016-03-31T00:04:01.213000;2016-03-31T00:04:01.387000;09fbca42-9cba-44d3-9f17-3323a5887ca8;413.56;0.0125;BUY
2016-03-31T00:04:01.213000;2016-03-31T00:04:01.387000;2bf120e5-58d7-4651-8297-f6630e7f46c2;413.56;0.04119557;BUY
2016-03-31T00:04:01.213000;2016-03-31T00:04:01.387000;a8ba386f-19cd-4373-ba2b-8440cf3d4a51;413.56;0.01029889;BUY
2016-03-31T00:04:01.213000;2016-03-31T00:04:01.387000;40181379-8408-4642-b1ca-6959d8978942;413.56;0.01029889;BUY
2016-03-31T00:04:01.213000;2016-03-31T00:04:01.387000;1482a026-c924-4687-b4c2-89ef6c02c07d;413.56;7.4742212;BUY
2016-03-31T00:04:31.087000;2016-03-31T00:04:31.137000;5f66cde3-6fe5-4835-958e-3d4eb1406e47;413.52;0.01;SELL
2016-03-31T00:04:31.087000;2016-03-31T00:04:31.150000;432f59cd-25e4-4c29-91ed-526da61ed1de;413.52;0.01;SELL
2016-03-31T00:04:31.087000;2016-03-31T00:04:31.150000;5dae72ec-d3d2-42e3-a696-439077e0ea76;413.51;0.01;SELL
2016-03-31T00:04:31.087000;2016-03-31T00:04:31.150000;4909fc3f-dcda-4595-8963-dde4be3f7d13;413.5;0.01;SELL
2016-03-31T00:04:31.087000;2016-03-31T00:04:31.167000;ce9b923a-0b86-4946-8850-7fb8eda8f779;413.49;0.01;SELL
2016-03-31T00:04:31.087000;2016-03-31T00:04:31.167000;4b657973-3064-46d9-80b9-ce82733cb589;413.48;0.01;SELL
2016-03-31T00:04:31.087000;2016-03-31T00:04:31.167000;b02c2801-ab30-4064-ae2a-00e576859ca1;413.47;0.01;SELL
2016-03-31T00:04:31.087000;2016-03-31T00:04:31.167000;cf72695e-34ef-4dae-b086-b48666328235;413.46;0.01;SELL
2016-03-31T00:04:31.087000;2016-03-31T00:04:31.167000;32337709-fb3b-4a19-8150-36425e9f2e80;413.45;0.01;SELL
2016-03-31T00:04:31.087000;2016-03-31T00:04:31.167000;6f5d935a-ee0e-4ad3-b8c6-432f0dbf746d;413.44;0.01;SELL
2016-03-31T00:04:31.087000;2016-03-31T00:04:31.183000;7e453aa8-8d88-4287-a345-5e190a983372;413.43;0.01;SELL
2016-03-31T00:04:31.087000;2016-03-31T00:04:31.183000;6fe7f6d8-2204-4074-bd8a-1517cacf80ef;413.42;0.01;SELL
2016-03-31T00:04:31.087000;2016-03-31T00:04:31.183000;ca494cd2-99a4-4348-a046-7f60b13a0011;413.41;0.01;SELL
2016-03-31T00:04:31.090000;2016-03-31T00:04:31.213000;0447f7c7-f099-4d23-be56-f0ebad7aac9c;413.4;0.01;SELL
2016-03-31T00:04:31.090000;2016-03-31T00:04:31.230000;4632cc93-4f71-43ad-9e29-51566d49e9e4;413.39;0.01;SELL
2016-03-31T00:04:31.090000;2016-03-31T00:04:31.230000;e8bbd0c5-a930-4d51-b8e1-398bd128a222;413.38;0.01;SELL
2016-03-31T00:04:31.090000;2016-03-31T00:04:31.230000;0369018a-2fc9-4b53-a413-3abd65ede057;413.37;0.01;SELL
2016-03-31T00:04:31.090000;2016-03-31T00:04:31.230000;878b4a2b-8746-4a15-b1ee-c13749838efc;413.37;0.21;SELL
2016-03-31T00:04:31.090000;2016-03-31T00:04:31.230000;e9fb88c1-40d3-4cdc-8ea6-d7ce3ef5a28f;413.36;0.01;SELL
2016-03-31T00:04:31.090000;2016-03-31T00:04:31.230000;c7efa1c6-079b-40f1-9852-9eb67b04a9ab;413.36;0.42;SELL
2016-03-31T00:04:31.090000;2016-03-31T00:04:31.230000;fd3a023c-caeb-41d0-9000-f9103fa7fd01;413.35;0.01;SELL
2016-03-31T00:04:31.090000;2016-03-31T00:04:31.230000;6727d650-d479-47be-b755-3b54556315ff;413.35;0.84;SELL
2016-03-31T00:04:31.090000;2016-03-31T00:04:31.230000;9709d4a1-f93a-46f0-b0f7-6d4240fa6cee;413.34;0.47129388;SELL
2016-03-31T00:04:31.090000;2016-03-31T00:04:31.230000;b6f0d8da-af0e-4f5e-9bb1-cd8faa2d5ee2;413.34;0.01;SELL
2016-03-31T00:04:31.090000;2016-03-31T00:04:31.243000;abbbf09d-9288-426b-a9e2-a3c36e481ccc;413.34;0.42;SELL
2016-03-31T00:04:31.090000;2016-03-31T00:04:31.243000;3d802644-3b50-4716-b4f4-f3c4606ddab6;413.33;0.01;SELL
2016-03-31T00:04:31.090000;2016-03-31T00:04:31.243000;1d617c2d-1941-45ae-a8d1-aaf005b1b1f8;413.33;1.05;SELL
2016-03-31T00:04:31.090000;2016-03-31T00:04:31.260000;0f039bba-679d-4224-bfa6-6321bef604b2;413.32;0.01;SELL
2016-03-31T00:04:31.093000;2016-03-31T00:04:31.260000;63bad4df-70c0-4482-b4ec-860b118151b4;413.31;2.1;SELL
2016-03-31T00:04:31.093000;2016-03-31T00:04:31.260000;5b55f219-e981-4a9c-97a0-c5ce6803efcb;413.3;0.01;SELL
2016-03-31T00:04:31.093000;2016-03-31T00:04:31.260000;ee9f4727-6d14-486b-81cf-fd851dfacb07;413.26;3.78;SELL
2016-03-31T00:04:31.093000;2016-03-31T00:04:31.260000;f3a24245-5b10-4b5a-aafc-fa96c770448a;413.25;0.0125;SELL
2016-03-31T00:04:31.093000;2016-03-31T00:04:31.290000;729ee5ea-d656-40bd-8b80-681c462e7c2e;413.24;0.23969612;SELL
2016-03-31T00:05:01.207000;2016-03-31T00:05:01.260000;b1872a61-cca7-488a-8b94-5f8bc68346f8;413.36;0.5;BUY
2016-03-31T00:05:01.207000;2016-03-31T00:05:01.260000;c1cc6dff-23c0-4eba-9f2e-99a19d1cd459;413.5;0.01;BUY
2016-03-31T00:05:01.207000;2016-03-31T00:05:01.260000;5a640953-7d77-414f-9470-0140c66fb906;413.51;0.01;BUY
2016-03-31T00:05:01.207000;2016-03-31T00:05:01.290000;f089da33-297b-497f-81c4-fa88e901234b;413.51;0.01;BUY
2016-03-31T00:05:01.207000;2016-03-31T00:05:01.290000;6e468a77-5f35-4e9c-806c-58b2b22555fa;413.51;0.07452;BUY
2016-03-31T00:05:30.983000;2016-03-31T00:05:31.027000;2537b709-d40b-4add-b4ae-c92d25a5da16;413.39;0.23991;SELL
2016-03-31T00:06:01.113000;2016-03-31T00:06:01.150000;030d58fa-773b-447f-971a-2d77e26d3edb;413.39;0.26009;SELL
2016-03-31T00:06:01.117000;2016-03-31T00:06:01.183000;5ab3674d-a29f-420a-afa1-329bc4003a46;413.39;0.012;SELL
2016-03-31T00:06:01.117000;2016-03-31T00:06:01.183000;5b69f187-29d7-4769-9c7c-f7d1e89970d2;413.27;0.5;SELL
2016-03-31T00:06:01.117000;2016-03-31T00:06:01.183000;db0a2608-4aa5-4f12-a570-dfb7736a90b9;413.25;0.0125;SELL
2016-03-31T00:06:01.117000;2016-03-31T00:06:01.197000;f9171378-26bf-4afe-bed1-291b73c69b27;413.22;0.5;SELL
2016-03-31T00:06:01.117000;2016-03-31T00:06:01.197000;b04b023b-dc6e-4ab3-9a30-dc03e63792fb;413.2;0.015;SELL
2016-03-31T00:06:01.117000;2016-03-31T00:06:01.197000;a00e1453-2129-462e-8541-ddf109e86aa4;413.2;0.21;SELL
2016-03-31T00:06:01.117000;2016-03-31T00:06:01.197000;34723481-e5d0-48a3-99c8-39c5f771e37d;413.19;0.03386;SELL
2016-03-31T00:06:32.253000;2016-03-31T00:06:32.290000;be8b4467-1ecd-41c2-a123-213ba6075d0b;413.37;0.01;SELL
2016-03-31T00:06:32.257000;2016-03-31T00:06:32.307000;a9e6d8e9-6ced-4261-8a6f-240b94073191;413.36;0.01;SELL
2016-03-31T00:06:32.257000;2016-03-31T00:06:32.307000;2c08418b-c33d-4c5f-97df-695256067f21;413.35;0.01;SELL
2016-03-31T00:06:32.257000;2016-03-31T00:06:32.307000;04ee3b99-59e3-45ef-9fc6-535c30748305;413.34;0.01;SELL
2016-03-31T00:06:32.257000;2016-03-31T00:06:32.323000;985ee007-7fef-45a7-9769-1992795ce520;413.2;0.13037;SELL
2016-03-31T00:07:03.350000;2016-03-31T00:07:03.400000;1bb02215-5093-461a-8c3a-7de30d5e0586;413.3;0.0262;BUY
2016-03-31T00:07:03.350000;2016-03-31T00:07:03.400000;0fce84b5-40f3-4814-8140-d835ddfe54cd;413.32;0.42368;BUY
2016-03-31T00:07:31.773000;2016-03-31T00:07:31.823000;007b5ed8-ef14-4fc9-82a0-97cb3cb4e1f0;413.3;0.64744;BUY
2016-03-31T00:08:01.153000;2016-03-31T00:08:01.197000;8eafc5d9-3736-45d9-8dc8-fc2982b5cccd;413.28;0.01;SELL
2016-03-31T00:08:01.153000;2016-03-31T00:08:01.213000;ddcef190-964c-44db-96a2-39b31d381971;413.28;0.01;SELL
2016-03-31T00:08:01.153000;2016-03-31T00:08:01.213000;114b405d-14bd-4d5e-8d18-3d001fbdf0cf;413.27;0.01;SELL
2016-03-31T00:08:01.153000;2016-03-31T00:08:01.213000;75afe2ef-c0cd-4da7-aaf2-da21d2bffcf6;413.26;0.01;SELL
2016-03-31T00:08:01.153000;2016-03-31T00:08:01.230000;c2fccce0-97e1-448f-ab99-d7f8133cf02c;413.25;0.01;SELL
2016-03-31T00:08:01.153000;2016-03-31T00:08:01.290000;075e5a05-93fa-4a4b-8bab-ada9b39d4e43;413.21;0.35962266;SELL
2016-03-31T00:08:01.153000;2016-03-31T00:08:01.290000;cb326f3f-8c21-428a-88ac-652d3d322e2f;413.21;0.11220022;SELL
2016-03-31T00:08:01.153000;2016-03-31T00:08:01.290000;9903c283-728b-4c5a-a67d-bbcaeb805c42;413.2;0.5;SELL
2016-03-31T00:08:01.153000;2016-03-31T00:08:01.290000;e3a495b7-8c27-4eb7-a7dc-57db5edb7ca1;413.19;0.46614;SELL
2016-03-31T00:08:01.153000;2016-03-31T00:08:01.290000;5b5ab2da-072c-44fc-9b08-7cc408a36f31;413.18;0.01;SELL
2016-03-31T00:08:01.157000;2016-03-31T00:08:01.290000;4d2b92f7-50e9-449b-8e33-2e794d19cef6;413.18;0.5;SELL
2016-03-31T00:08:01.157000;2016-03-31T00:08:01.290000;e8ed1883-7e19-4e97-9159-eee382ee10c2;413.13;0.5;SELL
2016-03-31T00:08:01.157000;2016-03-31T00:08:01.290000;fdae1572-9911-4247-850e-c3bc7943ef08;413.12;0.5;SELL
2016-03-31T00:08:01.157000;2016-03-31T00:08:01.290000;3d0af1f5-ba5a-4e83-90b0-ec9bf441ec8b;413.1;0.0125;SELL
2016-03-31T00:08:01.157000;2016-03-31T00:08:01.290000;5184f65e-c148-46e4-a3cb-3050d0be5948;413.1;0.01;SELL
2016-03-31T00:08:01.157000;2016-03-31T00:08:01.290000;04fea696-c0e3-4164-8232-7c4fe7a304fb;413.09;0.0125;SELL
2016-03-31T00:08:01.157000;2016-03-31T00:08:01.290000;8c9e210d-ee79-474b-ab83-6a785dd6b89c;413.09;0.01;SELL
2016-03-31T00:08:01.157000;2016-03-31T00:08:01.290000;f313c447-5c95-4f40-bad3-ff92bc58af87;413.08;0.0125;SELL
2016-03-31T00:08:01.157000;2016-03-31T00:08:01.290000;8bbefa4a-df07-4fff-a6b7-c424c3129163;413.08;0.01;SELL
2016-03-31T00:08:01.157000;2016-03-31T00:08:01.290000;6aebe9d9-8e31-4af7-8cd0-7bb27259456d;413.08;0.5;SELL
2016-03-31T00:08:01.157000;2016-03-31T00:08:01.290000;9f0fabc5-8547-4553-b258-bd3b139a37d1;413.07;0.0125;SELL
2016-03-31T00:08:01.157000;2016-03-31T00:08:01.290000;107d4365-b50b-4bb4-bd60-505edb71ffb9;413.06;0.0125;SELL
2016-03-31T00:08:01.157000;2016-03-31T00:08:01.290000;d60ba855-0024-4256-ba71-f364251a0256;413.05;0.0125;SELL
2016-03-31T00:08:01.157000;2016-03-31T00:08:01.290000;bff3bfe6-2213-48fb-bcc5-8bf33472e6cb;413.04;0.0125;SELL
2016-03-31T00:08:01.157000;2016-03-31T00:08:01.307000;e66ccf53-902b-44b9-a738-05375232f9af;413.03;0.0125;SELL
2016-03-31T00:08:01.157000;2016-03-31T00:08:01.307000;8af96acd-176a-4db5-beb5-7542533bbc7e;413.03;0.35;SELL
2016-03-31T00:08:01.157000;2016-03-31T00:08:01.307000;83027733-50d0-42cd-8b7d-59900a74072b;413.02;0.0125;SELL
2016-03-31T00:08:01.157000;2016-03-31T00:08:01.307000;7abb688d-ff79-479f-96cf-8e9776c74aef;413.01;0.0125;SELL
2016-03-31T00:08:01.157000;2016-03-31T00:08:01.307000;b7c105a1-da45-441c-bbaa-b672a66b11e9;413.01;0.5;SELL
2016-03-31T00:08:01.157000;2016-03-31T00:08:01.387000;09895e01-4684-4abe-89e2-7a929dc2b1f8;413.0;0.0125;SELL
2016-03-31T00:08:01.157000;2016-03-31T00:08:01.387000;d1437456-4143-4234-9a02-672c0eb8387c;412.99;0.0125;SELL
2016-03-31T00:08:01.157000;2016-03-31T00:08:01.387000;d2e8bde6-3950-4d55-9394-dcc51ff2cef3;412.98;0.0125;SELL
2016-03-31T00:08:01.160000;2016-03-31T00:08:01.387000;d0ccf08e-19d7-4fa3-8c30-9453a57e4aa0;412.98;0.01;SELL
2016-03-31T00:08:01.160000;2016-03-31T00:08:01.387000;fe6c9fc6-9640-4dfa-956e-878346ffe8d4;412.97;0.0125;SELL
2016-03-31T00:08:01.160000;2016-03-31T00:08:01.387000;a833319e-5ac7-4bcd-82e2-a81c042fab34;412.96;0.0125;SELL
2016-03-31T00:08:01.160000;2016-03-31T00:08:01.387000;c5a37ccd-abec-475a-b6f3-c2a41a4786fd;412.95;0.0125;SELL
2016-03-31T00:08:01.160000;2016-03-31T00:08:01.387000;7ff25918-21bd-4044-8c10-4d8bda3a10b4;412.94;0.0125;SELL
2016-03-31T00:08:01.160000;2016-03-31T00:08:01.387000;1376c206-e726-4876-84e6-d15db302593a;412.94;0.8;SELL
2016-03-31T00:08:01.160000;2016-03-31T00:08:01.387000;634d599f-c59e-4848-a616-39accd56384b;412.93;0.0125;SELL
2016-03-31T00:08:01.160000;2016-03-31T00:08:01.387000;1a6dcb58-3554-4907-aa72-a2e84769cce9;412.93;0.20065712;SELL
2016-03-31T00:08:30.960000;2016-03-31T00:08:30.993000;b03c0d85-95ba-40c8-acac-ed405eade94a;413.03;0.0125;BUY
2016-03-31T00:08:30.960000;2016-03-31T00:08:31.010000;4d832733-d199-4c04-b40e-a8601a6108af;413.03;0.01;BUY
2016-03-31T00:08:30.960000;2016-03-31T00:08:31.010000;aeed42e5-d958-4768-9821-d29c929a896a;413.04;0.0125;BUY
2016-03-31T00:08:30.960000;2016-03-31T00:08:31.010000;8fcd7780-3d24-4656-b8d6-0d080fa29496;413.05;0.0125;BUY
2016-03-31T00:08:30.960000;2016-03-31T00:08:31.027000;1298e884-84ce-4c40-9483-e7f9a4553d16;413.06;0.0125;BUY
2016-03-31T00:08:30.960000;2016-03-31T00:08:31.103000;54d4a9e1-e02c-4ba8-8ed9-6ee638f18b4a;413.07;0.0125;BUY
2016-03-31T00:08:30.960000;2016-03-31T00:08:31.103000;ccc9d607-3fee-4f14-8301-ceae39075fb2;413.07;0.35;BUY
2016-03-31T00:08:30.963000;2016-03-31T00:08:31.103000;99feafe4-b4a0-4c3e-b568-195f98f4d3cb;413.08;0.0125;BUY
2016-03-31T00:08:30.963000;2016-03-31T00:08:31.103000;ffe8d142-cb93-4740-b363-96448f73c130;413.09;0.0125;BUY
2016-03-31T00:08:30.963000;2016-03-31T00:08:31.103000;cf0e66e3-63e2-4037-b5f5-9fbaf046b58c;413.1;0.0125;BUY
2016-03-31T00:08:30.963000;2016-03-31T00:08:31.103000;86b9a3f3-93b1-4eee-a5bb-67bf00c9e659;413.11;0.0125;BUY
2016-03-31T00:08:30.963000;2016-03-31T00:08:31.103000;ef6e6f20-95f7-4133-afdd-b5ba4b561e3e;413.12;0.0125;BUY
2016-03-31T00:08:30.963000;2016-03-31T00:08:31.103000;c45ea81f-09e1-472d-9853-b9d925753b63;413.13;0.0125;BUY
2016-03-31T00:08:30.963000;2016-03-31T00:08:31.103000;81cdb975-7866-417e-a5a7-3f902cdf2325;413.13;0.01;BUY
2016-03-31T00:08:30.963000;2016-03-31T00:08:31.103000;878a76a5-8ec1-461a-9855-5bb207140111;413.14;0.0125;BUY
2016-03-31T00:08:30.963000;2016-03-31T00:08:31.103000;ac9e9c45-719f-45a2-a1f4-beba513d3d81;413.14;0.4;BUY
2016-03-31T00:08:30.963000;2016-03-31T00:08:31.103000;97fa2a13-b053-4b61-9413-12d4a44cd1e1;413.15;0.0125;BUY
2016-03-31T00:08:30.963000;2016-03-31T00:08:31.103000;7fc7d5b0-9cda-41ae-b967-066b3d979d10;413.15;0.8;BUY
2016-03-31T00:08:30.963000;2016-03-31T00:08:31.103000;c65074b2-f3e9-4830-9979-8aecfead6442;413.16;0.0125;BUY
2016-03-31T00:08:30.963000;2016-03-31T00:08:31.103000;760a2919-6d97-4f2e-b13f-66051593a17c;413.16;0.17759;BUY
2016-03-31T00:09:01.253000;2016-03-31T00:09:01.290000;fe3c37ad-9d43-4330-9a50-cc1cbabdc8f4;413.17;0.0125;BUY
2016-03-31T00:09:01.253000;2016-03-31T00:09:01.307000;6b1db1a3-bfb1-49ec-ba67-60517dbb99c5;413.17;0.01;BUY
2016-03-31T00:09:01.257000;2016-03-31T00:09:01.307000;073b5699-cb2f-4fdd-95ec-0b562ab4724a;413.18;0.0125;BUY
2016-03-31T00:09:01.257000;2016-03-31T00:09:01.307000;fa1ace25-b2fe-4600-bd72-c90c3fbadaa7;413.19;0.0125;BUY
2016-03-31T00:09:01.257000;2016-03-31T00:09:01.307000;e5a15a85-18ab-4d08-b67e-11bbb240b91c;413.2;0.00583;BUY
2016-03-31T00:09:30.953000;2016-03-31T00:09:30.980000;9c2996cf-3ffb-48ba-af72-a2138e407119;413.18;0.0163;SELL
2016-03-31T00:09:30.953000;2016-03-31T00:09:30.993000;25d230ad-79ab-4ba1-9ac0-ff9e9cb6ab13;413.16;0.01;SELL
2016-03-31T00:09:30.953000;2016-03-31T00:09:30.993000;669f28f6-924d-4f16-ab5d-1f9ef71b73ea;413.16;0.01;SELL
2016-03-31T00:09:30.953000;2016-03-31T00:09:30.993000;5dc4477e-81ca-4fc4-8a71-e2adc584e0cb;413.15;0.01;SELL
2016-03-31T00:09:30.953000;2016-03-31T00:09:31.027000;dadfbab0-c8f5-4406-8d2b-bd7b2d32459e;413.14;0.01;SELL
2016-03-31T00:09:30.953000;2016-03-31T00:09:31.090000;722205c8-89f3-4784-b30f-7f225321560c;413.13;0.01;SELL
2016-03-31T00:09:30.953000;2016-03-31T00:09:31.090000;1de8c009-4490-4c18-baf1-5df57390d891;413.12;0.01;SELL
2016-03-31T00:09:30.953000;2016-03-31T00:09:31.090000;541f643a-86ca-4ce2-aa52-134dc7cf643f;413.11;2.8265;SELL
2016-03-31T00:10:01.770000;2016-03-31T00:10:01.807000;1cc492a6-a9c3-4c9f-8742-f631ed5d02d1;413.17;0.0177;BUY
2016-03-31T00:10:01.770000;2016-03-31T00:10:01.823000;a7e01376-d9cb-40ae-ab4e-79ab6a100ab4;413.19;0.01;BUY
2016-03-31T00:10:01.770000;2016-03-31T00:10:01.823000;1966e456-8a89-433e-9b58-fed55562571e;413.2;0.00667;BUY
2016-03-31T00:10:01.770000;2016-03-31T00:10:01.823000;d5852058-30ac-4d28-a3e5-e34c89e467d2;413.23;0.5;BUY
2016-03-31T00:10:01.770000;2016-03-31T00:10:01.823000;975a8ed9-8c48-40a8-bde9-8027b73da807;413.25;0.01;BUY
2016-03-31T00:10:01.770000;2016-03-31T00:10:01.823000;d97ec388-09d0-4406-81d5-82ed98578566;413.26;0.01;BUY
2016-03-31T00:10:01.770000;2016-03-31T00:10:01.823000;7c20a31b-704f-4628-a862-3eed5ad00774;413.27;0.01;BUY
2016-03-31T00:10:01.770000;2016-03-31T00:10:01.853000;b5d9f9a2-9ed1-41fe-b2d4-6d294fa3e5fc;413.28;0.01;BUY
2016-03-31T00:10:01.770000;2016-03-31T00:10:01.853000;55ec3df9-0f48-46e4-9f00-c55be42b1417;413.29;0.01;BUY
2016-03-31T00:10:01.773000;2016-03-31T00:10:01.853000;1863c042-74f1-4df2-953c-43d69b7f90cd;413.3;0.8835;BUY
2016-03-31T00:11:01.077000;2016-03-31T00:11:01.103000;c96b735c-bfdd-4cea-bb0e-5072d7e61f1f;413.3;0.14614;BUY
2016-03-31T00:11:25.607000;2016-03-31T00:11:25.637000;21c086e2-24ce-44da-92b7-da07fbe451db;413.3;1.522632;BUY
2016-03-31T00:11:25.607000;2016-03-31T00:11:25.650000;94e9e7a1-91d6-43a1-9b11-0edc50160182;413.32;0.07632;BUY
2016-03-31T00:11:25.607000;2016-03-31T00:11:25.667000;88332830-e921-4efa-a80d-d7f3c1f82b9c;413.32;0.01;BUY
2016-03-31T00:11:25.607000;2016-03-31T00:11:25.667000;4bb6c458-a424-480e-b51e-cf67ee090f90;413.32;0.5;BUY
2016-03-31T00:11:25.607000;2016-03-31T00:11:25.667000;45d267e8-6fdc-4661-a151-809c2902a1ae;413.36;0.02;BUY
2016-03-31T00:11:25.607000;2016-03-31T00:11:25.667000;4e692b20-b502-4d5f-be32-bcac02da52ec;413.38;0.01;BUY
2016-03-31T00:11:28.093000;2016-03-31T00:11:28.120000;e64486b9-ff3c-40ea-9416-625a6080a681;413.39;0.01;BUY
2016-03-31T00:11:30.500000;2016-03-31T00:11:30.543000;95755333-44af-42ac-bc33-54bf4bc70810;413.4;0.01;BUY
2016-03-31T00:11:30.500000;2016-03-31T00:11:30.543000;00585ba8-bcd0-4479-a8a4-f016aef41aae;413.41;0.01;BUY
2016-03-31T00:11:31.353000;2016-03-31T00:11:31.387000;7b3467ad-79ab-42ab-8ebf-ffd9557b2ab0;413.39;2.478;SELL
2016-03-31T00:11:31.353000;2016-03-31T00:11:31.387000;74ed0ae2-d311-4cb9-9ae7-14a5ce4a532a;413.39;0.8;SELL
2016-03-31T00:11:31.353000;2016-03-31T00:11:31.400000;ff9878a8-2ff2-4b4c-978c-03c796068494;413.39;0.2429;SELL
2016-03-31T00:11:31.353000;2016-03-31T00:11:31.400000;b44ec51c-1209-41fc-aca9-99a2448bac3c;413.38;0.8191;SELL
2016-03-31T00:11:33.583000;2016-03-31T00:11:33.620000;68298748-4689-4fe4-847d-564001297777;413.42;0.5;BUY
2016-03-31T00:11:33.583000;2016-03-31T00:11:33.637000;afa792c5-0cb5-4286-9cc9-2dd2cf55790d;413.42;0.5;BUY
2016-03-31T00:11:33.583000;2016-03-31T00:11:33.637000;44e15512-118c-432b-ace7-1166567f89c7;413.42;0.5;BUY
2016-03-31T00:11:33.583000;2016-03-31T00:11:33.637000;6788b691-329c-4236-9f55-dfafd5426ec4;413.44;0.5;BUY
2016-03-31T00:11:33.583000;2016-03-31T00:11:33.637000;4636f2ad-97f6-49e0-909c-95fb52ef2b7b;413.47;0.01;BUY
2016-03-31T00:11:33.583000;2016-03-31T00:11:33.650000;cc3cc047-f984-4a64-8ef5-364a4f1d72ce;413.48;0.01;BUY
2016-03-31T00:11:35.837000;2016-03-31T00:11:35.870000;73f66a3a-44a3-4d46-bc97-68dd988a2d2b;413.49;0.01;BUY
2016-03-31T00:11:35.837000;2016-03-31T00:11:35.870000;f067000c-58ef-4678-a566-3fe1651a9089;413.49;0.23969612;BUY
2016-03-31T00:11:35.837000;2016-03-31T00:11:35.870000;80662877-e560-4f95-906c-80268a762696;413.5;5.24730388;BUY
2016-03-31T00:11:38.120000;2016-03-31T00:11:38.150000;dabaf678-655c-4b7e-89d5-fcb1c0049b9c;413.5;5.255;BUY
2016-03-31T00:11:43.560000;2016-03-31T00:11:43.590000;dabb866e-20ed-47f7-ba53-8e1226d7295d;413.5;5.323;BUY
2016-03-31T00:12:01.453000;2016-03-31T00:12:01.527000;ed079c1f-b51c-47c5-9757-606f8938c9e7;413.5;1.93146;BUY
2016-03-31T00:12:31.327000;2016-03-31T00:12:31.353000;fc590073-1259-4284-a2e7-4a3cfc4e9d98;413.5;0.56314;BUY
2016-03-31T00:13:01.187000;2016-03-31T00:13:01.197000;af03be18-2886-498c-b9bb-2bce690d591b;413.5;0.53744;BUY
2016-03-31T00:13:31.207000;2016-03-31T00:13:31.230000;ddb107c1-211b-40b7-a45f-a6796b94d4a8;413.5;0.74265612;BUY
2016-03-31T00:13:31.207000;2016-03-31T00:13:31.243000;837e33ed-a191-4187-beae-59c248d63a4e;413.5;0.01;BUY
2016-03-31T00:13:31.207000;2016-03-31T00:13:31.243000;a7aededc-10ef-41ce-824a-98e3c4ca5a53;413.51;0.5;BUY
2016-03-31T00:13:31.207000;2016-03-31T00:13:31.243000;a400847d-7556-4785-a246-2be31fb06b4e;413.52;0.01;BUY
2016-03-31T00:13:31.207000;2016-03-31T00:13:31.260000;4c42d27f-f262-426e-8b6d-cbc4bf8c9da9;413.52;0.01;BUY
2016-03-31T00:13:31.210000;2016-03-31T00:13:31.260000;cef4b9c7-3672-4392-9170-36123d6c329c;413.53;0.01;BUY
2016-03-31T00:13:31.210000;2016-03-31T00:13:31.260000;b22649bf-d515-4e4a-bd30-3c53981131d7;413.53;0.01;BUY
2016-03-31T00:13:31.210000;2016-03-31T00:13:31.277000;07ff9b3e-e085-4f4a-8b94-d82bb4307e6d;413.54;0.01;BUY
2016-03-31T00:13:31.210000;2016-03-31T00:13:31.277000;798f8069-e7b2-4f55-b6c6-f607d66f4ab1;413.54;0.01;BUY
2016-03-31T00:13:31.210000;2016-03-31T00:13:31.277000;a1f23bc7-40be-46c5-b1ec-4837857b2631;413.54;0.01;BUY
2016-03-31T00:13:31.210000;2016-03-31T00:13:31.277000;80ca7bcc-9838-4cad-951c-1df47ec8f5f4;413.54;0.01;BUY
2016-03-31T00:13:31.210000;2016-03-31T00:13:31.277000;be3bec8a-7f79-4ed3-905a-6aac8844ab09;413.55;0.01;BUY
2016-03-31T00:13:31.210000;2016-03-31T00:13:31.307000;8a1cbac9-d493-42e7-b5d1-00892a36fe71;413.55;0.01;BUY
2016-03-31T00:13:31.210000;2016-03-31T00:13:31.323000;86e3df01-2dc2-4feb-8a08-d2dcd5c05f3b;413.56;0.68966388;BUY
2016-03-31T00:14:01.500000;2016-03-31T00:14:01.510000;8eda4099-5ed4-404b-add6-3cd3387dd0b5;413.56;0.3458;BUY
2016-03-31T00:14:09.723000;2016-03-31T00:14:09.743000;3cc79ad1-23b4-4875-881e-a3020f8ba95f;413.56;0.1;BUY
2016-03-31T00:14:31.120000;2016-03-31T00:14:31.180000;8ac86bc5-f8fa-4e62-8f11-9329c293b141;413.56;1.02004492;BUY
2016-03-31T00:14:31.120000;2016-03-31T00:14:31.197000;df6fa3dc-e559-44dc-ace7-0781f326f8ca;413.56;0.01;BUY
2016-03-31T00:14:31.120000;2016-03-31T00:14:31.197000;a5e896f8-c756-4440-abab-55b1d7b5885b;413.56;0.01;BUY
2016-03-31T00:14:31.120000;2016-03-31T00:14:31.197000;0ae44e0f-acde-4870-8084-b1d67d4d401c;413.57;0.0125;BUY
2016-03-31T00:14:31.120000;2016-03-31T00:14:31.197000;5a4f7d8d-39bf-4ef8-840c-a07b3692279a;413.57;1.82122508;BUY
2016-03-31T00:15:01.183000;2016-03-31T00:15:01.243000;cc6bb851-4351-4a49-b8d2-f3bcbff571e0;413.56;1.60349;SELL
2016-03-31T00:15:31.343000;2016-03-31T00:15:31.400000;943350c6-3e82-42fb-9141-ed49ec28b5b6;413.57;0.10098381;BUY
2016-03-31T00:15:31.343000;2016-03-31T00:15:31.413000;8fa2fef7-23d7-4f2a-9aab-bd5e637acc4c;413.57;0.01;BUY
2016-03-31T00:15:31.343000;2016-03-31T00:15:31.430000;af1567dd-193a-468b-9161-59a992f79708;413.58;0.0125;BUY
2016-03-31T00:15:31.343000;2016-03-31T00:15:31.430000;e2ceaf09-0f34-4f75-b039-d93177282a48;413.58;0.34210171;BUY
2016-03-31T00:15:31.343000;2016-03-31T00:15:31.430000;a8225ed9-245a-488b-ae9f-4c26ba50de27;413.58;0.07181448;BUY
2016-03-31T00:16:01.200000;2016-03-31T00:16:01.260000;0380095f-dd15-4ae2-9eae-698e13abffc1;413.58;0.03853;BUY
2016-03-31T00:16:31.183000;2016-03-31T00:16:31.243000;4ccd8d6a-4d38-4408-ae20-1c9399423a44;413.58;0.23175723;BUY
2016-03-31T00:16:31.183000;2016-03-31T00:16:31.260000;036e7997-6258-4bda-ac4f-39fe7964a35f;413.58;0.5;BUY
2016-03-31T00:16:31.183000;2016-03-31T00:16:31.260000;29b9500b-d697-4660-9369-c6739697e193;413.58;0.01;BUY
2016-03-31T00:16:31.183000;2016-03-31T00:16:31.273000;00eebe13-62e2-451f-99c9-c8559ccf291a;413.58;0.08044277;BUY
2016-03-31T00:17:07.027000;2016-03-31T00:17:07.087000;2b81a6a3-442e-40dd-a9df-4471b9582b73;413.57;0.21762;SELL
2016-03-31T00:17:40.470000;2016-03-31T00:17:40.523000;269a52e8-c523-42ab-9b30-e2dfc82eafd1;413.58;0.16955723;BUY
2016-03-31T00:17:40.470000;2016-03-31T00:17:40.540000;fed00777-dabf-4886-9e2a-e18ef0dd0523;413.58;0.0265;BUY
2016-03-31T00:17:40.470000;2016-03-31T00:17:40.540000;eca3a4ee-653a-4e35-b392-e7d08502d512;413.58;0.0287;BUY
2016-03-31T00:17:40.470000;2016-03-31T00:17:40.557000;19f3f424-7284-47bb-972d-7ecf9b7119fa;413.58;0.0289;BUY
2016-03-31T00:17:40.470000;2016-03-31T00:17:40.587000;59deb8a2-d5e2-49c9-987d-cc99f313fbf8;413.58;0.0237;BUY
2016-03-31T00:17:40.470000;2016-03-31T00:17:40.617000;fafd53ed-f7de-4a98-9b8a-178d0bbf73de;413.59;0.0125;BUY
2016-03-31T00:17:40.470000;2016-03-31T00:17:40.617000;3d6ea295-6e03-482e-ba72-975dab9674a1;413.59;0.01;BUY
2016-03-31T00:17:40.470000;2016-03-31T00:17:40.617000;1d8076d1-3376-4d36-9b37-2f5800a462db;413.59;0.01;BUY
2016-03-31T00:17:40.470000;2016-03-31T00:17:40.617000;4a9451da-533f-42f8-a7ab-bf89892d04d3;413.6;0.0125;BUY
2016-03-31T00:17:40.470000;2016-03-31T00:17:40.617000;614c213d-2129-4419-90ff-8f9b0b155593;413.6;0.02007329;BUY
2016-03-31T00:17:40.470000;2016-03-31T00:17:40.617000;6ca79185-2953-47f7-97b4-2215ed8ff0ab;413.6;0.01;BUY
2016-03-31T00:17:40.470000;2016-03-31T00:17:40.617000;f12f6e7f-c036-4bde-a59e-9f0229660536;413.6;0.01;BUY
2016-03-31T00:17:40.470000;2016-03-31T00:17:40.617000;5150be46-daa6-47e1-94c0-59999370b0c8;413.61;0.0125;BUY
2016-03-31T00:17:40.470000;2016-03-31T00:17:40.617000;98ea89b1-e0c8-4f00-b526-52ea4b19b61d;413.61;0.01;BUY
2016-03-31T00:17:40.470000;2016-03-31T00:17:40.617000;e91d5b2d-4396-4e39-bcf6-d43d83f3750f;413.62;0.0125;BUY
2016-03-31T00:17:40.470000;2016-03-31T00:17:40.617000;d0cb50cc-60dd-48e5-9b71-f8f4fcc95cda;413.62;0.01;BUY
2016-03-31T00:17:40.470000;2016-03-31T00:17:40.617000;562d047b-60d4-4e9e-9572-509d84a52ecf;413.62;0.5;BUY
2016-03-31T00:17:40.470000;2016-03-31T00:17:40.617000;2ed75542-badc-4dfb-a213-1263e73a655e;413.62;0.5;BUY
2016-03-31T00:17:40.470000;2016-03-31T00:17:40.617000;7731d214-4810-4ddd-af2a-24805ad2cf47;413.62;0.27291948;BUY
2016-03-31T00:17:48.533000;2016-03-31T00:17:48.587000;1def432f-a7db-4be8-921e-fd734c8963a0;413.62;0.084;BUY
2016-03-31T00:17:48.553000;2016-03-31T00:17:48.603000;b44d6600-7012-44a6-a6a3-34740f6a42b4;413.62;0.14308052;BUY
2016-03-31T00:17:48.553000;2016-03-31T00:17:48.603000;fffc8324-ab8b-4d40-8630-019cf6cf24ee;413.63;0.0125;BUY
2016-03-31T00:17:48.553000;2016-03-31T00:17:48.617000;aae8376e-0fcb-4288-86b7-dce3f32a2629;413.63;0.01;BUY
2016-03-31T00:17:48.553000;2016-03-31T00:17:48.633000;e29f0dd9-c43a-4aa6-b514-437e208ecfef;413.63;0.02441948;BUY
2016-03-31T00:18:01.667000;2016-03-31T00:18:01.727000;d9c4d58b-307c-45a6-b725-08497b6d0301;413.62;0.039;SELL
2016-03-31T00:18:01.667000;2016-03-31T00:18:01.743000;830e4d51-767e-4756-9c5e-35a531997ff4;413.62;0.0493;SELL
2016-03-31T00:18:01.667000;2016-03-31T00:18:01.743000;97c9d50f-3061-4dd4-b318-81286c4d2db2;413.62;0.0299;SELL
2016-03-31T00:18:01.667000;2016-03-31T00:18:01.760000;bdf20379-9b75-443b-a86f-dcac21e9093f;413.62;0.15439749;SELL
2016-03-31T00:18:01.667000;2016-03-31T00:18:01.760000;9080646e-09ef-4c10-b634-e6c8ea4ee416;413.62;0.0359;SELL
2016-03-31T00:18:01.667000;2016-03-31T00:18:01.760000;6a581f45-cf27-4057-b9ee-12e25e22d8f9;413.62;0.01;SELL
2016-03-31T00:18:01.667000;2016-03-31T00:18:01.760000;57fc2e85-f4e2-48d2-8bae-513b975ce88e;413.62;0.0347;SELL
2016-03-31T00:18:01.670000;2016-03-31T00:18:01.760000;12b6a29a-a853-4a92-8b7b-1dddcd0ec78d;413.61;0.0263;SELL
2016-03-31T00:18:01.670000;2016-03-31T00:18:01.760000;87386f57-c712-42b1-af75-92f8bd200d84;413.61;1.14944251;SELL
2016-03-31T00:18:31.293000;2016-03-31T00:18:31.353000;496eff37-70af-411c-91ef-bab7d1b1e391;413.63;0.47558052;BUY
2016-03-31T00:18:31.293000;2016-03-31T00:18:31.367000;c26bdf3e-a7a4-41aa-bc37-55c7fd4e5e23;413.63;0.01;BUY
2016-03-31T00:18:31.293000;2016-03-31T00:18:31.367000;b819c7b9-ea08-4a79-8db6-0cf1736eab51;413.63;0.20461948;BUY
2016-03-31T00:19:01.240000;2016-03-31T00:19:01.307000;f0eb7d94-d723-4903-ae60-dff3042d4d10;413.63;0.79538052;BUY
2016-03-31T00:19:01.240000;2016-03-31T00:19:01.307000;90a42f0f-0382-4df6-b705-b4335e9fa555;413.63;0.20461948;BUY
2016-03-31T00:20:01.273000;2016-03-31T00:20:01.320000;5b19961b-2ec2-49bb-98e1-fe4e857bcb47;413.63;0.79538052;BUY
2016-03-31T00:20:01.273000;2016-03-31T00:20:01.337000;d09842df-ad0b-4725-850e-77c4155a65b2;413.63;0.01;BUY
2016-03-31T00:20:01.273000;2016-03-31T00:20:01.337000;67557697-1060-40de-a0df-d96c59f32c35;413.63;0.31886948;BUY
2016-03-31T00:20:31.483000;2016-03-31T00:20:31.523000;ceaed1ad-ca05-4ef1-b766-3bbd430b556a;413.63;0.543;BUY
2016-03-31T00:21:01.303000;2016-03-31T00:21:01.353000;7db312cf-b107-4df5-9e28-2a41b3751098;413.63;0.04388;BUY
2016-03-31T00:21:34.413000;2016-03-31T00:21:34.463000;2b56bdc7-d510-4824-9a03-aa8f8cdf093f;413.62;0.27;SELL
2016-03-31T00:22:01.470000;2016-03-31T00:22:01.523000;90d87912-5900-4531-b8ea-f11b73e6e1ae;413.63;0.05983;BUY
2016-03-31T00:22:31.180000;2016-03-31T00:22:31.213000;ce693ec5-cda5-4d91-8327-1e1c51d69dde;413.62;0.27265;SELL
2016-03-31T00:23:04.050000;2016-03-31T00:23:04.087000;dceb4515-0d08-490c-914e-3cc30cc4309a;413.63;0.03442052;BUY
2016-03-31T00:23:04.050000;2016-03-31T00:23:04.103000;037d57a5-3f84-4fa4-9a8d-7a0a7ba44673;413.63;1.0;BUY
2016-03-31T00:23:04.050000;2016-03-31T00:23:04.103000;0916bfe4-ea82-4115-b309-8d9e1b67334b;413.63;0.38055948;BUY
2016-03-31T00:23:31.213000;2016-03-31T00:23:31.243000;1649dac3-d8ee-4660-a561-6635296707e1;413.62;0.56021003;SELL
2016-03-31T00:23:31.213000;2016-03-31T00:23:31.260000;a5b87f48-d68e-43b5-a1b3-6d2e148a2899;413.62;0.52247997;SELL
2016-03-31T00:24:08.317000;2016-03-31T00:24:08.353000;242ca40a-f8b0-4569-aeac-f6801e1caf29;413.63;0.07131;BUY
2016-03-31T00:24:31.503000;2016-03-31T00:24:31.540000;9bb68c8e-3c94-41bc-ad61-d265a6b73ef5;413.63;0.54813052;BUY
2016-03-31T00:24:31.503000;2016-03-31T00:24:31.557000;073e1f3f-af75-41c5-ac09-21b6cac12b5d;413.63;0.21544948;BUY
2016-03-31T00:25:01.263000;2016-03-31T00:25:01.290000;aba5e679-dd7c-4e2b-a180-cee44577efe6;413.63;0.78455052;BUY
2016-03-31T00:25:01.263000;2016-03-31T00:25:01.307000;fae66177-f4ce-4144-b74b-37be1dc71d00;413.63;0.20859948;BUY
2016-03-31T00:25:18.773000;2016-03-31T00:25:18.807000;ae842137-1718-4307-8dea-8fde5c15be78;413.63;0.24;BUY
2016-03-31T00:25:32.450000;2016-03-31T00:25:32.493000;210307d7-db83-476a-b69d-e91005bab17d;413.62;0.01075754;SELL
2016-03-31T00:25:32.450000;2016-03-31T00:25:32.510000;d36cf45e-518c-407d-8472-dce53a20c277;413.62;0.52991924;SELL
2016-03-31T00:25:32.450000;2016-03-31T00:25:32.510000;d9a9ed51-880e-4adc-91ef-971c3d9e7710;413.62;0.08950867;SELL
2016-03-31T00:25:32.450000;2016-03-31T00:25:32.510000;910e3aec-97ca-44c4-92a1-fa5168a53169;413.62;0.20573953;SELL
2016-03-31T00:25:32.450000;2016-03-31T00:25:32.523000;4d84a76e-8814-485f-be1b-ee77739f299a;413.62;0.01;SELL
2016-03-31T00:25:32.450000;2016-03-31T00:25:32.587000;013badb3-7579-4322-949c-347abfc523c6;413.62;0.01;SELL
2016-03-31T00:25:32.450000;2016-03-31T00:25:32.587000;69b5cc22-1478-474c-8af7-1b7dfdc719f8;413.62;0.92627294;SELL
2016-03-31T00:25:32.453000;2016-03-31T00:25:32.587000;1fbd5be9-eafa-4ef8-a51a-e6c2ba3278f2;413.62;0.79612208;SELL
2016-03-31T00:26:05.830000;2016-03-31T00:26:05.853000;f14eb2f7-5bdc-4ba6-96ae-c536e461639e;413.63;0.55140052;BUY
2016-03-31T00:26:05.830000;2016-03-31T00:26:05.883000;97a08755-a36f-46d1-ba10-cebdd0540dcc;413.63;0.85913948;BUY
2016-03-31T00:26:36.873000;2016-03-31T00:26:36.917000;eac589bc-bee9-407b-bc3e-e037251701da;413.62;0.72615045;SELL
2016-03-31T00:26:36.873000;2016-03-31T00:26:36.917000;4d97d5c8-618d-4051-ac6b-50e8983d95a3;413.62;0.01;SELL
2016-03-31T00:26:36.873000;2016-03-31T00:26:36.917000;55263227-b162-43ea-b2d9-7328ce7eb5fc;413.62;0.01;SELL
2016-03-31T00:26:36.873000;2016-03-31T00:26:36.917000;284453b3-a1c3-4c49-8fa6-c0d9e2f2c37f;413.62;1.08049955;SELL
2016-03-31T00:27:07.837000;2016-03-31T00:27:07.867000;5dd53e39-2dd7-44e4-8d5a-461fee1dfeda;413.63;0.14086052;BUY
2016-03-31T00:27:07.837000;2016-03-31T00:27:07.883000;0fcb0e82-f521-4910-ad74-2b862454e453;413.63;1.0;BUY
2016-03-31T00:27:07.837000;2016-03-31T00:27:07.883000;af1a394e-e43a-43e0-a2a7-8ae03f26c862;413.63;2.00079799;BUY
2016-03-31T00:27:07.837000;2016-03-31T00:27:07.883000;abbda7c8-1381-4b49-9780-9b233b99d11d;413.63;0.02075149;BUY
2016-03-31T00:27:32.157000;2016-03-31T00:27:32.197000;251e8e07-48e4-48d9-9b56-2488001ba413;413.64;0.0125;BUY
2016-03-31T00:27:32.157000;2016-03-31T00:27:32.197000;37b814a2-7b23-446d-a71a-edb27ab3bb6c;413.64;0.01;BUY
2016-03-31T00:27:32.157000;2016-03-31T00:27:32.227000;d97a4072-cf18-4412-94c5-73e31ec8f7d2;413.64;0.01;BUY
2016-03-31T00:27:32.157000;2016-03-31T00:27:32.227000;f422824b-58bf-4704-83fc-33ca944af75b;413.64;0.0580443;BUY
2016-03-31T00:27:32.157000;2016-03-31T00:27:32.227000;4137e1d9-d131-44a7-8c63-c7092d4faac9;413.64;0.3163657;BUY
2016-03-31T00:28:22.883000;2016-03-31T00:28:22.930000;c253c9a0-1034-4197-a019-fd03230071ce;413.65;0.0125;BUY
2016-03-31T00:28:22.883000;2016-03-31T00:28:22.930000;991afca3-20d6-477b-a99d-6302d4f76dd1;413.65;0.01;BUY
2016-03-31T00:28:22.883000;2016-03-31T00:28:22.930000;fe56c0c4-3fb5-475b-81e2-424f386880e2;413.65;0.0255;BUY
2016-03-31T00:28:22.927000;2016-03-31T00:28:22.977000;97f06e59-a8cf-4a2c-b7dc-c4ddf3c42a1c;413.65;0.052;BUY
2016-03-31T00:28:22.993000;2016-03-31T00:28:23.023000;72c6a1cc-949a-4bee-9ec2-eefb8a4a29c9;413.65;0.03;BUY
2016-03-31T00:28:33.673000;2016-03-31T00:28:33.713000;7112a500-3868-4e5c-8a2b-99d0cb205c0d;413.65;0.6925;BUY
2016-03-31T00:28:33.673000;2016-03-31T00:28:33.713000;41ad99c1-435f-4146-a1b6-36f335bb2ada;413.66;0.0125;BUY
2016-03-31T00:28:33.673000;2016-03-31T00:28:33.713000;30081adb-26b8-4aca-b039-42f41456f362;413.66;0.29959;BUY
2016-03-31T00:29:03.127000;2016-03-31T00:29:03.150000;7093fa78-11d8-403a-93d5-be788585d094;413.66;0.36081;BUY
2016-03-31T00:29:33.537000;2016-03-31T00:29:33.580000;e421299c-87e4-4550-b4a8-7e8ad2d2c0e8;413.66;0.34693;BUY
2016-03-31T00:30:31.577000;2016-03-31T00:30:31.613000;d0722def-4855-405b-a76f-1ab71b5ba454;413.66;0.54939;BUY
2016-03-31T00:31:04.010000;2016-03-31T00:31:04.050000;b8e7958d-9c51-4b35-8934-87d49f34d30d;413.66;0.72523;BUY
2016-03-31T00:31:31.443000;2016-03-31T00:31:31.503000;afffb316-9f52-42fe-b9b3-ca4d581ae392;413.66;7.3628;BUY
2016-03-31T00:31:31.443000;2016-03-31T00:31:31.533000;2afb24a8-a01e-4e90-bbc6-11ecc9d76660;413.66;0.75;BUY
2016-03-31T00:31:31.443000;2016-03-31T00:31:31.533000;01acecd1-ada9-44d7-908b-f0b449d76dad;413.67;0.0125;BUY
2016-03-31T00:31:31.443000;2016-03-31T00:31:31.533000;5e5be49b-22d2-43d3-8706-7097fccf598d;413.67;1.0;BUY
2016-03-31T00:31:31.443000;2016-03-31T00:31:31.550000;dd3868f0-a2f1-4001-9d5c-7e23e73bf1eb;413.67;0.01;BUY
2016-03-31T00:31:31.443000;2016-03-31T00:31:31.550000;a37bf115-9b18-4a27-970e-19231db835a6;413.68;0.0125;BUY
2016-03-31T00:31:31.443000;2016-03-31T00:31:31.550000;3540c8ea-e565-4148-8223-1913b9bc2c64;413.68;0.5;BUY
2016-03-31T00:31:31.443000;2016-03-31T00:31:31.567000;41b0a7a8-1cb6-41cc-aea3-1f436f3b2c09;413.68;0.5;BUY
2016-03-31T00:31:31.443000;2016-03-31T00:31:31.567000;4040a260-e2bf-4085-aab6-dc56c794de43;413.68;0.5;BUY
2016-03-31T00:31:31.443000;2016-03-31T00:31:31.567000;d41809c0-36fb-4cf0-a56f-e4380311a74b;413.69;0.0125;BUY
2016-03-31T00:31:31.443000;2016-03-31T00:31:31.580000;320b6ab0-f33b-4746-9e4a-44b92cf023d8;413.7;0.01;BUY
2016-03-31T00:31:31.443000;2016-03-31T00:31:31.580000;3148b90f-cca3-40e6-992a-d716638e8e32;413.7;0.0125;BUY
2016-03-31T00:31:31.443000;2016-03-31T00:31:31.597000;21459b27-102a-47e7-8547-6ebfb6742190;413.7;0.02009734;BUY
2016-03-31T00:31:31.443000;2016-03-31T00:31:31.597000;10d64e84-33c6-486d-9ad9-f70ff8310e49;413.7;0.5;BUY
2016-03-31T00:31:31.443000;2016-03-31T00:31:31.597000;7ad1654f-a5c5-4df1-ad82-bb2b4b0bceb5;413.7;0.5;BUY
2016-03-31T00:31:31.443000;2016-03-31T00:31:31.597000;1fcece87-2dc3-46dd-8551-b94d101a1144;413.7;0.5;BUY
2016-03-31T00:31:31.447000;2016-03-31T00:31:31.613000;97b4ece8-89a2-4bb4-a42b-8dbeb76e5b87;413.7;0.02;BUY
2016-03-31T00:31:31.447000;2016-03-31T00:31:31.627000;9b9d1f38-9224-4023-b180-7c4f983c67b5;413.71;0.0125;BUY
2016-03-31T00:31:31.447000;2016-03-31T00:31:31.627000;cf5e163b-e4e1-4746-a54e-1e15bc29b61f;413.72;0.0125;BUY
2016-03-31T00:31:31.447000;2016-03-31T00:31:31.627000;ad5984b4-00be-41e7-a271-696836c267c3;413.72;0.1;BUY
2016-03-31T00:31:31.447000;2016-03-31T00:31:31.660000;c35d0d1b-5a2e-4713-aa55-80570c8383cf;413.73;0.0125;BUY
2016-03-31T00:31:31.447000;2016-03-31T00:31:31.660000;47f14a42-98f2-474c-b0c7-6b1862f88c77;413.73;0.5;BUY
2016-03-31T00:31:31.447000;2016-03-31T00:31:31.660000;c2afd69b-8127-4656-9d84-e9d7b9be4c71;413.74;0.0125;BUY
2016-03-31T00:31:31.447000;2016-03-31T00:31:31.660000;daa0ac71-22d5-429c-889e-ba0744d2580d;413.74;0.01;BUY
2016-03-31T00:31:31.447000;2016-03-31T00:31:31.660000;082a56d6-9faf-4f17-9e83-21b3477b35b9;413.74;0.5;BUY
2016-03-31T00:31:31.447000;2016-03-31T00:31:31.673000;200d5bf0-f924-4a01-a360-2180d87e7d16;413.74;0.5;BUY
2016-03-31T00:31:31.447000;2016-03-31T00:31:31.673000;33cf1761-b6ce-43d1-babc-1fdb3fc0df0b;413.74;0.5;BUY
2016-03-31T00:31:31.447000;2016-03-31T00:31:31.673000;39ad9436-aaef-4c3d-a666-2471440d3e54;413.74;0.5;BUY
2016-03-31T00:31:31.447000;2016-03-31T00:31:31.673000;44c23fce-15df-4f0a-a7cd-d785ead21d1a;413.75;0.0125;BUY
2016-03-31T00:31:31.447000;2016-03-31T00:31:31.690000;820716da-533c-423a-82d8-8dae747b9b3c;413.75;0.09045798;BUY
2016-03-31T00:31:31.447000;2016-03-31T00:31:31.690000;9b7af3d9-c275-4f95-b4d9-b4a43b9950a9;413.75;0.5;BUY
2016-03-31T00:31:31.447000;2016-03-31T00:31:31.690000;bc390aff-439c-41cc-9960-b098b133ef7e;413.75;0.5;BUY
2016-03-31T00:31:31.447000;2016-03-31T00:31:31.690000;ca7eede6-fba0-44a1-a736-7dc4eb2e44ed;413.75;0.5;BUY
2016-03-31T00:31:31.447000;2016-03-31T00:31:31.690000;43234a26-a208-4232-bef2-26fcbb4a069a;413.75;0.5;BUY
2016-03-31T00:31:31.447000;2016-03-31T00:31:31.723000;80d3cf18-02ad-40a6-9ea8-98d20b394720;413.75;0.5;BUY
2016-03-31T00:31:31.447000;2016-03-31T00:31:31.723000;bd738ba8-9fe0-49be-b7de-57764fb5fe2e;413.75;0.5;BUY
2016-03-31T00:31:31.447000;2016-03-31T00:31:31.723000;241b1520-b191-4d13-a919-53c03310b387;413.75;0.5;BUY
2016-03-31T00:31:31.447000;2016-03-31T00:31:31.723000;2f6e92f4-55fe-4153-970f-74233d1080c5;413.75;0.5;BUY
2016-03-31T00:31:31.447000;2016-03-31T00:31:31.723000;49b06afa-4d17-440e-bc9b-82bba8c3d89b;413.75;0.5;BUY
2016-03-31T00:31:31.450000;2016-03-31T00:31:31.737000;8079e9d8-1234-477b-935d-90ec199a9326;413.75;0.5;BUY
2016-03-31T00:31:31.450000;2016-03-31T00:31:31.737000;159ddafe-eb0c-4062-b0b6-ab32afa7aa40;413.75;0.5;BUY
2016-03-31T00:31:31.450000;2016-03-31T00:31:31.737000;860ff6fe-ac7d-496d-8107-6c674ee6d3c0;413.76;0.0125;BUY
2016-03-31T00:31:31.450000;2016-03-31T00:31:31.737000;8a18e940-c37e-42df-af69-7788ce719d5f;413.76;0.5;BUY
2016-03-31T00:31:31.450000;2016-03-31T00:31:31.737000;13c3db4c-496e-454a-8330-2bc47757b42e;413.77;0.0125;BUY
2016-03-31T00:31:31.450000;2016-03-31T00:31:31.753000;eb3ca470-b698-4fd2-bc45-252c21f7a50a;413.77;0.01;BUY
2016-03-31T00:31:31.450000;2016-03-31T00:31:31.753000;f72d9d2c-f696-42b1-a14d-c90ed590e780;413.77;0.5;BUY
2016-03-31T00:31:31.450000;2016-03-31T00:31:31.753000;ceb113b0-b4be-4b30-89dc-8172b6fa6e12;413.78;0.0125;BUY
2016-03-31T00:31:31.450000;2016-03-31T00:31:31.753000;2d4263fc-5809-483a-b58e-b8f961ecbdc6;413.8;0.02004847;BUY
2016-03-31T00:31:31.450000;2016-03-31T00:31:31.770000;98503fd0-9956-4703-aa10-9ede2ac9d81d;413.8;0.1;BUY
2016-03-31T00:31:31.450000;2016-03-31T00:31:31.770000;93919812-607f-453b-aef8-d8bfb1f2a869;413.8;0.01;BUY
2016-03-31T00:31:31.450000;2016-03-31T00:31:31.770000;d345bb88-6de5-482c-85a3-e0691c0eb98e;413.82;0.0125;BUY
2016-03-31T00:31:31.450000;2016-03-31T00:31:31.770000;91ab0de7-bc31-4867-9d15-d04ed275fb69;413.83;0.0125;BUY
2016-03-31T00:31:31.450000;2016-03-31T00:31:31.770000;836dcd95-b70b-47fa-a0a7-8085eb7105b2;413.83;0.01;BUY
2016-03-31T00:31:31.450000;2016-03-31T00:31:31.783000;195c8868-187b-488d-b426-8e2d635773fb;413.84;0.0125;BUY
2016-03-31T00:31:31.450000;2016-03-31T00:31:31.783000;3c1907fb-d5e5-403e-9ad5-091ccfa47de8;413.85;0.0125;BUY
2016-03-31T00:31:31.450000;2016-03-31T00:31:31.783000;ec360586-5348-43ed-a03f-54206cf39acb;413.86;0.00376;BUY
2016-03-31T00:31:31.450000;2016-03-31T00:31:31.800000;b1b500dc-a625-4fa8-8f50-00b2901d54b5;413.86;0.0125;BUY
2016-03-31T00:31:31.450000;2016-03-31T00:31:31.800000;1eeeb53d-0232-48ce-bcba-ad60576b5739;413.86;0.0125;BUY
2016-03-31T00:31:31.453000;2016-03-31T00:31:31.800000;b985a048-e574-49fc-a380-a84eb278a8d9;413.86;0.0125;BUY
2016-03-31T00:31:31.453000;2016-03-31T00:31:31.800000;9cde0ebf-2224-42f6-96ef-1ac346c9cdff;413.86;0.0125;BUY
2016-03-31T00:31:31.453000;2016-03-31T00:31:31.800000;b68f10f0-a903-4e27-bc8a-eef84c89881a;413.86;0.0125;BUY
2016-03-31T00:31:31.453000;2016-03-31T00:31:31.830000;0d9e2e8f-c85a-4d45-bfe1-277e61adc8a4;413.86;0.0125;BUY
2016-03-31T00:31:31.453000;2016-03-31T00:31:31.830000;4640e2c8-b283-4746-8a1c-fa1b08f13679;413.86;0.0125;BUY
2016-03-31T00:31:31.453000;2016-03-31T00:31:31.830000;48fbde66-2a98-4418-b662-cdc4ac0552d6;413.86;0.0125;BUY
2016-03-31T00:31:31.453000;2016-03-31T00:31:31.847000;0371313a-feeb-4674-be5d-0bf84ec8ea14;413.86;0.0125;BUY
2016-03-31T00:31:31.453000;2016-03-31T00:31:31.847000;204d95a2-deb1-43ab-8afb-fb07642271c2;413.86;0.0125;BUY
2016-03-31T00:31:31.453000;2016-03-31T00:31:31.847000;db7f0907-8d70-487f-b1dd-23d6227e4849;413.86;0.0125;BUY
2016-03-31T00:31:31.453000;2016-03-31T00:31:31.847000;b5faf562-6f80-4e90-a07f-0fe47b9e1b73;413.86;0.0125;BUY
2016-03-31T00:31:31.453000;2016-03-31T00:31:31.847000;00e6fe7c-174f-4672-9b20-a82d757745c2;413.86;0.0125;BUY
2016-03-31T00:31:31.453000;2016-03-31T00:31:31.847000;fa01c7e4-39f0-42fe-ad2b-c4bb3b59d50b;413.86;0.0125;BUY
2016-03-31T00:31:31.453000;2016-03-31T00:31:31.847000;e0087021-1ce4-472e-a473-0a666cb22bfc;413.86;0.0125;BUY
2016-03-31T00:31:31.453000;2016-03-31T00:31:31.863000;2696c981-801a-40ee-9dc9-8400eb3cf691;413.86;0.0125;BUY
2016-03-31T00:31:31.453000;2016-03-31T00:31:31.863000;72cb9276-53f7-485f-9eae-f26bede834bf;413.86;0.0125;BUY
2016-03-31T00:31:31.453000;2016-03-31T00:31:31.863000;43269901-2e61-4399-9fc2-e8731f291b18;413.86;0.0125;BUY
2016-03-31T00:31:31.453000;2016-03-31T00:31:31.863000;d931f9cc-61d5-41dd-8c93-a10bd8127fc1;413.86;0.0125;BUY
2016-03-31T00:31:31.453000;2016-03-31T00:31:31.863000;460ce4d3-b6fc-4362-9a7b-9a1bc3b3fd58;413.86;0.0125;BUY
2016-03-31T00:31:31.453000;2016-03-31T00:31:31.877000;de99fa31-b531-4528-a94e-e7b56beceb95;413.86;0.0125;BUY
2016-03-31T00:31:31.453000;2016-03-31T00:31:31.877000;80c491ca-6103-4df2-b653-30485d99c844;413.86;0.0125;BUY
2016-03-31T00:31:31.457000;2016-03-31T00:31:31.877000;3dd3cc07-d199-41f7-ba24-faeafcc3aea1;413.86;0.0125;BUY
2016-03-31T00:31:31.457000;2016-03-31T00:31:31.910000;3af2680b-3884-4806-a786-7fba24b41fa8;413.86;0.0125;BUY
2016-03-31T00:31:31.457000;2016-03-31T00:31:31.910000;c58d157d-e552-47f2-8cfe-a92231f82c08;413.86;0.0125;BUY
2016-03-31T00:31:31.457000;2016-03-31T00:31:31.910000;4fbcd6aa-46c7-4777-b16f-0d700f469606;413.86;0.0125;BUY
2016-03-31T00:31:31.457000;2016-03-31T00:31:31.910000;dccd5d76-9aad-4afa-a309-675a096444ba;413.87;0.0125;BUY
2016-03-31T00:31:31.457000;2016-03-31T00:31:31.910000;fb32a6d1-208d-4c32-bd47-d251d8103a40;413.87;0.0125;BUY
2016-03-31T00:31:31.457000;2016-03-31T00:31:31.910000;2a2efe1f-740c-44bd-9a6b-d91e281d2b96;413.88;0.0125;BUY
2016-03-31T00:31:31.457000;2016-03-31T00:31:31.910000;df77beee-4585-444c-a854-072f140c297c;413.88;0.0125;BUY
2016-03-31T00:31:31.457000;2016-03-31T00:31:31.923000;e36df64b-7cda-4a8b-8483-a6dd59f7f74d;413.89;0.0125;BUY
2016-03-31T00:31:31.457000;2016-03-31T00:31:31.923000;ce2ac8ab-8f9c-4dfc-ba92-6c8037130a42;413.89;0.0125;BUY
2016-03-31T00:31:31.457000;2016-03-31T00:31:31.923000;b79abb09-0beb-44fe-b6ce-cef22a2e3dc0;413.9;0.0125;BUY
2016-03-31T00:31:31.457000;2016-03-31T00:31:31.923000;b270d84f-c234-42ff-af4a-abadb4132097;413.9;0.0125;BUY
2016-03-31T00:31:31.457000;2016-03-31T00:31:31.940000;41982867-a830-48b6-a7db-ad5c56edde8a;413.9;0.02004895;BUY
2016-03-31T00:31:31.457000;2016-03-31T00:31:31.957000;bb9f5d63-5e92-4826-a5c4-01ab6a174bd2;413.91;0.0125;BUY
2016-03-31T00:31:31.457000;2016-03-31T00:31:31.957000;0bd1c9ff-9067-456d-84bc-c3b9abe8615f;413.91;0.01034474;BUY
2016-03-31T00:31:31.457000;2016-03-31T00:31:31.957000;bd523267-0f9a-441c-bc7f-44a2e62fd435;413.92;0.0125;BUY
2016-03-31T00:31:31.457000;2016-03-31T00:31:31.957000;9951dd92-eba8-4e87-9dbc-135504dcec33;413.93;0.0125;BUY
2016-03-31T00:31:31.457000;2016-03-31T00:31:31.957000;f03c62c7-75c7-467d-b166-28a81239eff9;413.93;0.35;BUY
2016-03-31T00:31:31.457000;2016-03-31T00:31:31.973000;3f2635ab-cdb7-4c37-8f21-b823c3eef9fd;413.94;0.0125;BUY
2016-03-31T00:31:31.457000;2016-03-31T00:31:31.973000;806bb894-dbed-4ec6-a902-f2fc35eb970f;413.94;0.01;BUY
2016-03-31T00:31:31.457000;2016-03-31T00:31:31.973000;af14d084-b6ec-4fd1-9c91-3d0c11ffaa8f;413.95;0.0125;BUY
2016-03-31T00:31:31.457000;2016-03-31T00:31:31.987000;bbe8b684-66d3-405b-ac8e-71a8b55e8e10;413.95;0.01;BUY
2016-03-31T00:31:31.460000;2016-03-31T00:31:31.987000;88418973-6940-4b94-9197-85151fa67d9d;413.96;0.0125;BUY
2016-03-31T00:31:31.460000;2016-03-31T00:31:31.987000;cc96296e-1fa1-4eb4-b788-2b02b9a72355;413.97;0.0125;BUY
2016-03-31T00:31:31.460000;2016-03-31T00:31:31.987000;c9a06f27-bd08-4d6d-9ffb-2e699172e568;413.98;0.0125;BUY
2016-03-31T00:31:31.460000;2016-03-31T00:31:31.987000;9de07d84-cc8d-4941-b45b-62e24f8e54d4;413.99;0.0125;BUY
2016-03-31T00:31:31.460000;2016-03-31T00:31:31.987000;5b6e3204-78ca-42e2-bf71-9c5689027e3e;413.99;0.01;BUY
2016-03-31T00:31:31.460000;2016-03-31T00:31:31.987000;0df6ba6e-1fd3-4faa-af9d-5cfd57c1ed97;413.99;0.02;BUY
2016-03-31T00:31:31.460000;2016-03-31T00:31:32.003000;3ed0c678-a49d-406e-9d3f-61c1333a7795;414.0;0.0125;BUY
2016-03-31T00:31:31.460000;2016-03-31T00:31:32.003000;d793df2f-3bdf-481e-9c4d-02492d6c19e3;414.0;0.02009775;BUY
2016-03-31T00:31:31.460000;2016-03-31T00:31:32.003000;2ab9681f-f355-4ba4-82e6-e4d43d3f35a2;414.0;0.01;BUY
2016-03-31T00:31:31.460000;2016-03-31T00:31:32.003000;bad25aae-4e84-4ea0-a298-53a620839e40;414.0;0.5;BUY
2016-03-31T00:31:31.460000;2016-03-31T00:31:32.003000;5f395c51-8fed-475b-8a2c-717efbf230f4;414.0;0.1;BUY
2016-03-31T00:31:31.460000;2016-03-31T00:31:32.020000;72e3410d-5b43-42b0-ac2a-0c02c24ce882;414.0;0.1;BUY
2016-03-31T00:31:31.460000;2016-03-31T00:31:32.020000;09c163b7-a238-4860-b9f7-179951b9ee1c;414.0;0.367;BUY
2016-03-31T00:31:31.460000;2016-03-31T00:31:32.020000;ff07ddda-1727-4486-9205-ce01813e3d61;414.0;0.01;BUY
2016-03-31T00:31:31.460000;2016-03-31T00:31:32.020000;7846e515-48d2-432d-a08e-d43cf448919e;414.0;5.3;BUY
2016-03-31T00:31:31.460000;2016-03-31T00:31:32.050000;9811ca71-0745-4b9e-b262-6e5296c1d999;414.01;0.0125;BUY
2016-03-31T00:31:31.460000;2016-03-31T00:31:32.050000;723300e3-85d6-4b8e-b9dc-c12e05ae4452;414.01;0.01;BUY
2016-03-31T00:31:31.460000;2016-03-31T00:31:32.050000;55655577-b3ec-4784-a572-d586f1f2843d;414.02;0.0125;BUY
2016-03-31T00:31:31.460000;2016-03-31T00:31:32.050000;12c0eab9-786e-4a53-b1b9-0d6f8beffe12;414.03;0.0125;BUY
2016-03-31T00:31:31.460000;2016-03-31T00:31:32.050000;14bf625c-2a94-4cd0-bace-942e9bb5e263;414.04;0.0125;BUY
2016-03-31T00:31:31.460000;2016-03-31T00:31:32.050000;0c6387c6-bc74-41ca-8d7f-dfb891ec4bbd;414.05;0.0125;BUY
2016-03-31T00:31:31.460000;2016-03-31T00:31:32.067000;2801d936-7df6-4897-b457-d3d9b798d122;414.06;0.0125;BUY
2016-03-31T00:31:31.460000;2016-03-31T00:31:32.067000;588aa1a2-31ee-4514-9934-f3a572bd8c49;414.06;0.01055661;BUY
2016-03-31T00:31:31.463000;2016-03-31T00:31:32.067000;dbf04582-2773-4b6b-90a3-b723994d2a02;414.07;0.0125;BUY
2016-03-31T00:31:31.463000;2016-03-31T00:31:32.067000;40fd4c72-7821-450d-8f70-fa103ae66a22;414.08;0.01;BUY
2016-03-31T00:31:31.463000;2016-03-31T00:31:32.067000;359a075c-9f42-4a8d-9615-19c84b602a3a;414.08;0.0125;BUY
2016-03-31T00:31:31.463000;2016-03-31T00:31:32.067000;1a47b94f-296a-437d-98e7-5b468923367a;414.09;0.0125;BUY
2016-03-31T00:31:31.463000;2016-03-31T00:31:32.080000;8131539c-51aa-4d74-8b92-504fb39b7098;414.1;0.0125;BUY
2016-03-31T00:31:31.463000;2016-03-31T00:31:32.080000;f720943e-aacd-4124-9d97-7a4e8f21bbfe;414.1;0.02012134;BUY
2016-03-31T00:31:31.463000;2016-03-31T00:31:32.080000;f8e41111-4b8a-4cf1-b31b-7ca8ed0a463b;414.11;0.0125;BUY
2016-03-31T00:31:31.463000;2016-03-31T00:31:32.080000;72abc070-a29b-45c7-9ca1-e186135be279;414.12;0.0125;BUY
2016-03-31T00:31:31.463000;2016-03-31T00:31:32.097000;7fd34047-1cf0-4ad8-95bc-ea1b90759ea7;414.13;0.0125;BUY
2016-03-31T00:31:31.463000;2016-03-31T00:31:32.097000;adbf3f57-e4ab-40fd-8b9d-eae7be354214;414.14;0.0125;BUY
2016-03-31T00:31:31.463000;2016-03-31T00:31:32.097000;c8783da4-d187-4713-b0f2-738f6686cdc8;414.15;0.0125;BUY
2016-03-31T00:31:31.463000;2016-03-31T00:31:32.097000;a9929c78-b275-4a50-a0af-6b0116488d36;414.15;0.01;BUY
2016-03-31T00:31:31.463000;2016-03-31T00:31:32.113000;80c4772f-ff19-4684-b492-138f3cc7558d;414.16;0.0125;BUY
2016-03-31T00:31:31.463000;2016-03-31T00:31:32.127000;bd5eaf18-8939-4d17-bac0-f9f6dcc713b3;414.17;0.0125;BUY
2016-03-31T00:31:31.463000;2016-03-31T00:31:32.127000;17bb5f14-94ad-4322-a6f6-25ab7dc54f9f;414.18;0.0125;BUY
2016-03-31T00:31:31.463000;2016-03-31T00:31:32.143000;081267e3-4bd4-43f1-9ac9-b6dd03d770ed;414.18;0.01055661;BUY
2016-03-31T00:31:31.463000;2016-03-31T00:31:32.143000;59761cd8-a9d5-4020-9732-15893b3aeb38;414.19;0.42511199;BUY
2016-03-31T00:31:31.463000;2016-03-31T00:31:32.143000;18b90c45-cb4e-48fe-a29e-4cfa9c9ebafc;414.19;0.10627799;BUY
2016-03-31T00:31:31.463000;2016-03-31T00:31:32.143000;c2bd6afe-a8a0-491e-ae29-f66c2897d9a5;414.19;0.10627799;BUY
2016-03-31T00:31:31.463000;2016-03-31T00:31:32.143000;b91bbb62-b82f-4fbe-9b52-a71c67b3397a;414.19;0.01;BUY
2016-03-31T00:31:31.463000;2016-03-31T00:31:32.143000;fd8484ff-091f-4a9b-8925-b1180a0db492;414.2;0.0125;BUY
2016-03-31T00:31:31.463000;2016-03-31T00:31:32.143000;4b3ec806-1957-4aba-a77c-d7d5546c558b;414.2;0.02012227;BUY
2016-03-31T00:31:31.467000;2016-03-31T00:31:32.160000;99a6a295-a930-4862-8a13-cf2e8e82e9f1;414.2;0.01;BUY
2016-03-31T00:31:31.467000;2016-03-31T00:31:32.160000;ae9f3541-cd05-49e9-87a9-ea16d50b6c42;414.21;0.0125;BUY
2016-03-31T00:31:31.467000;2016-03-31T00:31:32.173000;a55d2592-e0c1-4989-ace8-bcd08c349d87;414.22;0.0125;BUY
2016-03-31T00:31:31.467000;2016-03-31T00:31:32.173000;81fa42bb-173a-4ae5-bff4-9ab7a38788fb;414.23;0.0125;BUY
2016-03-31T00:31:31.467000;2016-03-31T00:31:32.173000;cc99ff03-778d-4a33-8cee-830b7bcd2ad9;414.24;0.0125;BUY
2016-03-31T00:31:31.467000;2016-03-31T00:31:32.173000;c5ca5442-3701-4b0e-802f-71cc649f2457;414.25;0.0125;BUY
2016-03-31T00:31:31.467000;2016-03-31T00:31:32.190000;01ffd452-47ca-4d09-9f5a-37fd204d9d73;414.25;0.09037746;BUY
2016-03-31T00:31:31.467000;2016-03-31T00:31:32.190000;b1f7d057-ccbc-4d8d-8308-c27dbfbbaf17;414.25;0.5;BUY
2016-03-31T00:31:31.467000;2016-03-31T00:31:32.207000;cc66954b-002f-46a5-b3a5-126160852bca;414.3;0.02012126;BUY
2016-03-31T00:31:31.467000;2016-03-31T00:31:32.207000;b39cf62e-f42e-444b-a640-eccd4f079810;414.31;0.37394033;BUY
2016-03-31T00:31:31.467000;2016-03-31T00:31:32.207000;a655bafa-0c19-4c4e-b2fe-0cd6251791e8;414.32;2.34936642;BUY
2016-03-31T00:31:31.467000;2016-03-31T00:31:32.207000;413ae71d-3338-4985-adaf-707f29a603b4;414.32;0.016;BUY
2016-03-31T00:31:31.467000;2016-03-31T00:31:32.223000;07947ab5-6283-4967-9f52-f5b494f44a43;414.33;0.41812431;BUY
2016-03-31T00:31:31.467000;2016-03-31T00:31:32.223000;f0335b23-07b1-4e71-8b6c-aec5400de4d1;414.33;0.41812431;BUY
2016-03-31T00:31:31.467000;2016-03-31T00:31:32.223000;6b53ccbb-aa31-4859-9874-d7db9a713973;414.35;0.3;BUY
2016-03-31T00:31:31.467000;2016-03-31T00:31:32.223000;c7d43026-7f75-451a-ac4a-70a9adaecff5;414.38;0.01;BUY
2016-03-31T00:31:31.467000;2016-03-31T00:31:32.223000;82a66566-272a-4066-9ac8-04334e8014c3;414.39;0.52099588;BUY
2016-03-31T00:32:06.360000;2016-03-31T00:32:06.660000;f67389e0-5585-42bd-8e8d-9ba562bb1ac5;414.39;1.09634347;BUY
2016-03-31T00:32:06.360000;2016-03-31T00:32:06.660000;922a392c-5ebe-49f1-9de1-50e3655b8477;414.39;0.01;BUY
2016-03-31T00:32:06.360000;2016-03-31T00:32:06.660000;9efc5bee-22eb-4c77-bcd8-6d9e845d3642;414.4;0.02007363;BUY
2016-03-31T00:32:06.360000;2016-03-31T00:32:06.660000;80b35882-b68c-4c08-9655-6f160cbee5ea;414.4;0.01;BUY
2016-03-31T00:32:06.360000;2016-03-31T00:32:06.660000;f8495b3d-0df6-48f7-8c8b-9c6cc8743509;414.42;0.15;BUY
2016-03-31T00:32:06.360000;2016-03-31T00:32:06.660000;05924dab-e314-432d-a439-108633275098;414.43;0.2;BUY
2016-03-31T00:32:06.360000;2016-03-31T00:32:06.660000;538dd518-5d03-420a-86a2-00187c1aa76f;414.46;0.02;BUY
2016-03-31T00:32:06.360000;2016-03-31T00:32:06.660000;f41a956c-ed71-48ea-bd98-fe2230053f40;414.49;0.035;BUY
2016-03-31T00:32:06.360000;2016-03-31T00:32:06.660000;5dc712d3-df7c-4a65-a05d-87e1284dcd4c;414.5;0.02007263;BUY
2016-03-31T00:32:06.360000;2016-03-31T00:32:06.673000;e5941e6f-dcd9-46f6-9c6a-c7064c331c0a;414.5;0.29280963;BUY
2016-03-31T00:32:06.360000;2016-03-31T00:32:06.673000;6fb78619-4b08-463b-bcb7-c16f076f2030;414.5;0.5;BUY
2016-03-31T00:32:06.360000;2016-03-31T00:32:06.673000;7466900e-1ad0-45d5-9d26-c4ad5f9ba049;414.5;0.031;BUY
2016-03-31T00:32:06.360000;2016-03-31T00:32:06.673000;c4cd2d2d-4b11-4155-b7e1-fd6f7aa089ce;414.51;0.5;BUY
2016-03-31T00:32:06.363000;2016-03-31T00:32:06.673000;14e8efaf-64c0-4f92-947d-9177e9c26c49;414.53;0.01;BUY
2016-03-31T00:32:06.363000;2016-03-31T00:32:06.673000;7b8b0cb1-03ab-424a-8c24-a1b17a0cb944;414.57;0.01;BUY
2016-03-31T00:32:06.363000;2016-03-31T00:32:06.673000;398b4ed2-7df4-42b1-955e-03182db3326d;414.6;0.0200736;BUY
2016-03-31T00:32:06.363000;2016-03-31T00:32:06.673000;0bfe2667-3aee-4344-b1f0-08770003bdb5;414.6;0.01;BUY
2016-03-31T00:32:06.363000;2016-03-31T00:32:06.673000;085c165b-5fb1-4d51-a909-04c0476bebb8;414.62;0.01;BUY
2016-03-31T00:32:06.363000;2016-03-31T00:32:06.673000;d6515f73-0fe3-497f-a552-9446e92caa59;414.68;2.994;BUY
2016-03-31T00:32:06.363000;2016-03-31T00:32:06.673000;4fa13106-b550-44ea-8d60-0ba4fbe25736;414.7;0.02007357;BUY
2016-03-31T00:32:06.363000;2016-03-31T00:32:06.690000;f3484a25-ceaf-468d-9da4-944544793fad;414.7;0.015;BUY
2016-03-31T00:32:06.363000;2016-03-31T00:32:06.690000;2432881f-8874-42d3-866b-c5eb5af215e9;414.73;0.01;BUY
2016-03-31T00:32:06.363000;2016-03-31T00:32:06.690000;5cb45b67-1028-4662-be55-ac8b5f4ca264;414.73;0.2;BUY
2016-03-31T00:32:06.363000;2016-03-31T00:32:06.690000;73d65c84-9ea6-49ae-a021-77624e586659;414.74;0.03;BUY
2016-03-31T00:32:06.363000;2016-03-31T00:32:06.690000;3e599c0c-ba1f-4e48-8b63-4339b530b95f;414.74;1.2;BUY
2016-03-31T00:32:06.363000;2016-03-31T00:32:06.690000;0006da94-ccaa-45e5-b388-f5254d473165;414.75;0.09040563;BUY
2016-03-31T00:32:06.363000;2016-03-31T00:32:06.690000;d067a10d-fef7-43fa-a835-c12ae6ffd8ec;414.75;0.125;BUY
2016-03-31T00:32:06.363000;2016-03-31T00:32:06.690000;2d368191-3ad6-4bd2-9c09-db8e84a70862;414.75;0.5;BUY
2016-03-31T00:32:06.363000;2016-03-31T00:32:06.690000;2c7ce900-a5ec-4e0b-b2db-7dbe0929b010;414.75;0.49002784;BUY
2016-03-31T00:32:31.330000;2016-03-31T00:32:31.363000;68c20b1a-6859-4170-894f-bebc3981a1e4;414.75;0.08851126;BUY
2016-03-31T00:32:31.330000;2016-03-31T00:32:31.393000;eaf09a8c-4788-477b-9b71-05a5764f8e06;414.76;0.02143619;BUY
2016-03-31T00:32:31.330000;2016-03-31T00:32:31.393000;4945be37-e4ba-4eb3-807e-d43fd2cce97e;414.76;0.01264357;BUY
2016-03-31T00:32:31.330000;2016-03-31T00:32:31.393000;3a59fa24-41cd-4f93-aebc-2eaf3e8edfc3;414.78;0.64906759;BUY
2016-03-31T00:32:31.330000;2016-03-31T00:32:31.393000;b119f7ad-a98e-4dc9-9d7c-8838642480bb;414.78;0.34230763;BUY
2016-03-31T00:32:31.330000;2016-03-31T00:32:31.393000;dec8f145-491b-4907-a1f7-f64e5980797d;414.8;0.02004934;BUY
2016-03-31T00:32:31.330000;2016-03-31T00:32:31.423000;34ebf75c-260a-45de-a52d-4a927b9ffefe;414.8;0.1;BUY
2016-03-31T00:32:31.330000;2016-03-31T00:32:31.423000;92835517-cfcb-4ab3-870f-d0456ef3b8cc;414.8;0.01;BUY
2016-03-31T00:32:31.330000;2016-03-31T00:32:31.423000;c480f558-c4c3-4de3-af34-cb8675e11568;414.82;0.01;BUY
2016-03-31T00:32:31.330000;2016-03-31T00:32:31.423000;43562def-e6b9-4ae3-a65f-f138b33753b1;414.87;0.09841442;BUY
2016-03-31T00:33:01.407000;2016-03-31T00:33:01.440000;3b39a230-f551-43e3-a864-b97bd5f04807;414.83;0.01;SELL
2016-03-31T00:33:01.523000;2016-03-31T00:33:01.550000;26b479a5-224b-47ed-a9a5-9386bfba784f;414.82;0.01;SELL
2016-03-31T00:33:01.523000;2016-03-31T00:33:01.580000;c446da4e-ed9e-485c-ae32-af7fb5cacec8;414.81;0.01;SELL
2016-03-31T00:33:01.523000;2016-03-31T00:33:01.580000;a90eadbd-8738-4ec0-9521-0f39f808c9ad;414.79;0.87039076;SELL
2016-03-31T00:33:01.523000;2016-03-31T00:33:01.580000;8e8abcb2-b8e7-4b2c-b40c-2056c39c4c27;414.79;0.88415924;SELL
2016-03-31T00:33:21.803000;2016-03-31T00:33:21.847000;0e784aa3-f6f6-432c-b0c0-184b8a220865;414.79;0.64061208;SELL
2016-03-31T00:33:43.003000;2016-03-31T00:33:43.033000;82a5488d-bef7-441d-bf6a-4d8fcbd477dc;414.79;0.06092341;SELL
2016-03-31T00:34:01.477000;2016-03-31T00:34:01.503000;28f41ba5-0117-425c-855d-01acebbc7f84;414.8;0.0345;BUY
2016-03-31T00:34:01.477000;2016-03-31T00:34:01.520000;ec9e71c1-c7ce-4678-b653-582fd2cac5bd;414.8;0.0256;BUY
2016-03-31T00:34:01.477000;2016-03-31T00:34:01.533000;967ef94f-0d49-473c-b24c-558ebdf949dd;414.8;0.033;BUY
2016-03-31T00:34:01.477000;2016-03-31T00:34:01.533000;9c885823-18a9-4030-88fe-75b526dfa592;414.8;0.0366;BUY
2016-03-31T00:34:01.477000;2016-03-31T00:34:01.550000;8e1427c3-9e13-4694-901b-608234fc42b2;414.8;0.0377;BUY
2016-03-31T00:34:01.477000;2016-03-31T00:34:01.613000;51472430-e8f5-47fd-a73a-a8b9459dd587;414.8;0.039;BUY
2016-03-31T00:34:01.477000;2016-03-31T00:34:01.613000;322bb67b-7c74-48a3-bf7e-0df4458c8c6a;414.81;0.0378;BUY
2016-03-31T00:34:01.477000;2016-03-31T00:34:01.613000;008f71ab-9ed1-4ec2-92bc-24ce65671c0a;414.83;0.09471;BUY
2016-03-31T00:34:31.443000;2016-03-31T00:34:31.473000;44fa86f0-3b8e-49f5-b871-84be01fb8aa1;414.8;0.0424;BUY
2016-03-31T00:34:31.443000;2016-03-31T00:34:31.503000;f7816230-02af-4c44-8449-6cf825866685;414.8;0.01;BUY
2016-03-31T00:34:31.443000;2016-03-31T00:34:31.503000;d2980d45-4a54-4ef5-98aa-691fdfebd54a;414.83;0.66364;BUY
2016-03-31T00:35:31.417000;2016-03-31T00:35:31.457000;34f27e7e-df3f-4001-916b-36dc3106b358;414.83;0.02861;BUY
2016-03-31T00:36:01.500000;2016-03-31T00:36:01.533000;316da36a-95ef-4c41-be91-1c670e9e7638;414.83;0.58915;BUY
2016-03-31T00:36:31.423000;2016-03-31T00:36:31.457000;066220f7-2383-4e73-ba27-d5c1ba8962eb;414.83;0.05266;BUY
2016-03-31T00:37:01.947000;2016-03-31T00:37:01.973000;546458e4-a88e-48e8-885e-01b843096e7d;414.83;1.54923;BUY
2016-03-31T00:37:01.947000;2016-03-31T00:37:01.987000;b0f1b3c1-56ee-43ad-b0de-ba8c777610e6;414.83;0.01;BUY
2016-03-31T00:37:01.947000;2016-03-31T00:37:01.987000;6c392db8-992f-4e3f-8e19-cb33737b1cb8;414.87;0.40158558;BUY
2016-03-31T00:37:01.947000;2016-03-31T00:37:01.987000;4eb1f88b-cf96-4fc4-86fd-fbee16b2b270;414.89;1.0;BUY
2016-03-31T00:37:01.947000;2016-03-31T00:37:02.003000;0a5b3ffd-c4ba-4dbb-86b5-b87c9fc0bebd;414.89;0.01034;BUY
2016-03-31T00:37:01.947000;2016-03-31T00:37:02.080000;124ecb80-d8b0-40df-abc7-99d12653e26c;414.89;1.65228442;BUY
2016-03-31T00:37:32.627000;2016-03-31T00:37:32.643000;e63e41c3-4c21-4cef-9ea1-02142d9ddf5b;414.88;0.03162;BUY
2016-03-31T00:38:26.550000;2016-03-31T00:38:26.580000;4e23c513-a755-492f-829e-8e29fe7edde4;414.84;0.01;SELL
2016-03-31T00:38:26.550000;2016-03-31T00:38:26.597000;a4c0ce21-9e02-43ae-a5de-a10f3c2ee758;414.84;0.01;SELL
2016-03-31T00:38:26.550000;2016-03-31T00:38:26.597000;5ed9c7d8-8e87-4d78-af77-47495eadaf1b;414.84;0.04173649;SELL
2016-03-31T00:38:26.550000;2016-03-31T00:38:26.597000;4cfeae73-de51-4a99-9b72-0515d58c0ee7;414.83;0.01;SELL
2016-03-31T00:38:26.553000;2016-03-31T00:38:26.597000;1e52e42a-312c-423b-ad52-c1917ee3c42e;414.79;0.01292341;SELL
2016-03-31T00:38:31.473000;2016-03-31T00:38:31.503000;c9aba67d-9846-4c66-a82f-1bccefbd046b;414.88;1.31029;BUY
2016-03-31T00:39:04.040000;2016-03-31T00:39:04.067000;a3886e25-bab1-4a73-bcea-28bb366b4bad;414.84;0.01;SELL
2016-03-31T00:39:04.040000;2016-03-31T00:39:04.080000;96b93b5c-5386-496e-b316-74b224e73a58;414.83;0.01;SELL
2016-03-31T00:39:04.040000;2016-03-31T00:39:04.080000;739ae96c-fe97-4bb2-8394-f83c60f759bc;414.79;0.6332;SELL
2016-03-31T00:39:31.420000;2016-03-31T00:39:31.440000;d32581af-a2a0-41db-8b24-7a0287c005ff;414.88;0.04252;BUY
2016-03-31T00:40:01.577000;2016-03-31T00:40:01.597000;3479889a-31f5-4a1f-8a22-9f809c21fea7;414.88;0.90157;BUY
2016-03-31T00:40:01.577000;2016-03-31T00:40:01.613000;6c627059-4bab-4fc7-9cf9-f7861291befb;414.89;1.2893;BUY
2016-03-31T00:40:09.047000;2016-03-31T00:40:09.067000;a3da7b3f-832d-40a1-86ca-49365e815739;414.85;0.01;SELL
2016-03-31T00:40:09.047000;2016-03-31T00:40:09.080000;51161987-05e0-45f3-98cc-7e5f4ef5639f;414.84;0.01;SELL
2016-03-31T00:40:09.047000;2016-03-31T00:40:09.080000;da760b19-2f95-45d1-b541-c807dbc04207;414.84;0.01;SELL
2016-03-31T00:40:09.047000;2016-03-31T00:40:09.080000;17b79af0-55b7-47b5-9ded-5b7fe279d745;414.83;0.01;SELL
2016-03-31T00:40:09.047000;2016-03-31T00:40:09.080000;01fabd78-9be2-456e-a180-333ebebafab6;414.79;0.0446599;SELL
2016-03-31T00:40:31.633000;2016-03-31T00:40:31.660000;c201ed16-6db2-4891-9969-292a681960b5;414.88;0.17759;BUY
2016-03-31T00:40:33.813000;2016-03-31T00:40:33.830000;722061cc-54c7-44cf-be8d-bd8ce9454151;414.79;0.2;SELL
2016-03-31T00:40:36.177000;2016-03-31T00:40:36.190000;eacae9e3-80ee-4c6c-9dc6-fb46f254d41e;414.79;0.2;SELL
2016-03-31T00:40:38.547000;2016-03-31T00:40:38.567000;a5b7824f-7615-40b6-9d4f-e5c454a8d711;414.79;0.2;SELL
2016-03-31T00:40:40.683000;2016-03-31T00:40:40.707000;82a1eace-d4be-486a-b619-d3c85789fc1c;414.79;0.2;SELL
2016-03-31T00:40:43.053000;2016-03-31T00:40:43.067000;fbb30140-0316-4649-9f16-672223d1ebf7;414.79;0.2;SELL
2016-03-31T00:40:45.193000;2016-03-31T00:40:45.207000;30257ab0-db0e-4d65-81c2-af62b4c1485a;414.79;0.2;SELL
2016-03-31T00:40:47.573000;2016-03-31T00:40:47.597000;c5105e25-a089-4c50-b784-b34a93c07376;414.79;0.2;SELL
2016-03-31T00:40:49.763000;2016-03-31T00:40:49.783000;f987fdbd-ab55-4f51-bbd3-e4d9e589b6cc;414.79;0.2;SELL
2016-03-31T00:40:51.913000;2016-03-31T00:40:51.927000;f61a199d-d4bc-4ad5-8954-45dc8e77b57e;414.79;0.2;SELL
2016-03-31T00:40:54.057000;2016-03-31T00:40:54.080000;cadca3c7-b7a2-41ac-b3f5-1ae129282a8b;414.79;0.15903849;SELL
2016-03-31T00:40:54.057000;2016-03-31T00:40:54.097000;1566f365-2912-4803-913d-f69592ccc06f;414.79;0.04096151;SELL
2016-03-31T00:40:56.203000;2016-03-31T00:40:56.223000;c599a605-94ae-41c9-8ab2-53543a54f6a1;414.79;0.16833638;SELL
2016-03-31T00:40:56.207000;2016-03-31T00:40:56.237000;f70ad548-4b64-47b6-8eac-01f2971814ca;414.79;0.03166362;SELL
2016-03-31T00:40:58.583000;2016-03-31T00:40:58.597000;a799bad1-5963-4cff-b1ac-a62505d61295;414.79;0.2;SELL
2016-03-31T00:41:00.983000;2016-03-31T00:41:01.003000;101b3544-57d2-4c21-abf4-d8b1a78fbc87;414.79;0.2;SELL
2016-03-31T00:41:03.440000;2016-03-31T00:41:03.457000;5917303e-ff6b-4ad4-bdd6-1b54f36ad38e;414.79;0.2;SELL
2016-03-31T00:41:05.293000;2016-03-31T00:41:05.300000;48b26535-f3f5-4439-9a4b-5d2c2f3f7faf;414.88;0.87105;BUY
2016-03-31T00:41:05.853000;2016-03-31T00:41:05.863000;3fc7498a-5391-44b4-8430-af49041371db;414.79;0.2;SELL
2016-03-31T00:41:08.233000;2016-03-31T00:41:08.253000;3033427f-f40e-4a78-879b-6ee588b62529;414.79;0.2;SELL
2016-03-31T00:41:10.420000;2016-03-31T00:41:10.440000;c3685bde-da97-4b24-b1f0-f640a7579ac5;414.79;0.09766247;SELL
2016-03-31T00:41:10.420000;2016-03-31T00:41:10.457000;595c349b-4647-49d7-afb8-837cf3a372e9;414.79;0.08085896;SELL
2016-03-31T00:41:10.420000;2016-03-31T00:41:10.457000;36ebd803-2bd2-4b49-8ff0-1e50f6af7b43;414.79;0.02147857;SELL
2016-03-31T00:41:12.553000;2016-03-31T00:41:12.567000;f10db7ed-dcf3-46a3-8838-6b78a36a9bc1;414.79;0.00361555;SELL
2016-03-31T00:41:12.553000;2016-03-31T00:41:12.580000;a8c331c7-b87d-494f-93d8-01e297adfd3c;414.79;0.19638445;SELL
2016-03-31T00:41:14.700000;2016-03-31T00:41:14.707000;57ef675a-11ab-47e5-8ca0-964b4702ceb3;414.79;0.2;SELL
2016-03-31T00:41:17.073000;2016-03-31T00:41:17.097000;ae91a034-7739-4bf8-9310-17c972b2d865;414.79;0.05487582;SELL
2016-03-31T00:41:17.073000;2016-03-31T00:41:17.113000;404cc326-89b8-4c0f-90b4-3bc1eddddd24;414.79;0.14512418;SELL
2016-03-31T00:41:19.443000;2016-03-31T00:41:19.457000;a44fdbe7-21d3-4dff-b4fe-2068913e7acd;414.79;0.0189442;SELL
2016-03-31T00:41:19.443000;2016-03-31T00:41:19.473000;b79c47ec-06b3-4b7a-8f35-c5028c6534d1;414.79;0.012;SELL
2016-03-31T00:41:19.443000;2016-03-31T00:41:19.473000;a82ea8b8-fa40-4d98-b5a7-8e2f33823844;414.77;0.0689558;SELL
2016-03-31T00:41:31.383000;2016-03-31T00:41:31.393000;a9af2439-940e-419b-8dc4-ec3bad5ecb1c;414.88;1.32236;BUY
2016-03-31T00:41:31.383000;2016-03-31T00:41:31.427000;0f8db9b5-b225-4ed4-a041-58061df8f132;414.89;0.07541558;BUY
2016-03-31T00:41:31.383000;2016-03-31T00:41:31.427000;9757c388-9c71-4b45-a211-c64b3b7231b9;414.9;0.02004932;BUY
2016-03-31T00:41:31.387000;2016-03-31T00:41:31.427000;9c5f2913-29fc-4477-bdbc-a1e725354e7b;414.9;0.1079051;BUY
2016-03-31T00:42:35.577000;2016-03-31T00:42:35.580000;fc2f163d-837b-4d57-8c15-2d59e00a9987;414.89;0.08034;BUY
2016-03-31T00:43:09.117000;2016-03-31T00:43:09.130000;01b6a121-4150-418f-a2dd-17040241811c;414.89;0.23401;BUY
2016-03-31T00:43:13.810000;2016-03-31T00:43:13.817000;c75215b9-fcbd-4309-a081-9684cb9605a0;414.78;0.08472314;SELL
2016-03-31T00:43:37.113000;2016-03-31T00:43:37.130000;676ddaeb-3bc9-4486-ab3d-d3a3cf75493c;414.84;0.25;BUY
2016-03-31T00:43:37.113000;2016-03-31T00:43:37.143000;e247e361-b8da-4bd6-8c28-630d74b3480b;414.89;0.41347;BUY
2016-03-31T00:44:01.450000;2016-03-31T00:44:01.457000;d707070a-e621-4302-954f-c8ecda366856;414.8;0.04626;SELL
2016-03-31T00:44:32.293000;2016-03-31T00:44:32.300000;58af9c94-8bc5-4224-a1ee-323ccc453ef5;414.89;0.13126;BUY
2016-03-31T00:45:01.433000;2016-03-31T00:45:01.480000;9b47f37b-ea48-4601-ae81-c18f061d40e7;414.89;1.54492;BUY
2016-03-31T00:45:01.437000;2016-03-31T00:45:01.497000;bcd73d72-0ce4-409c-9c3b-1bded57f0d8e;414.9;0.8920949;BUY
2016-03-31T00:45:01.437000;2016-03-31T00:45:01.497000;4c7865c3-84cb-437c-b0a9-02df6d763483;414.9;2.522;BUY
2016-03-31T00:45:01.437000;2016-03-31T00:45:01.497000;a3b9fa44-916e-408e-9308-e1902b563e94;414.9;0.2958;BUY
2016-03-31T00:45:01.437000;2016-03-31T00:45:01.510000;4a71f1d3-c235-4852-b8c0-d757f1339808;414.9;0.4611051;BUY
2016-03-31T00:45:31.457000;2016-03-31T00:45:31.510000;3d317b22-0355-47f5-b60e-787820fa095b;414.87;3.179;BUY
2016-03-31T00:45:31.457000;2016-03-31T00:45:31.527000;bea57608-65ad-4568-8d0a-5e47a5922b0c;414.91;0.44690293;BUY
2016-03-31T00:45:31.457000;2016-03-31T00:45:31.527000;54c88da1-4510-4796-939f-7300ed8a9100;414.91;0.5;BUY
2016-03-31T00:45:31.457000;2016-03-31T00:45:31.527000;556d6a51-69f1-43a9-a3e1-8d19576b5ef6;414.91;0.5;BUY
2016-03-31T00:45:31.457000;2016-03-31T00:45:31.543000;7f4ecc69-cc6a-4458-ae7b-6ad3cbe5d49a;414.91;0.5;BUY
2016-03-31T00:45:31.457000;2016-03-31T00:45:31.620000;01387ba6-c434-4dda-8cac-277807106f99;414.91;3.178;BUY
2016-03-31T00:45:31.457000;2016-03-31T00:45:31.620000;0e7941af-15b1-4281-ba3a-01dc42dcb4c0;414.92;0.5;BUY
2016-03-31T00:45:31.457000;2016-03-31T00:45:31.620000;6e86a18f-9629-47ff-b8cf-1a38030e5020;414.93;0.02;BUY
2016-03-31T00:45:31.457000;2016-03-31T00:45:31.620000;4bb2ec8e-a0da-40eb-9903-0590cb239a22;414.93;0.51958132;BUY
2016-03-31T00:45:31.460000;2016-03-31T00:45:31.620000;ac64e716-8273-4e99-9d3d-a096e4ec3c57;414.93;0.015;BUY
2016-03-31T00:45:31.460000;2016-03-31T00:45:31.620000;9650344d-b180-4b00-9f57-986f8ca7e1f2;414.94;0.08605566;BUY
2016-03-31T00:45:31.460000;2016-03-31T00:45:31.620000;2d3d212c-9cf2-4b5c-a57d-cdda5ea0c728;414.94;0.01;BUY
2016-03-31T00:45:31.460000;2016-03-31T00:45:31.620000;8fdc1ade-0cf3-4677-a8b6-1683907cf30d;414.95;0.01;BUY
2016-03-31T00:45:31.460000;2016-03-31T00:45:31.620000;0c68a02e-7c11-4f13-bd9e-e445a16a09ec;414.95;0.15065897;BUY
2016-03-31T00:45:31.460000;2016-03-31T00:45:31.620000;dcd5f0cf-dc1b-4bfa-88f0-cd18b84ae73f;414.95;0.01;BUY
2016-03-31T00:45:31.460000;2016-03-31T00:45:31.620000;ddbadc1e-1b53-4a97-895d-0239952fd10c;414.95;0.01;BUY
2016-03-31T00:45:31.460000;2016-03-31T00:45:31.620000;af3ce35e-8bd5-4432-bcd6-fff60af3666c;414.95;0.5;BUY
2016-03-31T00:45:31.460000;2016-03-31T00:45:31.620000;0b2bb178-d396-4218-97b5-3421b8e59567;414.95;0.5;BUY
2016-03-31T00:45:31.460000;2016-03-31T00:45:31.620000;55db5fd9-908c-4c1d-8fca-5419541f49f9;414.95;0.5;BUY
2016-03-31T00:45:31.460000;2016-03-31T00:45:31.620000;1184323e-226e-4f34-833f-ae644b3cc723;414.95;0.5;BUY
2016-03-31T00:45:31.460000;2016-03-31T00:45:31.620000;6f48a314-7af6-4522-a1e7-a23cf6b2b16b;414.95;0.5;BUY
2016-03-31T00:45:31.460000;2016-03-31T00:45:31.620000;4bd41437-359e-4575-9359-7de52fe7e5a8;414.96;0.01;BUY
2016-03-31T00:45:31.460000;2016-03-31T00:45:31.620000;433eb0cb-370c-440f-8507-c2ab6da81ead;414.96;0.01;BUY
2016-03-31T00:45:31.460000;2016-03-31T00:45:31.620000;7f3eaf0f-0804-4619-bc25-65cee67582b5;414.96;0.01;BUY
2016-03-31T00:45:31.460000;2016-03-31T00:45:31.620000;dd939551-1049-4fda-84b5-b76a1da6d5aa;414.96;0.01;BUY
2016-03-31T00:45:31.460000;2016-03-31T00:45:31.637000;a04a5466-b54d-405f-a6ff-af67b1cf7fb5;414.97;0.01;BUY
2016-03-31T00:45:31.460000;2016-03-31T00:45:31.637000;81d8560f-490b-4bcc-8d2b-36946570c95e;414.97;0.01;BUY
2016-03-31T00:45:31.460000;2016-03-31T00:45:31.637000;84553f66-c3ff-4d1d-9fae-1e407ef0ced2;414.97;0.01;BUY
2016-03-31T00:45:31.460000;2016-03-31T00:45:31.683000;36517dd7-f872-41fb-8d55-2686594d5ceb;414.98;0.01;BUY
2016-03-31T00:45:31.460000;2016-03-31T00:45:31.713000;3f1eaa28-9d1a-4cb9-b67e-5aa26cbe637d;414.99;0.01;BUY
2016-03-31T00:45:31.463000;2016-03-31T00:45:31.713000;8a10d9c5-0043-4f71-8668-22f2a723133f;414.99;0.5;BUY
2016-03-31T00:45:31.463000;2016-03-31T00:45:31.713000;bb89efad-1ac9-4ce1-af4a-8ba4dd517b16;415.0;0.02004833;BUY
2016-03-31T00:45:31.463000;2016-03-31T00:45:31.713000;28644174-dfda-43f3-ac38-132b1ac6243e;415.0;0.15190568;BUY
2016-03-31T00:45:31.463000;2016-03-31T00:45:31.713000;11d0fdb4-8fd6-429d-a0ef-c29a75e5d5fb;415.0;0.07909594;BUY
2016-03-31T00:45:31.463000;2016-03-31T00:45:31.713000;1e264eec-fb5b-42f0-8c49-35094cad82eb;415.0;0.01;BUY
2016-03-31T00:45:31.463000;2016-03-31T00:45:31.713000;a623371f-eaf6-4335-bd9e-0ad23cf00d37;415.0;0.5;BUY
2016-03-31T00:45:31.463000;2016-03-31T00:45:31.713000;7e41d262-4973-48b2-80e1-1d4bcf9d9325;415.0;0.01;BUY
2016-03-31T00:45:31.463000;2016-03-31T00:45:31.713000;73ae7958-01f7-491d-8318-8ff990ac7eb7;415.0;1.0;BUY
2016-03-31T00:45:31.463000;2016-03-31T00:45:31.713000;8d24043b-8659-455a-ac02-7e293a56b30d;415.0;0.02;BUY
2016-03-31T00:45:31.463000;2016-03-31T00:45:31.713000;763f97b2-7d54-400d-a2b4-e14764687dcf;415.0;3.5;BUY
2016-03-31T00:45:31.463000;2016-03-31T00:45:31.713000;a3ae7baa-f665-4c9a-91af-fd1b086e91c2;415.0;0.01;BUY
2016-03-31T00:45:31.463000;2016-03-31T00:45:31.713000;1e13eba4-9092-4328-b200-8c9b68d2a84f;415.0;0.05;BUY
2016-03-31T00:45:31.463000;2016-03-31T00:45:31.713000;39f87323-f265-4aa6-841c-0053c46975bd;415.0;0.5;BUY
2016-03-31T00:45:31.463000;2016-03-31T00:45:31.713000;23401438-8ed2-4d3c-b27c-09deafb7c049;415.0;0.5;BUY
2016-03-31T00:45:31.463000;2016-03-31T00:45:31.713000;b1d14c6e-14f8-44f1-9b4b-9a19a2adab85;415.0;0.5;BUY
2016-03-31T00:45:31.463000;2016-03-31T00:45:31.713000;e899bae5-df3a-465a-892d-36380e24fe07;415.0;0.5;BUY
2016-03-31T00:45:31.463000;2016-03-31T00:45:31.713000;60056b9c-2171-4925-87c8-ab15b284e64b;415.01;0.01;BUY
2016-03-31T00:45:31.463000;2016-03-31T00:45:31.713000;8183d431-4e29-4ebb-8a47-f915a4349af4;415.01;0.5;BUY
2016-03-31T00:45:31.463000;2016-03-31T00:45:31.730000;eab78642-1dea-48fe-8e0d-9e53e85b7f74;415.01;0.5;BUY
2016-03-31T00:45:31.463000;2016-03-31T00:45:31.730000;ad776316-d17a-4159-96ca-d10b822b8327;415.01;0.5;BUY
2016-03-31T00:45:31.463000;2016-03-31T00:45:31.730000;6238713b-c09a-4760-b529-203a2d680098;415.02;0.5;BUY
2016-03-31T00:45:31.463000;2016-03-31T00:45:31.730000;e5b93c1b-7f89-4bff-996d-1567bb13db71;415.02;0.5;BUY
2016-03-31T00:45:31.467000;2016-03-31T00:45:31.730000;6a09f402-45b0-4a07-8d10-7a442d8cb57e;415.02;0.5;BUY
2016-03-31T00:45:31.467000;2016-03-31T00:45:31.747000;35d4b7b4-8a88-4ef1-a9a9-82abb7031a0f;415.03;3.052;BUY
2016-03-31T00:45:31.467000;2016-03-31T00:45:31.793000;7a266607-853d-480c-ab1a-68feb8019b99;415.04;0.01;BUY
2016-03-31T00:45:31.467000;2016-03-31T00:45:31.793000;47716979-5a7c-43ad-998a-76f28c4ae05b;415.05;0.25012021;BUY
2016-03-31T00:45:31.467000;2016-03-31T00:45:31.793000;be8cda02-6362-40ff-909c-bc0420c451cb;415.05;0.125;BUY
2016-03-31T00:45:31.467000;2016-03-31T00:45:31.793000;9d97b027-8296-4f6f-ae2f-18539965fb5f;415.1;0.02005922;BUY
2016-03-31T00:45:31.467000;2016-03-31T00:45:31.793000;a6bccb8a-fb73-476d-b7e3-43c9dfd8de5a;415.13;0.01;BUY
2016-03-31T00:45:31.467000;2016-03-31T00:45:31.793000;67617473-c10c-4712-b405-24d87ca2be8e;415.16;0.01;BUY
2016-03-31T00:45:31.467000;2016-03-31T00:45:31.793000;5b0050e3-44b3-4db7-bbda-44f632178b67;415.16;0.04626;BUY
2016-03-31T00:45:31.467000;2016-03-31T00:45:31.793000;a0675e90-8600-43fb-8893-dbce621d7c81;415.18;0.01;BUY
2016-03-31T00:45:31.467000;2016-03-31T00:45:31.793000;f41b7482-65ae-4389-ab33-da5077c4954e;415.18;2.859;BUY
2016-03-31T00:45:31.467000;2016-03-31T00:45:31.793000;d5ebcf10-09ac-47b9-b0fe-c5177d400663;415.19;0.18920988;BUY
2016-03-31T00:45:31.467000;2016-03-31T00:45:31.793000;feb1719a-12f9-44d5-8c54-1481b1d3667f;415.2;0.02003502;BUY
2016-03-31T00:45:31.467000;2016-03-31T00:45:31.793000;b0f9d139-96b3-4638-a4d3-8ece26c9e671;415.2;0.04730247;BUY
2016-03-31T00:45:31.467000;2016-03-31T00:45:31.793000;2dddef70-b292-4949-ac9c-48fd88a01308;415.2;0.01;BUY
2016-03-31T00:45:31.467000;2016-03-31T00:45:31.793000;e604ec8b-c0eb-46c8-9eed-1fd5f70d758d;415.21;0.01;BUY
2016-03-31T00:45:31.467000;2016-03-31T00:45:31.793000;b476c1d0-cf95-4b67-bf91-62d3027e1b89;415.22;0.01;BUY
2016-03-31T00:45:31.467000;2016-03-31T00:45:31.807000;c8dd6885-9806-40c6-bb28-83a07225743b;415.22;0.5279921;BUY
2016-03-31T00:45:31.467000;2016-03-31T00:45:31.807000;5c6ad8e5-d759-47db-9a6e-de3178977dae;415.22;0.05937736;BUY
2016-03-31T00:45:31.467000;2016-03-31T00:45:31.807000;ac0c9d5e-4756-48f4-b7af-02da67007350;415.22;0.01484434;BUY
2016-03-31T00:45:31.467000;2016-03-31T00:45:31.807000;e41117eb-1d69-4be4-91c4-85429b0d672d;415.22;0.01;BUY
2016-03-31T00:45:31.467000;2016-03-31T00:45:31.840000;0f676789-5375-4135-9082-947464e4ac48;415.24;2.28;BUY
2016-03-31T00:45:31.470000;2016-03-31T00:45:31.840000;5b89f500-b3c5-457d-a56a-e573dda75125;415.25;0.09025877;BUY
2016-03-31T00:45:31.470000;2016-03-31T00:45:31.840000;8ee9b4f8-4eb4-4274-b228-db1a585da382;415.25;3.58;BUY
2016-03-31T00:45:31.470000;2016-03-31T00:45:31.840000;c4c0b1fb-3c53-49b7-9ee2-98fd393b7378;415.26;0.01;BUY
2016-03-31T00:45:31.470000;2016-03-31T00:45:31.887000;c8aa0a20-69c6-43fb-bdbc-5fc2793b182c;415.28;0.01;BUY
2016-03-31T00:45:31.470000;2016-03-31T00:45:31.887000;2ff54c06-da8e-4b66-ae7d-01fe67a2592f;415.28;2.18;BUY
2016-03-31T00:45:31.470000;2016-03-31T00:45:31.887000;70a967e6-6730-4423-ab5a-a8b164173ffe;415.29;2.17644925;BUY
2016-03-31T00:45:31.470000;2016-03-31T00:45:31.887000;8a1a4f5d-baee-432e-bbbc-11e40a8e56be;415.3;0.01;BUY
2016-03-31T00:45:31.470000;2016-03-31T00:45:31.887000;c984709c-ba30-44e1-9bd4-029bbda9f944;415.3;0.02001086;BUY
2016-03-31T00:45:31.470000;2016-03-31T00:45:31.887000;87be5129-05a0-422d-9d94-f33a3fcc19b7;415.3;0.14;BUY
2016-03-31T00:45:31.470000;2016-03-31T00:45:31.887000;1d8a214c-1151-4c6e-9561-75754f59e413;415.31;0.01;BUY
2016-03-31T00:45:31.470000;2016-03-31T00:45:31.887000;59d0a574-5440-48e5-b9b2-b0e4fd529d03;415.31;2.83;BUY
2016-03-31T00:45:31.470000;2016-03-31T00:45:31.887000;356e2eb3-c952-46cb-bf89-7fc7eafffe94;415.32;2.837;BUY
2016-03-31T00:45:31.470000;2016-03-31T00:45:31.887000;3303e6c5-2f9c-4f07-af4e-0509b14809b4;415.33;0.01;BUY
2016-03-31T00:45:31.470000;2016-03-31T00:45:31.887000;6741ad1e-71d8-48d4-8186-bdcbd81126f7;415.35;0.01;BUY
2016-03-31T00:45:31.470000;2016-03-31T00:45:31.887000;abf6499c-eb0c-4796-ba0a-eb0e6a58b405;415.39;0.02;BUY
2016-03-31T00:45:31.470000;2016-03-31T00:45:31.903000;09ebb08e-8317-4495-9d13-238efb6dbb27;415.4;0.05;BUY
2016-03-31T00:45:31.470000;2016-03-31T00:45:31.903000;8ef28146-1b3a-445a-bb9f-808ee2412898;415.4;0.02001086;BUY
2016-03-31T00:45:31.470000;2016-03-31T00:45:31.903000;19d437db-2fb5-44fe-a9d9-40e3d63e4c5b;415.4;0.01;BUY
2016-03-31T00:45:31.470000;2016-03-31T00:45:31.903000;9dc506ea-0c18-4dcd-9354-6b36425a9869;415.41;0.28;BUY
2016-03-31T00:45:31.470000;2016-03-31T00:45:31.903000;2407981d-b9ce-4c57-bf03-9160955dd049;415.42;0.01;BUY
2016-03-31T00:45:31.470000;2016-03-31T00:45:31.917000;cd06b5ea-0c3e-466a-8fd2-52acc30376d3;415.42;0.03;BUY
2016-03-31T00:45:31.473000;2016-03-31T00:45:31.917000;87c03d96-2ed9-43ef-ba13-cfd5bc39d1fa;415.42;3.00882083;BUY
2016-03-31T00:46:04.723000;2016-03-31T00:46:04.760000;f26707a7-fef8-4ad2-a306-ccbe6cd437a8;414.89;2.929;BUY
2016-03-31T00:46:04.723000;2016-03-31T00:46:04.777000;110146a7-5882-4e83-9c4f-7dc2484045b3;415.02;11.6846;BUY
2016-03-31T00:46:04.723000;2016-03-31T00:46:04.777000;587ec256-5ccb-4744-bdeb-5fa0beff804e;415.03;2.915;BUY
2016-03-31T00:46:04.723000;2016-03-31T00:46:04.777000;1f54e15a-a9f2-47ac-b520-1e103256156f;415.08;0.01;BUY
2016-03-31T00:46:04.723000;2016-03-31T00:46:04.807000;8d76a438-6cc7-4a35-8777-338cdce49a9d;415.18;1.39975;BUY
2016-03-31T00:46:31.100000;2016-03-31T00:46:31.153000;c36154c5-89b7-4297-8261-8452441c718f;414.94;0.01;SELL
2016-03-31T00:46:31.103000;2016-03-31T00:46:31.167000;4f62091d-eddf-435a-a2bb-a78533b7f0da;414.93;0.01;SELL
2016-03-31T00:46:31.103000;2016-03-31T00:46:31.167000;e94413a2-ea1e-44e0-b553-f63717a3dc50;414.92;0.01;SELL
2016-03-31T00:46:31.103000;2016-03-31T00:46:31.167000;b8915876-abbc-4d3d-9186-3d0631893934;414.91;0.01;SELL
2016-03-31T00:46:31.103000;2016-03-31T00:46:31.167000;ea7fb3dc-773d-4264-8a6a-60f22ec6d137;414.88;0.012;SELL
2016-03-31T00:46:31.103000;2016-03-31T00:46:31.247000;9dd764f1-2735-4c77-968f-ec0991f48485;414.8;0.10374;SELL
2016-03-31T00:46:31.103000;2016-03-31T00:46:31.247000;c7030341-7222-4868-b1b2-e1452731ff7e;414.8;0.0463;SELL
2016-03-31T00:46:31.103000;2016-03-31T00:46:31.247000;66783533-324b-4cfe-a44e-53ec836fc7d9;414.78;0.41527686;SELL
2016-03-31T00:46:31.103000;2016-03-31T00:46:31.247000;d4c6a278-2978-4619-aa83-079317e14996;414.78;0.5;SELL
2016-03-31T00:46:31.103000;2016-03-31T00:46:31.247000;b93cc44a-f74f-431d-b608-f1f66ff64003;414.78;0.5;SELL
2016-03-31T00:46:31.103000;2016-03-31T00:46:31.247000;16994771-eb01-4bbe-b515-667f26c83185;414.77;0.4310442;SELL
2016-03-31T00:46:31.103000;2016-03-31T00:46:31.247000;90c05dd0-c6d1-4105-9a9e-8cc2dae2bd49;414.77;0.5;SELL
2016-03-31T00:46:31.103000;2016-03-31T00:46:31.247000;d3a1f241-6708-4e63-993b-fcf1e82c250b;414.77;0.5;SELL
2016-03-31T00:46:31.103000;2016-03-31T00:46:31.247000;32945ab7-557f-4036-8fd5-6b6170e4cfda;414.76;0.5;SELL
2016-03-31T00:46:31.103000;2016-03-31T00:46:31.247000;07674f97-3a8a-4520-aebb-c92a6d619fc4;414.76;0.5;SELL
2016-03-31T00:46:31.103000;2016-03-31T00:46:31.247000;5e40335a-e13a-47b2-a3e1-18c12c8dc020;414.76;0.5;SELL
2016-03-31T00:46:31.103000;2016-03-31T00:46:31.247000;74cbc4b7-fc20-4f19-9afc-da2f16e7d181;414.76;0.5;SELL
2016-03-31T00:46:31.103000;2016-03-31T00:46:31.247000;1b166f82-cf86-45cf-9994-02d73bf40f43;414.75;0.5;SELL
2016-03-31T00:46:31.103000;2016-03-31T00:46:31.247000;a3f8484d-616a-4824-95a1-179e98628bf5;414.75;0.0125;SELL
2016-03-31T00:46:31.103000;2016-03-31T00:46:31.247000;d0f2f8a5-eff1-42c9-9195-d93fc97f82ff;414.71;0.5;SELL
2016-03-31T00:46:31.103000;2016-03-31T00:46:31.247000;f6afc902-674f-4aaa-b028-d30bb60d2b29;414.71;0.5;SELL
2016-03-31T00:46:31.103000;2016-03-31T00:46:31.247000;892bcc8e-7386-4a5d-92b1-51a12bc56735;414.71;0.5;SELL
2016-03-31T00:46:31.103000;2016-03-31T00:46:31.247000;674b5f3a-beee-44f8-9333-ddd779d3a2ba;414.71;0.5;SELL
2016-03-31T00:46:31.107000;2016-03-31T00:46:31.247000;56171045-b755-4e59-8d56-b807105397ae;414.71;0.5;SELL
2016-03-31T00:46:31.107000;2016-03-31T00:46:31.247000;9d45bbf4-1c98-4ed4-a24a-adb36aa7b8b0;414.69;0.01;SELL
2016-03-31T00:46:31.107000;2016-03-31T00:46:31.247000;45431a3c-c36c-4eba-ae02-eb55915898d3;414.69;0.015;SELL
2016-03-31T00:46:31.107000;2016-03-31T00:46:31.277000;13a12926-774d-4b6a-bb19-7dfbf1a6d75a;414.68;0.5;SELL
2016-03-31T00:46:31.107000;2016-03-31T00:46:31.277000;bb0676fc-5dc6-411a-b27f-0502aff7b426;414.68;0.8;SELL
2016-03-31T00:46:31.107000;2016-03-31T00:46:31.277000;2ec0fad7-30ac-4ee1-9d20-0bc7197e0319;414.67;0.5;SELL
2016-03-31T00:46:31.107000;2016-03-31T00:46:31.277000;2ad6340e-e8ad-4be5-8b4a-387c74d84087;414.67;0.5;SELL
2016-03-31T00:46:31.107000;2016-03-31T00:46:31.340000;10c4727a-b4d4-4311-a1fb-fd346a29152d;414.67;0.36319894;SELL
2016-03-31T00:46:31.717000;2016-03-31T00:46:31.777000;085ac5ff-68c1-40e8-bd84-12206255a4f3;414.9;0.326;BUY
2016-03-31T00:47:01.693000;2016-03-31T00:47:01.730000;8ff6ac92-bbb1-45eb-8e9f-5c9cf632e10c;414.88;0.46686;BUY
2016-03-31T00:48:01.533000;2016-03-31T00:48:01.573000;462a8c8d-89d5-4c82-a191-c592fe988413;414.92;0.0171;SELL
2016-03-31T00:48:01.533000;2016-03-31T00:48:01.573000;ae28b8ff-506d-425b-840d-333fdb875bcd;414.9;0.01;SELL
2016-03-31T00:48:01.533000;2016-03-31T00:48:01.590000;3fd1bf5e-2353-457c-8f2a-5fb878c8d452;414.89;0.01;SELL
2016-03-31T00:48:01.533000;2016-03-31T00:48:01.590000;b0e20731-e8bc-4a49-873d-088476c7e1de;414.88;0.01;SELL
2016-03-31T00:48:01.533000;2016-03-31T00:48:01.637000;d7978d87-9551-4e14-a493-09a171bd48a8;414.87;0.01;SELL
2016-03-31T00:48:01.533000;2016-03-31T00:48:01.637000;b4ec58a6-2d54-43d1-b075-6dca89e50191;414.86;0.01;SELL
2016-03-31T00:48:01.533000;2016-03-31T00:48:01.637000;bb46adec-b8f0-4373-b532-77bb7798d89a;414.84;0.01;SELL
2016-03-31T00:48:01.533000;2016-03-31T00:48:01.637000;01caf392-d1b7-4efd-bf39-a908cd126362;414.78;0.19917;SELL
2016-03-31T00:48:31.633000;2016-03-31T00:48:31.683000;de9e7b0a-e875-40c4-9909-c3f7c922e6db;414.78;0.14225;SELL
2016-03-31T00:49:01.467000;2016-03-31T00:49:01.510000;034d3e4b-0298-46b1-9442-672a6094f1c1;414.9;0.5;BUY
2016-03-31T00:49:01.467000;2016-03-31T00:49:01.527000;5ba8b2d5-4a0d-46ce-bee4-f3ef97f4f894;414.9;0.5;BUY
2016-03-31T00:49:01.467000;2016-03-31T00:49:01.527000;a0eedc29-31e5-4ff7-b0f4-a0c96e5ee9ca;414.94;0.01;BUY
2016-03-31T00:49:01.467000;2016-03-31T00:49:01.527000;35c4a1a0-5dd0-44ee-8d21-270106a08b9f;414.98;0.10403;BUY
2016-03-31T00:49:31.467000;2016-03-31T00:49:31.497000;ba217b25-acf9-4303-a5bf-65808b1ca33f;414.96;0.31734;BUY
2016-03-31T00:50:31.567000;2016-03-31T00:50:31.590000;12784155-6b06-4c3a-9d64-350875134e1b;414.93;0.01;SELL
2016-03-31T00:50:31.567000;2016-03-31T00:50:31.607000;21047e37-c1db-4d08-9c54-9c213819f512;414.92;0.01;SELL
2016-03-31T00:50:31.567000;2016-03-31T00:50:31.607000;a4537cfe-3b58-405b-87f4-468b587717e2;414.91;0.01;SELL
2016-03-31T00:50:31.567000;2016-03-31T00:50:31.620000;c049f274-393c-45b3-b055-5846a5a8b5cd;414.88;0.012;SELL
2016-03-31T00:50:31.567000;2016-03-31T00:50:31.637000;1831edac-242f-4ecc-bfbd-d591bfdea821;414.84;0.32381;SELL
2016-03-31T00:51:01.433000;2016-03-31T00:51:01.463000;5d8a9594-1c46-47ea-a07c-f9cb3433d292;414.89;0.0655;BUY
2016-03-31T00:51:31.407000;2016-03-31T00:51:31.433000;a9998db0-3758-4a55-84a5-e34655d64128;414.89;0.78376;BUY
2016-03-31T00:52:01.397000;2016-03-31T00:52:01.417000;a3405bcf-9e2e-4570-a486-5c62c87a1afd;414.96;0.5;BUY
2016-03-31T00:52:01.397000;2016-03-31T00:52:01.433000;821fe1f6-a2f4-460e-8f77-fa5b3250a2f3;414.97;1.89136;BUY
2016-03-31T00:52:31.407000;2016-03-31T00:52:31.433000;bc813106-41be-4227-b689-c154214d48f6;414.99;0.01;BUY
2016-03-31T00:52:31.407000;2016-03-31T00:52:31.450000;eccca7c3-afca-4628-b0fe-9ab23ecbc0d9;414.99;0.67922;BUY
2016-03-31T00:53:01.460000;2016-03-31T00:53:01.480000;973f3867-69d0-4ae9-b0d6-8ef6513ff315;415.0;0.21065;BUY
2016-03-31T00:53:31.520000;2016-03-31T00:53:31.543000;111eeb8b-6da0-49e9-9531-e98686066936;414.96;0.01;SELL
2016-03-31T00:53:31.520000;2016-03-31T00:53:31.560000;a9c77e5e-2028-45ef-80cb-5bc0e7d348f9;414.95;0.00205;SELL
2016-03-31T00:54:05.847000;2016-03-31T00:54:05.870000;86261abf-bd26-4594-b97d-e6ecb0a818e6;415.0;0.18258;BUY
2016-03-31T00:54:31.443000;2016-03-31T00:54:31.463000;9f9a4e6b-e6c7-4a8d-8ff2-777c578517ac;414.98;0.019;BUY
2016-03-31T00:54:31.443000;2016-03-31T00:54:31.480000;1fcdfce6-f864-4eea-8013-e3d11e8a1abb;415.0;0.10677;BUY
2016-03-31T00:54:31.443000;2016-03-31T00:54:31.480000;cdeafcb8-fa6c-48a2-b411-26e0fd1c9ca9;415.0;0.01;BUY
2016-03-31T00:54:31.443000;2016-03-31T00:54:31.497000;61149ca1-5ecb-4efe-80b4-55c86f0f964a;415.01;0.01;BUY
2016-03-31T00:54:31.443000;2016-03-31T00:54:31.497000;5ba5540b-ef95-4e25-85de-c334fb5051ec;415.01;0.5;BUY
2016-03-31T00:54:31.443000;2016-03-31T00:54:31.497000;873caf5c-313e-425f-a5c4-cd638d4fb024;415.02;0.5;BUY
2016-03-31T00:54:31.443000;2016-03-31T00:54:31.497000;dfa93666-9c57-4d85-adc0-2de3a7738a05;415.02;0.01;BUY
2016-03-31T00:54:31.443000;2016-03-31T00:54:31.497000;cf604d88-cc93-43af-b820-409314dde690;415.03;0.01;BUY
2016-03-31T00:54:31.443000;2016-03-31T00:54:31.510000;6937050f-246f-49bc-8da5-06a252df9481;415.04;0.01;BUY
2016-03-31T00:54:31.443000;2016-03-31T00:54:31.510000;89c50557-273a-40f7-9976-421d7ee75c7c;415.04;0.01;BUY
2016-03-31T00:54:31.447000;2016-03-31T00:54:31.510000;928b5b7a-b010-442d-ba99-1af0f01e374e;415.05;0.01;BUY
2016-03-31T00:54:31.447000;2016-03-31T00:54:31.510000;7b6e928e-81b1-4cd3-b894-232fb8209432;415.05;0.01;BUY
2016-03-31T00:54:31.447000;2016-03-31T00:54:31.573000;07b7c125-fe96-432b-b652-da1de223ef86;415.06;0.01;BUY
2016-03-31T00:54:31.447000;2016-03-31T00:54:31.573000;8b221b23-9647-4ece-853d-87b046c60f1a;415.06;0.01;BUY
2016-03-31T00:54:31.447000;2016-03-31T00:54:31.573000;121dbd48-f48b-4ccf-847f-578bab0928b0;415.06;0.01675;BUY
