time_exchange;time_coinpai;guid;price;base_amount;taker_side
2016-03-31T00:06:01.000000;2016-03-31T00:06:01.997000;2d9485df-a1ad-4e4c-b098-2b080250b2a0;11.864;49.7661;SELL
2016-03-31T00:07:06.000000;2016-03-31T00:07:06.560000;b0e69d09-4b7b-43b1-a48a-838c5d71e2aa;11.864;4.30248317;BUY
2016-03-31T00:07:06.000000;2016-03-31T00:07:06.693000;886a47c1-8287-4981-8f05-e33bcead90ac;11.864;1.36065753;BUY
2016-03-31T00:07:09.000000;2016-03-31T00:07:09.937000;c975c3e7-ad49-4e2f-a6b7-344622e7d276;11.864;1.35914185;BUY
2016-03-31T00:11:31.000000;2016-03-31T00:11:31.783000;7bcb38cb-06a7-48f6-9d7d-17fd8fa0dbbc;11.867;36.06144565;SELL
2016-03-31T00:13:55.000000;2016-03-31T00:13:55.693000;b5e827e3-8383-4e24-a260-cd0f59704f43;11.907;4.28694537;BUY
2016-03-31T00:19:30.000000;2016-03-31T00:19:30.140000;f9d6396d-8283-46a4-8593-d43d356655fe;11.922;0.54815;SELL
2016-03-31T00:22:11.000000;2016-03-31T00:22:11.390000;44911f32-151c-4ff8-a09a-bd5e22d1de60;11.962;2.6706;BUY
2016-03-31T00:25:29.000000;2016-03-31T00:25:29.273000;727d3c7d-64b9-4c39-b045-18bcee2bcaa0;11.963;4.26687771;BUY
2016-03-31T00:25:29.000000;2016-03-31T00:25:29.290000;9fcc0b34-efd1-4658-a4b0-8c01a56a4417;11.963;3.24412229;BUY
2016-03-31T00:42:28.000000;2016-03-31T00:42:28.953000;44d6cd5f-5f52-417f-9036-ab2831c7d80b;11.93;1.1;SELL
2016-03-31T00:42:41.000000;2016-03-31T00:42:41.993000;f9cfe67c-9698-4958-95ad-d47a93b674ac;11.922;3.72727428;SELL
2016-03-31T00:42:41.000000;2016-03-31T00:42:42.003000;58c50eae-eb05-4729-ab89-abca2c836479;11.921;0.55861007;SELL
2016-03-31T00:47:23.000000;2016-03-31T00:47:23.873000;a925f60f-d5eb-4f67-8295-ca6ef3d88364;11.909;4.27542428;BUY
2016-03-31T00:48:43.000000;2016-03-31T00:48:43.800000;d26913a9-7657-498e-a3c5-27d3cc40d9fa;11.885;0.34607692;SELL
2016-03-31T00:48:48.000000;2016-03-31T00:48:48.113000;b933cae2-29e1-4e5e-a417-1bcdcff1f0b6;11.885;0.34607692;SELL
2016-03-31T00:48:48.000000;2016-03-31T00:48:48.473000;f80b91d0-4ca8-4fe0-862e-1109eaf901e9;11.885;0.34607692;SELL
2016-03-31T00:48:49.000000;2016-03-31T00:48:49.773000;2e95bc7e-49a0-487f-a7e5-a90793cf68c9;11.885;0.34607692;SELL
2016-03-31T00:48:49.000000;2016-03-31T00:48:50.017000;ce35c401-7d1f-4c7e-99bb-1c3ebda7462e;11.885;0.34607692;SELL
2016-03-31T01:28:56.000000;2016-03-31T01:28:57.000000;534bc0f6-ce12-49c8-99a7-4caef632c4bc;11.924;1.1;SELL
2016-03-31T01:47:10.000000;2016-03-31T01:47:10.093000;f2311b1d-75ae-4b23-a051-3be4f625ccfd;11.94;0.22075;SELL
2016-03-31T02:41:39.000000;2016-03-31T02:41:39.953000;52c7febd-0835-4d0f-b9d3-0785695b1bad;11.885;1.13286938;SELL
2016-03-31T02:44:15.000000;2016-03-31T02:44:15.230000;0e3e132c-c8c5-44ad-9270-55c1ea2d2c2f;11.884;2.86349491;SELL
2016-03-31T02:44:23.000000;2016-03-31T02:44:23.470000;38a481a8-8968-4a50-9ece-9837b6694383;11.865;4.30642696;SELL
2016-03-31T02:44:23.000000;2016-03-31T02:44:23.713000;7958e544-a209-4a7f-9022-0f66976b7ca2;11.865;4.30642696;SELL
2016-03-31T03:04:56.000000;2016-03-31T03:04:56.737000;e245fe20-6d12-4756-8d04-c7959f81fff3;11.82;30.0;SELL
2016-03-31T03:04:56.000000;2016-03-31T03:04:56.750000;a3d1b378-8572-4ebd-823a-96abc5159e96;11.81;26.68802471;SELL
2016-03-31T03:04:57.000000;2016-03-31T03:04:57.277000;821ead52-91a9-4241-95c0-660c17c4716e;11.81;3.31197529;SELL
2016-03-31T03:04:57.000000;2016-03-31T03:04:57.290000;5997b700-50bb-4cca-abb1-e4ae96eb13e2;11.809;50.0288;SELL
2016-03-31T03:04:57.000000;2016-03-31T03:04:57.297000;06a66661-9a40-4d71-b456-2cb1eb1026d7;11.804;4.444149;SELL
2016-03-31T03:04:57.000000;2016-03-31T03:04:57.330000;f596559e-6c9f-412a-996d-f41302e25528;11.8;78.17700263;SELL
2016-03-31T03:14:08.000000;2016-03-31T03:14:08.343000;82052646-1b14-4267-a964-4cd9ef220ba0;11.812;0.9;SELL
2016-03-31T03:26:03.000000;2016-03-31T03:26:03.673000;2d40d20b-71bc-4cc6-8ae5-4d8061dde8a6;11.812;0.9;SELL
2016-03-31T04:51:05.000000;2016-03-31T04:51:05.353000;5d44cde4-49cd-4c84-a08f-e19e2f31f7c2;11.952;0.1;BUY
2016-03-31T04:51:05.000000;2016-03-31T04:51:05.363000;87a08e50-f7a4-41c6-9c33-4c6b143f350b;11.97;19.9;BUY
2016-03-31T05:02:33.000000;2016-03-31T05:02:33.163000;785ae921-992c-4eaf-80b6-cd5d06ffddae;11.97;0.1;BUY
2016-03-31T05:02:33.000000;2016-03-31T05:02:33.173000;232d51f0-1726-45be-8813-cd232ecae001;11.97;19.9;BUY
2016-03-31T05:02:54.000000;2016-03-31T05:02:54.193000;8f0a0341-14ab-4eba-91ec-6199dc037cb4;11.97;0.1;BUY
2016-03-31T05:14:17.000000;2016-03-31T05:14:17.267000;3e2367a3-044a-4bee-a060-4cd6b27053bd;11.97;1.37445464;SELL
2016-03-31T05:14:17.000000;2016-03-31T05:14:17.777000;2fef8fac-adb6-43a5-ab56-23a5595228e1;11.97;1.37462524;SELL
2016-03-31T05:19:07.000000;2016-03-31T05:19:07.530000;2699e124-828f-4c09-a625-21dd88272668;11.916;49.5961;SELL
2016-03-31T05:19:07.000000;2016-03-31T05:19:07.547000;5af262f3-0016-4f66-971b-8697a6e54a4b;11.913;27.10302728;SELL
2016-03-31T05:19:07.000000;2016-03-31T05:19:07.557000;6d51fdd5-f709-4f3c-be08-13fbd71d57cb;11.906;1.50447581;SELL
2016-03-31T05:45:13.000000;2016-03-31T05:45:13.653000;2afc3604-0711-45ba-8dbd-429461944df8;11.916;0.44239;SELL
2016-03-31T05:46:37.000000;2016-03-31T05:46:37.487000;be3848eb-e0d1-4267-bc61-85b3f2f0d2fc;11.916;9.55761;SELL
2016-03-31T05:59:48.000000;2016-03-31T05:59:48.760000;e31ce333-aed5-48d2-a4f4-77351d5706fb;11.938;1.504;BUY
2016-03-31T05:59:48.000000;2016-03-31T05:59:48.770000;33309c35-3fbf-4d35-81a3-e3f3d29677eb;11.944;1.696;BUY
2016-03-31T06:02:59.000000;2016-03-31T06:02:59.197000;a36d1d34-aa1c-418f-9579-4597189e2714;11.944;0.2744;BUY
2016-03-31T06:43:37.000000;2016-03-31T06:43:37.257000;3cca2eeb-efac-47fa-8cad-29d64837690e;11.948;0.54950594;BUY
2016-03-31T06:43:37.000000;2016-03-31T06:43:37.270000;50850732-8935-42f6-820d-5605487a2bad;11.949;49.5707;BUY
2016-03-31T06:43:37.000000;2016-03-31T06:43:37.273000;96c82a04-7b4a-44fb-a86b-94f4bfeb1437;11.949;2.268271;BUY
2016-03-31T06:43:37.000000;2016-03-31T06:43:37.790000;7a49041a-9d45-40d5-b34c-adc132a670ea;11.949;0.54950594;SELL
2016-03-31T06:44:43.000000;2016-03-31T06:44:43.743000;98840c79-d673-4074-9806-67ea8f776382;11.949;0.54950594;SELL
2016-03-31T06:44:44.000000;2016-03-31T06:44:44.900000;d34a2f9d-9078-4236-bec4-52353d0e9ce8;11.949;0.54950594;SELL
2016-03-31T06:44:45.000000;2016-03-31T06:44:45.410000;e7a1f878-8701-4268-9532-1664a71fbfce;11.949;0.54950594;SELL
2016-03-31T06:44:47.000000;2016-03-31T06:44:47.933000;cb636806-97f1-40c6-94b8-3b64dbb23bfd;11.949;0.54950594;SELL
2016-03-31T06:47:53.000000;2016-03-31T06:47:53.653000;b6a75e07-6d4d-423b-8bec-f14e0714f5a7;11.949;1.00762067;SELL
2016-03-31T06:48:19.000000;2016-03-31T06:48:19.953000;0ea6ae4c-3da8-4c50-9e61-00cc2096a8d0;11.949;17.0;SELL
2016-03-31T06:48:29.000000;2016-03-31T06:48:29.057000;ff0ebdc4-89b3-4931-88c8-460eaaf01add;11.949;0.47937269;SELL
2016-03-31T06:48:29.000000;2016-03-31T06:48:29.067000;74f34d4d-7460-4537-ac72-f360c67a77bf;11.881;0.02062731;SELL
2016-03-31T07:01:56.000000;2016-03-31T07:01:56.117000;6f1fb671-3309-469f-8e9e-5e8df43f0aab;11.949;0.2;BUY
2016-03-31T07:07:02.000000;2016-03-31T07:07:02.220000;dcb78d26-d0d6-4e05-b514-3b7254511399;11.95;10.0;BUY
2016-03-31T07:07:05.000000;2016-03-31T07:07:05.130000;89b6f4c8-1ac6-4fe9-ab77-1bce443cfcdb;11.98;4.8;BUY
2016-03-31T07:07:05.000000;2016-03-31T07:07:05.170000;e5c47227-fa0f-4749-8f81-ad9fe35da7c7;11.95;4.8;SELL
2016-03-31T07:08:32.000000;2016-03-31T07:08:32.410000;5dd2f1df-d040-4e31-95fc-5d77aac4f4e6;11.92;0.29277489;SELL
2016-03-31T07:28:48.000000;2016-03-31T07:28:48.800000;1c9a4fd0-fe97-4e12-adf9-d7845bec6444;11.979;49.1954;BUY
2016-03-31T08:03:12.000000;2016-03-31T08:03:12.933000;474b018f-7f9b-463e-9819-116329e1e4e4;11.917;18.13404047;SELL
2016-03-31T08:07:01.000000;2016-03-31T08:07:01.943000;fce71ee2-8789-4e27-8626-00d8e0d6ca10;11.917;8.97356611;SELL
2016-03-31T08:17:33.000000;2016-03-31T08:17:33.593000;ed23905e-52a2-4517-ac60-7ded8bba5e47;11.903;8.97356611;BUY
2016-03-31T08:17:33.000000;2016-03-31T08:17:33.600000;b8cbde9c-ab47-4b6d-a68b-f00d72e790c2;11.933;0.02643389;BUY
2016-03-31T08:18:15.000000;2016-03-31T08:18:15.330000;9dad99c7-429b-450d-b812-b40c9cda1e15;11.881;49.7866;SELL
2016-03-31T08:18:15.000000;2016-03-31T08:18:15.347000;d72a2f73-4712-4621-8b85-cb7e2e73af5b;11.88;20.0;SELL
2016-03-31T08:25:32.000000;2016-03-31T08:25:32.710000;1d642a80-d9cf-406d-a1f1-230d6e61f614;11.88;50.0829;BUY
2016-03-31T08:25:35.000000;2016-03-31T08:25:35.723000;469bf3dd-2fca-40f3-a3af-7af9746089cf;11.88;14.32930811;BUY
2016-03-31T08:46:50.000000;2016-03-31T08:46:50.993000;5614cdb4-69ca-45a3-b968-e2db70df5c3d;11.88;50.1132;BUY
2016-03-31T08:47:23.000000;2016-03-31T08:47:23.080000;f78fdbac-6d46-41a9-923f-d09677b9a057;11.88;50.1942;BUY
2016-03-31T08:48:09.000000;2016-03-31T08:48:09.107000;ed736599-7225-450e-8b98-2dc088540907;11.88;50.3305;BUY
2016-03-31T09:22:45.000000;2016-03-31T09:22:45.060000;63af3f56-b6c8-474c-92ce-2ee8966b6999;11.88;27.1652476;BUY
2016-03-31T09:22:47.000000;2016-03-31T09:22:47.970000;5bad6511-d14c-4f17-946f-13e75b2c01c7;11.88;27.1652476;BUY
2016-03-31T09:22:49.000000;2016-03-31T09:22:49.147000;90211588-2a17-4e2d-9753-735d426afc64;11.88;69.49;BUY
2016-03-31T09:22:49.000000;2016-03-31T09:22:49.207000;6e0daef0-36ee-495e-af48-9f057d480867;11.88;27.1652476;BUY
2016-03-31T09:22:50.000000;2016-03-31T09:22:50.097000;15eff005-aa76-4d36-8af5-e7bec49629af;11.88;76.35;BUY
2016-03-31T09:22:50.000000;2016-03-31T09:22:50.983000;106984e8-ec91-4f1e-929f-70ec24ce69b7;11.88;27.1652476;BUY
2016-03-31T09:22:51.000000;2016-03-31T09:22:51.987000;3c2315b9-628c-48fa-a1f7-55edd6ff323e;11.88;27.1652477;BUY
2016-03-31T09:22:52.000000;2016-03-31T09:22:52.420000;e14367f6-5450-42d1-93ce-8f0907f6daaf;11.88;7.2;BUY
2016-03-31T09:22:52.000000;2016-03-31T09:22:52.903000;7bc76309-b3e4-4c61-b7ea-5e75f9c0edfd;11.88;70.03;BUY
2016-03-31T09:23:02.000000;2016-03-31T09:23:02.280000;ebe94275-9bf7-4e58-883b-1e9f6c16da5a;11.88;3.5;BUY
2016-03-31T09:23:30.000000;2016-03-31T09:23:30.877000;6adb4088-4186-465c-83cd-260c1eba97c8;11.88;1.5;BUY
2016-03-31T09:23:39.000000;2016-03-31T09:23:39.180000;18ba0258-8d80-4ca2-927e-dd6f3a00cbf7;11.88;2.4;BUY
2016-03-31T09:35:07.000000;2016-03-31T09:35:07.627000;5f7054c0-a851-42c4-8b85-b8ee21e416b6;11.88;170.18322379;BUY
2016-03-31T09:35:43.000000;2016-03-31T09:35:43.997000;3d18d41f-4c69-405c-bf47-ed3c0ae50291;11.881;8.32967003;SELL
2016-03-31T09:58:10.000000;2016-03-31T09:58:10.530000;7199bc57-a28d-44e0-a04d-bdca134ebd1c;11.943;2.263526;BUY
2016-03-31T09:58:11.000000;2016-03-31T09:58:11.467000;f1e3f7b6-313a-4a86-8adb-36cbe0fa619d;11.978;27.01401324;BUY
2016-03-31T09:58:15.000000;2016-03-31T09:58:15.877000;03d9dbd2-0f4d-4964-a7b5-aec27a6b3556;11.978;10.0;SELL
2016-03-31T09:59:16.000000;2016-03-31T09:59:16.320000;6fce4e7c-5b5c-4f5e-8d6a-23b8b835f2a0;11.949;14.6;BUY
2016-03-31T09:59:16.000000;2016-03-31T09:59:16.333000;f76c9d50-d08c-468b-8eb0-1d430a2faf05;11.979;35.208;BUY
2016-03-31T09:59:16.000000;2016-03-31T09:59:16.713000;fef66ac0-7edd-4659-8e5d-7861738c52b7;11.979;14.6;BUY
2016-03-31T09:59:17.000000;2016-03-31T09:59:17.603000;f8b7fd77-a649-4b98-b031-8f284349d411;11.98;5.2;BUY
2016-03-31T09:59:17.000000;2016-03-31T09:59:17.613000;8eeb3ef0-0671-40af-8525-e18b49269aac;11.98;20.0;BUY
2016-03-31T10:53:49.000000;2016-03-31T10:53:49.617000;6a87606b-7618-4505-83d3-708d6e5e6e7f;11.926;49.6722;SELL
2016-03-31T10:53:49.000000;2016-03-31T10:53:49.623000;4a443575-6087-49a5-91e9-d28728eafe4b;11.926;95.3278;SELL
2016-03-31T11:29:00.000000;2016-03-31T11:29:00.887000;d8ccc4a5-4b65-491f-b414-03122020d28e;11.953;0.1;SELL
2016-03-31T11:29:41.000000;2016-03-31T11:29:41.297000;4733794b-105d-46c6-bd7e-d803afca23b6;11.953;49.8642;SELL
2016-03-31T11:29:41.000000;2016-03-31T11:29:41.307000;b916b4d1-f1cb-412a-b2f5-f254c08614dd;11.953;50.1358;SELL
2016-03-31T11:32:56.000000;2016-03-31T11:32:56.890000;4be20181-413f-4c50-b39f-c59deaf0c2d7;11.96;0.1;BUY
2016-03-31T11:32:56.000000;2016-03-31T11:32:56.907000;b1a52af6-70ea-4548-a9f5-2dba16662608;11.98;0.1;BUY
2016-03-31T11:32:56.000000;2016-03-31T11:32:56.913000;418046c7-4d84-44a1-9498-48ba205a8521;11.99;10.0;BUY
2016-03-31T11:32:56.000000;2016-03-31T11:32:56.943000;b8b02afc-285d-418a-9547-00e8ad51e03a;11.997;3.46547413;BUY
2016-03-31T11:32:56.000000;2016-03-31T11:32:56.943000;bddceac4-a189-4eaf-be36-95c334bec3dc;12.015;28.33452587;BUY
2016-03-31T11:42:50.000000;2016-03-31T11:42:50.360000;64f25ef5-5aaa-4fad-b9c9-994f6361cafe;12.002;50.2052;BUY
2016-03-31T11:42:50.000000;2016-03-31T11:42:50.393000;96b4aefc-4d9f-4e31-925e-a00c04e9c026;12.002;2.277343;BUY
2016-03-31T11:42:50.000000;2016-03-31T11:42:50.393000;b3b3dc85-5e4f-4864-aeef-97cc38b63bd6;12.002;24.997357;BUY
2016-03-31T11:45:48.000000;2016-03-31T11:45:48.730000;a46805da-145b-498b-8c93-ce9d2c5fc10f;11.97;3.62758846;SELL
2016-03-31T11:45:52.000000;2016-03-31T11:45:53.040000;3313ea80-3d5f-445b-831c-059bd328467d;11.97;3.62758846;SELL
2016-03-31T11:45:59.000000;2016-03-31T11:45:59.420000;cae90bd5-9865-4344-bb54-1d2746ad61fd;11.97;2.74482308;SELL
2016-03-31T11:56:01.000000;2016-03-31T11:56:01.760000;e60af50b-7be2-45a7-8d44-dad9426e5597;11.95;1.0;SELL
2016-03-31T11:56:01.000000;2016-03-31T11:56:01.767000;7f0ee735-8acc-417a-9fee-8eb9a2b9d55d;11.95;2.50203111;SELL
2016-03-31T11:56:06.000000;2016-03-31T11:56:06.633000;ba9d06e0-00be-4094-8325-26fabefd6d3f;11.95;3.50203111;SELL
2016-03-31T11:56:11.000000;2016-03-31T11:56:11.327000;4f588268-3280-4052-82da-d2b9bcf027fc;11.95;3.50203111;SELL
2016-03-31T11:56:15.000000;2016-03-31T11:56:15.550000;8d9e3780-99fd-4eb0-9145-918632542de0;11.95;0.49390667;SELL
2016-03-31T11:58:09.000000;2016-03-31T11:58:09.513000;18229cb9-3f2c-4f06-9c03-97bf8caf85ba;11.91;3.57795951;SELL
2016-03-31T11:58:13.000000;2016-03-31T11:58:13.103000;a695aec8-0dc5-4bdb-a783-0336b9947598;11.91;3.57795951;SELL
2016-03-31T12:13:39.000000;2016-03-31T12:13:39.750000;06a67d89-4be9-4ba4-810d-05b7ef4c3508;11.967;8.0432;BUY
2016-03-31T12:41:00.000000;2016-03-31T12:41:01.030000;a074df2e-7c3b-40d5-95fe-7bf53f138a6b;11.96;5.0;BUY
2016-03-31T12:48:23.000000;2016-03-31T12:48:23.287000;13c49227-ef34-450d-ae38-3b2c4879fa80;11.96;1.0;BUY
2016-03-31T13:07:03.000000;2016-03-31T13:07:03.897000;3cfb56cb-0ae9-40fe-8abd-3a7c368082e9;11.92;0.54885;SELL
2016-03-31T13:08:47.000000;2016-03-31T13:08:47.927000;fdcb2b06-4f0a-4a08-a291-a1524f694c2e;11.92;0.52648;SELL
2016-03-31T13:14:07.000000;2016-03-31T13:14:07.190000;020151e5-e9f4-4d13-be05-26a91cf38249;11.962;50.4145;BUY
2016-03-31T13:14:07.000000;2016-03-31T13:14:07.200000;24362e34-9b3a-439f-8078-09b6dd823514;11.962;2.143594;BUY
2016-03-31T13:14:10.000000;2016-03-31T13:14:10.580000;130f079c-b797-4d8e-afaf-53bed90417f1;11.962;2.265137;SELL
2016-03-31T13:14:10.000000;2016-03-31T13:14:10.763000;46c31f79-05b9-44c6-b9de-c499d7efbecf;11.962;1.07602128;SELL
2016-03-31T13:14:15.000000;2016-03-31T13:14:15.437000;5e842f5e-ded8-4071-a219-1219c2c77ecc;11.962;1.47767295;SELL
2016-03-31T13:14:18.000000;2016-03-31T13:14:18.760000;d17f798e-a8d0-4b5c-8ce2-a1700a0a0892;11.962;3.70041645;SELL
2016-03-31T13:14:23.000000;2016-03-31T13:14:24.007000;316d253a-e8ae-47f8-8313-85afc366ad38;11.962;3.71789407;SELL
2016-03-31T13:14:30.000000;2016-03-31T13:14:30.387000;29866e78-4f53-494d-a408-7efd7c189128;11.962;3.66546374;SELL
2016-03-31T13:14:35.000000;2016-03-31T13:14:35.750000;b47a4e57-91fc-48d6-8893-b4ad8034358f;11.962;3.64798865;SELL
2016-03-31T13:14:39.000000;2016-03-31T13:14:39.967000;25770a7f-b345-45b0-b8c4-4e15a1eed897;11.962;3.64798865;SELL
2016-03-31T13:14:44.000000;2016-03-31T13:14:44.083000;c3c0d6be-0104-4d56-8f38-739df9cbc98e;11.962;3.64798865;SELL
2016-03-31T13:14:48.000000;2016-03-31T13:14:48.640000;cd45ad11-31c7-4106-a312-3333da55d77e;11.962;3.64798865;SELL
2016-03-31T13:14:53.000000;2016-03-31T13:14:53.863000;aafbaff3-61fb-45c3-b6a9-26281063fc7e;11.962;3.64798865;SELL
2016-03-31T13:14:57.000000;2016-03-31T13:14:57.220000;b92bb92b-aac0-4b1f-b101-6bbb61841c0c;11.962;3.64798865;SELL
2016-03-31T13:15:00.000000;2016-03-31T13:15:00.930000;45de0f96-65ee-4686-b5ac-512884f77e97;11.962;3.64798865;SELL
2016-03-31T13:15:05.000000;2016-03-31T13:15:05.180000;b0ee9601-47bc-42fa-93ca-84ed35f547bb;11.962;3.64798865;SELL
2016-03-31T13:15:09.000000;2016-03-31T13:15:09.283000;0cf47945-edcc-4eb5-b8e0-e87068b4d688;11.962;3.64798865;SELL
2016-03-31T13:15:14.000000;2016-03-31T13:15:14.827000;9a4a6026-d392-492a-b056-3eab1860c8ef;11.962;3.64798865;SELL
2016-03-31T13:15:19.000000;2016-03-31T13:15:19.717000;729f0eb8-cc01-4558-a8bc-904c592d691c;11.962;3.07427419;SELL
2016-03-31T13:16:00.000000;2016-03-31T13:16:00.493000;cd08d204-4f1f-47bc-bb8b-8d253599e2d8;11.962;1.07230974;SELL
2016-03-31T13:16:06.000000;2016-03-31T13:16:06.973000;9c345964-cfc2-40ee-8ae4-7f887a363c91;11.962;3.97606202;SELL
2016-03-31T13:16:11.000000;2016-03-31T13:16:11.820000;8166546d-a1f5-4a57-bd01-eade859476c9;11.962;3.97606202;SELL
2016-03-31T13:16:16.000000;2016-03-31T13:16:16.240000;46b6ade0-09d3-476b-bdc4-1ec77c5da6a3;11.962;3.97606202;SELL
2016-03-31T13:16:20.000000;2016-03-31T13:16:20.387000;e998d9c2-968e-4889-b69d-ae9fd9e0433e;11.962;0.49693113;SELL
2016-03-31T13:16:44.000000;2016-03-31T13:16:44.443000;ecba85bd-f9ff-41b8-be63-4e4cb7c997b3;11.962;3.92452325;SELL
2016-03-31T13:16:47.000000;2016-03-31T13:16:47.993000;0b04146b-18e4-491c-8c6f-44eb9d45eef5;11.962;3.92452325;SELL
2016-03-31T13:16:52.000000;2016-03-31T13:16:53.003000;d250acb2-882b-4968-8513-95aca0b6c637;11.962;2.12616499;SELL
2016-03-31T13:17:01.000000;2016-03-31T13:17:01.423000;e2077665-b96e-49e9-9d7d-d9d748483a4e;11.962;3.92426814;SELL
2016-03-31T13:17:06.000000;2016-03-31T13:17:06.087000;61c5b717-e6db-4b6c-ba63-0e1a1db5f7bc;11.962;3.92426814;SELL
2016-03-31T13:17:13.000000;2016-03-31T13:17:13.207000;f9705aae-a2c6-4423-b9a1-e555692cbaf4;11.962;3.92426814;SELL
2016-03-31T13:17:19.000000;2016-03-31T13:17:19.973000;653217bf-7fd1-4f93-b373-6b2fa0c2216d;11.962;3.92426814;SELL
2016-03-31T13:17:24.000000;2016-03-31T13:17:24.433000;5ce40084-6f2b-4c83-9258-66d331eec92a;11.962;3.92426814;SELL
2016-03-31T13:17:29.000000;2016-03-31T13:17:29.293000;b1b7784b-75c2-489f-9be6-70dcae87f1bd;11.962;3.92426814;SELL
2016-03-31T13:17:33.000000;2016-03-31T13:17:33.577000;9cc1cce3-69cf-477a-8744-a3572a9b977c;11.962;3.92426814;SELL
2016-03-31T13:17:37.000000;2016-03-31T13:17:37.587000;d7077fe8-e009-41a9-ac39-4c6c5729d9e1;11.962;3.92426814;SELL
2016-03-31T13:17:41.000000;2016-03-31T13:17:41.083000;15eaf86f-97d5-4027-af30-bc0a2f43f4f3;11.962;3.92426814;SELL
2016-03-31T13:17:44.000000;2016-03-31T13:17:44.480000;19b42d1a-f03d-4a05-a1b4-4702a95c3590;11.962;3.92426814;SELL
2016-03-31T13:17:48.000000;2016-03-31T13:17:48.110000;e394ad87-117d-4492-8bb7-cc94a873902b;11.962;3.92426814;SELL
2016-03-31T13:17:52.000000;2016-03-31T13:17:52.400000;ff85fabb-176a-4e4f-a417-fcde6508191e;11.962;3.92426814;SELL
2016-03-31T13:17:56.000000;2016-03-31T13:17:56.413000;534317e5-ae7c-4c27-ab71-6935052bdfcc;11.962;3.92426814;SELL
2016-03-31T13:18:00.000000;2016-03-31T13:18:00.160000;264fb1af-8282-46f1-8786-6db9ef765f64;11.962;3.92426814;SELL
2016-03-31T13:18:04.000000;2016-03-31T13:18:04.523000;8742beaf-8789-4e06-824c-7bbfea325d4c;11.962;3.92426814;SELL
2016-03-31T13:18:07.000000;2016-03-31T13:18:07.870000;d696ee8f-38e5-4410-badf-35152db6585d;11.962;3.92426814;SELL
2016-03-31T13:18:11.000000;2016-03-31T13:18:11.833000;8b2b765e-7842-4ddb-b623-045991be93e7;11.962;3.92426814;SELL
2016-03-31T13:18:20.000000;2016-03-31T13:18:20.807000;224bbb03-38a8-42b6-b583-e96449edda99;11.962;3.97606202;SELL
2016-03-31T13:18:27.000000;2016-03-31T13:18:27.070000;dfa48f2a-84fe-4def-90d7-d5b430e57bcf;11.962;3.97606202;SELL
2016-03-31T13:18:35.000000;2016-03-31T13:18:35.043000;a673b892-21d8-4039-bc27-d84783961d00;11.962;3.97606202;SELL
2016-03-31T13:18:40.000000;2016-03-31T13:18:40.513000;bad88788-58ea-4e3d-b609-95e5ad9851ee;11.962;3.97606202;SELL
2016-03-31T13:18:41.000000;2016-03-31T13:18:41.983000;3239e5ff-cc52-495f-9a45-140510326338;11.964;50.1547;BUY
2016-03-31T13:18:41.000000;2016-03-31T13:18:42.000000;869b87e2-4679-495b-a6c8-95d841513aaa;11.964;2.260499;BUY
2016-03-31T13:18:41.000000;2016-03-31T13:18:42.030000;dda19aa0-da77-4cf2-8cc6-98171e9dbbbf;11.969;0.196;BUY
2016-03-31T13:18:41.000000;2016-03-31T13:18:42.037000;b0d8a8bb-449a-4db6-af4c-950ffbb5de39;11.97;8.0;BUY
2016-03-31T13:18:47.000000;2016-03-31T13:18:47.620000;5d25b641-b940-469f-b9c0-6576eedbb4d0;11.97;4.45217036;SELL
2016-03-31T13:18:52.000000;2016-03-31T13:18:52.833000;ed39aec7-7abb-479c-bcdc-8bbdf9da41eb;11.97;4.45217036;SELL
2016-03-31T13:18:59.000000;2016-03-31T13:18:59.447000;8dfb3334-ccb1-4099-905d-01b3ccf27ec3;11.97;4.45217036;SELL
2016-03-31T13:19:05.000000;2016-03-31T13:19:05.687000;30219817-6688-4ab0-9657-8b1b87aafe1c;11.97;4.45217036;SELL
2016-03-31T13:19:11.000000;2016-03-31T13:19:11.670000;0d0dde8c-78f7-446d-8a47-d87d4cf55904;11.97;4.45217036;SELL
2016-03-31T13:19:17.000000;2016-03-31T13:19:17.980000;fc1f811e-6df5-403a-96fb-8b632eddceda;11.97;4.45217036;SELL
2016-03-31T13:19:22.000000;2016-03-31T13:19:22.777000;2d509b5c-3417-4db5-8a6d-a50cb2797651;11.97;4.45217036;SELL
2016-03-31T13:19:26.000000;2016-03-31T13:19:27.000000;44f96db7-07aa-4e13-8148-b1409d125d59;11.97;4.45217036;SELL
2016-03-31T13:19:32.000000;2016-03-31T13:19:32.323000;9bc16481-4c57-4559-b7ba-01b5d2615255;11.97;3.77143812;SELL
2016-03-31T13:19:37.000000;2016-03-31T13:19:37.883000;06e3b941-03a5-4ac5-b219-fc7bc878d701;11.962;3.97606202;SELL
2016-03-31T13:19:42.000000;2016-03-31T13:19:42.957000;9039374a-8f71-4cc8-bbfe-a9cc8d1e8d1e;11.962;3.97606202;SELL
2016-03-31T13:19:50.000000;2016-03-31T13:19:50.613000;362027c2-a20e-4f2f-a37c-f6dec410d138;11.962;3.97606202;SELL
2016-03-31T13:19:56.000000;2016-03-31T13:19:56.247000;6167e39e-656d-4648-9964-a54f89e3f9bf;11.962;3.97606202;SELL
2016-03-31T13:20:00.000000;2016-03-31T13:20:00.463000;f562bd72-5610-45d7-b0b5-2c03013c83dd;11.962;3.97606202;SELL
2016-03-31T13:20:08.000000;2016-03-31T13:20:08.797000;3439ae2d-0016-4293-b619-a9ca74a25629;11.962;3.97606202;SELL
2016-03-31T13:20:17.000000;2016-03-31T13:20:17.600000;50395388-f582-44ee-882c-a595d505a83e;11.962;3.97606202;SELL
2016-03-31T13:20:23.000000;2016-03-31T13:20:23.300000;dadfc0d6-ecd4-47f5-995d-fc27e15259e2;11.962;3.97606202;SELL
2016-03-31T13:20:29.000000;2016-03-31T13:20:29.133000;76044859-24e0-463d-b631-148ab6473034;11.962;3.97606202;SELL
2016-03-31T13:20:38.000000;2016-03-31T13:20:38.113000;0f1c99d6-1caf-4017-b909-52d10a9a8554;11.962;3.97606202;SELL
2016-03-31T13:20:44.000000;2016-03-31T13:20:44.400000;304eea02-c69b-4165-80ce-3ed99a219616;11.962;3.97606202;SELL
2016-03-31T13:20:49.000000;2016-03-31T13:20:49.997000;4a7160f9-6859-4ef1-890e-524897cb44db;11.962;3.97606202;SELL
2016-03-31T13:20:53.000000;2016-03-31T13:20:53.553000;033336fb-34bf-4a7f-9624-b72875b9c716;11.962;0.26232;SELL
2016-03-31T13:20:55.000000;2016-03-31T13:20:55.850000;4e4ff6de-ddd4-495b-a5f2-29936b0c34f7;11.962;3.97606202;SELL
2016-03-31T13:21:05.000000;2016-03-31T13:21:05.893000;4e28ddf8-91ac-4ec4-a3ad-76e3c5b574d2;11.962;3.97606123;SELL
2016-03-31T13:21:14.000000;2016-03-31T13:21:14.180000;000a8989-2e55-46b3-b347-93d5fb8049b0;11.962;3.9754173;SELL
2016-03-31T13:21:17.000000;2016-03-31T13:21:17.403000;f5446d27-d64c-428f-85fe-5731e33a0334;11.962;3.97168693;SELL
2016-03-31T13:21:25.000000;2016-03-31T13:21:25.470000;0a8fe543-f4f4-4e5d-ad0c-e2630e00609a;11.962;3.96237268;SELL
2016-03-31T13:21:29.000000;2016-03-31T13:21:30.007000;1c140c42-95f9-44da-86b8-3fa6ea2bd591;11.962;3.94423239;SELL
2016-03-31T13:21:33.000000;2016-03-31T13:21:33.347000;0cf1cede-9fdf-499b-97db-bae2fc79638c;11.962;3.91485046;SELL
2016-03-31T13:21:39.000000;2016-03-31T13:21:39.207000;fb1587eb-cae1-4b90-9f71-cb09dc7401a4;11.962;3.3583326;SELL
2016-03-31T13:21:43.000000;2016-03-31T13:21:43.317000;91330a30-2001-46da-8aa8-caac32917b1f;11.962;3.81556107;SELL
2016-03-31T13:21:47.000000;2016-03-31T13:21:47.563000;2224b13b-ef30-45fb-bc8c-c6ae4341f690;11.962;3.74072948;SELL
2016-03-31T13:21:54.000000;2016-03-31T13:21:54.263000;10ad25cf-f3e2-4016-bbba-80c7fff3b4b9;11.962;3.64623001;SELL
2016-03-31T13:21:58.000000;2016-03-31T13:21:58.800000;daa8359c-a505-474d-a4c3-94a65138d719;11.962;3.5308095;SELL
2016-03-31T13:22:24.000000;2016-03-31T13:22:24.693000;dead49c1-d275-4ee4-8b92-6914e3d5a303;11.962;4.41382893;SELL
2016-03-31T13:22:28.000000;2016-03-31T13:22:28.817000;f30474e9-b2f4-4956-be79-b69c70daa8bd;11.962;4.41382893;SELL
2016-03-31T13:22:34.000000;2016-03-31T13:22:34.603000;cf01d2c1-9429-4cc0-922d-fd6231f7637c;11.962;0.13116;SELL
2016-03-31T13:30:07.000000;2016-03-31T13:30:07.563000;8e199705-3aaa-4674-8aab-d2811d977ac2;11.962;0.88139;SELL
2016-03-31T13:31:03.000000;2016-03-31T13:31:03.193000;c85899c5-f1c8-47bd-96fd-0ab4bd786073;11.962;3.5952042;SELL
2016-03-31T13:31:58.000000;2016-03-31T13:31:58.643000;46fa3313-bf4f-414e-81a3-092e51c4b47b;11.962;0.44069;SELL
2016-03-31T13:32:11.000000;2016-03-31T13:32:11.103000;73d59f34-5db8-4f7f-9fcf-125baa71ee42;11.962;3.61745139;SELL
2016-03-31T13:32:17.000000;2016-03-31T13:32:17.327000;891fb248-b5e9-4259-9aa7-8dede36a369e;11.962;3.77491877;SELL
2016-03-31T13:32:20.000000;2016-03-31T13:32:20.563000;027ab7c1-ec15-45d2-9e76-a63b98578d1f;11.962;3.53260778;SELL
2016-03-31T13:32:33.000000;2016-03-31T13:32:33.143000;1e88c913-dfae-4a13-9aa0-cd82731d0100;11.962;2.0;SELL
2016-03-31T13:32:35.000000;2016-03-31T13:32:35.237000;fe9e3b25-340d-4eb5-bb13-ccb12d3ec9ea;11.962;2.83031819;SELL
2016-03-31T13:34:40.000000;2016-03-31T13:34:40.373000;2c543628-f5c6-429b-a71e-6abf4362384b;11.962;361.28;SELL
2016-03-31T13:35:25.000000;2016-03-31T13:35:26.017000;a4dbe850-9552-4a29-bd65-45cc3361619f;11.962;134.19688684;SELL
2016-03-31T13:36:06.000000;2016-03-31T13:36:06.967000;e8a75012-e96e-49db-81bb-c6c8b02ed81d;11.92;0.11056;SELL
2016-03-31T13:38:12.000000;2016-03-31T13:38:12.530000;298484d5-4b2f-4380-8b4c-a392f212dc3b;11.963;0.308;BUY
2016-03-31T13:46:28.000000;2016-03-31T13:46:28.600000;ac90dc9e-25a0-4093-b2be-389526a77c28;11.92;5.58635;SELL
2016-03-31T14:01:52.000000;2016-03-31T14:01:52.493000;4b103d22-9058-4f89-bc00-20b5b863c521;11.92;0.77987722;SELL
2016-03-31T14:04:00.000000;2016-03-31T14:04:00.640000;11f96a5b-fb3b-488b-87bc-528e6b96994d;11.92;2.44788278;SELL
2016-03-31T14:04:02.000000;2016-03-31T14:04:02.643000;1b439ce0-150b-4d8d-abf8-78a6b612ee91;11.91;0.52579069;SELL
2016-03-31T14:31:39.000000;2016-03-31T14:31:39.127000;2e9134da-164f-4a51-acbc-343e07554d0c;11.911;3.0;SELL
2016-03-31T14:32:36.000000;2016-03-31T14:32:36.240000;831accba-6b30-4ea1-ac36-bcdfa48fa6b0;11.911;1.23403404;SELL
2016-03-31T14:33:26.000000;2016-03-31T14:33:26.497000;fd8800fd-75d7-4b2d-819c-02cd47d56bb8;11.923;10.0;BUY
2016-03-31T14:34:46.000000;2016-03-31T14:34:46.513000;8071ee25-26cb-4855-9f91-41945e0329a5;11.911;0.76596596;SELL
2016-03-31T14:34:46.000000;2016-03-31T14:34:46.527000;a4b045e1-982d-4d0f-8bbd-513801d7c9e2;11.91;10.08814884;SELL
2016-03-31T14:35:22.000000;2016-03-31T14:35:23.120000;d7e36965-d349-4d7b-84cf-1fa6b6ee983a;11.91;0.91185116;SELL
2016-03-31T14:35:22.000000;2016-03-31T14:35:23.123000;e8625525-e1db-4ced-8817-e83ef52b4969;11.91;11.0;SELL
2016-03-31T14:39:51.000000;2016-03-31T14:39:51.053000;18df5bb5-ca2e-4d60-b253-f9cc2edf6ed2;11.922;3.33;BUY
2016-03-31T14:41:34.000000;2016-03-31T14:41:34.790000;02cc64d3-d8c3-432f-8a5d-26d4db33415c;11.9;5.0;SELL
2016-03-31T14:50:51.000000;2016-03-31T14:50:51.643000;4cf3cded-f233-429e-aa76-96dddef6ef9a;11.904;1.10369101;SELL
2016-03-31T14:50:54.000000;2016-03-31T14:50:54.100000;951b9437-1c54-4fb2-a4d1-f30f64187762;11.903;5.0;SELL
2016-03-31T14:50:55.000000;2016-03-31T14:50:56.000000;2af43c89-44b4-46ef-826a-8941dda11b35;11.902;4.22905984;SELL
2016-03-31T14:53:29.000000;2016-03-31T14:53:30.020000;b7dca7ab-258e-40eb-ab30-2a3429f15005;11.9;1.0;SELL
2016-03-31T14:55:29.000000;2016-03-31T14:55:29.203000;b65215ab-be81-47cd-8b15-5a9466cc11bc;11.9;27.16702853;SELL
2016-03-31T14:55:29.000000;2016-03-31T14:55:29.447000;155a52aa-82d4-4968-a1b0-e9cecb14f81d;11.9;27.16702853;SELL
2016-03-31T14:55:29.000000;2016-03-31T14:55:29.523000;c30caedf-e876-4351-8804-9b47e69fc305;11.9;27.16702853;SELL
2016-03-31T14:55:30.000000;2016-03-31T14:55:30.523000;c90902a0-def4-44fa-86f3-6e9499793a4e;11.9;27.16702853;SELL
2016-03-31T14:55:30.000000;2016-03-31T14:55:30.543000;625e8442-ce37-4910-b4db-54757ecdc0fe;11.9;3.03190559;SELL
2016-03-31T14:55:31.000000;2016-03-31T14:55:31.440000;f1841fed-35bd-46c5-9556-c3883dc6db11;11.9;0.95245386;SELL
2016-03-31T14:55:34.000000;2016-03-31T14:55:34.397000;9932c660-b4c8-4387-beb1-b853f3342630;11.901;7.30214625;SELL
2016-03-31T14:55:39.000000;2016-03-31T14:55:39.090000;6feef723-3fc6-4f48-b8a5-ddde628dfced;11.901;7.30214625;SELL
2016-03-31T15:26:15.000000;2016-03-31T15:26:15.563000;8087aa63-683b-47fe-87b5-130eeca59aa3;11.923;49.7301;BUY
2016-03-31T15:26:15.000000;2016-03-31T15:26:15.570000;4adc6a63-b91c-4110-a4a8-24bacebb0191;11.925;2.258328;BUY
2016-03-31T15:26:15.000000;2016-03-31T15:26:15.587000;206c9af8-c1c4-4ce5-a3d5-ded63a9740e7;11.96;13.6033215;BUY
2016-03-31T15:27:46.000000;2016-03-31T15:27:46.890000;09c857ff-7d63-47e6-b1bc-1164ba705f9e;11.9;10.42201561;SELL
2016-03-31T15:44:50.000000;2016-03-31T15:44:50.363000;519ba874-f78e-4b99-8501-6cec8e92a924;11.938;0.54950594;BUY
2016-03-31T15:44:50.000000;2016-03-31T15:44:50.380000;4daa55a1-e9c2-4d8f-99df-405a90ba2b7f;11.939;2.268461;BUY
2016-03-31T15:44:50.000000;2016-03-31T15:44:50.387000;5acc0827-9d16-4fa1-82ef-2f5f22be5810;11.96;0.18203306;BUY
2016-03-31T15:44:54.000000;2016-03-31T15:44:54.807000;4cd33aa3-66eb-4f74-a8ae-9be3fb3b191d;11.96;18.9;BUY
2016-03-31T16:32:05.000000;2016-03-31T16:32:05.373000;931d0005-f38c-49e4-823e-dc67fb79d81e;11.9;19.91186265;SELL
2016-03-31T16:32:05.000000;2016-03-31T16:32:06.040000;8fffb1a3-5414-42e9-9d36-d8ea90143774;11.9;19.91186265;SELL
2016-03-31T16:33:54.000000;2016-03-31T16:33:54.807000;1ce9fd02-00b5-40af-b876-0689a432cb85;11.9;19.91186265;SELL
2016-03-31T16:34:01.000000;2016-03-31T16:34:01.687000;0db7b232-881f-45e6-b8e0-b7753b9343bc;11.9;19.91186265;SELL
2016-03-31T16:34:50.000000;2016-03-31T16:34:50.097000;dc0367bd-e15a-4dd2-8baf-4b9161121d10;11.9;19.91186265;SELL
2016-03-31T16:35:01.000000;2016-03-31T16:35:01.810000;d6cc50b0-fcec-4afc-a9db-46344c26592f;11.9;6.04619757;SELL
2016-03-31T16:36:50.000000;2016-03-31T16:36:50.360000;880a21d3-a77e-42e2-9ba6-5ab4c787531d;11.863;0.449944;SELL
2016-03-31T16:37:05.000000;2016-03-31T16:37:05.240000;bf78774e-20f7-4f85-9e86-c9221e856c1b;11.863;6.97813735;SELL
2016-03-31T16:37:07.000000;2016-03-31T16:37:07.340000;bf1c869a-9ccc-40fa-bade-a6aa3946b174;11.863;19.91186265;SELL
2016-03-31T16:37:08.000000;2016-03-31T16:37:08.097000;4fa4d9b2-887d-404e-bc80-ee3114c27407;11.863;19.91186265;SELL
2016-03-31T16:37:28.000000;2016-03-31T16:37:28.827000;a608c026-6aa2-4a7d-99de-5a8a0ddbf0d0;11.863;1.0;SELL
2016-03-31T16:37:37.000000;2016-03-31T16:37:37.437000;a57ca73b-3d41-428f-80af-19794c744e94;11.863;0.40011562;SELL
2016-03-31T16:37:39.000000;2016-03-31T16:37:39.107000;9731f7ae-0a23-4d09-9dcd-8dff9e3e11ed;11.863;9.144875;SELL
2016-03-31T16:37:42.000000;2016-03-31T16:37:42.163000;01eba60e-3507-4ae9-8579-b4278fba26b7;11.863;9.144875;SELL
2016-03-31T16:37:42.000000;2016-03-31T16:37:42.327000;9e60d90f-781c-4fbb-b1d3-65c5e9b4e211;11.863;3.51049172;SELL
2016-03-31T16:37:46.000000;2016-03-31T16:37:46.233000;120f7bb1-4344-4daf-9a78-d3ab3bb61ea4;11.863;19.91186265;SELL
2016-03-31T16:37:47.000000;2016-03-31T16:37:47.993000;af8899c2-dd4d-4f31-a48b-e4c25f5770c8;11.863;3.71355601;SELL
2016-03-31T16:37:48.000000;2016-03-31T16:37:48.267000;0e3ad3cd-b529-40da-a498-a8833afbb8ba;11.863;2.271319;SELL
2016-03-31T16:37:50.000000;2016-03-31T16:37:50.400000;ddcb67e4-6496-4c22-adc7-dafc578f0e29;11.863;19.91186265;SELL
2016-03-31T16:37:54.000000;2016-03-31T16:37:54.700000;42db56cc-8a48-4430-b36f-64443f80e705;11.863;19.91186265;SELL
2016-03-31T16:37:59.000000;2016-03-31T16:37:59.607000;15a1e61b-7054-4474-beec-23f50ee5e2f7;11.863;19.91186265;SELL
2016-03-31T16:37:59.000000;2016-03-31T16:37:59.617000;a73585ef-1f49-4e3f-97b9-fe0839a5f904;11.863;3.71453518;SELL
2016-03-31T16:37:59.000000;2016-03-31T16:37:59.667000;ebaba4c5-9175-493f-ba44-f3379df6c571;11.863;3.2465;SELL
2016-03-31T16:38:02.000000;2016-03-31T16:38:02.477000;991fe7b0-804d-40b0-9b31-7254426fc05a;11.863;19.91186265;SELL
2016-03-31T16:38:03.000000;2016-03-31T16:38:03.307000;502b5e18-48eb-47fb-8bef-d15756b991fb;11.863;6.64690381;SELL
2016-03-31T16:38:04.000000;2016-03-31T16:38:04.187000;c084b60b-4284-47b0-af9b-f95829685971;11.863;6.64690381;SELL
2016-03-31T16:38:05.000000;2016-03-31T16:38:05.213000;07b4ce2d-94ec-41f1-bf2c-d82dc9f05118;11.863;6.64690381;SELL
2016-03-31T16:38:09.000000;2016-03-31T16:38:09.087000;c6199420-0ca5-46a0-a1bc-a3ab353faaf4;11.863;4.25609623;SELL
2016-03-31T16:38:15.000000;2016-03-31T16:38:16.020000;ff506dbc-07a3-4dec-8d68-63bcf84f97af;11.863;3.99716849;SELL
2016-03-31T16:38:21.000000;2016-03-31T16:38:22.017000;7de6d37a-b728-4ea8-9944-00b20cb7137a;11.863;3.99716849;SELL
2016-03-31T16:38:26.000000;2016-03-31T16:38:26.823000;a6f02017-8642-4b3d-bdf3-4dde73629519;11.863;3.99716849;SELL
2016-03-31T16:38:33.000000;2016-03-31T16:38:33.617000;ae8811a6-367b-495a-98f3-f2f0adff2698;11.863;4.00485714;SELL
2016-03-31T16:38:35.000000;2016-03-31T16:38:35.573000;3241516b-d9ee-48b0-aedb-9c7582409454;11.863;0.54950594;SELL
2016-03-31T16:38:35.000000;2016-03-31T16:38:35.973000;138bfebe-8b9e-4d28-80a5-91bbc9769a98;11.863;0.54950594;SELL
2016-03-31T16:38:36.000000;2016-03-31T16:38:36.157000;70b2af56-d301-4a3f-bf98-4c90ade0cb40;11.863;0.54950594;SELL
2016-03-31T16:38:36.000000;2016-03-31T16:38:36.303000;f9bbc76b-221c-43da-a2da-8f46221cf239;11.863;0.54950594;SELL
2016-03-31T16:38:36.000000;2016-03-31T16:38:36.547000;b5f691e8-f64f-44be-a85a-f9e2e994ef82;11.863;0.54950575;SELL
2016-03-31T16:38:37.000000;2016-03-31T16:38:37.203000;add1f234-2885-43b8-aef1-a5212e60ae54;11.863;13.55680346;SELL
2016-03-31T16:38:37.000000;2016-03-31T16:38:37.293000;ce81d991-b1ea-46a7-a661-f764d0c2b137;11.863;0.54950594;SELL
2016-03-31T16:38:37.000000;2016-03-31T16:38:37.463000;de0339de-d35d-42bc-a2b4-ff5a4dcf4e29;11.863;0.54950594;SELL
2016-03-31T16:38:37.000000;2016-03-31T16:38:37.850000;c6e661dd-b8b8-431d-986c-7a8cd0e2b8eb;11.863;0.54950594;SELL
2016-03-31T16:38:37.000000;2016-03-31T16:38:38.147000;2b9f2ae2-bfc4-4b2b-aa6c-bb24037d987e;11.863;0.54950594;SELL
2016-03-31T16:38:38.000000;2016-03-31T16:38:38.813000;40c94915-6a49-4ea5-b419-dd219193776b;11.863;0.54950594;SELL
2016-03-31T16:38:38.000000;2016-03-31T16:38:38.830000;e89696db-7850-49b4-a436-869e5fe5796e;11.863;0.54950594;SELL
2016-03-31T16:38:38.000000;2016-03-31T16:38:38.973000;ec83ef13-9c00-489a-9227-7ea1318f42b5;11.863;1.43287896;SELL
2016-03-31T16:38:39.000000;2016-03-31T16:38:39.473000;fb4e83ea-221c-4b9c-be53-4a4996f54d86;11.863;0.550056;SELL
2016-03-31T16:38:39.000000;2016-03-31T16:38:39.547000;7f4eb505-ea79-45ac-9655-6c9e3e348318;11.863;0.54950594;SELL
2016-03-31T16:38:39.000000;2016-03-31T16:38:39.880000;63dae009-9ae4-4ca6-b0c2-64c3066c6d43;11.863;0.54950594;SELL
2016-03-31T16:38:40.000000;2016-03-31T16:38:40.220000;e7ed1f33-10f4-4ee3-a0bb-ff5ac7e42b6a;11.863;4.34471727;SELL
2016-03-31T16:38:41.000000;2016-03-31T16:38:41.530000;4b2b1570-7f8f-44a0-84fc-6fa9718360fa;11.863;0.550056;SELL
2016-03-31T16:38:42.000000;2016-03-31T16:38:42.557000;45a0775a-3634-4dae-87c9-140aceebfb6d;11.863;0.55055358;SELL
2016-03-31T16:38:43.000000;2016-03-31T16:38:43.730000;0f1fd27a-36e1-4da4-a779-346ae5ea5cba;11.863;1.86774078;SELL
2016-03-31T16:38:43.000000;2016-03-31T16:38:43.827000;80b9a430-25f3-4fa7-993b-c771986a2311;11.863;19.91186265;SELL
2016-03-31T16:38:44.000000;2016-03-31T16:38:44.470000;d8d8a2ab-edd9-44d6-9ee7-17502af8c089;11.863;0.54950594;SELL
2016-03-31T16:38:44.000000;2016-03-31T16:38:44.523000;8c3f6e5c-025a-438a-9a92-a2000132b4d8;11.863;19.91186265;SELL
2016-03-31T16:38:45.000000;2016-03-31T16:38:45.803000;6695a905-1417-4d6c-a7e1-a62482f6215f;11.863;6.47982798;SELL
2016-03-31T16:38:50.000000;2016-03-31T16:38:50.623000;0f9aac22-4afc-4e01-b3e5-5d463f670372;11.86;50.3834;SELL
2016-03-31T16:38:50.000000;2016-03-31T16:38:50.657000;d028ebd6-b793-4a0a-b68d-041363aae225;11.86;4.6166;SELL
2016-03-31T16:38:50.000000;2016-03-31T16:38:50.663000;e7d24c2a-cc0c-4c8a-953e-06d8a0ca8bbc;11.85;14.87363402;SELL
2016-03-31T16:38:52.000000;2016-03-31T16:38:52.383000;13cc6705-35d2-4334-9933-faeddd0f25c0;11.85;4.49159925;SELL
2016-03-31T16:38:56.000000;2016-03-31T16:38:56.220000;ad40db6b-8fd0-4e8d-be19-43ebca9c3253;11.85;10.63476673;SELL
2016-03-31T16:41:10.000000;2016-03-31T16:41:11.047000;965e72c8-4e37-4a65-9754-84dbe270054c;11.8;19.91186265;SELL
2016-03-31T16:41:12.000000;2016-03-31T16:41:12.063000;8e4b7d00-59d1-489b-ab07-023fc57464da;11.8;19.91186265;SELL
2016-03-31T16:41:12.000000;2016-03-31T16:41:12.140000;dfd6c639-ff20-46ae-b0dd-3653326e5548;11.8;19.91186265;SELL
2016-03-31T16:41:17.000000;2016-03-31T16:41:17.423000;a07d1c8d-1133-495b-95b9-50c5d0f24c94;11.8;19.91186265;SELL
2016-03-31T16:41:36.000000;2016-03-31T16:41:36.697000;1d0e34a1-dcac-4584-89d6-35b4bb846d45;11.821;10.0;BUY
2016-03-31T16:42:22.000000;2016-03-31T16:42:22.123000;b4173a22-5101-44fc-a679-c335d866f5d9;11.8;2.73721104;SELL
2016-03-31T16:42:24.000000;2016-03-31T16:42:24.527000;15d960c2-a60a-4d27-8697-30d5d39387dd;11.8;2.73721104;SELL
2016-03-31T16:42:37.000000;2016-03-31T16:42:37.523000;fe4c71be-51dc-4af2-b6c1-5c4646c5ac96;11.8;19.91186265;SELL
2016-03-31T16:42:51.000000;2016-03-31T16:42:52.000000;e2fc5ed4-21cf-4600-9d3a-3cb8bfe2f77b;11.8;2.49549787;SELL
2016-03-31T16:43:02.000000;2016-03-31T16:43:02.333000;4724b003-0449-44f5-b316-36cf49d9384e;11.8;0.65750764;SELL
2016-03-31T16:43:02.000000;2016-03-31T16:43:02.683000;9ab89253-be15-4a8a-b942-05a9a968fe5f;11.814;0.54950594;BUY
2016-03-31T16:43:02.000000;2016-03-31T16:43:02.707000;8032bba8-3554-4b24-bec7-d57b14d1d09d;11.815;49.45049406;BUY
2016-03-31T16:43:19.000000;2016-03-31T16:43:19.837000;a031d4ce-f5a3-4b8d-bc2a-cb4f04b3474b;11.8;14.369888;SELL
2016-03-31T16:43:38.000000;2016-03-31T16:43:38.060000;8c05ab3a-b2ad-4ac5-8b95-975acec6bd4f;11.8;2.33983343;SELL
2016-03-31T16:43:40.000000;2016-03-31T16:43:41.020000;446c8aa0-3f35-4dc5-a672-08d5976e04e1;11.8;1.00904662;SELL
2016-03-31T16:43:44.000000;2016-03-31T16:43:44.373000;2c512a46-dfe0-4b8f-b24c-061958a0aa0d;11.8;3.68429923;SELL
2016-03-31T16:43:49.000000;2016-03-31T16:43:49.437000;e087f55b-0556-4869-ab15-266acfb5b9f9;11.8;3.81716853;SELL
2016-03-31T16:43:52.000000;2016-03-31T16:43:52.753000;2ef67cf0-59e6-465a-9631-0f56cc499abb;11.8;3.81716853;SELL
2016-03-31T16:43:56.000000;2016-03-31T16:43:56.540000;d85834d0-a1e9-41b2-845a-c08e3bec800c;11.8;3.81297093;SELL
2016-03-31T16:43:56.000000;2016-03-31T16:43:56.903000;978e6fdd-e624-4973-ae52-a3db3698be21;11.8;7.94174415;SELL
2016-03-31T16:43:59.000000;2016-03-31T16:43:59.427000;1db73103-9eea-4dad-9a64-7c935f48a53c;11.8;7.52825585;SELL
2016-03-31T16:44:00.000000;2016-03-31T16:44:00.267000;92f555ac-7ffd-448e-8a88-a43587e3c598;11.8;3.81297093;SELL
2016-03-31T16:44:03.000000;2016-03-31T16:44:03.377000;076f32c4-e977-4115-8079-87284af2f66d;11.8;7.52825585;SELL
2016-03-31T16:44:04.000000;2016-03-31T16:44:04.613000;10885b4b-89e1-4265-bcac-3aa209bebec7;11.8;3.94482002;SELL
2016-03-31T16:44:07.000000;2016-03-31T16:44:07.993000;df996ade-cdef-48b5-8d9b-f036736bc42f;11.8;3.94482002;SELL
2016-03-31T16:44:15.000000;2016-03-31T16:44:15.550000;cb5a19cf-c145-4db4-9967-e0b15e8660ff;11.8;3.94482002;SELL
2016-03-31T16:44:17.000000;2016-03-31T16:44:17.330000;67850a0a-4ef2-4db8-864c-bb58b22f1baa;11.8;15.46996933;SELL
2016-03-31T16:44:18.000000;2016-03-31T16:44:18.703000;f6c27fd0-9853-484c-9c92-4b268843c423;11.8;4.84722772;SELL
2016-03-31T16:44:18.000000;2016-03-31T16:44:18.717000;7e1a0c94-76dd-4202-b79e-42302535019f;11.8;1.0;SELL
2016-03-31T16:44:18.000000;2016-03-31T16:44:18.723000;0f8726c5-1e83-4435-a6db-4dae591cba27;11.8;14.06463493;SELL
2016-03-31T16:44:19.000000;2016-03-31T16:44:19.443000;67990fde-1a37-49ac-8b25-91f55770ecb6;11.8;2.61577507;SELL
2016-03-31T16:45:15.000000;2016-03-31T16:45:15.710000;2c627240-6a93-4bcf-859e-1dd68b736cad;11.776;9.953944;SELL
2016-03-31T16:45:17.000000;2016-03-31T16:45:17.423000;6924cff8-ce5a-452e-8391-01cb16c39298;11.776;6.726466;SELL
2016-03-31T16:45:17.000000;2016-03-31T16:45:17.890000;84382325-e898-41f2-ab6b-20d89cb912df;11.771;3.227478;SELL
2016-03-31T16:45:22.000000;2016-03-31T16:45:23.060000;732ca33e-2f69-4445-8341-1614c8ddb926;11.771;0.685;SELL
2016-03-31T16:45:42.000000;2016-03-31T16:45:42.143000;5c2e6235-50fe-405b-911c-6d5ac7baf883;11.771;1.087522;SELL
2016-03-31T16:45:42.000000;2016-03-31T16:45:42.163000;960140e3-9baf-4f80-8d81-48db66e40b1c;11.77;1.0;SELL
2016-03-31T16:45:42.000000;2016-03-31T16:45:42.167000;f835ec6b-3b83-4879-8699-e8ff4ee1ea9e;11.763;0.3503;SELL
2016-03-31T16:46:05.000000;2016-03-31T16:46:05.653000;5eeb0dd0-5ad5-4292-b6db-96df4c831c25;11.753;0.1;SELL
2016-03-31T16:46:05.000000;2016-03-31T16:46:05.667000;a91679fd-2c27-492d-aa38-05420f846ebd;11.753;2.42197405;SELL
2016-03-31T16:46:37.000000;2016-03-31T16:46:37.617000;653043ff-1753-47fc-b2a7-e7cda9f60555;11.76;0.720878;BUY
2016-03-31T16:46:37.000000;2016-03-31T16:46:37.620000;45717078-3dfb-4ab7-9436-243936864208;11.773;24.279122;BUY
2016-03-31T16:46:46.000000;2016-03-31T16:46:46.260000;d01bcab2-5d40-47f1-9b3e-fab2683316bd;11.753;0.60987538;SELL
2016-03-31T16:46:56.000000;2016-03-31T16:46:56.307000;394e6ab9-b045-4dce-8659-3b8dd3a6cd40;11.753;1.01885845;SELL
2016-03-31T16:47:02.000000;2016-03-31T16:47:02.907000;4165ffda-f594-4f95-a444-d816e6b2ccaa;11.753;12.62970212;SELL
2016-03-31T16:47:07.000000;2016-03-31T16:47:07.810000;bf305cbf-b173-4fa0-802b-6e28cbbf46d6;11.75;7.99865146;SELL
2016-03-31T16:47:09.000000;2016-03-31T16:47:09.307000;af159114-2309-4fe9-ae3c-5995caaaabca;11.75;7.99865146;SELL
2016-03-31T16:47:12.000000;2016-03-31T16:47:12.290000;58bf5e61-1c3c-429b-868f-7c328177c4b8;11.75;4.00269708;SELL
2016-03-31T16:47:21.000000;2016-03-31T16:47:21.970000;9c8072e9-108d-4c9a-a271-da0f1eec6dc5;11.742;0.85;SELL
2016-03-31T16:47:47.000000;2016-03-31T16:47:47.080000;d5a20f13-ba02-4068-b100-6dad08d03ccf;11.756;2.7413;BUY
2016-03-31T16:48:30.000000;2016-03-31T16:48:30.913000;ba178d41-5eaf-4ec2-b214-5edb0b1d7360;11.729;16.68041;SELL
2016-03-31T16:49:14.000000;2016-03-31T16:49:14.630000;97a03be4-3e9e-4a9b-b787-9eb4b829c0ef;11.731;25.0;BUY
2016-03-31T16:50:04.000000;2016-03-31T16:50:04.243000;0d993370-4fa2-4c66-9801-133c463aaf00;11.724;6.4592;BUY
2016-03-31T16:57:59.000000;2016-03-31T16:57:59.383000;b9e6e026-ae5f-4a66-9861-afb733ac5c16;11.713;0.85;SELL
2016-03-31T16:58:09.000000;2016-03-31T16:58:10.027000;288781c7-fd48-4150-9518-f60e4bb9db38;11.7;19.91186265;SELL
2016-03-31T16:58:42.000000;2016-03-31T16:58:42.733000;588e45e9-cfa6-4166-9c63-df11b8a8a099;11.7;14.32049262;SELL
2016-03-31T16:58:56.000000;2016-03-31T16:58:56.543000;0fa026b3-f184-4d15-88bb-54ed845e0be4;11.7;0.550056;SELL
2016-03-31T16:59:00.000000;2016-03-31T16:59:00.123000;572adb1f-235e-4ca5-9bc2-96a0ab9e672a;11.7;19.91186265;SELL
2016-03-31T16:59:00.000000;2016-03-31T16:59:00.983000;faa14adf-9d06-4f5b-95bb-5a8d3a928cce;11.7;19.91186265;SELL
2016-03-31T16:59:00.000000;2016-03-31T16:59:01.010000;45122a41-a3e7-40ac-9853-cdf953356e47;11.7;1.78815567;SELL
2016-03-31T16:59:01.000000;2016-03-31T16:59:01.670000;42e5c175-8400-4260-964f-e372428c0cf5;11.7;19.91186265;SELL
2016-03-31T16:59:01.000000;2016-03-31T16:59:01.690000;aac296ab-764f-4d82-90ef-ef85f40343b0;11.7;14.29031206;SELL
2016-03-31T16:59:01.000000;2016-03-31T16:59:01.737000;06c11c70-4f0e-49b7-ab42-3f5744f2b80c;11.7;19.91186265;SELL
2016-03-31T16:59:01.000000;2016-03-31T16:59:01.753000;836583bd-5a76-4879-88eb-bb27c1532311;11.7;19.91186265;SELL
2016-03-31T16:59:02.000000;2016-03-31T16:59:02.770000;ec3e4ae4-78e0-4beb-b6ef-8303f022a8d0;11.7;14.29031206;SELL
2016-03-31T16:59:02.000000;2016-03-31T16:59:02.780000;20194af1-1269-4f55-9a76-4405f7e50897;11.7;19.91186265;SELL
2016-03-31T16:59:02.000000;2016-03-31T16:59:02.903000;dd969959-47c9-4956-aa84-05d9c452c61f;11.7;15.37763304;SELL
2016-03-31T16:59:03.000000;2016-03-31T16:59:03.720000;d2ac670b-0d5c-4b4c-abe9-323846e8917d;11.676;4.53422961;SELL
2016-03-31T16:59:04.000000;2016-03-31T16:59:04.200000;38709efb-cccb-417b-a1c7-3e6add78b876;11.676;0.18340539;SELL
2016-03-31T16:59:04.000000;2016-03-31T16:59:04.213000;d543fcd1-dc0f-4ce1-81c9-3d09d54fd763;11.671;0.1;SELL
2016-03-31T16:59:04.000000;2016-03-31T16:59:04.223000;54765bcc-d571-4d00-8278-21a509e7f8d6;11.67;4.25082422;SELL
2016-03-31T16:59:04.000000;2016-03-31T16:59:04.250000;3a8f1ded-a4b8-4caa-943d-808be437baac;11.67;19.91186265;SELL
2016-03-31T16:59:13.000000;2016-03-31T16:59:13.327000;48ed5590-6d70-4693-abca-2bd57924b4af;11.67;0.22957524;SELL
2016-03-31T16:59:44.000000;2016-03-31T16:59:44.543000;d62e77c4-d608-4366-94cb-e3643a14b11f;11.67;19.91186265;SELL
2016-03-31T17:00:23.000000;2016-03-31T17:00:23.537000;7d7caef2-9d61-454d-a87a-20555794a6a8;11.67;1.78777749;SELL
2016-03-31T17:00:34.000000;2016-03-31T17:00:34.463000;d90715b6-a3c8-403c-bf85-9e5731fd0028;11.68;25.0;BUY
2016-03-31T17:00:44.000000;2016-03-31T17:00:44.087000;7e1747a2-894d-4186-b9a3-afc058c6569a;11.67;1.78782038;SELL
2016-03-31T17:01:05.000000;2016-03-31T17:01:05.730000;f6255133-87cb-4534-b61c-3382203712d8;11.67;1.78786326;SELL
2016-03-31T17:01:26.000000;2016-03-31T17:01:26.223000;b7fc0df5-fa9c-4505-b0b3-4f5fa5bbb53a;11.67;1.78803482;SELL
2016-03-31T17:01:44.000000;2016-03-31T17:01:44.200000;c4a65218-8d6b-4094-9215-724266965932;11.67;66.72164;SELL
2016-03-31T17:03:23.000000;2016-03-31T17:03:23.280000;b600521d-fc74-4e02-9023-75aa3698a58b;11.67;1.72273929;SELL
2016-03-31T17:04:32.000000;2016-03-31T17:04:32.773000;7479bc03-181c-45e3-9577-45e71304b951;11.65;19.91186265;SELL
2016-03-31T17:04:40.000000;2016-03-31T17:04:40.363000;025ef14b-7f5e-40b3-a5c7-8791d8fc007d;11.65;0.54950594;SELL
2016-03-31T17:04:40.000000;2016-03-31T17:04:40.773000;f321f701-2533-4949-8e1d-c4f77ab5d514;11.65;0.550056;SELL
2016-03-31T17:14:49.000000;2016-03-31T17:14:49.650000;0916f450-65c9-4a46-b78b-fb3fa035aff6;11.65;15.89999972;SELL
2016-03-31T17:16:56.000000;2016-03-31T17:16:56.377000;f6ed5dfc-1ad2-4b04-9edf-ff92d7caf505;11.698;0.371;BUY
2016-03-31T17:29:50.000000;2016-03-31T17:29:50.697000;0ccab891-4983-4beb-920f-f702f2e20cbe;11.652;3.2;BUY
2016-03-31T17:29:59.000000;2016-03-31T17:29:59.753000;3ed0c019-5b2a-499b-b049-d09696c46256;11.652;0.5;BUY
2016-03-31T17:30:17.000000;2016-03-31T17:30:18.037000;72f6528a-b959-4e88-9fca-5e15abd4928a;11.652;0.3;BUY
2016-03-31T17:30:37.000000;2016-03-31T17:30:37.100000;f2d52bd7-5748-453b-a792-c55c7dbc8143;11.652;0.2;BUY
2016-03-31T17:31:06.000000;2016-03-31T17:31:06.340000;2d1f00a5-81af-4437-a1a2-a9286a60d5cf;11.652;0.4;BUY
2016-03-31T17:31:25.000000;2016-03-31T17:31:25.430000;66eba340-f210-4d91-8e1d-db1eae8195b6;11.652;19.93179444;BUY
2016-03-31T17:31:39.000000;2016-03-31T17:31:39.817000;e307dc5e-5849-4f99-bb84-23426c8bce24;11.652;10.09823559;BUY
2016-03-31T17:31:40.000000;2016-03-31T17:31:40.223000;96dad796-97cd-486f-8f18-efe8267143b9;11.652;14.46697917;BUY
2016-03-31T17:31:59.000000;2016-03-31T17:31:59.100000;a58731c9-b7e1-4b99-88d3-f663843cbfe9;11.705;0.85;BUY
2016-03-31T17:31:59.000000;2016-03-31T17:31:59.110000;184db4fd-193c-4693-b436-4a408c70ba8e;11.706;49.15;BUY
2016-03-31T17:32:54.000000;2016-03-31T17:32:54.640000;661b5d14-b8e5-4cd6-a040-eea08e5e6df7;11.726;4.6;BUY
2016-03-31T17:32:54.000000;2016-03-31T17:32:54.660000;aa5fc24c-f035-4ff1-acf8-09b9fbadf106;11.727;1.7451;BUY
2016-03-31T17:33:23.000000;2016-03-31T17:33:23.230000;f594607f-2a59-4bd3-83fc-56d31d9d4755;11.702;5.46481527;SELL
2016-03-31T17:33:23.000000;2016-03-31T17:33:23.240000;1cdfd099-1e72-49f6-85da-cc44353a8be0;11.698;17.74552111;SELL
2016-03-31T17:33:23.000000;2016-03-31T17:33:23.940000;d1c44aae-59b4-40fb-9792-46c239737ea9;11.698;5.46481527;SELL
2016-03-31T17:33:23.000000;2016-03-31T17:33:23.953000;8823443a-3277-4f3f-94a1-e24d1e106910;11.697;27.28946362;SELL
2016-03-31T17:35:54.000000;2016-03-31T17:35:54.960000;e7b75b30-7ff6-426f-bc1f-5e675ce37967;11.734;6.97050918;BUY
2016-03-31T17:35:54.000000;2016-03-31T17:35:54.970000;47dec837-dc4b-4357-8553-c1565a7ac8d3;11.735;34.29169082;BUY
2016-03-31T17:39:20.000000;2016-03-31T17:39:20.090000;fcb0c786-d0db-4cd0-a0fd-fee85029f4fa;11.747;39.5539;BUY
2016-03-31T17:40:42.000000;2016-03-31T17:40:42.403000;35e7b66d-03b6-4f4e-b98d-f21ef9809a6f;11.712;14.27246129;SELL
2016-03-31T17:40:54.000000;2016-03-31T17:40:54.993000;0e848670-2dfa-4573-a1f2-bbe645487c8f;11.712;5.26584642;SELL
2016-03-31T17:40:55.000000;2016-03-31T17:40:55.540000;21ab8085-3221-48a9-a6fa-1db167c3f81b;11.712;1.0;SELL
2016-03-31T17:41:00.000000;2016-03-31T17:41:00.637000;f164ab6f-983a-47dd-95ee-740b6126f67b;11.712;9.17095022;SELL
2016-03-31T17:41:00.000000;2016-03-31T17:41:00.883000;b58b89d7-f605-4d2f-ab46-0d2340d3da6f;11.712;2.321418;SELL
2016-03-31T17:41:01.000000;2016-03-31T17:41:01.670000;8b2f67d2-6162-4a11-9966-fd82f14eaa92;11.712;9.17095022;SELL
2016-03-31T17:41:12.000000;2016-03-31T17:41:12.993000;b125b064-0b82-4245-990e-805dbb1c7680;11.66;0.578874;SELL
2016-03-31T17:41:13.000000;2016-03-31T17:41:13.817000;a310259e-8fde-418b-bfa0-c2a77ea80328;11.705;4.88594127;BUY
2016-03-31T17:42:19.000000;2016-03-31T17:42:19.677000;fad9f556-a1d0-4f12-a2ae-ca44e43f23ae;11.694;0.2503;BUY
2016-03-31T17:42:26.000000;2016-03-31T17:42:26.270000;ec31e2c9-6841-4125-9899-87f1d0a6feb8;11.65;0.32577852;SELL
2016-03-31T17:58:19.000000;2016-03-31T17:58:19.930000;cef09ebb-c6e5-46bb-91c5-5feb74ee1633;11.65;12.76279717;SELL
2016-03-31T17:58:19.000000;2016-03-31T17:58:19.953000;8e670b65-0f3c-4ae6-a46e-0ecfb4092092;11.65;15.23720283;SELL
2016-03-31T17:59:10.000000;2016-03-31T17:59:10.333000;f3eba0e2-23db-4810-ae6e-2ca4ba25e896;11.666;50.8419;BUY
2016-03-31T17:59:20.000000;2016-03-31T17:59:20.230000;f2e6ef1a-838c-48b9-a289-23f72378214d;11.666;1.71957971;SELL
2016-03-31T17:59:25.000000;2016-03-31T17:59:25.640000;9d9886ad-4918-4cb5-a25e-0cec844dfab4;11.666;2.33699616;SELL
2016-03-31T17:59:27.000000;2016-03-31T17:59:27.807000;9185be0d-ec4c-4156-b0ef-47eb53d91613;11.666;9.15062413;SELL
2016-03-31T17:59:29.000000;2016-03-31T17:59:29.993000;fb3b6d3d-b3a3-4728-bf13-b40a7929c1d6;11.624;0.1;SELL
2016-03-31T17:59:29.000000;2016-03-31T17:59:30.007000;0db9350f-b92b-4772-9f11-f642a19ee5e9;11.611;0.1;SELL
2016-03-31T17:59:29.000000;2016-03-31T17:59:30.013000;9a46c046-d44f-4586-9cdd-ffffd80284b3;11.61;0.1;SELL
2016-03-31T17:59:29.000000;2016-03-31T17:59:30.043000;e233daa4-ae42-4d8b-8799-411565e3ad8a;11.61;2.03699616;SELL
2016-03-31T18:07:34.000000;2016-03-31T18:07:34.623000;2b170714-2234-49f3-8a32-8b78eec8d953;11.584;1.2313324;SELL
2016-03-31T18:08:56.000000;2016-03-31T18:08:56.297000;2405422b-f1e7-44e7-b21c-1f4c8d5b9d4a;11.65;12.124;BUY
2016-03-31T18:09:15.000000;2016-03-31T18:09:15.520000;23bbc3e1-7f8e-4003-b988-6a0700cb4b22;11.678;2.593;BUY
2016-03-31T18:22:55.000000;2016-03-31T18:22:56.023000;a3363de5-f83f-4b44-a11e-d787d4ac1665;11.63;0.8064;SELL
2016-03-31T18:26:58.000000;2016-03-31T18:26:58.943000;b03e5160-fc55-4388-8e86-2cdf4227a2e3;11.584;19.91186265;SELL
2016-03-31T18:26:59.000000;2016-03-31T18:26:59.930000;c34f6528-ac7e-4504-a06f-68bad97e3212;11.584;15.6024873;SELL
2016-03-31T18:28:30.000000;2016-03-31T18:28:30.800000;042f0197-a062-4559-ac03-36e228d35816;11.583;20.7281;BUY
2016-03-31T18:29:31.000000;2016-03-31T18:29:31.233000;24be172e-e783-4770-9835-1b8fc650b6ae;11.574;8.2912;BUY
2016-03-31T18:29:31.000000;2016-03-31T18:29:32.083000;0b1e4cc6-0c0a-40f3-81f4-9565e1ae613b;11.562;0.1;SELL
2016-03-31T18:29:31.000000;2016-03-31T18:29:32.087000;39ae9693-72e9-4095-b5e8-2d027823a594;11.561;0.1;SELL
2016-03-31T18:29:31.000000;2016-03-31T18:29:32.087000;a38c8584-82bb-4ca3-9510-3896701db48e;11.557;0.1;SELL
2016-03-31T18:29:31.000000;2016-03-31T18:29:32.123000;0b12b9a2-14a1-484d-a40a-79a4b6d51f63;11.557;0.1;SELL
2016-03-31T18:29:31.000000;2016-03-31T18:29:32.123000;c0f67724-e15e-4827-8dfe-cf4b95d42f6e;11.551;5.0;SELL
2016-03-31T18:29:33.000000;2016-03-31T18:29:33.223000;5696ec4f-7c44-4f02-9876-5c762f50305c;11.548;1.9112873;SELL
2016-03-31T18:29:33.000000;2016-03-31T18:29:33.473000;4006f629-6b76-4e46-acc0-d646641faf0f;11.548;1.9112873;SELL
2016-03-31T18:29:41.000000;2016-03-31T18:29:41.723000;704cc2fb-3cdd-4671-8af6-1bd98b040f51;11.548;47.3620254;SELL
2016-03-31T18:29:41.000000;2016-03-31T18:29:41.730000;3e2501d7-be7d-4218-8afd-29e4c5818c42;11.547;5.008556;SELL
2016-03-31T18:29:41.000000;2016-03-31T18:29:41.740000;027d409e-ed89-4862-a2f8-d0e1fa79f923;11.527;1.476188;SELL
2016-03-31T18:29:41.000000;2016-03-31T18:29:41.763000;01f27f5a-cc25-434c-acda-9b09a9b8f4ba;11.516;0.1;SELL
2016-03-31T18:29:41.000000;2016-03-31T18:29:41.763000;2bf7814f-c8b0-41a9-8ba6-f05f178c4ac7;11.513;0.85;SELL
2016-03-31T18:29:41.000000;2016-03-31T18:29:41.770000;bc3a9cfe-d8a5-40fa-8277-3f1f624a55f9;11.51;0.1;SELL
2016-03-31T18:29:41.000000;2016-03-31T18:29:41.800000;4239da54-59b1-4555-8e17-291c5a3fdaf3;11.505;0.1;SELL
2016-03-31T18:29:41.000000;2016-03-31T18:29:41.800000;5fd2ea84-38f5-40e3-9d97-0149ff2d4eb6;11.503;0.1;SELL
2016-03-31T18:29:41.000000;2016-03-31T18:29:41.800000;5ee99df7-8859-4906-9bb4-5c57654dcb75;11.502;0.85;SELL
2016-03-31T18:29:41.000000;2016-03-31T18:29:41.800000;13678efd-fd26-4cc9-a193-746dfb2638c0;11.501;0.85;SELL
2016-03-31T18:29:41.000000;2016-03-31T18:29:41.803000;37b01333-e01a-4182-9d1a-14932ab1fe2b;11.501;0.85;SELL
2016-03-31T18:29:41.000000;2016-03-31T18:29:41.803000;a07424d0-7d13-4bfa-869a-7c2a1c831ad1;11.5;1.3592;SELL
2016-03-31T18:29:41.000000;2016-03-31T18:29:41.837000;c7569ccc-4dc7-4a28-b211-dcfb77119543;11.5;20.0;SELL
2016-03-31T18:29:41.000000;2016-03-31T18:29:41.850000;7d9dbbdc-0b1f-4fb6-b567-31dcf595e8d8;11.5;50.0;SELL
2016-03-31T18:29:41.000000;2016-03-31T18:29:41.873000;093a574e-91cd-4823-ab6c-4a290b19a0f0;11.467;70.63485983;SELL
2016-03-31T18:29:43.000000;2016-03-31T18:29:43.577000;e925ee53-0209-4225-a1f3-d7874e2cc962;11.575;1.2252;BUY
2016-03-31T18:29:47.000000;2016-03-31T18:29:47.827000;633f87fc-c9f9-40ac-8090-f81270036d73;11.467;129.36514017;SELL
2016-03-31T18:29:47.000000;2016-03-31T18:29:47.840000;8edb54a7-0c9c-4fd0-acc3-36b073999ebb;11.462;2.72862924;SELL
2016-03-31T18:29:47.000000;2016-03-31T18:29:47.847000;71af8355-0f2b-422d-a5d7-d405a2f3b3e7;11.461;0.1;SELL
2016-03-31T18:29:47.000000;2016-03-31T18:29:47.877000;3a0f91c3-9cf4-432f-9c26-1aa5b961c99d;11.46;19.91186265;SELL
2016-03-31T18:29:47.000000;2016-03-31T18:29:47.877000;34902347-b64e-4b9f-aa71-e173df19262a;11.46;22.55524054;SELL
2016-03-31T18:29:47.000000;2016-03-31T18:29:47.877000;a08d2ef3-3672-4524-ba25-e0ef80326238;11.459;2.5;SELL
2016-03-31T18:29:47.000000;2016-03-31T18:29:47.877000;3156e5d9-06dc-437a-9f73-24b97c0f0aa8;11.458;0.85;SELL
2016-03-31T18:29:47.000000;2016-03-31T18:29:47.880000;7ca426d1-37dc-4e96-9661-b62f61ace892;11.441;0.3503;SELL
2016-03-31T18:29:47.000000;2016-03-31T18:29:47.913000;752f4133-4e73-46ae-b804-ad159fcb0bfc;11.441;12.217156;SELL
2016-03-31T18:29:47.000000;2016-03-31T18:29:47.913000;bd5e5738-cece-4939-9c9c-38db9f45e686;11.44;36.7963;SELL
2016-03-31T18:29:47.000000;2016-03-31T18:29:47.913000;0d60fcc5-ae0d-44fc-b2b8-0c35b15b3084;11.436;0.85;SELL
2016-03-31T18:29:47.000000;2016-03-31T18:29:47.917000;18af2952-0e20-43a7-921a-4383e65a209c;11.419;5.318074;SELL
2016-03-31T18:29:47.000000;2016-03-31T18:29:47.917000;2995cefb-7be9-4597-96ea-e4d409974dfd;11.402;16.4572974;SELL
2016-03-31T18:30:16.000000;2016-03-31T18:30:16.987000;9b897a06-e636-4b6c-a9c6-7d80cb094052;11.562;0.492;BUY
2016-03-31T18:30:21.000000;2016-03-31T18:30:21.440000;040c6773-3358-47db-9847-56164ed89338;11.561;0.13513;BUY
2016-03-31T18:30:50.000000;2016-03-31T18:30:50.247000;0480dc0a-d413-4dd3-84c7-82e83d74bef3;11.557;0.1975;BUY
2016-03-31T18:30:51.000000;2016-03-31T18:30:51.497000;aec411fa-25da-4800-8183-bd02dc02fe94;11.557;16.85862;BUY
2016-03-31T18:34:54.000000;2016-03-31T18:34:54.407000;74a44fbd-9c43-4c05-afb4-4824b3e535eb;11.541;1.0;SELL
2016-03-31T18:34:54.000000;2016-03-31T18:34:54.420000;28af6c77-a82f-49b4-af8b-3ef402e18a32;11.538;16.85862;SELL
2016-03-31T18:34:54.000000;2016-03-31T18:34:54.427000;d3ed15ad-ef15-4a76-9a95-1759014dc490;11.53;1.05324265;SELL
2016-03-31T18:37:43.000000;2016-03-31T18:37:43.907000;3f7805ec-54af-476f-8f85-4a7696230836;11.53;1.0;SELL
2016-03-31T18:38:01.000000;2016-03-31T18:38:01.767000;636a6ebc-5704-4d20-bc76-dc0dc8204c41;11.531;0.31848929;BUY
2016-03-31T18:38:34.000000;2016-03-31T18:38:34.193000;bbf5cb46-546d-463c-8d99-0a9febe4b465;11.531;50.0;BUY
2016-03-31T18:39:02.000000;2016-03-31T18:39:02.300000;8a317dc8-312a-4cc9-8337-b0569119fc3b;11.542;2.182;BUY
2016-03-31T18:39:02.000000;2016-03-31T18:39:02.310000;360b500f-3729-4a62-bfa8-805264aaeffb;11.543;47.818;BUY
2016-03-31T18:39:32.000000;2016-03-31T18:39:32.560000;6a9d1332-f53b-4a0e-96fb-d16fb58fcda0;11.53;0.34939235;SELL
2016-03-31T18:39:32.000000;2016-03-31T18:39:32.573000;38b35a59-6a7d-4058-acf3-80e01c2d0c44;11.502;16.99520199;SELL
2016-03-31T18:40:00.000000;2016-03-31T18:40:00.943000;6589b4a8-eb7a-4eb5-8214-d7d5640cce45;11.55;51.7869;BUY
2016-03-31T18:40:00.000000;2016-03-31T18:40:00.957000;455f6a85-7b45-49ca-b362-375a57abf833;11.553;19.91186265;BUY
2016-03-31T18:40:00.000000;2016-03-31T18:40:00.983000;708b8594-5e0c-436a-b17b-9ee238b35dd3;11.554;2.269318;BUY
2016-03-31T18:40:00.000000;2016-03-31T18:40:00.993000;33b810d9-42a9-417f-a2f3-a9d301c3d782;11.58;0.03191935;BUY
2016-03-31T18:40:39.000000;2016-03-31T18:40:39.917000;8e2ae4c1-b6dc-4b23-93d8-8933c4d3b93a;11.58;0.06808065;BUY
2016-03-31T18:40:41.000000;2016-03-31T18:40:41.813000;083caa59-4a04-4c47-83f7-87f7586eeb7f;11.58;21.36820983;SELL
2016-03-31T18:40:41.000000;2016-03-31T18:40:42.023000;b23d0c09-68cb-42d1-9dc0-9cd5e7483f1a;11.58;2.78715779;SELL
2016-03-31T18:40:44.000000;2016-03-31T18:40:44.483000;0a1e3d51-7b69-486b-a3ad-d573f3aec7d1;11.58;2.78715779;SELL
2016-03-31T18:40:45.000000;2016-03-31T18:40:45.250000;9c5dd46e-06f2-45ab-8278-36c697f15414;11.58;19.91186228;SELL
2016-03-31T18:40:46.000000;2016-03-31T18:40:46.370000;ff3e0091-f97a-4e17-8d61-c456510d7f6d;11.58;1.96920991;SELL
2016-03-31T18:40:47.000000;2016-03-31T18:40:48.047000;1e49ad25-2895-4b9c-b4c2-7c57b72fb84b;11.58;0.49199595;SELL
2016-03-31T18:40:47.000000;2016-03-31T18:40:48.103000;76bc04d0-00ff-4059-afe3-a425aaac5912;11.58;3.771969;SELL
2016-03-31T18:40:47.000000;2016-03-31T18:40:48.123000;cdb81cb4-7e27-43f0-bc43-be7d8bc55fec;11.58;7.61968955;SELL
2016-03-31T18:40:52.000000;2016-03-31T18:40:52.953000;fca5c0ac-0dc3-49ba-9182-13160ccd35f7;11.58;7.61968955;SELL
2016-03-31T18:40:56.000000;2016-03-31T18:40:56.997000;6d27f49f-d1cc-4a17-b48f-81b1feb97169;11.58;7.61968955;SELL
2016-03-31T18:41:00.000000;2016-03-31T18:41:00.947000;83cad2b8-affb-447e-948d-73c24c169b78;11.58;7.61968955;SELL
2016-03-31T18:41:06.000000;2016-03-31T18:41:06.933000;aec7665e-8f04-4720-a3bc-06f133678ae7;11.58;7.61968955;SELL
2016-03-31T18:41:11.000000;2016-03-31T18:41:11.127000;c4630b5f-b060-49de-a499-554c12324ca1;11.58;7.61968955;SELL
2016-03-31T18:41:14.000000;2016-03-31T18:41:14.697000;4a644204-9b5e-40be-9b51-9bf1d99f3180;11.58;4.1262195;SELL
2016-03-31T18:47:46.000000;2016-03-31T18:47:46.520000;8624e85d-82c4-4d8c-97a9-44c1e2304cc5;11.532;19.91186265;SELL
2016-03-31T19:16:01.000000;2016-03-31T19:16:01.313000;b0d1cee4-49a6-408a-bf78-bfc48a4d7255;11.578;2.0;BUY
2016-03-31T19:16:04.000000;2016-03-31T19:16:04.260000;b87935c0-65fe-41e7-a958-09e91a36eda2;11.578;2.0;BUY
2016-03-31T19:16:18.000000;2016-03-31T19:16:18.920000;5c0c3624-1ab1-4b96-9a8e-c1d1d4f8a6dd;11.578;1.5;BUY
2016-03-31T19:16:19.000000;2016-03-31T19:16:19.973000;d51b1d27-c18d-4631-84ba-7909c8317013;11.578;1.5;BUY
2016-03-31T19:16:32.000000;2016-03-31T19:16:32.513000;462b8e89-2677-4ed9-91bc-c834be80b40e;11.578;0.8;BUY
2016-03-31T19:30:36.000000;2016-03-31T19:30:36.227000;626e615a-36e2-477b-815f-4be2e3894bc2;11.579;0.3;BUY
2016-03-31T19:53:16.000000;2016-03-31T19:53:16.963000;ec2fe98d-a882-4c72-a9de-5b0117618350;11.512;1.006;SELL
2016-03-31T19:53:55.000000;2016-03-31T19:53:55.350000;67ef4230-20b1-4c29-ae4e-8ba7261750f9;11.556;2.332227;BUY
2016-03-31T19:53:56.000000;2016-03-31T19:53:57.040000;c380404b-07a2-4d35-8223-29c2636fad9e;11.578;1.95192705;BUY
2016-03-31T19:54:10.000000;2016-03-31T19:54:10.960000;f8202f84-f25a-419b-89d0-48c9498dee94;11.58;3.49346986;BUY
2016-03-31T20:01:13.000000;2016-03-31T20:01:13.650000;ce51c575-94ed-4f8e-8522-456bd5ecd8f3;11.59;1.00509194;SELL
2016-03-31T20:07:23.000000;2016-03-31T20:07:23.680000;56df97a9-38f5-47f3-ab25-31190aa844c3;11.621;0.1;BUY
2016-03-31T20:07:23.000000;2016-03-31T20:07:23.690000;64763981-b24a-4be0-b0b4-3ae87096bf39;11.624;0.1;BUY
2016-03-31T20:07:23.000000;2016-03-31T20:07:23.693000;9688d734-3efe-48e2-b323-d7aa483d65fb;11.624;0.1;BUY
2016-03-31T20:07:23.000000;2016-03-31T20:07:23.727000;60226998-28c1-4677-a988-aaea097a8ac5;11.624;0.1;BUY
2016-03-31T20:07:23.000000;2016-03-31T20:07:23.727000;fc5f12ba-e7e4-4458-9219-04612b124876;11.624;0.1;BUY
2016-03-31T20:07:23.000000;2016-03-31T20:07:23.727000;bda89323-1e71-432f-a004-26467a1beaa9;11.624;0.1;BUY
2016-03-31T20:07:23.000000;2016-03-31T20:07:23.727000;925150a0-24c0-4983-98e6-db9a72b417a1;11.625;0.1;BUY
2016-03-31T20:07:23.000000;2016-03-31T20:07:23.747000;bba6a1f7-e91b-4e78-81a3-1068e7da5b06;11.625;0.1;BUY
2016-03-31T20:07:23.000000;2016-03-31T20:07:23.763000;9a1600b7-d8cf-4cef-b57b-4d9a10091c66;11.627;0.1;BUY
2016-03-31T20:07:23.000000;2016-03-31T20:07:23.763000;86286674-8323-4900-a16a-9b65a091729b;11.627;0.1;BUY
2016-03-31T20:07:23.000000;2016-03-31T20:07:23.763000;3b6de0e4-b9c2-4919-ada3-8816d319f05c;11.628;0.1;BUY
2016-03-31T20:07:23.000000;2016-03-31T20:07:23.767000;1d4d577e-96d6-4e55-aa85-6a5a9902857f;11.63;1.0;BUY
2016-03-31T20:07:23.000000;2016-03-31T20:07:23.803000;34885ae0-d227-4392-8d0b-e6d07e7f3716;11.64;0.1;BUY
2016-03-31T20:07:23.000000;2016-03-31T20:07:23.810000;bfb51542-e331-44c3-8a65-d9429e894a9e;11.64;0.1;BUY
2016-03-31T20:07:23.000000;2016-03-31T20:07:23.840000;5aa16018-73fb-4bb3-81ca-6f9628100d51;11.64;0.1;BUY
2016-03-31T20:07:23.000000;2016-03-31T20:07:23.840000;e107adc2-5c94-4818-99ab-591bc7cf46c3;11.64;0.1;BUY
2016-03-31T20:07:23.000000;2016-03-31T20:07:23.840000;701de6b5-83af-4d9c-94c6-875f57974b0b;11.645;16.85862;BUY
2016-03-31T20:07:23.000000;2016-03-31T20:07:23.840000;6676ec56-8a8e-46d9-84b6-d1ca2e312243;11.645;0.57317444;BUY
2016-03-31T20:07:29.000000;2016-03-31T20:07:29.240000;7c6eae3e-569c-4076-8c97-7304f1198e34;11.645;4.42682556;BUY
2016-03-31T20:07:34.000000;2016-03-31T20:07:35.240000;8012f61c-610c-4b5f-b33b-3ba57bd43ddd;11.66;0.1;BUY
2016-03-31T20:07:34.000000;2016-03-31T20:07:35.250000;806f3487-f0aa-4e73-a0e3-84981c8d1cf6;11.684;0.58896923;BUY
2016-03-31T20:11:42.000000;2016-03-31T20:11:42.510000;282cd759-1079-4f31-94e2-3fd0ccfcbd77;11.693;6.55762413;BUY
2016-03-31T20:11:42.000000;2016-03-31T20:11:42.537000;6bde5ab3-d456-49a1-87a5-aaf9548db041;11.694;6.55762413;BUY
2016-03-31T20:11:42.000000;2016-03-31T20:11:42.543000;f8f175b2-aab9-42dc-8fea-4c6f547a4bdc;11.695;4.28500895;BUY
2016-03-31T20:11:44.000000;2016-03-31T20:11:44.507000;9510b352-a5eb-4432-a615-00c540ebb78d;11.7;6.55762413;SELL
2016-03-31T20:11:49.000000;2016-03-31T20:11:49.667000;6bb0dd0f-48dd-4843-9f59-026cbefbd00a;11.7;12.305789;SELL
2016-03-31T20:11:54.000000;2016-03-31T20:11:54.707000;cbc01e80-05fe-4214-bce6-e946456e79a9;11.7;4.397371;SELL
2016-03-31T20:12:04.000000;2016-03-31T20:12:04.313000;5c613e97-06ae-4069-9578-dadba3cc8150;11.7;1.0;SELL
2016-03-31T20:12:30.000000;2016-03-31T20:12:30.337000;821c8214-bada-4bb5-acdd-0788e4ba070f;11.7;1.0;SELL
2016-03-31T20:12:48.000000;2016-03-31T20:12:48.750000;373b1457-5fdf-4651-ae68-e00350e1bc94;11.7;1.0;SELL
2016-03-31T20:13:08.000000;2016-03-31T20:13:08.080000;81cee156-9ee3-4aa8-9a58-cd1f151f2b43;11.7;1.0;SELL
2016-03-31T20:13:29.000000;2016-03-31T20:13:29.933000;c8ef802c-6385-4372-aff5-2e7883a8c7bf;11.7;1.0;SELL
2016-03-31T20:13:48.000000;2016-03-31T20:13:48.303000;5f5e1d12-337e-4288-88ee-36e0f271a589;11.7;1.0;SELL
2016-03-31T20:14:25.000000;2016-03-31T20:14:25.947000;6a2b8a83-448f-422c-81ae-06ef5e27db14;11.702;0.1;BUY
2016-03-31T20:14:25.000000;2016-03-31T20:14:25.970000;4a4bf412-e8d5-4599-8e42-fad4ccb16be6;11.705;4.28500895;BUY
2016-03-31T20:14:25.000000;2016-03-31T20:14:25.980000;7729b25e-020e-4bc7-8bc7-679ec70ee865;11.706;0.1;BUY
2016-03-31T20:14:25.000000;2016-03-31T20:14:26.007000;4ebef4f4-540b-4689-b5cf-60ec22652aef;11.706;0.1;BUY
2016-03-31T20:14:25.000000;2016-03-31T20:14:26.007000;20ec1a3f-1084-4c2e-aeb7-a833d06fc660;11.706;0.1;BUY
2016-03-31T20:14:25.000000;2016-03-31T20:14:26.010000;8c0b5c06-d47a-4fa6-ae30-81a9e20f1330;11.706;0.1;BUY
2016-03-31T20:14:25.000000;2016-03-31T20:14:26.040000;ac62864c-92e1-4ed5-bd0f-11680c34e621;11.706;0.1;BUY
2016-03-31T20:14:25.000000;2016-03-31T20:14:26.043000;984e92a7-3314-4e2b-987f-3b90417dc9aa;11.706;0.1;BUY
2016-03-31T20:14:25.000000;2016-03-31T20:14:26.043000;5936190f-a564-456f-9e73-6cd4ea0ad87f;11.706;0.1;BUY
2016-03-31T20:14:25.000000;2016-03-31T20:14:26.043000;2f19a16c-e171-4223-acd4-e075d490c799;11.706;0.1;BUY
2016-03-31T20:14:25.000000;2016-03-31T20:14:26.047000;c9933097-a2c0-4752-9116-498aa7e5365a;11.706;0.1;BUY
2016-03-31T20:14:25.000000;2016-03-31T20:14:26.077000;2ca33572-1ba2-4e96-b2e5-a153ed2a9a38;11.706;0.1;BUY
2016-03-31T20:14:25.000000;2016-03-31T20:14:26.077000;43b8fc70-bc9f-4f2f-a5b9-86a0a013d5b2;11.706;0.1;BUY
2016-03-31T20:14:25.000000;2016-03-31T20:14:26.077000;bc77c04a-38b1-419e-9761-8d43a4c106da;11.706;8.42931;BUY
2016-03-31T20:14:25.000000;2016-03-31T20:14:26.090000;ab56bc31-d9c1-44de-a0ed-cdc570eaaf05;11.712;1.0;BUY
2016-03-31T20:14:25.000000;2016-03-31T20:14:26.113000;d985963e-e189-4e3d-8f62-400093cff047;11.712;9.011504;BUY
2016-03-31T20:14:25.000000;2016-03-31T20:14:26.113000;aafa176d-a7a9-4927-99cc-f544d4cd8adf;11.723;2.333031;BUY
2016-03-31T20:14:25.000000;2016-03-31T20:14:26.113000;fe2266e4-7450-4aaf-bcde-17ae9ce695ac;11.723;13.74114605;BUY
2016-03-31T20:15:06.000000;2016-03-31T20:15:06.800000;d4cdf2f2-eccc-49a1-8f8c-3ad190b0dd07;11.725;19.91186265;BUY
2016-03-31T20:15:07.000000;2016-03-31T20:15:07.813000;f7fc700d-be30-4fbb-9327-733011b8fa20;11.725;19.91186265;SELL
2016-03-31T20:15:08.000000;2016-03-31T20:15:08.297000;18cf37a8-a668-4281-9ff6-4d2057841009;11.725;19.91186265;SELL
2016-03-31T20:15:08.000000;2016-03-31T20:15:08.510000;1cecede7-aa0c-4e81-a391-1dc3eb6aa1b1;11.725;15.00511205;SELL
2016-03-31T20:19:15.000000;2016-03-31T20:19:15.213000;62bb71b3-7591-429f-b983-3f9d867b8624;11.7;0.1;SELL
2016-03-31T20:22:29.000000;2016-03-31T20:22:29.540000;a3cb4f96-ca97-438d-8dbc-47ef2025f789;11.653;3.45046866;SELL
2016-03-31T20:24:41.000000;2016-03-31T20:24:41.617000;c2de1d4f-f317-41eb-a2e8-84764d6a6035;11.652;8.42931;SELL
2016-03-31T20:24:43.000000;2016-03-31T20:24:43.197000;cf86abcf-bd1e-4531-817c-262124df5018;11.707;3.62519022;BUY
2016-03-31T20:30:05.000000;2016-03-31T20:30:05.707000;5b9230db-7d73-4634-8927-0ca8dcb2f334;11.64;6.4767;SELL
2016-03-31T20:30:05.000000;2016-03-31T20:30:05.713000;3fb90708-c674-4847-9549-d5dd57571a6e;11.64;7.92797447;SELL
2016-03-31T20:30:08.000000;2016-03-31T20:30:08.043000;3ec73d09-cb92-46c4-bce2-4da6396ce70f;11.64;7.57699441;SELL
2016-03-31T20:30:08.000000;2016-03-31T20:30:08.060000;72fe0f10-dd33-4263-89b3-049d8f25e75e;11.608;0.1;SELL
2016-03-31T20:30:08.000000;2016-03-31T20:30:08.070000;467dc09a-905f-48d8-a6e9-bbc3bfad434e;11.608;0.1;SELL
2016-03-31T20:30:08.000000;2016-03-31T20:30:08.097000;348b56f8-a094-4de5-8f31-ac8d1f2509eb;11.608;0.1;SELL
2016-03-31T20:30:08.000000;2016-03-31T20:30:08.100000;def46137-a10d-4939-9b7f-e22a5aa82e02;11.608;0.1;SELL
2016-03-31T20:30:08.000000;2016-03-31T20:30:08.133000;1a77ad30-f05e-45dd-a91c-c2c1be9e771c;11.608;0.1;SELL
2016-03-31T20:30:08.000000;2016-03-31T20:30:08.133000;71ee866e-cac3-4e7f-8348-e903c2e6274c;11.59;2.5;SELL
2016-03-31T20:30:08.000000;2016-03-31T20:30:08.133000;84cf5c52-2663-4f4c-8c28-ae1d8065b9f9;11.589;0.47523328;SELL
2016-03-31T20:30:08.000000;2016-03-31T20:30:08.133000;b74e5ff9-d7e8-4c51-84ee-37e05e3bf71e;11.589;3.64345519;SELL
2016-03-31T20:30:08.000000;2016-03-31T20:30:08.133000;f705ee73-694f-48f5-9b90-29f828a23da0;11.585;0.1;SELL
2016-03-31T20:30:08.000000;2016-03-31T20:30:08.133000;52c67026-4163-4673-8d72-f780ec00b4a7;11.585;0.1;SELL
2016-03-31T20:30:08.000000;2016-03-31T20:30:08.133000;158b35c3-9b4b-4e3b-b5fc-7abcfe5eeb0d;11.577;0.1;SELL
2016-03-31T20:30:08.000000;2016-03-31T20:30:08.147000;f7f99ada-c365-4ef6-b0a9-8a219c3bf9e0;11.576;0.1;SELL
2016-03-31T20:30:08.000000;2016-03-31T20:30:08.170000;a44e8a43-3e79-43af-b2a1-d1efadfce9f2;11.575;0.1;SELL
2016-03-31T20:30:08.000000;2016-03-31T20:30:08.170000;5ad09168-365b-44b9-93c2-bca2015d33f5;11.572;0.1;SELL
2016-03-31T20:30:08.000000;2016-03-31T20:30:08.173000;2a844ac2-70b1-44e2-a4b4-9bf33986a85d;11.557;2.341109;SELL
2016-03-31T20:30:08.000000;2016-03-31T20:30:08.203000;5a07842a-a704-4784-be49-4af16703e580;11.477;12.3101;SELL
2016-03-31T20:30:08.000000;2016-03-31T20:30:08.203000;d856a61e-8be8-4795-9254-4c7e2dec91e6;11.477;8.673014;SELL
2016-03-31T20:30:08.000000;2016-03-31T20:30:08.203000;fefcbe0e-2360-4a06-b5b8-8ad86e1e9c59;11.473;0.3503;SELL
2016-03-31T20:30:08.000000;2016-03-31T20:30:08.203000;792a941d-4d12-4b9a-9e73-a9287723f7f9;11.442;67.67;SELL
2016-03-31T20:30:08.000000;2016-03-31T20:30:08.213000;a8e0bfd6-10e1-4e45-b7cc-59973b75251d;11.442;4.37737396;SELL
2016-03-31T20:30:08.000000;2016-03-31T20:30:08.240000;aa728dc0-2ecc-4f7c-80cc-e1d083e1074b;11.441;5.0;SELL
2016-03-31T20:30:08.000000;2016-03-31T20:30:08.240000;d9170494-d387-428f-a826-591bf6b3df59;11.43;43.6392;SELL
2016-03-31T20:30:08.000000;2016-03-31T20:30:08.243000;f2ea51b8-dfc6-4c36-a4b9-6fb1f794dba9;11.425;144.6495;SELL
2016-03-31T20:30:08.000000;2016-03-31T20:30:08.277000;a565dfe3-80dc-480c-bb63-8915d943f11e;11.4;190.69372016;SELL
2016-03-31T20:30:16.000000;2016-03-31T20:30:16.127000;54bbd26d-9e5c-4bdf-b5d5-a3bfef108468;11.559;0.6875;SELL
2016-03-31T20:32:30.000000;2016-03-31T20:32:31.033000;c8066e8c-6427-4e27-942f-e400bd40e8c7;11.604;2.75;BUY
2016-03-31T20:34:43.000000;2016-03-31T20:34:43.873000;8f2cc0c7-eef3-43da-8b1b-744f6db36719;11.552;0.1;SELL
2016-03-31T20:34:43.000000;2016-03-31T20:34:43.873000;38cd890b-38de-4b17-868f-2a350515dca5;11.523;7.98616341;SELL
2016-03-31T20:34:55.000000;2016-03-31T20:34:55.453000;7caccb3d-a5d4-4625-b0d0-d89fea5c5698;11.52;0.1;BUY
2016-03-31T20:35:05.000000;2016-03-31T20:35:05.253000;798ce69d-faec-4f4f-826c-e976c7bfd0f9;11.52;1.0;BUY
2016-03-31T20:35:58.000000;2016-03-31T20:35:59.037000;047a0e4c-b3b0-48de-ab55-96d948440a15;11.51;19.91186265;SELL
2016-03-31T20:35:58.000000;2016-03-31T20:35:59.053000;99691505-8b95-4dcb-b650-868735dee14d;11.51;6.06885988;SELL
2016-03-31T20:35:59.000000;2016-03-31T20:35:59.307000;c6e827c0-d567-4e74-a92d-5bff5a124d9c;11.51;19.91186265;BUY
2016-03-31T20:36:02.000000;2016-03-31T20:36:03.060000;a0645dac-4732-4945-8f12-5ed639a82e05;11.51;19.91186265;BUY
2016-03-31T20:36:03.000000;2016-03-31T20:36:03.713000;0f7130bc-f07b-4207-9bab-e0d17aa4d9a3;11.51;5.67163157;BUY
2016-03-31T20:37:37.000000;2016-03-31T20:37:37.620000;e58600ce-a9ca-4efb-a454-9e408117c7ed;11.509;0.6586;SELL
2016-03-31T20:37:46.000000;2016-03-31T20:37:46.730000;6724d079-4037-42e8-aacc-5836fe52d30d;11.509;5.42743793;SELL
2016-03-31T20:39:17.000000;2016-03-31T20:39:17.850000;488d0f6e-c19d-46be-a36e-b08f66dbcbbe;11.48;2.77201786;SELL
2016-03-31T20:40:12.000000;2016-03-31T20:40:12.310000;d283f68d-2e7e-427e-894d-5ae80e6ec231;11.467;0.1;SELL
2016-03-31T20:40:12.000000;2016-03-31T20:40:12.323000;0ac28229-8f42-41e2-a022-0f5284828ac8;11.448;32.36541849;SELL
2016-03-31T20:43:52.000000;2016-03-31T20:43:52.487000;c51b672c-b83f-40db-999f-11d7892d20c7;11.452;2.6;SELL
2016-03-31T20:43:52.000000;2016-03-31T20:43:52.503000;9971718a-156c-40bd-97c5-3ab3bd6e2536;11.451;2.01858178;SELL
2016-03-31T20:43:52.000000;2016-03-31T20:43:52.503000;5f100866-d378-42ce-8777-544aa5c389bd;11.445;1.21836625;SELL
2016-03-31T20:43:53.000000;2016-03-31T20:43:53.190000;4c80fbc3-b1f8-4fb6-945e-75a2520d6d06;11.444;1.48875125;SELL
2016-03-31T20:43:53.000000;2016-03-31T20:43:53.203000;2f03671a-cb7e-4306-be7a-01cb800bbab0;11.443;2.329615;SELL
2016-03-31T20:43:53.000000;2016-03-31T20:43:53.217000;bed12439-b6be-4c6e-ae29-6fd03067bb4a;11.443;4.81743975;SELL
2016-03-31T20:45:24.000000;2016-03-31T20:45:24.263000;6eefda82-a30c-4a6d-a451-54580a289753;11.481;19.43923003;BUY
2016-03-31T20:45:28.000000;2016-03-31T20:45:28.550000;5b4f671b-1151-4eba-8fa8-e0e366694da6;11.481;19.93179444;BUY
2016-03-31T20:51:02.000000;2016-03-31T20:51:02.110000;45439179-f63c-4897-8b76-e4e0be2e7c45;11.548;0.3835;BUY
2016-03-31T20:57:14.000000;2016-03-31T20:57:14.760000;f58b15e6-2316-45ac-a0f4-e743d45eb73e;11.462;19.91186265;SELL
2016-03-31T21:01:42.000000;2016-03-31T21:01:42.807000;f5d15f46-f57f-4f44-b7ab-ed4c5c86fa15;11.449;52.3681;BUY
2016-03-31T21:03:45.000000;2016-03-31T21:03:45.470000;4315e362-f7f7-44f3-b391-8db86efd5e73;11.441;0.1;SELL
2016-03-31T21:03:45.000000;2016-03-31T21:03:45.483000;6b164978-95f6-4131-83eb-05f9a887c89d;11.433;0.1;SELL
2016-03-31T21:03:45.000000;2016-03-31T21:03:45.490000;5fb24788-1570-4552-95dc-4f27c02d2d01;11.43;0.1;SELL
2016-03-31T21:03:45.000000;2016-03-31T21:03:45.520000;b726d0b1-85fd-4dc6-b079-d3e176d8e1d7;11.417;0.05560686;SELL
2016-03-31T21:03:51.000000;2016-03-31T21:03:51.517000;0578f1ad-92df-42b4-b1c1-099950143233;11.449;2.2;BUY
2016-03-31T21:03:51.000000;2016-03-31T21:03:51.527000;b8e1639b-4f67-4d66-a579-718aa427117a;11.45;52.289;BUY
2016-03-31T21:03:51.000000;2016-03-31T21:03:51.530000;719b52b4-72fb-4466-aafc-6678165c91fa;11.475;2.318334;BUY
2016-03-31T21:03:51.000000;2016-03-31T21:03:51.560000;bfb9bddc-2370-4e8e-9d1b-cdef9f0e1acb;11.5;19.91186265;BUY
2016-03-31T21:03:51.000000;2016-03-31T21:03:51.560000;6aa61ee8-67d0-4e5f-9c49-1e7bd3e0c4e4;11.5;8.25679;BUY
2016-03-31T21:03:51.000000;2016-03-31T21:03:51.560000;9d40d1e5-9e17-4013-a700-59e5e6a83a96;11.5;124.0367106;BUY
2016-03-31T21:05:09.000000;2016-03-31T21:05:09.260000;d84730d8-5b4e-4706-bede-6af53cbf11b0;11.416;0.1;SELL
2016-03-31T21:05:09.000000;2016-03-31T21:05:09.277000;4ab6ad37-c99e-4d83-ae0f-8d7badaee86f;11.403;5.1128;SELL
2016-03-31T21:05:09.000000;2016-03-31T21:05:09.283000;a104895c-f5ed-402d-af1d-ae5dae934b61;11.4;0.08485833;SELL
2016-03-31T21:05:10.000000;2016-03-31T21:05:10.897000;e88f8c24-ba4c-4736-afec-434da59ce59f;11.4;19.91186265;SELL
2016-03-31T21:05:11.000000;2016-03-31T21:05:11.073000;1a142fbe-cea3-44ee-89b7-bc08ed99ad08;11.4;19.91186265;SELL
2016-03-31T21:05:15.000000;2016-03-31T21:05:15.243000;d31d5bb5-44d6-47a2-a7d3-8eaae932e847;11.4;19.91186265;SELL
2016-03-31T21:05:56.000000;2016-03-31T21:05:56.360000;7a35b07d-1bad-427d-a980-ccd492049e07;11.4;749.48583356;SELL
2016-03-31T21:05:56.000000;2016-03-31T21:05:56.377000;f4bf6ded-ddda-4578-889c-4154cc194800;11.4;17.16709;SELL
2016-03-31T21:05:56.000000;2016-03-31T21:05:56.383000;1ca44a62-27ac-46df-856d-3d53c9860fd1;11.396;0.85;SELL
2016-03-31T21:05:56.000000;2016-03-31T21:05:56.413000;696ecca8-e48c-47e6-9eca-58c613f1ace1;11.393;0.85;SELL
2016-03-31T21:05:56.000000;2016-03-31T21:05:56.413000;69756514-13b8-45f5-8c41-ebd1b61a7491;11.385;0.1;SELL
2016-03-31T21:05:56.000000;2016-03-31T21:05:56.413000;f2bb75ad-3347-4ecc-a00f-c28d820ec571;11.377;17.16709;SELL
2016-03-31T21:05:56.000000;2016-03-31T21:05:56.413000;fcb7c6a5-d783-4b5b-b389-a251b46d1c09;11.371;0.85;SELL
2016-03-31T21:05:56.000000;2016-03-31T21:05:56.413000;fbab7b75-9ff1-4da0-844a-c2a4044da29a;11.354;17.16709;SELL
2016-03-31T21:05:56.000000;2016-03-31T21:05:56.413000;6bad063a-e9f0-4724-b2e3-b84838f297f6;11.353;0.85;SELL
2016-03-31T21:05:56.000000;2016-03-31T21:05:56.413000;9bac3cd8-605b-48eb-b340-520faa60dda5;11.335;0.1;SELL
2016-03-31T21:05:56.000000;2016-03-31T21:05:56.417000;7b1d5cfc-96fc-4b25-8e01-f73837cadebe;11.332;4.83869927;SELL
2016-03-31T21:09:07.000000;2016-03-31T21:09:07.207000;47becaf1-e48d-4f3d-ad09-eb7b5b882112;11.397;25.0;BUY
2016-03-31T21:10:42.000000;2016-03-31T21:10:42.260000;73586578-7dfc-4905-9e0b-aaea4b067f5a;11.35;32.85000331;SELL
2016-03-31T21:12:21.000000;2016-03-31T21:12:21.863000;53280f82-f251-4594-bb83-48cf932980c1;11.34;34.33521812;SELL
2016-03-31T21:12:46.000000;2016-03-31T21:12:47.000000;8707fd61-201a-4ad6-87b7-f7ce3c118848;11.31;100.0;SELL
2016-03-31T21:16:08.000000;2016-03-31T21:16:08.450000;4ae83ad8-fa6a-4843-8db0-1e44432a8c82;11.31;17.32863737;SELL
2016-03-31T21:16:48.000000;2016-03-31T21:16:48.423000;8d0fda4b-32ba-41a1-8d66-9dd6b245f279;11.33;0.36849073;BUY
2016-03-31T21:21:08.000000;2016-03-31T21:21:08.283000;f978785e-4c9e-449e-840e-8ce8ad569e0d;11.33;1.99223327;BUY
2016-03-31T21:31:25.000000;2016-03-31T21:31:25.837000;8bcb59f0-2309-429e-bc6e-fe8525fc69ef;11.352;2.00853589;SELL
2016-03-31T21:32:13.000000;2016-03-31T21:32:14.043000;0d932248-b499-4b8f-991e-c32d1ac6adda;11.352;9.27817383;SELL
2016-03-31T21:32:14.000000;2016-03-31T21:32:14.910000;f1bf4cf8-7254-49c0-8e7d-d5f69095ba67;11.372;23.08287799;BUY
2016-03-31T21:32:17.000000;2016-03-31T21:32:17.040000;09e00080-13b1-4e58-8dfd-227b3f65970f;11.351;21.04100433;SELL
2016-03-31T21:32:17.000000;2016-03-31T21:32:17.443000;33a4964e-df88-4415-8c13-8fefa89edcc4;11.351;9.94087563;SELL
2016-03-31T21:43:31.000000;2016-03-31T21:43:31.773000;3c3606b4-fe08-431a-9e1c-bc4c02ed7536;11.336;3.15898545;BUY
2016-03-31T21:43:33.000000;2016-03-31T21:43:33.373000;06fa7883-96f0-4de6-9e30-4f5370fb8052;11.336;3.15898545;BUY
2016-03-31T21:43:38.000000;2016-03-31T21:43:38.497000;1a444d0a-b057-487a-9ba2-d9b611850d60;11.336;44.2994765;BUY
2016-03-31T21:43:38.000000;2016-03-31T21:43:38.877000;8a66fa3c-dadc-4804-b527-83d81483dcbb;11.336;1.5501526;BUY
2016-03-31T21:45:18.000000;2016-03-31T21:45:19.023000;f7c983ae-ab3a-4291-8d8e-40492ceeab7c;11.348;1.83727942;SELL
2016-03-31T21:46:25.000000;2016-03-31T21:46:25.390000;b467f7c7-05bd-4863-8679-a7eb05e6f38c;11.341;0.40696029;BUY
2016-03-31T21:46:25.000000;2016-03-31T21:46:25.433000;8bce5cf5-8cd8-4197-9867-122f2b3564c1;11.341;2.77891224;BUY
2016-03-31T21:46:25.000000;2016-03-31T21:46:25.823000;958a1953-2850-47c6-bfea-7a7f5bb1b425;11.341;3.12002889;BUY
2016-03-31T21:47:00.000000;2016-03-31T21:47:00.887000;2beb5ff8-5af7-4e4e-9b85-02d51ebba91c;11.341;0.60154541;BUY
2016-03-31T21:49:57.000000;2016-03-31T21:49:57.337000;cc11ea9b-2b85-4857-bbb1-be54eba31310;11.33;1.0;SELL
2016-03-31T21:49:57.000000;2016-03-31T21:49:57.343000;a32b88de-ca55-4c3f-ac50-21dd426c7913;11.323;52.4747;SELL
2016-03-31T21:49:57.000000;2016-03-31T21:49:57.350000;e042b7e3-78cb-420c-8c6c-13d2e04bf13e;11.322;23.92022148;SELL
2016-03-31T21:49:57.000000;2016-03-31T21:49:57.380000;617e3b4c-add1-4a7e-a241-7081d6673481;11.3;22.40507852;SELL
2016-03-31T21:50:44.000000;2016-03-31T21:50:44.790000;da91d7ae-6ba3-4c6b-9853-7c3ff584681d;11.341;32.17974316;BUY
2016-03-31T21:59:03.000000;2016-03-31T21:59:03.587000;03678587-726b-4b40-a2c4-bc48b4d2e11d;11.319;52.3281;SELL
2016-03-31T21:59:03.000000;2016-03-31T21:59:03.600000;a989afa8-0a97-4f87-a8c5-426966143dba;11.319;1.77674558;SELL
2016-03-31T21:59:03.000000;2016-03-31T21:59:03.607000;bcd03632-0808-4c79-8816-98eeae3074ab;11.301;17.81909961;SELL
2016-03-31T21:59:03.000000;2016-03-31T21:59:03.637000;72f0ffaf-0365-499a-b855-aa170b949dbf;11.301;2.359695;SELL
2016-03-31T21:59:03.000000;2016-03-31T21:59:03.637000;9cc1d2ff-c146-48b9-b678-42461fda2997;11.3;177.59492148;SELL
2016-03-31T21:59:03.000000;2016-03-31T21:59:03.637000;a1a20580-6841-4be7-b3a8-4dfaad62aa6d;11.3;1.0;SELL
2016-03-31T21:59:03.000000;2016-03-31T21:59:03.637000;405932e8-0d08-4929-9374-de443edb52a1;11.291;5.647432;SELL
2016-03-31T21:59:04.000000;2016-03-31T21:59:04.330000;5d00cded-abc9-47b1-9d17-ba5575937ea9;11.29;17.81752298;BUY
2016-03-31T21:59:04.000000;2016-03-31T21:59:05.030000;6620bf2a-27f2-468b-9d7d-46a11fd7e97b;11.29;17.836461;BUY
2016-03-31T21:59:05.000000;2016-03-31T21:59:05.080000;df893646-98b0-4b13-bb18-837bffc60171;11.29;5.82002235;BUY
2016-03-31T22:03:45.000000;2016-03-31T22:03:46.040000;e5ef2aa6-12e6-4c2e-a75a-8c56d2722d42;11.306;52.3514;SELL
2016-03-31T22:03:45.000000;2016-03-31T22:03:46.043000;d27fbe85-d189-4cbc-b9d0-c1a8a985d4ee;11.306;1.23473394;SELL
2016-03-31T22:03:45.000000;2016-03-31T22:03:46.043000;b243f834-73e8-475a-802f-b1717703b1b6;11.305;12.01643865;SELL
2016-03-31T22:03:45.000000;2016-03-31T22:03:46.077000;1c96e3ed-b32b-41f6-b4ff-067e18699a3b;11.3;16.60172706;SELL
2016-03-31T22:20:08.000000;2016-03-31T22:20:08.577000;8d827bfa-cf06-4d6c-8938-246eed9e3f15;11.371;25.0;BUY
2016-03-31T22:23:18.000000;2016-03-31T22:23:18.113000;18be5e36-94f9-467e-bd5e-c2ad787af7db;11.372;8.0867;BUY
2016-03-31T22:26:58.000000;2016-03-31T22:26:59.027000;7eec9e0d-ec03-414f-9170-0ce82d64c55c;11.373;7.66371254;BUY
2016-03-31T22:26:58.000000;2016-03-31T22:26:59.040000;f9e0b60f-b06f-4cd9-bd7f-859eb6727a13;11.373;52.1743;BUY
2016-03-31T22:26:58.000000;2016-03-31T22:26:59.053000;fcdcc8e1-1693-42e8-9c1d-4cb2d84668e8;11.387;0.1;BUY
2016-03-31T22:26:58.000000;2016-03-31T22:26:59.073000;449849f3-f089-4ca0-b8f6-587deea90389;11.391;6.85641701;BUY
2016-03-31T22:26:58.000000;2016-03-31T22:26:59.077000;b6acba27-45cb-4c43-953a-0b053c8417fb;11.392;2.389399;BUY
2016-03-31T22:26:58.000000;2016-03-31T22:26:59.077000;480efd3c-41fc-45c4-9f2b-a805e91657a6;11.413;0.1;BUY
2016-03-31T22:26:58.000000;2016-03-31T22:26:59.083000;92c44d5b-2074-4595-82b0-c8b8cd65e6e8;11.415;0.1;BUY
2016-03-31T22:26:58.000000;2016-03-31T22:26:59.117000;40382db1-0d5c-48d7-8af8-07bf84a61ec2;11.417;0.1;BUY
2016-03-31T22:26:58.000000;2016-03-31T22:26:59.153000;28c8909f-e391-4282-8936-a44270fdcb43;11.417;0.1;BUY
2016-03-31T22:26:58.000000;2016-03-31T22:26:59.153000;afb88190-8b98-4f9c-8f3f-6ff33d0fa521;11.417;0.1;BUY
2016-03-31T22:26:58.000000;2016-03-31T22:26:59.157000;bdd6aed4-7f60-4a38-b5c7-5b44aa351aad;11.417;0.1;BUY
2016-03-31T22:26:58.000000;2016-03-31T22:26:59.210000;f3b49314-f894-4e0e-8cea-a4dd24c78a3c;11.417;0.1;BUY
2016-03-31T22:26:58.000000;2016-03-31T22:26:59.247000;b15d5f97-d82f-4786-9d9d-0d6e18b8fb52;11.418;0.1;BUY
2016-03-31T22:26:58.000000;2016-03-31T22:26:59.247000;b375a933-88dd-4f45-a594-6e8073623d20;11.418;0.1;BUY
2016-03-31T22:26:58.000000;2016-03-31T22:26:59.247000;65944e26-80b8-4260-8540-911bc95046ce;11.418;0.1;BUY
2016-03-31T22:26:58.000000;2016-03-31T22:26:59.247000;591a3c43-3e9a-481f-873b-80c61ec3fb7c;11.418;0.1;BUY
2016-03-31T22:26:58.000000;2016-03-31T22:26:59.253000;570bd076-b69a-453b-968c-3f338f531f8d;11.418;0.1;BUY
2016-03-31T22:26:58.000000;2016-03-31T22:26:59.283000;31bff58b-7b99-4889-90c1-dc3c110402f3;11.418;0.1;BUY
2016-03-31T22:26:58.000000;2016-03-31T22:26:59.283000;15ca2631-0dc0-4deb-94b2-f2c2d814f9d5;11.418;0.1;BUY
2016-03-31T22:26:58.000000;2016-03-31T22:26:59.333000;c8b898bd-1df1-41ac-9000-25d503878d6f;11.418;0.1;BUY
2016-03-31T22:26:58.000000;2016-03-31T22:26:59.337000;5095dda3-b6f1-4ce8-a26a-4eea36895ec1;11.418;0.1;BUY
2016-03-31T22:26:58.000000;2016-03-31T22:26:59.337000;f8f8c3fd-ca14-4461-97ee-f70f0902ace0;11.418;0.1;BUY
2016-03-31T22:26:58.000000;2016-03-31T22:26:59.370000;ced4235b-9510-4f8a-9511-61d71405faf9;11.418;0.1;BUY
2016-03-31T22:26:58.000000;2016-03-31T22:26:59.370000;016640e0-14e8-42b8-b470-88a7127fb8fa;11.419;0.1;BUY
2016-03-31T22:26:58.000000;2016-03-31T22:26:59.370000;cddf99af-5af9-4565-b414-fb84f4748f9d;11.419;0.1;BUY
2016-03-31T22:26:58.000000;2016-03-31T22:26:59.370000;a0ac3b07-484f-4082-83fe-7cdda2b3b093;11.419;0.1;BUY
2016-03-31T22:26:58.000000;2016-03-31T22:26:59.370000;fad8f8c2-418d-4b31-8a23-618e59c4b188;11.419;0.1;BUY
2016-03-31T22:26:58.000000;2016-03-31T22:26:59.370000;ab03a48a-dfc2-4afb-89d8-a19d3cf67d65;11.482;0.3503;BUY
2016-03-31T22:26:58.000000;2016-03-31T22:26:59.370000;f12fc1cd-547a-466b-9f5a-88be8294522e;11.492;78.26587145;BUY
2016-03-31T22:27:30.000000;2016-03-31T22:27:30.560000;ecba624f-10f9-4a07-94f9-a161f462dcfe;11.419;0.1;BUY
2016-03-31T22:27:30.000000;2016-03-31T22:27:30.573000;49ea225d-ef8b-40ea-9738-a8b3eddbea70;11.463;19.9;BUY
2016-03-31T22:27:36.000000;2016-03-31T22:27:36.563000;e6160be9-8002-4657-a41e-f3964c5ef682;11.459;52.5224;BUY
2016-03-31T22:27:36.000000;2016-03-31T22:27:36.573000;50dad143-c7dc-48d6-9e64-24d954ac14e3;11.46;34.33521812;BUY
2016-03-31T22:27:36.000000;2016-03-31T22:27:36.590000;11c0d2b9-549e-4a11-9a6e-b72cd1d72d0c;11.482;0.3503;BUY
2016-03-31T22:27:36.000000;2016-03-31T22:27:36.610000;ccbcc92f-6061-4f7b-b1c8-4523ca7e391b;11.484;0.3503;BUY
2016-03-31T22:27:36.000000;2016-03-31T22:27:36.610000;461b4ab3-2f06-435c-85cd-0a808d681957;11.519;12.44178188;BUY
2016-03-31T22:28:46.000000;2016-03-31T22:28:47.030000;b692647c-944c-43a9-ae14-c4cfe37ece77;11.443;34.33521812;BUY
2016-03-31T22:28:46.000000;2016-03-31T22:28:47.053000;573a0204-0f04-461f-9829-787d94781b7b;11.444;0.1;BUY
2016-03-31T22:28:46.000000;2016-03-31T22:28:47.060000;ae9fdf6b-86d8-444d-8113-7bebc5c7f93a;11.444;2.376071;BUY
2016-03-31T22:28:46.000000;2016-03-31T22:28:47.087000;553338a8-7505-4cc0-9ee2-c631d268a35e;11.446;13.18871088;BUY
2016-03-31T22:29:05.000000;2016-03-31T22:29:05.753000;081fa348-85b9-453b-b368-b2164cf0e8f5;11.45;2.371072;SELL
2016-03-31T22:29:58.000000;2016-03-31T22:29:58.710000;530c97fc-468e-47f7-8021-b2ec46d218d7;11.455;1.45339694;BUY
2016-03-31T22:29:58.000000;2016-03-31T22:29:58.730000;0c33f172-5c9a-4069-aff4-421a593d7ccc;11.455;2.368062;BUY
2016-03-31T22:29:58.000000;2016-03-31T22:29:58.737000;893f023d-f327-4038-b6be-df3ffc4c9b95;11.464;10.086754;BUY
2016-03-31T22:29:58.000000;2016-03-31T22:29:58.950000;87eb747f-5d97-4f78-a619-a4b9f048c17e;11.465;24.09178706;SELL
2016-03-31T22:34:10.000000;2016-03-31T22:34:10.077000;dfd3cd1d-e860-4e85-a3a0-daa984f03481;11.474;2.367025;BUY
2016-03-31T22:34:10.000000;2016-03-31T22:34:10.083000;cd58184d-c8c7-4d67-aa9c-081c85eb1350;11.484;0.1;BUY
2016-03-31T22:34:10.000000;2016-03-31T22:34:10.087000;f212585a-dae4-4722-804a-bbc7bb897eeb;11.484;0.1;BUY
2016-03-31T22:34:10.000000;2016-03-31T22:34:10.120000;b2b2da4c-9c01-48cf-9b72-86606061631d;11.484;0.1;BUY
2016-03-31T22:34:10.000000;2016-03-31T22:34:10.120000;35a2f757-3cd4-4fe4-8d06-4f983224fc33;11.484;0.1;BUY
2016-03-31T22:34:10.000000;2016-03-31T22:34:10.120000;052bd725-23b3-44cd-aaa0-05ffb22cd784;11.486;0.1;BUY
2016-03-31T22:34:10.000000;2016-03-31T22:34:10.120000;6f96182f-c92f-4eac-bcb9-27cc0c9bedc0;11.49;0.132975;BUY
2016-03-31T22:34:47.000000;2016-03-31T22:34:47.333000;25aa2101-82af-4dc1-8d5d-ead1f3ff949d;11.474;2.368062;BUY
2016-03-31T22:34:47.000000;2016-03-31T22:34:47.343000;c8ccc425-2303-457a-aad9-292622c563a0;11.484;0.1;BUY
2016-03-31T22:34:47.000000;2016-03-31T22:34:47.350000;dc964710-7bc3-49a1-aee0-a5b2c8e8cc50;11.517;0.531938;BUY
2016-03-31T22:35:59.000000;2016-03-31T22:35:59.590000;9041a289-3790-4209-967a-42b9c5ab26ef;11.488;0.1;BUY
2016-03-31T22:35:59.000000;2016-03-31T22:35:59.593000;317ce67e-29f1-488f-b844-042399c85008;11.488;2.366611;BUY
2016-03-31T22:35:59.000000;2016-03-31T22:35:59.597000;a790c0a4-6353-4709-8b56-5d53e3f19298;11.518;0.533389;BUY
2016-03-31T22:44:17.000000;2016-03-31T22:44:17.967000;4df13bf2-0687-4283-956e-b57dee695dc6;11.451;50.0;SELL
2016-03-31T22:44:38.000000;2016-03-31T22:44:38.410000;866a7e34-4916-413e-bf94-7efa87aab817;11.451;50.0;SELL
2016-03-31T22:58:43.000000;2016-03-31T22:58:43.407000;322bbf55-cc4a-4a3f-bbd2-1b742cb861ad;11.405;16.0;SELL
2016-03-31T22:59:37.000000;2016-03-31T22:59:37.530000;54fff253-2c22-4536-bc47-f3e24d29127e;11.407;20.0;BUY
2016-03-31T23:09:15.000000;2016-03-31T23:09:15.583000;095de957-ad22-4186-8589-a142499077df;11.405;1.0;SELL
2016-03-31T23:09:38.000000;2016-03-31T23:09:38.563000;f563893e-3af7-482c-9df9-8f045a690249;11.405;1.0;SELL
2016-03-31T23:10:45.000000;2016-03-31T23:10:45.593000;0690eafa-1e88-4234-bffb-f959b9457755;11.407;6.0;BUY
2016-03-31T23:26:53.000000;2016-03-31T23:26:53.740000;59084a3e-32ed-440d-a5cd-2502df31c89c;11.4;1.0;SELL
2016-03-31T23:27:03.000000;2016-03-31T23:27:04.127000;968b3153-f8bd-4200-a7fb-ef1b83202b1d;11.4;29.21434309;SELL
2016-03-31T23:27:04.000000;2016-03-31T23:27:04.840000;b4e38778-ebdd-488c-8f32-db1f4a4f90c2;11.4;29.21434309;SELL
2016-03-31T23:27:05.000000;2016-03-31T23:27:05.470000;a6dc80d6-69b4-47e6-b370-23f7879786b5;11.4;29.21434309;SELL
2016-03-31T23:27:06.000000;2016-03-31T23:27:06.173000;4061efa1-bd65-4835-b1d2-3fc29a55e92a;11.4;11.35697073;SELL
2016-03-31T23:29:51.000000;2016-03-31T23:29:51.277000;eaeabf68-d187-4d18-b4cc-4378e7a37d17;11.388;52.1112;BUY
2016-03-31T23:29:51.000000;2016-03-31T23:29:51.280000;882f8e96-a17e-4d99-a427-f47832905629;11.413;12.8888;BUY
2016-03-31T23:30:40.000000;2016-03-31T23:30:40.627000;a2a5cf07-ee1e-4990-8a60-a2fa26f06aae;11.386;50.0;BUY
