time_exchange;time_coinpai;guid;price;base_amount;taker_side
2016-03-31T00:00:02.000000;2016-03-31T00:00:02.000000;942b6110-40b2-4fd5-8aed-7e1b41a2b94c;413.04;0.74913616;UNKNOWN
2016-03-31T00:00:02.000000;2016-03-31T00:00:02.000000;b7e17dc6-2066-4f59-96d5-bc3310f024bb;413.04;0.03149761;UNKNOWN
2016-03-31T00:00:02.000000;2016-03-31T00:00:02.000000;0243bd04-71ac-4b7b-89a7-5ed894aa0377;413.04;0.36649401;UNKNOWN
2016-03-31T00:00:11.000000;2016-03-31T00:00:11.000000;064ee7ae-7d62-4891-8230-9d22853c01c3;413.13;0.01;UNKNOWN
2016-03-31T00:00:12.000000;2016-03-31T00:00:12.000000;0e929bfb-2c01-4aec-953f-8e68590ebf13;413.13;0.95;UNKNOWN
2016-03-31T00:00:13.000000;2016-03-31T00:00:13.000000;3975db3c-6786-42c1-8587-969cee257db7;413.13;1.006771;UNKNOWN
2016-03-31T00:00:14.000000;2016-03-31T00:00:14.000000;c2454d79-10bd-4d26-9fc9-589ed4c1f058;413.13;0.72;UNKNOWN
2016-03-31T00:00:29.000000;2016-03-31T00:00:29.000000;f85441ae-05b5-4e9a-a26f-eac8dc0e45fd;413.18;0.11984772;UNKNOWN
2016-03-31T00:00:55.000000;2016-03-31T00:00:55.000000;0493d9f5-59da-4c4d-a167-af2d77c39c32;413.27;5.0;UNKNOWN
2016-03-31T00:03:06.000000;2016-03-31T00:03:06.000000;6e376814-adb7-4403-a5a9-f04dede1d35e;413.27;0.726186;UNKNOWN
2016-03-31T00:03:44.000000;2016-03-31T00:03:44.000000;a1f4b124-5ef2-4d03-8432-9d2d0075067a;413.27;4.0;UNKNOWN
2016-03-31T00:05:40.000000;2016-03-31T00:05:40.000000;3efa8713-a1ec-4056-ba56-9870bc2ccc46;413.26;0.03515718;UNKNOWN
2016-03-31T00:07:07.000000;2016-03-31T00:07:07.000000;ecd30edc-c552-48fe-a3c0-1574f57060d5;413.25;0.12364369;UNKNOWN
2016-03-31T00:07:08.000000;2016-03-31T00:07:08.000000;4e56eb56-3113-4948-9087-279f1cbdf78a;413.25;0.12364668;UNKNOWN
2016-03-31T00:08:57.000000;2016-03-31T00:08:57.000000;5fa6f230-e8da-4bb3-a3e6-7e83879c3981;413.27;1.5;UNKNOWN
2016-03-31T00:09:24.000000;2016-03-31T00:09:24.000000;e88e10c3-8ee6-4b57-89dd-31212a78fd21;413.27;0.24248096;UNKNOWN
2016-03-31T00:09:24.000000;2016-03-31T00:09:24.000000;910901fb-e6d2-4200-9c3f-5971ada255bd;413.27;8.773814;UNKNOWN
2016-03-31T00:09:58.000000;2016-03-31T00:09:58.000000;8ac52513-2dd7-4123-b52c-80511ddb82c0;413.28;0.26;UNKNOWN
2016-03-31T00:10:01.000000;2016-03-31T00:10:01.000000;e398a98f-09ba-45c5-8fe6-a66461a984c0;413.28;1.74;UNKNOWN
2016-03-31T00:10:01.000000;2016-03-31T00:10:01.000000;f434f441-6769-4ed8-a2db-9d924e6e7919;413.3;24.7888;UNKNOWN
2016-03-31T00:10:02.000000;2016-03-31T00:10:02.000000;9b96ab6a-d6d6-4539-a63f-72d9d4fefd73;413.39;0.249;UNKNOWN
2016-03-31T00:10:02.000000;2016-03-31T00:10:02.000000;b13f1a97-4bfa-4314-8dec-01d8684fc2cf;413.4;0.6956;UNKNOWN
2016-03-31T00:10:02.000000;2016-03-31T00:10:02.000000;1fc26d9c-9eac-40c5-af4e-3b3ddbc73ef3;413.3;1.0554;UNKNOWN
2016-03-31T00:10:02.000000;2016-03-31T00:10:02.000000;028a9ee9-ff19-48db-a33e-809a9c3b567c;413.3;3.0;UNKNOWN
2016-03-31T00:10:08.000000;2016-03-31T00:10:08.000000;2db7a952-26fa-4764-8581-0c3d5814505a;413.4;9.2997;UNKNOWN
2016-03-31T00:10:36.000000;2016-03-31T00:10:36.000000;35ad546a-0c46-4987-9e03-cccf3d1b02bf;413.51;0.30147564;UNKNOWN
2016-03-31T00:10:37.000000;2016-03-31T00:10:37.000000;263edfc6-d238-43f2-9a99-f1e22e60caee;413.5;0.02817599;UNKNOWN
2016-03-31T00:10:43.000000;2016-03-31T00:10:43.000000;e47e617e-348e-4cf0-90c5-d98a55ea44e2;413.51;2.0;UNKNOWN
2016-03-31T00:10:56.000000;2016-03-31T00:10:56.000000;5b73d467-c245-4583-b29a-72457531ffb8;413.51;0.4819;UNKNOWN
2016-03-31T00:11:24.000000;2016-03-31T00:11:24.000000;7af6c735-4a7c-41d4-a0d8-f1e13b76114c;414.47;0.114269;UNKNOWN
2016-03-31T00:11:24.000000;2016-03-31T00:11:24.000000;0d4df424-fc2c-4550-abc0-f9814e67bf70;414.5;2.5;UNKNOWN
2016-03-31T00:11:24.000000;2016-03-31T00:11:24.000000;53b24c2d-afb6-41e7-834b-d4bd7027fe27;414.59;10.0;UNKNOWN
2016-03-31T00:11:24.000000;2016-03-31T00:11:24.000000;4280361e-9f35-4b16-9543-8d81d85e1867;414.68;13.1385;UNKNOWN
2016-03-31T00:11:24.000000;2016-03-31T00:11:24.000000;d64d7bd9-5d63-4e49-a00b-567e1eb3babd;414.47;0.249699;UNKNOWN
2016-03-31T00:11:24.000000;2016-03-31T00:11:24.000000;20240138-836b-4e0a-bb35-e6baa79015b0;414.69;10.0;UNKNOWN
2016-03-31T00:11:24.000000;2016-03-31T00:11:24.000000;c55f0409-a8fa-483b-ae48-598074c2b677;414.5;1.0;UNKNOWN
2016-03-31T00:11:24.000000;2016-03-31T00:11:24.000000;35906c5d-c913-43fb-b9c8-bfa97f7197ef;414.5;0.20072033;UNKNOWN
2016-03-31T00:11:24.000000;2016-03-31T00:11:24.000000;10d60730-5efd-47a4-8136-cd3796288a52;414.47;0.199699;UNKNOWN
2016-03-31T00:11:24.000000;2016-03-31T00:11:24.000000;7b0a403c-c854-43d8-aaf4-2a540218766e;414.38;0.337;UNKNOWN
2016-03-31T00:11:24.000000;2016-03-31T00:11:24.000000;6c3bc2b6-eeef-4802-9b47-93b76e840633;414.93;0.5;UNKNOWN
2016-03-31T00:11:24.000000;2016-03-31T00:11:24.000000;4854fa0c-de4b-4d6c-a328-0178aa32f327;414.73;0.01;UNKNOWN
2016-03-31T00:11:24.000000;2016-03-31T00:11:24.000000;e37113a5-81bd-4af3-bec0-3f3b0a1bae8c;414.81;13.7493;UNKNOWN
2016-03-31T00:11:24.000000;2016-03-31T00:11:24.000000;a87b1c99-d005-41b1-8462-e3635a847a30;414.5;3.0;UNKNOWN
2016-03-31T00:11:24.000000;2016-03-31T00:11:24.000000;91682709-c16c-4cc8-81d1-f6e367299827;414.49;10.0;UNKNOWN
2016-03-31T00:11:24.000000;2016-03-31T00:11:24.000000;76a7b2cc-035a-4b35-814b-aa363f5f0e91;413.51;10.0;UNKNOWN
2016-03-31T00:11:24.000000;2016-03-31T00:11:24.000000;3587f194-342d-493c-932b-3e2fb892df77;414.2;4.24;UNKNOWN
2016-03-31T00:11:24.000000;2016-03-31T00:11:24.000000;94c3f7bb-f7de-4423-a45f-5f0679c3b779;414.89;10.0;UNKNOWN
2016-03-31T00:11:24.000000;2016-03-31T00:11:24.000000;e2a59dc2-4836-4b14-945c-5e678031ef59;414.93;3.64719181;UNKNOWN
2016-03-31T00:11:24.000000;2016-03-31T00:11:24.000000;30588d1b-9e34-4ce4-974a-f409b3da9c63;413.51;7.21662436;UNKNOWN
2016-03-31T00:11:24.000000;2016-03-31T00:11:24.000000;f859a352-bd13-4945-af48-8a8e14c958f5;414.47;0.249699;UNKNOWN
2016-03-31T00:11:24.000000;2016-03-31T00:11:24.000000;4792845c-929f-416d-b5b3-8eff3e57a465;414.79;10.0;UNKNOWN
2016-03-31T00:11:24.000000;2016-03-31T00:11:24.000000;81aa815d-ccbe-4c29-9683-61dba3e5575f;414.25;25.8442;UNKNOWN
2016-03-31T00:11:24.000000;2016-03-31T00:11:24.000000;a09eff83-6ea6-45f5-b69d-a6fe3b74ef81;414.47;0.249699;UNKNOWN
2016-03-31T00:11:24.000000;2016-03-31T00:11:24.000000;2a47dfb3-f604-4249-973a-482b811606a9;413.6;10.0;UNKNOWN
2016-03-31T00:11:24.000000;2016-03-31T00:11:24.000000;cb4b4952-ca3b-450b-9118-18c82c068db3;414.0;10.0;UNKNOWN
2016-03-31T00:11:24.000000;2016-03-31T00:11:24.000000;fd344b9a-4351-457c-a53b-af8408dacc0f;414.39;10.0;UNKNOWN
2016-03-31T00:11:24.000000;2016-03-31T00:11:24.000000;0c9e1023-0278-4217-b5b4-4d04c0ddcefe;414.85;10.0;UNKNOWN
2016-03-31T00:11:24.000000;2016-03-31T00:11:24.000000;fbeb6f2e-ec87-4268-a858-184f004a8a79;414.89;5.0;UNKNOWN
2016-03-31T00:11:24.000000;2016-03-31T00:11:24.000000;05258f47-ad65-457c-820b-c10bed2fbc24;414.67;4.02;UNKNOWN
2016-03-31T00:11:32.000000;2016-03-31T00:11:32.000000;70f05d84-daf5-49cd-aea4-0c1f4a10b412;414.39;0.146652;UNKNOWN
2016-03-31T00:11:34.000000;2016-03-31T00:11:34.000000;8e8a747e-439c-4133-8542-df3bb9b65a4b;414.93;0.99;UNKNOWN
2016-03-31T00:11:34.000000;2016-03-31T00:11:34.000000;48f3d7cc-8693-4f9f-96bb-7b18479fd462;414.93;0.01;UNKNOWN
2016-03-31T00:12:02.000000;2016-03-31T00:12:02.000000;0846f6f3-25af-4874-878f-45246dd2390b;414.88;0.011;UNKNOWN
2016-03-31T00:12:21.000000;2016-03-31T00:12:21.000000;34c00a83-f54b-47a4-9564-e372c648412b;414.9;0.1199879;UNKNOWN
2016-03-31T00:13:49.000000;2016-03-31T00:13:49.000000;99fe8d92-422a-4b48-b07d-6910b60c2d9e;414.98;0.12312823;UNKNOWN
2016-03-31T00:13:49.000000;2016-03-31T00:13:49.000000;394ed044-de05-4bfa-b495-001de2eb8a05;414.98;0.08208549;UNKNOWN
2016-03-31T00:13:50.000000;2016-03-31T00:13:50.000000;86c718cc-421f-40d6-91f1-26f474424488;414.99;0.12300213;UNKNOWN
2016-03-31T00:13:50.000000;2016-03-31T00:13:50.000000;fa04eefd-5b7d-410e-80a2-fe0b93419d15;414.98;0.08208549;UNKNOWN
2016-03-31T00:13:53.000000;2016-03-31T00:13:53.000000;c65a94c5-2c8a-4681-af60-62e8dc1c6eec;414.98;0.12279732;UNKNOWN
2016-03-31T00:13:53.000000;2016-03-31T00:13:53.000000;711dc6d0-deb8-4a60-b2d9-2c6a76a7a74c;414.98;0.12279732;UNKNOWN
2016-03-31T00:14:44.000000;2016-03-31T00:14:44.000000;1ed06561-04bd-4af4-9c38-9fce00f853c7;414.98;0.01226425;UNKNOWN
2016-03-31T00:15:36.000000;2016-03-31T00:15:36.000000;0dcc2a95-ee5c-424c-9933-ed5a52a6bfba;414.98;0.03889585;UNKNOWN
2016-03-31T00:16:04.000000;2016-03-31T00:16:04.000000;4c3456b6-6395-4002-940e-90b3652fb508;414.98;0.1;UNKNOWN
2016-03-31T00:16:24.000000;2016-03-31T00:16:24.000000;73d1a97f-ca15-4099-a09d-b773c2b041e1;414.98;0.962;UNKNOWN
2016-03-31T00:17:16.000000;2016-03-31T00:17:16.000000;29afa094-6cda-447e-af74-1f5c795c8ea1;414.98;0.48398974;UNKNOWN
2016-03-31T00:18:05.000000;2016-03-31T00:18:05.000000;27ede5ed-44b8-4f19-bf95-6100e711f2cd;414.99;1.18839859;UNKNOWN
2016-03-31T00:18:42.000000;2016-03-31T00:18:42.000000;da23d04b-2887-4fdb-b0a3-65e84d52b3e1;414.99;14.31140072;UNKNOWN
2016-03-31T00:18:42.000000;2016-03-31T00:18:42.000000;56b8cded-74cc-40bc-b47f-0c71905aa816;414.99;10.0;UNKNOWN
2016-03-31T00:18:42.000000;2016-03-31T00:18:42.000000;88e8ecf1-34a2-4eef-b599-9a4bd793aada;414.99;0.68859928;UNKNOWN
2016-03-31T00:19:26.000000;2016-03-31T00:19:26.000000;b1402d05-5d08-4dcb-b7db-5ab8349202ca;414.98;0.1;UNKNOWN
2016-03-31T00:20:30.000000;2016-03-31T00:20:30.000000;0b8499ff-e7d2-4885-bfbf-d189efafd786;414.98;0.2418;UNKNOWN
2016-03-31T00:22:12.000000;2016-03-31T00:22:12.000000;8374cdb8-44aa-4db0-8d4f-edf5d8bbb1bf;414.99;0.07697763;UNKNOWN
2016-03-31T00:25:00.000000;2016-03-31T00:25:00.000000;14cc9951-9891-4cb3-8eda-5e49a8d1523b;414.98;0.13093019;UNKNOWN
2016-03-31T00:25:07.000000;2016-03-31T00:25:07.000000;4c1e4df9-e5c3-4224-8f53-31bb9bcccd6d;414.98;2.09752341;UNKNOWN
2016-03-31T00:25:07.000000;2016-03-31T00:25:07.000000;1805ddcd-4e0c-4f20-a2fc-105f19577fb7;414.98;4.69913771;UNKNOWN
2016-03-31T00:25:07.000000;2016-03-31T00:25:07.000000;a429e11d-9ebe-4377-a33b-ee88ab8bc371;414.98;4.70029729;UNKNOWN
2016-03-31T00:25:07.000000;2016-03-31T00:25:07.000000;8c0deb92-e4c8-45d1-ae23-a43792f26b3a;414.98;4.69864092;UNKNOWN
2016-03-31T00:25:07.000000;2016-03-31T00:25:07.000000;257b2f20-5ae2-4d9a-b4ea-9c788572cf2a;414.98;0.80340067;UNKNOWN
2016-03-31T00:25:29.000000;2016-03-31T00:25:29.000000;d7c3e415-eeff-4424-b586-c61619e4ee53;414.99;0.09351896;UNKNOWN
2016-03-31T00:25:33.000000;2016-03-31T00:25:33.000000;bc720c5c-91ba-4401-acf2-ad9edb0eff1f;414.98;2.0;UNKNOWN
2016-03-31T00:26:57.000000;2016-03-31T00:26:57.000000;ea805102-f574-4b86-b7a8-363f328ff369;414.98;1.0;UNKNOWN
2016-03-31T00:27:02.000000;2016-03-31T00:27:02.000000;ea028eaa-f759-4b3c-b228-dcca808af495;414.98;0.89524025;UNKNOWN
2016-03-31T00:27:02.000000;2016-03-31T00:27:02.000000;2ef35b14-9cf6-458f-94e4-f0cacdbc4961;414.98;0.10475975;UNKNOWN
2016-03-31T00:27:06.000000;2016-03-31T00:27:06.000000;2543eeb4-2add-455f-bf99-f3f764c350f9;414.98;1.0;UNKNOWN
2016-03-31T00:27:09.000000;2016-03-31T00:27:09.000000;3041e2af-f8cf-43ec-8348-a44892c33a7d;414.98;1.0;UNKNOWN
2016-03-31T00:27:17.000000;2016-03-31T00:27:17.000000;64df4619-dc5b-47d4-a6c9-005e046a6ecf;414.98;1.0;UNKNOWN
2016-03-31T00:27:20.000000;2016-03-31T00:27:20.000000;368fca61-9562-43fa-b709-97d7362c3ae9;414.98;1.0;UNKNOWN
2016-03-31T00:27:26.000000;2016-03-31T00:27:26.000000;b1a95daf-2660-4fa2-a50f-a59e30aca4e2;414.98;0.59388117;UNKNOWN
2016-03-31T00:27:26.000000;2016-03-31T00:27:26.000000;3e0067ed-2835-4616-b6ef-8add9810c5e8;414.98;0.40611883;UNKNOWN
2016-03-31T00:27:31.000000;2016-03-31T00:27:31.000000;24f56c82-1b93-46a3-92e2-ab3175b1d207;414.98;1.0;UNKNOWN
2016-03-31T00:27:38.000000;2016-03-31T00:27:38.000000;286b7248-efad-4755-800b-6fdfc2876120;414.98;1.0;UNKNOWN
2016-03-31T00:27:38.000000;2016-03-31T00:27:38.000000;a03f8fb3-822b-41c5-82a5-e9e8696fa0cc;414.99;0.08;UNKNOWN
2016-03-31T00:27:42.000000;2016-03-31T00:27:42.000000;40580108-f2c0-406a-9a24-6c86ee6dc968;414.98;1.0;UNKNOWN
2016-03-31T00:27:48.000000;2016-03-31T00:27:48.000000;4323263e-d182-4cf6-80e8-07e7ac0eee85;414.98;1.0;UNKNOWN
2016-03-31T00:27:53.000000;2016-03-31T00:27:53.000000;cc4ee6c3-b3f1-4632-beec-2352ae6c198c;414.98;0.28370776;UNKNOWN
2016-03-31T00:27:53.000000;2016-03-31T00:27:53.000000;0b744471-5c0b-4041-a343-1d4c0f488feb;414.98;0.71629224;UNKNOWN
2016-03-31T00:27:58.000000;2016-03-31T00:27:58.000000;49cd76be-85f0-4b74-995f-cf657129b2f0;414.98;1.0;UNKNOWN
2016-03-31T00:28:03.000000;2016-03-31T00:28:03.000000;299c25f7-f3bb-4012-965e-5a7dc252eb08;414.98;1.0;UNKNOWN
2016-03-31T00:28:10.000000;2016-03-31T00:28:10.000000;91725c83-a3af-4ac9-8a64-4223e2ac14b7;414.98;1.0;UNKNOWN
2016-03-31T00:28:13.000000;2016-03-31T00:28:13.000000;f9f6a062-91b4-44db-acfe-070739253e31;414.98;0.03887782;UNKNOWN
2016-03-31T00:28:16.000000;2016-03-31T00:28:16.000000;ca91c9e0-9d09-4a19-808c-5733f35d044f;414.98;0.93465653;UNKNOWN
2016-03-31T00:28:16.000000;2016-03-31T00:28:16.000000;4c5c971b-d92c-448d-8d9f-58b578124709;414.98;0.06534347;UNKNOWN
2016-03-31T00:28:25.000000;2016-03-31T00:28:25.000000;fcacc95b-c1a3-4cf2-b27d-025de4fc3979;414.98;1.0;UNKNOWN
2016-03-31T00:28:30.000000;2016-03-31T00:28:30.000000;0a5e1644-4f25-4638-88dd-098ac3ee7c16;414.98;1.0;UNKNOWN
2016-03-31T00:29:10.000000;2016-03-31T00:29:10.000000;b7463f3c-acdc-415b-800b-97e00e8262d7;414.98;0.12300269;UNKNOWN
2016-03-31T00:29:11.000000;2016-03-31T00:29:11.000000;d0981b58-149d-4510-9a2f-a7fd0784e060;414.98;0.12300269;UNKNOWN
2016-03-31T00:29:11.000000;2016-03-31T00:29:11.000000;a7a1a65d-0c58-43e6-82b5-1af1d244d2b3;414.98;0.1230051;UNKNOWN
2016-03-31T00:29:12.000000;2016-03-31T00:29:12.000000;e37e66c4-d7ac-4326-8f9c-57bc35a82821;414.98;0.1230051;UNKNOWN
2016-03-31T00:29:14.000000;2016-03-31T00:29:14.000000;8e3a395b-6643-495d-8a1f-10d92b2dfda1;414.98;0.1230051;UNKNOWN
2016-03-31T00:29:15.000000;2016-03-31T00:29:15.000000;114a4e00-b3bc-49af-9c4c-2d4c6add16da;414.98;0.02477163;UNKNOWN
2016-03-31T00:29:15.000000;2016-03-31T00:29:15.000000;8b3a1570-210c-4104-9191-250f2328f3db;414.98;0.12300269;UNKNOWN
2016-03-31T00:29:16.000000;2016-03-31T00:29:16.000000;ffb595f9-d8b5-4c4b-8d6d-555ee066e92c;414.98;0.02161919;UNKNOWN
2016-03-31T00:30:07.000000;2016-03-31T00:30:07.000000;74d87fcd-57bf-4793-b3c7-ee63dd33b323;414.99;1.41955008;UNKNOWN
2016-03-31T00:30:07.000000;2016-03-31T00:30:07.000000;21723c35-53e9-4f97-8cef-620ef9379dcb;414.99;1.0;UNKNOWN
2016-03-31T00:30:07.000000;2016-03-31T00:30:07.000000;b03b8e99-a71a-447e-9580-a16bda275ee5;414.99;5.43810269;UNKNOWN
2016-03-31T00:31:49.000000;2016-03-31T00:31:49.000000;92da0357-9488-4f7e-999a-5c04c2b9069a;414.98;0.69057104;UNKNOWN
2016-03-31T00:39:24.000000;2016-03-31T00:39:24.000000;55b554ce-89e1-42db-939b-fe963ef9be65;414.95;4.69786834;UNKNOWN
2016-03-31T00:39:24.000000;2016-03-31T00:39:24.000000;8999a1cf-c06c-4b5d-a2e8-1d494a73cf6e;414.95;0.06;UNKNOWN
2016-03-31T00:39:24.000000;2016-03-31T00:39:24.000000;a573f2f9-b92f-4071-94cc-299c95e7ff0c;414.95;0.00113166;UNKNOWN
2016-03-31T00:39:24.000000;2016-03-31T00:39:24.000000;98181a6b-d222-4ccc-995a-79993afdc308;414.96;0.241;UNKNOWN
2016-03-31T00:39:48.000000;2016-03-31T00:39:48.000000;019f9397-9be6-414d-87d0-5dca793537d3;414.96;0.06;UNKNOWN
2016-03-31T00:39:48.000000;2016-03-31T00:39:48.000000;7f9cc50b-a066-4adf-9fb1-dedac5376c2a;414.94;4.6968754;UNKNOWN
2016-03-31T00:39:48.000000;2016-03-31T00:39:48.000000;2b62358e-bb74-4640-a13b-9fd267b31500;414.93;0.30508374;UNKNOWN
2016-03-31T00:39:48.000000;2016-03-31T00:39:48.000000;65f8b9ad-d832-4438-a00b-c639e34f434a;414.97;0.241;UNKNOWN
2016-03-31T00:39:48.000000;2016-03-31T00:39:48.000000;bbad5040-bacd-4aa2-be8f-4194319c86e3;414.97;4.69704086;UNKNOWN
2016-03-31T00:40:13.000000;2016-03-31T00:40:13.000000;759e70ef-945c-4609-8ac1-6d899da25322;414.97;4.69604827;UNKNOWN
2016-03-31T00:40:13.000000;2016-03-31T00:40:13.000000;f2d128e6-4587-44f2-be8f-96637cd7b83a;414.94;0.302;UNKNOWN
2016-03-31T00:42:24.000000;2016-03-31T00:42:24.000000;0429ba7a-27d4-4339-a182-3940e7102327;414.9;0.0364;UNKNOWN
2016-03-31T00:42:28.000000;2016-03-31T00:42:28.000000;19ff1c22-284a-4bb9-824c-4574d8209d18;414.9;0.03159767;UNKNOWN
2016-03-31T00:42:41.000000;2016-03-31T00:42:41.000000;a6544378-ea4a-4f4e-aeed-97227757a5e7;414.9;0.12302881;UNKNOWN
2016-03-31T00:43:22.000000;2016-03-31T00:43:22.000000;09a62b32-5a4b-476b-a233-7c1eaf35cebe;414.88;4.69450508;UNKNOWN
2016-03-31T00:43:22.000000;2016-03-31T00:43:22.000000;6d8ac8bc-1421-4dbe-b4cd-7df4352eac70;414.88;4.69450508;UNKNOWN
2016-03-31T00:43:22.000000;2016-03-31T00:43:22.000000;f47bd2d2-f623-469d-aba7-23298c37a87c;414.88;4.69450508;UNKNOWN
2016-03-31T00:43:22.000000;2016-03-31T00:43:22.000000;a8770fa8-eae4-4a11-93e1-1a4a97edb89d;414.88;4.69450508;UNKNOWN
2016-03-31T00:43:22.000000;2016-03-31T00:43:22.000000;0dee4c1a-aa91-4f8d-973b-366dfb3835d9;414.88;4.69450508;UNKNOWN
2016-03-31T00:43:22.000000;2016-03-31T00:43:22.000000;d61493e9-376e-418e-af57-8c260cddbc4d;414.88;4.69450508;UNKNOWN
2016-03-31T00:43:22.000000;2016-03-31T00:43:22.000000;6f9f78f7-a288-42bf-9c97-fde2825cb8de;414.88;4.69450508;UNKNOWN
2016-03-31T00:43:24.000000;2016-03-31T00:43:24.000000;4128ebf8-8302-4262-b8da-b1ac3ce647a3;414.88;0.241;UNKNOWN
2016-03-31T00:45:11.000000;2016-03-31T00:45:11.000000;397e7ead-32b7-4f4e-a4b3-926d4be0d39b;414.77;0.06;UNKNOWN
2016-03-31T00:47:50.000000;2016-03-31T00:47:50.000000;62cc61a6-d2e6-4fda-8a58-c7d10dfe0cb8;414.75;0.12319271;UNKNOWN
2016-03-31T00:48:17.000000;2016-03-31T00:48:17.000000;d845d429-811d-48ed-a927-81283ff21905;414.75;0.12319651;UNKNOWN
2016-03-31T00:48:18.000000;2016-03-31T00:48:18.000000;a038a2a2-f581-4536-baca-f45ea10058de;414.75;0.12319651;UNKNOWN
2016-03-31T00:48:19.000000;2016-03-31T00:48:19.000000;1ac7a615-41e1-44c2-8935-0bcced025c05;414.75;0.05180074;UNKNOWN
2016-03-31T00:48:19.000000;2016-03-31T00:48:19.000000;b1befdd7-9131-49ce-84bd-854e832e33a4;414.75;0.12319651;UNKNOWN
2016-03-31T00:48:19.000000;2016-03-31T00:48:19.000000;77bbc707-7a6c-4247-bf3c-eb136ad78d15;414.75;0.12320245;UNKNOWN
2016-03-31T00:48:19.000000;2016-03-31T00:48:19.000000;5af6945c-5f8e-4492-9a0e-82d8d6a158ca;414.75;0.39713902;UNKNOWN
2016-03-31T00:48:19.000000;2016-03-31T00:48:19.000000;7055bb4c-fff4-449e-a568-4989f9bd4001;414.75;0.12307167;UNKNOWN
2016-03-31T00:48:20.000000;2016-03-31T00:48:20.000000;5fac28b8-3aab-4a5a-83e6-78dc00e8951a;414.75;0.12307332;UNKNOWN
2016-03-31T00:48:20.000000;2016-03-31T00:48:20.000000;bae6a325-20b9-49f8-bf8a-692187c038f2;414.75;0.0518032;UNKNOWN
2016-03-31T00:48:20.000000;2016-03-31T00:48:20.000000;bcd28f9c-b4b8-460a-ac1f-f7b5df18fadf;414.75;0.12307332;UNKNOWN
2016-03-31T00:48:20.000000;2016-03-31T00:48:20.000000;98d513eb-4db8-442d-b4f1-bbe2b887e5fd;414.75;0.0518032;UNKNOWN
2016-03-31T00:48:20.000000;2016-03-31T00:48:20.000000;e29e71f6-8ebd-42b3-8ad0-1154d144c3b6;414.75;0.12048206;UNKNOWN
2016-03-31T00:48:22.000000;2016-03-31T00:48:22.000000;9f6b6fca-eea1-4557-8d06-f7485eeff706;414.75;0.12307332;UNKNOWN
2016-03-31T00:48:22.000000;2016-03-31T00:48:22.000000;6006025c-18e5-4eec-80e6-9aeb128cb8a3;414.75;0.1229449;UNKNOWN
2016-03-31T00:48:24.000000;2016-03-31T00:48:24.000000;eb9a2af9-ecdd-4cae-ac85-22c77361ba74;414.75;0.12307332;UNKNOWN
2016-03-31T00:48:25.000000;2016-03-31T00:48:25.000000;e03a5af4-3b3f-4056-a1ff-0524e7e982c3;414.75;0.04041344;UNKNOWN
2016-03-31T00:48:26.000000;2016-03-31T00:48:26.000000;57ae809a-7881-481b-9df0-7d5901f30b4b;414.75;0.12307332;UNKNOWN
2016-03-31T00:48:28.000000;2016-03-31T00:48:28.000000;4c57cf5e-ed68-410c-ac9d-c4a399c7646b;414.75;1.58595445;UNKNOWN
2016-03-31T00:48:28.000000;2016-03-31T00:48:28.000000;126d5e3e-8198-4d49-a1b0-8e594d85913e;414.75;2.32309878;UNKNOWN
2016-03-31T00:48:28.000000;2016-03-31T00:48:28.000000;2bbfc3b4-6941-40ff-8a6f-71291b2e9247;414.75;0.12307332;UNKNOWN
2016-03-31T00:48:28.000000;2016-03-31T00:48:28.000000;223eb135-7b54-485e-80ec-b111da52d450;414.75;0.99;UNKNOWN
2016-03-31T00:48:28.000000;2016-03-31T00:48:28.000000;15f307d1-2169-4c8d-a3d2-f09c60763b8c;414.75;0.78553901;UNKNOWN
2016-03-31T00:48:28.000000;2016-03-31T00:48:28.000000;99006689-a1e7-4be8-a015-bf9d6a1cb1b3;414.75;1.25322331;UNKNOWN
2016-03-31T00:48:28.000000;2016-03-31T00:48:28.000000;95118258-ad61-45f2-9adf-3c8e391124a0;414.75;0.11890736;UNKNOWN
2016-03-31T00:48:28.000000;2016-03-31T00:48:28.000000;84b480a2-f42f-4cc7-bcdb-9ea4d7ab0910;414.75;1.69930515;UNKNOWN
2016-03-31T00:48:28.000000;2016-03-31T00:48:28.000000;55c2e4ed-5a3e-429d-95dc-4492b175e564;414.75;0.04397194;UNKNOWN
2016-03-31T00:48:29.000000;2016-03-31T00:48:29.000000;7bc077e6-041c-4a69-8a1c-93f146b1f1af;414.75;0.12307332;UNKNOWN
2016-03-31T00:48:33.000000;2016-03-31T00:48:33.000000;ef8e0e81-8d77-4567-88ea-fb1e18dca636;414.75;0.53546473;UNKNOWN
2016-03-31T00:48:37.000000;2016-03-31T00:48:37.000000;3c6dbb31-ad17-436c-a6b9-7dcb2ef7e180;414.76;0.186;UNKNOWN
2016-03-31T00:48:42.000000;2016-03-31T00:48:42.000000;fb64addc-b73c-4090-9905-1baca681ef7f;414.76;0.087;UNKNOWN
2016-03-31T00:48:43.000000;2016-03-31T00:48:43.000000;191f84f2-4a9c-45ef-96a9-d11dd69f45be;414.75;0.47463352;UNKNOWN
2016-03-31T00:48:44.000000;2016-03-31T00:48:44.000000;409c7278-2507-4235-88b4-44cb3fd6b6ca;414.75;0.47463352;UNKNOWN
2016-03-31T00:48:47.000000;2016-03-31T00:48:47.000000;24168036-f39c-4ea0-964f-b804660d6d2b;414.76;0.186;UNKNOWN
2016-03-31T00:48:54.000000;2016-03-31T00:48:54.000000;b126d7bd-9398-4e30-b769-7865e17c2ea6;414.76;0.048;UNKNOWN
2016-03-31T00:49:09.000000;2016-03-31T00:49:09.000000;e880ae36-32e2-48de-acbf-4091f0280158;414.75;0.71511316;UNKNOWN
2016-03-31T00:52:28.000000;2016-03-31T00:52:28.000000;f17e4810-89d5-4315-a736-5763e387af87;414.89;3.67858539;UNKNOWN
2016-03-31T00:54:06.000000;2016-03-31T00:54:06.000000;3973a632-ba9d-4fe8-87e3-aafc43b5977c;414.9;0.07268924;UNKNOWN
2016-03-31T00:56:48.000000;2016-03-31T00:56:48.000000;593998f1-3167-4f7e-9d6c-d4ff47758c8d;414.89;0.18350888;UNKNOWN
2016-03-31T00:57:05.000000;2016-03-31T00:57:05.000000;a22ebf76-e948-4b8b-80f8-cea5cb0d0682;414.89;0.31047805;UNKNOWN
2016-03-31T00:58:04.000000;2016-03-31T00:58:04.000000;fa64474c-33f9-4ac6-bf68-e6e3a82afd49;414.89;0.06037769;UNKNOWN
2016-03-31T00:58:36.000000;2016-03-31T00:58:36.000000;4ec264c2-49ad-4bc1-845f-8638e00d153e;414.89;1.72855;UNKNOWN
2016-03-31T01:07:09.000000;2016-03-31T01:07:09.000000;9fefc121-6a2f-459f-8381-b8a0d0a2ecea;414.9;0.0483;UNKNOWN
2016-03-31T01:07:48.000000;2016-03-31T01:07:48.000000;fd4403e1-391d-4dd0-9f9a-8085e96e36be;414.9;5.2789676;UNKNOWN
2016-03-31T01:07:51.000000;2016-03-31T01:07:51.000000;9748276c-bc12-4685-a451-38c352140b04;415.0;0.01;UNKNOWN
2016-03-31T01:07:51.000000;2016-03-31T01:07:51.000000;87531c42-a817-42b0-8ca1-1d0029d16c99;415.0;1.0;UNKNOWN
2016-03-31T01:07:51.000000;2016-03-31T01:07:51.000000;700a1e52-4523-4fa3-80af-8a65dbd27119;415.0;0.17;UNKNOWN
2016-03-31T01:07:51.000000;2016-03-31T01:07:51.000000;aeedd881-6e3e-49d4-9b6d-b6446ad09d91;415.0;1.0;UNKNOWN
2016-03-31T01:07:51.000000;2016-03-31T01:07:51.000000;ebfe32eb-cd6e-4713-ba64-aa8266cfce30;415.0;0.01;UNKNOWN
2016-03-31T01:07:52.000000;2016-03-31T01:07:52.000000;a4650b30-3355-493a-a2fa-1bc49a89d091;415.09;8.99913;UNKNOWN
2016-03-31T01:07:52.000000;2016-03-31T01:07:52.000000;033ce1fa-a411-4d39-9d3b-278436c75468;415.03;0.04;UNKNOWN
2016-03-31T01:07:52.000000;2016-03-31T01:07:52.000000;235f4570-c82d-4874-8c43-3b8c18dbd3ae;415.03;0.00087;UNKNOWN
2016-03-31T01:07:53.000000;2016-03-31T01:07:53.000000;1038cddb-c2ba-404f-9099-4c3109487377;415.09;1.00087;UNKNOWN
2016-03-31T01:07:58.000000;2016-03-31T01:07:58.000000;2c771299-ad1b-4aea-ad64-94f2dcf77e51;415.2;2.5;UNKNOWN
2016-03-31T01:07:58.000000;2016-03-31T01:07:58.000000;98fcfcc5-8822-46b8-b8d4-b2c76abd00c8;415.19;10.0;UNKNOWN
2016-03-31T01:07:58.000000;2016-03-31T01:07:58.000000;023b1d9f-964e-4604-acd7-ca0aa8f70be2;415.18;9.99;UNKNOWN
2016-03-31T01:07:58.000000;2016-03-31T01:07:58.000000;68875693-ac95-47b7-9bc4-fbc638b71de6;415.5;0.03;UNKNOWN
2016-03-31T01:07:58.000000;2016-03-31T01:07:58.000000;9ec1e0dd-e32c-4b21-8ec7-c6d925e3377f;415.5;3.47;UNKNOWN
2016-03-31T01:08:04.000000;2016-03-31T01:08:04.000000;d93c2d19-14ec-4846-9fd4-b7219fade160;415.5;0.8;UNKNOWN
2016-03-31T01:08:34.000000;2016-03-31T01:08:34.000000;f8885d74-51fa-492f-a981-1c7183346842;415.5;2.73;UNKNOWN
2016-03-31T01:08:35.000000;2016-03-31T01:08:35.000000;9f4f9531-1bcd-47d5-b455-4dd8ee009d94;415.8;0.06;UNKNOWN
2016-03-31T01:08:35.000000;2016-03-31T01:08:35.000000;b696f3ef-bd5c-467e-a750-673879041fcd;415.8;1.934588;UNKNOWN
2016-03-31T01:08:35.000000;2016-03-31T01:08:35.000000;e61345ef-8917-4afb-b1c5-955b1939da0b;415.8;0.04503967;UNKNOWN
2016-03-31T01:08:35.000000;2016-03-31T01:08:35.000000;9d9d0b23-6b27-4f83-a3d5-a3cac3230f49;415.74;0.065412;UNKNOWN
2016-03-31T01:09:03.000000;2016-03-31T01:09:03.000000;3270e193-925c-41fb-9970-84dae283d258;415.79;0.011;UNKNOWN
2016-03-31T01:09:04.000000;2016-03-31T01:09:04.000000;f190f37e-7b2e-4cc7-8830-8727a53e21f0;415.79;0.02313378;UNKNOWN
2016-03-31T01:09:08.000000;2016-03-31T01:09:08.000000;6ff97606-84a6-4590-a2ff-127c837a6c7f;415.89;98.24767267;UNKNOWN
2016-03-31T01:09:08.000000;2016-03-31T01:09:08.000000;c46f108b-ae97-43f9-a952-b9f877f59944;415.8;1.75232733;UNKNOWN
2016-03-31T01:09:34.000000;2016-03-31T01:09:34.000000;dcccaf8d-d449-4edb-bbf1-45d0792f1c3e;415.89;0.75232733;UNKNOWN
2016-03-31T01:09:34.000000;2016-03-31T01:09:34.000000;51d45924-61ef-4644-87cf-a8f7c9522164;416.0;1.0;UNKNOWN
2016-03-31T01:09:34.000000;2016-03-31T01:09:34.000000;d2f5ba29-5d1d-4508-bdf9-bb7fcdc9d8ff;416.0;1.03211138;UNKNOWN
2016-03-31T01:11:02.000000;2016-03-31T01:11:02.000000;4285a378-7623-472d-b137-1cd6e3b71d78;415.99;0.01544753;UNKNOWN
2016-03-31T01:11:17.000000;2016-03-31T01:11:17.000000;7d0412ad-6fdb-4eb3-9f55-cf33267ee24c;415.99;0.12306486;UNKNOWN
2016-03-31T01:14:01.000000;2016-03-31T01:14:01.000000;c03d5ee3-2243-4a66-8458-14cea0209b92;416.0;2.35;UNKNOWN
2016-03-31T01:14:39.000000;2016-03-31T01:14:39.000000;f51019b9-b5ed-43e9-93cd-c6be25c85eef;415.99;1.0;UNKNOWN
2016-03-31T01:16:03.000000;2016-03-31T01:16:03.000000;199d1c01-ffa8-4f76-96a2-c5fac2eecad1;415.99;0.1;UNKNOWN
2016-03-31T01:16:09.000000;2016-03-31T01:16:09.000000;b8dd2846-b84a-4bfc-a7da-871e29ba8d06;416.0;8.0;UNKNOWN
2016-03-31T01:16:09.000000;2016-03-31T01:16:09.000000;378a276c-39c8-4503-a0a7-c393c0b17608;416.0;0.06;UNKNOWN
2016-03-31T01:16:09.000000;2016-03-31T01:16:09.000000;2b0a5710-ac5f-40e4-bd74-4aca50e236d1;416.0;0.05;UNKNOWN
2016-03-31T01:16:09.000000;2016-03-31T01:16:09.000000;ab0d2df5-cbbf-479f-a2d3-a1553471aa31;416.0;6.71927712;UNKNOWN
2016-03-31T01:16:09.000000;2016-03-31T01:16:09.000000;03362d83-d032-4f1d-a399-4379edd582cf;416.0;1.0;UNKNOWN
2016-03-31T01:16:09.000000;2016-03-31T01:16:09.000000;51efa0c8-ff52-4cac-9ce5-d42553d25e24;416.0;1.0;UNKNOWN
2016-03-31T01:16:09.000000;2016-03-31T01:16:09.000000;0b5212ce-d7c1-4c72-89bd-8c3a511c0e7c;416.0;1.0;UNKNOWN
2016-03-31T01:17:17.000000;2016-03-31T01:17:17.000000;f3724039-f756-4807-bdd3-327b83f39691;416.41;0.08938104;UNKNOWN
2016-03-31T01:17:20.000000;2016-03-31T01:17:20.000000;9e508481-3de6-4b87-92c3-a330ba4fdbf3;416.41;0.06492319;UNKNOWN
2016-03-31T01:17:25.000000;2016-03-31T01:17:25.000000;46fb88e8-ed9f-4047-a2d2-802075c80af8;416.41;0.01266864;UNKNOWN
2016-03-31T01:17:28.000000;2016-03-31T01:17:28.000000;41ca09aa-00fe-4971-9d0a-0e622f5afa82;416.41;0.02743516;UNKNOWN
2016-03-31T01:17:31.000000;2016-03-31T01:17:31.000000;f1e8dd51-aed6-4666-85bc-926f5d018563;416.41;0.1533993;UNKNOWN
2016-03-31T01:17:53.000000;2016-03-31T01:17:53.000000;4be3fa7e-c621-4e95-92d9-0e377c9a14ba;416.4;0.02558115;UNKNOWN
2016-03-31T01:17:56.000000;2016-03-31T01:17:56.000000;6da1d0dd-f132-41b2-96b1-0d55f009a7d0;416.41;0.01525379;UNKNOWN
2016-03-31T01:17:59.000000;2016-03-31T01:17:59.000000;018ea99f-a0ee-4132-a16a-d1449ad1bc11;416.41;0.20587112;UNKNOWN
2016-03-31T01:18:02.000000;2016-03-31T01:18:02.000000;b43286fe-dbc9-4c4f-86ee-188f82f1bff5;416.41;0.08639345;UNKNOWN
2016-03-31T01:18:03.000000;2016-03-31T01:18:03.000000;78e7c028-2418-437c-a13a-36291a861daa;416.41;0.011;UNKNOWN
2016-03-31T01:18:05.000000;2016-03-31T01:18:05.000000;4463af70-a8b1-4574-b570-dd85d04737b0;416.41;0.08573473;UNKNOWN
2016-03-31T01:18:06.000000;2016-03-31T01:18:06.000000;45f36381-52df-45ea-b53f-2f8fa3c768c8;416.41;0.012;UNKNOWN
2016-03-31T01:18:08.000000;2016-03-31T01:18:08.000000;a1656166-543b-4b32-8cb1-cfaa73ee72e5;416.41;13.0;UNKNOWN
2016-03-31T01:18:09.000000;2016-03-31T01:18:09.000000;512148d1-b97c-4a76-a28d-172ad9b4d763;416.41;0.01423841;UNKNOWN
2016-03-31T01:18:12.000000;2016-03-31T01:18:12.000000;b4ef46ba-d87b-4d58-8029-a7c74afe08ca;416.41;0.05960606;UNKNOWN
2016-03-31T01:18:17.000000;2016-03-31T01:18:17.000000;f9f73e01-ef62-4c29-91ce-c77f41ef6038;416.41;0.15312054;UNKNOWN
2016-03-31T01:18:20.000000;2016-03-31T01:18:20.000000;be78398c-00fe-481f-b628-3da6d2891680;416.41;0.11937976;UNKNOWN
2016-03-31T01:18:27.000000;2016-03-31T01:18:27.000000;cbf960b1-e998-4d4e-a204-f808f513033b;416.41;0.13790433;UNKNOWN
2016-03-31T01:18:29.000000;2016-03-31T01:18:29.000000;263f56b8-8aa7-4313-b7e5-dc94cd88058c;416.41;1.15;UNKNOWN
2016-03-31T01:18:44.000000;2016-03-31T01:18:44.000000;50ca220c-35b3-49d4-be77-ff3fc0d1ff96;416.41;0.20478274;UNKNOWN
2016-03-31T01:18:50.000000;2016-03-31T01:18:50.000000;eab2139d-b620-46d8-9ab9-d73d4ef5857d;416.41;0.05;UNKNOWN
2016-03-31T01:18:52.000000;2016-03-31T01:18:52.000000;6357c132-44eb-401c-bca9-c4f811f43b87;416.41;0.02560193;UNKNOWN
2016-03-31T01:18:55.000000;2016-03-31T01:18:55.000000;0eccbba4-a204-458c-a7cd-55bb83d58499;416.41;0.05330091;UNKNOWN
2016-03-31T01:19:03.000000;2016-03-31T01:19:03.000000;fa245a29-7a9f-4cef-934b-3e40b0e79069;416.41;0.0141749;UNKNOWN
2016-03-31T01:19:07.000000;2016-03-31T01:19:07.000000;01772f0a-33fa-47e8-bf70-f51512d90f8a;416.41;0.01119527;UNKNOWN
2016-03-31T01:19:14.000000;2016-03-31T01:19:14.000000;90f45bde-e47d-4e4d-96d7-34b2303cba8c;416.41;0.11529996;UNKNOWN
2016-03-31T01:19:27.000000;2016-03-31T01:19:27.000000;7940576a-dba6-4324-87d1-3a147a9f9114;416.41;0.03793636;UNKNOWN
2016-03-31T01:19:30.000000;2016-03-31T01:19:30.000000;1fdf5349-2b6b-4e29-ac7e-caaf402af615;416.41;0.03034518;UNKNOWN
2016-03-31T01:19:35.000000;2016-03-31T01:19:35.000000;fc89d8c5-505d-437a-953e-fa12d4d934ea;416.41;0.14604541;UNKNOWN
2016-03-31T01:19:39.000000;2016-03-31T01:19:39.000000;c748c167-3bcd-4749-9f80-4e1e3d9862d7;416.41;0.02884097;UNKNOWN
2016-03-31T01:20:51.000000;2016-03-31T01:20:51.000000;b3beaab4-881b-4927-bde5-8bc60854233f;416.41;0.01;UNKNOWN
2016-03-31T01:20:51.000000;2016-03-31T01:20:51.000000;e0c83ce8-11d8-41bf-8e49-bea326b94e13;416.41;0.3892;UNKNOWN
2016-03-31T01:22:05.000000;2016-03-31T01:22:05.000000;245fe25c-f184-479e-ba61-7eaca5659474;416.41;0.2;UNKNOWN
2016-03-31T01:22:21.000000;2016-03-31T01:22:21.000000;81fcf4e0-0301-4af0-a57c-b46605ff06b9;416.5;6.0;UNKNOWN
2016-03-31T01:22:21.000000;2016-03-31T01:22:21.000000;e6600dc8-5c45-4372-a057-55c393c91be5;416.5;20.0;UNKNOWN
2016-03-31T01:22:21.000000;2016-03-31T01:22:21.000000;cbfeedd8-b0bd-4e7d-8d41-d540f13bd58d;416.42;10.0;UNKNOWN
2016-03-31T01:22:21.000000;2016-03-31T01:22:21.000000;88ab662e-80c7-44bd-b2f4-c9e5dd7c18e8;416.42;26.23;UNKNOWN
2016-03-31T01:22:21.000000;2016-03-31T01:22:21.000000;0181cd58-6fa6-4f1c-a94f-6656c5759081;416.42;0.4808177;UNKNOWN
2016-03-31T01:22:21.000000;2016-03-31T01:22:21.000000;5bb483a7-8f82-4be7-a856-84e7c25c26f8;416.5;0.20366744;UNKNOWN
2016-03-31T01:23:47.000000;2016-03-31T01:23:47.000000;11501d4a-ed0b-48d9-9352-8710ed0031e3;416.54;1.1;UNKNOWN
2016-03-31T01:24:22.000000;2016-03-31T01:24:22.000000;29c1b7ec-c729-4b5a-858c-8b8873713235;416.54;23.11469496;UNKNOWN
2016-03-31T01:24:22.000000;2016-03-31T01:24:22.000000;8570e283-f2e1-4bdf-b668-99a54c3a1700;416.54;2.52857348;UNKNOWN
2016-03-31T01:24:58.000000;2016-03-31T01:24:58.000000;f9f4f857-5ee4-40ac-8a7f-8972b06ce362;416.55;0.7;UNKNOWN
2016-03-31T01:26:10.000000;2016-03-31T01:26:10.000000;4824e0f4-3810-4efe-b33e-04903b174512;416.55;0.25;UNKNOWN
2016-03-31T01:28:02.000000;2016-03-31T01:28:02.000000;7c9d6787-e6e5-47ae-848f-eb3f3cb008c2;416.55;3.63;UNKNOWN
2016-03-31T01:28:02.000000;2016-03-31T01:28:02.000000;5fabf0f0-0871-41e0-9a1c-80e12cd25d0f;416.55;5.9995;UNKNOWN
2016-03-31T01:28:02.000000;2016-03-31T01:28:02.000000;6d8eb033-f7f0-4615-ad45-f46e646238ea;416.55;0.3705;UNKNOWN
2016-03-31T01:28:10.000000;2016-03-31T01:28:10.000000;ccbf4db2-e88d-4d6d-be5e-9162f74422d5;416.54;0.0125988;UNKNOWN
2016-03-31T01:28:10.000000;2016-03-31T01:28:10.000000;6fcb999d-fd99-4b51-9052-728fa65e5e98;416.53;0.0274012;UNKNOWN
2016-03-31T01:30:44.000000;2016-03-31T01:30:44.000000;83ea069c-36a0-44bf-8e5c-7fdab922c6a3;416.55;5.9243;UNKNOWN
2016-03-31T01:30:44.000000;2016-03-31T01:30:44.000000;80a91159-db73-4b46-9ad0-3bc23d1fc99b;416.55;0.6295;UNKNOWN
2016-03-31T01:30:48.000000;2016-03-31T01:30:48.000000;f8120da2-45fd-4c2b-89c1-f75a4a3698de;416.6;0.2;UNKNOWN
2016-03-31T01:30:48.000000;2016-03-31T01:30:48.000000;cb0a3186-b88b-41d7-8a17-77e0c068b226;416.59;0.00978339;UNKNOWN
2016-03-31T01:30:48.000000;2016-03-31T01:30:48.000000;55a8f9bb-c67e-415f-92b9-1563a8af4030;416.68;0.93752781;UNKNOWN
2016-03-31T01:30:48.000000;2016-03-31T01:30:48.000000;44580135-ce99-459d-83ca-5129bee306d5;416.66;0.03;UNKNOWN
2016-03-31T01:30:48.000000;2016-03-31T01:30:48.000000;8a0446f8-252e-45ea-8354-6989ce9a3f7f;416.68;2.4026888;UNKNOWN
2016-03-31T01:30:52.000000;2016-03-31T01:30:52.000000;97cdf922-170a-409f-95b3-3206b0d1ed6e;416.56;1.20383967;UNKNOWN
2016-03-31T01:31:39.000000;2016-03-31T01:31:39.000000;25fef546-3124-4762-abd5-9b1bdfb5f497;416.55;1.99;UNKNOWN
2016-03-31T01:31:39.000000;2016-03-31T01:31:39.000000;103e8cec-8b57-4e33-8b60-81dfe978fc69;416.68;0.01;UNKNOWN
2016-03-31T01:34:12.000000;2016-03-31T01:34:12.000000;b2312f53-4835-47e1-aa89-e2aa3ff7ca55;416.55;0.03561396;UNKNOWN
2016-03-31T01:34:12.000000;2016-03-31T01:34:12.000000;2a7ee899-be12-4401-9cc4-27017b89ef5b;416.63;0.01015966;UNKNOWN
2016-03-31T01:34:12.000000;2016-03-31T01:34:12.000000;71302587-5798-43a7-94d3-20ae71040f3a;416.62;0.06;UNKNOWN
2016-03-31T01:37:05.000000;2016-03-31T01:37:05.000000;47051ea0-9c19-4c46-bba3-14293331268a;416.55;4.833;UNKNOWN
2016-03-31T01:44:05.000000;2016-03-31T01:44:05.000000;19711f33-0935-4683-b42b-c85138e04218;416.03;0.04658794;UNKNOWN
2016-03-31T01:44:43.000000;2016-03-31T01:44:43.000000;cb9292fe-88f1-4106-9c39-10e8edefd1f8;416.03;0.14;UNKNOWN
2016-03-31T01:44:43.000000;2016-03-31T01:44:43.000000;90362320-8260-4434-8d2d-1f85b2893dd1;416.04;0.06;UNKNOWN
2016-03-31T01:46:36.000000;2016-03-31T01:46:36.000000;30b234a2-8ccc-4b7b-9131-b1494868b58d;416.49;0.953;UNKNOWN
2016-03-31T01:46:38.000000;2016-03-31T01:46:38.000000;ef44cd97-7168-45e2-8c39-a0d739b5ea2f;416.57;0.2;UNKNOWN
2016-03-31T01:46:38.000000;2016-03-31T01:46:38.000000;399a8172-87b4-4966-ba0e-a3eb106febc6;416.59;0.753;UNKNOWN
2016-03-31T01:46:39.000000;2016-03-31T01:46:39.000000;2c3fdfb3-4999-429b-97a7-2a7ac83f4168;416.62;0.01;UNKNOWN
2016-03-31T01:46:39.000000;2016-03-31T01:46:39.000000;e57a6d45-2ad6-4274-a6a0-508197e6422b;416.63;0.696;UNKNOWN
2016-03-31T01:46:39.000000;2016-03-31T01:46:39.000000;e5e919cf-5780-4b61-935d-cdf9a89380c4;416.59;0.247;UNKNOWN
2016-03-31T01:46:41.000000;2016-03-31T01:46:41.000000;f4f8dbfe-c38e-4e53-bf8b-2d810192aa10;416.63;0.952;UNKNOWN
2016-03-31T01:46:43.000000;2016-03-31T01:46:43.000000;e27109af-ac8d-4caf-94f5-c0038b0888b0;416.63;0.381;UNKNOWN
2016-03-31T01:46:52.000000;2016-03-31T01:46:52.000000;43b6c859-03fa-43aa-a51c-0a1c3de88ee0;416.63;0.0952;UNKNOWN
2016-03-31T01:47:07.000000;2016-03-31T01:47:07.000000;98abeaad-d6a9-469b-b043-6b346fab42ed;416.62;0.0952;UNKNOWN
2016-03-31T01:47:10.000000;2016-03-31T01:47:10.000000;d21b9dd3-46c7-47a2-9db4-fd2810fe5305;416.62;0.0952;UNKNOWN
2016-03-31T01:47:18.000000;2016-03-31T01:47:18.000000;cf2546b3-3bc3-4270-ac28-487bc9a34393;416.62;0.0952;UNKNOWN
2016-03-31T01:51:54.000000;2016-03-31T01:51:54.000000;1852697e-024f-4e63-b512-bf642a7027c7;416.05;0.2;UNKNOWN
2016-03-31T01:51:54.000000;2016-03-31T01:51:54.000000;b214182d-4889-44d3-b002-cacbbe73d391;416.14;0.24;UNKNOWN
2016-03-31T01:51:56.000000;2016-03-31T01:51:56.000000;f75dbe37-fbdf-4564-aad8-6649a5a98de6;415.91;1.06;UNKNOWN
2016-03-31T01:52:08.000000;2016-03-31T01:52:08.000000;3ab0d0a8-0bfb-43a2-b54b-c228fd359381;415.99;0.01868199;UNKNOWN
2016-03-31T01:52:28.000000;2016-03-31T01:52:28.000000;2b880c83-08fd-4f12-b8d9-47d385e5fe7d;415.99;0.01862967;UNKNOWN
2016-03-31T01:52:37.000000;2016-03-31T01:52:37.000000;e61c7ace-06f8-4276-98e5-a5db8a3e7082;416.49;0.0953;UNKNOWN
2016-03-31T01:52:39.000000;2016-03-31T01:52:39.000000;ba278988-a393-4879-bed6-36432c707249;416.59;0.0952;UNKNOWN
2016-03-31T01:52:48.000000;2016-03-31T01:52:48.000000;c27f251c-4956-4cdc-98a7-7ad70232990e;416.59;0.0952;UNKNOWN
2016-03-31T01:52:49.000000;2016-03-31T01:52:49.000000;6b2e80a6-abe2-4fc8-a03d-87df7ed5a7e6;416.59;0.0952;UNKNOWN
2016-03-31T01:52:50.000000;2016-03-31T01:52:50.000000;431be7ee-f0dd-48b3-8df8-bc409d205802;416.59;0.0952;UNKNOWN
2016-03-31T01:52:51.000000;2016-03-31T01:52:51.000000;7a4c3605-d2dc-468c-b6fc-b48669df8d53;416.59;0.0952;UNKNOWN
2016-03-31T01:52:53.000000;2016-03-31T01:52:53.000000;28824dbc-9899-4093-a0b9-18aab9ac28a0;416.59;0.0952;UNKNOWN
2016-03-31T01:57:49.000000;2016-03-31T01:57:49.000000;0e93c362-93a6-46c6-89de-c81084252e4e;416.38;0.04907961;UNKNOWN
2016-03-31T01:58:24.000000;2016-03-31T01:58:24.000000;4076ae4a-950b-46cf-b974-9cd944ae02b5;416.08;0.45;UNKNOWN
2016-03-31T01:58:24.000000;2016-03-31T01:58:24.000000;fd306b6b-2d42-4d62-8f41-e707f0f29e75;416.38;0.25;UNKNOWN
2016-03-31T01:58:24.000000;2016-03-31T01:58:24.000000;41e34fe5-f137-4966-9e6a-71944bc191a8;416.27;0.3;UNKNOWN
2016-03-31T02:01:24.000000;2016-03-31T02:01:24.000000;2dd940f2-b0f6-4b0f-bfca-29bc89af6706;416.08;0.59469679;UNKNOWN
2016-03-31T02:03:05.000000;2016-03-31T02:03:05.000000;6335e104-cd10-432f-af63-8c7f7bb68c52;416.19;0.02391086;UNKNOWN
2016-03-31T02:04:29.000000;2016-03-31T02:04:29.000000;f99a1386-438a-470a-b66f-0c76a119b987;416.08;1.15;UNKNOWN
2016-03-31T02:04:53.000000;2016-03-31T02:04:53.000000;d81c20dd-f11a-4019-aa15-8ea42945095d;416.08;1.0;UNKNOWN
2016-03-31T02:04:56.000000;2016-03-31T02:04:56.000000;4548c095-542c-44ac-8c44-8e56ebe0b2f0;416.18;0.05;UNKNOWN
2016-03-31T02:05:10.000000;2016-03-31T02:05:10.000000;7351c7f1-3d48-4201-a9ab-214c32de885c;416.01;3.0;UNKNOWN
2016-03-31T02:05:39.000000;2016-03-31T02:05:39.000000;1af57e1b-099c-4c46-9e33-7c3c6c48a2ab;416.01;1.0;UNKNOWN
2016-03-31T02:05:53.000000;2016-03-31T02:05:53.000000;248aaa53-ee4e-4c1d-9a92-c76aada3250e;416.01;0.79;UNKNOWN
2016-03-31T02:06:20.000000;2016-03-31T02:06:20.000000;ee5aa7bc-d901-4809-be71-e44d75438295;416.0;2.07;UNKNOWN
2016-03-31T02:06:23.000000;2016-03-31T02:06:23.000000;754d5bfc-3887-47a6-9a95-6cef305f68c3;416.0;8.86;UNKNOWN
2016-03-31T02:06:34.000000;2016-03-31T02:06:34.000000;39054dde-4277-40ad-aaba-fe564e2f95a9;416.0;0.25;UNKNOWN
2016-03-31T02:06:37.000000;2016-03-31T02:06:37.000000;cee8cc5a-74ab-447c-a925-b36790e03770;416.0;0.45;UNKNOWN
2016-03-31T02:07:36.000000;2016-03-31T02:07:36.000000;29e5f785-c430-4aca-9141-9cba41ab4821;416.0;0.89;UNKNOWN
2016-03-31T02:07:36.000000;2016-03-31T02:07:36.000000;5497ea80-5ecb-4647-8877-39ecd7bed993;416.05;0.0953;UNKNOWN
2016-03-31T02:07:38.000000;2016-03-31T02:07:38.000000;d7ecc4cb-66b3-4652-9981-e1153f796dcc;416.05;0.0953;UNKNOWN
2016-03-31T02:07:39.000000;2016-03-31T02:07:39.000000;6ec18f7f-ed30-4817-a39c-5a7c558f42f4;416.0;2.61;UNKNOWN
2016-03-31T02:07:41.000000;2016-03-31T02:07:41.000000;e79c45f4-463e-48e7-9176-80952e99e2a0;416.05;0.0953;UNKNOWN
2016-03-31T02:08:28.000000;2016-03-31T02:08:28.000000;9e4a0dd2-e86b-49ff-8b80-39f666688981;416.0;13.2;UNKNOWN
2016-03-31T02:08:31.000000;2016-03-31T02:08:31.000000;4beeb113-2987-4bf1-a1d1-4488279ea28e;416.0;6.53;UNKNOWN
2016-03-31T02:08:56.000000;2016-03-31T02:08:56.000000;cd0c2a42-674f-4cda-abbf-53ce807236c8;416.0;1.77;UNKNOWN
2016-03-31T02:08:56.000000;2016-03-31T02:08:56.000000;8a5851e4-9136-4c2f-a40d-3f00d81a5cf5;416.0;0.30285297;UNKNOWN
2016-03-31T02:09:00.000000;2016-03-31T02:09:00.000000;3f0c5d19-f8f8-42af-81c2-3d69f98e9657;415.77;0.0955;UNKNOWN
2016-03-31T02:09:03.000000;2016-03-31T02:09:03.000000;34195d34-e45d-4b1c-b70b-8e2d81830b48;415.5;0.0955;UNKNOWN
2016-03-31T02:09:18.000000;2016-03-31T02:09:18.000000;1f4e8624-ba63-4b29-b975-d694e9f222de;415.49;0.12285411;UNKNOWN
2016-03-31T02:09:20.000000;2016-03-31T02:09:20.000000;50906396-6814-4786-ae12-75b8b1c745c2;415.49;0.12285411;UNKNOWN
2016-03-31T02:10:22.000000;2016-03-31T02:10:22.000000;666e322b-4cf9-496d-93f7-aa3a76b1e065;415.3;0.2;UNKNOWN
2016-03-31T02:10:22.000000;2016-03-31T02:10:22.000000;0274330d-a5b0-4fd2-9959-13f2ba1b7a20;415.29;0.28464928;UNKNOWN
2016-03-31T02:10:22.000000;2016-03-31T02:10:22.000000;f4ec250d-bcb5-4035-8149-627c4a0eaa98;415.48;0.2;UNKNOWN
2016-03-31T02:10:22.000000;2016-03-31T02:10:22.000000;42add781-a766-4f39-8543-c315d6935737;415.48;0.31535072;UNKNOWN
2016-03-31T02:10:35.000000;2016-03-31T02:10:35.000000;b6b6e9ab-b207-4c04-8205-d6e1788ef595;415.3;0.12303336;UNKNOWN
2016-03-31T02:11:05.000000;2016-03-31T02:11:05.000000;1d5950a4-63d2-4d91-bddd-b67e9e3f8359;415.3;0.07696664;UNKNOWN
2016-03-31T02:11:05.000000;2016-03-31T02:11:05.000000;32146ae6-08dd-4681-a462-9e029d57829a;415.29;0.18203336;UNKNOWN
2016-03-31T02:11:05.000000;2016-03-31T02:11:05.000000;c4d7b78c-d0be-4d1d-b3fb-5a181f28069d;415.31;0.241;UNKNOWN
2016-03-31T02:11:18.000000;2016-03-31T02:11:18.000000;e35b5bf6-8f1a-41c2-aae0-2ee09472d969;415.32;0.5;UNKNOWN
2016-03-31T02:11:31.000000;2016-03-31T02:11:31.000000;a55e6d6a-41d2-4c89-9c5c-3501f69663a6;415.47;0.2;UNKNOWN
2016-03-31T02:11:31.000000;2016-03-31T02:11:31.000000;1f0e4e1c-1feb-4358-a30d-c2032b1bd550;415.21;0.3;UNKNOWN
2016-03-31T02:12:25.000000;2016-03-31T02:12:25.000000;45fbf99d-9600-439c-99da-223c1bc08ce6;415.24;0.2;UNKNOWN
2016-03-31T02:12:25.000000;2016-03-31T02:12:25.000000;f496d488-a0ff-4219-b40c-083e5206578d;415.24;4.8;UNKNOWN
2016-03-31T02:13:22.000000;2016-03-31T02:13:22.000000;63d03983-cb75-422c-b6a8-245400d0da33;415.21;0.05;UNKNOWN
2016-03-31T02:13:32.000000;2016-03-31T02:13:32.000000;d1d50a83-087f-44a4-8080-650dbf8cfe53;415.21;0.05;UNKNOWN
2016-03-31T02:16:03.000000;2016-03-31T02:16:03.000000;ad53cef3-75c3-45ab-8c66-b53fad25746c;415.21;0.1;UNKNOWN
2016-03-31T02:17:58.000000;2016-03-31T02:17:58.000000;dacb94e5-00c3-4a67-b9a7-ed952f4b2eef;415.21;3.629;UNKNOWN
2016-03-31T02:19:36.000000;2016-03-31T02:19:36.000000;ab6e7f6d-8294-416c-bd64-bced8b32a364;415.22;0.012;UNKNOWN
2016-03-31T02:19:56.000000;2016-03-31T02:19:56.000000;6cdb0032-12ad-480f-a4e8-84fc711f47aa;415.21;0.32156505;UNKNOWN
2016-03-31T02:20:05.000000;2016-03-31T02:20:05.000000;89a80dbf-1428-48a7-bac8-4896654d5bf6;415.21;0.0950232;UNKNOWN
2016-03-31T02:20:06.000000;2016-03-31T02:20:06.000000;2c608496-024d-4a78-adfb-f7bfa23791a9;415.22;0.73207927;UNKNOWN
2016-03-31T02:21:52.000000;2016-03-31T02:21:52.000000;90312851-4f9d-48cc-82b0-9925cbff9703;415.21;3.0;UNKNOWN
2016-03-31T02:24:05.000000;2016-03-31T02:24:05.000000;3c983775-e3f8-4dfa-8ba9-3af7fc2416ff;415.21;0.1;UNKNOWN
2016-03-31T02:24:22.000000;2016-03-31T02:24:22.000000;e66d0387-3b08-49ec-ba14-4c8a4ecd217b;415.22;2.86762477;UNKNOWN
2016-03-31T02:24:22.000000;2016-03-31T02:24:22.000000;84ed7a77-8312-4816-82eb-6db43ba124db;415.22;4.25592073;UNKNOWN
2016-03-31T02:25:27.000000;2016-03-31T02:25:27.000000;54b0d8ad-9a3c-4a13-88d7-555d7c11e2c4;415.21;0.55384763;UNKNOWN
2016-03-31T02:28:14.000000;2016-03-31T02:28:14.000000;072ada49-b44d-43a7-8f8f-8330f77e9821;415.28;0.12066231;UNKNOWN
2016-03-31T02:28:21.000000;2016-03-31T02:28:21.000000;fd772d80-26c1-4cf8-8b92-879936ceb924;415.28;0.64186231;UNKNOWN
2016-03-31T02:28:21.000000;2016-03-31T02:28:21.000000;9f21b97b-ce73-4470-ab23-793a62b9624c;415.28;0.07933769;UNKNOWN
2016-03-31T02:29:01.000000;2016-03-31T02:29:01.000000;49f755d5-8051-4ffc-a87c-543e3d1887b3;415.29;2.0;UNKNOWN
2016-03-31T02:33:27.000000;2016-03-31T02:33:27.000000;e12a9878-4813-4ee4-b92d-46dc6277b689;415.28;5.0;UNKNOWN
2016-03-31T02:37:30.000000;2016-03-31T02:37:30.000000;6d27c660-e4a9-493a-bbae-2a16348565bd;415.29;0.0107;UNKNOWN
2016-03-31T02:37:59.000000;2016-03-31T02:37:59.000000;492d66ef-6d13-4a3a-a414-13a34fa7dc0a;415.29;0.01576;UNKNOWN
2016-03-31T02:39:24.000000;2016-03-31T02:39:24.000000;276d6248-df00-4388-8c46-bf4d370d4d0c;415.28;2.123299;UNKNOWN
2016-03-31T02:39:26.000000;2016-03-31T02:39:26.000000;6b75f11b-ae25-4a05-9780-d89233c07981;415.29;0.0367;UNKNOWN
2016-03-31T02:41:39.000000;2016-03-31T02:41:39.000000;8eed5eb9-3a6c-4dac-beab-f922d02fa3d4;415.29;0.03238866;UNKNOWN
2016-03-31T02:44:12.000000;2016-03-31T02:44:12.000000;c33755ba-a4a4-45f6-b05e-359f1e43b4d5;415.29;0.065459;UNKNOWN
2016-03-31T02:44:15.000000;2016-03-31T02:44:15.000000;309b5aa6-0ef7-46d7-8be5-aed5efe1e77a;415.29;0.08186025;UNKNOWN
2016-03-31T02:44:23.000000;2016-03-31T02:44:23.000000;a1e1388e-7b73-41d6-aabc-68c028413ca6;415.29;0.12291328;UNKNOWN
2016-03-31T02:44:23.000000;2016-03-31T02:44:23.000000;5325494f-9036-4377-8756-a27b4c18fa96;415.29;0.12291328;UNKNOWN
2016-03-31T02:45:22.000000;2016-03-31T02:45:22.000000;536a0220-089f-4a30-bb1a-6d0cda5f59b4;415.28;0.019;UNKNOWN
2016-03-31T02:45:54.000000;2016-03-31T02:45:54.000000;ff33c20d-1ed5-48c8-8723-aaf6e45ab017;415.29;0.018;UNKNOWN
2016-03-31T02:46:12.000000;2016-03-31T02:46:12.000000;a84464cf-addc-496a-9511-7a46604afae4;415.28;0.26096914;UNKNOWN
2016-03-31T02:52:10.000000;2016-03-31T02:52:10.000000;3608ccb9-8726-481e-bcf7-0201fe73c8df;415.28;0.0115;UNKNOWN
2016-03-31T02:53:05.000000;2016-03-31T02:53:05.000000;e281e0c5-87ee-41f9-be40-088fb921c62c;415.28;0.0466419;UNKNOWN
2016-03-31T02:53:24.000000;2016-03-31T02:53:24.000000;b163fcba-5bca-4031-9163-680e0b1b9f38;415.28;0.14431055;UNKNOWN
2016-03-31T02:54:02.000000;2016-03-31T02:54:02.000000;54bfb0f7-2b1d-41c7-8b76-48a70bdb93ae;415.28;0.95939066;UNKNOWN
2016-03-31T02:55:24.000000;2016-03-31T02:55:24.000000;5999780d-327b-40dd-b20a-dcf95836e52e;415.28;0.47705911;UNKNOWN
2016-03-31T02:57:16.000000;2016-03-31T02:57:16.000000;c9617cbf-2d8d-4435-b076-754a0debb263;415.28;0.24128397;UNKNOWN
2016-03-31T02:58:37.000000;2016-03-31T02:58:37.000000;2288ff7d-42b2-4a58-bbb4-2980a7b5d903;415.28;2.42592498;UNKNOWN
2016-03-31T03:00:05.000000;2016-03-31T03:00:05.000000;73c4d10b-801f-4c21-a6e4-c9488bdfde45;415.29;0.5856151;UNKNOWN
2016-03-31T03:00:22.000000;2016-03-31T03:00:22.000000;450d3a72-7fa1-480c-906c-f702f4aefed2;415.28;0.01;UNKNOWN
2016-03-31T03:02:25.000000;2016-03-31T03:02:25.000000;8eec5f3c-66d1-4c09-823e-2e96c9cfa3d2;415.29;0.2;UNKNOWN
2016-03-31T03:03:57.000000;2016-03-31T03:03:57.000000;7991b643-7187-407c-82bb-5224492a33cd;415.28;2.35888;UNKNOWN
2016-03-31T03:09:06.000000;2016-03-31T03:09:06.000000;7eb819ab-126b-43b4-9e61-9a1da58587c9;415.28;0.50281419;UNKNOWN
2016-03-31T03:09:06.000000;2016-03-31T03:09:06.000000;a5feb745-7b24-402b-a6f4-b1b15a040620;415.28;1.0071489;UNKNOWN
2016-03-31T03:09:06.000000;2016-03-31T03:09:06.000000;03aae1bd-5b32-444d-984f-817d8e20f83e;415.28;0.49898916;UNKNOWN
2016-03-31T03:09:06.000000;2016-03-31T03:09:06.000000;f664db59-b6a4-4706-834a-0876d92118e1;415.28;5.75;UNKNOWN
2016-03-31T03:09:06.000000;2016-03-31T03:09:06.000000;1ce3c383-4b71-47a1-b635-376118f34ef8;415.28;1.82792799;UNKNOWN
2016-03-31T03:09:06.000000;2016-03-31T03:09:06.000000;8febac79-98b4-4383-804e-39d32a7a75eb;415.28;0.21966642;UNKNOWN
2016-03-31T03:09:06.000000;2016-03-31T03:09:06.000000;14582bf5-7caa-405a-98a0-4412545ad780;415.28;0.59832133;UNKNOWN
2016-03-31T03:09:06.000000;2016-03-31T03:09:06.000000;0cdf45ab-e6af-487d-8260-c21a76ecbeb2;415.28;0.14150294;UNKNOWN
2016-03-31T03:09:06.000000;2016-03-31T03:09:06.000000;af109581-fe12-4f34-b3a9-def6e04c1c74;415.28;0.22280247;UNKNOWN
2016-03-31T03:09:06.000000;2016-03-31T03:09:06.000000;15da26e8-be1f-45c9-b2ce-275eb025c504;415.28;1.52887446;UNKNOWN
2016-03-31T03:09:06.000000;2016-03-31T03:09:06.000000;62195736-b65c-45c3-8620-ef00e34cc789;415.28;1.53766491;UNKNOWN
2016-03-31T03:09:06.000000;2016-03-31T03:09:06.000000;2241adaa-8e37-43fb-8c74-146ea2420c7f;415.28;0.2;UNKNOWN
2016-03-31T03:09:06.000000;2016-03-31T03:09:06.000000;41ba1733-a475-4c10-8409-b3ef0c6cd04d;415.28;0.2;UNKNOWN
2016-03-31T03:09:06.000000;2016-03-31T03:09:06.000000;47bf7122-ebb4-4ac7-9288-69b97004e281;415.28;0.2;UNKNOWN
2016-03-31T03:09:06.000000;2016-03-31T03:09:06.000000;3b0825dd-54bd-4ce9-8c4e-ae784c321198;415.28;0.2;UNKNOWN
2016-03-31T03:09:06.000000;2016-03-31T03:09:06.000000;ade6fe4b-5ad2-41ca-acf7-1af12785bb55;415.28;0.02138219;UNKNOWN
2016-03-31T03:09:06.000000;2016-03-31T03:09:06.000000;8ec9f246-96a7-4613-bb4a-d5d17c4acef0;415.28;0.17624275;UNKNOWN
2016-03-31T03:09:06.000000;2016-03-31T03:09:06.000000;098e89fb-052e-482d-81fa-9ac79e8f9054;415.28;0.02613379;UNKNOWN
2016-03-31T03:09:06.000000;2016-03-31T03:09:06.000000;de8ebe66-c171-44d7-bd10-9b2857671ca3;415.28;0.2;UNKNOWN
2016-03-31T03:09:06.000000;2016-03-31T03:09:06.000000;c5c7bd2f-2f70-41b8-8ecb-5b769ef7f18b;415.28;0.31940448;UNKNOWN
2016-03-31T03:09:06.000000;2016-03-31T03:09:06.000000;665e08b4-b466-4d69-b0e4-e3d68f4035e2;415.28;0.05714761;UNKNOWN
2016-03-31T03:09:06.000000;2016-03-31T03:09:06.000000;9561e9a1-18a7-4db1-93d1-60648d2d8433;415.28;4.99999997;UNKNOWN
2016-03-31T03:09:06.000000;2016-03-31T03:09:06.000000;cdd18b5e-22fc-49ac-b3e3-fc199137746f;415.28;0.25503754;UNKNOWN
2016-03-31T03:09:06.000000;2016-03-31T03:09:06.000000;71914e2c-19cb-4878-bfdf-97eb787d85d3;415.28;2.85143996;UNKNOWN
2016-03-31T03:09:06.000000;2016-03-31T03:09:06.000000;ed249097-2a44-4636-82ff-d7a8216d12c6;415.28;3.29200877;UNKNOWN
2016-03-31T03:09:06.000000;2016-03-31T03:09:06.000000;b70cd7f8-11ff-4bee-a870-91f64f78da88;415.28;0.0445;UNKNOWN
2016-03-31T03:09:06.000000;2016-03-31T03:09:06.000000;a882b7aa-2c5c-46ca-aba9-7e257909a11e;415.28;0.81674745;UNKNOWN
2016-03-31T03:09:07.000000;2016-03-31T03:09:07.000000;e29596c7-c593-496e-9b1e-eb9e319c57fe;415.28;1.29867339;UNKNOWN
2016-03-31T03:13:50.000000;2016-03-31T03:13:50.000000;96101f0d-76a4-4e5b-a3fa-880f35a1ee02;415.28;0.71;UNKNOWN
2016-03-31T03:16:04.000000;2016-03-31T03:16:04.000000;2ef87b66-ae25-4deb-8fc3-f6ba25d4b033;415.27;0.089;UNKNOWN
2016-03-31T03:16:04.000000;2016-03-31T03:16:04.000000;ce4c93ad-b73d-4ae1-9845-9e478a5feb93;415.27;0.011;UNKNOWN
2016-03-31T03:16:47.000000;2016-03-31T03:16:47.000000;ec3f7ab2-5028-4c6b-89bd-865b000df47b;415.28;0.07;UNKNOWN
2016-03-31T03:22:24.000000;2016-03-31T03:22:24.000000;b556518f-080f-404e-9317-4f2e450e6add;415.29;1.95459466;UNKNOWN
2016-03-31T03:22:24.000000;2016-03-31T03:22:24.000000;a3c750bb-7c55-4aff-90be-ec2b9b8f66e9;415.29;2.91619043;UNKNOWN
2016-03-31T03:22:24.000000;2016-03-31T03:22:24.000000;5cee51cb-40a5-4d37-a7ba-aa9580d72f61;415.28;0.27006933;UNKNOWN
2016-03-31T03:25:56.000000;2016-03-31T03:25:56.000000;58af971f-83cb-4ab8-8326-d66d6599ac05;415.28;0.1;UNKNOWN
2016-03-31T03:27:37.000000;2016-03-31T03:27:37.000000;fcbecf08-1e82-4d4f-b6fa-b75339b463df;415.7;0.5520884;UNKNOWN
2016-03-31T03:27:56.000000;2016-03-31T03:27:56.000000;733eedbe-b04c-4706-8f86-e8f28f38a41b;415.65;0.06032099;UNKNOWN
2016-03-31T03:28:29.000000;2016-03-31T03:28:29.000000;247d8366-6791-463d-b607-194b35746b69;415.65;0.11927052;UNKNOWN
2016-03-31T03:28:52.000000;2016-03-31T03:28:52.000000;5debd5ae-f165-47f7-96c0-93f48559361f;415.65;0.02412839;UNKNOWN
2016-03-31T03:34:52.000000;2016-03-31T03:34:52.000000;6c1ce6a6-94c6-4a9f-a731-b96784678cfe;415.31;0.24120261;UNKNOWN
2016-03-31T03:38:07.000000;2016-03-31T03:38:07.000000;4bb95c56-889e-4bee-bea0-3d58bbb25f86;415.67;0.14837388;UNKNOWN
2016-03-31T03:38:07.000000;2016-03-31T03:38:07.000000;45dbec01-3873-4cd0-8d0d-4f415cd04f9c;415.48;0.1;UNKNOWN
2016-03-31T03:38:09.000000;2016-03-31T03:38:09.000000;35f64abd-b95f-4a58-be20-a7f0b604f1f6;415.67;0.24837388;UNKNOWN
2016-03-31T03:39:05.000000;2016-03-31T03:39:05.000000;046b7928-b436-45e8-83a0-2b3e49d5adb1;415.67;0.01;UNKNOWN
2016-03-31T03:39:59.000000;2016-03-31T03:39:59.000000;e1665c13-6309-431a-8a4a-24d9f40ed3a1;415.67;1.033836;UNKNOWN
2016-03-31T03:45:00.000000;2016-03-31T03:45:00.000000;6b4759fe-7aa5-43e9-96cb-0f4489469756;415.49;5.9657;UNKNOWN
2016-03-31T03:45:00.000000;2016-03-31T03:45:00.000000;37f379ec-6b1c-4dd0-81be-eedf83e8fa38;415.49;1.1843;UNKNOWN
2016-03-31T03:45:09.000000;2016-03-31T03:45:09.000000;007d658a-a498-479f-a236-355a58cd89c9;415.65;0.5;UNKNOWN
2016-03-31T03:49:33.000000;2016-03-31T03:49:33.000000;9c6ae4bb-e4c1-4090-b627-73143b043fdb;415.49;0.0361743;UNKNOWN
2016-03-31T03:50:29.000000;2016-03-31T03:50:29.000000;cfd75ec1-99bf-4b71-9550-a26d88ef297d;415.49;0.07155542;UNKNOWN
2016-03-31T03:50:44.000000;2016-03-31T03:50:44.000000;0ca67790-8d7c-48cf-a5ad-0acf3f403a42;415.49;0.02532072;UNKNOWN
2016-03-31T03:50:54.000000;2016-03-31T03:50:54.000000;4f976157-8d9e-4759-82d2-2d0b3b4d17c9;415.49;0.23633877;UNKNOWN
2016-03-31T03:51:57.000000;2016-03-31T03:51:57.000000;81f34aba-a7cc-4c44-8b89-80fcc8c4f038;415.49;0.16881341;UNKNOWN
2016-03-31T03:53:14.000000;2016-03-31T03:53:14.000000;72b4b082-b1c5-4db9-902d-1cc6b1eb056e;415.49;0.01661631;UNKNOWN
2016-03-31T03:53:14.000000;2016-03-31T03:53:14.000000;1dff11d9-749c-43e6-9e0c-9801abe2be3b;415.49;0.01899393;UNKNOWN
2016-03-31T03:53:14.000000;2016-03-31T03:53:14.000000;b72d3b83-df7b-4309-bf42-0e379fbd0b73;415.21;0.0166334;UNKNOWN
2016-03-31T03:53:14.000000;2016-03-31T03:53:14.000000;e0420801-c1ae-49ec-88c3-597a941994ff;415.3;2.0;UNKNOWN
2016-03-31T03:53:14.000000;2016-03-31T03:53:14.000000;8464c47c-8d35-4630-82c5-725e357d6ac1;415.34;0.27;UNKNOWN
2016-03-31T03:53:14.000000;2016-03-31T03:53:14.000000;47e0ea79-0418-4c02-afe2-fb72c3b4b703;415.27;0.01900685;UNKNOWN
2016-03-31T03:53:14.000000;2016-03-31T03:53:14.000000;225b926f-8dc2-48d1-8d1c-956ded4e5bfe;415.2;0.52684951;UNKNOWN
2016-03-31T03:53:14.000000;2016-03-31T03:53:14.000000;8a0d8373-0877-489c-8756-dd1ad16a4527;415.32;5.9429;UNKNOWN
2016-03-31T03:53:14.000000;2016-03-31T03:53:14.000000;e8087047-1cf8-4c33-9a02-37db45038d37;415.27;0.189;UNKNOWN
2016-03-31T03:56:20.000000;2016-03-31T03:56:20.000000;f87893e4-3936-4b40-8e19-895089bd9289;415.2;0.16828173;UNKNOWN
2016-03-31T03:56:20.000000;2016-03-31T03:56:20.000000;1bb682e5-cb8a-4dea-9bb9-13b865fa342b;415.2;0.77187223;UNKNOWN
2016-03-31T03:56:20.000000;2016-03-31T03:56:20.000000;1531785c-1833-40bb-b97d-7de12dbdcd54;415.2;1.47315049;UNKNOWN
2016-03-31T03:56:58.000000;2016-03-31T03:56:58.000000;4129dd2a-b22b-4abd-aadc-7d9a1bae5726;415.55;3.13;UNKNOWN
2016-03-31T03:57:53.000000;2016-03-31T03:57:53.000000;6898dd9a-c384-4626-8c1a-d77bfd9c6436;415.54;0.150348;UNKNOWN
2016-03-31T03:58:47.000000;2016-03-31T03:58:47.000000;26f9e8ea-bf08-4a18-b0d1-d488dcdf7cba;415.2;0.1235455;UNKNOWN
2016-03-31T04:00:05.000000;2016-03-31T04:00:05.000000;25da6e02-52eb-4e65-9615-436b8010d0b7;415.3;0.36494898;UNKNOWN
2016-03-31T04:00:06.000000;2016-03-31T04:00:06.000000;33e9c94b-a23c-4d62-848d-6b5abd33402b;415.54;0.99384377;UNKNOWN
2016-03-31T04:00:07.000000;2016-03-31T04:00:07.000000;3a5a9e46-49b9-43a9-8138-b24ee2404dea;415.3;0.03;UNKNOWN
2016-03-31T04:00:37.000000;2016-03-31T04:00:37.000000;84e11325-36e0-4261-bde2-0e97e2aba286;415.11;15.2925;UNKNOWN
2016-03-31T04:00:37.000000;2016-03-31T04:00:37.000000;4b051927-6776-4928-b69b-4400a4586e55;415.1;4.0;UNKNOWN
2016-03-31T04:00:37.000000;2016-03-31T04:00:37.000000;95ecaae7-4571-4e1a-a1dd-bf50bf0c73db;415.3;0.8132247;UNKNOWN
2016-03-31T04:00:37.000000;2016-03-31T04:00:37.000000;3c3d6403-b57f-470f-8558-019313709246;415.3;2.50474854;UNKNOWN
2016-03-31T04:00:37.000000;2016-03-31T04:00:37.000000;58d5e726-540e-471d-8eaf-a9173b5aef69;415.3;1.60505102;UNKNOWN
2016-03-31T04:00:37.000000;2016-03-31T04:00:37.000000;7dd7c6ab-34bd-4f65-b67c-21e0c8e40619;415.3;1.57730099;UNKNOWN
2016-03-31T04:00:37.000000;2016-03-31T04:00:37.000000;0cb23c37-8c2d-4cbf-9fb3-adfcb52d4448;415.11;4.17;UNKNOWN
2016-03-31T04:00:37.000000;2016-03-31T04:00:37.000000;26ace220-ae0b-466f-84ba-b525b5d5c949;415.3;3.14288665;UNKNOWN
2016-03-31T04:00:37.000000;2016-03-31T04:00:37.000000;89b3a2fb-ae3b-4f14-b037-5d5bd93f88aa;415.3;0.14124276;UNKNOWN
2016-03-31T04:00:37.000000;2016-03-31T04:00:37.000000;1c91cbf9-237e-42a3-8ac8-ad89fd81f267;415.3;0.10000574;UNKNOWN
2016-03-31T04:00:37.000000;2016-03-31T04:00:37.000000;49ff530b-d7d0-4a34-8ae3-842347778174;415.3;0.92179513;UNKNOWN
2016-03-31T04:00:37.000000;2016-03-31T04:00:37.000000;84f3d225-d5f4-4a88-9f78-d04e38cff860;415.3;0.22442342;UNKNOWN
2016-03-31T04:00:37.000000;2016-03-31T04:00:37.000000;e2b29a7f-6ec5-4897-9d8d-1e9f9536810f;415.1;12.49020223;UNKNOWN
2016-03-31T04:00:37.000000;2016-03-31T04:00:37.000000;fc53349c-3311-43b9-b81f-09933d6dc255;415.2;0.01661882;UNKNOWN
2016-03-31T04:04:04.000000;2016-03-31T04:04:04.000000;e3be4cfb-a54b-480c-ac8a-d3f9c6bf2ed4;415.0;0.017;UNKNOWN
2016-03-31T04:05:03.000000;2016-03-31T04:05:03.000000;e43bd786-e812-4c4f-b26a-b0759f5c6c56;415.54;4.86520823;UNKNOWN
2016-03-31T04:05:03.000000;2016-03-31T04:05:03.000000;c56e4441-57a9-4b31-a368-c5b2d55a733c;415.67;5.0;UNKNOWN
2016-03-31T04:05:03.000000;2016-03-31T04:05:03.000000;4f596d38-29e4-44c5-ae98-60d4c4764032;415.64;12.548;UNKNOWN
2016-03-31T04:05:03.000000;2016-03-31T04:05:03.000000;2498fbd2-e27f-445d-b7b5-4f6917722cac;415.67;12.9644;UNKNOWN
2016-03-31T04:05:35.000000;2016-03-31T04:05:35.000000;6f63090c-3ea9-4512-93cc-d963720f097e;415.72;0.017;UNKNOWN
2016-03-31T04:06:05.000000;2016-03-31T04:06:05.000000;05be3efa-43f5-461f-89b0-6f18bfbec338;415.45;0.38976109;UNKNOWN
2016-03-31T04:12:30.000000;2016-03-31T04:12:30.000000;d56eedc9-2257-4dd7-8eed-60d61a432c3b;415.72;0.5;UNKNOWN
2016-03-31T04:12:32.000000;2016-03-31T04:12:32.000000;b8af70b2-3dfa-479c-beea-9ed014953c6f;415.72;5.4124;UNKNOWN
2016-03-31T04:12:32.000000;2016-03-31T04:12:32.000000;62bc678a-6571-449e-ba57-997e003f74da;416.01;5.0;UNKNOWN
2016-03-31T04:12:32.000000;2016-03-31T04:12:32.000000;42a17da8-c448-45ba-97fb-a5b405105813;416.0;1.0;UNKNOWN
2016-03-31T04:12:32.000000;2016-03-31T04:12:32.000000;8bab6c31-7dcf-44d8-89a7-de4d813fe350;415.73;2.8758;UNKNOWN
2016-03-31T04:12:44.000000;2016-03-31T04:12:44.000000;2fbe4df8-b344-4297-8a84-1e48647af56a;416.18;0.33419177;UNKNOWN
2016-03-31T04:14:50.000000;2016-03-31T04:14:50.000000;70cfb29c-766e-4ffc-8d57-437a27883734;416.18;4.61580823;UNKNOWN
2016-03-31T04:14:50.000000;2016-03-31T04:14:50.000000;4f1080f5-e971-4afd-99b5-b40b44a70fa0;416.17;5.9613;UNKNOWN
2016-03-31T04:14:50.000000;2016-03-31T04:14:50.000000;22f8c77c-0409-4ae9-a263-d9f39fe8669b;416.18;24.42289177;UNKNOWN
2016-03-31T04:14:50.000000;2016-03-31T04:14:50.000000;e4a3cf25-bb1b-496e-a617-82e66f123b0a;416.17;5.0;UNKNOWN
2016-03-31T04:15:35.000000;2016-03-31T04:15:35.000000;6fe2c736-fb2c-460a-b22d-8a90cf0ea8cd;416.45;3.1334;UNKNOWN
2016-03-31T04:15:35.000000;2016-03-31T04:15:35.000000;b08dc695-d21b-4dd2-8c50-6e36bc03f21f;416.38;5.9662;UNKNOWN
2016-03-31T04:15:35.000000;2016-03-31T04:15:35.000000;07aa5cae-e0dc-4501-a22b-ca7c3e9e30a1;416.4;1.0;UNKNOWN
2016-03-31T04:15:35.000000;2016-03-31T04:15:35.000000;4ad68f56-bf11-4364-a89d-67dcac95070a;416.38;5.0;UNKNOWN
2016-03-31T04:15:35.000000;2016-03-31T04:15:35.000000;fefe610c-7b64-4e15-8317-4fbfbdbaaf28;416.38;1.38;UNKNOWN
2016-03-31T04:16:03.000000;2016-03-31T04:16:03.000000;e0a1ec78-4fd1-491c-9d5f-9d3193d2fc8b;415.8;0.1;UNKNOWN
2016-03-31T04:17:35.000000;2016-03-31T04:17:35.000000;fbb97a71-143b-4910-9a1b-9d5d246f81eb;416.5;1.0;UNKNOWN
2016-03-31T04:17:35.000000;2016-03-31T04:17:35.000000;ffbbfc03-b4c4-4d73-8fc3-2e32133ad88f;416.63;11.9665;UNKNOWN
2016-03-31T04:17:35.000000;2016-03-31T04:17:35.000000;cbc8cb09-749c-4907-b2e7-44873cca7b5b;416.45;1.8666;UNKNOWN
2016-03-31T04:17:35.000000;2016-03-31T04:17:35.000000;3e207e98-8667-49a2-a13e-3a7565c03be4;416.63;4.68889201;UNKNOWN
2016-03-31T04:17:35.000000;2016-03-31T04:17:35.000000;d76a052f-c3b8-4a7d-adc4-4779bab90b25;416.5;50.0;UNKNOWN
2016-03-31T04:17:35.000000;2016-03-31T04:17:35.000000;305a832f-7e61-475b-8027-c0d1bf9c6ebd;416.59;0.4288;UNKNOWN
2016-03-31T04:17:35.000000;2016-03-31T04:17:35.000000;9c6ce134-a69a-4e0d-82e6-f7f49ecbe74d;416.6;0.2;UNKNOWN
2016-03-31T04:17:35.000000;2016-03-31T04:17:35.000000;c677027f-034f-4785-a72b-87b122954774;416.64;13.9557;UNKNOWN
2016-03-31T04:17:35.000000;2016-03-31T04:17:35.000000;a8ef54c7-96c6-4723-bac7-da2774b3588d;416.7;25.532;UNKNOWN
2016-03-31T04:17:35.000000;2016-03-31T04:17:35.000000;c568f0a9-09fd-4073-a520-52395bacc0ae;416.66;4.69026652;UNKNOWN
2016-03-31T04:17:35.000000;2016-03-31T04:17:35.000000;1d373d73-f752-4429-a9e1-0b13907d8187;416.69;4.17;UNKNOWN
2016-03-31T04:17:35.000000;2016-03-31T04:17:35.000000;32b79c9b-5cfa-4a9d-94df-99a117914c26;416.67;1.0;UNKNOWN
2016-03-31T04:17:35.000000;2016-03-31T04:17:35.000000;8370e33a-f1a2-43fe-a09f-447ba2db5ff6;416.66;4.68955168;UNKNOWN
2016-03-31T04:17:35.000000;2016-03-31T04:17:35.000000;701856c6-3d1d-4b3c-8567-cbe65263a87e;416.7;25.81168979;UNKNOWN
2016-03-31T04:18:29.000000;2016-03-31T04:18:29.000000;752f73a2-852f-4f26-9274-394e57b5a5b6;417.0;1.0;UNKNOWN
2016-03-31T04:18:29.000000;2016-03-31T04:18:29.000000;866d0b10-a270-4754-9291-2576408293fa;417.0;1.0;UNKNOWN
2016-03-31T04:18:29.000000;2016-03-31T04:18:29.000000;35285a9b-df45-458b-b0e5-7e9fd489832b;417.0;1.0;UNKNOWN
2016-03-31T04:18:29.000000;2016-03-31T04:18:29.000000;26d2c4f0-b589-4c33-84cb-a85caa2904e6;417.0;1.0;UNKNOWN
2016-03-31T04:18:29.000000;2016-03-31T04:18:29.000000;9df3c2a0-849a-4a12-8e8f-451318f0472b;416.99;10.0;UNKNOWN
2016-03-31T04:18:29.000000;2016-03-31T04:18:29.000000;99b951b8-f423-4a5e-b80b-ea20471287b3;417.0;0.3;UNKNOWN
2016-03-31T04:18:29.000000;2016-03-31T04:18:29.000000;976f0b66-c3b4-445b-9611-cd7c9f070a79;417.0;2.14;UNKNOWN
2016-03-31T04:18:29.000000;2016-03-31T04:18:29.000000;68355d2e-355d-41d7-8172-b0245ad3cee6;417.0;0.4159836;UNKNOWN
2016-03-31T04:18:29.000000;2016-03-31T04:18:29.000000;fa82e37d-bb3c-42d0-a47d-ded3ad08099d;416.98;4.56;UNKNOWN
2016-03-31T04:18:29.000000;2016-03-31T04:18:29.000000;f00aae5f-82a0-4253-9565-27feb6d07f88;416.97;4.68856225;UNKNOWN
2016-03-31T04:18:29.000000;2016-03-31T04:18:29.000000;122bb29b-3bae-4c51-b2f3-a92ab6fc723f;416.7;28.18831021;UNKNOWN
2016-03-31T04:18:29.000000;2016-03-31T04:18:29.000000;4d88d476-9e20-4895-a0aa-d390638e871a;416.95;1.0;UNKNOWN
2016-03-31T04:18:29.000000;2016-03-31T04:18:29.000000;df807eab-ecd1-48d6-84e7-1c174928b1a0;416.8;13.8846;UNKNOWN
2016-03-31T04:18:29.000000;2016-03-31T04:18:29.000000;634ef9f5-953e-4f3b-b6db-77a9d2b29d00;416.8;1.0;UNKNOWN
2016-03-31T04:18:29.000000;2016-03-31T04:18:29.000000;1fa2aa65-fa71-43a6-967e-297578f7d131;416.94;4.68856225;UNKNOWN
2016-03-31T04:18:29.000000;2016-03-31T04:18:29.000000;613f453a-4015-4154-9c94-dec7813df884;416.82;4.68960666;UNKNOWN
2016-03-31T04:18:29.000000;2016-03-31T04:18:29.000000;5411c1de-299d-44f4-8499-4537f2dbf8d5;416.76;13.088;UNKNOWN
2016-03-31T04:18:29.000000;2016-03-31T04:18:29.000000;2b68ee9a-4981-4a12-95c5-b14692f74bea;416.8;0.1;UNKNOWN
2016-03-31T04:18:29.000000;2016-03-31T04:18:29.000000;34636f92-58e2-41c7-8aab-ac2b9a1388da;416.7;0.025;UNKNOWN
2016-03-31T04:18:29.000000;2016-03-31T04:18:29.000000;6f1fe393-9ba9-4567-93af-03727a40c45c;416.89;0.01302094;UNKNOWN
2016-03-31T04:18:29.000000;2016-03-31T04:18:29.000000;b0174e5f-091e-45f1-a9e6-8dce92f83284;416.7;1.0;UNKNOWN
2016-03-31T04:18:29.000000;2016-03-31T04:18:29.000000;0c6384ab-a0fd-4668-9eb4-dcc6b8bcdfcc;416.86;4.68900194;UNKNOWN
2016-03-31T04:18:29.000000;2016-03-31T04:18:29.000000;88b0d823-9604-4f43-81a9-0d777304a434;416.94;11.94;UNKNOWN
2016-03-31T04:18:29.000000;2016-03-31T04:18:29.000000;710a31ec-114f-47bf-b1f1-9d7d333c30e3;416.89;12.2762;UNKNOWN
2016-03-31T04:18:29.000000;2016-03-31T04:18:29.000000;ed4404c6-7a1c-4394-be6b-5652c6fa29f7;416.89;0.24086105;UNKNOWN
2016-03-31T04:18:32.000000;2016-03-31T04:18:32.000000;cd21e1da-2030-4094-9d81-d4b8cb299c4f;417.0;4.56;UNKNOWN
2016-03-31T04:18:32.000000;2016-03-31T04:18:32.000000;d0f584d4-ccc0-4d42-9ff1-2b67b7a0c7a5;417.0;7.58;UNKNOWN
2016-03-31T04:18:34.000000;2016-03-31T04:18:34.000000;0bd0e2ce-a853-4796-96d9-2d6759b94662;417.0;0.5;UNKNOWN
2016-03-31T04:18:36.000000;2016-03-31T04:18:36.000000;fa34517e-2b55-48b9-abc9-ffb6e720b79d;417.46;0.87;UNKNOWN
2016-03-31T04:18:36.000000;2016-03-31T04:18:36.000000;c970f57a-d101-4f0f-9f5b-594d1dedb814;417.33;0.02;UNKNOWN
2016-03-31T04:18:36.000000;2016-03-31T04:18:36.000000;98170aa6-8a80-4592-bd86-1560991eea5c;417.41;0.24;UNKNOWN
2016-03-31T04:18:36.000000;2016-03-31T04:18:36.000000;cfac3ad6-95a1-4661-8990-b816df2297ea;417.42;0.01;UNKNOWN
2016-03-31T04:18:36.000000;2016-03-31T04:18:36.000000;2350b55f-9c1d-404e-a287-4d5906e5c4e1;417.0;0.50958415;UNKNOWN
2016-03-31T04:18:36.000000;2016-03-31T04:18:36.000000;b1e113e1-906b-4397-a623-1e35ce1cfa3b;417.41;0.02;UNKNOWN
2016-03-31T04:18:36.000000;2016-03-31T04:18:36.000000;f7f8fb0c-8db1-4105-8718-2b47c82cdb0f;417.32;12.7567;UNKNOWN
2016-03-31T04:18:36.000000;2016-03-31T04:18:36.000000;eaf0bf1b-ee11-4726-83ee-cf1fc1e320cc;417.1;5.0;UNKNOWN
2016-03-31T04:18:36.000000;2016-03-31T04:18:36.000000;3a7116db-8b9c-4c48-9e37-412cb662ccee;417.2;0.2;UNKNOWN
2016-03-31T04:18:36.000000;2016-03-31T04:18:36.000000;2f7b14a9-2d08-4f32-bef9-879c53add2c6;417.46;5.84601192;UNKNOWN
2016-03-31T04:18:39.000000;2016-03-31T04:18:39.000000;74dfa116-32c5-4d80-be7e-4e26e3ef34a6;417.0;0.5;UNKNOWN
2016-03-31T04:18:46.000000;2016-03-31T04:18:46.000000;33b88926-da58-43f3-918e-ee4e264919fa;417.0;0.5;UNKNOWN
2016-03-31T04:18:52.000000;2016-03-31T04:18:52.000000;cb430dc2-6093-46b4-931f-91400b227a15;417.0;0.5;UNKNOWN
2016-03-31T04:19:00.000000;2016-03-31T04:19:00.000000;7d6ba65d-ce01-440c-a5b5-348d98c36d13;417.0;0.5;UNKNOWN
2016-03-31T04:19:01.000000;2016-03-31T04:19:01.000000;f619d107-8a04-4b77-aa9e-173b03253661;417.0;2.03;UNKNOWN
2016-03-31T04:19:02.000000;2016-03-31T04:19:02.000000;960da3f8-0297-4847-8b98-af1157b96af4;417.0;0.011;UNKNOWN
2016-03-31T04:19:05.000000;2016-03-31T04:19:05.000000;caf93a42-06ea-44e1-85df-ee8675fea795;417.0;0.5;UNKNOWN
2016-03-31T04:19:07.000000;2016-03-31T04:19:07.000000;e6b25a3a-534d-4983-8c77-89dc4c8c16eb;417.0;0.012;UNKNOWN
2016-03-31T04:19:07.000000;2016-03-31T04:19:07.000000;12e037d3-d2c6-477f-b075-a991300e1be1;417.0;0.025;UNKNOWN
2016-03-31T04:19:10.000000;2016-03-31T04:19:10.000000;85ff1a84-e3f8-4221-b3d0-20f8e1b5ab71;417.0;0.5;UNKNOWN
2016-03-31T04:19:15.000000;2016-03-31T04:19:15.000000;b6973c72-c575-4c89-8a71-a8f81d7a7939;417.0;0.5;UNKNOWN
2016-03-31T04:19:19.000000;2016-03-31T04:19:19.000000;036388db-8821-40c2-9de3-0b5d91153be0;417.0;0.5;UNKNOWN
2016-03-31T04:19:21.000000;2016-03-31T04:19:21.000000;2c64509d-cd4f-4c00-9a5f-09063fcc2940;417.0;1.0;UNKNOWN
2016-03-31T04:19:25.000000;2016-03-31T04:19:25.000000;ed4f8273-10b4-41a1-8407-f72aef20b630;417.0;0.5;UNKNOWN
2016-03-31T04:19:29.000000;2016-03-31T04:19:29.000000;f3278a2d-4be4-4426-9898-3bf394235cfd;417.0;0.5;UNKNOWN
2016-03-31T04:19:32.000000;2016-03-31T04:19:32.000000;7bc3b381-9ea6-4b32-84be-d704d439fba2;417.0;0.5;UNKNOWN
2016-03-31T04:19:32.000000;2016-03-31T04:19:32.000000;82ade44a-f6b0-47aa-a6f7-7fa6184ad0b5;417.0;0.82;UNKNOWN
2016-03-31T04:19:35.000000;2016-03-31T04:19:35.000000;0bfbb795-ffc2-4fc7-b9dc-ef898b7c7067;417.0;2.74;UNKNOWN
2016-03-31T04:19:36.000000;2016-03-31T04:19:36.000000;bfe3143e-ed50-47f2-a121-0de7dd3ac9cc;417.0;0.49299199;UNKNOWN
2016-03-31T04:19:36.000000;2016-03-31T04:19:36.000000;7bbb98c3-893b-4738-aefc-6d5624444019;417.0;0.5;UNKNOWN
2016-03-31T04:19:38.000000;2016-03-31T04:19:38.000000;56182185-3126-4fa5-a5a4-89a8ec61885d;417.0;2.43;UNKNOWN
2016-03-31T04:19:39.000000;2016-03-31T04:19:39.000000;dcf33b28-b55b-45bf-8feb-ec1d610c1603;417.0;0.5;UNKNOWN
2016-03-31T04:19:41.000000;2016-03-31T04:19:41.000000;40e74c9b-f7dd-4626-b9ca-9d54141278a4;417.0;0.43;UNKNOWN
2016-03-31T04:19:43.000000;2016-03-31T04:19:43.000000;d5b058bb-f01b-46e7-aaed-094b6db55e63;417.0;0.5;UNKNOWN
2016-03-31T04:19:45.000000;2016-03-31T04:19:45.000000;9cd0120d-d6fc-4c27-98e5-034437fe304d;417.0;2.81;UNKNOWN
2016-03-31T04:19:47.000000;2016-03-31T04:19:47.000000;9cd66c39-68e0-49fe-81b2-459263f044e5;417.0;0.5;UNKNOWN
2016-03-31T04:19:51.000000;2016-03-31T04:19:51.000000;de4a026b-ce20-491c-8a48-eb8105a91401;417.0;0.5;UNKNOWN
2016-03-31T04:19:55.000000;2016-03-31T04:19:55.000000;ed6bb046-b4ea-45af-84db-cfa0520f8576;417.0;0.5;UNKNOWN
2016-03-31T04:19:59.000000;2016-03-31T04:19:59.000000;47fb5c21-ecf2-4343-a5a6-14fd7b416518;417.0;0.5;UNKNOWN
2016-03-31T04:20:04.000000;2016-03-31T04:20:04.000000;6cf2ef0e-cf03-4460-a30c-bda16cc6afc5;417.0;0.5;UNKNOWN
2016-03-31T04:20:07.000000;2016-03-31T04:20:07.000000;bef16e02-da06-46d4-ad40-d37780f6608a;417.0;0.5;UNKNOWN
2016-03-31T04:20:11.000000;2016-03-31T04:20:11.000000;9259c7a1-a2d8-452d-93d9-fe95290fc065;417.0;0.5;UNKNOWN
2016-03-31T04:20:15.000000;2016-03-31T04:20:15.000000;d8a1b95f-558d-438d-84c2-203143c80639;417.0;0.5;UNKNOWN
2016-03-31T04:20:18.000000;2016-03-31T04:20:18.000000;26357263-d216-43bb-96f8-864e7167a3b0;417.01;0.66666;UNKNOWN
2016-03-31T04:20:19.000000;2016-03-31T04:20:19.000000;8f4cc257-774c-425a-bf17-97af5804bf8d;417.0;0.5;UNKNOWN
2016-03-31T04:20:25.000000;2016-03-31T04:20:25.000000;730c4886-5006-430e-ac69-9724a0ba8e21;417.0;0.5;UNKNOWN
2016-03-31T04:20:28.000000;2016-03-31T04:20:28.000000;2d44ba2c-e5f7-4a2d-9080-76b3aca13ba1;417.0;0.5;UNKNOWN
2016-03-31T04:20:32.000000;2016-03-31T04:20:32.000000;fb643cfc-f802-40de-bddb-655adf807181;417.0;0.5;UNKNOWN
2016-03-31T04:20:36.000000;2016-03-31T04:20:36.000000;0c8954e7-cae7-432c-b8bb-5b8c2fc48490;417.0;0.5;UNKNOWN
2016-03-31T04:20:40.000000;2016-03-31T04:20:40.000000;4ee374f4-4266-43e6-81c3-83867e2a2e68;417.0;0.5;UNKNOWN
2016-03-31T04:20:44.000000;2016-03-31T04:20:44.000000;7ff970e4-7f4d-4003-865c-6b55d6f288d2;417.0;0.5;UNKNOWN
2016-03-31T04:20:53.000000;2016-03-31T04:20:53.000000;57d344af-1dac-472f-92cc-d1d46754fc2e;417.01;0.6;UNKNOWN
2016-03-31T04:20:56.000000;2016-03-31T04:20:56.000000;9c5f925d-dd14-4fba-9c50-4a8c13e1b769;417.0;0.18778057;UNKNOWN
2016-03-31T04:21:10.000000;2016-03-31T04:21:10.000000;caa2f437-4f95-4372-85d2-cfd77167a9d5;417.0;0.1;UNKNOWN
2016-03-31T04:21:15.000000;2016-03-31T04:21:15.000000;2933ab41-9cd5-44c3-a384-f9dac21d3633;417.0;0.04;UNKNOWN
2016-03-31T04:21:31.000000;2016-03-31T04:21:31.000000;cc3a6ad5-fa57-4b09-b314-6b352e0f7777;417.01;1.3;UNKNOWN
2016-03-31T04:21:41.000000;2016-03-31T04:21:41.000000;45409dbd-038b-409d-bcf6-f3922e5033bc;417.01;1.17;UNKNOWN
2016-03-31T04:21:53.000000;2016-03-31T04:21:53.000000;505e26ea-de41-4995-af54-37f54f77737a;417.01;1.05;UNKNOWN
2016-03-31T04:22:04.000000;2016-03-31T04:22:04.000000;f4a74da7-13d4-4a87-92f3-c426b8168fc1;417.01;0.95;UNKNOWN
2016-03-31T04:22:05.000000;2016-03-31T04:22:05.000000;310d1895-d75a-4978-a326-7d886d6b5bd5;417.0;0.00243439;UNKNOWN
2016-03-31T04:22:15.000000;2016-03-31T04:22:15.000000;182ab87c-e9b6-4c41-90cb-05b0e6e3bf0e;416.75;0.85;UNKNOWN
2016-03-31T04:22:16.000000;2016-03-31T04:22:16.000000;dc33845e-79ce-4118-b02e-49d6bf05c31b;416.75;0.046;UNKNOWN
2016-03-31T04:22:24.000000;2016-03-31T04:22:24.000000;9ebf322f-5e4e-450b-939b-4e9f74831572;416.75;0.77;UNKNOWN
2016-03-31T04:22:27.000000;2016-03-31T04:22:27.000000;381994c4-4387-4772-aded-5eff30ff0cc8;416.56;0.2;UNKNOWN
2016-03-31T04:22:34.000000;2016-03-31T04:22:34.000000;d3975462-ef9b-4747-bd62-1d55ed43e614;416.75;0.69;UNKNOWN
2016-03-31T04:22:44.000000;2016-03-31T04:22:44.000000;955c4e41-021e-4b9e-a0a6-1b4fcefc02e9;416.75;0.62;UNKNOWN
2016-03-31T04:22:54.000000;2016-03-31T04:22:54.000000;9c342ec0-09df-49af-955c-5c77aeb42183;416.75;0.56;UNKNOWN
2016-03-31T04:23:05.000000;2016-03-31T04:23:05.000000;03f4da2a-6945-469c-88cd-c4912c28c8f5;416.75;0.5;UNKNOWN
2016-03-31T04:23:10.000000;2016-03-31T04:23:10.000000;fd405348-c896-4e62-8c07-d003ba6fe49c;416.89;13.893;UNKNOWN
2016-03-31T04:23:10.000000;2016-03-31T04:23:10.000000;df5d6eb3-168f-4bda-b94b-d1533e46f8db;417.05;18.3733;UNKNOWN
2016-03-31T04:23:10.000000;2016-03-31T04:23:10.000000;2022b6b2-7698-4aef-bbd4-a6d629de1c50;416.77;12.5316;UNKNOWN
2016-03-31T04:23:10.000000;2016-03-31T04:23:10.000000;7a5dfb71-d0f0-463f-9175-f09442d29d74;417.01;0.2;UNKNOWN
2016-03-31T04:23:10.000000;2016-03-31T04:23:10.000000;ccfad0fe-386c-4e71-97ef-fe090dd5de90;417.05;3.97254406;UNKNOWN
2016-03-31T04:23:10.000000;2016-03-31T04:23:10.000000;2f61af14-69d3-4ed2-afbf-e490f3c2663c;416.75;5.4153;UNKNOWN
2016-03-31T04:23:10.000000;2016-03-31T04:23:10.000000;aef6d729-9cf4-4f81-9c84-36fe484f4e07;417.06;5.61425594;UNKNOWN
2016-03-31T04:23:15.000000;2016-03-31T04:23:15.000000;540ad5d6-24c9-4a37-b503-c9364a07fd35;417.06;0.45;UNKNOWN
2016-03-31T04:23:28.000000;2016-03-31T04:23:28.000000;a52269b7-f64e-46b8-90df-4e351c36a8a7;417.09;0.41;UNKNOWN
2016-03-31T04:23:38.000000;2016-03-31T04:23:38.000000;225c7906-37a7-4375-8217-36726c1adac9;417.09;0.37;UNKNOWN
2016-03-31T04:23:48.000000;2016-03-31T04:23:48.000000;7a359dd1-2962-46f2-99d6-c5a5b1032741;417.05;0.33;UNKNOWN
2016-03-31T04:23:59.000000;2016-03-31T04:23:59.000000;ce49f5d5-b55e-4b45-a27d-5034b31dd066;417.04;0.3;UNKNOWN
2016-03-31T04:24:11.000000;2016-03-31T04:24:11.000000;1b8b46cf-4838-45b2-b850-dc83eca21ef7;417.04;0.27;UNKNOWN
2016-03-31T04:25:34.000000;2016-03-31T04:25:34.000000;87150222-9c22-4640-83c0-731fe1dd0c8d;417.04;5.3689;UNKNOWN
2016-03-31T04:25:34.000000;2016-03-31T04:25:34.000000;ac043300-773c-4f14-a321-579a2bc3ea1a;417.1;1.0;UNKNOWN
2016-03-31T04:25:34.000000;2016-03-31T04:25:34.000000;52b9c599-f6af-4263-af24-04e558236295;417.1;3.6311;UNKNOWN
2016-03-31T04:25:39.000000;2016-03-31T04:25:39.000000;d3e2f152-0157-4e75-a995-796fe53a5b91;417.0;0.5;UNKNOWN
2016-03-31T04:25:43.000000;2016-03-31T04:25:43.000000;0d35df17-c6ac-42bf-9da5-9423cf56a6f1;417.0;0.5;UNKNOWN
2016-03-31T04:25:59.000000;2016-03-31T04:25:59.000000;f6982258-2da5-4b45-855e-bfe4bb23ecdc;416.81;0.5;UNKNOWN
2016-03-31T04:26:02.000000;2016-03-31T04:26:02.000000;352153ac-71c7-4302-ac79-4a68415572fa;416.81;0.5;UNKNOWN
2016-03-31T04:26:07.000000;2016-03-31T04:26:07.000000;f822dad0-1ccc-4880-bfee-43a67a2cab96;416.81;0.5;UNKNOWN
2016-03-31T04:26:10.000000;2016-03-31T04:26:10.000000;77a2208b-ab76-4eb7-97ed-d0d9f612a9d7;416.81;0.5;UNKNOWN
2016-03-31T04:26:12.000000;2016-03-31T04:26:12.000000;f75097e5-4f92-4af0-83aa-a44cd2f50583;416.81;0.04831029;UNKNOWN
2016-03-31T04:26:14.000000;2016-03-31T04:26:14.000000;20a3babd-1c10-4fe1-b15d-2491e51d7278;416.9;1.37713922;UNKNOWN
2016-03-31T04:26:14.000000;2016-03-31T04:26:14.000000;37318c36-e9b7-4d0a-8f42-22a5c06ff14a;416.81;0.5;UNKNOWN
2016-03-31T04:26:14.000000;2016-03-31T04:26:14.000000;49ecf1cf-e3fb-41ae-8cb2-520921c6cb68;416.9;5.965;UNKNOWN
2016-03-31T04:26:17.000000;2016-03-31T04:26:17.000000;a6d21c2c-9359-49d2-bcf1-9f02bcee9523;416.81;0.5;UNKNOWN
2016-03-31T04:26:30.000000;2016-03-31T04:26:30.000000;3cd5038b-d3ab-4fa3-bdf3-ed89165e3037;417.03;4.68955168;UNKNOWN
2016-03-31T04:26:30.000000;2016-03-31T04:26:30.000000;7de3de65-ff3c-4a12-9ccd-9bfed0645e3f;417.03;4.68955168;UNKNOWN
2016-03-31T04:26:30.000000;2016-03-31T04:26:30.000000;57fe9bd1-c359-4424-886b-8169f5eb8a2d;417.0;0.05;UNKNOWN
2016-03-31T04:26:30.000000;2016-03-31T04:26:30.000000;853da813-37ca-4e14-8341-16251aaa9b44;417.06;10.129535;UNKNOWN
2016-03-31T04:26:30.000000;2016-03-31T04:26:30.000000;6bcc7806-87c4-4a99-bbed-49fc64f9dc74;417.03;12.5636;UNKNOWN
2016-03-31T04:26:30.000000;2016-03-31T04:26:30.000000;9c4348f3-7830-4fae-92b7-f75df8906ff3;417.04;4.68966164;UNKNOWN
2016-03-31T04:26:30.000000;2016-03-31T04:26:30.000000;d228b9ea-94bc-4dfc-a8a2-b51882d666b5;416.92;13.1881;UNKNOWN
2016-03-31T04:26:37.000000;2016-03-31T04:26:37.000000;e0908927-3308-4be1-bba3-902b86b7464b;417.0;40.0;UNKNOWN
2016-03-31T04:28:21.000000;2016-03-31T04:28:21.000000;135d32b7-b83e-4fde-b878-1ea19d0a0a9e;416.52;0.21334221;UNKNOWN
2016-03-31T04:28:21.000000;2016-03-31T04:28:21.000000;33d1cf9a-0370-41c0-b305-d3029bd0f6d8;416.51;0.78665779;UNKNOWN
2016-03-31T04:28:21.000000;2016-03-31T04:28:21.000000;58b00325-b971-4613-99b2-759f7e681a70;416.52;0.08665779;UNKNOWN
2016-03-31T04:28:49.000000;2016-03-31T04:28:49.000000;e9290231-8e4d-455e-b562-7708c476a1ec;416.99;0.15;UNKNOWN
2016-03-31T04:29:24.000000;2016-03-31T04:29:24.000000;2adf46df-3fcc-4fc1-b711-b09efd4ee918;416.51;0.17851888;UNKNOWN
2016-03-31T04:30:04.000000;2016-03-31T04:30:04.000000;5474ad06-4927-4788-8a86-2b78bda00875;416.51;0.1;UNKNOWN
2016-03-31T04:30:12.000000;2016-03-31T04:30:12.000000;788f82e6-3ff7-4950-a4de-a438ea2d2bd5;416.51;0.96226247;UNKNOWN
2016-03-31T04:31:05.000000;2016-03-31T04:31:05.000000;f5d2cd55-1422-42ae-bd64-a4d166130231;416.51;0.04;UNKNOWN
2016-03-31T04:33:33.000000;2016-03-31T04:33:33.000000;c683df32-0e09-467b-81e1-db78e7601dc7;416.99;2.995;UNKNOWN
2016-03-31T04:33:35.000000;2016-03-31T04:33:35.000000;94d5f86b-152c-4a13-9ac5-a53c163a68f6;416.99;1.855;UNKNOWN
2016-03-31T04:33:35.000000;2016-03-31T04:33:35.000000;3c360247-967b-4a7a-97c7-3436baf8aa64;417.0;5.64;UNKNOWN
2016-03-31T04:33:36.000000;2016-03-31T04:33:36.000000;99ce073c-909e-4bcb-a207-299d75ab00ee;417.0;7.495;UNKNOWN
2016-03-31T04:33:37.000000;2016-03-31T04:33:37.000000;f4f853f1-e0c1-40ca-ba90-a565cbcea7de;417.0;4.549478;UNKNOWN
2016-03-31T04:33:38.000000;2016-03-31T04:33:38.000000;2b7ce709-243b-44f0-be33-46b35f87c78b;417.0;7.495;UNKNOWN
2016-03-31T04:33:39.000000;2016-03-31T04:33:39.000000;ff0a27cd-bb77-405b-8c85-0f34a8624f9d;417.0;2.6766305;UNKNOWN
2016-03-31T04:33:43.000000;2016-03-31T04:33:43.000000;978bc609-a21e-4880-bbb2-72b2da1ca764;417.0;0.25;UNKNOWN
2016-03-31T04:33:44.000000;2016-03-31T04:33:44.000000;cf197547-4c7e-4b1a-99cd-8f15640c03b9;417.0;0.25;UNKNOWN
2016-03-31T04:33:45.000000;2016-03-31T04:33:45.000000;ef626125-da63-4cd4-847f-41cd31d09054;417.0;0.25;UNKNOWN
2016-03-31T04:33:46.000000;2016-03-31T04:33:46.000000;1a8ce005-1aee-40f6-8399-c2f01f70ce1d;417.0;0.25;UNKNOWN
2016-03-31T04:33:48.000000;2016-03-31T04:33:48.000000;a6af78a3-eeb2-4c5c-933d-cc2c611e1970;417.0;0.25;UNKNOWN
2016-03-31T04:33:49.000000;2016-03-31T04:33:49.000000;cb601ccb-3f92-4833-b1c0-714381c19306;417.0;0.25;UNKNOWN
2016-03-31T04:33:50.000000;2016-03-31T04:33:50.000000;80ea49ce-aa77-4df3-8219-3b632e460991;417.0;0.25;UNKNOWN
2016-03-31T04:33:51.000000;2016-03-31T04:33:51.000000;edfeb2ff-5aab-4aa8-8807-36147d38dae8;417.0;0.18655;UNKNOWN
2016-03-31T04:33:53.000000;2016-03-31T04:33:53.000000;d83da638-c122-478e-aa72-ba8fa50a1301;417.0;0.25;UNKNOWN
2016-03-31T04:33:54.000000;2016-03-31T04:33:54.000000;a2e36fd7-3e94-4daa-89ab-27fd522a9109;417.0;0.0073415;UNKNOWN
2016-03-31T04:33:54.000000;2016-03-31T04:33:54.000000;df903afb-1924-4960-ab9f-ee099c1a97d3;417.0;0.2426585;UNKNOWN
2016-03-31T04:33:55.000000;2016-03-31T04:33:55.000000;d4ae5f89-3c31-497e-9396-a582eb18c919;417.0;0.0563995;UNKNOWN
2016-03-31T04:33:56.000000;2016-03-31T04:33:56.000000;ebe187bf-965b-4fdc-9fec-945418354877;417.0;0.1936005;UNKNOWN
2016-03-31T04:33:57.000000;2016-03-31T04:33:57.000000;70577c08-c58d-433e-842e-91083ee38a2b;417.0;0.25;UNKNOWN
2016-03-31T04:33:58.000000;2016-03-31T04:33:58.000000;1624df05-7d7f-4e20-afaa-4d5f32f4eb15;417.0;0.25;UNKNOWN
2016-03-31T04:34:00.000000;2016-03-31T04:34:00.000000;8c783b82-773f-493d-b10e-6cc007812e21;417.18;0.2426585;UNKNOWN
2016-03-31T04:34:00.000000;2016-03-31T04:34:00.000000;a35197a9-5133-41fb-b054-852cba5b768d;417.0;0.0073415;UNKNOWN
2016-03-31T04:34:31.000000;2016-03-31T04:34:31.000000;eec37ab2-b556-4832-83ed-1bb963cbf23c;416.9;0.131;UNKNOWN
2016-03-31T04:34:32.000000;2016-03-31T04:34:32.000000;56fd0105-a184-4870-938e-13b8fbb6d86e;416.9;0.262;UNKNOWN
2016-03-31T04:34:49.000000;2016-03-31T04:34:49.000000;58dd4846-f0f2-479e-ab26-9d436ac3f12e;416.9;0.13611449;UNKNOWN
2016-03-31T04:34:51.000000;2016-03-31T04:34:51.000000;39a8b11b-a8c7-4fb8-857f-a81c5241f0d5;416.9;0.1333;UNKNOWN
2016-03-31T04:34:54.000000;2016-03-31T04:34:54.000000;6c05fe2b-268c-4154-bd4e-0efd7df5eefe;416.9;0.2568;UNKNOWN
2016-03-31T04:34:55.000000;2016-03-31T04:34:55.000000;04f983e2-d79c-453d-8438-e7adb6e23a2b;416.9;1.31;UNKNOWN
2016-03-31T04:34:56.000000;2016-03-31T04:34:56.000000;7ddd83ef-9250-4246-9dcc-6cba54ea2e4b;416.91;0.655;UNKNOWN
2016-03-31T04:34:58.000000;2016-03-31T04:34:58.000000;ed907b29-77e8-410d-af1a-b2d6b0166c10;416.91;0.1333;UNKNOWN
2016-03-31T04:34:59.000000;2016-03-31T04:34:59.000000;c3330798-019b-4b02-8e85-c21bf22fd815;416.91;1.308;UNKNOWN
2016-03-31T04:35:01.000000;2016-03-31T04:35:01.000000;01808d77-ab37-4296-8c86-0c0828dc882d;416.91;0.1318965;UNKNOWN
2016-03-31T04:35:02.000000;2016-03-31T04:35:02.000000;4a1f4b4f-6bd3-483d-99b4-1a5c75a8e3ed;416.9;0.6544035;UNKNOWN
2016-03-31T04:35:03.000000;2016-03-31T04:35:03.000000;2d22cd51-4f28-46c7-8f7f-6582a05405b8;416.9;0.5495;UNKNOWN
2016-03-31T04:35:04.000000;2016-03-31T04:35:04.000000;10de58ba-e4bc-4075-ba90-a933434dc574;416.9;1.3084;UNKNOWN
2016-03-31T04:35:05.000000;2016-03-31T04:35:05.000000;db08dc03-2661-473e-90c1-369c5357dada;416.9;1.15292;UNKNOWN
2016-03-31T04:35:06.000000;2016-03-31T04:35:06.000000;16b6658e-2342-4829-9dc5-cd8016dad5a2;416.91;0.11111;UNKNOWN
2016-03-31T04:35:07.000000;2016-03-31T04:35:07.000000;70fbf6f0-a601-4606-aa68-6b1cbb100520;416.91;0.11111;UNKNOWN
2016-03-31T04:35:08.000000;2016-03-31T04:35:08.000000;f44783fd-2c84-47f2-bbb7-e112910dd391;416.91;0.12213;UNKNOWN
2016-03-31T04:35:10.000000;2016-03-31T04:35:10.000000;e6742b74-b8e4-41b8-a159-8d4e0e48e7d7;416.91;0.08888;UNKNOWN
2016-03-31T04:35:11.000000;2016-03-31T04:35:11.000000;ecbc60f8-4efe-485a-b82f-91cd94cc2c5a;416.9;0.1;UNKNOWN
2016-03-31T04:35:12.000000;2016-03-31T04:35:12.000000;14f8e6b8-68fc-4975-a2cb-c858d1e3d30b;416.9;1.75;UNKNOWN
2016-03-31T04:35:13.000000;2016-03-31T04:35:13.000000;146b2e9d-2ead-45ff-9202-876cef6aaaf0;416.91;2.15;UNKNOWN
2016-03-31T04:35:14.000000;2016-03-31T04:35:14.000000;bbe2b005-34c9-425c-bbe0-f92d48b269b2;416.91;0.015082;UNKNOWN
2016-03-31T04:35:16.000000;2016-03-31T04:35:16.000000;da1bbab6-c355-436b-b24b-ba36b0d270de;416.91;0.053918;UNKNOWN
2016-03-31T04:35:17.000000;2016-03-31T04:35:17.000000;b9a10d37-c629-42b2-842e-1f8890b3e7f8;416.91;2.0;UNKNOWN
2016-03-31T04:35:18.000000;2016-03-31T04:35:18.000000;d1e5bd8c-26d1-4848-ad2e-71ebb7889956;416.91;2.0;UNKNOWN
2016-03-31T04:35:19.000000;2016-03-31T04:35:19.000000;f3728828-1082-48c7-ab39-d0d9dbef8572;416.9;2.0;UNKNOWN
2016-03-31T04:35:20.000000;2016-03-31T04:35:20.000000;370fc68f-9c8a-46fd-be0e-2cdae25f9738;416.92;2.0;UNKNOWN
2016-03-31T04:35:21.000000;2016-03-31T04:35:21.000000;66854ffe-84d5-4214-839f-346346745b33;417.04;2.0;UNKNOWN
2016-03-31T04:35:23.000000;2016-03-31T04:35:23.000000;ff7b25b2-2a7c-47eb-a9ac-e95969adccb4;417.04;0.9293;UNKNOWN
2016-03-31T04:35:24.000000;2016-03-31T04:35:24.000000;c93bb75f-891b-4b24-917b-e8a908bd6f18;416.56;0.48108505;UNKNOWN
2016-03-31T04:35:24.000000;2016-03-31T04:35:24.000000;a17d4a93-2d87-4ef9-9f5d-1a5b91609ad0;417.04;1.0;UNKNOWN
2016-03-31T04:35:25.000000;2016-03-31T04:35:25.000000;6aa3d706-2f29-4463-92d8-a32096a166d3;417.04;1.86837319;UNKNOWN
2016-03-31T04:35:26.000000;2016-03-31T04:35:26.000000;3345ca1f-6133-4030-ad8b-c3138ce96878;417.03;1.0;UNKNOWN
2016-03-31T04:35:28.000000;2016-03-31T04:35:28.000000;b1a95385-da44-41d6-a6dd-e20d9dc6fa74;417.03;2.0;UNKNOWN
2016-03-31T04:35:29.000000;2016-03-31T04:35:29.000000;a113fb3f-428c-4230-a1be-8f9ae5c6c9ab;417.03;1.24295285;UNKNOWN
2016-03-31T04:35:30.000000;2016-03-31T04:35:30.000000;88af0057-a4ab-4e2d-8f7b-17ffa76a2519;417.04;0.12;UNKNOWN
2016-03-31T04:35:31.000000;2016-03-31T04:35:31.000000;c628c750-d32f-4d30-b197-59aabbb8c10b;417.04;0.63704715;UNKNOWN
2016-03-31T04:35:32.000000;2016-03-31T04:35:32.000000;3ae43e85-f84c-4526-8276-923069b6717f;417.04;2.0;UNKNOWN
2016-03-31T04:35:33.000000;2016-03-31T04:35:33.000000;36d9fbb6-56a7-49c7-94e2-3dd238119b69;417.04;2.0;UNKNOWN
2016-03-31T04:35:34.000000;2016-03-31T04:35:34.000000;5884eb65-d905-4fcf-882e-824d560333b2;417.02;2.0;UNKNOWN
2016-03-31T04:35:40.000000;2016-03-31T04:35:40.000000;67c466ed-a280-4cf1-b8e8-a321995ec559;417.04;0.2;UNKNOWN
2016-03-31T04:35:42.000000;2016-03-31T04:35:42.000000;e7227a7e-b48f-4e7a-b76f-3ca305e9b49f;417.04;2.0;UNKNOWN
2016-03-31T04:35:43.000000;2016-03-31T04:35:43.000000;d65223c2-746d-4d46-b76c-208136c8598b;417.18;0.87182034;UNKNOWN
2016-03-31T04:35:43.000000;2016-03-31T04:35:43.000000;0ab1e577-e08a-49bc-91cf-937c1d7c0f17;417.04;1.12817966;UNKNOWN
2016-03-31T04:35:44.000000;2016-03-31T04:35:44.000000;2b2ffad1-7e21-4bc7-9888-8b9f92546515;417.18;2.0;UNKNOWN
2016-03-31T04:35:45.000000;2016-03-31T04:35:45.000000;b8b46671-bd7f-4c59-870c-af38ab71c407;417.18;2.0;UNKNOWN
2016-03-31T04:35:46.000000;2016-03-31T04:35:46.000000;1044e6db-c21f-4ad0-91f9-9423f87f9643;417.18;2.0;UNKNOWN
2016-03-31T04:35:56.000000;2016-03-31T04:35:56.000000;159c061b-2f69-4f12-b95b-14351e7aadcd;417.18;2.0;UNKNOWN
2016-03-31T04:35:57.000000;2016-03-31T04:35:57.000000;bd3e85a1-a49c-4bff-9d75-b3ecd8ef104e;417.18;2.0;UNKNOWN
2016-03-31T04:35:59.000000;2016-03-31T04:35:59.000000;a87a270d-3ad2-423e-a089-6e58a910e81e;417.23;1.04437884;UNKNOWN
2016-03-31T04:35:59.000000;2016-03-31T04:35:59.000000;61daba01-7805-4bd5-a2a4-77c389b4f6d1;417.18;0.95562116;UNKNOWN
2016-03-31T04:37:05.000000;2016-03-31T04:37:05.000000;e470534e-4f29-486c-8e4f-804e7292d159;416.56;0.20276882;UNKNOWN
2016-03-31T04:39:28.000000;2016-03-31T04:39:28.000000;534ab0a5-0554-4a19-bf9f-4f611c86a88c;416.9;0.5;UNKNOWN
2016-03-31T04:39:29.000000;2016-03-31T04:39:29.000000;8cee474e-65ee-4382-9cb3-42b72d096635;416.9;0.065;UNKNOWN
2016-03-31T04:39:30.000000;2016-03-31T04:39:30.000000;06b0ea63-b8a3-4310-8c6b-43685e8b34f2;416.9;0.065;UNKNOWN
2016-03-31T04:39:31.000000;2016-03-31T04:39:31.000000;3884927f-7f1b-4646-a433-4470777eadee;416.9;0.25;UNKNOWN
2016-03-31T04:39:32.000000;2016-03-31T04:39:32.000000;077805d1-ee9e-4de3-a3fe-8ee359a67529;416.9;3.1916;UNKNOWN
2016-03-31T04:39:33.000000;2016-03-31T04:39:33.000000;3a8b0727-bc1a-47ba-8480-2153e78d6959;416.9;5.10235;UNKNOWN
2016-03-31T04:39:34.000000;2016-03-31T04:39:34.000000;aa38d47a-75ee-4d97-ba26-0d4a970d0f93;416.91;4.75;UNKNOWN
2016-03-31T04:39:35.000000;2016-03-31T04:39:35.000000;7ba6298f-0876-4ac1-ae06-4b603a2e4074;417.03;0.19465206;UNKNOWN
2016-03-31T04:39:37.000000;2016-03-31T04:39:37.000000;e2c22d69-7b1b-4ae5-afad-3affcb9e36c4;417.03;4.53394794;UNKNOWN
2016-03-31T04:39:37.000000;2016-03-31T04:39:37.000000;5b2adcc4-d2f1-481e-bf30-a409e040c5a5;417.03;4.0;UNKNOWN
2016-03-31T04:39:38.000000;2016-03-31T04:39:38.000000;e862c95b-e302-4ea0-9793-3ef35cad3b94;417.02;5.59220206;UNKNOWN
2016-03-31T04:39:40.000000;2016-03-31T04:39:40.000000;a2adc698-fbfc-4a6e-bc6f-7e8489e03eb1;417.03;2.235;UNKNOWN
2016-03-31T04:39:41.000000;2016-03-31T04:39:41.000000;8f15949a-1497-4b5e-8c6c-5d19c7536543;417.03;1.8396;UNKNOWN
2016-03-31T04:39:41.000000;2016-03-31T04:39:41.000000;072a13b1-1ba0-44be-861c-6e2cc05f8f69;417.19;3.09955;UNKNOWN
2016-03-31T04:39:43.000000;2016-03-31T04:39:43.000000;c518996b-988f-43e0-b761-6b0085398ff9;417.19;1.31085;UNKNOWN
2016-03-31T04:39:44.000000;2016-03-31T04:39:44.000000;7d5d043d-8c4f-4d22-8edd-4e880b3ea3d5;417.19;3.43915;UNKNOWN
2016-03-31T04:39:45.000000;2016-03-31T04:39:45.000000;527e835f-2b4a-4105-9706-bcb29bd42023;417.19;1.49948;UNKNOWN
2016-03-31T04:39:46.000000;2016-03-31T04:39:46.000000;a4ce97a3-3596-4198-bf71-81c53f3ff5aa;417.19;1.0075;UNKNOWN
2016-03-31T04:39:47.000000;2016-03-31T04:39:47.000000;e4f39552-c072-4704-af9c-ba5108edb0cc;417.23;2.29275;UNKNOWN
2016-03-31T04:39:47.000000;2016-03-31T04:39:47.000000;c199d600-459f-49e5-87cf-8d4c7612adc2;417.19;2.80027;UNKNOWN
2016-03-31T04:39:48.000000;2016-03-31T04:39:48.000000;2f535c42-b6e0-41c0-8d2d-dc8ce13a0b05;417.2;1.08698;UNKNOWN
2016-03-31T04:39:50.000000;2016-03-31T04:39:50.000000;da0ac871-aaaa-4677-a21c-1650898c32f6;417.2;1.0075;UNKNOWN
2016-03-31T04:39:52.000000;2016-03-31T04:39:52.000000;e03f3f3c-c6b8-4ecd-9695-36539efc6e74;417.2;6.86378;UNKNOWN
2016-03-31T04:39:53.000000;2016-03-31T04:39:53.000000;00cf77b6-e1b2-483c-84e6-35bff7ede341;417.2;3.13622;UNKNOWN
2016-03-31T04:39:54.000000;2016-03-31T04:39:54.000000;3a6100c0-83b8-41ec-9ba1-c7301c8b2ea7;417.2;0.0474;UNKNOWN
2016-03-31T04:39:56.000000;2016-03-31T04:39:56.000000;5834dfb4-acb2-45a3-996b-7c74f69d4aec;417.2;0.065;UNKNOWN
2016-03-31T04:39:57.000000;2016-03-31T04:39:57.000000;dace5357-6a81-44b1-b5bd-c5f0d2761573;417.2;0.01112758;UNKNOWN
2016-03-31T04:39:58.000000;2016-03-31T04:39:58.000000;fc50baa9-aa43-4451-a1b3-a7915c0ca298;417.2;0.0305;UNKNOWN
2016-03-31T04:39:59.000000;2016-03-31T04:39:59.000000;215ed0d8-21de-4f40-b989-aad19a8ae9c9;417.23;1.66287116;UNKNOWN
2016-03-31T04:39:59.000000;2016-03-31T04:39:59.000000;20aeba9a-4ba5-4163-9bd7-df01eeac9831;417.2;0.65149242;UNKNOWN
2016-03-31T04:39:59.000000;2016-03-31T04:39:59.000000;7efe0684-63d7-4b8f-848d-3a61cffba2e7;417.23;2.43160828;UNKNOWN
2016-03-31T04:40:01.000000;2016-03-31T04:40:01.000000;23544711-0be2-4947-818c-00e3348d48d9;417.23;0.21240056;UNKNOWN
2016-03-31T04:40:02.000000;2016-03-31T04:40:02.000000;b4c5ec66-7ec8-40c4-ac7d-1269cb7a18c5;417.23;0.0246;UNKNOWN
2016-03-31T04:40:03.000000;2016-03-31T04:40:03.000000;07336f05-50e8-498a-b752-64bc378055c9;417.23;0.065;UNKNOWN
2016-03-31T04:40:04.000000;2016-03-31T04:40:04.000000;917130e5-8940-464a-bc6c-ab45407404cb;417.22;2.435;UNKNOWN
2016-03-31T04:40:05.000000;2016-03-31T04:40:05.000000;821e787d-b8dd-4aa2-8f6e-c39c794ca90c;417.22;2.565;UNKNOWN
2016-03-31T04:40:07.000000;2016-03-31T04:40:07.000000;684d0645-73b9-438a-a25d-a9031f6fd7fa;417.22;0.05393005;UNKNOWN
2016-03-31T04:40:08.000000;2016-03-31T04:40:08.000000;57b2e58f-aebf-4f52-a9f3-2db9c196bb03;417.22;0.03738011;UNKNOWN
2016-03-31T04:40:09.000000;2016-03-31T04:40:09.000000;f6aebd44-b5c5-44d4-8854-e213a6da1b82;417.22;0.984;UNKNOWN
2016-03-31T04:40:10.000000;2016-03-31T04:40:10.000000;686f77af-b420-4873-b1bb-ee58a543d510;417.22;0.47107;UNKNOWN
2016-03-31T04:40:11.000000;2016-03-31T04:40:11.000000;cae8c855-674b-4d59-9743-e3eac116bdd9;417.24;0.065;UNKNOWN
2016-03-31T04:40:13.000000;2016-03-31T04:40:13.000000;9cf1ac27-38dc-44e5-83db-f3115b4f1c98;417.24;0.70616637;UNKNOWN
2016-03-31T04:40:14.000000;2016-03-31T04:40:14.000000;b34f6d9a-1d83-4a91-8e61-1031b32b5e12;417.24;0.70616637;UNKNOWN
2016-03-31T04:40:15.000000;2016-03-31T04:40:15.000000;bfe0ec62-04fc-4da5-9aa4-a1cdf4d4c534;417.24;2.0;UNKNOWN
2016-03-31T04:40:16.000000;2016-03-31T04:40:16.000000;f9ca70ec-6d77-4044-b3a8-d564cbbb057d;417.24;0.121;UNKNOWN
2016-03-31T04:40:17.000000;2016-03-31T04:40:17.000000;9b36dfd8-f7f6-412b-80a6-f28ad42be555;417.24;0.121;UNKNOWN
2016-03-31T04:40:19.000000;2016-03-31T04:40:19.000000;d9171854-b6a4-4ad6-8966-984cda669dbe;417.23;4.2709;UNKNOWN
2016-03-31T04:40:20.000000;2016-03-31T04:40:20.000000;057cec30-12aa-4030-97c0-dad6a0c34e70;417.26;0.055;UNKNOWN
2016-03-31T04:40:20.000000;2016-03-31T04:40:20.000000;a6b20ce2-1edc-4dfc-91b6-aa864545d85e;417.31;1.9241;UNKNOWN
2016-03-31T04:40:21.000000;2016-03-31T04:40:21.000000;0bd3e05a-179d-4d0b-94b9-e2b30a18989f;417.31;0.25669072;UNKNOWN
2016-03-31T04:40:24.000000;2016-03-31T04:40:24.000000;423d4bdc-6530-43ee-9e3a-b5d228b49b9e;417.31;4.75680646;UNKNOWN
2016-03-31T04:40:24.000000;2016-03-31T04:40:24.000000;31d42edf-6e09-435e-8f25-2963ec89034a;417.31;2.50623325;UNKNOWN
2016-03-31T04:40:25.000000;2016-03-31T04:40:25.000000;a9d4ce4f-d2a3-4859-bf3b-aa3be63f96e4;417.33;1.36710646;UNKNOWN
2016-03-31T04:40:25.000000;2016-03-31T04:40:25.000000;405b8325-c2c2-4370-b6ad-c61d990ddfbd;417.31;7.63289354;UNKNOWN
2016-03-31T04:40:26.000000;2016-03-31T04:40:26.000000;472ce49a-3af4-455d-b657-95ebcd276eee;417.33;0.10989783;UNKNOWN
2016-03-31T04:40:27.000000;2016-03-31T04:40:27.000000;f75035ca-716d-42c4-bdfe-fd67e703ec0a;417.34;1.80510217;UNKNOWN
2016-03-31T04:40:28.000000;2016-03-31T04:40:28.000000;a053e655-32b6-4174-be43-f1a7226ffacd;417.34;1.0;UNKNOWN
2016-03-31T04:40:30.000000;2016-03-31T04:40:30.000000;1dea997d-5ad7-4285-bc0e-f232ab9bd4c8;417.34;5.0;UNKNOWN
2016-03-31T04:40:31.000000;2016-03-31T04:40:31.000000;59f46b88-3cb3-4b20-8359-5fdd145d8c06;417.34;2.0;UNKNOWN
2016-03-31T04:40:32.000000;2016-03-31T04:40:32.000000;321dee02-5c5c-449a-9154-e783df7f1ed3;417.4;1.65410217;UNKNOWN
2016-03-31T04:40:32.000000;2016-03-31T04:40:32.000000;9aca05ca-de9d-428f-8ae2-d724adb46b7a;417.34;2.34589783;UNKNOWN
2016-03-31T04:40:33.000000;2016-03-31T04:40:33.000000;24c83ca7-f1df-4fa4-a457-861c6bf77e90;417.4;4.0;UNKNOWN
2016-03-31T04:40:34.000000;2016-03-31T04:40:34.000000;780f445a-30cc-4b32-8dc9-d061b0e4810a;417.4;5.0;UNKNOWN
2016-03-31T04:40:35.000000;2016-03-31T04:40:35.000000;95035eed-664d-4a8f-a179-a50535fcc9e8;417.4;0.0809325;UNKNOWN
2016-03-31T04:40:36.000000;2016-03-31T04:40:36.000000;4fc61118-d6ae-45a8-9516-a2ab181c7f1f;417.46;2.9386325;UNKNOWN
2016-03-31T04:40:36.000000;2016-03-31T04:40:36.000000;9feaf05b-4542-464a-aee8-46a8317f587c;417.4;3.8613675;UNKNOWN
2016-03-31T04:40:38.000000;2016-03-31T04:40:38.000000;c0549134-5955-43d9-ac0f-1f60e975c5f7;417.45;7.8211054;UNKNOWN
2016-03-31T04:40:38.000000;2016-03-31T04:40:38.000000;44c94623-c217-4dab-aa95-0432506bf12a;417.45;2.35648977;UNKNOWN
2016-03-31T04:40:40.000000;2016-03-31T04:40:40.000000;3de53701-cebb-4ac6-bb5d-255751233440;417.45;0.82240483;UNKNOWN
2016-03-31T04:40:42.000000;2016-03-31T04:40:42.000000;b4356201-c41d-48ec-ab57-a15efe03e024;417.45;0.2035946;UNKNOWN
2016-03-31T04:40:43.000000;2016-03-31T04:40:43.000000;d546e3cc-7d84-4448-b90c-168b15418952;417.45;0.4;UNKNOWN
2016-03-31T04:40:44.000000;2016-03-31T04:40:44.000000;b981a839-d041-4d39-affe-517207c5b134;417.46;0.0641946;UNKNOWN
2016-03-31T04:40:44.000000;2016-03-31T04:40:44.000000;d7740cb9-bfdd-4553-bc4c-b168c92a97f0;417.45;0.2358054;UNKNOWN
2016-03-31T04:40:45.000000;2016-03-31T04:40:45.000000;48de8915-b0a1-4ca9-9961-d013bcb25426;417.46;0.3;UNKNOWN
2016-03-31T04:40:46.000000;2016-03-31T04:40:46.000000;f982b412-3bee-40cb-9c7a-5f14c14de781;417.46;2.89;UNKNOWN
2016-03-31T04:40:46.000000;2016-03-31T04:40:46.000000;8629911d-25cc-485b-87eb-ab9070e7e892;417.41;0.01;UNKNOWN
2016-03-31T04:40:48.000000;2016-03-31T04:40:48.000000;a39fa1f8-697e-4224-9681-8f80201689d1;417.41;0.01;UNKNOWN
2016-03-31T04:40:48.000000;2016-03-31T04:40:48.000000;94fb6401-83cd-4f49-aaaf-d3e5700f07ae;417.46;2.55782958;UNKNOWN
2016-03-31T04:40:48.000000;2016-03-31T04:40:48.000000;f08847af-c63f-4592-9842-d35cb40351d7;417.46;1.43217042;UNKNOWN
2016-03-31T04:40:49.000000;2016-03-31T04:40:49.000000;8f4ecf98-4625-4d59-9979-f4398ecd2650;417.4;0.01;UNKNOWN
2016-03-31T04:40:49.000000;2016-03-31T04:40:49.000000;b2438022-1b01-4a3b-8946-4d0f1ef5caa6;417.46;0.03773;UNKNOWN
2016-03-31T04:40:50.000000;2016-03-31T04:40:50.000000;c51d490d-e179-4851-9d17-96f94e8800a3;417.46;0.6587;UNKNOWN
2016-03-31T04:40:51.000000;2016-03-31T04:40:51.000000;9ac44b9b-96e5-4f9d-8c9d-8852f703379e;417.43;0.01;UNKNOWN
2016-03-31T04:40:51.000000;2016-03-31T04:40:51.000000;eb532248-425c-4106-a3a8-9a541a734aba;417.46;0.5354562;UNKNOWN
2016-03-31T04:40:54.000000;2016-03-31T04:40:54.000000;0f8cf4b3-ae86-4e55-b9d7-2d585770442e;417.45;0.01;UNKNOWN
2016-03-31T04:40:54.000000;2016-03-31T04:40:54.000000;190dfe60-8d07-4563-9360-7051720c76ed;417.46;0.15205073;UNKNOWN
2016-03-31T04:40:55.000000;2016-03-31T04:40:55.000000;d3c82023-7574-48de-8be9-118b3189cfe6;417.46;3.55958639;UNKNOWN
2016-03-31T04:40:57.000000;2016-03-31T04:40:57.000000;00ad0d60-9e30-4a31-8b92-2e93d7c143b6;417.46;0.45;UNKNOWN
2016-03-31T04:40:58.000000;2016-03-31T04:40:58.000000;5d711020-8169-48e3-9003-6613c4a02874;417.46;1.4288529;UNKNOWN
2016-03-31T04:40:58.000000;2016-03-31T04:40:58.000000;37eda923-dbd0-4c6c-ba24-bd5eda5cb634;417.46;3.5711471;UNKNOWN
2016-03-31T04:40:59.000000;2016-03-31T04:40:59.000000;4723c9dd-2e09-453e-ae04-a6f59128f393;417.46;3.25767684;UNKNOWN
2016-03-31T04:40:59.000000;2016-03-31T04:40:59.000000;aa7a1af8-ef04-431e-bd32-31aad693c90f;417.47;1.74232316;UNKNOWN
2016-03-31T04:41:01.000000;2016-03-31T04:41:01.000000;0eee9447-089e-439c-a65b-7f18ce8a0096;417.5;0.91679342;UNKNOWN
2016-03-31T04:41:01.000000;2016-03-31T04:41:01.000000;b9987590-b750-4839-9db9-582f308c84a0;417.47;2.94420658;UNKNOWN
2016-03-31T04:41:01.000000;2016-03-31T04:41:01.000000;9de6183d-5c38-4b53-93c7-2fd41385dce2;417.5;0.14;UNKNOWN
2016-03-31T04:41:02.000000;2016-03-31T04:41:02.000000;471383f7-38b4-42e0-93eb-44bd0b6e71b0;417.47;2.9;UNKNOWN
2016-03-31T04:41:03.000000;2016-03-31T04:41:03.000000;9f751bcc-b59e-47d7-ba58-f7126c62b40e;417.47;3.02905;UNKNOWN
2016-03-31T04:41:04.000000;2016-03-31T04:41:04.000000;5d9ef317-eb80-480c-828c-48420f6689f6;417.47;0.99095;UNKNOWN
2016-03-31T04:41:05.000000;2016-03-31T04:41:05.000000;310ab859-9cb6-4be9-af67-950eac56fe84;417.47;1.75;UNKNOWN
2016-03-31T04:41:07.000000;2016-03-31T04:41:07.000000;415b6ec2-34d6-4c47-85b5-4146df1a2393;417.5;1.15;UNKNOWN
2016-03-31T04:41:09.000000;2016-03-31T04:41:09.000000;69a5129c-5204-418e-9f1f-d2d3fe6802e9;417.5;0.04776;UNKNOWN
2016-03-31T04:41:11.000000;2016-03-31T04:41:11.000000;65ab4186-749c-40a4-a7e8-5ec05466e17d;417.5;0.88544658;UNKNOWN
2016-03-31T04:41:11.000000;2016-03-31T04:41:11.000000;79dd6119-f961-4538-8ffd-3a2df232efff;417.55;0.11455342;UNKNOWN
2016-03-31T04:41:12.000000;2016-03-31T04:41:12.000000;8df7c88e-0a1d-4ca7-b72c-67e4d26b6f16;417.54;0.959;UNKNOWN
2016-03-31T04:41:13.000000;2016-03-31T04:41:13.000000;0d774048-85d4-450b-ba3e-7808ab418a17;417.54;1.6;UNKNOWN
2016-03-31T04:41:13.000000;2016-03-31T04:41:13.000000;d9a3b475-9341-4666-8993-a198f960a68d;417.47;2.4;UNKNOWN
2016-03-31T04:41:14.000000;2016-03-31T04:41:14.000000;45f53243-2c78-44c9-b6b2-746941e31ead;417.54;0.285;UNKNOWN
2016-03-31T04:41:16.000000;2016-03-31T04:41:16.000000;a14c639c-76f7-4f31-9775-0b4b9b3c655f;417.54;1.84236502;UNKNOWN
2016-03-31T04:41:16.000000;2016-03-31T04:41:16.000000;ee97163d-aca3-4334-9c4f-512553d263f9;417.54;1.90263498;UNKNOWN
2016-03-31T04:41:17.000000;2016-03-31T04:41:17.000000;1a4fe7b3-cada-4f96-a436-bd2a9f0955ba;417.54;4.03;UNKNOWN
2016-03-31T04:41:17.000000;2016-03-31T04:41:17.000000;70687742-e57a-43a0-a01d-426ad9793bb2;416.8;0.72162758;UNKNOWN
2016-03-31T04:41:19.000000;2016-03-31T04:41:19.000000;2af3d200-5fed-43c2-ab72-464fbcf72c72;417.54;4.0;UNKNOWN
2016-03-31T04:41:20.000000;2016-03-31T04:41:20.000000;bb3cb539-1b15-4cbc-a503-3017f15de130;417.53;4.0;UNKNOWN
2016-03-31T04:41:21.000000;2016-03-31T04:41:21.000000;993aa34e-813d-468c-8bb6-c0f73fcd0f05;417.61;2.0;UNKNOWN
2016-03-31T04:41:23.000000;2016-03-31T04:41:23.000000;dd4bf7e8-afd8-477a-bff8-2edf8970c1e4;417.61;2.0;UNKNOWN
2016-03-31T04:41:27.000000;2016-03-31T04:41:27.000000;5eb358d5-16a0-439d-b43a-8e9546700f63;417.6;2.9956;UNKNOWN
2016-03-31T04:41:28.000000;2016-03-31T04:41:28.000000;2f3c10ef-9842-4c1b-80a4-6b59064f5147;417.6;3.0044;UNKNOWN
2016-03-31T04:41:29.000000;2016-03-31T04:41:29.000000;2e65aed0-c6b8-49d6-be57-f343b69c800c;417.6;4.0;UNKNOWN
2016-03-31T04:41:34.000000;2016-03-31T04:41:34.000000;ac77ec3e-8cfa-4cbc-930a-a5bb80950144;417.59;0.5;UNKNOWN
2016-03-31T04:41:36.000000;2016-03-31T04:41:36.000000;0fcb38f2-b4f8-452c-9567-64e1f6d97f0e;417.59;0.3953225;UNKNOWN
2016-03-31T04:41:36.000000;2016-03-31T04:41:36.000000;c469c222-9e55-499e-9bf0-e254133f69b8;416.8;0.58850064;UNKNOWN
2016-03-31T04:41:37.000000;2016-03-31T04:41:37.000000;c18fcb51-1c60-4421-9a53-ba3dd1b789c9;417.45;0.8046775;UNKNOWN
2016-03-31T04:41:41.000000;2016-03-31T04:41:41.000000;1f91d4f6-5c96-466b-826a-99c13e4ccd26;417.44;0.04;UNKNOWN
2016-03-31T04:41:45.000000;2016-03-31T04:41:45.000000;3ed00a54-23b9-4d59-a5d1-b538ba788f4d;417.44;0.34745;UNKNOWN
2016-03-31T04:41:47.000000;2016-03-31T04:41:47.000000;40f821b4-137a-4e8d-a62d-721f70a8e1ef;417.44;0.34745;UNKNOWN
2016-03-31T04:41:53.000000;2016-03-31T04:41:53.000000;bbae2a66-1b07-431d-a2e8-72e2dcbec2f9;417.44;13.9832;UNKNOWN
2016-03-31T04:41:53.000000;2016-03-31T04:41:53.000000;cf63510e-ee5d-4191-b8f4-386b5e525f5b;417.47;13.5393;UNKNOWN
2016-03-31T04:41:53.000000;2016-03-31T04:41:53.000000;9b8dbba2-fc3c-4ef3-9e0a-a9bb5d86ce2d;417.44;5.16725;UNKNOWN
2016-03-31T04:41:53.000000;2016-03-31T04:41:53.000000;4e621631-4818-4dce-b8be-0a68fec60aa4;417.44;0.04745;UNKNOWN
2016-03-31T04:41:53.000000;2016-03-31T04:41:53.000000;df9dcd37-f0a2-4d00-b1e7-eccbe339cda5;417.64;3.30779653;UNKNOWN
