time_exchange;time_coinpai;guid;price;base_amount;taker_side
2016-04-07T00:02:14.000000;2016-04-07T00:02:14.820000;ef5e1ca4-a53e-4fa2-b18f-8f5be22c01d7;10.692;25.0;SELL
2016-04-07T00:02:23.000000;2016-04-07T00:02:23.413000;90581b33-00f4-443f-8055-4ae3311a40c6;10.692;25.0;SELL
2016-04-07T00:02:25.000000;2016-04-07T00:02:25.523000;31f3de75-ba94-488e-85f0-f4fdf6ad92b4;10.62;25.0;SELL
2016-04-07T00:10:52.000000;2016-04-07T00:10:52.650000;35d9e9ab-69d5-47ad-a43b-0aea3b77819e;10.691;55.3235;SELL
2016-04-07T00:11:57.000000;2016-04-07T00:11:57.087000;4a61da99-0c8b-46c5-ac4d-76af5ae3d69a;10.71;19.06663486;BUY
2016-04-07T00:32:45.000000;2016-04-07T00:32:45.160000;acf3dbaf-1402-44d9-b998-d4c8150273ad;10.647;0.11585185;SELL
2016-04-07T00:44:46.000000;2016-04-07T00:44:46.863000;808b77ca-2309-4023-a0e8-1f26a86c812c;10.699;0.1;BUY
2016-04-07T00:44:46.000000;2016-04-07T00:44:46.873000;e0d6e5f2-8968-43f7-8936-9f7e29b17bd1;10.7;19.9;BUY
2016-04-07T00:47:26.000000;2016-04-07T00:47:26.807000;4fd438f4-5657-42e4-96bb-96f9a08eb9b2;10.7;1.0;BUY
2016-04-07T00:47:27.000000;2016-04-07T00:47:27.117000;e717f1be-bc00-41c1-911c-286b17b78cbc;10.7;1.0;BUY
2016-04-07T00:47:27.000000;2016-04-07T00:47:27.397000;4790c6f8-64a6-4a3c-b15f-14f6ebd0ea37;10.7;1.0;BUY
2016-04-07T00:47:43.000000;2016-04-07T00:47:43.510000;dd4fd208-7b2b-482e-bb65-ad9cdac43dba;10.7;7.1;BUY
2016-04-07T00:47:43.000000;2016-04-07T00:47:43.530000;51bab42e-a1db-4120-a2c4-dc134fedc08a;10.71;0.9;BUY
2016-04-07T00:47:56.000000;2016-04-07T00:47:56.407000;ff5aff0a-5e49-4c49-8daf-55e6d93e569a;10.71;5.0;BUY
2016-04-07T00:48:12.000000;2016-04-07T00:48:12.857000;94b201e2-4b4d-433e-bf43-8db92c7591ff;10.71;5.0;BUY
2016-04-07T00:48:23.000000;2016-04-07T00:48:23.657000;4fb3a237-80c4-4dc4-b245-7a19d25eec8b;10.71;5.0;BUY
2016-04-07T00:48:30.000000;2016-04-07T00:48:30.890000;feecdbb8-c039-40c7-9c85-a415d44af4c8;10.71;5.0;BUY
2016-04-07T00:48:43.000000;2016-04-07T00:48:43.687000;811f23f5-a4dc-44ac-a8b0-5b0f0d7d8c4d;10.71;5.0;BUY
2016-04-07T00:48:50.000000;2016-04-07T00:48:50.993000;14a92fdc-0d99-40f6-b80d-95c61b058b88;10.71;5.0;BUY
2016-04-07T00:49:32.000000;2016-04-07T00:49:32.687000;fc3d15d6-3f87-4401-95ad-e31d75412063;10.71;5.0;BUY
2016-04-07T00:50:03.000000;2016-04-07T00:50:03.853000;efe7ea39-117e-4988-a190-f508ef6d23be;10.72;5.0;BUY
2016-04-07T00:50:10.000000;2016-04-07T00:50:10.273000;7a5d77a4-47a2-457c-b50e-388c9bad23e9;10.72;5.0;BUY
2016-04-07T00:50:48.000000;2016-04-07T00:50:48.233000;c2f925b2-fe66-4bff-94e7-69c4e64d0ed1;10.711;0.112;SELL
2016-04-07T00:50:55.000000;2016-04-07T00:50:55.503000;67b5f387-4981-4076-a451-3678d6209318;10.72;5.0;BUY
2016-04-07T00:56:22.000000;2016-04-07T00:56:22.063000;bea9a91b-a3e6-4019-89cf-c7eef75d61d5;10.72;15.0;BUY
2016-04-07T00:56:22.000000;2016-04-07T00:56:22.073000;3ff45739-1351-4496-a7b6-57ff78eac61b;10.72;15.0;BUY
2016-04-07T01:03:00.000000;2016-04-07T01:03:00.073000;418ebe65-d4b1-44fd-9ddd-07e550746c6f;10.718;19.06663486;BUY
2016-04-07T01:03:00.000000;2016-04-07T01:03:00.680000;0966f7d3-cd92-4943-ad3c-5130672bb29d;10.718;19.06663486;BUY
2016-04-07T01:03:00.000000;2016-04-07T01:03:00.963000;72e82967-05af-4986-b8f1-1b02321157ef;10.718;17.07023028;BUY
2016-04-07T01:03:05.000000;2016-04-07T01:03:05.527000;467d05f6-d381-47dc-b54e-3594f9f093b4;10.72;1.99640458;BUY
2016-04-07T01:03:48.000000;2016-04-07T01:03:48.250000;ec3296b8-6c20-4e7a-9a0b-19717653faab;10.718;0.17939981;SELL
2016-04-07T01:09:03.000000;2016-04-07T01:09:03.210000;20e1f3e6-883e-421d-8f4a-be5595dbfd57;10.72;8.0;BUY
2016-04-07T01:09:16.000000;2016-04-07T01:09:16.443000;170d49a9-45cb-46b1-82a6-bfed41dec033;10.72;0.00359542;BUY
2016-04-07T01:09:16.000000;2016-04-07T01:09:16.457000;4abbe221-d46d-4e7d-b54c-d5fd9d427895;10.731;0.99640458;BUY
2016-04-07T01:09:37.000000;2016-04-07T01:09:37.807000;e3efd661-f83f-41b9-a98e-27aee3b87b50;10.731;3.0;BUY
2016-04-07T01:14:03.000000;2016-04-07T01:14:03.873000;1f284094-ca0f-46c5-bcb9-e774fab0e668;10.731;1.0;BUY
2016-04-07T01:17:23.000000;2016-04-07T01:17:23.757000;680f3d1c-6956-448b-9ba6-9e989837d8cb;10.731;8.9071;BUY
2016-04-07T02:16:30.000000;2016-04-07T02:16:30.723000;a4767d33-bf15-41f7-802b-c2e4cd796093;10.708;1.02690716;BUY
2016-04-07T02:37:22.000000;2016-04-07T02:37:22.337000;e2c61bc9-f982-4678-a960-66e768188c3a;10.708;0.3503;BUY
2016-04-07T02:37:43.000000;2016-04-07T02:37:43.903000;afa0332f-cff7-4410-b9b6-5f86a9b54ba9;10.686;1.57692124;SELL
2016-04-07T03:44:22.000000;2016-04-07T03:44:22.097000;14f46703-6d66-4df9-8871-9a4e05c7f161;10.691;55.5351;SELL
2016-04-07T03:59:29.000000;2016-04-07T03:59:29.637000;6794fb76-7de5-4afc-a76d-fd9c6609cd04;10.691;2.19538;SELL
2016-04-07T04:13:44.000000;2016-04-07T04:13:44.363000;a4869b50-4c17-45bf-8c8c-e6e058656244;10.691;0.11152686;SELL
2016-04-07T04:21:01.000000;2016-04-07T04:21:01.703000;6e0f0e27-8425-4c65-97c7-c7c4522d2988;10.703;55.3956;BUY
2016-04-07T04:21:01.000000;2016-04-07T04:21:01.710000;e403b197-ac67-4475-98c5-93cc895d9ad8;10.75;30.27364604;BUY
2016-04-07T04:21:01.000000;2016-04-07T04:21:02.010000;f6194268-65ef-4784-8958-d326f8b9302f;10.75;2.85890617;SELL
2016-04-07T04:21:02.000000;2016-04-07T04:21:02.123000;2474f008-99d0-41ab-af01-1f8d913fef42;10.75;32.26886366;SELL
2016-04-07T04:21:02.000000;2016-04-07T04:21:02.627000;b10b1f36-e54e-42df-adb6-863c0960b058;10.75;14.90208413;SELL
2016-04-07T04:21:10.000000;2016-04-07T04:21:10.190000;6de0cfde-ad35-442e-87b3-acc857094614;10.738;0.2422;BUY
2016-04-07T04:36:45.000000;2016-04-07T04:36:45.080000;cb5a2994-138d-4602-824d-2e6e8bc9ff41;10.713;55.355;BUY
2016-04-07T04:38:12.000000;2016-04-07T04:38:12.757000;3725ce91-a090-4db1-916c-3a3c14b12df8;10.726;56.0278;BUY
2016-04-07T04:38:12.000000;2016-04-07T04:38:12.770000;eb91ea53-7502-42cc-ba38-848258b5b05f;10.75;23.54848235;BUY
2016-04-07T04:38:12.000000;2016-04-07T04:38:12.773000;b3366f78-152a-47d1-bc3b-9c689a1dea3b;10.751;0.85;BUY
2016-04-07T04:38:12.000000;2016-04-07T04:38:12.807000;80ab84d8-9c60-4fdf-ac90-f9ed16eac353;10.767;0.3503;BUY
2016-04-07T04:38:12.000000;2016-04-07T04:38:12.807000;d0c92bf8-c7cc-4f37-92f0-03c32212c16c;10.77;6.54712949;BUY
2016-04-07T04:38:12.000000;2016-04-07T04:38:12.807000;16e24439-d628-4566-b727-be4df7a37fdf;10.78;8.09100558;BUY
2016-04-07T04:38:12.000000;2016-04-07T04:38:12.807000;c40aa7ed-d6ac-441e-9c63-250b8fcc6a33;10.78;8.09845456;BUY
2016-04-07T04:38:12.000000;2016-04-07T04:38:12.807000;46859663-970a-4d67-a4dc-14cf239e4531;10.847;46.48682802;BUY
2016-04-07T04:52:28.000000;2016-04-07T04:52:28.330000;ac92dca9-97a4-4814-a5ee-383aef384106;10.727;9.41003414;BUY
2016-04-07T04:52:28.000000;2016-04-07T04:52:28.940000;72477ad5-f68a-47de-8547-964420b4b201;10.727;10.0;BUY
2016-04-07T06:43:54.000000;2016-04-07T06:43:54.397000;af24451b-e8fd-4fbe-8449-7f1d1ef05c21;10.73;0.3503;BUY
2016-04-07T06:46:19.000000;2016-04-07T06:46:19.210000;4e00c1c4-ff8c-498b-940b-ae99d0f21a01;10.712;2.0114919;SELL
2016-04-07T06:57:44.000000;2016-04-07T06:57:44.710000;5b73b07d-e7a6-401c-ae28-4ae674d747b9;10.712;1.1685;SELL
2016-04-07T07:02:00.000000;2016-04-07T07:02:00.780000;4f15148f-74cf-464a-a42d-161f972e1d5d;10.712;23.67464169;SELL
2016-04-07T07:02:01.000000;2016-04-07T07:02:01.283000;199de42d-4248-4ae7-8209-c5750c55372c;10.712;21.01461867;SELL
2016-04-07T08:07:46.000000;2016-04-07T08:07:46.890000;3f3ce3b2-ee3c-4e41-9620-dbe7020a0d4c;10.72;10.0;BUY
2016-04-07T09:13:05.000000;2016-04-07T09:13:05.700000;8674499a-6045-4753-92d8-04612ccc7c97;10.665;55.5041;BUY
2016-04-07T09:13:05.000000;2016-04-07T09:13:05.707000;ea0e922a-d45a-4c99-8139-e27af6f5e14b;10.698;23.66294523;BUY
2016-04-07T09:13:05.000000;2016-04-07T09:13:05.707000;34543de8-c281-42b9-bc36-b019bf3265fe;10.699;20.83295477;BUY
2016-04-07T09:26:10.000000;2016-04-07T09:26:10.153000;44445725-0d73-4495-8714-4e151c209c62;10.62;8.85019984;SELL
2016-04-07T09:26:10.000000;2016-04-07T09:26:10.160000;1bb82236-0bfe-44d8-a5b1-d3c8bb0e00f2;10.62;30.0;SELL
2016-04-07T09:26:10.000000;2016-04-07T09:26:10.173000;ca2cbf46-c84d-489b-aec5-d01ce43af556;10.6;1.14980016;SELL
2016-04-07T09:26:16.000000;2016-04-07T09:26:16.307000;471eb068-b2ec-4901-bcdd-b419b129f8b8;10.6;8.8892858;SELL
2016-04-07T09:26:16.000000;2016-04-07T09:26:16.367000;869d06a2-aa33-41e5-a6b2-5ae126ac22a2;10.6;4.99;SELL
2016-04-07T09:33:47.000000;2016-04-07T09:33:48.003000;3230e742-8004-4a73-ad72-ee962fa5e9a9;10.629;1.0;BUY
2016-04-07T09:34:00.000000;2016-04-07T09:34:00.280000;6c70d944-4370-42cc-98bf-23df60f0fa20;10.629;35.8431;BUY
2016-04-07T09:34:15.000000;2016-04-07T09:34:15.373000;908d0819-eac4-41e4-978b-edd89e8c817c;10.689;5.0;BUY
2016-04-07T09:34:23.000000;2016-04-07T09:34:23.437000;577f9d47-d53e-4eff-ac6b-85b4be766e5d;10.685;5.0;BUY
2016-04-07T09:34:25.000000;2016-04-07T09:34:25.863000;947b2200-d225-4186-b1b7-6e8ee80d2fc0;10.685;5.0;BUY
2016-04-07T09:34:43.000000;2016-04-07T09:34:43.703000;4be6478a-4b3d-4a0b-8261-db78c5eadaa5;10.675;15.0;BUY
2016-04-07T09:36:01.000000;2016-04-07T09:36:01.633000;c5e4ee9e-9322-47bc-a2d6-fcf4052c8dcd;10.691;15.0;BUY
2016-04-07T10:10:59.000000;2016-04-07T10:10:59.607000;a88ac54d-a77e-4c52-a112-b799ed00bb07;10.65;0.56411644;BUY
2016-04-07T10:10:59.000000;2016-04-07T10:10:59.617000;34ce48de-e84f-4684-acf5-fb41a29b45a9;10.675;4.43588356;BUY
2016-04-07T10:10:59.000000;2016-04-07T10:10:59.623000;3002d496-86fb-4e64-9558-2c71907ca1c2;10.675;5.0;BUY
2016-04-07T10:11:10.000000;2016-04-07T10:11:10.877000;edacbc45-d346-4161-8432-35f57aaa2df9;10.674;5.0;BUY
2016-04-07T10:21:38.000000;2016-04-07T10:21:38.127000;9b33d593-fe1f-434e-9413-07de69792583;10.61;1.09769;SELL
2016-04-07T10:22:58.000000;2016-04-07T10:22:58.977000;0412b9d2-6e3a-4423-b8ff-f0ca328bee18;10.61;2.13114194;SELL
2016-04-07T10:23:02.000000;2016-04-07T10:23:02.467000;f339a1da-6b65-4f66-822b-ce5df7c81425;10.61;0.67696806;SELL
2016-04-07T10:23:34.000000;2016-04-07T10:23:34.513000;507b33f8-b338-4bb0-91e5-e30fd8f205e6;10.6;0.99464;SELL
2016-04-07T10:24:05.000000;2016-04-07T10:24:05.833000;bd09fa40-407f-4bac-96da-09e6e7252d78;10.6;23.92101552;SELL
2016-04-07T10:24:06.000000;2016-04-07T10:24:06.720000;85235707-1b5b-4377-b13b-ad5aa02f78ae;10.6;7.47150472;SELL
2016-04-07T10:24:46.000000;2016-04-07T10:24:46.567000;b3ef3ff3-282a-4b3e-a43d-4078e42a8e1b;10.603;23.87494937;BUY
2016-04-07T10:24:46.000000;2016-04-07T10:24:46.570000;896eb984-8e94-4306-9f55-9fce0aa29472;10.61;1.45417388;BUY
2016-04-07T10:24:46.000000;2016-04-07T10:24:46.573000;e4ded9b9-21d2-47a9-bc98-2fbb261f4665;10.61;0.40564171;BUY
2016-04-07T10:24:46.000000;2016-04-07T10:24:46.607000;98806743-6c77-4fca-aea2-0c5dd3fcba9f;10.618;0.26523504;BUY
2016-04-07T10:24:56.000000;2016-04-07T10:24:56.740000;15e883a4-fb74-4ab4-a89a-ca00432af554;10.604;23.87270731;BUY
2016-04-07T10:24:56.000000;2016-04-07T10:24:56.743000;bfe2fb6d-499c-45d4-b828-99fb7d0d49a9;10.605;4.12729269;BUY
2016-04-07T10:24:58.000000;2016-04-07T10:24:58.140000;5a1dd488-f1c1-4b89-80cf-9c42dcabec4b;10.6;0.39830604;SELL
2016-04-07T10:24:58.000000;2016-04-07T10:24:58.210000;76c5ccd5-ec17-4cfb-9827-b143275c88fb;10.6;0.39830604;SELL
2016-04-07T10:24:58.000000;2016-04-07T10:24:58.833000;cae1eec1-d9b2-4d89-ba75-d60cf71b954f;10.6;0.39902443;SELL
2016-04-07T10:24:59.000000;2016-04-07T10:24:59.127000;f882daa7-5fe0-424a-9270-3081b4f37c9a;10.6;0.39902443;SELL
2016-04-07T10:25:00.000000;2016-04-07T10:25:00.613000;43f5250f-cc32-468e-aa0f-c55e219a689f;10.6;0.39830604;SELL
2016-04-07T10:25:00.000000;2016-04-07T10:25:00.847000;5098c427-674b-4f2b-ae1b-1f94fa267e5b;10.6;0.39830604;SELL
2016-04-07T10:25:01.000000;2016-04-07T10:25:01.400000;723a322b-ef16-4754-84c4-94022f2430f1;10.6;0.39830604;SELL
2016-04-07T10:25:05.000000;2016-04-07T10:25:05.500000;44602e2f-316a-4b52-b167-e9332f564c5c;10.6;19.79417474;SELL
2016-04-07T10:25:06.000000;2016-04-07T10:25:06.143000;c7fd7d69-4217-439e-b5fe-2bafcb377e5c;10.59;23.92868996;SELL
2016-04-07T10:25:14.000000;2016-04-07T10:25:14.710000;7a1a816e-0adf-4e2e-bab6-8f006857643e;10.59;6.07131004;SELL
2016-04-07T10:25:14.000000;2016-04-07T10:25:14.723000;c5bac714-23c3-4154-9124-eaf610cb145b;10.589;1.16820314;SELL
2016-04-07T10:25:29.000000;2016-04-07T10:25:29.263000;d6813f8f-3abd-41aa-823e-c58f2ccc278a;10.611;23.85687842;BUY
2016-04-07T10:25:29.000000;2016-04-07T10:25:29.270000;511dbf19-f606-4fb5-907e-7c2cddade3ef;10.612;36.14312158;BUY
2016-04-07T10:25:29.000000;2016-04-07T10:25:29.320000;9ea53674-48e9-4d62-a1ca-a3ce32861aa0;10.59;0.39902443;SELL
2016-04-07T10:25:29.000000;2016-04-07T10:25:29.607000;639a41dd-a89e-430b-b455-ac836fc86edc;10.59;19.60097557;SELL
2016-04-07T10:25:29.000000;2016-04-07T10:25:29.623000;cec86b8a-2a44-45e8-be40-3509e150d884;10.589;4.34669799;SELL
2016-04-07T10:25:31.000000;2016-04-07T10:25:31.883000;2dcc4083-d5b6-4673-8aa1-a800ef2d34fd;10.589;23.94767356;SELL
2016-04-07T10:25:32.000000;2016-04-07T10:25:32.310000;ecec320f-aff6-4bf6-8476-7d4a0117710c;10.589;26.70942531;SELL
2016-04-07T10:25:37.000000;2016-04-07T10:25:37.520000;e6389e2e-d94e-4b0f-ace9-46aea5a58137;10.589;23.95057469;BUY
2016-04-07T10:25:37.000000;2016-04-07T10:25:37.893000;24d9d94e-2110-4e2c-9ed2-91ff1e487663;10.59;1.04942531;SELL
2016-04-07T10:26:39.000000;2016-04-07T10:26:39.937000;f5b65477-4c2c-4608-9a41-95c059833a67;10.55;12.47;SELL
2016-04-07T10:26:40.000000;2016-04-07T10:26:40.240000;6f583328-8c7b-43f1-8d45-19a3cd642f31;10.55;10.19;SELL
2016-04-07T10:26:41.000000;2016-04-07T10:26:41.273000;9c3fe92b-f490-41e7-939c-cdf5e41315f8;10.55;19.72;SELL
2016-04-07T10:26:42.000000;2016-04-07T10:26:42.520000;898d596a-3888-4dc0-85e8-5557600442da;10.55;7.04;SELL
2016-04-07T10:26:43.000000;2016-04-07T10:26:43.857000;21dcce80-9c14-447a-8676-2ebb6cbdbafd;10.55;0.58;SELL
2016-04-07T10:26:43.000000;2016-04-07T10:26:43.870000;4ca231ef-48c0-4003-9b47-90d563de7546;10.55;0.97;SELL
2016-04-07T10:26:51.000000;2016-04-07T10:26:51.087000;855e2c41-38a0-4f37-9606-5bc46e158cb6;10.55;19.03;SELL
2016-04-07T10:27:34.000000;2016-04-07T10:27:34.293000;60444cf0-bdb3-47ae-95e5-2afcd2469424;10.53;5.348;SELL
2016-04-07T10:28:03.000000;2016-04-07T10:28:03.843000;9fb8a3e9-44d7-45fb-8c9c-4ca6d7131cf0;10.529;56.3586;BUY
2016-04-07T10:28:11.000000;2016-04-07T10:28:11.873000;335ecf47-1666-4105-9610-2e6707d95573;10.53;0.56;SELL
2016-04-07T10:28:12.000000;2016-04-07T10:28:12.550000;50c098fc-b480-484b-b485-ac6b989a4386;10.53;3.0814;SELL
2016-04-07T10:28:18.000000;2016-04-07T10:28:18.307000;765ede1b-bb6a-4e43-96f9-159e47d3a937;10.52;40.0;SELL
2016-04-07T10:41:17.000000;2016-04-07T10:41:17.147000;44afc3ee-91e5-4c75-9838-cd1999033cdc;10.511;0.2829;SELL
2016-04-07T10:41:17.000000;2016-04-07T10:41:17.157000;3c3954ec-9966-4a4a-9ffb-af421f8e4e0f;10.507;0.85;SELL
2016-04-07T10:48:14.000000;2016-04-07T10:48:14.820000;30b50d2d-e3a0-4f4c-afeb-a2d71be77dad;10.53;3.6414;BUY
2016-04-07T10:48:14.000000;2016-04-07T10:48:14.830000;b5ea011e-b063-4ea6-ab63-b8efedd6d1a3;10.532;0.3586;BUY
2016-04-07T10:48:14.000000;2016-04-07T10:48:14.980000;e463b5f7-7fdb-4563-82cb-084098521b5f;10.532;4.0;BUY
2016-04-07T11:18:43.000000;2016-04-07T11:18:43.877000;1e6df139-2d73-416d-892a-95ea401085d4;10.502;0.85;SELL
2016-04-07T11:18:43.000000;2016-04-07T11:18:43.887000;13ba734d-8466-4690-8d53-865180b06c5f;10.5;0.15;SELL
2016-04-07T11:18:51.000000;2016-04-07T11:18:51.597000;a5350865-a057-4dad-b25b-7ad7d5d5a58f;10.5;8.7355;SELL
2016-04-07T11:18:51.000000;2016-04-07T11:18:51.607000;d716840c-df6d-4a0c-88ae-4f042b935c8a;10.5;5.6096;SELL
2016-04-07T11:18:51.000000;2016-04-07T11:18:51.610000;e8932d54-4d2d-453b-a715-4fc388584183;10.5;45.6549;SELL
2016-04-07T11:18:56.000000;2016-04-07T11:18:56.123000;54ea47a5-f653-418b-94f4-39755bbee08c;10.5;4.3;SELL
2016-04-07T11:27:18.000000;2016-04-07T11:27:18.133000;53afab13-f05f-4692-8a3e-d09d3acddb1b;10.53;0.5769;BUY
2016-04-07T11:41:42.000000;2016-04-07T11:41:42.497000;bbc9583a-2102-487e-9e1b-bef1dce46b50;10.5;0.0451;SELL
2016-04-07T11:46:30.000000;2016-04-07T11:46:30.573000;f210dde3-c498-41e9-b9fe-930f47aa277c;10.454;0.1;SELL
2016-04-07T11:46:30.000000;2016-04-07T11:46:30.580000;caa806cd-e240-4407-9bba-2c0c61acad16;10.454;0.1;SELL
2016-04-07T11:46:30.000000;2016-04-07T11:46:30.597000;c4679ce9-6a32-4fbe-bcfd-3d6e7004ec9f;10.454;0.1;SELL
2016-04-07T11:46:30.000000;2016-04-07T11:46:30.617000;8fd291c4-ffc7-459e-a1e9-e8ef7beef89e;10.443;0.1;SELL
2016-04-07T11:46:30.000000;2016-04-07T11:46:30.617000;c405f049-f8c5-461a-93bb-1605132d82dc;10.421;57.2343;SELL
2016-04-07T11:46:30.000000;2016-04-07T11:46:30.617000;250e6fdd-00fc-4858-82eb-933835d49abf;10.42;3.0;SELL
2016-04-07T11:46:30.000000;2016-04-07T11:46:30.617000;7588687f-7cf9-4fc8-823c-64170617459a;10.4;9.3657;SELL
2016-04-07T11:46:37.000000;2016-04-07T11:46:38.027000;84b84880-1b87-449c-9a03-4b447c7a1a69;10.4;90.6343;SELL
2016-04-07T11:46:37.000000;2016-04-07T11:46:38.027000;ff1be100-95ef-4757-91ee-36a9f57c838a;10.391;0.1;SELL
2016-04-07T11:46:37.000000;2016-04-07T11:46:38.047000;50ada4f1-2565-46a4-bf7a-543cbd34a279;10.35;9.2657;SELL
2016-04-07T11:46:48.000000;2016-04-07T11:46:48.147000;4369f855-77a2-4f83-b637-80856059a22f;10.351;95.0;SELL
2016-04-07T11:46:56.000000;2016-04-07T11:46:56.400000;b3d88ca0-d108-40f1-8f31-93bb11b8ec4f;10.351;150.0;SELL
2016-04-07T11:47:22.000000;2016-04-07T11:47:22.237000;1b42b8d8-2dbc-4387-90e0-9039b46b7b58;10.351;55.0;SELL
2016-04-07T11:47:22.000000;2016-04-07T11:47:22.243000;7ff2b494-2954-4668-9a95-5a01ad460290;10.351;9.7;SELL
2016-04-07T11:47:22.000000;2016-04-07T11:47:22.270000;5dfbca86-1e01-45a3-baec-a0366a69c150;10.35;90.7343;SELL
2016-04-07T11:47:22.000000;2016-04-07T11:47:22.280000;c4ae2aeb-ebcd-4bd4-b794-906e93dca9f7;10.345;4.5657;SELL
2016-04-07T11:48:52.000000;2016-04-07T11:48:52.543000;0fc89b33-a9d6-4fcc-beb3-fe262c38b7a0;10.37;70.0;SELL
2016-04-07T11:50:03.000000;2016-04-07T11:50:03.647000;5b9a5770-070d-4ebb-b04d-d74461053b34;10.4;29.421;BUY
2016-04-07T11:50:03.000000;2016-04-07T11:50:03.827000;a3df0773-0b1a-4561-938e-2e63acab7969;10.346;11.2;SELL
2016-04-07T11:50:03.000000;2016-04-07T11:50:03.833000;8e8b4c36-86bf-46ae-9b4d-950eaf895b37;10.345;52.4604;SELL
2016-04-07T11:50:03.000000;2016-04-07T11:50:03.840000;48c8a5ac-dda1-43e7-bcb1-7857495fdd65;10.333;5.1774;SELL
2016-04-07T11:50:03.000000;2016-04-07T11:50:03.870000;e91ac140-6052-4176-81f7-bd131ec4e3e6;10.332;0.3503;SELL
2016-04-07T11:50:03.000000;2016-04-07T11:50:03.870000;8122e010-5a5f-4786-9688-5b013edcc235;10.213;30.8119;SELL
2016-04-07T11:50:11.000000;2016-04-07T11:50:11.757000;0caefab6-d528-445b-9640-a0575eadfb5c;10.336;0.3503;SELL
2016-04-07T11:50:11.000000;2016-04-07T11:50:11.763000;aef53759-e046-49f1-b93e-05d4ed83e7ff;10.213;1.6497;SELL
2016-04-07T11:50:51.000000;2016-04-07T11:50:51.337000;b45308bd-8542-42ee-b4cc-9f445ab1bbff;10.4;150.0;BUY
2016-04-07T12:21:49.000000;2016-04-07T12:21:49.987000;abfd5c28-5a5c-4389-a6c0-5199bf323fc3;10.3;16.5612526;SELL
2016-04-07T12:32:19.000000;2016-04-07T12:32:19.830000;ebf3f21e-75e4-44e9-af4b-283839d85568;10.388;4.5;BUY
2016-04-07T12:32:19.000000;2016-04-07T12:32:19.843000;872ac056-759b-44d4-97ad-ba30fcaa4837;10.388;5.5;BUY
2016-04-07T12:32:20.000000;2016-04-07T12:32:20.213000;b9b15dae-d5a7-4f3c-8422-0a56ee2a6083;10.388;9.80131771;BUY
2016-04-07T12:53:08.000000;2016-04-07T12:53:08.727000;8d142e91-0b35-46d6-a442-68e7aa4e094f;10.387;0.27917358;BUY
2016-04-07T12:58:14.000000;2016-04-07T12:58:14.330000;72e41478-97a8-4d18-bbef-37833d3d5b5d;10.35;10.52138338;SELL
2016-04-07T13:02:22.000000;2016-04-07T13:02:22.493000;6c90e16e-c835-4c45-94dd-cf7812971303;10.35;0.30073723;SELL
2016-04-07T13:03:22.000000;2016-04-07T13:03:22.087000;4b30aabf-0e4c-422d-9286-3c7d1e1784ca;10.35;10.38795992;SELL
2016-04-07T13:06:41.000000;2016-04-07T13:06:41.793000;43eb1505-121f-4de5-bdf1-a184bfb9c819;10.386;0.11;BUY
2016-04-07T13:20:28.000000;2016-04-07T13:20:28.437000;f46d7091-ab39-412f-9f37-50b8eec01905;10.403;0.1;BUY
2016-04-07T13:20:28.000000;2016-04-07T13:20:28.440000;01880a94-81f7-4846-b97b-3c8cb9a5c89a;10.404;0.1;BUY
2016-04-07T13:20:28.000000;2016-04-07T13:20:28.473000;755a11f1-e1c4-4363-8d69-1ae7facc7cd6;10.429;0.1;BUY
2016-04-07T13:20:28.000000;2016-04-07T13:20:28.473000;e628c394-24a8-427d-bca6-6fe4bfce8c2a;10.461;1.0;BUY
2016-04-07T13:20:28.000000;2016-04-07T13:20:28.473000;0962a8a3-5953-4f3e-8c37-36cc3c6e00fe;10.462;5.1719;BUY
2016-04-07T13:20:28.000000;2016-04-07T13:20:28.473000;71dbdee4-aa4e-4daf-9d94-76ffc28c2eda;10.47;28.5281;BUY
2016-04-07T13:20:39.000000;2016-04-07T13:20:39.373000;d40839f8-5dbc-4bd2-bc88-326d34943101;10.47;1.0;BUY
2016-04-07T13:42:56.000000;2016-04-07T13:42:56.567000;0a22ecff-b8c3-4389-b86a-7d908f225309;10.365;0.1;SELL
2016-04-07T13:42:56.000000;2016-04-07T13:42:56.573000;2d5f6996-52ee-4d58-baa9-ea94162ac26a;10.365;0.1;SELL
2016-04-07T13:42:56.000000;2016-04-07T13:42:56.607000;f2b3c7c7-58ad-4b55-b39c-df03ab80ed2a;10.352;8.89203661;SELL
2016-04-07T13:43:02.000000;2016-04-07T13:43:02.130000;7f843461-00f6-49c4-a693-2e08b1aa60bf;10.352;0.17181973;SELL
2016-04-07T13:52:22.000000;2016-04-07T13:52:22.730000;8e1481f9-18d0-48bb-93bf-d9f88c9bc5c6;10.352;1.8871;SELL
2016-04-07T14:19:18.000000;2016-04-07T14:19:18.940000;7d288459-a658-4554-833b-40a5a56ae296;10.36;30.0;SELL
2016-04-07T14:21:08.000000;2016-04-07T14:21:08.087000;98158b47-a571-4cc4-bd26-bedaefddf715;10.35;58.93061947;SELL
2016-04-07T14:21:08.000000;2016-04-07T14:21:08.100000;075ca216-2f6e-40fd-a38d-c3077ef2023a;10.35;30.0;SELL
2016-04-07T14:22:12.000000;2016-04-07T14:22:12.800000;617ecf75-6c8a-4048-b1a2-6a20ade88c91;10.35;4.77165798;BUY
2016-04-07T14:22:12.000000;2016-04-07T14:22:12.807000;8d3bdb5f-6e31-4257-813c-714f0769b208;10.456;0.02834202;BUY
2016-04-07T14:43:50.000000;2016-04-07T14:43:50.260000;ef7b45bd-c66f-410f-848d-3a744c5bc5b8;10.4;13.0;SELL
2016-04-07T14:44:46.000000;2016-04-07T14:44:46.923000;834edebc-ce84-43ae-9a6d-90d52aad879e;10.4;0.4158;SELL
2016-04-07T14:44:56.000000;2016-04-07T14:44:56.597000;4c41c57e-4f05-4556-877f-30ebf31986f3;10.301;0.6688;SELL
2016-04-07T15:03:47.000000;2016-04-07T15:03:47.353000;efddd13f-07a6-43ca-bcd0-65e7cabf4791;10.311;0.48793112;SELL
2016-04-07T15:07:19.000000;2016-04-07T15:07:19.657000;f89a832f-e521-42c3-b185-201d9fcf3d83;10.31;3.19359409;SELL
2016-04-07T15:08:50.000000;2016-04-07T15:08:50.333000;8a2c5305-8f44-42fb-95e2-a9ba57789220;10.31;3.63880591;SELL
2016-04-07T15:08:56.000000;2016-04-07T15:08:56.233000;1421cae1-2b80-4127-a290-d28073152030;10.3;30.0;SELL
2016-04-07T15:09:17.000000;2016-04-07T15:09:17.463000;220e00c5-c524-472a-8ac1-dde9cf90dfd7;10.27;9.05487348;SELL
2016-04-07T15:09:18.000000;2016-04-07T15:09:18.097000;60396291-e865-4e33-9014-36a780b79f3e;10.27;0.12832;SELL
2016-04-07T15:09:24.000000;2016-04-07T15:09:24.770000;4f8e7993-7418-498d-84d0-19f04282094f;10.27;9.05487348;SELL
2016-04-07T15:09:28.000000;2016-04-07T15:09:28.330000;04ad532a-6cf0-41d3-bf0f-0bdbf7058d5b;10.27;9.81256883;SELL
2016-04-07T15:09:31.000000;2016-04-07T15:09:31.920000;f5add5b5-2303-4052-b03a-04fb7c724799;10.27;0.45683868;SELL
2016-04-07T15:09:34.000000;2016-04-07T15:09:34.367000;5569428c-5382-4244-9f46-c705d3aa2e3b;10.27;1.49252553;SELL
2016-04-07T15:09:38.000000;2016-04-07T15:09:38.923000;b7da7474-3c31-4dae-8f0e-d38dccf90667;10.252;0.45683868;SELL
2016-04-07T15:09:39.000000;2016-04-07T15:09:39.880000;133ec24b-8da6-4fa0-bfe7-ec4375a0a37a;10.252;0.45683868;SELL
2016-04-07T15:09:48.000000;2016-04-07T15:09:48.113000;c48ebcaf-84d5-4467-84ed-8bab5ab3bcf9;10.252;0.99799984;SELL
2016-04-07T15:09:52.000000;2016-04-07T15:09:52.277000;744ff549-a8dd-478c-8162-695ff35e76d2;10.252;3.3842228;SELL
2016-04-07T15:09:56.000000;2016-04-07T15:09:56.290000;8185587b-12f1-409e-a3bb-e0ee10800b7a;10.25;8.99558703;SELL
2016-04-07T15:09:59.000000;2016-04-07T15:09:59.977000;80713573-96a2-40d9-bde3-94622ffbb5fd;10.25;8.41879246;SELL
2016-04-07T15:10:05.000000;2016-04-07T15:10:05.490000;18b4573c-3781-4072-a433-a86dfb3e1d8c;10.25;8.42457633;SELL
2016-04-07T15:10:09.000000;2016-04-07T15:10:09.110000;ec6f030f-60ea-4202-861e-9bcc6a5b1354;10.25;74.16;SELL
2016-04-07T15:10:10.000000;2016-04-07T15:10:10.170000;23971b14-fe15-43f8-9045-d06b5ff832e8;10.25;0.00104418;SELL
2016-04-07T15:11:55.000000;2016-04-07T15:11:56.317000;ba77b9d0-5c05-4add-8d40-9933482b5b59;10.2;45.0;SELL
2016-04-07T15:11:55.000000;2016-04-07T15:11:56.323000;3e004f23-bf45-4a63-9d1a-0c9f3760138c;10.2;2.153;SELL
2016-04-07T15:11:55.000000;2016-04-07T15:11:56.353000;1df58c39-202e-44c8-a615-a38754cf508e;10.2;113.847;SELL
2016-04-07T15:12:14.000000;2016-04-07T15:12:14.807000;42e4c757-f8c7-42d6-bbf9-eae7f519faae;10.2;0.3503;SELL
2016-04-07T15:12:15.000000;2016-04-07T15:12:15.193000;19652185-e154-4cb3-81bc-8fff8dc74b35;10.2;0.4189;SELL
2016-04-07T15:12:15.000000;2016-04-07T15:12:15.207000;af127742-4253-4c0f-9af8-7d1ed02c401c;10.2;2.93254701;SELL
2016-04-07T15:12:17.000000;2016-04-07T15:12:17.967000;af414e5f-613d-4cd5-baee-2570f98f3bbc;10.2;47.06745299;SELL
2016-04-07T15:12:17.000000;2016-04-07T15:12:17.973000;52f1ddc7-f982-4de3-9a0e-061399df2838;10.1;2.93254701;SELL
2016-04-07T15:12:33.000000;2016-04-07T15:12:33.187000;3f497c4d-1e82-4a2a-a2ff-ff92bfc4a8f5;10.192;32.87495;BUY
2016-04-07T15:13:21.000000;2016-04-07T15:13:21.403000;e3959d9f-e23a-4780-b171-d70619d1af14;10.179;0.6301;BUY
2016-04-07T15:17:21.000000;2016-04-07T15:17:21.253000;621106b3-ace8-4aaa-949e-60c5c11254ac;10.15;150.0;BUY
2016-04-07T15:17:29.000000;2016-04-07T15:17:29.693000;cb7a757c-2499-40ea-85b2-c014c1ab8cca;10.2;0.67407158;BUY
2016-04-07T15:18:36.000000;2016-04-07T15:18:36.813000;ce853ad8-480c-4df8-9e55-3c66340f8eae;10.199;3.35144701;BUY
2016-04-07T15:18:36.000000;2016-04-07T15:18:36.820000;2171e612-1805-4291-b2eb-16983565470d;10.2;3.08360391;BUY
2016-04-07T15:18:36.000000;2016-04-07T15:18:36.823000;a3b4c74a-1045-42cf-8a87-263df15a9817;10.2;8.70092944;BUY
2016-04-07T15:18:36.000000;2016-04-07T15:18:36.853000;12b2e81c-8df0-4370-9017-beb1d9c946c3;10.2;3.62291964;BUY
2016-04-07T15:24:51.000000;2016-04-07T15:24:51.300000;8923f5d1-78b8-4b46-8a00-1c0706b23d49;10.148;1.2;SELL
2016-04-07T15:24:54.000000;2016-04-07T15:24:54.707000;f3cfbfb6-bb27-441c-8586-27d7707d3e6c;10.148;1.25101164;BUY
2016-04-07T15:24:59.000000;2016-04-07T15:24:59.527000;4344f47d-627f-434e-b12e-613d67b3c5e2;10.235;2.0;BUY
2016-04-07T15:26:33.000000;2016-04-07T15:26:33.320000;1042c719-f3fb-4a49-ba45-94f6d4e20b9f;10.235;1.3842228;BUY
2016-04-07T15:26:33.000000;2016-04-07T15:26:33.337000;cc738c02-3bd2-437e-8a05-ea4b0601adb6;10.235;1.0;BUY
2016-04-07T15:26:33.000000;2016-04-07T15:26:33.340000;74434bb4-972c-467d-a012-7c29d657f9f3;10.236;2.6157772;BUY
2016-04-07T15:27:07.000000;2016-04-07T15:27:07.577000;bddcd9a2-e6b9-48d4-8d97-1f9d89037f61;10.236;22.11424084;BUY
2016-04-07T15:27:07.000000;2016-04-07T15:27:07.583000;e5be195c-649e-469c-b669-a470e0714ce0;10.24;1.08171001;BUY
2016-04-07T15:27:07.000000;2016-04-07T15:27:07.590000;b295b4f7-e2e4-44fe-a0a6-ccb5aca77302;10.252;1.80404915;BUY
2016-04-07T15:27:18.000000;2016-04-07T15:27:18.967000;6cbdf7a4-fab8-4036-bdd6-307ef6e93fcb;10.251;0.8;BUY
2016-04-07T15:27:18.000000;2016-04-07T15:27:19.010000;f3a09def-360b-4738-94ee-b82a2212f30d;10.252;1.58017365;BUY
2016-04-07T15:27:18.000000;2016-04-07T15:27:19.020000;4d1e8b54-f56a-4a6e-889c-f213dd17917a;10.27;1.94936421;BUY
2016-04-07T15:27:18.000000;2016-04-07T15:27:19.047000;1ff41779-12ba-41e7-b356-386ee2a7480d;10.27;1.49252553;BUY
2016-04-07T15:27:18.000000;2016-04-07T15:27:19.047000;3dbef16a-66e1-495f-8a3e-393cbb1b3247;10.355;0.17793661;BUY
2016-04-07T15:27:47.000000;2016-04-07T15:27:47.493000;f1b56f1e-201c-4e29-837a-254df44b0dce;10.335;5.0;BUY
2016-04-07T15:36:19.000000;2016-04-07T15:36:19.817000;98630bc6-81bd-47a0-9a51-7babef8dc9b1;10.307;1.0;SELL
2016-04-07T15:57:31.000000;2016-04-07T15:57:31.157000;31298b49-01c6-431a-b101-16b3a7f71594;10.259;36.9358;BUY
2016-04-07T15:58:21.000000;2016-04-07T15:58:21.443000;4d1d7aa4-375d-4f0c-9612-a956a80458f5;10.259;2.6247;BUY
2016-04-07T16:03:21.000000;2016-04-07T16:03:21.700000;97c0eaaa-65ad-4c4e-b53d-c43efb4282e1;10.2;0.11617831;SELL
2016-04-07T16:10:41.000000;2016-04-07T16:10:41.470000;d9a18c80-d1be-4bf2-9eba-70851feb9806;10.2;6.88;SELL
2016-04-07T16:10:43.000000;2016-04-07T16:10:43.523000;a23d5b03-02a0-45fe-abcb-5bb51729b88b;10.2;0.00382169;SELL
2016-04-07T16:10:45.000000;2016-04-07T16:10:45.713000;159ad249-824b-4d41-85ed-efbfd98beb39;10.18;5.0;SELL
2016-04-07T16:10:45.000000;2016-04-07T16:10:45.723000;6278cebb-70fd-4ba6-b7a9-9914236ccb13;10.18;3.68;SELL
2016-04-07T16:10:46.000000;2016-04-07T16:10:46.567000;4ffcd9aa-8800-4858-9e65-5a34d10acc03;10.18;14.61;SELL
2016-04-07T16:11:08.000000;2016-04-07T16:11:08.480000;fa5e58a5-018f-4605-bd2c-7c6f0a4d8d46;10.18;13.11;SELL
2016-04-07T16:11:18.000000;2016-04-07T16:11:18.500000;390f7737-654f-46da-8d0e-6125ee202a0f;10.18;208.79;SELL
2016-04-07T16:11:19.000000;2016-04-07T16:11:19.337000;af5eb76c-63ab-472e-b165-c9eb6e4b47b1;10.18;79.81;SELL
2016-04-07T16:14:02.000000;2016-04-07T16:14:02.083000;b769cd2e-4f53-4d9d-b645-5213787a198b;10.121;1.25101164;SELL
2016-04-07T16:14:02.000000;2016-04-07T16:14:02.097000;e42a37bf-d025-4bd8-9f05-798c22c4b7f4;10.12;20.98390087;SELL
2016-04-07T16:14:05.000000;2016-04-07T16:14:05.863000;f7108268-0f29-4c09-84b2-f2f99e200eaa;10.12;10.0;SELL
2016-04-07T16:14:19.000000;2016-04-07T16:14:19.803000;cd27bcd0-2aa5-43d7-89fe-565d92f646da;10.12;19.01609913;SELL
2016-04-07T16:14:19.000000;2016-04-07T16:14:19.807000;2d6e5a9d-a383-4ede-848d-2c0e39d5aceb;10.12;43.57765087;SELL
2016-04-07T16:15:39.000000;2016-04-07T16:15:39.147000;39bd19a9-8082-488f-ad96-95d8c7140c50;10.12;2.59975;SELL
2016-04-07T16:15:55.000000;2016-04-07T16:15:55.850000;64be1116-7cac-4e0a-9604-329ac464b01a;10.12;1.07708522;SELL
2016-04-07T16:15:57.000000;2016-04-07T16:15:57.403000;67dd083d-6500-4c9c-a661-f2320fbae300;10.12;1.07708522;SELL
2016-04-07T16:15:57.000000;2016-04-07T16:15:57.453000;6f1544c3-41a5-411c-8db5-ecb3742efd7d;10.12;1.07708522;SELL
2016-04-07T16:15:58.000000;2016-04-07T16:15:58.273000;0897e567-f3d0-451d-a46e-fcbc50b3f20f;10.12;1.07708522;SELL
2016-04-07T16:15:58.000000;2016-04-07T16:15:58.877000;a6241c11-dbcb-4f36-b5df-d48dd1c51fbd;10.12;549.51425825;SELL
2016-04-07T16:15:58.000000;2016-04-07T16:15:58.887000;c11c37ea-a519-4b88-a096-886b93d46160;10.11;17.60574175;SELL
2016-04-07T16:16:01.000000;2016-04-07T16:16:01.627000;6901075a-337e-4674-bbb6-553fbedb4dd6;10.11;1.07708522;SELL
2016-04-07T16:16:06.000000;2016-04-07T16:16:06.890000;71ee7ae1-53ea-4bfd-a12a-40f7822453a1;10.11;17.11;SELL
2016-04-07T16:16:08.000000;2016-04-07T16:16:08.530000;fe883059-e477-489b-9e73-e74eee5fd232;10.11;14.20717303;SELL
2016-04-07T16:16:14.000000;2016-04-07T16:16:14.307000;396ca014-1a90-4a7a-9a14-5351df045639;10.1;97.06745299;SELL
2016-04-07T16:16:14.000000;2016-04-07T16:16:14.327000;6a70d0dc-340a-459a-ab82-d81cc9cf0194;10.1;38.42254701;SELL
2016-04-07T16:16:14.000000;2016-04-07T16:16:14.647000;6de7ca8a-6502-4ddf-b637-208441a5d95a;10.1;127.82;SELL
2016-04-07T16:16:15.000000;2016-04-07T16:16:15.883000;cef66c40-eac0-4970-9aac-6eade2b7368c;10.1;33.75745299;SELL
2016-04-07T16:16:15.000000;2016-04-07T16:16:15.887000;f9db7f9d-ed18-4190-8f09-25a5c72c70b0;10.1;63.38254701;SELL
2016-04-07T16:16:15.000000;2016-04-07T16:16:15.957000;08788f1e-e002-456f-bf96-063875b30585;10.1;0.6727;SELL
2016-04-07T16:16:16.000000;2016-04-07T16:16:16.593000;f3feeb1e-2f6a-4495-bf84-07f281524d3a;10.1;23.67445299;SELL
2016-04-07T16:16:18.000000;2016-04-07T16:16:18.527000;68fc8e83-5ae8-4e03-a36d-d911df4aa395;10.094;9.97;SELL
2016-04-07T16:16:20.000000;2016-04-07T16:16:20.027000;76d19ceb-e5fc-40b2-84c1-5164a6b2dd1f;10.094;35.5;SELL
2016-04-07T16:16:28.000000;2016-04-07T16:16:28.413000;34c9fa9f-a9da-4fce-bbd8-8519aad25d28;10.021;5.2432;SELL
2016-04-07T16:16:28.000000;2016-04-07T16:16:28.420000;11bd393b-7f0c-4d09-99a8-b6d16d4e01de;10.018;59.8684;SELL
2016-04-07T16:16:28.000000;2016-04-07T16:16:28.433000;b72b91bb-8078-4bbe-a701-873f7e6f5f66;10.01;30.0;SELL
2016-04-07T16:16:28.000000;2016-04-07T16:16:28.453000;597f697d-da29-42d1-9627-004eb6696abe;10.01;100.0;SELL
2016-04-07T16:16:28.000000;2016-04-07T16:16:28.453000;e81a5351-eec8-4d01-a9c0-ef67cd96295f;10.0;50.0;SELL
2016-04-07T16:16:28.000000;2016-04-07T16:16:28.463000;ee8bb16f-07dd-4d8a-a13a-04d6428a029e;10.0;100.0;SELL
2016-04-07T16:16:28.000000;2016-04-07T16:16:28.493000;22364be8-5e0d-4d82-b350-72ce65f09522;10.0;200.0;SELL
2016-04-07T16:16:28.000000;2016-04-07T16:16:28.493000;bb48b405-376d-491b-8796-1709f9fc499c;10.0;10.0;SELL
2016-04-07T16:16:28.000000;2016-04-07T16:16:28.500000;34392379-9c04-4f83-b38b-ef350e1aeaec;10.0;20.0;SELL
2016-04-07T16:16:28.000000;2016-04-07T16:16:28.530000;f2665824-37b8-4976-ace8-307bd039c9fe;10.0;1.0;SELL
2016-04-07T16:16:28.000000;2016-04-07T16:16:28.530000;feba7812-6c95-42e6-b41c-40dab76027f4;9.938;0.3503;SELL
2016-04-07T16:16:28.000000;2016-04-07T16:16:28.530000;5ad75490-ad41-4106-8dc5-6e225aea6119;9.9;100.0;SELL
2016-04-07T16:16:28.000000;2016-04-07T16:16:28.540000;16654311-ceac-46f2-98fe-a15aa9f0aa62;9.9;50.0;SELL
2016-04-07T16:16:28.000000;2016-04-07T16:16:28.567000;88dfcfb1-a910-45b4-aee1-a75289baebb0;9.9;23.5381;SELL
2016-04-07T16:16:34.000000;2016-04-07T16:16:35.257000;c6808848-50bb-478e-954b-4b1d39c8ef1c;9.928;0.3503;SELL
2016-04-07T16:16:34.000000;2016-04-07T16:16:35.280000;1edbcbcb-0da6-4794-a818-d7d4513fe16f;9.903;1.66193157;SELL
2016-04-07T16:16:34.000000;2016-04-07T16:16:35.290000;68d528c0-5ca5-4988-b0a3-25e08fafcc06;9.9;5.4619;SELL
2016-04-07T16:16:34.000000;2016-04-07T16:16:35.317000;60e29e93-877f-4905-b213-7cc7fd41f8e1;9.9;7.711531;SELL
2016-04-07T16:16:34.000000;2016-04-07T16:16:35.317000;6302a4c3-e9a1-40e4-996d-bf7efe8dacc2;9.9;8.04959764;SELL
2016-04-07T16:16:34.000000;2016-04-07T16:16:35.333000;99dda032-e271-45ea-86bc-24574d272597;9.879;0.3505;SELL
2016-04-07T16:16:34.000000;2016-04-07T16:16:35.353000;fe84acc6-0c6f-4281-b39b-280ab5f13051;9.802;300.0;SELL
2016-04-07T16:16:34.000000;2016-04-07T16:16:35.353000;9111de7d-06f1-41de-8690-c67fbb6dbf13;9.801;219.56;SELL
2016-04-07T16:16:34.000000;2016-04-07T16:16:35.353000;0b019b9a-24b0-44da-8515-770b7e890c76;9.801;458.32933512;SELL
2016-04-07T16:16:34.000000;2016-04-07T16:16:35.377000;b04af8b9-3750-46d6-b4cc-32cb1d642840;9.801;4.19066488;SELL
2016-04-07T16:16:34.000000;2016-04-07T16:16:35.390000;cb4203b7-5df0-4357-bfff-74d239065f49;9.8001;3.772;SELL
2016-04-07T16:16:34.000000;2016-04-07T16:16:35.390000;f81d1507-7c17-4848-8d32-c7a7a4958388;9.8;100.0;SELL
2016-04-07T16:16:34.000000;2016-04-07T16:16:35.640000;08fd3526-f072-4be1-b7eb-acf61f850eab;9.8;300.0;SELL
2016-04-07T16:16:34.000000;2016-04-07T16:16:35.660000;5027a66e-c653-4de1-a44d-32c491c05245;9.753;5.0;SELL
2016-04-07T16:16:34.000000;2016-04-07T16:16:35.673000;dc165ac9-89fc-4d4d-ac93-3c45f7f45425;9.724;108.956185;SELL
2016-04-07T16:16:34.000000;2016-04-07T16:16:35.697000;c761d343-5750-41c2-819e-05d90148b370;9.722;25.0;SELL
2016-04-07T16:16:34.000000;2016-04-07T16:16:35.697000;dbc718bb-7751-4935-b1d0-fc139e110a25;9.72;500.0;SELL
2016-04-07T16:16:34.000000;2016-04-07T16:16:35.697000;75b62079-81cb-4c01-8b6f-a920544e8342;9.71;146.2434;SELL
2016-04-07T16:16:34.000000;2016-04-07T16:16:35.713000;a962c09b-4c42-4750-8241-ab4c279ca27a;9.7;12.30507987;SELL
2016-04-07T16:16:34.000000;2016-04-07T16:16:35.733000;301acfdf-39d2-4a93-a49a-92214fa032ec;9.7;100.0;SELL
2016-04-07T16:16:34.000000;2016-04-07T16:16:35.733000;b25849a8-33fb-42ab-9188-2d9f2ba871af;9.7;300.0;SELL
2016-04-07T16:16:34.000000;2016-04-07T16:16:35.733000;071a55ef-9edb-44a0-8aa8-bc72793a8187;9.7;50.0;SELL
2016-04-07T16:16:34.000000;2016-04-07T16:16:35.733000;ad7a9896-4f42-40a2-8a7f-b1aae4f63475;9.69;50.0;SELL
2016-04-07T16:16:34.000000;2016-04-07T16:16:35.743000;4ae41cfd-55b6-43b7-9f71-053d4983f08c;9.654;1.06;SELL
2016-04-07T16:16:34.000000;2016-04-07T16:16:35.770000;e95f7dd4-38d9-4473-a252-6cf0d785e1b4;9.61;10.0;SELL
2016-04-07T16:16:34.000000;2016-04-07T16:16:35.770000;43e8cc08-bf92-4429-b54c-eac19408213d;9.61;1.0;SELL
2016-04-07T16:16:34.000000;2016-04-07T16:16:35.770000;4a225985-ea5e-4542-b41c-38fce54f3eb7;9.533;1.29;SELL
2016-04-07T16:16:34.000000;2016-04-07T16:16:35.770000;82bcc7e8-d4e6-41e8-a5b9-b4ba8d183ef9;9.523;3.7406;SELL
2016-04-07T16:16:34.000000;2016-04-07T16:16:35.780000;6701eb0d-3bfb-40ff-97f4-0eb4f5f2b463;9.5;100.0;SELL
2016-04-07T16:16:34.000000;2016-04-07T16:16:35.807000;32610f66-0ea6-45d0-93e0-94a9cb1ac4dd;9.5;10.0;SELL
2016-04-07T16:16:34.000000;2016-04-07T16:16:35.810000;b97e54db-02c3-4da1-941a-bf3a6ab7bdbc;9.5;270.0;SELL
2016-04-07T16:16:34.000000;2016-04-07T16:16:35.810000;78aa411d-42e3-4c5e-bf02-5ea01e7b25fe;9.5;21.0;SELL
2016-04-07T16:16:34.000000;2016-04-07T16:16:35.810000;168f1d1e-06f4-408f-abb1-8c8a4ea00985;9.5;376.44207025;SELL
2016-04-07T16:16:34.000000;2016-04-07T16:16:35.827000;d123977d-8da3-4af3-ac70-a02507f62e6a;9.5;1.5;SELL
2016-04-07T16:16:34.000000;2016-04-07T16:16:35.850000;43e8f086-31f0-4475-a8d6-90865c1a3793;9.5;122.05792975;SELL
2016-04-07T16:16:34.000000;2016-04-07T16:16:35.857000;98b94262-57d4-4b0e-bb6b-ba210c5a0f1f;9.412;1.31;SELL
2016-04-07T16:16:34.000000;2016-04-07T16:16:35.887000;ce311b8f-6e6c-4c3a-a850-96f5998fcc8f;9.405;25.0;SELL
2016-04-07T16:16:34.000000;2016-04-07T16:16:35.887000;eaf9f26c-b375-43b6-a57f-2716a0b02917;9.405;211.63207025;SELL
2016-04-07T16:16:56.000000;2016-04-07T16:16:56.993000;2e12ef73-42b5-45ae-b5d7-1c0f4592b062;9.93;9.8;SELL
2016-04-07T16:16:56.000000;2016-04-07T16:16:57.003000;f8a357d1-c031-4446-90df-b99c15513c2c;9.929;26.2;SELL
2016-04-07T16:25:16.000000;2016-04-07T16:25:16.693000;fa75d858-b1ac-4f5c-9e2d-e95de7b6f388;9.9989;3.2;BUY
2016-04-07T16:25:16.000000;2016-04-07T16:25:16.710000;3c7241d5-158b-415c-9ae9-4a2a86fd2b37;9.9989;6.6;BUY
2016-04-07T16:25:16.000000;2016-04-07T16:25:16.730000;755134f5-c319-4e34-87fb-7580a82862d7;9.9999;9.9694;BUY
2016-04-07T16:25:19.000000;2016-04-07T16:25:19.547000;8adfbb6c-c2dc-4336-931c-42c6bf01c5de;9.9999;1.200052;BUY
2016-04-07T16:27:50.000000;2016-04-07T16:27:50.983000;e098c3dd-a622-404a-9f76-29117d198837;10.043;0.6746;BUY
2016-04-07T16:29:30.000000;2016-04-07T16:29:30.157000;71c99f03-eefa-432d-a7da-4cc3df233aa0;9.933;0.67328572;SELL
2016-04-07T16:29:31.000000;2016-04-07T16:29:31.657000;8c8f8074-3fb9-4724-b140-f3d874b4bf36;10.043;299.3254;BUY
2016-04-07T16:29:31.000000;2016-04-07T16:29:31.660000;b99809b0-fabf-447d-bff9-689ee593ae2e;10.049;0.6746;BUY
2016-04-07T16:29:45.000000;2016-04-07T16:29:45.607000;5e5123a4-410a-459e-b97e-07784ffabf72;9.932;20.07359255;SELL
2016-04-07T16:30:09.000000;2016-04-07T16:30:09.883000;e6bf385f-480f-4380-859b-ef22f838e632;10.046;0.74661986;BUY
2016-04-07T16:30:09.000000;2016-04-07T16:30:09.893000;1d9e9555-84d5-4268-84d2-99fc64d9565c;10.047;67.68;BUY
2016-04-07T16:30:12.000000;2016-04-07T16:30:12.293000;e1682c93-7b37-494d-ba8d-83a51f9791c4;10.047;131.4;SELL
2016-04-07T16:30:13.000000;2016-04-07T16:30:14.027000;ca4306cf-f5e3-431e-bcbd-8cbef9ad75e4;10.047;0.17338014;SELL
2016-04-07T16:31:47.000000;2016-04-07T16:31:47.083000;af781006-c837-4f2b-806d-ba77e6f88e32;10.01;300.0;SELL
2016-04-07T16:34:25.000000;2016-04-07T16:34:25.710000;74f82945-ca61-4ed1-a6bf-862c5af998c4;10.045;100.0;BUY
2016-04-07T16:35:05.000000;2016-04-07T16:35:05.830000;fda58031-b90f-4487-9872-1bdcff73cd68;10.04;23.26;SELL
2016-04-07T16:35:06.000000;2016-04-07T16:35:06.703000;d18d865f-ce70-4705-9754-eece447d05c2;10.04;76.74;SELL
2016-04-07T16:35:45.000000;2016-04-07T16:35:45.810000;1471adbc-aa11-4a67-b488-b8a098ea50df;9.98;200.0;SELL
2016-04-07T16:35:52.000000;2016-04-07T16:35:52.903000;6e161ce0-4d7a-4a6d-944f-8a0d69835e64;10.0;100.0;SELL
2016-04-07T16:40:57.000000;2016-04-07T16:40:57.073000;ef7c829f-d9b3-414d-8f3c-62e280f69e97;10.0;50.0;SELL
2016-04-07T16:40:57.000000;2016-04-07T16:40:57.097000;063cc5a2-3217-49f6-8a10-4c58d425ddf8;10.0;11.16;SELL
2016-04-07T16:41:34.000000;2016-04-07T16:41:34.803000;bbbbafe8-c8da-4b57-93ed-f3700b29b387;10.04;1.0;BUY
2016-04-07T16:42:02.000000;2016-04-07T16:42:05.143000;48fa4bc4-041b-4a25-a458-91543f6f93b9;10.04;99.0;BUY
2016-04-07T16:42:07.000000;2016-04-07T16:42:07.970000;b2f8311d-e702-45bb-b4ca-fcb50403d866;10.04;1.0;SELL
2016-04-07T16:43:02.000000;2016-04-07T16:43:03.033000;5b872336-a382-4573-9ae5-b97626933e8b;10.0;50.0;SELL
2016-04-07T16:45:52.000000;2016-04-07T16:45:52.907000;8988610e-8e5f-464d-bce0-92289d35fd22;10.0;50.0;SELL
2016-04-07T16:49:08.000000;2016-04-07T16:49:08.353000;60ed6180-8502-4435-bfee-b240ec62d728;10.0;50.0;SELL
2016-04-07T16:50:52.000000;2016-04-07T16:50:52.043000;17e5d34f-cf09-4036-b5b1-e2d5d718f13b;10.0;50.0;SELL
2016-04-07T16:51:38.000000;2016-04-07T16:51:38.980000;e65ef1d6-8660-4dee-afe5-4ded4ef1cd41;9.99;50.0;SELL
2016-04-07T16:51:38.000000;2016-04-07T16:51:38.990000;973e305d-2a78-47bd-a1d7-cfec9a4fa797;9.98;24.2230964;SELL
2016-04-07T17:06:09.000000;2016-04-07T17:06:09.983000;1c36ef52-8896-44b5-8b20-f1171cc730d4;10.049;21.0;BUY
2016-04-07T17:06:09.000000;2016-04-07T17:06:09.997000;edf97803-a09a-444d-98ad-6caf95a4615f;10.05;100.0;BUY
2016-04-07T17:06:34.000000;2016-04-07T17:06:34.617000;5b84db0c-0946-491d-ac3c-70d83da0ca63;10.094;7.71;BUY
2016-04-07T17:06:35.000000;2016-04-07T17:06:35.620000;f0c1881c-1a9b-4947-b931-e191a88a53a5;10.094;1.5011325;BUY
2016-04-07T17:06:44.000000;2016-04-07T17:06:44.703000;adafa047-4b90-44d9-b9e8-d2de21566458;10.1;9.98;BUY
2016-04-07T17:06:45.000000;2016-04-07T17:06:45.253000;87fd3055-6a1b-469d-ae0b-26cb09a9888a;10.1;0.0035722;BUY
2016-04-07T17:12:04.000000;2016-04-07T17:12:04.870000;26a38498-e59f-4e95-b264-05a3a959ae73;10.11;12.3988613;BUY
2016-04-07T17:13:00.000000;2016-04-07T17:13:00.497000;159eebcd-ca83-40f3-beeb-73ef1806987f;10.101;58.3429;SELL
2016-04-07T17:14:50.000000;2016-04-07T17:14:50.533000;de4168ea-dbf6-497d-80a1-352e125b1ddc;10.11;125.87;BUY
2016-04-07T17:14:50.000000;2016-04-07T17:14:51.017000;8c69710e-9331-40a9-a955-6a7d831854e6;10.11;361.7311387;BUY
2016-04-07T17:14:53.000000;2016-04-07T17:14:53.353000;552cd512-4982-487e-833f-0d60316a5344;10.208;0.65439315;BUY
2016-04-07T17:14:56.000000;2016-04-07T17:14:56.727000;a5e7faba-a7d3-4dd6-8a51-70cdd1c7a494;10.209;11.35131545;BUY
2016-04-07T17:14:56.000000;2016-04-07T17:14:56.733000;c0ce5295-9854-4e2e-868a-08fb7648e1e5;10.21;300.0;BUY
2016-04-07T17:14:56.000000;2016-04-07T17:14:56.737000;0120fc1d-cb34-4f13-94fd-8d9df51f8855;10.218;0.3503;BUY
2016-04-07T17:15:17.000000;2016-04-07T17:15:17.390000;f10c32a2-c835-44cb-9c25-44f2a9c2f63d;10.227;10.0;SELL
2016-04-07T17:15:17.000000;2016-04-07T17:15:17.640000;b1af7581-591c-42a0-b3da-69f7fe04b32c;10.227;1.25101164;SELL
2016-04-07T17:17:08.000000;2016-04-07T17:17:08.270000;44d988f4-f089-49ff-be64-9d6f3c7cff79;10.227;20.0;SELL
2016-04-07T17:17:23.000000;2016-04-07T17:17:23.183000;c15a4186-80d8-4a5d-a8e5-e1af08b5c8c7;10.25;30.0;BUY
2016-04-07T17:18:32.000000;2016-04-07T17:18:32.650000;3cf7a603-bc78-4a10-9b33-958f984509c6;10.228;58.0047;SELL
2016-04-07T17:18:32.000000;2016-04-07T17:18:32.663000;5e59b54b-582c-4300-92a0-418152e6716f;10.227;80.74737291;SELL
2016-04-07T17:29:33.000000;2016-04-07T17:29:33.247000;fd2f2345-5570-441f-b994-30d7b316d612;10.124;12.3988613;SELL
2016-04-07T17:30:26.000000;2016-04-07T17:30:26.550000;47397e7c-507a-4234-a622-f6f09a7f1235;10.098;25.96;SELL
2016-04-07T17:30:34.000000;2016-04-07T17:30:34.153000;1e4ad396-9cf9-4f28-bc95-2b5586a214cf;10.098;32.6752;SELL
2016-04-07T17:32:03.000000;2016-04-07T17:32:03.047000;b3ac0529-98aa-42e7-8749-a8ee7c4883be;9.983;8.3;SELL
2016-04-07T17:32:03.000000;2016-04-07T17:32:03.067000;1dde22f6-2c37-468f-bb83-298d92186e41;9.982;10.4213822;SELL
2016-04-07T17:32:40.000000;2016-04-07T17:32:40.650000;fea097af-04ce-4b85-a364-60458829e29f;10.09;4.0;BUY
2016-04-07T17:42:36.000000;2016-04-07T17:42:36.177000;64c85615-d7f0-4324-bc49-9f2c97558b1d;10.1;11.976;BUY
2016-04-07T17:44:05.000000;2016-04-07T17:44:05.423000;b498590b-ae27-4996-8dbf-5aeb4d733ef4;10.1;84.6;BUY
2016-04-07T17:44:09.000000;2016-04-07T17:44:09.687000;76d3d7e1-734b-41a8-b41d-4aaa91cddd27;10.1;0.39;BUY
2016-04-07T17:44:10.000000;2016-04-07T17:44:10.593000;8be3ee97-b71a-4c00-aa15-a0d1b07a14f5;10.1;0.39;BUY
2016-04-07T17:44:11.000000;2016-04-07T17:44:11.450000;9539b06e-a713-431d-a54b-c3ea5eadba38;10.1;2.644;BUY
2016-04-07T17:59:04.000000;2016-04-07T17:59:04.970000;3135b8f1-7cfa-4702-885d-970aa9101ced;10.101;1.08734041;SELL
2016-04-07T18:22:44.000000;2016-04-07T18:22:44.873000;a2652efd-a12d-4b3c-bafc-12751c4da898;10.185;8.3;BUY
2016-04-07T18:22:44.000000;2016-04-07T18:22:44.880000;7a5d1485-e4d2-4e60-9d22-5c0f477bd09a;10.186;10.0753;BUY
2016-04-07T18:30:01.000000;2016-04-07T18:30:01.133000;e381ffce-c91d-456a-844d-04afd13d8357;10.199;1.8713;BUY
2016-04-07T18:30:32.000000;2016-04-07T18:30:32.227000;22013971-1f56-4b45-afce-44639f7751e6;10.199;1.0;BUY
2016-04-07T18:31:22.000000;2016-04-07T18:31:23.743000;fc0230dd-7ece-4f50-9fb9-99eddc614664;10.199;1.0;BUY
2016-04-07T19:21:23.000000;2016-04-07T19:21:23.740000;31e515f4-567d-4678-bfa7-87fe95fd22c5;10.071;0.1;SELL
2016-04-07T19:21:23.000000;2016-04-07T19:21:23.757000;992cda8e-11b4-4d0b-b622-1d587aaee90b;10.071;0.1;SELL
2016-04-07T19:21:23.000000;2016-04-07T19:21:23.763000;a3441d50-8acc-4ee5-956c-f5372389658c;10.071;0.1;SELL
2016-04-07T19:21:23.000000;2016-04-07T19:21:23.793000;73550481-0925-4916-a10e-ce581c9dd628;10.058;8.30864239;SELL
2016-04-07T19:21:23.000000;2016-04-07T19:21:23.793000;b56b8df7-7ec6-4120-ba94-fd89a04a243f;10.056;2.03462841;SELL
2016-04-07T19:26:29.000000;2016-04-07T19:26:29.983000;7e74d354-1021-4788-a4aa-59266bff2d64;10.097;3.0;BUY
2016-04-07T19:26:30.000000;2016-04-07T19:26:30.113000;1da00cc0-4742-4191-bd5e-e3e7203b640b;10.097;3.0;BUY
2016-04-07T19:38:51.000000;2016-04-07T19:38:51.893000;2214fd2c-4c22-4ddb-a57c-c1f3ac3082ac;10.09;0.825;SELL
2016-04-07T19:50:50.000000;2016-04-07T19:50:51.020000;dc7cbe44-8f47-42d4-82c5-f8e4cbbfb003;10.043;8.32105199;SELL
2016-04-07T19:57:24.000000;2016-04-07T19:57:24.767000;696f3238-fd9e-4144-aea8-45e6d9757e96;10.007;0.1;SELL
2016-04-07T19:57:24.000000;2016-04-07T19:57:24.783000;91fc0813-357f-45d3-81f2-036c5786aa35;10.006;29.9;SELL
2016-04-07T19:59:33.000000;2016-04-07T19:59:33.780000;ee4758ff-6c64-42d8-800d-1eff972ce05e;10.05;0.1;BUY
2016-04-07T19:59:33.000000;2016-04-07T19:59:33.787000;2cf7da14-8391-42f7-8ab1-4873d1a6b133;10.051;12.37164339;BUY
2016-04-07T20:02:24.000000;2016-04-07T20:02:24.720000;2ae2ab48-e6f1-4d80-96c0-62316d51c21e;10.051;4.30198397;BUY
2016-04-07T20:07:58.000000;2016-04-07T20:07:58.283000;7cb1b905-71fb-4208-b52c-ead90a28be82;10.051;43.16;BUY
2016-04-07T20:12:47.000000;2016-04-07T20:12:47.417000;1f841dd2-18d6-458d-8114-9338292ceead;10.157;0.1;BUY
2016-04-07T20:12:47.000000;2016-04-07T20:12:47.427000;31a82377-fc7d-4c08-a5b3-9b8543a3f68f;10.157;0.1;BUY
2016-04-07T20:12:47.000000;2016-04-07T20:12:47.453000;7a99c06a-d86f-4f9d-94e5-85bd9f207951;10.19;18.0857;BUY
2016-04-07T20:12:59.000000;2016-04-07T20:12:59.397000;b86e42c9-208f-418d-838c-de7fa5c88899;10.19;50.0;BUY
2016-04-07T20:13:04.000000;2016-04-07T20:13:04.993000;26df79a5-f564-4778-bac0-420809133bd1;10.19;10.2667;BUY
2016-04-07T20:21:38.000000;2016-04-07T20:21:38.200000;cb75e03e-115f-4fb2-a547-cade7a4193fe;10.179;58.4087;BUY
2016-04-07T20:21:41.000000;2016-04-07T20:21:41.593000;229a42c2-b7ff-49a7-9623-e35dba68d696;10.19;95.34;BUY
2016-04-07T20:21:43.000000;2016-04-07T20:21:43.223000;acf9b516-ba46-4026-8d4c-f3e61ddefb3b;10.19;100.0;BUY
2016-04-07T20:21:44.000000;2016-04-07T20:21:44.397000;1bad4830-63b7-4cb9-bee7-a104a654ab69;10.19;76.3076;BUY
2016-04-07T20:21:44.000000;2016-04-07T20:21:44.403000;d2641534-28b5-4f0a-9f00-9ff271496cb6;10.2;23.6924;BUY
2016-04-07T20:21:45.000000;2016-04-07T20:21:45.187000;a4b124ed-a369-4c05-9ec6-1009dbbb3d03;10.2;76.3076;BUY
2016-04-07T20:21:45.000000;2016-04-07T20:21:45.200000;10c26d59-7a1c-4cdd-afd6-75b35df1f16e;10.25;120.0;BUY
2016-04-07T20:21:45.000000;2016-04-07T20:21:45.213000;0958e516-6e30-4a13-8b8b-c37c5e437d0e;10.25;120.0;BUY
2016-04-07T20:22:00.000000;2016-04-07T20:22:00.507000;792417ad-f696-438e-92c0-99b876aa6a76;10.253;7.3194;SELL
2016-04-07T20:38:12.000000;2016-04-07T20:38:12.457000;38c3090a-ba1a-4fed-ab84-cace5d45c2ce;10.094;8.7406;SELL
2016-04-07T20:39:58.000000;2016-04-07T20:39:59.157000;ceb00464-43b5-4866-807a-cdc639fa1b0f;10.11;5.2432;SELL
2016-04-07T20:45:37.000000;2016-04-07T20:45:37.690000;03e683b7-4f19-4de6-9616-e376a13af0f8;10.23;0.28724058;BUY
2016-04-07T20:45:37.000000;2016-04-07T20:45:37.697000;159714fe-b73c-4155-862a-201917a59527;10.235;4.71275942;BUY
2016-04-07T20:48:58.000000;2016-04-07T20:48:58.890000;5268a56a-e1db-49ce-bf03-0ad68d58914c;10.133;2.99;SELL
2016-04-07T20:50:27.000000;2016-04-07T20:50:27.557000;eecc2c87-42f8-4e25-aa6c-6104ff114ee2;10.164;58.0;SELL
2016-04-07T21:41:15.000000;2016-04-07T21:41:15.367000;bb82bedb-fa01-4eca-ba22-d8341df3be9d;10.249;58.211;BUY
2016-04-07T21:41:17.000000;2016-04-07T21:41:17.790000;4d78a3a2-e6fb-4056-b4e0-08e5c982e721;10.249;14.8048;SELL
2016-04-07T21:41:17.000000;2016-04-07T21:41:18.030000;497ee578-eaf5-4120-aa22-5e4cc2d3e385;10.249;206.7;SELL
2016-04-07T21:41:18.000000;2016-04-07T21:41:18.873000;926e3474-d158-469a-9d64-e2392d34022d;10.249;175.75;SELL
2016-04-07T21:41:20.000000;2016-04-07T21:41:20.107000;4cf2bb6d-dc4c-4237-8e74-c2f8baaa085f;10.249;25.2871;SELL
2016-04-07T21:43:28.000000;2016-04-07T21:43:28.573000;63570a66-b9a6-4ae5-859e-f72b81cd08b5;10.15;20.0;SELL
2016-04-07T21:53:01.000000;2016-04-07T21:53:01.827000;a234e6c6-718c-4121-a4c4-bcec1eced423;10.121;1.02515096;SELL
2016-04-07T21:55:48.000000;2016-04-07T21:55:48.687000;d2469229-d813-4a12-ad1c-1bb3a2906d7d;10.14;5.0;BUY
2016-04-07T21:55:48.000000;2016-04-07T21:55:48.690000;2d0a6230-2f27-424a-afde-4ab7f17ad993;10.199;1.0;BUY
2016-04-07T21:55:48.000000;2016-04-07T21:55:48.707000;f56b14ee-1138-46ad-aa0d-56f42e9b76ce;10.199;6.0;BUY
2016-04-07T21:56:10.000000;2016-04-07T21:56:10.337000;98f56dfc-7215-45d0-8ffc-beb91815916e;10.192;2.0;BUY
2016-04-07T22:06:56.000000;2016-04-07T22:06:56.397000;55650b9a-8b0a-4af6-b699-2890fe27406b;10.121;8.97484904;SELL
2016-04-07T22:06:56.000000;2016-04-07T22:06:56.407000;19fbf9c0-d1fe-48ea-866a-0679359ba8d1;10.088;0.02515096;SELL
2016-04-07T23:19:09.000000;2016-04-07T23:19:09.653000;bc0cd417-9d47-4aeb-89d5-4e6a394ce45d;10.148;1.0;BUY
2016-04-07T23:19:22.000000;2016-04-07T23:19:22.217000;5826daec-9ed0-4165-b2c0-5703ce5e3713;10.148;5.0;BUY
2016-04-07T23:20:16.000000;2016-04-07T23:20:16.177000;b1c9d61f-c235-4f26-9901-fa601aa0902d;10.148;52.9269;BUY
2016-04-07T23:20:16.000000;2016-04-07T23:20:16.193000;863b5d7a-5d7b-4a22-8ce4-eae9e0b78993;10.17;7.0731;BUY
2016-04-07T23:25:00.000000;2016-04-07T23:25:00.407000;fb4d145f-a38c-4a45-bfa4-9915c66bb4df;10.13;0.52039;SELL
2016-04-07T23:25:30.000000;2016-04-07T23:25:30.320000;84713b2b-9647-4a34-bbe4-0387baca9b99;10.13;11.47961;SELL
2016-04-07T23:25:30.000000;2016-04-07T23:25:30.330000;3f15ac04-f8ba-4c9e-ab66-e7e527d0007f;10.13;0.91957001;SELL
2016-04-07T23:25:30.000000;2016-04-07T23:25:30.633000;6a0e3797-a1a9-438f-b10d-3e4bd925259e;10.13;11.08042999;SELL
2016-04-07T23:25:34.000000;2016-04-07T23:25:34.147000;47a3ff7e-b1e8-44f3-a922-86095ccb61f1;10.12;4.0;SELL
2016-04-07T23:25:34.000000;2016-04-07T23:25:34.467000;e329da5a-f9fd-445c-b1d3-abd930febd5b;10.1;8.39918001;SELL
2016-04-07T23:27:05.000000;2016-04-07T23:27:05.383000;3b6eb38d-b2e4-4ab0-852f-e82d38f11140;10.152;28.9629;BUY
2016-04-07T23:27:05.000000;2016-04-07T23:27:05.393000;9a0f9447-8010-4137-9536-33d4a3ac9c59;10.163;1.0371;BUY
2016-04-07T23:28:26.000000;2016-04-07T23:28:26.957000;ac77ecae-a9c0-451b-9e36-c95e88b921f5;10.12;8.0;SELL
2016-04-07T23:33:39.000000;2016-04-07T23:33:39.447000;e0b05b80-b3d1-4241-b4e5-b6d00a58eee2;10.11;10.0;SELL
2016-04-07T23:33:39.000000;2016-04-07T23:33:39.460000;32819b33-1523-492e-abe7-1f86a4af17af;10.11;2.0;SELL
2016-04-07T23:33:39.000000;2016-04-07T23:33:39.467000;4cfe6412-615e-4f36-ab60-a3fdc1d87569;10.1;56.60081999;SELL
2016-04-07T23:33:39.000000;2016-04-07T23:33:39.500000;0a16629e-d852-4d11-ac02-ab0c8a984e91;10.1;19.99918001;SELL
2016-04-07T23:33:40.000000;2016-04-07T23:33:40.823000;98a33c37-ae44-4002-8565-2ce77151c0dc;10.1;0.00081999;SELL
2016-04-07T23:34:43.000000;2016-04-07T23:34:43.283000;5561e0ad-7fdd-485b-ab75-a8beda850bff;10.088;0.07484904;SELL
2016-04-07T23:34:43.000000;2016-04-07T23:34:43.293000;92112a48-543c-41ea-b82f-1c441ced1b39;10.07;0.83953298;SELL
2016-04-07T23:34:47.000000;2016-04-07T23:34:47.480000;74ff15ef-0b30-4e44-b242-3bcad3399213;10.07;1.16046702;SELL
2016-04-07T23:34:47.000000;2016-04-07T23:34:47.490000;d9e423d7-7c9c-40ae-8686-e2d53ecf2cbc;10.07;5.0;SELL
2016-04-07T23:34:47.000000;2016-04-07T23:34:47.497000;d440a3b6-d902-4b25-891c-7b49bfe925aa;10.07;0.3;SELL
2016-04-07T23:42:17.000000;2016-04-07T23:42:17.480000;b2b7f2a5-01cf-41d4-a7dc-814b95e0e31a;10.051;5.0;SELL
2016-04-07T23:58:06.000000;2016-04-07T23:58:07.000000;f24c0432-9bb2-4cde-bd70-83c88d8561fa;10.136;1.6958952;BUY
2016-04-07T23:58:06.000000;2016-04-07T23:58:07.013000;458cdc87-ca2d-4843-a3a9-48b83addf2a4;10.137;0.3041048;BUY
