time_exchange;time_coinpai;guid;price;base_amount;taker_side
2016-04-07T00:00:02.327000;2016-04-07T00:00:02.410000;c5d1ca61-4327-42a7-a8ab-ef8ce93deb19;421.36;0.0385;BUY
2016-04-07T00:00:02.327000;2016-04-07T00:00:02.410000;9ec25884-a6c2-4e89-9976-d1708da61fc2;421.46;0.27601;BUY
2016-04-07T00:00:14.330000;2016-04-07T00:00:14.410000;a643e316-e3bb-4e45-afae-fca710e97d39;421.38;0.0283;BUY
2016-04-07T00:00:14.330000;2016-04-07T00:00:14.410000;b6b2de1d-6753-4246-9d04-b5cb7d3e35fd;421.38;0.0287;BUY
2016-04-07T00:00:14.330000;2016-04-07T00:00:14.427000;2787697e-bf44-4ff5-909e-c988907b5c26;421.38;0.4489;BUY
2016-04-07T00:00:14.330000;2016-04-07T00:00:14.427000;72fc3788-ef57-4b82-af41-7be4dbae2083;421.4;0.0286;BUY
2016-04-07T00:00:31.360000;2016-04-07T00:00:31.427000;5321b6a7-2e12-44ee-afbd-2cae85d8492c;421.41;0.01;SELL
2016-04-07T00:00:31.360000;2016-04-07T00:00:31.443000;194df7ec-6756-4830-9d56-31ed38872fed;421.4;0.5535;SELL
2016-04-07T00:00:31.360000;2016-04-07T00:00:31.443000;ea9f7dad-bfc4-4464-95c0-f56e7a1072ab;421.4;0.01;SELL
2016-04-07T00:00:31.360000;2016-04-07T00:00:31.443000;43c90ab0-f439-443b-966a-7bcfc33c2a99;421.37;0.01;SELL
2016-04-07T00:00:31.360000;2016-04-07T00:00:31.473000;2a3627f7-52a0-4cd6-860a-f678349f689a;421.37;0.01749;SELL
2016-04-07T00:00:40.110000;2016-04-07T00:00:40.177000;ff2f5ad1-4eed-4cd9-b6d4-dc6cc3731331;421.36;0.0237;BUY
2016-04-07T00:00:40.110000;2016-04-07T00:00:40.193000;66f72aed-c651-41f3-8e33-bd4c34e37f67;421.38;0.02374712;BUY
2016-04-07T00:01:02.147000;2016-04-07T00:01:02.223000;fd329b6d-fc22-485d-a737-9c0d077a2b4a;421.33;0.01;SELL
2016-04-07T00:01:02.147000;2016-04-07T00:01:02.240000;8753d26f-2dd9-444c-80a0-250a932e868f;421.33;0.03721;SELL
2016-04-07T00:01:31.460000;2016-04-07T00:01:31.520000;e911c579-85d5-4a82-b53b-e85283ddb880;421.32;0.026;BUY
2016-04-07T00:01:31.460000;2016-04-07T00:01:31.537000;258e6f6f-9917-46e8-89c3-633a4c357079;421.34;0.554;BUY
2016-04-07T00:01:31.460000;2016-04-07T00:01:31.537000;1e8a93e1-a217-4b9a-840b-0b15f1858f2e;421.37;0.19589;BUY
2016-04-07T00:02:01.677000;2016-04-07T00:02:01.757000;12f30c0b-40e9-4b06-80eb-bba22fe257db;421.3;0.1326;SELL
2016-04-07T00:02:31.517000;2016-04-07T00:02:31.583000;eb0718d8-80a5-4b08-a7de-a596bd338010;421.37;0.0337;BUY
2016-04-07T00:03:01.460000;2016-04-07T00:03:01.520000;a18908fa-2aae-43af-9572-551f94840ca9;421.29;0.01;SELL
2016-04-07T00:03:01.460000;2016-04-07T00:03:01.553000;c8a72031-226d-425a-a024-0d6db8a459a1;421.28;0.01;SELL
2016-04-07T00:03:01.463000;2016-04-07T00:03:01.553000;82b17ea3-d2d2-4741-920c-0cb5e3052662;421.28;0.01;SELL
2016-04-07T00:03:01.463000;2016-04-07T00:03:01.553000;66beaaed-6aaf-4a40-b9e3-3d019edcc92d;421.28;0.01;SELL
2016-04-07T00:03:01.463000;2016-04-07T00:03:01.553000;f6effd7b-0177-42bf-8d9a-0e7623005d8f;421.25;0.01;SELL
2016-04-07T00:03:01.463000;2016-04-07T00:03:01.630000;3a1bf8f0-2035-4540-bdb2-8c6f13cec9bb;421.25;0.0115;SELL
2016-04-07T00:03:01.463000;2016-04-07T00:03:01.630000;660155c0-2ce6-4fde-bb4e-f5ebba8d5e45;421.12;0.0275;SELL
2016-04-07T00:03:01.463000;2016-04-07T00:03:01.630000;ac46c01c-b64e-4229-85e9-1b6ce6391e2b;421.1;0.04209;SELL
2016-04-07T00:03:01.463000;2016-04-07T00:03:01.630000;3e283028-0597-484e-abba-6f8ea5eb4f7b;421.09;0.01;SELL
2016-04-07T00:03:01.463000;2016-04-07T00:03:01.630000;d030978d-f117-46df-bfa3-0f60de8903e4;421.07;0.16498;SELL
2016-04-07T00:03:34.057000;2016-04-07T00:03:34.113000;101ff901-3de8-4dbf-ba25-72861da2381a;421.25;0.01;BUY
2016-04-07T00:03:34.057000;2016-04-07T00:03:34.130000;3d11c2c1-7fb2-4491-9834-74a8edb81722;421.29;0.17;BUY
2016-04-07T00:03:34.057000;2016-04-07T00:03:34.130000;32bf0378-5c01-4033-95a5-0270a4c208c8;421.3;0.01836;BUY
2016-04-07T00:03:34.057000;2016-04-07T00:03:34.130000;aa503c54-980a-4aef-b066-5be1f98d47aa;421.31;0.17;BUY
2016-04-07T00:03:34.057000;2016-04-07T00:03:34.147000;c7bb3262-db63-4299-b595-c9749b85015e;421.32;0.01;BUY
2016-04-07T00:03:34.057000;2016-04-07T00:03:34.223000;93adf2f7-1b9b-4359-b1ba-cf0a3c235fd1;421.32;0.17;BUY
2016-04-07T00:03:34.057000;2016-04-07T00:03:34.223000;d28b0f7d-7087-41a8-9e69-7c0055cf8adc;421.33;0.01;BUY
2016-04-07T00:03:34.057000;2016-04-07T00:03:34.223000;1e4cdcf7-a136-4e1f-a134-8bf348e66f4d;421.33;0.51;BUY
2016-04-07T00:03:34.057000;2016-04-07T00:03:34.223000;e2234278-7361-4bb5-8b14-fadce28ce66a;421.34;0.775;BUY
2016-04-07T00:03:34.057000;2016-04-07T00:03:34.223000;f1db68f1-e1e2-4370-8a0f-516d235b9492;421.34;0.1951;BUY
2016-04-07T00:03:34.057000;2016-04-07T00:03:34.223000;f07e793f-3dbd-4864-b0b9-ff0c5bcdb78f;421.35;0.01;BUY
2016-04-07T00:03:34.057000;2016-04-07T00:03:34.223000;25fcd8c0-2fab-4a40-8dbb-f2c60c0aabfc;421.35;0.51;BUY
2016-04-07T00:03:34.057000;2016-04-07T00:03:34.223000;bf1829b2-3709-4a2f-8b3e-5e350040bff4;421.36;0.24;BUY
2016-04-07T00:03:34.057000;2016-04-07T00:03:34.223000;3a02d66c-1ad5-4ddd-8274-b3690af671e7;421.37;1.06614;BUY
2016-04-07T00:04:04.533000;2016-04-07T00:04:04.600000;89055adc-0bf9-418b-84da-b16e6e34707e;421.26;0.01;SELL
2016-04-07T00:04:04.533000;2016-04-07T00:04:04.630000;fcf620c1-b436-44ab-803f-ba429aa72247;421.25;0.34;SELL
2016-04-07T00:04:04.533000;2016-04-07T00:04:04.630000;51719d9e-c16f-48c1-be71-934294571611;421.25;0.01;SELL
2016-04-07T00:04:04.533000;2016-04-07T00:04:04.630000;977cd6cb-5f57-491f-af98-7fcfbd13bae5;421.11;0.01;SELL
2016-04-07T00:04:04.533000;2016-04-07T00:04:04.630000;2cde8d6a-1964-488b-8d79-381684786c29;421.09;0.01;SELL
2016-04-07T00:04:04.533000;2016-04-07T00:04:04.693000;8f56bf99-48ef-4cb7-bdb1-c6bec73f9f27;421.08;0.12426;SELL
2016-04-07T00:04:32.470000;2016-04-07T00:04:32.537000;e9c9812f-2479-4bea-95d2-3513123ef0be;421.3;0.01;BUY
2016-04-07T00:04:32.470000;2016-04-07T00:04:32.553000;cc411be3-50be-4bd7-8f9b-e2cd0aea1d60;421.32;0.0275;BUY
2016-04-07T00:04:32.470000;2016-04-07T00:04:32.553000;e9e13698-d9c5-447a-9e21-f4d123972167;421.33;0.01;BUY
2016-04-07T00:04:32.470000;2016-04-07T00:04:32.553000;27702a23-950a-4d68-80dc-e618699b0c1a;421.34;0.01;BUY
2016-04-07T00:04:32.470000;2016-04-07T00:04:32.553000;701d0b17-59bb-46bc-b386-39e4a8df0bd8;421.35;0.01;BUY
2016-04-07T00:04:32.470000;2016-04-07T00:04:32.567000;f7be7540-f0b6-4622-b899-714ede063d54;421.35;0.01266;BUY
2016-04-07T00:05:05.043000;2016-04-07T00:05:05.100000;c3020100-9247-4f13-ac59-57d3281355c2;421.26;0.34782;BUY
2016-04-07T00:06:03.107000;2016-04-07T00:06:03.163000;5a777d1e-5fa4-400a-890e-0b4df7a8c8d6;421.29;0.01;SELL
2016-04-07T00:06:03.107000;2016-04-07T00:06:03.177000;7b8502a6-250f-4b54-944c-c22844999586;421.28;0.01;SELL
2016-04-07T00:06:03.107000;2016-04-07T00:06:03.177000;4f736cdf-3334-4083-9d7f-f38b679fa258;421.27;0.01;SELL
2016-04-07T00:06:03.107000;2016-04-07T00:06:03.177000;9e63bb5f-3737-4250-882e-5ca7d83bc419;421.25;0.01;SELL
2016-04-07T00:06:03.107000;2016-04-07T00:06:03.177000;0f44629c-3662-471b-823c-43454531efe2;421.24;0.101;SELL
2016-04-07T00:06:03.107000;2016-04-07T00:06:03.270000;635cbf0a-2726-4e63-8db7-2a470deb0f3e;421.19;0.118;SELL
2016-04-07T00:06:03.107000;2016-04-07T00:06:03.270000;74bdcdb6-1f47-473c-b5f3-1d2da3ffe333;421.15;0.0115;SELL
2016-04-07T00:06:03.107000;2016-04-07T00:06:03.270000;eefd99f9-ef71-4ca0-83d7-1a7fd0d4f66a;421.15;0.01;SELL
2016-04-07T00:06:03.107000;2016-04-07T00:06:03.270000;1af08e15-552f-4953-86f2-aa345ce4a266;421.14;0.1;SELL
2016-04-07T00:06:03.110000;2016-04-07T00:06:03.270000;7a005dfb-3433-4b34-8259-aede8de5d1a1;421.12;0.025;SELL
2016-04-07T00:06:03.110000;2016-04-07T00:06:03.270000;620991fa-5387-4eea-916b-5e2864a880a6;421.1;0.01;SELL
2016-04-07T00:06:03.110000;2016-04-07T00:06:03.270000;5f94f77b-750a-44d0-8d23-860190b41395;421.09;0.076;SELL
2016-04-07T00:06:03.110000;2016-04-07T00:06:03.270000;8de481b4-b8f3-41ac-9c84-88f49ed3fb11;421.08;0.02;SELL
2016-04-07T00:06:03.110000;2016-04-07T00:06:03.270000;0252432b-1393-4044-8817-3a469990e4a3;421.07;0.55;SELL
2016-04-07T00:06:03.110000;2016-04-07T00:06:03.270000;470ad235-a637-45de-95b8-ad2ff5dc97f9;421.06;0.722;SELL
2016-04-07T00:06:03.110000;2016-04-07T00:06:03.270000;2649d09f-225b-4aad-b6c9-d6ba8c8e3406;421.05;0.445;SELL
2016-04-07T00:06:03.110000;2016-04-07T00:06:03.270000;48aa0208-3d5b-4ded-a24b-8985007e0f57;421.04;0.306;SELL
2016-04-07T00:06:03.110000;2016-04-07T00:06:03.270000;4b13eebf-c9c7-41f5-9783-84b24b84d6ee;421.04;0.106;SELL
2016-04-07T00:06:03.110000;2016-04-07T00:06:03.270000;3b20cccc-c8db-4867-b3a3-56caea55df3d;421.02;0.48886;SELL
2016-04-07T00:06:03.110000;2016-04-07T00:06:03.270000;7b0d3050-e2f7-4055-a34f-6f5cde416494;421.01;0.596;SELL
2016-04-07T00:06:03.110000;2016-04-07T00:06:03.270000;ff143976-ab53-4c70-8c4d-00d5d0e2c090;421.0;0.1952;SELL
2016-04-07T00:06:03.110000;2016-04-07T00:06:03.270000;b55db621-f9e8-469b-9020-56a0bdec4d5c;420.99;0.092;SELL
2016-04-07T00:06:03.110000;2016-04-07T00:06:03.270000;5a2fe8e7-8b7c-43a7-975c-941701d3c9bc;420.97;1.36;SELL
2016-04-07T00:06:03.110000;2016-04-07T00:06:03.270000;06fb7de0-8330-4e93-a33f-644da960de70;420.96;0.01;SELL
2016-04-07T00:06:03.110000;2016-04-07T00:06:03.270000;cee45aa7-2d82-46c0-ac0c-923536961f65;420.95;1.53;SELL
2016-04-07T00:06:03.110000;2016-04-07T00:06:03.270000;7f1a9ce3-3e18-450e-a9a4-359771d21407;420.94;0.025;SELL
2016-04-07T00:06:03.110000;2016-04-07T00:06:03.270000;e237b6db-a931-46f7-baf1-f4043e748c27;420.94;0.103;SELL
2016-04-07T00:06:03.110000;2016-04-07T00:06:03.270000;2ccf96c9-3901-4a11-b291-a8c43c1f0947;420.92;1.82115;SELL
2016-04-07T00:06:43.057000;2016-04-07T00:06:43.113000;c8fb1ded-e1b2-4598-b1d4-94e5f54bc32e;421.15;0.025;BUY
2016-04-07T00:06:43.057000;2016-04-07T00:06:43.113000;11c0884d-2a15-477a-8fa1-6620eeae057f;421.15;0.498;BUY
2016-04-07T00:06:43.057000;2016-04-07T00:06:43.113000;5e3e02cc-e381-43da-8fe0-2bc0401971a0;421.19;1.53;BUY
2016-04-07T00:06:43.057000;2016-04-07T00:06:43.177000;8e806784-9d30-4b3c-81bd-d21b82895245;421.2;0.53258;BUY
2016-04-07T00:07:38.407000;2016-04-07T00:07:38.460000;45078b7f-cb6c-439e-9ec1-f9c23c1c6e3b;421.15;0.17;BUY
2016-04-07T00:07:38.407000;2016-04-07T00:07:38.460000;a69667d4-1f60-456c-9e47-15124f81d7ac;421.16;0.025;BUY
2016-04-07T00:07:38.407000;2016-04-07T00:07:38.473000;9d2411f6-01bf-442f-9bb0-6d5b60a13ebe;421.16;0.19;BUY
2016-04-07T00:07:38.407000;2016-04-07T00:07:38.507000;1d1869ab-fd9a-4c83-9714-989cb0bdf1e7;421.16;0.17;BUY
2016-04-07T00:07:38.407000;2016-04-07T00:07:38.507000;bfd48231-9ca4-483b-b351-0e6f072d0f98;421.17;0.09221;BUY
2016-04-07T00:08:02.263000;2016-04-07T00:08:02.317000;7315241a-6e7b-4530-8f2b-cb76375297e6;421.2;0.85;BUY
2016-04-07T00:08:02.263000;2016-04-07T00:08:02.333000;6a42a7b8-970a-438b-9127-c55b4c02ac76;421.21;0.606;BUY
2016-04-07T00:08:02.263000;2016-04-07T00:08:02.333000;8a0b580d-9879-48db-8d86-bf6ffecba0c8;421.22;2.5094;BUY
2016-04-07T00:08:32.963000;2016-04-07T00:08:33.020000;a8d81eee-781f-43a7-9a51-3c4b191df481;421.14;0.01;SELL
2016-04-07T00:08:32.963000;2016-04-07T00:08:33.020000;d0ee77cd-c9d4-48c4-bc38-a4a22aa40159;421.13;0.115;SELL
2016-04-07T00:08:32.963000;2016-04-07T00:08:33.020000;6d1f096c-1032-4250-8ad4-d1b975dbfa6a;421.13;0.18;SELL
2016-04-07T00:08:32.963000;2016-04-07T00:08:33.020000;e09b8ad3-1adc-4bcf-98ee-4bcdfad52576;421.13;0.045;SELL
2016-04-07T00:09:32.633000;2016-04-07T00:09:32.677000;cbda2df0-86eb-4aad-a008-32f19acd5188;421.2;0.0275;BUY
2016-04-07T00:09:32.633000;2016-04-07T00:09:32.693000;a8b2bd1d-091c-4e95-a22a-3192b1372931;421.2;0.19;BUY
2016-04-07T00:09:32.633000;2016-04-07T00:09:32.693000;ba85c1d4-aabf-4050-a191-8cf4b4cca1f0;421.2;0.01758;BUY
2016-04-07T00:10:01.903000;2016-04-07T00:10:01.960000;9fb63c2b-747f-4370-b876-14a36d0af187;421.23;0.224;BUY
2016-04-07T00:10:01.903000;2016-04-07T00:10:01.960000;15d94059-e76e-45a6-a7e1-a3704bd00128;421.24;0.51;BUY
2016-04-07T00:10:01.903000;2016-04-07T00:10:01.960000;ed6c73ce-4504-4541-979e-29db2f9cb77f;421.25;0.01;BUY
2016-04-07T00:10:01.903000;2016-04-07T00:10:01.960000;38a47fac-faf7-4fb6-8b57-bff5f8e46ac1;421.25;0.1952;BUY
2016-04-07T00:10:01.903000;2016-04-07T00:10:01.973000;dc6f2fbe-19b0-498c-8d16-fc21555ffbdc;421.26;0.85;BUY
2016-04-07T00:10:01.903000;2016-04-07T00:10:01.973000;0ad6dc98-5c8d-4f03-8555-7b16f17eb8a5;421.27;0.01;BUY
2016-04-07T00:10:01.903000;2016-04-07T00:10:01.973000;57a7c5d4-9aa0-45eb-9724-1b8439c33096;421.3;0.01;BUY
2016-04-07T00:10:01.903000;2016-04-07T00:10:01.990000;e482bdf1-04e5-4125-9ec2-004de04ca6de;421.3;0.01;BUY
2016-04-07T00:10:01.903000;2016-04-07T00:10:01.990000;b5fb1ce2-bf98-431b-a98d-fffbdbcddf81;421.3;1.02;BUY
2016-04-07T00:10:01.903000;2016-04-07T00:10:01.990000;35676067-5126-4930-8085-5a1a8e80d349;421.31;0.01;BUY
2016-04-07T00:10:01.907000;2016-04-07T00:10:02.007000;bd129dcf-dcd8-4bec-829a-18de6a624288;421.31;0.3;BUY
2016-04-07T00:10:01.907000;2016-04-07T00:10:02.007000;a098fe28-7c3c-4f6d-8844-50a42235b1d4;421.32;0.7102;BUY
2016-04-07T00:11:01.517000;2016-04-07T00:11:01.553000;a6d8eeb3-93a4-4f9a-bb13-c02e1e443219;421.24;0.01;SELL
2016-04-07T00:11:17.723000;2016-04-07T00:11:17.770000;d91b5c83-2417-46b3-b312-affd5ce33e65;421.26;0.233;BUY
2016-04-07T00:11:17.723000;2016-04-07T00:11:17.770000;3573ae4f-52c1-4cd0-b2dd-6442c3b89971;421.26;0.075;BUY
2016-04-07T00:11:17.723000;2016-04-07T00:11:17.787000;f9b2540a-58ed-47a1-ad3e-142082a0c162;421.26;0.025;BUY
2016-04-07T00:11:17.723000;2016-04-07T00:11:17.833000;7ddcb1ec-c56c-4e57-a55e-00cdadc8c127;421.27;0.01;BUY
2016-04-07T00:11:17.723000;2016-04-07T00:11:17.833000;c188a4aa-1a53-4e79-8f91-6481717b72ce;421.28;0.01;BUY
2016-04-07T00:11:17.727000;2016-04-07T00:11:17.833000;7fd5adf5-d604-4cdd-bd79-0677ef90b6d4;421.29;0.01;BUY
2016-04-07T00:11:17.727000;2016-04-07T00:11:17.833000;667bfc8e-a36a-4460-8a3b-4c523157cca3;421.3;0.01;BUY
2016-04-07T00:11:17.727000;2016-04-07T00:11:17.833000;a5065ede-fca8-4359-b249-a756a7939506;421.31;0.10699947;BUY
2016-04-07T00:11:32.473000;2016-04-07T00:11:32.520000;1e3af92c-6c28-44f6-ac71-78b50b07d834;421.24;0.01;SELL
2016-04-07T00:11:32.473000;2016-04-07T00:11:32.520000;9c579c68-eeba-4426-a8c5-27e2f8bf5a52;421.23;0.01;SELL
2016-04-07T00:11:32.473000;2016-04-07T00:11:32.520000;cdc79bec-e84c-49eb-8e8a-47ef4b4ecce5;421.23;0.11621;SELL
2016-04-07T00:12:02.803000;2016-04-07T00:12:02.833000;2038f721-65e8-49c9-83a6-41161f36c379;421.12;0.01;SELL
2016-04-07T00:12:02.803000;2016-04-07T00:12:02.850000;1923cff1-8d5f-4da9-9ebb-d21146cc5475;421.1;0.02;SELL
2016-04-07T00:12:02.803000;2016-04-07T00:12:02.850000;71930c6b-f030-4307-90bf-52280f3ad017;421.09;0.01;SELL
2016-04-07T00:12:02.803000;2016-04-07T00:12:02.850000;e36a0acf-7e71-4adb-82e0-e9fa9a2e4fa2;421.08;0.0275;SELL
2016-04-07T00:12:02.803000;2016-04-07T00:12:02.850000;2d3bc4bf-583f-4598-941c-1be37f96d654;421.08;0.084;SELL
2016-04-07T00:12:02.803000;2016-04-07T00:12:02.897000;96f52925-6996-4663-94ba-9082df5319a2;421.03;0.116;SELL
2016-04-07T00:12:02.803000;2016-04-07T00:12:02.897000;c8455b8a-7499-483b-bb52-15012578276f;421.03;0.3;SELL
2016-04-07T00:12:02.803000;2016-04-07T00:12:02.897000;58cb3569-8d90-4296-9812-e6e1e2bfc651;421.0;0.0115;SELL
2016-04-07T00:12:02.803000;2016-04-07T00:12:02.897000;b6d0e614-6af9-4bd7-80b7-a0823dbc6dea;420.98;0.082;SELL
2016-04-07T00:12:02.803000;2016-04-07T00:12:02.913000;50ec1ee3-c656-4b69-9352-0ed216c9f986;420.98;0.3;SELL
2016-04-07T00:12:02.803000;2016-04-07T00:12:02.913000;4bbea041-853b-4709-96f6-f67c87f54958;420.94;0.07796;SELL
2016-04-07T00:12:31.600000;2016-04-07T00:12:31.630000;cae111fa-f6f6-41c9-bf2e-c8f6b463e180;421.2;0.11751;BUY
2016-04-07T00:12:36.520000;2016-04-07T00:12:36.553000;ccb31689-631a-480e-b822-6b6e5dd4f875;421.2;0.01;BUY
2016-04-07T00:13:01.790000;2016-04-07T00:13:01.947000;f47fc584-1bee-492a-8f2a-8eff925a222f;421.11;0.01;SELL
2016-04-07T00:13:31.847000;2016-04-07T00:13:32.010000;a641cb97-32e3-46db-b1cb-2ab5e2ffeb6d;421.2;0.21;BUY
2016-04-07T00:13:31.847000;2016-04-07T00:13:32.027000;1cb32103-2d86-4ce2-af1e-ccf2b5021fd1;421.2;0.081;BUY
2016-04-07T00:13:31.850000;2016-04-07T00:13:32.027000;e4f64194-030c-49a1-9f54-e89d58a47e97;421.23;0.231;BUY
2016-04-07T00:13:31.850000;2016-04-07T00:13:32.027000;67992df5-e81e-45e9-93c1-1036a1e6f2da;421.24;0.01;BUY
2016-04-07T00:13:31.850000;2016-04-07T00:13:32.027000;bc655532-a51a-4cec-9e89-4b17355ab967;421.25;0.01;BUY
2016-04-07T00:13:31.850000;2016-04-07T00:13:32.057000;02195a5e-24b7-4dfa-8d88-435bf9e681d6;421.25;0.01;BUY
2016-04-07T00:13:31.850000;2016-04-07T00:13:32.057000;b3514415-5e74-4ffa-983b-17030c13f68c;421.25;0.105;BUY
2016-04-07T00:13:31.850000;2016-04-07T00:13:32.090000;cd073b40-565a-4cb7-82b5-1b5c29f95c56;421.28;0.0275;BUY
2016-04-07T00:13:31.850000;2016-04-07T00:13:32.103000;6d879582-a7e2-4f45-ba6b-22bad488fc2f;421.28;0.0207;BUY
2016-04-07T00:13:32.247000;2016-04-07T00:13:32.400000;1f1186ec-c682-4405-8565-1a4471184d13;421.29;0.01;BUY
2016-04-07T00:13:32.433000;2016-04-07T00:13:32.590000;11355fe1-c028-426b-807d-cb3a3f500429;421.3;0.01;BUY
2016-04-07T00:13:32.433000;2016-04-07T00:13:32.603000;861a4ed4-87ad-4f2a-9abb-73657ed14567;421.31;0.00807;BUY
2016-04-07T00:13:33.287000;2016-04-07T00:13:33.447000;cba273f2-c413-4870-9af5-4a9963c47877;421.22;0.10757089;BUY
2016-04-07T00:14:32.223000;2016-04-07T00:14:32.387000;fc82d9f0-f7b4-4b8d-bcab-a62834e0254f;421.21;0.75;BUY
2016-04-07T00:14:32.223000;2016-04-07T00:14:32.400000;9739a8af-0bfa-4313-ab46-8adef5954e26;421.21;2.611;BUY
2016-04-07T00:14:32.223000;2016-04-07T00:14:32.400000;109ec515-c133-4a8e-ae8d-6c6b93e717a7;421.23;1.57525;BUY
2016-04-07T00:14:44.150000;2016-04-07T00:14:44.307000;21a094bb-fb3e-4f19-9812-6a4c1073b667;421.22;0.44534;BUY
2016-04-07T00:14:44.213000;2016-04-07T00:14:44.370000;38e3fc59-99d6-417a-9c09-a1dcf5c11891;421.22;0.07966;BUY
2016-04-07T00:14:44.817000;2016-04-07T00:14:44.993000;2075a0f3-6fae-4204-9a49-361aa40c651c;421.22;0.015;BUY
2016-04-07T00:15:06.780000;2016-04-07T00:15:06.933000;de78db21-80e5-46a1-9a0b-e24f5407d77d;421.14;0.03;SELL
2016-04-07T00:15:06.780000;2016-04-07T00:15:06.947000;293ca9cd-647c-479e-868b-83d808d0943c;421.1;0.098;SELL
2016-04-07T00:15:06.780000;2016-04-07T00:15:06.947000;f361ab3b-8fb6-4ea6-940d-5123c0302857;421.05;0.095;SELL
2016-04-07T00:15:06.780000;2016-04-07T00:15:06.993000;69a70b8b-b8fe-44d5-9d22-1448e721de0b;421.0;0.0115;SELL
2016-04-07T00:15:06.780000;2016-04-07T00:15:06.993000;3a7cee13-513e-4319-b239-47ac0ef83a30;421.0;0.095;SELL
2016-04-07T00:15:06.783000;2016-04-07T00:15:06.993000;34f81981-461d-40ee-a7a2-a52568d14fb9;420.95;0.094;SELL
2016-04-07T00:15:06.783000;2016-04-07T00:15:06.993000;7072b8c6-9df7-4c23-bce3-67656497cd7d;420.93;0.01;SELL
2016-04-07T00:15:06.783000;2016-04-07T00:15:06.993000;ba318652-95a6-45b3-8104-5bc158d099bb;420.92;0.01;SELL
2016-04-07T00:15:06.783000;2016-04-07T00:15:07.010000;deec4a19-a00d-44a1-9190-649696724b8d;420.9;0.1954;SELL
2016-04-07T00:15:06.783000;2016-04-07T00:15:07.043000;7772ba8a-fa55-4c58-bbee-62b475080652;420.9;0.00921;SELL
2016-04-07T00:15:31.513000;2016-04-07T00:15:31.667000;3bb412ee-5bcd-4c5d-bf3d-be8856148a34;421.12;0.02;SELL
2016-04-07T00:15:31.513000;2016-04-07T00:15:31.697000;f3fe49dd-6301-4c0d-b739-27ed0f4afe57;421.06;0.094;SELL
2016-04-07T00:15:31.513000;2016-04-07T00:15:31.697000;d8bcba3f-2347-44b7-befb-f36850ca7a54;421.01;0.01;SELL
2016-04-07T00:15:31.513000;2016-04-07T00:15:31.697000;0c66effe-2b06-4ae1-837f-5e4d3f0a75e7;421.0;0.122;SELL
2016-04-07T00:15:31.513000;2016-04-07T00:15:31.697000;3a5944e5-bd59-45fe-a3ac-3f5e2814ede5;420.95;0.083;SELL
2016-04-07T00:15:31.513000;2016-04-07T00:15:31.760000;b89d2b4d-8590-4029-8ce3-c6ed61b42625;420.9;0.2915;SELL
2016-04-07T00:16:01.573000;2016-04-07T00:16:01.713000;df71b93d-c6ac-4077-9fd3-c7ff340c12ae;421.04;0.01;SELL
2016-04-07T00:16:01.573000;2016-04-07T00:16:01.747000;eadeab31-715d-43fb-8058-c5448a59853e;421.03;0.01;SELL
2016-04-07T00:16:01.573000;2016-04-07T00:16:01.747000;7b6f8780-123d-45b0-986e-410a772afe7b;421.0;0.112;SELL
2016-04-07T00:16:01.573000;2016-04-07T00:16:01.747000;c7662c9f-1e66-48d4-a7f4-aad568793412;420.95;0.101;SELL
2016-04-07T00:16:01.573000;2016-04-07T00:16:01.747000;a7945b3b-6fb7-4c96-a424-1014262e6d75;420.92;0.0046;SELL
2016-04-07T00:16:32.523000;2016-04-07T00:16:32.667000;18ebb616-cca2-483c-91b2-6ea5f6cb8d82;421.09;0.624;BUY
2016-04-07T00:16:32.523000;2016-04-07T00:16:32.683000;b1ea999a-040b-4763-b87d-acc33d62abfe;421.1;0.44576;BUY
2016-04-07T00:17:03.560000;2016-04-07T00:17:03.697000;061d4ae9-f5dd-4bc7-900a-57d7b6ebfaa2;420.99;0.01;BUY
2016-04-07T00:17:03.560000;2016-04-07T00:17:03.713000;f455b135-0223-44b2-bd92-e57f5f4750c9;421.09;1.63588;BUY
2016-04-07T00:17:32.817000;2016-04-07T00:17:32.963000;af869803-f384-4784-8445-41a9c38de5a2;421.01;0.01;SELL
2016-04-07T00:17:32.817000;2016-04-07T00:17:32.980000;b01fc235-6861-4263-919e-c94536f4def4;421.01;0.611;SELL
2016-04-07T00:17:32.817000;2016-04-07T00:17:32.980000;eecb2caf-d515-43d6-b48f-5f60c227c3a7;421.01;0.1301;SELL
2016-04-07T00:18:02.400000;2016-04-07T00:18:02.557000;d7c2350e-2e66-46bb-9128-bc6fa8702150;421.02;0.17;BUY
2016-04-07T00:18:02.403000;2016-04-07T00:18:02.557000;e21da608-45c7-4530-84be-32db7ac72ba3;421.02;0.13;BUY
2016-04-07T00:18:02.403000;2016-04-07T00:18:02.557000;d7d57f44-ab02-47a0-90b8-78b82ace5ddd;421.03;0.459;BUY
2016-04-07T00:18:02.403000;2016-04-07T00:18:02.603000;b5208586-6a44-4bbe-8311-1f9ff7ccd294;421.04;0.66591;BUY
2016-04-07T00:18:32.863000;2016-04-07T00:18:33.027000;25fc3565-b958-4bc5-aa7c-5a8bb1cfcc02;420.99;0.01;SELL
2016-04-07T00:18:32.863000;2016-04-07T00:18:33.027000;28d81476-daae-4691-9b31-de50fa7042d5;420.99;0.7374;SELL
2016-04-07T00:19:00.480000;2016-04-07T00:19:00.637000;546c2abe-9338-469d-94c4-7df3740ee170;421.05;0.01;BUY
2016-04-07T00:19:01.617000;2016-04-07T00:19:01.760000;4f4da0eb-0bdf-4220-b78e-f481dc7a5c5c;421.05;0.29071;BUY
2016-04-07T00:19:01.617000;2016-04-07T00:19:01.760000;333296dc-0ca7-40c3-9fe8-45bbd7c78541;421.09;0.66279;BUY
2016-04-07T00:19:07.007000;2016-04-07T00:19:07.150000;3358d204-ef41-41dc-87e3-0189e7ee2b59;421.09;0.43005;BUY
2016-04-07T00:19:21.713000;2016-04-07T00:19:21.853000;6dfd8053-da9b-4896-b062-37301911d1d3;421.09;0.01271;BUY
2016-04-07T00:19:30.263000;2016-04-07T00:19:30.400000;83c946ec-8318-4790-bed4-ac8073541b2a;421.09;0.09;BUY
2016-04-07T00:19:31.653000;2016-04-07T00:19:31.793000;24216b01-4d27-4769-8346-ae678d4d63ed;421.09;0.1101;BUY
2016-04-07T00:19:31.653000;2016-04-07T00:19:31.807000;470f3ab9-0f83-4001-86fb-bb0e82b8ab57;421.09;0.26612;BUY
2016-04-07T00:20:02.963000;2016-04-07T00:20:03.090000;79e95ee6-c215-4fd1-a491-efc518908a05;421.1;0.58902;BUY
2016-04-07T00:20:31.977000;2016-04-07T00:20:32.120000;ace0fc9c-2f65-4979-b84f-7aed61873a9c;421.09;0.48886;BUY
2016-04-07T00:20:31.977000;2016-04-07T00:20:32.137000;376b8f85-86c1-4749-a0ac-c66d634adb56;421.1;1.65774;BUY
2016-04-07T00:21:02.497000;2016-04-07T00:21:02.637000;c68019d9-a52c-4b79-a34d-01714d262a80;421.08;0.01;SELL
2016-04-07T00:21:02.500000;2016-04-07T00:21:02.650000;b0fd97f5-8349-42d6-b0af-95ff7d515319;421.08;5.08;SELL
2016-04-07T00:21:02.500000;2016-04-07T00:21:02.650000;a6ea5448-af01-4189-93f4-24dfc5e94110;421.06;0.01;SELL
2016-04-07T00:21:02.500000;2016-04-07T00:21:02.650000;bd678352-3537-4d06-9681-69c32b4e78dc;421.02;0.3505;SELL
2016-04-07T00:21:32.127000;2016-04-07T00:21:32.260000;0ab743a1-09e9-4869-a6e3-e0be3bd8fed1;421.1;0.01;SELL
2016-04-07T00:21:32.127000;2016-04-07T00:21:32.277000;85e68411-220c-48e1-8362-2fc56132a121;421.04;0.0399;SELL
2016-04-07T00:21:51.347000;2016-04-07T00:21:51.480000;766ec831-f39d-4b84-8000-0fba2ae3eb9a;421.11;0.01;SELL
2016-04-07T00:21:51.347000;2016-04-07T00:21:51.497000;e156f2a4-7c21-4c0a-bee1-c84164b453dd;421.11;0.0259;SELL
2016-04-07T00:21:51.347000;2016-04-07T00:21:51.497000;de94193b-22b8-459f-8c41-3efae9e29741;421.11;0.0262;SELL
2016-04-07T00:21:51.347000;2016-04-07T00:21:51.497000;cdd1d633-6e89-4185-bcb0-d284b15f8ba1;421.11;0.0253;SELL
2016-04-07T00:21:51.347000;2016-04-07T00:21:51.497000;fb7e2e74-c056-495a-9e22-a2626a953f05;421.09;0.0228;SELL
2016-04-07T00:21:51.347000;2016-04-07T00:21:51.527000;711a9c06-c409-4d54-9598-51a0526c0806;421.07;0.0264;SELL
2016-04-07T00:21:51.347000;2016-04-07T00:21:51.543000;76846594-f3a0-4427-9c8c-3efc4448cb4d;421.05;0.0255;SELL
2016-04-07T00:21:51.347000;2016-04-07T00:21:51.543000;757e1d7f-3c8b-4e35-a946-4cbf892b0b6a;421.04;0.128;SELL
2016-04-07T00:21:51.347000;2016-04-07T00:21:51.543000;d0f13b8a-5fb0-4a87-bddd-0c33454aeb92;421.03;0.0266;SELL
2016-04-07T00:21:51.350000;2016-04-07T00:21:51.543000;9ef6c3c7-3999-4272-aa68-10f8237c3af8;421.01;0.0226;SELL
2016-04-07T00:21:51.350000;2016-04-07T00:21:51.557000;490f677d-2016-4d20-9543-8633d51d9624;420.99;0.75;SELL
2016-04-07T00:21:51.350000;2016-04-07T00:21:51.557000;8d32f8b6-93a5-4054-b37c-e01f7cc56009;420.99;0.106;SELL
2016-04-07T00:21:51.350000;2016-04-07T00:21:51.557000;5a3675ce-f767-46a5-9213-c176efcc9ecc;420.98;0.7647;SELL
2016-04-07T00:22:03.333000;2016-04-07T00:22:03.463000;eac4a14d-0c3d-438c-9430-28ad9d251247;421.12;0.01;BUY
2016-04-07T00:22:03.333000;2016-04-07T00:22:03.463000;35f01dca-add6-4bcb-89dd-a5517e90579f;421.12;0.076;BUY
2016-04-07T00:22:03.337000;2016-04-07T00:22:03.497000;5c733a61-2ebc-4e88-aa24-588b26bc7a1e;421.13;0.01;BUY
2016-04-07T00:22:03.337000;2016-04-07T00:22:03.497000;97dd5e52-1d43-4a1f-8f25-e9f6598bd454;421.14;0.01;BUY
2016-04-07T00:22:03.337000;2016-04-07T00:22:03.497000;be6645de-0d9d-425d-8459-963331312d20;421.14;0.01;BUY
2016-04-07T00:22:03.337000;2016-04-07T00:22:03.497000;877236f6-fbae-4184-8350-cb28ba2174ae;421.15;0.01;BUY
2016-04-07T00:22:03.337000;2016-04-07T00:22:03.527000;2fa68050-2cd2-4eed-9381-96fae4c69fa8;421.15;0.025;BUY
2016-04-07T00:22:03.337000;2016-04-07T00:22:03.527000;66bd47e2-dbf0-483b-b277-500b14e91422;421.16;0.01;BUY
2016-04-07T00:22:03.337000;2016-04-07T00:22:03.527000;d9366337-b291-4665-a02b-80d845ee68d1;421.17;0.22;BUY
2016-04-07T00:22:03.337000;2016-04-07T00:22:03.527000;f11592e9-b3f0-40ee-a3dc-6291df8ee048;421.17;0.3;BUY
2016-04-07T00:22:03.337000;2016-04-07T00:22:03.527000;8ac9a6e9-5151-4fd2-a032-e17c006a3bd2;421.17;0.3;BUY
2016-04-07T00:22:03.337000;2016-04-07T00:22:03.543000;0fb5eb9e-7058-42df-855f-b380fdd8d124;421.19;0.01;BUY
2016-04-07T00:22:03.337000;2016-04-07T00:22:03.543000;1853b09f-9fa0-4c36-a12e-737bd00d8cd7;421.19;0.18449;BUY
2016-04-07T00:22:21.877000;2016-04-07T00:22:22.027000;b6874a13-d150-4eac-9a67-4c58be7d0f16;421.19;0.01;BUY
2016-04-07T00:22:21.880000;2016-04-07T00:22:22.027000;5279aba8-5def-43ba-b181-60c47156bdd4;421.19;0.07449;BUY
2016-04-07T00:22:22.783000;2016-04-07T00:22:22.917000;5b8f10ab-d08c-478e-81e2-c62f7b9330fb;421.19;0.05202;BUY
2016-04-07T00:22:22.783000;2016-04-07T00:22:22.917000;82a2b026-57f6-4978-abba-f5d54b942d74;421.19;0.097;BUY
2016-04-07T00:22:22.783000;2016-04-07T00:22:22.917000;28dffd55-b67c-4f5b-ad08-a4a777b3f79d;421.2;0.21728;BUY
2016-04-07T00:22:32.273000;2016-04-07T00:22:32.417000;6781120b-57aa-4e8b-bbfb-6fae6a281857;421.12;0.01;SELL
2016-04-07T00:22:32.273000;2016-04-07T00:22:32.417000;df6fa20d-6e18-4596-8fcd-f04e03540568;421.11;0.01;SELL
2016-04-07T00:22:32.273000;2016-04-07T00:22:32.417000;d0e40b84-e0a9-47ad-b765-dbfa8a1b706e;421.04;0.025;SELL
2016-04-07T00:22:32.273000;2016-04-07T00:22:32.433000;e6db8d2e-1a5e-42f0-a59c-326c6317c2a1;421.04;0.3;SELL
2016-04-07T00:22:32.273000;2016-04-07T00:22:32.433000;900148bb-5b4e-4fe0-b293-d83f8358d53d;421.04;0.3;SELL
2016-04-07T00:22:32.277000;2016-04-07T00:22:32.433000;3435139d-7671-4ea3-930f-6108f9067b9b;421.03;0.121;SELL
2016-04-07T00:22:32.277000;2016-04-07T00:22:32.433000;6364a4ab-f6f2-49dc-9cf4-fe504455cf85;421.03;0.3;SELL
2016-04-07T00:22:32.277000;2016-04-07T00:22:32.480000;12eae15b-2e07-403d-bca8-df51da17e464;421.03;0.3;SELL
2016-04-07T00:22:32.277000;2016-04-07T00:22:32.497000;2fc831fc-4710-4bc9-9509-aac96a0215fa;421.0;0.48897;SELL
2016-04-07T00:22:32.277000;2016-04-07T00:22:32.497000;a2c5c67e-8cb1-4bf3-a037-04ccfbbd415e;420.99;0.55179;SELL
2016-04-07T00:23:02.323000;2016-04-07T00:23:02.450000;446c95c9-4729-4f23-88f7-a16c4bd393c3;421.16;0.01;SELL
2016-04-07T00:23:02.323000;2016-04-07T00:23:02.463000;87ad5d40-55c7-4c1e-b482-b8eefdf6836a;421.16;0.0167;SELL
2016-04-07T00:23:02.323000;2016-04-07T00:23:02.463000;afc1089f-ca57-4859-ba47-0a88ad1536dd;421.16;0.0176;SELL
2016-04-07T00:23:02.323000;2016-04-07T00:23:02.463000;b1b1b4a0-fe9c-4fea-a7e3-9c3eeb87e1b2;421.16;0.0163;SELL
2016-04-07T00:23:02.327000;2016-04-07T00:23:02.480000;ce28028b-14f8-48dc-9a61-b9a5e732fc0a;421.11;0.01;SELL
2016-04-07T00:23:02.327000;2016-04-07T00:23:02.480000;70fc808d-5a85-44cd-a52b-c1f2df7fddb9;421.1;0.01;SELL
2016-04-07T00:23:02.327000;2016-04-07T00:23:02.543000;0caaaa2a-2602-4347-9cea-0ab50a46791c;421.05;0.105;SELL
2016-04-07T00:23:02.327000;2016-04-07T00:23:02.557000;dd427906-014c-4fe1-8473-1afa9cd51ce8;421.0;0.2002;SELL
2016-04-07T00:23:02.327000;2016-04-07T00:23:02.557000;bdbbdf0b-32b0-417b-9ddc-725cce947bb8;421.0;0.46795;SELL
2016-04-07T00:23:31.550000;2016-04-07T00:23:31.667000;339974c8-2813-4763-9a23-6f18707cdb77;421.14;0.11753;BUY
2016-04-07T00:24:03.140000;2016-04-07T00:24:03.260000;b49b8bd0-c20c-4d45-8718-bd141a063c1f;421.14;0.20447;BUY
2016-04-07T00:24:03.140000;2016-04-07T00:24:03.277000;28d8a531-0b5a-4f1d-b8cf-32215b667de8;421.14;0.44;BUY
2016-04-07T00:24:03.140000;2016-04-07T00:24:03.277000;71da08d1-05e4-4b6d-8449-e8a607eaed35;421.14;0.29589;BUY
2016-04-07T00:24:35.513000;2016-04-07T00:24:35.637000;908db779-9ed2-422e-9861-44d0a5899457;421.04;0.01;SELL
2016-04-07T00:24:35.513000;2016-04-07T00:24:35.637000;5bc29487-d20c-4d9f-a5b7-dc72e61e34a9;421.03;0.3075;SELL
2016-04-07T00:25:02.483000;2016-04-07T00:25:02.603000;f45143e6-4d28-48df-b8c7-6098d3764d1b;421.14;0.5658;BUY
2016-04-07T00:25:36.147000;2016-04-07T00:25:36.260000;ba2765da-63ba-40e3-a884-215ddf025b8d;421.14;0.0982;BUY
2016-04-07T00:25:36.147000;2016-04-07T00:25:36.277000;63f436ab-315a-4fb8-a9a0-86150692449a;421.14;0.3;BUY
2016-04-07T00:25:36.150000;2016-04-07T00:25:36.277000;16c84683-db63-4400-83c9-304cb409b6eb;421.14;0.449;BUY
2016-04-07T00:25:36.150000;2016-04-07T00:25:36.277000;e2b790e2-30ce-485d-8b41-016387217c15;421.14;0.87;BUY
2016-04-07T00:25:36.150000;2016-04-07T00:25:36.307000;831a06b1-5193-470b-ae7e-3f62a852897f;421.15;0.01;BUY
2016-04-07T00:25:36.150000;2016-04-07T00:25:36.370000;77c8f3ef-2549-437a-8e90-172f4878f96f;421.15;0.75;BUY
2016-04-07T00:25:36.150000;2016-04-07T00:25:36.370000;3e99d990-d1f0-4876-838f-ad612248d345;421.16;0.07412;BUY
2016-04-07T00:26:02.307000;2016-04-07T00:26:02.417000;10a1f168-ced1-4b32-861e-3456d88f4fbb;421.14;0.2292;BUY
2016-04-07T00:26:33.630000;2016-04-07T00:26:33.747000;50ae548f-3ad6-4b1b-8930-261f1781033f;421.03;0.02;BUY
2016-04-07T00:26:33.630000;2016-04-07T00:26:33.760000;94406bc3-f984-4175-8a23-6b5316956962;421.13;0.57724;BUY
2016-04-07T00:27:02.460000;2016-04-07T00:27:02.573000;51179893-5314-40db-b1a0-c29e35058635;421.14;0.79055;BUY
2016-04-07T00:27:02.460000;2016-04-07T00:27:02.590000;97e32ece-d16d-4915-b1d7-924af9e8caf7;421.16;0.12608;BUY
2016-04-07T00:27:02.460000;2016-04-07T00:27:02.590000;d346c4c5-0a38-424c-9365-0d26e75832a1;421.16;0.3;BUY
2016-04-07T00:27:02.460000;2016-04-07T00:27:02.590000;272997a6-2785-4c01-8330-c0eb5dcf4472;421.17;0.01;BUY
2016-04-07T00:27:02.460000;2016-04-07T00:27:02.603000;ea88e0e8-a2ce-4d12-be50-85a0fa34536e;421.17;0.78135;BUY
2016-04-07T00:27:32.223000;2016-04-07T00:27:32.340000;e4184b1a-0efd-427a-a061-67188731cc4a;421.16;0.08359139;SELL
2016-04-07T00:27:32.223000;2016-04-07T00:27:32.353000;ae6ef470-d970-445a-9851-2252a6becf71;421.16;0.35680603;SELL
2016-04-07T00:27:32.223000;2016-04-07T00:27:32.353000;c855dc0e-1799-49c5-a9d8-6677e5006f2a;421.16;0.30300258;SELL
2016-04-07T00:28:03.560000;2016-04-07T00:28:03.460000;e4dbeeb7-4dc8-42fc-aafb-42d3239ed781;421.16;0.39548053;SELL
2016-04-07T00:28:03.560000;2016-04-07T00:28:03.477000;fca6c78a-0bcd-4ef7-81b4-ec072bfac6a4;421.16;0.99632317;SELL
2016-04-07T00:28:03.560000;2016-04-07T00:28:03.477000;defad668-e5e7-42c7-af55-b59fe27a1d24;421.16;0.04359656;SELL
2016-04-07T00:28:03.560000;2016-04-07T00:28:03.477000;610f8fae-fba2-4e54-ac42-0188392916ef;421.16;0.30052349;SELL
2016-04-07T00:28:03.560000;2016-04-07T00:28:03.490000;82d95a06-c019-4a88-bae7-4802445909ef;421.16;0.01632625;SELL
2016-04-07T00:28:10.913000;2016-04-07T00:28:10.820000;d498f9a1-5e0c-446f-a4dc-50af33a72057;421.16;0.0599;SELL
2016-04-07T00:28:11.023000;2016-04-07T00:28:10.943000;451fdf61-8242-4ceb-b5bf-f198cc5bd56a;421.16;0.00738843;SELL
2016-04-07T00:28:11.023000;2016-04-07T00:28:10.943000;6821be60-45dd-4352-a59c-e70d17c7af50;421.16;0.08039157;SELL
2016-04-07T00:28:11.027000;2016-04-07T00:28:10.960000;1684c155-035c-47b0-b250-ae712c6c62e1;421.16;0.07018;SELL
2016-04-07T00:28:11.033000;2016-04-07T00:28:10.960000;c41926c4-339a-48d4-b834-8654560208a3;421.16;0.012;SELL
2016-04-07T00:28:12.067000;2016-04-07T00:28:11.977000;616078f1-f1c2-420a-8785-6a1541790182;421.16;0.07392;SELL
2016-04-07T00:29:01.733000;2016-04-07T00:29:01.633000;addf56ee-9fe7-4b23-8f03-cc314e265613;421.17;0.01;BUY
2016-04-07T00:29:01.733000;2016-04-07T00:29:01.647000;03d5b7dd-5fc7-4fd7-ac53-430f66455a57;421.17;0.025;BUY
2016-04-07T00:29:01.733000;2016-04-07T00:29:01.647000;d11fbd5d-28fb-47b9-9a40-e6eab682c5d1;421.21;0.43659;BUY
2016-04-07T00:29:32.927000;2016-04-07T00:29:32.833000;e3ca5962-bdf9-4487-b4b4-2ea3fa7d7f72;421.21;0.05238;BUY
2016-04-07T00:29:32.927000;2016-04-07T00:29:32.850000;59d14ca3-cb5c-412c-ba85-fc605ac67694;421.22;0.01;BUY
2016-04-07T00:29:32.927000;2016-04-07T00:29:32.850000;521bf5f4-d4ec-4375-8e2b-16684b256db9;421.22;0.01;BUY
2016-04-07T00:29:32.927000;2016-04-07T00:29:32.897000;77d336ec-c45c-42cb-8bf9-ea8491d52554;421.23;0.01;BUY
2016-04-07T00:29:32.927000;2016-04-07T00:29:32.897000;61a6b506-47c2-48c9-8478-a825cc061b41;421.24;0.01;BUY
2016-04-07T00:29:32.927000;2016-04-07T00:29:32.897000;2bd6c8be-9b16-401b-8b41-91a3ddb97951;421.24;0.07722;BUY
2016-04-07T00:30:30.727000;2016-04-07T00:30:30.617000;7d84bc47-f520-487f-bcca-c31af35afd2a;421.25;0.01;BUY
2016-04-07T00:30:30.727000;2016-04-07T00:30:30.647000;075b0088-3cda-47d5-853d-cbe42981f4d4;421.25;1.10751;BUY
2016-04-07T00:32:02.097000;2016-04-07T00:32:01.990000;4d5f61a8-3ef8-4bee-a4a8-bef88f630b25;421.24;8.69;SELL
2016-04-07T00:32:02.100000;2016-04-07T00:32:02.007000;2efa15d7-c077-455e-b10e-ec68685b6c92;421.22;0.593;SELL
2016-04-07T00:32:02.100000;2016-04-07T00:32:02.007000;cd1f53af-d7f9-4d86-b5f4-cdb74db7add8;421.21;0.01;SELL
2016-04-07T00:32:02.100000;2016-04-07T00:32:02.023000;b8edf687-369a-47b5-bd95-2b94a2a7b08e;421.17;0.01;SELL
2016-04-07T00:32:02.100000;2016-04-07T00:32:02.023000;ed5b8f3a-2ff8-489a-b249-f2b7b7199174;421.17;0.633;SELL
2016-04-07T00:32:02.100000;2016-04-07T00:32:02.023000;947998d7-42a5-4d6f-ab8e-53b8dcdb513a;421.16;0.01;SELL
2016-04-07T00:32:02.100000;2016-04-07T00:32:02.023000;3291fad3-17ff-4144-9ce5-ae8f6f5ea0ef;421.15;0.01;SELL
2016-04-07T00:32:02.100000;2016-04-07T00:32:02.023000;31a891fe-1d21-4e99-ab79-a3538fdf53cb;421.13;0.025;SELL
2016-04-07T00:32:02.100000;2016-04-07T00:32:02.037000;1207ab71-d03e-4fd5-9525-3c9aea118a0f;421.08;0.079;SELL
2016-04-07T00:32:02.100000;2016-04-07T00:32:02.037000;0207f904-45d3-41f3-8c4b-707712f7b509;421.02;0.02;SELL
2016-04-07T00:32:02.100000;2016-04-07T00:32:02.037000;1026c1ca-891a-4f43-8b07-6be288b34dd8;421.02;0.8;SELL
2016-04-07T00:32:02.100000;2016-04-07T00:32:02.053000;651546c1-7f20-460e-8f2d-e50501d290e6;421.01;2.67;SELL
2016-04-07T00:32:02.100000;2016-04-07T00:32:02.053000;79df6914-faa6-4d1e-99b2-449069a1ab8f;421.01;0.6;SELL
2016-04-07T00:32:02.100000;2016-04-07T00:32:02.083000;ca0318a6-0b75-4362-a293-e3b09b3249e0;421.01;0.18;SELL
2016-04-07T00:32:02.100000;2016-04-07T00:32:02.083000;7ceaa297-396e-4975-bb6b-b0b07a188b35;421.01;0.62246;SELL
2016-04-07T00:32:31.127000;2016-04-07T00:32:31.023000;adefff45-af2b-42cc-9697-d5e069dc86c4;421.25;0.02;BUY
2016-04-07T00:32:31.127000;2016-04-07T00:32:31.023000;db735f6f-e942-441b-aae4-e1e1a5e6694a;421.25;0.045;BUY
2016-04-07T00:32:31.140000;2016-04-07T00:32:31.037000;0ab838ce-2596-4f66-ba85-2e589ad67f74;421.25;0.01526;BUY
2016-04-07T00:32:31.153000;2016-04-07T00:32:31.053000;4fc29798-c056-48ed-84a3-e707c1a8491c;421.25;0.011;BUY
2016-04-07T00:32:31.197000;2016-04-07T00:32:31.083000;b7c307c4-e00c-4346-abc1-a700dabc5afd;421.25;0.0144;BUY
2016-04-07T00:32:33.333000;2016-04-07T00:32:33.227000;bc79c6ea-af5c-4b00-add6-d68d04b73924;421.29;0.025;BUY
2016-04-07T00:32:33.333000;2016-04-07T00:32:33.240000;997b525e-be03-4e6a-aa6e-d005579fe68e;421.3;0.01;BUY
2016-04-07T00:32:33.333000;2016-04-07T00:32:33.240000;cb50c88a-ef3a-45a8-bbd7-ef3445930989;421.31;0.8394;BUY
2016-04-07T00:33:03.220000;2016-04-07T00:33:03.100000;fea129ea-a890-48b0-9e3d-8b9d1fecb275;421.2;0.02;SELL
2016-04-07T00:33:03.220000;2016-04-07T00:33:03.117000;6f77b8d3-b1a4-4c50-ba6c-050d6c9307fb;421.19;0.499;SELL
2016-04-07T00:33:03.220000;2016-04-07T00:33:03.117000;5c669647-6511-4660-ac4a-446335a42374;421.15;0.01;SELL
2016-04-07T00:33:03.220000;2016-04-07T00:33:03.117000;b07bc4f0-c711-4f78-9754-b9310b411c13;421.14;0.341;SELL
2016-04-07T00:33:30.750000;2016-04-07T00:33:30.633000;c8c405df-3d7c-4fe1-875a-5bfa79fd9f33;421.24;0.01;BUY
2016-04-07T00:33:30.750000;2016-04-07T00:33:30.647000;a2464fe4-3736-4905-b346-2063c585b3ba;421.24;4.92512;BUY
2016-04-07T00:34:07.500000;2016-04-07T00:34:07.383000;9ca66ea6-94c2-4200-859d-0080f46faf4d;421.29;0.02763807;BUY
2016-04-07T00:34:07.500000;2016-04-07T00:34:07.397000;df62ff87-4813-4bb5-b70e-5aec57899485;421.29;0.01;BUY
2016-04-07T00:34:07.500000;2016-04-07T00:34:07.397000;02c3c056-24cc-4f82-940c-33bc55ab1e21;421.3;0.01;BUY
2016-04-07T00:34:07.500000;2016-04-07T00:34:07.397000;ea3bdbbd-40ee-4505-963f-8f8eb30b082c;421.3;0.102;BUY
2016-04-07T00:34:07.500000;2016-04-07T00:34:07.413000;33ff5455-b474-4ae4-aea3-cd2943fa5212;421.31;0.095;BUY
2016-04-07T00:34:07.500000;2016-04-07T00:34:07.490000;2dbd4a5e-b27b-4608-893a-b11fb3dc1b10;421.32;0.01;BUY
2016-04-07T00:34:07.500000;2016-04-07T00:34:07.490000;31cae3f6-13d1-4865-8bfd-a18ee8369aba;421.33;0.09792193;BUY
2016-04-07T00:35:03.877000;2016-04-07T00:35:03.757000;56924259-b427-4677-b219-3bcf5322a13d;421.32;0.25;BUY
2016-04-07T00:35:03.877000;2016-04-07T00:35:03.773000;f301df0a-1d76-4737-a4da-21ebdfa96c5a;421.33;0.10197807;BUY
2016-04-07T00:35:03.877000;2016-04-07T00:35:03.773000;3c193180-5ae3-4732-bb33-b171d9c22388;421.33;0.025;BUY
2016-04-07T00:35:03.877000;2016-04-07T00:35:03.773000;718534d9-340f-4946-a65c-ac109e45dbc7;421.33;0.39627193;BUY
2016-04-07T00:35:30.683000;2016-04-07T00:35:30.570000;14fa900f-cdd1-4597-a0c7-fe2c223fdcdc;421.32;0.0228;BUY
2016-04-07T00:35:30.683000;2016-04-07T00:35:30.587000;7ad1cf13-b7d5-4a32-b559-6f6cc24448e2;421.32;0.154;BUY
2016-04-07T00:35:30.683000;2016-04-07T00:35:30.587000;3fac77a3-87d8-422f-86bf-f53a51aca960;421.32;0.0243;BUY
2016-04-07T00:35:30.683000;2016-04-07T00:35:30.587000;631a3247-2c68-4c1a-84cd-cdebe5359bb2;421.32;0.0236;BUY
2016-04-07T00:35:30.683000;2016-04-07T00:35:30.600000;ce8dad64-0f7a-4fc2-8f55-55bced6fcf68;421.32;0.0233;BUY
2016-04-07T00:35:30.683000;2016-04-07T00:35:30.663000;f2e5a06b-d5a7-4236-a702-f9d3fedd1241;421.32;0.0235;BUY
2016-04-07T00:35:30.683000;2016-04-07T00:35:30.663000;f4c0a15e-2be4-4c7c-b918-a554e79e0eb1;421.32;0.0231;BUY
2016-04-07T00:35:30.683000;2016-04-07T00:35:30.663000;f0fb2faf-45e1-4b26-b9df-8aa7baec9beb;421.32;0.0231;BUY
2016-04-07T00:35:30.683000;2016-04-07T00:35:30.663000;720dda8a-a1a9-4ce1-a1c0-50ac48cdd25a;421.32;0.023;BUY
2016-04-07T00:35:30.683000;2016-04-07T00:35:30.663000;65ce80f9-e525-450c-8933-9a7caef5000d;421.32;0.0231;BUY
2016-04-07T00:35:30.683000;2016-04-07T00:35:30.663000;8c57d47d-dc01-47d0-a1e4-b3490636afc4;421.32;0.0219;BUY
2016-04-07T00:35:30.683000;2016-04-07T00:35:30.663000;6502eaae-e0ac-4f11-8ab7-53ed9c2a5fc7;421.32;0.023;BUY
2016-04-07T00:35:30.683000;2016-04-07T00:35:30.663000;cc739e1c-b361-4746-868e-435ae5e126fc;421.33;0.49372807;BUY
2016-04-07T00:35:30.683000;2016-04-07T00:35:30.663000;925d1d0e-731d-42d2-b596-457a5b921955;421.34;0.01;BUY
2016-04-07T00:35:30.683000;2016-04-07T00:35:30.663000;db0d56b4-d3d3-4b81-9b61-30befc5f52b3;421.35;0.01;BUY
2016-04-07T00:35:30.683000;2016-04-07T00:35:30.663000;21f78a58-2911-4a7c-b530-d3dfc1a0f678;421.35;0.13;BUY
2016-04-07T00:35:30.683000;2016-04-07T00:35:30.663000;a75c99fc-ad0b-439d-9dbd-e0ec02eae8cf;421.37;0.15779193;BUY
2016-04-07T00:36:02.127000;2016-04-07T00:36:02.007000;c372bbd1-3a7a-4c97-94fc-9db97bb88206;421.37;0.0112;SELL
2016-04-07T00:36:02.127000;2016-04-07T00:36:02.023000;f0dec094-bd17-43f0-aebc-b9867e518bf8;421.31;0.0047;SELL
2016-04-07T00:36:30.853000;2016-04-07T00:36:30.740000;0e37515c-85eb-4a5d-8cf5-2514476635eb;421.38;0.01;BUY
2016-04-07T00:36:30.853000;2016-04-07T00:36:30.740000;56f68400-05ab-458e-85f4-3531af23b090;421.38;1.02;BUY
2016-04-07T00:36:30.853000;2016-04-07T00:36:30.740000;c1728909-6d40-458f-97e4-8188048fdef1;421.39;0.01;BUY
2016-04-07T00:36:30.853000;2016-04-07T00:36:30.757000;85ddabaa-e39a-4ad4-a638-afeb1e869ee4;421.39;1.19;BUY
2016-04-07T00:36:30.853000;2016-04-07T00:36:30.757000;507fde3e-742c-402f-aa2b-99868ad67067;421.4;0.01;BUY
2016-04-07T00:36:30.853000;2016-04-07T00:36:30.757000;28390ec0-6b52-4001-a582-58d5a4512b9f;421.4;0.1;BUY
2016-04-07T00:36:30.853000;2016-04-07T00:36:30.757000;6778ec64-0b58-4fcb-ae6f-ff470ce5235d;421.4;1.18146;BUY
2016-04-07T00:37:02.007000;2016-04-07T00:37:01.897000;110a8329-f30b-4ef3-ad77-a91662748eb8;421.39;0.05873;BUY
2016-04-07T00:37:33.033000;2016-04-07T00:37:32.913000;95f0fe1e-0746-455d-9a5b-344525e0dc79;421.41;0.01;BUY
2016-04-07T00:37:33.033000;2016-04-07T00:37:32.930000;68c7feaa-3953-4b57-a84a-795fa0c11c24;421.41;0.08;BUY
2016-04-07T00:37:33.033000;2016-04-07T00:37:32.930000;ef98cba2-155d-4344-a8fd-b251e16135c1;421.42;0.01;BUY
2016-04-07T00:37:33.033000;2016-04-07T00:37:32.930000;1f2c5f24-d242-41a4-ba44-0cb6397c15a7;421.44;0.19131;BUY
2016-04-07T00:38:31.880000;2016-04-07T00:38:31.757000;28ca8d29-1724-49e0-8dee-2c269ff98ab7;421.44;0.02;BUY
2016-04-07T00:38:31.880000;2016-04-07T00:38:31.757000;40b951a6-db74-4eea-a6f4-c4a5b778ca9f;421.44;0.109;BUY
2016-04-07T00:38:31.883000;2016-04-07T00:38:31.773000;44aeb845-d809-4a23-b94a-bf7dc19f0c73;421.44;0.3;BUY
2016-04-07T00:38:31.883000;2016-04-07T00:38:31.773000;a4c97e7f-c70f-4cdb-9ea2-ac7cc4e0c464;421.45;0.01;BUY
2016-04-07T00:38:31.883000;2016-04-07T00:38:31.773000;bb5ae51a-1832-4c67-a1d8-81036a371ac0;421.45;0.01;BUY
2016-04-07T00:38:31.883000;2016-04-07T00:38:31.773000;fe693b50-5add-4ec6-b861-f93151c57eb5;421.46;0.2012;BUY
2016-04-07T00:38:31.883000;2016-04-07T00:38:31.803000;8e958e3e-e228-4feb-837a-d41e2d7535ac;421.46;0.67008;BUY
2016-04-07T00:39:06.077000;2016-04-07T00:39:05.960000;d8b4d00a-36a7-4614-b048-1c10305c621b;421.44;0.02;BUY
2016-04-07T00:39:06.080000;2016-04-07T00:39:05.977000;bfd07350-eeea-46f5-b6ab-e4fc070f6a18;421.44;0.403;BUY
2016-04-07T00:39:06.080000;2016-04-07T00:39:05.977000;c72de21f-f19d-4f0b-83d3-1da97442251b;421.44;0.3;BUY
2016-04-07T00:39:06.080000;2016-04-07T00:39:05.977000;08eabe59-70fe-4691-902c-5682b14d2db8;421.48;1.72614;BUY
2016-04-07T00:40:01.510000;2016-04-07T00:40:01.397000;d1be681b-e75e-4681-b33e-c2e54e0947b1;421.4;0.16446;BUY
2016-04-07T00:40:31.330000;2016-04-07T00:40:31.193000;950ab84c-f8a0-4aae-8b82-975499e9f702;421.39;0.025;BUY
2016-04-07T00:40:31.330000;2016-04-07T00:40:31.210000;ec374e45-1996-4816-b4bb-efebe9741488;421.43;0.87704;BUY
2016-04-07T00:41:01.097000;2016-04-07T00:41:00.977000;b1fd80a1-7417-4c1a-9f35-4d9875c7f91d;421.44;0.17;BUY
2016-04-07T00:41:01.097000;2016-04-07T00:41:00.977000;5aed49b9-259a-411a-93c3-becd492bd5dc;421.45;0.02;BUY
2016-04-07T00:41:01.097000;2016-04-07T00:41:00.977000;814756ef-9a2e-4782-838d-f40715533d97;421.45;0.319;BUY
2016-04-07T00:41:01.097000;2016-04-07T00:41:00.977000;7ea255c8-01f5-4370-b84d-cbfb9fd49596;421.48;1.88621;BUY
2016-04-07T00:42:01.853000;2016-04-07T00:42:01.727000;6adbf3e7-6f33-4dcf-8e10-81c15e9d2e92;421.38;0.025;BUY
2016-04-07T00:42:01.853000;2016-04-07T00:42:01.740000;f09c1572-26d7-496b-af1f-6fe5d9bac19a;421.42;0.113;BUY
2016-04-07T00:42:01.853000;2016-04-07T00:42:01.740000;6fd4a732-0a0b-46bf-9d94-12f232dccbd8;421.45;0.02;BUY
2016-04-07T00:42:01.853000;2016-04-07T00:42:01.740000;f8732e13-41f2-4e0d-94ef-ff3d8edbfbb2;421.48;0.34;BUY
2016-04-07T00:42:01.853000;2016-04-07T00:42:01.757000;dec2f444-ed17-42b9-9872-4fcd03bab74b;421.49;1.26795;BUY
2016-04-07T00:42:01.853000;2016-04-07T00:42:01.820000;7f0115a5-6979-4953-9941-b827b8146a41;421.5;0.22981;BUY
2016-04-07T00:42:01.853000;2016-04-07T00:42:01.820000;3850897e-c9dd-4f12-ae8c-8cd8db8e728b;421.5;0.01;BUY
2016-04-07T00:42:01.853000;2016-04-07T00:42:01.820000;6ea6b03f-08cb-4958-97a6-c950e70daaab;421.5;0.01;BUY
2016-04-07T00:42:01.853000;2016-04-07T00:42:01.820000;7f11acd2-6ad2-4c85-92e5-59868beffd73;421.5;0.01;BUY
2016-04-07T00:42:01.853000;2016-04-07T00:42:01.820000;62272e0b-3d23-4412-a88c-fae0b742cbd2;421.5;0.79187;BUY
2016-04-07T00:42:32.703000;2016-04-07T00:42:32.570000;36e897ee-db3d-4d6a-ab77-22a403a7cbd2;421.37;0.02;SELL
2016-04-07T00:42:32.703000;2016-04-07T00:42:32.633000;028fed8e-f99a-495d-8d70-8e85e793b787;421.36;0.11;SELL
2016-04-07T00:42:32.703000;2016-04-07T00:42:32.633000;30a3f15c-3ff1-4c83-93d7-6391cc5d46c2;421.35;0.01;SELL
2016-04-07T00:42:32.703000;2016-04-07T00:42:32.633000;a2e1cf25-7895-4912-9ffc-5efca3b59d93;421.34;0.18;SELL
2016-04-07T00:42:32.703000;2016-04-07T00:42:32.633000;64d9ce86-b0a2-4267-838b-c7337aa51dfb;421.31;5.80074;SELL
2016-04-07T00:43:31.157000;2016-04-07T00:43:31.213000;3ede2f7a-d985-4fdc-9162-a13917e62385;421.37;0.0163;SELL
2016-04-07T00:43:31.157000;2016-04-07T00:43:31.230000;4326f7ea-e5f8-49f4-bc51-14cad346b18e;421.37;0.101;SELL
2016-04-07T00:43:31.157000;2016-04-07T00:43:31.230000;c2c5bff4-cf21-471e-a1de-0ea926dec534;421.37;0.49158618;SELL
2016-04-07T00:43:31.160000;2016-04-07T00:43:31.230000;212c047a-df9c-4886-87cd-100ba78df1a8;421.37;0.0163;SELL
2016-04-07T00:43:31.160000;2016-04-07T00:43:31.243000;1031940c-514c-4f97-aa28-21793ce32f9f;421.37;0.0201;SELL
2016-04-07T00:43:31.160000;2016-04-07T00:43:31.323000;2bc4b9b8-ad5d-4601-a4a8-b230070f14b2;421.37;0.0193;SELL
2016-04-07T00:43:31.160000;2016-04-07T00:43:31.323000;cef0fb4c-8a86-42aa-994e-d6968ed1df35;421.37;0.0183;SELL
2016-04-07T00:43:31.160000;2016-04-07T00:43:31.323000;0357b067-1aea-4560-8f75-92bd479545d8;421.37;0.019;SELL
2016-04-07T00:43:31.160000;2016-04-07T00:43:31.323000;91ca2f5c-cbd4-4baa-8ca7-fc530f032757;421.37;0.02;SELL
2016-04-07T00:43:31.160000;2016-04-07T00:43:31.323000;48c4afad-be7c-4963-8180-758f4792f7c4;421.37;0.0204;SELL
2016-04-07T00:43:31.160000;2016-04-07T00:43:31.323000;0b33b96b-de15-45e3-ab0d-a70f1650bbc6;421.34;0.01;SELL
2016-04-07T00:43:31.160000;2016-04-07T00:43:31.323000;4e62ec45-01b3-456c-aa63-6322ee67d2c8;421.33;0.01;SELL
2016-04-07T00:43:31.160000;2016-04-07T00:43:31.323000;ef7f4a87-6d9e-4b45-9a29-e6233863d2ad;421.32;0.167;SELL
2016-04-07T00:43:31.160000;2016-04-07T00:43:31.323000;0ad0a7fa-20a8-418d-af73-551ea3416a32;421.31;0.025;SELL
2016-04-07T00:43:31.160000;2016-04-07T00:43:31.323000;1838beae-b754-40f0-8856-e8d1dc5e2f63;421.3;0.01;SELL
2016-04-07T00:43:31.160000;2016-04-07T00:43:31.323000;42397c66-1aa8-412a-9634-2e029d5a3c6d;421.27;0.144;SELL
2016-04-07T00:43:31.160000;2016-04-07T00:43:31.323000;88b13089-c3ea-423c-9eec-f28c955695fc;421.25;0.01;SELL
2016-04-07T00:43:31.160000;2016-04-07T00:43:31.323000;90eddd81-0430-46bf-b9ae-78de77b50c3d;421.25;0.59565;SELL
2016-04-07T00:43:31.160000;2016-04-07T00:43:31.323000;3aae9ad6-1f98-4d1d-925b-b370d970d4b9;421.22;0.156;SELL
2016-04-07T00:43:31.160000;2016-04-07T00:43:31.323000;be0ee465-8fa1-4995-8aa0-2a88146f6818;421.2;0.01;SELL
2016-04-07T00:43:31.160000;2016-04-07T00:43:31.323000;3f656f2c-42db-4d11-8e97-b6492c0fbf6b;421.17;0.179;SELL
2016-04-07T00:43:31.160000;2016-04-07T00:43:31.323000;ecac0ec5-08a4-4d2f-a19a-e98aa9835373;421.16;0.51;SELL
2016-04-07T00:43:31.160000;2016-04-07T00:43:31.323000;157363d5-b998-4490-ae30-aa5d28fd4fa9;421.15;0.01;SELL
2016-04-07T00:43:31.160000;2016-04-07T00:43:31.323000;d64fbedf-247f-41f8-a939-b9f5497a8b83;421.14;1.19;SELL
2016-04-07T00:43:31.160000;2016-04-07T00:43:31.323000;5e91d1c1-0b88-4bcd-b9b1-ff491da6eac1;421.13;0.025;SELL
2016-04-07T00:43:31.163000;2016-04-07T00:43:31.340000;856e5b89-a1f4-42b1-b4af-a08dceabdf59;421.13;0.68;SELL
2016-04-07T00:43:31.163000;2016-04-07T00:43:31.340000;8c87ed5d-f71c-4673-b78d-4208cbbc9647;421.12;0.144;SELL
2016-04-07T00:43:31.163000;2016-04-07T00:43:31.340000;345c24db-c957-44b9-b162-638e8881ecca;421.11;1.02;SELL
2016-04-07T00:43:31.163000;2016-04-07T00:43:31.340000;6c2ae539-2d19-4978-9f1f-90660810eee4;421.1;0.01;SELL
2016-04-07T00:43:31.163000;2016-04-07T00:43:31.340000;ff9128a4-5a87-4b39-a193-178961a75bf4;421.1;0.293;SELL
2016-04-07T00:43:31.163000;2016-04-07T00:43:31.340000;5ab3ba65-e811-4982-85f1-2b55f106a1a2;421.1;0.1;SELL
2016-04-07T00:43:31.163000;2016-04-07T00:43:31.387000;af2b9a0a-a7cd-442e-a157-0430827c78d2;421.1;0.2013;SELL
2016-04-07T00:43:31.163000;2016-04-07T00:43:31.400000;5890eb96-2ae3-4dc4-bcad-f27c96b0e7c6;421.09;0.02;SELL
2016-04-07T00:43:31.163000;2016-04-07T00:43:31.400000;a3bc97fe-eb7d-4a50-8721-4adb9e5148a2;421.07;2.21;SELL
2016-04-07T00:43:31.163000;2016-04-07T00:43:31.400000;3db65068-1625-4edb-9d59-27dbed6569a1;421.06;0.076;SELL
2016-04-07T00:43:31.163000;2016-04-07T00:43:31.400000;c6d0c25e-50a8-4291-b16d-dd651514b9f3;421.03;2.61102382;SELL
2016-04-07T00:44:02.427000;2016-04-07T00:44:02.493000;94476163-77c9-4b35-9fa0-fc0d7f4e3d75;421.33;0.03;BUY
2016-04-07T00:44:02.427000;2016-04-07T00:44:02.493000;192dac6a-729d-4bef-9b0a-86f262e5a890;421.33;0.28;BUY
2016-04-07T00:44:49.190000;2016-04-07T00:44:49.293000;62f49af0-e793-4f05-9a2e-cbc3433e52cf;421.32;0.85;BUY
2016-04-07T00:44:49.190000;2016-04-07T00:44:49.293000;eaef6e94-2f06-4966-a6e9-2895a7dbca4a;421.32;0.31;BUY
2016-04-07T00:44:49.190000;2016-04-07T00:44:49.293000;5c7f16a0-23cd-40ee-834d-9869d97a0b7b;421.33;0.025;BUY
2016-04-07T00:44:49.190000;2016-04-07T00:44:49.293000;28ace75d-5b1f-47f3-a347-0e9c9b9da9cd;421.33;0.605;BUY
2016-04-07T00:44:49.190000;2016-04-07T00:44:49.293000;db4f2d5e-92e8-4633-ba75-20fbc041ef10;421.37;0.17;BUY
2016-04-07T00:44:49.190000;2016-04-07T00:44:49.293000;48d03247-0364-4091-84a2-b2edb3c3a853;421.38;0.01;BUY
2016-04-07T00:44:49.190000;2016-04-07T00:44:49.293000;345d58bc-65a1-4ff6-9584-529ea0e07609;421.38;0.01;BUY
2016-04-07T00:44:49.190000;2016-04-07T00:44:49.293000;be8e9567-5a57-4fb9-8952-b179a9059193;421.39;1.19;BUY
2016-04-07T00:44:49.190000;2016-04-07T00:44:49.293000;278aa067-d347-4313-bfbc-46b09ce42d30;421.39;0.3;BUY
2016-04-07T00:44:49.190000;2016-04-07T00:44:49.307000;c23f2c4f-7a52-4695-b447-98c2acc0d142;421.4;0.01;BUY
2016-04-07T00:44:49.190000;2016-04-07T00:44:49.307000;a8e76b02-6f66-43cb-b048-c56167a26ab4;421.4;0.1;BUY
2016-04-07T00:44:49.190000;2016-04-07T00:44:49.307000;7b4830dd-be0d-415f-b65c-b9afd20fd1b2;421.43;3.74;BUY
2016-04-07T00:44:49.190000;2016-04-07T00:44:49.307000;e4e2bb84-704c-4ff9-a001-9365df65bd46;421.44;0.02;BUY
2016-04-07T00:44:49.190000;2016-04-07T00:44:49.307000;082ed6bf-613f-4981-bd05-585f39bc12e9;421.44;1.7;BUY
2016-04-07T00:44:49.190000;2016-04-07T00:44:49.323000;7519ae57-c14f-4d6a-8201-f95fd8e1f453;421.45;0.01;BUY
2016-04-07T00:44:49.193000;2016-04-07T00:44:49.323000;43f6e530-28f8-4ffb-988a-16f75346c93a;421.45;1.7;BUY
2016-04-07T00:44:49.193000;2016-04-07T00:44:49.323000;4a896495-8dd3-45d2-9dcd-a41ec689ee2e;421.46;0.01;BUY
2016-04-07T00:44:49.193000;2016-04-07T00:44:49.323000;33cd05cb-b92d-4656-a786-dc7c025b86f1;421.46;1.53;BUY
2016-04-07T00:44:49.193000;2016-04-07T00:44:49.323000;99bcc548-0258-4106-ad05-aec3edf7018b;421.47;0.01;BUY
2016-04-07T00:44:49.193000;2016-04-07T00:44:49.323000;94728c52-3dcc-4fa7-baf1-b6744ee20c67;421.49;1.87;BUY
2016-04-07T00:44:49.193000;2016-04-07T00:44:49.323000;9be831ca-e97d-4bab-a50d-7741c351d97a;421.5;10.32151;BUY
2016-04-07T00:45:32.690000;2016-04-07T00:45:32.743000;933f158d-5d48-48fc-aa2c-22b9601613e7;421.31;0.0206;BUY
2016-04-07T00:45:32.690000;2016-04-07T00:45:32.760000;04b87f89-5203-435e-8e1c-185cdecbb722;421.33;0.025;BUY
2016-04-07T00:45:32.690000;2016-04-07T00:45:32.760000;8eb764f4-9d2f-42bf-8fb2-01996b815790;421.33;0.073;BUY
2016-04-07T00:45:32.690000;2016-04-07T00:45:32.760000;95c776cc-68f8-4c2e-b38f-9ef33e1bce56;421.4;3.57;BUY
2016-04-07T00:45:32.690000;2016-04-07T00:45:32.760000;7f092aa4-244f-47db-a60f-d49526fd834b;421.41;0.1;BUY
2016-04-07T00:45:32.690000;2016-04-07T00:45:32.853000;ab6164d1-2086-40ef-95b3-01d69be494b7;421.45;2.55;BUY
2016-04-07T00:45:32.690000;2016-04-07T00:45:32.853000;257b9ae4-8b70-4127-ba21-fcb640db5da4;421.46;0.089;BUY
2016-04-07T00:45:32.690000;2016-04-07T00:45:32.853000;16edf06e-aae9-4a96-9245-34f4c0b8a594;421.49;1.87;BUY
2016-04-07T00:45:32.690000;2016-04-07T00:45:32.853000;6e20cf29-5562-4e71-b69a-811198dcfbe7;421.5;0.61194248;BUY
2016-04-07T00:45:32.690000;2016-04-07T00:45:32.853000;4736b44f-31cb-45ec-ae11-06bd3e276d91;421.5;0.01;BUY
2016-04-07T00:45:32.690000;2016-04-07T00:45:32.853000;a76f0c1d-78d0-4ce3-a763-2acae014b4bc;421.5;0.17;BUY
2016-04-07T00:45:32.690000;2016-04-07T00:45:32.853000;fd7c0968-0e25-459f-bb9b-5efac0df9947;421.51;0.01;BUY
2016-04-07T00:45:32.690000;2016-04-07T00:45:32.853000;70a7a25d-2f23-4768-8532-d10327e61ea0;421.51;0.025;BUY
2016-04-07T00:45:32.693000;2016-04-07T00:45:32.853000;04585090-81ef-4211-aa7b-6f3e94c08910;421.51;0.087;BUY
2016-04-07T00:45:32.693000;2016-04-07T00:45:32.853000;a1ff5eaf-d7f6-49a9-9f72-d8c309bf1591;421.51;3.379;BUY
2016-04-07T00:45:32.693000;2016-04-07T00:45:32.853000;2ad47f39-c001-4c1d-9926-c3b8acc8286f;421.52;0.01;BUY
2016-04-07T00:45:32.693000;2016-04-07T00:45:32.853000;37bb1c60-005c-4f70-b859-d55f76cc222c;421.54;0.01;BUY
2016-04-07T00:45:32.693000;2016-04-07T00:45:32.853000;3e509419-746d-4cbc-a2a0-c0b8ce67eaa6;421.54;0.01;BUY
2016-04-07T00:45:32.693000;2016-04-07T00:45:32.853000;94000a02-e6fc-4c00-a2d9-95b5f96344c7;421.54;2.747;BUY
2016-04-07T00:45:32.693000;2016-04-07T00:45:32.853000;dc2f1514-ffdf-4337-badd-4c5cb265b6c8;421.55;0.01;BUY
2016-04-07T00:45:32.693000;2016-04-07T00:45:32.853000;c45ea916-302c-44cf-98ba-17bcfaf7b32e;421.55;0.2;BUY
2016-04-07T00:45:32.693000;2016-04-07T00:45:32.853000;a6571c11-500c-41d8-b038-28f198151fd5;421.56;0.2015;BUY
2016-04-07T00:45:32.693000;2016-04-07T00:45:32.853000;8dfd1f12-85a1-4a94-8bb1-f151c6467200;421.56;1.0;BUY
2016-04-07T00:45:32.693000;2016-04-07T00:45:32.853000;271acc22-1f9f-42f4-9e59-706fbf878e5b;421.56;0.076;BUY
2016-04-07T00:45:32.693000;2016-04-07T00:45:32.853000;b187d226-2080-4f1c-9aa6-1f041ae45208;421.57;0.01;BUY
2016-04-07T00:45:32.693000;2016-04-07T00:45:32.853000;5fae5435-ca8e-4019-9621-129280aa9253;421.57;0.01;BUY
2016-04-07T00:45:32.693000;2016-04-07T00:45:32.853000;5b7dae54-0722-4bd8-b726-0c9ce4224f7e;421.58;0.01;BUY
2016-04-07T00:45:32.693000;2016-04-07T00:45:32.853000;d922c19a-7860-4f0d-abcc-5676739ab997;421.59;1.19;BUY
2016-04-07T00:45:32.693000;2016-04-07T00:45:32.870000;fe64ebaa-3930-4279-96f1-a2e50326e48d;421.6;0.01;BUY
2016-04-07T00:45:32.693000;2016-04-07T00:45:32.870000;f40f2171-845e-4ecd-a975-a614b1efc939;421.6;0.01;BUY
2016-04-07T00:45:32.693000;2016-04-07T00:45:32.870000;1a3f6121-2c60-47f4-adbe-84e052df36a8;421.6;1.36;BUY
2016-04-07T00:45:32.693000;2016-04-07T00:45:32.917000;4000eab0-4a6b-42be-9213-9ef5d5b57cc9;421.61;0.113;BUY
2016-04-07T00:45:32.693000;2016-04-07T00:45:32.933000;227ac294-156e-4d7d-ae83-f53380d41856;421.62;2.89;BUY
2016-04-07T00:45:32.693000;2016-04-07T00:45:32.933000;61c83df0-4ce8-4d41-9df1-dcf6f6fc7804;421.63;0.2048;BUY
2016-04-07T00:45:32.693000;2016-04-07T00:45:32.933000;c50104bc-cdda-4ac1-a625-284a3d2567fe;421.63;0.05;BUY
2016-04-07T00:45:32.697000;2016-04-07T00:45:32.933000;dae2f453-8f61-42f2-a340-40d593dbc919;421.63;1.19;BUY
2016-04-07T00:45:32.697000;2016-04-07T00:45:32.933000;c57b4b0f-3df4-4317-8910-b8eecf17893d;421.64;2.895;BUY
2016-04-07T00:45:32.697000;2016-04-07T00:45:32.933000;074317e9-b517-4019-ab6b-0d6db152d149;421.64;0.02;BUY
2016-04-07T00:45:32.697000;2016-04-07T00:45:32.933000;5dbfb9f0-f904-41b6-a4a2-255f9587c581;421.65;0.01;BUY
2016-04-07T00:45:32.697000;2016-04-07T00:45:32.933000;64535c0b-d5fb-497a-a785-49c694fb2d34;421.65;0.01;BUY
2016-04-07T00:45:32.697000;2016-04-07T00:45:32.933000;08f2de31-1000-47d5-8954-944fbc1fb4d5;421.66;0.01;BUY
2016-04-07T00:45:32.697000;2016-04-07T00:45:32.933000;be866958-b38d-4cc2-bf3f-6556378e0b89;421.66;0.3;BUY
2016-04-07T00:45:32.697000;2016-04-07T00:45:32.933000;2c5c7e92-df75-44fc-8254-9f8361ed2294;421.67;0.01;BUY
2016-04-07T00:45:32.697000;2016-04-07T00:45:32.933000;879e5a85-9fe2-4483-9be3-22d84faed4f0;421.67;0.086;BUY
2016-04-07T00:45:32.697000;2016-04-07T00:45:32.933000;f9ce2cd0-524a-49cc-a478-c7a7ff51c614;421.68;22.75615752;BUY
2016-04-07T00:46:02.930000;2016-04-07T00:46:02.980000;e23ab7e3-088b-48a8-bddb-13843b9009d9;421.51;0.025;BUY
2016-04-07T00:46:02.930000;2016-04-07T00:46:02.993000;f861d4e1-a35e-4159-be1c-1ad3abacd693;421.55;0.121;BUY
2016-04-07T00:46:02.930000;2016-04-07T00:46:02.993000;f6c8c1ba-210e-450c-a9a1-8bc3611041d4;421.64;0.02;BUY
2016-04-07T00:46:02.930000;2016-04-07T00:46:02.993000;d60466cc-51a0-4617-82dc-0e3f95e4637c;421.65;0.01;BUY
2016-04-07T00:46:02.930000;2016-04-07T00:46:03.010000;1bd03b02-7fce-4fc6-99d5-2f89277972d2;421.67;0.01;BUY
2016-04-07T00:46:02.930000;2016-04-07T00:46:03.090000;5cf4750e-597d-4bc3-a260-4134cd4fd4f6;421.68;4.52842548;BUY
2016-04-07T00:46:02.930000;2016-04-07T00:46:03.090000;bf10b21e-56a1-4afa-8e7e-66f71d7f13fd;421.68;0.01;BUY
2016-04-07T00:46:02.930000;2016-04-07T00:46:03.090000;3931746e-83c0-4231-b880-dc09f91811e1;421.69;0.01;BUY
2016-04-07T00:46:02.930000;2016-04-07T00:46:03.090000;72eb14e4-ae52-4b66-ae5d-ddd2ee1bf3c5;421.7;0.02004852;BUY
2016-04-07T00:46:02.930000;2016-04-07T00:46:03.090000;24444760-da63-4485-888b-885cc3364061;421.7;0.01;BUY
2016-04-07T00:46:02.930000;2016-04-07T00:46:03.090000;b3a71893-11fe-49c6-8eab-48bb18e77535;421.7;0.01;BUY
2016-04-07T00:46:02.930000;2016-04-07T00:46:03.090000;e063c06b-4f84-4975-8ba0-731622adb699;421.7;0.558;BUY
2016-04-07T00:46:02.930000;2016-04-07T00:46:03.090000;e69fafd5-9bbc-45c5-bac2-dfcb3179e95d;421.71;0.01;BUY
2016-04-07T00:46:02.933000;2016-04-07T00:46:03.090000;bfbdca74-f6cc-431d-9902-9efd5093e21c;421.72;0.0325;BUY
2016-04-07T00:46:02.933000;2016-04-07T00:46:03.090000;aad56398-0cf8-48f8-92ba-e9bd9490868b;421.73;0.01;BUY
2016-04-07T00:46:02.933000;2016-04-07T00:46:03.090000;0422a668-15c2-4a9c-b9ec-f8a7e496068b;421.73;0.2;BUY
2016-04-07T00:46:02.933000;2016-04-07T00:46:03.090000;5577d39f-0207-471b-affb-658e75f4054b;421.75;0.02176486;BUY
2016-04-07T00:46:02.933000;2016-04-07T00:46:03.090000;19152212-4c8a-4e99-8bb3-b018d15a3be4;421.75;0.01;BUY
2016-04-07T00:46:02.933000;2016-04-07T00:46:03.090000;428bb610-e392-41d7-853f-325cc9427cb9;421.75;0.01;BUY
2016-04-07T00:46:02.933000;2016-04-07T00:46:03.090000;a72dc6d6-0529-472e-ba6c-5d1ad45c80b4;421.75;0.551;BUY
2016-04-07T00:46:02.933000;2016-04-07T00:46:03.090000;b0c0cf30-c0f2-4102-95e9-ed518fa6405b;421.76;0.01;BUY
2016-04-07T00:46:02.933000;2016-04-07T00:46:03.090000;6e4a569e-1786-478d-8982-d41222bca240;421.76;0.01;BUY
2016-04-07T00:46:02.933000;2016-04-07T00:46:03.090000;c6a540e4-75fd-47e6-b4fd-331e00e828e7;421.76;0.51;BUY
2016-04-07T00:46:02.933000;2016-04-07T00:46:03.090000;4bfbb2c5-deb3-4f81-a99b-be08d85408a7;421.77;0.01;BUY
2016-04-07T00:46:02.933000;2016-04-07T00:46:03.090000;3c320e36-e253-4c27-9167-196b596d85b4;421.78;1.36;BUY
2016-04-07T00:46:02.933000;2016-04-07T00:46:03.090000;208713c1-056b-475c-a942-e99a1d61d5a4;421.79;3.181;BUY
2016-04-07T00:46:02.933000;2016-04-07T00:46:03.090000;8892ec4d-6eb2-4d51-9fdd-fbd55d11d159;421.8;0.1;BUY
2016-04-07T00:46:02.933000;2016-04-07T00:46:03.090000;c2ea95ae-296e-416f-8262-32dde1a46feb;421.8;0.02002472;BUY
2016-04-07T00:46:02.933000;2016-04-07T00:46:03.103000;3ac3593e-b485-45d7-81ad-202e2096e886;421.8;0.01;BUY
2016-04-07T00:46:02.933000;2016-04-07T00:46:03.103000;3a303ad1-6fad-4766-8f8b-7f591aa8734d;421.8;0.547;BUY
2016-04-07T00:46:02.933000;2016-04-07T00:46:03.103000;13236a5a-badb-459d-af66-5acce0949d2a;421.81;0.01;BUY
2016-04-07T00:46:02.933000;2016-04-07T00:46:03.103000;1ee3b9ed-10ab-4a49-9131-dee9098e1607;421.81;1.0;BUY
2016-04-07T00:46:02.933000;2016-04-07T00:46:03.183000;dc21f0a8-98ce-4021-b01b-b4c63f977fca;421.81;0.01;BUY
2016-04-07T00:46:02.933000;2016-04-07T00:46:03.183000;a0a1841a-2cc1-4b5d-9137-ecd13284e5cf;421.84;0.51;BUY
2016-04-07T00:46:02.933000;2016-04-07T00:46:03.183000;f59aca64-d59c-4ad5-a57c-bec516537249;421.85;0.01;BUY
2016-04-07T00:46:02.937000;2016-04-07T00:46:03.183000;5c8e29d3-4859-44cf-bfd7-dd8785082bdf;421.85;0.552;BUY
2016-04-07T00:46:02.937000;2016-04-07T00:46:03.183000;9f27bc90-f762-4b9e-9682-397919af4554;421.89;2.92517642;BUY
2016-04-07T00:48:01.250000;2016-04-07T00:48:01.293000;dd4c36aa-de8d-4683-81ed-1098b9e9d133;421.65;0.01;BUY
2016-04-07T00:48:01.250000;2016-04-07T00:48:01.323000;f3c143e6-e744-4458-a9f2-ef95b96609d1;421.65;0.083;BUY
2016-04-07T00:48:01.250000;2016-04-07T00:48:01.323000;83f8ec0d-1ecc-4b96-bbc5-5fc0f935408b;421.66;0.01;BUY
2016-04-07T00:48:01.250000;2016-04-07T00:48:01.323000;a10b17ef-7d36-4c9c-a3ea-8a2a97eb67cd;421.69;0.0325;BUY
2016-04-07T00:48:01.250000;2016-04-07T00:48:01.323000;fa07d94b-b278-4a27-83b5-c8d43d299f96;421.7;0.13;BUY
2016-04-07T00:48:01.250000;2016-04-07T00:48:01.323000;2524a9dc-1e66-4d1e-822b-10534143ffdc;421.75;0.088;BUY
2016-04-07T00:48:01.250000;2016-04-07T00:48:01.323000;ec0d9d0e-7e5c-4485-b3e0-6484d6a42f22;421.78;1.04052;BUY
2016-04-07T00:48:31.830000;2016-04-07T00:48:31.887000;4f1a9aef-8027-4a81-b2e7-6691afe0b49d;421.77;0.01;BUY
2016-04-07T00:48:31.830000;2016-04-07T00:48:31.900000;d563a8fd-97aa-4361-b92a-5a2cef03a202;421.77;0.101;BUY
2016-04-07T00:48:31.830000;2016-04-07T00:48:31.900000;0f0407f9-5e63-48a6-8267-3de82a5787b6;421.82;0.102;BUY
2016-04-07T00:48:31.833000;2016-04-07T00:48:31.900000;38351712-a787-49a3-8696-9f18678c5049;421.83;0.02;BUY
2016-04-07T00:48:31.833000;2016-04-07T00:48:31.917000;bebff940-8c53-4650-bb0d-dbfd543b3765;421.87;0.53393;BUY
2016-04-07T00:48:42.737000;2016-04-07T00:48:42.793000;b51b6416-dc87-457e-996a-5852fd458433;421.8;0.015;BUY
2016-04-07T00:48:42.740000;2016-04-07T00:48:42.793000;99eb1169-1a32-43ff-9961-059cf7f9b96b;421.8;0.0027;BUY
2016-04-07T00:48:42.740000;2016-04-07T00:48:42.793000;f5b1eaf1-47ef-408d-9478-2879b8ba66a9;421.8;0.097;BUY
2016-04-07T00:48:42.740000;2016-04-07T00:48:42.823000;df8f6735-5ae5-4e08-882f-d6683ce7cbed;421.82;0.0174;BUY
2016-04-07T00:48:42.740000;2016-04-07T00:48:42.823000;7f7180cd-505f-43bc-a8b1-5081dc3a56c1;421.84;0.0198;BUY
2016-04-07T00:48:42.740000;2016-04-07T00:48:42.870000;e8232afc-d0c7-42db-b9fd-7fcba9b0474f;421.85;0.084;BUY
2016-04-07T00:48:42.740000;2016-04-07T00:48:42.887000;be594f5f-f9be-4a6f-ac20-2accf512a6eb;421.86;0.01;BUY
2016-04-07T00:48:42.743000;2016-04-07T00:48:42.887000;cafb248e-3b77-492c-8acc-79c753536bef;421.87;0.09958;BUY
2016-04-07T00:48:42.743000;2016-04-07T00:48:42.887000;84c28e07-b8a7-4ac9-a6cc-5e377b946920;421.87;0.02;BUY
2016-04-07T00:48:42.747000;2016-04-07T00:48:42.887000;95e21314-d8f2-4c53-8b50-168f7825b96c;421.87;0.07;BUY
2016-04-07T00:48:42.780000;2016-04-07T00:48:42.887000;148624a4-b373-4f4f-a7d3-9e928c855965;421.87;0.97152;BUY
2016-04-07T00:48:42.900000;2016-04-07T00:48:42.947000;c38d53ff-6ec9-49ac-b855-b3c07af49db2;421.87;0.318;BUY
2016-04-07T00:49:04.563000;2016-04-07T00:49:04.620000;484149c0-8d33-421a-8f41-ea2b5ee77226;421.81;0.0231;BUY
2016-04-07T00:49:04.563000;2016-04-07T00:49:04.620000;782c0155-ff9f-41a4-8231-ae671da4f712;421.81;0.0108;BUY
2016-04-07T00:49:04.563000;2016-04-07T00:49:04.620000;e9b5c835-4d2a-4ac5-8eb1-57675d9f6544;421.81;0.1;BUY
2016-04-07T00:49:04.563000;2016-04-07T00:49:04.620000;a6150c27-8f38-4c6d-aaf0-6a1651185882;421.83;0.0227;BUY
2016-04-07T00:49:04.563000;2016-04-07T00:49:04.637000;6aa6c1ef-ed54-4d27-8cbe-02c600b4b19a;421.85;0.0201;BUY
2016-04-07T00:49:04.563000;2016-04-07T00:49:04.637000;813294da-0f72-4137-810e-a078d66504ef;421.86;0.02284;BUY
2016-04-07T00:49:31.730000;2016-04-07T00:49:31.777000;b6f6fd99-00d7-477b-bdda-086e540f1539;421.87;0.92797;BUY
2016-04-07T00:49:31.730000;2016-04-07T00:49:31.793000;0d02ae3e-62c8-446e-b65b-f6e34e6c2626;421.87;0.274;BUY
2016-04-07T00:49:31.730000;2016-04-07T00:49:31.793000;89b8034a-08f2-420a-ae03-d21f3ad37eb2;421.87;0.25;BUY
2016-04-07T00:49:31.730000;2016-04-07T00:49:31.793000;81d03525-a998-4683-a520-c55d4de39b51;421.9;0.02002471;BUY
2016-04-07T00:49:31.730000;2016-04-07T00:49:31.793000;a2308610-6913-4f90-976f-7a0133fe4659;421.9;0.01;BUY
2016-04-07T00:49:31.730000;2016-04-07T00:49:31.870000;96e02f20-32d3-4bc9-b736-5e6a7cfb7ef6;421.9;0.1;BUY
2016-04-07T00:49:31.730000;2016-04-07T00:49:31.870000;cf4efa42-3edd-4a78-9238-74940178e863;421.92;0.253;BUY
2016-04-07T00:49:31.730000;2016-04-07T00:49:31.870000;b5f87e42-6720-45f7-9db4-dddb1912b1ec;421.92;0.2013;BUY
2016-04-07T00:49:31.730000;2016-04-07T00:49:31.870000;f37e0590-0bf5-4d89-97bc-02b5e102b4f9;421.93;0.87379529;BUY
2016-04-07T00:50:01.080000;2016-04-07T00:50:01.120000;1b1ad089-c9fc-430c-907d-f5fa726f778d;421.91;0.16286;BUY
2016-04-07T00:51:05.217000;2016-04-07T00:51:05.260000;22da3975-e0cb-4e32-9d59-edcaf74585df;421.9;0.31722;BUY
2016-04-07T00:51:31.247000;2016-04-07T00:51:31.293000;06aca403-31c4-4686-888c-6d6fc976e047;421.85;0.303;BUY
2016-04-07T00:51:31.247000;2016-04-07T00:51:31.293000;e3f2dadf-c328-4894-bde7-4fd4c2d2dd8d;421.85;0.3;BUY
2016-04-07T00:51:31.247000;2016-04-07T00:51:31.307000;409e9723-afac-4065-b503-7066c6cc7cb3;421.86;1.76933;BUY
2016-04-07T00:51:38.350000;2016-04-07T00:51:38.387000;52059903-b62d-475d-9de3-2444f4e08256;421.85;0.306;SELL
2016-04-07T00:52:01.813000;2016-04-07T00:52:01.853000;e18de634-f91c-49bb-bdc4-68b8eaea03ca;421.86;0.62172;BUY
2016-04-07T00:52:32.483000;2016-04-07T00:52:32.527000;54a9bfb0-3fb5-42db-93fa-0b4e60e4905d;421.86;0.10084;BUY
2016-04-07T00:53:04.327000;2016-04-07T00:53:04.370000;87a0fb0f-b334-45f1-a791-0cc351a4d19e;421.86;0.30498;BUY
2016-04-07T00:53:36.500000;2016-04-07T00:53:36.543000;7817d67b-76c6-4ef9-9988-b68695ca5ff2;421.86;0.28398;BUY
2016-04-07T00:54:02.243000;2016-04-07T00:54:02.277000;16cfa359-fb0c-4bd4-8240-4d89b4f23baf;421.86;0.37551;BUY
2016-04-07T00:54:38.310000;2016-04-07T00:54:38.340000;4c8be237-3660-43d7-a128-10298a5554ad;421.86;1.10309;BUY
2016-04-07T00:55:01.073000;2016-04-07T00:55:01.103000;1470d301-e761-4d3c-bc6f-eb6a63a90465;421.86;1.26513;BUY
2016-04-07T00:55:23.940000;2016-04-07T00:55:23.980000;87533462-01b0-4093-9200-b91b58e78e14;421.86;0.03;BUY
2016-04-07T00:56:30.940000;2016-04-07T00:56:30.963000;43b83667-4001-45a9-bf0f-b398046ce120;421.85;20.71068;SELL
2016-04-07T00:57:01.767000;2016-04-07T00:57:01.793000;054bfcfb-ea27-48b5-8702-ae34183e17ad;421.85;0.22754;SELL
2016-04-07T00:57:30.967000;2016-04-07T00:57:30.997000;da76ecad-457c-4f8d-9e09-69893def5fe9;421.85;23.37655;SELL
2016-04-07T00:58:01.697000;2016-04-07T00:58:01.713000;2a267354-90bb-4596-85a4-c7755e2da6c3;421.86;1.17831;BUY
2016-04-07T00:59:05.337000;2016-04-07T00:59:05.380000;476d20b2-9e8b-4a48-a2cc-92c8e299b019;421.86;1.75448;BUY
2016-04-07T00:59:32.313000;2016-04-07T00:59:32.367000;c194ef07-a604-4a0b-80ce-d2ac349499a0;421.85;0.09909;SELL
2016-04-07T01:00:01.077000;2016-04-07T01:00:01.117000;d8e52169-1c3b-44de-9d84-97db930580ae;421.86;0.32624;BUY
2016-04-07T01:01:10.320000;2016-04-07T01:01:10.367000;02b16a25-566f-4b9d-bc20-43a64193eb07;421.85;1.78174;SELL
2016-04-07T01:02:01.400000;2016-04-07T01:02:01.443000;eb9a95ee-168d-4c02-a8a2-bf3272fb09ca;421.85;0.07929;SELL
2016-04-07T01:02:31.137000;2016-04-07T01:02:31.177000;9b041990-2ad3-4a7d-9e4b-b867a0ec71cf;421.86;0.88639;BUY
2016-04-07T01:02:31.140000;2016-04-07T01:02:31.193000;140e096b-0ced-4dae-b646-656c4cd1611e;421.86;1.65305;BUY
2016-04-07T01:02:44.977000;2016-04-07T01:02:45.007000;8ba14574-4ce1-47cc-baa9-5850f0a62bbe;421.86;0.01;BUY
2016-04-07T01:03:04.483000;2016-04-07T01:03:04.520000;249fdd21-3530-4c01-9cbb-4a3b4db2eeda;421.86;1.19822;BUY
2016-04-07T01:03:20.847000;2016-04-07T01:03:20.880000;6f85d739-0b6d-49bb-aac2-f39fea9fc7ae;421.85;0.012;SELL
2016-04-07T01:03:32.000000;2016-04-07T01:03:32.037000;84ab2ed2-677e-4349-8b4e-9235643cab5f;421.86;0.11734;BUY
2016-04-07T01:04:01.043000;2016-04-07T01:04:01.083000;3caa2787-9a08-4041-a656-71c47aca6e74;421.85;0.02368;SELL
2016-04-07T01:05:01.810000;2016-04-07T01:05:01.850000;6d78e569-8c59-4783-a1dd-45f92f7ac553;421.85;0.38791;SELL
2016-04-07T01:05:31.807000;2016-04-07T01:05:31.833000;799dde06-fd18-4974-b259-fa193f373cac;421.86;0.59225;BUY
2016-04-07T01:07:01.220000;2016-04-07T01:07:01.257000;676e9118-acd8-4229-9573-1dbbb08c1d58;421.86;6.42914;BUY
2016-04-07T01:07:01.220000;2016-04-07T01:07:01.287000;593e106e-73e2-42b5-8b7f-b4598f715c91;421.86;1.56298;BUY
2016-04-07T01:07:01.220000;2016-04-07T01:07:01.287000;503329ac-8160-48ff-8011-7af817334906;421.86;0.3;BUY
2016-04-07T01:07:01.220000;2016-04-07T01:07:01.287000;80956cf0-0864-4610-9342-83b403d984f7;421.91;1.0;BUY
2016-04-07T01:07:01.220000;2016-04-07T01:07:01.287000;1dbf1f2e-44b8-4c6e-a3dd-4a7bca6faadd;421.91;0.02;BUY
2016-04-07T01:07:01.220000;2016-04-07T01:07:01.380000;c4e5af01-4dff-42db-9c3d-3907de1433bd;421.95;0.01;BUY
2016-04-07T01:07:01.220000;2016-04-07T01:07:01.397000;53fe3f8e-85da-4d51-963d-79e228948502;421.96;2.0542;BUY
2016-04-07T01:07:01.220000;2016-04-07T01:07:01.397000;a3396f04-55e0-4ddf-85f4-a3d428ee5b4a;421.97;0.29425;BUY
2016-04-07T01:07:01.220000;2016-04-07T01:07:01.397000;5b071a95-0127-424e-aebc-59e9562ee46e;421.98;0.01;BUY
2016-04-07T01:07:01.220000;2016-04-07T01:07:01.397000;a52b5140-dfed-4f6e-b987-10a5dff868b9;422.0;2.7709448;BUY
2016-04-07T01:07:01.220000;2016-04-07T01:07:01.397000;fc5730e6-ff3f-41f7-b82d-d0005f1b80d4;422.0;0.01;BUY
2016-04-07T01:07:01.223000;2016-04-07T01:07:01.397000;c4494282-7fdb-4ada-a0c7-2227ccf9ad9a;422.0;0.02175769;BUY
2016-04-07T01:07:01.223000;2016-04-07T01:07:01.397000;c44ef67d-580a-48ea-b16f-e0bdb8397e2a;422.0;0.01;BUY
2016-04-07T01:07:01.223000;2016-04-07T01:07:01.397000;4d207d85-cd3c-4270-8d3f-0827cc2db349;422.0;0.1;BUY
2016-04-07T01:07:01.223000;2016-04-07T01:07:01.397000;428e97fb-2e88-4a0a-afef-b33aa25852a0;422.0;0.05;BUY
2016-04-07T01:07:01.223000;2016-04-07T01:07:01.397000;1dc633b4-e852-44bc-b560-8a4874b49f3f;422.0;0.02002446;BUY
2016-04-07T01:07:01.223000;2016-04-07T01:07:01.397000;8a9dab4a-ce82-4eeb-a6e6-dad0761a93f3;422.0;0.59565;BUY
2016-04-07T01:07:01.223000;2016-04-07T01:07:01.397000;c7e84e53-a098-449f-9737-dd517ead9b8c;422.0;0.01;BUY
2016-04-07T01:07:01.223000;2016-04-07T01:07:01.397000;a63f84d5-b23d-471b-aa1f-070dd9c06f0d;422.0;0.305;BUY
2016-04-07T01:07:01.223000;2016-04-07T01:07:01.397000;481c85e7-fa35-405d-adc4-a7f43379d420;422.01;3.945;BUY
2016-04-07T01:07:01.223000;2016-04-07T01:07:01.397000;2c6522b5-4e49-43ef-9491-c201332d51c1;422.01;0.0625;BUY
2016-04-07T01:07:01.223000;2016-04-07T01:07:01.397000;6a7c102b-31bb-49cd-a159-b5cfb454304d;422.02;0.07136999;BUY
2016-04-07T01:07:01.223000;2016-04-07T01:07:01.397000;36b4bdc6-7776-4a47-85b1-6b8087e0f414;422.02;0.13438;BUY
2016-04-07T01:07:01.223000;2016-04-07T01:07:01.397000;c28e4307-faf0-468c-8431-ad7dd469f3d2;422.02;0.02;BUY
2016-04-07T01:07:01.223000;2016-04-07T01:07:01.397000;ee9ac8b5-05b3-45e2-b118-f76dbbd0d2b7;422.05;0.01;BUY
2016-04-07T01:07:01.223000;2016-04-07T01:07:01.397000;c7f6bcbb-c2fb-4d04-b09c-c379fa6397f3;422.05;0.01;BUY
2016-04-07T01:07:01.223000;2016-04-07T01:07:01.397000;d83e713c-aeec-4e00-84cd-a7270bcf4c03;422.05;0.01;BUY
2016-04-07T01:07:01.223000;2016-04-07T01:07:01.397000;ea5f2a20-1a02-4c7f-b5c3-b33728650693;422.05;0.264;BUY
2016-04-07T01:07:01.223000;2016-04-07T01:07:01.397000;8322c90b-1ae8-451c-a195-8a9e86f5bf94;422.08;0.01;BUY
2016-04-07T01:07:01.223000;2016-04-07T01:07:01.397000;1b6ef67f-4d1f-494d-8d5e-9a5712195fa0;422.1;0.01;BUY
2016-04-07T01:07:01.223000;2016-04-07T01:07:01.397000;9fc1ed1b-04b5-41f2-bf65-6bdacafb85ad;422.1;0.02004848;BUY
2016-04-07T01:07:01.223000;2016-04-07T01:07:01.397000;3faf93d6-729b-4ef2-b035-b93f1890279c;422.1;0.264;BUY
2016-04-07T01:07:01.223000;2016-04-07T01:07:01.413000;634139ea-2d6c-49f0-95f2-61de044a89f7;422.11;0.2;BUY
2016-04-07T01:07:01.227000;2016-04-07T01:07:01.413000;21605ba1-0417-4dd4-b352-b11815021a7c;422.13;0.01;BUY
2016-04-07T01:07:01.227000;2016-04-07T01:07:01.413000;8f2eb7a3-8ad9-402f-9fe6-bdcbab56b53b;422.15;0.01;BUY
2016-04-07T01:07:01.227000;2016-04-07T01:07:01.507000;583184bf-8e3e-44e8-9a71-2a5b3d156540;422.15;0.272;BUY
2016-04-07T01:07:01.227000;2016-04-07T01:07:01.507000;a5d92397-81e4-4abe-a04d-5f01142aa77c;422.19;0.01;BUY
2016-04-07T01:07:01.227000;2016-04-07T01:07:01.507000;10e671c1-9e64-4510-a250-74e77d7144b2;422.19;0.2005;BUY
2016-04-07T01:07:01.227000;2016-04-07T01:07:01.507000;b3c8c5f8-d668-404b-85b0-1ce67daf6ddb;422.2;0.1;BUY
2016-04-07T01:07:01.227000;2016-04-07T01:07:01.507000;fbdab78b-6442-422c-a437-12c9f755963f;422.2;0.01;BUY
2016-04-07T01:07:01.227000;2016-04-07T01:07:01.507000;0909e664-70f9-42b3-9140-6a8069cb0ae1;422.2;0.02004822;BUY
2016-04-07T01:07:01.227000;2016-04-07T01:07:01.507000;405c7a3d-ce04-4312-bee3-b6902a6bc85e;422.2;0.01;BUY
2016-04-07T01:07:01.227000;2016-04-07T01:07:01.507000;d8461ac7-4ef8-48f2-8faa-83b17c83bc92;422.2;0.287;BUY
2016-04-07T01:07:01.227000;2016-04-07T01:07:01.507000;3e4f2b0a-fc0d-4632-a959-8d3986f045f0;422.21;0.01;BUY
2016-04-07T01:07:01.227000;2016-04-07T01:07:01.507000;f405a548-653d-42fb-91be-4e91ca120fb5;422.23;0.01;BUY
2016-04-07T01:07:01.227000;2016-04-07T01:07:01.507000;0d7d8a28-89fe-4ae9-a832-0df0b71d9339;422.25;0.02175769;BUY
2016-04-07T01:07:01.227000;2016-04-07T01:07:01.507000;457219f8-fd01-4bec-b601-6796a77622c7;422.25;0.01;BUY
2016-04-07T01:07:01.227000;2016-04-07T01:07:01.507000;6e3a173c-10f7-4ebc-af65-e2f07c89741a;422.25;0.17294453;BUY
2016-04-07T01:07:01.227000;2016-04-07T01:07:01.507000;9bac0b4b-fe4a-4103-a896-1d9399da9602;422.25;0.1;BUY
2016-04-07T01:07:01.227000;2016-04-07T01:07:01.507000;ce7f4570-3829-4bba-8b0b-b0b7d5391d2f;422.25;0.3;BUY
2016-04-07T01:07:01.227000;2016-04-07T01:07:01.507000;b164b488-ff9c-489d-9c05-633b3d5a4880;422.26;0.25002;BUY
2016-04-07T01:07:01.227000;2016-04-07T01:07:01.507000;927fa307-0162-4b06-abb8-f347b677ce68;422.26;0.87677946;BUY
2016-04-07T01:07:01.227000;2016-04-07T01:07:01.507000;7b4b3c5e-66aa-4d2e-b5ff-50021826c534;422.3;0.01;BUY
2016-04-07T01:07:01.227000;2016-04-07T01:07:01.507000;2e26eae8-a1fd-40b8-baf6-47c4874517c0;422.3;0.02007225;BUY
2016-04-07T01:07:01.227000;2016-04-07T01:07:01.507000;34af0bf5-b404-4104-8d0c-0663a9f66c0d;422.3;0.01;BUY
2016-04-07T01:07:01.227000;2016-04-07T01:07:01.507000;384eac04-3888-48f8-985e-26ba8d6f3515;422.3;0.312;BUY
2016-04-07T01:07:01.230000;2016-04-07T01:07:01.507000;128d1955-449b-44b5-9f9e-1f2f8d0f5efd;422.33;0.21919487;BUY
2016-04-07T01:07:01.230000;2016-04-07T01:07:01.507000;8ee75c6b-0722-494e-9aea-07ba5a3e70e1;422.34;0.01;BUY
2016-04-07T01:07:01.230000;2016-04-07T01:07:01.507000;1c67d8c3-ffd7-4f91-98a0-4843f76ed646;422.34;0.01;BUY
2016-04-07T01:07:01.230000;2016-04-07T01:07:01.537000;8438908d-a6ed-4cfb-b092-0723d2fb5a04;422.35;0.01;BUY
2016-04-07T01:07:01.230000;2016-04-07T01:07:01.537000;0c5cc9dd-24ac-4972-9df3-5ded21f2e4b6;422.35;0.01;BUY
2016-04-07T01:07:01.230000;2016-04-07T01:07:01.537000;130babad-bb2d-4165-b6cb-a519114ed18d;422.35;0.268;BUY
2016-04-07T01:07:01.230000;2016-04-07T01:07:01.537000;9d056222-6b65-4adb-bb5e-df7ff6c7a138;422.37;0.01;BUY
2016-04-07T01:07:01.230000;2016-04-07T01:07:01.537000;1d305498-708e-4654-bcfe-5c7d18242407;422.39;0.01;BUY
2016-04-07T01:07:01.230000;2016-04-07T01:07:01.537000;c11c6ca3-ef6b-413c-8340-a88dd80db69d;422.39;0.5;BUY
2016-04-07T01:07:01.230000;2016-04-07T01:07:01.600000;579f4469-bbbc-4269-8fc8-957e01ca62a4;422.4;0.1;BUY
2016-04-07T01:07:01.230000;2016-04-07T01:07:01.630000;bdbe0a31-1477-4b33-9444-62dd6f6e1dc8;422.4;0.02004749;BUY
2016-04-07T01:07:01.230000;2016-04-07T01:07:01.630000;0389cc3f-5f8f-4dac-9f90-9a744f78dcde;422.4;0.1;BUY
2016-04-07T01:07:01.230000;2016-04-07T01:07:01.630000;d5a8edf3-be81-4809-b1bb-996f2f2eba38;422.4;0.3;BUY
2016-04-07T01:07:01.230000;2016-04-07T01:07:01.630000;85d634b1-b662-43d3-bb09-aaf555de205a;422.4;2.80869007;BUY
2016-04-07T01:07:31.280000;2016-04-07T01:07:31.303000;7aac72ea-225d-44c2-b2b7-e519c04019e1;422.37;2.793;BUY
2016-04-07T01:07:31.280000;2016-04-07T01:07:31.320000;be2b047e-438e-431a-80e7-495c7a4a2794;422.4;0.14451;BUY
2016-04-07T01:08:04.473000;2016-04-07T01:08:04.490000;f40c56fa-708b-4cea-9f4c-806117ff87cf;422.34;0.162;BUY
2016-04-07T01:08:04.473000;2016-04-07T01:08:04.520000;2f52053e-1774-433f-be40-3f8bb431041d;422.35;0.34196;BUY
2016-04-07T01:08:34.260000;2016-04-07T01:08:34.287000;472ea5d2-5fe3-451d-99dc-12fa6a222eae;422.38;0.166;BUY
2016-04-07T01:08:34.260000;2016-04-07T01:08:34.303000;4a5ea658-42f2-4ba3-aa51-9c9d09f42269;422.39;0.16;BUY
2016-04-07T01:08:34.260000;2016-04-07T01:08:34.303000;fd8535dd-9895-4996-bfcc-f377eb070220;422.4;0.99573;BUY
2016-04-07T01:09:05.043000;2016-04-07T01:09:05.070000;9c3ea7c9-a51d-491e-b0ce-abf458c6a5fb;422.31;0.01;SELL
2016-04-07T01:09:05.043000;2016-04-07T01:09:05.083000;441aff30-b0ee-404a-858b-a1658fe45647;422.3;0.01;SELL
2016-04-07T01:09:05.043000;2016-04-07T01:09:05.083000;a2fad462-4ed4-4b90-8e67-fb10b453e720;422.3;0.025;SELL
2016-04-07T01:09:05.043000;2016-04-07T01:09:05.083000;3f1df4c1-ac42-4ddf-957f-4db5a872e288;422.25;0.01;SELL
2016-04-07T01:09:05.043000;2016-04-07T01:09:05.083000;8847524b-c09d-4a5e-841a-d99409dde47c;422.25;0.0115;SELL
2016-04-07T01:09:05.043000;2016-04-07T01:09:05.100000;23b93818-74fb-4090-bf60-6999a9c18d05;422.21;0.09564;SELL
2016-04-07T01:09:31.470000;2016-04-07T01:09:31.490000;95f4a9be-9788-4341-86e2-cf26719f0ea8;422.28;0.14063;BUY
2016-04-07T01:10:01.223000;2016-04-07T01:10:01.240000;99e7255f-c3e7-4c2d-afdd-c9c9130f5684;422.2;0.01;SELL
2016-04-07T01:10:01.223000;2016-04-07T01:10:01.257000;10c9e1d8-8ad0-4258-aa2e-32d8dd04a566;422.19;0.025;SELL
2016-04-07T01:10:01.223000;2016-04-07T01:10:01.257000;82068824-2721-4ea5-a5c5-ae35cac365ff;422.15;0.01;SELL
2016-04-07T01:10:01.223000;2016-04-07T01:10:01.257000;5791f0fd-5546-471d-8517-1e161864d985;422.12;0.19;SELL
2016-04-07T01:10:01.223000;2016-04-07T01:10:01.287000;e52c57c4-6fa0-4655-9633-accf63615d05;422.11;0.087;SELL
2016-04-07T01:10:01.223000;2016-04-07T01:10:01.287000;78b1ed29-e082-413c-b4a4-2bf1a9142d46;422.1;0.01;SELL
2016-04-07T01:10:01.223000;2016-04-07T01:10:01.287000;b2c7b0a3-f93a-45c2-a42f-e641e4db75e7;422.1;0.01;SELL
2016-04-07T01:10:01.227000;2016-04-07T01:10:01.287000;b0c3fc15-2298-46c0-a2b3-a9fd0f2b84cc;422.1;0.1;SELL
2016-04-07T01:10:01.227000;2016-04-07T01:10:01.303000;c1676282-2b1d-4392-810b-55f5e8c58c4e;422.07;0.34;SELL
2016-04-07T01:10:01.227000;2016-04-07T01:10:01.303000;c5e66c7c-b381-4d03-a3ff-7bed5a296331;422.06;0.111;SELL
2016-04-07T01:10:01.227000;2016-04-07T01:10:01.303000;9d94d168-88ca-4f64-b47e-f3435d9b1165;422.06;0.34;SELL
2016-04-07T01:10:01.227000;2016-04-07T01:10:01.303000;10d26bd3-5c0b-4c16-8df4-46c63acd8bd6;422.05;0.02;SELL
2016-04-07T01:10:01.227000;2016-04-07T01:10:01.303000;09990ff0-4244-40ea-a0e0-f446bc701bdd;422.05;0.01;SELL
2016-04-07T01:10:01.227000;2016-04-07T01:10:01.320000;bd42a713-2ce2-41e5-a92d-c8e630dc95d1;422.02;0.33801;SELL
2016-04-07T01:10:15.027000;2016-04-07T01:10:15.053000;b25e6bcf-c509-4605-93fb-9a98a9c911ed;422.26;0.01180691;BUY
2016-04-07T01:10:31.260000;2016-04-07T01:10:31.287000;df9b4dcb-5537-4ee5-9b9e-07661cbea9c3;422.21;0.01;SELL
2016-04-07T01:10:31.260000;2016-04-07T01:10:31.287000;85db7b57-39f6-47c1-9416-5d94b37c5f3d;422.2;0.01;SELL
2016-04-07T01:10:31.260000;2016-04-07T01:10:31.287000;bad314af-c99c-4679-989e-d16e0eca8ef2;422.15;0.01;SELL
2016-04-07T01:10:31.260000;2016-04-07T01:10:31.303000;0b6cf906-22d5-4490-a519-3e0dae4d89b4;422.15;0.01;SELL
2016-04-07T01:10:31.260000;2016-04-07T01:10:31.303000;fabbafa3-769b-42de-b267-0d82049b80f4;422.1;0.01;SELL
2016-04-07T01:10:31.260000;2016-04-07T01:10:31.303000;4d7b7a39-991c-4860-bced-51228636aadd;422.06;0.10505;SELL
2016-04-07T01:11:02.487000;2016-04-07T01:11:02.507000;4924cc1d-2ecf-4e13-bcd1-4758abc0171a;422.22;0.02819309;BUY
2016-04-07T01:11:02.487000;2016-04-07T01:11:02.523000;39ce793f-d69d-4b2a-983a-c0f6e4301a70;422.23;0.1;BUY
2016-04-07T01:11:02.487000;2016-04-07T01:11:02.523000;d17d1f61-2658-4a18-a238-00658527b2df;422.24;0.3;BUY
2016-04-07T01:11:02.487000;2016-04-07T01:11:02.523000;e4181084-d73c-4f61-9e53-253e2aaf90b4;422.25;0.01;BUY
2016-04-07T01:11:02.487000;2016-04-07T01:11:02.537000;b2034c63-e1c2-45c3-a60d-6fa660dc38d3;422.27;0.17;BUY
2016-04-07T01:11:02.487000;2016-04-07T01:11:02.537000;d1375867-f1bf-47e5-a944-ee72aab4c1bb;422.28;1.21247691;BUY
2016-04-07T01:11:32.057000;2016-04-07T01:11:32.070000;0cc6037f-f5f5-4127-be52-5e95930c07ce;422.2;0.01;SELL
2016-04-07T01:11:32.057000;2016-04-07T01:11:32.083000;27d9e73a-a0cd-40b9-9f59-dded293d2dd0;422.18;0.16;SELL
2016-04-07T01:11:32.057000;2016-04-07T01:11:32.083000;13da689c-8315-466b-a1d9-85c8d3287ff7;422.17;0.025;SELL
2016-04-07T01:11:32.057000;2016-04-07T01:11:32.083000;6d984322-3141-46dd-acfc-cfef7cbdfd7b;422.17;0.102;SELL
2016-04-07T01:11:32.057000;2016-04-07T01:11:32.083000;3b73e980-c4c7-492c-8b8d-0d559600d051;422.15;0.01;SELL
2016-04-07T01:11:32.057000;2016-04-07T01:11:32.100000;6061e331-f72e-4d92-b864-ce6c73df2901;422.11;0.12;SELL
2016-04-07T01:11:32.057000;2016-04-07T01:11:32.147000;9945f590-da4d-499d-85fb-652d55c7656a;422.1;0.01;SELL
2016-04-07T01:11:32.057000;2016-04-07T01:11:32.147000;bcd9ec28-d0cc-4122-aacc-3cf675889a8a;422.06;0.115;SELL
2016-04-07T01:11:32.057000;2016-04-07T01:11:32.147000;e7df77da-2d48-49af-a1ec-912f7e5f4047;422.05;0.01;SELL
2016-04-07T01:11:32.057000;2016-04-07T01:11:32.147000;a5438d7d-2aa3-4145-9bca-6959b374bc0b;422.01;0.97631;SELL
2016-04-07T01:12:31.820000;2016-04-07T01:12:31.833000;cbf2679e-e019-479c-96ea-5a5fac5c87ed;422.22;0.31898;BUY
2016-04-07T01:13:01.147000;2016-04-07T01:13:01.163000;166fa94b-f93e-4274-a92b-32c9bdb7ebf5;422.27;0.04;BUY
2016-04-07T01:13:01.147000;2016-04-07T01:13:01.177000;403496a6-e080-4b03-93b7-887634af8e2e;422.28;1.01987;BUY
2016-04-07T01:13:31.957000;2016-04-07T01:13:31.973000;eda0a22c-e055-48b5-aeaf-f5e4ff938d49;422.23;0.1;SELL
2016-04-07T01:13:31.957000;2016-04-07T01:13:31.990000;be34e1f5-00d7-4353-8b3e-d2594b997b0b;422.23;0.073;SELL
2016-04-07T01:13:31.957000;2016-04-07T01:13:31.990000;c72eac0e-71c5-4c75-bb43-456423848a90;422.22;0.01;SELL
2016-04-07T01:13:31.957000;2016-04-07T01:13:31.990000;0b03db61-4011-48f2-9d63-9d52443d2f54;422.2;0.01;SELL
2016-04-07T01:13:31.957000;2016-04-07T01:13:31.990000;0b71ba48-2eb7-4fcd-93e3-323a832f928f;422.18;0.111;SELL
2016-04-07T01:13:31.957000;2016-04-07T01:13:32.083000;c7308f12-14a4-4cb1-9bcc-99a6f3c43c30;422.15;0.01;SELL
2016-04-07T01:13:31.957000;2016-04-07T01:13:32.083000;40dcdb4b-7bd5-45e9-bca6-48ef1b8cb86b;422.14;0.01;SELL
2016-04-07T01:13:31.957000;2016-04-07T01:13:32.083000;a84e7b72-b656-4176-8fda-a060f539d632;422.14;0.17;SELL
2016-04-07T01:13:31.957000;2016-04-07T01:13:32.083000;a64e99f5-9bf4-4c7c-adc2-eedede8da67f;422.13;0.104;SELL
2016-04-07T01:13:31.957000;2016-04-07T01:13:32.083000;dfc4dff5-8b60-4534-a5f1-5c8edb953a9a;422.13;0.68;SELL
2016-04-07T01:13:31.957000;2016-04-07T01:13:32.083000;ba2380bf-d967-4bbc-947d-cf2826e8da69;422.12;0.13002;SELL
2016-04-07T01:14:02.903000;2016-04-07T01:14:02.953000;5cfa32c6-0dc6-468a-905e-1c1df0f0ef6e;422.25;0.02;BUY
2016-04-07T01:14:02.903000;2016-04-07T01:14:02.983000;a5d82664-b569-4f57-8057-c0e281fe74e5;422.25;0.29;BUY
2016-04-07T01:14:02.903000;2016-04-07T01:14:02.983000;9584dc87-9f7d-4d86-aaea-90fb6a906e6d;422.28;0.1348;BUY
2016-04-07T01:14:10.417000;2016-04-07T01:14:10.483000;0aa1337a-8681-4f90-a06e-71d754126b1e;422.28;0.02;BUY
2016-04-07T01:14:32.367000;2016-04-07T01:14:32.423000;e8e53b9a-c25c-4ac1-a299-a8445b25d289;422.28;0.26285309;BUY
2016-04-07T01:14:32.367000;2016-04-07T01:14:32.437000;6f269601-93ba-4733-8f41-4316e97a7756;422.3;0.01;BUY
2016-04-07T01:14:32.367000;2016-04-07T01:14:32.437000;4b4e97a8-869e-4fd3-b326-6c783a415aff;422.33;0.01;BUY
2016-04-07T01:14:32.367000;2016-04-07T01:14:32.437000;e769b7ba-dd05-47fc-aa40-66c466bf3b51;422.34;0.01;BUY
2016-04-07T01:14:32.367000;2016-04-07T01:14:32.453000;0bc5bc1a-2167-4dab-b0c4-d8db2d83badb;422.34;0.111;BUY
2016-04-07T01:14:32.367000;2016-04-07T01:14:32.453000;6b707030-8ce3-4e7b-bc8f-e786241c12cc;422.35;0.01;BUY
2016-04-07T01:14:32.367000;2016-04-07T01:14:32.453000;cbddbd1d-b4c7-43b1-8dad-36122940ed4b;422.37;0.01;BUY
2016-04-07T01:14:32.367000;2016-04-07T01:14:32.470000;bac181fd-2f46-4dce-90f8-005c58ddfca3;422.38;0.01;BUY
2016-04-07T01:14:32.367000;2016-04-07T01:14:32.470000;f9111014-53f5-4318-9143-bb48f6e985f4;422.38;1.39579691;BUY
2016-04-07T01:15:36.623000;2016-04-07T01:15:36.673000;e2517bcb-be74-4028-8171-fd148fde396f;422.27;0.01;SELL
2016-04-07T01:15:36.623000;2016-04-07T01:15:36.687000;3fc1cbba-1cc2-43b3-9224-49f7739bda9c;422.26;0.17;SELL
2016-04-07T01:15:36.623000;2016-04-07T01:15:36.687000;4169dff4-0d3e-4768-b94d-21c99ab8c35f;422.26;0.114;SELL
2016-04-07T01:15:36.623000;2016-04-07T01:15:36.687000;1737888c-1730-45bd-bcbe-5920927ed6e0;422.25;0.0115;SELL
2016-04-07T01:15:36.623000;2016-04-07T01:15:36.703000;8dfcbed0-3304-4672-9285-2d3f8b2ea0d4;422.25;0.01;SELL
2016-04-07T01:15:36.623000;2016-04-07T01:15:36.703000;908dbc8f-0ce9-4a0a-afe5-45ac81e789c7;422.2;0.01;SELL
2016-04-07T01:15:36.623000;2016-04-07T01:15:36.767000;c63ce9f4-1013-4d9f-9ef7-cd2e4ce54fb3;422.2;0.077;SELL
2016-04-07T01:15:36.623000;2016-04-07T01:15:36.780000;1011a6fb-4e2e-4f9c-b481-0613b78efa00;422.16;1.87;SELL
2016-04-07T01:15:36.623000;2016-04-07T01:15:36.780000;b6ecc5be-1feb-4792-84c7-773c5915bce7;422.15;0.01;SELL
2016-04-07T01:15:36.623000;2016-04-07T01:15:36.797000;beec62ed-6d89-4158-b20c-13ce993b6b6c;422.15;0.085;SELL
2016-04-07T01:15:36.623000;2016-04-07T01:15:36.797000;bb72a3a9-6f6b-49b7-98e0-d1b1ab4f253e;422.11;2.72;SELL
2016-04-07T01:15:36.623000;2016-04-07T01:15:36.797000;90d61840-158e-4557-a89f-4ffaa2d77fbe;422.1;0.01;SELL
2016-04-07T01:15:36.627000;2016-04-07T01:15:36.797000;e16e1348-37d1-41ba-8034-dba5a8591105;422.1;0.85;SELL
2016-04-07T01:15:36.627000;2016-04-07T01:15:36.797000;b41e2c3a-233e-49b3-b46b-acbb6fc76069;422.09;0.01;SELL
2016-04-07T01:15:36.627000;2016-04-07T01:15:36.797000;d2b58531-0401-43f0-8158-615be6eb2da4;422.09;0.68;SELL
2016-04-07T01:15:36.627000;2016-04-07T01:15:36.797000;6e54b931-e765-4a5b-a683-3c801b35e2fb;422.08;1.0;SELL
2016-04-07T01:15:36.627000;2016-04-07T01:15:36.797000;79911c32-6155-494a-8115-58fb566d7dc6;422.07;0.2;SELL
2016-04-07T01:15:36.627000;2016-04-07T01:15:36.797000;0a20fc18-6bd5-422f-b69c-00b9990c8e3c;422.07;0.3;SELL
2016-04-07T01:15:36.627000;2016-04-07T01:15:36.797000;12254893-409d-4fff-8866-b61479160db0;422.06;0.17;SELL
2016-04-07T01:15:36.627000;2016-04-07T01:15:36.797000;0d6bd9ad-4fe9-4385-a145-82e50aaca083;422.05;0.01;SELL
2016-04-07T01:15:36.627000;2016-04-07T01:15:36.797000;031ceae1-ff9a-41a2-aca5-b6164105af42;422.05;0.099;SELL
2016-04-07T01:15:36.627000;2016-04-07T01:15:36.797000;fcf27db1-7c9d-4d2b-94be-e42e1b229211;422.03;1.53;SELL
2016-04-07T01:15:36.627000;2016-04-07T01:15:36.797000;72480f68-e5c1-4daf-8207-39c5ccfeffb8;422.02;0.8;SELL
2016-04-07T01:15:36.627000;2016-04-07T01:15:36.797000;ac86c7ce-c5dd-424b-8d1d-f2a52f1a28ee;422.01;1.36;SELL
2016-04-07T01:15:36.627000;2016-04-07T01:15:36.797000;5e8d9d88-f811-4e08-a970-6b64224e1986;422.0;0.01;SELL
2016-04-07T01:15:36.627000;2016-04-07T01:15:36.797000;6a6c3df9-697f-4a9d-b0eb-1689ba970793;422.0;0.0115;SELL
2016-04-07T01:15:36.627000;2016-04-07T01:15:36.797000;f6c99cc7-3020-4546-8929-38c9346346d2;422.0;0.106;SELL
2016-04-07T01:15:36.627000;2016-04-07T01:15:36.797000;aa85e5a4-f786-48b8-97cc-b0bb27ff5636;421.98;2.89;SELL
2016-04-07T01:15:36.630000;2016-04-07T01:15:36.797000;39a3a02b-e502-4d47-9f72-519fa80d6a48;421.97;0.5;SELL
2016-04-07T01:15:36.630000;2016-04-07T01:15:36.797000;a7427d14-b4cd-457a-91f3-fd6f4682fb90;421.96;1.87;SELL
2016-04-07T01:15:36.630000;2016-04-07T01:15:36.797000;f7986c95-9174-4a26-a416-7b4685f4eca9;421.95;0.01;SELL
2016-04-07T01:15:36.630000;2016-04-07T01:15:36.797000;5c3b55e9-4658-4b32-a585-af1e63d9156a;421.95;0.01;SELL
2016-04-07T01:15:36.630000;2016-04-07T01:15:36.797000;193d0778-a43e-4323-82da-b96cdb6e5684;421.94;2.21;SELL
2016-04-07T01:15:36.630000;2016-04-07T01:15:36.813000;328663c2-9f71-47dc-b587-9cbbdf924728;421.93;0.078;SELL
2016-04-07T01:15:36.630000;2016-04-07T01:15:36.813000;7afc7230-59f0-47ea-b11a-8c2a340fcb68;421.91;2.38;SELL
2016-04-07T01:15:36.630000;2016-04-07T01:15:36.813000;e8d6181c-7e0a-4bf2-bdf5-5bae9b0d1e92;421.9;0.01;SELL
2016-04-07T01:15:36.630000;2016-04-07T01:15:36.813000;cdc7833a-64c5-4380-a6e0-055b42bd24c9;421.88;1.42905;SELL
2016-04-07T01:16:02.327000;2016-04-07T01:16:02.390000;3e6b9082-85b5-44f9-86ba-4271986d6d83;422.32;0.22;BUY
2016-04-07T01:16:02.327000;2016-04-07T01:16:02.390000;eaf3a1ca-a0c0-4127-8fbd-ec0bc2713e02;422.32;0.3;BUY
2016-04-07T01:16:02.327000;2016-04-07T01:16:02.390000;e47b46fc-70e6-4b79-9f6f-eba3c3120f4d;422.34;0.06737;BUY
2016-04-07T01:16:31.480000;2016-04-07T01:16:31.517000;d1ac8836-b50c-4559-986b-f7069e60a3c3;422.3;0.08;BUY
2016-04-07T01:16:31.480000;2016-04-07T01:16:31.547000;549d3922-9746-4cc0-a75e-adcd37331524;422.3;0.16359;BUY
2016-04-07T01:17:02.533000;2016-04-07T01:17:02.577000;17bb8d03-2870-4b1e-9510-4b8597e24410;422.29;0.1;BUY
2016-04-07T01:17:02.533000;2016-04-07T01:17:02.593000;f1cbf477-a03d-4a59-a9e5-f5d2699a1d31;422.3;0.83641;BUY
2016-04-07T01:17:02.533000;2016-04-07T01:17:02.593000;ea8155b0-79d0-4c62-89a8-4265e175452f;422.31;0.07174;BUY
2016-04-07T01:17:31.113000;2016-04-07T01:17:31.157000;79650923-c88d-41b0-9977-c0e9d47980e4;422.31;0.53923;BUY
2016-04-07T01:18:03.623000;2016-04-07T01:18:03.657000;11b5709f-82f9-4c40-b743-14a116c85cb7;422.31;0.18903;BUY
2016-04-07T01:18:03.623000;2016-04-07T01:18:03.687000;252661c4-856e-4866-a3a5-f2251aaecd28;422.31;0.05097;BUY
2016-04-07T01:18:31.233000;2016-04-07T01:18:31.280000;43d4f71a-02ed-453c-bb7e-e81bd4219341;422.29;0.1;SELL
2016-04-07T01:18:31.233000;2016-04-07T01:18:31.297000;049007be-7b16-4757-98d7-7ee31348da4c;422.29;0.076;SELL
2016-04-07T01:18:31.233000;2016-04-07T01:18:31.297000;0c6ff1c3-3fd1-4e5c-ada9-0d6900a95f54;422.29;0.15;SELL
2016-04-07T01:18:31.233000;2016-04-07T01:18:31.313000;af1cf06a-4306-4d2f-974c-bc61cca8d0d9;422.29;0.02;SELL
2016-04-07T01:18:31.233000;2016-04-07T01:18:31.313000;a54c35ae-b65a-4d05-a798-bd45482973ce;422.27;0.01;SELL
2016-04-07T01:18:31.233000;2016-04-07T01:18:31.360000;3eac1473-a52b-49b7-a6cc-215b6427a7bc;422.27;0.025;SELL
2016-04-07T01:18:31.233000;2016-04-07T01:18:31.360000;dedd3528-c97d-484d-8789-08aafce4ee23;422.25;0.01;SELL
2016-04-07T01:18:31.233000;2016-04-07T01:18:31.360000;600933f7-c96c-4b52-b29f-8f05172b79c6;422.24;0.073;SELL
2016-04-07T01:18:31.233000;2016-04-07T01:18:31.377000;d7c45e39-0c76-446b-950c-9ee7d69c84f4;422.2;0.01;SELL
2016-04-07T01:18:31.233000;2016-04-07T01:18:31.377000;4d0f7962-359b-4983-96c8-0080b2f80aa6;422.19;0.074;SELL
2016-04-07T01:18:31.233000;2016-04-07T01:18:31.390000;1223e89c-0062-4b3c-b834-41d041d5ed5a;422.15;0.01;SELL
2016-04-07T01:18:31.233000;2016-04-07T01:18:31.390000;bab41f97-474b-43d7-9a97-5426624304d2;422.15;0.01;SELL
2016-04-07T01:18:31.233000;2016-04-07T01:18:31.390000;5152942c-5d17-4140-9c52-74dd05b12bee;422.14;0.088;SELL
2016-04-07T01:18:31.233000;2016-04-07T01:18:31.390000;dc20246a-ec0c-490b-958b-744a22408a15;422.12;0.3;SELL
2016-04-07T01:18:31.233000;2016-04-07T01:18:31.390000;01d0be7c-41b0-4a11-860e-bdbd18fc2fb7;422.1;0.01;SELL
2016-04-07T01:18:31.237000;2016-04-07T01:18:31.390000;8ed428c1-177c-42f2-9623-8f28dfdac015;422.09;0.084;SELL
2016-04-07T01:18:31.237000;2016-04-07T01:18:31.390000;d6de3df5-5c35-498e-b7fc-7ea458b3d496;422.09;0.025;SELL
2016-04-07T01:18:31.237000;2016-04-07T01:18:31.390000;4bf4a499-b9ee-4529-b2a6-241850318948;422.06;3.06;SELL
2016-04-07T01:18:31.237000;2016-04-07T01:18:31.390000;de7033e3-92d7-474f-9386-5a06a4079ed8;422.05;0.01;SELL
2016-04-07T01:18:31.237000;2016-04-07T01:18:31.390000;f61ae1d3-31d3-47e2-8707-c6ca8347d4aa;422.05;0.2;SELL
2016-04-07T01:18:31.237000;2016-04-07T01:18:31.390000;08ab3eda-9323-40d8-8fe3-cd0f8165366a;422.05;1.0;SELL
2016-04-07T01:18:31.237000;2016-04-07T01:18:31.390000;55652d16-efee-4422-b403-39182d9f808d;422.04;0.072;SELL
2016-04-07T01:18:31.237000;2016-04-07T01:18:31.390000;a44ee622-0b7e-4389-b8f1-ca1387be6364;422.01;2.04;SELL
2016-04-07T01:18:31.237000;2016-04-07T01:18:31.390000;d4afcd25-c8cf-4c8d-82c4-e63b207428da;422.0;0.01;SELL
2016-04-07T01:18:31.237000;2016-04-07T01:18:31.390000;7cc3d530-9106-405f-9bbd-06c11e4d7eb0;422.0;0.488056;SELL
2016-04-07T01:18:31.237000;2016-04-07T01:18:31.407000;5c468444-cbf1-4786-9a0d-de7191808923;422.0;0.17;SELL
2016-04-07T01:18:31.237000;2016-04-07T01:18:31.407000;d6d051d0-d8f7-4a60-939d-ecb1549eb4a6;421.99;0.121;SELL
2016-04-07T01:18:31.237000;2016-04-07T01:18:31.407000;9b53aa0e-3183-42a8-857f-82a5ab24e105;421.96;1.559934;SELL
2016-04-07T01:19:31.217000;2016-04-07T01:19:31.250000;f8c66db9-21ee-4969-91ef-1f285f0c6dac;422.15;0.03;BUY
2016-04-07T01:19:31.217000;2016-04-07T01:19:31.267000;0930d670-fb98-4efb-9553-39428e2868c0;422.15;0.83826;BUY
2016-04-07T01:20:01.847000;2016-04-07T01:20:01.890000;22ba09ad-fa60-4698-b0ca-eb12638e677a;422.14;0.01;SELL
2016-04-07T01:20:01.847000;2016-04-07T01:20:01.907000;ccf1743b-e7c1-465b-963a-df164959b81b;422.14;0.09;SELL
2016-04-07T01:20:01.847000;2016-04-07T01:20:01.907000;58f9af5f-f098-4470-a3f7-13046b8d165c;422.13;0.01;SELL
2016-04-07T01:20:01.847000;2016-04-07T01:20:01.907000;a3639f54-41c3-40ff-b449-5ddef139fab7;422.11;0.025;SELL
2016-04-07T01:20:01.847000;2016-04-07T01:20:01.907000;95f31cbc-cca5-4b8c-a066-71712342ea25;422.1;0.01;SELL
2016-04-07T01:20:01.847000;2016-04-07T01:20:02.000000;4ca7a43c-6425-4693-8eef-3b4bb694c034;422.09;0.108;SELL
2016-04-07T01:20:01.847000;2016-04-07T01:20:02.000000;33898feb-d472-437a-90e0-51ca4b9b2cc9;422.08;0.01;SELL
2016-04-07T01:20:01.847000;2016-04-07T01:20:02.000000;e97e48cd-009d-4c78-8789-67c2e632ef3a;422.05;0.01;SELL
2016-04-07T01:20:01.847000;2016-04-07T01:20:02.000000;aec855ae-0079-4287-8d46-efa607e8fc41;422.04;0.121;SELL
2016-04-07T01:20:01.847000;2016-04-07T01:20:02.000000;72fd050f-2e5d-4824-8515-8fe62eae94ca;422.0;0.01;SELL
2016-04-07T01:20:01.847000;2016-04-07T01:20:02.000000;f6e2f408-b804-4a65-bcd4-aee7a28e2330;421.99;0.127;SELL
2016-04-07T01:20:01.847000;2016-04-07T01:20:02.000000;bc4f7143-24fb-4853-b781-ea9eaaa1396f;421.99;0.22;SELL
2016-04-07T01:20:01.847000;2016-04-07T01:20:02.000000;b7239b06-ff1e-45a7-a8f0-c468f6bbff24;421.95;0.01;SELL
2016-04-07T01:20:01.847000;2016-04-07T01:20:02.000000;9f183914-28cc-4881-851a-5317b79afe90;421.94;0.24854;SELL
2016-04-07T01:20:32.487000;2016-04-07T01:20:32.517000;8ba78a45-e580-4ff4-b87a-a871cf74e718;422.01;0.01;BUY
2016-04-07T01:20:32.487000;2016-04-07T01:20:32.547000;08a3c291-1cf8-4bed-9a2a-cfda917a9237;422.02;0.31;BUY
2016-04-07T01:20:32.487000;2016-04-07T01:20:32.547000;b4bd59fe-732f-4535-8746-53d19f7a49ba;422.03;2.43127;BUY
2016-04-07T01:21:01.507000;2016-04-07T01:21:01.530000;e02d968e-38cf-436e-aa83-0218203e06b3;422.05;0.0186;SELL
2016-04-07T01:21:01.507000;2016-04-07T01:21:01.563000;7781ae81-5cb0-46ab-9550-ad55a3ee837d;422.05;0.104;SELL
2016-04-07T01:21:01.507000;2016-04-07T01:21:01.563000;df05379f-eb56-4d78-9f29-2a839087fa69;422.05;0.02;SELL
2016-04-07T01:21:01.507000;2016-04-07T01:21:01.563000;e6c179b8-0c4e-4fc9-b648-6da98b4c48f8;422.05;0.0204;SELL
2016-04-07T01:21:01.507000;2016-04-07T01:21:01.563000;aa437844-8668-4744-a69f-18bf0b4c55c9;422.05;0.0255;SELL
2016-04-07T01:21:01.507000;2016-04-07T01:21:01.577000;07390117-f80c-4d3a-896b-fd9e6d61e93b;422.05;0.0246;SELL
2016-04-07T01:21:01.507000;2016-04-07T01:21:01.593000;564cea46-858e-4b77-b9a9-3931cb86db60;422.05;0.0247;SELL
2016-04-07T01:21:01.507000;2016-04-07T01:21:01.593000;fba67382-baa4-4960-a43d-553c7f23fd78;422.05;0.0246;SELL
2016-04-07T01:21:01.507000;2016-04-07T01:21:01.593000;f7d63db4-75f5-449b-8840-1f9a47afaf81;422.05;0.0268;SELL
2016-04-07T01:21:01.507000;2016-04-07T01:21:01.593000;c90de107-d594-41ef-988a-68230e559888;422.05;0.0218;SELL
2016-04-07T01:21:01.507000;2016-04-07T01:21:01.627000;6d6fc6e3-7ae7-41a2-8b02-dd380b801eb5;422.05;0.0252;SELL
2016-04-07T01:21:01.507000;2016-04-07T01:21:01.627000;623f87af-908f-4ac3-a5e1-ce2e15633bbf;422.05;0.0284;SELL
2016-04-07T01:21:01.507000;2016-04-07T01:21:01.627000;b14fbc18-baba-4c06-aab5-867f0d6cddc5;422.05;0.26;SELL
2016-04-07T01:21:31.310000;2016-04-07T01:21:31.343000;34cabc36-1c02-4408-94c7-50415d15cf49;422.02;0.01;SELL
2016-04-07T01:21:31.310000;2016-04-07T01:21:31.360000;cccc7b68-229c-4431-a6d9-2bce496433f1;422.02;0.126;SELL
2016-04-07T01:21:31.310000;2016-04-07T01:21:31.360000;685cdd09-c90c-4576-ac75-0c7d559665c9;422.01;0.01;SELL
2016-04-07T01:21:31.310000;2016-04-07T01:21:31.360000;4779f67e-6cc0-4d12-8d95-415d3f35377f;421.98;0.19;SELL
2016-04-07T01:21:31.310000;2016-04-07T01:21:31.377000;926916e7-bb03-4a4a-8ad6-56ace4421b97;421.97;0.025;SELL
2016-04-07T01:21:31.310000;2016-04-07T01:21:31.377000;9da4464e-552d-47b1-a22d-56c16913f3fb;421.97;0.094;SELL
2016-04-07T01:21:31.310000;2016-04-07T01:21:31.390000;eb28970b-b4b8-4f23-9917-b20928f18c1b;421.96;0.01;SELL
2016-04-07T01:21:31.310000;2016-04-07T01:21:31.390000;68730f95-ddfd-4dfd-9188-3f700eafe986;421.95;0.01;SELL
2016-04-07T01:21:31.310000;2016-04-07T01:21:31.390000;52e9de03-8555-4be6-9084-7bc2ce08acbd;421.95;0.02;SELL
2016-04-07T01:21:31.310000;2016-04-07T01:21:31.437000;d2df861d-c225-4fa7-ac5a-5476f9741a26;421.93;1.0;SELL
2016-04-07T01:21:31.310000;2016-04-07T01:21:31.453000;3e988de3-92c7-43f3-b584-667d8330c619;421.93;5.5035;SELL
2016-04-07T01:22:01.310000;2016-04-07T01:22:01.343000;e611bbc1-7eb7-4218-8939-23a701a6dfae;422.01;0.01;BUY
2016-04-07T01:22:01.310000;2016-04-07T01:22:01.360000;dc224098-8030-44bf-a204-39760dd1950d;422.02;0.2;BUY
2016-04-07T01:22:01.310000;2016-04-07T01:22:01.360000;24475bd7-2299-4e4e-a447-482040842c7c;422.03;2.83957;BUY
2016-04-07T01:22:34.953000;2016-04-07T01:22:34.983000;8264f0e4-f3f8-44a5-bb88-98a2931f4aa2;421.99;0.0463;BUY
2016-04-07T01:22:34.953000;2016-04-07T01:22:35.000000;2e0845a6-dfe0-447f-b702-036f1f9a1e75;422.03;0.18594;BUY
2016-04-07T01:23:02.703000;2016-04-07T01:23:02.733000;f36c1191-b424-45d2-9de6-a19ff404f3f7;421.99;0.0463;BUY
2016-04-07T01:23:02.703000;2016-04-07T01:23:02.750000;5c342fef-5da4-4c79-86a8-1725ad8ac941;421.99;0.63404;BUY
2016-04-07T01:23:31.807000;2016-04-07T01:23:31.827000;42992ff1-f696-48ca-a865-301f8b4e07bc;421.99;0.70384;BUY
2016-04-07T01:24:07.010000;2016-04-07T01:24:07.030000;8497bb69-4789-4f78-93d5-7f781432eaf3;421.99;0.6099;BUY
2016-04-07T01:24:39.923000;2016-04-07T01:24:39.937000;b90c0565-c131-4001-8e41-0ad9b2ae1a56;421.98;0.01;SELL
2016-04-07T01:24:39.923000;2016-04-07T01:24:40.000000;8d1ac490-43ad-42f1-b44f-4b300a7b49f4;421.98;0.072;SELL
2016-04-07T01:24:39.923000;2016-04-07T01:24:40.000000;c02d4b36-b068-4e14-9bbd-9622615259fb;421.98;0.11;SELL
2016-04-07T01:24:39.923000;2016-04-07T01:24:40.000000;5d3e898f-97f1-4f74-a18a-fee64ab79255;421.98;0.10757;SELL
2016-04-07T01:25:03.457000;2016-04-07T01:25:03.483000;7015cf19-25ec-482d-b22e-668db2ce4856;422.0;0.01;BUY
2016-04-07T01:25:03.460000;2016-04-07T01:25:03.500000;9a783850-4745-4c87-bdc3-7fd0f338c249;422.06;0.01;BUY
2016-04-07T01:25:03.460000;2016-04-07T01:25:03.500000;035cb19c-6921-481d-a27b-9d5f995b8e93;422.1;0.01;BUY
2016-04-07T01:25:03.460000;2016-04-07T01:25:03.500000;9472202f-e409-418d-a463-b7e94980d2dd;422.11;0.01;BUY
2016-04-07T01:25:03.460000;2016-04-07T01:25:03.500000;a53bf762-2444-48a1-a913-a0912abefad8;422.14;0.01;BUY
2016-04-07T01:25:03.460000;2016-04-07T01:25:03.500000;d9c12a6a-5727-464f-a507-e9941c1e2819;422.15;0.16174;BUY
2016-04-07T01:25:03.460000;2016-04-07T01:25:03.517000;670069a0-f2d1-48d1-b160-7586abce162b;422.15;0.01;BUY
2016-04-07T01:25:03.460000;2016-04-07T01:25:03.517000;0575008e-5471-463e-9b1f-1b57f3f69235;422.15;0.01283;BUY
