time_exchange;time_coinpai;guid;price;base_amount;taker_side
2016-04-07T00:03:51.000000;2016-04-07T00:03:51.000000;740672ab-78aa-4186-85d2-6e095fbdf700;422.52;1.86915807;UNKNOWN
2016-04-07T00:03:51.000000;2016-04-07T00:03:51.000000;f1ce4e2c-7b26-4579-8c8c-360ac2636938;422.52;3.8075;UNKNOWN
2016-04-07T00:04:45.000000;2016-04-07T00:04:45.000000;1c2b3e22-5c94-423e-b9db-74c8a5bac848;422.51;0.71144839;UNKNOWN
2016-04-07T00:05:04.000000;2016-04-07T00:05:04.000000;df7c90e6-198b-4297-8b44-a6a8dffd5d5d;422.51;0.44406464;UNKNOWN
2016-04-07T00:06:21.000000;2016-04-07T00:06:21.000000;6452d3db-f38e-4a77-9d01-bbadc7ed76e3;422.51;2.0;UNKNOWN
2016-04-07T00:09:35.000000;2016-04-07T00:09:35.000000;e939cdd5-0a08-4446-8cf1-6fb726b254e5;422.51;0.30508361;UNKNOWN
2016-04-07T00:10:52.000000;2016-04-07T00:10:52.000000;c71ab73a-e162-43c3-b53d-82505f1ee4c2;422.51;0.56382846;UNKNOWN
2016-04-07T00:11:57.000000;2016-04-07T00:11:57.000000;4fb95696-eb91-4725-a807-29a2552c27ff;422.51;0.48522895;UNKNOWN
2016-04-07T00:11:58.000000;2016-04-07T00:11:58.000000;db4f85b8-cf30-4bd7-b485-05db58a3f699;422.51;0.48522895;UNKNOWN
2016-04-07T00:14:05.000000;2016-04-07T00:14:05.000000;5c7f2a7c-95e1-478e-87f6-77c3fe24147e;422.51;3.45;UNKNOWN
2016-04-07T00:15:38.000000;2016-04-07T00:15:38.000000;f7222238-1084-4091-8905-a7fa975ab44b;422.5;3.0;UNKNOWN
2016-04-07T00:15:38.000000;2016-04-07T00:15:38.000000;4da3ed41-d281-4f87-bd3d-5ec033ccf113;422.51;1.545117;UNKNOWN
2016-04-07T00:16:24.000000;2016-04-07T00:16:24.000000;19a43369-a3ba-43c7-9eca-91f00ade2305;422.34;2.483;UNKNOWN
2016-04-07T00:17:01.000000;2016-04-07T00:17:01.000000;6801e250-3e50-4b72-808a-490f5c053adc;422.34;0.06175;UNKNOWN
2016-04-07T00:17:11.000000;2016-04-07T00:17:11.000000;60bb34cb-3a56-4a77-b807-3b188cf24817;422.34;0.08303769;UNKNOWN
2016-04-07T00:19:01.000000;2016-04-07T00:19:01.000000;e34fe591-fd17-40cb-86b4-443ce0c2f214;422.34;0.08303769;UNKNOWN
2016-04-07T00:19:04.000000;2016-04-07T00:19:04.000000;a8290f7f-ea79-4936-b6dd-413623cfa96d;422.36;0.1;UNKNOWN
2016-04-07T00:19:04.000000;2016-04-07T00:19:04.000000;a71dce10-7dce-4fec-9412-28cdfac13d3e;422.37;1.9;UNKNOWN
2016-04-07T00:20:13.000000;2016-04-07T00:20:13.000000;413b1bd9-ebeb-44bd-9bf7-624a64a56ab7;422.34;0.04880727;UNKNOWN
2016-04-07T00:20:13.000000;2016-04-07T00:20:13.000000;ba7a137c-50d6-4ca0-ae6f-681447b577c0;422.34;0.09242442;UNKNOWN
2016-04-07T00:21:09.000000;2016-04-07T00:21:09.000000;ee8bf42a-117d-407e-9c44-3cddf0c1e7ef;422.34;0.06;UNKNOWN
2016-04-07T00:22:04.000000;2016-04-07T00:22:04.000000;745aeb83-a509-4a1d-9fd5-6ae4385d8183;422.37;1.0;UNKNOWN
2016-04-07T00:22:09.000000;2016-04-07T00:22:09.000000;4b69b7f0-0997-4f18-a323-2684e7b928a1;422.34;0.05;UNKNOWN
2016-04-07T00:22:37.000000;2016-04-07T00:22:37.000000;fed89892-99b8-4f1b-82c3-b813ce85d7fb;422.34;0.22776054;UNKNOWN
2016-04-07T00:23:17.000000;2016-04-07T00:23:17.000000;270571ab-1bab-4ee5-a5b4-eeb287923868;422.34;0.235;UNKNOWN
2016-04-07T00:32:13.000000;2016-04-07T00:32:13.000000;f6fa9d00-c96f-4e57-9aea-1a115ede32e8;422.34;0.11774045;UNKNOWN
2016-04-07T00:33:57.000000;2016-04-07T00:33:57.000000;fc4fa96c-ebac-4ba2-9c26-cecdb18f2fa8;422.34;0.1187;UNKNOWN
2016-04-07T00:42:05.000000;2016-04-07T00:42:05.000000;2634fe23-1374-466d-9462-af6b344ee05a;422.34;0.03029321;UNKNOWN
2016-04-07T00:43:41.000000;2016-04-07T00:43:41.000000;08944cee-b47e-4ec6-ac7a-347e427c2804;422.34;0.06808138;UNKNOWN
2016-04-07T00:43:41.000000;2016-04-07T00:43:41.000000;a3063dff-6713-4437-b099-b2451c8d383a;422.28;1.11817146;UNKNOWN
2016-04-07T00:46:05.000000;2016-04-07T00:46:05.000000;37e523cd-9103-499b-9b54-33bce6fd197c;422.17;1.42411023;UNKNOWN
2016-04-07T00:46:15.000000;2016-04-07T00:46:15.000000;d7d0134d-d111-4141-9c95-4a0f7e15a7c5;422.17;0.0968105;UNKNOWN
2016-04-07T00:47:17.000000;2016-04-07T00:47:17.000000;e56d0211-7e93-4b12-901b-a3e42ee5f456;422.18;0.059;UNKNOWN
2016-04-07T00:47:17.000000;2016-04-07T00:47:17.000000;23359a64-0b1c-4a50-9cc2-6fb1c4a70fc6;422.18;0.10583663;UNKNOWN
2016-04-07T00:51:34.000000;2016-04-07T00:51:34.000000;b0b18464-4761-46a5-99f9-09fe618c49a5;422.16;0.2373517;UNKNOWN
2016-04-07T00:52:53.000000;2016-04-07T00:52:53.000000;bc6c81ee-7a3d-409f-af93-acdf50856a0d;422.18;2.37351705;UNKNOWN
2016-04-07T00:52:54.000000;2016-04-07T00:52:54.000000;c733f443-ac50-4b54-8fec-96c8f2142712;422.18;0.04747034;UNKNOWN
2016-04-07T00:54:12.000000;2016-04-07T00:54:12.000000;bb34ca52-4d3e-43fa-b52a-0b4f1411010f;422.19;0.052;UNKNOWN
2016-04-07T00:54:51.000000;2016-04-07T00:54:51.000000;e7b5351c-5c50-41ca-8e0d-8abccdbff11d;422.19;0.30051909;UNKNOWN
2016-04-07T00:54:53.000000;2016-04-07T00:54:53.000000;8d016aaa-4dbd-497b-bf12-48e456dd4bbc;422.19;0.071811;UNKNOWN
2016-04-07T00:56:43.000000;2016-04-07T00:56:43.000000;db9180b4-115c-4fa0-9f38-69c5ca00ca50;422.22;0.8;UNKNOWN
2016-04-07T00:58:53.000000;2016-04-07T00:58:53.000000;978f68b9-886d-4d65-ae38-21f04936ea29;422.73;0.05931264;UNKNOWN
2016-04-07T01:00:13.000000;2016-04-07T01:00:13.000000;070c7e62-037d-439c-ab58-c683f3b5396c;422.75;0.02355143;UNKNOWN
2016-04-07T01:02:13.000000;2016-04-07T01:02:13.000000;2e7c7e59-ab01-4914-8ffc-b45a657dec29;422.73;0.07067104;UNKNOWN
2016-04-07T01:02:37.000000;2016-04-07T01:02:37.000000;f9426167-3e81-4451-aefb-a32ddcbbac04;422.73;0.4742933;UNKNOWN
2016-04-07T01:03:00.000000;2016-04-07T01:03:00.000000;3fdc23ce-2cad-4a51-9aba-46b1c2f19202;422.73;0.4843889;UNKNOWN
2016-04-07T01:03:00.000000;2016-04-07T01:03:00.000000;333b72f6-1bd0-4f7f-84da-87906333368b;422.73;0.47932136;UNKNOWN
2016-04-07T01:03:00.000000;2016-04-07T01:03:00.000000;95f5990c-2859-4ed2-adb5-105811d68164;422.73;0.47923113;UNKNOWN
2016-04-07T01:03:00.000000;2016-04-07T01:03:00.000000;1d5d2d18-aae5-4679-8374-589988093faf;422.73;0.4843889;UNKNOWN
2016-04-07T01:03:06.000000;2016-04-07T01:03:06.000000;6cadebf4-8571-4206-9143-30cb64cc88c0;422.73;0.4843889;UNKNOWN
2016-04-07T01:03:08.000000;2016-04-07T01:03:08.000000;65239873-2357-4478-832b-cb1a09f037a1;422.73;0.4843889;UNKNOWN
2016-04-07T01:06:13.000000;2016-04-07T01:06:13.000000;22289434-c371-4a68-a84d-6630a86f41e0;422.73;0.031592;UNKNOWN
2016-04-07T01:07:17.000000;2016-04-07T01:07:17.000000;4a055c88-491e-46a5-99cc-7879ed087194;422.73;1.0;UNKNOWN
2016-04-07T01:07:33.000000;2016-04-07T01:07:33.000000;146e43a7-baed-4424-9cd6-58e31ac42c7c;422.56;0.47;UNKNOWN
2016-04-07T01:07:59.000000;2016-04-07T01:07:59.000000;87373d16-1568-456f-bc99-57b0c96ec399;422.73;0.45;UNKNOWN
2016-04-07T01:10:06.000000;2016-04-07T01:10:06.000000;09264e72-6784-4c18-8eab-c9c22c407c5b;422.56;0.22725245;UNKNOWN
2016-04-07T01:10:21.000000;2016-04-07T01:10:21.000000;47ac53fd-6eaf-4d7e-9f54-11ac74d5cb85;422.56;0.03906342;UNKNOWN
2016-04-07T01:12:03.000000;2016-04-07T01:12:03.000000;3de67db1-c129-4876-b3e5-e9745a36bb3c;422.59;0.14241971;UNKNOWN
2016-04-07T01:12:30.000000;2016-04-07T01:12:30.000000;7f539f0b-6b62-40f1-ba66-b256ebcf10d0;422.59;0.94238029;UNKNOWN
2016-04-07T01:12:30.000000;2016-04-07T01:12:30.000000;eca9a0c5-edf8-468a-912a-580191bc1602;422.74;0.45368044;UNKNOWN
2016-04-07T01:12:30.000000;2016-04-07T01:12:30.000000;bc580d32-7b41-4f4a-91da-37242a7c23fb;422.58;0.5;UNKNOWN
2016-04-07T01:14:37.000000;2016-04-07T01:14:37.000000;329fc3b4-8b23-4836-9db6-72d3487740b1;422.69;0.0474254;UNKNOWN
2016-04-07T01:15:33.000000;2016-04-07T01:15:33.000000;106a2582-1fc2-4c4c-b34a-803da42ea73f;422.62;0.03438341;UNKNOWN
2016-04-07T01:18:34.000000;2016-04-07T01:18:34.000000;8f338b3b-33b7-4bed-9d77-46435c8d8f00;422.57;4.406;UNKNOWN
2016-04-07T01:18:34.000000;2016-04-07T01:18:34.000000;4a2bdea2-3b90-4212-9c3c-634f14c6f377;422.63;0.5915;UNKNOWN
2016-04-07T01:18:48.000000;2016-04-07T01:18:48.000000;ab499ed0-c69c-405b-b389-3535455add16;422.61;0.945;UNKNOWN
2016-04-07T01:20:14.000000;2016-04-07T01:20:14.000000;76c6251f-736f-4616-950b-f18f69e8d9e6;422.29;0.02352636;UNKNOWN
2016-04-07T01:20:37.000000;2016-04-07T01:20:37.000000;d028ee6d-1c3e-49e9-ae23-0fda0c849f96;422.28;0.14225267;UNKNOWN
2016-04-07T01:23:00.000000;2016-04-07T01:23:00.000000;3909a962-a6af-4898-9800-15e65b0aae8b;422.22;0.954;UNKNOWN
2016-04-07T01:23:00.000000;2016-04-07T01:23:00.000000;f8088f7b-a353-4092-b0b6-a567aa3c26eb;422.22;0.083;UNKNOWN
2016-04-07T01:23:17.000000;2016-04-07T01:23:17.000000;452e4d29-dfb5-40cd-9093-d6b39a16f0a0;422.22;0.163;UNKNOWN
2016-04-07T01:23:17.000000;2016-04-07T01:23:17.000000;45eefc7c-e972-4be1-91b0-3a081e96ee01;422.16;0.90018448;UNKNOWN
2016-04-07T01:27:11.000000;2016-04-07T01:27:11.000000;f270bffa-8889-460b-b341-cb5243b119ae;422.46;0.7107;UNKNOWN
2016-04-07T01:27:25.000000;2016-04-07T01:27:25.000000;295f517e-7146-4af8-bdc1-7ef41dbc8a18;422.46;0.02371831;UNKNOWN
2016-04-07T01:28:45.000000;2016-04-07T01:28:45.000000;4bf553f2-33d1-4c70-bc3b-e9df7d2ede12;422.49;0.05929578;UNKNOWN
2016-04-07T01:29:04.000000;2016-04-07T01:29:04.000000;247a7d7a-f934-497f-811d-c200ecbdfd31;422.7;0.4859;UNKNOWN
2016-04-07T01:30:21.000000;2016-04-07T01:30:21.000000;16becdba-c4d1-4079-8a86-a960ddf057bb;422.49;0.17086893;UNKNOWN
2016-04-07T01:32:13.000000;2016-04-07T01:32:13.000000;00c2d506-917e-4c15-b6e6-f223b6d19ad2;422.49;0.23532489;UNKNOWN
2016-04-07T01:38:04.000000;2016-04-07T01:38:04.000000;0728d68f-676b-4940-bfbe-fd32b291b5ea;422.7;0.2141;UNKNOWN
2016-04-07T01:38:04.000000;2016-04-07T01:38:04.000000;7eb96795-8360-4082-8d87-ae16faffd2d3;422.82;0.116;UNKNOWN
2016-04-07T01:38:04.000000;2016-04-07T01:38:04.000000;8b77f788-dd59-4f36-989f-94961f514d01;422.85;1.31262858;UNKNOWN
2016-04-07T01:38:04.000000;2016-04-07T01:38:04.000000;c63cb8cd-2e2e-4980-8415-f37acd7782c4;422.84;0.5;UNKNOWN
2016-04-07T01:38:05.000000;2016-04-07T01:38:05.000000;1ffab820-86ae-4d32-b174-7420cd9daf3e;422.69;0.11857754;UNKNOWN
2016-04-07T01:38:08.000000;2016-04-07T01:38:08.000000;475e3b69-99e9-4b01-87ba-eca2f7fbae2e;422.86;0.7094875;UNKNOWN
2016-04-07T01:38:13.000000;2016-04-07T01:38:13.000000;e2bd1ccd-3027-4b88-b34c-a68a5ac50a39;422.7;0.11765898;UNKNOWN
2016-04-07T01:40:13.000000;2016-04-07T01:40:13.000000;fd6c2fb1-8771-417c-af60-5206ba5ac063;422.72;0.59262124;UNKNOWN
2016-04-07T01:44:05.000000;2016-04-07T01:44:05.000000;a0f5e93e-2097-4467-9084-aaa93b8b9d86;422.59;0.07113306;UNKNOWN
2016-04-07T01:45:17.000000;2016-04-07T01:45:17.000000;1add43e6-8427-4348-9bf2-1f68c5a45887;422.59;0.02823364;UNKNOWN
2016-04-07T01:46:41.000000;2016-04-07T01:46:41.000000;f8eab215-fdb9-480b-a730-02f2f9189328;422.59;0.44168621;UNKNOWN
2016-04-07T01:47:21.000000;2016-04-07T01:47:21.000000;f5f4ec70-2562-4adb-b5f2-8840b705499f;422.1;0.92675291;UNKNOWN
2016-04-07T01:47:21.000000;2016-04-07T01:47:21.000000;e7a09762-d121-413a-8a97-df5077de88c5;422.59;5.34324709;UNKNOWN
2016-04-07T01:49:04.000000;2016-04-07T01:49:04.000000;589d29af-c106-445e-baf3-88c424ab66fa;422.45;0.03815228;UNKNOWN
2016-04-07T01:49:04.000000;2016-04-07T01:49:04.000000;6a6c8707-ad7e-49c9-957e-903506811a7b;422.32;0.099;UNKNOWN
2016-04-07T01:49:04.000000;2016-04-07T01:49:04.000000;0391c11b-15ea-49a5-bf30-38a39f035e52;422.32;0.1;UNKNOWN
2016-04-07T01:49:25.000000;2016-04-07T01:49:25.000000;d9cd648f-ef89-4634-aeb6-7cdc5597c0a4;422.27;0.08302;UNKNOWN
2016-04-07T01:49:53.000000;2016-04-07T01:49:53.000000;b07e0319-678d-4920-8dfe-95f156bbaca9;422.27;0.1;UNKNOWN
2016-04-07T01:52:04.000000;2016-04-07T01:52:04.000000;a9d796b0-f652-423f-8006-55701e437fe0;422.26;0.21456004;UNKNOWN
2016-04-07T01:56:33.000000;2016-04-07T01:56:33.000000;7a18b437-07ea-4378-b72d-95e62a13beb9;422.36;0.02507;UNKNOWN
2016-04-07T02:00:05.000000;2016-04-07T02:00:05.000000;590f70b9-53fb-4c8f-b6a3-cdd6b23c33ae;422.22;0.46746103;UNKNOWN
2016-04-07T02:01:32.000000;2016-04-07T02:01:32.000000;5e80e038-3927-453c-ba32-07770a473e46;422.36;0.07393;UNKNOWN
2016-04-07T02:05:34.000000;2016-04-07T02:05:34.000000;d4438dc0-de40-415b-b5ee-9d46484f0d5f;422.36;0.1020129;UNKNOWN
2016-04-07T02:05:50.000000;2016-04-07T02:05:50.000000;e3ccaeea-0f42-4289-a3dc-a7a24b97cc7c;422.36;0.04744786;UNKNOWN
2016-04-07T02:07:17.000000;2016-04-07T02:07:17.000000;6618c356-cc7b-4c68-8322-d223c9db69fb;422.36;0.0471051;UNKNOWN
2016-04-07T02:09:25.000000;2016-04-07T02:09:25.000000;2865a1c0-3e4b-4fc9-a06e-da7cd99c1798;422.36;0.02;UNKNOWN
2016-04-07T02:13:58.000000;2016-04-07T02:13:58.000000;d58a1132-fd22-40d6-aa67-75b22de3af96;422.36;0.02;UNKNOWN
2016-04-07T02:17:04.000000;2016-04-07T02:17:04.000000;4e09fed1-6b78-42ff-9ae5-1899923a763f;422.56;0.17851851;UNKNOWN
2016-04-07T02:17:51.000000;2016-04-07T02:17:51.000000;4f02b9da-c55a-4b04-8eb4-279cc367d616;422.56;4.60649054;UNKNOWN
2016-04-07T02:17:51.000000;2016-04-07T02:17:51.000000;cb9b86b2-1914-455c-8f89-9859fab54698;422.86;17.54089451;UNKNOWN
2016-04-07T02:17:51.000000;2016-04-07T02:17:51.000000;8d89c0b3-8a61-492c-80c6-8a0fc01e8589;422.66;0.1;UNKNOWN
2016-04-07T02:17:51.000000;2016-04-07T02:17:51.000000;25b11b0d-75d6-4912-a27f-0f262c25bd66;422.85;4.60638445;UNKNOWN
2016-04-07T02:17:51.000000;2016-04-07T02:17:51.000000;02ed425d-bb33-4548-842e-3a045054b2e0;422.85;4.17;UNKNOWN
2016-04-07T02:17:51.000000;2016-04-07T02:17:51.000000;7f9d8875-880e-4347-b53c-d440750a6f84;422.74;4.60649054;UNKNOWN
2016-04-07T02:17:51.000000;2016-04-07T02:17:51.000000;f8d590e4-ee97-4b57-af85-122328c21e51;422.77;15.9076;UNKNOWN
2016-04-07T02:17:51.000000;2016-04-07T02:17:51.000000;1f4402c2-f01a-4563-952e-9312cc81d41b;422.66;4.60649054;UNKNOWN
2016-04-07T02:17:51.000000;2016-04-07T02:17:51.000000;cb9fe2df-a96d-4669-8c19-5bfef31d2ad8;422.6;4.60649054;UNKNOWN
2016-04-07T02:17:51.000000;2016-04-07T02:17:51.000000;f24687e5-bc59-404b-8c4c-67dd4159e890;422.78;4.60649054;UNKNOWN
2016-04-07T02:17:51.000000;2016-04-07T02:17:51.000000;683044b8-7647-45bb-a738-6a1401e068e2;422.7;4.60649054;UNKNOWN
2016-04-07T02:17:51.000000;2016-04-07T02:17:51.000000;a2fd7703-b2d1-4cbb-8d02-ffcbe8a2b1d3;422.56;0.32148149;UNKNOWN
2016-04-07T02:17:51.000000;2016-04-07T02:17:51.000000;47cfd2eb-8df5-40f0-8fee-05cc2ee75321;422.74;0.296;UNKNOWN
2016-04-07T02:18:44.000000;2016-04-07T02:18:44.000000;3a44833a-8744-40cb-8047-1b8a29e67f04;422.66;1.67567356;UNKNOWN
2016-04-07T02:22:21.000000;2016-04-07T02:22:21.000000;f8f912d0-e276-4e0a-a816-415db712f79c;422.83;0.0108;UNKNOWN
2016-04-07T02:22:49.000000;2016-04-07T02:22:49.000000;60d012a0-330a-405c-a87f-d5f5c497b85a;422.74;2.0;UNKNOWN
2016-04-07T02:23:33.000000;2016-04-07T02:23:33.000000;907edb96-e248-4805-97ea-16862f9114d5;422.45;0.14470914;UNKNOWN
2016-04-07T02:24:13.000000;2016-04-07T02:24:13.000000;709263cf-923b-423e-8d77-352c4eb6dfe0;422.45;0.7703438;UNKNOWN
2016-04-07T02:25:04.000000;2016-04-07T02:25:04.000000;9611c4ca-ae55-4162-8b2c-de6f9d8f45fd;422.55;5.8629;UNKNOWN
2016-04-07T02:25:04.000000;2016-04-07T02:25:04.000000;1b2d584d-e888-4942-b4aa-7d6089e781f3;422.55;0.5;UNKNOWN
2016-04-07T02:25:04.000000;2016-04-07T02:25:04.000000;0213ddf0-6390-4e1a-82c4-a951f3b733a7;422.56;0.77928374;UNKNOWN
2016-04-07T02:25:44.000000;2016-04-07T02:25:44.000000;dbd27520-162b-490a-a5db-48c850c3cdeb;422.44;0.01430597;UNKNOWN
2016-04-07T02:28:46.000000;2016-04-07T02:28:46.000000;c371320a-6f8c-47ba-aaea-0644ea277940;422.44;0.2371944;UNKNOWN
2016-04-07T02:30:16.000000;2016-04-07T02:30:16.000000;5bb12fdd-7ef4-4b49-a245-59664d430a69;422.57;0.099;UNKNOWN
2016-04-07T02:30:16.000000;2016-04-07T02:30:16.000000;51d57fc6-7821-464e-ab03-b316e25ef863;422.6;0.221;UNKNOWN
2016-04-07T02:30:47.000000;2016-04-07T02:30:47.000000;6c938f7a-2a9c-4ae6-9c27-cb277c16dda5;422.6;0.62;UNKNOWN
2016-04-07T02:30:59.000000;2016-04-07T02:30:59.000000;b25a327b-86ee-4022-91db-6ab9d2817078;422.59;0.11;UNKNOWN
2016-04-07T02:31:32.000000;2016-04-07T02:31:32.000000;5ffc6f6b-4127-405a-a647-5780b8bbf000;422.59;0.34;UNKNOWN
2016-04-07T02:33:19.000000;2016-04-07T02:33:19.000000;5bf100fc-a24c-4f7f-b11e-6fd7c8e7143f;422.59;0.1;UNKNOWN
2016-04-07T02:33:29.000000;2016-04-07T02:33:29.000000;6e9683e8-606e-4be8-bda3-289bf9d32590;422.72;0.1;UNKNOWN
2016-04-07T02:34:06.000000;2016-04-07T02:34:06.000000;6b817e01-b547-4cd7-9c81-13e6478de977;422.69;0.81;UNKNOWN
2016-04-07T02:34:48.000000;2016-04-07T02:34:48.000000;d90e72d9-3948-408c-9b2f-e8d5182115a5;422.69;1.0;UNKNOWN
2016-04-07T02:34:51.000000;2016-04-07T02:34:51.000000;cc6f70af-ae3a-48a4-bd32-292dc7b71d7f;422.69;1.0;UNKNOWN
2016-04-07T02:35:04.000000;2016-04-07T02:35:04.000000;51f34059-b6b3-42c5-a2c4-3f08128df056;422.55;0.08;UNKNOWN
2016-04-07T02:35:05.000000;2016-04-07T02:35:05.000000;c7c233b4-3615-4e63-8805-9c9949d0d2f9;422.69;1.0;UNKNOWN
2016-04-07T02:35:27.000000;2016-04-07T02:35:27.000000;38764858-74cd-4d46-91ed-f1fed79f33ca;422.69;1.0;UNKNOWN
2016-04-07T02:35:45.000000;2016-04-07T02:35:45.000000;044099e8-ef82-473d-96ec-299eecdb4585;422.54;0.01563474;UNKNOWN
2016-04-07T02:35:52.000000;2016-04-07T02:35:52.000000;9d7009a7-e7df-4938-8323-405f320ff6a4;422.69;1.0;UNKNOWN
2016-04-07T02:36:05.000000;2016-04-07T02:36:05.000000;5e1428b2-ceb0-44f3-93f9-181f9f3031ab;422.69;1.0;UNKNOWN
2016-04-07T02:36:31.000000;2016-04-07T02:36:31.000000;3e9b29d2-8195-4d6f-b8aa-c2e0cc1d5958;422.69;1.0;UNKNOWN
2016-04-07T02:36:44.000000;2016-04-07T02:36:44.000000;39ea277a-925b-4432-822b-46688a3a1483;422.7;1.0;UNKNOWN
2016-04-07T02:37:12.000000;2016-04-07T02:37:12.000000;b9181c83-8e9f-40e0-a05d-e761034dbb43;422.7;1.0;UNKNOWN
2016-04-07T02:37:22.000000;2016-04-07T02:37:22.000000;b5fedf33-aa76-457b-9e48-8dca61078705;422.53;0.0103;UNKNOWN
2016-04-07T02:37:43.000000;2016-04-07T02:37:43.000000;a57f02c9-ac7f-43ef-b358-138ca3c9250d;422.53;0.02622353;UNKNOWN
2016-04-07T02:38:04.000000;2016-04-07T02:38:04.000000;67595326-630d-4234-9ac5-9d86b48bf06c;422.53;0.089;UNKNOWN
2016-04-07T02:38:27.000000;2016-04-07T02:38:27.000000;1c108644-d754-4d69-9d20-d82ddef82b65;422.7;0.28722432;UNKNOWN
2016-04-07T02:38:32.000000;2016-04-07T02:38:32.000000;921fc455-60b2-4e0f-ac43-fb47522e4698;422.7;0.01;UNKNOWN
2016-04-07T02:38:37.000000;2016-04-07T02:38:37.000000;873c12a3-4e5d-44f2-90d4-b75e0c5c8ef9;422.7;0.43275064;UNKNOWN
2016-04-07T02:39:04.000000;2016-04-07T02:39:04.000000;6b6c29f6-66fb-452d-92a0-abdf40548dc3;422.7;1.0;UNKNOWN
2016-04-07T02:39:36.000000;2016-04-07T02:39:36.000000;d8e76429-1296-4877-84d1-481b953edd91;422.7;1.0;UNKNOWN
2016-04-07T02:39:44.000000;2016-04-07T02:39:44.000000;3775352d-f0c5-432b-932b-ebc17dc895f0;422.7;0.01;UNKNOWN
2016-04-07T02:39:47.000000;2016-04-07T02:39:47.000000;01836392-0c56-44b9-89c8-80d940794704;422.7;1.0;UNKNOWN
2016-04-07T02:39:49.000000;2016-04-07T02:39:49.000000;ad3555f6-95dd-4fef-8c66-a2e8efd9b2bb;422.7;0.49592401;UNKNOWN
2016-04-07T02:39:54.000000;2016-04-07T02:39:54.000000;3aa0724b-a76e-4f9c-8b37-64575bc2276b;422.7;0.49559873;UNKNOWN
2016-04-07T02:40:00.000000;2016-04-07T02:40:00.000000;750c9736-e0b7-4328-904e-eacaaf87e17f;422.7;0.01;UNKNOWN
2016-04-07T02:40:04.000000;2016-04-07T02:40:04.000000;557c4eb0-7f99-4761-9644-2ffe211ef0aa;422.7;1.0;UNKNOWN
2016-04-07T02:40:05.000000;2016-04-07T02:40:05.000000;aca7f5c0-38d3-4cd2-b228-853847039d23;422.6;0.08647953;UNKNOWN
2016-04-07T02:40:44.000000;2016-04-07T02:40:44.000000;f02a3ce5-9f62-4487-9fb3-a71988b0c42c;422.6;1.0;UNKNOWN
2016-04-07T02:40:45.000000;2016-04-07T02:40:45.000000;0fcbb866-e321-44a0-a774-b76c560f117c;422.41;0.01173034;UNKNOWN
2016-04-07T02:41:13.000000;2016-04-07T02:41:13.000000;8bae86a9-e2db-4e6d-bb3e-172da3dac692;422.59;1.0;UNKNOWN
2016-04-07T02:41:48.000000;2016-04-07T02:41:48.000000;011fcb05-cae1-4466-b35e-2366d64f2792;422.59;0.916;UNKNOWN
2016-04-07T02:41:48.000000;2016-04-07T02:41:48.000000;37a9153a-290f-473e-9293-cdcd00dd9372;422.59;0.084;UNKNOWN
2016-04-07T02:43:03.000000;2016-04-07T02:43:03.000000;dad8102d-c922-4040-8ef0-b9e6b390a42d;422.37;0.2;UNKNOWN
2016-04-07T02:44:17.000000;2016-04-07T02:44:17.000000;a89d1b69-43be-4ba7-b711-e6e7db983891;422.5;1.0;UNKNOWN
2016-04-07T02:46:23.000000;2016-04-07T02:46:23.000000;981acd2e-ba24-4ed9-aaa1-f9082fce9096;422.5;0.33;UNKNOWN
2016-04-07T02:49:05.000000;2016-04-07T02:49:05.000000;f01cac61-ebc4-4ea4-bd0a-d7e658b14b5f;422.5;1.675;UNKNOWN
2016-04-07T02:49:45.000000;2016-04-07T02:49:45.000000;bc414efa-93c3-4c03-a63f-72b471716bd3;422.38;0.01201;UNKNOWN
2016-04-07T02:52:05.000000;2016-04-07T02:52:05.000000;6c38add0-8c76-4f81-8217-c9d5c3f3bce3;422.5;0.5;UNKNOWN
2016-04-07T02:53:28.000000;2016-04-07T02:53:28.000000;b472bca7-b497-41b7-ac52-e6600edc9e3c;422.5;1.0;UNKNOWN
2016-04-07T02:53:47.000000;2016-04-07T02:53:47.000000;757ed5a0-8e25-46a9-a7ab-3d5e2b28249c;422.5;1.0;UNKNOWN
2016-04-07T02:56:04.000000;2016-04-07T02:56:04.000000;d57429dc-85ae-4eaf-a739-351b9eaeea97;422.36;0.07994052;UNKNOWN
2016-04-07T03:00:07.000000;2016-04-07T03:00:07.000000;dbc087d7-5e56-423f-bc2e-2ff0e9abfc12;422.47;0.1;UNKNOWN
2016-04-07T03:02:53.000000;2016-04-07T03:02:53.000000;390f2021-b134-4094-898e-932ac6f09209;422.48;0.01798751;UNKNOWN
2016-04-07T03:02:57.000000;2016-04-07T03:02:57.000000;fa54accb-8022-4287-b1b3-b098f7469917;422.47;0.37217143;UNKNOWN
2016-04-07T03:04:24.000000;2016-04-07T03:04:24.000000;9db412cc-6ecf-42b8-a6bf-76687196aefb;422.48;0.5;UNKNOWN
2016-04-07T03:04:24.000000;2016-04-07T03:04:24.000000;3b1c70b2-9dba-4229-b2e8-90f8b3bfd4cd;422.47;0.5;UNKNOWN
2016-04-07T03:04:47.000000;2016-04-07T03:04:47.000000;64a4bba6-de5d-48f5-b5ad-e289cf2cff61;422.47;0.36;UNKNOWN
2016-04-07T03:04:47.000000;2016-04-07T03:04:47.000000;c16bc6d5-e686-4044-941a-33aa4ceb949b;422.46;0.5;UNKNOWN
2016-04-07T03:05:06.000000;2016-04-07T03:05:06.000000;d8d8a79f-2097-4f1a-af69-ff2791fdacc2;422.5;1.0;UNKNOWN
2016-04-07T03:05:28.000000;2016-04-07T03:05:28.000000;4c17fa9d-c42c-41ff-b51c-46661799a5da;422.5;1.0;UNKNOWN
2016-04-07T03:05:46.000000;2016-04-07T03:05:46.000000;b48728e1-9e46-4ccd-a1d4-662c20f94105;422.38;0.01522652;UNKNOWN
2016-04-07T03:05:51.000000;2016-04-07T03:05:51.000000;2b5da39d-6602-4e73-8c21-7a3b8a76d513;422.5;1.0;UNKNOWN
2016-04-07T03:06:04.000000;2016-04-07T03:06:04.000000;3698b2bf-b630-4917-967a-123261a8625d;422.39;0.0605;UNKNOWN
2016-04-07T03:06:20.000000;2016-04-07T03:06:20.000000;2dee7d08-7935-4be3-bd4a-26a0d2b678e9;422.5;1.0;UNKNOWN
2016-04-07T03:07:07.000000;2016-04-07T03:07:07.000000;a5e4d20b-857b-4c6b-814f-7d8bf3c3e80a;422.47;0.19;UNKNOWN
2016-04-07T03:09:04.000000;2016-04-07T03:09:04.000000;b0f6374c-dc44-4b69-9fd6-422b90b803cb;422.44;0.25016994;UNKNOWN
2016-04-07T03:10:06.000000;2016-04-07T03:10:06.000000;def5e08f-f6fa-4be3-aa21-3179ab4098e6;422.38;1.44594675;UNKNOWN
2016-04-07T03:10:45.000000;2016-04-07T03:10:45.000000;bb1d69c5-deea-4a0d-a699-9556cde6046b;422.41;0.704;UNKNOWN
2016-04-07T03:10:45.000000;2016-04-07T03:10:45.000000;705b2b84-d2fe-4413-b142-b31b4fb78307;422.41;0.296;UNKNOWN
2016-04-07T03:12:54.000000;2016-04-07T03:12:54.000000;860062b9-262b-4491-9bfa-925738013c48;422.29;0.05411965;UNKNOWN
2016-04-07T03:12:54.000000;2016-04-07T03:12:54.000000;f40fd633-2742-4b3d-8bf7-b339d0e4e1da;422.36;0.00956362;UNKNOWN
2016-04-07T03:12:54.000000;2016-04-07T03:12:54.000000;07e18806-c07f-49cf-925a-9b5ba55ea1be;422.38;2.43631673;UNKNOWN
2016-04-07T03:13:05.000000;2016-04-07T03:13:05.000000;449bb2a6-f9be-4238-8138-a4cf418c6eb1;422.4;0.296;UNKNOWN
2016-04-07T03:13:05.000000;2016-04-07T03:13:05.000000;4442eee8-1452-428e-8eb7-378967bafdd5;422.41;0.704;UNKNOWN
2016-04-07T03:13:46.000000;2016-04-07T03:13:46.000000;e6508eea-eda9-45d8-ac26-1e0e9991c852;422.32;0.01449662;UNKNOWN
2016-04-07T03:14:01.000000;2016-04-07T03:14:01.000000;7d026a1a-8c62-4b02-9de6-d2d3133a45dd;422.3;3.0;UNKNOWN
2016-04-07T03:14:01.000000;2016-04-07T03:14:01.000000;110363e4-dc07-44c1-b878-78315aa91756;422.34;5.8565;UNKNOWN
2016-04-07T03:14:01.000000;2016-04-07T03:14:01.000000;b7fe3020-15de-4aac-a8dd-195cf8d340d0;422.2;3.0;UNKNOWN
2016-04-07T03:14:01.000000;2016-04-07T03:14:01.000000;afd50ae7-1154-4bf1-b651-d57e018f22e2;422.2;33.96701036;UNKNOWN
2016-04-07T03:14:48.000000;2016-04-07T03:14:48.000000;2085062f-eab5-49ff-807b-6e3313718cb0;422.25;0.09524702;UNKNOWN
2016-04-07T03:15:05.000000;2016-04-07T03:15:05.000000;8876b014-f9f7-4b3d-8f56-0ff4dd6b3078;422.29;0.1245;UNKNOWN
2016-04-07T03:15:32.000000;2016-04-07T03:15:32.000000;986ae8c1-e3c8-4536-98a4-2cb921bf0423;422.29;1.2585023;UNKNOWN
2016-04-07T03:15:55.000000;2016-04-07T03:15:55.000000;5e071b68-7dfd-4ced-b6b1-a451f786f328;422.42;0.02;UNKNOWN
2016-04-07T03:22:08.000000;2016-04-07T03:22:08.000000;f952db69-8d7d-4df8-b743-804ff2f556e4;422.42;0.103;UNKNOWN
2016-04-07T03:26:04.000000;2016-04-07T03:26:04.000000;e8a144d9-107c-4a37-9b17-4797c58a44ae;422.37;0.46299517;UNKNOWN
2016-04-07T03:27:37.000000;2016-04-07T03:27:37.000000;889480ec-5eac-4fd9-abc9-09a87f256e62;422.37;0.35;UNKNOWN
2016-04-07T03:30:07.000000;2016-04-07T03:30:07.000000;caec6ab5-0ed9-46fa-af4e-8b93a17f78c8;422.43;0.7999;UNKNOWN
2016-04-07T03:33:21.000000;2016-04-07T03:33:21.000000;9cb1dce9-e27d-4148-acf7-80b537c66d89;422.37;0.175;UNKNOWN
2016-04-07T03:38:04.000000;2016-04-07T03:38:04.000000;15db6fe7-5c91-49f5-91a7-554ed7c7df6e;422.38;0.35657997;UNKNOWN
2016-04-07T03:38:05.000000;2016-04-07T03:38:05.000000;d1a526c6-948b-4727-acfc-f9cb64e8a05f;422.38;10.0;UNKNOWN
2016-04-07T03:38:46.000000;2016-04-07T03:38:46.000000;6dad9268-ea9c-4478-8346-f7db199da8df;422.21;0.02843649;UNKNOWN
2016-04-07T03:40:54.000000;2016-04-07T03:40:54.000000;6804ec27-b6d5-4cfc-906b-cac5724dbee3;422.37;0.945;UNKNOWN
2016-04-07T03:43:05.000000;2016-04-07T03:43:05.000000;e4703819-0d96-45a4-bfe9-32900e2949a0;422.5;0.03218297;UNKNOWN
2016-04-07T03:43:05.000000;2016-04-07T03:43:05.000000;ee7655ff-8548-41ca-b4dd-d1295be9dced;422.39;0.075;UNKNOWN
2016-04-07T03:43:49.000000;2016-04-07T03:43:49.000000;781d1b9f-b44a-4b15-9915-8c3adb7b363c;422.49;0.5;UNKNOWN
2016-04-07T03:43:49.000000;2016-04-07T03:43:49.000000;4259c436-0711-430a-9e5a-845866ff7710;422.49;3.0;UNKNOWN
2016-04-07T03:43:49.000000;2016-04-07T03:43:49.000000;2ba639da-66d0-4df6-81c6-486ffcf78802;422.5;4.5;UNKNOWN
2016-04-07T03:44:04.000000;2016-04-07T03:44:04.000000;8f4de774-f7f9-4d76-b62a-d2017cfa52ca;422.5;0.17823571;UNKNOWN
2016-04-07T03:44:47.000000;2016-04-07T03:44:47.000000;c5ba08da-be06-400e-b26c-40b8c62a43c5;422.41;0.02360512;UNKNOWN
2016-04-07T03:47:04.000000;2016-04-07T03:47:04.000000;e9f16171-6680-4011-8ce3-c5a9a911f1cc;422.5;9.02497579;UNKNOWN
2016-04-07T03:47:04.000000;2016-04-07T03:47:04.000000;1b3a90d2-32ce-411d-bfad-476f66668762;422.65;0.87502421;UNKNOWN
2016-04-07T03:47:04.000000;2016-04-07T03:47:04.000000;d888a615-fe8d-443a-bfbe-04513a44772b;422.5;0.1;UNKNOWN
2016-04-07T03:47:47.000000;2016-04-07T03:47:47.000000;dbc6057d-ae0a-49bc-ba31-31e4acc32e1f;422.32;0.02;UNKNOWN
2016-04-07T03:48:03.000000;2016-04-07T03:48:03.000000;a5200a23-1cc3-4718-bdd9-9e2551bb75c8;422.2;1.4305;UNKNOWN
2016-04-07T03:48:03.000000;2016-04-07T03:48:03.000000;065ef5c9-d5a6-458d-adb6-8afbf7285561;422.32;5.8495;UNKNOWN
2016-04-07T03:48:06.000000;2016-04-07T03:48:06.000000;1065f19c-eb77-418f-9ea0-fa94e6896093;422.2;8.7;UNKNOWN
2016-04-07T03:49:04.000000;2016-04-07T03:49:04.000000;e5eebc84-e9d0-422b-a537-718de4dff5df;422.58;1.3;UNKNOWN
2016-04-07T03:49:30.000000;2016-04-07T03:49:30.000000;278c0cd0-bc55-414c-a28d-ab81cbf0ad67;422.23;0.013;UNKNOWN
2016-04-07T03:49:33.000000;2016-04-07T03:49:33.000000;8f64cb4f-473f-4267-9e0d-5c77022d0d87;422.23;0.371;UNKNOWN
2016-04-07T03:49:36.000000;2016-04-07T03:49:36.000000;e4b66ea0-04d1-49f3-b977-2eaf98aba52a;422.23;1.0;UNKNOWN
2016-04-07T03:49:42.000000;2016-04-07T03:49:42.000000;a6ea94b2-be61-41a7-bb96-c28b9044f0a7;422.23;0.08012;UNKNOWN
2016-04-07T03:49:44.000000;2016-04-07T03:49:44.000000;eccb57b0-97f3-4019-b156-68081300b271;422.1;4.07324709;UNKNOWN
2016-04-07T03:49:44.000000;2016-04-07T03:49:44.000000;bcd499e2-3162-4cbd-a487-b8a3ab230741;422.12;1.0;UNKNOWN
2016-04-07T03:49:44.000000;2016-04-07T03:49:44.000000;1e41abdb-7494-4f0b-b6e6-d6fe33d3259f;422.13;0.02;UNKNOWN
2016-04-07T03:49:44.000000;2016-04-07T03:49:44.000000;ddbfab84-dfb9-42af-8e9b-96f3787e62f3;422.01;18.0;UNKNOWN
2016-04-07T03:49:44.000000;2016-04-07T03:49:44.000000;8aee69f3-2cbb-4b4e-b011-27378566ca11;422.01;9.99;UNKNOWN
2016-04-07T03:49:44.000000;2016-04-07T03:49:44.000000;9cb41576-186c-485b-84ce-14bca883edc7;422.04;2.0;UNKNOWN
2016-04-07T03:49:44.000000;2016-04-07T03:49:44.000000;4ab624cc-c911-40f2-85ad-e4cd112198a6;422.13;5.8838;UNKNOWN
2016-04-07T03:49:44.000000;2016-04-07T03:49:44.000000;b2271eeb-7d7b-461f-a434-1b52a47c97e9;422.2;7.67132548;UNKNOWN
2016-04-07T03:49:44.000000;2016-04-07T03:49:44.000000;766ec686-bbb7-42b7-9dcf-0c26e2dca2c2;422.2;3.0;UNKNOWN
2016-04-07T03:49:44.000000;2016-04-07T03:49:44.000000;fab19693-d36f-4d0a-bf35-996148532a3a;421.91;5.0;UNKNOWN
2016-04-07T03:49:44.000000;2016-04-07T03:49:44.000000;b206139c-021f-4d82-9226-37ea11da001a;422.0;19.99;UNKNOWN
2016-04-07T03:49:44.000000;2016-04-07T03:49:44.000000;47e0a7e6-cae1-4652-a0b2-c0ae90e085bb;421.18;0.021063;UNKNOWN
2016-04-07T03:49:44.000000;2016-04-07T03:49:44.000000;b7647eeb-383a-4c20-a197-d81b9d13a56e;422.0;6.6856;UNKNOWN
2016-04-07T03:49:44.000000;2016-04-07T03:49:44.000000;a454f92a-010b-4dee-a318-60e5d1534091;422.0;3.89290234;UNKNOWN
2016-04-07T03:49:44.000000;2016-04-07T03:49:44.000000;26d663a8-a663-40b3-8c29-adb4d7ac6722;422.0;0.0565;UNKNOWN
2016-04-07T03:49:44.000000;2016-04-07T03:49:44.000000;c14efe35-5737-4931-9cfd-c62a64bc573d;422.0;3.25;UNKNOWN
2016-04-07T03:49:44.000000;2016-04-07T03:49:44.000000;12140267-aa37-4b36-8b4b-1d8a4ad35c04;422.01;4.19;UNKNOWN
2016-04-07T03:49:44.000000;2016-04-07T03:49:44.000000;84176b9e-36c6-4d30-bd7b-cecfc3e82f87;421.83;2.82;UNKNOWN
2016-04-07T03:49:44.000000;2016-04-07T03:49:44.000000;2c9f5cb7-42b9-476f-996a-4138b7ecd4de;421.03;7.27572976;UNKNOWN
2016-04-07T03:49:44.000000;2016-04-07T03:49:44.000000;4682ca5a-8798-4bcb-9586-b4d4c155c0e5;421.69;100.0;UNKNOWN
2016-04-07T03:49:44.000000;2016-04-07T03:49:44.000000;6681873c-5140-42c7-bfa7-1db81500e7bd;421.2;0.6355;UNKNOWN
2016-04-07T03:49:44.000000;2016-04-07T03:49:44.000000;dcc65aec-8b80-4bd9-b3b5-e8966bfb4bb9;421.11;5.0;UNKNOWN
2016-04-07T03:49:44.000000;2016-04-07T03:49:44.000000;879db64c-6918-4fd5-8eaa-a5b1aa0aa20b;421.16;13.4784;UNKNOWN
2016-04-07T03:49:44.000000;2016-04-07T03:49:44.000000;76ede3f9-f4cd-4120-a7d2-056db86b4483;421.38;0.01035527;UNKNOWN
2016-04-07T03:49:44.000000;2016-04-07T03:49:44.000000;4235af75-f6ac-4773-873d-531c75eb269d;421.68;0.2159;UNKNOWN
2016-04-07T03:49:44.000000;2016-04-07T03:49:44.000000;e2b5d7df-560f-4a19-a290-0c6ff524a60b;421.71;0.02;UNKNOWN
2016-04-07T03:49:44.000000;2016-04-07T03:49:44.000000;71cf2b3d-3579-4947-82c9-dc4f52c3f456;421.7;4.25;UNKNOWN
2016-04-07T03:49:44.000000;2016-04-07T03:49:44.000000;7dffa5ff-0a99-42b4-b934-e83ec8b38602;421.6;14.0622;UNKNOWN
2016-04-07T03:49:44.000000;2016-04-07T03:49:44.000000;4e21d34e-6e3b-496d-a69d-618881187f21;421.32;12.4816;UNKNOWN
2016-04-07T03:49:44.000000;2016-04-07T03:49:44.000000;a14c2aa0-d388-41d0-b26a-3aa8ff65d5a6;421.25;5.0;UNKNOWN
2016-04-07T03:49:44.000000;2016-04-07T03:49:44.000000;b088adf4-2cfa-48f1-bbb1-8b1d45bdc74c;421.33;0.057;UNKNOWN
2016-04-07T03:49:44.000000;2016-04-07T03:49:44.000000;8255dee5-b85d-4f27-aa5f-8b56026a676a;421.2;10.0;UNKNOWN
2016-04-07T03:49:44.000000;2016-04-07T03:49:44.000000;fac41f0f-d997-4ba4-af46-98c07642c4f8;421.44;13.3116;UNKNOWN
2016-04-07T03:49:44.000000;2016-04-07T03:49:44.000000;7f8bb10c-dd26-4c1e-9203-897e7de53fb4;421.51;9.99;UNKNOWN
2016-04-07T03:49:44.000000;2016-04-07T03:49:44.000000;5d9059d2-7dc1-4b26-8af8-2166b9a9ab86;421.45;9.462;UNKNOWN
2016-04-07T03:49:44.000000;2016-04-07T03:49:44.000000;4219323f-c74c-4a8d-b6b9-326a804b0470;421.59;1.95;UNKNOWN
2016-04-07T03:49:44.000000;2016-04-07T03:49:44.000000;3df69cf7-17c2-48f6-8814-58ae878c07a5;421.17;4.02;UNKNOWN
2016-04-07T03:49:44.000000;2016-04-07T03:49:44.000000;a21f67c1-5852-4ea1-9881-2a8040577ddb;421.09;1.943;UNKNOWN
2016-04-07T03:49:45.000000;2016-04-07T03:49:45.000000;fe57a18a-2114-41b2-9ed6-c868ac570300;421.03;0.01247325;UNKNOWN
2016-04-07T03:49:47.000000;2016-04-07T03:49:47.000000;8277eddb-7c33-4249-a5fa-c09a193390e5;421.03;0.092;UNKNOWN
2016-04-07T03:49:52.000000;2016-04-07T03:49:52.000000;ac715118-0da9-4ada-a658-7200705e2501;421.02;10.50796556;UNKNOWN
2016-04-07T03:49:52.000000;2016-04-07T03:49:52.000000;3b78fec6-b617-40f6-9205-a8ef7e1a0418;421.02;0.04404593;UNKNOWN
2016-04-07T03:49:52.000000;2016-04-07T03:49:52.000000;7cbd6ef4-e532-45b5-9bba-a0c18b4f7766;421.67;0.947;UNKNOWN
2016-04-07T03:49:52.000000;2016-04-07T03:49:52.000000;a9b6ae85-ba0d-4235-b305-58be3f75b3b7;421.02;11.63341701;UNKNOWN
2016-04-07T03:49:52.000000;2016-04-07T03:49:52.000000;11a00a8a-aae6-407a-b080-91fc7d558afc;421.02;5.0;UNKNOWN
2016-04-07T03:49:52.000000;2016-04-07T03:49:52.000000;d8c38326-c4bc-4339-96d2-27cd548570bb;421.02;3.3595;UNKNOWN
2016-04-07T03:49:52.000000;2016-04-07T03:49:52.000000;954e7e2b-77a5-48f1-ac07-1bdc11e58584;421.02;3.0;UNKNOWN
2016-04-07T03:49:52.000000;2016-04-07T03:49:52.000000;72a392b7-d552-412c-8a87-9d195b520866;421.04;0.0475;UNKNOWN
2016-04-07T03:49:52.000000;2016-04-07T03:49:52.000000;3ae0adfd-3b11-43d6-8b29-9dce4917e3e0;421.04;0.6405;UNKNOWN
2016-04-07T03:49:52.000000;2016-04-07T03:49:52.000000;02419217-ef74-4e0c-84fe-8c4e67099074;421.02;10.0;UNKNOWN
2016-04-07T03:50:00.000000;2016-04-07T03:50:00.000000;aec44a75-d0e1-4baf-bade-f89f108794d4;421.06;15.0;UNKNOWN
2016-04-07T03:50:05.000000;2016-04-07T03:50:05.000000;e3b85535-e8ee-4aee-8262-ebdba6bbe288;421.06;0.18571481;UNKNOWN
2016-04-07T03:50:11.000000;2016-04-07T03:50:11.000000;9afb66f9-d0c7-4cca-9cb8-dcd165b27955;421.64;0.2;UNKNOWN
2016-04-07T03:50:11.000000;2016-04-07T03:50:11.000000;26ae1242-b055-4385-81dc-caf616b2ed0d;421.05;0.223;UNKNOWN
2016-04-07T03:50:11.000000;2016-04-07T03:50:11.000000;16ec3ff5-0337-4615-8edd-87f3714e59cb;421.05;0.222;UNKNOWN
2016-04-07T03:50:11.000000;2016-04-07T03:50:11.000000;25d66a72-e8a0-4d8a-9ca7-b5dfddccdc5f;421.05;0.203;UNKNOWN
2016-04-07T03:50:11.000000;2016-04-07T03:50:11.000000;afeaeb2e-8a12-4c7f-996c-1fec6a7a3003;421.05;6.68471481;UNKNOWN
2016-04-07T03:50:11.000000;2016-04-07T03:50:11.000000;11af31b5-a65e-4f85-8d07-6a64f549e9fd;421.06;0.81428519;UNKNOWN
2016-04-07T03:50:11.000000;2016-04-07T03:50:11.000000;0daec180-f37d-4bc7-82df-8f3942eb0caf;421.05;0.225;UNKNOWN
2016-04-07T03:50:11.000000;2016-04-07T03:50:11.000000;1bddc7d6-ef61-42c9-92d1-fe243c625124;421.07;0.678;UNKNOWN
2016-04-07T03:50:11.000000;2016-04-07T03:50:11.000000;3cdf7c04-dac1-4063-a3ff-e6ed263634d0;421.05;0.75;UNKNOWN
2016-04-07T03:50:12.000000;2016-04-07T03:50:12.000000;86981fa8-8f8f-48b9-811b-a87b62d59f9f;421.06;0.099;UNKNOWN
2016-04-07T03:50:43.000000;2016-04-07T03:50:43.000000;24844d94-0eaa-49cd-bcf8-40f369e3973c;421.08;0.12512353;UNKNOWN
2016-04-07T03:50:45.000000;2016-04-07T03:50:45.000000;b89a8c5c-9147-454d-b8b4-7d92b6ca7aa1;421.09;1.0;UNKNOWN
2016-04-07T03:50:48.000000;2016-04-07T03:50:48.000000;b44e7687-a774-433f-a1b2-e28f7170523c;421.09;5.0;UNKNOWN
2016-04-07T03:50:49.000000;2016-04-07T03:50:49.000000;4a03ca19-ca5a-4c59-baac-ad54b8a1b23c;421.09;0.49775664;UNKNOWN
2016-04-07T03:50:54.000000;2016-04-07T03:50:54.000000;fa73aad0-93be-4fec-b892-35f1a0309725;421.09;0.01;UNKNOWN
2016-04-07T03:50:58.000000;2016-04-07T03:50:58.000000;0ebba290-a1a6-4c77-926c-5a9e6bc94446;421.09;0.49812582;UNKNOWN
2016-04-07T03:50:59.000000;2016-04-07T03:50:59.000000;68007c6c-9664-458e-b266-1f707488c759;421.39;0.50223944;UNKNOWN
2016-04-07T03:50:59.000000;2016-04-07T03:50:59.000000;50a0199a-8bdc-4703-92c2-323261f158fa;421.09;0.76776056;UNKNOWN
2016-04-07T03:51:02.000000;2016-04-07T03:51:02.000000;741f5c18-605d-4714-95bc-044af1eb153a;421.39;0.01;UNKNOWN
2016-04-07T03:51:08.000000;2016-04-07T03:51:08.000000;73b2d9eb-e80a-44f7-b6b5-606c9d8ea9f4;421.08;0.2;UNKNOWN
2016-04-07T03:51:08.000000;2016-04-07T03:51:08.000000;715f06aa-5610-4d36-8110-72076ea7885b;421.05;14.31528519;UNKNOWN
2016-04-07T03:51:08.000000;2016-04-07T03:51:08.000000;9aa5a293-d41a-42bc-b18e-619afec24ffb;421.08;0.42587647;UNKNOWN
2016-04-07T03:51:08.000000;2016-04-07T03:51:08.000000;c9d1c6da-b304-4ef3-ae28-77e6ff977138;421.1;0.673;UNKNOWN
2016-04-07T03:51:08.000000;2016-04-07T03:51:08.000000;73ecff90-baa3-42e1-8a5a-21d7fe3cdfc0;421.04;9.55823834;UNKNOWN
2016-04-07T03:51:08.000000;2016-04-07T03:51:08.000000;1c66f188-ef63-43cf-99fb-311ae0cad576;421.1;28.0903;UNKNOWN
2016-04-07T03:51:08.000000;2016-04-07T03:51:08.000000;09403973-7fbc-4c9a-a956-cffe5451199c;421.05;1.3093;UNKNOWN
2016-04-07T03:51:08.000000;2016-04-07T03:51:08.000000;a4db7862-eb21-4832-ab6b-2c150cca8609;421.1;5.868;UNKNOWN
2016-04-07T03:51:24.000000;2016-04-07T03:51:24.000000;cc96f921-b847-4a86-a112-579478be7730;421.29;1.0;UNKNOWN
2016-04-07T03:51:43.000000;2016-04-07T03:51:43.000000;c2aac241-a55d-410f-b2d4-23d199a21fb1;421.26;0.08660133;UNKNOWN
2016-04-07T03:51:45.000000;2016-04-07T03:51:45.000000;520c77ec-28c4-4417-86b1-9c1a650afbf3;421.2;0.01523893;UNKNOWN
2016-04-07T03:51:47.000000;2016-04-07T03:51:47.000000;c3a8843b-c4af-4142-9ec7-0cb725eb0028;421.26;0.40332487;UNKNOWN
2016-04-07T03:51:52.000000;2016-04-07T03:51:52.000000;48c9dfaf-ca95-480c-be1b-c37242a23202;421.26;0.01019175;UNKNOWN
2016-04-07T03:51:52.000000;2016-04-07T03:51:52.000000;2574ba0b-656e-46e4-80e5-3f95bdec30ed;421.25;0.097;UNKNOWN
2016-04-07T03:51:52.000000;2016-04-07T03:51:52.000000;01210aa8-da24-47e3-a9be-c2614970701a;421.25;0.2;UNKNOWN
2016-04-07T03:51:57.000000;2016-04-07T03:51:57.000000;3d3a2895-cd36-4693-8562-bddc33024d7a;421.26;0.49466529;UNKNOWN
2016-04-07T03:52:02.000000;2016-04-07T03:52:02.000000;8acddeba-bd46-48c0-8b5b-a709e2dc5c17;421.26;0.49638214;UNKNOWN
2016-04-07T03:52:04.000000;2016-04-07T03:52:04.000000;d1fd1dc1-445b-4597-895b-630bd6238ba8;421.26;3.62426818;UNKNOWN
2016-04-07T03:52:04.000000;2016-04-07T03:52:04.000000;041e80fd-eb97-4a85-af29-f1fe5594a872;421.26;1.75022446;UNKNOWN
2016-04-07T03:52:04.000000;2016-04-07T03:52:04.000000;e335b9a6-419a-4a1f-b09f-c209708c237b;421.26;4.62550736;UNKNOWN
2016-04-07T03:52:06.000000;2016-04-07T03:52:06.000000;ee4dd774-d5e3-4335-b254-526391ab500b;421.26;0.41388166;UNKNOWN
2016-04-07T03:52:11.000000;2016-04-07T03:52:11.000000;82300df6-dde2-4dc6-b73e-d385262fa618;421.25;0.36674;UNKNOWN
2016-04-07T03:52:11.000000;2016-04-07T03:52:11.000000;f12278ea-2216-4f7c-b3a5-3ce8e898ad71;421.26;0.08817031;UNKNOWN
2016-04-07T03:52:16.000000;2016-04-07T03:52:16.000000;cca0ea09-5bec-4d27-81e8-f12137d9cfe8;421.26;0.01;UNKNOWN
2016-04-07T03:52:21.000000;2016-04-07T03:52:21.000000;c5837383-98ef-4936-8f73-f7c8362fc09a;421.26;0.42791632;UNKNOWN
2016-04-07T03:52:25.000000;2016-04-07T03:52:25.000000;43ad418f-4d8d-4bd8-bec2-957e4f406a02;421.26;0.0841833;UNKNOWN
2016-04-07T03:52:30.000000;2016-04-07T03:52:30.000000;c9a705e3-c95c-4f8f-8a8f-3f0a4c262678;421.26;0.38435226;UNKNOWN
2016-04-07T03:52:35.000000;2016-04-07T03:52:35.000000;1789d02a-9afb-40dc-9e94-7202d89fcedf;421.26;0.01;UNKNOWN
2016-04-07T03:52:39.000000;2016-04-07T03:52:39.000000;a419359f-b0d1-49ed-9f93-10e4ba42c446;421.26;0.49921662;UNKNOWN
2016-04-07T03:52:44.000000;2016-04-07T03:52:44.000000;c74d92e0-1f43-4585-84c0-95fc364127f2;421.25;0.222;UNKNOWN
2016-04-07T03:52:44.000000;2016-04-07T03:52:44.000000;28551dad-a932-4059-9aa7-3725b3e3ab0b;421.22;1.14674;UNKNOWN
2016-04-07T03:52:44.000000;2016-04-07T03:52:44.000000;df4c6efd-e51f-48ad-939e-31e067809135;421.25;0.23126;UNKNOWN
2016-04-07T03:52:44.000000;2016-04-07T03:52:44.000000;1daa60dd-5fdc-4634-843a-8556a2a15e49;421.26;0.4907855;UNKNOWN
2016-04-07T03:52:44.000000;2016-04-07T03:52:44.000000;995c9511-14b2-44d2-974b-532b535a88ab;421.25;0.2;UNKNOWN
2016-04-07T03:52:44.000000;2016-04-07T03:52:44.000000;a3faf044-0a8a-42c3-9c68-ccf6523587c0;421.25;0.2;UNKNOWN
2016-04-07T03:52:46.000000;2016-04-07T03:52:46.000000;f38f7e9a-ad22-4170-b117-d4e521199044;421.26;0.36531;UNKNOWN
2016-04-07T03:52:47.000000;2016-04-07T03:52:47.000000;5e250f47-fdaa-4782-a343-16906ff07bd5;421.23;0.02911006;UNKNOWN
2016-04-07T03:52:49.000000;2016-04-07T03:52:49.000000;c2f8e183-0879-47ed-a24e-eb8ce554a5cd;421.26;0.10307214;UNKNOWN
2016-04-07T03:52:49.000000;2016-04-07T03:52:49.000000;ef9ad482-7ee0-4dd4-a609-dccca7b9bd6d;421.26;0.39395217;UNKNOWN
2016-04-07T03:52:54.000000;2016-04-07T03:52:54.000000;c47e1ac3-2d70-4602-bbf8-0fa7177cf04f;421.26;0.37014902;UNKNOWN
2016-04-07T03:53:04.000000;2016-04-07T03:53:04.000000;ac39b4f7-4ce3-4de1-9b3a-046c3d3c4c60;421.26;1.0;UNKNOWN
2016-04-07T03:53:48.000000;2016-04-07T03:53:48.000000;39364b8e-a1d1-441c-97e6-e092ae09d78c;421.21;0.01;UNKNOWN
2016-04-07T03:53:59.000000;2016-04-07T03:53:59.000000;36069e00-a419-4176-b4ce-34828d04ef67;421.21;0.39555265;UNKNOWN
2016-04-07T03:53:59.000000;2016-04-07T03:53:59.000000;d1961638-59cd-4c67-86d5-61f51175e14a;421.21;0.101;UNKNOWN
2016-04-07T03:54:00.000000;2016-04-07T03:54:00.000000;22467b2d-5ef5-4369-b7ba-622e0b3ba6c3;421.21;4.23445209;UNKNOWN
2016-04-07T03:54:00.000000;2016-04-07T03:54:00.000000;1a5d2bc8-432f-4372-b4a1-965846ba1394;421.21;0.76554791;UNKNOWN
2016-04-07T03:54:04.000000;2016-04-07T03:54:04.000000;b7afc86b-94b2-4495-91d1-4c49c3fedec9;421.21;0.49428981;UNKNOWN
2016-04-07T03:54:04.000000;2016-04-07T03:54:04.000000;10235e27-3f36-495e-9c96-8f30105eed3a;421.2;1.0;UNKNOWN
2016-04-07T03:54:05.000000;2016-04-07T03:54:05.000000;b43490cd-5066-410e-9c6e-b78d27379eac;421.21;1.0;UNKNOWN
2016-04-07T03:54:08.000000;2016-04-07T03:54:08.000000;66c432d2-a465-4fb5-b1b2-e0f86e4b1973;421.21;1.25;UNKNOWN
2016-04-07T03:54:09.000000;2016-04-07T03:54:09.000000;306d590b-569c-4a43-9319-9d5f87ff2e54;421.21;0.39696995;UNKNOWN
2016-04-07T03:54:13.000000;2016-04-07T03:54:13.000000;b47d04ae-d7e4-4fee-84c4-1eecbe859acf;421.21;0.01;UNKNOWN
2016-04-07T03:54:15.000000;2016-04-07T03:54:15.000000;61e2e594-065c-4ae3-8dc5-7037544a7a78;421.21;0.71319707;UNKNOWN
2016-04-07T03:54:15.000000;2016-04-07T03:54:15.000000;025969a3-e23c-45f6-ad74-7576dfc3da18;421.21;4.28680293;UNKNOWN
2016-04-07T03:54:18.000000;2016-04-07T03:54:18.000000;3f980fdb-67dd-4c68-a509-25fc80b57938;421.21;0.01179006;UNKNOWN
2016-04-07T03:54:24.000000;2016-04-07T03:54:24.000000;8eacb659-c790-4df2-94e8-62ea0ac6e1cd;421.21;0.09013724;UNKNOWN
2016-04-07T03:54:24.000000;2016-04-07T03:54:24.000000;892f5e93-9dbe-48b1-9f51-d8cfd49b3d58;421.21;0.33135816;UNKNOWN
2016-04-07T03:54:29.000000;2016-04-07T03:54:29.000000;d0093279-d7ad-4288-9056-fa31ca78662b;421.21;0.37055032;UNKNOWN
2016-04-07T03:54:33.000000;2016-04-07T03:54:33.000000;33fa4eb9-bb0b-4457-82ff-fdd4b4f67c98;421.21;0.01;UNKNOWN
2016-04-07T03:54:37.000000;2016-04-07T03:54:37.000000;f072d777-1600-4135-80d6-08ee36db5874;421.21;0.49730931;UNKNOWN
2016-04-07T03:54:41.000000;2016-04-07T03:54:41.000000;b45414df-a359-4e2d-a0b9-105cc856c293;421.21;1.0;UNKNOWN
2016-04-07T03:54:42.000000;2016-04-07T03:54:42.000000;f7e276bd-38fe-4d22-bff0-334b4b51054f;421.21;0.49521934;UNKNOWN
2016-04-07T03:54:45.000000;2016-04-07T03:54:45.000000;7d0b0b96-9fee-4a8b-9bbd-41808ee02469;421.2;0.01474852;UNKNOWN
2016-04-07T03:54:47.000000;2016-04-07T03:54:47.000000;f5b78c6f-fd0f-4c3f-b7a6-9558395ffad9;421.21;0.49688004;UNKNOWN
2016-04-07T03:54:48.000000;2016-04-07T03:54:48.000000;66c744da-1c34-44cd-949b-e9841fe7d90b;421.2;0.048;UNKNOWN
2016-04-07T03:54:50.000000;2016-04-07T03:54:50.000000;6cdab0dd-50e1-421b-92d3-ab4461586b67;421.2;0.3742;UNKNOWN
2016-04-07T03:54:51.000000;2016-04-07T03:54:51.000000;72d4630a-84d4-4df1-a643-215636d3fbdd;421.2;0.277;UNKNOWN
2016-04-07T03:54:52.000000;2016-04-07T03:54:52.000000;f292a264-c412-415d-b506-067737b108c3;421.21;0.01;UNKNOWN
2016-04-07T03:54:55.000000;2016-04-07T03:54:55.000000;1cd12c02-b4db-4f82-8ebe-3c09081baa2d;421.2;0.11;UNKNOWN
2016-04-07T03:54:57.000000;2016-04-07T03:54:57.000000;405de622-16a0-4b4c-a943-8060d4103762;421.2;1.865;UNKNOWN
2016-04-07T03:54:57.000000;2016-04-07T03:54:57.000000;194f731f-aace-4621-96ce-1d5669fbf29b;421.21;0.41134938;UNKNOWN
2016-04-07T03:55:02.000000;2016-04-07T03:55:02.000000;10d407cf-ce48-499d-bff7-fa1102da7eee;421.21;0.3864231;UNKNOWN
2016-04-07T03:55:06.000000;2016-04-07T03:55:06.000000;8ee8d83e-180a-4673-8ae4-f2e93d9b1de7;421.21;0.01341316;UNKNOWN
2016-04-07T03:55:11.000000;2016-04-07T03:55:11.000000;7d3a5ff6-8437-4e92-9edd-f6f32aff4429;421.21;0.49617866;UNKNOWN
2016-04-07T03:55:16.000000;2016-04-07T03:55:16.000000;f62481a3-f042-4677-90bf-0c0d0fa04ca0;421.21;0.06061821;UNKNOWN
2016-04-07T03:55:22.000000;2016-04-07T03:55:22.000000;db149de5-4e6e-4927-9703-eb0f56c4b700;421.2;1.0;UNKNOWN
2016-04-07T03:55:22.000000;2016-04-07T03:55:22.000000;01937386-32f1-4c61-8998-5e6f96213357;421.21;0.01069747;UNKNOWN
2016-04-07T03:55:37.000000;2016-04-07T03:55:37.000000;42e0f9fb-871e-4a64-ba41-bf3c3b01ae4d;421.2;0.4;UNKNOWN
2016-04-07T03:55:37.000000;2016-04-07T03:55:37.000000;97724393-6d2a-4e37-b73f-47e41b478a7f;421.2;0.29581255;UNKNOWN
2016-04-07T03:55:37.000000;2016-04-07T03:55:37.000000;b6a1dbff-62a4-4b0a-93f2-ffb8fc7cea22;421.2;0.2;UNKNOWN
2016-04-07T03:55:59.000000;2016-04-07T03:55:59.000000;f5b18f5a-df60-492b-bc65-772c3a21c7f8;421.1;2.5;UNKNOWN
2016-04-07T03:56:00.000000;2016-04-07T03:56:00.000000;d2aee823-923f-4cfb-ad27-1e506eab660e;421.1;1.0;UNKNOWN
2016-04-07T03:56:21.000000;2016-04-07T03:56:21.000000;6226e345-7595-4b3c-b5d4-56c0faa1b818;421.1;0.9282;UNKNOWN
2016-04-07T03:56:21.000000;2016-04-07T03:56:21.000000;73a94d76-14bc-490a-a0f3-67f9b652e3a6;421.1;0.5718;UNKNOWN
2016-04-07T03:56:21.000000;2016-04-07T03:56:21.000000;c2b19db9-7a3b-4006-b535-a6181d0b9766;421.04;0.0718;UNKNOWN
2016-04-07T03:56:44.000000;2016-04-07T03:56:44.000000;7a2c5328-776a-4096-8595-d78342670518;421.04;0.01182189;UNKNOWN
2016-04-07T03:56:53.000000;2016-04-07T03:56:53.000000;a207bb41-aad9-4970-ad9a-f66ef9539dbf;421.04;5.78287811;UNKNOWN
2016-04-07T03:56:53.000000;2016-04-07T03:56:53.000000;ff806e89-872c-4baf-9352-d7c19cfce57d;421.02;9.00822189;UNKNOWN
2016-04-07T03:57:29.000000;2016-04-07T03:57:29.000000;ea9e5fb2-3069-4d41-949b-0dea75d8f941;421.02;14.7911;UNKNOWN
2016-04-07T03:57:45.000000;2016-04-07T03:57:45.000000;ce7bdb99-80ac-4e70-bdac-bab9d6d7326f;421.02;0.01427959;UNKNOWN
2016-04-07T03:58:07.000000;2016-04-07T03:58:07.000000;aa4dd952-1a6d-42c7-83ef-47f355203935;421.03;1.0;UNKNOWN
2016-04-07T03:58:16.000000;2016-04-07T03:58:16.000000;da358362-64f7-43f2-9f1c-5bceb76aaa82;421.02;14.5;UNKNOWN
2016-04-07T03:58:40.000000;2016-04-07T03:58:40.000000;1f3ea078-09d6-4bc2-8aa1-c61fdfcc8df5;421.02;14.771;UNKNOWN
2016-04-07T03:58:45.000000;2016-04-07T03:58:45.000000;bcb34646-7402-4112-96e0-2f457f3fcfb1;421.02;0.01957117;UNKNOWN
2016-04-07T03:58:50.000000;2016-04-07T03:58:50.000000;1133fcc0-cb2e-4c91-bf9c-1e237d6b79dc;421.02;14.771;UNKNOWN
2016-04-07T03:58:54.000000;2016-04-07T03:58:54.000000;724f27c6-05c6-4862-bbb3-df1abb2ecd1d;421.02;1.42946;UNKNOWN
2016-04-07T03:58:55.000000;2016-04-07T03:58:55.000000;26ce2429-12fc-48be-8d0b-4ae78a4db4e7;421.02;14.5;UNKNOWN
2016-04-07T03:59:06.000000;2016-04-07T03:59:06.000000;79cb63dc-570b-4e9d-875a-fab40fa0b0c3;421.02;14.771;UNKNOWN
2016-04-07T03:59:41.000000;2016-04-07T03:59:41.000000;2c045b15-a454-4d67-8218-6a66c10109ac;421.02;14.771;UNKNOWN
2016-04-07T03:59:45.000000;2016-04-07T03:59:45.000000;40cb878a-2a62-4973-a63f-10f8073e9f5f;421.02;14.771;UNKNOWN
2016-04-07T03:59:47.000000;2016-04-07T03:59:47.000000;b805d234-efe4-471e-861b-88953b91b28c;421.02;0.04501982;UNKNOWN
2016-04-07T03:59:49.000000;2016-04-07T03:59:49.000000;147c2802-af52-4fd4-b127-86b3b420259d;421.02;14.5;UNKNOWN
2016-04-07T03:59:51.000000;2016-04-07T03:59:51.000000;9cf8f966-ea9c-40de-8679-900e4834ea76;421.02;14.771;UNKNOWN
2016-04-07T04:00:02.000000;2016-04-07T04:00:02.000000;793ce2c3-e2cd-4b13-bf14-8f74897bea7c;421.02;0.35983929;UNKNOWN
2016-04-07T04:00:04.000000;2016-04-07T04:00:04.000000;33ccfe09-423c-4b9b-812d-8e380b09e2b1;421.03;0.05617;UNKNOWN
2016-04-07T04:00:19.000000;2016-04-07T04:00:19.000000;28afd55d-f43a-4bc6-a246-bc4acfc50f1d;421.02;14.7806;UNKNOWN
2016-04-07T04:00:44.000000;2016-04-07T04:00:44.000000;efc1c2ab-903c-4e7b-a083-04539872d042;421.02;0.02678621;UNKNOWN
2016-04-07T04:00:46.000000;2016-04-07T04:00:46.000000;88bd6324-b56a-496f-8073-8b11a9b09856;421.02;14.7806;UNKNOWN
2016-04-07T04:01:02.000000;2016-04-07T04:01:02.000000;0549b09e-3d18-4f1a-b6cb-fd0bca10fc1e;421.03;0.948;UNKNOWN
2016-04-07T04:01:46.000000;2016-04-07T04:01:46.000000;6c57e974-fef2-46e8-98ab-b989d5258e05;421.02;0.01078043;UNKNOWN
2016-04-07T04:02:39.000000;2016-04-07T04:02:39.000000;c01a8583-0fab-457e-9b01-5867d6c7cf92;421.02;0.4322;UNKNOWN
2016-04-07T04:02:58.000000;2016-04-07T04:02:58.000000;870c1dca-64b7-47ae-99b3-b658e5c5d8c2;421.02;4.99667;UNKNOWN
2016-04-07T04:03:03.000000;2016-04-07T04:03:03.000000;7c3f34ac-52f9-4208-8cc5-79d2e6d40fc4;421.03;0.01;UNKNOWN
2016-04-07T04:03:14.000000;2016-04-07T04:03:14.000000;97db4d22-4b68-4aa1-aadd-2a952b5d49e4;421.02;0.2;UNKNOWN
2016-04-07T04:03:14.000000;2016-04-07T04:03:14.000000;2288a014-34c0-4353-9efd-1d31369d429e;421.02;0.1;UNKNOWN
2016-04-07T04:03:14.000000;2016-04-07T04:03:14.000000;203181fa-3456-4286-bd92-8700b1f60010;421.02;7.4898569;UNKNOWN
2016-04-07T04:03:14.000000;2016-04-07T04:03:14.000000;89af1734-f09d-4e16-855a-d81fdde6e3a3;421.02;5.9277;UNKNOWN
2016-04-07T04:03:14.000000;2016-04-07T04:03:14.000000;a1392a6c-ddb9-418c-bbff-185d36b21ba6;421.02;1.1724431;UNKNOWN
2016-04-07T04:03:14.000000;2016-04-07T04:03:14.000000;8107be19-1306-423e-998d-db8c5eeff72b;421.02;0.1;UNKNOWN
2016-04-07T04:03:20.000000;2016-04-07T04:03:20.000000;34cb9a85-023b-4a67-88ec-523c1c85e31d;421.02;14.99;UNKNOWN
2016-04-07T04:03:25.000000;2016-04-07T04:03:25.000000;3a80e3b7-b0cc-4123-837d-0e85f4eb23ca;421.02;0.951746;UNKNOWN
2016-04-07T04:03:32.000000;2016-04-07T04:03:32.000000;101815ba-2bc3-4f7d-b3ce-bda5a86610f8;421.02;1.90349;UNKNOWN
2016-04-07T04:04:34.000000;2016-04-07T04:04:34.000000;9d07eee1-79b9-47f0-b51f-4e103422d3ab;421.03;2.62566297;UNKNOWN
2016-04-07T04:04:34.000000;2016-04-07T04:04:34.000000;28ac019b-23e5-42f0-a177-d118f6f42422;421.03;2.37433703;UNKNOWN
2016-04-07T04:04:47.000000;2016-04-07T04:04:47.000000;e016b015-de4e-40d6-bc17-9430f397cc13;421.02;5.0;UNKNOWN
2016-04-07T04:04:52.000000;2016-04-07T04:04:52.000000;4a39607c-7bb6-4673-a5f3-14d4e558c8d7;421.03;0.2;UNKNOWN
2016-04-07T04:05:39.000000;2016-04-07T04:05:39.000000;1a94add6-7069-47a4-b46e-1c9d0c05afd0;421.02;4.99881;UNKNOWN
2016-04-07T04:06:36.000000;2016-04-07T04:06:36.000000;195445e7-8946-42c9-8268-6a329e9c8a6b;421.03;0.2;UNKNOWN
2016-04-07T04:06:43.000000;2016-04-07T04:06:43.000000;bf018160-7876-4f9b-8a8b-56c157b6d326;421.03;0.2;UNKNOWN
2016-04-07T04:09:09.000000;2016-04-07T04:09:09.000000;53e843fa-4ab3-4e99-a61d-fe7cb13680e5;421.02;0.952177;UNKNOWN
2016-04-07T04:09:12.000000;2016-04-07T04:09:12.000000;0e3ba102-ec46-4e99-96ed-6c83437f3d0d;421.02;2.0315734;UNKNOWN
2016-04-07T04:09:12.000000;2016-04-07T04:09:12.000000;f0c01bcb-3c18-4513-bf3e-45c431750877;421.02;13.7139201;UNKNOWN
2016-04-07T04:09:15.000000;2016-04-07T04:09:15.000000;7baa7e49-8172-48c0-90fa-dd5b68c8de7e;421.01;5.0;UNKNOWN
2016-04-07T04:09:15.000000;2016-04-07T04:09:15.000000;bf88355d-6c4a-41e8-a4de-8d88fb8df8b8;421.01;9.99;UNKNOWN
2016-04-07T04:09:15.000000;2016-04-07T04:09:15.000000;7fcffef2-d686-4edb-9533-93d1596dd84e;421.0;0.0068;UNKNOWN
2016-04-07T04:09:19.000000;2016-04-07T04:09:19.000000;8a0b0b23-800e-4a96-94e7-9bc9944e065e;421.0;2.03714;UNKNOWN
2016-04-07T04:09:19.000000;2016-04-07T04:09:19.000000;215bd000-704c-4d6c-a27c-bab530d61693;421.0;0.25;UNKNOWN
2016-04-07T04:09:19.000000;2016-04-07T04:09:19.000000;9fd3e27a-bc33-499f-a152-f71f52e9e1c0;421.0;0.0933;UNKNOWN
2016-04-07T04:09:26.000000;2016-04-07T04:09:26.000000;6a34641c-ef59-4674-ba18-ee5711403b79;421.0;14.9968;UNKNOWN
2016-04-07T04:09:35.000000;2016-04-07T04:09:35.000000;8ac4807a-ca3f-4e03-b48a-7968e9e825b3;421.0;2.38044;UNKNOWN
2016-04-07T04:09:42.000000;2016-04-07T04:09:42.000000;4b2ed27d-0781-4607-8f56-b9715ea3ed94;421.0;3.46081;UNKNOWN
2016-04-07T04:09:42.000000;2016-04-07T04:09:42.000000;363386d6-032c-4122-b078-497edbbed082;421.0;1.0;UNKNOWN
2016-04-07T04:09:42.000000;2016-04-07T04:09:42.000000;bf7a259d-2e83-4d5a-86c6-de5865be4c0c;421.0;0.53812;UNKNOWN
2016-04-07T04:09:44.000000;2016-04-07T04:09:44.000000;31776f9c-2060-404a-9f64-a1ea9a572b8d;421.0;0.03113067;UNKNOWN
2016-04-07T04:09:49.000000;2016-04-07T04:09:49.000000;35754c55-de59-4edc-9c3d-a84c1676aa1f;421.0;2.38044;UNKNOWN
2016-04-07T04:09:56.000000;2016-04-07T04:09:56.000000;fbb62f09-4c51-4b78-82b0-03b77914bfe3;421.0;0.15190024;UNKNOWN
2016-04-07T04:09:56.000000;2016-04-07T04:09:56.000000;00ac32b6-f46a-42e2-8265-a3d95e6384ef;421.0;0.12761933;UNKNOWN
2016-04-07T04:09:56.000000;2016-04-07T04:09:56.000000;cba26e74-96a3-44c1-bf58-b5ccc7cde408;421.0;2.10092043;UNKNOWN
2016-04-07T04:10:02.000000;2016-04-07T04:10:02.000000;a581d549-9a29-40ce-a29d-64f5263fb877;421.0;14.9968;UNKNOWN
2016-04-07T04:10:08.000000;2016-04-07T04:10:08.000000;c6489bea-d22f-45b5-912f-e5c17e076bd8;421.0;1.90435;UNKNOWN
2016-04-07T04:10:22.000000;2016-04-07T04:10:22.000000;d0e465bb-649b-4416-a449-58d99ff17feb;421.0;0.952177;UNKNOWN
2016-04-07T04:11:07.000000;2016-04-07T04:11:07.000000;226a1ee2-9742-4698-8676-5a1a7a35fbc7;421.0;0.2;UNKNOWN
2016-04-07T04:11:07.000000;2016-04-07T04:11:07.000000;94dded72-0d34-4641-beb8-70cd7c82f754;420.9;1.0;UNKNOWN
2016-04-07T04:11:07.000000;2016-04-07T04:11:07.000000;009f0ff5-0c1f-4330-91d7-7d47b94bb540;421.0;0.03575257;UNKNOWN
2016-04-07T04:11:10.000000;2016-04-07T04:11:10.000000;5e83a368-1d5c-4150-b5e1-517ecabd9894;420.5;10.7953;UNKNOWN
2016-04-07T04:11:10.000000;2016-04-07T04:11:10.000000;84a61eb8-8c4e-45fe-a46c-6804261ff154;420.6;0.2;UNKNOWN
2016-04-07T04:11:10.000000;2016-04-07T04:11:10.000000;f26f4652-eebc-4af8-9967-eda225a756a1;420.0;5.70100431;UNKNOWN
2016-04-07T04:11:10.000000;2016-04-07T04:11:10.000000;43e69785-0ba9-463f-990b-61509f304f86;420.23;0.24254409;UNKNOWN
2016-04-07T04:11:10.000000;2016-04-07T04:11:10.000000;c12138ba-197b-44d4-897f-e1fbf7d47630;420.0;0.3;UNKNOWN
2016-04-07T04:11:10.000000;2016-04-07T04:11:10.000000;7a3a67b3-d7d1-4923-b708-2ea2b09e2409;420.0;0.1;UNKNOWN
2016-04-07T04:11:10.000000;2016-04-07T04:11:10.000000;5ab593b9-340e-4ce6-861a-c1efa58ffd3b;420.0;0.015;UNKNOWN
2016-04-07T04:11:10.000000;2016-04-07T04:11:10.000000;36394dd5-6ea9-462c-a565-918b77228bb3;420.0;2.0;UNKNOWN
2016-04-07T04:11:10.000000;2016-04-07T04:11:10.000000;31a1d445-7473-468e-8e0a-20234c71162d;420.0;1.0;UNKNOWN
2016-04-07T04:11:10.000000;2016-04-07T04:11:10.000000;41b8b709-9920-4b94-b3a6-25271ad6ccbf;420.59;1.9549;UNKNOWN
2016-04-07T04:11:10.000000;2016-04-07T04:11:10.000000;4d586381-7446-414c-b3f2-78d9d13648f8;420.0;1.2;UNKNOWN
2016-04-07T04:11:10.000000;2016-04-07T04:11:10.000000;0a1bf288-be3b-4203-bd97-be7ecaca90d5;420.0;0.5;UNKNOWN
2016-04-07T04:11:10.000000;2016-04-07T04:11:10.000000;756fa544-dc6d-41d5-9554-5723e2616562;420.5;23.8746;UNKNOWN
2016-04-07T04:11:10.000000;2016-04-07T04:11:10.000000;60ad2c8b-dc3d-49b2-8f30-584dfa2c7142;420.0;0.25;UNKNOWN
2016-04-07T04:11:10.000000;2016-04-07T04:11:10.000000;f540bc52-f710-4357-ad4c-74acc7f5ddeb;420.0;4.5155;UNKNOWN
2016-04-07T04:11:10.000000;2016-04-07T04:11:10.000000;f340546d-02b9-4cf8-9c05-41b5f89ba4ee;420.0;2.0079;UNKNOWN
2016-04-07T04:11:10.000000;2016-04-07T04:11:10.000000;573bfc9f-7251-4515-801f-0ca153be4652;420.01;3.32195652;UNKNOWN
2016-04-07T04:11:10.000000;2016-04-07T04:11:10.000000;5286a33e-5359-4a28-93e6-c3c1413b7f76;420.2;0.2;UNKNOWN
2016-04-07T04:11:10.000000;2016-04-07T04:11:10.000000;d199dd2e-accb-442f-96a8-072d85b08159;420.01;9.99;UNKNOWN
2016-04-07T04:11:10.000000;2016-04-07T04:11:10.000000;b51d22fc-2797-4e88-9b6d-35f12ac06852;420.0;5.0;UNKNOWN
2016-04-07T04:11:10.000000;2016-04-07T04:11:10.000000;c0f42e1e-b272-4931-ac84-2383cbd368ed;420.0;0.01;UNKNOWN
2016-04-07T04:11:10.000000;2016-04-07T04:11:10.000000;2e8540c7-e465-47c9-ae74-4620e42d3f2d;420.03;13.6324;UNKNOWN
2016-04-07T04:11:10.000000;2016-04-07T04:11:10.000000;70019e72-f503-481b-bd93-4855b40218a2;420.09;1.9429;UNKNOWN
2016-04-07T04:11:10.000000;2016-04-07T04:11:10.000000;bb7ddd78-be7a-492e-9615-05c3b90bd1df;420.0;0.1;UNKNOWN
2016-04-07T04:11:10.000000;2016-04-07T04:11:10.000000;6f9d488f-1eb1-4b5c-b541-a5c92ec37579;420.0;0.2321;UNKNOWN
2016-04-07T04:11:10.000000;2016-04-07T04:11:10.000000;ef2bf3a9-b07c-41bd-ae74-5cadbbd9874f;420.01;19.3114;UNKNOWN
2016-04-07T04:11:10.000000;2016-04-07T04:11:10.000000;c9573c80-63aa-4eb0-8a76-527668d1c0a3;420.06;5.0;UNKNOWN
2016-04-07T04:11:10.000000;2016-04-07T04:11:10.000000;a2840b0f-392a-4574-ad73-15a79e07dc8d;420.02;14.8;UNKNOWN
2016-04-07T04:11:10.000000;2016-04-07T04:11:10.000000;e77a3ab9-b7fd-43a7-a550-e63d84bdac4c;420.18;12.399;UNKNOWN
2016-04-07T04:11:10.000000;2016-04-07T04:11:10.000000;3308869c-79a9-4584-a91f-c061d60fd045;420.19;3.27494777;UNKNOWN
2016-04-07T04:11:10.000000;2016-04-07T04:11:10.000000;afc6feb6-9805-41be-9b09-15a1cd8bcc69;420.5;0.35;UNKNOWN
2016-04-07T04:11:10.000000;2016-04-07T04:11:10.000000;4494ac89-be82-4ee4-aeb3-3b5800b1c1e5;420.2;0.1;UNKNOWN
2016-04-07T04:11:10.000000;2016-04-07T04:11:10.000000;f8b972e4-32c9-419d-8660-957af7f34f4a;420.52;0.25;UNKNOWN
2016-04-07T04:11:10.000000;2016-04-07T04:11:10.000000;f7c76589-04f7-4d57-bb3b-8746f7124874;420.2;13.441;UNKNOWN
2016-04-07T04:11:10.000000;2016-04-07T04:11:10.000000;1bc98bf5-cc25-47bd-9408-73d78b49ca7e;420.0;0.2;UNKNOWN
2016-04-07T04:11:10.000000;2016-04-07T04:11:10.000000;4327a736-5394-4a6d-911b-67231377b74c;420.5;0.05;UNKNOWN
2016-04-07T04:11:10.000000;2016-04-07T04:11:10.000000;39c49e13-454a-4450-af75-6cdae20ba0d6;420.1;0.1;UNKNOWN
2016-04-07T04:11:10.000000;2016-04-07T04:11:10.000000;896fdf3b-2029-4c1f-bac2-e15d35a5de4e;420.4;0.1;UNKNOWN
2016-04-07T04:11:10.000000;2016-04-07T04:11:10.000000;93272f29-db53-4968-bb3c-34cdeecfb4fb;420.37;0.01044731;UNKNOWN
2016-04-07T04:11:10.000000;2016-04-07T04:11:10.000000;4aa52b25-dec4-472b-8f3d-31de8ed4e442;420.57;5.9399;UNKNOWN
2016-04-07T04:11:10.000000;2016-04-07T04:11:10.000000;3f3fe9a5-ebda-4230-ba7f-7c14cb907676;420.26;0.01;UNKNOWN
2016-04-07T04:11:10.000000;2016-04-07T04:11:10.000000;b323188f-431e-4280-a02c-03a8f1994063;420.3;0.1;UNKNOWN
2016-04-07T04:11:10.000000;2016-04-07T04:11:10.000000;11e52651-e77a-4c88-b236-dbdd9c45c333;420.5;0.1;UNKNOWN
2016-04-07T04:11:10.000000;2016-04-07T04:11:10.000000;ee587a7d-477d-467b-8ae2-03498d9d369e;420.44;2.3372;UNKNOWN
2016-04-07T04:11:10.000000;2016-04-07T04:11:10.000000;0c77cfa0-2ba1-4b9b-81c1-7264aa519b4a;420.6;0.1;UNKNOWN
2016-04-07T04:11:10.000000;2016-04-07T04:11:10.000000;94e73f6d-7ac3-4dff-a860-b381a5ba4449;420.51;9.99;UNKNOWN
2016-04-07T04:11:10.000000;2016-04-07T04:11:10.000000;c48e0004-0d88-4e1b-8451-f27d67f095f6;420.0;0.15;UNKNOWN
2016-04-07T04:11:10.000000;2016-04-07T04:11:10.000000;a935011d-b15b-4521-93d9-d8b0d185b0e3;420.05;10.0;UNKNOWN
2016-04-07T04:11:10.000000;2016-04-07T04:11:10.000000;c24c39df-5cd3-419f-98c7-259128bf36e3;420.04;5.2;UNKNOWN
2016-04-07T04:11:10.000000;2016-04-07T04:11:10.000000;25103f45-de1f-49ca-a76d-9da7ce4ec036;420.04;3.5;UNKNOWN
2016-04-07T04:11:10.000000;2016-04-07T04:11:10.000000;86f83125-9dd0-493f-a46b-7aa6bdc2445a;420.06;6.0;UNKNOWN
2016-04-07T04:11:17.000000;2016-04-07T04:11:17.000000;0de7f02c-0de8-4706-9bbe-5f564849d1f3;420.06;0.224;UNKNOWN
2016-04-07T04:11:17.000000;2016-04-07T04:11:17.000000;5c1772b3-745a-4a3b-bfcd-5c237b03da9d;420.0;8.68089569;UNKNOWN
2016-04-07T04:11:17.000000;2016-04-07T04:11:17.000000;1278f9c9-2faf-408f-adc1-57fa8e6ae2fc;420.01;15.9535;UNKNOWN
2016-04-07T04:11:17.000000;2016-04-07T04:11:17.000000;0a048245-32e3-4510-b18c-a3feee43b3a5;420.0;13.6225;UNKNOWN
2016-04-07T04:11:17.000000;2016-04-07T04:11:17.000000;c65c786b-b08f-4eb8-b198-1377b1ea25e3;420.0;2.38510431;UNKNOWN
2016-04-07T04:11:17.000000;2016-04-07T04:11:17.000000;b01389bf-2979-4c51-907e-4cae137f7ab8;420.04;5.12;UNKNOWN
2016-04-07T04:11:17.000000;2016-04-07T04:11:17.000000;f9fdd301-2ea8-4ac3-868d-01bcceb40252;420.01;0.2;UNKNOWN
2016-04-07T04:11:17.000000;2016-04-07T04:11:17.000000;82908a54-b06d-4ba1-a59e-10d6ce2f3166;420.02;14.88;UNKNOWN
2016-04-07T04:11:17.000000;2016-04-07T04:11:17.000000;82b7e1d1-0d04-403e-bebc-fc268f493c94;420.0;0.334;UNKNOWN
2016-04-07T04:11:17.000000;2016-04-07T04:11:17.000000;ac66bb27-6963-426f-9e6f-3f4d1429f9e5;420.0;3.0;UNKNOWN
2016-04-07T04:11:17.000000;2016-04-07T04:11:17.000000;0128b937-acad-48b7-99e7-619bace0b444;420.0;0.6;UNKNOWN
2016-04-07T04:11:24.000000;2016-04-07T04:11:24.000000;1be2241d-eb83-41f6-a02c-195ae7331b99;420.46;1.0;UNKNOWN
2016-04-07T04:11:34.000000;2016-04-07T04:11:34.000000;8d5e915d-6d9c-4500-aaa8-5d1700073dac;420.03;0.10418745;UNKNOWN
2016-04-07T04:11:45.000000;2016-04-07T04:11:45.000000;e3467d86-795d-49d9-acd1-c374c7479de7;420.43;0.5;UNKNOWN
2016-04-07T04:11:45.000000;2016-04-07T04:11:45.000000;84c415c6-47c3-4761-ba15-f34738ec8ba9;420.42;0.5;UNKNOWN
2016-04-07T04:11:45.000000;2016-04-07T04:11:45.000000;56844fc3-36eb-4a89-93b4-4646d968b9d0;420.06;0.54067535;UNKNOWN
2016-04-07T04:12:03.000000;2016-04-07T04:12:03.000000;936432fe-f23c-4ebf-9b11-cd96992ff27a;420.39;0.49072652;UNKNOWN
2016-04-07T04:12:24.000000;2016-04-07T04:12:24.000000;b33a429e-336f-4625-88c4-d4f3a4756653;420.34;1.0;UNKNOWN
2016-04-07T04:12:45.000000;2016-04-07T04:12:45.000000;9e2bcb0f-a3a9-4134-8653-dc7fd2519b0c;420.27;0.5;UNKNOWN
2016-04-07T04:12:45.000000;2016-04-07T04:12:45.000000;96b64829-e9aa-45a9-ac77-f84c18c6d3da;420.26;0.5;UNKNOWN
2016-04-07T04:13:05.000000;2016-04-07T04:13:05.000000;f0328691-75ce-498b-af71-5382b061e14e;420.24;1.0;UNKNOWN
2016-04-07T04:13:05.000000;2016-04-07T04:13:05.000000;32c052fc-8b00-4d1e-9244-aa8b6a31f327;420.24;0.011;UNKNOWN
2016-04-07T04:13:20.000000;2016-04-07T04:13:20.000000;355cab69-abb6-4138-96cd-7901f0c08484;420.04;5.8633;UNKNOWN
2016-04-07T04:13:20.000000;2016-04-07T04:13:20.000000;69092b34-4da2-4680-b2c5-ff5f292a25b2;420.01;0.34451914;UNKNOWN
2016-04-07T04:13:20.000000;2016-04-07T04:13:20.000000;e1111398-2b0f-4e67-9066-9df88e2ec9a2;420.11;0.11174006;UNKNOWN
2016-04-07T04:13:20.000000;2016-04-07T04:13:20.000000;93b24d5e-fedd-443e-a03f-20c3accc5b30;420.23;0.088;UNKNOWN
2016-04-07T04:13:25.000000;2016-04-07T04:13:25.000000;b2b191a7-d8e8-40c0-8123-09e9e2f02b0a;420.22;1.0;UNKNOWN
2016-04-07T04:13:31.000000;2016-04-07T04:13:31.000000;b59997e5-8076-4ad1-a5fd-32af4b57b401;420.0;4.74401114;UNKNOWN
2016-04-07T04:13:38.000000;2016-04-07T04:13:38.000000;7c657e9a-7e81-4d11-8866-814da33ea362;420.02;5.9024;UNKNOWN
2016-04-07T04:13:38.000000;2016-04-07T04:13:38.000000;e5c2ca53-6d8b-4e0f-b9ef-1c64dc8e8b88;420.01;7.9535;UNKNOWN
2016-04-07T04:13:38.000000;2016-04-07T04:13:38.000000;1e2962cd-c28e-4f4a-95d0-15eedade19ee;420.0;0.05;UNKNOWN
2016-04-07T04:13:38.000000;2016-04-07T04:13:38.000000;ea4c5452-5b58-436c-81ea-ec54a34d1743;420.0;3.13321545;UNKNOWN
2016-04-07T04:13:38.000000;2016-04-07T04:13:38.000000;4cadf33c-0283-47d2-8c6e-603c2ceb9d11;420.0;0.1;UNKNOWN
2016-04-07T04:13:38.000000;2016-04-07T04:13:38.000000;10fa780c-4d60-4d81-badc-a4ddc49642bc;420.0;12.86088455;UNKNOWN
2016-04-07T04:13:42.000000;2016-04-07T04:13:42.000000;e986672d-34c8-4972-8664-d3798b50b445;420.0;4.97650464;UNKNOWN
2016-04-07T04:13:43.000000;2016-04-07T04:13:43.000000;de836774-f6d6-40d2-9d90-d2259cac3461;420.0;0.20034523;UNKNOWN
2016-04-07T04:13:46.000000;2016-04-07T04:13:46.000000;13cd158b-210a-4a0c-a8a9-d65a0bd573ac;420.09;1.0;UNKNOWN
2016-04-07T04:13:48.000000;2016-04-07T04:13:48.000000;fd018b50-cb2e-46e4-b299-d02d2d468b1f;420.0;1.68993468;UNKNOWN
2016-04-07T04:13:48.000000;2016-04-07T04:13:48.000000;62b53064-170e-4c6a-a0f2-8964581eb435;419.93;0.01;UNKNOWN
2016-04-07T04:13:48.000000;2016-04-07T04:13:48.000000;9081ae9d-931e-4fbf-936a-415032da64ad;420.0;0.222;UNKNOWN
2016-04-07T04:13:48.000000;2016-04-07T04:13:48.000000;547cfde0-e016-45bb-be33-ef9b37eb4603;420.0;0.222;UNKNOWN
2016-04-07T04:13:48.000000;2016-04-07T04:13:48.000000;f4ea2c9e-2e2d-4901-9c2a-cd221f2f285d;419.8;0.3;UNKNOWN
2016-04-07T04:13:48.000000;2016-04-07T04:13:48.000000;74e10fc6-cab7-4ba2-a997-a3dc0255e54c;420.0;0.221;UNKNOWN
2016-04-07T04:13:48.000000;2016-04-07T04:13:48.000000;0cbbed36-a6b4-4f9b-9ccb-1e5ddd3ea4ad;420.0;0.225;UNKNOWN
2016-04-07T04:13:48.000000;2016-04-07T04:13:48.000000;9928080a-e71e-43e4-9ebf-7546fe95edd9;419.72;5.44136532;UNKNOWN
2016-04-07T04:13:48.000000;2016-04-07T04:13:48.000000;04f94f5e-9abf-40c3-b92c-ba9ad48a37c3;419.72;2.81;UNKNOWN
2016-04-07T04:13:48.000000;2016-04-07T04:13:48.000000;61c08197-ae3f-421b-aca8-a23ea0775b3d;419.78;3.8587;UNKNOWN
2016-04-07T04:13:51.000000;2016-04-07T04:13:51.000000;5684b6d1-8c31-4b57-b909-4cffcb039001;419.65;8.95725;UNKNOWN
2016-04-07T04:13:51.000000;2016-04-07T04:13:51.000000;1fc6e631-b73c-42aa-b95d-5c451e93a011;419.69;0.5;UNKNOWN
2016-04-07T04:13:51.000000;2016-04-07T04:13:51.000000;e0a7bfe8-570f-4984-8de2-878950fe8268;419.67;0.01;UNKNOWN
2016-04-07T04:13:51.000000;2016-04-07T04:13:51.000000;624aee3c-d9f0-405c-8328-df7ff56f6c28;419.81;0.3;UNKNOWN
2016-04-07T04:14:06.000000;2016-04-07T04:14:06.000000;2da5e52b-1fdd-40d5-b0a7-277a596ede5f;418.35;25.0;UNKNOWN
2016-04-07T04:14:06.000000;2016-04-07T04:14:06.000000;2fbc0566-bfff-44f6-a9ea-01a27b74ac35;418.5;19.2629;UNKNOWN
2016-04-07T04:14:06.000000;2016-04-07T04:14:06.000000;536c048d-6975-4160-a313-cbda217b637a;418.5;50.0;UNKNOWN
2016-04-07T04:14:06.000000;2016-04-07T04:14:06.000000;0cf05178-fee3-4d88-9ff8-f2f792bb8f0a;418.51;9.99;UNKNOWN
2016-04-07T04:14:06.000000;2016-04-07T04:14:06.000000;aa96863c-ff2d-43cd-9c7a-69c0608db916;418.0;0.25;UNKNOWN
2016-04-07T04:14:06.000000;2016-04-07T04:14:06.000000;61057a86-fc47-42f8-949c-20f13116db2f;418.45;10.0;UNKNOWN
2016-04-07T04:14:06.000000;2016-04-07T04:14:06.000000;cea3d4db-ddcd-47ba-8ba6-f8d79238aef0;418.51;2.0;UNKNOWN
2016-04-07T04:14:06.000000;2016-04-07T04:14:06.000000;8d186598-50ca-454e-b249-5784b198f9c2;418.35;13.3583;UNKNOWN
2016-04-07T04:14:06.000000;2016-04-07T04:14:06.000000;a9a42032-2b24-4188-ae66-a4df95a7f9e0;418.4;0.66920976;UNKNOWN
2016-04-07T04:14:06.000000;2016-04-07T04:14:06.000000;e0d72ac0-48fb-4d10-a684-67f0656d62be;418.03;17.81;UNKNOWN
2016-04-07T04:14:06.000000;2016-04-07T04:14:06.000000;327c2ea3-a3e1-4662-9b93-a4db403b35bb;418.0;1.0;UNKNOWN
2016-04-07T04:14:06.000000;2016-04-07T04:14:06.000000;ad29cade-96ae-4f79-87ad-0a8a1a0b6bf3;418.6;0.4;UNKNOWN
2016-04-07T04:14:06.000000;2016-04-07T04:14:06.000000;9cc7ffe1-4ee7-434e-9f21-124cf4f72048;418.0;10.5668;UNKNOWN
2016-04-07T04:14:06.000000;2016-04-07T04:14:06.000000;73d30b2f-94f2-49fc-aeac-2da886d7ec69;418.0;3.0;UNKNOWN
2016-04-07T04:14:06.000000;2016-04-07T04:14:06.000000;78c95899-493c-49ea-8c04-b7aeca3e0c99;418.01;37.11;UNKNOWN
2016-04-07T04:14:06.000000;2016-04-07T04:14:06.000000;9165712a-8122-4b36-b082-5038406535cf;418.0;0.1;UNKNOWN
2016-04-07T04:14:06.000000;2016-04-07T04:14:06.000000;dd67f186-a709-42e3-a480-cb8ca2e100ba;418.0;12.16780385;UNKNOWN
2016-04-07T04:14:06.000000;2016-04-07T04:14:06.000000;1e837c43-1671-47d0-a5ea-e12ba0eb1026;418.0;50.0;UNKNOWN
2016-04-07T04:14:06.000000;2016-04-07T04:14:06.000000;d8aeb1d0-c8a6-416f-8ed1-b5ccfc8baeb8;418.5;13.394;UNKNOWN
2016-04-07T04:14:06.000000;2016-04-07T04:14:06.000000;e1b0ad03-e9de-475b-a20d-e420b2f36a39;418.05;1.0;UNKNOWN
2016-04-07T04:14:06.000000;2016-04-07T04:14:06.000000;999c1b10-cec2-452c-82b7-779aa37cc302;418.5;0.2;UNKNOWN
2016-04-07T04:14:06.000000;2016-04-07T04:14:06.000000;d2c41dbd-4996-4652-90a3-996ab2e67743;418.0;1.0;UNKNOWN
2016-04-07T04:14:06.000000;2016-04-07T04:14:06.000000;a4712349-3a31-4b6d-9ad1-91063bba390b;418.0;5.0;UNKNOWN
2016-04-07T04:14:06.000000;2016-04-07T04:14:06.000000;705cf8c3-a48c-4727-b8c6-f507ea607620;418.0;1.0;UNKNOWN
2016-04-07T04:14:06.000000;2016-04-07T04:14:06.000000;faff03bf-e9f0-4af7-a238-8aed83e57d3a;418.0;0.3;UNKNOWN
2016-04-07T04:14:06.000000;2016-04-07T04:14:06.000000;2276fe8b-a68a-4953-855b-e930b54e6773;418.0;0.2;UNKNOWN
2016-04-07T04:14:06.000000;2016-04-07T04:14:06.000000;55633d87-21a5-4213-b9b4-038326c0dea6;418.53;65.66;UNKNOWN
2016-04-07T04:14:06.000000;2016-04-07T04:14:06.000000;6e2bb78b-6cea-4853-82bf-74716a0aec48;418.63;0.022251;UNKNOWN
2016-04-07T04:14:06.000000;2016-04-07T04:14:06.000000;51742826-b843-488d-a46e-ae4db819da4a;418.06;12.859;UNKNOWN
2016-04-07T04:14:06.000000;2016-04-07T04:14:06.000000;ec2f2361-30ee-4163-bd84-67947cb60223;419.27;0.01045872;UNKNOWN
2016-04-07T04:14:06.000000;2016-04-07T04:14:06.000000;48686749-d9cb-4afb-a041-210a5972de9e;418.07;2.19;UNKNOWN
2016-04-07T04:14:06.000000;2016-04-07T04:14:06.000000;320c61d1-0286-4606-a41e-3b9cc6de104f;419.5;0.04723096;UNKNOWN
2016-04-07T04:14:06.000000;2016-04-07T04:14:06.000000;3384aeef-7ae4-43e6-9a99-c965705f2e5a;419.34;0.01;UNKNOWN
2016-04-07T04:14:06.000000;2016-04-07T04:14:06.000000;ba41fe80-cce8-4508-9c1b-bb58785ac5e4;418.01;9.99;UNKNOWN
2016-04-07T04:14:06.000000;2016-04-07T04:14:06.000000;f7c55243-423e-4240-9b77-48ae76c7ba90;419.65;11.04275;UNKNOWN
2016-04-07T04:14:06.000000;2016-04-07T04:14:06.000000;fec18995-0fd4-443a-9075-b08c5c10cfd3;419.34;0.02;UNKNOWN
2016-04-07T04:14:06.000000;2016-04-07T04:14:06.000000;7e1758dd-0a6f-4ea8-b8b7-854bb0f238b9;419.34;0.01;UNKNOWN
2016-04-07T04:14:06.000000;2016-04-07T04:14:06.000000;c232c345-2bf5-4727-b179-2d71d6c6da5d;419.34;0.01;UNKNOWN
2016-04-07T04:14:06.000000;2016-04-07T04:14:06.000000;9e21d4bb-3aca-40ac-8198-3022953145f1;419.35;0.01;UNKNOWN
2016-04-07T04:14:06.000000;2016-04-07T04:14:06.000000;c950e26d-648b-476d-b570-9175a3c92234;418.79;13.9028;UNKNOWN
2016-04-07T04:14:06.000000;2016-04-07T04:14:06.000000;7ab7887b-2a8a-47b9-8ef3-026f7bd46749;418.54;9.45;UNKNOWN
2016-04-07T04:14:06.000000;2016-04-07T04:14:06.000000;001aff75-a166-4f37-8e9b-ec22432f85f0;418.07;0.02;UNKNOWN
2016-04-07T04:14:06.000000;2016-04-07T04:14:06.000000;20d9d56f-4ca3-4c26-9796-3850f57b4973;418.65;13.4969;UNKNOWN
2016-04-07T04:14:06.000000;2016-04-07T04:14:06.000000;ec169f8e-ebe7-45bb-a7d8-605675a1c754;419.42;2.5;UNKNOWN
2016-04-07T04:14:06.000000;2016-04-07T04:14:06.000000;3be41ea6-7326-45ae-a0e3-0ebb384331ee;419.35;0.01;UNKNOWN
2016-04-07T04:14:06.000000;2016-04-07T04:14:06.000000;1dac273d-7e16-4149-9480-14a28182a038;419.59;1.9357;UNKNOWN
2016-04-07T04:14:06.000000;2016-04-07T04:14:06.000000;a3b72e46-80c0-493f-9f0c-552921a69965;419.54;5.0;UNKNOWN
2016-04-07T04:14:06.000000;2016-04-07T04:14:06.000000;04d923be-ca11-47b0-b05e-a8c1b7bd5108;419.51;9.99;UNKNOWN
2016-04-07T04:14:06.000000;2016-04-07T04:14:06.000000;38bddc37-9f3f-41d4-bf4e-b44917c72d94;419.5;50.0;UNKNOWN
2016-04-07T04:14:06.000000;2016-04-07T04:14:06.000000;5121fb1c-900a-4c13-9e7c-061fa7bc2611;419.5;3.0;UNKNOWN
2016-04-07T04:14:06.000000;2016-04-07T04:14:06.000000;f9cae58c-05a7-4323-9322-49893b0139a5;419.7;0.666;UNKNOWN
2016-04-07T04:14:06.000000;2016-04-07T04:14:06.000000;8d1c887e-fb47-4439-8196-89547d47cedb;420.0;0.04618545;UNKNOWN
2016-04-07T04:14:06.000000;2016-04-07T04:14:06.000000;a7534279-d59d-401b-a970-8d04fbd62e5d;419.56;0.01;UNKNOWN
2016-04-07T04:14:06.000000;2016-04-07T04:14:06.000000;f90a6ef0-bada-4278-b5cf-6a7ad8462ee2;419.53;0.01;UNKNOWN
2016-04-07T04:14:06.000000;2016-04-07T04:14:06.000000;70be2c52-845c-42b8-9fca-b12bee99ed8d;419.52;0.25;UNKNOWN
2016-04-07T04:14:06.000000;2016-04-07T04:14:06.000000;31f12f8c-5ebe-4264-b011-f1945310151b;418.22;5.0;UNKNOWN
2016-04-07T04:14:06.000000;2016-04-07T04:14:06.000000;1e93eca1-ce55-4fef-aee9-fb1e81d8038b;418.52;0.25;UNKNOWN
2016-04-07T04:14:06.000000;2016-04-07T04:14:06.000000;46eb44ac-4a44-4bd2-bc46-8ab6d58f5ef1;419.01;9.99;UNKNOWN
2016-04-07T04:14:06.000000;2016-04-07T04:14:06.000000;a71b9a51-81ce-4e3e-a93f-d41661d48bc1;419.09;2.0726;UNKNOWN
2016-04-07T04:14:06.000000;2016-04-07T04:14:06.000000;b343570b-4bc4-43ba-9830-290c43b5c0f6;419.0;1.0;UNKNOWN
2016-04-07T04:14:06.000000;2016-04-07T04:14:06.000000;f6ca98ec-74b2-43de-9471-638c3296b739;418.9;1.0;UNKNOWN
2016-04-07T04:14:06.000000;2016-04-07T04:14:06.000000;82abfb40-6ad9-4ad0-9cd2-3d52f7db8e97;419.13;5.5354;UNKNOWN
2016-04-07T04:14:06.000000;2016-04-07T04:14:06.000000;38d6f2e3-800a-468a-9a20-0dbac395508b;419.1;0.3;UNKNOWN
2016-04-07T04:14:06.000000;2016-04-07T04:14:06.000000;ca52598d-aa8f-475c-a4d0-98facee56af3;418.19;12.5822;UNKNOWN
2016-04-07T04:14:06.000000;2016-04-07T04:14:06.000000;6026712f-16c3-4506-83db-9d9128c50c25;418.88;0.0373;UNKNOWN
2016-04-07T04:14:06.000000;2016-04-07T04:14:06.000000;67f9da20-6edb-4939-8665-199784378cb1;418.1;2.5;UNKNOWN
2016-04-07T04:14:06.000000;2016-04-07T04:14:06.000000;e556b746-64e7-4641-b89c-716833578332;418.66;0.02;UNKNOWN
2016-04-07T04:14:06.000000;2016-04-07T04:14:06.000000;c4f66a83-4149-4d89-b0d4-bdf4fc8e0397;419.0;0.011;UNKNOWN
2016-04-07T04:14:06.000000;2016-04-07T04:14:06.000000;bda0bc64-c9fc-4a7d-8db6-797b9a408fa0;419.0;1.0;UNKNOWN
2016-04-07T04:14:06.000000;2016-04-07T04:14:06.000000;8f92c8de-8980-40e7-9318-58e66c810116;418.82;0.02513;UNKNOWN
2016-04-07T04:14:06.000000;2016-04-07T04:14:06.000000;d244beb1-906a-4861-920c-836b2450ea3d;419.0;19.99;UNKNOWN
2016-04-07T04:14:06.000000;2016-04-07T04:14:06.000000;5097f636-8d9c-41e4-a915-1d45d485b516;419.0;2.0164801;UNKNOWN
2016-04-07T04:14:06.000000;2016-04-07T04:14:06.000000;30682d63-4004-45b5-aa3a-1b5355d08e2b;419.0;0.0436;UNKNOWN
2016-04-07T04:14:06.000000;2016-04-07T04:14:06.000000;39f9dbd7-8d5b-4ca5-9e1c-8004ff051871;419.07;0.010108;UNKNOWN
2016-04-07T04:14:06.000000;2016-04-07T04:14:06.000000;5ba5e57e-2d2c-43b8-8463-950be7e33e97;419.0;0.2;UNKNOWN
2016-04-07T04:14:06.000000;2016-04-07T04:14:06.000000;a202f91a-0b12-4d92-9c88-3c32baab841d;419.09;0.01;UNKNOWN
2016-04-07T04:14:06.000000;2016-04-07T04:14:06.000000;167d436a-5e49-4c12-b1e8-fd4a4ed3e143;418.82;0.02513;UNKNOWN
2016-04-07T04:14:06.000000;2016-04-07T04:14:06.000000;240b9995-b125-438c-8d41-54522876a7b3;419.0;32.31616098;UNKNOWN
2016-04-07T04:14:06.000000;2016-04-07T04:14:06.000000;bd00e42c-06db-4998-89e6-235d115c685f;419.0;5.0;UNKNOWN
2016-04-07T04:14:06.000000;2016-04-07T04:14:06.000000;10d5bc15-1fa7-4755-a104-3ac4fcda680c;418.01;2.11660118;UNKNOWN
2016-04-07T04:14:14.000000;2016-04-07T04:14:14.000000;d113a496-7fa9-41b1-8602-f56768de6e54;418.04;1.0;UNKNOWN
2016-04-07T04:14:14.000000;2016-04-07T04:14:14.000000;14084d1d-ac30-4745-8529-e3f226104a30;418.04;1.0420078;UNKNOWN
2016-04-07T04:14:14.000000;2016-04-07T04:14:14.000000;f942f49e-4c4a-4125-98a6-4981d4220923;418.04;0.06041592;UNKNOWN
2016-04-07T04:14:14.000000;2016-04-07T04:14:14.000000;3e32bdfb-30df-46e9-a839-33f262907968;418.04;5.0;UNKNOWN
2016-04-07T04:14:14.000000;2016-04-07T04:14:14.000000;3b4944c8-0aa4-4da3-a7ec-7663f2a8b68d;418.04;0.59800771;UNKNOWN
2016-04-07T04:14:14.000000;2016-04-07T04:14:14.000000;365c15ba-86dc-47e6-aeda-a63aa7e9472c;418.04;0.5;UNKNOWN
2016-04-07T04:14:14.000000;2016-04-07T04:14:14.000000;81e37664-774a-45a5-a94f-46c8958798c5;418.04;0.25;UNKNOWN
2016-04-07T04:14:14.000000;2016-04-07T04:14:14.000000;97e1bd2d-ef4a-4895-bf99-b22ebd4f58a6;418.04;3.0;UNKNOWN
2016-04-07T04:14:22.000000;2016-04-07T04:14:22.000000;5f8102b7-922b-48c8-86f5-79d26ce21448;418.09;0.01;UNKNOWN
2016-04-07T04:14:23.000000;2016-04-07T04:14:23.000000;fb2cf4cb-c263-4ff8-8ecf-5d65c65979bc;418.09;0.12;UNKNOWN
2016-04-07T04:14:23.000000;2016-04-07T04:14:23.000000;7f79007b-b1c8-43ec-a79d-d2024f424733;418.15;0.07;UNKNOWN
2016-04-07T04:14:25.000000;2016-04-07T04:14:25.000000;5f2c3102-a5db-4545-9209-f7d710a34a16;418.2;0.05;UNKNOWN
2016-04-07T04:14:25.000000;2016-04-07T04:14:25.000000;f333cb0d-9c63-4256-bf37-94ac6f7426dd;418.15;0.02;UNKNOWN
2016-04-07T04:14:25.000000;2016-04-07T04:14:25.000000;fe4107cb-086c-489b-a2de-4f2d9c3cc2b7;418.49;0.93;UNKNOWN
2016-04-07T04:14:28.000000;2016-04-07T04:14:28.000000;250d2a23-7b96-46ac-883a-bcce82151388;418.48;0.3;UNKNOWN
2016-04-07T04:14:33.000000;2016-04-07T04:14:33.000000;55042643-0713-4c3c-8c0c-69ab3a432441;418.47;0.11;UNKNOWN
2016-04-07T04:14:33.000000;2016-04-07T04:14:33.000000;033dea90-b636-4b2f-a051-2a1ce4af707d;418.48;0.851;UNKNOWN
2016-04-07T04:14:34.000000;2016-04-07T04:14:34.000000;d537081f-fa3c-4dfe-bab0-4bdc7c5fe3c5;418.47;0.06;UNKNOWN
2016-04-07T04:14:34.000000;2016-04-07T04:14:34.000000;412eb1ca-26c5-4f1e-9073-eee45e9f4a45;418.47;0.1;UNKNOWN
2016-04-07T04:14:43.000000;2016-04-07T04:14:43.000000;dfcc269d-243c-414a-be16-9c5ccd49e121;418.48;0.03858063;UNKNOWN
2016-04-07T04:14:44.000000;2016-04-07T04:14:44.000000;563f8b54-b258-473b-98b0-6fdf3f1e231f;418.48;0.03858063;UNKNOWN
2016-04-07T04:14:44.000000;2016-04-07T04:14:44.000000;408b5919-ea43-4847-8893-b295afd6f539;418.48;1.0;UNKNOWN
2016-04-07T04:14:45.000000;2016-04-07T04:14:45.000000;e84fe145-8c1d-4c07-872b-ac999546ffb3;418.48;0.03858063;UNKNOWN
2016-04-07T04:14:47.000000;2016-04-07T04:14:47.000000;98718dbf-c79e-45f3-bcad-aecfd20d16ac;418.48;0.184;UNKNOWN
2016-04-07T04:14:59.000000;2016-04-07T04:14:59.000000;8d797d41-bd3f-4633-a408-741a5988dd49;418.47;0.08;UNKNOWN
2016-04-07T04:14:59.000000;2016-04-07T04:14:59.000000;475936e5-9e8a-484b-89b1-017f40138cdd;418.47;0.05;UNKNOWN
2016-04-07T04:14:59.000000;2016-04-07T04:14:59.000000;34cad84f-f6ff-4695-8524-bccf0a80fcc9;418.47;0.13;UNKNOWN
2016-04-07T04:15:04.000000;2016-04-07T04:15:04.000000;c85c8ffd-86d2-462f-9e44-9131e9ec8d4d;418.48;0.011;UNKNOWN
2016-04-07T04:15:05.000000;2016-04-07T04:15:05.000000;1832ffdd-b387-40fe-ad70-89884af5dd4a;418.48;0.05;UNKNOWN
2016-04-07T04:15:06.000000;2016-04-07T04:15:06.000000;31ef0b49-3bc3-450e-925c-27dfda7cb3e3;418.48;1.0;UNKNOWN
2016-04-07T04:15:07.000000;2016-04-07T04:15:07.000000;32ff6ba4-d32a-455c-ab11-c5c30b152081;418.48;0.01;UNKNOWN
2016-04-07T04:15:18.000000;2016-04-07T04:15:18.000000;e5443bbf-e7fb-4f93-9d32-a1063606cef8;418.47;0.05;UNKNOWN
2016-04-07T04:15:18.000000;2016-04-07T04:15:18.000000;82ca848c-4425-4c5a-a003-fb23fb5ab3b6;418.47;0.12;UNKNOWN
2016-04-07T04:15:18.000000;2016-04-07T04:15:18.000000;002bdd45-ef45-4656-8eea-718d37688e79;418.47;0.09;UNKNOWN
2016-04-07T04:15:19.000000;2016-04-07T04:15:19.000000;b8f23a6d-d3a5-481f-9763-79787a0659eb;418.48;0.099;UNKNOWN
2016-04-07T04:15:19.000000;2016-04-07T04:15:19.000000;53edd93f-88e6-4423-99ce-f0450f4ffb9f;418.48;0.501;UNKNOWN
2016-04-07T04:15:28.000000;2016-04-07T04:15:28.000000;8ed1785d-5d1d-49a5-9b30-782662f9f3ee;418.48;1.0;UNKNOWN
2016-04-07T04:15:29.000000;2016-04-07T04:15:29.000000;877fd8dc-7a31-4d09-8d7a-c751da6f5ab2;418.47;1.3132;UNKNOWN
2016-04-07T04:15:29.000000;2016-04-07T04:15:29.000000;c9228cdf-b2ef-4cc0-af46-f5384a762799;418.47;0.2;UNKNOWN
2016-04-07T04:15:29.000000;2016-04-07T04:15:29.000000;39b0ecca-bdb8-4591-b257-fe2534144982;418.47;0.752;UNKNOWN
2016-04-07T04:15:29.000000;2016-04-07T04:15:29.000000;5f99d84a-d4c5-40cd-ba9c-bd68fa5e2979;418.47;12.5319;UNKNOWN
2016-04-07T04:15:37.000000;2016-04-07T04:15:37.000000;4577e214-3c1a-42ca-b961-10a9b27e2ed2;418.47;14.7971;UNKNOWN
2016-04-07T04:15:45.000000;2016-04-07T04:15:45.000000;7c20359d-744c-458e-a6e6-79c078787438;418.48;1.0;UNKNOWN
2016-04-07T04:15:45.000000;2016-04-07T04:15:45.000000;8e276d23-e649-433d-9b69-f158b08d3255;418.47;14.7971;UNKNOWN
2016-04-07T04:15:47.000000;2016-04-07T04:15:47.000000;c5a0c97c-0437-4c0d-b65e-2a0783c42c56;418.47;0.16531;UNKNOWN
2016-04-07T04:15:47.000000;2016-04-07T04:15:47.000000;2c1773a5-f12c-408f-a2cf-5402bfd4599b;418.47;0.2;UNKNOWN
2016-04-07T04:15:52.000000;2016-04-07T04:15:52.000000;76cfcca4-10fe-46d2-af5c-cab72d9abe98;418.48;0.01;UNKNOWN
2016-04-07T04:16:04.000000;2016-04-07T04:16:04.000000;1608cd6d-4128-4d39-9c04-9ea64cba6787;418.48;0.03577887;UNKNOWN
2016-04-07T04:16:04.000000;2016-04-07T04:16:04.000000;c3939894-463d-4b1b-b8c0-8e6ef15eda13;418.48;0.1;UNKNOWN
2016-04-07T04:16:05.000000;2016-04-07T04:16:05.000000;7759b1d3-75d1-42ef-8761-594309868ba4;418.48;0.011;UNKNOWN
2016-04-07T04:16:29.000000;2016-04-07T04:16:29.000000;3055eefd-213e-4c59-b50e-329c333e5def;418.48;1.0;UNKNOWN
2016-04-07T04:16:39.000000;2016-04-07T04:16:39.000000;eb1acf2a-6340-4e74-b713-4533f6e48ace;418.48;0.01;UNKNOWN
2016-04-07T04:16:46.000000;2016-04-07T04:16:46.000000;2de6fa5a-848a-4a1e-9653-2fa11b4ab460;418.48;0.00778376;UNKNOWN
2016-04-07T04:16:46.000000;2016-04-07T04:16:46.000000;0a040f07-adc9-4563-a114-31be045749e4;418.48;0.99221624;UNKNOWN
2016-04-07T04:16:54.000000;2016-04-07T04:16:54.000000;ffe161ef-1b79-4708-8c08-06097346cf80;418.48;0.36392;UNKNOWN
2016-04-07T04:16:59.000000;2016-04-07T04:16:59.000000;b9f79973-fb81-4a31-985e-9d1797a6e3d9;418.47;0.1428;UNKNOWN
2016-04-07T04:17:04.000000;2016-04-07T04:17:04.000000;7d2c0998-452b-4e16-8773-c8cbd6eb74c6;418.48;1.0;UNKNOWN
2016-04-07T04:17:07.000000;2016-04-07T04:17:07.000000;8f8e168c-15ec-437d-90c0-39094637892f;418.47;0.13118;UNKNOWN
2016-04-07T04:17:09.000000;2016-04-07T04:17:09.000000;6f7f41c2-d4f6-4918-bdc4-f7b460687191;418.47;0.41402;UNKNOWN
2016-04-07T04:17:09.000000;2016-04-07T04:17:09.000000;164f3bf8-db48-47ba-95e3-c3ae12e8bf6e;418.47;14.37998;UNKNOWN
2016-04-07T04:17:14.000000;2016-04-07T04:17:14.000000;93295dcd-e20b-4459-81a0-059dfde25258;418.47;0.13118;UNKNOWN
2016-04-07T04:17:18.000000;2016-04-07T04:17:18.000000;cc857526-129c-42eb-80fa-049abb69af3e;418.47;0.63282;UNKNOWN
2016-04-07T04:17:18.000000;2016-04-07T04:17:18.000000;6d7add86-f4e2-470e-9f4d-79129e8f2e46;418.43;14.16118;UNKNOWN
2016-04-07T04:17:19.000000;2016-04-07T04:17:19.000000;76ff3a4b-07fb-4a25-8c42-ef7d03218de8;418.43;0.12281;UNKNOWN
2016-04-07T04:17:23.000000;2016-04-07T04:17:23.000000;bf4990ec-1add-42cf-802c-1709e757c5e1;418.43;7.9417;UNKNOWN
2016-04-07T04:17:23.000000;2016-04-07T04:17:23.000000;59c1cbe9-3d6f-4158-bd6d-b35ce8b525e0;418.41;6.8523;UNKNOWN
2016-04-07T04:17:25.000000;2016-04-07T04:17:25.000000;55eb6096-e614-49fb-831a-82af08c0eb14;418.46;1.0;UNKNOWN
2016-04-07T04:17:28.000000;2016-04-07T04:17:28.000000;03ac7a64-08d3-4acb-800a-2cae91bb316b;418.47;0.5;UNKNOWN
2016-04-07T04:17:28.000000;2016-04-07T04:17:28.000000;1bb2a768-8b8b-42e9-9f4b-63492b018f8f;418.41;0.12281;UNKNOWN
2016-04-07T04:17:29.000000;2016-04-07T04:17:29.000000;c941b098-1ee7-4a5c-a5e5-6753a2b512f1;418.4;0.76911;UNKNOWN
2016-04-07T04:17:29.000000;2016-04-07T04:17:29.000000;4060618f-5154-49c2-a9a9-b2435312ee2a;418.41;14.02489;UNKNOWN
2016-04-07T04:17:33.000000;2016-04-07T04:17:33.000000;8169a278-a293-40f4-a8ca-73c26c24353a;418.4;0.11223;UNKNOWN
2016-04-07T04:17:34.000000;2016-04-07T04:17:34.000000;642d353b-2f8c-4d3d-b283-c812ba1a88cb;418.4;9.11866;UNKNOWN
2016-04-07T04:17:34.000000;2016-04-07T04:17:34.000000;9f9562e3-f31b-4bfb-9bf0-fea3fc8a931c;418.34;5.67534;UNKNOWN
2016-04-07T04:17:38.000000;2016-04-07T04:17:38.000000;a50d0d4d-4e1e-471b-957a-845fa3dadf2b;418.19;0.01332;UNKNOWN
2016-04-07T04:17:38.000000;2016-04-07T04:17:38.000000;1204b9c5-ed81-4c90-bfeb-481fa5cc67c7;418.19;3.5;UNKNOWN
2016-04-07T04:17:45.000000;2016-04-07T04:17:45.000000;c491c266-6a76-44c7-a518-7c89ca447f20;418.41;0.5;UNKNOWN
2016-04-07T04:17:45.000000;2016-04-07T04:17:45.000000;b2095c1f-e9e1-4bb9-afba-bb56805b1ae1;418.4;0.5;UNKNOWN
2016-04-07T04:17:48.000000;2016-04-07T04:17:48.000000;94bde873-5ad3-432d-b9ad-591b63d1c694;418.22;0.01332;UNKNOWN
2016-04-07T04:17:51.000000;2016-04-07T04:17:51.000000;45c07762-52aa-4131-bf84-f23b2798132d;418.22;8.85152;UNKNOWN
2016-04-07T04:17:51.000000;2016-04-07T04:17:51.000000;1d98c053-6fa9-42d3-9d92-5d34c2d7f73c;418.22;0.01332;UNKNOWN
2016-04-07T04:17:51.000000;2016-04-07T04:17:51.000000;85b86631-872d-46d8-8410-fdfaf4d50947;418.22;5.94248;UNKNOWN
2016-04-07T04:17:53.000000;2016-04-07T04:17:53.000000;99ad26b3-f6de-447c-8e21-38f9d1696074;418.2;3.265;UNKNOWN
2016-04-07T04:17:53.000000;2016-04-07T04:17:53.000000;08afa528-7587-412c-a93b-fbd087e25648;418.22;0.235;UNKNOWN
2016-04-07T04:17:59.000000;2016-04-07T04:17:59.000000;87ab3c6f-5e51-45aa-81b0-e6b400ca3872;418.08;0.2;UNKNOWN
2016-04-07T04:17:59.000000;2016-04-07T04:17:59.000000;f4823ecf-1b24-4193-9c48-ea65ce82d3d7;418.08;0.2;UNKNOWN
2016-04-07T04:17:59.000000;2016-04-07T04:17:59.000000;58d426a5-7c87-47a0-8d2b-885cf8ce7ce6;418.19;8.95538;UNKNOWN
2016-04-07T04:17:59.000000;2016-04-07T04:17:59.000000;590ef4bb-bd62-463f-be4b-317c999a37bb;418.04;0.42772;UNKNOWN
2016-04-07T04:18:02.000000;2016-04-07T04:18:02.000000;d7ae3b8f-a079-46d6-8540-d488b85875d0;418.18;0.01332;UNKNOWN
2016-04-07T04:18:04.000000;2016-04-07T04:18:04.000000;2c4f78ef-21f9-4c0e-8f33-81429ee3856d;418.23;0.05532526;UNKNOWN
2016-04-07T04:18:04.000000;2016-04-07T04:18:04.000000;91f76326-b4b8-4304-90ce-ce74bdb03779;418.38;0.5;UNKNOWN
2016-04-07T04:18:04.000000;2016-04-07T04:18:04.000000;f702752d-935c-40c2-aef3-fbcdc777f5d4;418.23;0.239;UNKNOWN
2016-04-07T04:18:04.000000;2016-04-07T04:18:04.000000;1049868a-43f2-466d-a1e2-600287f835ae;418.39;0.20567474;UNKNOWN
2016-04-07T04:18:07.000000;2016-04-07T04:18:07.000000;2d31d13b-c569-4047-bfe3-b93b29cc7994;418.19;0.022318;UNKNOWN
2016-04-07T04:18:07.000000;2016-04-07T04:18:07.000000;8e506444-8f10-4cf3-af38-7fb6b96b6bc7;418.2;0.01;UNKNOWN
2016-04-07T04:18:09.000000;2016-04-07T04:18:09.000000;2ecc4082-f703-4581-8be7-948e90cb6f98;418.21;0.022318;UNKNOWN
2016-04-07T04:18:10.000000;2016-04-07T04:18:10.000000;3fe60159-a588-4350-be34-3d57a9b4a27e;418.21;0.022318;UNKNOWN
2016-04-07T04:18:12.000000;2016-04-07T04:18:12.000000;a998f29c-ce3f-4894-9c16-d1f515717ac6;418.22;5.9171;UNKNOWN
2016-04-07T04:18:12.000000;2016-04-07T04:18:12.000000;037b40fd-ed6d-4838-a5dc-5320f8fdea21;418.21;8.1409;UNKNOWN
2016-04-07T04:18:12.000000;2016-04-07T04:18:12.000000;1db47a36-1ca1-4e8f-a5be-83286c741050;418.22;0.736;UNKNOWN
2016-04-07T04:18:13.000000;2016-04-07T04:18:13.000000;492b4756-772f-4417-897f-88539f2b1e50;418.19;0.237;UNKNOWN
2016-04-07T04:18:13.000000;2016-04-07T04:18:13.000000;fb45b555-03fa-4c13-8779-d84ce624565f;418.21;0.216;UNKNOWN
2016-04-07T04:18:13.000000;2016-04-07T04:18:13.000000;dba476cb-7846-44e1-b947-2a1f19f4272b;418.19;0.620682;UNKNOWN
2016-04-07T04:18:14.000000;2016-04-07T04:18:14.000000;9fa0aac7-ac0f-42a8-bf86-84e1b1af1a2d;418.19;0.238;UNKNOWN
2016-04-07T04:18:14.000000;2016-04-07T04:18:14.000000;3a0dc7c0-5b9b-4cbf-b046-9f13409c9a21;418.19;0.236;UNKNOWN
2016-04-07T04:18:15.000000;2016-04-07T04:18:15.000000;3f2482de-b036-4576-858c-52c898529b8e;418.19;0.237;UNKNOWN
2016-04-07T04:18:16.000000;2016-04-07T04:18:16.000000;70b74081-3405-4322-bef2-c13c97f1360a;418.19;0.236;UNKNOWN
2016-04-07T04:18:16.000000;2016-04-07T04:18:16.000000;86549d9c-bacd-4500-b20f-a21407b7a268;418.19;0.236;UNKNOWN
2016-04-07T04:18:17.000000;2016-04-07T04:18:17.000000;abe0c355-38c7-4bd4-a292-3134be9955f2;418.19;0.236;UNKNOWN
2016-04-07T04:18:17.000000;2016-04-07T04:18:17.000000;e39bf6ed-56ab-4e4c-8d9d-6a182cdeaf58;418.19;0.236;UNKNOWN
2016-04-07T04:18:18.000000;2016-04-07T04:18:18.000000;eeb46273-548b-419c-a3e6-e9869f7b8c3b;418.04;0.49674857;UNKNOWN
2016-04-07T04:18:18.000000;2016-04-07T04:18:18.000000;d6b19b58-13ca-479d-972d-108283510071;418.01;0.022318;UNKNOWN
2016-04-07T04:18:18.000000;2016-04-07T04:18:18.000000;7c12d15e-066b-4245-b184-6115d21b8910;418.18;13.11878;UNKNOWN
2016-04-07T04:18:18.000000;2016-04-07T04:18:18.000000;81bf115e-0cdf-4151-829c-1fd6fc9b0953;418.01;1.17847143;UNKNOWN
2016-04-07T04:18:19.000000;2016-04-07T04:18:19.000000;7c8589d2-a2e8-41ca-87b9-9326462bd414;418.01;0.022318;UNKNOWN
2016-04-07T04:18:19.000000;2016-04-07T04:18:19.000000;b5d3bdca-adf5-4db4-b806-e84d0ec3e0bc;418.19;0.76358122;UNKNOWN
2016-04-07T04:18:24.000000;2016-04-07T04:18:24.000000;38e29fdf-ed43-4e0a-94af-69f936fd68dd;418.22;0.06;UNKNOWN
2016-04-07T04:18:24.000000;2016-04-07T04:18:24.000000;aef77bb4-3044-47c1-9432-64e0a50fcda1;418.2;0.031172;UNKNOWN
2016-04-07T04:18:24.000000;2016-04-07T04:18:24.000000;d09e24a9-90da-47c8-ade1-c442ae756480;418.23;0.16097;UNKNOWN
2016-04-07T04:18:26.000000;2016-04-07T04:18:26.000000;83450445-f0ae-4413-bca0-7b3a4ec4ce0a;418.21;0.031172;UNKNOWN
2016-04-07T04:18:26.000000;2016-04-07T04:18:26.000000;eb45a973-4cf7-41b7-a98c-e0ea73bc43cd;418.21;0.031172;UNKNOWN
2016-04-07T04:18:27.000000;2016-04-07T04:18:27.000000;52566105-0a56-4558-bce9-34f77a687a4a;418.23;1.0;UNKNOWN
2016-04-07T04:18:27.000000;2016-04-07T04:18:27.000000;bf8fdcbe-3003-4bd2-b8f8-8f16c98f57c5;418.23;0.07865;UNKNOWN
2016-04-07T04:18:29.000000;2016-04-07T04:18:29.000000;4c3e5705-6dfd-412c-a30b-7a216d3ff6f7;418.22;0.239;UNKNOWN
2016-04-07T04:18:33.000000;2016-04-07T04:18:33.000000;fb5ec812-9e90-45a6-9bd2-7af3eb65cce1;418.22;0.031172;UNKNOWN
2016-04-07T04:18:34.000000;2016-04-07T04:18:34.000000;4be2495a-f3fc-46e1-9020-1fa4d2e1d626;418.22;0.031172;UNKNOWN
2016-04-07T04:18:38.000000;2016-04-07T04:18:38.000000;8fcb4946-f019-4e42-9d35-c91cc9ee1301;418.22;0.0411;UNKNOWN
2016-04-07T04:18:38.000000;2016-04-07T04:18:38.000000;d0c2f0b2-26fd-4ae4-b005-e93adc1f831e;418.22;5.653956;UNKNOWN
2016-04-07T04:18:38.000000;2016-04-07T04:18:38.000000;ed3d9e02-55c9-4145-8d60-5cc5acd17bf9;418.22;0.0411;UNKNOWN
2016-04-07T04:18:38.000000;2016-04-07T04:18:38.000000;9fb1859d-b034-4948-9728-34137784e08f;418.22;9.143144;UNKNOWN
2016-04-07T04:18:42.000000;2016-04-07T04:18:42.000000;4d4bb4c2-944c-4a72-b004-61b225d70226;418.22;5.902856;UNKNOWN
2016-04-07T04:18:42.000000;2016-04-07T04:18:42.000000;79ec7a3c-a580-40f6-9312-709b79ae7eff;418.21;8.894244;UNKNOWN
2016-04-07T04:18:44.000000;2016-04-07T04:18:44.000000;31bb16e0-62b9-4680-933b-2fba8def6177;418.21;0.0411;UNKNOWN
2016-04-07T04:18:45.000000;2016-04-07T04:18:45.000000;15093e7e-ebec-46ab-8a24-7597e036fa9e;418.21;0.0411;UNKNOWN
2016-04-07T04:18:47.000000;2016-04-07T04:18:47.000000;031e2437-e7eb-4d13-aa39-dd11edc97d7d;418.23;1.0;UNKNOWN
2016-04-07T04:18:48.000000;2016-04-07T04:18:48.000000;191c557e-95aa-4243-bdca-4fc239a0afcb;418.19;0.184;UNKNOWN
2016-04-07T04:18:48.000000;2016-04-07T04:18:48.000000;6b3594d3-6ead-4d56-8b71-33011f69fa26;418.08;4.57724122;UNKNOWN
2016-04-07T04:18:48.000000;2016-04-07T04:18:48.000000;158ea3e1-f307-406b-be84-20654b46b986;418.2;5.20524678;UNKNOWN
2016-04-07T04:18:48.000000;2016-04-07T04:18:48.000000;de69cb0c-5fae-4cbb-b245-bb4b21243b3c;418.21;4.830612;UNKNOWN
2016-04-07T04:18:50.000000;2016-04-07T04:18:50.000000;ecc3b286-ea23-49c4-94a9-9c3ce2553c35;418.08;0.018831;UNKNOWN
2016-04-07T04:18:51.000000;2016-04-07T04:18:51.000000;4566f984-7e35-4918-9fb6-8c8673e99777;418.06;0.018831;UNKNOWN
2016-04-07T04:18:54.000000;2016-04-07T04:18:54.000000;97cad862-6909-46dd-bc70-19aeb7c64c6b;418.09;11.4931606;UNKNOWN
2016-04-07T04:18:54.000000;2016-04-07T04:18:54.000000;fc43ce6f-5ab8-40fb-a1e2-c69c403f7bc6;418.21;3.3039394;UNKNOWN
2016-04-07T04:18:57.000000;2016-04-07T04:18:57.000000;ca8797e1-bbd1-434f-890a-10c0ac5e54e1;418.22;0.018831;UNKNOWN
2016-04-07T04:18:58.000000;2016-04-07T04:18:58.000000;85f1137c-cfef-42ef-8b2a-1fb83882418d;418.22;0.018831;UNKNOWN
2016-04-07T04:18:59.000000;2016-04-07T04:18:59.000000;8222c9b2-2931-48e8-a379-3ab0fc01ad07;418.22;0.06;UNKNOWN
2016-04-07T04:19:02.000000;2016-04-07T04:19:02.000000;ae47c51d-f272-449d-9d67-bc54a85b15c6;418.22;0.0166329;UNKNOWN
2016-04-07T04:19:05.000000;2016-04-07T04:19:05.000000;627173e0-d0ae-47d0-97a4-8969af4d31a9;418.23;0.02853;UNKNOWN
2016-04-07T04:19:07.000000;2016-04-07T04:19:07.000000;aee4c3a5-1a43-4898-b3b5-435376e55eda;418.23;1.0;UNKNOWN
2016-04-07T04:19:08.000000;2016-04-07T04:19:08.000000;cf048923-a139-473d-8fb4-e184c71a3d00;418.22;0.0166329;UNKNOWN
2016-04-07T04:19:19.000000;2016-04-07T04:19:19.000000;f52bb153-bf6f-47e6-837c-539341a7bcc1;418.22;0.017721;UNKNOWN
2016-04-07T04:19:22.000000;2016-04-07T04:19:22.000000;c1cf9058-c8a4-4719-868e-76a0907f3e00;418.22;0.017721;UNKNOWN
2016-04-07T04:19:22.000000;2016-04-07T04:19:22.000000;5677a84d-be32-4614-8334-b73a8dc56cb9;418.22;0.017721;UNKNOWN
2016-04-07T04:19:24.000000;2016-04-07T04:19:24.000000;e87117e3-c313-4f4b-8705-40372d6e5238;418.23;1.0;UNKNOWN
2016-04-07T04:19:25.000000;2016-04-07T04:19:25.000000;306ad49e-e0b0-4132-a87e-05309e4cabec;418.22;13.6931;UNKNOWN
2016-04-07T04:19:25.000000;2016-04-07T04:19:25.000000;9bff45cf-21b9-4ac8-8faf-1ca063579f75;418.22;0.0880908;UNKNOWN
2016-04-07T04:19:25.000000;2016-04-07T04:19:25.000000;f58129f3-6834-4ff5-9189-707d5740dab5;418.22;0.2159092;UNKNOWN
2016-04-07T04:19:25.000000;2016-04-07T04:19:25.000000;41c1f345-3ac8-44b6-997d-e55878187042;418.22;0.2;UNKNOWN
2016-04-07T04:19:25.000000;2016-04-07T04:19:25.000000;8bbc7174-6095-4324-910e-05d15e25dd27;418.22;0.2;UNKNOWN
2016-04-07T04:19:25.000000;2016-04-07T04:19:25.000000;5dac6e70-eec7-4e5f-b47f-4df6d5353ec6;418.22;0.4;UNKNOWN
2016-04-07T04:19:33.000000;2016-04-07T04:19:33.000000;3e305fd4-2382-4b25-8de1-bfc09c3a8ff8;418.21;0.017721;UNKNOWN
2016-04-07T04:19:39.000000;2016-04-07T04:19:39.000000;32bd4784-ac27-44a5-9087-df9acf8fa239;418.21;0.032203;UNKNOWN
2016-04-07T04:19:45.000000;2016-04-07T04:19:45.000000;a1183f91-fb27-4ace-89bc-b6c39b035a64;418.23;1.0;UNKNOWN
2016-04-07T04:19:52.000000;2016-04-07T04:19:52.000000;01a80b0b-5fe2-4041-91f1-646f30382121;418.21;0.032203;UNKNOWN
2016-04-07T04:19:57.000000;2016-04-07T04:19:57.000000;79da8056-0283-4e7b-a8a4-82443c1dbbe6;418.21;0.066283;UNKNOWN
2016-04-07T04:19:58.000000;2016-04-07T04:19:58.000000;93f38555-0e23-4ac6-b660-41604fdb9d67;418.23;4.67027835;UNKNOWN
2016-04-07T04:19:58.000000;2016-04-07T04:19:58.000000;83cd16a9-a072-433b-bd82-b5ef90a43a45;418.23;2.67027835;UNKNOWN
2016-04-07T04:19:58.000000;2016-04-07T04:19:58.000000;e5c0b878-7efd-4967-8e05-f9ed43614672;418.23;4.66809822;UNKNOWN
2016-04-07T04:19:58.000000;2016-04-07T04:19:58.000000;420f3d65-0eb7-4642-8026-9877c787a58d;418.23;4.66809822;UNKNOWN
2016-04-07T04:19:58.000000;2016-04-07T04:19:58.000000;7e42cbab-137b-4897-b6d5-0e7b489c4804;418.25;3.32324686;UNKNOWN
2016-04-07T04:19:59.000000;2016-04-07T04:19:59.000000;2ba50982-2ab6-4577-b6ef-af540deffe9c;418.21;0.066283;UNKNOWN
2016-04-07T04:19:59.000000;2016-04-07T04:19:59.000000;4ddbf770-1b36-4d3f-ac0b-bf530883eecf;418.21;0.066283;UNKNOWN
2016-04-07T04:20:04.000000;2016-04-07T04:20:04.000000;a9928b13-35ba-440c-b220-086dca3fbb9e;418.25;1.0;UNKNOWN
2016-04-07T04:20:04.000000;2016-04-07T04:20:04.000000;def5d1e8-8aca-4937-a4a0-be868246f6f7;418.23;0.0188234;UNKNOWN
2016-04-07T04:20:10.000000;2016-04-07T04:20:10.000000;57fb0ea4-1de5-42f1-aa16-28cec107c5a1;418.25;0.01;UNKNOWN
2016-04-07T04:20:10.000000;2016-04-07T04:20:10.000000;60c2b596-bf0a-4b9d-bfc0-01087a244009;418.23;4.6641791;UNKNOWN
2016-04-07T04:20:11.000000;2016-04-07T04:20:11.000000;a499c6eb-4541-4b9b-ade9-08f2f60fb564;418.23;0.0188234;UNKNOWN
2016-04-07T04:20:11.000000;2016-04-07T04:20:11.000000;182029a7-2e34-4308-a0a3-e893c21b2d89;418.23;0.0188234;UNKNOWN
2016-04-07T04:20:18.000000;2016-04-07T04:20:18.000000;353cbce9-4851-46cf-b02b-08cab9e8df6f;418.25;0.0119921;UNKNOWN
2016-04-07T04:20:18.000000;2016-04-07T04:20:18.000000;f744b563-8c29-406b-ae62-d897b3569dee;418.25;0.0119921;UNKNOWN
2016-04-07T04:20:19.000000;2016-04-07T04:20:19.000000;3afd98a3-cb43-4c0e-b2b0-83c3c472521c;418.25;0.01087555;UNKNOWN
2016-04-07T04:20:21.000000;2016-04-07T04:20:21.000000;9b9f5ddb-161a-422c-b549-f249d2826cac;418.26;0.239;UNKNOWN
2016-04-07T04:20:28.000000;2016-04-07T04:20:28.000000;f1d101e2-97f2-4925-9f5f-28d0719b75aa;418.37;0.94;UNKNOWN
2016-04-07T04:20:28.000000;2016-04-07T04:20:28.000000;5f7afa89-2896-4b59-bee0-9fa756154a85;418.28;0.06;UNKNOWN
2016-04-07T04:20:29.000000;2016-04-07T04:20:29.000000;d139194a-9401-4bde-b24b-e0b6446ce415;418.27;0.0119921;UNKNOWN
2016-04-07T04:20:39.000000;2016-04-07T04:20:39.000000;7b7717d8-398c-427c-8f12-6b31e5c1d113;418.37;3.72341782;UNKNOWN
2016-04-07T04:20:39.000000;2016-04-07T04:20:39.000000;a8cd25d0-abcf-43bf-9f32-d942cba1d17d;418.36;0.298;UNKNOWN
2016-04-07T04:20:39.000000;2016-04-07T04:20:39.000000;1bdbc111-0673-4625-bc1a-089a13cda6c8;418.41;4.66341782;UNKNOWN
2016-04-07T04:20:39.000000;2016-04-07T04:20:39.000000;06e24139-4ef1-40e5-92b3-f80cbaeb7f35;418.46;4.66341782;UNKNOWN
2016-04-07T04:20:39.000000;2016-04-07T04:20:39.000000;77679039-c7c8-42fe-8e92-a157f45dfade;418.5;2.92729549;UNKNOWN
2016-04-07T04:20:39.000000;2016-04-07T04:20:39.000000;c2ab5f28-d798-44c1-a763-84244dbb69bf;418.49;9.06;UNKNOWN
2016-04-07T04:20:39.000000;2016-04-07T04:20:39.000000;a1d7b566-511e-4414-a3bd-dff7078823b1;418.45;4.66445105;UNKNOWN
2016-04-07T04:20:41.000000;2016-04-07T04:20:41.000000;7156caa1-d6bc-4378-a030-24e41246f1cb;418.37;13.9853;UNKNOWN
2016-04-07T04:20:41.000000;2016-04-07T04:20:41.000000;4c1542a0-5869-4bc7-9325-fefc61a69882;418.35;0.4;UNKNOWN
2016-04-07T04:20:41.000000;2016-04-07T04:20:41.000000;2071cf55-71b2-4bcb-8af6-26502293a527;418.35;0.1801;UNKNOWN
2016-04-07T04:20:41.000000;2016-04-07T04:20:41.000000;2fa401fe-7178-4fc1-b4e0-73fe92fc8d16;418.35;0.224;UNKNOWN
2016-04-07T04:20:44.000000;2016-04-07T04:20:44.000000;a0791bce-fc32-4a8a-8365-dfbdd4cc544f;418.35;0.033283;UNKNOWN
2016-04-07T04:20:45.000000;2016-04-07T04:20:45.000000;359e2135-f74e-408c-9e26-db1d1e61e918;418.58;1.76387767;UNKNOWN
2016-04-07T04:20:45.000000;2016-04-07T04:20:45.000000;2b55d814-150d-4844-b42f-65fbcbf0e112;418.5;1.0;UNKNOWN
2016-04-07T04:20:45.000000;2016-04-07T04:20:45.000000;0c2c311c-21cd-401c-8f04-7c3a6170dd99;418.35;0.033283;UNKNOWN
2016-04-07T04:20:45.000000;2016-04-07T04:20:45.000000;26d11ea7-3337-410f-a2b4-3f88b0ff2e52;418.5;0.73612233;UNKNOWN
2016-04-07T04:21:00.000000;2016-04-07T04:21:00.000000;1eb9cad4-8113-46b6-9691-c1bd33167051;418.44;0.5;UNKNOWN
2016-04-07T04:21:00.000000;2016-04-07T04:21:00.000000;8fe9c4ac-52ef-4eb3-9978-a66c8473f156;418.44;0.222;UNKNOWN
2016-04-07T04:21:00.000000;2016-04-07T04:21:00.000000;8ff1661d-ec9f-4d75-acc6-438446737a9c;418.44;5.8996;UNKNOWN
2016-04-07T04:21:00.000000;2016-04-07T04:21:00.000000;7447a160-313e-47bd-8f69-adfa1694eeb7;418.44;8.1678;UNKNOWN
2016-04-07T04:21:02.000000;2016-04-07T04:21:02.000000;8506a227-4021-443d-bc5e-09ae520befda;418.54;0.77740862;UNKNOWN
2016-04-07T04:21:02.000000;2016-04-07T04:21:02.000000;6ee233b5-33e1-43be-a0ea-f9c1d648c85d;418.54;0.82715273;UNKNOWN
2016-04-07T04:21:03.000000;2016-04-07T04:21:03.000000;3afc205e-69af-4ba2-bab6-c53d854364c1;418.54;0.07327756;UNKNOWN
2016-04-07T04:21:03.000000;2016-04-07T04:21:03.000000;fcadd97c-8d9b-4fe0-b357-46cec2f73288;418.54;0.38228478;UNKNOWN
2016-04-07T04:21:06.000000;2016-04-07T04:21:06.000000;c729d6d7-6c32-4f65-93cf-9cceab06127a;418.27;1.76100541;UNKNOWN
2016-04-07T04:21:06.000000;2016-04-07T04:21:06.000000;2921037f-b0cd-4e3d-bfa9-2f0243444ca8;418.42;0.224;UNKNOWN
2016-04-07T04:21:06.000000;2016-04-07T04:21:06.000000;76c62a90-6e98-46f2-b330-225ce1df2ff6;418.27;4.00226897;UNKNOWN
2016-04-07T04:21:06.000000;2016-04-07T04:21:06.000000;66d700b1-5566-4c5d-abf5-57643c3282bf;418.35;0.032717;UNKNOWN
2016-04-07T04:21:06.000000;2016-04-07T04:21:06.000000;1ecbfb48-4522-498c-a323-0d4203f5c9e4;418.46;0.77740862;UNKNOWN
2016-04-07T04:21:06.000000;2016-04-07T04:21:06.000000;3535a6aa-14d0-453f-8e4b-ecd498f6f280;418.36;0.04;UNKNOWN
2016-04-07T04:21:06.000000;2016-04-07T04:21:06.000000;74ce496c-3725-41aa-960a-0e8a4f43d5c9;418.44;7.9417;UNKNOWN
2016-04-07T04:21:06.000000;2016-04-07T04:21:06.000000;d06e11fb-ffd2-4689-8ad1-8867bd9d6bd1;418.5;0.0103;UNKNOWN
2016-04-07T04:21:07.000000;2016-04-07T04:21:07.000000;05a2fc2f-03bb-4824-a7a5-ff4a9360b32e;418.43;0.033283;UNKNOWN
2016-04-07T04:21:12.000000;2016-04-07T04:21:12.000000;3b1bd8fc-8fcc-4696-9bb4-b0ea2efa3277;418.53;1.0;UNKNOWN
2016-04-07T04:21:13.000000;2016-04-07T04:21:13.000000;7d53f823-1423-44fb-b765-e65fea4a3a33;418.49;0.016621;UNKNOWN
2016-04-07T04:21:15.000000;2016-04-07T04:21:15.000000;c720196e-37cd-4e08-87f8-98c6e765317a;418.49;0.016621;UNKNOWN
2016-04-07T04:21:16.000000;2016-04-07T04:21:16.000000;c7959508-441a-4b43-b512-f043d9711fdf;418.49;0.006758;UNKNOWN
2016-04-07T04:21:16.000000;2016-04-07T04:21:16.000000;207765ae-090d-474e-8d54-2c2d930035c5;418.34;0.009863;UNKNOWN
2016-04-07T04:21:27.000000;2016-04-07T04:21:27.000000;4164514e-d4ee-4a75-a0d1-19bb3f6a0a46;418.69;1.0;UNKNOWN
2016-04-07T04:21:32.000000;2016-04-07T04:21:32.000000;eefb4bd2-0686-4ff1-aaf4-6327a05ad86c;418.68;0.04;UNKNOWN
2016-04-07T04:21:35.000000;2016-04-07T04:21:35.000000;3620271b-4af9-4a65-8d18-bc0b903320d6;418.44;0.4;UNKNOWN
2016-04-07T04:21:36.000000;2016-04-07T04:21:36.000000;0a30f7ab-22f2-43c4-8c78-48fcf41f2d61;418.44;0.016621;UNKNOWN
2016-04-07T04:21:37.000000;2016-04-07T04:21:37.000000;7e7fa84c-536e-4ce1-a8d6-50ce0681163d;418.45;0.016621;UNKNOWN
2016-04-07T04:21:42.000000;2016-04-07T04:21:42.000000;5bf6a65a-3802-471e-be0b-a7977455bdd5;418.45;0.011423;UNKNOWN
2016-04-07T04:21:43.000000;2016-04-07T04:21:43.000000;c590b207-2ef6-4a29-a31a-016d04809164;418.45;0.011423;UNKNOWN
2016-04-07T04:21:48.000000;2016-04-07T04:21:48.000000;3e0cd682-b534-490b-9548-92b4c21cfa77;418.68;1.0;UNKNOWN
