time_exchange;time_coinpai;guid;price;base_amount;taker_side
2016-04-19T00:12:59.000000;2016-04-19T00:12:59.386824;616e7607-4c0a-400f-90d7-a094111269b1;9.053;3.040673;SELL
2016-04-19T00:12:59.000000;2016-04-19T00:12:59.386824;b7787fea-9a88-44a6-92d1-ab979e264f93;9.053;3.040673;SELL
2016-04-19T00:39:26.000000;2016-04-19T00:39:26.654140;30034b9b-b3fb-429d-b52f-a1359e0cc7d9;9.046;2.01148824;SELL
2016-04-19T00:42:53.000000;2016-04-19T00:42:53.782869;1c234bdd-3266-4ddb-a7bf-bd0598567a4a;9.0549;1.0;BUY
2016-04-19T00:42:53.000000;2016-04-19T00:42:53.803859;4f1db26b-b7c7-4591-986f-24f06b5b7fc7;9.0549;0.07409391;BUY
2016-04-19T00:48:51.000000;2016-04-19T00:48:51.866700;7614bc80-3636-4c64-9b71-00d27206f699;9.04;1.27;SELL
2016-04-19T01:00:11.000000;2016-04-19T01:00:11.401790;2cc2f3fa-305a-4e76-b388-6c2314a7ea1e;9.04;8.455828;SELL
2016-04-19T01:00:16.000000;2016-04-19T01:00:16.276293;46e11fa0-c702-4e6d-9c87-c1953eab9279;9.04;8.455828;SELL
2016-04-19T01:02:07.000000;2016-04-19T01:02:07.880443;082319c1-65e7-4df7-b438-de29ec9f704c;9.04;1.818344;SELL
2016-04-19T01:02:15.000000;2016-04-19T01:02:15.777232;33c844ab-6579-41d2-8388-9bce3125720e;9.036;1.27;SELL
2016-04-19T01:02:31.000000;2016-04-19T01:02:31.806829;13b1249e-b15a-48c4-936c-aa1cd80a4712;9.034;0.94150473;SELL
2016-04-19T01:04:47.000000;2016-04-19T01:04:47.874427;dc829a1b-6c21-423f-9f4f-79840373565d;9.034;5.98842714;SELL
2016-04-19T01:08:22.000000;2016-04-19T01:08:22.885487;d6f1ed35-5111-4b3b-a298-be2b9189addd;9.04;2.98840616;SELL
2016-04-19T01:08:31.000000;2016-04-19T01:08:31.543295;2146158e-b924-418c-8b65-4a9f8a397d11;9.04;8.455828;SELL
2016-04-19T01:11:09.000000;2016-04-19T01:11:09.198036;52ccc63e-efd9-4818-b409-f248795c374b;9.04;7.34896521;SELL
2016-04-19T01:13:01.000000;2016-04-19T01:13:01.484288;8762aa3f-4ccc-4252-9862-d3993435fc1e;9.04;1.20680063;SELL
2016-04-19T01:13:01.000000;2016-04-19T01:13:01.502282;680fba2f-7f1e-42aa-a636-df85aa675b87;9.04;2.19063385;SELL
2016-04-19T01:21:06.000000;2016-04-19T01:21:06.090739;492e02ae-9ad9-4f97-a00c-ff909a4c9b85;9.04;0.35899766;SELL
2016-04-19T01:21:51.000000;2016-04-19T01:21:51.598268;7ba2deb5-d7e3-4a3e-b72f-cff364196d15;9.04;1.49659481;SELL
2016-04-19T01:21:52.000000;2016-04-19T01:21:52.086330;17dbdc7b-9e78-4859-a163-1fc218ae3284;9.04;1.49659481;SELL
2016-04-19T01:21:53.000000;2016-04-19T01:21:53.078425;fc460c61-46ac-4823-92dd-62d91039e106;9.04;1.49659481;SELL
2016-04-19T01:21:54.000000;2016-04-19T01:21:54.906603;ecd24864-61d6-4ab9-841a-152a6b9174ab;9.04;1.49659481;SELL
2016-04-19T01:27:32.000000;2016-04-19T01:27:32.866246;a74a2f8d-b563-4967-ac4a-2a0e45d990da;9.04;10.71;SELL
2016-04-19T01:29:03.000000;2016-04-19T01:29:03.550281;14ab8b8c-dbae-4d29-acc8-4afef409dc3d;9.04;0.75398925;SELL
2016-04-19T01:29:03.000000;2016-04-19T01:29:03.566274;adc641f5-7ee2-4a72-b749-96647da4ce63;9.04;19.99601075;SELL
2016-04-19T01:29:04.000000;2016-04-19T01:29:04.398373;04dbfef9-76a2-49da-a864-54d27a7ed0ef;9.04;0.00398925;SELL
2016-04-19T01:33:20.000000;2016-04-19T01:33:20.196329;7102b462-af93-4d69-85cd-fff73cb38fd3;9.04;20.0;SELL
2016-04-19T01:34:48.000000;2016-04-19T01:34:48.710810;9f43f2b4-1e83-4d90-b9f5-6f37a9ef3c61;9.04;20.0;SELL
2016-04-19T01:37:33.000000;2016-04-19T01:37:33.407272;f8504129-f85a-41bd-908d-1bce70523437;9.04;20.0;SELL
2016-04-19T01:39:48.000000;2016-04-19T01:39:48.659462;bce4d905-ec31-482a-8a50-a5697e6efd52;9.0332;0.56203375;SELL
2016-04-19T01:39:59.000000;2016-04-19T01:39:59.557587;7a1f6d96-595d-4f1a-ad45-02df55ff9bfe;9.0332;0.76834509;SELL
2016-04-19T01:43:18.000000;2016-04-19T01:43:18.840481;d803767b-f69e-48d4-9da3-e607bee7698a;9.0332;7.12883285;SELL
2016-04-19T01:43:18.000000;2016-04-19T01:43:18.842519;f5ecfa16-fa0e-451d-b1a9-e4fd6886ceb1;9.0332;8.45921169;SELL
2016-04-19T01:43:18.000000;2016-04-19T01:43:18.843473;8865a82d-437b-4fbf-a9b2-5c6115eed3b5;9.0331;8.45921169;SELL
2016-04-19T01:43:18.000000;2016-04-19T01:43:18.844472;6834b446-56d4-4f75-a74a-dd119d8d7839;9.0331;8.45921169;SELL
2016-04-19T01:43:27.000000;2016-04-19T01:43:27.939382;ccb5349d-f761-4ec3-952c-728b3965e45b;9.0322;0.9;SELL
2016-04-19T01:44:57.000000;2016-04-19T01:44:57.931379;aa253686-e71a-4f6d-8713-d0da48db568e;9.0322;7.55921169;SELL
2016-04-19T01:46:45.000000;2016-04-19T01:46:45.178092;a45383ff-2097-4273-8479-63fae347c754;9.03;8.455828;SELL
2016-04-19T01:46:46.000000;2016-04-19T01:46:46.640262;14af568c-7662-4fbd-888a-d5670d30a63d;9.03;8.455828;SELL
2016-04-19T01:47:08.000000;2016-04-19T01:47:08.148425;8f0a0e48-c316-4d79-aa80-9a60d2d1b060;9.03;3.088344;SELL
2016-04-19T01:47:22.000000;2016-04-19T01:47:22.948898;95232bf2-6d59-408d-91f1-66f13f4e3a46;9.028;8.455828;SELL
2016-04-19T01:47:24.000000;2016-04-19T01:47:24.077012;68452446-f957-48f7-8dd0-18e2096085bd;9.028;5.254172;SELL
2016-04-19T01:47:24.000000;2016-04-19T01:47:24.098001;bd251d7b-6a41-4068-8090-f958859b0766;9.0279;0.76264022;SELL
2016-04-19T01:47:24.000000;2016-04-19T01:47:24.106012;5c651815-33cc-4201-901e-5e7592513a04;9.0269;0.71241775;SELL
2016-04-19T02:00:34.000000;2016-04-19T02:00:34.981146;695f0808-2dc5-4be1-974d-4cdb08100b82;9.02;20.0;SELL
2016-04-19T02:02:21.000000;2016-04-19T02:02:21.130788;524b8f26-6ef3-4952-924d-019a0b38c86b;9.0;8.21;SELL
2016-04-19T02:02:22.000000;2016-04-19T02:02:22.306869;53bf197c-5f23-4875-a506-121c0d79e1f8;9.0;11.79;SELL
2016-04-19T02:02:22.000000;2016-04-19T02:02:22.309869;fd45b601-adc0-4e3f-adf2-0c54378ffabf;9.0;4.91;SELL
2016-04-19T02:02:23.000000;2016-04-19T02:02:23.662013;85f2699a-0d88-42ed-bd31-0a703654c1dc;9.0;4.12;SELL
2016-04-19T02:02:24.000000;2016-04-19T02:02:24.633144;2b7c391f-f68f-4ecf-81ca-6c91b3dbf4d7;9.0;10.97;SELL
2016-04-19T02:16:10.000000;2016-04-19T02:16:10.856809;07e76852-db5d-4419-9420-a3bbb2e97aa5;8.981;7.1;SELL
2016-04-19T02:51:35.000000;2016-04-19T02:51:35.491829;b7a5de8d-8c38-435a-8d09-bc1d8bc0bbd7;9.03;3.09;BUY
2016-04-19T02:52:04.000000;2016-04-19T02:52:04.959782;e439b840-f1a4-4392-98a8-e1831025fc6c;9.032;0.00078831;BUY
2016-04-19T02:52:04.000000;2016-04-19T02:52:04.962781;e7d78970-1c3e-403f-83ad-2320753e012e;9.033;0.00353208;BUY
2016-04-19T02:52:04.000000;2016-04-19T02:52:04.967791;d305c151-41cd-4413-b4f4-406ed7aa70a1;9.033;0.4960478;BUY
2016-04-19T02:52:07.000000;2016-04-19T02:52:07.548087;f74ce8c5-4f97-47c7-87bf-e3bbbd7cacee;9.033;0.51088682;BUY
2016-04-19T02:52:10.000000;2016-04-19T02:52:10.735370;d03dcda1-9fcc-4145-b4c3-54285d952772;9.033;1.49152176;BUY
2016-04-19T02:52:13.000000;2016-04-19T02:52:13.558637;f14e9487-78a7-4f45-b723-97f39fbd56dd;9.033;0.8218038;BUY
2016-04-19T02:52:15.000000;2016-04-19T02:52:15.906887;82a713f6-98ef-4be8-ae89-0e84c3b7edca;9.033;0.91143248;BUY
2016-04-19T02:52:18.000000;2016-04-19T02:52:18.120102;12d2423b-13a4-4bfc-acb1-dc49a5794278;9.033;1.11156448;BUY
2016-04-19T02:52:21.000000;2016-04-19T02:52:21.223415;d7a7fce0-7a25-43c4-a611-dbb8fd7dfceb;9.033;0.80112756;BUY
2016-04-19T02:52:24.000000;2016-04-19T02:52:24.207709;01d4364d-45d8-42ba-a789-24778015df69;9.033;0.51065677;BUY
2016-04-19T02:52:27.000000;2016-04-19T02:52:27.090989;be2ba244-1e79-41cb-ae0b-94d27a0dd415;9.033;0.62566564;BUY
2016-04-19T02:52:31.000000;2016-04-19T02:52:31.936510;35244824-5901-46cc-8264-02d111091274;9.033;0.5706388;BUY
2016-04-19T02:52:34.000000;2016-04-19T02:52:34.714757;02e7f659-bda8-4439-a4be-6449e5e732f5;9.033;0.80089657;BUY
2016-04-19T02:52:37.000000;2016-04-19T02:52:38.007081;2f7beec6-b838-4160-8223-3dd2aa15d58f;9.033;1.26644768;BUY
2016-04-19T02:52:40.000000;2016-04-19T02:52:40.941380;03e2a36a-d821-4163-8be6-697150d0497a;9.033;1.19107142;BUY
2016-04-19T02:52:43.000000;2016-04-19T02:52:43.240620;b28a2e1a-f9a7-430e-a2f3-66bf7b31b608;9.033;0.85055767;BUY
2016-04-19T02:52:45.000000;2016-04-19T02:52:45.576866;4fca4788-a966-4520-a7dc-9738cb938f9e;9.033;0.54037829;BUY
2016-04-19T02:52:48.000000;2016-04-19T02:52:48.558147;dd5d9be6-fa88-4d7b-b7ae-7a0bd06dc838;9.033;2.48605123;BUY
2016-04-19T03:02:44.000000;2016-04-19T03:02:45.015787;5e27f3e4-001a-4cd2-9593-130f356aa586;9.031;3.09;BUY
2016-04-19T03:15:40.000000;2016-04-19T03:15:40.140792;9f027bcc-fc01-47b6-8721-dd6e27601dc7;9.033;7.98797595;BUY
2016-04-19T03:15:41.000000;2016-04-19T03:15:41.381919;0c42c71c-e561-4c0a-af6c-8b20f5b7c1c9;9.033;1.52144178;BUY
2016-04-19T03:16:05.000000;2016-04-19T03:16:05.625383;6411fdea-7e56-44bf-ad9b-29aa00d11c10;9.033;8.01;BUY
2016-04-19T03:16:06.000000;2016-04-19T03:16:06.772469;c743a9a9-fa7f-4f0f-b543-ef9761eec7dd;9.033;0.0038335;BUY
2016-04-19T03:16:09.000000;2016-04-19T03:16:09.081687;002b8508-229b-43b3-a148-8e8d5db25dc3;9.034;8.455828;SELL
2016-04-19T03:16:09.000000;2016-04-19T03:16:09.097687;64cbb820-7b23-4b3a-8b55-1ac2362dc1c5;9.034;7.9073981;SELL
2016-04-19T03:16:09.000000;2016-04-19T03:16:09.140688;ad457da8-3770-4a99-8f40-98ae262626f0;9.034;8.455828;SELL
2016-04-19T03:18:58.000000;2016-04-19T03:18:58.960711;bee3740c-e3bf-4636-9594-9e60180a7e34;9.0559;2.99699399;BUY
2016-04-19T03:19:06.000000;2016-04-19T03:19:06.249437;26cd349b-2f92-45dc-a9b8-5e46af2bfba9;9.0559;3.01202405;BUY
2016-04-19T03:19:10.000000;2016-04-19T03:19:10.365807;67c34f75-0cf3-46e0-a915-20a88160bf61;9.0559;2.44680996;BUY
2016-04-19T03:19:10.000000;2016-04-19T03:19:10.379806;01a5d0a5-7f0e-475e-babe-45aefa3a5e49;9.0568;4.10729826;BUY
2016-04-19T03:19:11.000000;2016-04-19T03:19:11.693946;c37ec907-62ff-4d13-8f2c-c8d23aedc68c;9.0568;4.34852974;BUY
2016-04-19T03:19:11.000000;2016-04-19T03:19:11.701981;732acfab-24cb-4c3d-89cb-14e1d2f2600e;9.0568;2.20557848;BUY
2016-04-19T03:19:15.000000;2016-04-19T03:19:16.006378;e9258279-5738-43fd-96e1-f38cdbf9052e;9.0568;6.25024952;BUY
2016-04-19T03:19:31.000000;2016-04-19T03:19:31.718953;784bfa0f-52fa-4676-8e66-48bf153cd525;9.0852;0.5;BUY
2016-04-19T03:21:44.000000;2016-04-19T03:21:44.490231;1ad8484b-ad74-43d1-840b-86c5fefbe8d1;9.0852;2.3;BUY
2016-04-19T03:21:53.000000;2016-04-19T03:21:53.514140;b93791a5-5ac6-408a-8db6-593209eb68c6;9.0852;0.19409582;BUY
2016-04-19T03:23:59.000000;2016-04-19T03:23:59.931158;babddb71-c299-4c62-b067-c3406e963866;9.09;0.4;BUY
2016-04-19T03:24:04.000000;2016-04-19T03:24:04.943630;f707192e-17f0-4447-9ed5-1f87dcd5ca82;9.1;100.0;BUY
2016-04-19T03:24:28.000000;2016-04-19T03:24:28.377979;6197b13f-8ef4-4473-a014-02ed02a7c801;9.1085;3.46775242;BUY
2016-04-19T03:24:28.000000;2016-04-19T03:24:28.390973;54e993b2-8796-4da2-ac3b-d326074207ee;9.1089;0.00224758;BUY
2016-04-19T03:24:34.000000;2016-04-19T03:24:34.050552;c2e52367-74ce-4eb1-b7f0-5742da941340;9.1089;5.4594846;BUY
2016-04-19T03:24:37.000000;2016-04-19T03:24:37.927935;5e254a76-5f80-4bb1-81ed-82e04d1bf5e6;9.11;10.0;BUY
2016-04-19T03:25:09.000000;2016-04-19T03:25:09.871141;d1f3b426-8e23-4559-8423-de10021ff237;9.12;1.00180739;BUY
2016-04-19T03:25:12.000000;2016-04-19T03:25:12.192359;66001795-fe50-4eba-b6e9-4dd419fc01b5;9.12;3.30861463;BUY
2016-04-19T03:25:14.000000;2016-04-19T03:25:14.551632;d88827d4-a9b2-47cb-a88a-2b62c2468771;9.12;0.68957798;BUY
2016-04-19T03:28:03.000000;2016-04-19T03:28:03.954569;0ca2bee9-41bb-4f8c-bcd6-fa247eb60002;9.13;5.0;BUY
2016-04-19T03:28:03.000000;2016-04-19T03:28:03.974540;07a1899e-f42d-4166-a678-7bf4cfad6fb3;9.13;0.50444188;BUY
2016-04-19T03:28:08.000000;2016-04-19T03:28:08.279984;89c8cdf1-7f8b-4165-8863-dbd3c26a6ab8;9.13;4.49555812;BUY
2016-04-19T03:30:22.000000;2016-04-19T03:30:22.610399;0a6d8c3f-0cf7-4282-8350-3be452c699ca;9.13;10.0;BUY
2016-04-19T03:30:37.000000;2016-04-19T03:30:37.438879;42208ba7-d16b-4fc1-a11b-deda5a512c16;9.1409;64.3972;BUY
2016-04-19T03:30:58.000000;2016-04-19T03:30:58.351012;15dec610-a16e-4919-87a3-053f58b345e1;9.15;10.0;BUY
2016-04-19T03:31:07.000000;2016-04-19T03:31:07.951948;51693646-6537-43eb-bd8b-df829ed17318;9.16;10.0;BUY
2016-04-19T03:31:07.000000;2016-04-19T03:31:07.961984;7b96e6f0-10eb-443a-ad7c-28f02fba459b;9.1758;1.39165839;BUY
2016-04-19T03:31:07.000000;2016-04-19T03:31:07.963969;14a5e4b8-053d-4027-b826-8c76284f7d53;9.179;32.0;BUY
2016-04-19T03:31:19.000000;2016-04-19T03:31:19.144062;987c1475-73d3-4c55-913f-25cce8f13fec;9.18;7.9;SELL
2016-04-19T03:31:28.000000;2016-04-19T03:31:28.938031;e15a0958-2cda-4ab1-a3a6-eb117c511ce9;9.1803;1.5;BUY
2016-04-19T03:31:38.000000;2016-04-19T03:31:38.382970;da9cbc94-84ae-4608-9b93-3dd750f1a432;9.1803;2.9;BUY
2016-04-19T03:31:43.000000;2016-04-19T03:31:43.471497;b14d0c07-2e7b-4e31-baec-2b6071c305c5;9.18;4.33834161;SELL
2016-04-19T03:31:43.000000;2016-04-19T03:31:43.484493;948c9a02-eaf2-4d59-bdc0-91d6cef85d80;9.18;12.24;SELL
2016-04-19T03:31:43.000000;2016-04-19T03:31:43.487496;fef64b17-3fc2-4866-8b84-491ebc59541c;9.18;12.24;SELL
2016-04-19T03:31:43.000000;2016-04-19T03:31:43.493497;f384be23-3460-4fba-8165-46692a85a8d7;9.18;1.18165839;SELL
2016-04-19T03:31:43.000000;2016-04-19T03:31:43.718558;c6b61ff4-0473-4ab9-b2a0-77b9bb2a2f9f;9.18;9.55834161;SELL
2016-04-19T03:31:43.000000;2016-04-19T03:31:43.726552;a1a5b6f4-49c6-42b8-91a1-16fce2d6d19c;9.18;7.84;SELL
2016-04-19T03:31:43.000000;2016-04-19T03:31:43.735563;84daf536-29f1-45a6-9519-1662325b25b2;9.1793;12.60165839;SELL
2016-04-19T03:31:51.000000;2016-04-19T03:31:51.688343;d84c7225-f0c2-4fda-b152-1b279012a057;9.1803;7.836;BUY
2016-04-19T03:31:51.000000;2016-04-19T03:31:51.694351;9fdd7190-f30e-4932-bfe0-68908b7b5dfb;9.19;10.0;BUY
2016-04-19T03:32:09.000000;2016-04-19T03:32:09.681110;7e9d4942-a75f-4cad-97e6-4bfc929a6355;9.168;10.0;SELL
2016-04-19T03:32:22.000000;2016-04-19T03:32:22.069350;c3b8b8d6-4faa-476f-a8bb-eb707bae75ba;9.2;7.84;BUY
2016-04-19T03:32:22.000000;2016-04-19T03:32:22.740417;3afce51c-551a-467f-8089-e99edec8c81d;9.2;6.93;BUY
2016-04-19T03:32:23.000000;2016-04-19T03:32:23.876557;91e494ef-cd91-4d2e-9880-1e6b4816c6f4;9.2;20.54304424;BUY
2016-04-19T03:32:23.000000;2016-04-19T03:32:23.886540;39faf900-cdc5-4ac5-a382-58628d946f39;9.2;0.2;BUY
2016-04-19T03:32:23.000000;2016-04-19T03:32:23.888552;94a06370-0362-4c10-a84a-0684d1fdd42a;9.2;10.0;BUY
2016-04-19T03:33:17.000000;2016-04-19T03:33:17.576894;3873dac7-69fc-4370-b7da-f3e813a67ecd;9.209;4.4;BUY
2016-04-19T03:33:17.000000;2016-04-19T03:33:17.598924;3fde3f33-57bd-4175-8fce-d0fa1bed08ac;9.21;10.0;BUY
2016-04-19T03:33:17.000000;2016-04-19T03:33:17.601933;765371d8-a231-4635-bbb9-e0eb69a7c216;9.2456;2.980003;BUY
2016-04-19T03:33:17.000000;2016-04-19T03:33:17.602907;00964928-3d4c-4c66-88b2-954d89b21ab0;9.2567;2.619997;BUY
2016-04-19T03:33:32.000000;2016-04-19T03:33:32.552426;0c0a2f4e-6838-4177-8167-aa29686c8dbd;9.21;10.0;BUY
2016-04-19T03:33:32.000000;2016-04-19T03:33:32.558427;77ae9359-21d7-4a41-a190-5b824395eeca;9.2567;1.177003;BUY
2016-04-19T03:33:32.000000;2016-04-19T03:33:32.584399;aa555d09-17fa-4668-ba98-77024df19141;9.3;2.4975;BUY
2016-04-19T03:33:32.000000;2016-04-19T03:33:32.592410;698a99fa-c389-4d70-870c-a20aedd7cc6c;9.3;0.2;BUY
2016-04-19T03:33:32.000000;2016-04-19T03:33:32.594414;ea983653-a8e6-4e01-bc72-d1a873767258;9.379;11.125497;BUY
2016-04-19T03:33:41.000000;2016-04-19T03:33:41.781311;15053c16-2323-4e5a-a03b-1473a2025e04;9.3789;0.56492514;BUY
2016-04-19T03:33:41.000000;2016-04-19T03:33:41.797333;a24ca5d1-079d-40a0-b580-2487d1143ce8;9.3789;1.43507486;BUY
2016-04-19T03:37:09.000000;2016-04-19T03:37:09.225061;1ff515c4-c65e-4fce-a677-795aa6964b47;9.2999;3.0847;BUY
2016-04-19T03:38:21.000000;2016-04-19T03:38:21.756302;8d7d430a-4d59-4ed1-a279-60f0680585b2;9.24;3.20572034;BUY
2016-04-19T03:38:25.000000;2016-04-19T03:38:26.017712;a7c8e2b3-ec34-47ac-987a-6844342405cd;9.24;3.20572034;BUY
2016-04-19T03:38:28.000000;2016-04-19T03:38:28.884037;e8ac627f-bcfb-4e45-abbb-d16be5db0e48;9.24;3.20572034;BUY
2016-04-19T03:38:32.000000;2016-04-19T03:38:32.863399;f05cffe0-3a18-4160-bd4c-1ff74a27fff5;9.24;0.38283898;BUY
2016-04-19T03:38:56.000000;2016-04-19T03:38:56.863836;50817b96-7dff-4630-b3c1-f5ddf6b974e7;9.25;1.0;BUY
2016-04-19T03:42:06.000000;2016-04-19T03:42:06.223747;bd5cc7ec-0e9e-421d-b205-a7b94f75fdf8;9.25;1.0;BUY
2016-04-19T03:43:54.000000;2016-04-19T03:43:54.491581;959e06ee-e53d-49b6-8262-eaed64ad419d;9.24;1.0;SELL
2016-04-19T03:48:47.000000;2016-04-19T03:48:47.508849;f8eadb48-8064-4dfe-89e0-69799a8a92be;9.24;1.43795076;SELL
2016-04-19T03:53:22.000000;2016-04-19T03:53:22.735586;9002b638-55cb-4e22-bd73-dbf4a7be0061;9.24;0.38;SELL
2016-04-19T03:53:24.000000;2016-04-19T03:53:24.700765;5047818e-b050-4819-82b6-141ed9e79aa4;9.24;0.0049306;SELL
2016-04-19T03:53:27.000000;2016-04-19T03:53:31.690453;39abaf7d-c2dc-4a0d-9851-af3b9c75380b;9.1876;3.01812096;SELL
2016-04-19T03:53:27.000000;2016-04-19T03:53:31.698483;e45ed0ea-b1c5-402d-912f-a8651b885bb9;9.1875;2.990067;SELL
2016-04-19T03:53:27.000000;2016-04-19T03:53:31.710480;14438ea2-cd38-49d2-b562-9bcff9c96ae0;9.1411;5.43770704;SELL
2016-04-19T03:53:27.000000;2016-04-19T03:53:31.711460;fa52ef24-ce69-4d30-aa2b-5b63cd655f87;9.141;0.0028;SELL
2016-04-19T03:53:27.000000;2016-04-19T03:53:31.717496;cbcf2463-464d-4340-8859-cb5f3753e051;9.141;64.4;SELL
2016-04-19T03:53:27.000000;2016-04-19T03:53:31.727501;8fc40c4f-3c6a-4342-ab73-12d48290050a;9.134;4.151305;SELL
2016-04-19T03:59:54.000000;2016-04-19T03:59:54.917789;145803e7-2c91-4a24-9498-9f7a2fc2de10;9.1362;1.49405381;SELL
2016-04-19T03:59:54.000000;2016-04-19T03:59:54.939815;00c81157-fb80-4695-95e5-2abd504bd9da;9.1361;2.942751;SELL
2016-04-19T03:59:54.000000;2016-04-19T03:59:54.942804;771cfbe0-008b-4fe0-9a0d-410a12e3cd22;9.12;0.31227601;SELL
2016-04-19T03:59:54.000000;2016-04-19T03:59:54.958946;cc26ab54-2484-4815-b577-ee6ea138acf3;9.1101;1.10446056;SELL
2016-04-19T03:59:54.000000;2016-04-19T03:59:54.958946;21b30084-5338-49b0-95ab-19268c58b266;9.11;0.78052209;SELL
2016-04-19T03:59:54.000000;2016-04-19T03:59:54.967785;b41f6e07-c864-4edb-90b7-5b1913f8bda7;9.11;2.66617482;SELL
2016-04-19T03:59:54.000000;2016-04-19T03:59:54.968784;5905aa6b-3603-46f2-a3ce-64bfb681483f;9.11;21.66799671;SELL
2016-04-19T04:00:02.000000;2016-04-19T04:00:02.256551;7dfe5e16-b60c-44b9-9022-a9372a406df9;9.1959;8.455828;BUY
2016-04-19T04:00:02.000000;2016-04-19T04:00:02.264549;b9a18d0b-f58f-4e68-9aef-37b9fe5544c4;9.2005;1.026872;BUY
2016-04-19T04:00:03.000000;2016-04-19T04:00:03.323647;f4e9819d-9a89-4c92-bb62-48897b01ff82;9.2005;1.888977;BUY
2016-04-19T04:00:03.000000;2016-04-19T04:00:03.340631;1f60bf48-fd8d-4b95-9ee5-fc14a109d599;9.201;21.463423;BUY
2016-04-19T04:01:00.000000;2016-04-19T04:01:00.236310;84054359-ecd6-48b6-9c5f-86094189d841;9.1838;8.455828;BUY
2016-04-19T04:01:00.000000;2016-04-19T04:01:00.247314;57bddb34-f690-48da-8580-7bc6255489ce;9.1877;0.25867199;BUY
2016-04-19T04:01:02.000000;2016-04-19T04:01:02.294512;25a935e9-10c9-4f56-b08d-4dd4d206749e;9.1838;8.455828;BUY
2016-04-19T04:01:02.000000;2016-04-19T04:01:02.332522;2df4178b-c356-4eec-a7c7-145818a08238;9.1877;2.69737701;BUY
2016-04-19T04:01:02.000000;2016-04-19T04:01:02.334559;b088cd67-08a5-4ddf-a575-1483b3bffe8c;9.243;12.64929499;BUY
2016-04-19T04:01:52.000000;2016-04-19T04:01:52.980578;d93e0fa3-265c-4263-8d5d-c5b4311767f0;9.228;100.0;BUY
2016-04-19T04:01:58.000000;2016-04-19T04:01:58.256151;9463255e-59d9-4326-9e7b-77093769eb75;9.2279;8.455828;BUY
2016-04-19T04:01:58.000000;2016-04-19T04:01:58.270136;d7c851aa-0945-464f-87b8-cec678bc6179;9.228;1.120372;BUY
2016-04-19T04:02:00.000000;2016-04-19T04:02:00.824391;97433b23-1a9a-4354-8859-0e121a9b4202;9.227;22.7044;BUY
2016-04-19T04:02:28.000000;2016-04-19T04:02:28.245117;18ffc2b2-c6ac-4fbd-9523-385f5624b7af;9.137;32.0;SELL
2016-04-19T04:02:28.000000;2016-04-19T04:02:28.259117;0c69143f-e18a-4c84-bf82-35640b5031d6;9.137;6.2;SELL
2016-04-19T04:02:28.000000;2016-04-19T04:02:28.268143;fd5e2389-e4b4-457f-b54b-945ea1eecea9;9.137;2.0;SELL
2016-04-19T04:02:28.000000;2016-04-19T04:02:28.279144;945c3ca2-7828-4f51-bf47-0300cd3b0149;9.137;2.0;SELL
2016-04-19T04:02:44.000000;2016-04-19T04:02:44.972946;419f3069-12fa-4a9e-8461-fb5aee133480;9.1089;0.93056923;SELL
2016-04-19T04:02:44.000000;2016-04-19T04:02:44.977904;94767741-0da8-48be-879c-4dc4e285436c;9.1089;0.77063265;SELL
2016-04-19T04:02:44.000000;2016-04-19T04:02:44.983793;39cc5ff1-8fd2-46e3-beb0-765d1cb9d061;9.1085;2.45325845;SELL
2016-04-19T04:02:44.000000;2016-04-19T04:02:44.987827;8c46a458-1185-4502-afb8-9678e37d3618;9.1085;0.84068059;SELL
2016-04-19T04:02:56.000000;2016-04-19T04:02:56.728973;2c6d544b-c836-4172-b829-b39c94655b5a;9.136;9.72589999;BUY
2016-04-19T04:02:58.000000;2016-04-19T04:02:58.194736;e0e9387a-52c4-4c9b-ae0f-d97eb3a0b68a;9.136;25.3502;BUY
2016-04-19T04:03:01.000000;2016-04-19T04:03:01.700468;164a0aaf-92c5-4431-b4a1-0df8e8ccd59e;9.0894;2.954612;SELL
2016-04-19T04:03:29.000000;2016-04-19T04:03:29.276210;2b798d89-a6a2-41d1-8bdb-25e899226864;9.085;2.49;SELL
2016-04-19T04:03:29.000000;2016-04-19T04:03:29.284209;85ed645c-718f-42a6-abcc-b8d06c6f036e;9.085;2.49;SELL
2016-04-19T04:03:29.000000;2016-04-19T04:03:29.285221;2a516aa9-22b7-42a9-97cc-889b6873a406;9.085;2.49;SELL
2016-04-19T04:03:29.000000;2016-04-19T04:03:29.290221;cbb6e8e4-2fd3-429c-9a16-e20917061ef0;9.085;2.49;SELL
2016-04-19T04:03:29.000000;2016-04-19T04:03:29.301224;1f477d82-7786-49bf-88b8-1225f51097f7;9.085;2.49;SELL
2016-04-19T04:03:29.000000;2016-04-19T04:03:29.307217;6cc49595-0441-46ac-9387-d7cdb443b473;9.085;0.19;SELL
2016-04-19T04:03:54.000000;2016-04-19T04:03:54.255704;38e64778-b7ae-43cf-bbf0-7d567a8d079f;9.097;8.99780507;BUY
2016-04-19T04:03:56.000000;2016-04-19T04:03:56.245915;24d7ba5a-0066-4f22-9377-777ac7b38cbe;9.097;24.1762;BUY
2016-04-19T04:04:54.000000;2016-04-19T04:04:54.239704;c807101d-d9d7-4636-87b0-b1b03cb29d67;9.082;5.42406703;BUY
2016-04-19T04:05:04.000000;2016-04-19T04:05:04.737764;4dc9cd91-1d1f-4769-84f5-2c0f41f0e25b;9.035;6.25024952;BUY
2016-04-19T04:05:27.000000;2016-04-19T04:05:27.861104;4e16557b-54a0-4c4a-ab55-bae94a943d0f;9.035;17.84975048;BUY
2016-04-19T04:05:27.000000;2016-04-19T04:05:27.882076;18e3b28b-2201-401b-9531-7a293e75de8f;9.035;2.0;BUY
2016-04-19T04:05:27.000000;2016-04-19T04:05:27.887076;3b288ae4-01ef-4d3d-9310-ec36bb914d8d;9.035;2.0;BUY
2016-04-19T04:08:14.000000;2016-04-19T04:08:14.487723;3fff6334-12cd-4449-aa69-05900fb14e59;9.053;32.0;BUY
2016-04-19T04:09:42.000000;2016-04-19T04:09:42.409764;aec55c66-8b3f-452b-bd55-367f7069c43b;9.042;1.3;SELL
2016-04-19T04:09:42.000000;2016-04-19T04:09:42.426724;0098a0bd-94d5-48c8-89ad-9cacfab34d55;9.041;6.04450062;SELL
2016-04-19T04:25:17.000000;2016-04-19T04:25:17.559352;51410691-6ec5-4cdc-8ca7-0f57fc537f29;9.06;50.0;SELL
2016-04-19T04:28:14.000000;2016-04-19T04:28:14.645044;c4ecc1a1-593d-4712-aa5c-d9918037c03b;9.089;0.1;BUY
2016-04-19T05:00:21.000000;2016-04-19T05:00:21.060394;bfb1f023-46f6-420c-9602-3f3d7ee30ab5;9.139;1.3;BUY
2016-04-19T05:00:21.000000;2016-04-19T05:00:21.072390;8c15c850-46ae-4f06-9802-49ca242ec12d;9.14;8.7;BUY
2016-04-19T05:01:11.000000;2016-04-19T05:01:11.743446;1e7200a6-3501-48b0-a700-eb2696e5965d;9.14;1.3;BUY
2016-04-19T05:01:11.000000;2016-04-19T05:01:11.750473;c7141bf3-03a3-4293-9303-287018baa3d5;9.14;10.0;BUY
2016-04-19T05:03:52.000000;2016-04-19T05:03:52.181486;5e0da61d-a6cf-4ef1-a3c1-ed1cf666c7c1;9.16;14.0;BUY
2016-04-19T05:28:23.000000;2016-04-19T05:28:23.577347;d1b03532-5188-4509-9119-51bb16ad6aef;9.18;20.0;BUY
2016-04-19T05:28:23.000000;2016-04-19T05:28:23.592366;668d81e0-c2d6-4d99-9ae6-4fda7e5f313a;9.18;19.96;BUY
2016-04-19T05:28:24.000000;2016-04-19T05:28:24.901471;584137ba-8de9-4d9d-8803-39a6a963b001;9.18;0.04;BUY
2016-04-19T05:35:07.000000;2016-04-19T05:35:07.571745;20ead147-cde6-42a4-bec5-87a89efadc3e;9.194;1.8057;BUY
2016-04-19T05:42:11.000000;2016-04-19T05:42:11.075501;0353d9f8-43e4-4e64-91e0-8fb4c3fc049e;9.2;17.25;BUY
2016-04-19T05:42:12.000000;2016-04-19T05:42:12.324640;d28a1e25-61bd-4390-a3c6-8e265d3e170a;9.2;0.75;BUY
2016-04-19T05:44:05.000000;2016-04-19T05:44:05.540966;e9f4ef45-fbb2-4860-8dcb-780fe63fd882;9.235;6.33;BUY
2016-04-19T05:44:07.000000;2016-04-19T05:44:07.479149;426683da-c77e-4ec8-a1e1-1e8f15cedf5a;9.235;3.67;BUY
2016-04-19T05:48:47.000000;2016-04-19T05:48:47.695172;a4be8c7f-63eb-44f1-9571-b95d1b3ad0f5;9.25;8.0;BUY
2016-04-19T05:48:47.000000;2016-04-19T05:48:47.721173;92b2e264-149c-4114-88c7-860e31a47179;9.25;1.13;BUY
2016-04-19T05:54:05.000000;2016-04-19T05:54:05.374308;15da14f3-503d-4041-9d44-9109684c3d89;9.24;1.0;SELL
2016-04-19T05:55:20.000000;2016-04-19T05:55:20.646850;871d3fd7-31a8-4831-aaa8-ee05ca391a2a;9.24;1.0;SELL
2016-04-19T05:56:20.000000;2016-04-19T05:56:20.039769;adbed289-50b1-4cea-b4d0-260937df7a7e;9.24;0.984245;SELL
2016-04-19T05:56:20.000000;2016-04-19T05:56:20.055771;6239329c-a407-43ac-9a21-b41788c8f3d8;9.228;80.1787;SELL
2016-04-19T05:56:20.000000;2016-04-19T05:56:20.056761;41f17f26-66be-4dbd-8d59-8dec12e832d1;9.226;18.0;SELL
2016-04-19T05:56:30.000000;2016-04-19T05:56:30.344800;13bb6e7d-b233-457f-b941-6eb7066a1fc1;9.229;5.5;SELL
2016-04-19T05:56:30.000000;2016-04-19T05:56:30.351792;97c107a2-b09a-4226-9c31-4c53a0e6fc6b;9.2191;18.46583737;SELL
2016-04-19T05:56:30.000000;2016-04-19T05:56:30.363831;b963ee14-5f93-4e03-bcb8-919d818e6116;9.2191;7.560739;SELL
2016-04-19T05:56:30.000000;2016-04-19T05:56:30.364851;5f80262d-ec95-4dae-84d4-f175403ac699;9.219;2.92569;SELL
2016-04-19T05:56:30.000000;2016-04-19T05:56:30.376788;ba4ca547-ef33-4eea-abc4-18b06ed50a0f;9.219;34.85883433;SELL
2016-04-19T05:57:04.000000;2016-04-19T05:57:04.084173;59e37373-e2ed-4eb3-9767-88a1ba23c966;9.23;20.0;BUY
2016-04-19T05:57:18.000000;2016-04-19T05:57:18.325599;dc35d4fa-b9ff-4fde-b53a-c008818a1255;9.24;20.0;BUY
2016-04-19T05:57:20.000000;2016-04-19T05:57:20.712840;dfc092c0-28ea-489b-8eeb-8093cd565149;9.24;5.5;SELL
2016-04-19T05:57:37.000000;2016-04-19T05:57:37.070454;241f790c-8cc4-4bab-84a5-8e74738e7a2e;9.24;20.0;BUY
2016-04-19T05:57:50.000000;2016-04-19T05:57:50.223839;bc9ff256-c40e-41ea-8617-f851dbcd2e5e;9.24;20.0;BUY
2016-04-19T06:06:11.000000;2016-04-19T06:06:11.595925;ce27d9a9-d3b8-4ef1-9baf-b9bfe68e08db;9.23;2.63913592;SELL
2016-04-19T06:09:16.000000;2016-04-19T06:09:16.142366;8ffd4cb1-2b71-4f84-a662-6fdbf29527e4;9.19;1.007;SELL
2016-04-19T06:27:47.000000;2016-04-19T06:27:47.617943;3357958d-cb41-44b2-9b7b-7dee5edce557;9.17;80.8456;SELL
2016-04-19T06:27:47.000000;2016-04-19T06:27:47.640918;30597f00-9846-452f-af3b-c162b71fc993;9.17;2.927431;SELL
2016-04-19T06:27:47.000000;2016-04-19T06:27:47.659930;d70c2b1f-c9ea-4230-b040-96de865147d4;9.17;10.401522;SELL
2016-04-19T06:27:47.000000;2016-04-19T06:27:47.659930;ed70db9c-2b9b-4999-a23b-204264d47824;9.17;10.98091986;SELL
2016-04-19T06:28:23.000000;2016-04-19T06:28:23.320488;a700dc33-082d-461b-8dc5-b0eaa56f4cf4;9.17;20.0;BUY
2016-04-19T06:28:33.000000;2016-04-19T06:28:33.932552;2b7642d3-27a1-4790-af84-b24c587443ef;9.18;20.0;BUY
2016-04-19T06:28:39.000000;2016-04-19T06:28:39.606111;64ade4e6-dc13-43ea-8f46-b0cbd66efe3b;9.18;20.0;BUY
2016-04-19T06:36:39.000000;2016-04-19T06:36:39.088049;4c17b7a3-23cf-4498-9164-3850fc805b8b;9.18;1.0;BUY
2016-04-19T06:37:11.000000;2016-04-19T06:37:11.758332;480f588b-275d-4ceb-b56b-ad88da5d610d;9.18;1.0;BUY
2016-04-19T06:37:39.000000;2016-04-19T06:37:39.431092;456c3e96-7ba0-46fa-9360-353c13d3c016;9.18;1.0;BUY
2016-04-19T06:38:14.000000;2016-04-19T06:38:14.424664;1e46b5d3-af82-4576-908c-6530b3397a42;9.18;1.0;BUY
2016-04-19T06:38:39.000000;2016-04-19T06:38:39.858137;17c783ef-68ef-4b74-b01b-072ad13ddac3;9.18;1.0;BUY
2016-04-19T07:11:57.000000;2016-04-19T07:11:57.052487;f832dfd0-eb00-4a10-9695-124f7ee4a9c7;9.1979;118.346;BUY
2016-04-19T07:18:40.000000;2016-04-19T07:18:40.368849;9faf0771-2bd4-4851-8c0c-85e4ac8d2f82;9.17;3.64491043;SELL
2016-04-19T07:18:40.000000;2016-04-19T07:18:40.376861;1d9b6ac6-d303-4b86-84fc-9a9b2185ddd9;9.17;1.0;SELL
2016-04-19T07:18:40.000000;2016-04-19T07:18:40.389860;39eb4ae0-cd0e-459b-828e-7bb64e3f108e;9.1678;2.945138;SELL
2016-04-19T07:18:40.000000;2016-04-19T07:18:40.407832;f16e0c7c-6a43-4894-97ae-e28c3c45b4d9;9.151;2.0;SELL
2016-04-19T07:18:40.000000;2016-04-19T07:18:40.407832;655945b0-7c44-4334-813a-747764857f39;9.151;2.0;SELL
2016-04-19T07:18:40.000000;2016-04-19T07:18:40.407832;984222ea-8db7-43c5-b796-cdde33d0a347;9.133;3.85292477;SELL
2016-04-19T07:24:40.000000;2016-04-19T07:24:40.498131;89a8800b-943f-446e-9f28-78e1b35c61e9;9.1979;55.654;BUY
2016-04-19T07:35:09.000000;2016-04-19T07:35:09.643048;0a76559b-8765-4c0b-912d-05f9ec78f852;9.1451;2.0;SELL
2016-04-19T07:35:09.000000;2016-04-19T07:35:09.903055;485f6311-f62b-45d2-a8a6-1cd13b24f79a;9.1451;0.949297;SELL
2016-04-19T07:35:09.000000;2016-04-19T07:35:09.914063;82ec25fb-305a-4ac2-b1fa-ddf8953ce314;9.1451;1.050703;SELL
2016-04-19T07:48:18.000000;2016-04-19T07:48:18.277433;6145f704-7bc5-4645-8e46-c0f0092fb9d9;9.197;81.3482;BUY
2016-04-19T07:48:18.000000;2016-04-19T07:48:18.290476;a9f0abc6-b045-472f-b98c-fab40970605c;9.198;31.0;BUY
2016-04-19T07:48:18.000000;2016-04-19T07:48:18.292423;b11aa0fa-08a4-4526-8544-cfeb7e7bcf18;9.1989;32.5989;BUY
2016-04-19T07:48:18.000000;2016-04-19T07:48:18.318458;cf563467-774d-4923-a90e-9717615b7c06;9.1999;174.0;BUY
2016-04-19T07:48:37.000000;2016-04-19T07:48:37.471351;4fdf52e6-26de-47df-b8ad-b10ae2b6f88b;9.2039;174.0;BUY
2016-04-19T07:48:37.000000;2016-04-19T07:48:37.482380;3e7ef40a-b629-4b42-bd4d-6b0942db06e8;9.2039;174.0;BUY
2016-04-19T07:48:37.000000;2016-04-19T07:48:37.489373;faa25503-b76a-49a0-93af-71b3b1b8ad30;9.2049;174.0;BUY
2016-04-19T07:48:50.000000;2016-04-19T07:48:50.093604;3ae79d4b-f408-4bed-94cc-e3516029efab;9.152;23.21643547;SELL
2016-04-19T07:51:47.000000;2016-04-19T07:51:47.521373;59934ea5-986c-4d26-89fc-31335bfd2660;9.225;81.2052;BUY
2016-04-19T07:51:47.000000;2016-04-19T07:51:47.530385;c07a20b0-fb1d-424f-8c04-539d80f14cc5;9.225;2.948348;BUY
2016-04-19T07:51:47.000000;2016-04-19T07:51:47.531351;70f83012-4a16-4585-97da-bbe2d00460d2;9.243;137.2;BUY
2016-04-19T07:51:47.000000;2016-04-19T07:51:47.561383;f6254084-32fc-4e3d-9af5-4496fd83a812;9.2498;13.84383828;BUY
2016-04-19T07:51:47.000000;2016-04-19T07:51:47.561383;192ce13f-4c00-4347-b4ed-6019c394fbb1;9.25;0.5;BUY
2016-04-19T07:51:47.000000;2016-04-19T07:51:47.561383;beca12b5-be67-45f4-a7ab-0624faea3c46;9.25;64.30261372;BUY
2016-04-19T07:54:20.000000;2016-04-19T07:54:20.417199;723782cc-dc31-4569-bf28-8c01a6dde002;9.2;13.84383828;SELL
2016-04-19T07:54:22.000000;2016-04-19T07:54:22.709435;f7448ce7-1248-4880-a697-ccef7b624d31;9.2;13.84383828;SELL
2016-04-19T08:09:24.000000;2016-04-19T08:09:24.151404;eba54eaf-7a5b-4edf-8a54-7703753ec50b;9.2;72.31;SELL
2016-04-19T08:10:21.000000;2016-04-19T08:10:21.948190;5e1f6e80-8eef-478a-822d-41e15f1fe235;9.2;0.00232344;SELL
2016-04-19T08:10:21.000000;2016-04-19T08:10:21.951175;e76e4071-553f-4d6b-b6f5-4d6f2218000d;9.154;13.84151484;SELL
2016-04-19T08:10:22.000000;2016-04-19T08:10:22.351238;6ef96ca3-e677-48e0-8931-e57cde4e8152;9.154;13.84383828;SELL
2016-04-19T08:11:41.000000;2016-04-19T08:11:42.024181;1037ee51-3883-4a3d-9a60-7431e89e1ca4;9.161;2.01805805;SELL
2016-04-19T08:12:20.000000;2016-04-19T08:12:20.492012;e782c94d-9f16-4887-b6ee-aa56c8318918;9.16;5.0;SELL
2016-04-19T08:13:14.000000;2016-04-19T08:13:15.377512;75d49e24-3f0a-46e5-a3c5-4438ec14d131;9.16;1.00227678;SELL
2016-04-19T08:13:37.000000;2016-04-19T08:13:38.130776;454d003d-c72c-4d1c-982b-3e816525ada2;9.16;93.0;SELL
2016-04-19T08:14:28.000000;2016-04-19T08:14:28.119773;fe1eaeac-e300-4e70-afdf-9641d5b0fe4a;9.16;0.99772322;SELL
2016-04-19T08:16:42.000000;2016-04-19T08:16:42.393199;29cb844d-fd55-437f-aa34-801a91762531;9.151;14.6;SELL
2016-04-19T08:17:03.000000;2016-04-19T08:17:03.367307;74f27008-2a62-4eeb-b5ce-831224ebbe00;9.151;117.36;SELL
2016-04-19T08:17:12.000000;2016-04-19T08:17:12.437220;5a962d8b-9787-4c14-9288-ff6eb81203f1;9.151;108.12;SELL
2016-04-19T08:17:21.000000;2016-04-19T08:17:21.416119;a976e949-9d17-4d0f-b4f5-6219ca6b96a8;9.151;0.002;SELL
2016-04-19T08:17:21.000000;2016-04-19T08:17:21.422108;fdf4bff1-0427-45e2-be89-2bdfa2d81c83;9.15;1.578;SELL
2016-04-19T08:17:23.000000;2016-04-19T08:17:23.124277;8fe59e77-a9c7-43f2-8482-27c960d2bbed;9.15;18.422;SELL
2016-04-19T08:35:25.000000;2016-04-19T08:35:25.107467;04214f69-94e8-4bc0-91d9-a2c4a508e7a5;9.14;0.9403274;SELL
2016-04-19T08:55:14.000000;2016-04-19T08:55:14.868702;f037e076-373a-4233-97e5-213d9319209f;9.14;18.0;SELL
2016-04-19T08:55:25.000000;2016-04-19T08:55:25.841789;45cd3ba9-133d-4744-a6fd-849c41b16296;9.14;1.0;SELL
2016-04-19T09:10:18.000000;2016-04-19T09:10:18.348470;2c5c8645-160a-40e8-8755-553fbb9da044;9.14;0.0596726;SELL
2016-04-19T09:10:18.000000;2016-04-19T09:10:18.363452;0690146b-1df2-4eb8-ba50-000987383fe2;9.1301;10.1;SELL
2016-04-19T09:10:18.000000;2016-04-19T09:10:18.368471;69d79597-2f85-4775-be66-0122be7276d1;9.13;3.68416568;SELL
2016-04-19T10:44:49.000000;2016-04-19T10:44:49.293218;2897f905-053a-4ca2-9da4-a0b3bff20348;9.155;13.84383828;SELL
2016-04-19T11:23:30.000000;2016-04-19T11:23:30.679880;83aeb037-a8a9-4b0a-9cce-09ab9b02fb47;9.141;80.0;SELL
2016-04-19T11:40:12.000000;2016-04-19T11:40:12.843618;99217d70-f40a-4f6b-a70f-74434a143263;9.19;23.2983;BUY
2016-04-19T11:47:02.000000;2016-04-19T11:47:02.328618;9f8a8db7-2ede-4913-953e-9d76465e92ae;9.186;13.3;BUY
2016-04-19T11:56:21.000000;2016-04-19T11:56:21.716863;d038825a-1956-4cd0-8b43-7e89f5b83450;9.1372;13.84937803;SELL
2016-04-19T11:56:21.000000;2016-04-19T11:56:21.732889;f8f22847-749f-4ea7-b5b1-710f0f9b36c8;9.132;82.0521;SELL
2016-04-19T11:56:21.000000;2016-04-19T11:56:21.736895;dac85ac9-2e94-4823-9d68-d1de45d7a682;9.13;4.09852197;SELL
2016-04-19T11:57:32.000000;2016-04-19T11:57:32.254894;f49798b7-ad27-4991-997b-7220c145d047;9.13;43.3;SELL
2016-04-19T12:22:41.000000;2016-04-19T12:22:42.064623;b4f54914-ee83-44cd-acd4-cfa8553a136a;9.13;13.84383828;SELL
2016-04-19T12:35:27.000000;2016-04-19T12:35:27.197353;0edf6898-82bf-45c9-8280-d9f909216462;9.1331;73.0974;SELL
2016-04-19T12:35:27.000000;2016-04-19T12:35:27.212328;4725a497-222e-498b-928a-f9cd86311baa;9.13;35.07347407;SELL
2016-04-19T12:38:57.000000;2016-04-19T12:38:57.481403;36468e8d-cf20-4476-94a2-eadff37dd41d;9.13;9.96448806;BUY
2016-04-19T12:57:51.000000;2016-04-19T12:57:51.304873;78386f1f-b7f4-4cac-a57b-a3e3672c33c8;9.15;18.34713199;BUY
2016-04-19T13:21:12.000000;2016-04-19T13:21:12.735569;7b530deb-9111-4257-9786-e8d7ae8dbffe;9.151;11.0638835;SELL
2016-04-19T13:21:15.000000;2016-04-19T13:21:15.389818;4dfc9ca3-3849-49bd-b25b-a43d248d4bbf;9.151;11.0638835;SELL
2016-04-19T13:21:41.000000;2016-04-19T13:21:41.233405;7e17fcdb-34df-4b40-a386-0a8b4467be7e;9.151;43.3;SELL
2016-04-19T13:24:06.000000;2016-04-19T13:24:06.197180;947da013-c571-4e9d-beec-31b2afdec1c4;9.152;80.9315;SELL
2016-04-19T13:26:32.000000;2016-04-19T13:26:32.155843;9463edea-3252-4bf6-aa1c-3cec5f284e02;9.1782;1.0;BUY
2016-04-19T13:26:42.000000;2016-04-19T13:26:42.518919;8ad1f481-261b-4689-9b44-f019b53a9f86;9.1785;0.1;BUY
2016-04-19T13:30:59.000000;2016-04-19T13:30:59.881664;dcbaaf5b-223b-40a0-874c-bc03c854442d;9.1813;0.1;BUY
2016-04-19T13:33:57.000000;2016-04-19T13:33:57.516397;64c61394-d74d-4b6d-8e98-0f2739617411;9.19;3.0;BUY
2016-04-19T13:33:57.000000;2016-04-19T13:33:57.528381;a4910e9c-3b1d-4eeb-ac0a-b2eb360486b5;9.19;2.0;BUY
2016-04-19T13:34:06.000000;2016-04-19T13:34:06.499290;b7e4debc-976c-4681-bb63-16861380da16;9.2258;2.936011;BUY
2016-04-19T13:34:27.000000;2016-04-19T13:34:27.072340;342373df-6c56-4736-8a67-635f3c8c8b5a;9.25;4.80417242;BUY
2016-04-19T13:34:36.000000;2016-04-19T13:34:36.749302;834fa5ff-ceef-4969-85b0-969b3e7a05a1;9.25;7.00700701;BUY
2016-04-19T13:34:40.000000;2016-04-19T13:34:40.836710;b9d353ff-6429-45cf-9986-d19ab412d8fa;9.25;3.91263417;BUY
2016-04-19T13:34:41.000000;2016-04-19T13:34:41.211767;c2f5d993-abc8-4e22-bc7e-4d2da0e673fe;9.25;4.22292586;BUY
2016-04-19T13:34:41.000000;2016-04-19T13:34:41.603777;5e723415-2309-4e3e-8eec-232d0ba9b4a5;9.25;8.67623834;BUY
2016-04-19T13:34:41.000000;2016-04-19T13:34:41.728810;42819b6a-34ee-456b-8f58-77d3400df83f;9.25;220.61245658;BUY
2016-04-19T13:34:54.000000;2016-04-19T13:34:54.171694;eff159e6-0a36-419f-be5b-e5dd9a767a8f;9.252;3.92010341;SELL
2016-04-19T13:35:37.000000;2016-04-19T13:35:38.111423;212a7da1-314a-4991-8107-035ae1d2ee6e;9.2661;0.8;BUY
2016-04-19T13:36:43.000000;2016-04-19T13:36:44.038024;d4a36a49-8298-4987-a4b8-0dbdf0ced3fc;9.2661;0.05;BUY
2016-04-19T13:39:11.000000;2016-04-19T13:39:11.431771;19c625a6-bde7-4412-a8a2-f58a74845a12;9.28;5.0;SELL
2016-04-19T13:39:17.000000;2016-04-19T13:39:17.111326;e4f62e1b-d0e0-4c79-b829-c7a9eb8add9d;9.2811;5.0;SELL
2016-04-19T13:40:21.000000;2016-04-19T13:40:21.681831;55fa692f-f07c-45ba-8c7e-ac29c23d2f7c;9.28;3.4;BUY
2016-04-19T13:42:31.000000;2016-04-19T13:42:31.647833;4428344a-29f0-4b21-b782-6b108e7e5157;9.266;0.85;SELL
2016-04-19T13:42:31.000000;2016-04-19T13:42:31.652806;09ba0154-17b1-41b4-853a-7531de7292c3;9.266;0.85;SELL
2016-04-19T13:42:31.000000;2016-04-19T13:42:31.653794;8ed95c57-bc60-4979-b55b-4263fbdfa19e;9.2541;10.93452489;SELL
2016-04-19T13:42:31.000000;2016-04-19T13:42:31.689796;dcc0541a-4ec8-410a-931d-903458d3fef9;9.2501;60.378;SELL
2016-04-19T13:42:31.000000;2016-04-19T13:42:31.689796;0f4bd9a1-7657-4e5b-964a-cf4f7200161e;9.25;26.98747511;SELL
2016-04-19T13:42:59.000000;2016-04-19T13:42:59.159541;9131ee31-545e-4205-8a93-30ebd4f1c2ae;9.253;5.0;SELL
2016-04-19T13:42:59.000000;2016-04-19T13:42:59.291549;d50408b6-3c06-4b63-96cf-a7351ee55058;9.2531;10.93452489;SELL
2016-04-19T13:42:59.000000;2016-04-19T13:42:59.305558;cc89fb58-5264-4b46-b116-5ccfbcfa5ed8;9.253;12.37547511;SELL
2016-04-19T13:43:20.000000;2016-04-19T13:43:20.101645;ab773958-7892-45a8-a316-eadf8d3f0d96;9.26;10.0;BUY
2016-04-19T13:45:28.000000;2016-04-19T13:45:28.519483;52573fe8-8bc8-4dc7-baa3-547ceafe655a;9.2501;49.8858;SELL
2016-04-19T13:45:29.000000;2016-04-19T13:45:29.145578;86b616fe-f62e-43ad-adda-300b1b5e5922;9.2501;29.1142;BUY
2016-04-19T13:46:08.000000;2016-04-19T13:46:08.309689;382cde0d-15b1-4bce-8b08-7fab258e40d4;9.26;10.0;BUY
2016-04-19T13:46:08.000000;2016-04-19T13:46:08.325476;26db87d6-8388-4ad5-9e92-1d73e772795f;9.26;10.0;BUY
2016-04-19T13:46:08.000000;2016-04-19T13:46:08.349502;f70913a8-e87d-4e10-980c-b5c71f4e6296;9.27;10.0;BUY
2016-04-19T13:46:41.000000;2016-04-19T13:46:42.072841;8215b698-bf6b-4104-821a-d190082bed9d;9.252;79.7841;SELL
2016-04-19T13:46:41.000000;2016-04-19T13:46:42.081827;fc157ad5-ca5d-4e79-90b6-4b9b7fea136e;9.25;20.2159;SELL
2016-04-19T13:49:32.000000;2016-04-19T13:49:32.447903;f95882c6-90ef-4540-be28-ff159194fbea;9.26;14.0438;BUY
2016-04-19T13:52:04.000000;2016-04-19T13:52:04.950114;e1fb291d-1436-4f73-a055-fd48d48ea8e1;9.26;29.1977;BUY
2016-04-19T13:52:44.000000;2016-04-19T13:52:44.867138;edad2cd9-cff8-4950-aaad-f6edce826bc6;9.26;0.0585;BUY
2016-04-19T13:53:12.000000;2016-04-19T13:53:12.560877;7fc1a5f9-e1bc-4aa4-9cd8-e94a7fd915f0;9.27;29.1392;SELL
2016-04-19T13:53:25.000000;2016-04-19T13:53:25.420166;b5b9bd84-3b05-4f3b-bd3e-4ef37637d55f;9.2501;36.1398;SELL
2016-04-19T13:53:25.000000;2016-04-19T13:53:25.430522;2f1cb1a0-6453-450d-8bc7-9f653fbb197a;9.25;173.40662489;SELL
2016-04-19T13:53:25.000000;2016-04-19T13:53:25.441178;6c853770-26c0-4b28-bcf3-e17b177726a0;9.25;29.11;SELL
2016-04-19T13:53:25.000000;2016-04-19T13:53:25.460172;36369132-b4d7-461b-841d-4d4a7c311658;9.25;11.69357511;SELL
2016-04-19T13:53:26.000000;2016-04-19T13:53:26.697297;835f2d95-cdcb-4c1d-ac16-cecda710945c;9.25;17.41642489;SELL
2016-04-19T13:53:30.000000;2016-04-19T13:53:30.417669;d5cc2ecf-4c30-4909-a801-854e3abb9869;9.2448;2.94912;SELL
2016-04-19T13:53:37.000000;2016-04-19T13:53:37.487432;cb97844b-9d4c-4131-8519-5a095c682ae2;9.226;0.003989;SELL
2016-04-19T13:53:37.000000;2016-04-19T13:53:37.492382;a615c7c0-207a-4ce3-9879-4ab61aa2a509;9.1931;7.3348022;SELL
2016-04-19T13:53:37.000000;2016-04-19T13:53:37.503383;e9f3c6ec-5ac0-4af8-8081-39a5a0a24c20;9.193;2.5;SELL
2016-04-19T13:53:37.000000;2016-04-19T13:53:37.529381;a97e351e-3dcd-4d24-9f63-13d76341d0ff;9.1922;36.1398;SELL
2016-04-19T13:53:37.000000;2016-04-19T13:53:37.530385;814e837d-e995-481b-b87c-ea9e13510905;9.1921;63.9499088;SELL
2016-04-19T13:54:29.000000;2016-04-19T13:54:29.588596;c4182b2c-2fc7-41a5-b9d3-c4b210ebdd17;9.228;19.682;BUY
2016-04-19T13:56:34.000000;2016-04-19T13:56:34.369441;0b26ecef-8eed-4053-83c5-2678ae5eb42e;9.207;80.9324;BUY
2016-04-19T13:56:34.000000;2016-04-19T13:56:34.371456;9d681536-366e-4d13-8130-d34fe5ae0b7c;9.207;3.5;SELL
2016-04-19T13:56:46.000000;2016-04-19T13:56:46.846689;d2a94862-f025-47c1-ade3-341d75b872e3;9.207;4.9702;SELL
2016-04-19T13:59:19.000000;2016-04-19T13:59:19.212959;bf84e6b5-95bb-48c5-b093-8f19eaaaffd2;9.163;81.3204;SELL
2016-04-19T13:59:19.000000;2016-04-19T13:59:19.236915;ab0c98f3-7075-4650-a36d-6e268b1fefbd;9.1622;7.35953921;SELL
2016-04-19T13:59:19.000000;2016-04-19T13:59:19.246245;3fecea00-dbfd-4313-9e0d-6fdf6ab3591b;9.162;0.72266079;SELL
2016-04-19T14:18:27.000000;2016-04-19T14:18:27.554088;42abb0b5-287e-4df8-9b98-35a68b6960ed;9.2394;10.94706931;BUY
2016-04-19T14:18:28.000000;2016-04-19T14:18:28.194148;214a8875-55c3-45ce-b5e7-6b7ac7b20340;9.2395;10.94695089;BUY
2016-04-19T14:18:28.000000;2016-04-19T14:18:28.763193;2c23d22f-d910-40dc-8052-8caf0c84feed;9.2395;10.94635879;BUY
2016-04-19T14:18:28.000000;2016-04-19T14:18:28.996230;17acc488-5733-426d-9ea3-1922b1d3bc98;9.2395;0.00059204;BUY
2016-04-19T14:18:28.000000;2016-04-19T14:18:29.009225;8945e1b5-28ff-4622-9e18-2a4407335093;9.2396;2.940352;BUY
2016-04-19T14:18:28.000000;2016-04-19T14:18:29.028426;35664c96-1039-4371-90d5-a45df2c6e4f9;9.24;8.00612527;BUY
2016-04-19T14:19:03.000000;2016-04-19T14:19:03.152636;09d07819-3d6d-418c-afe8-94aa65907be4;9.2384;3.55526932;SELL
2016-04-19T14:20:09.000000;2016-04-19T14:20:09.884310;9322c0ef-396a-41bc-acf4-8a4ad82c5e93;9.2384;18.4;SELL
2016-04-19T14:20:16.000000;2016-04-19T14:20:17.010022;3869ff34-f3d3-431a-9564-3f2f6b150117;9.2384;0.04473068;SELL
2016-04-19T14:22:42.000000;2016-04-19T14:22:42.800605;6ae14ae5-497e-4fc0-b974-93634c977c0f;9.2;50.0;SELL
2016-04-19T14:27:38.000000;2016-04-19T14:27:38.221161;57462991-1298-41f8-b5cc-4117cc5d9fef;9.231;10.95703122;BUY
2016-04-19T14:27:38.000000;2016-04-19T14:27:38.264157;192b8eb5-afec-4ca3-bf5a-60103bc417c2;9.231;4.57062616;BUY
2016-04-19T14:38:51.000000;2016-04-19T14:38:51.951518;c36cd72f-6fbf-4a7d-8c9a-bcdd0ae76d4a;9.2001;5.0;SELL
2016-04-19T14:38:51.000000;2016-04-19T14:38:51.967521;e72d658d-651d-4131-a2fa-0992f0ce41fe;9.2;3.2;SELL
2016-04-19T14:41:33.000000;2016-04-19T14:41:33.260929;feebf1d2-70b5-413d-8b3d-9accb40d4f49;9.199;0.49532711;SELL
2016-04-19T14:50:31.000000;2016-04-19T14:50:31.842794;a5cff2f9-67dc-4669-8581-c91e93c63515;9.23;1.0;SELL
2016-04-19T15:40:54.000000;2016-04-19T15:40:54.566503;8b47f471-8e2e-4f0e-8bd5-9e94feb8de99;9.1972;10.94706931;SELL
2016-04-19T15:45:16.000000;2016-04-19T15:45:16.338959;98bd82a3-b585-426f-a898-248bb3334951;9.1811;0.75206548;SELL
2016-04-19T15:46:22.000000;2016-04-19T15:46:22.850601;07de588d-5bc7-4b83-b454-a287aa5d244e;9.1811;4.24793452;SELL
2016-04-19T15:46:22.000000;2016-04-19T15:46:22.852624;9fbd4f51-24ce-4f03-894c-0d8e90cfa5a5;9.1811;1.40265378;SELL
2016-04-19T15:49:23.000000;2016-04-19T15:49:23.686684;80cf06b1-1ec7-4399-b2bc-f5c226e9d044;9.1787;1.09751;SELL
2016-04-19T15:52:28.000000;2016-04-19T15:52:28.275150;bf0fbf32-1491-4f31-85ec-2f18ff3ddac7;9.2139;10.97736614;BUY
2016-04-19T15:52:28.000000;2016-04-19T15:52:28.293160;aa2c6a19-e550-4427-b7f9-4f38dedde0a8;9.214;80.767;BUY
2016-04-19T15:52:28.000000;2016-04-19T15:52:28.301155;8f3505bb-80d9-4d79-958c-34e0502cd968;9.2149;5.6505883;BUY
2016-04-19T15:52:28.000000;2016-04-19T15:52:28.322155;07e2907b-d857-49d3-bc43-be0685a4561d;9.2149;1.23056494;BUY
2016-04-19T15:52:28.000000;2016-04-19T15:52:28.322155;600c8290-8f5a-4eed-9e69-76e58a6b1049;9.223;1.37448062;BUY
2016-04-19T16:00:16.000000;2016-04-19T16:00:16.183161;7fecf99b-c760-4667-9215-85e4c5736864;9.1787;0.50484558;SELL
2016-04-19T16:00:22.000000;2016-04-19T16:00:22.907333;ffa7366d-0f2e-4265-a945-8679cf628cc2;9.1787;0.5336501;SELL
2016-04-19T16:00:34.000000;2016-04-19T16:00:34.074450;c289035a-b637-477f-9f3f-4df43c1846f8;9.1787;2.86399432;SELL
2016-04-19T16:00:34.000000;2016-04-19T16:00:34.085483;2f9a39ef-924c-4141-a236-592d01e56da0;9.1787;4.60216512;SELL
2016-04-19T16:00:36.000000;2016-04-19T16:00:36.505703;b17db395-1fdc-437f-bc31-ef646fa5b024;9.1787;2.74414428;SELL
2016-04-19T16:01:06.000000;2016-04-19T16:01:06.149676;6120581b-67d9-4ce8-8b57-b1949b207be8;9.16;11.05301315;SELL
2016-04-19T16:01:06.000000;2016-04-19T16:01:06.931733;31e94bc4-6cf9-461a-b4d3-be8e09412c20;9.16;8.03771678;SELL
2016-04-19T16:01:09.000000;2016-04-19T16:01:09.544002;77a3dffb-5b39-44ec-a394-e804e37d8d77;9.16;8.03771678;SELL
2016-04-19T16:01:09.000000;2016-04-19T16:01:10.034037;e4b45266-757e-4ac6-b51e-0f2ae6783ac1;9.16;6.030592;SELL
2016-04-19T16:07:23.000000;2016-04-19T16:07:23.188347;37821ebb-4238-4d04-85ac-92a064aadfe1;9.1651;4.72201516;SELL
2016-04-19T16:20:22.000000;2016-04-19T16:20:23.128093;6c406c96-7124-41b8-8b05-c21837bc3b99;9.183;10.0;BUY
2016-04-19T16:24:09.000000;2016-04-19T16:24:09.663305;af2480fa-1de8-4e51-a72e-9bb72272664d;9.16;11.0530128;SELL
2016-04-19T16:24:43.000000;2016-04-19T16:24:43.197089;a057d873-be62-4e6e-a928-d68901d747ce;9.16;5.78794849;SELL
2016-04-19T16:31:13.000000;2016-04-19T16:31:13.485249;7f1b4bd6-0619-4e37-991a-9f88b74a3120;9.1799;11.01802364;BUY
2016-04-19T16:31:14.000000;2016-04-19T16:31:14.156304;f30bd9ab-988b-41f0-b6cb-8c473ff936cd;9.1799;3.00309914;BUY
2016-04-19T16:31:15.000000;2016-04-19T16:31:15.281054;55a42443-c9e1-463f-b570-4c9494e5df75;9.1799;3.00309914;BUY
2016-04-19T16:31:15.000000;2016-04-19T16:31:16.017457;6a45d4a9-c882-4699-ab5e-1b58d9a42819;9.1799;3.00309914;BUY
2016-04-19T16:33:34.000000;2016-04-19T16:33:34.437302;569f4678-51eb-4e2c-b3da-42896a21177c;9.1799;2.00872586;BUY
2016-04-19T16:51:31.000000;2016-04-19T16:51:31.266364;0a4a9e38-cd9c-44d7-81d9-85c610b23522;9.1808;2.00872586;BUY
2016-04-19T16:54:12.000000;2016-04-19T16:54:12.427461;fee70048-ed24-4779-9499-3ddec08b3e51;9.13;2.949297;SELL
2016-04-19T16:54:14.000000;2016-04-19T16:54:14.694726;52d9ba98-fdd4-4c70-8cb3-64522c000460;9.13;1.5106637;SELL
2016-04-19T16:54:26.000000;2016-04-19T16:54:26.467888;4cef4c16-a172-4700-b949-9aa842677d77;9.1301;11.08921049;SELL
2016-04-19T16:54:27.000000;2016-04-19T16:54:27.719994;6e75c4f3-c54e-4fdd-898f-b65a8a16549f;9.1301;2.62630836;SELL
2016-04-19T16:54:28.000000;2016-04-19T16:54:28.757109;b8d4b916-399d-4c28-bc79-d9780c5a2bdd;9.13;11.08921049;SELL
2016-04-19T16:54:29.000000;2016-04-19T16:54:29.207164;2b62e6d4-1da4-4801-a68e-b1170b45a7c7;9.13;30.147428;SELL
2016-04-19T16:54:29.000000;2016-04-19T16:54:29.500184;3df50a83-9de6-4c72-9bc2-72b3a4475530;9.13;8.45096855;SELL
2016-04-19T16:54:33.000000;2016-04-19T16:54:33.207554;26e74f91-07c3-4fb6-934d-0c4d848237f0;9.13;40.77410528;SELL
2016-04-19T16:54:37.000000;2016-04-19T16:54:37.061917;5bf72b62-635c-4369-ae4d-d2ba460faecd;9.13;5.07832698;SELL
2016-04-19T17:03:04.000000;2016-04-19T17:03:04.930435;2973e76a-3517-4237-848e-a63d6551ac40;9.12;11.1014909;SELL
2016-04-19T17:06:23.000000;2016-04-19T17:06:23.230290;c9c343a5-f670-493d-a7d2-1711e42f6b8c;9.12;7.40099377;SELL
2016-04-19T17:06:27.000000;2016-04-19T17:06:27.083633;b603cd38-d80d-4acd-892e-a5639878cbc6;9.12;7.40099377;SELL
2016-04-19T17:06:29.000000;2016-04-19T17:06:29.040820;fa54e650-0d09-47fe-839c-df2b9c247c83;9.12;7.40099377;SELL
2016-04-19T17:06:32.000000;2016-04-19T17:06:32.399176;61bd7d13-ba80-43b7-aca2-39af036f038c;9.12;6.72;SELL
2016-04-19T17:07:53.000000;2016-04-19T17:07:53.156234;8be8f8ec-1196-4c35-95e3-dc5675608a6e;9.12;9.97552779;SELL
2016-04-19T17:08:20.000000;2016-04-19T17:08:20.505970;6423af93-4041-4102-b07f-c593f587b22d;9.11;2.962914;SELL
2016-04-19T17:08:20.000000;2016-04-19T17:08:20.853006;0425902e-6d83-4298-805a-5612f69fbc64;9.11;8.15076295;SELL
2016-04-19T17:08:21.000000;2016-04-19T17:08:21.645090;8482eb27-19b7-45b3-800e-f40dff9363f0;9.11;2.962914;SELL
2016-04-19T17:08:29.000000;2016-04-19T17:08:29.738916;a6fadf67-36a8-4b1b-9210-37883fafcea9;9.11;11.11367695;SELL
2016-04-19T17:08:29.000000;2016-04-19T17:08:29.809945;b2ac3ba6-5744-4554-8ff1-43550cec0f78;9.11;24.8097321;SELL
2016-04-19T17:08:33.000000;2016-04-19T17:08:33.218283;1ad5c2f4-25a7-4050-bba4-3251a022bc75;9.101;3.9073;SELL
2016-04-19T17:10:41.000000;2016-04-19T17:10:41.899148;81726a4f-df9e-4955-b629-d4ba5091e97c;9.095;0.7;BUY
2016-04-19T17:10:41.000000;2016-04-19T17:10:41.904124;c7dbea03-0046-4ffd-8bdc-6ab577c7cceb;9.096;42.6;BUY
2016-04-19T17:11:42.000000;2016-04-19T17:11:42.376167;ec481351-f39b-454e-9017-0b39915e55f5;9.096;80.0;BUY
2016-04-19T17:13:57.000000;2016-04-19T17:13:57.202246;11d6cc5b-341a-48a5-8d3f-7fe04838ffa5;9.0859;11.13201239;BUY
2016-04-19T17:13:57.000000;2016-04-19T17:13:57.214252;768a9ff8-81ed-4e6e-a728-1635120166b0;9.086;20.70077761;BUY
2016-04-19T17:15:35.000000;2016-04-19T17:15:35.207090;da568a4b-26e2-441e-8bac-8be63832f6a5;9.05;11.18735878;SELL
2016-04-19T17:15:36.000000;2016-04-19T17:15:36.718192;91f7f0c3-abea-41e4-90f0-99f48dfc26e2;9.05;1.944889;SELL
2016-04-19T17:15:38.000000;2016-04-19T17:15:38.602407;d55d5e86-d827-456d-9618-aa8f9e72a3b6;9.05;1.69983183;SELL
2016-04-19T17:15:39.000000;2016-04-19T17:15:39.182461;d9f5e62b-ad61-42aa-880a-d82269cb4ecd;9.05;9.48752695;SELL
2016-04-19T17:16:50.000000;2016-04-19T17:16:50.881624;5ede1a6a-3623-46cb-aced-b8d1290f8c80;9.05;11.18573305;SELL
2016-04-19T17:16:55.000000;2016-04-19T17:16:55.490079;2a7c1d58-fb6b-4310-b342-0933babd45bd;9.05;11.18735899;SELL
2016-04-19T17:16:57.000000;2016-04-19T17:16:57.796299;887ec3d5-1e9d-4e18-b945-67516d3f142e;9.05;11.18735899;SELL
2016-04-19T17:16:59.000000;2016-04-19T17:16:59.744505;38fdbf36-4aaf-4944-a28c-ff17709a2d6b;9.089;11.04972376;BUY
2016-04-19T17:17:41.000000;2016-04-19T17:17:41.563673;7ea53e7b-6ff6-47bc-b496-8e9dcf95685d;9.05;11.18735899;SELL
2016-04-19T17:17:42.000000;2016-04-19T17:17:42.394785;7d8b19cb-93a1-49d2-bbd7-9a703e6dc49d;9.05;11.18735899;SELL
2016-04-19T17:17:42.000000;2016-04-19T17:17:42.611781;3e4b1ef7-0558-4709-932c-e6674522c647;9.05;0.16602873;SELL
2016-04-19T17:17:42.000000;2016-04-19T17:17:42.647800;ce95d147-fea2-45f4-a64d-104a0916d55e;9.05;31.18443266;SELL
2016-04-19T17:17:43.000000;2016-04-19T17:17:43.598884;d8f343f5-ef13-4ff9-9894-4b28347d3cc5;9.05;131.26506304;SELL
2016-04-19T17:17:45.000000;2016-04-19T17:17:45.726141;bfd42b58-744a-47c3-ab7f-ad42c3fdaa40;9.0401;7.45823917;SELL
2016-04-19T17:17:48.000000;2016-04-19T17:17:48.902430;bf5714a6-ac9f-4411-805a-58560cf0f8f6;9.0401;5.97737891;SELL
2016-04-19T17:17:53.000000;2016-04-19T17:17:53.583887;7697a6e0-76f1-4549-bd82-5a9e1373a9fb;9.0401;5.97737891;SELL
2016-04-19T17:17:55.000000;2016-04-19T17:17:55.709103;f4a3d0d4-5e81-4b75-b52b-7362ea75b266;9.0401;45.34950301;SELL
2016-04-19T17:17:55.000000;2016-04-19T17:17:55.712103;67344586-d968-4e93-899a-90a507cc61fa;9.03;3.28484299;SELL
2016-04-19T17:18:17.000000;2016-04-19T17:18:17.387303;60058c8b-26be-4abd-859e-a7e6eefe9316;9.03;6.81515701;SELL
2016-04-19T17:18:21.000000;2016-04-19T17:18:22.863821;586a7bf7-8d5e-4fa6-9be8-7a5c2b212adc;9.0111;5.0;SELL
2016-04-19T17:18:21.000000;2016-04-19T17:18:22.869824;aa0a9719-3dc4-4403-9304-4094987337d4;9.0001;17.5218;SELL
2016-04-19T17:18:21.000000;2016-04-19T17:18:22.887808;21261729-ee2f-4aa2-8386-7e8f7ecbf16a;9.0;58.65846338;SELL
2016-04-19T17:19:10.000000;2016-04-19T17:19:10.193542;84fc6dea-b1bf-479b-b93c-c99e4fe69be5;9.0;7.36423662;SELL
2016-04-19T17:19:10.000000;2016-04-19T17:19:10.195539;4e8cb298-b105-448d-af99-83d47131d414;9.0;0.1428609;SELL
2016-04-19T17:19:10.000000;2016-04-19T17:19:10.374551;ebae7efc-2ebf-4324-b158-d84890dce439;9.0;7.49967375;SELL
2016-04-19T17:19:11.000000;2016-04-19T17:19:11.166676;d60b1b50-f486-49e4-995a-7c11f40ce029;9.0;7.49967375;SELL
2016-04-19T17:19:11.000000;2016-04-19T17:19:11.433685;0c51d358-d043-477a-94c3-9eae8123e1be;9.0;7.49959042;SELL
2016-04-19T17:19:11.000000;2016-04-19T17:19:11.903723;f2867f0c-f938-4902-b7d8-c95b936ee66b;9.0;7.49967375;SELL
2016-04-19T17:19:12.000000;2016-04-19T17:19:12.753804;7643ccbf-02f1-497d-aa41-73b4f0ee8058;9.0;7.49967375;SELL
2016-04-19T17:19:13.000000;2016-04-19T17:19:13.716415;47d7eec4-6d18-4d56-98d9-0697a69721dc;9.0;7.49967375;SELL
2016-04-19T17:19:14.000000;2016-04-19T17:19:14.587980;f30c5b1c-f5bf-4c38-9dd9-576ffb7a397e;9.0;7.49967375;SELL
2016-04-19T17:19:14.000000;2016-04-19T17:19:14.648994;3557b7e5-9d50-4301-8bc3-61fcdda5e336;9.0;7.50709752;SELL
2016-04-19T17:19:15.000000;2016-04-19T17:19:15.490081;d69e88a0-e9ea-4880-8a7a-cf8dda445f48;9.0;7.49967375;SELL
2016-04-19T17:19:16.000000;2016-04-19T17:19:16.054142;88b0bef4-7747-4552-8045-f0fd562fa6df;9.0;7.50709752;SELL
2016-04-19T17:19:16.000000;2016-04-19T17:19:16.833204;364358ec-9a7d-419f-997e-a6a9d0e65697;9.0;7.49967375;SELL
2016-04-19T17:19:17.000000;2016-04-19T17:19:17.191251;bd445496-b661-45c6-9f30-10f85bec7315;9.0;7.50718093;SELL
2016-04-19T17:19:17.000000;2016-04-19T17:19:17.447278;166c800c-430d-4827-90ff-2eccb2fc75ce;9.0;7.49967375;SELL
2016-04-19T17:19:18.000000;2016-04-19T17:19:18.507416;cff7fee6-a986-4761-a7d6-b17f7bb17cbf;9.0;2.33910896;SELL
2016-04-19T17:19:19.000000;2016-04-19T17:19:19.624480;32c0b117-b923-4b5a-b0f9-0a2201f32e8e;8.996;1.0;SELL
2016-04-19T17:19:20.000000;2016-04-19T17:19:20.577593;5eb1b47d-dd06-49c9-98a7-876272fe0ded;8.98;0.99955508;SELL
2016-04-19T17:19:24.000000;2016-04-19T17:19:24.166987;9dea3329-0cf1-47e7-9152-c98ae1952f75;8.98;1.0;SELL
2016-04-19T17:20:37.000000;2016-04-19T17:20:37.972329;6bf1b61c-1541-474e-b587-693a0c1d9910;8.967;43.3;BUY
2016-04-19T17:21:21.000000;2016-04-19T17:21:21.352665;7098b0f9-5650-43d6-85de-1704fb65dbd6;8.967;83.2725;BUY
2016-04-19T17:21:21.000000;2016-04-19T17:21:21.365659;80b04fc4-a8fb-4b1d-a8b4-5740ba7f9973;8.9688;10.70044492;BUY
2016-04-19T17:21:21.000000;2016-04-19T17:21:21.378666;5f5cb1db-febe-4f2f-9a1d-c70f68ee4d71;8.9929;1.0;BUY
2016-04-19T17:21:21.000000;2016-04-19T17:21:21.401663;303010c3-63ba-4fa0-a237-9902298890ab;8.9929;1.0;BUY
2016-04-19T17:21:21.000000;2016-04-19T17:21:21.402661;2c179174-42f4-46cc-af5e-2f1df9aeea2c;8.9929;1.0;BUY
2016-04-19T17:21:21.000000;2016-04-19T17:21:21.402661;a899101d-bf33-4c94-84af-4591d4e53c3c;8.9929;7.50718093;BUY
2016-04-19T17:21:21.000000;2016-04-19T17:21:21.402661;19b16427-1144-48e2-b2c5-366a2039f8bf;9.006;5.96817415;BUY
2016-04-19T17:21:29.000000;2016-04-19T17:21:29.373473;a01ff59f-3400-4402-9859-793bd287b29f;8.9116;1.3;SELL
2016-04-19T17:21:29.000000;2016-04-19T17:21:29.391466;49689731-f229-4b4f-a35a-cd51654c474c;8.9101;7.56776805;SELL
2016-04-19T17:21:29.000000;2016-04-19T17:21:29.398468;297ce4ac-f8b0-44b2-84e0-14e886b925eb;8.91;40.21330504;SELL
2016-04-19T17:21:29.000000;2016-04-19T17:21:29.429483;59642a88-dfd6-47e5-9a39-b102835e3cd1;8.91;2.93984;SELL
2016-04-19T17:21:29.000000;2016-04-19T17:21:29.430475;91f1267e-c052-4814-b89b-64d8ec05d62f;8.908;0.4417;SELL
2016-04-19T17:21:29.000000;2016-04-19T17:21:29.430475;6e53362c-567a-426e-a784-42b506cacac0;8.908;1.0;SELL
2016-04-19T17:21:29.000000;2016-04-19T17:21:29.539515;a978ab67-1df8-4ac4-a4ee-3cba3e6067d5;8.9062;7.56725848;BUY
2016-04-19T17:21:30.000000;2016-04-19T17:21:30.368572;11c65781-bbdc-4428-b7e3-d5a7a94be3a2;8.9062;31.3;BUY
2016-04-19T17:21:31.000000;2016-04-19T17:21:31.121673;ec04ff48-3244-4c74-99b8-6958a49c9f22;8.9062;22.67012843;BUY
2016-04-19T17:22:25.000000;2016-04-19T17:22:25.826103;9882972a-b586-435d-945c-155e8bae3e78;8.991;0.9966;BUY
2016-04-19T17:23:28.000000;2016-04-19T17:23:28.804438;9e6a7a4a-0101-4e72-923a-3202d704f3bb;8.99;1.3;BUY
2016-04-19T17:23:28.000000;2016-04-19T17:23:28.821413;3e161c53-dcf0-4acb-8b21-efc786e24818;9.0111;3.83752621;BUY
2016-04-19T17:23:28.000000;2016-04-19T17:23:28.823412;13d9d801-4ec6-4eff-8e3d-2d97e37e2b8f;9.0111;0.42359046;BUY
2016-04-19T17:24:45.000000;2016-04-19T17:24:45.412065;f3c76ff5-45bf-4968-8b22-cfffa2328a20;9.01;11.22578859;BUY
2016-04-19T17:33:09.000000;2016-04-19T17:33:09.622339;6d32c3be-cd42-464c-b2a6-f33927ab334f;9.007;12.0;BUY
2016-04-19T17:33:23.000000;2016-04-19T17:33:23.071684;59d2ac3d-36dd-40a2-9bb7-ceb2385d18a4;9.007;12.0;BUY
2016-04-19T17:36:42.000000;2016-04-19T17:36:42.614631;9de26e7b-f6c4-4280-8c36-a795adcd40f7;8.936;2.88943402;SELL
2016-04-19T17:36:45.000000;2016-04-19T17:36:45.364914;84390917-1050-4eeb-ab93-2a8d4ed178f8;8.936;3.81056598;SELL
2016-04-19T17:36:45.000000;2016-04-19T17:36:45.367916;53b07c4e-4cea-4612-837f-e2330ba13bd0;8.935;3.5;SELL
2016-04-19T17:36:45.000000;2016-04-19T17:36:45.383909;788334c7-860f-41e5-a6fc-8b593d419884;8.932;16.64475237;SELL
2016-04-19T17:39:22.000000;2016-04-19T17:39:22.814679;2afd9d48-d8fe-4634-a992-75006fffc834;8.951;11.29978273;BUY
2016-04-19T17:39:22.000000;2016-04-19T17:39:22.828671;8f1a566f-60c7-44c4-8565-fd1c52fb8c72;8.951;3.43336509;BUY
2016-04-19T17:39:22.000000;2016-04-19T17:39:22.886706;6fa815e4-ba59-4604-ab90-7e4de82e5fd8;8.951;1.05155801;BUY
2016-04-19T17:39:39.000000;2016-04-19T17:39:39.235311;82d57086-cb4f-4c9c-a739-c4df9fa1cd26;8.951;0.81529417;BUY
2016-04-19T17:47:57.000000;2016-04-19T17:47:57.482282;33564207-827e-4f6c-b322-b01e81b57b2b;9.0111;1.10231;BUY
2016-04-19T17:49:07.000000;2016-04-19T17:49:08.008355;c20e06df-0587-4808-8c1a-5210023153ea;9.0101;2.31131131;BUY
2016-04-19T17:49:09.000000;2016-04-19T17:49:09.131471;d72f594b-9a10-4076-adf7-86fceb0772cb;9.0101;2.31131131;BUY
2016-04-19T17:50:07.000000;2016-04-19T17:50:07.572302;fc181172-596e-4c48-9d52-7926d7764646;9.0101;0.25;BUY
2016-04-19T17:50:26.000000;2016-04-19T17:50:26.446177;ae088656-1cb2-465d-b2e0-7fc58145779a;9.0111;2.31162575;BUY
2016-04-19T18:02:45.000000;2016-04-19T18:02:45.212295;9199ac27-0143-4c70-a493-c353de6c9bfa;9.0401;5.97737891;BUY
2016-04-19T18:02:45.000000;2016-04-19T18:02:45.487323;ab38e55b-0e7c-4b1d-9236-431cd62104f7;9.041;1.8;SELL
2016-04-19T18:09:01.000000;2016-04-19T18:09:02.054964;bf613b92-f19f-4c3a-8e61-247a55746817;9.04;5.0;SELL
2016-04-19T18:18:07.000000;2016-04-19T18:18:07.391586;0e04e35d-1e6d-4db4-a049-4b9eb1fcb116;9.0515;0.1;BUY
2016-04-19T18:18:18.000000;2016-04-19T18:18:18.856768;f5f8fdcc-7db1-4a2f-b441-3dbfa22be6ca;9.0;0.1;SELL
2016-04-19T18:34:17.000000;2016-04-19T18:34:17.372113;d27ced9e-b08c-4baa-8fa7-a6ae79de25be;9.0;0.9;SELL
2016-04-19T18:39:14.000000;2016-04-19T18:39:14.156761;01bec9c2-c3dd-4b36-8f99-60cab5345871;9.0;0.81085494;BUY
2016-04-19T19:10:22.000000;2016-04-19T19:10:22.204221;6f982d54-e94d-4bb9-8f20-49d7492bfbb4;8.9958;5.28734913;BUY
2016-04-19T19:10:22.000000;2016-04-19T19:10:22.526257;3c195b00-e5eb-4669-9d11-229cba6518a9;8.9958;0.79818913;BUY
2016-04-19T19:10:25.000000;2016-04-19T19:10:25.768570;6d4cd04c-b97e-495f-936e-5bdf58103dfc;8.9957;1.29789303;BUY
2016-04-19T19:10:27.000000;2016-04-19T19:10:27.671749;848140a8-59b3-4118-b12b-be77ce9b1907;8.9957;0.79818913;BUY
2016-04-19T19:12:36.000000;2016-04-19T19:12:36.244887;f89c9b72-2f15-4dc6-a604-bfba8d54da31;8.992;1.82512307;SELL
2016-04-19T19:17:24.000000;2016-04-19T19:17:24.451787;95d46e0e-6904-412c-953e-f8b2f540a85d;8.9958;2.30361868;BUY
2016-04-19T19:17:24.000000;2016-04-19T19:17:24.462720;61a6ceae-8475-46c1-af62-6ffa210323ca;8.9958;3.3257426;BUY
2016-04-19T19:17:24.000000;2016-04-19T19:17:24.463715;4d3f6e73-bd7e-47b1-9ab7-03df2750a101;9.0;0.08914506;BUY
2016-04-19T19:31:21.000000;2016-04-19T19:31:21.424820;746d097f-9572-4907-8aeb-8dd7bf5f713b;9.0048;8.31888055;BUY
2016-04-19T19:31:21.000000;2016-04-19T19:31:21.441835;406bc57d-8a60-4cb4-b7e7-470db6e47bd1;9.0049;5.17875845;BUY
2016-04-19T19:37:05.000000;2016-04-19T19:37:05.502218;cdfbebdf-418f-422b-a64d-b291172083cd;9.018;30.18745226;SELL
2016-04-19T19:37:05.000000;2016-04-19T19:37:05.546239;5025ddc8-b31c-42c0-8222-b8a318292cc2;9.018;3.93749377;SELL
2016-04-19T19:37:05.000000;2016-04-19T19:37:05.679249;89027671-c9c8-471f-b130-1af6c91308cd;9.018;0.51358615;SELL
2016-04-19T19:37:05.000000;2016-04-19T19:37:05.941301;76e1735b-cde3-48d9-88f8-2d08ff13c238;9.018;3.4340692;SELL
2016-04-19T20:10:23.000000;2016-04-19T20:10:23.549956;d63db1bb-e548-4155-bec4-11b0858f26fb;9.0949;2.65189823;BUY
2016-04-19T20:10:23.000000;2016-04-19T20:10:23.979029;bc01efd6-1f72-41b2-b878-8314505e3779;9.0949;1.99375995;BUY
2016-04-19T20:10:24.000000;2016-04-19T20:10:24.628096;b7084bd1-d738-40ee-a408-2c749446b638;9.0949;1.6697137;BUY
2016-04-19T20:10:24.000000;2016-04-19T20:10:25.114116;c3b7177e-c3aa-4a85-a8f8-cd71ff9773c7;9.0949;2.21582153;BUY
2016-04-19T20:10:24.000000;2016-04-19T20:10:25.126122;cd4b0e6e-3344-44fc-be4d-0ca25e7e70cc;9.0949;4.20762653;BUY
2016-04-19T20:10:24.000000;2016-04-19T20:10:25.128133;d2303b3c-e7a2-45fc-974d-7f99b20ae233;9.095;0.41674113;BUY
2016-04-19T20:10:25.000000;2016-04-19T20:10:25.253132;586af257-1854-425a-8c15-a603170c5c70;9.0949;2.65189823;BUY
2016-04-19T20:10:25.000000;2016-04-19T20:10:25.618218;8d62ab17-73ea-4394-bcf7-59f4f5acf6cd;9.0949;2.65189823;BUY
2016-04-19T20:10:26.000000;2016-04-19T20:10:26.095204;429a1eb4-6ef2-42ee-9678-6bec16768324;9.094;1.6697137;BUY
2016-04-19T20:11:06.000000;2016-04-19T20:11:06.337254;285aaa61-5102-438f-8248-8f341b60f5de;9.0951;0.85;BUY
2016-04-19T20:11:06.000000;2016-04-19T20:11:06.354266;76ad40e0-0f1a-4e69-b56e-77c560a2b829;9.0963;0.73396701;BUY
2016-04-19T20:11:22.000000;2016-04-19T20:11:22.636876;c9831fc6-69bd-4f90-a417-788aa85e1695;9.0989;5.59737991;BUY
2016-04-19T20:40:38.000000;2016-04-19T20:40:38.385449;7b081bdd-e6ba-4f4b-8d7f-a64b04b2a2d6;9.076;5.00322117;BUY
2016-04-19T20:40:54.000000;2016-04-19T20:40:54.489056;d0438f03-2fbf-4293-b8e1-6d4b19caf11d;9.068;0.1;SELL
2016-04-19T20:40:54.000000;2016-04-19T20:40:54.502072;6c97a9dc-5088-4c89-b03e-9a67cdd93c05;9.0221;3.218193;SELL
2016-04-19T20:40:54.000000;2016-04-19T20:40:54.975116;2957e933-d743-4153-9a82-973273865b42;9.0221;0.1;SELL
2016-04-19T20:40:56.000000;2016-04-19T20:40:56.659345;3c2b9f27-8a0d-4634-8a71-6029b34ff2e0;9.068;0.1;SELL
2016-04-19T20:45:23.000000;2016-04-19T20:45:24.033971;cbb9357d-6183-43cd-b49a-80b1486dec94;9.006;3.00009602;SELL
2016-04-19T20:45:23.000000;2016-04-19T20:45:24.051955;ddf7416b-2422-4faa-9e75-6c0844f4e52c;9.0053;5.71850634;SELL
2016-04-19T20:45:23.000000;2016-04-19T20:45:24.053940;6afd2868-575a-4869-81f5-b3600f69f7da;9.0052;4.99821795;SELL
2016-04-19T20:45:23.000000;2016-04-19T20:45:24.077999;62f19287-c86a-4d3d-ad21-5eb7b8c56112;9.0052;7.8047304;SELL
2016-04-19T20:45:23.000000;2016-04-19T20:45:24.084954;df5e5465-93a8-4656-90a6-720b3dfe761b;9.005;0.002361;SELL
2016-04-19T20:45:27.000000;2016-04-19T20:45:27.954383;e7d4410e-ff3e-4d15-8fe7-d2da92eb625d;9.004;39.9;BUY
2016-04-19T20:50:00.000000;2016-04-19T20:50:00.581116;882592e2-f7d7-4911-bf7a-178c6b89f2d3;8.9;1.10005602;SELL
2016-04-19T20:50:27.000000;2016-04-19T20:50:27.179256;0949cf8b-2373-4e95-95e9-76f881c22f18;8.9;8.99994398;SELL
2016-04-19T20:50:27.000000;2016-04-19T20:50:27.182268;b96b63c0-3e0a-43b8-a750-a870feb479be;8.9;0.99684484;SELL
2016-04-19T20:50:33.000000;2016-04-19T20:50:33.224866;5c398fc2-28ed-4162-b471-75e5666cdddc;8.9;5.69749864;SELL
2016-04-19T20:50:34.000000;2016-04-19T20:50:34.185987;d180f5ad-b9e4-496d-9ba8-0b4ccdebb112;8.9;4.04561698;SELL
2016-04-19T20:50:34.000000;2016-04-19T20:50:34.954036;7b331bdc-b8c0-4f7a-9635-fbd92e795bda;8.9;9.74285221;SELL
2016-04-19T20:50:34.000000;2016-04-19T20:50:34.991022;26c4678a-8c93-464e-b40f-61ffb2dfad9a;8.9;10.86168674;SELL
2016-04-19T20:50:35.000000;2016-04-19T20:50:35.344128;55b6e846-a2f7-4461-a67c-ca7b9473384d;8.9;2.12671792;SELL
2016-04-19T20:50:35.000000;2016-04-19T20:50:35.513079;946464a0-850e-4991-b9c8-d866aa413082;8.9;225.24728228;SELL
2016-04-19T20:50:35.000000;2016-04-19T20:50:35.524092;1979b7e2-4ad9-4138-9093-375ac729a702;8.891;2.965061;SELL
2016-04-19T20:50:41.000000;2016-04-19T20:50:41.686742;c5d4605c-a45f-43b3-b8ff-650802e50a6b;8.889;17.30006;BUY
2016-04-19T20:51:00.000000;2016-04-19T20:51:00.310573;21b25e3c-45a6-49a5-8eb7-034a8e4a8ab2;8.8822;17.3;SELL
2016-04-19T20:51:01.000000;2016-04-19T20:51:01.901739;1931561a-0082-4f59-8201-3f1ea0a84a52;8.8822;6e-05;SELL
2016-04-19T20:51:05.000000;2016-04-19T20:51:05.865191;12a4deeb-f305-4abc-880f-30e8cbb42b8a;8.8644;11.12756367;SELL
2016-04-19T20:51:09.000000;2016-04-19T20:51:09.642496;dae1fafb-1a4b-43a4-8530-8fd181edaf7c;8.8644;6.17249633;SELL
2016-04-19T20:51:09.000000;2016-04-19T20:51:09.654517;c21e560c-dbbe-4189-9ac2-1b0c3714cd6e;8.86;2.0;SELL
2016-04-19T20:51:09.000000;2016-04-19T20:51:09.660539;0cb30dbe-9806-4f5f-8f99-3b64a2fd907d;8.858;0.68835002;SELL
2016-04-19T20:51:11.000000;2016-04-19T20:51:11.574706;01b9a671-1607-44bd-b4a9-90dc90c44b1e;8.858;4.31164998;SELL
2016-04-19T20:51:21.000000;2016-04-19T20:51:21.552706;5ea5db00-e8be-4994-94d5-9c3411888c84;8.8639;4.31164998;BUY
2016-04-19T20:51:21.000000;2016-04-19T20:51:21.556739;888206ad-40f1-4f66-94e8-8cf4487d72df;8.8639;1.84855002;BUY
2016-04-19T20:51:24.000000;2016-04-19T20:51:24.720998;37a69798-7633-4614-9577-b53ee953922c;8.8639;0.1;BUY
2016-04-19T20:51:26.000000;2016-04-19T20:51:26.393169;a8c1dcd6-6034-46b8-9693-2abda4de3441;8.8501;70.1568;SELL
2016-04-19T20:51:26.000000;2016-04-19T20:51:26.400170;abf3e6ea-5fe8-46d8-b58d-5595eb63ddb6;8.85;9.8432;SELL
2016-04-19T20:51:46.000000;2016-04-19T20:51:47.060236;3a49ada7-8b95-421e-972e-0dcd563e1ce2;8.8639;6.1602;BUY
2016-04-19T20:51:49.000000;2016-04-19T20:51:49.809561;de6daae5-fc12-4a9a-81bd-9d31970e1c60;8.85;0.1568;SELL
2016-04-19T20:51:49.000000;2016-04-19T20:51:49.817539;688eb055-26a9-4912-842a-7dd6853d83c3;8.85;2.98366358;SELL
2016-04-19T20:52:25.000000;2016-04-19T20:52:25.147198;c5d00fb5-bea6-4752-9aa1-c3ecc5820cad;8.85;5.60995688;SELL
2016-04-19T20:52:29.000000;2016-04-19T20:52:29.582530;123ab04d-449c-4cb1-966f-942afdf6605d;8.8636;7.6888;BUY
2016-04-19T20:52:40.000000;2016-04-19T20:52:40.604586;14d42013-64cc-4443-98a2-7131037bd334;8.85;1.50637954;SELL
2016-04-19T20:52:40.000000;2016-04-19T20:52:40.615621;1301ee1a-c40e-4865-b8c3-3ad1b45e411e;8.85;100.0;SELL
2016-04-19T20:52:42.000000;2016-04-19T20:52:42.540787;d98e5918-293b-4309-93fd-47129a288386;8.8466;10.00598183;SELL
2016-04-19T20:52:44.000000;2016-04-19T20:52:44.055974;f7b8c817-e14c-47d3-b878-ba8a62ebca6e;8.8466;7.29407817;SELL
2016-04-19T20:54:50.000000;2016-04-19T20:54:50.214554;72398191-4f3e-41e8-a274-74680cad89b7;8.831;16.47124372;BUY
2016-04-19T20:54:53.000000;2016-04-19T20:54:53.473871;40300527-2ff0-45b4-8a40-f6fa0256518b;8.831;68.31315628;BUY
2016-04-19T20:54:53.000000;2016-04-19T20:54:53.477883;951c0710-8204-4dbf-a792-6e6787f366b6;8.8349;10.00598183;BUY
2016-04-19T20:54:53.000000;2016-04-19T20:54:53.478875;e0af53e8-ecf0-454b-a90f-b8e2649c3e10;8.8619;1.68086189;BUY
2016-04-19T20:59:00.000000;2016-04-19T20:59:00.296436;dbc8f3d5-a4be-4f2c-a63c-407bebbeeb14;8.8619;1.45960169;BUY
2016-04-19T20:59:00.000000;2016-04-19T20:59:00.307445;52adaa96-d546-4caf-8e75-28772c8e2d82;8.862;84.6394;BUY
2016-04-19T20:59:00.000000;2016-04-19T20:59:00.322441;111de953-e6c8-4424-9765-b20cf6e22ba2;8.87;4.00892205;BUY
2016-04-19T20:59:00.000000;2016-04-19T20:59:00.336486;641edbe4-3019-40c5-af12-5b3e28baf240;8.888;45.89207626;BUY
2016-04-19T21:01:29.000000;2016-04-19T21:01:30.029410;66cc2515-983c-4b63-a7d8-4f38c08c1818;8.8123;5.0;SELL
2016-04-19T21:02:23.000000;2016-04-19T21:02:23.946805;64c674e5-8fda-4974-b406-e996c67a1d48;8.8;4.0367;SELL
2016-04-19T21:02:39.000000;2016-04-19T21:02:39.330341;73ae0cb5-8ad3-4de1-9baa-5d30476fce31;8.79;0.10570369;SELL
2016-04-19T21:02:41.000000;2016-04-19T21:02:41.189526;e4607583-757f-4518-8933-449a87043e07;8.79;0.10570369;SELL
2016-04-19T21:02:41.000000;2016-04-19T21:02:41.760568;c8498040-5d6c-48c2-96bc-02d7907d436b;8.79;0.10570369;SELL
2016-04-19T21:02:41.000000;2016-04-19T21:02:42.030688;2d36b4db-a5f0-420b-9ea9-f6ba04a6772c;8.79;0.10570369;SELL
2016-04-19T21:02:51.000000;2016-04-19T21:02:51.760579;f2e4e8e7-c7db-467f-a9e5-166b9402af54;8.79;0.07718524;SELL
2016-04-19T21:02:51.000000;2016-04-19T21:02:51.767582;dede87f2-a56d-4bc9-8271-13bddf91d7bb;8.78;0.02774105;SELL
2016-04-19T21:03:10.000000;2016-04-19T21:03:10.298433;4536325a-6667-479c-949c-dae6b76dd825;8.78;1.87003632;SELL
2016-04-19T21:03:10.000000;2016-04-19T21:03:10.977505;6b799084-612e-4a36-a7de-04b39cc50c90;8.78;1.02213333;SELL
2016-04-19T21:03:11.000000;2016-04-19T21:03:11.682566;f4076722-57a3-4cd6-aba9-e8d709c214c7;8.78;0.10859598;SELL
2016-04-19T21:03:12.000000;2016-04-19T21:03:12.078635;0460c12a-292e-45bd-9715-23b335cb0f34;8.78;1.57714888;SELL
2016-04-19T21:03:13.000000;2016-04-19T21:03:13.139736;dd3d5a61-df06-4ce0-aa16-f6756d089a81;8.78;1.76410631;SELL
2016-04-19T21:03:13.000000;2016-04-19T21:03:13.609758;0ab3fdb1-c895-4ef3-a32d-41abdfcad242;8.78;1.01946737;SELL
2016-04-19T21:04:08.000000;2016-04-19T21:04:08.062231;a1778928-8605-4f05-986c-62ae47022d55;8.78;3.31077076;SELL
2016-04-19T21:04:08.000000;2016-04-19T21:04:08.074218;4fc6e065-9b3d-4e2d-be7a-603cf0c29b2d;8.758;2.0;SELL
2016-04-19T21:04:08.000000;2016-04-19T21:04:08.077220;a148c5b0-2ca6-4562-9d06-230f7fc6a18f;8.758;2.0;SELL
2016-04-19T21:04:08.000000;2016-04-19T21:04:08.102217;37748424-2f3c-47d2-aeb3-1310aa0a6ddf;8.75;10.0;SELL
2016-04-19T21:04:08.000000;2016-04-19T21:04:08.102217;246b6f76-46f8-42c8-b599-74f52dd7789e;8.745;16.1354;SELL
2016-04-19T21:04:08.000000;2016-04-19T21:04:08.102217;e7362fd6-5612-4254-a9b7-101fa2e45e5f;8.725;13.484;SELL
2016-04-19T21:04:08.000000;2016-04-19T21:04:08.102217;33d1457f-de4d-4ce8-a386-2ee038b4dc7a;8.722;22.27006924;SELL
2016-04-19T21:07:35.000000;2016-04-19T21:07:35.820992;54bc4f9c-91d1-448f-b0e9-6442438cefb3;8.8045;2.0;BUY
2016-04-19T21:10:00.000000;2016-04-19T21:10:00.955507;127da309-9948-4a4f-aa09-b7c71e9e0f5c;8.823;2.0;BUY
2016-04-19T21:10:07.000000;2016-04-19T21:10:07.409136;90c15a1b-e9ff-4b62-a373-1f0a09b2d7e7;8.83;2.0;BUY
2016-04-19T21:10:16.000000;2016-04-19T21:10:16.052000;299a5ebc-2a43-43d0-a937-2d83cf00b2a9;8.845;2.0;BUY
2016-04-19T21:10:24.000000;2016-04-19T21:10:24.345834;905e9eaa-2943-4889-9055-f52ec4c169cc;8.845;0.1;BUY
2016-04-19T21:16:01.000000;2016-04-19T21:16:01.296413;b9c42763-4206-49c5-9968-c2205dfa2b4d;8.7751;2.347265;SELL
2016-04-19T21:16:01.000000;2016-04-19T21:16:01.312395;2ea31e75-7631-43f7-abab-493fd271024c;8.775;1.78800788;SELL
2016-04-19T21:16:02.000000;2016-04-19T21:16:02.996557;21227ab0-9973-4f49-8759-7c13fef8db42;8.775;0.21199212;SELL
2016-04-19T21:16:05.000000;2016-04-19T21:16:05.747833;a963d5de-2cd2-4984-93e2-9f06ad114031;8.758;2.0;SELL
2016-04-19T21:16:05.000000;2016-04-19T21:16:05.757825;6965b923-1152-4ece-934d-18fb9f840955;8.758;1.92328027;SELL
2016-04-19T21:16:51.000000;2016-04-19T21:16:51.601423;f32c6517-7282-4050-b445-4a1894b6bcee;8.7471;2.99709594;SELL
2016-04-19T21:16:52.000000;2016-04-19T21:16:52.128459;7877764a-3fd2-4250-a5ea-16919f978f8e;8.7471;2.68466099;SELL
2016-04-19T21:17:08.000000;2016-04-19T21:17:08.689147;b0dbc91d-0b71-45ab-a48a-fe987b053b63;8.7471;2.0;SELL
2016-04-19T21:17:09.000000;2016-04-19T21:17:09.852251;015e142d-e2ab-49b8-a000-17c0a5998529;8.7471;1.9;SELL
2016-04-19T21:17:22.000000;2016-04-19T21:17:22.731535;ac8805f5-08bd-4bce-935e-5e8146ca0052;8.7471;1.06895339;SELL
2016-04-19T21:17:41.000000;2016-04-19T21:17:41.763473;2ab100f3-20af-4d0d-b239-942cb0b7f4ad;8.75;1.0;SELL
2016-04-19T21:17:41.000000;2016-04-19T21:17:41.768464;7fc498dd-fbfe-4151-9e61-6d7cab88140a;8.7471;0.42894496;SELL
2016-04-19T21:17:42.000000;2016-04-19T21:17:42.998571;0383c400-6aa4-463c-8600-5bd84aeeead3;8.7471;1.00184734;SELL
2016-04-19T21:17:43.000000;2016-04-19T21:17:43.422626;c77b6104-729e-4bdb-8349-0b18c1b9fae1;8.7471;1.4303753;SELL
2016-04-19T21:17:43.000000;2016-04-19T21:17:43.491594;b54c45b6-c036-4432-baa3-d7a6ec9e428b;8.7471;0.43861794;SELL
2016-04-19T21:17:43.000000;2016-04-19T21:17:43.498307;f3e1ed5a-3cdd-47a6-8568-c879fe11711f;8.7471;0.99032702;SELL
2016-04-19T21:17:48.000000;2016-04-19T21:17:48.588108;c7c3456c-319b-4a90-9114-5ede052e5ef4;8.7471;1.43047438;SELL
2016-04-19T21:17:50.000000;2016-04-19T21:17:50.451314;641cef5d-fccb-4e14-a801-f6e9e747ae93;8.7471;1.43047438;SELL
2016-04-19T21:17:54.000000;2016-04-19T21:17:54.037656;90862e88-478b-4434-8e51-13a0b9fffd70;8.7471;0.54885;SELL
2016-04-19T21:19:18.000000;2016-04-19T21:19:18.550116;6681864d-bfa2-477f-bb27-81128272cb84;8.7774;0.1;BUY
2016-04-19T21:22:43.000000;2016-04-19T21:22:43.591625;9fb47df3-3ae0-4183-bc1f-af4631d86140;8.8129;4.13527288;BUY
2016-04-19T21:24:14.000000;2016-04-19T21:24:14.538706;ca7984ce-6e46-4a7d-85d5-24d9cfb4772b;8.845;0.834195;BUY
2016-04-19T21:24:14.000000;2016-04-19T21:24:14.554705;c7bdccc2-d3f4-49cf-be36-a051ac7fb4e1;8.867;81.386805;BUY
2016-04-19T21:28:26.000000;2016-04-19T21:28:27.033781;8641804f-bba2-4018-a372-0c8303ce166a;8.822;1.11689368;BUY
2016-04-19T21:28:27.000000;2016-04-19T21:28:27.046794;c385393f-76ea-4ef4-8462-5385a9efe43f;8.822;1.77386983;BUY
2016-04-19T21:34:09.000000;2016-04-19T21:34:09.418304;eca5a304-c886-4e9b-a998-22ba7b04e55f;8.813;0.00472712;SELL
2016-04-19T21:34:09.000000;2016-04-19T21:34:09.425070;bb235c8d-2cd3-406d-aaeb-d577ee4ac937;8.813;1.20477133;SELL
2016-04-19T21:34:12.000000;2016-04-19T21:34:12.202346;5eacca84-cbc2-4fed-be6a-88b708dd6fd9;8.813;1.20905025;SELL
2016-04-19T21:34:29.000000;2016-04-19T21:34:29.828063;99e14fec-7db1-495f-851a-2df920a33153;8.813;0.88734727;SELL
2016-04-19T21:34:40.000000;2016-04-19T21:34:40.826169;bc1b58af-c1f4-4724-ba90-3660c6036602;8.813;0.83883115;SELL
2016-04-19T21:46:24.000000;2016-04-19T21:46:24.080074;8bb21b6b-2d37-456b-80fe-4456d84880f9;8.822;0.49530217;BUY
2016-04-19T21:46:25.000000;2016-04-19T21:46:25.761181;f63b8618-f19e-44ec-9717-a4751fb44721;8.822;0.53825906;BUY
2016-04-19T21:46:26.000000;2016-04-19T21:46:26.368229;df329eeb-bdc9-40a9-8c1a-7eb4dd884172;8.822;0.53879773;BUY
2016-04-19T21:46:37.000000;2016-04-19T21:46:37.734310;0e10ae2e-134c-45c8-8219-f12778fa6f0d;8.822;1.05313829;BUY
2016-04-19T21:46:39.000000;2016-04-19T21:46:39.464510;4f5f37d2-5c09-4c4d-bcc6-424d27d1a1c7;8.822;0.79471843;BUY
2016-04-19T21:46:50.000000;2016-04-19T21:46:50.200582;80c5b29c-3718-456c-8dd0-da5140555ab2;8.822;0.42087684;BUY
2016-04-19T21:47:10.000000;2016-04-19T21:47:10.810772;7a3ef4a9-688e-4891-8b6f-32d1cda277bf;8.822;3.8;BUY
2016-04-19T21:47:32.000000;2016-04-19T21:47:32.441777;ad1f1458-b099-4fbc-9d91-99bbb5d69485;8.822;3.15420668;BUY
2016-04-19T21:47:32.000000;2016-04-19T21:47:32.866825;fd3581e3-229a-4782-b38e-a241d0de24d1;8.822;2.09233673;BUY
2016-04-19T21:47:34.000000;2016-04-19T21:47:34.294973;4b94c791-91a2-4063-90e6-b5bbc25cf24e;8.822;2.08988342;BUY
2016-04-19T21:47:37.000000;2016-04-19T21:47:37.580320;4f267ae1-f979-40f8-830c-eea85566325f;8.822;1.6219307;BUY
2016-04-19T21:47:38.000000;2016-04-19T21:47:38.334375;f956de61-8df2-459b-b21f-a50e2f8577e3;8.822;1.6219307;BUY
2016-04-19T21:47:43.000000;2016-04-19T21:47:43.341869;405a37e5-3249-4fde-becd-fd63ac9c2f5e;8.822;13.15;BUY
2016-04-19T21:47:44.000000;2016-04-19T21:47:44.569036;222615dd-2e0f-45a6-9d32-9875b18152a4;8.822;16.9548356;BUY
2016-04-19T22:10:21.000000;2016-04-19T22:10:21.571868;56eba046-62f1-406e-85b1-b054b229eb52;8.866;2.48778645;BUY
2016-04-19T22:13:36.000000;2016-04-19T22:13:36.216870;48d2cff7-31ca-4546-9336-479d4340ff30;8.8222;11.76283117;BUY
2016-04-19T22:13:36.000000;2016-04-19T22:13:36.227824;a86e697f-09e7-4250-8727-1ff00e9524fc;8.8222;4.39972428;BUY
2016-04-19T22:13:36.000000;2016-04-19T22:13:36.240846;22fae8c3-b78c-43e9-bf59-d197b933f359;8.8222;1.53428233;BUY
2016-04-19T22:13:37.000000;2016-04-19T22:13:37.173940;46fc3df1-cb02-4932-aee9-8cc3083e551d;8.8222;1.53428233;BUY
2016-04-19T22:13:37.000000;2016-04-19T22:13:37.501966;3d2008bc-0bf1-45a7-8a0d-3b83bf9143ee;8.8222;9.07394496;BUY
2016-04-19T22:13:37.000000;2016-04-19T22:13:37.522957;3b54f273-f5ad-43d4-b9a8-c4e8d97d2f86;8.8222;1.18355804;BUY
2016-04-19T22:13:38.000000;2016-04-19T22:13:38.100016;43b2d0e6-917f-416b-8428-8b6d0d3f18f6;8.8222;1.32032781;BUY
2016-04-19T22:13:38.000000;2016-04-19T22:13:38.292013;fcf45495-1b65-48aa-ad80-31681a3d04a3;8.8222;10.12251323;BUY
2016-04-19T22:13:39.000000;2016-04-19T22:13:39.520153;f85fb304-1d4f-452c-a59a-739e30f3bbd5;8.8222;4.05844065;BUY
2016-04-19T22:13:39.000000;2016-04-19T22:13:39.919206;bbafa71e-bd92-402a-98ca-cc824f640545;8.8222;0.52936195;BUY
2016-04-19T22:13:45.000000;2016-04-19T22:13:45.852795;def20d99-a1a2-4667-9bfe-60cb094b446e;8.8211;3.057169;SELL
2016-04-19T22:13:45.000000;2016-04-19T22:13:45.863795;0ccd8afa-b701-419e-bae5-e3f2602f4a50;8.8201;1.56481767;SELL
2016-04-19T22:13:45.000000;2016-04-19T22:13:45.883792;6e0c9b40-04ab-495b-9d90-92df33979f01;8.82;2.0;SELL
2016-04-19T22:13:45.000000;2016-04-19T22:13:45.883792;a1712c71-08ed-47d8-bcd2-272f40dcf45f;8.82;0.1;SELL
2016-04-19T22:13:45.000000;2016-04-19T22:13:45.883792;edae5d59-29da-4daa-8dff-baa705072684;8.777;83.6334;SELL
2016-04-19T22:13:45.000000;2016-04-19T22:13:45.884779;95aa13cc-0cab-4f7d-9587-2bc6aa8a67a6;8.776;9.64461333;SELL
2016-04-19T22:20:40.000000;2016-04-19T22:20:40.386228;04b594ad-e0b6-463b-ae11-3b5cf5bcf4b0;8.8212;0.60997829;BUY
2016-04-19T22:26:05.000000;2016-04-19T22:26:05.907771;1df3591b-7e9f-4cee-9fda-2beeeaca8697;8.8212;0.7;BUY
2016-04-19T22:26:05.000000;2016-04-19T22:26:05.928771;b0da50cf-3238-40c0-9213-f30990f6bfc3;8.8222;3.3545693;BUY
2016-04-19T22:26:06.000000;2016-04-19T22:26:06.257812;3e0cc402-315e-40cd-9120-e7ea555372db;8.8222;1.32032782;BUY
2016-04-19T22:26:06.000000;2016-04-19T22:26:06.456827;ca113a8e-fe18-4ef0-beca-c6815829dc09;8.8222;3.04188727;BUY
2016-04-19T22:36:29.000000;2016-04-19T22:36:29.931670;6e101fce-b280-4dd0-a034-e03fc8e07091;8.784;1.63098546;BUY
2016-04-19T22:37:42.000000;2016-04-19T22:37:42.921027;05c4fa72-33b0-4406-b357-0746a1fb1ba3;8.7811;0.82658336;SELL
2016-04-19T22:37:43.000000;2016-04-19T22:37:43.555071;0cc4c4ee-aa95-43b9-86f8-0f63260e5829;8.7811;0.68247712;SELL
2016-04-19T22:37:44.000000;2016-04-19T22:37:44.421148;13227aac-f111-427c-851e-5b287d3e5933;8.7811;0.52640486;SELL
2016-04-19T22:37:44.000000;2016-04-19T22:37:44.982163;5f768439-b892-4390-b63b-d4896ca61ab9;8.7811;0.68247712;SELL
2016-04-19T22:37:45.000000;2016-04-19T22:37:45.357199;ea0ee40b-3504-4cd8-9963-aff11454c3c5;8.7811;0.82285189;SELL
2016-04-19T22:37:45.000000;2016-04-19T22:37:45.446235;16d6a978-97a7-4326-b313-aef7891fab97;8.7811;0.50972038;SELL
2016-04-19T22:37:45.000000;2016-04-19T22:37:45.447221;c274e5b1-f3a5-423e-a2df-dcc1af26f5b9;8.7811;0.01721141;SELL
2016-04-19T22:37:45.000000;2016-04-19T22:37:45.823267;07964f65-5a90-4a9f-aee4-b716bf8a2ec9;8.7811;0.70419804;SELL
2016-04-19T22:37:46.000000;2016-04-19T22:37:46.686336;1b1244fe-0296-44ff-8006-c3efbe7a97a3;8.7811;2.31743593;SELL
2016-04-19T22:37:51.000000;2016-04-19T22:37:51.170782;ecac2996-5b92-458a-8e56-666fbe63162f;8.7776;0.11385895;SELL
2016-04-19T22:37:51.000000;2016-04-19T22:37:51.321803;3aa1f990-7ad6-4dea-80b5-5a01852dca01;8.7776;0.21277578;SELL
2016-04-19T22:37:51.000000;2016-04-19T22:37:51.801895;c65a77be-255b-41fd-be10-b822820e7fb7;8.7776;0.87291881;SELL
2016-04-19T22:38:02.000000;2016-04-19T22:38:02.969962;57077a06-01ef-4c71-a995-7fe37f60a5e1;8.7776;0.20728014;SELL
2016-04-19T22:38:02.000000;2016-04-19T22:38:03.040982;8f76a6d8-1847-4a66-a5b2-cda2d35a5d9f;8.7776;1.58988936;SELL
2016-04-19T22:38:03.000000;2016-04-19T22:38:03.596024;7953a1ee-5046-4e5c-b97c-2a8e6f0d3c77;8.7776;1.12474143;SELL
2016-04-19T22:38:03.000000;2016-04-19T22:38:03.653032;2db00104-de6e-4adb-9a6a-3c8780d5eb5c;8.7776;0.38694014;SELL
2016-04-19T22:38:07.000000;2016-04-19T22:38:07.089385;2ec71a90-d38b-4e24-aef5-243d7d28a984;8.7711;1.12474143;SELL
2016-04-19T22:38:07.000000;2016-04-19T22:38:07.556430;c6c37b0e-408c-4dee-b289-b315e5ce26b9;8.7711;0.20740344;SELL
2016-04-19T22:38:07.000000;2016-04-19T22:38:07.563428;2a245dfa-573e-4c2f-8187-b08ead8672bd;8.755;0.573;SELL
2016-04-19T22:39:20.000000;2016-04-19T22:39:20.814795;06173556-5177-401e-b9bd-f454136a22f4;8.7471;0.4;SELL
2016-04-19T22:39:21.000000;2016-04-19T22:39:21.251782;2aa2bdd2-41ae-4179-b15a-e1ceb0cd52a9;8.7471;0.1;SELL
2016-04-19T22:42:16.000000;2016-04-19T22:42:16.563331;833f1f0e-360f-4139-8d93-1adac58f5b08;8.7471;8.70965525;SELL
2016-04-19T22:42:16.000000;2016-04-19T22:42:16.577318;ad0b4520-4d5d-4fc3-ad79-08279cdf3db6;8.7471;0.46034475;SELL
2016-04-19T22:42:24.000000;2016-04-19T22:42:24.330173;ea945737-8f79-4690-9596-b3a32bf48493;8.7471;2.7451908;SELL
2016-04-19T22:43:09.000000;2016-04-19T22:43:09.818655;c8b96179-bc16-4eeb-8d03-eb943bb86bc5;8.7;0.4;SELL
2016-04-19T22:43:09.000000;2016-04-19T22:43:09.826661;f9e3e17e-775b-4792-a71c-c88e1afa1140;8.68;0.1;SELL
2016-04-19T22:43:09.000000;2016-04-19T22:43:09.832638;4647a626-4671-40ff-947f-a452d0569f9a;8.6572;1.71327385;SELL
2016-04-19T22:43:09.000000;2016-04-19T22:43:09.858653;21b3cf0a-3d2e-4c52-8d29-1fa720a219c3;8.6571;3.18672615;SELL
2016-04-19T22:53:47.000000;2016-04-19T22:53:47.356716;1d7b6e0d-d2f2-4518-ab13-3ac485ed8698;8.715;41.85;BUY
2016-04-19T22:53:47.000000;2016-04-19T22:53:47.367749;060c3e08-7d5d-402a-bbe1-8d4f5c1f748a;8.715;41.18;BUY
2016-04-19T22:53:47.000000;2016-04-19T22:53:47.369705;274d70b5-2127-4c72-90e7-db49e306724d;8.715;41.85;BUY
2016-04-19T22:53:47.000000;2016-04-19T22:53:47.398751;7395db40-7814-4d08-b712-5c60b2827a1a;8.715;41.24;BUY
2016-04-19T22:53:48.000000;2016-04-19T22:53:48.326842;c6539c7d-0448-4cb3-b8f3-81a8d61c4ba9;8.72;21.6664;SELL
2016-04-19T22:53:48.000000;2016-04-19T22:53:48.331814;ea7dcb91-89e7-4f6e-93e9-601fc9872d6c;8.7145;41.3436;SELL
2016-04-19T22:54:07.000000;2016-04-19T22:54:07.164729;e962a1b5-2995-415f-9ad1-9f057fa0c34a;8.7145;0.5039;SELL
2016-04-19T22:54:07.000000;2016-04-19T22:54:07.178700;59fe7d4c-8d2f-4814-b5d2-227da4b218a0;8.7;20.0;SELL
2016-04-19T22:54:14.000000;2016-04-19T22:54:14.110419;cb6f8e37-4630-4b04-b973-bf9aadb630c1;8.7;21.67;BUY
2016-04-19T22:54:17.000000;2016-04-19T22:54:17.131019;feca295c-1119-4880-a50f-af42ba06ca54;8.7;20.73;SELL
2016-04-19T22:54:17.000000;2016-04-19T22:54:17.436707;7c7b3ad1-b719-41bd-847c-a7bae0023371;8.7;0.0049;SELL
2016-04-19T22:54:17.000000;2016-04-19T22:54:17.438765;61c30ac1-d15e-4aed-b1b6-2ee18a5c6545;8.67;1.6;SELL
2016-04-19T22:54:37.000000;2016-04-19T22:54:37.802757;c1e29857-b0dd-4170-b406-bfd5f9f5a823;8.6571;11.1;SELL
2016-04-19T22:54:37.000000;2016-04-19T22:54:37.823766;08878184-3b6c-48b4-bcb0-96d867f5268f;8.6571;11.1;SELL
2016-04-19T22:54:37.000000;2016-04-19T22:54:37.837073;71f7f6d0-9394-43c9-ab08-12aedce820d6;8.6571;17.46768;SELL
2016-04-19T22:55:20.000000;2016-04-19T22:55:20.443026;8e6dae2c-c15b-4bac-909e-b8cf7f117217;8.657;0.00232;BUY
2016-04-19T22:55:20.000000;2016-04-19T22:55:20.466019;bda79b60-7ba9-43a6-93d3-e48d33feef97;8.699;85.103;BUY
2016-04-19T22:55:22.000000;2016-04-19T22:55:22.619264;25e5ff68-cdad-40b8-b1c0-a216445d1442;8.7145;0.42168589;SELL
2016-04-19T22:55:36.000000;2016-04-19T22:55:36.689647;77422cd4-2cc5-43ec-ac65-6a36f1fe23ea;8.7145;6.27409411;SELL
2016-04-19T22:55:51.000000;2016-04-19T22:55:51.221115;b60b324d-b2ee-4639-bcb8-4802fb3146c5;8.713;0.1513;BUY
2016-04-19T23:03:38.000000;2016-04-19T23:03:38.529135;e652b461-9e38-44f5-9915-a2800f584d59;8.713;0.58112695;BUY
2016-04-19T23:03:52.000000;2016-04-19T23:03:52.615549;13723562-d1e7-4272-9500-46193b4c7a56;8.713;0.58185784;BUY
2016-04-19T23:03:54.000000;2016-04-19T23:03:54.547739;7dac9db8-2cd0-4665-a032-0a5c9394f855;8.713;6.40352806;BUY
2016-04-19T23:04:03.000000;2016-04-19T23:04:03.648789;39b7666a-c7af-4f4f-a80e-9e965e5c3b96;8.713;0.58233866;BUY
2016-04-19T23:04:13.000000;2016-04-19T23:04:13.891690;21122cae-f930-4c3b-baab-5b5751f1d7db;8.713;0.58239513;BUY
2016-04-19T23:04:18.000000;2016-04-19T23:04:18.795211;7fcb7071-8be4-4533-b21f-70e9f78cc562;8.713;0.58216745;BUY
2016-04-19T23:04:19.000000;2016-04-19T23:04:19.496279;d935395b-7b75-4e99-ae01-f421820b5ace;8.713;0.58216745;BUY
2016-04-19T23:04:21.000000;2016-04-19T23:04:21.930484;a8aef601-d801-42ab-8c27-50d81ceaf607;8.713;0.58216745;BUY
2016-04-19T23:04:22.000000;2016-04-19T23:04:22.526555;d2d9187e-00de-498c-bd3e-0770a50b7502;8.713;0.52225101;BUY
2016-04-19T23:04:22.000000;2016-04-19T23:04:22.541541;a60d0d49-9b04-4c81-afe2-09c56375cca4;8.713;0.05982963;BUY
2016-04-19T23:04:23.000000;2016-04-19T23:04:23.433644;0451a043-8077-4522-843e-a3079108e263;8.713;0.58204;BUY
2016-04-19T23:04:24.000000;2016-04-19T23:04:24.628751;9a33772d-c81d-47a9-b574-df60683a493a;8.713;0.58204;BUY
2016-04-19T23:04:25.000000;2016-04-19T23:04:25.946890;ccf86538-4c83-4287-b875-4aec958d9e9f;8.713;0.85915198;BUY
2016-04-19T23:04:26.000000;2016-04-19T23:04:26.548940;4b207b97-6337-4501-86f4-df3d991245b3;8.713;1.36485094;BUY
2016-04-19T23:04:27.000000;2016-04-19T23:04:27.230043;c0975ea6-4642-4221-a3e1-db09694e731b;8.713;1.36561166;BUY
2016-04-19T23:04:29.000000;2016-04-19T23:04:29.323221;03be9876-492d-4b8c-bf44-00763d02de44;8.713;1.36224285;BUY
2016-04-19T23:04:30.000000;2016-04-19T23:04:30.232328;bd173daf-28ef-410d-b972-4e6b601eab1f;8.713;1.36360645;BUY
2016-04-19T23:04:31.000000;2016-04-19T23:04:31.493635;6d508d9e-b681-4e07-9f53-6d98db83619f;8.713;0.85730013;BUY
2016-04-19T23:04:32.000000;2016-04-19T23:04:32.750563;7031ea80-96b3-4d84-bf6b-1b0749f1a5d2;8.713;0.61539551;BUY
2016-04-19T23:04:33.000000;2016-04-19T23:04:33.368631;1c7ca67c-91e0-42cd-b700-d0601c9767f2;8.713;1.36332469;BUY
2016-04-19T23:04:34.000000;2016-04-19T23:04:34.735801;4d8354c1-cf23-4ca4-bb43-5b24bd584ca5;8.713;0.62460616;BUY
2016-04-19T23:04:34.000000;2016-04-19T23:04:34.825782;0857b180-ccc0-4db2-870c-d62b99df21f8;8.715;0.81947121;BUY
2016-04-19T23:04:37.000000;2016-04-19T23:04:37.080031;6d5859c1-eae3-4c38-a821-0e96f33d254e;8.715;1.36332469;BUY
2016-04-19T23:04:37.000000;2016-04-19T23:04:37.582044;9a031186-ca26-487e-99b2-6c72e57fc1a0;8.715;0.74401179;BUY
2016-04-19T23:04:39.000000;2016-04-19T23:04:39.939288;c85cceff-b71d-49ee-a2db-bcac1bac2d40;8.715;1.81649648;BUY
2016-04-19T23:04:39.000000;2016-04-19T23:04:39.999284;f5bbe34e-ccea-4bc7-a3b1-36c4b52e90cc;8.715;1.36332469;BUY
2016-04-19T23:04:41.000000;2016-04-19T23:04:41.109552;bf35628f-481b-4215-a056-7594320b10df;8.715;1.81492315;BUY
2016-04-19T23:04:41.000000;2016-04-19T23:04:41.982493;3ea61af4-4d98-45e9-b101-c94a81770b39;8.715;1.81335082;BUY
2016-04-19T23:04:43.000000;2016-04-19T23:04:43.247623;2b4b5e13-bfd2-43ba-bb5d-4f39c5cba4df;8.715;1.81178;BUY
2016-04-19T23:04:44.000000;2016-04-19T23:04:44.553755;c57ca18a-ede4-498f-8ee6-5d026b04c362;8.715;1.81021068;BUY
2016-04-19T23:04:45.000000;2016-04-19T23:04:46.003424;5eb484f5-f2de-463f-b50d-e3498b634797;8.715;1.80864236;BUY
2016-04-19T23:04:47.000000;2016-04-19T23:04:47.586076;dcd43449-8363-4a89-ba31-8d867ebeab42;8.715;1.80707505;BUY
2016-04-19T23:04:49.000000;2016-04-19T23:04:49.291216;8af9c9ef-4080-4002-b03e-7ca681f062f7;8.715;1.80550974;BUY
2016-04-19T23:04:49.000000;2016-04-19T23:04:49.843283;ebab27e9-fdf0-4ad6-ab68-106907a4c494;8.715;1.80731706;BUY
2016-04-19T23:04:50.000000;2016-04-19T23:04:50.817388;a8814963-542d-4e9e-b27e-8c24a223cfd3;8.715;1.03124872;BUY
2016-04-19T23:04:51.000000;2016-04-19T23:04:51.895480;dddf6709-ee5a-433b-b5ad-e2181a30bb83;8.715;0.77068934;BUY
2016-04-19T23:04:53.000000;2016-04-19T23:04:53.913692;d510bd51-494c-43e0-a69f-3d9ffc05092c;8.715;0.90770607;BUY
2016-04-19T23:04:55.000000;2016-04-19T23:04:55.387933;34850002-2d57-4eb2-9315-260b2364088d;8.715;0.90719048;BUY
2016-04-19T23:04:55.000000;2016-04-19T23:04:55.956926;0f24df9e-53ac-4066-8f44-6bff4ab98efe;8.715;1.69740702;BUY
2016-04-19T23:04:56.000000;2016-04-19T23:04:56.510959;f915b6f9-7cc2-42d4-aa63-30567276a9ad;8.715;1.69847082;BUY
2016-04-19T23:04:57.000000;2016-04-19T23:04:57.767078;37b0288c-ee89-4c05-8f13-739b0e4ca62e;8.715;1.70017099;BUY
2016-04-19T23:04:58.000000;2016-04-19T23:04:58.122110;7b52faf9-ea88-45f4-a6cf-40b767e2caf8;8.715;1.70188072;BUY
2016-04-19T23:04:59.000000;2016-04-19T23:05:00.029299;52acbfc4-d8e2-48e1-9f6a-fe9f10e084be;8.715;1.70339555;BUY
2016-04-19T23:05:00.000000;2016-04-19T23:05:00.398325;5f8bfe5f-00d6-4a26-9690-650d877e47fe;8.715;1.69370056;BUY
2016-04-19T23:05:00.000000;2016-04-19T23:05:00.806365;a92dc927-9d10-4741-96d8-c9cb316bc598;8.715;1.69370056;BUY
2016-04-19T23:09:46.000000;2016-04-19T23:09:46.543938;bfd9ce44-3b67-4e32-bc71-658178713bde;8.701;0.106;BUY
2016-04-19T23:11:42.000000;2016-04-19T23:11:43.027628;3129feef-81de-4a23-acf3-e1383e720009;8.6511;7.3;SELL
2016-04-19T23:11:42.000000;2016-04-19T23:11:43.043629;6c25c38a-903b-4ce1-9083-6664c4214338;8.6501;0.7;SELL
2016-04-19T23:12:07.000000;2016-04-19T23:12:07.055982;b009c24e-683c-4fbe-b1b7-2a342a8b8cb4;8.7;7.3;SELL
2016-04-19T23:13:10.000000;2016-04-19T23:13:10.730352;8987e28d-bbf2-45ed-b607-5a029d5fa31e;8.7;1.0477512;SELL
2016-04-19T23:13:14.000000;2016-04-19T23:13:14.695796;1ce50c0e-17ac-462f-8a53-8d0b33f0cc48;8.7;0.35062793;SELL
2016-04-19T23:15:17.000000;2016-04-19T23:15:17.631573;9006e702-37e8-463e-864f-d8f8c036d09f;8.701;0.1;BUY
2016-04-19T23:15:26.000000;2016-04-19T23:15:26.656014;0d022975-286f-4b87-ba3f-ad6ed8ea5b3f;8.701;1.2;BUY
2016-04-19T23:15:41.000000;2016-04-19T23:15:41.649981;455a5ee3-5d71-44bf-9c4a-150de1881740;8.7001;3.935;SELL
2016-04-19T23:16:06.000000;2016-04-19T23:16:06.406457;a63b8e2c-334a-4238-a2ba-06fe1b9b75a4;8.701;1.659624;BUY
2016-04-19T23:19:36.000000;2016-04-19T23:19:36.799503;67eca985-fefe-4938-820c-b0b8c2712479;8.715;5.75900145;BUY
2016-04-19T23:19:36.000000;2016-04-19T23:19:36.821525;7b41514c-6bd4-460d-b6e6-9d9e35332660;8.715;0.5;BUY
2016-04-19T23:19:36.000000;2016-04-19T23:19:36.827489;743487b8-7e98-4ea2-a894-3ebc2ecbbb76;8.715;6.27;BUY
2016-04-19T23:19:36.000000;2016-04-19T23:19:36.828530;f5118d46-46b7-4a06-8497-e61a39b833f5;8.715;6.27;BUY
2016-04-19T23:19:36.000000;2016-04-19T23:19:36.830538;09dd36e3-a1f8-4cf6-978b-9e66d8500c32;8.715;6.27;BUY
2016-04-19T23:20:53.000000;2016-04-19T23:20:53.766198;0399ca98-adfb-4570-a281-9c70e394fbb6;8.747;0.0048092;BUY
2016-04-19T23:20:53.000000;2016-04-19T23:20:53.783195;30a9e667-d198-4a66-9609-1e80aed09c1b;8.751;1.3;BUY
2016-04-19T23:20:53.000000;2016-04-19T23:20:53.786232;ed69b149-2ff7-4bc0-b292-523255d5a807;8.7538;1.57476451;BUY
2016-04-19T23:28:37.000000;2016-04-19T23:28:37.075511;0b68e86e-a972-4618-8342-6a044758457b;8.7538;1.54369949;BUY
2016-04-19T23:28:37.000000;2016-04-19T23:28:37.099844;29cd319a-4132-429a-9c0e-e41cb2751f1e;8.7739;3.90359615;BUY
2016-04-19T23:28:37.000000;2016-04-19T23:28:37.106503;647cf52a-d67e-41fd-9425-6015163be6ed;8.774;84.7643;BUY
2016-04-19T23:28:37.000000;2016-04-19T23:28:37.109849;bcf89c75-29cb-44ad-bce5-410ab8761c75;8.7756;19.18461589;BUY
2016-04-19T23:28:37.000000;2016-04-19T23:28:37.117510;6d5f7229-6b97-4016-b3ec-8be0b82788aa;8.7758;19.18417868;BUY
2016-04-19T23:28:37.000000;2016-04-19T23:28:37.119546;62b44b12-c467-4cd8-9406-95a7349e1607;8.7759;8.67479117;BUY
2016-04-19T23:28:37.000000;2016-04-19T23:28:37.122502;7b654688-3bd1-417d-84da-4d452f54393d;8.781;3.26256407;BUY
2016-04-19T23:28:37.000000;2016-04-19T23:28:37.123522;3af45f35-f81c-460c-ac68-a2426de0a165;8.795;32.0;BUY
2016-04-19T23:28:37.000000;2016-04-19T23:28:37.137557;f6a34838-0993-4e15-ad16-c95263ca4c4a;8.7961;3.095162;BUY
2016-04-19T23:28:37.000000;2016-04-19T23:28:37.140557;27ec8670-5855-4bd2-88b6-aa0825ac455e;8.8001;8.73384;BUY
2016-04-19T23:28:37.000000;2016-04-19T23:28:37.148549;287acc48-66db-4223-8ae2-a71ac58fe9f2;8.819;158.83;BUY
2016-04-19T23:28:37.000000;2016-04-19T23:28:37.148549;c10e9f85-59d8-4759-a388-e6296c037c81;8.82;300.0;BUY
2016-04-19T23:28:37.000000;2016-04-19T23:28:37.149524;a698bdf8-4882-4bf2-ae40-f6c43feadc98;8.8222;46.76394886;BUY
2016-04-19T23:28:37.000000;2016-04-19T23:28:37.153529;01074404-bcf3-4dd7-b76a-9b9fa1b71f33;8.9812;4.995;BUY
2016-04-19T23:28:37.000000;2016-04-19T23:28:37.164529;7c86e566-c7b8-46ae-868f-48a0a94dd192;8.9812;12.574377;BUY
2016-04-19T23:28:37.000000;2016-04-19T23:28:37.166548;64f77e07-9170-46b3-808f-70ff08f6890e;8.99;34.996;BUY
2016-04-19T23:28:37.000000;2016-04-19T23:28:37.176535;052e255a-ebde-44c2-b391-40f2b7011f00;9.075;0.1;BUY
2016-04-19T23:28:37.000000;2016-04-19T23:28:37.178557;5b4fa489-5ced-4d58-811d-0b3fc14c25d7;9.1209;0.1;BUY
2016-04-19T23:28:37.000000;2016-04-19T23:28:37.222572;2f7232f7-a2d0-4390-a759-5c29cfd24d8e;9.1456;4.995;BUY
2016-04-19T23:28:37.000000;2016-04-19T23:28:37.223529;360b7055-024c-4aec-b7e4-54f4b709fa39;9.2;2.29892669;BUY
2016-04-19T23:28:48.000000;2016-04-19T23:28:48.291645;8555c9f5-4e29-4dce-a873-9eac822864af;8.714;22.53539863;SELL
2016-04-19T23:30:04.000000;2016-04-19T23:30:04.292115;1cb1530e-5235-485b-af83-b2f285243375;8.722;300.0;SELL
2016-04-19T23:30:04.000000;2016-04-19T23:30:04.379164;f9e6e0e7-3464-4e7a-8b61-81d1eb20cade;8.721;12.84530246;SELL
2016-04-19T23:30:40.000000;2016-04-19T23:30:40.491787;3840c5bd-4387-44dc-b5cb-633323c63371;8.742;2.86;SELL
2016-04-19T23:30:45.000000;2016-04-19T23:30:45.395304;35c5d4fd-6a45-4b84-8f38-7bfa215c89d7;8.836;16.0;BUY
2016-04-19T23:31:21.000000;2016-04-19T23:31:21.616976;ba0ac9c3-c2e3-4cce-8129-4d4ac4f561a8;8.742;0.0002;SELL
2016-04-19T23:31:21.000000;2016-04-19T23:31:21.632898;f220fec4-f7f3-42a9-bb1f-51d0af02794c;8.7301;174.0;SELL
2016-04-19T23:31:21.000000;2016-04-19T23:31:21.635887;36a89dce-c05b-4cc1-ac11-ee864971c66e;8.73;10.0;SELL
2016-04-19T23:31:21.000000;2016-04-19T23:31:21.648891;af031c3e-30b4-45eb-aa9a-c8dc32509ecc;8.73;9.9998;SELL
2016-04-19T23:31:22.000000;2016-04-19T23:31:22.586145;0d9ef890-b0e8-41c7-9970-29da76f8d0ce;8.73;0.0002;SELL
2016-04-19T23:31:46.000000;2016-04-19T23:31:46.080331;3e0c0e83-2198-4f8d-8362-48da0cfa0ae4;8.72;10.0;SELL
2016-04-19T23:31:46.000000;2016-04-19T23:31:46.083299;d68a9cc3-49e5-402c-bb4b-2b7262e54c44;8.72;8.82;SELL
2016-04-19T23:32:14.000000;2016-04-19T23:32:14.495168;ddd93e17-e103-4337-9e2d-a5f881ca1a96;8.72;1.18;SELL
2016-04-19T23:32:14.000000;2016-04-19T23:32:14.510141;f9fd3e1e-ed11-4120-9e94-ea4db8279c97;8.72;10.0;SELL
2016-04-19T23:32:14.000000;2016-04-19T23:32:14.512151;4d103542-f2df-4c9e-8623-ab18a543c38f;8.72;10.0;SELL
2016-04-19T23:32:14.000000;2016-04-19T23:32:14.518143;68efdedd-14bc-4aff-8ec0-0d886b4001a5;8.72;10.0;SELL
2016-04-19T23:32:35.000000;2016-04-19T23:32:35.241218;1f12bc46-2df1-43b6-aeea-4bc1979e1db8;8.72;25.54;SELL
2016-04-19T23:32:35.000000;2016-04-19T23:32:35.409235;66f20f83-16a0-45c8-9cef-3a30f88a3e40;8.72;18.36246587;SELL
2016-04-19T23:32:38.000000;2016-04-19T23:32:38.783566;71d3b4b0-2616-4d6f-9872-edb649e42be1;8.72;1.0;SELL
2016-04-19T23:32:44.000000;2016-04-19T23:32:44.188132;98f68d77-8684-4c92-a477-6d2270579ea3;8.72;5.09753413;SELL
2016-04-19T23:32:44.000000;2016-04-19T23:32:44.200146;9a54b5f7-7d65-41eb-9a37-0b9851a404e3;8.72;13.43979653;SELL
2016-04-19T23:32:45.000000;2016-04-19T23:32:45.152202;6b1613fd-f5a3-4994-bc28-62d9e34f730a;8.72;9.49;SELL
2016-04-19T23:32:58.000000;2016-04-19T23:32:59.023632;2c04ef4a-2043-437b-9977-42544540f291;8.72;27.07020347;SELL
2016-04-19T23:32:58.000000;2016-04-19T23:32:59.028590;f09203f0-a1d5-44da-b277-379f625c08c4;8.72;49.99979653;SELL
2016-04-19T23:32:59.000000;2016-04-19T23:32:59.980688;4b61de37-260a-4c83-a29a-81b68eaf35d6;8.72;0.00020347;SELL
2016-04-19T23:33:36.000000;2016-04-19T23:33:36.167304;8a3dbd26-4f9c-48ea-a3f5-9dbdd7453c5d;8.71;8.73384;SELL
2016-04-19T23:33:38.000000;2016-04-19T23:33:38.073500;ea94be91-bbd5-40e2-882d-7b530400a5c9;8.719;0.10385282;BUY
2016-04-19T23:34:35.000000;2016-04-19T23:34:35.699357;35d1cbc4-0785-4c33-9715-220c6b4ed898;8.7101;0.3;SELL
2016-04-19T23:37:19.000000;2016-04-19T23:37:19.117635;3aaac3fd-04e6-4b84-99e6-79f29048803c;8.72;0.3;BUY
2016-04-19T23:53:00.000000;2016-04-19T23:53:00.085901;62d37db2-eddd-4275-bed8-991d278eae57;8.77;10.48301434;BUY
2016-04-20T00:00:00.000000;2016-04-20T00:00:00.754208;117fc35d-d671-4a9b-8c44-614edc68d6b8;8.7401;18.31633134;SELL
