time_exchange;time_coinpai;guid;price;base_amount;taker_side
2016-04-19T00:02:18.000000;2016-04-19T00:02:18.000000;e7eb4a73-f0a3-454d-919f-a8bb18a24c22;430.04;0.058;UNKNOWN
2016-04-19T00:02:49.000000;2016-04-19T00:02:49.000000;2287140d-0a97-40b4-8cb8-a0b5333175a5;430.25;2.20676971;UNKNOWN
2016-04-19T00:02:49.000000;2016-04-19T00:02:49.000000;6999bb52-7af5-42cf-a5dc-03bd2d3b7031;430.04;0.40323029;UNKNOWN
2016-04-19T00:02:49.000000;2016-04-19T00:02:49.000000;499b062e-4659-442a-b031-2bba49f21d5d;430.24;0.5;UNKNOWN
2016-04-19T00:02:52.000000;2016-04-19T00:02:52.000000;936052e9-4bd2-44ca-a49f-d1dbec4b4475;430.03;0.17805009;UNKNOWN
2016-04-19T00:02:53.000000;2016-04-19T00:02:53.000000;f12f1e6b-e528-4561-b7bf-4f4fb7e5d29d;430.03;0.1780501;UNKNOWN
2016-04-19T00:04:03.000000;2016-04-19T00:04:03.000000;7ef785ed-1b4c-41d6-815b-d548230b1b60;430.16;0.063126;UNKNOWN
2016-04-19T00:04:44.000000;2016-04-19T00:04:44.000000;eda097c5-3885-42b7-a703-439ce938d7e7;430.25;3.0;UNKNOWN
2016-04-19T00:04:44.000000;2016-04-19T00:04:44.000000;9c6a1a95-a3b9-4ca8-96e0-9618ebb585fc;430.28;1.2122911;UNKNOWN
2016-04-19T00:04:44.000000;2016-04-19T00:04:44.000000;2054c291-bb2b-4021-96a1-a4d3242534f0;430.25;0.7877089;UNKNOWN
2016-04-19T00:04:48.000000;2016-04-19T00:04:48.000000;f9b75dd4-efbd-41ae-a295-fe92564af07f;430.29;0.2122911;UNKNOWN
2016-04-19T00:04:48.000000;2016-04-19T00:04:48.000000;18b68310-0291-430e-bc43-a33f88122ab3;430.28;4.7877089;UNKNOWN
2016-04-19T00:07:04.000000;2016-04-19T00:07:04.000000;282a8a25-df28-49d8-94bd-88bf1143cd25;430.25;0.058;UNKNOWN
2016-04-19T00:07:04.000000;2016-04-19T00:07:04.000000;5037cd5e-60f0-4290-b95e-ee3547e20662;430.24;0.32161619;UNKNOWN
2016-04-19T00:07:12.000000;2016-04-19T00:07:12.000000;faca1e2a-81c1-40ef-9d19-5dd5909abf7a;430.24;0.37961754;UNKNOWN
2016-04-19T00:09:41.000000;2016-04-19T00:09:41.000000;75f3655e-88e7-4e83-9c1d-0b8e8f80f6d4;430.24;0.062872;UNKNOWN
2016-04-19T00:11:40.000000;2016-04-19T00:11:40.000000;28bc9a86-9917-464a-bf22-5d6d7e380ca6;430.24;1.1899;UNKNOWN
2016-04-19T00:12:38.000000;2016-04-19T00:12:38.000000;df8288cc-a93e-47f1-9bc1-daa5e1adfd1b;430.29;0.03770876;UNKNOWN
2016-04-19T00:12:47.000000;2016-04-19T00:12:47.000000;a4047770-ac12-4b60-9631-585341063c01;430.31;0.05593116;UNKNOWN
2016-04-19T00:12:59.000000;2016-04-19T00:12:59.000000;0d907418-380b-4a6c-8fef-d1719ae51cc2;430.31;0.06384271;UNKNOWN
2016-04-19T00:14:28.000000;2016-04-19T00:14:28.000000;dafd3b89-d72d-4503-8a8a-b800fe12d671;430.31;0.38022613;UNKNOWN
2016-04-19T00:14:28.000000;2016-04-19T00:14:28.000000;46ca1cf2-476f-48a0-8618-7cfb1bc18cca;430.31;13.3482;UNKNOWN
2016-04-19T00:14:28.000000;2016-04-19T00:14:28.000000;80cca47a-ed01-4e43-b62b-c809c075b916;430.31;10.5842;UNKNOWN
2016-04-19T00:14:28.000000;2016-04-19T00:14:28.000000;ff076b2c-f6a1-49a1-9331-1a80e8b89126;430.31;3.0;UNKNOWN
2016-04-19T00:14:42.000000;2016-04-19T00:14:42.000000;8626e195-61c3-4413-82d7-63284970d1a1;430.26;0.01;UNKNOWN
2016-04-19T00:16:04.000000;2016-04-19T00:16:04.000000;fc7b8ec7-95b8-4348-adaa-4985fb253af9;430.27;0.1;UNKNOWN
2016-04-19T00:17:10.000000;2016-04-19T00:17:10.000000;01259841-284c-40eb-93cd-cdda8dcfccb3;430.32;3.11;UNKNOWN
2016-04-19T00:17:12.000000;2016-04-19T00:17:12.000000;fdad7bfd-20a2-49ff-bf69-376a92b9ad77;430.4;0.25;UNKNOWN
2016-04-19T00:17:12.000000;2016-04-19T00:17:12.000000;1d4e5c83-b67f-49b9-902b-3af42a6f282c;430.4;3.0;UNKNOWN
2016-04-19T00:17:12.000000;2016-04-19T00:17:12.000000;4d2437a7-629f-4585-9a73-88b02b7073b4;430.4;0.455157;UNKNOWN
2016-04-19T00:17:12.000000;2016-04-19T00:17:12.000000;9e73fae1-8052-46b7-ad49-a86d083e7995;430.39;0.25;UNKNOWN
2016-04-19T00:17:12.000000;2016-04-19T00:17:12.000000;24759b44-5a88-4941-b077-cd22b4daf6fc;430.39;0.25;UNKNOWN
2016-04-19T00:17:12.000000;2016-04-19T00:17:12.000000;85d33f52-82b3-41db-a930-0fd7a1838c04;430.32;2.89;UNKNOWN
2016-04-19T00:20:06.000000;2016-04-19T00:20:06.000000;08f6bba5-7ad8-485a-a47c-9e124a1a6211;430.31;0.20889;UNKNOWN
2016-04-19T00:26:04.000000;2016-04-19T00:26:04.000000;34adeae5-d727-4ddb-a8cd-a1c91e094c32;430.37;0.5;UNKNOWN
2016-04-19T00:26:04.000000;2016-04-19T00:26:04.000000;4971078c-fa8c-436b-9c9f-1239d44ca7a7;430.38;1.46011722;UNKNOWN
2016-04-19T00:27:02.000000;2016-04-19T00:27:02.000000;72371dba-f7f9-43be-ac2e-cee2f7947c83;430.41;3.46011722;UNKNOWN
2016-04-19T00:27:02.000000;2016-04-19T00:27:02.000000;52779db9-2d0c-450f-b4d6-a3733af2d360;430.38;1.53988278;UNKNOWN
2016-04-19T00:34:16.000000;2016-04-19T00:34:16.000000;9005f70d-4a9d-4e19-bc91-da922b4a49a3;430.26;1.41938399;UNKNOWN
2016-04-19T00:34:16.000000;2016-04-19T00:34:16.000000;0602224b-5361-4a1b-ac60-23b500bbe451;430.27;0.4;UNKNOWN
2016-04-19T00:34:16.000000;2016-04-19T00:34:16.000000;ec79dbe2-ffbe-4166-89db-29c54153cffd;430.25;1.18188743;UNKNOWN
2016-04-19T00:34:16.000000;2016-04-19T00:34:16.000000;8d4dd6ca-c0ad-48ce-b351-0e3ef728a332;430.34;3.0;UNKNOWN
2016-04-19T00:34:16.000000;2016-04-19T00:34:16.000000;4a3eb16a-49b6-4e32-828a-2a0864370540;430.33;10.0;UNKNOWN
2016-04-19T00:34:16.000000;2016-04-19T00:34:16.000000;117efda4-e101-48f3-a9b6-c453baf6bab0;430.35;2.78;UNKNOWN
2016-04-19T00:34:16.000000;2016-04-19T00:34:16.000000;52b56c2e-a5e2-4d0d-9e5a-8d64a39887c8;430.36;0.5;UNKNOWN
2016-04-19T00:34:16.000000;2016-04-19T00:34:16.000000;5226f1d4-0fe7-48dd-8362-8251904a0cca;430.34;0.5;UNKNOWN
2016-04-19T00:34:16.000000;2016-04-19T00:34:16.000000;8558f78f-d3af-4d20-8cdc-f6b901058024;430.36;0.5;UNKNOWN
2016-04-19T00:34:16.000000;2016-04-19T00:34:16.000000;ae539bd7-b8b2-4106-b2af-a3c8f247d6fb;430.34;3.0;UNKNOWN
2016-04-19T00:35:01.000000;2016-04-19T00:35:01.000000;d7659bf5-cec9-4179-8ec3-6ecffa5941b2;430.34;0.06403079;UNKNOWN
2016-04-19T00:35:37.000000;2016-04-19T00:35:37.000000;d91f92e5-7dce-4443-9eca-bf00cbd24785;430.34;0.6612;UNKNOWN
2016-04-19T00:35:48.000000;2016-04-19T00:35:48.000000;55206225-dea5-4c4f-bfad-f9e6ce5f0017;430.34;1.27476921;UNKNOWN
2016-04-19T00:35:48.000000;2016-04-19T00:35:48.000000;e6a90b8c-1507-4270-805b-bb69d2a4f752;430.34;4.4988303;UNKNOWN
2016-04-19T00:35:48.000000;2016-04-19T00:35:48.000000;ebd40ce7-17f4-4eab-b2a0-4d2132831f53;430.34;4.49877971;UNKNOWN
2016-04-19T00:35:48.000000;2016-04-19T00:35:48.000000;3ba7772b-99b4-419e-8199-dd8ef4e7d682;430.34;4.49877971;UNKNOWN
2016-04-19T00:35:48.000000;2016-04-19T00:35:48.000000;31601530-4a48-45f6-ad27-acc209651fc7;430.34;11.6406;UNKNOWN
2016-04-19T00:35:48.000000;2016-04-19T00:35:48.000000;eaeef0e4-250f-446c-84cc-6995d2ff50da;430.34;4.4988303;UNKNOWN
2016-04-19T00:41:01.000000;2016-04-19T00:41:01.000000;e48eefb8-3251-49c9-b9f4-caacd0b4cb31;430.35;0.59;UNKNOWN
2016-04-19T00:41:09.000000;2016-04-19T00:41:09.000000;fc33b679-7e0f-420b-8d2b-c65b4da6888d;430.34;1.5;UNKNOWN
2016-04-19T00:41:10.000000;2016-04-19T00:41:10.000000;961c87aa-7834-4578-b541-bae04ef188c7;430.35;3.18;UNKNOWN
2016-04-19T00:41:45.000000;2016-04-19T00:41:45.000000;43947ab7-a043-4ab1-be3c-5516612c5466;430.35;0.0422;UNKNOWN
2016-04-19T00:43:38.000000;2016-04-19T00:43:38.000000;073577e7-cc5a-4117-bf1d-74c92b40a459;430.34;2.35;UNKNOWN
2016-04-19T00:45:29.000000;2016-04-19T00:45:29.000000;ac8f9260-29da-4dfa-921f-3b68b51224bb;430.34;0.21999235;UNKNOWN
2016-04-19T00:45:50.000000;2016-04-19T00:45:50.000000;f6e91480-e9cc-4712-96d7-5cb574bd54d0;430.35;0.1945;UNKNOWN
2016-04-19T00:46:56.000000;2016-04-19T00:46:56.000000;0742009b-4807-4cb8-8fbc-5b4a1f85b4f0;430.35;0.01;UNKNOWN
2016-04-19T00:49:11.000000;2016-04-19T00:49:11.000000;decf7a0b-da86-40e7-965c-c0408379b5f1;430.34;0.035;UNKNOWN
2016-04-19T00:50:00.000000;2016-04-19T00:50:00.000000;8840d5be-0e9f-4107-a410-c14253ba40a3;430.35;0.2;UNKNOWN
2016-04-19T00:50:00.000000;2016-04-19T00:50:00.000000;dc483a19-e186-4e28-9283-1aef289e7d16;430.37;2.98;UNKNOWN
2016-04-19T00:50:08.000000;2016-04-19T00:50:08.000000;7bcbc98c-eb12-4ced-ba77-0a110e9a73ac;430.34;0.09984308;UNKNOWN
2016-04-19T00:50:09.000000;2016-04-19T00:50:09.000000;7638d620-f1d9-4393-80b1-740d0275344d;430.34;0.09984308;UNKNOWN
2016-04-19T00:50:10.000000;2016-04-19T00:50:10.000000;5e3baa0c-8ed1-4a2a-b161-d585be88f068;430.34;0.09984308;UNKNOWN
2016-04-19T00:50:10.000000;2016-04-19T00:50:10.000000;1d342e10-d9e2-4214-a79c-3bfd5b69861a;430.34;0.09984308;UNKNOWN
2016-04-19T00:50:11.000000;2016-04-19T00:50:11.000000;c9ef62ac-9e9c-4ca3-8d68-50589a5e4fcb;430.34;0.09984308;UNKNOWN
2016-04-19T00:58:12.000000;2016-04-19T00:58:12.000000;ca3d1cc3-deaa-44ba-ae49-2cd93f5bda8c;430.37;0.035;UNKNOWN
2016-04-19T01:00:05.000000;2016-04-19T01:00:05.000000;2374f5f9-2a46-415a-9331-aea62a0215a9;430.37;0.71447388;UNKNOWN
2016-04-19T01:00:11.000000;2016-04-19T01:00:11.000000;35e7cd42-c471-416f-8fd2-5ea3b59a266d;430.37;0.17726097;UNKNOWN
2016-04-19T01:00:16.000000;2016-04-19T01:00:16.000000;3f3cb160-d6ea-4406-b99b-1d656e0f55b0;430.37;0.17726097;UNKNOWN
2016-04-19T01:01:44.000000;2016-04-19T01:01:44.000000;d564feb2-4d0d-4f0f-aba8-3eaa38d41e05;430.39;0.1;UNKNOWN
2016-04-19T01:02:43.000000;2016-04-19T01:02:43.000000;62e6402e-b075-48fd-8426-809c46ab91e6;430.35;1.0;UNKNOWN
2016-04-19T01:04:35.000000;2016-04-19T01:04:35.000000;eb39b84c-5ae9-4315-b086-0020d4c85d4a;430.35;0.2324;UNKNOWN
2016-04-19T01:06:49.000000;2016-04-19T01:06:49.000000;92786bad-e5e9-49f9-a9de-47904863db79;430.35;0.53325307;UNKNOWN
2016-04-19T01:08:22.000000;2016-04-19T01:08:22.000000;eef90c45-ab50-497b-aed7-e160b8f89732;430.39;0.06264355;UNKNOWN
2016-04-19T01:08:31.000000;2016-04-19T01:08:31.000000;558d2e31-da39-4962-b867-02b3921465bd;430.39;0.17725273;UNKNOWN
2016-04-19T01:11:06.000000;2016-04-19T01:11:06.000000;20c5570e-0075-437b-aecd-26572101b6ac;430.39;0.15405045;UNKNOWN
2016-04-19T01:11:49.000000;2016-04-19T01:11:49.000000;dd543de7-a57c-4a74-8323-45084418660c;430.35;0.76717708;UNKNOWN
2016-04-19T01:13:01.000000;2016-04-19T01:13:01.000000;c1592147-1b52-446c-bb39-53d9f501b1d4;430.39;0.06516442;UNKNOWN
2016-04-19T01:13:01.000000;2016-04-19T01:13:01.000000;24a92dd7-7b5c-412d-9eca-b387975f6452;430.39;0.00605327;UNKNOWN
2016-04-19T01:13:31.000000;2016-04-19T01:13:31.000000;163efae4-cc69-4bfb-af09-f2a3e9a75e0e;430.39;0.17725273;UNKNOWN
2016-04-19T01:13:32.000000;2016-04-19T01:13:32.000000;5aaad259-e9af-4d6c-b30c-a42d6b8c5ab4;430.39;0.17725273;UNKNOWN
2016-04-19T01:13:48.000000;2016-04-19T01:13:48.000000;399131d1-c29d-4b25-943d-0bdeca4185d9;430.34;1.60979421;UNKNOWN
2016-04-19T01:13:48.000000;2016-04-19T01:13:48.000000;598fc8ab-8494-4fea-ad90-1673d8d6c6f3;430.35;2.46716985;UNKNOWN
2016-04-19T01:14:16.000000;2016-04-19T01:14:16.000000;5cff96c0-af8e-48ce-833b-3888538ebd5b;430.39;0.0141;UNKNOWN
2016-04-19T01:16:04.000000;2016-04-19T01:16:04.000000;7753bbff-ae34-4354-b6dd-e1856f369b0a;430.34;0.1;UNKNOWN
2016-04-19T01:23:10.000000;2016-04-19T01:23:10.000000;454f7b1a-0d7d-4f18-bdc2-43e57b0c39f4;430.34;0.5;UNKNOWN
2016-04-19T01:24:47.000000;2016-04-19T01:24:47.000000;9df7d1f0-e019-48dc-ac4d-45133e967201;430.39;0.2;UNKNOWN
2016-04-19T01:24:59.000000;2016-04-19T01:24:59.000000;80333544-29ae-4284-9be7-010ed06bab59;430.39;1.36623012;UNKNOWN
2016-04-19T01:24:59.000000;2016-04-19T01:24:59.000000;eb45a4f9-360f-4340-bf4b-7cd00ae88d48;430.39;1.81376988;UNKNOWN
2016-04-19T01:26:40.000000;2016-04-19T01:26:40.000000;f269ce9e-efd2-4371-9b86-ec1cfa8a9dc1;430.34;0.5;UNKNOWN
2016-04-19T01:27:07.000000;2016-04-19T01:27:07.000000;5e951bfc-0d6f-40de-924b-8f2737efd40a;430.34;0.5;UNKNOWN
2016-04-19T01:27:36.000000;2016-04-19T01:27:36.000000;abb04f51-6587-420c-b1c7-4473291c3b92;430.34;0.5;UNKNOWN
2016-04-19T01:28:07.000000;2016-04-19T01:28:07.000000;d0d89e60-faf6-478c-84e9-dc0e15dd1f4a;430.34;0.5;UNKNOWN
2016-04-19T01:28:35.000000;2016-04-19T01:28:35.000000;c1100fc4-4df2-40d0-af49-cb5b0ee4a84c;430.25;0.22459119;UNKNOWN
2016-04-19T01:28:35.000000;2016-04-19T01:28:35.000000;34599816-fc78-4049-a66f-8a1f7197470a;430.34;0.27540881;UNKNOWN
2016-04-19T01:29:04.000000;2016-04-19T01:29:04.000000;e3ff6e12-e5ba-40be-b3d1-8e82d1d290b9;430.39;0.10526288;UNKNOWN
2016-04-19T01:29:05.000000;2016-04-19T01:29:05.000000;228e93cd-294e-4cfb-a09c-4c110b3975c8;430.25;0.1938;UNKNOWN
2016-04-19T01:29:05.000000;2016-04-19T01:29:05.000000;8bc03c86-41cf-4bd8-b136-477ac44e5326;430.4;0.41903276;UNKNOWN
2016-04-19T01:29:05.000000;2016-04-19T01:29:05.000000;e98ad6d1-32c3-46b3-b20e-7811db8cf5d2;430.39;1.08096724;UNKNOWN
2016-04-19T01:32:59.000000;2016-04-19T01:32:59.000000;a8b901a4-c1d3-4b57-b0fd-88482ee0f595;430.4;0.2;UNKNOWN
2016-04-19T01:39:48.000000;2016-04-19T01:39:48.000000;10127716-67e5-4a51-a600-dd617f05c550;430.4;0.01174878;UNKNOWN
2016-04-19T01:39:59.000000;2016-04-19T01:39:59.000000;43c8ff20-6742-4aaa-99f5-d8bf3f698b25;430.4;0.01606152;UNKNOWN
2016-04-19T01:41:05.000000;2016-04-19T01:41:05.000000;b362ad11-3ed3-474a-aa8d-5042a4e9b839;430.39;1.2625;UNKNOWN
2016-04-19T01:41:05.000000;2016-04-19T01:41:05.000000;52efa569-1bf0-4081-945b-6261254d8c9c;430.27;0.00534316;UNKNOWN
2016-04-19T01:41:05.000000;2016-04-19T01:41:05.000000;7e2d75cb-bc5e-4926-a7db-5efe38dd7aeb;430.38;0.058;UNKNOWN
2016-04-19T01:41:05.000000;2016-04-19T01:41:05.000000;777ea7ae-3295-44e4-9730-b2639336ff23;430.34;0.232;UNKNOWN
2016-04-19T01:45:10.000000;2016-04-19T01:45:10.000000;549d8a05-707b-44fc-be0e-4da425e31b76;430.4;3.18;UNKNOWN
2016-04-19T01:46:45.000000;2016-04-19T01:46:45.000000;e533b610-1815-4c3c-9841-e2a6358d49c7;430.4;0.17705254;UNKNOWN
2016-04-19T01:46:46.000000;2016-04-19T01:46:46.000000;a7bdb846-6cb5-4efd-b4ff-be7928f65c22;430.4;0.17704842;UNKNOWN
2016-04-19T01:46:48.000000;2016-04-19T01:46:48.000000;fc92836a-c213-4360-8645-408b99f8111c;430.4;0.17705254;UNKNOWN
2016-04-19T01:47:22.000000;2016-04-19T01:47:22.000000;c269455b-bf54-4abb-aa0f-11cd40941bfa;430.4;0.17701332;UNKNOWN
2016-04-19T01:47:24.000000;2016-04-19T01:47:24.000000;1bb69a8b-a029-4802-abf9-bbfc6d80df13;430.4;0.14086692;UNKNOWN
2016-04-19T01:48:28.000000;2016-04-19T01:48:28.000000;6d93ae76-0e39-4185-9a9c-7bd8f6457d4c;430.27;4.0;UNKNOWN
2016-04-19T01:54:48.000000;2016-04-19T01:54:48.000000;e03dae09-ab8c-4806-8d96-edcaba7bd267;430.41;2.53988278;UNKNOWN
2016-04-19T01:54:48.000000;2016-04-19T01:54:48.000000;5a4aa908-9458-46e1-98a5-e02fbf1b135b;430.42;0.25;UNKNOWN
2016-04-19T01:54:48.000000;2016-04-19T01:54:48.000000;b198b5ac-5e5d-43af-8502-261ef96c14d7;430.4;0.3241232;UNKNOWN
2016-04-19T01:54:48.000000;2016-04-19T01:54:48.000000;681d8c30-d61a-4090-999d-cda77a28c576;430.43;1.39265402;UNKNOWN
2016-04-19T01:54:48.000000;2016-04-19T01:54:48.000000;5c34c423-e7df-452e-af8a-f504cf54f2f5;430.3;0.4;UNKNOWN
2016-04-19T01:55:12.000000;2016-04-19T01:55:12.000000;0ef865fe-e215-4b8c-a164-a70c9473f129;430.44;0.25;UNKNOWN
2016-04-19T01:55:12.000000;2016-04-19T01:55:12.000000;b0ae07d4-ce9f-4283-bc5c-798e7f184c9f;430.43;1.60734598;UNKNOWN
2016-04-19T01:55:12.000000;2016-04-19T01:55:12.000000;c4cbc9c7-b963-4f04-adb5-371778dbd89c;430.44;3.05608402;UNKNOWN
2016-04-19T01:55:48.000000;2016-04-19T01:55:48.000000;bad8c5bf-e92b-4051-867e-ddbef7585117;430.44;1.87178;UNKNOWN
2016-04-19T01:56:04.000000;2016-04-19T01:56:04.000000;09087c4c-731b-4aaa-b9a6-91c9e0fcf056;430.42;0.04908751;UNKNOWN
2016-04-19T01:56:31.000000;2016-04-19T01:56:31.000000;90e3775e-3d43-4542-a107-f0e8230c559d;430.42;1.0;UNKNOWN
2016-04-19T01:56:59.000000;2016-04-19T01:56:59.000000;26297c71-50c8-4f2d-91af-7215db1ac3eb;430.45;0.25;UNKNOWN
2016-04-19T01:56:59.000000;2016-04-19T01:56:59.000000;9e4d4b3c-9e17-41e8-b649-a328e921188d;430.46;0.54964402;UNKNOWN
2016-04-19T01:56:59.000000;2016-04-19T01:56:59.000000;1d133d4c-dd2b-42d4-a8a0-ac5715c86f3a;430.44;1.07213598;UNKNOWN
2016-04-19T01:57:36.000000;2016-04-19T01:57:36.000000;b6185254-8df7-4363-9c26-3e239da31046;430.44;1.0;UNKNOWN
2016-04-19T01:58:02.000000;2016-04-19T01:58:02.000000;fd469342-d116-4153-8a65-73975045dc61;430.44;0.114;UNKNOWN
2016-04-19T01:59:43.000000;2016-04-19T01:59:43.000000;19bdb40f-97a7-4758-b3a9-f4eb886679eb;430.46;3.3239;UNKNOWN
2016-04-19T02:00:16.000000;2016-04-19T02:00:16.000000;952f9edb-e797-41ed-b80e-2bb961cf276f;430.45;1.0;UNKNOWN
2016-04-19T02:00:48.000000;2016-04-19T02:00:48.000000;a1067f17-47be-4f22-9605-0bb2300c3693;430.46;1.63571;UNKNOWN
2016-04-19T02:06:59.000000;2016-04-19T02:06:59.000000;869da801-6dd5-497b-8131-ed1f05078ab3;430.45;0.088;UNKNOWN
2016-04-19T02:06:59.000000;2016-04-19T02:06:59.000000;c27869c8-2dff-42aa-a1f5-b6c53f422a40;430.45;0.162;UNKNOWN
2016-04-19T02:10:20.000000;2016-04-19T02:10:20.000000;bdc4022b-1b7c-4a33-a721-d612e54b066a;430.45;0.15316366;UNKNOWN
2016-04-19T02:10:59.000000;2016-04-19T02:10:59.000000;c235c7eb-650a-4195-87bb-e0b77fd68c58;430.46;4.50925402;UNKNOWN
2016-04-19T02:10:59.000000;2016-04-19T02:10:59.000000;1e8d783c-942d-46c7-8de2-a3ef543930e5;430.46;0.49074598;UNKNOWN
2016-04-19T02:11:20.000000;2016-04-19T02:11:20.000000;715cd5ea-ab53-455d-bc21-cf6df1630b78;430.46;1.50925402;UNKNOWN
2016-04-19T02:11:20.000000;2016-04-19T02:11:20.000000;e05fbcb1-8842-42a5-85bf-2a36ff521029;430.46;1.49074598;UNKNOWN
2016-04-19T02:11:25.000000;2016-04-19T02:11:25.000000;c185d0f3-30ab-45bb-a728-918a7ada5a14;430.46;1.0;UNKNOWN
2016-04-19T02:12:19.000000;2016-04-19T02:12:19.000000;b8125960-b76c-4314-aa99-61dbc084881d;430.45;0.2;UNKNOWN
2016-04-19T02:13:53.000000;2016-04-19T02:13:53.000000;eba26309-d4c4-4d27-964d-422799dd32f4;430.46;3.49074598;UNKNOWN
2016-04-19T02:13:53.000000;2016-04-19T02:13:53.000000;4e5fbc42-8ea6-4937-85aa-fb086d199d7c;430.47;1.50925402;UNKNOWN
2016-04-19T02:13:54.000000;2016-04-19T02:13:54.000000;af5a36b4-9803-413e-98d1-7c65a49f31f6;430.47;1.0;UNKNOWN
2016-04-19T02:14:18.000000;2016-04-19T02:14:18.000000;5a8ee90b-8b02-45ae-a6dd-c7259422d76c;430.47;0.5;UNKNOWN
2016-04-19T02:14:29.000000;2016-04-19T02:14:29.000000;140ad4a8-a446-45ea-9373-6cbf117af37f;430.47;0.5;UNKNOWN
2016-04-19T02:14:36.000000;2016-04-19T02:14:36.000000;eaf714c3-3056-48e3-8f2f-4c09537b4465;430.47;0.5;UNKNOWN
2016-04-19T02:14:41.000000;2016-04-19T02:14:41.000000;3412c6b5-93c6-42bf-b874-647a17cb3637;430.47;0.5;UNKNOWN
2016-04-19T02:14:47.000000;2016-04-19T02:14:47.000000;8a34aaeb-fde9-4838-ad78-abd2cdc2cdb8;430.47;0.5;UNKNOWN
2016-04-19T02:14:54.000000;2016-04-19T02:14:54.000000;23888805-68df-4dc5-8959-a4e64548f248;430.47;0.5;UNKNOWN
2016-04-19T02:15:00.000000;2016-04-19T02:15:00.000000;e2074a8b-2c03-4329-88ff-b627e604ed4e;430.47;0.49074598;UNKNOWN
2016-04-19T02:15:00.000000;2016-04-19T02:15:00.000000;ecf98f32-5713-4422-9cd7-6370424c09e0;430.47;0.00925402;UNKNOWN
2016-04-19T02:15:09.000000;2016-04-19T02:15:09.000000;d786c473-417d-4fad-bfe8-32cf27272c43;430.47;0.01053775;UNKNOWN
2016-04-19T02:15:09.000000;2016-04-19T02:15:09.000000;30e728e0-9a2c-4818-b92a-9c3bbb7ff740;430.48;0.25;UNKNOWN
2016-04-19T02:15:09.000000;2016-04-19T02:15:09.000000;f2da486d-0111-4363-a2df-ee2b89a64bb6;430.48;0.23946225;UNKNOWN
2016-04-19T02:15:18.000000;2016-04-19T02:15:18.000000;be91592d-6e07-4f09-b7c1-13bc6cdb4200;430.48;0.23946225;UNKNOWN
2016-04-19T02:15:18.000000;2016-04-19T02:15:18.000000;d2b1f3fa-9e28-48e5-9002-a5bf41b5b920;430.48;0.25;UNKNOWN
2016-04-19T02:15:18.000000;2016-04-19T02:15:18.000000;ef7b4a8d-30a8-4171-afb2-1c835f829e97;430.48;0.01053775;UNKNOWN
2016-04-19T02:16:04.000000;2016-04-19T02:16:04.000000;39c97939-5414-4eea-a7ae-179036a7f36d;430.48;1.6;UNKNOWN
2016-04-19T02:16:05.000000;2016-04-19T02:16:05.000000;96f44af3-4fec-426c-be94-33cc4faf2736;430.46;0.1;UNKNOWN
2016-04-19T02:16:17.000000;2016-04-19T02:16:17.000000;b8a59b88-7272-4323-8ff9-bd18aa2875b9;430.45;0.2;UNKNOWN
2016-04-19T02:16:29.000000;2016-04-19T02:16:29.000000;b3d7a728-1d4f-4421-99ba-6a21264a98a6;430.48;0.5;UNKNOWN
2016-04-19T02:16:32.000000;2016-04-19T02:16:32.000000;ec259e4a-3cba-4338-af54-63de7312b01d;430.48;0.5;UNKNOWN
2016-04-19T02:16:33.000000;2016-04-19T02:16:33.000000;c6c66210-482c-473c-bf6b-495d49c939dc;430.48;0.5;UNKNOWN
2016-04-19T02:16:45.000000;2016-04-19T02:16:45.000000;d974fedf-d009-4460-878e-7be57e084ed6;430.48;3.18;UNKNOWN
2016-04-19T02:16:57.000000;2016-04-19T02:16:57.000000;79fb366b-bb1f-444e-a0ff-680a41e944c4;430.48;0.5;UNKNOWN
2016-04-19T02:17:06.000000;2016-04-19T02:17:06.000000;249eb01c-a60b-46ad-a6ce-32e68a943e4e;430.48;0.5;UNKNOWN
2016-04-19T02:17:08.000000;2016-04-19T02:17:08.000000;4f7a6546-7603-43bf-93b5-220b3893de60;430.48;0.5;UNKNOWN
2016-04-19T02:17:43.000000;2016-04-19T02:17:43.000000;61b5b047-4ca2-4d55-a65a-f61a806ad46b;430.48;0.25;UNKNOWN
2016-04-19T02:18:29.000000;2016-04-19T02:18:29.000000;3c07afb1-bd98-4109-8fea-575308a13028;430.48;0.5;UNKNOWN
2016-04-19T02:18:31.000000;2016-04-19T02:18:31.000000;8c6f9dfa-c9a8-484b-aac7-6583605fd1b8;430.48;0.5;UNKNOWN
2016-04-19T02:18:35.000000;2016-04-19T02:18:35.000000;c6da8005-5247-4c53-833e-84e08dfbd81e;430.48;0.5;UNKNOWN
2016-04-19T02:18:41.000000;2016-04-19T02:18:41.000000;1b91cf73-3bca-4307-a12f-da1db4c3bc89;430.48;0.5;UNKNOWN
2016-04-19T02:19:42.000000;2016-04-19T02:19:42.000000;215c342c-2473-4ec1-8d7b-824f3f930939;430.48;1.0;UNKNOWN
2016-04-19T02:21:09.000000;2016-04-19T02:21:09.000000;5ebca195-0f9f-489d-ac23-0784e26732f4;430.48;0.5;UNKNOWN
2016-04-19T02:21:23.000000;2016-04-19T02:21:23.000000;6dfc52a1-df20-45a9-8d6a-4271fad982ed;430.48;0.5;UNKNOWN
2016-04-19T02:28:04.000000;2016-04-19T02:28:04.000000;6a911581-470a-434d-9347-af8bd1ac6020;430.49;0.02101594;UNKNOWN
2016-04-19T02:31:04.000000;2016-04-19T02:31:04.000000;4633bf61-054f-4576-a4b4-bacc67ebd67c;430.49;0.16241028;UNKNOWN
2016-04-19T02:31:04.000000;2016-04-19T02:31:04.000000;455ba51f-c712-47d2-86e3-ae8611d85868;430.49;2.43758972;UNKNOWN
2016-04-19T02:38:03.000000;2016-04-19T02:38:03.000000;23ac9325-a08b-4a23-a734-22b11faf1c42;430.48;0.060398;UNKNOWN
2016-04-19T02:39:02.000000;2016-04-19T02:39:02.000000;63262d25-87c0-40da-a198-c40cc1469066;430.45;0.054;UNKNOWN
2016-04-19T02:39:02.000000;2016-04-19T02:39:02.000000;af20c087-547e-44f1-a665-a30b10e71803;430.45;0.203;UNKNOWN
2016-04-19T02:42:16.000000;2016-04-19T02:42:16.000000;955632b5-1e92-4561-8e6e-2630d62daf36;430.49;2.240398;UNKNOWN
2016-04-19T02:42:16.000000;2016-04-19T02:42:16.000000;1029f1c2-f3b7-4093-8a60-bda652917ca8;430.48;0.939602;UNKNOWN
2016-04-19T02:46:56.000000;2016-04-19T02:46:56.000000;a047d43b-d9e6-4129-8d77-0842d8db8c1c;430.45;0.797;UNKNOWN
2016-04-19T02:46:56.000000;2016-04-19T02:46:56.000000;fc64c34c-06f4-4ecc-9821-c852d226968f;430.33;0.19299011;UNKNOWN
2016-04-19T02:48:05.000000;2016-04-19T02:48:05.000000;6977abc8-0a37-4b22-a3c8-542ba4bce8b4;430.49;0.56067108;UNKNOWN
2016-04-19T02:51:35.000000;2016-04-19T02:51:35.000000;cae1222d-185f-4658-a8cf-836b4da4676b;430.37;0.06496414;UNKNOWN
2016-04-19T02:51:38.000000;2016-04-19T02:51:38.000000;7ad6dd9f-dd45-432b-8655-7919f58ad733;430.37;0.06496414;UNKNOWN
2016-04-19T02:52:04.000000;2016-04-19T02:52:04.000000;ec36a10f-fb6e-4dad-9010-68ad16d99f0a;430.34;0.01054506;UNKNOWN
2016-04-19T02:52:07.000000;2016-04-19T02:52:07.000000;03359b1d-917e-4378-9c89-8ea56651fcf0;430.34;0.01076673;UNKNOWN
2016-04-19T02:52:10.000000;2016-04-19T02:52:10.000000;7ecfd023-fa43-430f-b1ea-1a1d76fc697e;430.34;0.03143322;UNKNOWN
2016-04-19T02:52:13.000000;2016-04-19T02:52:13.000000;d5629bbc-8297-4584-b355-4c225e8f6608;430.34;0.01731918;UNKNOWN
2016-04-19T02:52:15.000000;2016-04-19T02:52:15.000000;3b9c99f2-b8fc-4e05-8fb6-4ae892db237f;430.34;0.01920807;UNKNOWN
2016-04-19T02:52:18.000000;2016-04-19T02:52:18.000000;06257d20-dcd4-45b9-9c8a-c6cec05b3334;430.34;0.02342577;UNKNOWN
2016-04-19T02:52:21.000000;2016-04-19T02:52:21.000000;1ed88d52-369a-4970-b754-f1f4dda6015a;430.34;0.01688344;UNKNOWN
2016-04-19T02:52:24.000000;2016-04-19T02:52:24.000000;fbd49b87-faf4-404d-bae3-e04c8aaa7703;430.34;0.01076188;UNKNOWN
2016-04-19T02:52:27.000000;2016-04-19T02:52:27.000000;42f68892-aac0-4b02-825a-97f3dadb129b;430.34;0.01318565;UNKNOWN
2016-04-19T02:52:31.000000;2016-04-19T02:52:31.000000;b8727e6b-9d40-4d74-b6f5-cff1888b6ec1;430.34;0.01202598;UNKNOWN
2016-04-19T02:52:34.000000;2016-04-19T02:52:34.000000;80b8db85-92c9-4fc6-9e66-2a75e488a283;430.34;0.01687857;UNKNOWN
2016-04-19T02:52:36.000000;2016-04-19T02:52:36.000000;ed54d34c-f2e7-4dac-8fed-79f2873338dc;430.29;9.91243355;UNKNOWN
2016-04-19T02:52:36.000000;2016-04-19T02:52:36.000000;dd47cff0-4202-47fc-96d5-86362da64a51;430.34;0.08756645;UNKNOWN
2016-04-19T02:52:43.000000;2016-04-19T02:52:43.000000;793c591d-68bf-4102-9acb-0d21b7849ee2;430.29;0.01792724;UNKNOWN
2016-04-19T02:52:45.000000;2016-04-19T02:52:45.000000;3f9243af-e38f-4094-ba88-b0081a18c823;430.29;0.01138958;UNKNOWN
2016-04-19T02:52:48.000000;2016-04-19T02:52:48.000000;303720da-fa4b-441b-a965-ac5fc7732192;430.29;0.05239861;UNKNOWN
2016-04-19T02:53:16.000000;2016-04-19T02:53:16.000000;86a66242-7940-46de-b68d-3fb1e9424b25;430.31;0.21489632;UNKNOWN
2016-04-19T02:53:16.000000;2016-04-19T02:53:16.000000;8028ca75-6f41-48ab-ba63-dd704e37bdd2;430.3;0.02510368;UNKNOWN
2016-04-19T02:53:19.000000;2016-04-19T02:53:19.000000;982fdd5d-5eb2-48ed-be47-1327e3113954;430.31;0.24;UNKNOWN
2016-04-19T02:55:42.000000;2016-04-19T02:55:42.000000;cbd37374-0e41-4732-9c15-279739ef8197;430.3;0.0592;UNKNOWN
2016-04-19T02:58:04.000000;2016-04-19T02:58:04.000000;d61a4fb6-f496-4875-bc8f-8e6bb6ee83d5;430.26;5.0;UNKNOWN
2016-04-19T02:58:04.000000;2016-04-19T02:58:04.000000;1b7b88a1-8cc9-4615-b4ed-048cfa3bb6c6;430.25;3.8;UNKNOWN
2016-04-19T02:58:04.000000;2016-04-19T02:58:04.000000;97bfdb8e-9041-44af-a036-7fba865caef7;430.27;0.2;UNKNOWN
2016-04-19T02:59:04.000000;2016-04-19T02:59:04.000000;500fc347-0bab-428d-9886-0cb0c6a3cbec;430.25;0.40489634;UNKNOWN
2016-04-19T02:59:04.000000;2016-04-19T02:59:04.000000;dc6fb12b-3172-4ff2-92e7-bef4ed8d4a8e;429.98;1.89510366;UNKNOWN
2016-04-19T02:59:04.000000;2016-04-19T02:59:04.000000;5df8842b-f0cd-46b8-9be3-845f9f99c10c;429.98;6.0;UNKNOWN
2016-04-19T02:59:04.000000;2016-04-19T02:59:04.000000;516a216b-df5f-4dff-a360-730fb3a952c4;429.98;0.5;UNKNOWN
2016-04-19T02:59:10.000000;2016-04-19T02:59:10.000000;d1f085e2-4abf-4fd1-a095-578fc970995e;429.91;0.02;UNKNOWN
2016-04-19T03:00:06.000000;2016-04-19T03:00:06.000000;ff716d7a-acbb-485d-b505-3c45e9776537;429.87;0.9093;UNKNOWN
2016-04-19T03:00:06.000000;2016-04-19T03:00:06.000000;b4ed3427-dbc9-456c-8b91-1a82257e761c;429.59;3.0;UNKNOWN
2016-04-19T03:00:06.000000;2016-04-19T03:00:06.000000;930e752b-52fa-4872-b6ee-1214ba1e4731;429.57;0.0907;UNKNOWN
2016-04-19T03:00:06.000000;2016-04-19T03:00:06.000000;97c0b80c-a0e1-406f-8532-03285c6dc1f4;429.59;6.0;UNKNOWN
2016-04-19T03:00:08.000000;2016-04-19T03:00:08.000000;236d5875-29b0-4b3f-8069-0a7eb82dd88d;429.59;3.0;UNKNOWN
2016-04-19T03:00:08.000000;2016-04-19T03:00:08.000000;7aaaa9ce-9f60-4084-8975-9cce1fb41dc4;429.6;6.9632;UNKNOWN
2016-04-19T03:00:08.000000;2016-04-19T03:00:08.000000;f53e754b-83c8-4ac7-b045-31e0f20e5da9;429.52;0.0368;UNKNOWN
2016-04-19T03:01:05.000000;2016-04-19T03:01:05.000000;b21f0a27-33c1-4425-961f-7c722779dca7;429.67;10.0;UNKNOWN
2016-04-19T03:02:04.000000;2016-04-19T03:02:04.000000;ca866a80-bc1a-42aa-977d-6207244792a0;429.6;8.8;UNKNOWN
2016-04-19T03:03:03.000000;2016-04-19T03:03:03.000000;0da15652-8687-4734-84aa-c95569e8365e;429.63;1.99985;UNKNOWN
2016-04-19T03:05:46.000000;2016-04-19T03:05:46.000000;21768049-1d3b-40a7-9fb0-45c4ffea784b;429.6;0.22;UNKNOWN
2016-04-19T03:05:49.000000;2016-04-19T03:05:49.000000;592f4f88-6ddd-4732-9468-7092895afec4;429.6;0.22;UNKNOWN
2016-04-19T03:10:57.000000;2016-04-19T03:10:57.000000;6255405f-85a3-4f06-a842-ac8a0c951a6a;429.51;1.0;UNKNOWN
2016-04-19T03:11:16.000000;2016-04-19T03:11:16.000000;c9c1d361-5277-4ab8-8ec3-b4a1f76d4128;429.56;1.0;UNKNOWN
2016-04-19T03:13:04.000000;2016-04-19T03:13:04.000000;57330656-4394-489d-8bee-0443671baea7;429.56;1.33;UNKNOWN
2016-04-19T03:14:04.000000;2016-04-19T03:14:04.000000;6c7ef460-2846-4701-b3d5-d9bde9ddb0c3;429.55;0.01403008;UNKNOWN
2016-04-19T03:15:04.000000;2016-04-19T03:15:04.000000;dea365d7-483a-4417-bf98-83bbc6fb53a3;429.55;0.88469456;UNKNOWN
2016-04-19T03:16:09.000000;2016-04-19T03:16:09.000000;674c0c79-a1a7-49f8-82aa-96e207291429;429.56;0.16596648;UNKNOWN
2016-04-19T03:16:09.000000;2016-04-19T03:16:09.000000;c49b2491-8a5a-461a-8dc8-dcdfed35e011;429.56;0.17747734;UNKNOWN
2016-04-19T03:16:09.000000;2016-04-19T03:16:09.000000;48f45da5-7230-470d-b668-7d8c22408113;429.56;0.17747734;UNKNOWN
2016-04-19T03:16:18.000000;2016-04-19T03:16:18.000000;1b77ef2b-14fb-461d-b1e5-85499088f14e;429.55;0.24614303;UNKNOWN
2016-04-19T03:18:58.000000;2016-04-19T03:18:58.000000;a01c961e-a391-4cd4-a428-d11e6612e403;429.55;0.06331013;UNKNOWN
2016-04-19T03:19:06.000000;2016-04-19T03:19:06.000000;c10d3e81-0d85-4402-9e29-f6515fc3ad12;429.55;0.06362763;UNKNOWN
2016-04-19T03:19:10.000000;2016-04-19T03:19:10.000000;4c791c61-268b-433d-9347-ba246ddb4810;429.55;0.13846116;UNKNOWN
2016-04-19T03:19:15.000000;2016-04-19T03:19:15.000000;5b12715b-0f3a-4bd6-8129-976c762d2215;429.55;0.13204679;UNKNOWN
2016-04-19T03:19:43.000000;2016-04-19T03:19:43.000000;12e6c29e-51c4-45d8-ba09-c2695f71a7f2;429.55;0.01166;UNKNOWN
2016-04-19T03:19:57.000000;2016-04-19T03:19:57.000000;4a19849d-6e48-447f-9e7c-bd31f75a6b43;429.55;0.02726427;UNKNOWN
2016-04-19T03:19:58.000000;2016-04-19T03:19:58.000000;ec73f0c1-8aa9-4ebe-88a6-01644595261d;429.55;0.02726427;UNKNOWN
2016-04-19T03:20:00.000000;2016-04-19T03:20:00.000000;682d8921-354e-40b1-abae-3ffc4d54b19d;429.55;0.17871475;UNKNOWN
2016-04-19T03:20:00.000000;2016-04-19T03:20:00.000000;72df629b-ad55-4e7b-b90b-b32bdd30f97a;429.55;0.0372698;UNKNOWN
2016-04-19T03:21:00.000000;2016-04-19T03:21:00.000000;65cab080-4753-43cb-bf7d-4b0f7b2e4519;429.55;0.1232;UNKNOWN
2016-04-19T03:21:58.000000;2016-04-19T03:21:58.000000;f512ad48-ba43-4424-9534-9c1309fe3145;429.56;1.0;UNKNOWN
2016-04-19T03:22:40.000000;2016-04-19T03:22:40.000000;8f464205-3a30-400d-8269-6f4dd8e2bc6d;429.56;1.0;UNKNOWN
2016-04-19T03:22:58.000000;2016-04-19T03:22:58.000000;de6102b7-7369-49d7-b86f-42d1168e1704;429.56;1.0;UNKNOWN
2016-04-19T03:23:20.000000;2016-04-19T03:23:20.000000;a55007a8-2394-46c2-9bcf-67d14285df17;429.56;1.0;UNKNOWN
2016-04-19T03:23:49.000000;2016-04-19T03:23:49.000000;ed0c8b11-54a3-4aed-a356-97fa56779ada;429.56;1.0;UNKNOWN
2016-04-19T03:23:57.000000;2016-04-19T03:23:57.000000;dc407fdb-4969-4ab7-b36a-4edcded7571c;429.56;1.0;UNKNOWN
2016-04-19T03:24:09.000000;2016-04-19T03:24:09.000000;e000372e-2106-4736-8f01-a54071f30761;429.56;1.0;UNKNOWN
2016-04-19T03:24:20.000000;2016-04-19T03:24:20.000000;57940f9c-daf0-49fb-880e-846dd2e5ff83;429.56;1.0;UNKNOWN
2016-04-19T03:24:22.000000;2016-04-19T03:24:22.000000;648e1a6b-a9fc-4c53-a53d-a4b9b461c2c4;429.56;0.19907884;UNKNOWN
2016-04-19T03:24:29.000000;2016-04-19T03:24:29.000000;7689d369-3789-4925-8fd3-27b6ac145812;429.77;0.05222944;UNKNOWN
2016-04-19T03:24:32.000000;2016-04-19T03:24:32.000000;49e72a5b-825a-48c5-92d4-4c49b92b9e3b;429.79;0.01789003;UNKNOWN
2016-04-19T03:24:34.000000;2016-04-19T03:24:34.000000;fd915f51-0b34-4f76-9510-59133dd6679b;429.88;0.01980238;UNKNOWN
2016-04-19T03:24:37.000000;2016-04-19T03:24:37.000000;6c31a1ca-61b4-43c1-8917-55011e8a8923;429.9;0.01639552;UNKNOWN
2016-04-19T03:24:40.000000;2016-04-19T03:24:40.000000;9badb3d7-7008-46b5-900f-7699b4c82e26;430.34;0.02668987;UNKNOWN
2016-04-19T03:24:40.000000;2016-04-19T03:24:40.000000;a7b5e621-5d28-4a51-829e-4c6dadf0c4cc;430.33;0.0907;UNKNOWN
2016-04-19T03:24:40.000000;2016-04-19T03:24:40.000000;718f6403-0bc4-4c9f-8b31-ff0a4355ec7c;429.89;0.01660677;UNKNOWN
2016-04-19T03:24:40.000000;2016-04-19T03:24:40.000000;0bdc361d-eb7d-4d28-8214-5c0aefdcf9c9;430.37;0.66600336;UNKNOWN
2016-04-19T03:24:42.000000;2016-04-19T03:24:42.000000;93d320fe-094d-4cab-9bbd-3064e8938e97;429.91;0.05672552;UNKNOWN
2016-04-19T03:25:09.000000;2016-04-19T03:25:09.000000;2ad029bf-39cc-467a-bc96-30e627744da7;429.99;0.02133437;UNKNOWN
2016-04-19T03:25:12.000000;2016-04-19T03:25:12.000000;547beb84-46e1-406a-bd06-a0cd63ed4939;429.99;0.07045822;UNKNOWN
2016-04-19T03:25:14.000000;2016-04-19T03:25:14.000000;6ef9fe4c-b066-48ef-9666-4a0857005286;429.99;0.02133437;UNKNOWN
2016-04-19T03:28:03.000000;2016-04-19T03:28:03.000000;41e1e6ce-9b3b-4a1c-9f62-b4c09f5b2fe2;429.91;0.11713483;UNKNOWN
2016-04-19T03:28:08.000000;2016-04-19T03:28:08.000000;a0cf7f36-7708-405d-91db-d4fda79cad06;429.92;0.09566128;UNKNOWN
2016-04-19T03:33:42.000000;2016-04-19T03:33:42.000000;d5ff8c18-6cdd-4e3c-8355-f89523fe3b39;429.81;0.03130229;UNKNOWN
2016-04-19T03:34:12.000000;2016-04-19T03:34:12.000000;06bc18b8-5677-41d8-a99d-15d7b5f23d3c;429.88;1.0;UNKNOWN
2016-04-19T03:34:20.000000;2016-04-19T03:34:20.000000;a78acf3a-1d03-4ad2-8e39-49f4276eac10;429.88;1.0;UNKNOWN
2016-04-19T03:34:27.000000;2016-04-19T03:34:27.000000;6ce2fc78-22df-4051-8e80-c318f16f6bbd;429.81;1.0;UNKNOWN
2016-04-19T03:34:39.000000;2016-04-19T03:34:39.000000;4f4ca895-e4a4-4efa-998d-b52bf41ea39b;429.81;1.0;UNKNOWN
2016-04-19T03:35:31.000000;2016-04-19T03:35:31.000000;f121279c-286d-48e1-9ede-f27148e89908;429.77;0.97;UNKNOWN
2016-04-19T03:36:53.000000;2016-04-19T03:36:53.000000;678b2ba2-b920-4902-a61e-258ba473a83a;429.75;0.0698;UNKNOWN
2016-04-19T03:36:53.000000;2016-04-19T03:36:53.000000;eb181704-4b73-4942-869f-6e7e65bae383;429.74;0.29094;UNKNOWN
2016-04-19T03:37:09.000000;2016-04-19T03:37:09.000000;443e79b3-e2ce-4313-ac0f-6275ce310be4;430.0;0.0666882;UNKNOWN
2016-04-19T03:38:21.000000;2016-04-19T03:38:21.000000;c9dbc607-b1d2-442e-820a-954100e29f80;429.69;0.06921198;UNKNOWN
2016-04-19T03:38:25.000000;2016-04-19T03:38:25.000000;5871e371-1fce-4b33-a848-8454dcafcdbd;429.69;0.06921198;UNKNOWN
2016-04-19T03:38:28.000000;2016-04-19T03:38:28.000000;67e653ea-7e2c-4880-8b06-ee20db455941;429.69;0.06921198;UNKNOWN
2016-04-19T03:38:32.000000;2016-04-19T03:38:32.000000;e5becf1c-7798-4fb9-bb8b-d5ecd8453f52;429.69;0.06921198;UNKNOWN
2016-04-19T03:47:25.000000;2016-04-19T03:47:25.000000;12903729-2479-4908-a08a-681fd47c2f77;429.53;4.726;UNKNOWN
2016-04-19T03:47:25.000000;2016-04-19T03:47:25.000000;8db599cb-dee2-4bc4-9eea-14db5c583a45;429.53;2.425;UNKNOWN
2016-04-19T03:48:47.000000;2016-04-19T03:48:47.000000;253ea31b-2744-4fb2-9fb4-c926292afd92;429.58;0.0308985;UNKNOWN
2016-04-19T03:50:35.000000;2016-04-19T03:50:35.000000;d0c8e467-b9d7-42dd-b552-7b24b3cc7eed;429.51;0.2318196;UNKNOWN
2016-04-19T03:50:35.000000;2016-04-19T03:50:35.000000;abff83ee-05ed-42a3-a778-b74531a4f6f9;429.51;0.2318196;UNKNOWN
2016-04-19T03:50:36.000000;2016-04-19T03:50:36.000000;77847947-17a8-4e1e-b2c4-59d9fc8ee128;429.51;0.10241417;UNKNOWN
2016-04-19T03:50:36.000000;2016-04-19T03:50:36.000000;c9110698-f4e8-4f92-a59e-d15749dd0568;429.52;0.03548907;UNKNOWN
2016-04-19T03:50:38.000000;2016-04-19T03:50:38.000000;9091bd4d-c865-4a25-bb9c-4bc28e5c48e4;429.56;0.03552128;UNKNOWN
2016-04-19T03:50:38.000000;2016-04-19T03:50:38.000000;a2e4be72-0be7-4eda-bbc7-f8eb581c25a2;429.56;0.03552019;UNKNOWN
2016-04-19T03:52:22.000000;2016-04-19T03:52:22.000000;3a876e3b-5b37-4703-83a4-a80401a64ffc;429.55;0.01;UNKNOWN
2016-04-19T03:53:32.000000;2016-04-19T03:53:32.000000;4853693d-1e8c-429a-8fda-f8111b581e0d;429.51;0.11584451;UNKNOWN
2016-04-19T03:53:33.000000;2016-04-19T03:53:33.000000;fc681424-912d-4a00-9377-72fd8c78bb55;429.51;0.06462491;UNKNOWN
2016-04-19T03:55:56.000000;2016-04-19T03:55:56.000000;006ce0f3-cc13-4317-810e-457bc77f1793;429.51;1.87;UNKNOWN
2016-04-19T03:59:07.000000;2016-04-19T03:59:07.000000;fb95264a-c35b-47ac-818b-fb1b1c7fd874;429.51;0.03;UNKNOWN
2016-04-19T03:59:08.000000;2016-04-19T03:59:08.000000;2abf9534-c66b-4539-a85f-576140d302c5;429.51;0.03;UNKNOWN
2016-04-19T03:59:09.000000;2016-04-19T03:59:09.000000;d913de50-0f29-480a-ae98-91db55de1eb0;429.52;0.06;UNKNOWN
2016-04-19T03:59:55.000000;2016-04-19T03:59:55.000000;05e11647-ab3e-46d0-94f1-04bf33217117;429.51;0.02344955;UNKNOWN
2016-04-19T03:59:55.000000;2016-04-19T03:59:55.000000;1b5b2b28-5fde-4387-b503-ee2d859438fc;429.51;0.03181215;UNKNOWN
2016-04-19T04:00:03.000000;2016-04-19T04:00:03.000000;0465f840-8a31-40d6-84db-930d61f76460;429.52;0.09658038;UNKNOWN
2016-04-19T04:00:03.000000;2016-04-19T04:00:03.000000;df4c2312-a45d-4928-aa26-ac902bc95c99;429.53;0.0844545;UNKNOWN
2016-04-19T04:01:00.000000;2016-04-19T04:01:00.000000;b017854f-ff03-4e9e-b936-84fa44636d82;429.53;0.17079466;UNKNOWN
2016-04-19T04:01:00.000000;2016-04-19T04:01:00.000000;8d0229c6-ceae-4141-8064-80708f76de4d;429.52;0.01;UNKNOWN
2016-04-19T04:01:04.000000;2016-04-19T04:01:04.000000;a68eb179-e72e-42ca-8b06-417ddd9f7102;429.53;0.18079443;UNKNOWN
2016-04-19T04:01:07.000000;2016-04-19T04:01:07.000000;5c0d006d-3e97-4197-87ff-bcedbaf1c38c;429.53;0.18079443;UNKNOWN
2016-04-19T04:01:58.000000;2016-04-19T04:01:58.000000;8765630a-f23c-4180-bf46-b4e126e49501;429.53;0.18158993;UNKNOWN
2016-04-19T04:04:35.000000;2016-04-19T04:04:35.000000;076bcdd9-eeea-410b-ba11-2ef477c89626;429.53;1.0;UNKNOWN
2016-04-19T04:04:46.000000;2016-04-19T04:04:46.000000;83947b7b-8968-4d54-9b28-32d023af17c0;429.53;1.0;UNKNOWN
2016-04-19T04:04:54.000000;2016-04-19T04:04:54.000000;cf739980-e2c0-47ba-9ba7-584d29e2b7c0;429.53;1.0;UNKNOWN
2016-04-19T04:05:02.000000;2016-04-19T04:05:02.000000;0158e86f-4f0e-41c9-8b21-151e8105c30d;429.53;0.71064656;UNKNOWN
2016-04-19T04:05:02.000000;2016-04-19T04:05:02.000000;68c7931f-7987-4877-abb3-4777a01efba5;429.53;0.28935344;UNKNOWN
2016-04-19T04:05:19.000000;2016-04-19T04:05:19.000000;c9438cb3-a03c-4107-8c24-456d95be7805;429.53;1.0;UNKNOWN
2016-04-19T04:07:48.000000;2016-04-19T04:07:48.000000;ab443be2-a141-4c0c-9053-5a406af77567;429.51;21.25;UNKNOWN
2016-04-19T04:09:43.000000;2016-04-19T04:09:43.000000;992e81d6-e7b3-4e6b-a313-cfc62eddec1b;429.16;0.25;UNKNOWN
2016-04-19T04:09:43.000000;2016-04-19T04:09:43.000000;f48d547e-a275-4978-a75e-1c4e80758c9b;429.15;0.01;UNKNOWN
2016-04-19T04:09:43.000000;2016-04-19T04:09:43.000000;2f4a49b9-4908-40d7-98ca-0ca84d6e5ae4;429.34;0.25;UNKNOWN
2016-04-19T04:09:43.000000;2016-04-19T04:09:43.000000;2b8d4905-9936-442b-b366-2f2eb87d762c;429.45;0.25;UNKNOWN
2016-04-19T04:09:43.000000;2016-04-19T04:09:43.000000;6344b289-0ee2-4832-a84f-c57b09baf17d;429.25;0.2;UNKNOWN
2016-04-19T04:09:43.000000;2016-04-19T04:09:43.000000;1842c3e6-bd50-4311-8110-83af09341354;429.33;0.25;UNKNOWN
2016-04-19T04:09:43.000000;2016-04-19T04:09:43.000000;f288fce7-9ddd-4820-954e-5dc723f27559;429.35;0.25;UNKNOWN
2016-04-19T04:09:43.000000;2016-04-19T04:09:43.000000;34f9ca19-9c06-4310-859b-675f9dc992e9;429.5;3.17;UNKNOWN
2016-04-19T04:09:43.000000;2016-04-19T04:09:43.000000;aae1f09a-f992-4252-b6fa-45c2d04380b1;429.28;0.25;UNKNOWN
2016-04-19T04:09:43.000000;2016-04-19T04:09:43.000000;39e7196d-d3df-4fc6-8a24-37c614f9482d;429.46;0.25;UNKNOWN
2016-04-19T04:09:43.000000;2016-04-19T04:09:43.000000;9c14e085-20c1-4187-80f6-c4e1cb02c76f;429.51;0.00821551;UNKNOWN
2016-04-19T04:09:43.000000;2016-04-19T04:09:43.000000;3dfe8a86-e655-4ae3-a8e8-421cf1ae5787;429.5;0.2;UNKNOWN
2016-04-19T04:09:43.000000;2016-04-19T04:09:43.000000;3affa997-8e8f-4021-bf96-0f3cca7a5384;429.52;0.1;UNKNOWN
2016-04-19T04:09:43.000000;2016-04-19T04:09:43.000000;4abe4c11-0377-4e94-87a8-ebcc1cfe4444;429.34;0.25;UNKNOWN
2016-04-19T04:09:43.000000;2016-04-19T04:09:43.000000;353f4a8d-dab3-4863-954e-a88d1da2b2b5;429.27;0.25;UNKNOWN
2016-04-19T04:09:43.000000;2016-04-19T04:09:43.000000;81cf5f58-47d6-447f-a95c-b65f59a9c622;429.34;0.25;UNKNOWN
2016-04-19T04:10:12.000000;2016-04-19T04:10:12.000000;91e6b161-683c-4bf9-be0b-71b110a89a25;429.15;0.76521551;UNKNOWN
2016-04-19T04:10:12.000000;2016-04-19T04:10:12.000000;eaa4f863-1a2e-46dc-a8f3-fdb069be72ec;429.15;0.00178449;UNKNOWN
2016-04-19T04:10:12.000000;2016-04-19T04:10:12.000000;6887cbbb-2e8c-4883-a768-a2d7a417a8c1;429.15;0.233;UNKNOWN
2016-04-19T04:10:32.000000;2016-04-19T04:10:32.000000;c489b8f3-cf75-49d8-ad14-5afd8233978c;429.15;1.0;UNKNOWN
2016-04-19T04:10:33.000000;2016-04-19T04:10:33.000000;bec2fbce-295c-425d-965a-57a074713381;429.15;0.1;UNKNOWN
2016-04-19T04:10:41.000000;2016-04-19T04:10:41.000000;400ecfb1-f474-49b9-a616-115bb039053a;429.15;1.0;UNKNOWN
2016-04-19T04:10:49.000000;2016-04-19T04:10:49.000000;3b3b04f2-82af-4416-a60d-ca70b64be07c;429.15;1.0;UNKNOWN
2016-04-19T04:10:51.000000;2016-04-19T04:10:51.000000;b3e82d21-6c6a-499d-9e96-d0df355da3b6;429.15;0.64655457;UNKNOWN
2016-04-19T04:10:51.000000;2016-04-19T04:10:51.000000;0946e6f8-0c87-42cf-9d4b-afd76ed57633;429.15;0.35344543;UNKNOWN
2016-04-19T04:10:52.000000;2016-04-19T04:10:52.000000;5de73e21-938a-447e-b577-332f59bdea4c;429.14;0.23;UNKNOWN
2016-04-19T04:10:52.000000;2016-04-19T04:10:52.000000;747853b1-9309-4ea1-b91f-03cd6cd8d30c;429.14;0.1;UNKNOWN
2016-04-19T04:10:52.000000;2016-04-19T04:10:52.000000;bf360a79-6c3d-4c64-a5e3-9cb735669e2f;429.13;6.2116;UNKNOWN
2016-04-19T04:10:58.000000;2016-04-19T04:10:58.000000;c2111767-48d3-482d-8d67-7bc31fcaaf91;429.15;1.0;UNKNOWN
2016-04-19T04:11:07.000000;2016-04-19T04:11:07.000000;d7066101-6e04-446f-93dd-0f996d31ac36;429.15;1.0;UNKNOWN
2016-04-19T04:11:22.000000;2016-04-19T04:11:22.000000;e63f801d-fd4d-494f-81e1-34f1b6cdfa17;429.15;1.0;UNKNOWN
2016-04-19T04:11:34.000000;2016-04-19T04:11:34.000000;b0e1ace8-30ce-4c0f-8650-152c09a160f9;429.15;1.0;UNKNOWN
2016-04-19T04:11:48.000000;2016-04-19T04:11:48.000000;678a5f3e-cf02-4689-97a6-6879fee82a7e;429.15;0.16005558;UNKNOWN
2016-04-19T04:11:48.000000;2016-04-19T04:11:48.000000;65bc136f-95be-49ef-9c78-860c3d9d5396;429.15;0.83994442;UNKNOWN
2016-04-19T04:11:56.000000;2016-04-19T04:11:56.000000;c993bbeb-9279-47f0-bf2d-145233a0cf8e;429.15;1.0;UNKNOWN
2016-04-19T04:12:09.000000;2016-04-19T04:12:09.000000;50a14d95-df93-405a-b90b-795503a79cb8;429.15;0.233;UNKNOWN
2016-04-19T04:12:09.000000;2016-04-19T04:12:09.000000;efcb2f48-afb2-446c-96ae-420b0bf71740;429.21;0.593;UNKNOWN
2016-04-19T04:12:09.000000;2016-04-19T04:12:09.000000;f1a34693-8850-4802-8240-48b086c8ab4a;429.16;0.174;UNKNOWN
2016-04-19T04:12:22.000000;2016-04-19T04:12:22.000000;11821866-17b3-41da-82b5-2c175e08ef37;429.21;1.0;UNKNOWN
2016-04-19T04:12:25.000000;2016-04-19T04:12:25.000000;05f11bdc-6fd6-46ae-b286-570937ed3774;429.14;0.5;UNKNOWN
2016-04-19T04:12:25.000000;2016-04-19T04:12:25.000000;2f9dc0cc-978c-4f68-90fc-23c29b6424e5;429.15;0.5;UNKNOWN
2016-04-19T04:12:42.000000;2016-04-19T04:12:42.000000;72b77688-db94-46e2-b08b-7beb043f0688;429.2;0.174;UNKNOWN
2016-04-19T04:12:42.000000;2016-04-19T04:12:42.000000;2ae0b896-fe6c-422e-8854-b1fd2830a04d;429.21;1.326;UNKNOWN
2016-04-19T04:12:47.000000;2016-04-19T04:12:47.000000;6d8d665a-28e8-45eb-831a-e81a84ee8448;429.21;0.232;UNKNOWN
2016-04-19T04:12:47.000000;2016-04-19T04:12:47.000000;521e021b-eff4-4dac-82c2-665052ba8b2c;429.29;0.768;UNKNOWN
2016-04-19T04:13:04.000000;2016-04-19T04:13:04.000000;d424c5de-11f2-4625-898c-eb58f7a9b828;429.18;0.016;UNKNOWN
2016-04-19T04:13:22.000000;2016-04-19T04:13:22.000000;aa0a92c0-b56a-462f-af6d-87828a0e6442;429.2;0.2;UNKNOWN
2016-04-19T04:14:48.000000;2016-04-19T04:14:48.000000;d96429c3-67af-47fd-a97e-f030203ef33c;429.39;4.51024389;UNKNOWN
2016-04-19T04:14:48.000000;2016-04-19T04:14:48.000000;303ebf0c-cc10-4d53-99a4-e4ecfb34a71a;429.38;0.174;UNKNOWN
2016-04-19T04:14:48.000000;2016-04-19T04:14:48.000000;8a071c66-74a5-4dd7-a133-6f8b1ba44f43;429.39;4.5116683;UNKNOWN
2016-04-19T04:14:48.000000;2016-04-19T04:14:48.000000;9a895a3e-d517-42ad-b2a3-e6e0b1981552;429.39;0.80408781;UNKNOWN
2016-04-19T04:16:03.000000;2016-04-19T04:16:03.000000;f49bf2ee-3a04-4efb-acea-a87c29e26494;429.21;0.1332;UNKNOWN
2016-04-19T04:17:47.000000;2016-04-19T04:17:47.000000;58a14de0-64dc-4c16-84e8-6b18ae489566;429.3;3.0;UNKNOWN
2016-04-19T04:17:47.000000;2016-04-19T04:17:47.000000;e5013530-800c-4c15-a855-6bb470e8b0fa;429.23;7.0;UNKNOWN
2016-04-19T04:17:58.000000;2016-04-19T04:17:58.000000;c5dcec10-320d-4179-9cbc-974a5f668560;429.18;0.5;UNKNOWN
2016-04-19T04:17:58.000000;2016-04-19T04:17:58.000000;df4bff08-5677-4de5-9309-a3183fe44beb;429.2;3.0;UNKNOWN
2016-04-19T04:17:58.000000;2016-04-19T04:17:58.000000;a31ffd6f-39b2-42ad-849e-e3d751fdcf8d;429.21;0.5;UNKNOWN
2016-04-19T04:17:58.000000;2016-04-19T04:17:58.000000;15ebfc3a-4e2e-4671-95d2-17ce23d1af6b;429.19;6.0;UNKNOWN
2016-04-19T04:18:05.000000;2016-04-19T04:18:05.000000;6d04a7a2-91aa-4cbd-a504-06176eccb254;429.14;6.9354;UNKNOWN
2016-04-19T04:18:05.000000;2016-04-19T04:18:05.000000;c1a5e5a4-3514-46c9-8806-9ac0ce6da04b;429.13;3.0646;UNKNOWN
2016-04-19T04:18:11.000000;2016-04-19T04:18:11.000000;e32a0227-c4d0-4377-b4d2-35c62f3eebf3;429.04;9.593;UNKNOWN
2016-04-19T04:18:11.000000;2016-04-19T04:18:11.000000;dac88556-01a4-4194-812c-01d0a3ed3e3b;429.01;0.13071;UNKNOWN
2016-04-19T04:18:11.000000;2016-04-19T04:18:11.000000;649ddee2-f683-4f0f-a820-33e9c9d48fa8;429.13;0.27629;UNKNOWN
2016-04-19T04:18:19.000000;2016-04-19T04:18:19.000000;b5c2e371-98b0-443a-b0b3-381f56aaf713;429.02;3.0;UNKNOWN
2016-04-19T04:18:19.000000;2016-04-19T04:18:19.000000;91839a47-ccb8-4647-ae84-c8fa20e5ceee;429.01;6.5;UNKNOWN
2016-04-19T04:18:19.000000;2016-04-19T04:18:19.000000;b514cf08-bce9-4a32-8170-231aac493582;429.02;0.5;UNKNOWN
2016-04-19T04:18:27.000000;2016-04-19T04:18:27.000000;03abe670-8581-4476-b00d-712a67abc58f;429.01;10.0;UNKNOWN
2016-04-19T04:18:46.000000;2016-04-19T04:18:46.000000;fec89cb1-573b-41e5-8bb6-c401ce2d40e2;429.01;6.5;UNKNOWN
2016-04-19T04:18:46.000000;2016-04-19T04:18:46.000000;b749de7b-dc29-46d5-9284-5a1549e1d5cc;429.04;0.5;UNKNOWN
2016-04-19T04:18:46.000000;2016-04-19T04:18:46.000000;c74f5fca-4f73-4323-a8cd-3b9df78911a0;429.03;3.0;UNKNOWN
2016-04-19T04:19:04.000000;2016-04-19T04:19:04.000000;5a30779e-a5a7-4194-bf18-28a283f6a066;429.02;0.0105;UNKNOWN
2016-04-19T04:19:13.000000;2016-04-19T04:19:13.000000;c2e494dd-297f-4934-9119-6a0543546310;429.0;0.01;UNKNOWN
2016-04-19T04:19:13.000000;2016-04-19T04:19:13.000000;53e37657-427e-4a3c-bc1b-863015cd4238;429.0;0.73071;UNKNOWN
2016-04-19T04:19:13.000000;2016-04-19T04:19:13.000000;77c090bb-b602-430c-b687-c0b488eb4462;429.01;1.85929;UNKNOWN
2016-04-19T04:19:20.000000;2016-04-19T04:19:20.000000;4a8c689f-a1cb-450d-931b-27068db6ed8c;429.0;10.0;UNKNOWN
2016-04-19T04:19:30.000000;2016-04-19T04:19:30.000000;7809d87d-7bc4-4243-b1f7-6e7703431250;429.0;10.0;UNKNOWN
2016-04-19T04:19:32.000000;2016-04-19T04:19:32.000000;0a155827-9b31-4efb-a53d-503e0499c2a4;429.0;10.0;UNKNOWN
2016-04-19T04:19:33.000000;2016-04-19T04:19:33.000000;847b6665-1a77-402f-b0a5-2ad4417f326b;429.0;10.0;UNKNOWN
2016-04-19T04:19:36.000000;2016-04-19T04:19:36.000000;e572ee1d-727c-4679-91f2-91a0df96b80d;429.02;6.9895;UNKNOWN
2016-04-19T04:19:36.000000;2016-04-19T04:19:36.000000;225b10ee-cd26-45e8-863b-b63bd1c0370c;429.0;3.0105;UNKNOWN
2016-04-19T04:19:54.000000;2016-04-19T04:19:54.000000;2f595175-e77f-4363-965f-5355c10180b8;429.19;1.0;UNKNOWN
2016-04-19T04:20:02.000000;2016-04-19T04:20:02.000000;0876fbcc-4b74-4998-af7b-03a8ec1a23b1;429.0;2.75121;UNKNOWN
2016-04-19T04:20:02.000000;2016-04-19T04:20:02.000000;f51cbb0a-1117-44e5-8d96-e562c32cfb96;429.0;1.0;UNKNOWN
2016-04-19T04:20:02.000000;2016-04-19T04:20:02.000000;98711b19-612a-482d-9f89-a7a4fa7272c7;429.0;6.24879;UNKNOWN
2016-04-19T04:20:02.000000;2016-04-19T04:20:02.000000;f480432a-fc04-494f-9bc8-fb05d055b021;429.19;1.0;UNKNOWN
2016-04-19T04:20:05.000000;2016-04-19T04:20:05.000000;73586a06-d89e-4552-9a79-198a83a27fab;429.0;10.0;UNKNOWN
2016-04-19T04:20:13.000000;2016-04-19T04:20:13.000000;882df607-8ba9-40d5-9e7c-774530e12ba4;429.0;37.24879;UNKNOWN
2016-04-19T04:20:13.000000;2016-04-19T04:20:13.000000;6e39c7b9-a746-4035-9891-9f5c2983170e;428.82;7.63725521;UNKNOWN
2016-04-19T04:20:13.000000;2016-04-19T04:20:13.000000;f2fa7851-f738-4710-bbcf-9258c1a280d9;429.0;0.11395479;UNKNOWN
2016-04-19T04:24:46.000000;2016-04-19T04:24:46.000000;4228a17c-2b89-4e97-9304-71ff885d62c6;429.04;0.233;UNKNOWN
2016-04-19T04:24:46.000000;2016-04-19T04:24:46.000000;66913fee-db57-4681-93db-e1a15f78b5c7;429.08;0.757;UNKNOWN
2016-04-19T04:24:46.000000;2016-04-19T04:24:46.000000;27c6eca8-9ced-43be-ace3-16c5bc39e5b6;428.84;0.01;UNKNOWN
2016-04-19T04:25:04.000000;2016-04-19T04:25:04.000000;3c331a0d-d116-4335-998c-76685fd2e079;428.87;0.01;UNKNOWN
2016-04-19T04:26:37.000000;2016-04-19T04:26:37.000000;d91ce876-8962-4c07-a060-008b7edfae6a;428.81;0.43262374;UNKNOWN
2016-04-19T04:27:04.000000;2016-04-19T04:27:04.000000;ca03c97d-f706-4644-bbd4-3297db09f049;428.83;0.233;UNKNOWN
2016-04-19T04:27:04.000000;2016-04-19T04:27:04.000000;5d9d50b7-f49f-4327-bb68-9503c4a6d1dc;429.1;0.747;UNKNOWN
2016-04-19T04:27:04.000000;2016-04-19T04:27:04.000000;0cd8af58-ee53-4fb8-b6ce-77296376619d;428.81;0.15064699;UNKNOWN
2016-04-19T04:27:04.000000;2016-04-19T04:27:04.000000;0037116a-9908-4980-b20b-0396ab7a2b4e;428.82;0.01;UNKNOWN
2016-04-19T04:27:04.000000;2016-04-19T04:27:04.000000;02daac6e-e9b7-4ff6-90b1-b45bb2c256c4;428.82;0.01;UNKNOWN
2016-04-19T04:28:04.000000;2016-04-19T04:28:04.000000;02c293e5-bf72-45b7-af73-48d9d0317fbd;428.9;0.1507268;UNKNOWN
2016-04-19T04:29:59.000000;2016-04-19T04:29:59.000000;8bf7f144-804a-4d7e-9eaf-3cd79ed12745;428.75;3.1888806;UNKNOWN
2016-04-19T04:29:59.000000;2016-04-19T04:29:59.000000;6d894840-7296-4a72-9ae4-894ce0303028;428.8;20.825;UNKNOWN
2016-04-19T04:29:59.000000;2016-04-19T04:29:59.000000;5862eb12-2137-4d77-83e0-c0c80e488ab5;428.82;9.22;UNKNOWN
2016-04-19T04:29:59.000000;2016-04-19T04:29:59.000000;17ca8222-2a0a-4cb9-ad6f-8fd92ba154cd;429.01;9.9621;UNKNOWN
2016-04-19T04:29:59.000000;2016-04-19T04:29:59.000000;1a2ad2f4-4737-4772-9e4a-bbdae81e211d;428.89;10.4345;UNKNOWN
2016-04-19T04:29:59.000000;2016-04-19T04:29:59.000000;4778a1b6-124e-4ef7-a2ab-7ec4d0eae78a;429.02;14.694;UNKNOWN
2016-04-19T04:29:59.000000;2016-04-19T04:29:59.000000;d1342419-6501-4fdc-932e-aeb8581ea501;429.02;3.0;UNKNOWN
2016-04-19T04:29:59.000000;2016-04-19T04:29:59.000000;06218a6c-3142-4a46-8993-9af269f212fd;428.94;6.9474;UNKNOWN
2016-04-19T04:29:59.000000;2016-04-19T04:29:59.000000;067889d4-e812-4620-9f80-3b816c28070c;429.02;0.5;UNKNOWN
2016-04-19T04:30:20.000000;2016-04-19T04:30:20.000000;cd644079-8138-44e0-bff6-36a60981eb9a;429.08;0.0201;UNKNOWN
2016-04-19T04:30:25.000000;2016-04-19T04:30:25.000000;d5fe9ab5-e754-40d1-aeca-0b814dd82902;429.18;1.0;UNKNOWN
2016-04-19T04:33:16.000000;2016-04-19T04:33:16.000000;3b8f85c4-56aa-4da4-a75e-c5f7bdd14cff;428.91;2.0;UNKNOWN
2016-04-19T04:35:04.000000;2016-04-19T04:35:04.000000;fac4e8bd-261f-4c57-971f-c33578447ba2;428.88;0.11291195;UNKNOWN
2016-04-19T04:37:03.000000;2016-04-19T04:37:03.000000;482ccb31-446b-4dec-9455-d5b0f6c038bb;429.16;0.174;UNKNOWN
2016-04-19T04:37:03.000000;2016-04-19T04:37:03.000000;658395d3-0e4f-4541-8e6e-6c87e540dcf4;429.17;1.7295;UNKNOWN
2016-04-19T04:39:03.000000;2016-04-19T04:39:03.000000;07422de6-27a3-4419-8047-e446beb51363;429.04;0.40712901;UNKNOWN
2016-04-19T04:40:23.000000;2016-04-19T04:40:23.000000;2a2589d6-4127-466e-bb61-8e98dcdbe011;429.15;0.01048853;UNKNOWN
2016-04-19T04:42:23.000000;2016-04-19T04:42:23.000000;dd013b57-8442-44a1-b3c7-8c2648c05e01;428.99;0.5;UNKNOWN
2016-04-19T04:42:23.000000;2016-04-19T04:42:23.000000;0bc7f956-9c3e-44e0-8e14-04503a083011;428.99;0.5;UNKNOWN
2016-04-19T04:42:32.000000;2016-04-19T04:42:32.000000;969b529d-27f3-4414-bf72-13b60e6ff1e4;428.97;1.0;UNKNOWN
2016-04-19T04:42:41.000000;2016-04-19T04:42:41.000000;c91ed62a-ff40-499b-892f-88f1473fddb4;428.96;0.5;UNKNOWN
2016-04-19T04:42:41.000000;2016-04-19T04:42:41.000000;fcd6b992-b49f-42be-abe2-24150507763b;428.95;0.5;UNKNOWN
2016-04-19T04:42:48.000000;2016-04-19T04:42:48.000000;04e39643-8977-4440-aede-5ed4285ce60c;429.04;0.174;UNKNOWN
2016-04-19T04:42:48.000000;2016-04-19T04:42:48.000000;eeeaab62-962f-4111-a5a6-389b0678b182;429.14;0.826;UNKNOWN
2016-04-19T04:44:33.000000;2016-04-19T04:44:33.000000;e997c1e3-856a-456c-a352-35af81d280a2;429.11;0.233;UNKNOWN
2016-04-19T04:44:33.000000;2016-04-19T04:44:33.000000;01f19443-77ba-436d-8d07-133a0712a384;429.11;0.767;UNKNOWN
2016-04-19T04:45:03.000000;2016-04-19T04:45:03.000000;98fcd8c8-cfbf-43e3-b681-899c5a7e44cb;429.09;1.0;UNKNOWN
2016-04-19T04:45:13.000000;2016-04-19T04:45:13.000000;abff9bec-1334-4b86-a3f2-ede9830b69d1;429.08;0.5;UNKNOWN
2016-04-19T04:45:13.000000;2016-04-19T04:45:13.000000;1d46f3ae-f797-4045-b6b4-63a5f897279f;429.08;0.5;UNKNOWN
2016-04-19T04:45:19.000000;2016-04-19T04:45:19.000000;333aaafc-4f1f-4d8d-8db9-504e1f62ee5a;429.07;1.0;UNKNOWN
2016-04-19T04:45:29.000000;2016-04-19T04:45:29.000000;c4327d36-29c4-4080-a5b0-02ba3c8815ec;429.07;1.0;UNKNOWN
2016-04-19T04:45:36.000000;2016-04-19T04:45:36.000000;06ecba36-b3d8-4033-baaf-bdf5c79b82d7;429.07;1.0;UNKNOWN
2016-04-19T04:45:46.000000;2016-04-19T04:45:46.000000;72a843f0-33dd-41c9-a303-758c61735b77;429.07;1.0;UNKNOWN
2016-04-19T04:45:53.000000;2016-04-19T04:45:53.000000;a358d72c-a22c-4335-b0a5-3d64e3dffd97;428.75;8.33229368;UNKNOWN
2016-04-19T04:45:53.000000;2016-04-19T04:45:53.000000;76bdeda4-e34a-4f0a-88a9-e0c2d143c58b;428.54;0.07343801;UNKNOWN
2016-04-19T04:45:53.000000;2016-04-19T04:45:53.000000;566baa2a-4e77-42b0-9698-167a0045dd9d;428.56;0.25;UNKNOWN
2016-04-19T04:45:53.000000;2016-04-19T04:45:53.000000;b16bc3d6-5dac-49ea-bfec-6dd9d594c0a0;428.63;8.35036831;UNKNOWN
2016-04-19T04:45:53.000000;2016-04-19T04:45:53.000000;e4a1d89a-38cb-4091-8034-8a6aeed298ec;428.63;10.9051;UNKNOWN
2016-04-19T04:45:53.000000;2016-04-19T04:45:53.000000;ac32c9f8-7e1d-418a-892f-95a3e13e7a97;428.76;13.9428;UNKNOWN
2016-04-19T04:45:53.000000;2016-04-19T04:45:53.000000;39e84c78-458a-405c-b737-ef59711de2ec;428.6;5.0;UNKNOWN
2016-04-19T04:45:53.000000;2016-04-19T04:45:53.000000;83bce51a-03e1-4d55-8f0c-308eb6f3e119;428.75;10.4095;UNKNOWN
2016-04-19T04:45:53.000000;2016-04-19T04:45:53.000000;f843ee72-e07c-4103-8d62-8b089d999f95;428.7;0.25;UNKNOWN
2016-04-19T04:45:53.000000;2016-04-19T04:45:53.000000;fadbf680-22c0-4a09-b30a-5291822f14b9;428.91;6.9103;UNKNOWN
2016-04-19T04:45:53.000000;2016-04-19T04:45:53.000000;f7045856-72a8-4c37-b9d1-eca81c2bb577;428.64;8.38;UNKNOWN
2016-04-19T04:45:53.000000;2016-04-19T04:45:53.000000;be58df84-9270-4938-8a06-70adb814dd3c;428.88;10.0702;UNKNOWN
2016-04-19T04:45:53.000000;2016-04-19T04:45:53.000000;7da765a4-9001-4ed7-a883-f64ff325eae3;429.0;0.126;UNKNOWN
2016-04-19T04:45:58.000000;2016-04-19T04:45:58.000000;36a3c68d-ced9-43e7-82e3-a436a01f00df;429.04;1.0;UNKNOWN
2016-04-19T04:46:23.000000;2016-04-19T04:46:23.000000;a844dd16-fd86-4a9a-a7c9-67b8ed6111e7;428.98;0.5;UNKNOWN
2016-04-19T04:46:23.000000;2016-04-19T04:46:23.000000;beaa977a-54d7-4799-992a-11874312d4e7;428.97;0.5;UNKNOWN
2016-04-19T04:46:37.000000;2016-04-19T04:46:37.000000;e41b2a9d-1d09-458c-aded-21e715f51449;428.97;1.0;UNKNOWN
2016-04-19T04:46:45.000000;2016-04-19T04:46:45.000000;d7a63a9d-6e88-4ccf-aa23-c86eb9b79835;428.96;0.233;UNKNOWN
2016-04-19T04:46:45.000000;2016-04-19T04:46:45.000000;1ed40c0e-2ea6-4d1b-a1eb-9d088fa5c922;428.98;0.767;UNKNOWN
2016-04-19T04:46:48.000000;2016-04-19T04:46:48.000000;62063271-2212-43c7-b966-50c2c027fa1a;428.74;0.47450608;UNKNOWN
2016-04-19T04:46:49.000000;2016-04-19T04:46:49.000000;1b8bc498-1c81-448c-9331-e31abf6a8279;428.98;1.0;UNKNOWN
2016-04-19T04:46:59.000000;2016-04-19T04:46:59.000000;1e05f8de-ad18-4234-9991-51c317f71e77;428.97;0.175;UNKNOWN
2016-04-19T04:46:59.000000;2016-04-19T04:46:59.000000;16360f38-0a75-4a05-8010-c8d46f4b61df;428.97;0.825;UNKNOWN
2016-04-19T04:47:06.000000;2016-04-19T04:47:06.000000;1939e249-21ef-4ec9-b77a-4b6c62328f69;428.97;1.0;UNKNOWN
2016-04-19T04:47:15.000000;2016-04-19T04:47:15.000000;7098c8bc-fc0a-4e86-a349-04e18643c507;428.96;0.233;UNKNOWN
2016-04-19T04:47:15.000000;2016-04-19T04:47:15.000000;11cf6868-8296-4bd6-9e04-a7085dffd8e8;428.96;0.767;UNKNOWN
2016-04-19T04:47:27.000000;2016-04-19T04:47:27.000000;31cfa645-a4f2-40d3-be2a-603cb6ae5773;428.96;1.0;UNKNOWN
2016-04-19T04:47:34.000000;2016-04-19T04:47:34.000000;ca6556e9-67bf-4154-be10-ad38c5512f81;428.96;1.0;UNKNOWN
2016-04-19T04:47:43.000000;2016-04-19T04:47:43.000000;7fbeb34b-1c3a-441f-bb55-f436c6ae4b39;428.96;1.0;UNKNOWN
2016-04-19T04:47:52.000000;2016-04-19T04:47:52.000000;f8bea2c2-c11f-4eda-9612-3a6fa55e12a5;428.94;1.0;UNKNOWN
2016-04-19T04:48:04.000000;2016-04-19T04:48:04.000000;77467a65-6015-4f86-834b-4d07cf1dde89;428.94;0.825;UNKNOWN
2016-04-19T04:48:04.000000;2016-04-19T04:48:04.000000;c125ba85-17a4-4f11-bcf4-12ab936d26a5;428.93;0.175;UNKNOWN
2016-04-19T04:48:14.000000;2016-04-19T04:48:14.000000;9578b7a0-d56c-4ce8-b18f-1d7dcca7608e;428.92;1.0;UNKNOWN
2016-04-19T04:48:27.000000;2016-04-19T04:48:27.000000;cd0293a1-9de8-4821-b1e3-367137dc1bfc;428.92;0.825;UNKNOWN
2016-04-19T04:48:27.000000;2016-04-19T04:48:27.000000;ba03b9c0-0f2d-4ffd-80d9-4dc01060615f;428.91;0.175;UNKNOWN
2016-04-19T04:48:39.000000;2016-04-19T04:48:39.000000;b80fb399-dc0a-4198-8fea-99ac492ef738;428.92;1.0;UNKNOWN
2016-04-19T04:48:49.000000;2016-04-19T04:48:49.000000;4f42469c-53c2-4c22-b197-59a76d4dcc08;428.91;0.175;UNKNOWN
2016-04-19T04:48:49.000000;2016-04-19T04:48:49.000000;44fc86b8-43ca-4fcc-ad53-765932286d4e;428.91;0.825;UNKNOWN
2016-04-19T04:48:58.000000;2016-04-19T04:48:58.000000;aafecca7-eeba-4d05-8e09-de1bb1abb767;428.91;1.0;UNKNOWN
2016-04-19T04:49:09.000000;2016-04-19T04:49:09.000000;fbaa9270-97ac-4ac7-aae7-8fc91b294684;428.91;1.0;UNKNOWN
2016-04-19T04:49:21.000000;2016-04-19T04:49:21.000000;67598b8d-595b-4c41-972b-1169d9213644;428.91;0.825;UNKNOWN
2016-04-19T04:49:21.000000;2016-04-19T04:49:21.000000;490dab09-174d-48b5-bc83-51443ccb3509;428.9;0.175;UNKNOWN
2016-04-19T04:49:27.000000;2016-04-19T04:49:27.000000;ed5f44f5-66af-44b3-a99d-5743762fac3f;428.89;1.0;UNKNOWN
2016-04-19T04:49:37.000000;2016-04-19T04:49:37.000000;aa7136f6-a00c-429d-9328-b7feeea3255d;428.89;1.0;UNKNOWN
2016-04-19T04:49:47.000000;2016-04-19T04:49:47.000000;8bd23cef-5ae2-499c-a1d7-a8ed0c24c83f;428.89;1.0;UNKNOWN
2016-04-19T04:49:57.000000;2016-04-19T04:49:57.000000;67627dfa-e378-4631-bb80-b2ff33bee423;428.89;1.0;UNKNOWN
2016-04-19T04:50:08.000000;2016-04-19T04:50:08.000000;4a2aef1f-fdb2-4fe2-b715-7d00c2119fe5;428.94;1.0;UNKNOWN
2016-04-19T04:50:18.000000;2016-04-19T04:50:18.000000;91fd6526-4e47-407e-b3bf-e7835997b0a9;428.93;0.058;UNKNOWN
2016-04-19T04:50:18.000000;2016-04-19T04:50:18.000000;e9de1516-94b6-43b1-a08e-54064e53f014;428.94;0.942;UNKNOWN
2016-04-19T04:50:27.000000;2016-04-19T04:50:27.000000;82af6ace-b47c-49be-9d65-7fdef59ed1f6;428.94;1.0;UNKNOWN
2016-04-19T04:50:58.000000;2016-04-19T04:50:58.000000;0349b536-c367-4a84-afb4-3c1d01847afa;429.04;0.058;UNKNOWN
2016-04-19T04:50:58.000000;2016-04-19T04:50:58.000000;121461f1-d2a3-440f-9700-1537d7e6c5e8;429.07;0.942;UNKNOWN
2016-04-19T04:51:27.000000;2016-04-19T04:51:27.000000;487f0293-fafc-4cc8-a8c0-2449466ad4db;428.65;11.527;UNKNOWN
2016-04-19T04:51:27.000000;2016-04-19T04:51:27.000000;52cc0ed3-6b68-495f-b279-f17b2066fe96;428.59;3.1897;UNKNOWN
2016-04-19T04:51:27.000000;2016-04-19T04:51:27.000000;195ed57a-508a-4136-9c00-6456efb847b1;428.66;6.9223;UNKNOWN
2016-04-19T04:51:45.000000;2016-04-19T04:51:45.000000;015acf14-32a1-4695-a9c7-f074f61cc980;428.55;0.01;UNKNOWN
2016-04-19T04:53:28.000000;2016-04-19T04:53:28.000000;69411713-e350-4b3d-a267-19e68b8be5db;428.55;0.01;UNKNOWN
2016-04-19T04:55:11.000000;2016-04-19T04:55:11.000000;b57072c7-7c44-4263-b9f9-6e60f8aa0780;428.68;0.10285516;UNKNOWN
2016-04-19T05:06:04.000000;2016-04-19T05:06:04.000000;46013283-c01b-435d-9932-f57ad248c05f;429.17;0.35042015;UNKNOWN
2016-04-19T05:06:16.000000;2016-04-19T05:06:16.000000;3f19b96d-5f5b-435b-99af-3ea27056c547;429.02;0.39398005;UNKNOWN
2016-04-19T05:13:19.000000;2016-04-19T05:13:19.000000;4cf3c15b-6980-4417-8af1-59062ddde374;429.17;0.0184;UNKNOWN
2016-04-19T05:16:05.000000;2016-04-19T05:16:05.000000;d9ef5f5d-236f-4f84-b02d-ebb3984d638b;429.17;0.1;UNKNOWN
2016-04-19T05:18:04.000000;2016-04-19T05:18:04.000000;38c8d4e0-7c16-44b7-8c36-13a7b5877e22;429.18;0.1;UNKNOWN
2016-04-19T05:31:04.000000;2016-04-19T05:31:04.000000;8da46b07-5d41-43bd-a9e5-4600cd04e42b;429.18;1.0;UNKNOWN
2016-04-19T05:33:27.000000;2016-04-19T05:33:27.000000;178ef7ec-53bb-47ea-bf7a-590f7779ff53;429.18;24.33384184;UNKNOWN
2016-04-19T05:33:27.000000;2016-04-19T05:33:27.000000;2d19236e-45c2-414e-b721-855fe96819d0;429.19;0.65615816;UNKNOWN
2016-04-19T05:44:28.000000;2016-04-19T05:44:28.000000;9b83ae2c-3eb4-4aeb-aebd-0a205e52351b;429.12;3.0;UNKNOWN
2016-04-19T05:44:28.000000;2016-04-19T05:44:28.000000;1a5da191-ac3e-40b9-b982-952c93f05755;429.12;0.5;UNKNOWN
2016-04-19T05:44:28.000000;2016-04-19T05:44:28.000000;cbf8fa44-4d83-47eb-b7e6-4ad08547ff34;429.11;0.5;UNKNOWN
2016-04-19T05:54:12.000000;2016-04-19T05:54:12.000000;30424885-db42-459c-9076-8c46bba527f4;429.16;1.0;UNKNOWN
2016-04-19T05:56:31.000000;2016-04-19T05:56:31.000000;a848800c-27e5-4650-acce-4111d1c724d8;429.13;0.38750088;UNKNOWN
2016-04-19T05:56:31.000000;2016-04-19T05:56:31.000000;9d69c4be-79d6-424b-94a5-e419f5d3b7b4;429.13;0.01;UNKNOWN
2016-04-19T05:57:05.000000;2016-04-19T05:57:05.000000;8b6718e7-fdce-490d-b9bb-a332d7af3368;429.15;0.05698929;UNKNOWN
2016-04-19T05:58:26.000000;2016-04-19T05:58:26.000000;e41044de-894e-40d3-80ec-0dd304475843;429.16;0.015363;UNKNOWN
2016-04-19T05:58:26.000000;2016-04-19T05:58:26.000000;a44b0d24-2373-47e3-9a40-ee9ff5ce5ca6;429.16;0.006137;UNKNOWN
2016-04-19T06:00:04.000000;2016-04-19T06:00:04.000000;f65a7d90-9177-4035-95e2-1b9fd1daa1fc;429.13;0.70304493;UNKNOWN
2016-04-19T06:00:04.000000;2016-04-19T06:00:04.000000;c0314259-8c2c-4686-b2e3-e0f09a84cb3e;429.15;0.01;UNKNOWN
2016-04-19T06:03:04.000000;2016-04-19T06:03:04.000000;db7c2dab-593e-4438-9814-96f04c769a53;429.16;0.21077331;UNKNOWN
2016-04-19T06:04:01.000000;2016-04-19T06:04:01.000000;5e210024-c395-4636-b69c-712444447aab;429.19;0.86003431;UNKNOWN
2016-04-19T06:04:01.000000;2016-04-19T06:04:01.000000;626965a7-ee88-4448-9e39-7e4e4712fb76;429.16;0.13996569;UNKNOWN
2016-04-19T06:04:03.000000;2016-04-19T06:04:03.000000;48d089f3-2680-4b90-ada9-3e24b5a15b55;429.09;0.01;UNKNOWN
2016-04-19T06:04:03.000000;2016-04-19T06:04:03.000000;7f2456a9-b661-4395-8bcb-14e51191ae84;429.08;0.12472369;UNKNOWN
2016-04-19T06:04:03.000000;2016-04-19T06:04:03.000000;db5e7d5d-6089-49b0-892a-d9f1e50c5d9d;429.09;0.5;UNKNOWN
2016-04-19T06:04:06.000000;2016-04-19T06:04:06.000000;ce98c788-0552-4cc9-8af2-a608135b69a3;429.19;3.2;UNKNOWN
2016-04-19T06:04:11.000000;2016-04-19T06:04:11.000000;f9e7c753-b886-4847-b8a5-995788002fdf;429.19;0.28380753;UNKNOWN
2016-04-19T06:04:23.000000;2016-04-19T06:04:23.000000;4684203a-4da7-4e69-9176-d3d532e6ff2f;429.4;0.49;UNKNOWN
2016-04-19T06:04:23.000000;2016-04-19T06:04:23.000000;17bcd208-aad7-40eb-b1e1-ec162f3a0ed3;429.4;0.01;UNKNOWN
2016-04-19T06:04:25.000000;2016-04-19T06:04:25.000000;ccf5c752-6270-4502-b8fe-9ee1c76c0720;429.47;0.72;UNKNOWN
2016-04-19T06:06:04.000000;2016-04-19T06:06:04.000000;2d5b8f40-d16a-4103-8401-14e42a4fee44;429.29;0.001059;UNKNOWN
2016-04-19T06:06:04.000000;2016-04-19T06:06:04.000000;750f1e5c-df4e-4377-acd6-279d98f7bfb6;429.3;0.01;UNKNOWN
2016-04-19T06:06:29.000000;2016-04-19T06:06:29.000000;b12251e4-adcb-4b64-9ded-c231aae3fd7c;429.09;1.2269;UNKNOWN
2016-04-19T06:12:54.000000;2016-04-19T06:12:54.000000;450a90d0-e42f-40c7-a748-eee16ac16cb9;429.47;0.0987179;UNKNOWN
2016-04-19T06:14:01.000000;2016-04-19T06:14:01.000000;376f4acd-8d92-489f-bcc6-faf205724602;429.47;1.0;UNKNOWN
2016-04-19T06:14:09.000000;2016-04-19T06:14:09.000000;dce5c407-3880-44c9-b8a1-015d87f81966;429.47;1.0;UNKNOWN
2016-04-19T06:14:16.000000;2016-04-19T06:14:16.000000;e095823d-268d-4108-aea9-3b430f64dbbc;429.47;1.0;UNKNOWN
2016-04-19T06:14:28.000000;2016-04-19T06:14:28.000000;b94ed68d-3bd8-4115-a93b-f83426791227;429.47;1.0;UNKNOWN
2016-04-19T06:14:37.000000;2016-04-19T06:14:37.000000;96ff5c51-da48-4a41-97f1-39776ad34cbf;429.47;0.78821187;UNKNOWN
2016-04-19T06:14:37.000000;2016-04-19T06:14:37.000000;547cd2f6-1624-4cfb-858f-3eaccec2267b;429.47;0.21178813;UNKNOWN
2016-04-19T06:14:56.000000;2016-04-19T06:14:56.000000;47a0cf15-10c8-4976-a9d3-a987f7cc4f05;429.47;1.0;UNKNOWN
2016-04-19T06:15:02.000000;2016-04-19T06:15:02.000000;7c4e6bcd-aba5-40d1-ba87-8663a964101f;429.47;1.0;UNKNOWN
2016-04-19T06:15:07.000000;2016-04-19T06:15:07.000000;87c4b9e5-f3ea-40c4-ba5f-c99036a39268;429.47;1.0;UNKNOWN
2016-04-19T06:15:17.000000;2016-04-19T06:15:17.000000;563877ac-bf75-4c72-b479-d13dafabe9a9;429.47;1.0;UNKNOWN
2016-04-19T06:15:28.000000;2016-04-19T06:15:28.000000;1f5b7df9-1c14-4de7-aa81-ba292219b0b6;429.47;1.0;UNKNOWN
2016-04-19T06:15:54.000000;2016-04-19T06:15:54.000000;e32699b5-3501-41c3-b9f4-8f9300c356f7;429.47;1.0;UNKNOWN
2016-04-19T06:15:58.000000;2016-04-19T06:15:58.000000;ca24948b-8c0b-4c4c-83f3-604525845452;429.47;0.21178813;UNKNOWN
2016-04-19T06:15:58.000000;2016-04-19T06:15:58.000000;721432e7-51ef-4124-95ce-5e4bfcea7367;429.47;0.78821187;UNKNOWN
2016-04-19T06:16:10.000000;2016-04-19T06:16:10.000000;d0b02485-0788-4670-956d-085a554a5e47;429.47;0.21081187;UNKNOWN
2016-04-19T06:16:10.000000;2016-04-19T06:16:10.000000;ba47521b-5085-49a1-9054-fdaa66c4e8d2;429.47;0.78918813;UNKNOWN
2016-04-19T06:16:25.000000;2016-04-19T06:16:25.000000;350bff2d-0aaa-4140-9af6-7a15f7535556;429.55;0.00898813;UNKNOWN
2016-04-19T06:16:25.000000;2016-04-19T06:16:25.000000;35e0b138-7a9b-4968-a3ce-cfa139675068;429.47;0.99101187;UNKNOWN
2016-04-19T06:16:35.000000;2016-04-19T06:16:35.000000;51606859-8232-409a-9a26-4abb09d87143;429.6;0.75898813;UNKNOWN
2016-04-19T06:16:35.000000;2016-04-19T06:16:35.000000;add5cd77-d7d8-4cf8-b899-f0bddb51e3ea;429.55;0.24101187;UNKNOWN
2016-04-19T06:16:46.000000;2016-04-19T06:16:46.000000;aeaa10a3-7875-47bb-9551-55cbf38f7463;429.6;1.0;UNKNOWN
2016-04-19T06:17:47.000000;2016-04-19T06:17:47.000000;57dcc199-d69e-4d3a-8238-43a7dbfc4ad4;429.6;1.0;UNKNOWN
2016-04-19T06:17:54.000000;2016-04-19T06:17:54.000000;b6ffc656-e690-4218-9afa-dd2fc5cbecfa;429.6;1.0;UNKNOWN
2016-04-19T06:18:01.000000;2016-04-19T06:18:01.000000;c103136f-1bfe-452d-95ee-7f8382aa6c00;429.6;1.0;UNKNOWN
2016-04-19T06:18:33.000000;2016-04-19T06:18:33.000000;5bf125bb-a8e9-4e6d-bb06-51daa63a3bba;429.6;1.0;UNKNOWN
2016-04-19T06:18:40.000000;2016-04-19T06:18:40.000000;71efd72b-d6eb-4f29-9d87-c5f6cd829d82;429.6;1.0;UNKNOWN
2016-04-19T06:18:47.000000;2016-04-19T06:18:47.000000;df7b584f-9c2a-44d5-80c2-7751d2b4e7c0;429.59;1.0;UNKNOWN
2016-04-19T06:18:55.000000;2016-04-19T06:18:55.000000;e47399db-3561-4f88-8b6a-d3f7950f2a3d;429.59;1.0;UNKNOWN
2016-04-19T06:19:16.000000;2016-04-19T06:19:16.000000;be7aa733-ada9-4ca8-87ff-503965c9022f;429.59;1.0;UNKNOWN
2016-04-19T06:19:20.000000;2016-04-19T06:19:20.000000;37bebe8d-de54-4440-a46e-b4a323578f9f;429.59;1.0;UNKNOWN
2016-04-19T06:19:47.000000;2016-04-19T06:19:47.000000;f227821a-8e73-419a-b16f-a19c7175ddc6;429.59;1.0;UNKNOWN
2016-04-19T06:19:54.000000;2016-04-19T06:19:54.000000;c1b4b141-528e-47b3-a12a-9fcac40b9dad;429.59;1.0;UNKNOWN
2016-04-19T06:20:01.000000;2016-04-19T06:20:01.000000;e24a9537-a4e1-4f47-80a8-ec3be18c28b5;429.59;1.0;UNKNOWN
2016-04-19T06:20:10.000000;2016-04-19T06:20:10.000000;4e216262-8ccb-4d57-955c-bb47d13e2585;429.59;0.36656;UNKNOWN
2016-04-19T06:20:11.000000;2016-04-19T06:20:11.000000;24523def-8d6d-4edd-a871-5b11058b365a;429.59;1.0;UNKNOWN
2016-04-19T06:20:18.000000;2016-04-19T06:20:18.000000;cca6c5a6-5968-4fdf-8855-ddb71856d3b3;429.59;1.0;UNKNOWN
2016-04-19T06:20:29.000000;2016-04-19T06:20:29.000000;7cf4a4d2-c873-4fb3-9b47-9211215f4089;429.6;0.36656;UNKNOWN
2016-04-19T06:20:29.000000;2016-04-19T06:20:29.000000;54d65166-282e-4b05-addd-42f2817ad1ca;429.59;0.63344;UNKNOWN
2016-04-19T06:20:40.000000;2016-04-19T06:20:40.000000;ec357347-c388-4e0d-9529-ecd7c9ad65a3;429.6;1.0;UNKNOWN
2016-04-19T06:21:30.000000;2016-04-19T06:21:30.000000;5b5a10a9-d8b4-4844-9296-b5c0fdb5675a;429.6;0.3714;UNKNOWN
2016-04-19T06:21:37.000000;2016-04-19T06:21:37.000000;e5bfb597-c59e-42d4-b8d4-81cf139bfabf;429.57;1.9223;UNKNOWN
2016-04-19T06:21:37.000000;2016-04-19T06:21:37.000000;a8236a12-fdd0-4850-8fb3-41b951c94c54;429.59;0.0777;UNKNOWN
2016-04-19T06:22:33.000000;2016-04-19T06:22:33.000000;8f21a151-3f4e-4b25-b113-ac01b7bdb339;429.6;1.0;UNKNOWN
2016-04-19T06:22:40.000000;2016-04-19T06:22:40.000000;4a368049-cc2f-4d4e-a288-a340c566c4ed;429.6;1.0;UNKNOWN
2016-04-19T06:22:47.000000;2016-04-19T06:22:47.000000;5d5a3479-5908-476d-b9e1-357554bf6722;429.6;1.0;UNKNOWN
2016-04-19T06:23:07.000000;2016-04-19T06:23:07.000000;a70c8550-816d-4732-889f-4272cf3e656e;429.6;1.0;UNKNOWN
2016-04-19T06:23:08.000000;2016-04-19T06:23:08.000000;caa29eed-3f73-43ba-9141-7b3163bcb1f7;429.6;1.0;UNKNOWN
2016-04-19T06:23:16.000000;2016-04-19T06:23:16.000000;6f7b26bf-4c73-410f-a58b-20ce1d97a11c;429.6;1.0;UNKNOWN
2016-04-19T06:23:21.000000;2016-04-19T06:23:21.000000;7f877b34-2144-48cb-b6e6-e52ce763b5e5;429.6;1.0;UNKNOWN
2016-04-19T06:23:23.000000;2016-04-19T06:23:23.000000;4f868139-b894-4f1f-ad21-0b11d338be3e;429.6;0.07375039;UNKNOWN
2016-04-19T06:23:34.000000;2016-04-19T06:23:34.000000;643c7a31-ee92-4f36-8553-5edd5538d1b2;429.6;1.0;UNKNOWN
2016-04-19T06:23:40.000000;2016-04-19T06:23:40.000000;a8d56a29-f156-449b-8c3b-9c4d648849e4;429.6;1.0;UNKNOWN
2016-04-19T06:23:48.000000;2016-04-19T06:23:48.000000;52fae806-828f-456b-85ca-0a88cb5dc81d;429.6;1.0;UNKNOWN
2016-04-19T06:23:58.000000;2016-04-19T06:23:58.000000;ac8e3b89-82e0-498f-b8b6-7da5525af96f;429.6;1.0;UNKNOWN
2016-04-19T06:24:11.000000;2016-04-19T06:24:11.000000;909abec0-2a72-4b39-9a62-becb8945b356;429.6;1.0;UNKNOWN
2016-04-19T06:24:36.000000;2016-04-19T06:24:36.000000;86fd6e52-4709-45be-8c44-e4665ad1e547;429.6;1.0;UNKNOWN
2016-04-19T06:25:11.000000;2016-04-19T06:25:11.000000;df0e1e4e-e3e2-40dc-883c-3a90718aaef2;429.54;0.0777;UNKNOWN
2016-04-19T06:25:11.000000;2016-04-19T06:25:11.000000;0234515d-4f48-44b9-981c-48047f143b1d;429.52;0.5;UNKNOWN
2016-04-19T06:25:11.000000;2016-04-19T06:25:11.000000;c02cd150-39cc-429f-bc47-391473f2ad99;429.51;0.4223;UNKNOWN
2016-04-19T06:26:03.000000;2016-04-19T06:26:03.000000;0aaf60ce-9257-40a7-937f-7d0c884d3a80;429.6;0.70288887;UNKNOWN
2016-04-19T06:28:05.000000;2016-04-19T06:28:05.000000;865000df-dc51-46ef-9513-3f50824ad989;429.45;0.14198975;UNKNOWN
2016-04-19T06:28:05.000000;2016-04-19T06:28:05.000000;d3119935-8b42-4911-a2be-206133670d7d;429.53;0.0777;UNKNOWN
2016-04-19T06:28:26.000000;2016-04-19T06:28:26.000000;fcbca76b-8d5e-4072-8554-0a61abc17d4b;429.47;0.078138;UNKNOWN
2016-04-19T06:30:34.000000;2016-04-19T06:30:34.000000;0f80c5cb-13ae-415e-9b50-6fd7269eaca7;429.52;0.0777;UNKNOWN
2016-04-19T06:30:34.000000;2016-04-19T06:30:34.000000;e44c98ba-e8e7-460d-b7ce-36c4fe4d52ad;429.52;0.7223;UNKNOWN
2016-04-19T06:32:27.000000;2016-04-19T06:32:27.000000;3dec032a-a894-43d9-9a63-8a7dabafba0c;429.46;0.30181045;UNKNOWN
2016-04-19T06:32:27.000000;2016-04-19T06:32:27.000000;3fcbc9f7-3d1b-47f6-b788-fc4c1c90176e;429.46;0.5;UNKNOWN
2016-04-19T06:32:27.000000;2016-04-19T06:32:27.000000;25dc5016-1cc9-4abe-a864-753bc1f1a134;429.46;0.0777;UNKNOWN
2016-04-19T06:34:39.000000;2016-04-19T06:34:39.000000;aa91031d-9019-48d8-80de-8b46f060164f;429.6;0.04543;UNKNOWN
2016-04-19T06:36:03.000000;2016-04-19T06:36:03.000000;83db8b80-aa72-4b1f-b533-c0d8f9e7bb2f;429.6;0.03518934;UNKNOWN
2016-04-19T06:44:31.000000;2016-04-19T06:44:31.000000;eb62640a-9550-4d7a-abaa-bd9f196f7808;429.6;2.5;UNKNOWN
2016-04-19T06:46:02.000000;2016-04-19T06:46:02.000000;bd80623b-4782-4304-b360-46ed0b804871;429.6;0.923;UNKNOWN
2016-04-19T06:46:06.000000;2016-04-19T06:46:06.000000;fa87fbaf-cc00-47b5-bd0c-1494d1d6c51a;429.6;0.923;UNKNOWN
2016-04-19T06:46:14.000000;2016-04-19T06:46:14.000000;ad39dddd-50df-4557-add3-f4991b5e8981;429.6;0.923;UNKNOWN
2016-04-19T06:47:04.000000;2016-04-19T06:47:04.000000;c1d95d0b-084f-4384-a9ed-b71f25ac064a;429.58;0.4;UNKNOWN
2016-04-19T06:48:10.000000;2016-04-19T06:48:10.000000;cfd84372-f007-4b15-b4ce-ff548e887df6;429.6;0.01861195;UNKNOWN
2016-04-19T06:49:04.000000;2016-04-19T06:49:04.000000;1ada401a-2482-485b-9460-ddf98f90fba2;429.53;0.01861195;UNKNOWN
2016-04-19T06:50:05.000000;2016-04-19T06:50:05.000000;ebd5bf8f-5a1e-4ebc-b6f2-fafd1f56b1c0;429.52;0.108;UNKNOWN
2016-04-19T06:51:03.000000;2016-04-19T06:51:03.000000;e5494930-b474-474f-9adf-04afb0b8712b;429.54;0.01046;UNKNOWN
2016-04-19T06:54:26.000000;2016-04-19T06:54:26.000000;ef57347b-0067-4165-9e22-05d355907752;429.6;3.2;UNKNOWN
2016-04-19T07:01:17.000000;2016-04-19T07:01:17.000000;ca6f40ca-4ec5-4b58-9773-b63777e9628f;429.6;14.3148;UNKNOWN
2016-04-19T07:16:05.000000;2016-04-19T07:16:05.000000;5baa5bce-3d5d-47f7-93b8-3a9c71e551ea;429.59;0.04837;UNKNOWN
2016-04-19T07:20:25.000000;2016-04-19T07:20:25.000000;b138de77-d90f-4377-8e41-f86b61853118;429.6;3.49;UNKNOWN
2016-04-19T07:20:49.000000;2016-04-19T07:20:49.000000;80b1e73f-3f39-4f39-a644-319ad4315a14;429.58;0.777;UNKNOWN
2016-04-19T07:26:24.000000;2016-04-19T07:26:24.000000;16758d20-681c-48bc-ade2-fe7ba84320ee;429.55;0.5;UNKNOWN
2016-04-19T07:28:01.000000;2016-04-19T07:28:01.000000;862cf383-2142-456b-ad92-c7a3e8f6a643;429.54;1.3966;UNKNOWN
2016-04-19T07:37:18.000000;2016-04-19T07:37:18.000000;d54f515e-1e7f-418a-b09b-8a5b750e9f17;429.54;3.49;UNKNOWN
2016-04-19T07:47:14.000000;2016-04-19T07:47:14.000000;30ffd745-b800-4073-99cd-cb5fb8436142;429.54;0.06;UNKNOWN
2016-04-19T07:51:48.000000;2016-04-19T07:51:48.000000;a2ea692a-d2d8-4e71-afd4-0701c62f3235;429.54;0.29799672;UNKNOWN
2016-04-19T07:52:00.000000;2016-04-19T07:52:00.000000;3c62d9f7-6f63-418e-8348-12301800342b;429.53;0.02;UNKNOWN
2016-04-19T07:54:20.000000;2016-04-19T07:54:20.000000;283c66c5-3474-4233-97e7-fb5ca58e4c5f;429.54;0.29591792;UNKNOWN
2016-04-19T07:59:07.000000;2016-04-19T07:59:07.000000;0a4ccdee-4860-4bf3-979a-8394084020eb;429.53;0.03;UNKNOWN
2016-04-19T07:59:08.000000;2016-04-19T07:59:08.000000;67ed270c-7138-42dd-8750-8bea52392f78;429.53;0.03;UNKNOWN
2016-04-19T07:59:09.000000;2016-04-19T07:59:09.000000;58a6a505-3b24-4652-851f-82c1a8844e5f;429.54;0.06;UNKNOWN
2016-04-19T07:59:21.000000;2016-04-19T07:59:21.000000;34ada781-71a3-4759-b600-785737b787d1;429.54;11.69648536;UNKNOWN
2016-04-19T07:59:21.000000;2016-04-19T07:59:21.000000;681bbe89-a50b-4342-9c59-5f736e8b0dcf;429.6;25.12121464;UNKNOWN
2016-04-19T07:59:21.000000;2016-04-19T07:59:21.000000;ab684cc6-e18c-4a9c-918a-af7e3ab8fa1b;429.54;6.9423;UNKNOWN
2016-04-19T08:05:04.000000;2016-04-19T08:05:04.000000;6d79b440-3f4b-4a93-ad04-95392d9b2d63;429.55;3.49;UNKNOWN
2016-04-19T08:10:21.000000;2016-04-19T08:10:21.000000;1cb3751f-2b7b-4f62-8d8e-778c39e93f07;429.6;0.29439745;UNKNOWN
2016-04-19T08:10:22.000000;2016-04-19T08:10:22.000000;effb55fd-377b-4431-a282-d4d6d239bb6d;429.6;0.29439721;UNKNOWN
2016-04-19T08:10:44.000000;2016-04-19T08:10:44.000000;1137e452-962d-4c8d-b8c4-34ab143847aa;429.69;4.50937951;UNKNOWN
2016-04-19T08:10:44.000000;2016-04-19T08:10:44.000000;77801ee6-b2a7-4a44-8444-ef5c352ccc9d;429.64;4.50937951;UNKNOWN
2016-04-19T08:10:44.000000;2016-04-19T08:10:44.000000;a426c0a6-3dc0-4cfe-b71b-bb7e51425ea2;429.73;4.50932867;UNKNOWN
2016-04-19T08:10:44.000000;2016-04-19T08:10:44.000000;81770f88-b549-4213-96f6-5b9a07782b53;429.6;5.64622862;UNKNOWN
2016-04-19T08:11:14.000000;2016-04-19T08:11:14.000000;b6bafd34-f3dc-46e2-81ab-44aa58695a81;429.57;0.11718588;UNKNOWN
2016-04-19T08:12:12.000000;2016-04-19T08:12:12.000000;41efc5c5-d4c6-4c1d-9810-85002a527dc8;429.83;4.50978624;UNKNOWN
2016-04-19T08:12:12.000000;2016-04-19T08:12:12.000000;806c7467-0472-4c12-bf15-d5fd9d635c82;429.78;4.50978624;UNKNOWN
2016-04-19T08:12:12.000000;2016-04-19T08:12:12.000000;60c1bffd-7e59-4836-87c6-b71d6fbe4f4e;429.74;4.50978624;UNKNOWN
2016-04-19T08:12:12.000000;2016-04-19T08:12:12.000000;5dc762fe-3ac8-4147-8130-254fa032ecc2;429.87;4.47064128;UNKNOWN
2016-04-19T08:13:00.000000;2016-04-19T08:13:00.000000;bc021e1b-5c00-4435-b077-cbc12d3d0e6d;429.76;0.29624061;UNKNOWN
2016-04-19T08:13:01.000000;2016-04-19T08:13:01.000000;89aa6c5d-e7c1-46be-9a4f-03c9ee779251;429.75;0.29624061;UNKNOWN
2016-04-19T08:23:03.000000;2016-04-19T08:23:03.000000;3d8f012d-1ca4-486b-8a75-a0a9b50c965b;429.75;0.01249821;UNKNOWN
2016-04-19T08:30:56.000000;2016-04-19T08:30:56.000000;bab5f8ef-7a8b-4f47-b460-1f206c885d05;429.57;0.1;UNKNOWN
2016-04-19T08:33:02.000000;2016-04-19T08:33:02.000000;26f6040c-ded6-4d33-9ee1-891c031ddd2a;429.57;0.2;UNKNOWN
2016-04-19T08:33:03.000000;2016-04-19T08:33:03.000000;c40e3ba4-5198-42ca-94c8-478f20e3c5fe;429.57;2.11370314;UNKNOWN
2016-04-19T08:37:43.000000;2016-04-19T08:37:43.000000;5f262cef-5a95-43a5-a844-c75884d0b4c7;429.58;1.98497005;UNKNOWN
2016-04-19T08:38:43.000000;2016-04-19T08:38:43.000000;f75ea019-2279-4c7f-8b46-c46cde4c7835;429.58;2.53725669;UNKNOWN
2016-04-19T08:38:43.000000;2016-04-19T08:38:43.000000;a68209b9-ec8a-4108-ab3e-37f5145ee112;429.58;2.93964725;UNKNOWN
2016-04-19T08:38:43.000000;2016-04-19T08:38:43.000000;0fdfd576-cb0b-47fd-b249-1d99999e1bd0;429.58;4.52309606;UNKNOWN
2016-04-19T08:40:05.000000;2016-04-19T08:40:05.000000;dceb8c07-6f22-4e80-9e33-221a4f1dd7ea;429.56;0.777;UNKNOWN
2016-04-19T08:40:05.000000;2016-04-19T08:40:05.000000;696c2b7f-25ad-4a88-84be-3d285cd55578;429.53;0.45190174;UNKNOWN
2016-04-19T08:43:12.000000;2016-04-19T08:43:12.000000;bf3ded47-1cc4-48fe-8d58-5862df3d6535;429.58;4.51793621;UNKNOWN
2016-04-19T08:43:12.000000;2016-04-19T08:43:12.000000;af4a1e4e-085f-4c38-8d70-d85ee1650005;429.68;1.91890306;UNKNOWN
2016-04-19T08:43:12.000000;2016-04-19T08:43:12.000000;6d17e6bd-5aa6-48c7-acc4-1a7161f94774;429.64;4.5150294;UNKNOWN
2016-04-19T08:43:12.000000;2016-04-19T08:43:12.000000;327a35da-aa0e-4691-89ce-82dfb83ff703;429.56;0.233;UNKNOWN
2016-04-19T08:43:12.000000;2016-04-19T08:43:12.000000;fd78e7cf-2a3f-4043-8ddd-8da107b08f98;429.57;4.51513133;UNKNOWN
2016-04-19T08:43:47.000000;2016-04-19T08:43:47.000000;eb7dadcc-4cd6-4100-8bfd-af257705c25a;429.53;0.04809826;UNKNOWN
2016-04-19T08:43:47.000000;2016-04-19T08:43:47.000000;a47ae8ce-4d83-4bbe-b353-765f887ad8db;429.52;0.44342065;UNKNOWN
2016-04-19T08:44:48.000000;2016-04-19T08:44:48.000000;931a4709-845d-4bb0-9f0f-6016f4d57699;429.81;0.32733409;UNKNOWN
2016-04-19T08:44:48.000000;2016-04-19T08:44:48.000000;ac291e5c-7765-4632-b657-a7b23dc8ee6b;429.81;1.67266591;UNKNOWN
2016-04-19T08:46:03.000000;2016-04-19T08:46:03.000000;d001bbf0-239a-4cd3-b768-161b0ce9919c;429.73;0.0517098;UNKNOWN
2016-04-19T08:53:59.000000;2016-04-19T08:53:59.000000;15ac51c8-1916-42bc-96a4-c81ccd18831a;429.9;3.49;UNKNOWN
2016-04-19T08:56:03.000000;2016-04-19T08:56:03.000000;fbea6c5c-afed-4e13-acdd-7a55c9a612b8;429.66;0.17530635;UNKNOWN
2016-04-19T08:56:03.000000;2016-04-19T08:56:03.000000;76168c6b-e6c1-4b7f-af84-d4d4c65e7b0b;429.72;0.063024;UNKNOWN
2016-04-19T08:58:48.000000;2016-04-19T08:58:48.000000;78b11cf2-7775-41c6-b0c3-ba4fdd95ac12;429.75;0.25;UNKNOWN
2016-04-19T08:59:04.000000;2016-04-19T08:59:04.000000;c67d36d8-3f71-4b16-bd57-1fed910dced0;429.89;0.01459479;UNKNOWN
2016-04-19T08:59:56.000000;2016-04-19T08:59:56.000000;50f608f6-a796-471b-918c-47b57ca5d5d6;429.7;0.25;UNKNOWN
2016-04-19T09:01:43.000000;2016-04-19T09:01:43.000000;25ed5d2b-6aed-4f58-9fed-dc50a2086b13;429.72;1.5;UNKNOWN
2016-04-19T09:03:06.000000;2016-04-19T09:03:06.000000;52a25acb-2efe-4b45-8a0c-aa3be0fc6449;429.74;0.83719027;UNKNOWN
2016-04-19T09:06:12.000000;2016-04-19T09:06:12.000000;41fa56b3-3e01-4893-bde7-654df265a9ac;429.74;1.0;UNKNOWN
2016-04-19T09:06:12.000000;2016-04-19T09:06:12.000000;c8cb316b-726b-4be1-a53b-d4dce9d0c45f;429.75;0.777;UNKNOWN
2016-04-19T09:10:18.000000;2016-04-19T09:10:18.000000;23ffb742-6f46-4f2f-8a3e-c151c9c2ff55;429.8;0.29349245;UNKNOWN
2016-04-19T09:17:45.000000;2016-04-19T09:17:45.000000;b76e443d-1b9c-4f3f-afd8-49c49a68c376;429.78;0.15983718;UNKNOWN
2016-04-19T09:17:49.000000;2016-04-19T09:17:49.000000;58cf83f5-5886-49a9-b889-4482dafafd7f;429.78;0.06287983;UNKNOWN
2016-04-19T09:17:50.000000;2016-04-19T09:17:50.000000;ab6a9bca-b6d3-4949-b803-026bc12ab9a1;429.78;0.13136958;UNKNOWN
2016-04-19T09:17:56.000000;2016-04-19T09:17:56.000000;0cab72ac-b792-42a1-bce0-b98e4c12620c;429.78;0.08438537;UNKNOWN
2016-04-19T09:18:06.000000;2016-04-19T09:18:06.000000;6c297f77-0866-401e-9b94-6be71396f55f;429.78;0.16684519;UNKNOWN
2016-04-19T09:18:07.000000;2016-04-19T09:18:07.000000;43bbb5ae-343b-413e-8e32-18948425cec9;429.78;0.01;UNKNOWN
2016-04-19T09:18:20.000000;2016-04-19T09:18:20.000000;d783472d-e931-4d87-94f4-dea4a8f3dfd9;429.78;0.07265416;UNKNOWN
2016-04-19T09:18:26.000000;2016-04-19T09:18:26.000000;679db966-6e01-476b-b51a-51a2ed4f35fb;429.78;0.02918947;UNKNOWN
2016-04-19T09:18:49.000000;2016-04-19T09:18:49.000000;5cf34b62-fda7-45d4-b1cf-b195d6b624f8;429.78;0.04584213;UNKNOWN
2016-04-19T09:18:51.000000;2016-04-19T09:18:51.000000;b20ba394-2b64-48ea-9973-6f9a57e3443e;429.78;0.15983718;UNKNOWN
2016-04-19T09:18:51.000000;2016-04-19T09:18:51.000000;e8794f0e-d4a5-4c74-8fb2-cbdcf92f13dc;429.78;0.01399709;UNKNOWN
2016-04-19T09:18:51.000000;2016-04-19T09:18:51.000000;e825f0be-96e0-461f-8be4-5edd2069b52a;429.78;0.0304554;UNKNOWN
2016-04-19T09:18:52.000000;2016-04-19T09:18:52.000000;482988c7-9cc6-43da-a6b0-df594ef6f014;429.78;0.02204219;UNKNOWN
2016-04-19T09:18:53.000000;2016-04-19T09:18:53.000000;e8ea3cbe-a7ee-43ee-8958-5c259efb5d13;429.78;0.06981488;UNKNOWN
2016-04-19T09:18:53.000000;2016-04-19T09:18:53.000000;83d1bf88-4d41-4e0e-a27f-38b5b6b20f7a;429.78;0.01038224;UNKNOWN
2016-04-19T09:18:56.000000;2016-04-19T09:18:56.000000;cd010fc0-ba78-42d3-9eea-e4d2ed995402;429.78;0.05449504;UNKNOWN
2016-04-19T09:18:58.000000;2016-04-19T09:18:58.000000;6406433c-9da6-464e-a3f6-801fde84cc55;429.78;0.07215735;UNKNOWN
2016-04-19T09:18:58.000000;2016-04-19T09:18:58.000000;670a2e22-94b0-4eaa-af1a-c0671285c48b;429.78;0.08438537;UNKNOWN
2016-04-19T09:18:58.000000;2016-04-19T09:18:58.000000;ba9f32e0-7980-4311-9a6b-2b2cb264400a;429.78;0.00705966;UNKNOWN
2016-04-19T09:18:59.000000;2016-04-19T09:18:59.000000;3171739b-07f3-40d9-b909-ae1164b098de;429.78;0.09468784;UNKNOWN
2016-04-19T09:18:59.000000;2016-04-19T09:18:59.000000;7fe43833-f105-4636-98f6-eb6ae50e7a6d;429.78;0.01;UNKNOWN
2016-04-19T09:18:59.000000;2016-04-19T09:18:59.000000;1633fc77-7a9a-470b-8f45-a2a37a63362a;429.78;0.04228546;UNKNOWN
2016-04-19T09:19:01.000000;2016-04-19T09:19:01.000000;7ad3d11e-37ac-4b23-b167-95d1cf74c5c9;429.78;0.0303687;UNKNOWN
2016-04-19T09:19:01.000000;2016-04-19T09:19:01.000000;921fcb3c-717d-4148-9b6d-9ba5acb5c717;429.78;0.01602157;UNKNOWN
2016-04-19T09:19:15.000000;2016-04-19T09:19:15.000000;1b3dec4a-bc7a-49bd-85e9-acfcf623a668;429.78;0.0304554;UNKNOWN
2016-04-19T09:19:15.000000;2016-04-19T09:19:15.000000;f0933bff-d245-4ebd-ae76-532b38a53d8c;429.78;0.01399709;UNKNOWN
2016-04-19T09:19:15.000000;2016-04-19T09:19:15.000000;326008f3-e35e-4644-8d46-51ee204d4aca;429.78;0.05633001;UNKNOWN
2016-04-19T09:19:15.000000;2016-04-19T09:19:15.000000;f5bfdff4-5655-436d-b82e-dcaea7d5e24a;429.78;0.0131679;UNKNOWN
2016-04-19T09:19:15.000000;2016-04-19T09:19:15.000000;4d42ca42-9879-4344-ae3d-d98694bf0c81;429.78;0.04584213;UNKNOWN
2016-04-19T09:19:19.000000;2016-04-19T09:19:19.000000;ac75a1a7-c9a9-4615-9384-3a81cfd79b9d;429.78;0.0473821;UNKNOWN
2016-04-19T09:19:31.000000;2016-04-19T09:19:31.000000;f6704fdb-582e-4f9d-85ce-09f7f310414d;429.78;0.02204219;UNKNOWN
2016-04-19T09:19:31.000000;2016-04-19T09:19:31.000000;2b224fa1-3399-4101-9cfd-00c188e2111e;429.78;0.0051053;UNKNOWN
2016-04-19T09:19:31.000000;2016-04-19T09:19:31.000000;7f7b37db-3621-4de2-af8e-6174ea114f54;429.78;0.05612507;UNKNOWN
2016-04-19T09:19:31.000000;2016-04-19T09:19:31.000000;78c2d321-d64b-4c38-91a2-c22b33ab6831;429.78;0.06981488;UNKNOWN
2016-04-19T09:19:36.000000;2016-04-19T09:19:36.000000;fa5b771c-7231-4e1a-af9f-9d1f7a9a9e96;429.78;0.05449504;UNKNOWN
2016-04-19T09:19:36.000000;2016-04-19T09:19:36.000000;227dfd68-1e65-41ad-86e8-e22acdb7a3ea;429.78;0.02542731;UNKNOWN
2016-04-19T09:19:36.000000;2016-04-19T09:19:36.000000;26fc4286-20ea-4626-8b69-05a65ab15ead;429.78;0.07215735;UNKNOWN
2016-04-19T09:19:36.000000;2016-04-19T09:19:36.000000;786fdd7e-5c93-44e6-9f51-82e55b9b6d72;429.78;0.00527694;UNKNOWN
2016-04-19T09:20:22.000000;2016-04-19T09:20:22.000000;fc9a8d85-386b-4f33-8c4f-2e000340fee0;429.78;0.03593654;UNKNOWN
2016-04-19T09:20:23.000000;2016-04-19T09:20:23.000000;668e94e8-a044-47b1-89cf-b91fddc7efd7;429.78;0.00464476;UNKNOWN
2016-04-19T09:20:23.000000;2016-04-19T09:20:23.000000;84e7af0a-8dd2-47c6-8fb2-f88e708b4140;429.78;0.09468784;UNKNOWN
2016-04-19T09:20:23.000000;2016-04-19T09:20:23.000000;529c8099-ee08-4532-88c0-7b708f2f7147;429.78;0.03008118;UNKNOWN
2016-04-19T09:20:24.000000;2016-04-19T09:20:24.000000;fc39d20f-0f80-4af3-b8cc-380d27706cf8;429.78;0.00535524;UNKNOWN
2016-04-19T09:20:24.000000;2016-04-19T09:20:24.000000;5736c300-f756-47a6-a118-f52c680d4df5;429.78;0.01602157;UNKNOWN
2016-04-19T09:20:24.000000;2016-04-19T09:20:24.000000;e755b39f-03ba-4d06-8fbe-8a5f134add1a;429.78;0.0303687;UNKNOWN
2016-04-19T09:20:24.000000;2016-04-19T09:20:24.000000;5bc469d4-6a49-45cc-856c-f4a06aca55c3;429.78;0.01399709;UNKNOWN
2016-04-19T09:20:24.000000;2016-04-19T09:20:24.000000;6a20d263-fda4-41e2-a866-dbb07604ac63;429.78;0.01744325;UNKNOWN
2016-04-19T09:20:24.000000;2016-04-19T09:20:24.000000;4deb58e1-8281-4726-900a-cd1b6c218233;429.78;0.0131679;UNKNOWN
2016-04-19T09:20:24.000000;2016-04-19T09:20:24.000000;114f1948-810b-4147-82bc-72ab60208374;429.78;0.04228546;UNKNOWN
2016-04-19T09:20:24.000000;2016-04-19T09:20:24.000000;855bb6a6-dad3-441f-8115-35cdc6690494;429.78;0.05633001;UNKNOWN
2016-04-19T09:20:26.000000;2016-04-19T09:20:26.000000;e289bce2-8070-4574-8662-360ff12aeb24;429.78;0.05885428;UNKNOWN
2016-04-19T09:20:26.000000;2016-04-19T09:20:26.000000;bb2cb9f6-e007-4d97-92e4-a82bde813dbe;429.78;0.0199468;UNKNOWN
2016-04-19T09:20:26.000000;2016-04-19T09:20:26.000000;85bb466f-b6ee-4eb7-9e47-d6f1821780c8;429.78;0.0473821;UNKNOWN
2016-04-19T09:20:29.000000;2016-04-19T09:20:29.000000;af818234-21d4-4df0-a090-1d2b15e6dcf8;429.78;0.0184932;UNKNOWN
2016-04-19T09:20:29.000000;2016-04-19T09:20:29.000000;2819e463-dccb-49c5-b764-5a207adb7f10;429.78;0.03617827;UNKNOWN
2016-04-19T09:20:30.000000;2016-04-19T09:20:30.000000;40ed0f0b-b22e-4fef-adae-8de965e0ae39;429.78;0.06981488;UNKNOWN
2016-04-19T09:20:30.000000;2016-04-19T09:20:30.000000;43fe03c4-94a2-416d-a75a-60449a111857;429.78;0.00865429;UNKNOWN
2016-04-19T09:20:30.000000;2016-04-19T09:20:30.000000;c0709276-bb0b-4ea2-9a5a-4d7d16155721;429.78;0.04694766;UNKNOWN
2016-04-19T09:20:36.000000;2016-04-19T09:20:36.000000;fda01f18-c649-4f63-b84a-5cbf8a89dd62;429.78;0.00754738;UNKNOWN
2016-04-19T09:20:36.000000;2016-04-19T09:20:36.000000;d9401c41-68ee-4d75-9a40-7b03b1e28871;429.78;0.07215735;UNKNOWN
2016-04-19T09:20:36.000000;2016-04-19T09:20:36.000000;39eb5e87-d288-4a92-a695-6f6a7fab0e18;429.78;0.06375358;UNKNOWN
2016-04-19T09:20:36.000000;2016-04-19T09:20:36.000000;f66c2f61-0967-4adf-8b64-1ac022297dbc;429.78;0.02542731;UNKNOWN
2016-04-19T09:20:37.000000;2016-04-19T09:20:37.000000;1cc36fef-5a95-4b27-93aa-01ca6899f63f;429.78;0.00754108;UNKNOWN
2016-04-19T09:20:37.000000;2016-04-19T09:20:37.000000;35025bd0-928f-484b-be90-76ac926b4d92;429.78;0.07921622;UNKNOWN
2016-04-19T09:20:38.000000;2016-04-19T09:20:38.000000;6b3e43dc-b045-4c81-8dda-630dbb78f4a0;429.78;0.01547162;UNKNOWN
2016-04-19T09:20:38.000000;2016-04-19T09:20:38.000000;9d94bac5-441e-4e4d-9a9e-9b5c713d11d8;429.78;0.04316694;UNKNOWN
2016-04-19T09:20:51.000000;2016-04-19T09:20:51.000000;896e5a69-c84a-40c6-993e-d72042ce7364;429.78;0.04639027;UNKNOWN
2016-04-19T09:20:51.000000;2016-04-19T09:20:51.000000;3974a52c-6223-4247-b5e1-6663f988ba5f;429.78;0.01744325;UNKNOWN
2016-04-19T09:20:51.000000;2016-04-19T09:20:51.000000;1d41f5f9-db1b-471b-a692-e4c454a53c35;429.78;0.00376328;UNKNOWN
2016-04-19T09:20:51.000000;2016-04-19T09:20:51.000000;1649f717-78ae-474b-9347-a2d579c67379;429.78;0.02303285;UNKNOWN
2016-04-19T09:20:51.000000;2016-04-19T09:20:51.000000;b3a19451-9b39-4da6-a9f0-4f9245d6fb49;429.78;0.01399709;UNKNOWN
2016-04-19T09:20:52.000000;2016-04-19T09:20:52.000000;e64ed958-c344-4634-ba21-4f4833fd22a8;429.78;0.02530204;UNKNOWN
2016-04-19T09:20:52.000000;2016-04-19T09:20:52.000000;36f4b03e-2e2b-4244-a71b-01e4861d0168;429.78;0.04646506;UNKNOWN
2016-04-19T09:20:52.000000;2016-04-19T09:20:52.000000;d4bc6351-9362-4ef5-a734-84bb3a86d53d;429.78;0.05885428;UNKNOWN
2016-04-19T09:20:52.000000;2016-04-19T09:20:52.000000;b90b9c76-ff6d-4ec1-8c2d-cd015487e9ce;429.78;0.00634454;UNKNOWN
2016-04-19T09:20:53.000000;2016-04-19T09:20:53.000000;96e1c0cc-3d7f-4d0e-98dd-cdb47db52616;429.78;0.0184932;UNKNOWN
2016-04-19T09:20:53.000000;2016-04-19T09:20:53.000000;afa8feac-b985-423d-90b5-a0ac003f1f7f;429.78;0.0141742;UNKNOWN
2016-04-19T09:20:53.000000;2016-04-19T09:20:53.000000;a056fe48-1d1a-488d-ab95-1d35b9521e9e;429.78;0.03617827;UNKNOWN
2016-04-19T09:20:53.000000;2016-04-19T09:20:53.000000;5543a4f9-831f-472b-ae97-961eb0e1476d;429.78;0.04103756;UNKNOWN
2016-04-19T09:20:54.000000;2016-04-19T09:20:54.000000;4bdf051d-562a-4a15-8fe1-1377e3a8905e;429.78;0.01430097;UNKNOWN
2016-04-19T09:21:01.000000;2016-04-19T09:21:01.000000;53cfa5e6-4b98-4aed-989d-2cf0cdab74b3;429.78;0.01408182;UNKNOWN
2016-04-19T09:21:04.000000;2016-04-19T09:21:04.000000;77c33202-3aeb-4eec-9699-905099faf8b3;429.8;0.03389732;UNKNOWN
2016-04-19T09:21:06.000000;2016-04-19T09:21:06.000000;7c2a5016-a376-4d04-b3b2-5df6ee3bf2ff;429.78;0.07215735;UNKNOWN
2016-04-19T09:21:06.000000;2016-04-19T09:21:06.000000;00867fdb-a3b9-4cd7-83c9-97fdd3e3e8d1;429.78;0.02725789;UNKNOWN
2016-04-19T09:21:06.000000;2016-04-19T09:21:06.000000;da3506d6-e719-42af-9c32-726b6158acf7;429.78;0.00181858;UNKNOWN
2016-04-19T09:21:06.000000;2016-04-19T09:21:06.000000;c6399301-e1e5-4f19-9e1d-ef550b2d7327;429.78;0.05560195;UNKNOWN
2016-04-19T09:21:06.000000;2016-04-19T09:21:06.000000;230b786c-ec94-46c2-ab49-25b0c8d97156;429.78;0.02542731;UNKNOWN
2016-04-19T09:21:07.000000;2016-04-19T09:21:07.000000;13079c65-5172-4c28-937c-d7f2435a1b0f;429.78;0.061935;UNKNOWN
2016-04-19T09:21:07.000000;2016-04-19T09:21:07.000000;8af5ac11-a83b-4cd2-9ec2-348cf26aaace;429.78;0.0504965;UNKNOWN
2016-04-19T09:21:07.000000;2016-04-19T09:21:07.000000;6b731bdf-2eb8-4ef0-81c6-bf3b1c1bd2e9;429.78;0.01508846;UNKNOWN
2016-04-19T09:21:08.000000;2016-04-19T09:21:08.000000;3a036b8c-2cdb-4f51-bd00-73f77f8a608e;429.78;0.02668005;UNKNOWN
2016-04-19T09:21:23.000000;2016-04-19T09:21:23.000000;510086c3-0324-4b4a-9b1f-a999077a27e1;429.78;0.01061524;UNKNOWN
2016-04-19T09:21:23.000000;2016-04-19T09:21:23.000000;641035cb-7899-434c-b352-6e4c2265a3e2;429.78;0.04316694;UNKNOWN
2016-04-19T09:21:23.000000;2016-04-19T09:21:23.000000;bf4f531a-d72f-4a62-980d-e8e972874929;429.78;0.02120653;UNKNOWN
2016-04-19T09:21:23.000000;2016-04-19T09:21:23.000000;84f1c328-496d-4f3d-8f5e-e215beb12708;429.78;0.00203967;UNKNOWN
2016-04-19T09:21:23.000000;2016-04-19T09:21:23.000000;275ef2d6-8f17-4dd0-a7f3-b98dce5154a8;429.78;0.01547162;UNKNOWN
2016-04-19T09:21:36.000000;2016-04-19T09:21:36.000000;3ebd0bf8-9859-423c-b3b8-7f4ecd6bcef9;429.78;0.06519882;UNKNOWN
2016-04-19T09:21:36.000000;2016-04-19T09:21:36.000000;a023c905-4b5b-4d20-8f08-69b04428faa0;429.78;0.01026892;UNKNOWN
2016-04-19T09:21:36.000000;2016-04-19T09:21:36.000000;a2184d15-8d0f-476b-8981-25e87dbac334;429.78;0.01241761;UNKNOWN
2016-04-19T09:21:36.000000;2016-04-19T09:21:36.000000;672e2efa-5722-43a3-9e19-82f1be91093d;429.78;0.01399709;UNKNOWN
2016-04-19T09:21:36.000000;2016-04-19T09:21:36.000000;dd60bf45-f5b3-4290-aa88-9b84900fbb29;429.78;0.04639027;UNKNOWN
2016-04-19T09:21:39.000000;2016-04-19T09:21:39.000000;02b71221-d3b1-4d3a-9c5b-aff73762b1d7;429.78;0.0047425;UNKNOWN
2016-04-19T09:21:39.000000;2016-04-19T09:21:39.000000;60496e16-45fd-4c04-869b-6e8872d30a24;429.78;0.03619614;UNKNOWN
2016-04-19T09:21:51.000000;2016-04-19T09:21:51.000000;1ebb903e-76d4-49e1-8a79-33d2670925d0;429.78;0.00905899;UNKNOWN
2016-04-19T09:21:51.000000;2016-04-19T09:21:51.000000;619ef985-e9f2-4fe2-b6e7-ecd66a369ede;429.78;0.04103756;UNKNOWN
2016-04-19T09:21:51.000000;2016-04-19T09:21:51.000000;5431fb4c-0244-448d-bd67-77c58172c3a8;429.78;0.03617827;UNKNOWN
2016-04-19T09:21:51.000000;2016-04-19T09:21:51.000000;1e7e1485-2a4c-4d90-ac5b-ca4a94ad0f60;429.78;0.0184932;UNKNOWN
2016-04-19T09:21:51.000000;2016-04-19T09:21:51.000000;296e97db-ba9c-4c9a-b6fe-80d338a2e1cf;429.78;0.02055954;UNKNOWN
2016-04-19T09:21:52.000000;2016-04-19T09:21:52.000000;f78fce51-cec1-4715-8d1c-b51e375ac898;429.78;0.02542731;UNKNOWN
2016-04-19T09:21:52.000000;2016-04-19T09:21:52.000000;e94197f7-03e9-4f07-8a41-32a8a66c4957;429.78;0.02725789;UNKNOWN
2016-04-19T09:21:52.000000;2016-04-19T09:21:52.000000;4f1ae897-4633-44b3-809f-42fcda60b712;429.78;0.01408182;UNKNOWN
2016-04-19T09:21:52.000000;2016-04-19T09:21:52.000000;005d2b51-d3a6-481e-ae84-7d9b47a6701c;429.78;0.05742053;UNKNOWN
2016-04-19T09:21:52.000000;2016-04-19T09:21:52.000000;586f4451-1453-452a-b40f-3406a6b621d6;429.78;0.01528728;UNKNOWN
2016-04-19T09:21:52.000000;2016-04-19T09:21:52.000000;b666636e-e8eb-481a-b61e-587df549a114;429.78;0.01941618;UNKNOWN
2016-04-19T09:21:53.000000;2016-04-19T09:21:53.000000;cafc79d7-57b2-41a1-85fc-97f769795bc8;429.78;0.00175632;UNKNOWN
2016-04-19T09:21:53.000000;2016-04-19T09:21:53.000000;64333c2b-cc08-49d2-a810-45c14a69c6cf;429.78;0.061935;UNKNOWN
2016-04-19T09:21:53.000000;2016-04-19T09:21:53.000000;cc90a14b-79fb-464f-93d3-bbbefc694f8d;429.78;0.01508846;UNKNOWN
2016-04-19T09:21:53.000000;2016-04-19T09:21:53.000000;b96c5e8d-aebb-47c1-bd25-aba2935a9619;429.78;0.05687007;UNKNOWN
2016-04-19T09:21:55.000000;2016-04-19T09:21:55.000000;9d64ed99-6d5d-4ea8-a398-295f29b7c3ea;429.78;0.04874018;UNKNOWN
2016-04-19T09:21:55.000000;2016-04-19T09:21:55.000000;e96e8a03-5094-4720-9624-253d90e4a39b;429.78;0.0151846;UNKNOWN
2016-04-19T09:22:10.000000;2016-04-19T09:22:10.000000;b31bc62b-9161-46e4-8081-2869f9e149ea;429.78;0.02120653;UNKNOWN
2016-04-19T09:22:10.000000;2016-04-19T09:22:10.000000;7753d689-df9c-4618-a781-c6a2df7d4bfc;429.78;0.01061524;UNKNOWN
2016-04-19T09:22:10.000000;2016-04-19T09:22:10.000000;8faf0514-d2b5-440f-b923-34076fce270b;429.78;0.01751129;UNKNOWN
2016-04-19T09:22:10.000000;2016-04-19T09:22:10.000000;c7ffe7b5-ba57-490d-a5e7-01304911a36e;429.78;0.01399709;UNKNOWN
2016-04-19T09:22:10.000000;2016-04-19T09:22:10.000000;ebae21ef-597e-46b6-bf3f-6fd71a89496b;429.78;0.04316694;UNKNOWN
2016-04-19T09:22:10.000000;2016-04-19T09:22:10.000000;6541b3bf-d10c-40a8-9d5a-0548fce76980;429.78;0.04000219;UNKNOWN
2016-04-19T09:22:10.000000;2016-04-19T09:22:10.000000;3bd45c5b-56aa-4fc6-8d89-f4d53189dcbc;429.78;0.01149545;UNKNOWN
2016-04-19T09:22:10.000000;2016-04-19T09:22:10.000000;8f5e4942-b881-4af2-8841-9c23b69c6537;429.78;0.04639027;UNKNOWN
2016-04-19T09:22:12.000000;2016-04-19T09:22:12.000000;f4fc85ce-ddf2-497a-9dc0-18f17c8551c1;429.78;0.01026892;UNKNOWN
2016-04-19T09:22:12.000000;2016-04-19T09:22:12.000000;65a10e0f-e3d8-4767-b893-16b668f0ca5a;429.78;0.02519663;UNKNOWN
2016-04-19T09:22:12.000000;2016-04-19T09:22:12.000000;70c9aee8-9b1b-46c7-9991-6fec443002bd;429.78;0.01241761;UNKNOWN
2016-04-19T09:22:12.000000;2016-04-19T09:22:12.000000;21067ae7-1e5b-4f98-b120-be34bc38a909;429.78;0.03499308;UNKNOWN
2016-04-19T09:22:13.000000;2016-04-19T09:22:13.000000;87defbe4-5e61-4af0-b423-15c338ce7bea;429.78;0.01212198;UNKNOWN
2016-04-19T09:22:13.000000;2016-04-19T09:22:13.000000;dc08167a-4dcd-4009-a32d-4e24c6a52d30;429.78;0.00594556;UNKNOWN
2016-04-19T09:22:14.000000;2016-04-19T09:22:14.000000;2def86b3-c119-4d41-9588-0e47baf840e0;429.78;0.03617827;UNKNOWN
2016-04-19T09:22:14.000000;2016-04-19T09:22:14.000000;c7a20684-95f5-44c1-85d6-d6175e623c1d;429.78;0.00637122;UNKNOWN
2016-04-19T09:22:14.000000;2016-04-19T09:22:14.000000;d195e101-3d26-4119-88b5-36f3e560eeae;429.78;0.00891295;UNKNOWN
2016-04-19T09:22:14.000000;2016-04-19T09:22:14.000000;f69a627d-0986-4608-99ad-5e871a7de3e4;429.78;0.04103756;UNKNOWN
2016-04-19T09:22:27.000000;2016-04-19T09:22:27.000000;383486e5-b4ef-4f8d-9df4-e9ab7b6c0b24;429.78;0.05742053;UNKNOWN
2016-04-19T09:22:27.000000;2016-04-19T09:22:27.000000;e19ad059-9445-4cf5-b2da-d277aab8282d;429.78;0.02542731;UNKNOWN
2016-04-19T09:22:27.000000;2016-04-19T09:22:27.000000;215daa96-c9f9-4f97-b742-00f4ef95927e;429.78;0.01508846;UNKNOWN
2016-04-19T09:22:27.000000;2016-04-19T09:22:27.000000;342777a3-07ec-4b35-a962-bbca332c4b71;429.78;0.00133456;UNKNOWN
2016-04-19T09:22:27.000000;2016-04-19T09:22:27.000000;9dc7a5b7-bd64-4886-b03b-3a612f2fffbc;429.78;0.033498;UNKNOWN
2016-04-19T09:22:27.000000;2016-04-19T09:22:27.000000;f3b01cac-98c0-449b-ac93-0495049e87b0;429.78;0.02070558;UNKNOWN
2016-04-19T09:22:27.000000;2016-04-19T09:22:27.000000;d9e65659-b89f-4b9a-8681-3f3fccd66d01;429.78;0.01528728;UNKNOWN
2016-04-19T09:22:27.000000;2016-04-19T09:22:27.000000;768cc049-265c-44b2-a54d-97062069ab46;429.78;0.02725789;UNKNOWN
2016-04-19T09:22:28.000000;2016-04-19T09:22:28.000000;0d5ab40d-8ab0-4541-b5e8-6166f10f21d6;429.78;0.07120597;UNKNOWN
2016-04-19T09:22:29.000000;2016-04-19T09:22:29.000000;2c9a8343-4a27-4cc7-bb61-530937ff84d9;429.78;0.04802086;UNKNOWN
2016-04-19T09:22:29.000000;2016-04-19T09:22:29.000000;69620a27-b9a7-4d2e-b691-69cff96e052c;429.78;0.00544146;UNKNOWN
2016-04-19T09:22:29.000000;2016-04-19T09:22:29.000000;c2867a52-104e-4a05-b1bc-4b56e34ed62c;429.78;0.0151846;UNKNOWN
2016-04-19T09:22:41.000000;2016-04-19T09:22:41.000000;e795df2f-26dd-416d-8335-06390d56eeff;429.78;0.04329872;UNKNOWN
2016-04-19T09:22:41.000000;2016-04-19T09:22:41.000000;f0d98f26-d3d9-4495-ac92-fba6eec1fccb;429.78;0.03429069;UNKNOWN
2016-04-19T09:22:41.000000;2016-04-19T09:22:41.000000;926a5cab-0a73-4e96-949b-cdfe1df7f796;429.78;0.06437347;UNKNOWN
2016-04-19T09:22:46.000000;2016-04-19T09:22:46.000000;479f6d53-3e5c-4bd3-9ce1-4a27a95ff65e;429.78;0.01061524;UNKNOWN
2016-04-19T09:22:46.000000;2016-04-19T09:22:46.000000;b97abb1a-f6bd-49cc-82cb-974a4c682143;429.78;0.04000219;UNKNOWN
2016-04-19T09:22:46.000000;2016-04-19T09:22:46.000000;b4aaef65-487d-4767-a0f5-6ca4942b40be;429.78;0.02720071;UNKNOWN
2016-04-19T09:22:46.000000;2016-04-19T09:22:46.000000;c69a32d7-f9b5-4d1c-9a36-9e99434579c5;429.78;0.02961087;UNKNOWN
2016-04-19T09:22:46.000000;2016-04-19T09:22:46.000000;fe450091-72cc-4c92-93a3-71231e049d67;429.78;0.01149545;UNKNOWN
2016-04-19T09:22:46.000000;2016-04-19T09:22:46.000000;7f77a338-b51e-4607-b715-52285d9b71dc;429.78;0.01399709;UNKNOWN
2016-04-19T09:22:46.000000;2016-04-19T09:22:46.000000;67062d0d-53b0-4149-a17b-0f4d7f3fd639;429.78;0.01026892;UNKNOWN
2016-04-19T09:22:46.000000;2016-04-19T09:22:46.000000;d91e4dba-ee2d-4274-bb48-20ea4e7757fd;429.78;0.02519663;UNKNOWN
2016-04-19T09:22:46.000000;2016-04-19T09:22:46.000000;73a9d174-b545-4bf8-b7ea-4cd16d67cb09;429.78;0.01241761;UNKNOWN
2016-04-19T09:22:49.000000;2016-04-19T09:22:49.000000;2277155d-36a5-4d3a-9507-e06a832b3a2b;429.78;0.00779237;UNKNOWN
2016-04-19T09:22:49.000000;2016-04-19T09:22:49.000000;8a5832e8-26f8-4422-8445-bcdf517d526a;429.78;0.0156744;UNKNOWN
2016-04-19T09:22:49.000000;2016-04-19T09:22:49.000000;3357f110-fc70-4a42-99e2-07f094302e96;429.78;0.01806754;UNKNOWN
2016-04-19T09:23:06.000000;2016-04-19T09:23:06.000000;d8c179da-c357-4b0e-b7d8-de7e3aad7983;429.78;0.03617827;UNKNOWN
2016-04-19T09:23:06.000000;2016-04-19T09:23:06.000000;68fce778-2f03-4230-832a-05ec433cf27a;429.78;0.02536316;UNKNOWN
2016-04-19T09:23:06.000000;2016-04-19T09:23:06.000000;022a8211-af49-45fb-9e1c-4b5ccd492734;429.78;0.04779164;UNKNOWN
2016-04-19T09:23:06.000000;2016-04-19T09:23:06.000000;0167d505-1356-4672-9cff-cac1fa605680;429.78;0.01528417;UNKNOWN
2016-04-19T09:23:07.000000;2016-04-19T09:23:07.000000;a07f68e8-23f5-4f96-88fc-c862bc59bc40;429.78;0.02542731;UNKNOWN
2016-04-19T09:23:07.000000;2016-04-19T09:23:07.000000;db09b155-a744-4f13-918f-b916341c61ce;429.78;0.00601886;UNKNOWN
2016-04-19T09:23:07.000000;2016-04-19T09:23:07.000000;2656adc1-cc43-468c-aa55-d771a0951dfa;429.78;0.05974873;UNKNOWN
2016-04-19T09:23:08.000000;2016-04-19T09:23:08.000000;2217076b-c950-4e3d-b1cb-3cb04c55c64a;429.78;0.00716017;UNKNOWN
2016-04-19T09:23:08.000000;2016-04-19T09:23:08.000000;27fb7b25-1ba1-4c32-9918-b463868ec13a;429.78;0.04234635;UNKNOWN
2016-04-19T09:23:08.000000;2016-04-19T09:23:08.000000;1a78ed84-041b-4846-8016-07965673af21;429.78;0.01468672;UNKNOWN
2016-04-19T09:23:26.000000;2016-04-19T09:23:26.000000;b445a9f7-1572-46bb-bd05-41eac8bb2c3e;429.78;0.05366116;UNKNOWN
2016-04-19T09:23:26.000000;2016-04-19T09:23:26.000000;550496d8-965d-4f95-8f0a-dfd1d92bba70;429.78;0.0640458;UNKNOWN
2016-04-19T09:23:26.000000;2016-04-19T09:23:26.000000;4eb82b39-7cf2-406c-b27e-ee71d36d176d;429.78;0.0151846;UNKNOWN
2016-04-19T09:23:26.000000;2016-04-19T09:23:26.000000;b788a569-2c57-4b9b-b835-a4613e98d65d;429.78;0.04802086;UNKNOWN
