time_exchange;time_coinpai;guid;price;base_amount;taker_side
2016-04-19T00:00:01.384936;2016-04-19T00:00:01.417020;2c1b5d11-b990-47c6-a5b6-3110b1ab4025;430.9;0.01;SELL
2016-04-19T00:00:01.385175;2016-04-19T00:00:01.432646;15938cb3-40e6-4a79-9702-e9020a6411e1;430.9;0.01002668;SELL
2016-04-19T00:00:01.385363;2016-04-19T00:00:01.432646;97f69dcc-eee0-45af-b939-fc18a8513634;430.89;0.00329662;SELL
2016-04-19T00:00:01.385535;2016-04-19T00:00:01.432646;4f9598d9-3d75-4ee5-a36e-cbeafa9f7fb8;430.88;0.01;SELL
2016-04-19T00:00:01.385682;2016-04-19T00:00:01.432646;b87057b5-1347-4ef8-851e-4767769ff706;430.87;0.01;SELL
2016-04-19T00:00:01.385843;2016-04-19T00:00:01.448270;7dfa786d-d806-4d69-b733-8dfcf7e47ac5;430.87;0.101;SELL
2016-04-19T00:00:01.386031;2016-04-19T00:00:01.448270;fb52e3bf-217f-40be-834b-4171286a6e3e;430.86;0.01;SELL
2016-04-19T00:00:01.386195;2016-04-19T00:00:01.448270;7739de76-fd87-40bf-b242-47dbfcbc63f6;430.85;0.01;SELL
2016-04-19T00:00:01.386355;2016-04-19T00:00:01.463896;0838449d-b131-4eae-8ce6-d83c915e7117;430.85;0.01;SELL
2016-04-19T00:00:01.386511;2016-04-19T00:00:01.463896;4f797ec0-a4da-472b-91cb-7097b98da74e;430.84;0.01;SELL
2016-04-19T00:00:01.386664;2016-04-19T00:00:01.495145;cc93cbc7-0ec4-4563-a82b-580aa33f3ec8;430.82;0.086;SELL
2016-04-19T00:00:01.386816;2016-04-19T00:00:01.510770;963baf0a-21d1-47c1-b616-5225b4428f04;430.8;0.02010005;SELL
2016-04-19T00:00:01.386997;2016-04-19T00:00:01.510770;fd333e00-3fe7-4671-ad8b-da72173eacdf;430.77;0.116;SELL
2016-04-19T00:00:01.387152;2016-04-19T00:00:01.510770;5f1b1268-240b-4be3-b526-c27d1bf14964;430.75;0.24;SELL
2016-04-19T00:00:01.387301;2016-04-19T00:00:01.510770;f737b76a-54af-4bf3-a15a-79ca7e9c93d0;430.74;0.01;SELL
2016-04-19T00:00:01.387456;2016-04-19T00:00:01.510770;40cf0520-cb85-46b1-a7b8-9866b5cb37f4;430.73;0.01;SELL
2016-04-19T00:00:01.387599;2016-04-19T00:00:01.510770;6628a024-5966-41c3-9627-53bde7175332;430.72;0.01;SELL
2016-04-19T00:00:01.387770;2016-04-19T00:00:01.510770;3bcf9fcc-d2ae-4aac-86c4-19197c08124d;430.72;0.128;SELL
2016-04-19T00:00:01.387928;2016-04-19T00:00:01.526400;d00c48ce-592b-4919-8bc0-c6f2e4311372;430.7;0.01003596;SELL
2016-04-19T00:00:01.388093;2016-04-19T00:00:01.526400;6ed1e1e0-9af9-4598-b4f1-f80d6d2ee277;430.68;0.01805069;SELL
2016-04-19T00:00:10.904351;2016-04-19T00:00:10.932651;97daf626-8d85-4b34-a341-aca11a37b6f1;430.83;0.01;BUY
2016-04-19T00:00:10.904514;2016-04-19T00:00:10.948276;110d1404-c66a-4da8-8f9e-cfdbab4baa18;430.83;6.9658;BUY
2016-04-19T00:00:10.904688;2016-04-19T00:00:10.948276;3aa79e37-3558-4a59-942f-054d0f3bdc6b;430.83;0.42;BUY
2016-04-19T00:00:10.904852;2016-04-19T00:00:10.948276;1d76cb61-8b72-4b62-952b-902d542b9ace;430.84;5.347;BUY
2016-04-19T00:00:10.905035;2016-04-19T00:00:10.948276;ce65b67a-0b77-40d7-9469-d2029ed5b102;430.84;0.087;BUY
2016-04-19T00:00:10.905189;2016-04-19T00:00:10.948276;ee4d60f0-ba5d-4833-93bc-7bdec18b8832;430.89;0.01;BUY
2016-04-19T00:00:10.905345;2016-04-19T00:00:10.963903;00dca602-afef-4203-9ab2-7eda9cc7374b;430.9;0.01;BUY
2016-04-19T00:00:10.905497;2016-04-19T00:00:10.963903;aaf5a289-d0e6-458c-9252-ebe9f6a44691;430.91;0.02;BUY
2016-04-19T00:00:10.905656;2016-04-19T00:00:10.963903;aebb761a-3650-4df4-9b44-4560a7e590ca;430.93;0.01;BUY
2016-04-19T00:00:10.905805;2016-04-19T00:00:10.979502;27cfd6b0-5181-40c1-a03f-599086faa4af;430.95;0.093;BUY
2016-04-19T00:00:10.905965;2016-04-19T00:00:10.979502;b82cb428-ebdc-42fa-a645-c36eca4905e9;430.95;0.01;BUY
2016-04-19T00:00:10.906126;2016-04-19T00:00:10.979502;f7cd3477-473c-4ca7-a392-a80ecf8a1e5e;430.97;0.01;BUY
2016-04-19T00:00:10.906282;2016-04-19T00:00:10.995151;a1e30c45-0517-49c3-8ec0-5e6f43131a10;430.97;0.01;BUY
2016-04-19T00:00:10.906417;2016-04-19T00:00:10.995151;344729df-a175-449f-bdfe-31635e8f3201;430.98;1.9972;BUY
2016-04-19T00:00:31.478642;2016-04-19T00:00:31.510784;fd8d2c91-d2a3-404f-80de-093ff88c36ec;430.79;0.01;SELL
2016-04-19T00:00:31.478828;2016-04-19T00:00:31.526417;5f287f5b-84ef-4e0e-918d-eb7410f10d92;430.79;0.104;SELL
2016-04-19T00:00:31.479026;2016-04-19T00:00:31.526417;a4bde56c-be96-47c3-ac90-17ddc4fd2df1;430.78;0.01;SELL
2016-04-19T00:00:31.479176;2016-04-19T00:00:31.526417;667e96bb-fd8a-4b0e-9f83-26a625982136;430.76;0.01;SELL
2016-04-19T00:00:31.479331;2016-04-19T00:00:31.526417;bb513fc9-6427-472b-98e6-78392e32b0c1;430.76;0.01;SELL
2016-04-19T00:00:31.479490;2016-04-19T00:00:31.526417;5c1fe5d5-13c7-4de5-838f-b3a0f896fc77;430.75;0.2;SELL
2016-04-19T00:00:31.479641;2016-04-19T00:00:31.526417;8810978b-1d21-4018-8a1e-7d6e3798067d;430.74;0.01;SELL
2016-04-19T00:00:31.479790;2016-04-19T00:00:31.542041;d89b51bf-ddc0-4ea0-b16e-13a2df6b3087;430.74;0.076;SELL
2016-04-19T00:00:31.479963;2016-04-19T00:00:31.557666;9625a843-1ea5-4f62-abea-46397d7f14e6;430.74;0.27;SELL
2016-04-19T00:00:31.480135;2016-04-19T00:00:31.557666;95394c05-3c5e-4668-bf63-02263a75b4dd;430.73;0.01;SELL
2016-04-19T00:00:31.480291;2016-04-19T00:00:31.557666;8d591c6a-6f90-4f52-9eec-bdd22ffeab52;430.72;0.01;SELL
2016-04-19T00:00:31.480443;2016-04-19T00:00:31.573291;d77c3e52-5ec7-4615-87a1-3b7120af33c6;430.7;0.01;SELL
2016-04-19T00:00:31.480604;2016-04-19T00:00:31.573291;458b5704-c18e-4c33-b48f-9f2632a3cca4;430.69;0.123;SELL
2016-04-19T00:00:31.480755;2016-04-19T00:00:31.573291;df13e56a-b585-4bc5-8e4e-4bc7943975e3;430.64;0.01;SELL
2016-04-19T00:00:31.480933;2016-04-19T00:00:31.573291;f84d8b76-9571-4eeb-96dc-9f7559bfe762;430.64;0.075;SELL
2016-04-19T00:00:31.481098;2016-04-19T00:00:31.573291;8c4d542e-8f89-4203-8a2b-6001d2789415;430.6;0.01003248;SELL
2016-04-19T00:00:31.481260;2016-04-19T00:00:31.573291;8aff9e15-aca1-40fe-8951-6322a373300d;430.6;0.5;SELL
2016-04-19T00:00:31.481418;2016-04-19T00:00:31.573291;46d1b606-50f0-4914-a18d-6c3f6dce3692;430.59;0.085;SELL
2016-04-19T00:00:31.481566;2016-04-19T00:00:31.588915;487b9f25-756c-4933-ac0b-e0c78868b6e9;430.58;0.01;SELL
2016-04-19T00:00:31.481726;2016-04-19T00:00:31.604536;7928437e-479a-4177-8858-f00ef7861b82;430.58;0.489339;SELL
2016-04-19T00:00:31.481871;2016-04-19T00:00:31.620160;e24d43eb-1ada-40cd-9375-1c74dffae0bc;430.52;1.13141852;SELL
2016-04-19T00:01:01.270667;2016-04-19T00:01:01.292057;3e197311-7866-4132-936b-fbe57e6ad523;430.64;0.01;SELL
2016-04-19T00:01:01.270881;2016-04-19T00:01:01.307677;301b438b-6ad0-42a0-aaf7-c4a4cb4849d3;430.64;0.093;SELL
2016-04-19T00:01:01.271089;2016-04-19T00:01:01.307677;2301f812-f6b1-4c68-8939-dad25600b3da;430.63;0.01;SELL
2016-04-19T00:01:01.271267;2016-04-19T00:01:01.307677;e3d475f1-f388-4dd1-91f8-83321f64de5b;430.62;0.01;SELL
2016-04-19T00:01:01.271447;2016-04-19T00:01:01.370180;b64379c0-6da4-4baa-9819-1afcad4b9a65;430.59;0.112;SELL
2016-04-19T00:01:01.271624;2016-04-19T00:01:01.385801;16513662-e3ff-4b0d-b675-ec9322fd1d8e;430.55;0.5;SELL
2016-04-19T00:01:01.271804;2016-04-19T00:01:01.385801;13087222-fa24-45b0-ba8b-53633819f869;430.54;0.105;SELL
2016-04-19T00:01:01.271993;2016-04-19T00:01:01.385801;dcba32ae-58b3-473a-bf5d-f5f581cdd311;430.51;0.04039375;SELL
2016-04-19T00:01:01.272150;2016-04-19T00:01:01.385801;bbada4ea-e63e-4724-85c2-8f81284ed042;430.5;0.01;SELL
2016-04-19T00:01:01.272311;2016-04-19T00:01:01.401427;dd065438-e19b-45b6-92c9-4abe34151b6a;430.5;0.02003953;SELL
2016-04-19T00:01:01.272476;2016-04-19T00:01:01.401427;8c1876cb-c843-428b-997e-76aa1a523127;430.5;0.128;SELL
2016-04-19T00:01:01.272651;2016-04-19T00:01:01.401427;d2d840c5-06d5-47d3-b19c-a58a6c9a0f41;430.5;0.13;SELL
2016-04-19T00:01:01.272828;2016-04-19T00:01:01.401427;274eed6a-ea8f-42bd-a58f-1a21c46b886e;430.49;0.108;SELL
2016-04-19T00:01:01.273021;2016-04-19T00:01:01.401427;41f5ae92-7edf-41e6-9b21-bfad4cb82ac6;430.48;1.0845;SELL
2016-04-19T00:01:01.273176;2016-04-19T00:01:01.401427;3386910d-0239-4dcd-aebc-79b6b0542985;430.47;0.01;SELL
2016-04-19T00:01:01.273335;2016-04-19T00:01:01.401427;12c9600c-ed5b-4dcf-ab53-7d781ae95aed;430.47;0.01;SELL
2016-04-19T00:01:01.273502;2016-04-19T00:01:01.401427;051bb3c7-50d7-42c1-8537-6b8171135945;430.47;0.04039779;SELL
2016-04-19T00:01:01.273674;2016-04-19T00:01:01.401427;0c0974bd-1f9e-4d38-a4fa-298425d5c01c;430.47;0.04037456;SELL
2016-04-19T00:01:01.273853;2016-04-19T00:01:01.417065;de175fa9-76fb-4eb6-96e3-a1d63250fd52;430.44;0.109;SELL
2016-04-19T00:01:01.274035;2016-04-19T00:01:01.417065;1060098c-0935-454c-b8b7-4d40364bef57;430.43;0.03;SELL
2016-04-19T00:01:01.274208;2016-04-19T00:01:01.417065;ef260030-da40-4e4f-a194-5c4fe33386de;430.4;0.01002436;SELL
2016-04-19T00:01:01.274376;2016-04-19T00:01:01.417065;27a80fdc-bbd8-40bf-b53b-28b2f335188d;430.38;0.01;SELL
2016-04-19T00:01:01.274544;2016-04-19T00:01:01.417065;aae2c46a-af18-447a-a8b3-ce504281e3da;430.37;0.29;SELL
2016-04-19T00:01:01.274705;2016-04-19T00:01:01.417065;740ee23d-3f20-42c1-9631-13524db29ce5;430.35;0.0115;SELL
2016-04-19T00:01:01.274882;2016-04-19T00:01:01.417065;ec614874-fb35-45a0-ba94-27c802a5d1c3;430.35;0.85;SELL
2016-04-19T00:01:01.275043;2016-04-19T00:01:01.417065;e144e27f-45cc-43b8-a780-5d030c20d615;430.34;0.27600001;SELL
2016-04-19T00:01:31.194227;2016-04-19T00:01:31.213951;f1a8b822-c731-4e91-b375-20a0df0caf66;430.45;0.01;SELL
2016-04-19T00:01:31.194475;2016-04-19T00:01:31.229568;e902faea-153e-4fc8-bb0c-5583e49de4e3;430.45;0.11585;SELL
2016-04-19T00:02:07.002365;2016-04-19T00:02:07.010836;111e716a-de7e-4612-a0eb-4923c19570e1;430.47;0.08813;SELL
2016-04-19T00:02:31.137442;2016-04-19T00:02:31.151483;78db076b-1a86-4884-b199-7a343b05ba3b;430.49;0.01;BUY
2016-04-19T00:02:31.137680;2016-04-19T00:02:31.167097;ce41231c-674f-4e3a-bdc4-3e933afef8f4;430.5;0.01002436;BUY
2016-04-19T00:02:31.137868;2016-04-19T00:02:31.167097;f88b0fc0-ceb2-4a48-b9ba-a3be3e97d7be;430.5;0.01;BUY
2016-04-19T00:02:31.138046;2016-04-19T00:02:31.167097;76db626b-0122-4f2c-a13e-e160c7e53c11;430.5;0.18;BUY
2016-04-19T00:02:31.138191;2016-04-19T00:02:31.182724;a200d5e1-c232-4353-9fbe-83afeb60a2f6;430.58;0.31896564;BUY
2016-04-19T00:03:01.387107;2016-04-19T00:03:01.401489;1f0d6a9b-8b56-45b4-943d-cd401c3617aa;430.57;0.01;BUY
2016-04-19T00:03:01.387350;2016-04-19T00:03:01.417114;98089570-1327-4be1-b94d-7f1ac03a7e53;430.6;0.02003953;BUY
2016-04-19T00:03:01.387535;2016-04-19T00:03:01.417114;075dac29-c3b2-4640-9d9c-712d52081d4e;430.63;0.01;BUY
2016-04-19T00:03:01.387697;2016-04-19T00:03:01.417114;3bbf5df0-8e6d-4cc5-81c7-8adaddb67c12;430.67;0.01;BUY
2016-04-19T00:03:01.387850;2016-04-19T00:03:01.417114;867cf0a7-d108-4484-aaad-1c62767acd17;430.69;0.42104047;BUY
2016-04-19T00:03:31.256784;2016-04-19T00:03:31.276514;4e64b030-cad0-4fa7-9c0b-df763fb08cf7;430.63;0.01;SELL
2016-04-19T00:03:31.257032;2016-04-19T00:03:31.292127;c50b174c-a139-49a2-bf8f-169abb85b06a;430.63;0.106;SELL
2016-04-19T00:03:31.257241;2016-04-19T00:03:31.292127;0a27b997-482f-4371-bed7-18ca214914d6;430.62;0.01;SELL
2016-04-19T00:03:31.257423;2016-04-19T00:03:31.292127;f9e07eec-6ad8-4f4e-af26-bd03a9acd490;430.61;0.01;SELL
2016-04-19T00:03:31.257588;2016-04-19T00:03:31.292127;d17dfe2d-a18c-4e6a-a45b-5a72f57ca559;430.61;0.08603;SELL
2016-04-19T00:04:01.756695;2016-04-19T00:04:01.760903;9859396c-2b91-4b64-a171-64d1602ac446;430.67;0.093;SELL
2016-04-19T00:04:01.756910;2016-04-19T00:04:01.776519;1dbd717d-e6b3-4cd1-aa55-da5e78b77ecb;430.67;1.04097;SELL
2016-04-19T00:04:31.385131;2016-04-19T00:04:31.385917;27844e74-de9c-4d53-8482-8e8c95394661;430.68;0.01;BUY
2016-04-19T00:04:31.385343;2016-04-19T00:04:31.401538;c4667337-d6ce-4893-aec5-3b1f0b699c8c;430.69;0.01;BUY
2016-04-19T00:04:31.385512;2016-04-19T00:04:31.401538;347800f9-333f-4c0a-a006-c64707dba4d8;430.69;2.03372;BUY
2016-04-19T00:05:01.796675;2016-04-19T00:05:01.823430;ac0b9f28-68da-45d5-aaaf-313f7cc7ef18;430.69;1.065992;BUY
2016-04-19T00:05:01.796893;2016-04-19T00:05:01.823430;c28b75ab-b37b-4a89-836d-439f68981ce0;430.69;0.187508;BUY
2016-04-19T00:05:32.702327;2016-04-19T00:05:32.714071;442d1ea7-4efa-4a93-9fb3-4241bc4e4989;430.7;0.01003248;BUY
2016-04-19T00:05:32.702601;2016-04-19T00:05:32.729692;4a743c72-9753-45e2-b9cf-93ef915aa77e;430.7;0.01;BUY
2016-04-19T00:05:32.702806;2016-04-19T00:05:32.729692;ddd9ed41-9878-41bf-9335-154287328ae6;430.7;0.01;BUY
2016-04-19T00:05:32.703017;2016-04-19T00:05:32.776565;c16b3d46-7daf-4824-9ba6-7160401c4e66;430.7;0.01;BUY
2016-04-19T00:05:32.703201;2016-04-19T00:05:32.776565;086768c4-a023-4beb-b283-9fdcfd078460;430.71;0.02083022;BUY
2016-04-19T00:05:32.703389;2016-04-19T00:05:32.776565;dd910fa2-4400-44d1-95bd-59b8b6c5f858;430.71;0.01;BUY
2016-04-19T00:05:32.703583;2016-04-19T00:05:32.776565;2b8c092b-70eb-45bc-a16f-db7e99963e1a;430.71;0.01;BUY
2016-04-19T00:05:32.703769;2016-04-19T00:05:32.776565;51ff29a4-eaec-4022-a809-f48dccbb611c;430.75;0.01;BUY
2016-04-19T00:05:32.703936;2016-04-19T00:05:32.776565;10ecf325-ea50-412b-b315-bdf8e4b920de;430.77;0.0130673;BUY
2016-04-19T00:06:01.382870;2016-04-19T00:06:01.401594;0be430a2-9557-4a27-90cf-840c8de92136;430.75;4.55125;SELL
2016-04-19T00:06:15.671228;2016-04-19T00:06:15.682843;036bd19c-0dff-4d66-8a49-ba90e4f510ec;430.76;0.01;BUY
2016-04-19T00:06:15.671444;2016-04-19T00:06:15.698462;ca5c98f0-1abc-4489-8c81-e311cc61b67e;430.77;0.02733049;BUY
2016-04-19T00:06:15.671631;2016-04-19T00:06:15.698462;10d768ef-9d61-49ba-925a-f25626a60f46;430.8;0.01003596;BUY
2016-04-19T00:06:15.671804;2016-04-19T00:06:15.698462;d09f2c95-996c-4258-a38a-55940ad595db;430.81;0.04037456;BUY
2016-04-19T00:06:15.671992;2016-04-19T00:06:15.745338;bec766c5-3490-4d4a-a082-1b4566e77f3a;430.82;0.01;BUY
2016-04-19T00:06:15.672140;2016-04-19T00:06:15.745338;5217d71b-5d75-404a-9f67-1223dfddd072;430.83;0.01;BUY
2016-04-19T00:06:15.672280;2016-04-19T00:06:15.745338;6a957951-ab4a-45de-9ac6-850cc0ab82c9;430.83;0.89225899;BUY
2016-04-19T00:06:31.212709;2016-04-19T00:06:31.214099;872dec9a-398b-4ed0-830f-e79760d70ad7;430.79;0.01;SELL
2016-04-19T00:06:31.212928;2016-04-19T00:06:31.229721;8bcda44a-af59-48e0-839e-0920ed8028d5;430.78;0.01;SELL
2016-04-19T00:06:31.213127;2016-04-19T00:06:31.229721;00b08ac9-1bbc-425e-b8c0-bfac58d9325c;430.78;0.01;SELL
2016-04-19T00:06:31.213267;2016-04-19T00:06:31.229721;b10345a9-aeda-46df-bdf5-9624ba93ee3b;430.78;0.01248;SELL
2016-04-19T00:07:01.293306;2016-04-19T00:07:01.307861;5f16aae5-e38c-411b-8ac0-02fb94558bd4;430.79;0.01;SELL
2016-04-19T00:07:01.293509;2016-04-19T00:07:01.307861;535cbdbc-f7d1-4f00-a4af-3b0067742a39;430.79;0.01832;SELL
2016-04-19T00:07:31.261434;2016-04-19T00:07:31.316655;a165bab6-8ef2-4c51-82cf-cd9f3e8c8844;430.84;0.01;BUY
2016-04-19T00:07:31.261613;2016-04-19T00:07:31.332272;61855a0e-59a8-42a4-9de5-26eb96dac6bc;430.85;0.01;BUY
2016-04-19T00:07:31.261789;2016-04-19T00:07:31.332272;4b1aa074-e10b-413c-918a-d0ad89dc603c;430.85;0.04039375;BUY
2016-04-19T00:07:31.261959;2016-04-19T00:07:31.332272;8bdff995-3257-406b-9718-74d97cefdfd9;430.86;0.01;BUY
2016-04-19T00:07:31.262128;2016-04-19T00:07:31.347900;215abfcc-18a2-4984-a2e4-d0e54d1940af;430.86;0.01;BUY
2016-04-19T00:07:31.262282;2016-04-19T00:07:31.347900;08720cc0-6236-4db2-8ebe-98fedd5d74f2;430.86;0.01;BUY
2016-04-19T00:07:31.262432;2016-04-19T00:07:31.347900;900c0bdc-92ca-44f7-af4e-bc6e160e6633;430.87;0.01;BUY
2016-04-19T00:07:31.262573;2016-04-19T00:07:31.347900;b4766dbe-87d8-4cde-8ee3-6903664bbe58;430.87;0.01;BUY
2016-04-19T00:07:31.262714;2016-04-19T00:07:31.347900;89ea3d27-9811-4cbc-a505-43ed4adb0301;430.87;0.02;BUY
2016-04-19T00:07:31.262879;2016-04-19T00:07:31.426023;af37afc5-9464-4bca-9ffa-f4a6bb5ead33;430.87;0.01;BUY
2016-04-19T00:07:31.263033;2016-04-19T00:07:31.426023;b3a99caa-ad97-4b10-8153-0a3195ac39db;430.87;0.02056625;BUY
2016-04-19T00:08:01.401013;2016-04-19T00:08:01.457299;4b5d07c8-2606-48d9-a943-48ffae7bff0e;430.87;0.02;BUY
2016-04-19T00:08:01.401264;2016-04-19T00:08:01.472916;ca522764-a33a-4fe9-bc84-be3a7629d748;430.89;0.01;BUY
2016-04-19T00:08:01.401464;2016-04-19T00:08:01.472916;d920db9d-659b-487f-b83e-434c0ba23226;430.9;0.02010005;BUY
2016-04-19T00:08:01.401632;2016-04-19T00:08:01.472916;4e9b4355-fb5a-4daa-9d02-6481cccd18c5;430.91;0.01;BUY
2016-04-19T00:08:01.401796;2016-04-19T00:08:01.472916;a188c07b-7c40-429f-83df-d5920ad7d4f3;430.92;0.01;BUY
2016-04-19T00:08:01.401961;2016-04-19T00:08:01.488540;2f07ba51-7666-47aa-851e-71b7c6105f98;430.96;0.489339;BUY
2016-04-19T00:08:01.402134;2016-04-19T00:08:01.488540;cfe1c35d-0939-4bc2-ba9d-a3e5fbf98bdb;430.97;0.01;BUY
2016-04-19T00:08:01.402292;2016-04-19T00:08:01.566664;8252f0b3-4e42-4ed0-afac-6987c520bcd5;430.97;0.096;BUY
2016-04-19T00:08:01.402439;2016-04-19T00:08:01.566664;4d47eda4-f2da-474c-861d-6250a4649e11;430.98;0.01;BUY
2016-04-19T00:08:01.402585;2016-04-19T00:08:01.566664;b485ef2b-c57c-4de2-b7bf-3024df554be3;430.98;0.01;BUY
2016-04-19T00:08:01.402740;2016-04-19T00:08:01.566664;f8450982-beb3-4454-9cbf-f54d2dbac566;430.98;0.32013095;BUY
2016-04-19T00:08:37.784562;2016-04-19T00:08:37.879184;17a66fb1-d31a-4fb6-bc4f-4f40cba3a866;430.87;0.02;BUY
2016-04-19T00:08:37.784788;2016-04-19T00:08:37.894808;594bffda-68db-4d2e-8739-3e4f28fc6ffb;430.99;0.01;BUY
2016-04-19T00:08:37.784995;2016-04-19T00:08:37.894808;73a2d02a-e788-4d9e-bb34-a69648acf666;431.0;0.01002668;BUY
2016-04-19T00:08:37.785147;2016-04-19T00:08:37.926057;a9b01282-8ca9-430d-abf0-d81dd411cacf;431.01;0.0501724;BUY
2016-04-19T00:08:37.785341;2016-04-19T00:08:37.941682;da53a8cd-6137-4fc1-85f4-76d15c60b9d4;431.01;0.118;BUY
2016-04-19T00:08:37.785503;2016-04-19T00:08:37.941682;29eb80e3-c97b-4c14-b05e-daa3c5ddfc57;431.03;0.09166092;BUY
2016-04-19T00:09:01.297853;2016-04-19T00:09:01.347944;a7907ce0-8117-453a-84ca-2772de839ee6;431.02;0.01416;SELL
2016-04-19T00:09:31.245180;2016-04-19T00:09:31.301090;359e7b8d-b736-47db-908d-d4957868461b;431.05;0.13;BUY
2016-04-19T00:09:31.245443;2016-04-19T00:09:31.316710;747838dc-ab46-43e7-ae0a-8e6af7bdfdb5;431.12;0.088;BUY
2016-04-19T00:09:31.245688;2016-04-19T00:09:31.316710;d6902be3-1266-4415-9e37-6cde815faacb;431.14;0.87072;BUY
2016-04-19T00:10:01.297272;2016-04-19T00:10:01.347987;ae17267e-115c-4e38-81e1-ed37515b48ec;431.1;0.01;SELL
2016-04-19T00:10:01.297457;2016-04-19T00:10:01.363600;865128b8-a24c-4480-b743-d2b389406acb;431.09;0.01;SELL
2016-04-19T00:10:01.297604;2016-04-19T00:10:01.363600;892f8b2f-992e-46ac-a2ca-8004ac9a938f;431.08;0.00457;SELL
2016-04-19T00:10:31.256512;2016-04-19T00:10:31.316698;464a53a7-692c-455e-ad03-f507f6c56011;431.14;0.86228;BUY
2016-04-19T00:10:31.256839;2016-04-19T00:10:31.316698;f170fd54-9f0a-4d5f-a81f-d8c9eab0cf58;431.14;0.015;BUY
2016-04-19T00:10:31.257069;2016-04-19T00:10:31.316698;509b2f6b-7538-431a-a649-7892d8f12127;431.14;0.123;BUY
2016-04-19T00:10:31.257231;2016-04-19T00:10:31.363616;8546ceaf-aa6d-4a1a-adab-6339b19ea458;431.17;0.02;BUY
2016-04-19T00:10:31.257399;2016-04-19T00:10:31.363616;6bb11c8d-eb14-4003-93a4-ee880225314b;431.17;0.01;BUY
2016-04-19T00:10:31.257553;2016-04-19T00:10:31.379248;1ec947b1-d45e-4251-84f5-19484846841c;431.18;0.3666088;BUY
2016-04-19T00:10:31.257710;2016-04-19T00:10:31.379248;06a5dac8-37de-4a90-8184-180fc57bc8c2;431.18;0.20555589;BUY
2016-04-19T00:10:31.257859;2016-04-19T00:10:31.379248;144a092d-ad74-4f48-aa1d-c93e37da2901;431.18;0.08635531;BUY
2016-04-19T00:11:01.470920;2016-04-19T00:11:01.519883;4ddf51e8-c8c5-4443-8d9f-e56ae1872d83;431.1;0.01;SELL
2016-04-19T00:11:01.471113;2016-04-19T00:11:01.535508;9724cd16-53cc-442f-9569-c96892eded06;431.08;0.11356;SELL
2016-04-19T00:11:31.326686;2016-04-19T00:11:31.379277;fd18451f-1af1-4764-8c63-df32862446dd;431.1;0.01;SELL
2016-04-19T00:11:31.326897;2016-04-19T00:11:31.394897;d8ea1ead-0ec2-4f5c-919f-042ab4048bd3;431.08;0.00415;SELL
2016-04-19T00:12:01.515630;2016-04-19T00:12:01.566787;da9ef7ee-3139-48fb-ba2f-dfdb39a37f23;431.13;0.08603;BUY
2016-04-19T00:12:01.515829;2016-04-19T00:12:01.582413;1070d87d-33d1-4e3f-a287-85a7ea4790e9;431.13;0.74491;BUY
2016-04-19T00:12:31.253634;2016-04-19T00:12:31.301175;47ad5719-c1c1-4308-acec-a8d851860808;431.11;0.54295;BUY
2016-04-19T00:13:10.031540;2016-04-19T00:13:10.066832;43fbd718-eb6c-44a5-8f4f-450906d71684;431.11;0.08653;BUY
2016-04-19T00:13:31.253320;2016-04-19T00:13:31.301207;c3a1ff83-eeb0-4ff6-97ae-ccd266f33651;431.11;0.22552;BUY
2016-04-19T00:13:31.253536;2016-04-19T00:13:31.316834;41795769-8bae-4458-8523-60672d3c0f29;431.11;0.54;BUY
2016-04-19T00:13:31.253692;2016-04-19T00:13:31.316834;0ca4909c-fb2c-4f93-8cb6-7828e052f5ae;431.14;0.54355;BUY
2016-04-19T00:14:01.263313;2016-04-19T00:14:01.301231;3618ce3c-9fee-4e39-9b14-1e72c4fd9af1;431.12;0.54;BUY
2016-04-19T00:14:01.263518;2016-04-19T00:14:01.316849;214bb2e0-e3d0-4619-b3bd-2fafad534828;431.14;0.00813;BUY
2016-04-19T00:14:31.318906;2016-04-19T00:14:31.348114;0375fb32-34f0-4748-ab00-0713212b3bd4;431.1;0.01;SELL
2016-04-19T00:14:31.319105;2016-04-19T00:14:31.363740;21d9eec6-9c3a-4971-a1ef-7b60c6cca9f3;431.08;0.02119;SELL
2016-04-19T00:15:01.277928;2016-04-19T00:15:01.316878;dd524f96-e83c-4071-9ebb-5b438f25784e;431.09;0.68898;BUY
2016-04-19T00:15:31.563178;2016-04-19T00:15:31.598153;a00502d7-9c75-4e19-97c6-52532e8dae42;431.09;0.16102;BUY
2016-04-19T00:15:31.563351;2016-04-19T00:15:31.613768;16a9d75b-2388-4c1b-904e-299f821bb239;431.09;0.56;BUY
2016-04-19T00:15:31.563549;2016-04-19T00:15:31.613768;7e7a2756-f172-42a6-9260-7ab96dcbc16d;431.09;3.21351;BUY
2016-04-19T00:15:31.563720;2016-04-19T00:15:31.613768;7b24e1fd-6d90-4cbb-a9e6-b17b87770ead;431.11;0.01;BUY
2016-04-19T00:15:31.563880;2016-04-19T00:15:31.644985;4b8c23db-75f7-403d-9fc1-39cc42062c0e;431.13;0.01;BUY
2016-04-19T00:15:31.564032;2016-04-19T00:15:31.707522;2a774125-b87c-417b-b7ba-460dc1156eed;431.13;0.39047;BUY
2016-04-19T00:15:55.007095;2016-04-19T00:15:55.035659;1166a766-db9f-4fb2-ba1c-360b87927d06;431.13;0.0455;BUY
2016-04-19T00:16:01.287617;2016-04-19T00:16:01.316920;23121778-247a-49a7-a547-e7ab99d5d62f;431.12;0.01;SELL
2016-04-19T00:16:01.287817;2016-04-19T00:16:01.332536;c3b7ee9e-a873-410a-93eb-4a7a29655c50;431.12;0.078;SELL
2016-04-19T00:16:01.287994;2016-04-19T00:16:01.332536;928a944a-708f-436e-9212-be0c32c523a5;431.12;0.62579;SELL
2016-04-19T00:16:33.451034;2016-04-19T00:16:33.488809;363e5424-76e7-4443-8f54-ea7fd932101d;431.13;0.11493;BUY
2016-04-19T00:17:01.257838;2016-04-19T00:17:01.285702;45efc5d5-4ea5-4132-a9d4-7fb128b2f26f;431.13;1.20577;BUY
2016-04-19T00:17:31.243140;2016-04-19T00:17:31.270086;ec5501dd-f74b-4e1d-b9fc-89e540f44916;431.12;0.22671;SELL
2016-04-19T00:17:31.243375;2016-04-19T00:17:31.285705;639ffe75-0c29-4cf3-bdc2-ab57b8ba02da;431.12;0.12;SELL
2016-04-19T00:17:31.243557;2016-04-19T00:17:31.285705;04b7d171-26fa-4316-9a3e-02875684c5b8;431.1;0.01000023;SELL
2016-04-19T00:17:31.243725;2016-04-19T00:17:31.285705;b9929c6b-76a3-4507-b8cd-f0592332290a;431.1;0.0115;SELL
2016-04-19T00:17:31.243891;2016-04-19T00:17:31.301329;a253cd2a-2e37-4369-8e8e-0c957d015873;431.09;0.01;SELL
2016-04-19T00:17:31.244072;2016-04-19T00:17:31.363850;012fa285-0eff-4483-85f7-96d2f93f5298;431.07;0.085;SELL
2016-04-19T00:17:31.244249;2016-04-19T00:17:31.363850;6f3d7510-ab79-49b2-8715-b9dede4bf5f4;431.06;0.18;SELL
2016-04-19T00:17:31.244411;2016-04-19T00:17:31.379459;0f72ee9c-75cd-44e7-b5e4-515dce8555cf;431.05;0.01000185;SELL
2016-04-19T00:17:31.244568;2016-04-19T00:17:31.379459;98741395-d5f7-4721-8528-a80196492cc8;431.02;0.079;SELL
2016-04-19T00:17:31.244727;2016-04-19T00:17:31.379459;57fe3c52-a99b-4854-851a-1ff7a812ee3e;431.0;0.0100174;SELL
2016-04-19T00:17:31.244888;2016-04-19T00:17:31.379459;0cb33c84-3528-4195-9816-8821b48537a4;430.97;0.12;SELL
2016-04-19T00:17:31.245070;2016-04-19T00:17:31.379459;ecad2731-fdae-4ac9-8dbc-9464631ef8f8;430.92;0.118;SELL
2016-04-19T00:17:31.245237;2016-04-19T00:17:31.379459;ad2e7741-c8cc-45d2-822a-6998a9ccc8ef;430.9;0.01002784;SELL
2016-04-19T00:17:31.245380;2016-04-19T00:17:31.379459;2f416e7b-0cde-4138-a2b2-6f9f402fc9f5;430.89;0.39030268;SELL
2016-04-19T00:18:01.281460;2016-04-19T00:18:01.301350;6d460947-3801-4d62-baac-58d122fd02ff;430.98;0.59088;BUY
2016-04-19T00:18:31.428883;2016-04-19T00:18:31.457623;13154b55-2529-429e-aba8-f2ce3e9e1e4c;430.98;0.04362;BUY
2016-04-19T00:19:01.304079;2016-04-19T00:19:01.332631;57ba395a-2af9-4623-9df0-bcc18fc1440f;430.98;0.44532;BUY
2016-04-19T00:19:31.314942;2016-04-19T00:19:31.332641;d01dc6d0-7d36-43c8-9885-675535beda08;430.95;0.61973;BUY
2016-04-19T00:20:01.852422;2016-04-19T00:20:01.879511;fdbaa72a-6094-49ad-807c-9c56cff6128a;430.94;0.01;SELL
2016-04-19T00:20:01.852654;2016-04-19T00:20:01.895158;274b9464-06d5-42ba-bf6d-bc91766d5de9;430.94;0.107;SELL
2016-04-19T00:20:01.852849;2016-04-19T00:20:01.895158;def86a9f-0f67-4ad0-a594-abf58971d565;430.94;0.29;SELL
2016-04-19T00:20:01.853020;2016-04-19T00:20:01.895158;08c106b7-864e-48ec-a236-ede10afb6f70;430.93;0.01;SELL
2016-04-19T00:20:01.853162;2016-04-19T00:20:01.910789;c535cbe4-df5c-4c7c-959f-ff2b7bb663cf;430.93;0.06588;SELL
2016-04-19T00:20:12.864116;2016-04-19T00:20:12.895188;3204f9b8-974b-41b7-b666-c4fa99851db7;430.95;0.73078;BUY
2016-04-19T00:20:12.864285;2016-04-19T00:20:12.910794;1cd53c52-2402-4cd7-8e75-16b64ebc1ac3;430.95;0.29;BUY
2016-04-19T00:20:12.864442;2016-04-19T00:20:12.910794;b7c53403-2060-4b9a-b9d8-e77d7e7ac62c;430.95;0.16;BUY
2016-04-19T00:20:12.864606;2016-04-19T00:20:12.926415;d6debc31-6773-4849-979f-36cd4a14f249;430.96;6.9158;BUY
2016-04-19T00:20:12.864763;2016-04-19T00:20:12.926415;d40c1591-1b08-4dfa-903b-0108d7b296d7;430.98;1.72418;BUY
2016-04-19T00:20:12.864935;2016-04-19T00:20:12.926415;e400c624-e75e-479c-be06-bd949c5297b6;431.0;0.01002784;BUY
2016-04-19T00:20:12.865109;2016-04-19T00:20:12.926415;87a71599-eaa3-4d56-9ff1-259a077c7162;431.0;0.01;BUY
2016-04-19T00:20:12.865263;2016-04-19T00:20:12.926415;ba4dca12-8842-4c6d-ace2-2ccafeaca5ec;431.01;0.01;BUY
2016-04-19T00:20:12.865414;2016-04-19T00:20:12.926415;bd40b520-6351-4237-83f8-1d6b730dae98;431.07;0.01;BUY
2016-04-19T00:20:12.865559;2016-04-19T00:20:12.942039;ebfc3c01-4dcb-4a37-a5ea-0c5311c10dbf;431.1;0.0100174;BUY
2016-04-19T00:20:12.865714;2016-04-19T00:20:12.942039;7230f0df-39e1-4f64-aec6-df673fcaf097;431.1;0.14;BUY
2016-04-19T00:20:12.865880;2016-04-19T00:20:12.957662;36c086a1-99b0-4f1e-96e8-19d73de85276;431.11;0.01000023;BUY
2016-04-19T00:20:12.866046;2016-04-19T00:20:12.957662;3287c126-061a-4af5-beca-53f64d341605;431.12;0.02;BUY
2016-04-19T00:20:12.866203;2016-04-19T00:20:12.957662;c8cfb833-9d47-4a31-b44a-b5614b3bff00;431.13;0.38;BUY
2016-04-19T00:20:12.866353;2016-04-19T00:20:12.957662;98d186bf-f002-43cf-b186-5c25cba07bcc;431.14;4.66432;BUY
2016-04-19T00:20:12.866506;2016-04-19T00:20:12.957662;6ddc8461-051c-405d-857a-c16e10942f88;431.17;0.01;BUY
2016-04-19T00:20:12.866649;2016-04-19T00:20:12.957662;b5e3831c-83ac-40df-b6be-8b8758d1516f;431.18;0.01;BUY
2016-04-19T00:20:12.866810;2016-04-19T00:20:12.973289;3dae24f0-6fd1-4368-8141-b4e2cae114ca;431.18;0.01000185;BUY
2016-04-19T00:20:12.866964;2016-04-19T00:20:12.988913;541b09f1-085f-4fde-900e-a6c95ec57039;431.19;0.01;BUY
2016-04-19T00:20:12.867129;2016-04-19T00:20:12.988913;1fc97ce6-caf5-4d76-a406-f1ec55afa258;431.19;0.51;BUY
2016-04-19T00:20:12.867273;2016-04-19T00:20:12.988913;457b0c55-b7c1-4d40-8489-a4651fc7514d;431.2;0.01001856;BUY
2016-04-19T00:20:12.867415;2016-04-19T00:20:12.988913;da67e604-0f91-4539-9737-8e32368fef6b;431.2;0.1;BUY
2016-04-19T00:20:12.867571;2016-04-19T00:20:12.988913;73a0dc6b-1a22-4378-84f4-ca4547b6720c;431.2;3.4;BUY
2016-04-19T00:20:12.867727;2016-04-19T00:20:12.988913;805ce7e5-d0ae-462c-8216-5c16ee79f1df;431.21;0.01;BUY
2016-04-19T00:20:12.867880;2016-04-19T00:20:12.988913;68d8ebe8-a72c-4718-b5b3-99b59dfcd524;431.21;0.02;BUY
2016-04-19T00:20:12.868045;2016-04-19T00:20:12.988913;298d894b-86df-4f59-b9ab-d48abde05425;431.21;0.0826;BUY
2016-04-19T00:20:12.868202;2016-04-19T00:20:12.988913;83b090d6-5358-497f-9115-e3648de94cce;431.21;3.23;BUY
2016-04-19T00:20:12.868347;2016-04-19T00:20:12.988913;2b125b07-9efb-4f6d-83e3-83230c7d94a3;431.22;0.148;BUY
2016-04-19T00:20:12.868481;2016-04-19T00:20:13.004539;f293041f-9712-4c45-8f2d-7f3828b603fe;431.22;0.50360305;BUY
2016-04-19T00:20:31.301743;2016-04-19T00:20:31.317054;caa79378-08c4-4921-8448-93c5ffb2ab9e;431.11;0.01;SELL
2016-04-19T00:20:31.302263;2016-04-19T00:20:31.348301;cd062380-a334-4a3a-a557-8761080bbbab;431.11;0.072;SELL
2016-04-19T00:20:31.302492;2016-04-19T00:20:31.348301;78869ee4-eaf2-4ea3-ab26-8a4b5c2c005d;431.11;0.01000347;SELL
2016-04-19T00:20:31.302665;2016-04-19T00:20:31.348301;e38ac13e-1b84-4274-90c5-2b2e2c1be70a;431.11;0.02910653;SELL
2016-04-19T00:21:03.371852;2016-04-19T00:21:03.395193;e90cd500-2f08-4772-a33f-923327762017;431.11;0.04243;SELL
2016-04-19T00:21:31.264955;2016-04-19T00:21:31.285834;48d1bc6d-59e9-46e9-b454-a4ba057e40ef;431.12;0.02;BUY
2016-04-19T00:21:31.265175;2016-04-19T00:21:31.301454;6d6df1fe-76d4-4245-bce9-bfeba30a5c55;431.14;0.1374;BUY
2016-04-19T00:22:01.852053;2016-04-19T00:22:01.863971;a1268829-9a40-40f0-aa24-97cf9c99980c;431.11;0.01414;SELL
2016-04-19T00:22:31.666646;2016-04-19T00:22:31.692110;afa5f6f8-2a26-48c1-b5e3-cb6599ea94fe;431.12;0.02;BUY
2016-04-19T00:22:31.666920;2016-04-19T00:22:31.707737;69b59597-c9ea-4bb5-ba7e-a5d137e00810;431.14;1.4976;BUY
2016-04-19T00:22:31.667114;2016-04-19T00:22:31.707737;4743e3d3-0c3e-47a2-b33e-760496278d14;431.14;0.1359;BUY
2016-04-19T00:23:01.261878;2016-04-19T00:23:01.300635;b843d2ac-ee30-4853-b049-4fd287c31f68;431.12;0.02;BUY
2016-04-19T00:23:01.262115;2016-04-19T00:23:01.316236;b228031b-9f72-40f8-ab02-df5686ee2393;431.15;0.6479;BUY
2016-04-19T00:23:31.272266;2016-04-19T00:23:31.316252;4addd1e3-a022-4d80-a5b7-46a62a49940e;431.12;0.02;BUY
2016-04-19T00:23:31.272488;2016-04-19T00:23:31.331871;2ee165a8-d815-4acf-a50c-c2c4134e2639;431.15;0.0713;BUY
2016-04-19T00:24:01.335660;2016-04-19T00:24:01.378767;71e20a75-9ba7-4853-bad4-6f4b7db7832d;431.12;0.02;BUY
2016-04-19T00:24:01.335899;2016-04-19T00:24:01.394387;6f0cda3a-c0f1-4bbb-997b-7079c5ed7416;431.15;0.79307;BUY
2016-04-19T00:24:31.314182;2016-04-19T00:24:31.363158;d4258b84-aa35-4261-ac43-13f68e5b9819;431.12;0.02;BUY
2016-04-19T00:24:31.314530;2016-04-19T00:24:31.378778;3e357393-ecc3-4519-99e4-89be21c885c1;431.15;0.61837;BUY
2016-04-19T00:25:31.221624;2016-04-19T00:25:31.253812;966d3a7a-85b7-4db0-af97-4046fba8ed66;431.15;1.05301;BUY
2016-04-19T00:26:02.269358;2016-04-19T00:26:02.316337;bc3ebc59-0081-4464-afe3-7775625a884f;431.15;0.57435;BUY
2016-04-19T00:26:02.269620;2016-04-19T00:26:02.331949;09de0cdb-740b-443e-a613-c21afa0c298d;431.17;0.01000347;BUY
2016-04-19T00:26:02.270078;2016-04-19T00:26:02.347575;5f832098-392c-414f-ac34-accbd34a45fe;431.19;0.01;BUY
2016-04-19T00:26:02.270253;2016-04-19T00:26:02.347575;3c94c8cf-ebc3-4d9d-bd6a-0e5ba506b968;431.23;0.23158189;BUY
2016-04-19T00:26:02.270419;2016-04-19T00:26:02.347575;8641d223-64cd-42e8-a31d-003db02b0f1c;431.23;1.0;BUY
2016-04-19T00:26:02.270587;2016-04-19T00:26:02.410074;c79b4167-0cfd-4fed-ac71-74b8b193e67b;431.23;0.01;BUY
2016-04-19T00:26:02.270745;2016-04-19T00:26:02.410074;9123182c-51e9-4711-a0d9-88472ccdc04e;431.23;0.01;BUY
2016-04-19T00:26:02.271194;2016-04-19T00:26:02.410074;05bacc27-e5c8-4ce5-a743-8c059f6e57e4;431.23;0.01;BUY
2016-04-19T00:26:02.271370;2016-04-19T00:26:02.410074;d730dae6-fd83-4335-9c4f-ed4ee46f5c99;431.24;0.0340452;BUY
2016-04-19T00:26:02.271664;2016-04-19T00:26:02.410074;bcc0d619-9764-479f-9a91-e610751f97ef;431.25;0.01636286;BUY
2016-04-19T00:26:02.271825;2016-04-19T00:26:02.410074;0edad6f9-b392-4fb4-b904-4d225f3f1efc;431.25;0.03412497;BUY
2016-04-19T00:26:02.271990;2016-04-19T00:26:02.410074;13acf1dd-ab26-4c1d-805a-289c55622f29;431.25;2.67440161;BUY
2016-04-19T00:26:31.293563;2016-04-19T00:26:31.331962;185e0bb0-5c6a-4dfa-84dd-a7edff391cf2;431.26;0.14758341;BUY
2016-04-19T00:26:31.293822;2016-04-19T00:26:31.347592;3199f49c-f07c-465a-ad26-e95f79cc62fd;431.26;0.03689585;BUY
2016-04-19T00:26:31.294035;2016-04-19T00:26:31.363214;07f6e0c6-cead-4083-a807-83c647e6823d;431.29;0.01;BUY
2016-04-19T00:26:31.294196;2016-04-19T00:26:31.363214;ce0b4e05-517c-48e6-9055-3a363731fdaa;431.29;0.0155;BUY
2016-04-19T00:26:31.294359;2016-04-19T00:26:31.363214;1df5463b-90c0-4450-8b60-1219465397ed;431.29;0.81773074;BUY
2016-04-19T00:27:11.125367;2016-04-19T00:27:11.160114;50c2f63f-5f8b-420f-b66c-7eb7c4f53624;431.29;0.50796;BUY
2016-04-19T00:27:31.430327;2016-04-19T00:27:31.456994;b3a7696f-f197-4d26-b37c-499a592a9224;431.25;0.01;SELL
2016-04-19T00:27:31.430566;2016-04-19T00:27:31.503869;d149afd9-6b3a-4847-998e-839b9c348e98;431.25;0.076;SELL
2016-04-19T00:27:31.430754;2016-04-19T00:27:31.503869;0c9ea904-cd0e-44ff-a588-3558809d82b2;431.25;0.089;SELL
2016-04-19T00:27:31.430903;2016-04-19T00:27:31.503869;7b3c6213-04b6-40d4-bce3-c66521133666;431.25;0.13135;SELL
2016-04-19T00:28:01.367661;2016-04-19T00:28:01.394518;122889a1-359a-466c-a00e-e9c6a2ace84a;431.29;0.57449;BUY
2016-04-19T00:28:35.279703;2016-04-19T00:28:35.316406;ddbcf6fd-d25a-41e8-a7c9-b63859621ea9;431.25;0.66726984;SELL
2016-04-19T00:28:35.279943;2016-04-19T00:28:35.332037;ff04b6bf-67e0-4945-9fb0-f022097c114a;431.25;0.199;SELL
2016-04-19T00:28:35.280141;2016-04-19T00:28:35.347649;a6220d20-cf4f-42c9-b2c7-f033479df5f2;431.24;0.01;SELL
2016-04-19T00:28:35.280292;2016-04-19T00:28:35.347649;224a6d90-8644-4e93-9ecd-eebb6d34e05b;431.22;0.01;SELL
2016-04-19T00:28:35.280466;2016-04-19T00:28:35.347649;7e88ffd0-e579-4361-a8d8-6576e3b492f3;431.22;0.29;SELL
2016-04-19T00:28:35.280627;2016-04-19T00:28:35.410151;505218db-08d5-45d8-903c-6ef318faefb7;431.21;0.12;SELL
2016-04-19T00:28:35.280776;2016-04-19T00:28:35.410151;d58dc06b-bc58-440b-9a13-57fd314f3340;431.2;0.01;SELL
2016-04-19T00:28:35.280934;2016-04-19T00:28:35.410151;d2b32a22-1449-4532-9457-2787e5c48121;431.2;0.245;SELL
2016-04-19T00:28:35.281105;2016-04-19T00:28:35.410151;391d8ac0-e61f-4b91-83d9-aaadccea9062;431.2;0.29;SELL
2016-04-19T00:28:35.281247;2016-04-19T00:28:35.425775;9c54979f-1d82-4993-b83b-af40409a4383;431.15;0.228;SELL
2016-04-19T00:28:35.281395;2016-04-19T00:28:35.425775;54b0a9e5-2ee7-4c01-9dc7-9408e3913f3f;431.15;0.29;SELL
2016-04-19T00:28:35.281562;2016-04-19T00:28:35.425775;cdc9f051-3c9a-4053-a5f6-188ef3c1ec55;431.15;0.29;SELL
2016-04-19T00:28:35.281726;2016-04-19T00:28:35.425775;bde58a15-f544-444a-afb7-164fbbaf7d16;431.14;0.01000416;SELL
2016-04-19T00:28:35.281888;2016-04-19T00:28:35.425775;31ecbeae-ff52-41b1-883d-8777337790a1;431.11;0.29;SELL
2016-04-19T00:28:35.282047;2016-04-19T00:28:35.425775;8dea9268-faa2-46a1-918c-a0aa6638f48c;431.1;0.01000046;SELL
2016-04-19T00:28:35.282191;2016-04-19T00:28:35.425775;3856e1c1-7765-4671-aa0e-e04dd4e97744;431.1;0.01000208;SELL
2016-04-19T00:28:35.282335;2016-04-19T00:28:35.441401;d10c5af3-256f-4bab-9a08-68fa3b1a6a17;431.1;0.01001972;SELL
2016-04-19T00:28:35.282506;2016-04-19T00:28:35.441401;7d9e64da-f033-4a58-a8f7-ea4ea58db245;431.1;0.249;SELL
2016-04-19T00:28:35.282668;2016-04-19T00:28:35.441401;5b8a7d92-4413-4407-9aa5-6b5f4bbac2dc;431.06;4.42;SELL
2016-04-19T00:28:35.282820;2016-04-19T00:28:35.441401;c5058a8e-07cc-4e10-bba4-f2ad9b4c31b0;431.05;0.0115;SELL
2016-04-19T00:28:35.282968;2016-04-19T00:28:35.457028;b2d84df7-e4e0-4a06-af69-891f1f9ee991;431.05;0.226;SELL
2016-04-19T00:28:35.283136;2016-04-19T00:28:35.457028;1727efb1-61a7-46ec-a8c4-d02c79af949d;431.05;0.68;SELL
2016-04-19T00:28:35.283295;2016-04-19T00:28:35.457028;eb6b910c-f016-42db-82ec-1717a93b979e;431.04;0.8;SELL
2016-04-19T00:28:35.283448;2016-04-19T00:28:35.457028;e1f13642-87ac-4289-9305-47cee83f3275;431.03;1.87;SELL
2016-04-19T00:28:35.283614;2016-04-19T00:28:35.457028;9172fa53-b770-4f41-8526-edd7a91f36ae;431.02;6.92022;SELL
2016-04-19T00:28:35.283771;2016-04-19T00:28:35.472657;0619b2ae-236b-437b-b8cc-0dfc2bb62f67;431.0;0.01001856;SELL
2016-04-19T00:28:35.283918;2016-04-19T00:28:35.472657;c67245d9-5629-4803-a491-56a17cee1581;431.0;0.224;SELL
2016-04-19T00:28:35.284067;2016-04-19T00:28:35.472657;d0e2f0a0-820d-41bc-83f8-d93f87b309fd;431.0;1.26562518;SELL
2016-04-19T00:29:02.186959;2016-04-19T00:29:02.222666;b5599871-1c41-424e-8f9f-49db63a3627f;431.11;0.01;SELL
2016-04-19T00:29:02.187187;2016-04-19T00:29:02.238292;e7bd2b15-b364-496e-ae42-91377ba72e59;431.11;0.06173;SELL
2016-04-19T00:29:32.602008;2016-04-19T00:29:32.628936;b1d75ff5-6682-4bbf-911c-4887fe9fb21a;431.12;0.01000208;BUY
2016-04-19T00:29:32.602224;2016-04-19T00:29:32.644557;1c31e47e-4beb-4612-8b48-42801253dd1c;431.12;0.60021792;BUY
2016-04-19T00:30:01.630786;2016-04-19T00:30:01.660195;2d62efdd-fce5-4201-b99c-7f4f703f1574;431.12;1.83729;BUY
2016-04-19T00:30:23.036413;2016-04-19T00:30:23.066457;1f07a219-4cd0-4339-a9c5-1a8e764c28dd;431.12;0.03657167;BUY
2016-04-19T00:30:31.274434;2016-04-19T00:30:31.300841;9c0a7878-c1ab-41d0-8c99-2017457e7452;431.12;0.27139;BUY
2016-04-19T00:31:01.448415;2016-04-19T00:31:01.472728;39cab4dd-e488-4a00-95b4-5f5db8a0b719;431.08;0.01;SELL
2016-04-19T00:31:01.448647;2016-04-19T00:31:01.488358;5c165826-a26c-41e2-91f1-d7d0fa55e8cf;431.08;0.103;SELL
2016-04-19T00:31:01.448846;2016-04-19T00:31:01.503978;8297426e-cb8b-4085-8f9d-35c0dd70ea99;431.07;0.01;SELL
2016-04-19T00:31:01.449028;2016-04-19T00:31:01.503978;abac0fec-2d7e-4b39-8a7e-2601a3dc5267;431.05;0.0100037;SELL
2016-04-19T00:31:01.449195;2016-04-19T00:31:01.503978;8c24c42b-4b87-484a-bda7-65284141ed41;431.03;0.114;SELL
2016-04-19T00:31:01.449353;2016-04-19T00:31:01.566476;a49fb372-aee5-4098-835a-e9813d4a427c;431.02;0.489258;SELL
2016-04-19T00:31:01.449525;2016-04-19T00:31:01.566476;280b783e-ce8c-4925-9af9-0ce2a41eade7;431.0;0.01001972;SELL
2016-04-19T00:31:01.449686;2016-04-19T00:31:01.566476;6fbb3c9e-9661-4757-b444-b769d31de467;430.98;0.097;SELL
2016-04-19T00:31:01.449852;2016-04-19T00:31:01.566476;53cef0ad-ba46-4688-8d8f-a8930cb03f1e;430.96;0.01;SELL
2016-04-19T00:31:01.450025;2016-04-19T00:31:01.566476;3f7343c6-c05c-4147-b82b-e16be0836325;430.93;0.087;SELL
2016-04-19T00:31:01.450183;2016-04-19T00:31:01.582107;7c8c630e-3a5a-4a32-a246-ca90ce6e4487;430.9;0.010029;SELL
2016-04-19T00:31:01.450342;2016-04-19T00:31:01.582107;9c3d06dd-b55d-491c-b667-4e5cd903cccb;430.88;0.107;SELL
2016-04-19T00:31:01.450500;2016-04-19T00:31:01.582107;634474b3-ef45-4fa0-bebd-98183b2ee4f8;430.86;0.01;SELL
2016-04-19T00:31:01.450650;2016-04-19T00:31:01.582107;27582fa5-599d-4333-a3f7-ddaf8b961ad9;430.86;0.1;SELL
2016-04-19T00:31:01.450814;2016-04-19T00:31:01.582107;5f740f86-d414-4672-a15e-b5cd515f65b4;430.86;0.03;SELL
2016-04-19T00:31:01.450955;2016-04-19T00:31:01.597731;03b5cb64-cd48-47dd-844a-b090f56fdd53;430.84;3.12075958;SELL
2016-04-19T00:31:31.556609;2016-04-19T00:31:31.582121;19317f36-0035-43ae-90d7-c27544b08b16;430.89;0.01;SELL
2016-04-19T00:31:31.556854;2016-04-19T00:31:31.597742;fff31026-6403-413c-87b3-68f2c1ad760b;430.89;0.076;SELL
2016-04-19T00:31:31.557050;2016-04-19T00:31:31.597742;39892f61-fc0f-4879-9e13-eee6df5fc970;430.88;0.01;SELL
2016-04-19T00:31:31.557214;2016-04-19T00:31:31.613369;5c5b84b0-7701-4cba-a9bd-5b74a6784628;430.84;0.094;SELL
2016-04-19T00:31:31.557386;2016-04-19T00:31:31.613369;676b0496-eb3e-4355-908b-95fa897fab66;430.81;0.0501847;SELL
2016-04-19T00:31:31.557545;2016-04-19T00:31:31.660244;eaecfac9-95a3-436a-9d12-8b4590da2276;430.8;0.02010238;SELL
2016-04-19T00:31:31.557712;2016-04-19T00:31:31.660244;76ea0f1f-3344-43ef-b256-9fdc65c2a5b8;430.79;0.108;SELL
2016-04-19T00:31:31.557873;2016-04-19T00:31:31.660244;c4e33b84-153f-4fad-b19e-b487aa6398e3;430.75;0.01;SELL
2016-04-19T00:31:31.558044;2016-04-19T00:31:31.660244;b89e14cc-5529-495c-ab13-f4e2b0ef1861;430.73;0.1;SELL
2016-04-19T00:31:31.558201;2016-04-19T00:31:31.660244;b02e885e-464d-4fd1-b9ac-6b5458923ec6;430.71;0.04;SELL
2016-04-19T00:31:31.558353;2016-04-19T00:31:31.691499;16b984b4-010c-408f-b0ca-39373b848256;430.7;0.01;SELL
2016-04-19T00:31:31.558506;2016-04-19T00:31:31.691499;65d5bc45-4322-45a1-8e5d-68161c405bed;430.7;0.01003713;SELL
2016-04-19T00:31:31.558640;2016-04-19T00:31:31.691499;0682b4a7-dee4-41d6-b428-66a5beb148a5;430.69;11.07651579;SELL
2016-04-19T00:32:01.324891;2016-04-19T00:32:01.347791;f5bf608f-8ebf-4d9b-b0f2-d8bb7f168329;430.8;0.01003713;BUY
2016-04-19T00:32:01.325182;2016-04-19T00:32:01.363382;19edaaa5-0f25-4a14-bc7c-663b37be5279;430.82;0.51;BUY
2016-04-19T00:32:01.325355;2016-04-19T00:32:01.363382;e9e40b48-23ba-4032-968a-e1d7f400c16d;430.83;1.83253287;BUY
2016-04-19T00:32:34.658804;2016-04-19T00:32:34.691530;55c81b05-e70e-4471-9403-c19de69668f5;430.79;0.01;SELL
2016-04-19T00:32:34.659055;2016-04-19T00:32:34.707161;50bae6fa-95af-4865-8923-8439163b1447;430.79;0.106;SELL
2016-04-19T00:32:34.659237;2016-04-19T00:32:34.707161;69d8372b-6d7e-4df7-8116-39f0c81ca69b;430.78;0.01;SELL
2016-04-19T00:32:34.659402;2016-04-19T00:32:34.722773;18b46c20-d19e-449d-bb2a-a92dd16ab839;430.78;0.01;SELL
2016-04-19T00:32:34.659571;2016-04-19T00:32:34.722773;fb23517e-81cd-422f-8fa3-cd5057367aab;430.74;0.121;SELL
2016-04-19T00:32:34.659748;2016-04-19T00:32:34.785274;fe44e428-92ea-417d-a088-0d10a778ab80;430.7;0.0100383;SELL
2016-04-19T00:32:34.659921;2016-04-19T00:32:34.785274;a29e4cad-a94e-4857-87f3-609d2d65fee1;430.69;0.122;SELL
2016-04-19T00:32:34.660095;2016-04-19T00:32:34.785274;21c48018-ccb7-4877-98ad-cd95876e27a2;430.67;0.01;SELL
2016-04-19T00:32:34.660253;2016-04-19T00:32:34.785274;385d0f50-6aa2-486c-9172-ec0d3ade0017;430.66;0.01;SELL
2016-04-19T00:32:34.660413;2016-04-19T00:32:34.785274;1c23a849-96cc-4c82-9d33-48da4006b0f9;430.64;0.091;SELL
2016-04-19T00:32:34.660572;2016-04-19T00:32:34.785274;a29b00f7-8d38-4556-ba3c-f116691afdb5;430.6;0.01003364;SELL
2016-04-19T00:32:34.660750;2016-04-19T00:32:34.785274;f86e6aec-8b96-4cb1-a70a-0372797531e6;430.59;0.129;SELL
2016-04-19T00:32:34.660919;2016-04-19T00:32:34.785274;ddbd40f2-af22-4313-b64c-80af337cf8d1;430.57;0.01;SELL
2016-04-19T00:32:34.661093;2016-04-19T00:32:34.785274;c424af4b-3415-4d35-8749-9f607155e7b0;430.56;0.01000023;SELL
2016-04-19T00:32:34.661250;2016-04-19T00:32:34.785274;db6cb518-85dd-4352-92fe-d691ee5cee92;430.54;0.086;SELL
2016-04-19T00:32:34.661403;2016-04-19T00:32:34.800899;7c71334d-c577-496d-bac6-193b8b19b917;430.5;0.02004186;SELL
2016-04-19T00:32:34.661548;2016-04-19T00:32:34.800899;bc3e88ea-7191-4892-ad36-25ca08a9eb74;430.5;0.01960677;SELL
2016-04-19T00:32:34.661708;2016-04-19T00:32:34.800899;073df48e-88be-415f-b27f-3d6611919887;430.5;0.17;SELL
2016-04-19T00:32:34.661877;2016-04-19T00:32:34.800899;41ee4792-60b7-4cb9-bdf9-3ca13cd1bf77;430.49;0.01;SELL
2016-04-19T00:32:34.662028;2016-04-19T00:32:34.800899;d838c84a-0997-4f05-b94a-27d92d4af879;430.49;0.0352792;SELL
2016-04-19T00:33:07.137958;2016-04-19T00:33:07.160290;1e8654eb-5c1a-4754-9dbe-0055b51c6a3f;430.6;0.02004186;BUY
2016-04-19T00:33:07.138161;2016-04-19T00:33:07.175920;c8db9205-b309-4540-95b3-e47efdd9d50a;430.61;0.01;BUY
2016-04-19T00:33:07.138342;2016-04-19T00:33:07.175920;3e807271-00ba-44c7-bae7-2933824250d0;430.62;0.01000023;BUY
2016-04-19T00:33:07.138505;2016-04-19T00:33:07.191542;637dfd00-22fc-4b8f-80d6-fa4bb3310b3a;430.68;0.51;BUY
2016-04-19T00:33:07.138667;2016-04-19T00:33:07.191542;75d208f2-2f46-48ac-9881-dc083788023e;430.69;0.29;BUY
2016-04-19T00:33:07.138837;2016-04-19T00:33:07.207167;0190a506-a00b-4855-84ee-c23c65fb2fdc;430.7;0.01003364;BUY
2016-04-19T00:33:07.139005;2016-04-19T00:33:07.207167;b6d447ef-9ff4-46e6-b073-422d6b38c93e;430.76;2.14044427;BUY
2016-04-19T00:33:31.650533;2016-04-19T00:33:31.675930;b7119832-58d2-4dcc-8c1e-48004f8b1631;430.79;0.29;BUY
2016-04-19T00:33:31.650699;2016-04-19T00:33:31.675930;9002303d-3057-486d-8940-c9aad34c4cd2;430.79;2.16699;BUY
2016-04-19T00:34:01.360691;2016-04-19T00:34:01.379078;229f0aa7-6d35-4161-a85a-f60f3ce0f69c;430.79;0.01;BUY
2016-04-19T00:34:01.360937;2016-04-19T00:34:01.394693;783ab0a3-e180-45ac-8ea1-0409f22171ca;430.8;0.01;BUY
2016-04-19T00:34:01.361150;2016-04-19T00:34:01.394693;2ea7d347-cbd1-452f-b9ff-1c1caba02004;430.8;0.0100383;BUY
2016-04-19T00:34:01.361293;2016-04-19T00:34:01.394693;ca734a09-c012-42e3-908c-03fd36dfe236;430.81;1.5011217;BUY
2016-04-19T00:34:07.934780;2016-04-19T00:34:07.957197;13707056-a7ee-4860-b7a6-6d40a0319c14;430.83;0.95745268;BUY
2016-04-19T00:34:08.198833;2016-04-19T00:34:08.238448;9424234e-92f6-4cd0-80b7-c52402327b21;430.83;0.95745268;BUY
2016-04-19T00:34:09.173609;2016-04-19T00:34:09.191573;d464ee48-2389-4f4a-831a-9630095ff924;430.83;0.95745268;BUY
2016-04-19T00:34:09.443187;2016-04-19T00:34:09.472825;7714eb41-45e0-44b2-bdda-aa20dd810726;430.83;0.41110909;BUY
2016-04-19T00:34:09.443371;2016-04-19T00:34:09.472825;01729015-ec5e-4aa0-b615-41de9087e6e6;430.83;0.29;BUY
2016-04-19T00:34:09.443551;2016-04-19T00:34:09.472825;e919e11d-0617-4ac4-b3ed-048f8d05f650;430.86;0.01;BUY
2016-04-19T00:34:09.443690;2016-04-19T00:34:09.519686;20d0e27c-52f3-4c87-8430-6d4d94d251a3;430.88;0.24634359;BUY
2016-04-19T00:34:14.342821;2016-04-19T00:34:14.379077;67e3dea4-f334-4abe-9715-a391c902059f;430.84;0.04;BUY
2016-04-19T00:34:31.365107;2016-04-19T00:34:31.379090;597854e0-af99-4526-acaa-9c78b29e2a4a;430.84;0.2227;BUY
2016-04-19T00:35:01.789244;2016-04-19T00:35:01.816600;4068d3bd-c2df-4ad0-8b16-3ff638eb1e41;430.81;0.10696;SELL
2016-04-19T00:36:03.439088;2016-04-19T00:36:03.441631;ddd6e9ed-5267-480b-8d92-56697aaea38f;430.84;0.05499;BUY
2016-04-19T00:36:31.308914;2016-04-19T00:36:31.316655;2e66ede5-ca31-42b0-8836-0ce4cefefd04;430.84;0.01978;BUY
2016-04-19T00:37:01.511705;2016-04-19T00:37:01.519786;b7712ed4-df6d-4047-a938-1d5bc4c805d7;430.84;0.23498;BUY
2016-04-19T00:38:01.317482;2016-04-19T00:38:01.358664;99e4ed79-c450-47f8-b8ae-f004735c6565;430.81;0.33608;SELL
2016-04-19T00:38:31.326864;2016-04-19T00:38:31.374306;a4f0c5f1-da48-43a6-85b8-2f01de598566;430.81;0.51441268;SELL
2016-04-19T00:38:31.327095;2016-04-19T00:38:31.389932;ffbec4fb-05db-4900-ac06-73bab1def31a;430.81;0.251;SELL
2016-04-19T00:38:31.327287;2016-04-19T00:38:31.389932;3ebcd07d-4349-4a79-8107-8d8d60b5d690;430.79;0.464;SELL
2016-04-19T00:38:31.327460;2016-04-19T00:38:31.405557;915c3f1c-b54f-4cdd-b8b2-85dc347464df;430.78;0.01;SELL
2016-04-19T00:38:31.327620;2016-04-19T00:38:31.405557;b83b75c7-d542-4f42-bd5d-764ea29b0ac2;430.77;0.01;SELL
2016-04-19T00:38:31.327778;2016-04-19T00:38:31.405557;9f3170bf-6822-4681-864d-73a54a6bb886;430.76;0.258;SELL
2016-04-19T00:38:31.327932;2016-04-19T00:38:31.405557;44bd14c5-0bba-4965-965f-cb579b4084ba;430.72;0.01;SELL
2016-04-19T00:38:31.328139;2016-04-19T00:38:31.452430;5af1bd17-d6f8-4fe7-83c2-9ef514c6b41e;430.72;0.95745268;SELL
2016-04-19T00:38:31.328296;2016-04-19T00:38:31.452430;6e4d1ce9-b088-495f-b25b-fc119ef53ee7;430.72;0.29;SELL
2016-04-19T00:38:31.328445;2016-04-19T00:38:31.452430;18908c20-46f7-4c55-a9d8-41adcc812234;430.71;0.269;SELL
2016-04-19T00:38:31.328598;2016-04-19T00:38:31.452430;f639ffd7-80dc-4de5-b075-afca07d60453;430.71;0.29;SELL
2016-04-19T00:38:31.328749;2016-04-19T00:38:31.452430;4a441930-85f6-4218-97fe-4eb3725b9f63;430.7;0.01003947;SELL
2016-04-19T00:38:31.328928;2016-04-19T00:38:31.452430;7152da78-1184-4398-a873-0cc35cf980d9;430.66;0.246;SELL
2016-04-19T00:38:31.329104;2016-04-19T00:38:31.452430;a9d28d21-5428-4e85-a868-5c70185e734a;430.63;0.95745268;SELL
2016-04-19T00:38:31.329256;2016-04-19T00:38:31.452430;8b430ab8-fbc7-414f-830e-51a40484e7c1;430.61;0.01000046;SELL
2016-04-19T00:38:31.329414;2016-04-19T00:38:31.468057;97a7a0cd-e2ea-4f7e-a2cd-5ac95859d3fe;430.61;0.315;SELL
2016-04-19T00:38:31.329570;2016-04-19T00:38:31.468057;a1200701-7dc2-4171-b50c-199058aebb98;430.6;0.01003481;SELL
2016-04-19T00:38:31.329726;2016-04-19T00:38:31.468057;19e38a5f-477a-4421-9f28-be6fb6aac5d6;430.57;0.01;SELL
2016-04-19T00:38:31.329898;2016-04-19T00:38:31.468057;e039b6a0-83e2-4645-a4fd-aefa1b93d1fd;430.56;0.323;SELL
2016-04-19T00:38:31.330076;2016-04-19T00:38:31.468057;597fa575-99e5-456b-9226-4373b72baa43;430.54;0.95745268;SELL
2016-04-19T00:38:31.330242;2016-04-19T00:38:31.483682;0952f47f-da37-4dd4-9bc1-7a0ac7c66cf5;430.53;0.01;SELL
2016-04-19T00:38:31.330403;2016-04-19T00:38:31.483682;05770bf2-6fc0-432d-a02e-818262229be3;430.51;0.244;SELL
2016-04-19T00:38:31.330562;2016-04-19T00:38:31.483682;32de089e-c79c-4648-b634-d0ec52e08889;430.5;0.02004419;SELL
2016-04-19T00:38:31.330718;2016-04-19T00:38:31.483682;c03f7fe2-0d04-4e75-b588-c9d7f40c0a8a;430.47;0.01;SELL
2016-04-19T00:38:31.330863;2016-04-19T00:38:31.483682;a0d0b91b-0913-4104-bdd0-3301a86e4c3f;430.46;0.01;SELL
2016-04-19T00:38:31.331027;2016-04-19T00:38:31.499307;94df413d-ebce-495f-8f57-7713d6f496b2;430.46;0.314;SELL
2016-04-19T00:38:31.331181;2016-04-19T00:38:31.499307;d9db81f4-5744-402a-9087-39d01174c48c;430.46;0.17;SELL
2016-04-19T00:38:31.331319;2016-04-19T00:38:31.499307;50f052b1-f2a2-4e98-ab9d-2e676024bdc6;430.45;0.55949035;SELL
2016-04-19T00:39:01.246113;2016-04-19T00:39:01.296195;4aa8b6f7-d0c9-4e34-b6c2-200f52b51127;430.66;0.01;SELL
2016-04-19T00:39:01.246325;2016-04-19T00:39:01.311821;30798e03-f8e5-4853-ba96-c710fedb473b;430.66;0.01831;SELL
2016-04-19T00:39:31.369828;2016-04-19T00:39:31.405595;d2dde893-4e61-4a78-9995-f4bbb46301ec;430.71;0.29;BUY
2016-04-19T00:39:31.370066;2016-04-19T00:39:31.421209;f60825b4-d5cf-4bc0-bb93-e061dbf77b6e;430.71;0.29;BUY
2016-04-19T00:39:31.370248;2016-04-19T00:39:31.452462;82d8ee80-fab9-4481-ac23-68b706ee61f2;430.73;0.01229;BUY
2016-04-19T00:40:03.594576;2016-04-19T00:40:03.639981;aa02b567-133e-4716-a674-bc9ebb21e07b;430.71;0.01;SELL
2016-04-19T00:40:03.595026;2016-04-19T00:40:03.655603;9f546005-dab9-4e16-bce5-5d5c71ecd567;430.71;0.102;SELL
2016-04-19T00:40:03.595275;2016-04-19T00:40:03.655603;b201dfd9-86d3-4499-b375-036b4c4fe2f8;430.7;0.01;SELL
2016-04-19T00:40:03.595598;2016-04-19T00:40:03.655603;d25d68bf-4e24-4863-8879-8cd538a2becc;430.66;0.104;SELL
2016-04-19T00:40:03.595794;2016-04-19T00:40:03.655603;f066cb84-b2bc-432c-bc81-41d74592f6f7;430.61;0.115;SELL
2016-04-19T00:40:03.595997;2016-04-19T00:40:03.671230;fa218063-2500-438b-8043-f5b6b71cc863;430.6;0.01003598;SELL
2016-04-19T00:40:03.596162;2016-04-19T00:40:03.671230;e5969ca6-292a-4a12-8547-85fd64a510c8;430.59;0.28235402;SELL
2016-04-19T00:40:32.396713;2016-04-19T00:40:32.452495;a023b04b-2240-4cf3-a14d-e293c7c08f55;430.7;0.01003598;BUY
2016-04-19T00:40:32.396920;2016-04-19T00:40:32.452495;bc30863e-a309-4676-840c-2c50a65a070c;430.71;1.11558402;BUY
2016-04-19T00:41:01.301770;2016-04-19T00:41:01.343138;2465e118-9a24-4f96-99bd-42057f8e38b3;430.61;0.01;SELL
2016-04-19T00:41:01.302021;2016-04-19T00:41:01.358756;45864355-ca55-457d-b27c-26560df193a6;430.61;0.07772;SELL
2016-04-19T00:41:32.129951;2016-04-19T00:41:32.171272;53a933c6-570d-45fe-bc2c-3a005b36c591;430.73;0.08659;BUY
2016-04-19T00:41:53.198989;2016-04-19T00:41:53.233788;2748d723-b87c-4599-915b-130e045efe8d;430.74;0.01;BUY
2016-04-19T00:41:53.199208;2016-04-19T00:41:53.249409;97bea47d-d1e4-47ed-ad26-1e16cec02bd6;430.74;0.00746869;BUY
2016-04-19T00:42:02.577305;2016-04-19T00:42:02.608790;f91eccf4-8a3f-4716-99f3-87e2ba172532;430.74;0.00253131;BUY
2016-04-19T00:42:02.577522;2016-04-19T00:42:02.624416;7a5f6704-5d44-4503-aec9-620547ecc59e;430.74;0.29;BUY
2016-04-19T00:42:02.577720;2016-04-19T00:42:02.624416;4c594160-6a05-41f6-b6f4-bdd9aafca580;430.75;0.01;BUY
2016-04-19T00:42:02.577870;2016-04-19T00:42:02.624416;ebd16eef-1a85-45e9-9f43-9927422738a8;430.76;2.60770869;BUY
2016-04-19T00:42:35.956055;2016-04-19T00:42:35.999429;1f119f48-a6b3-400d-9824-47f7b1df0cc3;430.77;0.20752;BUY
2016-04-19T00:43:01.437958;2016-04-19T00:43:01.483825;b819b88a-4415-4215-a27d-4bcd33017bb0;430.77;0.29;BUY
2016-04-19T00:43:01.438212;2016-04-19T00:43:01.499445;6ba2836c-f1f8-49a1-9517-f809485f7037;430.79;0.01;BUY
2016-04-19T00:43:01.438398;2016-04-19T00:43:01.499445;a7e46252-a374-4705-9a5a-ef088fa6cc42;430.8;0.01000046;BUY
2016-04-19T00:43:01.438559;2016-04-19T00:43:01.499445;9ba20d49-c5df-46de-b858-a5334d8be1fb;430.8;0.01003947;BUY
2016-04-19T00:43:01.438724;2016-04-19T00:43:01.499445;3008ea75-1b5b-4650-abb8-2c452dbe6f40;430.81;0.01;BUY
2016-04-19T00:43:01.438904;2016-04-19T00:43:01.499445;9a9d1142-bba0-475f-ac4c-20d7e36b9f9e;430.81;0.16;BUY
2016-04-19T00:43:01.439070;2016-04-19T00:43:01.515069;76b0359d-21c0-4b37-a6d5-e4091bc0f72c;430.82;0.01;BUY
2016-04-19T00:43:01.439240;2016-04-19T00:43:01.515069;3aa8093f-dbef-40a1-a7bc-3aa93463192b;430.82;0.11;BUY
2016-04-19T00:43:01.439394;2016-04-19T00:43:01.515069;92afe3ee-7399-4425-9760-66d3b999660d;430.83;0.01;BUY
2016-04-19T00:43:01.439539;2016-04-19T00:43:01.515069;a6fbbb77-82a8-49ef-9aea-5b7a3a507f09;430.83;0.01;BUY
2016-04-19T00:43:01.439677;2016-04-19T00:43:01.515069;65ffb55a-6dd1-42be-8a1e-0e7c37f3556f;430.83;0.23070007;BUY
2016-04-19T00:44:01.485331;2016-04-19T00:44:01.546350;292a0c09-b89d-49a2-b833-e1d8bfa8a98a;430.83;2.29097;BUY
2016-04-19T00:44:34.431593;2016-04-19T00:44:34.468247;9040bb66-3b12-4dd9-9b1f-13bd6b2c27d0;430.81;0.30977;BUY
2016-04-19T00:45:38.329493;2016-04-19T00:45:38.358904;ae791de3-011f-49d8-beac-459cc49bc980;430.81;5.04615;BUY
2016-04-19T00:46:02.080925;2016-04-19T00:46:02.108925;acebe616-1ea5-4b27-982a-dca8808de38e;430.81;0.38886;BUY
2016-04-19T00:46:31.884617;2016-04-19T00:46:31.905806;6dc6e189-fffa-4ac6-bffa-e3821f408621;430.81;0.6468;BUY
2016-04-19T00:47:02.251652;2016-04-19T00:47:02.280827;cfac288f-ce50-40a1-827a-8f0ac0e8de2d;430.83;0.01;BUY
2016-04-19T00:47:02.251890;2016-04-19T00:47:02.296443;9a2a55b1-4b02-4e93-8920-723ee489fd10;430.84;0.01;BUY
2016-04-19T00:47:02.252091;2016-04-19T00:47:02.296443;75e53f21-9194-4e4e-8353-44a7c8c3a302;430.85;0.01;BUY
2016-04-19T00:47:02.252252;2016-04-19T00:47:02.296443;b73f44f8-cb17-4f0f-88f9-b766ffb0d7cc;430.88;0.49023;BUY
2016-04-19T00:47:02.252393;2016-04-19T00:47:02.312075;9e925fde-9011-42f7-bfab-6ec90dfa29c6;430.89;0.30796;BUY
2016-04-19T00:47:32.111735;2016-04-19T00:47:32.124585;18af618d-fe9f-41f7-b7de-84f97de10616;430.89;0.87452;BUY
2016-04-19T00:48:01.522555;2016-04-19T00:48:01.608975;25d37181-f6fe-4b6d-932c-3638c05c0894;430.89;17.27513;BUY
2016-04-19T00:48:31.336703;2016-04-19T00:48:31.358998;239c061e-5379-4dd0-9a16-730e9913412c;430.85;0.01;SELL
2016-04-19T00:48:31.336903;2016-04-19T00:48:31.374613;4ceb0328-7dbc-4bd4-bdfe-cf2a106d4b99;430.85;0.0115;SELL
2016-04-19T00:48:31.337101;2016-04-19T00:48:31.374613;6405d957-4b8b-4640-b430-16bf79ea470f;430.85;0.09936;SELL
2016-04-19T00:49:01.952909;2016-04-19T00:49:01.984004;a91270f1-5511-454a-b959-ffcec743e48b;430.88;0.89083;BUY
2016-04-19T00:49:04.264176;2016-04-19T00:49:04.280879;9aa7aeec-4009-491a-b254-1d604d2d08af;430.84;0.01;SELL
2016-04-19T00:49:04.264455;2016-04-19T00:49:04.296504;7bb92cbd-cc80-4355-8737-433c74977a18;430.84;0.05;SELL
2016-04-19T00:49:18.152891;2016-04-19T00:49:18.171515;aacc1714-929d-42a4-999e-cffb0ce19de4;430.85;0.01;SELL
2016-04-19T00:49:18.153140;2016-04-19T00:49:18.187135;021f9cfb-0f66-4403-8153-7a1de1efcb61;430.84;0.01;SELL
2016-04-19T00:49:18.153321;2016-04-19T00:49:18.187135;ca508666-d1dd-44ff-91ac-482b5a26e2b5;430.83;0.01;SELL
2016-04-19T00:49:18.153486;2016-04-19T00:49:18.187135;cca82f17-95f3-49ef-b179-ed2db8384b01;430.8;0.01;SELL
2016-04-19T00:49:18.153866;2016-04-19T00:49:18.202762;161ffa28-bc12-4f15-b2bf-7bdf56bbf789;430.8;0.29;SELL
2016-04-19T00:49:18.154052;2016-04-19T00:49:18.202762;8e5eaaed-1570-471a-b85f-5909085f4924;430.77;0.01000115;SELL
2016-04-19T00:49:18.154217;2016-04-19T00:49:18.202762;f90883e9-d20d-44d4-bfae-cecaa85ccfc1;430.75;0.01;SELL
2016-04-19T00:49:18.154384;2016-04-19T00:49:18.202762;82aac5f2-a508-42e6-8507-9705a135eba3;430.7;0.01004064;SELL
2016-04-19T00:49:18.154536;2016-04-19T00:49:18.218387;e6ed79bd-bb04-4fa6-aac0-38d54052cd5a;430.66;0.17995821;SELL
2016-04-19T00:49:31.674581;2016-04-19T00:49:31.702769;1cf8f160-5cd2-4dd3-8c0f-797af4b414e7;430.81;0.01;SELL
2016-04-19T00:49:31.674756;2016-04-19T00:49:31.702769;25d69368-822a-432e-93c6-ae61b2f044ab;430.76;0.19;SELL
2016-04-19T00:49:31.674953;2016-04-19T00:49:31.702769;fdc30ef0-79d3-4442-a232-0156261236ed;430.75;0.29;SELL
2016-04-19T00:49:31.675139;2016-04-19T00:49:31.702769;d19fecc5-43d6-4eb8-b372-4f914cf8f974;430.62;0.01;SELL
2016-04-19T00:49:31.675300;2016-04-19T00:49:31.718392;e0db4e14-73d4-4a6f-aa41-6f41a375e783;430.62;0.29;SELL
2016-04-19T00:49:31.675476;2016-04-19T00:49:31.718392;9db3e3bf-406a-44f1-b540-9abba013a4f4;430.61;0.29;SELL
2016-04-19T00:49:31.675711;2016-04-19T00:49:31.718392;f542e789-04c4-4c93-bee5-b96df7b939e6;430.6;0.01003715;SELL
2016-04-19T00:49:31.675913;2016-04-19T00:49:31.718392;d15213dd-5d37-40f1-847e-78d23112bb17;430.58;0.13843285;SELL
2016-04-19T00:50:03.231295;2016-04-19T00:50:03.249663;2a14e165-6472-4309-bdd1-725fb43a79e4;430.66;0.01;SELL
2016-04-19T00:50:03.231696;2016-04-19T00:50:03.265257;f0639c67-d551-401c-bae2-08d5843df075;430.66;0.125;SELL
2016-04-19T00:50:03.231903;2016-04-19T00:50:03.265257;5d09ff27-5d51-4311-9e5d-65b84a516bcf;430.65;0.01;SELL
2016-04-19T00:50:03.232252;2016-04-19T00:50:03.280909;8f0c535e-7e4c-4f0d-9da0-48ffdf98f14f;430.61;0.105;SELL
2016-04-19T00:50:03.232444;2016-04-19T00:50:03.280909;96ffb691-be96-4a4a-b0c7-84c445e4bc9e;430.57;0.01;SELL
2016-04-19T00:50:03.232719;2016-04-19T00:50:03.280909;2600de1c-0132-45dc-967a-aba8dad8e99a;430.56;0.088;SELL
2016-04-19T00:50:03.232902;2016-04-19T00:50:03.280909;0d4ea3f8-a90e-47c1-96ef-7e4044792b4e;430.52;0.01;SELL
2016-04-19T00:50:03.233086;2016-04-19T00:50:03.280909;71ea92e3-201e-4a72-938b-3e77ec761560;430.51;0.125;SELL
2016-04-19T00:50:03.233235;2016-04-19T00:50:03.296534;504ea118-64ad-458b-ad73-669970228984;430.51;0.03068;SELL
2016-04-19T00:50:31.331458;2016-04-19T00:50:31.343427;28c5b808-5dd0-417b-8b72-388b8f21a1d3;430.69;5.832;BUY
2016-04-19T00:50:31.331705;2016-04-19T00:50:31.359049;607b6aee-3214-4b07-af42-4c45b1c4da39;430.7;0.01003715;BUY
2016-04-19T00:50:31.331899;2016-04-19T00:50:31.359049;eec49a4c-7ba4-4ecb-b1bf-4917ee6d7b31;430.72;0.29;BUY
2016-04-19T00:50:31.332081;2016-04-19T00:50:31.359049;70d2bf5e-1bcb-4e7b-be08-989e8f1a0ec3;430.74;0.27;BUY
2016-04-19T00:50:31.332234;2016-04-19T00:50:31.374674;d6f854f5-f595-4aaa-9b97-4e70a36bec89;430.76;0.433;BUY
2016-04-19T00:50:31.332422;2016-04-19T00:50:31.374674;d8478e32-0f1f-4590-bb0c-82742503826a;430.78;0.01;BUY
2016-04-19T00:50:31.332564;2016-04-19T00:50:31.374674;91b162a3-ee8b-4e4a-af78-d2d38e26b583;430.79;0.67493285;BUY
2016-04-19T00:51:01.495413;2016-04-19T00:51:01.515316;0fd3de58-ad78-4012-a53d-93cc7b2e68d8;430.73;0.29;BUY
2016-04-19T00:51:01.495582;2016-04-19T00:51:01.530945;650bb515-46bc-4965-8bbd-6af4696e247a;430.8;0.01;BUY
2016-04-19T00:51:01.495746;2016-04-19T00:51:01.530945;43e52bb6-76c1-42c6-b56e-16ce786a11f9;430.8;0.01004181;BUY
2016-04-19T00:51:01.495892;2016-04-19T00:51:01.530945;4278a7f8-2ba7-462a-a60b-5fcdf59445a6;430.81;1.54032819;BUY
2016-04-19T00:51:02.657035;2016-04-19T00:51:02.687190;a5bb8862-a754-4914-a948-3d4f0668fec1;430.7;0.0255;SELL
2016-04-19T00:51:02.678460;2016-04-19T00:51:02.718441;e1fb826d-067b-428d-bb01-2ffe1bef799e;430.7;0.1945;SELL
2016-04-19T00:51:02.678638;2016-04-19T00:51:02.718441;613a4b79-d330-4633-91fe-0536bad40064;430.7;0.096;SELL
2016-04-19T00:51:02.678876;2016-04-19T00:51:02.718441;06c8ad5a-28cc-46a6-8d1b-8d48ef5523dc;430.69;0.01;SELL
2016-04-19T00:51:02.679170;2016-04-19T00:51:02.734065;a0e098f4-5993-4ba9-869d-39876999016f;430.6;0.01003832;SELL
2016-04-19T00:51:02.679341;2016-04-19T00:51:02.734065;1387f7c5-cd48-45d6-b1af-e6b7a1abf5ae;430.58;0.98503708;SELL
2016-04-19T00:51:02.691203;2016-04-19T00:51:02.734065;4558264e-8e63-4127-a28f-55b23ad278cb;430.58;1.0184119;SELL
2016-04-19T00:51:31.357380;2016-04-19T00:51:31.374703;5d827e63-a8ce-41a1-975c-cd206185a041;430.7;0.01003832;BUY
2016-04-19T00:51:31.357581;2016-04-19T00:51:31.374703;b22a99ae-3779-45b9-a6c6-0844558937d0;430.78;0.00375168;BUY
2016-04-19T00:52:01.461075;2016-04-19T00:52:01.468474;0d8ee5e8-a258-4620-8172-53dd8be8d9d5;430.78;0.00624832;BUY
2016-04-19T00:52:01.461286;2016-04-19T00:52:01.484095;4a18027c-0976-41b2-afe5-a2d169c28d16;430.79;0.16502168;BUY
2016-04-19T00:52:31.358292;2016-04-19T00:52:31.374740;76671f54-8616-4f2e-83a9-080de0911704;430.76;0.01;SELL
2016-04-19T00:52:31.358491;2016-04-19T00:52:31.390366;d1c27b52-ecb7-4e62-a595-9f809e8729b2;430.75;0.01;SELL
2016-04-19T00:52:31.358671;2016-04-19T00:52:31.390366;a5c2628a-a9ce-47ab-a71f-97c2947f52b7;430.73;0.115;SELL
2016-04-19T00:52:31.358836;2016-04-19T00:52:31.390366;d351659d-7182-48da-8748-d185cbc527fc;430.72;0.19;SELL
2016-04-19T00:52:31.359020;2016-04-19T00:52:31.405986;db66fd62-b319-481d-a022-660b4cd8a964;430.7;0.01004298;SELL
2016-04-19T00:52:31.359183;2016-04-19T00:52:31.468487;bb8f968b-1dac-45ff-a6d2-27f57578147e;430.69;0.29;SELL
2016-04-19T00:52:31.359325;2016-04-19T00:52:31.468487;f0a8ebfa-577f-41bf-b612-e1482c4e82ce;430.68;6.11492702;SELL
2016-04-19T00:53:01.377643;2016-04-19T00:53:01.390377;fd9ba977-8b30-49e0-9acd-15977e0ae001;430.79;0.389;BUY
2016-04-19T00:53:01.377861;2016-04-19T00:53:01.390377;f8cacaa9-19f9-4fa1-9447-779afc2e1083;430.8;0.01004298;BUY
2016-04-19T00:53:01.378052;2016-04-19T00:53:01.390377;aace03bb-bd32-4ba2-a0ab-b7b01437e8e2;430.8;0.84815702;BUY
2016-04-19T00:53:36.264993;2016-04-19T00:53:36.350522;42dea291-174b-45e0-9de1-f1cd61949380;430.76;0.01;SELL
2016-04-19T00:53:36.265359;2016-04-19T00:53:36.350522;e858fd33-7da1-4fe7-af54-4e8b850d9fc4;430.76;0.281;SELL
2016-04-19T00:53:36.265675;2016-04-19T00:53:36.350522;2de10fd0-5c6b-4041-bdce-77359be46349;430.75;0.01;SELL
2016-04-19T00:53:36.265967;2016-04-19T00:53:36.350522;55ff9663-cc67-46e1-9b7a-0b0b8e0e7d60;430.74;0.092;SELL
2016-04-19T00:53:36.266167;2016-04-19T00:53:36.350522;aae56040-edba-4c10-8b37-2594131c92a6;430.7;0.01004415;SELL
2016-04-19T00:53:36.266330;2016-04-19T00:53:36.350522;3bc217e5-1b85-43bc-82af-3ef9e290583f;430.69;0.092;SELL
2016-04-19T00:53:36.266487;2016-04-19T00:53:36.350522;101a3dcd-713e-4d8f-8488-6bd560a4b7e4;430.64;0.1;SELL
2016-04-19T00:53:36.266622;2016-04-19T00:53:36.366148;f8cd073e-64ef-4b48-9cc4-a219c69395b4;430.61;1.64585585;SELL
2016-04-19T00:54:01.373294;2016-04-19T00:54:01.413038;47ab4cbe-890b-422b-98a8-b7c28ca37e66;430.73;0.01474;BUY
2016-04-19T00:54:31.327800;2016-04-19T00:54:31.366185;e142af28-d30e-4d00-a8b3-f3e3ed695afb;430.72;0.22;BUY
2016-04-19T00:54:31.328025;2016-04-19T00:54:31.381800;21b431d8-077d-43bb-926c-426c86edab96;430.74;0.16811;BUY
2016-04-19T00:55:01.408186;2016-04-19T00:55:01.444269;d7ae0b20-a005-4b0f-8ce4-c93ad160304f;430.7;0.01;SELL
2016-04-19T00:55:01.408409;2016-04-19T00:55:01.459941;db079b34-9cee-4f04-a55c-c47181c27d9f;430.7;0.075;SELL
2016-04-19T00:55:01.408592;2016-04-19T00:55:01.475565;e0f5fd05-8bea-409e-8a72-48d3265aef7e;430.69;0.01;SELL
2016-04-19T00:55:01.408911;2016-04-19T00:55:01.475565;8aa0364c-64d3-4365-b280-7e7f4174d2fb;430.68;0.19;SELL
2016-04-19T00:55:01.409108;2016-04-19T00:55:01.491144;6ad860b9-bf2c-4573-8f0e-46757381509f;430.65;0.082;SELL
2016-04-19T00:55:01.409285;2016-04-19T00:55:01.553689;498377bb-4db4-485d-a5c9-cdb9c44dd518;430.6;0.01003949;SELL
2016-04-19T00:55:01.409450;2016-04-19T00:55:01.553689;e47e0ce8-a3f5-4b96-b33e-a1018c1c4554;430.59;0.102;SELL
2016-04-19T00:55:01.409867;2016-04-19T00:55:01.553689;3b34d960-af3e-4062-bdfc-2772b56ccd65;430.59;0.29;SELL
2016-04-19T00:55:01.410060;2016-04-19T00:55:01.553689;adae10fc-c37f-4ae2-8e8a-968ca2b7447b;430.56;0.01;SELL
2016-04-19T00:55:01.410249;2016-04-19T00:55:01.553689;fedfdc51-097e-4ac5-a9c4-dd51890db9b2;430.54;0.097;SELL
2016-04-19T00:55:01.410402;2016-04-19T00:55:01.553689;f9a67151-e0bc-43b0-b993-bf925bde22ee;430.52;1.41886051;SELL
2016-04-19T00:55:26.998799;2016-04-19T00:55:27.053704;be0686f8-c95a-43bc-9142-44e41aa64f01;430.7;0.01003949;BUY
2016-04-19T00:55:26.999074;2016-04-19T00:55:27.053704;60948671-0c73-458c-af8d-c9104a94d7e3;430.74;1.28437531;BUY
2016-04-19T00:55:31.341088;2016-04-19T00:55:31.381835;2c7aa22c-8c99-40c3-88b0-5e193b95c5ea;430.68;0.01;SELL
2016-04-19T00:55:31.341263;2016-04-19T00:55:31.397456;3a18580a-a519-48b8-8012-1554de08ebd9;430.67;0.23184;SELL
2016-04-19T00:56:01.394551;2016-04-19T00:56:01.428722;3569c673-d5eb-4d6e-84a8-58efa28cb87d;430.79;0.01;BUY
2016-04-19T00:56:01.394806;2016-04-19T00:56:01.459974;9c3029e8-b893-4db3-8ef7-66337bdbfe11;430.8;0.01004415;BUY
2016-04-19T00:56:01.395009;2016-04-19T00:56:01.459974;ff4c166d-0114-45e7-a669-e79443f7e5ee;430.81;0.01;BUY
2016-04-19T00:56:01.395164;2016-04-19T00:56:01.459974;a68b30eb-a73f-4dc9-aee9-9805368f3ba2;430.82;0.01;BUY
2016-04-19T00:56:01.395311;2016-04-19T00:56:01.459974;728d137c-0b4c-4a22-8b9d-9d21bebbc702;430.82;0.41744585;BUY
2016-04-19T00:56:32.088518;2016-04-19T00:56:32.131868;4073421d-d670-4987-8ef7-b2bb81b23b8c;430.71;0.01;SELL
2016-04-19T00:56:32.088729;2016-04-19T00:56:32.131868;2aa68df6-e53c-4cc8-b693-e045eee4d90c;430.71;0.094;SELL
2016-04-19T00:56:32.088909;2016-04-19T00:56:32.163116;fdb5a6d5-bc6c-4b81-a667-4df5091b9145;430.7;0.01004532;SELL
2016-04-19T00:56:32.089236;2016-04-19T00:56:32.178742;8c457c32-d528-440b-86fe-85564ec61baf;430.68;0.03779468;SELL
2016-04-19T00:57:01.419706;2016-04-19T00:57:01.475632;862ba3fa-598b-4b3e-ba94-75b15c8f684d;430.67;0.463;SELL
2016-04-19T00:57:01.419924;2016-04-19T00:57:01.491252;842ebd69-ab0c-48f7-ab1b-5d22d145351e;430.66;0.88654;SELL
2016-04-19T00:57:34.677432;2016-04-19T00:57:34.710024;77620885-f217-471e-a0c5-7058cfedf02c;430.7;0.46897;SELL
2016-04-19T00:58:05.231036;2016-04-19T00:58:05.272539;7a593c00-dc4f-4803-9458-dc1e5a7b4096;430.66;0.01;SELL
2016-04-19T00:58:05.231337;2016-04-19T00:58:05.288162;743af0dc-a949-4691-bf10-0c92dd02a602;430.65;0.4;SELL
2016-04-19T00:58:05.231591;2016-04-19T00:58:05.288162;c98877fe-e7f3-4f82-8800-ff0f0a6cce02;430.6;0.01004066;SELL
2016-04-19T00:58:05.231818;2016-04-19T00:58:05.303784;530ea7df-f2ce-4568-98b9-ce546a9cafaf;430.6;0.118;SELL
2016-04-19T00:58:05.232051;2016-04-19T00:58:05.303784;fb956c73-b802-450d-858a-714c649f74e1;430.55;0.01;SELL
2016-04-19T00:58:05.232293;2016-04-19T00:58:05.366283;e94afff9-dd62-4fd0-8837-0a08f16c9834;430.55;0.098;SELL
2016-04-19T00:58:05.232496;2016-04-19T00:58:05.366283;a1569090-ffec-41f4-a398-d8dcd5ec670d;430.53;0.44635934;SELL
2016-04-19T00:58:39.192609;2016-04-19T00:58:39.225678;e485863a-bfc9-496a-83a9-e509c6720128;430.63;0.85;BUY
2016-04-19T00:58:39.192826;2016-04-19T00:58:39.241301;d0468151-3be8-4847-9e6a-4bcfb9bd583b;430.64;0.01;BUY
2016-04-19T00:58:39.193039;2016-04-19T00:58:39.241301;87ad17e4-e23c-4da5-a05c-3c1b394047f7;430.64;0.305;BUY
2016-04-19T00:58:39.193206;2016-04-19T00:58:39.241301;572977d0-d80f-414e-80ef-3508de91d2ab;430.64;0.85;BUY
2016-04-19T00:58:39.193365;2016-04-19T00:58:39.256926;19b1fbec-57f7-4c11-891e-e0aff52fa7ff;430.65;0.01;BUY
2016-04-19T00:58:39.193505;2016-04-19T00:58:39.288175;ba82ab20-8e44-4ea9-adb8-284a5567d288;430.66;0.35752;BUY
2016-04-19T00:59:03.152432;2016-04-19T00:59:03.178820;431a2065-db2e-4924-92bd-9ce635b81e0c;430.68;0.38229;BUY
2016-04-19T00:59:31.773088;2016-04-19T00:59:31.803829;c73b23f4-cc8b-4c7d-9109-7889b2a51126;430.67;0.01;BUY
2016-04-19T00:59:31.773310;2016-04-19T00:59:31.819454;6803bf73-8374-4412-af26-38e1e7284c3e;430.69;0.0212;BUY
2016-04-19T00:59:31.773487;2016-04-19T00:59:31.819454;c71ef215-9e23-4a7e-ab33-f2539b3d1441;430.69;0.00144;BUY
2016-04-19T01:00:01.710725;2016-04-19T01:00:01.741346;5d9db9bd-74d7-4725-9147-a2437a10abea;430.6;0.01;SELL
2016-04-19T01:00:01.710938;2016-04-19T01:00:01.756971;b6b95d7f-c013-4c0d-9d74-f373ba5bb02a;430.57;0.01;SELL
2016-04-19T01:00:01.711135;2016-04-19T01:00:01.756971;80badace-f5bb-4039-a731-d89da0edcd44;430.57;0.03185;SELL
2016-04-19T01:00:14.305528;2016-04-19T01:00:14.335101;751e8a0a-f8a7-4fed-b5ac-c32f08ad7c6f;430.7;0.01004066;BUY
2016-04-19T01:00:14.305737;2016-04-19T01:00:14.335101;dae9bd36-527f-4f35-a300-3d707d3c1206;430.7;0.15;BUY
2016-04-19T01:00:14.305894;2016-04-19T01:00:14.350725;5874beed-f7f8-4733-bbc5-d519075862ef;430.74;4.04095934;BUY
2016-04-19T01:00:31.740676;2016-04-19T01:00:31.772610;077fc14e-392e-493f-91e5-8f5b5f02553a;430.62;0.444;SELL
2016-04-19T01:00:31.740886;2016-04-19T01:00:31.788234;8f0754b9-4d65-4af9-8176-7cd013587264;430.61;0.2;SELL
2016-04-19T01:00:31.741125;2016-04-19T01:00:31.788234;f34c04ed-6e8a-4f71-82f0-4cdb4ef6796d;430.61;0.22116;SELL
2016-04-19T01:01:03.980916;2016-04-19T01:01:04.022634;9a3a64c8-854f-4210-98bf-c8a8493b8319;430.75;0.30832;BUY
2016-04-19T01:01:32.000572;2016-04-19T01:01:32.038264;ee605d2c-99d1-49ed-9b13-8c07040ffa59;430.74;0.01;BUY
2016-04-19T01:01:32.000806;2016-04-19T01:01:32.053890;c714b3b8-c328-48c4-ac1f-2fe5f345a514;430.74;0.29;BUY
2016-04-19T01:01:32.001006;2016-04-19T01:01:32.053890;9777909a-e222-46b5-ada0-56e9b023d266;430.75;0.09168;BUY
2016-04-19T01:01:32.001188;2016-04-19T01:01:32.053890;11f94d91-00ed-4869-abb8-c2892f3e6b08;430.75;0.17;BUY
2016-04-19T01:01:32.001355;2016-04-19T01:01:32.069520;9bd3c89c-2148-4312-aa24-77545e88781f;430.76;0.29;BUY
2016-04-19T01:01:32.001524;2016-04-19T01:01:32.069520;cf3bf162-6e79-46fc-9d81-78837ac97458;430.78;0.01;BUY
2016-04-19T01:01:32.001715;2016-04-19T01:01:32.069520;f7241c2a-075d-4ac3-8444-ee0fdf23bc03;430.78;0.134;BUY
2016-04-19T01:01:32.001877;2016-04-19T01:01:32.069520;371b0e8c-9c8a-4e4a-92ea-56cac707d71b;430.79;0.01;BUY
2016-04-19T01:01:32.002057;2016-04-19T01:01:32.085142;be04439b-7a2e-4121-a2ee-b90b58ee3b77;430.79;0.29;BUY
2016-04-19T01:01:32.002236;2016-04-19T01:01:32.085142;82c22d98-6708-486e-a91f-9b8b5a3a214d;430.8;0.01004532;BUY
2016-04-19T01:01:32.002394;2016-04-19T01:01:32.085142;80428ad1-5099-4771-a204-d3ef2ef63b46;430.82;0.071813;BUY
2016-04-19T01:01:32.002584;2016-04-19T01:01:32.085142;0aa78e04-f5a9-4a18-9967-92db985c4c66;430.82;0.29;BUY
2016-04-19T01:01:32.002745;2016-04-19T01:01:32.085142;ae3a6ae6-eafb-49a4-8b2f-fb066ede3c3f;430.83;0.01;BUY
2016-04-19T01:01:32.002904;2016-04-19T01:01:32.085142;895ab882-40c5-444d-b455-b2ed11655e8f;430.83;0.01;BUY
2016-04-19T01:01:32.003080;2016-04-19T01:01:32.100766;21d458fe-4bec-4e80-9bcf-d6e9198b2fbd;430.83;0.01;BUY
2016-04-19T01:01:32.003244;2016-04-19T01:01:32.116392;c1912a9c-a596-4202-9475-e4d7eb72b7ed;430.84;0.01;BUY
2016-04-19T01:01:32.003404;2016-04-19T01:01:32.116392;19b168e7-186e-4e4e-bade-d5b4d8bff942;430.84;0.01;BUY
2016-04-19T01:01:32.003570;2016-04-19T01:01:32.116392;3039797e-f742-4623-8150-18377848e519;430.84;0.01;BUY
2016-04-19T01:01:32.003742;2016-04-19T01:01:32.116392;4dc5e91d-9dbc-4b2c-8956-6895af7f09bb;430.84;0.119;BUY
2016-04-19T01:01:32.003906;2016-04-19T01:01:32.116392;c1f2c9f3-9d3f-4e01-b768-e9cc5bbef65b;430.86;0.01000115;BUY
2016-04-19T01:01:32.004074;2016-04-19T01:01:32.132016;928721c0-d3f6-437f-bbf6-fb1b9ab95162;430.88;0.01;BUY
2016-04-19T01:01:32.004240;2016-04-19T01:01:32.132016;e9a1ef7b-854f-4d23-8190-9ecf151e38b9;430.88;3.0;BUY
2016-04-19T01:01:32.004401;2016-04-19T01:01:32.132016;85d21b43-f15d-4740-9325-a9e7d5339c62;430.89;9.7750501;BUY
2016-04-19T01:01:32.004558;2016-04-19T01:01:32.132016;4fcac773-b107-4fc8-9de0-7aea71608e2c;430.89;0.01;BUY
2016-04-19T01:01:32.004719;2016-04-19T01:01:32.132016;353d1034-4ed4-4ae2-8708-44cbfcb3b6fc;430.89;0.01;BUY
2016-04-19T01:01:32.004884;2016-04-19T01:01:32.132016;7187a73b-b065-46e0-927e-91a4bcd06448;430.89;0.086;BUY
2016-04-19T01:01:32.005053;2016-04-19T01:01:32.147642;8ed9c8cf-52aa-447f-a854-e5475a3d00df;430.9;0.02010238;BUY
2016-04-19T01:01:32.005219;2016-04-19T01:01:32.147642;4dc22279-8047-46d6-ad26-bd15e5ddee40;430.9;0.01;BUY
2016-04-19T01:01:32.005387;2016-04-19T01:01:32.163266;5ba9be5a-d3bb-46c9-b8bf-b890966c732e;430.9;0.028;BUY
2016-04-19T01:01:32.005550;2016-04-19T01:01:32.163266;3f32e526-f49b-41da-bfbe-b284c4f4551a;430.91;0.01;BUY
2016-04-19T01:01:32.005712;2016-04-19T01:01:32.163266;2744fdc0-f9f1-4cbb-ac0f-0a195da78c08;430.91;0.01;BUY
2016-04-19T01:01:32.005878;2016-04-19T01:01:32.163266;ba054d92-7066-4b27-bac4-a6f4507b44a2;430.91;0.01;BUY
2016-04-19T01:01:32.006046;2016-04-19T01:01:32.163266;75326397-4c32-456a-84bb-3f6314d51f76;430.92;0.01;BUY
2016-04-19T01:01:32.006203;2016-04-19T01:01:32.163266;774aaabc-20e2-4ed5-8908-5241d7b29b82;430.92;0.01;BUY
2016-04-19T01:01:32.006376;2016-04-19T01:01:32.163266;6e65e11a-37ed-4fce-9f95-753cc0c0d8b5;430.92;0.01;BUY
2016-04-19T01:01:32.006552;2016-04-19T01:01:32.163266;617bfc16-4f91-4eef-bc78-9c1d013339c5;430.94;0.078;BUY
2016-04-19T01:01:32.006720;2016-04-19T01:01:32.163266;4dcf47b1-a656-40a0-b11e-5580eceed894;430.96;0.01;BUY
2016-04-19T01:01:32.006880;2016-04-19T01:01:32.178892;afef665b-ac6e-4d7b-a056-a51aed2d1d0d;430.98;0.01;BUY
2016-04-19T01:01:32.007047;2016-04-19T01:01:32.178892;3130b55c-88d4-4878-92b8-ed24f0c3fb7a;430.98;0.01;BUY
2016-04-19T01:01:32.007212;2016-04-19T01:01:32.178892;7574d5e8-40ae-40f4-9cd7-2ec8a339db03;430.98;0.01;BUY
2016-04-19T01:01:32.007373;2016-04-19T01:01:32.178892;e379753a-c2fe-40ae-aae0-591041e0d77b;430.99;8.96889805;BUY
2016-04-19T01:02:01.493356;2016-04-19T01:02:01.522661;2b9252fd-40e5-4d95-9c19-59b669caa740;430.98;0.40599;BUY
2016-04-19T01:02:31.406957;2016-04-19T01:02:31.428879;76be4abe-01be-41f4-a373-fca80fe573b8;430.95;0.01;SELL
2016-04-19T01:02:31.407366;2016-04-19T01:02:31.444546;1fc54bed-d781-4b39-9431-d7a4182632e7;430.94;0.01;SELL
2016-04-19T01:02:31.407554;2016-04-19T01:02:31.444546;9ac2dbdc-b99d-4fc2-912f-bf3b80aa5ef9;430.86;0.06202;SELL
2016-04-19T01:03:01.569006;2016-04-19T01:03:01.585185;b9ebef71-1d1f-4593-81bb-862088fc9435;430.97;0.01;BUY
2016-04-19T01:03:01.569173;2016-04-19T01:03:01.600813;79668a80-c4be-4985-b4ae-009309080d69;430.97;0.082;BUY
2016-04-19T01:03:01.569320;2016-04-19T01:03:01.600813;bb02bc4e-07d1-461f-94dc-c77995d55b46;430.97;0.0746;BUY
2016-04-19T01:03:31.508082;2016-04-19T01:03:31.522713;e4c25d38-2224-4b5a-8cb5-3370b79e933b;430.98;0.471;BUY
2016-04-19T01:03:31.508267;2016-04-19T01:03:31.538332;cdd3cadd-47dc-4c47-90c4-9911edb4cec7;430.98;0.29;BUY
2016-04-19T01:03:31.508406;2016-04-19T01:03:31.538332;333e12ea-f37e-4256-81c1-cbb8fcd551f0;430.99;0.24554;BUY
2016-04-19T01:04:07.341267;2016-04-19T01:04:07.366473;97fd395e-cfc8-4be6-a7e6-4b19d7f4535d;430.98;0.31492;BUY
2016-04-19T01:04:31.431869;2016-04-19T01:04:31.444610;eefd821f-cab7-45ad-ba74-90a5398a2746;430.98;0.396;BUY
2016-04-19T01:04:31.432108;2016-04-19T01:04:31.475858;ee78bf10-fd10-4ec2-8961-f3b2a71fd387;430.99;1.88715;BUY
2016-04-19T01:05:02.764706;2016-04-19T01:05:02.788373;192c4c19-597f-4770-a80b-eaaffc1b2ecc;430.98;0.378;BUY
2016-04-19T01:05:02.765030;2016-04-19T01:05:02.804005;d04e71f3-b992-4919-8c5a-c5465a124530;430.99;0.96459;BUY
2016-04-19T01:05:33.532272;2016-04-19T01:05:33.554020;c8760b48-ff62-4f21-bb4f-d95c93561c08;430.97;0.10959;BUY
2016-04-19T01:06:01.544308;2016-04-19T01:06:01.554028;f08d27f9-b3fb-4991-a66f-a07fa9053510;430.97;0.39;BUY
2016-04-19T01:06:01.544516;2016-04-19T01:06:01.585281;9dae0792-b2d9-4ab7-9255-115605991b37;430.98;0.63383;BUY
2016-04-19T01:06:31.445051;2016-04-19T01:06:31.460301;98eece99-1e54-422c-8e10-85abd9fd08cc;430.95;0.01;SELL
2016-04-19T01:06:31.445305;2016-04-19T01:06:31.475920;514f2df4-f83f-45c0-9f3b-eefb8582f098;430.94;0.01;SELL
2016-04-19T01:06:31.445502;2016-04-19T01:06:31.475920;b116c585-19e6-494a-bbba-fa8b3efc2153;430.93;0.01;SELL
2016-04-19T01:06:31.445677;2016-04-19T01:06:31.491545;00a11d32-1cfe-4b58-9623-280b5706a93e;430.92;0.0115;SELL
2016-04-19T01:06:31.445824;2016-04-19T01:06:31.491545;d2afd6e0-8094-41db-842c-98ad543ab4dc;430.91;0.03936;SELL
2016-04-19T01:07:01.585135;2016-04-19T01:07:01.600935;13f5f5f7-0daa-4394-858b-9a2ffd637226;430.97;0.33262;BUY
2016-04-19T01:07:31.419872;2016-04-19T01:07:31.429086;9e265e06-d3c3-43a6-ac9b-b1f6abfbefcc;430.98;0.363;BUY
2016-04-19T01:07:31.420092;2016-04-19T01:07:31.444701;d2adcf07-966e-47ff-9d66-d2f54f7bed91;430.99;0.38203;BUY
2016-04-19T01:08:06.021778;2016-04-19T01:08:06.054093;17a15b35-2029-40fa-a033-3fe2875e9c37;430.98;0.03185;BUY
2016-04-19T01:08:06.022017;2016-04-19T01:08:06.054093;6c53011d-68d1-4883-b80c-217f71eb8ff9;430.99;0.80905;BUY
2016-04-19T01:08:31.635485;2016-04-19T01:08:31.692522;2c7e3729-8d25-41c9-ba56-00414b8dcea1;430.95;0.01;SELL
2016-04-19T01:08:31.635699;2016-04-19T01:08:31.692522;3c6eba77-124b-4a3d-a41f-ae86ba632c00;430.94;0.0012;SELL
2016-04-19T01:08:34.210070;2016-04-19T01:08:34.270648;0882952f-95d0-4233-b343-9fc2ef5a3298;430.95;0.01;SELL
2016-04-19T01:08:34.210273;2016-04-19T01:08:34.286279;e5f7ab95-d281-4831-a114-92932e293ffb;430.94;0.0088;SELL
2016-04-19T01:08:34.210445;2016-04-19T01:08:34.286279;f8087670-4901-47ae-9ab8-cb3f3dff5d0e;430.93;0.01;SELL
2016-04-19T01:08:34.210589;2016-04-19T01:08:34.286279;883d8d5e-2ad4-48e2-83dc-c3d1a323eb01;430.93;0.0512;SELL
2016-04-19T01:09:01.384067;2016-04-19T01:09:01.442543;376eb951-67a7-46c3-8640-0f653a9de2af;430.98;0.306;BUY
2016-04-19T01:09:01.384305;2016-04-19T01:09:01.458163;4020a16c-4e54-433a-9896-1dadff63c4d0;430.99;1.64274195;BUY
2016-04-19T01:09:01.384494;2016-04-19T01:09:01.458163;934846cd-b576-4f55-9492-8f406f81a8a7;430.99;0.17;BUY
2016-04-19T01:09:01.384648;2016-04-19T01:09:01.473788;ee442fdd-93ee-4007-94a0-20cfd59d7508;431.0;0.010029;BUY
2016-04-19T01:09:01.384789;2016-04-19T01:09:01.473788;a9751fc3-5bc0-4bdd-9ba5-1890eefd446c;431.0;0.09746905;BUY
2016-04-19T01:09:31.949757;2016-04-19T01:09:32.005058;7a8851fe-59c1-400e-a4c7-a42387a76070;430.96;0.01;SELL
2016-04-19T01:09:31.949938;2016-04-19T01:09:32.036303;ec292e03-d9ba-4c6b-9d42-8244c525be54;430.96;0.088;SELL
2016-04-19T01:09:31.950127;2016-04-19T01:09:32.036303;c0ce9166-f4ba-4c46-8488-d88ddf094fb4;430.96;0.15;SELL
2016-04-19T01:09:31.950281;2016-04-19T01:09:32.036303;474b82fb-346c-4191-98d2-22ced72f60d9;430.96;0.29;SELL
2016-04-19T01:09:31.950444;2016-04-19T01:09:32.036303;20e72ebf-f80f-402f-a71e-93be2040ee3d;430.96;0.29;SELL
2016-04-19T01:09:31.950605;2016-04-19T01:09:32.036303;8fe2121c-211b-4787-a8bc-03cda42ff5b0;430.95;0.01;SELL
2016-04-19T01:09:31.950759;2016-04-19T01:09:32.036303;80eb635d-78a4-4af7-869b-bb08fe8f97c1;430.9;0.01003016;SELL
2016-04-19T01:09:31.950912;2016-04-19T01:09:32.051928;d7b6843c-ac46-450f-826a-b5ff381645c4;430.9;6.93887;SELL
2016-04-19T01:09:31.951119;2016-04-19T01:09:32.051928;97193534-8404-46be-9c2c-ec606d4a337a;430.9;0.29;SELL
2016-04-19T01:09:31.951280;2016-04-19T01:09:32.051928;89b5cd94-9d03-4810-9141-e9c2496fda30;430.87;0.4;SELL
2016-04-19T01:09:31.951440;2016-04-19T01:09:32.051928;0b8c644f-3d81-462b-baaf-a220641054d1;430.87;0.8;SELL
2016-04-19T01:09:31.951587;2016-04-19T01:09:32.051928;df781b93-d3d8-4b41-a170-496c15d11cc2;430.86;0.38028984;SELL
2016-04-19T01:10:01.583919;2016-04-19T01:10:01.630072;7535d953-117d-47af-93d2-f55a4e159355;430.97;0.03228;BUY
2016-04-19T01:10:31.410766;2016-04-19T01:10:31.458212;8c3748ad-05d1-4cc2-bd03-77a7e88b67d0;430.97;0.30221;BUY
2016-04-19T01:11:01.530798;2016-04-19T01:11:01.567608;3fac2251-081b-47d1-a5eb-47e2abfaa103;430.97;0.06551;BUY
2016-04-19T01:11:01.531055;2016-04-19T01:11:01.583178;6e448b6a-e0d0-488e-94ad-0c497b696dd2;430.99;0.38028984;BUY
2016-04-19T01:11:01.531240;2016-04-19T01:11:01.583178;74ed3637-ffa9-4fe9-b9d0-96cf4b79ea7b;430.99;0.01784016;BUY
2016-04-19T01:11:31.402916;2016-04-19T01:11:31.442622;9e4a95be-6074-46a1-91b6-51cf96f06600;430.96;0.01;SELL
2016-04-19T01:11:31.403174;2016-04-19T01:11:31.458239;7bf9eb85-9961-4e75-a5be-1ce76482a354;430.96;0.01;SELL
2016-04-19T01:11:31.403381;2016-04-19T01:11:31.458239;debb6ca1-1d91-4deb-8e75-1ef9e3c65044;430.95;0.01;SELL
2016-04-19T01:11:31.403556;2016-04-19T01:11:31.473862;4db2e2dd-4259-47ae-9bd8-2acdf3010b04;430.93;0.101;SELL
2016-04-19T01:11:31.403702;2016-04-19T01:11:31.473862;f2680141-05d2-4ee0-916a-6c2f8447dea2;430.92;0.46841;SELL
2016-04-19T01:12:01.402876;2016-04-19T01:12:01.442633;b421ebf3-4ddf-4b04-93c1-b78225292916;430.95;0.01;BUY
2016-04-19T01:12:01.403135;2016-04-19T01:12:01.458253;34ed2726-03d1-45f0-a5b0-02e47ec75ae6;430.96;0.46841;BUY
2016-04-19T01:12:01.403317;2016-04-19T01:12:01.458253;aa5c782b-f9b7-4535-b1d1-cbe9f66ff3c0;430.97;0.29;BUY
2016-04-19T01:12:01.403459;2016-04-19T01:12:01.473878;0c063b08-4c05-4e26-9db7-0610ed3b7f51;430.97;0.68769;BUY
2016-04-19T01:12:31.378084;2016-04-19T01:12:31.411399;f4ed87af-4bcb-4d8f-afcd-0866fc4182a2;430.88;0.01;SELL
2016-04-19T01:12:31.378325;2016-04-19T01:12:31.427019;9599ad95-0419-4850-bf83-36aa8c405d16;430.87;0.105;SELL
2016-04-19T01:12:31.378509;2016-04-19T01:12:31.427019;2b9d254d-6ef5-451d-aa53-aaebc02a5e71;430.86;0.19971;SELL
2016-04-19T01:13:01.577652;2016-04-19T01:13:01.614534;37463a98-594e-48c7-acb5-b98eba935199;430.95;0.01;BUY
2016-04-19T01:13:01.577850;2016-04-19T01:13:01.645785;952bc90f-2c86-4379-911a-2864271ed7c2;430.95;0.01;BUY
2016-04-19T01:13:01.578044;2016-04-19T01:13:01.645785;44fae0be-736a-4ff3-97b5-e56bce4dca64;430.95;0.29;BUY
2016-04-19T01:13:01.578211;2016-04-19T01:13:01.645785;ba174c59-768b-4eb3-8709-3dc98a7904b1;430.96;0.11231;BUY
2016-04-19T01:13:01.578641;2016-04-19T01:13:01.645785;67665102-13ad-4fc3-a30c-e80c105d36df;430.97;0.02807;BUY
2016-04-19T01:13:31.404675;2016-04-19T01:13:31.442678;111a7f6b-ba09-4985-bb93-e583639d4498;430.96;0.19971;BUY
2016-04-19T01:13:31.404877;2016-04-19T01:13:31.458306;4bfe000d-4061-4b56-8eb7-95e634e1a791;430.97;0.16688;BUY
2016-04-19T01:14:01.527376;2016-04-19T01:14:01.567694;af5cafe6-5522-46fd-ab2b-523a45b3d482;430.98;0.50439;BUY
2016-04-19T01:14:33.669813;2016-04-19T01:14:33.708332;ed85ff9f-2dbd-41fa-8747-57a5c5d0176a;430.99;0.04321;BUY
2016-04-19T01:15:03.724713;2016-04-19T01:15:03.755228;ac3fbe74-5df1-4009-bfe5-53be24beeb23;430.96;0.04707;SELL
2016-04-19T01:15:31.381172;2016-04-19T01:15:31.411498;ad83ad81-572c-41d6-93d2-20e0f4e8369e;430.96;0.09174;SELL
2016-04-19T01:16:01.488942;2016-04-19T01:16:01.520880;5aad02f2-2f70-4eee-b477-d9b1502d7c9f;430.99;0.1685;BUY
2016-04-19T01:16:31.437808;2016-04-19T01:16:31.474033;c898079e-8f55-4584-9b09-1a603f53fc34;430.99;3.20929;BUY
2016-04-19T01:16:31.438045;2016-04-19T01:16:31.489642;2d06d5bb-e8be-4bf6-be9c-2fc6f39b7ba8;430.99;0.57281;BUY
2016-04-19T01:17:01.555616;2016-04-19T01:17:01.583407;4172ecca-5ea5-4abf-8ffa-10e93278d1b5;430.98;1.7366;BUY
2016-04-19T01:17:31.423862;2016-04-19T01:17:31.458421;d3420816-430d-47a9-b1f4-4823743819c9;430.97;0.01;SELL
2016-04-19T01:17:31.424094;2016-04-19T01:17:31.474058;dc5c0807-4eee-46b2-b7aa-5a2d0781e3ff;430.96;0.12928;SELL
2016-04-19T01:18:03.173489;2016-04-19T01:18:03.192821;d4cbb911-845c-4a89-996b-fd3a4531a4e3;430.98;1.73184;BUY
2016-04-19T01:18:31.430907;2016-04-19T01:18:31.458421;15db7cdd-218e-484f-9441-4e1fbcf6a836;430.99;0.01;BUY
2016-04-19T01:18:31.431137;2016-04-19T01:18:31.474080;f70994f8-3e5b-42fb-a8f9-0713187b9f56;430.99;0.76261;BUY
2016-04-19T01:19:32.220276;2016-04-19T01:19:32.239745;3ae50a8a-07f0-44e9-b434-f23ca778b402;430.97;0.36298;SELL
2016-04-19T01:20:01.549349;2016-04-19T01:20:01.567847;018d2887-c201-450a-b75f-d4f9d31902ce;431.0;0.00253095;BUY
2016-04-19T01:20:01.549578;2016-04-19T01:20:01.583507;0dec00b7-376f-4356-b8f0-be78646ba83f;431.0;0.01003016;BUY
2016-04-19T01:20:01.549753;2016-04-19T01:20:01.583507;76e11587-d9c8-4c93-9abf-b6b9722fc6ac;431.0;1.41074889;BUY
2016-04-19T01:20:31.468553;2016-04-19T01:20:31.489764;6f022653-2929-436c-9bba-2023dbd63980;430.97;0.136;SELL
2016-04-19T01:20:40.211880;2016-04-19T01:20:40.239775;afdcb425-b68e-4420-841d-10cac5e70407;430.97;0.01;SELL
2016-04-19T01:21:01.732287;2016-04-19T01:21:01.755404;a43be125-a435-4c4a-9cbd-9a6ee82c611f;431.01;0.01;BUY
2016-04-19T01:21:01.732475;2016-04-19T01:21:01.771031;0de715e0-4e78-4ce6-8e75-896cd9173af4;431.01;1.25142;BUY
2016-04-19T01:21:31.493239;2016-04-19T01:21:31.505435;f473df64-8550-419b-859b-6807a100b8a1;431.02;0.01;BUY
2016-04-19T01:21:31.493418;2016-04-19T01:21:31.521047;9b100d30-8a38-4540-95a1-3cafecfe56fd;431.02;22.19772;BUY
2016-04-19T01:22:05.936444;2016-04-19T01:22:05.958568;24d067ad-f9e0-486a-a37e-94cef89c3e15;431.03;0.01;BUY
2016-04-19T01:22:05.936682;2016-04-19T01:22:05.974189;c9ed552d-5da3-4db1-9f04-84304f29fafa;431.03;0.01;BUY
2016-04-19T01:22:05.936901;2016-04-19T01:22:05.974189;6c1c94eb-0a56-4a0c-b42d-bb1406c60470;431.03;0.01;BUY
2016-04-19T01:22:05.937094;2016-04-19T01:22:06.005439;d9deef55-f05d-400f-8b7c-1077629feca5;431.04;0.01;BUY
2016-04-19T01:22:05.937281;2016-04-19T01:22:06.005439;837f9da6-9d65-465d-a938-c72d78a4a2d9;431.05;0.02;BUY
2016-04-19T01:22:05.937458;2016-04-19T01:22:06.005439;5abad842-8bcd-4804-bce8-e7e7c03fdb4e;431.06;0.01;BUY
2016-04-19T01:22:05.937624;2016-04-19T01:22:06.005439;293a9644-721f-4bda-a9c6-7e08848f6874;431.07;0.01;BUY
2016-04-19T01:22:05.937785;2016-04-19T01:22:06.005439;97dff2f4-c213-44e5-8092-68381280b2e6;431.07;0.01;BUY
2016-04-19T01:22:05.937953;2016-04-19T01:22:06.005439;157091d8-af4f-4486-95a7-1fb68d131f69;431.07;0.01;BUY
2016-04-19T01:22:05.938134;2016-04-19T01:22:06.005439;7f2020d2-84d5-415a-a750-d7d8dea62124;431.07;0.01;BUY
2016-04-19T01:22:05.938305;2016-04-19T01:22:06.052318;5c9ac86e-fb85-46e6-8391-81054177ee4c;431.08;0.01;BUY
2016-04-19T01:22:05.938483;2016-04-19T01:22:06.052318;4277de46-7f75-4df2-ac37-45770017eaa3;431.08;0.01;BUY
2016-04-19T01:22:05.938646;2016-04-19T01:22:06.052318;53b754a0-f58c-4f9f-ab25-9152edcf8250;431.09;0.01;BUY
2016-04-19T01:22:05.938809;2016-04-19T01:22:06.052318;b00e9eb9-dc86-4158-a588-89787d8e83b6;431.09;0.01;BUY
2016-04-19T01:22:05.939003;2016-04-19T01:22:06.052318;cb629bf4-cb7f-4de4-b6be-04643c2967e2;431.09;0.01;BUY
2016-04-19T01:22:05.939161;2016-04-19T01:22:06.052318;624f4899-e708-4eff-82b3-0208939ac15f;431.1;0.0100037;BUY
2016-04-19T01:22:05.939320;2016-04-19T01:22:06.052318;a90a180d-2f9d-4707-8cf8-df6aa393cdf3;431.1;0.0084763;BUY
2016-04-19T01:22:31.404737;2016-04-19T01:22:31.427327;4003cc0b-00a9-4272-8019-08d571fa40b2;431.07;0.01;SELL
2016-04-19T01:22:31.404967;2016-04-19T01:22:31.442952;3a7449a6-b9cd-49b0-8057-40ccc84e7ea0;431.07;0.02057;SELL
2016-04-19T01:23:01.755669;2016-04-19T01:23:01.771103;d52e95bb-9906-4d22-9690-41ce6877f37f;431.09;0.01;BUY
2016-04-19T01:23:01.755891;2016-04-19T01:23:01.786717;103b72f6-9f41-4200-a458-0d2771985c1c;431.1;0.00154342;BUY
2016-04-19T01:23:01.756107;2016-04-19T01:23:01.786717;defe2812-48ed-4ba1-9798-72eecd5df3f8;431.12;0.076;BUY
2016-04-19T01:23:01.756257;2016-04-19T01:23:01.802344;d60bca46-4a53-4274-99c9-d0f2957e7cf5;431.14;0.01000046;BUY
2016-04-19T01:23:01.756400;2016-04-19T01:23:01.802344;f572ddb9-c883-416f-a02a-e7a831e8a93c;431.14;0.88832612;BUY
2016-04-19T01:23:31.419221;2016-04-19T01:23:31.427368;33c19517-1759-44bf-9887-60b0a600eb99;431.12;0.01;BUY
2016-04-19T01:23:31.419432;2016-04-19T01:23:31.442986;94350c54-5bfc-4599-a49b-08be8a5af0ea;431.13;0.18286;BUY
2016-04-19T01:24:01.510064;2016-04-19T01:24:01.561206;e559a323-96cd-4a72-bd71-a40d79e8e4e9;431.13;0.08523;BUY
2016-04-19T01:24:01.510288;2016-04-19T01:24:01.576833;e6776b84-81e1-4ccb-ac66-8bec2268489f;431.13;0.079;BUY
2016-04-19T01:24:01.510477;2016-04-19T01:24:01.576833;36dfb6c4-6d22-4f4b-b3b5-092648a55433;431.14;2.3265;BUY
2016-04-19T01:24:31.485739;2016-04-19T01:24:31.529972;9d91ef1d-690e-4ba6-ab31-1b89f9e691fb;431.11;0.01;SELL
2016-04-19T01:24:31.486109;2016-04-19T01:24:31.545606;4326062b-6808-421c-953f-416d10809c98;431.1;0.01;SELL
2016-04-19T01:24:31.486353;2016-04-19T01:24:31.561222;6d20caab-cc09-4dba-8711-7618e111447f;431.09;0.00825;SELL
2016-04-19T01:25:01.764877;2016-04-19T01:25:01.811247;958807fc-20e5-4b2a-b482-7dfa640127f2;431.1;0.01;SELL
2016-04-19T01:25:01.765146;2016-04-19T01:25:01.826863;bdfa9a85-686b-4f52-b069-04b8ce39dd9a;431.09;0.00175;SELL
2016-04-19T01:25:01.765327;2016-04-19T01:25:01.826863;efdb5987-85c5-40d2-8ebc-afa62ba28c0d;431.06;0.02362;SELL
2016-04-19T01:25:31.613004;2016-04-19T01:25:31.670630;34352abb-b9f4-4cb8-bd59-689131581179;431.13;0.01;BUY
2016-04-19T01:25:31.613417;2016-04-19T01:25:31.670630;d9fc4ed2-cf38-4369-b04e-b8496001c053;431.15;0.01000416;BUY
2016-04-19T01:25:31.613637;2016-04-19T01:25:31.686253;9b640755-6925-4645-8cac-30c3353efb7d;431.18;0.114;BUY
2016-04-19T01:25:31.613800;2016-04-19T01:25:31.686253;8aeebde1-c056-442d-ad21-46bd0b8a794a;431.19;0.01;BUY
2016-04-19T01:25:31.614176;2016-04-19T01:25:31.701878;27272545-3bf0-4b25-af53-90bffbbf2136;431.19;0.01;BUY
2016-04-19T01:25:31.614414;2016-04-19T01:25:31.701878;16866dab-33ec-4b5a-b192-1c24ac3be642;431.2;0.01001972;BUY
2016-04-19T01:25:31.614818;2016-04-19T01:25:31.701878;d0b1ff33-3e10-434d-bf43-d71e48788b34;431.2;0.01;BUY
2016-04-19T01:25:31.615051;2016-04-19T01:25:31.717503;f2712338-e82c-4347-bfb6-e02a947e821f;431.2;2.05087612;BUY
2016-04-19T01:26:00.753171;2016-04-19T01:26:00.811269;d6a5672c-4c6c-4297-9593-b262b0a82a44;431.2;0.01;BUY
2016-04-19T01:26:00.753548;2016-04-19T01:26:00.826895;2ff3e50a-7700-4008-bd0b-ef476139af26;431.21;0.01;BUY
2016-04-19T01:26:00.753766;2016-04-19T01:26:00.826895;8a46da41-edc1-4833-a469-d0717c338cf2;431.22;0.01;BUY
2016-04-19T01:26:00.753930;2016-04-19T01:26:00.826895;1adbff7c-48fa-4f58-9920-d30bae8735f3;431.23;0.01;BUY
2016-04-19T01:26:00.754247;2016-04-19T01:26:00.826895;267d21e6-173a-476f-ac6d-932b0e16130c;431.23;0.29;BUY
2016-04-19T01:26:00.754416;2016-04-19T01:26:00.826895;7db6a5de-6b84-4caa-96bd-ad856f5d2b13;431.24;0.114;BUY
2016-04-19T01:26:00.754588;2016-04-19T01:26:00.826895;edf96815-8beb-433f-b93f-cc2eca04a3c4;431.24;0.29;BUY
2016-04-19T01:26:00.754754;2016-04-19T01:26:00.842519;8a807972-3383-4f2c-9b98-5b56511e8570;431.25;0.01960677;BUY
2016-04-19T01:26:00.754933;2016-04-19T01:26:00.842519;79a0c359-fac1-4f80-b7a0-adb21ff4cdfa;431.25;3.8;BUY
2016-04-19T01:26:00.755428;2016-04-19T01:26:00.842519;e86817c0-2d16-4c4d-a518-ac901c95644b;431.26;0.51361323;BUY
2016-04-19T01:26:02.199670;2016-04-19T01:26:02.248769;b662445e-dade-4947-99c6-33328d3c9efb;431.17;0.01;SELL
2016-04-19T01:26:02.199876;2016-04-19T01:26:02.264401;2ed01a3d-2ab4-4351-9cdc-5812ea86d24f;431.16;0.01;SELL
2016-04-19T01:26:02.200104;2016-04-19T01:26:02.264401;dd0f1599-2de8-4989-88ea-1ebf4793a9c3;431.15;0.01;SELL
2016-04-19T01:26:02.200437;2016-04-19T01:26:02.280023;dac87974-b271-4550-8c23-8a0161f45093;431.14;0.01;SELL
2016-04-19T01:26:02.200618;2016-04-19T01:26:02.280023;4aaf6a45-a76d-424c-8524-2e5cbec4c95c;431.12;0.118;SELL
2016-04-19T01:26:02.200777;2016-04-19T01:26:02.280023;aca34770-7b48-499f-b118-9ec0ba2cb789;431.1;0.01000532;SELL
2016-04-19T01:26:02.200934;2016-04-19T01:26:02.280023;2e4f6dbf-41e6-4417-a64b-3146fef4b98a;431.1;0.00989468;SELL
2016-04-19T01:26:31.518869;2016-04-19T01:26:31.576910;d77d928e-47fc-4ab6-9fd3-c29edbb6be24;431.18;0.01;SELL
2016-04-19T01:26:31.519124;2016-04-19T01:26:31.576910;531bbf4c-5528-4969-a4a1-b80658a94721;431.13;0.4;SELL
2016-04-19T01:26:31.519305;2016-04-19T01:26:31.576910;02ab8492-8c79-4459-b46c-284f9b6eabe7;431.1;0.0001262;SELL
2016-04-19T01:26:31.519478;2016-04-19T01:26:31.576910;16e9fa34-e44b-49b1-b0ff-d349f69b79fd;431.1;3.8;SELL
2016-04-19T01:26:31.519652;2016-04-19T01:26:31.608159;4d2b7df0-ee2f-40fc-bb54-5420f99552d0;431.08;0.21;SELL
2016-04-19T01:26:31.519807;2016-04-19T01:26:31.608159;8f6a37bd-906e-46d8-89bc-083b70efa185;431.05;0.01000486;SELL
2016-04-19T01:26:31.520085;2016-04-19T01:26:31.608159;5f132562-14d1-40cb-a354-df777bd91ed2;431.05;0.01000254;SELL
2016-04-19T01:26:31.520328;2016-04-19T01:26:31.623782;c4fe8398-1c4c-4633-a980-c9c90883e43d;431.05;0.0115;SELL
2016-04-19T01:26:31.520487;2016-04-19T01:26:31.623782;52f8b6b9-742f-4d41-a1de-30b0f4d1a20e;431.05;0.3471964;SELL
2016-04-19T01:27:01.489275;2016-04-19T01:27:01.530048;8bcb17cb-2d2e-4543-b1b0-4e5bc26afa44;431.2;0.01;SELL
2016-04-19T01:27:01.489514;2016-04-19T01:27:01.545681;ef52efbe-9af8-4e8a-a1e5-ca25448d2366;431.19;0.01;SELL
2016-04-19T01:27:01.489713;2016-04-19T01:27:01.545681;10883bb3-37aa-49cc-90d1-2608c67dfbdc;431.15;0.105;SELL
2016-04-19T01:27:01.489861;2016-04-19T01:27:01.561304;ce1988b5-0bb0-46a8-a7fd-32d5090ca602;431.1;0.06256;SELL
2016-04-19T01:27:31.760439;2016-04-19T01:27:31.826950;93e2c06a-c548-4ae8-8fe2-19f4f11d1bfd;431.02;0.01;SELL
2016-04-19T01:27:31.760778;2016-04-19T01:27:31.826950;bbd940fd-eea6-41c9-8c94-ceaa6afc18a8;431.02;0.01;SELL
2016-04-19T01:27:31.761118;2016-04-19T01:27:31.842565;4865b958-992c-4c76-a530-3d05516d691f;431.01;0.01;SELL
2016-04-19T01:27:31.761379;2016-04-19T01:27:31.842565;ad6ef730-f21f-41f0-a546-3ae43d23bbce;431.0;0.01002088;SELL
2016-04-19T01:27:31.761536;2016-04-19T01:27:31.842565;a4732d8d-5470-442c-9e64-7cf76cfff699;430.99;0.04820912;SELL
2016-04-19T01:28:01.790541;2016-04-19T01:28:01.826958;50fc091e-d9f1-4717-aa74-2b0a089070d4;431.1;0.01002088;BUY
2016-04-19T01:28:01.790762;2016-04-19T01:28:01.842586;e661b067-765b-4a22-9e31-95be32e6e1f5;431.1;0.08403912;BUY
2016-04-19T01:28:31.851922;2016-04-19T01:28:31.889478;b544d235-8049-472e-8c89-1df9b2cd7c58;431.12;0.01;BUY
2016-04-19T01:28:31.852164;2016-04-19T01:28:31.905096;782799a1-c864-4f84-bc13-e3083ec646c6;431.13;0.01;BUY
2016-04-19T01:28:31.852352;2016-04-19T01:28:31.905096;c377a209-3db5-45ec-9994-6bff092b5127;431.14;0.17;BUY
2016-04-19T01:28:31.852506;2016-04-19T01:28:31.920723;5f6b93b3-423f-402b-a1c5-6175f5c92138;431.15;0.01;BUY
2016-04-19T01:28:31.852660;2016-04-19T01:28:31.920723;e326926b-f7fb-4d08-bd29-b0821c334dfc;431.18;0.01;BUY
2016-04-19T01:28:31.852828;2016-04-19T01:28:31.983219;b5c2d016-3b58-4c0e-84c2-6f6c43f6ceb7;431.19;0.074;BUY
2016-04-19T01:28:31.853008;2016-04-19T01:28:31.983219;e528c3e4-4c7e-4e17-b7b0-7ac44dd9f9ee;431.21;0.01000486;BUY
2016-04-19T01:28:31.853171;2016-04-19T01:28:31.983219;830880a6-7671-4b1b-adcc-bbb3d14788af;431.22;6.94571;BUY
2016-04-19T01:28:31.853328;2016-04-19T01:28:31.983219;b951242a-1efc-4928-8a8a-f081662b7013;431.23;0.4;BUY
2016-04-19T01:28:31.853471;2016-04-19T01:28:31.983219;655a593b-5df6-4247-8e50-75d1b4ce196c;431.24;0.01000254;BUY
2016-04-19T01:28:31.853621;2016-04-19T01:28:31.998845;b1b6cfb0-aca1-42e8-9f74-cc4989c5222b;431.24;0.103;BUY
2016-04-19T01:28:31.853772;2016-04-19T01:28:31.998845;328dd0a8-7b1b-416e-bce6-283e9c289c61;431.25;0.01000532;BUY
2016-04-19T01:28:31.853934;2016-04-19T01:28:31.998845;213f05b6-db66-457a-8158-a55ee81e4c27;431.26;0.01;BUY
2016-04-19T01:28:31.854085;2016-04-19T01:28:31.998845;3ab9780f-ccfa-40f5-921b-42c94013749f;431.26;2.35219728;BUY
2016-04-19T01:29:01.870661;2016-04-19T01:29:01.920736;025f2e36-b0d6-4180-a5e9-8f2733755190;431.24;0.01000555;SELL
2016-04-19T01:29:01.871090;2016-04-19T01:29:01.920736;4b2dc76c-f097-41ba-8b4f-d3f9048dea9b;431.19;0.01;SELL
2016-04-19T01:29:01.871389;2016-04-19T01:29:01.936348;aa0e7ccf-efbf-4a93-9798-696f79ef3614;431.19;0.078;SELL
2016-04-19T01:29:01.871623;2016-04-19T01:29:01.936348;111cdc98-9d09-44c9-a8f7-0c8bf6079e2a;431.18;0.01000393;SELL
2016-04-19T01:29:01.871879;2016-04-19T01:29:01.936348;76bcbfc9-2b2f-4ad1-8f1c-1e13669e9bae;431.14;0.00483052;SELL
2016-04-19T01:29:32.315460;2016-04-19T01:29:32.358252;73b6b754-791f-42c8-9c1a-67fe95df115a;431.21;0.01000393;BUY
2016-04-19T01:29:32.315789;2016-04-19T01:29:32.389501;729f5b07-39b5-4207-94cf-637c54612fef;431.25;0.01000555;BUY
2016-04-19T01:29:32.316073;2016-04-19T01:29:32.389501;465e102f-ddb6-4755-950c-981ea3fd56cb;431.26;0.01;BUY
2016-04-19T01:29:32.316323;2016-04-19T01:29:32.389501;62d5d788-0f5d-4407-bd50-46ec29a1f61e;431.26;0.112;BUY
2016-04-19T01:29:32.316534;2016-04-19T01:29:32.389501;05b662a3-337f-4ae6-827e-a49881ccc13a;431.27;0.01;BUY
2016-04-19T01:29:32.316755;2016-04-19T01:29:32.405142;b930c474-04e7-470d-adff-725bb2ab2e1c;431.27;0.01;BUY
2016-04-19T01:29:32.316951;2016-04-19T01:29:32.405142;94dc9376-5d5d-4d41-bb20-b24465722b11;431.27;2.17546052;BUY
2016-04-19T01:29:50.550322;2016-04-19T01:29:50.608221;71b08bdd-cb66-472c-a7a4-6f2c115af6f2;431.28;0.01;BUY
2016-04-19T01:29:50.550550;2016-04-19T01:29:50.608221;7a6181d7-4ce0-4a21-ac8e-9a5b22b16f92;431.28;0.01;BUY
2016-04-19T01:29:50.550734;2016-04-19T01:29:50.623888;e9d691df-9550-434e-a036-8074e8b87d9d;431.28;0.01;BUY
2016-04-19T01:29:50.550900;2016-04-19T01:29:50.623888;592aa15c-ecf3-4723-ad98-a1c9c475b52b;431.3;0.01;BUY
2016-04-19T01:29:50.551072;2016-04-19T01:29:50.623888;e057401b-20d0-41a7-b15b-a5f66a0ef610;431.3;0.01001508;BUY
2016-04-19T01:29:50.551220;2016-04-19T01:29:50.623888;b3877ebf-019a-447b-9278-b209d7cc5c1a;431.3;0.01;BUY
2016-04-19T01:29:50.551389;2016-04-19T01:29:50.623888;657c4b0f-d831-497b-9471-2e81a709effb;431.3;0.01;BUY
2016-04-19T01:29:50.551540;2016-04-19T01:29:50.623888;5d61ab24-955e-4e0b-bd30-c907ea2003d9;431.31;0.6700635;BUY
2016-04-19T01:30:01.966702;2016-04-19T01:30:02.014522;57e93ca1-81e4-4f3c-8661-9e683260624b;431.31;0.86253;BUY
2016-04-19T01:30:32.389269;2016-04-19T01:30:32.436408;2f25cb8e-1047-4a2a-8aef-cf4085fa5bd6;431.28;0.302;BUY
2016-04-19T01:30:32.389571;2016-04-19T01:30:32.436408;bb7be8f2-96bd-4ff8-af7f-4b3e30fd028d;431.28;0.399;BUY
2016-04-19T01:31:01.846828;2016-04-19T01:31:01.889548;4b7f8891-0c02-43ff-82ee-9be42d7030b2;431.29;2.05461;BUY
2016-04-19T01:31:32.020766;2016-04-19T01:31:32.077069;8421705d-79b6-44df-9864-13aef218b7d1;431.27;0.01;SELL
2016-04-19T01:31:32.021185;2016-04-19T01:31:32.092693;02d0a401-bea2-48b1-b9ff-544c239937e2;431.26;0.01;SELL
2016-04-19T01:31:32.021399;2016-04-19T01:31:32.092693;831f0cb9-ccf3-4daa-a708-07b7e15e4601;431.26;0.01;SELL
2016-04-19T01:31:32.021712;2016-04-19T01:31:32.092693;a1b2357d-eb1c-4084-b24e-b6a31e4ba052;431.25;0.01;SELL
2016-04-19T01:31:32.021905;2016-04-19T01:31:32.108312;64d94a80-a2f1-4c74-aed8-c90ef55c17cd;431.25;0.5;SELL
2016-04-19T01:31:32.022092;2016-04-19T01:31:32.155192;104ee6bf-9884-4072-b276-bd8f9c7aa740;431.23;0.01000601;SELL
2016-04-19T01:31:32.022418;2016-04-19T01:31:32.155192;ba7df988-a758-4930-94a8-591e49587930;431.23;0.1;SELL
2016-04-19T01:31:32.022596;2016-04-19T01:31:32.155192;f69ddef5-0647-4c47-90f2-53a74932a8e8;431.21;0.077;SELL
2016-04-19T01:31:32.022770;2016-04-19T01:31:32.155192;eef92f9a-1760-423a-8441-6bea89aa4e5d;431.2;0.01000416;SELL
2016-04-19T01:31:32.022953;2016-04-19T01:31:32.155192;bf0e8add-6d09-4918-a579-109f0fd8bc5c;431.2;0.01001624;SELL
2016-04-19T01:31:32.023397;2016-04-19T01:31:32.155192;096bffff-976f-4b73-96e7-5b130efb92b7;431.17;0.4;SELL
2016-04-19T01:31:32.023580;2016-04-19T01:31:32.155192;96bb0a48-e586-4764-a78d-94c8c9966593;431.16;0.121;SELL
2016-04-19T01:31:32.023747;2016-04-19T01:31:32.155192;f99d8a15-53a9-4785-92bc-bb653f4e6ede;431.15;0.01;SELL
2016-04-19T01:31:32.024060;2016-04-19T01:31:32.155192;bff74221-9879-4c9a-b6e1-fc6af72f3d13;431.15;0.01;SELL
2016-04-19T01:31:32.024242;2016-04-19T01:31:32.155192;0f4bd335-0d45-465e-b8da-52eff0646e28;431.14;0.00517596;SELL
2016-04-19T01:31:32.024557;2016-04-19T01:31:32.155192;1ef65ba0-3657-401e-b047-4e7ce8530e07;431.11;0.099;SELL
2016-04-19T01:31:32.024750;2016-04-19T01:31:32.170812;bb592c14-cdcb-4d3c-a30b-638a493a6137;431.1;0.01002204;SELL
2016-04-19T01:31:32.024932;2016-04-19T01:31:32.170812;f742d923-afa1-422a-a40e-0ea00c426d82;431.09;0.49000031;SELL
2016-04-19T01:31:32.025105;2016-04-19T01:31:32.170812;af29b79f-867d-47cd-bacc-75a783d37964;431.08;0.01;SELL
2016-04-19T01:31:32.025280;2016-04-19T01:31:32.170812;762520e3-c457-4316-9d7e-1e649afe2bec;431.08;0.49000063;SELL
2016-04-19T01:31:32.025681;2016-04-19T01:31:32.170812;fb52616c-8b89-43e4-a73a-128697c70dbd;431.07;0.14673465;SELL
2016-04-19T01:32:01.565415;2016-04-19T01:32:01.592708;735cf28a-580d-4d24-aef9-4ec3e3076552;431.15;0.01000648;BUY
2016-04-19T01:32:01.565685;2016-04-19T01:32:01.608304;513ef87a-5a64-4f94-a802-418081aa94c2;431.2;0.01002204;BUY
2016-04-19T01:32:01.565899;2016-04-19T01:32:01.608304;5a7d357a-c066-4d5d-98ca-c0901183a5dd;431.21;0.01000416;BUY
2016-04-19T01:32:01.566090;2016-04-19T01:32:01.639578;6608e120-90ce-4fd9-a671-0608d03a636d;431.23;0.04699732;BUY
2016-04-19T01:32:32.279239;2016-04-19T01:32:32.327094;0e58bf15-5a88-4280-826a-be02c05ed269;431.22;0.01;SELL
2016-04-19T01:32:32.279479;2016-04-19T01:32:32.342717;1b265720-d1bc-4a4c-852f-f8183bd936ad;431.21;0.01;SELL
2016-04-19T01:32:32.279671;2016-04-19T01:32:32.342717;dcbb76dc-6587-4085-9097-61f18b96ece9;431.2;0.01000439;SELL
2016-04-19T01:32:32.279827;2016-04-19T01:32:32.342717;4fccf82e-75c5-4868-8214-200a4ca66bc3;431.14;0.01000671;SELL
2016-04-19T01:32:32.279964;2016-04-19T01:32:32.342717;63413f54-1247-4bc1-aac1-29b00bd20602;431.14;0.2693789;SELL
2016-04-19T01:32:32.280486;2016-04-19T01:32:32.342717;5797f09f-82de-4d10-b672-26c774e4e84a;431.14;0.0206211;SELL
2016-04-19T01:32:32.280658;2016-04-19T01:32:32.342717;4ac816c9-68d4-4455-b01f-7f23146482a0;431.1;0.0100232;SELL
2016-04-19T01:32:32.280823;2016-04-19T01:32:32.342717;624ed251-dc4e-4d41-ad8f-66e6c6aff030;431.09;0.01;SELL
2016-04-19T01:32:32.281031;2016-04-19T01:32:32.358344;939b7cdd-e90f-4de8-9c55-21851c609e93;431.07;0.02;SELL
2016-04-19T01:32:32.281196;2016-04-19T01:32:32.358344;2a90a2f3-e56a-4ef2-a93b-b306148a4a71;431.06;0.32854058;SELL
