time_exchange;time_coinpai;guid;price;base_amount;taker_side
2016-02-07T00:00:00.930000;2016-02-07T00:00:00.947000;b311390b-72eb-4bbf-baad-cf0a03d6000d;375.44;0.7939;BUY
2016-02-07T00:00:44.657000;2016-02-07T00:00:44.680000;8839d259-b78c-4588-b2d4-9aa286f9f27a;375.38;0.01;SELL
2016-02-07T00:01:01.013000;2016-02-07T00:01:01.027000;fda68d6b-41cd-4442-aa4c-f722baf36ded;375.38;0.81832;BUY
2016-02-07T00:01:18.847000;2016-02-07T00:01:18.870000;9cd26df0-0090-45b1-8a02-93ffb5d1f1a1;375.37;2.0;SELL
2016-02-07T00:01:18.847000;2016-02-07T00:01:18.883000;aa1b533b-aac6-44fc-a8ad-0f984b749983;375.36;0.05;SELL
2016-02-07T00:01:18.847000;2016-02-07T00:01:18.883000;413cf4c5-1b58-44e4-b5e2-18637acf00b6;375.35;0.01;SELL
2016-02-07T00:01:18.847000;2016-02-07T00:01:18.883000;2497e599-136f-48b0-b273-a59ceb340368;375.35;0.01;SELL
2016-02-07T00:01:18.847000;2016-02-07T00:01:18.883000;890f4781-e67a-4944-a1ab-642f9313d06e;375.35;0.01;SELL
2016-02-07T00:01:18.847000;2016-02-07T00:01:18.977000;639f0e9e-d1a1-403e-8926-d349d7d82a7a;375.35;0.05;SELL
2016-02-07T00:01:18.850000;2016-02-07T00:01:18.977000;854fab9d-1dbc-4e9b-86ab-5e31e9fb3d2d;375.33;0.01;SELL
2016-02-07T00:01:18.850000;2016-02-07T00:01:18.977000;642bf50b-4f39-4973-8b16-9a8f02d655da;375.33;0.01;SELL
2016-02-07T00:01:18.850000;2016-02-07T00:01:18.977000;df555002-b3c3-41cb-8c68-fbbff8bdc02b;375.31;0.01;SELL
2016-02-07T00:01:18.850000;2016-02-07T00:01:18.977000;286527a3-0440-4565-9190-aad67ffa5492;375.31;0.01;SELL
2016-02-07T00:01:18.850000;2016-02-07T00:01:18.977000;60a74465-37fe-471d-bfd0-4d7886f90e62;375.3;0.23;SELL
2016-02-07T00:01:18.850000;2016-02-07T00:01:18.977000;4abc544b-3395-4c16-a9e0-053036d3ce28;375.29;0.01;SELL
2016-02-07T00:01:18.850000;2016-02-07T00:01:18.977000;7124e1ae-722d-413a-a637-cca2951d608c;375.27;0.01;SELL
2016-02-07T00:01:18.850000;2016-02-07T00:01:18.977000;b4ca26c8-d39e-469c-ad25-d0949173d0c7;375.27;0.01;SELL
2016-02-07T00:01:18.850000;2016-02-07T00:01:18.977000;14338e46-29c8-4983-81e0-d7f27d6c3aad;375.26;9.28772;SELL
2016-02-07T00:01:18.850000;2016-02-07T00:01:18.977000;058f80dd-9305-4eb4-ae52-49160a152169;375.26;0.481;SELL
2016-02-07T00:01:18.850000;2016-02-07T00:01:18.977000;1a375d51-6c3d-4897-a2d8-5c833da288bf;375.25;0.01;SELL
2016-02-07T00:01:18.850000;2016-02-07T00:01:18.977000;3406c76c-e88d-41c3-8393-17a00aac3dd3;375.25;0.493;SELL
2016-02-07T00:01:18.850000;2016-02-07T00:01:18.977000;86dc995c-ca77-4488-89f0-8f20615bd038;375.24;0.492;SELL
2016-02-07T00:01:18.850000;2016-02-07T00:01:18.977000;5c1d073e-2e39-4a7b-8256-2fb43d2dc2cb;375.23;0.01;SELL
2016-02-07T00:01:18.850000;2016-02-07T00:01:18.977000;b28184ee-5bd4-4e6e-80f9-fd70a13f5685;375.21;0.01;SELL
2016-02-07T00:01:18.853000;2016-02-07T00:01:18.977000;05cb570e-3201-4918-be9f-f86c02b18ac6;375.21;0.475;SELL
2016-02-07T00:01:18.853000;2016-02-07T00:01:18.977000;f598c030-bb75-4d13-bd4b-6c173300dbe0;375.2;0.01;SELL
2016-02-07T00:01:18.853000;2016-02-07T00:01:18.977000;f1cdd15d-f306-4aa6-8726-ddf48b33df61;375.19;0.01;SELL
2016-02-07T00:01:18.853000;2016-02-07T00:01:18.977000;92d92e57-ca62-4266-a6aa-2fe90a504063;375.19;0.01;SELL
2016-02-07T00:01:18.853000;2016-02-07T00:01:18.977000;7445f467-146c-4eb6-8a91-e2faab071463;375.18;0.524;SELL
2016-02-07T00:01:18.853000;2016-02-07T00:01:18.977000;ccf3e2c2-f66f-4248-9616-3141086960b8;375.17;0.01;SELL
2016-02-07T00:01:18.853000;2016-02-07T00:01:18.977000;d1c908bb-91f4-44ec-98b0-a171c8a13670;375.16;0.485;SELL
2016-02-07T00:01:18.853000;2016-02-07T00:01:18.977000;fb9bb491-3d12-40c6-bfca-ad26aa1446f3;375.15;0.01;SELL
2016-02-07T00:01:18.853000;2016-02-07T00:01:18.977000;4baacb4c-2b58-45b7-b7ff-39c1a29aab62;375.15;0.01;SELL
2016-02-07T00:01:18.853000;2016-02-07T00:01:18.977000;7f9e7c84-8fb1-4463-b129-f89999615255;375.13;0.01;SELL
2016-02-07T00:01:18.853000;2016-02-07T00:01:18.977000;0a5e046a-255f-4574-98c4-924f958fa752;375.13;0.01;SELL
2016-02-07T00:01:18.853000;2016-02-07T00:01:18.977000;ddca7ccc-e634-490a-a369-6949728707cc;375.13;0.515;SELL
2016-02-07T00:01:18.853000;2016-02-07T00:01:18.977000;27a4c5ed-500d-4067-bea0-aec8f7b89419;375.12;0.70728;SELL
2016-02-07T00:02:00.977000;2016-02-07T00:02:00.993000;31c20b71-ba84-45f8-8e76-1d3557bb0b08;375.29;0.01;BUY
2016-02-07T00:02:00.977000;2016-02-07T00:02:01.010000;16f12cc0-2b6f-44a5-8e28-a77a4ad14e1d;375.29;0.01;BUY
2016-02-07T00:02:00.977000;2016-02-07T00:02:01.010000;2f62f5fa-91af-47c7-a138-9dab09c1f596;375.29;0.07;BUY
2016-02-07T00:02:00.977000;2016-02-07T00:02:01.010000;e43e220d-0b03-4369-a208-4249647ce16f;375.31;0.01;BUY
2016-02-07T00:02:00.977000;2016-02-07T00:02:01.010000;89bc74c1-0a1c-4760-a0fa-bc6371deaf56;375.31;0.01;BUY
2016-02-07T00:02:00.977000;2016-02-07T00:02:01.010000;60b13361-9ea5-429b-8f29-5853fd7194cc;375.32;0.0263;BUY
2016-02-07T00:02:30.917000;2016-02-07T00:02:30.930000;36023bfd-f91f-4a82-a9b4-b7ff3e881392;375.29;0.04562;BUY
2016-02-07T00:02:50.977000;2016-02-07T00:02:50.993000;e0c38ac6-cb98-433a-b621-e2c5cb83b25a;375.29;0.01;BUY
2016-02-07T00:03:01.077000;2016-02-07T00:03:01.087000;f8d5e078-5df1-44ad-8731-b0ba0717bda6;375.29;0.03138;BUY
2016-02-07T00:03:01.077000;2016-02-07T00:03:01.103000;b8c44114-b652-42db-a009-06b05c038806;375.29;0.01738;BUY
2016-02-07T00:03:31.590000;2016-02-07T00:03:31.603000;78a75793-bf2c-497d-91b8-cba9d00a20ce;375.29;0.07755;BUY
2016-02-07T00:03:42.597000;2016-02-07T00:03:42.603000;f03f52fc-3eb8-4239-8a30-a1190f6de039;375.29;0.12;BUY
2016-02-07T00:03:42.597000;2016-02-07T00:03:42.633000;88498d00-af38-4f1b-82d2-5836b0a6986e;375.29;0.105;BUY
2016-02-07T00:03:50.780000;2016-02-07T00:03:50.790000;2559abf1-c8ca-4181-b2fc-b0363e2883cd;375.29;0.05;BUY
2016-02-07T00:03:50.790000;2016-02-07T00:03:50.807000;6bae77da-7a61-475f-bdaf-fe25a5c6c578;375.29;0.05;BUY
2016-02-07T00:03:51.220000;2016-02-07T00:03:51.243000;c96c14c3-62eb-4986-9d06-e91540c0bc5f;375.29;0.05;BUY
2016-02-07T00:04:00.857000;2016-02-07T00:04:00.913000;33c6cf48-812d-44bd-b58b-868641fb2ec4;375.29;0.959;BUY
2016-02-07T00:04:00.857000;2016-02-07T00:04:00.927000;61ab7409-41d7-46fc-8791-21185805722a;375.3;0.978;BUY
2016-02-07T00:04:00.857000;2016-02-07T00:04:00.927000;e63f9a29-1f36-4001-bda3-39e00f8b47c1;375.3;3.60146;BUY
2016-02-07T00:04:01.593000;2016-02-07T00:04:01.663000;718e8bf2-8817-4419-8652-8a5e9b42c2b0;375.28;0.01;SELL
2016-02-07T00:04:01.593000;2016-02-07T00:04:01.663000;fb77c55b-9a3a-440b-9e00-4bf5ac98554c;375.27;0.01;SELL
2016-02-07T00:04:01.593000;2016-02-07T00:04:01.663000;4840c294-7032-45ff-83fc-60605a971c01;375.26;0.00682;SELL
2016-02-07T00:04:01.600000;2016-02-07T00:04:01.677000;94db706f-5c54-428e-862b-5da12f39eab3;375.26;0.00318;SELL
2016-02-07T00:04:01.600000;2016-02-07T00:04:01.677000;3316d354-d873-4836-9cea-223a6fd588d8;375.26;0.05142;SELL
2016-02-07T00:04:01.643000;2016-02-07T00:04:01.710000;f983d577-fd80-4cb3-87f7-7a0553aef480;375.26;0.02858;SELL
2016-02-07T00:04:01.643000;2016-02-07T00:04:01.710000;5368e893-3a72-4773-89c1-c1f1c50ea21d;375.25;0.01;SELL
2016-02-07T00:04:01.643000;2016-02-07T00:04:01.710000;bf30663b-ea4c-4be0-8039-9d67effa1ba5;375.24;0.01;SELL
2016-02-07T00:04:01.643000;2016-02-07T00:04:01.723000;dc95bdb0-5a82-490c-bf42-66f4a88d00e6;375.23;0.01;SELL
2016-02-07T00:04:01.643000;2016-02-07T00:04:01.723000;aa522704-9755-4e59-a0c6-4bff9fa5547b;375.22;0.05;SELL
2016-02-07T00:04:01.643000;2016-02-07T00:04:01.723000;e70f04e1-5397-4ca1-8115-39fe21a2797d;375.21;0.01;SELL
2016-02-07T00:04:28.043000;2016-02-07T00:04:28.100000;bacfd4d1-d07f-417b-97b3-6fdbb46f5717;375.28;0.06;BUY
2016-02-07T00:04:31.077000;2016-02-07T00:04:31.130000;fbaa8016-17d9-41ae-8c34-a5f720879d1d;375.23;0.01;SELL
2016-02-07T00:04:31.077000;2016-02-07T00:04:31.147000;d418570f-d541-428a-bb0f-d3b4fbb72a53;375.22;0.01;SELL
2016-02-07T00:04:31.077000;2016-02-07T00:04:31.147000;77904cc2-6433-434e-a802-2390c88d2cab;375.21;0.01;SELL
2016-02-07T00:04:31.077000;2016-02-07T00:04:31.147000;c04e5811-4f87-4eb9-a9dc-34d66cdecd77;375.2;0.01;SELL
2016-02-07T00:04:31.077000;2016-02-07T00:04:31.147000;fd8dbf5a-72a5-4a8d-8f3d-45e4f8e26e7c;375.2;0.01;SELL
2016-02-07T00:04:31.077000;2016-02-07T00:04:31.163000;87e75963-ea51-4bbf-b4ee-5a600b6a2591;375.2;0.02909;SELL
2016-02-07T00:05:10.243000;2016-02-07T00:05:10.287000;5b421944-5632-47c1-8042-e35888e3a021;375.28;0.03;BUY
2016-02-07T00:05:10.243000;2016-02-07T00:05:10.303000;dd3fa39a-64f9-471a-a680-9223af7c2c40;375.28;0.12;BUY
2016-02-07T00:05:31.173000;2016-02-07T00:05:31.223000;f8133299-144a-44b8-b4b5-a31e1c2f1825;375.27;0.01;SELL
2016-02-07T00:05:31.173000;2016-02-07T00:05:31.240000;0593ebfd-2b56-44ec-b96a-39ecc11b6eae;375.26;0.01;SELL
2016-02-07T00:05:31.173000;2016-02-07T00:05:31.240000;c7e1eb0f-05bd-4dda-8064-21558ed0ec88;375.25;0.01;SELL
2016-02-07T00:05:31.173000;2016-02-07T00:05:31.240000;402e7822-03e6-4850-832b-0bd215f4a80d;375.24;0.01;SELL
2016-02-07T00:05:31.173000;2016-02-07T00:05:31.257000;3e2173ed-2656-4ff0-80ce-4f08e27d4f56;375.24;0.04709;SELL
2016-02-07T00:06:31.107000;2016-02-07T00:06:31.177000;0655f752-c0d9-4b7b-935d-76122ed0d632;375.28;0.88;BUY
2016-02-07T00:06:31.107000;2016-02-07T00:06:31.177000;23a452e2-5810-4196-bf93-2d34070e67d8;375.3;0.1;BUY
2016-02-07T00:06:31.107000;2016-02-07T00:06:31.177000;f8b49fa2-79c4-47c7-9be0-4f66381f559d;375.32;0.3395;BUY
2016-02-07T00:08:01.083000;2016-02-07T00:08:01.130000;a37d5d6d-602c-4b6d-8cb1-43a8453cf630;375.33;0.01;BUY
2016-02-07T00:08:01.083000;2016-02-07T00:08:01.130000;cde88b40-79df-45bb-9fe8-230b75c1d840;375.33;0.01;BUY
2016-02-07T00:08:01.083000;2016-02-07T00:08:01.130000;8b15e7d4-5172-4fa7-ba49-a97ba3e993f5;375.35;0.01;BUY
2016-02-07T00:08:01.083000;2016-02-07T00:08:01.130000;87405539-3a5f-4d0a-9763-95b5a4edd5cd;375.38;0.34188;BUY
2016-02-07T00:09:01.540000;2016-02-07T00:09:01.583000;58bdfd57-78ce-410d-acb6-b7c9ea786f33;375.37;0.01;SELL
2016-02-07T00:09:01.540000;2016-02-07T00:09:01.583000;b761c5d4-e2ca-4339-9c9f-82792f924072;375.36;0.01;SELL
2016-02-07T00:09:01.540000;2016-02-07T00:09:01.600000;94fb74ff-5469-4a02-b1f2-1afe7802e96c;375.36;0.112;SELL
2016-02-07T00:09:01.540000;2016-02-07T00:09:01.600000;b1796975-d056-4508-a175-5fa2e5da6d8f;375.33;0.079;SELL
2016-02-07T00:09:01.540000;2016-02-07T00:09:01.600000;62be933c-fdca-44ca-84e2-4d85d0edc6d9;375.32;0.01;SELL
2016-02-07T00:09:01.540000;2016-02-07T00:09:01.600000;d5791815-1d9d-4287-a462-7edd44b1e36e;375.31;0.01;SELL
2016-02-07T00:09:01.540000;2016-02-07T00:09:01.600000;f8fc8a80-ead9-4f91-8c12-3897cf70165e;375.31;0.18;SELL
2016-02-07T00:09:01.540000;2016-02-07T00:09:01.600000;b411b9e8-b5f9-442b-b465-09ac2af95ebd;375.3;0.01;SELL
2016-02-07T00:09:01.540000;2016-02-07T00:09:01.630000;720b0400-9426-4dd5-8d16-4406871983bc;375.3;0.117;SELL
2016-02-07T00:09:01.540000;2016-02-07T00:09:01.630000;69a31845-0719-40fa-b755-e9dec65486f8;375.29;0.01;SELL
2016-02-07T00:09:01.540000;2016-02-07T00:09:01.630000;b8297fce-7319-4b1b-b93a-f1d18ee5eb25;375.28;0.01;SELL
2016-02-07T00:09:01.540000;2016-02-07T00:09:01.630000;6bfc5ad6-bf11-4fd6-8fec-b6458d0acc98;375.28;0.05;SELL
2016-02-07T00:09:01.540000;2016-02-07T00:09:01.663000;9987db62-d0a6-4697-adb1-cc8e87ecd194;375.27;0.01;SELL
2016-02-07T00:09:01.540000;2016-02-07T00:09:01.663000;57069ae0-a680-4c2a-9122-359576670dfb;375.27;0.1;SELL
2016-02-07T00:09:01.540000;2016-02-07T00:09:01.663000;6f0a97c8-a364-46c9-a5d8-0a9f27601c72;375.26;0.01;SELL
2016-02-07T00:09:01.540000;2016-02-07T00:09:01.663000;dca0def1-515e-4f96-93e1-35d296b6f1d3;375.25;0.01;SELL
2016-02-07T00:09:01.543000;2016-02-07T00:09:01.663000;bca51731-83c4-46d2-8bec-ca83d3b41ce2;375.24;0.1;SELL
2016-02-07T00:09:01.543000;2016-02-07T00:09:01.663000;6297a693-887b-4662-83fd-fa3fd7314ebd;375.23;0.01;SELL
2016-02-07T00:09:01.543000;2016-02-07T00:09:01.663000;0e5a2d4c-30a5-4e24-b1c9-34df169d0d0b;375.22;0.01;SELL
2016-02-07T00:09:01.543000;2016-02-07T00:09:01.663000;fd501c60-03f6-4f31-9342-53f7ac50a45c;375.21;0.01;SELL
2016-02-07T00:09:01.543000;2016-02-07T00:09:01.663000;d5b18a0e-700c-4237-ad3d-a1e7947d1d3e;375.21;0.106;SELL
2016-02-07T00:09:01.543000;2016-02-07T00:09:01.663000;e2b1dd16-e655-449a-a670-0b49281f7c99;375.2;0.01;SELL
2016-02-07T00:09:01.543000;2016-02-07T00:09:01.663000;9bf6fd4f-5b2e-4769-bdeb-29db75a9a42f;375.2;0.082;SELL
2016-02-07T00:09:01.543000;2016-02-07T00:09:01.663000;cc674767-2e7b-4f19-93c3-67807debb605;375.2;8.934;SELL
2016-02-07T00:09:31.193000;2016-02-07T00:09:31.240000;ae8ca79b-c173-4625-ac9a-3f40504b9392;375.29;0.04;BUY
2016-02-07T00:09:31.193000;2016-02-07T00:09:31.240000;bfbd5c3e-5eba-45ec-8ce3-928267295e14;375.32;0.01;BUY
2016-02-07T00:09:31.193000;2016-02-07T00:09:31.240000;e48ce0e3-0def-4939-9f32-36372c50e8dd;375.32;0.029;BUY
2016-02-07T00:09:31.193000;2016-02-07T00:09:31.240000;5d35d844-000c-4878-8eb0-5fc98781e382;375.34;0.01;BUY
2016-02-07T00:09:31.193000;2016-02-07T00:09:31.240000;486d8587-496a-4c8b-be3e-aa56a379ad08;375.36;0.05;BUY
2016-02-07T00:09:31.193000;2016-02-07T00:09:31.240000;16714f03-f39f-4667-a45e-ea3489895f63;375.37;0.12596;BUY
2016-02-07T00:09:49.273000;2016-02-07T00:09:49.317000;cd21b847-f23e-4ef8-bb8d-b8cc5e218526;375.38;0.2023;BUY
2016-02-07T00:09:49.303000;2016-02-07T00:09:49.350000;0596f924-7557-45c5-8fb3-168386b0bcbc;375.38;0.1953008;BUY
2016-02-07T00:10:01.207000;2016-02-07T00:10:01.240000;dca36c9f-1afc-4938-8c4a-adbc25157f9e;375.38;2.28707;BUY
2016-02-07T00:11:30.900000;2016-02-07T00:11:30.927000;37e1afd7-5b70-416e-85f9-d25bd96d6351;375.38;0.04064;BUY
2016-02-07T00:11:30.997000;2016-02-07T00:11:31.037000;db7edb9d-f76f-46aa-9409-436a5f711bb4;375.38;0.27103;BUY
2016-02-07T00:11:59.673000;2016-02-07T00:11:59.710000;9ebf75d2-a357-4171-a4f5-48b1354badde;375.38;0.07;BUY
2016-02-07T00:12:00.987000;2016-02-07T00:12:01.020000;a1c14b22-6d0e-437c-a652-3511141127f4;375.38;0.16378;BUY
2016-02-07T00:12:31.037000;2016-02-07T00:12:31.070000;a768d524-d809-4d44-931a-11e1bd16203e;375.38;0.42036;BUY
2016-02-07T00:14:01.147000;2016-02-07T00:14:01.177000;d15d0fc8-491f-460f-be9c-f1cf1942824c;375.38;4.22947;BUY
2016-02-07T00:15:01.140000;2016-02-07T00:15:01.163000;c8ef8c3c-96fa-4917-8dc2-65a12ad90df9;375.38;0.27;BUY
2016-02-07T00:15:26.950000;2016-02-07T00:15:26.973000;d92b3bb6-676e-4584-b67a-a128aea434ba;375.38;5.31e-06;BUY
2016-02-07T00:15:50.267000;2016-02-07T00:15:50.287000;0ccb4fe4-2271-4590-a10a-9de6e8523c5c;375.37;0.01;SELL
2016-02-07T00:15:50.267000;2016-02-07T00:15:50.303000;9144c460-fb03-4287-a6ae-4a14b5d0e99e;375.37;1.61;SELL
2016-02-07T00:15:50.267000;2016-02-07T00:15:50.303000;a168b9a5-af94-4cb0-9b7c-4d9fd3e8e617;375.37;1.2796679;SELL
2016-02-07T00:15:50.267000;2016-02-07T00:15:50.303000;25baa728-9a8d-4507-9074-e766cfb1661d;375.36;0.01;SELL
2016-02-07T00:15:50.270000;2016-02-07T00:15:50.303000;57a1516f-300b-4afd-af48-905ef82b2f83;375.35;0.01;SELL
2016-02-07T00:15:50.270000;2016-02-07T00:15:50.397000;2ca12b91-5b7b-4104-9f69-9c8ae3b6d4d7;375.35;4.192;SELL
2016-02-07T00:15:50.270000;2016-02-07T00:15:50.397000;569b78d7-d3ab-4427-bc7a-c9efb1787131;375.34;1.608;SELL
2016-02-07T00:15:50.270000;2016-02-07T00:15:50.397000;eb75d08b-6da2-4098-b1e2-9cc647f23b87;375.34;4.783;SELL
2016-02-07T00:15:50.270000;2016-02-07T00:15:50.397000;18a2e8a6-8a04-44f7-8914-735c47b12533;375.33;0.4973321;SELL
2016-02-07T00:16:01.110000;2016-02-07T00:16:01.130000;e21642e7-1d1d-4abc-917d-8abcf3016dfa;375.38;0.92317;BUY
2016-02-07T00:16:05.300000;2016-02-07T00:16:05.320000;4a06cda2-1f07-46ee-b95c-6e1de381335f;375.38;0.02;BUY
2016-02-07T00:16:20.403000;2016-02-07T00:16:20.427000;1130c51a-42d8-49d1-bd4c-8f5963e26fa1;375.37;0.01;SELL
2016-02-07T00:16:29.613000;2016-02-07T00:16:29.630000;deb8831f-ee54-4daf-99cc-62583e0897ef;375.37;0.01;SELL
2016-02-07T00:16:31.160000;2016-02-07T00:16:31.177000;428df38c-1ab0-427a-b48a-4940748ecc7e;375.37;0.26206;SELL
2016-02-07T00:16:37.303000;2016-02-07T00:16:37.320000;6b4fc40b-105e-4b3b-85d2-6b17b300304b;375.38;0.20812076;BUY
2016-02-07T00:16:37.567000;2016-02-07T00:16:37.583000;2dbbfef3-4d8e-4db4-82b2-aaab642f60b4;375.38;0.20812076;BUY
2016-02-07T00:16:37.833000;2016-02-07T00:16:37.880000;318609a0-48bc-41c4-b32d-d8e4768067b3;375.38;0.20812076;BUY
2016-02-07T00:16:38.917000;2016-02-07T00:16:38.927000;d13001d4-6e09-45e9-b6fb-cce58d633d2b;375.38;0.20812076;BUY
2016-02-07T00:16:39.900000;2016-02-07T00:16:39.927000;994e7b49-91d8-41c0-8d2d-c28c8bb153bf;375.38;0.20812076;BUY
2016-02-07T00:17:01.220000;2016-02-07T00:17:01.240000;65defdb3-a068-41fc-a4a9-838631ed9505;375.38;0.26543;BUY
2016-02-07T00:17:17.633000;2016-02-07T00:17:17.647000;80223a4d-fe4d-4350-9f48-144f361a9310;375.38;0.06;BUY
2016-02-07T00:17:31.040000;2016-02-07T00:17:31.070000;bea443e3-0693-4d8c-970e-0c81e795d94c;375.38;0.36596;BUY
2016-02-07T00:18:01.153000;2016-02-07T00:18:01.177000;873f88cf-3bc1-4507-afa6-2b4527f8ca0c;375.38;0.0112;BUY
2016-02-07T00:18:22.213000;2016-02-07T00:18:22.223000;04fc2b94-ef13-4758-8776-b924f26d39f0;375.38;0.1;BUY
2016-02-07T00:18:31.213000;2016-02-07T00:18:31.223000;c6e33a3f-b4bd-4a6f-90c0-589733b8e071;375.38;0.37696;BUY
2016-02-07T00:19:01.210000;2016-02-07T00:19:01.223000;dec97fad-2e11-431a-b119-f1c8da3f334f;375.38;0.52832;BUY
2016-02-07T00:19:31.290000;2016-02-07T00:19:31.333000;cc62a351-2442-464a-ad65-44b2746cd715;375.35;0.03996;BUY
2016-02-07T00:19:46.400000;2016-02-07T00:19:46.443000;8fa8b621-962c-48a7-be12-dbcd845be714;375.34;1.4;BUY
2016-02-07T00:20:31.363000;2016-02-07T00:20:31.413000;49f63d06-94f3-4d05-b380-732d2ebd17ac;375.34;0.07317;BUY
2016-02-07T00:20:35.660000;2016-02-07T00:20:35.693000;97595288-5757-4ae6-9698-6890f7331c1d;375.34;0.12;BUY
2016-02-07T00:20:41.420000;2016-02-07T00:20:41.460000;f8b6bd92-9e52-46ce-bcf6-d69e9bf28457;375.34;0.29;BUY
2016-02-07T00:21:13.980000;2016-02-07T00:21:14.023000;9b03ead4-b0e1-486e-bd8a-66385adb3895;375.33;0.20812076;SELL
2016-02-07T00:21:13.980000;2016-02-07T00:21:14.037000;efe7578e-f67e-4011-ae25-4dde2e613b60;375.31;0.01;SELL
2016-02-07T00:21:13.980000;2016-02-07T00:21:14.037000;a195fe2d-6a1d-403e-8a40-09e3ab64800e;375.3;0.01;SELL
2016-02-07T00:21:13.980000;2016-02-07T00:21:14.053000;b1cf07ad-4385-49a0-932e-23245641e360;375.29;0.01;SELL
2016-02-07T00:21:13.980000;2016-02-07T00:21:14.053000;3f0ea012-1951-451c-8683-1ca05c25954d;375.27;0.01;SELL
2016-02-07T00:21:13.983000;2016-02-07T00:21:14.130000;45c44f84-c723-4a17-8bc7-78d45b924c12;375.27;0.05;SELL
2016-02-07T00:21:13.983000;2016-02-07T00:21:14.130000;22c71059-1805-4b35-9259-76291fffc6d6;375.26;0.01;SELL
2016-02-07T00:21:13.983000;2016-02-07T00:21:14.130000;8560b66f-c033-42f7-ad86-1415a6f115a6;375.25;0.01;SELL
2016-02-07T00:21:13.983000;2016-02-07T00:21:14.130000;a444a051-204f-4b6c-bd5c-6dcfbf26d377;375.25;1.28;SELL
2016-02-07T00:21:13.983000;2016-02-07T00:21:14.130000;0d3066f3-3b28-4bf2-92e9-6c0341465f05;375.25;0.076;SELL
2016-02-07T00:21:13.983000;2016-02-07T00:21:14.130000;3032ee81-3666-4a5f-9d14-e7a2bb26a92b;375.24;0.01;SELL
2016-02-07T00:21:13.983000;2016-02-07T00:21:14.130000;ef5595c8-6fdc-4bf0-ac1d-80fad37c3807;375.24;0.20812076;SELL
2016-02-07T00:21:13.983000;2016-02-07T00:21:14.130000;9b721dba-0f5b-4df2-baa2-d03ea03b6c13;375.22;0.01;SELL
2016-02-07T00:21:13.983000;2016-02-07T00:21:14.130000;4468fff0-9d54-4e5f-9990-7395d379eabd;375.22;0.093;SELL
2016-02-07T00:21:13.983000;2016-02-07T00:21:14.130000;874817b6-1242-439b-9011-a46a941a3ae0;375.2;9.26385;SELL
2016-02-07T00:21:13.983000;2016-02-07T00:21:14.130000;98953499-6e2a-41ef-956c-81dfbf403ae7;375.19;0.119;SELL
2016-02-07T00:21:13.983000;2016-02-07T00:21:14.130000;4504ec19-85aa-494a-a386-5e6ca5927032;375.18;0.01;SELL
2016-02-07T00:21:13.983000;2016-02-07T00:21:14.130000;18a25a7e-2ef4-4ce3-8346-4144b72fae72;375.16;0.01;SELL
2016-02-07T00:21:13.983000;2016-02-07T00:21:14.130000;5c2242bb-3b80-43cd-9694-a6de3181ca9a;375.16;0.01;SELL
2016-02-07T00:21:13.983000;2016-02-07T00:21:14.130000;7e42e26d-cc9b-49a8-816e-928ee974e378;375.16;0.084;SELL
2016-02-07T00:21:13.983000;2016-02-07T00:21:14.130000;7c217da5-5d00-4553-bae7-52e9730a59c2;375.15;0.20812076;SELL
2016-02-07T00:21:13.983000;2016-02-07T00:21:14.147000;b5c6a6f3-e756-4d98-96d0-11aa8f37f9ad;375.14;0.01;SELL
2016-02-07T00:21:13.987000;2016-02-07T00:21:14.147000;ec4111ad-9212-400c-9e67-ebed87864fdb;375.13;0.086;SELL
2016-02-07T00:21:13.987000;2016-02-07T00:21:14.147000;a1e32189-315c-4cb5-bbbb-07d7f7027434;375.11;0.01;SELL
2016-02-07T00:21:13.987000;2016-02-07T00:21:14.147000;79d5a2ad-2e6c-41ba-bfb8-8a18abacc73d;375.11;0.01;SELL
2016-02-07T00:21:13.987000;2016-02-07T00:21:14.147000;35ad82cd-6dae-4bef-887c-8b50fa323049;375.1;0.01;SELL
2016-02-07T00:21:13.987000;2016-02-07T00:21:14.147000;a6c0601d-eb3e-4f82-b803-46caebc55269;375.1;0.01;SELL
2016-02-07T00:21:13.987000;2016-02-07T00:21:14.147000;db5b9c7f-7125-4dfa-a914-9a9f2ace7039;375.1;0.083;SELL
2016-02-07T00:21:13.987000;2016-02-07T00:21:14.147000;5ca85e67-1efd-431b-98af-260284166600;375.07;0.129;SELL
2016-02-07T00:21:13.987000;2016-02-07T00:21:14.147000;d7c6d27b-caa6-445a-9c51-7beaf82a49dd;375.06;0.20812076;SELL
2016-02-07T00:21:13.987000;2016-02-07T00:21:14.147000;fce4dcb2-f88d-43e7-82be-55be099c9e9b;375.04;0.123;SELL
2016-02-07T00:21:13.987000;2016-02-07T00:21:14.147000;ee596c9b-ad02-4109-bb8f-bdbf7cbb0039;375.02;0.96;SELL
2016-02-07T00:21:13.987000;2016-02-07T00:21:14.147000;c9f88e1e-f0aa-4966-9f46-cba0997672ab;375.01;0.105;SELL
2016-02-07T00:21:13.987000;2016-02-07T00:21:14.147000;b15da6cf-b25d-416b-8f75-7772348d7144;375.01;1.28;SELL
2016-02-07T00:21:13.987000;2016-02-07T00:21:14.147000;a12318a9-3e1a-43e8-a2c5-3ebee559d682;375.0;0.01;SELL
2016-02-07T00:21:13.987000;2016-02-07T00:21:14.147000;8eada5e2-0584-4948-ba66-d9eba775e6fd;375.0;0.025;SELL
2016-02-07T00:21:13.987000;2016-02-07T00:21:14.147000;65e6d4ad-5728-481a-99e8-ea921223aa1c;374.99;4.0;SELL
2016-02-07T00:21:13.987000;2016-02-07T00:21:14.147000;fd72f59a-be92-4a40-96ab-e8a03cf03dcb;374.98;1.24066696;SELL
2016-02-07T00:21:31.260000;2016-02-07T00:21:31.320000;c3433346-21c7-4c79-a78d-a701b733529d;375.25;0.01;BUY
2016-02-07T00:21:31.260000;2016-02-07T00:21:31.320000;d5a0b8da-39f9-4528-beae-3087aab4ed18;375.25;1.202;BUY
2016-02-07T00:21:31.260000;2016-02-07T00:21:31.320000;f5d4ba98-4933-4db6-8e47-7dbf4f1423f8;375.27;0.68009;BUY
2016-02-07T00:22:01.330000;2016-02-07T00:22:01.380000;60b301e0-94b3-4262-b1aa-48932b9535ef;375.26;0.1508;BUY
2016-02-07T00:23:14.060000;2016-02-07T00:23:14.117000;14289968-18aa-489e-8121-0ee9b2c51093;375.24;0.08;BUY
2016-02-07T00:23:14.060000;2016-02-07T00:23:14.117000;ba597f65-bca9-4b34-9d8e-f20e38b9e476;375.24;0.097;BUY
2016-02-07T00:23:31.523000;2016-02-07T00:23:31.553000;9a402fa8-ed0d-429d-8224-ff4c044bcaed;375.24;0.04771;BUY
2016-02-07T00:24:01.437000;2016-02-07T00:24:01.490000;09e8c75b-9415-4b4d-894d-bf1f70e169f8;375.23;0.01;SELL
2016-02-07T00:24:01.437000;2016-02-07T00:24:01.490000;d1c693aa-bce9-45ad-96ec-ae11b6ce3aa9;375.16;0.01;SELL
2016-02-07T00:24:01.437000;2016-02-07T00:24:01.490000;89b5fee0-5de5-457d-aaf1-3e4e19334e9c;375.16;0.05;SELL
2016-02-07T00:24:01.437000;2016-02-07T00:24:01.490000;182fad63-fc29-4bcc-9205-03fe51de3b17;375.14;0.01;SELL
2016-02-07T00:24:01.440000;2016-02-07T00:24:01.490000;8ef45d27-d35c-4988-b56c-57a23642c025;375.0;0.01;SELL
2016-02-07T00:24:01.440000;2016-02-07T00:24:01.490000;002d4603-5d64-4530-a8eb-fe7cd9ee4245;374.97;0.20812076;SELL
2016-02-07T00:24:01.440000;2016-02-07T00:24:01.490000;ccd082d6-029c-486b-9248-aa3100d7f885;374.95;0.01;SELL
2016-02-07T00:24:01.440000;2016-02-07T00:24:01.490000;f1274524-4078-4e87-b6fb-333b2a66b72f;374.95;0.01;SELL
2016-02-07T00:24:01.440000;2016-02-07T00:24:01.490000;fc95ba51-cb85-4579-9ed7-9fcf657f95af;374.93;0.02248924;SELL
2016-02-07T00:24:24.240000;2016-02-07T00:24:24.287000;dbe823cb-0e61-4860-b6ec-a531e9e258f4;375.07;0.15097;BUY
2016-02-07T00:24:31.297000;2016-02-07T00:24:31.333000;2775eabb-1d07-4a62-92f5-1ee7cc1535a2;375.07;0.09821;BUY
2016-02-07T00:24:37.283000;2016-02-07T00:24:37.320000;b249ece3-4da7-4282-8352-76812123d857;375.06;0.01;SELL
2016-02-07T00:24:37.283000;2016-02-07T00:24:37.333000;d9d0710f-6a55-4b2f-8630-6589b2e0fbff;374.92;0.01;SELL
2016-02-07T00:24:37.283000;2016-02-07T00:24:37.333000;39e1e882-b6e8-4b4e-aaf9-7b9133a87f73;374.9;0.01;SELL
2016-02-07T00:24:37.283000;2016-02-07T00:24:37.333000;55e95bc2-8829-4214-b8c8-1c307ece14e9;374.8;0.01;SELL
2016-02-07T00:24:37.283000;2016-02-07T00:24:37.333000;89d1e71d-f82f-4522-86c3-3d7f52d60400;374.8;0.11706268;SELL
2016-02-07T00:24:48.820000;2016-02-07T00:24:48.850000;a6a49a0c-0b1b-44c3-8a03-a0471b267a04;374.91;0.28;BUY
2016-02-07T00:25:01.360000;2016-02-07T00:25:01.397000;f98ef477-70ab-4811-9c25-a7c7e09b89c9;374.9;0.01;SELL
2016-02-07T00:25:01.363000;2016-02-07T00:25:01.413000;01b581ae-b3db-4c08-a721-c64f29d1f40c;374.88;0.01;SELL
2016-02-07T00:25:01.363000;2016-02-07T00:25:01.413000;72eb8603-503a-4e69-92fc-c4a0a634316f;374.88;0.01;SELL
2016-02-07T00:25:01.363000;2016-02-07T00:25:01.413000;c10126b8-e060-47ee-8335-4e79ab7bce33;374.86;0.01;SELL
2016-02-07T00:25:01.363000;2016-02-07T00:25:01.413000;01aa5517-9bcb-4272-8493-c1a76f4cb041;374.86;0.01;SELL
2016-02-07T00:25:01.363000;2016-02-07T00:25:01.413000;ea791c84-17df-46ce-9696-62dc58ac37d1;374.84;0.01;SELL
2016-02-07T00:25:01.363000;2016-02-07T00:25:01.413000;12005aab-20f2-4881-857d-d849d2a591c4;374.84;0.01;SELL
2016-02-07T00:25:01.363000;2016-02-07T00:25:01.443000;c5b9e58f-f5e0-4a8b-a116-c32e9da5a1a5;374.82;0.01;SELL
2016-02-07T00:25:01.363000;2016-02-07T00:25:01.443000;5821f2ff-a344-4362-be33-ae67445bdae2;374.8;0.05;SELL
2016-02-07T00:25:01.363000;2016-02-07T00:25:01.443000;0de0bef1-ebb6-4c67-86ac-69c71aa530c9;374.79;0.01;SELL
2016-02-07T00:25:01.363000;2016-02-07T00:25:01.443000;674d02c5-2e52-480a-aac3-d6ec1fca9398;374.76;0.01;SELL
2016-02-07T00:25:01.363000;2016-02-07T00:25:01.443000;154af5f6-769b-463e-b5e4-ffb7c40e0e1c;374.76;0.121;SELL
2016-02-07T00:25:01.363000;2016-02-07T00:25:01.443000;2b4fb20d-d87e-42f0-bedb-10fadd00fb15;374.73;0.011;SELL
2016-02-07T00:25:01.363000;2016-02-07T00:25:01.443000;7e2876d1-88a1-4b50-af0a-dd9fc5e62254;374.73;0.109;SELL
2016-02-07T00:25:01.363000;2016-02-07T00:25:01.460000;64d846da-9e3d-40e8-bd2b-7ec40a50a02a;374.72;0.011;SELL
2016-02-07T00:25:01.363000;2016-02-07T00:25:01.460000;11b77ce4-af15-40af-97ab-becb1ccde4a3;374.71;0.01;SELL
2016-02-07T00:25:01.363000;2016-02-07T00:25:01.460000;d743a78f-4fb9-4497-908b-1564e6552149;374.7;0.01;SELL
2016-02-07T00:25:01.363000;2016-02-07T00:25:01.473000;66e44eab-2919-4263-aae2-6f82bbea68f3;374.7;0.01;SELL
2016-02-07T00:25:01.363000;2016-02-07T00:25:01.473000;7c4c11cb-2010-4463-96c0-156925c27af0;374.7;0.011;SELL
2016-02-07T00:25:01.367000;2016-02-07T00:25:01.473000;639d93cc-dd3b-47b1-9abc-40fea16eb036;374.7;0.011;SELL
2016-02-07T00:25:01.367000;2016-02-07T00:25:01.473000;65592a6c-c678-4e93-b2b5-f6b036cf0709;374.7;0.119;SELL
2016-02-07T00:25:01.367000;2016-02-07T00:25:01.507000;7e4f2fc2-2cac-4ae4-bbee-894a859c0359;374.69;0.01;SELL
2016-02-07T00:25:01.367000;2016-02-07T00:25:01.507000;b806226c-8de9-438e-8b5a-5374a8bfe5e7;374.69;0.077;SELL
2016-02-07T00:25:01.367000;2016-02-07T00:25:01.507000;27c5c1ac-c91c-4855-9569-80485072456c;374.68;0.011;SELL
2016-02-07T00:25:01.367000;2016-02-07T00:25:01.507000;8f73f30e-3834-4bd2-9293-21be7203e5dc;374.67;0.011;SELL
2016-02-07T00:25:01.367000;2016-02-07T00:25:01.507000;4fa87d0d-df76-4015-8842-ef790090f40f;374.67;0.01;SELL
2016-02-07T00:25:01.367000;2016-02-07T00:25:01.507000;581df0a7-5d3f-48f8-9bb0-6adbee707119;374.66;0.01;SELL
2016-02-07T00:25:01.367000;2016-02-07T00:25:01.507000;afe509a4-d16f-407e-b9d6-52917fd435dd;374.66;0.01;SELL
2016-02-07T00:25:01.367000;2016-02-07T00:25:01.507000;2f9acb26-39e0-4697-8630-b2b34564ce71;374.66;0.091;SELL
2016-02-07T00:25:01.367000;2016-02-07T00:25:01.507000;3013b1c0-39e4-4a51-bf5a-bb86fbaba19f;374.65;0.01;SELL
2016-02-07T00:25:01.367000;2016-02-07T00:25:01.507000;4ccac3f9-a2b4-4020-81f1-d79ec3349f0d;374.65;0.01;SELL
2016-02-07T00:25:01.367000;2016-02-07T00:25:01.507000;34df6f33-94d5-45e8-8fd8-9dfa02fb45ee;374.64;0.01;SELL
2016-02-07T00:25:01.367000;2016-02-07T00:25:01.507000;f7b77b39-07d0-4c22-8575-76fad0c1ec63;374.63;0.01;SELL
2016-02-07T00:25:01.367000;2016-02-07T00:25:01.507000;04ecc325-49ee-45d2-a3e2-2e757f806971;374.63;0.01;SELL
2016-02-07T00:25:01.367000;2016-02-07T00:25:01.507000;e192cbbd-6862-4c57-95c1-e2841b7d4a85;374.63;0.08521;SELL
2016-02-07T00:26:01.390000;2016-02-07T00:26:01.427000;5fe6afb1-9c49-430a-8a40-33275ad5d70d;374.74;0.19996;BUY
2016-02-07T00:26:27.350000;2016-02-07T00:26:27.380000;10d58c1b-e585-4ba8-b261-125a359c4769;374.73;5.31e-06;SELL
2016-02-07T00:26:27.420000;2016-02-07T00:26:27.443000;4fea51f2-89bc-4d2f-bb2e-e5749755c2ba;374.74;0.21;BUY
2016-02-07T00:26:27.773000;2016-02-07T00:26:27.820000;0ae15d84-0fd2-4758-91ac-429f72198e58;374.74;0.27920272;BUY
2016-02-07T00:26:44.907000;2016-02-07T00:26:44.943000;43d862d6-8171-4096-afa6-4be0b1c98f86;374.81;0.01;BUY
2016-02-07T00:26:44.907000;2016-02-07T00:26:44.943000;c2c3050a-3098-43fc-a1a3-00103d075926;374.82;0.01;BUY
2016-02-07T00:27:50.510000;2016-02-07T00:27:50.537000;79db5f45-3752-4193-847a-e520a59d7d24;374.76;0.01;BUY
2016-02-07T00:27:53.043000;2016-02-07T00:27:53.070000;54331086-f950-45ae-b855-2f01049131ae;374.76;0.05;BUY
2016-02-07T00:27:53.567000;2016-02-07T00:27:53.600000;e1da4726-87b5-4ca4-b322-b81a12a3d512;374.76;0.05;BUY
2016-02-07T00:27:53.613000;2016-02-07T00:27:53.647000;f53bbfc9-d7a6-4701-8ec6-71aedbf07c88;374.76;0.05;BUY
2016-02-07T00:28:05.520000;2016-02-07T00:28:05.553000;b9b6762c-7ed1-4c85-9857-6157c5ce1853;374.75;0.01;SELL
2016-02-07T00:28:34.707000;2016-02-07T00:28:34.757000;0e2baf71-9c69-4e2d-a209-23c10c615a1a;374.73;0.00999469;SELL
2016-02-07T00:28:34.707000;2016-02-07T00:28:34.773000;cf48e9c9-209f-4e2f-8d5a-01b9b17be324;374.73;0.01;SELL
2016-02-07T00:28:34.710000;2016-02-07T00:28:34.773000;c6224825-0d84-4bfe-a5da-74cb8ad89148;374.71;0.01;SELL
2016-02-07T00:28:34.710000;2016-02-07T00:28:34.773000;bb5b0ce6-3817-4fca-ab56-057ab2a9e081;374.71;0.01;SELL
2016-02-07T00:28:34.710000;2016-02-07T00:28:34.773000;bfc867f2-edac-4fa3-b9ce-55e0c2568a57;374.71;0.128;SELL
2016-02-07T00:28:34.710000;2016-02-07T00:28:34.773000;f8bb2c36-4090-4bf8-96ec-03bbc298ad87;374.7;0.087;SELL
2016-02-07T00:28:34.710000;2016-02-07T00:28:34.787000;93c6d6c9-9247-4023-82f4-6aa569070685;374.69;0.01;SELL
2016-02-07T00:28:34.710000;2016-02-07T00:28:34.787000;971f2ad4-d063-4db7-988e-9b182b672e77;374.67;0.01;SELL
2016-02-07T00:28:34.710000;2016-02-07T00:28:34.787000;acb125c4-cd8e-4638-a34b-13115ec17552;374.67;0.01;SELL
2016-02-07T00:28:34.710000;2016-02-07T00:28:34.787000;7b0b0931-57ae-4ca2-adbf-3790eefd1ee6;374.67;0.05;SELL
2016-02-07T00:28:34.710000;2016-02-07T00:28:34.787000;af1acc8e-0f12-4690-918e-b7462f1da77c;374.67;0.079;SELL
2016-02-07T00:28:34.710000;2016-02-07T00:28:34.787000;7abd2259-995b-4ec1-9cc0-cdad47576c3d;374.65;0.01;SELL
2016-02-07T00:28:34.710000;2016-02-07T00:28:34.833000;d4db9b4d-5450-4fe9-be9e-ec5d41a48720;374.65;0.01;SELL
2016-02-07T00:28:34.710000;2016-02-07T00:28:34.850000;85c3af50-c890-4ff1-9f41-3b4dab46b975;374.64;0.119;SELL
2016-02-07T00:28:34.710000;2016-02-07T00:28:34.850000;4d880eb5-d716-4ffd-8be2-38e18f1c6674;374.62;0.01;SELL
2016-02-07T00:28:34.710000;2016-02-07T00:28:34.850000;90e73951-a665-404e-abac-52d95ec50dcc;374.62;0.01;SELL
2016-02-07T00:28:34.710000;2016-02-07T00:28:34.850000;37d8fcc1-5e94-46ae-8a75-f243dd56f4ce;374.62;0.01;SELL
2016-02-07T00:28:34.710000;2016-02-07T00:28:34.850000;9c2c5e8f-941b-44a5-bf0f-5a6a39891f4d;374.62;0.01;SELL
2016-02-07T00:28:34.710000;2016-02-07T00:28:34.867000;fc31134c-003a-4af6-b78b-aa1b5489d8c6;374.61;0.01;SELL
2016-02-07T00:28:34.710000;2016-02-07T00:28:34.867000;16fc945f-ba7d-4a44-a0ad-cd985fe00b79;374.61;0.01;SELL
2016-02-07T00:28:34.710000;2016-02-07T00:28:34.867000;712b6864-79ee-4734-b095-bafc6e68b70f;374.61;0.01;SELL
2016-02-07T00:28:34.713000;2016-02-07T00:28:34.867000;d31d2a3d-6853-46d5-b801-fecf274ff41d;374.61;0.01;SELL
2016-02-07T00:28:34.713000;2016-02-07T00:28:34.867000;a11e3675-83fc-4232-a001-1fd0f3e0492b;374.61;0.01;SELL
2016-02-07T00:28:34.713000;2016-02-07T00:28:34.867000;111e88b9-54d7-4f2e-bd54-11bc9d19ac11;374.61;0.01;SELL
2016-02-07T00:28:34.713000;2016-02-07T00:28:34.867000;33b51799-a72d-4990-8d12-0eb0fb0049b2;374.61;0.01;SELL
2016-02-07T00:28:34.713000;2016-02-07T00:28:34.867000;059fb1f0-dfe1-42cd-828b-905cf10c2708;374.61;0.072;SELL
2016-02-07T00:28:34.713000;2016-02-07T00:28:34.867000;151ee79c-dd90-4529-b53b-8ef08a1496ac;374.6;0.01;SELL
2016-02-07T00:28:34.713000;2016-02-07T00:28:34.867000;32577600-9ad6-47b9-bec6-d68c1253bae1;374.6;0.01;SELL
2016-02-07T00:28:34.713000;2016-02-07T00:28:34.867000;dfb454f7-1153-4c58-b69d-43a6cf33fc7d;374.6;0.01;SELL
2016-02-07T00:28:34.713000;2016-02-07T00:28:34.867000;dfeadde3-0730-460b-96bb-e86d25cb45c2;374.6;0.01;SELL
2016-02-07T00:28:34.713000;2016-02-07T00:28:34.867000;2ad74d18-f389-4a71-87a1-b90daaa1d676;374.6;0.01;SELL
2016-02-07T00:28:34.713000;2016-02-07T00:28:34.867000;684d381f-637b-4906-959a-edd0e0786a14;374.59;0.01;SELL
2016-02-07T00:28:34.713000;2016-02-07T00:28:34.867000;cd924bdd-9796-4492-9ea1-9069cca9d831;374.59;0.01;SELL
2016-02-07T00:28:34.713000;2016-02-07T00:28:34.867000;a1cb6336-228d-4ad5-8f1a-258dbfa20717;374.59;0.01;SELL
2016-02-07T00:28:34.713000;2016-02-07T00:28:34.867000;2fc496a5-2993-4cab-9a7b-b6c2787a1b92;374.59;0.01;SELL
2016-02-07T00:28:34.713000;2016-02-07T00:28:34.867000;bcf4df29-77de-449a-9655-49bc1a488f5a;374.59;0.01;SELL
2016-02-07T00:28:34.713000;2016-02-07T00:28:34.867000;21623a77-66b4-4932-a95d-382bc2600bf9;374.59;0.01;SELL
2016-02-07T00:28:34.713000;2016-02-07T00:28:34.867000;3de1190a-ba0b-4af5-9364-2683bef1c623;374.59;0.01;SELL
2016-02-07T00:28:34.713000;2016-02-07T00:28:34.867000;ae3ad2be-7268-475a-bb1f-7a610f704731;374.59;0.01;SELL
2016-02-07T00:28:34.713000;2016-02-07T00:28:34.880000;bac5703d-2dcd-44d1-83ca-80901ef4830f;374.59;0.01;SELL
2016-02-07T00:28:34.717000;2016-02-07T00:28:34.880000;a85e6c46-ec52-4f98-be4c-b12bd78ca236;374.58;0.01;SELL
2016-02-07T00:28:34.717000;2016-02-07T00:28:34.880000;9cc8ee63-d314-4ff5-bf78-e90352735f32;374.58;0.01;SELL
2016-02-07T00:28:34.717000;2016-02-07T00:28:34.880000;e0665ebb-9a0f-4b2b-b16f-82d534ca41c7;374.58;0.01;SELL
2016-02-07T00:28:34.717000;2016-02-07T00:28:34.880000;c51a35dd-99d9-4144-81b4-0fc598d5b9e7;374.58;0.01;SELL
2016-02-07T00:28:34.717000;2016-02-07T00:28:34.880000;99a2769d-c21a-4373-a785-f758459f53e3;374.58;0.01;SELL
2016-02-07T00:28:34.717000;2016-02-07T00:28:34.880000;64ae519b-c3ce-41b2-92af-d22d53fcc442;374.58;0.01;SELL
2016-02-07T00:28:34.717000;2016-02-07T00:28:34.880000;2d6004cd-cd89-4d7d-957f-a9edff8d2997;374.58;0.085;SELL
2016-02-07T00:28:34.717000;2016-02-07T00:28:34.880000;f5c85e00-f187-426d-8ee5-0c628c203a95;374.57;0.01;SELL
2016-02-07T00:28:34.717000;2016-02-07T00:28:34.927000;89803ab5-c540-4bf3-a079-5b6c591fe97e;374.57;0.01;SELL
2016-02-07T00:28:34.717000;2016-02-07T00:28:34.943000;2be2f7bc-66ab-4bfd-bc51-c6a1133f574a;374.57;0.01;SELL
2016-02-07T00:28:34.717000;2016-02-07T00:28:34.943000;aec3d34b-99e5-4d4e-891b-f56af478282f;374.57;0.01;SELL
2016-02-07T00:28:34.717000;2016-02-07T00:28:34.943000;c69a20ef-e4ec-4e28-a4b2-74045527db63;374.57;0.01;SELL
2016-02-07T00:28:34.717000;2016-02-07T00:28:34.943000;99d9666a-eaa8-466f-9e38-cf6a8ca26d5f;374.57;0.01;SELL
2016-02-07T00:28:34.717000;2016-02-07T00:28:34.943000;36b1d117-5990-4cf0-9b36-c98003e3e022;374.57;0.01;SELL
2016-02-07T00:28:34.717000;2016-02-07T00:28:34.943000;ae6cf27c-1ad8-47c4-9d5b-69317150368f;374.57;0.01;SELL
2016-02-07T00:28:34.717000;2016-02-07T00:28:34.943000;a1eac9e2-461a-4c8b-8eb3-9e59a13004bb;374.57;0.01;SELL
2016-02-07T00:28:34.717000;2016-02-07T00:28:34.943000;77f1b3cd-2a88-47c0-97ea-1b3a645cf5bf;374.57;0.16;SELL
2016-02-07T00:28:34.717000;2016-02-07T00:28:34.943000;fd31335e-d1da-4b1c-bf27-ab3298ed3758;374.56;0.01;SELL
2016-02-07T00:28:34.717000;2016-02-07T00:28:34.943000;5cdda23b-b576-4c88-8103-33438f0d955b;374.56;0.01;SELL
2016-02-07T00:28:34.717000;2016-02-07T00:28:34.943000;82e4e61f-e860-4a8c-90e7-2ae535001832;374.56;0.01;SELL
2016-02-07T00:28:34.720000;2016-02-07T00:28:34.943000;9a0421ad-1db8-4e23-a2e2-498f0aef4c49;374.56;0.01;SELL
2016-02-07T00:28:34.720000;2016-02-07T00:28:34.943000;bdad6fbd-d736-4c1b-8cb9-04e3e855ba67;374.56;0.01;SELL
2016-02-07T00:28:34.720000;2016-02-07T00:28:34.943000;79df0a0d-42c9-4aeb-aa72-b02ef5e5a855;374.56;0.01;SELL
2016-02-07T00:28:34.720000;2016-02-07T00:28:34.943000;6995045c-a3fa-45df-a62d-bef1ca631ad4;374.56;0.01;SELL
2016-02-07T00:28:34.720000;2016-02-07T00:28:34.943000;cbfd8a5f-179e-4d08-b747-55cf49a6772f;374.56;0.01;SELL
2016-02-07T00:28:34.720000;2016-02-07T00:28:34.943000;cf84d9ba-2ecd-4ce8-9d5b-a8d55e596d43;374.56;0.32;SELL
2016-02-07T00:28:34.720000;2016-02-07T00:28:34.943000;50169c55-ab85-4b8b-88ce-4607555a74ff;374.55;0.01;SELL
2016-02-07T00:28:34.720000;2016-02-07T00:28:34.943000;1ffb0694-a7e4-4bca-b3aa-cbad8c1616cf;374.55;0.01;SELL
2016-02-07T00:28:34.720000;2016-02-07T00:28:34.943000;5333ee61-abb9-4b00-b0a2-88a219fc1e14;374.55;0.01;SELL
2016-02-07T00:28:34.720000;2016-02-07T00:28:34.943000;62a8d68b-25c7-4ac6-9741-f5ad5b4a52e5;374.55;0.01;SELL
2016-02-07T00:28:34.720000;2016-02-07T00:28:34.943000;aa847dab-0d37-4dad-a316-877248743dc5;374.55;0.01;SELL
2016-02-07T00:28:34.720000;2016-02-07T00:28:34.943000;7a61d225-c54d-4f0a-b53f-98321367d8c4;374.55;0.01;SELL
2016-02-07T00:28:34.720000;2016-02-07T00:28:34.977000;72cc5202-f905-4112-a665-c3564f3074ba;374.55;0.01;SELL
2016-02-07T00:28:34.720000;2016-02-07T00:28:34.977000;f702e65d-ee2c-417b-9834-9925cab90bff;374.55;0.01;SELL
2016-02-07T00:28:34.720000;2016-02-07T00:28:34.977000;c0a3c4dd-9686-41c9-95d5-424afd478af4;374.55;0.01;SELL
2016-02-07T00:28:34.720000;2016-02-07T00:28:34.977000;b44622b1-41e3-4471-a69f-52966ccf9a5d;374.55;0.128;SELL
2016-02-07T00:28:34.720000;2016-02-07T00:28:34.977000;5c8d4f6c-cb27-410a-9b2c-0942625abc63;374.55;0.48;SELL
2016-02-07T00:28:34.720000;2016-02-07T00:28:34.977000;896b8f8a-51ab-430c-a1c6-c75359339498;374.55;1.0;SELL
2016-02-07T00:28:34.720000;2016-02-07T00:28:34.977000;7f6a95ff-2787-479b-928c-50ae00764fba;374.54;0.01;SELL
2016-02-07T00:28:34.720000;2016-02-07T00:28:34.977000;4cd76feb-40b9-4081-9b99-a0844b707b7a;374.54;0.01;SELL
2016-02-07T00:28:34.720000;2016-02-07T00:28:34.977000;2f9bc5f7-e576-4e8d-a9d2-ac7b4d587581;374.54;0.01;SELL
2016-02-07T00:28:34.723000;2016-02-07T00:28:34.977000;8f2157c1-d0ec-460e-a1c5-28a08a6f1be7;374.54;0.01;SELL
2016-02-07T00:28:34.723000;2016-02-07T00:28:34.977000;1fd662fc-c111-4cf1-9085-b274d2abcf94;374.54;0.01;SELL
2016-02-07T00:28:34.723000;2016-02-07T00:28:34.977000;2727905a-54b4-435a-b406-26b066154c20;374.54;0.01;SELL
2016-02-07T00:28:34.723000;2016-02-07T00:28:34.990000;6b5e47c9-3765-44cf-afc3-b3aa1f2208a6;374.54;0.01;SELL
2016-02-07T00:28:34.723000;2016-02-07T00:28:34.990000;d38c9a8a-5d93-4d98-b400-64cfbb5e8f7f;374.53;0.01;SELL
2016-02-07T00:28:34.723000;2016-02-07T00:28:34.990000;d6a85f6f-5140-4309-9796-c77dd84b5634;374.53;0.01;SELL
2016-02-07T00:28:34.723000;2016-02-07T00:28:34.990000;148f92d9-d6dc-4bb9-baf2-0fbd2fd52e9a;374.53;0.01;SELL
2016-02-07T00:28:34.723000;2016-02-07T00:28:34.990000;93d2a419-65fc-44a0-8e1c-a03c67d17fd6;374.53;0.01;SELL
2016-02-07T00:28:34.723000;2016-02-07T00:28:35.037000;bff898be-5596-43a5-86ba-df333df314dd;374.53;0.8;SELL
2016-02-07T00:28:34.723000;2016-02-07T00:28:35.037000;93f41433-36ab-439c-83db-8a3249ccfc5c;374.52;0.01;SELL
2016-02-07T00:28:34.723000;2016-02-07T00:28:35.037000;b9995892-b3f0-405d-a966-520002f05153;374.52;0.01;SELL
2016-02-07T00:28:34.723000;2016-02-07T00:28:35.037000;3044e273-bd5e-4450-8749-1a7ee99a0585;374.52;0.01;SELL
2016-02-07T00:28:34.723000;2016-02-07T00:28:35.037000;3b5f5a67-1ec2-4b4a-99b1-6d3d82998c2b;374.52;0.078;SELL
2016-02-07T00:28:34.723000;2016-02-07T00:28:35.037000;f8597a5c-3531-46bd-9ca0-f30e56cad07a;374.52;0.96;SELL
2016-02-07T00:28:34.723000;2016-02-07T00:28:35.037000;32d38e7c-f039-4aa8-b095-4ed37461fd4d;374.51;0.2682;SELL
2016-02-07T00:28:34.723000;2016-02-07T00:28:35.037000;fc3a535b-6d74-42cc-82eb-f0d8545319a6;374.51;0.01;SELL
2016-02-07T00:28:34.723000;2016-02-07T00:28:35.037000;34027370-984f-4455-97f0-8ac387470af1;374.51;0.01;SELL
2016-02-07T00:28:34.723000;2016-02-07T00:28:35.037000;d2bc5777-d221-445e-9911-227d90b4c421;374.51;0.01;SELL
2016-02-07T00:28:34.723000;2016-02-07T00:28:35.037000;9dc0aa36-5c3a-496f-bfbf-ee178bcf01d0;374.51;0.96;SELL
2016-02-07T00:28:34.723000;2016-02-07T00:28:35.037000;599ee4f5-36d6-4040-a4ca-10495690cf94;374.5;0.01;SELL
2016-02-07T00:28:34.723000;2016-02-07T00:28:35.037000;11d17e8e-f8cc-49ca-8afc-e7275a14fa6e;374.5;0.39;SELL
2016-02-07T00:28:34.727000;2016-02-07T00:28:35.037000;1394c3fc-f349-4f08-81f0-9288ebde8460;374.5;0.01;SELL
2016-02-07T00:28:34.727000;2016-02-07T00:28:35.037000;8fb5d83b-8a82-4890-943f-692c4e36f921;374.5;0.01;SELL
2016-02-07T00:28:34.727000;2016-02-07T00:28:35.037000;ba51c23f-8335-42c0-a20d-c67b70f4bf69;374.5;0.01;SELL
2016-02-07T00:28:34.727000;2016-02-07T00:28:35.037000;e60d9590-7acc-4c80-9431-d22bc0bc977e;374.5;0.01;SELL
2016-02-07T00:28:34.727000;2016-02-07T00:28:35.037000;fb40ba69-6105-4332-a5d1-dee2f51a5f2e;374.5;0.01;SELL
2016-02-07T00:28:34.727000;2016-02-07T00:28:35.037000;e22703af-f022-40be-9c26-9cb64875c5a3;374.5;0.01;SELL
2016-02-07T00:28:34.727000;2016-02-07T00:28:35.037000;0c41a476-12a2-4f55-8da1-3e95003ec0d5;374.5;0.01;SELL
2016-02-07T00:28:34.727000;2016-02-07T00:28:35.037000;7adea775-d108-4787-a4d9-90417949b0ae;374.5;0.96;SELL
2016-02-07T00:28:34.727000;2016-02-07T00:28:35.037000;11c5a085-ef13-4eeb-bcec-ba82c364d28b;374.49;0.050319;SELL
2016-02-07T00:28:34.727000;2016-02-07T00:28:35.037000;a7181e00-db8e-474a-913a-addcc1ad6f0f;374.49;0.01;SELL
2016-02-07T00:28:34.727000;2016-02-07T00:28:35.037000;07c8cfd6-07a4-4d43-be6a-30eee8a0cb1e;374.49;0.01;SELL
2016-02-07T00:28:34.727000;2016-02-07T00:28:35.037000;9ddc4cb9-5d45-49b1-b4ef-d56d76ec80d2;374.49;0.01;SELL
2016-02-07T00:28:34.727000;2016-02-07T00:28:35.037000;cd2e4183-fcf0-4a82-9f72-462798c5ff76;374.49;0.01;SELL
2016-02-07T00:28:34.727000;2016-02-07T00:28:35.037000;6fc48e22-4d07-4afc-9a79-b074e785f6b8;374.49;0.093;SELL
2016-02-07T00:28:34.727000;2016-02-07T00:28:35.037000;9f96d0bc-be55-429b-8714-70b6106d2580;374.49;1.12;SELL
2016-02-07T00:28:34.727000;2016-02-07T00:28:35.053000;8b66edf4-8dd5-47d1-b646-9a81e6b01398;374.48;0.01;SELL
2016-02-07T00:28:34.727000;2016-02-07T00:28:35.053000;34b9f76c-05f9-4e4b-bb1c-3eda28744466;374.48;0.01;SELL
2016-02-07T00:28:34.727000;2016-02-07T00:28:35.053000;6f735327-41bd-4f29-844e-457d6887adfd;374.48;0.01;SELL
2016-02-07T00:28:34.727000;2016-02-07T00:28:35.053000;75de7a69-33ea-4281-8457-9c756fd971db;374.48;0.01;SELL
2016-02-07T00:28:34.727000;2016-02-07T00:28:35.053000;8d0355f3-0331-4514-ae8a-3d5944859850;374.48;0.01;SELL
2016-02-07T00:28:34.730000;2016-02-07T00:28:35.053000;f9543777-45ee-4136-91af-4510fb207506;374.48;0.01;SELL
2016-02-07T00:28:34.730000;2016-02-07T00:28:35.053000;09517961-8712-4f3b-ac26-63ad55456d0d;374.48;0.48;SELL
2016-02-07T00:28:34.730000;2016-02-07T00:28:35.053000;bc18aeb0-7a24-4efd-9549-cf900a454f35;374.47;0.01;SELL
2016-02-07T00:28:34.730000;2016-02-07T00:28:35.053000;f5f33ecf-8dfb-4f9c-80e9-52240a64235a;374.47;0.01;SELL
2016-02-07T00:28:34.730000;2016-02-07T00:28:35.053000;f63ca010-3507-45c8-9861-1363dc3486b0;374.47;0.01;SELL
2016-02-07T00:28:34.730000;2016-02-07T00:28:35.053000;761db25d-b8ea-4653-8b41-fcb5f9a2c800;374.47;0.01;SELL
2016-02-07T00:28:34.730000;2016-02-07T00:28:35.053000;76a8df74-1813-4e4b-be86-7659466461ef;374.47;0.01;SELL
2016-02-07T00:28:34.730000;2016-02-07T00:28:35.053000;b37cf480-20d5-40ed-8fd5-c09ba39a51bb;374.47;0.01;SELL
2016-02-07T00:28:34.730000;2016-02-07T00:28:35.053000;667b9e20-ce81-4ee8-bcf4-9dc7a66a66c9;374.47;0.64;SELL
2016-02-07T00:28:34.730000;2016-02-07T00:28:35.070000;56ecf690-ab5a-49b6-9dd4-851d17159df4;374.47;2.0;SELL
2016-02-07T00:28:34.730000;2016-02-07T00:28:35.070000;5b607243-381d-4ae4-9bc7-ff8fbb5c2e14;374.46;0.01;SELL
2016-02-07T00:28:34.730000;2016-02-07T00:28:35.083000;8b7a93cf-0e14-47b7-8505-ad1690405876;374.46;0.01;SELL
2016-02-07T00:28:34.730000;2016-02-07T00:28:35.083000;2291d055-3bf6-4a3a-af65-a3ab772a3781;374.46;0.01;SELL
2016-02-07T00:28:34.730000;2016-02-07T00:28:35.083000;167cb5f6-53cc-43c8-bf3b-4c7c2d9b7705;374.46;0.01;SELL
2016-02-07T00:28:34.730000;2016-02-07T00:28:35.083000;43e13843-9f95-43d9-94fc-06abbe26e5ec;374.46;0.079;SELL
2016-02-07T00:28:34.730000;2016-02-07T00:28:35.083000;a100b899-8123-4dcf-b2d8-c16f8e148964;374.46;1.28;SELL
2016-02-07T00:28:34.730000;2016-02-07T00:28:35.117000;76105cf9-7244-49a8-9f0b-6fcc96547b93;374.45;0.01;SELL
2016-02-07T00:28:34.730000;2016-02-07T00:28:35.117000;0e158d99-9a73-410b-835d-2f7cbe1abbc3;374.45;0.01;SELL
2016-02-07T00:28:34.730000;2016-02-07T00:28:35.117000;4393c7f2-f0ad-4b5b-b9b7-a33d407affdb;374.45;0.00348631;SELL
2016-02-07T00:29:31.620000;2016-02-07T00:29:31.630000;e7940965-4933-47d1-8a1a-a4c529d63f66;374.71;0.03;BUY
2016-02-07T00:31:41.620000;2016-02-07T00:31:41.630000;7456f892-a819-49a3-b2e8-d47856635406;374.7;0.01276;BUY
2016-02-07T00:32:37.067000;2016-02-07T00:32:37.083000;66ec8e9b-6280-4848-af48-26eade00f948;374.7;0.23724;BUY
2016-02-07T00:32:37.070000;2016-02-07T00:32:37.100000;763c819c-9afb-47fd-9c04-c38ee7376d68;374.71;0.02;BUY
2016-02-07T00:32:37.070000;2016-02-07T00:32:37.100000;bf962af0-ef3e-44e5-a088-44c098e78a1b;374.71;0.05;BUY
2016-02-07T00:32:37.070000;2016-02-07T00:32:37.100000;9530faa6-94d6-471b-a905-0214d8327b89;374.71;0.05;BUY
2016-02-07T00:32:37.070000;2016-02-07T00:32:37.100000;f0164901-285a-4642-bc6c-ceb7d4552ba5;374.71;0.05;BUY
2016-02-07T00:32:37.070000;2016-02-07T00:32:37.180000;95530052-fb68-469e-a315-ad383c69bf03;374.71;0.05;BUY
2016-02-07T00:32:37.070000;2016-02-07T00:32:37.180000;cdd08ef7-e43a-4143-9344-b1fc2f7e24a1;374.72;0.05;BUY
2016-02-07T00:32:37.070000;2016-02-07T00:32:37.180000;61ad6f65-f079-402f-9799-4ef3a7526989;374.73;0.05;BUY
2016-02-07T00:32:37.070000;2016-02-07T00:32:37.180000;cbb9bb8d-3cfc-4e99-a6e5-e7d1a81dd900;374.74;0.05;BUY
2016-02-07T00:32:37.070000;2016-02-07T00:32:37.180000;5925ccee-7f1d-4ae2-8db7-904b8fa59820;374.74;0.05;BUY
2016-02-07T00:32:37.070000;2016-02-07T00:32:37.180000;095b3f63-cc14-4092-a5d7-aaa2c2e00f8a;374.74;0.2;BUY
2016-02-07T00:32:37.070000;2016-02-07T00:32:37.180000;592f2e3c-3e3d-495f-9ace-ae8f28fef454;374.75;0.01;BUY
2016-02-07T00:32:37.070000;2016-02-07T00:32:37.180000;3d8776fd-46c5-4730-82ca-850499857cbd;374.75;0.01;BUY
2016-02-07T00:32:37.070000;2016-02-07T00:32:37.180000;94f4c639-8718-4d3b-ae40-5bc9a4e39087;374.75;0.01;BUY
2016-02-07T00:32:37.070000;2016-02-07T00:32:37.180000;7be44474-bf4c-4476-b90a-8419c66e191e;374.75;0.05;BUY
2016-02-07T00:32:37.070000;2016-02-07T00:32:37.180000;95f9c8d1-126a-486b-b688-b3ea13a3a447;374.76;0.05;BUY
2016-02-07T00:32:37.070000;2016-02-07T00:32:37.180000;1794ceea-f601-4b03-aaf6-17de50930170;374.77;0.01;BUY
2016-02-07T00:32:37.070000;2016-02-07T00:32:37.180000;812c8dca-7dac-456f-b34c-fc1c7ef762f5;374.77;0.01;BUY
2016-02-07T00:32:37.070000;2016-02-07T00:32:37.180000;4094488a-1917-4b7e-80cb-358a372bf767;374.77;0.01;BUY
2016-02-07T00:32:37.070000;2016-02-07T00:32:37.180000;76601255-e1f7-4b08-b7b0-18d5ade0465a;374.77;0.05;BUY
2016-02-07T00:32:37.070000;2016-02-07T00:32:37.180000;fa36761e-b569-4f11-986d-6634df37e0c6;374.78;0.01;BUY
2016-02-07T00:32:37.070000;2016-02-07T00:32:37.180000;a6bab585-b006-4ac6-87d5-b0f3d2b38889;374.78;0.05;BUY
2016-02-07T00:32:37.070000;2016-02-07T00:32:37.180000;649d0174-f1c4-458c-a04a-a12bc33cef82;374.79;0.05;BUY
2016-02-07T00:32:37.073000;2016-02-07T00:32:37.180000;75ad9e16-f17e-47c4-9b92-87937ac53cc1;374.8;0.05;BUY
2016-02-07T00:32:37.073000;2016-02-07T00:32:37.180000;bc03df3d-20a4-4e30-a983-51d6b3b098dc;374.8;8.77276;BUY
2016-02-07T00:33:32.103000;2016-02-07T00:33:32.117000;10c7581e-a9e5-4594-a769-dd7a4d49a38e;374.8;0.03;BUY
2016-02-07T00:33:32.103000;2016-02-07T00:33:32.130000;437cb586-b1a8-439c-be38-be1e60f1a93d;374.8;0.25;BUY
2016-02-07T00:33:32.103000;2016-02-07T00:33:32.130000;5dbe7767-3f15-4e04-a696-8902ad8d4a2d;374.81;0.01;BUY
2016-02-07T00:33:32.103000;2016-02-07T00:33:32.130000;7077e63a-d7d6-49fc-84af-cb413d2d6379;374.81;0.05;BUY
2016-02-07T00:33:32.103000;2016-02-07T00:33:32.147000;cd3dce25-340a-4bf1-9f3e-cf18e7facf2b;374.81;0.05;BUY
2016-02-07T00:33:32.103000;2016-02-07T00:33:32.227000;d13dfc10-a67d-4b22-87a5-bf7ddd5ef7e9;374.82;0.05;BUY
2016-02-07T00:33:32.103000;2016-02-07T00:33:32.227000;cb7e1ce3-dea0-46d9-9fbb-c2979235557f;374.82;0.05;BUY
2016-02-07T00:33:32.103000;2016-02-07T00:33:32.227000;253f6e37-9c2b-4e3a-a1f8-bed040b78090;374.83;0.01;BUY
2016-02-07T00:33:32.107000;2016-02-07T00:33:32.227000;cef8e596-3bf7-4759-8718-5ddcd48b298c;374.84;0.01;BUY
2016-02-07T00:33:32.107000;2016-02-07T00:33:32.227000;e137832c-617c-40b6-8dcb-caaacd425ae6;374.85;0.01;BUY
2016-02-07T00:33:32.107000;2016-02-07T00:33:32.227000;78371d69-8b67-4e56-8e71-c5faf5fbfa9b;374.85;0.01;BUY
2016-02-07T00:33:32.107000;2016-02-07T00:33:32.227000;c2317fb2-b136-4ca4-9deb-c14026f75f3a;374.87;0.01;BUY
2016-02-07T00:33:32.107000;2016-02-07T00:33:32.227000;9bb9adc9-2228-459a-95e8-4f8175943015;374.87;0.01;BUY
2016-02-07T00:33:32.107000;2016-02-07T00:33:32.227000;ce8f78e0-90db-461d-9b01-d4680aadef8c;374.88;0.05;BUY
2016-02-07T00:33:32.107000;2016-02-07T00:33:32.227000;15b89f98-6732-423d-8737-22ee418731f7;374.89;0.01;BUY
2016-02-07T00:33:32.107000;2016-02-07T00:33:32.227000;e0e867f8-6b39-4a4e-b9f1-ea21f1435410;374.89;0.01;BUY
2016-02-07T00:33:32.107000;2016-02-07T00:33:32.227000;8bab4e18-0443-4d98-a800-4e9bfc092425;374.9;0.01;BUY
2016-02-07T00:33:32.107000;2016-02-07T00:33:32.227000;32c86776-f47c-4d5b-ac5c-3b18dac1d246;374.94;9.31061;BUY
2016-02-07T00:33:32.107000;2016-02-07T00:33:32.227000;6c09281e-f80d-4336-b5f5-376cc6b9170c;374.95;0.01;BUY
2016-02-07T00:33:32.107000;2016-02-07T00:33:32.227000;473cb3ee-0a31-4a02-b23b-1e1b5a41bc15;374.95;0.05;BUY
2016-02-07T00:33:32.107000;2016-02-07T00:33:32.227000;cf67edb6-bc6a-4993-9e66-91d400e8c844;374.95;0.05;BUY
2016-02-07T00:33:32.107000;2016-02-07T00:33:32.227000;23f76af0-0151-4208-8d70-ce62651a14af;374.95;0.046;BUY
2016-02-07T00:33:32.107000;2016-02-07T00:33:32.227000;9a743f67-40c8-4572-a0fa-09c798a4606e;374.97;0.01;BUY
2016-02-07T00:33:32.107000;2016-02-07T00:33:32.227000;35dfb2e5-1e8f-40d8-b498-a2851a65b2ed;374.98;0.01;BUY
2016-02-07T00:33:32.107000;2016-02-07T00:33:32.227000;ea36e0f6-671b-443e-b987-fc66c487b3a4;374.98;0.119;BUY
2016-02-07T00:33:32.107000;2016-02-07T00:33:32.227000;35c32d7f-c1c3-49c6-9113-4dd120cee052;374.98;0.33;BUY
2016-02-07T00:33:32.110000;2016-02-07T00:33:32.227000;16b242ca-de70-4bed-abfb-62927a02f062;374.99;0.01;BUY
2016-02-07T00:33:32.110000;2016-02-07T00:33:32.227000;0779765b-a89f-4014-9b0e-f03a008e3541;374.99;0.129;BUY
2016-02-07T00:33:32.110000;2016-02-07T00:33:32.227000;6d8c3f81-477f-4ec4-81b1-0588eddd6c81;375.01;0.01;BUY
2016-02-07T00:33:32.110000;2016-02-07T00:33:32.227000;cb195a7a-fa11-4261-b524-510759b4a17f;375.01;0.01;BUY
2016-02-07T00:33:32.110000;2016-02-07T00:33:32.227000;6fdb3167-cd56-41d2-b805-b8d13ec898ad;375.02;0.127;BUY
2016-02-07T00:33:32.110000;2016-02-07T00:33:32.227000;64632aed-35bf-4657-b9e1-e8af3e76b48e;375.03;0.01;BUY
2016-02-07T00:33:32.110000;2016-02-07T00:33:32.227000;7852b853-dd5a-48e8-9b56-4e5d61e161ab;375.03;0.01;BUY
2016-02-07T00:33:32.110000;2016-02-07T00:33:32.227000;0aa15a7c-30d4-44c9-960f-f7380b479323;375.05;0.01;BUY
2016-02-07T00:33:32.110000;2016-02-07T00:33:32.227000;b088686a-d2b9-443f-a114-1556eab47ea4;375.05;0.01;BUY
2016-02-07T00:33:32.110000;2016-02-07T00:33:32.227000;75c2be47-0889-4579-9c10-a4ad715c556a;375.05;0.092;BUY
2016-02-07T00:33:32.110000;2016-02-07T00:33:32.227000;23c111aa-846a-4e60-94e6-a8e130a65ef8;375.08;0.108;BUY
2016-02-07T00:33:32.110000;2016-02-07T00:33:32.227000;9f8ac7a7-5792-414a-b2c9-bec95abb4d99;375.1;0.01;BUY
2016-02-07T00:33:32.110000;2016-02-07T00:33:32.227000;04a1b916-1d36-4339-b7b9-5293c41fdb15;375.11;0.101;BUY
2016-02-07T00:33:32.110000;2016-02-07T00:33:32.227000;92c0b20b-772b-4df7-ac04-7514fddfc40a;375.14;0.112;BUY
2016-02-07T00:33:32.110000;2016-02-07T00:33:32.240000;af9bf949-1c32-41b7-a114-8c655f33fc82;375.15;0.01;BUY
2016-02-07T00:33:32.110000;2016-02-07T00:33:32.257000;87c73ff6-25ce-4360-a3d0-cd0ee6c7fc0c;375.16;0.05;BUY
2016-02-07T00:33:32.110000;2016-02-07T00:33:32.257000;67e49dae-419e-4d8e-9319-9d235650f159;375.17;0.085;BUY
2016-02-07T00:33:32.110000;2016-02-07T00:33:32.257000;94713a82-89b9-4559-b357-9676d38a4abf;375.19;0.8;BUY
2016-02-07T00:33:32.113000;2016-02-07T00:33:32.257000;5849c789-9ecf-458b-acaa-6b1e2f626995;375.2;0.129;BUY
2016-02-07T00:33:32.113000;2016-02-07T00:33:32.287000;e0dbfe48-4af4-4d58-8b8c-8945e03036b9;375.22;2.4;BUY
2016-02-07T00:33:32.113000;2016-02-07T00:33:32.287000;90f8d035-2372-4e1d-97c7-bb39e5e6b858;375.23;0.03969;BUY
2016-02-07T00:34:01.477000;2016-02-07T00:34:01.477000;a3634361-7ecd-4806-9f0f-d9093799b427;375.05;0.01;BUY
2016-02-07T00:34:01.477000;2016-02-07T00:34:01.490000;b55b010c-e2ef-4daa-b73b-e8a0fa4843d0;375.05;0.01;BUY
2016-02-07T00:34:01.477000;2016-02-07T00:34:01.490000;30b5a1e6-0529-446b-bc5d-7a452413c77b;375.07;0.01;BUY
2016-02-07T00:34:01.477000;2016-02-07T00:34:01.490000;050d2ebc-df71-4cee-8a0d-502257b78dd8;375.07;0.01;BUY
2016-02-07T00:34:01.477000;2016-02-07T00:34:01.490000;65d95c54-884a-4bb6-8fa6-7ca3b1f525e6;375.08;0.25;BUY
2016-02-07T00:34:01.477000;2016-02-07T00:34:01.490000;d2c8b1bd-79ab-4480-bbec-16f521dbe5db;375.09;0.01;BUY
2016-02-07T00:34:01.477000;2016-02-07T00:34:01.490000;a2e71337-246e-40ed-a240-e42977829479;375.09;0.01;BUY
2016-02-07T00:34:01.477000;2016-02-07T00:34:01.507000;b95fb72a-466d-4e77-aeb7-dafd5ca45312;375.1;0.05;BUY
2016-02-07T00:34:01.477000;2016-02-07T00:34:01.507000;e42f5557-6967-4684-88eb-42dc6166dbc9;375.11;0.01;BUY
2016-02-07T00:34:01.477000;2016-02-07T00:34:01.507000;e19fad2a-1e5e-4831-ac29-690d5d950210;375.13;0.01;BUY
2016-02-07T00:34:01.477000;2016-02-07T00:34:01.507000;e2092c89-c762-4149-aba8-c27c32fb3c6e;375.13;0.01;BUY
2016-02-07T00:34:01.477000;2016-02-07T00:34:01.537000;dd740f7c-f949-4be2-acde-a6edae608e47;375.13;0.99608;BUY
2016-02-07T00:34:15.243000;2016-02-07T00:34:15.257000;b52ef73c-ac3a-4c08-ae70-5963498a8eb0;375.05;0.778;SELL
2016-02-07T00:34:15.247000;2016-02-07T00:34:15.273000;ca7c8d66-bc5b-42dc-b1ed-86bfa79daeec;375.05;0.48;SELL
2016-02-07T00:34:15.247000;2016-02-07T00:34:15.273000;80c64f84-bdb7-43e5-b2fa-3bde772bfa99;375.04;9.32326;SELL
2016-02-07T00:34:15.247000;2016-02-07T00:34:15.273000;8c999520-3fb8-4388-be04-708d6a3e4d57;375.03;0.01;SELL
2016-02-07T00:34:15.247000;2016-02-07T00:34:15.287000;b96521e0-2eef-4999-a47c-a801b651e3a6;375.03;0.01;SELL
2016-02-07T00:34:15.247000;2016-02-07T00:34:15.287000;0abdc064-f7f2-4c0b-b73d-819929ef5c04;375.03;1.364;SELL
2016-02-07T00:34:15.247000;2016-02-07T00:34:15.287000;81a68c49-3b76-4712-997d-8c6414e4de03;375.03;0.39;SELL
2016-02-07T00:34:15.247000;2016-02-07T00:34:15.287000;05f4fc37-6829-42bb-b71b-d31508def339;375.0;1.349;SELL
2016-02-07T00:34:15.247000;2016-02-07T00:34:15.287000;e7cba63b-a747-41f5-a9bf-8c0e38a31e8b;374.99;0.01;SELL
2016-02-07T00:34:15.247000;2016-02-07T00:34:15.333000;aed0d651-7093-46bc-99e5-f1100ef8b0f8;374.99;0.05;SELL
2016-02-07T00:34:15.247000;2016-02-07T00:34:15.367000;7cb1b535-721e-4c37-953b-3df62c04efe8;374.98;0.01;SELL
2016-02-07T00:34:15.247000;2016-02-07T00:34:15.367000;21db97ad-3fc3-48cd-8412-f43d4e33e0fd;374.98;1.22574;SELL
2016-02-07T00:34:17.543000;2016-02-07T00:34:17.553000;719182a0-9ed9-4cee-9667-7cc0234a051b;375.1;0.02590811;BUY
2016-02-07T00:34:32.110000;2016-02-07T00:34:32.167000;86438bdf-d746-4927-aa4d-1a4f98dca90a;375.06;0.25;BUY
2016-02-07T00:34:32.110000;2016-02-07T00:34:32.197000;ebc0e743-b6f3-44ef-9f7a-d0bd5fd314b9;375.06;0.103;BUY
2016-02-07T00:34:32.110000;2016-02-07T00:34:32.197000;0287c205-09f4-4db2-b47b-0fca4940901b;375.07;0.01;BUY
2016-02-07T00:34:32.110000;2016-02-07T00:34:32.197000;e9bb253f-129d-4cc9-a487-fd60ab219b19;375.08;0.01;BUY
2016-02-07T00:34:32.113000;2016-02-07T00:34:32.197000;5d75774d-0913-4a66-b8cb-e3e298f87c58;375.09;0.118;BUY
2016-02-07T00:34:32.113000;2016-02-07T00:34:32.197000;a2d33434-bc31-4863-b354-a44a7cc63abf;375.1;0.15072;BUY
2016-02-07T00:35:01.190000;2016-02-07T00:35:01.247000;9799f12e-f05b-481a-ac4f-848582824662;375.02;0.25;BUY
2016-02-07T00:35:01.190000;2016-02-07T00:35:01.260000;cd672b76-afd2-44dc-971a-30a8eaaebceb;375.05;0.0216;BUY
2016-02-07T00:35:31.217000;2016-02-07T00:35:31.293000;12315396-ce27-4f19-b320-262371ca19f5;375.08;0.011;BUY
2016-02-07T00:35:31.250000;2016-02-07T00:35:31.307000;194e8150-4e8a-4ce2-919d-c3ce63db05d7;375.08;0.0694;BUY
2016-02-07T00:35:31.263000;2016-02-07T00:35:31.323000;649f7d3d-b5a7-4858-a194-b38dc447bf35;375.08;0.12;BUY
2016-02-07T00:36:00.263000;2016-02-07T00:36:00.323000;9d0135c2-6571-47bf-87a2-b9ecb01f7b0e;375.11;0.01;BUY
2016-02-07T00:36:04.393000;2016-02-07T00:36:04.463000;7cac9b3c-b60a-4a8b-83e7-6bd2b0378982;375.11;0.01;BUY
2016-02-07T00:36:04.393000;2016-02-07T00:36:04.463000;b0345819-5f27-4bb7-8f3d-5c6cc425aa10;375.15;0.01;BUY
2016-02-07T00:36:04.393000;2016-02-07T00:36:04.463000;7222e1c7-f648-4682-bfeb-8db220d44965;375.15;0.01;BUY
2016-02-07T00:36:04.393000;2016-02-07T00:36:04.463000;5061c2e2-d222-4307-be46-bb0320cb7c02;375.16;0.25;BUY
2016-02-07T00:36:04.393000;2016-02-07T00:36:04.463000;7430e603-5308-4cef-8592-0e2abd80c50e;375.17;0.01;BUY
2016-02-07T00:36:04.393000;2016-02-07T00:36:04.463000;121d2949-7180-4904-b656-a91913413a95;375.17;0.01;BUY
2016-02-07T00:36:04.393000;2016-02-07T00:36:04.480000;91ae1d73-62f9-4fee-900d-4e72d2ca1785;375.18;0.29;BUY
2016-02-07T00:36:04.393000;2016-02-07T00:36:04.480000;fb8e223c-2164-4d39-8501-d827e4f792b7;375.19;0.01;BUY
2016-02-07T00:36:04.393000;2016-02-07T00:36:04.480000;cf5d3db4-b8fa-4d7a-9b81-cbe2937150b9;375.21;0.05;BUY
2016-02-07T00:36:04.393000;2016-02-07T00:36:04.480000;97514d13-3b77-4af4-b61b-ab252650c281;375.21;0.127;BUY
2016-02-07T00:36:04.393000;2016-02-07T00:36:04.480000;c31a387d-533e-45fd-999c-3b8475fd4ff5;375.24;0.01;BUY
2016-02-07T00:36:04.393000;2016-02-07T00:36:04.497000;e4a7ef80-c34a-426d-977b-fac7e4bcda8c;375.24;0.08;BUY
2016-02-07T00:36:04.393000;2016-02-07T00:36:04.497000;a0ac44c2-e90d-4639-85c6-953027062af7;375.25;0.01;BUY
2016-02-07T00:36:04.393000;2016-02-07T00:36:04.497000;30ab3206-46a7-4b9a-a501-b3ba3433dad3;375.27;0.072;BUY
2016-02-07T00:36:04.397000;2016-02-07T00:36:04.497000;4430f87e-8e3c-4fcc-8731-728655a1f638;375.28;0.044;BUY
2016-02-07T00:36:31.213000;2016-02-07T00:36:31.277000;48683d75-25ee-4d1d-9291-5d5ac5e8cbaf;375.22;0.075;SELL
2016-02-07T00:36:31.213000;2016-02-07T00:36:31.277000;f01773fb-c419-45b3-8499-eb9007998672;375.19;2.08574;SELL
2016-02-07T00:37:01.093000;2016-02-07T00:37:01.150000;6c5f2402-ccb4-4ff3-83c2-dae7e09e65f5;375.25;0.03134;BUY
2016-02-07T00:37:31.223000;2016-02-07T00:37:31.277000;06ba06cc-8950-4cc7-8667-b6962ce341fd;375.25;0.21866;BUY
2016-02-07T00:37:31.223000;2016-02-07T00:37:31.293000;96b0f6ac-d08f-4b8c-80ad-c07267f362e6;375.25;0.103;BUY
2016-02-07T00:37:31.223000;2016-02-07T00:37:31.293000;7feaebb2-38a7-4fa5-bf1f-5076172836c2;375.26;0.01;BUY
2016-02-07T00:37:31.223000;2016-02-07T00:37:31.293000;e6e44656-6ae4-45ca-9c5d-cb4971251807;375.26;0.118;BUY
2016-02-07T00:37:31.223000;2016-02-07T00:37:31.293000;cfe84d16-5239-4a9c-8050-4226ea5f5d79;375.27;0.68479;BUY
2016-02-07T00:38:01.343000;2016-02-07T00:38:01.387000;9bce89d0-5ebb-4c6d-90b1-1b49c5b909b2;375.25;0.25;BUY
2016-02-07T00:38:01.343000;2016-02-07T00:38:01.400000;7f044721-97bd-4616-b32c-36c0cbebe6f5;375.26;0.01;BUY
2016-02-07T00:38:01.343000;2016-02-07T00:38:01.400000;fb7392cf-2ee7-4062-89de-c312ee814290;375.26;0.079;BUY
2016-02-07T00:38:01.343000;2016-02-07T00:38:01.400000;b6b8bd06-2562-464e-9dcc-2185b760d26c;375.28;0.01;BUY
2016-02-07T00:38:01.343000;2016-02-07T00:38:01.400000;94b5de27-1563-43d9-80c0-bc1001cc5fd4;375.28;0.01;BUY
2016-02-07T00:38:01.343000;2016-02-07T00:38:01.417000;3ddbb40a-4e97-44f9-bdc4-cb51a4397657;375.29;0.05;BUY
2016-02-07T00:38:01.343000;2016-02-07T00:38:01.417000;25cdb06f-e725-426e-a2c1-24edaa900b12;375.29;0.102;BUY
2016-02-07T00:38:01.343000;2016-02-07T00:38:01.417000;19440e47-d3c5-49f9-a291-6aef07525b13;375.3;0.01;BUY
2016-02-07T00:38:01.343000;2016-02-07T00:38:01.417000;44a055ab-fc67-4c3e-ba3e-9e6b0b39e61c;375.31;0.01;BUY
2016-02-07T00:38:01.343000;2016-02-07T00:38:01.417000;31b3ae70-957d-4c2e-bf51-c04ff42d4aec;375.31;1.4698;BUY
2016-02-07T00:38:31.243000;2016-02-07T00:38:31.293000;ed9f8de6-2bcc-4e32-98a6-b03d03f6a0fd;375.2;0.1006;BUY
2016-02-07T00:39:31.243000;2016-02-07T00:39:31.293000;7a3baad2-4789-4b61-9a12-e3e75167f64e;375.2;0.25;BUY
2016-02-07T00:39:31.243000;2016-02-07T00:39:31.307000;8d7247e8-320c-44f1-b712-8384f59c9ef1;375.31;0.1478;BUY
2016-02-07T00:40:40.387000;2016-02-07T00:40:40.433000;d648d4d8-82ee-4ab0-878e-7ff032b487e4;375.22;0.01;BUY
2016-02-07T00:45:05.857000;2016-02-07T00:45:05.887000;b5fad075-8f8a-4e0b-94cc-d5957cce87b8;375.2;0.1486819;BUY
2016-02-07T00:45:05.887000;2016-02-07T00:45:05.917000;062017b6-0487-4ce8-b8c2-89329deb5d7f;375.2;0.1013181;BUY
2016-02-07T00:45:05.887000;2016-02-07T00:45:05.933000;6b77bf81-b9a6-4f15-93d1-82802305e1b5;375.22;0.0186819;BUY
2016-02-07T00:47:00.997000;2016-02-07T00:47:01.027000;b1422b8b-61c6-4153-8bc6-71c5f46aa92c;375.25;0.25;BUY
2016-02-07T00:47:00.997000;2016-02-07T00:47:01.043000;dfd146c5-8146-4e00-a84c-b37555ae9092;375.25;0.209;BUY
2016-02-07T00:47:00.997000;2016-02-07T00:47:01.043000;64b79b68-33cd-4167-b91e-9fc7078664a7;375.27;1.6;BUY
2016-02-07T00:47:01.000000;2016-02-07T00:47:01.043000;639f210c-929c-498f-922c-a8a3a6254106;375.28;0.825;BUY
2016-02-07T00:47:01.000000;2016-02-07T00:47:01.043000;91a3e577-f3ae-4b07-a9af-fb9a473a034b;375.3;5.76;BUY
2016-02-07T00:47:01.000000;2016-02-07T00:47:01.137000;e2e1a6d1-c713-4d3b-a227-93ff1e756872;375.31;0.05;BUY
2016-02-07T00:47:01.000000;2016-02-07T00:47:01.137000;e4e8e347-cd74-4b84-a66e-ffa363e65d9a;375.31;0.801;BUY
2016-02-07T00:47:01.000000;2016-02-07T00:47:01.137000;e8b169bc-3f33-4480-b189-4a35f859f859;375.31;5.24153;BUY
2016-02-07T00:47:30.933000;2016-02-07T00:47:30.963000;2011d02e-846a-4379-9bbf-a732c39dcfba;375.26;0.25;BUY
2016-02-07T00:47:30.933000;2016-02-07T00:47:30.963000;1a22327c-b162-4fdb-b153-54678ead5955;375.26;0.01557;BUY
2016-02-07T00:48:00.953000;2016-02-07T00:48:00.980000;d7c6b7d1-0b33-4688-89da-993059579dbe;375.24;4.12975;BUY
2016-02-07T00:48:30.897000;2016-02-07T00:48:30.917000;9844e1f4-dd06-4b3c-b422-61009e98d00e;375.22;1.25;BUY
2016-02-07T00:48:30.897000;2016-02-07T00:48:30.933000;d1ee814a-b6e5-4f7d-8ef8-256996ffbff0;375.23;0.79326;BUY
2016-02-07T00:49:01.253000;2016-02-07T00:49:01.277000;a2fc12af-e442-4d4c-a27f-4d6c5cc09329;375.22;1.064;BUY
2016-02-07T00:49:01.253000;2016-02-07T00:49:01.293000;b89cb9b8-dfda-437f-9b08-b62c9eeeeeab;375.22;0.46224;BUY
2016-02-07T00:49:28.843000;2016-02-07T00:49:28.870000;5a3eb9f3-6fe2-48e4-8d4a-63f4d638acc4;375.22;0.11;BUY
2016-02-07T00:49:32.260000;2016-02-07T00:49:32.277000;154db308-feef-4032-9e47-320243adb0b7;375.22;0.721;BUY
2016-02-07T00:49:32.260000;2016-02-07T00:49:32.293000;5e78d69d-bcc0-4c44-be6f-ee6eacd0bb8d;375.23;0.59754;BUY
2016-02-07T00:50:01.130000;2016-02-07T00:50:01.167000;1a770d85-4232-4ad7-a14a-d5a4ded345a6;375.22;0.714;BUY
2016-02-07T00:50:01.130000;2016-02-07T00:50:01.183000;0a806d75-997c-492d-aa58-67ac684b9213;375.22;0.96;BUY
2016-02-07T00:50:01.130000;2016-02-07T00:50:01.183000;a0da432d-9978-4c43-a7e2-9f424215bff2;375.23;1.065;BUY
2016-02-07T00:50:01.130000;2016-02-07T00:50:01.183000;3d43f69a-2fe8-4818-b80f-85cb7b9eff1c;375.24;0.58756;BUY
2016-02-07T00:50:30.717000;2016-02-07T00:50:30.747000;de1d50bd-cc24-4672-9ded-6fd9bd9acb8a;375.22;0.47547;BUY
2016-02-07T00:51:12.507000;2016-02-07T00:51:12.543000;6be6884e-f881-49d6-9de7-6eb483cad3dc;375.22;0.09;BUY
2016-02-07T00:51:28.687000;2016-02-07T00:51:28.713000;b3058ecd-4759-4b62-b73f-a03bd142bf5f;375.22;0.946;BUY
2016-02-07T00:51:28.687000;2016-02-07T00:51:28.730000;87f0f8a3-4bc2-452a-a216-4c904ed06146;375.22;4.27598584;BUY
2016-02-07T00:51:30.847000;2016-02-07T00:51:30.870000;93d6bf09-a59a-43b0-bbff-f1c90829f54d;375.22;0.86431;BUY
2016-02-07T00:52:00.773000;2016-02-07T00:52:00.793000;e237c389-5760-4b06-8cc5-38af63ff12cb;375.22;0.511;BUY
2016-02-07T00:52:00.773000;2016-02-07T00:52:00.807000;23f87057-43ab-4daf-8f5c-e2db6a2d8aee;375.22;0.3403;BUY
2016-02-07T00:52:31.173000;2016-02-07T00:52:31.200000;b07a471f-4107-40f0-93f5-e59a26925cd1;375.22;0.62377;BUY
2016-02-07T00:53:00.867000;2016-02-07T00:53:00.887000;d92625ff-78b5-4004-8d4a-ed1374de66cd;375.22;1.13504;BUY
2016-02-07T00:53:31.037000;2016-02-07T00:53:31.057000;4a54095f-3dfa-4925-a83c-7a644a8a30e8;375.22;5.51492;BUY
2016-02-07T00:54:01.003000;2016-02-07T00:54:01.027000;58e0db68-f2d5-4602-b325-9df822f22e8a;375.22;0.32352;BUY
2016-02-07T00:54:30.877000;2016-02-07T00:54:30.903000;ec790852-9f7a-40be-bb77-d007b357162d;375.22;0.26387;BUY
2016-02-07T00:55:00.833000;2016-02-07T00:55:00.857000;0b8977dc-56f6-4079-858f-5b410bdb7132;375.22;0.01261;BUY
2016-02-07T00:55:00.833000;2016-02-07T00:55:00.870000;d933d09f-6ed8-45b4-b54a-2035b231e6b6;375.26;0.9348;BUY
2016-02-07T00:55:30.987000;2016-02-07T00:55:31.010000;3ff9778c-57cd-4a6e-8c3d-cc35ab62559f;375.26;1.69828;BUY
2016-02-07T00:56:30.910000;2016-02-07T00:56:30.933000;e0862271-1ca2-4f63-aefe-235f293103b2;375.27;0.01;BUY
2016-02-07T00:56:30.910000;2016-02-07T00:56:30.950000;3645e644-70b5-4e92-a4e4-adeab1d517ec;375.32;0.01;BUY
2016-02-07T00:56:30.910000;2016-02-07T00:56:30.950000;e6bd9f27-9fb2-47e1-892d-66051aabc605;375.34;0.01;BUY
2016-02-07T00:56:30.910000;2016-02-07T00:56:30.950000;04a07465-f99d-4f04-a99e-7d3b732ff037;375.35;0.01;BUY
2016-02-07T00:56:30.910000;2016-02-07T00:56:30.950000;73575ef2-43f8-45fb-a623-ca2afe622081;375.35;0.2693;BUY
2016-02-07T00:56:30.910000;2016-02-07T00:56:30.950000;0f2c165a-b3dd-46b7-86b3-42b39f0ba92f;375.36;2.28316;BUY
2016-02-07T00:56:48.590000;2016-02-07T00:56:48.607000;50df9f26-a4a5-41db-9c26-2fb95f161a1e;375.3;0.01;SELL
2016-02-07T00:56:51.103000;2016-02-07T00:56:51.120000;17027849-fe59-4b90-97ee-61f7aadb1f8c;375.29;0.01;SELL
2016-02-07T00:56:55.033000;2016-02-07T00:56:55.057000;2aa501f9-b05f-4e11-b81d-c38b7d680700;375.21;0.01;SELL
2016-02-07T00:56:57.500000;2016-02-07T00:56:57.510000;da026550-7f93-46f6-8251-1742a2ace1ac;375.19;0.01;SELL
2016-02-07T00:57:00.940000;2016-02-07T00:57:00.950000;e9684676-b38e-40de-be7c-6489c7de672b;375.2;0.06713;BUY
2016-02-07T00:57:30.937000;2016-02-07T00:57:30.950000;74867534-8e97-4350-9d82-304e42a501a0;375.18;0.128;BUY
2016-02-07T00:57:30.937000;2016-02-07T00:57:30.950000;ec966b67-ad07-4532-854e-f78ea21038ce;375.18;0.32217;BUY
2016-02-07T00:58:01.003000;2016-02-07T00:58:01.027000;f4e9cef7-02bf-4094-941c-1e816b6ab5a8;375.17;0.01;SELL
2016-02-07T00:58:01.003000;2016-02-07T00:58:01.043000;5d3de1ca-ea89-45c1-8fb6-a370aa679170;375.16;0.01;SELL
2016-02-07T00:58:01.007000;2016-02-07T00:58:01.043000;6dd1b608-7923-45da-a9f9-461bc95370d5;375.14;0.01;SELL
2016-02-07T00:58:01.007000;2016-02-07T00:58:01.043000;2845758e-52f5-4944-ae03-3643a6041289;375.13;0.05;SELL
2016-02-07T00:58:01.007000;2016-02-07T00:58:01.043000;1f763ca9-4b2d-49bb-b66a-4168df0b6031;375.11;0.01;SELL
2016-02-07T00:58:01.007000;2016-02-07T00:58:01.120000;fbf8bb96-4d7d-4ba8-86b6-ccd882f89819;375.1;0.01;SELL
2016-02-07T00:58:01.007000;2016-02-07T00:58:01.120000;8c464391-7149-4cdf-bbdb-fad0f4f8b946;375.1;0.05;SELL
2016-02-07T00:58:01.007000;2016-02-07T00:58:01.120000;3e094193-ef4f-434f-a2c7-6b3760dfe19d;375.08;0.05;SELL
2016-02-07T00:58:01.007000;2016-02-07T00:58:01.120000;f3fa1ec6-ed60-448c-81cf-ceb00aa4ae38;375.02;0.02535115;SELL
2016-02-07T00:58:01.007000;2016-02-07T00:58:01.120000;12b3eaa0-1703-4fa2-a1ef-447a7db7d6da;375.0;0.01;SELL
2016-02-07T00:58:01.007000;2016-02-07T00:58:01.120000;35803c8e-d461-4d11-b65a-278f323b671f;374.99;0.01;SELL
2016-02-07T00:58:01.007000;2016-02-07T00:58:01.120000;4b10a4c2-3874-4003-b80a-fa8fb10c2fad;374.99;0.01;SELL
2016-02-07T00:58:01.007000;2016-02-07T00:58:01.120000;ab85846c-ac6e-4868-92dd-a76d9cba256f;374.97;0.01;SELL
2016-02-07T00:58:01.007000;2016-02-07T00:58:01.120000;74095c75-e6fd-4287-be6b-1a561f586584;374.97;0.081;SELL
2016-02-07T00:58:01.007000;2016-02-07T00:58:01.120000;07fdcdfc-62d7-4ae6-9c85-1ebe514cf5f6;374.96;0.01;SELL
2016-02-07T00:58:01.007000;2016-02-07T00:58:01.120000;a24cfa1b-719a-44c9-83cd-daebfbea2404;374.94;0.109;SELL
2016-02-07T00:58:01.007000;2016-02-07T00:58:01.120000;b5cc57eb-4260-4e69-9ce9-46ec563a03fe;374.93;0.01;SELL
2016-02-07T00:58:01.007000;2016-02-07T00:58:01.120000;e22064c5-11dc-444c-855d-eb706db3e175;374.93;0.01;SELL
2016-02-07T00:58:01.010000;2016-02-07T00:58:01.120000;865a5f1b-147e-462d-8bba-e1b05ee9a06b;374.93;0.01;SELL
2016-02-07T00:58:01.010000;2016-02-07T00:58:01.120000;01f7e895-5088-41d3-ac66-51c9d0bffc0c;374.91;0.01;SELL
2016-02-07T00:58:01.010000;2016-02-07T00:58:01.120000;94090981-04af-429c-8f5a-6aaaf7039e14;374.91;0.01;SELL
2016-02-07T00:58:01.010000;2016-02-07T00:58:01.120000;f7b903bc-9800-4b4b-8bb2-31183e88fa5c;374.91;0.123;SELL
2016-02-07T00:58:01.010000;2016-02-07T00:58:01.120000;5fb8b648-7afc-457b-8ea3-1c63ea2eb0b3;374.9;0.01;SELL
2016-02-07T00:58:01.010000;2016-02-07T00:58:01.120000;8c539f13-2cd5-4700-9771-c92d6525783c;374.89;0.01;SELL
2016-02-07T00:58:01.010000;2016-02-07T00:58:01.120000;39001ebc-f9ba-4ee1-9a4e-d739792ee519;374.89;0.01;SELL
2016-02-07T00:58:01.010000;2016-02-07T00:58:01.120000;e16ee882-a055-41aa-aede-a2eef28c6363;374.88;0.112;SELL
2016-02-07T00:58:01.010000;2016-02-07T00:58:01.120000;625a1080-4187-4a22-a077-c9ecc9c45303;374.87;0.01;SELL
2016-02-07T00:58:01.010000;2016-02-07T00:58:01.120000;334548ce-25cb-43b2-bf95-baf7fb283cad;374.87;0.01;SELL
2016-02-07T00:58:01.010000;2016-02-07T00:58:01.120000;c03c3e59-eb53-4bc9-83e2-1745963d149b;374.87;2.0;SELL
2016-02-07T00:58:01.010000;2016-02-07T00:58:01.120000;d93b4793-b5dd-4298-9c12-b9c8013a9183;374.86;4.13247885;SELL
2016-02-07T00:58:31.490000;2016-02-07T00:58:31.510000;95819761-51fb-4236-a165-52ad59cb01ea;374.9;0.05502;BUY
2016-02-07T00:59:01.460000;2016-02-07T00:59:01.480000;c20479ea-918d-42ab-8f5b-3e009f0696a4;374.9;0.19498;BUY
2016-02-07T00:59:01.460000;2016-02-07T00:59:01.497000;0ae611d4-13df-486b-96cf-83a1f4a81695;374.9;1.05;BUY
2016-02-07T00:59:01.463000;2016-02-07T00:59:01.497000;b7672bc1-b861-4e6b-9364-fae7a8336328;374.9;0.748;BUY
2016-02-07T00:59:01.463000;2016-02-07T00:59:01.497000;faef301d-8c6c-4202-afbd-e6b08bd2142b;374.9;0.3;BUY
2016-02-07T00:59:01.463000;2016-02-07T00:59:01.497000;a321f2d9-db00-4c2e-b148-9923acbe9e29;374.9;8.96;BUY
2016-02-07T00:59:01.463000;2016-02-07T00:59:01.497000;0b2a0763-a01c-4568-aa31-293d1c8eace8;374.91;0.817;BUY
2016-02-07T00:59:01.463000;2016-02-07T00:59:01.510000;8ef1daf6-2c81-4175-855c-88d0fdf61e5a;374.92;9.92;BUY
2016-02-07T00:59:01.463000;2016-02-07T00:59:01.510000;641024d1-3dea-4173-b6de-b92083277d35;374.93;9.3207;BUY
2016-02-07T00:59:01.463000;2016-02-07T00:59:01.510000;face8f57-5854-44bc-8827-40a9202193d2;374.95;0.96;BUY
2016-02-07T00:59:01.463000;2016-02-07T00:59:01.510000;59e863dd-64a3-4524-af4c-8d0a90c4984d;374.96;4.29;BUY
2016-02-07T00:59:01.463000;2016-02-07T00:59:01.510000;3f2d8065-d74b-486e-a7cb-d58d071be990;374.98;0.05;BUY
2016-02-07T00:59:01.463000;2016-02-07T00:59:01.510000;e09d5f36-7da2-4cac-8d68-7fcf6ce4b8d5;375.1;3.84;BUY
2016-02-07T00:59:01.463000;2016-02-07T00:59:01.510000;9b016d56-e3f7-4ffe-94e5-79856c160672;375.11;0.01;BUY
2016-02-07T00:59:01.463000;2016-02-07T00:59:01.510000;6edb349a-9443-4561-a46f-6bbce7b87c63;375.12;3.84;BUY
2016-02-07T00:59:01.463000;2016-02-07T00:59:01.543000;ac9646b5-4936-4e15-9ccd-4cb50355876d;375.13;3.805;BUY
2016-02-07T00:59:01.463000;2016-02-07T00:59:01.543000;7b735d16-1a60-48a9-b218-a7ba2bd9f827;375.14;1.28;BUY
2016-02-07T00:59:01.463000;2016-02-07T00:59:01.543000;ef23f2cc-6526-4c45-962c-fa8bcff6b3be;375.15;0.01;BUY
2016-02-07T00:59:01.463000;2016-02-07T00:59:01.543000;f0da8015-9c9d-41b9-86db-a33f1f036b46;375.15;0.60432;BUY
2016-02-07T00:59:30.957000;2016-02-07T00:59:30.980000;edc70edd-c9cc-46cc-9174-e2f3b37d7452;374.9;0.204;BUY
2016-02-07T00:59:30.957000;2016-02-07T00:59:30.997000;26349357-4833-443f-b092-271b4fed0da4;374.9;1.44;BUY
2016-02-07T00:59:30.957000;2016-02-07T00:59:30.997000;fbee7cdd-9e07-4c00-95b5-5c270f701278;374.91;0.383;BUY
2016-02-07T00:59:30.957000;2016-02-07T00:59:30.997000;7ef9791e-0875-40d9-896e-63fdedcdc1a3;374.91;2.24;BUY
2016-02-07T00:59:30.957000;2016-02-07T00:59:30.997000;c8f7d99b-d0b4-42b1-be54-7d2aaf2b611e;374.92;9.30118;BUY
2016-02-07T00:59:30.957000;2016-02-07T00:59:30.997000;78816625-781d-4d6c-8bce-d0d66ba2e3e6;374.93;0.735;BUY
2016-02-07T00:59:30.957000;2016-02-07T00:59:30.997000;5ece28da-544a-4293-93ce-921943287e63;374.95;1.972;BUY
2016-02-07T00:59:30.957000;2016-02-07T00:59:30.997000;3133459a-e9e9-4c14-85a3-d0639785ff6b;374.98;0.05;BUY
2016-02-07T00:59:30.957000;2016-02-07T00:59:31.010000;25404d13-2d74-491b-8fb1-68afec6cb78f;375.13;4.32;BUY
2016-02-07T00:59:30.957000;2016-02-07T00:59:31.010000;446a79c3-e5a7-46f3-b9fd-11427836637f;375.14;2.378;BUY
2016-02-07T00:59:30.957000;2016-02-07T00:59:31.010000;7f3b99e4-32db-438b-b2dd-1d646c9293c8;375.15;1.92;BUY
2016-02-07T00:59:30.957000;2016-02-07T00:59:31.010000;8efa6ad7-4a5c-4c7c-871c-cad9be56789d;375.16;0.01;BUY
2016-02-07T00:59:30.957000;2016-02-07T00:59:31.010000;4a3386c6-07e5-4989-8da6-330a1d681243;375.17;1.92;BUY
2016-02-07T00:59:30.957000;2016-02-07T00:59:31.010000;438682df-ba23-4ac0-bc56-24a47f5677b8;375.18;0.805;BUY
2016-02-07T00:59:30.957000;2016-02-07T00:59:31.010000;8981f531-ddd2-4482-af2c-7a605e6ab1aa;375.18;0.01;BUY
2016-02-07T00:59:30.960000;2016-02-07T00:59:31.010000;ceca5f08-6db3-4e7d-b7b0-615959218ed9;375.19;4.8;BUY
2016-02-07T00:59:30.960000;2016-02-07T00:59:31.010000;58af447c-018f-4a4e-8e82-c43a95763bbb;375.2;0.8;BUY
2016-02-07T00:59:30.960000;2016-02-07T00:59:31.027000;911ae4c5-c049-42b0-9b74-f377c1742d8a;375.21;0.818;BUY
2016-02-07T00:59:30.960000;2016-02-07T00:59:31.027000;294f843f-c561-4c13-822c-db0e04d13379;375.22;0.3;BUY
2016-02-07T00:59:30.960000;2016-02-07T00:59:31.027000;0ea76b36-5aef-4812-9f17-589bd19545bb;375.23;2.08;BUY
2016-02-07T00:59:30.960000;2016-02-07T00:59:31.027000;7e8aaa49-b31b-44b0-87fb-20d654665e87;375.24;0.769;BUY
2016-02-07T00:59:30.960000;2016-02-07T00:59:31.027000;38eb91c6-c7e9-4681-86ea-fbc14bbcf633;375.24;1.28;BUY
2016-02-07T00:59:30.960000;2016-02-07T00:59:31.027000;fa9b9a9a-bf51-4495-990d-1086bcfe7c86;375.25;0.01;BUY
2016-02-07T00:59:30.960000;2016-02-07T00:59:31.027000;22e03aca-591a-4663-9457-9fe583d07601;375.26;1.28;BUY
2016-02-07T00:59:30.960000;2016-02-07T00:59:31.027000;9b24baf2-a05b-45a1-a1f9-95ff3fd75154;375.27;0.776;BUY
2016-02-07T00:59:30.960000;2016-02-07T00:59:31.027000;b1b513e0-42d0-4b08-8fa6-0952e84f5802;375.28;1.6;BUY
2016-02-07T00:59:30.960000;2016-02-07T00:59:31.027000;1cf07d7f-6e6d-4400-bac8-9a838f792e02;375.29;0.01;BUY
2016-02-07T00:59:30.960000;2016-02-07T00:59:31.027000;43e80217-6d80-43de-9d6f-fd69d3f1c27d;375.29;2.88;BUY
2016-02-07T00:59:30.960000;2016-02-07T00:59:31.027000;4394a65a-531d-4a80-9d71-b467bf362029;375.3;0.772;BUY
2016-02-07T00:59:30.960000;2016-02-07T00:59:31.027000;60bf7ff8-34c4-4e92-a686-2c477a767da8;375.31;1.6;BUY
2016-02-07T00:59:30.960000;2016-02-07T00:59:31.027000;456937c8-c27b-40b0-95e3-a78b7ae98fc7;375.32;2.53682;BUY
2016-02-07T00:59:42.910000;2016-02-07T00:59:42.933000;68498b08-58f5-4dfa-a84b-f1ab92e1a681;375.04;0.01;SELL
2016-02-07T00:59:42.910000;2016-02-07T00:59:42.933000;f1cd31ed-fb7d-41d4-a786-3881a9d71f27;375.03;0.01;SELL
2016-02-07T00:59:42.913000;2016-02-07T00:59:42.933000;31bde504-22f2-4291-ac15-fb9bb7689e49;375.02;0.01;SELL
2016-02-07T00:59:42.913000;2016-02-07T00:59:42.933000;edcbf302-1bd0-46ee-8b9d-a00e4125b3d7;375.0;0.01;SELL
2016-02-07T00:59:42.913000;2016-02-07T00:59:42.933000;9efb9711-071d-43e1-82b4-ce0ffc7d25f1;375.0;0.43;SELL
2016-02-07T00:59:42.913000;2016-02-07T00:59:42.933000;2fe55bd9-8ffa-4ae6-80f4-11b1afe5a69b;374.94;0.01;SELL
2016-02-07T00:59:42.913000;2016-02-07T00:59:42.933000;c3d4e20f-45f5-4c86-9836-9a654f96cb20;374.94;0.01;SELL
2016-02-07T01:00:01.063000;2016-02-07T01:00:01.090000;c4cae44c-3ff6-4280-ba8a-16210312ad7f;374.96;4.006;BUY
2016-02-07T01:00:01.063000;2016-02-07T01:00:01.090000;dbc3b956-5f59-4c52-acc9-7ea61c6e84ff;375.02;0.35;BUY
2016-02-07T01:00:01.063000;2016-02-07T01:00:01.090000;18338792-ac64-4b08-b22b-e5cea15037a0;375.08;0.01;BUY
2016-02-07T01:00:01.063000;2016-02-07T01:00:01.090000;ad076081-8133-4f07-aef9-c7b31f0c63ff;375.1;0.01;BUY
2016-02-07T01:00:01.063000;2016-02-07T01:00:01.090000;3333f6cf-2862-40de-8df8-2f1bd9045384;375.12;0.01;BUY
2016-02-07T01:00:01.063000;2016-02-07T01:00:01.107000;ab230613-119d-4c5e-ba7c-269a60b1970e;375.12;0.01;BUY
2016-02-07T01:00:01.063000;2016-02-07T01:00:01.107000;def028ec-7d22-492e-b5f1-00ffe3d63f7c;375.13;9.32359;BUY
2016-02-07T01:00:01.063000;2016-02-07T01:00:01.107000;988e0a1f-5c0e-4b89-accf-d84d1f6d39d6;375.14;1.636;BUY
2016-02-07T01:00:01.063000;2016-02-07T01:00:01.107000;83cc7bd6-6ad9-4a34-9a27-a3699e168771;375.24;0.01;BUY
2016-02-07T01:00:01.063000;2016-02-07T01:00:01.107000;0f003a98-132e-4ca3-9377-a85b4bbbd40b;375.25;0.01;BUY
2016-02-07T01:00:01.063000;2016-02-07T01:00:01.107000;a411fd8c-4257-4c81-a54c-8c1fb029ed3b;375.26;0.01;BUY
2016-02-07T01:00:01.063000;2016-02-07T01:00:01.120000;2a3e8f30-d5ea-4a88-aca7-2890405d4374;375.28;0.01;BUY
2016-02-07T01:00:01.063000;2016-02-07T01:00:01.120000;46a863f4-0a50-44ca-a33c-b1d32ddaf9d4;375.31;1.12;BUY
2016-02-07T01:00:01.063000;2016-02-07T01:00:01.137000;c277ac7e-a0a4-4e15-929e-adba39d31940;375.32;1.41918;BUY
2016-02-07T01:00:01.063000;2016-02-07T01:00:01.137000;88aaedf3-1e55-45fc-a446-c4177bd53f90;375.34;0.16;BUY
2016-02-07T01:00:01.067000;2016-02-07T01:00:01.137000;0b662c65-705f-4d78-b6dc-b01b1789bf3b;375.35;0.01;BUY
2016-02-07T01:00:01.067000;2016-02-07T01:00:01.137000;47310ba2-c872-4f92-b077-c1d96931b6a1;375.35;1.76;BUY
2016-02-07T01:00:01.067000;2016-02-07T01:00:01.137000;8eb0eb5e-973a-454c-b35d-034adda540d0;375.36;0.01;BUY
2016-02-07T01:00:01.067000;2016-02-07T01:00:01.137000;acf3689f-a75c-4555-901e-9ed7d125718b;375.36;0.01;BUY
2016-02-07T01:00:01.067000;2016-02-07T01:00:01.137000;bba6ca83-2b6f-44cd-bc5c-4bfbea8c9e26;375.36;3.68;BUY
2016-02-07T01:00:01.067000;2016-02-07T01:00:01.137000;e42a4607-4a1a-4973-88d5-bcc07c8e6159;375.37;1.7793;BUY
2016-02-07T01:00:01.067000;2016-02-07T01:00:01.137000;40585e93-721c-474b-a9fd-2bbb080a0943;375.37;2.4;BUY
2016-02-07T01:00:01.067000;2016-02-07T01:00:01.153000;5676cdbd-7be1-4943-aa0c-5861aaf530bc;375.38;6.62793;BUY
2016-02-07T01:00:26.923000;2016-02-07T01:00:26.933000;cb7bcec4-6f18-4174-976f-a653ec6b38ad;375.23;0.091;SELL
2016-02-07T01:00:54.973000;2016-02-07T01:00:54.980000;a2637365-4680-423e-be4d-236b1ca853e1;375.2;0.123;SELL
2016-02-07T01:01:01.097000;2016-02-07T01:01:01.107000;4eb09d6c-b55d-4f7c-8bde-5cfc40a4d631;375.25;0.01;BUY
2016-02-07T01:01:01.097000;2016-02-07T01:01:01.120000;1d6caf41-f811-4fd4-8d4a-22bd38055391;375.25;0.01;BUY
2016-02-07T01:01:01.097000;2016-02-07T01:01:01.120000;0ebe5dae-804f-4b39-a24c-6bfa9d7ca5a9;375.27;0.01;BUY
2016-02-07T01:01:01.097000;2016-02-07T01:01:01.120000;791f0902-41af-4703-8a11-116c83f7c9d2;375.27;0.01;BUY
2016-02-07T01:01:01.097000;2016-02-07T01:01:01.120000;7c7f62ad-5d96-486a-abbe-22e60cd79fa8;375.29;0.01;BUY
2016-02-07T01:01:01.100000;2016-02-07T01:01:01.120000;4d6d125a-ccb3-48e2-ba1b-3dbbd0dab428;375.31;0.01;BUY
2016-02-07T01:01:01.100000;2016-02-07T01:01:01.120000;d3c844eb-fe93-49ad-848c-8b1be1c48764;375.31;0.01;BUY
2016-02-07T01:01:01.100000;2016-02-07T01:01:01.120000;dd089143-fe3e-4d5b-a645-1257c77647b2;375.31;0.01;BUY
2016-02-07T01:01:01.100000;2016-02-07T01:01:01.137000;628bd1be-cff6-4d9d-9cdb-f3ae4e213085;375.33;0.01;BUY
2016-02-07T01:01:01.100000;2016-02-07T01:01:01.137000;fc2ab02c-e2af-46ea-9e90-a26a3ea17303;375.35;0.01;BUY
2016-02-07T01:01:01.100000;2016-02-07T01:01:01.137000;44a7dfc5-cabe-4f84-9831-4a4b11d2043d;375.36;0.01;BUY
2016-02-07T01:01:01.100000;2016-02-07T01:01:01.137000;36bafcc9-013b-4ff9-b863-5a8711b86ab8;375.38;0.01297;BUY
2016-02-07T01:01:07.357000;2016-02-07T01:01:07.370000;3c68142c-5cb2-4e36-9dbc-92ea0cc1a2db;375.27;0.437;SELL
2016-02-07T01:01:09.463000;2016-02-07T01:01:09.463000;0f930a7f-8a28-402e-8896-43a3ac7f06ae;375.27;0.416;SELL
2016-02-07T01:01:31.480000;2016-02-07T01:01:31.497000;871e081a-01b8-4228-8f59-09410434a36f;375.32;0.01;BUY
2016-02-07T01:01:31.480000;2016-02-07T01:01:31.497000;7a08ce2f-4957-4b1a-985a-9fc4e209aa80;375.32;0.01;BUY
2016-02-07T01:01:31.480000;2016-02-07T01:01:31.497000;688a722e-25d4-45cb-a86c-772a22acf534;375.34;0.01;BUY
2016-02-07T01:01:31.483000;2016-02-07T01:01:31.497000;c96ce1f7-f334-4b00-8e55-6174ea44303c;375.34;0.01;BUY
2016-02-07T01:01:31.483000;2016-02-07T01:01:31.497000;30f87346-7f11-40a9-b592-47950bf0f1f6;375.36;0.01;BUY
2016-02-07T01:01:31.483000;2016-02-07T01:01:31.497000;71df3234-18ab-4f70-8c54-efadd224dc04;375.36;0.01;BUY
2016-02-07T01:01:31.483000;2016-02-07T01:01:31.497000;1ec77ef0-79ec-4c57-9620-89009b3746c5;375.38;0.6348;BUY
2016-02-07T01:02:01.377000;2016-02-07T01:02:01.370000;6d1faba6-540f-4edc-a53f-3e3677d6ae25;375.36;2.107;SELL
2016-02-07T01:02:01.377000;2016-02-07T01:02:01.387000;9b30c16b-2f13-4540-afa7-74cffd32d013;375.36;5.8902;SELL
2016-02-07T01:02:31.053000;2016-02-07T01:02:31.060000;c3e52766-40ac-4941-887c-507c46f81a59;375.38;0.34588;BUY
2016-02-07T01:03:16.700000;2016-02-07T01:03:16.700000;08c397cf-50b0-44a6-a237-5fc1f258cd7f;375.29;0.05;SELL
2016-02-07T01:03:17.480000;2016-02-07T01:03:17.480000;cb27debf-6db4-4f5c-84d6-a20afa2fea35;375.29;0.05;SELL
2016-02-07T01:03:17.527000;2016-02-07T01:03:17.527000;8b013110-f6bb-463c-98b5-35c6ef633141;375.29;0.05;SELL
2016-02-07T01:03:17.827000;2016-02-07T01:03:17.840000;a2778668-a167-4d2f-99c0-bf0c19d7a27d;375.29;0.05;SELL
2016-02-07T01:03:17.833000;2016-02-07T01:03:17.840000;2d660111-cc35-4cf9-857f-4aa4171cd8ac;375.29;0.05;SELL
2016-02-07T01:03:19.430000;2016-02-07T01:03:19.450000;98408343-1c16-406e-bf98-5dd5936c3648;375.29;0.05;SELL
2016-02-07T01:03:22.533000;2016-02-07T01:03:22.543000;9b22f8b2-8d0a-4ad4-b33b-ccca5d515b04;375.29;0.05;SELL
2016-02-07T01:03:23.973000;2016-02-07T01:03:23.997000;8e0ce1e1-e92f-44e7-8a86-214af3678c50;375.29;0.05;SELL
2016-02-07T01:03:30.890000;2016-02-07T01:03:30.887000;cb35137f-9427-40a0-809b-098f026c1542;375.35;0.126;BUY
2016-02-07T01:03:30.890000;2016-02-07T01:03:30.903000;7097f2c7-7314-4b6b-b651-428838195320;375.38;1.20511;BUY
2016-02-07T01:04:01.010000;2016-02-07T01:04:01.010000;d47a94dc-2116-43b6-915c-8829cf812cc1;375.34;0.482;BUY
2016-02-07T01:04:01.010000;2016-02-07T01:04:01.010000;2abdf25b-f61e-449a-b266-98e413993b59;375.37;0.536;BUY
2016-02-07T01:04:01.013000;2016-02-07T01:04:01.010000;b9587474-08c0-405d-8bc6-b4b4cb5f2325;375.38;3.02316;BUY
2016-02-07T01:04:30.960000;2016-02-07T01:04:30.950000;54125d30-d0aa-48df-9090-90b87fcfbe1b;375.38;0.13835009;BUY
2016-02-07T01:04:30.960000;2016-02-07T01:04:30.980000;8677845b-98c8-41ff-9921-d5caf6d963bc;375.38;0.05;BUY
2016-02-07T01:04:30.960000;2016-02-07T01:04:30.980000;26d7285d-ee2e-4df7-a7fa-0fbdad23bbe0;375.4;0.1;BUY
2016-02-07T01:04:30.960000;2016-02-07T01:04:30.980000;14da57c7-99c1-4efc-b5db-91807792e351;375.4;0.089;BUY
2016-02-07T01:04:30.960000;2016-02-07T01:04:30.980000;2379bab7-b094-4f76-966e-9f4df9c05ec8;375.43;0.094;BUY
2016-02-07T01:04:30.960000;2016-02-07T01:04:31.043000;7a44c670-40bd-4f22-8923-cc83d3839c7d;375.45;0.01;BUY
2016-02-07T01:04:30.960000;2016-02-07T01:04:31.043000;caf26e14-c86a-4828-bab9-de1b89277f82;375.46;0.118;BUY
2016-02-07T01:04:30.960000;2016-02-07T01:04:31.043000;ebfdb52d-06b6-45f6-bd1e-b777914ab455;375.46;0.05;BUY
2016-02-07T01:04:30.960000;2016-02-07T01:04:31.043000;612de58f-3ce2-432f-b5d6-a9c52659b741;375.47;0.01;BUY
2016-02-07T01:04:30.960000;2016-02-07T01:04:31.043000;76fedef3-5df7-424b-8392-068fd87dfb83;375.49;0.47587991;BUY
2016-02-07T01:05:01.057000;2016-02-07T01:05:01.103000;f4884d95-0111-4729-a1a5-080889d77c54;375.45;0.60757;SELL
2016-02-07T01:05:30.953000;2016-02-07T01:05:31.010000;51ca7a35-acb4-42f3-931a-9df0c526bc91;375.49;0.26516;BUY
2016-02-07T01:06:03.223000;2016-02-07T01:06:03.260000;0f0de4c9-a370-4d05-89ed-170574f94678;375.49;0.05413;BUY
2016-02-07T01:07:31.083000;2016-02-07T01:07:31.120000;6c3d2071-8a9f-4cca-9694-371b8c2b0309;375.49;0.01505;BUY
2016-02-07T01:08:01.000000;2016-02-07T01:08:01.027000;9bbbbee8-a66f-4aa2-bdcb-f2aadc081db7;375.46;1.00552;SELL
2016-02-07T01:08:31.433000;2016-02-07T01:08:31.463000;a7d74c84-0c11-4a57-a19d-24ef7858bf95;375.49;0.4739;BUY
2016-02-07T01:09:01.057000;2016-02-07T01:09:01.090000;4150651e-b0af-4bae-aa0c-53e89ecc4d42;375.49;0.63503;BUY
2016-02-07T01:10:01.060000;2016-02-07T01:10:01.090000;453a2ed8-00b3-48e7-9bfb-43c03421ee67;375.49;0.13642;BUY
2016-02-07T01:10:36.523000;2016-02-07T01:10:36.543000;99d476a0-b9b9-47f4-9a0e-5cac28d15131;375.49;0.06254123;BUY
2016-02-07T01:11:00.913000;2016-02-07T01:11:00.933000;bfe5d151-5789-4f06-9b00-3348777ecc25;375.48;0.0454;SELL
2016-02-07T01:11:03.947000;2016-02-07T01:11:03.963000;a3223418-f273-4f72-bb21-679649363a2d;375.49;0.19;BUY
2016-02-07T01:11:31.673000;2016-02-07T01:11:31.700000;7457b6cf-ce8d-47b6-a213-0a1b6de0b33f;375.49;0.1;BUY
2016-02-07T01:11:31.673000;2016-02-07T01:11:31.713000;995fb751-bc65-45ab-bfc8-543a49eabbcc;375.5;0.12354881;BUY
2016-02-07T01:11:31.673000;2016-02-07T01:11:31.713000;4be9c03e-cc55-4eef-b312-c49cc326156f;375.5;0.010025;BUY
2016-02-07T01:11:31.673000;2016-02-07T01:11:31.713000;835f3589-64f1-4c5e-b1ec-c7a97629d2cc;375.5;0.01;BUY
2016-02-07T01:11:31.673000;2016-02-07T01:11:31.713000;1597b56f-b75c-4cb6-b42d-c3c76740bff4;375.5;0.05;BUY
2016-02-07T01:11:31.673000;2016-02-07T01:11:31.807000;b1a30072-36eb-40e7-bcab-1ff7c1f24f29;375.52;0.05;BUY
2016-02-07T01:11:31.677000;2016-02-07T01:11:31.807000;3ab39287-d2fd-4255-9de6-9f23f0d84e5f;375.53;0.01;BUY
2016-02-07T01:11:31.677000;2016-02-07T01:11:31.807000;f906f787-5296-4116-9167-4c6d211bf570;375.55;0.01;BUY
2016-02-07T01:11:31.677000;2016-02-07T01:11:31.807000;5f57f6eb-f9d7-488c-a494-4d4089fbfc15;375.55;0.05;BUY
2016-02-07T01:11:31.677000;2016-02-07T01:11:31.807000;7064309c-ab3c-4efd-9487-c5d44d256fa3;375.56;0.5525;BUY
2016-02-07T01:11:31.677000;2016-02-07T01:11:31.807000;0c329b6f-6f67-4878-aa68-c2b21d230e96;375.56;0.04;BUY
2016-02-07T01:11:31.677000;2016-02-07T01:11:31.807000;47c03b79-fea7-4378-b87c-d4a0c2eead95;375.56;0.04;BUY
2016-02-07T01:11:31.677000;2016-02-07T01:11:31.807000;dc763528-4de0-42ec-a146-6bdac0151b80;375.57;0.03;BUY
2016-02-07T01:11:31.677000;2016-02-07T01:11:31.807000;f0629508-b2c4-4600-a7e7-bfc4d0d11692;375.58;0.119;BUY
2016-02-07T01:11:31.677000;2016-02-07T01:11:31.807000;6dd0fd83-da80-47ce-a6db-44dfeb1a25a5;375.6;0.010025;BUY
2016-02-07T01:11:31.677000;2016-02-07T01:11:31.807000;193b3521-38db-44bd-aa10-22f1d3916148;375.6;0.05;BUY
2016-02-07T01:11:31.677000;2016-02-07T01:11:31.807000;a0571087-149d-4962-be19-3fc986f03db0;375.61;0.05;BUY
2016-02-07T01:11:31.677000;2016-02-07T01:11:31.807000;ea045740-31f2-4fed-bf25-b1b3f25888a4;375.61;0.074;BUY
2016-02-07T01:11:31.677000;2016-02-07T01:11:31.807000;48d203b9-b3f8-46ca-9694-db2478205641;375.64;0.072;BUY
2016-02-07T01:11:31.677000;2016-02-07T01:11:31.807000;e8f81bba-f3c0-432c-b5c9-3c0b3cd73251;375.65;0.01;BUY
2016-02-07T01:11:31.677000;2016-02-07T01:11:31.807000;5f8ac432-271b-4fe0-a2c2-adcdcfcd666c;375.65;1.54428119;BUY
2016-02-07T01:12:25.737000;2016-02-07T01:12:25.760000;9ea1eee3-eed9-4981-be3d-cdf00a4ed0b9;375.57;0.02;BUY
2016-02-07T01:12:31.013000;2016-02-07T01:12:31.027000;c98104a3-e0ba-4dfa-8d86-d5d87da4d8b1;375.56;0.01;SELL
2016-02-07T01:12:31.013000;2016-02-07T01:12:31.043000;a145a19c-5b9b-4c05-8904-f834347dc1c9;375.55;0.00085;SELL
2016-02-07T01:13:01.047000;2016-02-07T01:13:01.073000;e1b67e83-6746-49a4-b3c9-b550eac548fc;375.55;0.405;BUY
2016-02-07T01:13:01.047000;2016-02-07T01:13:01.073000;94093194-d5d8-4c32-a118-8188ee874be3;375.55;1.5362;BUY
2016-02-07T01:14:00.963000;2016-02-07T01:14:00.980000;b3a1eaf0-1474-4824-bee9-6dcabfe5f820;375.56;4.02055;BUY
2016-02-07T01:14:26.710000;2016-02-07T01:14:26.747000;57934735-5477-446e-bfac-7f07d7fd01c2;375.62;0.01;BUY
2016-02-07T01:14:26.710000;2016-02-07T01:14:26.747000;0c262c1a-eb2e-4631-82e0-013d423450f2;375.64;0.01;BUY
2016-02-07T01:14:26.710000;2016-02-07T01:14:26.747000;f30e978a-18c4-496d-b4e7-6a19712b739a;375.66;0.01;BUY
2016-02-07T01:14:26.710000;2016-02-07T01:14:26.747000;6d65e9e0-07f9-4635-bc08-c00e2131781e;375.66;0.02;BUY
2016-02-07T01:15:01.027000;2016-02-07T01:15:01.057000;b3316bdb-2e2f-4ed8-ad5d-27b9d4fbe313;375.61;2.5;BUY
2016-02-07T01:15:01.027000;2016-02-07T01:15:01.057000;a8c034d0-1057-4e2c-814d-c8f610e7c9d5;375.61;0.434;BUY
2016-02-07T01:15:01.030000;2016-02-07T01:15:01.057000;d8382978-ef67-45b4-9e78-c7968eb74b62;375.63;0.49831;BUY
2016-02-07T01:15:30.997000;2016-02-07T01:15:31.027000;e50e406f-0118-4b50-bd65-244e77358c01;375.64;0.01;BUY
2016-02-07T01:15:30.997000;2016-02-07T01:15:31.027000;541780e4-8ffb-49fa-b598-ffc6be709623;375.64;0.126;BUY
2016-02-07T01:15:30.997000;2016-02-07T01:15:31.027000;6b079521-4935-4aea-80aa-db2018129791;375.66;0.03;BUY
2016-02-07T01:15:30.997000;2016-02-07T01:15:31.027000;ef86e6b4-0e70-4f43-ab6a-01ffccb90c9e;375.66;0.05;BUY
2016-02-07T01:15:30.997000;2016-02-07T01:15:31.027000;c9e21e9b-df81-4c92-a0f6-f41c46272904;375.66;0.01;BUY
2016-02-07T01:15:30.997000;2016-02-07T01:15:31.043000;1b857f4b-7e5f-43a4-80f7-7469717ce977;375.66;0.05;BUY
2016-02-07T01:15:30.997000;2016-02-07T01:15:31.043000;9c062c94-25b4-424a-89d6-7459928b2340;375.67;0.5748;BUY
2016-02-07T01:16:00.943000;2016-02-07T01:16:00.950000;28d8ca7f-ef69-4e74-aed1-d11f6bda754e;375.67;0.09;BUY
2016-02-07T01:16:00.943000;2016-02-07T01:16:00.963000;1a004dbd-70d8-48ef-b873-571c859c17c1;375.68;1.407;BUY
2016-02-07T01:16:00.943000;2016-02-07T01:16:00.963000;47a78c04-f26d-4494-8e90-ae43df7ab840;375.7;0.010025;BUY
2016-02-07T01:16:00.943000;2016-02-07T01:16:00.963000;e70f151a-c938-4f1a-9af2-265ee4de3bde;375.7;0.404;BUY
2016-02-07T01:16:00.943000;2016-02-07T01:16:00.963000;b58c2d9d-b40d-4934-b39e-298a052c5cc6;375.7;1.392115;BUY
2016-02-07T01:16:31.130000;2016-02-07T01:16:31.137000;364e640e-3162-48ea-808b-8136110dcf90;375.67;0.18;BUY
2016-02-07T01:16:31.130000;2016-02-07T01:16:31.167000;6c491719-3b07-4c6a-a881-d0e7512aaac5;375.68;0.08423;BUY
2016-02-07T01:17:00.893000;2016-02-07T01:17:00.903000;aaa8b5a2-7e8b-4981-bd19-4017699296f0;375.68;0.5273;BUY
2016-02-07T01:18:06.540000;2016-02-07T01:18:06.543000;6afaf9e9-38e7-4300-b068-32c46f0150dc;375.67;0.011;SELL
2016-02-07T01:18:10.050000;2016-02-07T01:18:10.107000;c9e19cc3-36b2-4961-99b5-b48194b2fa81;375.66;0.011;SELL
2016-02-07T01:18:12.700000;2016-02-07T01:18:12.700000;414126b8-ac15-4c78-bf8c-4bc7712bae47;375.65;0.012;SELL
2016-02-07T01:18:22.987000;2016-02-07T01:18:22.997000;784270b7-b367-4ac3-a48f-298bce14cfed;375.64;0.012;SELL
2016-02-07T01:18:25.347000;2016-02-07T01:18:25.370000;1b41ce5a-131f-4c0c-9c99-352da3b582aa;375.63;0.012;SELL
2016-02-07T01:18:25.347000;2016-02-07T01:18:25.370000;087953bd-649e-467a-9dd5-3723c49ed840;375.62;0.01;SELL
2016-02-07T01:18:25.347000;2016-02-07T01:18:25.370000;78e6aa0c-9773-4f33-b1bc-c7905b2fd3ce;375.61;0.01;SELL
2016-02-07T01:18:25.347000;2016-02-07T01:18:25.387000;8d103a56-db96-438c-87e5-1e213422054a;375.6;0.01;SELL
2016-02-07T01:18:33.427000;2016-02-07T01:18:33.450000;a20ae157-4780-4535-ba4f-11028c11e2b5;375.6;0.01;SELL
2016-02-07T01:18:45.563000;2016-02-07T01:18:45.573000;2f47e037-7842-4b7e-8e1b-271c17cb52ad;375.59;0.01;SELL
2016-02-07T01:18:53.930000;2016-02-07T01:18:53.933000;7871c5aa-1569-4ae0-aa1f-f110ae7ef519;375.58;0.01;SELL
2016-02-07T01:19:00.823000;2016-02-07T01:19:00.840000;8079c178-cb35-4666-a293-9665017a691b;375.57;0.01;SELL
2016-02-07T01:19:01.067000;2016-02-07T01:19:01.073000;16e40fb1-b482-4dd0-a629-b7c5455f579b;375.58;0.22842;BUY
2016-02-07T01:19:31.063000;2016-02-07T01:19:31.073000;0112e9e9-83ca-450a-96f9-ca8e77dfa3ef;375.55;0.27759;BUY
2016-02-07T01:19:44.523000;2016-02-07T01:19:44.560000;a6b4ccc9-b86a-44e7-8b49-da6b9623713d;375.54;0.01;SELL
2016-02-07T01:19:44.523000;2016-02-07T01:19:44.560000;80c23d2e-8522-4f43-8c07-629582e1b6c7;375.54;0.01;SELL
2016-02-07T01:19:52.283000;2016-02-07T01:19:52.293000;37bae489-2680-4e15-b033-6b83e5b0988a;375.48;0.05;SELL
2016-02-07T01:19:54.760000;2016-02-07T01:19:54.793000;50a50393-9501-425b-9e46-4cb2a26b2c2f;375.4;0.01;SELL
2016-02-07T01:19:54.760000;2016-02-07T01:19:54.810000;1413cdaa-37e8-4c43-896b-c4b42e921db6;375.31;0.128;SELL
2016-02-07T01:19:54.760000;2016-02-07T01:19:54.810000;71aa2c3c-857e-4418-a5f2-c179bd4b0d03;375.3;0.01;SELL
2016-02-07T01:19:54.760000;2016-02-07T01:19:54.810000;f97f74b6-fefc-42d4-a196-4c2bddb1b985;375.28;0.092;SELL
2016-02-07T01:19:54.760000;2016-02-07T01:19:54.810000;8b60e2d8-9c0f-4876-9387-89e3bb3a66fe;375.27;0.01;SELL
2016-02-07T01:19:54.760000;2016-02-07T01:19:54.810000;632f068f-3bd4-49b5-9e3d-bf6ef42fc8ff;375.26;0.01;SELL
2016-02-07T01:19:54.760000;2016-02-07T01:19:54.810000;3de873ab-2899-43c7-a416-5722716c4500;375.26;0.01;SELL
2016-02-07T01:19:54.760000;2016-02-07T01:19:54.810000;d4c40aec-7bb2-4c94-be94-b0dfbaf48ea0;375.25;0.092;SELL
2016-02-07T01:19:54.760000;2016-02-07T01:19:54.810000;7c22cca8-74a1-428b-9b2d-d2c9aafd2dbe;375.24;0.01;SELL
2016-02-07T01:19:54.760000;2016-02-07T01:19:54.810000;84976bd5-47ef-4474-b8e5-cc066add4d7f;375.23;0.01;SELL
2016-02-07T01:19:54.760000;2016-02-07T01:19:54.823000;fa41fc7b-2bdd-4b0a-969b-160133ce083b;375.22;0.113;SELL
2016-02-07T01:19:54.760000;2016-02-07T01:19:54.823000;de83538d-67da-43e5-9c45-5c78de9b7b8f;375.21;0.01;SELL
2016-02-07T01:19:54.760000;2016-02-07T01:19:54.823000;c6029c25-6ccf-4216-89e8-616cb0157b36;375.2;0.01;SELL
2016-02-07T01:19:54.760000;2016-02-07T01:19:54.823000;4ba6fde0-b849-45d7-9858-fd0e730f0cbb;375.2;0.03;SELL
2016-02-07T01:19:54.763000;2016-02-07T01:19:54.840000;742675bc-d557-48d4-b512-fc922db5d4b2;375.19;0.01;SELL
2016-02-07T01:19:54.763000;2016-02-07T01:19:54.840000;57dca39a-dc40-487c-8926-ef86cf8c383b;375.19;0.125;SELL
2016-02-07T01:19:54.763000;2016-02-07T01:19:54.840000;cb95dedc-34c3-4333-a5a0-a0bb7123a489;375.17;0.01;SELL
2016-02-07T01:19:54.763000;2016-02-07T01:19:54.840000;7dabb090-b7b8-4292-9a24-e4c3cdd601f4;375.16;0.094;SELL
2016-02-07T01:19:54.763000;2016-02-07T01:19:54.840000;55fdfa30-1f0b-4673-b186-7aab84b38454;375.15;0.01;SELL
2016-02-07T01:19:54.763000;2016-02-07T01:19:54.857000;907ead3d-c0aa-40a7-b77b-5f135f9a8146;375.13;0.01;SELL
2016-02-07T01:19:54.763000;2016-02-07T01:19:54.857000;3b78f653-1efe-4bb2-8689-067023c4c03c;375.13;0.01;SELL
2016-02-07T01:19:54.763000;2016-02-07T01:19:54.857000;ec6495d0-42db-4761-801a-6532bcea4f8b;375.13;0.109;SELL
2016-02-07T01:19:54.763000;2016-02-07T01:19:54.857000;a196ef53-80b6-44ab-8b56-2df157270ab4;375.1;0.01;SELL
2016-02-07T01:19:54.763000;2016-02-07T01:19:54.857000;cae9e51a-5e13-48c6-9f11-0c98a43c4e5c;375.1;0.083;SELL
2016-02-07T01:19:54.763000;2016-02-07T01:19:54.857000;c7d80d3c-011f-433d-9faa-f698c05af65b;375.08;0.32;SELL
2016-02-07T01:19:54.763000;2016-02-07T01:19:54.857000;78e094a3-652c-45d0-a1ed-b610d7ac8852;375.07;0.075;SELL
2016-02-07T01:19:54.763000;2016-02-07T01:19:54.857000;cd5c67cc-d7ca-4fb5-895a-17af77120148;375.07;0.48;SELL
2016-02-07T01:19:54.763000;2016-02-07T01:19:54.857000;6497d39d-1966-4662-9c98-7a38257706b8;375.06;0.01;SELL
2016-02-07T01:19:54.763000;2016-02-07T01:19:54.857000;1566e188-2dc3-4d47-9b83-6760bec86e78;375.06;1.0;SELL
2016-02-07T01:19:54.767000;2016-02-07T01:19:54.857000;7cf3793a-38ee-446b-b9ca-3c7a674d5521;375.05;0.96;SELL
2016-02-07T01:19:54.767000;2016-02-07T01:19:54.857000;38cbafb0-6d6e-4d3c-841a-67547da0bb86;375.04;0.011;SELL
2016-02-07T01:19:54.767000;2016-02-07T01:19:54.870000;d3e872cb-484a-4fb1-ab6c-26e9fb04a84e;375.04;0.011;SELL
2016-02-07T01:19:54.767000;2016-02-07T01:19:54.870000;a0343173-41ea-4f86-9552-a49b917bb3d9;375.04;0.011;SELL
2016-02-07T01:19:54.767000;2016-02-07T01:19:54.870000;5200fddb-3d9f-4018-81e7-9d6023dfb0fd;375.04;0.086;SELL
2016-02-07T01:19:54.767000;2016-02-07T01:19:54.870000;d3e40313-a600-47c7-a171-240ce74b8c80;375.04;0.01;SELL
2016-02-07T01:19:54.767000;2016-02-07T01:19:54.870000;52e7a412-ec8a-4976-a42b-7d7e97cb1839;375.04;0.96;SELL
2016-02-07T01:19:54.767000;2016-02-07T01:19:54.870000;2b646a44-5a27-42fe-9648-4705a2f2a361;375.03;0.01;SELL
2016-02-07T01:19:54.767000;2016-02-07T01:19:54.870000;ff947ce5-2939-4709-aaf2-89b9af8fee98;375.03;0.011;SELL
2016-02-07T01:19:54.767000;2016-02-07T01:19:54.870000;ab0bcfc3-ece9-411c-8ec3-9ca8b98bcbd2;375.03;0.011;SELL
2016-02-07T01:19:54.767000;2016-02-07T01:19:54.870000;e0a73dca-8680-4d7d-aaab-c6119c0fb28c;375.03;1.12;SELL
2016-02-07T01:19:54.767000;2016-02-07T01:19:54.870000;e3845bcb-6573-4d4b-910b-5c369a250c37;375.02;0.01;SELL
2016-02-07T01:19:54.767000;2016-02-07T01:19:54.870000;f1738654-ede4-4939-9f83-b2794c74c100;375.02;0.011;SELL
2016-02-07T01:19:54.767000;2016-02-07T01:19:54.870000;7a941f28-b1e3-4e5e-b3bc-ea97a7cfb0ae;375.02;0.011;SELL
2016-02-07T01:19:54.767000;2016-02-07T01:19:54.887000;6f89df16-3caa-4eca-ac8b-aec8c7206221;375.02;0.011;SELL
2016-02-07T01:19:54.767000;2016-02-07T01:19:54.887000;b207f11b-5c5b-498f-a43e-f9b16698e08c;375.02;0.011;SELL
2016-02-07T01:19:57.353000;2016-02-07T01:19:57.370000;11199a8c-e032-40ab-8ece-be46dfa84787;375.25;0.01;SELL
2016-02-07T01:19:57.353000;2016-02-07T01:19:57.370000;b5f46e6c-5f93-4d7c-b1ad-1a309325a6ff;375.23;0.01;SELL
2016-02-07T01:19:57.353000;2016-02-07T01:19:57.387000;6e651d6a-27e9-405c-ac23-7e57b7a26fc8;375.1;0.01;SELL
2016-02-07T01:19:57.353000;2016-02-07T01:19:57.387000;90db31fb-6121-4edc-9cd0-8affb1c72f49;375.02;0.126;SELL
2016-02-07T01:19:57.353000;2016-02-07T01:19:57.387000;4f7217a2-c949-4884-8d93-97d08e34cbe0;375.01;0.011;SELL
2016-02-07T01:19:57.353000;2016-02-07T01:19:57.387000;025d5023-b011-4da9-96d2-012c14371886;375.01;0.011;SELL
2016-02-07T01:19:57.353000;2016-02-07T01:19:57.387000;af8a1c95-2027-4fee-8588-5acbd2a115a4;375.01;0.093;SELL
2016-02-07T01:19:57.353000;2016-02-07T01:19:57.387000;1c269b1f-68a9-4c6b-9131-a49caa1a7f35;375.0;0.01;SELL
2016-02-07T01:19:57.353000;2016-02-07T01:19:57.403000;01165327-dcaa-452a-9e90-438fb53d6c5b;375.0;0.01;SELL
2016-02-07T01:19:57.353000;2016-02-07T01:19:57.403000;c36538b6-b5e6-4290-815f-f7a982e14ff3;375.0;0.01;SELL
2016-02-07T01:19:57.353000;2016-02-07T01:19:57.403000;f9176d13-ae36-4688-8c88-208aefa96914;375.0;0.011;SELL
2016-02-07T01:19:57.353000;2016-02-07T01:19:57.403000;58559ce1-2b58-4532-abf3-4691d6b6f2e4;375.0;0.011;SELL
2016-02-07T01:19:57.353000;2016-02-07T01:19:57.403000;70e3e11b-d35f-4b7a-bdd4-c1ffe8dc6a52;374.99;0.011;SELL
2016-02-07T01:19:57.353000;2016-02-07T01:19:57.403000;4c7631be-5143-4a83-b290-ee12a78a2b72;374.99;0.011;SELL
2016-02-07T01:19:57.353000;2016-02-07T01:19:57.403000;09c17405-7d1a-4232-b47f-3791120d7ab1;374.99;0.011;SELL
2016-02-07T01:19:57.353000;2016-02-07T01:19:57.403000;46e455de-b9be-4470-a952-dc0c21278df3;374.99;0.011;SELL
2016-02-07T01:19:57.353000;2016-02-07T01:19:57.403000;8e60656d-e48e-4bc1-bdb8-8d89d04f19f1;374.98;0.01;SELL
2016-02-07T01:19:57.357000;2016-02-07T01:19:57.417000;2b1d996b-3aed-4264-b4e8-608ace018733;374.98;0.011;SELL
2016-02-07T01:19:57.357000;2016-02-07T01:19:57.417000;d1e099b9-aee8-455e-8d1b-7ff047643a4d;374.98;0.106;SELL
2016-02-07T01:19:57.357000;2016-02-07T01:19:57.417000;48d13a99-e885-4dc4-9459-248092efa5e2;374.97;0.011;SELL
2016-02-07T01:19:57.357000;2016-02-07T01:19:57.417000;075a61e0-a534-4220-853f-240bf2055516;374.97;0.011;SELL
2016-02-07T01:19:57.357000;2016-02-07T01:19:57.433000;83fd465d-9656-4fac-9ff7-15bde20f7afb;374.97;0.01;SELL
2016-02-07T01:19:57.357000;2016-02-07T01:19:57.433000;e64d3210-e00f-4555-b372-3b4fabc71045;374.96;0.01;SELL
2016-02-07T01:19:57.357000;2016-02-07T01:19:57.433000;fb69cfe6-a9de-4775-9eb5-354fdefec116;374.96;0.01;SELL
