time_exchange;time_coinpai;guid;price;base_amount;taker_side
2016-02-07T00:00:02.000000;2016-02-07T00:00:02.000000;4333b004-e822-4b41-97c4-cab2e25d2bd8;373.71;0.81909166;UNKNOWN
2016-02-07T00:00:25.000000;2016-02-07T00:00:25.000000;7ecbd54f-e24a-441a-bc0c-df0fdb55f65b;373.75;0.1;UNKNOWN
2016-02-07T00:00:42.000000;2016-02-07T00:00:42.000000;9f642c7a-83a0-4774-8025-8f198b06e890;373.74;0.01380905;UNKNOWN
2016-02-07T00:01:05.000000;2016-02-07T00:01:05.000000;1117e593-fe12-4f24-8066-3777843e5641;373.75;0.03;UNKNOWN
2016-02-07T00:04:53.000000;2016-02-07T00:04:53.000000;121f3c45-b7a1-4e2e-a1cb-9485b009f720;373.72;0.01337;UNKNOWN
2016-02-07T00:06:06.000000;2016-02-07T00:06:06.000000;0dfb36dd-a9ae-420d-9e03-4d18c5ba0458;373.72;1.0;UNKNOWN
2016-02-07T00:06:24.000000;2016-02-07T00:06:24.000000;89909338-0d19-47eb-897b-8006a0626964;373.75;1.0;UNKNOWN
2016-02-07T00:06:34.000000;2016-02-07T00:06:34.000000;b4652d20-3db0-49dc-88ed-55bb70a0e0b1;373.75;1.0;UNKNOWN
2016-02-07T00:08:04.000000;2016-02-07T00:08:04.000000;2549c8e5-722d-4987-82cb-f8b2e413c621;373.75;1.0;UNKNOWN
2016-02-07T00:08:05.000000;2016-02-07T00:08:05.000000;3c4636a9-0f9f-463f-b3ee-c850bb1d3dd5;373.75;0.10595465;UNKNOWN
2016-02-07T00:08:11.000000;2016-02-07T00:08:11.000000;79213676-0b3e-4540-b988-463f394882b2;373.74;0.23974617;UNKNOWN
2016-02-07T00:08:11.000000;2016-02-07T00:08:11.000000;aee36f6b-28d2-40d7-9a63-8faf31fd41e5;373.75;1.0;UNKNOWN
2016-02-07T00:08:15.000000;2016-02-07T00:08:15.000000;4fcead96-8d73-44ac-bf0a-14be3f2ddaad;373.75;1.0;UNKNOWN
2016-02-07T00:08:45.000000;2016-02-07T00:08:45.000000;efc78fc0-1103-4660-b3a3-49e8c0b1481d;373.75;1.0;UNKNOWN
2016-02-07T00:09:00.000000;2016-02-07T00:09:00.000000;40d2fe0a-0936-4233-8563-9af36eb8b5da;373.75;0.01;UNKNOWN
2016-02-07T00:09:00.000000;2016-02-07T00:09:00.000000;027c0430-bab5-4ca0-ac42-d841f3b981e8;373.75;0.086;UNKNOWN
2016-02-07T00:09:00.000000;2016-02-07T00:09:00.000000;aff05ff7-b35d-4574-af71-0ad6c56c55a6;373.75;0.84655535;UNKNOWN
2016-02-07T00:09:00.000000;2016-02-07T00:09:00.000000;a474da34-2ad4-4189-95f6-ffe9b132a817;373.75;0.05744465;UNKNOWN
2016-02-07T00:09:04.000000;2016-02-07T00:09:04.000000;9fb55422-b22a-4046-b5e0-58c887bd5498;373.75;0.1422651;UNKNOWN
2016-02-07T00:09:04.000000;2016-02-07T00:09:04.000000;5bf9dc9d-a00b-4988-89a5-5cb4604658ac;373.75;0.8577349;UNKNOWN
2016-02-07T00:09:36.000000;2016-02-07T00:09:36.000000;605a7070-727e-42c6-b6ab-f363458c200a;373.8;1.0;UNKNOWN
2016-02-07T00:09:40.000000;2016-02-07T00:09:40.000000;b86f14fb-a29d-471d-9b52-42b32cb6463e;373.8;1.0;UNKNOWN
2016-02-07T00:09:50.000000;2016-02-07T00:09:50.000000;daf78c67-3e16-4216-8bd1-d2dd2ec86654;373.8;0.75;UNKNOWN
2016-02-07T00:10:05.000000;2016-02-07T00:10:05.000000;166f889a-c49d-4d09-884f-1a79cdc79b1b;373.8;1.45;UNKNOWN
2016-02-07T00:10:25.000000;2016-02-07T00:10:25.000000;907884e4-c772-48d5-a366-ded97256a119;373.8;0.22791898;UNKNOWN
2016-02-07T00:10:25.000000;2016-02-07T00:10:25.000000;bf1ca860-902b-4b87-a9ae-7632795fac10;373.8;9.07208102;UNKNOWN
2016-02-07T00:10:32.000000;2016-02-07T00:10:32.000000;e491c132-e2dd-439a-94fa-2b166ae9e125;373.8;0.02376873;UNKNOWN
2016-02-07T00:10:32.000000;2016-02-07T00:10:32.000000;ce85652a-41e0-4a93-bbb3-9d9527abe864;373.9;0.17623127;UNKNOWN
2016-02-07T00:10:34.000000;2016-02-07T00:10:34.000000;a9bc670e-b61f-4292-b6f3-66d04f6bfaff;373.9;1.0;UNKNOWN
2016-02-07T00:10:38.000000;2016-02-07T00:10:38.000000;fffc6a4a-f1c4-4d49-904e-1a5a4578546a;373.9;2.3;UNKNOWN
2016-02-07T00:10:41.000000;2016-02-07T00:10:41.000000;4bd36231-761a-46ea-9bd1-b065a633f583;374.0;0.59566356;UNKNOWN
2016-02-07T00:10:41.000000;2016-02-07T00:10:41.000000;c6ff97b6-b2e9-428e-9c7e-55f6aa95adec;373.9;0.03476873;UNKNOWN
2016-02-07T00:10:41.000000;2016-02-07T00:10:41.000000;a68aabc8-5cab-49f5-aacb-bc01f1eacace;374.0;0.36956771;UNKNOWN
2016-02-07T00:10:43.000000;2016-02-07T00:10:43.000000;a1d362a6-a857-4b3a-8879-31e90a5c6bf7;374.0;5.0;UNKNOWN
2016-02-07T00:10:44.000000;2016-02-07T00:10:44.000000;2946957a-72c7-4e25-a6df-22ebab6dcd0c;374.0;3.4;UNKNOWN
2016-02-07T00:10:47.000000;2016-02-07T00:10:47.000000;4872378a-77b0-441d-9958-fc1be5ca0fed;374.0;5.0;UNKNOWN
2016-02-07T00:10:48.000000;2016-02-07T00:10:48.000000;84532127-9844-4d2c-b661-45f03241b03b;374.0;1.0;UNKNOWN
2016-02-07T00:10:50.000000;2016-02-07T00:10:50.000000;e21ada6d-ecf7-4fd8-8a84-3a5ca96d17f3;374.0;1.0;UNKNOWN
2016-02-07T00:10:50.000000;2016-02-07T00:10:50.000000;e50e5ad1-4c81-4012-8ca2-9471ad82b8ef;374.0;0.00433644;UNKNOWN
2016-02-07T00:10:50.000000;2016-02-07T00:10:50.000000;b334689c-7e54-4c49-9dc9-b0738443d7a1;374.0;0.53596356;UNKNOWN
2016-02-07T00:10:51.000000;2016-02-07T00:10:51.000000;ad4e28d6-5c1a-4fdb-8914-c7f6a7d4a729;374.0;0.1;UNKNOWN
2016-02-07T00:10:52.000000;2016-02-07T00:10:52.000000;db47707f-100e-48a2-9796-1b50b30ad8eb;374.0;1.0;UNKNOWN
2016-02-07T00:10:54.000000;2016-02-07T00:10:54.000000;8db7358f-eb79-4c81-8f3d-2aa88afd685d;374.05;0.01;UNKNOWN
2016-02-07T00:10:54.000000;2016-02-07T00:10:54.000000;d8ba6648-a299-4d65-94bc-bfcfed4dd392;374.17;0.05;UNKNOWN
2016-02-07T00:10:54.000000;2016-02-07T00:10:54.000000;c1af5423-a388-458f-8d7b-38fea85756d4;374.0;0.31403644;UNKNOWN
2016-02-07T00:10:54.000000;2016-02-07T00:10:54.000000;0c9d8b58-ec8c-4f12-834e-a76570343aae;374.15;0.01;UNKNOWN
2016-02-07T00:10:54.000000;2016-02-07T00:10:54.000000;9ea12faa-91e6-4cd8-9004-2ad494d8d6a9;374.24;0.61596356;UNKNOWN
2016-02-07T00:10:56.000000;2016-02-07T00:10:56.000000;a8dd17d2-8efe-450e-8046-7b65dd0fbbbd;374.24;1.0;UNKNOWN
2016-02-07T00:10:57.000000;2016-02-07T00:10:57.000000;e16744b4-aae7-4617-ad7d-a3a74cfa25fb;374.24;4.0;UNKNOWN
2016-02-07T00:10:57.000000;2016-02-07T00:10:57.000000;fec7eeec-51be-42fa-8b28-bd8b93fc21e7;374.24;0.3;UNKNOWN
2016-02-07T00:11:05.000000;2016-02-07T00:11:05.000000;3a66c262-de81-43d7-aa90-ecf3ba068f88;374.15;0.1;UNKNOWN
2016-02-07T00:11:05.000000;2016-02-07T00:11:05.000000;19fc1cdc-6d36-4b83-9afb-cde805c25547;374.25;0.29;UNKNOWN
2016-02-07T00:11:05.000000;2016-02-07T00:11:05.000000;9a1dcc38-4855-47b6-80a6-b66bb172ea38;374.25;0.01;UNKNOWN
2016-02-07T00:11:21.000000;2016-02-07T00:11:21.000000;4f09c9da-a4d6-4c38-8c6d-46265ccf2c88;374.25;1.21;UNKNOWN
2016-02-07T00:11:21.000000;2016-02-07T00:11:21.000000;84140883-3553-44f3-8152-703a896659ee;374.25;0.09;UNKNOWN
2016-02-07T00:11:41.000000;2016-02-07T00:11:41.000000;ace3000c-8cd2-44bc-bf8a-a91b549f0484;374.35;0.01;UNKNOWN
2016-02-07T00:11:41.000000;2016-02-07T00:11:41.000000;07ff29ba-7fef-4285-8e04-0f38135afc81;374.45;0.01;UNKNOWN
2016-02-07T00:11:41.000000;2016-02-07T00:11:41.000000;a15ec83a-f7de-46f2-b4ff-974d02f0b0e8;374.25;0.01;UNKNOWN
2016-02-07T00:11:41.000000;2016-02-07T00:11:41.000000;68dc4206-f5ae-4f28-b878-c62067f154db;374.49;0.97;UNKNOWN
2016-02-07T00:11:48.000000;2016-02-07T00:11:48.000000;0b1fdf02-e8cb-444a-92c0-e41d18ad9370;374.49;1.0;UNKNOWN
2016-02-07T00:11:49.000000;2016-02-07T00:11:49.000000;35aa79a9-676d-45d9-9f47-0cc09ba0c6bb;374.49;0.01;UNKNOWN
2016-02-07T00:11:49.000000;2016-02-07T00:11:49.000000;369c21cc-1dfc-4407-b973-7fa75f8b62f4;374.49;1.0;UNKNOWN
2016-02-07T00:11:50.000000;2016-02-07T00:11:50.000000;2db9614c-37af-47c1-8f0e-d9727b659db2;374.49;28.40398014;UNKNOWN
2016-02-07T00:11:52.000000;2016-02-07T00:11:52.000000;85461306-21da-45eb-b142-9117081187c6;374.49;1.0;UNKNOWN
2016-02-07T00:12:02.000000;2016-02-07T00:12:02.000000;0921fac2-e78c-48b6-90d4-9940e7357394;374.49;0.5;UNKNOWN
2016-02-07T00:12:05.000000;2016-02-07T00:12:05.000000;436f73a0-159e-4eff-9f55-10dda46b6633;374.46;0.03283;UNKNOWN
2016-02-07T00:12:12.000000;2016-02-07T00:12:12.000000;7653d720-49e9-44c0-b119-da9e12431ea4;374.49;0.03483162;UNKNOWN
2016-02-07T00:12:40.000000;2016-02-07T00:12:40.000000;ac395612-0442-43b3-a2b5-6038e14ac5d7;374.49;1.0;UNKNOWN
2016-02-07T00:12:46.000000;2016-02-07T00:12:46.000000;68bce0e9-ec91-420e-aed2-7dfb7798cb72;374.49;1.0;UNKNOWN
2016-02-07T00:12:50.000000;2016-02-07T00:12:50.000000;ca06dafe-edb4-4fc3-ae40-4ce5f3d62029;374.49;1.0;UNKNOWN
2016-02-07T00:12:51.000000;2016-02-07T00:12:51.000000;6897f057-51ec-4389-8386-33507f1076a0;374.49;0.4732;UNKNOWN
2016-02-07T00:13:29.000000;2016-02-07T00:13:29.000000;94e18c4d-dcb1-4d7d-9e29-e9c01c239b63;374.49;0.566393;UNKNOWN
2016-02-07T00:13:51.000000;2016-02-07T00:13:51.000000;9c9f6309-e69c-4479-b3ae-8f6c658f4966;374.49;1.05;UNKNOWN
2016-02-07T00:14:10.000000;2016-02-07T00:14:10.000000;4bfd7f12-50ff-442b-aa83-f307bd25929f;374.49;1.0;UNKNOWN
2016-02-07T00:14:15.000000;2016-02-07T00:14:15.000000;afd5fab7-c0be-4730-ade0-443bd1ca74c4;374.49;0.1996;UNKNOWN
2016-02-07T00:14:17.000000;2016-02-07T00:14:17.000000;e1c48a1c-c9e5-49cb-93b0-49a53d5870de;374.49;1.0;UNKNOWN
2016-02-07T00:14:35.000000;2016-02-07T00:14:35.000000;2ba093df-c5d6-4411-b4fd-ee8ed8193890;374.49;0.1996;UNKNOWN
2016-02-07T00:14:39.000000;2016-02-07T00:14:39.000000;fa790014-7fc2-46c0-815e-d7e8ff7ac91b;374.49;1.0697;UNKNOWN
2016-02-07T00:14:50.000000;2016-02-07T00:14:50.000000;2f688997-3b60-4065-aa11-a89a1555503c;374.48;0.7;UNKNOWN
2016-02-07T00:14:50.000000;2016-02-07T00:14:50.000000;02fb263c-8229-4f50-996b-95963091df2d;374.49;0.0199;UNKNOWN
2016-02-07T00:14:56.000000;2016-02-07T00:14:56.000000;f3196cdc-b4c6-457e-b967-7d43de2e7a24;374.49;0.1996;UNKNOWN
2016-02-07T00:14:58.000000;2016-02-07T00:14:58.000000;3219c022-72b1-46e4-af94-62542d728817;374.48;1.3;UNKNOWN
2016-02-07T00:15:04.000000;2016-02-07T00:15:04.000000;4756940f-008e-4aeb-977b-b2fdc9506de1;374.48;0.1;UNKNOWN
2016-02-07T00:17:01.000000;2016-02-07T00:17:01.000000;14d7af27-51a0-41c6-b8f1-aead3394a33d;374.49;8.05319524;UNKNOWN
2016-02-07T00:17:01.000000;2016-02-07T00:17:01.000000;3c59e4b6-962f-4df6-aef8-86887f225925;374.5;12.69680476;UNKNOWN
2016-02-07T00:17:01.000000;2016-02-07T00:17:01.000000;49e682c3-d8e0-40cb-a96f-d8869c1c2676;374.49;0.2;UNKNOWN
2016-02-07T00:18:56.000000;2016-02-07T00:18:56.000000;01d9eec9-966b-4da3-bfaa-ea5a4e17c0dc;374.48;5.0;UNKNOWN
2016-02-07T00:19:28.000000;2016-02-07T00:19:28.000000;d6c60ddc-bf02-4186-99a0-2dfbafda57d3;374.18;0.2734;UNKNOWN
2016-02-07T00:19:28.000000;2016-02-07T00:19:28.000000;1ff953b5-7e99-45cd-abb8-a94e1b8dd8f1;374.47;1.0;UNKNOWN
2016-02-07T00:19:28.000000;2016-02-07T00:19:28.000000;f06cf7fe-4522-46b7-9b5f-ea372a3582fa;374.4;0.033;UNKNOWN
2016-02-07T00:19:28.000000;2016-02-07T00:19:28.000000;7096e9b7-b436-4767-a8a3-70ce18bf5f8f;374.18;2.7936;UNKNOWN
2016-02-07T00:19:28.000000;2016-02-07T00:19:28.000000;4f7078c9-e712-4651-b83f-6aac5c9ade2a;374.48;4.9;UNKNOWN
2016-02-07T00:19:33.000000;2016-02-07T00:19:33.000000;503a30f8-18e8-4b78-8099-2d7e23a12b1f;373.99;3.0;UNKNOWN
2016-02-07T00:19:33.000000;2016-02-07T00:19:33.000000;0f6991a7-56b0-4120-938e-2efd2bb9f75f;373.99;0.5;UNKNOWN
2016-02-07T00:19:33.000000;2016-02-07T00:19:33.000000;c10bda63-2bc0-43c0-b94c-85df7e35ea29;373.99;5.5;UNKNOWN
2016-02-07T00:21:06.000000;2016-02-07T00:21:06.000000;73b5775a-e5e5-45a5-bcaa-c5180647823e;373.92;0.01337;UNKNOWN
2016-02-07T00:21:29.000000;2016-02-07T00:21:29.000000;265c42ef-87ea-4353-a83a-321c243c6928;373.99;0.4;UNKNOWN
2016-02-07T00:22:29.000000;2016-02-07T00:22:29.000000;f48f3b68-3f63-4c88-91e2-f141a3bd728d;373.82;0.5;UNKNOWN
2016-02-07T00:22:29.000000;2016-02-07T00:22:29.000000;f6d50dcc-808d-48b5-9333-246a153fe2ab;373.49;1.82;UNKNOWN
2016-02-07T00:22:29.000000;2016-02-07T00:22:29.000000;3f514441-cc1e-43c0-998d-75c56d99ac83;373.48;0.115492;UNKNOWN
2016-02-07T00:22:29.000000;2016-02-07T00:22:29.000000;05525bd4-dda3-49c1-843c-0a9dce0c7b76;373.7;1.4121;UNKNOWN
2016-02-07T00:22:29.000000;2016-02-07T00:22:29.000000;54b1b619-626e-4115-8ddd-22756e4c6c68;373.59;3.8712175;UNKNOWN
2016-02-07T00:22:29.000000;2016-02-07T00:22:29.000000;3f05ef2b-32ac-45d9-89df-0bc34948a879;373.54;3.87111759;UNKNOWN
2016-02-07T00:22:29.000000;2016-02-07T00:22:29.000000;61d05be3-b333-447a-9035-4017b6dd9fb9;373.37;3.87146729;UNKNOWN
2016-02-07T00:22:29.000000;2016-02-07T00:22:29.000000;6b826440-6a36-4bc7-bb30-8ad47fbd414f;373.72;0.2554;UNKNOWN
2016-02-07T00:22:29.000000;2016-02-07T00:22:29.000000;7ca0e6c5-e6f4-4b43-8266-da635331dace;373.82;3.0;UNKNOWN
2016-02-07T00:22:29.000000;2016-02-07T00:22:29.000000;caedb5db-470f-414a-bd03-81b9256b1458;373.28;3.87111759;UNKNOWN
2016-02-07T00:22:29.000000;2016-02-07T00:22:29.000000;ef30a660-2494-4088-b7ab-c6c65c0dee02;373.56;14.92;UNKNOWN
2016-02-07T00:22:29.000000;2016-02-07T00:22:29.000000;62e01e68-e59c-45b8-bf0c-b62cdf527e08;373.13;15.4852;UNKNOWN
2016-02-07T00:22:29.000000;2016-02-07T00:22:29.000000;0f5adc21-c80c-4bba-a58b-693948055863;373.55;1.24;UNKNOWN
2016-02-07T00:22:29.000000;2016-02-07T00:22:29.000000;168eb1d4-8ab0-40f2-992b-3130d7a0b799;373.15;3.87106764;UNKNOWN
2016-02-07T00:22:29.000000;2016-02-07T00:22:29.000000;431359bc-4afd-4671-ace8-cf5165ecde83;373.81;16.368;UNKNOWN
2016-02-07T00:22:29.000000;2016-02-07T00:22:29.000000;5631f7a1-314e-4cb0-8396-b0771ab21feb;373.68;16.5755;UNKNOWN
2016-02-07T00:22:29.000000;2016-02-07T00:22:29.000000;daf8afd7-ad01-4c1c-bbe2-8d036389a683;373.6;1.77;UNKNOWN
2016-02-07T00:22:29.000000;2016-02-07T00:22:29.000000;65c1f06e-d985-4986-82d0-bf7b0cdd67b6;373.44;3.87146729;UNKNOWN
2016-02-07T00:22:29.000000;2016-02-07T00:22:29.000000;cbdfc804-c012-4b41-bfa8-d5733a9aca4b;374.0;0.01;UNKNOWN
2016-02-07T00:22:29.000000;2016-02-07T00:22:29.000000;adfcc92c-c37f-406b-a435-2585aa12cbab;373.6;0.06;UNKNOWN
2016-02-07T00:22:29.000000;2016-02-07T00:22:29.000000;d11dd216-ed6f-4c3d-b3cc-783b16d21733;373.93;3.86917045;UNKNOWN
2016-02-07T00:22:29.000000;2016-02-07T00:22:29.000000;e9b1d439-251b-4479-9080-57f78c092246;373.22;3.87106764;UNKNOWN
2016-02-07T00:22:29.000000;2016-02-07T00:22:29.000000;ad7bde06-816c-4589-9985-ad51b5002633;373.86;3.86917045;UNKNOWN
2016-02-07T00:22:29.000000;2016-02-07T00:22:29.000000;dd76d9e2-cf1c-4357-8606-e3c3d3deb3c1;373.29;18.0;UNKNOWN
2016-02-07T00:22:29.000000;2016-02-07T00:22:29.000000;9c6e38d4-276c-467b-a35b-97a39a39da3b;373.4;6.61;UNKNOWN
2016-02-07T00:22:29.000000;2016-02-07T00:22:29.000000;4747cd9f-3c44-4240-93d0-fa09f6075ac4;373.33;3.8712175;UNKNOWN
2016-02-07T00:22:29.000000;2016-02-07T00:22:29.000000;0634e5c1-d6f4-4427-8586-e2cf967818dd;373.22;0.1;UNKNOWN
2016-02-07T00:22:29.000000;2016-02-07T00:22:29.000000;b1a3b3bc-9b09-429e-8804-b4b9112464c5;373.39;14.4906;UNKNOWN
2016-02-07T00:22:29.000000;2016-02-07T00:22:29.000000;3abbc794-e91b-416a-bcef-68a0f8886279;373.0;84.19262706;UNKNOWN
2016-02-07T00:22:29.000000;2016-02-07T00:22:29.000000;a28d604a-26bf-4213-87d3-4f8e0ff22c48;373.28;15.587;UNKNOWN
2016-02-07T00:22:29.000000;2016-02-07T00:22:29.000000;ecc416bb-f134-486a-b4a2-99ba4f345a29;373.45;1.77;UNKNOWN
2016-02-07T00:22:29.000000;2016-02-07T00:22:29.000000;858beb0c-ca40-4e02-9ca0-41b949d6cf2f;373.0;10.0;UNKNOWN
2016-02-07T00:22:29.000000;2016-02-07T00:22:29.000000;0ea68dac-8c20-46a4-97ef-b560a780180b;373.14;0.31;UNKNOWN
2016-02-07T00:22:29.000000;2016-02-07T00:22:29.000000;425fb39a-7f25-4120-9a23-7361ddfd38e3;373.0;5.7;UNKNOWN
2016-02-07T00:22:50.000000;2016-02-07T00:22:50.000000;da259d25-842e-4c89-85f9-30ba385b0ee8;373.64;3.1;UNKNOWN
2016-02-07T00:22:55.000000;2016-02-07T00:22:55.000000;aa83f594-f169-456a-8921-75cae4c3dcdb;373.6;0.3992;UNKNOWN
2016-02-07T00:23:00.000000;2016-02-07T00:23:00.000000;f4525b04-9c80-4ff5-ae69-3ae2f0d94a30;373.59;0.7;UNKNOWN
2016-02-07T00:23:01.000000;2016-02-07T00:23:01.000000;54be2379-9058-4cea-9600-ce2b764a525f;373.57;1.0;UNKNOWN
2016-02-07T00:23:07.000000;2016-02-07T00:23:07.000000;6cb571f0-63a3-416d-9c39-eb238342749e;373.76;0.02632575;UNKNOWN
2016-02-07T00:23:15.000000;2016-02-07T00:23:15.000000;e8639b6e-e033-4e93-86bd-bab3a9a9503c;373.59;0.7331307;UNKNOWN
2016-02-07T00:23:27.000000;2016-02-07T00:23:27.000000;b185c86c-44e2-4ab7-a3a3-4fc8e3328640;373.6;8.1;UNKNOWN
2016-02-07T00:23:32.000000;2016-02-07T00:23:32.000000;70668cdd-2bd7-49e8-b31e-2fde37c67fc6;373.6;0.1;UNKNOWN
2016-02-07T00:23:32.000000;2016-02-07T00:23:32.000000;253e05d3-c138-4f8d-845e-160feb237447;373.6;0.9;UNKNOWN
2016-02-07T00:23:33.000000;2016-02-07T00:23:33.000000;702cd58e-00e3-4c8d-8a86-ce2683383208;373.6;17.2;UNKNOWN
2016-02-07T00:23:33.000000;2016-02-07T00:23:33.000000;65a06c5f-c99b-468c-aa29-3b3f18c0c611;373.6;2.6;UNKNOWN
2016-02-07T00:23:41.000000;2016-02-07T00:23:41.000000;9c0e1b5b-5346-4a77-9b12-ec65e64df9e2;373.6;9.0;UNKNOWN
2016-02-07T00:23:45.000000;2016-02-07T00:23:45.000000;c6c498c2-4a5c-4158-b906-e9f6edeb41d1;373.5;0.01;UNKNOWN
2016-02-07T00:23:45.000000;2016-02-07T00:23:45.000000;3f511d8d-8336-4ac8-8b6c-1e8ac0d7c97d;373.12;8.7231307;UNKNOWN
2016-02-07T00:23:45.000000;2016-02-07T00:23:45.000000;94a0b4ae-6850-4239-9b3c-5017b2625877;373.59;1.0;UNKNOWN
2016-02-07T00:23:45.000000;2016-02-07T00:23:45.000000;cb7a9847-a65d-45bc-beea-abc7956fb671;373.59;0.2668693;UNKNOWN
2016-02-07T00:23:49.000000;2016-02-07T00:23:49.000000;32670e60-4188-4b08-89dd-21e8cc1ab92b;373.64;3.1;UNKNOWN
2016-02-07T00:24:25.000000;2016-02-07T00:24:25.000000;a436ac88-0b66-4dae-88fe-8f7360eb0d72;373.67;1.0;UNKNOWN
2016-02-07T00:24:31.000000;2016-02-07T00:24:31.000000;cbecfc9a-a965-4c88-99f5-478180bcfeea;373.65;0.5;UNKNOWN
2016-02-07T00:24:31.000000;2016-02-07T00:24:31.000000;7bbb5c87-7a10-4bf9-8ef4-f5a31b158dab;373.65;0.5;UNKNOWN
2016-02-07T00:24:39.000000;2016-02-07T00:24:39.000000;89fd146b-b335-40c5-ba0f-d5c0641db562;373.62;1.0;UNKNOWN
2016-02-07T00:24:48.000000;2016-02-07T00:24:48.000000;00eded30-b846-4473-8d58-b982d364daac;373.74;1.0;UNKNOWN
2016-02-07T00:24:56.000000;2016-02-07T00:24:56.000000;5bbe42b9-8b49-4a31-9c63-e7ce437d7b93;373.7;1.0;UNKNOWN
2016-02-07T00:25:01.000000;2016-02-07T00:25:01.000000;3d75ed2d-8250-4143-acaf-c9fd10f57bde;373.66;1.0;UNKNOWN
2016-02-07T00:25:04.000000;2016-02-07T00:25:04.000000;36218f8f-e402-4a74-8422-38642a2562ad;373.64;1.0;UNKNOWN
2016-02-07T00:25:06.000000;2016-02-07T00:25:06.000000;7b1bf082-8227-4df0-ad8b-419e8c39162b;373.63;2.31161174;UNKNOWN
2016-02-07T00:25:17.000000;2016-02-07T00:25:17.000000;1396fd42-040c-4475-a1da-eccb4a1746aa;373.61;1.0;UNKNOWN
2016-02-07T00:25:17.000000;2016-02-07T00:25:17.000000;da495368-9c95-4b73-a410-7e87b8a9c1fc;373.62;6.6295;UNKNOWN
2016-02-07T00:25:18.000000;2016-02-07T00:25:18.000000;34b55cc6-433d-4eaa-a1cb-1ad413b546da;373.5;1.0;UNKNOWN
2016-02-07T00:25:22.000000;2016-02-07T00:25:22.000000;c004b1fd-8f70-448d-ad08-71ac4481ecd7;373.5;0.1547;UNKNOWN
2016-02-07T00:25:24.000000;2016-02-07T00:25:24.000000;a9a7032d-c732-45d4-bfcd-d6f383ded6fd;373.0;0.01;UNKNOWN
2016-02-07T00:25:26.000000;2016-02-07T00:25:26.000000;29dcde76-5e08-4b15-b2ae-7b37e55fbd84;373.48;0.5;UNKNOWN
2016-02-07T00:25:26.000000;2016-02-07T00:25:26.000000;ecea2b8c-3f22-4d14-9880-67cbf60575bf;373.48;0.5;UNKNOWN
2016-02-07T00:25:32.000000;2016-02-07T00:25:32.000000;274d7db5-a244-41eb-be74-25c3c675f3e9;373.5;0.2158;UNKNOWN
2016-02-07T00:25:32.000000;2016-02-07T00:25:32.000000;e266d9ef-0999-4830-8457-d44d364c3289;373.5;0.2842;UNKNOWN
2016-02-07T00:25:35.000000;2016-02-07T00:25:35.000000;ce640e88-e538-4d1b-9e8c-3f6be451c315;373.5;1.0;UNKNOWN
2016-02-07T00:25:38.000000;2016-02-07T00:25:38.000000;a3b3297a-3f00-4c67-a971-ca20f70b32cf;373.5;4.1;UNKNOWN
2016-02-07T00:25:40.000000;2016-02-07T00:25:40.000000;c7e4192f-f182-4a3e-8cbe-02ffc7341790;373.5;1.0;UNKNOWN
2016-02-07T00:25:46.000000;2016-02-07T00:25:46.000000;1303658a-659e-4c1b-982b-f33346a704ee;373.5;1.2;UNKNOWN
2016-02-07T00:26:01.000000;2016-02-07T00:26:01.000000;6c8e56fa-3bcc-43b2-a872-9e5d2111f549;373.5;1.4158;UNKNOWN
2016-02-07T00:26:01.000000;2016-02-07T00:26:01.000000;69bdc04a-fb11-4a5a-a318-91a9c3c213ea;373.5;1.18068042;UNKNOWN
2016-02-07T00:26:01.000000;2016-02-07T00:26:01.000000;ce7bb00e-5a75-4870-bf19-ae9c368b5d74;373.5;0.20351958;UNKNOWN
2016-02-07T00:26:08.000000;2016-02-07T00:26:08.000000;d41b5aff-5069-4b39-825f-83fcc1f4d002;373.5;0.32;UNKNOWN
2016-02-07T00:26:08.000000;2016-02-07T00:26:08.000000;b62a4781-5837-4767-8318-ac933fd0627d;373.6;0.37068042;UNKNOWN
2016-02-07T00:26:08.000000;2016-02-07T00:26:08.000000;b86af13b-1c41-4003-b2e0-f2f3e9281dc0;373.58;1.89;UNKNOWN
2016-02-07T00:26:08.000000;2016-02-07T00:26:08.000000;fadd845b-a3b4-4514-acce-d0ee555bba6c;373.5;7.81931958;UNKNOWN
2016-02-07T00:26:15.000000;2016-02-07T00:26:15.000000;7bea2644-6bf4-44d2-a1a0-eccb70060d1a;373.66;7.1;UNKNOWN
2016-02-07T00:26:18.000000;2016-02-07T00:26:18.000000;16df06be-7654-4bcc-9c1c-ed77a8339a54;373.6;1.0;UNKNOWN
2016-02-07T00:26:20.000000;2016-02-07T00:26:20.000000;1fa7aee1-dbdb-4206-ae1a-9ca5b73b86ef;373.0;0.5392194;UNKNOWN
2016-02-07T00:26:21.000000;2016-02-07T00:26:21.000000;c6a8f0c7-28ec-432a-af70-097c3ed1b8f5;373.59;1.0;UNKNOWN
2016-02-07T00:26:25.000000;2016-02-07T00:26:25.000000;0dfa683a-aafa-48e2-8830-772fe9a654b5;373.59;1.0;UNKNOWN
2016-02-07T00:26:50.000000;2016-02-07T00:26:50.000000;4d45d30d-6bea-4cb6-ad5a-2c44fc53188b;373.58;1.0;UNKNOWN
2016-02-07T00:26:50.000000;2016-02-07T00:26:50.000000;e16e3b67-2b13-458d-a3ff-ed26cb133b61;373.59;1.0;UNKNOWN
2016-02-07T00:26:50.000000;2016-02-07T00:26:50.000000;c294dfc0-0888-4d74-8d1f-287b7f33bcd4;373.58;1.0;UNKNOWN
2016-02-07T00:26:55.000000;2016-02-07T00:26:55.000000;9dbefad5-bb42-475a-8a81-d57baa09a049;373.54;1.0;UNKNOWN
2016-02-07T00:27:01.000000;2016-02-07T00:27:01.000000;12c377e7-d4b7-4f74-aade-7c425fe44511;373.54;1.0;UNKNOWN
2016-02-07T00:27:20.000000;2016-02-07T00:27:20.000000;189afaac-b5b2-4b06-a1f0-8a99565ccd29;373.52;0.5;UNKNOWN
2016-02-07T00:27:20.000000;2016-02-07T00:27:20.000000;d65006c8-421d-4e7d-9736-f672b26cca66;373.52;0.5;UNKNOWN
2016-02-07T00:27:24.000000;2016-02-07T00:27:24.000000;875d210e-628f-4e0d-a486-98ae952b150a;373.51;0.1;UNKNOWN
2016-02-07T00:27:24.000000;2016-02-07T00:27:24.000000;317f6d64-f6e7-4c06-b3b2-926ca08d9959;373.51;0.5;UNKNOWN
2016-02-07T00:27:31.000000;2016-02-07T00:27:31.000000;6d5236ec-7936-4af3-bd44-013c5f2f3cfb;373.56;0.9;UNKNOWN
2016-02-07T00:27:40.000000;2016-02-07T00:27:40.000000;156999c2-5127-4dee-9744-d3126addc716;373.57;14.274;UNKNOWN
2016-02-07T00:27:40.000000;2016-02-07T00:27:40.000000;46be3eee-1006-4d55-9287-afe982d13038;373.56;5.726;UNKNOWN
2016-02-07T00:27:46.000000;2016-02-07T00:27:46.000000;99372bc4-1f78-4d11-89e2-24b7a11844a6;373.6;8.0;UNKNOWN
2016-02-07T00:27:58.000000;2016-02-07T00:27:58.000000;6d72f48b-0063-4aea-947e-659d55c11175;373.01;6.6244;UNKNOWN
2016-02-07T00:27:58.000000;2016-02-07T00:27:58.000000;dba5a30d-f87b-4589-9ae5-8b5ad9d1a718;373.0;1.3756;UNKNOWN
2016-02-07T00:28:04.000000;2016-02-07T00:28:04.000000;23ebf953-165d-4537-a862-9c9adb8da7fd;373.73;1.0;UNKNOWN
2016-02-07T00:28:12.000000;2016-02-07T00:28:12.000000;fc65c411-872f-44c2-9154-ee1dbd6deb72;373.69;1.9;UNKNOWN
2016-02-07T00:28:19.000000;2016-02-07T00:28:19.000000;f7a15ec9-157a-4a14-b686-1543510b01c8;373.69;0.2;UNKNOWN
2016-02-07T00:28:26.000000;2016-02-07T00:28:26.000000;81dc0df8-2207-4be0-af87-6354ccf26238;373.7;0.4419;UNKNOWN
2016-02-07T00:28:26.000000;2016-02-07T00:28:26.000000;f2759854-e3a9-46f4-a0c6-8a51f9819ab2;373.66;6.6581;UNKNOWN
2016-02-07T00:28:26.000000;2016-02-07T00:28:26.000000;d2cdb855-6e79-4421-85b7-23606d7651c8;373.67;3.0;UNKNOWN
2016-02-07T00:28:33.000000;2016-02-07T00:28:33.000000;3e0d44d2-fcb4-49b2-ac06-69b5359478bc;373.7;0.2;UNKNOWN
2016-02-07T00:28:39.000000;2016-02-07T00:28:39.000000;d56f1f57-0498-4cd1-981a-ceb42b0f8325;373.7;1.0;UNKNOWN
2016-02-07T00:28:48.000000;2016-02-07T00:28:48.000000;0966ccaf-1d01-4532-99ca-6fe04b8b6fda;373.75;1.0;UNKNOWN
2016-02-07T00:29:17.000000;2016-02-07T00:29:17.000000;0d12218c-c70f-4dd9-970b-8962a88e9248;373.75;0.01337;UNKNOWN
2016-02-07T00:29:23.000000;2016-02-07T00:29:23.000000;d854676e-5956-4fe2-9812-c2c61de47d66;373.76;1.0;UNKNOWN
2016-02-07T00:29:25.000000;2016-02-07T00:29:25.000000;83afef6c-92d8-403d-94a5-8d5ebbfab131;373.76;1.6;UNKNOWN
2016-02-07T00:29:32.000000;2016-02-07T00:29:32.000000;9d43b5d0-251d-433d-b992-7defc78c3c92;373.76;2.9;UNKNOWN
2016-02-07T00:29:38.000000;2016-02-07T00:29:38.000000;71e17494-8126-4f1c-8825-7b45bae85808;373.76;0.1;UNKNOWN
2016-02-07T00:29:40.000000;2016-02-07T00:29:40.000000;c3b113fc-7b3d-44c1-8433-76a71f7663c7;373.76;1.0;UNKNOWN
2016-02-07T00:29:45.000000;2016-02-07T00:29:45.000000;9b818357-c3e4-4924-b1bc-819847e30dd8;373.76;2.4;UNKNOWN
2016-02-07T00:30:00.000000;2016-02-07T00:30:00.000000;8f656fc4-c6c9-401b-8bac-1c275e47f9b4;373.99;1.0;UNKNOWN
2016-02-07T00:30:02.000000;2016-02-07T00:30:02.000000;d663ccb1-6de0-42a2-b46e-8a5b5fae0746;373.99;1.0;UNKNOWN
2016-02-07T00:30:08.000000;2016-02-07T00:30:08.000000;fc2fddaf-0868-478f-bd5e-b2d5eb5eb03b;373.99;1.0;UNKNOWN
2016-02-07T00:30:10.000000;2016-02-07T00:30:10.000000;dc46d8cb-1e3c-4cdc-aebe-956195772984;374.0;1.0;UNKNOWN
2016-02-07T00:30:15.000000;2016-02-07T00:30:15.000000;8fd50ff6-1465-42e2-bd10-87bac15be4d1;374.0;1.0;UNKNOWN
2016-02-07T00:30:17.000000;2016-02-07T00:30:17.000000;06222aba-33eb-4351-9f27-4ec0bf58e5bd;374.0;1.0;UNKNOWN
2016-02-07T00:30:21.000000;2016-02-07T00:30:21.000000;18795e5f-fc95-4e79-97fe-4fa4cc586d44;374.0;1.0;UNKNOWN
2016-02-07T00:30:30.000000;2016-02-07T00:30:30.000000;f5e91f33-1c90-4597-ac88-6b784176e355;373.99;0.01;UNKNOWN
2016-02-07T00:30:30.000000;2016-02-07T00:30:30.000000;1deb45d6-4454-4213-bc1a-20416f0c51d8;373.98;1.0;UNKNOWN
2016-02-07T00:30:30.000000;2016-02-07T00:30:30.000000;40e1cdf3-8a29-4eb2-9157-2710ffd61856;373.99;6.5804;UNKNOWN
2016-02-07T00:30:30.000000;2016-02-07T00:30:30.000000;c4b1ceef-5954-492d-8401-5b0d69cb33c9;373.98;1.0;UNKNOWN
2016-02-07T00:30:32.000000;2016-02-07T00:30:32.000000;ca397c4c-18c7-4edc-8023-4da90e6ee1f7;373.6;0.4;UNKNOWN
2016-02-07T00:30:52.000000;2016-02-07T00:30:52.000000;6da7ab8f-6547-469e-b2c1-0393c1df7aa2;373.6;0.0096;UNKNOWN
2016-02-07T00:30:52.000000;2016-02-07T00:30:52.000000;b5541762-7a20-4ef8-84a2-2239e1f23651;374.0;1.0904;UNKNOWN
2016-02-07T00:30:59.000000;2016-02-07T00:30:59.000000;ebee26e9-ca11-4a15-85aa-999024eecb53;374.0;12.9;UNKNOWN
2016-02-07T00:31:04.000000;2016-02-07T00:31:04.000000;bbb20166-9fe1-4cb1-8611-65bea6d7ce50;374.0;1.0;UNKNOWN
2016-02-07T00:31:05.000000;2016-02-07T00:31:05.000000;cb56acaf-2225-4dc4-8d25-437d20b057e5;374.0;1.1;UNKNOWN
2016-02-07T00:31:11.000000;2016-02-07T00:31:11.000000;c29ef814-c120-44b5-a831-a04efdce5b84;374.0;0.1;UNKNOWN
2016-02-07T00:31:40.000000;2016-02-07T00:31:40.000000;8e1c6841-5250-4341-9cb6-ecd1224323f8;374.0;1.0;UNKNOWN
2016-02-07T00:31:41.000000;2016-02-07T00:31:41.000000;717d3d6a-f3fe-4987-ad61-f879aa3ac53e;374.0;0.7984;UNKNOWN
2016-02-07T00:31:45.000000;2016-02-07T00:31:45.000000;2ff04ad1-4eec-447f-abac-15663446bcc2;374.0;1.0;UNKNOWN
2016-02-07T00:32:02.000000;2016-02-07T00:32:02.000000;de864e70-90a9-4a6b-82d3-8a09056da61b;374.0;0.7984;UNKNOWN
2016-02-07T00:32:20.000000;2016-02-07T00:32:20.000000;9fd95bb1-2f58-4158-a5b7-5e85cb0c9a12;374.0;1.0;UNKNOWN
2016-02-07T00:32:40.000000;2016-02-07T00:32:40.000000;c46ab592-c0f8-4391-925a-c3a922232ec7;374.0;1.0;UNKNOWN
2016-02-07T00:32:42.000000;2016-02-07T00:32:42.000000;67beac5e-b483-44b8-9775-3d1e30f8c990;374.0;1.0;UNKNOWN
2016-02-07T00:32:49.000000;2016-02-07T00:32:49.000000;22733bb7-bce2-4e93-87b8-9a7654846fd2;374.0;0.65438338;UNKNOWN
2016-02-07T00:32:51.000000;2016-02-07T00:32:51.000000;ce17a97f-0eef-49dc-8ef3-e6446e101c4e;373.99;1.0;UNKNOWN
2016-02-07T00:32:51.000000;2016-02-07T00:32:51.000000;b81ca080-cc0c-4805-ad2f-3ea689489930;373.99;1.0;UNKNOWN
2016-02-07T00:32:51.000000;2016-02-07T00:32:51.000000;0d50615d-ebc3-4a67-8f6a-ffb69e5d91e1;373.99;1.0;UNKNOWN
2016-02-07T00:32:51.000000;2016-02-07T00:32:51.000000;d8aa3be1-9e9e-47ab-ba32-66ee827caf29;373.99;1.0;UNKNOWN
2016-02-07T00:32:51.000000;2016-02-07T00:32:51.000000;d2407439-42a5-461f-9a89-2d61f8ded1ff;373.99;5.0;UNKNOWN
2016-02-07T00:32:51.000000;2016-02-07T00:32:51.000000;ff57e37d-06cc-4477-95de-0bda7affc138;373.58;6.6324;UNKNOWN
2016-02-07T00:32:51.000000;2016-02-07T00:32:51.000000;146224cc-b6c6-41db-b6bc-a42f23308f22;373.57;0.2678;UNKNOWN
2016-02-07T00:32:51.000000;2016-02-07T00:32:51.000000;6b06ac58-fdae-4861-a071-7d23bf1baa98;373.99;1.0;UNKNOWN
2016-02-07T00:32:51.000000;2016-02-07T00:32:51.000000;e8b1aa08-18cc-48f1-8671-f93d990977fe;373.99;1.0;UNKNOWN
2016-02-07T00:32:51.000000;2016-02-07T00:32:51.000000;d26b28e0-3c9c-476b-b74b-cc2b1d9bfa9f;373.5;2.5;UNKNOWN
2016-02-07T00:32:51.000000;2016-02-07T00:32:51.000000;c41f4666-c5c3-4d15-a98d-488b26e2f3d5;373.48;3.44;UNKNOWN
2016-02-07T00:32:51.000000;2016-02-07T00:32:51.000000;9a4ce048-e30e-4245-b7cb-4ea1f69753f4;373.99;1.0;UNKNOWN
2016-02-07T00:32:51.000000;2016-02-07T00:32:51.000000;a99df684-97f0-4c76-8bee-f36f97f6f248;373.47;8.91306754;UNKNOWN
2016-02-07T00:32:51.000000;2016-02-07T00:32:51.000000;9dfbc2e7-6f1b-456b-b77c-bb10376cb1a0;373.51;7.69;UNKNOWN
2016-02-07T00:32:55.000000;2016-02-07T00:32:55.000000;5da3f2ce-e6ec-4605-8ba2-966a624a38a2;373.99;1.0;UNKNOWN
2016-02-07T00:33:00.000000;2016-02-07T00:33:00.000000;48f8ffac-c335-4339-b9a6-2ec06f4fe406;373.96;1.0;UNKNOWN
2016-02-07T00:33:12.000000;2016-02-07T00:33:12.000000;c013fb22-b3cc-40f5-a4fe-923a19639f3d;374.0;1.0;UNKNOWN
2016-02-07T00:33:19.000000;2016-02-07T00:33:19.000000;883e3988-2602-4e3b-8887-e44bcb68dcd9;374.0;0.34158338;UNKNOWN
2016-02-07T00:33:19.000000;2016-02-07T00:33:19.000000;6f977613-00c3-4944-a00f-13da710d14f2;374.0;0.1;UNKNOWN
2016-02-07T00:33:19.000000;2016-02-07T00:33:19.000000;221e6826-a009-45c1-8487-7d82c200cfab;374.0;0.55841662;UNKNOWN
2016-02-07T00:33:27.000000;2016-02-07T00:33:27.000000;dfc3fdaf-20fa-4e9a-9a8f-468c81ca583b;373.99;2.0;UNKNOWN
2016-02-07T00:33:40.000000;2016-02-07T00:33:40.000000;55a9a764-7fbc-47f1-8053-82eba8b7e3e6;374.0;1.0;UNKNOWN
2016-02-07T00:33:45.000000;2016-02-07T00:33:45.000000;598b07a0-fe16-4da7-be40-b3747b6a1025;374.0;1.0;UNKNOWN
2016-02-07T00:33:53.000000;2016-02-07T00:33:53.000000;e228ed19-cc5e-4111-a530-d8f3bad78bde;374.0;0.075;UNKNOWN
2016-02-07T00:34:05.000000;2016-02-07T00:34:05.000000;059cef7e-857c-41d7-8145-a7b690737e25;374.0;0.01;UNKNOWN
2016-02-07T00:34:06.000000;2016-02-07T00:34:06.000000;5c6a8ee5-fc60-4dfd-becc-9c742c615967;374.0;0.07815852;UNKNOWN
2016-02-07T00:34:20.000000;2016-02-07T00:34:20.000000;85788664-8ab4-4591-9a7d-e84f443622ad;374.0;1.0;UNKNOWN
2016-02-07T00:34:29.000000;2016-02-07T00:34:29.000000;88aa2aba-88b0-4cc4-9509-b375c33b5004;374.0;1.0;UNKNOWN
2016-02-07T00:34:32.000000;2016-02-07T00:34:32.000000;d97d42f0-e404-4254-a240-aa113e1080b4;374.0;1.0;UNKNOWN
2016-02-07T00:34:51.000000;2016-02-07T00:34:51.000000;4c379ed5-7969-47c7-8cca-b6c5412c6952;374.0;1.0;UNKNOWN
2016-02-07T00:35:04.000000;2016-02-07T00:35:04.000000;cd9660a2-c1fb-4a27-9114-dd84de01b277;374.0;1.0;UNKNOWN
2016-02-07T00:35:06.000000;2016-02-07T00:35:06.000000;08d005e2-be75-4021-81de-a70177983b6d;374.0;0.05;UNKNOWN
2016-02-07T00:35:16.000000;2016-02-07T00:35:16.000000;fc01ead2-aeac-4a9a-9c50-330d2919d07d;374.0;1.0;UNKNOWN
2016-02-07T00:35:22.000000;2016-02-07T00:35:22.000000;d299b29e-79ac-43d5-a68b-9a1f1d9d5a0b;373.99;1.0;UNKNOWN
2016-02-07T00:35:22.000000;2016-02-07T00:35:22.000000;f8d18df7-357e-4050-96a2-ce4a5a647586;373.99;0.9;UNKNOWN
2016-02-07T00:35:22.000000;2016-02-07T00:35:22.000000;dbac79e8-a485-4499-b910-bfe0ff37416e;373.99;0.1;UNKNOWN
2016-02-07T00:36:03.000000;2016-02-07T00:36:03.000000;68774377-eb4f-4375-b6e8-9ff0801cc12b;374.0;0.5547419;UNKNOWN
2016-02-07T00:36:03.000000;2016-02-07T00:36:03.000000;7dc1e171-9c72-47eb-8ba1-71cc08f15f97;374.0;0.4452581;UNKNOWN
2016-02-07T00:36:06.000000;2016-02-07T00:36:06.000000;0e6f3b08-01bb-40db-81df-88b07ff29744;374.0;0.1;UNKNOWN
2016-02-07T00:36:13.000000;2016-02-07T00:36:13.000000;f99fffc6-57eb-4214-8198-a35a9824dbd7;374.0;1.0;UNKNOWN
2016-02-07T00:36:17.000000;2016-02-07T00:36:17.000000;7ab49c7e-97f1-418a-a497-ac922c10393e;373.99;0.075;UNKNOWN
2016-02-07T00:36:19.000000;2016-02-07T00:36:19.000000;22f81c42-53f5-403c-a43a-6a6edcda9ad9;373.97;1.0;UNKNOWN
2016-02-07T00:37:04.000000;2016-02-07T00:37:04.000000;7f695a9a-1cae-41dd-a096-bc97fc18a935;373.97;1.0;UNKNOWN
2016-02-07T00:37:30.000000;2016-02-07T00:37:30.000000;318eefe0-1a58-4813-832e-ea0d45fb92ef;373.98;1.0;UNKNOWN
2016-02-07T00:37:48.000000;2016-02-07T00:37:48.000000;709fd495-9e6a-40dc-9b41-fec3eb186120;373.98;0.925;UNKNOWN
2016-02-07T00:37:48.000000;2016-02-07T00:37:48.000000;703bc6ac-f053-4bc0-ac10-405829524a3d;373.98;0.075;UNKNOWN
2016-02-07T00:38:18.000000;2016-02-07T00:38:18.000000;fd332f40-a878-48c2-897f-64c8f4222da6;373.99;1.0;UNKNOWN
2016-02-07T00:38:34.000000;2016-02-07T00:38:34.000000;e4751ae5-ba58-4a5f-a1b8-4113f8682a10;373.98;1.0;UNKNOWN
2016-02-07T00:38:39.000000;2016-02-07T00:38:39.000000;8ffbd8b4-e72e-4b6c-bb11-b261eafdd582;373.99;1.0;UNKNOWN
2016-02-07T00:39:05.000000;2016-02-07T00:39:05.000000;6fc19a14-9880-4e00-8172-45df6d3297f1;373.99;2.66;UNKNOWN
2016-02-07T00:39:06.000000;2016-02-07T00:39:06.000000;6f53ecac-a727-4273-9eb1-919a501ae7cb;373.99;2.0;UNKNOWN
2016-02-07T00:39:39.000000;2016-02-07T00:39:39.000000;acb26826-f6b8-465e-be3a-8a8f691293e0;373.99;1.0;UNKNOWN
2016-02-07T00:39:41.000000;2016-02-07T00:39:41.000000;f49c95c3-008c-4730-be43-66d801d5f84d;373.99;1.0;UNKNOWN
2016-02-07T00:39:44.000000;2016-02-07T00:39:44.000000;98dc85f9-a016-43c3-b0ae-a1d935f93c38;373.99;1.0;UNKNOWN
2016-02-07T00:40:40.000000;2016-02-07T00:40:40.000000;aaeaba24-7a37-44ac-ab04-6b43927fcc4b;373.98;23.63;UNKNOWN
2016-02-07T00:40:40.000000;2016-02-07T00:40:40.000000;33c9314a-e958-462a-8ffd-d891cd8843be;373.98;1.0;UNKNOWN
2016-02-07T00:40:40.000000;2016-02-07T00:40:40.000000;9e50fd41-baaf-4e27-8b39-36b0a34e1360;373.98;1.0;UNKNOWN
2016-02-07T00:40:40.000000;2016-02-07T00:40:40.000000;1c0346a2-3408-4f28-b05d-d37a8d0dc134;373.98;1.0;UNKNOWN
2016-02-07T00:40:40.000000;2016-02-07T00:40:40.000000;74d38658-a1e1-46b5-9102-abb1bbe2cc09;373.98;0.37;UNKNOWN
2016-02-07T00:40:40.000000;2016-02-07T00:40:40.000000;46a6cb01-64d2-4f6a-8e76-3881a4c438fa;373.98;1.0;UNKNOWN
2016-02-07T00:40:40.000000;2016-02-07T00:40:40.000000;e1d2f709-1215-4e68-a77b-a7ac364989d2;373.98;20.0;UNKNOWN
2016-02-07T00:40:40.000000;2016-02-07T00:40:40.000000;e2913fe7-5b29-468a-a1c3-bf89a5b4d0b5;373.99;1.0;UNKNOWN
2016-02-07T00:40:40.000000;2016-02-07T00:40:40.000000;b90fddbd-3c36-4e11-84a1-70e9b9c7f987;373.98;1.0;UNKNOWN
2016-02-07T00:40:54.000000;2016-02-07T00:40:54.000000;248c1874-732c-433f-acdf-b48ef537b405;373.99;1.8;UNKNOWN
2016-02-07T00:41:35.000000;2016-02-07T00:41:35.000000;68a12e1a-4e72-4f25-b96d-e3a58ae1edb9;373.99;0.63;UNKNOWN
2016-02-07T00:41:39.000000;2016-02-07T00:41:39.000000;52a6db53-26b8-43cc-970c-41478d50bda1;373.99;0.91;UNKNOWN
2016-02-07T00:41:39.000000;2016-02-07T00:41:39.000000;8a1a9ec7-840a-4bbb-b9ae-c8ce16b8437b;373.99;0.09;UNKNOWN
2016-02-07T00:42:24.000000;2016-02-07T00:42:24.000000;32ba22e1-6f79-494a-b7b1-c0ac2a1be208;373.88;0.5;UNKNOWN
2016-02-07T00:42:24.000000;2016-02-07T00:42:24.000000;52f2b777-4e89-438a-97a1-b4840755fd21;373.89;0.5;UNKNOWN
2016-02-07T00:42:54.000000;2016-02-07T00:42:54.000000;a95a52c7-7235-406f-8985-ab03ae8fb643;373.99;3.0;UNKNOWN
2016-02-07T00:44:40.000000;2016-02-07T00:44:40.000000;5bf4bda1-1757-45a1-b610-b4e590c79281;373.67;0.01337;UNKNOWN
2016-02-07T00:48:01.000000;2016-02-07T00:48:01.000000;faf538f8-a1d4-4572-8f4b-ce9a7827351c;373.67;1.01;UNKNOWN
2016-02-07T00:48:05.000000;2016-02-07T00:48:05.000000;58caae56-2a11-4fc1-a150-b7eef0d4f893;373.96;1.53293273;UNKNOWN
2016-02-07T00:48:06.000000;2016-02-07T00:48:06.000000;5d72183a-93c5-4d83-acc6-49aeb8bc8d47;373.96;0.10595465;UNKNOWN
2016-02-07T00:48:11.000000;2016-02-07T00:48:11.000000;4397bbc1-4154-4149-abeb-c3964f121f3d;373.73;1.01;UNKNOWN
2016-02-07T00:48:21.000000;2016-02-07T00:48:21.000000;1f37c729-61e5-43a0-b8b2-1a082878f260;373.69;1.01;UNKNOWN
2016-02-07T00:48:31.000000;2016-02-07T00:48:31.000000;6f011a3a-b6f4-4bf9-9964-ba311e75b006;373.69;1.01;UNKNOWN
2016-02-07T00:48:41.000000;2016-02-07T00:48:41.000000;b2401605-7571-4774-bf5f-be238b744d77;373.69;1.01;UNKNOWN
2016-02-07T00:48:45.000000;2016-02-07T00:48:45.000000;d5ad0ba3-51b0-4000-a288-fa92b270dff2;373.86;0.499;UNKNOWN
2016-02-07T00:53:18.000000;2016-02-07T00:53:18.000000;3596b707-d736-4d8c-a504-209e6ef384e1;373.73;0.01337;UNKNOWN
2016-02-07T00:55:32.000000;2016-02-07T00:55:32.000000;f366037d-1329-4422-8b49-9e56e941159b;373.74;0.19422719;UNKNOWN
2016-02-07T00:56:45.000000;2016-02-07T00:56:45.000000;56e4b83c-376b-4c04-b8d5-c08f7929be68;373.26;0.1;UNKNOWN
2016-02-07T00:56:45.000000;2016-02-07T00:56:45.000000;0e7a5109-7afe-41a2-bdc0-6fcaa6e0733d;373.96;0.58663;UNKNOWN
2016-02-07T00:56:45.000000;2016-02-07T00:56:45.000000;136e5d57-e598-455b-b37a-3eaceffce769;373.14;13.3599293;UNKNOWN
2016-02-07T00:56:45.000000;2016-02-07T00:56:45.000000;3d120c61-195d-4128-8ff5-92ce2d6aa38e;373.73;6.6313;UNKNOWN
2016-02-07T00:56:45.000000;2016-02-07T00:56:45.000000;2a16f998-550f-4a0e-8a9e-df7c770e3395;373.21;3.86922035;UNKNOWN
2016-02-07T00:56:45.000000;2016-02-07T00:56:45.000000;53de216f-de09-4323-b6c8-83bf566905bd;373.69;5.0;UNKNOWN
2016-02-07T00:56:45.000000;2016-02-07T00:56:45.000000;00a60f8a-9934-4cf7-bd94-e738a75f610e;373.15;8.55;UNKNOWN
2016-02-07T00:56:45.000000;2016-02-07T00:56:45.000000;491a3412-29a9-413e-91d2-1200bbf0a3d3;373.3;12.9382;UNKNOWN
2016-02-07T00:56:45.000000;2016-02-07T00:56:45.000000;e573a85f-67e2-4b67-9191-466a50b01ccf;373.27;3.86922035;UNKNOWN
2016-02-07T00:56:45.000000;2016-02-07T00:56:45.000000;1dbea556-f874-4571-a27f-f761ce15c1ee;373.28;14.8384;UNKNOWN
2016-02-07T00:56:45.000000;2016-02-07T00:56:45.000000;3b8be6c0-66c3-4c4d-bd49-ea10f1175210;373.72;5.0;UNKNOWN
2016-02-07T00:56:45.000000;2016-02-07T00:56:45.000000;f2d371d2-cdd5-4ccb-aa8c-dea6b8463423;373.45;0.2571;UNKNOWN
2016-02-07T00:56:45.000000;2016-02-07T00:56:45.000000;1bbc271b-7e74-4474-9b88-9c92b0bf088a;373.5;3.0;UNKNOWN
2016-02-07T00:56:45.000000;2016-02-07T00:56:45.000000;5fe8b726-ec9b-461a-86fe-b9c721de4a2e;373.62;5.0;UNKNOWN
2016-02-07T00:56:45.000000;2016-02-07T00:56:45.000000;c2764826-d9cf-49de-a4ba-49cd12a23af3;373.51;20.0;UNKNOWN
2016-02-07T00:56:45.000000;2016-02-07T00:56:45.000000;edd209a4-7e0a-403a-b9ca-fc497bb471a3;373.66;5.0;UNKNOWN
2016-02-07T00:56:45.000000;2016-02-07T00:56:45.000000;a86a1b0d-d741-44e9-b325-4664a7781c55;373.5;2.0;UNKNOWN
2016-02-07T00:56:45.000000;2016-02-07T00:56:45.000000;35ede178-fb54-4462-936e-1171a34321dc;373.56;5.0;UNKNOWN
2016-02-07T00:56:45.000000;2016-02-07T00:56:45.000000;24f0ec0e-68d5-4892-9a27-05d0c025af32;373.59;5.0;UNKNOWN
2016-02-07T00:56:56.000000;2016-02-07T00:56:56.000000;9be447c8-55a7-4138-ab65-97cadfea12af;373.35;0.3;UNKNOWN
2016-02-07T00:57:01.000000;2016-02-07T00:57:01.000000;16d94f3c-64c7-4d93-a595-bcd7ab312c06;373.32;0.128;UNKNOWN
2016-02-07T00:57:14.000000;2016-02-07T00:57:14.000000;70d0f77d-7162-4eb5-bc95-eb28f50d0263;373.21;0.3599;UNKNOWN
2016-02-07T00:57:17.000000;2016-02-07T00:57:17.000000;ef246583-c57a-430e-9652-83c9d0f8adcb;373.2;0.58888459;UNKNOWN
2016-02-07T00:58:25.000000;2016-02-07T00:58:25.000000;1117908a-564b-44e3-af71-05a56ad667cc;373.31;0.3;UNKNOWN
2016-02-07T01:01:06.000000;2016-02-07T01:01:06.000000;dd216511-f22a-48b2-90c1-d2634c144831;373.73;1.52;UNKNOWN
2016-02-07T01:02:06.000000;2016-02-07T01:02:06.000000;9065e18a-a67b-4728-9941-386f120cf757;373.28;0.01337;UNKNOWN
2016-02-07T01:02:23.000000;2016-02-07T01:02:23.000000;f281a752-aa44-410e-957b-89b28015efe4;373.29;0.26433306;UNKNOWN
2016-02-07T01:04:35.000000;2016-02-07T01:04:35.000000;f8c44141-76a8-4f3f-85db-9d8361705a5a;373.29;0.2769;UNKNOWN
2016-02-07T01:11:05.000000;2016-02-07T01:11:05.000000;fe0ebd34-0a84-4313-9a48-f594b4682644;373.25;0.715;UNKNOWN
2016-02-07T01:11:05.000000;2016-02-07T01:11:05.000000;a1fa7624-9116-4665-aaa2-38c79d6d9bc0;373.28;6.595;UNKNOWN
2016-02-07T01:11:05.000000;2016-02-07T01:11:05.000000;2afd36ba-183f-42cf-aef1-aaff09448b63;373.27;1.69;UNKNOWN
2016-02-07T01:12:41.000000;2016-02-07T01:12:41.000000;1d1b63f0-3a4a-4c19-83f5-7fec11d37938;373.25;0.113772;UNKNOWN
2016-02-07T01:14:01.000000;2016-02-07T01:14:01.000000;c5d599c9-9faa-4f6b-bc9c-56334f43f81e;373.29;0.00052097;UNKNOWN
2016-02-07T01:14:01.000000;2016-02-07T01:14:01.000000;57c01a83-9b2a-402f-9156-c59afe1b606c;373.29;1.57947903;UNKNOWN
2016-02-07T01:15:29.000000;2016-02-07T01:15:29.000000;90add311-f880-43d6-a0fe-3b52c74d94bd;373.29;2.51;UNKNOWN
2016-02-07T01:16:05.000000;2016-02-07T01:16:05.000000;d8e125b7-0005-4a78-9b11-009146503b66;373.29;0.1628844;UNKNOWN
2016-02-07T01:16:05.000000;2016-02-07T01:16:05.000000;847fe747-e6ee-42dc-a958-2ac76ce4abb3;373.29;4.8371156;UNKNOWN
2016-02-07T01:16:49.000000;2016-02-07T01:16:49.000000;fa4e2f60-f4bf-4007-87f3-e7bd7beccbc0;373.29;0.18;UNKNOWN
2016-02-07T01:17:05.000000;2016-02-07T01:17:05.000000;19184f0f-34fa-4042-8fdf-6902f0f2e1ac;373.25;0.01337;UNKNOWN
2016-02-07T01:17:32.000000;2016-02-07T01:17:32.000000;76d1e64f-918f-4233-97c5-3a7a07251b0b;373.29;0.359;UNKNOWN
2016-02-07T01:18:01.000000;2016-02-07T01:18:01.000000;cad48201-0b7d-4296-8564-093df579589e;373.11;1.77;UNKNOWN
2016-02-07T01:18:01.000000;2016-02-07T01:18:01.000000;69e0fd1e-4d47-4260-9d54-1e8ebf9b3998;373.25;6.60053;UNKNOWN
2016-02-07T01:18:01.000000;2016-02-07T01:18:01.000000;0a9477ad-92c8-484f-8f00-8e4816213b7d;373.04;1.76;UNKNOWN
2016-02-07T01:18:01.000000;2016-02-07T01:18:01.000000;2d670193-a860-46f5-923d-ba28ea11de30;373.0;7.89923112;UNKNOWN
2016-02-07T01:18:01.000000;2016-02-07T01:18:01.000000;4d62ac56-777e-494f-8c59-65f154964b82;373.24;0.204;UNKNOWN
2016-02-07T01:18:01.000000;2016-02-07T01:18:01.000000;76b50be5-bad3-4354-acbf-652d99fb6d3f;373.1;0.01;UNKNOWN
2016-02-07T01:18:01.000000;2016-02-07T01:18:01.000000;88e1a94c-c0fa-482c-90d8-953a866130d2;373.1;3.86971944;UNKNOWN
2016-02-07T01:18:01.000000;2016-02-07T01:18:01.000000;7a464234-815a-48c1-adb3-800ff04c034c;373.03;14.0168;UNKNOWN
2016-02-07T01:18:01.000000;2016-02-07T01:18:01.000000;a09e5937-60f2-4a43-978e-13ef11bf2221;373.03;3.86971944;UNKNOWN
2016-02-07T01:18:17.000000;2016-02-07T01:18:17.000000;9fd3afb7-d28d-4ea1-970b-4a83475585bc;373.0;20.0;UNKNOWN
2016-02-07T01:18:22.000000;2016-02-07T01:18:22.000000;84121ab1-3336-4d10-b1e5-9bcc0d7e7256;373.01;6.6228;UNKNOWN
2016-02-07T01:18:22.000000;2016-02-07T01:18:22.000000;e082d41e-13fe-45e9-88bf-d0204769a488;373.0;13.3772;UNKNOWN
2016-02-07T01:18:24.000000;2016-02-07T01:18:24.000000;450b5211-0ef1-4f59-b322-584065e17095;373.0;12.60612242;UNKNOWN
2016-02-07T01:18:24.000000;2016-02-07T01:18:24.000000;c4765c9d-cd0c-46e0-ae85-14cfce1a16dc;373.0;1.0;UNKNOWN
2016-02-07T01:18:24.000000;2016-02-07T01:18:24.000000;579bc999-f1cf-441c-b090-ac54e17f1c33;373.0;0.01;UNKNOWN
2016-02-07T01:19:10.000000;2016-02-07T01:19:10.000000;69ae3b8f-b87b-472e-a5fb-adf154c91fcb;372.97;0.4;UNKNOWN
2016-02-07T01:19:34.000000;2016-02-07T01:19:34.000000;08cc8838-b531-47ac-b0c9-f7866eb70460;372.97;6.0;UNKNOWN
2016-02-07T01:19:41.000000;2016-02-07T01:19:41.000000;3845789b-06e7-457e-a5d2-14ab6d78fb64;372.96;2.75;UNKNOWN
2016-02-07T01:19:51.000000;2016-02-07T01:19:51.000000;44ea0f0f-5f46-46bd-a697-42d1a9f27bf2;371.42;17.37;UNKNOWN
2016-02-07T01:19:51.000000;2016-02-07T01:19:51.000000;cb6eba2d-d5aa-4bbc-8d3a-9f2f6d054658;371.44;0.99;UNKNOWN
2016-02-07T01:19:51.000000;2016-02-07T01:19:51.000000;0a62a97d-6bf9-4ca7-969c-0d037692eacc;371.9;0.01;UNKNOWN
2016-02-07T01:19:51.000000;2016-02-07T01:19:51.000000;05894b32-b805-4ac7-be48-bbf2287efd2b;371.87;0.0381;UNKNOWN
2016-02-07T01:19:51.000000;2016-02-07T01:19:51.000000;c1010240-0a82-4699-b497-b5d9fc0aade6;372.12;5.0;UNKNOWN
2016-02-07T01:19:51.000000;2016-02-07T01:19:51.000000;82da5df4-660e-4232-b9d1-212acfe79aa1;371.74;0.27;UNKNOWN
2016-02-07T01:19:51.000000;2016-02-07T01:19:51.000000;6493e9e1-5209-43d4-afce-93cd3696f1ad;372.1;0.01;UNKNOWN
2016-02-07T01:19:51.000000;2016-02-07T01:19:51.000000;6183ad63-6b63-4e93-8166-122f7b57db3b;371.88;0.38;UNKNOWN
2016-02-07T01:19:51.000000;2016-02-07T01:19:51.000000;e7915a24-685c-4608-a051-8f8e30d8c15a;371.87;1.52;UNKNOWN
2016-02-07T01:19:51.000000;2016-02-07T01:19:51.000000;45163948-6ae3-4ad5-b877-4b52b687eb9d;371.43;1.0;UNKNOWN
2016-02-07T01:19:51.000000;2016-02-07T01:19:51.000000;bd173e46-40ee-4c56-81c3-98bc9334a492;371.86;15.1833;UNKNOWN
2016-02-07T01:19:51.000000;2016-02-07T01:19:51.000000;5f2a52bc-925c-4194-b378-fcb9ab7a4f07;371.96;0.0531;UNKNOWN
2016-02-07T01:19:51.000000;2016-02-07T01:19:51.000000;b5041268-e97c-412c-a3a8-4bd4b503aa5d;372.2;0.01;UNKNOWN
2016-02-07T01:19:51.000000;2016-02-07T01:19:51.000000;ffd4b2ba-bb14-4c1c-9cd4-ef4df4650161;372.3;0.01;UNKNOWN
2016-02-07T01:19:51.000000;2016-02-07T01:19:51.000000;678f5980-cd9f-4ec2-8ac8-562872db8da1;372.09;5.0;UNKNOWN
2016-02-07T01:19:51.000000;2016-02-07T01:19:51.000000;b814a9b5-3c34-4ec3-872d-30cec1b74d1d;372.74;3.87061814;UNKNOWN
2016-02-07T01:19:51.000000;2016-02-07T01:19:51.000000;9575db34-587a-4015-b725-9a34c1aa22cd;372.78;0.1;UNKNOWN
2016-02-07T01:19:51.000000;2016-02-07T01:19:51.000000;af90b6a2-caf2-42ea-abc6-3f40a4233b9c;372.85;3.87091779;UNKNOWN
2016-02-07T01:19:51.000000;2016-02-07T01:19:51.000000;7e11908f-d96e-4563-b8e8-251d52490085;372.96;6.6712;UNKNOWN
2016-02-07T01:19:51.000000;2016-02-07T01:19:51.000000;34196a5e-4ec6-479f-a100-cc942402c9fb;372.95;0.2631;UNKNOWN
2016-02-07T01:19:51.000000;2016-02-07T01:19:51.000000;81103081-7eba-4fca-9f7c-b9e1c8b997b9;372.9;0.01;UNKNOWN
2016-02-07T01:19:51.000000;2016-02-07T01:19:51.000000;2b91b98b-dc5a-4773-840f-fe1039d649a6;372.9;0.01;UNKNOWN
2016-02-07T01:19:51.000000;2016-02-07T01:19:51.000000;9dff5139-65ac-4a42-9911-1d29b6a32a39;372.13;15.4206;UNKNOWN
2016-02-07T01:19:51.000000;2016-02-07T01:19:51.000000;1f65c03a-0204-462d-8664-d711b48d9b46;371.8;0.01;UNKNOWN
2016-02-07T01:19:51.000000;2016-02-07T01:19:51.000000;a871659a-bdf8-408b-938c-a92b1f347ee6;372.31;0.067591;UNKNOWN
2016-02-07T01:19:51.000000;2016-02-07T01:19:51.000000;bfe218c7-4f93-4306-b289-5e381ed2c96c;372.3;16.3639;UNKNOWN
2016-02-07T01:19:51.000000;2016-02-07T01:19:51.000000;92f62546-ec9d-44f6-90df-b83bd1ff3a35;372.58;3.87031853;UNKNOWN
2016-02-07T01:19:51.000000;2016-02-07T01:19:51.000000;222f61ba-fb5a-4dfd-bdb9-15fd7a8dda5a;372.43;14.6643;UNKNOWN
2016-02-07T01:19:51.000000;2016-02-07T01:19:51.000000;ab32cc8e-371b-4a4b-881a-2b5748f50458;372.6;13.8706;UNKNOWN
2016-02-07T01:19:51.000000;2016-02-07T01:19:51.000000;0d351227-726d-437d-bcca-b98f410b5b5a;371.73;0.99642384;UNKNOWN
2016-02-07T01:19:51.000000;2016-02-07T01:19:51.000000;d372048f-e48a-44d7-8914-690a8559691d;371.72;17.511;UNKNOWN
2016-02-07T01:19:51.000000;2016-02-07T01:19:51.000000;d697148e-36bb-4eec-92bd-3ac84531e414;372.6;0.01;UNKNOWN
2016-02-07T01:19:51.000000;2016-02-07T01:19:51.000000;a9834782-a76c-40c5-916c-e3b67c8e650e;372.88;0.0328;UNKNOWN
2016-02-07T01:19:51.000000;2016-02-07T01:19:51.000000;263534ef-3dbf-47ac-9f0e-cd45208f5a55;372.0;0.9827;UNKNOWN
2016-02-07T01:19:51.000000;2016-02-07T01:19:51.000000;b063c69f-7769-443e-95e0-860e26dee167;372.78;3.87091779;UNKNOWN
2016-02-07T01:19:51.000000;2016-02-07T01:19:51.000000;4bd89e46-ebb7-45dc-aabc-5fd7bcca0bab;371.4;0.01;UNKNOWN
2016-02-07T01:19:51.000000;2016-02-07T01:19:51.000000;730ebf42-68a2-48f2-b432-08bf7211e550;372.0;1.0;UNKNOWN
2016-02-07T01:19:51.000000;2016-02-07T01:19:51.000000;63496238-9b6c-437a-a3a0-d3d7e1f29346;372.68;3.87061814;UNKNOWN
2016-02-07T01:19:51.000000;2016-02-07T01:19:51.000000;136830ef-9af4-4b98-9682-50d1eba8a5aa;372.0;0.02;UNKNOWN
2016-02-07T01:19:51.000000;2016-02-07T01:19:51.000000;5bd31b7d-cc42-4f80-92e7-2327f7db554d;372.8;0.01;UNKNOWN
2016-02-07T01:19:51.000000;2016-02-07T01:19:51.000000;e14b23e4-726c-4a41-bd9e-77d7c3458a5c;372.69;1.77;UNKNOWN
2016-02-07T01:19:51.000000;2016-02-07T01:19:51.000000;1fb2a066-7eef-49a5-862f-b593049ce16d;371.3;16.6346;UNKNOWN
2016-02-07T01:19:51.000000;2016-02-07T01:19:51.000000;ae39f869-0767-434b-9e7b-414bbdc243dd;372.64;3.87031853;UNKNOWN
2016-02-07T01:19:51.000000;2016-02-07T01:19:51.000000;bd98e955-7ec5-4185-857d-1037254276c9;372.5;1.0;UNKNOWN
2016-02-07T01:19:51.000000;2016-02-07T01:19:51.000000;ca9ce93a-fb21-4c8a-80c9-8c5694c4d382;372.7;0.01;UNKNOWN
2016-02-07T01:19:51.000000;2016-02-07T01:19:51.000000;d337cc1e-c8f8-474a-bc3e-323d27d89d64;372.05;5.0;UNKNOWN
2016-02-07T01:19:51.000000;2016-02-07T01:19:51.000000;0ba6bdf5-22a4-4586-8b59-b04d724dcfb4;371.57;0.05;UNKNOWN
2016-02-07T01:19:51.000000;2016-02-07T01:19:51.000000;c112fff1-525e-479b-83f8-efcf5712f216;371.41;16.7377;UNKNOWN
2016-02-07T01:19:51.000000;2016-02-07T01:19:51.000000;176d2ece-507a-478e-8414-ac71a59beca0;371.33;1.7793284;UNKNOWN
2016-02-07T01:19:51.000000;2016-02-07T01:19:51.000000;141cd535-4dc9-4233-80db-38a703dcf6c0;371.7;0.01;UNKNOWN
2016-02-07T01:19:51.000000;2016-02-07T01:19:51.000000;d3ac9870-0125-4067-aafe-1f1670008e7c;371.58;15.1442;UNKNOWN
2016-02-07T01:19:51.000000;2016-02-07T01:19:51.000000;0817e561-dc9d-45ca-a5ff-67d154ee431b;372.0;45.0;UNKNOWN
2016-02-07T01:19:51.000000;2016-02-07T01:19:51.000000;37935cf7-feb9-401d-be2c-5c4e5a3a619c;371.39;1.0;UNKNOWN
2016-02-07T01:19:51.000000;2016-02-07T01:19:51.000000;6a055af4-c04e-4761-818a-5c18f953966e;372.0;0.01;UNKNOWN
2016-02-07T01:19:51.000000;2016-02-07T01:19:51.000000;64d718d1-810c-4c80-84f2-6c1854b47978;371.3;0.01;UNKNOWN
2016-02-07T01:19:51.000000;2016-02-07T01:19:51.000000;6e8ea92a-bb7c-4166-9e6b-eee39e7999e7;371.1;0.01;UNKNOWN
2016-02-07T01:19:51.000000;2016-02-07T01:19:51.000000;8ba3d607-8669-417d-bdaa-5c36d82dd71d;371.0;68.91220063;UNKNOWN
2016-02-07T01:19:51.000000;2016-02-07T01:19:51.000000;4033a209-7a88-4691-9bd5-d742fd10ef9a;371.5;0.01;UNKNOWN
2016-02-07T01:19:51.000000;2016-02-07T01:19:51.000000;8d2a23fd-9d94-4613-bef4-6387972028e7;372.5;0.01;UNKNOWN
2016-02-07T01:19:51.000000;2016-02-07T01:19:51.000000;29da5d90-ca42-4f1e-a3f9-285b1c106aca;371.6;0.01;UNKNOWN
2016-02-07T01:19:51.000000;2016-02-07T01:19:51.000000;63c4fb26-99cb-487d-a766-eb54cc19b281;372.1;0.5;UNKNOWN
2016-02-07T01:19:51.000000;2016-02-07T01:19:51.000000;9467b9be-9616-4691-88c0-e8796d5c4259;371.69;1.0;UNKNOWN
2016-02-07T01:19:51.000000;2016-02-07T01:19:51.000000;eec935d2-725c-47c3-8f45-be4d9ad1df8d;371.14;14.4607;UNKNOWN
2016-02-07T01:19:51.000000;2016-02-07T01:19:51.000000;60a80879-5ec0-46f0-b6b8-550e4f7ef1b0;372.4;0.01;UNKNOWN
2016-02-07T01:19:51.000000;2016-02-07T01:19:51.000000;61db2d8c-dbc4-46c0-859f-c9443edf4922;371.32;50.0;UNKNOWN
2016-02-07T01:19:51.000000;2016-02-07T01:19:51.000000;0a8681b2-4614-44d5-9b13-fcc284965762;371.0;14.8244;UNKNOWN
2016-02-07T01:19:51.000000;2016-02-07T01:19:51.000000;4f73aaf5-61d0-4278-b940-a850f3f75a6c;371.2;0.01;UNKNOWN
2016-02-07T01:19:51.000000;2016-02-07T01:19:51.000000;5de489ba-7ecd-4e44-a260-7dca001e6fdf;372.44;3.87036846;UNKNOWN
2016-02-07T01:19:51.000000;2016-02-07T01:19:51.000000;df3d6250-035a-4de4-8600-0947b9fa79f2;372.53;0.05;UNKNOWN
2016-02-07T01:19:51.000000;2016-02-07T01:19:51.000000;599174b0-8604-4da6-94de-31a8899d7fe5;371.59;1.19017295;UNKNOWN
2016-02-07T01:19:51.000000;2016-02-07T01:19:51.000000;875fade6-5f8a-4f91-8f01-1128f244ec31;372.07;5.0;UNKNOWN
2016-02-07T01:19:51.000000;2016-02-07T01:19:51.000000;6e7716f0-5a72-4e58-88f5-80cfa0a847a7;372.32;3.87021867;UNKNOWN
2016-02-07T01:19:51.000000;2016-02-07T01:19:51.000000;9e135101-515a-48a6-a89a-10fbfa08c3d2;372.02;5.0;UNKNOWN
2016-02-07T01:19:51.000000;2016-02-07T01:19:51.000000;92fb8307-67af-4cd7-8bae-104ccec9ca17;372.51;3.87036846;UNKNOWN
2016-02-07T01:19:51.000000;2016-02-07T01:19:51.000000;f6790e58-b126-4d2a-a527-0c3804458b35;372.4;0.01;UNKNOWN
2016-02-07T01:19:51.000000;2016-02-07T01:19:51.000000;4e8bcc3d-f706-407e-b059-1c3764f306aa;371.09;1.0;UNKNOWN
2016-02-07T01:19:51.000000;2016-02-07T01:19:51.000000;c0e3a530-8aea-4f4e-b75e-2f6763d2739e;372.02;14.803;UNKNOWN
2016-02-07T01:19:51.000000;2016-02-07T01:19:51.000000;956f18b5-f68e-49a8-87ba-f217613c4a82;372.39;3.87021867;UNKNOWN
2016-02-07T01:19:51.000000;2016-02-07T01:19:51.000000;c1aefdcd-c7f2-40df-a1ef-1e3713993c77;372.55;15.7019;UNKNOWN
2016-02-07T01:19:51.000000;2016-02-07T01:19:51.000000;23997921-c660-4513-a933-c20c1d3d3fc5;372.56;7.16;UNKNOWN
2016-02-07T01:19:51.000000;2016-02-07T01:19:51.000000;d588b283-469c-4785-8ac8-2e69f57de5a3;372.12;12.0;UNKNOWN
2016-02-07T01:19:51.000000;2016-02-07T01:19:51.000000;dca7d85f-e0c5-4677-8128-08068a3430e4;372.39;10.5982;UNKNOWN
2016-02-07T01:20:10.000000;2016-02-07T01:20:10.000000;ba2aec1c-340c-4cd7-a01a-75ba185c505a;372.22;0.197;UNKNOWN
2016-02-07T01:20:17.000000;2016-02-07T01:20:17.000000;515576e4-6c41-49c0-8aa4-54efb68c929b;372.23;0.197;UNKNOWN
2016-02-07T01:20:19.000000;2016-02-07T01:20:19.000000;4ea2a736-089e-4ba1-983a-ae8cf1795e7a;372.21;0.88375034;UNKNOWN
2016-02-07T01:20:20.000000;2016-02-07T01:20:20.000000;89d8503c-d7da-4f9f-8397-433805e60d9d;372.23;0.086;UNKNOWN
2016-02-07T01:20:25.000000;2016-02-07T01:20:25.000000;18e68f39-ba6c-4591-9ef1-6eaf39e95f04;372.14;3.87071802;UNKNOWN
2016-02-07T01:20:25.000000;2016-02-07T01:20:25.000000;a5c8edbd-f134-4452-8aea-1dfd74fccde8;371.94;3.87071802;UNKNOWN
2016-02-07T01:20:25.000000;2016-02-07T01:20:25.000000;3a647c88-c56f-475b-9a68-a7edb5832a35;372.21;2.98696768;UNKNOWN
2016-02-07T01:20:25.000000;2016-02-07T01:20:25.000000;a26a7b08-33ec-4c31-8f40-a825e78d4b7e;372.08;3.87071802;UNKNOWN
2016-02-07T01:20:25.000000;2016-02-07T01:20:25.000000;f0d6b217-a059-42de-b431-e7cc694528fd;371.71;12.53016024;UNKNOWN
2016-02-07T01:20:25.000000;2016-02-07T01:20:25.000000;38f9f78c-73f0-481d-a65d-3f70b443d212;372.01;3.87071802;UNKNOWN
2016-02-07T01:20:25.000000;2016-02-07T01:20:25.000000;cee4c18d-5ca3-4756-95c4-57d166973cdf;372.22;1.0;UNKNOWN
2016-02-07T01:20:30.000000;2016-02-07T01:20:30.000000;9f08723d-6d42-402d-8baa-0e67148e329d;371.73;0.4;UNKNOWN
2016-02-07T01:20:45.000000;2016-02-07T01:20:45.000000;6c0b6cbc-cda6-4f2e-8c5c-1aacf11d15f9;371.13;16.1262;UNKNOWN
2016-02-07T01:20:45.000000;2016-02-07T01:20:45.000000;b455d93f-175c-45d2-bfc3-6f3b698b06e0;371.0;101.034588;UNKNOWN
2016-02-07T01:20:45.000000;2016-02-07T01:20:45.000000;f47c5837-da5e-4a12-9614-2e4ccc23eabb;371.3;5.0;UNKNOWN
2016-02-07T01:20:45.000000;2016-02-07T01:20:45.000000;5080d357-5a6f-41d4-aae9-62e03369c243;371.05;10.0;UNKNOWN
2016-02-07T01:20:45.000000;2016-02-07T01:20:45.000000;69bab064-c543-4fbb-a801-f838e907c5a2;371.43;16.4416;UNKNOWN
2016-02-07T01:20:45.000000;2016-02-07T01:20:45.000000;d50e7e03-a85e-4c56-85e3-70382c993acc;371.73;0.072712;UNKNOWN
2016-02-07T01:20:45.000000;2016-02-07T01:20:45.000000;74ffc834-18ea-4146-b639-87926869f0ed;371.3;15.5147;UNKNOWN
2016-02-07T01:20:45.000000;2016-02-07T01:20:45.000000;0891c95e-3ab2-40b6-af0c-a9e2c138a552;371.56;15.7612;UNKNOWN
2016-02-07T01:20:45.000000;2016-02-07T01:20:45.000000;5211fa28-1670-4952-b4fb-4893783d18b9;372.19;0.049;UNKNOWN
2016-02-07T01:20:45.000000;2016-02-07T01:20:45.000000;51c913ea-51d0-445a-af0c-5b4550a91a2d;371.4;5.0;UNKNOWN
2016-02-07T01:20:45.000000;2016-02-07T01:20:45.000000;a39c26a6-5f27-4b94-8dbb-89d3a589d16c;371.37;5.0;UNKNOWN
2016-02-07T01:20:45.000000;2016-02-07T01:20:45.000000;4557eeb9-63ed-49b8-bcc7-7e4f84bb0b5d;371.43;5.0;UNKNOWN
2016-02-07T01:20:45.000000;2016-02-07T01:20:45.000000;5dcad46e-79ef-457c-b149-2aa76a493a25;371.42;5.0;UNKNOWN
2016-02-07T01:20:49.000000;2016-02-07T01:20:49.000000;69a9a5ed-2b4c-4365-9f6a-1459650b9faa;372.18;0.05;UNKNOWN
2016-02-07T01:20:50.000000;2016-02-07T01:20:50.000000;a99f017d-1983-42c0-b36a-b05636f0c0fe;371.15;0.99993516;UNKNOWN
2016-02-07T01:20:50.000000;2016-02-07T01:20:50.000000;a314d8f9-db2c-4dfd-a3ab-cb4f77b0cd0b;371.15;0.025;UNKNOWN
2016-02-07T01:20:59.000000;2016-02-07T01:20:59.000000;6117ecff-d511-4108-affe-a3092745c03d;371.34;5.0;UNKNOWN
2016-02-07T01:20:59.000000;2016-02-07T01:20:59.000000;7e856072-ba17-4216-8af1-456448fb47af;370.52;25.62034789;UNKNOWN
2016-02-07T01:20:59.000000;2016-02-07T01:20:59.000000;e57a9561-211b-4f51-89da-82476cf36a74;371.0;0.01;UNKNOWN
2016-02-07T01:20:59.000000;2016-02-07T01:20:59.000000;e5b86c0c-2912-4d21-ad0b-19b93de058ec;370.99;14.5239;UNKNOWN
2016-02-07T01:20:59.000000;2016-02-07T01:20:59.000000;340b1e93-c5f3-41f8-bd8f-d29b84e0b0b6;371.0;15.0225;UNKNOWN
2016-02-07T01:20:59.000000;2016-02-07T01:20:59.000000;c562499d-9d0a-4e44-8ca9-3ea34530ab30;370.89;0.16494074;UNKNOWN
2016-02-07T01:20:59.000000;2016-02-07T01:20:59.000000;c356d491-f32c-4e4d-a976-53ff0260448e;371.0;65.24271137;UNKNOWN
2016-02-07T01:20:59.000000;2016-02-07T01:20:59.000000;dfd2f5d2-8aa3-46d1-8e5a-47d0350e2820;370.9;0.01;UNKNOWN
2016-02-07T01:20:59.000000;2016-02-07T01:20:59.000000;1103b5f1-29ff-4e3a-979b-b82d6309b364;371.0;4.0;UNKNOWN
2016-02-07T01:20:59.000000;2016-02-07T01:20:59.000000;78cb8cdf-7572-4ba4-84c4-d5f3f5d11140;370.73;16.6506;UNKNOWN
2016-02-07T01:20:59.000000;2016-02-07T01:20:59.000000;4d692517-504b-482d-96d9-d83771c13836;370.86;3.0;UNKNOWN
2016-02-07T01:20:59.000000;2016-02-07T01:20:59.000000;7caa279d-3765-446c-8d4b-887861bf3d73;370.88;15.8277;UNKNOWN
2016-02-07T01:20:59.000000;2016-02-07T01:20:59.000000;91b32cfa-8887-4c0e-ae95-4ee1445ee122;370.7;0.01;UNKNOWN
2016-02-07T01:20:59.000000;2016-02-07T01:20:59.000000;1aaf16e3-736a-4f47-abbf-5adfe6cb380f;370.6;0.01;UNKNOWN
2016-02-07T01:20:59.000000;2016-02-07T01:20:59.000000;26e47a5e-3075-4150-ae82-4ca088d65d4a;370.59;14.8873;UNKNOWN
2016-02-07T01:20:59.000000;2016-02-07T01:20:59.000000;6591bd27-cb8a-44d0-a345-2ce018b34bab;370.73;1.0;UNKNOWN
2016-02-07T01:20:59.000000;2016-02-07T01:20:59.000000;2664dc66-67e9-4eba-8e55-3f23111c0e7c;370.8;0.01;UNKNOWN
2016-02-07T01:20:59.000000;2016-02-07T01:20:59.000000;c82f7c4a-77c4-43f4-aae8-fffe58e10929;370.8;0.01;UNKNOWN
2016-02-07T01:20:59.000000;2016-02-07T01:20:59.000000;a1df627b-bba1-4ab6-a32e-774c1d2a3b51;370.69;1.0;UNKNOWN
2016-02-07T01:20:59.000000;2016-02-07T01:20:59.000000;46bd9417-9a9a-4d5a-b0a7-07dcbb623754;370.62;18.0;UNKNOWN
2016-02-07T01:21:00.000000;2016-02-07T01:21:00.000000;459f337e-604d-4414-8c91-27e98963c17d;371.77;1.0;UNKNOWN
2016-02-07T01:21:03.000000;2016-02-07T01:21:03.000000;56f28d8f-c15a-4cbc-b44f-2d85ee3a78ed;371.69;0.197;UNKNOWN
2016-02-07T01:21:04.000000;2016-02-07T01:21:04.000000;d5eed0fb-d20c-422f-8fb8-853bc66b5bec;371.68;1.0;UNKNOWN
2016-02-07T01:21:06.000000;2016-02-07T01:21:06.000000;8816fc72-ca06-458c-8312-4dd9257315b3;371.64;0.38;UNKNOWN
2016-02-07T01:21:07.000000;2016-02-07T01:21:07.000000;74afb3cd-5113-4a93-b987-3edbc4efaccd;371.3;3.0727;UNKNOWN
2016-02-07T01:21:07.000000;2016-02-07T01:21:07.000000;310ca2f7-ea0a-4b23-950c-6dfa8438ecdf;371.43;6.6497;UNKNOWN
2016-02-07T01:21:07.000000;2016-02-07T01:21:07.000000;16dd4247-83b2-4987-8f94-ef060dae7e85;371.42;0.2776;UNKNOWN
2016-02-07T01:21:12.000000;2016-02-07T01:21:12.000000;016361bd-fb3b-4443-84a4-6ca9a7764acf;371.52;1.0;UNKNOWN
2016-02-07T01:21:14.000000;2016-02-07T01:21:14.000000;7c27bb44-114a-4079-a65c-4bde37e221a1;371.51;0.0499;UNKNOWN
2016-02-07T01:21:16.000000;2016-02-07T01:21:16.000000;b68ca554-6ad3-43c4-8c4b-8ca4083e7837;370.98;0.08062;UNKNOWN
2016-02-07T01:21:16.000000;2016-02-07T01:21:16.000000;0af99dcf-5abb-4602-838e-cafc78e8fd6e;370.58;0.82474653;UNKNOWN
2016-02-07T01:21:20.000000;2016-02-07T01:21:20.000000;d1a2de09-cc4d-4ac8-b80b-bbe633de677f;371.22;1.0;UNKNOWN
2016-02-07T01:21:21.000000;2016-02-07T01:21:21.000000;176ae2aa-cfe8-49a5-a2f5-55ff2b484817;370.91;1.5;UNKNOWN
2016-02-07T01:21:21.000000;2016-02-07T01:21:21.000000;acdb91ff-94f6-45f8-9c4f-24c649902045;370.59;3.78;UNKNOWN
2016-02-07T01:21:21.000000;2016-02-07T01:21:21.000000;6447be4e-d5fe-4bf8-9ff4-f01beb62851d;370.76;2.21;UNKNOWN
2016-02-07T01:21:21.000000;2016-02-07T01:21:21.000000;ea8f8e0e-02e9-4fe3-beab-c2c0e1ff3ac0;370.74;2.51;UNKNOWN
2016-02-07T01:21:23.000000;2016-02-07T01:21:23.000000;3fc64b0f-efc0-4639-b1a4-8718225c0cd5;370.5;2.0;UNKNOWN
2016-02-07T01:21:27.000000;2016-02-07T01:21:27.000000;606e1d1c-e7a4-4cd6-af75-b526c831d6f9;371.19;1.0;UNKNOWN
2016-02-07T01:21:32.000000;2016-02-07T01:21:32.000000;9fbbb4e5-95b6-4a04-8beb-04a86da319a5;371.18;0.5;UNKNOWN
2016-02-07T01:21:32.000000;2016-02-07T01:21:32.000000;80e32bd5-785c-4dac-ac25-a0deeb40611e;371.19;0.5;UNKNOWN
2016-02-07T01:21:39.000000;2016-02-07T01:21:39.000000;e041efac-9848-4687-98b4-e4791ea773ef;371.12;0.1051;UNKNOWN
2016-02-07T01:21:39.000000;2016-02-07T01:21:39.000000;5c4cd3b8-dfe7-41c4-9d2e-b5125499b71e;371.12;0.0725;UNKNOWN
2016-02-07T01:21:40.000000;2016-02-07T01:21:40.000000;4753db0c-0285-4d3b-b2ef-33d78fc6be33;370.49;1.31141;UNKNOWN
2016-02-07T01:21:40.000000;2016-02-07T01:21:40.000000;805aa4e5-51ea-42de-9be2-53a41def2bb4;370.5;0.01;UNKNOWN
2016-02-07T01:21:40.000000;2016-02-07T01:21:40.000000;44c6460c-c166-4a8f-9cae-5d3320503809;370.99;0.072875;UNKNOWN
2016-02-07T01:21:41.000000;2016-02-07T01:21:41.000000;60b4bec2-95d5-438b-8603-a5076391c703;370.99;1.0;UNKNOWN
2016-02-07T01:21:42.000000;2016-02-07T01:21:42.000000;ad4256e4-fe2e-4131-938e-4235e215ca2d;370.99;0.072876;UNKNOWN
2016-02-07T01:21:43.000000;2016-02-07T01:21:43.000000;d775ae22-4678-41c3-be49-a001e46078bf;370.98;0.072876;UNKNOWN
2016-02-07T01:21:43.000000;2016-02-07T01:21:43.000000;e8909b97-d7dd-464a-a42e-7ca32c5a8f79;370.98;1.12088372;UNKNOWN
2016-02-07T01:21:48.000000;2016-02-07T01:21:48.000000;a9ff33a3-1f67-4507-8233-0835aeb82b2f;370.43;0.5;UNKNOWN
2016-02-07T01:21:48.000000;2016-02-07T01:21:48.000000;a1194365-b7e2-46de-9f56-89146cc6e2a0;370.39;1.0;UNKNOWN
2016-02-07T01:21:48.000000;2016-02-07T01:21:48.000000;c3c094d3-604d-4bfa-b379-e6b219b2f58f;370.43;0.2494;UNKNOWN
2016-02-07T01:21:48.000000;2016-02-07T01:21:48.000000;34781356-cb20-4b16-ba46-1fc75703000e;370.47;0.1526;UNKNOWN
2016-02-07T01:21:48.000000;2016-02-07T01:21:48.000000;61ea3392-7c5e-4b5e-950c-996512c9824c;370.3;6.388;UNKNOWN
2016-02-07T01:21:48.000000;2016-02-07T01:21:48.000000;71be07f7-31f6-48e7-b024-b699f3b7318d;370.4;0.01;UNKNOWN
2016-02-07T01:21:49.000000;2016-02-07T01:21:49.000000;49b4e71d-c6f9-46d4-92a1-e74aab4c7374;370.96;0.072876;UNKNOWN
2016-02-07T01:21:50.000000;2016-02-07T01:21:50.000000;ea3d50ac-33db-432f-a25e-719c02c56230;370.96;0.999;UNKNOWN
2016-02-07T01:21:56.000000;2016-02-07T01:21:56.000000;323d8f47-36b9-4538-aa38-e07a00be70df;370.96;1.0;UNKNOWN
2016-02-07T01:21:58.000000;2016-02-07T01:21:58.000000;a5e5a9e1-dd96-4784-9193-918cc00b2efe;370.96;0.0998;UNKNOWN
2016-02-07T01:21:59.000000;2016-02-07T01:21:59.000000;35c347b6-f9b9-4087-8007-b14d83498340;370.96;1.0;UNKNOWN
2016-02-07T01:22:01.000000;2016-02-07T01:22:01.000000;042d5699-50bf-4463-96b9-cee9cef1856b;370.99;1.0;UNKNOWN
2016-02-07T01:22:04.000000;2016-02-07T01:22:04.000000;5bf08dfd-6711-43c1-98f0-0153f46c0e5b;370.99;1.0;UNKNOWN
2016-02-07T01:22:12.000000;2016-02-07T01:22:12.000000;5e4a7970-825c-400b-a8ad-10fd4876111f;370.98;1.0;UNKNOWN
2016-02-07T01:22:39.000000;2016-02-07T01:22:39.000000;1662bfd3-0bf0-4e86-90da-d85dcbacbe62;370.96;1.0;UNKNOWN
2016-02-07T01:22:53.000000;2016-02-07T01:22:53.000000;3ec77029-28d5-4647-8150-bc3ba23989a3;370.99;1.0;UNKNOWN
2016-02-07T01:22:57.000000;2016-02-07T01:22:57.000000;e6b86aa2-8cd2-4de5-b164-121d3bdcd69c;370.7;0.01;UNKNOWN
2016-02-07T01:23:00.000000;2016-02-07T01:23:00.000000;7f88bad7-779c-4a4c-9694-eef6e91d7d64;370.99;1.0;UNKNOWN
2016-02-07T01:23:04.000000;2016-02-07T01:23:04.000000;b4509ed4-d464-406f-ab44-5d090a50f62e;370.99;1.0;UNKNOWN
2016-02-07T01:23:05.000000;2016-02-07T01:23:05.000000;03b9fdd6-3f25-44f8-8a68-ba53332b9880;370.82;1.15606936;UNKNOWN
2016-02-07T01:23:07.000000;2016-02-07T01:23:07.000000;beab43b0-24be-461c-a592-f2858c9e6103;370.99;0.07966012;UNKNOWN
2016-02-07T01:23:13.000000;2016-02-07T01:23:13.000000;85c1e8eb-b35e-4f24-ad65-3aeeb9b85f48;370.99;1.0;UNKNOWN
2016-02-07T01:23:18.000000;2016-02-07T01:23:18.000000;ff1be706-9c57-4f8d-a97d-99ba90d76b9d;371.0;1.0;UNKNOWN
2016-02-07T01:23:21.000000;2016-02-07T01:23:21.000000;e3b54119-044e-4069-a348-7f15ce06b600;371.0;1.0;UNKNOWN
2016-02-07T01:23:23.000000;2016-02-07T01:23:23.000000;d2037a20-6ab2-4faf-af4e-96ee7480269b;370.98;1.0;UNKNOWN
2016-02-07T01:23:25.000000;2016-02-07T01:23:25.000000;7f332c3c-bd00-45b0-a442-569817b6dab3;371.0;1.0;UNKNOWN
2016-02-07T01:23:36.000000;2016-02-07T01:23:36.000000;9dc34681-917b-4527-9bf3-ec8f3e5f0ec2;370.99;0.01;UNKNOWN
2016-02-07T01:23:38.000000;2016-02-07T01:23:38.000000;fc7d6ea9-5a49-44bc-aed4-2d1829a657ee;371.0;1.0;UNKNOWN
2016-02-07T01:24:03.000000;2016-02-07T01:24:03.000000;c2237b6c-9347-4f42-a2fa-8af0c51e7759;371.0;1.0;UNKNOWN
2016-02-07T01:24:05.000000;2016-02-07T01:24:05.000000;1f5c7e59-febf-4a8a-a764-bedc823370c6;371.0;1.0;UNKNOWN
2016-02-07T01:24:11.000000;2016-02-07T01:24:11.000000;be03a1f8-4caa-4492-8605-b85fa20799e1;371.0;1.0;UNKNOWN
2016-02-07T01:24:12.000000;2016-02-07T01:24:12.000000;d9ec4016-67b9-49d5-8baa-dab76e061ab1;371.0;2.5;UNKNOWN
2016-02-07T01:24:18.000000;2016-02-07T01:24:18.000000;6326c787-dfa5-45c6-b1af-7138dda5ebb7;371.0;1.0;UNKNOWN
2016-02-07T01:24:29.000000;2016-02-07T01:24:29.000000;a2c6784b-50f5-48ea-a3e0-77b8efc3defb;371.0;1.95;UNKNOWN
2016-02-07T01:24:31.000000;2016-02-07T01:24:31.000000;7c6f9ca6-d8bd-4d04-b4cd-15eb4a1be05e;371.0;1.0;UNKNOWN
2016-02-07T01:24:35.000000;2016-02-07T01:24:35.000000;6b03b3fd-1060-4104-8be0-2b8976c5a433;371.0;1.0;UNKNOWN
2016-02-07T01:24:37.000000;2016-02-07T01:24:37.000000;e6406d05-239e-4528-8cb8-631ecf5386f5;371.0;1.0;UNKNOWN
2016-02-07T01:24:40.000000;2016-02-07T01:24:40.000000;b42bc5e3-459f-488f-bae9-f5e36d3fa72b;371.0;1.0;UNKNOWN
2016-02-07T01:24:42.000000;2016-02-07T01:24:42.000000;6ae7c60d-c769-455b-a25a-ba14c819312b;371.0;0.03;UNKNOWN
2016-02-07T01:24:43.000000;2016-02-07T01:24:43.000000;c8b9d5a2-2843-46a9-b878-dfa8e5fa37ba;371.0;0.9665;UNKNOWN
2016-02-07T01:24:44.000000;2016-02-07T01:24:44.000000;8789dc4f-c34a-4cda-b451-575719e3896c;371.0;1.0;UNKNOWN
2016-02-07T01:24:44.000000;2016-02-07T01:24:44.000000;f7c2c252-f056-4eed-a175-bc598962fb65;371.0;1.3759;UNKNOWN
2016-02-07T01:24:50.000000;2016-02-07T01:24:50.000000;c44856a4-2b85-44cc-b75e-57335aef73cf;371.49;0.9;UNKNOWN
2016-02-07T01:24:50.000000;2016-02-07T01:24:50.000000;aa963408-d80e-405c-8374-46ba285bbc78;371.46;0.1;UNKNOWN
2016-02-07T01:24:52.000000;2016-02-07T01:24:52.000000;e6972cc2-d209-4ea8-8955-f4386f337232;371.49;1.0;UNKNOWN
2016-02-07T01:25:06.000000;2016-02-07T01:25:06.000000;a34fad45-655e-47fa-ab7e-c8f372a7370f;371.28;0.34538643;UNKNOWN
2016-02-07T01:25:17.000000;2016-02-07T01:25:17.000000;52495db4-ba8d-44f1-8be4-6075f14537aa;371.49;1.0;UNKNOWN
2016-02-07T01:25:24.000000;2016-02-07T01:25:24.000000;91f0d0cc-a4d6-4a40-a8f7-d359dca09b61;371.26;10.0;UNKNOWN
2016-02-07T01:25:25.000000;2016-02-07T01:25:25.000000;22585e02-15e1-4ce3-a210-e3140713f08e;371.49;1.0;UNKNOWN
2016-02-07T01:25:31.000000;2016-02-07T01:25:31.000000;3c433806-9939-4f5a-a4ad-3e2080cc4a4a;371.49;2.8;UNKNOWN
2016-02-07T01:25:32.000000;2016-02-07T01:25:32.000000;3dd76c04-d42f-4196-89ed-ef4d52917e62;371.49;1.0;UNKNOWN
2016-02-07T01:25:39.000000;2016-02-07T01:25:39.000000;43c13edb-d08e-4acc-9ae8-c7c7b8ad72e9;371.5;1.0;UNKNOWN
2016-02-07T01:26:04.000000;2016-02-07T01:26:04.000000;0cea9f4b-6126-4e10-8bee-8f0c9130534c;371.5;1.0;UNKNOWN
2016-02-07T01:26:08.000000;2016-02-07T01:26:08.000000;f1026f74-19ec-47ed-8780-ba721b57226c;371.5;18.0;UNKNOWN
2016-02-07T01:26:22.000000;2016-02-07T01:26:22.000000;4494b265-da9d-428d-a780-8a687f74d17b;371.97;1.0;UNKNOWN
2016-02-07T01:26:29.000000;2016-02-07T01:26:29.000000;d79d97b6-029f-4e12-a1b1-f06774cd7d39;371.49;0.2627;UNKNOWN
2016-02-07T01:26:29.000000;2016-02-07T01:26:29.000000;1bcdf1b1-9152-4396-86d5-597b599b9a06;371.46;2.097856;UNKNOWN
2016-02-07T01:26:29.000000;2016-02-07T01:26:29.000000;08689990-844c-438a-bdc1-d57b51f81df7;371.49;0.014244;UNKNOWN
2016-02-07T01:26:29.000000;2016-02-07T01:26:29.000000;f7d241e1-91ed-48dc-9470-bde61bd52246;371.53;5.66;UNKNOWN
2016-02-07T01:26:29.000000;2016-02-07T01:26:29.000000;eee9f3ba-5f05-49af-973f-7b66e5571824;371.49;0.9652;UNKNOWN
2016-02-07T01:26:29.000000;2016-02-07T01:26:29.000000;e5c92594-6e63-46ba-9581-9baa17eb8ce4;371.5;1.0;UNKNOWN
2016-02-07T01:27:58.000000;2016-02-07T01:27:58.000000;da22e99a-c621-4ea7-ae15-cd436b9ee2d9;371.82;1.0;UNKNOWN
2016-02-07T01:27:59.000000;2016-02-07T01:27:59.000000;0419098d-76c1-45de-881a-2786eb09cc25;371.8;0.01;UNKNOWN
2016-02-07T01:28:04.000000;2016-02-07T01:28:04.000000;b5a29769-9c8f-4f41-ad5d-60dd836f8a23;371.83;1.0;UNKNOWN
2016-02-07T01:28:12.000000;2016-02-07T01:28:12.000000;cc90021b-c01b-4aee-88f1-c10b3024d451;371.83;5.0;UNKNOWN
2016-02-07T01:28:25.000000;2016-02-07T01:28:25.000000;caeb3065-20be-4c97-ac73-88076dffaa72;371.83;1.0;UNKNOWN
2016-02-07T01:28:39.000000;2016-02-07T01:28:39.000000;3e289124-519d-4275-9d83-77dfbb170cb5;371.83;1.0;UNKNOWN
2016-02-07T01:28:39.000000;2016-02-07T01:28:39.000000;5f604c24-48dc-4e6a-8c6a-0b991994f5ee;371.83;5.0;UNKNOWN
2016-02-07T01:28:46.000000;2016-02-07T01:28:46.000000;46114acd-99ab-4946-8502-d19a239483ea;371.83;0.1708;UNKNOWN
2016-02-07T01:28:46.000000;2016-02-07T01:28:46.000000;6433eb2b-5bb6-452a-aab9-1d7e9bae9c1d;371.83;1.0;UNKNOWN
2016-02-07T01:29:02.000000;2016-02-07T01:29:02.000000;a3a39dfe-9fed-4d80-88c3-f9cf76c6a585;371.84;0.01;UNKNOWN
2016-02-07T01:29:02.000000;2016-02-07T01:29:02.000000;25bce175-d4a0-4d5c-ae99-03cce8f94c9d;371.99;0.98;UNKNOWN
2016-02-07T01:29:02.000000;2016-02-07T01:29:02.000000;f10435e5-6437-42a9-a82d-ed9c3c810a47;371.94;0.01;UNKNOWN
2016-02-07T01:29:20.000000;2016-02-07T01:29:20.000000;0cdd3700-c04f-4982-8664-041c9d74d4b4;372.0;1.0;UNKNOWN
2016-02-07T01:29:22.000000;2016-02-07T01:29:22.000000;b9d20962-d228-4822-8e2e-e45facc9f9e0;372.0;1.0;UNKNOWN
2016-02-07T01:29:26.000000;2016-02-07T01:29:26.000000;2dbc4035-ce40-4036-964c-941e2e78ddba;371.98;1.0;UNKNOWN
2016-02-07T01:29:28.000000;2016-02-07T01:29:28.000000;75a03b71-2e31-4812-94c2-55ebd49b44ea;372.0;1.0;UNKNOWN
2016-02-07T01:29:33.000000;2016-02-07T01:29:33.000000;774338f1-f97d-43f5-af64-d74b804be67a;371.99;6.6303;UNKNOWN
2016-02-07T01:29:33.000000;2016-02-07T01:29:33.000000;a992c3bd-8297-4d1e-8b2c-86808f22c10d;372.0;1.6697;UNKNOWN
2016-02-07T01:29:43.000000;2016-02-07T01:29:43.000000;499c30ae-45a4-4722-a9f1-a5a52f9d8170;371.97;0.01337;UNKNOWN
2016-02-07T01:29:47.000000;2016-02-07T01:29:47.000000;7c1ee0ba-6f3e-4c6f-b6d0-1c697ef7d9c2;372.2;0.6219774;UNKNOWN
2016-02-07T01:29:47.000000;2016-02-07T01:29:47.000000;fcfce652-ac68-4605-9294-c34e766aa483;372.0;1.97323316;UNKNOWN
2016-02-07T01:29:47.000000;2016-02-07T01:29:47.000000;57f57f65-c124-490e-abdd-9739434940b6;372.44;0.01;UNKNOWN
2016-02-07T01:29:47.000000;2016-02-07T01:29:47.000000;67d714a1-20a9-4df7-ad8b-676bbe4647fe;372.49;4.54448944;UNKNOWN
2016-02-07T01:29:47.000000;2016-02-07T01:29:47.000000;f5fbe86a-da8f-41b9-bdbb-a53a2f42fa27;372.14;0.01;UNKNOWN
2016-02-07T01:29:47.000000;2016-02-07T01:29:47.000000;b9060cd5-13df-424d-95f3-ec47c25ba97f;372.0;15.3303;UNKNOWN
2016-02-07T01:29:47.000000;2016-02-07T01:29:47.000000;050d4dd4-4554-4503-b059-7ce519357021;372.24;0.01;UNKNOWN
2016-02-07T01:29:47.000000;2016-02-07T01:29:47.000000;dbebd8c8-c289-4868-a9e2-19c0aead596a;372.04;0.01;UNKNOWN
2016-02-07T01:29:47.000000;2016-02-07T01:29:47.000000;b8074f2c-114b-49db-b42b-cc0b7d213aea;372.34;0.01;UNKNOWN
2016-02-07T01:29:47.000000;2016-02-07T01:29:47.000000;290a9a02-5c5a-4d40-979d-3d405238efec;371.99;9.48;UNKNOWN
2016-02-07T01:30:43.000000;2016-02-07T01:30:43.000000;35e1483b-8daf-4cde-a958-20b2b3c073eb;371.97;4.98663;UNKNOWN
2016-02-07T01:30:43.000000;2016-02-07T01:30:43.000000;1a2a84e6-a8b4-4afb-a4ce-0dd7325a11a1;371.81;0.01337;UNKNOWN
2016-02-07T01:31:05.000000;2016-02-07T01:31:05.000000;d75f699e-c514-4034-97fb-2cd5ab7cd021;372.14;0.1;UNKNOWN
2016-02-07T01:31:51.000000;2016-02-07T01:31:51.000000;a95393b7-3057-459d-b887-b11657c6167f;372.16;0.5;UNKNOWN
2016-02-07T01:31:51.000000;2016-02-07T01:31:51.000000;3bfa424b-ee33-41c7-bea8-ebbaca2c7df8;372.16;0.5;UNKNOWN
2016-02-07T01:35:33.000000;2016-02-07T01:35:33.000000;256df8c1-9a40-421d-b1b1-8576eefb94fc;371.81;5.0;UNKNOWN
2016-02-07T01:35:33.000000;2016-02-07T01:35:33.000000;9ed87c4c-9039-47bd-b7e6-5e59e49819e7;371.86;5.0;UNKNOWN
2016-02-07T01:35:48.000000;2016-02-07T01:35:48.000000;e4c373c3-c0ec-4b01-aa74-fb1491adca9f;371.8;0.0898;UNKNOWN
2016-02-07T01:35:48.000000;2016-02-07T01:35:48.000000;5164a206-72ee-4ca8-bcd1-4f991b0ea0df;371.81;6.6795;UNKNOWN
2016-02-07T01:36:05.000000;2016-02-07T01:36:05.000000;c13f2796-d190-45ed-aec2-af8ba125d9ed;371.97;0.4607;UNKNOWN
2016-02-07T01:38:27.000000;2016-02-07T01:38:27.000000;14a7cf0f-451f-4ef3-ad7e-77f60d019583;372.08;0.025;UNKNOWN
2016-02-07T01:40:11.000000;2016-02-07T01:40:11.000000;65ce6686-1d93-437a-b9e0-4189ef447633;372.18;0.01337;UNKNOWN
2016-02-07T01:40:18.000000;2016-02-07T01:40:18.000000;6516f0ad-9773-4346-a2be-c9b4d6c42ef9;372.18;0.5;UNKNOWN
2016-02-07T01:41:10.000000;2016-02-07T01:41:10.000000;b9aa78a8-a0cc-4898-99dc-e73c7eca974e;372.34;0.01;UNKNOWN
2016-02-07T01:41:54.000000;2016-02-07T01:41:54.000000;c3be2bff-6b4c-4acf-8611-d400fa9f0e77;372.22;0.3643;UNKNOWN
2016-02-07T01:42:01.000000;2016-02-07T01:42:01.000000;5b274677-dc91-4d18-b909-b783ab810248;372.18;4.48663;UNKNOWN
2016-02-07T01:42:16.000000;2016-02-07T01:42:16.000000;98d95dee-1770-4789-b6ae-ced04663e19b;372.19;6.6509;UNKNOWN
2016-02-07T01:42:16.000000;2016-02-07T01:42:16.000000;4c25be76-00ad-4a89-9e9d-d5b5a9769307;371.8;0.53649394;UNKNOWN
2016-02-07T01:42:16.000000;2016-02-07T01:42:16.000000;7506d422-9429-4699-a23d-b5b8abae595d;372.18;0.499;UNKNOWN
2016-02-07T01:42:16.000000;2016-02-07T01:42:16.000000;b39e85d0-68f0-4b43-b93c-cb26bda5f056;372.0;0.5;UNKNOWN
2016-02-07T01:42:16.000000;2016-02-07T01:42:16.000000;82d8d774-4961-4e5f-ac33-de53385299b8;371.92;6.5511;UNKNOWN
2016-02-07T01:42:16.000000;2016-02-07T01:42:16.000000;627f05ba-7360-4767-9400-a6aef6029167;372.0;0.01373;UNKNOWN
2016-02-07T01:43:07.000000;2016-02-07T01:43:07.000000;d867c5f6-d09d-4d06-8eb2-a532fb89741d;371.87;0.18826931;UNKNOWN
2016-02-07T01:43:16.000000;2016-02-07T01:43:16.000000;0c1392b2-69a6-47b6-9a85-9bd358219a57;371.87;3.3159118;UNKNOWN
2016-02-07T01:43:30.000000;2016-02-07T01:43:30.000000;871d617a-6fb6-41d0-b6a1-f67b48e116c6;371.87;1.49581889;UNKNOWN
2016-02-07T01:43:30.000000;2016-02-07T01:43:30.000000;59be3f80-b875-4353-a593-2a86ed538bd7;371.81;2.68488111;UNKNOWN
2016-02-07T01:43:46.000000;2016-02-07T01:43:46.000000;7fbbda38-7b8f-4184-8cb3-b16663d5bea9;371.8;0.0198801;UNKNOWN
2016-02-07T01:44:34.000000;2016-02-07T01:44:34.000000;0c5a37cf-01e5-49ec-9a1b-6b7bf5fb302a;371.78;0.2617;UNKNOWN
2016-02-07T01:44:34.000000;2016-02-07T01:44:34.000000;a8bf3f1c-8024-4985-82ae-e644aabec103;371.12;13.83367404;UNKNOWN
2016-02-07T01:44:34.000000;2016-02-07T01:44:34.000000;9242cb16-19af-45a6-9454-fcedc886cbd5;371.62;4.5444;UNKNOWN
2016-02-07T01:44:34.000000;2016-02-07T01:44:34.000000;45caa292-9166-47df-a0d3-cddb97f8b9c2;371.81;5.0;UNKNOWN
2016-02-07T01:44:34.000000;2016-02-07T01:44:34.000000;9b46db0f-b4c8-4ca4-bada-f9d201bc0cdc;371.46;17.3746;UNKNOWN
2016-02-07T01:44:34.000000;2016-02-07T01:44:34.000000;a428ef3d-8782-4545-b2a2-dc9052c40b0b;371.81;20.97;UNKNOWN
2016-02-07T01:44:34.000000;2016-02-07T01:44:34.000000;26cc3a15-0f77-4b2f-964f-277bc3ec1d99;371.8;13.35412596;UNKNOWN
2016-02-07T01:44:34.000000;2016-02-07T01:44:34.000000;58a12b9f-2f98-44e2-8df1-569946b70f35;371.68;0.1;UNKNOWN
2016-02-07T01:44:34.000000;2016-02-07T01:44:34.000000;a66d0853-d7c1-45f5-8a83-d74a96be4e72;371.13;8.51;UNKNOWN
2016-02-07T01:44:34.000000;2016-02-07T01:44:34.000000;150799c1-b347-43e1-853e-21601add6ecb;371.29;16.0515;UNKNOWN
2016-02-07T01:44:52.000000;2016-02-07T01:44:52.000000;e9730b36-3b01-4dd0-9ec9-97a9768740ab;371.97;0.0299;UNKNOWN
2016-02-07T01:45:02.000000;2016-02-07T01:45:02.000000;ffc7a7e5-f272-4fbe-8b2c-ade02331cf73;371.99;2.61263743;UNKNOWN
2016-02-07T01:45:08.000000;2016-02-07T01:45:08.000000;c65c7a3e-7ea4-4b15-bb22-5690e01b9d06;372.0;1.32728495;UNKNOWN
2016-02-07T01:45:22.000000;2016-02-07T01:45:22.000000;440828ea-c4f1-47db-93e1-d4f79a02513b;371.41;7.27;UNKNOWN
2016-02-07T01:45:22.000000;2016-02-07T01:45:22.000000;4bdfad2c-ec02-48ca-b1b5-e538e12f34d2;371.55;1.33;UNKNOWN
2016-02-07T01:45:22.000000;2016-02-07T01:45:22.000000;38066b6d-8eb8-4143-a906-fd27b0cd1a0d;371.26;11.4;UNKNOWN
2016-02-07T01:45:22.000000;2016-02-07T01:45:22.000000;12a74473-23a3-4554-bd6d-4136f2679270;371.56;6.6109;UNKNOWN
2016-02-07T01:45:22.000000;2016-02-07T01:45:22.000000;b07c3ccb-18e1-46d6-97c8-ba7a46fe4249;371.71;0.07;UNKNOWN
2016-02-07T01:45:22.000000;2016-02-07T01:45:22.000000;73d2e2e8-3b38-4519-a293-de7774c71904;371.27;11.8972;UNKNOWN
2016-02-07T01:45:22.000000;2016-02-07T01:45:22.000000;12a14bfd-2e01-4f87-9e70-70bbf4adea37;371.25;25.0;UNKNOWN
2016-02-07T01:45:22.000000;2016-02-07T01:45:22.000000;ccf5739e-e005-4127-a9c3-305ed1e249a7;371.01;1.35817404;UNKNOWN
2016-02-07T01:45:22.000000;2016-02-07T01:45:22.000000;9a679ebe-1a7e-4fe0-a682-67c4d5a2afd9;371.54;15.1688;UNKNOWN
2016-02-07T01:45:22.000000;2016-02-07T01:45:22.000000;e04327e0-5303-45ae-8cff-9493ccd3fd73;371.4;15.9356;UNKNOWN
2016-02-07T01:45:22.000000;2016-02-07T01:45:22.000000;23403fd5-4073-40a7-a6bf-2b518fede7d9;371.2;0.01;UNKNOWN
2016-02-07T01:45:22.000000;2016-02-07T01:45:22.000000;5c504e46-c884-46f2-b2ad-247b2f97b052;371.1;0.01;UNKNOWN
2016-02-07T01:45:22.000000;2016-02-07T01:45:22.000000;7b9052c2-527f-4ca1-a903-b97722997517;371.12;0.75502596;UNKNOWN
2016-02-07T01:45:22.000000;2016-02-07T01:45:22.000000;d5b2afcc-968c-4b85-b850-8445a01fd357;371.12;0.1088;UNKNOWN
2016-02-07T01:45:22.000000;2016-02-07T01:45:22.000000;7406b8c7-3073-4715-b9b0-05ac5919e3f0;371.1;3.0;UNKNOWN
2016-02-07T01:45:22.000000;2016-02-07T01:45:22.000000;6c622312-f28c-42da-a224-7af092667d18;371.12;0.0755;UNKNOWN
2016-02-07T01:45:54.000000;2016-02-07T01:45:54.000000;c3c40a1e-3bda-4f11-8665-234f519d8a67;371.13;0.358282;UNKNOWN
2016-02-07T01:47:07.000000;2016-02-07T01:47:07.000000;323027a5-019d-42e7-a98a-8671257a350c;371.5;1.58512796;UNKNOWN
2016-02-07T01:48:21.000000;2016-02-07T01:48:21.000000;80a73898-6818-4a9c-956c-0980617fe457;371.96;0.01;UNKNOWN
2016-02-07T01:48:40.000000;2016-02-07T01:48:40.000000;e8196c2d-71c3-40e6-80d3-0e4f013c9e79;371.89;0.75201667;UNKNOWN
2016-02-07T01:48:40.000000;2016-02-07T01:48:40.000000;35c823ad-48f7-4660-a714-90e4aabd7da9;371.89;0.5;UNKNOWN
2016-02-07T01:51:31.000000;2016-02-07T01:51:31.000000;da1371b8-8203-4a21-aadf-469881815104;371.99;0.964;UNKNOWN
2016-02-07T01:53:17.000000;2016-02-07T01:53:17.000000;de392f6a-b3e8-4391-8db0-2ea7a7fb6c00;371.83;0.01337;UNKNOWN
2016-02-07T01:54:26.000000;2016-02-07T01:54:26.000000;6901a51d-2e58-4eb7-8943-8369cb5dd0c4;371.89;0.6307;UNKNOWN
2016-02-07T01:54:31.000000;2016-02-07T01:54:31.000000;4ad29c3b-3bb5-41a1-a62b-7884e6142062;371.94;1.0;UNKNOWN
2016-02-07T01:54:39.000000;2016-02-07T01:54:39.000000;f5640e07-b831-4ac7-a892-1ac520cd8737;371.94;1.0;UNKNOWN
2016-02-07T01:54:45.000000;2016-02-07T01:54:45.000000;c443787f-bed3-497a-87f1-76e1932e6967;371.94;1.0;UNKNOWN
2016-02-07T01:55:38.000000;2016-02-07T01:55:38.000000;5c2d29bf-8e5c-47b1-9009-1f16a373f0b2;371.94;20.66;UNKNOWN
2016-02-07T01:56:15.000000;2016-02-07T01:56:15.000000;b3926a95-95ad-445f-92fc-cfe0bf4e071c;371.99;1.0;UNKNOWN
2016-02-07T01:56:32.000000;2016-02-07T01:56:32.000000;0e3704a1-8049-40d5-b5ab-188d5ac82526;372.0;1.0;UNKNOWN
2016-02-07T01:56:35.000000;2016-02-07T01:56:35.000000;ff6f75f1-d240-435d-b563-cb0319ef6fc8;372.0;1.0;UNKNOWN
2016-02-07T01:56:37.000000;2016-02-07T01:56:37.000000;8874b7cc-414e-4286-97d9-0db2f8dc1442;372.0;1.0;UNKNOWN
2016-02-07T01:56:40.000000;2016-02-07T01:56:40.000000;9ef39765-c87a-4435-9429-b4f87e146379;372.0;1.0;UNKNOWN
2016-02-07T01:56:48.000000;2016-02-07T01:56:48.000000;e13cee26-39e1-4e41-82fe-45af006e4559;372.0;1.0;UNKNOWN
2016-02-07T01:57:12.000000;2016-02-07T01:57:12.000000;4f5b92e6-0e0c-45e7-b192-c0d7cc198350;372.0;1.0;UNKNOWN
2016-02-07T01:57:16.000000;2016-02-07T01:57:16.000000;18c25d3f-539f-48e7-afb4-6b068d56c43c;372.0;0.185;UNKNOWN
2016-02-07T01:59:07.000000;2016-02-07T01:59:07.000000;2baff0a0-bd43-497b-a9e0-a719017c83d8;371.99;0.17634363;UNKNOWN
2016-02-07T01:59:10.000000;2016-02-07T01:59:10.000000;86f66dea-a29d-4115-84d0-7e93a0e7e8ee;372.0;1.0;UNKNOWN
2016-02-07T01:59:17.000000;2016-02-07T01:59:17.000000;44f94f2e-87ef-4493-a1e5-977e43000baf;372.0;1.0;UNKNOWN
2016-02-07T01:59:18.000000;2016-02-07T01:59:18.000000;6ba6b43d-a3f0-4b5d-8de1-d56ea9c4ac2c;372.0;5.0;UNKNOWN
2016-02-07T01:59:24.000000;2016-02-07T01:59:24.000000;32d6b6ff-33b3-4423-948b-878e17b31da8;372.0;1.0;UNKNOWN
2016-02-07T01:59:31.000000;2016-02-07T01:59:31.000000;ba720869-73c1-448b-97c9-f24df92fea1a;372.0;4.48771505;UNKNOWN
2016-02-07T01:59:31.000000;2016-02-07T01:59:31.000000;908c7661-3102-4313-a6e0-68baf35ac87c;372.0;66.51228495;UNKNOWN
2016-02-07T01:59:31.000000;2016-02-07T01:59:31.000000;488e42ba-ec82-483e-9ede-0358749f0b57;372.0;4.0;UNKNOWN
2016-02-07T01:59:36.000000;2016-02-07T01:59:36.000000;a5c8daaa-739c-4115-8330-2c45a0392886;372.0;3.227;UNKNOWN
2016-02-07T01:59:39.000000;2016-02-07T01:59:39.000000;a01d950d-c6e3-40a8-8cf4-327487a4dd1d;372.0;0.26071505;UNKNOWN
2016-02-07T01:59:47.000000;2016-02-07T01:59:47.000000;19bbd706-41d7-4918-8efe-901f46cb7479;372.34;0.01;UNKNOWN
2016-02-07T01:59:47.000000;2016-02-07T01:59:47.000000;e830a3b5-e7db-48c4-886c-e6acb504031b;372.44;0.01;UNKNOWN
2016-02-07T01:59:47.000000;2016-02-07T01:59:47.000000;94f0c43a-1d10-412e-b4af-4b853aa8ac8d;372.74;0.01;UNKNOWN
2016-02-07T01:59:47.000000;2016-02-07T01:59:47.000000;68f1a9da-afea-4287-bfbe-2acdccc617ea;372.79;0.825;UNKNOWN
2016-02-07T01:59:47.000000;2016-02-07T01:59:47.000000;2691a81f-fa8a-4dee-997a-303a3d33b1a9;372.64;0.01;UNKNOWN
2016-02-07T01:59:47.000000;2016-02-07T01:59:47.000000;8119816a-27cd-4476-b3ca-adfe802d5b08;372.5;0.1;UNKNOWN
2016-02-07T01:59:47.000000;2016-02-07T01:59:47.000000;c11d1b0b-4f78-4649-bb83-6b57525a1dc3;372.54;0.01;UNKNOWN
2016-02-07T01:59:47.000000;2016-02-07T01:59:47.000000;115e86d4-67c8-43bd-aa58-0fe82e39c8ef;372.68;0.025;UNKNOWN
2016-02-07T01:59:49.000000;2016-02-07T01:59:49.000000;3b2969d8-b3e5-409d-878a-534d59b4bf5d;372.78;1.0;UNKNOWN
2016-02-07T01:59:55.000000;2016-02-07T01:59:55.000000;3268b266-33ba-4af8-8f1d-3c1e479dd2ce;372.79;1.0;UNKNOWN
2016-02-07T02:00:18.000000;2016-02-07T02:00:18.000000;e3e89693-7fc7-43b7-aab5-eb90f20ab8e5;372.31;4.35206131;UNKNOWN
2016-02-07T02:00:27.000000;2016-02-07T02:00:27.000000;4aa1f5df-0fc4-4e09-b307-38b7171a599f;372.32;1.12615642;UNKNOWN
2016-02-07T02:00:32.000000;2016-02-07T02:00:32.000000;51424308-bdeb-4228-855d-4be993d54f93;372.73;0.025;UNKNOWN
2016-02-07T02:00:34.000000;2016-02-07T02:00:34.000000;59e6561b-b0d1-4c07-8516-5a3536410f1b;372.72;0.739;UNKNOWN
2016-02-07T02:01:54.000000;2016-02-07T02:01:54.000000;19f5f6a8-76b8-4790-b4a3-2336fb9a5278;372.67;0.05;UNKNOWN
2016-02-07T02:03:31.000000;2016-02-07T02:03:31.000000;178200a3-3e85-4508-aa4f-5d8b9023f488;372.54;3.3451;UNKNOWN
2016-02-07T02:03:31.000000;2016-02-07T02:03:31.000000;898ab130-4107-4d69-9b96-2b4844aa9da6;372.47;6.6549;UNKNOWN
2016-02-07T02:03:35.000000;2016-02-07T02:03:35.000000;5cdc7aee-123b-4851-99c8-333c57c00276;372.54;10.0;UNKNOWN
2016-02-07T02:03:45.000000;2016-02-07T02:03:45.000000;ab6385a3-31e7-4fcb-9a59-1a795e19a4a8;372.65;7.32;UNKNOWN
2016-02-07T02:03:45.000000;2016-02-07T02:03:45.000000;f91d6e70-9ab0-435f-aeb5-fc260b9671a5;372.65;1.63;UNKNOWN
2016-02-07T02:03:45.000000;2016-02-07T02:03:45.000000;202f84c0-2214-4975-ac70-9282fc35bcf3;372.64;0.39;UNKNOWN
2016-02-07T02:04:11.000000;2016-02-07T02:04:11.000000;112dc46e-2041-447d-ac75-950d41ec0b6c;372.58;0.090493;UNKNOWN
2016-02-07T02:05:30.000000;2016-02-07T02:05:30.000000;309c693f-3fb4-4fd3-8191-6d38afee533e;372.37;5.0;UNKNOWN
2016-02-07T02:05:48.000000;2016-02-07T02:05:48.000000;f5b7acfe-2959-46b2-a98d-8dc6ec06d031;372.42;0.01337;UNKNOWN
2016-02-07T02:06:06.000000;2016-02-07T02:06:06.000000;027896d1-53ee-48c9-9a6f-99beed5ea7c3;372.49;0.0528262;UNKNOWN
2016-02-07T02:06:26.000000;2016-02-07T02:06:26.000000;83265568-8677-4379-bdeb-8bf15054e990;372.37;5.13;UNKNOWN
2016-02-07T02:06:32.000000;2016-02-07T02:06:32.000000;b0d44362-c36d-499b-a6e5-be131fb39d81;372.39;3.0;UNKNOWN
2016-02-07T02:06:32.000000;2016-02-07T02:06:32.000000;11369ee5-97c1-4d54-8cb9-8d92dfa71c9b;372.49;3.5;UNKNOWN
2016-02-07T02:06:32.000000;2016-02-07T02:06:32.000000;920e8559-4742-4113-b47c-40531335404d;372.38;0.5;UNKNOWN
2016-02-07T02:06:45.000000;2016-02-07T02:06:45.000000;9bcdd610-956a-4726-856c-599187bd6817;372.45;1.0;UNKNOWN
2016-02-07T02:08:08.000000;2016-02-07T02:08:08.000000;f118f321-6c4d-4766-a80a-e226b31eb995;372.32;0.70599128;UNKNOWN
2016-02-07T02:09:34.000000;2016-02-07T02:09:34.000000;afb3e821-cd23-4a45-b5b9-e0deeab098eb;372.48;1.2188513;UNKNOWN
2016-02-07T02:13:05.000000;2016-02-07T02:13:05.000000;9f37fe0d-28d3-4819-9fa2-349655d9dfa1;372.45;0.1320376;UNKNOWN
2016-02-07T02:13:57.000000;2016-02-07T02:13:57.000000;a26624bd-18d2-4b7d-975e-2c4a88851383;372.33;1.34423887;UNKNOWN
2016-02-07T02:14:31.000000;2016-02-07T02:14:31.000000;7b058382-1ac5-44e4-b02b-2ebcad714efa;372.43;0.5;UNKNOWN
2016-02-07T02:14:39.000000;2016-02-07T02:14:39.000000;d6d54d75-f9ed-468f-89a9-12e640a514b4;372.46;0.5;UNKNOWN
2016-02-07T02:14:39.000000;2016-02-07T02:14:39.000000;fc69a47d-9452-4f5c-8a62-851d8d6c7a4d;372.46;0.5;UNKNOWN
2016-02-07T02:14:46.000000;2016-02-07T02:14:46.000000;56ad5539-b983-49de-9c0d-1b3a6f213cee;372.45;0.5;UNKNOWN
2016-02-07T02:14:46.000000;2016-02-07T02:14:46.000000;21726ba9-b38d-4e88-aad5-ba502ffcfa41;372.45;0.5;UNKNOWN
2016-02-07T02:14:47.000000;2016-02-07T02:14:47.000000;8f10db44-031b-4426-85ec-2fc2ad63e8a8;372.39;1.34423887;UNKNOWN
2016-02-07T02:14:53.000000;2016-02-07T02:14:53.000000;1e2c18b3-db0e-45e2-b0e0-dd27e9d17904;372.45;0.5;UNKNOWN
2016-02-07T02:14:53.000000;2016-02-07T02:14:53.000000;54c6d6a2-bd96-4c9f-8927-411d5781fd7b;372.43;0.5;UNKNOWN
2016-02-07T02:15:04.000000;2016-02-07T02:15:04.000000;6be13db4-7c7b-4ea6-ab9f-c2eb47112f2b;372.46;0.5;UNKNOWN
2016-02-07T02:15:04.000000;2016-02-07T02:15:04.000000;1a3738e9-1e3b-47b9-b40a-96a7ea53724e;372.46;0.5;UNKNOWN
2016-02-07T02:15:12.000000;2016-02-07T02:15:12.000000;481b5928-d3d6-4f27-aaea-cd26b35cd9f9;372.47;1.0;UNKNOWN
2016-02-07T02:15:14.000000;2016-02-07T02:15:14.000000;59e81796-8c2d-46b9-b30f-510c64684a84;372.47;1.0;UNKNOWN
2016-02-07T02:15:27.000000;2016-02-07T02:15:27.000000;5bcf6e1f-d6fd-474c-80f3-efd8d3790dd4;372.47;1.0;UNKNOWN
2016-02-07T02:15:39.000000;2016-02-07T02:15:39.000000;18823646-dbe1-44bb-b4a5-95aed8d44b8b;372.53;0.11177623;UNKNOWN
2016-02-07T02:15:39.000000;2016-02-07T02:15:39.000000;178e2b88-a897-41ae-b124-9de129878488;372.47;0.87822377;UNKNOWN
2016-02-07T02:15:39.000000;2016-02-07T02:15:39.000000;8e5f955b-c1cd-44e1-8fad-e94da6ec6672;372.53;0.01;UNKNOWN
2016-02-07T02:15:47.000000;2016-02-07T02:15:47.000000;1e5dca18-d5ec-469a-a858-221ccf600cae;372.54;1.0;UNKNOWN
2016-02-07T02:15:48.000000;2016-02-07T02:15:48.000000;452c4ca0-5fb9-4099-b454-dec61f680765;372.54;1.0;UNKNOWN
2016-02-07T02:15:56.000000;2016-02-07T02:15:56.000000;21536df9-8dac-4f88-ae21-5541080cd36b;372.6;1.0;UNKNOWN
2016-02-07T02:15:58.000000;2016-02-07T02:15:58.000000;d39741c3-7a40-4714-a747-c41495da6d82;372.6;1.0;UNKNOWN
2016-02-07T02:16:05.000000;2016-02-07T02:16:05.000000;f4bce30f-6f12-45c0-99cb-8a7b6d8e0a57;372.53;1.0;UNKNOWN
2016-02-07T02:16:05.000000;2016-02-07T02:16:05.000000;71e2516e-bbfb-40be-8c11-3ae05d49de2f;372.33;0.04563682;UNKNOWN
2016-02-07T02:16:44.000000;2016-02-07T02:16:44.000000;de4453da-8f31-4858-9192-5e1d2f2b0c9e;372.6;1.0;UNKNOWN
2016-02-07T02:17:05.000000;2016-02-07T02:17:05.000000;5bb58e11-59fc-4547-b0b3-c69cc4514220;372.6;1.0;UNKNOWN
2016-02-07T02:17:07.000000;2016-02-07T02:17:07.000000;a66c06c0-6990-4ffc-9912-c1c0fcbc9b9e;372.59;0.08004;UNKNOWN
2016-02-07T02:17:20.000000;2016-02-07T02:17:20.000000;1ab54594-b50e-435a-ba68-658fd366d72b;372.7;0.047;UNKNOWN
2016-02-07T02:17:23.000000;2016-02-07T02:17:23.000000;46770c00-2504-4b03-b3aa-7d2432f40f5e;372.77;0.047;UNKNOWN
2016-02-07T02:17:23.000000;2016-02-07T02:17:23.000000;027154da-a025-4482-b93b-70c5d2d10578;372.7;0.953;UNKNOWN
2016-02-07T02:17:27.000000;2016-02-07T02:17:27.000000;4a0aa63c-f6fd-4ec7-8c4f-1f534928c25f;372.8;1.0;UNKNOWN
2016-02-07T02:17:35.000000;2016-02-07T02:17:35.000000;581987ee-df52-4a90-a516-0a6ec20a9959;372.94;0.35;UNKNOWN
2016-02-07T02:17:35.000000;2016-02-07T02:17:35.000000;e734bb78-dc14-4297-8f15-cf8660e11883;372.84;0.01;UNKNOWN
2016-02-07T02:17:35.000000;2016-02-07T02:17:35.000000;2af932dd-773c-4e2a-8159-d18e19882030;372.94;0.01;UNKNOWN
2016-02-07T02:17:35.000000;2016-02-07T02:17:35.000000;e21b9b14-8c9e-499e-875c-ea71dcccc25f;372.96;0.63;UNKNOWN
2016-02-07T02:17:41.000000;2016-02-07T02:17:41.000000;6b42ffcf-6500-4faf-890c-1b90edaf06a8;372.96;0.04;UNKNOWN
2016-02-07T02:17:41.000000;2016-02-07T02:17:41.000000;50326aea-86bc-4e3b-9290-ccd1f10f1cfa;372.96;0.46;UNKNOWN
2016-02-07T02:17:41.000000;2016-02-07T02:17:41.000000;4ca47f33-4eb2-45f8-bcef-0a93a95856e8;372.95;0.5;UNKNOWN
2016-02-07T02:17:44.000000;2016-02-07T02:17:44.000000;e8691a9d-d866-4615-b66a-e5ec1c0eb507;372.96;1.0;UNKNOWN
2016-02-07T02:17:54.000000;2016-02-07T02:17:54.000000;e471020d-6636-4a53-8224-db2fbf27d4b9;372.93;1.0;UNKNOWN
2016-02-07T02:17:56.000000;2016-02-07T02:17:56.000000;af8b2efb-2d74-412d-bcc3-b72c027a83f9;372.92;1.0;UNKNOWN
2016-02-07T02:18:02.000000;2016-02-07T02:18:02.000000;70407055-f132-4ecf-beaa-d69296bfc0f4;372.9;0.5;UNKNOWN
2016-02-07T02:18:02.000000;2016-02-07T02:18:02.000000;a02eb5ed-847b-4545-9d07-054f158a6a05;372.91;0.5;UNKNOWN
2016-02-07T02:18:05.000000;2016-02-07T02:18:05.000000;e5825514-90cc-4bc4-90ff-95994704548c;372.9;0.02;UNKNOWN
2016-02-07T02:18:06.000000;2016-02-07T02:18:06.000000;328e1bc3-3dc8-4d0b-875e-a4ab273de828;372.9;0.48;UNKNOWN
2016-02-07T02:18:06.000000;2016-02-07T02:18:06.000000;a9791110-b7db-4287-93c4-11e4ea29b3fa;372.91;0.52;UNKNOWN
2016-02-07T02:18:18.000000;2016-02-07T02:18:18.000000;2cd16a26-f338-418b-8576-b8725fd08560;372.91;1.32141;UNKNOWN
2016-02-07T02:18:18.000000;2016-02-07T02:18:18.000000;a60b77e5-6f0f-4f52-9d78-7b34c2c8fdcc;372.91;1.0;UNKNOWN
2016-02-07T02:18:36.000000;2016-02-07T02:18:36.000000;3640cd1d-67c5-436a-bb5e-a4c9b05f8bbd;372.96;0.5;UNKNOWN
2016-02-07T02:18:36.000000;2016-02-07T02:18:36.000000;6c7e6f06-e9f9-4bca-84cd-b9b000320d61;372.97;0.5;UNKNOWN
2016-02-07T02:18:38.000000;2016-02-07T02:18:38.000000;278d9d3a-edde-4f59-828c-a4896d34fa5b;372.99;1.0;UNKNOWN
2016-02-07T02:19:00.000000;2016-02-07T02:19:00.000000;93502e34-412c-4807-bb66-7dbfc8dd47cc;373.0;1.0;UNKNOWN
2016-02-07T02:19:07.000000;2016-02-07T02:19:07.000000;03d62f5c-9460-48aa-8ea5-d1b3a0f1ea50;373.0;1.0;UNKNOWN
2016-02-07T02:19:44.000000;2016-02-07T02:19:44.000000;8e6beb25-5cbf-45d4-a724-039b12622147;372.42;0.6684;UNKNOWN
2016-02-07T02:19:44.000000;2016-02-07T02:19:44.000000;55ff177d-96cc-49cb-98ea-85c8c8b01e4f;372.93;1.0;UNKNOWN
2016-02-07T02:19:44.000000;2016-02-07T02:19:44.000000;3b6e022d-42b3-4955-9c0d-260250eb84ab;372.98;1.0;UNKNOWN
2016-02-07T02:19:44.000000;2016-02-07T02:19:44.000000;9ac436a2-2304-4ce4-89d1-50d4d07932ee;372.92;0.6307;UNKNOWN
2016-02-07T02:19:44.000000;2016-02-07T02:19:44.000000;87d93261-5be0-4c5b-8581-173aca285936;372.99;6.6079;UNKNOWN
2016-02-07T02:19:44.000000;2016-02-07T02:19:44.000000;01765e19-9b93-4498-b258-68a7ae930d53;372.98;0.093;UNKNOWN
2016-02-07T02:19:53.000000;2016-02-07T02:19:53.000000;9eb0f987-dc20-453e-b4aa-9455006e7920;372.94;1.0;UNKNOWN
2016-02-07T02:20:29.000000;2016-02-07T02:20:29.000000;1815049e-f978-4a5c-8584-1acb88ef248a;372.42;0.01337;UNKNOWN
2016-02-07T02:21:03.000000;2016-02-07T02:21:03.000000;67db6ca9-92df-4050-a78c-df2ab2d10c8e;372.7;1.0;UNKNOWN
2016-02-07T02:21:05.000000;2016-02-07T02:21:05.000000;306fcbb2-a6d1-4c86-a21a-f38baec04daf;372.68;0.02;UNKNOWN
2016-02-07T02:21:16.000000;2016-02-07T02:21:16.000000;a5e26c70-37aa-422f-b388-214d570e24a5;372.9;1.89233295;UNKNOWN
2016-02-07T02:21:46.000000;2016-02-07T02:21:46.000000;0314cccc-d43d-4faf-9001-71ceecd4c190;372.77;1.0;UNKNOWN
2016-02-07T02:21:53.000000;2016-02-07T02:21:53.000000;90335c48-7a02-4280-99bf-f3668cca551f;372.75;1.0;UNKNOWN
2016-02-07T02:22:04.000000;2016-02-07T02:22:04.000000;78e36172-d3dd-4a1b-80df-bc066778915e;372.86;0.5;UNKNOWN
2016-02-07T02:22:04.000000;2016-02-07T02:22:04.000000;793b8d80-528b-485d-8250-a8b8751b96f8;372.86;0.5;UNKNOWN
2016-02-07T02:23:05.000000;2016-02-07T02:23:05.000000;a7f04836-ada0-48a1-9263-27f3c86e3499;372.86;0.76922379;UNKNOWN
2016-02-07T02:23:05.000000;2016-02-07T02:23:05.000000;d40591cb-ec30-4115-9e1f-4b1e35963105;372.85;0.26922379;UNKNOWN
2016-02-07T02:23:05.000000;2016-02-07T02:23:05.000000;a453657c-00f6-4f7a-8ae2-b5d3eb5ca75c;372.85;0.23077621;UNKNOWN
2016-02-07T02:23:06.000000;2016-02-07T02:23:06.000000;a23c21c7-a41e-4048-81e5-e88bb15757d1;372.86;1.0;UNKNOWN
2016-02-07T02:23:32.000000;2016-02-07T02:23:32.000000;a3e8c7f5-027b-494f-9242-f336873bc333;372.77;0.5;UNKNOWN
2016-02-07T02:23:32.000000;2016-02-07T02:23:32.000000;69f24ac5-d08f-4881-b051-77b79433ca02;372.77;0.5;UNKNOWN
2016-02-07T02:23:59.000000;2016-02-07T02:23:59.000000;81a80228-7c58-4242-b7a2-002655b862f4;372.75;1.0;UNKNOWN
2016-02-07T02:24:04.000000;2016-02-07T02:24:04.000000;869f4b58-2d27-4e96-b38d-410c975ba22d;372.72;1.0;UNKNOWN
2016-02-07T02:24:11.000000;2016-02-07T02:24:11.000000;17b56ba7-b527-4605-baa6-0b153547ef83;372.78;0.5;UNKNOWN
2016-02-07T02:24:11.000000;2016-02-07T02:24:11.000000;3665a7d6-4662-4ed4-b2bc-bf5095ad2041;372.78;0.5;UNKNOWN
2016-02-07T02:24:18.000000;2016-02-07T02:24:18.000000;4e9017c5-e8d9-4ec3-86ae-50206779c058;372.79;0.27;UNKNOWN
2016-02-07T02:25:49.000000;2016-02-07T02:25:49.000000;f0f12716-d8ec-4687-8843-a68d3f7787ab;372.99;0.73;UNKNOWN
2016-02-07T02:26:57.000000;2016-02-07T02:26:57.000000;3e900c50-9be6-4944-860d-4bd0c8c9c178;372.51;0.10748137;UNKNOWN
2016-02-07T02:27:07.000000;2016-02-07T02:27:07.000000;031682d2-cc8f-4ae4-b501-7772613aa3b7;372.51;0.25428;UNKNOWN
2016-02-07T02:27:37.000000;2016-02-07T02:27:37.000000;00fb3578-7bfb-4585-b9ac-36cc02bd5e3b;372.53;0.01;UNKNOWN
2016-02-07T02:27:38.000000;2016-02-07T02:27:38.000000;47e2db5a-ad08-4319-9fc6-345d3a7fb323;372.53;0.01;UNKNOWN
2016-02-07T02:27:38.000000;2016-02-07T02:27:38.000000;5da1ca55-fae9-4967-becf-8bd27321951a;372.53;0.01;UNKNOWN
2016-02-07T02:27:39.000000;2016-02-07T02:27:39.000000;94b7869d-f2d5-47f5-986b-6a2d7e678c3e;372.53;0.01;UNKNOWN
2016-02-07T02:27:40.000000;2016-02-07T02:27:40.000000;d7da4a84-bd11-4f27-bc69-78fc4780e526;372.53;0.01;UNKNOWN
2016-02-07T02:27:40.000000;2016-02-07T02:27:40.000000;5693f85e-29b0-4a1e-8121-15ab6524420b;372.53;0.01;UNKNOWN
2016-02-07T02:27:41.000000;2016-02-07T02:27:41.000000;b8d8829e-604a-47a2-b0ef-5bdd4d2d77fc;372.53;0.00666465;UNKNOWN
2016-02-07T02:28:48.000000;2016-02-07T02:28:48.000000;f367a813-39b6-48c0-bae1-68db6361c9de;372.53;0.26871787;UNKNOWN
2016-02-07T02:28:58.000000;2016-02-07T02:28:58.000000;fa489c57-86ca-408d-b336-b88e1619b471;372.53;0.09942027;UNKNOWN
2016-02-07T02:30:36.000000;2016-02-07T02:30:36.000000;d370639b-84fe-4765-8533-25c4555c4449;372.53;0.01337;UNKNOWN
2016-02-07T02:31:04.000000;2016-02-07T02:31:04.000000;b92bbdfc-4ba6-4174-9dc2-e312ece2ebcc;372.74;0.1;UNKNOWN
2016-02-07T02:31:08.000000;2016-02-07T02:31:08.000000;06d0bc20-dc2e-4ef0-960c-11a0e5aa9b10;372.74;0.6;UNKNOWN
2016-02-07T02:32:17.000000;2016-02-07T02:32:17.000000;cb2b8c83-ec46-4498-8b4a-d4573e087e6e;372.61;0.08141714;UNKNOWN
2016-02-07T02:34:37.000000;2016-02-07T02:34:37.000000;b0f05dea-d291-4c68-9d92-a22bfd435bcb;372.51;0.67177664;UNKNOWN
2016-02-07T02:35:07.000000;2016-02-07T02:35:07.000000;426ca799-9685-4227-b8b4-23dd529ac1fd;372.61;0.135966;UNKNOWN
2016-02-07T02:35:37.000000;2016-02-07T02:35:37.000000;e41f1f3a-1108-42ea-8676-2d14e62a544c;372.61;0.7389146;UNKNOWN
2016-02-07T02:38:24.000000;2016-02-07T02:38:24.000000;6f19c83a-d978-403c-b132-9ec3d528cade;372.68;9.6569;UNKNOWN
2016-02-07T02:43:05.000000;2016-02-07T02:43:05.000000;f6f1a005-c3cf-48cf-ab4d-38b9a9fa7aee;372.77;0.03089477;UNKNOWN
2016-02-07T02:44:10.000000;2016-02-07T02:44:10.000000;1630d7b9-9d36-457e-bc05-7559d3347ffd;372.65;0.01337;UNKNOWN
2016-02-07T02:45:18.000000;2016-02-07T02:45:18.000000;cc55ff48-f9a2-463d-8a4d-b4b787c7ff51;372.8;2.9659;UNKNOWN
2016-02-07T02:46:05.000000;2016-02-07T02:46:05.000000;b7965e90-921d-4dae-8afd-0010c2271674;372.93;0.02647814;UNKNOWN
2016-02-07T02:46:06.000000;2016-02-07T02:46:06.000000;5bb15036-25f3-4971-b534-006deecc48b0;372.93;0.18536855;UNKNOWN
2016-02-07T02:46:07.000000;2016-02-07T02:46:07.000000;871514dc-2359-4620-83fe-07d1ddaef563;372.8;0.101232;UNKNOWN
2016-02-07T02:46:07.000000;2016-02-07T02:46:07.000000;0dc8ec19-db5e-4929-a391-e264e1db198f;372.93;5.9266;UNKNOWN
2016-02-07T02:47:53.000000;2016-02-07T02:47:53.000000;8a22719b-ff8c-474b-a316-f7c99351731a;372.93;0.58;UNKNOWN
2016-02-07T02:48:13.000000;2016-02-07T02:48:13.000000;6f5570c2-073d-40dd-aac6-930e7319fcf2;372.96;10.0;UNKNOWN
2016-02-07T02:49:17.000000;2016-02-07T02:49:17.000000;d07b5225-b75d-487b-91b9-d2f5afa1834f;372.81;0.09152959;UNKNOWN
2016-02-07T02:52:53.000000;2016-02-07T02:52:53.000000;b0d5aa3f-12af-463e-a30a-7cccdc9fefd3;372.99;3.5;UNKNOWN
2016-02-07T02:53:07.000000;2016-02-07T02:53:07.000000;2231d31c-e09d-4736-867a-cb9d4eccaff5;373.0;2.3148684;UNKNOWN
2016-02-07T02:53:07.000000;2016-02-07T02:53:07.000000;d6885483-bb14-44ff-902f-27b8a6448670;372.89;0.04469567;UNKNOWN
2016-02-07T02:53:08.000000;2016-02-07T02:53:08.000000;e8521fec-bdb9-4066-8ef3-b31e398191b2;372.89;0.13424361;UNKNOWN
2016-02-07T02:54:39.000000;2016-02-07T02:54:39.000000;4bdaa24e-6b2d-47fe-8f42-741b21dc0cf5;372.96;1.0;UNKNOWN
2016-02-07T02:54:50.000000;2016-02-07T02:54:50.000000;98a03f39-2acd-4303-b8f9-a0394815774d;373.0;1.0;UNKNOWN
2016-02-07T02:54:52.000000;2016-02-07T02:54:52.000000;8befa6be-9e98-4d99-9937-ad2ea54c1d08;373.0;1.0;UNKNOWN
2016-02-07T02:54:54.000000;2016-02-07T02:54:54.000000;6d8179a3-4a28-4b8f-a7b0-bf5638fdb4c3;373.0;0.93099082;UNKNOWN
2016-02-07T02:54:54.000000;2016-02-07T02:54:54.000000;f31a0303-b011-4d35-82af-4038e18e1189;373.0;0.06900918;UNKNOWN
2016-02-07T02:55:34.000000;2016-02-07T02:55:34.000000;ff0f6ac7-adbe-465b-87ee-de39739fa738;372.99;0.01337;UNKNOWN
2016-02-07T02:55:40.000000;2016-02-07T02:55:40.000000;b2af22ae-6bba-45cf-94b1-b9761953c4b6;373.0;1.0;UNKNOWN
2016-02-07T02:55:46.000000;2016-02-07T02:55:46.000000;2d2f51c4-b508-4180-8a55-83a78350ec1d;373.0;1.0;UNKNOWN
2016-02-07T02:56:04.000000;2016-02-07T02:56:04.000000;957f4f77-927e-4199-a966-2bb78d5c402e;373.0;1.0;UNKNOWN
2016-02-07T02:56:05.000000;2016-02-07T02:56:05.000000;66982b55-d4dd-419a-8d21-72b252f620d9;372.99;0.16115848;UNKNOWN
2016-02-07T02:56:05.000000;2016-02-07T02:56:05.000000;8905fa42-27e9-4fcd-b6b1-99a15b859457;372.99;0.98663;UNKNOWN
2016-02-07T02:56:26.000000;2016-02-07T02:56:26.000000;e80d5025-136c-4147-8063-70deee3a58b3;373.0;1.0;UNKNOWN
2016-02-07T02:56:29.000000;2016-02-07T02:56:29.000000;6751a9bc-7e1c-4811-97dd-f4ef869ced1d;373.0;1.0;UNKNOWN
2016-02-07T02:56:43.000000;2016-02-07T02:56:43.000000;d6655d10-89e2-4706-a765-33c65ac66acd;373.0;1.0;UNKNOWN
2016-02-07T02:56:47.000000;2016-02-07T02:56:47.000000;db9d39b8-5715-4513-ae8d-ac77b412c7a1;373.0;1.0;UNKNOWN
2016-02-07T02:57:01.000000;2016-02-07T02:57:01.000000;84195ac0-2662-4423-becb-6a4213d477cc;373.0;0.839;UNKNOWN
2016-02-07T02:57:15.000000;2016-02-07T02:57:15.000000;1f4209ee-fda1-4cc2-9c33-23fdac93b78f;373.0;1.0;UNKNOWN
2016-02-07T02:57:17.000000;2016-02-07T02:57:17.000000;0fc4beb3-90da-45b3-b670-a95368a9c903;372.99;0.13424;UNKNOWN
2016-02-07T02:57:39.000000;2016-02-07T02:57:39.000000;586875d8-8146-435c-a594-b41d32732a5b;373.0;0.866;UNKNOWN
2016-02-07T02:57:41.000000;2016-02-07T02:57:41.000000;348e4074-3ce6-48ed-aa53-3d87803135c6;373.0;1.0;UNKNOWN
2016-02-07T02:57:44.000000;2016-02-07T02:57:44.000000;bb32dc44-8487-46c1-9ee0-73fa1cb95e61;373.0;1.0;UNKNOWN
2016-02-07T02:57:47.000000;2016-02-07T02:57:47.000000;1e89c48e-516f-4b8c-aaca-ecb7c5445cbb;373.0;1.0;UNKNOWN
2016-02-07T02:57:51.000000;2016-02-07T02:57:51.000000;a28a66d1-4ad4-463d-b709-05832d8abda4;373.0;1.0;UNKNOWN
2016-02-07T02:57:54.000000;2016-02-07T02:57:54.000000;463eefd8-b503-468b-b181-e2dc6cffc1be;373.0;1.0;UNKNOWN
2016-02-07T02:58:16.000000;2016-02-07T02:58:16.000000;ffd48cd1-87e1-4821-8600-68452870fcc7;373.0;1.0;UNKNOWN
2016-02-07T02:58:23.000000;2016-02-07T02:58:23.000000;f7d4983e-af95-4fe9-8789-7d2c1ad5f733;373.0;1.0;UNKNOWN
2016-02-07T02:58:28.000000;2016-02-07T02:58:28.000000;569a5a51-3a55-499f-9689-7086dabce68c;373.0;1.0;UNKNOWN
