time_exchange;time_coinpai;guid;price;base_amount;taker_side
2016-04-06T00:00:06.000000;2016-04-06T00:00:06.000000;8beaeadf-1de6-43f6-b4d2-3af67be385ba;423.75;0.03997169;UNKNOWN
2016-04-06T00:00:13.000000;2016-04-06T00:00:13.000000;a1e56d30-99d3-4e65-a505-e0e5d7f2e14a;423.75;0.04147507;UNKNOWN
2016-04-06T00:00:41.000000;2016-04-06T00:00:41.000000;60acee7f-bc65-4e4a-9091-5dc7ecc05f02;423.75;0.40844219;UNKNOWN
2016-04-06T00:01:24.000000;2016-04-06T00:01:24.000000;d645fe28-9cc1-45bd-ad51-0bf18de021f3;423.74;0.03493827;UNKNOWN
2016-04-06T00:01:37.000000;2016-04-06T00:01:37.000000;f134e7d1-0425-4257-814f-fa0981a75871;423.75;0.54155781;UNKNOWN
2016-04-06T00:02:13.000000;2016-04-06T00:02:13.000000;3af3fc8b-d9cb-4411-bea2-53ff1c087219;423.75;0.15662416;UNKNOWN
2016-04-06T00:02:23.000000;2016-04-06T00:02:23.000000;59a5eea5-c837-4990-90b6-d8f956cd71b7;423.75;0.04956325;UNKNOWN
2016-04-06T00:02:28.000000;2016-04-06T00:02:28.000000;fd540963-1ece-4587-9128-a8a4de655889;423.75;0.03406138;UNKNOWN
2016-04-06T00:03:37.000000;2016-04-06T00:03:37.000000;5d74890c-9e9d-4ba0-ba26-dfc60b9b98a1;423.75;0.0458973;UNKNOWN
2016-04-06T00:03:43.000000;2016-04-06T00:03:43.000000;892b5075-1999-48f1-a97c-acd645b0fa64;423.75;0.04557987;UNKNOWN
2016-04-06T00:03:57.000000;2016-04-06T00:03:57.000000;9154a923-e98b-4be1-8352-6abc73776ed4;423.75;0.04081198;UNKNOWN
2016-04-06T00:04:07.000000;2016-04-06T00:04:07.000000;a89f532d-fc50-4017-aa6f-49381fdbdc1b;423.93;2.3;UNKNOWN
2016-04-06T00:04:07.000000;2016-04-06T00:04:07.000000;7f396bd4-aa03-48f5-97e1-a77d94220477;423.76;0.05;UNKNOWN
2016-04-06T00:04:26.000000;2016-04-06T00:04:26.000000;64b75463-af32-437a-a6b5-95891bf63740;423.75;0.03434091;UNKNOWN
2016-04-06T00:04:33.000000;2016-04-06T00:04:33.000000;c2ad16ce-8f52-4551-b41c-6acf706e75bd;423.75;0.04503998;UNKNOWN
2016-04-06T00:04:38.000000;2016-04-06T00:04:38.000000;24a3685e-e6bb-4c07-84a5-d0f501f7e025;424.0;0.04073069;UNKNOWN
2016-04-06T00:05:46.000000;2016-04-06T00:05:46.000000;cc56a7be-b55f-4a95-a9cd-760767175008;424.0;0.0422851;UNKNOWN
2016-04-06T00:06:28.000000;2016-04-06T00:06:28.000000;10e18091-95cb-4abd-9b9a-f29d284848b4;424.0;0.03185615;UNKNOWN
2016-04-06T00:06:32.000000;2016-04-06T00:06:32.000000;8a727e1d-bc15-4dbf-80c2-c011a4cf174a;424.0;0.1;UNKNOWN
2016-04-06T00:06:33.000000;2016-04-06T00:06:33.000000;23a1f9e6-bd1b-45bf-9b13-0a9220aaac65;424.0;0.03612674;UNKNOWN
2016-04-06T00:06:38.000000;2016-04-06T00:06:38.000000;c124e1ce-8107-4c67-83b4-e7a4b99ac69a;424.0;0.06439628;UNKNOWN
2016-04-06T00:06:43.000000;2016-04-06T00:06:43.000000;191ebfef-60ce-4178-a913-46903a304fc3;424.0;0.19489781;UNKNOWN
2016-04-06T00:06:48.000000;2016-04-06T00:06:48.000000;2e1e364d-f1b1-403c-90b5-622174a89c35;424.0;0.08459739;UNKNOWN
2016-04-06T00:06:54.000000;2016-04-06T00:06:54.000000;397cce2c-c73f-41f8-8a94-375c7691b8a9;424.0;0.01254863;UNKNOWN
2016-04-06T00:06:59.000000;2016-04-06T00:06:59.000000;4c6df610-6036-437c-a4e0-778add62a721;424.0;0.04544562;UNKNOWN
2016-04-06T00:07:05.000000;2016-04-06T00:07:05.000000;ffac7637-6094-42c3-b009-547067c18107;424.0;0.03922657;UNKNOWN
2016-04-06T00:07:10.000000;2016-04-06T00:07:10.000000;778023a1-7c1d-4eaf-83b0-a3dd8b387f3d;424.0;0.08800607;UNKNOWN
2016-04-06T00:07:14.000000;2016-04-06T00:07:14.000000;ccb74c06-a720-4f86-8155-5a01b704473a;424.09;4.429;UNKNOWN
2016-04-06T00:07:16.000000;2016-04-06T00:07:16.000000;1bec144e-7ac3-4b8a-bbd9-9dcaea73d059;424.0;0.03566066;UNKNOWN
2016-04-06T00:07:21.000000;2016-04-06T00:07:21.000000;4ea848d3-2426-4bb3-8204-758b12c0d982;424.0;0.03029947;UNKNOWN
2016-04-06T00:07:26.000000;2016-04-06T00:07:26.000000;3493d8fb-3023-44e7-8db6-0c2492cf3fc6;424.0;0.02847186;UNKNOWN
2016-04-06T00:07:31.000000;2016-04-06T00:07:31.000000;786999f2-6d42-4c50-86df-07ec95c8ca23;424.0;0.07416486;UNKNOWN
2016-04-06T00:07:36.000000;2016-04-06T00:07:36.000000;97b00266-6f87-4acd-8e71-59f3a2027bea;424.0;0.1616782;UNKNOWN
2016-04-06T00:07:42.000000;2016-04-06T00:07:42.000000;995fb90b-0dc6-4ea3-a69d-f9ad1cfe7f93;424.0;0.03688795;UNKNOWN
2016-04-06T00:07:47.000000;2016-04-06T00:07:47.000000;956ccfa0-efa1-4068-870b-b428da93146c;424.0;0.06200216;UNKNOWN
2016-04-06T00:07:53.000000;2016-04-06T00:07:53.000000;854e3f02-c839-4e4a-a41d-c79a530a5af8;424.0;0.05258077;UNKNOWN
2016-04-06T00:07:58.000000;2016-04-06T00:07:58.000000;fd8e0955-53e6-4a0e-886a-763fa3fdeb56;424.0;0.03689359;UNKNOWN
2016-04-06T00:09:10.000000;2016-04-06T00:09:10.000000;dfbb0452-0987-4168-b4a1-ea70f5856125;424.0;2.36461;UNKNOWN
2016-04-06T00:09:34.000000;2016-04-06T00:09:34.000000;4f2f5bfc-d24c-450c-826d-8c65bc642c72;424.0;0.02672842;UNKNOWN
2016-04-06T00:09:40.000000;2016-04-06T00:09:40.000000;49ff4f81-a482-4fb4-9a7e-2e7822c271e8;424.0;0.14320258;UNKNOWN
2016-04-06T00:09:45.000000;2016-04-06T00:09:45.000000;a1fc4d49-393a-4f45-bef7-da6a75ca95c9;424.0;0.0249907;UNKNOWN
2016-04-06T00:09:50.000000;2016-04-06T00:09:50.000000;19575238-c17a-48df-99d1-bacc61af438f;424.0;0.06988159;UNKNOWN
2016-04-06T00:09:55.000000;2016-04-06T00:09:55.000000;9e178d6e-71d7-42e3-ae4a-3ca8377fec83;424.0;0.0368565;UNKNOWN
2016-04-06T00:10:01.000000;2016-04-06T00:10:01.000000;a90b94f1-1f91-4e40-a017-36cf83aade88;424.0;0.02920867;UNKNOWN
2016-04-06T00:10:06.000000;2016-04-06T00:10:06.000000;a7569049-6dd3-4fcc-9752-246a8789bd41;424.0;0.03044399;UNKNOWN
2016-04-06T00:10:12.000000;2016-04-06T00:10:12.000000;28beb63a-5e1f-4ad6-be35-10b92e71c175;424.0;0.07348346;UNKNOWN
2016-04-06T00:10:13.000000;2016-04-06T00:10:13.000000;ff230c53-7cd5-4c20-a1bf-646a3c3fe2eb;424.0;0.2363217;UNKNOWN
2016-04-06T00:10:17.000000;2016-04-06T00:10:17.000000;29c2c638-1a17-45f7-94ea-3c585ee72aeb;424.0;0.20712704;UNKNOWN
2016-04-06T00:10:23.000000;2016-04-06T00:10:23.000000;1b680e2b-c01e-4488-8528-1b04fafa247b;424.0;0.042319;UNKNOWN
2016-04-06T00:10:28.000000;2016-04-06T00:10:28.000000;d7a5e36c-85e4-44fd-b55e-e80dbb84a2dc;424.0;0.07717412;UNKNOWN
2016-04-06T00:10:34.000000;2016-04-06T00:10:34.000000;9a454e96-cae5-4560-9d6e-6e040494ac3e;424.0;0.03612545;UNKNOWN
2016-04-06T00:10:40.000000;2016-04-06T00:10:40.000000;8033a9dc-5af8-4424-81d5-ad164ced07fa;424.0;0.08379548;UNKNOWN
2016-04-06T00:10:47.000000;2016-04-06T00:10:47.000000;7f056f97-4d5f-451b-b466-aade56d71562;424.0;0.04614017;UNKNOWN
2016-04-06T00:10:52.000000;2016-04-06T00:10:52.000000;0689e9dd-cacc-4409-95a7-9ab9fc1bc62e;424.0;0.04060068;UNKNOWN
2016-04-06T00:10:57.000000;2016-04-06T00:10:57.000000;b38de4a8-7c71-4643-b44b-880844ef6b59;424.0;0.04070229;UNKNOWN
2016-04-06T00:11:07.000000;2016-04-06T00:11:07.000000;dc391d62-1ad8-450b-88ed-1b07ab62c14d;424.0;0.10974085;UNKNOWN
2016-04-06T00:11:07.000000;2016-04-06T00:11:07.000000;aaa8ea41-4b21-4683-9dbb-f47f1aab6a78;424.0;0.09153159;UNKNOWN
2016-04-06T00:11:11.000000;2016-04-06T00:11:11.000000;d0c30baa-b4bf-4ce5-91f6-1a7e96152b97;424.0;0.02437496;UNKNOWN
2016-04-06T00:11:16.000000;2016-04-06T00:11:16.000000;71a4ec76-f349-4f68-abfd-a05cfc07f34d;424.0;0.07732639;UNKNOWN
2016-04-06T00:11:19.000000;2016-04-06T00:11:19.000000;b03fefb6-aa10-408e-be3b-86ff65841746;424.0;0.05000411;UNKNOWN
2016-04-06T00:11:23.000000;2016-04-06T00:11:23.000000;f1f357af-736f-49f4-b11c-d36721068517;424.0;0.03657254;UNKNOWN
2016-04-06T00:11:27.000000;2016-04-06T00:11:27.000000;13a9ab4e-9274-4a39-8317-5aef413ab5ec;424.0;0.03236285;UNKNOWN
2016-04-06T00:11:31.000000;2016-04-06T00:11:31.000000;a673d018-1a23-4aab-9e18-31615a6ce7e7;424.0;0.0636785;UNKNOWN
2016-04-06T00:11:35.000000;2016-04-06T00:11:35.000000;ee99ea73-713b-4ac7-a241-18feccfbc76f;424.0;0.03184508;UNKNOWN
2016-04-06T00:11:39.000000;2016-04-06T00:11:39.000000;3ab278d3-6ee7-4628-b5b1-2ceec9d6afb0;424.0;0.07863872;UNKNOWN
2016-04-06T00:11:43.000000;2016-04-06T00:11:43.000000;fb07859f-e653-46ec-a414-5c308d67bc48;424.0;0.04013262;UNKNOWN
2016-04-06T00:11:47.000000;2016-04-06T00:11:47.000000;c81ea971-8a75-45aa-876b-2a56f4756704;424.0;0.04914592;UNKNOWN
2016-04-06T00:11:49.000000;2016-04-06T00:11:49.000000;c280ab13-82ed-460a-ac45-78693ba3b187;424.0;0.0197;UNKNOWN
2016-04-06T00:12:42.000000;2016-04-06T00:12:42.000000;3c3e5617-2fcc-42bf-a9f6-84ca3d7598b8;424.0;0.0692041;UNKNOWN
2016-04-06T00:12:46.000000;2016-04-06T00:12:46.000000;0db0023b-2cc8-4ae8-92b6-8b966cec052c;424.0;0.20502716;UNKNOWN
2016-04-06T00:12:51.000000;2016-04-06T00:12:51.000000;ac1caa46-31f5-4774-882e-7c0b37a70f74;424.0;0.0135407;UNKNOWN
2016-04-06T00:12:55.000000;2016-04-06T00:12:55.000000;03be4c40-357c-44c4-94b8-64da5d07ef2d;424.0;0.06786251;UNKNOWN
2016-04-06T00:12:59.000000;2016-04-06T00:12:59.000000;647b95de-1cb8-4d6d-9948-adfe92dfe48e;424.0;0.02066215;UNKNOWN
2016-04-06T00:13:04.000000;2016-04-06T00:13:04.000000;951184b0-9a0f-4795-a92e-746fb7a70216;424.0;0.01674351;UNKNOWN
2016-04-06T00:13:08.000000;2016-04-06T00:13:08.000000;dbfc2e79-f8d1-45d0-af83-07c64fa5b434;424.0;0.0575143;UNKNOWN
2016-04-06T00:13:13.000000;2016-04-06T00:13:13.000000;5f4b86f3-96c1-4d11-ab06-dd7a6c227a68;424.0;0.07047188;UNKNOWN
2016-04-06T00:13:17.000000;2016-04-06T00:13:17.000000;d1fd417e-81fa-4984-a2a4-cf942b13f21b;424.0;0.03631507;UNKNOWN
2016-04-06T00:13:20.000000;2016-04-06T00:13:20.000000;260c9d78-d2a3-4f3c-9584-79fee070dbff;424.0;0.04042754;UNKNOWN
2016-04-06T00:13:25.000000;2016-04-06T00:13:25.000000;c9f3f156-be6a-4fc3-83e8-87fc39da6507;424.0;0.13189215;UNKNOWN
2016-04-06T00:13:29.000000;2016-04-06T00:13:29.000000;0fe62085-25d1-42d8-8f71-c74de40e0607;424.0;0.03150076;UNKNOWN
2016-04-06T00:13:33.000000;2016-04-06T00:13:33.000000;c7eae15b-d430-41b9-9b18-8655e6a298a9;424.0;0.0582801;UNKNOWN
2016-04-06T00:13:38.000000;2016-04-06T00:13:38.000000;a005fe4f-c67f-4a31-a2fb-ae7230de5bc7;424.0;0.06822007;UNKNOWN
2016-04-06T00:13:42.000000;2016-04-06T00:13:42.000000;5db6b4ad-8e54-4e93-a801-f505549036cb;424.0;0.07338486;UNKNOWN
2016-04-06T00:13:46.000000;2016-04-06T00:13:46.000000;9ee08187-c19e-4061-b1e6-37cf4ef8877a;424.0;0.03663186;UNKNOWN
2016-04-06T00:13:52.000000;2016-04-06T00:13:52.000000;6cd3226c-5824-4117-9ebb-2828e761580d;424.0;0.02096531;UNKNOWN
2016-04-06T00:13:56.000000;2016-04-06T00:13:56.000000;4e9a99ca-8406-4da1-9844-5b6a6742aaea;424.0;0.04967846;UNKNOWN
2016-04-06T00:14:01.000000;2016-04-06T00:14:01.000000;9116df18-44f2-4ddb-a082-d8de51a5f802;424.0;0.0352251;UNKNOWN
2016-04-06T00:14:05.000000;2016-04-06T00:14:05.000000;7e92ea3a-b713-4f39-952b-5317ed00fccf;424.0;0.65579271;UNKNOWN
2016-04-06T00:14:05.000000;2016-04-06T00:14:05.000000;702044c7-a0e7-4ab3-8234-847c4c0d528d;424.0;0.08888383;UNKNOWN
2016-04-06T00:14:09.000000;2016-04-06T00:14:09.000000;1f709e71-d1a7-4f84-b5c2-3437a7dfbe91;424.0;0.14688047;UNKNOWN
2016-04-06T00:14:14.000000;2016-04-06T00:14:14.000000;bd1a5cbe-9c95-4bc9-98a5-caf236e1b335;424.0;0.02020156;UNKNOWN
2016-04-06T00:14:18.000000;2016-04-06T00:14:18.000000;4f96a2a7-5c00-4b22-8fce-c3444828af6f;424.0;0.01382943;UNKNOWN
2016-04-06T00:14:52.000000;2016-04-06T00:14:52.000000;cb15a3d4-1636-4c52-8df7-d697ad55a81d;424.04;0.2;UNKNOWN
2016-04-06T00:15:07.000000;2016-04-06T00:15:07.000000;7e90d48d-3129-4834-aa4e-b5802846b661;424.05;2.2157;UNKNOWN
2016-04-06T00:15:10.000000;2016-04-06T00:15:10.000000;aa13f975-db09-486a-bf20-2929a8220e6b;424.0;0.02805208;UNKNOWN
2016-04-06T00:15:11.000000;2016-04-06T00:15:11.000000;04568c23-a904-46b5-bcc9-bcd62342b663;424.0;0.26202072;UNKNOWN
2016-04-06T00:15:13.000000;2016-04-06T00:15:13.000000;a0a495a2-8629-4b9f-b983-55e7f7d55151;424.0;0.0361437;UNKNOWN
2016-04-06T00:15:18.000000;2016-04-06T00:15:18.000000;7e0f8b98-f41f-46f0-9ed0-a1ac6b3b773d;424.0;0.06165699;UNKNOWN
2016-04-06T00:15:22.000000;2016-04-06T00:15:22.000000;1cce52c8-6bd6-4292-804a-ea9dc9229b46;424.0;0.18447506;UNKNOWN
2016-04-06T00:15:27.000000;2016-04-06T00:15:27.000000;751600da-c031-4e79-b0cc-3da46a96fe6f;424.0;0.02814961;UNKNOWN
2016-04-06T00:15:32.000000;2016-04-06T00:15:32.000000;bcf8744c-9f6b-48e4-ba98-6c528f116662;424.0;0.08678765;UNKNOWN
2016-04-06T00:15:36.000000;2016-04-06T00:15:36.000000;8895973f-4f3c-4343-b20f-8239042b56d0;424.0;1.67005606;UNKNOWN
2016-04-06T00:15:37.000000;2016-04-06T00:15:37.000000;7321f29b-f602-47c2-a75d-68b6e45b80e8;423.75;0.03314781;UNKNOWN
2016-04-06T00:16:05.000000;2016-04-06T00:16:05.000000;370d45be-bfe3-48b0-9b56-72a9c605dd34;423.75;0.54762445;UNKNOWN
2016-04-06T00:16:05.000000;2016-04-06T00:16:05.000000;b45bf388-8c0e-4241-9a6d-5ce4c364f567;423.75;0.97337555;UNKNOWN
2016-04-06T00:16:21.000000;2016-04-06T00:16:21.000000;ff1209ca-4d60-4927-8ad1-6032eb558c51;423.79;0.23269095;UNKNOWN
2016-04-06T00:16:46.000000;2016-04-06T00:16:46.000000;9e77c42d-03e4-4fb4-ab05-37b9f16b78c1;423.79;0.04376622;UNKNOWN
2016-04-06T00:16:54.000000;2016-04-06T00:16:54.000000;5172a8e4-749e-4592-870b-87a55adf885f;423.79;0.04908981;UNKNOWN
2016-04-06T00:16:59.000000;2016-04-06T00:16:59.000000;9f16bcbb-df31-4eb0-83b8-5d57b3c10fce;423.79;0.03336478;UNKNOWN
2016-04-06T00:17:05.000000;2016-04-06T00:17:05.000000;0a06126d-2163-4e93-a912-28d043f0dd15;423.79;0.03270775;UNKNOWN
2016-04-06T00:17:10.000000;2016-04-06T00:17:10.000000;2b880c88-6bf2-423d-ac0d-d9044474ad64;423.79;1.10685282;UNKNOWN
2016-04-06T00:17:12.000000;2016-04-06T00:17:12.000000;b143bad5-7b81-4f63-bcc2-bb802082337e;423.79;0.04483482;UNKNOWN
2016-04-06T00:17:17.000000;2016-04-06T00:17:17.000000;e0a653d4-89d5-4555-be5a-254880710472;423.79;0.03575318;UNKNOWN
2016-04-06T00:17:22.000000;2016-04-06T00:17:22.000000;1155d6b1-bafb-43cc-9165-98ae61d1b461;423.79;0.04012845;UNKNOWN
2016-04-06T00:17:28.000000;2016-04-06T00:17:28.000000;127ba64e-a318-4772-bcb6-e1d7a52411a2;423.79;0.03840686;UNKNOWN
2016-04-06T00:17:31.000000;2016-04-06T00:17:31.000000;96849340-f7c9-480d-ae87-e156a7f878e4;423.86;7.9322;UNKNOWN
2016-04-06T00:17:31.000000;2016-04-06T00:17:31.000000;29f5a59d-5747-4f19-8c32-1f3123d98b85;424.18;3.30720963;UNKNOWN
2016-04-06T00:17:31.000000;2016-04-06T00:17:31.000000;968e6349-50f1-41bf-94e5-70d67a35eaa1;423.8;5.0;UNKNOWN
2016-04-06T00:17:31.000000;2016-04-06T00:17:31.000000;1ffe2d01-c2f5-46d6-af8e-2cef20969f73;423.84;5.8668;UNKNOWN
2016-04-06T00:17:31.000000;2016-04-06T00:17:31.000000;c78319d4-8ba8-43f2-8d4b-99c2c4e7e2a1;423.9;5.0;UNKNOWN
2016-04-06T00:17:31.000000;2016-04-06T00:17:31.000000;a8eccf33-9dd1-4ece-9946-56456154f713;424.18;2.89379037;UNKNOWN
2016-04-06T00:17:34.000000;2016-04-06T00:17:34.000000;30ad4e03-ce78-427a-8f61-8b9a47aac8ee;423.8;0.04715333;UNKNOWN
2016-04-06T00:17:40.000000;2016-04-06T00:17:40.000000;cf034b59-e45a-452e-a1fb-a141e505b92b;423.79;0.03223936;UNKNOWN
2016-04-06T00:17:46.000000;2016-04-06T00:17:46.000000;1135bf87-2dde-47ca-9b4f-5fa380d6e4c4;423.8;0.04550435;UNKNOWN
2016-04-06T00:17:52.000000;2016-04-06T00:17:52.000000;240cf93f-7c8e-4ceb-be54-aff2c7fad20b;423.8;0.04796876;UNKNOWN
2016-04-06T00:17:58.000000;2016-04-06T00:17:58.000000;444e010a-5965-4eed-b99f-de2099a87642;423.8;0.03041228;UNKNOWN
2016-04-06T00:18:04.000000;2016-04-06T00:18:04.000000;0d7edfb3-e11a-4fd8-bfbc-a90b4fe8a678;424.02;0.03575482;UNKNOWN
2016-04-06T00:18:11.000000;2016-04-06T00:18:11.000000;1b46e6c6-ecf2-4580-9bad-8614427cca40;424.02;0.04136637;UNKNOWN
2016-04-06T00:18:17.000000;2016-04-06T00:18:17.000000;fd070acd-885f-4fdf-827b-c9860c634611;424.02;0.04330969;UNKNOWN
2016-04-06T00:18:23.000000;2016-04-06T00:18:23.000000;605e293e-c0e5-4612-9407-afddfcbfde04;424.02;0.0604359;UNKNOWN
2016-04-06T00:18:30.000000;2016-04-06T00:18:30.000000;d7f9c982-22da-40c5-9e97-65ef8471d236;424.02;0.04348733;UNKNOWN
2016-04-06T00:18:36.000000;2016-04-06T00:18:36.000000;d86a0ab7-fd71-4ffa-81b5-b14a6eae138f;424.02;0.02721613;UNKNOWN
2016-04-06T00:18:40.000000;2016-04-06T00:18:40.000000;1c2b1ef7-e44b-45ad-b97a-0f85432f0729;424.32;5.201;UNKNOWN
2016-04-06T00:18:41.000000;2016-04-06T00:18:41.000000;d362d98c-e5cc-429b-973b-fccced7f95ca;424.02;0.06709562;UNKNOWN
2016-04-06T00:18:47.000000;2016-04-06T00:18:47.000000;36d6b1df-c22e-468b-8643-3a4c6f976af6;424.02;0.03162078;UNKNOWN
2016-04-06T00:18:54.000000;2016-04-06T00:18:54.000000;6071f2f2-b43f-4eeb-ae17-1efe30be111b;424.02;0.13702455;UNKNOWN
2016-04-06T00:19:00.000000;2016-04-06T00:19:00.000000;67cc396c-f43e-4b21-8a38-b6892891d652;424.02;0.05379876;UNKNOWN
2016-04-06T00:19:06.000000;2016-04-06T00:19:06.000000;527362a2-656d-4e49-a487-627d4c90bdc2;424.02;0.05615503;UNKNOWN
2016-04-06T00:19:12.000000;2016-04-06T00:19:12.000000;18bcb303-809b-4e97-b536-2a6d933653cd;424.02;0.04193872;UNKNOWN
2016-04-06T00:19:18.000000;2016-04-06T00:19:18.000000;feb8abc1-09db-4b97-9984-2d8218bd4ae9;424.02;0.02820746;UNKNOWN
2016-04-06T00:19:25.000000;2016-04-06T00:19:25.000000;d2e363b4-3f62-44f7-9bc4-a9c513e61182;424.02;0.07034243;UNKNOWN
2016-04-06T00:19:30.000000;2016-04-06T00:19:30.000000;045a8636-2f84-4c7d-b2bc-8136f6999a7d;424.02;0.03967621;UNKNOWN
2016-04-06T00:19:36.000000;2016-04-06T00:19:36.000000;3811db4e-d861-432d-a248-5f366bffcd9c;424.02;0.06025694;UNKNOWN
2016-04-06T00:19:42.000000;2016-04-06T00:19:42.000000;f3fd4b2e-3683-4f09-9a4d-41b3cc5bb3b2;424.02;0.03573485;UNKNOWN
2016-04-06T00:19:48.000000;2016-04-06T00:19:48.000000;3f0aabb6-58b6-4ad3-b553-bd583e0d3b8b;424.02;0.03008687;UNKNOWN
2016-04-06T00:19:54.000000;2016-04-06T00:19:54.000000;c11947dc-5f59-490a-b765-15975b16dfce;424.0;0.03613602;UNKNOWN
2016-04-06T00:20:00.000000;2016-04-06T00:20:00.000000;c01b868a-5f0e-4081-b17b-6f6ad4c00380;424.0;0.03304634;UNKNOWN
2016-04-06T00:20:06.000000;2016-04-06T00:20:06.000000;875c9584-2ff8-408c-a355-5eac585b963a;424.0;0.06800583;UNKNOWN
2016-04-06T00:20:13.000000;2016-04-06T00:20:13.000000;7ab1cb50-4b99-49fd-b9f2-ed0389bce428;424.0;0.01620523;UNKNOWN
2016-04-06T00:20:14.000000;2016-04-06T00:20:14.000000;4230fc6e-b3c9-40d5-804f-5f3fe58720cd;424.0;0.1899206;UNKNOWN
2016-04-06T00:20:20.000000;2016-04-06T00:20:20.000000;636ed6ab-d18c-436d-9f29-a05a124abb90;424.0;0.01313589;UNKNOWN
2016-04-06T00:20:26.000000;2016-04-06T00:20:26.000000;554d77bf-0f6c-48d2-ab9c-573754f3769d;424.0;0.04966871;UNKNOWN
2016-04-06T00:20:32.000000;2016-04-06T00:20:32.000000;f7ecb96a-695d-4369-ba55-298ec5934f15;424.0;0.02646234;UNKNOWN
2016-04-06T00:20:38.000000;2016-04-06T00:20:38.000000;17aceae7-9239-4646-86ea-63659559bc60;424.0;0.03263751;UNKNOWN
2016-04-06T00:20:44.000000;2016-04-06T00:20:44.000000;051dc8ef-653e-4bd1-8cf5-5664a72c6774;424.0;0.02623702;UNKNOWN
2016-04-06T00:20:49.000000;2016-04-06T00:20:49.000000;6bff7c55-39c6-4f57-bf3c-cb15241ab0a8;424.0;0.0636165;UNKNOWN
2016-04-06T00:20:55.000000;2016-04-06T00:20:55.000000;6f216441-1161-4886-b218-79c7cff04581;424.0;0.11818941;UNKNOWN
2016-04-06T00:21:01.000000;2016-04-06T00:21:01.000000;4edf6ede-4591-41ca-bb98-75488bf69e00;424.0;0.02968135;UNKNOWN
2016-04-06T00:21:07.000000;2016-04-06T00:21:07.000000;068f930f-5f4e-4454-a876-8ab3613a041f;424.0;0.07234086;UNKNOWN
2016-04-06T00:21:13.000000;2016-04-06T00:21:13.000000;4ca98adf-a4fb-4150-8133-fd79d9d6008a;424.0;0.0221245;UNKNOWN
2016-04-06T00:21:19.000000;2016-04-06T00:21:19.000000;835f2fba-a9bf-41cc-8ccf-b94f5d03e3ee;424.0;0.04835604;UNKNOWN
2016-04-06T00:21:25.000000;2016-04-06T00:21:25.000000;0bb6a557-6d12-4489-a3ea-d4296efdb188;424.0;0.02925349;UNKNOWN
2016-04-06T00:21:30.000000;2016-04-06T00:21:30.000000;d9fbabe3-ca79-4f79-90d6-c08c7edbaadd;424.0;0.03946641;UNKNOWN
2016-04-06T00:21:37.000000;2016-04-06T00:21:37.000000;14f8311e-fcf2-4c51-bac8-f4b8e5d65a13;424.01;0.07646402;UNKNOWN
2016-04-06T00:21:43.000000;2016-04-06T00:21:43.000000;4789b4fb-c307-46bb-832b-91f9a9a02e2a;424.01;0.05495784;UNKNOWN
2016-04-06T00:21:49.000000;2016-04-06T00:21:49.000000;a99c212b-fe33-4d49-8320-4993512f7885;424.01;0.01580582;UNKNOWN
2016-04-06T00:21:54.000000;2016-04-06T00:21:54.000000;05514342-9fce-4489-a4a4-a47e6b91cfed;424.01;0.20615625;UNKNOWN
2016-04-06T00:22:00.000000;2016-04-06T00:22:00.000000;269dab4f-1a83-47d7-9efd-a23fb9d8198b;424.01;0.02934698;UNKNOWN
2016-04-06T00:22:06.000000;2016-04-06T00:22:06.000000;7ae3e123-cd53-4575-af93-4753b44fb567;424.01;0.0331772;UNKNOWN
2016-04-06T00:22:12.000000;2016-04-06T00:22:12.000000;4444c477-fcd6-4f7f-97f1-7525232f64c4;424.01;0.03565253;UNKNOWN
2016-04-06T00:22:18.000000;2016-04-06T00:22:18.000000;ee4aec02-0337-4f07-8ac2-b1723e993137;424.01;0.0760384;UNKNOWN
2016-04-06T00:22:21.000000;2016-04-06T00:22:21.000000;0f49ea7c-44fe-45ff-bdac-dc807aab68d0;424.01;0.02764963;UNKNOWN
2016-04-06T00:22:24.000000;2016-04-06T00:22:24.000000;f965f819-11d9-47df-ae82-f921c30c1a20;424.01;0.05817778;UNKNOWN
2016-04-06T00:22:30.000000;2016-04-06T00:22:30.000000;515e5694-be03-44ee-bee2-8240c448b17e;424.01;0.02403858;UNKNOWN
2016-04-06T00:22:36.000000;2016-04-06T00:22:36.000000;79e744ae-424f-4074-ae34-1768e9c38d2f;424.01;0.03085682;UNKNOWN
2016-04-06T00:22:43.000000;2016-04-06T00:22:43.000000;c0ae8a71-c9a8-468e-ba9d-b1cd7d2312a2;424.01;0.20308868;UNKNOWN
2016-04-06T00:22:49.000000;2016-04-06T00:22:49.000000;a422b86d-d2e2-42a0-a30b-1d3f25e6922c;424.01;0.03203047;UNKNOWN
2016-04-06T00:22:54.000000;2016-04-06T00:22:54.000000;28966e8b-af05-4190-add5-65a2984a427b;424.01;0.03052956;UNKNOWN
2016-04-06T00:22:59.000000;2016-04-06T00:22:59.000000;4146b69e-eaab-493c-97f8-62466c756901;424.01;4.91742944;UNKNOWN
2016-04-06T00:22:59.000000;2016-04-06T00:22:59.000000;f9413d07-a912-4760-8b15-45a04f25bd9b;424.0;4.08257056;UNKNOWN
2016-04-06T00:23:00.000000;2016-04-06T00:23:00.000000;114377f1-8b09-40e3-82ec-dea61ebfaea1;423.8;0.02892402;UNKNOWN
2016-04-06T00:23:00.000000;2016-04-06T00:23:00.000000;5a19fa3f-1671-45e1-8e01-9278f11173fa;424.0;0.00294539;UNKNOWN
2016-04-06T00:23:06.000000;2016-04-06T00:23:06.000000;ff113f8d-6c65-4023-ae00-ec700cb61a57;423.82;0.07928316;UNKNOWN
2016-04-06T00:23:12.000000;2016-04-06T00:23:12.000000;c96dd4f8-bbdf-4090-a076-9ff8ed26c73c;423.82;0.08301867;UNKNOWN
2016-04-06T00:23:18.000000;2016-04-06T00:23:18.000000;ed804d05-137a-4f3c-a39f-772377f8a97b;423.82;0.0876454;UNKNOWN
2016-04-06T00:23:24.000000;2016-04-06T00:23:24.000000;3ddfb997-0f5b-4c13-9caf-988835e50f2f;423.82;0.1824036;UNKNOWN
2016-04-06T00:23:31.000000;2016-04-06T00:23:31.000000;def32162-3b04-463e-9f9f-f12aff7986bd;423.82;0.02298207;UNKNOWN
2016-04-06T00:23:37.000000;2016-04-06T00:23:37.000000;09cf90d2-bafa-45d4-80af-c48df2a0f6f8;423.82;0.08325786;UNKNOWN
2016-04-06T00:23:43.000000;2016-04-06T00:23:43.000000;e5957725-8711-4b22-ac87-018c1948186a;423.82;0.05011171;UNKNOWN
2016-04-06T00:23:48.000000;2016-04-06T00:23:48.000000;0907be25-3a85-4393-9106-21f67c7888ef;423.82;0.03048292;UNKNOWN
2016-04-06T00:23:54.000000;2016-04-06T00:23:54.000000;98b4f95e-dce4-43a8-90eb-cbf45cce7135;423.82;0.03902008;UNKNOWN
2016-04-06T00:24:00.000000;2016-04-06T00:24:00.000000;89dcdf35-e4b2-4c9a-b0fe-3f06184c329c;423.82;0.06908525;UNKNOWN
2016-04-06T00:24:05.000000;2016-04-06T00:24:05.000000;4f6dcfa4-bca3-49e9-9b13-9097c0a07cb7;423.8;0.03845284;UNKNOWN
2016-04-06T00:24:17.000000;2016-04-06T00:24:17.000000;0fdec8fd-2afc-4285-87dd-465b8c4335a8;423.8;0.0802576;UNKNOWN
2016-04-06T00:24:22.000000;2016-04-06T00:24:22.000000;64e0f9bd-487a-4169-891e-7d64e5cd46e7;423.8;0.11077982;UNKNOWN
2016-04-06T00:24:27.000000;2016-04-06T00:24:27.000000;cf3e332f-c792-4cd9-8b22-9f6a20d4f6c1;423.8;0.05740982;UNKNOWN
2016-04-06T00:24:31.000000;2016-04-06T00:24:31.000000;8986fdaa-2afa-42e6-8deb-fa3a31e571f2;423.8;0.0812072;UNKNOWN
2016-04-06T00:24:35.000000;2016-04-06T00:24:35.000000;c8a47ccd-bd6b-44b1-974b-e8e3e0fff02d;423.8;0.03688352;UNKNOWN
2016-04-06T00:24:40.000000;2016-04-06T00:24:40.000000;fde45664-0966-4030-a079-c1aafeb6c24b;423.8;0.03816501;UNKNOWN
2016-04-06T00:24:45.000000;2016-04-06T00:24:45.000000;d6cb90e2-c0d0-4f34-8a22-e7f0cfcd7b27;423.8;0.03949502;UNKNOWN
2016-04-06T00:24:49.000000;2016-04-06T00:24:49.000000;d381ae07-1af2-4c2e-81fe-5482cd0b1b99;423.8;0.06526584;UNKNOWN
2016-04-06T00:24:53.000000;2016-04-06T00:24:53.000000;ecfda805-8ca2-4025-8e38-1b3adf488f68;423.8;0.16676941;UNKNOWN
2016-04-06T00:24:57.000000;2016-04-06T00:24:57.000000;355f3336-8a1a-4352-bc1b-61ee2d26453c;423.8;0.05191126;UNKNOWN
2016-04-06T00:25:02.000000;2016-04-06T00:25:02.000000;936463d1-6897-4b99-ac73-aca823f3195b;423.8;0.03599145;UNKNOWN
2016-04-06T00:25:06.000000;2016-04-06T00:25:06.000000;d4d15b7f-cb29-426e-a37c-aee3e1ba89a4;423.8;0.03098396;UNKNOWN
2016-04-06T00:25:11.000000;2016-04-06T00:25:11.000000;b2647fd1-c6a9-4cbb-b68e-5a455c90f40c;423.8;0.03873614;UNKNOWN
2016-04-06T00:25:15.000000;2016-04-06T00:25:15.000000;da62ddaa-c1e9-434b-916e-1a6f26889409;423.8;0.02635909;UNKNOWN
2016-04-06T00:25:19.000000;2016-04-06T00:25:19.000000;da440faa-dc91-4bbb-9130-a9a632a68347;423.8;0.072408;UNKNOWN
2016-04-06T00:25:19.000000;2016-04-06T00:25:19.000000;ba181960-9832-498d-80b0-cf983c2e3215;423.79;0.00444019;UNKNOWN
2016-04-06T00:26:13.000000;2016-04-06T00:26:13.000000;e735a12f-8c0e-447c-9006-ca7bbec5d57e;423.79;0.1513101;UNKNOWN
2016-04-06T00:26:37.000000;2016-04-06T00:26:37.000000;7d110430-7180-48e4-ae7c-7e3b9b95b108;423.79;0.06224904;UNKNOWN
2016-04-06T00:26:43.000000;2016-04-06T00:26:43.000000;50c2359b-7ff7-4f08-8f6d-de255cb97087;423.79;0.03078571;UNKNOWN
2016-04-06T00:26:48.000000;2016-04-06T00:26:48.000000;ab367d02-85d3-4247-8889-7410c64693eb;423.79;0.04408638;UNKNOWN
2016-04-06T00:26:55.000000;2016-04-06T00:26:55.000000;903a18a3-f08a-4d0f-8253-dfd8a3aedaf0;423.8;0.06176303;UNKNOWN
2016-04-06T00:27:00.000000;2016-04-06T00:27:00.000000;88d22fb0-3e8c-49a2-b5c6-740ad800af7a;423.8;0.03788555;UNKNOWN
2016-04-06T00:27:10.000000;2016-04-06T00:27:10.000000;b0f06a75-7d33-4720-8337-00d3f3fbf43f;423.8;0.1986086;UNKNOWN
2016-04-06T00:28:30.000000;2016-04-06T00:28:30.000000;29e27fd0-6894-4ff6-90b9-9618be3341d9;423.8;0.06856563;UNKNOWN
2016-04-06T00:29:52.000000;2016-04-06T00:29:52.000000;65c8935a-e8b9-4ae5-b58a-e6fb98dc669a;423.8;0.03406286;UNKNOWN
2016-04-06T00:30:37.000000;2016-04-06T00:30:37.000000;5799f21d-6068-420d-b168-9ada8f9b30fe;423.8;0.06383697;UNKNOWN
2016-04-06T00:32:31.000000;2016-04-06T00:32:31.000000;ae254afb-231f-4898-9ac1-7c263dd7832e;423.8;1.09122264;UNKNOWN
2016-04-06T00:32:31.000000;2016-04-06T00:32:31.000000;f61b0831-de57-4f6e-9e2b-db07bd38da8d;423.8;0.5;UNKNOWN
2016-04-06T00:32:31.000000;2016-04-06T00:32:31.000000;0d56b033-c2f8-4ed8-80d3-c6f46296c7e5;423.8;0.03527736;UNKNOWN
2016-04-06T00:32:32.000000;2016-04-06T00:32:32.000000;c65da556-3437-4de4-9275-5ee8e3cf992c;423.8;1.249;UNKNOWN
2016-04-06T00:32:46.000000;2016-04-06T00:32:46.000000;bd392c2b-60dd-4e2f-8170-5b20b091ad62;423.8;0.5;UNKNOWN
2016-04-06T00:35:33.000000;2016-04-06T00:35:33.000000;8dbfdb2e-4ed1-4416-95a9-6af419b4c6cc;423.79;1.0;UNKNOWN
2016-04-06T00:38:17.000000;2016-04-06T00:38:17.000000;19e79727-1a4e-459b-8be6-7df817228592;423.79;0.5;UNKNOWN
2016-04-06T00:38:17.000000;2016-04-06T00:38:17.000000;45900b5d-ab39-4121-932b-cb66bf490d90;423.79;2.01729358;UNKNOWN
2016-04-06T00:42:20.000000;2016-04-06T00:42:20.000000;12543169-670f-4dc1-ac09-a4ec67763421;423.78;0.465435;UNKNOWN
2016-04-06T00:42:21.000000;2016-04-06T00:42:21.000000;cc9fba27-b240-42de-aabf-44503fa0b7b1;423.78;0.254474;UNKNOWN
2016-04-06T00:42:21.000000;2016-04-06T00:42:21.000000;95981d4c-0bb5-45c8-a253-d248fdb867f6;423.78;0.395971;UNKNOWN
2016-04-06T00:42:22.000000;2016-04-06T00:42:22.000000;84bdbd80-da0b-4914-addf-044bf2249aaa;423.78;0.339239;UNKNOWN
2016-04-06T00:47:10.000000;2016-04-06T00:47:10.000000;ed563828-a9df-47ed-9e6c-bc112e3d95df;423.74;0.44452321;UNKNOWN
2016-04-06T00:47:12.000000;2016-04-06T00:47:12.000000;781e97e2-72db-4c22-a64f-add4c2954e5e;423.74;0.44452321;UNKNOWN
2016-04-06T00:48:19.000000;2016-04-06T00:48:19.000000;4ac5d1b5-af9a-4b9b-89df-f8c4ab52c6f5;423.77;5.0;UNKNOWN
2016-04-06T00:50:17.000000;2016-04-06T00:50:17.000000;b8053f9b-2ba8-4a14-8487-ef6a736dba05;423.77;1.20431802;UNKNOWN
2016-04-06T00:50:17.000000;2016-04-06T00:50:17.000000;2904f12d-0f81-4295-ba53-910abe8fc7dc;423.76;0.295;UNKNOWN
2016-04-06T00:50:21.000000;2016-04-06T00:50:21.000000;b94c0eea-4b34-4e70-b8be-7ce83224c44a;423.74;0.11921576;UNKNOWN
2016-04-06T00:52:13.000000;2016-04-06T00:52:13.000000;940646cf-d08a-4bc8-9c42-9ea36f13f685;423.74;0.30386894;UNKNOWN
2016-04-06T00:54:06.000000;2016-04-06T00:54:06.000000;d82c12b0-4c60-4cf6-9053-3c8d8aaccf83;423.77;1.07257246;UNKNOWN
2016-04-06T00:59:10.000000;2016-04-06T00:59:10.000000;b389494d-0902-4003-b77e-c11c8312a675;423.75;0.09458444;UNKNOWN
2016-04-06T01:00:32.000000;2016-04-06T01:00:32.000000;e7a9fa3c-ab9c-4a4c-a638-87cb5ab0e78f;423.76;0.02;UNKNOWN
2016-04-06T01:01:06.000000;2016-04-06T01:01:06.000000;6efb5c5b-9025-42ff-a7b2-b62d9051165b;423.76;0.02;UNKNOWN
2016-04-06T01:01:06.000000;2016-04-06T01:01:06.000000;f519c0d6-5019-457f-b5e0-8f1385bc3681;423.76;0.14;UNKNOWN
2016-04-06T01:02:13.000000;2016-04-06T01:02:13.000000;3bd22a10-3135-42ca-be8a-7f3bc0f36bd6;423.77;0.23430909;UNKNOWN
2016-04-06T01:02:21.000000;2016-04-06T01:02:21.000000;cf58adbb-f760-49b4-9bbc-101f00d96f12;423.77;0.04651;UNKNOWN
2016-04-06T01:03:50.000000;2016-04-06T01:03:50.000000;b96b9cbd-193e-48d1-aada-4d7f11700fc4;423.77;0.04728998;UNKNOWN
2016-04-06T01:04:55.000000;2016-04-06T01:04:55.000000;9afb4da8-d9ee-4356-9c28-d11ecdfd0d38;423.79;0.311;UNKNOWN
2016-04-06T01:06:44.000000;2016-04-06T01:06:44.000000;3b295b6e-3664-4d66-9a69-cb181ff5c6fb;423.77;0.03467703;UNKNOWN
2016-04-06T01:06:45.000000;2016-04-06T01:06:45.000000;0b38aa1e-32ab-4b62-b63a-8536b65ef306;423.77;0.47917795;UNKNOWN
2016-04-06T01:06:49.000000;2016-04-06T01:06:49.000000;b1649edb-4852-42ed-8390-34eaa09620e3;423.77;0.05647418;UNKNOWN
2016-04-06T01:08:00.000000;2016-04-06T01:08:00.000000;49803ca2-1b14-4064-94de-0616affe6983;423.77;0.01783657;UNKNOWN
2016-04-06T01:08:06.000000;2016-04-06T01:08:06.000000;04fd7fa7-1c52-4e34-8579-8dd9ef39cf36;423.77;0.15894654;UNKNOWN
2016-04-06T01:08:12.000000;2016-04-06T01:08:12.000000;67bdd946-6656-4c77-9cb9-341852454aaa;423.77;0.08117;UNKNOWN
2016-04-06T01:08:19.000000;2016-04-06T01:08:19.000000;dc46fd20-cae8-482a-b636-667377beae6d;423.77;0.06513633;UNKNOWN
2016-04-06T01:08:25.000000;2016-04-06T01:08:25.000000;3359f81a-a903-49de-b492-7e815c6fd443;423.77;0.05584602;UNKNOWN
2016-04-06T01:08:32.000000;2016-04-06T01:08:32.000000;afa56fe5-8796-414d-a8bc-41c468327d34;423.77;0.07486347;UNKNOWN
2016-04-06T01:08:38.000000;2016-04-06T01:08:38.000000;d4778df4-30f8-4ef4-947f-1e062374f733;423.77;0.12473959;UNKNOWN
2016-04-06T01:08:44.000000;2016-04-06T01:08:44.000000;1d26fd0a-6dd2-4dfb-98cc-ea0ff567d5fa;423.77;0.07296204;UNKNOWN
2016-04-06T01:08:50.000000;2016-04-06T01:08:50.000000;d1bfa73a-8709-4f95-9e53-68c209d61748;423.77;0.07012044;UNKNOWN
2016-04-06T01:08:56.000000;2016-04-06T01:08:56.000000;c051cdee-1268-4100-8c00-f9c7c22743a3;423.77;0.06309905;UNKNOWN
2016-04-06T01:09:02.000000;2016-04-06T01:09:02.000000;7eef8cc7-532b-4681-bee5-38fff0673ebc;423.77;0.04838717;UNKNOWN
2016-04-06T01:09:08.000000;2016-04-06T01:09:08.000000;b3591395-ca7b-4d54-894a-69d496f94763;423.77;0.17359976;UNKNOWN
2016-04-06T01:09:10.000000;2016-04-06T01:09:10.000000;a466e100-89f9-4855-ac4e-aaf40829335f;423.77;0.12991074;UNKNOWN
2016-04-06T01:09:11.000000;2016-04-06T01:09:11.000000;dd46f7dd-d91b-4750-82ec-24939288d540;423.77;0.077307;UNKNOWN
2016-04-06T01:09:41.000000;2016-04-06T01:09:41.000000;c36e9f79-66ae-471a-b8af-20894e406dda;423.77;0.24590793;UNKNOWN
2016-04-06T01:09:53.000000;2016-04-06T01:09:53.000000;e3ac2074-14fa-4b5a-b2d9-95d6ab42ff2e;423.77;0.05911248;UNKNOWN
2016-04-06T01:10:01.000000;2016-04-06T01:10:01.000000;36006cc9-2d63-41bd-80ae-a01431507d3c;423.77;0.07804509;UNKNOWN
2016-04-06T01:10:07.000000;2016-04-06T01:10:07.000000;642524ad-5fd1-4fb5-8f28-6cc18288a1c2;423.77;0.045005;UNKNOWN
2016-04-06T01:10:14.000000;2016-04-06T01:10:14.000000;2f718089-8ae8-4f96-9b75-c04a4061242f;423.77;0.08073171;UNKNOWN
2016-04-06T01:10:20.000000;2016-04-06T01:10:20.000000;c9708c2b-4fde-4a5d-a0a6-7edd8d97626b;423.77;0.04035973;UNKNOWN
2016-04-06T01:10:26.000000;2016-04-06T01:10:26.000000;58b4b10e-65e6-4eec-9f9f-695d48840bb8;423.77;0.15782323;UNKNOWN
2016-04-06T01:10:32.000000;2016-04-06T01:10:32.000000;856b197c-3e84-458d-88f7-7a6efbd0495d;423.77;0.01692046;UNKNOWN
2016-04-06T01:10:38.000000;2016-04-06T01:10:38.000000;a035c2fd-4925-4e99-8155-f63d932708e5;423.77;0.0652072;UNKNOWN
2016-04-06T01:10:44.000000;2016-04-06T01:10:44.000000;adec459f-5b4a-4112-be61-9f78f82537fb;423.77;0.08858254;UNKNOWN
2016-04-06T01:10:50.000000;2016-04-06T01:10:50.000000;c111d410-a97c-44d8-8de1-b6e02e16b6d0;423.77;0.04851505;UNKNOWN
2016-04-06T01:10:57.000000;2016-04-06T01:10:57.000000;eafe3861-8b58-4144-b317-cdb5d536eaab;423.77;0.12776864;UNKNOWN
2016-04-06T01:11:05.000000;2016-04-06T01:11:05.000000;7635b0a2-d365-45e6-9384-3df082cd22d3;423.77;0.04243314;UNKNOWN
2016-04-06T01:11:11.000000;2016-04-06T01:11:11.000000;ee880c0d-8b0c-4bf9-b723-ea5dd4f34a04;423.77;0.08486294;UNKNOWN
2016-04-06T01:11:18.000000;2016-04-06T01:11:18.000000;5bbd51f2-76f4-4d4c-bf38-715fa3226721;423.77;0.13290735;UNKNOWN
2016-04-06T01:11:24.000000;2016-04-06T01:11:24.000000;f713c91b-6810-4dd8-877d-816a2fd36dc7;423.77;0.07312065;UNKNOWN
2016-04-06T01:11:30.000000;2016-04-06T01:11:30.000000;8492a8a6-9b30-4170-abc9-f2bf2bbb71cf;423.77;0.07247719;UNKNOWN
2016-04-06T01:11:37.000000;2016-04-06T01:11:37.000000;b569cb2b-cac4-4497-b0d6-c37f0f833593;423.78;0.03710946;UNKNOWN
2016-04-06T01:11:44.000000;2016-04-06T01:11:44.000000;9c334586-9172-4854-9ade-f302d2bb731c;423.78;0.08164603;UNKNOWN
2016-04-06T01:11:50.000000;2016-04-06T01:11:50.000000;f9bce18a-d9e7-423b-b73f-d33a57ab56c1;423.78;0.19636942;UNKNOWN
2016-04-06T01:11:56.000000;2016-04-06T01:11:56.000000;7d527721-54a1-460c-a0b5-117cbaf1a665;423.78;0.03122534;UNKNOWN
2016-04-06T01:12:02.000000;2016-04-06T01:12:02.000000;7e5d1d14-f901-4fe4-90f9-d2697dff4c77;423.78;0.0279243;UNKNOWN
2016-04-06T01:12:07.000000;2016-04-06T01:12:07.000000;0deecf33-a9c0-4984-9d56-12f2ce4c88e0;423.78;0.00093177;UNKNOWN
2016-04-06T01:12:07.000000;2016-04-06T01:12:07.000000;9e919714-0507-47e6-b298-0d090fc704c6;423.78;0.12572545;UNKNOWN
2016-04-06T01:12:14.000000;2016-04-06T01:12:14.000000;98e797ae-7db6-4964-bad7-3ee149167470;423.78;0.07339068;UNKNOWN
2016-04-06T01:12:20.000000;2016-04-06T01:12:20.000000;cae6473a-c914-4735-8baa-d69a2e39b503;423.78;0.0189042;UNKNOWN
2016-04-06T01:13:25.000000;2016-04-06T01:13:25.000000;cfe82969-6753-4631-9252-d4a975420843;423.78;0.05251466;UNKNOWN
2016-04-06T01:13:32.000000;2016-04-06T01:13:32.000000;31d6c2a1-efb1-4f56-bc83-fc57fcc339ec;423.78;0.07464361;UNKNOWN
2016-04-06T01:13:39.000000;2016-04-06T01:13:39.000000;a3f15b4f-3ef6-4eeb-8e31-a5ca27f019e8;423.78;0.14104994;UNKNOWN
2016-04-06T01:13:44.000000;2016-04-06T01:13:44.000000;ca9ce2fc-bf54-4f24-ba25-618b5b89aa43;423.78;0.07398765;UNKNOWN
2016-04-06T01:13:49.000000;2016-04-06T01:13:49.000000;4b040aed-0e05-4c93-bc3d-5ee6b19b8772;423.78;0.06180199;UNKNOWN
2016-04-06T01:13:55.000000;2016-04-06T01:13:55.000000;0fa11696-d316-4634-94d9-3d2dc2b5c7f0;423.78;0.0027755;UNKNOWN
2016-04-06T01:13:55.000000;2016-04-06T01:13:55.000000;5053c037-a186-4758-a32b-cb03fd28a27a;423.78;0.16351259;UNKNOWN
2016-04-06T01:14:00.000000;2016-04-06T01:14:00.000000;81c60170-1a45-43f4-b41e-e5c326e2dfb4;423.78;0.06431156;UNKNOWN
2016-04-06T01:14:06.000000;2016-04-06T01:14:06.000000;97ddb1d0-35e4-4e70-ab6a-2df6da62e135;423.78;0.07828556;UNKNOWN
2016-04-06T01:14:11.000000;2016-04-06T01:14:11.000000;fbd3e117-34cd-41cc-9f04-76491a40e724;423.78;0.03891256;UNKNOWN
2016-04-06T01:14:17.000000;2016-04-06T01:14:17.000000;e781c0e2-2987-4b5d-82d7-88c402f09619;423.78;0.0547091;UNKNOWN
2016-04-06T01:14:21.000000;2016-04-06T01:14:21.000000;ef2052f8-50f4-4c4d-b3f7-800aaa090878;423.78;0.25907776;UNKNOWN
2016-04-06T01:14:21.000000;2016-04-06T01:14:21.000000;e0ad1e94-c39d-42d5-a890-8d206e8e3d25;423.78;0.10026863;UNKNOWN
2016-04-06T01:14:23.000000;2016-04-06T01:14:23.000000;1131ffc0-f2d2-424d-ac26-e9b9ec587198;423.78;0.20724521;UNKNOWN
2016-04-06T01:14:28.000000;2016-04-06T01:14:28.000000;bd5c6426-f5d3-4d33-8ecd-c13d4119e112;423.78;0.03367703;UNKNOWN
2016-04-06T01:14:28.000000;2016-04-06T01:14:28.000000;0d89a3aa-d6e8-4d77-8466-663d74ac207b;423.77;0.00795022;UNKNOWN
2016-04-06T01:14:34.000000;2016-04-06T01:14:34.000000;35391832-6277-4337-acd5-5067fb340cae;423.77;0.01528553;UNKNOWN
2016-04-06T01:14:40.000000;2016-04-06T01:14:40.000000;8d43c693-6ad7-490b-9c29-41877aae5c8d;423.77;0.15604959;UNKNOWN
2016-04-06T01:14:45.000000;2016-04-06T01:14:45.000000;dc545111-64fe-46d1-9586-2f23279379b4;423.77;0.03505009;UNKNOWN
2016-04-06T01:14:51.000000;2016-04-06T01:14:51.000000;213c69f9-54ef-4300-ab4f-df938ac7fa3e;423.77;0.05597905;UNKNOWN
2016-04-06T01:14:56.000000;2016-04-06T01:14:56.000000;fc023e34-c784-4df0-81cc-854cb187950a;423.77;0.12312027;UNKNOWN
2016-04-06T01:15:03.000000;2016-04-06T01:15:03.000000;7de7834a-3d1f-4850-94a2-21c3a0932273;423.77;0.0229027;UNKNOWN
2016-04-06T01:15:09.000000;2016-04-06T01:15:09.000000;01ab7344-b368-42f5-88d0-2641a157532f;423.77;0.05518827;UNKNOWN
2016-04-06T01:15:14.000000;2016-04-06T01:15:14.000000;be2ed846-c687-4a58-9d1b-44f9e1041e15;423.77;0.04500613;UNKNOWN
2016-04-06T01:15:20.000000;2016-04-06T01:15:20.000000;e98c5a01-abfd-479b-94f7-3f71fd2b2e82;423.77;0.01263392;UNKNOWN
2016-04-06T01:15:27.000000;2016-04-06T01:15:27.000000;1d803e20-ba1f-4684-851c-8d01cfd4ee8a;423.77;0.16102228;UNKNOWN
2016-04-06T01:15:33.000000;2016-04-06T01:15:33.000000;cda82945-a9c2-4ce1-8865-ec5386f5148d;423.77;0.05798526;UNKNOWN
2016-04-06T01:15:38.000000;2016-04-06T01:15:38.000000;12a0a3ac-9f55-492c-9bc2-e01446a22efd;423.77;0.02552435;UNKNOWN
2016-04-06T01:15:45.000000;2016-04-06T01:15:45.000000;aa9f95a3-2699-40f6-8b83-6fbe4ef91e45;423.77;0.03364969;UNKNOWN
2016-04-06T01:16:44.000000;2016-04-06T01:16:44.000000;3c1aac22-816f-4377-8e17-77fc1f5bb7ff;423.77;0.06623309;UNKNOWN
2016-04-06T01:16:49.000000;2016-04-06T01:16:49.000000;3ab59a73-0f69-42aa-9689-460c38c92d58;423.77;0.04918224;UNKNOWN
2016-04-06T01:17:42.000000;2016-04-06T01:17:42.000000;f78e9d12-bd95-4fd0-8cb7-4cd92298ae61;423.77;0.01580856;UNKNOWN
2016-04-06T01:17:48.000000;2016-04-06T01:17:48.000000;e1e79610-2dbf-4bdd-a3f6-6bc6616b46cf;423.77;0.15290455;UNKNOWN
2016-04-06T01:17:54.000000;2016-04-06T01:17:54.000000;38ff28aa-8981-4ec0-91d6-624d33692f53;423.77;0.01754172;UNKNOWN
2016-04-06T01:18:00.000000;2016-04-06T01:18:00.000000;4df1f300-1f14-41d2-9ec8-7722e11f9c85;423.77;0.07755132;UNKNOWN
2016-04-06T01:18:05.000000;2016-04-06T01:18:05.000000;fc3d73a5-c45d-404f-bade-e44cb81109d4;423.79;0.47370914;UNKNOWN
2016-04-06T01:18:06.000000;2016-04-06T01:18:06.000000;d4a86ddc-7f95-48b5-83bb-cdc0faae5c22;423.77;0.01318562;UNKNOWN
2016-04-06T01:18:13.000000;2016-04-06T01:18:13.000000;1a4f56f4-394c-43ba-80f7-49590026597f;423.77;0.05221216;UNKNOWN
2016-04-06T01:18:18.000000;2016-04-06T01:18:18.000000;cd047563-9c01-497e-a533-3d1738633818;423.77;0.0886282;UNKNOWN
2016-04-06T01:18:24.000000;2016-04-06T01:18:24.000000;64b68743-cb04-4327-a48f-06aa81b95293;423.77;0.08137818;UNKNOWN
2016-04-06T01:18:31.000000;2016-04-06T01:18:31.000000;1e3d4f9b-af2a-4031-8319-687fc3ab8d01;423.77;0.00588373;UNKNOWN
2016-04-06T01:18:31.000000;2016-04-06T01:18:31.000000;9438ea09-8d52-4719-8345-519f7e65900d;423.74;0.16533452;UNKNOWN
2016-04-06T01:18:37.000000;2016-04-06T01:18:37.000000;933916d5-acdf-4781-8a27-c668839b16f7;423.74;0.01470413;UNKNOWN
2016-04-06T01:18:43.000000;2016-04-06T01:18:43.000000;dacc99dc-2bfc-4957-af18-2ed841d1a570;423.74;0.07587175;UNKNOWN
2016-04-06T01:18:49.000000;2016-04-06T01:18:49.000000;f3d47270-d452-4b85-84b1-fdae78357489;423.74;0.02216722;UNKNOWN
2016-04-06T01:18:56.000000;2016-04-06T01:18:56.000000;d9ede89a-4d9d-46d4-b283-7252e8ca47d2;423.74;0.06567899;UNKNOWN
2016-04-06T01:19:01.000000;2016-04-06T01:19:01.000000;27336a5b-76e0-4481-8c45-1ddff5e5fce8;423.74;0.15998136;UNKNOWN
2016-04-06T01:19:07.000000;2016-04-06T01:19:07.000000;eee32e69-fb08-4ebb-9151-58ef1aaa2d07;423.74;0.08290095;UNKNOWN
2016-04-06T01:19:10.000000;2016-04-06T01:19:10.000000;2cf2b85f-1ebd-4460-9ae8-d1082fa2f3be;423.74;0.04728998;UNKNOWN
2016-04-06T01:19:13.000000;2016-04-06T01:19:13.000000;0253273f-a806-4385-90c7-b16cadcfb413;423.74;0.05484478;UNKNOWN
2016-04-06T01:19:19.000000;2016-04-06T01:19:19.000000;7e0c5704-3839-400b-b3e7-f7e53ae28a23;423.74;0.13079846;UNKNOWN
2016-04-06T01:19:25.000000;2016-04-06T01:19:25.000000;d556b5a4-10bc-4cad-8411-2032c6b748e2;423.74;0.11835;UNKNOWN
2016-04-06T01:19:25.000000;2016-04-06T01:19:25.000000;389f04cd-dbbd-4b28-bb91-e61253d1997b;423.74;0.06117716;UNKNOWN
2016-04-06T01:19:31.000000;2016-04-06T01:19:31.000000;b4236510-37ca-4d18-a2af-eed61fed0049;423.74;0.06810157;UNKNOWN
2016-04-06T01:19:36.000000;2016-04-06T01:19:36.000000;389602f3-b7f7-4211-9d00-d475a7b9540b;423.74;0.04927218;UNKNOWN
2016-04-06T01:19:43.000000;2016-04-06T01:19:43.000000;025cab7c-3580-4bc5-89f7-b159168796a7;423.74;0.03604089;UNKNOWN
2016-04-06T01:19:48.000000;2016-04-06T01:19:48.000000;7025bee1-264a-45e1-9d41-6dfa8b234cb3;423.74;0.17059653;UNKNOWN
2016-04-06T01:19:53.000000;2016-04-06T01:19:53.000000;f78c73f9-37c9-4eb6-9060-7d29b0335c90;423.74;0.04001698;UNKNOWN
2016-04-06T01:19:59.000000;2016-04-06T01:19:59.000000;c2e0a67c-ca53-443f-bfdb-8ddd6e063ea1;423.74;0.08481577;UNKNOWN
2016-04-06T01:20:05.000000;2016-04-06T01:20:05.000000;c3282199-86a4-4faf-b714-dd7f792dbe86;423.74;0.04704673;UNKNOWN
2016-04-06T01:20:11.000000;2016-04-06T01:20:11.000000;217e8b1e-b723-4ad8-a9d5-7b615206a30f;423.74;0.04688936;UNKNOWN
2016-04-06T01:20:17.000000;2016-04-06T01:20:17.000000;dc5c894c-b1fb-4a33-bd8e-7095a957f069;423.74;0.13158348;UNKNOWN
2016-04-06T01:20:22.000000;2016-04-06T01:20:22.000000;bf4384f8-a79e-4e8c-934f-867aeb624be9;423.74;0.0899018;UNKNOWN
2016-04-06T01:20:28.000000;2016-04-06T01:20:28.000000;cafaf62e-74e4-450e-9372-23a2991f5bbe;423.74;0.01172643;UNKNOWN
2016-04-06T01:20:34.000000;2016-04-06T01:20:34.000000;45a6ec58-ab82-46ad-8c03-f495b8856ecb;423.74;0.08483422;UNKNOWN
2016-04-06T01:20:39.000000;2016-04-06T01:20:39.000000;9f9b2f8b-df76-4be3-aae3-f29cd4dacffa;423.74;0.02219459;UNKNOWN
2016-04-06T01:20:44.000000;2016-04-06T01:20:44.000000;f10b90d3-a851-48ee-8b65-d29174c1e95c;423.74;0.14165083;UNKNOWN
2016-04-06T01:20:51.000000;2016-04-06T01:20:51.000000;49ca28a6-366f-4ea6-b0c7-68bc963adb1a;423.74;0.1745433;UNKNOWN
2016-04-06T01:20:51.000000;2016-04-06T01:20:51.000000;82d2b21d-d251-4439-aa48-cb4a4ce7db58;423.53;0.10441568;UNKNOWN
2016-04-06T01:20:56.000000;2016-04-06T01:20:56.000000;9fbe3da1-0aa0-4ac3-87ba-ef9d3792be0e;423.53;0.02021875;UNKNOWN
2016-04-06T01:21:03.000000;2016-04-06T01:21:03.000000;79c47310-6e36-4715-b7e7-c5fd60c4c9aa;423.53;0.02470087;UNKNOWN
2016-04-06T01:21:11.000000;2016-04-06T01:21:11.000000;481d48d5-b38d-4194-84ba-b6ec1159cf63;423.53;0.06614256;UNKNOWN
2016-04-06T01:21:11.000000;2016-04-06T01:21:11.000000;0affcea6-10ce-4067-9963-cce40259ee92;423.53;5.6994647;UNKNOWN
2016-04-06T01:21:11.000000;2016-04-06T01:21:11.000000;724d0fe0-f9e8-475e-b89c-002f972d16f2;423.53;0.2505353;UNKNOWN
2016-04-06T01:21:14.000000;2016-04-06T01:21:14.000000;cba7d3dc-f120-4bb1-a8fa-5d20d38c1559;423.53;0.04600649;UNKNOWN
2016-04-06T01:21:19.000000;2016-04-06T01:21:19.000000;bc482814-2f08-4ff1-9fb8-1e255194c486;423.52;0.06547948;UNKNOWN
2016-04-06T01:21:25.000000;2016-04-06T01:21:25.000000;7eed607a-f589-4991-bb90-248f8de7dae9;423.53;0.18550795;UNKNOWN
2016-04-06T01:21:30.000000;2016-04-06T01:21:30.000000;8b960b1f-18c9-40b7-975c-2be699b00e16;423.52;0.05017088;UNKNOWN
2016-04-06T01:21:37.000000;2016-04-06T01:21:37.000000;7cef1f4e-8cf0-4554-a61c-41b138a545fe;423.52;0.03549992;UNKNOWN
2016-04-06T01:21:42.000000;2016-04-06T01:21:42.000000;3ca1598e-7424-454e-b0bf-282a24d1e9f7;423.52;0.03324044;UNKNOWN
2016-04-06T01:21:48.000000;2016-04-06T01:21:48.000000;31cb39ef-cebb-4d7c-a382-99625c81cf44;423.52;0.0494948;UNKNOWN
2016-04-06T01:21:54.000000;2016-04-06T01:21:54.000000;8d0001bb-a74b-4f13-ae49-24e90289b576;423.52;0.20932755;UNKNOWN
2016-04-06T01:22:01.000000;2016-04-06T01:22:01.000000;b146beb2-d426-4bca-af6e-c99550076a83;423.52;0.05411872;UNKNOWN
2016-04-06T01:22:06.000000;2016-04-06T01:22:06.000000;767f4d7a-e570-4601-b0eb-7d67ac16d580;423.52;0.04703018;UNKNOWN
2016-04-06T01:22:13.000000;2016-04-06T01:22:13.000000;e981b747-2e99-443f-9942-02bd73887173;423.52;0.19017594;UNKNOWN
2016-04-06T01:22:18.000000;2016-04-06T01:22:18.000000;16f951c9-81ec-4ba9-b816-e6cc78558a36;423.52;0.04404965;UNKNOWN
2016-04-06T01:22:24.000000;2016-04-06T01:22:24.000000;95164373-ce08-4c4a-85e1-31c5c10914b6;423.52;0.08205907;UNKNOWN
2016-04-06T01:22:29.000000;2016-04-06T01:22:29.000000;97cc44bb-958e-43fc-a1d4-675ee38cc9f1;423.53;0.08370314;UNKNOWN
2016-04-06T01:22:35.000000;2016-04-06T01:22:35.000000;be0fe659-77dd-4ab5-a451-da6f8712bd67;423.52;0.05780028;UNKNOWN
2016-04-06T01:22:40.000000;2016-04-06T01:22:40.000000;39afd201-7215-4d17-a587-65148a85768f;423.52;0.07883294;UNKNOWN
2016-04-06T01:22:46.000000;2016-04-06T01:22:46.000000;806cfdf2-ba00-4552-8265-5d8ee522ca4e;423.52;0.20238293;UNKNOWN
2016-04-06T01:22:52.000000;2016-04-06T01:22:52.000000;fc52cb52-ab3a-4d38-a61a-bb07aa85e79b;423.53;0.06163608;UNKNOWN
2016-04-06T01:22:58.000000;2016-04-06T01:22:58.000000;77b176f0-af7c-48c0-8390-27056eef8a9e;423.52;0.05804689;UNKNOWN
2016-04-06T01:23:04.000000;2016-04-06T01:23:04.000000;1ae3b697-a5df-408d-adbb-c60be44b0b76;423.52;0.02377358;UNKNOWN
2016-04-06T01:23:06.000000;2016-04-06T01:23:06.000000;19cad9f8-7501-4b2b-a4a8-be1b2c07a363;423.53;1.56190445;UNKNOWN
2016-04-06T01:23:10.000000;2016-04-06T01:23:10.000000;bdc2a0b4-b1b9-416b-b44b-c72b1bacc768;423.54;0.07058577;UNKNOWN
2016-04-06T01:23:16.000000;2016-04-06T01:23:16.000000;f5b5be9b-ab80-4d66-a014-db70583693f3;423.52;0.11061562;UNKNOWN
2016-04-06T01:23:23.000000;2016-04-06T01:23:23.000000;d27bcafb-ba81-4bb6-b791-fcf0e4507e83;423.52;0.08062975;UNKNOWN
2016-04-06T01:23:29.000000;2016-04-06T01:23:29.000000;f1d31ee3-8e5f-42c6-a466-96faa7de8f39;423.52;0.08743113;UNKNOWN
2016-04-06T01:23:35.000000;2016-04-06T01:23:35.000000;b8be8ab0-6680-40ef-87de-2383f285cdbb;423.56;0.03089099;UNKNOWN
2016-04-06T01:23:39.000000;2016-04-06T01:23:39.000000;04becde3-cec7-4440-8597-f2c54e1eeb29;423.77;0.11842717;UNKNOWN
2016-04-06T01:23:41.000000;2016-04-06T01:23:41.000000;f50f8d04-342e-4813-8b1d-dc717e1f305c;423.63;0.1282912;UNKNOWN
2016-04-06T01:23:46.000000;2016-04-06T01:23:46.000000;a16e81dd-d6f3-4a64-9397-18d3cf867db9;423.64;0.06355713;UNKNOWN
2016-04-06T01:24:06.000000;2016-04-06T01:24:06.000000;2094c46a-3da8-4768-be39-e4004301833f;423.64;0.05402777;UNKNOWN
2016-04-06T01:24:19.000000;2016-04-06T01:24:19.000000;a1b885e0-285e-49cb-ac02-54dd897e4fe1;423.64;0.05902255;UNKNOWN
2016-04-06T01:24:25.000000;2016-04-06T01:24:25.000000;0d84307c-b129-418a-932b-b765e3f4aff4;423.64;0.01921135;UNKNOWN
2016-04-06T01:24:30.000000;2016-04-06T01:24:30.000000;12578cfb-6214-45b4-8297-08203a096aec;423.64;0.14620866;UNKNOWN
2016-04-06T01:24:36.000000;2016-04-06T01:24:36.000000;410398d9-08d2-480b-ba98-e7207edbcd4c;423.64;0.02269483;UNKNOWN
2016-04-06T01:24:42.000000;2016-04-06T01:24:42.000000;a0d88ab1-38c3-4fbc-8331-4f573a10407c;423.64;0.07059231;UNKNOWN
2016-04-06T01:24:47.000000;2016-04-06T01:24:47.000000;6ec40b54-6b92-488f-965c-da3e918bbd64;423.64;0.059881;UNKNOWN
2016-04-06T01:24:53.000000;2016-04-06T01:24:53.000000;f6c5e1c8-e38d-4883-9b31-e1ba1f3f81ea;423.64;0.06623505;UNKNOWN
2016-04-06T01:25:00.000000;2016-04-06T01:25:00.000000;32922859-50e5-4645-bd52-f853f0e81efe;423.64;0.17538761;UNKNOWN
2016-04-06T01:25:41.000000;2016-04-06T01:25:41.000000;8cf9db58-122d-41e8-af16-b22ab1bbf033;423.64;0.70956759;UNKNOWN
2016-04-06T01:26:05.000000;2016-04-06T01:26:05.000000;ce7cea13-d937-48cc-afba-2a9faefcf2c9;423.64;0.35488427;UNKNOWN
2016-04-06T01:26:14.000000;2016-04-06T01:26:14.000000;9d2cdede-0b0d-4364-8911-0eb865c7802f;423.63;0.0606739;UNKNOWN
2016-04-06T01:26:14.000000;2016-04-06T01:26:14.000000;cce609dd-51fe-4c16-8ad6-fd5406f1d775;423.64;0.06320195;UNKNOWN
2016-04-06T01:26:20.000000;2016-04-06T01:26:20.000000;ab97d974-1c13-4d4c-a7c7-aed9cd5ada6e;423.64;0.08555261;UNKNOWN
2016-04-06T01:26:20.000000;2016-04-06T01:26:20.000000;f5fa34ce-0706-4d63-a11b-d7bcf5f9df1e;423.64;0.157;UNKNOWN
2016-04-06T01:26:26.000000;2016-04-06T01:26:26.000000;b1a4a4f9-a757-4d19-8cd3-73d30cfb47a3;423.64;0.05560137;UNKNOWN
2016-04-06T01:26:30.000000;2016-04-06T01:26:30.000000;06159766-34b4-4dc0-bd0c-67744b81ef65;423.64;2.435;UNKNOWN
2016-04-06T01:26:32.000000;2016-04-06T01:26:32.000000;58b9c2f9-71e9-4b43-be1b-a706719643fb;423.64;0.14793784;UNKNOWN
2016-04-06T01:26:38.000000;2016-04-06T01:26:38.000000;a5075345-d6ad-4eae-8741-0e2480aab98f;423.64;0.01228862;UNKNOWN
2016-04-06T01:26:44.000000;2016-04-06T01:26:44.000000;56a93f09-4331-455e-bb83-2dfbcc97183f;423.64;0.04256812;UNKNOWN
2016-04-06T01:26:50.000000;2016-04-06T01:26:50.000000;beb75263-05c4-4722-9f53-edfcf544822e;423.64;0.1573389;UNKNOWN
2016-04-06T01:26:55.000000;2016-04-06T01:26:55.000000;f34d7bdf-0398-4eef-a2af-6eff0b23a7f3;423.64;0.16521528;UNKNOWN
2016-04-06T01:27:01.000000;2016-04-06T01:27:01.000000;5c4e758a-9336-4812-9a70-60b1fbb42d3e;423.64;0.07779206;UNKNOWN
2016-04-06T01:27:07.000000;2016-04-06T01:27:07.000000;0f4d222a-8f1f-4218-bef4-52f321aa8ac8;423.64;0.04919016;UNKNOWN
2016-04-06T01:27:13.000000;2016-04-06T01:27:13.000000;3d2c7b83-8818-4bc9-90d4-e6059805aad6;423.64;0.01691232;UNKNOWN
2016-04-06T01:27:16.000000;2016-04-06T01:27:16.000000;87b85e85-ff25-45d8-9f0d-7bd1ccf9ec75;423.77;2.0;UNKNOWN
2016-04-06T01:27:19.000000;2016-04-06T01:27:19.000000;bf26d528-c3e4-4a7f-9265-6a9514e33225;423.64;0.05601529;UNKNOWN
2016-04-06T01:27:27.000000;2016-04-06T01:27:27.000000;0b8e241c-1e9a-4e24-887f-3a181dbe58bc;423.64;0.12737342;UNKNOWN
2016-04-06T01:27:33.000000;2016-04-06T01:27:33.000000;d2210b61-396e-4668-8cda-3680c12e78b2;423.64;0.07958547;UNKNOWN
2016-04-06T01:27:39.000000;2016-04-06T01:27:39.000000;c35823a6-f0de-4fa3-b8f7-2844fea20f41;423.64;0.08350736;UNKNOWN
2016-04-06T01:27:45.000000;2016-04-06T01:27:45.000000;2cf694f5-70c6-43fa-aca7-553c8b0a674f;423.64;0.1896062;UNKNOWN
2016-04-06T01:27:50.000000;2016-04-06T01:27:50.000000;e28b0761-adaa-4f62-8cc3-114769710438;423.78;1.2791;UNKNOWN
2016-04-06T01:27:50.000000;2016-04-06T01:27:50.000000;50c8ef34-ee8e-4428-b5d8-7eeb3dcca6cc;423.78;0.059;UNKNOWN
2016-04-06T01:28:05.000000;2016-04-06T01:28:05.000000;0aac1a20-4de9-4269-b749-cb629b0bc3dd;423.79;10.0;UNKNOWN
2016-04-06T01:28:20.000000;2016-04-06T01:28:20.000000;0c3dd2ec-83d5-41f3-b143-ce6ba192f164;423.64;0.06978057;UNKNOWN
2016-04-06T01:28:27.000000;2016-04-06T01:28:27.000000;3309e983-c08b-4c33-adb6-af12ccc726e7;423.64;0.08544568;UNKNOWN
2016-04-06T01:28:30.000000;2016-04-06T01:28:30.000000;7b00c3ab-87f8-46ee-9b17-f90a64534ae2;423.64;0.34946204;UNKNOWN
2016-04-06T01:28:33.000000;2016-04-06T01:28:33.000000;df6ae9cb-bd33-4249-9d32-0f9bb591700d;423.64;0.05529357;UNKNOWN
2016-04-06T01:28:38.000000;2016-04-06T01:28:38.000000;d4f5e5d1-6341-4cf9-ac1e-4f6179376967;423.64;0.12440712;UNKNOWN
2016-04-06T01:28:44.000000;2016-04-06T01:28:44.000000;530c764e-685b-4cd5-8e59-586ad0aeaa7b;423.64;0.01300466;UNKNOWN
2016-04-06T01:28:50.000000;2016-04-06T01:28:50.000000;37ed6b8e-32fb-437e-944b-5278ff1ddca4;423.64;0.01004852;UNKNOWN
2016-04-06T01:28:55.000000;2016-04-06T01:28:55.000000;6a3c21df-76cc-43d3-a8c9-af66e2041d04;423.64;0.01949777;UNKNOWN
2016-04-06T01:29:01.000000;2016-04-06T01:29:01.000000;4a6128d0-469c-433c-a865-092d2fd14afb;423.64;0.01332752;UNKNOWN
2016-04-06T01:29:07.000000;2016-04-06T01:29:07.000000;c01a1bcc-097f-49b7-a8ae-278942f40c5b;423.64;0.13841319;UNKNOWN
2016-04-06T01:29:13.000000;2016-04-06T01:29:13.000000;8ca3f420-57df-41c8-8031-7df99c4be267;423.64;0.06215108;UNKNOWN
2016-04-06T01:29:18.000000;2016-04-06T01:29:18.000000;92dedb39-d027-4747-8e6b-591d485ce19b;423.64;0.08549052;UNKNOWN
2016-04-06T01:29:24.000000;2016-04-06T01:29:24.000000;9df900d5-053c-4e39-aa5a-48e0fda464fd;423.64;0.06599578;UNKNOWN
2016-04-06T01:29:31.000000;2016-04-06T01:29:31.000000;a24aa764-8c99-41c0-a51d-86c331a63030;423.64;0.08704727;UNKNOWN
2016-04-06T01:29:37.000000;2016-04-06T01:29:37.000000;a8fef9f2-adcb-483d-80e2-9023a1541d53;423.64;0.18168649;UNKNOWN
2016-04-06T01:29:43.000000;2016-04-06T01:29:43.000000;d12c3672-3381-4db6-bdd3-80b4e5bbb517;423.64;0.05382998;UNKNOWN
2016-04-06T01:29:50.000000;2016-04-06T01:29:50.000000;f45d40b2-9716-4595-9464-2ab7ca570ef3;423.64;0.04097429;UNKNOWN
2016-04-06T01:29:55.000000;2016-04-06T01:29:55.000000;815f7543-fb53-41cd-886b-fe48c1ef123b;423.64;0.13094214;UNKNOWN
2016-04-06T01:30:03.000000;2016-04-06T01:30:03.000000;effc2836-6c12-4b7e-8e12-dd9265f9a6c8;423.64;0.02443464;UNKNOWN
2016-04-06T01:30:09.000000;2016-04-06T01:30:09.000000;0e895172-60cf-47e2-9aba-e8dc70863bff;423.64;0.03260935;UNKNOWN
2016-04-06T01:30:15.000000;2016-04-06T01:30:15.000000;08d2c296-a441-4345-9779-fde70d24c3a8;423.64;0.05255064;UNKNOWN
2016-04-06T01:30:21.000000;2016-04-06T01:30:21.000000;37ea6701-4b31-4906-92fb-c11e84ad8337;423.64;0.1123772;UNKNOWN
2016-04-06T01:30:27.000000;2016-04-06T01:30:27.000000;5e557cd8-c799-4aa9-9321-12a7cc63689b;423.64;0.05957638;UNKNOWN
2016-04-06T01:30:33.000000;2016-04-06T01:30:33.000000;6060613b-c5ec-46dd-a7ba-65834b2d1e39;423.64;0.04795111;UNKNOWN
2016-04-06T01:31:06.000000;2016-04-06T01:31:06.000000;595ac4ae-8e29-467a-8e76-9fa388a389bb;423.64;0.34516798;UNKNOWN
2016-04-06T01:31:07.000000;2016-04-06T01:31:07.000000;b082bbd6-888f-443d-a5e1-33a62dd85e46;423.64;0.8;UNKNOWN
2016-04-06T01:31:10.000000;2016-04-06T01:31:10.000000;396061db-5164-4e6f-aa40-5e1a66298932;423.64;0.128566;UNKNOWN
2016-04-06T01:31:41.000000;2016-04-06T01:31:41.000000;a7858bd8-3eab-42ea-aceb-e83174b7866a;423.64;0.01593562;UNKNOWN
2016-04-06T01:31:46.000000;2016-04-06T01:31:46.000000;8b19a864-b132-4a4a-a490-d06515cf7bd0;423.64;0.12380304;UNKNOWN
2016-04-06T01:31:53.000000;2016-04-06T01:31:53.000000;cd8c0e0f-7fa3-4370-9954-6037260224fd;423.64;0.04065012;UNKNOWN
2016-04-06T01:31:58.000000;2016-04-06T01:31:58.000000;2ec5c2fe-9196-4adc-b848-7130ed7ba8ae;423.64;0.08609662;UNKNOWN
2016-04-06T01:32:03.000000;2016-04-06T01:32:03.000000;c1e2b9a3-6d2c-40cd-ba8c-ed25310f4dc2;423.64;1.872182;UNKNOWN
2016-04-06T01:32:05.000000;2016-04-06T01:32:05.000000;d50b9753-3ebc-47f1-a973-0ef84099f597;423.64;0.08506241;UNKNOWN
2016-04-06T01:32:05.000000;2016-04-06T01:32:05.000000;b03d42be-8427-4b7c-9bc2-18dd26ebd47b;423.79;1.09146353;UNKNOWN
2016-04-06T01:32:10.000000;2016-04-06T01:32:10.000000;cf6fd9ef-7a7b-4e94-964d-d662b11457c6;423.64;0.05278441;UNKNOWN
2016-04-06T01:32:17.000000;2016-04-06T01:32:17.000000;60bf2779-287d-45b4-91ea-a217c6f2aceb;423.63;0.05604161;UNKNOWN
2016-04-06T01:32:22.000000;2016-04-06T01:32:22.000000;f706343b-8fb7-40f4-aa2b-a31b8f297832;423.63;0.01445009;UNKNOWN
2016-04-06T01:32:28.000000;2016-04-06T01:32:28.000000;2ca22cf9-3c97-427b-8d4d-b898b6af5592;423.63;0.03003083;UNKNOWN
2016-04-06T01:32:35.000000;2016-04-06T01:32:35.000000;03e86545-4355-40c0-b7ce-d344e39b8c24;423.63;0.07032247;UNKNOWN
2016-04-06T01:32:37.000000;2016-04-06T01:32:37.000000;debb5627-62d2-4894-99b6-bf69e9cec34e;423.78;1.82;UNKNOWN
2016-04-06T01:33:05.000000;2016-04-06T01:33:05.000000;68c5797f-1b7d-4de2-8e99-9ae27569dd45;423.63;0.02414441;UNKNOWN
2016-04-06T01:33:06.000000;2016-04-06T01:33:06.000000;615ce8a1-821b-4350-970d-bffbed3e5390;423.63;5.4;UNKNOWN
2016-04-06T01:34:13.000000;2016-04-06T01:34:13.000000;96cff0f0-6cf9-45ab-b7c2-6a673a50c33c;423.78;1.8858;UNKNOWN
2016-04-06T01:37:33.000000;2016-04-06T01:37:33.000000;2963d487-9f7d-40fa-9919-2ddcd9fd8713;423.65;0.0970017;UNKNOWN
2016-04-06T01:38:05.000000;2016-04-06T01:38:05.000000;73e96fac-4ee5-4f3a-9b3c-74d9d8a79a6c;423.79;6.82279311;UNKNOWN
2016-04-06T01:38:05.000000;2016-04-06T01:38:05.000000;9de8aa75-324f-4176-937f-d05d29c027e8;423.76;0.295;UNKNOWN
2016-04-06T01:39:10.000000;2016-04-06T01:39:10.000000;0aa09ff3-faa4-4be3-92e1-55aa1a29a2b4;423.68;1.06425095;UNKNOWN
2016-04-06T01:40:33.000000;2016-04-06T01:40:33.000000;6b925620-385d-4283-ac91-9244050d03c3;423.59;0.057281;UNKNOWN
2016-04-06T01:41:25.000000;2016-04-06T01:41:25.000000;7a6ac757-a354-4e41-bf0f-a4457c7efc94;423.59;0.085176;UNKNOWN
2016-04-06T01:44:26.000000;2016-04-06T01:44:26.000000;f89d1ae6-45cc-42ce-a44c-f774d7d0eb8e;423.77;2.0;UNKNOWN
2016-04-06T01:45:10.000000;2016-04-06T01:45:10.000000;bd71f1f5-4ece-47c6-b7ab-d718a02b42e3;423.7;0.7214618;UNKNOWN
2016-04-06T01:49:15.000000;2016-04-06T01:49:15.000000;40c729fd-cd4c-4d89-9680-060f3d074326;423.78;0.16;UNKNOWN
2016-04-06T01:50:52.000000;2016-04-06T01:50:52.000000;4a40ddfd-ffe1-4ff6-8a02-a1b39b8bdd4e;423.79;0.5;UNKNOWN
2016-04-06T01:51:06.000000;2016-04-06T01:51:06.000000;9042905b-72b3-4205-97e7-e9f091d0b09a;423.75;0.04538756;UNKNOWN
2016-04-06T01:51:07.000000;2016-04-06T01:51:07.000000;b6c766ab-d35a-4648-9dc0-e11735cc676e;423.8;0.767;UNKNOWN
2016-04-06T01:51:07.000000;2016-04-06T01:51:07.000000;e51f0f7f-852f-4438-96c0-d8db44bccf3f;424.03;0.05;UNKNOWN
2016-04-06T01:51:07.000000;2016-04-06T01:51:07.000000;f3453701-52d1-4388-83fd-6a28798744ce;424.07;0.34283529;UNKNOWN
2016-04-06T01:51:07.000000;2016-04-06T01:51:07.000000;da16684c-7f64-4212-b379-0847f76ee5aa;423.79;1.53274064;UNKNOWN
2016-04-06T01:51:07.000000;2016-04-06T01:51:07.000000;a7e0199c-45da-4142-812d-c3d694b3aac9;423.78;0.236;UNKNOWN
2016-04-06T01:51:07.000000;2016-04-06T01:51:07.000000;7d687e4b-0e3b-4b6c-a6a4-d3d2bbe04c8e;423.8;0.637;UNKNOWN
2016-04-06T01:51:10.000000;2016-04-06T01:51:10.000000;37fecfeb-95c0-4428-9d24-84b79d5ca4f0;423.95;0.295;UNKNOWN
2016-04-06T01:51:41.000000;2016-04-06T01:51:41.000000;31257ad0-d17f-439b-99c5-84b4209a0536;424.08;0.23647784;UNKNOWN
2016-04-06T01:52:13.000000;2016-04-06T01:52:13.000000;1272a923-a0c7-4052-b989-8cfaae2967a5;424.12;0.05823855;UNKNOWN
2016-04-06T01:53:06.000000;2016-04-06T01:53:06.000000;29385aa7-9737-4d96-93bf-30da6df9d2b7;424.2;0.00480101;UNKNOWN
2016-04-06T01:53:06.000000;2016-04-06T01:53:06.000000;8274b34a-4ba3-4bd7-a23f-cb1fb6bfa041;424.18;0.05278441;UNKNOWN
2016-04-06T01:54:06.000000;2016-04-06T01:54:06.000000;1170edfd-d2eb-458d-b78b-8c88e8e51539;424.22;0.15480101;UNKNOWN
2016-04-06T01:54:06.000000;2016-04-06T01:54:06.000000;510b405e-7644-45dc-afb8-f36e33bd8769;424.2;5.84519899;UNKNOWN
2016-04-06T01:54:26.000000;2016-04-06T01:54:26.000000;d4667248-e950-4ffe-b80a-5d4a9fc211af;424.2;0.24;UNKNOWN
2016-04-06T01:54:39.000000;2016-04-06T01:54:39.000000;f0252d5f-991f-482f-b95c-285a4c3f79ce;424.21;0.02;UNKNOWN
2016-04-06T01:54:57.000000;2016-04-06T01:54:57.000000;2d69d259-038b-4a57-bfb8-ce89255d257f;424.2;0.02;UNKNOWN
2016-04-06T01:55:48.000000;2016-04-06T01:55:48.000000;d5f5302b-882e-4c17-a7db-a59bf7529812;424.09;0.05;UNKNOWN
2016-04-06T01:56:05.000000;2016-04-06T01:56:05.000000;21b67ab7-45d9-48d4-89ca-bd254f8e5b0e;424.15;0.71180913;UNKNOWN
2016-04-06T01:56:32.000000;2016-04-06T01:56:32.000000;b59df1f8-8f5a-49db-8615-33429def0e36;424.09;1.8604;UNKNOWN
2016-04-06T01:57:03.000000;2016-04-06T01:57:03.000000;63f433b9-67e1-47ab-a98e-4e9d908657d0;423.59;0.037543;UNKNOWN
2016-04-06T01:57:03.000000;2016-04-06T01:57:03.000000;ff88ef1d-3dc0-494e-86b2-4859bbb7d934;423.59;0.02579702;UNKNOWN
2016-04-06T01:57:04.000000;2016-04-06T01:57:04.000000;75c1e9dc-42a9-444f-b8a6-1eaf2a9d0d9c;423.59;0.02376161;UNKNOWN
2016-04-06T01:57:13.000000;2016-04-06T01:57:13.000000;9618e704-7317-4701-8522-74a6a08e8e92;423.59;0.06450632;UNKNOWN
2016-04-06T01:57:18.000000;2016-04-06T01:57:18.000000;90433c4a-251d-43bc-b7b7-b1e9f89d75aa;423.59;0.0342765;UNKNOWN
2016-04-06T01:57:48.000000;2016-04-06T01:57:48.000000;8ea97291-a704-4526-9e8c-36cc1af03b06;423.59;0.52829814;UNKNOWN
2016-04-06T01:57:56.000000;2016-04-06T01:57:56.000000;baf832dd-45e6-4708-bf99-9ac5e764d1be;423.59;1.26906041;UNKNOWN
2016-04-06T01:59:41.000000;2016-04-06T01:59:41.000000;52bde4e6-e2a6-411e-a847-62c2639512f4;423.57;0.07088146;UNKNOWN
2016-04-06T02:01:25.000000;2016-04-06T02:01:25.000000;8a411d8e-5ba6-4b4d-8fde-3d9ba602da55;423.57;0.23301316;UNKNOWN
2016-04-06T02:03:05.000000;2016-04-06T02:03:05.000000;4b11dc8d-8eb2-4b3f-bd58-b302f7bb546d;423.51;4.43339462;UNKNOWN
2016-04-06T02:03:05.000000;2016-04-06T02:03:05.000000;2deae505-ff8d-4648-bb8c-082f9555332d;423.57;5.56660538;UNKNOWN
2016-04-06T02:03:07.000000;2016-04-06T02:03:07.000000;b702e207-c23a-4d34-81b3-2c22c38cd124;423.51;4.75;UNKNOWN
2016-04-06T02:06:24.000000;2016-04-06T02:06:24.000000;257828bc-65d9-4c87-80ed-535fae83d34d;423.58;0.08;UNKNOWN
2016-04-06T02:08:53.000000;2016-04-06T02:08:53.000000;5644d878-9d14-4c26-ac89-956949257666;423.51;0.1;UNKNOWN
2016-04-06T02:09:06.000000;2016-04-06T02:09:06.000000;88dd7847-45a5-4af4-a0bf-38bac24f7112;423.58;0.1;UNKNOWN
2016-04-06T02:09:53.000000;2016-04-06T02:09:53.000000;e3629ccc-fa0a-450e-b333-342d782fcc2f;423.42;13.4773;UNKNOWN
2016-04-06T02:09:53.000000;2016-04-06T02:09:53.000000;98ba923b-59d0-4ef2-be8c-8ccc1cd44c6b;423.51;0.70660538;UNKNOWN
2016-04-06T02:09:53.000000;2016-04-06T02:09:53.000000;55169aa5-dbe1-4668-b92c-a66380ac83f8;423.5;5.0;UNKNOWN
2016-04-06T02:09:53.000000;2016-04-06T02:09:53.000000;8d836323-e18e-48c4-8dd4-6d69f3181e1d;423.27;0.14433649;UNKNOWN
2016-04-06T02:10:05.000000;2016-04-06T02:10:05.000000;15560ad1-7a38-4e7e-b9f2-d1495b12b933;423.27;0.438;UNKNOWN
2016-04-06T02:10:10.000000;2016-04-06T02:10:10.000000;03469db2-fedf-4362-ad8e-0f583291b529;423.28;0.5;UNKNOWN
2016-04-06T02:10:10.000000;2016-04-06T02:10:10.000000;a59f88fe-676b-43a0-a2a1-aefcd4ce84bf;423.26;5.3;UNKNOWN
2016-04-06T02:10:10.000000;2016-04-06T02:10:10.000000;61380596-d993-4eda-9e08-9aba5ab7a0bd;423.28;6.0;UNKNOWN
2016-04-06T02:10:45.000000;2016-04-06T02:10:45.000000;60a669af-ba9f-4238-be8b-944ebf0895ae;423.24;1.12384975;UNKNOWN
2016-04-06T02:10:45.000000;2016-04-06T02:10:45.000000;c7a37dab-3521-434e-9fae-1452428383a0;423.24;0.5;UNKNOWN
2016-04-06T02:10:56.000000;2016-04-06T02:10:56.000000;f2c33f52-d37b-43a0-b3ae-c23382b51ad4;423.68;0.43789782;UNKNOWN
2016-04-06T02:10:56.000000;2016-04-06T02:10:56.000000;88f6ed31-4847-4d22-b2a8-bdf076b48401;423.68;0.14433649;UNKNOWN
2016-04-06T02:11:14.000000;2016-04-06T02:11:14.000000;7b107a76-41f2-40f4-86bd-f8b42671f84e;423.74;0.19572764;UNKNOWN
2016-04-06T02:11:14.000000;2016-04-06T02:11:14.000000;5d5b00cb-12df-4a28-9bfd-5800cc466d16;423.75;1.14417236;UNKNOWN
2016-04-06T02:11:31.000000;2016-04-06T02:11:31.000000;761ec0af-b8f0-41e9-8109-05b28b01b604;423.75;1.75755516;UNKNOWN
2016-04-06T02:11:31.000000;2016-04-06T02:11:31.000000;63cfa990-933d-40c9-8e09-0ca31fc80bb3;423.74;0.08684484;UNKNOWN
2016-04-06T02:11:36.000000;2016-04-06T02:11:36.000000;5ea396f7-814d-454b-ac52-07c04f0be8ad;423.7;0.02671828;UNKNOWN
2016-04-06T02:12:03.000000;2016-04-06T02:12:03.000000;2da1b19b-5bed-407f-9c55-41707c9528a6;423.81;0.167;UNKNOWN
2016-04-06T02:12:12.000000;2016-04-06T02:12:12.000000;950166cb-f380-4fe7-b5e9-8198a97ef945;423.8;0.159;UNKNOWN
2016-04-06T02:12:15.000000;2016-04-06T02:12:15.000000;8aa76f69-457c-4d2e-9610-f853e7cfa64a;423.8;0.107;UNKNOWN
2016-04-06T02:12:19.000000;2016-04-06T02:12:19.000000;1ff8961a-ce19-4462-84ab-ac530df32788;423.8;0.659;UNKNOWN
2016-04-06T02:12:19.000000;2016-04-06T02:12:19.000000;dc6df1c1-37ae-4f9f-9960-e7ea97c76e3f;423.71;0.107;UNKNOWN
2016-04-06T02:12:23.000000;2016-04-06T02:12:23.000000;cf724702-54d4-4cfc-9cf7-c8232ebbd6e5;423.71;0.659;UNKNOWN
2016-04-06T02:13:10.000000;2016-04-06T02:13:10.000000;e577255b-0674-4a89-a717-5cea5656e78c;423.7;0.23341942;UNKNOWN
2016-04-06T02:16:28.000000;2016-04-06T02:16:28.000000;6e8bb5a5-bd39-4bb5-a4e3-3e8934b1baaf;423.77;0.03872719;UNKNOWN
2016-04-06T02:16:28.000000;2016-04-06T02:16:28.000000;eb95c260-d588-4993-ad16-8b9b5ac3322a;423.78;0.96127281;UNKNOWN
2016-04-06T02:17:03.000000;2016-04-06T02:17:03.000000;07994a9f-119f-4a41-a178-bf06f2cb857a;423.74;0.0282;UNKNOWN
2016-04-06T02:17:03.000000;2016-04-06T02:17:03.000000;1683a288-d126-4545-882e-899a5d4e6ffc;423.78;0.3254;UNKNOWN
2016-04-06T02:17:35.000000;2016-04-06T02:17:35.000000;d7cd432a-30ae-4d57-a8b6-f807f35e7d03;423.78;1.0;UNKNOWN
2016-04-06T02:17:51.000000;2016-04-06T02:17:51.000000;9ac6bb96-7d65-4c90-889c-0bbaf00c664a;423.78;0.52;UNKNOWN
2016-04-06T02:22:13.000000;2016-04-06T02:22:13.000000;ac9c8283-3dbc-400d-8654-9bcb87891d7d;423.73;0.60803919;UNKNOWN
2016-04-06T02:24:00.000000;2016-04-06T02:24:00.000000;e131ea77-ab32-49b8-a123-4477fb285c39;423.73;0.203;UNKNOWN
2016-04-06T02:24:03.000000;2016-04-06T02:24:03.000000;ce6b41c4-8dec-4911-bbf1-078f6b7d58e6;423.73;0.133;UNKNOWN
2016-04-06T02:24:06.000000;2016-04-06T02:24:06.000000;685b1664-9697-4dd7-9cd0-d4d1d1304db8;423.73;0.747;UNKNOWN
2016-04-06T02:24:09.000000;2016-04-06T02:24:09.000000;128dcaf1-9b18-42ee-89b3-c1e17ee74326;423.73;0.226;UNKNOWN
2016-04-06T02:24:12.000000;2016-04-06T02:24:12.000000;34e3cdef-1a6b-4ac1-b016-cf9c567f2b4a;423.73;0.075;UNKNOWN
2016-04-06T02:24:16.000000;2016-04-06T02:24:16.000000;7e419696-57d5-468d-abb8-0a515ee4e85b;423.73;0.163;UNKNOWN
2016-04-06T02:24:19.000000;2016-04-06T02:24:19.000000;bb7e8f95-6db7-4ae4-ba17-225943f90381;423.73;0.477;UNKNOWN
2016-04-06T02:24:21.000000;2016-04-06T02:24:21.000000;0ab3f1ca-95e6-4f7f-ac0b-db8ba5e6e500;423.73;0.109;UNKNOWN
2016-04-06T02:24:44.000000;2016-04-06T02:24:44.000000;e6993e59-cbf3-449c-8bac-afaede2117ce;423.73;0.948;UNKNOWN
2016-04-06T02:24:47.000000;2016-04-06T02:24:47.000000;c6975bf8-3e94-40fb-a45f-ead02e7f5659;423.43;0.073;UNKNOWN
2016-04-06T02:26:05.000000;2016-04-06T02:26:05.000000;3d017ea4-156f-4f8a-ad2f-d53addf7542f;423.93;0.86267281;UNKNOWN
2016-04-06T02:26:05.000000;2016-04-06T02:26:05.000000;378ecc54-eab5-43af-adfd-e83d9162659b;423.78;3.05732719;UNKNOWN
2016-04-06T02:26:05.000000;2016-04-06T02:26:05.000000;05af5088-14c5-4ee0-9a50-15d480516f07;423.89;3.08;UNKNOWN
2016-04-06T02:26:42.000000;2016-04-06T02:26:42.000000;0dab16b9-6f15-4671-adcd-0eede5f12dd6;423.77;0.01;UNKNOWN
2016-04-06T02:26:45.000000;2016-04-06T02:26:45.000000;f97c1656-7e49-4793-b6db-57ade91f8523;423.79;0.3;UNKNOWN
2016-04-06T02:26:48.000000;2016-04-06T02:26:48.000000;ccd0bd46-feb6-44f6-842e-bef8a12d7dc2;423.77;0.023;UNKNOWN
2016-04-06T02:26:51.000000;2016-04-06T02:26:51.000000;ddc48748-a86c-40a0-a688-9eced487bf00;423.77;0.2;UNKNOWN
2016-04-06T02:26:54.000000;2016-04-06T02:26:54.000000;5d364247-b097-4934-afcd-85005269e9d0;423.78;0.5;UNKNOWN
2016-04-06T02:26:54.000000;2016-04-06T02:26:54.000000;52c643e8-7676-4c2b-9553-ecf0bae8efae;423.78;0.246;UNKNOWN
2016-04-06T02:26:57.000000;2016-04-06T02:26:57.000000;622d79b6-5d0b-47f9-9077-24f3a3d327e7;423.77;0.204;UNKNOWN
2016-04-06T02:26:59.000000;2016-04-06T02:26:59.000000;24243be7-84a0-478d-9e67-525132590fcf;423.77;0.052;UNKNOWN
2016-04-06T02:27:02.000000;2016-04-06T02:27:02.000000;b5dff1e7-4f8d-49b7-9c26-db0732d3581f;423.77;0.216;UNKNOWN
2016-04-06T02:27:05.000000;2016-04-06T02:27:05.000000;b93605f3-4d2a-435d-8fce-0fc5bbca1357;423.77;1.0;UNKNOWN
2016-04-06T02:27:08.000000;2016-04-06T02:27:08.000000;5ac4ecb9-34f3-476a-a4bb-473d1e14ec9c;423.77;1.0;UNKNOWN
2016-04-06T02:27:11.000000;2016-04-06T02:27:11.000000;848934f7-6f6c-4ca2-8068-6c91f9aa3dea;423.77;1.0;UNKNOWN
2016-04-06T02:27:15.000000;2016-04-06T02:27:15.000000;7087d752-bee6-40d3-9344-1074f400be39;423.69;1.0;UNKNOWN
2016-04-06T02:27:18.000000;2016-04-06T02:27:18.000000;138903b0-10e1-41e4-bde9-b322ef8d6827;423.69;1.0;UNKNOWN
2016-04-06T02:28:19.000000;2016-04-06T02:28:19.000000;01fbd0e7-7daa-4437-85e6-6d94c91313c4;423.69;1.0;UNKNOWN
2016-04-06T02:28:22.000000;2016-04-06T02:28:22.000000;a4058fa4-9406-4af5-9009-71549c17ff7b;423.44;0.629;UNKNOWN
2016-04-06T02:28:25.000000;2016-04-06T02:28:25.000000;3b884052-c96b-48a1-9029-152e79e40843;423.44;0.491;UNKNOWN
2016-04-06T02:29:05.000000;2016-04-06T02:29:05.000000;ea117a07-9841-42cd-8304-5b003667b1c4;423.75;0.5;UNKNOWN
2016-04-06T02:29:05.000000;2016-04-06T02:29:05.000000;f66c44f9-3f02-48d3-bd59-1b6ed67ec31f;423.76;0.21277006;UNKNOWN
2016-04-06T02:35:41.000000;2016-04-06T02:35:41.000000;00ac0d35-4137-46df-9d81-460bdd6f6fe4;423.27;0.04970375;UNKNOWN
2016-04-06T02:35:42.000000;2016-04-06T02:35:42.000000;e369f4e2-63e8-405d-8d6f-1be5f700f2f7;423.27;0.0283961;UNKNOWN
2016-04-06T02:36:05.000000;2016-04-06T02:36:05.000000;f87994f2-c57f-4e6a-ab9c-b06d01784534;423.67;5.8856;UNKNOWN
2016-04-06T02:36:05.000000;2016-04-06T02:36:05.000000;7dfd0224-9be7-48cd-a656-637c45ce8bb9;423.89;1.1144;UNKNOWN
2016-04-06T02:36:15.000000;2016-04-06T02:36:15.000000;14d93599-e5bf-4ea4-a52a-02e41dbf91db;423.72;0.01;UNKNOWN
2016-04-06T02:36:19.000000;2016-04-06T02:36:19.000000;c9682193-a442-4822-8738-a4585b0a958a;423.73;0.334;UNKNOWN
2016-04-06T02:36:22.000000;2016-04-06T02:36:22.000000;b29e1fc8-adba-40c1-89b8-e40fba6244b7;423.74;0.5;UNKNOWN
2016-04-06T02:36:25.000000;2016-04-06T02:36:25.000000;9c5547d0-040a-44cf-b9a0-ec21d2d4d71f;423.75;0.5;UNKNOWN
2016-04-06T02:36:25.000000;2016-04-06T02:36:25.000000;ab752a74-33f7-45d7-8150-30ca723a584f;423.74;0.118;UNKNOWN
2016-04-06T02:36:28.000000;2016-04-06T02:36:28.000000;aca74083-283b-491f-a7fb-5e95e85fbcd8;423.75;0.316;UNKNOWN
2016-04-06T02:36:31.000000;2016-04-06T02:36:31.000000;f951f16b-2468-4991-990c-f005a8163637;423.75;0.184;UNKNOWN
2016-04-06T02:36:31.000000;2016-04-06T02:36:31.000000;56694167-86d1-44a2-9a18-e4b0f24e5f42;423.74;0.816;UNKNOWN
2016-04-06T02:36:33.000000;2016-04-06T02:36:33.000000;5e12e937-9f8a-44a2-85c5-af7e0432ea83;423.73;0.5;UNKNOWN
2016-04-06T02:36:36.000000;2016-04-06T02:36:36.000000;7bc46678-06f9-4f23-bc0f-b38ed777a91b;423.73;0.5;UNKNOWN
2016-04-06T02:36:39.000000;2016-04-06T02:36:39.000000;84378fb2-6fa3-4db6-8a14-771dd2d61717;423.73;0.01;UNKNOWN
2016-04-06T02:36:42.000000;2016-04-06T02:36:42.000000;35654861-d743-4122-a637-f7895bfe8b21;423.73;0.065;UNKNOWN
2016-04-06T02:36:45.000000;2016-04-06T02:36:45.000000;d9b4fff4-50d8-4de2-b45a-edefe93a54e2;423.73;0.84;UNKNOWN
2016-04-06T02:36:49.000000;2016-04-06T02:36:49.000000;c31ebde6-b3fb-4284-a559-6a47868367df;423.73;0.604;UNKNOWN
2016-04-06T02:36:53.000000;2016-04-06T02:36:53.000000;36b91677-a150-4f58-8b8d-ed168b486710;423.73;1.0;UNKNOWN
2016-04-06T02:36:56.000000;2016-04-06T02:36:56.000000;4e0451e8-d0dd-40d0-9c7e-02ab5d5d02f3;423.58;1.0;UNKNOWN
2016-04-06T02:37:35.000000;2016-04-06T02:37:35.000000;06690f49-4a3e-4694-91a4-e4b02d214074;423.42;2.366454;UNKNOWN
2016-04-06T02:39:10.000000;2016-04-06T02:39:10.000000;98adfbd1-8e2e-4c39-89e0-5d1d347e96dd;423.4;0.70130223;UNKNOWN
2016-04-06T02:44:19.000000;2016-04-06T02:44:19.000000;503bb18f-a816-4124-8da5-033a502e66f3;423.26;0.17216102;UNKNOWN
2016-04-06T02:44:24.000000;2016-04-06T02:44:24.000000;4b277a5d-e981-4675-aaa3-727344d8c5f7;423.26;0.04682263;UNKNOWN
2016-04-06T02:44:28.000000;2016-04-06T02:44:28.000000;58abaf14-122b-4cca-b414-89a13efed1e9;423.26;0.0552392;UNKNOWN
2016-04-06T02:44:33.000000;2016-04-06T02:44:33.000000;3bb6e703-cce9-43eb-b7ab-309ae31817d5;423.28;0.19160914;UNKNOWN
2016-04-06T02:44:37.000000;2016-04-06T02:44:37.000000;18e267eb-01e4-425a-8d9a-ec7ac230abfb;423.29;0.05508119;UNKNOWN
2016-04-06T02:44:42.000000;2016-04-06T02:44:42.000000;46dc771d-3d80-4d21-8f45-3746217c270d;423.26;0.02516255;UNKNOWN
2016-04-06T02:44:46.000000;2016-04-06T02:44:46.000000;658c7ef7-fccd-4070-bb08-582ffd95f273;423.26;0.02040352;UNKNOWN
2016-04-06T02:44:51.000000;2016-04-06T02:44:51.000000;82a0b9f3-d907-4ca1-8846-07fc5241f755;423.26;0.03884623;UNKNOWN
2016-04-06T02:44:55.000000;2016-04-06T02:44:55.000000;3e31b48d-4b52-49ff-a336-ea26d13360fd;423.22;0.05155738;UNKNOWN
2016-04-06T02:45:33.000000;2016-04-06T02:45:33.000000;39fa1dcf-78c2-4347-a132-48169afc7dc2;423.23;0.40245878;UNKNOWN
2016-04-06T02:46:05.000000;2016-04-06T02:46:05.000000;816889c0-0cac-4234-9b5a-6dc4b22967e8;423.47;4.14983155;UNKNOWN
2016-04-06T02:46:05.000000;2016-04-06T02:46:05.000000;65638a97-c3a2-42fa-93a5-322a7c79a6e4;423.46;5.8646;UNKNOWN
2016-04-06T02:48:24.000000;2016-04-06T02:48:24.000000;54b7cb06-b18f-47cc-bb43-bd9fc54f9724;423.46;2.84;UNKNOWN
2016-04-06T02:49:05.000000;2016-04-06T02:49:05.000000;28fd4984-3a2c-48c7-9283-1ff2677a683b;423.46;0.02357768;UNKNOWN
2016-04-06T02:49:25.000000;2016-04-06T02:49:25.000000;de6f8618-fba8-4df6-9c29-4825bc8472e2;423.32;0.59189305;UNKNOWN
2016-04-06T02:56:05.000000;2016-04-06T02:56:05.000000;69d28cbc-c65c-4fe8-97dc-da5c89b42136;423.31;0.08882338;UNKNOWN
2016-04-06T02:56:07.000000;2016-04-06T02:56:07.000000;281903e0-8082-4fd4-9ded-dafddcd8c4c0;423.65;1.27911437;UNKNOWN
2016-04-06T02:56:07.000000;2016-04-06T02:56:07.000000;5e64d44e-01f4-4f76-ad77-847da0905356;423.47;0.85016845;UNKNOWN
2016-04-06T02:56:08.000000;2016-04-06T02:56:08.000000;2bf3f1be-344c-4c1e-bfaa-ea396d481481;423.67;0.02493916;UNKNOWN
2016-04-06T02:57:25.000000;2016-04-06T02:57:25.000000;345d7a79-176b-4aab-a52c-786280185982;423.47;0.78969193;UNKNOWN
2016-04-06T02:57:41.000000;2016-04-06T02:57:41.000000;2e503f30-f63c-4619-86f7-d41a106ce73f;423.3;0.02367068;UNKNOWN
2016-04-06T02:59:02.000000;2016-04-06T02:59:02.000000;3b836869-4580-4eb8-9296-e09d4f93786c;423.32;2.6;UNKNOWN
2016-04-06T03:00:05.000000;2016-04-06T03:00:05.000000;d4fa2470-62d0-4d7c-91ca-fb76d9389951;423.31;0.1243;UNKNOWN
2016-04-06T03:00:45.000000;2016-04-06T03:00:45.000000;d73a7f2d-e9ff-47b3-808c-3407936ddf38;423.3;0.28405499;UNKNOWN
2016-04-06T03:00:55.000000;2016-04-06T03:00:55.000000;80775921-c95f-439e-9004-22cf792f2679;423.45;0.26889615;UNKNOWN
2016-04-06T03:01:02.000000;2016-04-06T03:01:02.000000;282f0043-a67d-4b90-990e-30349facb8ea;423.3;9.46849995;UNKNOWN
2016-04-06T03:01:05.000000;2016-04-06T03:01:05.000000;1181335f-270d-4670-94e7-2bdf8ad53fcc;423.45;0.23110385;UNKNOWN
2016-04-06T03:01:05.000000;2016-04-06T03:01:05.000000;95ddbb4c-4a67-438b-913d-213969b10a3a;423.45;1.90563585;UNKNOWN
2016-04-06T03:01:23.000000;2016-04-06T03:01:23.000000;cb3cfdfa-1d82-480d-8d21-fad8fc5cb54a;423.3;0.16011378;UNKNOWN
2016-04-06T03:02:11.000000;2016-04-06T03:02:11.000000;dcbc549e-bae9-4406-bc9e-ad6d14ec88f4;423.3;0.05665;UNKNOWN
2016-04-06T03:02:14.000000;2016-04-06T03:02:14.000000;86049257-2fc4-471f-a5ad-17ae814df51c;423.22;0.05665;UNKNOWN
2016-04-06T03:02:19.000000;2016-04-06T03:02:19.000000;a901c50f-e375-46f1-8e0c-97c38b8c82d6;423.22;0.376;UNKNOWN
2016-04-06T03:02:26.000000;2016-04-06T03:02:26.000000;aadf141c-50d4-4d09-bb3f-ed80ae62275d;423.22;0.576;UNKNOWN
2016-04-06T03:02:40.000000;2016-04-06T03:02:40.000000;324c66e4-0dfa-436a-b1d1-607ce78267ed;423.22;0.473;UNKNOWN
2016-04-06T03:02:49.000000;2016-04-06T03:02:49.000000;b95d5103-851e-4b36-8d9c-9dd58931681b;423.22;1.0;UNKNOWN
2016-04-06T03:02:53.000000;2016-04-06T03:02:53.000000;4aaa35e2-d14b-40f7-b60b-d3c5d1f7d6f7;423.22;0.11679262;UNKNOWN
2016-04-06T03:02:53.000000;2016-04-06T03:02:53.000000;03350546-a90d-4795-936b-65a2cedf271b;423.22;0.164125;UNKNOWN
2016-04-06T03:02:53.000000;2016-04-06T03:02:53.000000;7213ba76-c559-400b-ba37-9bcfbb20dae1;423.09;0.05508238;UNKNOWN
2016-04-06T03:02:57.000000;2016-04-06T03:02:57.000000;e71e1a83-7764-4b18-8201-5cf76a858d78;423.09;0.28091;UNKNOWN
2016-04-06T03:03:26.000000;2016-04-06T03:03:26.000000;94224e01-e2ed-42c1-989c-7be7b40f748a;423.17;0.562;UNKNOWN
2016-04-06T03:03:30.000000;2016-04-06T03:03:30.000000;1a4584b2-15c7-40dd-9bca-bca2b210f3ec;423.17;0.123;UNKNOWN
2016-04-06T03:03:34.000000;2016-04-06T03:03:34.000000;81ad0532-e14e-4411-9095-9f891078b098;423.17;1.0;UNKNOWN
2016-04-06T03:03:37.000000;2016-04-06T03:03:37.000000;99d27980-e0ef-4f95-b1e0-5edc3fe9de5f;423.17;0.18;UNKNOWN
2016-04-06T03:03:41.000000;2016-04-06T03:03:41.000000;3959c941-170f-4fcf-82a0-490d05d27ab9;423.17;0.164;UNKNOWN
2016-04-06T03:03:45.000000;2016-04-06T03:03:45.000000;a93f7830-3800-470d-98f0-d77d3ab963c2;423.17;0.012;UNKNOWN
2016-04-06T03:04:14.000000;2016-04-06T03:04:14.000000;cecc510a-9a63-4e1d-96ed-e8be9e3c45f4;423.17;0.779;UNKNOWN
2016-04-06T03:04:17.000000;2016-04-06T03:04:17.000000;8ebb3ea4-0db2-43f2-88cb-9960bd4dfefd;423.09;0.779;UNKNOWN
2016-04-06T03:06:49.000000;2016-04-06T03:06:49.000000;fd0c8870-014c-4cc9-a8c2-6a96ffc073bf;423.03;0.67169238;UNKNOWN
2016-04-06T03:06:49.000000;2016-04-06T03:06:49.000000;762f6c19-2364-4b93-a0ac-20924e4ef88e;423.09;0.82830762;UNKNOWN
2016-04-06T03:06:49.000000;2016-04-06T03:06:49.000000;024585b4-306e-4c49-8233-722aea561fb3;423.04;0.5;UNKNOWN
2016-04-06T03:08:25.000000;2016-04-06T03:08:25.000000;b9fe2809-e1f7-4dd6-911b-37268da428c3;423.02;5.8648;UNKNOWN
2016-04-06T03:09:05.000000;2016-04-06T03:09:05.000000;9534835b-c40c-4fdd-ae20-4ddca6d7d3d5;423.02;2.13432594;UNKNOWN
2016-04-06T03:10:05.000000;2016-04-06T03:10:05.000000;4a8b2c98-e5d8-48e2-9f17-a06483a1227c;423.02;0.11976434;UNKNOWN
2016-04-06T03:14:05.000000;2016-04-06T03:14:05.000000;a8662884-6c3d-4658-a411-e2864f863eaa;423.01;0.03784576;UNKNOWN
2016-04-06T03:15:05.000000;2016-04-06T03:15:05.000000;ff09165b-b314-40eb-8e40-ff0792e93f8c;423.01;0.0173;UNKNOWN
2016-04-06T03:15:10.000000;2016-04-06T03:15:10.000000;d72b1cdc-6fd2-4d1b-91b3-0241c17307a0;423.01;0.03042063;UNKNOWN
2016-04-06T03:15:10.000000;2016-04-06T03:15:10.000000;f29e8999-dd7f-42d7-8b33-94868a60799b;423.01;0.04382183;UNKNOWN
2016-04-06T03:15:22.000000;2016-04-06T03:15:22.000000;0674ad17-a0d8-4ee1-9f73-71ef0311d708;423.01;1.35;UNKNOWN
2016-04-06T03:15:35.000000;2016-04-06T03:15:35.000000;3356ae0f-5241-4e1d-b330-71427cb8fab4;423.02;1.04223565;UNKNOWN
2016-04-06T03:16:13.000000;2016-04-06T03:16:13.000000;9279e3a0-a576-4141-9728-1610b7dc92c3;423.01;0.11690243;UNKNOWN
2016-04-06T03:19:05.000000;2016-04-06T03:19:05.000000;cc650241-23f4-4637-b8e2-e99c16a7958f;423.02;1.42596599;UNKNOWN
2016-04-06T03:21:51.000000;2016-04-06T03:21:51.000000;17e93cca-dba0-4a14-8700-59bf7cd0cdf3;423.02;0.19370856;UNKNOWN
2016-04-06T03:22:43.000000;2016-04-06T03:22:43.000000;61d28f40-4c8d-4f8b-8213-965f669af8f2;423.01;1.0;UNKNOWN
2016-04-06T03:22:47.000000;2016-04-06T03:22:47.000000;ea1e28b7-80bc-47b1-9db2-0d7f88959ffc;423.01;1.0;UNKNOWN
2016-04-06T03:22:50.000000;2016-04-06T03:22:50.000000;3a36379f-761e-4e52-ae83-93e6c275bd38;423.01;1.0;UNKNOWN
2016-04-06T03:23:02.000000;2016-04-06T03:23:02.000000;8aba02bb-b314-40bf-947c-239d9078715b;423.01;0.5;UNKNOWN
2016-04-06T03:23:06.000000;2016-04-06T03:23:06.000000;8fd16834-39e1-415c-b74b-da62c913b1eb;423.01;1.0;UNKNOWN
2016-04-06T03:23:10.000000;2016-04-06T03:23:10.000000;78f1582e-13d7-4b70-91ae-2ead0d86d6d3;423.01;0.05854132;UNKNOWN
2016-04-06T03:23:10.000000;2016-04-06T03:23:10.000000;26db2239-281e-43bc-8026-454250139d9a;423.01;1.0;UNKNOWN
2016-04-06T03:23:13.000000;2016-04-06T03:23:13.000000;cb4b6cd4-7aec-43df-bab1-5be08489c090;423.01;0.3;UNKNOWN
2016-04-06T03:23:19.000000;2016-04-06T03:23:19.000000;590853c4-fe9e-40b3-b65c-f6f1e10e18e3;423.01;1.0;UNKNOWN
2016-04-06T03:23:24.000000;2016-04-06T03:23:24.000000;162f47d2-a72b-48d0-b19d-2779ef078031;423.01;0.565;UNKNOWN
2016-04-06T03:23:29.000000;2016-04-06T03:23:29.000000;29a6329b-247e-4c75-b3ea-a67538f14249;423.01;0.01;UNKNOWN
2016-04-06T03:23:38.000000;2016-04-06T03:23:38.000000;efaba5ff-3196-4683-9d0c-a21990437ce9;423.01;0.03983197;UNKNOWN
2016-04-06T03:23:38.000000;2016-04-06T03:23:38.000000;4b5da74f-ebef-4934-ba3d-76f39965016c;423.01;0.96016803;UNKNOWN
2016-04-06T03:23:44.000000;2016-04-06T03:23:44.000000;fbd6ef9c-5f82-4543-92ce-5d2cf177199f;423.01;0.96016803;UNKNOWN
2016-04-06T03:23:44.000000;2016-04-06T03:23:44.000000;8232823f-076e-47c1-bf20-abd8de958af5;422.86;0.03983197;UNKNOWN
2016-04-06T03:23:48.000000;2016-04-06T03:23:48.000000;39b83e12-febb-4d23-a0eb-a4f35bde90c4;422.86;0.96016;UNKNOWN
2016-04-06T03:27:41.000000;2016-04-06T03:27:41.000000;430b4c89-3df7-43bd-8561-141397f18503;422.87;0.71085954;UNKNOWN
2016-04-06T03:28:05.000000;2016-04-06T03:28:05.000000;b977f5e2-c391-4615-8093-2a2141a3f317;422.87;5.0;UNKNOWN
2016-04-06T03:28:26.000000;2016-04-06T03:28:26.000000;8b1eeec5-5e71-4de9-91e6-751c3ce65779;422.89;0.2;UNKNOWN
2016-04-06T03:28:29.000000;2016-04-06T03:28:29.000000;000f1867-6605-43ce-b6b1-687e82183068;422.86;0.2;UNKNOWN
2016-04-06T03:29:00.000000;2016-04-06T03:29:00.000000;a39ae814-4a98-4e40-97d4-3badee121f0c;422.86;0.01;UNKNOWN
2016-04-06T03:29:07.000000;2016-04-06T03:29:07.000000;2a914e64-348a-4e16-81da-188bd33b3d03;422.86;0.01;UNKNOWN
2016-04-06T03:29:16.000000;2016-04-06T03:29:16.000000;8f4ee2f2-c248-4f71-b0a6-c5571a46d9ca;422.86;1.9;UNKNOWN
2016-04-06T03:29:18.000000;2016-04-06T03:29:18.000000;4f90bd6d-cdc4-41d7-bf72-1cb09879f20e;422.86;0.052;UNKNOWN
2016-04-06T03:29:40.000000;2016-04-06T03:29:40.000000;2db6f16f-2a16-4718-b996-96fc053d3857;422.86;0.015;UNKNOWN
2016-04-06T03:29:48.000000;2016-04-06T03:29:48.000000;b7decc7e-8548-47ef-9e21-72c0be963165;422.86;1.0;UNKNOWN
2016-04-06T03:29:52.000000;2016-04-06T03:29:52.000000;bf7440eb-b545-4e03-9ba4-0856e04ceb99;422.86;0.767;UNKNOWN
2016-04-06T03:29:56.000000;2016-04-06T03:29:56.000000;fea98cdc-7557-4528-aa7e-6d1533e22ee3;422.86;0.374;UNKNOWN
2016-04-06T03:30:02.000000;2016-04-06T03:30:02.000000;709fbde5-8c1d-48cb-936c-ab47935c15b4;422.86;0.144;UNKNOWN
2016-04-06T03:30:05.000000;2016-04-06T03:30:05.000000;632ff719-2950-4d70-8473-ba7efe8b0b87;422.86;0.478;UNKNOWN
2016-04-06T03:30:09.000000;2016-04-06T03:30:09.000000;f7755d4c-f47a-4aab-b517-a7d8e259c53a;422.86;0.052;UNKNOWN
2016-04-06T03:30:13.000000;2016-04-06T03:30:13.000000;77186909-e310-46b8-8a9a-7c4005f8cc44;422.86;0.60465943;UNKNOWN
2016-04-06T03:30:13.000000;2016-04-06T03:30:13.000000;51ff523c-925c-48fe-83a0-b70a0b92fa7d;422.86;0.579;UNKNOWN
2016-04-06T03:30:16.000000;2016-04-06T03:30:16.000000;e92f3883-9d9c-4327-96ac-9514b3f60571;422.86;1.0;UNKNOWN
2016-04-06T03:30:20.000000;2016-04-06T03:30:20.000000;d58376bf-1819-430e-9ab0-246636157762;422.86;0.312;UNKNOWN
2016-04-06T03:30:24.000000;2016-04-06T03:30:24.000000;f02fa13f-4c96-40c1-ba74-037c5046102f;422.86;1.0;UNKNOWN
2016-04-06T03:30:27.000000;2016-04-06T03:30:27.000000;6400d9dd-f38e-43e0-ad35-c1a6667f423a;422.86;1.0;UNKNOWN
2016-04-06T03:30:33.000000;2016-04-06T03:30:33.000000;36363857-30e0-472e-a360-5062b9d6d0c5;422.86;0.672;UNKNOWN
2016-04-06T03:30:36.000000;2016-04-06T03:30:36.000000;72bb415f-0178-4ff2-8b86-a952b3bc6035;422.86;0.8303486;UNKNOWN
2016-04-06T03:30:36.000000;2016-04-06T03:30:36.000000;05522f7e-dffc-423e-93c0-8fa2d9b64c29;422.86;0.1696514;UNKNOWN
2016-04-06T03:30:39.000000;2016-04-06T03:30:39.000000;d2fb4d96-581c-4195-aa66-8073ef7e71ef;422.86;0.102;UNKNOWN
2016-04-06T03:30:43.000000;2016-04-06T03:30:43.000000;3ad4980d-6b86-4810-8df0-5eb16783d8ad;422.86;0.165;UNKNOWN
2016-04-06T03:30:46.000000;2016-04-06T03:30:46.000000;1a360a7f-73a3-4aa6-9d1b-56a6288996c3;422.86;0.314;UNKNOWN
2016-04-06T03:30:50.000000;2016-04-06T03:30:50.000000;71f2bc9c-297d-483a-9c33-cdf559995f6b;422.86;0.345;UNKNOWN
2016-04-06T03:30:55.000000;2016-04-06T03:30:55.000000;d52bfe0d-951e-4d80-9e42-febdc676750b;422.86;0.919;UNKNOWN
2016-04-06T03:30:59.000000;2016-04-06T03:30:59.000000;3a3832e4-584b-4563-b309-40bd89a69ceb;422.86;0.824;UNKNOWN
2016-04-06T03:31:02.000000;2016-04-06T03:31:02.000000;a75feedf-2d14-4a6e-a023-f8eb7cf52f06;422.86;0.08;UNKNOWN
2016-04-06T03:31:05.000000;2016-04-06T03:31:05.000000;c4b236af-7d11-4756-b483-513060c69684;422.86;0.01;UNKNOWN
2016-04-06T03:31:09.000000;2016-04-06T03:31:09.000000;231ec384-8a36-4f48-939b-63028d4bd7b2;422.86;0.069;UNKNOWN
2016-04-06T03:31:12.000000;2016-04-06T03:31:12.000000;5860b8bd-c1e3-4d07-a966-b55147948620;422.86;0.175;UNKNOWN
2016-04-06T03:31:15.000000;2016-04-06T03:31:15.000000;3fc4eacc-981a-4c43-ae26-0983bb238de4;422.86;1.0;UNKNOWN
2016-04-06T03:31:18.000000;2016-04-06T03:31:18.000000;f2c2a8d6-85cb-45da-b0e7-8994e071b926;422.86;0.03;UNKNOWN
2016-04-06T03:31:21.000000;2016-04-06T03:31:21.000000;10ea6253-3475-4439-8acc-5bc9848e0465;422.9;2.40245739;UNKNOWN
2016-04-06T03:31:21.000000;2016-04-06T03:31:21.000000;7de90cfc-c2ca-4f96-8462-9c63f682065d;422.9;4.59754261;UNKNOWN
2016-04-06T03:31:21.000000;2016-04-06T03:31:21.000000;7bacde3d-f0d7-4b3d-92a5-9e57f97ea8ca;422.86;0.222;UNKNOWN
2016-04-06T03:31:25.000000;2016-04-06T03:31:25.000000;65b4ff2c-6e9c-45b1-bd40-ff47942d8d22;422.87;0.235;UNKNOWN
2016-04-06T03:31:28.000000;2016-04-06T03:31:28.000000;21aa1122-7cc0-4957-a1d8-f231fb7266ad;422.86;0.092;UNKNOWN
2016-04-06T03:31:31.000000;2016-04-06T03:31:31.000000;38515091-1a46-4155-ad02-ff6800f90a04;422.86;0.571;UNKNOWN
2016-04-06T03:31:34.000000;2016-04-06T03:31:34.000000;8e645a3e-92b0-4ac6-8c2d-682355f5a094;422.86;0.057;UNKNOWN
2016-04-06T03:31:37.000000;2016-04-06T03:31:37.000000;4a134f30-28f7-4f47-a3cb-ad150d3fd396;422.86;0.074;UNKNOWN
2016-04-06T03:31:40.000000;2016-04-06T03:31:40.000000;4cf7ec5c-74fc-4ae8-9db6-d34c61a2c486;422.86;0.102;UNKNOWN
2016-04-06T03:31:43.000000;2016-04-06T03:31:43.000000;20415c26-822d-4df2-b456-d3cf274c9b3b;422.86;0.03;UNKNOWN
2016-04-06T03:31:46.000000;2016-04-06T03:31:46.000000;7971d4b1-0737-431e-afb4-5de8fccad1f5;422.86;6.0;UNKNOWN
2016-04-06T03:31:46.000000;2016-04-06T03:31:46.000000;d6fe5bba-f837-4949-b667-3e9690bc03b0;422.86;0.464;UNKNOWN
2016-04-06T03:31:49.000000;2016-04-06T03:31:49.000000;1cb36898-d62e-414b-9cca-c4ecd74532fe;422.86;0.049;UNKNOWN
2016-04-06T03:31:52.000000;2016-04-06T03:31:52.000000;ba9c7a5a-5d0f-4515-ad5d-9d5f61ef8f95;422.85;0.0489914;UNKNOWN
2016-04-06T03:31:52.000000;2016-04-06T03:31:52.000000;32cf5f89-de02-41c9-911b-aa8bba4d76d9;422.86;0.1363486;UNKNOWN
2016-04-06T03:31:55.000000;2016-04-06T03:31:55.000000;53b93ec5-b11d-4473-99dc-cf574a8ade3c;422.7;0.13634;UNKNOWN
2016-04-06T03:33:10.000000;2016-04-06T03:33:10.000000;4b897dcd-d08b-4af5-842c-afe3a031a11e;422.59;0.02844581;UNKNOWN
2016-04-06T03:33:11.000000;2016-04-06T03:33:11.000000;11e9ba9a-59eb-4162-bba5-35b74e89e6b3;422.59;0.09471939;UNKNOWN
2016-04-06T03:37:12.000000;2016-04-06T03:37:12.000000;79e1984b-b402-4747-aa8d-f18173a052b7;422.59;1.8366348;UNKNOWN
2016-04-06T03:37:12.000000;2016-04-06T03:37:12.000000;e0caddb9-45d8-4e88-bbd4-8c9a7335d546;422.54;4.1633652;UNKNOWN
2016-04-06T03:38:04.000000;2016-04-06T03:38:04.000000;e34a98b0-0aee-4d12-9e29-83d6407c5ed6;422.64;0.5;UNKNOWN
2016-04-06T03:38:04.000000;2016-04-06T03:38:04.000000;44e7d661-6b39-4838-8ed9-c1c1eae87f82;422.65;0.14940626;UNKNOWN
2016-04-06T03:38:13.000000;2016-04-06T03:38:13.000000;8363b3d9-0557-4bf5-9cfa-ccb9475864b7;422.56;0.07113306;UNKNOWN
2016-04-06T03:38:30.000000;2016-04-06T03:38:30.000000;ad57a618-2aeb-4af8-b38a-7078c74259ee;422.56;0.02844581;UNKNOWN
2016-04-06T03:39:01.000000;2016-04-06T03:39:01.000000;8f8888d5-96f3-4918-a0e4-d3e6568bdb47;422.56;0.05928736;UNKNOWN
2016-04-06T03:41:03.000000;2016-04-06T03:41:03.000000;a30c5bd8-6bff-424b-953d-15b2a6878be9;422.66;0.9054;UNKNOWN
2016-04-06T03:41:04.000000;2016-04-06T03:41:04.000000;204dcd79-6520-4f7b-9a98-ecd146114d52;422.56;0.07568682;UNKNOWN
2016-04-06T03:41:10.000000;2016-04-06T03:41:10.000000;7891a4ae-6a52-443e-bc34-ecdaace8ecb6;422.56;0.02342594;UNKNOWN
2016-04-06T03:44:13.000000;2016-04-06T03:44:13.000000;30fb572d-e3f7-4b33-ac13-f692d29e367b;422.56;0.09476;UNKNOWN
2016-04-06T03:49:25.000000;2016-04-06T03:49:25.000000;205e379d-d4b3-409f-b941-1cca0b8df030;422.56;0.1186324;UNKNOWN
2016-04-06T03:50:30.000000;2016-04-06T03:50:30.000000;34721b05-0a8d-4f37-93d4-35aba6cd2d5e;422.56;0.08299445;UNKNOWN
2016-04-06T03:53:01.000000;2016-04-06T03:53:01.000000;89b32db0-91f1-4928-b7d3-c1cf1c200ed6;422.56;1.4;UNKNOWN
2016-04-06T03:54:04.000000;2016-04-06T03:54:04.000000;d61cd08c-ce60-4a09-a94f-c2d7db558b87;422.56;0.06089;UNKNOWN
2016-04-06T03:56:12.000000;2016-04-06T03:56:12.000000;a9a7088d-311d-42f6-a8fa-1c1ded8bcf82;422.66;1.42619071;UNKNOWN
2016-04-06T03:57:41.000000;2016-04-06T03:57:41.000000;6e32e9b4-4ec8-43ab-b02e-deb69de0aa32;422.99;0.07108763;UNKNOWN
2016-04-06T03:59:07.000000;2016-04-06T03:59:07.000000;e67a8ade-0068-4fe7-875a-0b705ae4f2ef;422.99;0.03;UNKNOWN
2016-04-06T03:59:08.000000;2016-04-06T03:59:08.000000;1154d6e8-7f7c-46b3-bc39-4d17c362691d;422.99;0.03;UNKNOWN
2016-04-06T04:00:07.000000;2016-04-06T04:00:07.000000;da600a3a-d8cd-424f-b523-a855b07b5508;422.99;2.6629169;UNKNOWN
2016-04-06T04:00:18.000000;2016-04-06T04:00:18.000000;c4cd6dfe-16c5-42bd-a012-015278dafc02;422.99;3.10051621;UNKNOWN
2016-04-06T04:01:25.000000;2016-04-06T04:01:25.000000;8dccf90e-4282-4a9c-bdab-bdafb255212c;422.7;0.11725856;UNKNOWN
2016-04-06T04:02:03.000000;2016-04-06T04:02:03.000000;6c21a86c-cec8-4a3b-9906-92ca88df79cf;423.0;0.58163791;UNKNOWN
2016-04-06T04:02:03.000000;2016-04-06T04:02:03.000000;ead6b121-6b21-4a92-973d-45ec57f2f1ce;422.86;3.0;UNKNOWN
2016-04-06T04:02:03.000000;2016-04-06T04:02:03.000000;f9543912-d7e8-40e1-a25a-875cefb0a1bc;422.87;5.9093;UNKNOWN
2016-04-06T04:02:03.000000;2016-04-06T04:02:03.000000;222be705-716f-425c-beb2-935f89c08c8d;422.85;0.5;UNKNOWN
2016-04-06T04:02:13.000000;2016-04-06T04:02:13.000000;d08f91f0-e151-44f9-9eec-a3b208f0effc;422.83;0.05926212;UNKNOWN
2016-04-06T04:04:03.000000;2016-04-06T04:04:03.000000;8b1741e5-2999-457f-a8bb-be058bbb0c28;422.7;4.38583888;UNKNOWN
2016-04-06T04:04:04.000000;2016-04-06T04:04:04.000000;f16273e8-be48-481a-8298-0a47e2dc1fba;422.77;0.5;UNKNOWN
2016-04-06T04:06:03.000000;2016-04-06T04:06:03.000000;8882f92b-53bd-46c2-9ba8-235572a9ee51;422.68;3.0;UNKNOWN
2016-04-06T04:06:03.000000;2016-04-06T04:06:03.000000;e29a1c1c-8cd9-456d-9ddf-0eb45e0b79a6;422.69;3.32392894;UNKNOWN
2016-04-06T04:06:05.000000;2016-04-06T04:06:05.000000;ebb34767-d37c-442c-8cfb-479ed2796d7b;422.55;0.058339;UNKNOWN
2016-04-06T04:06:05.000000;2016-04-06T04:06:05.000000;ad1d89be-37c1-4fb7-8843-46d2376a0799;422.56;0.059;UNKNOWN
2016-04-06T04:07:08.000000;2016-04-06T04:07:08.000000;ddbb1caa-ec6a-42fb-bf92-9c34c3564e6b;422.71;0.69906486;UNKNOWN
2016-04-06T04:07:20.000000;2016-04-06T04:07:20.000000;7af61b3b-218e-4b66-a9e4-2171a57b6218;422.71;0.31077082;UNKNOWN
2016-04-06T04:07:31.000000;2016-04-06T04:07:31.000000;d1bf1e93-befe-4123-802e-60c8feac8cbf;422.71;0.13770649;UNKNOWN
2016-04-06T04:13:10.000000;2016-04-06T04:13:10.000000;2dc29131-211b-4963-ba62-e3d341c30bf1;422.59;0.11948078;UNKNOWN
2016-04-06T04:13:25.000000;2016-04-06T04:13:25.000000;58c86202-1c0c-4b25-99d3-0c0fb1c2492f;422.59;0.24333234;UNKNOWN
2016-04-06T04:14:33.000000;2016-04-06T04:14:33.000000;b6638768-d7d7-4be5-a778-2eeae818ca67;422.69;0.03867718;UNKNOWN
2016-04-06T04:14:34.000000;2016-04-06T04:14:34.000000;3e0a0f13-2fe8-47ce-bcfd-3fc57adb5c37;422.69;0.0229879;UNKNOWN
2016-04-06T04:14:36.000000;2016-04-06T04:14:36.000000;766411de-409f-4941-a3d1-21dd4b7c82eb;422.7;0.01561374;UNKNOWN
2016-04-06T04:14:42.000000;2016-04-06T04:14:42.000000;43100921-facf-4016-ac5e-bbdfeef437c0;422.69;0.01561374;UNKNOWN
2016-04-06T04:14:45.000000;2016-04-06T04:14:45.000000;5770c8b0-615d-434c-9608-2ad4c22ace15;422.61;0.07113306;UNKNOWN
2016-04-06T04:15:03.000000;2016-04-06T04:15:03.000000;107fedd8-ba66-4c00-9f33-5757c4d6b6b1;422.61;0.38380805;UNKNOWN
2016-04-06T04:16:11.000000;2016-04-06T04:16:11.000000;29648d37-5bbf-48e8-9fa2-01aa3350bd9d;422.66;0.0466;UNKNOWN
2016-04-06T04:19:03.000000;2016-04-06T04:19:03.000000;a329cfd7-4e78-40b0-9a60-36fb7a71049e;422.57;5.828;UNKNOWN
2016-04-06T04:19:03.000000;2016-04-06T04:19:03.000000;831867a5-fe2f-4dce-9285-05c6467c7fa1;422.57;0.982;UNKNOWN
2016-04-06T04:19:03.000000;2016-04-06T04:19:03.000000;e6720641-22f1-4020-8eaa-6e0e8d782475;422.57;0.059;UNKNOWN
2016-04-06T04:20:05.000000;2016-04-06T04:20:05.000000;747d1cd7-7af8-4db0-b4b8-f4b05a374183;422.55;8.123;UNKNOWN
2016-04-06T04:20:05.000000;2016-04-06T04:20:05.000000;912655e1-f906-4aaf-bc16-1d32d0353e19;422.56;0.236;UNKNOWN
2016-04-06T04:20:13.000000;2016-04-06T04:20:13.000000;1172921d-bb8b-4a06-9cdf-73bc1bd44066;422.55;0.07696;UNKNOWN
2016-04-06T04:23:10.000000;2016-04-06T04:23:10.000000;c66d91c6-452f-4280-8ae7-91d9a7fb8008;422.61;0.39289359;UNKNOWN
2016-04-06T04:31:10.000000;2016-04-06T04:31:10.000000;b2082fb4-a413-4ac9-afba-50d450c9fce5;422.69;0.02370281;UNKNOWN
2016-04-06T04:32:04.000000;2016-04-06T04:32:04.000000;04d9c926-c088-4ea5-a5c7-0e04ef8cfb18;422.7;0.48438626;UNKNOWN
2016-04-06T04:32:04.000000;2016-04-06T04:32:04.000000;53ca1df3-dbed-48ff-a98e-e9ec34cc6d77;422.7;1.65182726;UNKNOWN
2016-04-06T04:32:09.000000;2016-04-06T04:32:09.000000;98a1f091-b021-4933-82a1-908d21196fd3;423.0;0.181;UNKNOWN
2016-04-06T04:32:12.000000;2016-04-06T04:32:12.000000;590a791c-eae3-474f-8693-a64e185ad61c;423.0;0.144;UNKNOWN
2016-04-06T04:32:13.000000;2016-04-06T04:32:13.000000;54471cd2-c74d-4bd8-becc-22ced8e369bf;423.0;0.10108433;UNKNOWN
2016-04-06T04:32:15.000000;2016-04-06T04:32:15.000000;682d4499-d375-4069-8744-61e1f2ecd77f;423.0;0.288;UNKNOWN
2016-04-06T04:32:18.000000;2016-04-06T04:32:18.000000;1691e498-0fcf-449b-8adb-74aa9a7fd28a;423.0;1.0;UNKNOWN
2016-04-06T04:32:22.000000;2016-04-06T04:32:22.000000;7c88435d-05f4-457e-b61d-8e14179d0404;423.0;0.17;UNKNOWN
2016-04-06T04:32:25.000000;2016-04-06T04:32:25.000000;bc2e6f2a-3928-418c-a54f-4ec1ec0c9196;423.0;0.052;UNKNOWN
2016-04-06T04:32:28.000000;2016-04-06T04:32:28.000000;f1f1cdbf-e369-4dee-8c44-3484f1633ae7;423.0;0.314;UNKNOWN
2016-04-06T04:32:31.000000;2016-04-06T04:32:31.000000;ae8ac8cf-8c37-4cdc-8c5a-0f9c29f37a22;423.0;1.0;UNKNOWN
2016-04-06T04:32:34.000000;2016-04-06T04:32:34.000000;d9b1e6a7-594d-4c76-b81b-61be2b99f7a3;423.0;0.598;UNKNOWN
2016-04-06T04:32:37.000000;2016-04-06T04:32:37.000000;ab50fa92-2093-42b1-b2c2-d7f0c5ed9159;423.0;0.178;UNKNOWN
2016-04-06T04:32:40.000000;2016-04-06T04:32:40.000000;7097ce7d-5161-4ddb-91d0-afeb859950db;423.0;0.044;UNKNOWN
2016-04-06T04:32:44.000000;2016-04-06T04:32:44.000000;e39084fd-86ff-41b1-ad18-f0322b3daa73;423.0;0.326;UNKNOWN
2016-04-06T04:32:47.000000;2016-04-06T04:32:47.000000;a4dd94d9-59b7-423e-a8b8-aac7ec69b3d2;423.0;0.052;UNKNOWN
2016-04-06T04:32:47.000000;2016-04-06T04:32:47.000000;cf46260a-1920-4aa6-84be-4a8dd6588aca;423.0;0.47641566;UNKNOWN
2016-04-06T04:32:50.000000;2016-04-06T04:32:50.000000;95b77102-06af-44a0-864e-4afabe62a90b;423.0;1.0;UNKNOWN
2016-04-06T04:32:53.000000;2016-04-06T04:32:53.000000;accb3ebe-84a8-4bc8-8c06-de7f58c86f94;423.0;0.098;UNKNOWN
2016-04-06T04:32:56.000000;2016-04-06T04:32:56.000000;3c60a090-f4a8-408b-bf57-3fb6fc124d46;423.0;0.047;UNKNOWN
2016-04-06T04:32:59.000000;2016-04-06T04:32:59.000000;e2d86ea7-17d8-4b55-974c-b142ede98870;423.0;0.052;UNKNOWN
2016-04-06T04:33:03.000000;2016-04-06T04:33:03.000000;757dab42-8a5e-4ca7-83b6-0c90d8da538b;423.0;1.0;UNKNOWN
2016-04-06T04:33:06.000000;2016-04-06T04:33:06.000000;0e145191-a462-4d34-b5e3-0c6885432801;423.0;0.01;UNKNOWN
2016-04-06T04:33:09.000000;2016-04-06T04:33:09.000000;3fe90690-582e-4991-b4c2-6134aa208810;423.0;0.257;UNKNOWN
2016-04-06T04:33:12.000000;2016-04-06T04:33:12.000000;56abd740-d70e-4b80-8350-d1b8ef7f8c38;423.0;0.061;UNKNOWN
2016-04-06T04:33:15.000000;2016-04-06T04:33:15.000000;93c26342-f340-4b55-9fb7-b0d8c202f891;423.0;0.125;UNKNOWN
2016-04-06T04:33:19.000000;2016-04-06T04:33:19.000000;7b4bbf7a-d3c7-4dde-9695-324c1e9be327;423.0;1.0;UNKNOWN
2016-04-06T04:33:22.000000;2016-04-06T04:33:22.000000;ccd074b0-dcdf-4777-a5dd-4d3db35fc04c;423.0;1.0;UNKNOWN
2016-04-06T04:33:25.000000;2016-04-06T04:33:25.000000;8d86851e-5212-41d9-8a84-200118075f53;423.0;1.0;UNKNOWN
2016-04-06T04:33:28.000000;2016-04-06T04:33:28.000000;0f30bd33-7837-4ddb-af3c-7d746ea48ba9;423.0;0.052;UNKNOWN
2016-04-06T04:33:31.000000;2016-04-06T04:33:31.000000;62f070a7-5966-4cb9-a007-cc082d1ab6ec;423.0;0.299;UNKNOWN
2016-04-06T04:33:35.000000;2016-04-06T04:33:35.000000;488d47d0-86e9-44e8-a912-e67cdcb66f3e;423.0;0.024;UNKNOWN
2016-04-06T04:33:38.000000;2016-04-06T04:33:38.000000;c7c97d76-34d0-42ee-a2f6-9b217f226d41;423.0;0.2;UNKNOWN
2016-04-06T04:33:42.000000;2016-04-06T04:33:42.000000;97ff8be0-3a36-4dbd-b270-7f73ea664840;423.0;0.15;UNKNOWN
2016-04-06T04:33:45.000000;2016-04-06T04:33:45.000000;dc20aa45-9d4a-45fe-9937-3ae5ef9d5922;423.0;0.07;UNKNOWN
2016-04-06T04:33:49.000000;2016-04-06T04:33:49.000000;e4120b7e-0f02-4fec-b44d-0a91a9fb3022;423.0;0.062;UNKNOWN
2016-04-06T04:33:52.000000;2016-04-06T04:33:52.000000;12892179-1811-40ce-a745-35db02be4bc9;422.86;0.06199999;UNKNOWN
2016-04-06T04:33:52.000000;2016-04-06T04:33:52.000000;7db86935-87a1-45fe-a25e-fe54b27ffa14;423.0;0.52390001;UNKNOWN
2016-04-06T04:33:56.000000;2016-04-06T04:33:56.000000;e4266aa2-4c56-48cf-9cf4-e349255073aa;422.86;0.01;UNKNOWN
2016-04-06T04:34:24.000000;2016-04-06T04:34:24.000000;65f4ea30-06d5-4dac-a01a-a02af14c7c48;423.0;0.052;UNKNOWN
2016-04-06T04:34:27.000000;2016-04-06T04:34:27.000000;e7663b35-5a6e-4517-9b16-bbd349fe255a;423.0;0.113;UNKNOWN
2016-04-06T04:34:30.000000;2016-04-06T04:34:30.000000;b3cc2134-1ad3-4c40-9813-710819500629;423.0;0.855;UNKNOWN
2016-04-06T04:34:34.000000;2016-04-06T04:34:34.000000;0901ec2e-bf2a-4861-9ba0-235ef0dbc893;423.0;0.01;UNKNOWN
2016-04-06T04:35:09.000000;2016-04-06T04:35:09.000000;033fc79b-da59-497c-8629-744559053416;423.0;0.15;UNKNOWN
2016-04-06T04:35:10.000000;2016-04-06T04:35:10.000000;9fa763fe-e91c-4114-982c-8dd2ba17be1d;423.0;0.02130219;UNKNOWN
2016-04-06T04:35:21.000000;2016-04-06T04:35:21.000000;893c5520-facd-4c3c-8888-a2d010c04b2c;423.0;0.035;UNKNOWN
2016-04-06T04:35:25.000000;2016-04-06T04:35:25.000000;84155d07-d5a6-45ae-8dfc-d5a65322b46d;423.0;0.4;UNKNOWN
2016-04-06T04:35:28.000000;2016-04-06T04:35:28.000000;bc13254c-500e-48ad-b0c6-2f9f14a78bfa;423.0;0.936;UNKNOWN
2016-04-06T04:35:31.000000;2016-04-06T04:35:31.000000;4c283d69-1f2b-46c3-8894-ebbda9ea1993;423.0;0.136;UNKNOWN
2016-04-06T04:35:35.000000;2016-04-06T04:35:35.000000;961380f8-6691-4e73-a537-f4f67050f84a;423.0;1.0;UNKNOWN
2016-04-06T04:35:39.000000;2016-04-06T04:35:39.000000;a7fae977-a9bb-45f2-a2c7-9c4b64b9493c;423.0;1.0;UNKNOWN
2016-04-06T04:35:42.000000;2016-04-06T04:35:42.000000;8d53fb94-6101-429f-a14b-9b3e85d64f6f;422.88;0.03;UNKNOWN
2016-04-06T04:38:22.000000;2016-04-06T04:38:22.000000;9ba7940a-d840-403a-afae-6675b6300615;422.99;0.5;UNKNOWN
2016-04-06T04:38:22.000000;2016-04-06T04:38:22.000000;a850e6bc-c38f-4f94-bbac-25e586a0627c;423.0;3.0;UNKNOWN
2016-04-06T04:38:29.000000;2016-04-06T04:38:29.000000;8d1e99a9-8472-4c1d-b938-3041507c08bd;422.86;0.01;UNKNOWN
2016-04-06T04:39:25.000000;2016-04-06T04:39:25.000000;810940ed-956e-4988-b1e6-c49b5dff7cd4;423.0;0.04263846;UNKNOWN
2016-04-06T04:39:29.000000;2016-04-06T04:39:29.000000;f07ac1d9-6747-495f-8c3d-40dd7d89430b;423.0;0.121;UNKNOWN
2016-04-06T04:39:32.000000;2016-04-06T04:39:32.000000;c826be91-7203-4fce-85c7-844fde8c53c9;423.0;0.04;UNKNOWN
2016-04-06T04:39:35.000000;2016-04-06T04:39:35.000000;f9c0b28c-d246-4b4f-be90-1aadc8ed2a82;423.0;0.022;UNKNOWN
2016-04-06T04:39:39.000000;2016-04-06T04:39:39.000000;d2339ffd-6db8-48bc-b82b-a62328f60fe4;423.0;0.208;UNKNOWN
2016-04-06T04:39:42.000000;2016-04-06T04:39:42.000000;c145b9cd-6bcf-41c7-b562-1f53ca309ebd;423.0;0.048;UNKNOWN
2016-04-06T04:39:45.000000;2016-04-06T04:39:45.000000;7b4cb092-cc7f-4801-bfc2-ada79db7f4ab;423.0;0.032;UNKNOWN
2016-04-06T04:39:48.000000;2016-04-06T04:39:48.000000;c0586f06-4012-447a-b1e3-2ad4898ae420;423.0;0.504;UNKNOWN
2016-04-06T04:39:51.000000;2016-04-06T04:39:51.000000;e6b5bd59-a496-43b0-a5b5-04641628d3d7;423.0;0.01;UNKNOWN
2016-04-06T04:39:54.000000;2016-04-06T04:39:54.000000;9516e64d-bf1b-4186-97cc-e1ae878093dd;423.0;0.06;UNKNOWN
2016-04-06T04:39:59.000000;2016-04-06T04:39:59.000000;b0649d9a-4f26-43ce-82e9-5eee97aa8848;423.0;0.03;UNKNOWN
2016-04-06T04:40:02.000000;2016-04-06T04:40:02.000000;9d054ee0-7bc5-46aa-9427-ae5958f38eb5;423.0;0.064;UNKNOWN
2016-04-06T04:40:05.000000;2016-04-06T04:40:05.000000;745e9ca3-6f72-46dd-bdbe-8acad1a5c4af;423.0;0.2;UNKNOWN
2016-04-06T04:40:08.000000;2016-04-06T04:40:08.000000;c61b60d4-cced-45d0-9fc2-46e453fdc35d;423.0;0.106;UNKNOWN
2016-04-06T04:40:11.000000;2016-04-06T04:40:11.000000;62b5fad4-1164-4605-aa9a-4ec61557f63d;423.0;0.169;UNKNOWN
2016-04-06T04:40:15.000000;2016-04-06T04:40:15.000000;e6783a1c-b985-4e85-92ad-7193f0d4fee7;423.0;0.112;UNKNOWN
2016-04-06T04:40:18.000000;2016-04-06T04:40:18.000000;86a70fcc-bf46-47fb-bbef-872230a030b7;423.0;0.01;UNKNOWN
2016-04-06T04:40:29.000000;2016-04-06T04:40:29.000000;d3e4a48a-6b89-49bd-ab23-94238b980f4e;423.0;0.188;UNKNOWN
2016-04-06T04:40:32.000000;2016-04-06T04:40:32.000000;f45c9e2f-0985-4dce-9b8a-df30ecc75438;423.0;0.037;UNKNOWN
2016-04-06T04:40:35.000000;2016-04-06T04:40:35.000000;b0252c21-3e00-4420-b9b9-843439befe3f;423.0;1.0;UNKNOWN
2016-04-06T04:40:39.000000;2016-04-06T04:40:39.000000;72c86fe3-5414-4d52-9f3e-0a8182915c73;423.0;0.348;UNKNOWN
2016-04-06T04:40:42.000000;2016-04-06T04:40:42.000000;1d115731-36ce-4280-8d1a-f538f4ed6787;423.0;0.302;UNKNOWN
2016-04-06T04:40:48.000000;2016-04-06T04:40:48.000000;027a7b35-eade-4acb-a6ed-1bbff04a1b59;423.0;0.126;UNKNOWN
