time_exchange;time_coinpai;guid;price;base_amount;taker_side
2016-04-06T00:00:03.000000;2016-04-06T00:00:03.000000;4795a0f4-6104-4921-a501-d0624abadfd4;422.4;0.29314;UNKNOWN
2016-04-06T00:00:03.000000;2016-04-06T00:00:03.000000;eb3ac09a-b161-45ad-8344-afdf71a76832;422.4;0.1;UNKNOWN
2016-04-06T00:00:31.000000;2016-04-06T00:00:31.000000;8d99b264-7805-4a1e-ac5a-a633589333be;422.4;0.00717;UNKNOWN
2016-04-06T00:00:31.000000;2016-04-06T00:00:31.000000;60a9ae80-b639-4325-863b-7b02db8f67d8;422.4;0.00686;UNKNOWN
2016-04-06T00:01:01.000000;2016-04-06T00:01:01.000000;fad087c3-8e10-4bf8-a04d-eb2e3929d310;422.42;0.27956;UNKNOWN
2016-04-06T00:01:01.000000;2016-04-06T00:01:01.000000;e593c91a-969f-4ca2-b387-ec557a2fa66b;422.42;0.01;UNKNOWN
2016-04-06T00:01:31.000000;2016-04-06T00:01:31.000000;e9e09c70-3552-466c-8fc0-b9d89fee62c1;422.43;0.34605;UNKNOWN
2016-04-06T00:02:31.000000;2016-04-06T00:02:31.000000;29456d68-8fb1-4b7a-a3ec-776b90eb7a6f;422.43;2.86941;UNKNOWN
2016-04-06T00:02:31.000000;2016-04-06T00:02:31.000000;411082a0-746d-4cb3-9335-b83b5d051d68;422.43;0.25395;UNKNOWN
2016-04-06T00:03:01.000000;2016-04-06T00:03:01.000000;4d51f7e2-0ccf-4f15-90b5-91ba3897ff96;422.51;0.1;UNKNOWN
2016-04-06T00:03:01.000000;2016-04-06T00:03:01.000000;3018c541-f32a-4f0c-9cdf-26fb14fe7f39;422.51;0.5007;UNKNOWN
2016-04-06T00:03:01.000000;2016-04-06T00:03:01.000000;a3759b64-a8d6-4be6-8b58-40c8803f33bb;422.56;0.13584938;UNKNOWN
2016-04-06T00:03:01.000000;2016-04-06T00:03:01.000000;b47344be-e400-4f96-abac-7845a468b94d;422.53;0.01;UNKNOWN
2016-04-06T00:03:01.000000;2016-04-06T00:03:01.000000;4da3048c-6fb0-4ed3-a6d1-76a1775caf03;422.43;0.25059;UNKNOWN
2016-04-06T00:03:01.000000;2016-04-06T00:03:01.000000;52516862-be7c-4b1d-9e62-e4de19894d6f;422.5;0.01;UNKNOWN
2016-04-06T00:03:01.000000;2016-04-06T00:03:01.000000;295e6dbe-bfb5-4015-9e08-00f593272d62;422.44;0.02;UNKNOWN
2016-04-06T00:03:01.000000;2016-04-06T00:03:01.000000;4550196b-30b3-4266-9e8f-2c1163fdd3f0;422.5;0.05;UNKNOWN
2016-04-06T00:03:01.000000;2016-04-06T00:03:01.000000;fa37a68c-0302-4179-94a2-4ad88c84c665;422.45;0.01;UNKNOWN
2016-04-06T00:03:01.000000;2016-04-06T00:03:01.000000;c5cd9bcf-5ccb-4ce9-a7d4-f3dc94f66f67;422.5;0.01429062;UNKNOWN
2016-04-06T00:03:01.000000;2016-04-06T00:03:01.000000;e31d462a-b6da-4f5a-8ad2-921b9e259f12;422.56;0.01;UNKNOWN
2016-04-06T00:03:01.000000;2016-04-06T00:03:01.000000;a40af32a-0397-4f73-b66b-c79d3a89f92d;422.56;0.01;UNKNOWN
2016-04-06T00:03:01.000000;2016-04-06T00:03:01.000000;a9d008ad-e737-47c7-a367-a628fdb81661;422.49;0.02;UNKNOWN
2016-04-06T00:03:01.000000;2016-04-06T00:03:01.000000;9e1ed2b1-931e-4f56-91e1-a4ea0433f679;422.56;0.01;UNKNOWN
2016-04-06T00:03:01.000000;2016-04-06T00:03:01.000000;961f5dc0-259c-4d81-a395-c0d1e59b2505;422.5;0.01;UNKNOWN
2016-04-06T00:03:31.000000;2016-04-06T00:03:31.000000;2bce2716-f2d7-4a88-827d-327a97659959;422.46;0.1231;UNKNOWN
2016-04-06T00:04:01.000000;2016-04-06T00:04:01.000000;93f23082-5d82-48bb-882c-df4f6226f478;422.56;0.4537;UNKNOWN
2016-04-06T00:04:31.000000;2016-04-06T00:04:31.000000;6e573557-4392-4c7d-81e7-f5d73badf030;422.54;2.13292;UNKNOWN
2016-04-06T00:04:31.000000;2016-04-06T00:04:31.000000;9cb4306a-bf4f-4519-bb8c-041012e648fc;422.53;0.603;UNKNOWN
2016-04-06T00:05:01.000000;2016-04-06T00:05:01.000000;058d951a-ef43-4953-aab9-49681daabbff;422.55;0.38161;UNKNOWN
2016-04-06T00:05:01.000000;2016-04-06T00:05:01.000000;1e0b9071-9d6c-4d8e-a6a6-4e8b8c3936ab;422.53;0.02;UNKNOWN
2016-04-06T00:05:31.000000;2016-04-06T00:05:31.000000;cc9875f7-56ca-4e44-be17-ccef491b26c7;422.56;0.21045062;UNKNOWN
2016-04-06T00:05:31.000000;2016-04-06T00:05:31.000000;fb25ee6e-a53e-4bbd-854b-11ccc40d082c;422.55;0.278;UNKNOWN
2016-04-06T00:05:31.000000;2016-04-06T00:05:31.000000;d38c712b-5a4f-414b-9622-86dd5dc88ceb;422.51;0.0225;UNKNOWN
2016-04-06T00:05:31.000000;2016-04-06T00:05:31.000000;5a67869a-c3f2-4b35-92dc-88cdbcda9a09;422.55;0.71839;UNKNOWN
2016-04-06T00:05:31.000000;2016-04-06T00:05:31.000000;712a1bd7-3e13-42a1-b5aa-be5b778cc2a6;422.53;0.0166;UNKNOWN
2016-04-06T00:05:31.000000;2016-04-06T00:05:31.000000;f00012e7-5e4f-48a4-aa64-d075652f34ce;422.57;0.26443938;UNKNOWN
2016-04-06T00:05:49.000000;2016-04-06T00:05:49.000000;9f2aff83-5a66-4fa2-9cf2-8c9962255afc;422.49;0.0264;UNKNOWN
2016-04-06T00:05:49.000000;2016-04-06T00:05:49.000000;a914efad-f1ea-42a8-a4f2-7f479d4a5693;422.49;0.0151;UNKNOWN
2016-04-06T00:05:49.000000;2016-04-06T00:05:49.000000;a927d96c-38b3-4f40-96c5-1a33afa472ca;422.49;0.0262;UNKNOWN
2016-04-06T00:05:49.000000;2016-04-06T00:05:49.000000;1a6e4095-fc13-4883-a652-bc7bcc1dfe32;422.49;0.0278;UNKNOWN
2016-04-06T00:05:49.000000;2016-04-06T00:05:49.000000;51d1e035-a8d1-483c-9eaa-a492aa0f4427;422.49;0.0164;UNKNOWN
2016-04-06T00:05:49.000000;2016-04-06T00:05:49.000000;90ecb6d6-0ba7-4b83-8f17-8cbd04784698;422.49;0.0281;UNKNOWN
2016-04-06T00:06:01.000000;2016-04-06T00:06:01.000000;1f19dab6-163b-4598-b97d-dd0843b8b8df;422.48;1.05532;UNKNOWN
2016-04-06T00:06:31.000000;2016-04-06T00:06:31.000000;1ff8698e-edef-4672-ba05-3d58419f7039;422.48;0.0373;UNKNOWN
2016-04-06T00:06:31.000000;2016-04-06T00:06:31.000000;cf6a7a05-84f1-4024-a7d0-47277625257b;422.57;2.38171;UNKNOWN
2016-04-06T00:06:31.000000;2016-04-06T00:06:31.000000;5161869a-d91a-499b-8df2-f91ef62fa2e6;422.48;0.0346;UNKNOWN
2016-04-06T00:06:31.000000;2016-04-06T00:06:31.000000;34d2122b-b788-4c1f-a2e2-3e2e7c1d3707;422.49;0.0292;UNKNOWN
2016-04-06T00:06:31.000000;2016-04-06T00:06:31.000000;26c1dfcb-0610-44c5-9df2-2d3f97d0f5bd;422.48;0.0172;UNKNOWN
2016-04-06T00:06:31.000000;2016-04-06T00:06:31.000000;d8c3f175-2305-45a4-b206-6876be4d79c2;422.48;0.0282;UNKNOWN
2016-04-06T00:06:31.000000;2016-04-06T00:06:31.000000;ca2ee6b7-9356-44d5-9703-7943a97cd5b5;422.56;0.095;UNKNOWN
2016-04-06T00:06:31.000000;2016-04-06T00:06:31.000000;d5db2744-9db3-4ae1-a873-154360646477;422.51;0.109;UNKNOWN
2016-04-06T00:06:31.000000;2016-04-06T00:06:31.000000;591817fd-2330-4422-bc5b-5d85070f342a;422.49;0.0314;UNKNOWN
2016-04-06T00:06:31.000000;2016-04-06T00:06:31.000000;e5837c4b-f6e3-4f63-b400-8b1c6f40802c;422.48;0.0383;UNKNOWN
2016-04-06T00:06:31.000000;2016-04-06T00:06:31.000000;a20484d3-de70-4e93-9921-50d873fd3131;422.48;0.0394;UNKNOWN
2016-04-06T00:06:31.000000;2016-04-06T00:06:31.000000;27ff0136-628b-4674-b30b-9205981cdf5b;422.48;0.0464;UNKNOWN
2016-04-06T00:06:31.000000;2016-04-06T00:06:31.000000;442abdfd-b8c0-41db-b013-037fc6f43a35;422.48;0.0452;UNKNOWN
2016-04-06T00:07:01.000000;2016-04-06T00:07:01.000000;23b56f74-5f02-4168-a76f-75a34e9b7c2e;422.69;3.174;UNKNOWN
2016-04-06T00:07:01.000000;2016-04-06T00:07:01.000000;981b2467-36d5-44b7-a5fb-2f1c1cae4638;422.7;0.01;UNKNOWN
2016-04-06T00:07:01.000000;2016-04-06T00:07:01.000000;b43a2834-d560-46ed-97a4-f3bdebd06d45;422.7;0.05;UNKNOWN
2016-04-06T00:07:01.000000;2016-04-06T00:07:01.000000;a8b0b17d-a8a3-467f-9a89-4198bec94e91;422.7;11.06767884;UNKNOWN
2016-04-06T00:07:01.000000;2016-04-06T00:07:01.000000;dce125d6-1032-468f-a4d8-dc43654817a8;422.48;0.029;UNKNOWN
2016-04-06T00:07:01.000000;2016-04-06T00:07:01.000000;4f7f87e0-a5c6-4770-af62-81d828403e7b;422.57;5.0;UNKNOWN
2016-04-06T00:07:01.000000;2016-04-06T00:07:01.000000;72142220-fd70-4289-ae30-b315877fabb5;422.57;0.01548856;UNKNOWN
2016-04-06T00:07:01.000000;2016-04-06T00:07:01.000000;1763c567-64bd-4bf2-9636-9de7a774e8bc;422.48;0.0235;UNKNOWN
2016-04-06T00:07:01.000000;2016-04-06T00:07:01.000000;000facba-8e59-4dd2-b6f9-150f802326cc;422.68;0.95;UNKNOWN
2016-04-06T00:07:01.000000;2016-04-06T00:07:01.000000;6cab79fb-dca9-4f02-b8e0-cedc6b510c6d;422.56;0.536;UNKNOWN
2016-04-06T00:07:01.000000;2016-04-06T00:07:01.000000;73135ed7-b1c8-424e-8fb2-ac8d41ab2fee;422.48;0.0223;UNKNOWN
2016-04-06T00:07:01.000000;2016-04-06T00:07:01.000000;d7072a24-89e5-4879-b413-87beddfd6bdc;422.48;0.0129;UNKNOWN
2016-04-06T00:07:01.000000;2016-04-06T00:07:01.000000;9aac2f4a-9a29-4eca-b7b0-06ee16acc31a;422.66;0.3702426;UNKNOWN
2016-04-06T00:07:01.000000;2016-04-06T00:07:01.000000;1449f1aa-9a29-4bd9-8475-deba43dc5106;422.65;0.01;UNKNOWN
2016-04-06T00:07:01.000000;2016-04-06T00:07:01.000000;f1e2d1c1-4bae-4e33-8835-b41c2f707ad1;422.67;2.393;UNKNOWN
2016-04-06T00:07:01.000000;2016-04-06T00:07:01.000000;c9c8051a-3d6b-4673-bf1b-cba112087f83;422.6;0.01;UNKNOWN
2016-04-06T00:07:01.000000;2016-04-06T00:07:01.000000;8e2a334e-93bd-45f7-b0db-8f4d30cddd0d;422.61;0.01;UNKNOWN
2016-04-06T00:07:01.000000;2016-04-06T00:07:01.000000;c84b13b4-146e-4a61-8a0e-fc23b8291a78;422.62;0.02;UNKNOWN
2016-04-06T00:07:01.000000;2016-04-06T00:07:01.000000;83daf1ac-96b4-4c27-af21-292abfc80251;422.58;0.01;UNKNOWN
2016-04-06T00:07:01.000000;2016-04-06T00:07:01.000000;07c722d8-555f-4042-b255-e401ad00d385;422.58;0.01;UNKNOWN
2016-04-06T00:07:01.000000;2016-04-06T00:07:01.000000;80fbdaae-6244-43bf-be86-aa00e0d5c243;422.61;0.545;UNKNOWN
2016-04-06T00:07:01.000000;2016-04-06T00:07:01.000000;a18128f3-08e6-4fc8-b4b6-fa8cdfd01d00;422.66;0.02;UNKNOWN
2016-04-06T00:07:01.000000;2016-04-06T00:07:01.000000;d7c492e7-e6d9-48c7-a789-b56276b7e828;422.66;0.509;UNKNOWN
2016-04-06T00:07:01.000000;2016-04-06T00:07:01.000000;0d76f7fe-1445-41b5-8af9-08b4667b4879;422.67;0.01;UNKNOWN
2016-04-06T00:07:31.000000;2016-04-06T00:07:31.000000;99e49038-9169-430e-b5de-9d254302b40e;422.69;0.41886;UNKNOWN
2016-04-06T00:07:31.000000;2016-04-06T00:07:31.000000;f0ae6edb-71d1-4dd9-a863-3000e4c93f30;422.68;0.468;UNKNOWN
2016-04-06T00:07:31.000000;2016-04-06T00:07:31.000000;62e98a75-619d-4b9b-94e2-77776f92f535;422.68;0.022;UNKNOWN
2016-04-06T00:08:01.000000;2016-04-06T00:08:01.000000;d9fc084e-53f2-4d61-8de0-f3e080fd39a1;422.69;0.33525;UNKNOWN
2016-04-06T00:08:31.000000;2016-04-06T00:08:31.000000;9fa638f9-11de-466c-b00d-4b429eafaac7;422.61;0.01815;UNKNOWN
2016-04-06T00:09:00.000000;2016-04-06T00:09:00.000000;97deb02c-9807-41ff-83cf-b2afb3cfc5bd;422.69;0.07;UNKNOWN
2016-04-06T00:09:00.000000;2016-04-06T00:09:00.000000;29cf5fcf-4881-4466-ab29-8b1ca52906e5;422.69;0.01;UNKNOWN
2016-04-06T00:09:01.000000;2016-04-06T00:09:01.000000;ffe16603-0f3d-4b2e-a45b-e0b73c033622;422.61;0.01376;UNKNOWN
2016-04-06T00:09:32.000000;2016-04-06T00:09:32.000000;fbd89fc9-2b17-4e73-b8e2-7929d12b6e46;422.61;0.02798;UNKNOWN
2016-04-06T00:10:01.000000;2016-04-06T00:10:01.000000;f622687d-e258-4707-a8a5-d920cc89c9cc;422.61;4.25151;UNKNOWN
2016-04-06T00:10:28.000000;2016-04-06T00:10:28.000000;8f88abf9-acc1-4ec6-bfa7-9e1bcb2e4d6c;422.69;0.39183;UNKNOWN
2016-04-06T00:10:28.000000;2016-04-06T00:10:28.000000;2249b105-9984-430a-a7b3-2b3b09453f98;422.7;0.124;UNKNOWN
2016-04-06T00:10:28.000000;2016-04-06T00:10:28.000000;548906e1-9f49-4137-ab88-296d86c30ac7;422.69;0.03417;UNKNOWN
2016-04-06T00:10:33.000000;2016-04-06T00:10:33.000000;4e719d4b-dd52-4b68-804a-7bf9697ccf61;422.69;0.4;UNKNOWN
2016-04-06T00:10:33.000000;2016-04-06T00:10:33.000000;0fcfa4a9-e887-4fd6-8d84-40d0b56ca0ba;422.7;1.0054;UNKNOWN
2016-04-06T00:11:01.000000;2016-04-06T00:11:01.000000;37cd3422-bac3-4cb6-8055-9019b2d00838;422.58;0.128;UNKNOWN
2016-04-06T00:11:01.000000;2016-04-06T00:11:01.000000;56155b84-d09d-42c2-95de-9fb8ddbdc4e6;422.6;0.022;UNKNOWN
2016-04-06T00:11:01.000000;2016-04-06T00:11:01.000000;7fdda232-5259-4ebd-b1f4-e2ef2d49794a;422.6;0.025;UNKNOWN
2016-04-06T00:11:01.000000;2016-04-06T00:11:01.000000;8d73dd9a-2be3-42f8-a9b2-877067873a80;422.61;0.14;UNKNOWN
2016-04-06T00:11:01.000000;2016-04-06T00:11:01.000000;59ceac10-2d2a-4b37-b9dd-a237881d1de5;422.48;0.08;UNKNOWN
2016-04-06T00:11:01.000000;2016-04-06T00:11:01.000000;531d84ed-eadc-4ad1-93f1-a7f3ab2dfaa8;422.5;0.01;UNKNOWN
2016-04-06T00:11:01.000000;2016-04-06T00:11:01.000000;bc80adae-ec30-43f1-9d3c-f3c71274a579;422.53;0.081;UNKNOWN
2016-04-06T00:11:01.000000;2016-04-06T00:11:01.000000;30f34072-be51-40f8-b5c2-d3192f8c11bc;422.43;0.26424;UNKNOWN
2016-04-06T00:11:01.000000;2016-04-06T00:11:01.000000;45f2560d-6e3e-45db-9a48-f80ffbd6d197;422.45;0.57;UNKNOWN
2016-04-06T00:11:31.000000;2016-04-06T00:11:31.000000;80017a15-382b-4df4-b67a-a8fddc7abefb;422.46;0.28443;UNKNOWN
2016-04-06T00:11:31.000000;2016-04-06T00:11:31.000000;d6dd2775-367c-4fa3-b18a-4894586ddba2;422.47;0.01;UNKNOWN
2016-04-06T00:12:00.000000;2016-04-06T00:12:00.000000;eb27531e-9b3f-4b1c-9ad7-b5777017beb3;422.34;0.077;UNKNOWN
2016-04-06T00:12:00.000000;2016-04-06T00:12:00.000000;e1bc2e5d-d29a-435d-8bd9-b6b2432e0d90;422.4;0.097;UNKNOWN
2016-04-06T00:12:00.000000;2016-04-06T00:12:00.000000;3301d676-a036-467f-959d-69cce5a9449a;422.49;0.022;UNKNOWN
2016-04-06T00:12:00.000000;2016-04-06T00:12:00.000000;35d264cc-aef6-4176-bb33-cb350c99f70b;422.45;0.072;UNKNOWN
2016-04-06T00:12:00.000000;2016-04-06T00:12:00.000000;c210dc07-77f2-4130-97db-bfa42ef86fff;422.4;0.03;UNKNOWN
2016-04-06T00:12:00.000000;2016-04-06T00:12:00.000000;416b66a7-25a6-4817-a330-7fcf7694e399;422.32;0.612;UNKNOWN
2016-04-06T00:12:01.000000;2016-04-06T00:12:01.000000;c23498e0-d4d8-4778-9b80-04c6085ed756;422.6;0.2195;UNKNOWN
2016-04-06T00:12:31.000000;2016-04-06T00:12:31.000000;4a049cb9-2fcd-48d1-87c0-a0171582e016;422.61;1.98503;UNKNOWN
2016-04-06T00:13:01.000000;2016-04-06T00:13:01.000000;16d8bda2-3bcf-432f-8988-c73744dd93fe;422.63;0.01;UNKNOWN
2016-04-06T00:13:01.000000;2016-04-06T00:13:01.000000;7abb951e-5628-4822-a25a-c9998a8a6468;422.63;0.03555;UNKNOWN
2016-04-06T00:13:31.000000;2016-04-06T00:13:31.000000;ce3e6139-554e-4a14-8e93-106724f4425b;422.62;0.21;UNKNOWN
2016-04-06T00:13:31.000000;2016-04-06T00:13:31.000000;f1334733-0801-48cf-bf33-63590456cb65;422.62;0.32652;UNKNOWN
2016-04-06T00:14:01.000000;2016-04-06T00:14:01.000000;328c03a4-cc3d-4836-a8c1-1ee126b9a471;422.66;0.55362;UNKNOWN
2016-04-06T00:14:31.000000;2016-04-06T00:14:31.000000;266f69f7-ab2d-4329-b0ff-65d5a113b136;422.36;0.08684;UNKNOWN
2016-04-06T00:14:31.000000;2016-04-06T00:14:31.000000;5bef4b70-f6dc-4439-99c9-051b988317ea;422.38;0.3;UNKNOWN
2016-04-06T00:14:31.000000;2016-04-06T00:14:31.000000;fc1d54c5-8277-47b9-834f-74befee33628;422.49;0.022;UNKNOWN
2016-04-06T00:14:31.000000;2016-04-06T00:14:31.000000;7d8efb08-9342-46ed-8d74-24db52e3a24d;422.41;0.079;UNKNOWN
2016-04-06T00:14:31.000000;2016-04-06T00:14:31.000000;5daf634a-13be-4c15-ac26-51c86c46b539;422.51;0.28;UNKNOWN
2016-04-06T00:14:31.000000;2016-04-06T00:14:31.000000;f62d7b8f-6b17-4cea-ba1c-4ec7bce6be02;422.51;0.12;UNKNOWN
2016-04-06T00:14:31.000000;2016-04-06T00:14:31.000000;b5ff157d-973f-4ad1-9dba-05d77b02fc5e;422.46;0.125;UNKNOWN
2016-04-06T00:15:01.000000;2016-04-06T00:15:01.000000;10e5a31a-9be2-4801-9240-7232780d41e2;422.35;0.13898;UNKNOWN
2016-04-06T00:15:31.000000;2016-04-06T00:15:31.000000;6b3e542c-3d2b-4d36-83fc-ba14032d6d00;422.58;0.06605;UNKNOWN
2016-04-06T00:15:31.000000;2016-04-06T00:15:31.000000;4aeb56b9-b41d-4ea1-905b-588b5d00c034;422.58;0.118;UNKNOWN
2016-04-06T00:16:01.000000;2016-04-06T00:16:01.000000;05b48ffa-2f18-4201-878b-db2d91376951;422.67;0.14932;UNKNOWN
2016-04-06T00:16:01.000000;2016-04-06T00:16:01.000000;f0987f9f-e555-4356-9c8c-538ea45bbc09;422.67;0.419;UNKNOWN
2016-04-06T00:16:01.000000;2016-04-06T00:16:01.000000;210603f7-4802-4fb2-b6cd-bf29bc1b8534;422.67;0.31;UNKNOWN
2016-04-06T00:16:31.000000;2016-04-06T00:16:31.000000;6e8e1dd9-560f-442d-9bac-6b376c7e6d9a;422.7;0.43968;UNKNOWN
2016-04-06T00:16:31.000000;2016-04-06T00:16:31.000000;bb3e28ae-8736-4755-9170-aad232ad2162;422.68;2.945;UNKNOWN
2016-04-06T00:16:31.000000;2016-04-06T00:16:31.000000;5bf327c7-57e1-466b-a4e7-0f99adda5ea1;422.66;0.414;UNKNOWN
2016-04-06T00:16:31.000000;2016-04-06T00:16:31.000000;bca66d49-435b-4069-be3f-ac485f7642ad;422.69;0.0271;UNKNOWN
2016-04-06T00:16:31.000000;2016-04-06T00:16:31.000000;e4174e77-5df8-4021-af0e-f3da299981b7;422.69;0.022;UNKNOWN
2016-04-06T00:16:31.000000;2016-04-06T00:16:31.000000;e5be4365-7847-4f7f-83fa-06bc4a2e9d7b;422.67;3.17968;UNKNOWN
2016-04-06T00:16:39.000000;2016-04-06T00:16:39.000000;dd1fa202-ca74-43dc-a90e-b2852cec9459;422.7;36.9;UNKNOWN
2016-04-06T00:16:39.000000;2016-04-06T00:16:39.000000;33eac49b-3c6e-4d8f-b293-d8d98a56a360;422.67;5.13;UNKNOWN
2016-04-06T00:16:39.000000;2016-04-06T00:16:39.000000;bbd15740-d0b9-4c91-8aa3-10c4703bd384;422.68;1.71;UNKNOWN
2016-04-06T00:16:39.000000;2016-04-06T00:16:39.000000;7b14ebee-5f35-4d77-ae2a-b38407404a4c;422.68;0.356;UNKNOWN
2016-04-06T00:16:39.000000;2016-04-06T00:16:39.000000;ca89d71e-ee59-40bb-95d3-63ca661af26e;422.69;0.022;UNKNOWN
2016-04-06T00:16:39.000000;2016-04-06T00:16:39.000000;1c85b22b-39a9-400b-a179-252d85dbfab2;422.69;3.0;UNKNOWN
2016-04-06T00:16:39.000000;2016-04-06T00:16:39.000000;9753e668-0f6f-470a-90a0-2b34b1427054;422.69;2.882;UNKNOWN
2016-04-06T00:17:01.000000;2016-04-06T00:17:01.000000;f2134b06-f156-4a98-a4ef-e64ad6704a79;422.65;0.345;UNKNOWN
2016-04-06T00:17:01.000000;2016-04-06T00:17:01.000000;704cb336-a700-472d-9a8c-642cd5c45588;422.65;0.01;UNKNOWN
2016-04-06T00:17:01.000000;2016-04-06T00:17:01.000000;048c8eab-f4b5-4c2e-a037-4a39a393f870;422.69;5.51;UNKNOWN
2016-04-06T00:17:01.000000;2016-04-06T00:17:01.000000;f7f2303e-5332-43ca-af2e-2e1f66c78c1b;422.7;0.80398;UNKNOWN
2016-04-06T00:17:31.000000;2016-04-06T00:17:31.000000;5aa73f2a-5de0-4947-aeb3-c226e5691d88;422.51;0.798;UNKNOWN
2016-04-06T00:17:31.000000;2016-04-06T00:17:31.000000;af809b73-4b54-4125-a979-eec683fa81e2;422.51;0.012;UNKNOWN
2016-04-06T00:17:31.000000;2016-04-06T00:17:31.000000;410ab37d-454c-450b-af10-c738aa43eb31;422.53;0.1;UNKNOWN
2016-04-06T00:17:31.000000;2016-04-06T00:17:31.000000;8b5968f2-5007-4ab7-97d3-2dd04b0ae441;422.58;0.17;UNKNOWN
2016-04-06T00:17:31.000000;2016-04-06T00:17:31.000000;54206062-81d6-49e2-85cb-d8c73b2bfa1b;422.58;0.022;UNKNOWN
2016-04-06T00:17:31.000000;2016-04-06T00:17:31.000000;eefbb411-145d-4ced-8b64-bc86e1fb206d;422.55;0.09;UNKNOWN
2016-04-06T00:17:31.000000;2016-04-06T00:17:31.000000;54c21345-6ebd-4aba-8166-c752cba73f58;422.51;1.01051;UNKNOWN
2016-04-06T00:17:31.000000;2016-04-06T00:17:31.000000;4fa96d79-1cc7-4424-a507-a9365572610e;422.58;0.894;UNKNOWN
2016-04-06T00:17:31.000000;2016-04-06T00:17:31.000000;0769c240-d205-472e-8bee-1c5db973c04b;422.58;0.03;UNKNOWN
2016-04-06T00:17:31.000000;2016-04-06T00:17:31.000000;3566a958-1270-4ead-a1a8-f75fa0530c01;422.58;0.02;UNKNOWN
2016-04-06T00:17:58.000000;2016-04-06T00:17:58.000000;8eb070f7-be13-4afb-9167-5cc63b2b33f1;422.7;0.088;UNKNOWN
2016-04-06T00:17:58.000000;2016-04-06T00:17:58.000000;5a8204c6-de87-4bc7-88d5-ea5d90fac1a8;422.68;0.022;UNKNOWN
2016-04-06T00:18:01.000000;2016-04-06T00:18:01.000000;99419845-3655-42b6-b1f9-2094798430f0;422.7;1.2399;UNKNOWN
2016-04-06T00:18:03.000000;2016-04-06T00:18:03.000000;cb120f32-9302-4d42-b28e-8be505182cde;422.7;0.01;UNKNOWN
2016-04-06T00:18:31.000000;2016-04-06T00:18:31.000000;0c64843e-3706-41a9-b05a-92cbc4460cb7;422.7;1.95102;UNKNOWN
2016-04-06T00:19:01.000000;2016-04-06T00:19:01.000000;3cf32228-14ac-4d5b-923b-be283d84c67d;422.7;0.74954;UNKNOWN
2016-04-06T00:19:31.000000;2016-04-06T00:19:31.000000;b81929f9-9fcf-47e9-840c-13e506dcf8c3;422.69;4.74481;UNKNOWN
2016-04-06T00:19:51.000000;2016-04-06T00:19:51.000000;e21607fb-2ecc-4071-a448-dcf88031fda9;422.69;0.0194;UNKNOWN
2016-04-06T00:19:51.000000;2016-04-06T00:19:51.000000;79a39cdd-e1f5-48db-8fa2-4e6988ec7d74;422.69;0.0198;UNKNOWN
2016-04-06T00:19:51.000000;2016-04-06T00:19:51.000000;52de5aea-c581-4793-b8e7-7b629b7b656b;422.69;0.0275;UNKNOWN
2016-04-06T00:19:51.000000;2016-04-06T00:19:51.000000;26ed0391-60a8-461f-ac43-b8c6eeaa06ca;422.69;0.0249;UNKNOWN
2016-04-06T00:19:51.000000;2016-04-06T00:19:51.000000;fbd24330-0ae1-4493-a8ea-3d046d464cf0;422.69;0.0196;UNKNOWN
2016-04-06T00:19:51.000000;2016-04-06T00:19:51.000000;f7aa2c07-a989-4c5e-b086-ac28362afe62;422.69;0.0271;UNKNOWN
2016-04-06T00:19:51.000000;2016-04-06T00:19:51.000000;240844c1-dcf7-4002-b921-a059109c87c2;422.69;0.0298;UNKNOWN
2016-04-06T00:19:51.000000;2016-04-06T00:19:51.000000;b8061adf-cd04-4b24-a586-3569e611d95b;422.69;0.185;UNKNOWN
2016-04-06T00:19:51.000000;2016-04-06T00:19:51.000000;b1e37eef-2d6b-40d7-af40-8998624c0e6c;422.69;0.0276;UNKNOWN
2016-04-06T00:19:51.000000;2016-04-06T00:19:51.000000;c77a47f8-fb87-49b8-8eeb-716c4b44b332;422.69;0.0332;UNKNOWN
2016-04-06T00:19:51.000000;2016-04-06T00:19:51.000000;d57b7c7f-f9da-484e-8bd5-0d7305f5f611;422.69;0.0278;UNKNOWN
2016-04-06T00:19:51.000000;2016-04-06T00:19:51.000000;928c6cfe-fe00-4050-9911-2c0ca9afe42f;422.69;0.0303;UNKNOWN
2016-04-06T00:19:51.000000;2016-04-06T00:19:51.000000;bedd6b6b-2558-4a6d-a6b0-097efca28d52;422.69;0.0299;UNKNOWN
2016-04-06T00:19:51.000000;2016-04-06T00:19:51.000000;3d1aa69d-2517-4004-93f3-7b71f8c57607;422.69;0.0257;UNKNOWN
2016-04-06T00:19:51.000000;2016-04-06T00:19:51.000000;eb9b9b99-24f5-4187-94e6-55fd4c1341f7;422.69;0.4724;UNKNOWN
2016-04-06T00:20:05.000000;2016-04-06T00:20:05.000000;f851f5bf-4089-43a2-a5f9-7cc23995cac1;422.7;0.02884;UNKNOWN
2016-04-06T00:20:31.000000;2016-04-06T00:20:31.000000;96b5255b-b8ec-4cd2-ae22-30aa935c3cd6;422.69;1.31973;UNKNOWN
2016-04-06T00:21:02.000000;2016-04-06T00:21:02.000000;bc183aa4-fc21-4286-8858-33a8a5bd75ed;422.7;0.32472;UNKNOWN
2016-04-06T00:21:23.000000;2016-04-06T00:21:23.000000;a6b0db0f-bac7-49db-b5cb-95963d751146;422.69;0.42942;UNKNOWN
2016-04-06T00:21:23.000000;2016-04-06T00:21:23.000000;db1455e5-db46-43b2-b7d0-449766e10684;422.69;0.1239;UNKNOWN
2016-04-06T00:21:23.000000;2016-04-06T00:21:23.000000;9367a72b-d2d6-4e97-939e-cbea48f13cff;422.69;0.08668;UNKNOWN
2016-04-06T00:21:31.000000;2016-04-06T00:21:31.000000;6e8997b4-fa35-4487-95fa-255c9d247ca3;422.7;1.15575;UNKNOWN
2016-04-06T00:22:04.000000;2016-04-06T00:22:04.000000;b2502899-75bc-4faf-be01-a86bcd418868;422.69;0.15852;UNKNOWN
2016-04-06T00:22:04.000000;2016-04-06T00:22:04.000000;821a6efb-6f1b-4006-b12d-a202ee856115;422.69;0.4;UNKNOWN
2016-04-06T00:22:04.000000;2016-04-06T00:22:04.000000;b8a09f0d-c066-4e60-b787-7c204e00f9f9;422.69;0.0178;UNKNOWN
2016-04-06T00:22:04.000000;2016-04-06T00:22:04.000000;d80c1328-a82d-43a0-90fb-1077d9fe0abf;422.69;0.139;UNKNOWN
2016-04-06T00:22:32.000000;2016-04-06T00:22:32.000000;488cb534-c0e1-4172-b103-1ec44ea70f6b;422.7;2.45706;UNKNOWN
2016-04-06T00:23:26.000000;2016-04-06T00:23:26.000000;7b82d1c5-99da-43ee-9bc4-4750f266bc16;422.7;0.03;UNKNOWN
2016-04-06T00:24:05.000000;2016-04-06T00:24:05.000000;26b3cce2-933f-4f86-9257-dd31a1967df7;422.7;0.22096;UNKNOWN
2016-04-06T00:24:05.000000;2016-04-06T00:24:05.000000;0ce9edb9-48a2-4349-bda1-5d41a8f391b8;422.7;0.0425168;UNKNOWN
2016-04-06T00:24:05.000000;2016-04-06T00:24:05.000000;beb62c8d-202c-450a-826b-de9114d63188;422.7;0.2565232;UNKNOWN
2016-04-06T00:25:34.000000;2016-04-06T00:25:34.000000;c9cf23cc-75c2-4430-9372-15ef968c449e;422.7;0.02724174;UNKNOWN
2016-04-06T00:26:14.000000;2016-04-06T00:26:14.000000;22e3e2eb-5d2d-45cb-829c-13fdc9e9e031;422.9;0.01;UNKNOWN
2016-04-06T00:26:14.000000;2016-04-06T00:26:14.000000;1c9cc459-aea7-482b-83ef-9c03f45c06e8;422.87;0.02;UNKNOWN
2016-04-06T00:26:14.000000;2016-04-06T00:26:14.000000;fa327764-ac04-46a1-a43b-b69def06ca37;422.81;0.384;UNKNOWN
2016-04-06T00:26:14.000000;2016-04-06T00:26:14.000000;96971746-3d3b-43ae-8974-b80e16888e29;422.8;0.01;UNKNOWN
2016-04-06T00:26:14.000000;2016-04-06T00:26:14.000000;4d5b698d-9b7d-4706-800f-05a74675c73e;422.9;0.1;UNKNOWN
2016-04-06T00:26:14.000000;2016-04-06T00:26:14.000000;ea1efd45-fa7d-4edc-b0df-55f974466e47;422.8;0.01;UNKNOWN
2016-04-06T00:26:14.000000;2016-04-06T00:26:14.000000;0de4125b-92ed-4665-95ae-f9c9e31c2bdc;422.86;0.425;UNKNOWN
2016-04-06T00:26:14.000000;2016-04-06T00:26:14.000000;aad77dad-7b08-4efd-8b34-25d1b799e4f4;422.76;0.43;UNKNOWN
2016-04-06T00:26:14.000000;2016-04-06T00:26:14.000000;fa2abfc3-d98e-4a3c-afc1-aebdaf51fef7;422.7;1.27870686;UNKNOWN
2016-04-06T00:26:14.000000;2016-04-06T00:26:14.000000;9b46b180-80e3-4a19-bad7-f667a3f2a5f5;422.7;0.15;UNKNOWN
2016-04-06T00:26:14.000000;2016-04-06T00:26:14.000000;0f52a259-3102-4ada-aad0-3df2464a2ca9;422.76;0.01;UNKNOWN
2016-04-06T00:26:14.000000;2016-04-06T00:26:14.000000;5382a67d-68a4-44c0-947a-cd8e379b8f96;422.7;0.02;UNKNOWN
2016-04-06T00:26:14.000000;2016-04-06T00:26:14.000000;2a364718-73cd-46e0-8449-32de9436389b;422.7;0.4;UNKNOWN
2016-04-06T00:26:14.000000;2016-04-06T00:26:14.000000;c511825b-4c02-4b91-9f17-a6384f627f5e;422.75;0.01;UNKNOWN
2016-04-06T00:26:14.000000;2016-04-06T00:26:14.000000;ac4f6104-fea4-4e44-bbde-051bff8ea6b9;422.73;0.01;UNKNOWN
2016-04-06T00:26:14.000000;2016-04-06T00:26:14.000000;22613f9d-f603-40e2-be97-97fcb1827cff;422.71;0.02;UNKNOWN
2016-04-06T00:26:14.000000;2016-04-06T00:26:14.000000;04e41fa7-3003-4e15-82bd-72e1d6c42931;422.75;0.13116197;UNKNOWN
2016-04-06T00:26:14.000000;2016-04-06T00:26:14.000000;e1ffcfb9-d8b7-44be-a228-87418ef06152;422.73;0.01;UNKNOWN
2016-04-06T00:26:14.000000;2016-04-06T00:26:14.000000;4986aeb5-d97e-4e95-8166-2ae16a4934dc;422.75;0.01427153;UNKNOWN
2016-04-06T00:26:14.000000;2016-04-06T00:26:14.000000;5e926d31-7455-447a-9d12-dd179fe6157d;422.84;0.02;UNKNOWN
2016-04-06T00:26:14.000000;2016-04-06T00:26:14.000000;597b553e-e919-4c4e-9d96-0b4b07b49823;422.91;0.69942457;UNKNOWN
2016-04-06T00:26:14.000000;2016-04-06T00:26:14.000000;faddf612-cfd3-4ee8-abc0-26867da10938;422.83;0.01;UNKNOWN
2016-04-06T00:26:14.000000;2016-04-06T00:26:14.000000;4a74d6b3-7fca-478d-973e-868c61268fbf;422.85;0.65556958;UNKNOWN
2016-04-06T00:26:14.000000;2016-04-06T00:26:14.000000;199afbfe-71c1-4b74-9657-fcc1164fd904;422.9;0.57;UNKNOWN
2016-04-06T00:26:14.000000;2016-04-06T00:26:14.000000;a7dfd24d-9805-4e27-a446-9b1fe82e0676;422.91;0.387;UNKNOWN
2016-04-06T00:26:14.000000;2016-04-06T00:26:14.000000;e128b3f9-1d64-4a45-9632-97d27d168aa7;422.9;0.01;UNKNOWN
2016-04-06T00:26:14.000000;2016-04-06T00:26:14.000000;76468eb2-035b-4bc0-baf2-66a353d257a7;422.86;0.0409731;UNKNOWN
2016-04-06T00:26:14.000000;2016-04-06T00:26:14.000000;c13f062e-cea1-4ff2-b010-bfa4cc0690f6;422.86;0.16389239;UNKNOWN
2016-04-06T00:30:31.000000;2016-04-06T00:30:31.000000;0bfc327a-54b2-41f5-9666-03812ef550d3;422.69;0.0201;UNKNOWN
2016-04-06T00:30:31.000000;2016-04-06T00:30:31.000000;2657be0d-5cbc-47cf-a1c8-33c366ea0253;422.69;0.0224;UNKNOWN
2016-04-06T00:30:31.000000;2016-04-06T00:30:31.000000;c41ce6bb-0ad8-40da-929b-2b09dff24a35;422.69;0.0184;UNKNOWN
2016-04-06T00:30:31.000000;2016-04-06T00:30:31.000000;1c34a78e-ea4f-4a41-999e-9fd7b1bd321f;422.69;21.91853;UNKNOWN
2016-04-06T00:30:31.000000;2016-04-06T00:30:31.000000;de245dda-272e-4e3a-b370-eafb881d6456;422.69;0.0214;UNKNOWN
2016-04-06T00:30:31.000000;2016-04-06T00:30:31.000000;72d1afd2-ec91-4325-bc33-27c53b1029d2;422.69;0.0191;UNKNOWN
2016-04-06T00:31:01.000000;2016-04-06T00:31:01.000000;233c6df3-5df8-4399-8b18-56c8cd9b9e9e;422.6;0.3;UNKNOWN
2016-04-06T00:31:01.000000;2016-04-06T00:31:01.000000;b184d17d-1e95-4705-99aa-b75171935043;422.55;0.077;UNKNOWN
2016-04-06T00:31:01.000000;2016-04-06T00:31:01.000000;c167381f-bcf2-40ee-ae11-e2a01953622a;422.52;0.56384;UNKNOWN
2016-04-06T00:31:01.000000;2016-04-06T00:31:01.000000;8f1b8f14-8643-47a5-ab6a-a089aee8747b;422.6;0.1;UNKNOWN
2016-04-06T00:31:01.000000;2016-04-06T00:31:01.000000;5c05d644-2f74-4685-9987-9e924cc5691c;422.65;0.02;UNKNOWN
2016-04-06T00:31:31.000000;2016-04-06T00:31:31.000000;da112171-ca86-4ffb-9ede-eca533644419;422.68;0.02331;UNKNOWN
2016-04-06T00:32:01.000000;2016-04-06T00:32:01.000000;87d5a284-eedd-4233-baa2-6a799fc13062;422.68;0.27801;UNKNOWN
2016-04-06T00:33:01.000000;2016-04-06T00:33:01.000000;d51b1a5b-918e-4eed-af85-d90cfd866233;422.68;0.58368;UNKNOWN
2016-04-06T00:33:01.000000;2016-04-06T00:33:01.000000;60e74137-35fb-42b4-a00e-aa51437612a3;422.68;1.224;UNKNOWN
2016-04-06T00:33:01.000000;2016-04-06T00:33:01.000000;56887b07-459f-4487-87c1-fc37d76fd7f8;422.68;0.12166;UNKNOWN
2016-04-06T00:33:31.000000;2016-04-06T00:33:31.000000;388734be-1d93-4cf4-970d-10aaae9bb611;422.59;0.14;UNKNOWN
2016-04-06T00:33:31.000000;2016-04-06T00:33:31.000000;efa0343f-aa82-4917-8abd-e3b27f4bd420;422.66;0.094;UNKNOWN
2016-04-06T00:33:31.000000;2016-04-06T00:33:31.000000;65d45057-7a16-4151-a4f0-17e30da9632f;422.67;0.0122;UNKNOWN
2016-04-06T00:33:31.000000;2016-04-06T00:33:31.000000;2c660a1f-0912-43a9-8270-1d134537b53b;422.61;0.097;UNKNOWN
2016-04-06T00:33:31.000000;2016-04-06T00:33:31.000000;f01aa990-efca-4d51-b845-9a7ca7bb7a69;422.48;7.0756;UNKNOWN
2016-04-06T00:33:31.000000;2016-04-06T00:33:31.000000;41c835a6-75aa-4d08-af47-b71ed9a81fc3;422.54;0.01;UNKNOWN
2016-04-06T00:33:31.000000;2016-04-06T00:33:31.000000;6510537e-0a11-45cc-9d8c-1e18b629722b;422.49;0.02;UNKNOWN
2016-04-06T00:33:31.000000;2016-04-06T00:33:31.000000;ab123c86-dd68-4213-a5ac-675aace841ce;422.56;0.106;UNKNOWN
2016-04-06T00:33:31.000000;2016-04-06T00:33:31.000000;4d4acec5-b62b-4803-bb4f-88eb48868558;422.66;0.02;UNKNOWN
2016-04-06T00:33:31.000000;2016-04-06T00:33:31.000000;c5935390-6761-4bce-998b-d96d03249fb4;422.49;0.01;UNKNOWN
2016-04-06T00:33:31.000000;2016-04-06T00:33:31.000000;a7359c81-a241-4770-ba89-c315f5a3f77f;422.53;0.4;UNKNOWN
2016-04-06T00:33:31.000000;2016-04-06T00:33:31.000000;f916b70f-d030-41a7-80d4-55ff1587d2ed;422.66;0.01;UNKNOWN
2016-04-06T00:33:31.000000;2016-04-06T00:33:31.000000;11366fd5-92e0-491a-bf2f-a31f46459a43;422.51;0.087;UNKNOWN
2016-04-06T00:33:31.000000;2016-04-06T00:33:31.000000;ddc48713-48fd-44ca-8bdd-2934106568a1;422.39;1.9619;UNKNOWN
2016-04-06T00:33:31.000000;2016-04-06T00:33:31.000000;b967a76f-64d9-4c20-b029-1be3fc989664;422.4;0.108;UNKNOWN
2016-04-06T00:33:31.000000;2016-04-06T00:33:31.000000;9bf16fbe-9cd9-4da0-97b4-20c83a1ee8a1;422.45;0.115;UNKNOWN
2016-04-06T00:33:31.000000;2016-04-06T00:33:31.000000;757e3135-6472-4697-bb42-b6a9556457d8;422.47;1.52;UNKNOWN
2016-04-06T00:34:32.000000;2016-04-06T00:34:32.000000;afb9fd5b-d54e-4b17-89f0-1e68a30fb6e6;422.59;0.49859;UNKNOWN
2016-04-06T00:35:01.000000;2016-04-06T00:35:01.000000;6b2bd511-5131-4648-b2d6-e38ead594017;422.58;0.20462;UNKNOWN
2016-04-06T00:35:32.000000;2016-04-06T00:35:32.000000;4228217c-3857-4248-85ef-1d1880989140;422.58;3.19693;UNKNOWN
2016-04-06T00:36:01.000000;2016-04-06T00:36:01.000000;63c2f419-021a-4062-b0f3-11a235970fad;422.58;0.1243;UNKNOWN
2016-04-06T00:36:01.000000;2016-04-06T00:36:01.000000;28b49406-4574-4eb7-8aa2-9685d940f1a3;422.58;0.11;UNKNOWN
2016-04-06T00:36:31.000000;2016-04-06T00:36:31.000000;6aa5c23b-df90-47c9-a4a3-b762f3752b63;422.57;0.02;UNKNOWN
2016-04-06T00:36:31.000000;2016-04-06T00:36:31.000000;b586ac5e-6c78-4234-8f6c-fa4e920e26a6;422.57;0.02388;UNKNOWN
2016-04-06T00:37:01.000000;2016-04-06T00:37:01.000000;28bf1e53-2da7-434e-ae2e-bd75799dcd34;422.59;0.04051143;UNKNOWN
2016-04-06T00:37:01.000000;2016-04-06T00:37:01.000000;0cbf015f-5193-41fd-8f8e-392c278d8899;422.63;0.03680857;UNKNOWN
2016-04-06T00:37:34.000000;2016-04-06T00:37:34.000000;1d29c8d6-4656-4a27-ae57-1b202488c62a;422.63;0.05914;UNKNOWN
2016-04-06T00:38:01.000000;2016-04-06T00:38:01.000000;02062f12-6bec-4dac-86e9-93bbffebccb8;422.64;1.44008857;UNKNOWN
2016-04-06T00:38:01.000000;2016-04-06T00:38:01.000000;eb322042-bd34-41a1-b435-9da908e78795;422.63;0.30405143;UNKNOWN
2016-04-06T00:38:31.000000;2016-04-06T00:38:31.000000;a5a3d999-37d9-4500-b1ee-19b8b98498c9;422.55;0.01;UNKNOWN
2016-04-06T00:38:31.000000;2016-04-06T00:38:31.000000;69ff5cf6-e70e-467c-acaa-a36c6658cf46;422.57;0.02;UNKNOWN
2016-04-06T00:38:31.000000;2016-04-06T00:38:31.000000;09e12bf8-561c-49fa-82c2-2c0517b93772;422.55;6.12051;UNKNOWN
2016-04-06T00:38:31.000000;2016-04-06T00:38:31.000000;da1d2367-47d5-4fc7-998c-66a943f469c9;422.58;0.169;UNKNOWN
2016-04-06T00:38:31.000000;2016-04-06T00:38:31.000000;7d077a14-4353-4a01-8718-6a923403e32a;422.58;0.3;UNKNOWN
2016-04-06T00:38:31.000000;2016-04-06T00:38:31.000000;bb91c1ae-e7f1-4be6-a7ca-e91b6e6a7436;422.59;0.01;UNKNOWN
2016-04-06T00:38:31.000000;2016-04-06T00:38:31.000000;24440d9b-0a49-443b-b50f-0b59778d973a;422.58;0.3;UNKNOWN
2016-04-06T00:39:01.000000;2016-04-06T00:39:01.000000;0c6d8668-f929-4f16-bcf9-b6ff6900deb2;422.66;0.19;UNKNOWN
2016-04-06T00:39:01.000000;2016-04-06T00:39:01.000000;cdfd4bf8-d8b9-4934-84d3-79815d296b6e;422.67;0.01;UNKNOWN
2016-04-06T00:39:01.000000;2016-04-06T00:39:01.000000;2a16885d-a28a-4529-b15a-cface2d50b8b;422.67;0.37829;UNKNOWN
2016-04-06T00:40:01.000000;2016-04-06T00:40:01.000000;1abf25dc-c368-4e8b-af61-411af0a769e2;422.67;0.01992;UNKNOWN
2016-04-06T00:40:01.000000;2016-04-06T00:40:01.000000;fa23a909-191a-4f93-9762-377ca029f56a;422.67;0.0275;UNKNOWN
2016-04-06T00:40:01.000000;2016-04-06T00:40:01.000000;30aebb72-b39a-48ab-9b70-0b7e8e753076;422.67;0.0283;UNKNOWN
2016-04-06T00:40:01.000000;2016-04-06T00:40:01.000000;d2e222cc-921e-404e-b9e8-bd1c77482143;422.67;0.0363;UNKNOWN
2016-04-06T00:40:01.000000;2016-04-06T00:40:01.000000;a561bb8d-ffcd-4b63-915f-e28921df1751;422.67;0.0297;UNKNOWN
2016-04-06T00:40:01.000000;2016-04-06T00:40:01.000000;de4cde3f-f37e-4797-bc8f-891d1fb267eb;422.67;0.0403;UNKNOWN
2016-04-06T00:40:01.000000;2016-04-06T00:40:01.000000;e6a96f73-81df-40f7-a059-ae8650ee25aa;422.67;0.0311;UNKNOWN
2016-04-06T00:40:01.000000;2016-04-06T00:40:01.000000;390e7497-c81c-4ec2-afc2-cff8245a1618;422.67;0.081;UNKNOWN
2016-04-06T00:40:01.000000;2016-04-06T00:40:01.000000;526872d1-6143-45b0-96f5-0d39d1a6d99c;422.67;0.0308;UNKNOWN
2016-04-06T00:40:31.000000;2016-04-06T00:40:31.000000;c3befda5-e01e-45d9-a817-3f07709a31ba;422.7;0.01;UNKNOWN
2016-04-06T00:40:31.000000;2016-04-06T00:40:31.000000;b62a5f36-003c-4327-97b9-6be3755d6d02;422.69;0.02;UNKNOWN
2016-04-06T00:40:31.000000;2016-04-06T00:40:31.000000;c711aca6-4e50-4356-bc95-a7f84abf260d;422.72;0.01;UNKNOWN
2016-04-06T00:40:31.000000;2016-04-06T00:40:31.000000;aedf7f48-717f-4254-bf47-8370055ee587;422.73;1.15622;UNKNOWN
2016-04-06T00:40:31.000000;2016-04-06T00:40:31.000000;f998c3b5-fbbf-4520-b1d8-7386bafaf3e7;422.72;0.01;UNKNOWN
2016-04-06T00:41:02.000000;2016-04-06T00:41:02.000000;a609ecc6-d73b-4367-814f-76d2a56a6e5a;422.69;0.02;UNKNOWN
2016-04-06T00:41:02.000000;2016-04-06T00:41:02.000000;a021b7a4-12bc-4427-8870-095946f00dc1;422.73;0.64628;UNKNOWN
2016-04-06T00:41:31.000000;2016-04-06T00:41:31.000000;2879132f-6ec5-45dd-86c1-9fc8ba3b1a8d;422.66;0.28;UNKNOWN
2016-04-06T00:41:31.000000;2016-04-06T00:41:31.000000;b49d9b50-8de6-441e-82e4-bd3bb9e1f007;422.66;0.02;UNKNOWN
2016-04-06T00:41:31.000000;2016-04-06T00:41:31.000000;268e4312-621a-4368-a02d-710744ace454;422.62;0.36929;UNKNOWN
2016-04-06T00:41:31.000000;2016-04-06T00:41:31.000000;9c8a63a8-04ba-4aa9-af62-633c35c66d81;422.65;1.0;UNKNOWN
2016-04-06T00:42:01.000000;2016-04-06T00:42:01.000000;f89c2e80-d75d-4021-ac97-e7556c6bda45;422.78;0.01;UNKNOWN
2016-04-06T00:42:01.000000;2016-04-06T00:42:01.000000;f9bac08e-2c82-4000-8c3e-62f1ef05b1b1;422.77;0.02;UNKNOWN
2016-04-06T00:42:01.000000;2016-04-06T00:42:01.000000;43d8d94d-cb0d-42c6-9337-cd666825c271;422.69;0.02;UNKNOWN
2016-04-06T00:42:01.000000;2016-04-06T00:42:01.000000;3096f677-9078-4716-87eb-8d9635c33de9;422.78;0.2098;UNKNOWN
2016-04-06T00:42:31.000000;2016-04-06T00:42:31.000000;a4c59803-1520-4e27-851a-683a679b74df;422.78;0.13551;UNKNOWN
2016-04-06T00:42:31.000000;2016-04-06T00:42:31.000000;74742c58-eebd-4026-9abc-ddb63cc02678;422.77;0.3;UNKNOWN
2016-04-06T00:42:31.000000;2016-04-06T00:42:31.000000;83271f73-8312-4d96-b8db-2d86d317afd4;422.76;0.092;UNKNOWN
2016-04-06T00:42:31.000000;2016-04-06T00:42:31.000000;dddeb8c8-ca41-4be1-a7c9-ae05f5de43ba;422.69;0.02;UNKNOWN
2016-04-06T00:42:31.000000;2016-04-06T00:42:31.000000;6f7ded37-4259-4aa7-8aa5-14387c2a9b7c;422.68;0.1;UNKNOWN
2016-04-06T00:42:39.000000;2016-04-06T00:42:39.000000;476383fd-8b93-4219-9e30-fd34dd9a1484;422.69;0.028;UNKNOWN
2016-04-06T00:42:40.000000;2016-04-06T00:42:40.000000;22a06146-c34a-4c69-acfb-2c9749515936;422.69;0.0183;UNKNOWN
2016-04-06T00:42:53.000000;2016-04-06T00:42:53.000000;054a651e-909a-4e08-8c20-e734f3079e20;422.69;0.127;UNKNOWN
2016-04-06T00:42:53.000000;2016-04-06T00:42:53.000000;d3b62899-7829-42a9-a2fd-b01e00a793ab;422.71;0.02;UNKNOWN
2016-04-06T00:42:53.000000;2016-04-06T00:42:53.000000;b8ba3d23-7012-4c4a-884a-972326e7fa8c;422.69;0.023;UNKNOWN
2016-04-06T00:42:53.000000;2016-04-06T00:42:53.000000;3bcbb738-be3d-4da6-a815-624d23f6c82d;422.71;0.0249;UNKNOWN
2016-04-06T00:42:53.000000;2016-04-06T00:42:53.000000;cb11d87b-21c7-424c-9bb5-099bd2600f4b;422.73;0.0242;UNKNOWN
2016-04-06T00:42:53.000000;2016-04-06T00:42:53.000000;b6c31943-ea1f-42a8-bc38-31034da4dfed;422.75;0.0228;UNKNOWN
2016-04-06T00:43:02.000000;2016-04-06T00:43:02.000000;836c0445-8490-4171-92bd-a5fa23abe3a7;422.67;0.0196;UNKNOWN
2016-04-06T00:43:02.000000;2016-04-06T00:43:02.000000;f06906ee-102e-4744-a9af-0a505baf053d;422.66;0.084;UNKNOWN
2016-04-06T00:43:02.000000;2016-04-06T00:43:02.000000;e0a75ce4-1c7d-4fbf-a7cc-623ed4d1e812;422.71;0.021;UNKNOWN
2016-04-06T00:43:02.000000;2016-04-06T00:43:02.000000;776acc00-077d-4fb1-800f-4f3487393b9b;422.67;0.0274;UNKNOWN
2016-04-06T00:43:02.000000;2016-04-06T00:43:02.000000;7cfb2cdf-97bd-41b1-8951-5631360c9164;422.69;0.0234;UNKNOWN
2016-04-06T00:43:02.000000;2016-04-06T00:43:02.000000;d4772df8-a04b-4c4e-85de-9d8c4d24ed7b;422.73;0.0203;UNKNOWN
2016-04-06T00:43:02.000000;2016-04-06T00:43:02.000000;f3292752-930f-402f-bdb0-3efea5eb56fd;422.64;7.02872;UNKNOWN
2016-04-06T00:43:02.000000;2016-04-06T00:43:02.000000;7051b8b3-50c9-4e2a-8b33-298b4320710b;422.65;1.0;UNKNOWN
2016-04-06T00:43:02.000000;2016-04-06T00:43:02.000000;a0fdd6b9-0245-45cd-a6d8-f2f7d60dae36;422.64;0.128;UNKNOWN
2016-04-06T00:43:02.000000;2016-04-06T00:43:02.000000;37e47d7c-7793-4919-a6db-45ccd2303229;422.62;0.20007;UNKNOWN
2016-04-06T00:43:02.000000;2016-04-06T00:43:02.000000;695b3537-8e63-4753-a195-2d11e154e74c;422.64;0.3;UNKNOWN
2016-04-06T00:43:31.000000;2016-04-06T00:43:31.000000;91c9c0a2-757d-448e-90fc-2a64ad16d77a;422.63;0.57;UNKNOWN
2016-04-06T00:43:31.000000;2016-04-06T00:43:31.000000;767f1cae-c56c-49ed-9efc-da54c0c2e5d5;422.62;0.32248;UNKNOWN
2016-04-06T00:44:01.000000;2016-04-06T00:44:01.000000;b8fd3d50-6049-4bca-a5f8-9ed6fadb0803;422.81;0.51517;UNKNOWN
2016-04-06T00:44:31.000000;2016-04-06T00:44:31.000000;a33aaf4f-ce86-4f9a-9687-f6ff8d1c45bb;422.68;0.2641;UNKNOWN
2016-04-06T00:45:01.000000;2016-04-06T00:45:01.000000;b43f6f90-0657-4d85-8e22-4c9bd4580951;422.87;0.06125392;UNKNOWN
2016-04-06T00:45:01.000000;2016-04-06T00:45:01.000000;d732e333-60bc-4cbd-8f99-8cd2b9e53428;422.81;0.29038608;UNKNOWN
2016-04-06T00:45:32.000000;2016-04-06T00:45:32.000000;61b1e35f-9536-4cdb-9ef8-668bad03b79f;422.93;0.48844857;UNKNOWN
2016-04-06T00:45:32.000000;2016-04-06T00:45:32.000000;8d03659d-eb40-4a4a-af85-e9a070641b9c;422.92;0.01;UNKNOWN
2016-04-06T00:45:32.000000;2016-04-06T00:45:32.000000;c92dc9f9-0438-409e-88de-d9794554d5ff;422.91;0.022;UNKNOWN
2016-04-06T00:45:32.000000;2016-04-06T00:45:32.000000;b2ae85af-2f48-44d8-b96f-d2c8c7f02ffa;422.9;0.1;UNKNOWN
2016-04-06T00:45:32.000000;2016-04-06T00:45:32.000000;5cab494d-6400-499a-a4ad-4d2fbf360b4f;422.82;5.54423143;UNKNOWN
2016-04-06T00:45:32.000000;2016-04-06T00:45:32.000000;fee74a74-10b4-476e-a46a-675f4b3a76eb;422.84;0.01;UNKNOWN
2016-04-06T00:45:32.000000;2016-04-06T00:45:32.000000;357714d4-956f-4057-8fff-d293c3c21615;422.88;0.02;UNKNOWN
2016-04-06T00:45:32.000000;2016-04-06T00:45:32.000000;bdbd74f2-9fb2-4a61-9ed9-f9707f9c2926;422.82;0.449;UNKNOWN
2016-04-06T00:46:01.000000;2016-04-06T00:46:01.000000;fb0439e9-cd98-4b02-9364-bc065e968662;422.71;0.02329;UNKNOWN
2016-04-06T00:46:40.000000;2016-04-06T00:46:40.000000;86a60d04-6cc2-48cc-98dd-306d425fb1b2;422.68;0.0035;UNKNOWN
2016-04-06T00:46:40.000000;2016-04-06T00:46:40.000000;59bf2ccf-dda0-4caf-b520-a5a63b3d7f4a;422.7;0.0115;UNKNOWN
2016-04-06T00:47:01.000000;2016-04-06T00:47:01.000000;a64f187b-a047-4bcf-84c1-769c1aef8098;422.86;0.22854;UNKNOWN
2016-04-06T00:47:31.000000;2016-04-06T00:47:31.000000;eafab081-ce25-451c-83d5-150ee08b5142;422.68;0.088;UNKNOWN
2016-04-06T00:47:31.000000;2016-04-06T00:47:31.000000;67b5a80f-1c36-49b5-89e5-8da113cbac92;422.6;1.0;UNKNOWN
2016-04-06T00:47:31.000000;2016-04-06T00:47:31.000000;57b44555-a64c-4314-92dc-8ee31108aa33;422.68;0.0965;UNKNOWN
2016-04-06T00:47:31.000000;2016-04-06T00:47:31.000000;6ad0e961-54f7-4476-b49c-26fdcc2d5b98;422.68;0.16;UNKNOWN
2016-04-06T00:47:31.000000;2016-04-06T00:47:31.000000;d86cb83e-f380-4ef6-84a0-e44d32434d7f;422.61;0.38;UNKNOWN
2016-04-06T00:47:31.000000;2016-04-06T00:47:31.000000;8db3ad90-3354-4791-8399-af54529f5833;422.62;0.103;UNKNOWN
2016-04-06T00:47:31.000000;2016-04-06T00:47:31.000000;ffbe207c-e560-4c48-8c11-174230e98639;422.67;0.085;UNKNOWN
2016-04-06T00:47:31.000000;2016-04-06T00:47:31.000000;aa239609-027b-402c-a592-ac64a887db7c;422.63;0.3;UNKNOWN
2016-04-06T00:47:31.000000;2016-04-06T00:47:31.000000;d016e7e1-a116-419f-9abf-c8fe85e63c50;422.66;0.022;UNKNOWN
2016-04-06T00:47:31.000000;2016-04-06T00:47:31.000000;72ee0499-1540-4ffe-aad9-35c0af06c878;422.52;1.67941;UNKNOWN
2016-04-06T00:47:31.000000;2016-04-06T00:47:31.000000;632bf103-e64f-43a4-a5f4-51158fc3c9d4;422.58;1.52;UNKNOWN
2016-04-06T00:47:31.000000;2016-04-06T00:47:31.000000;26836f9e-bb8e-43ac-92f6-e971b83825a6;422.6;0.1;UNKNOWN
2016-04-06T00:47:31.000000;2016-04-06T00:47:31.000000;19b148ef-c75b-48b7-ba23-b27c59391138;422.6;0.4;UNKNOWN
2016-04-06T00:48:01.000000;2016-04-06T00:48:01.000000;fabaff6c-ea0e-4321-9f32-49d63b206ba5;422.53;0.01;UNKNOWN
2016-04-06T00:48:01.000000;2016-04-06T00:48:01.000000;02807304-bbfd-4585-bfaa-505d1144a0aa;422.5;0.64178;UNKNOWN
2016-04-06T00:48:01.000000;2016-04-06T00:48:01.000000;06a9d0fa-3925-4cb3-845a-f1e4aa425a20;422.53;0.304;UNKNOWN
2016-04-06T00:48:01.000000;2016-04-06T00:48:01.000000;387fa81d-c485-4ed7-9b6b-83e7c4058273;422.5;0.3;UNKNOWN
2016-04-06T00:48:01.000000;2016-04-06T00:48:01.000000;c4c402d5-9c00-4383-94c1-6df1b5d41a63;422.51;1.14;UNKNOWN
2016-04-06T00:48:31.000000;2016-04-06T00:48:31.000000;d40513ce-0383-4dc1-b946-e927c45ff0df;422.51;0.35222;UNKNOWN
2016-04-06T00:48:50.000000;2016-04-06T00:48:50.000000;370a5491-e1eb-4c28-aba1-8d376faba364;422.67;0.06;UNKNOWN
2016-04-06T00:49:01.000000;2016-04-06T00:49:01.000000;aed94956-46b5-462e-844f-ede52f0e6234;422.48;0.01;UNKNOWN
2016-04-06T00:49:01.000000;2016-04-06T00:49:01.000000;cfed0b64-0c5a-4ce4-8e05-b8e3e0156b1a;422.5;0.022;UNKNOWN
2016-04-06T00:49:01.000000;2016-04-06T00:49:01.000000;eddd1de3-9540-4203-93d7-e05581696b02;422.52;0.5;UNKNOWN
2016-04-06T00:49:01.000000;2016-04-06T00:49:01.000000;55de0c2c-7f54-4513-be93-15256ace7407;422.5;1.98822;UNKNOWN
2016-04-06T00:49:01.000000;2016-04-06T00:49:01.000000;a3414d00-3775-43a2-ae64-b8c9c3676299;422.39;1.88;UNKNOWN
2016-04-06T00:49:01.000000;2016-04-06T00:49:01.000000;b63098b9-2087-4722-832e-59ec42c59442;422.46;0.513;UNKNOWN
2016-04-06T00:49:01.000000;2016-04-06T00:49:01.000000;d76c3f5d-27ba-4ba9-81ab-b12709667b8d;422.4;2.66;UNKNOWN
2016-04-06T00:49:01.000000;2016-04-06T00:49:01.000000;74db84aa-1e30-4ae5-a107-776bbe00e298;422.34;0.01;UNKNOWN
2016-04-06T00:49:01.000000;2016-04-06T00:49:01.000000;92e6363f-376f-48ec-ad7e-6f69247f667d;422.35;0.57;UNKNOWN
2016-04-06T00:49:01.000000;2016-04-06T00:49:01.000000;5c25640d-8bdc-4569-ae18-d81b3cbd7d53;422.36;0.074;UNKNOWN
2016-04-06T00:49:01.000000;2016-04-06T00:49:01.000000;0f3613ec-c1ae-4f97-a6b8-a9a4b537592a;422.33;1.36193;UNKNOWN
2016-04-06T00:49:46.000000;2016-04-06T00:49:46.000000;c0886550-fa8d-4d91-b419-f0928822310e;422.61;0.23;UNKNOWN
2016-04-06T00:50:01.000000;2016-04-06T00:50:01.000000;a373b9cf-542b-41aa-90f4-743aeea53340;422.62;1.44931;UNKNOWN
2016-04-06T00:50:01.000000;2016-04-06T00:50:01.000000;6fcfc50f-bfb2-42bd-aecf-e00a0ff052d4;422.61;0.111;UNKNOWN
2016-04-06T00:50:01.000000;2016-04-06T00:50:01.000000;8111b4f9-4ab1-4db2-b8a8-cb5a910e8893;422.47;0.0228;UNKNOWN
2016-04-06T00:50:01.000000;2016-04-06T00:50:01.000000;90dc106c-8abd-4735-b661-f22a369cfae6;422.49;0.0271;UNKNOWN
2016-04-06T00:50:01.000000;2016-04-06T00:50:01.000000;a01a5029-878b-41fa-a867-752d2eb1f48e;422.6;0.95;UNKNOWN
2016-04-06T00:50:01.000000;2016-04-06T00:50:01.000000;e368a14d-638b-4c72-8261-82e37b7a6c14;422.53;0.0193;UNKNOWN
2016-04-06T00:50:01.000000;2016-04-06T00:50:01.000000;75f40f47-f0fb-4213-b40f-4948cea1d922;422.51;0.0258;UNKNOWN
2016-04-06T00:50:01.000000;2016-04-06T00:50:01.000000;581f089e-b79a-49ab-aa55-17d95b47bc03;422.57;0.0196;UNKNOWN
2016-04-06T00:50:01.000000;2016-04-06T00:50:01.000000;6428ac66-a9d6-4eed-ba6a-56d6e8efa2df;422.56;0.22;UNKNOWN
2016-04-06T00:50:01.000000;2016-04-06T00:50:01.000000;a1ad426f-eeb9-48b3-8411-9e2600f63016;422.55;0.0162;UNKNOWN
2016-04-06T00:50:31.000000;2016-04-06T00:50:31.000000;a419e8fd-3388-424e-9fad-80a6da88196e;422.49;0.09;UNKNOWN
2016-04-06T00:50:31.000000;2016-04-06T00:50:31.000000;fe58fe74-6de6-4870-b80b-e963d1ffe9c7;422.49;0.01;UNKNOWN
2016-04-06T00:50:33.000000;2016-04-06T00:50:33.000000;91e8c3db-b6f7-4bc6-9ae0-aa0420aab8e6;422.48;0.01367;UNKNOWN
2016-04-06T00:51:01.000000;2016-04-06T00:51:01.000000;e2c0507e-6e3c-4b71-9b9f-dd329db7f05e;422.67;0.01;UNKNOWN
2016-04-06T00:51:01.000000;2016-04-06T00:51:01.000000;7ddea18f-5578-424f-bd46-a191c873286b;422.62;0.01;UNKNOWN
2016-04-06T00:51:01.000000;2016-04-06T00:51:01.000000;acf580f8-7f0c-426e-bc99-957573ea1250;422.69;0.07149;UNKNOWN
2016-04-06T00:51:01.000000;2016-04-06T00:51:01.000000;53ce0bb2-f6f2-443b-b58a-42942fbccd89;422.68;0.01;UNKNOWN
2016-04-06T00:51:31.000000;2016-04-06T00:51:31.000000;d92542a5-fa32-4ba1-86b1-bcce45e588b5;422.57;0.01;UNKNOWN
2016-04-06T00:51:31.000000;2016-04-06T00:51:31.000000;a4be1418-0b77-44c1-bc88-12da5f8b4de1;422.52;1.52;UNKNOWN
2016-04-06T00:51:31.000000;2016-04-06T00:51:31.000000;8ee35602-5dae-4487-afb3-d69e1af47a22;422.53;0.022;UNKNOWN
2016-04-06T00:51:31.000000;2016-04-06T00:51:31.000000;347625fa-7155-466a-9673-aa33ea3687bb;422.56;0.26;UNKNOWN
2016-04-06T00:51:31.000000;2016-04-06T00:51:31.000000;caf111f5-2e5f-4825-80f0-cff4e894edf9;422.56;0.109;UNKNOWN
2016-04-06T00:51:31.000000;2016-04-06T00:51:31.000000;5742d163-afc6-4395-a1f2-8a3c62136860;422.54;0.19;UNKNOWN
2016-04-06T00:51:31.000000;2016-04-06T00:51:31.000000;b6d3e512-f567-4e1e-9030-9e21f8d5e584;422.49;0.7844;UNKNOWN
2016-04-06T00:51:31.000000;2016-04-06T00:51:31.000000;abd23cd1-77f8-4e34-9509-a16f86e37698;422.5;0.4;UNKNOWN
2016-04-06T00:51:31.000000;2016-04-06T00:51:31.000000;386c4186-58d9-4f01-bfc3-c6fbc4304fe1;422.51;1.14;UNKNOWN
2016-04-06T00:51:31.000000;2016-04-06T00:51:31.000000;5424eae8-9b00-4d56-8790-e12862ec53aa;422.51;0.111;UNKNOWN
2016-04-06T00:52:31.000000;2016-04-06T00:52:31.000000;ef795f92-65c4-4e86-b4ea-f6a049a50ef1;422.52;0.01;UNKNOWN
2016-04-06T00:52:31.000000;2016-04-06T00:52:31.000000;176eac1f-2501-4164-bfb7-100e7f214588;422.49;2.09;UNKNOWN
2016-04-06T00:52:31.000000;2016-04-06T00:52:31.000000;38658e60-a188-4b6f-9baa-39a927c56152;422.48;1.50065;UNKNOWN
2016-04-06T00:53:01.000000;2016-04-06T00:53:01.000000;8f4c0e26-1959-4104-b69f-bece51e8b592;422.71;1.55825;UNKNOWN
2016-04-06T00:53:01.000000;2016-04-06T00:53:01.000000;487d6e12-0487-4fe4-8fa0-05b824e6223c;422.71;0.01;UNKNOWN
2016-04-06T00:53:01.000000;2016-04-06T00:53:01.000000;939029af-0530-405f-a16f-21906d3831d0;422.7;0.01;UNKNOWN
2016-04-06T00:53:01.000000;2016-04-06T00:53:01.000000;e74e0c7f-bd38-4dc3-8eac-52d45edeb00d;422.66;0.01;UNKNOWN
2016-04-06T00:53:01.000000;2016-04-06T00:53:01.000000;1d058e32-f687-41af-92e0-6155824df446;422.7;0.4;UNKNOWN
2016-04-06T00:53:01.000000;2016-04-06T00:53:01.000000;cdcff408-da83-4a2b-98a7-6c84711c47cd;422.69;0.086;UNKNOWN
2016-04-06T00:53:01.000000;2016-04-06T00:53:01.000000;2d4f04a8-7be2-4b9b-b757-97f563d664a6;422.66;0.01;UNKNOWN
2016-04-06T00:53:31.000000;2016-04-06T00:53:31.000000;7c4050c5-a18f-4eb6-8b92-170b6b0a5f48;422.72;0.02161;UNKNOWN
2016-04-06T00:53:31.000000;2016-04-06T00:53:31.000000;54f26a60-40ec-4182-b4b5-20c281d61314;422.68;0.123;UNKNOWN
2016-04-06T00:53:31.000000;2016-04-06T00:53:31.000000;909dd861-e390-4744-b53c-2e084fe64636;422.64;0.17;UNKNOWN
2016-04-06T00:53:31.000000;2016-04-06T00:53:31.000000;b3383a88-9e02-4c92-ad68-567fa5687ce6;422.71;0.32175;UNKNOWN
2016-04-06T00:54:01.000000;2016-04-06T00:54:01.000000;0220479b-71a5-49cd-a8fa-1328a596d4b8;422.62;0.00653;UNKNOWN
2016-04-06T00:54:01.000000;2016-04-06T00:54:01.000000;3c95a1c0-fe91-46c6-9e3b-604c37984bd0;422.62;0.0202;UNKNOWN
2016-04-06T00:54:01.000000;2016-04-06T00:54:01.000000;8d1bd5b0-5575-4244-8301-c7938428abd9;422.62;0.0207;UNKNOWN
2016-04-06T00:54:01.000000;2016-04-06T00:54:01.000000;80653b4e-856d-4af7-abdb-58e2c874907d;422.62;0.0207;UNKNOWN
2016-04-06T00:54:01.000000;2016-04-06T00:54:01.000000;c61e73b0-9b6b-4f04-bb03-fe67d60bfdca;422.62;0.0205;UNKNOWN
2016-04-06T00:54:01.000000;2016-04-06T00:54:01.000000;6aca41e1-b8bf-4fe3-89a2-174c7cb8ef97;422.62;0.0208;UNKNOWN
2016-04-06T00:54:26.000000;2016-04-06T00:54:26.000000;c85ba258-b28b-4370-ab75-1857e8b42952;422.6;0.0115;UNKNOWN
2016-04-06T00:54:26.000000;2016-04-06T00:54:26.000000;1982d74b-6476-4cc8-b458-fab86b092a7b;422.62;0.01;UNKNOWN
2016-04-06T00:54:26.000000;2016-04-06T00:54:26.000000;4ef2811d-7a13-4fc1-b04a-b3459100e53d;422.61;0.098;UNKNOWN
2016-04-06T00:54:26.000000;2016-04-06T00:54:26.000000;5766a3cc-5329-4b9d-949f-965dc9f14477;422.57;0.022;UNKNOWN
2016-04-06T00:54:26.000000;2016-04-06T00:54:26.000000;cb8d63d9-56f4-492c-a6b0-346edbb981bb;422.61;0.0216;UNKNOWN
2016-04-06T00:54:26.000000;2016-04-06T00:54:26.000000;5ea732d0-5b82-4657-90e7-83d6e565b5a6;422.56;0.122;UNKNOWN
2016-04-06T00:54:26.000000;2016-04-06T00:54:26.000000;c7393efb-3312-4949-a0c4-1c97fbffdc90;422.52;0.6149;UNKNOWN
2016-04-06T00:54:31.000000;2016-04-06T00:54:31.000000;175bc3f3-8539-470f-94c6-5639bbac65c3;422.74;0.70874;UNKNOWN
2016-04-06T00:54:31.000000;2016-04-06T00:54:31.000000;b007dfcd-f150-4c60-8dda-e6332754ba72;422.74;0.4;UNKNOWN
2016-04-06T00:54:31.000000;2016-04-06T00:54:31.000000;101967d4-dab6-4dcd-9da3-346bf37e8ed5;422.73;0.38;UNKNOWN
2016-04-06T00:54:31.000000;2016-04-06T00:54:31.000000;8aec1e5d-98a3-408b-b1c0-5c150e769f63;422.73;0.022;UNKNOWN
2016-04-06T00:54:31.000000;2016-04-06T00:54:31.000000;dd5f64f5-b55a-4ff6-b76f-63159b5fc08c;422.72;0.07839;UNKNOWN
2016-04-06T00:54:51.000000;2016-04-06T00:54:51.000000;4522979d-14fc-4ff9-8dcd-ad47c074b92c;422.73;0.15;UNKNOWN
2016-04-06T00:54:51.000000;2016-04-06T00:54:51.000000;7645ef4f-9176-4edb-9ac8-70d8b165a18a;422.68;0.01;UNKNOWN
2016-04-06T00:55:01.000000;2016-04-06T00:55:01.000000;3941af5c-aa6e-43a5-bce7-832a922bc4cf;422.75;0.11927;UNKNOWN
2016-04-06T00:55:31.000000;2016-04-06T00:55:31.000000;16aa5cd3-c6d9-476f-90e4-330960e2e36c;422.75;0.06313;UNKNOWN
2016-04-06T00:55:41.000000;2016-04-06T00:55:41.000000;f34d2b2f-f5df-4149-bb19-76a63a29eb71;422.75;0.02;UNKNOWN
2016-04-06T00:55:52.000000;2016-04-06T00:55:52.000000;c7cb623e-d836-4ba9-9c5b-9e1e2b41e430;422.72;0.0189;UNKNOWN
2016-04-06T00:55:52.000000;2016-04-06T00:55:52.000000;a384f866-c6bb-44e5-8380-00b063489379;422.7;0.8811;UNKNOWN
2016-04-06T00:56:01.000000;2016-04-06T00:56:01.000000;9d472865-838e-466d-b4a3-27d7197b2c86;422.75;0.01;UNKNOWN
2016-04-06T00:56:01.000000;2016-04-06T00:56:01.000000;ee6ad652-95b6-4134-bfd9-47dc06973a44;422.75;0.7976;UNKNOWN
2016-04-06T00:56:01.000000;2016-04-06T00:56:01.000000;c08ef675-b241-446d-8ad0-115225ab7c74;422.76;0.16481;UNKNOWN
2016-04-06T00:56:31.000000;2016-04-06T00:56:31.000000;17a1c439-4c42-445c-bf65-db05eae36116;422.79;0.468;UNKNOWN
2016-04-06T00:56:31.000000;2016-04-06T00:56:31.000000;70bc5742-03ca-4e0f-9281-6506cd83ce72;422.8;0.04377;UNKNOWN
2016-04-06T00:56:31.000000;2016-04-06T00:56:31.000000;13e3b676-e135-42be-bfc4-419c87a1a226;422.77;0.02;UNKNOWN
2016-04-06T00:57:01.000000;2016-04-06T00:57:01.000000;e2c2757a-8052-4403-afac-32501508dbc8;422.78;0.0233;UNKNOWN
2016-04-06T00:57:01.000000;2016-04-06T00:57:01.000000;254f2c6c-d12f-47a7-b938-daa1bc42c943;422.78;0.0289;UNKNOWN
2016-04-06T00:57:01.000000;2016-04-06T00:57:01.000000;9845654d-8ab3-456d-a557-d1d4bd32db17;422.78;0.0175;UNKNOWN
2016-04-06T00:57:01.000000;2016-04-06T00:57:01.000000;35ccee77-157d-4661-9af1-2f51938f30ee;422.78;0.0189;UNKNOWN
2016-04-06T00:57:01.000000;2016-04-06T00:57:01.000000;8cb865e4-c76e-47cd-a96e-e5361750ab4e;422.78;0.0197;UNKNOWN
2016-04-06T00:57:01.000000;2016-04-06T00:57:01.000000;a2de52a3-3be2-4f54-88f3-e1edc2ed0b21;422.72;0.00883;UNKNOWN
2016-04-06T00:57:01.000000;2016-04-06T00:57:01.000000;a8a10500-0aa6-4b6a-b10c-b634a4777dd5;422.72;0.0784;UNKNOWN
2016-04-06T00:57:01.000000;2016-04-06T00:57:01.000000;13a3f37c-e406-4465-92be-355f736ee390;422.76;0.0276;UNKNOWN
2016-04-06T00:57:01.000000;2016-04-06T00:57:01.000000;0bdeea36-a758-491b-a428-f6e8a2b19256;422.78;0.0292;UNKNOWN
2016-04-06T00:57:01.000000;2016-04-06T00:57:01.000000;b2ccd321-e996-4e6a-abc5-46e045adaaec;422.78;0.0327;UNKNOWN
2016-04-06T00:57:01.000000;2016-04-06T00:57:01.000000;36cbb3c0-09d2-4d8b-93ca-36b7d2f29384;422.78;0.0325;UNKNOWN
2016-04-06T00:57:32.000000;2016-04-06T00:57:32.000000;65b6ba6b-e54c-4694-96f7-7cb22df9489d;422.79;0.02;UNKNOWN
2016-04-06T00:57:32.000000;2016-04-06T00:57:32.000000;f1c782f4-a783-4c23-8b6a-20b425a045d0;422.8;0.09376;UNKNOWN
2016-04-06T00:57:33.000000;2016-04-06T00:57:33.000000;779fce40-ab7f-4fd9-9b7b-d226293d3c25;422.78;0.033;UNKNOWN
2016-04-06T00:57:33.000000;2016-04-06T00:57:33.000000;f8d93d49-d625-4fca-9a6d-724f206c5dc2;422.78;0.0331;UNKNOWN
2016-04-06T00:57:33.000000;2016-04-06T00:57:33.000000;f1911f8a-767e-4293-87fb-7f241cd784cb;422.78;0.0289;UNKNOWN
2016-04-06T00:57:33.000000;2016-04-06T00:57:33.000000;75b53569-36bc-4742-8e44-86bb6deaeba9;422.78;0.1183;UNKNOWN
2016-04-06T00:57:33.000000;2016-04-06T00:57:33.000000;8295c9f5-3751-4568-8588-6b6414436fdc;422.78;0.0288;UNKNOWN
2016-04-06T00:57:33.000000;2016-04-06T00:57:33.000000;ec125833-c6a1-43d6-bc9c-4ce7352bba3d;422.78;0.0263;UNKNOWN
2016-04-06T00:57:33.000000;2016-04-06T00:57:33.000000;d989ebaa-3960-4364-b8bd-9ab9e8a6d2ec;422.78;0.0291;UNKNOWN
2016-04-06T00:57:33.000000;2016-04-06T00:57:33.000000;5a8d0102-fbef-47e9-bd59-8ebe24d0e0bb;422.78;0.0289;UNKNOWN
2016-04-06T00:57:33.000000;2016-04-06T00:57:33.000000;800922e4-c895-45f6-81b3-89674535b8e2;422.78;0.0289;UNKNOWN
2016-04-06T00:57:33.000000;2016-04-06T00:57:33.000000;5daeb3fe-b3d7-4aca-8754-02e809b95ae1;422.74;0.0355;UNKNOWN
2016-04-06T00:57:33.000000;2016-04-06T00:57:33.000000;4a477732-f69c-40f4-a8e0-b8a5f782c05c;422.76;0.0327;UNKNOWN
2016-04-06T00:57:33.000000;2016-04-06T00:57:33.000000;e77d114f-15e9-45dc-9042-53abd5101066;422.71;0.1975;UNKNOWN
2016-04-06T00:57:33.000000;2016-04-06T00:57:33.000000;c4f4e68d-477e-4d06-bd6b-658f60a23568;422.72;0.15;UNKNOWN
2016-04-06T00:57:33.000000;2016-04-06T00:57:33.000000;ef4f9bdd-35bf-4ff8-8974-ebebce7a7895;422.73;0.129;UNKNOWN
2016-04-06T00:57:51.000000;2016-04-06T00:57:51.000000;b3943b83-3fb4-4954-99ce-1a77e0149872;422.79;0.0319;UNKNOWN
2016-04-06T00:58:01.000000;2016-04-06T00:58:01.000000;b6ad4204-4538-40b2-b025-f2ed69a350f2;422.79;0.13811;UNKNOWN
2016-04-06T00:58:31.000000;2016-04-06T00:58:31.000000;558f57c9-05f0-4ddd-9def-2273d0b084a7;422.79;0.02749;UNKNOWN
2016-04-06T00:58:31.000000;2016-04-06T00:58:31.000000;70b44265-6170-4ae3-a678-9a4427c60146;422.79;0.02169;UNKNOWN
2016-04-06T00:59:01.000000;2016-04-06T00:59:01.000000;d6477c13-42fc-492e-9504-adb9285a6bcf;422.8;0.88788;UNKNOWN
2016-04-06T00:59:01.000000;2016-04-06T00:59:01.000000;084fc1cf-93f9-4645-af18-36b4e8b9ff6c;422.8;0.50425;UNKNOWN
2016-04-06T00:59:01.000000;2016-04-06T00:59:01.000000;7b10f1af-e948-4ec7-8d87-ff29f809d2a6;422.79;0.11831;UNKNOWN
2016-04-06T00:59:31.000000;2016-04-06T00:59:31.000000;9f4bef53-30c3-4721-b639-cfd3394a30ef;422.8;0.09381;UNKNOWN
2016-04-06T01:00:01.000000;2016-04-06T01:00:01.000000;6f979a2e-2107-481c-b5b7-72b352fe396f;422.8;0.3747;UNKNOWN
2016-04-06T01:00:31.000000;2016-04-06T01:00:31.000000;04a59fbb-ee41-40f8-abee-180cb483248d;422.76;0.34544;UNKNOWN
2016-04-06T01:00:31.000000;2016-04-06T01:00:31.000000;839a2707-44f8-4f03-93bb-c54d7c749668;422.76;0.0115;UNKNOWN
2016-04-06T01:01:01.000000;2016-04-06T01:01:01.000000;f22f50b7-16cf-498b-a66b-eaf6c496718f;422.94;0.50745883;UNKNOWN
2016-04-06T01:01:01.000000;2016-04-06T01:01:01.000000;4c0a6543-530c-4c80-bfa2-8a8e7b1f6a4f;422.81;0.02;UNKNOWN
2016-04-06T01:01:01.000000;2016-04-06T01:01:01.000000;f2e37273-3697-4e90-9868-4f6c51cfdbf4;422.8;0.02;UNKNOWN
2016-04-06T01:01:01.000000;2016-04-06T01:01:01.000000;ea463b19-b95a-4564-a51b-9d655307790b;422.8;0.63183;UNKNOWN
2016-04-06T01:01:01.000000;2016-04-06T01:01:01.000000;be604f45-ed70-4b65-ad55-e9869638deb4;422.94;0.01;UNKNOWN
2016-04-06T01:01:01.000000;2016-04-06T01:01:01.000000;1d8e3da1-fb45-4b09-a6c2-eb2051d43403;422.94;0.1;UNKNOWN
2016-04-06T01:01:01.000000;2016-04-06T01:01:01.000000;99712f46-f178-46e3-a2b4-fa05ff79b75f;422.85;0.175;UNKNOWN
2016-04-06T01:01:01.000000;2016-04-06T01:01:01.000000;fff4d9c7-4170-4ebd-93d7-691a3b0248ea;422.9;0.177;UNKNOWN
2016-04-06T01:01:01.000000;2016-04-06T01:01:01.000000;1d112d60-04ac-461e-9120-4aaf91b45bf9;422.9;0.1;UNKNOWN
2016-04-06T01:01:01.000000;2016-04-06T01:01:01.000000;08510faf-7055-4842-88bd-3998421518e6;422.87;0.3;UNKNOWN
2016-04-06T01:01:01.000000;2016-04-06T01:01:01.000000;69afe101-4874-46be-9160-24215d9a9718;422.96;1.52;UNKNOWN
2016-04-06T01:01:01.000000;2016-04-06T01:01:01.000000;969e4cbb-24d7-4318-a2c5-d8a0803447bd;422.97;0.01;UNKNOWN
2016-04-06T01:01:01.000000;2016-04-06T01:01:01.000000;b9743d78-e1b6-406b-a9a3-31c1f432b0dd;422.96;0.34544;UNKNOWN
2016-04-06T01:01:01.000000;2016-04-06T01:01:01.000000;8896303e-004e-480a-a2c5-5899d8e33d79;422.95;1.14;UNKNOWN
2016-04-06T01:01:01.000000;2016-04-06T01:01:01.000000;05fd2fe6-b5f3-46d4-b058-a56942892551;422.95;0.01;UNKNOWN
2016-04-06T01:01:01.000000;2016-04-06T01:01:01.000000;231ff839-5b11-48e0-9e26-0349536d6340;422.95;0.197;UNKNOWN
2016-04-06T01:01:01.000000;2016-04-06T01:01:01.000000;ef6b699d-35a5-40e4-a6e2-cff4d4d69312;422.97;1.52;UNKNOWN
2016-04-06T01:01:01.000000;2016-04-06T01:01:01.000000;2f89af64-a101-4329-b080-6f27ab6331c9;422.97;0.02;UNKNOWN
2016-04-06T01:01:01.000000;2016-04-06T01:01:01.000000;71ef0389-7013-4858-94e4-53f0e0d8ee03;422.98;0.30769117;UNKNOWN
2016-04-06T01:01:01.000000;2016-04-06T01:01:01.000000;29b46459-2bb4-4860-9829-998286d0c261;422.98;0.01;UNKNOWN
2016-04-06T01:01:24.000000;2016-04-06T01:01:24.000000;1ba57542-84fe-4653-8959-b33cd14518a2;422.8;0.01;UNKNOWN
2016-04-06T01:01:31.000000;2016-04-06T01:01:31.000000;e9074858-b54b-442c-9e85-a006db8ecbe5;423.0;0.49;UNKNOWN
2016-04-06T01:01:31.000000;2016-04-06T01:01:31.000000;6999931f-880c-43d6-a755-16e9c5b4268a;423.0;1.0;UNKNOWN
2016-04-06T01:01:31.000000;2016-04-06T01:01:31.000000;553806ba-5d32-44a6-8a65-53445fd872a0;423.0;2.57842343;UNKNOWN
2016-04-06T01:01:31.000000;2016-04-06T01:01:31.000000;0d4c7567-6c48-4925-b1e1-11202c7b9934;423.0;0.1;UNKNOWN
2016-04-06T01:01:31.000000;2016-04-06T01:01:31.000000;b0bc43d1-facd-4692-9828-b566285a50ae;423.0;0.01425738;UNKNOWN
2016-04-06T01:01:31.000000;2016-04-06T01:01:31.000000;5c99bf74-5cd1-446c-9cf8-299b67bfcec3;422.99;0.35294919;UNKNOWN
2016-04-06T01:01:31.000000;2016-04-06T01:01:31.000000;07ab5684-7b1c-42c2-b2b4-146062edf776;422.98;2.85;UNKNOWN
2016-04-06T01:01:31.000000;2016-04-06T01:01:31.000000;bcd35897-52d5-470e-b909-c41e55eba011;422.81;0.02;UNKNOWN
2016-04-06T01:01:31.000000;2016-04-06T01:01:31.000000;eb0ea43e-3510-4176-9d42-2844353a7ff4;422.81;0.02;UNKNOWN
2016-04-06T01:02:03.000000;2016-04-06T01:02:03.000000;c7c6853b-13d7-463f-b4ef-cde686ed476c;422.99;0.46823;UNKNOWN
2016-04-06T01:02:33.000000;2016-04-06T01:02:33.000000;907cea38-3d6b-4491-8172-939faf35fa58;422.8;0.09;UNKNOWN
2016-04-06T01:02:33.000000;2016-04-06T01:02:33.000000;caa82f01-9da1-40f9-87b4-1a2c0d63764e;422.79;0.0115;UNKNOWN
2016-04-06T01:02:33.000000;2016-04-06T01:02:33.000000;9b172ee1-9a7f-4994-907a-26a6ab8dab62;422.79;0.00781;UNKNOWN
2016-04-06T01:03:01.000000;2016-04-06T01:03:01.000000;b53b4ac1-6c2a-47a3-88ee-10e3ab10a12b;422.79;0.25824;UNKNOWN
2016-04-06T01:03:24.000000;2016-04-06T01:03:24.000000;03a87d24-a814-4fee-a2fa-ef97778c57b8;422.86;0.16;UNKNOWN
2016-04-06T01:04:01.000000;2016-04-06T01:04:01.000000;8cb6e95b-70c9-440d-b5ad-6fd98677e52c;422.6;0.1;UNKNOWN
2016-04-06T01:04:01.000000;2016-04-06T01:04:01.000000;a4edaf10-0a83-4a96-ad4a-d5a8c9365149;422.49;0.18247;UNKNOWN
2016-04-06T01:04:01.000000;2016-04-06T01:04:01.000000;216ca3f0-7287-472b-ba95-458e852d044b;422.49;1.88;UNKNOWN
2016-04-06T01:04:01.000000;2016-04-06T01:04:01.000000;5c9ccf13-4047-4315-8d52-43ff8fdfdd7c;422.61;0.026;UNKNOWN
2016-04-06T01:04:01.000000;2016-04-06T01:04:01.000000;38dae888-21e1-4b13-b113-cd5f17624328;422.69;0.01;UNKNOWN
2016-04-06T01:04:01.000000;2016-04-06T01:04:01.000000;88a0340f-f255-420d-974d-d1d3430aa188;422.64;0.786;UNKNOWN
2016-04-06T01:04:01.000000;2016-04-06T01:04:01.000000;a9772980-7706-46a6-9c32-aed2be48f847;422.76;0.12;UNKNOWN
2016-04-06T01:04:01.000000;2016-04-06T01:04:01.000000;387aeb39-8f89-4d9e-ae5c-2a3c4018fe2f;422.67;1.0;UNKNOWN
2016-04-06T01:04:01.000000;2016-04-06T01:04:01.000000;fc0242ce-e7a0-4784-bfe7-65355684e74e;422.72;0.105;UNKNOWN
2016-04-06T01:04:01.000000;2016-04-06T01:04:01.000000;7da4569d-c45a-4689-a4cb-4c2403d6b5dd;422.5;5.51;UNKNOWN
2016-04-06T01:04:01.000000;2016-04-06T01:04:01.000000;bbcdc37f-5c5d-48d9-8fcf-3b7c8fd56dd3;422.67;0.02;UNKNOWN
2016-04-06T01:04:01.000000;2016-04-06T01:04:01.000000;333f13fe-d8cc-4c2f-a7c4-f95c1e54fb27;422.77;0.108;UNKNOWN
2016-04-06T01:04:01.000000;2016-04-06T01:04:01.000000;b010ce7c-a29a-4289-ba96-b747dee06624;422.54;0.762;UNKNOWN
2016-04-06T01:04:01.000000;2016-04-06T01:04:01.000000;739d9f3e-1223-449e-84dd-dce048a417a9;422.74;0.3;UNKNOWN
2016-04-06T01:04:01.000000;2016-04-06T01:04:01.000000;05258e7c-c1b4-490c-b570-8defd385d0f8;422.79;0.022;UNKNOWN
2016-04-06T01:04:01.000000;2016-04-06T01:04:01.000000;b04724fb-dd1d-4b87-a2b5-235b25b5e3f1;422.75;10.0;UNKNOWN
2016-04-06T01:04:01.000000;2016-04-06T01:04:01.000000;80f24583-8616-4585-a8a1-afe7f6be048b;422.79;0.13395;UNKNOWN
2016-04-06T01:04:01.000000;2016-04-06T01:04:01.000000;78521fba-73c7-4009-b6a2-79ae3c38f715;422.59;0.733;UNKNOWN
2016-04-06T01:04:06.000000;2016-04-06T01:04:06.000000;df658c65-fd92-426b-825d-f42c6277e3b9;422.82;3.864e-05;UNKNOWN
2016-04-06T01:04:31.000000;2016-04-06T01:04:31.000000;f7991363-7ae6-42c6-9a49-b1ca84494587;422.81;0.22;UNKNOWN
2016-04-06T01:04:31.000000;2016-04-06T01:04:31.000000;675406be-b9d6-4816-aa8d-a1dfdcf8d930;422.81;0.282;UNKNOWN
2016-04-06T01:04:31.000000;2016-04-06T01:04:31.000000;078df963-a561-45ff-9c86-54914c31ed0d;422.87;0.16452864;UNKNOWN
2016-04-06T01:04:31.000000;2016-04-06T01:04:31.000000;2c66c8dd-2065-4141-ba9f-cee5ca934442;422.86;0.34;UNKNOWN
2016-04-06T01:04:31.000000;2016-04-06T01:04:31.000000;d20da983-6090-4f3d-a215-8fdd6525a337;422.82;0.99996136;UNKNOWN
2016-04-06T01:04:31.000000;2016-04-06T01:04:31.000000;9cc9be87-daf3-489f-8eac-0aca8e5f8f1b;422.85;2.47;UNKNOWN
2016-04-06T01:04:31.000000;2016-04-06T01:04:31.000000;4979aa27-0f07-457d-a1b5-da5fa2cedec3;422.82;0.022;UNKNOWN
2016-04-06T01:05:01.000000;2016-04-06T01:05:01.000000;36bb3688-e26d-411b-ba9c-46bfaf4c61ba;422.85;0.022;UNKNOWN
2016-04-06T01:05:01.000000;2016-04-06T01:05:01.000000;a6d850cc-b522-4d55-bfcf-e3a902cb0435;422.87;0.26277;UNKNOWN
2016-04-06T01:05:01.000000;2016-04-06T01:05:01.000000;01d3f1b2-ebba-4d70-9eae-eda5f04ff6e9;422.85;0.122;UNKNOWN
2016-04-06T01:05:01.000000;2016-04-06T01:05:01.000000;4bb2b74c-9773-4650-8bfe-ce2fbeb113e7;422.85;0.01;UNKNOWN
2016-04-06T01:06:01.000000;2016-04-06T01:06:01.000000;3667874a-b736-4cc7-b7ba-999da936e3aa;422.73;0.028;UNKNOWN
2016-04-06T01:06:01.000000;2016-04-06T01:06:01.000000;245b23f9-bbf2-4a91-ad71-ebc75a17bbf7;422.73;0.0368;UNKNOWN
2016-04-06T01:06:01.000000;2016-04-06T01:06:01.000000;9e940f25-bd33-45b4-931d-eaa9ae2db253;422.73;0.0298;UNKNOWN
2016-04-06T01:06:01.000000;2016-04-06T01:06:01.000000;00d8738b-17ec-44f9-b441-f5d5e4b0ab31;422.73;0.0294;UNKNOWN
2016-04-06T01:06:01.000000;2016-04-06T01:06:01.000000;6f99ac2e-1283-46cd-b9e0-2ae94ec51666;422.73;0.01021;UNKNOWN
2016-04-06T01:06:31.000000;2016-04-06T01:06:31.000000;7733f890-d124-43f8-ac72-849147440a79;422.88;0.10474;UNKNOWN
2016-04-06T01:06:31.000000;2016-04-06T01:06:31.000000;45d88539-a8ce-462f-9354-c01d4ec7bfba;422.87;0.19;UNKNOWN
2016-04-06T01:06:31.000000;2016-04-06T01:06:31.000000;293ff0c9-c653-41ef-88dd-cbdbe0af9c5a;422.88;0.3;UNKNOWN
2016-04-06T01:07:01.000000;2016-04-06T01:07:01.000000;75ed22e4-0317-485f-8a9a-bcfe86cbaa7b;422.89;0.13395;UNKNOWN
2016-04-06T01:07:01.000000;2016-04-06T01:07:01.000000;282ab0eb-f1ed-4d85-8d47-59741790c904;422.87;0.169;UNKNOWN
2016-04-06T01:07:01.000000;2016-04-06T01:07:01.000000;8770190e-4ea8-4336-a56f-8ec932e0df45;422.9;0.1;UNKNOWN
2016-04-06T01:07:01.000000;2016-04-06T01:07:01.000000;b8783bca-29e7-4e79-be92-680e9df675f7;422.92;0.01;UNKNOWN
2016-04-06T01:07:01.000000;2016-04-06T01:07:01.000000;6238c02d-1010-4e45-8acf-43c51c8f09be;422.89;0.26605;UNKNOWN
2016-04-06T01:07:01.000000;2016-04-06T01:07:01.000000;18204b12-17f7-417c-973a-139838400139;422.89;0.022;UNKNOWN
2016-04-06T01:07:01.000000;2016-04-06T01:07:01.000000;5f486d14-f6bf-40d3-a26a-556c3be348bc;422.95;0.17224;UNKNOWN
2016-04-06T01:07:31.000000;2016-04-06T01:07:31.000000;ce874134-b979-4a5d-9c17-5f859e81d069;422.78;0.24;UNKNOWN
2016-04-06T01:07:31.000000;2016-04-06T01:07:31.000000;343f70ef-afd1-484b-b22d-b54f405eabce;422.84;0.0115;UNKNOWN
2016-04-06T01:07:31.000000;2016-04-06T01:07:31.000000;deb93ab1-5469-44c4-a980-829cb35b2957;422.84;0.02;UNKNOWN
2016-04-06T01:07:31.000000;2016-04-06T01:07:31.000000;c8e59129-a395-46f5-b2db-2438583245d1;422.74;0.0126;UNKNOWN
2016-04-06T01:07:39.000000;2016-04-06T01:07:39.000000;f4137261-fa66-4568-99df-d30c7651b76b;422.84;0.06;UNKNOWN
2016-04-06T01:08:03.000000;2016-04-06T01:08:03.000000;28d2e346-ad16-434b-aa11-c7a7ce9401ad;422.8;0.12802;UNKNOWN
2016-04-06T01:08:03.000000;2016-04-06T01:08:03.000000;ac68d941-c377-4a5c-883a-9c7ab8b48837;422.8;0.0215;UNKNOWN
2016-04-06T01:08:03.000000;2016-04-06T01:08:03.000000;0f689c41-2b3d-4211-b81c-378e0354775e;422.78;0.0196;UNKNOWN
2016-04-06T01:08:03.000000;2016-04-06T01:08:03.000000;21ae2d3a-8af9-4645-b42d-8294a1ff3de1;422.76;0.0182;UNKNOWN
2016-04-06T01:09:01.000000;2016-04-06T01:09:01.000000;fcecd989-c2e0-4b92-a953-6d5a6b37c3f4;422.85;0.146;UNKNOWN
2016-04-06T01:09:01.000000;2016-04-06T01:09:01.000000;082fb649-6bba-481d-819c-d00af4f0fcec;422.87;3.05376;UNKNOWN
2016-04-06T01:09:01.000000;2016-04-06T01:09:01.000000;9be9db6a-6eeb-43b1-80ee-c3faee70841c;422.85;0.01;UNKNOWN
2016-04-06T01:09:01.000000;2016-04-06T01:09:01.000000;872957e0-87d9-4710-81c7-f422ceb15cd0;422.86;0.3;UNKNOWN
2016-04-06T01:09:31.000000;2016-04-06T01:09:31.000000;f73dc48c-266f-4e0d-a7ba-167bb97e7ad7;422.72;0.05218;UNKNOWN
2016-04-06T01:09:31.000000;2016-04-06T01:09:31.000000;53966596-23b9-4de7-8436-e3920dd78952;422.72;0.01;UNKNOWN
2016-04-06T01:10:01.000000;2016-04-06T01:10:01.000000;452489e8-2942-4687-b8eb-07152443c3d0;422.89;0.83538;UNKNOWN
2016-04-06T01:10:01.000000;2016-04-06T01:10:01.000000;19e79c88-e570-4fb7-943e-745c137c53ce;422.85;0.536;UNKNOWN
2016-04-06T01:10:01.000000;2016-04-06T01:10:01.000000;9c5b9ca2-8375-4fa5-9af3-1d5a2e2be763;422.85;0.01;UNKNOWN
2016-04-06T01:10:31.000000;2016-04-06T01:10:31.000000;c2a610f3-f893-4509-b9b1-565722b6b20f;422.88;0.13049;UNKNOWN
2016-04-06T01:11:31.000000;2016-04-06T01:11:31.000000;9fdf2501-b12e-4b4a-a8ba-9f2037cd4831;422.87;0.00188;UNKNOWN
2016-04-06T01:11:31.000000;2016-04-06T01:11:31.000000;abb97fff-1a9f-4445-81c8-d662c635d8ec;422.85;0.0168;UNKNOWN
2016-04-06T01:11:54.000000;2016-04-06T01:11:54.000000;5bdb9ab5-0308-49b8-b128-4d81d3ac2b0c;422.9;0.31;UNKNOWN
2016-04-06T01:11:54.000000;2016-04-06T01:11:54.000000;624874b4-d4d8-4dc1-b476-39f440719794;422.9;0.01;UNKNOWN
2016-04-06T01:11:58.000000;2016-04-06T01:11:58.000000;008e5668-3bfe-422a-b6a2-567b3a40a8b2;422.93;0.21;UNKNOWN
2016-04-06T01:12:01.000000;2016-04-06T01:12:01.000000;47c2db9e-b65f-46ec-85e1-cf27cd044193;422.91;0.23324;UNKNOWN
2016-04-06T01:12:01.000000;2016-04-06T01:12:01.000000;ec51f7db-636a-46fa-a7eb-daeb80f58a0b;422.9;0.447;UNKNOWN
2016-04-06T01:12:31.000000;2016-04-06T01:12:31.000000;530ffa23-9f11-41d0-9d6e-61d8f9c0f738;422.75;0.022;UNKNOWN
2016-04-06T01:12:31.000000;2016-04-06T01:12:31.000000;282500ea-0f64-400c-90e9-f1db38a7c4e7;422.75;0.126;UNKNOWN
2016-04-06T01:12:31.000000;2016-04-06T01:12:31.000000;1b1d2520-e4a2-4bc7-b870-4db214bbfced;422.7;0.01;UNKNOWN
2016-04-06T01:12:31.000000;2016-04-06T01:12:31.000000;af96b195-7331-491b-b63c-4029188a07e5;422.75;0.0115;UNKNOWN
2016-04-06T01:12:31.000000;2016-04-06T01:12:31.000000;08a01d57-9071-4e35-8ccc-31e4ad7c9a76;422.7;0.12;UNKNOWN
2016-04-06T01:12:31.000000;2016-04-06T01:12:31.000000;c6c3a4a2-1920-4d97-9cc6-ff7ef24b4b36;422.69;0.14055;UNKNOWN
2016-04-06T01:13:01.000000;2016-04-06T01:13:01.000000;abce104b-5ae5-4622-b47b-babac49201ca;422.95;0.02;UNKNOWN
2016-04-06T01:13:01.000000;2016-04-06T01:13:01.000000;464864be-f92b-44b8-aadb-ae806aed8380;422.94;0.108;UNKNOWN
2016-04-06T01:13:01.000000;2016-04-06T01:13:01.000000;445dd217-f180-458f-bf9d-6ab7faa3ca44;422.93;0.01;UNKNOWN
2016-04-06T01:13:01.000000;2016-04-06T01:13:01.000000;b2ec1cb6-3a14-4c88-abd4-13abecb551c8;422.89;0.125;UNKNOWN
2016-04-06T01:13:01.000000;2016-04-06T01:13:01.000000;dbf34248-a6f4-4ab2-9665-8df15c09d14f;422.97;0.39683001;UNKNOWN
2016-04-06T01:13:01.000000;2016-04-06T01:13:01.000000;a4ed8fd1-b053-42ee-ac8f-f4a7b8a7d620;422.84;0.14054999;UNKNOWN
2016-04-06T01:13:31.000000;2016-04-06T01:13:31.000000;da46deba-62d4-4603-a5da-638e4c185943;422.95;0.24872;UNKNOWN
2016-04-06T01:14:01.000000;2016-04-06T01:14:01.000000;be3f0f98-57ff-498a-a471-7e4d8160e58c;422.94;1.03307;UNKNOWN
2016-04-06T01:14:01.000000;2016-04-06T01:14:01.000000;ae695996-6ed1-40c2-93bc-0fa31b953702;422.9;0.421;UNKNOWN
2016-04-06T01:14:01.000000;2016-04-06T01:14:01.000000;eec88a98-5b9b-43af-bbf9-da2328ab9a2d;422.9;0.01;UNKNOWN
2016-04-06T01:14:32.000000;2016-04-06T01:14:32.000000;3f5fa98c-8c6c-4547-a16c-d550022d437d;422.89;0.33895;UNKNOWN
2016-04-06T01:14:44.000000;2016-04-06T01:14:44.000000;dba503ae-afd7-413e-b328-def4664aaf76;422.74;0.022;UNKNOWN
2016-04-06T01:14:44.000000;2016-04-06T01:14:44.000000;98630d56-59c1-4f82-92f4-73f95ca47690;422.71;0.01;UNKNOWN
2016-04-06T01:14:44.000000;2016-04-06T01:14:44.000000;12c7188c-b190-4032-9f13-ed54520659e0;422.69;0.080999;UNKNOWN
2016-04-06T01:14:44.000000;2016-04-06T01:14:44.000000;76173570-ce89-424d-ae58-6d86f4e8e403;422.74;0.097;UNKNOWN
2016-04-06T01:15:01.000000;2016-04-06T01:15:01.000000;edf161dc-6f80-4a38-943c-fc8d4051eebc;422.84;0.080999;UNKNOWN
2016-04-06T01:15:01.000000;2016-04-06T01:15:01.000000;5a8e627f-1efd-4394-9aea-8fcb279961c1;422.85;2.446851;UNKNOWN
2016-04-06T01:15:31.000000;2016-04-06T01:15:31.000000;c6aedaa0-673d-4d9c-bfee-7b33e25e9ef5;422.85;0.01256;UNKNOWN
2016-04-06T01:16:01.000000;2016-04-06T01:16:01.000000;6fa291fe-bc1a-4cdb-91b3-f7a2d2d43b78;422.85;0.82675193;UNKNOWN
2016-04-06T01:16:01.000000;2016-04-06T01:16:01.000000;759068fd-6621-4280-93c2-268b4100aa7e;422.85;0.19143807;UNKNOWN
2016-04-06T01:16:31.000000;2016-04-06T01:16:31.000000;d4487ff5-b40c-47fe-af6d-1f91fe034347;422.85;1.80856193;UNKNOWN
2016-04-06T01:16:31.000000;2016-04-06T01:16:31.000000;a5816440-ce4c-4388-b652-bafc8011f239;422.85;0.29652807;UNKNOWN
2016-04-06T01:17:01.000000;2016-04-06T01:17:01.000000;402e9113-7068-47ed-9065-88443744b3c9;422.8;0.0115;UNKNOWN
2016-04-06T01:17:01.000000;2016-04-06T01:17:01.000000;c66bb88f-e308-42a9-809c-8f61632f0606;422.8;0.04318;UNKNOWN
2016-04-06T01:17:34.000000;2016-04-06T01:17:34.000000;9e4c4c65-9c14-4ab0-a789-d22cbea82583;422.94;0.01;UNKNOWN
2016-04-06T01:17:34.000000;2016-04-06T01:17:34.000000;e29b91af-9392-4c81-9428-4bfa70498333;422.92;0.078;UNKNOWN
2016-04-06T01:17:34.000000;2016-04-06T01:17:34.000000;896d12cf-3ea3-46f8-9a48-138eb0eb6552;422.95;2.07494807;UNKNOWN
2016-04-06T01:17:34.000000;2016-04-06T01:17:34.000000;9bdfd09d-53e2-4482-9aa1-79cf7b46ad12;422.85;0.14157193;UNKNOWN
2016-04-06T01:18:06.000000;2016-04-06T01:18:06.000000;e35600ed-859a-48c8-8dbc-ec2542ebc2ed;422.69;0.778451;UNKNOWN
2016-04-06T01:18:06.000000;2016-04-06T01:18:06.000000;818e6f63-91d0-47e5-91cf-5cfc9ff45276;422.73;0.022;UNKNOWN
2016-04-06T01:18:06.000000;2016-04-06T01:18:06.000000;739d9334-a988-45fb-bd1f-8027f6ba9723;422.65;0.02;UNKNOWN
2016-04-06T01:18:06.000000;2016-04-06T01:18:06.000000;d4d1c35e-d4b1-45cd-ba91-0c5a72755206;422.65;0.3;UNKNOWN
2016-04-06T01:18:06.000000;2016-04-06T01:18:06.000000;48232cec-544b-44bd-b237-acdfb46f24b2;422.73;0.109;UNKNOWN
2016-04-06T01:18:06.000000;2016-04-06T01:18:06.000000;09b47059-7bed-4384-a0bc-37d7c7d7f38f;422.68;0.079;UNKNOWN
2016-04-06T01:18:06.000000;2016-04-06T01:18:06.000000;295e9530-3d76-4af1-89b4-9b71975c98cf;422.63;0.105;UNKNOWN
2016-04-06T01:18:06.000000;2016-04-06T01:18:06.000000;6cb02d37-6ad4-401b-9ebf-afbd401fb00e;422.71;0.01;UNKNOWN
2016-04-06T01:18:06.000000;2016-04-06T01:18:06.000000;eb7c543e-e7c1-4ff5-a22f-290de2dfc345;422.64;0.23;UNKNOWN
2016-04-06T01:18:06.000000;2016-04-06T01:18:06.000000;92cfa532-019d-441a-998d-17ef98f8439b;422.6;2.63;UNKNOWN
2016-04-06T01:18:06.000000;2016-04-06T01:18:06.000000;2980f30b-d95f-457c-b40e-a0eb6d6d8896;422.55;0.014969;UNKNOWN
2016-04-06T01:18:06.000000;2016-04-06T01:18:06.000000;eeeb8356-4158-45c2-8146-9d79268032b4;422.6;0.1;UNKNOWN
2016-04-06T01:18:06.000000;2016-04-06T01:18:06.000000;eb7d78c1-b463-4c07-a669-e6231c9e906b;422.58;0.084;UNKNOWN
2016-04-06T01:19:01.000000;2016-04-06T01:19:01.000000;dc2a444d-6a33-4437-acef-da8d8d739a5e;422.41;0.86982;UNKNOWN
2016-04-06T01:19:01.000000;2016-04-06T01:19:01.000000;96898583-e40a-49a3-95c2-6c367453cc39;422.46;0.0272;UNKNOWN
2016-04-06T01:19:01.000000;2016-04-06T01:19:01.000000;a50faae7-3f8f-43a5-bc3e-a8cf711555db;422.44;0.022;UNKNOWN
2016-04-06T01:19:01.000000;2016-04-06T01:19:01.000000;832ffce5-4044-4f72-b70a-a75fc57fe54c;422.48;0.093;UNKNOWN
2016-04-06T01:19:01.000000;2016-04-06T01:19:01.000000;250e9ad5-00e8-4bb9-9b5f-014813a956b9;422.45;0.02;UNKNOWN
2016-04-06T01:19:01.000000;2016-04-06T01:19:01.000000;626a9c7c-ca39-4f71-8e90-2b5da2c27b02;422.66;0.01;UNKNOWN
2016-04-06T01:19:01.000000;2016-04-06T01:19:01.000000;d1745302-a12c-48e6-b0e4-98d052496d48;422.67;0.01;UNKNOWN
2016-04-06T01:19:31.000000;2016-04-06T01:19:31.000000;50045023-6887-4f83-911d-e860f272cd47;422.5;0.05744;UNKNOWN
2016-04-06T01:19:31.000000;2016-04-06T01:19:31.000000;a4c16b45-fa0d-4401-ab4f-1077641be905;422.5;0.01;UNKNOWN
2016-04-06T01:20:01.000000;2016-04-06T01:20:01.000000;2be1b848-afeb-45d9-bd98-179ca487c52c;422.61;1.65121;UNKNOWN
2016-04-06T01:20:33.000000;2016-04-06T01:20:33.000000;1bb978ea-cb88-4f73-b72e-aeb6e8987830;422.56;0.15528;UNKNOWN
2016-04-06T01:21:01.000000;2016-04-06T01:21:01.000000;b17b0c98-bd81-4bf6-bd02-2aac0c1f6fed;422.56;0.01148;UNKNOWN
2016-04-06T01:21:33.000000;2016-04-06T01:21:33.000000;f085c96c-8dc9-4c2e-9353-c485a0c29586;422.59;0.0669;UNKNOWN
2016-04-06T01:22:01.000000;2016-04-06T01:22:01.000000;f2bda6a1-85b6-46c5-ac09-ccc9ab64d220;422.6;0.01;UNKNOWN
2016-04-06T01:22:01.000000;2016-04-06T01:22:01.000000;07403e3d-7ed8-435b-8cdd-0bf1192d438c;422.62;0.28149;UNKNOWN
2016-04-06T01:23:32.000000;2016-04-06T01:23:32.000000;71f6408f-2ef4-4bd2-94f1-dd6557fbb718;422.63;0.00261;UNKNOWN
2016-04-06T01:23:32.000000;2016-04-06T01:23:32.000000;ac80d34b-284e-4d06-92ca-576854fe4a86;422.62;0.02;UNKNOWN
2016-04-06T01:24:02.000000;2016-04-06T01:24:02.000000;40be22c9-851f-49c2-898f-00db05ce9934;422.51;0.23;UNKNOWN
2016-04-06T01:24:02.000000;2016-04-06T01:24:02.000000;3360ee74-de75-422b-9d22-d4112f66abb3;422.48;0.022;UNKNOWN
2016-04-06T01:24:02.000000;2016-04-06T01:24:02.000000;f2ca577d-14a7-4cd1-8b34-cc50458bb8b0;422.49;0.76;UNKNOWN
2016-04-06T01:24:02.000000;2016-04-06T01:24:02.000000;fdc511ed-838c-4e07-adf2-fd5d26ce269d;422.51;0.076;UNKNOWN
2016-04-06T01:24:02.000000;2016-04-06T01:24:02.000000;eb93b65f-2fc9-4c0d-9cc1-fe4c58e0e5eb;422.5;0.0115;UNKNOWN
2016-04-06T01:24:02.000000;2016-04-06T01:24:02.000000;b697369c-8de4-4a89-96d5-d09216ab9917;422.48;0.76;UNKNOWN
2016-04-06T01:24:02.000000;2016-04-06T01:24:02.000000;f3c6a8f3-7068-4406-8b9c-fe06ad3a33d0;422.47;0.9705;UNKNOWN
2016-04-06T01:24:02.000000;2016-04-06T01:24:02.000000;0381a84c-2e9b-46cb-8292-54504c6dc192;422.47;0.02;UNKNOWN
2016-04-06T01:25:01.000000;2016-04-06T01:25:01.000000;134851db-7b58-4294-9b25-0dcf0cd1a321;422.63;0.14;UNKNOWN
2016-04-06T01:25:01.000000;2016-04-06T01:25:01.000000;2cd2f003-23c6-472d-aa82-83404c0ba5a4;422.63;0.00739;UNKNOWN
2016-04-06T01:25:01.000000;2016-04-06T01:25:01.000000;6d4b8353-e66d-4f55-be42-96d68e2e9e3d;422.6;0.01;UNKNOWN
2016-04-06T01:25:01.000000;2016-04-06T01:25:01.000000;ff8d61a3-6253-4c1d-81e1-448572275524;422.68;0.022;UNKNOWN
2016-04-06T01:25:01.000000;2016-04-06T01:25:01.000000;b38afe58-83de-41eb-afb1-26c7589ec596;422.68;0.19544;UNKNOWN
2016-04-06T01:25:31.000000;2016-04-06T01:25:31.000000;7f2d3d63-0d6e-4ef3-a954-64c142904ea3;422.74;0.422;UNKNOWN
2016-04-06T01:25:31.000000;2016-04-06T01:25:31.000000;f6e653a0-41d7-4ba8-8447-9e9945a736cc;422.8;0.14476001;UNKNOWN
2016-04-06T01:25:31.000000;2016-04-06T01:25:31.000000;e0993f8f-5129-40cb-9fb8-97623140a269;422.79;0.01;UNKNOWN
2016-04-06T01:25:31.000000;2016-04-06T01:25:31.000000;de4b0625-9211-43a7-9fcb-7c2549900f3b;422.8;0.01;UNKNOWN
2016-04-06T01:25:31.000000;2016-04-06T01:25:31.000000;a47acd89-41b5-4377-91e7-4a68ed940ca3;422.79;0.412;UNKNOWN
2016-04-06T01:25:31.000000;2016-04-06T01:25:31.000000;5820fbd0-9374-4abd-977f-834dff0d6ddc;422.75;0.1;UNKNOWN
2016-04-06T01:25:31.000000;2016-04-06T01:25:31.000000;c1f94196-b8dc-4263-afe1-284f30ccc48b;422.75;1.48316999;UNKNOWN
2016-04-06T01:26:01.000000;2016-04-06T01:26:01.000000;6cf90b15-d401-4b5b-9f54-ec558317936c;422.8;0.30075;UNKNOWN
2016-04-06T01:26:32.000000;2016-04-06T01:26:32.000000;f6695084-f0fd-44a4-bd2b-d22e10465533;422.8;0.332941;UNKNOWN
2016-04-06T01:26:32.000000;2016-04-06T01:26:32.000000;0d1a1798-1f37-4421-9c09-bb1096b9e87a;422.8;0.022;UNKNOWN
2016-04-06T01:26:32.000000;2016-04-06T01:26:32.000000;8fd193dc-67f9-4cc4-bd36-123ec4e3ae3e;422.81;0.006039;UNKNOWN
2016-04-06T01:27:01.000000;2016-04-06T01:27:01.000000;6d1ec94e-32f4-4987-a34c-387c0188b68c;422.86;0.0186;UNKNOWN
2016-04-06T01:27:01.000000;2016-04-06T01:27:01.000000;0d78088c-8cfe-4d70-b218-09057c710f93;422.84;0.00943;UNKNOWN
2016-04-06T01:27:35.000000;2016-04-06T01:27:35.000000;80176077-21e7-4155-a714-72399cebbbf6;422.89;0.022;UNKNOWN
2016-04-06T01:27:35.000000;2016-04-06T01:27:35.000000;5fe8e9f0-1284-467a-908a-af8561da2bda;422.9;0.13109;UNKNOWN
2016-04-06T01:27:35.000000;2016-04-06T01:27:35.000000;57b19854-1f8a-4083-ac28-bb9c37b9bc6f;422.9;0.1;UNKNOWN
2016-04-06T01:27:35.000000;2016-04-06T01:27:35.000000;9d0150bc-b20a-46de-a0e8-4cc5a6e8a89f;422.89;0.427;UNKNOWN
2016-04-06T01:28:03.000000;2016-04-06T01:28:03.000000;0548fe1e-5870-4411-90aa-f947409b4e1a;422.89;0.5015;UNKNOWN
2016-04-06T01:28:03.000000;2016-04-06T01:28:03.000000;6e415c70-c687-4262-9d1e-c4f6016390d4;422.89;0.022;UNKNOWN
2016-04-06T01:28:03.000000;2016-04-06T01:28:03.000000;d16b5923-57d6-445e-acb2-b3c53c38d005;422.88;0.413;UNKNOWN
2016-04-06T01:28:09.000000;2016-04-06T01:28:09.000000;b9ad7aef-a2cc-4a9a-bf4a-83e1d5f2afac;422.88;0.07;UNKNOWN
2016-04-06T01:29:01.000000;2016-04-06T01:29:01.000000;5705e159-3e1c-4d03-86c3-20394f1871c5;422.86;0.02;UNKNOWN
2016-04-06T01:29:01.000000;2016-04-06T01:29:01.000000;b73a10dd-0433-408d-a997-bca275a578d0;422.85;0.088;UNKNOWN
2016-04-06T01:29:01.000000;2016-04-06T01:29:01.000000;d53b8a56-8d27-4e99-aafa-9716d45b844f;422.89;0.19;UNKNOWN
2016-04-06T01:29:01.000000;2016-04-06T01:29:01.000000;970d5ff7-47eb-4f7f-9a14-cdb1503e7d23;422.76;0.019;UNKNOWN
2016-04-06T01:29:01.000000;2016-04-06T01:29:01.000000;69888589-77c8-4386-913e-9a4b1319b3ad;422.76;0.0216;UNKNOWN
2016-04-06T01:29:01.000000;2016-04-06T01:29:01.000000;a1177e39-3fcd-49aa-a134-a54db37824cd;422.76;0.0172;UNKNOWN
2016-04-06T01:29:01.000000;2016-04-06T01:29:01.000000;b532c173-7ffb-49e8-a4d9-82298e5d1f59;422.76;0.0199;UNKNOWN
2016-04-06T01:29:01.000000;2016-04-06T01:29:01.000000;725e8493-259f-411b-a7b6-a8d92c61f2f0;422.76;0.0226;UNKNOWN
2016-04-06T01:29:01.000000;2016-04-06T01:29:01.000000;a7e403a8-c14e-437c-befd-8fb7b7f5767f;422.76;0.0252;UNKNOWN
2016-04-06T01:29:01.000000;2016-04-06T01:29:01.000000;c29e137d-e99c-48d6-bb9d-0fd804e2bdd9;422.77;0.0191;UNKNOWN
2016-04-06T01:29:01.000000;2016-04-06T01:29:01.000000;8fbf4111-720c-4bc9-894b-ed764d168309;422.76;0.023;UNKNOWN
2016-04-06T01:29:01.000000;2016-04-06T01:29:01.000000;0ba26ecc-d77c-42d1-8444-f627d9f441d2;422.79;0.02;UNKNOWN
2016-04-06T01:29:01.000000;2016-04-06T01:29:01.000000;e29a2b92-114f-498f-9beb-85e39c1bc3cc;422.9;1.77257;UNKNOWN
2016-04-06T01:29:01.000000;2016-04-06T01:29:01.000000;3b83a3f2-20d1-4c58-a113-2438a43e360b;422.8;0.089;UNKNOWN
2016-04-06T01:29:31.000000;2016-04-06T01:29:31.000000;21968833-bccd-4e1e-a24f-f36a51cb8f8d;422.9;0.01;UNKNOWN
2016-04-06T01:29:31.000000;2016-04-06T01:29:31.000000;c5e37257-a79f-41fc-a0b8-06c5006fae2e;422.91;0.01;UNKNOWN
2016-04-06T01:29:31.000000;2016-04-06T01:29:31.000000;2298c238-2df9-444b-939a-0a233f4e1f3c;422.91;0.39742;UNKNOWN
2016-04-06T01:29:31.000000;2016-04-06T01:29:31.000000;a55239a2-9d5f-4f56-a3d0-ac7d6f14ec4f;422.9;1.0;UNKNOWN
2016-04-06T01:29:31.000000;2016-04-06T01:29:31.000000;05708ff3-dc60-4c7b-9045-600121187aa3;422.89;0.332;UNKNOWN
2016-04-06T01:29:31.000000;2016-04-06T01:29:31.000000;b19ce1d4-97c6-4ec6-9563-a7a2e5731255;422.9;0.72634;UNKNOWN
2016-04-06T01:29:31.000000;2016-04-06T01:29:31.000000;7bd7a437-f83f-4a98-b33b-81bef8fb533a;422.89;0.022;UNKNOWN
2016-04-06T01:29:31.000000;2016-04-06T01:29:31.000000;e56095ea-bd5b-4dcc-839b-e927e852c4bb;422.89;0.38;UNKNOWN
2016-04-06T01:30:01.000000;2016-04-06T01:30:01.000000;8971d2d7-ad1f-4a59-80c9-6bfb45543190;422.82;0.116;UNKNOWN
2016-04-06T01:30:01.000000;2016-04-06T01:30:01.000000;61ae087a-0ca1-41e4-b92a-838e659b9c51;422.91;0.28265;UNKNOWN
2016-04-06T01:30:01.000000;2016-04-06T01:30:01.000000;736297fd-d017-4429-a306-ae144e81f083;422.87;0.093;UNKNOWN
2016-04-06T01:30:30.000000;2016-04-06T01:30:30.000000;f7a712e5-096c-489f-90b6-ab124eacb760;422.69;0.11512;UNKNOWN
2016-04-06T01:30:30.000000;2016-04-06T01:30:30.000000;c058b1af-59cc-4eeb-beeb-695154a709de;422.74;0.16;UNKNOWN
2016-04-06T01:30:30.000000;2016-04-06T01:30:30.000000;726a7c13-de1a-4c9f-80a6-cfe0c7dbb7a3;422.74;0.022;UNKNOWN
2016-04-06T01:30:30.000000;2016-04-06T01:30:30.000000;1952aa35-e398-4c34-8ac5-678b723ecedf;422.75;0.01;UNKNOWN
2016-04-06T01:30:30.000000;2016-04-06T01:30:30.000000;ec371589-ab28-4343-b587-830b27fa570a;422.73;0.126;UNKNOWN
2016-04-06T01:31:00.000000;2016-04-06T01:31:00.000000;acedf34b-1b69-4a79-83d9-01a31d5f3114;422.86;0.0207;UNKNOWN
2016-04-06T01:31:00.000000;2016-04-06T01:31:00.000000;68198e01-ee77-4939-b4a2-ff846fa3a33a;422.84;0.0197;UNKNOWN
2016-04-06T01:31:00.000000;2016-04-06T01:31:00.000000;3f7b4edf-eb79-4e11-b9c7-289e7dc76090;422.89;0.0184;UNKNOWN
2016-04-06T01:31:00.000000;2016-04-06T01:31:00.000000;b84d0b15-5368-429e-b165-d61a593b9178;422.84;0.095;UNKNOWN
2016-04-06T01:31:00.000000;2016-04-06T01:31:00.000000;b618e004-f75a-450e-8745-28102b905f83;422.89;0.0184;UNKNOWN
2016-04-06T01:31:00.000000;2016-04-06T01:31:00.000000;d5eabe12-5174-4b1b-9d12-bb85406d4943;422.89;0.0211;UNKNOWN
2016-04-06T01:31:02.000000;2016-04-06T01:31:02.000000;f8bebce9-aedc-4c09-8f05-4f2c26189136;422.93;0.02;UNKNOWN
2016-04-06T01:31:02.000000;2016-04-06T01:31:02.000000;01ac4502-eac6-42e6-a792-f5b45a8e665f;422.93;0.01;UNKNOWN
2016-04-06T01:31:02.000000;2016-04-06T01:31:02.000000;03b78256-0cd2-4335-ad82-b3fbe078e695;422.94;0.01;UNKNOWN
2016-04-06T01:31:02.000000;2016-04-06T01:31:02.000000;a44a877f-06bb-437e-87be-8537cdee3ec9;422.92;0.129;UNKNOWN
2016-04-06T01:31:02.000000;2016-04-06T01:31:02.000000;8e79e350-175a-43cc-87f2-7c5506674a3f;422.9;0.1;UNKNOWN
2016-04-06T01:31:02.000000;2016-04-06T01:31:02.000000;d34bef98-ff5a-408e-b49b-4b2c659d7908;422.92;0.01;UNKNOWN
2016-04-06T01:31:02.000000;2016-04-06T01:31:02.000000;227d5f6b-4aad-4ad5-9ab1-ac2368ed21b0;422.94;0.022;UNKNOWN
2016-04-06T01:31:02.000000;2016-04-06T01:31:02.000000;96dc10a2-78b1-4ae8-bc47-e65870341423;422.94;0.01;UNKNOWN
2016-04-06T01:31:02.000000;2016-04-06T01:31:02.000000;6abf1163-ba37-436c-88f4-d202b8dd9b96;422.97;0.01;UNKNOWN
2016-04-06T01:31:02.000000;2016-04-06T01:31:02.000000;fb7733d7-2f22-4a49-9d69-e2bf9f3c8e7e;422.96;0.01;UNKNOWN
2016-04-06T01:31:02.000000;2016-04-06T01:31:02.000000;377bbb8f-1288-4520-b6f3-d21678c53f6a;422.95;0.01;UNKNOWN
2016-04-06T01:31:02.000000;2016-04-06T01:31:02.000000;ee15eb01-a24f-4690-a3ae-b786983c4067;422.97;1.87078;UNKNOWN
2016-04-06T01:31:30.000000;2016-04-06T01:31:30.000000;1ff93889-42cf-4c86-9716-495be373a952;422.8;0.0167;UNKNOWN
2016-04-06T01:31:30.000000;2016-04-06T01:31:30.000000;5974a5bb-ea0b-4d10-9af3-b4f7f8963cbb;422.8;0.0262;UNKNOWN
2016-04-06T01:31:30.000000;2016-04-06T01:31:30.000000;9d6fe163-f0e2-4f71-a030-70178a539c36;422.8;0.0194;UNKNOWN
2016-04-06T01:31:30.000000;2016-04-06T01:31:30.000000;d638704d-9101-436a-bf9c-f9bf2103fb02;422.8;0.0163;UNKNOWN
2016-04-06T01:31:30.000000;2016-04-06T01:31:30.000000;c38d382c-4c91-455b-bd03-3c3ad6d419bc;422.8;0.0171;UNKNOWN
2016-04-06T01:31:30.000000;2016-04-06T01:31:30.000000;75fdcf88-b74d-4e9b-9664-cc0d44eb24fd;422.8;0.0194;UNKNOWN
2016-04-06T01:31:30.000000;2016-04-06T01:31:30.000000;ab9b8c8c-603c-463c-84a2-6425e986edf1;422.8;0.0271;UNKNOWN
2016-04-06T01:31:30.000000;2016-04-06T01:31:30.000000;51adb80d-696c-40ba-825e-7c5814ad26fb;422.8;0.21;UNKNOWN
2016-04-06T01:31:30.000000;2016-04-06T01:31:30.000000;ee860d23-a081-4bba-b4c9-1acefe0ff8f1;422.96;0.09;UNKNOWN
2016-04-06T01:31:30.000000;2016-04-06T01:31:30.000000;2e9a821e-5c04-4879-bedf-fbea7d179761;422.8;0.027;UNKNOWN
2016-04-06T01:31:30.000000;2016-04-06T01:31:30.000000;5c4ff9ef-39a8-4119-9d2e-5f0973d5727f;422.86;0.083;UNKNOWN
2016-04-06T01:31:30.000000;2016-04-06T01:31:30.000000;b2daa85d-6199-487c-a2e8-7c0a9617a68c;422.95;0.01;UNKNOWN
2016-04-06T01:31:30.000000;2016-04-06T01:31:30.000000;0db8dfd0-2090-4486-a1b7-9e5e39452404;422.83;0.0191;UNKNOWN
2016-04-06T01:31:30.000000;2016-04-06T01:31:30.000000;e5f3b11a-6ab7-48bb-8da0-6fe702c9eaec;422.81;0.0226;UNKNOWN
2016-04-06T01:31:30.000000;2016-04-06T01:31:30.000000;66db8cc1-8c27-4dd1-85c7-a3625f61521e;422.93;0.02;UNKNOWN
2016-04-06T01:31:30.000000;2016-04-06T01:31:30.000000;7577bb5d-3389-4c72-9df5-06d0729c5d84;422.91;0.094;UNKNOWN
2016-04-06T01:31:30.000000;2016-04-06T01:31:30.000000;63a57c87-872a-40fd-958f-feb6abf65274;422.97;1.65745;UNKNOWN
2016-04-06T01:32:00.000000;2016-04-06T01:32:00.000000;a9483bc9-4645-4e0c-8657-5b4ae984d07a;422.95;0.13627;UNKNOWN
2016-04-06T01:32:00.000000;2016-04-06T01:32:00.000000;2899dd3f-06c4-407a-9144-9141e84a02bc;422.93;0.02;UNKNOWN
2016-04-06T01:32:00.000000;2016-04-06T01:32:00.000000;6d63775e-d327-49bb-9d61-374f7194a9b1;422.92;0.38;UNKNOWN
2016-04-06T01:32:29.000000;2016-04-06T01:32:29.000000;a51e1b79-4b05-41e7-8d78-9688562a197d;422.77;0.01;UNKNOWN
2016-04-06T01:32:30.000000;2016-04-06T01:32:30.000000;4a1c154e-ae40-45ae-8744-4563c7c0e1d0;422.92;1.31947;UNKNOWN
2016-04-06T01:32:30.000000;2016-04-06T01:32:30.000000;642d99ec-ccdc-40c2-8d45-a7c15dc9a256;422.91;0.295;UNKNOWN
2016-04-06T01:33:01.000000;2016-04-06T01:33:01.000000;eeb61acb-1501-4acb-8e03-92ee10ea504f;422.68;0.19842;UNKNOWN
2016-04-06T01:33:01.000000;2016-04-06T01:33:01.000000;f50dabc6-1203-46cd-a0d1-bd258fb52d99;422.71;0.02;UNKNOWN
2016-04-06T01:33:01.000000;2016-04-06T01:33:01.000000;db49e712-7ce7-40a3-a67d-04ad75964b6c;422.71;0.01;UNKNOWN
2016-04-06T01:33:01.000000;2016-04-06T01:33:01.000000;4bc59f6e-0c67-4f9d-95be-6bc0c7069340;422.69;0.3;UNKNOWN
2016-04-06T01:33:01.000000;2016-04-06T01:33:01.000000;8d101c5f-e55b-4a79-9554-0e889d662f73;422.72;0.1;UNKNOWN
2016-04-06T01:33:01.000000;2016-04-06T01:33:01.000000;229f8e66-da96-40a7-87b1-a3ec53aed8b4;422.73;0.105;UNKNOWN
2016-04-06T01:33:01.000000;2016-04-06T01:33:01.000000;1994917b-59ab-44e4-aa65-4037d36e654f;422.73;0.01;UNKNOWN
2016-04-06T01:33:30.000000;2016-04-06T01:33:30.000000;467952b6-6025-4c85-a1e0-155a1222b9a1;422.83;0.47713;UNKNOWN
2016-04-06T01:33:30.000000;2016-04-06T01:33:30.000000;9960fcea-b227-46ec-ac2a-a12631c53827;422.83;1.14;UNKNOWN
2016-04-06T01:33:30.000000;2016-04-06T01:33:30.000000;ffa191f2-e87c-4920-a5de-6ae2cb11c278;422.82;0.28;UNKNOWN
2016-04-06T01:33:30.000000;2016-04-06T01:33:30.000000;a5ebf112-54cc-4ca6-812f-016be2a03f64;422.8;0.3;UNKNOWN
2016-04-06T01:33:30.000000;2016-04-06T01:33:30.000000;08174cd0-eb1d-4dc4-b2c3-21848594313e;422.81;0.3;UNKNOWN
2016-04-06T01:33:30.000000;2016-04-06T01:33:30.000000;33e50677-9da9-4392-803c-4a8d0b579ffa;422.81;3.23;UNKNOWN
2016-04-06T01:34:00.000000;2016-04-06T01:34:00.000000;eceb3952-b9ca-4f08-a22e-039bf234c35c;422.7;0.082;UNKNOWN
2016-04-06T01:34:00.000000;2016-04-06T01:34:00.000000;ebb16ffd-d1d4-45d9-86ca-de133c684f56;422.7;0.0115;UNKNOWN
2016-04-06T01:34:00.000000;2016-04-06T01:34:00.000000;63affdcd-fffc-4474-a0a3-db5c62e38d48;422.68;0.20158;UNKNOWN
2016-04-06T01:34:00.000000;2016-04-06T01:34:00.000000;e4a94964-ef9a-422f-9381-bc9fc600a725;422.68;0.1;UNKNOWN
2016-04-06T01:34:00.000000;2016-04-06T01:34:00.000000;176f7a24-d881-4f5c-8ac6-2b29717f0bb8;422.65;0.12;UNKNOWN
2016-04-06T01:34:00.000000;2016-04-06T01:34:00.000000;89350099-4124-47e5-81e7-fa4762f01047;422.67;0.02;UNKNOWN
2016-04-06T01:34:00.000000;2016-04-06T01:34:00.000000;1241ae56-78e0-44c3-92c6-b7e70191edf2;422.65;0.18;UNKNOWN
2016-04-06T01:34:00.000000;2016-04-06T01:34:00.000000;8804984c-7027-46d0-bdce-a639358d5d9e;422.65;0.3;UNKNOWN
2016-04-06T01:34:00.000000;2016-04-06T01:34:00.000000;04aef504-7e22-46cb-bdbc-20e1319be4af;422.63;0.3;UNKNOWN
2016-04-06T01:34:00.000000;2016-04-06T01:34:00.000000;eca47ae1-6717-4909-a662-fe2423c030fc;422.6;0.1;UNKNOWN
2016-04-06T01:34:00.000000;2016-04-06T01:34:00.000000;b1517263-992c-40fd-a6c9-faafed56cc51;422.53;0.123;UNKNOWN
2016-04-06T01:34:00.000000;2016-04-06T01:34:00.000000;b3af31d1-19cf-4898-9d1a-302909d39323;422.58;0.148;UNKNOWN
2016-04-06T01:34:00.000000;2016-04-06T01:34:00.000000;1e67b7b3-437d-4992-9264-f82d6a551293;422.53;0.02;UNKNOWN
2016-04-06T01:34:00.000000;2016-04-06T01:34:00.000000;f5322a25-3618-4352-bc29-f420ece8d534;422.54;0.95;UNKNOWN
2016-04-06T01:34:00.000000;2016-04-06T01:34:00.000000;3f60973a-0721-4036-b483-100051e45e25;422.49;1.39896;UNKNOWN
2016-04-06T01:34:00.000000;2016-04-06T01:34:00.000000;7e2ed74e-fcf1-4fd3-8709-5492e6da7602;422.5;0.02;UNKNOWN
2016-04-06T01:34:00.000000;2016-04-06T01:34:00.000000;1eaf6fa7-b442-41ec-b880-c54425774271;422.51;1.9;UNKNOWN
2016-04-06T01:34:01.000000;2016-04-06T01:34:01.000000;f78cf8f9-798a-49b9-81c6-588e2aef3bb8;422.68;0.3;UNKNOWN
2016-04-06T01:34:02.000000;2016-04-06T01:34:02.000000;3f78e134-4d95-404f-9efe-7d9913112c50;422.68;0.0264;UNKNOWN
2016-04-06T01:34:02.000000;2016-04-06T01:34:02.000000;8a8b5d76-082a-4762-b63f-6b05b5c00529;422.68;0.2736;UNKNOWN
2016-04-06T01:34:33.000000;2016-04-06T01:34:33.000000;6faa8a02-b78d-4a86-a524-5814bc2a4ebe;422.66;0.0183;UNKNOWN
2016-04-06T01:34:33.000000;2016-04-06T01:34:33.000000;97ac12f6-bf38-4f91-a299-31770e10baf0;422.66;0.0202;UNKNOWN
2016-04-06T01:34:33.000000;2016-04-06T01:34:33.000000;3c6cfeee-5a30-4c2f-af83-34a9c60e0a5c;422.66;0.02;UNKNOWN
2016-04-06T01:34:33.000000;2016-04-06T01:34:33.000000;3e5d4d13-0eb0-444f-b347-533d07139582;422.66;0.0196;UNKNOWN
2016-04-06T01:34:33.000000;2016-04-06T01:34:33.000000;4f4915da-a7ba-4723-b5fd-e41fa1d59fe4;422.66;0.02255;UNKNOWN
2016-04-06T01:34:33.000000;2016-04-06T01:34:33.000000;fce88ad2-e01b-4b51-88e7-5410a1641a22;422.66;0.024;UNKNOWN
2016-04-06T01:34:33.000000;2016-04-06T01:34:33.000000;6d0f9188-c717-4358-b72b-a4002c595cbd;422.66;0.0187;UNKNOWN
2016-04-06T01:35:00.000000;2016-04-06T01:35:00.000000;188432b9-d453-45bf-9b60-179e109dbd54;422.66;0.0255;UNKNOWN
2016-04-06T01:35:00.000000;2016-04-06T01:35:00.000000;f7ce4da2-ae84-4523-932d-d1bf181b9b2f;422.66;0.02879;UNKNOWN
2016-04-06T01:35:00.000000;2016-04-06T01:35:00.000000;2176a88e-4519-4bb0-a231-82671feddcff;422.66;0.0322;UNKNOWN
2016-04-06T01:35:00.000000;2016-04-06T01:35:00.000000;f2f6328d-e294-4e3a-b6cc-82c227a9ca3e;422.66;0.0228;UNKNOWN
2016-04-06T01:35:00.000000;2016-04-06T01:35:00.000000;a03f2b00-9204-4060-b5f0-f708fb84baaf;422.66;0.0307;UNKNOWN
2016-04-06T01:35:06.000000;2016-04-06T01:35:06.000000;6e552721-51b7-4c55-a607-e9c7b9fd4cd9;422.65;0.0523;UNKNOWN
2016-04-06T01:35:30.000000;2016-04-06T01:35:30.000000;867466e6-bd81-446c-aa81-b700f63bb7c4;422.79;0.3;UNKNOWN
2016-04-06T01:35:30.000000;2016-04-06T01:35:30.000000;661baeed-b913-4718-997a-1bd5b077d7f3;422.8;0.112;UNKNOWN
2016-04-06T01:35:30.000000;2016-04-06T01:35:30.000000;acae828b-b129-4bc7-a319-07602b51c4d9;422.78;0.19;UNKNOWN
2016-04-06T01:35:30.000000;2016-04-06T01:35:30.000000;9b583f75-3649-4f9d-aa96-5140854b2e72;422.8;0.01;UNKNOWN
2016-04-06T01:35:30.000000;2016-04-06T01:35:30.000000;e732e62a-158e-481b-88f1-a6385d5f7fef;422.7;0.02;UNKNOWN
2016-04-06T01:35:30.000000;2016-04-06T01:35:30.000000;9f233649-8cf2-4300-b1f2-4e334838b102;422.83;0.24327;UNKNOWN
2016-04-06T01:35:30.000000;2016-04-06T01:35:30.000000;b13d9905-fddb-4897-bb00-ccaf9ed6b8a2;422.66;0.0235;UNKNOWN
2016-04-06T01:35:30.000000;2016-04-06T01:35:30.000000;3866e12d-a909-41e4-96c3-f6cfb4da8f71;422.66;0.0253;UNKNOWN
2016-04-06T01:35:30.000000;2016-04-06T01:35:30.000000;0365a34d-c738-4092-b3b2-17dac4ab2d30;422.66;0.0242;UNKNOWN
2016-04-06T01:35:30.000000;2016-04-06T01:35:30.000000;6d284187-c2f2-4443-8c21-9f917d4bbc37;422.66;0.0254;UNKNOWN
2016-04-06T01:36:00.000000;2016-04-06T01:36:00.000000;466b4e52-a121-4138-bcff-6b6bba571609;422.66;0.023;UNKNOWN
2016-04-06T01:36:00.000000;2016-04-06T01:36:00.000000;b2a04dd5-d2a5-4679-a891-ee824f3cd3b7;422.66;0.0285;UNKNOWN
2016-04-06T01:36:00.000000;2016-04-06T01:36:00.000000;f7333d99-0b34-4c02-9ae7-4af952e9e212;422.66;0.0293;UNKNOWN
2016-04-06T01:36:00.000000;2016-04-06T01:36:00.000000;45b6fb49-3e4c-4556-84be-5dd4588e0587;422.66;0.0296;UNKNOWN
2016-04-06T01:36:00.000000;2016-04-06T01:36:00.000000;14a6129c-533a-4f3f-88aa-b526f3db592f;422.66;0.033;UNKNOWN
2016-04-06T01:36:00.000000;2016-04-06T01:36:00.000000;91488e02-af67-4e6d-9482-d8d8ed642e69;422.66;0.0188;UNKNOWN
2016-04-06T01:36:00.000000;2016-04-06T01:36:00.000000;a6e30d6b-9a0b-40e4-b760-5c80218fe255;422.79;0.4;UNKNOWN
2016-04-06T01:36:00.000000;2016-04-06T01:36:00.000000;2056074e-32e5-47eb-8c26-26a2a8035819;422.66;0.0226;UNKNOWN
2016-04-06T01:36:00.000000;2016-04-06T01:36:00.000000;1a753285-e05a-443c-aba4-f6b5a17c4451;422.66;0.0231;UNKNOWN
2016-04-06T01:36:00.000000;2016-04-06T01:36:00.000000;7b734403-2904-4e5f-9566-8340f245f01d;422.73;0.3;UNKNOWN
2016-04-06T01:36:00.000000;2016-04-06T01:36:00.000000;e27650c7-9247-4102-a721-9eae17dfa1b1;422.8;0.54415;UNKNOWN
2016-04-06T01:36:30.000000;2016-04-06T01:36:30.000000;c483e19d-c6d2-487a-86bb-27bb7f2943dd;422.78;0.23419;UNKNOWN
2016-04-06T01:37:13.000000;2016-04-06T01:37:13.000000;3710ed9d-2d0e-4490-ba08-7d957fe92a3c;422.79;0.04;UNKNOWN
2016-04-06T01:37:30.000000;2016-04-06T01:37:30.000000;bc73fe3a-0030-47bf-8f59-2b37329a332c;422.79;0.29982;UNKNOWN
2016-04-06T01:37:30.000000;2016-04-06T01:37:30.000000;7b3aee79-f01e-45ee-835f-0a05d31f845e;422.79;0.022;UNKNOWN
2016-04-06T01:37:33.000000;2016-04-06T01:37:33.000000;83bf3732-4cc2-4edf-939a-5c2e6c7a112e;422.79;0.00018;UNKNOWN
2016-04-06T01:37:33.000000;2016-04-06T01:37:33.000000;8b01c11c-144a-408c-86bb-f91ea14d5b5b;422.79;0.09982;UNKNOWN
2016-04-06T01:38:01.000000;2016-04-06T01:38:01.000000;72a08952-fc12-454c-b711-4dd3551a9532;422.79;0.58275;UNKNOWN
2016-04-06T01:38:30.000000;2016-04-06T01:38:30.000000;8c306955-d90c-4039-8cc3-4a77cceda0b7;422.68;0.13242;UNKNOWN
2016-04-06T01:38:30.000000;2016-04-06T01:38:30.000000;15429567-3696-44f5-b550-d2cd96a8cdcf;422.7;0.0115;UNKNOWN
2016-04-06T01:38:30.000000;2016-04-06T01:38:30.000000;77ce9857-3a51-4c7a-a50e-d89f12302217;422.78;0.17;UNKNOWN
2016-04-06T01:38:30.000000;2016-04-06T01:38:30.000000;41746a2e-734d-418d-a6cf-ed38d8b9cf4d;422.68;0.138;UNKNOWN
2016-04-06T01:38:30.000000;2016-04-06T01:38:30.000000;c08ebf25-398c-42d2-8fb0-e071bd78a7c0;422.78;0.0256;UNKNOWN
2016-04-06T01:38:30.000000;2016-04-06T01:38:30.000000;791c93af-c005-4a51-8d06-be39c366a7f1;422.71;0.02;UNKNOWN
2016-04-06T01:38:30.000000;2016-04-06T01:38:30.000000;23b64023-eb3b-408e-9ee2-725490d53208;422.71;0.3;UNKNOWN
2016-04-06T01:38:30.000000;2016-04-06T01:38:30.000000;47e69a3b-62b9-4c2d-b001-30a54ae1b3b5;422.72;0.3;UNKNOWN
2016-04-06T01:38:30.000000;2016-04-06T01:38:30.000000;0282b630-87bf-49bc-a15f-451a0ff51901;422.78;0.0194;UNKNOWN
2016-04-06T01:38:30.000000;2016-04-06T01:38:30.000000;05153431-2c09-4d52-b63f-7a2550aef647;422.7;0.3;UNKNOWN
2016-04-06T01:39:01.000000;2016-04-06T01:39:01.000000;1d587521-aea4-4e31-9c81-068a5f064c02;422.76;0.26713;UNKNOWN
2016-04-06T01:39:30.000000;2016-04-06T01:39:30.000000;3cddd3d5-413c-4ab7-a981-5a1d7663907e;422.79;0.25633;UNKNOWN
2016-04-06T01:39:30.000000;2016-04-06T01:39:30.000000;93492604-c995-4bf3-ae96-de78be1fc425;422.78;0.3;UNKNOWN
2016-04-06T01:39:30.000000;2016-04-06T01:39:30.000000;4a30a0ee-bad1-4860-a162-8617e46844a6;422.75;0.01;UNKNOWN
2016-04-06T01:39:30.000000;2016-04-06T01:39:30.000000;fb95fb63-26a8-4c89-835b-8562bb5f5e76;422.78;0.15647;UNKNOWN
2016-04-06T01:39:30.000000;2016-04-06T01:39:30.000000;5afec4a1-fb06-4b8e-ab16-caf823ef7400;422.78;0.0272;UNKNOWN
2016-04-06T01:40:00.000000;2016-04-06T01:40:00.000000;a6c2017e-fc40-42cb-bd8c-9831df7c22a3;422.59;0.022;UNKNOWN
2016-04-06T01:40:00.000000;2016-04-06T01:40:00.000000;1c7157d4-da10-4d28-ade8-ae4ef313cbd1;422.53;2.64205;UNKNOWN
2016-04-06T01:40:00.000000;2016-04-06T01:40:00.000000;464d69c6-01e2-45e3-98cb-1dfb7cad7fb1;422.6;0.082;UNKNOWN
2016-04-06T01:40:30.000000;2016-04-06T01:40:30.000000;06e3f708-4a70-4183-9f53-6cbbc77459e7;422.68;0.11992;UNKNOWN
2016-04-06T01:40:30.000000;2016-04-06T01:40:30.000000;5d628a2f-b2d2-4be5-b9e9-7b5ae977999b;422.69;0.0168;UNKNOWN
2016-04-06T01:40:30.000000;2016-04-06T01:40:30.000000;5482dd41-c0ff-4b3b-918e-21c2c978be9e;422.71;0.0205;UNKNOWN
2016-04-06T01:40:30.000000;2016-04-06T01:40:30.000000;d1d229b6-2070-42a9-a56f-bb99d2f796a8;422.73;0.0209;UNKNOWN
2016-04-06T01:40:30.000000;2016-04-06T01:40:30.000000;7f24944e-2b8a-480b-8b87-f10413f98918;422.73;0.11;UNKNOWN
2016-04-06T01:41:00.000000;2016-04-06T01:41:00.000000;65ac9f6b-dac8-449f-abf7-0671fabc4060;422.75;0.01613;UNKNOWN
2016-04-06T01:41:31.000000;2016-04-06T01:41:31.000000;55c376a9-8711-423d-9303-6e617431fd12;422.75;0.98387;UNKNOWN
2016-04-06T01:41:31.000000;2016-04-06T01:41:31.000000;7e6e2457-3432-43bf-86bf-a8c321f469c5;422.75;0.24698;UNKNOWN
2016-04-06T01:42:35.000000;2016-04-06T01:42:35.000000;0ceb5ff7-5aef-4ba5-8093-6957346c281a;422.79;1.90979;UNKNOWN
2016-04-06T01:42:35.000000;2016-04-06T01:42:35.000000;e757924e-5ee2-40c1-8b88-d4b4645f801d;422.78;0.3;UNKNOWN
2016-04-06T01:42:35.000000;2016-04-06T01:42:35.000000;44cc11f5-745b-45e7-a8c8-f516e5adcbe9;422.72;0.3;UNKNOWN
2016-04-06T01:42:35.000000;2016-04-06T01:42:35.000000;ea4cc451-5db7-4372-a927-269da0cc8c0d;422.68;0.0246;UNKNOWN
2016-04-06T01:42:35.000000;2016-04-06T01:42:35.000000;2a15c13d-f6ac-4e16-9f24-bd20b21e8bcd;422.68;0.0251;UNKNOWN
2016-04-06T01:42:35.000000;2016-04-06T01:42:35.000000;48a20862-c020-447d-8aad-561767eaae27;422.7;0.0288;UNKNOWN
2016-04-06T01:42:35.000000;2016-04-06T01:42:35.000000;a1ec9712-e0f4-4e31-bbba-699a5b5bd404;422.68;0.0235;UNKNOWN
2016-04-06T01:42:35.000000;2016-04-06T01:42:35.000000;c1389fea-576a-4dcd-8ac9-e39ee3c55fc9;422.78;0.01;UNKNOWN
2016-04-06T01:42:35.000000;2016-04-06T01:42:35.000000;f2a6ea78-374a-431a-93e8-e270e7e8099e;422.75;0.13;UNKNOWN
2016-04-06T01:43:02.000000;2016-04-06T01:43:02.000000;bc44d967-e346-4a1c-aea3-ad07173d696a;422.79;0.1405;UNKNOWN
2016-04-06T01:43:30.000000;2016-04-06T01:43:30.000000;1158b55d-5747-4fee-9ab9-4ee22b02c97b;422.79;0.07962;UNKNOWN
2016-04-06T01:44:01.000000;2016-04-06T01:44:01.000000;a176b9ac-abb8-4566-ab00-c8ec138a0c64;422.67;0.092;UNKNOWN
2016-04-06T01:44:01.000000;2016-04-06T01:44:01.000000;a093508e-fffe-4048-b730-6946aed2138a;422.66;0.01967;UNKNOWN
2016-04-06T01:44:01.000000;2016-04-06T01:44:01.000000;6a74401a-9e9f-4091-baa6-bd6fc813adbb;422.67;0.2;UNKNOWN
2016-04-06T01:44:31.000000;2016-04-06T01:44:31.000000;361584ec-050f-499a-9db2-ff64d490e9a4;422.79;0.44261;UNKNOWN
2016-04-06T01:45:00.000000;2016-04-06T01:45:00.000000;6683d4ed-6a38-4bc9-907f-dc412571bd9b;422.79;7.45255;UNKNOWN
