time_exchange;time_coinpai;guid;price;base_amount;taker_side
2016-01-18T00:00:01.480000;2016-01-18T00:00:01.520000;8fcd4da5-a541-41ca-85a1-b79ef3ce8bf9;378.47;0.01;BUY
2016-01-18T00:00:27.490000;2016-01-18T00:00:27.533000;75882b61-d994-405a-bf6f-b2b2d1f70d8a;378.32;0.01;SELL
2016-01-18T00:00:27.490000;2016-01-18T00:00:27.550000;956ac88c-6aa9-4728-abb4-c3bf874bce14;378.32;0.01;SELL
2016-01-18T00:00:27.490000;2016-01-18T00:00:27.550000;b77a44da-2f26-434e-9cc3-2c0c3cbbb383;378.32;0.072;SELL
2016-01-18T00:00:27.490000;2016-01-18T00:00:27.550000;ace98a94-bedc-435a-b851-2728a36788ca;378.31;0.01;SELL
2016-01-18T00:00:27.490000;2016-01-18T00:00:27.550000;41151a40-e90e-4f63-881f-29a85682984b;378.26;0.02047924;SELL
2016-01-18T00:00:27.490000;2016-01-18T00:00:27.550000;ddac73f4-1d93-4601-8e29-6b1b1afb5cb4;378.26;0.01;SELL
2016-01-18T00:00:27.490000;2016-01-18T00:00:27.567000;51e188d5-d1a5-4e27-b19c-ee9d6dec52af;378.2;0.124;SELL
2016-01-18T00:00:27.490000;2016-01-18T00:00:27.567000;c73f9aa9-cfd9-453a-9c87-7cd861eeb708;378.15;0.106;SELL
2016-01-18T00:00:27.493000;2016-01-18T00:00:27.567000;6f02e37a-41e8-40e6-8013-8a91bfdd58c3;378.13;0.01;SELL
2016-01-18T00:00:27.493000;2016-01-18T00:00:27.567000;8c32d8c3-900a-4d32-a543-6c92c050b09d;378.1;0.159;SELL
2016-01-18T00:00:27.493000;2016-01-18T00:00:27.567000;6255879c-a6df-452b-828b-33c65142f05e;378.05;0.119;SELL
2016-01-18T00:00:27.493000;2016-01-18T00:00:27.567000;e60c68a4-b116-495c-b523-cf95e684effa;378.0;0.75;SELL
2016-01-18T00:00:27.493000;2016-01-18T00:00:27.567000;0a284863-a514-436a-a7d8-facde52e4755;377.87;0.01;SELL
2016-01-18T00:00:27.493000;2016-01-18T00:00:27.580000;f47d6eda-f94e-4099-b425-9516cec065e0;377.81;0.127;SELL
2016-01-18T00:00:27.493000;2016-01-18T00:00:27.597000;d7e82fdb-ec3f-47c1-984b-6d04ce51178b;377.74;0.01;SELL
2016-01-18T00:00:27.493000;2016-01-18T00:00:27.597000;2f5b0157-077f-4091-81a6-a33c4ba53ad5;377.54;0.01;SELL
2016-01-18T00:00:27.493000;2016-01-18T00:00:27.597000;e9eecb8c-f668-4bd9-b053-a84a895a7cee;377.45;1.0;SELL
2016-01-18T00:00:27.493000;2016-01-18T00:00:27.597000;d51edd0c-38fb-4785-a0f7-c4b1512e0e08;377.32;2.55;SELL
2016-01-18T00:00:27.493000;2016-01-18T00:00:27.597000;4c167bd3-2326-484b-881c-d85e8243b57f;377.31;0.107;SELL
2016-01-18T00:00:27.493000;2016-01-18T00:00:27.597000;8afb580e-53d4-4a29-ae30-0632aff1b3d9;377.31;2.0;SELL
2016-01-18T00:00:27.493000;2016-01-18T00:00:27.613000;1a287628-b189-4e65-9ba5-228bb002ff5a;377.3;0.01;SELL
2016-01-18T00:00:27.493000;2016-01-18T00:00:27.613000;10ddd1fb-1cd5-46bc-9464-b63dd0f1005f;377.28;2.85;SELL
2016-01-18T00:00:27.493000;2016-01-18T00:00:27.613000;0d000ca6-4f27-43c8-981e-b3a315ecd16c;377.27;5.0;SELL
2016-01-18T00:00:27.493000;2016-01-18T00:00:27.613000;7925996e-7f3d-4897-9437-67b7cb9f4c06;377.27;4.0;SELL
2016-01-18T00:00:27.493000;2016-01-18T00:00:27.613000;3dd01c19-778d-48ab-a318-c76c6d6f3cd4;377.19;0.101;SELL
2016-01-18T00:00:27.493000;2016-01-18T00:00:27.627000;0911face-d0a8-4149-a4be-e3a44c0a5d3e;377.06;0.01;SELL
2016-01-18T00:00:27.493000;2016-01-18T00:00:27.627000;030ae91e-b639-4aae-8c53-8edc96578650;377.0;0.03166073;SELL
2016-01-18T00:00:27.493000;2016-01-18T00:00:27.627000;e5a66891-c169-477a-8517-de2001bf4de1;376.99;0.076;SELL
2016-01-18T00:00:27.493000;2016-01-18T00:00:27.627000;7499f3ec-733c-4ca8-b282-71e1588a03ed;376.92;0.01;SELL
2016-01-18T00:00:27.493000;2016-01-18T00:00:27.627000;f04fd8ec-144c-44aa-908f-682096702dd6;376.9;0.28;SELL
2016-01-18T00:00:27.497000;2016-01-18T00:00:27.627000;c1be0639-5cfd-4254-8236-0e5c3bead199;376.87;0.2855;SELL
2016-01-18T00:00:27.497000;2016-01-18T00:00:27.627000;c6e63908-d441-4aba-ab50-5f659aca0f1f;376.85;0.38289077;SELL
2016-01-18T00:00:27.497000;2016-01-18T00:00:27.627000;0aea670a-5462-41f6-b02b-2aed538e1e4f;376.7;0.01;SELL
2016-01-18T00:00:27.497000;2016-01-18T00:00:27.643000;d10a4475-25c0-41de-bf1d-7c68cdfd5340;376.49;0.01;SELL
2016-01-18T00:00:27.497000;2016-01-18T00:00:27.643000;855ba1c8-a713-4324-92e0-1c1e84fab283;376.27;0.01;SELL
2016-01-18T00:00:27.497000;2016-01-18T00:00:27.643000;36adc881-9a0f-4b1c-85d7-98a9c0523762;376.13;0.01;SELL
2016-01-18T00:00:27.497000;2016-01-18T00:00:27.643000;9b36746f-a748-4a67-b7a4-ab1999aae13a;376.11;1.65;SELL
2016-01-18T00:00:27.497000;2016-01-18T00:00:27.643000;919bc1f1-bdfe-41bf-a4ae-ae4b81b32270;376.1;3.0;SELL
2016-01-18T00:00:27.497000;2016-01-18T00:00:27.643000;9e3ae6c8-261a-465d-9d72-48e27f6e8f5e;376.01;0.36;SELL
2016-01-18T00:00:27.497000;2016-01-18T00:00:27.660000;9f79c296-a071-4686-b66d-257e1873e11c;376.0;3.0;SELL
2016-01-18T00:00:27.497000;2016-01-18T00:00:27.660000;7e975e16-b55d-43bc-a095-ff525ee7a686;375.9;0.01;SELL
2016-01-18T00:00:27.497000;2016-01-18T00:00:27.660000;88e92746-cf63-4469-88b4-1ef44a68bb65;375.9;1.79146926;SELL
2016-01-18T00:00:30.303000;2016-01-18T00:00:30.330000;e77542c0-97ea-4cde-bbfc-8e76eed0eb9e;377.88;0.01;SELL
2016-01-18T00:00:30.303000;2016-01-18T00:00:30.330000;df5faeeb-1f28-4a7e-8606-218ae759d01d;377.7;0.01;SELL
2016-01-18T00:00:30.307000;2016-01-18T00:00:30.347000;3530fdf1-a0bd-4b5e-bc57-6945b1468f9f;377.54;0.06;SELL
2016-01-18T00:00:30.307000;2016-01-18T00:00:30.363000;6039b703-34bb-4307-9bf2-67dede157c8c;377.54;0.02;SELL
2016-01-18T00:00:30.307000;2016-01-18T00:00:30.377000;1e57939c-fe92-4f98-9f5b-4b8e903a56c1;377.54;0.01;SELL
2016-01-18T00:00:30.307000;2016-01-18T00:00:30.393000;1200400e-747f-4ab0-a890-5defee5aa30f;377.33;0.01;SELL
2016-01-18T00:00:30.307000;2016-01-18T00:00:30.393000;5fc12a30-6519-4cd4-81ce-765efd607a1a;377.32;0.5455;SELL
2016-01-18T00:01:02.077000;2016-01-18T00:01:02.113000;1a0006fa-8253-45a5-9dc0-5f11297e0f3e;377.92;0.01;BUY
2016-01-18T00:01:02.140000;2016-01-18T00:01:02.173000;d4656aab-790b-461e-85ca-71fb649e66a1;377.92;0.01;BUY
2016-01-18T00:01:02.253000;2016-01-18T00:01:02.283000;a8d51c74-f3fc-42f6-9167-abae2601574f;377.92;0.01;BUY
2016-01-18T00:01:02.660000;2016-01-18T00:01:02.690000;46df69c8-9eef-4720-9c13-2dc6c6e29ece;377.92;0.01;BUY
2016-01-18T00:01:22.387000;2016-01-18T00:01:22.410000;6d82d4c3-dac7-4d5c-999a-53d9f33c9c15;377.8;0.01;SELL
2016-01-18T00:01:22.387000;2016-01-18T00:01:22.423000;179f9491-85b5-45cb-a536-f1d574c4326c;377.79;0.01;SELL
2016-01-18T00:01:22.390000;2016-01-18T00:01:22.423000;8902fa26-3a48-4a59-943e-fedb9edbda44;377.76;0.01;SELL
2016-01-18T00:01:22.390000;2016-01-18T00:01:22.423000;0f72389c-4feb-4ca9-b3bb-7694b7f65047;377.72;0.072;SELL
2016-01-18T00:01:22.390000;2016-01-18T00:01:22.440000;73b83318-f242-4d76-b8a1-669a41fdab6e;377.59;0.089;SELL
2016-01-18T00:01:22.390000;2016-01-18T00:01:22.440000;05aaf37d-d5dd-4fac-b0d6-041cc26ba2fc;377.56;0.1;SELL
2016-01-18T00:01:22.390000;2016-01-18T00:01:22.440000;2fc802d0-99a6-4f3f-8e14-741e069bdc72;377.52;0.01;SELL
2016-01-18T00:01:22.390000;2016-01-18T00:01:22.440000;f6e1a917-c51b-4b17-8f6b-3c52e381ba7d;377.43;0.1;SELL
2016-01-18T00:01:22.390000;2016-01-18T00:01:22.440000;5a304fb8-cea9-4e2f-942f-e32b30e6a0d2;377.41;0.1536;SELL
2016-01-18T00:01:31.480000;2016-01-18T00:01:31.503000;7dca0e5a-61b8-4157-acc4-4c74e6114fcd;377.84;0.063;BUY
2016-01-18T00:01:52.407000;2016-01-18T00:01:52.440000;bfb0b9e5-5924-4847-926b-757c4195d881;377.59;0.01;SELL
2016-01-18T00:01:52.407000;2016-01-18T00:01:52.440000;0f2417ea-e3c9-4878-89bb-256dd5df18fd;377.58;0.01;SELL
2016-01-18T00:01:52.410000;2016-01-18T00:01:52.440000;5f12dcc5-f708-4f3e-a80e-da5d750eb30a;377.56;0.08;SELL
2016-01-18T00:01:52.410000;2016-01-18T00:01:52.440000;2623790b-1d58-4e2d-ad38-28f6aba4f1f9;377.55;0.672;SELL
2016-01-18T00:01:52.410000;2016-01-18T00:01:52.487000;d405489e-a907-47b1-9d62-b86e112d0f6e;377.55;0.661;SELL
2016-01-18T00:01:52.410000;2016-01-18T00:01:52.520000;71a9fdb8-000e-4a4d-a40c-6b06935ec32b;377.55;0.686;SELL
2016-01-18T00:01:52.410000;2016-01-18T00:01:52.533000;6f3d4799-2cab-45d0-aef4-af0399366f77;377.51;0.285;SELL
2016-01-18T00:01:52.410000;2016-01-18T00:01:52.533000;dc32fb2b-ccd2-49e9-b64d-86438b142652;377.49;0.5272;SELL
2016-01-18T00:01:55.257000;2016-01-18T00:01:55.283000;b563a6da-7798-4645-8f0a-7c30c17b8d1b;377.77;0.01;BUY
2016-01-18T00:01:55.257000;2016-01-18T00:01:55.300000;cbd56b8b-6271-400d-905b-ea2e791db711;377.77;0.091;BUY
2016-01-18T00:02:01.317000;2016-01-18T00:02:01.347000;9b7b115f-17de-4394-a4ce-7032660a1679;377.96;0.01;BUY
2016-01-18T00:02:01.543000;2016-01-18T00:02:01.580000;b8577208-9b03-4caa-8693-5b4eb7d868b8;377.96;0.01;BUY
2016-01-18T00:02:21.717000;2016-01-18T00:02:21.737000;6505f035-6c24-4e8f-a1f1-7c40965b780a;377.84;0.25;BUY
2016-01-18T00:02:21.717000;2016-01-18T00:02:21.753000;194b847f-a191-4ecc-931b-14e1ca9556c1;377.84;0.0592;BUY
2016-01-18T00:02:52.377000;2016-01-18T00:02:52.393000;caa7e9be-33c6-4cd1-af42-de115d2b849d;377.61;0.01;SELL
2016-01-18T00:02:52.377000;2016-01-18T00:02:52.440000;7415f2be-c550-4202-9915-11e41a5b635a;377.6;0.283;SELL
2016-01-18T00:02:52.377000;2016-01-18T00:02:52.440000;c271b1d3-cf1f-47e8-9c1d-9fa229cbea88;377.6;0.275;SELL
2016-01-18T00:02:52.377000;2016-01-18T00:02:52.440000;7e167236-4f4d-456d-9e30-c7f959eac80d;377.6;0.267;SELL
2016-01-18T00:02:52.377000;2016-01-18T00:02:52.440000;b3414e01-b26a-494b-9c6e-f161723536c8;377.6;0.297;SELL
2016-01-18T00:02:52.377000;2016-01-18T00:02:52.440000;f324a196-025f-46c6-a5fa-24e287560bd7;377.6;0.275;SELL
2016-01-18T00:02:52.377000;2016-01-18T00:02:52.440000;31c956eb-cda0-4b6e-8ecb-6f838a54d188;377.58;0.669;SELL
2016-01-18T00:02:52.377000;2016-01-18T00:02:52.440000;541f07fe-fe30-4a82-bd8c-ba8eb997a79b;377.58;0.671;SELL
2016-01-18T00:02:52.377000;2016-01-18T00:02:52.473000;4e466832-7237-4712-ae17-e8cf044cddb2;377.58;0.28;SELL
2016-01-18T00:02:52.377000;2016-01-18T00:02:52.487000;995c4691-a11e-4f25-aa61-a3977f0eb4ec;377.58;0.663;SELL
2016-01-18T00:02:52.377000;2016-01-18T00:02:52.487000;4278b239-4eb2-4d47-8d82-31e56a0aa853;377.58;0.679;SELL
2016-01-18T00:02:52.377000;2016-01-18T00:02:52.487000;9bb2ddec-99e9-40a0-a1c2-cdfa7f068609;377.58;0.678;SELL
2016-01-18T00:02:52.377000;2016-01-18T00:02:52.487000;4fc841cb-fe28-464d-9959-26cf70c03ece;377.58;0.669;SELL
2016-01-18T00:02:52.377000;2016-01-18T00:02:52.487000;f6a4a61f-95f9-49f0-9857-1af6b496e9bc;377.58;0.679;SELL
2016-01-18T00:02:52.377000;2016-01-18T00:02:52.487000;9d3f707f-d57d-475a-8f0b-4e449c134e59;377.58;0.279;SELL
2016-01-18T00:02:52.377000;2016-01-18T00:02:52.487000;1f41eaef-f62a-4e0d-bc31-e678276887e8;377.58;0.672;SELL
2016-01-18T00:02:52.377000;2016-01-18T00:02:52.487000;f6156ee3-5fee-4218-8864-b7721a3c7177;377.58;0.4938;SELL
2016-01-18T00:03:01.973000;2016-01-18T00:03:02.003000;cfda86c2-1885-4110-a214-c8e16927f7e7;377.94;0.01;BUY
2016-01-18T00:03:10.360000;2016-01-18T00:03:10.377000;9ec3b142-f284-46cd-81f2-85c5577bf798;377.95;0.15;BUY
2016-01-18T00:03:10.360000;2016-01-18T00:03:10.393000;98c39984-6e14-4140-9bd0-10e1cdc0278f;377.98;0.01;BUY
2016-01-18T00:03:10.360000;2016-01-18T00:03:10.393000;aa3663f9-afb0-4cbf-8b7c-9a28ee0d6d6d;378.0;0.01;BUY
2016-01-18T00:03:10.360000;2016-01-18T00:03:10.410000;b8b82872-8cfb-4180-be9f-b3aff0e91bc1;378.0;0.01;BUY
2016-01-18T00:03:10.360000;2016-01-18T00:03:10.410000;58cd631c-b898-4662-af05-4606bbd50352;378.03;0.02;BUY
2016-01-18T00:03:22.437000;2016-01-18T00:03:22.457000;0211b6df-248c-455e-8d15-9b631f2b4720;378.02;0.0949;BUY
2016-01-18T00:03:34.517000;2016-01-18T00:03:34.550000;d033d604-5237-4ba0-8254-a5a100f6f3e0;378.02;0.0551;BUY
2016-01-18T00:03:34.517000;2016-01-18T00:03:34.550000;05ceb367-0a12-4fec-a0da-9a12c0d0f8f1;378.03;0.08;BUY
2016-01-18T00:03:34.517000;2016-01-18T00:03:34.580000;2cb6f746-c491-4234-bac2-b4acb0394140;378.06;0.0649;BUY
2016-01-18T00:03:48.927000;2016-01-18T00:03:48.940000;c299f6e9-6449-4e6f-a706-9af14a96ec56;378.13;0.25;BUY
2016-01-18T00:03:48.927000;2016-01-18T00:03:48.973000;699bdcda-a59e-416f-9731-90d66a928ecd;378.17;0.1;BUY
2016-01-18T00:03:48.927000;2016-01-18T00:03:48.973000;8f761968-8cbc-4e99-9863-7d93b4e51765;378.19;0.0522;BUY
2016-01-18T00:03:48.927000;2016-01-18T00:03:48.973000;1a4e912e-604c-4831-a153-2a829cfa665f;378.27;0.15;BUY
2016-01-18T00:03:48.927000;2016-01-18T00:03:49.003000;ad1d1521-5104-494f-b6c5-9e987b0a27de;378.28;0.01;BUY
2016-01-18T00:03:48.927000;2016-01-18T00:03:49.050000;eee0170c-e20c-4f68-86ca-8ed25951b250;378.28;0.15;BUY
2016-01-18T00:03:48.927000;2016-01-18T00:03:49.080000;167b28af-37ab-4067-a594-7d532aef26ca;378.29;0.01;BUY
2016-01-18T00:03:48.927000;2016-01-18T00:03:49.080000;e78fff9a-71d0-4393-8a06-8e1bfd44c1fe;378.29;0.15;BUY
2016-01-18T00:03:48.927000;2016-01-18T00:03:49.080000;751d8102-ace2-42c5-959c-77b150166a27;378.3;0.01;BUY
2016-01-18T00:03:48.927000;2016-01-18T00:03:49.080000;80457690-7cf8-4e41-b60c-5dbaefb28b75;378.3;0.1178;BUY
2016-01-18T00:03:52.083000;2016-01-18T00:03:52.113000;d5797760-eb55-4d24-850a-0f9579ae7d4c;378.29;0.0516;BUY
2016-01-18T00:03:52.083000;2016-01-18T00:03:52.127000;336054e1-45e6-4893-bd7a-99e33f06e6c5;378.3;0.8022;BUY
2016-01-18T00:03:52.083000;2016-01-18T00:03:52.127000;c884de10-973d-4f24-a313-267364abe9ee;378.32;0.01;BUY
2016-01-18T00:03:52.083000;2016-01-18T00:03:52.127000;4f1d6db1-9af7-420c-b9d6-03dfe82af06a;378.34;0.01;BUY
2016-01-18T00:03:52.083000;2016-01-18T00:03:52.127000;b9d64e5f-7531-4aca-a402-1e70812ef8e3;378.35;0.01;BUY
2016-01-18T00:03:52.083000;2016-01-18T00:03:52.127000;81cee236-c92d-4285-bcd0-7be991ca22aa;378.36;0.01;BUY
2016-01-18T00:03:52.083000;2016-01-18T00:03:52.127000;589c0cc4-3bd2-493e-8ec4-ced5eea740ba;378.38;0.01;BUY
2016-01-18T00:03:52.083000;2016-01-18T00:03:52.143000;f1327bc6-78a0-4161-9f94-2bc450f8df17;378.38;0.41;BUY
2016-01-18T00:03:52.083000;2016-01-18T00:03:52.143000;278811b9-3cec-4fe9-85bd-04e135e6a576;378.39;0.01;BUY
2016-01-18T00:03:52.083000;2016-01-18T00:03:52.143000;19456b8a-366f-4ff2-a0b2-568dfa80dc96;378.4;0.01;BUY
2016-01-18T00:03:52.083000;2016-01-18T00:03:52.160000;f69d28e0-fdb7-4baa-8277-6445607f8b6d;378.41;0.01;BUY
2016-01-18T00:03:52.083000;2016-01-18T00:03:52.160000;82e06a41-3698-4b6b-97b8-4dc83846bcde;378.42;0.01;BUY
2016-01-18T00:03:52.083000;2016-01-18T00:03:52.160000;eff957c6-1269-4ee9-9d17-ef60534380a6;378.43;0.01;BUY
2016-01-18T00:03:52.083000;2016-01-18T00:03:52.160000;b5e9e194-87c5-41f5-804e-0c881ac33990;378.44;0.01;BUY
2016-01-18T00:03:52.087000;2016-01-18T00:03:52.160000;4ce666d4-c8e6-4ff9-8448-74a0eb9f7bae;378.45;0.01;BUY
2016-01-18T00:03:52.087000;2016-01-18T00:03:52.173000;51972ccb-a779-4dad-ad8c-1388f914f4b2;378.47;0.01;BUY
2016-01-18T00:03:52.087000;2016-01-18T00:03:52.173000;d727022f-6970-45f8-89eb-0f2625b01e73;378.5;0.01;BUY
2016-01-18T00:03:52.087000;2016-01-18T00:03:52.173000;7fd1b2ae-0bc7-417e-ac99-ac04e3dbe93a;378.61;0.01;BUY
2016-01-18T00:03:52.087000;2016-01-18T00:03:52.173000;d780fe85-5d13-4216-ac54-ca598015bde9;378.63;0.01;BUY
2016-01-18T00:03:52.087000;2016-01-18T00:03:52.173000;aefdba5e-ff4f-4f0a-a892-2445eb34d5cd;378.64;0.01;BUY
2016-01-18T00:03:52.087000;2016-01-18T00:03:52.173000;50a5ec5d-4437-45df-abf1-cf951d9a5b5e;378.74;0.01;BUY
2016-01-18T00:03:52.087000;2016-01-18T00:03:52.173000;ffa937b0-95c0-493b-9830-db5d71b98eb2;378.74;0.01;BUY
2016-01-18T00:03:52.087000;2016-01-18T00:03:52.173000;86547bc4-a81c-4d9f-9c37-5c7e5ed7fc65;378.74;0.1558;BUY
2016-01-18T00:03:57.363000;2016-01-18T00:03:57.410000;72623941-789a-4527-b54f-1ef6954e0cda;377.83;0.02;BUY
2016-01-18T00:04:01.103000;2016-01-18T00:04:01.127000;4e8dd533-a319-4df6-8f14-6b78f195e7b3;377.93;0.02;BUY
2016-01-18T00:04:01.103000;2016-01-18T00:04:01.143000;41d9ef3f-3525-41b4-9f02-83922dfcf174;378.63;0.15;BUY
2016-01-18T00:04:01.103000;2016-01-18T00:04:01.143000;4439f8ff-45a4-4ff4-9c47-08ab71052948;378.64;0.1;BUY
2016-01-18T00:04:01.103000;2016-01-18T00:04:01.173000;2f1f5901-6ed3-4df2-abd4-ffd171876796;378.74;0.2261383;BUY
2016-01-18T00:04:01.103000;2016-01-18T00:04:01.173000;75992e5e-2383-4930-acd9-0e3fcc84a0a5;378.77;0.01;BUY
2016-01-18T00:04:01.103000;2016-01-18T00:04:01.173000;1e09e7c6-4742-4374-a636-4580aaacfd10;378.79;0.01;BUY
2016-01-18T00:04:01.103000;2016-01-18T00:04:01.173000;35f81adf-7767-44e0-a361-569cc79b96aa;378.84;0.778;BUY
2016-01-18T00:04:01.103000;2016-01-18T00:04:01.173000;471f3b17-8751-42f8-9298-84f32f8363e3;378.98;0.01;BUY
2016-01-18T00:04:01.103000;2016-01-18T00:04:01.173000;f9827c4e-81b0-488e-8347-dd10f47e23ed;378.99;0.1;BUY
2016-01-18T00:04:01.103000;2016-01-18T00:04:01.173000;96d20079-a9af-46f0-bfb8-7a13d6efec5f;379.11;0.01;BUY
2016-01-18T00:04:01.103000;2016-01-18T00:04:01.173000;f551ea2f-bb78-4e74-92ba-9715c7c30469;379.12;0.01;BUY
2016-01-18T00:04:01.103000;2016-01-18T00:04:01.173000;62dd95b6-6694-486b-8c01-56c2233c011c;379.13;0.01;BUY
2016-01-18T00:04:01.103000;2016-01-18T00:04:01.173000;fa20f696-190b-46c4-ba67-132ffaa94c5d;379.14;0.01;BUY
2016-01-18T00:04:01.103000;2016-01-18T00:04:01.190000;370832b3-125e-4a50-8a0c-617b67da730f;379.15;0.01;BUY
2016-01-18T00:04:01.103000;2016-01-18T00:04:01.190000;3add39e7-5586-4924-9f9d-d2c26e5953a5;379.2;0.01;BUY
2016-01-18T00:04:01.103000;2016-01-18T00:04:01.223000;0bfbd5c6-134a-41eb-8754-092462aabc3a;379.29;0.01;BUY
2016-01-18T00:04:01.107000;2016-01-18T00:04:01.223000;6babd95a-9d92-4c70-917b-87425009db1e;379.3;0.01;BUY
2016-01-18T00:04:01.107000;2016-01-18T00:04:01.223000;426c3d0d-40ee-488c-af27-e2928c7e4599;379.31;0.01;BUY
2016-01-18T00:04:01.107000;2016-01-18T00:04:01.223000;6c00f2af-aa0e-49a2-91a4-813df4102683;379.4;0.3748;BUY
2016-01-18T00:04:01.107000;2016-01-18T00:04:01.223000;c9437b2c-486d-4cdf-9326-3d81816ac558;379.43;0.01;BUY
2016-01-18T00:04:01.107000;2016-01-18T00:04:01.237000;2aa66936-590f-443d-8722-12751c62b692;379.5;0.03166073;BUY
2016-01-18T00:04:01.107000;2016-01-18T00:04:01.237000;b9419610-3ba5-4aaf-970b-7299059bfefa;379.55;0.01;BUY
2016-01-18T00:04:01.107000;2016-01-18T00:04:01.253000;77175669-aab6-4066-b67e-ef2a5058284e;379.55;0.01;BUY
2016-01-18T00:04:01.107000;2016-01-18T00:04:01.270000;4ab4d837-97e7-4655-b523-fbe3be9a9970;379.56;0.01;BUY
2016-01-18T00:04:01.107000;2016-01-18T00:04:01.270000;53c72e83-1e66-42d5-815a-72b80a74cd9d;379.57;0.01;BUY
2016-01-18T00:04:01.107000;2016-01-18T00:04:01.270000;d8cca9fa-ae90-475b-a3e8-9feae1d496d1;379.58;0.01;BUY
2016-01-18T00:04:01.107000;2016-01-18T00:04:01.270000;117f0dbc-f6f4-48b9-8740-f6447f37c8d0;379.59;0.01;BUY
2016-01-18T00:04:01.107000;2016-01-18T00:04:01.270000;f1d6132b-c607-454c-8124-a680defd49d2;379.59;0.01;BUY
2016-01-18T00:04:01.107000;2016-01-18T00:04:01.270000;92d98d58-c95d-4bb7-815b-57e2673539a2;379.6;0.01;BUY
2016-01-18T00:04:01.107000;2016-01-18T00:04:01.270000;7e799044-217f-4a32-9a4a-00d05522d591;379.6;0.01;BUY
2016-01-18T00:04:01.107000;2016-01-18T00:04:01.270000;a3b22588-d967-4747-87c5-9193d50d9f65;379.61;0.01;BUY
2016-01-18T00:04:01.107000;2016-01-18T00:04:01.270000;ed4f12df-dfcb-4108-9a69-91534a79249a;379.62;0.01;BUY
2016-01-18T00:04:01.107000;2016-01-18T00:04:01.270000;a7ef8e5e-72ee-4e8c-969c-c3cb5c267846;379.63;0.01;BUY
2016-01-18T00:04:01.110000;2016-01-18T00:04:01.270000;be5a647d-e90f-4a4f-a184-b50b45d867bd;379.64;0.01;BUY
2016-01-18T00:04:01.110000;2016-01-18T00:04:01.270000;b3c3e373-364a-4508-8623-436f8d72cb40;379.65;0.01;BUY
2016-01-18T00:04:01.110000;2016-01-18T00:04:01.270000;f89f0d45-febf-4fc2-b982-9607f3dda74f;379.66;0.01;BUY
2016-01-18T00:04:01.110000;2016-01-18T00:04:01.270000;a92adc85-7c43-4041-b333-44ed93b3ad1a;379.77;0.01;BUY
2016-01-18T00:04:01.110000;2016-01-18T00:04:01.270000;ddc4a770-18b6-4133-89a8-b8b320aca71a;379.79;0.01;BUY
2016-01-18T00:04:01.110000;2016-01-18T00:04:01.270000;82cc6e52-91e1-41bc-95fa-ed4fbde306e5;379.81;0.01;BUY
2016-01-18T00:04:01.110000;2016-01-18T00:04:01.270000;4d0b3649-1243-4c2d-8d23-5eec6c5306b6;379.82;0.01;BUY
2016-01-18T00:04:01.110000;2016-01-18T00:04:01.270000;57bfb319-21fe-42f8-8410-35d0058baab9;379.82;0.01;BUY
2016-01-18T00:04:01.110000;2016-01-18T00:04:01.270000;b1ef05df-d667-4c00-b4a2-78f1ccf139e7;379.82;0.01;BUY
2016-01-18T00:04:01.110000;2016-01-18T00:04:01.283000;2a8947eb-586d-49ea-a68d-2b609708f633;379.83;0.01;BUY
2016-01-18T00:04:01.110000;2016-01-18T00:04:01.283000;1a5fcd38-61da-42d3-8781-ebf705d8eeba;379.83;0.01;BUY
2016-01-18T00:04:01.110000;2016-01-18T00:04:01.283000;c01c02a3-1522-40ab-b70d-8e622a5f66d6;380.0;0.01;BUY
2016-01-18T00:04:01.110000;2016-01-18T00:04:01.283000;a702f269-3ef1-4d10-9ac1-f0c90f738715;380.0;0.05;BUY
2016-01-18T00:04:01.110000;2016-01-18T00:04:01.283000;4b84bc22-7fbe-4725-8366-305e6248efe3;380.02;0.01;BUY
2016-01-18T00:04:01.110000;2016-01-18T00:04:01.283000;f6f5a3bb-c625-4f3e-a878-776db2c78b09;380.04;0.01;BUY
2016-01-18T00:04:01.110000;2016-01-18T00:04:01.283000;c9c036d5-ddba-454d-a520-59cad43e3b07;380.14;1.0;BUY
2016-01-18T00:04:01.110000;2016-01-18T00:04:01.283000;236c8e5b-3bd0-4f02-8bb0-2a715d73aee4;380.16;2.0;BUY
2016-01-18T00:04:01.113000;2016-01-18T00:04:01.283000;2d25620c-47a1-4b7f-87df-12616d0dd924;380.17;0.37433097;BUY
2016-01-18T00:04:01.543000;2016-01-18T00:04:01.567000;e0da29e7-abd1-4cac-93e9-8a2be1fc4f35;379.61;0.01;BUY
2016-01-18T00:04:22.907000;2016-01-18T00:04:22.940000;c13daf75-4552-4537-b4fb-d650033082f3;378.53;0.045;BUY
2016-01-18T00:04:34.613000;2016-01-18T00:04:34.627000;32c7d91b-6af4-4e2e-856d-9dbfdd895741;378.53;0.055;BUY
2016-01-18T00:04:34.613000;2016-01-18T00:04:34.643000;27a55bc9-3b9c-48a3-8853-d9e9033d3225;379.4;0.045;BUY
2016-01-18T00:05:22.830000;2016-01-18T00:05:22.847000;60d70ff7-0a27-40f1-88fe-6d1e396ff100;378.97;0.01;BUY
2016-01-18T00:05:22.830000;2016-01-18T00:05:22.863000;327e36bc-1172-4164-a29f-90bd7d853576;379.66;0.25;BUY
2016-01-18T00:05:22.830000;2016-01-18T00:05:22.863000;ad9f9fea-04c4-4eb3-9250-bd1e63dcea48;379.67;0.1;BUY
2016-01-18T00:05:22.830000;2016-01-18T00:05:22.877000;078b931c-f073-4d5e-bf8f-f4db9da6ab27;379.96;0.121;BUY
2016-01-18T00:05:22.830000;2016-01-18T00:05:22.877000;120668ad-9320-48aa-89ab-5d3f6b5770a6;380.26;0.01;BUY
2016-01-18T00:05:22.830000;2016-01-18T00:05:22.877000;dcdb24dd-b0f5-4ad8-b019-426b9d0d30ca;380.31;0.0748;BUY
2016-01-18T00:05:22.830000;2016-01-18T00:05:22.877000;18872729-9c9c-4a47-803b-53d91e100bdc;380.33;0.1;BUY
2016-01-18T00:05:22.830000;2016-01-18T00:05:22.877000;ea69d2a0-4e3f-44e8-a263-1e1326b31b00;380.35;0.01;BUY
2016-01-18T00:05:22.830000;2016-01-18T00:05:22.877000;caa2c0d0-3260-49b0-b18a-335baa995694;380.43;0.01;BUY
2016-01-18T00:05:22.830000;2016-01-18T00:05:22.877000;6caf946a-a5b0-49fc-bbf8-756ee5abcd59;380.43;0.01;BUY
2016-01-18T00:05:22.830000;2016-01-18T00:05:22.877000;51e661e4-0cd7-4c15-8882-9857d536fe3f;380.43;1.2869;BUY
2016-01-18T00:05:51.777000;2016-01-18T00:05:51.783000;1d94a5a1-ec62-4d7e-98f5-31a2898691f9;380.31;0.2863;BUY
2016-01-18T00:06:01.787000;2016-01-18T00:06:01.800000;f166ae3f-36a4-47af-a560-1a1923cde9fd;379.58;0.01;SELL
2016-01-18T00:06:22.237000;2016-01-18T00:06:22.283000;a77809d9-e373-4dbe-b24e-381d5cad93df;380.21;0.5212;BUY
2016-01-18T00:06:52.543000;2016-01-18T00:06:52.550000;d91a0258-cf2e-4317-a1d6-09ed9c444ae3;380.17;0.4351;BUY
2016-01-18T00:07:21.997000;2016-01-18T00:07:22.020000;db6fcc28-d172-4bf5-b0e5-27a642bf3db6;380.16;0.01;SELL
2016-01-18T00:07:21.997000;2016-01-18T00:07:22.033000;35e5314b-6adb-43a0-8076-b848974d2ff5;380.16;0.53;SELL
2016-01-18T00:07:21.997000;2016-01-18T00:07:22.033000;97ec4307-e309-4b24-a008-82900a10a1b3;380.16;0.3;SELL
2016-01-18T00:07:21.997000;2016-01-18T00:07:22.033000;d48e5037-4d70-4f77-87f2-d467d3d0be92;380.15;0.01;SELL
2016-01-18T00:07:21.997000;2016-01-18T00:07:22.050000;4f0e0057-98f3-4293-8350-30f31c8e5c4e;380.14;0.01;SELL
2016-01-18T00:07:21.997000;2016-01-18T00:07:22.050000;48fc745e-eaee-4479-8381-3a8b9ab45f5a;380.13;0.01;SELL
2016-01-18T00:07:21.997000;2016-01-18T00:07:22.050000;1e4cf5a9-ff2c-47eb-b539-bfc6cb22d172;380.12;0.01;SELL
2016-01-18T00:07:21.997000;2016-01-18T00:07:22.050000;ecd6eaf5-9924-40a7-8056-fc2f7fbc76cc;380.11;0.01;SELL
2016-01-18T00:07:21.997000;2016-01-18T00:07:22.097000;9dafcce3-9593-4000-a2b6-9f5b77f02489;380.0;0.0115;SELL
2016-01-18T00:07:21.997000;2016-01-18T00:07:22.113000;00f98ecb-2dbf-47c8-b38a-5fd9af7657a7;379.97;0.228;SELL
2016-01-18T00:07:21.997000;2016-01-18T00:07:22.113000;9bb5263d-8ef6-4370-bfb9-e14e9eac62ab;379.95;0.01;SELL
2016-01-18T00:07:21.997000;2016-01-18T00:07:22.113000;ed2271d3-cf62-4fd1-9c21-b025f3f39809;379.89;0.188;SELL
2016-01-18T00:07:21.997000;2016-01-18T00:07:22.113000;6db6969f-22f0-44c4-88c3-3bd807bdbd6d;379.84;0.155;SELL
2016-01-18T00:07:22.000000;2016-01-18T00:07:22.113000;7ce67329-bef4-4838-b62e-8ac1520a75e5;379.79;0.213;SELL
2016-01-18T00:07:22.000000;2016-01-18T00:07:22.113000;62370f9a-69e7-4a0b-9a50-ce2ed8d9b14d;379.74;0.221;SELL
2016-01-18T00:07:22.000000;2016-01-18T00:07:22.113000;23b292e0-30f3-4859-a80b-fba54dae2688;379.67;0.01;SELL
2016-01-18T00:07:22.000000;2016-01-18T00:07:22.113000;e431c336-7f26-42dd-8f5a-a494db193234;379.62;0.084;SELL
2016-01-18T00:07:22.000000;2016-01-18T00:07:22.113000;199a7e8d-9b2a-49ac-8605-e90fa4fc55f5;379.58;0.0419;SELL
2016-01-18T00:07:22.000000;2016-01-18T00:07:22.113000;95e6f4c2-0778-4db0-b44a-3b26cd73005a;379.49;0.01;SELL
2016-01-18T00:07:22.000000;2016-01-18T00:07:22.113000;e405e577-bcc4-4187-a1a1-bd6159fca7f7;379.29;0.01;SELL
2016-01-18T00:07:22.000000;2016-01-18T00:07:22.113000;bdb18a8b-0806-49ee-9237-8b08f03cb0a9;379.24;0.1;SELL
2016-01-18T00:07:22.000000;2016-01-18T00:07:22.113000;08a1bf02-8368-4f9d-8ab8-1dec7decb0dd;379.13;0.1;SELL
2016-01-18T00:07:22.000000;2016-01-18T00:07:22.113000;dd18891b-9f9e-4fbe-88f6-7b1472fddfe2;379.11;0.01;SELL
2016-01-18T00:07:22.000000;2016-01-18T00:07:22.113000;2f5c6e56-1f2b-4bb6-ad8e-8c8cdd184b5c;379.07;1.0;SELL
2016-01-18T00:07:22.000000;2016-01-18T00:07:22.113000;5726b4a9-8b8c-4aa2-9312-2630f8097368;379.06;0.1;SELL
2016-01-18T00:07:22.000000;2016-01-18T00:07:22.113000;3787b967-d90a-43e6-88bd-991bf6cdddae;378.96;0.1;SELL
2016-01-18T00:07:22.000000;2016-01-18T00:07:22.113000;c65b1c88-db9a-4c78-86ea-c8dd218fb502;378.93;0.1;SELL
2016-01-18T00:07:22.000000;2016-01-18T00:07:22.113000;3ff9ab68-4679-493d-882c-687f221bdbb5;378.91;0.3935;SELL
2016-01-18T00:07:22.000000;2016-01-18T00:07:22.113000;83f95474-d8fe-4f3c-bc07-7cd123643ee5;378.88;0.01;SELL
2016-01-18T00:07:22.003000;2016-01-18T00:07:22.113000;4c81c3d8-8329-4a0a-8c56-5076b1f05b62;378.84;0.1;SELL
2016-01-18T00:07:22.003000;2016-01-18T00:07:22.113000;e3ce224e-28d0-469a-b06b-77214b28d58c;378.74;0.01;SELL
2016-01-18T00:07:22.003000;2016-01-18T00:07:22.113000;c19843cc-6f33-4af8-bb0a-ed096f4e72b2;378.72;0.1;SELL
2016-01-18T00:07:22.003000;2016-01-18T00:07:22.127000;32e63e67-b10a-4965-a874-202ae7f5c2b4;378.65;0.1;SELL
2016-01-18T00:07:22.003000;2016-01-18T00:07:22.127000;96be524a-59ab-446f-9313-d476544697d9;378.56;0.4;SELL
2016-01-18T00:07:22.003000;2016-01-18T00:07:22.127000;bcd5b9f3-033c-4ede-91f3-fecb68e5aabd;378.55;0.371;SELL
2016-01-18T00:07:22.003000;2016-01-18T00:07:22.127000;d591013b-20ef-4138-94cf-8a5f885b9e0a;378.55;0.01;SELL
2016-01-18T00:07:22.003000;2016-01-18T00:07:22.127000;0e5adbe0-cabf-45c9-9b10-28616f0b2480;378.54;0.1;SELL
2016-01-18T00:07:22.003000;2016-01-18T00:07:22.127000;640bdce8-9dcd-4e71-83d1-a0ef6522f163;378.44;0.1;SELL
2016-01-18T00:07:22.003000;2016-01-18T00:07:22.127000;38f6ef72-541b-434f-9871-27bb62f3b0d0;378.36;0.01;SELL
2016-01-18T00:07:22.003000;2016-01-18T00:07:22.127000;c29c3a21-a1ac-465b-82cb-cbe09a3dcb35;378.18;2.0;SELL
2016-01-18T00:07:22.003000;2016-01-18T00:07:22.127000;6555df87-bca7-4f37-8f5f-9f3da9c3a131;378.17;2.1;SELL
2016-01-18T00:07:22.003000;2016-01-18T00:07:22.127000;80fd8085-42e9-4517-9bbd-0077b76f7b27;378.09;0.085;SELL
2016-01-18T00:07:22.003000;2016-01-18T00:07:22.143000;8b754620-db45-4e44-b69b-7ab63b211e7b;378.07;0.1;SELL
2016-01-18T00:07:22.003000;2016-01-18T00:07:22.143000;267bae7c-0873-42ea-91d2-b8c06327f666;378.07;0.01;SELL
2016-01-18T00:07:22.003000;2016-01-18T00:07:22.143000;6969cbdc-897f-49e1-9c4b-d0ce2c561275;378.0;0.1;SELL
2016-01-18T00:07:22.007000;2016-01-18T00:07:22.143000;5fe83de7-9add-4071-98e8-44ecb77552e8;377.95;0.6;SELL
2016-01-18T00:07:22.007000;2016-01-18T00:07:22.143000;8a5fc034-b27d-4e93-8e2c-88bb976f1bc1;377.94;0.09;SELL
2016-01-18T00:07:22.007000;2016-01-18T00:07:22.143000;27710b8c-310a-421b-9451-41fdd8051298;377.91;0.01;SELL
2016-01-18T00:07:22.007000;2016-01-18T00:07:22.160000;f6da1977-8fb8-4449-ac08-fb41829cc08b;377.88;0.08;SELL
2016-01-18T00:07:22.007000;2016-01-18T00:07:22.190000;22236e94-462c-48d4-b30b-5ea44944442f;377.81;0.131;SELL
2016-01-18T00:07:22.007000;2016-01-18T00:07:22.207000;181ff642-fe3d-45f0-b107-9da5c268da0a;377.7;0.01;SELL
2016-01-18T00:07:22.007000;2016-01-18T00:07:22.207000;a68ce7d1-697a-4567-917f-275befcef721;377.66;2.05;SELL
2016-01-18T00:07:22.007000;2016-01-18T00:07:22.207000;82db8c91-84b1-4259-90aa-38f97b148107;377.65;3.1746;SELL
2016-01-18T00:07:54.040000;2016-01-18T00:07:54.050000;1623f270-94b2-465f-ac45-aa6e052f007d;379.23;0.01;SELL
2016-01-18T00:07:54.040000;2016-01-18T00:07:54.067000;95b3d579-bdb5-4fc2-877d-b91ad3e110f5;379.22;0.01;SELL
2016-01-18T00:07:54.040000;2016-01-18T00:07:54.067000;cb92b47c-b9fd-4ea4-a86f-2d905c8b6125;379.21;0.01;SELL
2016-01-18T00:07:54.040000;2016-01-18T00:07:54.067000;3dc4fb78-8f0e-499a-b7f2-ca0d1e716538;379.21;0.1394;SELL
2016-01-18T00:08:01.790000;2016-01-18T00:08:01.800000;50053639-85d2-47df-af14-36aae3a5401c;379.51;0.01;BUY
2016-01-18T00:08:15.440000;2016-01-18T00:08:15.457000;8fded280-ceee-4fe5-92f9-ef26d3ac1b4a;379.53;0.25;BUY
2016-01-18T00:08:15.440000;2016-01-18T00:08:15.473000;abb8f9c6-c490-42c7-95ea-4d19deb0cc32;379.54;0.15;BUY
2016-01-18T00:08:15.440000;2016-01-18T00:08:15.473000;64f94131-6dd0-484b-a443-493ab9207d27;379.57;0.01;BUY
2016-01-18T00:08:15.440000;2016-01-18T00:08:15.473000;abf3f69f-93be-46b7-aab9-a5724b34165c;379.58;0.01;BUY
2016-01-18T00:08:15.440000;2016-01-18T00:08:15.473000;c87e5b39-8493-4928-a8d0-a134d74c820d;379.61;0.072;BUY
2016-01-18T00:08:23.433000;2016-01-18T00:08:23.457000;cd3692bf-b76f-4182-abd2-c01d8916c8d2;379.57;0.25;BUY
2016-01-18T00:08:23.433000;2016-01-18T00:08:23.457000;40e78390-abc4-40de-9072-3d471e6635c4;379.58;0.15;BUY
2016-01-18T00:08:23.433000;2016-01-18T00:08:23.457000;f72e52bb-1394-4773-8fe7-d03f47aeb22c;379.66;0.1;BUY
2016-01-18T00:08:23.433000;2016-01-18T00:08:23.457000;4d9d99d1-4759-4eb2-be8e-0b42ea266b4e;379.67;0.1;BUY
2016-01-18T00:08:23.433000;2016-01-18T00:08:23.457000;674f6ca4-d2bc-4194-8d6d-a6d673528794;379.72;0.0102;BUY
2016-01-18T00:08:23.433000;2016-01-18T00:08:23.473000;cbe1808b-5265-4862-90f6-e9d6f89686ed;379.83;0.15;BUY
2016-01-18T00:08:23.433000;2016-01-18T00:08:23.473000;a02e3087-1310-447b-bfce-78855fab19d2;379.84;0.1;BUY
2016-01-18T00:08:23.433000;2016-01-18T00:08:23.473000;949a9eb8-b941-4854-86ad-98c3b997a1ac;379.84;0.1;BUY
2016-01-18T00:08:23.433000;2016-01-18T00:08:23.503000;df510413-c659-470c-9ab4-d02efd1831db;379.89;12.2136;BUY
2016-01-18T00:08:37.123000;2016-01-18T00:08:37.160000;7c84fcd5-16db-472d-aec8-9dd2ab2490d2;379.83;0.08;BUY
2016-01-18T00:08:52.320000;2016-01-18T00:08:52.330000;389a1c81-9ceb-4ef7-9881-05c01c878ef2;379.97;0.0662;BUY
2016-01-18T00:09:22.477000;2016-01-18T00:09:22.487000;b28f3a26-9781-4872-a7c9-1f82be466de2;379.95;0.25;BUY
2016-01-18T00:09:22.477000;2016-01-18T00:09:22.503000;fbae6027-cb1c-4819-a57d-0c1f6d433a85;379.96;1.05;BUY
2016-01-18T00:09:22.477000;2016-01-18T00:09:22.503000;a768a2e0-582d-405d-ab95-244b6167d822;379.97;0.6;BUY
2016-01-18T00:09:22.477000;2016-01-18T00:09:22.503000;565d5650-4782-4933-93ee-60362a4ec692;379.98;0.1;BUY
2016-01-18T00:09:22.477000;2016-01-18T00:09:22.503000;6f3d6609-89c0-4c99-915e-444517eddeeb;380.02;0.343;BUY
2016-01-18T00:09:22.477000;2016-01-18T00:09:22.597000;629f5145-1081-499b-a5ba-6132865b3b5d;380.03;0.088;BUY
2016-01-18T00:09:22.477000;2016-01-18T00:09:22.597000;2edbcd54-334e-4622-9b98-0679e7b0293c;380.06;0.01;BUY
2016-01-18T00:09:22.477000;2016-01-18T00:09:22.597000;1dc2be75-c604-40c6-8722-490abb16c2a7;380.06;0.111;BUY
2016-01-18T00:09:22.477000;2016-01-18T00:09:22.597000;8ce57ab7-2044-4617-8f1a-757299182a0d;380.07;0.01;BUY
2016-01-18T00:09:22.477000;2016-01-18T00:09:22.597000;8c71f76e-0c9d-4417-aa68-7c353624e2af;380.08;0.01;BUY
2016-01-18T00:09:22.477000;2016-01-18T00:09:22.597000;a315063a-57ed-49e7-8ba6-eea36d6ea2c1;380.09;0.01;BUY
2016-01-18T00:09:22.477000;2016-01-18T00:09:22.597000;260faf52-a429-4300-8110-7d1bee5e2434;380.1;0.01;BUY
2016-01-18T00:09:22.480000;2016-01-18T00:09:22.597000;763645c4-f3f8-4f82-a73b-2a32b668a8d1;380.11;0.01;BUY
2016-01-18T00:09:22.480000;2016-01-18T00:09:22.597000;3feaaf6e-84b2-4e5f-92cb-0cb96537e215;380.11;0.0418;BUY
2016-01-18T00:09:22.480000;2016-01-18T00:09:22.597000;9c171a49-73d0-43a5-8a68-569c58632ad3;380.12;0.01;BUY
2016-01-18T00:09:22.480000;2016-01-18T00:09:22.597000;a31292f8-b226-4d6b-9b38-4596e7ee3bf7;380.12;0.085;BUY
2016-01-18T00:09:22.480000;2016-01-18T00:09:22.597000;c8073222-2eec-4e1c-a41c-df6848bd1b2a;380.13;0.01;BUY
2016-01-18T00:09:22.480000;2016-01-18T00:09:22.597000;75079981-e0d8-41fc-93c7-b99de9d74221;380.14;0.01;BUY
2016-01-18T00:09:22.480000;2016-01-18T00:09:22.597000;af23bc01-9515-4ebe-bcf8-d8f0bdbd5341;380.15;0.01;BUY
2016-01-18T00:09:22.480000;2016-01-18T00:09:22.597000;027be0ed-aefe-449e-b277-0d607f73944f;380.15;0.01;BUY
2016-01-18T00:09:22.480000;2016-01-18T00:09:22.597000;faf88d0e-d916-4d29-a7f1-121582bb093e;380.15;0.0528;BUY
2016-01-18T00:09:22.480000;2016-01-18T00:09:22.597000;68770066-10b0-4664-aaa9-9580c614ed1c;380.16;28.95;BUY
2016-01-18T00:09:22.480000;2016-01-18T00:09:22.597000;f7cce1ba-5530-4f75-8331-fe1bcc3004a3;380.17;0.706;BUY
2016-01-18T00:09:22.480000;2016-01-18T00:09:22.597000;49ab0592-2daa-4d2b-afc7-b1cf8cc6850c;380.18;1.334;BUY
2016-01-18T00:09:22.480000;2016-01-18T00:09:22.597000;716c61c5-7dd4-46b4-a776-7e0d38d1a12c;380.19;1.25;BUY
2016-01-18T00:09:22.480000;2016-01-18T00:09:22.597000;ff2ec03e-4dd3-48f7-ab95-41aabde083ca;380.19;0.01;BUY
2016-01-18T00:09:22.480000;2016-01-18T00:09:22.597000;41a4e04c-a105-4866-8324-d0ba7d3c723b;380.2;1.461;BUY
2016-01-18T00:09:22.480000;2016-01-18T00:09:22.597000;1a6b88c3-2629-4cee-b42c-75eef2883cd3;380.22;0.7075;BUY
2016-01-18T00:09:30.267000;2016-01-18T00:09:30.283000;2591cd7f-4eb5-421b-8b10-0ec6f67e6d36;380.22;0.75;BUY
2016-01-18T00:09:30.267000;2016-01-18T00:09:30.300000;3e2ac911-cbd8-4bd3-86a8-b25597f13189;380.23;0.914;BUY
2016-01-18T00:09:30.267000;2016-01-18T00:09:30.300000;eadc87e7-ce50-4f53-8b13-329e53af8acf;380.24;0.957;BUY
2016-01-18T00:09:30.267000;2016-01-18T00:09:30.300000;5809df88-83c2-428e-a027-4af05c92884d;380.25;1.784;BUY
2016-01-18T00:09:30.267000;2016-01-18T00:09:30.300000;f66ddcb8-ea2e-4b83-96c5-6c1c5fbf4933;380.26;1.195;BUY
2016-01-18T00:09:30.267000;2016-01-18T00:09:30.300000;48c21082-3e39-433a-91f2-3f139d765092;380.28;0.788;BUY
2016-01-18T00:09:30.267000;2016-01-18T00:09:30.317000;e9cd90ab-5552-4272-8ff1-21d5e267173e;380.29;1.452;BUY
2016-01-18T00:09:30.267000;2016-01-18T00:09:30.317000;b94b6d5c-0c4a-4e1c-9596-b2347c2f92ea;380.29;0.01;BUY
2016-01-18T00:09:30.267000;2016-01-18T00:09:30.317000;f0091be1-a4d8-4849-aaf3-ba311d038cc1;380.3;0.01;BUY
2016-01-18T00:09:30.267000;2016-01-18T00:09:30.317000;1b06e640-49dc-408c-98f4-d37c8555041e;380.31;0.01;BUY
2016-01-18T00:09:30.267000;2016-01-18T00:09:30.317000;a1f83aa3-6e7e-421a-ad70-725974cc5b5b;380.32;0.01;BUY
2016-01-18T00:09:30.267000;2016-01-18T00:09:30.317000;0709c067-89eb-40e2-89ec-ecb32027f619;380.33;0.01;BUY
2016-01-18T00:09:30.267000;2016-01-18T00:09:30.317000;7b1e4d52-76df-4e78-b913-3e7b6e2c71b8;380.34;0.01;BUY
2016-01-18T00:09:30.267000;2016-01-18T00:09:30.317000;a58b010d-32c6-4ddc-988f-93df9cc961cc;380.43;0.01;BUY
2016-01-18T00:09:30.267000;2016-01-18T00:09:30.317000;c4e652f1-30a1-4c66-9f26-9a423426f6ff;380.44;0.01;BUY
2016-01-18T00:09:30.270000;2016-01-18T00:09:30.317000;84c0d89e-5752-44a6-9b9d-d6c3be2a82fb;380.48;0.01;BUY
2016-01-18T00:09:30.270000;2016-01-18T00:09:30.317000;0208e706-6c00-46b6-9aeb-d19ec103e090;380.5;0.03167105;BUY
2016-01-18T00:09:30.270000;2016-01-18T00:09:30.347000;c15de912-9360-44a9-8391-7fdb309299f4;380.5;0.01;BUY
2016-01-18T00:09:30.270000;2016-01-18T00:09:30.363000;4ab2e736-b1a7-45f9-b122-aad2d04ed193;380.51;0.01;BUY
2016-01-18T00:09:30.270000;2016-01-18T00:09:30.377000;0e7cfc23-1b83-4a01-a71f-19f8e5844847;380.55;0.01;BUY
2016-01-18T00:09:30.270000;2016-01-18T00:09:30.377000;55b7bbc7-7206-492b-8f64-f6a37ae6cd79;380.55;0.01;BUY
2016-01-18T00:09:30.270000;2016-01-18T00:09:30.377000;99d139c7-b982-49a5-be91-ef6b7f672a2d;380.6;0.01;BUY
2016-01-18T00:09:30.270000;2016-01-18T00:09:30.377000;133831ed-9568-49b1-beef-aacc4628af48;380.63;0.38098821;BUY
2016-01-18T00:09:30.270000;2016-01-18T00:09:30.377000;17252cda-4a8c-40f6-ad0f-b8a511eaa9f7;380.64;0.01;BUY
2016-01-18T00:09:30.270000;2016-01-18T00:09:30.377000;050de783-0486-4674-a2c0-4e5431357119;380.81;0.674;BUY
2016-01-18T00:09:30.270000;2016-01-18T00:09:30.393000;01a5572b-6511-4323-9882-446ef3713e2c;381.1;0.01;BUY
2016-01-18T00:09:30.270000;2016-01-18T00:09:30.393000;20680f4a-0536-43b3-b446-be7d9ed4373b;381.5;0.03162933;BUY
2016-01-18T00:09:30.270000;2016-01-18T00:09:30.393000;1dffd1fe-31bb-4827-9f69-aeb4121f8f42;381.55;0.01;BUY
2016-01-18T00:09:30.270000;2016-01-18T00:09:30.393000;9d1eb089-aea9-48d6-b922-fb5daa279143;381.6;0.01;BUY
2016-01-18T00:09:30.270000;2016-01-18T00:09:30.393000;2f154be6-4189-4e71-9554-81476c98f773;381.8;2.4;BUY
2016-01-18T00:09:30.270000;2016-01-18T00:09:30.393000;eb82d482-1a51-4710-a987-534423a35294;381.81;0.01;BUY
2016-01-18T00:09:30.273000;2016-01-18T00:09:30.393000;670747cf-5322-4314-b073-3eeb79d6b0cd;381.86;0.01;BUY
2016-01-18T00:09:30.273000;2016-01-18T00:09:30.393000;2809c956-3d20-45bb-b31d-fe4c07b3ba94;381.86;0.01;BUY
2016-01-18T00:09:30.273000;2016-01-18T00:09:30.393000;fe0147cd-afce-4131-85c0-e22aeb75d86a;381.89;0.01;BUY
2016-01-18T00:09:30.273000;2016-01-18T00:09:30.393000;6045c7c4-1f64-4a10-8e84-6d44cfd6474e;381.96;0.01;BUY
2016-01-18T00:09:30.273000;2016-01-18T00:09:30.393000;b8c6a2fc-2b5e-4671-aa11-3478d185e811;382.1;3.6;BUY
2016-01-18T00:09:30.273000;2016-01-18T00:09:30.393000;eec16548-8b32-4b74-9252-b06237739c3d;382.11;0.01;BUY
2016-01-18T00:09:30.273000;2016-01-18T00:09:30.393000;31b51d47-02d6-4673-a3d6-d3fca49ea9cd;382.13;4.0;BUY
2016-01-18T00:09:30.273000;2016-01-18T00:09:30.393000;89805cae-7776-40b3-8d13-50058fe721bf;382.14;6.30571141;BUY
2016-01-18T00:09:30.883000;2016-01-18T00:09:30.893000;ba94d754-11b8-46a5-932a-669c4f6d54f5;382.14;0.01;BUY
2016-01-18T00:09:31.203000;2016-01-18T00:09:31.207000;b76ece69-8298-4222-b4cf-004ff2e59af4;382.14;0.01;BUY
2016-01-18T00:09:31.617000;2016-01-18T00:09:31.627000;01a64da4-cfcf-4a15-b9a6-b80f377e4708;382.14;0.01;BUY
2016-01-18T00:09:53.257000;2016-01-18T00:09:53.270000;64346ba8-c1b5-4d58-a31b-12651b904e72;381.89;0.1;BUY
2016-01-18T00:09:53.257000;2016-01-18T00:09:53.283000;a8aa88a5-7005-46fc-b87f-8a9fec715bc9;381.91;0.15;BUY
2016-01-18T00:09:53.257000;2016-01-18T00:09:53.283000;35614af1-bf0c-4118-b170-e28bcd674f45;381.91;0.089;BUY
2016-01-18T00:09:53.257000;2016-01-18T00:09:53.283000;d09d0dc6-5d28-484f-ba83-e5427ba146e2;381.92;0.1;BUY
2016-01-18T00:09:53.260000;2016-01-18T00:09:53.283000;3b81ad05-fea4-4ca1-8872-ea2c55abe3b8;381.96;0.106;BUY
2016-01-18T00:09:53.260000;2016-01-18T00:09:53.363000;2461eacd-915f-477c-b8c6-290429c204d0;381.99;0.0291;BUY
2016-01-18T00:10:00.290000;2016-01-18T00:10:00.300000;ce2815b4-42e3-4265-91c0-ac848c004865;381.81;0.1;BUY
2016-01-18T00:10:00.290000;2016-01-18T00:10:00.317000;ab048df1-d45e-41c1-9d72-3f46a296b5a9;381.81;0.756;BUY
2016-01-18T00:10:00.290000;2016-01-18T00:10:00.317000;a68b694d-2ed0-4c49-b7b4-57a402b22066;381.98;3.0;BUY
2016-01-18T00:10:00.290000;2016-01-18T00:10:00.317000;8505396d-a6b0-4179-bdae-4f3236edd090;381.99;1.138;BUY
2016-01-18T00:10:00.290000;2016-01-18T00:10:00.317000;d1008f6d-b8a3-4663-bb9b-db532940d08b;381.99;2.1;BUY
2016-01-18T00:10:00.290000;2016-01-18T00:10:00.330000;fdd7b232-06f5-4363-ac07-75f3dd545ed6;382.0;0.1;BUY
2016-01-18T00:10:00.290000;2016-01-18T00:10:00.330000;f5f00c0b-ee8c-4df2-ac39-5a7985179168;382.0;0.231;BUY
2016-01-18T00:10:00.293000;2016-01-18T00:10:00.330000;be1708e3-01c1-4620-a8ce-8a2977b77190;382.0;2.575;BUY
2016-01-18T00:10:00.527000;2016-01-18T00:10:00.533000;3d9e0a6c-04b5-4a5a-be00-b063b676ded7;381.43;0.01;SELL
2016-01-18T00:10:00.527000;2016-01-18T00:10:00.550000;23054987-931f-495e-80a5-b9945eae873d;381.42;0.01;SELL
2016-01-18T00:10:00.527000;2016-01-18T00:10:00.550000;14c3dfcb-2164-445c-9c43-90616ffc9ed3;381.4;0.1;SELL
2016-01-18T00:10:00.527000;2016-01-18T00:10:00.580000;98ba7d28-ec28-478d-a394-8b05585ed00a;381.35;0.01;SELL
2016-01-18T00:10:00.527000;2016-01-18T00:10:00.580000;79cd05dc-ed7d-4a4b-b7c5-7a26acc56e6c;381.35;0.85;SELL
2016-01-18T00:10:00.527000;2016-01-18T00:10:00.580000;9cb82bc1-2d98-4aec-bda3-db9439bb6a49;381.31;0.1;SELL
2016-01-18T00:10:00.527000;2016-01-18T00:10:00.580000;35ba8e28-1618-4b8c-98e7-0e4bb2b2d696;381.25;0.1;SELL
2016-01-18T00:10:00.527000;2016-01-18T00:10:00.580000;61e67df1-f33b-456f-9e6c-735ef9cf6e78;381.16;0.1;SELL
2016-01-18T00:10:00.527000;2016-01-18T00:10:00.580000;e4840b2f-cc73-40b5-97b7-dc26735cb267;381.06;0.01;SELL
2016-01-18T00:10:00.527000;2016-01-18T00:10:00.580000;a330c4bb-9bef-4b28-910b-16e98db7cad1;381.02;0.01;SELL
2016-01-18T00:10:00.527000;2016-01-18T00:10:00.580000;1cc79576-de75-4cf9-b26a-0ed0aa58a0e6;380.91;0.01;SELL
2016-01-18T00:10:00.527000;2016-01-18T00:10:00.580000;f3368bf3-1db2-456f-96fa-465ee75066b2;380.73;0.01;SELL
2016-01-18T00:10:00.530000;2016-01-18T00:10:00.580000;091837fd-4bd0-4da1-a720-4b737b693c48;380.49;0.01;SELL
2016-01-18T00:10:00.530000;2016-01-18T00:10:00.580000;e5bf54c8-caef-411a-a75e-1c69c9c97492;380.31;0.01;SELL
2016-01-18T00:10:00.530000;2016-01-18T00:10:00.580000;d2577f5d-3723-472d-8af4-74441cd42fc0;380.1;0.15;SELL
2016-01-18T00:10:00.530000;2016-01-18T00:10:00.597000;1f091788-4337-4f00-bdbc-d6f4841d7fd9;380.09;0.01;SELL
2016-01-18T00:10:00.530000;2016-01-18T00:10:00.597000;24b73d42-2ba8-468d-a849-be4f208024ed;379.95;1.0;SELL
2016-01-18T00:10:00.530000;2016-01-18T00:10:00.597000;91030a27-a208-4e8a-bb8b-d1260baed12d;379.94;0.1;SELL
2016-01-18T00:10:00.530000;2016-01-18T00:10:00.597000;9e27d528-f5b7-428d-b936-06d7c764db7c;379.93;0.01;SELL
2016-01-18T00:10:00.530000;2016-01-18T00:10:00.597000;41284572-b00f-426d-89ef-5c4acc87479a;379.85;0.01;SELL
2016-01-18T00:10:00.530000;2016-01-18T00:10:00.597000;84323259-f6b7-47c3-9e84-13d10c300447;379.84;0.01;SELL
2016-01-18T00:10:00.530000;2016-01-18T00:10:00.597000;9a512987-e811-42ba-81aa-f76b34b0b9c1;379.84;0.01;SELL
2016-01-18T00:10:00.530000;2016-01-18T00:10:00.597000;c781c505-afb4-4b23-9e7e-5ffd5e166fcd;379.66;0.01;SELL
2016-01-18T00:10:00.530000;2016-01-18T00:10:00.627000;6c87f73b-357f-4362-b389-9ef506b52bc2;379.48;0.01;SELL
2016-01-18T00:10:00.530000;2016-01-18T00:10:00.627000;af7b9c63-a3f9-4771-bfe0-fab1c82ab2f6;379.34;0.01;SELL
2016-01-18T00:10:00.530000;2016-01-18T00:10:00.627000;d8367683-0aee-4f4a-8910-096d5d60a7f3;379.14;0.01;SELL
2016-01-18T00:10:00.530000;2016-01-18T00:10:00.627000;27b1033d-cade-48f2-ae79-41549fd2223c;378.98;2.58456;SELL
2016-01-18T00:10:02.057000;2016-01-18T00:10:02.080000;9049a6b2-d7a2-4e60-b470-58674dabfc29;381.44;0.01;SELL
2016-01-18T00:10:07.010000;2016-01-18T00:10:07.033000;5d5cd387-8932-44a2-b31a-93fc4335e84a;381.87;0.01;BUY
2016-01-18T00:10:07.010000;2016-01-18T00:10:07.033000;7bdb1129-1169-416d-9492-db88255c0492;381.88;0.01;BUY
2016-01-18T00:10:07.010000;2016-01-18T00:10:07.033000;efc78365-9f95-4827-9273-8cf531c8af29;381.88;0.1;BUY
2016-01-18T00:10:07.010000;2016-01-18T00:10:07.033000;8026b186-2dd4-42ab-9c5e-b87097198a8d;381.89;0.01;BUY
2016-01-18T00:10:07.013000;2016-01-18T00:10:07.067000;eaa937ae-ca9c-48a1-8d01-ed63a6da901d;381.9;0.01;BUY
2016-01-18T00:10:07.013000;2016-01-18T00:10:07.067000;4ec4b8a6-4915-46b9-98d9-dc8764423063;381.91;0.01;BUY
2016-01-18T00:10:08.167000;2016-01-18T00:10:08.190000;32b7c7db-9993-479e-9cf0-67dd0966f118;381.92;0.01;BUY
2016-01-18T00:10:08.167000;2016-01-18T00:10:08.190000;33b92b8a-3130-4bb2-a768-55f5dfb36463;381.92;0.01;BUY
2016-01-18T00:10:08.167000;2016-01-18T00:10:08.190000;be21f2f4-cf48-4b8e-9e85-42a1e3cf698c;381.93;0.01;BUY
2016-01-18T00:10:08.167000;2016-01-18T00:10:08.190000;210b797a-e3e6-49ad-9ac5-6839a4c6bef1;381.93;0.01;BUY
2016-01-18T00:10:08.167000;2016-01-18T00:10:08.190000;b5054dc9-d9f5-432e-8ba7-d635db127797;381.94;0.01;BUY
2016-01-18T00:10:08.167000;2016-01-18T00:10:08.190000;01b15261-94ff-4ede-9054-06166424774c;381.94;0.01;BUY
2016-01-18T00:10:08.167000;2016-01-18T00:10:08.207000;32d8a178-7571-409e-b4af-3892d14c9436;381.95;0.01;BUY
2016-01-18T00:10:08.167000;2016-01-18T00:10:08.207000;daf61d16-4667-407b-8144-8887897eef68;381.96;0.01;BUY
2016-01-18T00:10:08.167000;2016-01-18T00:10:08.207000;c726a8d4-e0b8-4a6d-9710-765667fded7f;381.97;0.01;BUY
2016-01-18T00:10:08.167000;2016-01-18T00:10:08.207000;ddc28a6d-e75f-48b9-80e7-af45121b53b6;381.98;0.01;BUY
2016-01-18T00:10:08.167000;2016-01-18T00:10:08.223000;2d4d69f3-4b1f-474b-ac41-ec5d0731da1e;381.98;0.01;BUY
2016-01-18T00:10:08.167000;2016-01-18T00:10:08.237000;f7522edd-ff37-4472-8467-b7186b57376c;381.99;0.01;BUY
2016-01-18T00:10:08.437000;2016-01-18T00:10:08.440000;da507ee1-6868-40ce-b5fe-eacfcbeb50cb;382.0;0.20777943;BUY
2016-01-18T00:10:12.203000;2016-01-18T00:10:12.207000;77ca4b08-e20b-4820-8a0e-954b97b708ac;381.99;0.08777943;SELL
2016-01-18T00:10:15.203000;2016-01-18T00:10:15.207000;a8762f02-4aa6-4282-8434-6c9ab4a39d01;382.0;0.4;BUY
2016-01-18T00:10:22.163000;2016-01-18T00:10:22.177000;4bdf7294-61a5-4ef1-8d36-84abaa6f3313;381.98;1.301;BUY
2016-01-18T00:10:22.163000;2016-01-18T00:10:22.177000;1c30a5cf-a7c9-459a-8437-1c966e630eac;381.98;1.24;BUY
2016-01-18T00:10:22.167000;2016-01-18T00:10:22.177000;c24bc3d9-0f88-4a7e-93ef-192cd0239f3a;381.99;0.978;BUY
2016-01-18T00:10:22.167000;2016-01-18T00:10:22.190000;a82005ab-3223-4480-ab4b-59989c58db8e;382.0;0.2848;BUY
2016-01-18T00:10:28.810000;2016-01-18T00:10:28.830000;734794ad-0ebf-4dc6-9ddf-eacf350e5dd3;381.92;0.01;SELL
2016-01-18T00:10:32.240000;2016-01-18T00:10:32.237000;8ce264a7-e6b2-44ef-8408-43e17c279099;381.91;0.05777943;SELL
2016-01-18T00:11:02.017000;2016-01-18T00:11:02.020000;03a2e02c-deb7-4d47-80b0-803d6395ab8e;381.82;0.01;SELL
2016-01-18T00:11:02.070000;2016-01-18T00:11:02.067000;c00c5dac-b54c-41d5-9109-66170a6a73f6;381.82;0.01;SELL
2016-01-18T00:11:02.133000;2016-01-18T00:11:02.143000;84100f20-69d8-4ef3-8fab-150cdd163c95;381.82;0.18777943;SELL
2016-01-18T00:11:25.487000;2016-01-18T00:11:25.487000;6c1a95e0-add9-4273-a2f3-18926304a647;381.8;0.1314;BUY
2016-01-18T00:11:31.693000;2016-01-18T00:11:31.690000;3f373655-41ee-4468-9987-b92340c80fc2;381.75;0.01;SELL
2016-01-18T00:11:34.947000;2016-01-18T00:11:34.940000;8518cc31-1bb9-4c8c-8ded-5a85af2697c1;381.75;0.01;SELL
2016-01-18T00:11:38.557000;2016-01-18T00:11:38.550000;c493906a-8d73-4e03-be02-5a80ef9b074f;381.73;0.20777943;SELL
2016-01-18T00:11:43.020000;2016-01-18T00:11:43.020000;e3e98d04-33a7-4d59-a374-0f127db938d8;381.71;0.01;SELL
2016-01-18T00:11:49.563000;2016-01-18T00:11:49.567000;b8c34381-d2d3-4825-88f3-7f58b6fb3942;381.64;0.20777943;SELL
2016-01-18T00:11:52.287000;2016-01-18T00:11:52.283000;0ca0391d-dae7-43be-8e3d-e6d875b99c07;381.64;0.254;BUY
2016-01-18T00:11:55.957000;2016-01-18T00:11:55.957000;4ff23a7c-86fa-4d46-9051-4606cb111df2;381.6;0.35;SELL
2016-01-18T00:11:59.547000;2016-01-18T00:11:59.550000;a0a8105f-4d68-4311-97e3-5bcbe5e1d064;381.55;0.20777943;SELL
2016-01-18T00:12:01.403000;2016-01-18T00:12:01.410000;47e46d12-6566-44bc-9a30-a560f17af36b;381.54;0.01;SELL
2016-01-18T00:12:08.173000;2016-01-18T00:12:08.177000;c88c789a-8f0a-4b53-b9da-61d46111208c;381.5;0.011;SELL
2016-01-18T00:12:22.243000;2016-01-18T00:12:22.253000;f113f2cd-3f99-40f4-8fce-e50e9f378267;381.5;0.0005;SELL
2016-01-18T00:12:22.663000;2016-01-18T00:12:22.677000;bf29123b-9640-4c20-a3e6-31f9d3fd76f9;381.5;0.0095;BUY
2016-01-18T00:12:22.663000;2016-01-18T00:12:22.677000;723ee2cf-ffb6-4f47-9b8d-1247ee5c3f38;381.51;1.305;BUY
2016-01-18T00:12:22.663000;2016-01-18T00:12:22.677000;9f453bd5-7947-46ed-a896-0f20c3ac7240;381.54;0.9131;BUY
2016-01-18T00:12:36.223000;2016-01-18T00:12:36.223000;f6bb5e68-a32c-4e1c-8efb-ca7be453838c;381.46;0.20777943;SELL
2016-01-18T00:12:44.147000;2016-01-18T00:12:44.143000;0722cb2e-c271-4889-a647-c331774940c4;381.44;0.0417;SELL
2016-01-18T00:12:52.147000;2016-01-18T00:12:52.160000;3bf25747-bc95-471d-bd8c-9ad3dbce9430;381.37;0.20777943;SELL
2016-01-18T00:12:52.147000;2016-01-18T00:12:52.177000;013eb3ab-f0bd-4751-9acc-4b032bca2bdd;381.36;0.3;SELL
2016-01-18T00:12:52.147000;2016-01-18T00:12:52.177000;e83d44e5-f91b-46d6-950b-5cca523a3982;381.33;0.01;SELL
2016-01-18T00:12:52.147000;2016-01-18T00:12:52.190000;6bd10dd7-302b-4341-b98f-dc77e58feca1;381.28;0.20777943;SELL
2016-01-18T00:12:52.147000;2016-01-18T00:12:52.190000;a913aff1-95cc-48ef-8a05-e748768010e2;381.16;0.01;SELL
2016-01-18T00:12:52.147000;2016-01-18T00:12:52.190000;3f5b2904-4d83-456a-ba1e-b7b88f0ea5ab;380.87;0.01;SELL
2016-01-18T00:12:52.147000;2016-01-18T00:12:52.190000;be2ba384-6b60-43b8-a2e9-a24b043b4250;380.86;0.411;SELL
2016-01-18T00:12:52.147000;2016-01-18T00:12:52.190000;7605d6ce-48a4-47f6-88f1-0f10e8f7fc06;380.68;0.01;SELL
2016-01-18T00:12:52.147000;2016-01-18T00:12:52.190000;2a2f7711-0173-4300-96fd-5ede66c0920c;380.48;0.01;SELL
2016-01-18T00:12:52.147000;2016-01-18T00:12:52.190000;65f4adae-7e4a-4d7d-937e-9b70aeb63262;380.3;0.01;SELL
2016-01-18T00:12:52.147000;2016-01-18T00:12:52.207000;15f3bdc2-440d-4f90-b4e8-e04c8fbea4e3;380.1;0.05;SELL
2016-01-18T00:12:52.147000;2016-01-18T00:12:52.207000;d3a956c8-d67c-4e66-b0c5-645ca8ff0e35;380.06;0.01;SELL
2016-01-18T00:12:52.147000;2016-01-18T00:12:52.207000;b062cfa8-5d6d-4d49-b6d3-34fb444936c9;379.94;0.01;SELL
2016-01-18T00:12:52.150000;2016-01-18T00:12:52.207000;f87dbbe0-011b-4d3f-b74d-28eb23451a00;379.67;0.01;SELL
2016-01-18T00:12:52.150000;2016-01-18T00:12:52.207000;f138870e-beea-41ff-85a4-066e4525958c;379.63;0.101;SELL
2016-01-18T00:12:52.150000;2016-01-18T00:12:52.237000;44ff6efa-5e95-4fa2-add8-df6266b5c924;379.55;0.074;SELL
2016-01-18T00:12:52.150000;2016-01-18T00:12:52.253000;2f58f149-df0e-4ca5-b5de-98529d13acf4;379.54;0.129;SELL
2016-01-18T00:12:52.150000;2016-01-18T00:12:52.253000;b255da5a-17b5-4493-9329-9256641a24f4;379.47;0.01;SELL
2016-01-18T00:12:52.150000;2016-01-18T00:12:52.253000;4ccdfc0d-6763-4bf9-8db0-6a3782cd366a;379.46;0.126;SELL
2016-01-18T00:12:52.150000;2016-01-18T00:12:52.253000;cf8ba843-d9e0-4a70-b531-d4dc6e0ebe1e;379.4;0.118;SELL
2016-01-18T00:12:52.150000;2016-01-18T00:12:52.253000;caba982e-3cd1-41f2-b80d-746a54cccb56;379.34;0.01;SELL
2016-01-18T00:12:52.150000;2016-01-18T00:12:52.253000;32802d13-7a8c-4f46-9d90-6e251e494f56;379.31;0.05014114;SELL
2016-01-18T00:13:02.113000;2016-01-18T00:13:02.153000;76caa4c2-353e-4139-895b-ae23dc5388ed;381.34;0.01;SELL
2016-01-18T00:13:02.303000;2016-01-18T00:13:02.340000;343210f8-a4c3-43d1-9195-7ea10dcba299;381.11;0.01;SELL
2016-01-18T00:13:22.307000;2016-01-18T00:13:22.340000;349c5555-f5c5-46b8-8239-cffcc96b641e;381.31;0.668;BUY
2016-01-18T00:13:22.307000;2016-01-18T00:13:22.357000;88de43ac-4955-4102-91a6-5867ba795949;381.32;0.718;BUY
2016-01-18T00:13:22.307000;2016-01-18T00:13:22.357000;b76f57dc-276e-4a41-a849-187f2f4941ac;381.33;1.2;BUY
2016-01-18T00:13:22.307000;2016-01-18T00:13:22.357000;784a9d25-3226-4cdb-9416-247e90567f2b;381.34;0.32;BUY
2016-01-18T00:13:22.307000;2016-01-18T00:13:22.370000;84f2207a-b3e7-4224-b47e-201dd48d662d;381.34;1.1324;BUY
2016-01-18T00:13:22.307000;2016-01-18T00:13:22.450000;a3b197fc-0678-4766-a2fc-652f778ae4ca;381.36;0.01;BUY
2016-01-18T00:13:22.307000;2016-01-18T00:13:22.450000;20a865d9-c862-4b89-9569-6462258a6640;381.36;0.09;BUY
2016-01-18T00:13:22.307000;2016-01-18T00:13:22.450000;9bb38cdf-d20e-4645-9b1a-0ea902e236cc;381.37;0.01;BUY
2016-01-18T00:13:22.307000;2016-01-18T00:13:22.450000;21b26c3d-0ae2-4d5a-9e0a-db64a382e571;381.37;15.4104;BUY
2016-01-18T00:13:45.297000;2016-01-18T00:13:45.340000;269f6149-f6d6-46bc-a980-500ef039a9bb;381.01;0.01;SELL
2016-01-18T00:13:45.297000;2016-01-18T00:13:45.340000;de97135a-f502-443a-b2d4-282254a49b74;381.0;0.22422057;SELL
2016-01-18T00:13:52.390000;2016-01-18T00:13:52.417000;9a0edbf4-fe61-4273-92d4-38d3baaf3e75;381.25;0.0554;BUY
2016-01-18T00:14:01.433000;2016-01-18T00:14:01.463000;11919ee9-b613-4743-8914-077ebc73e9ca;380.89;0.01;SELL
2016-01-18T00:14:01.600000;2016-01-18T00:14:01.637000;e13388a7-7cf9-4dab-a0d3-7e01cc6bd3bd;380.88;0.01;SELL
2016-01-18T00:14:22.613000;2016-01-18T00:14:22.653000;0c49d8cb-b39d-4b2c-9991-f82b7c44a90c;381.13;1.402;BUY
2016-01-18T00:14:22.613000;2016-01-18T00:14:22.667000;7112b652-3a33-4901-a8c2-41b88f713509;381.14;1.402;BUY
2016-01-18T00:14:22.613000;2016-01-18T00:14:22.667000;d15a91ce-996a-4047-bf50-9ab620c7f207;381.15;0.5728;BUY
2016-01-18T00:14:52.403000;2016-01-18T00:14:52.433000;f4170535-4a6f-44db-9b15-348230cbe823;380.98;0.3901;BUY
2016-01-18T00:15:01.547000;2016-01-18T00:15:01.573000;1f6da6a9-f4c5-4513-9547-e91d63dfa2ac;380.72;0.01;SELL
2016-01-18T00:15:01.647000;2016-01-18T00:15:01.683000;d1f94031-5a32-4521-b99c-8eb959277c4e;380.71;0.01;SELL
2016-01-18T00:15:22.740000;2016-01-18T00:15:22.777000;954bfccb-500c-459c-bfdc-0ae844f0f3b9;380.67;1.0048;BUY
2016-01-18T00:15:52.730000;2016-01-18T00:15:52.763000;bafff3a9-ba09-4b9d-9b91-4d8aa7ba8845;380.56;0.01;SELL
2016-01-18T00:15:52.730000;2016-01-18T00:15:52.777000;2228ba10-4ea6-4dc7-af34-6b5e92f366cf;380.54;0.01;SELL
2016-01-18T00:15:52.730000;2016-01-18T00:15:52.777000;4b3f9088-ba38-4b63-b5ea-b56821a9811a;380.47;0.01;SELL
2016-01-18T00:15:52.730000;2016-01-18T00:15:52.777000;6bedef2f-37f9-4eb3-ba95-d2f51f666dbf;380.45;0.32;SELL
2016-01-18T00:15:52.730000;2016-01-18T00:15:52.777000;0851f9e8-9ce9-46b4-84a9-4260ac2beafc;380.35;0.0518;SELL
2016-01-18T00:15:52.730000;2016-01-18T00:15:52.857000;904f7397-9d17-4e75-9856-4be603dd7f45;380.34;0.01;SELL
2016-01-18T00:15:52.730000;2016-01-18T00:15:52.857000;8d9afb1d-6363-40b6-b434-02036feb6c4a;380.29;0.128;SELL
2016-01-18T00:15:52.730000;2016-01-18T00:15:52.857000;130e4aeb-f5b6-497d-b523-03e0e050dd1f;380.24;0.072;SELL
2016-01-18T00:15:52.730000;2016-01-18T00:15:52.857000;e1db8d1b-7ce5-4e48-8c62-2995d041b6b0;380.19;0.092;SELL
2016-01-18T00:15:52.730000;2016-01-18T00:15:52.857000;0aea4437-74ad-414c-804c-d6a9f4539062;380.14;0.129;SELL
2016-01-18T00:15:52.733000;2016-01-18T00:15:52.857000;b8f52335-7be1-452e-9923-07ce8d7be525;380.1;0.01;SELL
2016-01-18T00:15:52.733000;2016-01-18T00:15:52.857000;138858e3-0e0d-4951-ba9c-52021664481e;380.08;0.103;SELL
2016-01-18T00:15:52.733000;2016-01-18T00:15:52.857000;728512f5-dbe2-4881-b1c5-d1daff122494;379.88;0.01;SELL
2016-01-18T00:15:52.733000;2016-01-18T00:15:52.857000;ee481e19-801a-4a08-aad9-d2467a766a64;379.88;1.9878;SELL
2016-01-18T00:16:01.640000;2016-01-18T00:16:01.667000;282c3217-7905-4ceb-8fc7-e4d3e77a7f95;379.98;0.01;SELL
2016-01-18T00:16:22.620000;2016-01-18T00:16:22.653000;1411af7b-84b2-4327-a321-3f2225dd23a5;380.11;0.01;SELL
2016-01-18T00:16:22.623000;2016-01-18T00:16:22.667000;6e6b867b-e0f1-4d95-bd82-cb9b5912ca4e;380.1;0.01;SELL
2016-01-18T00:16:22.623000;2016-01-18T00:16:22.667000;c779e6f9-9f7f-4037-9244-8c67e5aaf67d;380.08;0.01;SELL
2016-01-18T00:16:22.623000;2016-01-18T00:16:22.667000;9315d272-4c1f-40b7-b216-a9c350cb05ac;380.03;0.0211;SELL
2016-01-18T00:17:04.917000;2016-01-18T00:17:04.963000;b32ac8ae-3379-4f09-83af-3ea34e7c986f;380.14;0.622;BUY
2016-01-18T00:17:04.917000;2016-01-18T00:17:04.963000;b532be21-3977-4e2a-922e-1bfd8e97a237;380.14;0.2722;BUY
2016-01-18T00:17:22.497000;2016-01-18T00:17:22.527000;1716cc85-90a6-46aa-bd29-8fcf3e7005ac;380.14;0.1342;BUY
2016-01-18T00:17:52.470000;2016-01-18T00:17:52.513000;9ed51c64-be8f-4c30-8229-b8d5ea3bc325;380.14;1.0401;BUY
2016-01-18T00:18:04.060000;2016-01-18T00:18:04.090000;852ee977-fc95-4279-80a3-3ad06f48ac4f;380.14;0.1;BUY
2016-01-18T00:18:06.463000;2016-01-18T00:18:06.480000;459d8994-6242-4484-9ab0-4ba7cb643aa4;380.13;0.01;SELL
2016-01-18T00:18:06.463000;2016-01-18T00:18:06.513000;c849740b-5343-442f-95ce-694a313c1c65;380.12;0.01;SELL
2016-01-18T00:18:06.463000;2016-01-18T00:18:06.513000;4ea29d42-2c07-4529-a3c6-d7b76402cfe8;380.03;0.0789;SELL
2016-01-18T00:18:06.463000;2016-01-18T00:18:06.513000;4b9fb6bf-3386-4940-bb8e-d15af1278a30;379.99;0.0011;SELL
2016-01-18T00:18:06.490000;2016-01-18T00:18:06.573000;efe59272-6c9b-4bf6-a915-82b0c8d06bd5;380.14;0.2004564;BUY
2016-01-18T00:18:22.310000;2016-01-18T00:18:22.340000;e6c1c662-d396-4efe-8f9a-1ac8b729eee6;380.07;2.55;BUY
2016-01-18T00:18:22.310000;2016-01-18T00:18:22.340000;6e9dc14a-b41d-4970-bd12-b03da2f998fa;380.08;0.4524;BUY
2016-01-18T00:18:52.720000;2016-01-18T00:18:52.747000;b0ff88ec-74ce-45e4-a11f-afe4f020f942;379.97;0.01;SELL
2016-01-18T00:18:52.720000;2016-01-18T00:18:52.747000;23104934-0ebf-41bf-9dfe-7dbfb6583f10;379.97;1.0;SELL
2016-01-18T00:18:52.720000;2016-01-18T00:18:52.747000;78300ec4-c6c4-4b42-9f8d-b3a72c9a0a7e;379.96;0.01;SELL
2016-01-18T00:18:52.720000;2016-01-18T00:18:52.777000;93ceffa9-8349-4431-8b05-187be6b09a8b;379.95;0.01;SELL
2016-01-18T00:18:52.720000;2016-01-18T00:18:52.810000;62e572ed-7577-4282-89c2-9af138bc9d3b;379.89;0.288;SELL
2016-01-18T00:18:52.720000;2016-01-18T00:18:52.810000;5e4dfac1-5b00-44e5-88e4-ed5c39d8fd73;379.89;0.27;SELL
2016-01-18T00:18:52.720000;2016-01-18T00:18:52.810000;636a34c4-3cf1-4270-ba36-32fd997c3f15;379.84;0.285;SELL
2016-01-18T00:18:52.720000;2016-01-18T00:18:52.810000;bb7449ee-e508-4a87-9a27-bc99c6e0fe86;379.79;0.1682;SELL
2016-01-18T00:19:22.523000;2016-01-18T00:19:22.543000;4a6d9c31-f7d0-4538-9e98-e5f27d5da0c2;379.99;0.3;BUY
2016-01-18T00:19:22.523000;2016-01-18T00:19:22.560000;60120486-7dac-4c87-ae44-a4f481aa5964;380.0;0.1408;BUY
2016-01-18T00:19:22.523000;2016-01-18T00:19:22.560000;3f09f9b4-373a-4529-bf2e-99dc42038e46;380.01;0.6;BUY
2016-01-18T00:19:22.527000;2016-01-18T00:19:22.560000;2752b8fa-b7f2-4986-b398-8f78de852596;380.05;0.31;BUY
2016-01-18T00:19:22.527000;2016-01-18T00:19:22.560000;6b68285e-04b7-43ef-bf90-046f203a2e1b;380.09;0.0518;BUY
2016-01-18T00:19:22.527000;2016-01-18T00:19:22.573000;718e9d3f-07ab-4fe8-9203-89d7cb225655;380.15;1.2039;BUY
2016-01-18T00:20:22.687000;2016-01-18T00:20:22.717000;4f3bcef5-4b98-47c4-9e22-e58c2c064af9;380.15;0.7839;BUY
2016-01-18T00:20:22.687000;2016-01-18T00:20:22.717000;c6f351f7-ab99-4cd5-be54-4a040d35f2b2;380.15;0.01;BUY
2016-01-18T00:20:22.690000;2016-01-18T00:20:22.717000;25497c55-e09c-4259-962e-7c1da9e7821f;380.26;0.0514;BUY
2016-01-18T00:20:22.690000;2016-01-18T00:20:22.730000;7712e4a5-ebb1-48d3-898b-7ac965dc4083;380.31;0.01;BUY
2016-01-18T00:20:22.690000;2016-01-18T00:20:22.730000;44808c59-8cba-435e-a561-e5a10a9a08c8;380.31;0.184;BUY
2016-01-18T00:20:22.690000;2016-01-18T00:20:22.730000;d036adc6-261c-4abf-8e2e-6063c89f7d04;380.33;0.211;BUY
2016-01-18T00:20:22.690000;2016-01-18T00:20:22.730000;6771d2b3-fbc7-47a8-92e3-77717b7d4ae5;380.34;0.01;BUY
2016-01-18T00:20:22.690000;2016-01-18T00:20:22.730000;11e7d635-4101-48d0-a0aa-f0801768018b;380.35;0.214;BUY
2016-01-18T00:20:22.690000;2016-01-18T00:20:22.730000;1ee5e1eb-fc57-4303-b299-35a14a390360;380.38;0.204;BUY
2016-01-18T00:20:22.690000;2016-01-18T00:20:22.747000;a9b86e6e-f2b2-4dcb-83e9-8796ff5accb0;380.42;0.1;BUY
2016-01-18T00:20:22.690000;2016-01-18T00:20:22.747000;25ba4348-7380-45c5-86c8-62f5d9236388;380.43;0.01;BUY
2016-01-18T00:20:22.690000;2016-01-18T00:20:22.747000;31614824-3b08-4c29-a84d-0c2a8457d20c;380.43;0.01;BUY
2016-01-18T00:20:22.690000;2016-01-18T00:20:22.747000;ec69a367-934a-47c3-b83d-96be173945aa;380.44;0.1;BUY
2016-01-18T00:20:22.690000;2016-01-18T00:20:22.747000;57f72a68-5ff3-44bb-baee-93f724ec507e;380.5;0.01;BUY
2016-01-18T00:20:22.690000;2016-01-18T00:20:22.747000;4e8635c5-b434-4c8e-977f-4ecb65bb068c;380.56;0.01;BUY
2016-01-18T00:20:22.693000;2016-01-18T00:20:22.777000;b0b1533d-81f3-4661-9b5e-f24fcb226477;380.58;0.01;BUY
2016-01-18T00:20:22.693000;2016-01-18T00:20:22.777000;7a08b61b-ce57-4f0c-89e5-6e7161140bb7;380.74;0.01;BUY
2016-01-18T00:20:22.693000;2016-01-18T00:20:22.777000;5b5216c5-1d73-4649-b752-68854e1724f8;380.81;0.6;BUY
2016-01-18T00:20:22.693000;2016-01-18T00:20:22.777000;127966e5-4bc7-4256-accf-d740293e19f5;380.82;0.01;BUY
2016-01-18T00:20:22.693000;2016-01-18T00:20:22.777000;360304b9-0061-4693-82a4-f60c981083b6;380.93;0.01;BUY
2016-01-18T00:20:22.693000;2016-01-18T00:20:22.777000;87706c12-6068-4b17-9e53-5e120017928f;380.93;2.6467;BUY
2016-01-18T00:20:52.687000;2016-01-18T00:20:52.717000;f297a77d-c3ab-4574-bfa9-84901735ca3b;380.72;0.1;BUY
2016-01-18T00:20:52.690000;2016-01-18T00:20:52.730000;cd021a6e-f8bb-4d2f-97cc-ba50fbc5761c;380.72;0.125;BUY
2016-01-18T00:20:52.690000;2016-01-18T00:20:52.730000;5c10bb54-eb30-45d6-855d-4a5f17d12ad4;380.77;0.0361;BUY
2016-01-18T00:21:01.577000;2016-01-18T00:21:01.590000;ef9c2a94-f930-4037-991b-4ac673bc33ca;380.6;0.01;SELL
2016-01-18T00:21:22.437000;2016-01-18T00:21:22.450000;ea371768-4ca3-4c7f-aaaf-e15ef6ed78ae;380.8;0.0785;BUY
2016-01-18T00:21:52.327000;2016-01-18T00:21:52.340000;cfdf962a-fa88-4c3b-b1f6-0dd2ee1aa6f4;380.78;0.141;BUY
2016-01-18T00:21:52.327000;2016-01-18T00:21:52.357000;8c0c92b3-3bf8-456c-8992-7acbfd52216b;380.81;0.01;BUY
2016-01-18T00:21:52.327000;2016-01-18T00:21:52.357000;6c3a3846-45e9-4c44-9f91-dd900f06e2c9;380.82;0.1;BUY
2016-01-18T00:21:52.327000;2016-01-18T00:21:52.357000;9b189037-fb70-44d2-bb47-16730fd4db68;380.82;0.1;BUY
2016-01-18T00:21:52.327000;2016-01-18T00:21:52.357000;bb0fa201-3ffa-4aa2-a251-4db605a9a8a1;380.83;0.113;BUY
2016-01-18T00:21:52.327000;2016-01-18T00:21:52.370000;97d11e74-9931-4755-8e6e-dc0434a324e5;380.88;0.077;BUY
2016-01-18T00:21:52.327000;2016-01-18T00:21:52.387000;b766ae07-3e2c-4df1-a0bc-95bf52dd1064;380.94;0.01;BUY
2016-01-18T00:21:52.327000;2016-01-18T00:21:52.387000;1117ef76-18df-4746-bb87-f4efb259cd7f;380.95;0.01;BUY
2016-01-18T00:21:52.327000;2016-01-18T00:21:52.387000;c3d193c3-2a61-4305-9f83-511bcbd83789;381.06;0.01;BUY
2016-01-18T00:21:52.327000;2016-01-18T00:21:52.387000;40298752-22b4-4560-af1d-ddb21758dd71;381.08;0.01;BUY
2016-01-18T00:21:52.327000;2016-01-18T00:21:52.387000;6ac5374c-a17c-4bd7-a515-98994dd2af74;381.1;0.01;BUY
2016-01-18T00:21:52.327000;2016-01-18T00:21:52.417000;0dcca2d5-306d-46b5-9f4b-748561797656;381.12;1.2;BUY
2016-01-18T00:21:52.327000;2016-01-18T00:21:52.417000;16aab5f4-e284-4d3e-a54f-49a4939411ac;381.13;0.136;BUY
2016-01-18T00:21:52.330000;2016-01-18T00:21:52.417000;4206666a-6d5b-4f4a-b3dc-d31d86e9141e;381.19;0.01;BUY
2016-01-18T00:21:52.330000;2016-01-18T00:21:52.417000;156287d5-9c97-4ffb-9ab3-452972189ebf;381.19;2.7;BUY
2016-01-18T00:21:52.330000;2016-01-18T00:21:52.417000;b52b3690-ff46-4a4a-8259-9a8d09c44df9;381.2;4.363;BUY
2016-01-18T00:21:52.330000;2016-01-18T00:21:52.417000;4a36990c-33bb-4902-9ea7-543dda95c5f3;381.28;0.01;BUY
2016-01-18T00:21:52.330000;2016-01-18T00:21:52.417000;4d5a98fc-e785-42cf-a222-b2495dcdd432;381.35;0.9;BUY
2016-01-18T00:21:52.330000;2016-01-18T00:21:52.417000;0e559263-8d54-4366-83bf-0685eadf2864;381.36;0.01;BUY
2016-01-18T00:21:52.330000;2016-01-18T00:21:52.417000;41c42b27-a664-4603-967c-2a933b899979;381.38;0.01;BUY
2016-01-18T00:21:52.330000;2016-01-18T00:21:52.433000;f5c3566e-3a5e-4681-bdfc-02ab5ebb2790;381.38;1.35;BUY
2016-01-18T00:21:52.330000;2016-01-18T00:21:52.433000;98d2ca45-d70c-42e0-afa2-c84c41e50fa2;381.39;0.01;BUY
2016-01-18T00:21:52.330000;2016-01-18T00:21:52.433000;4224a2e4-6c85-4ae9-b054-87da18e42f70;381.4;0.01;BUY
2016-01-18T00:21:52.330000;2016-01-18T00:21:52.433000;7d62ccbd-935a-438f-9ce0-fe792b3d0860;381.4;1.5;BUY
2016-01-18T00:21:52.330000;2016-01-18T00:21:52.433000;0c9eabe8-b865-4557-b55b-4eb3c55adb12;381.41;0.01;BUY
2016-01-18T00:21:52.330000;2016-01-18T00:21:52.433000;676aa4b5-ac63-4ee9-8b52-2ab08b25057c;381.41;2.7888;BUY
2016-01-18T00:22:01.513000;2016-01-18T00:22:01.527000;f366a97f-7cc9-4194-b677-308d6582a0f0;380.64;0.01;SELL
2016-01-18T00:22:23.540000;2016-01-18T00:22:23.560000;2b389729-528c-4112-ad1a-7099db3291ef;380.95;0.01;BUY
2016-01-18T00:22:23.540000;2016-01-18T00:22:23.560000;b84008b5-16f4-4519-846f-c57ec47be658;380.95;0.088;BUY
2016-01-18T00:22:23.540000;2016-01-18T00:22:23.573000;bf76e926-2736-4090-8f14-0d7abf029081;380.96;0.1;BUY
2016-01-18T00:22:23.540000;2016-01-18T00:22:23.573000;595af2b7-0538-4110-a521-57aa117f8f2f;381.0;0.087;BUY
2016-01-18T00:22:23.543000;2016-01-18T00:22:23.573000;8be3aa07-bab4-461e-aacc-5cd8ad5efe11;381.05;0.078;BUY
2016-01-18T00:22:23.543000;2016-01-18T00:22:23.573000;9a000bc6-0375-4608-b639-a12bd87a73b2;381.1;0.101;BUY
2016-01-18T00:22:23.543000;2016-01-18T00:22:23.573000;442bed6e-f3ec-43dc-9f62-a213870fe561;381.15;0.079;BUY
2016-01-18T00:22:23.543000;2016-01-18T00:22:23.607000;985fb76e-a78f-4fe6-9451-e17af0dbbb60;381.2;0.089;BUY
2016-01-18T00:22:23.543000;2016-01-18T00:22:23.607000;9a30cd22-5a1a-4686-9301-d847a787be49;381.39;2.4183;BUY
2016-01-18T00:22:54.103000;2016-01-18T00:22:54.120000;567aa916-8fa7-41e6-bb26-a890811af7bf;381.28;0.1;BUY
2016-01-18T00:22:54.103000;2016-01-18T00:22:54.137000;400e6e58-fa07-4472-adc1-453e29dfda1f;381.37;0.284;BUY
2016-01-18T00:22:54.103000;2016-01-18T00:22:54.137000;7e9225a6-f079-41a9-b0cc-c0c780d4e0f5;381.38;0.515;BUY
2016-01-18T00:22:54.103000;2016-01-18T00:22:54.137000;0c12fb2a-658a-4ea8-b008-3c110b4bcf1f;381.39;0.614;BUY
2016-01-18T00:23:01.627000;2016-01-18T00:23:01.637000;c98e2097-ad24-4382-80d6-245d83b8a0de;381.06;0.01;SELL
2016-01-18T00:23:23.117000;2016-01-18T00:23:23.137000;13575f15-e434-4390-b2e3-cf6f737134d9;381.37;0.2644;BUY
2016-01-18T00:23:56.260000;2016-01-18T00:23:56.293000;fba820d7-372f-4b60-83f7-056eb5d70603;381.2;0.6;BUY
2016-01-18T00:23:56.260000;2016-01-18T00:23:56.293000;c09243d5-87bd-4fcd-9c77-9ed822429e5f;381.21;0.628;BUY
2016-01-18T00:23:56.260000;2016-01-18T00:23:56.293000;0a8e740d-3b0c-4e8f-b4d0-dde9bb5d350d;381.22;0.2728;BUY
2016-01-18T00:24:01.327000;2016-01-18T00:24:01.340000;d2ac5adb-2918-4fc9-b551-4b7af0507cde;380.93;0.01;SELL
2016-01-18T00:24:23.210000;2016-01-18T00:24:23.217000;0c76a36b-3163-4aaf-9020-9d307dbb1eef;381.12;0.15;BUY
2016-01-18T00:24:23.210000;2016-01-18T00:24:23.230000;63cf602a-42ea-45fd-9f9d-56c07215acb1;381.13;0.15;BUY
2016-01-18T00:24:23.210000;2016-01-18T00:24:23.247000;227c0784-0058-47f7-9f26-d44c2b229a2a;381.13;0.1;BUY
2016-01-18T00:24:23.210000;2016-01-18T00:24:23.247000;ab64fda3-ea0c-4403-b3e9-24a22e8fafba;381.14;0.182;BUY
2016-01-18T00:24:23.210000;2016-01-18T00:24:23.247000;bfee4ac0-2200-4d0c-8b11-c9c4e49e26eb;381.15;0.209;BUY
2016-01-18T00:24:23.210000;2016-01-18T00:24:23.247000;08083eca-a3b3-49ed-8b18-42f089012c70;381.16;0.3;BUY
2016-01-18T00:24:23.210000;2016-01-18T00:24:23.247000;58bd3af4-5200-45b5-be1b-ec0487ea88d4;381.17;0.271;BUY
2016-01-18T00:24:23.210000;2016-01-18T00:24:23.263000;14971399-c2b8-4975-9c3e-c416755b14d5;381.18;0.01;BUY
2016-01-18T00:24:23.210000;2016-01-18T00:24:23.263000;13f52c6f-d877-49f8-be60-b4f4d82ccf9b;381.18;0.15;BUY
2016-01-18T00:24:23.210000;2016-01-18T00:24:23.263000;bab597bc-072a-4f30-9478-3d8e4e33b345;381.19;0.448;BUY
2016-01-18T00:24:23.210000;2016-01-18T00:24:23.263000;6fb4ecbb-c158-4a2e-b7a5-24aab29a4f0b;381.2;0.2464;BUY
2016-01-18T00:24:52.893000;2016-01-18T00:24:52.903000;ceca33b5-21eb-4fb7-87e4-154a1224602e;381.14;0.15;BUY
2016-01-18T00:24:52.893000;2016-01-18T00:24:52.903000;ad17aa9d-ddba-45c7-8b7d-51b898bb5cb5;381.15;0.144;BUY
2016-01-18T00:24:52.893000;2016-01-18T00:24:52.950000;6f0d4aa4-6964-4bb5-8042-4f6984cf5934;381.15;0.15;BUY
2016-01-18T00:24:52.893000;2016-01-18T00:24:52.950000;0f368cd1-f6bf-4991-bd7a-d5ecfd62d26b;381.16;0.189;BUY
2016-01-18T00:24:52.893000;2016-01-18T00:24:52.950000;29c17d62-e780-42f1-8fab-c78d48825a52;381.21;0.4153;BUY
2016-01-18T00:25:01.823000;2016-01-18T00:25:01.840000;d52133fb-c9dd-4816-aa5d-c3d445c965f1;380.93;0.01;SELL
2016-01-18T00:25:23.367000;2016-01-18T00:25:23.370000;da0ea084-26a1-41be-b472-abcadc6c0fda;381.09;0.9;BUY
2016-01-18T00:25:23.367000;2016-01-18T00:25:23.387000;a68e89e9-e8aa-40b4-99ae-0072148967c3;381.1;0.407;BUY
2016-01-18T00:26:01.737000;2016-01-18T00:26:01.747000;a2497499-7d3c-4dc8-86bf-b5b309340152;380.92;0.01;SELL
2016-01-18T00:26:11.643000;2016-01-18T00:26:11.653000;8bbc79a6-3629-4f9c-bd07-e25171b3db38;380.88;0.1;SELL
2016-01-18T00:26:11.643000;2016-01-18T00:26:11.653000;d0a126f6-70a8-4009-b0b1-142dc8de9862;380.76;0.0517;SELL
2016-01-18T00:26:11.643000;2016-01-18T00:26:11.653000;91a0f551-aff5-4d2a-8451-2fc267afff30;380.66;0.01;SELL
2016-01-18T00:26:11.643000;2016-01-18T00:26:11.683000;196e4441-7356-47ab-b258-7d465b71d5b4;380.63;0.0383;SELL
2016-01-18T00:26:22.870000;2016-01-18T00:26:22.887000;68f7d0ae-a48d-4bf9-8579-f9837bb2074e;380.63;0.0617;SELL
2016-01-18T00:26:22.870000;2016-01-18T00:26:22.887000;e22ea280-4519-4e17-85b3-8a36332fab74;380.62;0.31;SELL
2016-01-18T00:26:22.870000;2016-01-18T00:26:22.887000;8b4ec4cd-0e81-4c40-9abb-65bda389fc17;380.49;0.4283;SELL
2016-01-18T00:26:53.307000;2016-01-18T00:26:53.310000;9da4e5d1-1422-4a99-8a18-02a41bf2ff5a;380.59;0.01;SELL
2016-01-18T00:26:53.307000;2016-01-18T00:26:53.323000;769b270d-5454-4922-9ea5-9e853061dcf4;380.58;0.01;SELL
2016-01-18T00:26:53.307000;2016-01-18T00:26:53.323000;4322fcc9-fe05-4bf7-8145-0c1b0deb79ac;380.48;0.01;SELL
2016-01-18T00:26:53.307000;2016-01-18T00:26:53.340000;2b7203b2-5968-4d7f-af98-79a8b71160f1;380.47;0.0024;SELL
2016-01-18T00:27:52.990000;2016-01-18T00:27:52.997000;9aa0a37d-d27e-43bd-966e-563bbbc9f28c;380.57;0.01;SELL
2016-01-18T00:27:52.990000;2016-01-18T00:27:53.013000;ed22963d-050f-4ffc-a678-43390f7d65ae;380.56;0.01;SELL
2016-01-18T00:27:52.990000;2016-01-18T00:27:53.027000;1bd57163-b0bb-4775-96bb-759956bbbcff;380.43;0.09;SELL
2016-01-18T00:27:52.993000;2016-01-18T00:27:53.027000;96c2318f-f2a2-4014-8f6f-eee9ffdf6c1b;380.38;0.099;SELL
2016-01-18T00:27:52.993000;2016-01-18T00:27:53.027000;91c3f80a-2c5e-437d-bdd3-ab02d006d1ed;380.33;0.01;SELL
2016-01-18T00:27:52.993000;2016-01-18T00:27:53.043000;256710af-e380-4926-bba7-69ecca44f99f;380.31;0.107;SELL
2016-01-18T00:27:52.993000;2016-01-18T00:27:53.043000;532019cc-3fc9-4409-929d-25602f96623e;380.3;0.121;SELL
2016-01-18T00:27:52.993000;2016-01-18T00:27:53.043000;3c20db42-b9dd-475c-aabf-441422cd1983;380.28;0.115;SELL
2016-01-18T00:27:52.993000;2016-01-18T00:27:53.043000;7a50540a-cb78-44f4-a9fe-d71650480dcb;380.27;0.1;SELL
2016-01-18T00:27:52.993000;2016-01-18T00:27:53.043000;97ac6fe1-9109-407b-bba6-adcdebfed018;380.27;0.112;SELL
2016-01-18T00:27:52.993000;2016-01-18T00:27:53.043000;54f1dbba-3d50-476d-aecf-f591d7a56313;380.21;0.08;SELL
2016-01-18T00:27:52.993000;2016-01-18T00:27:53.043000;30fe8ef0-483d-48cd-96f8-aee91ffe76bf;380.16;0.111;SELL
2016-01-18T00:27:52.993000;2016-01-18T00:27:53.043000;b9c0fcc2-e56c-4f6b-9747-23bbbf5ef2a6;380.13;0.9;SELL
2016-01-18T00:27:52.993000;2016-01-18T00:27:53.043000;af7bfd17-d18a-4177-aa1b-d82705671d5a;380.12;0.01;SELL
2016-01-18T00:27:52.993000;2016-01-18T00:27:53.060000;40d15e2b-475e-4558-b2eb-e291fa59cad8;380.11;0.1;SELL
2016-01-18T00:27:52.993000;2016-01-18T00:27:53.060000;b93723fa-fc40-4fd9-91be-9450ec0fd58d;380.07;1.65;SELL
2016-01-18T00:27:52.993000;2016-01-18T00:27:53.060000;856537d4-3d6f-4166-8597-9d51bc8afeb4;380.06;0.6471;SELL
2016-01-18T00:28:23.010000;2016-01-18T00:28:23.057000;f7e208ee-db5d-4472-8d66-ad06c7217ffe;380.26;0.01;SELL
2016-01-18T00:28:23.010000;2016-01-18T00:28:23.057000;9e779edf-8e3a-4b44-9894-78d96e6a8359;380.26;0.0468;SELL
2016-01-18T00:30:09.323000;2016-01-18T00:30:09.370000;4791bf06-31c4-4206-b76b-0f71b1fc11d8;380.51;0.01;SELL
2016-01-18T00:30:22.683000;2016-01-18T00:30:22.730000;637eede8-e8ed-43d4-bc0a-a671f4ad9d8a;380.53;0.01;BUY
2016-01-18T00:30:22.683000;2016-01-18T00:30:22.747000;7add387a-4319-4b73-ad7f-a11bfff9d2e5;380.53;0.122;BUY
2016-01-18T00:30:22.683000;2016-01-18T00:30:22.747000;0f6b2623-f2ba-4778-8c90-ca55d6a0a334;380.6;0.01;BUY
2016-01-18T00:30:22.687000;2016-01-18T00:30:22.747000;cca399cd-09ce-4bac-973b-b243c4cc1b54;380.62;0.1471;BUY
2016-01-18T00:30:43.597000;2016-01-18T00:30:43.637000;1f18b09e-a6bf-4bf2-aae6-4cc5922edd8b;380.67;0.19906364;BUY
2016-01-18T00:30:52.757000;2016-01-18T00:30:52.807000;eb38bf57-5167-4fb9-a85d-21c2a2b5fe2a;380.74;0.01;BUY
2016-01-18T00:30:52.757000;2016-01-18T00:30:52.807000;42256447-5576-46a4-a6c6-1232be5a639d;380.74;0.116;BUY
2016-01-18T00:30:52.757000;2016-01-18T00:30:52.807000;9498d2f3-7af0-45fa-9c09-e36392ea2214;380.75;0.0068;BUY
2016-01-18T00:31:18.460000;2016-01-18T00:31:18.497000;c4ad6c10-dbfe-4f91-a798-028e8a8d3f17;380.75;0.00271075;BUY
2016-01-18T00:31:20.413000;2016-01-18T00:31:20.463000;534ea7c8-6c57-4d7f-ba3f-2892b1e092b9;380.59;0.15;SELL
2016-01-18T00:31:20.413000;2016-01-18T00:31:20.463000;39f916db-4485-4826-9e7f-14a57229f5ad;380.58;0.85;SELL
2016-01-18T00:31:22.943000;2016-01-18T00:31:22.980000;57af8dda-34d1-4e86-bcd2-9cdbc0c2f719;380.75;0.00048925;BUY
2016-01-18T00:31:22.943000;2016-01-18T00:31:22.997000;970d2bbd-4a28-4b3c-8a35-f779347da4a3;380.75;0.11;BUY
2016-01-18T00:31:22.943000;2016-01-18T00:31:23.010000;0c2dc348-8683-47e9-b26d-3d21c505cb2b;380.75;0.43011075;BUY
2016-01-18T00:31:53.067000;2016-01-18T00:31:53.103000;f22bcbd9-09d5-4844-8398-913043f4edc9;380.81;0.01;BUY
2016-01-18T00:31:53.070000;2016-01-18T00:31:53.120000;60d13cf3-aec3-442e-8d30-e1b45f2ffc11;380.81;0.107;BUY
2016-01-18T00:31:53.070000;2016-01-18T00:31:53.120000;0b938a5a-9c47-40f8-a3a7-4f5030e1b368;380.84;0.01;BUY
2016-01-18T00:31:53.070000;2016-01-18T00:31:53.120000;3aef6430-77ba-44d0-a7b2-7d92a7910611;380.86;0.0392;BUY
2016-01-18T00:32:24.447000;2016-01-18T00:32:24.497000;97bf06f2-e0a6-4d65-a762-18c05c062da7;380.74;0.01;SELL
2016-01-18T00:32:24.447000;2016-01-18T00:32:24.497000;ac69fcd1-c0cf-4ead-8a6b-c968e3b1dd8d;380.73;0.5;SELL
2016-01-18T00:32:24.447000;2016-01-18T00:32:24.497000;b6238645-b248-4f18-a750-65ba0076917d;380.64;0.147;SELL
2016-01-18T00:32:24.447000;2016-01-18T00:32:24.497000;682934ac-023b-4730-a81b-ebaa3cbeee94;380.63;0.204;SELL
2016-01-18T00:32:24.447000;2016-01-18T00:32:24.510000;2e82f4f3-1767-4890-8b5f-fe0bfbe12377;380.55;0.122;SELL
2016-01-18T00:32:24.447000;2016-01-18T00:32:24.510000;764b5e3e-6b2e-4f7b-86ff-826694c50205;380.49;0.01;SELL
2016-01-18T00:32:24.447000;2016-01-18T00:32:24.510000;d7829c00-60e6-44d2-87c9-09336a7d044c;380.41;1.2;SELL
2016-01-18T00:32:24.447000;2016-01-18T00:32:24.510000;f3b5dc84-dca4-47b6-95d5-75e2e18ebb76;380.4;0.0115;SELL
2016-01-18T00:32:24.447000;2016-01-18T00:32:24.527000;51c17e29-6b92-4b42-b22e-648e56e78022;380.37;1.8;SELL
2016-01-18T00:32:24.447000;2016-01-18T00:32:24.527000;4df23f9f-1838-4601-bfc3-51f9fda51c79;380.36;0.332;SELL
2016-01-18T00:32:24.447000;2016-01-18T00:32:24.527000;e099fa18-0eb7-4181-82cc-7b4abcacdeeb;380.32;2.25;SELL
2016-01-18T00:32:24.450000;2016-01-18T00:32:24.527000;97605177-9162-4702-9878-ab1bb2b794ce;380.31;0.317;SELL
2016-01-18T00:32:24.450000;2016-01-18T00:32:24.527000;7fd5d37a-3b2c-4263-9eba-98e4e36cea7e;380.28;2.7;SELL
2016-01-18T00:32:24.450000;2016-01-18T00:32:24.527000;db426810-646a-4e59-927f-13701a5ad782;380.27;0.01;SELL
2016-01-18T00:32:24.450000;2016-01-18T00:32:24.543000;8a32a402-149b-4b4b-8ce0-5a3e70e8f86c;380.27;3.088;SELL
2016-01-18T00:32:24.450000;2016-01-18T00:32:24.543000;913c43f5-d3d3-4eae-ab9c-29f930f1c008;380.26;0.347;SELL
2016-01-18T00:32:24.450000;2016-01-18T00:32:24.543000;de17faeb-f3e5-4ef0-918e-83e05378b4b5;380.21;0.33;SELL
2016-01-18T00:32:24.450000;2016-01-18T00:32:24.543000;095660ef-a2f7-4b7a-a1eb-e1aa52681416;380.17;1.05;SELL
2016-01-18T00:32:24.450000;2016-01-18T00:32:24.543000;4ce385e5-a518-4884-9029-3fb7dd4c7399;380.16;0.343;SELL
2016-01-18T00:32:24.450000;2016-01-18T00:32:24.557000;23b0c75e-0cff-456e-aa97-9a0e4c6fa929;380.12;0.01;SELL
2016-01-18T00:32:24.450000;2016-01-18T00:32:24.557000;e72aeacb-89a2-4491-8078-5fcb480b1b20;380.06;1.95;SELL
2016-01-18T00:32:24.450000;2016-01-18T00:32:24.557000;75ac9fe1-5fff-4100-a9c4-3c105cc87bd9;380.05;3.2685;SELL
2016-01-18T00:32:26.810000;2016-01-18T00:32:26.840000;c453225b-d6d0-4689-b707-f0089a47df2c;380.89;0.01;BUY
2016-01-18T00:32:26.810000;2016-01-18T00:32:26.840000;5ffb9361-cce7-4a3a-b1e7-556aa17cb228;380.9;0.01;BUY
2016-01-18T00:32:26.810000;2016-01-18T00:32:26.870000;6576e3e0-13c7-488e-8434-f297aa4424dd;380.92;0.00618828;BUY
2016-01-18T00:32:53.810000;2016-01-18T00:32:53.840000;79ad94be-48b2-40dc-972b-8243cf9633c7;380.75;0.1;BUY
2016-01-18T00:32:53.810000;2016-01-18T00:32:53.840000;62188b67-bfc1-4666-a270-300a5f767a01;380.75;0.35;BUY
2016-01-18T00:32:53.810000;2016-01-18T00:32:53.870000;e7c3f5a8-1267-4aea-b1cd-5b6115de28d3;380.77;0.117;BUY
2016-01-18T00:32:53.810000;2016-01-18T00:32:53.870000;8a25cf0f-26b2-47e9-8091-6f55d139ec10;380.8;0.1;BUY
2016-01-18T00:32:53.810000;2016-01-18T00:32:53.870000;b417c3f5-9465-4128-a4b8-b185fe4720a3;380.84;0.0518;BUY
2016-01-18T00:32:53.810000;2016-01-18T00:32:53.870000;64874eca-673b-43f2-81fd-924551c054ee;380.92;0.00381172;BUY
2016-01-18T00:32:53.810000;2016-01-18T00:32:53.870000;6ebdc61d-55b2-4f3e-a828-a8818c56100e;380.96;0.01;BUY
2016-01-18T00:32:53.810000;2016-01-18T00:32:53.870000;93412fe1-08e8-417a-a86d-3433d35dcfd5;380.97;0.01;BUY
2016-01-18T00:32:53.810000;2016-01-18T00:32:53.870000;f02b9918-3a61-4653-b5c7-a4cd3809c7fa;381.11;0.129;BUY
2016-01-18T00:32:53.810000;2016-01-18T00:32:53.870000;6f330545-662b-49b7-925f-09bdfa760c61;381.14;0.01;BUY
2016-01-18T00:32:53.810000;2016-01-18T00:32:53.870000;9e0db182-889c-489a-b32d-523b5f0dc697;381.16;0.01;BUY
2016-01-18T00:32:53.810000;2016-01-18T00:32:53.870000;4a952558-359c-441f-80c9-55217bceeb0c;381.16;0.165;BUY
2016-01-18T00:32:53.810000;2016-01-18T00:32:53.900000;8423aa61-f756-4ee9-9609-5e1c7730e726;381.21;0.153;BUY
2016-01-18T00:32:53.810000;2016-01-18T00:32:53.900000;5ef92975-db3e-4954-a849-1026eb3689bc;381.25;1.34218828;BUY
2016-01-18T00:33:22.893000;2016-01-18T00:33:22.917000;47051889-844a-4711-b678-02db0478e91e;381.05;0.0121;BUY
2016-01-18T00:34:23.110000;2016-01-18T00:34:23.150000;e03cfd57-94eb-4d0b-914e-7aa4b39aa567;381.06;0.1;BUY
2016-01-18T00:34:23.110000;2016-01-18T00:34:23.150000;5dd4b0f3-d7cc-4591-ac8e-229b35576d77;381.06;0.139;BUY
2016-01-18T00:34:23.110000;2016-01-18T00:34:23.150000;4b0bac90-b27f-4317-93fd-9ba42dd083ad;381.06;0.29708925;BUY
2016-01-18T00:34:23.110000;2016-01-18T00:34:23.167000;14f8968f-6fb6-4a97-8459-329727edf792;381.1;0.1;BUY
2016-01-18T00:34:23.110000;2016-01-18T00:34:23.183000;2b33b329-22ba-49ce-afb7-8fc9fe2d19be;381.11;0.173;BUY
2016-01-18T00:34:23.110000;2016-01-18T00:34:23.183000;629db383-3310-4dfa-8d0c-98df60cc2156;381.16;0.139;BUY
2016-01-18T00:34:23.110000;2016-01-18T00:34:23.183000;61993eb1-b870-4355-af30-4b077ffc7464;381.21;0.13881075;BUY
2016-01-18T00:34:53.103000;2016-01-18T00:34:53.150000;558a14ab-dfea-4116-862a-074bebf129a0;381.26;0.2;BUY
2016-01-18T00:34:53.103000;2016-01-18T00:34:53.150000;c6c913f4-feef-4dbc-84fa-ac7df0c55301;381.31;0.194;BUY
2016-01-18T00:34:53.103000;2016-01-18T00:34:53.150000;49e2cb13-35ca-4591-958e-1cb66a80dbe8;381.35;0.01;BUY
2016-01-18T00:34:53.103000;2016-01-18T00:34:53.150000;ced7c194-4b9b-4186-aee6-87b5a7ed8422;381.36;0.1162;BUY
2016-01-18T00:35:23.247000;2016-01-18T00:35:23.277000;c2b2b036-6e8a-4068-b790-6aa85535c84a;381.36;0.09;BUY
2016-01-18T00:35:23.247000;2016-01-18T00:35:23.293000;0f9812b3-c8ce-4d58-923e-9ccadbdab727;381.36;0.2;BUY
2016-01-18T00:35:23.247000;2016-01-18T00:35:23.293000;c18e772f-5654-4cde-9eee-66251e4ea8ec;381.39;0.01;BUY
2016-01-18T00:35:23.247000;2016-01-18T00:35:23.293000;50744a84-2105-49ff-a376-c32bcf388fa1;381.4;0.01;BUY
2016-01-18T00:35:23.247000;2016-01-18T00:35:23.293000;a697eeea-1716-4cbc-994d-ca486ce8d146;381.41;0.076;BUY
2016-01-18T00:35:23.247000;2016-01-18T00:35:23.307000;10ab2bc1-df3a-489f-a569-d0b53791b703;381.42;0.01;BUY
2016-01-18T00:35:23.247000;2016-01-18T00:35:23.307000;c38025f1-8ffe-4ca4-ab3b-318c10d56648;381.43;0.01;BUY
2016-01-18T00:35:23.247000;2016-01-18T00:35:23.323000;44fa42ef-3aa2-49bd-8bdc-e7e86000819b;381.44;0.01;BUY
2016-01-18T00:35:23.247000;2016-01-18T00:35:23.323000;8a830f6b-097f-4200-995f-e612de09ee8e;381.46;0.084;BUY
2016-01-18T00:35:23.250000;2016-01-18T00:35:23.323000;0245ef31-e212-4330-b425-f63f917ca06e;381.47;0.01;BUY
2016-01-18T00:35:23.250000;2016-01-18T00:35:23.323000;52901c30-1053-4b26-b67f-9939fca07afb;381.5;0.1404;BUY
2016-01-18T00:35:52.893000;2016-01-18T00:35:52.917000;e5cb77c8-f2fa-4f0c-a4f7-b6284f7a8bac;381.0;0.0115;SELL
2016-01-18T00:35:52.893000;2016-01-18T00:35:52.933000;cd31ab56-0708-4211-88fb-04e28e722c7b;381.0;0.4171;SELL
2016-01-18T00:36:22.747000;2016-01-18T00:36:22.793000;7bd72b96-b99f-42c9-a6bf-49cdd6327b78;381.2;0.325;BUY
2016-01-18T00:36:52.817000;2016-01-18T00:36:52.840000;f04a480e-81a4-4ba1-a96f-eb89609aa40c;381.0;0.2;BUY
2016-01-18T00:36:52.817000;2016-01-18T00:36:52.853000;94c5a2d5-d4b4-4af6-b058-33dd6e1818f3;381.0;0.181;BUY
2016-01-18T00:36:52.817000;2016-01-18T00:36:52.870000;21e7e14e-78f7-45fd-b768-08dc521174e7;381.16;0.713;BUY
2016-01-18T00:36:52.817000;2016-01-18T00:36:52.870000;8fb57fe5-df43-424f-b3b4-f2dcec27b854;381.18;0.701;BUY
2016-01-18T00:36:52.817000;2016-01-18T00:36:52.887000;5aec4b87-2dc7-47d6-9c38-f052a6af1bae;381.22;0.81;BUY
2016-01-18T00:36:52.817000;2016-01-18T00:36:52.887000;f807ceb5-728a-4e83-b426-4c0e9de07532;381.24;0.776;BUY
2016-01-18T00:36:52.817000;2016-01-18T00:36:52.887000;cb6baaf6-a47d-4410-9b87-8f9b6e9d6816;381.26;0.787;BUY
2016-01-18T00:36:52.817000;2016-01-18T00:36:52.887000;be46500e-1271-4c0c-9a41-496536d83bf3;381.28;0.803;BUY
2016-01-18T00:36:52.817000;2016-01-18T00:36:52.887000;84281fbd-9117-4761-a8b4-3c3968d0006e;381.3;0.693;BUY
2016-01-18T00:36:52.820000;2016-01-18T00:36:52.887000;9e0d4f99-7f0d-4053-8f22-7a3408e28111;381.32;0.536;BUY
2016-01-18T00:36:52.820000;2016-01-18T00:36:52.887000;4d4d3adb-1fe5-46e5-9833-713ee04a3273;381.36;0.731;BUY
2016-01-18T00:36:52.820000;2016-01-18T00:36:52.933000;d8f9597c-9fd4-411c-8934-a53c13bb4291;381.38;1.05;BUY
2016-01-18T00:36:52.820000;2016-01-18T00:36:52.950000;501bd554-9cbd-4804-a134-1bb589790d78;381.39;0.803;BUY
2016-01-18T00:36:52.820000;2016-01-18T00:36:52.950000;d00668f1-bf1b-4372-88c7-148a56323828;381.39;1.2;BUY
2016-01-18T00:36:52.820000;2016-01-18T00:36:52.950000;310cf6c9-91ac-405e-a6bf-74148544e5f3;381.4;5.6693;BUY
2016-01-18T00:37:24.447000;2016-01-18T00:37:24.463000;91f0841d-ecbc-40ad-93c2-e4826027d305;381.4;0.1083;BUY
2016-01-18T00:37:53.583000;2016-01-18T00:37:53.603000;144be2ff-7101-49ee-9419-3d276de0f729;381.19;0.1045;SELL
2016-01-18T00:38:25.887000;2016-01-18T00:38:25.900000;72742887-1ad9-4532-bba1-3a4b7e3489ce;381.38;0.0913;BUY
2016-01-18T00:38:53.347000;2016-01-18T00:38:53.353000;3070ce81-7cdf-4bfc-8bb5-f634e9d11058;381.11;1.07;SELL
2016-01-18T00:38:53.347000;2016-01-18T00:38:53.370000;94a1f7b9-a31e-4302-877a-99f59f9c325f;381.11;0.0011;SELL
2016-01-18T00:39:22.840000;2016-01-18T00:39:22.853000;90c8c8e9-7cda-4bea-be15-cbd011f29cc9;381.02;0.01;SELL
2016-01-18T00:39:22.840000;2016-01-18T00:39:22.870000;1ffb4775-6810-41cf-9294-dce6f8aa10bf;381.01;0.098;SELL
2016-01-18T00:39:22.843000;2016-01-18T00:39:22.887000;875e9c1d-5e0b-4cc9-8dac-b49dd1672cfa;380.94;0.095;SELL
2016-01-18T00:39:22.843000;2016-01-18T00:39:22.887000;3ced11be-9adc-491a-ac75-241db9b4b738;380.93;0.01;SELL
2016-01-18T00:39:22.843000;2016-01-18T00:39:22.887000;e9a090ea-bb91-4b57-9590-451b93ed3181;380.93;0.0517;SELL
2016-01-18T00:39:22.843000;2016-01-18T00:39:22.887000;1cbf7b4b-7e0d-4af6-8d52-a0e7507b6ebb;380.84;0.106;SELL
2016-01-18T00:39:22.843000;2016-01-18T00:39:22.887000;8a88fbe5-1508-4f06-b68c-455e21a3c7ea;380.79;0.079;SELL
2016-01-18T00:39:22.843000;2016-01-18T00:39:22.887000;670ed35e-30e8-4796-ab16-9814c8cb2357;380.74;0.01;SELL
2016-01-18T00:39:22.843000;2016-01-18T00:39:22.887000;104f89e1-4768-4da0-9b5a-edd402ba01d3;380.74;0.124;SELL
2016-01-18T00:39:22.843000;2016-01-18T00:39:22.887000;84907ed3-a0c3-455a-83c5-ea470694baa6;380.7;0.1;SELL
2016-01-18T00:39:22.843000;2016-01-18T00:39:22.887000;9a3c5058-a270-40ee-995d-bd87773b323b;380.69;0.117;SELL
2016-01-18T00:39:22.843000;2016-01-18T00:39:22.887000;8f7bf867-4e64-4151-bd84-133221d3c753;380.64;0.08;SELL
2016-01-18T00:39:22.843000;2016-01-18T00:39:22.900000;d43cebda-496d-461e-8055-470051b4a0da;380.59;0.0246;SELL
2016-01-18T00:39:53.007000;2016-01-18T00:39:53.010000;46f6f3c2-1d5c-4373-8c8d-3a3e3db509f0;381.01;1.5;BUY
2016-01-18T00:39:53.007000;2016-01-18T00:39:53.027000;ab9d4687-d8ee-4e19-a6f8-196fdb9d6e13;381.02;0.441;BUY
2016-01-18T00:39:53.007000;2016-01-18T00:39:53.043000;7516fb62-50c4-4a62-a2ab-d25b9c678f32;381.02;0.0075;BUY
2016-01-18T00:40:23.403000;2016-01-18T00:40:23.417000;d5e139d4-de84-422a-b9db-55fd23db417c;380.88;0.0349;BUY
2016-01-18T00:40:53.057000;2016-01-18T00:40:53.073000;30f36ab9-a5a1-4d7d-b02e-77b4fde6b52f;380.74;0.01;SELL
2016-01-18T00:40:53.057000;2016-01-18T00:40:53.073000;d08dce1b-5c51-4785-ae2c-21b6904898ac;380.65;0.2906;SELL
2016-01-18T00:41:24.763000;2016-01-18T00:41:24.777000;da54b5a8-1884-4352-9eab-d8747150d617;380.78;0.01;SELL
2016-01-18T00:41:24.763000;2016-01-18T00:41:24.777000;65b386a8-a6a8-45db-a930-23dab6d924e7;380.77;0.01;SELL
2016-01-18T00:41:24.763000;2016-01-18T00:41:24.777000;ec19b4a1-8afc-4d30-aa30-01bfe255e7ec;380.68;0.0499;SELL
2016-01-18T00:42:53.303000;2016-01-18T00:42:53.307000;ff0d0258-76e6-485f-a95d-4da1c84b4f95;380.83;0.15;BUY
2016-01-18T00:42:53.303000;2016-01-18T00:42:53.323000;2c49d64e-d394-426b-af78-551ddb90ec58;380.84;0.35;BUY
2016-01-18T00:42:53.303000;2016-01-18T00:42:53.340000;b08a75ad-1751-44ed-9049-1045d1545fab;380.91;0.6567;BUY
2016-01-18T00:43:22.900000;2016-01-18T00:43:22.903000;fac302c5-e9f1-4ec1-a61f-9fe2293f1ee1;380.59;0.0495;SELL
2016-01-18T00:44:23.193000;2016-01-18T00:44:23.253000;b54108d6-3f39-446d-9b60-71778f7334c5;380.94;0.128;BUY
2016-01-18T00:44:53.187000;2016-01-18T00:44:53.237000;5e5d48b3-caac-49eb-a0ec-2945719827d0;380.94;0.6;BUY
2016-01-18T00:44:53.187000;2016-01-18T00:44:53.253000;7e90eee4-7d07-4616-8e64-f4bdb7ff505a;380.95;0.01;BUY
2016-01-18T00:44:53.187000;2016-01-18T00:44:53.267000;41467f5b-225f-4222-8c20-519783b6f044;380.95;0.9;BUY
2016-01-18T00:44:53.187000;2016-01-18T00:44:53.283000;e95d84c2-ef67-4e4a-b383-92851616030f;380.96;0.01;BUY
2016-01-18T00:44:53.187000;2016-01-18T00:44:53.283000;6c25b8c3-b6f8-4413-8831-4f2013303c30;380.97;0.5855;BUY
2016-01-18T00:45:24.167000;2016-01-18T00:45:24.220000;63c9755c-ed79-49c0-99ab-a035493dd128;381.0;0.01;BUY
2016-01-18T00:45:24.167000;2016-01-18T00:45:24.237000;912e9ec3-a3ff-49eb-9b85-cab00d99ba07;381.06;0.15;BUY
2016-01-18T00:45:24.167000;2016-01-18T00:45:24.237000;d0d3cb84-f63e-46d1-8639-f2eb931199d3;381.07;0.0517;BUY
2016-01-18T00:45:24.167000;2016-01-18T00:45:24.267000;7d2d5c16-3a6e-46d7-8fc5-8d821589ed82;381.21;1.5;BUY
2016-01-18T00:45:24.170000;2016-01-18T00:45:24.267000;0c72fdb7-ae00-40f1-ba0b-cfbe92af74d1;381.22;0.01;BUY
2016-01-18T00:45:24.170000;2016-01-18T00:45:24.267000;24769f07-000e-44fe-bf8c-35e95367fe2a;381.25;1.95;BUY
2016-01-18T00:45:24.170000;2016-01-18T00:45:24.267000;49e98a4a-7cef-4a77-9a84-00018ab11c8d;381.26;0.01;BUY
2016-01-18T00:45:24.170000;2016-01-18T00:45:24.267000;8bc770e8-a299-4eb5-9197-e0e6f1526231;381.26;0.01;BUY
2016-01-18T00:45:24.170000;2016-01-18T00:45:24.267000;0ddcbc45-e1dc-4d96-9003-738867239ff7;381.26;0.6479;BUY
2016-01-18T00:45:53.097000;2016-01-18T00:45:53.143000;9b768cb4-b356-4c12-9362-4bd15094281e;381.24;0.0305;BUY
2016-01-18T00:46:24.777000;2016-01-18T00:46:24.863000;9538818e-5783-419c-979b-fe5741d19c20;381.01;0.45;SELL
2016-01-18T00:46:24.777000;2016-01-18T00:46:24.863000;a268408f-5387-441d-8e2e-5783a97a6cd8;381.01;0.091;SELL
2016-01-18T00:46:24.777000;2016-01-18T00:46:24.863000;21700df3-2bcf-4ea1-9f50-543b6c255f6e;380.95;0.01;SELL
2016-01-18T00:46:24.777000;2016-01-18T00:46:24.863000;bd723baa-297e-4f36-b77e-d6b2e3cb2f48;380.91;0.05;SELL
2016-01-18T00:46:24.777000;2016-01-18T00:46:24.863000;59f7129b-ee5b-477d-9755-2430119d9f23;380.91;0.164;SELL
2016-01-18T00:46:24.777000;2016-01-18T00:46:24.877000;07d23dbe-5a18-40a3-adcf-46f1abbf2343;380.9;0.0517;SELL
2016-01-18T00:46:24.777000;2016-01-18T00:46:24.877000;cf7e5312-4497-440f-a9c1-a8d86c4048dd;380.86;0.17;SELL
2016-01-18T00:46:24.777000;2016-01-18T00:46:24.877000;2ba82ddc-4a8a-4743-8bfa-d61d0e07e9d5;380.77;0.26;SELL
2016-01-18T00:46:24.777000;2016-01-18T00:46:24.877000;eecb6d7d-038f-404e-9461-2f44e3d727ef;380.71;0.148;SELL
2016-01-18T00:46:24.780000;2016-01-18T00:46:24.877000;53c20dc6-1c34-44be-a858-5863e15bb5b7;380.71;0.01;SELL
2016-01-18T00:46:24.780000;2016-01-18T00:46:24.910000;ef0d8da2-611d-4748-a649-b0090ff65db7;380.68;0.124;SELL
2016-01-18T00:46:24.780000;2016-01-18T00:46:24.910000;40eee9bd-4ef6-4632-bab7-bd33d3599378;380.67;0.112;SELL
2016-01-18T00:46:24.780000;2016-01-18T00:46:24.910000;2ab203bc-6f14-4133-8f41-85cc77ebaff4;380.62;0.15;SELL
2016-01-18T00:46:24.780000;2016-01-18T00:46:24.910000;abe1d7eb-61da-470d-90bf-00c7d253af57;380.59;0.0259;SELL
2016-01-18T00:46:24.780000;2016-01-18T00:46:24.910000;8077bffd-cbae-46e5-a3c5-c92d0e9265b3;380.57;0.139;SELL
2016-01-18T00:46:24.780000;2016-01-18T00:46:24.910000;0d4f1a6c-1d7b-45ed-9f51-6da5febc76b2;380.52;0.01;SELL
2016-01-18T00:46:24.780000;2016-01-18T00:46:24.910000;c560c4be-4a7c-4094-831f-6090718cae80;380.52;0.125;SELL
2016-01-18T00:46:24.780000;2016-01-18T00:46:24.910000;a938ae48-2fa5-4a85-9d8f-500671b6f0c1;380.44;0.1;SELL
2016-01-18T00:46:24.780000;2016-01-18T00:46:24.910000;b94c98d7-9362-44f5-bb52-d637199fb0b3;380.44;0.114;SELL
2016-01-18T00:46:24.780000;2016-01-18T00:46:24.923000;372e5dfe-6366-4250-80ac-9afad861d877;380.42;0.1;SELL
2016-01-18T00:46:24.780000;2016-01-18T00:46:24.923000;49134f5d-0898-4769-b5cc-b7a40dcfa0e0;380.34;0.108;SELL
2016-01-18T00:46:24.780000;2016-01-18T00:46:24.923000;9e8f29f8-bbd0-40cf-bd65-6c1d440c86fd;380.29;0.112;SELL
2016-01-18T00:46:24.780000;2016-01-18T00:46:24.923000;ebbb5b3a-9f6e-4202-a907-32e3e7cd0c68;380.27;0.01;SELL
2016-01-18T00:46:24.780000;2016-01-18T00:46:24.923000;cbd98b4c-0786-4dd0-8d8b-c42e6ba1a800;380.24;0.112;SELL
2016-01-18T00:46:24.780000;2016-01-18T00:46:24.923000;15ebb80f-be3c-4b10-a8bb-36c9e67f3a34;380.19;0.082;SELL
2016-01-18T00:46:24.780000;2016-01-18T00:46:24.923000;bef9fd37-1d21-4b60-8bf5-0b7db2ff8d0d;380.14;0.096;SELL
2016-01-18T00:46:24.780000;2016-01-18T00:46:24.923000;93fb602f-afa9-4443-9f42-d335b32e3324;380.1;0.01;SELL
2016-01-18T00:46:24.783000;2016-01-18T00:46:25.003000;3d10e16f-6669-4d65-97d2-87411fdcd4b6;380.09;0.11;SELL
2016-01-18T00:46:24.783000;2016-01-18T00:46:25.003000;393eca4f-17dc-412a-a9a9-0e8eb3475441;380.04;0.129;SELL
2016-01-18T00:46:24.783000;2016-01-18T00:46:25.003000;b02a991a-4ff5-493e-b37f-dc1006a6db67;380.0;0.01;SELL
2016-01-18T00:46:24.783000;2016-01-18T00:46:25.003000;475061ed-4c0b-4738-babf-80698a25d1a2;380.0;0.0115;SELL
2016-01-18T00:46:24.783000;2016-01-18T00:46:25.003000;9db31b33-f66d-4a9b-89c3-62cad20dfb4c;379.89;0.01;SELL
2016-01-18T00:46:24.783000;2016-01-18T00:46:25.003000;a761fe9a-6740-4ccd-a546-e8c3311ff316;379.8;0.01;SELL
2016-01-18T00:46:24.783000;2016-01-18T00:46:25.003000;8df39501-e9e5-4b55-85a1-5cf84c51cbda;379.71;0.01;SELL
2016-01-18T00:46:24.783000;2016-01-18T00:46:25.003000;e8f93c14-ea84-4f04-b055-542f5b069d7f;379.61;3.75;SELL
2016-01-18T00:46:24.783000;2016-01-18T00:46:25.003000;954b5323-81dc-411a-88d1-8821e67b9002;379.6;0.01;SELL
2016-01-18T00:46:24.783000;2016-01-18T00:46:25.003000;7aee3594-b3f3-4a65-8790-e012f38af960;379.52;4.5;SELL
2016-01-18T00:46:24.783000;2016-01-18T00:46:25.003000;a816a92e-b37f-47db-995c-cfc62d159fa2;379.51;0.01;SELL
2016-01-18T00:46:24.783000;2016-01-18T00:46:25.003000;d8f57833-b213-4d25-ba36-7f826a730b10;379.4;0.01;SELL
2016-01-18T00:46:24.783000;2016-01-18T00:46:25.003000;3319e15c-2670-40d6-b249-3c22204e9720;379.33;0.01;SELL
2016-01-18T00:46:24.783000;2016-01-18T00:46:25.003000;048765a6-221d-4409-a121-866b927ab6d4;379.2;0.01;SELL
2016-01-18T00:46:24.783000;2016-01-18T00:46:25.003000;302fb893-ac00-4279-9d7c-a493e659d229;379.1;0.1409;SELL
2016-01-18T00:46:24.783000;2016-01-18T00:46:25.003000;e24859e1-264f-44fe-a1b2-8f36d3b222f7;379.09;0.01;SELL
2016-01-18T00:46:24.783000;2016-01-18T00:46:25.003000;2afc0201-39b8-4407-bdc3-2e07a8822dd6;379.02;0.0531;SELL
2016-01-18T00:46:24.783000;2016-01-18T00:46:25.003000;6999773a-0278-443b-9f07-320c8b4e6bbe;379.01;6.9;SELL
2016-01-18T00:46:24.787000;2016-01-18T00:46:25.003000;58539609-fc85-4894-b743-c2a2faf78c9d;379.0;0.0198;SELL
2016-01-18T00:46:24.847000;2016-01-18T00:46:25.017000;15a26b8b-28ee-4c6e-b6c3-cc5923fa428a;379.03;0.3;SELL
2016-01-18T00:46:24.847000;2016-01-18T00:46:25.017000;0bc96ab6-151e-490b-923e-2d1ad4788248;379.0;1.7409706;SELL
2016-01-18T00:46:58.707000;2016-01-18T00:46:58.753000;1559df31-c618-4660-a50a-20523394bb27;381.13;0.4302;BUY
2016-01-18T00:47:02.023000;2016-01-18T00:47:02.063000;5dc59c68-833b-4d55-be78-d1f049cdb60b;381.16;0.01;BUY
2016-01-18T00:47:53.360000;2016-01-18T00:47:53.410000;59dc36d6-59c5-4a5e-84eb-325827aa8a43;380.95;0.01;SELL
2016-01-18T00:47:53.360000;2016-01-18T00:47:53.423000;cf757dc2-6c55-495e-9e11-7c6521f7713b;380.94;0.137;SELL
2016-01-18T00:47:53.360000;2016-01-18T00:47:53.440000;08daad2a-0368-4057-82a8-0fd3755fbdba;380.94;0.0082;SELL
2016-01-18T00:48:23.303000;2016-01-18T00:48:23.347000;1a7d0bc3-bcbd-437e-b554-c28b174e10f3;380.94;0.4818;SELL
2016-01-18T00:48:23.303000;2016-01-18T00:48:23.363000;a5b556f9-e923-4436-ad2a-6c55873e016e;380.94;0.132;SELL
2016-01-18T00:48:23.303000;2016-01-18T00:48:23.377000;9f0c760f-4e2f-467a-ba2a-f66a3246bcfa;380.89;0.112;SELL
2016-01-18T00:48:23.303000;2016-01-18T00:48:23.393000;787a8e32-2cc9-427e-a79c-6fe1b5980d1a;380.84;0.117;SELL
2016-01-18T00:48:23.303000;2016-01-18T00:48:23.393000;8489cf57-d8ff-45f0-a97b-fbbba1262967;380.82;0.0487;SELL
2016-01-18T00:48:23.303000;2016-01-18T00:48:23.393000;bf105ab7-2dae-4c76-ac89-39a97b863645;380.79;0.113;SELL
2016-01-18T00:48:23.303000;2016-01-18T00:48:23.393000;8616fa74-f4dd-4115-babb-075f446bfa44;380.74;0.01;SELL
2016-01-18T00:48:23.303000;2016-01-18T00:48:23.393000;0f3cd068-b3e1-4ea4-960f-182224f41ad9;380.74;0.117;SELL
2016-01-18T00:48:23.303000;2016-01-18T00:48:23.393000;9eb2aca4-3d15-4322-817d-f8674247ec14;380.69;0.117;SELL
2016-01-18T00:48:23.303000;2016-01-18T00:48:23.410000;28d942d1-3af1-433a-897a-887afa7c7fe9;380.64;0.109;SELL
2016-01-18T00:48:23.307000;2016-01-18T00:48:23.410000;d52d3280-f719-4ed0-bd29-4f0fe7310eab;380.59;0.127;SELL
2016-01-18T00:48:23.307000;2016-01-18T00:48:23.410000;8265476b-a621-4d50-91a4-f55a3273f266;380.54;0.113;SELL
2016-01-18T00:48:23.307000;2016-01-18T00:48:23.410000;51d11208-3b01-494b-8f12-a07ca2883294;380.49;0.01;SELL
2016-01-18T00:48:23.307000;2016-01-18T00:48:23.410000;715ab8b4-6641-4d2e-ab57-6aae3abb12cc;380.28;0.01;SELL
2016-01-18T00:48:23.307000;2016-01-18T00:48:23.423000;3e1f4373-ffec-48c6-9fb7-b3ce06c5f534;380.11;0.01;SELL
2016-01-18T00:48:23.307000;2016-01-18T00:48:23.423000;17029c58-5da8-4e4b-b884-b5b389ad60fb;379.89;0.3813;SELL
2016-01-18T00:48:53.513000;2016-01-18T00:48:53.563000;fe8ce1eb-82ac-4858-ba4c-da68f54c3a0d;380.83;0.05;BUY
2016-01-18T00:48:53.513000;2016-01-18T00:48:53.563000;2f4ce59d-068a-4329-bde6-47944143c44c;380.84;0.05;BUY
2016-01-18T00:48:53.513000;2016-01-18T00:48:53.580000;9014ca3a-4f39-4a3a-9e13-9d0081e810c9;380.85;0.0518;BUY
2016-01-18T00:48:53.517000;2016-01-18T00:48:53.597000;21090888-35f8-469a-9adb-46464111e2e5;380.87;0.43;BUY
2016-01-18T00:48:53.517000;2016-01-18T00:48:53.597000;74067f00-be33-4fa5-9a13-e514b987c860;380.97;0.05;BUY
2016-01-18T00:48:53.517000;2016-01-18T00:48:53.597000;7608c934-7214-45aa-897d-1545f3d8895b;381.01;0.05;BUY
2016-01-18T00:48:53.517000;2016-01-18T00:48:53.597000;e715cf6e-0278-4a6d-9ee1-3e698925f55d;381.13;0.01;BUY
2016-01-18T00:48:53.517000;2016-01-18T00:48:53.597000;71df1f72-50cb-4d5d-ba7c-2d0026e5f9fd;381.14;0.01;BUY
2016-01-18T00:48:53.517000;2016-01-18T00:48:53.597000;68a19c82-b6b6-49ee-93ea-f5654adf2ce5;381.14;0.15;BUY
2016-01-18T00:48:53.517000;2016-01-18T00:48:53.643000;5d8bd154-81f4-4bc7-a35b-665d42c77261;381.15;0.01;BUY
2016-01-18T00:48:53.517000;2016-01-18T00:48:53.660000;fcdb5d95-85a8-4abd-aeae-e79c044f660f;381.15;0.15;BUY
2016-01-18T00:48:53.517000;2016-01-18T00:48:53.660000;47f4e5a0-9a03-4fc3-bc7b-dcfddfa91141;381.16;0.01;BUY
2016-01-18T00:48:53.517000;2016-01-18T00:48:53.660000;ae48cb32-8b39-4834-a197-0974c27ed3ab;381.16;0.0531;BUY
2016-01-18T00:48:53.517000;2016-01-18T00:48:53.660000;7caa80a4-cbbb-44cf-8b50-31878ac23432;381.16;10.9584;BUY
2016-01-18T00:49:23.373000;2016-01-18T00:49:23.423000;bb650dea-ae65-4d4b-8fdf-924f8c5487ca;381.06;0.05;BUY
2016-01-18T00:49:23.373000;2016-01-18T00:49:23.440000;9be3c125-0a34-48a2-94ea-d886975286d8;381.06;0.05;BUY
2016-01-18T00:49:23.373000;2016-01-18T00:49:23.440000;4360d6d8-0dea-45e7-8cd1-1aafe81bb276;381.17;0.01;BUY
2016-01-18T00:49:23.377000;2016-01-18T00:49:23.440000;7cab11c2-917b-4905-98f7-a29a060b6df5;381.18;0.01;BUY
2016-01-18T00:49:23.377000;2016-01-18T00:49:23.457000;c54d5588-be79-46e0-9213-6c8be5ee7eb0;381.19;0.01;BUY
2016-01-18T00:49:23.377000;2016-01-18T00:49:23.457000;a79423ae-c074-4d1d-87dc-1805ac4c950d;381.19;0.01;BUY
2016-01-18T00:49:23.377000;2016-01-18T00:49:23.457000;7933377e-aa57-41a4-8839-c37793fa4aa1;381.2;0.01;BUY
2016-01-18T00:49:23.377000;2016-01-18T00:49:23.457000;fb0082d7-860e-4d01-a4cc-5eca53589754;381.21;0.01;BUY
2016-01-18T00:49:23.377000;2016-01-18T00:49:23.457000;42ea93d2-fa08-44a2-a7c5-c38084c74666;381.22;0.01;BUY
2016-01-18T00:49:23.377000;2016-01-18T00:49:23.457000;768ba535-3e31-4149-bedb-8043b44d689e;381.22;0.01;BUY
2016-01-18T00:49:23.377000;2016-01-18T00:49:23.457000;adffb279-bb77-49a1-917f-7107b5adc001;381.23;0.01;BUY
2016-01-18T00:49:23.377000;2016-01-18T00:49:23.457000;f509f6db-2096-4420-937c-35133b973e7b;381.24;0.0195;BUY
2016-01-18T00:49:23.377000;2016-01-18T00:49:23.457000;573c40a9-c546-49d8-a67a-a354b2c894c5;381.39;0.3114;BUY
2016-01-18T00:49:58.417000;2016-01-18T00:49:58.457000;a2bd5cb0-fe08-4d54-a54d-705d2b6f3768;381.39;0.3;BUY
2016-01-18T00:49:58.417000;2016-01-18T00:49:58.470000;2767a8a9-3c84-4d22-be61-454ea615a8e2;381.4;0.3174;BUY
2016-01-18T00:50:23.737000;2016-01-18T00:50:23.783000;c70fa338-c515-43ab-bb49-3302600f44f5;381.39;0.3;BUY
2016-01-18T00:50:23.737000;2016-01-18T00:50:23.800000;74a038c3-337b-40ec-b222-888710cff3b7;381.4;1.0103;BUY
2016-01-18T00:50:27.817000;2016-01-18T00:50:27.863000;41f73499-c40c-41ec-aaba-4bb5028edbed;381.03;0.01;SELL
2016-01-18T00:50:28.063000;2016-01-18T00:50:28.113000;286eaf9d-0da0-427c-b047-3edeb6e1daa4;381.03;0.01;SELL
2016-01-18T00:50:28.273000;2016-01-18T00:50:28.313000;b7074944-2470-4162-9693-bef64e6eb8ab;381.03;0.01;SELL
2016-01-18T00:50:28.457000;2016-01-18T00:50:28.503000;bc826676-7b11-4c14-b823-c4ef49871d5e;381.03;0.01;SELL
2016-01-18T00:50:28.667000;2016-01-18T00:50:28.737000;fe5fd5ae-b226-4db4-b4ef-ca6f506fcfce;381.03;0.01;SELL
2016-01-18T00:51:23.150000;2016-01-18T00:51:23.190000;7d65c04c-7eb6-45da-bbfb-3fa9c670853f;381.39;0.0352;BUY
2016-01-18T00:51:45.143000;2016-01-18T00:51:45.190000;939ff9ee-1e42-49bf-b977-13283a6002b0;381.06;0.02;SELL
2016-01-18T00:51:53.037000;2016-01-18T00:51:53.080000;a244b92b-c6d9-4ddb-aa1d-af0b16278b1c;381.38;0.01;BUY
2016-01-18T00:51:53.037000;2016-01-18T00:51:53.097000;a30f62e6-2003-4388-90cd-bb9fa9736447;381.4;0.6153;BUY
2016-01-18T00:51:53.037000;2016-01-18T00:51:53.097000;4c57aec5-453a-452b-8078-e43f4179e116;381.4;0.01;BUY
2016-01-18T00:51:53.037000;2016-01-18T00:51:53.097000;9907f1e8-7819-467c-9fd5-a328a2249993;381.41;0.01;BUY
2016-01-18T00:51:53.037000;2016-01-18T00:51:53.097000;c13f13bb-bcc5-44c4-8224-6bcc3288087f;381.41;0.01;BUY
2016-01-18T00:51:53.037000;2016-01-18T00:51:53.097000;f9b8e06a-9050-420b-acd9-99dccd58a8a3;381.43;0.01;BUY
2016-01-18T00:51:53.037000;2016-01-18T00:51:53.113000;ec3fd796-2d0a-4aea-9e65-fe269a4d81e8;381.43;0.01;BUY
2016-01-18T00:51:53.037000;2016-01-18T00:51:53.113000;2dcf3fba-4c53-400e-9d4b-6f8bd9b0bb95;381.45;0.01;BUY
2016-01-18T00:51:53.037000;2016-01-18T00:51:53.113000;37ed2cad-3262-43db-b925-24b3ab52efdc;381.46;0.0511;BUY
2016-01-18T00:51:53.037000;2016-01-18T00:51:53.113000;b7f673c5-3319-4a32-bb0a-0c85ae214bf1;381.47;0.01;BUY
