time_exchange;time_coinpai;guid;price;base_amount;taker_side
2016-01-18T00:00:00.000000;2016-01-18T00:00:00.000000;cbbea159-696b-4be7-9d3b-1c860121cc05;382.11;0.04128796;UNKNOWN
2016-01-18T00:00:08.000000;2016-01-18T00:00:08.000000;e4f1e33b-6e6b-46c2-b3d4-19d6a73e4341;382.1;0.01353175;UNKNOWN
2016-01-18T00:00:17.000000;2016-01-18T00:00:17.000000;78dece8c-d48b-4eab-a9c5-c59d65832ae5;382.07;0.0187762;UNKNOWN
2016-01-18T00:00:25.000000;2016-01-18T00:00:25.000000;fa332810-f7c2-40dc-93e0-b4081e525459;382.06;0.04318631;UNKNOWN
2016-01-18T00:00:25.000000;2016-01-18T00:00:25.000000;a4e44bd1-823d-4ffa-9586-0e5581f8aa3c;382.0;1.0;UNKNOWN
2016-01-18T00:00:31.000000;2016-01-18T00:00:31.000000;34a912af-8a08-4d71-ad75-0ea617fd1648;382.0;1.62048238;UNKNOWN
2016-01-18T00:00:31.000000;2016-01-18T00:00:31.000000;d89d8f45-1612-4ba2-8a46-a1da86872caf;382.0;2.0;UNKNOWN
2016-01-18T00:00:31.000000;2016-01-18T00:00:31.000000;2a29fb3c-fbb7-43fb-aaf2-3b0877aae6c9;382.0;0.37951762;UNKNOWN
2016-01-18T00:00:33.000000;2016-01-18T00:00:33.000000;ac7c9cff-9676-4edb-96ba-28d3e1abbb6a;382.0;2.0;UNKNOWN
2016-01-18T00:00:33.000000;2016-01-18T00:00:33.000000;8633ba45-f281-4244-b7a4-5be0ea0b7c99;382.06;0.01193406;UNKNOWN
2016-01-18T00:00:36.000000;2016-01-18T00:00:36.000000;42465c8d-3584-4ca1-8247-1be39856a6b7;382.0;2.0;UNKNOWN
2016-01-18T00:00:41.000000;2016-01-18T00:00:41.000000;711f7f61-c113-4803-a46b-373e5eab9c73;382.06;0.04486399;UNKNOWN
2016-01-18T00:00:44.000000;2016-01-18T00:00:44.000000;fcb08565-3757-4823-8070-3f6b2d1d70da;382.0;2.0;UNKNOWN
2016-01-18T00:00:49.000000;2016-01-18T00:00:49.000000;597d5a69-74e5-431b-b3ca-f3726706d13e;382.06;0.0268398;UNKNOWN
2016-01-18T00:00:56.000000;2016-01-18T00:00:56.000000;5846b347-9064-433c-9912-d0e1c25f1da3;382.0;80.0;UNKNOWN
2016-01-18T00:00:57.000000;2016-01-18T00:00:57.000000;f7ca78d1-ff74-410a-8a78-9d3c60346746;382.06;0.01843342;UNKNOWN
2016-01-18T00:00:59.000000;2016-01-18T00:00:59.000000;b2c641a5-8092-440c-9e64-956dc62e7ca3;382.07;0.4812238;UNKNOWN
2016-01-18T00:00:59.000000;2016-01-18T00:00:59.000000;bec4e64a-f6db-40d3-a589-d88729cc63ea;382.05;0.0547;UNKNOWN
2016-01-18T00:00:59.000000;2016-01-18T00:00:59.000000;4e130b91-f099-4259-bf0e-e5a595e871e2;382.08;0.51654564;UNKNOWN
2016-01-18T00:01:04.000000;2016-01-18T00:01:04.000000;67e1107f-77b2-4a8d-88d3-4334f69fe26b;382.07;0.01903494;UNKNOWN
2016-01-18T00:01:06.000000;2016-01-18T00:01:06.000000;6557bd8e-4c69-455d-a4d9-7e8b0b9b7c9f;382.0;0.32835566;UNKNOWN
2016-01-18T00:01:08.000000;2016-01-18T00:01:08.000000;d8ba9a7a-551f-4985-9965-7e47321a8775;382.07;0.09;UNKNOWN
2016-01-18T00:01:11.000000;2016-01-18T00:01:11.000000;10d412c6-8046-4222-b26f-d7bb0101aeb9;382.07;0.04964283;UNKNOWN
2016-01-18T00:01:14.000000;2016-01-18T00:01:14.000000;035e0ce8-8710-41a3-a19a-828731226155;382.0;6.71288924;UNKNOWN
2016-01-18T00:01:14.000000;2016-01-18T00:01:14.000000;1787b7e8-81ed-445e-b03a-dda5e757ec36;382.0;0.33827272;UNKNOWN
2016-01-18T00:01:14.000000;2016-01-18T00:01:14.000000;e9d8858f-0d39-47c8-8d78-6cda16a7d86f;381.24;0.28711076;UNKNOWN
2016-01-18T00:01:18.000000;2016-01-18T00:01:18.000000;ea38f942-1c19-47c9-a1c5-dbfcdeb0703c;381.2;0.02;UNKNOWN
2016-01-18T00:01:18.000000;2016-01-18T00:01:18.000000;733ebe24-875e-4740-a30e-4bb38f47bddd;381.25;0.1;UNKNOWN
2016-01-18T00:01:18.000000;2016-01-18T00:01:18.000000;25789573-e8e6-40da-84da-109a85828497;381.16;2.27;UNKNOWN
2016-01-18T00:01:18.000000;2016-01-18T00:01:18.000000;46b87b31-8ee9-4857-a103-f10d024dda94;381.17;2.61;UNKNOWN
2016-01-18T00:01:18.000000;2016-01-18T00:01:18.000000;a16f406a-0413-458f-b9d8-de81121a65ef;382.06;0.02704641;UNKNOWN
2016-01-18T00:01:20.000000;2016-01-18T00:01:20.000000;d95f2c69-6157-4618-ba34-b12b84f00c8b;382.07;0.1111533;UNKNOWN
2016-01-18T00:01:20.000000;2016-01-18T00:01:20.000000;df32c1b4-90e9-4644-8f55-50dea52172fd;382.06;0.07295359;UNKNOWN
2016-01-18T00:01:24.000000;2016-01-18T00:01:24.000000;95852db3-f7f7-45d2-acd0-ae34c7d34fdd;382.0;0.04244428;UNKNOWN
2016-01-18T00:01:31.000000;2016-01-18T00:01:31.000000;e09c104f-3fa4-45d7-ace5-418d7cffb6d1;381.98;0.01165737;UNKNOWN
2016-01-18T00:01:38.000000;2016-01-18T00:01:38.000000;fa17654a-d04d-4c4b-bf13-9d426a558413;381.95;0.04302658;UNKNOWN
2016-01-18T00:01:47.000000;2016-01-18T00:01:47.000000;11b4aee9-82ce-4bcd-b373-01e75fa61be3;381.07;6.0;UNKNOWN
2016-01-18T00:01:47.000000;2016-01-18T00:01:47.000000;abf3303c-1850-4d65-a052-1b186736e256;381.92;0.02428917;UNKNOWN
2016-01-18T00:01:47.000000;2016-01-18T00:01:47.000000;aad70dc6-d982-4978-924e-8a2812dc5618;381.08;0.5;UNKNOWN
2016-01-18T00:01:47.000000;2016-01-18T00:01:47.000000;7e1be59a-2532-4ed7-bdd0-8597aa74d4f9;381.07;5.31;UNKNOWN
2016-01-18T00:01:47.000000;2016-01-18T00:01:47.000000;a13df849-8935-4d9f-8fac-a234558fba98;381.08;32.6996;UNKNOWN
2016-01-18T00:01:47.000000;2016-01-18T00:01:47.000000;47bd27ab-80d4-4923-9036-f6db512f7cfd;381.06;12.0;UNKNOWN
2016-01-18T00:01:47.000000;2016-01-18T00:01:47.000000;82a07ea3-0bc1-4093-a18e-80e65d44526f;381.07;0.1;UNKNOWN
2016-01-18T00:01:47.000000;2016-01-18T00:01:47.000000;598da066-fc25-40b9-9109-28f7a767db42;381.06;0.2904;UNKNOWN
2016-01-18T00:01:47.000000;2016-01-18T00:01:47.000000;2a2ef821-c6b9-4006-8064-214d4a44d1a2;381.07;0.1;UNKNOWN
2016-01-18T00:01:47.000000;2016-01-18T00:01:47.000000;f813758f-0665-49de-816c-afce90d52b0f;381.08;3.0;UNKNOWN
2016-01-18T00:01:49.000000;2016-01-18T00:01:49.000000;fc1b1b88-b9e0-403b-af13-c71d9d60130a;381.92;0.1;UNKNOWN
2016-01-18T00:01:49.000000;2016-01-18T00:01:49.000000;081fc3ee-197c-4cc7-8779-2ec73d0e41c8;381.98;5.9;UNKNOWN
2016-01-18T00:01:49.000000;2016-01-18T00:01:49.000000;450f1390-2eb3-4fc7-8e4d-b630bad40fb6;381.92;6.0;UNKNOWN
2016-01-18T00:01:49.000000;2016-01-18T00:01:49.000000;2588568e-f93f-49e6-ab82-571e5a795b4d;381.91;3.0;UNKNOWN
2016-01-18T00:01:54.000000;2016-01-18T00:01:54.000000;1505f0e6-09e1-4906-9f19-bff0913dca3f;381.91;0.04076434;UNKNOWN
2016-01-18T00:01:59.000000;2016-01-18T00:01:59.000000;37f467bf-8313-4e59-8d47-4076f3305905;381.02;1.9604;UNKNOWN
2016-01-18T00:01:59.000000;2016-01-18T00:01:59.000000;4589fa58-972a-498b-afb8-698d07a1c626;381.05;32.8196;UNKNOWN
2016-01-18T00:01:59.000000;2016-01-18T00:01:59.000000;9dbfb542-9afe-42dc-8637-8f43ab279970;381.05;2.61;UNKNOWN
2016-01-18T00:01:59.000000;2016-01-18T00:01:59.000000;2430145e-d46f-4fa4-a16c-16cc97348573;381.02;10.0;UNKNOWN
2016-01-18T00:01:59.000000;2016-01-18T00:01:59.000000;0c918a61-c35f-4df1-be0d-968addc94009;381.05;2.61;UNKNOWN
2016-01-18T00:02:02.000000;2016-01-18T00:02:02.000000;fc0732f5-9ebb-4e55-beda-2a49e1c198eb;381.87;0.02095914;UNKNOWN
2016-01-18T00:02:07.000000;2016-01-18T00:02:07.000000;40ea8ca5-3b21-4a40-a325-54a163b08520;381.86;0.01;UNKNOWN
2016-01-18T00:02:07.000000;2016-01-18T00:02:07.000000;28393110-e4e5-4627-a4cd-b8f2d7a68508;381.07;5.0;UNKNOWN
2016-01-18T00:02:25.000000;2016-01-18T00:02:25.000000;b89102e1-c5eb-4c73-8a12-dbfe86cc0761;381.81;0.5;UNKNOWN
2016-01-18T00:02:30.000000;2016-01-18T00:02:30.000000;83bc2666-4516-40ab-8e14-bfa5307bcd8a;382.23;5.0;UNKNOWN
2016-01-18T00:02:30.000000;2016-01-18T00:02:30.000000;2c045e2f-92ef-4a03-b575-52c0ad159e88;381.1;0.5;UNKNOWN
2016-01-18T00:02:31.000000;2016-01-18T00:02:31.000000;aee925d4-abb9-420c-8c88-0338ce6fdc0f;381.14;0.01187685;UNKNOWN
2016-01-18T00:02:40.000000;2016-01-18T00:02:40.000000;13199396-7b44-4db6-8a4c-0f45ac50cbce;382.27;1.9;UNKNOWN
2016-01-18T00:02:40.000000;2016-01-18T00:02:40.000000;e9ff4711-eadf-4aa2-acab-c81cbaf9460b;382.21;0.1;UNKNOWN
2016-01-18T00:02:40.000000;2016-01-18T00:02:40.000000;0bb77e78-a31d-4300-b28a-871632c60107;382.22;0.5;UNKNOWN
2016-01-18T00:02:43.000000;2016-01-18T00:02:43.000000;6f6e0474-16cb-4aae-91b7-0fe86974bc08;381.17;0.1;UNKNOWN
2016-01-18T00:02:43.000000;2016-01-18T00:02:43.000000;573e1fbd-ae6c-405f-9aa7-da6105036f42;381.18;0.5;UNKNOWN
2016-01-18T00:02:43.000000;2016-01-18T00:02:43.000000;a75f45e8-9b88-4973-95db-2c1b5a26afed;381.18;2.6;UNKNOWN
2016-01-18T00:02:43.000000;2016-01-18T00:02:43.000000;e102201d-60e2-44c2-8c7d-0f46ff96c88a;381.18;38.9695;UNKNOWN
2016-01-18T00:02:43.000000;2016-01-18T00:02:43.000000;f2bd79fb-f42f-4567-8330-16602eea3c4d;381.28;21.511;UNKNOWN
2016-01-18T00:02:43.000000;2016-01-18T00:02:43.000000;3e776f28-be78-43cc-b273-ce62c500e401;381.18;6.5104;UNKNOWN
2016-01-18T00:02:43.000000;2016-01-18T00:02:43.000000;38fa859d-8b79-4c87-bb9b-3a39c6aed3fb;381.18;3.0;UNKNOWN
2016-01-18T00:02:43.000000;2016-01-18T00:02:43.000000;00017c1b-a090-481c-a406-0884253de1fd;381.17;6.0;UNKNOWN
2016-01-18T00:02:43.000000;2016-01-18T00:02:43.000000;654eadd7-3a93-4ff1-afb1-1283ca321ac3;381.15;14.05;UNKNOWN
2016-01-18T00:02:43.000000;2016-01-18T00:02:43.000000;d8a6aa19-a629-4885-8222-32c43431bd3b;381.15;4.1591;UNKNOWN
2016-01-18T00:02:43.000000;2016-01-18T00:02:43.000000;5ff667fd-d8c7-4cba-8840-820cbff0132c;381.17;2.6;UNKNOWN
2016-01-18T00:02:47.000000;2016-01-18T00:02:47.000000;2f8ec198-6318-4cbf-81ca-a77178110e9a;381.19;0.1;UNKNOWN
2016-01-18T00:02:47.000000;2016-01-18T00:02:47.000000;9527b996-8d14-4a0e-847e-3fe5525fc86d;381.17;0.22850816;UNKNOWN
2016-01-18T00:03:05.000000;2016-01-18T00:03:05.000000;a37b14e5-2754-4143-904e-952b3d155b17;382.28;2.2688496;UNKNOWN
2016-01-18T00:03:11.000000;2016-01-18T00:03:11.000000;fbae1ba4-a475-46c7-a72d-5409222cb8c2;381.5;20.6364;UNKNOWN
2016-01-18T00:03:11.000000;2016-01-18T00:03:11.000000;9f513ceb-8853-482a-ac89-3519ede46114;381.31;13.46939017;UNKNOWN
2016-01-18T00:03:11.000000;2016-01-18T00:03:11.000000;fe0e4515-b6a5-49c9-b056-be53b999a71f;381.48;2.61;UNKNOWN
2016-01-18T00:03:11.000000;2016-01-18T00:03:11.000000;dabce303-b701-4bc8-ae88-9d3d76e0c996;382.01;6.5314;UNKNOWN
2016-01-18T00:03:11.000000;2016-01-18T00:03:11.000000;7f864410-373d-46b2-b89e-b53ce3d8d2fa;382.0;5.0;UNKNOWN
2016-01-18T00:03:16.000000;2016-01-18T00:03:16.000000;e427d477-bdab-4ba7-ad8b-31d61f86ed96;382.33;1.0;UNKNOWN
2016-01-18T00:03:22.000000;2016-01-18T00:03:22.000000;51966ded-acd6-47f3-89eb-85edf5e5de0d;382.31;0.02;UNKNOWN
2016-01-18T00:03:24.000000;2016-01-18T00:03:24.000000;c0b50f41-5674-439e-ba5c-d0f1b72f56b2;382.3;0.02;UNKNOWN
2016-01-18T00:03:28.000000;2016-01-18T00:03:28.000000;d0c93306-d9b8-4f98-9a19-90f7a6f48ff0;382.39;0.1392;UNKNOWN
2016-01-18T00:03:28.000000;2016-01-18T00:03:28.000000;44357e1b-3a50-488e-a71c-5ef1e4b4e688;382.3;6.4508;UNKNOWN
2016-01-18T00:03:28.000000;2016-01-18T00:03:28.000000;1e7080b8-4c8c-484d-b392-f1db4cb99a67;382.34;2.61;UNKNOWN
2016-01-18T00:03:29.000000;2016-01-18T00:03:29.000000;4586fb32-c368-47d9-a5ad-39e23fe55661;381.66;0.26280712;UNKNOWN
2016-01-18T00:03:34.000000;2016-01-18T00:03:34.000000;48631216-d546-44f7-b635-8dd43fc0a1ec;382.38;0.5;UNKNOWN
2016-01-18T00:03:34.000000;2016-01-18T00:03:34.000000;5575591a-502d-4800-b31f-f94e164b72a5;382.66;2.61;UNKNOWN
2016-01-18T00:03:34.000000;2016-01-18T00:03:34.000000;1599cf4e-64ca-4b86-947b-7f6b7fbd3b71;382.69;1.89;UNKNOWN
2016-01-18T00:03:41.000000;2016-01-18T00:03:41.000000;f2e6ef72-b1a5-4acc-90a9-7f906f536ecc;381.78;0.26280712;UNKNOWN
2016-01-18T00:03:51.000000;2016-01-18T00:03:51.000000;462207c1-0c67-4d7c-8798-460e9a9dcb35;382.67;0.02347578;UNKNOWN
2016-01-18T00:03:55.000000;2016-01-18T00:03:55.000000;e241a220-a8af-484a-9bac-40547249f355;381.8;0.02;UNKNOWN
2016-01-18T00:03:55.000000;2016-01-18T00:03:55.000000;343ef069-5c77-4cff-9b9b-f672a31089c9;381.8;0.24280712;UNKNOWN
2016-01-18T00:04:00.000000;2016-01-18T00:04:00.000000;7ba5fb50-be94-4225-ad03-622da69f63f5;382.65;0.04318613;UNKNOWN
2016-01-18T00:04:06.000000;2016-01-18T00:04:06.000000;4893e77a-7ed2-4ed2-b976-84d33ef03c6e;382.61;0.02251459;UNKNOWN
2016-01-18T00:04:10.000000;2016-01-18T00:04:10.000000;a9f91938-1808-4424-9527-fb068c0d9b97;382.61;0.1;UNKNOWN
2016-01-18T00:04:15.000000;2016-01-18T00:04:15.000000;18a58660-a460-4f8b-8a73-7656bb14042e;382.6;0.04149548;UNKNOWN
2016-01-18T00:04:18.000000;2016-01-18T00:04:18.000000;013e4014-2f9c-4326-bfe3-dd7164fc136d;382.69;1.1;UNKNOWN
2016-01-18T00:04:19.000000;2016-01-18T00:04:19.000000;6d52d689-c1bf-4c64-86a6-184ae49dd485;382.25;0.26280712;UNKNOWN
2016-01-18T00:04:22.000000;2016-01-18T00:04:22.000000;4122b3b7-c742-4e1e-bfd9-d824da570f05;382.68;0.02707806;UNKNOWN
2016-01-18T00:04:24.000000;2016-01-18T00:04:24.000000;a8b07e81-9b16-464d-9053-37387390eee8;382.68;0.03142194;UNKNOWN
2016-01-18T00:04:24.000000;2016-01-18T00:04:24.000000;c1441b55-4bbe-4332-9754-4f6d2d347dd7;382.69;5.4267;UNKNOWN
2016-01-18T00:04:24.000000;2016-01-18T00:04:24.000000;4335e7d4-fbfd-4642-96f9-f60237675b98;382.7;4.94187806;UNKNOWN
2016-01-18T00:04:28.000000;2016-01-18T00:04:28.000000;855ca68e-8ce5-4258-b3f2-10329b137345;382.82;0.45356342;UNKNOWN
2016-01-18T00:04:28.000000;2016-01-18T00:04:28.000000;1f0ff20c-6672-41f2-ac6d-3fe425114827;382.7;0.04643658;UNKNOWN
2016-01-18T00:04:29.000000;2016-01-18T00:04:29.000000;be557991-c8cd-4d81-b76d-65c526c99dcf;382.82;0.04394481;UNKNOWN
2016-01-18T00:04:31.000000;2016-01-18T00:04:31.000000;e730545a-6149-461b-b709-234aa0d6c819;382.82;1.4;UNKNOWN
2016-01-18T00:04:35.000000;2016-01-18T00:04:35.000000;e5afa83c-fc3f-4635-b978-3154ea345227;382.51;0.16280712;UNKNOWN
2016-01-18T00:04:35.000000;2016-01-18T00:04:35.000000;ae887e23-3b75-4cd1-8da6-16e07e064672;382.51;0.1;UNKNOWN
2016-01-18T00:04:36.000000;2016-01-18T00:04:36.000000;c1d6feb3-f3d5-43a7-8629-de51d44e0bad;382.82;0.0117048;UNKNOWN
2016-01-18T00:04:44.000000;2016-01-18T00:04:44.000000;5b0b2955-3052-4398-8e3e-c18d63656a77;382.81;0.0495968;UNKNOWN
2016-01-18T00:04:51.000000;2016-01-18T00:04:51.000000;ef774289-4705-402a-98dd-7df1514bf286;382.53;0.1;UNKNOWN
2016-01-18T00:04:51.000000;2016-01-18T00:04:51.000000;9d13eed8-e0e5-4c3c-9e86-8b1d48dfcfcd;382.52;0.16280712;UNKNOWN
2016-01-18T00:04:52.000000;2016-01-18T00:04:52.000000;af845a03-f172-4b42-aa05-f2888b8e12f8;382.76;0.01584084;UNKNOWN
2016-01-18T00:04:59.000000;2016-01-18T00:04:59.000000;479628ca-4272-42d8-8d1f-6fb4cd2bdc5f;382.81;0.02964487;UNKNOWN
2016-01-18T00:05:01.000000;2016-01-18T00:05:01.000000;f4adfdb6-fcca-417f-b3f5-c05984a8c761;383.0;1.64411303;UNKNOWN
2016-01-18T00:05:01.000000;2016-01-18T00:05:01.000000;da2d7eb0-3578-452b-95c1-895db6c0502c;382.95;5.0;UNKNOWN
2016-01-18T00:05:01.000000;2016-01-18T00:05:01.000000;2b07e604-4bbb-4272-b7be-231035bee851;382.76;6.4626;UNKNOWN
2016-01-18T00:05:01.000000;2016-01-18T00:05:01.000000;9f801712-01b6-493e-9bde-b9e73a89afe7;382.82;6.89328697;UNKNOWN
2016-01-18T00:05:06.000000;2016-01-18T00:05:06.000000;3b674b2d-d04d-45f7-9de2-498475de2d85;383.0;1.0;UNKNOWN
2016-01-18T00:05:07.000000;2016-01-18T00:05:07.000000;5d0eeca7-70f2-47e6-85d7-5c5724e00037;383.38;2.6;UNKNOWN
2016-01-18T00:05:07.000000;2016-01-18T00:05:07.000000;62b60623-8855-46bb-8bcd-ca1330a9aa7a;383.0;2.30930739;UNKNOWN
2016-01-18T00:05:07.000000;2016-01-18T00:05:07.000000;ea68a609-9d9b-4174-8dee-396015845dbe;383.0;0.04657958;UNKNOWN
2016-01-18T00:05:07.000000;2016-01-18T00:05:07.000000;62cd4ce0-dd7c-4bba-b773-7b589c40107f;383.41;2.6;UNKNOWN
2016-01-18T00:05:07.000000;2016-01-18T00:05:07.000000;cab7a883-f0b6-4b12-b81b-c0586ace28cf;383.47;0.8;UNKNOWN
2016-01-18T00:05:15.000000;2016-01-18T00:05:15.000000;72061639-9513-4286-a028-759cb9fbcd5a;383.46;0.01727962;UNKNOWN
2016-01-18T00:05:20.000000;2016-01-18T00:05:20.000000;8fcd1e8a-a478-4eb4-8496-fdf308ee26e9;383.5;9.9173;UNKNOWN
2016-01-18T00:05:20.000000;2016-01-18T00:05:20.000000;6db49952-b93a-4d5f-ada7-0db8660d3c56;383.49;0.0827;UNKNOWN
2016-01-18T00:05:23.000000;2016-01-18T00:05:23.000000;5d677872-aaa1-4f98-90ce-507a5bf674b3;383.48;0.02067816;UNKNOWN
2016-01-18T00:05:26.000000;2016-01-18T00:05:26.000000;6598628a-66d5-4b91-a91e-5fe478924dd5;383.05;0.26280712;UNKNOWN
2016-01-18T00:05:30.000000;2016-01-18T00:05:30.000000;217880bf-dc23-4866-bac6-516f41ada202;383.49;0.04263611;UNKNOWN
2016-01-18T00:05:33.000000;2016-01-18T00:05:33.000000;2eb42724-ead6-4a6e-ae3c-5627e4897ccd;383.06;1.9;UNKNOWN
2016-01-18T00:05:33.000000;2016-01-18T00:05:33.000000;7cbc278e-ef21-4d0b-b409-5b2bd6cf43e0;383.06;0.1;UNKNOWN
2016-01-18T00:05:38.000000;2016-01-18T00:05:38.000000;175c0a92-7e15-458f-94f2-38b441933daa;383.49;0.02831613;UNKNOWN
2016-01-18T00:05:42.000000;2016-01-18T00:05:42.000000;b3d66d69-dcb4-4982-ab1a-bcd65b9630bc;383.07;0.26280712;UNKNOWN
2016-01-18T00:05:46.000000;2016-01-18T00:05:46.000000;a72404ae-5ded-4f86-bd73-b2255af3efa5;383.48;0.029;UNKNOWN
2016-01-18T00:05:46.000000;2016-01-18T00:05:46.000000;a42bad3f-2639-46bf-ae9c-b527d09e5dca;383.49;0.01311082;UNKNOWN
2016-01-18T00:05:53.000000;2016-01-18T00:05:53.000000;71d32dee-0594-4899-9ef3-870ae0d90d1e;383.49;0.01197019;UNKNOWN
2016-01-18T00:06:00.000000;2016-01-18T00:06:00.000000;e047f82b-653c-48ee-a234-df738c9f39e5;383.48;0.25;UNKNOWN
2016-01-18T00:06:00.000000;2016-01-18T00:06:00.000000;886459b5-d65d-4976-9e7a-83c9260ba4ef;383.48;0.027161;UNKNOWN
2016-01-18T00:06:06.000000;2016-01-18T00:06:06.000000;2fe02027-9446-450b-a57a-04d22661b543;383.47;0.01895112;UNKNOWN
2016-01-18T00:06:14.000000;2016-01-18T00:06:14.000000;2a3ca84a-9ede-4ad6-b71b-7e041ce715b1;383.44;0.04056714;UNKNOWN
2016-01-18T00:06:22.000000;2016-01-18T00:06:22.000000;0bff9a43-9f00-411d-b641-3bebade2386b;383.43;0.02452478;UNKNOWN
2016-01-18T00:06:27.000000;2016-01-18T00:06:27.000000;eccf6b99-9bff-47fb-b756-7407ab0141a4;383.15;2.0;UNKNOWN
2016-01-18T00:06:30.000000;2016-01-18T00:06:30.000000;e6e1a0b9-42a8-4e7d-a02f-bc4eae5b2a5e;383.39;0.04958821;UNKNOWN
2016-01-18T00:06:33.000000;2016-01-18T00:06:33.000000;b127350d-a81b-4c44-bac8-46e814ee9863;383.38;0.05;UNKNOWN
2016-01-18T00:06:38.000000;2016-01-18T00:06:38.000000;5f3f1133-38be-451a-8fd1-00513520847f;383.38;0.0175339;UNKNOWN
2016-01-18T00:06:45.000000;2016-01-18T00:06:45.000000;95199031-b397-4f25-9bdb-63bdbf0d8b77;383.37;0.04895294;UNKNOWN
2016-01-18T00:06:52.000000;2016-01-18T00:06:52.000000;998adff4-a4a9-41d9-8c59-1b038a57259a;383.16;0.32729402;UNKNOWN
2016-01-18T00:06:53.000000;2016-01-18T00:06:53.000000;29e5d20d-be2a-42c5-b973-e8187d9bbefd;383.49;0.026;UNKNOWN
2016-01-18T00:06:53.000000;2016-01-18T00:06:53.000000;378cac84-2017-4a41-b284-373d053bdc62;383.49;0.02235264;UNKNOWN
2016-01-18T00:07:02.000000;2016-01-18T00:07:02.000000;d507e95f-19d9-4cfb-89c9-f1d97fce60b4;383.18;5.0;UNKNOWN
2016-01-18T00:07:08.000000;2016-01-18T00:07:08.000000;86745d79-b052-4bbe-8f49-263b2b980476;383.17;1.0;UNKNOWN
2016-01-18T00:07:09.000000;2016-01-18T00:07:09.000000;821b3b3e-2d4b-48a0-9ce4-986d2adf1be2;383.03;0.14109402;UNKNOWN
2016-01-18T00:07:09.000000;2016-01-18T00:07:09.000000;13129d42-8821-4fdd-a90d-3e38d4ee4f34;383.49;0.04023186;UNKNOWN
2016-01-18T00:07:09.000000;2016-01-18T00:07:09.000000;46857d3c-aa6f-4fef-bb5d-cc889014baf2;383.12;0.1462;UNKNOWN
2016-01-18T00:07:09.000000;2016-01-18T00:07:09.000000;e1c9842f-0362-4d7e-a06b-91c33e9a55ed;383.17;0.04;UNKNOWN
2016-01-18T00:07:18.000000;2016-01-18T00:07:18.000000;17af7331-44aa-46ba-a88e-8f5cbfcc0ea8;383.2;0.26183521;UNKNOWN
2016-01-18T00:07:18.000000;2016-01-18T00:07:18.000000;7f690ed9-fc97-4168-a38b-7af891e698d1;383.5;0.0244512;UNKNOWN
2016-01-18T00:07:18.000000;2016-01-18T00:07:18.000000;5b3863ad-fc96-4394-a038-c6f97a209366;383.49;0.00096814;UNKNOWN
2016-01-18T00:07:55.000000;2016-01-18T00:07:55.000000;eb6f3c2d-48a3-4402-aa2e-d6ca83569965;383.49;0.1;UNKNOWN
2016-01-18T00:08:02.000000;2016-01-18T00:08:02.000000;d5873a36-cc4e-4b9a-9e73-d90ec9722c40;383.5;0.0582488;UNKNOWN
2016-01-18T00:08:02.000000;2016-01-18T00:08:02.000000;42d2d329-cfc7-4bad-8d90-62d1bfbc63f2;383.9;2.40500883;UNKNOWN
2016-01-18T00:08:02.000000;2016-01-18T00:08:02.000000;a3bcbea2-2647-4efa-b59a-6bd44965ff69;383.54;0.03674237;UNKNOWN
2016-01-18T00:08:06.000000;2016-01-18T00:08:06.000000;05848691-29d3-4ff4-aef5-6565381e196a;383.5;0.01590166;UNKNOWN
2016-01-18T00:08:22.000000;2016-01-18T00:08:22.000000;7d6cbf50-33e3-4bc5-b488-59647278a2e7;385.02;19.8308;UNKNOWN
2016-01-18T00:08:22.000000;2016-01-18T00:08:22.000000;8f7157fe-bb90-4215-ba59-c085ec05ef80;383.87;6.0;UNKNOWN
2016-01-18T00:08:22.000000;2016-01-18T00:08:22.000000;0a1e8541-6a72-41c6-9501-fd0aa74a2764;384.59;0.02;UNKNOWN
2016-01-18T00:08:22.000000;2016-01-18T00:08:22.000000;33bdd4ee-6afe-4542-8e52-e5358f7823a5;385.17;0.0425;UNKNOWN
2016-01-18T00:08:22.000000;2016-01-18T00:08:22.000000;fad4df57-0087-4a7d-aabb-a96f5d3adcb3;384.59;1.02;UNKNOWN
2016-01-18T00:08:22.000000;2016-01-18T00:08:22.000000;68b58230-0120-4411-b8a9-6efca41c8784;384.4;0.02;UNKNOWN
2016-01-18T00:08:22.000000;2016-01-18T00:08:22.000000;3f66713a-4c8d-430f-a10c-35abe465c309;385.02;3.23;UNKNOWN
2016-01-18T00:08:22.000000;2016-01-18T00:08:22.000000;e08c38da-aec5-43bd-a388-84b38924dce4;384.35;1.0;UNKNOWN
2016-01-18T00:08:22.000000;2016-01-18T00:08:22.000000;dcce3c90-8418-4d2e-960e-45dfc9e498f3;383.71;0.1;UNKNOWN
2016-01-18T00:08:22.000000;2016-01-18T00:08:22.000000;14cc73f6-77e1-407b-8cb8-a941b7f444c7;384.7;1.0;UNKNOWN
2016-01-18T00:08:22.000000;2016-01-18T00:08:22.000000;1809e6a3-d424-49bf-a6d1-df07313502fa;384.4;2.6;UNKNOWN
2016-01-18T00:08:22.000000;2016-01-18T00:08:22.000000;cb264e6b-f8ed-47b5-b64d-4af9aad3bfc5;383.71;0.1;UNKNOWN
2016-01-18T00:08:22.000000;2016-01-18T00:08:22.000000;ad45def6-aab1-4a7f-8bd4-481eec3c8f40;383.71;0.1;UNKNOWN
2016-01-18T00:08:22.000000;2016-01-18T00:08:22.000000;9eef77b8-2695-448b-a25b-fde35a9dd333;385.01;3.02;UNKNOWN
2016-01-18T00:08:22.000000;2016-01-18T00:08:22.000000;2f4a8a60-6d9f-45c6-b91c-5a12968cdb58;384.61;1.0;UNKNOWN
2016-01-18T00:08:22.000000;2016-01-18T00:08:22.000000;8a1dd25f-9e02-45d8-b05c-440fbdc88538;385.24;7.418194;UNKNOWN
2016-01-18T00:08:22.000000;2016-01-18T00:08:22.000000;d1fb400b-7f7d-4ca3-8e7d-606da0b69808;384.31;20.4447;UNKNOWN
2016-01-18T00:08:22.000000;2016-01-18T00:08:22.000000;892d424e-b110-411c-9c3d-7d12bfe01b4e;384.32;2.6;UNKNOWN
2016-01-18T00:08:22.000000;2016-01-18T00:08:22.000000;4f38bc57-7345-4511-b505-6c655d6630fd;384.27;2.6;UNKNOWN
2016-01-18T00:08:22.000000;2016-01-18T00:08:22.000000;b0a3de0a-193a-4a63-a89a-89e725cfecd6;384.6;1.0;UNKNOWN
2016-01-18T00:08:22.000000;2016-01-18T00:08:22.000000;b7fd8163-5bfa-4209-b5e3-c09e0adf5a6c;384.02;8.0;UNKNOWN
2016-01-18T00:08:22.000000;2016-01-18T00:08:22.000000;d70061d0-7f64-4a1d-965f-8e9f50fcdf65;384.31;23.4956;UNKNOWN
2016-01-18T00:08:22.000000;2016-01-18T00:08:22.000000;ff8f6aef-bcad-4f26-b8b9-a6232afc4c5e;385.01;0.05;UNKNOWN
2016-01-18T00:08:22.000000;2016-01-18T00:08:22.000000;8295794f-3bc4-4a5d-9f12-35e8376a9b6c;384.01;2.6;UNKNOWN
2016-01-18T00:08:22.000000;2016-01-18T00:08:22.000000;60135a97-698d-469e-a0b7-c5f1b5e394a7;384.13;12.0;UNKNOWN
2016-01-18T00:08:22.000000;2016-01-18T00:08:22.000000;408852bd-c379-4423-853a-86785c4e4882;384.26;18.0;UNKNOWN
2016-01-18T00:08:22.000000;2016-01-18T00:08:22.000000;7974f007-3b79-4ab6-a8aa-1aab0e385cf4;384.42;2.6;UNKNOWN
2016-01-18T00:08:22.000000;2016-01-18T00:08:22.000000;751600c3-9775-42f8-a7e1-e01996079730;383.72;0.05;UNKNOWN
2016-01-18T00:08:22.000000;2016-01-18T00:08:22.000000;0dffd731-60d2-4983-af5c-0d0074f7af45;383.86;3.0;UNKNOWN
2016-01-18T00:08:22.000000;2016-01-18T00:08:22.000000;0ffb5846-0956-4444-a238-0e27b31d77d8;384.48;2.6;UNKNOWN
2016-01-18T00:08:22.000000;2016-01-18T00:08:22.000000;e8dfe86d-697b-4241-8ae5-8cb1716ff79a;385.0;0.25;UNKNOWN
2016-01-18T00:08:22.000000;2016-01-18T00:08:22.000000;1cceeb27-b8cf-4bd3-ba2d-ad1735fe1ef5;384.57;20.0675;UNKNOWN
2016-01-18T00:08:22.000000;2016-01-18T00:08:22.000000;d0109851-7766-4c7d-8636-5fcbe6c0294c;385.0;0.02;UNKNOWN
2016-01-18T00:08:22.000000;2016-01-18T00:08:22.000000;8e99e33e-3482-49be-8040-9d2ebb480dac;384.0;0.25;UNKNOWN
2016-01-18T00:08:22.000000;2016-01-18T00:08:22.000000;86103f63-ce92-4698-a7b9-192ff15e4e9f;384.9;1.0;UNKNOWN
2016-01-18T00:08:22.000000;2016-01-18T00:08:22.000000;5c900f00-66f7-4885-8c01-42bac5339e0d;384.79;0.02;UNKNOWN
2016-01-18T00:08:22.000000;2016-01-18T00:08:22.000000;04518030-8aa2-46cc-9cb8-46f28b58906e;384.26;0.066506;UNKNOWN
2016-01-18T00:08:22.000000;2016-01-18T00:08:22.000000;f106ccbe-d252-4367-a9d6-46ae1302f153;383.88;6.4708;UNKNOWN
2016-01-18T00:08:22.000000;2016-01-18T00:08:22.000000;f9c8c7ef-00a5-4b02-a126-292ece4308c7;384.76;2.0;UNKNOWN
2016-01-18T00:08:22.000000;2016-01-18T00:08:22.000000;076906c1-2091-4ad8-beaf-14b8df6eb6b7;383.99;2.6;UNKNOWN
2016-01-18T00:08:22.000000;2016-01-18T00:08:22.000000;52dff9ee-00e5-46be-a450-185d7832ae52;384.93;1.0;UNKNOWN
2016-01-18T00:08:22.000000;2016-01-18T00:08:22.000000;38ba3c9b-6f4f-4029-8632-ca7e09950862;384.77;20.7134;UNKNOWN
2016-01-18T00:08:30.000000;2016-01-18T00:08:30.000000;3ecb931e-0ead-4582-82d5-a27aac14af73;383.52;0.1;UNKNOWN
2016-01-18T00:08:36.000000;2016-01-18T00:08:36.000000;f95f60a1-c0a6-4f2f-9c62-d951cbdfad83;384.61;0.1;UNKNOWN
2016-01-18T00:08:36.000000;2016-01-18T00:08:36.000000;d32bc28e-d552-471e-8a4f-79ba842b32ad;383.76;1.00602402;UNKNOWN
2016-01-18T00:08:58.000000;2016-01-18T00:08:58.000000;fb20208e-09cc-459a-8456-768f47821ef9;383.87;1.0;UNKNOWN
2016-01-18T00:09:04.000000;2016-01-18T00:09:04.000000;4bf364ef-598a-4dd6-936d-bc37f14f48fb;383.91;0.035;UNKNOWN
2016-01-18T00:09:06.000000;2016-01-18T00:09:06.000000;c8f75213-069d-40dd-b134-88e5dec95770;383.91;1.705;UNKNOWN
2016-01-18T00:09:06.000000;2016-01-18T00:09:06.000000;8a8bda5e-ce80-414f-9397-7a5f4d1d9bf2;383.91;0.465;UNKNOWN
2016-01-18T00:09:07.000000;2016-01-18T00:09:07.000000;cc17777f-7249-42fc-b264-57a6d5336e52;384.35;0.04223948;UNKNOWN
2016-01-18T00:09:12.000000;2016-01-18T00:09:12.000000;9b12b9e5-b70e-4acc-8985-738c7335f77c;383.93;2.92;UNKNOWN
2016-01-18T00:09:14.000000;2016-01-18T00:09:14.000000;589a980b-551c-4eb2-9e0e-5c5e6d8b8dea;384.34;0.02048457;UNKNOWN
2016-01-18T00:09:20.000000;2016-01-18T00:09:20.000000;c06d920f-bb29-4e5f-8ed9-30254d66fc55;383.95;0.02800298;UNKNOWN
2016-01-18T00:09:21.000000;2016-01-18T00:09:21.000000;a80f842f-e5dd-4bd2-880c-ef1add46fdd5;383.95;0.0841;UNKNOWN
2016-01-18T00:09:21.000000;2016-01-18T00:09:21.000000;fcf603a3-e9fc-4a56-bacf-bc557d9ab5d6;383.95;0.095;UNKNOWN
2016-01-18T00:09:21.000000;2016-01-18T00:09:21.000000;dcbcc09f-6525-4736-ba52-b1631c33bd0a;383.95;1.0572;UNKNOWN
2016-01-18T00:09:22.000000;2016-01-18T00:09:22.000000;79ff7449-db58-47c5-aa0b-34c192914b5b;383.94;0.1;UNKNOWN
2016-01-18T00:09:27.000000;2016-01-18T00:09:27.000000;d80f80d3-5a03-4928-be57-a2b204cd6c07;383.94;0.0150424;UNKNOWN
2016-01-18T00:09:41.000000;2016-01-18T00:09:41.000000;021b9343-0e89-4c73-b7a1-c028996b7041;383.94;0.02702058;UNKNOWN
2016-01-18T00:10:04.000000;2016-01-18T00:10:04.000000;44cb54f0-9513-48c3-a5d6-a140c41cf824;384.17;4.7421;UNKNOWN
2016-01-18T00:10:04.000000;2016-01-18T00:10:04.000000;850b8765-d3bf-45b5-9080-8c26f0c455a3;384.17;0.1;UNKNOWN
2016-01-18T00:10:04.000000;2016-01-18T00:10:04.000000;3ae1089d-7fb8-46ea-b204-e47225a7b296;384.17;0.0579;UNKNOWN
2016-01-18T00:10:04.000000;2016-01-18T00:10:04.000000;712040d0-3f64-4bce-bef5-294b64edd8d7;384.17;0.1;UNKNOWN
2016-01-18T00:10:05.000000;2016-01-18T00:10:05.000000;70b5c2f9-e4aa-4006-85d4-73ad9f574637;383.61;0.67432399;UNKNOWN
2016-01-18T00:10:32.000000;2016-01-18T00:10:32.000000;85561645-1de4-4178-8c50-dcd47418e72f;383.65;0.5;UNKNOWN
2016-01-18T00:11:15.000000;2016-01-18T00:11:15.000000;ecf5289b-40c6-48c6-b4ca-d5bb00f691c2;384.13;0.02;UNKNOWN
2016-01-18T00:11:32.000000;2016-01-18T00:11:32.000000;52da5bdb-0467-4515-aa4d-18a50f83f5ef;383.39;6.4351;UNKNOWN
2016-01-18T00:11:32.000000;2016-01-18T00:11:32.000000;98308653-e5ba-42be-90e1-f0b735a406e8;383.39;3.0;UNKNOWN
2016-01-18T00:11:32.000000;2016-01-18T00:11:32.000000;17ff0e46-b5ac-40d2-aa0f-719146f0403e;383.39;57.7664;UNKNOWN
2016-01-18T00:11:32.000000;2016-01-18T00:11:32.000000;00bc7a96-0abc-41d7-ace1-2955a9d40f64;383.39;0.5;UNKNOWN
2016-01-18T00:11:32.000000;2016-01-18T00:11:32.000000;a80c00ad-2ab9-44e9-bd42-e379cdda6991;383.27;12.2985;UNKNOWN
2016-01-18T00:12:04.000000;2016-01-18T00:12:04.000000;f94dbea9-0371-4e19-b050-33464fad1ebc;384.04;1.0;UNKNOWN
2016-01-18T00:13:08.000000;2016-01-18T00:13:08.000000;c56a4255-0d57-4d7c-88d1-21c86aa92bee;383.33;3.0;UNKNOWN
2016-01-18T00:13:08.000000;2016-01-18T00:13:08.000000;d6de4f03-0235-4d44-be57-4825e43d89b8;383.33;0.5;UNKNOWN
2016-01-18T00:13:08.000000;2016-01-18T00:13:08.000000;14ec2cbc-b0a1-4793-a18a-c0008ff37dca;383.33;3.6494;UNKNOWN
2016-01-18T00:15:09.000000;2016-01-18T00:15:09.000000;e2bf1174-b97f-4767-9b92-e780a11bc930;383.49;0.02;UNKNOWN
2016-01-18T00:16:19.000000;2016-01-18T00:16:19.000000;255c65a5-0186-4fe8-84d6-b13eded6ff64;383.21;0.1;UNKNOWN
2016-01-18T00:16:19.000000;2016-01-18T00:16:19.000000;66d7f237-7f3e-47e4-90e2-a3a0fdc33c11;383.21;0.1;UNKNOWN
2016-01-18T00:16:31.000000;2016-01-18T00:16:31.000000;e8652f17-5a83-4c90-b60c-fcd43b1fe19f;383.2;0.02;UNKNOWN
2016-01-18T00:16:50.000000;2016-01-18T00:16:50.000000;1338e01e-3dc3-4c12-8717-17d2a4de4aeb;382.8;2.31;UNKNOWN
2016-01-18T00:16:53.000000;2016-01-18T00:16:53.000000;679e86d3-f911-4df2-883b-2b0db231dc9c;382.77;2.6;UNKNOWN
2016-01-18T00:16:53.000000;2016-01-18T00:16:53.000000;737e45d2-0702-4d12-a560-4d5d065039ab;382.77;9.719;UNKNOWN
2016-01-18T00:16:57.000000;2016-01-18T00:16:57.000000;4fdb9657-37a7-4bbf-9357-9bb3505a6866;382.77;6.4958;UNKNOWN
2016-01-18T00:17:01.000000;2016-01-18T00:17:01.000000;e399a017-47d9-42cb-84ed-7ab10b8f7db6;382.37;0.22755572;UNKNOWN
2016-01-18T00:17:01.000000;2016-01-18T00:17:01.000000;28d41777-44ed-44c2-ac4a-e84b1103c740;382.72;0.73;UNKNOWN
2016-01-18T00:17:01.000000;2016-01-18T00:17:01.000000;c373b903-092a-44d4-8544-9a05abdbf9b0;382.38;3.0;UNKNOWN
2016-01-18T00:17:01.000000;2016-01-18T00:17:01.000000;235779ae-9d6a-4413-a641-6c04824f12e9;382.38;6.0;UNKNOWN
2016-01-18T00:17:58.000000;2016-01-18T00:17:58.000000;2317c900-3f22-4f4f-bbc6-ef2c6a3f20f5;382.85;3.0;UNKNOWN
2016-01-18T00:17:58.000000;2016-01-18T00:17:58.000000;d26f2078-4b0e-4bd9-81a9-3c7bd9e663b5;382.85;0.5;UNKNOWN
2016-01-18T00:17:58.000000;2016-01-18T00:17:58.000000;36559993-a42a-41d5-92c1-e9f63d546577;382.86;4.42;UNKNOWN
2016-01-18T00:17:58.000000;2016-01-18T00:17:58.000000;75578d6e-8404-4ffb-90d3-7b0cea89efa6;382.85;0.08;UNKNOWN
2016-01-18T00:18:17.000000;2016-01-18T00:18:17.000000;93d726c2-65d7-4a7e-9fa8-cb2e5c3dc0a9;382.63;0.33694595;UNKNOWN
2016-01-18T00:18:41.000000;2016-01-18T00:18:41.000000;95225f71-adab-44e0-a562-8ee0efe3d710;382.89;4.3;UNKNOWN
2016-01-18T00:18:48.000000;2016-01-18T00:18:48.000000;bf830147-5b97-407e-a0a2-1c39baf15f0a;382.9;0.7;UNKNOWN
2016-01-18T00:19:07.000000;2016-01-18T00:19:07.000000;366d7901-c692-41d7-872e-ce41e8a5d3a9;383.2;0.2592;UNKNOWN
2016-01-18T00:19:07.000000;2016-01-18T00:19:07.000000;8793abb1-a947-4883-b180-47aa52fdccfc;382.9;0.05;UNKNOWN
2016-01-18T00:19:07.000000;2016-01-18T00:19:07.000000;b89f226c-6e8e-4552-a394-dd8e842a420a;383.2;2.6908;UNKNOWN
2016-01-18T00:20:08.000000;2016-01-18T00:20:08.000000;d189eae6-6a23-4af1-a86a-df0be5d2d76f;383.1;2.0;UNKNOWN
2016-01-18T00:20:50.000000;2016-01-18T00:20:50.000000;4c16b999-57f8-4c5d-8ca5-7ccffddf012b;383.21;0.082214;UNKNOWN
2016-01-18T00:21:02.000000;2016-01-18T00:21:02.000000;43cb69b1-b039-489c-859d-be131136749b;383.21;0.961621;UNKNOWN
2016-01-18T00:22:09.000000;2016-01-18T00:22:09.000000;a6624fd7-b5f0-4184-b77e-66d642ba885a;383.21;0.7100786;UNKNOWN
2016-01-18T00:22:25.000000;2016-01-18T00:22:25.000000;602fe557-780c-43ea-a9b3-a91c011ac421;383.65;0.1;UNKNOWN
2016-01-18T00:22:35.000000;2016-01-18T00:22:35.000000;4fe43514-207b-4c4d-8a29-d5a411c7bd6d;383.87;3.0;UNKNOWN
2016-01-18T00:26:41.000000;2016-01-18T00:26:41.000000;411309f8-a345-49cb-9c38-a06f93ae59a8;383.3;0.01;UNKNOWN
2016-01-18T00:27:05.000000;2016-01-18T00:27:05.000000;4392a8a1-70bf-4bff-80d3-d69fd36451a0;383.2;0.01350391;UNKNOWN
2016-01-18T00:27:05.000000;2016-01-18T00:27:05.000000;631a9f09-1d0f-4bbc-81f0-501327b10d4c;383.3;0.015;UNKNOWN
2016-01-18T00:28:31.000000;2016-01-18T00:28:31.000000;f5782186-1f31-4784-a12d-fced809fda98;383.24;3.0;UNKNOWN
2016-01-18T00:28:31.000000;2016-01-18T00:28:31.000000;62ea1481-aec7-4c11-aac5-9440f9a0728c;383.25;6.5099;UNKNOWN
2016-01-18T00:29:33.000000;2016-01-18T00:29:33.000000;b997da5c-0ed3-4d3b-8aac-a0e5834d0a1a;383.31;5.0;UNKNOWN
2016-01-18T00:29:46.000000;2016-01-18T00:29:46.000000;beac42ba-fb78-4236-8d3a-c812805c1027;383.3;0.01;UNKNOWN
2016-01-18T00:30:04.000000;2016-01-18T00:30:04.000000;4af15c36-8419-4efb-91e5-a86c0a2e31c2;383.55;0.0168;UNKNOWN
2016-01-18T00:31:08.000000;2016-01-18T00:31:08.000000;a32de187-4990-4140-a8db-13a1b6ede044;383.32;2.0;UNKNOWN
2016-01-18T00:31:08.000000;2016-01-18T00:31:08.000000;0b21c50b-bfd0-4afd-b721-cbeacc0de9e5;383.32;3.0;UNKNOWN
2016-01-18T00:31:58.000000;2016-01-18T00:31:58.000000;d984224f-8c3f-4ba4-823f-d9fe90a3a3c5;383.4;0.07;UNKNOWN
2016-01-18T00:32:13.000000;2016-01-18T00:32:13.000000;ff335f4c-f57d-4bbd-be82-b537c92115a1;383.5;0.02;UNKNOWN
2016-01-18T00:33:09.000000;2016-01-18T00:33:09.000000;0d2a1475-c4d1-447e-919a-270d3d0feba9;383.79;2.6;UNKNOWN
2016-01-18T00:33:09.000000;2016-01-18T00:33:09.000000;1bdb8945-6bf4-4ba8-99e3-0929838d60d3;383.66;2.6;UNKNOWN
2016-01-18T00:33:09.000000;2016-01-18T00:33:09.000000;178d2f4f-51a4-4d15-a2dc-ad1d63ec8e69;383.81;2.6807;UNKNOWN
2016-01-18T00:33:09.000000;2016-01-18T00:33:09.000000;f39afea4-68d3-47b4-aae8-620be0f9ea0c;383.7;0.01;UNKNOWN
2016-01-18T00:33:09.000000;2016-01-18T00:33:09.000000;d78e0844-ae75-4991-9a4f-4e347fffd69b;383.72;2.6;UNKNOWN
2016-01-18T00:33:09.000000;2016-01-18T00:33:09.000000;011b27f6-5a23-497c-9149-fe4a442e25f4;383.71;6.5093;UNKNOWN
2016-01-18T00:33:11.000000;2016-01-18T00:33:11.000000;98399ffd-6833-48ce-86c7-eb8337496358;383.56;0.02;UNKNOWN
2016-01-18T00:33:20.000000;2016-01-18T00:33:20.000000;5f6f0ca1-adcb-4741-a9c7-3661772d127b;383.59;0.02;UNKNOWN
2016-01-18T00:33:30.000000;2016-01-18T00:33:30.000000;1f805a8d-ec3d-44f1-98de-412f0b4d67a9;383.63;0.0199;UNKNOWN
2016-01-18T00:33:59.000000;2016-01-18T00:33:59.000000;d32c9ae7-6872-4589-b7ae-3b324c370520;383.8;0.6700214;UNKNOWN
2016-01-18T00:34:44.000000;2016-01-18T00:34:44.000000;6901578a-af6f-4d7c-a835-d593e8b0ad2a;383.8;1.0;UNKNOWN
2016-01-18T00:39:42.000000;2016-01-18T00:39:42.000000;3fe9fa32-e8d3-450e-aa6b-a8e41733547e;383.21;3.0;UNKNOWN
2016-01-18T00:39:42.000000;2016-01-18T00:39:42.000000;8b98e2c8-427e-40b3-ae84-bf726279a7a6;383.2;6.4625;UNKNOWN
2016-01-18T00:39:42.000000;2016-01-18T00:39:42.000000;a678e633-0d0d-4fb5-8946-2223f4e7b5a4;383.5;1.91;UNKNOWN
2016-01-18T00:39:42.000000;2016-01-18T00:39:42.000000;17222335-3855-4341-8243-23639d62a6a2;383.5;1.439;UNKNOWN
2016-01-18T00:39:42.000000;2016-01-18T00:39:42.000000;0fc31494-3841-4161-8fbb-737825713bc4;383.21;6.0;UNKNOWN
2016-01-18T00:39:42.000000;2016-01-18T00:39:42.000000;b3f38e2f-629f-47f5-92b5-fca37661868f;383.05;1.10200391;UNKNOWN
2016-01-18T00:39:42.000000;2016-01-18T00:39:42.000000;502e92e5-bda4-4b23-a1ab-150801437692;383.2;0.08649609;UNKNOWN
2016-01-18T00:40:06.000000;2016-01-18T00:40:06.000000;48ed6756-9275-4015-94d4-7878eae5dc8d;382.77;0.81552386;UNKNOWN
2016-01-18T00:40:06.000000;2016-01-18T00:40:06.000000;264855b0-b4e4-4272-ab65-4ae4930c2366;382.8;0.02;UNKNOWN
2016-01-18T00:40:06.000000;2016-01-18T00:40:06.000000;0efa1ea7-09de-4954-9557-211fa0292019;382.9;0.1;UNKNOWN
2016-01-18T00:40:44.000000;2016-01-18T00:40:44.000000;134b47fb-e35e-4b5e-a780-22d77c70d9be;383.3;0.1;UNKNOWN
2016-01-18T00:40:46.000000;2016-01-18T00:40:46.000000;5a381220-61ab-4aa4-b8ce-92687ecd11b4;383.29;1.0;UNKNOWN
2016-01-18T00:41:02.000000;2016-01-18T00:41:02.000000;18a19b88-d74c-45f6-ac98-732a78bb5919;382.8;0.05;UNKNOWN
2016-01-18T00:41:14.000000;2016-01-18T00:41:14.000000;ce10a00e-91c8-43b0-a0fe-44bfc7998de2;383.19;0.1;UNKNOWN
2016-01-18T00:43:33.000000;2016-01-18T00:43:33.000000;a6c4fe50-94b5-4807-8ad5-72d03e84b2d9;383.09;1.44709054;UNKNOWN
2016-01-18T00:48:05.000000;2016-01-18T00:48:05.000000;dd25ea22-0677-46f7-b73a-753c8f64554e;383.56;1.13589664;UNKNOWN
2016-01-18T00:48:19.000000;2016-01-18T00:48:19.000000;589a081a-5bd4-4be9-ad79-3da8a2387943;384.05;0.5;UNKNOWN
2016-01-18T00:48:19.000000;2016-01-18T00:48:19.000000;480d7d9f-f369-4965-a87e-8d628755670c;384.06;2.5;UNKNOWN
2016-01-18T00:48:19.000000;2016-01-18T00:48:19.000000;a506c1f3-654c-4c92-b269-93b1779050dc;384.05;3.0;UNKNOWN
2016-01-18T00:48:19.000000;2016-01-18T00:48:19.000000;2c12b30b-dedb-4edb-8b7d-06cc20f55838;383.85;0.05;UNKNOWN
2016-01-18T00:48:53.000000;2016-01-18T00:48:53.000000;d0937b33-6970-437a-b786-6b0cc7f3e896;384.0;0.508;UNKNOWN
2016-01-18T00:48:53.000000;2016-01-18T00:48:53.000000;669a84a3-1d13-4dab-b5b7-5d7fc4440cf7;384.06;2.992;UNKNOWN
2016-01-18T00:50:17.000000;2016-01-18T00:50:17.000000;ba3a60b6-d35a-4b38-a82d-51e361454eb0;383.63;3.0;UNKNOWN
2016-01-18T00:50:21.000000;2016-01-18T00:50:21.000000;900088fd-6de4-4e05-8e52-0b57508db4e2;384.1;0.07;UNKNOWN
2016-01-18T00:50:46.000000;2016-01-18T00:50:46.000000;4d576a4e-c1b0-409e-8049-62e0f8348308;384.16;1.5;UNKNOWN
2016-01-18T00:52:05.000000;2016-01-18T00:52:05.000000;c940ee11-2efd-41b4-af3e-11c4ff608a57;384.12;0.1;UNKNOWN
2016-01-18T00:52:05.000000;2016-01-18T00:52:05.000000;47da5c2b-1cb4-4b52-8b57-22a006d67268;384.12;0.1;UNKNOWN
2016-01-18T00:52:05.000000;2016-01-18T00:52:05.000000;93814bbf-2d7e-4f7b-a73f-649b421bfa26;384.12;0.1;UNKNOWN
2016-01-18T00:52:05.000000;2016-01-18T00:52:05.000000;3e50d55c-cb9b-4218-88ae-4b64675771de;384.11;0.89217768;UNKNOWN
2016-01-18T00:52:40.000000;2016-01-18T00:52:40.000000;d9f3cda1-5289-4729-8f1a-569583391235;384.16;0.5;UNKNOWN
2016-01-18T00:52:40.000000;2016-01-18T00:52:40.000000;0faf1b55-59dc-4021-ba5d-7a15342f74b6;384.1;2.24;UNKNOWN
2016-01-18T00:52:40.000000;2016-01-18T00:52:40.000000;02c44388-03ba-4312-8286-e018b048a46a;383.56;2.992;UNKNOWN
2016-01-18T00:52:40.000000;2016-01-18T00:52:40.000000;4d30f231-5603-4a31-8805-eb660b4c6cf4;384.16;6.445;UNKNOWN
2016-01-18T00:52:40.000000;2016-01-18T00:52:40.000000;dffd6817-66db-4c3f-90cc-a4524c509d12;384.15;3.0;UNKNOWN
2016-01-18T00:54:05.000000;2016-01-18T00:54:05.000000;1adb8885-92e3-4e3b-a689-f2e4bb7f553d;383.52;0.1;UNKNOWN
2016-01-18T00:54:05.000000;2016-01-18T00:54:05.000000;9cfcc286-2057-4b04-8e35-7c2559760120;383.51;0.3;UNKNOWN
2016-01-18T00:54:05.000000;2016-01-18T00:54:05.000000;35a001ee-be52-48cc-95a7-a14e66492773;383.52;0.1;UNKNOWN
2016-01-18T00:55:05.000000;2016-01-18T00:55:05.000000;647b83a8-8df1-4a6e-aa80-f18511588b8d;383.51;0.02475;UNKNOWN
2016-01-18T00:55:05.000000;2016-01-18T00:55:05.000000;6ca72a6b-cb47-4d40-9915-4fdbf2a93a30;383.52;0.1;UNKNOWN
2016-01-18T00:55:05.000000;2016-01-18T00:55:05.000000;de269802-59fc-4521-9f1d-687572aa4d9d;383.53;0.1;UNKNOWN
2016-01-18T00:56:50.000000;2016-01-18T00:56:50.000000;801621ed-64fe-4ffa-aa81-30159275f254;383.94;0.1;UNKNOWN
2016-01-18T00:58:06.000000;2016-01-18T00:58:06.000000;767ca38d-46ca-4721-a53a-19f033271017;383.65;0.19161008;UNKNOWN
2016-01-18T00:58:42.000000;2016-01-18T00:58:42.000000;6ffcbf67-6071-4a62-b6fb-4e9f4061df35;383.2;0.02;UNKNOWN
2016-01-18T00:58:42.000000;2016-01-18T00:58:42.000000;a986dcfd-74f3-4d43-adb1-e156e9bd5734;383.51;0.1;UNKNOWN
2016-01-18T00:58:42.000000;2016-01-18T00:58:42.000000;5a68352a-1e02-406c-9e50-0365fc75b8a3;383.49;0.025;UNKNOWN
2016-01-18T00:58:42.000000;2016-01-18T00:58:42.000000;8f4db6cf-00f1-4462-a8c5-ba86b362dc63;383.5;1.0;UNKNOWN
2016-01-18T00:58:42.000000;2016-01-18T00:58:42.000000;ed04dfe6-baa6-44ef-96f7-0bf90c3900de;383.11;1.855;UNKNOWN
2016-01-18T01:02:06.000000;2016-01-18T01:02:06.000000;6716fb0d-173c-4e3d-aa36-8352ada35ebc;383.12;0.1;UNKNOWN
2016-01-18T01:02:06.000000;2016-01-18T01:02:06.000000;06a4126b-1f1e-4cf8-ad16-2da47a1936e7;383.12;0.06074147;UNKNOWN
2016-01-18T01:02:52.000000;2016-01-18T01:02:52.000000;4ee38883-2d2b-45dc-ad2f-02391d3d33db;383.12;0.0393;UNKNOWN
2016-01-18T01:02:57.000000;2016-01-18T01:02:57.000000;6b91b691-8573-47c3-bd26-eee937a0625b;383.11;0.0507;UNKNOWN
2016-01-18T01:03:34.000000;2016-01-18T01:03:34.000000;ef4d060c-775e-4037-85d0-9b416fce3e6e;383.11;0.0493;UNKNOWN
2016-01-18T01:04:52.000000;2016-01-18T01:04:52.000000;b574c586-d5a5-4144-b6a7-d92aa9a30343;383.11;0.1;UNKNOWN
2016-01-18T01:04:57.000000;2016-01-18T01:04:57.000000;b6c446ef-998f-4576-9b39-9e10a1e34a7a;383.11;0.1;UNKNOWN
2016-01-18T01:05:00.000000;2016-01-18T01:05:00.000000;40f177fd-dd6e-4334-8b36-fa0f616d5305;383.11;0.1;UNKNOWN
2016-01-18T01:05:04.000000;2016-01-18T01:05:04.000000;c831f8b8-a7f9-4b42-9539-f357c242a1f2;383.11;0.1;UNKNOWN
2016-01-18T01:05:06.000000;2016-01-18T01:05:06.000000;f87babcf-388f-449e-a24b-e6c53fa77972;383.11;1.4307;UNKNOWN
2016-01-18T01:05:06.000000;2016-01-18T01:05:06.000000;5e94ca36-3d90-47f8-99aa-5a4d5bb7ce3b;383.64;0.0693;UNKNOWN
2016-01-18T01:07:36.000000;2016-01-18T01:07:36.000000;69a919a6-941f-4a49-b33d-8c5995e78c85;383.95;0.5;UNKNOWN
2016-01-18T01:08:06.000000;2016-01-18T01:08:06.000000;e4dc8211-2ba6-4a93-8ab4-2254b61b6200;383.86;0.45994619;UNKNOWN
2016-01-18T01:08:06.000000;2016-01-18T01:08:06.000000;576c96da-8921-4d58-ae3a-128e3fe73435;383.85;1.53315329;UNKNOWN
2016-01-18T01:08:51.000000;2016-01-18T01:08:51.000000;f9680bc6-e79c-4fe7-a4e6-7c75b746cdfc;383.73;0.1;UNKNOWN
2016-01-18T01:08:51.000000;2016-01-18T01:08:51.000000;24ddc1f7-dea9-4f40-aeb1-2d3ab567e597;383.74;1.643;UNKNOWN
2016-01-18T01:08:51.000000;2016-01-18T01:08:51.000000;28d4cd91-88b4-42cb-ab2c-e0e071ce0205;383.74;0.1;UNKNOWN
2016-01-18T01:09:51.000000;2016-01-18T01:09:51.000000;b5476d4b-86d9-4b11-9282-774e7656cfd1;383.52;0.33664295;UNKNOWN
2016-01-18T01:15:53.000000;2016-01-18T01:15:53.000000;4439694f-dba7-48c2-bc0f-191f86d70417;383.4;7.10013682;UNKNOWN
2016-01-18T01:15:53.000000;2016-01-18T01:15:53.000000;f3df8312-1119-4cbd-a2c5-11b94e3254fd;383.43;0.52;UNKNOWN
2016-01-18T01:19:05.000000;2016-01-18T01:19:05.000000;cd35780d-5491-4591-9305-dd881d726b2e;383.77;0.0142;UNKNOWN
2016-01-18T01:19:14.000000;2016-01-18T01:19:14.000000;3a58d75d-331a-4d7d-bbce-c6e157855e24;383.91;0.02;UNKNOWN
2016-01-18T01:20:10.000000;2016-01-18T01:20:10.000000;45453e77-6eb6-40da-98fb-8da56fb4ead0;383.8;0.1;UNKNOWN
2016-01-18T01:20:12.000000;2016-01-18T01:20:12.000000;c14785b4-dc4c-47d8-b44e-b8e97dd9f77c;383.79;0.1;UNKNOWN
2016-01-18T01:20:15.000000;2016-01-18T01:20:15.000000;78481b81-70ce-4624-afb5-187f0d13147e;384.1;0.5;UNKNOWN
2016-01-18T01:20:15.000000;2016-01-18T01:20:15.000000;5a03496f-8d39-4f28-9f09-f3eac15661b3;384.11;1.42;UNKNOWN
2016-01-18T01:21:43.000000;2016-01-18T01:21:43.000000;21ea7a56-484f-443a-918c-25de5d35ac4b;383.98;0.16;UNKNOWN
2016-01-18T01:21:43.000000;2016-01-18T01:21:43.000000;270ca4c8-1a6f-4017-963d-178630bedfff;383.98;0.19;UNKNOWN
2016-01-18T01:23:06.000000;2016-01-18T01:23:06.000000;957ea509-b150-4fd7-be36-2a4b7d6e25f9;384.11;0.76559713;UNKNOWN
2016-01-18T01:23:07.000000;2016-01-18T01:23:07.000000;5d061c91-1eab-4da3-8beb-8fc0f868ff9c;384.1;0.5;UNKNOWN
2016-01-18T01:23:07.000000;2016-01-18T01:23:07.000000;348e63c2-1a1c-4d59-a366-1edbee59e8dd;384.11;2.23440287;UNKNOWN
2016-01-18T01:23:07.000000;2016-01-18T01:23:07.000000;df47e637-77e1-483a-b8be-1cebee7d5047;384.11;1.09860376;UNKNOWN
2016-01-18T01:24:01.000000;2016-01-18T01:24:01.000000;24dbf469-2b5d-412e-bb09-a7daad242ab3;384.11;0.01059389;UNKNOWN
2016-01-18T01:24:46.000000;2016-01-18T01:24:46.000000;77e3efb6-f7ab-4c84-887e-defdd12c3b69;384.17;3.12;UNKNOWN
2016-01-18T01:24:50.000000;2016-01-18T01:24:50.000000;c39c6fb8-d21d-49dc-8ce3-a6c54394d76b;384.17;2.86;UNKNOWN
2016-01-18T01:24:58.000000;2016-01-18T01:24:58.000000;3b3c2268-0235-4e0c-a198-4127376ae750;384.17;11.0412;UNKNOWN
2016-01-18T01:25:00.000000;2016-01-18T01:25:00.000000;da685919-ee00-41f4-a545-677a90bbd1a8;384.18;3.12;UNKNOWN
2016-01-18T01:25:04.000000;2016-01-18T01:25:04.000000;24e5b6ff-2fd2-42cb-add5-5a0d04d4fece;384.18;3.12;UNKNOWN
2016-01-18T01:25:08.000000;2016-01-18T01:25:08.000000;b1183337-f2f5-4c51-9a8e-1d8bff8aa6b4;384.18;3.1094;UNKNOWN
2016-01-18T01:25:11.000000;2016-01-18T01:25:11.000000;81e0458c-ec86-4174-9b1a-b5e75b225c2c;384.18;2.86;UNKNOWN
2016-01-18T01:25:15.000000;2016-01-18T01:25:15.000000;af0539d8-a396-481f-966f-fbd7892977f2;384.18;2.6;UNKNOWN
2016-01-18T01:25:21.000000;2016-01-18T01:25:21.000000;79fb2d57-0e42-47d0-bf1b-66cb59a1de9d;384.18;0.07;UNKNOWN
2016-01-18T01:25:49.000000;2016-01-18T01:25:49.000000;86308518-a791-40ec-8119-643795e86f0b;384.18;5.0;UNKNOWN
2016-01-18T01:28:52.000000;2016-01-18T01:28:52.000000;18704029-e6e1-4203-a882-4c8a990a8fb4;384.17;1.5;UNKNOWN
2016-01-18T01:29:24.000000;2016-01-18T01:29:24.000000;aedca02d-39c7-42fd-92c0-d2a3b210e55d;384.16;0.025;UNKNOWN
2016-01-18T01:29:24.000000;2016-01-18T01:29:24.000000;c104c49a-ba8f-4f53-a03d-dd705012c9c8;384.16;2.14261364;UNKNOWN
2016-01-18T01:29:24.000000;2016-01-18T01:29:24.000000;2e9c378c-1eb6-4e72-8347-72631f49261f;384.17;7.5;UNKNOWN
2016-01-18T01:29:40.000000;2016-01-18T01:29:40.000000;ed3a5acd-acc7-41f9-8667-888e9bd4fe6c;384.16;0.35;UNKNOWN
2016-01-18T01:30:17.000000;2016-01-18T01:30:17.000000;e83ab1dc-2c2a-4ace-833e-57c6035fa41f;384.18;2.0;UNKNOWN
2016-01-18T01:31:03.000000;2016-01-18T01:31:03.000000;93308e26-5e9b-4e0e-b5ed-b6f11cbb1a68;384.17;1.88;UNKNOWN
2016-01-18T01:34:05.000000;2016-01-18T01:34:05.000000;99d4264d-aeef-4349-9baa-ecffea6403ea;383.88;0.02230462;UNKNOWN
2016-01-18T01:34:05.000000;2016-01-18T01:34:05.000000;7483cd45-29fa-4810-93f6-fec8dbb765d8;383.91;0.1;UNKNOWN
2016-01-18T01:34:06.000000;2016-01-18T01:34:06.000000;9bc2447f-8164-45ae-8eb4-e383010b603a;384.17;1.14872989;UNKNOWN
2016-01-18T01:34:07.000000;2016-01-18T01:34:07.000000;44c9772e-a7a8-462b-a600-10824b42cc8b;384.15;1.14517017;UNKNOWN
2016-01-18T01:34:10.000000;2016-01-18T01:34:10.000000;2a10d743-912f-4321-a50b-b3e49e59b4d1;383.88;0.6;UNKNOWN
2016-01-18T01:35:36.000000;2016-01-18T01:35:36.000000;a1cbfe27-ea6b-4a05-8c0a-358dfd5fd2d5;384.17;5.0;UNKNOWN
2016-01-18T01:35:41.000000;2016-01-18T01:35:41.000000;a701e0cc-2bfd-4267-aa7d-3981859503e6;384.18;8.0;UNKNOWN
2016-01-18T01:35:59.000000;2016-01-18T01:35:59.000000;777e6b0a-9ddd-421f-b0c3-eaafeedff573;384.17;6.5081;UNKNOWN
2016-01-18T01:35:59.000000;2016-01-18T01:35:59.000000;fe2a4a98-e1d0-4500-8f08-a4cff9775a02;384.18;3.4919;UNKNOWN
2016-01-18T01:36:05.000000;2016-01-18T01:36:05.000000;a28f4ee3-d8ec-443d-915e-be32273c5b47;384.19;0.2526;UNKNOWN
2016-01-18T01:36:05.000000;2016-01-18T01:36:05.000000;476355ee-3c45-4123-8918-2b95a43daf65;384.4;1.0;UNKNOWN
2016-01-18T01:36:05.000000;2016-01-18T01:36:05.000000;372ca0ea-9737-4c12-845b-ae4488401fad;384.74;0.05;UNKNOWN
2016-01-18T01:36:05.000000;2016-01-18T01:36:05.000000;a2789dfb-648a-421c-9423-a0a89fc2e8f6;384.3;0.07;UNKNOWN
2016-01-18T01:36:05.000000;2016-01-18T01:36:05.000000;cd18f045-6b05-4d20-84e9-926fa35129ad;384.87;1.0;UNKNOWN
2016-01-18T01:36:05.000000;2016-01-18T01:36:05.000000;47e9c764-756a-472a-b571-06fae528babb;384.18;2.1287;UNKNOWN
2016-01-18T01:36:05.000000;2016-01-18T01:36:05.000000;830aef67-8306-4d76-a472-f5f6d05b93a8;385.0;0.1;UNKNOWN
2016-01-18T01:36:05.000000;2016-01-18T01:36:05.000000;25c10a5d-48a0-4682-b660-bb34c3237e75;384.85;0.1;UNKNOWN
2016-01-18T01:36:05.000000;2016-01-18T01:36:05.000000;c89a018b-c288-49c6-805c-4b9969340a91;384.5;0.01;UNKNOWN
2016-01-18T01:36:05.000000;2016-01-18T01:36:05.000000;752f6175-d8b3-4204-8a15-95c973d13b92;384.94;23.1533;UNKNOWN
2016-01-18T01:36:05.000000;2016-01-18T01:36:05.000000;515603bf-24d9-4807-8fb4-a327ad83b6bf;385.0;15.0;UNKNOWN
2016-01-18T01:36:05.000000;2016-01-18T01:36:05.000000;585762e4-8cb8-46a2-aaf1-eaa24e6e9922;384.93;2.0;UNKNOWN
2016-01-18T01:36:05.000000;2016-01-18T01:36:05.000000;c4ea82d4-e7c7-4078-9178-62b9a9242637;384.93;19.169;UNKNOWN
2016-01-18T01:36:16.000000;2016-01-18T01:36:16.000000;95a041b7-0647-495d-aa46-c52cdc78c1cf;385.16;1.81;UNKNOWN
2016-01-18T01:36:16.000000;2016-01-18T01:36:16.000000;e7aed072-d852-4477-930c-245f6918b837;385.15;0.01;UNKNOWN
2016-01-18T01:36:16.000000;2016-01-18T01:36:16.000000;74a6aa55-d8aa-4fa1-844e-37cccf86cabd;385.15;0.1;UNKNOWN
2016-01-18T01:36:16.000000;2016-01-18T01:36:16.000000;7cbeeaf8-c773-4548-a3a9-45dd9e979563;385.15;0.09;UNKNOWN
2016-01-18T01:36:29.000000;2016-01-18T01:36:29.000000;dde426f5-9bb2-4f72-abaf-1c9efa48818c;385.13;0.1;UNKNOWN
2016-01-18T01:36:29.000000;2016-01-18T01:36:29.000000;cb081b8d-2e48-41f9-888d-fce4191c4584;385.13;0.1;UNKNOWN
2016-01-18T01:36:29.000000;2016-01-18T01:36:29.000000;7429bfd8-5b3c-4ed0-a06c-669a53315685;385.12;1.6299;UNKNOWN
2016-01-18T01:36:34.000000;2016-01-18T01:36:34.000000;37596074-3555-46c4-9afc-317181e5f128;385.18;2.6;UNKNOWN
2016-01-18T01:36:34.000000;2016-01-18T01:36:34.000000;abc6c149-3e8e-4458-8f13-c168f06d4081;385.26;6.4713;UNKNOWN
2016-01-18T01:36:34.000000;2016-01-18T01:36:34.000000;54af02fe-e064-4855-b990-c5e2bbfdb4d1;385.34;2.7287;UNKNOWN
2016-01-18T01:36:34.000000;2016-01-18T01:36:34.000000;d0fbb44e-f8e4-4679-9b6b-b02c043d85d9;385.15;2.6;UNKNOWN
2016-01-18T01:36:34.000000;2016-01-18T01:36:34.000000;c7ed4fc7-43a0-40f8-b7e9-de3d8b1cc7d3;385.25;3.0;UNKNOWN
2016-01-18T01:36:34.000000;2016-01-18T01:36:34.000000;d529423c-5655-44bd-ad90-1fd1a84ecb73;385.15;2.6;UNKNOWN
2016-01-18T01:37:04.000000;2016-01-18T01:37:04.000000;d66988ac-d4ad-419e-83d1-32a8d02dde1f;385.15;32.049;UNKNOWN
2016-01-18T01:37:04.000000;2016-01-18T01:37:04.000000;61d13a13-183a-4298-ad4c-7070e9f8333a;385.15;3.0;UNKNOWN
2016-01-18T01:37:04.000000;2016-01-18T01:37:04.000000;7608fe16-177f-49ca-90fc-0bb2f6d61284;385.16;14.951;UNKNOWN
2016-01-18T01:37:06.000000;2016-01-18T01:37:06.000000;e14f5bf0-7dcb-4b9f-9b51-7a5160f6e066;385.15;6.0;UNKNOWN
2016-01-18T01:37:06.000000;2016-01-18T01:37:06.000000;07faeccb-c0ec-41d1-90b3-4424fec03f9d;385.16;0.4174;UNKNOWN
2016-01-18T01:37:06.000000;2016-01-18T01:37:06.000000;ca87dca3-9f01-492b-b475-d078decf6251;385.16;3.5826;UNKNOWN
2016-01-18T01:38:05.000000;2016-01-18T01:38:05.000000;323aeac3-9fc1-4479-abf9-cf995f6c7892;384.34;0.5;UNKNOWN
2016-01-18T01:38:05.000000;2016-01-18T01:38:05.000000;57a0d644-6e72-43f4-bd48-793acc5a965c;384.34;0.14155256;UNKNOWN
2016-01-18T01:38:11.000000;2016-01-18T01:38:11.000000;86bede6d-ef49-4c90-b54f-2d402de5c86f;384.37;0.2;UNKNOWN
2016-01-18T01:38:14.000000;2016-01-18T01:38:14.000000;c067f1bf-b374-450c-b19f-9ea2d044d15f;384.97;0.0779;UNKNOWN
2016-01-18T01:40:47.000000;2016-01-18T01:40:47.000000;d2c3b1ce-6891-46a0-a694-32eec5b3eed2;384.58;0.02;UNKNOWN
2016-01-18T01:41:27.000000;2016-01-18T01:41:27.000000;73ff9720-821a-4b5c-ac33-64cdd8999ed6;383.89;0.1395;UNKNOWN
2016-01-18T01:41:27.000000;2016-01-18T01:41:27.000000;b98634f6-ac12-4209-b7ec-08322e206120;383.9;0.0105;UNKNOWN
2016-01-18T01:41:27.000000;2016-01-18T01:41:27.000000;ebb24fe2-39a4-4d0d-b349-bdfaf543bcea;383.91;0.1;UNKNOWN
2016-01-18T01:42:23.000000;2016-01-18T01:42:23.000000;b74a3cd1-2f1a-4710-b97e-d92a4626cae4;383.89;1.20897507;UNKNOWN
2016-01-18T01:42:35.000000;2016-01-18T01:42:35.000000;388234c2-b2b2-4c39-a544-dd99a0937c27;383.39;0.0695;UNKNOWN
2016-01-18T01:42:35.000000;2016-01-18T01:42:35.000000;945e0741-a12d-4f88-a77c-bcbe9b76e1d2;383.6;0.0105;UNKNOWN
2016-01-18T01:42:35.000000;2016-01-18T01:42:35.000000;64334e63-42c0-4c3a-9a66-be19903374e9;383.6;0.02;UNKNOWN
2016-01-18T01:42:36.000000;2016-01-18T01:42:36.000000;e5c5948f-53a3-4524-a4a9-66638cf8559d;383.4;0.5;UNKNOWN
2016-01-18T01:42:36.000000;2016-01-18T01:42:36.000000;6eb7d51c-6a2a-451a-b7b5-52e4b58fdfc5;383.39;0.94499724;UNKNOWN
2016-01-18T01:43:05.000000;2016-01-18T01:43:05.000000;aadcc5a5-1cad-438d-bc7c-f720df81b25c;383.69;0.1;UNKNOWN
2016-01-18T01:43:05.000000;2016-01-18T01:43:05.000000;0b0513a2-94a7-4c4a-aee6-d05722a393a3;383.69;0.05252399;UNKNOWN
2016-01-18T01:44:18.000000;2016-01-18T01:44:18.000000;d5f7097f-aa02-4605-af85-fe87399313a8;383.07;2.9634;UNKNOWN
2016-01-18T01:44:18.000000;2016-01-18T01:44:18.000000;5a583c4d-b57e-4c06-905b-94841ed839ff;383.04;1.4766;UNKNOWN
2016-01-18T01:44:18.000000;2016-01-18T01:44:18.000000;a3eaa55c-0986-4ec5-97fd-18f6e42a1178;383.08;2.96;UNKNOWN
2016-01-18T01:44:18.000000;2016-01-18T01:44:18.000000;b99f5f93-2a62-40c1-92c3-1ba5e60c08cb;383.08;2.6;UNKNOWN
2016-01-18T01:44:33.000000;2016-01-18T01:44:33.000000;b682c186-0967-45a4-9237-807df0fe2221;382.81;0.1;UNKNOWN
2016-01-18T01:44:33.000000;2016-01-18T01:44:33.000000;1f438002-6af3-4b31-8113-7575f8943a09;382.71;1.2787;UNKNOWN
2016-01-18T01:44:33.000000;2016-01-18T01:44:33.000000;7666dd27-caf5-46e3-bbe9-22afd9b27ef7;382.81;0.1;UNKNOWN
2016-01-18T01:44:33.000000;2016-01-18T01:44:33.000000;5d7650e9-668a-4142-8b3f-11bb72ec092d;382.8;0.02;UNKNOWN
2016-01-18T01:44:52.000000;2016-01-18T01:44:52.000000;7d00574b-c70b-4ade-9347-36e68f00b032;382.72;0.0201;UNKNOWN
2016-01-18T01:45:02.000000;2016-01-18T01:45:02.000000;cb051d36-b389-4c1d-803b-a48d35e8ba84;382.73;0.0201;UNKNOWN
2016-01-18T01:45:06.000000;2016-01-18T01:45:06.000000;8b261d20-c991-4743-8be8-14d13b382916;382.73;0.0598;UNKNOWN
2016-01-18T01:45:06.000000;2016-01-18T01:45:06.000000;b3ccb8e8-14a6-4e86-83d5-dbede6b02841;382.72;0.48268147;UNKNOWN
2016-01-18T01:45:20.000000;2016-01-18T01:45:20.000000;d6b4f958-5dec-4b74-8fb4-2f544cb484f8;383.13;0.1;UNKNOWN
2016-01-18T01:45:20.000000;2016-01-18T01:45:20.000000;3ea37a6c-ac24-469d-8a89-ccbab30d1676;383.13;1.9;UNKNOWN
2016-01-18T01:45:32.000000;2016-01-18T01:45:32.000000;3295651c-5c41-45c8-a834-c27cbb65e152;383.16;0.0475;UNKNOWN
2016-01-18T01:45:32.000000;2016-01-18T01:45:32.000000;8dd3c02a-8160-4d8e-8e68-537f67b1e103;383.16;0.5525;UNKNOWN
2016-01-18T01:45:49.000000;2016-01-18T01:45:49.000000;68c4c140-4f26-4cd4-b1a2-90c6f2782103;382.99;0.197;UNKNOWN
2016-01-18T01:45:58.000000;2016-01-18T01:45:58.000000;3a3e9a05-5297-4e4f-a677-2d39f978eacf;382.99;0.187;UNKNOWN
2016-01-18T01:45:58.000000;2016-01-18T01:45:58.000000;18451364-f4a8-40d4-8017-798cb5a6c99b;382.69;0.02;UNKNOWN
2016-01-18T01:46:03.000000;2016-01-18T01:46:03.000000;47b98f51-1760-4318-9b73-eacf587bc134;382.99;0.197;UNKNOWN
2016-01-18T01:46:06.000000;2016-01-18T01:46:06.000000;42f4de12-abb8-42e0-b2d4-0395f126f549;382.99;0.197;UNKNOWN
2016-01-18T01:46:12.000000;2016-01-18T01:46:12.000000;9f0d405f-837d-4b3f-bf27-295f78950300;382.77;0.02;UNKNOWN
2016-01-18T01:46:45.000000;2016-01-18T01:46:45.000000;a1eb2a72-abc8-4763-8c7f-525a6882e94c;382.76;0.12;UNKNOWN
2016-01-18T01:46:45.000000;2016-01-18T01:46:45.000000;201c3b2f-ce5d-477b-b599-53778e2d0e8a;382.75;0.069;UNKNOWN
2016-01-18T01:46:45.000000;2016-01-18T01:46:45.000000;ac0b8378-a5e9-48ec-bc20-4f880d85259b;382.77;0.711;UNKNOWN
2016-01-18T01:48:49.000000;2016-01-18T01:48:49.000000;6ec39583-f1b4-4adc-9f5c-628f95fc78eb;382.93;0.1;UNKNOWN
2016-01-18T01:48:49.000000;2016-01-18T01:48:49.000000;379628e3-bc1e-42eb-b822-584c42f4e425;382.93;0.031;UNKNOWN
2016-01-18T01:48:49.000000;2016-01-18T01:48:49.000000;2ed3677b-a2c4-4e72-9c40-abbef0217ab5;382.99;3.38029688;UNKNOWN
2016-01-18T01:48:49.000000;2016-01-18T01:48:49.000000;f4f08c29-6d30-4729-aa18-668c44c0b469;382.93;0.031;UNKNOWN
2016-01-18T01:51:52.000000;2016-01-18T01:51:52.000000;4c2de9c3-629a-43f1-934e-7e0b4eed2141;382.98;0.0465;UNKNOWN
2016-01-18T01:51:52.000000;2016-01-18T01:51:52.000000;ec98b8f9-442d-443c-83dc-9bc0ca8b263a;382.98;0.031;UNKNOWN
2016-01-18T01:53:23.000000;2016-01-18T01:53:23.000000;9b338bdc-9a50-4ef7-8838-7d6f7d5e3217;382.88;0.17;UNKNOWN
2016-01-18T01:53:23.000000;2016-01-18T01:53:23.000000;53ae4468-d004-468e-a303-5bd0a5a18a95;382.89;0.08;UNKNOWN
2016-01-18T01:55:05.000000;2016-01-18T01:55:05.000000;f0f8a9e6-f745-4843-9da5-a9687d236a97;382.91;0.20473695;UNKNOWN
2016-01-18T01:55:05.000000;2016-01-18T01:55:05.000000;c1538805-e17e-4150-b5eb-ff92872a8267;382.92;0.5;UNKNOWN
2016-01-18T01:56:04.000000;2016-01-18T01:56:04.000000;38955255-e7c3-4a37-b321-5d7b1cf9bc9e;382.99;0.0225;UNKNOWN
2016-01-18T01:56:19.000000;2016-01-18T01:56:19.000000;01b830d7-5a86-462d-8ef5-3c20c31a308a;383.0;0.02;UNKNOWN
2016-01-18T01:56:26.000000;2016-01-18T01:56:26.000000;e73b179d-e2ef-4d27-abca-3500267ccb75;383.0;0.1;UNKNOWN
2016-01-18T01:58:05.000000;2016-01-18T01:58:05.000000;e6ca8956-5a43-47b9-af82-34ef56445ca1;383.0;0.49639999;UNKNOWN
2016-01-18T02:01:43.000000;2016-01-18T02:01:43.000000;0cae3e9d-6682-4d69-baa8-97973fca0956;383.0;0.0584;UNKNOWN
2016-01-18T02:03:07.000000;2016-01-18T02:03:07.000000;749e7dc1-07a8-4f19-9235-9bb0b1fd4921;383.0;0.031;UNKNOWN
2016-01-18T02:03:09.000000;2016-01-18T02:03:09.000000;e8705d43-34c4-429e-b0b8-2861943cf4eb;383.0;0.1;UNKNOWN
2016-01-18T02:03:11.000000;2016-01-18T02:03:11.000000;652132de-a553-4816-b258-7cb484d43ab6;383.0;0.1;UNKNOWN
2016-01-18T02:03:13.000000;2016-01-18T02:03:13.000000;adf3ddae-15bd-4655-a11c-dbdd9e07965c;383.0;0.1;UNKNOWN
2016-01-18T02:04:00.000000;2016-01-18T02:04:00.000000;b2032ba7-c3e9-499e-b6c5-6f1785f03ab1;383.0;1.661;UNKNOWN
2016-01-18T02:04:34.000000;2016-01-18T02:04:34.000000;8922d3bf-8b28-453b-a601-dd5132cef073;383.0;2.0;UNKNOWN
2016-01-18T02:04:38.000000;2016-01-18T02:04:38.000000;4389c84e-5b38-4521-a0b8-8dd1a23b0ce2;382.99;5.0;UNKNOWN
2016-01-18T02:04:58.000000;2016-01-18T02:04:58.000000;e1fa68c5-e08d-486e-b7b2-3a35a9b1c10c;383.32;3.0;UNKNOWN
2016-01-18T02:04:58.000000;2016-01-18T02:04:58.000000;23e5695d-2e57-44f8-b08a-61a06de99503;383.0;0.025;UNKNOWN
2016-01-18T02:04:58.000000;2016-01-18T02:04:58.000000;4ca7da8a-0cc2-4295-9208-e50e6c7a3525;383.0;0.025;UNKNOWN
2016-01-18T02:04:58.000000;2016-01-18T02:04:58.000000;6fe65ed2-d335-4936-9222-3b603dda9eef;383.32;0.5;UNKNOWN
2016-01-18T02:04:58.000000;2016-01-18T02:04:58.000000;2ee54296-871d-4bec-857a-c1df13efb0db;383.32;6.0;UNKNOWN
2016-01-18T02:04:58.000000;2016-01-18T02:04:58.000000;c7e0148f-c24c-48c1-962b-e03c62873674;383.0;0.33320001;UNKNOWN
2016-01-18T02:04:58.000000;2016-01-18T02:04:58.000000;c8ef9e44-e95f-42a1-8bea-4865985796cf;383.33;3.16679999;UNKNOWN
2016-01-18T02:04:58.000000;2016-01-18T02:04:58.000000;db32ec51-6a23-4870-a203-da41ebd51609;383.0;0.01;UNKNOWN
2016-01-18T02:06:19.000000;2016-01-18T02:06:19.000000;74879acd-e3cb-466a-b2f9-b983f920e047;383.31;0.0105;UNKNOWN
2016-01-18T02:06:40.000000;2016-01-18T02:06:40.000000;a6ca2a4d-0139-4495-a2b6-1ee382e059df;383.0;2.0;UNKNOWN
2016-01-18T02:06:55.000000;2016-01-18T02:06:55.000000;716021d6-1486-461d-bb65-2998a8a573a9;383.0;0.55;UNKNOWN
2016-01-18T02:06:55.000000;2016-01-18T02:06:55.000000;bfbec03b-8429-4216-be40-f6b6ab42ab79;382.99;4.75930739;UNKNOWN
2016-01-18T02:07:17.000000;2016-01-18T02:07:17.000000;099d1ec1-fb0c-43a8-b9d0-2db1ea271607;383.01;0.5;UNKNOWN
2016-01-18T02:07:17.000000;2016-01-18T02:07:17.000000;ad579f12-a7ac-43c2-b553-d74f1f1bc27f;383.01;3.0;UNKNOWN
2016-01-18T02:07:17.000000;2016-01-18T02:07:17.000000;4feb2806-4e70-4527-aff6-34bdcb4d92b5;383.0;1.5;UNKNOWN
2016-01-18T02:09:17.000000;2016-01-18T02:09:17.000000;a40181ed-0488-415f-99b3-12a5f7827fae;383.01;0.1419;UNKNOWN
2016-01-18T02:11:05.000000;2016-01-18T02:11:05.000000;014cbcd1-fcf8-47c0-aa03-d705b39692e6;383.0;0.29;UNKNOWN
2016-01-18T02:11:16.000000;2016-01-18T02:11:16.000000;48a76a5b-d745-4f98-a3b6-f6df9c87c945;383.02;0.5;UNKNOWN
2016-01-18T02:11:16.000000;2016-01-18T02:11:16.000000;00950717-ae0d-4143-b1bf-4b0a8a3f6bc3;383.01;0.243146;UNKNOWN
2016-01-18T02:13:30.000000;2016-01-18T02:13:30.000000;0118fb26-91c7-415f-80a2-66b9d41c2c7a;383.3;0.1;UNKNOWN
2016-01-18T02:13:30.000000;2016-01-18T02:13:30.000000;35cbf9ab-e404-4129-80a6-e07980eca667;383.3;0.1;UNKNOWN
2016-01-18T02:13:30.000000;2016-01-18T02:13:30.000000;371a674c-70d5-4b87-9c53-5b8b4290729a;383.31;0.0581;UNKNOWN
2016-01-18T02:13:30.000000;2016-01-18T02:13:30.000000;f533935c-8059-4dc5-b7da-68d45f38037b;383.3;0.0895;UNKNOWN
2016-01-18T02:13:44.000000;2016-01-18T02:13:44.000000;d47162f4-fa15-46c1-818c-6313dd363af3;383.45;0.7823;UNKNOWN
2016-01-18T02:15:08.000000;2016-01-18T02:15:08.000000;4544cf17-a278-4e10-9a57-4a63865cfa73;383.45;6.0;UNKNOWN
2016-01-18T02:15:12.000000;2016-01-18T02:15:12.000000;3b26ff96-3a9e-46a3-89fd-48d9cce688fa;383.67;6.4365;UNKNOWN
2016-01-18T02:15:12.000000;2016-01-18T02:15:12.000000;bcb3ec62-93e3-48ed-af9e-3b815481c55a;383.45;2.2177;UNKNOWN
2016-01-18T02:15:12.000000;2016-01-18T02:15:12.000000;5986666d-0d5b-47d4-ac79-7202b83b069d;383.68;2.61;UNKNOWN
2016-01-18T02:15:12.000000;2016-01-18T02:15:12.000000;c4c7977d-af13-4f58-bb33-468045cc05a8;383.71;2.15242114;UNKNOWN
2016-01-18T02:15:35.000000;2016-01-18T02:15:35.000000;ee2b335d-f9d9-4834-a1d3-fc123874d592;383.69;0.1;UNKNOWN
2016-01-18T02:15:35.000000;2016-01-18T02:15:35.000000;a94e3081-54ba-469a-8bac-26f1c1f1dfa8;383.69;2.2;UNKNOWN
2016-01-18T02:15:35.000000;2016-01-18T02:15:35.000000;ec9545d3-602e-44d2-bf55-7b8eaabe6ea3;383.69;0.1;UNKNOWN
2016-01-18T02:15:35.000000;2016-01-18T02:15:35.000000;1139de0f-c5c7-4ff7-8ab2-5c16005deb14;383.68;0.1;UNKNOWN
2016-01-18T02:16:05.000000;2016-01-18T02:16:05.000000;3d607d78-a6f8-4bc3-9215-b99c0599cbc4;383.61;1.88875524;UNKNOWN
2016-01-18T02:18:51.000000;2016-01-18T02:18:51.000000;ba50ca8a-d6b6-47d1-b9f5-3644755cd5d0;383.89;0.1;UNKNOWN
2016-01-18T02:18:51.000000;2016-01-18T02:18:51.000000;1f88322d-4bf4-498a-b02b-ea9e24ad6a8e;383.89;0.1;UNKNOWN
2016-01-18T02:19:08.000000;2016-01-18T02:19:08.000000;165a2fc4-dfbe-4f03-9643-a330246ab084;383.91;0.1;UNKNOWN
2016-01-18T02:20:05.000000;2016-01-18T02:20:05.000000;9eafdc80-31b1-4f5e-bb1a-6805a33a6cac;383.91;0.76247977;UNKNOWN
2016-01-18T02:21:10.000000;2016-01-18T02:21:10.000000;908e6e3f-1047-435d-8e9d-e3504413f15c;383.91;9.0;UNKNOWN
2016-01-18T02:21:10.000000;2016-01-18T02:21:10.000000;0509880b-54b4-4e57-bd2e-f58aa0309f8a;383.9;5.0;UNKNOWN
2016-01-18T02:21:10.000000;2016-01-18T02:21:10.000000;c2249bc4-63f9-47a5-bc57-859383a1dc2b;383.89;6.5097;UNKNOWN
2016-01-18T02:21:10.000000;2016-01-18T02:21:10.000000;89d122d4-cc85-4b57-a616-147536094fb7;384.05;3.0;UNKNOWN
2016-01-18T02:21:10.000000;2016-01-18T02:21:10.000000;741efb8e-b143-4fd0-b43d-edc189a3cc5d;383.91;8.13752023;UNKNOWN
2016-01-18T02:21:10.000000;2016-01-18T02:21:10.000000;4318e511-1411-4c1a-af02-16150f19568f;384.05;11.16693749;UNKNOWN
2016-01-18T02:24:06.000000;2016-01-18T02:24:06.000000;05ae2c4f-ab2d-4b41-81a9-fc787bac00f9;383.58;0.1;UNKNOWN
2016-01-18T02:24:06.000000;2016-01-18T02:24:06.000000;c7dcb9df-cc90-4873-86c7-9d3dbb2922db;383.58;0.1;UNKNOWN
2016-01-18T02:24:06.000000;2016-01-18T02:24:06.000000;3ce29a88-2e61-4b8d-8ce8-a320e67e47e2;383.57;0.11786474;UNKNOWN
2016-01-18T02:24:58.000000;2016-01-18T02:24:58.000000;f4567178-70c5-4be3-a9a8-6f9fbd6cf954;384.04;0.1;UNKNOWN
2016-01-18T02:24:58.000000;2016-01-18T02:24:58.000000;10501cb0-7c33-4140-a2b8-529860b5c24e;384.06;1.2;UNKNOWN
2016-01-18T02:25:05.000000;2016-01-18T02:25:05.000000;912f9ec7-d49d-41b4-bfad-bbaaa7ee9ea3;384.04;0.1;UNKNOWN
2016-01-18T02:25:05.000000;2016-01-18T02:25:05.000000;a2e16d45-6740-44ab-942c-b2936cb5f495;384.04;0.20676654;UNKNOWN
2016-01-18T02:26:41.000000;2016-01-18T02:26:41.000000;019d3615-b4fa-42d5-b46d-f3d59f9a6825;384.06;0.1;UNKNOWN
2016-01-18T02:28:05.000000;2016-01-18T02:28:05.000000;8b18becd-23c0-4e0d-a955-94c28e3953ab;384.07;0.03838922;UNKNOWN
2016-01-18T02:28:50.000000;2016-01-18T02:28:50.000000;f7e09c39-6f90-4109-91ee-ef0ca54961a3;384.06;0.1;UNKNOWN
2016-01-18T02:30:19.000000;2016-01-18T02:30:19.000000;bd532d4c-3fd4-4aa6-8605-eae41e737124;384.06;0.1;UNKNOWN
2016-01-18T02:30:34.000000;2016-01-18T02:30:34.000000;dcecc1a4-64ad-43d5-ba05-d5da5d596eb9;384.06;0.7;UNKNOWN
2016-01-18T02:30:51.000000;2016-01-18T02:30:51.000000;1c229997-45fb-4974-a28b-3ab98fc68248;383.93;0.15689326;UNKNOWN
2016-01-18T02:31:09.000000;2016-01-18T02:31:09.000000;0c5bae5a-e979-4c7e-a0f0-07dfbb89e83c;383.93;0.1;UNKNOWN
2016-01-18T02:31:18.000000;2016-01-18T02:31:18.000000;ca042eef-5f58-49f6-8149-559f27385af8;383.93;0.1;UNKNOWN
2016-01-18T02:31:51.000000;2016-01-18T02:31:51.000000;aa16adf2-aa1f-40f5-b6ac-47b43dc4f25c;383.93;1.61524999;UNKNOWN
2016-01-18T02:32:13.000000;2016-01-18T02:32:13.000000;067f3be3-7ea1-4a6a-b1e1-31dbf4e5dab8;383.93;5.77435675;UNKNOWN
2016-01-18T02:32:19.000000;2016-01-18T02:32:19.000000;889aa637-ef01-4599-ba17-9d1a045e3e89;383.91;0.025;UNKNOWN
2016-01-18T02:32:23.000000;2016-01-18T02:32:23.000000;2dd2ac5f-77bc-4df5-8415-3d5dff868fbe;383.9;0.0195;UNKNOWN
2016-01-18T02:32:40.000000;2016-01-18T02:32:40.000000;c4396bd8-cc9d-4b8c-93dc-1ff14772be34;383.9;3.5;UNKNOWN
2016-01-18T02:33:46.000000;2016-01-18T02:33:46.000000;e6aa54be-7429-4a73-891a-2962aef75846;383.9;29.3172;UNKNOWN
2016-01-18T02:33:56.000000;2016-01-18T02:33:56.000000;c4afc8ee-0dd3-406a-bfb0-d9acb1cfe4c5;383.9;16.0412;UNKNOWN
2016-01-18T02:34:05.000000;2016-01-18T02:34:05.000000;ec700057-727a-48ef-ae75-fcf0f147cbe4;383.9;0.04495786;UNKNOWN
2016-01-18T02:34:08.000000;2016-01-18T02:34:08.000000;fe57f84c-b5cd-4f71-94af-8e168bcf1152;383.9;5.999;UNKNOWN
2016-01-18T02:34:08.000000;2016-01-18T02:34:08.000000;127e5f6a-638c-417f-b84d-bd97d8bd553e;383.9;5.428;UNKNOWN
2016-01-18T02:34:27.000000;2016-01-18T02:34:27.000000;550fafdc-febf-44d6-b045-a71d0d32996e;383.9;5.0;UNKNOWN
2016-01-18T02:34:52.000000;2016-01-18T02:34:52.000000;87756be0-1769-47ec-850c-3986afbe3feb;383.9;3.684;UNKNOWN
2016-01-18T02:34:53.000000;2016-01-18T02:34:53.000000;9e523a63-2529-41c5-a690-96116a31ab0a;383.9;3.333;UNKNOWN
2016-01-18T02:35:19.000000;2016-01-18T02:35:19.000000;f9ab9763-a9e8-439b-aee5-bb0ce2050d4f;383.9;5.0;UNKNOWN
2016-01-18T02:35:23.000000;2016-01-18T02:35:23.000000;827a49ca-5e29-481c-bbd9-edc85d788c20;383.9;0.1;UNKNOWN
2016-01-18T02:35:27.000000;2016-01-18T02:35:27.000000;6003608e-d399-412c-8899-9e98b78a49be;383.9;5.0;UNKNOWN
2016-01-18T02:35:30.000000;2016-01-18T02:35:30.000000;71d670eb-0ba5-4d0a-b360-45503248e2a5;383.9;9.0;UNKNOWN
2016-01-18T02:35:36.000000;2016-01-18T02:35:36.000000;a32cb1c9-7231-4132-956f-b3fb3bc426f4;383.9;0.3;UNKNOWN
2016-01-18T02:35:39.000000;2016-01-18T02:35:39.000000;a9a92f9c-fcc5-4f7a-ba80-539b5f3a98c6;383.9;0.1;UNKNOWN
2016-01-18T02:35:41.000000;2016-01-18T02:35:41.000000;f4c9c49a-ecac-4322-9ddf-e6fd8d0b2ea8;383.9;0.1;UNKNOWN
2016-01-18T02:35:52.000000;2016-01-18T02:35:52.000000;ec15119c-4b4e-4d3a-90d2-7ad4f6e01245;383.9;0.1;UNKNOWN
2016-01-18T02:35:56.000000;2016-01-18T02:35:56.000000;ae69f750-1a37-4a06-83bc-afd0ae36115f;383.9;4.0;UNKNOWN
2016-01-18T02:37:05.000000;2016-01-18T02:37:05.000000;e29159f8-07cd-4e11-b76c-7a82d6afa24a;383.91;0.38272941;UNKNOWN
2016-01-18T02:37:29.000000;2016-01-18T02:37:29.000000;16a072a5-4c86-41b3-90fd-155fe07f6105;383.91;30.0;UNKNOWN
2016-01-18T02:37:35.000000;2016-01-18T02:37:35.000000;f31eda52-b5aa-44d0-b8f2-b696bd622e2d;383.9;1.04931675;UNKNOWN
2016-01-18T02:38:05.000000;2016-01-18T02:38:05.000000;c4dbf1ed-785a-4ac6-b5f1-a05d194ef127;383.9;0.08045357;UNKNOWN
2016-01-18T02:38:06.000000;2016-01-18T02:38:06.000000;39c4ff47-63b8-41c4-a7c1-dda1fce50188;383.91;0.1625;UNKNOWN
2016-01-18T02:38:58.000000;2016-01-18T02:38:58.000000;8669cfba-2bb1-4d8d-aff7-982fa11497b9;383.9;5.7;UNKNOWN
2016-01-18T02:39:05.000000;2016-01-18T02:39:05.000000;950976c1-3641-45db-abcd-b7f352b44295;383.9;5.8;UNKNOWN
2016-01-18T02:39:06.000000;2016-01-18T02:39:06.000000;47afa99a-54f6-4d4c-93bc-b34abb2523e0;383.9;0.1;UNKNOWN
2016-01-18T02:39:11.000000;2016-01-18T02:39:11.000000;cb9f59af-36b9-4895-9ae3-df070667567e;383.9;19.9;UNKNOWN
2016-01-18T02:39:17.000000;2016-01-18T02:39:17.000000;6aa84681-b116-43df-914b-268fd7434b21;383.9;1.8;UNKNOWN
2016-01-18T02:39:17.000000;2016-01-18T02:39:17.000000;a5f97e0b-068c-4a1a-a586-03430b4a521c;383.9;0.1;UNKNOWN
2016-01-18T02:39:23.000000;2016-01-18T02:39:23.000000;e581bce8-9f68-49f6-bd16-11e4d1144130;383.9;0.2;UNKNOWN
2016-01-18T02:39:30.000000;2016-01-18T02:39:30.000000;fc84f881-1135-4567-a0b6-87cfed389e7e;383.9;0.1;UNKNOWN
2016-01-18T02:39:41.000000;2016-01-18T02:39:41.000000;ae82adbb-855f-4f1e-b301-a147118850ec;383.9;0.196;UNKNOWN
2016-01-18T02:39:43.000000;2016-01-18T02:39:43.000000;370b4ebe-beec-403f-9bab-3ab8ed7fa7e5;383.9;9.0;UNKNOWN
2016-01-18T02:39:44.000000;2016-01-18T02:39:44.000000;d91a80ac-b91d-437d-ade3-3bf5d66ae5ca;383.81;6.501;UNKNOWN
2016-01-18T02:39:44.000000;2016-01-18T02:39:44.000000;e64cd7b7-f879-4007-8b74-e9efa163fec6;383.9;9.90737182;UNKNOWN
2016-01-18T02:39:44.000000;2016-01-18T02:39:44.000000;cea28f59-6047-4b53-8c21-60cae7fcf697;383.9;2.07;UNKNOWN
2016-01-18T02:39:44.000000;2016-01-18T02:39:44.000000;28679b3f-26cb-4d2e-af3e-a2068d2092e5;383.8;26.0552;UNKNOWN
2016-01-18T02:39:49.000000;2016-01-18T02:39:49.000000;a8d63b47-ec90-4f7d-a494-46350ea1083c;383.56;0.08;UNKNOWN
2016-01-18T02:39:51.000000;2016-01-18T02:39:51.000000;5228f07d-7e10-4863-90f1-5d88fecb5dea;383.56;1.4847;UNKNOWN
2016-01-18T02:39:58.000000;2016-01-18T02:39:58.000000;8c0edd66-0b02-4e55-b299-2bdb73e91de0;382.99;2.42;UNKNOWN
2016-01-18T02:39:58.000000;2016-01-18T02:39:58.000000;449c3731-0107-4abe-aa9d-a6e8aebe1176;383.16;2.1;UNKNOWN
2016-01-18T02:39:58.000000;2016-01-18T02:39:58.000000;4d0e3426-4aca-4865-bcaf-d707e2de71e5;383.0;0.02;UNKNOWN
2016-01-18T02:40:02.000000;2016-01-18T02:40:02.000000;4e9c4864-5702-4a55-9023-fe2088d8c9bf;383.0;0.02;UNKNOWN
2016-01-18T02:40:02.000000;2016-01-18T02:40:02.000000;0e8698d3-24b5-4418-9c10-d1d25d44bc5d;382.99;0.3;UNKNOWN
2016-01-18T02:40:05.000000;2016-01-18T02:40:05.000000;0481d710-f727-4559-8ae5-2b1a4d0cd197;383.0;0.017;UNKNOWN
2016-01-18T02:40:05.000000;2016-01-18T02:40:05.000000;406f1f5a-cf8a-4c39-81ce-7a1c5abcb665;383.0;0.34;UNKNOWN
2016-01-18T02:40:06.000000;2016-01-18T02:40:06.000000;1be8642b-739c-4ac2-8592-98b0f8a6e927;383.02;1.14818892;UNKNOWN
2016-01-18T02:40:09.000000;2016-01-18T02:40:09.000000;0ddfafbe-058e-4cd9-bc21-7befda3258fb;383.0;1.51;UNKNOWN
2016-01-18T02:40:20.000000;2016-01-18T02:40:20.000000;10494562-2c6f-451b-a979-6b55fff8159f;383.0;0.1;UNKNOWN
2016-01-18T02:40:55.000000;2016-01-18T02:40:55.000000;e86c7aa8-c167-406c-8955-0ef5a8a7c4b1;383.01;1.0;UNKNOWN
2016-01-18T02:41:40.000000;2016-01-18T02:41:40.000000;dee84c0e-89c0-4fc4-8e24-0bfa6f38d746;383.01;0.1;UNKNOWN
2016-01-18T02:41:40.000000;2016-01-18T02:41:40.000000;aa800401-3693-48a4-8b28-4aa3284c4dd7;383.01;0.1;UNKNOWN
2016-01-18T02:41:53.000000;2016-01-18T02:41:53.000000;e4d47b1c-37cb-4779-b7ab-e0d2ef675d48;383.01;0.02;UNKNOWN
2016-01-18T02:42:05.000000;2016-01-18T02:42:05.000000;c55c8edb-ffd2-4964-8b2f-bfe8a05edaed;383.0;0.02152999;UNKNOWN
2016-01-18T02:43:23.000000;2016-01-18T02:43:23.000000;b8b737f1-ade0-4883-b475-7dc11743f610;383.0;1.97847001;UNKNOWN
2016-01-18T02:43:23.000000;2016-01-18T02:43:23.000000;bf528e07-22eb-41b2-af77-c20974bd4735;382.73;3.0;UNKNOWN
2016-01-18T02:43:23.000000;2016-01-18T02:43:23.000000;031e569e-496c-487b-aba4-ea999e84f01c;383.0;0.89;UNKNOWN
2016-01-18T02:43:23.000000;2016-01-18T02:43:23.000000;6b39924d-907f-46be-b39a-e211ef895905;382.61;0.55174898;UNKNOWN
2016-01-18T02:43:23.000000;2016-01-18T02:43:23.000000;836a3f02-d08e-4546-83a3-1486b9dc103c;382.99;1.99389261;UNKNOWN
2016-01-18T02:43:23.000000;2016-01-18T02:43:23.000000;38e318f1-3b68-4020-88a2-f86b0cc18062;382.72;6.5176;UNKNOWN
2016-01-18T02:43:23.000000;2016-01-18T02:43:23.000000;f148d47a-b71d-4dad-bae7-1337354bed69;382.67;1.0;UNKNOWN
2016-01-18T02:43:23.000000;2016-01-18T02:43:23.000000;49e451fa-6b4c-46c9-aae9-1eb387f55ed3;382.6;0.0712917;UNKNOWN
2016-01-18T02:43:23.000000;2016-01-18T02:43:23.000000;f18408be-c602-4b90-b69b-f73290d11d55;382.6;11.9969967;UNKNOWN
2016-01-18T02:43:29.000000;2016-01-18T02:43:29.000000;2a7c1972-8cc6-4f76-a058-a88b825323c9;382.61;0.91;UNKNOWN
2016-01-18T02:43:29.000000;2016-01-18T02:43:29.000000;351d8bb9-5833-4425-acfb-2a14289c03b0;382.6;3.09;UNKNOWN
2016-01-18T02:44:05.000000;2016-01-18T02:44:05.000000;5b2f792d-794e-4e0b-8da7-673aebaa1086;382.93;0.38274926;UNKNOWN
2016-01-18T02:44:43.000000;2016-01-18T02:44:43.000000;ad66330b-f244-4eec-a591-f5b4c632b4ac;382.93;0.061;UNKNOWN
2016-01-18T02:45:05.000000;2016-01-18T02:45:05.000000;7f7218a9-9c97-4499-b99e-e45f94e525e3;382.92;0.1094424;UNKNOWN
2016-01-18T02:45:05.000000;2016-01-18T02:45:05.000000;578a0378-4d32-483c-a3a8-9fc32eb2f027;382.93;0.5405576;UNKNOWN
2016-01-18T02:45:25.000000;2016-01-18T02:45:25.000000;536400d5-c23c-42b9-94d3-0e3761aba270;382.91;0.1;UNKNOWN
2016-01-18T02:45:26.000000;2016-01-18T02:45:26.000000;230b91bd-f7f2-4771-9a71-e05bd87332f9;382.9;0.0387991;UNKNOWN
2016-01-18T02:45:34.000000;2016-01-18T02:45:34.000000;07716e71-18fe-4eee-bbf9-edc3a6486e33;382.99;6.4658;UNKNOWN
2016-01-18T02:45:34.000000;2016-01-18T02:45:34.000000;caa8705d-09ab-40f8-9696-429b8b74f397;382.91;4.9;UNKNOWN
2016-01-18T02:45:42.000000;2016-01-18T02:45:42.000000;52b5923b-8afc-428a-903b-9f0aac3a109c;382.99;0.0387991;UNKNOWN
2016-01-18T02:46:26.000000;2016-01-18T02:46:26.000000;a203a865-18d8-4ef8-bde6-db5eac61344e;383.0;0.1;UNKNOWN
2016-01-18T02:46:28.000000;2016-01-18T02:46:28.000000;b9d68605-72e4-41e5-bfae-fc956d7d0035;383.0;0.1;UNKNOWN
2016-01-18T02:46:52.000000;2016-01-18T02:46:52.000000;8d78b5b4-53ec-4abe-9d28-e65acc2eeedf;383.0;0.1;UNKNOWN
2016-01-18T02:46:52.000000;2016-01-18T02:46:52.000000;032e6c1f-28d4-45f6-a7f4-2c2f2c0ec6e1;383.0;0.898743;UNKNOWN
2016-01-18T02:46:57.000000;2016-01-18T02:46:57.000000;862643fa-3bab-48eb-acb0-1ddfa7017c4d;382.99;3.0;UNKNOWN
2016-01-18T02:47:00.000000;2016-01-18T02:47:00.000000;ea991419-1531-41ea-b186-1734f2145997;383.0;1.097;UNKNOWN
2016-01-18T02:47:02.000000;2016-01-18T02:47:02.000000;36ef736b-b03d-4b58-a1e0-b68d57d0f79e;382.99;1.0;UNKNOWN
2016-01-18T02:47:05.000000;2016-01-18T02:47:05.000000;6cc4c139-bd5f-400d-8413-3e8a63e8e399;382.99;0.06064737;UNKNOWN
2016-01-18T02:47:22.000000;2016-01-18T02:47:22.000000;5194bdae-c4e9-4400-8d08-72181c2487c1;382.99;0.41;UNKNOWN
2016-01-18T02:47:25.000000;2016-01-18T02:47:25.000000;8f5870e9-ea28-45c3-a3f4-c1e0818c8f33;383.0;0.1;UNKNOWN
2016-01-18T02:47:29.000000;2016-01-18T02:47:29.000000;9cab4171-0226-49b7-bd4a-a2504a8b0822;382.99;1.0;UNKNOWN
2016-01-18T02:47:36.000000;2016-01-18T02:47:36.000000;45bb0261-f6c9-4550-864b-09134922138f;383.0;0.41;UNKNOWN
2016-01-18T02:48:05.000000;2016-01-18T02:48:05.000000;3bea2e10-9cab-48b1-806a-9af5b21be842;383.0;1.0;UNKNOWN
2016-01-18T02:48:11.000000;2016-01-18T02:48:11.000000;2dcfe729-a0f3-4a7d-bc05-f637a0608d61;382.99;0.04104458;UNKNOWN
2016-01-18T02:48:26.000000;2016-01-18T02:48:26.000000;20438b17-bb22-4892-bde1-3bf0a1366ddd;382.99;0.41115772;UNKNOWN
2016-01-18T02:48:30.000000;2016-01-18T02:48:30.000000;475fe78a-a4b0-4a34-8fd9-e34eac720d0a;382.99;1.0;UNKNOWN
2016-01-18T02:49:21.000000;2016-01-18T02:49:21.000000;ca12e5e2-2153-47a1-bedb-252242f22e97;382.99;0.01336577;UNKNOWN
2016-01-18T02:49:21.000000;2016-01-18T02:49:21.000000;74964e81-aa56-44d8-bd73-24c899b519b0;382.99;0.02854081;UNKNOWN
2016-01-18T02:49:21.000000;2016-01-18T02:49:21.000000;a362a9eb-e8d3-4d8d-ad06-059f30842521;382.99;0.01336577;UNKNOWN
2016-01-18T02:49:22.000000;2016-01-18T02:49:22.000000;b65ebd95-0fd8-4757-a87c-1da078594deb;382.99;0.01336577;UNKNOWN
2016-01-18T02:49:22.000000;2016-01-18T02:49:22.000000;f140539f-6f94-478a-ba50-7259f8dfe8ba;382.99;0.01336577;UNKNOWN
2016-01-18T02:49:22.000000;2016-01-18T02:49:22.000000;05e22df3-76ab-4414-9a36-26f25dc3acea;382.99;0.01336577;UNKNOWN
2016-01-18T02:49:22.000000;2016-01-18T02:49:22.000000;d444baf6-131c-4b8a-960b-c034bfc9f457;382.99;3.0;UNKNOWN
2016-01-18T02:49:22.000000;2016-01-18T02:49:22.000000;69f05e91-b4d2-4780-ba47-edb998f902ba;382.99;0.01336577;UNKNOWN
2016-01-18T02:49:23.000000;2016-01-18T02:49:23.000000;6f022a9d-3745-48b1-ab6e-5a0a8568d084;382.99;0.00365192;UNKNOWN
2016-01-18T02:49:23.000000;2016-01-18T02:49:23.000000;68415d7e-0445-47df-9a4a-1df63923ba08;382.99;0.01336577;UNKNOWN
2016-01-18T02:49:29.000000;2016-01-18T02:49:29.000000;82701723-d651-4e4d-aafa-c852d04ebd9f;382.99;1.0;UNKNOWN
2016-01-18T02:49:36.000000;2016-01-18T02:49:36.000000;ee4fa875-ad3a-4822-a9b0-40b3b6b7c172;382.99;1.0;UNKNOWN
2016-01-18T02:49:46.000000;2016-01-18T02:49:46.000000;c24aa5ab-bd37-4b2b-b938-c53c22128d01;382.99;1.0;UNKNOWN
2016-01-18T02:49:53.000000;2016-01-18T02:49:53.000000;d0a239c4-6739-4b91-af6f-22acc37e8deb;382.99;1.0;UNKNOWN
2016-01-18T02:50:05.000000;2016-01-18T02:50:05.000000;c2208743-bb1f-419b-9dff-8b240817e1d0;383.0;0.16828964;UNKNOWN
2016-01-18T02:50:05.000000;2016-01-18T02:50:05.000000;7c7075e7-092e-4eec-bea6-b62cb3fbf5dc;383.0;2.0;UNKNOWN
2016-01-18T02:50:34.000000;2016-01-18T02:50:34.000000;aa38ad7f-df96-41da-8e04-9837dee16067;382.99;0.0249228;UNKNOWN
2016-01-18T02:50:40.000000;2016-01-18T02:50:40.000000;a304a2b3-6085-4076-a4fa-4a4b20638382;382.99;1.0;UNKNOWN
2016-01-18T02:50:58.000000;2016-01-18T02:50:58.000000;fbc9b83b-2322-44fa-bc9c-409e852b2418;383.0;0.11596736;UNKNOWN
2016-01-18T02:51:03.000000;2016-01-18T02:51:03.000000;f303f503-0ddb-49cf-917a-ed5bcc123761;383.27;2.61;UNKNOWN
2016-01-18T02:51:14.000000;2016-01-18T02:51:14.000000;e44bb7b5-96d1-4b8a-b45d-4046b59cbae6;383.28;0.16;UNKNOWN
2016-01-18T02:51:14.000000;2016-01-18T02:51:14.000000;dc769c91-1c38-4836-9fb6-cca58e950cbd;383.29;0.5;UNKNOWN
2016-01-18T02:52:05.000000;2016-01-18T02:52:05.000000;c30d9d58-40ac-4e7e-b676-fa9b534d149c;383.3;0.77281743;UNKNOWN
2016-01-18T02:54:05.000000;2016-01-18T02:54:05.000000;2186d33a-7a85-4e52-a4f3-c00ca5b65a61;383.29;0.22148767;UNKNOWN
2016-01-18T02:54:05.000000;2016-01-18T02:54:05.000000;94967ca6-82ee-4ff6-bf96-f4ced181cb5f;383.29;0.1;UNKNOWN
2016-01-18T02:54:17.000000;2016-01-18T02:54:17.000000;5a350dac-eed5-4c3b-9b43-f5fdd6b50b4b;383.41;0.1;UNKNOWN
2016-01-18T02:54:17.000000;2016-01-18T02:54:17.000000;914d3cf7-b320-469d-8a25-0247f1c067a4;383.41;0.1;UNKNOWN
2016-01-18T02:54:17.000000;2016-01-18T02:54:17.000000;3be9ea9f-1014-4ce3-8d77-8dd60e48920c;383.42;0.3177;UNKNOWN
2016-01-18T02:54:39.000000;2016-01-18T02:54:39.000000;10cc8490-4831-4651-a153-7fa1fac4ba65;383.4;0.08;UNKNOWN
2016-01-18T02:55:04.000000;2016-01-18T02:55:04.000000;39ab5715-4bd3-4290-895a-cc00566960ab;383.4;0.1;UNKNOWN
2016-01-18T02:55:05.000000;2016-01-18T02:55:05.000000;a6027455-9058-419e-99ea-393680248f98;383.4;0.03;UNKNOWN
2016-01-18T02:55:05.000000;2016-01-18T02:55:05.000000;c3f065b1-f190-4c4e-8366-dc45ba3a6eef;382.99;1.60687531;UNKNOWN
2016-01-18T02:55:05.000000;2016-01-18T02:55:05.000000;403d60db-6b97-43af-ab61-97509fcbcf50;383.0;0.12215579;UNKNOWN
2016-01-18T02:55:05.000000;2016-01-18T02:55:05.000000;b3a9c539-254d-4c09-8087-29a4df0e032d;383.28;0.65;UNKNOWN
2016-01-18T02:55:05.000000;2016-01-18T02:55:05.000000;2267c947-19d5-4610-93a1-776dc963d30d;383.0;6.4418;UNKNOWN
2016-01-18T02:55:05.000000;2016-01-18T02:55:05.000000;381160b4-2bf9-4fac-a22a-b084b5d9e7bf;382.9;0.9612009;UNKNOWN
2016-01-18T02:55:05.000000;2016-01-18T02:55:05.000000;63b879d0-9983-4976-a875-a849f514f44b;382.61;0.187968;UNKNOWN
2016-01-18T02:55:06.000000;2016-01-18T02:55:06.000000;aa2dc4b3-fa21-42c2-b51d-f6504c3940d8;383.41;1.84;UNKNOWN
2016-01-18T02:55:07.000000;2016-01-18T02:55:07.000000;e92f1110-4b34-43ad-a827-1c20a59c223b;383.41;0.2603383;UNKNOWN
2016-01-18T02:55:26.000000;2016-01-18T02:55:26.000000;0ada6d53-6f66-46c0-91ce-f1b42a340fb8;383.31;2.812032;UNKNOWN
2016-01-18T02:55:26.000000;2016-01-18T02:55:26.000000;d7833cc3-bb1c-4a3a-9a82-ca1eb4d588fe;383.28;0.087968;UNKNOWN
2016-01-18T02:55:26.000000;2016-01-18T02:55:26.000000;d8cbd0c0-fd58-4315-8101-b95866040dcf;383.3;0.1;UNKNOWN
2016-01-18T02:56:04.000000;2016-01-18T02:56:04.000000;43ac8043-5808-408f-9175-9bb67ab45424;383.34;0.08;UNKNOWN
2016-01-18T02:56:04.000000;2016-01-18T02:56:04.000000;dcba090f-5cc1-43ad-8077-1b5ee17a549b;383.3;0.02;UNKNOWN
2016-01-18T02:56:13.000000;2016-01-18T02:56:13.000000;312ab3f7-168e-438b-aaf4-2a653d297412;382.77;0.15;UNKNOWN
2016-01-18T02:56:26.000000;2016-01-18T02:56:26.000000;a1b8ae26-b07f-4096-a75f-7541d78c2e5c;382.73;0.01;UNKNOWN
2016-01-18T02:56:34.000000;2016-01-18T02:56:34.000000;a621c767-6831-44d0-bf34-0310d785be84;382.73;1.535;UNKNOWN
2016-01-18T02:56:34.000000;2016-01-18T02:56:34.000000;50d98067-9757-44e8-b4e1-46ed3fbf3fca;382.73;0.015;UNKNOWN
2016-01-18T02:57:56.000000;2016-01-18T02:57:56.000000;b0dd1215-802c-44f4-a437-8af5eeb0d4ca;383.36;16.5317;UNKNOWN
2016-01-18T02:57:56.000000;2016-01-18T02:57:56.000000;00a58345-205e-4cf4-a099-252f138a6f48;383.3;2.61;UNKNOWN
2016-01-18T02:57:56.000000;2016-01-18T02:57:56.000000;8da535de-40b5-4303-af6f-8ed1e472f313;383.28;6.4432;UNKNOWN
2016-01-18T02:57:56.000000;2016-01-18T02:57:56.000000;26892b07-e4e9-4dd3-b6d6-aa264a5bffaf;383.54;13.6352;UNKNOWN
2016-01-18T02:57:56.000000;2016-01-18T02:57:56.000000;c5238717-2cd7-4a5e-8d4f-817564a951ff;383.27;0.02;UNKNOWN
2016-01-18T02:57:56.000000;2016-01-18T02:57:56.000000;73d24996-2554-4da4-bf33-457ddb9ca886;383.29;2.61;UNKNOWN
2016-01-18T02:58:05.000000;2016-01-18T02:58:05.000000;70d26394-9107-4d51-afc5-aa089d5e9289;383.69;1.45;UNKNOWN
2016-01-18T03:00:05.000000;2016-01-18T03:00:05.000000;8322ff23-6c21-4494-bdfd-f253f21c4811;383.35;0.088911;UNKNOWN
2016-01-18T03:03:25.000000;2016-01-18T03:03:25.000000;ce9f6000-ad4c-424b-8daa-a701e7478d43;383.9;0.0351;UNKNOWN
2016-01-18T03:04:06.000000;2016-01-18T03:04:06.000000;c9b655bd-6e0d-484d-9f7c-3cb08472eace;383.81;0.1;UNKNOWN
2016-01-18T03:04:06.000000;2016-01-18T03:04:06.000000;10a01785-c3f8-4e6c-9288-11722a21f9ea;383.81;2.3;UNKNOWN
2016-01-18T03:04:12.000000;2016-01-18T03:04:12.000000;4303486c-9b94-4ce0-8738-f37cf0f83242;383.8;0.0235;UNKNOWN
2016-01-18T03:04:12.000000;2016-01-18T03:04:12.000000;8727595c-cec0-4140-a216-5fdeaee7bf33;383.8;0.03193;UNKNOWN
2016-01-18T03:05:25.000000;2016-01-18T03:05:25.000000;2ae87b26-963f-4a19-8a65-e70631eff0a7;383.9;0.0449;UNKNOWN
2016-01-18T03:05:25.000000;2016-01-18T03:05:25.000000;f26d9eea-a80a-4d06-b458-4a174ac5bc01;383.9;0.2843;UNKNOWN
2016-01-18T03:05:25.000000;2016-01-18T03:05:25.000000;5aee1c60-0073-4d2f-8cc5-c696748e50ce;383.9;0.1;UNKNOWN
2016-01-18T03:05:25.000000;2016-01-18T03:05:25.000000;0aadb2f1-ea3e-4490-98be-d919476eb050;383.9;0.01;UNKNOWN
2016-01-18T03:06:05.000000;2016-01-18T03:06:05.000000;fa3cb6e5-772f-4f8b-bc72-1a25f070bc54;383.62;0.1;UNKNOWN
2016-01-18T03:06:05.000000;2016-01-18T03:06:05.000000;38db8ad0-2f4b-49eb-8e79-6f3f9ed2063c;383.62;0.1;UNKNOWN
2016-01-18T03:06:05.000000;2016-01-18T03:06:05.000000;bc26db89-d56d-4586-8ee3-f5b42cab8ed5;383.61;0.14112432;UNKNOWN
2016-01-18T03:06:05.000000;2016-01-18T03:06:05.000000;26a5c781-01e0-4e49-a2d0-deba807df175;383.62;0.0446;UNKNOWN
2016-01-18T03:06:06.000000;2016-01-18T03:06:06.000000;5be6b979-1dc0-4736-8e7b-a1f84d71c9d9;383.41;0.42395027;UNKNOWN
2016-01-18T03:06:06.000000;2016-01-18T03:06:06.000000;9b438824-de5f-490c-b57f-6a05de4044fc;383.61;0.37887568;UNKNOWN
2016-01-18T03:07:06.000000;2016-01-18T03:07:06.000000;efb44854-5c68-489e-ab38-dfe6278d3c2f;383.61;0.52;UNKNOWN
2016-01-18T03:07:06.000000;2016-01-18T03:07:06.000000;e0113b7d-b3b1-4e32-827b-32666e015811;383.63;0.1;UNKNOWN
2016-01-18T03:07:06.000000;2016-01-18T03:07:06.000000;188aa08d-53a3-4fdc-b4ff-25e32aec6b2b;383.63;0.04;UNKNOWN
2016-01-18T03:07:06.000000;2016-01-18T03:07:06.000000;772091eb-d80c-419f-b1be-714d37219b16;383.61;0.668;UNKNOWN
2016-01-18T03:07:48.000000;2016-01-18T03:07:48.000000;2449c650-fb23-4ebd-b587-c0ed0cf3d4e8;383.8;3.05;UNKNOWN
2016-01-18T03:08:37.000000;2016-01-18T03:08:37.000000;4f6a592d-80c3-4fef-a496-c05a80f6bc3d;383.98;2.61;UNKNOWN
2016-01-18T03:08:37.000000;2016-01-18T03:08:37.000000;237cad1f-e2cf-4d8e-a605-13000cec5623;383.97;6.4726;UNKNOWN
2016-01-18T03:08:37.000000;2016-01-18T03:08:37.000000;07f72f73-6a4d-482c-b474-cd02f1b69441;383.91;0.26;UNKNOWN
2016-01-18T03:08:38.000000;2016-01-18T03:08:38.000000;c17dcd2a-2d5b-4563-b4bf-be2d34c78720;383.99;0.1;UNKNOWN
2016-01-18T03:09:25.000000;2016-01-18T03:09:25.000000;90ab44c4-3abd-4d21-9e50-f4aedf18a4e6;384.1;0.01;UNKNOWN
2016-01-18T03:10:48.000000;2016-01-18T03:10:48.000000;1c88ab09-df13-4f00-bb09-2de4470599b3;384.02;0.036;UNKNOWN
2016-01-18T03:10:52.000000;2016-01-18T03:10:52.000000;b3ef72f2-4474-4587-83e7-c7964dbb0c9e;384.26;9.2011935;UNKNOWN
2016-01-18T03:10:52.000000;2016-01-18T03:10:52.000000;5f791dbb-475b-4226-b4d2-61c9fe591a80;384.11;2.31;UNKNOWN
2016-01-18T03:10:52.000000;2016-01-18T03:10:52.000000;e36e2594-c217-4adb-8266-afa0d5931ba3;384.1;0.26;UNKNOWN
2016-01-18T03:10:52.000000;2016-01-18T03:10:52.000000;324035b0-d488-4566-8d0a-1a260e64da15;384.11;17.9853;UNKNOWN
2016-01-18T03:10:53.000000;2016-01-18T03:10:53.000000;18cbd573-b0ee-430b-b0c2-dea3d88fcd44;384.02;0.024;UNKNOWN
2016-01-18T03:10:53.000000;2016-01-18T03:10:53.000000;bfe72672-c108-43a8-806d-9fbeee97fd9c;384.01;0.052;UNKNOWN
2016-01-18T03:13:36.000000;2016-01-18T03:13:36.000000;8418d338-19e4-473f-9fce-f9d9b4923e47;384.01;0.01;UNKNOWN
2016-01-18T03:23:05.000000;2016-01-18T03:23:05.000000;26672b63-debd-4d20-a3dd-5f080d79c5e8;384.43;0.07641644;UNKNOWN
2016-01-18T03:24:05.000000;2016-01-18T03:24:05.000000;12e6ad21-4f83-47a8-bad9-fbaea2489731;384.19;0.10879053;UNKNOWN
2016-01-18T03:24:15.000000;2016-01-18T03:24:15.000000;6a88faf7-3112-49d2-95ef-8e449dfc6039;384.39;0.0236;UNKNOWN
2016-01-18T03:24:15.000000;2016-01-18T03:24:15.000000;a2af6007-c28e-43a3-8487-5b5ec2ce6afa;384.18;0.083;UNKNOWN
2016-01-18T03:24:15.000000;2016-01-18T03:24:15.000000;49f016bc-dfca-4227-a796-d64e48eaf91c;384.42;2.78136676;UNKNOWN
2016-01-18T03:24:15.000000;2016-01-18T03:24:15.000000;2a1666d0-f800-4c5c-9e02-6e72575fa9ef;384.42;6.4948;UNKNOWN
2016-01-18T03:24:15.000000;2016-01-18T03:24:15.000000;149039fe-4184-49f9-beca-d4232a7b2c2e;384.41;2.96;UNKNOWN
2016-01-18T03:24:15.000000;2016-01-18T03:24:15.000000;1fcf9230-73cc-46bb-acbe-9400c9b13dfa;384.18;2.68373324;UNKNOWN
2016-01-18T03:25:43.000000;2016-01-18T03:25:43.000000;38368480-b963-4db9-b74f-1ddefa1fdd37;384.29;0.01;UNKNOWN
2016-01-18T03:25:57.000000;2016-01-18T03:25:57.000000;1ad9fc40-bb3c-4f77-aecc-17ab6c002ff3;384.0;0.01;UNKNOWN
2016-01-18T03:25:57.000000;2016-01-18T03:25:57.000000;a1cff676-6c24-402f-96c5-01d6f2c9b90c;384.08;0.38;UNKNOWN
2016-01-18T03:25:57.000000;2016-01-18T03:25:57.000000;b5a0e258-557e-4944-9dbe-e418859fee81;384.0;0.07;UNKNOWN
2016-01-18T03:25:57.000000;2016-01-18T03:25:57.000000;2b544835-056c-45da-b7fb-2c5a2250360f;384.15;0.01;UNKNOWN
2016-01-18T03:26:34.000000;2016-01-18T03:26:34.000000;11856116-a71b-4d69-a9be-f38feccdc9ae;384.14;1.427;UNKNOWN
2016-01-18T03:26:34.000000;2016-01-18T03:26:34.000000;f78bb342-9fb9-47bc-9014-93b54215dac0;384.14;0.073;UNKNOWN
2016-01-18T03:26:49.000000;2016-01-18T03:26:49.000000;8ce1e17b-5dac-4ae3-88ab-c8d48f834505;384.17;6.0;UNKNOWN
2016-01-18T03:26:52.000000;2016-01-18T03:26:52.000000;1fc03271-bcd2-4e8a-88b4-f597b8a9d052;384.16;6.0;UNKNOWN
2016-01-18T03:28:55.000000;2016-01-18T03:28:55.000000;6e7bd3c2-23d0-4b43-9e39-561846dff421;384.0;0.18;UNKNOWN
2016-01-18T03:28:55.000000;2016-01-18T03:28:55.000000;ad713750-ab8d-4e54-9fae-f0f56d1fbf9c;383.81;6.4301;UNKNOWN
2016-01-18T03:28:55.000000;2016-01-18T03:28:55.000000;c17b67f8-b024-4b21-89a4-63b201cd3ef7;383.8;2.5399;UNKNOWN
2016-01-18T03:28:55.000000;2016-01-18T03:28:55.000000;a7b6f498-6c3f-42cd-8cc6-e7ca30d0fba2;383.81;0.5;UNKNOWN
2016-01-18T03:28:55.000000;2016-01-18T03:28:55.000000;1355c9d1-3925-4926-b237-0e2e63412d0e;383.8;0.35;UNKNOWN
2016-01-18T03:33:06.000000;2016-01-18T03:33:06.000000;b957ac6e-9853-4487-8644-7d310c8983a2;384.02;0.1;UNKNOWN
2016-01-18T03:33:06.000000;2016-01-18T03:33:06.000000;c7256e03-090d-43a9-bd32-6712c76d501a;384.02;0.1;UNKNOWN
2016-01-18T03:33:06.000000;2016-01-18T03:33:06.000000;9fd933e9-bee1-480c-baa8-b9a610d7e4e9;384.01;0.008;UNKNOWN
2016-01-18T03:33:29.000000;2016-01-18T03:33:29.000000;b2ef2620-8358-4815-a3e1-8312c044aa70;383.67;0.3563182;UNKNOWN
2016-01-18T03:33:29.000000;2016-01-18T03:33:29.000000;b34194f4-6892-4394-9af5-5b9a34b3c05c;384.01;0.162;UNKNOWN
2016-01-18T03:33:29.000000;2016-01-18T03:33:29.000000;acfa4c2d-b52a-4e84-9bed-0a3d4ea1d526;383.81;0.13;UNKNOWN
2016-01-18T03:36:32.000000;2016-01-18T03:36:32.000000;2f0d7ad4-ad06-49ff-a669-e35775182b71;383.89;0.42;UNKNOWN
2016-01-18T03:36:32.000000;2016-01-18T03:36:32.000000;f79df734-ecda-46bc-9dc3-1ef818d14eff;383.83;0.08;UNKNOWN
2016-01-18T03:36:53.000000;2016-01-18T03:36:53.000000;35249ef2-2384-4b2e-a1dd-00f61bf72154;383.63;0.1;UNKNOWN
2016-01-18T03:36:53.000000;2016-01-18T03:36:53.000000;d53bbfb5-4490-413d-bf7b-4318413ee678;383.62;0.29;UNKNOWN
2016-01-18T03:36:53.000000;2016-01-18T03:36:53.000000;59fbc71c-3d94-4b39-ba20-6cfe49c2505d;383.6;0.02;UNKNOWN
2016-01-18T03:36:53.000000;2016-01-18T03:36:53.000000;ddb96c87-498c-440d-b34d-6a377c597b6b;383.63;0.1;UNKNOWN
2016-01-18T03:36:53.000000;2016-01-18T03:36:53.000000;2bc36d15-919d-4707-83b9-72c0108d4d6f;383.63;0.1;UNKNOWN
2016-01-18T03:37:05.000000;2016-01-18T03:37:05.000000;7cc83db6-cbc0-4a42-ab97-4865b7e26d3d;383.83;2.67711199;UNKNOWN
2016-01-18T03:38:09.000000;2016-01-18T03:38:09.000000;101a631d-81ae-4a64-ad9d-c574fa7bdc5f;383.71;0.01;UNKNOWN
2016-01-18T03:38:14.000000;2016-01-18T03:38:14.000000;d7bcae2a-d5f9-4d28-90e1-a47ba7f1a102;383.23;0.1;UNKNOWN
2016-01-18T03:38:14.000000;2016-01-18T03:38:14.000000;52875172-a5e4-4e5b-bd19-ab0b497ecb72;383.13;1.9573;UNKNOWN
2016-01-18T03:38:14.000000;2016-01-18T03:38:14.000000;c8683b23-d9fa-4652-ad9b-b8bb3d774a5a;383.13;3.0;UNKNOWN
2016-01-18T03:38:14.000000;2016-01-18T03:38:14.000000;5c317e8f-b4bc-4e9f-bf39-6899da7b0ab9;383.23;0.1;UNKNOWN
2016-01-18T03:38:14.000000;2016-01-18T03:38:14.000000;8b9b6ad1-d9eb-4ab6-b490-c655accf4833;383.21;0.1727;UNKNOWN
2016-01-18T03:38:14.000000;2016-01-18T03:38:14.000000;690393ea-4ee5-480c-aeab-2ccb89787325;383.22;0.17;UNKNOWN
2016-01-18T03:38:14.000000;2016-01-18T03:38:14.000000;c1844923-e77b-4000-b408-e5128c337347;383.14;0.5;UNKNOWN
2016-01-18T03:39:07.000000;2016-01-18T03:39:07.000000;31b334eb-9a0a-43ce-a326-56fcbc8dc2af;383.08;0.05;UNKNOWN
2016-01-18T03:39:17.000000;2016-01-18T03:39:17.000000;c27956eb-0a73-42f3-8150-26f8c93d8b06;382.7;0.03;UNKNOWN
2016-01-18T03:40:44.000000;2016-01-18T03:40:44.000000;f1a91c15-09d4-4a47-affb-f7302bfd8c51;383.53;0.1;UNKNOWN
2016-01-18T03:40:44.000000;2016-01-18T03:40:44.000000;61056e2d-c53a-432f-a1bf-24b4cdd09f83;383.54;2.61;UNKNOWN
2016-01-18T03:40:44.000000;2016-01-18T03:40:44.000000;bf369011-7501-475f-bf1e-ebdc8dcc62e9;383.54;15.7888;UNKNOWN
2016-01-18T03:40:44.000000;2016-01-18T03:40:44.000000;64e82256-17f1-41d4-b495-f8473101ee79;383.54;4.5012;UNKNOWN
2016-01-18T03:42:05.000000;2016-01-18T03:42:05.000000;aaeb6e4c-178e-4bf1-b947-c9a30d8a51b3;383.31;1.4185;UNKNOWN
2016-01-18T03:49:05.000000;2016-01-18T03:49:05.000000;c0d0baf3-60a1-4a03-8ff9-671ac2b56340;383.14;0.05;UNKNOWN
2016-01-18T03:49:05.000000;2016-01-18T03:49:05.000000;d90ae700-3053-40f5-93aa-f6efd02439ee;383.03;0.28;UNKNOWN
2016-01-18T03:49:05.000000;2016-01-18T03:49:05.000000;8b77dd7e-d94b-4933-9656-bedf251d630d;383.14;0.07;UNKNOWN
2016-01-18T03:49:05.000000;2016-01-18T03:49:05.000000;57be1883-9245-450a-af1e-e1c6948e3490;382.88;3.6;UNKNOWN
2016-01-18T03:49:05.000000;2016-01-18T03:49:05.000000;372491f0-e296-43be-a5c6-0447074f2711;382.88;6.0;UNKNOWN
2016-01-18T03:51:03.000000;2016-01-18T03:51:03.000000;791d640d-3dbe-45e0-be14-d3a855509cd1;382.76;2.61;UNKNOWN
2016-01-18T03:51:03.000000;2016-01-18T03:51:03.000000;18eef6fc-d20a-4e53-892d-deb1e96f6b57;382.21;1.0;UNKNOWN
2016-01-18T03:51:03.000000;2016-01-18T03:51:03.000000;c2c047e3-085f-4046-9d43-9174bca52ca0;382.2;150.0;UNKNOWN
2016-01-18T03:51:03.000000;2016-01-18T03:51:03.000000;e638f060-0883-4623-a7e5-49be9c5cb941;382.25;2.61;UNKNOWN
2016-01-18T03:51:03.000000;2016-01-18T03:51:03.000000;061243a9-a10e-435c-a40c-bb9d4b6b4b3d;382.77;6.4448;UNKNOWN
2016-01-18T03:51:03.000000;2016-01-18T03:51:03.000000;7ed3a264-64ef-4c3e-ba9d-4394d62b0ce2;382.67;16.3671;UNKNOWN
2016-01-18T03:51:03.000000;2016-01-18T03:51:03.000000;17c6736b-f4a8-4889-be8f-40a80842b193;382.24;0.05;UNKNOWN
2016-01-18T03:51:03.000000;2016-01-18T03:51:03.000000;87165d43-dd98-42a2-b33e-89be541d14c8;382.26;2.61;UNKNOWN
2016-01-18T03:51:03.000000;2016-01-18T03:51:03.000000;0de40bb2-161e-488c-9b22-5a1d5e2f6cf5;382.92;0.1;UNKNOWN
2016-01-18T03:51:03.000000;2016-01-18T03:51:03.000000;ec98c71d-c5e8-4dff-98b2-3f62b53f9aab;382.11;56.47;UNKNOWN
2016-01-18T03:51:03.000000;2016-01-18T03:51:03.000000;ec3d0048-bfaa-4fc6-a040-36f56d6deac9;382.11;2.02;UNKNOWN
2016-01-18T03:51:03.000000;2016-01-18T03:51:03.000000;0ca113cb-a830-4f0e-9ac3-7e5a85aca6b1;382.31;16.6366;UNKNOWN
2016-01-18T03:51:03.000000;2016-01-18T03:51:03.000000;bfa21206-47d3-4fcd-81f9-9bf5132aef16;382.47;17.6261;UNKNOWN
2016-01-18T03:51:03.000000;2016-01-18T03:51:03.000000;7fbfcb90-cced-4237-88ad-7bf92c78ebda;382.3;2.61;UNKNOWN
2016-01-18T03:51:03.000000;2016-01-18T03:51:03.000000;7bc7733e-ba9b-4b4c-b210-2fa376dfd239;382.31;2.61;UNKNOWN
2016-01-18T03:51:03.000000;2016-01-18T03:51:03.000000;20ccfa27-bad5-4d1a-8226-a9596949e021;382.7;2.61;UNKNOWN
2016-01-18T03:51:03.000000;2016-01-18T03:51:03.000000;83504f9b-e7e6-49fa-acdd-96e91796f5e7;382.65;14.2883;UNKNOWN
2016-01-18T03:51:03.000000;2016-01-18T03:51:03.000000;1ef8e5f1-66b5-4dcb-b1f5-d6292e102519;382.91;0.27;UNKNOWN
2016-01-18T03:51:03.000000;2016-01-18T03:51:03.000000;dd47ce89-c460-47f7-80b8-3781d905a032;382.64;2.61;UNKNOWN
2016-01-18T03:51:03.000000;2016-01-18T03:51:03.000000;b5175816-c3d2-4c0f-b070-637c2176557b;382.1;7.6940967;UNKNOWN
2016-01-18T03:51:03.000000;2016-01-18T03:51:03.000000;3a987672-6c76-4f55-b25f-914fd7c77a3b;382.52;2.61;UNKNOWN
2016-01-18T03:51:03.000000;2016-01-18T03:51:03.000000;ca0f5adc-c9e8-43ec-98b4-c716bbe2f658;382.48;2.61;UNKNOWN
2016-01-18T03:51:03.000000;2016-01-18T03:51:03.000000;7d5bb511-fc8d-4644-961b-d6b7a8ad0482;382.6;0.02;UNKNOWN
2016-01-18T03:51:03.000000;2016-01-18T03:51:03.000000;b2d99dc6-00d0-4dc1-9d0e-2215677dd10e;382.6;84.9130033;UNKNOWN
2016-01-18T03:51:03.000000;2016-01-18T03:51:03.000000;f62e0eee-3d18-469e-8d9b-3c428ee19112;382.58;2.61;UNKNOWN
2016-01-18T03:51:06.000000;2016-01-18T03:51:06.000000;b34f5e10-1ff1-4fac-9c6e-f69f23d3d750;382.43;1.14610085;UNKNOWN
2016-01-18T03:51:38.000000;2016-01-18T03:51:38.000000;a525bdda-3ca3-4caa-b83c-ba21f56d9610;382.0;0.479;UNKNOWN
2016-01-18T03:51:38.000000;2016-01-18T03:51:38.000000;2b09270a-7c45-47e4-b7d9-291c7575d775;382.0;0.02;UNKNOWN
2016-01-18T03:52:05.000000;2016-01-18T03:52:05.000000;f76d3956-4589-4c0a-8a05-df9bb68aee1d;382.12;3.0;UNKNOWN
2016-01-18T03:52:05.000000;2016-01-18T03:52:05.000000;88905977-0c00-49ba-9e4e-16574cca70fd;382.11;0.36966935;UNKNOWN
2016-01-18T03:52:05.000000;2016-01-18T03:52:05.000000;5ec7a50e-be56-46d9-a1d6-e987be3640e0;382.12;0.5;UNKNOWN
2016-01-18T03:52:45.000000;2016-01-18T03:52:45.000000;a1e700c0-2253-4249-be4e-791bd77acb16;381.78;4.0;UNKNOWN
2016-01-18T03:52:50.000000;2016-01-18T03:52:50.000000;250304d2-00df-47a8-b660-c788bd27bcf4;382.34;2.5857;UNKNOWN
2016-01-18T03:53:04.000000;2016-01-18T03:53:04.000000;9a8ded44-76b4-4afc-84c4-0564f4cc27a0;381.95;1.1;UNKNOWN
2016-01-18T03:53:04.000000;2016-01-18T03:53:04.000000;7fe09cd0-d5ef-4a08-95c1-497640c10131;381.96;0.1;UNKNOWN
2016-01-18T03:53:05.000000;2016-01-18T03:53:05.000000;cb5b81ca-6eb5-4285-846d-1eecc89ea780;381.95;5.0;UNKNOWN
2016-01-18T03:53:31.000000;2016-01-18T03:53:31.000000;a43316c0-23c0-46f5-b1e7-c860319ff681;381.99;0.1;UNKNOWN
2016-01-18T03:53:35.000000;2016-01-18T03:53:35.000000;b88950ce-ebd5-4042-b8d6-b5e93f321fcd;382.39;0.01;UNKNOWN
2016-01-18T03:54:03.000000;2016-01-18T03:54:03.000000;59a69844-01bb-4a12-b46b-50b143603116;382.0;0.03;UNKNOWN
2016-01-18T03:54:05.000000;2016-01-18T03:54:05.000000;f88721f0-742f-48c7-915f-c5dfa273f0aa;382.01;2.03877685;UNKNOWN
2016-01-18T03:54:46.000000;2016-01-18T03:54:46.000000;170babf1-1887-4130-873b-26cf7020ce9a;381.96;1.18;UNKNOWN
2016-01-18T03:54:46.000000;2016-01-18T03:54:46.000000;e0063470-664f-484d-9bc7-3680fe78c7ab;381.97;0.07;UNKNOWN
2016-01-18T03:55:31.000000;2016-01-18T03:55:31.000000;d64bc48c-af29-437a-b23b-81aabb40399f;381.98;0.1;UNKNOWN
2016-01-18T03:55:31.000000;2016-01-18T03:55:31.000000;b0ab3f4f-f646-4722-89ab-401b3db51b51;381.98;5.7;UNKNOWN
2016-01-18T03:55:31.000000;2016-01-18T03:55:31.000000;72c4e01b-60b9-46a4-bea9-675804ac26e3;381.99;0.1;UNKNOWN
2016-01-18T03:55:31.000000;2016-01-18T03:55:31.000000;e4a434de-824e-4025-b6f3-b3a63cbbf897;381.99;0.1;UNKNOWN
2016-01-18T03:55:39.000000;2016-01-18T03:55:39.000000;1dbf3ccd-518f-4b50-9b28-ee75bb2d3000;381.99;0.01;UNKNOWN
2016-01-18T03:55:46.000000;2016-01-18T03:55:46.000000;b6af02e0-061d-4fd1-bfc0-ed44add645a1;381.95;0.1;UNKNOWN
2016-01-18T03:55:46.000000;2016-01-18T03:55:46.000000;999ca214-c2a0-4f14-8643-4639642fe23a;381.99;0.09;UNKNOWN
2016-01-18T03:55:46.000000;2016-01-18T03:55:46.000000;58971189-59d9-4622-9a7f-911cb6e4d781;381.94;1.95324821;UNKNOWN
2016-01-18T03:55:46.000000;2016-01-18T03:55:46.000000;c117dae1-0b30-432c-a662-81f02237ecc9;381.95;2.94;UNKNOWN
2016-01-18T03:55:46.000000;2016-01-18T03:55:46.000000;aaa02224-1024-4e7a-b0e2-280fb3bc3b37;381.98;0.1;UNKNOWN
2016-01-18T03:56:05.000000;2016-01-18T03:56:05.000000;1f480b20-fe95-4666-94dd-88ab7ec376b6;382.15;0.09;UNKNOWN
2016-01-18T03:56:05.000000;2016-01-18T03:56:05.000000;b82f3e6d-72dc-4731-970f-f5bdce3b5b37;381.95;0.01;UNKNOWN
2016-01-18T03:56:19.000000;2016-01-18T03:56:19.000000;fd60e6e3-bef4-4b7c-a20f-6bf3c8273b82;382.09;6.4896;UNKNOWN
2016-01-18T03:56:19.000000;2016-01-18T03:56:19.000000;f93a0dac-88a1-4b8b-8b63-8b89d73a01a4;382.1;3.9;UNKNOWN
2016-01-18T03:56:19.000000;2016-01-18T03:56:19.000000;83b511e5-b575-4d4e-9833-2f24d73c6c37;382.09;0.3343;UNKNOWN
2016-01-18T03:56:19.000000;2016-01-18T03:56:19.000000;a42292b7-e723-4c70-a0d9-1d3feb2d3d80;382.09;0.1;UNKNOWN
2016-01-18T03:56:24.000000;2016-01-18T03:56:24.000000;8c8b8e44-211c-4629-9834-8eb3b6e7b532;382.1;0.1;UNKNOWN
2016-01-18T03:56:59.000000;2016-01-18T03:56:59.000000;34415e1a-2fef-41d3-a19d-97ba4a068603;382.37;0.5;UNKNOWN
2016-01-18T03:58:05.000000;2016-01-18T03:58:05.000000;16ffa8af-78b2-4132-b831-3f98ff6c7e1d;382.26;0.39;UNKNOWN
2016-01-18T03:58:05.000000;2016-01-18T03:58:05.000000;3e259e67-208a-472d-8977-c52623e998a5;382.27;0.1;UNKNOWN
2016-01-18T04:00:00.000000;2016-01-18T04:00:00.000000;10e41567-6eba-410b-a0f4-34272d22fc6e;382.3;0.09;UNKNOWN
2016-01-18T04:00:05.000000;2016-01-18T04:00:05.000000;ccdf5d30-8d00-4854-b6c5-d123843be7d0;382.26;0.70425612;UNKNOWN
2016-01-18T04:00:05.000000;2016-01-18T04:00:05.000000;1a2fb1c5-48de-40a9-a127-fd52aabeecb5;382.27;0.1;UNKNOWN
2016-01-18T04:00:06.000000;2016-01-18T04:00:06.000000;fa1739ef-e9cc-42bc-8e1b-eed24fb875ef;382.3;0.4626;UNKNOWN
2016-01-18T04:00:30.000000;2016-01-18T04:00:30.000000;1b2eb3ba-c401-46e1-9477-a92cc052dc3c;382.3;0.01;UNKNOWN
2016-01-18T04:02:03.000000;2016-01-18T04:02:03.000000;49fc588a-857f-4a02-9070-07d92f19e0f9;382.26;3.10374388;UNKNOWN
2016-01-18T04:02:03.000000;2016-01-18T04:02:03.000000;2ba5cb46-1005-45aa-b14e-99b8425a9cc2;382.27;0.1;UNKNOWN
2016-01-18T04:02:03.000000;2016-01-18T04:02:03.000000;c19270df-730e-440e-b5f5-4ad2bb67e791;382.27;0.1;UNKNOWN
2016-01-18T04:02:31.000000;2016-01-18T04:02:31.000000;8a7f5593-c437-4e69-847a-250b8a0d02b7;381.75;0.03;UNKNOWN
2016-01-18T04:02:57.000000;2016-01-18T04:02:57.000000;c56821c1-40c7-487a-b29e-13e8fd7f79dd;381.68;0.1;UNKNOWN
2016-01-18T04:02:57.000000;2016-01-18T04:02:57.000000;6732a6ff-0487-4c2c-b6c9-93337fc0decd;381.67;1.0;UNKNOWN
2016-01-18T04:02:57.000000;2016-01-18T04:02:57.000000;5d207609-325f-4fd0-8f44-12503e096194;381.68;0.1;UNKNOWN
2016-01-18T04:02:57.000000;2016-01-18T04:02:57.000000;bc2996ef-b083-4131-b4d9-7ee584ccc419;381.45;9.71747531;UNKNOWN
2016-01-18T04:02:57.000000;2016-01-18T04:02:57.000000;90bd5a72-5e8c-45c7-8172-39525292de4a;381.69;0.53;UNKNOWN
2016-01-18T04:02:57.000000;2016-01-18T04:02:57.000000;7127af65-7976-447e-83fa-23c82c2061af;381.68;0.1;UNKNOWN
2016-01-18T04:02:57.000000;2016-01-18T04:02:57.000000;347b260a-6b0c-4ba5-a3fc-4e442b10a905;381.51;0.14878081;UNKNOWN
2016-01-18T04:03:40.000000;2016-01-18T04:03:40.000000;241df2b7-0661-4b67-bccf-8fa04a710140;381.65;3.0;UNKNOWN
2016-01-18T04:03:40.000000;2016-01-18T04:03:40.000000;b6fa18af-4031-4ec4-987a-586e23a47a6f;381.65;0.61;UNKNOWN
2016-01-18T04:03:40.000000;2016-01-18T04:03:40.000000;782461e8-0f51-4938-a6c7-bca06c0928fa;381.65;0.5;UNKNOWN
2016-01-18T04:04:03.000000;2016-01-18T04:04:03.000000;c76c2c06-5047-4af2-9605-ed07cdeab129;382.17;0.035;UNKNOWN
2016-01-18T04:04:26.000000;2016-01-18T04:04:26.000000;9a246d12-ce79-410b-9f6d-b5fb860769db;382.17;2.62;UNKNOWN
2016-01-18T04:04:26.000000;2016-01-18T04:04:26.000000;bb05e9b9-81b8-4daa-b3c3-cc0f6733eaaa;382.17;2.62;UNKNOWN
2016-01-18T04:04:26.000000;2016-01-18T04:04:26.000000;5c1cfa97-3e96-4aac-89a4-32b04780bd49;382.16;6.511;UNKNOWN
2016-01-18T04:05:05.000000;2016-01-18T04:05:05.000000;8e88d102-b831-4fd5-9898-fc0dd2abe470;382.38;0.15435528;UNKNOWN
2016-01-18T04:11:43.000000;2016-01-18T04:11:43.000000;946e5b5f-956d-4e39-8004-3df1bd5887bd;382.2;0.35;UNKNOWN
