time_exchange;time_coinpai;guid;price;base_amount;taker_side
2016-03-10T00:00:36.000000;2016-03-10T00:00:36.000000;2ff68d4b-e945-40c2-a958-43b6e44d83ae;412.9;6.0065;UNKNOWN
2016-03-10T00:01:08.000000;2016-03-10T00:01:08.000000;675cfb22-3392-422b-909a-475dad973dc7;412.58;0.2417;UNKNOWN
2016-03-10T00:02:08.000000;2016-03-10T00:02:08.000000;82e61ee0-2af7-4955-b688-ad725978fab2;412.56;0.33364;UNKNOWN
2016-03-10T00:02:09.000000;2016-03-10T00:02:09.000000;83177a05-d37f-4861-b5ac-6677c5a6f08a;412.56;0.12013166;UNKNOWN
2016-03-10T00:02:59.000000;2016-03-10T00:02:59.000000;c3223553-1eb4-4cb7-bcaf-a7eaaa262082;412.56;0.21816;UNKNOWN
2016-03-10T00:03:48.000000;2016-03-10T00:03:48.000000;f9a43bde-cb1d-488e-b697-e53be20a1072;412.58;0.0605;UNKNOWN
2016-03-10T00:06:17.000000;2016-03-10T00:06:17.000000;766c7bc4-597c-49af-9bf6-080902817fc8;412.57;0.2375562;UNKNOWN
2016-03-10T00:07:48.000000;2016-03-10T00:07:48.000000;f1117833-b8e6-4658-adf6-05b6eb3866e3;412.58;1.4985;UNKNOWN
2016-03-10T00:07:48.000000;2016-03-10T00:07:48.000000;74bcd271-eed3-4182-b786-1b9022939379;412.58;3.6913;UNKNOWN
2016-03-10T00:07:48.000000;2016-03-10T00:07:48.000000;7067ba92-d4c8-4143-b5f2-6783b501bd04;412.67;4.0;UNKNOWN
2016-03-10T00:07:48.000000;2016-03-10T00:07:48.000000;a1387539-afd8-43c4-a660-6a088a4bbd9f;412.91;12.5914;UNKNOWN
2016-03-10T00:07:53.000000;2016-03-10T00:07:53.000000;bc2e9606-5cfc-47cd-8ed4-0ad62294adbf;412.9;0.02419023;UNKNOWN
2016-03-10T00:08:08.000000;2016-03-10T00:08:08.000000;8d6693d8-541a-410a-bae7-ebaa97d0dac8;413.1;0.01;UNKNOWN
2016-03-10T00:08:08.000000;2016-03-10T00:08:08.000000;3c42a9af-39b9-425b-8b7e-4419d494ee73;413.18;0.2828;UNKNOWN
2016-03-10T00:08:37.000000;2016-03-10T00:08:37.000000;50c065a8-afcb-4151-b2e8-255c87fee60c;413.16;0.45;UNKNOWN
2016-03-10T00:09:11.000000;2016-03-10T00:09:11.000000;54574109-9068-4815-91fe-0e95227e33a7;413.1;0.015;UNKNOWN
2016-03-10T00:09:18.000000;2016-03-10T00:09:18.000000;cae41dc0-f5a7-4892-b1b6-4182be288145;413.09;0.22;UNKNOWN
2016-03-10T00:09:18.000000;2016-03-10T00:09:18.000000;90f0094e-3b20-4e81-8745-89a0e869d885;413.1;0.0216;UNKNOWN
2016-03-10T00:10:10.000000;2016-03-10T00:10:10.000000;0792ce77-af65-4af9-803a-7ddea1c4c2cb;412.96;0.01;UNKNOWN
2016-03-10T00:10:59.000000;2016-03-10T00:10:59.000000;0f7f3a41-917b-4ee8-86c1-c0f2b2fc98de;413.1;0.3136;UNKNOWN
2016-03-10T00:12:53.000000;2016-03-10T00:12:53.000000;5b7188e2-b992-4045-bcb5-2fcbbe70a131;413.1;1.0;UNKNOWN
2016-03-10T00:13:16.000000;2016-03-10T00:13:16.000000;8dd92ad7-0cd1-49ad-9642-835f0f60c224;413.1;0.27276;UNKNOWN
2016-03-10T00:13:16.000000;2016-03-10T00:13:16.000000;796cf3f5-1b5a-42e3-b0df-0fabde27a5ef;413.1;0.05;UNKNOWN
2016-03-10T00:13:16.000000;2016-03-10T00:13:16.000000;06ce1714-c7bd-4f71-ac43-22e703c2348d;413.1;0.1598;UNKNOWN
2016-03-10T00:13:25.000000;2016-03-10T00:13:25.000000;80168bd3-0219-4c29-b577-01b87e710b6d;412.98;0.136904;UNKNOWN
2016-03-10T00:13:38.000000;2016-03-10T00:13:38.000000;3f46f3b9-f88b-4b2c-87e9-ab4fa2856f6d;412.98;0.25692743;UNKNOWN
2016-03-10T00:13:39.000000;2016-03-10T00:13:39.000000;27e5662f-e5ba-4b7c-9b71-58e096143bba;413.1;5.0;UNKNOWN
2016-03-10T00:13:48.000000;2016-03-10T00:13:48.000000;721a98f4-b544-4dce-8039-ec31e04c4e27;412.98;0.10616857;UNKNOWN
2016-03-10T00:13:48.000000;2016-03-10T00:13:48.000000;68099e82-2eed-4079-b5cb-7e310dbbd204;412.97;0.37483727;UNKNOWN
2016-03-10T00:14:08.000000;2016-03-10T00:14:08.000000;7791671b-b1df-40a1-9f61-95ae358f5961;412.97;0.25443633;UNKNOWN
2016-03-10T00:14:28.000000;2016-03-10T00:14:28.000000;b427cba2-9a43-4dcd-8605-e52957d033f6;413.09;0.0966;UNKNOWN
2016-03-10T00:15:05.000000;2016-03-10T00:15:05.000000;e786f5a8-e29a-4323-be1f-0d349f874da1;413.09;2.5;UNKNOWN
2016-03-10T00:16:04.000000;2016-03-10T00:16:04.000000;da31bd71-741f-44d6-8045-c893ec0a0ce6;413.01;0.1;UNKNOWN
2016-03-10T00:16:08.000000;2016-03-10T00:16:08.000000;a32a9fa7-63a4-4585-b6bd-8cca55cef224;413.01;0.03600835;UNKNOWN
2016-03-10T00:19:08.000000;2016-03-10T00:19:08.000000;e0a0b415-f75d-4fc7-8b55-edeaee329e0e;413.01;0.05042864;UNKNOWN
2016-03-10T00:20:58.000000;2016-03-10T00:20:58.000000;ba925a7a-71b5-426f-b0bc-c5f4febc525b;413.02;2.4175;UNKNOWN
2016-03-10T00:21:29.000000;2016-03-10T00:21:29.000000;1b957fc9-a5d9-4b4f-a3b0-35c61ebaab7b;413.01;0.11875995;UNKNOWN
2016-03-10T00:24:03.000000;2016-03-10T00:24:03.000000;ee24a3ab-669e-41fe-93de-c4eabe92c33d;413.01;2.5;UNKNOWN
2016-03-10T00:24:03.000000;2016-03-10T00:24:03.000000;60fe44d6-1f20-4995-9c7e-3980fa5f7d3e;413.01;1.04480306;UNKNOWN
2016-03-10T00:24:08.000000;2016-03-10T00:24:08.000000;f3128ac4-21f6-4eae-b998-35fa53aacbe1;412.96;0.16735;UNKNOWN
2016-03-10T00:24:48.000000;2016-03-10T00:24:48.000000;9a1ed38b-2c83-41bb-9e67-26a044188fc0;412.96;0.60834179;UNKNOWN
2016-03-10T00:24:53.000000;2016-03-10T00:24:53.000000;a57881da-c470-449a-9397-52f97b35a886;412.96;1.22430821;UNKNOWN
2016-03-10T00:25:12.000000;2016-03-10T00:25:12.000000;ade71c5d-4d57-4a8b-916a-9e48f8f1910e;412.9;0.4828721;UNKNOWN
2016-03-10T00:25:48.000000;2016-03-10T00:25:48.000000;9929c21d-49a5-4037-afa1-d27fa92823b2;412.91;0.1813;UNKNOWN
2016-03-10T00:26:55.000000;2016-03-10T00:26:55.000000;7b11473d-655d-4802-82c4-e23c9aa4a924;412.9;0.26504698;UNKNOWN
2016-03-10T00:27:10.000000;2016-03-10T00:27:10.000000;703f6b99-d707-47cc-83b3-a9347674df11;412.9;1.9984;UNKNOWN
2016-03-10T00:27:12.000000;2016-03-10T00:27:12.000000;a7f22c86-8a74-40aa-82f1-dbadde808122;412.9;0.25368092;UNKNOWN
2016-03-10T00:27:17.000000;2016-03-10T00:27:17.000000;b8491251-614c-4d9c-96a4-021f44816ed0;412.7;0.01;UNKNOWN
2016-03-10T00:27:17.000000;2016-03-10T00:27:17.000000;17dbb329-7032-487c-8b2a-bb9c0c912e44;412.61;0.05185;UNKNOWN
2016-03-10T00:28:45.000000;2016-03-10T00:28:45.000000;db304175-5aa4-4db8-a5fc-b94575a7d5ec;412.57;2.0;UNKNOWN
2016-03-10T00:28:46.000000;2016-03-10T00:28:46.000000;3f85e1da-c612-4257-9ffa-6ecd9f4d4cea;412.57;12.4024438;UNKNOWN
2016-03-10T00:28:55.000000;2016-03-10T00:28:55.000000;cc954d14-1de6-471b-a472-51286784eeb6;412.54;0.2;UNKNOWN
2016-03-10T00:29:08.000000;2016-03-10T00:29:08.000000;95b766e4-3ce5-4944-b8e1-e5e3eefd3471;412.13;0.24048358;UNKNOWN
2016-03-10T00:29:08.000000;2016-03-10T00:29:08.000000;a38554f5-7ad9-4493-8556-1ac77620db11;412.5;0.1;UNKNOWN
2016-03-10T00:30:08.000000;2016-03-10T00:30:08.000000;049a6df5-2da7-4bd7-a2a7-7761cc711557;412.1;0.2;UNKNOWN
2016-03-10T00:30:18.000000;2016-03-10T00:30:18.000000;d83a54a9-de1f-4ed6-a721-c33cb9cfbf67;412.09;1.0199;UNKNOWN
2016-03-10T00:30:31.000000;2016-03-10T00:30:31.000000;121337ef-9a69-4e40-8f98-89408a74f274;412.02;14.8415882;UNKNOWN
2016-03-10T00:30:31.000000;2016-03-10T00:30:31.000000;7ab21416-cb1c-4166-ab0a-e79e5120b3b1;412.08;6.0;UNKNOWN
2016-03-10T00:30:31.000000;2016-03-10T00:30:31.000000;e9dbd63f-fa10-4c1d-8d23-6a9f74b93780;412.05;4.0;UNKNOWN
2016-03-10T00:31:18.000000;2016-03-10T00:31:18.000000;30b4a252-b95d-4cdf-89da-dbe6ee8e4327;411.6;0.01;UNKNOWN
2016-03-10T00:31:18.000000;2016-03-10T00:31:18.000000;41f24f06-fb7b-4083-a505-616ecbaa79de;411.4;0.01;UNKNOWN
2016-03-10T00:31:18.000000;2016-03-10T00:31:18.000000;26bbb765-0af8-4119-84f6-51001250a873;411.5;0.01;UNKNOWN
2016-03-10T00:31:18.000000;2016-03-10T00:31:18.000000;621c1aa8-3853-49b3-afec-48dbfe083a00;411.3;0.00514325;UNKNOWN
2016-03-10T00:34:03.000000;2016-03-10T00:34:03.000000;f88e8f46-193d-46bd-8677-8a0f0230d483;411.58;0.8172;UNKNOWN
2016-03-10T00:34:43.000000;2016-03-10T00:34:43.000000;042def18-1237-4dd5-a1a7-768b079b81b9;411.58;1.712063;UNKNOWN
2016-03-10T00:36:12.000000;2016-03-10T00:36:12.000000;973a37b0-57cd-4748-a20f-afc7bff6b410;411.2;0.01;UNKNOWN
2016-03-10T00:36:12.000000;2016-03-10T00:36:12.000000;867c80b2-ed8c-46eb-b628-a847105c8c4d;411.3;0.00485675;UNKNOWN
2016-03-10T00:36:12.000000;2016-03-10T00:36:12.000000;9778efb0-636d-4ad7-a002-b79fb2cf9ae7;411.1;0.96894425;UNKNOWN
2016-03-10T00:36:12.000000;2016-03-10T00:36:12.000000;61920ef3-29f9-4f54-b500-6422bcf70a4a;411.1;0.01;UNKNOWN
2016-03-10T00:37:08.000000;2016-03-10T00:37:08.000000;524052e9-80f2-4449-891c-ed4f14143c0b;411.37;0.38265923;UNKNOWN
2016-03-10T00:37:36.000000;2016-03-10T00:37:36.000000;97718f69-9e60-43a6-87ba-b6e2ec19a4a1;411.35;0.01;UNKNOWN
2016-03-10T00:38:38.000000;2016-03-10T00:38:38.000000;2930f16f-caaf-4864-b27b-8b0a47bc1682;411.34;0.02506335;UNKNOWN
2016-03-10T00:39:08.000000;2016-03-10T00:39:08.000000;70883840-8686-4b40-b1cf-e2a5a3993840;411.3;0.37729529;UNKNOWN
2016-03-10T00:40:06.000000;2016-03-10T00:40:06.000000;7366fa36-4cb4-4a99-810c-0362187ed94b;412.03;0.12235598;UNKNOWN
2016-03-10T00:40:08.000000;2016-03-10T00:40:08.000000;8e083c89-0302-440b-97e9-5046cb77de9b;411.61;0.29733664;UNKNOWN
2016-03-10T00:41:18.000000;2016-03-10T00:41:18.000000;16af7f98-137d-4a1f-8616-f3c04bd6f83d;411.7;0.06020747;UNKNOWN
2016-03-10T00:41:42.000000;2016-03-10T00:41:42.000000;193b213b-3042-4ab7-b9ff-7f8d68a2697c;412.08;1.1;UNKNOWN
2016-03-10T00:41:58.000000;2016-03-10T00:41:58.000000;b489d22e-12e7-4797-8b97-1003bd04e820;411.89;0.02433749;UNKNOWN
2016-03-10T00:43:06.000000;2016-03-10T00:43:06.000000;8a902323-ea52-4962-b9fd-a28e4f9272b2;412.08;1.55;UNKNOWN
2016-03-10T00:43:06.000000;2016-03-10T00:43:06.000000;d2703af8-3447-4c5c-8fa4-50bac756d624;412.07;0.3;UNKNOWN
2016-03-10T00:43:06.000000;2016-03-10T00:43:06.000000;c026d4d2-a3d6-42ec-932b-42dc1af0c326;412.21;1.63689574;UNKNOWN
2016-03-10T00:43:08.000000;2016-03-10T00:43:08.000000;4fb6ecd5-5311-4992-86da-857c624168b9;412.21;1.0;UNKNOWN
2016-03-10T00:45:51.000000;2016-03-10T00:45:51.000000;f2cb539e-e92e-4e4b-bd70-2b70204981c3;412.05;3.4;UNKNOWN
2016-03-10T00:47:08.000000;2016-03-10T00:47:08.000000;f4ecf6ec-c36b-4c53-9d58-561c0803ec46;411.83;0.12146594;UNKNOWN
2016-03-10T00:47:24.000000;2016-03-10T00:47:24.000000;b41faa42-d558-43dd-bb83-c004e752d88e;411.83;0.342898;UNKNOWN
2016-03-10T00:47:27.000000;2016-03-10T00:47:27.000000;a78e0771-6473-4705-bc8f-42b234da05c7;411.83;2.350435;UNKNOWN
2016-03-10T00:47:57.000000;2016-03-10T00:47:57.000000;4ac5cca5-295b-4bdc-8a60-7a753db55e9e;412.05;0.5;UNKNOWN
2016-03-10T00:47:57.000000;2016-03-10T00:47:57.000000;bb29dac3-950e-47d4-a56e-5c8d262a2fc9;412.06;3.0;UNKNOWN
2016-03-10T00:47:57.000000;2016-03-10T00:47:57.000000;19c360d4-22d0-472d-9381-2aa414135774;412.11;5.4582;UNKNOWN
2016-03-10T00:47:57.000000;2016-03-10T00:47:57.000000;536cbd4a-5116-49e2-b2d2-1a580407cf1f;412.05;6.0418;UNKNOWN
2016-03-10T00:47:58.000000;2016-03-10T00:47:58.000000;0e3eee41-9120-4302-9d78-7e27e7476eaa;411.62;0.72828801;UNKNOWN
2016-03-10T00:48:07.000000;2016-03-10T00:48:07.000000;c0457276-5bfc-42cb-847e-4528765f3a3b;412.16;0.5;UNKNOWN
2016-03-10T00:48:07.000000;2016-03-10T00:48:07.000000;f9c00699-075b-4424-b236-43b24422ea2a;412.15;0.5;UNKNOWN
2016-03-10T00:49:01.000000;2016-03-10T00:49:01.000000;0640e7c0-e3d1-4e3b-a366-96276569d5e7;411.78;1.35476;UNKNOWN
2016-03-10T00:49:03.000000;2016-03-10T00:49:03.000000;ccd97285-d814-4f75-9e0a-373a0beb5cca;411.8;0.708662;UNKNOWN
2016-03-10T00:49:08.000000;2016-03-10T00:49:08.000000;be9e7615-7962-49b4-8233-836f64ac2c3f;411.8;1.507477;UNKNOWN
2016-03-10T00:50:44.000000;2016-03-10T00:50:44.000000;5bbad1d0-133b-480b-8824-53497fc841c0;411.78;2.650016;UNKNOWN
2016-03-10T00:50:48.000000;2016-03-10T00:50:48.000000;14f60c46-b15c-4e16-97a7-aebe42e34b9e;411.58;1.226801;UNKNOWN
2016-03-10T00:51:08.000000;2016-03-10T00:51:08.000000;4278fc95-b400-4a11-8d26-e763382fce03;412.19;0.01;UNKNOWN
2016-03-10T00:53:05.000000;2016-03-10T00:53:05.000000;e8078903-85de-4df0-bf6a-c7d073ec41b5;412.18;0.14358436;UNKNOWN
2016-03-10T00:53:28.000000;2016-03-10T00:53:28.000000;106f6753-e0ed-4201-b64b-4e0056a05e6a;412.04;0.13370017;UNKNOWN
2016-03-10T00:54:08.000000;2016-03-10T00:54:08.000000;9ba447cc-1802-4a0f-a913-173d5ca300bf;412.04;1.21268;UNKNOWN
2016-03-10T00:55:08.000000;2016-03-10T00:55:08.000000;0538e1cd-1644-4ba8-8fc1-61971cdee3bd;412.04;0.12036302;UNKNOWN
2016-03-10T00:57:06.000000;2016-03-10T00:57:06.000000;d4124d0a-62d9-4c6c-9d89-513a72d50b4a;412.19;0.88;UNKNOWN
2016-03-10T00:57:06.000000;2016-03-10T00:57:06.000000;584ae68d-f72c-4052-a0d0-eafd0ab05826;412.19;0.92;UNKNOWN
2016-03-10T00:57:28.000000;2016-03-10T00:57:28.000000;f97f40fa-1366-4073-9500-d46482e60d68;412.07;0.0212;UNKNOWN
2016-03-10T00:58:48.000000;2016-03-10T00:58:48.000000;dbe9e1ae-c34f-458d-aeae-6579cd97d17d;412.07;0.08016559;UNKNOWN
2016-03-10T01:00:31.000000;2016-03-10T01:00:31.000000;75601b4b-9fbc-44d0-ada9-5b73fb9d1c24;412.11;1.0;UNKNOWN
2016-03-10T01:01:48.000000;2016-03-10T01:01:48.000000;35ef218f-12d9-4d4b-a7a3-3ccf493c5400;412.11;0.04858521;UNKNOWN
2016-03-10T01:02:24.000000;2016-03-10T01:02:24.000000;7a1f349f-848d-4b1a-807c-7f476a74d7f6;412.05;2.35064098;UNKNOWN
2016-03-10T01:02:24.000000;2016-03-10T01:02:24.000000;505cdd90-65da-4394-8494-a0156eeb90ec;412.11;0.14935902;UNKNOWN
2016-03-10T01:03:08.000000;2016-03-10T01:03:08.000000;76533d5b-0f88-4147-b919-d8ec43102147;411.77;0.351915;UNKNOWN
2016-03-10T01:03:48.000000;2016-03-10T01:03:48.000000;e5f76869-e3cd-4eef-9d56-68c8891a4177;411.77;0.12392916;UNKNOWN
2016-03-10T01:07:04.000000;2016-03-10T01:07:04.000000;d0a73fc4-f19c-4683-9f44-037203f05eef;411.78;3.0;UNKNOWN
2016-03-10T01:07:04.000000;2016-03-10T01:07:04.000000;3df1aa69-7c1e-4c3f-ab9f-e295d52e32e7;411.78;0.5;UNKNOWN
2016-03-10T01:07:12.000000;2016-03-10T01:07:12.000000;d8f4c2e8-4530-4dd9-803f-b6cb6aa1ec03;411.77;0.225837;UNKNOWN
2016-03-10T01:07:15.000000;2016-03-10T01:07:15.000000;14f58e81-f562-428f-94c6-2be6eb3035f5;411.77;0.163249;UNKNOWN
2016-03-10T01:07:18.000000;2016-03-10T01:07:18.000000;c07c2b14-3c3d-40a2-bb29-449497874d2e;411.77;0.117263;UNKNOWN
2016-03-10T01:08:06.000000;2016-03-10T01:08:06.000000;6830504b-48fe-4664-a97a-60813b3c4ec0;411.78;0.1;UNKNOWN
2016-03-10T01:10:34.000000;2016-03-10T01:10:34.000000;112df31d-1d72-440f-b6c2-9c60ca215716;411.77;0.5149;UNKNOWN
2016-03-10T01:12:18.000000;2016-03-10T01:12:18.000000;67178e67-5285-41b6-80bb-8b2544053697;411.77;0.129978;UNKNOWN
2016-03-10T01:14:40.000000;2016-03-10T01:14:40.000000;566f81ae-4f34-4338-8566-4c90cd20a3c8;411.77;0.023541;UNKNOWN
2016-03-10T01:14:58.000000;2016-03-10T01:14:58.000000;5364f5db-8921-48d7-b673-f0f70d7d547f;411.77;0.03646457;UNKNOWN
2016-03-10T01:15:06.000000;2016-03-10T01:15:06.000000;385bb78c-1b07-459e-bb86-20c11071e90b;411.91;1.85;UNKNOWN
2016-03-10T01:15:06.000000;2016-03-10T01:15:06.000000;ca916f15-d48e-4f3e-b0fd-57e80c33bb1b;411.78;0.15;UNKNOWN
2016-03-10T01:15:26.000000;2016-03-10T01:15:26.000000;dba9068b-d082-4240-af49-1edd9d70db80;411.99;2.0;UNKNOWN
2016-03-10T01:15:28.000000;2016-03-10T01:15:28.000000;e70e3419-975f-4027-bdd8-0cd226f52917;411.84;0.04861942;UNKNOWN
2016-03-10T01:15:46.000000;2016-03-10T01:15:46.000000;0853712d-21c1-405d-a940-7483d22e44e8;412.04;2.0;UNKNOWN
2016-03-10T01:16:06.000000;2016-03-10T01:16:06.000000;da41792f-bf7d-489d-8074-94da3cf29f1d;412.04;2.0;UNKNOWN
2016-03-10T01:16:27.000000;2016-03-10T01:16:27.000000;fca9469d-4b6b-4a24-90c9-efeecfcb8e79;412.05;2.0;UNKNOWN
2016-03-10T01:16:46.000000;2016-03-10T01:16:46.000000;ee684ca1-4ba1-4dd0-ba1d-4fb8a72bacfa;412.12;2.0;UNKNOWN
2016-03-10T01:17:06.000000;2016-03-10T01:17:06.000000;debdd64a-2741-4919-b9f9-24b7aacb8bbf;412.14;1.83;UNKNOWN
2016-03-10T01:17:06.000000;2016-03-10T01:17:06.000000;54ec4838-fe6f-4c3f-9160-740b1ebafced;412.12;0.17;UNKNOWN
2016-03-10T01:17:26.000000;2016-03-10T01:17:26.000000;be6a169c-6b09-4255-a600-62d873c27cc3;412.13;2.0;UNKNOWN
2016-03-10T01:17:47.000000;2016-03-10T01:17:47.000000;31cced32-37d3-4b3a-9090-5bd4657cb32a;412.14;2.0;UNKNOWN
2016-03-10T01:18:07.000000;2016-03-10T01:18:07.000000;0349e6f7-409c-496d-abb0-a0ef712b5e5a;412.14;2.0;UNKNOWN
2016-03-10T01:18:08.000000;2016-03-10T01:18:08.000000;642aed29-f3d8-4f77-aeb8-4b7ce387064e;411.99;0.02438382;UNKNOWN
2016-03-10T01:18:09.000000;2016-03-10T01:18:09.000000;0a214566-349f-48ae-81b9-617e65e4a136;412.14;5.1489;UNKNOWN
2016-03-10T01:18:09.000000;2016-03-10T01:18:09.000000;1fd21552-9cb6-4046-9e00-bf36ad8f0e69;412.2;50.0;UNKNOWN
2016-03-10T01:18:09.000000;2016-03-10T01:18:09.000000;7674eece-7305-4725-8a22-bc31992fe96c;412.15;22.1936;UNKNOWN
2016-03-10T01:18:19.000000;2016-03-10T01:18:19.000000;4b837d81-6ea7-481d-a261-031bceec79f9;412.23;0.05;UNKNOWN
2016-03-10T01:18:27.000000;2016-03-10T01:18:27.000000;70334d44-3030-463c-99fd-43c76c826c26;412.33;2.0;UNKNOWN
2016-03-10T01:18:46.000000;2016-03-10T01:18:46.000000;9ca86498-0993-4b4c-acec-4a9532f87c72;412.33;2.0;UNKNOWN
2016-03-10T01:19:06.000000;2016-03-10T01:19:06.000000;0ecc5c2a-75c8-4df5-ba7f-75a8703ef1c3;412.33;0.78795351;UNKNOWN
2016-03-10T01:19:06.000000;2016-03-10T01:19:06.000000;f460b9e9-4440-4db4-a5e6-51e2bb694343;412.38;1.21204649;UNKNOWN
2016-03-10T01:19:47.000000;2016-03-10T01:19:47.000000;bf210ab6-f806-49f0-a691-12fb2a1a30b7;412.35;2.0;UNKNOWN
2016-03-10T01:20:06.000000;2016-03-10T01:20:06.000000;d52d79c4-ca9d-4fa1-802f-5b447ab2adf5;412.35;2.0;UNKNOWN
2016-03-10T01:20:28.000000;2016-03-10T01:20:28.000000;49d8b110-d1ea-4373-9fb1-143b524c6201;412.43;2.0;UNKNOWN
2016-03-10T01:20:47.000000;2016-03-10T01:20:47.000000;6784eead-60a7-454c-8f64-b25d419eca64;412.43;2.0;UNKNOWN
2016-03-10T01:21:06.000000;2016-03-10T01:21:06.000000;776590ff-df73-44d1-95c7-638ffa270ffe;412.47;1.21158796;UNKNOWN
2016-03-10T01:21:06.000000;2016-03-10T01:21:06.000000;008fda32-c94a-417a-95f2-872a35bfa19d;412.43;0.78841204;UNKNOWN
2016-03-10T01:21:28.000000;2016-03-10T01:21:28.000000;323ac9c8-570e-42e0-95e4-2f4db68566b8;412.5;2.0;UNKNOWN
2016-03-10T01:22:07.000000;2016-03-10T01:22:07.000000;08a105a4-0bf6-4fe4-ae44-43550289d507;412.5;2.0;UNKNOWN
2016-03-10T01:22:08.000000;2016-03-10T01:22:08.000000;a429ce5f-5855-49e7-8294-ad12b171f593;412.35;0.09716;UNKNOWN
2016-03-10T01:22:26.000000;2016-03-10T01:22:26.000000;0a796e5b-bd94-43ad-94f9-c1ea0a6e6234;412.51;1.0;UNKNOWN
2016-03-10T01:22:26.000000;2016-03-10T01:22:26.000000;3b53f279-e75d-4c77-aff6-a70785616804;412.5;1.0;UNKNOWN
2016-03-10T01:22:29.000000;2016-03-10T01:22:29.000000;5b0ea6f5-684d-4b17-8c51-c28c259ae5ea;412.35;6.0154;UNKNOWN
2016-03-10T01:22:29.000000;2016-03-10T01:22:29.000000;0c161caf-5ac6-4fa4-a127-dd55d276d127;412.36;3.0;UNKNOWN
2016-03-10T01:22:29.000000;2016-03-10T01:22:29.000000;6e917e3c-20b5-4930-a453-46f4a0e56a59;412.22;5.4846;UNKNOWN
2016-03-10T01:22:29.000000;2016-03-10T01:22:29.000000;f2ec6d94-d439-471f-a918-5877b4c1b32f;412.36;0.5;UNKNOWN
2016-03-10T01:22:46.000000;2016-03-10T01:22:46.000000;1b410920-6c97-4c43-9a92-69d127b9d8c6;412.51;2.0;UNKNOWN
2016-03-10T01:22:49.000000;2016-03-10T01:22:49.000000;d25e832c-4208-479f-9327-864307b5db58;412.51;1.78795351;UNKNOWN
2016-03-10T01:22:49.000000;2016-03-10T01:22:49.000000;f7c24c4d-479d-44d1-9793-68fecd5f4f4b;412.55;4.78795351;UNKNOWN
2016-03-10T01:22:49.000000;2016-03-10T01:22:49.000000;763ac32d-0338-4be7-88e5-baad7f611cdc;412.59;4.78795351;UNKNOWN
2016-03-10T01:22:49.000000;2016-03-10T01:22:49.000000;77dbd66f-cbca-4fb0-9730-6ca091ea51ed;412.6;0.01;UNKNOWN
2016-03-10T01:22:57.000000;2016-03-10T01:22:57.000000;16fc4f91-2c76-4dcc-b402-ce7f35ca35c8;412.6;15.0;UNKNOWN
2016-03-10T01:23:06.000000;2016-03-10T01:23:06.000000;607d1e48-5e86-40ba-86af-7c1592cfee55;412.6;15.0;UNKNOWN
2016-03-10T01:23:06.000000;2016-03-10T01:23:06.000000;5afdb29f-d623-46ed-b31a-e834ce963928;412.67;1.5;UNKNOWN
2016-03-10T01:23:06.000000;2016-03-10T01:23:06.000000;b1d54cb2-c906-414c-8811-05defbb717a2;412.66;0.5;UNKNOWN
2016-03-10T01:23:13.000000;2016-03-10T01:23:13.000000;d7e66fab-ca40-4f58-8094-d55c21e5b5a9;412.6;35.0;UNKNOWN
2016-03-10T01:23:15.000000;2016-03-10T01:23:15.000000;940d4e59-28ad-44a6-a9ba-b9a517502b33;412.6;15.0;UNKNOWN
2016-03-10T01:23:24.000000;2016-03-10T01:23:24.000000;4c08c77f-3997-4f38-9d78-0bdc4eb244ba;412.6;5.0;UNKNOWN
2016-03-10T01:23:26.000000;2016-03-10T01:23:26.000000;aa87e10d-650b-4da8-8f49-c100868c1f26;412.63;2.0;UNKNOWN
2016-03-10T01:23:33.000000;2016-03-10T01:23:33.000000;98eaacde-2b20-4d30-b3e5-db264ecbbce2;412.6;3.62613947;UNKNOWN
2016-03-10T01:23:33.000000;2016-03-10T01:23:33.000000;7a34e2a8-cdd4-4752-92b7-6110cc2a579d;412.24;1.37386053;UNKNOWN
2016-03-10T01:23:46.000000;2016-03-10T01:23:46.000000;7b51dd38-0848-4f67-81bc-d936b8714e9d;412.45;2.0;UNKNOWN
2016-03-10T01:24:06.000000;2016-03-10T01:24:06.000000;dc11b436-f11b-4d50-86f0-ef57ba9d09cd;412.59;2.0;UNKNOWN
2016-03-10T01:24:26.000000;2016-03-10T01:24:26.000000;50eea12b-4831-4de7-aa2f-dd901dd833a4;412.75;1.99;UNKNOWN
2016-03-10T01:24:26.000000;2016-03-10T01:24:26.000000;e32391dd-fe7d-488e-ba93-dec73c9314dd;412.7;0.01;UNKNOWN
2016-03-10T01:24:27.000000;2016-03-10T01:24:27.000000;16706da1-e83a-4af9-b1cc-c741b0be9ea6;412.36;1.80006961;UNKNOWN
2016-03-10T01:24:40.000000;2016-03-10T01:24:40.000000;dee724b8-94b8-4ef7-857e-dfbe97a1ac64;412.4;3.9591;UNKNOWN
2016-03-10T01:24:40.000000;2016-03-10T01:24:40.000000;39d011b7-5750-46f3-b69b-41aa69630ad1;412.47;6.0409;UNKNOWN
2016-03-10T01:24:46.000000;2016-03-10T01:24:46.000000;fd102f36-9636-4f67-94f6-e09bb295033d;412.65;2.0;UNKNOWN
2016-03-10T01:24:59.000000;2016-03-10T01:24:59.000000;ba1b0f44-516c-406c-a7dc-8e84689dcecc;412.53;1.5;UNKNOWN
2016-03-10T01:25:06.000000;2016-03-10T01:25:06.000000;c3989a3b-5770-4100-b163-9e0b6fb4bcda;412.64;2.0;UNKNOWN
2016-03-10T01:25:08.000000;2016-03-10T01:25:08.000000;9ba7dca0-e8d7-4ebc-a18a-2ceaa951e02b;412.42;5.0;UNKNOWN
2016-03-10T01:25:09.000000;2016-03-10T01:25:09.000000;3c524c51-307b-432f-8344-a822f805c526;412.4;0.12137757;UNKNOWN
2016-03-10T01:25:20.000000;2016-03-10T01:25:20.000000;031e0a5e-ad92-4c45-8183-0a047c2bd4a4;412.5;2.5;UNKNOWN
2016-03-10T01:25:26.000000;2016-03-10T01:25:26.000000;4dc6fe10-256a-4b8c-a51d-81f32da5b66f;412.59;2.0;UNKNOWN
2016-03-10T01:25:28.000000;2016-03-10T01:25:28.000000;3683ebe4-8667-4eaa-b9e5-2790c38c6d28;412.4;1.5161;UNKNOWN
2016-03-10T01:25:28.000000;2016-03-10T01:25:28.000000;6cf85fb7-24ab-4d5a-8ecd-74f16045ce6b;412.53;5.9839;UNKNOWN
2016-03-10T01:25:46.000000;2016-03-10T01:25:46.000000;92dbd69c-50a4-47b0-9fbf-0cc47320ed17;412.69;2.0;UNKNOWN
2016-03-10T01:26:06.000000;2016-03-10T01:26:06.000000;9d634a93-0e5a-423d-b355-7894bb5dafd9;412.69;2.0;UNKNOWN
2016-03-10T01:26:30.000000;2016-03-10T01:26:30.000000;7b3e7f2e-3535-4019-aa95-e752add10c1d;412.72;2.0;UNKNOWN
2016-03-10T01:26:32.000000;2016-03-10T01:26:32.000000;32d92bfd-b5d1-4f3f-a9aa-c72fba993f19;412.76;19.7751;UNKNOWN
2016-03-10T01:26:32.000000;2016-03-10T01:26:32.000000;13a3fdb2-5201-4959-b37d-87f1fa670130;412.8;4.78652116;UNKNOWN
2016-03-10T01:26:32.000000;2016-03-10T01:26:32.000000;ef71033f-7b8b-478e-b714-3555440b7672;412.76;4.78652116;UNKNOWN
2016-03-10T01:26:32.000000;2016-03-10T01:26:32.000000;950eac6c-8499-4305-b17f-f2291f7d17c8;412.73;7.9942;UNKNOWN
2016-03-10T01:26:32.000000;2016-03-10T01:26:32.000000;56975ca5-86a6-4b98-bac6-5b5541e5ecb8;412.8;0.01;UNKNOWN
2016-03-10T01:26:32.000000;2016-03-10T01:26:32.000000;d9a6abb5-9bf6-4ce1-8757-b68cfe6f70d7;412.77;12.4813;UNKNOWN
2016-03-10T01:26:35.000000;2016-03-10T01:26:35.000000;f86258c5-95da-4358-8d0a-c6159e885f41;412.8;5.69;UNKNOWN
2016-03-10T01:26:35.000000;2016-03-10T01:26:35.000000;628cec1e-04a2-40f4-955b-fbbf73392d88;412.8;2.19;UNKNOWN
2016-03-10T01:26:38.000000;2016-03-10T01:26:38.000000;22c8be79-90f4-4525-9c66-affb784b7aec;412.8;0.72824796;UNKNOWN
2016-03-10T01:26:46.000000;2016-03-10T01:26:46.000000;76dc5005-f47f-4432-b3d9-51c4e0706725;412.83;2.0;UNKNOWN
2016-03-10T01:27:07.000000;2016-03-10T01:27:07.000000;22c71e64-43d8-4bc1-9844-19c6f4d35e8a;412.83;2.0;UNKNOWN
2016-03-10T01:27:26.000000;2016-03-10T01:27:26.000000;c76d3195-ae4c-4a38-811b-c0a7dcea9895;412.83;1.21342157;UNKNOWN
2016-03-10T01:27:26.000000;2016-03-10T01:27:26.000000;2e564d25-5b08-47b5-8444-0e630a1f8224;412.83;0.78657843;UNKNOWN
2016-03-10T01:27:28.000000;2016-03-10T01:27:28.000000;4b467cfa-3bd2-4a03-b4dd-4805706c9b69;412.82;0.04853102;UNKNOWN
2016-03-10T01:29:08.000000;2016-03-10T01:29:08.000000;1f23186e-1211-422f-b58c-7b81731089cb;412.8;0.48148683;UNKNOWN
2016-03-10T01:31:58.000000;2016-03-10T01:31:58.000000;b8cff06e-253f-4284-8bb6-304869e21792;412.51;0.06062263;UNKNOWN
2016-03-10T01:32:38.000000;2016-03-10T01:32:38.000000;05822551-0957-46a2-88e8-639022e6b411;412.51;0.72800072;UNKNOWN
2016-03-10T01:37:08.000000;2016-03-10T01:37:08.000000;d784a382-5cae-4a64-ac4d-a110b1b1bb1d;412.51;0.30050244;UNKNOWN
2016-03-10T01:37:18.000000;2016-03-10T01:37:18.000000;7f230ee5-293d-44d9-8eea-7000e66f9a8c;411.91;1.4495;UNKNOWN
2016-03-10T01:37:18.000000;2016-03-10T01:37:18.000000;68b29a13-2e5b-4841-956d-733a867492fd;411.92;6.0505;UNKNOWN
2016-03-10T01:37:18.000000;2016-03-10T01:37:18.000000;a747f397-79ce-490c-ae2d-53e5964e46e2;411.91;4.5505;UNKNOWN
2016-03-10T01:37:18.000000;2016-03-10T01:37:18.000000;16a7a60e-be19-4548-8aba-08d8bc7ef0de;411.85;2.4495;UNKNOWN
2016-03-10T01:37:18.000000;2016-03-10T01:37:18.000000;233b24f9-4ccc-4197-ab75-35ad46991f6e;411.93;0.5;UNKNOWN
2016-03-10T01:37:19.000000;2016-03-10T01:37:19.000000;e651d32e-6bb3-48e4-ba7d-874da3ddcd3f;411.85;2.0505;UNKNOWN
2016-03-10T01:37:19.000000;2016-03-10T01:37:19.000000;e0894e83-c954-4121-8371-44e995f911a9;411.85;7.5;UNKNOWN
2016-03-10T01:37:19.000000;2016-03-10T01:37:19.000000;2c681390-91a1-4de1-9487-6179f2b59cb3;411.84;2.4495;UNKNOWN
2016-03-10T01:37:19.000000;2016-03-10T01:37:19.000000;52d54260-4044-4eed-aa5f-faaacdbd314a;411.93;3.0;UNKNOWN
2016-03-10T01:37:20.000000;2016-03-10T01:37:20.000000;750b1773-20c7-4d7b-9e5c-a54bfb233f53;411.84;0.56004;UNKNOWN
2016-03-10T01:37:28.000000;2016-03-10T01:37:28.000000;dd8f7031-5d1c-43de-b743-9a62811b232e;412.03;0.05005;UNKNOWN
2016-03-10T01:37:31.000000;2016-03-10T01:37:31.000000;b2f25ddb-be17-4c1b-87c0-6494db822105;412.0;2.45;UNKNOWN
2016-03-10T01:38:05.000000;2016-03-10T01:38:05.000000;42f61d9f-090a-4107-bdef-133197541e04;412.17;2.0;UNKNOWN
2016-03-10T01:38:08.000000;2016-03-10T01:38:08.000000;237bc3e8-78ce-4f4a-ad0e-395b7ddcc5b6;412.02;0.7038994;UNKNOWN
2016-03-10T01:41:36.000000;2016-03-10T01:41:36.000000;b62b2df5-48d4-4984-bf3d-5ef134828092;412.07;0.012045;UNKNOWN
2016-03-10T01:41:39.000000;2016-03-10T01:41:39.000000;8e534c70-87ed-4876-94b3-9f1bed222051;412.07;0.010088;UNKNOWN
2016-03-10T01:42:08.000000;2016-03-10T01:42:08.000000;b9f016a1-a53b-40b8-8bb8-cb0f6e8db19d;412.13;0.7288488;UNKNOWN
2016-03-10T01:43:57.000000;2016-03-10T01:43:57.000000;3b6be0fe-42bf-42a7-b854-143208546b0e;412.07;0.5;UNKNOWN
2016-03-10T01:43:57.000000;2016-03-10T01:43:57.000000;7948bd6c-5f48-41e8-841e-b310e249d47e;412.04;0.02;UNKNOWN
2016-03-10T01:43:57.000000;2016-03-10T01:43:57.000000;ba84d969-02f6-4c64-b82f-8caedc825b6f;412.07;5.9596;UNKNOWN
2016-03-10T01:43:57.000000;2016-03-10T01:43:57.000000;21bcaff6-4fbb-4d3f-be3a-7f6ced3cfb00;412.07;3.0;UNKNOWN
2016-03-10T01:43:57.000000;2016-03-10T01:43:57.000000;63b43ab9-71cc-4ca9-aa62-b69e81f8076d;412.07;22.5204;UNKNOWN
2016-03-10T01:46:14.000000;2016-03-10T01:46:14.000000;c01e01ea-22b2-4243-877a-a6a66ce3782e;411.93;3.5;UNKNOWN
2016-03-10T01:46:14.000000;2016-03-10T01:46:14.000000;f9452d22-3593-472a-baa9-207db64e5071;411.92;3.0;UNKNOWN
2016-03-10T01:46:14.000000;2016-03-10T01:46:14.000000;c0f0391c-8a93-4bc0-8c66-bdcda72cb1a3;411.92;0.5;UNKNOWN
2016-03-10T01:49:06.000000;2016-03-10T01:49:06.000000;88f38d24-d6ec-42c5-bc37-14ae0cf6b6e1;411.93;1.73900481;UNKNOWN
2016-03-10T01:51:08.000000;2016-03-10T01:51:08.000000;960e16ee-80e0-4d4f-943c-67baf6cfef3b;411.91;0.23;UNKNOWN
2016-03-10T01:52:18.000000;2016-03-10T01:52:18.000000;da0b5b2f-8787-458f-81dc-4cdb28715a25;411.92;6.0151;UNKNOWN
2016-03-10T01:52:48.000000;2016-03-10T01:52:48.000000;dd00e01f-dede-4682-8c5b-51f183e76693;412.34;0.1396;UNKNOWN
2016-03-10T01:54:05.000000;2016-03-10T01:54:05.000000;e4004345-b37d-43ca-b79c-9bb86d856e51;412.45;0.02411614;UNKNOWN
2016-03-10T01:54:38.000000;2016-03-10T01:54:38.000000;5a11d0b3-b729-49fc-aa48-0d57410dbded;412.41;3.0;UNKNOWN
2016-03-10T01:54:38.000000;2016-03-10T01:54:38.000000;fb773b4a-7c25-4a42-89b0-ed6e97b333ce;412.4;5.9828;UNKNOWN
2016-03-10T01:54:38.000000;2016-03-10T01:54:38.000000;be633f01-b0ef-454a-afd4-28341e0550db;412.41;0.5;UNKNOWN
2016-03-10T01:54:38.000000;2016-03-10T01:54:38.000000;168e301c-5c89-480b-a05a-3fa5b2313174;412.55;7.5302;UNKNOWN
2016-03-10T01:59:17.000000;2016-03-10T01:59:17.000000;267bbb29-4d25-486f-bdca-350c5b3540de;411.9;0.04;UNKNOWN
2016-03-10T01:59:17.000000;2016-03-10T01:59:17.000000;2c202bd2-81e9-470f-9e00-b351dba2891a;411.81;0.00860407;UNKNOWN
2016-03-10T01:59:45.000000;2016-03-10T01:59:45.000000;1e0bc438-27e7-4e90-a2c7-e2e2ac7ee199;411.83;0.05730343;UNKNOWN
2016-03-10T02:01:05.000000;2016-03-10T02:01:05.000000;611d2c83-6070-4b77-aee7-feb44a8067c5;411.83;0.01102791;UNKNOWN
2016-03-10T02:05:15.000000;2016-03-10T02:05:15.000000;a6e89199-c43a-4c7c-8479-a58bd538f2ff;411.8;0.05;UNKNOWN
2016-03-10T02:06:05.000000;2016-03-10T02:06:05.000000;6869b5d8-1b1c-49f6-9c6d-0acf36a33804;411.8;0.0610491;UNKNOWN
2016-03-10T02:06:10.000000;2016-03-10T02:06:10.000000;dcadf97c-827d-4d3c-90be-ae5a68b1a756;411.8;0.15432577;UNKNOWN
2016-03-10T02:06:14.000000;2016-03-10T02:06:14.000000;8cadbb66-b1ee-4f88-bec6-809df002d221;411.8;0.07049129;UNKNOWN
2016-03-10T02:08:06.000000;2016-03-10T02:08:06.000000;4cc1c56f-b25a-43ff-a49e-bd674d29f089;411.8;0.16413384;UNKNOWN
2016-03-10T02:08:06.000000;2016-03-10T02:08:06.000000;07945210-fc06-44e5-9d7b-ab90856918dd;411.3;0.01;UNKNOWN
2016-03-10T02:08:06.000000;2016-03-10T02:08:06.000000;c7911ca3-fbf7-41e4-bdb0-733344ea0184;411.44;0.09;UNKNOWN
2016-03-10T02:08:06.000000;2016-03-10T02:08:06.000000;0cacba0c-5493-449e-813b-223abc7a89ff;411.35;0.58;UNKNOWN
2016-03-10T02:08:06.000000;2016-03-10T02:08:06.000000;8a00dc61-553c-4484-9898-a5915f7a942d;411.27;3.53566616;UNKNOWN
2016-03-10T02:09:06.000000;2016-03-10T02:09:06.000000;d38608f4-be68-4a8d-8283-4ff0653e16f4;411.68;0.07201227;UNKNOWN
2016-03-10T02:09:38.000000;2016-03-10T02:09:38.000000;fc9352fc-0f7c-40ba-b862-bb16c1aeebd0;411.52;0.04861588;UNKNOWN
2016-03-10T02:11:06.000000;2016-03-10T02:11:06.000000;94dc5435-de12-49a8-a88a-73ca1919b325;411.54;0.23723198;UNKNOWN
2016-03-10T02:11:55.000000;2016-03-10T02:11:55.000000;5ac0fd7d-799a-4dfd-8de4-7ed20191b866;411.28;0.21707749;UNKNOWN
2016-03-10T02:14:58.000000;2016-03-10T02:14:58.000000;022a0c89-104c-4cdb-85bd-83145552a854;411.55;0.02433926;UNKNOWN
2016-03-10T02:16:05.000000;2016-03-10T02:16:05.000000;abca76cb-b259-414d-aecc-67f4f8db7129;412.02;0.1;UNKNOWN
2016-03-10T02:16:06.000000;2016-03-10T02:16:06.000000;6f2102c0-7be1-4cbf-9679-28b1c3872cdc;412.02;0.1437423;UNKNOWN
2016-03-10T02:16:19.000000;2016-03-10T02:16:19.000000;05680fcb-2d3a-477d-b361-95df10323aa6;411.59;0.18242027;UNKNOWN
2016-03-10T02:16:29.000000;2016-03-10T02:16:29.000000;bdbef0ed-c15a-4a04-b6da-841d78c3b20c;411.56;0.24339267;UNKNOWN
2016-03-10T02:16:32.000000;2016-03-10T02:16:32.000000;b1e955f2-e396-4331-9aa7-53fb95fb80f4;411.56;0.12891033;UNKNOWN
2016-03-10T02:18:08.000000;2016-03-10T02:18:08.000000;a9f5842a-435e-444c-a877-4a41b53ca06d;411.45;0.27105969;UNKNOWN
2016-03-10T02:18:08.000000;2016-03-10T02:18:08.000000;abd56001-257b-4ad6-9133-5f8913e2e666;411.46;0.05;UNKNOWN
2016-03-10T02:18:09.000000;2016-03-10T02:18:09.000000;0edc73df-aa7c-41d7-bfda-49b4e55b5f6b;411.45;0.122513;UNKNOWN
2016-03-10T02:21:48.000000;2016-03-10T02:21:48.000000;dc3613cc-e879-43fe-9ca1-4fe125b25e59;411.63;0.48619427;UNKNOWN
2016-03-10T02:22:00.000000;2016-03-10T02:22:00.000000;c1d2d4ed-737a-4ce0-8792-ce4b942ad419;411.91;0.2;UNKNOWN
2016-03-10T02:22:08.000000;2016-03-10T02:22:08.000000;e2579571-25da-4bc8-99b9-3d66da87ad72;411.73;0.04850954;UNKNOWN
2016-03-10T02:23:33.000000;2016-03-10T02:23:33.000000;45918535-bfc3-4007-89bd-27168fa25173;411.9;0.5;UNKNOWN
2016-03-10T02:23:34.000000;2016-03-10T02:23:34.000000;3d6708bf-3a6c-497b-9dc2-b4fa9f4f6801;411.92;0.68;UNKNOWN
2016-03-10T02:25:35.000000;2016-03-10T02:25:35.000000;f0934c5c-1dd6-41d6-b171-05522dfcb55f;411.91;0.027119;UNKNOWN
2016-03-10T02:25:49.000000;2016-03-10T02:25:49.000000;a01f536b-0800-467d-b473-1e0f56abb233;411.7;0.05346318;UNKNOWN
2016-03-10T02:26:08.000000;2016-03-10T02:26:08.000000;e4fb710f-28dc-41e9-954e-9281b429d00d;411.76;0.055798;UNKNOWN
2016-03-10T02:28:08.000000;2016-03-10T02:28:08.000000;92ab0347-fd2a-4608-8bd9-3453217ea620;411.76;0.02406738;UNKNOWN
2016-03-10T02:28:17.000000;2016-03-10T02:28:17.000000;209af113-c043-4f00-9e4b-2cb20037147b;411.78;0.73;UNKNOWN
2016-03-10T02:30:23.000000;2016-03-10T02:30:23.000000;53001f28-1d58-43b2-940b-fa814d3cc73b;411.7;1.7003676;UNKNOWN
2016-03-10T02:30:23.000000;2016-03-10T02:30:23.000000;256cb240-6499-4d26-8673-aad5a3689129;411.78;5.3018;UNKNOWN
2016-03-10T02:34:18.000000;2016-03-10T02:34:18.000000;12f206b9-7730-4832-8ce7-247d1210dd72;411.7;0.02431384;UNKNOWN
2016-03-10T02:35:47.000000;2016-03-10T02:35:47.000000;7fdabad6-540f-4055-9c97-225ecc788609;411.7;0.198824;UNKNOWN
2016-03-10T02:35:50.000000;2016-03-10T02:35:50.000000;14593a07-b645-4d16-bd7e-de98b0fc4ce8;411.7;2.454711;UNKNOWN
2016-03-10T02:35:53.000000;2016-03-10T02:35:53.000000;d637916e-7579-44b8-9ab2-9889a11aaa19;411.7;0.194554;UNKNOWN
2016-03-10T02:38:26.000000;2016-03-10T02:38:26.000000;f5b1440b-fc70-46da-b280-b1dd72fad69d;411.66;0.08322066;UNKNOWN
2016-03-10T02:38:26.000000;2016-03-10T02:38:26.000000;e7b0a1fd-e67c-4f97-8a43-3c1f4cb6b238;411.7;0.42722956;UNKNOWN
2016-03-10T02:38:59.000000;2016-03-10T02:38:59.000000;5a582e37-67e4-4622-80ca-675ab79482f9;411.67;0.42;UNKNOWN
2016-03-10T02:39:09.000000;2016-03-10T02:39:09.000000;e0077c20-e3ce-4e29-94f0-efe097541cd3;411.66;1.322532;UNKNOWN
2016-03-10T02:39:53.000000;2016-03-10T02:39:53.000000;97d7ebc5-07d0-488f-a3b2-655cbdd89140;411.66;0.1;UNKNOWN
2016-03-10T02:39:58.000000;2016-03-10T02:39:58.000000;b4bccf57-121d-4447-a3b4-bf3a4ee061b2;411.66;0.21155102;UNKNOWN
2016-03-10T02:40:51.000000;2016-03-10T02:40:51.000000;67f4a2ca-d597-41fb-8bf3-f1b3ad201823;411.66;0.580252;UNKNOWN
2016-03-10T02:40:54.000000;2016-03-10T02:40:54.000000;dec3c4a2-2ee6-463b-a6d1-5afd5c4b45f5;411.67;0.42;UNKNOWN
2016-03-10T02:41:29.000000;2016-03-10T02:41:29.000000;8a7ce29e-4cb9-4d12-9a07-fadb98d4cc0f;411.67;0.05;UNKNOWN
2016-03-10T02:42:03.000000;2016-03-10T02:42:03.000000;c77d7b0f-1839-4723-a66b-298acdde484e;411.67;0.42;UNKNOWN
2016-03-10T02:42:35.000000;2016-03-10T02:42:35.000000;45fb99db-bd5a-4e54-9c7d-38fa78e05a55;411.66;0.70244432;UNKNOWN
2016-03-10T02:42:35.000000;2016-03-10T02:42:35.000000;63cd058c-76d0-4871-b10c-15018141adab;411.65;0.64140168;UNKNOWN
2016-03-10T02:42:35.000000;2016-03-10T02:42:35.000000;2d7b0a20-17d5-42f1-85a3-6d435bb8d80e;411.66;0.31;UNKNOWN
2016-03-10T02:42:38.000000;2016-03-10T02:42:38.000000;6f78e082-4d26-4a3b-9a5e-bf092329689b;411.65;0.37690125;UNKNOWN
2016-03-10T02:42:48.000000;2016-03-10T02:42:48.000000;e1458f43-b2f3-4305-890e-20eb062b30f2;411.65;0.06443795;UNKNOWN
2016-03-10T02:44:19.000000;2016-03-10T02:44:19.000000;fef9e033-fefe-4d60-9938-99745d4457ff;411.65;2.5;UNKNOWN
2016-03-10T02:44:33.000000;2016-03-10T02:44:33.000000;9e8b8941-89b0-4c39-a09a-27a350cdfb6c;411.65;0.58274088;UNKNOWN
2016-03-10T02:44:33.000000;2016-03-10T02:44:33.000000;fe967cad-3e72-4246-adbe-cd4d82997393;411.65;1.41725912;UNKNOWN
2016-03-10T02:44:45.000000;2016-03-10T02:44:45.000000;d1a9fd95-36c3-43cb-9005-1c35f065dd2a;411.46;2.33969088;UNKNOWN
2016-03-10T02:44:45.000000;2016-03-10T02:44:45.000000;2e18d5a3-398b-46a7-8082-dda6d37bcbad;411.65;0.08725912;UNKNOWN
2016-03-10T02:44:53.000000;2016-03-10T02:44:53.000000;ecd883ab-8a8e-48fb-ad05-c95634a67a5f;411.22;4.0122367;UNKNOWN
2016-03-10T02:44:53.000000;2016-03-10T02:44:53.000000;cc7bd26e-628b-454a-874b-0786f10c8238;411.27;0.57;UNKNOWN
2016-03-10T02:44:53.000000;2016-03-10T02:44:53.000000;ee47f005-293d-4147-a76b-798e5218d1d0;411.44;5.0;UNKNOWN
2016-03-10T02:44:53.000000;2016-03-10T02:44:53.000000;3c3147d6-c890-4e31-bade-9e356e40e605;411.44;0.4177633;UNKNOWN
2016-03-10T02:44:54.000000;2016-03-10T02:44:54.000000;2070b366-7904-41cb-a286-e1e1e0b36207;410.7;0.03;UNKNOWN
2016-03-10T02:44:54.000000;2016-03-10T02:44:54.000000;bba2bc38-4740-4eae-a706-ba24d5d8475a;411.0;0.01;UNKNOWN
2016-03-10T02:44:54.000000;2016-03-10T02:44:54.000000;89aae468-b24b-435a-a5dd-571520a30d29;410.68;10.3311;UNKNOWN
2016-03-10T02:44:54.000000;2016-03-10T02:44:54.000000;816914b8-beda-4cc9-a509-a05200639b13;410.7;0.01;UNKNOWN
2016-03-10T02:44:54.000000;2016-03-10T02:44:54.000000;048510e2-a7b7-4754-a3d7-a15e1d4aecbf;411.2;0.01;UNKNOWN
2016-03-10T02:44:54.000000;2016-03-10T02:44:54.000000;ff6d477f-3997-4799-9a03-b7b23cdb8aee;410.8;0.01;UNKNOWN
2016-03-10T02:44:54.000000;2016-03-10T02:44:54.000000;75ae69c3-a858-4ae6-b9a1-54dfd216df0e;410.73;15.9789;UNKNOWN
2016-03-10T02:44:54.000000;2016-03-10T02:44:54.000000;89a637a2-64e0-4d95-9e61-9d2ba2a17da5;410.9;0.01;UNKNOWN
2016-03-10T02:44:54.000000;2016-03-10T02:44:54.000000;b812a292-6bed-4542-8e4d-dd4b5eb732da;410.72;0.5;UNKNOWN
2016-03-10T02:44:54.000000;2016-03-10T02:44:54.000000;a7d9578d-d9fd-4734-9288-a16fbbaaf740;411.21;3.0;UNKNOWN
2016-03-10T02:44:54.000000;2016-03-10T02:44:54.000000;a39f3377-c06d-4a7f-bcbe-6ac90b4cf896;411.1;0.01;UNKNOWN
2016-03-10T02:44:54.000000;2016-03-10T02:44:54.000000;5eb385ac-fa14-49f6-b43d-49a1cade3051;411.2;0.1;UNKNOWN
2016-03-10T02:45:05.000000;2016-03-10T02:45:05.000000;1b19a9ff-2f39-41a8-a8c8-befb49070875;410.69;3.41434576;UNKNOWN
2016-03-10T02:45:05.000000;2016-03-10T02:45:05.000000;7f6906dc-763b-4b7d-86d5-52a3f6e941d2;410.74;0.57852381;UNKNOWN
2016-03-10T02:45:05.000000;2016-03-10T02:45:05.000000;b268060d-e94f-43c6-a0ec-cc3aa9317528;410.74;0.17840226;UNKNOWN
2016-03-10T02:45:05.000000;2016-03-10T02:45:05.000000;5b992799-01d7-480a-b9c6-ce894af05b31;410.74;1.16872817;UNKNOWN
2016-03-10T02:45:12.000000;2016-03-10T02:45:12.000000;8c690ac9-cdc5-4e05-9d7e-288e71b05333;410.79;0.05;UNKNOWN
2016-03-10T02:45:39.000000;2016-03-10T02:45:39.000000;ef89a667-489b-42a5-8027-b478fe22e370;410.69;0.05;UNKNOWN
2016-03-10T02:45:45.000000;2016-03-10T02:45:45.000000;d8c8e38a-6999-4462-94fb-6158c1a85a7e;410.7;0.05;UNKNOWN
2016-03-10T02:46:06.000000;2016-03-10T02:46:06.000000;9a00f878-f0b4-4d4b-a3e6-31b8d7932fc0;410.7;8.64;UNKNOWN
2016-03-10T02:46:06.000000;2016-03-10T02:46:06.000000;431cfe0b-f6bb-4c7a-aa9d-f1b9cd5d8dde;410.7;1.36;UNKNOWN
2016-03-10T02:46:39.000000;2016-03-10T02:46:39.000000;9cb80dde-ffb8-4560-b01c-139641223e6e;410.93;4.80954213;UNKNOWN
2016-03-10T02:46:51.000000;2016-03-10T02:46:51.000000;c955b1ac-d36d-471d-8ef0-e5073eb00cec;410.99;5.0;UNKNOWN
2016-03-10T02:48:01.000000;2016-03-10T02:48:01.000000;f3157b98-695e-4e66-8c2b-58039067f34c;410.99;2.0;UNKNOWN
2016-03-10T02:49:05.000000;2016-03-10T02:49:05.000000;a1abe22a-157b-45cd-ae71-18a7688f1824;410.99;0.28796176;UNKNOWN
2016-03-10T02:49:07.000000;2016-03-10T02:49:07.000000;371c58bf-85f3-43c8-bdf7-0bf8b6ed05e6;410.99;3.0;UNKNOWN
2016-03-10T02:49:08.000000;2016-03-10T02:49:08.000000;c87e273f-cf43-4c8f-a4d4-5606ffb8afe3;411.0;4.81046758;UNKNOWN
2016-03-10T02:49:08.000000;2016-03-10T02:49:08.000000;5aa93a0e-210b-4135-ac4f-a9f4dafa7982;411.0;0.37906484;UNKNOWN
2016-03-10T02:49:08.000000;2016-03-10T02:49:08.000000;f92c7704-d421-4ab3-ab8c-cc45ff4d90cf;410.96;0.145;UNKNOWN
2016-03-10T02:49:08.000000;2016-03-10T02:49:08.000000;b3441f2f-cd8a-4c51-93e4-d500a33290e0;411.0;4.81046758;UNKNOWN
2016-03-10T02:51:05.000000;2016-03-10T02:51:05.000000;8dbce05e-cd69-495e-9b5e-79a57a362b15;410.98;0.01;UNKNOWN
2016-03-10T02:51:07.000000;2016-03-10T02:51:07.000000;02b83b1f-1a33-48c1-b5d7-86acb5860309;411.12;0.0502991;UNKNOWN
2016-03-10T02:52:48.000000;2016-03-10T02:52:48.000000;0c9278d4-9de6-4a86-97c3-2323273394a3;411.11;0.08038017;UNKNOWN
2016-03-10T02:54:05.000000;2016-03-10T02:54:05.000000;c766da35-602f-4d58-8097-aac9a31c3a84;411.28;1.84826994;UNKNOWN
2016-03-10T02:54:05.000000;2016-03-10T02:54:05.000000;2b53885c-d53b-404a-be75-1fa527f2fb48;411.27;0.5;UNKNOWN
2016-03-10T02:55:10.000000;2016-03-10T02:55:10.000000;1229e3a3-5474-4922-a2a6-ec7341f4caf2;411.19;0.01;UNKNOWN
2016-03-10T02:55:16.000000;2016-03-10T02:55:16.000000;c9fcb4d2-04d3-4c50-8532-64dfce1c488f;411.27;4.80792346;UNKNOWN
2016-03-10T02:55:16.000000;2016-03-10T02:55:16.000000;acca6681-f59d-4e40-950e-e22a6830ce67;411.42;4.80636362;UNKNOWN
2016-03-10T02:55:16.000000;2016-03-10T02:55:16.000000;6dee9393-6975-45a1-bfc4-decab937edb2;411.38;4.80636362;UNKNOWN
2016-03-10T02:55:16.000000;2016-03-10T02:55:16.000000;7f075f35-ee56-4f9d-a38a-60e84f485157;411.28;3.0;UNKNOWN
2016-03-10T02:55:16.000000;2016-03-10T02:55:16.000000;ef7ceede-e966-431d-ac24-d20f7de631bb;411.27;0.5;UNKNOWN
2016-03-10T02:55:16.000000;2016-03-10T02:55:16.000000;e3be28b0-aa2d-4729-a473-6b24e602ca6d;411.46;4.26848195;UNKNOWN
2016-03-10T02:56:05.000000;2016-03-10T02:56:05.000000;807c5f16-99e2-4314-9ced-af5114ede4ce;411.4;0.21627999;UNKNOWN
2016-03-10T02:57:25.000000;2016-03-10T02:57:25.000000;a30f682b-7b3d-4d98-9323-75c2e09d2c12;411.36;0.2299664;UNKNOWN
2016-03-10T02:59:28.000000;2016-03-10T02:59:28.000000;57cad68e-d897-4eb0-ba47-a4980bcc0711;411.36;3.9568664;UNKNOWN
2016-03-10T02:59:28.000000;2016-03-10T02:59:28.000000;b79d651b-5773-42fc-87ad-b5ba7abda5af;411.36;24.7700336;UNKNOWN
2016-03-10T02:59:28.000000;2016-03-10T02:59:28.000000;364b869c-9164-4207-8a36-152dc37db22c;411.36;0.05;UNKNOWN
2016-03-10T03:05:56.000000;2016-03-10T03:05:56.000000;099cc462-dbeb-415c-9ba9-e831588902c2;411.35;0.048688;UNKNOWN
2016-03-10T03:08:06.000000;2016-03-10T03:08:06.000000;e0074e32-810d-462d-8f87-28cd1f3d1117;411.36;0.255;UNKNOWN
2016-03-10T03:08:06.000000;2016-03-10T03:08:06.000000;691d5016-fc79-4b15-994c-cf19fe1a461c;411.36;0.258;UNKNOWN
2016-03-10T03:08:06.000000;2016-03-10T03:08:06.000000;912e281b-3043-4c59-8e97-dc3ed1332912;411.36;0.231;UNKNOWN
2016-03-10T03:08:06.000000;2016-03-10T03:08:06.000000;4519df46-5db7-4bfb-9179-de5cb58481e4;411.36;0.256;UNKNOWN
2016-03-10T03:08:07.000000;2016-03-10T03:08:07.000000;408e4fb8-9ad8-473b-9171-fbd5898f9d29;411.36;0.025;UNKNOWN
2016-03-10T03:08:07.000000;2016-03-10T03:08:07.000000;7cf67397-40d3-43bb-81f0-f30443b1fd63;411.36;0.19103109;UNKNOWN
2016-03-10T03:08:38.000000;2016-03-10T03:08:38.000000;b24e7961-6d6f-4a70-80e8-4e8c92fd67f5;411.36;0.259;UNKNOWN
2016-03-10T03:08:38.000000;2016-03-10T03:08:38.000000;c6a8e58c-6c1b-4109-a46c-ff28adfe6b13;411.36;0.01396891;UNKNOWN
2016-03-10T03:08:38.000000;2016-03-10T03:08:38.000000;adeeca5c-dfae-48b2-b9e8-3e8f8ca2b1ec;411.36;0.256;UNKNOWN
2016-03-10T03:10:05.000000;2016-03-10T03:10:05.000000;6e730d54-182c-438d-8c52-3ebddfcea9f4;411.36;2.0146625;UNKNOWN
2016-03-10T03:10:05.000000;2016-03-10T03:10:05.000000;dccc9d91-a900-457f-b4f8-6d1825c5bc32;411.4;6.0366;UNKNOWN
2016-03-10T03:10:18.000000;2016-03-10T03:10:18.000000;bdd6bc7e-715f-4418-8dd3-e48d07b21838;411.36;0.10001688;UNKNOWN
2016-03-10T03:11:38.000000;2016-03-10T03:11:38.000000;c11b74d3-53c4-43cc-b2ca-5efd1fd0910f;411.5;0.48178863;UNKNOWN
2016-03-10T03:14:05.000000;2016-03-10T03:14:05.000000;cb677203-e5b4-4a81-869d-62ba02acc5a5;411.64;10.0;UNKNOWN
2016-03-10T03:15:38.000000;2016-03-10T03:15:38.000000;c230d8f4-f828-489a-993f-713543593f67;411.5;0.099;UNKNOWN
2016-03-10T03:16:54.000000;2016-03-10T03:16:54.000000;1b3da39f-60cf-4cb9-99d6-341edbb9271a;411.51;1.2;UNKNOWN
2016-03-10T03:19:06.000000;2016-03-10T03:19:06.000000;f3ab6ad8-741c-4229-8dc8-af4555bd92c7;411.64;0.57551832;UNKNOWN
2016-03-10T03:19:07.000000;2016-03-10T03:19:07.000000;40164a25-59fc-4729-a176-e3bfff29725a;411.65;4.80538203;UNKNOWN
2016-03-10T03:19:07.000000;2016-03-10T03:19:07.000000;4db1269f-9874-4217-975b-63f92a453953;411.65;4.80538203;UNKNOWN
2016-03-10T03:19:07.000000;2016-03-10T03:19:07.000000;ee9b5fde-8208-413f-bb47-347f5379d348;411.68;0.38923594;UNKNOWN
2016-03-10T03:20:01.000000;2016-03-10T03:20:01.000000;8a2a7e08-b7ee-447e-9476-7ccab3480a14;411.61;5.23;UNKNOWN
2016-03-10T03:21:05.000000;2016-03-10T03:21:05.000000;44a39f42-08c6-4d32-ab0f-9d2e46fb7f61;411.61;0.120392;UNKNOWN
2016-03-10T03:21:35.000000;2016-03-10T03:21:35.000000;124d7be4-17c6-44b0-afa7-de26f07d735e;411.5;0.05;UNKNOWN
2016-03-10T03:28:03.000000;2016-03-10T03:28:03.000000;10e86d9a-b815-40c4-aa92-11a11c9d769c;411.5;0.5;UNKNOWN
2016-03-10T03:29:09.000000;2016-03-10T03:29:09.000000;7618ccf5-01c5-45a5-a84b-1a10a9d64f28;411.61;1.79;UNKNOWN
2016-03-10T03:31:23.000000;2016-03-10T03:31:23.000000;35b135a7-b944-4d4e-a4a5-a6943555a10a;411.51;0.301537;UNKNOWN
2016-03-10T03:31:27.000000;2016-03-10T03:31:27.000000;1c8438d5-9ca7-4eef-9a14-8ec7c48388d9;411.51;0.023844;UNKNOWN
2016-03-10T03:33:03.000000;2016-03-10T03:33:03.000000;8e472137-adf1-44a6-a822-7eb3fbfd6391;411.5;0.203437;UNKNOWN
2016-03-10T03:34:07.000000;2016-03-10T03:34:07.000000;0ab5bab9-2292-4148-906c-7936b90e8669;411.5;0.38864;UNKNOWN
2016-03-10T03:34:08.000000;2016-03-10T03:34:08.000000;3730b324-3799-47a3-8c3d-40ebcee0924b;411.5;0.04819626;UNKNOWN
2016-03-10T03:34:09.000000;2016-03-10T03:34:09.000000;05e73ac8-46c1-4a56-bff3-6da6eb0b4cde;411.5;0.43758;UNKNOWN
2016-03-10T03:34:11.000000;2016-03-10T03:34:11.000000;5801ea95-80d1-494d-a0ed-1323067d7d3d;411.5;0.72976986;UNKNOWN
2016-03-10T03:34:28.000000;2016-03-10T03:34:28.000000;75673069-70b2-4b14-9194-789b254e8a75;411.39;3.77642867;UNKNOWN
2016-03-10T03:34:28.000000;2016-03-10T03:34:28.000000;fb858d0a-d70e-4ac8-9d86-9fd345ef8ac1;411.5;2.06158825;UNKNOWN
2016-03-10T03:34:31.000000;2016-03-10T03:34:31.000000;869dd3ae-e182-4e18-9ed9-af677c37bed7;411.36;0.46704135;UNKNOWN
2016-03-10T03:36:06.000000;2016-03-10T03:36:06.000000;72e9dab1-bedd-4a15-8e15-0a978418d5bd;411.36;0.71758958;UNKNOWN
2016-03-10T03:36:15.000000;2016-03-10T03:36:15.000000;3e0bd9ac-3026-4e92-9df1-2743898743a4;411.36;0.2432507;UNKNOWN
2016-03-10T03:36:24.000000;2016-03-10T03:36:24.000000;7776ecb8-2b08-4230-af18-b49801730d47;411.36;0.148389;UNKNOWN
2016-03-10T03:37:41.000000;2016-03-10T03:37:41.000000;ab89f155-1a78-44dc-8a23-26cfed7b025b;411.43;0.18487053;UNKNOWN
2016-03-10T03:38:04.000000;2016-03-10T03:38:04.000000;ca160494-2859-4565-9916-d28bf7824be7;411.43;1.1743172;UNKNOWN
2016-03-10T03:38:05.000000;2016-03-10T03:38:05.000000;eaac310b-c2e5-4086-b39b-e6ab1885ccd4;411.44;0.04;UNKNOWN
2016-03-10T03:38:45.000000;2016-03-10T03:38:45.000000;5238f8f0-df3b-41ae-bc76-2612ecc930ff;411.43;0.064637;UNKNOWN
2016-03-10T03:41:30.000000;2016-03-10T03:41:30.000000;16ec064f-d8f5-4428-a870-8ec9f61d5e55;411.44;0.000246;UNKNOWN
2016-03-10T03:41:30.000000;2016-03-10T03:41:30.000000;a91f6ac5-f41e-4d3f-a747-18c69307ee4d;411.5;3.71854022;UNKNOWN
2016-03-10T03:46:06.000000;2016-03-10T03:46:06.000000;5f30a107-cca4-43e5-bf3d-10f152e2cbb9;411.78;0.09;UNKNOWN
2016-03-10T03:49:06.000000;2016-03-10T03:49:06.000000;32b2226a-0214-451d-83f6-284b5cd4289e;411.93;4.17147049;UNKNOWN
2016-03-10T03:49:45.000000;2016-03-10T03:49:45.000000;63541606-6419-4252-b221-b1cf3ca543d7;411.87;1.0;UNKNOWN
2016-03-10T03:51:03.000000;2016-03-10T03:51:03.000000;9633a2da-27db-4c3d-8792-7ff5e04a54c1;412.0;0.17147049;UNKNOWN
2016-03-10T03:51:03.000000;2016-03-10T03:51:03.000000;3818e215-c62d-44e1-9096-f391f9db4808;411.93;0.82852951;UNKNOWN
2016-03-10T03:51:09.000000;2016-03-10T03:51:09.000000;96c99030-5903-497f-8d22-dd106d8bc011;411.91;0.0203;UNKNOWN
2016-03-10T03:53:33.000000;2016-03-10T03:53:33.000000;8f195985-adab-4954-bc05-bc413d44d461;411.81;0.12250562;UNKNOWN
2016-03-10T03:54:10.000000;2016-03-10T03:54:10.000000;043c9ec7-345e-4a37-b3cb-28bcfef0f5de;411.81;0.0202594;UNKNOWN
2016-03-10T03:54:42.000000;2016-03-10T03:54:42.000000;0485a39f-c111-4426-9a97-53554f295bde;411.9;1.0;UNKNOWN
2016-03-10T03:55:11.000000;2016-03-10T03:55:11.000000;b0e0fdcd-345e-44b3-91c0-5299b5362b86;411.92;12.1351;UNKNOWN
2016-03-10T03:55:11.000000;2016-03-10T03:55:11.000000;12a72108-5a08-4244-8a41-e40a4b9a82b2;411.9;10.8528;UNKNOWN
2016-03-10T03:55:11.000000;2016-03-10T03:55:11.000000;ab9fbaf0-2a82-43ce-860c-58c89312a54a;412.0;0.62852951;UNKNOWN
2016-03-10T04:00:26.000000;2016-03-10T04:00:26.000000;1371f901-d3a1-4a15-86e4-31180b501088;412.0;0.09402041;UNKNOWN
2016-03-10T04:00:26.000000;2016-03-10T04:00:26.000000;2c97269a-3bfb-4349-a430-1d13857f925c;412.0;0.09402041;UNKNOWN
2016-03-10T04:00:37.000000;2016-03-10T04:00:37.000000;7d34c378-4b48-4ddd-b684-01c056b992cd;412.0;1.0;UNKNOWN
2016-03-10T04:02:04.000000;2016-03-10T04:02:04.000000;cb5eff49-aa8f-44c5-9eba-cadd05dc460e;412.04;0.71982218;UNKNOWN
2016-03-10T04:02:48.000000;2016-03-10T04:02:48.000000;c7c9c2e4-59c4-4099-a366-71c3c466a833;412.0;0.08017726;UNKNOWN
2016-03-10T04:05:33.000000;2016-03-10T04:05:33.000000;f67b041b-a583-4511-803f-106dd1557652;412.0;0.11535241;UNKNOWN
2016-03-10T04:05:43.000000;2016-03-10T04:05:43.000000;4ff4ec48-81b2-49c1-b653-4f83530f3a74;411.93;0.174039;UNKNOWN
2016-03-10T04:06:04.000000;2016-03-10T04:06:04.000000;2ba37d33-3b9f-4bf7-becf-d913d778b351;412.0;4.88534925;UNKNOWN
2016-03-10T04:06:48.000000;2016-03-10T04:06:48.000000;dbf4b30f-e843-41c6-a585-962f7bb35c62;411.94;0.5;UNKNOWN
2016-03-10T04:06:48.000000;2016-03-10T04:06:48.000000;87e0438b-847e-48bb-b1b8-de5bfaef34f6;411.93;0.5;UNKNOWN
2016-03-10T04:06:54.000000;2016-03-10T04:06:54.000000;fc31709a-4ec9-45a7-947c-63433d34b758;411.93;1.0;UNKNOWN
2016-03-10T04:07:01.000000;2016-03-10T04:07:01.000000;0c716f20-982c-4549-8ecf-abcabaff62a3;411.93;1.0;UNKNOWN
2016-03-10T04:07:07.000000;2016-03-10T04:07:07.000000;55e4d6c6-6a7f-41db-9bb3-1e665fe839d0;411.93;1.0;UNKNOWN
2016-03-10T04:09:04.000000;2016-03-10T04:09:04.000000;7cb032c5-07f4-4c88-af10-8a8b9293e0f2;411.7;0.04883;UNKNOWN
2016-03-10T04:10:02.000000;2016-03-10T04:10:02.000000;575b7c3c-73c1-4893-b964-71ebf78cf2d9;411.7;1.0005;UNKNOWN
2016-03-10T04:10:49.000000;2016-03-10T04:10:49.000000;275af78f-004d-4d37-9b58-8792eb451865;411.7;0.096213;UNKNOWN
2016-03-10T04:11:08.000000;2016-03-10T04:11:08.000000;2eb4eaa9-4d3c-481a-a6a7-5e4f964743d6;411.7;0.703883;UNKNOWN
2016-03-10T04:11:30.000000;2016-03-10T04:11:30.000000;58db4dab-9980-479b-a55b-be57ef154ee7;411.7;1.0;UNKNOWN
2016-03-10T04:12:15.000000;2016-03-10T04:12:15.000000;b75e8250-1b5e-48ef-85ef-11b99b07294f;411.7;1.0;UNKNOWN
2016-03-10T04:12:24.000000;2016-03-10T04:12:24.000000;35de839c-ba21-4e8d-8f08-435273cdcb41;411.7;0.041759;UNKNOWN
2016-03-10T04:13:12.000000;2016-03-10T04:13:12.000000;384cadbe-0c4b-4ca3-970f-55fccf77fe50;411.7;0.030706;UNKNOWN
2016-03-10T04:13:18.000000;2016-03-10T04:13:18.000000;5ef2d854-1a97-4670-927b-c527b00c12c8;411.44;0.1132694;UNKNOWN
2016-03-10T04:13:18.000000;2016-03-10T04:13:18.000000;18bb6e4e-d781-4b12-81cf-63e8c6bfb080;411.7;1.078109;UNKNOWN
2016-03-10T04:14:26.000000;2016-03-10T04:14:26.000000;5445e858-79f7-449b-8063-7c6403cddb09;411.38;5.4787;UNKNOWN
2016-03-10T04:16:04.000000;2016-03-10T04:16:04.000000;bb5b2dee-c4ed-46fd-8bc1-2b5c846cd5b9;411.4;0.01;UNKNOWN
2016-03-10T04:16:18.000000;2016-03-10T04:16:18.000000;224163a9-aa15-42f9-af10-e83401c25540;411.36;1.24106101;UNKNOWN
2016-03-10T04:21:14.000000;2016-03-10T04:21:14.000000;3cf4beb9-7c23-4ba8-943f-919749e186ba;411.35;0.031654;UNKNOWN
2016-03-10T04:21:17.000000;2016-03-10T04:21:17.000000;2a34e54f-d03b-415f-9b3d-60d2d7d3ae9f;411.35;0.216678;UNKNOWN
2016-03-10T04:21:20.000000;2016-03-10T04:21:20.000000;fc5d06c1-ead2-4a64-bf9c-0a6855b4d4c6;411.35;0.341338;UNKNOWN
2016-03-10T04:21:54.000000;2016-03-10T04:21:54.000000;b6d3f002-0fb6-4ed4-aa9f-9f4ec541aa24;411.35;0.01247281;UNKNOWN
2016-03-10T04:22:01.000000;2016-03-10T04:22:01.000000;55a58898-8230-495b-92f5-648511fd0f96;411.38;3.0;UNKNOWN
2016-03-10T04:22:13.000000;2016-03-10T04:22:13.000000;41b5c832-989c-410c-b4b2-8a9ff7dd4f6f;411.35;0.5;UNKNOWN
2016-03-10T04:22:43.000000;2016-03-10T04:22:43.000000;5257237c-642f-4fdc-8162-bc6f5d7189b3;411.38;0.0385;UNKNOWN
2016-03-10T04:23:08.000000;2016-03-10T04:23:08.000000;96ece135-bcf3-476d-9007-4dc56e93830d;411.35;0.02407202;UNKNOWN
2016-03-10T04:23:23.000000;2016-03-10T04:23:23.000000;6c863375-9aff-4d75-852e-7888cc164177;411.38;0.03;UNKNOWN
2016-03-10T04:24:35.000000;2016-03-10T04:24:35.000000;47966f41-c058-4e7c-b581-1a4f2c13d5f4;411.35;0.191541;UNKNOWN
2016-03-10T04:26:11.000000;2016-03-10T04:26:11.000000;39921611-5047-40ea-8d05-bbdff1cd1f24;411.35;0.031589;UNKNOWN
2016-03-10T04:27:04.000000;2016-03-10T04:27:04.000000;ccf19610-25a5-49ac-b41a-fcb411e7336f;411.36;0.02;UNKNOWN
2016-03-10T04:27:54.000000;2016-03-10T04:27:54.000000;c14ebed2-a103-487b-82c1-c03d908ad817;411.35;0.208173;UNKNOWN
2016-03-10T04:28:08.000000;2016-03-10T04:28:08.000000;c194d5a5-7582-450a-ac14-19a4052081e0;411.35;0.20166768;UNKNOWN
2016-03-10T04:28:19.000000;2016-03-10T04:28:19.000000;28ff56d5-da34-4460-a44d-12abbfaf5d09;411.35;0.73003589;UNKNOWN
2016-03-10T04:29:01.000000;2016-03-10T04:29:01.000000;7ef69988-2acc-4617-800d-4ff2d43f1d6e;411.35;0.025818;UNKNOWN
2016-03-10T04:29:32.000000;2016-03-10T04:29:32.000000;088e3e85-6561-44fb-ac12-c181b90a9e1b;411.35;1.78441729;UNKNOWN
2016-03-10T04:30:08.000000;2016-03-10T04:30:08.000000;9a68bc28-e7d2-47b8-8a3b-9a21abcbd4a4;411.35;0.65185531;UNKNOWN
2016-03-10T04:30:08.000000;2016-03-10T04:30:08.000000;a3ed6e98-d8cf-41e3-9e32-a74ab319f123;411.3;0.04136396;UNKNOWN
2016-03-10T04:30:08.000000;2016-03-10T04:30:08.000000;6935b144-c80c-4aeb-b9f1-8e22243579f0;411.35;0.9981;UNKNOWN
2016-03-10T04:30:44.000000;2016-03-10T04:30:44.000000;52479ad9-cf8c-43d9-9a1b-823535f1ce70;411.37;0.152207;UNKNOWN
2016-03-10T04:31:18.000000;2016-03-10T04:31:18.000000;bcd9e7fa-27e3-440b-bb8c-2370ada17f76;411.3;0.48182368;UNKNOWN
2016-03-10T04:33:08.000000;2016-03-10T04:33:08.000000;2eed90aa-20bd-471a-877b-894280703d7d;411.36;0.19918866;UNKNOWN
2016-03-10T04:35:04.000000;2016-03-10T04:35:04.000000;1c75a3d4-52a6-47dc-b12e-4d879a0b15eb;411.37;0.2;UNKNOWN
2016-03-10T04:35:04.000000;2016-03-10T04:35:04.000000;5d121af4-7894-418f-81e0-a484771e005e;411.37;2.49724702;UNKNOWN
2016-03-10T04:35:04.000000;2016-03-10T04:35:04.000000;cc34c905-c773-4ab8-a316-9a52343fa9ec;411.64;22.30275298;UNKNOWN
2016-03-10T04:35:29.000000;2016-03-10T04:35:29.000000;e4145706-f969-4335-bb61-05e806c9cd6c;411.48;0.48840987;UNKNOWN
2016-03-10T04:36:29.000000;2016-03-10T04:36:29.000000;3c5ff4e5-54c5-4f81-b525-29faa506a951;411.51;0.25;UNKNOWN
2016-03-10T04:36:58.000000;2016-03-10T04:36:58.000000;383c94a2-fbd5-46ae-ab08-837604434a5a;411.51;0.19949949;UNKNOWN
2016-03-10T04:39:51.000000;2016-03-10T04:39:51.000000;190b9b6c-0c71-414c-8252-cf6754b686f2;411.64;0.2;UNKNOWN
2016-03-10T04:41:38.000000;2016-03-10T04:41:38.000000;12ee9cd0-0e81-4d69-9725-60884640c08d;411.64;0.04865014;UNKNOWN
2016-03-10T04:42:21.000000;2016-03-10T04:42:21.000000;0443a7c6-f340-4b0c-9729-9b653025cee0;411.0;3.0;UNKNOWN
2016-03-10T04:42:21.000000;2016-03-10T04:42:21.000000;086d7e3e-4ac6-4d3b-86af-2d1bc7b4c8db;411.36;0.05005;UNKNOWN
2016-03-10T04:42:21.000000;2016-03-10T04:42:21.000000;cc483888-c3e7-420c-8c6b-1d878ee6648d;411.36;10.0;UNKNOWN
2016-03-10T04:42:21.000000;2016-03-10T04:42:21.000000;962782da-4d5a-4642-a8eb-e46446539f90;411.55;5.9929;UNKNOWN
2016-03-10T04:42:21.000000;2016-03-10T04:42:21.000000;50e3fc40-2c5b-44a7-8e51-d184c28f5ee7;411.64;0.75044986;UNKNOWN
2016-03-10T04:42:21.000000;2016-03-10T04:42:21.000000;96a95920-a163-4d8d-ba95-9b6e84182a04;411.3;0.38831236;UNKNOWN
2016-03-10T04:42:21.000000;2016-03-10T04:42:21.000000;ea777977-f0bc-4382-841c-47536feb64d3;411.12;12.0;UNKNOWN
2016-03-10T04:42:21.000000;2016-03-10T04:42:21.000000;41271ab6-0b77-446e-9e39-37367accbf3f;410.85;10.9611;UNKNOWN
2016-03-10T04:42:21.000000;2016-03-10T04:42:21.000000;35f2c0b4-e662-4308-9196-06dadebb4072;410.84;7.85718778;UNKNOWN
2016-03-10T04:43:21.000000;2016-03-10T04:43:21.000000;090c0881-a245-4cb5-a973-67768b666ed6;410.84;0.50261522;UNKNOWN
2016-03-10T04:45:27.000000;2016-03-10T04:45:27.000000;ab46fa5a-ce43-4f62-a1ee-e300c966d72d;410.87;0.57;UNKNOWN
2016-03-10T04:45:27.000000;2016-03-10T04:45:27.000000;bcba8135-0dff-463e-8835-02332660f519;411.09;0.17622516;UNKNOWN
2016-03-10T04:45:27.000000;2016-03-10T04:45:27.000000;54c52afe-d6c3-4b06-aec6-c21349b15309;411.09;0.8049998;UNKNOWN
2016-03-10T04:45:27.000000;2016-03-10T04:45:27.000000;3f872306-650c-4c43-b84b-7aa33a3eba24;411.09;6.0613;UNKNOWN
2016-03-10T04:45:27.000000;2016-03-10T04:45:27.000000;e63f3211-a8c6-4505-bc79-aa87cbd29e51;411.0;15.0;UNKNOWN
2016-03-10T04:45:27.000000;2016-03-10T04:45:27.000000;6b73cc54-a807-498f-a623-f7696a7b269c;410.82;0.06882804;UNKNOWN
2016-03-10T04:45:28.000000;2016-03-10T04:45:28.000000;91584c33-679a-4970-acc5-4e4592a343e6;410.8;0.05116595;UNKNOWN
2016-03-10T04:47:05.000000;2016-03-10T04:47:05.000000;0284e5e5-8602-4b27-a698-7fb3513be3ac;411.08;0.5;UNKNOWN
2016-03-10T04:47:05.000000;2016-03-10T04:47:05.000000;7cd4781e-e3d1-4f40-bae9-f5ca7f84dc06;411.08;3.0;UNKNOWN
2016-03-10T04:47:05.000000;2016-03-10T04:47:05.000000;cc26b3e7-3165-44ef-ab7f-4d43db4f68a1;411.18;0.4592;UNKNOWN
2016-03-10T04:47:05.000000;2016-03-10T04:47:05.000000;8e0e561a-6a4a-44ae-9ce8-48fd226daf10;411.07;6.0408;UNKNOWN
2016-03-10T04:47:18.000000;2016-03-10T04:47:18.000000;c1040dc5-a2e3-415b-8832-3cb2cff7540a;410.94;0.35332313;UNKNOWN
2016-03-10T04:48:25.000000;2016-03-10T04:48:25.000000;2ed48d4b-0f0c-4463-828d-272d81dc9337;410.94;0.03;UNKNOWN
2016-03-10T04:49:05.000000;2016-03-10T04:49:05.000000;372d8aef-2008-4e27-a166-bc9c7d2d636a;411.06;0.01441139;UNKNOWN
2016-03-10T04:50:08.000000;2016-03-10T04:50:08.000000;de84fe9e-2afe-4a78-93cd-28a98e01fe27;411.05;0.03611499;UNKNOWN
2016-03-10T04:51:07.000000;2016-03-10T04:51:07.000000;c04c7d1f-f441-411e-9176-129f131c678d;411.05;0.0729;UNKNOWN
2016-03-10T04:51:13.000000;2016-03-10T04:51:13.000000;3e5396b1-9e57-46eb-8349-c6ce54302cfb;411.06;0.75;UNKNOWN
2016-03-10T04:53:00.000000;2016-03-10T04:53:00.000000;0cfdda55-7bcd-46e7-8597-56ef54fd0a31;411.07;0.45673;UNKNOWN
2016-03-10T04:53:02.000000;2016-03-10T04:53:02.000000;1014aada-f308-4982-8142-ea2ff6b89da7;411.07;2.086758;UNKNOWN
2016-03-10T04:54:05.000000;2016-03-10T04:54:05.000000;1c0b64d0-03af-4498-8578-394d128f9174;411.23;6.0404;UNKNOWN
2016-03-10T04:54:05.000000;2016-03-10T04:54:05.000000;808da331-6820-4e1b-bc29-e13924fefafd;411.28;0.685419;UNKNOWN
2016-03-10T04:54:05.000000;2016-03-10T04:54:05.000000;eeb84aa7-f94e-43ee-92c7-f12cf91502d1;411.4;3.29702397;UNKNOWN
2016-03-10T04:54:38.000000;2016-03-10T04:54:38.000000;2c493ef5-a729-45ed-99fb-7c3885872e1f;411.07;3.220653;UNKNOWN
2016-03-10T04:55:41.000000;2016-03-10T04:55:41.000000;45917fb0-89c4-41c6-a417-0ba7d0981541;411.26;0.06;UNKNOWN
2016-03-10T04:56:21.000000;2016-03-10T04:56:21.000000;97c80199-70a0-41d0-bd5b-48b687680bf2;411.07;4.431263;UNKNOWN
2016-03-10T04:57:53.000000;2016-03-10T04:57:53.000000;916fe3a8-d974-40ae-b292-c30d8854c2f0;411.08;0.03;UNKNOWN
2016-03-10T04:59:52.000000;2016-03-10T04:59:52.000000;f56f4bb6-43c3-4de1-9d17-bbdaebb8a819;411.23;0.0203;UNKNOWN
2016-03-10T05:01:38.000000;2016-03-10T05:01:38.000000;e3163e37-8b45-4e23-ae1a-d4c7b3e509cd;411.21;0.24350519;UNKNOWN
2016-03-10T05:02:05.000000;2016-03-10T05:02:05.000000;4aa5f25d-9651-44bd-bac9-641b92a4286b;411.37;2.97141485;UNKNOWN
2016-03-10T05:09:05.000000;2016-03-10T05:09:05.000000;ab840ee1-4ca1-42dc-a74a-a390c07f3b0f;411.26;1.85715252;UNKNOWN
2016-03-10T05:09:48.000000;2016-03-10T05:09:48.000000;9cb96d84-9208-4161-9d21-835ac8c06ed6;411.2;0.057868;UNKNOWN
2016-03-10T05:09:51.000000;2016-03-10T05:09:51.000000;22004d08-776a-4478-b606-0c90c2eee2d0;411.2;0.002132;UNKNOWN
2016-03-10T05:09:53.000000;2016-03-10T05:09:53.000000;71a6515a-b195-4bda-931a-e17ed04aa2df;411.08;0.077902;UNKNOWN
2016-03-10T05:10:08.000000;2016-03-10T05:10:08.000000;d15f4661-3555-4540-bf25-96a8ddaea415;411.08;0.72819068;UNKNOWN
2016-03-10T05:12:59.000000;2016-03-10T05:12:59.000000;92be2c0e-f832-4ce0-b3a3-2e10897dad09;411.25;0.032626;UNKNOWN
2016-03-10T05:13:05.000000;2016-03-10T05:13:05.000000;7f002f19-3658-47d5-8c4e-c441496b32ee;411.25;0.16494478;UNKNOWN
2016-03-10T05:13:07.000000;2016-03-10T05:13:07.000000;2ad26924-4e6f-4f56-b4fd-909f8071822f;411.25;0.018751;UNKNOWN
2016-03-10T05:14:05.000000;2016-03-10T05:14:05.000000;00a920d1-82f6-4f66-a793-799d2aa20602;411.26;2.47804643;UNKNOWN
2016-03-10T05:14:42.000000;2016-03-10T05:14:42.000000;d5656a21-b1bc-4072-a163-7f49e068eb96;411.34;0.5;UNKNOWN
2016-03-10T05:14:50.000000;2016-03-10T05:14:50.000000;b5d34947-a473-4caa-b2cb-0c925eab080b;411.34;0.016785;UNKNOWN
2016-03-10T05:16:34.000000;2016-03-10T05:16:34.000000;b0979e77-b6d7-44a4-af5b-6370f868a669;411.34;0.028654;UNKNOWN
2016-03-10T05:16:38.000000;2016-03-10T05:16:38.000000;59abacf5-bc4d-4013-89b1-6be10c4e04d0;411.34;0.035548;UNKNOWN
2016-03-10T05:17:17.000000;2016-03-10T05:17:17.000000;375c3fa7-d813-4e98-8e1e-a342a328a642;411.34;0.031674;UNKNOWN
2016-03-10T05:18:08.000000;2016-03-10T05:18:08.000000;b18adce9-9a13-4b79-a821-a1dacf976b91;411.34;0.06022935;UNKNOWN
2016-03-10T05:19:26.000000;2016-03-10T05:19:26.000000;a2537cb3-df79-448a-9d3d-22d942c04bc0;411.35;1.0118;UNKNOWN
2016-03-10T05:19:26.000000;2016-03-10T05:19:26.000000;fd158fc3-2285-4b98-b72e-f6407affd680;411.35;6.0475;UNKNOWN
2016-03-10T05:20:08.000000;2016-03-10T05:20:08.000000;8fe50600-89e5-4d0f-87ad-a2da01416847;411.34;0.04815795;UNKNOWN
2016-03-10T05:23:08.000000;2016-03-10T05:23:08.000000;21aeffeb-70ab-4266-9b8e-c496bccfed89;411.39;0.12048483;UNKNOWN
2016-03-10T05:24:08.000000;2016-03-10T05:24:08.000000;b7c09f0f-0cb4-41c7-aa79-93ffbab64614;411.43;1.0935;UNKNOWN
2016-03-10T05:25:38.000000;2016-03-10T05:25:38.000000;d07c6726-595a-47a1-8a11-a56aefdb187c;411.43;0.05839151;UNKNOWN
2016-03-10T05:26:58.000000;2016-03-10T05:26:58.000000;a717db90-f3d5-4962-af18-aa2a30e04b68;411.43;0.35278208;UNKNOWN
2016-03-10T05:27:38.000000;2016-03-10T05:27:38.000000;b4f086fb-8009-440a-be7b-712aeba9b12d;411.43;0.72989397;UNKNOWN
2016-03-10T05:31:08.000000;2016-03-10T05:31:08.000000;8315137b-deee-4a77-a7f2-f31da4522a70;411.43;0.243351;UNKNOWN
2016-03-10T05:31:10.000000;2016-03-10T05:31:10.000000;088f7b9e-9e0a-4b06-b2fc-fcf3261e4caa;411.43;0.04136065;UNKNOWN
2016-03-10T05:32:45.000000;2016-03-10T05:32:45.000000;6e99067d-6584-496a-be91-e593be758c1d;411.43;0.411185;UNKNOWN
2016-03-10T05:32:48.000000;2016-03-10T05:32:48.000000;2ed03dcb-8106-48d7-bdfc-295fc8fe7e4e;411.43;0.05132507;UNKNOWN
2016-03-10T05:32:52.000000;2016-03-10T05:32:52.000000;72837063-d3ea-481b-8e18-cbb9e96f8ea6;411.43;0.04035875;UNKNOWN
2016-03-10T05:32:56.000000;2016-03-10T05:32:56.000000;ded4e409-6a15-4bc9-aa8f-f15a6727cd54;411.43;0.16093887;UNKNOWN
2016-03-10T05:33:00.000000;2016-03-10T05:33:00.000000;52485f6d-69a5-4edb-8090-4abfe1de30cc;411.43;0.19076581;UNKNOWN
2016-03-10T05:34:28.000000;2016-03-10T05:34:28.000000;321dfdda-dcf4-4514-afae-8576521b5d57;411.47;11.31;UNKNOWN
2016-03-10T05:34:28.000000;2016-03-10T05:34:28.000000;0cffdb90-84fa-4437-be00-c7f10bd997a1;411.51;0.0195;UNKNOWN
2016-03-10T05:34:28.000000;2016-03-10T05:34:28.000000;c1369297-df05-401c-b2b7-381e7cc4d76c;411.48;6.0005;UNKNOWN
2016-03-10T05:34:35.000000;2016-03-10T05:34:35.000000;59db7554-5544-4163-8130-4b332ed3bf8b;411.1;0.5;UNKNOWN
2016-03-10T05:34:47.000000;2016-03-10T05:34:47.000000;b40f7260-1e3e-486b-a385-b96e11d0558e;411.65;0.1;UNKNOWN
2016-03-10T05:34:48.000000;2016-03-10T05:34:48.000000;515ace4b-798c-44fc-86c3-4061353f5e89;411.23;18.55;UNKNOWN
2016-03-10T05:34:48.000000;2016-03-10T05:34:48.000000;744c7abc-9f47-45b8-b7ad-a8bcd91771a5;411.2;6.0;UNKNOWN
2016-03-10T05:34:48.000000;2016-03-10T05:34:48.000000;e4c38fbc-09bc-4c5c-901e-4990702a1ff8;411.2;3.0;UNKNOWN
2016-03-10T05:34:48.000000;2016-03-10T05:34:48.000000;1258d6da-c8a8-479f-9c0f-494b69dc8202;411.22;6.0195;UNKNOWN
2016-03-10T05:34:48.000000;2016-03-10T05:34:48.000000;dc549b0f-9331-4fa7-9c7e-587677683b02;411.2;0.5;UNKNOWN
2016-03-10T05:34:48.000000;2016-03-10T05:34:48.000000;9b27a337-7055-4c96-b628-e5a667944fd9;411.14;1.3005;UNKNOWN
2016-03-10T05:35:08.000000;2016-03-10T05:35:08.000000;5394ec10-2420-41b7-85c3-295851136b86;411.08;0.01;UNKNOWN
2016-03-10T05:36:05.000000;2016-03-10T05:36:05.000000;227ee3c1-eb1d-42d7-a7f4-1a6c2f659b21;411.42;0.07199719;UNKNOWN
2016-03-10T05:36:08.000000;2016-03-10T05:36:08.000000;865ad7b5-8e16-41f4-be9f-dd05781c5004;411.08;0.10596026;UNKNOWN
2016-03-10T05:39:18.000000;2016-03-10T05:39:18.000000;8714c5b7-8b65-46eb-a6d2-a7299b7722b2;411.08;0.06087629;UNKNOWN
2016-03-10T05:42:05.000000;2016-03-10T05:42:05.000000;7781a24d-6040-4ce4-9c4b-ef77d4424f14;411.09;2.15937482;UNKNOWN
2016-03-10T05:42:34.000000;2016-03-10T05:42:34.000000;38ec67bf-76d7-4486-9a1f-d9d5e946b614;411.09;2.84062518;UNKNOWN
2016-03-10T05:42:42.000000;2016-03-10T05:42:42.000000;5a1a9c76-170e-4f9e-bcec-39e490a1b866;411.43;0.13804879;UNKNOWN
2016-03-10T05:42:47.000000;2016-03-10T05:42:47.000000;d8dc70a0-b595-40d8-8ce9-e05f3f84669c;411.93;13.0269;UNKNOWN
2016-03-10T05:42:47.000000;2016-03-10T05:42:47.000000;a9048fd0-1481-49cb-8c8c-52be57907ab4;411.46;0.091128;UNKNOWN
2016-03-10T05:42:47.000000;2016-03-10T05:42:47.000000;32485a81-34d5-4567-a6f6-59f2995a1569;411.33;0.082874;UNKNOWN
2016-03-10T05:42:47.000000;2016-03-10T05:42:47.000000;4ed58f43-11b5-4442-b4f7-bab8edc41cb0;411.48;6.0231;UNKNOWN
2016-03-10T05:42:47.000000;2016-03-10T05:42:47.000000;60cd969b-f526-485e-a0ed-132de0b66032;411.94;14.7936;UNKNOWN
2016-03-10T05:42:47.000000;2016-03-10T05:42:47.000000;937f8c32-98d5-41f0-84cf-21204a35192d;411.95;2.834898;UNKNOWN
2016-03-10T05:42:47.000000;2016-03-10T05:42:47.000000;9f25da31-bc5a-45ad-85b6-f134dd51adbf;411.79;13.4757;UNKNOWN
2016-03-10T05:43:03.000000;2016-03-10T05:43:03.000000;faec6fba-b3ca-4f7d-bebf-a6baa28f42b4;412.0;0.0194;UNKNOWN
2016-03-10T05:44:39.000000;2016-03-10T05:44:39.000000;ba8b8a4e-7850-4b06-8bfe-3751fcec8e35;411.86;0.15937482;UNKNOWN
2016-03-10T05:45:13.000000;2016-03-10T05:45:13.000000;363c6e65-69a9-4ed6-ab1b-aeeb12bfbcdf;411.78;0.01;UNKNOWN
2016-03-10T05:45:38.000000;2016-03-10T05:45:38.000000;542c5dbd-c687-41b4-b62f-a9e9f51d28ec;411.47;0.48654875;UNKNOWN
2016-03-10T05:46:31.000000;2016-03-10T05:46:31.000000;1445f139-efc8-4d61-81fb-4b4b7eca48da;411.51;0.01;UNKNOWN
2016-03-10T05:47:59.000000;2016-03-10T05:47:59.000000;477f35d4-fe45-4b25-9fe2-489e6f74441a;411.59;0.020358;UNKNOWN
2016-03-10T05:48:00.000000;2016-03-10T05:48:00.000000;11445fc4-14dd-40ec-a372-8a4f379889a0;411.89;0.08;UNKNOWN
2016-03-10T05:48:07.000000;2016-03-10T05:48:07.000000;bab11169-5439-4079-8037-446f0d7cf38f;411.53;0.035402;UNKNOWN
2016-03-10T05:48:08.000000;2016-03-10T05:48:08.000000;ef662d7f-41a1-4463-8fb4-c4f2edad24b0;411.53;1.2;UNKNOWN
2016-03-10T05:49:43.000000;2016-03-10T05:49:43.000000;141e963f-7241-40c4-b2e1-b180a7de6944;411.53;0.098496;UNKNOWN
2016-03-10T05:51:16.000000;2016-03-10T05:51:16.000000;4c06f870-ff57-44d0-8b92-a3b05d367016;411.53;0.1393;UNKNOWN
2016-03-10T05:53:55.000000;2016-03-10T05:53:55.000000;1d33b021-dbe1-4861-8c07-88edc5d6b119;411.53;0.01026686;UNKNOWN
2016-03-10T05:54:06.000000;2016-03-10T05:54:06.000000;d8c1e24f-8e92-49d1-9adb-ac0d2eeec1e9;411.54;6.0546;UNKNOWN
2016-03-10T05:54:06.000000;2016-03-10T05:54:06.000000;c432409b-6151-44e7-970b-4c3c00fd83d4;411.79;2.59465047;UNKNOWN
2016-03-10T05:54:08.000000;2016-03-10T05:54:08.000000;7576fb22-1c25-4a6d-9810-89e3432859d6;411.53;0.05872576;UNKNOWN
2016-03-10T05:54:58.000000;2016-03-10T05:54:58.000000;5123c6d8-da13-46b7-89ca-2a0031e84a58;411.53;0.14594332;UNKNOWN
2016-03-10T05:55:06.000000;2016-03-10T05:55:06.000000;8dd56705-7fc3-449c-818d-b080f38b9ef3;411.53;0.01;UNKNOWN
2016-03-10T05:56:07.000000;2016-03-10T05:56:07.000000;a2984052-a26a-4de6-853a-0537935ef0a0;411.53;0.12027615;UNKNOWN
2016-03-10T05:56:35.000000;2016-03-10T05:56:35.000000;dd6549c5-034d-447f-ac4c-15ab000bea1e;411.53;0.12061146;UNKNOWN
2016-03-10T05:59:05.000000;2016-03-10T05:59:05.000000;a101e660-0445-4228-8890-247321f480d3;411.52;0.71992115;UNKNOWN
2016-03-10T06:01:08.000000;2016-03-10T06:01:08.000000;e2090eb3-e9ad-4883-ba1e-3406abd422e4;411.42;0.10516336;UNKNOWN
2016-03-10T06:01:08.000000;2016-03-10T06:01:08.000000;2431a0b8-d05c-4132-a836-2c167bdd30a3;411.43;0.14;UNKNOWN
2016-03-10T06:03:54.000000;2016-03-10T06:03:54.000000;46f01a27-3939-403e-9db7-0372284ad349;411.91;3.0;UNKNOWN
2016-03-10T06:03:54.000000;2016-03-10T06:03:54.000000;f88defab-1253-43cc-bf40-489e3a0e9ebe;411.92;1.5;UNKNOWN
2016-03-10T06:03:54.000000;2016-03-10T06:03:54.000000;2f1bf063-9338-4c0b-92d4-8df70bf06487;411.91;0.5;UNKNOWN
2016-03-10T06:03:58.000000;2016-03-10T06:03:58.000000;9a53b2fe-8c43-4131-88e7-14e74d730e53;411.92;2.35;UNKNOWN
2016-03-10T06:03:58.000000;2016-03-10T06:03:58.000000;1d1ed389-4d29-4670-9ca4-01139de73482;412.06;2.0561306;UNKNOWN
2016-03-10T06:03:58.000000;2016-03-10T06:03:58.000000;cad56eff-437b-41dd-b78a-1edeb0605050;412.0;0.1132694;UNKNOWN
2016-03-10T06:03:58.000000;2016-03-10T06:03:58.000000;e6d36540-16bb-4725-b99d-5d566acf99d5;412.0;0.4806;UNKNOWN
2016-03-10T06:04:05.000000;2016-03-10T06:04:05.000000;a91c0d2b-d0d5-493e-b6bb-e87a6608c887;412.08;0.19;UNKNOWN
2016-03-10T06:04:05.000000;2016-03-10T06:04:05.000000;938a1421-c7fc-4c1f-a583-dbe3f5289abb;412.08;5.0;UNKNOWN
2016-03-10T06:04:08.000000;2016-03-10T06:04:08.000000;d584e372-670e-4081-a0e6-d5b447fc3768;411.48;1.17272485;UNKNOWN
2016-03-10T06:04:13.000000;2016-03-10T06:04:13.000000;9d1c6542-00dd-464f-a928-4456e2f57192;412.08;5.0;UNKNOWN
2016-03-10T06:04:22.000000;2016-03-10T06:04:22.000000;715a9d8c-249b-4987-a6aa-e185b4a3090a;412.04;1.0;UNKNOWN
2016-03-10T06:04:37.000000;2016-03-10T06:04:37.000000;dd0c774b-d5b0-4b82-85a6-b380f603da78;411.95;1.0;UNKNOWN
2016-03-10T06:04:46.000000;2016-03-10T06:04:46.000000;a50a66f3-07b3-434f-a512-266b5610f45e;411.95;0.5;UNKNOWN
2016-03-10T06:05:10.000000;2016-03-10T06:05:10.000000;19806a80-f197-447c-a85a-e0db49715cf3;411.85;2.8;UNKNOWN
2016-03-10T06:05:28.000000;2016-03-10T06:05:28.000000;1347ad04-2fcd-4bd7-808a-48268797143e;411.52;0.05839293;UNKNOWN
2016-03-10T06:07:06.000000;2016-03-10T06:07:06.000000;06fc3cac-6fa6-412e-942c-a8bf4deda7ca;411.89;0.38;UNKNOWN
2016-03-10T06:07:06.000000;2016-03-10T06:07:06.000000;1c94ed2c-3238-495d-8eef-8874e16ddd17;411.94;2.9322;UNKNOWN
2016-03-10T06:07:06.000000;2016-03-10T06:07:06.000000;78655d3f-ac30-417a-993f-881c73913fbf;411.93;0.0404;UNKNOWN
2016-03-10T06:07:06.000000;2016-03-10T06:07:06.000000;ff0d737b-9b55-4f5b-8b35-d82bd3b0ae3a;411.93;6.0004;UNKNOWN
2016-03-10T06:07:06.000000;2016-03-10T06:07:06.000000;2176d7c6-96b7-4515-8ba6-8c864b4a2aad;411.93;10.647;UNKNOWN
2016-03-10T06:11:06.000000;2016-03-10T06:11:06.000000;d884d798-cc9c-4d56-b6b7-c64c5126513a;411.87;0.13;UNKNOWN
2016-03-10T06:13:06.000000;2016-03-10T06:13:06.000000;2485c167-c011-4c39-883c-a5f0251ce654;411.86;0.02290935;UNKNOWN
2016-03-10T06:13:08.000000;2016-03-10T06:13:08.000000;9369afd4-54d6-404d-bf12-c7196b862945;411.86;0.0243044;UNKNOWN
2016-03-10T06:14:04.000000;2016-03-10T06:14:04.000000;09ec1a02-c166-4fca-9e65-6205c94f16a9;411.86;0.01;UNKNOWN
2016-03-10T06:15:57.000000;2016-03-10T06:15:57.000000;dc0a7fdc-ac08-430f-aef9-8c7743186129;411.86;2.0;UNKNOWN
2016-03-10T06:17:07.000000;2016-03-10T06:17:07.000000;1883d093-e9c4-4114-96be-e365b492477f;411.5;0.2317;UNKNOWN
2016-03-10T06:17:07.000000;2016-03-10T06:17:07.000000;ad3023fe-d199-43e8-ae9c-9194bfa3dc00;411.68;1.7683;UNKNOWN
2016-03-10T06:17:46.000000;2016-03-10T06:17:46.000000;df56d779-8442-4879-ad5c-9c9fd2357124;411.8;6.0;UNKNOWN
2016-03-10T06:17:46.000000;2016-03-10T06:17:46.000000;372a16bb-87c8-4e38-a748-8c1ac95599df;411.63;5.9965;UNKNOWN
2016-03-10T06:17:46.000000;2016-03-10T06:17:46.000000;7aa70f3a-d9cc-4b48-9164-49b412c1b8c9;411.87;0.2456998;UNKNOWN
2016-03-10T06:17:46.000000;2016-03-10T06:17:46.000000;4b7a4ea1-9802-4f30-b954-320d02b5bf22;411.79;0.024998;UNKNOWN
2016-03-10T06:20:01.000000;2016-03-10T06:20:01.000000;7e6305ad-297a-4256-8bbd-72abebb8b9d9;411.64;0.01;UNKNOWN
2016-03-10T06:20:14.000000;2016-03-10T06:20:14.000000;5e529682-5575-4825-a07b-d2d09833ed1d;411.44;0.016;UNKNOWN
2016-03-10T06:20:54.000000;2016-03-10T06:20:54.000000;35061ff5-6e2b-4f30-bb3d-8a1abdfff4f2;411.28;2.8601;UNKNOWN
2016-03-10T06:20:54.000000;2016-03-10T06:20:54.000000;affe9702-0adf-444b-8281-926037c04209;411.41;0.1393;UNKNOWN
2016-03-10T06:22:10.000000;2016-03-10T06:22:10.000000;915f5864-ce9a-4b61-a919-14a83884d960;411.26;0.01027733;UNKNOWN
2016-03-10T06:23:51.000000;2016-03-10T06:23:51.000000;c8d73424-e8e4-4da5-8689-a0bbf741d006;411.41;0.02099;UNKNOWN
2016-03-10T06:24:42.000000;2016-03-10T06:24:42.000000;8524cd43-71c4-40c1-8506-a2f4efdbf91f;411.56;6.0404;UNKNOWN
2016-03-10T06:24:42.000000;2016-03-10T06:24:42.000000;e9bd1246-795c-4b22-99e1-32fd8c736082;411.76;1.4611;UNKNOWN
2016-03-10T06:24:52.000000;2016-03-10T06:24:52.000000;08d72bd0-4c6a-4261-a3f0-67f6a5d6a84c;411.95;1.17356725;UNKNOWN
2016-03-10T06:24:52.000000;2016-03-10T06:24:52.000000;61356a91-4af1-4713-a06a-263627a3848f;411.86;0.1;UNKNOWN
2016-03-10T06:25:50.000000;2016-03-10T06:25:50.000000;ac209abc-4c35-4b46-9a2a-f9d169033137;411.74;5.0;UNKNOWN
2016-03-10T06:26:05.000000;2016-03-10T06:26:05.000000;ee6e2479-851f-4369-9017-e8b434504b69;411.91;1.0003;UNKNOWN
2016-03-10T06:27:33.000000;2016-03-10T06:27:33.000000;97c042f9-8e90-4a14-9e44-a163a3c74a85;411.73;5.0;UNKNOWN
2016-03-10T06:27:36.000000;2016-03-10T06:27:36.000000;fd58f2e6-6704-4fd9-832b-8a3275e46d7e;411.93;5.0;UNKNOWN
2016-03-10T06:27:45.000000;2016-03-10T06:27:45.000000;2c8c7335-2e2f-47f5-831c-d1f3dd9997ce;412.08;5.0;UNKNOWN
2016-03-10T06:28:04.000000;2016-03-10T06:28:04.000000;ab112abd-b99a-4a37-8156-5e2f5036b044;412.07;0.015;UNKNOWN
2016-03-10T06:29:44.000000;2016-03-10T06:29:44.000000;dc065015-eac9-4c6b-93f7-5d27526cd804;411.69;0.1;UNKNOWN
2016-03-10T06:31:06.000000;2016-03-10T06:31:06.000000;9868a685-749f-405f-ba4b-bc615975b1ea;411.7;0.05;UNKNOWN
2016-03-10T06:31:06.000000;2016-03-10T06:31:06.000000;bd49d2ca-16ed-4574-8d1c-8bb2d827a472;411.7;4.95;UNKNOWN
2016-03-10T06:32:56.000000;2016-03-10T06:32:56.000000;0c72c325-c834-46d6-9e4c-a24ce233cc56;411.7;5.9986;UNKNOWN
2016-03-10T06:34:53.000000;2016-03-10T06:34:53.000000;3ce294bc-6371-4d05-ac87-c62b7c6c8e39;411.7;15.2767;UNKNOWN
2016-03-10T06:34:53.000000;2016-03-10T06:34:53.000000;6eb5b4c3-353f-4b1a-b259-777d3f75f681;412.05;6.0665;UNKNOWN
2016-03-10T06:34:53.000000;2016-03-10T06:34:53.000000;44cf10b6-1d8e-4e55-af1b-214029341324;411.71;16.1458;UNKNOWN
2016-03-10T06:35:18.000000;2016-03-10T06:35:18.000000;f0e02f3d-cea2-4910-bd47-59b2e9c4afbd;411.81;4.0;UNKNOWN
2016-03-10T06:36:48.000000;2016-03-10T06:36:48.000000;b0a78337-cd41-4ac9-b120-2ccfe29fdfd4;411.74;0.32567898;UNKNOWN
2016-03-10T06:37:49.000000;2016-03-10T06:37:49.000000;34f2af27-a2c2-42c8-bbfe-4b1665f7fe43;411.7;0.72814943;UNKNOWN
2016-03-10T06:37:53.000000;2016-03-10T06:37:53.000000;61c5bb8b-9be6-4d26-aa82-ef9f450f6343;411.77;2.0;UNKNOWN
2016-03-10T06:39:02.000000;2016-03-10T06:39:02.000000;141d1aef-735d-43aa-9ef3-b57173f418f2;411.71;0.024198;UNKNOWN
2016-03-10T06:39:05.000000;2016-03-10T06:39:05.000000;b22b35fc-1ff0-4c66-b686-41aededac7bf;411.72;0.14;UNKNOWN
2016-03-10T06:39:08.000000;2016-03-10T06:39:08.000000;067c536b-3511-4ac1-bc15-e30cb66db21e;411.71;0.254611;UNKNOWN
2016-03-10T06:42:25.000000;2016-03-10T06:42:25.000000;938fdcb0-3c23-45ea-a477-ce440c14c590;411.7;0.135691;UNKNOWN
2016-03-10T06:44:03.000000;2016-03-10T06:44:03.000000;5efeb4f5-373b-4831-9fe7-e33acbcfec89;411.78;0.124492;UNKNOWN
2016-03-10T06:44:09.000000;2016-03-10T06:44:09.000000;e8c9bb75-432a-4f70-92e0-01b593bacfa9;411.82;0.023514;UNKNOWN
2016-03-10T06:44:28.000000;2016-03-10T06:44:28.000000;0ee10877-721c-4078-b040-747734c15558;411.82;0.36465456;UNKNOWN
2016-03-10T06:45:43.000000;2016-03-10T06:45:43.000000;ed781e33-305d-4964-aa5c-197773b222fd;411.7;0.080337;UNKNOWN
2016-03-10T06:55:10.000000;2016-03-10T06:55:10.000000;aa5efc6b-cd2a-48bf-b88a-b1d892e9ef75;411.7;0.15570107;UNKNOWN
2016-03-10T06:57:54.000000;2016-03-10T06:57:54.000000;4a789765-08ff-4bfa-9c8c-9871fc66b717;412.1;8.2;UNKNOWN
2016-03-10T06:57:54.000000;2016-03-10T06:57:54.000000;c55d29d5-3872-4c70-b05f-007831513ca6;412.19;13.4712;UNKNOWN
2016-03-10T06:57:54.000000;2016-03-10T06:57:54.000000;664af2b1-8108-4df4-bc2f-3b0030b91706;412.2;0.01;UNKNOWN
2016-03-10T06:57:54.000000;2016-03-10T06:57:54.000000;b00893e4-9de9-4d6d-a7c1-d5b0ea2822d1;412.18;12.7011;UNKNOWN
2016-03-10T06:57:54.000000;2016-03-10T06:57:54.000000;7b5f9eff-fbee-4362-9fee-e51f581a370d;412.1;0.1;UNKNOWN
2016-03-10T06:58:54.000000;2016-03-10T06:58:54.000000;0f01d531-07be-4555-86a5-7559567b581a;412.24;0.267753;UNKNOWN
2016-03-10T06:58:56.000000;2016-03-10T06:58:56.000000;2719820d-8f84-4820-b8d7-8aa346b06155;412.24;0.021157;UNKNOWN
2016-03-10T06:58:59.000000;2016-03-10T06:58:59.000000;4b63b03b-828d-4154-95b5-343759962faf;412.24;0.144031;UNKNOWN
2016-03-10T06:59:05.000000;2016-03-10T06:59:05.000000;cad9ed7b-24b9-4acb-8f20-d6d04e7b1cb8;412.25;0.03600335;UNKNOWN
2016-03-10T07:03:55.000000;2016-03-10T07:03:55.000000;7c39a20f-92b9-4f1f-840e-51f9695bfbe6;412.29;0.086111;UNKNOWN
2016-03-10T07:05:48.000000;2016-03-10T07:05:48.000000;5ce76802-d02f-40fd-b5dc-b68d0d62a4af;412.29;0.023917;UNKNOWN
2016-03-10T07:05:51.000000;2016-03-10T07:05:51.000000;c3d52d09-790c-4655-bb40-0f330af0e379;412.29;0.021157;UNKNOWN
2016-03-10T07:06:19.000000;2016-03-10T07:06:19.000000;62d8fa76-1df5-45b9-84e1-0f7fbea71802;412.29;0.130735;UNKNOWN
2016-03-10T07:06:58.000000;2016-03-10T07:06:58.000000;50e74a46-a676-4216-aa51-f1a379acde52;412.29;0.12139525;UNKNOWN
2016-03-10T07:08:16.000000;2016-03-10T07:08:16.000000;e3b68a1f-0d55-45aa-aa6e-035aef0bb1d4;412.29;0.01208217;UNKNOWN
2016-03-10T07:09:05.000000;2016-03-10T07:09:05.000000;824574d6-6d75-48f0-b90e-19e115081110;412.3;0.01;UNKNOWN
2016-03-10T07:09:05.000000;2016-03-10T07:09:05.000000;be19ec12-ce6d-43c3-b96d-67f92e73ae18;412.4;0.01;UNKNOWN
2016-03-10T07:09:05.000000;2016-03-10T07:09:05.000000;a1c48b7b-69a2-4563-b96a-c655843bbc45;412.44;0.33030868;UNKNOWN
2016-03-10T07:09:05.000000;2016-03-10T07:09:05.000000;bc700848-80d4-41da-b219-a9725c9ba523;412.3;0.01;UNKNOWN
2016-03-10T07:09:18.000000;2016-03-10T07:09:18.000000;e695f1bd-6d1d-42aa-97db-d7cd98aa4371;412.29;0.7040925;UNKNOWN
2016-03-10T07:10:59.000000;2016-03-10T07:10:59.000000;083aff24-6e4a-47b4-a711-6f9ffd0eb7c4;411.75;13.2273;UNKNOWN
2016-03-10T07:10:59.000000;2016-03-10T07:10:59.000000;b4af2c3d-5a5c-4e22-9ee3-e66181ee05cb;412.33;5.9823;UNKNOWN
2016-03-10T07:10:59.000000;2016-03-10T07:10:59.000000;fc53bd03-94f9-4eba-b58f-bd7e16258ea6;411.67;2.4000785;UNKNOWN
2016-03-10T07:10:59.000000;2016-03-10T07:10:59.000000;eaa8f28a-dcb3-474e-ab3e-e9818d814cfe;411.7;11.6310215;UNKNOWN
2016-03-10T07:10:59.000000;2016-03-10T07:10:59.000000;08c590b4-554f-4408-9af3-1ee92ae8b40d;411.76;15.9716;UNKNOWN
2016-03-10T07:10:59.000000;2016-03-10T07:10:59.000000;7ccab484-5c7b-4bb1-91a0-7461d196c283;412.2;30.7877;UNKNOWN
2016-03-10T07:11:05.000000;2016-03-10T07:11:05.000000;29198570-2cd8-41bf-aa40-d2d506fac8b7;411.95;1.8;UNKNOWN
2016-03-10T07:11:07.000000;2016-03-10T07:11:07.000000;a51838bd-a659-44cd-8da2-eaea7c2c1817;411.95;0.1;UNKNOWN
2016-03-10T07:11:33.000000;2016-03-10T07:11:33.000000;697134ee-a6ff-44d7-8e01-2f9f2a2dce72;411.51;1.88;UNKNOWN
2016-03-10T07:15:07.000000;2016-03-10T07:15:07.000000;ee061602-52e8-4327-adb0-1eafdfbe2c71;411.78;1.672119;UNKNOWN
2016-03-10T07:15:15.000000;2016-03-10T07:15:15.000000;6966e95d-6087-4c4b-953d-168fb8653f6c;411.39;0.992345;UNKNOWN
2016-03-10T07:17:10.000000;2016-03-10T07:17:10.000000;3b4e01ba-60bc-414a-9fcd-597fb15a0279;411.61;1.958689;UNKNOWN
2016-03-10T07:17:13.000000;2016-03-10T07:17:13.000000;b587fc28-6045-4341-b6c0-e80b3f23afec;411.61;3.096299;UNKNOWN
2016-03-10T07:17:58.000000;2016-03-10T07:17:58.000000;80146688-dc80-4e89-a94c-7b62c6b31d54;411.61;0.02431856;UNKNOWN
2016-03-10T07:20:46.000000;2016-03-10T07:20:46.000000;5ee721cf-b431-4918-9346-6f69b3514cda;411.32;0.04;UNKNOWN
2016-03-10T07:20:59.000000;2016-03-10T07:20:59.000000;3c60a0fa-e39e-4635-a62e-b4ca7c0c00ab;411.4;2.5;UNKNOWN
2016-03-10T07:21:24.000000;2016-03-10T07:21:24.000000;93cbf03e-df47-4fba-9a2b-57bbd56bc745;411.3;0.0209;UNKNOWN
2016-03-10T07:21:24.000000;2016-03-10T07:21:24.000000;a97a8c67-ccea-48e9-89d9-a8aa0a3b6b24;411.26;0.46871548;UNKNOWN
2016-03-10T07:22:32.000000;2016-03-10T07:22:32.000000;42891240-0107-4b57-84f5-d844f11af0d3;411.41;1.924019;UNKNOWN
2016-03-10T07:22:32.000000;2016-03-10T07:22:32.000000;b79bf39b-2729-46d2-b62b-88a6be27a3e5;411.42;0.5;UNKNOWN
2016-03-10T07:24:07.000000;2016-03-10T07:24:07.000000;0418273e-561a-4d44-a78f-13e814be96d2;411.5;0.14476319;UNKNOWN
2016-03-10T07:32:08.000000;2016-03-10T07:32:08.000000;49d5f6c4-24ed-48d7-960d-5136cec3222c;411.4;0.046517;UNKNOWN
2016-03-10T07:32:16.000000;2016-03-10T07:32:16.000000;b68751f1-7267-40ff-a902-bc88d63ea277;411.4;0.36726626;UNKNOWN
2016-03-10T07:32:16.000000;2016-03-10T07:32:16.000000;d405139e-a3d3-4634-ade4-75945ab65a93;411.38;5.80121896;UNKNOWN
2016-03-10T07:33:08.000000;2016-03-10T07:33:08.000000;07ebcd82-a36e-4aa9-8599-8ddeac3edddb;411.36;0.12084156;UNKNOWN
2016-03-10T07:33:11.000000;2016-03-10T07:33:11.000000;4ae03b10-5eb4-45b9-83ce-7881c52aff14;411.36;0.02709;UNKNOWN
2016-03-10T07:33:13.000000;2016-03-10T07:33:13.000000;b80eb793-a35d-44e3-ae29-daa76ab2aa0c;411.36;11.85523681;UNKNOWN
2016-03-10T07:33:13.000000;2016-03-10T07:33:13.000000;82da3ed1-b761-40f8-b9bb-9ce4783222b6;411.36;0.03263;UNKNOWN
2016-03-10T07:34:47.000000;2016-03-10T07:34:47.000000;c7e052a2-8593-4892-886e-eef5bdc1c9a3;411.27;0.079408;UNKNOWN
2016-03-10T07:38:13.000000;2016-03-10T07:38:13.000000;7f85dbe4-4230-41ba-9305-f1596f3fecb9;411.26;0.063962;UNKNOWN
2016-03-10T07:39:05.000000;2016-03-10T07:39:05.000000;b4d3c55d-254c-4d5b-a933-d31330fd6170;411.31;2.0;UNKNOWN
2016-03-10T07:40:01.000000;2016-03-10T07:40:01.000000;ba9bfdb7-2588-417f-a2c4-79b2e4a9a32f;411.28;0.016866;UNKNOWN
2016-03-10T07:43:05.000000;2016-03-10T07:43:05.000000;6e0689b7-9228-4113-b748-198ab1e9bd6d;411.35;0.26045431;UNKNOWN
2016-03-10T07:47:38.000000;2016-03-10T07:47:38.000000;9b3c8396-0573-47ac-b488-66352efd1c89;411.58;0.16838;UNKNOWN
2016-03-10T07:47:40.000000;2016-03-10T07:47:40.000000;a0e24816-2b81-41eb-879b-3f5735a7b187;411.58;0.013281;UNKNOWN
2016-03-10T07:47:43.000000;2016-03-10T07:47:43.000000;d8b93e4e-7dbd-477f-ae62-a3d02e5a4805;411.62;0.090715;UNKNOWN
2016-03-10T07:49:05.000000;2016-03-10T07:49:05.000000;d0d0de8f-0a47-4adf-a666-c9c4629cc650;411.73;0.07921768;UNKNOWN
2016-03-10T07:51:30.000000;2016-03-10T07:51:30.000000;07591f48-225e-4dd9-9c78-f8f5688a2d92;411.92;0.13272352;UNKNOWN
2016-03-10T07:52:21.000000;2016-03-10T07:52:21.000000;c10b6835-ce3e-4bf5-bde3-9c9c7701ad8f;411.97;0.0233354;UNKNOWN
2016-03-10T07:52:29.000000;2016-03-10T07:52:29.000000;5c91c051-1d11-48b3-b86c-356c488b4fd1;411.91;0.030634;UNKNOWN
2016-03-10T07:52:39.000000;2016-03-10T07:52:39.000000;c7468be5-3f43-4549-94b2-1f9350b0704a;411.91;0.013296;UNKNOWN
2016-03-10T07:52:46.000000;2016-03-10T07:52:46.000000;b9c7de60-5e98-463e-9baa-ee76a3f26feb;412.0;1.0;UNKNOWN
2016-03-10T07:52:47.000000;2016-03-10T07:52:47.000000;fa6667c4-9fac-441d-aa2f-b181a536975d;411.9;0.026067;UNKNOWN
2016-03-10T07:54:05.000000;2016-03-10T07:54:05.000000;7e7de9c4-36eb-4895-8735-2ee9d925bfcf;412.24;0.14450579;UNKNOWN
2016-03-10T07:54:05.000000;2016-03-10T07:54:05.000000;7a12d480-bd99-49ea-bf26-74bf2a72ef98;412.09;0.072204;UNKNOWN
2016-03-10T07:56:04.000000;2016-03-10T07:56:04.000000;b6e6446e-2d93-4247-a297-74278ae3f3d9;412.1;3.0;UNKNOWN
2016-03-10T07:56:06.000000;2016-03-10T07:56:06.000000;76a8fcee-bef6-43ac-bf78-5621898aa34e;412.08;6.9977;UNKNOWN
2016-03-10T07:56:06.000000;2016-03-10T07:56:06.000000;0152a5fc-6580-492c-86f2-fa4747ad002e;412.08;6.0023;UNKNOWN
2016-03-10T07:58:05.000000;2016-03-10T07:58:05.000000;bdc52178-193c-4abd-a073-4f753c0686a6;412.08;3.00173424;UNKNOWN
2016-03-10T07:58:07.000000;2016-03-10T07:58:07.000000;4ef66cdb-e330-4b3a-841f-4985c938d8b0;412.08;0.01394379;UNKNOWN
2016-03-10T07:58:14.000000;2016-03-10T07:58:14.000000;86d621d2-6b7e-46eb-9432-5b52899aecb2;412.08;0.01098824;UNKNOWN
2016-03-10T07:59:05.000000;2016-03-10T07:59:05.000000;b872e7f7-cb36-45ad-9e4e-573d8e911eaa;412.08;0.02407202;UNKNOWN
2016-03-10T08:00:07.000000;2016-03-10T08:00:07.000000;11939bba-052b-441a-a179-17920cdfaa52;412.08;0.47751907;UNKNOWN
2016-03-10T08:00:09.000000;2016-03-10T08:00:09.000000;e3187272-bbe5-4360-8692-d7a990a20243;412.07;0.03;UNKNOWN
2016-03-10T08:00:34.000000;2016-03-10T08:00:34.000000;4ee1cc44-dae4-4169-bcec-36590f595ecb;412.07;5.0;UNKNOWN
2016-03-10T08:00:40.000000;2016-03-10T08:00:40.000000;b28344fc-5ba5-497b-9b14-48c865c0bf97;411.58;1.00453416;UNKNOWN
2016-03-10T08:00:40.000000;2016-03-10T08:00:40.000000;ce2770ab-9e37-42f0-9c9d-4cf995e357a2;411.28;4.20526584;UNKNOWN
2016-03-10T08:00:40.000000;2016-03-10T08:00:40.000000;a6d067c6-26ac-4c2f-8653-2d3e969e2eb8;411.54;10.7902;UNKNOWN
2016-03-10T08:01:01.000000;2016-03-10T08:01:01.000000;ab21b29f-87bd-4895-9859-6797a2399e6b;411.56;9.9;UNKNOWN
2016-03-10T08:01:01.000000;2016-03-10T08:01:01.000000;dc61a9be-f5ad-4638-b8f7-8d5aa1482a9f;411.57;13.0281;UNKNOWN
2016-03-10T08:01:01.000000;2016-03-10T08:01:01.000000;8683bc92-7b23-419a-a475-8b49209091db;411.68;4.5267705;UNKNOWN
2016-03-10T08:03:07.000000;2016-03-10T08:03:07.000000;8a23fccd-aeb0-41f3-adf8-524a83ca61bd;411.79;0.020604;UNKNOWN
2016-03-10T08:03:09.000000;2016-03-10T08:03:09.000000;5c942e87-cf5a-4bfa-912b-547ee41be4bf;411.79;0.020232;UNKNOWN
2016-03-10T08:03:12.000000;2016-03-10T08:03:12.000000;ac9b04d9-5d70-45b2-9da8-7a5457e991e1;411.79;0.011322;UNKNOWN
2016-03-10T08:03:47.000000;2016-03-10T08:03:47.000000;9363cd4e-df7c-4fc5-9df8-98b91bcf33ac;411.79;5.0;UNKNOWN
2016-03-10T08:06:54.000000;2016-03-10T08:06:54.000000;30a5d765-0767-4aa4-90c2-86014d6179b9;411.64;5.0;UNKNOWN
2016-03-10T08:10:28.000000;2016-03-10T08:10:28.000000;f83369bf-da3e-4de5-9dbb-5bf5e28e32af;411.64;0.08622976;UNKNOWN
2016-03-10T08:10:28.000000;2016-03-10T08:10:28.000000;c4d1ea36-e5db-45bb-a6c8-4d01d4713219;411.64;0.5414865;UNKNOWN
2016-03-10T08:10:28.000000;2016-03-10T08:10:28.000000;1da4dde8-bc98-4358-9e4b-85e724396c7a;411.64;0.04137168;UNKNOWN
2016-03-10T08:10:28.000000;2016-03-10T08:10:28.000000;3c37b38f-4776-4ffa-9e2e-7c82a37b8280;411.64;4.33091206;UNKNOWN
2016-03-10T08:11:44.000000;2016-03-10T08:11:44.000000;d5b48a7d-2aaa-4cdf-a723-a04056cea758;411.64;4.84312565;UNKNOWN
2016-03-10T08:11:44.000000;2016-03-10T08:11:44.000000;ca59835b-f4d8-4a76-b3c6-e375939a6898;411.64;0.06102008;UNKNOWN
2016-03-10T08:11:44.000000;2016-03-10T08:11:44.000000;403bfe23-4dcc-4fcc-b165-8ea2339d3725;411.64;0.09585427;UNKNOWN
2016-03-10T08:14:09.000000;2016-03-10T08:14:09.000000;059a46f4-6691-40c1-a124-bed979667d22;411.64;5.0;UNKNOWN
2016-03-10T08:14:59.000000;2016-03-10T08:14:59.000000;ac6c0861-1042-41c1-a46f-9da7a25382af;411.54;5.0;UNKNOWN
2016-03-10T08:18:31.000000;2016-03-10T08:18:31.000000;e420697d-9f36-4a76-ae89-002261b5a0d6;411.06;20.23280674;UNKNOWN
2016-03-10T08:18:31.000000;2016-03-10T08:18:31.000000;c728b636-3416-4fae-a57d-a4630688bbcc;411.1;3.1;UNKNOWN
2016-03-10T08:18:31.000000;2016-03-10T08:18:31.000000;4058ff88-9da8-4d7d-b85a-26cb45061cde;411.34;1.24444843;UNKNOWN
2016-03-10T08:18:31.000000;2016-03-10T08:18:31.000000;424c12b8-03db-4bb9-bef2-71c2f6279bed;411.07;15.0;UNKNOWN
2016-03-10T08:18:31.000000;2016-03-10T08:18:31.000000;e71d5ead-e737-4b7b-ac7e-1a79e65290c5;411.07;0.01654483;UNKNOWN
2016-03-10T08:18:31.000000;2016-03-10T08:18:31.000000;a173148f-35c9-46f0-b110-382e460656a5;411.34;13.6;UNKNOWN
2016-03-10T08:18:31.000000;2016-03-10T08:18:31.000000;aa409536-c7e1-4f13-b12b-9b791324defc;411.34;5.9875;UNKNOWN
2016-03-10T08:18:31.000000;2016-03-10T08:18:31.000000;4bcaf7d8-f90b-4d2d-9502-a799c80b4717;411.12;12.8136;UNKNOWN
2016-03-10T08:18:31.000000;2016-03-10T08:18:31.000000;e7aadd7d-298c-485d-b143-d15c43737e62;411.12;11.7597;UNKNOWN
2016-03-10T08:19:05.000000;2016-03-10T08:19:05.000000;db8aa592-aba5-48f8-b741-9d87c98d2b28;411.26;2.5;UNKNOWN
2016-03-10T08:19:05.000000;2016-03-10T08:19:05.000000;fe02548e-6d8f-4ae1-b1a5-7a2ae45422aa;411.25;0.5;UNKNOWN
2016-03-10T08:25:29.000000;2016-03-10T08:25:29.000000;67fd61b9-745f-4c8c-a48f-84ef02f06127;411.22;6.0666;UNKNOWN
2016-03-10T08:25:29.000000;2016-03-10T08:25:29.000000;4ba0e72e-4fde-4c68-a0f9-33b150edd89d;411.48;7.9334;UNKNOWN
2016-03-10T08:25:29.000000;2016-03-10T08:25:29.000000;ce1a52ba-24c1-440a-bfb2-12aeec4cb9d8;411.47;6.0;UNKNOWN
2016-03-10T08:26:05.000000;2016-03-10T08:26:05.000000;a693963b-2d13-4a85-a3ce-0153c96fd925;411.7;0.2160577;UNKNOWN
2016-03-10T08:30:21.000000;2016-03-10T08:30:21.000000;a2c70b44-032a-46b7-ac53-a1890c2376d4;411.6;6.0637;UNKNOWN
2016-03-10T08:30:21.000000;2016-03-10T08:30:21.000000;b83ab3b8-72e7-45e1-ac76-4c3c02004c29;411.6;3.9363;UNKNOWN
2016-03-10T08:32:05.000000;2016-03-10T08:32:05.000000;bf242c08-22f2-4d4e-9833-c9c305d96f12;411.59;0.05005;UNKNOWN
2016-03-10T08:32:05.000000;2016-03-10T08:32:05.000000;376f996f-7e4a-4d9b-aabc-8e03e2695b5a;411.55;0.5;UNKNOWN
2016-03-10T08:32:05.000000;2016-03-10T08:32:05.000000;3ff3a7ae-e1b6-4195-a23a-888ccc322029;411.54;0.85208172;UNKNOWN
2016-03-10T08:32:05.000000;2016-03-10T08:32:05.000000;bacb8958-a45a-41e1-b04a-84e066059b93;411.59;0.14;UNKNOWN
2016-03-10T08:32:59.000000;2016-03-10T08:32:59.000000;465d932f-6788-4706-bc4c-1e8580a8fcbb;411.56;5.0;UNKNOWN
2016-03-10T08:34:18.000000;2016-03-10T08:34:18.000000;ca5141b9-aca8-4690-9e5c-b93312c3f65f;411.45;0.02562;UNKNOWN
2016-03-10T08:34:21.000000;2016-03-10T08:34:21.000000;ea72f745-1cbe-45be-8c10-278706ab3a83;411.46;0.174644;UNKNOWN
2016-03-10T08:34:23.000000;2016-03-10T08:34:23.000000;176d55ae-7b9d-4fd5-ae53-c925a80309db;411.45;0.279511;UNKNOWN
2016-03-10T08:36:21.000000;2016-03-10T08:36:21.000000;4000504f-27f6-42ea-a364-6d86b2b17970;411.3;0.43629512;UNKNOWN
2016-03-10T08:36:38.000000;2016-03-10T08:36:38.000000;c77f48cd-d4f9-4c65-bbf8-771f9843d58f;411.29;2.43286153;UNKNOWN
2016-03-10T08:37:15.000000;2016-03-10T08:37:15.000000;a85b09e2-96bb-4790-861d-e6bddd9a3b09;411.14;0.25;UNKNOWN
2016-03-10T08:37:36.000000;2016-03-10T08:37:36.000000;0b5d874e-3ec0-4b57-995e-c2b2a7f41136;411.06;5.9689;UNKNOWN
2016-03-10T08:37:40.000000;2016-03-10T08:37:40.000000;93f6d107-78aa-4d13-9920-9f2366877fc3;411.07;2.47794718;UNKNOWN
2016-03-10T08:37:40.000000;2016-03-10T08:37:40.000000;05881cdc-8bd7-44e8-a35c-c1f0f07dc843;411.07;0.153551;UNKNOWN
2016-03-10T08:37:40.000000;2016-03-10T08:37:40.000000;d594f72d-9d41-4d0e-b95b-cd57d0b6f96d;411.06;0.134141;UNKNOWN
2016-03-10T08:37:43.000000;2016-03-10T08:37:43.000000;82adc098-777d-4397-bcb6-489540816447;411.45;0.025443;UNKNOWN
2016-03-10T08:37:47.000000;2016-03-10T08:37:47.000000;6dbe3ed6-05ee-4ff6-af0d-3c59e78046c2;411.45;1.0;UNKNOWN
2016-03-10T08:41:07.000000;2016-03-10T08:41:07.000000;229fe26b-3a67-4a3a-8a97-ef5fa20cbc8e;411.66;0.050921;UNKNOWN
2016-03-10T08:41:10.000000;2016-03-10T08:41:10.000000;83196db8-26fc-4e54-81da-6c8b4af90a7b;411.66;0.07295404;UNKNOWN
2016-03-10T08:44:05.000000;2016-03-10T08:44:05.000000;9c9575e8-8bd3-4f8c-b618-3535a6005fdd;411.83;2.16156999;UNKNOWN
2016-03-10T08:45:22.000000;2016-03-10T08:45:22.000000;e16b8d89-53ed-45a4-b795-f85d7bdce8b4;411.66;0.01902927;UNKNOWN
2016-03-10T08:45:22.000000;2016-03-10T08:45:22.000000;cea6b2d9-f852-4bac-bdcd-1c5576405a73;411.83;5.0;UNKNOWN
2016-03-10T08:45:22.000000;2016-03-10T08:45:22.000000;0fa3c97e-f750-4ca0-a913-d0fc3a56a1d8;411.66;0.01902927;UNKNOWN
2016-03-10T08:45:23.000000;2016-03-10T08:45:23.000000;9cf5ceb7-e7af-4a55-b0c2-e3acabc694a3;411.66;0.01902927;UNKNOWN
2016-03-10T08:45:25.000000;2016-03-10T08:45:25.000000;b273ea2c-4313-4385-96e8-3c504334ad12;411.66;0.01902927;UNKNOWN
2016-03-10T08:45:25.000000;2016-03-10T08:45:25.000000;4a5fbc58-9340-47ac-b38e-ba4b59eb70e8;411.66;0.01902927;UNKNOWN
2016-03-10T08:47:26.000000;2016-03-10T08:47:26.000000;1f4fac8f-3fc6-4068-ac26-c836d0845841;411.66;0.06358635;UNKNOWN
2016-03-10T08:47:43.000000;2016-03-10T08:47:43.000000;0a0b85bc-456d-46b5-afc0-9b4e78d35d1b;411.66;0.06268018;UNKNOWN
2016-03-10T08:47:52.000000;2016-03-10T08:47:52.000000;96b64044-74ba-4635-912a-eafa511f420a;411.66;0.06268208;UNKNOWN
2016-03-10T08:48:07.000000;2016-03-10T08:48:07.000000;49efaef5-d20e-47a3-9525-54878e3e29f6;411.66;0.06268025;UNKNOWN
2016-03-10T08:49:05.000000;2016-03-10T08:49:05.000000;50105586-4308-42a7-a204-0a12dcff0da8;411.83;0.10788891;UNKNOWN
2016-03-10T08:49:25.000000;2016-03-10T08:49:25.000000;8fbcdbab-9f23-4543-b54d-e0931249f214;411.66;0.17245248;UNKNOWN
2016-03-10T08:51:05.000000;2016-03-10T08:51:05.000000;c89468af-32ff-4dc1-aa5d-e772cfe61f32;411.79;0.22248382;UNKNOWN
2016-03-10T08:51:05.000000;2016-03-10T08:51:05.000000;cc59fa59-c729-4ed2-955e-3d9a8e3cd50b;411.79;0.065551;UNKNOWN
2016-03-10T08:51:16.000000;2016-03-10T08:51:16.000000;216ce2a7-8263-475b-9a78-11a08148f012;411.66;0.1;UNKNOWN
2016-03-10T08:51:40.000000;2016-03-10T08:51:40.000000;0835adcb-b64d-4038-aa4f-545f3af1c6ab;411.66;0.179562;UNKNOWN
2016-03-10T08:51:42.000000;2016-03-10T08:51:42.000000;cf44e1bd-17d8-4d9d-969f-dc0d83409eae;411.66;0.287223;UNKNOWN
2016-03-10T08:51:44.000000;2016-03-10T08:51:44.000000;c3e300c0-7de8-4a37-b82b-b80da6fed605;411.66;0.170281;UNKNOWN
2016-03-10T08:52:28.000000;2016-03-10T08:52:28.000000;368d44ad-e99a-4023-aac9-74c087845243;411.66;0.01805144;UNKNOWN
2016-03-10T08:52:37.000000;2016-03-10T08:52:37.000000;9f468109-4e9c-4574-ada7-277b3842ff4e;411.66;0.01863534;UNKNOWN
2016-03-10T08:52:39.000000;2016-03-10T08:52:39.000000;1d319a1d-d21e-4c36-93c5-389323ebed7f;411.66;0.01863534;UNKNOWN
2016-03-10T08:54:05.000000;2016-03-10T08:54:05.000000;8d194761-2bc5-4689-8490-9b54f60e5934;411.93;0.2694589;UNKNOWN
2016-03-10T08:54:05.000000;2016-03-10T08:54:05.000000;1656e722-d59b-449d-abaa-ba69352cb9f3;411.83;0.7305411;UNKNOWN
2016-03-10T08:54:12.000000;2016-03-10T08:54:12.000000;5fa847de-b060-4d6b-baa4-dc844dd7f4b5;411.68;0.06268059;UNKNOWN
2016-03-10T08:54:30.000000;2016-03-10T08:54:30.000000;feafdceb-cbd6-4481-be33-9f7e0f7f5640;411.68;0.03281342;UNKNOWN
2016-03-10T08:54:32.000000;2016-03-10T08:54:32.000000;37d9df69-cc74-4773-ad2d-3d9d6ab4ba74;411.68;0.03281342;UNKNOWN
2016-03-10T08:54:38.000000;2016-03-10T08:54:38.000000;f95a64ff-f71d-4312-96b5-3bb4004c3291;411.68;0.04495349;UNKNOWN
2016-03-10T08:55:31.000000;2016-03-10T08:55:31.000000;4a685ad0-fe0f-44b4-bd3d-a91e89c9702f;411.72;0.01449632;UNKNOWN
2016-03-10T08:55:36.000000;2016-03-10T08:55:36.000000;bb732a61-62c4-4cda-af32-c994a613a536;411.75;0.07151453;UNKNOWN
2016-03-10T08:56:05.000000;2016-03-10T08:56:05.000000;55e42a28-3aef-4376-a2e1-4196121f8818;411.92;0.35977487;UNKNOWN
2016-03-10T08:56:37.000000;2016-03-10T08:56:37.000000;3b833d97-64d1-4ddb-8b50-9c0416ba610d;411.7;0.02616991;UNKNOWN
2016-03-10T08:56:42.000000;2016-03-10T08:56:42.000000;c52da1ce-6350-4bc4-8b58-46a743caf309;411.7;0.026121;UNKNOWN
2016-03-10T08:56:54.000000;2016-03-10T08:56:54.000000;7d569523-03fb-4ca6-b611-b5e2cfbfcd9a;411.7;0.01308496;UNKNOWN
2016-03-10T08:57:09.000000;2016-03-10T08:57:09.000000;aff551e5-954c-42b9-8fca-dc570778525f;411.7;0.03925487;UNKNOWN
2016-03-10T08:57:18.000000;2016-03-10T08:57:18.000000;225487c6-ca63-45a8-8b16-85ab81047574;411.7;0.02617072;UNKNOWN
2016-03-10T08:57:51.000000;2016-03-10T08:57:51.000000;57bf30e8-bb55-4c68-9955-0032ed90889d;411.7;0.01308496;UNKNOWN
2016-03-10T08:58:21.000000;2016-03-10T08:58:21.000000;3f45c4e3-dc75-4713-8cda-01d46f54560a;411.7;0.059841;UNKNOWN
2016-03-10T08:59:05.000000;2016-03-10T08:59:05.000000;387737ee-11d0-46e2-96f5-17a1f7c20a07;411.7;0.09402041;UNKNOWN
2016-03-10T08:59:09.000000;2016-03-10T08:59:09.000000;af0a809d-df3c-4c5f-bf42-a847b2bd1aeb;411.7;0.144798;UNKNOWN
2016-03-10T09:00:39.000000;2016-03-10T09:00:39.000000;bde77637-7318-4eee-a5d7-a35fc3d2d6ad;411.7;0.07215417;UNKNOWN
2016-03-10T09:00:39.000000;2016-03-10T09:00:39.000000;ef41c7f1-db7f-4b5b-a848-455dec5c6d6e;411.61;2.55934583;UNKNOWN
2016-03-10T09:01:05.000000;2016-03-10T09:01:05.000000;b9a848c8-37ff-4c2d-9b2b-9bb9da7bae9a;411.66;0.5;UNKNOWN
2016-03-10T09:01:05.000000;2016-03-10T09:01:05.000000;f574b701-01d9-482f-a81f-3295da0289eb;411.67;0.59314566;UNKNOWN
2016-03-10T09:02:08.000000;2016-03-10T09:02:08.000000;b2e8377b-a94b-4932-9096-632b66c87558;411.49;0.07269;UNKNOWN
2016-03-10T09:06:05.000000;2016-03-10T09:06:05.000000;88045a0a-31b3-4e8b-b74c-a4d62959597e;411.9;5.0;UNKNOWN
2016-03-10T09:06:06.000000;2016-03-10T09:06:06.000000;fc526952-897e-4ef3-868d-eced9ad716f9;411.98;0.21645542;UNKNOWN
2016-03-10T09:06:33.000000;2016-03-10T09:06:33.000000;6df8d3e1-3719-403f-9730-5ace494d3a78;411.68;5.75;UNKNOWN
2016-03-10T09:07:05.000000;2016-03-10T09:07:05.000000;4200c03a-5976-4b04-b264-724a0a12f7bb;411.87;3.984643;UNKNOWN
2016-03-10T09:07:05.000000;2016-03-10T09:07:05.000000;ababdf91-1787-4b8d-ab21-c851148c8fce;411.62;0.015357;UNKNOWN
2016-03-10T09:07:15.000000;2016-03-10T09:07:15.000000;896faa0c-5d6f-4724-aec6-38f8dd281608;411.56;0.021422;UNKNOWN
2016-03-10T09:07:17.000000;2016-03-10T09:07:17.000000;435644b3-e9a2-4848-a25f-3712d9d78f9a;411.56;0.030687;UNKNOWN
2016-03-10T09:07:56.000000;2016-03-10T09:07:56.000000;e7f89244-df12-4eb5-a373-850f01c79629;411.75;6.0535;UNKNOWN
2016-03-10T09:07:56.000000;2016-03-10T09:07:56.000000;4e128862-f4c1-49ef-a692-b715b2b16249;411.74;3.0;UNKNOWN
2016-03-10T09:07:56.000000;2016-03-10T09:07:56.000000;de26573a-a84a-477f-afe9-db492d3a3963;411.75;0.5;UNKNOWN
2016-03-10T09:12:10.000000;2016-03-10T09:12:10.000000;56608b76-ea9c-4fa7-b6e3-f6f818a493e3;411.37;0.034514;UNKNOWN
2016-03-10T09:13:45.000000;2016-03-10T09:13:45.000000;36b6a815-bedb-48b2-ab3a-b262d0a2390d;411.57;3.43219534;UNKNOWN
2016-03-10T09:13:49.000000;2016-03-10T09:13:49.000000;c09b1414-ce26-404f-9954-afd2a6db8554;411.25;2.5;UNKNOWN
2016-03-10T09:14:40.000000;2016-03-10T09:14:40.000000;cc4aaad5-15f2-4c9f-b553-c0872667e40c;411.32;1.441;UNKNOWN
2016-03-10T09:14:40.000000;2016-03-10T09:14:40.000000;6f3dbb8b-d546-4171-ad93-c3b3a8aa918b;411.58;0.499;UNKNOWN
2016-03-10T09:14:40.000000;2016-03-10T09:14:40.000000;01c076af-927b-4696-a811-0a8ce125fb0e;411.33;0.5;UNKNOWN
2016-03-10T09:14:40.000000;2016-03-10T09:14:40.000000;29779e13-303c-4be3-a76c-4117fb9c4703;411.58;0.22;UNKNOWN
2016-03-10T09:14:40.000000;2016-03-10T09:14:40.000000;4f450eb8-da5b-4d8a-9911-724bd92d3cfe;411.33;3.0;UNKNOWN
2016-03-10T09:14:45.000000;2016-03-10T09:14:45.000000;939eac7e-b1ac-4f50-a001-18b5904cf7d9;411.09;4.24352139;UNKNOWN
2016-03-10T09:14:45.000000;2016-03-10T09:14:45.000000;b3008d28-7527-4f6e-886f-6aa67d97793f;411.13;1.41647861;UNKNOWN
2016-03-10T09:14:55.000000;2016-03-10T09:14:55.000000;c9ea4829-4ad6-42bb-8c36-6ed43736acb8;411.18;2.16;UNKNOWN
2016-03-10T09:14:55.000000;2016-03-10T09:14:55.000000;973493b3-64ca-468c-87e0-d044295dbe7b;411.19;0.5;UNKNOWN
2016-03-10T09:14:55.000000;2016-03-10T09:14:55.000000;6eab7612-f35b-42f5-a9ad-739a768eaf0a;411.19;3.0;UNKNOWN
2016-03-10T09:15:40.000000;2016-03-10T09:15:40.000000;0f826733-9d8f-434d-a720-dc07db7822b6;411.11;3.79036129;UNKNOWN
2016-03-10T09:15:40.000000;2016-03-10T09:15:40.000000;0dc5941f-cf62-447e-b1dd-511b71596f5b;411.17;0.0168324;UNKNOWN
2016-03-10T09:18:05.000000;2016-03-10T09:18:05.000000;0ad4f8fc-38b9-4e9a-aced-2ca24bff5c74;411.71;3.0;UNKNOWN
2016-03-10T09:18:05.000000;2016-03-10T09:18:05.000000;66c3a0ff-da67-45fe-b6d9-6de8494b1eff;411.72;0.09;UNKNOWN
2016-03-10T09:18:05.000000;2016-03-10T09:18:05.000000;c31e36c2-a3aa-4c64-9d34-e3619e9f6d05;411.71;0.5;UNKNOWN
2016-03-10T09:19:34.000000;2016-03-10T09:19:34.000000;64d128b5-a316-44c1-97ad-2acdd7f7b8c1;411.67;0.03839151;UNKNOWN
2016-03-10T09:19:36.000000;2016-03-10T09:19:36.000000;2dc5aec3-2e41-4280-aad3-fd3b2e4b1f03;411.67;0.03839151;UNKNOWN
2016-03-10T09:22:21.000000;2016-03-10T09:22:21.000000;b0741017-a413-4af4-afef-fd07b3dabc10;411.74;3.0;UNKNOWN
2016-03-10T09:24:05.000000;2016-03-10T09:24:05.000000;0bd34fef-b738-4914-a6ad-994cc6e9242d;411.74;0.82;UNKNOWN
2016-03-10T09:24:06.000000;2016-03-10T09:24:06.000000;48db2b98-1bc7-4057-9113-30ae42aa8330;411.74;2.15789924;UNKNOWN
2016-03-10T09:24:08.000000;2016-03-10T09:24:08.000000;ae6e9d7e-a183-4738-ad61-49bb8600c4fa;411.74;2.0;UNKNOWN
2016-03-10T09:25:48.000000;2016-03-10T09:25:48.000000;9b87abc9-7d64-4190-adcd-15e397fd4a88;411.71;0.12985432;UNKNOWN
2016-03-10T09:25:48.000000;2016-03-10T09:25:48.000000;c1411821-93c0-490c-abb1-84a5447780d1;411.69;0.92;UNKNOWN
2016-03-10T09:25:48.000000;2016-03-10T09:25:48.000000;3b4df130-328d-4bf7-ba45-96839e118e2a;411.59;1.97396668;UNKNOWN
2016-03-10T09:25:50.000000;2016-03-10T09:25:50.000000;fb20b0af-6014-40ad-8b44-25891dcdf74c;411.58;0.19362368;UNKNOWN
