time_exchange;time_coinpai;guid;price;base_amount;taker_side
2016-03-10T00:00:00.237000;2016-03-10T00:00:00.270000;d64aad03-ead6-4135-88d4-e808fa7a2d91;412.64;0.5044;SELL
2016-03-10T00:00:00.243000;2016-03-10T00:00:00.283000;19c746c4-7329-46be-b790-1ba3e6414225;412.64;0.4256;SELL
2016-03-10T00:00:01.620000;2016-03-10T00:00:01.643000;7496ccaa-b9ac-4f56-89e3-4bacc144db7f;412.81;0.1;BUY
2016-03-10T00:00:01.620000;2016-03-10T00:00:01.660000;476a4845-395b-471d-a312-9f91b40f4d8c;412.89;0.036;BUY
2016-03-10T00:00:01.620000;2016-03-10T00:00:01.660000;c4da6ce8-1bc8-4c8e-a9e6-40014ced93d5;412.92;0.3505;BUY
2016-03-10T00:00:01.620000;2016-03-10T00:00:01.660000;eb6fe447-4249-4563-8a51-723f2a16d1e5;412.97;0.37;BUY
2016-03-10T00:00:01.623000;2016-03-10T00:00:01.690000;320e593f-1e5d-43b9-9d1b-952a60b84469;412.99;0.01;BUY
2016-03-10T00:00:01.623000;2016-03-10T00:00:01.690000;49edc74a-d244-4cae-9adc-b2e449679c3a;412.99;0.251;BUY
2016-03-10T00:00:01.623000;2016-03-10T00:00:01.690000;71b64378-5737-436c-bfee-1e09108050d9;412.99;0.1;BUY
2016-03-10T00:00:01.623000;2016-03-10T00:00:01.690000;81690738-da68-42c4-9753-ab103c165822;412.99;1.0;BUY
2016-03-10T00:00:01.623000;2016-03-10T00:00:01.690000;5615ca98-724d-4cd4-807e-1bdd5af4ebc7;413.0;3.86873;BUY
2016-03-10T00:00:31.560000;2016-03-10T00:00:31.580000;a07961ec-4092-4009-a1eb-39a5bcc23fbf;412.99;0.22186;BUY
2016-03-10T00:01:03.627000;2016-03-10T00:01:03.673000;634ab360-cd13-4a1a-b7d4-2a4e10abdd2a;412.7;0.31579;BUY
2016-03-10T00:01:20.080000;2016-03-10T00:01:20.097000;16bd5d0e-0173-474f-a167-15606963808e;412.7;0.93204244;BUY
2016-03-10T00:01:31.827000;2016-03-10T00:01:31.847000;3cc7bf21-abe7-460e-93fe-d95e1e14e762;412.69;0.01;SELL
2016-03-10T00:01:31.830000;2016-03-10T00:01:31.863000;d1744844-835f-4d6b-ba89-b60b48e8734d;412.68;0.01;SELL
2016-03-10T00:01:31.830000;2016-03-10T00:01:31.863000;38d1b398-e5ef-44f6-80ab-2272602e5ff5;412.67;0.01;SELL
2016-03-10T00:01:31.830000;2016-03-10T00:01:31.863000;a8c69aa2-a507-428c-855b-24d34955bee3;412.66;0.01;SELL
2016-03-10T00:01:31.830000;2016-03-10T00:01:31.877000;e34617cf-e00f-46cd-9b65-d0a28cc17941;412.65;0.01;SELL
2016-03-10T00:01:31.830000;2016-03-10T00:01:31.877000;2e5bb763-bf16-475e-8dba-f0535bb75d12;412.64;0.01;SELL
2016-03-10T00:01:31.830000;2016-03-10T00:01:31.940000;98ee8baf-2834-4adc-894f-1f582489398a;412.6;0.078;SELL
2016-03-10T00:01:31.830000;2016-03-10T00:01:31.970000;8a3f5698-bea7-4391-acfb-3d78c7381581;412.58;0.01;SELL
2016-03-10T00:01:31.830000;2016-03-10T00:01:31.970000;2f6a9bcc-df6b-48f2-b42e-98239f018853;412.56;0.01;SELL
2016-03-10T00:01:31.830000;2016-03-10T00:01:31.970000;c3a515e0-e7db-47a4-b002-94a5c494d999;412.55;0.082;SELL
2016-03-10T00:01:31.830000;2016-03-10T00:01:31.970000;31ab5899-a992-4971-ba95-8edad136d2ae;412.52;1.33009;SELL
2016-03-10T00:02:05.277000;2016-03-10T00:02:05.300000;17ba9da3-5da2-43d3-b5b4-82a36e4ca698;412.57;0.31735493;BUY
2016-03-10T00:02:06.477000;2016-03-10T00:02:06.503000;c530f907-2197-45e1-ad5e-15c84fb1c2ca;412.58;0.9;BUY
2016-03-10T00:02:06.477000;2016-03-10T00:02:06.503000;1eed548a-510e-40f8-b1b9-45a175cc21e5;412.59;0.01;BUY
2016-03-10T00:02:06.477000;2016-03-10T00:02:06.503000;cdb90df4-eb3e-4fe6-98bb-775fc12e249e;412.59;0.9;BUY
2016-03-10T00:02:06.477000;2016-03-10T00:02:06.520000;40d26de8-80fa-416b-bbc8-8e5781d8cef9;412.6;2.2182;BUY
2016-03-10T00:02:31.497000;2016-03-10T00:02:31.520000;5b18a31e-d765-4d1f-beb0-0b6e5cfdddab;412.54;0.01;SELL
2016-03-10T00:02:31.497000;2016-03-10T00:02:31.520000;560e2f08-9c97-462c-8959-f725c865cc25;412.54;0.398;SELL
2016-03-10T00:02:31.497000;2016-03-10T00:02:31.533000;9202cb60-b015-442e-9686-2561c43e3e9c;412.53;0.52848;SELL
2016-03-10T00:02:50.923000;2016-03-10T00:02:50.940000;15371849-c2b7-4881-815b-6b1ce08d316b;412.6;0.01;BUY
2016-03-10T00:02:50.923000;2016-03-10T00:02:50.957000;8dbefa0b-b99e-419c-82ac-7ad86f3ce38d;412.61;0.01;BUY
2016-03-10T00:02:50.923000;2016-03-10T00:02:50.970000;fd2fc05b-7503-4d1f-896c-9b174667525a;412.61;0.24;BUY
2016-03-10T00:03:01.493000;2016-03-10T00:03:01.520000;3315259d-fa30-4759-9a4d-1e4e0071c11e;412.56;0.26;SELL
2016-03-10T00:03:25.763000;2016-03-10T00:03:25.783000;a4354536-bd08-416f-a176-8f2627833c7b;412.63;0.01;BUY
2016-03-10T00:03:25.763000;2016-03-10T00:03:25.800000;ef644a02-5264-4da8-b7b0-695c710d2418;412.64;0.01;BUY
2016-03-10T00:03:25.767000;2016-03-10T00:03:25.800000;506ea936-fcc1-4a44-9ef9-8bdb0b16e20e;412.65;0.31;BUY
2016-03-10T00:03:31.720000;2016-03-10T00:03:31.737000;fb220468-7c22-4c0d-a875-7f02c47e5522;412.63;0.07714;BUY
2016-03-10T00:03:33.377000;2016-03-10T00:03:33.393000;0598f8b2-6e94-4f72-ad66-501e41b32d0b;412.63;0.22286;BUY
2016-03-10T00:03:33.377000;2016-03-10T00:03:33.393000;c4be17af-ccd7-4c39-a57c-e11de18068f2;412.64;0.41;BUY
2016-03-10T00:03:33.377000;2016-03-10T00:03:33.410000;c3cd256a-57f4-46be-9e42-cda6db165dc9;412.65;0.20481987;BUY
2016-03-10T00:03:36.460000;2016-03-10T00:03:36.473000;180fe75f-b688-4ea4-b9fd-23613f9b52a6;412.65;0.03;BUY
2016-03-10T00:03:59.277000;2016-03-10T00:03:59.300000;c0961623-16e2-4e1f-ae4f-6e5661bc18f5;412.66;0.17;BUY
2016-03-10T00:04:04.550000;2016-03-10T00:04:04.597000;af6fffb5-0f14-4811-906f-d6f3420c8a16;412.56;0.19;SELL
2016-03-10T00:04:04.550000;2016-03-10T00:04:04.630000;2e033f45-c2fb-4687-b06b-acf8d778a6ab;412.55;0.01;SELL
2016-03-10T00:04:04.553000;2016-03-10T00:04:04.630000;f65e8519-453f-4359-9984-e009bbf914d5;412.54;0.01;SELL
2016-03-10T00:04:04.553000;2016-03-10T00:04:04.630000;96ecb0fd-280b-41eb-a3f9-11f1e78cdb8f;412.53;0.01;SELL
2016-03-10T00:04:04.553000;2016-03-10T00:04:04.643000;01b42d5a-6767-49cc-ab28-f90a38868673;412.52;0.01;SELL
2016-03-10T00:04:04.553000;2016-03-10T00:04:04.707000;9b385cdf-b494-45ae-b984-ecdd44457a5d;412.51;0.01;SELL
2016-03-10T00:04:04.553000;2016-03-10T00:04:04.707000;ed3b6edb-97ff-4bfd-b895-ef6aa08bafe5;412.51;0.08;SELL
2016-03-10T00:04:04.553000;2016-03-10T00:04:04.707000;07efea98-4cff-4b5f-ba8f-6f95ef78adee;412.5;0.01;SELL
2016-03-10T00:04:04.553000;2016-03-10T00:04:04.707000;a330f610-f426-4d2c-b7a0-033ad81b5c73;412.49;0.01;SELL
2016-03-10T00:04:04.553000;2016-03-10T00:04:04.707000;1e2e78ed-0a83-4a9b-9a6b-ad0d19c5f806;412.48;0.01;SELL
2016-03-10T00:04:04.553000;2016-03-10T00:04:04.707000;4fe84f45-efab-4101-9bca-e3559536252c;412.4;0.08322981;SELL
2016-03-10T00:04:04.553000;2016-03-10T00:04:04.707000;4b65ae7d-201c-4274-b636-5474c291bc74;412.39;0.00804019;SELL
2016-03-10T00:04:06.193000;2016-03-10T00:04:06.240000;5cfd9b94-b3a1-4a02-9c03-55dacfa87557;412.62;0.01;BUY
2016-03-10T00:04:14.113000;2016-03-10T00:04:14.160000;332bb46a-09db-4ab8-aa36-1fc64a2d06fa;412.56;0.04;BUY
2016-03-10T00:04:31.717000;2016-03-10T00:04:31.770000;ee4ff638-d749-4bb6-95b5-f4495733fbba;412.65;20.7;BUY
2016-03-10T00:04:31.717000;2016-03-10T00:04:31.787000;34240b82-d5ea-4519-8fad-cde237229591;412.66;0.31;BUY
2016-03-10T00:04:31.717000;2016-03-10T00:04:31.787000;ba7eb61c-07f8-4a60-b3b1-7fe6de9607e6;412.66;4.2;BUY
2016-03-10T00:04:31.717000;2016-03-10T00:04:31.833000;9dd07d1c-994d-41a5-8466-938af1fecc2d;412.67;0.01;BUY
2016-03-10T00:04:31.717000;2016-03-10T00:04:31.847000;5b8f7520-dca6-4c0d-94f3-6542213a61f3;412.67;4.2;BUY
2016-03-10T00:04:31.717000;2016-03-10T00:04:31.847000;179a74d8-962b-4845-ae03-e2d48b6911e5;412.68;0.01;BUY
2016-03-10T00:04:31.717000;2016-03-10T00:04:31.847000;8323f616-1192-4bfb-920a-94f38551dcf5;412.68;2.4;BUY
2016-03-10T00:04:31.717000;2016-03-10T00:04:31.847000;2227eecd-212b-47f0-b07f-514887ef1cb3;412.69;0.01;BUY
2016-03-10T00:04:31.717000;2016-03-10T00:04:31.847000;ead71d41-3d8a-4236-baac-3d923d8dc42b;412.69;0.901;BUY
2016-03-10T00:04:31.833000;2016-03-10T00:04:31.880000;05b51f3d-8db6-4a2a-be95-93a8e038e361;412.69;0.08;BUY
2016-03-10T00:05:01.623000;2016-03-10T00:05:01.677000;901060c1-e05d-42ab-9e3a-41f664223f0b;412.54;3.61504;SELL
2016-03-10T00:05:55.933000;2016-03-10T00:05:55.973000;f734cb0e-1338-4c6c-b3e6-df17a6c531ac;412.6;0.03978452;BUY
2016-03-10T00:05:55.933000;2016-03-10T00:05:55.990000;92fab135-e50b-47d4-b6c6-03810903d665;412.61;0.01;BUY
2016-03-10T00:05:55.933000;2016-03-10T00:05:55.990000;4fd177b2-39b6-4163-a469-cd722048f9a4;412.62;0.01;BUY
2016-03-10T00:05:55.933000;2016-03-10T00:05:55.990000;797fa94f-8ff0-471d-854e-8002ed779a58;412.64;0.01;BUY
2016-03-10T00:05:55.933000;2016-03-10T00:05:56.003000;8ad6df80-5559-4540-9200-a82985bd76bc;412.65;0.111;BUY
2016-03-10T00:05:55.937000;2016-03-10T00:05:56.003000;e3cae508-9445-46e9-b2a1-724708077fd8;412.66;0.01;BUY
2016-03-10T00:05:55.937000;2016-03-10T00:05:56.003000;d1e7f54e-ef75-4d41-83dc-4dc8ebf42576;412.7;0.02921548;BUY
2016-03-10T00:06:02.157000;2016-03-10T00:06:02.207000;9de821e9-028f-4ece-86ef-4f22886565f8;412.59;1.56126;SELL
2016-03-10T00:06:31.543000;2016-03-10T00:06:31.583000;63fffab6-14dc-4a27-9bc3-17efdfba6d37;412.7;0.05401433;BUY
2016-03-10T00:06:31.543000;2016-03-10T00:06:31.597000;ee7bf558-77d4-4a2f-9640-eb9338b0a648;412.71;0.01;BUY
2016-03-10T00:06:31.543000;2016-03-10T00:06:31.597000;fdedbe49-d932-4894-8c49-d182d247960d;412.72;0.01;BUY
2016-03-10T00:06:31.543000;2016-03-10T00:06:31.597000;4b54a6e6-9dea-43d2-905c-159a4fea2b4b;412.73;0.01;BUY
2016-03-10T00:06:31.543000;2016-03-10T00:06:31.613000;95e930ce-4b9b-407e-9eec-46ee5a3d65df;412.74;0.01;BUY
2016-03-10T00:06:31.543000;2016-03-10T00:06:31.613000;0057e42c-322a-41d7-975a-1d851c840436;412.75;0.12;BUY
2016-03-10T00:06:31.543000;2016-03-10T00:06:31.613000;8cccbd03-058f-418e-b218-f1b477282742;412.76;0.6;BUY
2016-03-10T00:06:31.543000;2016-03-10T00:06:31.613000;940bc76d-3a12-459c-a410-247e82b91499;412.77;0.18627567;BUY
2016-03-10T00:07:02.360000;2016-03-10T00:07:02.410000;2f0dd4b6-7c17-4c0c-9447-d3c322371c0a;412.6;0.32;SELL
2016-03-10T00:07:02.360000;2016-03-10T00:07:02.427000;91bf5d22-b064-4e78-8c8a-4596557dc59f;412.59;0.01;SELL
2016-03-10T00:07:02.360000;2016-03-10T00:07:02.427000;fb6fe9d5-a7d8-454f-b42d-907c2d1505dd;412.58;0.01;SELL
2016-03-10T00:07:02.360000;2016-03-10T00:07:02.427000;381465ce-a345-4260-b7b2-e9d6c397ef2c;412.57;0.01;SELL
2016-03-10T00:07:02.363000;2016-03-10T00:07:02.440000;76abb132-f18f-4424-9504-4549ef08eebe;412.55;0.01;SELL
2016-03-10T00:07:02.363000;2016-03-10T00:07:02.503000;d54f1f13-754f-43cf-a904-458cd27fcb2b;412.52;2.00312;SELL
2016-03-10T00:07:31.610000;2016-03-10T00:07:31.660000;f1d029ad-aa85-4825-860e-72e977110546;412.65;0.09518;BUY
2016-03-10T00:08:01.893000;2016-03-10T00:08:01.927000;fc207182-5dfe-43de-9bc0-46dd59dca906;412.77;1.2;BUY
2016-03-10T00:08:01.893000;2016-03-10T00:08:01.957000;bacf42f7-d063-4c2e-8a4c-1f2234c5c12d;412.78;0.01;BUY
2016-03-10T00:08:01.893000;2016-03-10T00:08:01.957000;bf149a71-22f9-446f-96be-c401cbd04306;412.8;4.8;BUY
2016-03-10T00:08:01.893000;2016-03-10T00:08:01.957000;10f0fb23-4610-4b82-833c-deeaf494331a;412.85;1.85391;BUY
2016-03-10T00:08:31.967000;2016-03-10T00:08:32.003000;4b93eaab-ffbf-4f14-8553-fae206f7d503;412.79;1.44343;SELL
2016-03-10T00:09:01.830000;2016-03-10T00:09:01.863000;e34447bb-648c-4caf-b33c-5f12dabb163c;412.83;0.31224;SELL
2016-03-10T00:09:31.613000;2016-03-10T00:09:31.643000;4c09cdb0-2a00-4f13-8a37-a6c23330733a;412.95;0.5;BUY
2016-03-10T00:09:31.613000;2016-03-10T00:09:31.660000;9aaf9681-6fbf-45d4-a6e4-f9b832782167;412.96;0.01;BUY
2016-03-10T00:09:31.613000;2016-03-10T00:09:31.660000;5f9366f7-52f1-49a4-a20a-e684e3aeaa5d;412.97;0.01;BUY
2016-03-10T00:09:31.613000;2016-03-10T00:09:31.660000;98abb828-9947-4ac1-b374-75959c3f0e2c;412.97;0.12192;BUY
2016-03-10T00:10:01.783000;2016-03-10T00:10:01.817000;58ad4e6f-f3a8-43d3-8f41-edabbc0667dd;412.99;0.379;BUY
2016-03-10T00:10:01.783000;2016-03-10T00:10:01.833000;a4f46d6d-a3da-48d6-83cb-1b71d0a1249f;413.0;0.30905;BUY
2016-03-10T00:10:31.660000;2016-03-10T00:10:31.693000;5f71e186-33ad-4e73-9dc0-5b9cded0443a;412.99;0.405;BUY
2016-03-10T00:10:31.660000;2016-03-10T00:10:31.707000;cc6ff844-a0fc-48c1-b5c1-e69c82c29d94;413.0;0.72174;BUY
2016-03-10T00:10:38.790000;2016-03-10T00:10:38.817000;56bc41eb-0677-4d10-9e3d-649c4a3d8bc1;412.97;7.23317;BUY
2016-03-10T00:10:38.790000;2016-03-10T00:10:38.847000;2fe98626-ae4d-40dd-8ffa-03f4d3052b3a;412.98;0.384;BUY
2016-03-10T00:10:38.790000;2016-03-10T00:10:38.847000;900b29fb-885f-4207-a6d6-bfac38554869;413.0;0.10048;BUY
2016-03-10T00:10:38.790000;2016-03-10T00:10:38.847000;2f19fd25-ee66-4779-8e87-9a2e58e6e584;413.0;2.45;BUY
2016-03-10T00:10:38.790000;2016-03-10T00:10:38.847000;376aa51d-13d9-4be0-8bc9-250857dc4a02;413.0;0.03;BUY
2016-03-10T00:10:38.790000;2016-03-10T00:10:38.863000;3e948ce4-52a4-4078-acec-75bd060a496a;413.0;9.80235;BUY
2016-03-10T00:11:01.723000;2016-03-10T00:11:01.753000;0932dcc9-34e1-4bd8-937a-32d7e3a3ca77;413.0;0.1798;BUY
2016-03-10T00:11:31.523000;2016-03-10T00:11:31.550000;b1c2c4b3-4847-4e7e-a261-142bcd617404;412.99;0.323;BUY
2016-03-10T00:11:31.523000;2016-03-10T00:11:31.567000;e37c5816-a126-4469-bc94-dffbc735457e;413.0;10.01785;BUY
2016-03-10T00:11:31.523000;2016-03-10T00:11:31.597000;c6796d5c-8275-4a11-a935-48535123766c;413.0;1.58468;BUY
2016-03-10T00:12:01.650000;2016-03-10T00:12:01.677000;557f93ce-f940-4707-9c81-a3068147afe5;412.98;0.309;BUY
2016-03-10T00:12:01.650000;2016-03-10T00:12:01.707000;c8754b63-5305-46fe-8cc0-748481498bfc;412.99;0.06306;BUY
2016-03-10T00:12:22.267000;2016-03-10T00:12:22.300000;da68210b-adcb-402c-96b3-68793fc31c6c;412.98;0.33;BUY
2016-03-10T00:12:31.493000;2016-03-10T00:12:31.520000;87d428bd-e42d-4136-8997-d8f90fe47592;412.84;0.17;SELL
2016-03-10T00:12:31.493000;2016-03-10T00:12:31.537000;086b0a92-8756-4257-8b69-6130027b56e1;412.83;0.01;SELL
2016-03-10T00:12:31.493000;2016-03-10T00:12:31.537000;7a679a4c-cb1e-4220-b7d3-90c7e80bdd3d;412.82;0.01;SELL
2016-03-10T00:12:31.493000;2016-03-10T00:12:31.550000;2d75345e-ea49-4d0e-9cce-503201b36ad0;412.82;0.111;SELL
2016-03-10T00:12:31.493000;2016-03-10T00:12:31.550000;5da7196f-d262-4f89-a919-c5a9e0037c34;412.81;0.01;SELL
2016-03-10T00:12:31.493000;2016-03-10T00:12:31.643000;6265b816-9d3d-49fc-a463-ad99b5b8720a;412.8;0.01;SELL
2016-03-10T00:12:31.497000;2016-03-10T00:12:31.643000;e2b975c6-886e-4379-ab15-31700c1a79a6;412.79;0.01;SELL
2016-03-10T00:12:31.497000;2016-03-10T00:12:31.643000;0248b94e-a47b-4ae6-ac3e-eafccac30b00;412.78;0.01;SELL
2016-03-10T00:12:31.497000;2016-03-10T00:12:31.643000;9544319d-5c11-46db-ab80-a8b78b8fd6e2;412.77;0.01;SELL
2016-03-10T00:12:31.497000;2016-03-10T00:12:31.643000;2d6ec7f0-2293-42e2-be27-d425042ce187;412.76;0.00486;SELL
2016-03-10T00:13:00.837000;2016-03-10T00:13:00.863000;88af1b09-d2d3-4ec5-ab8b-9ebea6082ab3;412.94;0.17;BUY
2016-03-10T00:13:06.373000;2016-03-10T00:13:06.393000;511f18ec-697b-4ffb-8316-511e9b47d73e;412.99;9.6;BUY
2016-03-10T00:13:06.373000;2016-03-10T00:13:06.410000;6310ecc5-9fa1-436d-b43b-eb0790999bb9;413.0;4.69603;BUY
2016-03-10T00:13:32.967000;2016-03-10T00:13:32.990000;b623e239-067a-4fb6-bb3b-38f8ccf534b5;412.99;0.65844;BUY
2016-03-10T00:14:01.590000;2016-03-10T00:14:01.613000;58eccf6d-50d8-4b7d-a313-b46c2f78ae9f;412.84;0.17;SELL
2016-03-10T00:14:01.590000;2016-03-10T00:14:01.630000;a578676f-bebc-4b25-bf60-519362040e6c;412.83;0.01;SELL
2016-03-10T00:14:01.590000;2016-03-10T00:14:01.630000;f8af36ff-3467-4497-9936-eca161767e51;412.82;0.01;SELL
2016-03-10T00:14:01.590000;2016-03-10T00:14:01.643000;a2f76c4b-34a4-4a14-80f4-cfb6bdbce1af;412.82;0.117;SELL
2016-03-10T00:14:01.590000;2016-03-10T00:14:01.643000;c655f44d-c3ea-4342-9c62-50e0e32b43b4;412.8;0.01;SELL
2016-03-10T00:14:01.590000;2016-03-10T00:14:01.660000;645c5bcc-cd8c-4bba-97ea-c1a212312e01;412.79;0.01;SELL
2016-03-10T00:14:01.593000;2016-03-10T00:14:01.677000;c4f2cb36-d661-4141-89c2-5573098815cb;412.77;0.082;SELL
2016-03-10T00:14:01.593000;2016-03-10T00:14:01.677000;0c30c073-deac-4444-9cdc-92f4db787123;412.76;0.01;SELL
2016-03-10T00:14:01.593000;2016-03-10T00:14:01.677000;ee1802b9-0d33-48dc-856f-9d331e949a62;412.76;0.25236;SELL
2016-03-10T00:14:35.183000;2016-03-10T00:14:35.207000;c48370a9-a89c-42ee-a17f-a32a955bd919;412.74;0.01;SELL
2016-03-10T00:14:35.183000;2016-03-10T00:14:35.223000;d5abcf84-9c13-4700-b09c-6845bae03621;412.73;0.109;SELL
2016-03-10T00:14:35.183000;2016-03-10T00:14:35.223000;16c534cc-ba49-4a9d-abc5-22c173d69cc7;412.72;0.01;SELL
2016-03-10T00:14:35.183000;2016-03-10T00:14:35.223000;dc303b05-265e-4b95-a848-7aeb8e1468da;412.68;0.01;SELL
2016-03-10T00:14:35.183000;2016-03-10T00:14:35.240000;7a08627c-8f34-4360-9529-65ed6a3ff3fb;412.68;0.117;SELL
2016-03-10T00:14:35.183000;2016-03-10T00:14:35.240000;b70487af-5777-4e05-8287-d6403a6289df;412.67;0.99637;SELL
2016-03-10T00:15:01.730000;2016-03-10T00:15:01.753000;5cbedd30-521c-494a-9cdf-6cc09215a664;412.87;0.06745;BUY
2016-03-10T00:15:32.397000;2016-03-10T00:15:32.410000;45c48c8d-9389-4bd5-a211-2c5ebc19bc38;412.88;0.01;BUY
2016-03-10T00:15:32.397000;2016-03-10T00:15:32.443000;7fca8827-94e1-45b2-a08e-76e2c2b18e87;412.88;0.128;BUY
2016-03-10T00:15:32.397000;2016-03-10T00:15:32.443000;cefee54b-b3ae-420d-b8c9-621b358901b4;412.88;0.17;BUY
2016-03-10T00:15:32.397000;2016-03-10T00:15:32.443000;39eaf7e5-fc46-4503-a764-e15465b3fcf2;412.89;0.01;BUY
2016-03-10T00:15:32.397000;2016-03-10T00:15:32.457000;e45b12dd-62dc-47c6-a90b-503f0a6ac5cd;412.9;0.01;BUY
2016-03-10T00:15:32.397000;2016-03-10T00:15:32.520000;5c78f67d-7f4c-4238-acc9-59ce62bab59f;412.91;0.01;BUY
2016-03-10T00:15:32.397000;2016-03-10T00:15:32.520000;0ea00254-4910-4638-95bf-2d9545fd40fc;412.92;0.3;BUY
2016-03-10T00:15:32.397000;2016-03-10T00:15:32.520000;8eaeae74-4e40-4abe-aa65-ec907c84c239;412.93;0.116;BUY
2016-03-10T00:15:32.397000;2016-03-10T00:15:32.520000;611f8cd5-cf23-4bd5-bad0-710ed9060127;412.94;0.01;BUY
2016-03-10T00:15:32.397000;2016-03-10T00:15:32.520000;bf254628-7925-41cc-b987-738b80dced38;412.99;5.77963;BUY
2016-03-10T00:16:01.563000;2016-03-10T00:16:01.583000;d6502458-82aa-4733-885d-c8e24812b983;413.0;0.76714;BUY
2016-03-10T00:16:31.580000;2016-03-10T00:16:31.597000;910c9b8c-f377-48fd-9eb9-9862fcc56c46;412.84;0.5282;SELL
2016-03-10T00:17:01.620000;2016-03-10T00:17:01.630000;ae0d1b44-d954-41db-9a13-ce00c14d2a62;412.97;0.14357;BUY
2016-03-10T00:17:31.527000;2016-03-10T00:17:31.537000;276069f4-5cd1-4dbc-addd-a90ac68ac0c4;412.97;0.23974;BUY
2016-03-10T00:17:38.040000;2016-03-10T00:17:38.050000;b7d7c98d-7c48-4800-88c4-71bda11c77c6;412.99;0.01;BUY
2016-03-10T00:17:38.040000;2016-03-10T00:17:38.083000;6c4e53ad-dadd-4b0d-8c33-b504599ea0fe;413.0;0.02661563;BUY
2016-03-10T00:18:01.627000;2016-03-10T00:18:01.647000;db323fbb-3562-4037-8a1f-8ed986e54357;412.93;0.42418;BUY
2016-03-10T00:18:31.587000;2016-03-10T00:18:31.597000;02c7b0bc-cdd8-4e2b-a6fc-e4a2fa2c920d;412.91;0.19;BUY
2016-03-10T00:19:01.537000;2016-03-10T00:19:01.550000;11b77cce-1a99-47dc-9140-972ce7229644;412.9;0.01;BUY
2016-03-10T00:19:01.537000;2016-03-10T00:19:01.567000;9d348d3c-749c-4db1-a5ad-bdb5f1fdcd1b;412.93;0.49;BUY
2016-03-10T00:19:36.747000;2016-03-10T00:19:36.797000;787da320-8c4a-4002-8410-43edcba0b837;412.92;0.272;BUY
2016-03-10T00:19:36.747000;2016-03-10T00:19:36.830000;fc40b766-125f-4d12-9673-7dfcf90d690b;412.93;1.69991;BUY
2016-03-10T00:20:01.697000;2016-03-10T00:20:01.750000;9129cf61-b670-47b5-9245-720e1116aed9;412.91;0.05034;BUY
2016-03-10T00:20:35.450000;2016-03-10T00:20:35.500000;6f1a0f49-0830-43f4-b2e6-48eb647e1ef4;412.93;0.01562;BUY
2016-03-10T00:21:01.560000;2016-03-10T00:21:01.610000;dd0905e7-d6a2-42ef-8a76-2faa27ee3456;412.92;0.28;BUY
2016-03-10T00:21:01.560000;2016-03-10T00:21:01.627000;f464b11f-f5e9-43db-959d-5d5321dd2af3;412.93;1.53279;BUY
2016-03-10T00:21:31.550000;2016-03-10T00:21:31.593000;7662a05b-13e9-4b83-8d34-6617d3e2ba20;412.93;0.5415;BUY
2016-03-10T00:21:31.550000;2016-03-10T00:21:31.627000;a46d9350-4842-4210-8377-2a559e8d79f4;412.93;4.31416;BUY
2016-03-10T00:22:07.363000;2016-03-10T00:22:07.407000;f96330c3-0e7f-46b9-b545-fd761e240833;412.84;0.541;SELL
2016-03-10T00:22:07.363000;2016-03-10T00:22:07.423000;8ec5b1e3-8933-43b1-b445-6ad86c3f1677;412.83;2.70667;SELL
2016-03-10T00:22:31.717000;2016-03-10T00:22:31.767000;969f001e-c517-445e-8fe4-b1a17f16b1cb;412.83;0.23;SELL
2016-03-10T00:22:31.717000;2016-03-10T00:22:31.767000;5d96dd64-b353-455b-aa43-3cd3517d6e19;412.83;0.07575;SELL
2016-03-10T00:23:02.273000;2016-03-10T00:23:02.313000;5fa6467f-7ded-40ff-befe-c3fc541a593c;412.83;0.526;SELL
2016-03-10T00:23:02.277000;2016-03-10T00:23:02.330000;588a1a8c-b065-4a86-bb0e-d83e597b97b5;412.82;0.83388;SELL
2016-03-10T00:23:32.873000;2016-03-10T00:23:32.923000;306ec33b-a13a-4bc1-bea6-235aa8875dbf;412.92;0.21;BUY
2016-03-10T00:23:32.873000;2016-03-10T00:23:32.940000;0f39c47c-3566-48cd-bf19-5c0221ba26c2;412.93;0.01;BUY
2016-03-10T00:23:32.873000;2016-03-10T00:23:32.940000;3297e4ea-7080-4a9a-a360-a9247eede9ba;412.94;0.3101;BUY
2016-03-10T00:23:32.873000;2016-03-10T00:23:32.940000;8da7ac71-94fd-4c68-8126-56c61ab448a3;412.95;0.01;BUY
2016-03-10T00:23:32.873000;2016-03-10T00:23:32.940000;988fb792-aa7e-4d75-9dd5-3ec4001edbeb;412.96;0.01;BUY
2016-03-10T00:23:32.873000;2016-03-10T00:23:32.953000;addc42d1-1d5a-4f74-9c99-b3cd33871c95;412.97;0.01;BUY
2016-03-10T00:23:32.873000;2016-03-10T00:23:32.953000;95ba4e04-78c2-4593-ad1a-15f8cb717a25;412.98;0.54233;BUY
2016-03-10T00:24:01.007000;2016-03-10T00:24:01.047000;45738b31-62ca-409f-8743-0f6526e30503;412.83;0.21;SELL
2016-03-10T00:24:01.007000;2016-03-10T00:24:01.063000;810dfc7f-a3ca-47b2-b2ec-7198765cdd13;412.82;0.01;SELL
2016-03-10T00:24:01.007000;2016-03-10T00:24:01.063000;8ac5dfb4-9a82-440e-91ce-fb3d07d73a04;412.81;0.00512;SELL
2016-03-10T00:24:30.843000;2016-03-10T00:24:30.893000;69f38eea-4408-4449-851a-fc267bfa2d1c;412.81;0.00488;SELL
2016-03-10T00:24:30.843000;2016-03-10T00:24:30.907000;6610adbe-3b8e-4ef8-834a-5efa714c8ad0;412.81;0.073;SELL
2016-03-10T00:24:30.843000;2016-03-10T00:24:30.907000;61d4cd4a-8d13-4d5d-a0c9-d7d40206ddd4;412.8;1.22045;SELL
2016-03-10T00:25:00.563000;2016-03-10T00:25:00.597000;136b9f64-bb08-45f3-a2e0-297c5cfad0da;412.92;3.15672;BUY
2016-03-10T00:25:30.630000;2016-03-10T00:25:30.673000;6bec3e95-9459-4b6f-87aa-79a6b85c73d0;412.81;0.477;SELL
2016-03-10T00:25:30.630000;2016-03-10T00:25:30.690000;286e04d7-97d2-45f2-9e08-b58393c307a5;412.8;1.99549;SELL
2016-03-10T00:25:36.323000;2016-03-10T00:25:36.360000;e0aa267a-30e2-4de4-b189-3c33db65daae;412.92;0.013;BUY
2016-03-10T00:25:36.353000;2016-03-10T00:25:36.393000;c17fd10b-bc4b-4ac3-9dc9-1be9d67dfd9e;412.92;0.28391782;BUY
2016-03-10T00:26:00.590000;2016-03-10T00:26:00.627000;115c58dd-ded6-47f6-9ed0-b4ab2e046d63;412.8;0.29022;SELL
2016-03-10T00:26:30.657000;2016-03-10T00:26:30.690000;9d06c12c-0d3e-47f3-8cc9-49067b3acd94;412.8;6.52813;SELL
2016-03-10T00:26:40.687000;2016-03-10T00:26:40.720000;393da42e-34e4-4677-9054-b0e2c59a8fa7;412.89;0.09422026;BUY
2016-03-10T00:27:00.557000;2016-03-10T00:27:00.597000;26b7cf4b-0677-433f-ac26-19455819676a;412.88;0.16;BUY
2016-03-10T00:27:00.557000;2016-03-10T00:27:00.597000;b5d390d7-5efb-4bf6-baa4-c21efe99241e;412.89;0.01;BUY
2016-03-10T00:27:00.557000;2016-03-10T00:27:00.610000;710b186a-f664-4c2c-b60d-fb820471d04c;412.9;0.93349;BUY
2016-03-10T00:27:31.213000;2016-03-10T00:27:31.250000;f90072c6-594c-4696-96e4-92c58776efa7;412.81;2.87778;BUY
2016-03-10T00:28:00.620000;2016-03-10T00:28:00.657000;b329b2c1-3fcd-44fb-9339-5eb0a6808dd3;412.89;0.01;BUY
2016-03-10T00:28:00.620000;2016-03-10T00:28:00.673000;f3b72543-6a1f-417d-8dad-80d6e1ae1547;412.89;0.20482;BUY
2016-03-10T00:28:07.853000;2016-03-10T00:28:07.907000;7e6e0858-9614-458f-81f7-3f64647e3269;412.84;0.12;BUY
2016-03-10T00:28:30.743000;2016-03-10T00:28:30.767000;2244333a-081b-4749-9be1-8db0a8f42d09;412.81;0.05987;BUY
2016-03-10T00:28:50.037000;2016-03-10T00:28:50.080000;0e5c4b29-ec15-4578-9108-dc104fda6496;412.81;0.1302;BUY
2016-03-10T00:28:50.077000;2016-03-10T00:28:50.110000;f592ff79-91b5-432e-9e8a-e1e31b7fac92;412.81;1.3698;BUY
2016-03-10T00:29:02.090000;2016-03-10T00:29:02.110000;ee0b29ec-754a-4f86-88dc-6b4bfc862e67;412.8;1.32768;SELL
2016-03-10T00:29:09.657000;2016-03-10T00:29:09.690000;754f03de-b184-4600-a428-a3d5398f8b01;412.8;8.63803;SELL
2016-03-10T00:29:09.657000;2016-03-10T00:29:09.703000;19756e98-1393-4614-be48-6c56f1007226;412.8;0.53797;SELL
2016-03-10T00:29:22.807000;2016-03-10T00:29:22.830000;bbbc2229-2f46-495d-ba3f-ec28b4be707f;412.8;0.46203;SELL
2016-03-10T00:29:22.810000;2016-03-10T00:29:22.860000;fa2c61d1-f09d-487c-832e-367ed1376406;412.79;0.01;SELL
2016-03-10T00:29:22.810000;2016-03-10T00:29:22.860000;15ed8fb1-9363-4b39-bf34-0d11c20b21f0;412.78;0.01;SELL
2016-03-10T00:29:22.810000;2016-03-10T00:29:22.923000;e1ad4f4e-cb85-469b-ab1a-beefa91837ba;412.76;0.01;SELL
2016-03-10T00:29:22.810000;2016-03-10T00:29:22.923000;2ba69c19-0ede-4cb5-b24a-7460ba1f1f0a;412.75;0.0115;SELL
2016-03-10T00:29:22.810000;2016-03-10T00:29:22.923000;403723da-a28b-4963-aa7e-47ba8a60de0f;412.74;0.01;SELL
2016-03-10T00:29:22.810000;2016-03-10T00:29:22.923000;0c8add58-cb99-45c6-a56a-d6dd0c09ad62;412.73;0.01;SELL
2016-03-10T00:29:22.810000;2016-03-10T00:29:22.940000;e6dad7a2-7b0a-4fb0-92f8-256be3a7c03a;412.69;0.01;SELL
2016-03-10T00:29:22.810000;2016-03-10T00:29:22.940000;e49df8e0-01c4-4d07-b86a-770d5d64f7e1;412.66;0.2;SELL
2016-03-10T00:29:22.810000;2016-03-10T00:29:22.940000;ffc17166-f627-47df-951f-584ee9c4d56a;412.62;7.24609;SELL
2016-03-10T00:29:22.810000;2016-03-10T00:29:22.940000;b27d5666-819a-471d-a054-a99f9a3d95b3;412.62;0.11;SELL
2016-03-10T00:29:22.810000;2016-03-10T00:29:22.940000;b0b633ff-cd20-4d47-a050-8e30f68e6ce3;412.6;0.083262;SELL
2016-03-10T00:29:22.810000;2016-03-10T00:29:22.940000;a1350aa0-3adf-4565-b5d9-773cf99d5835;412.59;0.3506;SELL
2016-03-10T00:29:22.810000;2016-03-10T00:29:22.940000;6237a549-f42c-4f5e-bafb-665dd9c9cf4d;412.57;0.116;SELL
2016-03-10T00:29:30.700000;2016-03-10T00:29:30.720000;c469ab97-1aaf-4faf-9675-66133fbef289;412.54;1.31029;BUY
2016-03-10T00:30:00.697000;2016-03-10T00:30:00.720000;77171219-6908-4acf-b115-86085213a96f;412.54;0.53267;BUY
2016-03-10T00:30:18.180000;2016-03-10T00:30:18.203000;1e2ccebf-bdc4-4fdd-87ae-c3d9db815e45;412.53;0.01;SELL
2016-03-10T00:30:18.180000;2016-03-10T00:30:18.220000;92e1f2d6-324c-48b5-9738-da234b15a27f;412.52;0.01;SELL
2016-03-10T00:30:18.180000;2016-03-10T00:30:18.220000;6e844493-de4a-454e-8069-0b8430b4e11a;412.51;0.00946999;SELL
2016-03-10T00:30:30.730000;2016-03-10T00:30:30.750000;6c4b82a3-87a4-4754-be02-34683175666c;412.55;0.01;BUY
2016-03-10T00:30:30.730000;2016-03-10T00:30:30.783000;44c502d2-af57-49f9-b871-ce9399f663e2;412.55;0.085;BUY
2016-03-10T00:30:30.730000;2016-03-10T00:30:30.783000;c8d1f933-c402-480f-8c6f-5d070a8bde1a;412.56;0.01;BUY
2016-03-10T00:30:30.730000;2016-03-10T00:30:30.783000;134d20e3-b682-490f-b5d7-19ce309759a7;412.57;0.3;BUY
2016-03-10T00:30:30.730000;2016-03-10T00:30:30.783000;6886c31f-ee32-4b4a-9226-65ed27e02ab0;412.58;0.01;BUY
2016-03-10T00:30:30.730000;2016-03-10T00:30:30.783000;6bb2282c-d0c1-4870-b7aa-eeed6b94377a;412.58;0.6;BUY
2016-03-10T00:30:30.730000;2016-03-10T00:30:30.800000;e63f2478-44bd-484e-aa2e-33863c33d02f;412.59;0.01;BUY
2016-03-10T00:30:30.730000;2016-03-10T00:30:30.800000;87a421bd-3e16-47ed-b1d0-2cc3e9b67ab8;412.59;0.62443;BUY
2016-03-10T00:30:59.753000;2016-03-10T00:30:59.783000;c556cdae-706e-4a64-ace4-d13b15aaa084;412.53;0.343;BUY
2016-03-10T00:30:59.783000;2016-03-10T00:30:59.813000;14cb44a4-421f-4e07-9a79-fe6202403e5e;412.53;0.027;BUY
2016-03-10T00:31:00.707000;2016-03-10T00:31:00.737000;d4efead6-d445-452c-bf31-acabade6ef49;412.52;0.01;SELL
2016-03-10T00:31:00.707000;2016-03-10T00:31:00.750000;5994d2fa-c1da-46d7-930c-ca2499315e68;412.51;0.00053001;SELL
2016-03-10T00:31:00.707000;2016-03-10T00:31:00.750000;893d0413-368d-46b5-ae34-46cc2d200ff7;412.5;0.01;SELL
2016-03-10T00:31:00.707000;2016-03-10T00:31:00.767000;e9874f24-4af8-47ba-9dbc-b3e3cd106a96;412.49;0.01;SELL
2016-03-10T00:31:00.707000;2016-03-10T00:31:00.767000;f8c10cc3-1ce3-46a9-9655-c18fc578e9ce;412.48;0.01;SELL
2016-03-10T00:31:00.707000;2016-03-10T00:31:00.767000;1d940833-0f97-4be3-95f8-e4027f8b48ff;412.47;0.01;SELL
2016-03-10T00:31:00.707000;2016-03-10T00:31:00.767000;3c49334f-b94a-4b98-90e1-3b19c408b1a0;412.46;0.01;SELL
2016-03-10T00:31:00.707000;2016-03-10T00:31:00.783000;bda413f2-fe1d-46a9-95cd-59655b2e86ce;412.45;0.01;SELL
2016-03-10T00:31:00.707000;2016-03-10T00:31:00.783000;ee6d2495-1ec6-4258-b1fa-902e2bbc6dec;412.37;0.091;SELL
2016-03-10T00:31:00.707000;2016-03-10T00:31:00.813000;83f7d4e0-582c-471e-8230-fa135b4a1778;412.35;7.26667;SELL
2016-03-10T00:31:00.710000;2016-03-10T00:31:00.813000;cd22ce31-d854-497c-85fd-29be456f6238;412.34;0.01;SELL
2016-03-10T00:31:00.710000;2016-03-10T00:31:00.813000;2c67e747-8e7b-4dab-a0f5-50128bd8d6ea;412.34;0.3102;SELL
2016-03-10T00:31:00.710000;2016-03-10T00:31:00.813000;5283a755-ee92-4116-841e-555f96e8ae98;412.27;0.112;SELL
2016-03-10T00:31:00.710000;2016-03-10T00:31:00.813000;81cb96ce-73a7-4084-ad0b-f3bf390e41a7;412.25;0.125;SELL
2016-03-10T00:31:00.710000;2016-03-10T00:31:00.813000;a61c6333-a746-47e3-9d19-2727e1dbdf84;412.25;0.03;SELL
2016-03-10T00:31:00.710000;2016-03-10T00:31:00.813000;ab4b7163-d333-496c-880e-36e1a88796e8;412.21;0.33;SELL
2016-03-10T00:31:00.710000;2016-03-10T00:31:00.830000;bc8c8cab-36d2-4826-9513-9d533eb87b43;412.11;0.086;SELL
2016-03-10T00:31:00.710000;2016-03-10T00:31:00.847000;df607846-af32-4d18-b267-1503a247e5f5;412.09;0.01;SELL
2016-03-10T00:31:00.710000;2016-03-10T00:31:00.847000;2c5a56ee-5a05-4b50-b8aa-ad18d52fda1e;412.06;0.122;SELL
2016-03-10T00:31:00.710000;2016-03-10T00:31:00.847000;04ffde38-e38d-4016-86a1-af71a7dd719f;412.04;0.5;SELL
2016-03-10T00:31:00.710000;2016-03-10T00:31:00.847000;1366b212-5340-481b-b9f6-d1dd8fac56d5;412.03;0.01;SELL
2016-03-10T00:31:00.710000;2016-03-10T00:31:00.847000;e41dcc71-2c03-48c4-a55d-472c11803a9e;412.02;0.2;SELL
2016-03-10T00:31:00.710000;2016-03-10T00:31:00.847000;963e881a-c91c-4333-9f00-9788db8a82fb;412.02;0.01;SELL
2016-03-10T00:31:00.710000;2016-03-10T00:31:00.860000;2dd4cad4-98fc-4b6d-b54b-25183904a5b5;412.01;0.075;SELL
2016-03-10T00:31:00.710000;2016-03-10T00:31:00.860000;894d80bf-7c7a-43e1-ad1f-8423f8547088;412.0;0.01;SELL
2016-03-10T00:31:00.710000;2016-03-10T00:31:00.860000;ff0f2a68-1dcf-4d89-9163-d0eeee50287b;412.0;0.01;SELL
2016-03-10T00:31:00.710000;2016-03-10T00:31:00.860000;316839ce-b769-4418-aeb7-a7ae23cfdc85;412.0;0.0296;SELL
2016-03-10T00:31:00.710000;2016-03-10T00:31:00.860000;931f992c-53fd-47f7-8fcb-9671eae2d7dd;411.99;0.09391326;SELL
2016-03-10T00:31:00.710000;2016-03-10T00:31:00.860000;a83d6334-1834-4678-85e7-b9eb620f4f21;411.99;0.01;SELL
2016-03-10T00:31:00.710000;2016-03-10T00:31:00.860000;18482dc6-8c3c-48c4-9da7-6cc32152a13c;411.96;2.7;SELL
2016-03-10T00:31:00.710000;2016-03-10T00:31:00.877000;3af4c0c1-8a9c-4120-badb-e1bdade3cbff;411.95;0.13521;SELL
2016-03-10T00:31:00.710000;2016-03-10T00:31:00.877000;59af0bd9-40b2-4fa2-972e-f7d56bfdc1fc;411.95;0.01;SELL
2016-03-10T00:31:00.713000;2016-03-10T00:31:00.893000;83fc1789-50c1-402f-b469-2827208c4526;411.94;3.67;SELL
2016-03-10T00:31:00.713000;2016-03-10T00:31:00.893000;17976185-e3ab-440a-8c75-2b3e2e3ce6d7;411.93;0.14;SELL
2016-03-10T00:31:00.713000;2016-03-10T00:31:00.893000;7c74c7fd-d60e-4fa0-b0de-ce4f9a5dc9f3;411.93;2.1;SELL
2016-03-10T00:31:00.713000;2016-03-10T00:31:00.893000;b59440b1-8c72-4b29-a37e-6b22c483e44d;411.92;0.05731376;SELL
2016-03-10T00:31:00.713000;2016-03-10T00:31:00.907000;49670aa4-a5d8-4653-971d-01f519a36411;411.91;0.35008297;SELL
2016-03-10T00:31:26.333000;2016-03-10T00:31:26.360000;f97f34f8-4ae4-4495-925c-a8550d932cde;412.28;0.01;SELL
2016-03-10T00:31:26.333000;2016-03-10T00:31:26.377000;000a7be9-5b2f-47b6-b5e1-664f835f30d9;412.27;0.01;SELL
2016-03-10T00:31:26.333000;2016-03-10T00:31:26.377000;e2326ba4-c025-4d13-b01b-25d2b6cda2e3;412.26;0.01;SELL
2016-03-10T00:31:26.333000;2016-03-10T00:31:26.377000;af0cd53e-e001-46f1-a2c4-0238bb3bf217;412.25;0.01;SELL
2016-03-10T00:31:26.333000;2016-03-10T00:31:26.377000;da8eea3a-fb8e-477c-8965-8b559de6653b;412.24;0.01;SELL
2016-03-10T00:31:26.333000;2016-03-10T00:31:26.453000;322cc491-04c8-4234-8dbf-862e93940f72;412.15;0.01;SELL
2016-03-10T00:31:34.310000;2016-03-10T00:31:34.330000;d299c6a4-01f9-4a7f-a4d4-98b87f953afa;412.09;0.01;SELL
2016-03-10T00:31:34.310000;2016-03-10T00:31:34.347000;5959a312-29a0-4f4d-8c54-c7d32eed42f2;412.08;0.01;SELL
2016-03-10T00:31:34.310000;2016-03-10T00:31:34.347000;9c92dd21-12a8-4a02-a7c4-45802592ed4b;412.07;0.01;SELL
2016-03-10T00:31:34.310000;2016-03-10T00:31:34.347000;1b415962-e021-42d3-a369-fc9efdbf7172;412.01;0.02694;SELL
2016-03-10T00:32:00.710000;2016-03-10T00:32:00.783000;f9c0928d-1c30-4878-aeac-7a5e800c7e45;411.97;0.1;BUY
2016-03-10T00:32:30.713000;2016-03-10T00:32:30.737000;30ce3efe-d251-4322-a61b-aafacfe46052;411.97;3.687;BUY
2016-03-10T00:32:30.713000;2016-03-10T00:32:30.750000;0375eaec-1116-4bbc-add1-cca33c0ee248;411.97;15.9172;BUY
2016-03-10T00:32:30.713000;2016-03-10T00:32:30.750000;22578270-8186-4672-9cbc-52d5d4b48165;411.97;3.9551;BUY
2016-03-10T00:33:01.083000;2016-03-10T00:33:01.110000;9d329ea6-53d2-4920-9d9f-bcfe911b7bf7;411.96;0.01;SELL
2016-03-10T00:33:01.087000;2016-03-10T00:33:01.110000;70505319-2c5a-4d16-ba46-3dffa5e54ae4;411.93;0.01;SELL
2016-03-10T00:33:01.087000;2016-03-10T00:33:01.127000;14294a34-4443-4a9c-b8f5-3320e54119ce;411.92;0.01;SELL
2016-03-10T00:33:01.087000;2016-03-10T00:33:01.127000;fa354344-9f4b-4bd8-9576-b5fe4926c36f;411.89;0.00167;SELL
2016-03-10T00:33:31.497000;2016-03-10T00:33:31.517000;70d1eab5-fc9a-46f5-8677-31026088abd8;411.89;0.00833;SELL
2016-03-10T00:33:31.497000;2016-03-10T00:33:31.533000;adf6192c-2c0a-4b0d-8682-9f2eaced45f8;411.88;0.43967353;SELL
2016-03-10T00:33:31.497000;2016-03-10T00:33:31.533000;355f03b5-28f0-4da3-b42c-46097dbd9cf2;411.88;0.01;SELL
2016-03-10T00:33:31.497000;2016-03-10T00:33:31.533000;054a77f1-a47a-4246-a4b3-e6801e3a02e8;411.86;0.01;SELL
2016-03-10T00:33:31.497000;2016-03-10T00:33:31.533000;e20610ec-4b2a-43d4-b0fa-9376a1341554;411.85;0.0330627;SELL
2016-03-10T00:33:31.497000;2016-03-10T00:33:31.627000;7ff54ff2-7014-4cb0-b60a-292a0df07700;411.84;0.01;SELL
2016-03-10T00:33:31.497000;2016-03-10T00:33:31.627000;a4cb9509-8c74-4b97-9b2e-4be22fba5413;411.84;0.138;SELL
2016-03-10T00:33:31.497000;2016-03-10T00:33:31.627000;c2b136ce-2b27-4725-8cec-353481c0f24e;411.83;0.01;SELL
2016-03-10T00:33:31.497000;2016-03-10T00:33:31.627000;b4afe6fc-b92e-4cdd-9233-bf230a1698c8;411.79;0.01;SELL
2016-03-10T00:33:31.500000;2016-03-10T00:33:31.627000;bced3c6f-49c7-4edd-87da-d7c9f90d655b;411.79;0.103;SELL
2016-03-10T00:33:31.500000;2016-03-10T00:33:31.627000;a8f09721-58ed-4f51-b27c-dd47ed9c935c;411.78;0.02;SELL
2016-03-10T00:33:31.500000;2016-03-10T00:33:31.627000;f3ee878c-d000-4bc9-bef7-028855111e26;411.77;0.5590103;SELL
2016-03-10T00:33:31.500000;2016-03-10T00:33:31.627000;f687f452-df6f-404a-876a-b08832fb79df;411.77;0.51604511;SELL
2016-03-10T00:33:31.500000;2016-03-10T00:33:31.627000;c2126cad-c639-4a9d-aa3d-a9b6988eaa22;411.77;0.02567669;SELL
2016-03-10T00:33:31.500000;2016-03-10T00:33:31.627000;7337fed7-8b51-4cb8-8baf-728712d65ab0;411.77;0.02567669;SELL
2016-03-10T00:33:31.500000;2016-03-10T00:33:31.627000;f2967e7a-5e75-4cbe-b360-0f7558e9192d;411.77;0.20409148;SELL
2016-03-10T00:33:31.500000;2016-03-10T00:33:31.627000;5c6b46c9-51dc-49b4-93a1-b351389f30c4;411.74;0.2430935;SELL
2016-03-10T00:33:39.060000;2016-03-10T00:33:39.097000;649f6dfc-6860-4c39-893d-3d723ab56fe1;411.8;0.011;BUY
2016-03-10T00:33:39.087000;2016-03-10T00:33:39.110000;b75a6a65-7db3-4950-877a-9195aa02b054;411.8;0.289;BUY
2016-03-10T00:33:39.087000;2016-03-10T00:33:39.110000;46af5523-f07c-4bfa-a648-4bbb6b164a08;411.81;0.38373;BUY
2016-03-10T00:33:39.127000;2016-03-10T00:33:39.143000;6717c139-cd0c-4722-9569-c446a9091b9e;411.81;0.14627;BUY
2016-03-10T00:34:17.497000;2016-03-10T00:34:17.517000;2cf26cb5-ba0a-471c-8c19-f385aa53f9ab;411.75;0.01;SELL
2016-03-10T00:34:17.497000;2016-03-10T00:34:17.517000;85795f9e-1afa-4234-b222-d189a4edcd36;411.73;0.11069905;SELL
2016-03-10T00:34:17.497000;2016-03-10T00:34:17.533000;c935d052-0a0d-4d45-a73e-d9529922560e;411.72;0.01;SELL
2016-03-10T00:34:17.497000;2016-03-10T00:34:17.533000;90b3c1ce-55be-4d1f-871f-2ce9d21de341;411.71;0.01;SELL
2016-03-10T00:34:17.497000;2016-03-10T00:34:17.533000;0d406129-4ddb-4070-b7a2-83f77069f273;411.7;0.01;SELL
2016-03-10T00:34:17.497000;2016-03-10T00:34:17.533000;2c80713b-8827-45b0-a72d-0f250f338a8c;411.69;0.01;SELL
2016-03-10T00:34:17.500000;2016-03-10T00:34:17.533000;2698b518-b9a0-459f-9370-1cc6e3f8d7eb;411.69;0.01;SELL
2016-03-10T00:34:17.500000;2016-03-10T00:34:17.550000;3fa42b0d-dc6d-4dfb-99c7-ad014e02948d;411.68;0.48858979;SELL
2016-03-10T00:34:17.500000;2016-03-10T00:34:17.550000;447a3369-40e1-4511-82ef-edea34f7c951;411.68;0.125;SELL
2016-03-10T00:34:17.500000;2016-03-10T00:34:17.550000;dbafa83b-5ff1-4080-9fae-8d87d037f0ce;411.63;0.079;SELL
2016-03-10T00:34:17.500000;2016-03-10T00:34:17.550000;69c62337-4bfe-440f-b291-fde456857d49;411.6;0.02978265;SELL
2016-03-10T00:34:17.500000;2016-03-10T00:34:17.580000;8cda99ca-0039-4064-aaaa-189881a0492f;411.6;0.02066657;SELL
2016-03-10T00:34:17.500000;2016-03-10T00:34:17.580000;f7839bdb-4ac1-40f4-8bcf-10dad8051642;411.6;2.89658194;SELL
2016-03-10T00:34:30.787000;2016-03-10T00:34:30.813000;c46a9efc-c565-47a3-836c-12285cf07d6c;411.73;0.01;SELL
2016-03-10T00:34:30.787000;2016-03-10T00:34:30.813000;5e6539af-77ff-46d5-872f-5562b4f99c7a;411.72;0.01;SELL
2016-03-10T00:34:30.787000;2016-03-10T00:34:30.813000;1b48a852-87a4-4b70-914f-8f26bbb73898;411.71;0.118;SELL
2016-03-10T00:34:30.787000;2016-03-10T00:34:30.813000;fe659b9a-be93-424f-9fbe-6a451bd8cb6f;411.64;0.6419;SELL
2016-03-10T00:35:01.980000;2016-03-10T00:35:02.020000;c4b7df82-9853-4805-874d-8d0b04a55384;411.75;0.01;BUY
2016-03-10T00:35:01.980000;2016-03-10T00:35:02.037000;3bceba4e-c6c6-4c77-abbc-035f2dbdb797;411.75;0.00107333;BUY
2016-03-10T00:35:30.677000;2016-03-10T00:35:30.723000;b222bd25-61cf-47ce-bb27-c2c65ee01cbc;411.7;0.16723;BUY
2016-03-10T00:36:01.177000;2016-03-10T00:36:01.223000;d719f10d-997b-4164-975a-87c5f618685a;411.7;4.97565;BUY
2016-03-10T00:36:30.950000;2016-03-10T00:36:30.990000;8d16766e-fbf9-4efd-9505-d4ce592b15c5;411.6;0.3;BUY
2016-03-10T00:36:30.950000;2016-03-10T00:36:31.003000;e36cb5c5-3077-457e-9c59-7cbef0176657;411.6;0.02116;BUY
2016-03-10T00:37:00.773000;2016-03-10T00:37:00.817000;3899466e-5235-4d1c-b399-ce5fc40016d0;411.6;0.46972;SELL
2016-03-10T00:37:01.430000;2016-03-10T00:37:01.473000;0970c09e-918f-4d48-9d28-78c9b109e7d8;411.67;0.034;BUY
2016-03-10T00:37:01.467000;2016-03-10T00:37:01.503000;59390fbd-125f-4de5-8d2b-f3458a4bb2af;411.67;0.1008;BUY
2016-03-10T00:37:01.477000;2016-03-10T00:37:01.520000;c103953d-6d3d-42c0-b9cf-3d2d117d1c4b;411.67;0.0352;BUY
2016-03-10T00:37:30.967000;2016-03-10T00:37:31.003000;1dbbd8d7-dad4-4e60-b1f4-d09c3533a569;411.62;0.48384;SELL
2016-03-10T00:37:49.970000;2016-03-10T00:37:50.003000;4e4e7403-1d38-4caf-9268-7823ebd445f6;411.63;0.2067;BUY
2016-03-10T00:37:49.977000;2016-03-10T00:37:50.020000;91030366-b8ea-45c8-950c-3f6cbe1b136b;411.63;0.01351368;BUY
2016-03-10T00:37:50.007000;2016-03-10T00:37:50.050000;a00d990f-5422-4235-9db5-b1939d8fcf2d;411.63;0.01;BUY
2016-03-10T00:38:00.727000;2016-03-10T00:38:00.770000;359e42e1-699e-4672-b975-7963e15c3189;411.65;0.01;BUY
2016-03-10T00:38:00.727000;2016-03-10T00:38:00.787000;fe7931ac-3601-449f-a92b-f22a2c9b1acb;411.69;0.28;BUY
2016-03-10T00:38:00.727000;2016-03-10T00:38:00.787000;7f998305-8251-43d6-9622-c8c24560f0b5;411.71;0.01;BUY
2016-03-10T00:38:00.727000;2016-03-10T00:38:00.787000;af6617b2-577b-4a83-a7d4-621d58c48d43;411.71;0.114;BUY
2016-03-10T00:38:00.727000;2016-03-10T00:38:00.800000;95b6b4fe-2283-4779-9040-57be79cad363;411.73;0.34;BUY
2016-03-10T00:38:00.727000;2016-03-10T00:38:00.800000;2b2701a5-d702-456b-a9a5-89045923d895;411.74;0.88534;BUY
2016-03-10T00:38:32.983000;2016-03-10T00:38:33.020000;a5c96620-5323-487e-a4d7-21da2fae0a94;411.62;4.04332;SELL
2016-03-10T00:39:01.027000;2016-03-10T00:39:01.067000;1f2eae7b-08f4-41c6-ae62-2bd374a21acb;411.65;0.08223;BUY
2016-03-10T00:39:30.953000;2016-03-10T00:39:30.990000;2177c98f-5d2c-4e01-bf4c-acbb2ad77af1;411.62;0.01;SELL
2016-03-10T00:39:30.953000;2016-03-10T00:39:31.003000;48e6fa5a-dfa1-4775-ab51-1799482654d2;411.61;0.02666;SELL
2016-03-10T00:39:30.953000;2016-03-10T00:39:31.003000;2eecb61c-7ebc-460e-98be-16456921db4d;411.6;0.01;SELL
2016-03-10T00:39:30.953000;2016-03-10T00:39:31.003000;1d9a7a23-17d2-43b1-88cd-e24dc743208c;411.59;0.01;SELL
2016-03-10T00:39:30.953000;2016-03-10T00:39:31.020000;9f746716-2577-4c19-9e27-627c8a9d04cb;411.59;0.12220666;SELL
2016-03-10T00:39:30.953000;2016-03-10T00:39:31.097000;77d5b5a7-32c4-47a6-bf73-3cb087bdd426;411.59;0.07456872;SELL
2016-03-10T00:39:30.953000;2016-03-10T00:39:31.097000;273e62c9-eb57-4718-b787-1f5aff820a22;411.57;0.01;SELL
2016-03-10T00:39:30.953000;2016-03-10T00:39:31.097000;ac47deaa-0534-4255-9b6a-d0f723d4f4c1;411.57;0.02332462;SELL
2016-03-10T00:40:01.243000;2016-03-10T00:40:01.270000;9d0044ce-8a25-4b45-a0dc-8d5b56e4cce6;411.66;0.01;BUY
2016-03-10T00:40:01.243000;2016-03-10T00:40:01.287000;f66c2ded-0a8d-4908-8c85-52939e9d0a5e;411.67;0.01;BUY
2016-03-10T00:40:01.243000;2016-03-10T00:40:01.287000;18bfcf3c-82e0-49dd-a0a5-7e7ac57cb205;411.68;0.01;BUY
2016-03-10T00:40:01.247000;2016-03-10T00:40:01.317000;38df8912-f57a-4b36-aff8-2fc7be478a7b;411.69;0.01;BUY
2016-03-10T00:40:01.247000;2016-03-10T00:40:01.317000;d7b06b3d-7885-4ce1-a98b-632a573718df;411.7;0.01;BUY
2016-03-10T00:40:01.247000;2016-03-10T00:40:01.380000;5fdf6c23-c4f6-4177-94e8-23e9dbaa0646;411.71;1.0;BUY
2016-03-10T00:40:01.247000;2016-03-10T00:40:01.380000;4bea9f47-c022-43da-ba31-80a9a20f0231;411.72;0.01;BUY
2016-03-10T00:40:01.247000;2016-03-10T00:40:01.380000;256cb9d8-5d23-4cf5-bc0a-cef3eee6d3f1;411.73;0.01;BUY
2016-03-10T00:40:01.247000;2016-03-10T00:40:01.380000;e839c606-2d5d-4a76-af94-598de2218578;411.75;0.20585;BUY
2016-03-10T00:40:31.107000;2016-03-10T00:40:31.143000;5d61e128-a7cc-4a04-bf76-e084739ac313;411.75;12.02318;BUY
2016-03-10T00:41:00.883000;2016-03-10T00:41:00.910000;3b2c965b-4a40-4a8b-81e9-77e97c7367da;411.74;2.01026;BUY
2016-03-10T00:42:17.817000;2016-03-10T00:42:17.847000;243f234b-8e78-451c-a21f-54ad7c707bf9;411.74;1.02198;BUY
2016-03-10T00:42:32.737000;2016-03-10T00:42:32.770000;5c524ff9-ed65-40b5-9060-cfa2711c3b2a;411.74;0.24505;BUY
2016-03-10T00:43:02.917000;2016-03-10T00:43:02.943000;01f243c0-b596-4b07-b20f-75c4da1aa07a;411.74;0.75291;BUY
2016-03-10T00:43:30.800000;2016-03-10T00:43:30.817000;bee8a3e5-01bf-4249-9c3d-c2ac6da3c71f;411.74;0.51914;BUY
2016-03-10T00:44:00.820000;2016-03-10T00:44:00.833000;e4ab1f9f-ebb5-4493-9fea-abbc35f27d0c;411.74;0.37;BUY
2016-03-10T00:44:00.820000;2016-03-10T00:44:00.863000;b54a053e-58e6-442b-a427-d6ddab93639f;411.75;0.48585;BUY
2016-03-10T00:44:05.197000;2016-03-10T00:44:05.207000;7d918a9e-d167-4dd0-9411-05dc85133f9a;411.75;0.05;BUY
2016-03-10T00:45:00.863000;2016-03-10T00:45:00.880000;14bd14ab-13ea-4b26-9f7a-44e64824dbce;411.75;2.63154;BUY
2016-03-10T00:45:30.863000;2016-03-10T00:45:30.880000;bf9c533c-6765-4740-96a2-52349de6795d;411.75;6.36981;BUY
2016-03-10T00:46:34.383000;2016-03-10T00:46:34.397000;145d3091-c881-4a56-9637-e85f57c5e062;411.74;0.01953;SELL
2016-03-10T00:46:54.767000;2016-03-10T00:46:54.787000;3f1c5790-08a2-4bf5-8921-0ff18e44f12d;411.75;0.13;BUY
2016-03-10T00:47:01.367000;2016-03-10T00:47:01.380000;9995a3ce-82f2-4495-803c-b621c218a4b0;411.74;0.0789;SELL
2016-03-10T00:47:20.103000;2016-03-10T00:47:20.113000;5cf554ce-3cf6-406b-8785-c75d930faeea;411.75;0.10420709;BUY
2016-03-10T00:47:30.913000;2016-03-10T00:47:30.927000;d3b271fe-063e-40ac-a106-4141c9c36ca0;411.75;1.40679;BUY
2016-03-10T00:47:35.577000;2016-03-10T00:47:35.583000;4a265152-724f-4d20-8483-48d51b792554;411.75;0.17;BUY
2016-03-10T00:48:01.000000;2016-03-10T00:48:01.020000;c6e2b89b-0433-4e81-bd32-41032b6f2ec0;411.74;0.90157;SELL
2016-03-10T00:48:01.000000;2016-03-10T00:48:01.037000;2f2bbb3b-ab75-4c35-a3e9-a45beebd0054;411.74;1.25254;SELL
2016-03-10T00:48:05.527000;2016-03-10T00:48:05.550000;eeccae70-19e1-48b0-bb39-43f3211d9987;411.75;0.13;BUY
2016-03-10T00:48:31.160000;2016-03-10T00:48:31.160000;8bc979cd-770f-4109-8e1d-7d9c9fa9bb1a;411.74;4.75746;SELL
2016-03-10T00:48:31.160000;2016-03-10T00:48:31.193000;17af6f4f-25ba-4dbe-9500-5994754032ad;411.74;0.0864;SELL
2016-03-10T00:48:36.253000;2016-03-10T00:48:36.253000;76189cd5-91eb-495f-8bc6-f296e573a1ef;411.75;0.5688;BUY
2016-03-10T00:48:36.260000;2016-03-10T00:48:36.287000;4758bdba-d20a-46c9-a6e2-190b01456a8f;411.75;0.0352;BUY
2016-03-10T00:48:36.273000;2016-03-10T00:48:36.300000;308a0d74-3946-4b61-ae43-aee1b59d1fd2;411.75;0.396;BUY
2016-03-10T00:49:00.953000;2016-03-10T00:49:00.957000;3ee3f9c7-be24-41c7-87fc-31d9bc26b03f;411.75;0.29277291;BUY
2016-03-10T00:49:00.953000;2016-03-10T00:49:00.973000;ddd54f52-158e-4a71-8b7e-d41dfd4942ff;411.75;1.0;BUY
2016-03-10T00:49:00.953000;2016-03-10T00:49:00.973000;9918e702-87a3-40f7-aa9d-3a966a49c892;411.75;0.2;BUY
2016-03-10T00:49:00.953000;2016-03-10T00:49:00.973000;f0a97fe7-412c-4509-ad16-4b0e2037d6b7;411.75;0.03726709;BUY
2016-03-10T00:49:06.990000;2016-03-10T00:49:06.990000;68d70ee5-8f2e-4268-a917-449c960802d9;411.75;0.17;BUY
2016-03-10T00:49:13.257000;2016-03-10T00:49:13.270000;252d5ed5-df68-463a-a3a6-7c641547eb0e;411.75;0.01445;BUY
2016-03-10T00:49:30.957000;2016-03-10T00:49:30.990000;15535c26-8984-41a7-9df0-f94697f5721d;411.74;0.17209;SELL
2016-03-10T00:49:32.293000;2016-03-10T00:49:32.300000;8ec708cd-f386-400e-a4bb-6fd382ba8690;411.75;0.12;BUY
2016-03-10T00:50:00.000000;2016-03-10T00:50:00.000000;29d68a2f-20ac-4155-a00c-efa1c918f017;411.75;0.65828291;UNKNOWN
2016-03-10T00:50:00.000000;2016-03-10T00:50:00.000000;7c9e32ce-a7c2-46cc-a830-46e76f248d16;411.75;0.1;UNKNOWN
2016-03-10T00:50:00.000000;2016-03-10T00:50:00.000000;da369855-dd42-49af-856d-ef1a8317729a;411.84;8.29022709;UNKNOWN
2016-03-10T00:50:00.000000;2016-03-10T00:50:00.000000;9de4e9a1-8cd8-4d43-bbea-f1f019b6d123;411.76;1.0;UNKNOWN
2016-03-10T00:50:00.000000;2016-03-10T00:50:00.000000;455cfd44-d600-49c3-84d7-54312629ee72;411.81;0.01;UNKNOWN
2016-03-10T00:50:00.000000;2016-03-10T00:50:00.000000;b5dac6f6-9b0c-45e4-81cd-2316e9fc5acd;411.76;1.0;UNKNOWN
2016-03-10T00:50:00.000000;2016-03-10T00:50:00.000000;68d2dccf-07aa-44ef-bc69-4d6c4d6cf2af;411.8;0.01;UNKNOWN
2016-03-10T00:50:00.000000;2016-03-10T00:50:00.000000;52a87d09-aabb-4ade-acd1-75d08c49d933;411.79;0.01;UNKNOWN
2016-03-10T00:50:00.000000;2016-03-10T00:50:00.000000;5bb0ebe4-3058-413e-9fd7-33ad6a9cff99;411.77;0.01;UNKNOWN
2016-03-10T00:50:00.000000;2016-03-10T00:50:00.000000;af96f56f-38ef-4e5a-a794-79e5f38d6926;411.78;0.01;UNKNOWN
2016-03-10T00:50:24.000000;2016-03-10T00:50:24.000000;438d44bc-d1bc-4a24-b6cb-a88ba7d215bf;411.95;0.04;UNKNOWN
2016-03-10T00:50:24.000000;2016-03-10T00:50:24.000000;1168e00c-2018-4df5-9b07-4de3a1ff3a78;411.94;0.01;UNKNOWN
2016-03-10T00:50:24.000000;2016-03-10T00:50:24.000000;073ba1eb-2ed0-4b51-af3d-7041b3567b32;411.93;0.01;UNKNOWN
2016-03-10T00:50:24.000000;2016-03-10T00:50:24.000000;f5e908d4-e9b1-47a9-adfd-d48f97e20f05;411.92;0.01;UNKNOWN
2016-03-10T00:50:31.000000;2016-03-10T00:50:31.000000;0b41e77c-aedd-48d0-b24c-0855005ed367;411.78;0.70071;UNKNOWN
2016-03-10T00:50:31.000000;2016-03-10T00:50:31.000000;c8c2b1a2-bce9-4e2d-a671-28de851bc73b;411.79;0.01;UNKNOWN
2016-03-10T00:50:31.000000;2016-03-10T00:50:31.000000;219eb43f-da95-4184-94bc-308b7715c78c;411.8;0.01;UNKNOWN
2016-03-10T00:50:31.000000;2016-03-10T00:50:31.000000;c8edc5e6-f42d-4a36-a961-9efe353311a8;411.81;0.01;UNKNOWN
2016-03-10T00:50:43.000000;2016-03-10T00:50:43.000000;bb7953dc-eb5a-4098-9105-de92591d266e;411.9;0.019;UNKNOWN
2016-03-10T00:51:01.000000;2016-03-10T00:51:01.000000;af22840f-b464-453d-b761-a2f0e984853a;411.92;0.39966;UNKNOWN
2016-03-10T00:51:02.000000;2016-03-10T00:51:02.000000;524cc951-8688-458a-9aeb-8c63260c202f;411.92;0.15;UNKNOWN
2016-03-10T00:51:15.000000;2016-03-10T00:51:15.000000;5bc9c03f-3138-4076-83d3-cccf1b8a08fc;411.9;0.1256;UNKNOWN
2016-03-10T00:51:15.000000;2016-03-10T00:51:15.000000;76a0bce4-e5e0-4c78-add6-5f0548684d11;411.9;0.0444;UNKNOWN
2016-03-10T00:51:32.000000;2016-03-10T00:51:32.000000;de85cd03-11b8-4a2e-b49d-e1f0e77483ba;411.74;0.01;UNKNOWN
2016-03-10T00:51:32.000000;2016-03-10T00:51:32.000000;b628d6f7-ae20-4cf4-9de4-814fe70fda5e;411.74;1.01351;UNKNOWN
2016-03-10T00:51:32.000000;2016-03-10T00:51:32.000000;2193fd69-39ff-4353-b2d1-9a87f5fdd5c7;411.83;3.751;UNKNOWN
2016-03-10T00:51:32.000000;2016-03-10T00:51:32.000000;151497df-79a7-486c-8c51-85c8537cdd38;411.81;0.01;UNKNOWN
2016-03-10T00:51:32.000000;2016-03-10T00:51:32.000000;c86acb2a-8dce-4ea8-9e32-4ae25be17d70;411.81;0.26;UNKNOWN
2016-03-10T00:51:32.000000;2016-03-10T00:51:32.000000;9a6f69ad-700b-44fe-b1a1-48b9d314e79d;411.8;0.01;UNKNOWN
2016-03-10T00:51:32.000000;2016-03-10T00:51:32.000000;e4c9dd09-10af-45cc-b5ab-41a5a28e4936;411.73;0.70396;UNKNOWN
2016-03-10T00:51:32.000000;2016-03-10T00:51:32.000000;b0cbeebb-6c0a-4fe8-984b-b71f0e2e3542;411.73;0.06;UNKNOWN
2016-03-10T00:51:32.000000;2016-03-10T00:51:32.000000;cba454b8-2b94-4d09-b994-2290be22d780;411.79;3.996;UNKNOWN
2016-03-10T00:51:32.000000;2016-03-10T00:51:32.000000;96fb7b85-dedd-48de-8fd6-d85b5d7207b7;411.73;1.0;UNKNOWN
2016-03-10T00:51:32.000000;2016-03-10T00:51:32.000000;2edd2748-bbb5-448c-aaa8-e52897653741;411.74;1.0;UNKNOWN
2016-03-10T00:51:32.000000;2016-03-10T00:51:32.000000;a31f920d-f65e-4b09-bf84-e7039ec6a1c8;411.77;0.01;UNKNOWN
2016-03-10T00:51:32.000000;2016-03-10T00:51:32.000000;ae83565f-e9df-4854-b487-288f1e6d3b98;411.76;0.01;UNKNOWN
2016-03-10T00:51:32.000000;2016-03-10T00:51:32.000000;9e069222-fbd0-43f8-8a14-618ea0803896;411.75;7.26266;UNKNOWN
2016-03-10T00:51:32.000000;2016-03-10T00:51:32.000000;03b2c12c-680b-48f8-832b-4ab93548a5ee;411.75;0.0115;UNKNOWN
2016-03-10T00:52:01.000000;2016-03-10T00:52:01.000000;69ddea46-48c5-4cd3-8f65-78b15dbeea01;411.85;3.6816;UNKNOWN
2016-03-10T00:52:30.000000;2016-03-10T00:52:30.000000;b403723d-7c29-400c-a712-bf5aed2b9335;411.89;0.01;UNKNOWN
2016-03-10T00:52:30.000000;2016-03-10T00:52:30.000000;c20390cc-51ea-40e7-a5f8-b76bc93686a3;411.89;0.17;UNKNOWN
2016-03-10T00:52:30.000000;2016-03-10T00:52:30.000000;8b362781-340b-4bb1-ab4a-aae63c3c9919;411.91;0.01;UNKNOWN
2016-03-10T00:52:30.000000;2016-03-10T00:52:30.000000;b8e7c6f6-7b09-4bb3-9ac6-5e1e33adb852;411.91;0.01;UNKNOWN
2016-03-10T00:52:30.000000;2016-03-10T00:52:30.000000;5ae41be4-5e36-4eeb-97e9-6e4970981103;411.99;0.06012;UNKNOWN
2016-03-10T00:52:30.000000;2016-03-10T00:52:30.000000;a31bac58-0441-4caf-ac42-d00647e74edc;411.94;0.01;UNKNOWN
2016-03-10T00:52:30.000000;2016-03-10T00:52:30.000000;d98c2ae2-d7e3-417a-80df-0a1b494a5694;411.93;0.01;UNKNOWN
2016-03-10T00:52:30.000000;2016-03-10T00:52:30.000000;3a4376c0-cf89-4278-ad22-48a09ebc4893;411.95;0.16;UNKNOWN
2016-03-10T00:52:30.000000;2016-03-10T00:52:30.000000;24bb0582-b1ce-409b-a88b-9cd12ec4de20;411.97;0.01;UNKNOWN
2016-03-10T00:52:30.000000;2016-03-10T00:52:30.000000;4f71e45c-3c1a-4bb7-b1e8-5650ee9ed3fc;411.96;0.01;UNKNOWN
2016-03-10T00:53:00.000000;2016-03-10T00:53:00.000000;4c494f95-ab39-47db-bf3d-e8cd2567f144;411.84;0.1766;UNKNOWN
2016-03-10T00:53:00.000000;2016-03-10T00:53:00.000000;48b6fd8f-99c2-4e34-b6d6-c38f28676412;411.84;0.01;UNKNOWN
2016-03-10T00:53:00.000000;2016-03-10T00:53:00.000000;4787b87d-3187-44ce-8dc7-3730d2182ed0;411.85;0.01;UNKNOWN
2016-03-10T00:53:00.000000;2016-03-10T00:53:00.000000;24dcdeab-9818-47d4-b977-4c645933e1c6;411.86;0.74;UNKNOWN
2016-03-10T00:53:30.000000;2016-03-10T00:53:30.000000;12b2e301-864e-4ce9-98fd-83793b943dd6;411.99;0.24032;UNKNOWN
2016-03-10T00:53:30.000000;2016-03-10T00:53:30.000000;16f0b666-abf6-467c-8d6a-2441c0f25add;411.99;5.01495;UNKNOWN
2016-03-10T00:53:30.000000;2016-03-10T00:53:30.000000;f4dccdef-1935-4ccb-9089-dfc8ff7c4201;411.99;0.24988;UNKNOWN
2016-03-10T00:54:01.000000;2016-03-10T00:54:01.000000;0f247368-b3b6-454a-8c77-4c787fdd4d7b;411.97;2.15603;UNKNOWN
2016-03-10T00:54:08.000000;2016-03-10T00:54:08.000000;5bec15a5-6216-4f92-b914-2ff536cee4df;411.94;0.4869;UNKNOWN
2016-03-10T00:54:31.000000;2016-03-10T00:54:31.000000;7dcd7f33-7bd6-44c4-83f9-4c41b94e2ad1;411.93;2.49863;UNKNOWN
2016-03-10T00:54:35.000000;2016-03-10T00:54:35.000000;11520b94-2000-47c1-b729-71520c594476;411.93;0.08;UNKNOWN
2016-03-10T00:55:00.000000;2016-03-10T00:55:00.000000;b2ed9f1c-75bb-470e-ac3d-0d1a8dddd033;411.92;0.2884;UNKNOWN
2016-03-10T00:55:30.000000;2016-03-10T00:55:30.000000;c2ef7f33-a36c-4fc3-bc6d-77c9a7a988bc;412.0;0.01;UNKNOWN
2016-03-10T00:55:30.000000;2016-03-10T00:55:30.000000;082b8c20-f74d-446b-8434-9226f9f06032;412.05;0.00806;UNKNOWN
2016-03-10T00:55:30.000000;2016-03-10T00:55:30.000000;c0af849b-5d4a-4fc7-8fb6-b593137d3dbe;412.05;0.01;UNKNOWN
2016-03-10T00:55:30.000000;2016-03-10T00:55:30.000000;d27ca97e-b368-4f7c-a422-47a4ddeb99f3;411.99;0.01;UNKNOWN
2016-03-10T00:55:30.000000;2016-03-10T00:55:30.000000;1d01b6e1-413f-420e-a94f-d3478e554cf3;412.02;0.01;UNKNOWN
2016-03-10T00:56:00.000000;2016-03-10T00:56:00.000000;11d2093c-637e-4713-ae65-06bcbf51250f;412.11;0.01;UNKNOWN
2016-03-10T00:56:00.000000;2016-03-10T00:56:00.000000;98aacbe5-ef9f-490b-bd3e-357cac23b158;412.22;0.54561;UNKNOWN
2016-03-10T00:56:00.000000;2016-03-10T00:56:00.000000;ef2c49b2-fb4b-4bfc-a019-d017ba47e4a3;412.2;0.081;UNKNOWN
2016-03-10T00:56:00.000000;2016-03-10T00:56:00.000000;cdc25439-c1b7-4640-93cd-10a44dc74cf2;412.14;0.072;UNKNOWN
2016-03-10T00:56:00.000000;2016-03-10T00:56:00.000000;f4c5c98c-e78c-464a-90ff-4045946acd1f;412.14;0.01;UNKNOWN
2016-03-10T00:56:30.000000;2016-03-10T00:56:30.000000;e222a06f-362b-45a7-8ae5-eb5ba1bc8513;412.23;0.01;UNKNOWN
2016-03-10T00:56:30.000000;2016-03-10T00:56:30.000000;ffdcebc8-5987-4621-88dd-33662f185e64;412.23;0.0977;UNKNOWN
2016-03-10T00:57:01.000000;2016-03-10T00:57:01.000000;dfac2835-c497-4486-9efd-905b10748640;412.23;0.19078;UNKNOWN
2016-03-10T00:57:30.000000;2016-03-10T00:57:30.000000;20578191-b250-4ed0-97ba-e4612761d8d8;412.23;0.80593;UNKNOWN
2016-03-10T00:58:02.000000;2016-03-10T00:58:02.000000;8a6fa499-6676-45f4-8419-c799c55d8569;412.25;0.10495;UNKNOWN
2016-03-10T00:58:02.000000;2016-03-10T00:58:02.000000;48c9d03e-e2f1-4898-b60e-28ac8367aedd;412.25;0.01;UNKNOWN
2016-03-10T00:59:00.000000;2016-03-10T00:59:00.000000;d4aab23c-5b7e-44ad-ac01-30d1103a50c9;412.19;0.01;UNKNOWN
2016-03-10T00:59:00.000000;2016-03-10T00:59:00.000000;3e399b42-b7e1-4f97-a46e-94101c7a662e;412.14;0.125;UNKNOWN
2016-03-10T00:59:00.000000;2016-03-10T00:59:00.000000;142c8015-c398-4370-8948-842ba3de414a;412.22;0.01;UNKNOWN
2016-03-10T00:59:00.000000;2016-03-10T00:59:00.000000;dd5d7418-393f-487d-96dc-4dc5c3374525;412.06;0.01;UNKNOWN
2016-03-10T00:59:00.000000;2016-03-10T00:59:00.000000;f8282d05-f4bc-4019-b05e-291afa777050;412.04;0.089;UNKNOWN
2016-03-10T00:59:00.000000;2016-03-10T00:59:00.000000;7e945e29-731a-4558-b406-758ad44fb472;412.09;0.097;UNKNOWN
2016-03-10T00:59:00.000000;2016-03-10T00:59:00.000000;425ad218-6ae1-4ac8-b865-e0ec80fcf4b1;412.01;0.28;UNKNOWN
2016-03-10T00:59:00.000000;2016-03-10T00:59:00.000000;0d177edf-99e1-426e-b6be-ab8fb8c594ac;412.01;3.42372;UNKNOWN
2016-03-10T00:59:00.000000;2016-03-10T00:59:00.000000;7d8a48bf-4f61-4f40-8560-8672168fcbe1;412.23;0.01;UNKNOWN
2016-03-10T00:59:00.000000;2016-03-10T00:59:00.000000;1f5f364e-a3fa-44c1-ab19-1f06ef345fc3;412.24;0.05;UNKNOWN
2016-03-10T00:59:31.000000;2016-03-10T00:59:31.000000;f9b468ba-f246-4630-9c2d-9550e639d4e0;412.0;0.0115;UNKNOWN
2016-03-10T00:59:31.000000;2016-03-10T00:59:31.000000;6b7a66ec-a3ec-408f-842c-1ad09e317570;412.0;0.05;UNKNOWN
2016-03-10T00:59:31.000000;2016-03-10T00:59:31.000000;03111a79-f119-417d-b716-386de62af40f;411.99;0.01;UNKNOWN
2016-03-10T00:59:31.000000;2016-03-10T00:59:31.000000;f5792ff7-0f6b-41c5-97c3-48a551c15098;411.98;0.01;UNKNOWN
2016-03-10T00:59:31.000000;2016-03-10T00:59:31.000000;9111911d-885d-428c-800b-1364465e145e;411.9;1.01805;UNKNOWN
2016-03-10T00:59:31.000000;2016-03-10T00:59:31.000000;43cf0426-176e-4580-b5a0-f169e32c44a8;411.93;0.12;UNKNOWN
2016-03-10T00:59:31.000000;2016-03-10T00:59:31.000000;6650ad94-d909-462a-a814-f999edd61a8d;411.95;0.01;UNKNOWN
2016-03-10T01:00:00.000000;2016-03-10T01:00:00.000000;c75ac50c-f8e7-4736-88ba-eb0628191bf0;412.11;0.24023;UNKNOWN
2016-03-10T01:00:31.000000;2016-03-10T01:00:31.000000;e46b904c-eaf0-4984-915b-7e7b0f0734e0;412.12;0.65065;UNKNOWN
2016-03-10T01:01:01.000000;2016-03-10T01:01:01.000000;2ceed423-9b83-4037-a89e-bc8f59b11336;412.26;0.2;UNKNOWN
2016-03-10T01:01:01.000000;2016-03-10T01:01:01.000000;da25c05d-089f-459f-99d8-2f1734c7910d;412.29;0.01;UNKNOWN
2016-03-10T01:01:01.000000;2016-03-10T01:01:01.000000;675b46e2-8e3b-46a3-9e66-165c01fd3fab;412.28;3.64;UNKNOWN
2016-03-10T01:01:01.000000;2016-03-10T01:01:01.000000;dff70f29-e752-4882-ab47-a244c70fdd24;412.12;0.01;UNKNOWN
2016-03-10T01:01:01.000000;2016-03-10T01:01:01.000000;8f2a9dd2-7ced-499d-9a70-98a73adecd9f;412.25;0.28;UNKNOWN
2016-03-10T01:01:01.000000;2016-03-10T01:01:01.000000;08cb63d2-aa21-44af-8507-5024cae4c5fe;412.26;2.52;UNKNOWN
2016-03-10T01:01:01.000000;2016-03-10T01:01:01.000000;2be75ac7-b99b-470c-8f53-821272839927;412.11;1.97;UNKNOWN
2016-03-10T01:01:01.000000;2016-03-10T01:01:01.000000;9da662a6-4228-4978-96e7-84b67cc865ce;412.24;0.18;UNKNOWN
2016-03-10T01:01:01.000000;2016-03-10T01:01:01.000000;959d8b58-f7e9-4539-8ffb-2e4939a3f602;412.27;0.28;UNKNOWN
2016-03-10T01:01:01.000000;2016-03-10T01:01:01.000000;d3a1b484-610c-42be-b750-0065231571dd;412.23;7.84;UNKNOWN
2016-03-10T01:01:01.000000;2016-03-10T01:01:01.000000;ac89ee97-5696-4b70-97de-05f7388ffba7;412.18;0.01;UNKNOWN
2016-03-10T01:01:01.000000;2016-03-10T01:01:01.000000;e32889d8-a4e7-4178-8bd4-263773b146cc;412.29;7.9103;UNKNOWN
2016-03-10T01:01:01.000000;2016-03-10T01:01:01.000000;bc4cbd06-67dd-4ea2-bf8f-f60f327688f8;412.27;0.01;UNKNOWN
2016-03-10T01:01:01.000000;2016-03-10T01:01:01.000000;f86412fb-dc30-4258-baf6-36c378a21736;412.17;1.68;UNKNOWN
2016-03-10T01:01:01.000000;2016-03-10T01:01:01.000000;dd9dc0aa-aad5-4a66-aff0-5d725e693636;412.13;0.05710404;UNKNOWN
2016-03-10T01:01:01.000000;2016-03-10T01:01:01.000000;e99897aa-86d7-42dc-bd2e-a82510969846;412.16;0.01;UNKNOWN
2016-03-10T01:01:01.000000;2016-03-10T01:01:01.000000;8ce82072-b144-4f3e-a82b-8b0d05863e83;412.15;0.01;UNKNOWN
2016-03-10T01:01:01.000000;2016-03-10T01:01:01.000000;2107e4bc-8609-4ed6-b402-b55a34b6ac0b;412.14;0.01;UNKNOWN
2016-03-10T01:01:01.000000;2016-03-10T01:01:01.000000;356ff38d-e09b-43b2-bde8-45e596aa128c;412.31;0.01;UNKNOWN
2016-03-10T01:01:01.000000;2016-03-10T01:01:01.000000;d105745b-b93d-44b0-a9c5-c7f1e0cd93b5;412.3;1.68;UNKNOWN
2016-03-10T01:01:01.000000;2016-03-10T01:01:01.000000;91a34222-d7a9-4763-af89-ad2ba97d7902;412.31;0.57;UNKNOWN
2016-03-10T01:01:01.000000;2016-03-10T01:01:01.000000;7afa7775-9f0d-4a0c-abff-7e9f71e2d733;412.34;0.28;UNKNOWN
2016-03-10T01:01:01.000000;2016-03-10T01:01:01.000000;afa012fd-48f6-49e8-9a38-f67377cd1656;412.35;1.14698596;UNKNOWN
2016-03-10T01:01:33.000000;2016-03-10T01:01:33.000000;acaaa4af-a80b-486a-bd95-a066018f9a73;412.12;0.09901;UNKNOWN
2016-03-10T01:02:01.000000;2016-03-10T01:02:01.000000;50d52a98-c9d8-4e41-9dd7-b12987107a79;412.27;0.01;UNKNOWN
2016-03-10T01:02:01.000000;2016-03-10T01:02:01.000000;08880187-e386-4dba-8e54-c1e02f8b524d;412.28;0.79655;UNKNOWN
2016-03-10T01:02:01.000000;2016-03-10T01:02:01.000000;c09617b3-f653-4648-8351-d623078c5f49;412.24;0.01;UNKNOWN
2016-03-10T01:02:34.000000;2016-03-10T01:02:34.000000;4ca2ea27-1582-466d-aaa3-9ecafdef052b;412.21;1.3971;UNKNOWN
2016-03-10T01:02:43.000000;2016-03-10T01:02:43.000000;d69c62e9-764a-4168-8a3b-8dae8802aaea;412.07;0.01;UNKNOWN
2016-03-10T01:02:43.000000;2016-03-10T01:02:43.000000;8f9d7820-6cc4-4f32-a28b-c00c739009a6;412.0;0.098;UNKNOWN
2016-03-10T01:02:43.000000;2016-03-10T01:02:43.000000;3b991ec0-dec4-4502-a550-993919706d72;412.09;0.01;UNKNOWN
2016-03-10T01:02:43.000000;2016-03-10T01:02:43.000000;c8144fa1-6e83-4be8-b377-34ac5cb588c9;412.02;7.27441;UNKNOWN
2016-03-10T01:02:43.000000;2016-03-10T01:02:43.000000;3bd0cf6d-fb83-48c5-9398-4fb4eaedb523;412.1;0.01;UNKNOWN
2016-03-10T01:02:43.000000;2016-03-10T01:02:43.000000;d1e20909-a94e-488c-a9c4-4261bb10be87;412.12;0.05;UNKNOWN
2016-03-10T01:02:43.000000;2016-03-10T01:02:43.000000;38a68770-5e32-4885-bff4-52957b7f2919;412.12;0.01;UNKNOWN
2016-03-10T01:02:43.000000;2016-03-10T01:02:43.000000;a5b1bbfa-e583-4197-add8-975aa68dcab1;412.13;0.01;UNKNOWN
2016-03-10T01:02:43.000000;2016-03-10T01:02:43.000000;fbc359f2-3fac-4933-b3db-09f06544aa9c;412.13;0.31;UNKNOWN
2016-03-10T01:03:01.000000;2016-03-10T01:03:01.000000;617126f0-fc41-4d8f-980c-dc67e06845cf;411.98;1.4126;UNKNOWN
2016-03-10T01:03:31.000000;2016-03-10T01:03:31.000000;16bc2b61-d895-4d79-a560-998c8a5ec4bb;411.97;0.05516;UNKNOWN
2016-03-10T01:03:31.000000;2016-03-10T01:03:31.000000;b5c111e2-3e24-495a-8788-66fec67f406f;411.97;0.05;UNKNOWN
2016-03-10T01:04:00.000000;2016-03-10T01:04:00.000000;529a407b-b67e-400f-b3e4-85bb18b5455c;411.97;1.47313;UNKNOWN
2016-03-10T01:04:31.000000;2016-03-10T01:04:31.000000;095b2378-ecdb-44b8-9d4c-8d218b951fcd;411.98;0.19538;UNKNOWN
2016-03-10T01:05:01.000000;2016-03-10T01:05:01.000000;fd3a5840-5f50-4191-9098-c571fdae73e0;411.97;1.56186;UNKNOWN
2016-03-10T01:05:32.000000;2016-03-10T01:05:32.000000;bb710a42-7cf5-4415-ba91-b446aebad798;411.98;0.34267;UNKNOWN
2016-03-10T01:07:01.000000;2016-03-10T01:07:01.000000;fcde6ee2-f5de-41a3-b55f-211bf4c5138a;411.97;0.0241;UNKNOWN
2016-03-10T01:07:31.000000;2016-03-10T01:07:31.000000;9b0bec01-159e-4be9-a56b-636ee2da5d59;411.95;0.01;UNKNOWN
2016-03-10T01:07:31.000000;2016-03-10T01:07:31.000000;174d389f-fec5-49b2-8419-9029fa22a45c;411.76;2.0;UNKNOWN
2016-03-10T01:07:31.000000;2016-03-10T01:07:31.000000;9fac9765-fe89-4ee2-99ce-77fdba14aef4;411.79;0.427;UNKNOWN
2016-03-10T01:07:31.000000;2016-03-10T01:07:31.000000;be6f889b-ca9b-4979-91ef-9db0cb0f3727;411.96;0.01;UNKNOWN
2016-03-10T01:07:31.000000;2016-03-10T01:07:31.000000;ff0ef122-2d0f-4890-90fc-1b7ec2b89e82;411.9;0.01;UNKNOWN
2016-03-10T01:07:31.000000;2016-03-10T01:07:31.000000;f476cbc8-ecf4-410d-bb20-1582d5e15cce;411.89;0.409;UNKNOWN
2016-03-10T01:07:31.000000;2016-03-10T01:07:31.000000;da776904-35e5-489d-8c61-ec7068e8785f;411.84;0.411;UNKNOWN
2016-03-10T01:07:31.000000;2016-03-10T01:07:31.000000;0f12896a-feb4-4b65-9ba8-f2c6418a7b6a;411.75;0.01;UNKNOWN
2016-03-10T01:07:31.000000;2016-03-10T01:07:31.000000;6df006f5-1b61-431d-a412-2024573d2055;411.91;0.16;UNKNOWN
2016-03-10T01:07:31.000000;2016-03-10T01:07:31.000000;4a78e57f-ee9f-498c-92f3-0ca863a91b9b;411.93;0.01;UNKNOWN
2016-03-10T01:07:31.000000;2016-03-10T01:07:31.000000;f2892970-26a2-42c0-9619-eb3c9488c3ae;411.92;0.01;UNKNOWN
2016-03-10T01:07:31.000000;2016-03-10T01:07:31.000000;b8f98148-5013-456b-b733-c26cbe245290;411.94;0.01;UNKNOWN
2016-03-10T01:07:31.000000;2016-03-10T01:07:31.000000;cba1bba1-b9bd-4969-bea4-cbea6021165f;411.71;6.91772;UNKNOWN
2016-03-10T01:07:31.000000;2016-03-10T01:07:31.000000;f82ca854-88be-45d1-8931-a28dcf900151;411.74;1.96;UNKNOWN
2016-03-10T01:07:31.000000;2016-03-10T01:07:31.000000;541bac99-9128-4aea-9519-70e079847968;411.97;4.68575;UNKNOWN
2016-03-10T01:07:31.000000;2016-03-10T01:07:31.000000;c5077bc3-f724-4730-b4e4-9d3b817fadd4;411.74;0.441;UNKNOWN
2016-03-10T01:07:31.000000;2016-03-10T01:07:31.000000;1ac792fc-efd5-449d-af47-7ee4b28bfd69;411.74;0.3102;UNKNOWN
2016-03-10T01:07:31.000000;2016-03-10T01:07:31.000000;e1aff9be-456a-4287-a090-773fb48076cf;411.73;2.24;UNKNOWN
2016-03-10T01:07:31.000000;2016-03-10T01:07:31.000000;2f9b2975-1be6-4acf-9f5e-966801f459ff;411.73;0.2;UNKNOWN
2016-03-10T01:07:31.000000;2016-03-10T01:07:31.000000;555d1d06-680e-4a5f-acb7-38094cce247b;411.73;0.29604;UNKNOWN
2016-03-10T01:07:31.000000;2016-03-10T01:07:31.000000;154e15be-7b6c-4f2f-934f-9cf03dd52adf;411.72;4.0;UNKNOWN
2016-03-10T01:07:36.000000;2016-03-10T01:07:36.000000;6111a443-2ed2-44a7-aad2-2e2d81c1f31f;411.75;0.09;UNKNOWN
2016-03-10T01:08:01.000000;2016-03-10T01:08:01.000000;ec81df1b-f04b-48cd-a4df-7e282f62fd1a;411.75;0.01339;UNKNOWN
2016-03-10T01:08:31.000000;2016-03-10T01:08:31.000000;096bfd40-d287-41c4-a386-5e201ade0fe8;411.74;0.01;UNKNOWN
2016-03-10T01:08:31.000000;2016-03-10T01:08:31.000000;618cd4a2-0ca5-49e6-a7ae-7036a44362a6;411.74;0.11893;UNKNOWN
2016-03-10T01:09:01.000000;2016-03-10T01:09:01.000000;dafbcdd2-42ed-41a8-b642-173c5077bad9;411.73;0.01;UNKNOWN
2016-03-10T01:09:01.000000;2016-03-10T01:09:01.000000;27cd56dc-a97f-490b-8999-f8554f98f6e8;411.71;0.94;UNKNOWN
2016-03-10T01:09:01.000000;2016-03-10T01:09:01.000000;e66ad9e3-f00f-4d0b-bf89-b8dad48ea640;411.72;0.01;UNKNOWN
2016-03-10T01:09:31.000000;2016-03-10T01:09:31.000000;1aca79df-e5f3-4bff-b74b-4d457a1930ec;411.71;6.04344;UNKNOWN
2016-03-10T01:10:01.000000;2016-03-10T01:10:01.000000;6e824121-2915-436c-8e5e-191d4a294e94;411.79;0.27251;UNKNOWN
2016-03-10T01:10:01.000000;2016-03-10T01:10:01.000000;339e5c5a-3ff4-4bf2-9a10-cbdfcb21debd;411.75;0.01;UNKNOWN
2016-03-10T01:10:01.000000;2016-03-10T01:10:01.000000;87cc5f16-dd60-472f-a9bb-8a4de6e62407;411.78;0.01;UNKNOWN
2016-03-10T01:10:01.000000;2016-03-10T01:10:01.000000;b2ec4d51-b352-4b75-8be1-76eb537a42a6;411.76;0.01;UNKNOWN
2016-03-10T01:10:01.000000;2016-03-10T01:10:01.000000;e43d1b68-5bc8-4bed-8229-7ba182011642;411.74;0.01;UNKNOWN
2016-03-10T01:10:01.000000;2016-03-10T01:10:01.000000;cf4e043c-593b-43ba-ada9-74d3a474296d;411.73;0.01;UNKNOWN
2016-03-10T01:10:01.000000;2016-03-10T01:10:01.000000;bf8a082f-ed9a-4e02-b918-5e90d002d91a;411.75;0.02;UNKNOWN
2016-03-10T01:10:01.000000;2016-03-10T01:10:01.000000;089ca2bb-6e6f-4a80-8c77-d2778070e33b;411.72;0.32;UNKNOWN
2016-03-10T01:10:01.000000;2016-03-10T01:10:01.000000;9ab6c4cf-cb3c-447e-82cc-2dd32624d29b;411.72;0.05;UNKNOWN
2016-03-10T01:10:33.000000;2016-03-10T01:10:33.000000;47449a09-6c66-4e9f-abfb-c5517d029721;411.76;0.20251;UNKNOWN
2016-03-10T01:11:01.000000;2016-03-10T01:11:01.000000;1557f44e-8088-4b2b-815e-1c9a42513829;411.76;0.05;UNKNOWN
2016-03-10T01:11:01.000000;2016-03-10T01:11:01.000000;ced5a8d4-03dc-4b2d-befd-5bc7c504ccdd;411.77;0.01;UNKNOWN
2016-03-10T01:11:01.000000;2016-03-10T01:11:01.000000;3b8bf5d2-a0cc-4f2e-b167-289d5570bd70;411.76;0.04749;UNKNOWN
2016-03-10T01:11:01.000000;2016-03-10T01:11:01.000000;112ab19c-94ad-448e-a725-128ff7f6fbcb;411.77;0.37341;UNKNOWN
2016-03-10T01:11:31.000000;2016-03-10T01:11:31.000000;6aac02ad-fb86-421f-a2e4-0c2860336b1e;411.76;0.25;UNKNOWN
2016-03-10T01:11:31.000000;2016-03-10T01:11:31.000000;b939e360-2253-49b5-aef0-e90f76515978;411.76;0.05;UNKNOWN
2016-03-10T01:11:31.000000;2016-03-10T01:11:31.000000;06f3b3b5-5c3e-44cf-82f6-b441b0f51a50;411.76;0.1;UNKNOWN
2016-03-10T01:11:31.000000;2016-03-10T01:11:31.000000;3b185865-4357-48f1-bbcb-bacfeef326a4;411.77;0.01;UNKNOWN
2016-03-10T01:11:31.000000;2016-03-10T01:11:31.000000;3967122f-e815-4885-8bbe-615d949c700d;411.81;0.47606;UNKNOWN
2016-03-10T01:11:31.000000;2016-03-10T01:11:31.000000;6d659471-a4ca-4a7c-a170-a78d9dcb7d6c;411.78;0.01;UNKNOWN
2016-03-10T01:12:02.000000;2016-03-10T01:12:02.000000;72e1227b-8967-4faa-8156-1011db8679a7;411.8;0.01;UNKNOWN
2016-03-10T01:12:02.000000;2016-03-10T01:12:02.000000;6a1967dd-e159-4e02-8651-3c79903f5670;411.79;0.01;UNKNOWN
2016-03-10T01:12:02.000000;2016-03-10T01:12:02.000000;cac619a4-3e9f-4480-aa92-7f7ba25af258;411.78;0.085;UNKNOWN
2016-03-10T01:12:02.000000;2016-03-10T01:12:02.000000;c5f8ed77-6045-4f5e-a8ce-e322eef2e2cc;411.78;0.05;UNKNOWN
2016-03-10T01:12:02.000000;2016-03-10T01:12:02.000000;e56653bd-8a2c-4d7b-8b44-b680d9e41465;411.81;0.01;UNKNOWN
2016-03-10T01:12:02.000000;2016-03-10T01:12:02.000000;24ca1c92-f346-46fe-b709-527748a93153;411.82;1.41416;UNKNOWN
2016-03-10T01:12:02.000000;2016-03-10T01:12:02.000000;a4e8244a-6e3d-4244-a119-4174b1f2369f;411.78;0.25;UNKNOWN
2016-03-10T01:12:31.000000;2016-03-10T01:12:31.000000;d5502ec3-6748-487f-ad0c-660b5045ae8e;411.79;0.09616;UNKNOWN
2016-03-10T01:12:31.000000;2016-03-10T01:12:31.000000;33a8c851-fc33-4a6e-b066-906c2db7108a;411.79;0.25;UNKNOWN
2016-03-10T01:13:01.000000;2016-03-10T01:13:01.000000;1f4e87e1-7bcb-4b9e-95d1-910035792949;411.8;0.01;UNKNOWN
2016-03-10T01:13:01.000000;2016-03-10T01:13:01.000000;b124aa6e-ce9e-4219-a9e4-33a9818ed753;411.8;0.01392;UNKNOWN
2016-03-10T01:13:31.000000;2016-03-10T01:13:31.000000;1c419457-442b-47e8-9217-4868b87ec869;411.79;0.01;UNKNOWN
2016-03-10T01:13:31.000000;2016-03-10T01:13:31.000000;e06c4bc4-4467-475f-a308-b565c4a7af1d;411.78;0.25;UNKNOWN
2016-03-10T01:13:31.000000;2016-03-10T01:13:31.000000;447f787d-4706-4b68-a957-a99cf83d8452;411.8;0.1219;UNKNOWN
2016-03-10T01:14:01.000000;2016-03-10T01:14:01.000000;cac04be6-69ab-4fb2-be6b-318b1b0c92c7;411.73;0.01;UNKNOWN
2016-03-10T01:14:01.000000;2016-03-10T01:14:01.000000;bcaa14c0-d285-4507-af55-e4c59686b470;411.72;0.328;UNKNOWN
2016-03-10T01:14:01.000000;2016-03-10T01:14:01.000000;057cde35-4bb2-4d89-9635-a3770213bdaa;411.71;1.57949;UNKNOWN
2016-03-10T01:14:32.000000;2016-03-10T01:14:32.000000;1007b276-75f7-4c4b-af5a-050b908f0d28;411.71;0.0218;UNKNOWN
2016-03-10T01:15:00.000000;2016-03-10T01:15:00.000000;58955c87-7f77-4e79-8917-ba85f6db09d8;411.71;0.2;UNKNOWN
2016-03-10T01:15:02.000000;2016-03-10T01:15:02.000000;8216c020-3bed-4439-8d8d-1f444e3085cb;411.71;0.2;UNKNOWN
2016-03-10T01:15:05.000000;2016-03-10T01:15:05.000000;341a41ef-57fc-4792-985c-91a6c8346a6d;411.71;0.2;UNKNOWN
2016-03-10T01:15:07.000000;2016-03-10T01:15:07.000000;35b01c7e-6011-43ed-9960-f80d1e049a19;411.71;0.2;UNKNOWN
2016-03-10T01:15:09.000000;2016-03-10T01:15:09.000000;8c77e36e-3dd1-4831-8a87-a6185587b91f;411.71;0.2;UNKNOWN
2016-03-10T01:15:11.000000;2016-03-10T01:15:11.000000;963c2434-d034-498a-8022-cd82f63b1bbb;411.72;0.2;UNKNOWN
2016-03-10T01:15:14.000000;2016-03-10T01:15:14.000000;8bc07482-21bd-4753-ab63-34b3697251e3;411.72;0.2;UNKNOWN
2016-03-10T01:15:16.000000;2016-03-10T01:15:16.000000;6d5f6516-f90e-4e66-9de1-9d3fd5c32d1c;411.72;0.2;UNKNOWN
2016-03-10T01:15:18.000000;2016-03-10T01:15:18.000000;f0bed7b4-01c8-4cd9-a5f7-5ea5184e59f9;411.72;0.2;UNKNOWN
2016-03-10T01:15:20.000000;2016-03-10T01:15:20.000000;c824ccd9-0ecb-4f38-819b-f98798241612;411.71;0.2;UNKNOWN
2016-03-10T01:15:23.000000;2016-03-10T01:15:23.000000;085ff80a-e157-4315-98a0-db9ff0ccfe4b;411.71;0.2;UNKNOWN
2016-03-10T01:15:25.000000;2016-03-10T01:15:25.000000;64eadce2-5cff-4ed6-b416-05ae0ddb0f4a;411.71;0.2;UNKNOWN
2016-03-10T01:15:27.000000;2016-03-10T01:15:27.000000;81954874-3b39-4cc2-affc-efe47ccef22c;411.72;0.2;UNKNOWN
2016-03-10T01:15:29.000000;2016-03-10T01:15:29.000000;4e9f5041-bc94-4020-8579-a923c9c573de;411.72;0.2;UNKNOWN
2016-03-10T01:15:31.000000;2016-03-10T01:15:31.000000;e093560b-8aa6-46e3-bde5-26370b8517e8;411.74;0.2;UNKNOWN
2016-03-10T01:15:34.000000;2016-03-10T01:15:34.000000;04da1d0f-bc2b-4be3-b4f8-944d0372dfaf;411.74;0.9999;UNKNOWN
2016-03-10T01:16:03.000000;2016-03-10T01:16:03.000000;243faa60-3c78-49aa-b878-085b0f49b577;411.88;0.29957;UNKNOWN
2016-03-10T01:16:03.000000;2016-03-10T01:16:03.000000;098dcf86-7fcb-4ca6-a0dd-a63239f8b62e;411.78;0.01;UNKNOWN
2016-03-10T01:16:03.000000;2016-03-10T01:16:03.000000;3159a328-706b-4ac1-b7eb-da1d44ef640e;411.77;0.25;UNKNOWN
2016-03-10T01:16:03.000000;2016-03-10T01:16:03.000000;77fbf839-c1bf-4345-b331-9b7dd8f9e576;411.85;0.01;UNKNOWN
2016-03-10T01:16:03.000000;2016-03-10T01:16:03.000000;1338f69e-6c75-41cd-a91f-f0d0a542bbf9;411.84;0.11;UNKNOWN
2016-03-10T01:16:03.000000;2016-03-10T01:16:03.000000;40f6a4d2-60a1-4452-95d5-350b6cce20d0;411.82;0.01;UNKNOWN
2016-03-10T01:16:03.000000;2016-03-10T01:16:03.000000;4bcd881f-a326-42d4-b645-b372e3ec67f3;411.79;0.19;UNKNOWN
2016-03-10T01:16:03.000000;2016-03-10T01:16:03.000000;c4324743-9e38-4a80-85c5-eca3086643ff;411.81;0.01;UNKNOWN
2016-03-10T01:16:31.000000;2016-03-10T01:16:31.000000;b203cbaf-c849-49ed-9a19-fd5556cb5f99;411.8;0.91872;UNKNOWN
2016-03-10T01:17:01.000000;2016-03-10T01:17:01.000000;98d5c50e-5a30-4da7-823b-660fddeb9173;411.74;0.086;UNKNOWN
2016-03-10T01:17:01.000000;2016-03-10T01:17:01.000000;26a98aa0-b3ec-4b4a-9996-aba05994e57c;411.73;0.01;UNKNOWN
2016-03-10T01:17:01.000000;2016-03-10T01:17:01.000000;c74f0608-218a-4eab-8090-5f2781a6f1d3;411.75;0.0115;UNKNOWN
2016-03-10T01:17:01.000000;2016-03-10T01:17:01.000000;93d99034-b723-4ea7-a4ea-3fb947005615;411.8;0.01;UNKNOWN
2016-03-10T01:17:01.000000;2016-03-10T01:17:01.000000;0b0399a6-67b8-479c-a52c-0e5ae1ec09bd;411.81;0.01;UNKNOWN
2016-03-10T01:17:01.000000;2016-03-10T01:17:01.000000;fecc527a-bb10-438f-8e52-f2aa26425902;411.73;1.46419;UNKNOWN
2016-03-10T01:17:01.000000;2016-03-10T01:17:01.000000;9b90c09a-b615-402e-8f86-cafbc9b393f8;411.82;0.01;UNKNOWN
2016-03-10T01:17:31.000000;2016-03-10T01:17:31.000000;6de1e42b-aa39-40a5-ad5e-bf1aece9eb13;411.74;0.25;UNKNOWN
2016-03-10T01:17:31.000000;2016-03-10T01:17:31.000000;ed0bb301-b583-4ffe-a021-6331c5593b1a;411.74;2.29808;UNKNOWN
2016-03-10T01:18:01.000000;2016-03-10T01:18:01.000000;ae603c6a-2402-4382-b7dc-67222f4d2af6;411.74;0.42;UNKNOWN
2016-03-10T01:18:01.000000;2016-03-10T01:18:01.000000;73a8a59a-7f05-4033-93a2-802dafedd065;411.75;0.01;UNKNOWN
2016-03-10T01:18:01.000000;2016-03-10T01:18:01.000000;76d51e12-613b-411d-bcc9-73850dd0978b;411.78;0.01;UNKNOWN
2016-03-10T01:18:01.000000;2016-03-10T01:18:01.000000;69f6477f-56b2-457b-9bd9-465f338505c4;411.77;0.01;UNKNOWN
2016-03-10T01:18:01.000000;2016-03-10T01:18:01.000000;63dd85e0-1e32-4957-9497-5e2fd0ef1b0f;411.76;0.01;UNKNOWN
2016-03-10T01:18:01.000000;2016-03-10T01:18:01.000000;c60130cd-1b96-458a-8bc6-6efcb6d130ce;411.84;6.80055;UNKNOWN
2016-03-10T01:18:31.000000;2016-03-10T01:18:31.000000;078ac8b0-f426-463a-a37c-76126d745552;412.17;0.072;UNKNOWN
2016-03-10T01:18:31.000000;2016-03-10T01:18:31.000000;667d69a0-2da4-47f3-bba1-ad6cca972d51;412.14;0.2;UNKNOWN
2016-03-10T01:18:31.000000;2016-03-10T01:18:31.000000;d5fb8704-1008-4835-b465-cfddaae92cf6;412.14;1.0;UNKNOWN
2016-03-10T01:18:31.000000;2016-03-10T01:18:31.000000;da02360c-9608-4c6f-aa2b-7313025db35d;412.18;0.05;UNKNOWN
2016-03-10T01:18:31.000000;2016-03-10T01:18:31.000000;e159fbc6-4f72-4cc2-b31d-3b25b2438f3f;412.12;0.116;UNKNOWN
2016-03-10T01:18:31.000000;2016-03-10T01:18:31.000000;722b2d70-b307-460c-bc2a-3d09aa0b8a20;412.23;0.41155972;UNKNOWN
2016-03-10T01:18:31.000000;2016-03-10T01:18:31.000000;3203022a-3849-4617-88a4-ddcc9040848f;412.19;0.01;UNKNOWN
2016-03-10T01:18:31.000000;2016-03-10T01:18:31.000000;3d256100-5ff9-4edd-b448-31dc9a3f09cd;411.89;0.01;UNKNOWN
2016-03-10T01:18:31.000000;2016-03-10T01:18:31.000000;b9fe14c9-69e7-4576-a690-30cb3dee524b;412.05;0.129;UNKNOWN
2016-03-10T01:18:31.000000;2016-03-10T01:18:31.000000;e7484073-474e-43c0-b570-0ad8b32e62b1;411.91;0.25;UNKNOWN
2016-03-10T01:18:31.000000;2016-03-10T01:18:31.000000;8a43a6df-97ed-4aac-999d-b7fbd8941f12;412.0;0.01;UNKNOWN
2016-03-10T01:18:31.000000;2016-03-10T01:18:31.000000;0bdbdfed-6c52-4c24-a884-25d1becc918a;411.98;0.01;UNKNOWN
2016-03-10T01:18:31.000000;2016-03-10T01:18:31.000000;ca6d3271-a4b0-4c23-8434-65322d51fe48;411.91;0.01;UNKNOWN
2016-03-10T01:18:31.000000;2016-03-10T01:18:31.000000;95ebd408-c4af-4479-bf9b-b24d15529b7d;411.91;0.01;UNKNOWN
2016-03-10T01:18:31.000000;2016-03-10T01:18:31.000000;35228653-0c83-4058-bc5b-7885c7c073db;411.9;0.01;UNKNOWN
2016-03-10T01:18:31.000000;2016-03-10T01:18:31.000000;f4de5147-0d9d-49f6-bef3-fec6c01156ce;412.03;0.89593028;UNKNOWN
2016-03-10T01:18:31.000000;2016-03-10T01:18:31.000000;171a8354-f8b9-4859-9c57-de1f421da8a4;411.92;0.01;UNKNOWN
2016-03-10T01:18:31.000000;2016-03-10T01:18:31.000000;cb753909-24f5-4be6-8e67-54faadfbe8f9;411.95;0.119;UNKNOWN
2016-03-10T01:18:31.000000;2016-03-10T01:18:31.000000;d3df357f-16a6-4bcb-ae2d-d2075d2dc7cf;411.94;0.01;UNKNOWN
2016-03-10T01:18:31.000000;2016-03-10T01:18:31.000000;528d16eb-adbf-444d-b9d5-e854effcba42;411.93;0.01;UNKNOWN
2016-03-10T01:18:31.000000;2016-03-10T01:18:31.000000;e31ed44d-e898-4c6d-8c44-41242e24d75d;412.0;0.105;UNKNOWN
2016-03-10T01:19:01.000000;2016-03-10T01:19:01.000000;2335995f-1aa9-4b5c-b016-0ae0d351f333;412.12;0.01336;UNKNOWN
2016-03-10T01:19:31.000000;2016-03-10T01:19:31.000000;f370d63c-a453-4d83-9657-1744e08ca6e0;412.11;0.01;UNKNOWN
2016-03-10T01:19:31.000000;2016-03-10T01:19:31.000000;7f3f5b3b-feea-4436-908d-5e8e093ec4ef;412.1;0.01;UNKNOWN
2016-03-10T01:19:31.000000;2016-03-10T01:19:31.000000;452c3608-1e4e-4632-9e68-208fc2894c71;412.07;1.96;UNKNOWN
2016-03-10T01:19:31.000000;2016-03-10T01:19:31.000000;ebf3ac34-2cee-421e-bcb1-c3f5170a01de;412.07;0.916;UNKNOWN
2016-03-10T01:20:01.000000;2016-03-10T01:20:01.000000;9983b756-172f-41f9-8916-cdce555f2ab9;412.27;0.01;UNKNOWN
2016-03-10T01:20:01.000000;2016-03-10T01:20:01.000000;05037144-b2f8-4761-81c8-ea3fb7338758;412.25;0.1;UNKNOWN
2016-03-10T01:20:01.000000;2016-03-10T01:20:01.000000;8a4e38b5-f507-4cd4-ba11-17f400aad120;412.25;0.3102;UNKNOWN
2016-03-10T01:20:01.000000;2016-03-10T01:20:01.000000;c4ca6118-91a3-42ef-b53b-ad9684285490;412.28;0.01;UNKNOWN
2016-03-10T01:20:01.000000;2016-03-10T01:20:01.000000;68997796-f1bc-4d04-b5dc-5659f154767f;412.26;0.01;UNKNOWN
2016-03-10T01:20:01.000000;2016-03-10T01:20:01.000000;8e9ea5af-5ace-47ec-9984-1fab0024dc7d;412.29;0.01;UNKNOWN
2016-03-10T01:20:01.000000;2016-03-10T01:20:01.000000;4b74cfd1-2186-40d0-b8ce-901c8de1811e;412.29;0.01;UNKNOWN
2016-03-10T01:20:01.000000;2016-03-10T01:20:01.000000;f2d736da-5440-4b67-8f24-bf56b3ddb636;412.3;0.081;UNKNOWN
2016-03-10T01:20:01.000000;2016-03-10T01:20:01.000000;796351c9-923f-4793-8b1c-fe79b915f9e9;412.32;0.54033;UNKNOWN
2016-03-10T01:20:01.000000;2016-03-10T01:20:01.000000;b1fa4a78-2c3b-48c8-888b-8d61282f7903;412.31;0.01;UNKNOWN
2016-03-10T01:20:08.000000;2016-03-10T01:20:08.000000;ec9ccf8f-ffe2-4b36-baa3-75832f73526f;412.32;0.015;UNKNOWN
2016-03-10T01:20:08.000000;2016-03-10T01:20:08.000000;32bfcbf0-eb52-469b-aa9a-4b5e6feea32f;412.32;0.155;UNKNOWN
2016-03-10T01:20:08.000000;2016-03-10T01:20:08.000000;1f3c5237-6181-4a18-b85a-b52c429e2dcc;412.33;1.68;UNKNOWN
2016-03-10T01:20:08.000000;2016-03-10T01:20:08.000000;98b3cb07-3067-4d8a-925f-9f074a2ac310;412.32;0.235;UNKNOWN
2016-03-10T01:20:08.000000;2016-03-10T01:20:08.000000;48e61e4f-5339-4328-93e6-5474e4d66f88;412.35;3.075;UNKNOWN
2016-03-10T01:20:08.000000;2016-03-10T01:20:08.000000;a7da2ae2-8cee-4612-a21b-6672a65ac4e1;412.34;0.01;UNKNOWN
2016-03-10T01:21:31.000000;2016-03-10T01:21:31.000000;74dee291-48b6-4963-a435-c846857b3e8e;412.43;0.08025578;UNKNOWN
2016-03-10T01:21:31.000000;2016-03-10T01:21:31.000000;3331a06c-a4bf-4f40-8626-72c04061c900;412.38;0.01;UNKNOWN
2016-03-10T01:21:31.000000;2016-03-10T01:21:31.000000;058c48a2-d3ae-4038-9de2-99f4c1e5e9a7;412.43;0.3508;UNKNOWN
2016-03-10T01:21:31.000000;2016-03-10T01:21:31.000000;44bf4008-e60a-49cb-885e-2c0af4cbde61;412.43;0.01;UNKNOWN
2016-03-10T01:21:31.000000;2016-03-10T01:21:31.000000;d0c72bf5-727d-4701-a0b7-0739becfa24e;412.43;0.45288856;UNKNOWN
2016-03-10T01:21:31.000000;2016-03-10T01:21:31.000000;4a2c941b-2792-4f46-addc-99b118bf30d2;412.41;0.459;UNKNOWN
2016-03-10T01:21:31.000000;2016-03-10T01:21:31.000000;23fe3d3d-8996-421b-af6c-eb19b3520bc1;412.37;0.05078855;UNKNOWN
2016-03-10T01:21:31.000000;2016-03-10T01:21:31.000000;d2f7de41-7818-4819-a493-2e5521a7d70d;412.36;0.45288856;UNKNOWN
2016-03-10T01:21:31.000000;2016-03-10T01:21:31.000000;cdcf5028-4b8b-47c4-ba32-3de86c4db878;412.37;0.05078855;UNKNOWN
2016-03-10T01:22:01.000000;2016-03-10T01:22:01.000000;4a430739-0623-478e-8132-0b7dfa8fe00c;412.59;0.01;UNKNOWN
2016-03-10T01:22:01.000000;2016-03-10T01:22:01.000000;c4d99d2d-9a8e-4e9a-b1dd-25d344d80fa6;412.57;0.01;UNKNOWN
2016-03-10T01:22:01.000000;2016-03-10T01:22:01.000000;1a160dea-edb2-405c-87ec-cbd877ecaefb;412.53;0.093;UNKNOWN
2016-03-10T01:22:01.000000;2016-03-10T01:22:01.000000;a76f5282-b67a-4bd4-b2bf-fbef1580fd8f;412.6;0.75514;UNKNOWN
2016-03-10T01:22:01.000000;2016-03-10T01:22:01.000000;485949f5-18ab-4023-aa84-700b1611197e;412.5;0.01;UNKNOWN
2016-03-10T01:22:01.000000;2016-03-10T01:22:01.000000;2441edcc-ecf9-4c3e-8ff2-7b57f8501736;412.46;0.01;UNKNOWN
2016-03-10T01:22:01.000000;2016-03-10T01:22:01.000000;1786ec06-3471-4b43-b1a2-8d3fee9f3fbc;412.44;0.072;UNKNOWN
2016-03-10T01:22:01.000000;2016-03-10T01:22:01.000000;5a990e30-ce6f-43fa-af7e-fcfd0c5f80a7;412.49;0.077;UNKNOWN
2016-03-10T01:22:01.000000;2016-03-10T01:22:01.000000;6a40dde3-6979-4f8d-bb9d-8f656d41602e;412.44;0.01;UNKNOWN
2016-03-10T01:23:01.000000;2016-03-10T01:23:01.000000;d352187d-a35f-45ee-b364-5fe06945ac41;412.67;0.068648;UNKNOWN
2016-03-10T01:23:01.000000;2016-03-10T01:23:01.000000;8d7efd7b-e280-4813-90ed-e5f165c9c77f;412.65;0.083262;UNKNOWN
2016-03-10T01:23:31.000000;2016-03-10T01:23:31.000000;d0a0e4b1-005a-4d69-8c82-be6185dd2e62;412.69;0.127;UNKNOWN
2016-03-10T01:23:31.000000;2016-03-10T01:23:31.000000;98b71e70-73d6-4c63-94f2-274c2178e744;412.69;0.01;UNKNOWN
2016-03-10T01:23:31.000000;2016-03-10T01:23:31.000000;1c902252-9f10-4373-b338-704b27e3412f;412.71;0.2143;UNKNOWN
2016-03-10T01:23:31.000000;2016-03-10T01:23:31.000000;957073c3-0144-42a9-8943-2280aa8dedb0;412.7;0.01;UNKNOWN
2016-03-10T01:24:01.000000;2016-03-10T01:24:01.000000;323172ea-82de-460c-a238-e58227024cb2;412.65;3.39764;UNKNOWN
2016-03-10T01:24:01.000000;2016-03-10T01:24:01.000000;654139b4-3335-4485-a089-8528bceac32f;412.64;0.4;UNKNOWN
2016-03-10T01:24:36.000000;2016-03-10T01:24:36.000000;19ea6a39-9323-4255-963b-34cd8124491f;412.69;0.48296;UNKNOWN
2016-03-10T01:25:31.000000;2016-03-10T01:25:31.000000;6305be09-3318-42e4-82be-8f5d62224d89;412.65;0.23303;UNKNOWN
2016-03-10T01:26:01.000000;2016-03-10T01:26:01.000000;ac711ffc-b428-4141-b88d-55fecbf2b930;412.65;0.03599;UNKNOWN
2016-03-10T01:26:07.000000;2016-03-10T01:26:07.000000;63c0ec9e-01b8-437a-ac67-f55e392defe4;412.53;0.23;UNKNOWN
2016-03-10T01:26:07.000000;2016-03-10T01:26:07.000000;3c527f40-f3cd-406d-8e2f-dbe86d3c7609;412.51;0.01;UNKNOWN
2016-03-10T01:26:07.000000;2016-03-10T01:26:07.000000;046426ad-504c-4de6-b228-6fd7e7e30e64;412.5;0.037;UNKNOWN
2016-03-10T01:26:31.000000;2016-03-10T01:26:31.000000;27092aaa-2f34-4799-835b-3d2ee5a977fc;412.65;0.095;UNKNOWN
2016-03-10T01:26:31.000000;2016-03-10T01:26:31.000000;0101c921-e097-4789-9d6a-a83e46235c70;412.63;0.22;UNKNOWN
2016-03-10T01:26:31.000000;2016-03-10T01:26:31.000000;cc9afb2e-a4fa-4457-b32f-f9e778c52965;412.69;1.15488;UNKNOWN
2016-03-10T01:26:31.000000;2016-03-10T01:26:31.000000;29bbc393-9693-4ba3-8075-a3b72014717a;412.66;0.01;UNKNOWN
2016-03-10T01:27:04.000000;2016-03-10T01:27:04.000000;61b07b65-b108-4611-8eec-16a358e767bb;412.78;0.06602512;UNKNOWN
2016-03-10T01:27:04.000000;2016-03-10T01:27:04.000000;fbddbfdf-0d13-4002-b6d7-c32ae29ebc04;412.78;0.18590415;UNKNOWN
2016-03-10T01:27:04.000000;2016-03-10T01:27:04.000000;bbe7085a-f11b-4a0a-a888-e08d2b4b46f8;412.78;0.04299806;UNKNOWN
2016-03-10T01:27:04.000000;2016-03-10T01:27:04.000000;0ca8714a-e39b-49c4-baaf-62ad0ef91aa0;412.78;0.08292483;UNKNOWN
2016-03-10T01:27:04.000000;2016-03-10T01:27:04.000000;6195acbb-5859-4558-b60f-624bc7534df1;412.78;0.1228516;UNKNOWN
2016-03-10T01:27:04.000000;2016-03-10T01:27:04.000000;9ebba36d-3172-4021-88a3-4b30f2436510;412.76;0.01;UNKNOWN
2016-03-10T01:27:04.000000;2016-03-10T01:27:04.000000;ff0ea35e-5af1-45f9-ad81-570d5314b82a;412.78;0.1228516;UNKNOWN
2016-03-10T01:27:04.000000;2016-03-10T01:27:04.000000;653dbb46-0450-48e8-ae89-c59044eb9815;412.77;0.05281884;UNKNOWN
2016-03-10T01:27:04.000000;2016-03-10T01:27:04.000000;0c2772f4-d010-4650-9cf3-3a6344983e30;412.78;0.58875512;UNKNOWN
2016-03-10T01:27:04.000000;2016-03-10T01:27:04.000000;499a1df6-9655-4050-970c-e0437d87bf8e;412.78;0.02;UNKNOWN
2016-03-10T01:27:04.000000;2016-03-10T01:27:04.000000;0cd59750-7e5d-4dc3-9d64-8d70621eab48;412.77;0.02806068;UNKNOWN
2016-03-10T01:27:31.000000;2016-03-10T01:27:31.000000;8fb112ab-e448-4a7c-abaf-623e2146b5bd;412.67;0.26;UNKNOWN
2016-03-10T01:27:31.000000;2016-03-10T01:27:31.000000;b1f693cc-cd23-4e1e-b40d-96c2695d08a5;412.65;1.4;UNKNOWN
2016-03-10T01:27:31.000000;2016-03-10T01:27:31.000000;2a1d1c74-cb3a-42ee-955e-aa60687ccbf0;412.64;1.23805;UNKNOWN
2016-03-10T01:27:31.000000;2016-03-10T01:27:31.000000;e601eafe-f5e9-4486-98b7-cb24fb50bd34;412.64;0.01;UNKNOWN
2016-03-10T01:27:31.000000;2016-03-10T01:27:31.000000;d504f2e4-0686-4e3a-ab47-947cf439e28a;412.67;0.02;UNKNOWN
2016-03-10T01:28:01.000000;2016-03-10T01:28:01.000000;ba891a9c-f769-4269-b964-d0548ff601f0;412.73;0.28;UNKNOWN
2016-03-10T01:28:01.000000;2016-03-10T01:28:01.000000;26280bdd-fa9a-4817-be24-b22f790d8f7c;412.74;0.01;UNKNOWN
2016-03-10T01:28:01.000000;2016-03-10T01:28:01.000000;ab951001-580a-4b0a-8768-97717b597668;412.77;0.89909;UNKNOWN
2016-03-10T01:29:01.000000;2016-03-10T01:29:01.000000;bd32e870-0ae7-40de-a386-4ae92f4eec67;412.69;1.86817;UNKNOWN
2016-03-10T01:29:01.000000;2016-03-10T01:29:01.000000;d8af001f-fc6f-4198-9b27-44f0a103319b;412.69;0.449;UNKNOWN
2016-03-10T01:29:32.000000;2016-03-10T01:29:32.000000;847dc898-8957-4fec-8ff2-4f6af3590dd2;412.78;0.037;UNKNOWN
2016-03-10T01:29:32.000000;2016-03-10T01:29:32.000000;86a4ae81-46fa-47f2-a3fe-db286381a094;412.82;0.08271;UNKNOWN
2016-03-10T01:29:32.000000;2016-03-10T01:29:32.000000;2522fac5-a992-45da-a26a-7e362d20245e;412.8;0.105;UNKNOWN
2016-03-10T01:29:32.000000;2016-03-10T01:29:32.000000;97bf0cd8-aa53-4c20-9f24-06c7d8a6825e;412.79;0.2;UNKNOWN
2016-03-10T01:29:32.000000;2016-03-10T01:29:32.000000;7a3fb425-2153-47ec-99da-2d6504b04c14;412.79;0.01;UNKNOWN
2016-03-10T01:30:02.000000;2016-03-10T01:30:02.000000;f5bda4fe-2126-4847-ac9f-ce228c01dac5;412.82;0.91729;UNKNOWN
2016-03-10T01:30:02.000000;2016-03-10T01:30:02.000000;f4f7b00e-cd3d-449c-b8c8-0484bcbe9fa4;412.82;0.41632;UNKNOWN
2016-03-10T01:30:25.000000;2016-03-10T01:30:25.000000;0796e1c1-9aea-4b77-afcf-efd8479caa1b;412.82;0.06;UNKNOWN
2016-03-10T01:30:42.000000;2016-03-10T01:30:42.000000;2144c348-4c75-4d6d-a8bf-47f3edc2c3e4;412.84;0.27;UNKNOWN
2016-03-10T01:31:31.000000;2016-03-10T01:31:31.000000;604c233f-3f9b-492b-8bab-e85987f8621e;412.7;0.20432;UNKNOWN
2016-03-10T01:31:31.000000;2016-03-10T01:31:31.000000;43200814-a057-4d51-9b39-1d7ef1727a10;412.7;0.01;UNKNOWN
2016-03-10T01:31:31.000000;2016-03-10T01:31:31.000000;59abce78-7629-4e6e-9864-f893369bc865;412.71;0.01;UNKNOWN
2016-03-10T01:31:31.000000;2016-03-10T01:31:31.000000;9805f9f1-e97f-4136-bdee-82bb752925b6;412.73;0.01;UNKNOWN
2016-03-10T01:31:31.000000;2016-03-10T01:31:31.000000;a6c4bf9b-99de-4786-9e0e-9eea86612c47;412.72;0.01;UNKNOWN
2016-03-10T01:31:31.000000;2016-03-10T01:31:31.000000;1a2c9e92-a9ac-4d9e-b6fb-225a2a33a961;412.74;0.01;UNKNOWN
2016-03-10T01:31:31.000000;2016-03-10T01:31:31.000000;17c70841-40ca-436f-8612-bbdc841f6f47;412.75;0.0115;UNKNOWN
2016-03-10T01:32:01.000000;2016-03-10T01:32:01.000000;18b7d0c3-46bc-4123-8300-6351b14593be;412.81;0.01;UNKNOWN
2016-03-10T01:32:01.000000;2016-03-10T01:32:01.000000;830260d9-3f61-44f6-b0a0-7b5b59972a33;412.81;0.85508;UNKNOWN
2016-03-10T01:32:35.000000;2016-03-10T01:32:35.000000;f2fa165f-b0c6-4f71-a681-88cab8034ed5;412.71;0.04698;UNKNOWN
2016-03-10T01:33:02.000000;2016-03-10T01:33:02.000000;a772a694-13aa-4e5d-a026-858b1db01fc2;412.7;0.6899;UNKNOWN
2016-03-10T01:33:31.000000;2016-03-10T01:33:31.000000;9bb6e409-7973-4ff0-a116-b0e060ccf421;412.71;0.01841;UNKNOWN
2016-03-10T01:34:01.000000;2016-03-10T01:34:01.000000;257db164-fc7d-4c1c-b80f-852d1ac52522;412.71;0.01837;UNKNOWN
2016-03-10T01:34:31.000000;2016-03-10T01:34:31.000000;02bfe1db-7eec-4f5d-af7a-96b18f9e7700;412.7;1.95163;UNKNOWN
2016-03-10T01:35:01.000000;2016-03-10T01:35:01.000000;5cf06335-f33e-47a3-bb3a-b90eaef78c62;412.71;0.21922;UNKNOWN
2016-03-10T01:35:01.000000;2016-03-10T01:35:01.000000;0420be2a-255f-4ab0-8cb0-485ee4c08c50;412.71;0.255;UNKNOWN
2016-03-10T01:35:01.000000;2016-03-10T01:35:01.000000;475f2de1-7d47-4157-9d03-2f8ba40badfe;412.71;0.2297;UNKNOWN
2016-03-10T01:35:01.000000;2016-03-10T01:35:01.000000;02e30e91-adf0-4be0-9402-1a983a91668b;412.71;0.257;UNKNOWN
2016-03-10T01:35:01.000000;2016-03-10T01:35:01.000000;2613ab8d-3dc6-4d44-bc4a-04479c0a5dca;412.71;0.257;UNKNOWN
2016-03-10T01:35:01.000000;2016-03-10T01:35:01.000000;c68a373b-2535-4ec7-bec0-6a48c86b1d51;412.71;0.256;UNKNOWN
2016-03-10T01:35:01.000000;2016-03-10T01:35:01.000000;b1d8ea38-1e1b-4725-857b-e0a30b4b4a9a;412.71;0.399;UNKNOWN
2016-03-10T01:35:01.000000;2016-03-10T01:35:01.000000;008b054f-ddfe-48db-ad57-cfab11de036e;412.71;0.255;UNKNOWN
2016-03-10T01:35:01.000000;2016-03-10T01:35:01.000000;78d652fd-e913-4547-b481-e6169a06986d;412.71;0.255;UNKNOWN
2016-03-10T01:35:01.000000;2016-03-10T01:35:01.000000;d03d754d-3b43-4d1a-a8e7-b23d19b42d48;412.71;0.255;UNKNOWN
2016-03-10T01:35:01.000000;2016-03-10T01:35:01.000000;dc5f72bb-3f0d-49ea-8324-8b4316c75e95;412.71;0.254;UNKNOWN
2016-03-10T01:35:01.000000;2016-03-10T01:35:01.000000;892c84d2-f4c1-4bd9-9f9c-589e7d0746b7;412.71;0.257;UNKNOWN
2016-03-10T01:35:01.000000;2016-03-10T01:35:01.000000;6d9e0401-b29d-4ad7-94f6-c4f6b7e76806;412.71;0.258;UNKNOWN
2016-03-10T01:35:01.000000;2016-03-10T01:35:01.000000;b33614cb-2f89-4f73-b314-48e3ce43f7b7;412.71;0.254;UNKNOWN
2016-03-10T01:35:41.000000;2016-03-10T01:35:41.000000;c37e6974-1971-4eb9-b704-87ed8b96cd3d;412.71;0.255;UNKNOWN
2016-03-10T01:35:41.000000;2016-03-10T01:35:41.000000;d58dbef2-135c-4f61-b63f-02cf3c043330;412.71;0.0263;UNKNOWN
2016-03-10T01:35:41.000000;2016-03-10T01:35:41.000000;dc43c8a1-d20d-4a1e-a269-375f4797e041;412.71;0.254;UNKNOWN
2016-03-10T01:35:41.000000;2016-03-10T01:35:41.000000;3f0005fe-a051-4640-83b2-21f399921fe1;412.71;0.258;UNKNOWN
2016-03-10T01:35:41.000000;2016-03-10T01:35:41.000000;f4c63254-bd06-4112-9300-8857c0305c42;412.71;0.16631;UNKNOWN
2016-03-10T01:36:01.000000;2016-03-10T01:36:01.000000;1307930b-fda3-4e05-97c5-94b291d016bc;412.7;0.13213;UNKNOWN
2016-03-10T01:37:02.000000;2016-03-10T01:37:02.000000;cccb4310-3454-4093-a2d8-0a137deca11a;412.75;0.20988;UNKNOWN
2016-03-10T01:37:02.000000;2016-03-10T01:37:02.000000;f49079de-c5a0-4c5a-94d5-d568467929cc;412.75;0.01;UNKNOWN
2016-03-10T01:37:02.000000;2016-03-10T01:37:02.000000;ec9a9453-96a5-4470-b1f5-09547271fd03;412.73;0.01;UNKNOWN
2016-03-10T01:37:02.000000;2016-03-10T01:37:02.000000;c71cbbc4-df98-405a-801c-dadc7abae542;412.72;0.01;UNKNOWN
2016-03-10T01:37:31.000000;2016-03-10T01:37:31.000000;4ceb3c99-14ca-4298-afa3-a16216b1b418;412.71;0.71722;UNKNOWN
2016-03-10T01:37:58.000000;2016-03-10T01:37:58.000000;67fbd348-3ed0-42a6-bee9-634beaafc931;412.7;17.02202;UNKNOWN
2016-03-10T01:38:01.000000;2016-03-10T01:38:01.000000;4e1a6cb1-108e-40a1-81b3-516f859c178d;412.49;0.433;UNKNOWN
2016-03-10T01:38:01.000000;2016-03-10T01:38:01.000000;9fb47be7-c39e-4693-a5a4-262efc2cf4ee;412.51;7.23639;UNKNOWN
2016-03-10T01:38:01.000000;2016-03-10T01:38:01.000000;8b3d869a-c5e8-4bd1-bbc9-f89ae06859b6;412.52;0.01;UNKNOWN
2016-03-10T01:38:01.000000;2016-03-10T01:38:01.000000;666bc61f-3fdc-48e1-90f6-451693937f05;412.56;0.111;UNKNOWN
2016-03-10T01:38:01.000000;2016-03-10T01:38:01.000000;84f04d1e-ee59-4aa0-9982-83e4c676421b;412.21;5.32;UNKNOWN
2016-03-10T01:38:01.000000;2016-03-10T01:38:01.000000;dfd49a29-0dfd-4b7b-ab17-d89505851338;412.24;0.02;UNKNOWN
2016-03-10T01:38:01.000000;2016-03-10T01:38:01.000000;71371409-fe22-4cc3-854a-622a6a4a1869;412.36;0.01;UNKNOWN
2016-03-10T01:38:01.000000;2016-03-10T01:38:01.000000;459a5e0f-7dfb-409a-8b5a-ba5772786694;412.66;0.01;UNKNOWN
2016-03-10T01:38:01.000000;2016-03-10T01:38:01.000000;88001fc9-ebf5-48aa-8aa1-748d5a409c02;412.46;0.2;UNKNOWN
2016-03-10T01:38:01.000000;2016-03-10T01:38:01.000000;e865457c-9ff6-4caa-a184-0dde1023f3d3;412.09;11.61;UNKNOWN
2016-03-10T01:38:01.000000;2016-03-10T01:38:01.000000;a8ffce67-becd-4750-bdb7-db89db884ac8;412.13;0.01;UNKNOWN
2016-03-10T01:38:01.000000;2016-03-10T01:38:01.000000;28834e35-06f3-4e9c-a3df-29f357a2a4ef;412.64;0.01;UNKNOWN
2016-03-10T01:38:01.000000;2016-03-10T01:38:01.000000;ef2a0511-a4f7-4648-be21-1002a8c26d80;412.24;0.403;UNKNOWN
2016-03-10T01:38:01.000000;2016-03-10T01:38:01.000000;11256024-a338-4b8c-989a-ff0d3b4affff;412.15;0.02726738;UNKNOWN
2016-03-10T01:38:01.000000;2016-03-10T01:38:01.000000;d978a1b7-bb19-416d-9372-5a5497f14cb3;412.25;8.12;UNKNOWN
2016-03-10T01:38:01.000000;2016-03-10T01:38:01.000000;3ef018e8-1b95-4422-b154-185224c6d3c6;412.15;0.01154939;UNKNOWN
2016-03-10T01:38:01.000000;2016-03-10T01:38:01.000000;c7eac577-d3e4-4ab9-a9da-766ae34bbf69;412.08;0.0694456;UNKNOWN
2016-03-10T01:38:01.000000;2016-03-10T01:38:01.000000;da95ffa1-848c-4f3f-a23a-e2d9483126b3;412.29;0.411;UNKNOWN
2016-03-10T01:38:01.000000;2016-03-10T01:38:01.000000;30bc4bf2-60a1-49d0-830d-5a68640a44f8;412.3;5.32;UNKNOWN
2016-03-10T01:38:01.000000;2016-03-10T01:38:01.000000;6a14f702-3df9-4a57-b79b-eeed35c42089;412.06;0.81218025;UNKNOWN
2016-03-10T01:38:01.000000;2016-03-10T01:38:01.000000;449c9def-1eec-4024-ac58-acb51bea0b07;412.65;0.01;UNKNOWN
2016-03-10T01:38:01.000000;2016-03-10T01:38:01.000000;60c54aef-27ca-4c8a-8ad4-cc0330b2c29f;412.15;0.02726738;UNKNOWN
2016-03-10T01:38:01.000000;2016-03-10T01:38:01.000000;9dbc43bf-e837-472d-b5cf-14092a533b68;412.2;0.01;UNKNOWN
2016-03-10T01:38:01.000000;2016-03-10T01:38:01.000000;0ae6018b-6ea8-4322-8afe-3c802ef35e7f;412.69;0.01;UNKNOWN
2016-03-10T01:38:01.000000;2016-03-10T01:38:01.000000;5d9f5b3a-d38e-44b7-91d7-cffe6b9c6ec3;412.21;4.0;UNKNOWN
2016-03-10T01:38:01.000000;2016-03-10T01:38:01.000000;0299e0b5-183b-4a09-b582-ef2f05a29ac4;412.16;0.3509;UNKNOWN
2016-03-10T01:38:01.000000;2016-03-10T01:38:01.000000;9877652b-79fc-4dd0-8076-58f9ae3ed9e1;412.34;0.416;UNKNOWN
2016-03-10T01:38:01.000000;2016-03-10T01:38:01.000000;3aeff9f9-703b-4da5-ab04-4ba00b170689;412.19;0.56;UNKNOWN
2016-03-10T01:38:01.000000;2016-03-10T01:38:01.000000;236f7965-bc3c-408f-bcaa-b17d7c506816;412.39;0.45;UNKNOWN
2016-03-10T01:38:01.000000;2016-03-10T01:38:01.000000;f7d5657c-c244-4cd6-9126-5f97fde300f0;412.67;0.01;UNKNOWN
2016-03-10T01:38:01.000000;2016-03-10T01:38:01.000000;bd737174-a6ba-49c3-b461-2efebc5b963e;412.68;0.01;UNKNOWN
2016-03-10T01:38:01.000000;2016-03-10T01:38:01.000000;df4e2104-6136-462e-b963-a299ddb25ce9;412.19;0.403;UNKNOWN
2016-03-10T01:38:01.000000;2016-03-10T01:38:01.000000;b3109d9f-48d3-414d-9871-3b37a2be3633;412.2;0.01;UNKNOWN
2016-03-10T01:38:01.000000;2016-03-10T01:38:01.000000;e4d9f7f5-7ff3-4928-b25f-ffe63e4f7b7a;412.46;0.35;UNKNOWN
2016-03-10T01:38:01.000000;2016-03-10T01:38:01.000000;4d20b4ea-bd41-4258-9f0e-91e581017cbe;412.2;2.8;UNKNOWN
2016-03-10T01:38:01.000000;2016-03-10T01:38:01.000000;33a18ce2-4ce4-4a15-9779-cbba14926847;412.62;0.01;UNKNOWN
2016-03-10T01:38:01.000000;2016-03-10T01:38:01.000000;cae884c2-b7fd-4f39-9c8b-aeceefdb35f5;412.61;0.01;UNKNOWN
2016-03-10T01:38:01.000000;2016-03-10T01:38:01.000000;d4ca50ef-7589-419d-9bac-91d064d73feb;412.44;0.398;UNKNOWN
2016-03-10T01:38:01.000000;2016-03-10T01:38:01.000000;90635162-b666-441a-9882-7b22d555e33d;412.63;0.01;UNKNOWN
2016-03-10T01:38:30.000000;2016-03-10T01:38:30.000000;6a69c27c-9394-4149-b39d-99ef21ac304d;412.44;0.20677804;UNKNOWN
2016-03-10T01:38:30.000000;2016-03-10T01:38:30.000000;6d5da125-10f6-40c2-b877-9ed7cd5d336b;412.44;0.05052196;UNKNOWN
2016-03-10T01:38:30.000000;2016-03-10T01:38:30.000000;9d1bb704-1f70-43d9-b73a-72b3256c6577;412.44;0.255;UNKNOWN
2016-03-10T01:38:30.000000;2016-03-10T01:38:30.000000;f39ea747-ee7b-48e1-bca5-cb9302b882e4;412.44;0.48;UNKNOWN
2016-03-10T01:38:30.000000;2016-03-10T01:38:30.000000;49d625db-1e98-4418-a173-0a3276729da4;412.44;4.348;UNKNOWN
2016-03-10T01:38:30.000000;2016-03-10T01:38:30.000000;2170848d-a5b8-4a9a-8206-933f703a13d7;412.44;0.255;UNKNOWN
2016-03-10T01:38:31.000000;2016-03-10T01:38:31.000000;7a299a7b-c281-4475-b109-8d2fd169206b;412.25;0.076;UNKNOWN
2016-03-10T01:38:31.000000;2016-03-10T01:38:31.000000;a8191e9e-5ab5-4540-9287-1fd2bdc2a882;412.29;0.38;UNKNOWN
2016-03-10T01:38:31.000000;2016-03-10T01:38:31.000000;ef0df5d9-d947-44a1-81b2-7a06cdbb0847;412.41;0.01;UNKNOWN
2016-03-10T01:38:31.000000;2016-03-10T01:38:31.000000;996f3f7e-9bf9-4abf-a32a-3d067bbf3306;412.39;0.01;UNKNOWN
2016-03-10T01:38:31.000000;2016-03-10T01:38:31.000000;13568786-eccd-49e8-adea-21c9a47556e4;412.4;0.01;UNKNOWN
2016-03-10T01:38:31.000000;2016-03-10T01:38:31.000000;a4e7df16-c184-4a93-a9e0-c0f64278e6da;412.42;0.01;UNKNOWN
2016-03-10T01:38:31.000000;2016-03-10T01:38:31.000000;4e79a848-97b7-4220-a8fc-1c7599f912c4;412.43;0.01;UNKNOWN
2016-03-10T01:38:31.000000;2016-03-10T01:38:31.000000;92c8e73e-5e89-437f-80ef-30f2bb997710;412.31;0.088;UNKNOWN
2016-03-10T01:38:31.000000;2016-03-10T01:38:31.000000;051ab10b-1c93-48e3-9166-e655a9186939;412.29;0.01;UNKNOWN
2016-03-10T01:38:31.000000;2016-03-10T01:38:31.000000;56b11eb4-d821-4d92-991d-50736eaffd53;412.3;0.098;UNKNOWN
2016-03-10T01:38:31.000000;2016-03-10T01:38:31.000000;1efdc590-1237-4343-b72b-5d938a6b30e2;412.05;4.48;UNKNOWN
2016-03-10T01:38:31.000000;2016-03-10T01:38:31.000000;daa56790-4178-42a9-a543-6c47a78158aa;412.11;0.01;UNKNOWN
2016-03-10T01:38:31.000000;2016-03-10T01:38:31.000000;2d4f6a25-a633-4f30-862c-bf13474b6fb9;412.2;0.116;UNKNOWN
2016-03-10T01:38:31.000000;2016-03-10T01:38:31.000000;f10ddb96-de0d-4fde-9697-9e22bff3ff1e;412.04;2.0;UNKNOWN
2016-03-10T01:38:31.000000;2016-03-10T01:38:31.000000;c6273d0f-5eff-4f63-a464-96e4eec1a73b;412.02;0.27905267;UNKNOWN
2016-03-10T01:38:31.000000;2016-03-10T01:38:31.000000;d8efdc9c-9b6a-4ea3-96a3-1e8b7ba440bf;412.02;13.17242733;UNKNOWN
2016-03-10T01:38:57.000000;2016-03-10T01:38:57.000000;dc6ee54b-9c60-4c39-9afd-778391b2ec7a;412.1;0.02;UNKNOWN
2016-03-10T01:38:57.000000;2016-03-10T01:38:57.000000;093ea55d-3bfb-4dbf-9612-2b2de6485a06;412.1;0.1525;UNKNOWN
2016-03-10T01:38:57.000000;2016-03-10T01:38:57.000000;a7695710-5d54-406a-9306-4bf05010fdac;412.1;0.0975;UNKNOWN
2016-03-10T01:39:01.000000;2016-03-10T01:39:01.000000;ade81130-3941-4377-b80e-16b8090a7a60;412.1;0.18208;UNKNOWN
2016-03-10T01:39:16.000000;2016-03-10T01:39:16.000000;644b818a-c6b8-4e3f-b4cc-207484fa61ff;412.18;3.64;UNKNOWN
2016-03-10T01:39:16.000000;2016-03-10T01:39:16.000000;9957403d-19b2-409c-9284-c56cf429e1b2;412.19;7.27198;UNKNOWN
2016-03-10T01:39:16.000000;2016-03-10T01:39:16.000000;735eed60-7266-4eff-87f5-ee5b6966bc7e;412.15;0.125;UNKNOWN
2016-03-10T01:39:16.000000;2016-03-10T01:39:16.000000;f2c23932-1fb6-4d34-8551-5fa08233a3f5;412.14;0.01;UNKNOWN
2016-03-10T01:39:16.000000;2016-03-10T01:39:16.000000;44382815-120e-40cf-92e1-60f1f8d6dc22;412.22;0.36;UNKNOWN
2016-03-10T01:39:16.000000;2016-03-10T01:39:16.000000;c1305b8a-2f59-4275-8ff0-a93f1344c649;412.2;0.109;UNKNOWN
2016-03-10T01:39:16.000000;2016-03-10T01:39:16.000000;840e8b2f-bae3-45bc-8c1f-9c9132e57489;412.1;0.257;UNKNOWN
2016-03-10T01:39:16.000000;2016-03-10T01:39:16.000000;4c1dde2f-bfbd-48d4-92bc-8a4696daa82f;412.1;0.00239804;UNKNOWN
2016-03-10T01:39:16.000000;2016-03-10T01:39:16.000000;39bab1b9-f06e-4de3-b655-b2a779656f11;412.11;0.01;UNKNOWN
2016-03-10T01:39:16.000000;2016-03-10T01:39:16.000000;ac0ea0d9-1335-4035-9573-1dc3e65420d7;412.12;0.01;UNKNOWN
2016-03-10T01:39:16.000000;2016-03-10T01:39:16.000000;030b8aa1-146d-418c-83ca-31b1cd90dee8;412.29;0.01;UNKNOWN
2016-03-10T01:39:16.000000;2016-03-10T01:39:16.000000;3d0f0e93-385f-4819-b2dd-b010311d5281;412.28;2.52;UNKNOWN
2016-03-10T01:39:31.000000;2016-03-10T01:39:31.000000;f83c166d-fdf3-45ad-9d02-ed480d9f6513;412.31;0.48988;UNKNOWN
2016-03-10T01:39:58.000000;2016-03-10T01:39:58.000000;efa5fa8d-988b-4e30-b4ea-32484c47dbc6;412.34;0.01;UNKNOWN
2016-03-10T01:40:01.000000;2016-03-10T01:40:01.000000;0692937e-bc87-49f7-a8cd-3cc9930ff539;412.35;0.082;UNKNOWN
2016-03-10T01:40:01.000000;2016-03-10T01:40:01.000000;971b5691-632b-45a8-b49b-a9f5d5568005;412.35;0.01;UNKNOWN
2016-03-10T01:40:01.000000;2016-03-10T01:40:01.000000;7b990ddf-dfd3-4418-8dde-8588ad6949b7;412.34;0.24;UNKNOWN
2016-03-10T01:40:01.000000;2016-03-10T01:40:01.000000;9452447e-1596-46c2-9c2a-b4b72cfe1b9a;412.4;0.05846;UNKNOWN
2016-03-10T01:40:01.000000;2016-03-10T01:40:01.000000;9f0dab14-8c93-4d3b-9cb8-a5f4f60b2566;412.36;0.01;UNKNOWN
2016-03-10T01:40:31.000000;2016-03-10T01:40:31.000000;a9ba62a2-03cf-4c18-8bac-645d3aaf5b00;412.38;0.01;UNKNOWN
2016-03-10T01:40:31.000000;2016-03-10T01:40:31.000000;97a4880b-2373-4928-8713-781b1cc167a1;412.4;0.01;UNKNOWN
2016-03-10T01:40:31.000000;2016-03-10T01:40:31.000000;3e4519d6-72ef-45ac-b7ec-0cf431721db6;412.41;0.93267;UNKNOWN
