time_exchange;time_coinpai;guid;price;base_amount;taker_side
2016-04-01T00:00:05.000000;2016-04-01T00:00:05.000000;dae0e9fb-799b-49c0-98aa-6b9a119f3f9f;416.23;0.01;UNKNOWN
2016-04-01T00:00:05.000000;2016-04-01T00:00:05.000000;9f55e11e-b61e-4496-a42b-679327ff0f13;416.02;0.03;UNKNOWN
2016-04-01T00:00:05.000000;2016-04-01T00:00:05.000000;74abe8bf-adee-4b4a-bbf2-05ac9dc3b90c;416.03;0.0499;UNKNOWN
2016-04-01T00:00:05.000000;2016-04-01T00:00:05.000000;c360b999-7917-4b66-96d5-3b7c5111573d;416.34;1.235966;UNKNOWN
2016-04-01T00:00:05.000000;2016-04-01T00:00:05.000000;cc3cdba5-7904-4137-9b8b-b039980213df;416.2;0.2;UNKNOWN
2016-04-01T00:00:28.000000;2016-04-01T00:00:28.000000;f084fe7c-fbaf-45d2-b6ac-bd546c7cf920;416.19;0.06;UNKNOWN
2016-04-01T00:01:25.000000;2016-04-01T00:01:25.000000;49a13201-5fe0-4af9-815f-c253f95f4ab4;415.81;0.05953204;UNKNOWN
2016-04-01T00:02:35.000000;2016-04-01T00:02:35.000000;89a97b05-e20f-4708-aeed-510a4084d1d8;415.81;0.48466659;UNKNOWN
2016-04-01T00:06:05.000000;2016-04-01T00:06:05.000000;b11fbbf7-3326-4b23-9faa-5e0222f08902;415.86;0.11084914;UNKNOWN
2016-04-01T00:06:30.000000;2016-04-01T00:06:30.000000;b7dd4ac0-c927-43ce-a676-e4efee3e0faa;415.92;0.02409763;UNKNOWN
2016-04-01T00:07:17.000000;2016-04-01T00:07:17.000000;1f6a2464-0b1c-476e-8304-9950b793ee98;415.92;0.22;UNKNOWN
2016-04-01T00:08:11.000000;2016-04-01T00:08:11.000000;61d901b0-9ab2-4807-9c03-f4b91528429e;415.93;0.79;UNKNOWN
2016-04-01T00:08:11.000000;2016-04-01T00:08:11.000000;0db2c974-7bdc-4a15-a4ff-f9364c9b4a5d;416.01;0.2;UNKNOWN
2016-04-01T00:09:17.000000;2016-04-01T00:09:17.000000;ce3576e1-1170-4469-a0f0-a975b478017b;415.93;1.08426341;UNKNOWN
2016-04-01T00:09:37.000000;2016-04-01T00:09:37.000000;9e703845-fa95-4856-a0b9-e3bc681ee033;416.39;2.8184438;UNKNOWN
2016-04-01T00:10:34.000000;2016-04-01T00:10:34.000000;735521c3-bd05-4689-811f-1c8dfee8b925;416.21;0.8011512;UNKNOWN
2016-04-01T00:10:34.000000;2016-04-01T00:10:34.000000;75e0b5ae-3043-46c8-b322-84d363f2acb7;416.21;0.24095063;UNKNOWN
2016-04-01T00:10:36.000000;2016-04-01T00:10:36.000000;64c4d665-aea8-474f-ba55-d9368c150d1d;416.21;0.24095063;UNKNOWN
2016-04-01T00:10:37.000000;2016-04-01T00:10:37.000000;14d76971-8fa2-47d5-b2d5-46a7ca56def0;416.21;0.24095642;UNKNOWN
2016-04-01T00:12:29.000000;2016-04-01T00:12:29.000000;cc769f40-3606-476d-9a74-e003f4a72d63;416.21;0.02296879;UNKNOWN
2016-04-01T00:12:29.000000;2016-04-01T00:12:29.000000;78b3c01e-4849-4c99-a635-add2d2c8215c;416.21;0.10238773;UNKNOWN
2016-04-01T00:12:37.000000;2016-04-01T00:12:37.000000;b8d9737f-6452-4fcc-ad87-e664ef78e157;416.21;0.48148961;UNKNOWN
2016-04-01T00:15:32.000000;2016-04-01T00:15:32.000000;21194ebf-eab7-4b19-9d69-4252695d5f2b;416.21;2.16916217;UNKNOWN
2016-04-01T00:16:04.000000;2016-04-01T00:16:04.000000;929b9441-f74b-42a9-a46c-425de6328d10;416.37;0.1;UNKNOWN
2016-04-01T00:17:37.000000;2016-04-01T00:17:37.000000;d7e35a3b-5f9c-4a2d-a4b6-3c0769c1f54c;416.1;0.79775042;UNKNOWN
2016-04-01T00:17:40.000000;2016-04-01T00:17:40.000000;598fece0-347d-4030-8c85-9ef9da38306c;416.1;0.79803154;UNKNOWN
2016-04-01T00:18:05.000000;2016-04-01T00:18:05.000000;6c86b7f7-a138-4da7-baa4-0d7fe5d95525;416.1;0.66488196;UNKNOWN
2016-04-01T00:18:05.000000;2016-04-01T00:18:05.000000;e4bc6051-27bd-43b2-bbf0-1cab33de8173;416.1;4.33511804;UNKNOWN
2016-04-01T00:21:25.000000;2016-04-01T00:21:25.000000;0950494f-6c25-41de-9469-252e61875d2e;415.85;0.02952473;UNKNOWN
2016-04-01T00:22:36.000000;2016-04-01T00:22:36.000000;efc1d8e3-218a-476c-a1bf-d73277916e73;416.33;3.67965863;UNKNOWN
2016-04-01T00:22:42.000000;2016-04-01T00:22:42.000000;c8da7cac-6d2e-4939-9dd1-2486716990f8;416.33;0.81717587;UNKNOWN
2016-04-01T00:22:43.000000;2016-04-01T00:22:43.000000;1f9bf7de-1e60-4282-87ed-f2e75e4f2f86;416.33;0.83251174;UNKNOWN
2016-04-01T00:26:05.000000;2016-04-01T00:26:05.000000;16a6b1f4-56fb-4001-93d0-beb7bb2064c4;415.94;0.072811;UNKNOWN
2016-04-01T00:29:02.000000;2016-04-01T00:29:02.000000;77874718-ec60-4699-9eef-85e088d47ce4;415.91;0.3;UNKNOWN
2016-04-01T00:29:02.000000;2016-04-01T00:29:02.000000;9f0952e8-3f70-4289-a44f-52a840af0e0e;415.92;0.2;UNKNOWN
2016-04-01T00:31:17.000000;2016-04-01T00:31:17.000000;77d4d265-f0b3-4dcf-be10-54c28658da86;415.92;0.12045632;UNKNOWN
2016-04-01T00:31:25.000000;2016-04-01T00:31:25.000000;df02e76e-d351-4036-b4db-83e23a328db0;415.92;0.03454368;UNKNOWN
2016-04-01T00:31:25.000000;2016-04-01T00:31:25.000000;4afce204-df8d-456b-bee6-042c206844ba;415.92;0.2;UNKNOWN
2016-04-01T00:31:25.000000;2016-04-01T00:31:25.000000;0245fe60-3f1a-4084-9c99-335b884d0885;415.91;0.24127801;UNKNOWN
2016-04-01T00:33:17.000000;2016-04-01T00:33:17.000000;b443500a-cdbb-473a-bd19-b894d6e1a7c9;415.92;0.2360944;UNKNOWN
2016-04-01T00:33:24.000000;2016-04-01T00:33:24.000000;603164a9-dd33-4969-9eeb-fdfc35899236;415.92;0.06022816;UNKNOWN
2016-04-01T00:34:06.000000;2016-04-01T00:34:06.000000;b2ec0927-f932-41df-9a08-09d85f4b3ba2;415.93;0.03658414;UNKNOWN
2016-04-01T00:34:07.000000;2016-04-01T00:34:07.000000;0f33239d-209f-41cb-b197-f326fd3f5def;415.93;0.024102;UNKNOWN
2016-04-01T00:40:29.000000;2016-04-01T00:40:29.000000;4b12395c-0b43-4247-b3be-9f59012ce143;416.34;0.01;UNKNOWN
2016-04-01T00:44:29.000000;2016-04-01T00:44:29.000000;7d3e3d0b-f2a6-4e66-807a-34621713041c;416.34;0.046056;UNKNOWN
2016-04-01T00:46:30.000000;2016-04-01T00:46:30.000000;82ec7a34-05de-44a3-9f85-e12b0b51b32b;416.34;0.02858019;UNKNOWN
2016-04-01T00:47:31.000000;2016-04-01T00:47:31.000000;93671c42-6229-4f0a-a83e-682bc78f0caf;416.34;0.97536381;UNKNOWN
2016-04-01T00:47:40.000000;2016-04-01T00:47:40.000000;217143af-0052-4b09-999d-6c4f5cc51ed5;415.92;0.1;UNKNOWN
2016-04-01T00:47:44.000000;2016-04-01T00:47:44.000000;f94c30de-c0fd-43b6-b319-b107c3e1683c;415.93;0.2;UNKNOWN
2016-04-01T00:48:01.000000;2016-04-01T00:48:01.000000;16ed6d50-22fe-4989-be7e-d37094de64fa;415.92;0.00367744;UNKNOWN
2016-04-01T00:48:01.000000;2016-04-01T00:48:01.000000;9ec2c75f-c927-4a1c-ba87-3d6ac8c563d0;415.87;0.09632256;UNKNOWN
2016-04-01T00:48:03.000000;2016-04-01T00:48:03.000000;54dee421-7347-4753-af55-07c0542ebef4;415.87;1.66957744;UNKNOWN
2016-04-01T00:48:05.000000;2016-04-01T00:48:05.000000;f4485d17-d064-40b1-bd88-8cc338a5b9ee;415.85;0.02535;UNKNOWN
2016-04-01T00:48:07.000000;2016-04-01T00:48:07.000000;b78625c5-324d-4a61-9ef8-e3113b72c834;415.85;1.64512527;UNKNOWN
2016-04-01T00:48:32.000000;2016-04-01T00:48:32.000000;980bcc5a-5bd3-42ea-86c7-6e46a70e65ff;415.84;0.02;UNKNOWN
2016-04-01T00:48:33.000000;2016-04-01T00:48:33.000000;efab0182-a7d8-4097-b7d0-3ddce30d106a;415.84;0.18;UNKNOWN
2016-04-01T00:49:01.000000;2016-04-01T00:49:01.000000;57932b2b-5961-4cf9-a6ce-86175a873234;415.69;0.1;UNKNOWN
2016-04-01T00:49:06.000000;2016-04-01T00:49:06.000000;1bca5fec-9341-4770-8825-06810a48e859;415.69;0.02;UNKNOWN
2016-04-01T00:49:30.000000;2016-04-01T00:49:30.000000;8078c0f2-b74b-4f96-8ee2-fd84486331ed;415.69;0.02;UNKNOWN
2016-04-01T00:49:57.000000;2016-04-01T00:49:57.000000;0732a8bb-e4cc-44e5-8632-12be9a03e2cc;415.61;0.07710689;UNKNOWN
2016-04-01T00:50:13.000000;2016-04-01T00:50:13.000000;e88139eb-7f6c-430f-8335-f2ccdde8d9e1;415.54;2.38635525;UNKNOWN
2016-04-01T00:51:06.000000;2016-04-01T00:51:06.000000;e075868b-e9b8-481e-9ad7-0cc11e38c809;415.44;0.082;UNKNOWN
2016-04-01T00:53:05.000000;2016-04-01T00:53:05.000000;0a4253b7-4d57-488e-9953-a3e2a4f8ba05;415.33;0.065;UNKNOWN
2016-04-01T00:53:05.000000;2016-04-01T00:53:05.000000;c7f1e6d7-cfad-4d6c-ad5f-da9cfb08f2f1;415.33;1.0;UNKNOWN
2016-04-01T00:53:05.000000;2016-04-01T00:53:05.000000;fd1e6e4e-52df-4f56-bc81-80e34e5cfc83;415.27;2.565;UNKNOWN
2016-04-01T00:53:05.000000;2016-04-01T00:53:05.000000;330c9b2a-88f3-483e-bdef-bfd9d54db3ad;415.28;7.97;UNKNOWN
2016-04-01T00:53:25.000000;2016-04-01T00:53:25.000000;2ced3a68-5b0a-494a-baab-498f097c6de7;415.27;0.044;UNKNOWN
2016-04-01T00:55:24.000000;2016-04-01T00:55:24.000000;c04233f0-a144-437e-b2ff-76e5a4248bff;415.27;0.09526501;UNKNOWN
2016-04-01T00:56:13.000000;2016-04-01T00:56:13.000000;47a99e2b-9cba-416e-ad6e-e1c940243795;415.75;0.01;UNKNOWN
2016-04-01T00:56:13.000000;2016-04-01T00:56:13.000000;341ea7a9-8497-4bb2-99eb-cd72b00e73b6;415.87;0.00042256;UNKNOWN
2016-04-01T00:56:13.000000;2016-04-01T00:56:13.000000;165599a3-cb6a-436d-8eca-75d64266d1bf;415.92;0.02;UNKNOWN
2016-04-01T00:56:13.000000;2016-04-01T00:56:13.000000;4dc08615-9b1e-4d2a-a6a7-21fdb31a7e69;415.84;0.02;UNKNOWN
2016-04-01T00:56:13.000000;2016-04-01T00:56:13.000000;26db8189-9b5c-46e9-8eda-ea78f88206bd;415.87;5.978;UNKNOWN
2016-04-01T00:56:13.000000;2016-04-01T00:56:13.000000;edfac45b-7735-4b4e-8d6f-de70cf250e18;415.85;0.00487473;UNKNOWN
2016-04-01T00:56:13.000000;2016-04-01T00:56:13.000000;a431bc40-b1b0-412a-9139-5ff78003dab0;415.93;7.77;UNKNOWN
2016-04-01T00:56:29.000000;2016-04-01T00:56:29.000000;e51d7259-d4a8-46bc-8370-751056887701;416.17;3.01690271;UNKNOWN
2016-04-01T00:56:42.000000;2016-04-01T00:56:42.000000;6637e246-f8ef-4748-9092-47fc1937eeca;415.78;13.4559;UNKNOWN
2016-04-01T01:00:04.000000;2016-04-01T01:00:04.000000;c185bb3e-048a-4b62-80ed-584479fe5122;415.77;9.03377899;UNKNOWN
2016-04-01T01:00:22.000000;2016-04-01T01:00:22.000000;b37f165f-0da3-4dec-aca4-cbaa0ce05a72;415.77;2.51;UNKNOWN
2016-04-01T01:00:30.000000;2016-04-01T01:00:30.000000;bafc5853-7f55-4a01-83af-ca56a1068222;415.77;0.72374733;UNKNOWN
2016-04-01T01:00:30.000000;2016-04-01T01:00:30.000000;e4ef2cd5-c9d0-40ad-9096-368ee74b7727;415.77;0.18;UNKNOWN
2016-04-01T01:00:30.000000;2016-04-01T01:00:30.000000;0a84d441-b31f-42b9-aefd-d859ded0e983;415.77;0.35689198;UNKNOWN
2016-04-01T01:01:58.000000;2016-04-01T01:01:58.000000;09ffd64d-5620-4f6e-9c9c-64c34baef1ce;415.78;0.0041;UNKNOWN
2016-04-01T01:04:05.000000;2016-04-01T01:04:05.000000;d7b28539-b932-4fb3-a159-16fe59a292e8;416.16;3.92146899;UNKNOWN
2016-04-01T01:04:30.000000;2016-04-01T01:04:30.000000;f50720db-45ef-4e63-8435-1505a564c7fd;416.16;0.04677829;UNKNOWN
2016-04-01T01:07:25.000000;2016-04-01T01:07:25.000000;d51ff795-6940-48bf-8c4c-b294d1abeb9e;416.16;0.24774368;UNKNOWN
2016-04-01T01:08:04.000000;2016-04-01T01:08:04.000000;26f2f222-7957-4d0f-a167-3f4b1a67a7ce;416.16;4.81547462;UNKNOWN
2016-04-01T01:12:33.000000;2016-04-01T01:12:33.000000;5425ec11-9332-4a00-ae60-3630527c72c0;416.17;0.00309729;UNKNOWN
2016-04-01T01:15:25.000000;2016-04-01T01:15:25.000000;7b3f81f2-63a0-4243-b898-e7a0bb679520;416.2;0.02382541;UNKNOWN
2016-04-01T01:15:25.000000;2016-04-01T01:15:25.000000;f6ec66dc-5b6e-4865-969e-1df7c18fec17;416.2;0.04700523;UNKNOWN
2016-04-01T01:16:05.000000;2016-04-01T01:16:05.000000;fe4e7a08-6eee-47ff-950a-bd00ce79cdeb;416.4;0.0632031;UNKNOWN
2016-04-01T01:16:05.000000;2016-04-01T01:16:05.000000;847ca06e-b594-4e0b-b888-c0515991d13d;416.34;0.00463619;UNKNOWN
2016-04-01T01:16:05.000000;2016-04-01T01:16:05.000000;6dac603d-6d27-4815-b7c6-475dba636421;416.34;0.02;UNKNOWN
2016-04-01T01:18:11.000000;2016-04-01T01:18:11.000000;0993500c-0ed9-45b6-bcb4-7811287998c6;416.4;0.03;UNKNOWN
2016-04-01T01:18:12.000000;2016-04-01T01:18:12.000000;402e9bfc-dab9-4f9f-844a-cf938977d484;416.4;0.566337;UNKNOWN
2016-04-01T01:19:57.000000;2016-04-01T01:19:57.000000;084f2250-7f76-4bd5-9926-1cac61319f33;416.25;0.12036084;UNKNOWN
2016-04-01T01:21:16.000000;2016-04-01T01:21:16.000000;1cc7ad1f-961e-4a68-a568-08eb6e409a52;416.25;0.21424229;UNKNOWN
2016-04-01T01:21:58.000000;2016-04-01T01:21:58.000000;a4bcaa96-cb2c-4ffa-b8b2-4624784c98c4;416.4;0.03012;UNKNOWN
2016-04-01T01:22:29.000000;2016-04-01T01:22:29.000000;0c9d2e2b-d744-4d4f-b128-0c63ea38ad00;416.26;0.06018429;UNKNOWN
2016-04-01T01:22:37.000000;2016-04-01T01:22:37.000000;560d39e9-f2f1-4240-abf6-7c3bc0b890c2;416.26;0.72595626;UNKNOWN
2016-04-01T01:24:13.000000;2016-04-01T01:24:13.000000;e6e29a48-8828-4407-aa88-128fa5c18c29;416.26;0.05900088;UNKNOWN
2016-04-01T01:26:05.000000;2016-04-01T01:26:05.000000;a2499c5e-47a2-47f5-afc7-4179be8bbab6;416.4;0.65929355;UNKNOWN
2016-04-01T01:28:14.000000;2016-04-01T01:28:14.000000;b7ea91c9-e789-431f-90a7-6e19e05e8ffa;416.4;0.29778057;UNKNOWN
2016-04-01T01:28:14.000000;2016-04-01T01:28:14.000000;82903e6b-4430-411f-9244-e8c17530fce4;416.4;0.69251943;UNKNOWN
2016-04-01T01:28:17.000000;2016-04-01T01:28:17.000000;7c028cf1-e599-4533-afda-e443ba3c06f9;416.4;0.30748057;UNKNOWN
2016-04-01T01:29:06.000000;2016-04-01T01:29:06.000000;6942f90f-5928-4146-b245-6a4b4ebd9dc7;416.7;3.66659472;UNKNOWN
2016-04-01T01:29:25.000000;2016-04-01T01:29:25.000000;ee0a3fdb-d43b-4253-b089-a4752c3ee7ea;416.63;0.26471751;UNKNOWN
2016-04-01T01:31:45.000000;2016-04-01T01:31:45.000000;bed76597-4799-43d8-8801-e96ccf2b37a6;416.7;0.9868;UNKNOWN
2016-04-01T01:31:45.000000;2016-04-01T01:31:45.000000;4c67fc96-24cc-437f-a5d6-4b693ca6cb38;416.7;1.33340528;UNKNOWN
2016-04-01T01:31:45.000000;2016-04-01T01:31:45.000000;4cc41121-4838-45f5-bcde-1d982fa4a58a;416.7;2.0;UNKNOWN
2016-04-01T01:31:51.000000;2016-04-01T01:31:51.000000;2786561c-6f82-47a1-8e92-4988a39e4f75;416.8;5.9458;UNKNOWN
2016-04-01T01:32:20.000000;2016-04-01T01:32:20.000000;ac57f2c7-0116-42db-be02-f260beb9e6d5;416.97;2.4007;UNKNOWN
2016-04-01T01:33:25.000000;2016-04-01T01:33:25.000000;2a7562ef-3eb4-41a2-8ad1-864dbc83a294;416.82;0.06;UNKNOWN
2016-04-01T01:33:25.000000;2016-04-01T01:33:25.000000;2267c9b6-e077-4456-997e-70d9d413f49d;416.8;0.03991535;UNKNOWN
2016-04-01T01:33:57.000000;2016-04-01T01:33:57.000000;63a73f5f-db6d-400b-9d7e-d67bed91153a;416.8;0.09616161;UNKNOWN
2016-04-01T01:34:06.000000;2016-04-01T01:34:06.000000;088a6671-b1f7-443d-b77e-dc6a32e15242;416.98;2.19810172;UNKNOWN
2016-04-01T01:39:45.000000;2016-04-01T01:39:45.000000;e82b6a16-1433-44df-90ad-ba9502c4391b;416.74;4.67469936;UNKNOWN
2016-04-01T01:39:45.000000;2016-04-01T01:39:45.000000;08feb611-32c5-4368-9e14-ac0372dc0e51;416.79;5.965;UNKNOWN
2016-04-01T01:39:45.000000;2016-04-01T01:39:45.000000;06f5d565-dd1f-43ff-8d4b-c50fdc86edd1;416.68;4.67469936;UNKNOWN
2016-04-01T01:39:45.000000;2016-04-01T01:39:45.000000;58b2ff58-8f57-4897-b742-07196d593040;416.78;12.9054;UNKNOWN
2016-04-01T01:39:45.000000;2016-04-01T01:39:45.000000;2abf512a-a425-4f8e-87de-49f18bdc49ba;416.59;0.92641928;UNKNOWN
2016-04-01T01:39:45.000000;2016-04-01T01:39:45.000000;35dae2f8-a376-4c3b-b3d9-2c62115f7118;416.79;16.4408;UNKNOWN
2016-04-01T01:39:45.000000;2016-04-01T01:39:45.000000;856188ef-f8f6-41f2-bcc1-5b663cdcbec2;416.64;13.4647;UNKNOWN
2016-04-01T01:39:46.000000;2016-04-01T01:39:46.000000;7fba2f13-ca08-4454-a3d6-bdd8e3207e4e;416.8;0.01;UNKNOWN
2016-04-01T01:42:37.000000;2016-04-01T01:42:37.000000;348d811c-691a-4ac8-b05a-f76a57e304da;416.77;0.01501;UNKNOWN
2016-04-01T01:42:37.000000;2016-04-01T01:42:37.000000;660c5c3e-66fd-43ad-99f1-30ac6036111c;416.77;0.10520065;UNKNOWN
2016-04-01T01:43:05.000000;2016-04-01T01:43:05.000000;52a21db2-d01e-4861-acb3-dc7cded60b7a;416.8;0.0399;UNKNOWN
2016-04-01T01:43:05.000000;2016-04-01T01:43:05.000000;394ab40b-b021-4495-a1ee-57d3215b90ca;416.99;1.4101;UNKNOWN
2016-04-01T01:43:25.000000;2016-04-01T01:43:25.000000;c41abae0-0739-4044-b431-a4d3ac25a704;416.77;0.2378937;UNKNOWN
2016-04-01T01:53:25.000000;2016-04-01T01:53:25.000000;9e97dc09-24c8-4673-a837-8ab63fc98181;416.6;0.038;UNKNOWN
2016-04-01T01:53:25.000000;2016-04-01T01:53:25.000000;e91a14a1-0aa5-49e6-ba92-168e34508399;416.6;0.0332549;UNKNOWN
2016-04-01T01:53:25.000000;2016-04-01T01:53:25.000000;e88e4ca5-def6-42c6-a86a-1421e3abf33e;416.7;0.06;UNKNOWN
2016-04-01T01:54:04.000000;2016-04-01T01:54:04.000000;fd818b4f-2774-4532-b91c-6ba779270b12;416.56;5.9761;UNKNOWN
2016-04-01T01:54:04.000000;2016-04-01T01:54:04.000000;b0ba9457-c269-44a4-aa79-b800aaf06167;416.6;0.52245609;UNKNOWN
2016-04-01T01:54:04.000000;2016-04-01T01:54:04.000000;35d6162f-f75c-4d3d-ac50-88bd9edbe103;416.54;0.19822391;UNKNOWN
2016-04-01T01:54:20.000000;2016-04-01T01:54:20.000000;1210257e-8dfa-4de3-9f42-ac19fc8b12da;416.98;8.0;UNKNOWN
2016-04-01T01:54:31.000000;2016-04-01T01:54:31.000000;1205d745-1d0f-4d81-9a9b-92cc4369e450;416.98;7.6424704;UNKNOWN
2016-04-01T01:54:31.000000;2016-04-01T01:54:31.000000;6ea3527a-9046-46f2-81de-92a55a08ceb0;416.98;0.3575296;UNKNOWN
2016-04-01T01:54:53.000000;2016-04-01T01:54:53.000000;71d65a98-4e1f-46f8-ae33-0f9e98a95bea;416.55;1.92415556;UNKNOWN
2016-04-01T01:55:00.000000;2016-04-01T01:55:00.000000;fd31de7f-92a4-493b-9d29-a2b062cc4ad5;416.56;5.9387;UNKNOWN
2016-04-01T01:55:00.000000;2016-04-01T01:55:00.000000;f435a833-9ac2-4bd7-ad60-e46e503dec76;416.56;2.0613;UNKNOWN
2016-04-01T01:55:08.000000;2016-04-01T01:55:08.000000;581d26e3-144c-466b-a346-3c50b31fce7a;417.2;0.2;UNKNOWN
2016-04-01T01:55:08.000000;2016-04-01T01:55:08.000000;7d65d4ac-f47f-4162-b9b2-978245472f84;417.2;0.05;UNKNOWN
2016-04-01T01:55:08.000000;2016-04-01T01:55:08.000000;97ab4fe0-fcbd-4291-b6bc-cfdb36b5b48c;417.29;13.6229;UNKNOWN
2016-04-01T01:55:08.000000;2016-04-01T01:55:08.000000;5541e1ba-3278-4d30-ac98-607e4504460e;417.0;2.202;UNKNOWN
2016-04-01T01:55:08.000000;2016-04-01T01:55:08.000000;e0d62714-60fb-4f16-87cc-8a4c42a3dbc3;416.99;5.9108;UNKNOWN
2016-04-01T01:55:08.000000;2016-04-01T01:55:08.000000;0f8b498a-4144-4017-8488-f95800600b3f;417.17;13.0444;UNKNOWN
2016-04-01T01:55:08.000000;2016-04-01T01:55:08.000000;3019cbf0-f6a1-40d5-90c6-b97329da106f;417.29;4.18;UNKNOWN
2016-04-01T01:55:08.000000;2016-04-01T01:55:08.000000;414c1013-4a1d-4d4e-bb33-4224936dc7f2;417.48;12.7998;UNKNOWN
2016-04-01T01:55:08.000000;2016-04-01T01:55:08.000000;f7550152-fd89-4140-9eae-d9f79a7f8565;417.58;5.0;UNKNOWN
2016-04-01T01:55:08.000000;2016-04-01T01:55:08.000000;7a480e34-f5e2-4669-b1b8-3acc0a0398e0;417.3;13.0336;UNKNOWN
2016-04-01T01:55:08.000000;2016-04-01T01:55:08.000000;45811117-919e-41bf-84de-d1449e0c0303;417.56;9.5;UNKNOWN
2016-04-01T01:55:08.000000;2016-04-01T01:55:08.000000;a0a30f9a-0e51-469b-a6d1-bade22236f17;417.02;0.01;UNKNOWN
2016-04-01T01:55:08.000000;2016-04-01T01:55:08.000000;8a5864cc-0480-47d9-b2d4-8269a1e03440;417.5;2.0;UNKNOWN
2016-04-01T01:55:08.000000;2016-04-01T01:55:08.000000;ef2b9790-9bff-4007-8ec9-ab15c5753ea7;417.6;2.1265;UNKNOWN
2016-04-01T01:55:08.000000;2016-04-01T01:55:08.000000;689fa7ad-a3c3-4568-8dea-35a6eff6216e;417.47;5.84;UNKNOWN
2016-04-01T01:55:08.000000;2016-04-01T01:55:08.000000;938d4b32-6fa5-43a8-9273-485cb46dc1ac;417.58;0.48;UNKNOWN
2016-04-01T01:58:14.000000;2016-04-01T01:58:14.000000;0c51c144-29f8-4a92-818f-dad04a06e02e;416.97;0.0475;UNKNOWN
2016-04-01T01:58:53.000000;2016-04-01T01:58:53.000000;11698578-25f6-43ad-93bf-af50896ce9ae;416.9;0.36048498;UNKNOWN
2016-04-01T02:00:04.000000;2016-04-01T02:00:04.000000;b66f834b-0ca8-43fc-9ee3-f21a57ddd9d1;416.62;5.42850025;UNKNOWN
2016-04-01T02:00:04.000000;2016-04-01T02:00:04.000000;4cf69b49-c845-4713-ab56-575b5b51a406;416.68;5.39011101;UNKNOWN
2016-04-01T02:00:04.000000;2016-04-01T02:00:04.000000;c2ff6aea-9849-4a89-aef7-637c356f070b;416.62;0.56290467;UNKNOWN
2016-04-01T02:00:04.000000;2016-04-01T02:00:04.000000;4a36b703-34bd-47b6-a6a1-369029f7abba;416.68;4.1765;UNKNOWN
2016-04-01T02:00:04.000000;2016-04-01T02:00:04.000000;e5d6531a-ff50-4491-9ebf-744a81c8811b;416.9;0.13951502;UNKNOWN
2016-04-01T02:00:04.000000;2016-04-01T02:00:04.000000;20997ac2-228a-43ef-b192-17b5492fddc9;416.68;0.55208899;UNKNOWN
2016-04-01T02:01:17.000000;2016-04-01T02:01:17.000000;b6ec81d5-d60e-4592-8b3f-f96857aa89dd;416.58;5.9104;UNKNOWN
2016-04-01T02:01:17.000000;2016-04-01T02:01:17.000000;a198f266-c5a7-4644-aeff-fdaad74e95f0;416.58;0.0896;UNKNOWN
2016-04-01T02:01:51.000000;2016-04-01T02:01:51.000000;944fce58-7745-4b81-a104-686d35316830;416.9;0.1082;UNKNOWN
2016-04-01T02:02:31.000000;2016-04-01T02:02:31.000000;003291f5-5b7b-4adc-a9fc-1de33d9d0a7d;416.9;0.3598;UNKNOWN
2016-04-01T02:03:41.000000;2016-04-01T02:03:41.000000;0d452622-b01d-4931-9f0e-fd7530f82c00;416.9;0.04797;UNKNOWN
2016-04-01T02:05:07.000000;2016-04-01T02:05:07.000000;93480b01-82d2-40a9-af94-defd9573e076;416.62;0.69160401;UNKNOWN
2016-04-01T02:06:04.000000;2016-04-01T02:06:04.000000;f8bc1a04-ecfe-4c4e-ad57-1d1057f28e12;416.64;0.44;UNKNOWN
2016-04-01T02:06:19.000000;2016-04-01T02:06:19.000000;ab281626-1abd-4608-b84f-d506b399fc5c;416.64;0.05539901;UNKNOWN
2016-04-01T02:10:10.000000;2016-04-01T02:10:10.000000;f005c43e-9bce-4572-9fe0-e19bfc1d1371;416.71;0.69160401;UNKNOWN
2016-04-01T02:10:21.000000;2016-04-01T02:10:21.000000;2333f923-54d2-4baf-9ddc-38d0d04ad84e;416.9;1.00403;UNKNOWN
2016-04-01T02:11:01.000000;2016-04-01T02:11:01.000000;d757a8ee-0896-477d-ac4c-b41612055902;417.19;3.96;UNKNOWN
2016-04-01T02:11:24.000000;2016-04-01T02:11:24.000000;6c1f7a1a-f208-4f82-9b12-4e7e1d8b6990;417.03;0.20529801;UNKNOWN
2016-04-01T02:11:26.000000;2016-04-01T02:11:26.000000;f3fa8d6c-9835-4d65-ac81-a72ea4eedae0;417.03;5.0;UNKNOWN
2016-04-01T02:11:30.000000;2016-04-01T02:11:30.000000;27ed9fe5-ab18-42fb-b3aa-695a5d8ee271;417.04;0.05;UNKNOWN
2016-04-01T02:11:30.000000;2016-04-01T02:11:30.000000;b885bca1-0c08-4adb-9692-6b29f6d41d27;417.04;7.95;UNKNOWN
2016-04-01T02:11:32.000000;2016-04-01T02:11:32.000000;ea6933cd-dba4-4ea0-b7c2-7c8aaf2aaf29;417.03;5.58;UNKNOWN
2016-04-01T02:11:32.000000;2016-04-01T02:11:32.000000;5d4b11d8-69de-4f31-88d6-6ef4512bb86a;417.04;5.9398;UNKNOWN
2016-04-01T02:12:29.000000;2016-04-01T02:12:29.000000;e46081aa-4c30-41ca-b13c-728705183910;417.01;0.09488404;UNKNOWN
2016-04-01T02:12:45.000000;2016-04-01T02:12:45.000000;699df329-3ec4-427d-b6a5-0f77331d0b1d;417.01;0.30035369;UNKNOWN
2016-04-01T02:13:30.000000;2016-04-01T02:13:30.000000;cec7dc05-0995-40ed-a410-989af2c027f3;417.04;0.5515538;UNKNOWN
2016-04-01T02:13:50.000000;2016-04-01T02:13:50.000000;a234e326-07c3-4cb2-a785-86ce98a6f56b;417.01;0.58869324;UNKNOWN
2016-04-01T02:14:45.000000;2016-04-01T02:14:45.000000;54e26821-86ae-4d92-a6d2-35cf6d534679;417.01;0.07448771;UNKNOWN
2016-04-01T02:15:13.000000;2016-04-01T02:15:13.000000;52cdf787-c73c-4655-aceb-dcf33d27dca3;417.01;0.69160401;UNKNOWN
2016-04-01T02:16:05.000000;2016-04-01T02:16:05.000000;9cf29634-63af-4de1-a5e8-316dce708a7e;417.04;0.10217934;UNKNOWN
2016-04-01T02:16:47.000000;2016-04-01T02:16:47.000000;13552321-e206-4219-bdb5-45d4e7e81f9a;417.01;0.03292954;UNKNOWN
2016-04-01T02:18:37.000000;2016-04-01T02:18:37.000000;2f6fdb22-e685-4bcd-aa05-0878f3157c4c;417.01;1.1;UNKNOWN
2016-04-01T02:18:40.000000;2016-04-01T02:18:40.000000;85d70bf5-e83e-4f22-80d2-2701320f8bb7;417.01;2.11704777;UNKNOWN
2016-04-01T02:18:45.000000;2016-04-01T02:18:45.000000;ecb1d02d-59bb-49fa-9904-5543c8607944;416.52;0.25;UNKNOWN
2016-04-01T02:21:31.000000;2016-04-01T02:21:31.000000;38e9c4a1-c988-4087-960f-b58348cb6070;417.04;6.13646686;UNKNOWN
2016-04-01T02:21:31.000000;2016-04-01T02:21:31.000000;87900afe-450d-4621-a022-a8187ae01c6d;417.18;8.18;UNKNOWN
2016-04-01T02:21:31.000000;2016-04-01T02:21:31.000000;9fa2ca65-6a7a-4d34-8adc-d99411fda220;417.18;5.9923;UNKNOWN
2016-04-01T02:21:39.000000;2016-04-01T02:21:39.000000;13f67fcf-d1e0-4099-b7ea-d80f80f12e12;417.2;8.18;UNKNOWN
2016-04-01T02:21:41.000000;2016-04-01T02:21:41.000000;96a87604-4c9e-4354-b389-0d1d5eff7f44;417.2;0.049;UNKNOWN
2016-04-01T02:22:37.000000;2016-04-01T02:22:37.000000;3cbce906-95bd-4c4a-b8a5-90baafcb8a36;417.25;3.0015;UNKNOWN
2016-04-01T02:23:17.000000;2016-04-01T02:23:17.000000;1be7c1f5-389e-472e-950d-0f86bff70f35;417.21;3.0015;UNKNOWN
2016-04-01T02:23:23.000000;2016-04-01T02:23:23.000000;e6afc160-6a94-4313-a467-949bae0727f0;417.21;0.4;UNKNOWN
2016-04-01T02:24:14.000000;2016-04-01T02:24:14.000000;72f53145-1ef0-4800-8741-bcc3c0adc594;417.21;3.0015;UNKNOWN
2016-04-01T02:24:37.000000;2016-04-01T02:24:37.000000;7178a49e-3218-4d31-a42c-746b28900697;417.2;0.09606941;UNKNOWN
2016-04-01T02:25:06.000000;2016-04-01T02:25:06.000000;4832b474-e6ef-4c9e-a9e5-c927e2cd8841;417.2;0.8;UNKNOWN
2016-04-01T02:25:07.000000;2016-04-01T02:25:07.000000;c51f5e04-9155-45a8-9dfe-0f821ca2e4e4;417.21;3.0015;UNKNOWN
2016-04-01T02:25:18.000000;2016-04-01T02:25:18.000000;21a2f10e-9557-4f4d-8b73-c707f8d0eb5e;417.2;0.56;UNKNOWN
2016-04-01T02:26:00.000000;2016-04-01T02:26:00.000000;5bbb7ca2-4f93-4425-b562-967fbe6948de;417.21;2.406;UNKNOWN
2016-04-01T02:26:00.000000;2016-04-01T02:26:00.000000;931bb0da-2344-48f6-b7ef-ce8a84d6d7f7;417.21;0.5955;UNKNOWN
2016-04-01T02:26:52.000000;2016-04-01T02:26:52.000000;9c372e93-62ac-4416-aef5-e55df38295a0;417.21;0.9562779;UNKNOWN
2016-04-01T02:27:51.000000;2016-04-01T02:27:51.000000;c916f4d1-4cf7-422d-af11-3810b7125cfd;417.2;0.00616373;UNKNOWN
2016-04-01T02:30:14.000000;2016-04-01T02:30:14.000000;0a726240-cb12-4b2c-aa35-61e1ee9c70d7;417.12;0.433663;UNKNOWN
2016-04-01T02:30:18.000000;2016-04-01T02:30:18.000000;60bbb390-5830-4009-9ce9-0dc8db1ff37f;417.12;0.9706;UNKNOWN
2016-04-01T02:32:39.000000;2016-04-01T02:32:39.000000;4a09445e-88e8-46ca-a431-119647f23373;417.12;2.22;UNKNOWN
2016-04-01T02:32:39.000000;2016-04-01T02:32:39.000000;bba753b7-57c2-45c0-9329-a9173469a144;417.12;4.588837;UNKNOWN
2016-04-01T02:32:39.000000;2016-04-01T02:32:39.000000;112cf0ba-b101-4c75-bdec-d96578e9dd2a;417.18;1.191163;UNKNOWN
2016-04-01T02:32:52.000000;2016-04-01T02:32:52.000000;adfe31c4-46de-4a02-a54b-04172f3c32df;417.18;0.0791;UNKNOWN
2016-04-01T02:33:05.000000;2016-04-01T02:33:05.000000;66d0f482-e2a3-4731-a87d-29d969d930a0;417.13;1.1;UNKNOWN
2016-04-01T02:33:50.000000;2016-04-01T02:33:50.000000;1156f2aa-c39c-4d45-9fbd-a1f6e7d35505;416.83;1.0;UNKNOWN
2016-04-01T02:34:13.000000;2016-04-01T02:34:13.000000;0349ce91-6745-46d6-8e4a-8133abc7320c;416.83;0.101;UNKNOWN
2016-04-01T02:34:39.000000;2016-04-01T02:34:39.000000;869443f3-a5ab-4106-b0c1-513e0021ed06;417.12;0.1134;UNKNOWN
2016-04-01T02:35:14.000000;2016-04-01T02:35:14.000000;d2d9b13f-1f04-4cf1-ac9f-8588146d9d8d;416.91;5.0;UNKNOWN
2016-04-01T02:36:05.000000;2016-04-01T02:36:05.000000;3461dfb8-40af-4664-93d2-12ca0c49ea3d;417.12;0.10941446;UNKNOWN
2016-04-01T02:36:13.000000;2016-04-01T02:36:13.000000;61a5ca8d-a539-469f-bb6b-e9e07cf3e88a;416.91;5.962;UNKNOWN
2016-04-01T02:36:13.000000;2016-04-01T02:36:13.000000;c82c2468-cb2f-40c5-9197-830d7efbcb68;416.9;1.00787715;UNKNOWN
2016-04-01T02:40:19.000000;2016-04-01T02:40:19.000000;9c31baff-e228-4a53-92db-e46360d65d5c;417.03;0.01;UNKNOWN
2016-04-01T02:40:19.000000;2016-04-01T02:40:19.000000;9889c2c4-b325-4bba-b885-73c60e8dc01b;416.99;0.01;UNKNOWN
2016-04-01T02:41:06.000000;2016-04-01T02:41:06.000000;6cb8e88b-0f3f-4cff-b230-524eae0e669c;416.52;0.03112837;UNKNOWN
2016-04-01T02:43:05.000000;2016-04-01T02:43:05.000000;94298f29-68f8-4681-b55f-3eb6b467a236;416.53;1.1;UNKNOWN
2016-04-01T02:43:09.000000;2016-04-01T02:43:09.000000;0c336b46-5215-4bf1-9cb0-8359372af309;416.52;0.36084842;UNKNOWN
2016-04-01T02:44:13.000000;2016-04-01T02:44:13.000000;1092690c-01e2-4ec8-90cc-317a6ee257b1;416.52;0.1202828;UNKNOWN
2016-04-01T02:47:08.000000;2016-04-01T02:47:08.000000;6f308ad9-f2f7-4df8-9a21-687e11086e5a;416.52;0.12;UNKNOWN
2016-04-01T02:47:21.000000;2016-04-01T02:47:21.000000;231285d8-e9f6-416b-9b56-3e5520fa7b3d;416.53;1.0;UNKNOWN
2016-04-01T02:48:13.000000;2016-04-01T02:48:13.000000;ac34b297-3180-4480-bfa7-7de2199f7821;416.52;0.08692906;UNKNOWN
2016-04-01T02:48:21.000000;2016-04-01T02:48:21.000000;9d5245b3-7301-4291-8554-d9c1b11d4ebd;416.53;1.0;UNKNOWN
2016-04-01T02:49:19.000000;2016-04-01T02:49:19.000000;b139b354-0621-4d33-b1f3-00a6fab1296c;416.53;0.2;UNKNOWN
2016-04-01T02:49:24.000000;2016-04-01T02:49:24.000000;8ed690d5-c89a-43aa-9131-89759907048e;416.52;0.260568;UNKNOWN
2016-04-01T02:51:57.000000;2016-04-01T02:51:57.000000;bf9b359c-ffe6-420c-acb0-683bbb0193e2;416.52;0.02405656;UNKNOWN
2016-04-01T02:57:49.000000;2016-04-01T02:57:49.000000;8776307e-87c5-4fa6-999d-3fde83bf4b9d;416.52;0.20448077;UNKNOWN
2016-04-01T02:58:29.000000;2016-04-01T02:58:29.000000;c7c535a7-7bff-40c4-9c96-f15e5a05fe73;416.52;0.05469978;UNKNOWN
2016-04-01T02:58:53.000000;2016-04-01T02:58:53.000000;d6769253-d7ae-4181-b964-c44766b6cd7a;416.52;0.04570746;UNKNOWN
2016-04-01T02:59:01.000000;2016-04-01T02:59:01.000000;1855bda3-7c76-46f9-8812-26903001280f;416.52;0.11909;UNKNOWN
2016-04-01T03:00:30.000000;2016-04-01T03:00:30.000000;c5da87d2-c029-4ac5-bb7d-630225e0b950;416.52;0.03608484;UNKNOWN
2016-04-01T03:03:04.000000;2016-04-01T03:03:04.000000;07f2f052-8b56-4082-ba94-9d45315f9d75;416.53;2.09792528;UNKNOWN
2016-04-01T03:04:32.000000;2016-04-01T03:04:32.000000;b1188915-bdbc-444d-9092-cd46a11fd19b;416.53;0.13756875;UNKNOWN
2016-04-01T03:08:48.000000;2016-04-01T03:08:48.000000;1edeed5d-81e7-414a-9212-8eb43466b003;416.53;0.76600597;UNKNOWN
2016-04-01T03:10:50.000000;2016-04-01T03:10:50.000000;6f62a4da-1be4-485b-bc9f-c868ed41cdf3;416.53;0.80583104;UNKNOWN
2016-04-01T03:11:20.000000;2016-04-01T03:11:20.000000;c835b567-6d5f-4a8d-9b43-b38800caebbf;416.53;0.12396195;UNKNOWN
2016-04-01T03:13:05.000000;2016-04-01T03:13:05.000000;dab89f7a-db2b-4ec1-b1e5-36e7d8049bdf;416.53;0.02387889;UNKNOWN
2016-04-01T03:13:09.000000;2016-04-01T03:13:09.000000;bc659d08-c165-4058-ae6d-400e3b55d848;416.52;0.71996635;UNKNOWN
2016-04-01T03:14:12.000000;2016-04-01T03:14:12.000000;39853450-3f87-4291-a37a-2461f30dc099;416.53;0.44712511;UNKNOWN
2016-04-01T03:14:27.000000;2016-04-01T03:14:27.000000;ab86c509-d2ed-4c1b-81dc-e729f156bd22;416.53;0.30015;UNKNOWN
2016-04-01T03:14:55.000000;2016-04-01T03:14:55.000000;047be3d5-3b7f-44cf-b916-2375ec61589e;416.53;0.12006;UNKNOWN
2016-04-01T03:15:41.000000;2016-04-01T03:15:41.000000;ec107f36-67c0-4fb0-8792-d3301f052439;416.52;0.04811312;UNKNOWN
2016-04-01T03:18:37.000000;2016-04-01T03:18:37.000000;a81bc1bc-8d5c-4c0a-9edc-7f4b25de035e;416.52;0.02405656;UNKNOWN
2016-04-01T03:21:13.000000;2016-04-01T03:21:13.000000;e0886c02-6b25-4b1e-8cad-5410107c749f;416.52;0.5;UNKNOWN
2016-04-01T03:22:15.000000;2016-04-01T03:22:15.000000;a56b9bd6-4124-4110-8fa4-4d32bb74a299;416.53;2.01020294;UNKNOWN
2016-04-01T03:22:29.000000;2016-04-01T03:22:29.000000;4022bc79-27fb-4ab9-8310-c30d4bb2faf0;416.52;0.61054755;UNKNOWN
2016-04-01T03:23:41.000000;2016-04-01T03:23:41.000000;38a218ee-5e2d-43f4-aa23-7f411548cf6e;416.53;2.0276133;UNKNOWN
2016-04-01T03:25:49.000000;2016-04-01T03:25:49.000000;8c295a8f-8910-4530-92e1-43b4de0657da;416.52;0.15636765;UNKNOWN
2016-04-01T03:26:05.000000;2016-04-01T03:26:05.000000;37d825b9-c8e9-4f31-ad52-c563e5a74258;416.52;0.46404897;UNKNOWN
2016-04-01T03:27:21.000000;2016-04-01T03:27:21.000000;065b11b7-d2f7-4828-9b87-3b8b641848c3;416.53;0.14436743;UNKNOWN
2016-04-01T03:32:51.000000;2016-04-01T03:32:51.000000;8dc7631b-630b-4424-9480-afb915928e69;416.53;7.69530934;UNKNOWN
2016-04-01T03:32:51.000000;2016-04-01T03:32:51.000000;88be7f37-832c-4e1a-8608-70bd46243e79;416.53;0.30469066;UNKNOWN
2016-04-01T03:34:15.000000;2016-04-01T03:34:15.000000;691e2c52-d7a7-49fd-85fd-da6806e911d9;416.52;0.73764606;UNKNOWN
2016-04-01T03:34:18.000000;2016-04-01T03:34:18.000000;04ff26c9-7add-4b35-88da-43baaf3e18db;416.52;0.0276169;UNKNOWN
2016-04-01T03:34:25.000000;2016-04-01T03:34:25.000000;456abafd-4aac-4f57-84d7-81599dbcfc31;416.52;0.02319833;UNKNOWN
2016-04-01T03:34:50.000000;2016-04-01T03:34:50.000000;a43921b3-0c56-4d8b-be74-bb2aba01452d;416.52;0.06580761;UNKNOWN
2016-04-01T03:34:50.000000;2016-04-01T03:34:50.000000;ae54d66b-5d4b-4250-91b9-f92a6e004c33;416.52;0.80729386;UNKNOWN
2016-04-01T03:34:55.000000;2016-04-01T03:34:55.000000;5fd7ef1b-e907-4465-9bce-76a7ea1f062a;416.52;0.05524824;UNKNOWN
2016-04-01T03:34:57.000000;2016-04-01T03:34:57.000000;bc0fe1f3-91f1-4fc5-b434-34b8252cadb0;416.52;0.05524824;UNKNOWN
2016-04-01T03:35:00.000000;2016-04-01T03:35:00.000000;2b702815-4aa9-45a3-9b5b-2b093222d44c;416.52;0.21858496;UNKNOWN
2016-04-01T03:35:02.000000;2016-04-01T03:35:02.000000;12a0ce67-0054-47ce-84be-f39cedb86c1f;416.52;0.37339583;UNKNOWN
2016-04-01T03:35:03.000000;2016-04-01T03:35:03.000000;fad76151-c27a-4f15-aeef-1bae7c2bca15;416.52;0.61408429;UNKNOWN
2016-04-01T03:35:04.000000;2016-04-01T03:35:04.000000;a2afe34a-4e9a-4ee0-b32b-1839583f576e;416.52;0.02762412;UNKNOWN
2016-04-01T03:35:05.000000;2016-04-01T03:35:05.000000;876657da-1c18-4d3f-a1a6-0f879cd9ee91;416.52;0.06859016;UNKNOWN
2016-04-01T03:35:06.000000;2016-04-01T03:35:06.000000;b84f4c57-8628-42ad-903c-0a768a37e76b;416.52;0.02762412;UNKNOWN
2016-04-01T03:35:06.000000;2016-04-01T03:35:06.000000;0c1806c6-b137-4d4b-bfcd-e7f17d5c7ad5;416.52;0.07741778;UNKNOWN
2016-04-01T03:35:09.000000;2016-04-01T03:35:09.000000;cb511d82-092b-4744-92cc-9054ba05e019;416.52;0.20410605;UNKNOWN
2016-04-01T03:35:09.000000;2016-04-01T03:35:09.000000;64c67218-288e-4736-a966-405f15b87236;416.52;0.57573432;UNKNOWN
2016-04-01T03:35:10.000000;2016-04-01T03:35:10.000000;1c908d75-d2f0-4cdd-a81a-ffc93bf9547b;416.52;0.08675757;UNKNOWN
2016-04-01T03:35:10.000000;2016-04-01T03:35:10.000000;30052214-0815-49dc-8201-6c61b40b05db;416.52;0.08675757;UNKNOWN
2016-04-01T03:35:11.000000;2016-04-01T03:35:11.000000;2ab4c592-0a9e-43c7-8afd-7fdbe2cebd8c;416.52;0.51801955;UNKNOWN
2016-04-01T03:35:11.000000;2016-04-01T03:35:11.000000;aaf3f38f-2b16-4033-b11c-42b32e398c99;416.52;0.08675757;UNKNOWN
2016-04-01T03:35:12.000000;2016-04-01T03:35:12.000000;987ef97a-4a1c-4755-b0a8-8f9524296d8f;416.52;0.08675757;UNKNOWN
2016-04-01T03:35:13.000000;2016-04-01T03:35:13.000000;6fed7bde-1dbd-48e1-b788-2c8c3a3b2701;416.52;0.08683295;UNKNOWN
2016-04-01T03:35:21.000000;2016-04-01T03:35:21.000000;33558547-dab6-4038-8d7b-6d57330ac6ad;416.53;0.0499;UNKNOWN
2016-04-01T03:35:21.000000;2016-04-01T03:35:21.000000;dd8294d5-06e5-457a-9dcd-e0c5f83be7ca;416.75;0.64157449;UNKNOWN
2016-04-01T03:36:31.000000;2016-04-01T03:36:31.000000;088e0c4a-7175-4594-af80-08b01e7ede96;416.52;0.41603387;UNKNOWN
2016-04-01T03:36:33.000000;2016-04-01T03:36:33.000000;a73659f0-3598-4a76-9e9f-3c644675c699;416.52;0.15836708;UNKNOWN
2016-04-01T03:36:38.000000;2016-04-01T03:36:38.000000;dc3fcf01-f89e-40b7-ab80-ecf4205e596c;416.52;0.01668398;UNKNOWN
2016-04-01T03:36:40.000000;2016-04-01T03:36:40.000000;dab53d75-fdaf-4036-bf8a-ad1966a35264;416.52;0.01668398;UNKNOWN
2016-04-01T03:36:40.000000;2016-04-01T03:36:40.000000;c4d3f318-669d-4551-a87c-4946309a3607;416.52;0.01668398;UNKNOWN
2016-04-01T03:36:40.000000;2016-04-01T03:36:40.000000;1593bf46-4a64-48ce-97fe-7f8aaa88422d;416.52;0.01668398;UNKNOWN
2016-04-01T03:36:54.000000;2016-04-01T03:36:54.000000;fa595866-ad7c-4d6f-820f-41c21e1a2a5e;416.52;0.12187155;UNKNOWN
2016-04-01T03:37:25.000000;2016-04-01T03:37:25.000000;e0674f9d-5915-453c-8167-59885ae98ae3;416.52;0.11891258;UNKNOWN
2016-04-01T03:37:26.000000;2016-04-01T03:37:26.000000;b96d97a9-6203-4b1c-b945-59f83f0d3429;416.94;0.01;UNKNOWN
2016-04-01T03:37:26.000000;2016-04-01T03:37:26.000000;846a2410-5de8-4ae0-b120-ec6ad58e5886;416.94;0.00541846;UNKNOWN
2016-04-01T03:37:28.000000;2016-04-01T03:37:28.000000;11bd2b72-2351-4722-9b43-a57e977ec16c;416.94;0.01;UNKNOWN
2016-04-01T03:38:05.000000;2016-04-01T03:38:05.000000;e9cf980c-3664-41c1-b0ed-3f09555b6e4e;417.09;0.71972852;UNKNOWN
2016-04-01T03:38:05.000000;2016-04-01T03:38:05.000000;7d70ad08-91d9-47b7-b305-b76dc9d61648;416.95;0.01;UNKNOWN
2016-04-01T03:38:23.000000;2016-04-01T03:38:23.000000;f811a5b8-8d6b-4d9b-b70b-720d8971e2da;416.53;0.06924866;UNKNOWN
2016-04-01T03:38:26.000000;2016-04-01T03:38:26.000000;5a6e366b-d7bd-464f-8fc0-deae5f980e75;416.52;0.76631514;UNKNOWN
2016-04-01T03:38:27.000000;2016-04-01T03:38:27.000000;731e7793-1185-423f-aacc-7ed9670254f7;416.52;0.11308721;UNKNOWN
2016-04-01T03:39:42.000000;2016-04-01T03:39:42.000000;93a08e41-951f-46b1-93d9-90e959b03b1c;416.94;0.02102167;UNKNOWN
2016-04-01T03:39:42.000000;2016-04-01T03:39:42.000000;bf10d4fd-1554-4a5c-a967-7c6ff965d102;416.94;0.01;UNKNOWN
2016-04-01T03:39:43.000000;2016-04-01T03:39:43.000000;e58c9603-a497-4fe2-9a0b-0e329295d0d4;416.94;0.01550947;UNKNOWN
2016-04-01T03:39:44.000000;2016-04-01T03:39:44.000000;bd959551-06e3-4ba7-a549-4e52cae7ec34;416.94;0.01550839;UNKNOWN
2016-04-01T03:39:45.000000;2016-04-01T03:39:45.000000;3b241b27-a1f6-48e4-8e34-a659765f783f;416.94;0.01550839;UNKNOWN
2016-04-01T03:39:46.000000;2016-04-01T03:39:46.000000;3c5c02b7-27bd-46ec-b045-590afe0f2ad8;416.94;0.0154966;UNKNOWN
2016-04-01T03:40:30.000000;2016-04-01T03:40:30.000000;0fa9462b-6f27-4c99-88fc-c2292682a582;416.52;0.2587288;UNKNOWN
2016-04-01T03:40:30.000000;2016-04-01T03:40:30.000000;34bfa3fd-df95-4803-8fa8-f1754dcd30bb;416.53;0.01550947;UNKNOWN
2016-04-01T03:43:44.000000;2016-04-01T03:43:44.000000;4acb4221-d5fb-4cb3-938e-90e6d15235bb;416.52;0.20732142;UNKNOWN
2016-04-01T03:44:04.000000;2016-04-01T03:44:04.000000;5801c5f8-a3f1-47fb-8f10-50e976a1261f;416.52;0.25008617;UNKNOWN
2016-04-01T03:44:07.000000;2016-04-01T03:44:07.000000;db9a9c94-e5a8-4d44-ab79-129cbbafc659;416.52;0.03519;UNKNOWN
2016-04-01T03:44:12.000000;2016-04-01T03:44:12.000000;5d7846b5-42b8-457c-8597-ef503a09a622;416.52;0.04450463;UNKNOWN
2016-04-01T03:44:19.000000;2016-04-01T03:44:19.000000;06879985-696c-49bb-840d-57179b9d81fe;416.52;3.10476572;UNKNOWN
2016-04-01T03:44:19.000000;2016-04-01T03:44:19.000000;527324d0-f916-422e-8753-c67fccd6ce9a;416.46;0.89523428;UNKNOWN
2016-04-01T03:48:15.000000;2016-04-01T03:48:15.000000;8087b7a4-29ad-4f4b-ad95-168a2aeb289c;416.48;0.12992102;UNKNOWN
2016-04-01T03:49:56.000000;2016-04-01T03:49:56.000000;522e0765-396c-4726-902d-a534c98d889e;416.51;1.0;UNKNOWN
2016-04-01T03:51:25.000000;2016-04-01T03:51:25.000000;0ef5e61b-0d8b-4ed9-8243-ffa00b61b536;416.42;0.12128792;UNKNOWN
2016-04-01T03:51:41.000000;2016-04-01T03:51:41.000000;490401a2-f8dd-471a-8eb9-125191ab9c4f;416.42;0.01033536;UNKNOWN
2016-04-01T03:52:05.000000;2016-04-01T03:52:05.000000;8f60f9f0-57a1-4564-804c-bd50afb0c365;416.42;0.08000246;UNKNOWN
2016-04-01T03:52:29.000000;2016-04-01T03:52:29.000000;647beed0-600a-46e6-958a-52aa65e51255;416.42;0.01543162;UNKNOWN
2016-04-01T03:52:30.000000;2016-04-01T03:52:30.000000;18ab1b74-a8dd-499c-93fd-ee3af926bd10;416.42;0.14333937;UNKNOWN
2016-04-01T03:52:30.000000;2016-04-01T03:52:30.000000;47131372-469f-4a08-a7e3-27adca12cbf3;416.42;0.03667215;UNKNOWN
2016-04-01T03:52:31.000000;2016-04-01T03:52:31.000000;be2fa1e7-d7aa-4de9-b720-acd642a984f8;416.42;0.06889982;UNKNOWN
2016-04-01T03:53:02.000000;2016-04-01T03:53:02.000000;cd766788-aba8-44bb-9530-ef07c989bb56;416.42;0.20081451;UNKNOWN
2016-04-01T03:53:51.000000;2016-04-01T03:53:51.000000;bab9c5f9-2283-4e63-b564-ed9cfb925d5c;416.42;0.20033214;UNKNOWN
2016-04-01T03:54:06.000000;2016-04-01T03:54:06.000000;9e901f9d-9d2d-473f-a224-fa2381c18647;416.42;0.20717209;UNKNOWN
2016-04-01T03:54:11.000000;2016-04-01T03:54:11.000000;4ffacc3e-6165-4f86-8b4b-5e456182e208;416.42;0.20717209;UNKNOWN
2016-04-01T03:54:22.000000;2016-04-01T03:54:22.000000;efaa72e7-a7e8-4729-9452-9c2ece8d1b6e;416.42;0.20718489;UNKNOWN
2016-04-01T03:55:25.000000;2016-04-01T03:55:25.000000;88dbe043-3a32-4172-b6ca-4f2ed0c22c48;416.42;0.71347551;UNKNOWN
2016-04-01T03:55:31.000000;2016-04-01T03:55:31.000000;cf5c6ee0-907f-4d2a-8253-a9c292c95833;416.94;0.01;UNKNOWN
2016-04-01T03:55:31.000000;2016-04-01T03:55:31.000000;ad40955c-d3c2-47ac-8846-6328bb31d55a;416.93;0.67553989;UNKNOWN
2016-04-01T03:55:31.000000;2016-04-01T03:55:31.000000;72550168-a7b7-42ee-b7cd-a7d55ea0e568;417.09;0.82118016;UNKNOWN
2016-04-01T03:59:09.000000;2016-04-01T03:59:09.000000;c1e7dbf0-d59c-4bb3-9698-b3d15bf3be59;417.08;0.01;UNKNOWN
2016-04-01T03:59:09.000000;2016-04-01T03:59:09.000000;8e876018-2495-41e6-815a-c67683d395c4;417.07;0.30060445;UNKNOWN
2016-04-01T03:59:09.000000;2016-04-01T03:59:09.000000;4e9bc6b5-ac41-4d91-b60d-b23ad3ca21c6;417.1;0.28939555;UNKNOWN
2016-04-01T03:59:15.000000;2016-04-01T03:59:15.000000;091c842a-5da4-44dd-b2d2-382a0eb5ef6e;416.81;0.05;UNKNOWN
2016-04-01T04:00:06.000000;2016-04-01T04:00:06.000000;ef03e00e-7b2a-4af6-bb92-bb34d194a909;416.83;0.03;UNKNOWN
2016-04-01T04:00:12.000000;2016-04-01T04:00:12.000000;8203a4f2-3fc4-468c-b4e3-98c16eeea872;417.1;0.01545153;UNKNOWN
2016-04-01T04:00:12.000000;2016-04-01T04:00:12.000000;fa046e35-d975-4edc-9b64-2840fc4c408a;417.08;0.13453289;UNKNOWN
2016-04-01T04:00:12.000000;2016-04-01T04:00:12.000000;aeb1978d-227b-4d21-8c94-8db91c02a3e7;417.1;0.01545153;UNKNOWN
2016-04-01T04:00:12.000000;2016-04-01T04:00:12.000000;fff2034a-433a-46e6-965b-92860772d7ef;417.1;0.16692671;UNKNOWN
2016-04-01T04:00:13.000000;2016-04-01T04:00:13.000000;22b5cb90-e7f8-4032-85fb-b1335cd93d5f;417.1;0.2859926;UNKNOWN
2016-04-01T04:02:21.000000;2016-04-01T04:02:21.000000;84677261-7399-4b43-afca-19f8d8ea8783;416.94;0.26681005;UNKNOWN
2016-04-01T04:03:04.000000;2016-04-01T04:03:04.000000;a0e03481-b746-42b4-9488-24e8c9167543;416.98;0.04;UNKNOWN
2016-04-01T04:03:28.000000;2016-04-01T04:03:28.000000;84e2a3d8-31ec-40ad-9e22-8eaa381b8799;416.97;0.0377889;UNKNOWN
2016-04-01T04:04:21.000000;2016-04-01T04:04:21.000000;0e82ad98-f09c-4eb7-8050-2ae19cd6ba77;416.0;0.01;UNKNOWN
2016-04-01T04:04:21.000000;2016-04-01T04:04:21.000000;415731e2-ffe8-4776-b775-e07a21cacf0e;416.03;0.01;UNKNOWN
2016-04-01T04:04:21.000000;2016-04-01T04:04:21.000000;c9dcd57c-48ff-474e-b6d8-f49ef0e09720;416.0;4.68005944;UNKNOWN
2016-04-01T04:04:21.000000;2016-04-01T04:04:21.000000;f1674fb3-0263-4feb-b0a8-908b263656f8;416.08;4.67863618;UNKNOWN
2016-04-01T04:04:21.000000;2016-04-01T04:04:21.000000;d77e87b3-a843-485a-b4cb-843a5f28aebb;416.04;4.6786909;UNKNOWN
2016-04-01T04:04:21.000000;2016-04-01T04:04:21.000000;c3838ac6-fd95-4a35-a1d4-df23f73197ac;416.09;12.566;UNKNOWN
2016-04-01T04:04:21.000000;2016-04-01T04:04:21.000000;a4c78245-255c-4538-a8db-1e5fa573b949;416.23;4.67792487;UNKNOWN
2016-04-01T04:04:21.000000;2016-04-01T04:04:21.000000;ef773496-03a8-4066-b178-7dc230b19df2;416.27;4.67792487;UNKNOWN
2016-04-01T04:04:21.000000;2016-04-01T04:04:21.000000;fae0e030-d048-4908-9580-331317b49ecb;416.36;4.67732317;UNKNOWN
2016-04-01T04:04:21.000000;2016-04-01T04:04:21.000000;e0881471-817c-4d7c-8a84-a43ee5bb2731;416.11;4.6786909;UNKNOWN
2016-04-01T04:04:21.000000;2016-04-01T04:04:21.000000;e4372bdc-0208-4ab7-95a6-b551f4881317;416.55;4.17;UNKNOWN
2016-04-01T04:04:21.000000;2016-04-01T04:04:21.000000;e2622e21-9767-4b10-9c75-3907192bd464;416.94;5.66778995;UNKNOWN
2016-04-01T04:04:21.000000;2016-04-01T04:04:21.000000;51d71b3e-5c71-482a-af51-ea82dcc88e80;416.19;12.0026;UNKNOWN
2016-04-01T04:04:21.000000;2016-04-01T04:04:21.000000;7f1281ac-d876-4e01-a9ae-a2b0a78f5289;416.55;11.5954;UNKNOWN
2016-04-01T04:04:21.000000;2016-04-01T04:04:21.000000;47c9aca2-3c15-4b76-aad0-528971ed564e;416.5;13.0696;UNKNOWN
2016-04-01T04:04:21.000000;2016-04-01T04:04:21.000000;656332f4-f126-4c95-8dc0-a4a13119c402;416.36;12.2927;UNKNOWN
2016-04-01T04:04:21.000000;2016-04-01T04:04:21.000000;263dfbf4-fc9a-4cf6-83f9-36c3d855a8fe;416.37;4.24;UNKNOWN
2016-04-01T04:04:22.000000;2016-04-01T04:04:22.000000;c888c476-cfc3-4a35-858a-1469ac4681e6;416.0;0.46100689;UNKNOWN
2016-04-01T04:04:28.000000;2016-04-01T04:04:28.000000;3dcdc666-9cd2-412f-8450-217a8989d51a;415.93;2.0;UNKNOWN
2016-04-01T04:04:28.000000;2016-04-01T04:04:28.000000;758c58c2-41e5-45fc-aafd-9adae4f01c1f;415.64;12.855;UNKNOWN
2016-04-01T04:04:28.000000;2016-04-01T04:04:28.000000;a33ed78f-3f0c-4598-969e-33e645044652;415.55;1.93165347;UNKNOWN
2016-04-01T04:04:28.000000;2016-04-01T04:04:28.000000;4ec8d978-f794-49a5-8299-dd13caa801b5;415.78;13.8751;UNKNOWN
2016-04-01T04:04:28.000000;2016-04-01T04:04:28.000000;2fa89300-4cd2-4f45-a9d8-16231ce9a6ac;415.37;8.78112046;UNKNOWN
2016-04-01T04:04:28.000000;2016-04-01T04:04:28.000000;819fff65-c2d4-4d2d-b0b0-f3e5d79dccca;415.79;2.04;UNKNOWN
2016-04-01T04:04:28.000000;2016-04-01T04:04:28.000000;9d633f0b-bcf2-4ee2-9004-9379863654f4;415.77;0.2;UNKNOWN
2016-04-01T04:04:28.000000;2016-04-01T04:04:28.000000;b579224f-5ed6-49a2-bb14-b7701c3ca90d;415.51;12.4819;UNKNOWN
2016-04-01T04:04:28.000000;2016-04-01T04:04:28.000000;a0dffadd-0bb2-43ed-88ee-679385cfa8b4;415.57;1.603;UNKNOWN
2016-04-01T04:04:28.000000;2016-04-01T04:04:28.000000;1e00b700-ed9b-40bc-add2-db31807a4a5b;415.87;0.01;UNKNOWN
2016-04-01T04:04:28.000000;2016-04-01T04:04:28.000000;2a3b62f8-b76f-41a4-a685-f37938bb13ff;415.93;2.67847201;UNKNOWN
2016-04-01T04:04:28.000000;2016-04-01T04:04:28.000000;da4b80a5-3666-4003-a7b6-dc1c3823089c;415.79;13.9863;UNKNOWN
2016-04-01T04:04:28.000000;2016-04-01T04:04:28.000000;1b6de6b9-a6ab-47f4-9c83-4fe08b418524;415.55;0.01;UNKNOWN
2016-04-01T04:04:51.000000;2016-04-01T04:04:51.000000;75bba159-d5ca-4d53-b4fd-c7528801a3a6;416.0;0.03;UNKNOWN
2016-04-01T04:05:12.000000;2016-04-01T04:05:12.000000;c88feeee-5174-46a6-90b8-bc1f81b787a8;416.0;0.43;UNKNOWN
2016-04-01T04:05:16.000000;2016-04-01T04:05:16.000000;4cffbd07-76d7-4476-9709-87fc8f66a9d3;415.92;0.06;UNKNOWN
2016-04-01T04:05:25.000000;2016-04-01T04:05:25.000000;3d096053-1724-4168-99a7-699f90622183;415.78;0.14419399;UNKNOWN
2016-04-01T04:05:44.000000;2016-04-01T04:05:44.000000;efe23f78-3cf8-4d85-ae3c-d87dc942aa02;415.78;5.85990601;UNKNOWN
2016-04-01T04:07:10.000000;2016-04-01T04:07:10.000000;4ebb9db3-f9bf-4da5-9c3c-a40d164949f0;415.66;0.1205694;UNKNOWN
2016-04-01T04:07:19.000000;2016-04-01T04:07:19.000000;c95fb723-acd1-466c-91e0-ddebf0043379;415.75;0.012006;UNKNOWN
2016-04-01T04:07:49.000000;2016-04-01T04:07:49.000000;9e5a7f92-8054-4c17-8bb7-9bd6f963e28a;415.66;0.13633914;UNKNOWN
2016-04-01T04:07:50.000000;2016-04-01T04:07:50.000000;bd0bad7c-ef68-4791-b08d-7e9b9e3575f8;415.66;3.5;UNKNOWN
2016-04-01T04:08:23.000000;2016-04-01T04:08:23.000000;4fae75bf-84fc-4946-bba9-6dea7ad4769e;415.74;0.010005;UNKNOWN
2016-04-01T04:09:10.000000;2016-04-01T04:09:10.000000;18cdd5b6-2631-454b-bfb5-6b437f177ece;415.65;0.04821267;UNKNOWN
2016-04-01T04:09:53.000000;2016-04-01T04:09:53.000000;9e516402-8ff6-4dc9-ad22-976e43f4e1fe;415.75;0.910005;UNKNOWN
2016-04-01T04:09:53.000000;2016-04-01T04:09:53.000000;dd0b29e6-e335-40ec-b544-8a5597f9c2f8;415.74;0.089995;UNKNOWN
2016-04-01T04:11:01.000000;2016-04-01T04:11:01.000000;610d600e-d78b-48d3-bec9-561a9b00080b;415.68;0.7762758;UNKNOWN
2016-04-01T04:11:01.000000;2016-04-01T04:11:01.000000;f279c057-cfce-4539-be4a-c01a6e153665;415.75;0.02422397;UNKNOWN
2016-04-01T04:11:01.000000;2016-04-01T04:11:01.000000;d5cc24cc-4bf4-4ba9-9034-6e53686fd1d2;415.75;0.05520717;UNKNOWN
2016-04-01T04:11:03.000000;2016-04-01T04:11:03.000000;182a6e00-8b24-4122-a0ec-28022ac4a8e7;415.75;0.05520717;UNKNOWN
2016-04-01T04:11:04.000000;2016-04-01T04:11:04.000000;36fe9a27-c6f7-45fc-8445-6303e6af3770;415.75;0.05520717;UNKNOWN
2016-04-01T04:11:25.000000;2016-04-01T04:11:25.000000;a045008b-e962-43b6-9ead-913702867f3a;415.71;0.13261038;UNKNOWN
2016-04-01T04:11:25.000000;2016-04-01T04:11:25.000000;2a196f18-82b3-4b1f-845f-87c50ca6882c;415.71;0.916;UNKNOWN
2016-04-01T04:12:12.000000;2016-04-01T04:12:12.000000;2e373623-7d6d-407b-9490-5294627eedac;415.71;0.14462061;UNKNOWN
2016-04-01T04:12:51.000000;2016-04-01T04:12:51.000000;5923cbc6-f931-4539-873d-443493d2a632;415.8;4.60061642;UNKNOWN
2016-04-01T04:14:03.000000;2016-04-01T04:14:03.000000;c7774a5c-e4b3-4a42-b58a-8bef3ed9f6a5;416.12;0.01;UNKNOWN
2016-04-01T04:14:03.000000;2016-04-01T04:14:03.000000;d9b2fc51-3c0a-4870-a808-8dcfb5c08e4e;416.13;1.0867481;UNKNOWN
2016-04-01T04:14:05.000000;2016-04-01T04:14:05.000000;8f8ec60c-30e1-49d7-a626-947338e8f20b;415.84;0.04819644;UNKNOWN
2016-04-01T04:14:45.000000;2016-04-01T04:14:45.000000;8b641a31-2f6f-42c8-806e-3ababdf15017;415.84;0.12048529;UNKNOWN
2016-04-01T04:15:25.000000;2016-04-01T04:15:25.000000;fb71e3ee-810a-44c0-be88-925e66608611;415.85;0.03602523;UNKNOWN
2016-04-01T04:16:14.000000;2016-04-01T04:16:14.000000;c2053902-57b3-4d71-b199-26ecf3694360;416.27;0.01;UNKNOWN
2016-04-01T04:16:14.000000;2016-04-01T04:16:14.000000;33fe2cc6-3306-45c7-a8be-feafb7f57fca;416.47;7.99;UNKNOWN
2016-04-01T04:17:05.000000;2016-04-01T04:17:05.000000;eb4d1ee0-876b-4281-bdc7-92d7138ae3ed;415.94;1.46538774;UNKNOWN
2016-04-01T04:17:25.000000;2016-04-01T04:17:25.000000;14996ab8-adfb-465f-bb44-1226481188c8;415.94;0.319;UNKNOWN
2016-04-01T04:21:23.000000;2016-04-01T04:21:23.000000;634b0127-261d-4ac4-8fa8-fddd7567c550;416.4;0.01;UNKNOWN
2016-04-01T04:21:23.000000;2016-04-01T04:21:23.000000;c49e606f-b6e8-403d-850a-3f035a03509b;416.55;0.04;UNKNOWN
2016-04-01T04:23:57.000000;2016-04-01T04:23:57.000000;a25a9a7d-798b-4591-aace-3f3f0cf21ef6;416.7;0.0609;UNKNOWN
2016-04-01T04:23:57.000000;2016-04-01T04:23:57.000000;c43418b5-5c93-4093-ab1a-c9ca0744bbd4;416.38;0.01;UNKNOWN
2016-04-01T04:23:58.000000;2016-04-01T04:23:58.000000;5a625d66-68d6-4303-8efd-9f035748368d;416.7;0.04678343;UNKNOWN
2016-04-01T04:24:41.000000;2016-04-01T04:24:41.000000;4a15040d-4cc1-49f2-a164-ad799bd37619;416.33;0.01;UNKNOWN
2016-04-01T04:25:29.000000;2016-04-01T04:25:29.000000;609cca09-0394-427c-b225-4d089b4726e1;416.09;0.7752107;UNKNOWN
2016-04-01T04:25:29.000000;2016-04-01T04:25:29.000000;53b97de3-02dc-4e22-b41b-1eb29ecaff1b;416.34;0.0003;UNKNOWN
2016-04-01T04:34:30.000000;2016-04-01T04:34:30.000000;06cb7f72-13d4-4054-836d-9294f577aed7;416.01;0.06;UNKNOWN
2016-04-01T04:36:09.000000;2016-04-01T04:36:09.000000;cc1719e5-c103-4f28-86c7-5f9bc05ed62b;416.07;1.0;UNKNOWN
2016-04-01T04:36:09.000000;2016-04-01T04:36:09.000000;210d5b73-210b-424d-9563-c6adbc916c6f;416.08;0.2;UNKNOWN
2016-04-01T04:37:07.000000;2016-04-01T04:37:07.000000;03210374-d98d-4db2-9429-1c35100771ac;416.01;0.11727153;UNKNOWN
2016-04-01T04:37:25.000000;2016-04-01T04:37:25.000000;4e9d0f02-df69-454b-ae8f-f5e11c9a8687;416.08;0.0770775;UNKNOWN
2016-04-01T04:37:28.000000;2016-04-01T04:37:28.000000;ffc9cc74-124e-4693-815e-03968f4d4ad6;416.08;0.0770775;UNKNOWN
2016-04-01T04:39:10.000000;2016-04-01T04:39:10.000000;47fa437c-402f-4021-bfd0-92565dd67ccc;416.08;0.11577835;UNKNOWN
2016-04-01T04:44:04.000000;2016-04-01T04:44:04.000000;cb62bd84-5fbf-4c50-80eb-03079a88c05c;416.02;0.0617158;UNKNOWN
2016-04-01T04:45:36.000000;2016-04-01T04:45:36.000000;d44e1b8a-9523-41f4-9edd-644b84c3c6f4;416.08;1.15727796;UNKNOWN
2016-04-01T04:50:30.000000;2016-04-01T04:50:30.000000;db8938f1-b31b-4089-a3e0-7d3ff1bbfbc7;416.07;0.24564231;UNKNOWN
2016-04-01T04:52:37.000000;2016-04-01T04:52:37.000000;055e4be5-d37f-4792-a48c-1980bf7d3073;416.22;0.06981264;UNKNOWN
2016-04-01T04:55:05.000000;2016-04-01T04:55:05.000000;9ed53160-1b2b-434b-b7c3-3cbc7a0c24bc;416.21;0.7005;UNKNOWN
2016-04-01T04:56:21.000000;2016-04-01T04:56:21.000000;99c31137-d472-48be-b081-0dc98ec6b2be;416.21;0.1204129;UNKNOWN
2016-04-01T04:56:27.000000;2016-04-01T04:56:27.000000;5f47f787-2ee8-4a77-9f27-5e23f2f9dd15;416.25;1.0;UNKNOWN
2016-04-01T04:56:39.000000;2016-04-01T04:56:39.000000;98a7522f-9f36-47e2-a624-348b6df3e381;416.59;0.45;UNKNOWN
2016-04-01T04:56:39.000000;2016-04-01T04:56:39.000000;dd6d1cae-7eb1-4b65-ab86-1f271236895b;416.52;0.05;UNKNOWN
2016-04-01T04:58:05.000000;2016-04-01T04:58:05.000000;ea9796d4-505a-4f5b-97f4-3fdf366f852e;416.48;0.292;UNKNOWN
2016-04-01T04:58:30.000000;2016-04-01T04:58:30.000000;a0f3f0d9-4dbb-47a0-ac43-dc16c82f7a30;416.34;4.81154385;UNKNOWN
2016-04-01T04:59:05.000000;2016-04-01T04:59:05.000000;2735dd6a-007b-4f7b-bc2b-7a88b8bb4c7e;416.3;0.0448;UNKNOWN
2016-04-01T05:00:28.000000;2016-04-01T05:00:28.000000;4b02edaa-c002-4988-a9a5-3d3fb7c750e8;416.48;0.4532107;UNKNOWN
2016-04-01T05:00:28.000000;2016-04-01T05:00:28.000000;5ac074eb-a31e-4560-9b11-dd99d9227f15;416.49;0.37482951;UNKNOWN
2016-04-01T05:00:36.000000;2016-04-01T05:00:36.000000;141d3a72-9889-4037-9926-4a016620e1a5;416.49;0.82802933;UNKNOWN
2016-04-01T05:00:37.000000;2016-04-01T05:00:37.000000;11f6ecf2-23b3-49fd-9ee1-1c76f5f825f6;416.49;0.11618221;UNKNOWN
2016-04-01T05:00:38.000000;2016-04-01T05:00:38.000000;7919d630-a3ef-4db1-87bf-ec27a24f8836;416.49;0.28575902;UNKNOWN
2016-04-01T05:00:38.000000;2016-04-01T05:00:38.000000;41809bcd-1d67-4f68-8bd6-df9b0e6d6d29;416.49;0.82402858;UNKNOWN
2016-04-01T05:02:16.000000;2016-04-01T05:02:16.000000;8fbd3528-5ece-417c-a4ad-c523ee251d2b;416.5;0.06659015;UNKNOWN
2016-04-01T05:02:59.000000;2016-04-01T05:02:59.000000;1e17b253-1f3e-431e-b895-29be139383f6;416.35;0.86997653;UNKNOWN
2016-04-01T05:06:42.000000;2016-04-01T05:06:42.000000;59c2c864-7364-47b5-a32b-d5a1380e8d58;416.38;1.99873;UNKNOWN
2016-04-01T05:06:42.000000;2016-04-01T05:06:42.000000;5f8ba7a9-0d27-4e8d-94ec-b767dcffb729;416.4;2.0;UNKNOWN
2016-04-01T05:06:42.000000;2016-04-01T05:06:42.000000;814f0e22-7f19-4a1b-9d3a-89037b1e5346;416.49;2.40127;UNKNOWN
2016-04-01T05:06:42.000000;2016-04-01T05:06:42.000000;826fed3e-882a-4395-b138-29f6ff5a7644;416.4;2.0;UNKNOWN
2016-04-01T05:08:26.000000;2016-04-01T05:08:26.000000;064a3be2-bbaa-408e-bcff-ae24592796f0;416.5;0.0587925;UNKNOWN
2016-04-01T05:08:29.000000;2016-04-01T05:08:29.000000;d8b54390-a3e7-4efb-8b59-ea34665c60b9;416.36;1.2005;UNKNOWN
2016-04-01T05:10:39.000000;2016-04-01T05:10:39.000000;51d10002-e5c0-4b01-a285-7f97d3b87e94;416.5;0.1;UNKNOWN
2016-04-01T05:11:05.000000;2016-04-01T05:11:05.000000;c0a99870-25c1-4ec5-9498-1dada035d1ff;416.37;0.07293996;UNKNOWN
2016-04-01T05:16:38.000000;2016-04-01T05:16:38.000000;e33fc382-ea0f-43ca-8b5c-ec87e1e8d061;416.3;0.39745457;UNKNOWN
2016-04-01T05:16:38.000000;2016-04-01T05:16:38.000000;e1ec505a-eb75-487d-8a5c-728da69e522f;416.3;0.37770195;UNKNOWN
2016-04-01T05:16:39.000000;2016-04-01T05:16:39.000000;efae6b0f-aef7-4414-9e08-eb4295c276de;416.3;0.58597842;UNKNOWN
2016-04-01T05:16:39.000000;2016-04-01T05:16:39.000000;6fb1e45b-e7b9-4228-ace8-50e4e8aaad1c;416.3;0.77511968;UNKNOWN
2016-04-01T05:16:39.000000;2016-04-01T05:16:39.000000;e86707fd-5668-463d-990d-4968ef267a65;416.3;0.82667612;UNKNOWN
2016-04-01T05:17:17.000000;2016-04-01T05:17:17.000000;5edcbf68-871f-4feb-a4e9-34bbe5c92e85;416.3;2.50196926;UNKNOWN
2016-04-01T05:18:40.000000;2016-04-01T05:18:40.000000;36c12259-d810-4ab4-811d-6a3cf11cb820;416.12;5.9998;UNKNOWN
2016-04-01T05:18:40.000000;2016-04-01T05:18:40.000000;847c3bab-a2c0-4783-b715-0e5169c23a29;416.05;1.17958342;UNKNOWN
2016-04-01T05:20:24.000000;2016-04-01T05:20:24.000000;27b6dcf1-2cda-4c8d-865f-9b239a179454;416.06;0.21794414;UNKNOWN
2016-04-01T05:21:06.000000;2016-04-01T05:21:06.000000;08a08fca-72df-405b-840a-ab6df4e27c85;416.06;0.08;UNKNOWN
2016-04-01T05:21:23.000000;2016-04-01T05:21:23.000000;7da7f87b-393c-4933-839e-6e7a5f3d7e2e;416.06;0.0103;UNKNOWN
2016-04-01T05:21:45.000000;2016-04-01T05:21:45.000000;b7f49c98-6762-4363-ac05-b6d377570778;416.22;0.56167358;UNKNOWN
2016-04-01T05:21:45.000000;2016-04-01T05:21:45.000000;bb7977ac-2ca6-4192-8c94-926996dee198;416.22;1.16174009;UNKNOWN
2016-04-01T05:21:54.000000;2016-04-01T05:21:54.000000;5cace94b-b444-47f1-9624-14e73685c90d;416.22;1.16174009;UNKNOWN
2016-04-01T05:21:57.000000;2016-04-01T05:21:57.000000;e3929648-dd7a-4a35-9f21-e0a068c68196;416.07;0.05779958;UNKNOWN
2016-04-01T05:22:02.000000;2016-04-01T05:22:02.000000;3c8d313c-2cff-46ab-8814-4a33de80221e;416.22;0.503874;UNKNOWN
2016-04-01T05:22:03.000000;2016-04-01T05:22:03.000000;0dc16bc1-aa0e-4636-80e7-261e339dd5e2;416.22;0.503874;UNKNOWN
2016-04-01T05:22:48.000000;2016-04-01T05:22:48.000000;19cd5a0a-bf00-444c-946e-dc56844cd268;416.05;0.0101;UNKNOWN
2016-04-01T05:22:49.000000;2016-04-01T05:22:49.000000;f8eec336-de06-4ffb-aefb-d6b35dab8a60;416.05;0.389521;UNKNOWN
2016-04-01T05:22:49.000000;2016-04-01T05:22:49.000000;00890182-3302-486e-9e5d-f53d724f2611;416.05;0.773198;UNKNOWN
2016-04-01T05:22:55.000000;2016-04-01T05:22:55.000000;58064a83-6675-4edd-adfc-f1120af61d58;416.21;2.2;UNKNOWN
2016-04-01T05:26:05.000000;2016-04-01T05:26:05.000000;bd2d94a7-1da1-4cb9-ae51-45ab928e1a60;416.06;1.45800771;UNKNOWN
2016-04-01T05:27:00.000000;2016-04-01T05:27:00.000000;646a8dac-5856-4b5d-9d8f-1c434532e1ec;416.05;0.29221634;UNKNOWN
2016-04-01T05:27:57.000000;2016-04-01T05:27:57.000000;2b1ac212-17ba-41ba-b1b6-e28067e16773;416.02;5.9738;UNKNOWN
2016-04-01T05:27:57.000000;2016-04-01T05:27:57.000000;08ccf07a-f585-4e1e-bede-a25a9c127ae4;416.0;1.67081876;UNKNOWN
2016-04-01T05:27:57.000000;2016-04-01T05:27:57.000000;5df1e442-f002-4586-9638-5b3ddc47173f;416.05;7.35538124;UNKNOWN
2016-04-01T05:28:07.000000;2016-04-01T05:28:07.000000;e4d206e4-40f3-46a6-aaeb-30efdda55921;416.0;2.09;UNKNOWN
2016-04-01T05:28:15.000000;2016-04-01T05:28:15.000000;6424a5b9-c48c-41fe-8181-c775896bdf7f;416.0;6.23918124;UNKNOWN
2016-04-01T05:28:15.000000;2016-04-01T05:28:15.000000;dea39a8a-d4d0-43f7-bd97-bfde475f1811;416.0;0.06;UNKNOWN
2016-04-01T05:28:15.000000;2016-04-01T05:28:15.000000;2b507ca9-12dd-4452-9b6c-bfd576e0b10d;415.76;3.63985876;UNKNOWN
2016-04-01T05:28:16.000000;2016-04-01T05:28:16.000000;ac28de9e-398d-4ae4-81eb-3e4651b261c7;415.75;2.0;UNKNOWN
2016-04-01T05:28:25.000000;2016-04-01T05:28:25.000000;cf65b6a1-5604-408b-9d9a-39642ea3f9f3;415.32;0.6801;UNKNOWN
2016-04-01T05:28:25.000000;2016-04-01T05:28:25.000000;72576c7b-007a-4e1e-8dd9-514dc026c1bd;415.76;5.999;UNKNOWN
2016-04-01T05:28:25.000000;2016-04-01T05:28:25.000000;a8803f1d-7662-44d1-9d50-04b10419e848;415.4;0.2;UNKNOWN
2016-04-01T05:28:25.000000;2016-04-01T05:28:25.000000;faadfb6b-db67-432a-8d5b-e5e91fd708b1;415.75;8.0;UNKNOWN
2016-04-01T05:28:31.000000;2016-04-01T05:28:31.000000;f864e70b-1740-4bc9-82a1-48d87f056816;415.23;0.07;UNKNOWN
2016-04-01T05:28:31.000000;2016-04-01T05:28:31.000000;85e56487-20ec-4470-a491-741597c9e4f4;415.13;0.5;UNKNOWN
2016-04-01T05:28:31.000000;2016-04-01T05:28:31.000000;a535cc0c-21b1-4ada-ba03-0e539358c527;415.26;1.0;UNKNOWN
2016-04-01T05:28:31.000000;2016-04-01T05:28:31.000000;aa05e007-8970-44d9-80ac-75ca54ec0c14;415.05;0.43;UNKNOWN
2016-04-01T05:28:34.000000;2016-04-01T05:28:34.000000;46b84af2-c7c9-4d05-85c9-4a71a80dc31a;415.06;9.5;UNKNOWN
2016-04-01T05:28:34.000000;2016-04-01T05:28:34.000000;e9ede73c-b74e-457f-a671-132694a7cc9c;415.05;5.1981;UNKNOWN
2016-04-01T05:28:36.000000;2016-04-01T05:28:36.000000;30ec50f5-7c68-47c6-82ae-86a2f93b38d4;415.05;0.1274;UNKNOWN
2016-04-01T05:28:36.000000;2016-04-01T05:28:36.000000;d2741357-77ed-40a1-a5a3-d60ead63640f;415.05;2.74;UNKNOWN
2016-04-01T05:28:43.000000;2016-04-01T05:28:43.000000;65701aee-72cd-4ca7-930b-fc1e714d0e86;415.01;0.011;UNKNOWN
2016-04-01T05:28:43.000000;2016-04-01T05:28:43.000000;effe4453-4b06-4687-8c74-a8f5000baa18;415.05;1.5045;UNKNOWN
2016-04-01T05:28:43.000000;2016-04-01T05:28:43.000000;5f89a247-8dee-4f15-8652-7d17c448e56f;415.01;0.087163;UNKNOWN
2016-04-01T05:28:43.000000;2016-04-01T05:28:43.000000;6b77a1dd-28bb-49cc-b3e1-ef24a5897c63;415.0;13.095437;UNKNOWN
2016-04-01T05:28:51.000000;2016-04-01T05:28:51.000000;e8d5cee4-5c74-405d-80ef-2c19ca049124;415.0;14.698;UNKNOWN
2016-04-01T05:28:53.000000;2016-04-01T05:28:53.000000;17056ebd-923a-4192-a48f-f5db8c07a2e9;415.0;0.25;UNKNOWN
2016-04-01T05:28:53.000000;2016-04-01T05:28:53.000000;f6e1e3e6-b98d-4933-9b83-9d7415fc18fb;415.0;2.0;UNKNOWN
2016-04-01T05:28:53.000000;2016-04-01T05:28:53.000000;5a0f395b-2d5b-4ca4-9124-994d7e988b2f;415.0;0.293437;UNKNOWN
2016-04-01T05:28:53.000000;2016-04-01T05:28:53.000000;f21d7e2a-bb6c-4e9a-8690-eff560205cc6;414.83;1.0;UNKNOWN
2016-04-01T05:28:53.000000;2016-04-01T05:28:53.000000;f663c820-6823-40bb-b9d9-7054246a62cc;414.83;8.539097;UNKNOWN
2016-04-01T05:28:53.000000;2016-04-01T05:28:53.000000;d74a9f9c-631f-4078-ac6f-f26934e189e7;414.84;0.02504;UNKNOWN
2016-04-01T05:28:53.000000;2016-04-01T05:28:53.000000;081ab61e-e8b2-4907-8e2f-3b2a99d62e87;415.0;0.185863;UNKNOWN
2016-04-01T05:28:53.000000;2016-04-01T05:28:53.000000;eb6cb60b-d53c-4ff8-8b9d-d9a562f4624b;415.0;0.206563;UNKNOWN
2016-04-01T05:29:36.000000;2016-04-01T05:29:36.000000;f87dcf40-2867-468f-8f64-609f2c4b5a95;414.78;0.50819399;UNKNOWN
2016-04-01T05:30:24.000000;2016-04-01T05:30:24.000000;a9f99ca3-9084-4911-82ba-793fae333d89;414.79;6.0061;UNKNOWN
2016-04-01T05:30:24.000000;2016-04-01T05:30:24.000000;e54dc1eb-8d10-4d24-9a52-ab968370bbe8;414.79;8.5637;UNKNOWN
2016-04-01T05:30:30.000000;2016-04-01T05:30:30.000000;fb9a909b-e4e1-4bbf-8105-7a3068652002;414.77;9.25166;UNKNOWN
2016-04-01T05:30:30.000000;2016-04-01T05:30:30.000000;2c92d90b-82c5-4504-a5c7-39aa106b7db1;414.77;5.2;UNKNOWN
2016-04-01T05:30:30.000000;2016-04-01T05:30:30.000000;dd2f350b-54fe-4af7-89fc-2316743df343;414.77;0.02504;UNKNOWN
2016-04-01T05:30:31.000000;2016-04-01T05:30:31.000000;b0a99490-b31a-49b1-926e-27ec62626fb6;415.16;0.03487;UNKNOWN
2016-04-01T05:30:36.000000;2016-04-01T05:30:36.000000;e48f8e31-550d-45a9-a3a2-87eb71c44481;414.7;0.0103;UNKNOWN
2016-04-01T05:31:02.000000;2016-04-01T05:31:02.000000;78638088-1b76-41cf-9235-cb49cabd4ccd;415.02;0.23706;UNKNOWN
2016-04-01T05:31:10.000000;2016-04-01T05:31:10.000000;193a2c97-e964-40ea-b8e6-89862d9d7c68;415.0;0.19859475;UNKNOWN
2016-04-01T05:31:11.000000;2016-04-01T05:31:11.000000;c568f65b-0a41-46a6-afd6-e86fef993f5d;415.0;0.00140525;UNKNOWN
2016-04-01T05:32:05.000000;2016-04-01T05:32:05.000000;49857d78-977c-4a05-9967-184d31f7949a;414.97;0.9107729;UNKNOWN
2016-04-01T05:32:05.000000;2016-04-01T05:32:05.000000;ac6beb86-d311-4bbe-9fee-4abaa4d6a804;414.96;0.0892271;UNKNOWN
2016-04-01T05:32:24.000000;2016-04-01T05:32:24.000000;a3d22aa1-18d1-4c41-9b8a-29130eb81afe;414.96;0.04009573;UNKNOWN
2016-04-01T05:32:24.000000;2016-04-01T05:32:24.000000;18dd69b8-5dae-4b6b-b58f-7c55aba8b108;414.97;1.95990427;UNKNOWN
2016-04-01T05:35:16.000000;2016-04-01T05:35:16.000000;1c2e9294-f56e-4e2c-9c37-ffc611b39185;414.97;0.14826;UNKNOWN
2016-04-01T05:37:05.000000;2016-04-01T05:37:05.000000;650a4cb6-7dfd-4fad-a1fa-52f3b50a119b;414.97;0.177;UNKNOWN
2016-04-01T05:38:05.000000;2016-04-01T05:38:05.000000;88886171-8b2a-4e6d-a9ff-8f3b7a6cb0e2;414.97;0.72906331;UNKNOWN
2016-04-01T05:39:26.000000;2016-04-01T05:39:26.000000;64ef3e81-f580-4155-980a-f6c1e3a11cb7;414.96;0.014456;UNKNOWN
2016-04-01T05:45:17.000000;2016-04-01T05:45:17.000000;d6df349e-5b05-4215-8741-510457eef715;414.96;0.185544;UNKNOWN
2016-04-01T05:45:17.000000;2016-04-01T05:45:17.000000;e52f7ece-8e83-4ec4-aa74-8964c1224c92;414.96;0.05592601;UNKNOWN
2016-04-01T05:47:04.000000;2016-04-01T05:47:04.000000;5be5d495-5fac-4ed9-b745-c6ce3b8afe29;414.96;0.06692601;UNKNOWN
2016-04-01T05:47:04.000000;2016-04-01T05:47:04.000000;3ba97f41-0dfe-40d5-b639-ef4b167b1364;414.96;0.18307399;UNKNOWN
2016-04-01T05:47:21.000000;2016-04-01T05:47:21.000000;6369903f-d207-476b-8dc0-24aef97b7c33;414.96;0.2;UNKNOWN
2016-04-01T05:47:41.000000;2016-04-01T05:47:41.000000;8234a0e6-763d-4a86-8f42-ef3007bf9317;414.81;0.01882;UNKNOWN
2016-04-01T05:48:06.000000;2016-04-01T05:48:06.000000;2872076f-55cf-41f8-8599-9b2c4adce13a;414.78;0.2;UNKNOWN
2016-04-01T05:48:06.000000;2016-04-01T05:48:06.000000;e0ab0f06-72ea-4d6a-8612-ab8a1e2ee549;414.78;0.06188934;UNKNOWN
2016-04-01T05:48:12.000000;2016-04-01T05:48:12.000000;5c082afc-208c-4f90-a7be-a96576b83955;414.78;0.1173158;UNKNOWN
2016-04-01T05:48:24.000000;2016-04-01T05:48:24.000000;6da90c40-f1ea-4342-a2dd-8d21813c1fde;414.78;0.05255272;UNKNOWN
2016-04-01T05:48:35.000000;2016-04-01T05:48:35.000000;654b6c1b-73d4-4dcd-9bf3-2e9da33826ca;414.78;0.01629934;UNKNOWN
2016-04-01T05:48:35.000000;2016-04-01T05:48:35.000000;487d2bf4-6153-4f0e-8218-95c5a1c9a3b4;414.78;0.00724214;UNKNOWN
2016-04-01T05:49:15.000000;2016-04-01T05:49:15.000000;d4fc3406-28e4-4ed6-a7c1-cab24c1d86a2;414.78;0.080034;UNKNOWN
2016-04-01T05:49:25.000000;2016-04-01T05:49:25.000000;a0a20cb1-fba1-433d-afb6-a4774633fb91;414.78;0.14266666;UNKNOWN
2016-04-01T05:49:25.000000;2016-04-01T05:49:25.000000;acfa017c-e0bb-45e2-8be7-77f13dd23290;414.78;0.19153223;UNKNOWN
2016-04-01T05:49:28.000000;2016-04-01T05:49:28.000000;34b0ce31-de71-42c4-b304-73d82d61c1f0;414.78;0.04746777;UNKNOWN
2016-04-01T05:49:28.000000;2016-04-01T05:49:28.000000;a0a41aee-abbf-4783-b56c-b346dec78803;414.78;0.14499461;UNKNOWN
2016-04-01T05:49:32.000000;2016-04-01T05:49:32.000000;e0432a1a-d3cd-4335-9f2c-0669b19468cb;414.79;1.29864188;UNKNOWN
2016-04-01T05:49:32.000000;2016-04-01T05:49:32.000000;a9b5972d-3c8c-4acf-9d5b-510c2ec46ea9;414.79;4.71625812;UNKNOWN
2016-04-01T05:49:42.000000;2016-04-01T05:49:42.000000;efca2859-e4c4-4847-8499-2dfa2c0c9425;414.78;0.05500539;UNKNOWN
2016-04-01T05:49:42.000000;2016-04-01T05:49:42.000000;bdd45cee-d021-4df6-8aca-2b90cf9a92ad;414.78;0.03143338;UNKNOWN
2016-04-01T05:49:49.000000;2016-04-01T05:49:49.000000;e25c5dd5-38ed-4ab6-859d-b9719e2dd214;414.78;0.08026;UNKNOWN
2016-04-01T05:50:11.000000;2016-04-01T05:50:11.000000;335a8e56-a7a3-4525-b594-ed2b3de8c99e;414.78;0.080479;UNKNOWN
2016-04-01T05:50:22.000000;2016-04-01T05:50:22.000000;40feb41e-1cce-425c-a3b6-e305a35f6428;414.78;0.13473216;UNKNOWN
2016-04-01T05:50:22.000000;2016-04-01T05:50:22.000000;e7d35c21-0843-4b41-9400-494de1dc293d;414.78;0.04682762;UNKNOWN
2016-04-01T05:50:43.000000;2016-04-01T05:50:43.000000;f53f2d95-0a21-4b9d-a839-04ca6f9d9ef6;414.79;0.01;UNKNOWN
2016-04-01T05:50:48.000000;2016-04-01T05:50:48.000000;3821b0fd-0bb5-44dc-a80c-e56d772d00ad;414.79;0.01;UNKNOWN
2016-04-01T05:50:51.000000;2016-04-01T05:50:51.000000;063485ef-f6ce-43c7-8222-7b3b6ed81b27;414.79;0.01;UNKNOWN
2016-04-01T05:51:28.000000;2016-04-01T05:51:28.000000;117fb507-7597-4f3c-9123-4a133a9b17ba;414.78;0.10326784;UNKNOWN
2016-04-01T05:52:05.000000;2016-04-01T05:52:05.000000;d2845d9b-49b6-4382-bbc8-cd869e18482c;414.72;0.01131134;UNKNOWN
2016-04-01T05:52:45.000000;2016-04-01T05:52:45.000000;00def38d-2b5c-4d04-a850-3faeeede2623;414.76;0.13852254;UNKNOWN
2016-04-01T05:53:16.000000;2016-04-01T05:53:16.000000;047c889c-1b4c-4439-b27e-8841138dc3f1;414.74;0.06205617;UNKNOWN
2016-04-01T05:53:26.000000;2016-04-01T05:53:26.000000;98f7d1f8-5617-4678-9d0e-4656831e181e;414.74;0.01;UNKNOWN
2016-04-01T05:53:33.000000;2016-04-01T05:53:33.000000;a00b0bd3-7bcb-424c-8fd1-6fa6e375f8b4;414.74;0.01;UNKNOWN
2016-04-01T05:53:40.000000;2016-04-01T05:53:40.000000;522701f7-e7be-47ba-8264-bf7ad7f25da4;414.73;0.02774296;UNKNOWN
2016-04-01T05:53:53.000000;2016-04-01T05:53:53.000000;99f7003a-7fe3-45c0-9b80-5f28b21fc0fd;414.74;0.01;UNKNOWN
2016-04-01T05:54:08.000000;2016-04-01T05:54:08.000000;734b6124-79b9-433f-bdb0-2cc790cff42a;414.73;0.19944676;UNKNOWN
2016-04-01T05:54:20.000000;2016-04-01T05:54:20.000000;965b1285-3bae-4ca8-bc34-674ce3ff10ca;414.73;0.08916775;UNKNOWN
2016-04-01T05:54:21.000000;2016-04-01T05:54:21.000000;c00dd329-ea1f-49d8-8eeb-f83c2c63d463;414.73;0.15943939;UNKNOWN
2016-04-01T05:54:31.000000;2016-04-01T05:54:31.000000;8529c818-0c73-4163-a358-fc60f847d855;414.73;0.04013905;UNKNOWN
2016-04-01T05:54:42.000000;2016-04-01T05:54:42.000000;a094576d-eb3f-47ad-b452-6bd164618493;414.74;0.01;UNKNOWN
2016-04-01T05:54:45.000000;2016-04-01T05:54:45.000000;ef63fe9c-eb9d-41b0-9f06-1f055ec0c8ca;414.74;0.01;UNKNOWN
2016-04-01T05:55:07.000000;2016-04-01T05:55:07.000000;43e1f60d-0059-40e8-8d2f-7aaa8fd440ee;414.74;0.01;UNKNOWN
2016-04-01T05:57:06.000000;2016-04-01T05:57:06.000000;881b9ad1-c247-4350-a7c7-e8157bd05368;414.74;0.034844;UNKNOWN
2016-04-01T05:57:08.000000;2016-04-01T05:57:08.000000;3e24390f-6117-4116-b1c2-cdb396f09907;414.75;4.70710066;UNKNOWN
2016-04-01T05:57:15.000000;2016-04-01T05:57:15.000000;4cbbab64-1c8e-4ef0-bcf2-3d7ff3a47c4b;414.79;0.2;UNKNOWN
2016-04-01T05:57:16.000000;2016-04-01T05:57:16.000000;6e3517e4-b8a6-4f9f-9a6a-6d6dc7e23fa3;414.77;0.2;UNKNOWN
2016-04-01T05:57:44.000000;2016-04-01T05:57:44.000000;5529d967-8f84-4ccf-85f6-ec9163e9ab29;414.79;0.22242519;UNKNOWN
2016-04-01T05:57:56.000000;2016-04-01T05:57:56.000000;d6fab285-212a-4b42-a383-d966a520dd63;414.79;0.01557481;UNKNOWN
2016-04-01T05:57:56.000000;2016-04-01T05:57:56.000000;480a4c20-a8b4-4cd8-8b2f-12c6bb24a71d;414.79;0.08432712;UNKNOWN
2016-04-01T05:58:08.000000;2016-04-01T05:58:08.000000;94d8bf78-88bb-49bb-9dde-3ba066c118cd;414.79;0.04487079;UNKNOWN
2016-04-01T05:58:17.000000;2016-04-01T05:58:17.000000;8ebb54c5-40dd-4cea-a694-4b1bfba95c83;414.8;4.70771005;UNKNOWN
2016-04-01T05:58:17.000000;2016-04-01T05:58:17.000000;39e7dd34-4db3-4b95-8c89-1501584de2c4;414.79;0.02015365;UNKNOWN
2016-04-01T05:58:17.000000;2016-04-01T05:58:17.000000;fc1aeb9e-258f-4048-bca0-5fd55d2f98a8;414.8;0.0103;UNKNOWN
2016-04-01T05:58:17.000000;2016-04-01T05:58:17.000000;3053e350-a5f8-4584-9aa9-a10da57bfea5;414.8;0.28198995;UNKNOWN
2016-04-01T05:58:32.000000;2016-04-01T05:58:32.000000;3f84aefb-8a4d-43d1-b527-cc349d65b732;414.81;0.62726684;UNKNOWN
2016-04-01T05:58:32.000000;2016-04-01T05:58:32.000000;4317460c-ae97-4928-89df-dd7c10b7ce1f;414.81;4.08;UNKNOWN
2016-04-01T05:59:32.000000;2016-04-01T05:59:32.000000;06824355-69a6-4f94-b3ad-3615c8f7c856;414.83;0.18818521;UNKNOWN
2016-04-01T05:59:43.000000;2016-04-01T05:59:43.000000;7b694bee-8653-41b3-af9b-ab4dd2938b5e;414.83;0.01181479;UNKNOWN
2016-04-01T05:59:43.000000;2016-04-01T05:59:43.000000;89fe566e-e146-4404-b99e-ecf9566d495c;414.83;0.0728171;UNKNOWN
2016-04-01T06:00:04.000000;2016-04-01T06:00:04.000000;c52efc97-f103-4aa4-8fcd-acc0f63283b5;414.83;0.03806048;UNKNOWN
2016-04-01T06:00:19.000000;2016-04-01T06:00:19.000000;3e66d7d3-07a5-4ef0-badc-12c1d4ed502f;414.84;0.20035526;UNKNOWN
2016-04-01T06:00:34.000000;2016-04-01T06:00:34.000000;a5a74ea8-9b61-4f61-a329-ea893f1999dc;414.83;0.05672956;UNKNOWN
2016-04-01T06:00:34.000000;2016-04-01T06:00:34.000000;b44bb487-df21-44dc-a88e-e931263a2e00;414.83;0.238;UNKNOWN
2016-04-01T06:00:34.000000;2016-04-01T06:00:34.000000;8b49081b-e009-476e-af8c-4edd91e3d075;414.83;0.238;UNKNOWN
2016-04-01T06:00:34.000000;2016-04-01T06:00:34.000000;ed2c89ee-9610-482f-ab4f-7e022eaa3383;414.83;0.12712242;UNKNOWN
2016-04-01T06:01:57.000000;2016-04-01T06:01:57.000000;d6a1a383-2b6c-440d-a5fa-71a17191d7ac;414.83;0.01960864;UNKNOWN
2016-04-01T06:01:57.000000;2016-04-01T06:01:57.000000;3dd5ba56-6c29-4810-952e-8225ec2f9067;414.83;0.18027044;UNKNOWN
2016-04-01T06:03:38.000000;2016-04-01T06:03:38.000000;26b0dc03-5082-44bb-ae64-02ed6a65eb8b;414.83;0.237;UNKNOWN
2016-04-01T06:03:38.000000;2016-04-01T06:03:38.000000;c336f54c-bda5-4444-a0ea-0c845131cc16;414.83;0.19060864;UNKNOWN
2016-04-01T06:03:38.000000;2016-04-01T06:03:38.000000;e3b6237e-f9ae-4cfd-881b-abb0ba5435ca;414.83;0.21839136;UNKNOWN
2016-04-01T06:03:38.000000;2016-04-01T06:03:38.000000;193e1695-14e0-44f8-9bb1-061617b2ca07;414.83;0.238;UNKNOWN
2016-04-01T06:03:38.000000;2016-04-01T06:03:38.000000;3cd13253-8589-4a40-91a8-e2f6b9b1813e;414.83;0.08;UNKNOWN
2016-04-01T06:03:38.000000;2016-04-01T06:03:38.000000;2948a1fb-985d-49b2-a864-daa5eeb53f4f;414.83;0.236;UNKNOWN
2016-04-01T06:04:13.000000;2016-04-01T06:04:13.000000;fa808590-1e79-456b-9143-a8d68f1d4af3;414.83;0.04739136;UNKNOWN
2016-04-01T06:04:13.000000;2016-04-01T06:04:13.000000;5201f50a-8638-44f7-bb41-1d3471aa1da6;414.83;0.15867085;UNKNOWN
2016-04-01T06:04:14.000000;2016-04-01T06:04:14.000000;a3e06f91-ec88-43ab-8455-8622c709afd1;414.83;1.2;UNKNOWN
2016-04-01T06:04:25.000000;2016-04-01T06:04:25.000000;4a25a8ae-fb67-486a-b0f6-3cb64d0fab06;414.83;0.09267166;UNKNOWN
2016-04-01T06:04:36.000000;2016-04-01T06:04:36.000000;528de1cf-7626-4cf2-b00b-86013ee6caba;414.83;0.04167691;UNKNOWN
2016-04-01T06:04:46.000000;2016-04-01T06:04:46.000000;88896459-8f50-44f8-90bf-a26846431c67;414.83;0.01;UNKNOWN
2016-04-01T06:05:47.000000;2016-04-01T06:05:47.000000;40a1e864-7b83-4998-a009-7aeb972cae09;414.83;0.105;UNKNOWN
2016-04-01T06:05:51.000000;2016-04-01T06:05:51.000000;9991f267-d241-45cc-9c00-f006e90f3d8d;414.83;0.09;UNKNOWN
2016-04-01T06:06:05.000000;2016-04-01T06:06:05.000000;8f36573f-b334-48b9-bb6c-63854061f231;414.84;0.51716324;UNKNOWN
2016-04-01T06:09:13.000000;2016-04-01T06:09:13.000000;f69b2711-8cbe-4038-8f65-e5cbf6917bfd;414.83;5.948;UNKNOWN
2016-04-01T06:09:13.000000;2016-04-01T06:09:13.000000;a27092ee-282d-48bf-9d84-d1dca5a5caab;414.8;5.0;UNKNOWN
2016-04-01T06:09:13.000000;2016-04-01T06:09:13.000000;b0685d84-5e3a-4157-a946-7caad80d59dd;414.83;0.237;UNKNOWN
2016-04-01T06:09:13.000000;2016-04-01T06:09:13.000000;ab50e308-6f34-4fa9-ad4d-5168a142873e;414.83;0.235;UNKNOWN
2016-04-01T06:09:13.000000;2016-04-01T06:09:13.000000;294be799-cb33-4209-9b16-f4775c0a9ee4;414.83;0.203;UNKNOWN
2016-04-01T06:09:13.000000;2016-04-01T06:09:13.000000;4382f999-64ae-4d46-af50-82d95b1c7109;414.69;2.7776;UNKNOWN
2016-04-01T06:09:17.000000;2016-04-01T06:09:17.000000;6d131c9f-cec4-4648-b948-89af67fc053f;414.84;0.05;UNKNOWN
2016-04-01T06:09:35.000000;2016-04-01T06:09:35.000000;375bf191-afed-4164-aae9-80b08adcc60e;414.54;0.02415457;UNKNOWN
2016-04-01T06:09:46.000000;2016-04-01T06:09:46.000000;de923834-5774-4a88-9331-66ac00240562;414.54;8.22545457;UNKNOWN
2016-04-01T06:09:46.000000;2016-04-01T06:09:46.000000;93e1a02b-1d98-4022-9f31-1afe1d03e6d4;414.54;6.00084543;UNKNOWN
2016-04-01T06:09:57.000000;2016-04-01T06:09:57.000000;21571cdb-5656-4a1e-91ec-071071c594da;414.53;12.9071;UNKNOWN
2016-04-01T06:09:57.000000;2016-04-01T06:09:57.000000;aa64d489-eba6-46ab-8a8d-5c2a28ca6364;414.51;1.318;UNKNOWN
2016-04-01T06:10:02.000000;2016-04-01T06:10:02.000000;caa8e1ba-8610-4f31-b0fa-83ec08e31fb5;414.5;6.0379;UNKNOWN
2016-04-01T06:10:02.000000;2016-04-01T06:10:02.000000;7abc5bac-fb70-4f73-9ca7-81e9e0258cdb;414.52;7.9469;UNKNOWN
2016-04-01T06:10:05.000000;2016-04-01T06:10:05.000000;ce674ebe-f811-4894-a6ec-c5ba7542a8a4;414.53;0.08;UNKNOWN
2016-04-01T06:10:07.000000;2016-04-01T06:10:07.000000;220e6813-0ec5-41e0-8f1f-170833293742;414.5;1.9621;UNKNOWN
2016-04-01T06:10:07.000000;2016-04-01T06:10:07.000000;e04071f7-82af-4741-91eb-f1c2daca565d;414.53;5.9285;UNKNOWN
2016-04-01T06:10:07.000000;2016-04-01T06:10:07.000000;968d6814-fb9f-4121-88ef-50898c99d5a2;414.41;1.0938;UNKNOWN
2016-04-01T06:10:07.000000;2016-04-01T06:10:07.000000;6960c378-e7c6-4b32-890a-b92da86d6707;414.5;5.0;UNKNOWN
2016-04-01T06:10:11.000000;2016-04-01T06:10:11.000000;b8d94197-cb74-4678-9300-509fb048f3a4;414.36;0.04494935;UNKNOWN
2016-04-01T06:10:11.000000;2016-04-01T06:10:11.000000;8af7c271-2ba5-4177-9d93-da9b66612ae6;414.36;0.8914;UNKNOWN
2016-04-01T06:10:11.000000;2016-04-01T06:10:11.000000;5a10c947-2509-42b1-b93e-8d831c96c67f;414.42;0.8086;UNKNOWN
2016-04-01T06:10:11.000000;2016-04-01T06:10:11.000000;5c2d1220-fc47-4830-b3d7-14873fadd0a9;414.36;0.065;UNKNOWN
2016-04-01T06:10:11.000000;2016-04-01T06:10:11.000000;56181215-cf47-4ca9-9b85-c714a56a8138;414.4;0.3;UNKNOWN
2016-04-01T06:10:15.000000;2016-04-01T06:10:15.000000;3259c8cb-fbd5-45c7-9034-4aa49bb67681;414.11;0.04;UNKNOWN
2016-04-01T06:10:15.000000;2016-04-01T06:10:15.000000;cd8a6d0d-3989-40ed-afa3-84518b43b860;414.26;1.0;UNKNOWN
2016-04-01T06:10:15.000000;2016-04-01T06:10:15.000000;4ed01191-e7f7-4609-a9db-1b1a3a7195bd;414.36;1.99865065;UNKNOWN
2016-04-01T06:10:15.000000;2016-04-01T06:10:15.000000;a2fe9f4a-5faa-4508-a85c-9898053728f5;414.11;9.204142;UNKNOWN
2016-04-01T06:10:15.000000;2016-04-01T06:10:15.000000;74f4ffb9-6c38-4b1c-82b1-c8ea6ea8224a;414.33;1.0;UNKNOWN
2016-04-01T06:10:15.000000;2016-04-01T06:10:15.000000;0827e47e-d850-4cf6-9bdd-ff40e01394d7;414.13;0.50120735;UNKNOWN
2016-04-01T06:10:26.000000;2016-04-01T06:10:26.000000;decff4c3-5160-4109-99c5-b4c78bf53c90;414.05;7.7634;UNKNOWN
2016-04-01T06:10:26.000000;2016-04-01T06:10:26.000000;0100992d-bee5-40ba-b6ae-882675a46789;414.06;5.9801;UNKNOWN
2016-04-01T06:10:44.000000;2016-04-01T06:10:44.000000;6b4f42f7-7666-4032-a787-98043a4b8311;414.06;6.0106;UNKNOWN
2016-04-01T06:10:44.000000;2016-04-01T06:10:44.000000;20ffce5a-f2b6-4aae-81a4-d27344bc9b1b;414.0;5.6399;UNKNOWN
2016-04-01T06:10:44.000000;2016-04-01T06:10:44.000000;4c8d3b19-40cd-4cf9-bd56-d7c92ee2cbda;414.05;2.2366;UNKNOWN
2016-04-01T06:10:49.000000;2016-04-01T06:10:49.000000;d83a9101-fbaa-46be-9981-8dad4d6c68fd;414.0;2.0;UNKNOWN
2016-04-01T06:11:05.000000;2016-04-01T06:11:05.000000;4465f718-c9b6-4fc7-bf06-30cfdd6d8bb6;414.46;0.48700968;UNKNOWN
2016-04-01T06:11:05.000000;2016-04-01T06:11:05.000000;2f12ea73-8327-4eaf-8dc0-5571a956a038;414.46;0.242;UNKNOWN
2016-04-01T06:11:09.000000;2016-04-01T06:11:09.000000;b1e60793-bbe6-4e7f-97c2-e9dde22a5f97;414.45;0.2;UNKNOWN
2016-04-01T06:14:27.000000;2016-04-01T06:14:27.000000;faced8f4-222b-4b70-8b3a-6ff33ba633b4;414.4;8.86085;UNKNOWN
2016-04-01T06:17:01.000000;2016-04-01T06:17:01.000000;23aad17a-2fb6-4502-a741-57605ee458a6;414.41;0.1002;UNKNOWN
2016-04-01T06:18:05.000000;2016-04-01T06:18:05.000000;bb5e56e8-49c0-41af-a03a-379d51970792;414.41;1.45744444;UNKNOWN
2016-04-01T06:18:38.000000;2016-04-01T06:18:38.000000;1b02bd24-b413-4858-8e7b-1d27a5bb97e4;414.28;6.0169;UNKNOWN
2016-04-01T06:18:38.000000;2016-04-01T06:18:38.000000;9a012817-0d9b-494c-b819-d2ee7c8cb5d1;414.4;0.236;UNKNOWN
2016-04-01T06:18:38.000000;2016-04-01T06:18:38.000000;99db0044-27a3-4250-9d7f-ead9d85bd179;414.4;4.86595;UNKNOWN
2016-04-01T06:18:38.000000;2016-04-01T06:18:38.000000;15e5e9dd-99a4-4a5b-b558-3eb2b79f4f05;414.4;0.013;UNKNOWN
2016-04-01T06:18:38.000000;2016-04-01T06:18:38.000000;c70ade87-e9b7-4fea-8859-841820f592ea;414.28;2.41205;UNKNOWN
2016-04-01T06:18:38.000000;2016-04-01T06:18:38.000000;3884de77-c3ce-4d20-a448-eb1d1b67002d;414.4;0.15;UNKNOWN
2016-04-01T06:18:56.000000;2016-04-01T06:18:56.000000;1cc2c4e2-3921-4213-ac5d-28addcf66e29;414.25;13.2033;UNKNOWN
2016-04-01T06:18:56.000000;2016-04-01T06:18:56.000000;d9eea6dc-fc20-4cbe-9ee6-6779e2783d7f;414.11;0.24897286;UNKNOWN
2016-04-01T06:18:56.000000;2016-04-01T06:18:56.000000;c7c3b002-4b49-487a-9f7b-bb9e0ad5a9a9;414.27;0.01562714;UNKNOWN
2016-04-01T06:19:00.000000;2016-04-01T06:19:00.000000;1cc49834-81c4-4a25-853b-3d1b0e027802;414.11;13.12252714;UNKNOWN
2016-04-01T06:19:00.000000;2016-04-01T06:19:00.000000;a32b8c35-e552-4c88-be95-45d97ce4cf2d;414.04;0.16467286;UNKNOWN
2016-04-01T06:19:09.000000;2016-04-01T06:19:09.000000;ebb05221-7f12-4a43-b991-5dd91375fca1;414.1;0.02417963;UNKNOWN
2016-04-01T06:19:15.000000;2016-04-01T06:19:15.000000;aa1b4d1a-3c9a-4b56-8806-b9672190452a;414.39;0.332;UNKNOWN
2016-04-01T06:20:06.000000;2016-04-01T06:20:06.000000;54629e3b-b4de-47bb-838b-23f0db8b6959;414.23;13.0448;UNKNOWN
2016-04-01T06:22:06.000000;2016-04-01T06:22:06.000000;ffaf34b5-ca19-4e28-b052-d8f65531511e;414.33;0.2;UNKNOWN
2016-04-01T06:24:02.000000;2016-04-01T06:24:02.000000;cc25d9b5-12c2-4977-a410-9779c1bd408b;414.33;1.816182;UNKNOWN
2016-04-01T06:24:25.000000;2016-04-01T06:24:25.000000;4de64bb5-84ae-4c57-9449-97510cdda892;414.33;2.4295;UNKNOWN
2016-04-01T06:25:09.000000;2016-04-01T06:25:09.000000;da8e141e-722f-4844-a92c-2ee796a34469;414.25;0.04837677;UNKNOWN
2016-04-01T06:26:41.000000;2016-04-01T06:26:41.000000;81126569-367c-41ce-8b4a-fb3c2eb20a06;414.33;0.1;UNKNOWN
2016-04-01T06:27:03.000000;2016-04-01T06:27:03.000000;c22bd136-c81c-4e88-aff7-cd5225b1282d;414.33;0.1;UNKNOWN
2016-04-01T06:27:05.000000;2016-04-01T06:27:05.000000;daf6c96e-1f55-4a13-b39a-10665194f50b;414.25;0.03862;UNKNOWN
2016-04-01T06:27:16.000000;2016-04-01T06:27:16.000000;076a3344-f64a-4d38-8f0a-ce5a9df85cbd;414.33;0.1;UNKNOWN
2016-04-01T06:27:29.000000;2016-04-01T06:27:29.000000;6750bf45-3e08-4a66-b5ef-b8ddabaf7e36;414.33;0.1;UNKNOWN
2016-04-01T06:27:29.000000;2016-04-01T06:27:29.000000;abaf661e-869c-4eee-be92-3318bc085df1;414.33;0.02;UNKNOWN
2016-04-01T06:27:40.000000;2016-04-01T06:27:40.000000;c32fec76-57a8-4951-8b5c-a3ec23941386;414.33;0.04569522;UNKNOWN
2016-04-01T06:27:40.000000;2016-04-01T06:27:40.000000;a88ea8e1-9b4c-4370-8130-9ad171b99729;414.33;0.05430478;UNKNOWN
2016-04-01T06:28:03.000000;2016-04-01T06:28:03.000000;9fa7f3fe-2b9e-41df-96d9-a6c423b24ea1;414.53;0.1002;UNKNOWN
2016-04-01T06:29:45.000000;2016-04-01T06:29:45.000000;2035caa2-2a58-4f3f-8782-50c74267fe55;414.53;0.242198;UNKNOWN
2016-04-01T06:31:05.000000;2016-04-01T06:31:05.000000;94a83f3d-41c0-4f9b-840e-05cd194f0f43;414.5;1.80052854;UNKNOWN
2016-04-01T06:31:05.000000;2016-04-01T06:31:05.000000;a568f8cd-6307-4be3-9778-6832527ab5bf;414.49;0.19947146;UNKNOWN
2016-04-01T06:31:05.000000;2016-04-01T06:31:05.000000;6f5691f1-235e-469e-b79b-11fece30ae6c;414.4;0.0101;UNKNOWN
2016-04-01T06:31:08.000000;2016-04-01T06:31:08.000000;5c8f8e07-7654-4482-8901-72d188b3bd52;414.4;0.0101;UNKNOWN
2016-04-01T06:32:05.000000;2016-04-01T06:32:05.000000;06dd4f03-3b53-466e-8d45-405c223bce78;414.4;0.015709;UNKNOWN
2016-04-01T06:32:06.000000;2016-04-01T06:32:06.000000;50dd55fb-5075-4ab6-8737-ea34a4353402;414.4;0.081012;UNKNOWN
2016-04-01T06:32:06.000000;2016-04-01T06:32:06.000000;ac3fbdc9-1140-448f-b0fc-894f2826f75c;414.4;0.0101;UNKNOWN
2016-04-01T06:32:06.000000;2016-04-01T06:32:06.000000;91200e48-fa2e-4a0f-860f-afaa9810e4a6;414.4;0.02331508;UNKNOWN
2016-04-01T06:32:22.000000;2016-04-01T06:32:22.000000;63230f53-fec4-47f7-813f-e7c9a3838419;414.4;0.119305;UNKNOWN
2016-04-01T06:32:22.000000;2016-04-01T06:32:22.000000;a1fbc078-110b-4632-8dc2-68a53524506d;414.4;0.081173;UNKNOWN
2016-04-01T06:32:22.000000;2016-04-01T06:32:22.000000;8c669014-aa15-401d-a616-26d8a97adaa3;414.4;0.0101;UNKNOWN
2016-04-01T06:32:26.000000;2016-04-01T06:32:26.000000;cd3759d9-a584-48b5-8f94-a4437ff26055;414.4;0.0101;UNKNOWN
2016-04-01T06:32:32.000000;2016-04-01T06:32:32.000000;c7dcaaf6-2879-489b-a701-190961887b38;414.52;0.08156;UNKNOWN
2016-04-01T06:32:33.000000;2016-04-01T06:32:33.000000;c377bfc4-1bcc-4d31-be9e-83151f3c8a17;414.52;0.0101;UNKNOWN
2016-04-01T06:32:33.000000;2016-04-01T06:32:33.000000;e1918008-3532-4a00-87bf-906abe17be33;414.52;0.092228;UNKNOWN
2016-04-01T06:32:35.000000;2016-04-01T06:32:35.000000;5fb24ffe-deeb-4150-985f-bfce212e9b20;414.52;0.304219;UNKNOWN
2016-04-01T06:32:36.000000;2016-04-01T06:32:36.000000;9301518a-1ba6-48d7-b54e-00e29d2cea1e;414.52;0.081948;UNKNOWN
2016-04-01T06:32:37.000000;2016-04-01T06:32:37.000000;3af7cc81-fb08-44af-9008-35ac6394321d;414.52;0.0101;UNKNOWN
2016-04-01T06:32:39.000000;2016-04-01T06:32:39.000000;4bcd9f19-b96e-4569-bc97-083b22ce6408;414.52;0.0101;UNKNOWN
2016-04-01T06:32:42.000000;2016-04-01T06:32:42.000000;793848a0-442a-4078-bb0e-5164cf539d11;414.52;0.0101;UNKNOWN
2016-04-01T06:32:57.000000;2016-04-01T06:32:57.000000;0870abe3-3cd1-4e4a-a0d8-981a55f5da89;414.52;0.082783;UNKNOWN
2016-04-01T06:32:59.000000;2016-04-01T06:32:59.000000;ca9e7031-d405-447a-a74c-5389baf5c485;414.52;0.0103;UNKNOWN
2016-04-01T06:33:23.000000;2016-04-01T06:33:23.000000;c626640f-202c-4d5e-be83-de92c18d3d4c;414.52;0.68337948;UNKNOWN
2016-04-01T06:33:34.000000;2016-04-01T06:33:34.000000;2507cde9-eb6f-48a2-85d6-e946aa12d78b;414.52;0.30811606;UNKNOWN
2016-04-01T06:33:44.000000;2016-04-01T06:33:44.000000;bd55596b-e759-494d-aae2-b2414f8b332c;414.52;0.13843093;UNKNOWN
2016-04-01T06:33:54.000000;2016-04-01T06:33:54.000000;16cf2e18-4f93-45b3-a5cf-5b2b429d40d7;414.52;0.06219449;UNKNOWN
2016-04-01T06:34:17.000000;2016-04-01T06:34:17.000000;41db7f59-49f8-46bb-b052-cfa990506624;414.52;0.02794285;UNKNOWN
2016-04-01T06:36:33.000000;2016-04-01T06:36:33.000000;6fd1cfde-cbed-48e5-80f8-556f03a70705;414.87;1.34;UNKNOWN
2016-04-01T06:36:43.000000;2016-04-01T06:36:43.000000;cd92f51a-b3ed-4e2c-8a35-30d6b4672892;414.79;1.22;UNKNOWN
2016-04-01T06:36:53.000000;2016-04-01T06:36:53.000000;92f0551b-a5f8-4170-9775-cb64158848fd;414.79;1.09;UNKNOWN
2016-04-01T06:37:05.000000;2016-04-01T06:37:05.000000;6170c013-31ce-40a2-a6dd-a1ad77184df7;414.89;0.98;UNKNOWN
2016-04-01T06:37:14.000000;2016-04-01T06:37:14.000000;72cf5162-5d9a-4787-8276-d2821bc25038;414.99;0.8573131;UNKNOWN
2016-04-01T06:37:14.000000;2016-04-01T06:37:14.000000;212d742e-e6fd-4f97-b3f7-6bf9dd7024b5;414.9;0.0226869;UNKNOWN
2016-04-01T06:37:17.000000;2016-04-01T06:37:17.000000;8c2f60aa-7711-4c81-a101-ecfaf012fca0;414.94;0.06043157;UNKNOWN
2016-04-01T06:37:24.000000;2016-04-01T06:37:24.000000;06e8f5b3-5ac8-4a7a-9dd8-cdafd505cf8c;415.05;0.79;UNKNOWN
2016-04-01T06:37:35.000000;2016-04-01T06:37:35.000000;36e01b5f-4e90-49fc-8b06-e72e33745ec1;415.05;0.71;UNKNOWN
2016-04-01T06:37:46.000000;2016-04-01T06:37:46.000000;f79f30e8-ef03-4ae1-a43a-199d535ab2a6;415.05;0.64;UNKNOWN
2016-04-01T06:37:56.000000;2016-04-01T06:37:56.000000;1924f028-5c5c-4796-860c-9f141e6a0b4c;415.05;0.58;UNKNOWN
2016-04-01T06:38:07.000000;2016-04-01T06:38:07.000000;372d6877-0151-4804-8fa0-b802f3912ab9;415.05;0.52;UNKNOWN
2016-04-01T06:38:16.000000;2016-04-01T06:38:16.000000;1b9afc71-c67b-4964-a2cf-ccb6c61606a0;415.05;0.46;UNKNOWN
2016-04-01T06:38:27.000000;2016-04-01T06:38:27.000000;4bc031e4-46a0-449b-9e0a-3c12bd1431ea;415.05;0.42;UNKNOWN
2016-04-01T06:38:30.000000;2016-04-01T06:38:30.000000;c73510d0-6eea-4063-9c6d-6c434d89f7ff;415.01;0.07;UNKNOWN
2016-04-01T06:38:37.000000;2016-04-01T06:38:37.000000;4a76e206-990a-4678-99d6-e51f2dc45a38;415.1;0.38;UNKNOWN
2016-04-01T06:38:47.000000;2016-04-01T06:38:47.000000;b9317dfe-68ca-4bf1-8a9c-bec74b5bd1c6;415.1;0.34;UNKNOWN
2016-04-01T06:38:57.000000;2016-04-01T06:38:57.000000;bd3a2d25-5a71-455e-b759-490b7043172b;415.12;0.3;UNKNOWN
2016-04-01T06:39:08.000000;2016-04-01T06:39:08.000000;dcb960c7-0f6a-4fa3-8acd-46aaa3658fbd;415.12;0.27;UNKNOWN
2016-04-01T06:39:18.000000;2016-04-01T06:39:18.000000;9f6d8fbd-c4f0-497d-bc39-75fcec75375b;415.12;0.25;UNKNOWN
2016-04-01T06:41:57.000000;2016-04-01T06:41:57.000000;538a8e80-6a02-4fc2-b61f-efb3a0bf0b38;415.11;0.02414758;UNKNOWN
2016-04-01T06:48:44.000000;2016-04-01T06:48:44.000000;8ed25894-d8f2-4c49-b8ff-fcee53b842bf;415.13;0.22;UNKNOWN
2016-04-01T06:49:31.000000;2016-04-01T06:49:31.000000;70aae616-aaa1-444e-91a8-b6fa505a105e;415.13;1.30610659;UNKNOWN
2016-04-01T06:49:31.000000;2016-04-01T06:49:31.000000;9f78376b-b725-43b2-b1ad-cbb70a78d691;415.13;5.7713;UNKNOWN
2016-04-01T06:49:31.000000;2016-04-01T06:49:31.000000;112e9e68-e137-468b-a61d-53c6496244cb;415.13;4.70931738;UNKNOWN
2016-04-01T06:50:22.000000;2016-04-01T06:50:22.000000;e3888cd2-72b9-4603-a835-744e4ac445b9;415.12;4.70820876;UNKNOWN
2016-04-01T06:50:22.000000;2016-04-01T06:50:22.000000;6c050ba0-cbe6-4f9d-9645-fd752c32db9a;415.12;4.70820876;UNKNOWN
2016-04-01T06:50:22.000000;2016-04-01T06:50:22.000000;6f9a9f93-fc08-48ae-a545-3486e20e63b0;415.12;4.64107372;UNKNOWN
2016-04-01T06:50:22.000000;2016-04-01T06:50:22.000000;8d43ec6d-b96b-4b92-99af-9800ed1ab0a3;415.12;4.70820876;UNKNOWN
2016-04-01T06:50:22.000000;2016-04-01T06:50:22.000000;05f24e29-4e12-44ff-860c-8b5d1921a2e0;415.12;5.9931;UNKNOWN
2016-04-01T06:50:38.000000;2016-04-01T06:50:38.000000;6f1a02b2-9d4a-4e48-a329-5a11fab0e88f;415.11;0.023;UNKNOWN
2016-04-01T06:54:49.000000;2016-04-01T06:54:49.000000;fe41e136-4486-4c3a-86a5-82510dc15e8e;415.57;4.70654681;UNKNOWN
2016-04-01T06:54:49.000000;2016-04-01T06:54:49.000000;a0620366-ca63-4f4e-ad0a-668f73b71ffe;415.18;0.0103;UNKNOWN
2016-04-01T06:54:49.000000;2016-04-01T06:54:49.000000;ab32903f-0193-4ae1-b4e9-37a024a798e2;415.29;5.9907;UNKNOWN
2016-04-01T06:54:49.000000;2016-04-01T06:54:49.000000;17332485-2e14-4599-9c8e-8b54ef868747;415.5;4.70483068;UNKNOWN
2016-04-01T06:54:49.000000;2016-04-01T06:54:49.000000;43339fe6-ed16-4399-9aa5-4e0abd4e0990;415.42;4.70654681;UNKNOWN
2016-04-01T06:54:49.000000;2016-04-01T06:54:49.000000;0a1f3c92-2ce5-49e9-87de-85f7ea33b8ef;415.2;0.0103;UNKNOWN
2016-04-01T06:54:49.000000;2016-04-01T06:54:49.000000;70777631-64c9-424c-9d59-e5e3b48627bd;415.3;10.05;UNKNOWN
2016-04-01T06:54:49.000000;2016-04-01T06:54:49.000000;83d0d320-da50-419f-a633-a8746f8768bc;415.98;4.23;UNKNOWN
2016-04-01T06:54:49.000000;2016-04-01T06:54:49.000000;df2d840d-d7c1-49e5-b2ec-38f69bd140c2;415.68;4.70660219;UNKNOWN
2016-04-01T06:54:49.000000;2016-04-01T06:54:49.000000;983ed09e-9982-416b-baa2-c05b334a2656;415.45;4.70654681;UNKNOWN
2016-04-01T06:54:49.000000;2016-04-01T06:54:49.000000;1973bddf-ab59-4880-8264-a6f03511b2f5;415.2;0.0103;UNKNOWN
2016-04-01T06:54:49.000000;2016-04-01T06:54:49.000000;4ba35bf0-c32a-4877-8310-42961c22f0dd;416.05;0.065218;UNKNOWN
2016-04-01T06:54:49.000000;2016-04-01T06:54:49.000000;48e1a75e-5486-44b3-8ca7-705c7177d0a7;416.06;6.76132728;UNKNOWN
2016-04-01T06:54:49.000000;2016-04-01T06:54:49.000000;a174823e-11d4-4ae9-be42-3a65b3ecdc2b;415.49;4.70665757;UNKNOWN
2016-04-01T06:54:49.000000;2016-04-01T06:54:49.000000;45d28e0a-83f4-4db3-84da-e30d71a4a2cf;415.5;0.59311728;UNKNOWN
2016-04-01T06:54:49.000000;2016-04-01T06:54:49.000000;a629e3e6-29a3-4e65-99e3-aa30ceaecc36;415.53;0.01;UNKNOWN
2016-04-01T06:54:49.000000;2016-04-01T06:54:49.000000;7e7cabc3-b1dd-4528-965d-24fbc8c27017;415.52;4.70665757;UNKNOWN
2016-04-01T06:54:49.000000;2016-04-01T06:54:49.000000;fd3806f2-52d9-4570-a57e-441acc801464;415.59;0.241;UNKNOWN
2016-04-01T06:54:49.000000;2016-04-01T06:54:49.000000;d5aafe50-8f5f-41e3-b03f-0b1ea3332dd9;415.61;4.70654681;UNKNOWN
2016-04-01T06:54:49.000000;2016-04-01T06:54:49.000000;ba984a55-beee-4887-93a9-ec45641518c9;415.97;9.6265;UNKNOWN
2016-04-01T06:54:49.000000;2016-04-01T06:54:49.000000;b71f5e62-81fe-434d-9e15-a622cf6a92b8;415.63;7.9437;UNKNOWN
2016-04-01T06:54:49.000000;2016-04-01T06:54:49.000000;74933e9a-4ae6-4cf2-8d2e-ac4ec23ce5a3;415.6;0.05;UNKNOWN
2016-04-01T06:54:49.000000;2016-04-01T06:54:49.000000;76265f83-fa91-45aa-8e98-ef3c8b8cad09;415.64;4.70660219;UNKNOWN
2016-04-01T06:54:49.000000;2016-04-01T06:54:49.000000;46eff9ef-ecae-4fdd-86e2-fe60113cd141;416.06;0.05;UNKNOWN
2016-04-01T06:56:05.000000;2016-04-01T06:56:05.000000;55b1a5f8-7613-41cd-8c25-be9957d94c89;416.03;0.241;UNKNOWN
2016-04-01T06:56:05.000000;2016-04-01T06:56:05.000000;e14e8630-7442-40a9-ba7c-95652b0ef515;415.76;4.70577163;UNKNOWN
2016-04-01T06:56:05.000000;2016-04-01T06:56:05.000000;b35997d3-c6ae-4309-bcd1-95b9eca17770;415.75;1.0;UNKNOWN
2016-04-01T06:56:05.000000;2016-04-01T06:56:05.000000;91dedf0e-255b-4d68-bd72-0cf09fa3228c;415.93;0.01;UNKNOWN
2016-04-01T06:56:05.000000;2016-04-01T06:56:05.000000;a8d2da42-7fcc-4b1b-9843-934fa6618839;416.25;4.03322837;UNKNOWN
2016-04-01T06:56:05.000000;2016-04-01T06:56:05.000000;0a14e9ef-a75c-48b4-ac7c-b4821d30e7fa;416.21;0.01;UNKNOWN
2016-04-01T06:58:21.000000;2016-04-01T06:58:21.000000;cb035b50-2797-4d69-bc28-36af3932f865;415.7;12.98171494;UNKNOWN
2016-04-01T07:00:07.000000;2016-04-01T07:00:07.000000;a71ddb07-d635-4e68-9f0b-944b1ab95935;415.47;3.05144824;UNKNOWN
2016-04-01T07:00:12.000000;2016-04-01T07:00:12.000000;9d7427cb-9a5f-44ab-b9ae-b6f9830a784d;415.49;2.22083275;UNKNOWN
2016-04-01T07:00:12.000000;2016-04-01T07:00:12.000000;6ad2b136-2f5a-479c-952d-8e17f34465df;415.5;1.17855176;UNKNOWN
2016-04-01T07:00:26.000000;2016-04-01T07:00:26.000000;36c65c20-1db3-45a0-9597-208105eebeff;415.11;0.12012976;UNKNOWN
2016-04-01T07:00:29.000000;2016-04-01T07:00:29.000000;a5b72554-d068-4335-850f-8c66ef92ccac;415.11;0.19152689;UNKNOWN
2016-04-01T07:00:31.000000;2016-04-01T07:00:31.000000;fc9ac068-ad42-4c25-a9e1-acf6701f203b;415.11;0.20278437;UNKNOWN
2016-04-01T07:00:31.000000;2016-04-01T07:00:31.000000;be8775cb-ee25-4c4f-b6a3-1f61cc38a44d;415.11;0.19152689;UNKNOWN
2016-04-01T07:00:32.000000;2016-04-01T07:00:32.000000;910b6dc4-dbca-4891-b1c1-fa583b2a7813;415.11;0.31165087;UNKNOWN
2016-04-01T07:00:33.000000;2016-04-01T07:00:33.000000;2b308620-6e46-4456-8d84-3ab363f84d39;415.11;0.31165087;UNKNOWN
2016-04-01T07:00:34.000000;2016-04-01T07:00:34.000000;f2825d88-7d76-487c-94d0-50bcfb002c9c;415.1;0.10947465;UNKNOWN
2016-04-01T07:00:40.000000;2016-04-01T07:00:40.000000;8a514877-b601-4143-b637-cd37ea64a2cf;415.11;0.022;UNKNOWN
2016-04-01T07:00:45.000000;2016-04-01T07:00:45.000000;a0f56359-461b-47cf-9dd5-45f536b5e919;414.98;2.0;UNKNOWN
2016-04-01T07:02:21.000000;2016-04-01T07:02:21.000000;24559442-77ca-4711-bc2d-f1fa6874f04c;414.98;1.0;UNKNOWN
2016-04-01T07:02:21.000000;2016-04-01T07:02:21.000000;29cfce29-3a2b-467c-abeb-b40364d1947d;415.11;0.18078437;UNKNOWN
2016-04-01T07:02:21.000000;2016-04-01T07:02:21.000000;65fd0f37-8bd2-4706-8a6b-2ef38a6beb66;415.34;0.01;UNKNOWN
2016-04-01T07:02:21.000000;2016-04-01T07:02:21.000000;2c15c818-f390-424e-9538-3fdc100d15c4;415.5;0.10921563;UNKNOWN
2016-04-01T07:02:28.000000;2016-04-01T07:02:28.000000;6cb7a39b-b435-46c7-ac65-1c93c857c916;415.37;0.01;UNKNOWN
2016-04-01T07:03:05.000000;2016-04-01T07:03:05.000000;4c72ecec-c025-4e57-9b24-7f4e61940c75;415.52;1.3;UNKNOWN
2016-04-01T07:03:12.000000;2016-04-01T07:03:12.000000;ae1953b4-7d0b-46d8-8cb3-b0bf720a66d5;415.5;0.01;UNKNOWN
2016-04-01T07:03:12.000000;2016-04-01T07:03:12.000000;17a54504-da50-4826-a74c-9de13a5eb33a;415.5;0.011;UNKNOWN
2016-04-01T07:03:31.000000;2016-04-01T07:03:31.000000;eb04ab72-4f6d-4c8e-ab66-5b24906ab2ec;415.45;0.01;UNKNOWN
2016-04-01T07:04:06.000000;2016-04-01T07:04:06.000000;5dbf8639-428d-4ccc-b70d-4996282db0ea;415.4;0.01;UNKNOWN
2016-04-01T07:05:18.000000;2016-04-01T07:05:18.000000;b158b771-6893-4cfd-b409-f5f54002396d;415.0;0.49321162;UNKNOWN
2016-04-01T07:10:04.000000;2016-04-01T07:10:04.000000;f8124aff-8340-4003-bf1e-dfe60ef452af;414.99;0.07327446;UNKNOWN
2016-04-01T07:10:31.000000;2016-04-01T07:10:31.000000;ba8ba36f-0f60-48a2-b65c-01609940eab2;414.98;0.16902088;UNKNOWN
2016-04-01T07:11:47.000000;2016-04-01T07:11:47.000000;07739ee0-26c6-4531-8f7c-b356aa92fdaf;414.99;0.25;UNKNOWN
2016-04-01T07:11:59.000000;2016-04-01T07:11:59.000000;fa4f10ba-a466-480f-b570-d766783c73a0;414.98;0.236;UNKNOWN
2016-04-01T07:11:59.000000;2016-04-01T07:11:59.000000;b1737ea0-ca24-4a40-bc16-b94ea2c71b9c;414.98;0.234;UNKNOWN
2016-04-01T07:11:59.000000;2016-04-01T07:11:59.000000;2fd4e831-a341-49bb-a648-092105ecab69;414.98;0.236;UNKNOWN
2016-04-01T07:11:59.000000;2016-04-01T07:11:59.000000;145ecbe2-afaa-4f7c-91b3-5dac81726976;414.98;0.235;UNKNOWN
2016-04-01T07:11:59.000000;2016-04-01T07:11:59.000000;80dc4d95-1bec-432d-8a3d-c0f539f733b5;414.98;0.08097912;UNKNOWN
2016-04-01T07:11:59.000000;2016-04-01T07:11:59.000000;65b008de-c837-4b7a-afba-20241d30e426;414.98;0.236;UNKNOWN
2016-04-01T07:12:28.000000;2016-04-01T07:12:28.000000;1311b814-bafc-4b6b-936a-7f56e25af332;414.79;0.25;UNKNOWN
2016-04-01T07:13:04.000000;2016-04-01T07:13:04.000000;6f35ae8d-cffa-4586-80dd-714070027536;414.79;5.0;UNKNOWN
2016-04-01T07:13:49.000000;2016-04-01T07:13:49.000000;5be78e18-0297-4e3e-957b-4cd4d045642c;414.78;1.60015055;UNKNOWN
2016-04-01T07:13:49.000000;2016-04-01T07:13:49.000000;4af0c2d1-cda1-4905-be24-0690b3ce5003;414.78;0.235;UNKNOWN
2016-04-01T07:13:49.000000;2016-04-01T07:13:49.000000;6c49c582-1828-4c38-8ab3-ce7ef487e217;414.78;0.233;UNKNOWN
2016-04-01T07:13:49.000000;2016-04-01T07:13:49.000000;47434f61-8c96-45a7-984b-e4b7615d8aa6;414.78;1.3;UNKNOWN
2016-04-01T07:13:49.000000;2016-04-01T07:13:49.000000;715fce6d-9561-4a84-9de1-a375d55d17ef;414.78;0.234;UNKNOWN
2016-04-01T07:13:49.000000;2016-04-01T07:13:49.000000;01d52464-c969-4782-a0bd-86b503a9fd3d;414.78;0.236;UNKNOWN
2016-04-01T07:13:49.000000;2016-04-01T07:13:49.000000;d578ce96-d28b-40d9-8b4e-b0f25434fb7f;414.78;0.24;UNKNOWN
2016-04-01T07:13:49.000000;2016-04-01T07:13:49.000000;c3510649-7a7b-464c-8d92-e0b53479fadc;414.78;0.235;UNKNOWN
2016-04-01T07:13:49.000000;2016-04-01T07:13:49.000000;ca53910c-a8f6-4447-98a2-121c72c70ee9;414.78;0.2;UNKNOWN
2016-04-01T07:13:49.000000;2016-04-01T07:13:49.000000;e62d097b-d3ce-4fb6-9079-13193fca202d;414.78;0.25;UNKNOWN
2016-04-01T07:14:11.000000;2016-04-01T07:14:11.000000;ed500b6a-fe06-48ea-8559-aca666612854;414.78;0.122;UNKNOWN
2016-04-01T07:15:55.000000;2016-04-01T07:15:55.000000;8c3adcaa-2ac6-4f5d-b168-ae44666639cf;414.78;1.878;UNKNOWN
2016-04-01T07:15:55.000000;2016-04-01T07:15:55.000000;510f9f20-5177-40e3-baf9-d5174ad99467;414.79;2.122;UNKNOWN
2016-04-01T07:16:55.000000;2016-04-01T07:16:55.000000;09c316d6-3712-4537-a1b9-8e066269a158;414.99;2.58297912;UNKNOWN
2016-04-01T07:16:55.000000;2016-04-01T07:16:55.000000;14034fa2-2e87-4f07-b3f2-28227bd9af8e;414.79;0.047;UNKNOWN
2016-04-01T07:16:55.000000;2016-04-01T07:16:55.000000;2d76f296-8273-4416-b763-8ff22ea490ca;414.79;6.37002088;UNKNOWN
2016-04-01T07:17:04.000000;2016-04-01T07:17:04.000000;7ecb1f85-9c97-4cdd-92b3-3a4d1839feab;414.83;0.15844337;UNKNOWN
2016-04-01T07:20:30.000000;2016-04-01T07:20:30.000000;79972889-4827-4812-b83a-82f07987da19;414.97;0.02386962;UNKNOWN
2016-04-01T07:21:05.000000;2016-04-01T07:21:05.000000;3706f110-44c7-4463-8919-2d6183104066;414.99;3.44711249;UNKNOWN
2016-04-01T07:24:30.000000;2016-04-01T07:24:30.000000;186598a3-dbeb-4c24-b6b8-c060039a39e0;414.97;0.41773855;UNKNOWN
2016-04-01T07:25:26.000000;2016-04-01T07:25:26.000000;9f8eaf8b-fcc6-4ead-8407-eaf1a386ce47;414.98;0.04829283;UNKNOWN
2016-04-01T07:25:50.000000;2016-04-01T07:25:50.000000;d5813c9b-aa32-4644-b937-aa9a0f50678c;414.98;0.21731776;UNKNOWN
2016-04-01T07:29:06.000000;2016-04-01T07:29:06.000000;d542b45e-cc8d-4246-ab7d-dec77288292f;414.98;0.233;UNKNOWN
2016-04-01T07:29:06.000000;2016-04-01T07:29:06.000000;436ae0cd-c152-4dd0-96d5-59e6596d441c;414.98;0.234;UNKNOWN
2016-04-01T07:29:06.000000;2016-04-01T07:29:06.000000;59fa3494-6fa3-4d45-9b57-c72f0266fb62;414.98;0.23438941;UNKNOWN
2016-04-01T07:29:06.000000;2016-04-01T07:29:06.000000;9b4d31e5-364a-40b5-aaca-330eac9ea84d;414.98;0.06461059;UNKNOWN
2016-04-01T07:29:06.000000;2016-04-01T07:29:06.000000;1720d997-b4ec-45ae-8153-afaf6026d56e;414.98;0.234;UNKNOWN
2016-04-01T07:29:11.000000;2016-04-01T07:29:11.000000;1d94b091-97aa-4e72-9a14-fb64ce76a778;414.99;1.0;UNKNOWN
2016-04-01T07:30:12.000000;2016-04-01T07:30:12.000000;5e6d590e-d904-442d-a681-992dc57848fb;414.99;0.03299959;UNKNOWN
2016-04-01T07:30:30.000000;2016-04-01T07:30:30.000000;3e0c4435-9a22-4fe8-8c96-55b6b3885810;414.98;0.09726432;UNKNOWN
2016-04-01T07:34:05.000000;2016-04-01T07:34:05.000000;3b57275e-5171-4ef7-a667-986e1d461f08;414.98;0.02387077;UNKNOWN
2016-04-01T07:35:17.000000;2016-04-01T07:35:17.000000;8eab34a5-7c1e-4421-a331-36a74e0cecf1;414.98;0.232;UNKNOWN
2016-04-01T07:35:17.000000;2016-04-01T07:35:17.000000;5da5865b-53ab-42a9-a703-9615c80f297d;414.98;0.233;UNKNOWN
2016-04-01T07:35:17.000000;2016-04-01T07:35:17.000000;ac52df47-5da9-4001-8064-c742be9fa56e;414.98;0.26;UNKNOWN
2016-04-01T07:35:17.000000;2016-04-01T07:35:17.000000;2e642544-1b88-4072-bc9d-331401f75f65;414.98;0.232;UNKNOWN
2016-04-01T07:35:17.000000;2016-04-01T07:35:17.000000;16cef5a2-d8c9-4395-94a9-3bd9f4c85954;414.98;2.9393;UNKNOWN
2016-04-01T07:35:17.000000;2016-04-01T07:35:17.000000;ce306d32-314c-4999-89ee-92c87b89750d;414.98;0.04925432;UNKNOWN
2016-04-01T07:35:17.000000;2016-04-01T07:35:17.000000;8c0231f9-aec5-409e-82ba-566908516325;414.98;19.96728655;UNKNOWN
2016-04-01T07:35:17.000000;2016-04-01T07:35:17.000000;bf1a23e7-5a88-4414-b3bf-ed59f0d4f262;414.98;0.233;UNKNOWN
2016-04-01T07:36:05.000000;2016-04-01T07:36:05.000000;6f8e0639-3789-4ee1-a4ce-673cbf77bad8;414.99;1.0;UNKNOWN
2016-04-01T07:37:49.000000;2016-04-01T07:37:49.000000;5729f68a-b6f1-4bfb-bd4b-286d75c802d3;414.98;0.02414584;UNKNOWN
2016-04-01T07:41:34.000000;2016-04-01T07:41:34.000000;c5a5354b-6ce0-489e-8755-188eec07cc18;414.89;0.10876729;UNKNOWN
2016-04-01T07:41:35.000000;2016-04-01T07:41:35.000000;8ba230fd-54fe-4aa0-b36a-cead9e2f3ff5;414.85;1.66468922;UNKNOWN
2016-04-01T07:41:38.000000;2016-04-01T07:41:38.000000;ad0a0e7a-a59f-4ff1-adfc-74c3a269f2c1;414.89;0.46700041;UNKNOWN
2016-04-01T07:41:45.000000;2016-04-01T07:41:45.000000;b1506c95-358d-4334-87a8-ef80f575b6a4;414.89;0.83215888;UNKNOWN
2016-04-01T07:42:05.000000;2016-04-01T07:42:05.000000;f6aa8ba8-dd70-4806-a273-7bc8d5b97db3;414.85;0.96385673;UNKNOWN
2016-04-01T07:43:05.000000;2016-04-01T07:43:05.000000;dac5080b-a853-4a12-a8dc-02d23d337ee1;414.89;0.22730839;UNKNOWN
2016-04-01T07:43:57.000000;2016-04-01T07:43:57.000000;cfa0ac0f-0086-4554-a621-40edc2d91945;414.89;0.8124;UNKNOWN
2016-04-01T07:50:45.000000;2016-04-01T07:50:45.000000;8e136062-ef3f-472f-9114-afe6d5470388;414.9;0.024;UNKNOWN
2016-04-01T07:50:45.000000;2016-04-01T07:50:45.000000;b26afea6-389d-4fd6-b15c-181a7373a29e;415.0;2.81000063;UNKNOWN
2016-04-01T07:50:45.000000;2016-04-01T07:50:45.000000;2d0edd7c-818e-4b56-a833-8ae772050d22;415.0;6.69678775;UNKNOWN
2016-04-01T07:50:45.000000;2016-04-01T07:50:45.000000;f90cde92-c90f-40a4-89c3-c836ae90883d;414.99;1.61363434;UNKNOWN
2016-04-01T07:50:45.000000;2016-04-01T07:50:45.000000;41942ac9-049b-4de8-9dd3-2814c5cbcf7d;414.89;3.55236503;UNKNOWN
2016-04-01T07:50:51.000000;2016-04-01T07:50:51.000000;e7b8d2f5-0f9c-4b74-8a2b-c25c8169d110;415.2;0.0236;UNKNOWN
2016-04-01T07:50:58.000000;2016-04-01T07:50:58.000000;d05f5350-ebbc-4e0b-8604-61a48618c362;415.2;1.27;UNKNOWN
2016-04-01T07:51:05.000000;2016-04-01T07:51:05.000000;cfe20d4c-07be-4afc-939e-9c65bdc01a7d;415.2;0.0585343;UNKNOWN
2016-04-01T07:53:00.000000;2016-04-01T07:53:00.000000;c6fda424-c28c-4f0d-a6ea-01292af7f125;415.7;5.0;UNKNOWN
2016-04-01T07:53:00.000000;2016-04-01T07:53:00.000000;fbdd4372-fb86-4308-80cf-915df9d24ca9;415.58;0.065076;UNKNOWN
2016-04-01T07:53:00.000000;2016-04-01T07:53:00.000000;92c919d9-a159-46b6-b6e8-4f8b5ab6d30b;415.45;2.969;UNKNOWN
2016-04-01T07:53:08.000000;2016-04-01T07:53:08.000000;83a41f1c-5e3a-4446-8abb-4859b101d4f0;415.79;0.20160542;UNKNOWN
2016-04-01T07:53:09.000000;2016-04-01T07:53:09.000000;746c2413-7f67-448f-839d-ab7fbd4b8b51;415.79;0.20160542;UNKNOWN
2016-04-01T07:53:11.000000;2016-04-01T07:53:11.000000;690be8ce-dadb-4012-80da-cc8eb0417e28;415.79;0.20160542;UNKNOWN
