time_exchange;time_coinpai;guid;price;base_amount;taker_side
2016-04-01T00:10:34.000000;2016-04-01T00:10:34.387000;fb2430e2-6a10-4d1b-abcf-40a385acd06a;11.391;29.24358668;BUY
2016-04-01T00:10:38.000000;2016-04-01T00:10:39.013000;8eebd3cf-a01e-4cbe-b530-17342f8e5b31;11.405;29.24358668;BUY
2016-04-01T02:01:22.000000;2016-04-01T02:01:22.143000;aeb31942-7aa4-4620-88fc-977b40d63950;11.421;3.96233;SELL
2016-04-01T02:03:24.000000;2016-04-01T02:03:24.583000;a28ce25f-07e2-4d77-8a87-4b5b87c8e200;11.476;0.1;BUY
2016-04-01T02:03:24.000000;2016-04-01T02:03:24.600000;75fc194d-527e-40e0-880d-7063314ecf1d;11.477;0.1;BUY
2016-04-01T02:03:24.000000;2016-04-01T02:03:24.607000;8ad779c0-6b9f-47eb-bf83-a08ecaa99cba;11.477;0.1;BUY
2016-04-01T02:03:24.000000;2016-04-01T02:03:24.637000;abbec6e4-8ffc-4c32-a8c9-9c6f963cdecb;11.478;0.1;BUY
2016-04-01T02:03:24.000000;2016-04-01T02:03:24.637000;8cb04aed-4a1d-495d-becb-4c3b2dc6c5eb;11.478;0.1;BUY
2016-04-01T02:03:24.000000;2016-04-01T02:03:24.637000;3c6cbed0-22b2-4e4a-ba71-b5a27740b610;11.487;2.35918;BUY
2016-04-01T02:03:24.000000;2016-04-01T02:03:24.637000;c67dee47-7df2-42e9-a743-01e43b56c650;11.519;0.14082;BUY
2016-04-01T02:11:52.000000;2016-04-01T02:11:52.663000;6157d655-5ad2-40d2-92a3-fc9587a7ed8f;11.46;5.1128;BUY
2016-04-01T02:13:29.000000;2016-04-01T02:13:29.647000;b96de23f-2f53-4c44-8798-ba711cc1ab51;11.501;20.0;BUY
2016-04-01T02:26:40.000000;2016-04-01T02:26:40.243000;c003162e-b065-497c-a3b3-5e4585655868;11.48;3.2087;BUY
2016-04-01T02:28:02.000000;2016-04-01T02:28:02.430000;fbc4ffc5-9298-4dbc-b406-741a6efb144d;11.46;101.77923382;SELL
2016-04-01T02:53:26.000000;2016-04-01T02:53:26.563000;e40e9cb0-fe46-4440-8b75-42cb83151951;11.457;4.88755077;BUY
2016-04-01T02:53:31.000000;2016-04-01T02:53:31.600000;5dcef077-241f-4129-94de-9757071d0276;11.457;1.0098;BUY
2016-04-01T03:34:15.000000;2016-04-01T03:34:15.790000;5e0deddd-25ed-4eb3-a2ac-df05203fcc2d;11.48;26.73668067;BUY
2016-04-01T03:34:18.000000;2016-04-01T03:34:18.557000;0d280a9f-a078-4dab-84a0-c7d2ccd1bb54;11.48;1.001001;BUY
2016-04-01T03:34:25.000000;2016-04-01T03:34:25.333000;63837435-c002-4150-98d7-344295ae4ff3;11.48;0.84084577;BUY
2016-04-01T03:34:50.000000;2016-04-01T03:34:50.173000;9058a432-2c5c-4676-95fe-01c702b9681b;11.48;2.38525926;BUY
2016-04-01T03:34:50.000000;2016-04-01T03:34:50.980000;4b4e1d02-a0c3-4b02-b0cf-50ca6693f1c9;11.48;21.2825133;BUY
2016-04-01T03:34:50.000000;2016-04-01T03:34:50.993000;e7c52cbd-6b75-4601-9a14-02fd6e229e39;11.483;7.97715688;BUY
2016-04-01T03:34:55.000000;2016-04-01T03:34:55.587000;8787a141-8df5-4b37-9f0d-51e4759b7764;11.483;2.002002;BUY
2016-04-01T03:34:57.000000;2016-04-01T03:34:57.640000;a245971d-8ab9-4d7f-a4e2-ea385f4aab9c;11.483;2.002002;BUY
2016-04-01T03:35:01.000000;2016-04-01T03:35:01.043000;28ebd06e-a725-4409-bac5-aefb11835ce2;11.483;7.89699482;BUY
2016-04-01T03:35:02.000000;2016-04-01T03:35:02.673000;8f153be3-577d-48ec-b3d5-16b7bc87f69f;11.483;13.53055006;BUY
2016-04-01T03:35:04.000000;2016-04-01T03:35:04.757000;3ec91bc5-3195-4fea-a5c2-42df0a40ec5a;11.483;18.37189424;BUY
2016-04-01T03:35:04.000000;2016-04-01T03:35:04.770000;325b0fdb-d14a-443b-a6e3-bf8578298ed4;11.483;3.88035801;BUY
2016-04-01T03:35:04.000000;2016-04-01T03:35:04.803000;fe54e537-a1c2-43f4-95fa-d1ff442dd4ef;11.483;1.001001;BUY
2016-04-01T03:35:05.000000;2016-04-01T03:35:05.503000;3424652d-94e1-4e5c-b8b5-718b759a2dc1;11.483;2.48546596;BUY
2016-04-01T03:35:05.000000;2016-04-01T03:35:05.777000;57135a78-32a4-450c-9069-a77a46632dc6;11.483;21.86358554;BUY
2016-04-01T03:35:10.000000;2016-04-01T03:35:10.677000;13cf8c9e-de44-4e52-b35d-75aaeab7c366;11.51;3.13641446;BUY
2016-04-01T03:35:10.000000;2016-04-01T03:35:10.770000;ef25c5b9-1d4c-4877-a7b8-c6e9eea2d88d;11.51;3.13641446;BUY
2016-04-01T03:35:11.000000;2016-04-01T03:35:11.383000;b6c6eaf2-a072-4e76-a2d5-421e6a8efc50;11.51;3.13641446;BUY
2016-04-01T03:35:11.000000;2016-04-01T03:35:11.797000;286ca560-3644-46bf-a0b5-1cfaff11510b;11.51;10.59075662;BUY
2016-04-01T03:35:12.000000;2016-04-01T03:35:13.003000;489a98f0-0cfa-45a6-b38c-f7f8e89c07a9;11.52;3.13641446;BUY
2016-04-01T03:35:13.000000;2016-04-01T03:35:13.677000;0aea09ef-64f6-4b2c-b147-5e3534857c13;11.52;1.86358554;BUY
2016-04-01T03:35:14.000000;2016-04-01T03:35:14.183000;2ef1df3a-ca89-49a6-bc21-c801ead5acac;11.534;0.1;BUY
2016-04-01T03:35:14.000000;2016-04-01T03:35:14.193000;280ee6b8-58a9-4219-8108-b7e9f58926ef;11.535;0.1;BUY
2016-04-01T03:35:14.000000;2016-04-01T03:35:14.203000;51069e74-fb87-4f83-b044-532872cfb821;11.535;2.358255;BUY
2016-04-01T03:35:14.000000;2016-04-01T03:35:14.730000;162c7c3d-f8d8-42af-9762-487762df3db5;11.585;1.09900638;BUY
2016-04-01T03:35:14.000000;2016-04-01T03:35:14.730000;6acf3a94-eaad-4686-9937-1532d622a942;11.586;2.61556753;BUY
2016-04-01T03:35:15.000000;2016-04-01T03:35:15.360000;d839d785-6421-406c-85b5-f459a9886981;11.536;3.1574;SELL
2016-04-01T03:35:17.000000;2016-04-01T03:35:17.303000;8785419a-8cbc-4e24-b1a4-c045dd87adaf;11.586;0.55717391;BUY
2016-04-01T03:36:01.000000;2016-04-01T03:36:01.167000;d963b66a-3494-45af-ab00-8684510ae7dd;11.586;0.60574078;BUY
2016-04-01T03:36:31.000000;2016-04-01T03:36:32.003000;f0f10dd9-82dc-4602-bdc7-6edcab40b55d;11.586;1.22151778;BUY
2016-04-01T03:36:31.000000;2016-04-01T03:36:32.010000;20cdff94-c42b-4195-b1b0-044347d2eeb8;11.59;13.71532702;BUY
2016-04-01T03:36:33.000000;2016-04-01T03:36:33.843000;c868ced7-1bf1-43ba-ab27-a373ebb202a3;11.59;5.68568569;BUY
2016-04-01T03:36:38.000000;2016-04-01T03:36:38.893000;2767848d-6d85-4862-a2ef-49307c6d8503;11.59;0.59898729;BUY
2016-04-01T03:37:26.000000;2016-04-01T03:37:26.137000;708e1a04-fc85-41d3-8bc5-0143c53cba43;11.699;2.5;BUY
2016-04-01T03:37:26.000000;2016-04-01T03:37:26.160000;71b12864-7a00-4176-8f2f-c0dde8099738;11.699;2.321717;BUY
2016-04-01T03:37:26.000000;2016-04-01T03:37:26.163000;c02f9557-6141-4669-b712-b3386c6e2b00;11.699;0.54949795;BUY
2016-04-01T03:37:26.000000;2016-04-01T03:37:26.197000;20d475fd-05c3-4d3c-b648-14b40cd8d45c;11.7;30.0;BUY
2016-04-01T03:37:26.000000;2016-04-01T03:37:26.373000;7e193fe6-c966-4674-b7cf-9e8dd52c6a1c;11.7;1.09900389;SELL
2016-04-01T03:37:27.000000;2016-04-01T03:37:28.007000;9e14b469-3cbc-4e40-b6a3-be0ae2097084;11.7;0.54949795;SELL
2016-04-01T03:37:28.000000;2016-04-01T03:37:28.473000;e07879c2-6dc6-49a7-89cc-36088c6b9750;11.7;14.512;SELL
2016-04-01T03:37:28.000000;2016-04-01T03:37:28.740000;cf8d2584-5830-4aae-a448-187ca064f465;11.7;0.54949795;SELL
2016-04-01T03:37:28.000000;2016-04-01T03:37:28.933000;2c7ebd5a-96eb-4dea-8e30-0a2d258c6077;11.7;0.54949795;SELL
2016-04-01T03:37:31.000000;2016-04-01T03:37:31.650000;732e9edf-68db-490e-90c1-68343cdac568;11.7;3.0;SELL
2016-04-01T03:37:33.000000;2016-04-01T03:37:33.243000;3c1eab6c-f66b-4923-83fd-3692f85a1174;11.7;2.321717;SELL
2016-04-01T03:37:52.000000;2016-04-01T03:37:52.630000;0b5608f1-5008-4573-8b79-ca809738e01d;11.7;0.54885;SELL
2016-04-01T03:37:59.000000;2016-04-01T03:37:59.533000;b585119c-295a-4b99-bae5-3436c053571e;11.7;0.54885;SELL
2016-04-01T03:38:24.000000;2016-04-01T03:38:25.077000;1671dd76-7c82-41a1-8186-5613c67920c9;11.71;15.54940355;BUY
2016-04-01T03:38:24.000000;2016-04-01T03:38:25.087000;e8554af8-436a-4e2e-b33d-4995c8e08e55;11.71;11.68151474;BUY
2016-04-01T03:38:27.000000;2016-04-01T03:38:27.103000;209f26a0-7ba8-49b5-89b4-55d8f1181576;11.71;13.31848526;BUY
2016-04-01T03:38:50.000000;2016-04-01T03:38:50.437000;1621adff-5d9a-482e-a2b5-d8cb9cc5a8fb;11.726;1.0;BUY
2016-04-01T03:38:50.000000;2016-04-01T03:38:50.447000;75c54807-5f78-4de7-9f3d-704679e901ff;11.73;5.0;BUY
2016-04-01T03:39:41.000000;2016-04-01T03:39:41.660000;ab28d161-47dd-436e-912b-0a38f2e38d30;11.769;1.0990039;BUY
2016-04-01T03:39:41.000000;2016-04-01T03:39:41.667000;7f74e619-9329-4dac-94ea-f0ffab6e8071;11.769;2.308145;BUY
2016-04-01T03:39:41.000000;2016-04-01T03:39:41.680000;174669e4-5a45-4224-9365-4afe573a92fa;11.77;36.7963;BUY
2016-04-01T03:39:42.000000;2016-04-01T03:39:42.633000;abcced16-1ecb-4e40-b2ac-3c8970c815ba;11.77;0.54950043;SELL
2016-04-01T03:39:43.000000;2016-04-01T03:39:43.757000;53c626ba-4015-455f-9f76-a86b4b2f06f8;11.77;12.83685067;SELL
2016-04-01T03:51:40.000000;2016-04-01T03:51:40.453000;eda0e84d-bb9d-4e9f-9cbd-1efd8ced7623;11.668;0.36849073;SELL
2016-04-01T03:52:28.000000;2016-04-01T03:52:28.933000;d2128617-c688-4200-acb5-44edcfdd2834;11.671;0.550048;BUY
2016-04-01T03:52:28.000000;2016-04-01T03:52:28.950000;f8022a30-8bdb-40e0-8f18-0dbe54fb2056;11.671;2.6522346;BUY
2016-04-01T03:53:18.000000;2016-04-01T03:53:18.323000;d934d0e8-df16-444c-81a0-4db541cf0333;11.699;5.0;BUY
2016-04-01T03:54:28.000000;2016-04-01T03:54:28.953000;4a7dfd2d-22e8-43a4-987f-32e9f4d8ab4d;11.739;0.55005048;BUY
2016-04-01T04:00:11.000000;2016-04-01T04:00:11.827000;0d2d57cb-83e7-47bf-9bca-674da78536dd;11.741;10.71014795;SELL
2016-04-01T04:00:12.000000;2016-04-01T04:00:12.407000;970f83f5-cb65-4fc1-b7ec-e71e070b0f57;11.741;0.54950594;BUY
2016-04-01T04:00:12.000000;2016-04-01T04:00:12.410000;8d08d443-ea09-4394-b218-af45bcb2426b;11.741;10.16064201;BUY
2016-04-01T04:24:38.000000;2016-04-01T04:24:38.693000;7d155910-d7c8-4564-8514-51de4227445f;11.769;0.54950594;BUY
2016-04-01T04:24:38.000000;2016-04-01T04:24:38.710000;6945826b-1689-47a7-a4e3-189822e2be33;11.77;1.68;BUY
2016-04-01T04:24:38.000000;2016-04-01T04:24:38.710000;d1331ce8-3c7e-4e86-9016-bacb23017f59;11.799;0.54950043;BUY
2016-04-01T04:24:38.000000;2016-04-01T04:24:38.743000;9ec72aa2-eb0b-4959-a6c2-239c9c422b3a;11.8;0.49;BUY
2016-04-01T04:24:38.000000;2016-04-01T04:24:38.747000;02947626-f02e-466a-a03c-054b063b6282;11.856;36.912031;BUY
2016-04-01T04:24:38.000000;2016-04-01T04:24:38.747000;12a95b47-4f9c-4e9b-b3ca-1bf224f9f237;11.856;10.30603;BUY
2016-04-01T04:24:38.000000;2016-04-01T04:24:38.747000;ff25fcce-9471-45bf-82a9-e94a611bb061;11.862;5.0;BUY
2016-04-01T04:24:38.000000;2016-04-01T04:24:38.747000;b02cac3d-3919-40f5-be43-236db959307f;11.867;2.311005;BUY
2016-04-01T04:24:38.000000;2016-04-01T04:24:38.747000;47c7d8ef-b29f-422d-988f-291b785acb84;11.908;200.0;BUY
2016-04-01T04:24:38.000000;2016-04-01T04:24:38.750000;b2b2bda9-d541-4267-b896-d2118640dd43;11.909;0.3503;BUY
2016-04-01T04:24:38.000000;2016-04-01T04:24:38.780000;36d139b8-b0a9-41f8-a828-90345e30869d;11.942;99.94;BUY
2016-04-01T04:24:38.000000;2016-04-01T04:24:38.780000;63fb1787-1300-4ab1-a9dd-2cbb855c17af;11.942;63.79153779;BUY
2016-04-01T04:24:38.000000;2016-04-01T04:24:38.780000;3963a593-3538-400c-a553-c9d7aa4a4e29;11.942;79.72998205;BUY
2016-04-01T04:24:42.000000;2016-04-01T04:24:42.933000;f083bda8-a2f9-40b3-93a7-fb9faea7e699;11.9;0.3503;BUY
2016-04-01T04:24:42.000000;2016-04-01T04:24:42.957000;f3c5da48-4709-430c-989d-9a3ddd2f07be;11.941;0.31507821;BUY
2016-04-01T04:38:22.000000;2016-04-01T04:38:22.520000;e6c4b6c7-498e-4944-884d-7d9b721fb98a;11.761;0.1;SELL
2016-04-01T04:54:11.000000;2016-04-01T04:54:11.333000;67c03312-6c22-4059-a85e-c06211f52acd;11.811;2.01679507;SELL
2016-04-01T05:00:28.000000;2016-04-01T05:00:29.073000;67cbe0e9-525b-4658-b039-bc8408a10980;11.81;29.23041051;SELL
2016-04-01T05:00:37.000000;2016-04-01T05:00:37.127000;eac29c68-fd57-495c-9bcb-6b09b4b96282;11.81;4.10136901;SELL
2016-04-01T05:00:37.000000;2016-04-01T05:00:37.257000;59619c4d-457d-479e-a0b1-fafd0863f5fa;11.81;29.23041051;SELL
2016-04-01T05:00:38.000000;2016-04-01T05:00:38.033000;e00674da-11db-4ac9-864f-f2116b10b15f;11.81;19.34860997;SELL
2016-04-01T05:00:38.000000;2016-04-01T05:00:38.043000;9cd13fe3-7a6b-47cf-ab93-6061ee5057ff;11.772;0.1;SELL
2016-04-01T05:00:38.000000;2016-04-01T05:00:38.070000;fde52862-0b21-4e04-a806-877cb4b51a74;11.754;9.78180054;SELL
2016-04-01T05:00:38.000000;2016-04-01T05:00:38.073000;b4c01dd4-1803-4047-a262-ca9371165ef1;11.754;9.56680943;SELL
2016-04-01T05:00:38.000000;2016-04-01T05:00:38.107000;cf4f84dc-92fd-47ed-835e-219cdba1b313;11.752;0.57141005;SELL
2016-04-01T05:02:16.000000;2016-04-01T05:02:16.337000;c98d1f86-c756-4a18-9484-487972ea929f;11.753;2.362168;SELL
2016-04-01T05:10:50.000000;2016-04-01T05:10:50.943000;0c9a1bc3-d5cc-4bda-8e03-ddb8229468d6;11.75;0.1;SELL
2016-04-01T05:11:03.000000;2016-04-01T05:11:03.300000;584ad328-f959-40f4-8dee-5057da5d37cc;11.75;1.0;BUY
2016-04-01T05:15:19.000000;2016-04-01T05:15:19.773000;e1a8784a-c28a-47c2-8100-3470bd61a5eb;11.724;27.49570478;SELL
2016-04-01T05:15:19.000000;2016-04-01T05:15:19.787000;2b314a82-d8ec-498b-900c-61723b7c4d08;11.724;22.50429522;SELL
2016-04-01T05:16:38.000000;2016-04-01T05:16:38.883000;4aeb82d4-8e3a-47ed-af3a-66df286c6f44;11.75;29.25967018;BUY
2016-04-01T05:16:42.000000;2016-04-01T05:16:42.183000;60ded6ef-2cea-4225-bbc8-9d8b2d008b9b;11.75;20.74032982;BUY
2016-04-01T05:20:11.000000;2016-04-01T05:20:12.027000;228b118e-7995-4ee9-ae94-191fd19f9676;11.725;15.9379;BUY
2016-04-01T05:20:18.000000;2016-04-01T05:20:18.510000;387b0c5f-d485-419e-9c44-a1d0e531e369;11.725;3.9;BUY
2016-04-01T05:20:24.000000;2016-04-01T05:20:24.560000;c55faf91-6aa5-4d6a-aeef-2488e5f0286b;11.725;7.72598399;BUY
2016-04-01T05:20:25.000000;2016-04-01T05:20:25.223000;9b16f5eb-de85-47b3-a1b2-f0f89d82e4ba;11.725;1.0449;BUY
2016-04-01T05:20:35.000000;2016-04-01T05:20:35.833000;71a581ef-d145-4ea5-931d-1da0586f826e;11.725;0.4192;BUY
2016-04-01T05:20:47.000000;2016-04-01T05:20:47.627000;c1f4ff69-2c69-46ae-8399-063dcb9a651d;11.725;0.1682;BUY
2016-04-01T05:20:57.000000;2016-04-01T05:20:57.943000;06285d2b-6af1-4d04-b2e8-366c7c949aea;11.725;0.6;BUY
2016-04-01T05:21:21.000000;2016-04-01T05:21:21.533000;7f8c37ed-b6ee-4ffb-b142-f29da34a8ca9;11.724;15.57608887;SELL
2016-04-01T05:21:21.000000;2016-04-01T05:21:21.560000;305cab73-81e3-4cb0-87ac-45a5d6b23366;11.719;4.01844428;SELL
2016-04-01T05:21:21.000000;2016-04-01T05:21:21.573000;8fd633c9-b312-469a-899a-e2fb63cae88c;11.714;2.291038;SELL
2016-04-01T05:21:21.000000;2016-04-01T05:21:21.597000;56bf9c73-c356-40c5-90ec-31960392d2eb;11.714;13.187887;SELL
2016-04-01T05:21:21.000000;2016-04-01T05:21:21.597000;bbeb87cb-5f21-4e91-bf6d-23a1bbd8ebba;11.651;0.1;SELL
2016-04-01T05:21:21.000000;2016-04-01T05:21:21.597000;4ede518b-430e-4962-b416-d176023c91f2;11.632;0.3503;SELL
2016-04-01T05:21:21.000000;2016-04-01T05:21:21.597000;03b2f9b2-2771-4b18-92c9-9e09020070cd;11.626;0.1;SELL
2016-04-01T05:21:21.000000;2016-04-01T05:21:21.597000;92dc6254-25aa-492b-afcd-6aab65c94d96;11.623;0.1;SELL
2016-04-01T05:21:21.000000;2016-04-01T05:21:21.603000;bbafe23b-0f2b-4548-81ca-963a1bf74af2;11.612;0.1;SELL
2016-04-01T05:21:21.000000;2016-04-01T05:21:21.633000;ed517cbd-c97b-4753-b95a-d2f3a71941a2;11.608;92.002;SELL
2016-04-01T05:21:21.000000;2016-04-01T05:21:21.633000;04a49f12-168b-423f-9133-08710d79ae16;11.607;0.59898729;SELL
2016-04-01T05:21:21.000000;2016-04-01T05:21:21.633000;4fee5f4e-89ca-4be7-a6a5-e1074bcd0a48;11.57;69.0;SELL
2016-04-01T05:21:21.000000;2016-04-01T05:21:21.633000;82271504-2f92-4604-aaef-3dd0ba75cfd3;11.57;7.92027181;SELL
2016-04-01T05:21:21.000000;2016-04-01T05:21:21.643000;969517b8-0904-4724-b86f-4b2bbce14332;11.569;94.65498275;SELL
2016-04-01T05:21:44.000000;2016-04-01T05:21:44.650000;430b6785-5e8f-4d1e-b02f-67b319f329ca;11.759;1.8;BUY
2016-04-01T05:21:44.000000;2016-04-01T05:21:44.653000;2aa4927e-a7f6-44fa-a0e1-af780aa65057;11.76;100.0;BUY
2016-04-01T05:21:44.000000;2016-04-01T05:21:44.687000;d60283e2-82fa-4873-967b-062fce5268bf;11.783;2.7;BUY
2016-04-01T05:21:44.000000;2016-04-01T05:21:44.687000;9e7a2102-fc5f-47a1-afaf-c92e2fce0576;11.794;0.571;BUY
2016-04-01T05:21:44.000000;2016-04-01T05:21:44.697000;4fd07e9c-282f-4f6f-9ef2-beaf84c8ff44;11.795;29.23041051;BUY
2016-04-01T05:21:44.000000;2016-04-01T05:21:44.723000;542671a6-9eb5-407c-bee2-5d645bc158b2;11.804;0.654512;BUY
2016-04-01T05:21:44.000000;2016-04-01T05:21:44.723000;b141a1b3-9ee5-4b7d-ae72-8f51e94e739e;11.841;0.1;BUY
2016-04-01T05:21:44.000000;2016-04-01T05:21:44.723000;ebd55ba9-c3f8-4d13-b1bb-9ceb6ef5c20d;11.877;14.94407749;BUY
2016-04-01T05:22:47.000000;2016-04-01T05:22:47.387000;0dfc14d3-c2dd-4198-94bc-272189fb1d1e;11.644;10.0;SELL
2016-04-01T05:22:47.000000;2016-04-01T05:22:47.403000;92fae06c-f61b-4c52-a4d3-56e4b690d94c;11.643;2.312091;SELL
2016-04-01T05:22:47.000000;2016-04-01T05:22:47.410000;a79bf7a6-f11b-4e14-a483-e3bfbca11559;11.643;11.76980868;SELL
2016-04-01T05:22:47.000000;2016-04-01T05:22:47.713000;87060fa4-9932-4e83-90ec-e1a771d731e4;11.643;34.2;BUY
2016-04-01T05:22:48.000000;2016-04-01T05:22:48.243000;74838fb0-c7e6-43dc-9d45-b27d507fbfe3;11.643;0.3501;BUY
2016-04-01T05:22:48.000000;2016-04-01T05:22:48.970000;75746531-5aa2-4034-ab81-e6b98906dcca;11.643;41.38778509;BUY
2016-04-01T05:22:51.000000;2016-04-01T05:22:51.347000;9d8e3d95-c83c-48c9-be81-aa173651f8f7;11.643;0.00021523;BUY
2016-04-01T05:30:01.000000;2016-04-01T05:30:01.823000;9d0769cd-0898-4a22-93ab-46e76ff1d050;11.656;2.305096;SELL
2016-04-01T05:30:01.000000;2016-04-01T05:30:01.840000;f14e96c7-1972-46b2-afcf-54c54216666b;11.656;13.194904;SELL
2016-04-01T05:30:33.000000;2016-04-01T05:30:33.967000;a6e5440d-c74a-4894-8c60-49cce8d13d26;11.656;0.00539014;SELL
2016-04-01T05:30:33.000000;2016-04-01T05:30:33.970000;a61aab9f-27d6-4e05-8a92-2c0734b50cba;11.656;2.311301;SELL
2016-04-01T05:30:33.000000;2016-04-01T05:30:33.977000;4785271f-db85-4ce1-85b1-bcb3c5327d04;11.632;0.1;SELL
2016-04-01T05:30:33.000000;2016-04-01T05:30:34.007000;7ebdabce-0f01-4bed-bb8f-8bae70bface7;11.587;5.21678134;SELL
2016-04-01T05:30:33.000000;2016-04-01T05:30:34.007000;9cfe661c-3ec0-4ff4-80a6-9354cd688b6b;11.587;8.634358;SELL
2016-04-01T05:30:33.000000;2016-04-01T05:30:34.007000;c957b173-b8cc-4998-a8bf-118ab7c0a10f;11.585;0.3503;SELL
2016-04-01T05:30:33.000000;2016-04-01T05:30:34.060000;81130255-3b31-4121-871f-5d92648bdb82;11.542;0.59898729;SELL
2016-04-01T05:30:33.000000;2016-04-01T05:30:34.080000;355e2d46-01aa-4f4d-98ff-3080b154d28c;11.514;46.093;SELL
2016-04-01T05:30:33.000000;2016-04-01T05:30:34.090000;88e321f9-4eab-4dcd-82f3-12bbfdb8398d;11.513;64.72;SELL
2016-04-01T05:30:33.000000;2016-04-01T05:30:34.117000;2f329c92-014e-4bfe-9963-8aa11789a143;11.513;171.96988223;SELL
2016-04-01T05:45:02.000000;2016-04-01T05:45:02.647000;6b7f4ba7-0c2f-4875-8c13-1080b3d10cd6;11.7;1.0;BUY
2016-04-01T05:47:40.000000;2016-04-01T05:47:40.717000;0a0c7f2a-a111-4298-b675-9fd3bd6cc11b;11.631;2.317837;SELL
2016-04-01T05:47:40.000000;2016-04-01T05:47:40.733000;ad8b0eac-6ec7-4cd1-ae8e-e705df1a3a1f;11.631;11.82061467;SELL
2016-04-01T05:47:40.000000;2016-04-01T05:47:40.743000;6a5c5e21-b8fa-444f-aee5-474e0af38b87;11.583;0.1;SELL
2016-04-01T05:47:40.000000;2016-04-01T05:47:40.770000;5a48bf97-0659-44ba-bcc3-386ccdc50bd8;11.561;0.3503;SELL
2016-04-01T05:47:40.000000;2016-04-01T05:47:40.783000;ed24f04a-dce4-41b5-b0b3-5cf0522fa3d6;11.516;23.093;SELL
2016-04-01T05:47:40.000000;2016-04-01T05:47:40.803000;774d834d-956a-4d44-93e0-d26aad2d2d70;11.515;69.36;SELL
2016-04-01T05:47:40.000000;2016-04-01T05:47:40.823000;f342048f-586b-4b15-b10b-33fbab0fe515;11.515;3.96957072;SELL
2016-04-01T05:47:40.000000;2016-04-01T05:47:40.840000;22d6f701-1dbd-4ecf-b732-02d335995fd3;11.515;7.548584;SELL
2016-04-01T05:47:40.000000;2016-04-01T05:47:40.863000;822992a8-7da0-4103-be5b-082b04f71934;11.515;181.44009361;SELL
2016-04-01T05:48:53.000000;2016-04-01T05:48:53.483000;24d18bbb-b337-4828-bb6d-5eb9cb577709;11.565;10.0;SELL
2016-04-01T05:49:14.000000;2016-04-01T05:49:14.077000;e32eb0d0-abb6-4f1d-8103-5adea0435348;11.567;0.3;SELL
2016-04-01T05:49:14.000000;2016-04-01T05:49:14.090000;710771e6-d022-4d61-8a7c-4a7f1f024835;11.566;2.8558628;SELL
2016-04-01T05:49:14.000000;2016-04-01T05:49:14.093000;b2cbabdc-0035-4455-b56a-9746047afc8e;11.566;11.8441372;SELL
2016-04-01T05:49:29.000000;2016-04-01T05:49:29.780000;80e905e4-d1ba-4031-a238-b9d1206ab639;11.568;5.0;SELL
2016-04-01T05:49:47.000000;2016-04-01T05:49:47.287000;8a92b972-57c6-4dd8-af09-c9d750e4ee2d;11.569;2.8637125;SELL
2016-04-01T05:49:47.000000;2016-04-01T05:49:47.297000;ec767ce1-7e94-4841-97b1-15cf8d4bdd25;11.569;2.1362875;SELL
2016-04-01T05:50:00.000000;2016-04-01T05:50:00.453000;9773cbf4-cd10-4d43-8ca0-d9f16bd3bfff;11.569;5.0;SELL
2016-04-01T05:50:09.000000;2016-04-01T05:50:09.430000;880b5a27-6877-4be0-8117-5c24ff0546d3;11.57;2.87152652;SELL
2016-04-01T05:50:09.000000;2016-04-01T05:50:09.437000;aaecae11-8775-4715-849a-6c7120b39398;11.57;2.12847348;SELL
2016-04-01T05:50:26.000000;2016-04-01T05:50:26.180000;4ed26e37-abcd-422d-96d3-5ea8895b2984;11.572;5.0;SELL
2016-04-01T05:50:46.000000;2016-04-01T05:50:46.897000;a6551ff8-84bb-4240-b5f1-ee6df2e9af3b;11.572;2.4148317;SELL
2016-04-01T05:50:46.000000;2016-04-01T05:50:46.907000;97044c30-efee-41fa-9abd-5bff614b730c;11.572;1.5851683;SELL
2016-04-01T05:51:08.000000;2016-04-01T05:51:08.073000;4f6f726b-649c-4572-a8b1-c3a27a837926;11.572;0.1;SELL
2016-04-01T05:51:28.000000;2016-04-01T05:51:28.567000;c999fb98-f7cf-4307-b13f-b203e8ef24bc;11.572;0.1;SELL
2016-04-01T05:51:35.000000;2016-04-01T05:51:35.113000;c72ec813-4300-4fc6-9b5c-68b16de597db;11.572;0.1;SELL
2016-04-01T05:51:36.000000;2016-04-01T05:51:36.997000;68002252-45df-4a7e-9dd3-eec01a0d014b;11.572;0.1;SELL
2016-04-01T05:51:38.000000;2016-04-01T05:51:38.703000;1c6bd84a-6409-4f11-8172-5f5c117cb0c3;11.572;0.1;SELL
2016-04-01T05:51:40.000000;2016-04-01T05:51:40.323000;d63ad8a6-c4e9-466d-9fc3-0d997885fe02;11.572;0.1;SELL
2016-04-01T05:51:41.000000;2016-04-01T05:51:41.910000;aabc4337-a200-43c2-b03e-39262b547a14;11.572;0.1;SELL
2016-04-01T05:51:43.000000;2016-04-01T05:51:43.190000;04b766ee-c95d-4145-843e-9c15fb5529d6;11.572;0.0402407;SELL
2016-04-01T05:51:43.000000;2016-04-01T05:51:43.197000;c3b82368-ef01-4151-a6bd-d25be5986fc5;11.572;0.0597593;SELL
2016-04-01T05:51:45.000000;2016-04-01T05:51:45.370000;3ca3e5c8-d2db-4af2-aa7e-6d936b4ac2df;11.572;0.1;SELL
2016-04-01T05:51:46.000000;2016-04-01T05:51:46.963000;40306124-8419-4de0-ae9c-5ce7e4c92481;11.572;0.1;SELL
2016-04-01T05:51:49.000000;2016-04-01T05:51:49.190000;278fa6be-e427-468d-9371-2e2224f5801f;11.572;0.1;SELL
2016-04-01T05:51:54.000000;2016-04-01T05:51:54.680000;b30bf461-2e74-4965-beb7-bdb451636c11;11.572;0.1;SELL
2016-04-01T05:51:56.000000;2016-04-01T05:51:56.233000;1a883ddc-7daf-4fb8-a801-95845128ae05;11.572;0.1;SELL
2016-04-01T05:51:57.000000;2016-04-01T05:51:57.363000;adaf24aa-3c8c-4912-84bc-435137f7189f;11.572;0.1;SELL
2016-04-01T05:51:58.000000;2016-04-01T05:51:58.343000;c2befdc7-3659-451f-818a-7307a425d36c;11.572;0.1;SELL
2016-04-01T05:52:29.000000;2016-04-01T05:52:29.920000;f368a0cb-f4a2-4875-919e-faf8f6b8fee0;11.573;0.1;BUY
2016-04-01T05:52:29.000000;2016-04-01T05:52:29.930000;e8191015-cf37-465b-beea-502d1d26b198;11.573;0.1;BUY
2016-04-01T05:52:48.000000;2016-04-01T05:52:48.833000;72eb892b-d1a7-4038-a8c7-ce5880c5d781;11.575;0.1;BUY
2016-04-01T05:52:48.000000;2016-04-01T05:52:48.843000;a25a5892-46ad-4da0-a638-596940063411;11.577;0.1;BUY
2016-04-01T05:52:48.000000;2016-04-01T05:52:48.863000;173f4082-3870-494d-973f-3881dcdb38db;11.579;0.07558;BUY
2016-04-01T05:53:04.000000;2016-04-01T05:53:04.857000;1091a802-cb26-472d-9abc-b65635c980f5;11.579;0.02442;BUY
2016-04-01T05:53:58.000000;2016-04-01T05:53:58.680000;247332fb-a58b-40aa-ba6a-dea06ce0d4aa;11.579;0.97558;SELL
2016-04-01T05:53:58.000000;2016-04-01T05:53:58.697000;270ce499-d104-4060-ae5d-a00684832169;11.579;12.84802766;SELL
2016-04-01T05:53:58.000000;2016-04-01T05:53:58.707000;e5e6c078-c13f-495f-8339-129b15bd7498;11.579;2.31639234;SELL
2016-04-01T05:54:29.000000;2016-04-01T05:54:29.677000;5a43db3f-4ca7-48bc-8231-abbc5c268db2;11.61;0.1;BUY
2016-04-01T05:54:50.000000;2016-04-01T05:54:50.853000;51b746f1-7b9a-4a92-8dd4-d3cbfe82d148;11.62;0.1;BUY
2016-04-01T05:55:08.000000;2016-04-01T05:55:08.320000;e5852076-7bce-40c7-ae5c-eb78ca0722d1;11.63;0.1;BUY
2016-04-01T05:55:29.000000;2016-04-01T05:55:29.893000;f43b0418-3843-4335-aa94-c366eca4ccf6;11.64;0.1;BUY
2016-04-01T05:55:48.000000;2016-04-01T05:55:48.870000;a08e1c52-2577-421e-84d3-69fe03f85f5b;11.65;0.1;BUY
2016-04-01T05:57:35.000000;2016-04-01T05:57:35.520000;756da284-2cf8-4d11-a84e-b6e278650cbf;11.65;0.9;SELL
2016-04-01T05:57:35.000000;2016-04-01T05:57:35.530000;076cb7ae-0b46-457a-bbb7-c39ba3a844df;11.65;13.21663145;SELL
2016-04-01T05:57:46.000000;2016-04-01T05:57:46.390000;4be2aa39-4a14-4c84-b557-f43caffaa159;11.65;0.00336855;BUY
2016-04-01T05:59:23.000000;2016-04-01T05:59:23.647000;78f040a5-d6c9-4ab8-a9a0-112950b4990b;11.65;0.99663145;SELL
2016-04-01T05:59:23.000000;2016-04-01T05:59:23.667000;57ed8b59-bde6-4716-85e7-1daa1eeea865;11.65;11.59222992;SELL
2016-04-01T06:04:03.000000;2016-04-01T06:04:03.980000;5a90b3f3-beac-40d7-bd7a-889ad68ba0be;11.64;0.9;SELL
2016-04-01T06:04:03.000000;2016-04-01T06:04:03.997000;3ebb6fff-6bbb-4f4d-8b9b-9abafa1cb425;11.64;12.23695334;SELL
2016-04-01T06:04:03.000000;2016-04-01T06:04:04.003000;9961992a-61bd-4a58-b377-7da5bded18f4;11.63;0.9;SELL
2016-04-01T06:04:03.000000;2016-04-01T06:04:04.033000;b77a4ab7-e0ee-426a-b42c-d9cb06909b77;11.63;2.320721;SELL
2016-04-01T06:04:03.000000;2016-04-01T06:04:04.033000;9a5c13ee-5b7b-427a-862a-771e58b24b01;11.63;10.446812;SELL
2016-04-01T06:04:03.000000;2016-04-01T06:04:04.033000;4fa26c85-722d-4842-affd-5abc17a12fe4;11.62;0.9;SELL
2016-04-01T06:04:03.000000;2016-04-01T06:04:04.033000;4802c443-5906-4bd8-8089-e1642680394a;11.62;18.29551366;SELL
2016-04-01T06:10:32.000000;2016-04-01T06:10:32.507000;226fe6f9-537c-4399-804d-d0b3c8d410e3;11.62;0.66413874;SELL
2016-04-01T06:30:33.000000;2016-04-01T06:30:33.900000;c9c8ae1e-a8bd-4e24-9432-b0ac2c80a97f;11.628;11.69679624;SELL
2016-04-01T06:30:33.000000;2016-04-01T06:30:33.913000;30306234-c98e-4d9c-be72-3637df5e05c2;11.628;2.30320376;SELL
2016-04-01T06:31:03.000000;2016-04-01T06:31:04.017000;e5d6a855-8dae-45e4-93dd-8177ed28b279;11.628;0.01572624;SELL
2016-04-01T06:31:03.000000;2016-04-01T06:31:04.037000;63bd79ed-f643-4108-b6c3-7fb88c7506d1;11.61;0.9;SELL
2016-04-01T06:31:03.000000;2016-04-01T06:31:04.053000;83a5d27f-606c-436f-aca2-d8b3374055b9;11.598;2.319029;SELL
2016-04-01T06:31:03.000000;2016-04-01T06:31:04.077000;4a9dd3cc-fb7b-4c0f-8ca6-90efb93c6222;11.598;12.953256;SELL
2016-04-01T06:31:03.000000;2016-04-01T06:31:04.077000;953d4955-1e6a-4019-921f-1bdb3fbe3c62;11.582;0.1;SELL
2016-04-01T06:31:03.000000;2016-04-01T06:31:04.077000;befbac3b-cc88-453d-8e72-4a5a62af05bd;11.578;0.1;SELL
2016-04-01T06:31:03.000000;2016-04-01T06:31:04.110000;c8181dc1-f1f2-4c60-ae07-c6745343912e;11.573;0.8;SELL
2016-04-01T06:31:04.000000;2016-04-01T06:31:04.583000;a2db51bf-4881-41d7-a1da-cc4b09b89bb1;11.57;0.3501;BUY
2016-04-01T06:31:05.000000;2016-04-01T06:31:05.057000;c003df0d-cabf-4d22-bbb2-dfe166b24202;11.57;2.46188876;BUY
2016-04-01T06:31:05.000000;2016-04-01T06:31:05.070000;a71dcc6a-5d35-48f4-9378-047432c76fda;11.699;0.97811124;BUY
2016-04-01T06:32:04.000000;2016-04-01T06:32:04.740000;fa64f70b-3d21-4617-bf89-cc7d80a3c494;11.573;2.88992798;SELL
2016-04-01T06:32:04.000000;2016-04-01T06:32:04.760000;76b42585-8f06-49d1-b3f9-3d55b4b69c97;11.573;11.8748914;SELL
2016-04-01T06:32:04.000000;2016-04-01T06:32:04.770000;bb1ca132-33ec-46f3-8781-dd7d44ca6fa0;11.573;2.32451;SELL
2016-04-01T06:32:04.000000;2016-04-01T06:32:04.797000;c70a6d06-1619-4946-a62e-76466efa3bc1;11.571;0.3501;SELL
2016-04-01T06:32:04.000000;2016-04-01T06:32:04.993000;993ccb46-dbd1-4801-b4af-0f3cf4666c8d;11.57;0.56038462;BUY
2016-04-01T06:32:05.000000;2016-04-01T06:32:05.393000;9ab1c193-2712-4251-a0d1-0e2441c05231;11.57;0.000186;BUY
2016-04-01T06:32:21.000000;2016-04-01T06:32:21.723000;f4c2340e-9e80-4e0b-9497-5ccd81a8e554;11.574;2.89588535;SELL
2016-04-01T06:32:21.000000;2016-04-01T06:32:21.733000;409c458c-0043-4bbc-8a71-5b2568316f9c;11.574;9.49905248;SELL
2016-04-01T06:32:21.000000;2016-04-01T06:32:21.743000;371f2f74-e531-4869-911a-b709d96bf872;11.573;2.328412;SELL
2016-04-01T06:32:21.000000;2016-04-01T06:32:21.770000;131e28aa-8bdc-4e21-ae0d-3dc20e81d4fc;11.571;0.3501;SELL
2016-04-01T06:32:21.000000;2016-04-01T06:32:21.770000;0353081e-da85-46ca-b4de-9e89d49d2a4e;11.57;0.56038462;SELL
2016-04-01T06:32:21.000000;2016-04-01T06:32:21.770000;1a37ca9d-9cfe-4865-b587-26e0828ce39a;11.57;0.11;SELL
2016-04-01T06:32:21.000000;2016-04-01T06:32:21.973000;73b39bad-6f24-4258-95f6-12508f17e4b1;11.57;4.25594797;BUY
2016-04-01T06:32:22.000000;2016-04-01T06:32:22.353000;ac2319f9-fde3-4ddc-9530-7ef138b10ad7;11.57;0.00021758;BUY
2016-04-01T06:32:31.000000;2016-04-01T06:32:31.823000;027f3bc0-bc64-41eb-a06c-0cc2fa95aebe;11.572;2.90969074;SELL
2016-04-01T06:32:31.000000;2016-04-01T06:32:31.833000;092be698-f27a-4f68-8976-f70dcd21ee97;11.572;4.80398257;SELL
2016-04-01T06:32:31.000000;2016-04-01T06:32:31.837000;331ffd67-a4c3-4a15-b81c-2ceaf4e59172;11.571;0.3501;SELL
2016-04-01T06:32:31.000000;2016-04-01T06:32:31.870000;591abe12-36a5-40d6-8ddf-c5048eb629e5;11.571;0.3501;SELL
2016-04-01T06:32:31.000000;2016-04-01T06:32:31.870000;fce4ad8b-8f2b-4be2-9ae3-1fc1f28598be;11.571;2.328613;SELL
2016-04-01T06:32:31.000000;2016-04-01T06:32:31.870000;11175aba-1a8a-4c74-8c17-99013a78e002;11.57;4.25594797;SELL
2016-04-01T06:32:31.000000;2016-04-01T06:32:31.870000;de87ea3e-f743-4aa3-9fdf-977f458feb22;11.57;0.11;SELL
2016-04-01T06:32:31.000000;2016-04-01T06:32:31.870000;fed45b01-3d00-4b63-a0ef-3de7c195c648;11.57;1.60132752;SELL
2016-04-01T06:32:32.000000;2016-04-01T06:32:32.437000;77bd0b23-361c-4535-ba71-9710a415a219;11.57;3.29003453;BUY
2016-04-01T06:32:32.000000;2016-04-01T06:32:32.517000;33839e67-ddfc-466f-b84e-b69a827961c9;11.57;0.00020367;BUY
2016-04-01T06:32:35.000000;2016-04-01T06:32:35.257000;b7e2a0d3-d816-4ce3-a000-7710e4820314;11.572;2.92331776;SELL
2016-04-01T06:32:35.000000;2016-04-01T06:32:35.260000;c684f7a2-27eb-4cc7-bf62-841182fcb592;11.571;0.3501;SELL
2016-04-01T06:32:35.000000;2016-04-01T06:32:35.270000;a282a6ff-6c41-4da7-a497-49697e6422d0;11.57;3.29003453;SELL
2016-04-01T06:32:35.000000;2016-04-01T06:32:35.297000;a02bba15-797b-4d6e-ac84-099dce3169e5;11.57;2.5839914;SELL
2016-04-01T06:32:35.000000;2016-04-01T06:32:35.737000;5d8d1619-ddb5-4834-bc2f-5cc4fbef0606;11.57;10.85235519;BUY
2016-04-01T06:32:36.000000;2016-04-01T06:32:36.750000;049b74ca-9a74-4808-b2f7-525ad85d9ce8;11.57;0.00020112;BUY
2016-04-01T06:32:56.000000;2016-04-01T06:32:56.513000;ef9af906-1d35-4f53-b06f-3f54a82f405a;11.573;2.95447332;SELL
2016-04-01T06:32:56.000000;2016-04-01T06:32:56.517000;3e23eb1d-722e-486c-b27f-2a5f9b973897;11.573;2.328512;SELL
2016-04-01T06:32:56.000000;2016-04-01T06:32:56.527000;ccaebec3-cb71-4870-a5c8-a694d47ddece;11.571;0.3501;SELL
2016-04-01T06:32:56.000000;2016-04-01T06:32:56.553000;c7e0a627-b5e3-491c-a075-0c65cd2a9456;11.571;0.3501;SELL
2016-04-01T06:32:56.000000;2016-04-01T06:32:56.553000;138caded-c8c7-444b-9938-548f8ee89822;11.571;0.3501;SELL
2016-04-01T06:32:56.000000;2016-04-01T06:32:56.553000;daff4d7f-a586-4bfb-bd66-b6b248de2c48;11.548;0.3503;SELL
2016-04-01T06:32:56.000000;2016-04-01T06:32:56.553000;e1381cd2-c405-4402-ac53-6d6b2214262f;11.534;0.1;SELL
2016-04-01T06:32:56.000000;2016-04-01T06:32:56.557000;c945a1f2-abae-44a8-8493-60da8deead03;11.517;11.569;SELL
2016-04-01T06:32:56.000000;2016-04-01T06:32:56.587000;dac68a3c-f3ed-4f6e-9177-3d115d27efce;11.516;4.54741468;SELL
2016-04-01T07:41:34.000000;2016-04-01T07:41:34.433000;d4c3522d-aa9c-4260-ad2e-232ad78624ff;11.543;0.1;SELL
2016-04-01T07:41:34.000000;2016-04-01T07:41:34.447000;9f45008f-960b-4eef-a714-07ffc2bb121a;11.543;0.1;SELL
2016-04-01T07:41:34.000000;2016-04-01T07:41:34.447000;44442543-35ea-4cd0-a6b0-452c636130ec;11.541;0.1;SELL
2016-04-01T07:41:34.000000;2016-04-01T07:41:34.483000;59a659f6-7b4a-4ee5-8c75-f5a61e3cd326;11.528;0.1;SELL
2016-04-01T07:41:34.000000;2016-04-01T07:41:34.483000;53628343-f27a-461f-b09f-469268ac72e0;11.521;3.52090762;SELL
2016-04-01T07:41:35.000000;2016-04-01T07:41:35.567000;acd7bb11-46bc-4e11-97b2-5d9a4feb4e18;11.521;2.27509238;SELL
2016-04-01T07:41:35.000000;2016-04-01T07:41:35.577000;79c38608-49d6-4807-a8d7-ab8effde31c6;11.52;53.74384933;SELL
2016-04-01T07:41:44.000000;2016-04-01T07:41:45.020000;38bd7ed0-6fe9-481f-82d4-c100526ec78d;11.52;30.0;SELL
2016-04-01T07:44:29.000000;2016-04-01T07:44:29.437000;b8afabf0-0bd6-4b50-b6aa-792e1e0dcde4;11.618;1.0;BUY
2016-04-01T08:05:03.000000;2016-04-01T08:05:03.673000;5a4b0e6a-3b0f-48b0-947b-5b4f21cad54a;11.595;2.1;BUY
2016-04-01T08:05:03.000000;2016-04-01T08:05:03.690000;106720d9-25be-47f7-8af1-c2f22a984abe;11.595;21.3;BUY
2016-04-01T08:05:03.000000;2016-04-01T08:05:03.693000;90abde83-c875-4b64-84a9-864da09d8d38;11.595;0.54949795;BUY
2016-04-01T08:05:03.000000;2016-04-01T08:05:03.727000;156e8ffe-18cb-4458-87cc-dae2e5c6ed0e;11.596;2.300391;BUY
2016-04-01T08:05:03.000000;2016-04-01T08:05:03.727000;47db7e7c-9794-4620-9c29-8cc229060be1;11.635;0.1;BUY
2016-04-01T08:05:03.000000;2016-04-01T08:05:03.727000;710eeeb0-6c08-4719-9085-41a5aa207e7f;11.658;0.1;BUY
2016-04-01T08:05:03.000000;2016-04-01T08:05:03.727000;7dcf8e6a-4823-44ff-bb11-9b72bf2266db;11.658;0.1;BUY
2016-04-01T08:05:03.000000;2016-04-01T08:05:03.727000;deb54056-dacf-4da9-9906-fd72c5d93150;11.658;35.96252796;BUY
2016-04-01T08:05:03.000000;2016-04-01T08:05:03.727000;71b84262-6367-408e-80fa-c8baaada8cd7;11.658;11.3995558;BUY
2016-04-01T08:05:03.000000;2016-04-01T08:05:03.763000;30513078-99b2-4249-b580-4bb9eb28311b;11.659;12.938545;BUY
2016-04-01T08:05:03.000000;2016-04-01T08:05:03.800000;adb29dc1-3f35-4538-8638-6be62e1fb2c3;11.66;0.37300996;BUY
2016-04-01T08:05:03.000000;2016-04-01T08:05:03.807000;630a40dc-b364-4f0e-886e-2a6101d67f88;11.665;0.1;BUY
2016-04-01T08:05:03.000000;2016-04-01T08:05:03.810000;ccf72577-9bd6-4fc4-87f8-3c01d2191d19;11.675;0.1;BUY
2016-04-01T08:05:03.000000;2016-04-01T08:05:03.843000;7c7a3d66-e775-4d44-9d84-095138efe2d4;11.675;97.48;BUY
2016-04-01T08:05:03.000000;2016-04-01T08:05:03.843000;6630d0d7-acd1-4e57-a04b-7556fa58329f;11.682;0.3503;BUY
2016-04-01T08:05:03.000000;2016-04-01T08:05:03.843000;37317c19-a866-4f66-b5c4-5501720cda3d;11.682;14.74617233;BUY
2016-04-01T08:05:47.000000;2016-04-01T08:05:47.630000;4d92466b-0522-4bce-a19e-a5d47aeabdeb;11.648;2.331523;BUY
2016-04-01T08:05:47.000000;2016-04-01T08:05:47.643000;d47e60b0-7e5c-4d85-b775-bfda5466d812;11.65;9.326092;BUY
2016-04-01T08:05:47.000000;2016-04-01T08:05:47.647000;388e5db4-d2b9-461f-ac34-87b09f85a9e1;11.65;36.51202591;BUY
2016-04-01T08:05:47.000000;2016-04-01T08:05:47.680000;5ee58530-b39c-4e76-b9d9-9ef3ff52b309;11.695;0.3503;BUY
2016-04-01T08:05:47.000000;2016-04-01T08:05:47.680000;89e5bafb-a775-4c95-bdce-a7a1353dda25;11.7;1.48005909;BUY
2016-04-01T08:17:07.000000;2016-04-01T08:17:07.917000;3d8a5a01-462e-41c3-b937-61e72a162ef9;11.645;25.0;BUY
2016-04-01T08:17:08.000000;2016-04-01T08:17:08.063000;aeb3ac3c-1036-493c-b72e-42acb9623cd5;11.645;11.51202591;BUY
2016-04-01T08:17:08.000000;2016-04-01T08:17:08.073000;2c05ee79-e7de-4481-8b71-58aabb81364b;11.646;2.332227;BUY
2016-04-01T08:17:08.000000;2016-04-01T08:17:08.093000;3ea9796e-b319-4c3a-a858-e136ea89317d;11.665;0.1;BUY
2016-04-01T08:17:08.000000;2016-04-01T08:17:08.110000;6e6042d8-a571-4d35-9810-dd53129f9808;11.7;16.51994091;BUY
2016-04-01T08:17:08.000000;2016-04-01T08:17:08.117000;b8af703e-9c8b-4e40-9831-a1da5d36c950;11.7;0.3;BUY
2016-04-01T08:17:08.000000;2016-04-01T08:17:08.147000;c566d9fe-c047-4166-a364-91bf405d419b;11.7;112.98518;BUY
2016-04-01T08:17:08.000000;2016-04-01T08:17:08.147000;68a5ffb6-7d42-4d66-a1e2-968811daf2e4;11.7;9.461849;BUY
2016-04-01T08:17:08.000000;2016-04-01T08:17:08.233000;878414ad-28b3-4efc-b22f-fb6c3b6f3a6e;11.7;16.78877718;SELL
2016-04-01T08:41:44.000000;2016-04-01T08:41:44.787000;cb005524-6262-458a-a12f-4a98a2deed3a;11.655;3.0268;BUY
2016-04-01T09:04:23.000000;2016-04-01T09:04:23.280000;89d1ee23-3532-4703-ab95-3fcc3cae40ef;11.666;0.48933642;BUY
2016-04-01T09:05:34.000000;2016-04-01T09:05:34.987000;e45c4fbd-2756-4b65-b551-9d8d723e5fb2;11.675;1.2193;BUY
2016-04-01T09:09:08.000000;2016-04-01T09:09:08.633000;e688fe4e-91fc-4311-ae3e-eac5f191335b;11.666;25.43604026;SELL
2016-04-01T09:09:09.000000;2016-04-01T09:09:09.353000;8fc74b55-cf95-401a-a966-d0c66d33ec03;11.666;25.43604026;SELL
2016-04-01T09:09:10.000000;2016-04-01T09:09:10.310000;348f148c-838e-4c9b-9789-db53d8b80069;11.666;25.43604026;SELL
2016-04-01T09:09:11.000000;2016-04-01T09:09:11.190000;e26e096c-4b6a-4871-b184-fbeaffa98175;11.666;25.43604026;SELL
2016-04-01T09:09:12.000000;2016-04-01T09:09:12.210000;b9d174fe-dc0c-43f1-b4bb-f65ed1d2f8c6;11.666;25.43604026;SELL
2016-04-01T09:09:12.000000;2016-04-01T09:09:12.800000;4adf33cc-aa26-4271-be46-2f954d833eb9;11.666;25.43604026;SELL
2016-04-01T09:09:13.000000;2016-04-01T09:09:13.570000;70054e33-f2ab-4828-9b4a-f63cfce7af94;11.666;25.43604026;SELL
2016-04-01T09:09:14.000000;2016-04-01T09:09:14.180000;d2d1b2b7-314f-4946-8e2f-d1901c3a4733;11.666;25.43604026;SELL
2016-04-01T09:09:14.000000;2016-04-01T09:09:14.987000;5cc4b9bf-1586-4b81-a709-838712bf2262;11.666;25.43604026;SELL
2016-04-01T09:09:16.000000;2016-04-01T09:09:16.393000;66c7b2fe-e3da-430a-8219-a780dd723a18;11.666;25.43604026;SELL
2016-04-01T09:09:17.000000;2016-04-01T09:09:17.600000;b8ea7512-0c5d-480d-8adb-1a065e5b0fc0;11.666;25.43604026;SELL
2016-04-01T09:09:18.000000;2016-04-01T09:09:18.353000;b8fe6c00-b4ac-4d26-9c9d-acf59d5181a3;11.666;25.43604026;SELL
2016-04-01T09:09:18.000000;2016-04-01T09:09:19.027000;e648db60-f05d-48b5-93ac-ea9ad8ec3027;11.666;25.43604026;SELL
2016-04-01T09:09:19.000000;2016-04-01T09:09:19.700000;2f729509-1a58-4547-b4f3-61cabc6621c4;11.666;25.43604026;SELL
2016-04-01T09:09:20.000000;2016-04-01T09:09:20.553000;c13f4d8a-30ea-4daf-81ca-f076e81b04c4;11.666;25.43604026;SELL
2016-04-01T09:09:20.000000;2016-04-01T09:09:20.897000;28b065e3-ccd0-4a77-aa8b-fb086741c22d;11.666;25.43604026;SELL
2016-04-01T09:09:21.000000;2016-04-01T09:09:21.853000;30f56fbb-23f5-4c7b-9d54-45434819d79d;11.666;16.75594888;SELL
2016-04-01T09:09:23.000000;2016-04-01T09:09:23.187000;d23d2590-81b1-4175-8807-4f5e058f5201;11.666;16.75594888;SELL
2016-04-01T09:09:24.000000;2016-04-01T09:09:24.207000;dfcbf647-759e-40c4-b117-cbfc60f8e08a;11.666;16.75594888;SELL
2016-04-01T09:09:34.000000;2016-04-01T09:09:34.643000;8e637425-90eb-4714-b144-c5f68cc12ebd;11.666;17.42036911;SELL
2016-04-01T09:09:40.000000;2016-04-01T09:09:40.503000;8bb4ad78-4713-43e1-b7e4-9b10c818b8b8;11.666;0.35564889;SELL
2016-04-01T09:09:41.000000;2016-04-01T09:09:41.143000;03e172f3-285c-4139-abfd-8f7532c856cb;11.666;0.35564889;SELL
2016-04-01T09:09:42.000000;2016-04-01T09:09:42.963000;df3b9256-3616-475e-bd97-32734c09dc51;11.666;0.35560603;SELL
2016-04-01T09:09:43.000000;2016-04-01T09:09:43.663000;126f6b11-5fac-4708-adf6-d33ce76e6b22;11.666;0.35560603;SELL
2016-04-01T09:09:44.000000;2016-04-01T09:09:44.337000;c9969918-810d-4ffa-958d-34b4e79788a7;11.666;0.35564889;SELL
2016-04-01T09:16:51.000000;2016-04-01T09:16:51.133000;aab81f07-05c6-4ee7-8be4-2343bd13473c;11.666;2.329415;SELL
2016-04-01T09:16:54.000000;2016-04-01T09:16:54.850000;78efab2f-5d4f-4d2e-904c-08bdd12073ec;11.666;25.43604026;SELL
2016-04-01T09:16:56.000000;2016-04-01T09:16:56.307000;3169f36a-49d4-404d-8e24-dc7fec545bae;11.666;25.43604026;SELL
2016-04-01T09:16:56.000000;2016-04-01T09:16:56.857000;e3ed7497-10e5-4b1d-bfe7-ca07413debbb;11.666;25.43604026;SELL
2016-04-01T09:16:57.000000;2016-04-01T09:16:57.417000;225a00ca-ac06-438f-ac11-f8223159806b;11.666;25.43604026;SELL
2016-04-01T09:16:58.000000;2016-04-01T09:16:58.210000;5ebb9e6c-b9fd-40b5-afd8-c11a1abeb351;11.666;25.43604026;SELL
2016-04-01T09:17:29.000000;2016-04-01T09:17:29.910000;4a961986-0e72-4155-9ef0-992c8cb36c0b;11.681;2.94199308;BUY
2016-04-01T09:17:31.000000;2016-04-01T09:17:31.190000;0f487c5f-0c22-49df-9b58-b1cf68106eb6;11.666;20.0;SELL
2016-04-01T09:25:03.000000;2016-04-01T09:25:03.300000;1f45c97d-3ce0-44c2-af7e-65e50050e459;11.666;0.88242543;SELL
2016-04-01T09:25:04.000000;2016-04-01T09:25:04.670000;5f0ac586-51c2-42d7-b779-21afd3ee85ca;11.666;0.88242543;SELL
2016-04-01T09:25:05.000000;2016-04-01T09:25:05.357000;258c3c40-a5ac-44ce-9a17-440b4de8202a;11.666;0.88242543;SELL
2016-04-01T09:25:06.000000;2016-04-01T09:25:06.140000;55e7c7e3-94ac-456c-a68f-1beec56d6dc8;11.666;0.88242543;SELL
2016-04-01T09:25:07.000000;2016-04-01T09:25:07.230000;b8562cc2-038b-4e00-a13a-03bb8664de71;11.666;0.88242543;SELL
2016-04-01T09:25:08.000000;2016-04-01T09:25:08.937000;4dabdc3b-6285-4656-b223-36c50276af0a;11.666;0.54949795;SELL
2016-04-01T09:25:10.000000;2016-04-01T09:25:10.083000;eea7a8c2-c1f1-4a56-a902-24a1e060305d;11.666;0.54949795;SELL
2016-04-01T09:25:11.000000;2016-04-01T09:25:11.280000;6c23a60a-2de0-4838-813c-503f50cf3ed7;11.666;0.54949795;SELL
2016-04-01T09:25:12.000000;2016-04-01T09:25:12.367000;6e3aca0b-6cbd-40aa-9efe-d576221edb3f;11.666;0.54949795;SELL
2016-04-01T09:25:12.000000;2016-04-01T09:25:12.700000;7fd5b3bd-5177-4329-a75a-61919f7a1f45;11.666;0.54949795;SELL
2016-04-01T09:43:35.000000;2016-04-01T09:43:35.533000;5961e2bb-4aa0-4cb3-a6ca-7940ec929063;11.683;0.1;BUY
2016-04-01T09:43:35.000000;2016-04-01T09:43:35.543000;6ac81a30-3c3c-434a-b114-1b8841f3ce36;11.716;0.1;BUY
2016-04-01T09:43:35.000000;2016-04-01T09:43:35.557000;9c27f26c-5691-4abe-afbc-9586046185a4;11.717;0.1;BUY
2016-04-01T09:43:35.000000;2016-04-01T09:43:35.583000;24ca71a8-1494-4a14-a21f-322b396dc9ab;11.746;1.20629931;BUY
2016-04-01T10:09:46.000000;2016-04-01T10:09:46.550000;f42db480-3bcb-4ac9-acca-f461b346c496;11.687;1.05729844;SELL
2016-04-01T10:15:24.000000;2016-04-01T10:15:25.037000;5c0b57ff-58c1-4fe7-9349-4ef862f73245;11.746;1.11054469;BUY
2016-04-01T10:16:41.000000;2016-04-01T10:16:41.560000;268951c6-ab9c-4bca-b552-3112e94fbdca;11.811;2.316448;BUY
2016-04-01T10:16:41.000000;2016-04-01T10:16:41.767000;ecdecd0c-fe51-4a39-aadd-dbf3cf5f0fb3;11.839;3.74108165;BUY
2016-04-01T10:16:41.000000;2016-04-01T10:16:41.890000;ab87bb1a-4744-4f3d-a162-78968da96e3d;11.84;48.45857743;BUY
2016-04-01T10:16:42.000000;2016-04-01T10:16:42.330000;adbcb3e3-a1dd-4e30-b60d-c51f6de7ec55;11.84;0.48389292;SELL
2016-04-01T10:20:08.000000;2016-04-01T10:20:08.567000;a8b05e64-b71c-4f0c-a99c-21c6ecd160fe;11.82;4.37169483;SELL
2016-04-01T10:41:27.000000;2016-04-01T10:41:27.980000;6df973b3-f62e-454c-9ad0-4b619e07326f;11.795;25.43604026;BUY
2016-04-01T10:41:27.000000;2016-04-01T10:41:27.997000;70c503d6-60cf-4868-a8b3-5f836c0f90ea;11.796;2.284845;BUY
2016-04-01T10:41:28.000000;2016-04-01T10:41:28.427000;b96e4bdb-a976-4616-92c9-84f243d001d2;11.83;0.27911474;SELL
2016-04-01T10:52:52.000000;2016-04-01T10:52:53.020000;828fcafe-7c63-409e-963d-fea39f5c67be;11.81;0.54949795;BUY
2016-04-01T10:52:52.000000;2016-04-01T10:52:53.030000;1089f1e9-1f97-41b5-9202-545baf292d2c;11.811;2.292981;BUY
2016-04-01T10:52:52.000000;2016-04-01T10:52:53.040000;684f8a01-a333-441b-abeb-2f05a8bef8a1;11.85;10.0;BUY
2016-04-01T10:52:53.000000;2016-04-01T10:52:53.767000;51f38e00-2b1f-4630-8c14-228067578841;11.85;0.54949795;SELL
2016-04-01T10:52:54.000000;2016-04-01T10:52:54.907000;744d1f60-1da1-4df9-a1ac-278b608692f4;11.85;0.54949795;SELL
2016-04-01T11:11:09.000000;2016-04-01T11:11:09.843000;f70691e4-c308-4654-ac68-4c11b1e521f0;11.752;1.11054469;SELL
2016-04-01T11:11:09.000000;2016-04-01T11:11:09.857000;ba1c9ad1-0dbe-4f88-a980-6fbfebd71006;11.751;1.11054469;SELL
2016-04-01T11:11:09.000000;2016-04-01T11:11:09.860000;752cf68b-6492-4a06-897d-0804e41e1ff2;11.723;2.332327;SELL
2016-04-01T11:11:09.000000;2016-04-01T11:11:09.893000;884d951b-f3f9-474c-bc00-5be00ec2f1c2;11.723;10.230328;SELL
2016-04-01T11:11:09.000000;2016-04-01T11:11:09.893000;da9994e2-866c-46b5-9062-c44087cd1d97;11.701;10.65229588;SELL
2016-04-01T11:11:09.000000;2016-04-01T11:11:09.893000;da1abda5-4434-4d25-8555-39dce06ddf7b;11.701;25.43604026;SELL
2016-04-01T11:11:09.000000;2016-04-01T11:11:09.950000;0d01966b-926b-4a85-be28-6e137b1bf36e;11.701;25.43604026;SELL
2016-04-01T11:11:09.000000;2016-04-01T11:11:10.093000;ea76d3a8-3e0c-4487-841a-ec3b68126a2b;11.701;6.1356236;SELL
2016-04-01T11:11:09.000000;2016-04-01T11:11:10.133000;5ae62cd9-f216-4163-8ab9-64408153a436;11.7;25.43604026;SELL
2016-04-01T11:11:09.000000;2016-04-01T11:11:10.150000;bc45da17-e3f9-48aa-b9e2-3379a1efb520;11.7;25.43604026;SELL
2016-04-01T11:11:10.000000;2016-04-01T11:11:10.310000;04056c77-e8de-451b-bbf7-0da86cfd9c11;11.7;6.76525908;SELL
2016-04-01T11:11:10.000000;2016-04-01T11:11:10.370000;64762f70-0736-48a8-bf5e-63b29c407cfa;11.7;25.43604026;SELL
2016-04-01T11:11:11.000000;2016-04-01T11:11:11.787000;3caf07a0-f1d5-438b-9f8d-8f08ab4032c1;11.7;19.30041666;SELL
2016-04-01T11:11:12.000000;2016-04-01T11:11:12.913000;ed366296-cced-4220-ab26-50336dbe32c9;11.701;0.62138894;SELL
2016-04-01T11:11:12.000000;2016-04-01T11:11:12.923000;7e28fa09-3b78-4b9d-a5aa-7fde9096ad60;11.7;19.3417387;SELL
2016-04-01T11:14:37.000000;2016-04-01T11:14:37.760000;7e331f84-a7d2-451e-8c17-d7a87109ad8a;11.844;0.0001946;BUY
2016-04-01T11:14:37.000000;2016-04-01T11:14:37.767000;c82bba1a-73a4-4300-958f-29454fdadefe;11.846;2.289681;BUY
2016-04-01T11:14:37.000000;2016-04-01T11:14:37.790000;2cba108f-ef31-4da5-b07b-e837f1d10dbe;11.846;25.0;BUY
2016-04-01T11:14:37.000000;2016-04-01T11:14:37.803000;9f7345f4-59dd-44bb-8376-873f786e7c0b;11.85;10.96136211;BUY
2016-04-01T11:14:37.000000;2016-04-01T11:14:37.813000;73b1e1fe-3e4e-4834-a276-9709a172482a;11.86;10.0;BUY
2016-04-01T11:14:37.000000;2016-04-01T11:14:37.840000;a167a155-d347-4ed5-88e2-b69e968f6990;11.86;10.80166;BUY
2016-04-01T11:14:38.000000;2016-04-01T11:14:38.050000;5ed31161-eff4-47f0-a558-112b460a5fc0;11.86;11.748584;SELL
2016-04-01T11:14:52.000000;2016-04-01T11:14:52.953000;79e798c5-c800-48c6-a73c-50fa4b517516;11.86;3.85837;SELL
2016-04-01T11:14:55.000000;2016-04-01T11:14:55.110000;bb99345c-eec8-47c5-b4b0-d6a37d12864c;11.86;3.12264585;SELL
2016-04-01T11:14:57.000000;2016-04-01T11:14:57.757000;f0f6b679-ac07-42b2-943e-32aa784059e6;11.86;3.12263229;SELL
2016-04-01T11:14:57.000000;2016-04-01T11:14:57.780000;30f07521-a813-45fa-bf88-31984979bbc3;11.86;3.12264585;SELL
2016-04-01T11:27:16.000000;2016-04-01T11:27:16.397000;90498452-d2e0-417c-b03d-1344a9701975;11.752;2.0;SELL
2016-04-01T11:28:01.000000;2016-04-01T11:28:01.650000;31dcd906-07dd-4315-ae7a-93f0751bf540;11.752;0.29;SELL
2016-04-01T11:40:16.000000;2016-04-01T11:40:16.093000;3df81358-8765-40f0-bcfc-afd35ad211a5;11.752;0.006875;SELL
2016-04-01T11:40:16.000000;2016-04-01T11:40:16.107000;df0f9cd0-1f64-4261-880f-355851ade278;11.75;0.10374232;SELL
2016-04-01T11:51:42.000000;2016-04-01T11:51:42.367000;4cc0f7b7-7872-417a-a99a-495771bb2734;11.75;0.9659;SELL
2016-04-01T11:57:06.000000;2016-04-01T11:57:06.730000;c2f81c87-c561-47e2-93de-5eb1caa9b466;11.75;5.44267799;SELL
2016-04-01T11:57:08.000000;2016-04-01T11:57:08.447000;292ebcaa-e79f-48a2-8f28-bb8c68b945cb;11.75;3.48767969;SELL
2016-04-01T12:01:01.000000;2016-04-01T12:01:01.337000;43979204-5bb6-447e-8490-d5ee791651b7;11.715;19.02157255;SELL
2016-04-01T12:01:01.000000;2016-04-01T12:01:01.603000;aef53f39-bce6-4ed0-8ac8-4bb770e0aee9;11.715;2.31992745;SELL
2016-04-01T12:01:01.000000;2016-04-01T12:01:01.607000;d0d9b247-edca-4f5e-863f-0f5d7c422958;11.71;4.09454026;SELL
2016-04-01T12:04:18.000000;2016-04-01T12:04:18.140000;e2d7a0bc-c234-4e95-bd9a-e5ffa965520a;11.766;2.296582;BUY
2016-04-01T12:04:18.000000;2016-04-01T12:04:18.707000;3af72e75-66f4-48ed-a4e8-0b372facebf3;11.82;1.703418;SELL
2016-04-01T12:04:48.000000;2016-04-01T12:04:48.070000;cab528ec-7b54-4607-b512-bad570906323;11.816;1.0;BUY
2016-04-01T12:04:56.000000;2016-04-01T12:04:56.450000;d06d1989-982d-455f-8be7-c9275caf945b;11.813;1.0;BUY
2016-04-01T12:05:03.000000;2016-04-01T12:05:03.793000;4c3b3aa2-8e70-4bcf-8025-3651fa5ff9fe;11.809;1.0;BUY
2016-04-01T12:06:45.000000;2016-04-01T12:06:45.873000;8a1c84d6-043c-4933-a3be-4230cb01560c;11.71;1.12489261;SELL
2016-04-01T12:08:22.000000;2016-04-01T12:08:22.953000;b2267ddd-8091-4964-b46c-8039976d8ae2;11.77;2.299316;BUY
2016-04-01T12:08:22.000000;2016-04-01T12:08:22.967000;5746d7e8-6e93-4fed-906c-cc709165396e;11.779;1.700684;BUY
2016-04-01T12:08:44.000000;2016-04-01T12:08:44.587000;7e53dda7-08f2-4855-bb7a-234744142684;11.71;0.94442665;SELL
2016-04-01T12:09:01.000000;2016-04-01T12:09:01.667000;f3b204f8-ec80-4490-8bea-bec6ea1b9af4;11.71;1.00953214;SELL
2016-04-01T12:11:40.000000;2016-04-01T12:11:40.717000;a37ac16d-c6af-41bb-91f4-7fadd21534f7;11.76;10.0;SELL
2016-04-01T12:11:40.000000;2016-04-01T12:11:40.940000;23271c7e-1590-4566-af52-9b27cf69a034;11.75;10.0;SELL
2016-04-01T12:11:41.000000;2016-04-01T12:11:41.913000;8a7f4031-c7ab-4e9e-8b96-ad00ea560a7d;11.74;4.56395974;SELL
2016-04-01T12:11:44.000000;2016-04-01T12:11:44.820000;84adf11c-6cb5-44b3-bfa5-60589199ea5f;11.74;5.43604026;SELL
2016-04-01T12:11:44.000000;2016-04-01T12:11:44.830000;9ee03537-9d75-49b9-a74c-f2b817f1df09;11.73;10.0;SELL
2016-04-01T12:11:44.000000;2016-04-01T12:11:44.840000;f0ac143e-330f-4263-a3c4-c9a618838fab;11.72;10.0;SELL
2016-04-01T12:11:53.000000;2016-04-01T12:11:53.783000;0abab759-747e-44e2-aa12-6c4c51b6c622;11.71;2.82660834;SELL
2016-04-01T12:11:53.000000;2016-04-01T12:11:53.787000;3d748225-2b9f-4201-8766-9097a37b7fa2;11.71;10.0;SELL
2016-04-01T12:11:55.000000;2016-04-01T12:11:55.373000;2293cfd9-07fa-471d-8ca2-84033fc81407;11.7;10.0;SELL
2016-04-01T12:11:55.000000;2016-04-01T12:11:55.380000;c19ee9f2-24a3-4b7b-87b1-240f054484cd;11.7;2.60943192;SELL
2016-04-01T12:12:02.000000;2016-04-01T12:12:02.637000;131b0833-a0cb-45bb-9a91-86e2240b22bf;11.7;1.2168614;SELL
2016-04-01T12:13:05.000000;2016-04-01T12:13:05.933000;7e89246f-9897-4825-a4ac-ed15797369d2;11.772;9.99149659;BUY
2016-04-01T12:13:05.000000;2016-04-01T12:13:05.943000;dba0f611-21d6-4289-9be8-54527193245a;11.772;25.43604026;BUY
2016-04-01T12:13:06.000000;2016-04-01T12:13:06.417000;17bf77de-61c7-4514-802b-61c62f53d2ea;11.79;2.303035;SELL
2016-04-01T12:13:07.000000;2016-04-01T12:13:07.787000;3d77be73-5ac6-4614-a77c-85aec6944302;11.79;2.26942815;SELL
2016-04-01T12:15:07.000000;2016-04-01T12:15:07.793000;6901f548-122b-4c75-8cba-caf976fa069f;11.778;2.303035;BUY
2016-04-01T12:15:07.000000;2016-04-01T12:15:07.820000;756e8f4a-eaaf-4502-9720-56447a23456d;11.779;12.696965;BUY
2016-04-01T12:15:22.000000;2016-04-01T12:15:22.347000;a2eabd78-2d8e-4b48-8f9c-f626ac97dee2;11.779;14.0;BUY
2016-04-01T13:01:20.000000;2016-04-01T13:01:20.340000;ede421ae-4dc2-49ed-8f42-f5c6d01e1ee6;11.711;27.03568966;SELL
2016-04-01T13:01:21.000000;2016-04-01T13:01:21.737000;0f774ed0-3a43-45e9-8c81-b974e1c15b9f;11.711;5.02469734;SELL
2016-04-01T13:11:07.000000;2016-04-01T13:11:07.603000;71a20e79-1183-4541-8f10-1a3f54d86a60;11.711;26.146403;SELL
2016-04-01T13:42:46.000000;2016-04-01T13:42:46.790000;c1f34f3a-e206-4cf5-ade3-6741f72c97e3;11.707;0.25;BUY
2016-04-01T13:47:58.000000;2016-04-01T13:47:58.927000;0e56aeb9-9a22-4439-af75-8feb86f0cc3e;11.7;2.303232;SELL
2016-04-01T13:48:12.000000;2016-04-01T13:48:12.513000;09c7bd21-6187-4c18-8859-5a33319d2a61;11.7;27.03568966;SELL
2016-04-01T13:48:13.000000;2016-04-01T13:48:13.103000;d93400b0-9513-45c2-b11b-356ae158bf38;11.7;6.13133163;SELL
2016-04-01T14:03:01.000000;2016-04-01T14:03:01.380000;bf368cd5-d38b-4ce5-bdea-1f05044bf6be;11.7;2.3114;SELL
2016-04-01T14:16:13.000000;2016-04-01T14:16:13.953000;7a89cd6f-9846-44e8-8e6e-f8fd34500652;11.7;2.311499;SELL
2016-04-01T14:16:24.000000;2016-04-01T14:16:24.137000;e7d81364-eb66-4253-b207-212eb42421d8;11.7;1.51512746;SELL
2016-04-01T14:16:25.000000;2016-04-01T14:16:25.340000;fb6f68af-9ebf-4828-a975-d94142883aca;11.7;1.51512746;SELL
2016-04-01T14:20:40.000000;2016-04-01T14:20:40.837000;02dfac66-af02-48ff-a4d4-531d47e41e9d;11.7;4.3795141;SELL
2016-04-01T14:39:08.000000;2016-04-01T14:39:08.787000;2b409d87-bd46-4aed-b2b5-e6227703f84b;11.757;5.02469734;BUY
2016-04-01T14:39:08.000000;2016-04-01T14:39:08.810000;7de652e8-df5e-4ff3-827a-2cf657cdef2d;11.757;24.97530266;BUY
2016-04-01T14:39:10.000000;2016-04-01T14:39:10.420000;cd711359-245f-4a32-932d-03d7d5bc11f7;11.7;2.060387;SELL
2016-04-01T14:40:30.000000;2016-04-01T14:40:30.403000;fc194e28-4034-4c5a-a51a-4e4f27b7bc2d;11.7;0.40904105;SELL
2016-04-01T14:47:26.000000;2016-04-01T14:47:26.843000;ce015656-bd3a-4f5b-bdc8-df821e269886;11.757;2.305293;BUY
2016-04-01T14:47:26.000000;2016-04-01T14:47:26.860000;f0ef58ce-493f-4bbd-8d1b-c4bf24974487;11.757;7.694707;BUY
2016-04-01T14:56:35.000000;2016-04-01T14:56:36.033000;7122a360-65a5-46ec-bb1b-0e7ce2defb6f;11.7;2.6388;SELL
2016-04-01T15:45:16.000000;2016-04-01T15:45:16.233000;22587ab5-6bd4-47de-854c-b7e13705be60;11.79;10.0;BUY
2016-04-01T15:45:16.000000;2016-04-01T15:45:16.240000;84649f5a-6b83-4653-b1dc-372c154af456;11.81;10.0;BUY
2016-04-01T15:45:16.000000;2016-04-01T15:45:16.247000;ebc27266-cabb-441e-ab10-18dc5e0d35c3;11.821;0.54950043;BUY
2016-04-01T15:45:16.000000;2016-04-01T15:45:16.277000;745c3547-f51b-48a5-87a2-8422ee8f4c6c;11.822;2.306177;BUY
2016-04-01T15:45:16.000000;2016-04-01T15:45:16.280000;435c6fd4-a63a-4ff1-b1ac-aa768172c559;11.839;1.14432257;BUY
2016-04-01T16:08:38.000000;2016-04-01T16:08:38.883000;89fd90dd-e1b2-46c0-aad4-0f575a907f84;11.8;0.46779024;SELL
2016-04-01T16:08:38.000000;2016-04-01T16:08:38.950000;9a1619e3-a270-42be-8807-5f15cba60d5f;11.8;0.46779024;SELL
2016-04-01T16:08:39.000000;2016-04-01T16:08:39.777000;9e37d3ae-42d0-4449-8917-555b97949c64;11.8;0.46779024;SELL
2016-04-01T16:08:40.000000;2016-04-01T16:08:40.847000;9d561c64-1dcb-45df-b5b6-6bb32bbb4073;11.8;0.46779024;SELL
2016-04-01T16:10:08.000000;2016-04-01T16:10:08.877000;492b11ce-f902-49e5-bdc9-ce359b603c8e;11.8;1.58743904;SELL
2016-04-01T16:13:47.000000;2016-04-01T16:13:47.547000;3ec690d9-f847-4be5-a303-32db3e5cb464;11.711;5.314612;SELL
2016-04-01T16:28:14.000000;2016-04-01T16:28:14.623000;bf90cf91-9017-4749-ba35-295035fb5f72;11.775;2.7;BUY
2016-04-01T16:40:19.000000;2016-04-01T16:40:19.867000;66291859-ec48-4a80-b0f7-36bd7dbea384;11.809;2.300978;BUY
2016-04-01T16:40:31.000000;2016-04-01T16:40:31.533000;b3c4633d-8b86-43fb-b354-7e9ddceb56bf;11.809;0.6488137;SELL
2016-04-01T17:04:22.000000;2016-04-01T17:04:22.567000;9c072c7d-15af-4257-a9de-e24e32062e9c;11.805;2.29912;BUY
2016-04-01T17:04:22.000000;2016-04-01T17:04:22.580000;1627e25e-018a-46e6-89a7-1bd5232c6fd4;11.839;0.00088;BUY
2016-04-01T17:13:40.000000;2016-04-01T17:13:40.213000;2db2e0ac-1006-4e5d-98d3-dddfb719cf3f;11.811;33.59449936;BUY
2016-04-01T17:13:40.000000;2016-04-01T17:13:40.230000;0563ea35-e9ed-4754-844f-d4246c8d1e95;11.812;2.28939;BUY
2016-04-01T17:13:40.000000;2016-04-01T17:13:40.850000;50525cc6-87bd-487a-b018-4abbe4a85ac5;11.815;33.59449936;SELL
2016-04-01T17:13:41.000000;2016-04-01T17:13:41.503000;7472d81a-bdf8-4574-a364-f0c68199e881;11.815;33.59449936;SELL
2016-04-01T17:13:43.000000;2016-04-01T17:13:44.023000;34b3a0e7-a3a3-46e4-b9fc-3c40872b56e0;11.815;2.292106;SELL
2016-04-01T17:13:45.000000;2016-04-01T17:13:45.583000;61330880-7600-42eb-93d1-c67b316c7f46;11.815;2.292106;SELL
2016-04-01T17:14:10.000000;2016-04-01T17:14:10.067000;eb6e583b-c95b-44f7-b8cf-4a368263ba8c;11.815;41.19769617;SELL
2016-04-01T17:14:19.000000;2016-04-01T17:14:19.073000;125cecf7-5728-4314-a7fd-6449027805ec;11.815;6.3416098;SELL
2016-04-01T17:15:31.000000;2016-04-01T17:15:31.877000;f858ec80-f573-49a6-9666-2ee9a3c7e069;11.815;96.4524214;SELL
2016-04-01T17:17:21.000000;2016-04-01T17:17:21.390000;aef17a61-611d-4183-9cd5-5249b34ee996;11.833;22.86038938;BUY
2016-04-01T17:17:21.000000;2016-04-01T17:17:21.400000;6c025cfe-a0fd-4cfe-81a8-f9709c9185b7;11.834;2.28697;BUY
2016-04-01T17:17:21.000000;2016-04-01T17:17:21.427000;a119c14b-15e1-4407-9d72-d9238b94897a;11.839;38.85479743;BUY
2016-04-01T17:17:21.000000;2016-04-01T17:17:21.427000;9043458b-dcf6-4229-9a0f-87c208be8843;11.858;17.0;BUY
2016-04-01T17:17:21.000000;2016-04-01T17:17:21.427000;b4619405-a76d-45df-a64a-407e2f084895;11.859;10.37379652;BUY
2016-04-01T17:17:21.000000;2016-04-01T17:17:21.433000;66edf778-0d25-4158-8845-0688eee575b3;11.86;10.0;BUY
2016-04-01T17:17:21.000000;2016-04-01T17:17:21.467000;e38b34d4-0ef5-4441-a1e0-2cab951283a9;11.868;25.0;BUY
2016-04-01T17:17:21.000000;2016-04-01T17:17:21.467000;f71b3a08-12cd-4647-9c2f-8d9fee93d652;11.868;0.3503;BUY
2016-04-01T17:17:21.000000;2016-04-01T17:17:21.467000;e3628826-50e2-4970-94e9-dfb4a621cc6f;11.87;25.0;BUY
2016-04-01T17:17:21.000000;2016-04-01T17:17:21.467000;6c96454a-c7ec-411c-8a4a-238405aed17c;11.89;28.27374667;BUY
2016-04-01T17:19:45.000000;2016-04-01T17:19:45.780000;db4e29fd-0293-408d-a28d-6814e7155d69;11.71;0.6461;SELL
2016-04-01T17:19:45.000000;2016-04-01T17:19:45.783000;db633bc2-79c3-4ac5-b4b0-3725a5f37fc0;11.701;2.35907208;SELL
2016-04-01T17:30:47.000000;2016-04-01T17:30:47.730000;c29a6bf0-262a-4d19-8a6b-6729eb47060a;11.79;3.46381567;BUY
2016-04-01T17:30:47.000000;2016-04-01T17:30:47.740000;fbd56c54-c0a4-4b61-85b4-7c75eadd59a1;11.79;2.297753;BUY
2016-04-01T17:30:47.000000;2016-04-01T17:30:47.740000;2c0c6efa-726f-4171-9069-b0ba5deeeb50;11.863;0.3503;BUY
2016-04-01T17:30:47.000000;2016-04-01T17:30:47.777000;9e0c9af7-d129-4d03-8700-aa65b95da6b6;11.874;0.88813133;BUY
2016-04-01T17:30:52.000000;2016-04-01T17:30:52.697000;565b184b-789b-4262-b04d-6ee072ef594b;11.716;0.7;SELL
2016-04-01T17:30:57.000000;2016-04-01T17:30:57.710000;f91c4308-26ae-404f-93d0-323258415d31;11.716;3.9;BUY
2016-04-01T17:31:35.000000;2016-04-01T17:31:35.060000;d3f76b86-a499-46d9-b15d-d37c9a84f302;11.715;4.6;SELL
2016-04-01T17:31:49.000000;2016-04-01T17:31:49.823000;e67bd2bf-2811-428f-bf49-893e11654e3a;11.716;85.4;BUY
2016-04-01T17:31:49.000000;2016-04-01T17:31:49.830000;6ac7f7e3-dbe7-4cfd-9cd4-b88e0ada9ffc;11.79;0.6;BUY
2016-04-01T17:32:32.000000;2016-04-01T17:32:32.297000;32b105e7-4774-4001-ab1a-d7361281e1f1;11.79;1.701468;BUY
2016-04-01T17:32:32.000000;2016-04-01T17:32:32.303000;b5a1b5ca-7446-4fd8-b64e-8e2b1eec41b9;11.79;2.30137;BUY
2016-04-01T17:32:32.000000;2016-04-01T17:32:32.333000;5e43e305-b4db-4f72-a9cb-fca34b61ef5d;11.861;0.3503;BUY
2016-04-01T17:32:32.000000;2016-04-01T17:32:32.333000;cc74b81c-c3ac-418e-b4ee-c96e0fa96909;11.87;0.646862;BUY
2016-04-01T17:56:43.000000;2016-04-01T17:56:43.797000;ebb11137-551b-4d8a-a4b1-a5b8f15da678;11.79;2.30137;BUY
2016-04-01T17:56:43.000000;2016-04-01T17:56:43.797000;e1562191-68de-4826-8838-cedf793498c7;11.809;0.69863;BUY
2016-04-01T18:07:41.000000;2016-04-01T18:07:41.420000;284294af-93a0-404e-a195-faccecfae0f3;11.7;1.0;SELL
2016-04-01T18:07:41.000000;2016-04-01T18:07:41.437000;a72933c2-1c16-4f76-87ee-aaabdf43fd79;11.7;0.1322;SELL
2016-04-01T18:08:34.000000;2016-04-01T18:08:34.263000;d460f0f0-ebd0-4ae2-a067-59edd5b029fc;11.67;3.4994;SELL
2016-04-01T18:09:23.000000;2016-04-01T18:09:23.343000;6e8300b9-fb90-4da4-bafb-5660c35c82fc;11.666;113.91127936;SELL
2016-04-01T18:09:42.000000;2016-04-01T18:09:42.770000;1ca7b8ce-758b-49f6-b849-32e021346400;11.666;20.0;SELL
2016-04-01T18:09:45.000000;2016-04-01T18:09:45.630000;c2933e41-e5bb-4ab6-8535-d44a67ce5846;11.666;20.0;SELL
2016-04-01T18:09:46.000000;2016-04-01T18:09:46.433000;033f5036-ad9f-4a4a-907e-1dfa7e373372;11.666;20.0;SELL
2016-04-01T18:09:54.000000;2016-04-01T18:09:54.620000;ea955d47-d017-403d-9eae-7e038421a1bc;11.666;20.0;SELL
2016-04-01T18:10:23.000000;2016-04-01T18:10:23.707000;793c21b5-08d2-4d02-83a3-f820cda25d09;11.666;7.19996431;SELL
2016-04-01T18:10:23.000000;2016-04-01T18:10:23.713000;7cabb822-5ced-4927-95aa-5a9bcd5c5e92;11.65;12.80003569;SELL
2016-04-01T18:10:23.000000;2016-04-01T18:10:23.847000;cf9db6ec-f66d-4067-aa13-3f40e7194d55;11.65;7.19996431;SELL
2016-04-01T18:23:26.000000;2016-04-01T18:23:26.627000;a722d075-9a1e-4d2a-b7c1-0dc8e28d3024;11.652;12.80003569;BUY
2016-04-01T18:23:26.000000;2016-04-01T18:23:26.637000;5ba4590d-6f00-4619-b446-7d3c493e06e1;11.653;2.303134;BUY
2016-04-01T18:23:26.000000;2016-04-01T18:23:26.637000;a5c66f2d-4434-4cb4-820f-61c415b18e64;11.698;0.89683031;BUY
2016-04-01T18:30:42.000000;2016-04-01T18:30:42.267000;98019c0b-5e63-4307-a0a8-9e7ffd889e2c;11.55;0.1;SELL
2016-04-01T18:30:42.000000;2016-04-01T18:30:42.280000;0618a293-bb9c-443d-ba77-2893a1aa3e0b;11.549;0.1;SELL
2016-04-01T18:30:42.000000;2016-04-01T18:30:42.280000;81ba5c40-a9c3-4b63-aa95-def95a754d36;11.544;0.1;SELL
2016-04-01T18:30:42.000000;2016-04-01T18:30:42.317000;575ffa15-d60c-4fec-a0a1-38adb0e401fa;11.54;1.992981;SELL
2016-04-01T18:41:15.000000;2016-04-01T18:41:15.050000;123c9b26-7498-4cba-a0b6-1aba5bf77769;11.668;2.327711;BUY
2016-04-01T18:41:15.000000;2016-04-01T18:41:15.067000;fca9117d-7c5b-4a7b-b5d9-f33e1d8c14f2;11.718;0.672289;BUY
2016-04-01T18:48:02.000000;2016-04-01T18:48:02.913000;a0fead3f-47a5-47be-8c51-5b87fde8b35e;11.707;1.0;BUY
2016-04-01T18:49:06.000000;2016-04-01T18:49:06.860000;167bfcba-7833-4e4e-be32-13348f3ea460;11.698;2.00336829;BUY
2016-04-01T18:49:06.000000;2016-04-01T18:49:06.877000;0500424b-ee40-496d-8cd5-98cba04db2be;11.699;1.19123171;BUY
2016-04-01T18:55:48.000000;2016-04-01T18:55:48.390000;b30a4b2d-4e10-413b-8e18-be25793f7d38;11.681;39.93716177;BUY
2016-04-01T18:55:48.000000;2016-04-01T18:55:48.403000;d9761938-f190-4064-9455-d4bb1094c8e2;11.682;2.06283823;BUY
2016-04-01T18:57:27.000000;2016-04-01T18:57:27.427000;03a8e04c-e073-472b-963f-b4185996b229;11.672;39.96795652;BUY
2016-04-01T18:57:27.000000;2016-04-01T18:57:27.450000;6b3a93d3-b69f-4fc6-816d-8626bbcd02e7;11.672;2.32481;BUY
2016-04-01T18:57:27.000000;2016-04-01T18:57:27.457000;db8bde25-e8e6-4247-827e-23ccb796e9f4;11.682;0.26117277;BUY
2016-04-01T18:57:27.000000;2016-04-01T18:57:27.487000;8c7f7faa-dd2c-413e-8923-d44e53673bc5;11.788;0.44606071;BUY
2016-04-01T20:27:20.000000;2016-04-01T20:27:20.113000;c0165734-2173-48cf-b804-8da5edd328e7;11.601;51.2382;SELL
2016-04-01T20:33:26.000000;2016-04-01T20:33:26.340000;40450500-311d-4706-903b-80888061e499;11.601;10.0;BUY
2016-04-01T20:33:44.000000;2016-04-01T20:33:44.803000;2d57750c-9d37-4b21-81b4-36555266b2ad;11.601;10.0;BUY
2016-04-01T20:34:05.000000;2016-04-01T20:34:05.693000;588ee252-2492-4b9e-a2ca-b973a471b526;11.601;10.0;BUY
2016-04-01T20:35:45.000000;2016-04-01T20:35:45.473000;698d03c7-6812-4a2e-8b31-927411be47d8;11.601;10.0;BUY
2016-04-01T20:36:20.000000;2016-04-01T20:36:20.897000;97313c3b-3e4f-499b-9036-1c63fa57da34;11.601;10.0;BUY
2016-04-01T20:37:40.000000;2016-04-01T20:37:40.767000;bebc4a43-efaf-488a-ad62-790f26930e34;11.601;159.2118;BUY
2016-04-01T20:49:37.000000;2016-04-01T20:49:37.537000;f045650d-489a-4ac7-be02-0572bd3563b0;11.6;81.17732104;SELL
2016-04-01T21:00:13.000000;2016-04-01T21:00:13.740000;3a0d417a-a27d-4d82-bed2-1b43fb7630d1;11.622;40.11582221;BUY
2016-04-01T21:00:14.000000;2016-04-01T21:00:14.427000;c10ee13b-4eff-4ac5-b29f-249ce094cdd4;11.622;11.21627779;BUY
2016-04-01T21:33:53.000000;2016-04-01T21:33:53.767000;5bb9074c-bf52-486c-bf23-1dcee10db95a;11.646;50.9906;BUY
2016-04-01T21:33:53.000000;2016-04-01T21:33:53.773000;c4800b8f-4577-4ad5-9d51-6e904e850d11;11.646;2.314862;BUY
2016-04-01T21:33:53.000000;2016-04-01T21:33:53.787000;cc05873c-2640-46ea-8396-b81c41e4848c;11.666;0.37155552;BUY
2016-04-01T21:33:53.000000;2016-04-01T21:33:53.810000;bfb1692b-bd24-42a4-8c24-53b64aa00197;11.699;34.30989994;BUY
2016-04-01T21:33:53.000000;2016-04-01T21:33:54.017000;52b4ee0e-e41c-45ed-be03-3ab5a7dc3757;11.7;3.4994;BUY
2016-04-01T21:33:53.000000;2016-04-01T21:33:54.040000;751d5610-33d4-4de8-9fd4-ecf439908e2f;11.711;0.3503;BUY
2016-04-01T21:33:53.000000;2016-04-01T21:33:54.047000;8a20495d-4549-4d2d-beb3-638b494def5c;11.836;196.32;BUY
2016-04-01T21:33:53.000000;2016-04-01T21:33:54.077000;6cc3bbff-8b46-41be-badd-09e2b8278b81;11.837;57.03397408;BUY
2016-04-01T22:27:56.000000;2016-04-01T22:27:56.103000;821d5db1-8dc1-4cbb-b06f-bfa0a764e446;11.624;2.323911;BUY
