time_exchange;time_coinpai;guid;price;base_amount;taker_side
2016-04-01T00:00:02.723000;2016-04-01T00:00:02.747000;8228a897-e101-4f08-bb51-a5d9da47c514;416.03;0.02339;BUY
2016-04-01T00:00:02.723000;2016-04-01T00:00:02.780000;4b78632e-0520-4b93-a341-13a11e29fc17;416.03;0.242;BUY
2016-04-01T00:00:02.723000;2016-04-01T00:00:02.780000;24412f54-7301-4d25-ab6d-5ac03fe86fd5;416.03;0.241;BUY
2016-04-01T00:00:02.723000;2016-04-01T00:00:02.780000;f51ae7aa-9bda-4954-a494-b8314ee7d6b4;416.03;0.242;BUY
2016-04-01T00:00:02.723000;2016-04-01T00:00:02.780000;fa227bad-4638-44b4-942f-079e63ec93b4;416.03;0.242;BUY
2016-04-01T00:00:02.723000;2016-04-01T00:00:02.810000;6aee456b-3bed-44fe-a846-565698675a74;416.03;0.10436;BUY
2016-04-01T00:00:31.710000;2016-04-01T00:00:31.747000;46d80a6b-953c-4126-8a60-d7edf68a9733;416.01;0.01;SELL
2016-04-01T00:00:31.710000;2016-04-01T00:00:31.763000;336cb605-a6fa-41f7-a88d-022b2f8bcdce;416.01;0.01;SELL
2016-04-01T00:00:31.710000;2016-04-01T00:00:31.763000;308dd4b6-3048-458f-baf5-97b8eb783008;416.0;0.01;SELL
2016-04-01T00:00:31.710000;2016-04-01T00:00:31.763000;d916a30e-7429-46d0-9729-edef553f3400;416.0;0.01;SELL
2016-04-01T00:00:31.710000;2016-04-01T00:00:31.763000;3e4b96e3-e365-469a-9f52-4b074fb8c838;416.0;0.0125;SELL
2016-04-01T00:00:31.710000;2016-04-01T00:00:31.780000;0b9ca481-ba86-4a1d-9676-107dc2a1cce9;416.0;0.04225;SELL
2016-04-01T00:00:34.073000;2016-04-01T00:00:34.127000;2835ddf3-170e-4029-abea-9ee8fe56a209;415.99;0.01;SELL
2016-04-01T00:00:34.073000;2016-04-01T00:00:34.127000;20eb235d-8307-429d-9817-4ba4a5322a1e;415.98;0.01;SELL
2016-04-01T00:00:34.073000;2016-04-01T00:00:34.127000;abef4942-a2de-4bd9-8f15-be731eed7ba9;415.98;0.116;SELL
2016-04-01T00:00:34.073000;2016-04-01T00:00:34.127000;4cbf0c5a-4a5a-4de4-93d0-fcadc712c786;415.97;0.44326;SELL
2016-04-01T00:00:34.073000;2016-04-01T00:00:34.127000;6f1c3682-79f3-464a-a510-af4569e3c14b;415.97;0.01;SELL
2016-04-01T00:00:34.077000;2016-04-01T00:00:34.153000;568ec23a-a1ef-4a49-82c2-f24a1c5fa6dc;415.96;0.01;SELL
2016-04-01T00:00:34.077000;2016-04-01T00:00:34.153000;e30d65d4-3e4a-4006-a707-987536b5f60a;415.96;0.40074;SELL
2016-04-01T00:01:31.370000;2016-04-01T00:01:31.403000;a4762922-398a-4ea5-bafc-38391236f23d;416.06;0.01;BUY
2016-04-01T00:01:31.370000;2016-04-01T00:01:31.403000;3950ff8c-e252-40f4-832c-62c0f4f67d53;416.06;0.04948;BUY
2016-04-01T00:02:01.680000;2016-04-01T00:02:01.733000;1cf7c122-3b15-4dec-981f-3fadacfaf8e5;416.07;0.01;BUY
2016-04-01T00:02:01.680000;2016-04-01T00:02:01.733000;ae3ee5cd-550d-44a4-b6c0-e840c840188a;416.07;0.15657;BUY
2016-04-01T00:03:03.013000;2016-04-01T00:03:03.063000;035ff98a-b516-4e1f-949c-c00590392caa;416.07;0.08443;BUY
2016-04-01T00:03:03.013000;2016-04-01T00:03:03.063000;3e9cd795-9046-4679-9aec-fc6ca3ac83ba;416.07;0.242;BUY
2016-04-01T00:03:03.013000;2016-04-01T00:03:03.063000;0d0d5935-088e-4a67-b3ca-92fb4eb4df01;416.07;0.19152;BUY
2016-04-01T00:03:03.013000;2016-04-01T00:03:03.063000;aa341232-4d9e-41a9-a021-b99635a959a3;416.07;0.13763999;BUY
2016-04-01T00:03:03.013000;2016-04-01T00:03:03.063000;2924df45-d00a-4ba4-b1fa-3504fd691a86;416.07;0.241;BUY
2016-04-01T00:03:03.013000;2016-04-01T00:03:03.063000;e7baa778-9cd7-4c72-ac0f-c09d22c70f1f;416.07;0.242;BUY
2016-04-01T00:03:03.013000;2016-04-01T00:03:03.063000;ceca2651-36da-40d4-b5e0-6f5e29c59fe7;416.08;0.01;BUY
2016-04-01T00:03:03.013000;2016-04-01T00:03:03.080000;b53a206f-0432-408a-8a51-c011f8ce3687;416.09;0.01;BUY
2016-04-01T00:03:03.013000;2016-04-01T00:03:03.080000;930565c7-8e25-41c5-abc0-1bdafca0c9c7;416.09;0.01;BUY
2016-04-01T00:03:03.017000;2016-04-01T00:03:03.080000;40c33c5a-25ae-4dcb-8d2c-f923fdda8597;416.1;0.01;BUY
2016-04-01T00:03:03.017000;2016-04-01T00:03:03.107000;31b6ba86-aa5f-4a89-b857-5836617cbbcc;416.1;0.01;BUY
2016-04-01T00:03:03.017000;2016-04-01T00:03:03.137000;734e7739-3ea8-48cd-8ecd-78c1a4e9a5cd;416.1;0.01;BUY
2016-04-01T00:03:03.017000;2016-04-01T00:03:03.137000;990a47bb-51da-42db-810d-592cf974c195;416.11;0.01;BUY
2016-04-01T00:03:03.017000;2016-04-01T00:03:03.137000;dfe6d30d-4a24-4324-a88c-8641746f53c2;416.11;0.01;BUY
2016-04-01T00:03:03.017000;2016-04-01T00:03:03.137000;acab4a95-e070-4d11-84db-8213a382bf8b;416.12;0.01;BUY
2016-04-01T00:03:03.017000;2016-04-01T00:03:03.137000;f9f1fd6a-789b-4e64-bac7-0bde71944ec6;416.12;0.01;BUY
2016-04-01T00:03:03.017000;2016-04-01T00:03:03.137000;4a4b90ce-900c-424b-93a2-729bd19176ae;416.14;0.01;BUY
2016-04-01T00:03:03.017000;2016-04-01T00:03:03.137000;aa15dcca-a676-4de3-82ae-40f46e85379f;416.14;0.01;BUY
2016-04-01T00:03:03.017000;2016-04-01T00:03:03.137000;250f54db-ef04-4eec-b1ae-1a46a1d272d8;416.15;0.01;BUY
2016-04-01T00:03:03.017000;2016-04-01T00:03:03.137000;facd2b97-94fa-4dde-bc9a-29050b8494b8;416.15;0.01;BUY
2016-04-01T00:03:03.017000;2016-04-01T00:03:03.137000;2c9ff450-7ade-4eb4-a17a-1fd4b3b410ef;416.16;0.01;BUY
2016-04-01T00:03:03.017000;2016-04-01T00:03:03.137000;9d922bda-f2db-4237-826f-44c06b677900;416.16;0.01;BUY
2016-04-01T00:03:03.017000;2016-04-01T00:03:03.137000;c8d20146-f43c-44b4-8f9d-2712ba2bac3e;416.17;0.01;BUY
2016-04-01T00:03:03.017000;2016-04-01T00:03:03.137000;938bc591-ef01-495e-9265-989bb4f2392e;416.17;0.01;BUY
2016-04-01T00:03:03.017000;2016-04-01T00:03:03.137000;291c72f9-6c29-4ec5-998b-0180726c6ce9;416.17;0.01;BUY
2016-04-01T00:03:03.017000;2016-04-01T00:03:03.137000;cd64927a-3dc1-44c6-9825-beb0e52d6990;416.19;0.01;BUY
2016-04-01T00:03:03.017000;2016-04-01T00:03:03.137000;04b5d9bc-9602-46ce-a3e9-95ec3675c49f;416.19;0.5;BUY
2016-04-01T00:03:03.017000;2016-04-01T00:03:03.137000;05ee06ff-bdce-4a80-bd9c-a20ae569381f;416.19;0.5;BUY
2016-04-01T00:03:03.017000;2016-04-01T00:03:03.137000;cada1425-bccb-48c2-b947-afb8d96a1554;416.2;0.01;BUY
2016-04-01T00:03:03.017000;2016-04-01T00:03:03.153000;d4f2f5b2-49c3-4667-ba83-0c2dd7a88419;416.2;0.01;BUY
2016-04-01T00:03:03.017000;2016-04-01T00:03:03.153000;6e82579e-301a-4922-8647-849a10c447e3;416.2;0.01;BUY
2016-04-01T00:03:03.020000;2016-04-01T00:03:03.153000;63e14406-c5fd-4322-8d4a-079809fc357b;416.2;0.14;BUY
2016-04-01T00:03:03.020000;2016-04-01T00:03:03.153000;267903cd-1f20-43ee-a2b0-99f644d79fd9;416.21;0.01;BUY
2016-04-01T00:03:03.020000;2016-04-01T00:03:03.153000;0ad93fb2-4092-4b1c-b40b-8231a9a84eed;416.21;0.01;BUY
2016-04-01T00:03:03.020000;2016-04-01T00:03:03.153000;09016383-04f6-45cc-9ba3-5f79cd4f8cf8;416.22;0.01;BUY
2016-04-01T00:03:03.020000;2016-04-01T00:03:03.153000;8cb8c2a7-0afb-4c60-b004-5e13090818b6;416.22;0.31653001;BUY
2016-04-01T00:03:31.337000;2016-04-01T00:03:31.373000;e96343d9-f36d-4044-85a1-93b83c9c7c02;416.11;0.01;SELL
2016-04-01T00:03:31.337000;2016-04-01T00:03:31.373000;c46fc8be-abe5-4320-a04c-7d808b424c48;416.11;0.00596;SELL
2016-04-01T00:04:31.657000;2016-04-01T00:04:31.687000;fb86db5f-ed2e-45f4-bfef-8edb519adaed;416.21;0.01;BUY
2016-04-01T00:04:31.657000;2016-04-01T00:04:31.687000;b8593463-320a-4a5a-b107-1dc9542d54bf;416.22;0.68346999;BUY
2016-04-01T00:04:31.657000;2016-04-01T00:04:31.687000;01f27120-e5ce-440d-ad58-8d8653b64b55;416.24;0.01;BUY
2016-04-01T00:04:31.657000;2016-04-01T00:04:31.687000;c190be15-3877-4882-bec6-69b4c4fffa81;416.25;0.01;BUY
2016-04-01T00:04:31.657000;2016-04-01T00:04:31.717000;372f99cf-7ee4-4732-877f-2bdbd71e56f4;416.25;0.5;BUY
2016-04-01T00:04:31.660000;2016-04-01T00:04:31.717000;4894c39d-2590-4f20-82ed-c353e20fbb02;416.25;0.01;BUY
2016-04-01T00:04:31.660000;2016-04-01T00:04:31.717000;b052b438-459c-476f-a343-1dcdb75d21a4;416.25;0.01;BUY
2016-04-01T00:04:31.660000;2016-04-01T00:04:31.717000;79baf18b-60c2-4448-8a72-c7b5e6d36d8f;416.26;0.01;BUY
2016-04-01T00:04:31.660000;2016-04-01T00:04:31.717000;147e56d1-c019-4a43-89eb-6f05e7abf110;416.27;0.01;BUY
2016-04-01T00:04:31.660000;2016-04-01T00:04:31.717000;bc03e909-3516-4d48-970e-a5852d027ffa;416.28;0.01;BUY
2016-04-01T00:04:31.660000;2016-04-01T00:04:31.717000;e7ac6838-d9dd-47bb-8134-0c42cb7744ab;416.29;0.01;BUY
2016-04-01T00:04:31.660000;2016-04-01T00:04:31.717000;95335b23-90ad-405b-9b14-7ce3fd87ce37;416.3;0.01;BUY
2016-04-01T00:04:31.660000;2016-04-01T00:04:31.717000;c451ce56-5bcb-469a-8720-a582a5643eb8;416.3;0.43018001;BUY
2016-04-01T00:05:02.663000;2016-04-01T00:05:02.700000;b711b2a6-ff9f-454b-9533-4cd05b481754;416.3;0.06981999;BUY
2016-04-01T00:05:02.663000;2016-04-01T00:05:02.700000;8d45886e-fe26-4759-9399-905c6410f923;416.3;0.01;BUY
2016-04-01T00:05:02.663000;2016-04-01T00:05:02.700000;7c8cb362-8ce7-4456-a7f5-d789877a40a6;416.31;0.01;BUY
2016-04-01T00:05:02.663000;2016-04-01T00:05:02.700000;6d7d0685-be71-4226-a7e8-231179da7bbe;416.31;0.01484001;BUY
2016-04-01T00:05:31.583000;2016-04-01T00:05:31.607000;e1407188-ab21-4538-b5fb-f6434cfaf377;416.31;0.41118;BUY
2016-04-01T00:06:02.830000;2016-04-01T00:06:02.963000;e33ad2d2-4747-42d7-9f64-72c531369f4e;416.29;0.0208;BUY
2016-04-01T00:06:02.830000;2016-04-01T00:06:02.963000;70e454cc-30da-4602-b28e-13c4c2b3fe01;416.31;0.07397999;BUY
2016-04-01T00:06:02.830000;2016-04-01T00:06:02.963000;86d76921-5ca4-46f4-b53c-09b5931c53ab;416.31;0.01;BUY
2016-04-01T00:06:02.830000;2016-04-01T00:06:02.993000;004d4660-2c0b-427f-b34b-55591982b8d6;416.31;0.01;BUY
2016-04-01T00:06:02.830000;2016-04-01T00:06:02.993000;235a9b41-ced9-4d23-978d-7ba7b1bf16ff;416.31;0.18487;BUY
2016-04-01T00:06:02.830000;2016-04-01T00:06:02.993000;869754fe-00a6-4a83-84ba-49b7487c6358;416.31;0.081;BUY
2016-04-01T00:06:02.830000;2016-04-01T00:06:02.993000;b2e25494-c149-4a52-98e6-e6c7c3d3a3e6;416.32;0.01;BUY
2016-04-01T00:06:02.830000;2016-04-01T00:06:02.993000;bfe1b469-37ac-4ecf-8c49-f63b7dfbc20b;416.32;0.01;BUY
2016-04-01T00:06:02.830000;2016-04-01T00:06:02.993000;17089b4a-8a8f-4654-af99-88e7816ade37;416.33;0.01;BUY
2016-04-01T00:06:02.830000;2016-04-01T00:06:02.993000;570abb09-ff3c-4f62-a12d-bef35ec467fc;416.33;0.01;BUY
2016-04-01T00:06:02.830000;2016-04-01T00:06:02.993000;5f47152e-75d3-4bd9-bf2e-31a4b9d8e004;416.34;0.01;BUY
2016-04-01T00:06:02.830000;2016-04-01T00:06:03.010000;777c05ec-9ca1-471a-883c-642e489f3b45;416.35;0.01;BUY
2016-04-01T00:06:02.830000;2016-04-01T00:06:03.010000;3982512b-9925-4418-a1fc-4f8a75bde317;416.36;0.01;BUY
2016-04-01T00:06:02.833000;2016-04-01T00:06:03.010000;0403da3a-78db-4a90-82bd-2d46ca735f8b;416.37;0.01;BUY
2016-04-01T00:06:02.833000;2016-04-01T00:06:03.010000;069a46a6-db64-4063-b9fd-344eeb57c72b;416.37;0.5;BUY
2016-04-01T00:06:02.833000;2016-04-01T00:06:03.010000;059c9c1d-816f-4f85-90d8-6c3dd4b70707;416.37;0.098;BUY
2016-04-01T00:06:02.833000;2016-04-01T00:06:03.010000;d2d1f17c-c189-418b-a5e0-f85d4b1edd95;416.38;0.01;BUY
2016-04-01T00:06:02.833000;2016-04-01T00:06:03.023000;106727e8-eb7e-4ef9-8d6b-bac2b3d39ce9;416.39;0.01;BUY
2016-04-01T00:06:02.833000;2016-04-01T00:06:03.023000;fdb238bb-484e-4b8f-84e4-7d33d0ce313f;416.39;0.31135001;BUY
2016-04-01T00:07:01.713000;2016-04-01T00:07:01.837000;633b5b37-6d1f-4d52-959c-6dfd8d86602f;416.39;0.18864999;BUY
2016-04-01T00:07:01.713000;2016-04-01T00:07:01.837000;3da311d2-e568-4062-90d4-3d844effbc7c;416.4;0.01;BUY
2016-04-01T00:07:01.713000;2016-04-01T00:07:01.837000;1b23072a-7c58-487d-9cab-64af8f27de93;416.4;0.112;BUY
2016-04-01T00:07:01.713000;2016-04-01T00:07:01.837000;af6f7618-6687-464e-98a5-a920fd253fa5;416.41;0.28378001;BUY
2016-04-01T00:07:32.613000;2016-04-01T00:07:32.743000;5c5c9bb8-1a6c-4075-93a1-81792b783b52;416.4;0.01835;SELL
2016-04-01T00:10:28.300000;2016-04-01T00:10:28.400000;3d951369-b368-44cd-b57b-486704425504;416.41;0.21621999;BUY
2016-04-01T00:10:28.300000;2016-04-01T00:10:28.417000;68507aa6-b735-438f-a9ad-7a370c39f7a9;416.41;0.11378001;BUY
2016-04-01T00:15:31.757000;2016-04-01T00:15:31.853000;a67fb083-59a2-45c7-8779-d566f663b2ac;416.41;0.08621999;BUY
2016-04-01T00:15:31.757000;2016-04-01T00:15:31.870000;0482b766-5895-4aaf-be24-1fe40759181e;416.42;0.02;BUY
2016-04-01T00:15:31.757000;2016-04-01T00:15:31.870000;ed99dd25-cb4d-451b-8995-0a17ddc32727;416.46;0.01;BUY
2016-04-01T00:15:31.757000;2016-04-01T00:15:31.870000;c324abe7-1b6f-4fb0-861d-d3ccb43e189e;416.48;0.5;BUY
2016-04-01T00:15:31.757000;2016-04-01T00:15:31.870000;c907cb15-628f-4a6e-a08d-a7a2a61bebb2;416.48;0.01;BUY
2016-04-01T00:15:31.757000;2016-04-01T00:15:31.980000;074c0ce0-7633-4bbf-82df-66d881eab0f7;416.49;0.5;BUY
2016-04-01T00:15:31.757000;2016-04-01T00:15:31.980000;678d4dc5-e645-43b3-bb72-22ed788a3feb;416.5;0.5;BUY
2016-04-01T00:15:31.757000;2016-04-01T00:15:31.980000;7bba4ea3-e2ba-46d9-bcab-4152617dfec2;416.5;0.01;BUY
2016-04-01T00:15:31.757000;2016-04-01T00:15:31.980000;f397b01c-4504-4006-8194-d3b037c7a307;416.51;0.01;BUY
2016-04-01T00:15:31.757000;2016-04-01T00:15:31.980000;6898ece4-3647-4da2-bca9-5e30d0a31519;416.51;0.01;BUY
2016-04-01T00:15:31.757000;2016-04-01T00:15:31.980000;4440136f-4033-4451-b313-6696d8a1ebc9;416.51;1.0;BUY
2016-04-01T00:15:31.757000;2016-04-01T00:15:31.980000;586d9cf4-d1ad-45ce-9a82-8b6ea848bc65;416.51;0.114;BUY
2016-04-01T00:15:31.760000;2016-04-01T00:15:31.980000;56a6e14d-b534-4f21-b02b-49565a66a63a;416.53;0.5;BUY
2016-04-01T00:15:31.760000;2016-04-01T00:15:31.980000;4fda8360-93f9-4bb6-9681-f3d7b934e603;416.55;0.01;BUY
2016-04-01T00:15:31.760000;2016-04-01T00:15:31.980000;2327db42-3be0-4371-b0c8-1cb95c0f44ac;416.56;0.01;BUY
2016-04-01T00:15:31.760000;2016-04-01T00:15:31.980000;2a0d38c1-1b4d-42fe-b089-ac87afc6fdcd;416.56;0.5;BUY
2016-04-01T00:15:31.760000;2016-04-01T00:15:31.980000;f2ecc6a9-f09b-40b5-82c8-4226541e8b20;416.56;0.5;BUY
2016-04-01T00:15:31.760000;2016-04-01T00:15:31.980000;547695b5-6f12-44a5-ada2-caa4661790f9;416.56;0.5;BUY
2016-04-01T00:15:31.760000;2016-04-01T00:15:31.980000;aee8790e-5b22-4d3c-87fa-87a91b4b9aea;416.56;0.35;BUY
2016-04-01T00:15:31.760000;2016-04-01T00:15:31.980000;43b2d76d-5b5a-4c7f-a36f-d413ebaa25ca;416.56;0.124;BUY
2016-04-01T00:15:31.760000;2016-04-01T00:15:31.980000;282b7061-4635-4dc5-bd5c-bf1d8b8dc9ce;416.57;0.01;BUY
2016-04-01T00:15:31.760000;2016-04-01T00:15:31.980000;86f3fea4-d78c-4590-bdec-eb0ae5f68fd9;416.57;0.5;BUY
2016-04-01T00:15:31.760000;2016-04-01T00:15:31.980000;6056fb77-248f-4496-8c49-68e19495970c;416.57;0.5;BUY
2016-04-01T00:15:31.760000;2016-04-01T00:15:31.980000;dd1b2b18-e6dd-42d3-ae11-6f30c00e7d7b;416.58;0.01;BUY
2016-04-01T00:15:31.760000;2016-04-01T00:15:31.980000;fdfc9a94-d4a0-4cf2-9a0a-49de63461172;416.59;0.01;BUY
2016-04-01T00:15:31.760000;2016-04-01T00:15:31.980000;237e236c-fc59-424e-b86a-6490061201fe;416.6;0.01;BUY
2016-04-01T00:15:31.760000;2016-04-01T00:15:31.980000;5e4e2c31-6ef8-46b7-ae3c-367d2c6eb43f;416.6;0.01;BUY
2016-04-01T00:15:31.760000;2016-04-01T00:15:31.980000;65408e50-7695-4aeb-9bc6-004343bd15ff;416.61;0.01;BUY
2016-04-01T00:15:31.760000;2016-04-01T00:15:31.980000;7b0f05c0-75b4-41cc-a6fe-920c4711db30;416.61;0.072;BUY
2016-04-01T00:15:31.760000;2016-04-01T00:15:31.980000;08f2ced3-0721-4f4f-b5b4-26e4fc051b4e;416.62;0.01;BUY
2016-04-01T00:15:31.760000;2016-04-01T00:15:31.980000;1ac4658f-022f-4bb0-a5ad-abc1ec173381;416.63;0.01;BUY
2016-04-01T00:15:31.760000;2016-04-01T00:15:31.980000;62f9190c-4ee7-4807-892c-002488465a5c;416.64;0.01;BUY
2016-04-01T00:15:31.760000;2016-04-01T00:15:31.980000;04ad8e61-9798-440b-9a13-6eb4b960fe95;416.64;0.21;BUY
2016-04-01T00:15:31.760000;2016-04-01T00:15:31.980000;9d73fbf9-3153-40dd-84c2-8c44b6cf9b6f;416.64;0.35;BUY
2016-04-01T00:15:31.763000;2016-04-01T00:15:31.980000;bccd1b16-5fbc-4c99-955f-6407d477bf02;416.65;0.01;BUY
2016-04-01T00:15:31.763000;2016-04-01T00:15:31.980000;5e182a30-760e-4e03-980c-f718fd55c8d0;416.65;0.1002;BUY
2016-04-01T00:15:31.763000;2016-04-01T00:15:31.993000;10f1a8e0-d7b2-4b3b-b1a5-efc25b88799f;416.65;0.013;BUY
2016-04-01T00:15:31.763000;2016-04-01T00:15:32.057000;c4d60347-d321-42a3-8b36-d2b4de0b7faf;416.65;0.84;BUY
2016-04-01T00:15:31.763000;2016-04-01T00:15:32.057000;76abb2ad-3ea7-401e-b696-ff2ebf4889cd;416.66;0.01;BUY
2016-04-01T00:15:31.763000;2016-04-01T00:15:32.057000;e3fed744-134a-40b9-988b-2d4542c740c2;416.66;0.085;BUY
2016-04-01T00:15:31.763000;2016-04-01T00:15:32.057000;ced81d6a-3b43-4c7f-ac39-fc5430411d47;416.66;1.05;BUY
2016-04-01T00:15:31.763000;2016-04-01T00:15:32.057000;482b4737-9380-43e5-bf49-f5fa03818208;416.67;0.01;BUY
2016-04-01T00:15:31.763000;2016-04-01T00:15:32.057000;e1e92a2c-d476-4733-9a68-1c44adaf72c2;416.67;4.05602001;BUY
2016-04-01T00:16:01.597000;2016-04-01T00:16:01.697000;bf50ebdf-918c-4c3b-af5c-54562c8bcc1b;416.42;0.02;BUY
2016-04-01T00:16:01.597000;2016-04-01T00:16:01.713000;7e70404b-9d18-451e-8123-53559d631ae5;416.67;0.48771;BUY
2016-04-01T00:16:31.567000;2016-04-01T00:16:31.667000;951a338d-369f-4e63-953f-68a88b24e110;416.53;0.244;SELL
2016-04-01T00:16:31.567000;2016-04-01T00:16:31.680000;a94923dd-1ccd-42fd-aa85-b3264e9b0968;416.52;0.79316;SELL
2016-04-01T00:17:01.637000;2016-04-01T00:17:01.727000;64c66b73-8e6b-4ef0-b0ce-e9233a5c2e77;416.61;1.40973;BUY
2016-04-01T00:17:31.633000;2016-04-01T00:17:31.727000;521d150e-f32d-42f9-a5de-79c28238b20a;416.62;0.02;BUY
2016-04-01T00:17:31.633000;2016-04-01T00:17:31.743000;2833b583-6061-4f93-b46f-f0876304295d;416.67;1.40579;BUY
2016-04-01T00:18:00.980000;2016-04-01T00:18:01.087000;ed6edf81-04fa-4248-a78d-bda87fd41c15;416.62;0.02;BUY
2016-04-01T00:18:00.980000;2016-04-01T00:18:01.087000;628af2d9-2b8c-4c80-b7ea-5f72cf074f82;416.62;0.04473;BUY
2016-04-01T00:18:30.870000;2016-04-01T00:18:30.963000;16d2a3b9-c9f8-4cfe-a1b2-9e090ab1a269;416.52;0.47529;BUY
2016-04-01T00:19:00.970000;2016-04-01T00:19:01.057000;4d4f1930-46c1-4f8e-9747-bb692b838e76;416.52;0.29951;BUY
2016-04-01T00:19:36.723000;2016-04-01T00:19:36.823000;bf1145ec-153a-4b03-9217-dfe159975204;416.51;0.01;SELL
2016-04-01T00:19:36.723000;2016-04-01T00:19:36.837000;17e0814d-e1be-4445-96b5-da7b56e84ba8;416.51;0.02;SELL
2016-04-01T00:19:36.723000;2016-04-01T00:19:36.837000;53ab624c-2162-41c6-ae23-3ca5bde25a4e;416.5;0.0125;SELL
2016-04-01T00:19:36.723000;2016-04-01T00:19:36.837000;74c6a973-d9a1-489e-89b5-a43cf744a6a4;416.47;0.18;SELL
2016-04-01T00:19:36.723000;2016-04-01T00:19:36.837000;4167b377-7204-4b1f-a2d3-673cac8e187d;416.46;0.115;SELL
2016-04-01T00:19:36.723000;2016-04-01T00:19:36.837000;5a5531dd-d2c7-4bc8-88c2-8d599bca8f40;416.41;0.01;SELL
2016-04-01T00:19:36.723000;2016-04-01T00:19:36.837000;2d5f97a9-820c-4b8c-9626-63afcaa0136f;416.41;0.093;SELL
2016-04-01T00:19:36.723000;2016-04-01T00:19:36.837000;c3987b16-f3e0-483d-80b4-ae4ee803e430;416.4;0.01;SELL
2016-04-01T00:19:36.723000;2016-04-01T00:19:36.837000;5ff0edb5-349f-4cd1-9609-546db7e12b00;416.39;0.01;SELL
2016-04-01T00:19:36.723000;2016-04-01T00:19:36.837000;d0cba4cd-73a6-4f6f-a8ca-0c416f4fd34a;416.38;0.01;SELL
2016-04-01T00:19:36.727000;2016-04-01T00:19:36.837000;0f26692d-28e0-4908-878b-36f928b76082;416.37;0.01;SELL
2016-04-01T00:19:36.727000;2016-04-01T00:19:36.870000;b3892cdd-3972-481a-997e-5dbf7e26d4e0;416.37;0.15807;SELL
2016-04-01T00:20:01.227000;2016-04-01T00:20:01.323000;320843c0-c3d5-4bf3-a88d-3f35cd5ac592;416.42;2.42055;BUY
2016-04-01T00:20:30.843000;2016-04-01T00:20:30.917000;ccde6e5c-8fa6-44a3-8c5a-d4686c547d72;416.41;0.55929;BUY
2016-04-01T00:21:00.707000;2016-04-01T00:21:00.790000;70ca0ca0-62ec-4aad-865d-fbfa25264536;416.41;0.77509;BUY
2016-04-01T00:21:20.560000;2016-04-01T00:21:20.600000;064e222f-bd14-43aa-a266-86d01e0e5ee2;416.41;0.0189;BUY
2016-04-01T00:21:30.650000;2016-04-01T00:21:30.680000;70bec7e5-83fa-4d1e-83d3-20eb98ac50c1;416.41;0.18359;BUY
2016-04-01T00:22:00.713000;2016-04-01T00:22:00.757000;2da2badb-c06d-4efe-addc-632f8f739812;416.38;0.01;SELL
2016-04-01T00:22:00.717000;2016-04-01T00:22:00.790000;26ae21d8-0f8c-492d-b994-5b8a1d93d26d;416.37;0.01;SELL
2016-04-01T00:22:00.717000;2016-04-01T00:22:00.790000;12f08a64-c399-4668-830c-2ff046e365e1;416.37;0.01;SELL
2016-04-01T00:22:00.717000;2016-04-01T00:22:00.790000;51380ecc-a0c6-47dd-b536-b947dd9fcd32;416.36;0.01;SELL
2016-04-01T00:22:00.717000;2016-04-01T00:22:00.790000;08b14d1b-d962-403f-88c0-619fc9e14834;416.36;0.08;SELL
2016-04-01T00:22:00.717000;2016-04-01T00:22:00.790000;82e43aac-4dac-4d75-9b28-e662a7efc79c;416.35;0.01;SELL
2016-04-01T00:22:00.717000;2016-04-01T00:22:00.790000;ddf42529-c17f-4dff-abb7-9469f0d14307;416.34;0.01;SELL
2016-04-01T00:22:00.717000;2016-04-01T00:22:00.790000;2a5df9ed-db75-4aa6-9c7e-4555684032e8;416.34;0.109;SELL
2016-04-01T00:22:00.717000;2016-04-01T00:22:00.790000;5357efa6-91e0-4f50-9afc-bda976b28301;416.33;0.01;SELL
2016-04-01T00:22:00.717000;2016-04-01T00:22:00.790000;b26cec4a-c0aa-4c46-9094-24d1cd88027a;416.32;0.01;SELL
2016-04-01T00:22:00.717000;2016-04-01T00:22:00.790000;54be9645-916d-434b-8769-18cfbf32508f;416.32;0.01;SELL
2016-04-01T00:22:00.717000;2016-04-01T00:22:00.803000;63fc68d8-1466-4eeb-b98d-90d60da96bbd;416.31;0.01;SELL
2016-04-01T00:22:00.717000;2016-04-01T00:22:00.803000;f537060d-9fdb-46bb-8234-463a120d4391;416.3;0.01;SELL
2016-04-01T00:22:00.717000;2016-04-01T00:22:00.803000;9c5179b0-419f-43f5-b5da-9c657fc9b1b3;416.29;0.01;SELL
2016-04-01T00:22:00.717000;2016-04-01T00:22:00.803000;e5a126e8-2b88-4e33-9869-613df4e6c6a4;416.29;0.101;SELL
2016-04-01T00:22:00.717000;2016-04-01T00:22:00.803000;35e693ea-7ce7-4899-8d47-2b4d2f01331a;416.28;0.01;SELL
2016-04-01T00:22:00.717000;2016-04-01T00:22:00.803000;266690da-42e0-4be4-ae0c-285812326da2;416.27;0.01;SELL
2016-04-01T00:22:00.717000;2016-04-01T00:22:00.837000;bf562bc8-a2d0-46b9-bd15-bb07abeda9ef;416.26;0.01;SELL
2016-04-01T00:22:00.717000;2016-04-01T00:22:00.850000;688d63a5-9444-47ad-9928-c1f9ef176ecf;416.25;0.01;SELL
2016-04-01T00:22:00.717000;2016-04-01T00:22:00.850000;67c6a610-268f-4da3-ad78-e006bebdb423;416.24;0.01;SELL
2016-04-01T00:22:00.717000;2016-04-01T00:22:00.850000;cbbdedf4-93fc-4d90-928d-5ebe2d61ffc8;416.24;0.075;SELL
2016-04-01T00:22:00.717000;2016-04-01T00:22:00.850000;f02a2b80-1782-4410-bb5b-37784855d386;416.23;0.01;SELL
2016-04-01T00:22:00.720000;2016-04-01T00:22:00.850000;cadea2f1-7e33-4e0c-902e-a3f1ea642022;416.23;0.35;SELL
2016-04-01T00:22:00.720000;2016-04-01T00:22:00.850000;f8c171c7-1644-494e-98bf-6a6e26264b67;416.22;0.01;SELL
2016-04-01T00:22:00.720000;2016-04-01T00:22:00.850000;f6584edc-c712-45d7-a8b3-d6864faac52c;416.21;0.01;SELL
2016-04-01T00:22:00.720000;2016-04-01T00:22:00.850000;baf7e6dc-20ea-45a7-a120-412b5ee5ffae;416.2;0.01;SELL
2016-04-01T00:22:00.720000;2016-04-01T00:22:00.850000;ca629205-b994-4ff9-a4f0-f9929d771682;416.19;0.01;SELL
2016-04-01T00:22:00.720000;2016-04-01T00:22:00.850000;9b11cb0d-4b0e-4dd0-893c-741644c2744a;416.18;0.01;SELL
2016-04-01T00:22:00.720000;2016-04-01T00:22:00.850000;3eba5505-220c-4239-ac47-440df84ccd8d;416.17;0.01;SELL
2016-04-01T00:22:00.720000;2016-04-01T00:22:00.850000;3fbef97d-481c-4c0d-bef1-cd38f078412f;416.16;0.01;SELL
2016-04-01T00:22:00.720000;2016-04-01T00:22:00.850000;5fd45a17-2431-4d56-8091-224f1a607633;416.16;0.105;SELL
2016-04-01T00:22:00.720000;2016-04-01T00:22:00.883000;0ac462e6-9f8a-475e-be10-6a76fa759377;416.15;0.01;SELL
2016-04-01T00:22:00.720000;2016-04-01T00:22:00.883000;48fe16f0-ed5a-427d-8f4b-b50a7c4dae80;416.15;0.01;SELL
2016-04-01T00:22:00.720000;2016-04-01T00:22:00.883000;6f796987-f8a0-445e-a973-1ad38c2e330e;416.15;0.5;SELL
2016-04-01T00:22:00.720000;2016-04-01T00:22:00.883000;90833e08-5390-47ae-9b20-48fb5ab0cef1;416.14;0.01;SELL
2016-04-01T00:22:00.720000;2016-04-01T00:22:00.883000;c7d3fc81-0066-4fba-bf9c-07951b3a62bc;416.13;0.01;SELL
2016-04-01T00:22:00.720000;2016-04-01T00:22:00.883000;f3057d76-189b-4064-a7d0-a94bae45bb54;416.13;0.63;SELL
2016-04-01T00:22:00.720000;2016-04-01T00:22:00.883000;392f4474-0f3e-48e2-95cb-bcf152e91c55;416.12;0.01;SELL
2016-04-01T00:22:00.720000;2016-04-01T00:22:00.883000;a465199b-9087-4a33-95fe-1c4e8d39131b;416.12;0.01;SELL
2016-04-01T00:22:00.720000;2016-04-01T00:22:00.883000;937136db-0a9f-4991-b10c-6f2554742b80;416.12;0.63;SELL
2016-04-01T00:22:00.720000;2016-04-01T00:22:00.883000;62b011d3-a296-4033-920c-1bfdfe0e6c78;416.11;0.00404;SELL
2016-04-01T00:22:00.720000;2016-04-01T00:22:00.883000;f3333c55-6562-44d8-8f23-6fb676dd9545;416.11;0.01;SELL
2016-04-01T00:22:00.720000;2016-04-01T00:22:00.913000;bc434c3f-3aa4-41c8-8af7-7479f6a647bc;416.11;0.075;SELL
2016-04-01T00:22:00.720000;2016-04-01T00:22:00.913000;7b4653b0-fde8-46e5-83c5-5ac662618666;416.11;0.42;SELL
2016-04-01T00:22:00.723000;2016-04-01T00:22:00.913000;ba32c354-a958-462d-8709-8850126d1e13;416.1;0.01;SELL
2016-04-01T00:22:00.723000;2016-04-01T00:22:00.913000;70106ca3-2b93-4d03-9a41-5539f080f69e;416.1;0.01;SELL
2016-04-01T00:22:00.723000;2016-04-01T00:22:00.913000;556b6cc9-9860-444d-85d3-dd192c9f87a6;416.1;0.84;SELL
2016-04-01T00:22:00.723000;2016-04-01T00:22:00.913000;36fcd5b1-5c66-49bd-a511-2ac576e2ce1f;416.09;0.01;SELL
2016-04-01T00:22:00.723000;2016-04-01T00:22:00.913000;ab669486-5178-4d6b-89c3-da3fa4d36e42;416.09;0.01;SELL
2016-04-01T00:22:00.723000;2016-04-01T00:22:00.943000;fd0b2cf7-bc5b-4f2a-a87e-b8ec9ecf2ea6;416.09;0.55473;SELL
2016-04-01T00:22:31.300000;2016-04-01T00:22:31.337000;b9a64b7a-61fc-403a-ae4d-f93c5503e2fd;416.19;0.01;BUY
2016-04-01T00:22:31.303000;2016-04-01T00:22:31.337000;f60f4bfd-5057-495d-bee8-7cd737f68f08;416.19;0.01;BUY
2016-04-01T00:22:31.303000;2016-04-01T00:22:31.367000;437d267e-86f1-4f42-aa02-7447799fc561;416.19;0.242;BUY
2016-04-01T00:22:31.303000;2016-04-01T00:22:31.367000;6b6eb63e-9241-404b-95cb-6d1389c18ff9;416.19;0.21449;BUY
2016-04-01T00:23:01.077000;2016-04-01T00:23:01.100000;ae2fa101-573b-48b8-9bd2-db68ba111b9c;416.19;0.02751;BUY
2016-04-01T00:23:01.077000;2016-04-01T00:23:01.120000;97f37d97-c028-4821-bdb3-71edb39e4be8;416.19;0.02007;BUY
2016-04-01T00:23:30.643000;2016-04-01T00:23:30.667000;e36dc737-5fe3-4163-b72e-2a8e4eab73eb;416.18;0.01596;SELL
2016-04-01T00:23:41.480000;2016-04-01T00:23:41.507000;f528f69d-9f3e-476f-aaa4-18183fdc087e;416.19;0.01;BUY
2016-04-01T00:24:00.627000;2016-04-01T00:24:00.650000;796bb9e0-6581-48aa-9e7d-87cb32bf82a4;416.19;0.05447;BUY
2016-04-01T00:24:30.643000;2016-04-01T00:24:30.663000;1008e90e-501b-4d2f-a57c-688331a55f00;416.19;0.08616;BUY
2016-04-01T00:25:01.503000;2016-04-01T00:25:01.540000;25fc52f7-d267-454b-93ed-6a96d6ab3299;416.18;0.04966;SELL
2016-04-01T00:25:15.707000;2016-04-01T00:25:15.743000;4a7643c4-ce43-4884-8030-09f2f7434e22;416.19;0.05668952;BUY
2016-04-01T00:25:15.710000;2016-04-01T00:25:15.743000;1b53c142-670f-4723-b4c4-b424cf8a8a8e;416.19;0.01461048;BUY
2016-04-01T00:25:15.710000;2016-04-01T00:25:15.743000;c5cf3324-362d-4738-8fad-ace3232c0e43;416.19;0.00818952;BUY
2016-04-01T00:25:30.587000;2016-04-01T00:25:30.600000;e05c75e8-b5e6-4592-b16d-a3d7d57b6739;416.19;0.0835;BUY
2016-04-01T00:26:04.143000;2016-04-01T00:26:04.180000;0ccfc3ef-286c-4160-b06e-3e6c5f23a385;416.19;0.11894;BUY
2016-04-01T00:26:30.660000;2016-04-01T00:26:30.680000;fcbc2c7a-42f1-453a-8a54-97cbc4752e14;416.19;0.01296;BUY
2016-04-01T00:26:33.350000;2016-04-01T00:26:33.367000;8bde2fd9-fa7f-4e57-abe8-8d7321ff5402;416.19;0.01375;BUY
2016-04-01T00:26:33.497000;2016-04-01T00:26:33.523000;41bbbe17-f23d-432f-bd45-b38c9751e23a;416.19;0.00466048;BUY
2016-04-01T00:26:33.497000;2016-04-01T00:26:33.540000;d24212d5-db07-46d1-9ad2-282d889772f9;416.19;0.241;BUY
2016-04-01T00:26:33.497000;2016-04-01T00:26:33.540000;c54891a0-90a4-4229-a3f9-d385b9ed324d;416.19;0.10767952;BUY
2016-04-01T00:26:33.503000;2016-04-01T00:26:33.540000;61c6587a-cb9a-45c7-8b78-9c5e91e1ca69;416.19;0.13432048;BUY
2016-04-01T00:26:33.503000;2016-04-01T00:26:33.540000;5834502b-cd00-4074-a324-9cb0820cdc7e;416.19;0.266;BUY
2016-04-01T00:26:33.503000;2016-04-01T00:26:33.540000;b4b99ad1-a33a-431b-a25f-11445effbe45;416.19;0.04037952;BUY
2016-04-01T00:26:33.517000;2016-04-01T00:26:33.553000;150af4bc-dd89-4cb6-a756-fe57ffb1ef02;416.19;0.013;BUY
2016-04-01T00:26:33.520000;2016-04-01T00:26:33.553000;c371d113-dfd6-4dca-9365-851f45205a1e;416.19;0.18762048;BUY
2016-04-01T00:26:33.520000;2016-04-01T00:26:33.553000;1c6fe4af-b9b1-4ec4-b0a4-a6c22754cc09;416.19;0.242;BUY
2016-04-01T00:26:33.520000;2016-04-01T00:26:33.570000;6db44402-e8af-41de-86c5-b7feb3372489;416.19;0.241;BUY
2016-04-01T00:26:33.523000;2016-04-01T00:26:33.570000;65cd9591-2046-48fb-8fce-fbff0cc583e8;416.19;0.241;BUY
2016-04-01T00:26:33.523000;2016-04-01T00:26:33.570000;19ceefd9-d396-49b2-bc5b-cdd7a1912acc;416.19;0.241;BUY
2016-04-01T00:26:33.523000;2016-04-01T00:26:33.570000;3e2dcced-375c-42ad-862e-80e2b9af8aea;416.19;0.12481952;BUY
2016-04-01T00:27:00.827000;2016-04-01T00:27:00.850000;4a1b4cdf-be50-4a02-971f-e73e1ae8fbac;416.19;0.11618048;BUY
2016-04-01T00:27:00.827000;2016-04-01T00:27:00.850000;7f44fc12-e4d4-4924-a1b4-1ac2b4c4505c;416.19;0.241;BUY
2016-04-01T00:27:00.827000;2016-04-01T00:27:00.850000;683d8810-65a4-49bf-869e-4892c78f68a8;416.19;0.241;BUY
2016-04-01T00:27:00.827000;2016-04-01T00:27:00.883000;743b9e32-4627-434c-b0d6-06a0b219ce77;416.19;0.01947952;BUY
2016-04-01T00:27:34.440000;2016-04-01T00:27:34.477000;ab579366-642b-47ee-acdf-0ef6dd59e8e0;416.19;0.22152048;BUY
2016-04-01T00:27:34.440000;2016-04-01T00:27:34.477000;fec3abbe-752f-49f3-a852-bedda9569855;416.19;0.24200001;BUY
2016-04-01T00:27:34.440000;2016-04-01T00:27:34.477000;a9bf9171-ff84-472c-866b-f72e55cf7ddc;416.19;0.242;BUY
2016-04-01T00:27:34.440000;2016-04-01T00:27:34.477000;e7ea145c-a384-44dc-8cc7-e8a81b3488f3;416.19;0.242;BUY
2016-04-01T00:27:34.443000;2016-04-01T00:27:34.477000;aab081f9-b0b5-4cb7-8be0-41fab98dc1b7;416.19;0.13842951;BUY
2016-04-01T00:27:47.393000;2016-04-01T00:27:47.430000;4e050cac-cc1e-4317-9b71-94345f499e29;416.19;0.015;BUY
2016-04-01T00:28:01.417000;2016-04-01T00:28:01.430000;1df07fad-73f7-4f8f-ac8d-6a4832653708;416.19;0.08857049;BUY
2016-04-01T00:28:01.417000;2016-04-01T00:28:01.447000;1a198ef3-6187-4c8b-9427-f80d1bc40443;416.2;0.01;BUY
2016-04-01T00:28:01.417000;2016-04-01T00:28:01.447000;53a4cf55-bafb-4151-ab01-1e01000155ba;416.2;0.01;BUY
2016-04-01T00:28:01.417000;2016-04-01T00:28:01.447000;8e876073-42ef-4c5f-9f03-1ebefcb980d7;416.21;0.01;BUY
2016-04-01T00:28:01.417000;2016-04-01T00:28:01.447000;f8a1f958-1fa4-4df6-8d83-1016b495571c;416.21;0.01;BUY
2016-04-01T00:28:01.417000;2016-04-01T00:28:01.477000;f910529a-ecb4-4511-a9be-ceb787e2c9c7;416.22;0.01;BUY
2016-04-01T00:28:01.417000;2016-04-01T00:28:01.477000;c7283be7-5d58-4de6-aed7-7124ea4ef9fe;416.22;0.01;BUY
2016-04-01T00:28:01.417000;2016-04-01T00:28:01.477000;7374a09d-8208-4ac2-9e2f-abb0b12b59ad;416.23;0.01;BUY
2016-04-01T00:28:01.420000;2016-04-01T00:28:01.477000;b04c8e41-437c-4625-b796-85f084d46cd5;416.23;0.103;BUY
2016-04-01T00:28:01.420000;2016-04-01T00:28:01.477000;e8c538b4-464a-446d-8a92-171d55a2fc85;416.24;0.01;BUY
2016-04-01T00:28:01.420000;2016-04-01T00:28:01.477000;6eceb6b9-9a98-4ed2-bd72-b02a99d1524f;416.25;0.01;BUY
2016-04-01T00:28:01.420000;2016-04-01T00:28:01.477000;7e4d699b-77bf-49be-925c-3296b4b62ec9;416.25;0.01;BUY
2016-04-01T00:28:01.420000;2016-04-01T00:28:01.477000;26f10a12-c9ca-473b-9689-d4a966922114;416.25;0.01;BUY
2016-04-01T00:28:01.420000;2016-04-01T00:28:01.477000;3f2de352-8973-4fb9-a3cd-3d61de22febe;416.25;0.2;BUY
2016-04-01T00:28:01.420000;2016-04-01T00:28:01.507000;203d2ec1-f924-4f4f-9921-05a4b5771d9e;416.26;0.01;BUY
2016-04-01T00:28:01.420000;2016-04-01T00:28:01.507000;da573fa0-a461-403e-8233-34f2d41313e5;416.27;0.01;BUY
2016-04-01T00:28:01.420000;2016-04-01T00:28:01.507000;193cde25-1bad-4880-9bcb-b3f285ac3522;416.28;0.01;BUY
2016-04-01T00:28:01.420000;2016-04-01T00:28:01.507000;e1a1003a-7c1f-4b66-b263-552e4e769d76;416.28;0.111;BUY
2016-04-01T00:28:01.420000;2016-04-01T00:28:01.507000;524d77a1-0d54-40ee-b58f-84d1ec253792;416.29;0.01;BUY
2016-04-01T00:28:01.420000;2016-04-01T00:28:01.507000;5f07ef01-f097-4a4d-8056-0c763b7625e1;416.29;0.02068951;BUY
2016-04-01T00:28:30.850000;2016-04-01T00:28:30.867000;c7de60f2-7a08-4925-9ef4-333266fbdd2e;416.3;0.01;BUY
2016-04-01T00:28:30.850000;2016-04-01T00:28:30.883000;e6eda25f-ad89-41ed-98ee-20e1973d3d91;416.31;0.01;BUY
2016-04-01T00:28:30.850000;2016-04-01T00:28:30.897000;b4699bb1-2160-47ee-b4b2-d7dbd866802a;416.32;0.01;BUY
2016-04-01T00:28:30.850000;2016-04-01T00:28:30.897000;39cbf395-4e56-46a0-893d-0d601dfc0f74;416.32;0.092;BUY
2016-04-01T00:28:30.850000;2016-04-01T00:28:30.897000;d2cf6422-da25-4997-9d1e-e2e6eebb8427;416.33;0.01;BUY
2016-04-01T00:28:30.850000;2016-04-01T00:28:30.897000;113ed347-73b4-46d1-a561-856e739555f8;416.34;0.01;BUY
2016-04-01T00:28:30.850000;2016-04-01T00:28:30.897000;fa573a24-4ef2-49fb-bd00-fd2d4cde8a8f;416.35;0.01;BUY
2016-04-01T00:28:30.850000;2016-04-01T00:28:30.897000;7b3293ff-35f0-478c-8b83-df1b0d05479d;416.36;0.01;BUY
2016-04-01T00:28:30.850000;2016-04-01T00:28:30.897000;c4982ea9-e539-406f-b28c-5db13ca9879c;416.37;0.01;BUY
2016-04-01T00:28:30.850000;2016-04-01T00:28:30.897000;abbcdfa4-0288-4f33-9b55-9a2cd2d4f3f0;416.37;0.121;BUY
2016-04-01T00:28:30.850000;2016-04-01T00:28:30.897000;9630ccf7-0968-4d7e-9f9d-37f25b1094e2;416.38;0.01;BUY
2016-04-01T00:28:30.850000;2016-04-01T00:28:30.930000;99c794d0-22ef-4e4c-8cf9-7bf48b71778a;416.39;0.01;BUY
2016-04-01T00:28:30.853000;2016-04-01T00:28:30.930000;65562909-da7a-4408-8760-36af7cfd07f3;416.4;0.01;BUY
2016-04-01T00:28:30.853000;2016-04-01T00:28:30.930000;859b8bae-788c-48c5-87b4-f1cef69d41f3;416.4;0.01;BUY
2016-04-01T00:28:30.853000;2016-04-01T00:28:30.930000;4d21cd90-4e1f-4ad5-90c5-6e8a88201342;416.41;0.01;BUY
2016-04-01T00:28:30.853000;2016-04-01T00:28:30.947000;5db6ca60-5411-46a8-bf8d-88a736b9a9e6;416.42;0.01;BUY
2016-04-01T00:28:30.853000;2016-04-01T00:28:30.947000;ade0a187-81eb-40e6-b8f6-cecc23f7420e;416.42;0.102;BUY
2016-04-01T00:28:30.853000;2016-04-01T00:28:30.947000;9746be99-1b87-4d32-bbde-41d06584326f;416.43;0.01;BUY
2016-04-01T00:28:30.853000;2016-04-01T00:28:30.947000;1732731e-8a8d-4aea-9db8-e0765ae52bf3;416.44;0.01;BUY
2016-04-01T00:28:30.853000;2016-04-01T00:28:30.947000;01010fa3-bf21-4ff8-98a9-5739065f446d;416.45;0.01;BUY
2016-04-01T00:28:30.853000;2016-04-01T00:28:30.947000;c35979e4-3d12-4429-be07-85607f92a7b3;416.46;0.01;BUY
2016-04-01T00:28:30.853000;2016-04-01T00:28:30.947000;0d39c82f-2e2e-4b63-a430-b001c0740baa;416.47;0.01;BUY
2016-04-01T00:28:30.853000;2016-04-01T00:28:30.947000;166e4c10-c4b6-4d42-b798-987935791389;416.47;0.2678;BUY
2016-04-01T00:28:47.380000;2016-04-01T00:28:47.397000;700723c8-a6b3-4107-a9d8-d9f076bf9513;416.36;0.01;SELL
2016-04-01T00:28:47.380000;2016-04-01T00:28:47.397000;342a647e-29cd-4112-b310-6c7292f45180;416.35;0.01;SELL
2016-04-01T00:29:01.163000;2016-04-01T00:29:01.197000;c08beb20-ecfc-44f1-9f8f-24b4dce9d994;416.35;0.18;BUY
2016-04-01T00:29:01.167000;2016-04-01T00:29:01.197000;7b840ea7-f0e3-47da-af0f-42c3685b3681;416.38;0.113;BUY
2016-04-01T00:29:01.167000;2016-04-01T00:29:01.197000;a7554c06-3f02-4821-8d1f-dd25de0b0db1;416.43;0.088;BUY
2016-04-01T00:29:01.167000;2016-04-01T00:29:01.197000;7db2fb60-4087-4e32-b86a-a4f085251aae;416.45;0.01;BUY
2016-04-01T00:29:01.167000;2016-04-01T00:29:01.210000;b7a423ac-bb14-48f8-ae88-3f7123d378b5;416.46;0.01;BUY
2016-04-01T00:29:01.167000;2016-04-01T00:29:01.210000;cef631df-30e7-455b-b7b9-b8c06eb28ae8;416.47;0.35;BUY
2016-04-01T00:29:01.167000;2016-04-01T00:29:01.210000;3d578f2f-6a78-498e-b66b-066271254cab;416.48;0.01;BUY
2016-04-01T00:29:01.167000;2016-04-01T00:29:01.210000;2d5c6fde-7f75-4f0a-9dfd-b687890e17d9;416.48;0.129;BUY
2016-04-01T00:29:01.167000;2016-04-01T00:29:01.227000;0943c196-47c8-447e-b103-3f48baf9ef48;416.48;1.30337;BUY
2016-04-01T00:29:30.960000;2016-04-01T00:29:30.977000;54ca2e0e-e037-435a-b796-f238e327cf5a;416.48;0.69663;BUY
2016-04-01T00:29:30.960000;2016-04-01T00:29:30.977000;6269b832-9c65-407a-a1b8-7b6890079e8b;416.48;0.09;BUY
2016-04-01T00:29:30.960000;2016-04-01T00:29:30.993000;f3300628-7fe1-48a0-ad29-739b5bb532ef;416.49;0.01;BUY
2016-04-01T00:29:30.960000;2016-04-01T00:29:30.993000;6085e963-26df-444e-beb1-f479b52f2880;416.5;0.01;BUY
2016-04-01T00:29:30.960000;2016-04-01T00:29:30.993000;f144cfe5-1ebb-4160-96da-c3ceed949abb;416.5;0.01;BUY
2016-04-01T00:29:30.960000;2016-04-01T00:29:30.993000;01330764-9feb-4358-9ab4-3a4e1ce7fa27;416.51;0.01;BUY
2016-04-01T00:29:30.960000;2016-04-01T00:29:30.993000;c21fd2c9-c032-48dc-ba02-9d277aba8c70;416.51;0.01;BUY
2016-04-01T00:29:30.960000;2016-04-01T00:29:31.023000;bfb73c88-ca15-437f-b76a-0d2abb60dbb6;416.53;0.109;BUY
2016-04-01T00:29:30.960000;2016-04-01T00:29:31.023000;246b207d-4632-4e2a-843b-370d39a74a63;416.55;0.01;BUY
2016-04-01T00:29:30.960000;2016-04-01T00:29:31.023000;7b35ed09-3fcc-4fbb-a191-60ebd6691412;416.55;0.01;BUY
2016-04-01T00:29:30.960000;2016-04-01T00:29:31.023000;857880bb-dfa5-44f6-a1df-742830750c2a;416.55;0.02;BUY
2016-04-01T00:29:30.963000;2016-04-01T00:29:31.023000;b91c0bcd-dd73-4c70-a678-f292da8cb78e;416.55;3.0;BUY
2016-04-01T00:29:30.963000;2016-04-01T00:29:31.023000;cd12cf9e-1d39-4bc4-8976-761cb2c73691;416.57;7.18312;BUY
2016-04-01T00:29:30.963000;2016-04-01T00:29:31.040000;97112463-51c0-424d-9eac-719b3393bb6c;416.58;0.156;BUY
2016-04-01T00:29:30.963000;2016-04-01T00:29:31.040000;250d9e8f-8ebf-44df-b444-612c56ab3ab6;416.63;0.136;BUY
2016-04-01T00:29:30.963000;2016-04-01T00:29:31.040000;938b306e-e469-43e6-8cb7-204fcdce0db3;416.64;0.01;BUY
2016-04-01T00:29:30.963000;2016-04-01T00:29:31.040000;c4e2eb8d-3731-4bdf-b4b9-3e59a11166b0;416.68;0.01;BUY
2016-04-01T00:29:30.963000;2016-04-01T00:29:31.040000;a84aca4a-c869-4bfc-b113-119bb67702b6;416.68;0.131;BUY
2016-04-01T00:29:30.963000;2016-04-01T00:29:31.040000;69288b78-3b09-4dfe-9329-9344aafac1d7;416.69;0.01;BUY
2016-04-01T00:29:30.963000;2016-04-01T00:29:31.070000;f1cc1305-57e1-42ca-bc12-773d08df708f;416.69;2.469;BUY
2016-04-01T00:29:30.963000;2016-04-01T00:29:31.070000;2ae83fce-0bfd-4bc0-aea6-51a21fb4e453;416.7;4.108636;BUY
2016-04-01T00:29:30.963000;2016-04-01T00:29:31.070000;186441ec-bc47-4b92-97d0-f213b254656f;416.7;0.37782;BUY
2016-04-01T00:29:30.963000;2016-04-01T00:29:31.070000;9c463415-e057-4947-bceb-bd6e18c3a8c6;416.7;0.01;BUY
2016-04-01T00:29:30.963000;2016-04-01T00:29:31.070000;1bbfea6f-50c1-4bcb-ac68-e3041620c6ea;416.7;2.298604;BUY
2016-04-01T00:29:30.963000;2016-04-01T00:29:31.070000;087b5379-62fc-453f-8c3f-a94d3f5ebf98;416.7;2.8819;BUY
2016-04-01T00:29:40.333000;2016-04-01T00:29:40.367000;7f05053b-e3b3-4d18-82cc-8d803429285a;416.44;0.01;SELL
2016-04-01T00:29:43.240000;2016-04-01T00:29:43.257000;10553e51-5964-4834-9f8f-08da6be23c56;416.44;0.145;BUY
2016-04-01T00:29:43.240000;2016-04-01T00:29:43.257000;145d39b6-7228-400e-bf65-99a4df12b769;416.5;0.035;BUY
2016-04-01T00:30:00.817000;2016-04-01T00:30:00.837000;c6787f3d-b3cf-4298-8f9e-60a670e5b174;416.44;0.2;BUY
2016-04-01T00:30:00.817000;2016-04-01T00:30:00.837000;fa6bf39a-855e-4333-b338-c8a535453ebc;416.5;0.109;BUY
2016-04-01T00:30:00.817000;2016-04-01T00:30:00.837000;3e991477-da0f-4176-978f-34fd8313d0f7;416.55;0.02;BUY
2016-04-01T00:30:00.820000;2016-04-01T00:30:00.837000;5da2a932-173d-41fc-ad54-5c21542fb636;416.57;0.122;BUY
2016-04-01T00:30:00.820000;2016-04-01T00:30:00.850000;e4482feb-147f-4c93-8047-269d1d5c3e5d;416.62;0.01;BUY
2016-04-01T00:30:00.820000;2016-04-01T00:30:00.850000;97d74db9-69e7-4a22-b6e5-45e92924912f;416.62;0.112;BUY
2016-04-01T00:30:00.820000;2016-04-01T00:30:00.850000;94f801de-a459-4b8d-a4cb-97a70f35e4b0;416.66;0.25627;BUY
2016-04-01T00:31:01.080000;2016-04-01T00:31:01.087000;b16489c5-4718-4161-94c8-707b80d7596f;416.48;0.3;SELL
2016-04-01T00:31:01.080000;2016-04-01T00:31:01.100000;ed0a5b2b-9ca9-4c49-aac4-d15f085071c1;416.48;0.132;SELL
2016-04-01T00:31:01.080000;2016-04-01T00:31:01.100000;2dc896fe-bc8a-4125-8d9d-49830e08628f;416.44;0.21;SELL
2016-04-01T00:31:01.080000;2016-04-01T00:31:01.100000;3ea824fe-aa42-4792-bc57-34ef2df47834;416.43;0.01;SELL
2016-04-01T00:31:01.080000;2016-04-01T00:31:01.120000;c88be6be-9428-4eef-bcc4-64546aa00c0c;416.43;0.149;SELL
2016-04-01T00:31:01.080000;2016-04-01T00:31:01.120000;18225643-1ef6-486b-b7a8-94e489e945fa;416.42;0.01;SELL
2016-04-01T00:31:01.080000;2016-04-01T00:31:01.120000;c450a22c-20ae-4437-9e88-7cccf73949de;416.41;0.01;SELL
2016-04-01T00:31:01.080000;2016-04-01T00:31:01.120000;e94c9062-0042-48a1-87c4-d417036738f0;416.4;0.01;SELL
2016-04-01T00:31:01.083000;2016-04-01T00:31:01.120000;01a7452b-a94a-471e-b371-ccdb368bfbf0;416.39;0.01;SELL
2016-04-01T00:31:01.083000;2016-04-01T00:31:01.163000;57f8b791-c7cc-4067-8648-80556241132e;416.38;0.01;SELL
2016-04-01T00:31:01.083000;2016-04-01T00:31:01.163000;022413ba-53a1-4d94-9b73-12426f93077f;416.38;0.103;SELL
2016-04-01T00:31:01.083000;2016-04-01T00:31:01.163000;d23f5c5b-72dc-44f9-b949-ad688f3a8d9c;416.37;0.01;SELL
2016-04-01T00:31:01.083000;2016-04-01T00:31:01.180000;beb90987-b04f-45cd-8570-7bb15dfe2629;416.37;0.42;SELL
2016-04-01T00:31:01.083000;2016-04-01T00:31:01.180000;76462d46-ab0d-4ff4-8d07-0932948a0a1c;416.36;0.01;SELL
2016-04-01T00:31:01.083000;2016-04-01T00:31:01.180000;66c6473c-6d03-457b-a859-4e323afc07b2;416.36;0.21;SELL
2016-04-01T00:31:01.083000;2016-04-01T00:31:01.180000;ec2a04bf-2b78-4ed9-bc35-d5000a9ee2a8;416.35;0.01;SELL
2016-04-01T00:31:01.083000;2016-04-01T00:31:01.180000;fd0b0526-e4e1-48d6-9aa4-6c6439e8b218;416.35;0.35;SELL
2016-04-01T00:31:01.083000;2016-04-01T00:31:01.197000;198f05a3-ac14-41d6-8c38-7b48092d402e;416.34;0.01;SELL
2016-04-01T00:31:01.083000;2016-04-01T00:31:01.197000;fa710a80-7b00-4970-b906-0af0909409aa;416.34;0.21;SELL
2016-04-01T00:31:01.083000;2016-04-01T00:31:01.197000;ef7f8032-a5a3-4731-ae8b-b10c92e5db7f;416.33;0.01;SELL
2016-04-01T00:31:01.083000;2016-04-01T00:31:01.197000;7129e1db-40b1-4e85-9453-07c61b267c7b;416.33;0.01;SELL
2016-04-01T00:31:01.083000;2016-04-01T00:31:01.197000;fa5b0e65-03cd-4d56-b624-46fcc2065b50;416.33;0.151;SELL
2016-04-01T00:31:01.083000;2016-04-01T00:31:01.197000;063cb004-9047-4c1a-983b-bf7e44297a26;416.33;0.42;SELL
2016-04-01T00:31:01.083000;2016-04-01T00:31:01.197000;cdc24067-ca91-49e0-a1c2-cda19158ce5d;416.32;0.01;SELL
2016-04-01T00:31:01.083000;2016-04-01T00:31:01.197000;3a3b94dd-bb48-44a4-87f8-81a97ec89360;416.32;0.84;SELL
2016-04-01T00:31:01.083000;2016-04-01T00:31:01.197000;4ba3f7a8-e2c1-4341-929b-9f315a9858b8;416.31;0.01;SELL
2016-04-01T00:31:01.083000;2016-04-01T00:31:01.197000;995eda5b-b853-4c63-b231-ce92b38498a1;416.31;0.60109;SELL
2016-04-01T00:31:31.407000;2016-04-01T00:31:31.413000;3c970313-de37-4eb0-a908-45238b61c308;416.41;0.01;BUY
2016-04-01T00:31:31.407000;2016-04-01T00:31:31.413000;b12fba18-f77a-4558-9ede-672ec1328ea5;416.42;0.01;BUY
2016-04-01T00:31:31.407000;2016-04-01T00:31:31.413000;abab9aae-137e-4f96-b028-72370724b27a;416.43;0.01;BUY
2016-04-01T00:31:31.410000;2016-04-01T00:31:31.430000;91714790-aae4-4fbf-aeb6-c752f3fd4820;416.44;0.01;BUY
2016-04-01T00:31:31.410000;2016-04-01T00:31:31.430000;ceaabd6d-a1d6-4a65-93f0-24bf6b55b830;416.44;0.34;BUY
2016-04-01T00:31:31.410000;2016-04-01T00:31:31.430000;2b84bbad-c408-40dc-954b-deeabc4f7777;416.45;0.01;BUY
2016-04-01T00:31:31.410000;2016-04-01T00:31:31.430000;53f59461-0812-4900-8f9b-cebec7bd6f02;416.46;0.01;BUY
2016-04-01T00:31:31.410000;2016-04-01T00:31:31.430000;999d03bf-5b32-4c2d-9714-651ae107d4e1;416.46;0.31313;BUY
2016-04-01T00:32:02.153000;2016-04-01T00:32:02.180000;d51084ef-2d83-47cd-a3c7-cd54f4202788;416.38;0.01;SELL
2016-04-01T00:32:02.153000;2016-04-01T00:32:02.180000;43552551-43e7-4c04-beb5-43097d3bf0cb;416.37;0.149;SELL
2016-04-01T00:32:02.153000;2016-04-01T00:32:02.180000;b81485de-f8ef-4810-96b3-47a95f974c70;416.37;0.29;SELL
2016-04-01T00:32:02.153000;2016-04-01T00:32:02.180000;9f7a633e-c679-4e40-a6c6-cbecae12435c;416.35;0.01;SELL
2016-04-01T00:32:02.153000;2016-04-01T00:32:02.180000;cc249a71-f293-41e1-9a93-6612ee5e569c;416.35;0.22204;SELL
2016-04-01T00:32:31.170000;2016-04-01T00:32:31.180000;04afe87f-45be-411c-a64c-ca8dcbe40797;416.35;0.19431;BUY
2016-04-01T00:33:00.777000;2016-04-01T00:33:00.773000;2271f72c-6030-4b43-9da1-76053b9cf61b;416.35;0.20569;BUY
2016-04-01T00:33:00.777000;2016-04-01T00:33:00.803000;0a82d507-7353-445f-ac57-ae90b70fcb12;416.4;0.21;BUY
2016-04-01T00:33:00.780000;2016-04-01T00:33:00.803000;dc26d798-0e08-4068-a0eb-7c9a06cd3f64;416.45;0.01;BUY
2016-04-01T00:33:00.780000;2016-04-01T00:33:00.803000;02689b8f-1c16-4ef8-8f42-0e5ca7be7de9;416.46;0.103;BUY
2016-04-01T00:33:00.780000;2016-04-01T00:33:00.803000;ea2fcece-b035-4c28-bd95-fe2478710a56;416.47;0.01;BUY
2016-04-01T00:33:00.780000;2016-04-01T00:33:00.897000;4983009d-29ee-485f-8e45-12252b9b3cde;416.48;0.01;BUY
2016-04-01T00:33:00.780000;2016-04-01T00:33:00.897000;5b3cb014-5279-4b0c-9105-6a3f81755f85;416.49;0.01;BUY
2016-04-01T00:33:00.780000;2016-04-01T00:33:00.897000;dc39c21c-4547-4722-86b6-02aef6c537b8;416.5;0.01;BUY
2016-04-01T00:33:00.780000;2016-04-01T00:33:00.897000;66d94e2f-370c-4a8c-a9a2-58074b23cbaa;416.51;0.01;BUY
2016-04-01T00:33:00.780000;2016-04-01T00:33:00.897000;59bfc283-55d5-40f1-8dd4-795ee8bc9edf;416.51;0.128;BUY
2016-04-01T00:33:00.780000;2016-04-01T00:33:00.897000;ef347e1f-fa77-47a1-92da-de7ece8318c3;416.55;0.37546;BUY
2016-04-01T00:33:31.030000;2016-04-01T00:33:31.053000;cbb0c23c-7b3e-44b0-bdd6-8a56450d8258;416.56;0.01;BUY
2016-04-01T00:33:31.030000;2016-04-01T00:33:31.053000;d348ecd0-dd3c-41ae-98f9-c10be1aea83f;416.66;0.105;BUY
2016-04-01T00:33:31.030000;2016-04-01T00:33:31.053000;e411b902-3984-4dcd-a071-2de4a0ceec0d;416.68;0.01;BUY
2016-04-01T00:33:31.030000;2016-04-01T00:33:31.053000;24826075-c55f-4b86-9259-4c619762de83;416.69;1.0;BUY
2016-04-01T00:33:31.033000;2016-04-01T00:33:31.053000;6898b633-e4e8-4856-8f68-037544317048;416.71;0.01;BUY
2016-04-01T00:33:31.033000;2016-04-01T00:33:31.053000;1bc54f5e-a084-4dd0-bae6-e68f73eb3a46;416.71;0.129;BUY
2016-04-01T00:33:31.033000;2016-04-01T00:33:31.053000;c97b418d-d10d-4343-8b08-296e345c4072;416.72;0.01;BUY
2016-04-01T00:33:31.033000;2016-04-01T00:33:31.053000;721ddd43-101d-4896-99e3-e5cb1012124b;416.73;0.01;BUY
2016-04-01T00:33:31.033000;2016-04-01T00:33:31.070000;ef8cbca1-8445-4eef-b59f-a61aa8a3f89e;416.73;0.02;BUY
2016-04-01T00:33:31.033000;2016-04-01T00:33:31.070000;4c988b42-90c5-42b6-a182-e24b0d42dd21;416.73;1.19179;BUY
2016-04-01T00:33:49.527000;2016-04-01T00:33:49.540000;081342d2-c329-4753-bec0-344f71e42679;416.62;0.01;SELL
2016-04-01T00:33:49.527000;2016-04-01T00:33:49.540000;51aafe3f-2955-40eb-92f7-e19e0788eb0d;416.61;0.01;SELL
2016-04-01T00:33:49.527000;2016-04-01T00:33:49.540000;6ce6910b-7b27-4af7-acba-967ed5887a6a;416.6;0.01;SELL
2016-04-01T00:34:01.070000;2016-04-01T00:34:01.070000;ad3f9609-ff2d-4de8-a08c-1267eea9e7df;416.57;0.116;BUY
2016-04-01T00:34:01.070000;2016-04-01T00:34:01.070000;4f9ceec2-b3b4-4f34-8a02-b6071cf07fe4;416.58;1.19915;BUY
2016-04-01T00:34:13.083000;2016-04-01T00:34:13.070000;2dccbe78-1652-4115-b06c-da8969f3b472;416.69;0.03;BUY
2016-04-01T00:34:33.930000;2016-04-01T00:34:33.930000;ce0c43c9-fdd3-4710-9fcb-f0219932cafa;416.7;0.01;BUY
2016-04-01T00:34:33.930000;2016-04-01T00:34:33.947000;d51aa933-430d-43bc-9be5-784fe6bdb7f4;416.71;0.01;BUY
2016-04-01T00:34:33.930000;2016-04-01T00:34:33.947000;3e9fbc10-5768-4ab8-a7dc-c85feedd06f4;416.71;0.66;BUY
2016-04-01T00:34:33.930000;2016-04-01T00:34:33.947000;9c86944e-39b7-42bf-98e8-29b01e4d3eb8;416.72;0.01;BUY
2016-04-01T00:34:33.930000;2016-04-01T00:34:33.947000;2fdf3302-952a-412c-8ce3-f95e756daf9a;416.72;0.27932;BUY
2016-04-01T00:35:01.857000;2016-04-01T00:35:01.883000;c1943b21-3589-4cca-bc4c-91b550d49877;416.61;0.01;SELL
2016-04-01T00:35:01.857000;2016-04-01T00:35:01.913000;352c31a0-47ef-48b5-a4cf-13b3ac7580a9;416.6;0.01;SELL
2016-04-01T00:35:01.857000;2016-04-01T00:35:01.913000;dd3859cf-c07b-4388-bff6-2b3f06d4bd0b;416.57;0.088;SELL
2016-04-01T00:35:01.857000;2016-04-01T00:35:01.913000;e27ac5da-0372-4aa7-9f9d-04241b9b2e77;416.55;0.27;SELL
2016-04-01T00:35:01.857000;2016-04-01T00:35:01.913000;8d093f75-b137-4f96-9773-3850a638df89;416.52;0.102;SELL
2016-04-01T00:35:01.857000;2016-04-01T00:35:01.913000;b788a408-18a6-4d83-8c1d-4466291f55b0;416.49;0.01;SELL
2016-04-01T00:35:01.857000;2016-04-01T00:35:01.913000;7d8eca8a-eb69-4519-92cc-57aabf4f24e7;416.47;0.116;SELL
2016-04-01T00:35:01.857000;2016-04-01T00:35:01.913000;1aea491c-74f5-46fd-9e0d-4577aa1ec8c1;416.42;0.08;SELL
2016-04-01T00:35:01.857000;2016-04-01T00:35:01.913000;f21a7af2-f23f-4430-8db3-1e7c220f2da3;416.42;0.22;SELL
2016-04-01T00:35:01.857000;2016-04-01T00:35:01.930000;61a7ae87-02dd-46b4-ba7c-81a14c23fa72;416.41;0.01;SELL
2016-04-01T00:35:01.857000;2016-04-01T00:35:01.960000;05e26f5c-e3f0-47d6-a9c1-31d7c5ec30cb;416.41;0.44;SELL
2016-04-01T00:35:01.857000;2016-04-01T00:35:01.993000;b7fe8fc7-c1a1-44d7-a98d-224240f4e2ba;416.4;0.01;SELL
2016-04-01T00:35:01.860000;2016-04-01T00:35:01.993000;77e7d460-e1f5-4279-8f05-8679fd526a0b;416.4;0.44;SELL
2016-04-01T00:35:01.860000;2016-04-01T00:35:01.993000;20beb952-2c69-4a13-b5d9-bdda5ccfb8b0;416.39;0.01;SELL
2016-04-01T00:35:01.860000;2016-04-01T00:35:01.993000;7ca31858-8a54-4ec0-ba96-5e834e007700;416.39;0.22;SELL
2016-04-01T00:35:01.860000;2016-04-01T00:35:01.993000;3e0a1701-ce66-4493-9352-3ef3ae7cb2c6;416.38;0.01;SELL
2016-04-01T00:35:01.860000;2016-04-01T00:35:01.993000;112eac87-5316-413e-9ade-aadbab7287bf;416.38;0.44;SELL
2016-04-01T00:35:01.860000;2016-04-01T00:35:01.993000;23394ebe-ec9f-49f5-9e7a-03b6d0765318;416.37;0.01;SELL
2016-04-01T00:35:01.860000;2016-04-01T00:35:01.993000;2b15c622-8682-4859-9fa9-71b6f0741a12;416.37;0.111;SELL
2016-04-01T00:35:01.860000;2016-04-01T00:35:01.993000;82c68526-9e93-44f1-a0e6-8e54dc2ea5aa;416.37;0.22;SELL
2016-04-01T00:35:01.860000;2016-04-01T00:35:01.993000;ee734b5f-035a-400d-8479-d358b5d007c1;416.36;0.01;SELL
2016-04-01T00:35:01.860000;2016-04-01T00:35:01.993000;2999a0f8-6bc5-4ecc-95fe-9b6b6492239b;416.36;0.44;SELL
2016-04-01T00:35:01.860000;2016-04-01T00:35:01.993000;90e3c118-8441-4cc7-ae55-6dded6e47f62;416.35;0.01;SELL
2016-04-01T00:35:01.860000;2016-04-01T00:35:01.993000;ba794d31-7b70-4541-8d9d-1cfb81d8c99b;416.35;0.22;SELL
2016-04-01T00:35:01.860000;2016-04-01T00:35:01.993000;3a0848aa-0236-44fa-a6b9-d71806fddd45;416.34;0.01;SELL
2016-04-01T00:35:01.860000;2016-04-01T00:35:01.993000;a66f3888-0a1e-477e-8486-a5a41cf9f288;416.34;0.35;SELL
2016-04-01T00:35:01.860000;2016-04-01T00:35:01.993000;ac5e2b38-d82b-4036-aa76-27e68c4ee1c7;416.33;0.01;SELL
2016-04-01T00:35:01.863000;2016-04-01T00:35:01.993000;5aba230f-ea3c-4a4b-b49e-a8f6acb7593f;416.32;0.01;SELL
2016-04-01T00:35:01.863000;2016-04-01T00:35:01.993000;3ae34993-ac70-4f12-817a-d087db4aa2ad;416.32;0.22;SELL
2016-04-01T00:35:01.863000;2016-04-01T00:35:01.993000;9b0fe1cc-28b4-4f2c-a0f6-a687c3c71187;416.32;0.092;SELL
2016-04-01T00:35:01.863000;2016-04-01T00:35:01.993000;0f1c6df2-667b-4647-85d2-a643a8598a04;416.31;0.01;SELL
2016-04-01T00:35:01.863000;2016-04-01T00:35:02.007000;2e28fad1-ef9c-413f-9cd4-3d33b0d7c1af;416.31;0.44;SELL
2016-04-01T00:35:01.863000;2016-04-01T00:35:02.007000;54443718-69a6-4026-ac32-f3898517e19c;416.3;0.01;SELL
2016-04-01T00:35:01.863000;2016-04-01T00:35:02.007000;5932c236-235f-4a7f-93db-1927b293235b;416.3;0.084;SELL
2016-04-01T00:35:01.863000;2016-04-01T00:35:02.007000;a5ad073a-1b5c-4e76-84b0-98e8c8c4851e;416.3;0.22;SELL
2016-04-01T00:35:01.863000;2016-04-01T00:35:02.023000;82b2c4cd-5445-4ef2-976e-277c479316ff;416.29;0.01;SELL
2016-04-01T00:35:01.863000;2016-04-01T00:35:02.023000;cd98e99a-f98d-4ffc-805e-aca9ae7d3f50;416.29;0.44;SELL
2016-04-01T00:35:01.863000;2016-04-01T00:35:02.023000;54764ab7-15de-4d58-b9db-ef4e472e039f;416.28;0.01;SELL
2016-04-01T00:35:01.863000;2016-04-01T00:35:02.023000;d7cc45ee-472d-4984-b1fd-6c697c738058;416.28;0.44;SELL
2016-04-01T00:35:01.863000;2016-04-01T00:35:02.023000;49589781-86f1-4b5e-947d-ab4e9135a8e2;416.27;0.01;SELL
2016-04-01T00:35:01.863000;2016-04-01T00:35:02.023000;48f2daa9-6ba7-4d26-94c2-c55d4a73d196;416.27;0.01;SELL
2016-04-01T00:35:01.867000;2016-04-01T00:35:02.040000;4a7735f0-4e56-46a8-b0f3-04b56a83e2d8;416.27;0.44;SELL
2016-04-01T00:35:01.867000;2016-04-01T00:35:02.040000;3cd1b710-ce2e-4dac-8d5f-d66d91521935;416.26;0.01;SELL
2016-04-01T00:35:01.867000;2016-04-01T00:35:02.040000;c4d46c98-1878-4fe1-9952-870d48deae85;416.26;0.44;SELL
2016-04-01T00:35:01.867000;2016-04-01T00:35:02.040000;d97e5f2a-e2fb-47ba-b2af-ab8fa410fed9;416.25;0.01;SELL
2016-04-01T00:35:01.867000;2016-04-01T00:35:02.040000;cb981d89-4549-40ff-83d1-15ab7b054d2d;416.25;0.0125;SELL
2016-04-01T00:35:01.867000;2016-04-01T00:35:02.040000;b7e7d449-bfd8-4631-8cbe-9f7108b996fd;416.25;0.088;SELL
2016-04-01T00:35:01.867000;2016-04-01T00:35:02.040000;23b47635-7d9d-4b35-beae-3a5c8ecd8a9b;416.25;0.22;SELL
2016-04-01T00:35:01.867000;2016-04-01T00:35:02.053000;faf4092b-a8ea-4bca-aef5-2c9365d69117;416.24;0.01;SELL
2016-04-01T00:35:01.867000;2016-04-01T00:35:02.053000;26702432-e4cd-4cbf-b898-801bad8d87ba;416.24;0.44;SELL
2016-04-01T00:35:01.867000;2016-04-01T00:35:02.053000;9ad70168-dc69-4e70-9c01-fac02f49aecc;416.23;0.01;SELL
2016-04-01T00:35:01.867000;2016-04-01T00:35:02.053000;5fbca376-7f3b-4811-b17c-bf0f836d24a1;416.23;0.22;SELL
2016-04-01T00:35:01.867000;2016-04-01T00:35:02.053000;c2c243ee-5b94-4f2e-b102-1e331647dc96;416.22;0.01;SELL
2016-04-01T00:35:01.867000;2016-04-01T00:35:02.070000;b2b77981-1d5a-4158-ba9b-b87cf12f1ff0;416.22;0.1003;SELL
2016-04-01T00:35:01.867000;2016-04-01T00:35:02.070000;2c2c5a09-2bb3-4d63-bc96-d035b3b43e71;416.22;0.22;SELL
2016-04-01T00:35:01.867000;2016-04-01T00:35:02.070000;76a7e6bd-ed97-4fdf-8b95-6df314c9eb86;416.21;0.01;SELL
2016-04-01T00:35:01.867000;2016-04-01T00:35:02.070000;41f99255-9153-4fdd-8f0c-b901b2ce7962;416.21;0.22;SELL
2016-04-01T00:35:01.870000;2016-04-01T00:35:02.070000;4f14ae8c-149f-4a44-833c-2a641a5f0227;416.2;0.01;SELL
2016-04-01T00:35:01.870000;2016-04-01T00:35:02.070000;88fbc002-7100-437c-9436-adff7eb402f5;416.2;0.086;SELL
2016-04-01T00:35:01.870000;2016-04-01T00:35:02.087000;acf1e62d-9d8e-4e78-a615-961c02b4d8fb;416.19;0.01;SELL
2016-04-01T00:35:01.870000;2016-04-01T00:35:02.100000;8447178b-7396-4513-85a7-51a62c78610b;416.18;0.01;SELL
2016-04-01T00:35:01.870000;2016-04-01T00:35:02.100000;b77da0f2-5f5d-4553-bf76-f96177020429;416.17;0.01;SELL
2016-04-01T00:35:01.870000;2016-04-01T00:35:02.100000;d6812511-b9a7-4c3d-b0a5-1214a10ac971;416.16;0.01;SELL
2016-04-01T00:35:01.870000;2016-04-01T00:35:02.100000;e70f2f9f-d05c-4b8d-9049-aa7c0c34a43e;416.15;0.01;SELL
2016-04-01T00:35:01.870000;2016-04-01T00:35:02.100000;93bd9dfa-50b5-4c92-9506-2117886030c3;416.14;0.01;SELL
2016-04-01T00:35:01.870000;2016-04-01T00:35:02.100000;7de2b81a-a7f2-423d-94ad-3cd440f7a860;416.13;0.01;SELL
2016-04-01T00:35:01.870000;2016-04-01T00:35:02.100000;e0fe4fee-84d0-45ce-94ff-6a39b242cc42;416.13;0.44;SELL
2016-04-01T00:35:01.870000;2016-04-01T00:35:02.100000;4431e4c0-ba78-407c-be01-b8f7c2d798d2;416.12;0.01;SELL
2016-04-01T00:35:01.870000;2016-04-01T00:35:02.100000;244141ce-cc9b-4e0b-bc0a-ab2dbc6f88fa;416.12;0.01;SELL
2016-04-01T00:35:01.870000;2016-04-01T00:35:02.117000;5ed418e5-4532-454e-b1d1-e7db58860c4c;416.12;0.01;SELL
2016-04-01T00:35:01.870000;2016-04-01T00:35:02.117000;b5770516-ac54-44af-9c72-5556dc741766;416.12;0.66;SELL
2016-04-01T00:35:01.870000;2016-04-01T00:35:02.117000;1f72ccda-b3d5-4703-a0b4-65fa8f867abd;416.11;0.01;SELL
2016-04-01T00:35:01.870000;2016-04-01T00:35:02.117000;1e01dd94-4e6f-4970-b7c6-51408d24d9f6;416.11;0.01;SELL
2016-04-01T00:35:01.873000;2016-04-01T00:35:02.117000;a8e0e9dc-f3c1-4705-8934-5fd39d91049f;416.11;0.126;SELL
2016-04-01T00:35:01.873000;2016-04-01T00:35:02.150000;c09dc2ab-f831-46a9-9c4a-4c1f9f7401ad;416.11;0.01;SELL
2016-04-01T00:35:01.873000;2016-04-01T00:35:02.150000;d26b5b84-b21f-46c1-9b39-17fac6b15b02;416.11;0.44;SELL
2016-04-01T00:35:01.873000;2016-04-01T00:35:02.150000;54fa2aff-c33d-4a10-98ed-47a552c6c849;416.1;0.01;SELL
2016-04-01T00:35:01.873000;2016-04-01T00:35:02.150000;1b1e58c9-b7e9-4e2c-b7d4-f33842c24b74;416.1;0.01;SELL
2016-04-01T00:35:01.873000;2016-04-01T00:35:02.150000;b599724a-2927-41ae-a569-eabac14ab519;416.1;0.44;SELL
2016-04-01T00:35:01.873000;2016-04-01T00:35:02.150000;62c54961-9ee0-47c0-b57d-4569bbacf635;416.09;0.01;SELL
2016-04-01T00:35:01.873000;2016-04-01T00:35:02.150000;69f67b01-2633-4cc5-9ac0-fe79a40fdc92;416.09;0.01;SELL
2016-04-01T00:35:01.873000;2016-04-01T00:35:02.163000;37ea5a18-afd6-4a87-8c1b-537ae928e705;416.09;0.22;SELL
2016-04-01T00:35:01.873000;2016-04-01T00:35:02.163000;a96aa926-9e59-4331-aaf6-29c7f9260212;416.08;0.01;SELL
2016-04-01T00:35:01.873000;2016-04-01T00:35:02.163000;cbf4dfd5-cb38-420a-907a-9683a06d5308;416.08;0.01;SELL
2016-04-01T00:35:01.873000;2016-04-01T00:35:02.163000;95dc4083-310b-4275-9575-10fd98b6f2d1;416.08;0.22;SELL
2016-04-01T00:35:01.873000;2016-04-01T00:35:02.163000;ee13e1ac-4c8c-466c-9985-74236ccb872c;416.07;0.01;SELL
2016-04-01T00:35:01.873000;2016-04-01T00:35:02.197000;9ca94862-b9e6-4e72-85b5-df199a3731d3;416.07;0.01;SELL
2016-04-01T00:35:01.873000;2016-04-01T00:35:02.197000;ee4a42f0-ece4-4253-b835-5c2c05ee6bac;416.07;0.02;SELL
2016-04-01T00:35:01.873000;2016-04-01T00:35:02.197000;275daf97-c0e3-438b-8b67-e195314de72e;416.07;1.1;SELL
2016-04-01T00:35:01.877000;2016-04-01T00:35:02.197000;4ef66b9e-c325-4fd7-aaf7-235749d8067f;416.06;0.01;SELL
2016-04-01T00:35:01.877000;2016-04-01T00:35:02.197000;99176365-5d02-409b-a657-e59431c0c61e;416.06;0.01;SELL
2016-04-01T00:35:01.877000;2016-04-01T00:35:02.197000;8909a551-28df-434a-aaf4-ff2f0648dec6;416.06;0.097;SELL
2016-04-01T00:35:01.877000;2016-04-01T00:35:02.197000;868a534d-3817-48a6-9f1c-03115486b549;416.06;0.88;SELL
2016-04-01T00:35:01.877000;2016-04-01T00:35:02.197000;52ef0634-7e80-4a71-916f-5978671fc99b;416.05;0.01;SELL
2016-04-01T00:35:01.877000;2016-04-01T00:35:02.197000;4c50b715-8cf5-40a0-a5d2-f39132e3c5c7;416.05;0.01;SELL
2016-04-01T00:35:01.877000;2016-04-01T00:35:02.210000;ffd95872-0207-4911-81e2-ed7985ee509f;416.05;0.02;SELL
2016-04-01T00:35:01.877000;2016-04-01T00:35:02.210000;304b894c-6682-4488-b5b7-7908f6bb281e;416.05;0.88;SELL
2016-04-01T00:35:01.877000;2016-04-01T00:35:02.210000;fb881936-1d0a-426b-8b72-3ee7d3eb38e0;416.04;0.01;SELL
2016-04-01T00:35:01.877000;2016-04-01T00:35:02.210000;25e20903-c0f0-4ce0-ac84-18022a484331;416.04;0.01;SELL
2016-04-01T00:35:01.877000;2016-04-01T00:35:02.210000;e9404bcd-4d71-4054-aae4-8eb78e5aa755;416.04;0.66;SELL
2016-04-01T00:35:01.877000;2016-04-01T00:35:02.210000;79a8f69a-de52-46c2-b0dc-565cbda62403;416.03;0.01;SELL
2016-04-01T00:35:01.877000;2016-04-01T00:35:02.243000;c63469e8-19c9-4aa5-bbcd-9db7728dffe9;416.03;0.01;SELL
2016-04-01T00:35:01.877000;2016-04-01T00:35:02.243000;7af1bf1c-aca2-4ecc-80a4-1632a7392d57;416.03;0.5;SELL
2016-04-01T00:35:01.877000;2016-04-01T00:35:02.243000;0e7b0638-9d37-45d7-b90b-611655def4ba;416.03;0.44;SELL
2016-04-01T00:35:01.877000;2016-04-01T00:35:02.243000;d05b37eb-dc4d-46e8-804c-3a7622af06ee;416.02;0.01;SELL
2016-04-01T00:35:01.880000;2016-04-01T00:35:02.243000;dab18953-233f-400c-ac74-61833f57233a;416.02;0.01;SELL
2016-04-01T00:35:01.880000;2016-04-01T00:35:02.243000;0e598861-ac57-4540-ab77-0b6ce7ccee49;416.02;0.66;SELL
2016-04-01T00:35:01.880000;2016-04-01T00:35:02.243000;3d2f9cdf-60f7-4b34-848d-c174a8fb2361;416.01;0.01;SELL
2016-04-01T00:35:01.880000;2016-04-01T00:35:02.243000;c2b3694c-3710-4e6f-8e50-d8fce30e9127;416.01;0.01;SELL
2016-04-01T00:35:01.880000;2016-04-01T00:35:02.243000;e7972fe3-fa50-49a1-848f-a0d95c92502f;416.01;0.01;SELL
2016-04-01T00:35:01.880000;2016-04-01T00:35:02.243000;bf710f58-1ff1-42c5-8d53-2dce97733e92;416.01;0.102;SELL
2016-04-01T00:35:01.880000;2016-04-01T00:35:02.257000;a6826169-209c-4f55-ae1a-825fa53ec2df;416.01;0.44;SELL
2016-04-01T00:35:01.880000;2016-04-01T00:35:02.257000;0826f4c1-1652-4eb1-b1a9-bdbb4c00e0ad;416.0;0.01;SELL
2016-04-01T00:35:01.880000;2016-04-01T00:35:02.257000;c8cec301-a5ed-4f00-8c58-ad4108904957;416.0;0.01;SELL
2016-04-01T00:35:01.880000;2016-04-01T00:35:02.257000;da450675-53d6-47ff-a0f1-f5b839377df3;416.0;0.0125;SELL
2016-04-01T00:35:01.880000;2016-04-01T00:35:02.257000;7f5cc5e6-bbed-4f95-b820-a0baa78d8d59;416.0;0.2484;SELL
2016-04-01T00:35:01.880000;2016-04-01T00:35:02.273000;61e2f60e-d63a-4b63-9e0c-93abef968e35;416.0;0.01;SELL
2016-04-01T00:35:01.880000;2016-04-01T00:35:02.273000;c0afb7c6-1176-4203-bc7f-2a704dc3b1be;416.0;0.22;SELL
2016-04-01T00:35:01.880000;2016-04-01T00:35:02.273000;62d9bfde-7484-4ad8-bc30-993eff39f336;415.99;0.01;SELL
2016-04-01T00:35:01.880000;2016-04-01T00:35:02.273000;ddbc693b-931f-42f1-8719-1bb0517d14fc;415.99;0.22;SELL
2016-04-01T00:35:01.880000;2016-04-01T00:35:02.273000;ca310bff-3f96-4897-aa94-2bbb65808fa6;415.98;0.01;SELL
2016-04-01T00:35:01.883000;2016-04-01T00:35:02.273000;1359e6ba-1407-453d-8e5c-2afb31d78667;415.98;0.22;SELL
2016-04-01T00:35:01.883000;2016-04-01T00:35:02.290000;173e7df7-a485-4296-af73-b2f488c0d7b4;415.97;0.01;SELL
2016-04-01T00:35:01.883000;2016-04-01T00:35:02.290000;bbb136b4-b04b-40fc-aed7-48ec74cc6ce2;415.97;0.22;SELL
2016-04-01T00:35:01.883000;2016-04-01T00:35:02.290000;7c4df994-986f-4297-bc47-a8902232cfa0;415.96;0.01;SELL
2016-04-01T00:35:01.883000;2016-04-01T00:35:02.290000;4f5d4915-ed8d-4f3f-bf53-5c107709806b;415.96;2.662;SELL
2016-04-01T00:35:01.883000;2016-04-01T00:35:02.290000;a1381267-7d26-4804-9acb-738abdb79350;415.96;0.123;SELL
2016-04-01T00:35:01.883000;2016-04-01T00:35:02.290000;99b35b99-53b8-4916-a6c6-4ab62ac1551e;415.95;0.01;SELL
2016-04-01T00:35:01.883000;2016-04-01T00:35:02.320000;940316a2-293b-431c-8aa6-310737bce585;415.94;0.01;SELL
2016-04-01T00:35:01.883000;2016-04-01T00:35:02.320000;d33e50d6-27aa-4032-979f-1d1615a6bd2c;415.93;0.01;SELL
2016-04-01T00:35:01.883000;2016-04-01T00:35:02.320000;f13dce09-47f2-4bbb-b9d8-10a163b6ba33;415.92;0.01;SELL
2016-04-01T00:35:01.883000;2016-04-01T00:35:02.320000;c7a4a16b-244e-4175-8e61-4e49cb549bab;415.91;0.01;SELL
2016-04-01T00:35:01.883000;2016-04-01T00:35:02.320000;5a167d12-94e2-4652-8e66-0da545b0b541;415.91;0.092;SELL
2016-04-01T00:35:01.883000;2016-04-01T00:35:02.337000;3ad9afb5-0892-4e6a-a691-abd465a1542f;415.9;0.01;SELL
2016-04-01T00:35:01.883000;2016-04-01T00:35:02.337000;4572d1ff-366e-4847-8cb2-277189ad9f08;415.89;0.01;SELL
2016-04-01T00:35:01.883000;2016-04-01T00:35:02.337000;df6773fd-4a0b-4d99-819a-c4406f1a889e;415.89;0.01;SELL
2016-04-01T00:35:01.883000;2016-04-01T00:35:02.337000;24287c27-c3d5-418e-97c5-a6db1dab105c;415.88;0.01;SELL
2016-04-01T00:35:01.887000;2016-04-01T00:35:02.337000;b3259c32-4313-49b7-9f9f-19386939bf54;415.87;0.01;SELL
2016-04-01T00:35:01.887000;2016-04-01T00:35:02.337000;c990eaa9-37c1-4e2d-bb6b-a1e690ff2557;415.87;0.88;SELL
2016-04-01T00:35:01.887000;2016-04-01T00:35:02.350000;23330996-6911-4de8-8042-75558230bc69;415.86;0.01;SELL
2016-04-01T00:35:01.887000;2016-04-01T00:35:02.350000;a78e5706-2346-4b9d-bfe0-367b414e5da8;415.86;0.125;SELL
2016-04-01T00:35:01.887000;2016-04-01T00:35:02.350000;97cbf676-22f7-437e-93f4-e2d3085bd853;415.86;0.88;SELL
2016-04-01T00:35:01.887000;2016-04-01T00:35:02.350000;6576c272-b712-4644-8378-a9e80bd9b824;415.85;0.01;SELL
2016-04-01T00:35:01.887000;2016-04-01T00:35:02.350000;978c8768-8cc4-4413-b49d-0b55a9dc041a;415.85;1.04998;SELL
2016-04-01T00:35:31.307000;2016-04-01T00:35:31.290000;e8f75636-40da-4c76-979a-e746a61422ec;416.49;0.01;SELL
2016-04-01T00:35:31.307000;2016-04-01T00:35:31.320000;a547dd23-59cc-426b-8561-22973b1ab7c6;416.49;0.0172;SELL
2016-04-01T00:35:31.307000;2016-04-01T00:35:31.320000;cf9e999d-3f1b-4003-aac7-f0aaa7709f59;416.49;0.0236;SELL
2016-04-01T00:35:31.307000;2016-04-01T00:35:31.320000;7a30bd74-c35f-4e10-81ae-fb7373c7d61b;416.49;0.0213;SELL
2016-04-01T00:35:31.307000;2016-04-01T00:35:31.320000;16dd6df7-f818-4348-8455-afbe4cd9073f;416.49;0.0214;SELL
2016-04-01T00:35:31.307000;2016-04-01T00:35:31.320000;10ef246c-12bd-47e1-b758-543b066e082e;416.49;0.0234;SELL
2016-04-01T00:35:31.307000;2016-04-01T00:35:31.337000;13cf9ede-a2fa-43a4-85b6-0b9f91373003;416.49;0.00117;SELL
2016-04-01T00:36:01.387000;2016-04-01T00:36:01.383000;01674247-a183-43cf-b291-e714f5b5749d;416.32;0.01;SELL
2016-04-01T00:36:01.387000;2016-04-01T00:36:01.400000;55e2c594-7b67-4fc2-9a87-c02a3a466aab;416.32;0.01;SELL
2016-04-01T00:36:01.390000;2016-04-01T00:36:01.400000;a2c62835-708f-43e4-82fd-f03e6bea1aad;416.31;0.01;SELL
2016-04-01T00:36:01.390000;2016-04-01T00:36:01.400000;7b955b1c-f9a2-46ce-bdb5-22b3aa324fca;416.31;0.01;SELL
2016-04-01T00:36:01.390000;2016-04-01T00:36:01.400000;0a1eae7c-3d11-4c12-867e-885d47aacf04;416.3;0.01;SELL
2016-04-01T00:36:01.390000;2016-04-01T00:36:01.430000;93bce350-f55b-4e50-bfc8-6a506eeb8042;416.29;0.01;SELL
2016-04-01T00:36:01.390000;2016-04-01T00:36:01.430000;0990c2b1-4f21-4f18-b7a2-226b762d0a20;416.29;0.097;SELL
2016-04-01T00:36:01.390000;2016-04-01T00:36:01.430000;6f4d4faf-fdf0-464c-931d-bc45b50c1ce8;416.28;0.01;SELL
2016-04-01T00:36:01.390000;2016-04-01T00:36:01.430000;3d20814c-567e-4cc1-acc6-3baa844be00e;416.27;0.01;SELL
2016-04-01T00:36:01.390000;2016-04-01T00:36:01.430000;71a1bb92-4925-45f8-93df-d08d8b2cff8e;416.27;0.01;SELL
2016-04-01T00:36:01.390000;2016-04-01T00:36:01.430000;2bc31a00-a5a8-45b6-9baf-720c4413e5f7;416.26;0.01;SELL
2016-04-01T00:36:01.390000;2016-04-01T00:36:01.430000;1c00d1be-9b22-431f-a4de-e9208a6a5b4f;416.25;0.01;SELL
2016-04-01T00:36:01.390000;2016-04-01T00:36:01.463000;a5957a46-03ec-4ad4-a7da-5a9621721a40;416.24;0.01;SELL
2016-04-01T00:36:01.390000;2016-04-01T00:36:01.463000;76a441ef-5b0b-4cff-ad57-1588888e72cb;416.24;0.106;SELL
2016-04-01T00:36:01.390000;2016-04-01T00:36:01.463000;afb86b20-65a3-4c70-b0b8-2c74d6b11751;416.23;0.01;SELL
2016-04-01T00:36:01.390000;2016-04-01T00:36:01.463000;68979e08-f1b6-4545-8dcb-893aac6187d2;416.22;0.01;SELL
2016-04-01T00:36:01.390000;2016-04-01T00:36:01.463000;2bb1df66-908a-48cb-b360-e844a1bc76fc;416.21;0.01;SELL
2016-04-01T00:36:01.390000;2016-04-01T00:36:01.463000;7b313785-b67f-482b-93cf-8270f1470c90;416.2;0.01;SELL
2016-04-01T00:36:01.390000;2016-04-01T00:36:01.463000;9ddf726f-d38d-4419-a591-84a6d47237f1;416.19;0.01;SELL
2016-04-01T00:36:01.390000;2016-04-01T00:36:01.477000;aedda18a-0c5a-42ce-945c-64d59f2e719d;416.19;0.083;SELL
2016-04-01T00:36:01.390000;2016-04-01T00:36:01.477000;074659e0-ba7f-4a9b-ad7f-47ace635e7de;416.18;0.01;SELL
2016-04-01T00:36:01.390000;2016-04-01T00:36:01.477000;402a502d-b864-4be7-b0c5-0a885b1f3e8e;416.17;0.01;SELL
2016-04-01T00:36:01.390000;2016-04-01T00:36:01.477000;5f7d77e6-2109-4bff-bd7b-c8641974248e;416.14;0.119;SELL
2016-04-01T00:36:01.390000;2016-04-01T00:36:01.477000;c40d6d11-46b3-4f46-a078-d2d175e6a18b;416.11;0.01;SELL
2016-04-01T00:36:01.393000;2016-04-01T00:36:01.477000;f48daa02-b2f6-44de-91f9-4a581ea86f2a;416.11;0.114;SELL
2016-04-01T00:36:01.393000;2016-04-01T00:36:01.477000;4cd0da28-0568-40d4-9ce8-a103b9d267eb;416.08;0.44;SELL
2016-04-01T00:36:01.393000;2016-04-01T00:36:01.477000;869691c1-1f0f-4ac4-a1a8-ddc4a73bc2bd;416.07;0.02;SELL
2016-04-01T00:36:01.393000;2016-04-01T00:36:01.477000;827cbf79-4761-49e4-984a-dd0828246e92;415.91;2.8161;SELL
2016-04-01T00:36:34.303000;2016-04-01T00:36:34.357000;77e647c8-04eb-4b31-92b4-894e4035c79d;416.31;0.01;BUY
2016-04-01T00:36:34.303000;2016-04-01T00:36:34.403000;793afe3b-73bd-4505-a9a7-85380f6108d6;416.32;0.01;BUY
2016-04-01T00:36:34.307000;2016-04-01T00:36:34.403000;043b828e-ddbb-48ae-a2d4-b4b29c0db373;416.33;0.01;BUY
2016-04-01T00:36:34.307000;2016-04-01T00:36:34.403000;e2e14c09-011c-4886-b212-be6d305187b3;416.33;0.242;BUY
2016-04-01T00:36:34.307000;2016-04-01T00:36:34.403000;a197b2c5-cc31-4aa9-af44-edc86a488bab;416.33;0.16193851;BUY
2016-04-01T00:36:34.307000;2016-04-01T00:36:34.403000;6a19593a-72a6-4800-9675-4ca05c3e29cc;416.33;0.088;BUY
2016-04-01T00:36:34.307000;2016-04-01T00:36:34.403000;7d8c2064-828b-4bb1-9e11-cb3bd5f89aca;416.34;0.01;BUY
2016-04-01T00:36:34.307000;2016-04-01T00:36:34.403000;aeb9e2d3-aefe-4367-8617-53beb816b2dc;416.34;0.01;BUY
2016-04-01T00:36:34.307000;2016-04-01T00:36:34.403000;d1c88d03-8c08-4170-81a9-2b9d7047c2cf;416.35;0.01;BUY
2016-04-01T00:36:34.307000;2016-04-01T00:36:34.420000;2c68dff8-ac7f-4240-8a8a-353b4ee5f31d;416.36;2.32230149;BUY
2016-04-01T00:37:02.063000;2016-04-01T00:37:02.140000;976cfea5-a670-417b-b8be-8d17cf8748ba;416.36;0.01;BUY
2016-04-01T00:37:02.063000;2016-04-01T00:37:02.140000;158d1df0-70f7-465f-a38a-66fa6375e41c;416.37;0.01;BUY
2016-04-01T00:37:02.063000;2016-04-01T00:37:02.140000;2a9266b9-92a5-431c-a1a2-49eaa7b326f3;416.37;0.01;BUY
2016-04-01T00:37:02.063000;2016-04-01T00:37:02.140000;34e28b01-516c-4a40-9b7e-12e50b45f501;416.38;0.01;BUY
2016-04-01T00:37:02.063000;2016-04-01T00:37:02.140000;7a05ad20-a9bc-4259-a67b-fe316d56f23b;416.38;0.01;BUY
2016-04-01T00:37:02.063000;2016-04-01T00:37:02.140000;7cd50617-8718-4914-bf15-25962100abe1;416.38;0.089;BUY
2016-04-01T00:37:02.063000;2016-04-01T00:37:02.170000;43cd1c37-35d2-47d8-8a93-edfab0bedc1c;416.39;0.01;BUY
2016-04-01T00:37:02.063000;2016-04-01T00:37:02.170000;55a6e273-7fee-4e04-af84-db66395fd871;416.4;0.01;BUY
2016-04-01T00:37:02.063000;2016-04-01T00:37:02.170000;b84e0294-e25c-4a03-a98b-c1202fe5c9bb;416.41;0.01;BUY
2016-04-01T00:37:02.067000;2016-04-01T00:37:02.170000;b79b68b6-811c-4e83-aaf8-be4d0a9bef88;416.41;0.00936;BUY
2016-04-01T00:37:31.493000;2016-04-01T00:37:31.547000;64f238cf-20a1-43b4-b8f4-427f7711e5d7;416.32;0.01;SELL
2016-04-01T00:37:31.493000;2016-04-01T00:37:31.577000;e356d46d-75fe-4e41-b969-224d56e8687f;416.32;0.084;SELL
2016-04-01T00:37:31.493000;2016-04-01T00:37:31.577000;1ccc6f7f-79b5-4e5e-8694-6260c81c583f;416.3;0.01;SELL
2016-04-01T00:37:31.493000;2016-04-01T00:37:31.577000;b8830618-da2a-40be-97a3-c822b3fc3b69;416.29;0.01;SELL
2016-04-01T00:37:31.493000;2016-04-01T00:37:31.577000;c99c7db5-9d32-4465-949d-523b45b5a32d;416.28;0.01;SELL
2016-04-01T00:37:31.493000;2016-04-01T00:37:31.577000;3073f13e-2b45-48dd-a503-84bf2d95f1ae;416.27;0.01;SELL
2016-04-01T00:37:31.497000;2016-04-01T00:37:31.577000;bd479977-bed2-465a-b8e6-4573e623a5c5;416.27;0.116;SELL
2016-04-01T00:37:31.497000;2016-04-01T00:37:31.577000;72cc2b18-290e-4aa8-8a6f-891ffef74d27;416.26;0.01;SELL
2016-04-01T00:37:31.497000;2016-04-01T00:37:31.593000;bc48d3e7-d04c-4dd9-975b-9da7858fb2c7;416.25;0.01;SELL
2016-04-01T00:37:31.497000;2016-04-01T00:37:31.593000;4622151c-2a14-437f-954c-ea16c622b347;416.24;0.01;SELL
2016-04-01T00:37:31.497000;2016-04-01T00:37:31.593000;f8257eb6-5b50-48ef-8bcb-3caf81de41da;416.23;0.01;SELL
2016-04-01T00:37:31.497000;2016-04-01T00:37:31.593000;febdb129-e4ec-41aa-8159-007e184fd94e;416.22;0.01;SELL
2016-04-01T00:37:31.497000;2016-04-01T00:37:31.593000;01301fe4-f25e-4603-87a0-4500155135ee;416.22;0.088;SELL
2016-04-01T00:37:31.497000;2016-04-01T00:37:31.607000;a92a6566-0171-4574-88b3-e9cfcb19ee49;416.21;0.01;SELL
2016-04-01T00:37:31.497000;2016-04-01T00:37:31.607000;3694b99d-4a52-4413-9c59-ef983b5bfd80;416.2;0.01;SELL
2016-04-01T00:37:31.497000;2016-04-01T00:37:31.607000;50be0b71-6b87-4ba4-8991-e2f14fd3c14b;416.19;0.01;SELL
2016-04-01T00:37:31.497000;2016-04-01T00:37:31.607000;76cbb096-9109-4340-9b1c-5e14d9e3b249;416.19;0.44;SELL
2016-04-01T00:37:31.497000;2016-04-01T00:37:31.607000;678b6016-31e2-44fe-ad21-2444311565ab;416.18;0.01;SELL
2016-04-01T00:37:31.497000;2016-04-01T00:37:31.607000;f72b1593-585c-4597-b4cf-96fe401d9491;416.18;0.2844;SELL
2016-04-01T00:38:06.373000;2016-04-01T00:38:06.437000;2765bc51-8d9c-4e13-bc1c-25a39a915115;416.28;0.01;BUY
2016-04-01T00:38:06.373000;2016-04-01T00:38:06.437000;8bc4fe0c-8b4a-4f81-8eaa-86408a6c00e6;416.29;0.01;BUY
2016-04-01T00:38:06.373000;2016-04-01T00:38:06.437000;d9a8889c-6bbb-4e1d-822e-2966ba8e43f7;416.3;0.01;BUY
2016-04-01T00:38:06.373000;2016-04-01T00:38:06.437000;5d7ed0c5-05d6-4515-bdc4-3d9efb5d7ea4;416.31;0.01;BUY
2016-04-01T00:38:06.373000;2016-04-01T00:38:06.453000;05cd3340-ce73-4248-9f69-80187610e647;416.32;0.01;BUY
2016-04-01T00:38:06.373000;2016-04-01T00:38:06.453000;3382a356-b4ce-4761-bcb5-79add9da337a;416.33;0.01;BUY
2016-04-01T00:38:06.373000;2016-04-01T00:38:06.453000;80d5ea92-1a04-444a-8ffd-cc79ee1682da;416.34;0.01;BUY
2016-04-01T00:38:06.373000;2016-04-01T00:38:06.453000;5850cdd0-d84a-4e3d-b903-79b4022c6ead;416.35;0.01;BUY
2016-04-01T00:38:06.373000;2016-04-01T00:38:06.483000;e1df793c-e04b-417c-8cd8-b70e9c058d6d;416.36;0.25;BUY
2016-04-01T00:38:06.373000;2016-04-01T00:38:06.483000;2aeaabcd-4c0c-4971-9c94-5c5506c36471;416.36;0.01;BUY
2016-04-01T00:38:06.373000;2016-04-01T00:38:06.483000;2090cb65-3df1-46c3-b498-9d40a651bb73;416.37;0.01;BUY
2016-04-01T00:38:06.373000;2016-04-01T00:38:06.500000;6a238599-2d4e-4f5b-8a87-f1b674a45961;416.38;0.01;BUY
2016-04-01T00:38:06.373000;2016-04-01T00:38:06.500000;dd27ac93-aca1-41c1-bec9-0599786874c0;416.38;0.02523;BUY
2016-04-01T00:38:31.613000;2016-04-01T00:38:31.670000;6ec282a8-0f23-4136-8fea-edf0dcb99c75;416.39;0.01;BUY
2016-04-01T00:38:31.613000;2016-04-01T00:38:31.670000;6761ea27-0f05-4e0a-bb9e-f10840577dc1;416.4;0.01;BUY
2016-04-01T00:38:31.613000;2016-04-01T00:38:31.703000;fde46b9b-54a3-4168-96bf-44c9add61240;416.41;0.00064;BUY
2016-04-01T00:38:31.613000;2016-04-01T00:38:31.703000;cb24677c-cd70-4564-93f8-de8415ad7504;416.41;0.01;BUY
2016-04-01T00:38:31.613000;2016-04-01T00:38:31.703000;0368f57b-4af3-4e3d-8846-84e8e3912eec;416.41;0.35;BUY
2016-04-01T00:38:31.613000;2016-04-01T00:38:31.703000;4c7bcd09-695f-4117-884d-2ad40e8bb85d;416.42;0.01;BUY
2016-04-01T00:38:31.613000;2016-04-01T00:38:31.703000;614b0fb3-482d-4ec7-b9a8-5edf59ec76fd;416.42;0.01;BUY
2016-04-01T00:38:31.613000;2016-04-01T00:38:31.703000;cd3cc10d-5cad-4f4d-8c34-eae2cdd0d8f4;416.43;0.01;BUY
2016-04-01T00:38:31.613000;2016-04-01T00:38:31.733000;c63480a2-d532-4487-9d16-503ba764484a;416.44;0.01;BUY
2016-04-01T00:38:31.613000;2016-04-01T00:38:31.733000;ef54929d-80c5-4cf8-800a-d0b3d35dbfd2;416.44;0.01;BUY
2016-04-01T00:38:31.613000;2016-04-01T00:38:31.733000;0ed3eaff-7688-4623-9e76-8fc04ba0a36a;416.45;0.01;BUY
2016-04-01T00:38:31.613000;2016-04-01T00:38:31.733000;bd55a2a3-3171-462f-bc50-7732256b6c55;416.45;0.01;BUY
2016-04-01T00:38:31.613000;2016-04-01T00:38:31.733000;8d1ec6db-64ea-4049-a911-976e68776bc1;416.45;0.21;BUY
2016-04-01T00:38:31.613000;2016-04-01T00:38:31.733000;bcf72e15-3ff1-41ea-b017-c7f02fef84f9;416.46;0.01;BUY
2016-04-01T00:38:31.613000;2016-04-01T00:38:31.733000;72f8de1f-5c64-4145-b71b-93db18cd0192;416.49;0.01;BUY
2016-04-01T00:38:31.617000;2016-04-01T00:38:31.733000;b6ab7143-14d4-4789-829d-0defa86b6a5f;416.5;0.01;BUY
2016-04-01T00:38:31.617000;2016-04-01T00:38:31.733000;a859fe4e-8d1e-4a4b-a0f1-7681ac4a4e21;416.5;0.01;BUY
2016-04-01T00:38:31.617000;2016-04-01T00:38:31.733000;847b9733-65b8-4c49-8a13-4047f35da07f;416.5;0.01;BUY
2016-04-01T00:38:31.617000;2016-04-01T00:38:31.733000;f43e9c13-0c07-4540-98f3-e26f7c85c321;416.5;0.111;BUY
2016-04-01T00:38:31.617000;2016-04-01T00:38:31.750000;184c7f84-1b1b-4115-aa40-3682bf999500;416.51;0.01;BUY
2016-04-01T00:38:31.617000;2016-04-01T00:38:31.750000;e8eb15e9-e3e7-4342-8a10-38767d55e80d;416.55;0.074;BUY
2016-04-01T00:38:31.617000;2016-04-01T00:38:31.750000;02020e9b-f914-4138-9a89-63ed554b97d0;416.6;0.55641;BUY
2016-04-01T00:39:01.070000;2016-04-01T00:39:01.140000;020880f0-535b-4f32-8613-bc7cc4eb3f57;416.6;0.01;BUY
2016-04-01T00:39:01.070000;2016-04-01T00:39:01.140000;48f61fd0-947e-470a-a35a-ef1e765c47df;416.61;0.1003;BUY
2016-04-01T00:39:01.070000;2016-04-01T00:39:01.140000;dc6ae14b-e57f-46d4-9301-ae8cc255b7cc;416.65;0.01;BUY
2016-04-01T00:39:01.070000;2016-04-01T00:39:01.153000;1d129d75-4eff-4060-9b68-03f7300e5fde;416.66;0.01;BUY
2016-04-01T00:39:01.070000;2016-04-01T00:39:01.153000;b0acbea9-60a3-4bba-b735-dd46b162e3a4;416.67;0.01;BUY
2016-04-01T00:39:01.070000;2016-04-01T00:39:01.153000;77c2d84e-4685-4b71-b474-594e81e49fcd;416.67;0.097;BUY
2016-04-01T00:39:01.073000;2016-04-01T00:39:01.153000;c4d235ad-808a-4dfb-af71-b3122034090a;416.69;0.35;BUY
2016-04-01T00:39:01.073000;2016-04-01T00:39:01.153000;49692edf-3fe3-4e0a-86c2-1b14921a8b28;416.7;0.01;BUY
2016-04-01T00:39:01.073000;2016-04-01T00:39:01.153000;6028a838-9678-4c60-b956-903d35500185;416.7;0.01;BUY
2016-04-01T00:39:01.073000;2016-04-01T00:39:01.153000;c04f111c-5e87-4594-86c4-74f16da25d1f;416.7;0.02;BUY
2016-04-01T00:39:01.073000;2016-04-01T00:39:01.170000;d15cbbe6-04c5-455f-9f7d-6eb1e6ea4902;416.7;0.44252;BUY
2016-04-01T00:39:31.120000;2016-04-01T00:39:31.187000;7dd6c9a7-b617-4cda-9a9c-50b108cf6b00;416.45;0.0235;BUY
2016-04-01T00:39:31.120000;2016-04-01T00:39:31.187000;2fd15489-23e4-4ce9-ade4-15e4f0e8c763;416.47;0.0242;BUY
2016-04-01T00:39:31.120000;2016-04-01T00:39:31.187000;6270ed34-1a63-4516-bc5a-07ca27bb66b9;416.49;0.01283;BUY
2016-04-01T00:40:02.883000;2016-04-01T00:40:02.953000;20b4cf73-c550-43f6-ac4d-0e1b0d81669a;416.55;0.03;BUY
2016-04-01T00:40:02.883000;2016-04-01T00:40:02.953000;29eed482-862d-4b2b-a2d3-3d380d1619ed;416.59;0.144;BUY
2016-04-01T00:40:02.883000;2016-04-01T00:40:02.953000;4af59788-805c-41f6-a6e4-5210d86dbe01;416.67;0.03641;BUY
2016-04-01T00:40:31.453000;2016-04-01T00:40:31.513000;ed354ead-7a51-4d96-a400-3adb1b1086de;416.53;0.02;BUY
2016-04-01T00:40:31.453000;2016-04-01T00:40:31.513000;c950bc94-8772-4bae-8d1a-8234c604a657;416.53;0.134;BUY
2016-04-01T00:40:31.453000;2016-04-01T00:40:31.513000;c6574364-c4ba-4769-8e8e-11d4fa106538;416.61;0.123;BUY
2016-04-01T00:40:31.453000;2016-04-01T00:40:31.513000;6e44c30f-c7b7-49b8-a378-5f5f388ed24a;416.64;0.144;BUY
2016-04-01T00:40:31.453000;2016-04-01T00:40:31.560000;fc3f9df0-0fbe-4904-9483-7599e7880107;416.67;0.07205;BUY
2016-04-01T00:41:05.187000;2016-04-01T00:41:05.250000;14c98eec-8af1-43d2-a6e6-044122ec3f3e;416.69;0.02;BUY
2016-04-01T00:41:05.187000;2016-04-01T00:41:05.250000;9d0284bc-9732-4878-821c-a64fa5e1c10f;416.71;0.01;BUY
2016-04-01T00:41:05.187000;2016-04-01T00:41:05.250000;aed3f441-118f-426b-b7cf-57b8a0f3327b;416.71;0.01;BUY
2016-04-01T00:41:05.187000;2016-04-01T00:41:05.250000;aa9b8ebc-417b-4199-abdd-1be953687e79;416.72;0.01;BUY
2016-04-01T00:41:05.187000;2016-04-01T00:41:05.250000;5dc0cc6f-ea5b-451d-a429-53beb2965239;416.72;0.01;BUY
2016-04-01T00:41:05.187000;2016-04-01T00:41:05.263000;21eb69e4-9bea-411f-8790-e0cb58cd5649;416.74;0.01;BUY
2016-04-01T00:41:05.187000;2016-04-01T00:41:05.263000;3403ed40-92a9-4e5c-bba6-2b9b820ecd16;416.74;0.06068;BUY
2016-04-01T00:41:26.890000;2016-04-01T00:41:26.937000;ac8c8e2b-bfda-4846-bbd7-62683b9cadfe;416.63;0.01;SELL
2016-04-01T00:41:26.890000;2016-04-01T00:41:26.953000;d5d3a50c-419a-4bb2-8b33-140634df1164;416.62;0.01;SELL
2016-04-01T00:41:34.290000;2016-04-01T00:41:34.343000;f1e5112f-15a0-4784-842e-58f0bb43583c;416.63;0.19821;BUY
2016-04-01T00:42:01.260000;2016-04-01T00:42:01.297000;1772aefe-a0ac-40a8-9968-6a2638d6f3b4;416.61;0.01;SELL
2016-04-01T00:42:01.260000;2016-04-01T00:42:01.310000;d4c72c95-ed76-4297-8266-f98d431cd1c2;416.6;0.01;SELL
2016-04-01T00:42:01.260000;2016-04-01T00:42:01.310000;e0939b04-edde-4b31-b2a1-a05294d0c8c0;416.6;0.10122;SELL
2016-04-01T00:42:31.163000;2016-04-01T00:42:31.233000;44a392ce-9088-417a-9104-2043b1e17700;416.6;0.0277;BUY
2016-04-01T00:42:31.163000;2016-04-01T00:42:31.233000;8a44a053-f49d-4045-ac66-e547c3022c0c;416.62;0.01;BUY
2016-04-01T00:42:31.163000;2016-04-01T00:42:31.233000;abb6d13f-6183-40b9-8615-533603bdf54c;416.66;0.0326;BUY
2016-04-01T00:43:01.117000;2016-04-01T00:43:01.157000;8969e27f-99cd-4a36-a022-c80320fd7557;416.57;0.18;SELL
2016-04-01T00:43:01.117000;2016-04-01T00:43:01.187000;d552ffe9-465b-4828-a6fc-91068bcac04d;416.56;4.09471;SELL
2016-04-01T00:44:01.403000;2016-04-01T00:44:01.437000;82461822-2dae-4f99-a3ea-d55ebb2eafe9;416.68;0.02;BUY
2016-04-01T00:44:01.403000;2016-04-01T00:44:01.453000;03833348-a18a-4419-be49-0290e3423577;416.7;0.01;BUY
2016-04-01T00:44:01.403000;2016-04-01T00:44:01.453000;6a7bac2f-5d59-43c6-a8ce-03971e0f3aff;416.7;0.02;BUY
2016-04-01T00:44:01.403000;2016-04-01T00:44:01.453000;f7aeb2d5-fa85-4268-bb90-ffe2c557ceec;416.71;0.01;BUY
2016-04-01T00:44:01.403000;2016-04-01T00:44:01.467000;c4fcaf3d-6a7d-4fa1-a78d-474fc1b9965b;416.72;0.01;BUY
2016-04-01T00:44:01.403000;2016-04-01T00:44:01.483000;6d5ef165-8de3-4de8-ae4c-aae21d7184e7;416.72;0.076;BUY
2016-04-01T00:44:01.403000;2016-04-01T00:44:01.483000;1524ca2c-bf2f-4f04-bdd6-e0424dfdbddf;416.73;0.01;BUY
2016-04-01T00:44:01.403000;2016-04-01T00:44:01.483000;4acf3ee8-07a6-4c01-9c17-528f21f0353e;416.74;0.73932;BUY
2016-04-01T00:44:01.403000;2016-04-01T00:44:01.500000;83226403-5b6a-4900-935c-e4ad685f13f5;416.75;0.01;BUY
2016-04-01T00:44:01.403000;2016-04-01T00:44:01.500000;c0e6affc-0af7-43b6-aff5-2fa1df34e2a0;416.75;0.01;BUY
2016-04-01T00:44:01.403000;2016-04-01T00:44:01.500000;788dcf65-67d1-4c87-8b3a-50f31ba36ea0;416.75;0.01093982;BUY
2016-04-01T00:44:01.403000;2016-04-01T00:44:01.500000;f067bccb-0e44-4686-80bb-c16c9bf16bcf;416.75;0.09770371;BUY
2016-04-01T00:44:01.403000;2016-04-01T00:44:01.500000;55dccdfb-397b-49d1-a50f-10ce09be1ffc;416.77;0.01;BUY
2016-04-01T00:44:01.403000;2016-04-01T00:44:01.500000;04fc9a67-a56b-4958-9892-47c262337495;416.77;0.01;BUY
2016-04-01T00:44:01.403000;2016-04-01T00:44:01.500000;7ff4751b-a3a3-4f14-9966-cabde9f1076c;416.77;0.1;BUY
2016-04-01T00:44:01.403000;2016-04-01T00:44:01.500000;3721d877-10dc-40d1-a9cf-e169b87af5bb;416.78;0.01;BUY
2016-04-01T00:44:01.403000;2016-04-01T00:44:01.500000;3c77b3ff-b0ed-4897-9760-53eb46f6ccc9;416.79;0.01;BUY
2016-04-01T00:44:01.403000;2016-04-01T00:44:01.513000;f6bb67fb-032a-4710-9386-7e14acc35beb;416.79;0.01;BUY
2016-04-01T00:44:01.403000;2016-04-01T00:44:01.530000;91d2b555-e3f5-46ab-85d5-1e91307c889f;416.79;0.01;BUY
2016-04-01T00:44:01.403000;2016-04-01T00:44:01.530000;efebe82c-1e2f-4853-859f-841e21071a6d;416.8;0.01;BUY
2016-04-01T00:44:01.407000;2016-04-01T00:44:01.530000;0cff5fb2-7703-4901-9822-1b09b08b360f;416.8;0.1;BUY
2016-04-01T00:44:01.407000;2016-04-01T00:44:01.547000;360d1976-7df1-4689-bed5-e3a52942760d;416.8;0.01;BUY
2016-04-01T00:44:01.407000;2016-04-01T00:44:01.547000;be1b8f1f-72da-4dcb-9906-6b7914f9b025;416.81;0.01;BUY
2016-04-01T00:44:01.407000;2016-04-01T00:44:01.547000;21a6abca-ad76-4622-ac26-2bdadab420cb;416.81;0.88;BUY
2016-04-01T00:44:01.407000;2016-04-01T00:44:01.547000;53c162b4-e850-4c2d-8310-a47d5c9ecc16;416.82;0.01;BUY
2016-04-01T00:44:01.407000;2016-04-01T00:44:01.547000;76ef7c36-c300-4168-b5ea-7858d4c0b390;416.82;0.01;BUY
2016-04-01T00:44:01.407000;2016-04-01T00:44:01.547000;39e0a8bd-8755-4613-8d88-13a6d91b4070;416.82;0.55550647;BUY
2016-04-01T00:44:31.060000;2016-04-01T00:44:31.093000;15a456de-ccc2-4e2f-8fd3-3a3830c1bc75;416.83;0.01;BUY
2016-04-01T00:44:31.060000;2016-04-01T00:44:31.107000;3f0d809d-c60b-4ac1-aab7-11cf3a953a45;416.83;0.122;BUY
2016-04-01T00:44:31.060000;2016-04-01T00:44:31.107000;8cde3ce0-f6dd-4564-8a89-d83826559ba9;416.84;0.00579;BUY
2016-04-01T00:45:01.823000;2016-04-01T00:45:01.873000;775b7685-a182-4768-8f9b-f86a77c4288a;416.84;0.00421;BUY
2016-04-01T00:45:01.823000;2016-04-01T00:45:01.873000;38538a49-eca6-4207-bb27-2d6747b7aaaf;416.84;0.085;BUY
2016-04-01T00:45:01.823000;2016-04-01T00:45:01.923000;2ca3ce30-242c-4c44-8637-d89c74b3fa46;416.85;0.01;BUY
2016-04-01T00:45:01.827000;2016-04-01T00:45:01.923000;78f85330-44dd-40d1-9865-48b2031c7453;416.86;0.01;BUY
2016-04-01T00:45:01.827000;2016-04-01T00:45:01.923000;17e44c02-d0cc-45d0-84e4-9cbe561d8469;416.87;0.01;BUY
2016-04-01T00:45:01.827000;2016-04-01T00:45:01.923000;e4a8ef0a-621d-41a8-a767-1c02a1d89619;416.88;0.01;BUY
2016-04-01T00:45:01.827000;2016-04-01T00:45:01.923000;38e56a9e-a5ad-4b42-8799-1318b3600dfe;416.88;0.02;BUY
2016-04-01T00:45:01.827000;2016-04-01T00:45:01.923000;70821bef-c5d5-4c3e-b77a-dca1a6200fd7;416.89;0.01;BUY
2016-04-01T00:45:01.827000;2016-04-01T00:45:01.923000;ef11be1c-eaa3-46ea-b07e-c60c49365839;416.89;0.016;BUY
2016-04-01T00:45:01.827000;2016-04-01T00:45:01.923000;1605b054-1383-487b-9e32-771fed2b529b;416.89;0.112;BUY
2016-04-01T00:45:01.827000;2016-04-01T00:45:01.923000;40238002-61fb-4fac-bea4-c9b84f7edfc2;416.9;0.01;BUY
2016-04-01T00:45:01.827000;2016-04-01T00:45:01.923000;15452360-f494-41b4-8294-9c2c731e7ade;416.9;0.01;BUY
2016-04-01T00:45:01.827000;2016-04-01T00:45:01.953000;cf7f1439-2209-4185-b7df-349845506553;416.9;0.45257;BUY
2016-04-01T00:45:35.103000;2016-04-01T00:45:35.140000;8b462c1e-64cc-4f23-9226-5e874af4ba37;416.89;0.112;BUY
2016-04-01T00:45:35.103000;2016-04-01T00:45:35.170000;1f66f89f-715a-47d1-9650-982a0e54f454;416.9;4.04743;BUY
2016-04-01T00:45:35.103000;2016-04-01T00:45:35.170000;9f756285-2fc5-4f66-8f1f-1145ed89379f;416.9;0.05;BUY
2016-04-01T00:45:35.103000;2016-04-01T00:45:35.170000;1c9e2293-ea18-4939-b480-72491ec9bf09;416.91;0.01;BUY
2016-04-01T00:45:35.103000;2016-04-01T00:45:35.170000;253227fb-1f90-4639-8ead-9f1ad305b87f;416.91;0.01139674;BUY
2016-04-01T00:45:35.103000;2016-04-01T00:45:35.250000;0ffcc304-ce19-4955-bb6d-3dc60d51cb86;416.92;0.01;BUY
2016-04-01T00:45:35.103000;2016-04-01T00:45:35.250000;b6c543c7-a08f-4cab-acd1-a9813da0d9e2;416.92;2.0;BUY
2016-04-01T00:45:35.103000;2016-04-01T00:45:35.250000;8e9d40af-1bc9-4ef7-ae3e-481f41a4fc06;416.93;0.01;BUY
2016-04-01T00:45:35.103000;2016-04-01T00:45:35.250000;dab9c105-56f2-4111-824c-7b427f1a4895;416.94;0.01;BUY
2016-04-01T00:45:35.103000;2016-04-01T00:45:35.250000;3da1d019-d89a-4bba-af26-30b7281802e4;416.94;0.112;BUY
2016-04-01T00:45:35.103000;2016-04-01T00:45:35.250000;73a6ad05-2392-4283-a1c8-eed0df7b0423;416.95;0.01;BUY
2016-04-01T00:45:35.103000;2016-04-01T00:45:35.250000;3a1be359-60c7-49bf-bb49-f7a5e6fe62b2;416.95;0.125;BUY
2016-04-01T00:45:35.103000;2016-04-01T00:45:35.250000;9f0b853e-37a3-4957-96ae-3042861e433a;416.96;0.01;BUY
2016-04-01T00:45:35.103000;2016-04-01T00:45:35.250000;7955dbbe-4ebb-4fa3-b1bd-f1ef44f58a3a;416.97;0.01;BUY
2016-04-01T00:45:35.107000;2016-04-01T00:45:35.250000;15d2dcaa-427b-44f4-b189-c21fbaeb65a4;416.98;0.01;BUY
2016-04-01T00:45:35.107000;2016-04-01T00:45:35.250000;1d9f4ce5-bcd7-4c69-842b-4d3db594a78f;416.99;0.01;BUY
2016-04-01T00:45:35.107000;2016-04-01T00:45:35.250000;b8a16fa0-239f-46bb-a3a9-3af3affc1215;416.99;0.01;BUY
2016-04-01T00:45:35.107000;2016-04-01T00:45:35.250000;cf115a31-4798-4068-acc9-7a829059ed20;416.99;0.06;BUY
2016-04-01T00:45:35.107000;2016-04-01T00:45:35.250000;129b6fe0-e373-41da-be04-0859a224e8e4;416.99;0.1;BUY
2016-04-01T00:45:35.107000;2016-04-01T00:45:35.250000;56e31828-6639-4cc7-8425-af5dc8aed8ef;416.99;0.155;BUY
2016-04-01T00:45:35.107000;2016-04-01T00:45:35.250000;183715d2-019e-4130-88f5-b23f53fc71bb;416.99;0.35;BUY
2016-04-01T00:45:35.107000;2016-04-01T00:45:35.250000;026a641c-3c2f-4b78-884b-73fe26ac78db;417.0;5.26684326;BUY
2016-04-01T00:46:02.537000;2016-04-01T00:46:02.577000;688410ee-ed3c-4499-a5aa-0727df6f334a;416.89;0.01;SELL
2016-04-01T00:46:02.540000;2016-04-01T00:46:02.593000;a4096d12-abac-4a09-9c80-1645d5629d9c;416.89;0.01;SELL
2016-04-01T00:46:02.540000;2016-04-01T00:46:02.593000;009379f6-2e17-4c2c-93fa-af241ebb2ae5;416.89;0.095;SELL
2016-04-01T00:46:02.540000;2016-04-01T00:46:02.593000;2d7e9346-e58c-46cd-bb1d-c14993cdffff;416.88;0.01;SELL
2016-04-01T00:46:02.540000;2016-04-01T00:46:02.593000;a98defe7-274f-4a13-ba8a-5d5f6962b0ac;416.87;0.01;SELL
2016-04-01T00:46:02.540000;2016-04-01T00:46:02.623000;f14fa1f7-dda8-48a6-b7c2-829aeba80b8a;416.86;0.01;SELL
2016-04-01T00:46:02.540000;2016-04-01T00:46:02.687000;56bff788-2d1d-407e-a562-7a1ef0b65c54;416.85;0.01;SELL
2016-04-01T00:46:02.540000;2016-04-01T00:46:02.687000;fa40b6ed-abbd-4d61-882b-c543c3662b46;416.85;0.22;SELL
2016-04-01T00:46:02.540000;2016-04-01T00:46:02.687000;90a216fa-58a3-4a6f-adb1-5769c96b575f;416.84;0.01;SELL
2016-04-01T00:46:02.540000;2016-04-01T00:46:02.687000;f3dff64e-a9fe-43d2-a8ca-cb79b1ec2010;416.84;0.44;SELL
2016-04-01T00:46:02.540000;2016-04-01T00:46:02.687000;278022e1-49c9-4c25-a030-7d6749c80c4d;416.83;0.01;SELL
2016-04-01T00:46:02.540000;2016-04-01T00:46:02.687000;dd1f8c44-42fd-41aa-b7e3-14b8d9afd609;416.83;0.125;SELL
2016-04-01T00:46:02.540000;2016-04-01T00:46:02.687000;1ba87c24-8c7e-42ca-9600-0f7094f37dbf;416.83;0.44;SELL
2016-04-01T00:46:02.540000;2016-04-01T00:46:02.687000;19c46d82-578f-4447-a6fa-19b53f0a319e;416.82;0.01;SELL
2016-04-01T00:46:02.540000;2016-04-01T00:46:02.687000;ad76bde0-8616-493c-8fdc-7804218707f4;416.82;0.44;SELL
2016-04-01T00:46:02.540000;2016-04-01T00:46:02.687000;8e9a52fa-4633-4454-82b5-77efb7455b8f;416.82;1.25537;SELL
2016-04-01T00:46:31.430000;2016-04-01T00:46:31.467000;5c3415bf-c835-426e-b401-ccac4025e87f;416.91;0.23428;BUY
2016-04-01T00:47:01.487000;2016-04-01T00:47:01.517000;f55ecdef-d9f5-471d-9bb1-9f0b1b38454f;416.91;0.37;BUY
2016-04-01T00:47:01.487000;2016-04-01T00:47:01.547000;54f5db4f-815b-4922-86ee-81b82eb0264a;416.91;0.101;BUY
2016-04-01T00:47:01.487000;2016-04-01T00:47:01.547000;faf1c868-d755-4837-9be0-f7fa37e20a45;416.92;0.01;BUY
2016-04-01T00:47:01.487000;2016-04-01T00:47:01.547000;e6026d51-e63a-40dd-84cd-2a9f962b2b65;416.93;0.01;BUY
2016-04-01T00:47:01.487000;2016-04-01T00:47:01.547000;2cc948a2-ec49-4e0c-895f-3682d477818a;416.94;0.01;BUY
2016-04-01T00:47:01.487000;2016-04-01T00:47:01.547000;ede710d1-84a0-4007-9ec7-1912c0250e08;416.95;0.01;BUY
2016-04-01T00:47:01.487000;2016-04-01T00:47:01.547000;c9059e5d-752c-41e4-8097-299a7120e264;416.96;0.01;BUY
2016-04-01T00:47:01.487000;2016-04-01T00:47:01.560000;af1eaea6-7239-435b-982e-e709300b827d;416.96;0.092;BUY
2016-04-01T00:47:01.487000;2016-04-01T00:47:01.560000;ade4b12d-fdfa-4861-a05d-ac0734acd7ec;416.96;0.45567;BUY
2016-04-01T00:47:27.423000;2016-04-01T00:47:27.470000;97793a32-c9ff-41d6-8350-2fe97b288721;416.85;0.01;SELL
2016-04-01T00:47:27.423000;2016-04-01T00:47:27.470000;10b1508a-bfde-4fd2-8954-a970485c0c53;416.85;0.11;SELL
2016-04-01T00:47:27.423000;2016-04-01T00:47:27.470000;996f91b0-7088-475a-9fcf-808a40bc077a;416.84;0.01;SELL
2016-04-01T00:47:29.583000;2016-04-01T00:47:29.623000;6b269f77-c355-4c7f-8936-8c3f15806216;416.83;0.01;SELL
2016-04-01T00:47:29.583000;2016-04-01T00:47:29.623000;3e4f3893-687a-4752-b84a-43ff9d9f936e;416.82;0.01;SELL
2016-04-01T00:47:29.583000;2016-04-01T00:47:29.623000;ccc1484e-92fa-48fb-be9d-d26982ef56e4;416.81;0.01;SELL
2016-04-01T00:47:29.583000;2016-04-01T00:47:29.623000;29b94269-71c1-46f9-a52f-4d8ccf068b61;416.8;0.01;SELL
2016-04-01T00:47:29.583000;2016-04-01T00:47:29.640000;37c44d13-afeb-40b5-8ce6-486bf717f904;416.79;0.01;SELL
2016-04-01T00:47:31.533000;2016-04-01T00:47:31.560000;38acab00-561f-4dcb-ae2e-6dd86bccbba9;416.83;0.088;BUY
2016-04-01T00:47:31.533000;2016-04-01T00:47:31.560000;fda2d405-ca6f-4b93-8d47-a3a058060db8;416.84;0.09012;BUY
2016-04-01T00:47:33.750000;2016-04-01T00:47:33.810000;253773bb-51e6-4a24-9a91-0e9bbf40125b;416.78;0.01;SELL
2016-04-01T00:47:33.750000;2016-04-01T00:47:33.810000;908e08d2-6a15-467f-8c5e-b8678e33466f;416.77;0.01;SELL
2016-04-01T00:47:33.750000;2016-04-01T00:47:33.810000;716ac75d-e9e2-4fab-9bab-89abc0e4d200;416.76;0.01;SELL
2016-04-01T00:47:33.750000;2016-04-01T00:47:33.810000;ccb5501f-5612-44d6-a891-35c0c6121751;416.75;0.01;SELL
2016-04-01T00:47:33.750000;2016-04-01T00:47:33.810000;3aadae89-674f-42be-8ab9-6b322654bf31;416.75;0.0125;SELL
2016-04-01T00:47:33.750000;2016-04-01T00:47:33.810000;68dcf477-952c-47fa-8e75-55a11fd2f9bd;416.74;0.01;SELL
2016-04-01T00:47:33.750000;2016-04-01T00:47:33.810000;0813568c-120b-47cd-a510-350f57ffee54;416.73;0.01;SELL
2016-04-01T00:47:33.750000;2016-04-01T00:47:33.810000;6aa695b7-c1bc-4e6f-aa79-6efba6013869;416.72;0.01;SELL
2016-04-01T00:47:33.750000;2016-04-01T00:47:33.827000;6cb779f4-1893-45bc-ac5e-4e99e3647709;416.71;0.01;SELL
2016-04-01T00:47:33.750000;2016-04-01T00:47:33.827000;bb782064-44ad-4bfc-b213-2c24eb421d87;416.7;0.01;SELL
2016-04-01T00:47:33.753000;2016-04-01T00:47:33.827000;d3f6e061-8d96-46c9-b7aa-beb0dc0ed4d0;416.7;0.097;SELL
2016-04-01T00:47:33.753000;2016-04-01T00:47:33.827000;2a189898-a05e-422d-b2a5-0ea8e2744e7a;416.69;0.01;SELL
2016-04-01T00:47:33.753000;2016-04-01T00:47:33.827000;baffd823-d4cc-4498-b96a-4e749e3e8b07;416.68;0.01;SELL
2016-04-01T00:47:33.753000;2016-04-01T00:47:33.843000;0e6f60c4-a12d-4bd0-af4d-a79550c7a508;416.67;0.01;SELL
2016-04-01T00:47:33.753000;2016-04-01T00:47:33.843000;6ab9eddb-a99e-45b9-a1ab-763b8d77f571;416.67;0.01;SELL
2016-04-01T00:47:36.140000;2016-04-01T00:47:36.187000;8493c19c-d646-4f98-bdbe-8bde2bf3a31b;416.67;0.01;SELL
2016-04-01T00:47:36.140000;2016-04-01T00:47:36.187000;d3733c91-e2c3-4543-bded-64292548584b;416.66;0.01;SELL
2016-04-01T00:47:36.140000;2016-04-01T00:47:36.187000;25594fae-3810-48d0-9da7-a721542da342;416.65;0.01;SELL
2016-04-01T00:47:36.140000;2016-04-01T00:47:36.187000;ab7f5c0a-e589-481a-8a63-bf16ebc4a1c9;416.64;0.01;SELL
2016-04-01T00:47:36.140000;2016-04-01T00:47:36.187000;3dda20a1-92bf-438c-b80e-c8b875ed5916;416.63;0.01;SELL
2016-04-01T00:47:36.140000;2016-04-01T00:47:36.187000;be500da9-e3d1-46d7-9097-eacf6d017b28;416.62;0.01;SELL
2016-04-01T00:47:36.140000;2016-04-01T00:47:36.187000;33b656a3-ff6c-4521-9543-bbf2c5b28623;416.61;0.01;SELL
2016-04-01T00:47:36.140000;2016-04-01T00:47:36.187000;9520e674-ac49-4926-9ca4-16d36b6bb37c;416.6;0.01;SELL
2016-04-01T00:47:36.140000;2016-04-01T00:47:36.217000;4e4ea6fc-dc4c-4d61-99a5-5d9f53c7d736;416.6;0.01;SELL
2016-04-01T00:47:36.140000;2016-04-01T00:47:36.217000;ea04ede7-fba3-4e26-85ba-8c786fb811a8;416.6;0.118;SELL
2016-04-01T00:47:57.210000;2016-04-01T00:47:57.263000;1ce982b7-71db-4cde-a270-b8876e7737b1;416.6;0.01;SELL
2016-04-01T00:48:11.153000;2016-04-01T00:48:11.203000;89867c25-697f-44f2-83ec-b08b376cda19;416.59;0.01;SELL
2016-04-01T00:48:19.423000;2016-04-01T00:48:19.470000;1230cde8-4ab0-46fc-b512-eb51c388da35;416.58;0.01;SELL
2016-04-01T00:48:19.423000;2016-04-01T00:48:19.470000;7f8c44dd-1d57-4c37-b07c-16242c0514f6;416.53;0.01;SELL
2016-04-01T00:48:19.423000;2016-04-01T00:48:19.470000;3f8dfd4d-28c7-420a-9d0a-f910c48265bb;416.5;0.0125;SELL
2016-04-01T00:48:19.423000;2016-04-01T00:48:19.470000;9e4ba84f-ea41-40bb-9c20-c7b01532ab0e;416.41;0.01;SELL
2016-04-01T00:48:19.423000;2016-04-01T00:48:19.483000;64bb6188-ba6e-4a0a-8cde-cccb4263a1cb;416.4;0.01;SELL
2016-04-01T00:48:19.423000;2016-04-01T00:48:19.483000;9ca568f3-7ad2-433a-bce9-f3724d54e071;416.4;0.0175;SELL
2016-04-01T00:48:31.297000;2016-04-01T00:48:31.360000;0b886084-53b2-495a-9c08-d51f4ed6da8f;416.42;0.70914;BUY
2016-04-01T00:48:35.893000;2016-04-01T00:48:35.920000;de7ecb58-93f9-47bb-97d9-f28bb662c5be;416.41;0.01;SELL
2016-04-01T00:48:35.897000;2016-04-01T00:48:35.920000;aeb077f3-a645-4848-bb7d-d4c96679faa6;416.41;0.01;SELL
2016-04-01T00:48:48.077000;2016-04-01T00:48:48.123000;abcdd12c-c1d7-4fd7-8da0-a617891c053a;416.4;0.3325;SELL
2016-04-01T00:48:48.077000;2016-04-01T00:48:48.123000;6dbf1b68-7298-4118-a6e8-6727b389db74;416.4;0.01;SELL
2016-04-01T00:49:00.113000;2016-04-01T00:49:00.140000;3e785301-3178-42b6-b125-b7949797994c;416.39;0.01;SELL
2016-04-01T00:49:01.967000;2016-04-01T00:49:01.983000;1b1cb8df-efdf-4088-9886-f263495e4f3c;416.37;0.05604;BUY
2016-04-01T00:49:13.353000;2016-04-01T00:49:13.377000;ffe32488-55b9-43d8-80aa-be950fba3cee;416.33;0.01;SELL
2016-04-01T00:49:26.553000;2016-04-01T00:49:26.593000;a635b216-9917-45c0-81ee-a908e0d21bb8;416.32;0.01;SELL
2016-04-01T00:49:31.663000;2016-04-01T00:49:31.690000;03966b06-b936-4996-b708-7656f57c3a95;416.31;0.01;SELL
2016-04-01T00:49:31.663000;2016-04-01T00:49:31.703000;e73f9140-fe64-413d-b344-967178de7e9a;416.3;0.01;SELL
2016-04-01T00:49:31.663000;2016-04-01T00:49:31.703000;84d7dc61-57a3-4835-8ae2-38aabb886c61;416.29;0.01;SELL
2016-04-01T00:49:31.663000;2016-04-01T00:49:31.703000;f2bf9a97-eecd-486b-90f4-77c8e4afe472;416.28;0.01;SELL
2016-04-01T00:49:31.663000;2016-04-01T00:49:31.703000;735d7868-fb98-494c-a95f-a4590d551c66;416.28;0.01;SELL
2016-04-01T00:49:31.663000;2016-04-01T00:49:31.703000;51b3b682-8dbe-4f8d-967c-b25ec620c562;416.27;0.01;SELL
2016-04-01T00:49:31.663000;2016-04-01T00:49:31.733000;fa946b24-497a-460f-8a29-274e9a343d1d;416.27;0.1003;SELL
2016-04-01T00:49:31.663000;2016-04-01T00:49:31.733000;8f2147b6-2f7b-4494-aaa2-a9876a6e66a4;416.26;0.01;SELL
2016-04-01T00:49:31.663000;2016-04-01T00:49:31.733000;862ac5f5-f3a9-4806-9fca-1dcd2079807f;416.25;0.01;SELL
2016-04-01T00:49:31.663000;2016-04-01T00:49:31.733000;e059d21c-fcbb-4996-93a9-08af6d7604f8;416.24;0.01;SELL
2016-04-01T00:49:31.663000;2016-04-01T00:49:31.733000;1cc03201-4239-4094-afb4-41322a920e4d;416.24;0.12;SELL
2016-04-01T00:49:31.667000;2016-04-01T00:49:31.733000;c327cc5a-523f-44ce-9140-3e23711dae97;416.23;0.01;SELL
2016-04-01T00:49:31.667000;2016-04-01T00:49:31.733000;7ab56458-8057-48fd-aee6-c4454b22d7c7;416.22;0.01;SELL
2016-04-01T00:49:31.667000;2016-04-01T00:49:31.733000;dada01a0-0943-4fb3-afbe-61bda78ce4fb;416.21;0.01;SELL
2016-04-01T00:49:31.667000;2016-04-01T00:49:31.763000;6ee39135-ca9e-464d-886f-a53ab5c53d56;416.2;0.01;SELL
2016-04-01T00:49:31.667000;2016-04-01T00:49:31.763000;2f89c847-2c55-4931-84e5-c6b4efee7f47;416.2;0.01;SELL
2016-04-01T00:49:31.667000;2016-04-01T00:49:31.763000;438ae2d4-2889-409a-98fc-b2e6f9a33e24;416.19;0.01;SELL
2016-04-01T00:49:31.667000;2016-04-01T00:49:31.763000;2ba0f303-2e8f-4fc8-abdc-cd6a41cfe7fb;416.19;0.114;SELL
2016-04-01T00:49:31.667000;2016-04-01T00:49:31.763000;66e85906-d278-4abc-a520-686d0c5eeefd;416.19;0.11144;SELL
2016-04-01T00:49:36.710000;2016-04-01T00:49:36.737000;09d6d9ff-db04-4f5d-9e61-60f694d2bd40;416.2;0.01;SELL
2016-04-01T00:49:44.810000;2016-04-01T00:49:44.827000;1d4ca58b-172d-476a-b826-686d8d145e23;416.18;0.01;SELL
2016-04-01T00:50:02.577000;2016-04-01T00:50:02.593000;c13b5040-3401-4d72-b2ae-40e90421903f;416.18;1.02966;BUY
2016-04-01T00:50:02.577000;2016-04-01T00:50:02.610000;ce173c27-624b-4b37-b8ba-b2ec843257a4;416.18;0.3;BUY
2016-04-01T00:50:02.577000;2016-04-01T00:50:02.610000;19133dfa-0687-45ac-b1e8-fafd3ec1d620;416.18;0.84;BUY
2016-04-01T00:50:02.577000;2016-04-01T00:50:02.623000;920c912d-a1bd-4b1f-ba19-e501fc091cda;416.2;0.14;BUY
2016-04-01T00:50:02.577000;2016-04-01T00:50:02.623000;c6d8b7c8-c23e-4401-9cc2-becedac46895;416.2;1.1;BUY
2016-04-01T00:50:02.577000;2016-04-01T00:50:02.623000;74f5d73f-a6bf-42b3-af54-0c3c6cd42375;416.21;0.242;BUY
2016-04-01T00:50:02.577000;2016-04-01T00:50:02.640000;91939e79-0e0e-4342-ac0e-e3552a4d7155;416.21;0.266;BUY
2016-04-01T00:50:02.577000;2016-04-01T00:50:02.640000;87f45cf5-1ab5-49f3-992b-93f343640605;416.21;0.242;BUY
2016-04-01T00:50:02.577000;2016-04-01T00:50:02.640000;5012b63a-1292-4f46-9479-c21c0d530ddd;416.23;1.00937;BUY
2016-04-01T00:50:31.433000;2016-04-01T00:50:31.467000;c6ab9453-158d-465a-a5a3-8fdc31898009;416.19;0.1171;BUY
2016-04-01T00:50:53.280000;2016-04-01T00:50:53.297000;7600d319-892b-4f7a-8a1e-b074d03455e2;416.18;0.01;SELL
2016-04-01T00:50:53.280000;2016-04-01T00:50:53.327000;ccf65325-1fa4-4b05-9f87-e95ff7c0f2b4;416.18;0.01;SELL
2016-04-01T00:51:01.300000;2016-04-01T00:51:01.330000;7085ebf9-5316-47e2-b1c6-81971ffcf140;416.17;0.01;SELL
2016-04-01T00:51:01.300000;2016-04-01T00:51:01.343000;ee71d097-6598-48e0-ba98-c7b9bc125ef4;416.17;0.08;SELL
2016-04-01T00:51:01.300000;2016-04-01T00:51:01.343000;2012bd3a-ba43-4e71-b85d-97ec83b3ee44;416.15;0.35;SELL
2016-04-01T00:51:01.300000;2016-04-01T00:51:01.343000;6970df18-76ad-47b6-8799-aa3e4471dd71;416.12;0.109;SELL
2016-04-01T00:51:01.300000;2016-04-01T00:51:01.343000;e9fe973a-2af7-4ebe-b3d8-e64fd90aea3b;416.11;0.01;SELL
2016-04-01T00:51:01.300000;2016-04-01T00:51:01.377000;91363025-4013-4326-99f2-c52e14843ac7;416.08;0.17;SELL
2016-04-01T00:51:01.300000;2016-04-01T00:51:01.390000;fa1fba8b-cb11-4c0e-9759-c44c410734e3;416.07;0.12;SELL
2016-04-01T00:51:01.300000;2016-04-01T00:51:01.390000;4b2a0355-1376-49c7-850f-97eee5ae784c;416.02;0.132;SELL
2016-04-01T00:51:01.300000;2016-04-01T00:51:01.390000;2464ed2d-fcaf-4a13-9ff2-6aff49e06f5c;416.01;0.01;SELL
2016-04-01T00:51:01.300000;2016-04-01T00:51:01.390000;d6dbaae5-9770-4893-bef2-f0a2d98307cf;416.0;0.01;SELL
2016-04-01T00:51:01.300000;2016-04-01T00:51:01.390000;48071f56-c325-4937-8efd-69c3520ea743;416.0;0.01094904;SELL
2016-04-01T00:51:01.300000;2016-04-01T00:51:01.390000;188f7fd7-4525-4248-b595-d2c23783c967;416.0;0.0125;SELL
2016-04-01T00:51:01.300000;2016-04-01T00:51:01.390000;bfc8e7fd-7762-4bf5-bfa9-732f31942849;415.97;0.119;SELL
2016-04-01T00:51:01.300000;2016-04-01T00:51:01.390000;61c3e71b-5cc3-4e4f-b717-a6b5d802a9a9;415.96;0.02;SELL
2016-04-01T00:51:01.303000;2016-04-01T00:51:01.390000;f80cdb12-4b33-4828-ab96-42ca905f7570;415.94;0.01;SELL
2016-04-01T00:51:01.303000;2016-04-01T00:51:01.390000;4a1966dd-307f-4443-a80a-623af109b05a;415.94;0.108;SELL
2016-04-01T00:51:01.303000;2016-04-01T00:51:01.390000;a726af0a-577d-4793-a8e4-245e14478bb9;415.9;0.20575096;SELL
2016-04-01T00:51:31.247000;2016-04-01T00:51:31.263000;8732969e-62f4-4e4b-8503-38c467359052;416.13;0.0571;BUY
