time_exchange;time_coinpai;guid;price;base_amount;taker_side
2016-01-23T00:00:00.000000;2016-01-23T00:00:00.000000;e4c8d5dc-8d32-458c-9311-465f3d3b0507;381.01;11.42;UNKNOWN
2016-01-23T00:00:00.000000;2016-01-23T00:00:00.000000;b4800f9e-a634-4dfb-b7aa-c9c8b67239aa;381.0;0.089337;UNKNOWN
2016-01-23T00:00:00.000000;2016-01-23T00:00:00.000000;a989cc14-95a8-47d0-843a-136aac8103bd;381.06;0.490663;UNKNOWN
2016-01-23T00:00:04.000000;2016-01-23T00:00:04.000000;331213df-4680-4db8-a735-6448c5e1bdbc;380.97;2.14291105;UNKNOWN
2016-01-23T00:00:04.000000;2016-01-23T00:00:04.000000;7a133a92-c6a1-4619-ba4e-4f7e95009c1a;380.97;1.04192984;UNKNOWN
2016-01-23T00:00:04.000000;2016-01-23T00:00:04.000000;e23dc6b6-9d57-4899-8033-4dc0820f2e60;380.97;0.10220188;UNKNOWN
2016-01-23T00:00:06.000000;2016-01-23T00:00:06.000000;7308282f-9585-45a9-b26d-1af4c4fef09f;380.96;0.33;UNKNOWN
2016-01-23T00:00:12.000000;2016-01-23T00:00:12.000000;11101fda-fc6b-433d-b11e-d44de4199dc9;380.97;0.104;UNKNOWN
2016-01-23T00:00:14.000000;2016-01-23T00:00:14.000000;b5422f07-fe2d-4394-81c9-2cb650e20e78;380.97;0.33;UNKNOWN
2016-01-23T00:00:46.000000;2016-01-23T00:00:46.000000;b2a7b3ed-fb92-46ed-9696-ea2561a6bb97;380.99;0.011117;UNKNOWN
2016-01-23T00:00:46.000000;2016-01-23T00:00:46.000000;5cb5fe05-6d8c-4d54-9fd8-a4ebf1ee7dbd;381.29;1.988883;UNKNOWN
2016-01-23T00:01:01.000000;2016-01-23T00:01:01.000000;1c359ba1-7609-4f0a-b99a-0ba63fccd980;380.97;0.04;UNKNOWN
2016-01-23T00:01:06.000000;2016-01-23T00:01:06.000000;3160e6a3-4297-4cb6-b5bf-95d02f929e72;380.97;0.38;UNKNOWN
2016-01-23T00:01:10.000000;2016-01-23T00:01:10.000000;88f2a978-170c-4039-9575-0f5c2d43b72f;381.28;8.402;UNKNOWN
2016-01-23T00:01:10.000000;2016-01-23T00:01:10.000000;4bc6ac48-0584-404e-95f2-9b9f95a84ab1;381.28;7.36983458;UNKNOWN
2016-01-23T00:01:10.000000;2016-01-23T00:01:10.000000;7525287b-b6fb-4330-a965-d017ed5a24ef;381.1;18.9068;UNKNOWN
2016-01-23T00:01:13.000000;2016-01-23T00:01:13.000000;8e7c3cb7-78e2-4524-91ab-be3ae8cfc46a;380.97;0.211;UNKNOWN
2016-01-23T00:01:33.000000;2016-01-23T00:01:33.000000;9f7d89b4-7df2-4a14-8846-f34efaa75fa2;381.15;7.4665;UNKNOWN
2016-01-23T00:01:35.000000;2016-01-23T00:01:35.000000;dbe5f78f-26f6-4fa0-983e-efec1d4f6a8d;381.15;0.01;UNKNOWN
2016-01-23T00:02:14.000000;2016-01-23T00:02:14.000000;eedd8af2-2d1d-41e8-b0ac-baed83e0c1da;381.01;0.08;UNKNOWN
2016-01-23T00:02:45.000000;2016-01-23T00:02:45.000000;ee5bb46f-5a2d-4b2f-917f-2c784fd31992;381.01;0.5;UNKNOWN
2016-01-23T00:03:00.000000;2016-01-23T00:03:00.000000;a886bdb7-9377-4fda-a097-115f7a9e958c;380.98;2.0;UNKNOWN
2016-01-23T00:03:06.000000;2016-01-23T00:03:06.000000;84937803-b480-4076-9485-d95815cab3a9;380.99;0.78846484;UNKNOWN
2016-01-23T00:03:13.000000;2016-01-23T00:03:13.000000;508f4ebd-3faa-4719-9025-1ea80319c381;380.98;6.5148;UNKNOWN
2016-01-23T00:03:13.000000;2016-01-23T00:03:13.000000;6419212b-62e6-4fac-a445-f1209c37a596;380.98;1.22283994;UNKNOWN
2016-01-23T00:03:13.000000;2016-01-23T00:03:13.000000;7574fd86-c45d-41cf-adc9-ada511c0a5f4;380.98;0.19716006;UNKNOWN
2016-01-23T00:03:36.000000;2016-01-23T00:03:36.000000;9a64e3d6-5ef4-441d-8818-e26cfce28d22;380.98;5.0;UNKNOWN
2016-01-23T00:03:43.000000;2016-01-23T00:03:43.000000;13984711-abdf-46a4-b8d6-c364a02c4723;381.09;1.10255997;UNKNOWN
2016-01-23T00:03:43.000000;2016-01-23T00:03:43.000000;aa14bc38-859e-44cf-877b-a1f52e0240d5;380.98;3.39744003;UNKNOWN
2016-01-23T00:03:43.000000;2016-01-23T00:03:43.000000;1ffd64ae-6e90-4998-ac79-3931df1ac16d;381.04;0.5;UNKNOWN
2016-01-23T00:04:07.000000;2016-01-23T00:04:07.000000;26d37568-a7b5-4013-8e81-70ba8742a29b;381.07;2.8;UNKNOWN
2016-01-23T00:04:21.000000;2016-01-23T00:04:21.000000;42c1d5be-3548-4061-899d-3f2a2ff79eb1;381.11;0.299379;UNKNOWN
2016-01-23T00:04:34.000000;2016-01-23T00:04:34.000000;3e76bf06-a508-432b-aa25-3ba0b4136888;381.32;3.2;UNKNOWN
2016-01-23T00:04:42.000000;2016-01-23T00:04:42.000000;42f6930b-382c-40c3-990d-2bba6e4cae61;381.27;0.19;UNKNOWN
2016-01-23T00:04:42.000000;2016-01-23T00:04:42.000000;76e053fa-f2cd-4aab-8ba5-b1ec9de6f99c;381.31;1.0;UNKNOWN
2016-01-23T00:05:33.000000;2016-01-23T00:05:33.000000;cb5ed145-0690-488c-9928-7e288e3d0dd2;380.98;0.1050892;UNKNOWN
2016-01-23T00:06:06.000000;2016-01-23T00:06:06.000000;d0ef36fe-98f4-401d-a074-64c2f53083a8;381.32;1.30134973;UNKNOWN
2016-01-23T00:06:19.000000;2016-01-23T00:06:19.000000;e7076abd-3fb6-446e-b8dc-cd97c81643a6;381.31;1.0;UNKNOWN
2016-01-23T00:06:51.000000;2016-01-23T00:06:51.000000;34ec507d-d98b-4a14-8a35-5e55039d7d4e;381.08;0.7581;UNKNOWN
2016-01-23T00:08:23.000000;2016-01-23T00:08:23.000000;c9b88f33-1542-42fc-800f-2a4ca562493c;381.35;0.6348;UNKNOWN
2016-01-23T00:08:23.000000;2016-01-23T00:08:23.000000;3aa5dccd-1c6f-487d-9a18-eca1bc6b677d;381.35;0.5;UNKNOWN
2016-01-23T00:08:23.000000;2016-01-23T00:08:23.000000;c936149a-7617-4b73-a18c-2abc5ae112ed;381.5;1.2652;UNKNOWN
2016-01-23T00:08:24.000000;2016-01-23T00:08:24.000000;c3d812df-4b5a-44ab-87b3-c03ee1b12cb2;381.47;0.053678;UNKNOWN
2016-01-23T00:08:24.000000;2016-01-23T00:08:24.000000;7a611501-17af-4033-befc-8020215cdb7f;381.5;2.346322;UNKNOWN
2016-01-23T00:08:26.000000;2016-01-23T00:08:26.000000;136a3f44-826e-4e28-878d-d1a1005bda2d;381.1;0.3;UNKNOWN
2016-01-23T00:08:26.000000;2016-01-23T00:08:26.000000;72743adf-fa53-4bed-a351-f0cec9636418;381.49;0.03;UNKNOWN
2016-01-23T00:08:27.000000;2016-01-23T00:08:27.000000;51151e2d-cc01-4737-a308-46ade524a12d;381.49;0.210165;UNKNOWN
2016-01-23T00:08:27.000000;2016-01-23T00:08:27.000000;412cc8e0-4cad-4e2f-8681-0ff6542d7970;381.5;0.119835;UNKNOWN
2016-01-23T00:08:51.000000;2016-01-23T00:08:51.000000;539a41ed-3d37-45c7-a887-7c1f4f18ed3e;381.94;10.45298911;UNKNOWN
2016-01-23T00:08:51.000000;2016-01-23T00:08:51.000000;792753c0-5a18-4052-9b5d-99ef7ec46c76;382.26;0.05;UNKNOWN
2016-01-23T00:08:51.000000;2016-01-23T00:08:51.000000;e0a8a754-b5b1-4b1a-a810-17737760d377;381.71;0.468237;UNKNOWN
2016-01-23T00:08:51.000000;2016-01-23T00:08:51.000000;44801f4d-f9fb-4e02-823e-b56ace013bae;382.13;18.6466;UNKNOWN
2016-01-23T00:08:51.000000;2016-01-23T00:08:51.000000;0a1719b2-7551-493b-85bc-9f52962818fc;381.5;36.268643;UNKNOWN
2016-01-23T00:08:51.000000;2016-01-23T00:08:51.000000;5cccdf0a-960e-401e-9cd8-365dd5efce6c;381.5;0.5;UNKNOWN
2016-01-23T00:08:51.000000;2016-01-23T00:08:51.000000;1de0575b-91e5-47d5-8955-3ee64d9314a8;381.93;12.5;UNKNOWN
2016-01-23T00:08:51.000000;2016-01-23T00:08:51.000000;3ca73f75-6f80-47d8-9efa-5f4e5782381e;382.35;1.16843089;UNKNOWN
2016-01-23T00:08:51.000000;2016-01-23T00:08:51.000000;f1d62ae4-b2e0-4202-90b6-58f37837fc37;381.92;15.9451;UNKNOWN
2016-01-23T00:10:07.000000;2016-01-23T00:10:07.000000;9d6f0c64-2b82-4f7d-955e-95b4c7dd269e;381.8;9.5;UNKNOWN
2016-01-23T00:10:14.000000;2016-01-23T00:10:14.000000;75c41173-7155-4f9c-8c80-d32abf20e91f;381.78;0.5;UNKNOWN
2016-01-23T00:10:14.000000;2016-01-23T00:10:14.000000;7498737a-3221-407f-b532-53f36a5f53ed;381.75;6.4525;UNKNOWN
2016-01-23T00:10:15.000000;2016-01-23T00:10:15.000000;33387f94-6cc4-4923-b146-c9f4374072b9;381.72;2.5475;UNKNOWN
2016-01-23T00:10:15.000000;2016-01-23T00:10:15.000000;a7c39321-f7b0-4df2-bb2e-f71c6e686016;382.19;2.4525;UNKNOWN
2016-01-23T00:10:31.000000;2016-01-23T00:10:31.000000;7e68d8fc-f26f-4204-a159-d55e0ae2894e;381.74;1.0;UNKNOWN
2016-01-23T00:10:41.000000;2016-01-23T00:10:41.000000;ca6ef05d-877e-43bf-aa82-dbde28e4251f;381.76;0.5;UNKNOWN
2016-01-23T00:10:41.000000;2016-01-23T00:10:41.000000;44ad2d68-d1c5-4850-b3ca-5461e7f756e8;381.72;0.5;UNKNOWN
2016-01-23T00:10:41.000000;2016-01-23T00:10:41.000000;8425eca8-1d25-470c-ba05-db2621fc2f6d;381.77;6.4813;UNKNOWN
2016-01-23T00:10:41.000000;2016-01-23T00:10:41.000000;8e1a4aaf-00ee-4f7b-9a8d-b0bc4c62b91f;381.77;0.18456902;UNKNOWN
2016-01-23T00:11:11.000000;2016-01-23T00:11:11.000000;80e9f066-4f9a-40e9-860e-797586e64d67;381.71;0.0315;UNKNOWN
2016-01-23T00:11:43.000000;2016-01-23T00:11:43.000000;7d556050-e13d-4a75-92ce-3e7e203ab95f;381.72;0.6;UNKNOWN
2016-01-23T00:12:15.000000;2016-01-23T00:12:15.000000;825e49b4-8262-4850-874d-a4ed60ce1bd6;382.0;0.5;UNKNOWN
2016-01-23T00:12:15.000000;2016-01-23T00:12:15.000000;8bf3d8c4-6503-49ad-9219-f477f31f7f7b;382.0;4.0;UNKNOWN
2016-01-23T00:12:25.000000;2016-01-23T00:12:25.000000;fab3f157-9ea3-4311-a13d-395ce31d2a87;382.63;0.261464;UNKNOWN
2016-01-23T00:12:25.000000;2016-01-23T00:12:25.000000;57ea2561-2c06-46b9-a941-3a0c3010fd91;382.9;0.6629093;UNKNOWN
2016-01-23T00:12:25.000000;2016-01-23T00:12:25.000000;a744dca3-27b5-4570-a1e9-b4584fa4d711;382.65;0.05;UNKNOWN
2016-01-23T00:12:37.000000;2016-01-23T00:12:37.000000;d1fac1be-7380-43a7-b705-4a36a54f8321;382.23;1.73413095;UNKNOWN
2016-01-23T00:12:52.000000;2016-01-23T00:12:52.000000;c3028e8e-6ce6-48be-8097-30e19a747579;382.87;0.01;UNKNOWN
2016-01-23T00:12:52.000000;2016-01-23T00:12:52.000000;c4cae8f1-fee7-42bc-aa56-3685353698a2;382.87;0.03;UNKNOWN
2016-01-23T00:12:52.000000;2016-01-23T00:12:52.000000;86023431-9be6-4087-834c-62c7e51e7556;382.9;3.26;UNKNOWN
2016-01-23T00:12:52.000000;2016-01-23T00:12:52.000000;34a70726-38c9-41d7-90b6-689fe5cb8b3c;382.33;8.05;UNKNOWN
2016-01-23T00:12:52.000000;2016-01-23T00:12:52.000000;f48ea6c3-9c0d-4b4a-b61b-d2f8f76777f4;382.87;0.5;UNKNOWN
2016-01-23T00:12:52.000000;2016-01-23T00:12:52.000000;584143b0-056d-447d-add2-d6f64c396667;382.32;1.45;UNKNOWN
2016-01-23T00:12:52.000000;2016-01-23T00:12:52.000000;ee1b8de7-1008-4d49-ac12-c000d016241a;382.32;0.5;UNKNOWN
2016-01-23T00:13:04.000000;2016-01-23T00:13:04.000000;0b7a5c1d-34e5-46a7-b832-baec649ec0c5;382.38;10.0;UNKNOWN
2016-01-23T00:13:10.000000;2016-01-23T00:13:10.000000;50b3dda1-52e7-404e-a3b9-122b1764b240;382.9;1.0770907;UNKNOWN
2016-01-23T00:13:10.000000;2016-01-23T00:13:10.000000;26c8fa6f-b461-4ad9-8a0c-7d2848dc49d4;382.89;0.28;UNKNOWN
2016-01-23T00:13:10.000000;2016-01-23T00:13:10.000000;58375f22-8af5-4f78-ab63-d6d56f65de7e;382.89;0.23;UNKNOWN
2016-01-23T00:13:10.000000;2016-01-23T00:13:10.000000;a490222b-0895-4140-81e9-54508ca2bd44;382.9;0.25;UNKNOWN
2016-01-23T00:13:10.000000;2016-01-23T00:13:10.000000;9a97ddea-0df8-42bb-9ab8-537d3c586596;382.9;0.5;UNKNOWN
2016-01-23T00:13:10.000000;2016-01-23T00:13:10.000000;c29dfb89-c18d-4c49-a58e-44a6e7a09c79;383.0;0.05;UNKNOWN
2016-01-23T00:13:10.000000;2016-01-23T00:13:10.000000;969a3370-ffab-4385-8205-a291ea8723e8;383.0;14.80762812;UNKNOWN
2016-01-23T00:13:10.000000;2016-01-23T00:13:10.000000;15fc7a59-5eae-40f2-8fb4-05ab86432367;382.95;0.63;UNKNOWN
2016-01-23T00:13:10.000000;2016-01-23T00:13:10.000000;a7a6634e-ef99-4dd1-b559-bb6f4f199706;383.0;5.0;UNKNOWN
2016-01-23T00:13:10.000000;2016-01-23T00:13:10.000000;cff9be5c-f10a-4ba7-95ae-756a8c03ac13;383.23;5.22603447;UNKNOWN
2016-01-23T00:13:10.000000;2016-01-23T00:13:10.000000;0f168393-788c-48d5-b9ac-27db4556a54d;383.0;0.1;UNKNOWN
2016-01-23T00:13:20.000000;2016-01-23T00:13:20.000000;dc19486b-54af-401f-b87e-2c54beaef208;383.73;3.58089234;UNKNOWN
2016-01-23T00:13:20.000000;2016-01-23T00:13:20.000000;1102393d-7066-4668-8981-04032a623dc8;383.45;0.5;UNKNOWN
2016-01-23T00:13:20.000000;2016-01-23T00:13:20.000000;5745dea4-d2e3-4481-b706-789f42430834;383.38;0.4;UNKNOWN
2016-01-23T00:13:20.000000;2016-01-23T00:13:20.000000;809f419f-35bc-4a30-b450-8535061346f1;383.45;0.615;UNKNOWN
2016-01-23T00:13:20.000000;2016-01-23T00:13:20.000000;7dfcb5b7-b814-4875-a575-adf4cacba9a5;383.57;6.31910766;UNKNOWN
2016-01-23T00:13:20.000000;2016-01-23T00:13:20.000000;e868ece7-5d9a-48cc-ae8d-b3c61990de8e;383.39;0.05;UNKNOWN
2016-01-23T00:13:20.000000;2016-01-23T00:13:20.000000;6577cb94-f170-4a93-8444-fc78f8f7d1f7;383.57;0.33089234;UNKNOWN
2016-01-23T00:13:20.000000;2016-01-23T00:13:20.000000;ed85623d-9455-44ad-952d-6efdf0e482f6;383.38;0.356;UNKNOWN
2016-01-23T00:13:26.000000;2016-01-23T00:13:26.000000;a9d4bfe4-eb2a-4173-8052-5ee38dbeec83;382.83;0.05;UNKNOWN
2016-01-23T00:13:31.000000;2016-01-23T00:13:31.000000;1b9f1969-0d7d-401a-960c-03257c9c5f76;383.0;0.05;UNKNOWN
2016-01-23T00:13:32.000000;2016-01-23T00:13:32.000000;3dd2734d-0498-4dcb-8ac7-3506044bc229;383.71;0.456;UNKNOWN
2016-01-23T00:13:32.000000;2016-01-23T00:13:32.000000;bddcbbd1-7f21-40b7-87b5-4cafd94d6dd2;383.7;0.144;UNKNOWN
2016-01-23T00:13:32.000000;2016-01-23T00:13:32.000000;bde86f26-78dc-4521-8136-5ff9c83e0938;383.36;0.4;UNKNOWN
2016-01-23T00:13:41.000000;2016-01-23T00:13:41.000000;6a6ed11b-0330-4b96-bc0f-4910d640b612;383.04;0.05;UNKNOWN
2016-01-23T00:13:44.000000;2016-01-23T00:13:44.000000;54acf5c9-5d2c-4b4a-9352-5a762e8ec2e7;383.81;0.07724103;UNKNOWN
2016-01-23T00:13:47.000000;2016-01-23T00:13:47.000000;4c6a4c97-8e55-48c8-9cee-34451cd16415;383.8;0.1;UNKNOWN
2016-01-23T00:13:48.000000;2016-01-23T00:13:48.000000;64c1500a-81c0-4fea-a54b-dd29fbb3e62c;383.8;0.1;UNKNOWN
2016-01-23T00:13:49.000000;2016-01-23T00:13:49.000000;25267dd8-505f-42b6-998e-2a3f0ddb0a98;383.79;0.06458037;UNKNOWN
2016-01-23T00:13:53.000000;2016-01-23T00:13:53.000000;689b0db2-b95e-4fc3-9b3c-d5d02d31583d;383.78;3.0;UNKNOWN
2016-01-23T00:13:54.000000;2016-01-23T00:13:54.000000;04e54775-98ae-4777-b391-04724c755b0c;383.78;0.51574781;UNKNOWN
2016-01-23T00:13:56.000000;2016-01-23T00:13:56.000000;e50bfe1e-57dd-480c-b118-28e274b2a2f0;383.78;0.4228;UNKNOWN
2016-01-23T00:13:56.000000;2016-01-23T00:13:56.000000;93723906-59c4-4a9b-b611-8dca352d140d;383.78;0.1418;UNKNOWN
2016-01-23T00:13:56.000000;2016-01-23T00:13:56.000000;91e29390-4d81-4266-9246-d434377128e9;383.78;0.4354;UNKNOWN
2016-01-23T00:13:58.000000;2016-01-23T00:13:58.000000;38e496f4-59e7-4bc1-8f76-d4c738a05c92;383.89;0.3198;UNKNOWN
2016-01-23T00:13:58.000000;2016-01-23T00:13:58.000000;d78bd8af-9392-411b-bccf-fab71fb11d42;383.82;0.070881;UNKNOWN
2016-01-23T00:13:58.000000;2016-01-23T00:13:58.000000;4c0f01ee-4bf7-495f-a8e4-6a7fd46dcbd9;383.96;2.109319;UNKNOWN
2016-01-23T00:13:58.000000;2016-01-23T00:13:58.000000;a08110cc-f803-4473-9e6f-fdf4110f3ccc;383.78;0.5;UNKNOWN
2016-01-23T00:14:02.000000;2016-01-23T00:14:02.000000;ce47c315-9668-404e-8ce6-6a08bf8114cb;383.95;0.07;UNKNOWN
2016-01-23T00:14:06.000000;2016-01-23T00:14:06.000000;db06300d-615b-482d-86ac-a47d6fc57b99;383.1;0.04523249;UNKNOWN
2016-01-23T00:14:06.000000;2016-01-23T00:14:06.000000;aabbedb7-cefc-47f8-a27b-45efd0bac90b;383.1;0.5;UNKNOWN
2016-01-23T00:14:06.000000;2016-01-23T00:14:06.000000;5883be14-a9e7-46c0-991f-7cc60247e2ad;383.01;0.24776751;UNKNOWN
2016-01-23T00:14:06.000000;2016-01-23T00:14:06.000000;3f3eb715-99d8-446f-a3f9-3508c22fd7a4;383.94;0.0582;UNKNOWN
2016-01-23T00:14:06.000000;2016-01-23T00:14:06.000000;2746922c-30b1-4395-83c6-1fc4a046e353;384.12;0.0018;UNKNOWN
2016-01-23T00:14:06.000000;2016-01-23T00:14:06.000000;c78d408d-2476-410b-8097-f1888851f923;384.12;0.01;UNKNOWN
2016-01-23T00:14:06.000000;2016-01-23T00:14:06.000000;caad57b8-f559-477a-9c11-c118e6c28a85;383.94;0.2;UNKNOWN
2016-01-23T00:14:06.000000;2016-01-23T00:14:06.000000;ab2f240e-2a19-4872-a8d2-1147227ea542;384.0;0.05;UNKNOWN
2016-01-23T00:14:08.000000;2016-01-23T00:14:08.000000;0786d8dc-d5a6-4b75-97c3-565c3c215b7e;384.13;0.01;UNKNOWN
2016-01-23T00:14:08.000000;2016-01-23T00:14:08.000000;e5b0ead8-32b1-4f60-b666-d0b9bda8bc49;384.18;8.91;UNKNOWN
2016-01-23T00:14:08.000000;2016-01-23T00:14:08.000000;d5887dbd-f7d5-49d3-969c-c6be0bb7b849;383.93;0.3;UNKNOWN
2016-01-23T00:14:08.000000;2016-01-23T00:14:08.000000;0fef9b8c-77c7-476e-b1cd-5912de046cdc;384.19;5.40264795;UNKNOWN
2016-01-23T00:14:08.000000;2016-01-23T00:14:08.000000;9e9b3f37-7be4-4cef-841b-cde594e6565b;384.12;8.5412;UNKNOWN
2016-01-23T00:14:08.000000;2016-01-23T00:14:08.000000;cb6b9952-17bf-461c-bff5-214eb304556a;384.12;10.0;UNKNOWN
2016-01-23T00:14:08.000000;2016-01-23T00:14:08.000000;8551c123-30ef-42f1-9c86-60a02b2f5175;384.12;6.4262;UNKNOWN
2016-01-23T00:14:08.000000;2016-01-23T00:14:08.000000;ff6f28cf-7375-496e-b599-431902b4a06f;384.15;4.40995205;UNKNOWN
2016-01-23T00:14:10.000000;2016-01-23T00:14:10.000000;6e3c6cc2-edfa-4215-abc5-71e49406a5e3;384.19;2.51210218;UNKNOWN
2016-01-23T00:14:10.000000;2016-01-23T00:14:10.000000;c31c2de6-365d-4e88-bf06-362c5beb83fe;384.12;8.48;UNKNOWN
2016-01-23T00:14:10.000000;2016-01-23T00:14:10.000000;6a27862d-d005-4455-86eb-0c69f907b110;384.11;10.0;UNKNOWN
2016-01-23T00:14:12.000000;2016-01-23T00:14:12.000000;68cfca77-0a45-4d08-a3ce-568016fc9690;384.07;0.1;UNKNOWN
2016-01-23T00:14:12.000000;2016-01-23T00:14:12.000000;122cc2b3-0557-423f-aaf2-cddf7f072514;384.07;0.02233068;UNKNOWN
2016-01-23T00:14:25.000000;2016-01-23T00:14:25.000000;3d89ab21-c4a9-419c-922b-e4018e0b28c1;383.51;2.4428;UNKNOWN
2016-01-23T00:14:25.000000;2016-01-23T00:14:25.000000;2030b4b2-d3f4-4a6b-826b-782d3068a4c5;383.51;0.5;UNKNOWN
2016-01-23T00:14:25.000000;2016-01-23T00:14:25.000000;bd19a6db-9bbf-4617-8695-a933666a3f0b;383.52;0.5;UNKNOWN
2016-01-23T00:14:25.000000;2016-01-23T00:14:25.000000;58807c26-f049-450a-9722-bfeee43f4272;383.51;0.12;UNKNOWN
2016-01-23T00:14:25.000000;2016-01-23T00:14:25.000000;5df4aa30-e6a1-4955-94ab-48bcf9a27e50;383.51;6.4372;UNKNOWN
2016-01-23T00:14:34.000000;2016-01-23T00:14:34.000000;91de90a1-5128-415f-a127-61f67e76b2b3;383.5;0.7;UNKNOWN
2016-01-23T00:14:36.000000;2016-01-23T00:14:36.000000;3bed840b-c94a-45eb-be5c-fcbfeb527a43;383.94;4.0;UNKNOWN
2016-01-23T00:14:38.000000;2016-01-23T00:14:38.000000;151e3a57-e13e-43f7-8201-a6a52cc1d96c;383.5;0.04;UNKNOWN
2016-01-23T00:14:44.000000;2016-01-23T00:14:44.000000;4056b13a-4613-40b3-ad62-588eedc6a41d;383.53;0.1;UNKNOWN
2016-01-23T00:14:46.000000;2016-01-23T00:14:46.000000;11dae78e-bec3-478f-b784-c000e1c35a30;383.53;0.16;UNKNOWN
2016-01-23T00:14:48.000000;2016-01-23T00:14:48.000000;0d1b116b-1c03-4a29-b6ea-8e3906e16b96;383.53;0.2;UNKNOWN
2016-01-23T00:14:51.000000;2016-01-23T00:14:51.000000;e4bbc36e-a544-4f39-ad16-06b8b7f68d3e;383.53;0.3;UNKNOWN
2016-01-23T00:14:51.000000;2016-01-23T00:14:51.000000;6cec1164-e24f-44e8-9462-9830797d243c;383.51;0.2;UNKNOWN
2016-01-23T00:15:00.000000;2016-01-23T00:15:00.000000;62ef58cd-e74b-4c85-8c2e-ebd9138b4dec;383.51;0.82;UNKNOWN
2016-01-23T00:15:04.000000;2016-01-23T00:15:04.000000;ed166f85-0576-43d5-8aa5-9a56181c356f;383.85;3.47147558;UNKNOWN
2016-01-23T00:15:06.000000;2016-01-23T00:15:06.000000;1423cc97-bc53-4edc-a256-254d0927a9d5;383.85;0.0639;UNKNOWN
2016-01-23T00:15:13.000000;2016-01-23T00:15:13.000000;04688eda-5f7b-41b2-8a25-17747b3253a9;383.52;0.4652;UNKNOWN
2016-01-23T00:15:20.000000;2016-01-23T00:15:20.000000;ecf5d0f3-e9bf-42fe-bd57-e5d9c5e47d20;383.5;2.9665;UNKNOWN
2016-01-23T00:15:20.000000;2016-01-23T00:15:20.000000;9739e8fc-f988-42c9-ab39-f863b0e2117e;383.52;0.5;UNKNOWN
2016-01-23T00:15:20.000000;2016-01-23T00:15:20.000000;1e4ab2bf-fdef-4bde-b99d-2ebe1ef3193f;383.5;0.2;UNKNOWN
2016-01-23T00:15:20.000000;2016-01-23T00:15:20.000000;d754258a-b318-4f4c-af55-2eef74925967;383.51;6.4935;UNKNOWN
2016-01-23T00:15:30.000000;2016-01-23T00:15:30.000000;95b70af7-be1d-4e43-aa1e-c1e1dd275ae3;383.75;4.0;UNKNOWN
2016-01-23T00:15:33.000000;2016-01-23T00:15:33.000000;86291e5f-878d-4c2b-a9f6-f14ae7983f1a;383.54;0.0142;UNKNOWN
2016-01-23T00:15:35.000000;2016-01-23T00:15:35.000000;86492364-1467-4e07-9f23-3cffe04d361c;383.74;0.05;UNKNOWN
2016-01-23T00:15:36.000000;2016-01-23T00:15:36.000000;d92d4eff-02c8-4874-bc5f-0370f5fab8a4;383.73;0.01674538;UNKNOWN
2016-01-23T00:15:38.000000;2016-01-23T00:15:38.000000;025963b1-6c1c-4c71-a41e-ac7463a2e4a9;383.73;0.08325462;UNKNOWN
2016-01-23T00:15:38.000000;2016-01-23T00:15:38.000000;73fe0a6c-7163-4259-b739-33588c5738e9;383.73;0.5;UNKNOWN
2016-01-23T00:15:38.000000;2016-01-23T00:15:38.000000;b9b45780-040d-4472-b9f2-ffc312f328eb;383.74;1.08674538;UNKNOWN
2016-01-23T00:15:38.000000;2016-01-23T00:15:38.000000;dbdf80b3-1b7f-49d9-ad30-d5dd0a4fff7a;383.73;0.33;UNKNOWN
2016-01-23T00:15:40.000000;2016-01-23T00:15:40.000000;1c9c07f8-0f8e-4ea4-9cf8-ec43f3e8f49f;383.73;2.0;UNKNOWN
2016-01-23T00:15:42.000000;2016-01-23T00:15:42.000000;9cb2e7bf-62f4-48b8-89d1-d9f3337f9912;383.56;0.0143;UNKNOWN
2016-01-23T00:15:48.000000;2016-01-23T00:15:48.000000;1c4843f8-888c-4361-b574-2682c681b1c3;383.7;3.9;UNKNOWN
2016-01-23T00:15:52.000000;2016-01-23T00:15:52.000000;5431e67b-e48c-4b3e-8766-9a5947074449;383.69;0.022;UNKNOWN
2016-01-23T00:16:05.000000;2016-01-23T00:16:05.000000;2d7f44d6-8b48-4b2c-9b11-d3527bc4ef3b;383.55;0.4941;UNKNOWN
2016-01-23T00:16:08.000000;2016-01-23T00:16:08.000000;7622488f-f322-4c2c-b9d2-364eaabc67f8;383.66;0.0604;UNKNOWN
2016-01-23T00:16:12.000000;2016-01-23T00:16:12.000000;44e8335f-aa84-4914-928c-f9849be7485f;383.53;0.4838;UNKNOWN
2016-01-23T00:16:12.000000;2016-01-23T00:16:12.000000;faf10261-e0a8-42db-a669-1d2ee7080066;383.54;0.5;UNKNOWN
2016-01-23T00:16:13.000000;2016-01-23T00:16:13.000000;f8eaee71-7002-426c-a1ce-02450ba24793;383.53;0.9908;UNKNOWN
2016-01-23T00:16:16.000000;2016-01-23T00:16:16.000000;a64f6a3e-be52-41a9-a25c-3f3802ca80d1;383.63;0.1;UNKNOWN
2016-01-23T00:16:18.000000;2016-01-23T00:16:18.000000;f199c6d8-7229-47c8-8d4c-1dcc8901f688;383.53;2.9154;UNKNOWN
2016-01-23T00:16:18.000000;2016-01-23T00:16:18.000000;e51b2c01-f120-4ada-9680-59a872c41784;383.64;0.8;UNKNOWN
2016-01-23T00:16:18.000000;2016-01-23T00:16:18.000000;4d1b053c-50a8-41a0-98e1-962e9d597042;383.63;0.4;UNKNOWN
2016-01-23T00:16:21.000000;2016-01-23T00:16:21.000000;ae738f03-7b2e-48c5-9b97-3f9696035e9d;383.34;0.01;UNKNOWN
2016-01-23T00:16:21.000000;2016-01-23T00:16:21.000000;c4fb0b04-5198-4733-a6a9-99c5a8115695;383.69;0.09;UNKNOWN
2016-01-23T00:16:39.000000;2016-01-23T00:16:39.000000;27d52cf6-7e71-49da-90c9-50b73440bda2;382.9;0.41;UNKNOWN
2016-01-23T00:16:44.000000;2016-01-23T00:16:44.000000;37132faa-87fb-415e-9f83-78c3b2c1b844;382.62;0.05;UNKNOWN
2016-01-23T00:16:48.000000;2016-01-23T00:16:48.000000;eb26de44-fec6-4fd9-bc4f-c6c21a423b9b;382.88;1.0;UNKNOWN
2016-01-23T00:16:51.000000;2016-01-23T00:16:51.000000;4649a3cf-4e75-45da-be90-2293f3173d2f;382.64;1.8165596;UNKNOWN
2016-01-23T00:16:58.000000;2016-01-23T00:16:58.000000;cd8b38d2-a771-49ca-b039-938de5031ba6;382.84;0.0622;UNKNOWN
2016-01-23T00:17:07.000000;2016-01-23T00:17:07.000000;7eb8a0dd-c882-4b77-911f-04e08e29b117;382.7;1.0;UNKNOWN
2016-01-23T00:17:20.000000;2016-01-23T00:17:20.000000;361a698d-1ee4-4a00-8361-6dedd0849744;382.76;1.0;UNKNOWN
2016-01-23T00:17:24.000000;2016-01-23T00:17:24.000000;5a62e302-aae3-4483-8856-87ac3cc36027;382.79;0.4;UNKNOWN
2016-01-23T00:17:27.000000;2016-01-23T00:17:27.000000;0a864385-7b48-46f1-bba4-244f513d5932;382.79;0.5;UNKNOWN
2016-01-23T00:17:50.000000;2016-01-23T00:17:50.000000;cfd18578-9f8a-449f-9af0-2e90fb7e85a8;382.78;6.5047;UNKNOWN
2016-01-23T00:17:50.000000;2016-01-23T00:17:50.000000;1add2236-9e45-4ecd-bf53-6ce9b45891db;382.78;2.5153;UNKNOWN
2016-01-23T00:17:50.000000;2016-01-23T00:17:50.000000;7ebf368a-4016-4db4-804c-d9cf9b639003;382.79;0.98;UNKNOWN
2016-01-23T00:17:57.000000;2016-01-23T00:17:57.000000;f6401820-d27c-441e-8590-85cc716b66ef;382.75;4.28140051;UNKNOWN
2016-01-23T00:18:05.000000;2016-01-23T00:18:05.000000;aaab3902-e651-4b64-816e-692f2b71fdd6;382.82;10.0;UNKNOWN
2016-01-23T00:18:05.000000;2016-01-23T00:18:05.000000;1d2e755b-044c-4688-b078-7b979c898b2a;382.79;0.4;UNKNOWN
2016-01-23T00:18:05.000000;2016-01-23T00:18:05.000000;db2958a9-d450-43e5-98e1-b7020873867f;382.8;0.4;UNKNOWN
2016-01-23T00:18:05.000000;2016-01-23T00:18:05.000000;048dec39-731c-4442-9c6e-df3b44daf67b;383.53;12.0;UNKNOWN
2016-01-23T00:18:05.000000;2016-01-23T00:18:05.000000;e91d2554-6106-425c-ac43-30c5024307fb;383.53;17.0912;UNKNOWN
2016-01-23T00:18:05.000000;2016-01-23T00:18:05.000000;bbfbdcc3-144d-4924-868a-9fcae0a2233a;382.78;0.5;UNKNOWN
2016-01-23T00:18:05.000000;2016-01-23T00:18:05.000000;546e94b0-6fab-43bf-a0a5-3f112a7fa6db;382.86;6.4974;UNKNOWN
2016-01-23T00:18:05.000000;2016-01-23T00:18:05.000000;f607a33d-8efb-44b7-b2e3-7eb9449b6342;383.54;0.56384586;UNKNOWN
2016-01-23T00:18:09.000000;2016-01-23T00:18:09.000000;f546a07e-6b06-40ea-affd-056d4f53b72e;383.51;0.25;UNKNOWN
2016-01-23T00:18:09.000000;2016-01-23T00:18:09.000000;d0f7c942-77f1-41a0-9bd0-da6a349b441c;383.51;0.25;UNKNOWN
2016-01-23T00:18:09.000000;2016-01-23T00:18:09.000000;096f7f5e-0a13-44f2-b727-0202a3b0652d;383.51;0.25;UNKNOWN
2016-01-23T00:18:09.000000;2016-01-23T00:18:09.000000;1778de0c-7400-4a01-87bc-55a2dd0b283b;383.6;0.25;UNKNOWN
2016-01-23T00:18:13.000000;2016-01-23T00:18:13.000000;3f521139-1569-4f81-9fba-ca40f85eb389;382.73;0.1810376;UNKNOWN
2016-01-23T00:18:14.000000;2016-01-23T00:18:14.000000;17e4a3ca-ff7b-4dd5-bb2e-cbc87a9dc4eb;383.51;0.05;UNKNOWN
2016-01-23T00:18:35.000000;2016-01-23T00:18:35.000000;d3033fd1-d7f1-4ab7-a437-728cce0e5261;383.02;0.27;UNKNOWN
2016-01-23T00:18:38.000000;2016-01-23T00:18:38.000000;790a992a-703c-45a8-ad31-27893227dc76;383.0;3.5146;UNKNOWN
2016-01-23T00:18:38.000000;2016-01-23T00:18:38.000000;aee06e03-7078-43b0-b248-61bb3eaabd59;383.01;6.4854;UNKNOWN
2016-01-23T00:18:48.000000;2016-01-23T00:18:48.000000;c3b06dff-4677-4f50-a52a-5a6a5ccb24bb;382.98;2.0;UNKNOWN
2016-01-23T00:18:56.000000;2016-01-23T00:18:56.000000;5c76dd32-9448-42e9-beef-9e6ac490b3a2;382.51;0.0315;UNKNOWN
2016-01-23T00:19:05.000000;2016-01-23T00:19:05.000000;5ef4983a-f29f-4913-925d-770b34f77b79;382.61;0.0315;UNKNOWN
2016-01-23T00:19:07.000000;2016-01-23T00:19:07.000000;12c72361-6cf5-41a1-b93d-4b572fa727df;382.96;0.25;UNKNOWN
2016-01-23T00:19:08.000000;2016-01-23T00:19:08.000000;f533d00f-8b0e-49e6-b3b9-d46f93b63987;383.02;0.1;UNKNOWN
2016-01-23T00:19:08.000000;2016-01-23T00:19:08.000000;3d35b3ab-ba9f-4387-8766-6dd757c14ee2;382.96;0.5;UNKNOWN
2016-01-23T00:19:08.000000;2016-01-23T00:19:08.000000;0abe6864-d33e-4a78-8bbb-76dc2377ae0c;382.97;0.4;UNKNOWN
2016-01-23T00:19:26.000000;2016-01-23T00:19:26.000000;a44b0670-2187-4dc0-b627-d4cb762cf6c8;382.72;6.0;UNKNOWN
2016-01-23T00:19:26.000000;2016-01-23T00:19:26.000000;7f8d5c4c-e470-4c86-9524-0c0e00603fae;382.71;3.24682877;UNKNOWN
2016-01-23T00:19:26.000000;2016-01-23T00:19:26.000000;c6b39219-6419-4841-80e7-79d6ac98f23c;382.72;0.5;UNKNOWN
2016-01-23T00:19:41.000000;2016-01-23T00:19:41.000000;52be7b2d-d3fb-4d45-a1b6-6506b7e27f92;382.98;0.28;UNKNOWN
2016-01-23T00:19:41.000000;2016-01-23T00:19:41.000000;d3aed150-8013-4ac4-83cd-b4a3c0b8383d;383.02;0.72;UNKNOWN
2016-01-23T00:19:48.000000;2016-01-23T00:19:48.000000;27e0fa6e-a5fe-48df-8489-3ed61ce619c1;383.56;2.79;UNKNOWN
2016-01-23T00:19:48.000000;2016-01-23T00:19:48.000000;38286631-c417-4697-b2ca-853768002414;382.97;0.4;UNKNOWN
2016-01-23T00:19:48.000000;2016-01-23T00:19:48.000000;ec64393c-b1a7-4a9c-a1ff-7641843bca0d;383.02;8.91;UNKNOWN
2016-01-23T00:19:48.000000;2016-01-23T00:19:48.000000;916357f9-9f3c-4d77-935c-3e7d4c7a45df;383.56;0.00688895;UNKNOWN
2016-01-23T00:19:48.000000;2016-01-23T00:19:48.000000;fffa3112-748b-4f9b-8a1f-1e753e0f41bd;383.09;6.4369;UNKNOWN
2016-01-23T00:19:52.000000;2016-01-23T00:19:52.000000;80f1fb49-a20f-44a5-b67f-3c966699205d;383.55;0.12;UNKNOWN
2016-01-23T00:20:23.000000;2016-01-23T00:20:23.000000;36b39232-b4b7-4738-9183-fe6d1bac490a;382.97;0.02;UNKNOWN
2016-01-23T00:20:47.000000;2016-01-23T00:20:47.000000;fef33e6d-fc1e-4086-b30a-872b32746fc6;382.64;0.0216;UNKNOWN
2016-01-23T00:21:05.000000;2016-01-23T00:21:05.000000;42860fcd-9a6f-4737-99bf-dbc0c03e056e;382.6;0.0171;UNKNOWN
2016-01-23T00:21:17.000000;2016-01-23T00:21:17.000000;ee10e0cb-d515-4f3e-9eec-675d418d4c7b;382.6;0.25;UNKNOWN
2016-01-23T00:21:17.000000;2016-01-23T00:21:17.000000;81885532-1eda-4509-8ef6-0944857617a8;382.6;0.25;UNKNOWN
2016-01-23T00:21:34.000000;2016-01-23T00:21:34.000000;1aa75701-adc5-45e4-afee-ad8b73a77ba6;382.61;0.36;UNKNOWN
2016-01-23T00:21:43.000000;2016-01-23T00:21:43.000000;382767f7-407a-4f07-9e0f-20319257f16c;382.6;0.4829;UNKNOWN
2016-01-23T00:21:56.000000;2016-01-23T00:21:56.000000;f5a3d67e-5c9a-4936-9676-0b9bf76e1e7d;382.56;0.02;UNKNOWN
2016-01-23T00:23:11.000000;2016-01-23T00:23:11.000000;f0f41400-05fc-4f58-9475-19e9415f0d9b;382.7;1.0;UNKNOWN
2016-01-23T00:23:29.000000;2016-01-23T00:23:29.000000;78e614ff-44b5-4d9c-95cc-f7da8dce5c6a;382.7;1.0;UNKNOWN
2016-01-23T00:23:40.000000;2016-01-23T00:23:40.000000;ad341e7e-c779-4b25-be42-b8541688a08e;382.7;3.62;UNKNOWN
2016-01-23T00:23:40.000000;2016-01-23T00:23:40.000000;dac6dfe6-d546-4d86-a701-58c4b11ddd16;382.7;4.001;UNKNOWN
2016-01-23T00:23:42.000000;2016-01-23T00:23:42.000000;58a38190-6f95-4989-be6e-bcd3414a86e2;382.69;0.10466343;UNKNOWN
2016-01-23T00:24:13.000000;2016-01-23T00:24:13.000000;a7ace7b7-fa5e-4265-a07a-23f185236320;382.69;0.03618413;UNKNOWN
2016-01-23T00:24:16.000000;2016-01-23T00:24:16.000000;3b78013a-5146-41e8-9aac-7fb6be9af0c1;382.7;26.279;UNKNOWN
2016-01-23T00:24:16.000000;2016-01-23T00:24:16.000000;9ee362de-9f42-48da-b764-c9f85b6465d2;382.7;0.1102792;UNKNOWN
2016-01-23T00:24:16.000000;2016-01-23T00:24:16.000000;86736fb2-b2b1-4172-8497-d08e0ef25355;382.7;14.1;UNKNOWN
2016-01-23T00:24:17.000000;2016-01-23T00:24:17.000000;73ad0ceb-3291-4530-bdc2-bb3b8d416988;382.99;0.029122;UNKNOWN
2016-01-23T00:24:17.000000;2016-01-23T00:24:17.000000;9257ce5a-c450-4fd6-98e3-6ae5d22f547f;382.99;12.263;UNKNOWN
2016-01-23T00:24:17.000000;2016-01-23T00:24:17.000000;4fc1136c-1b60-4562-87d3-d0178692d6aa;382.96;0.010878;UNKNOWN
2016-01-23T00:24:21.000000;2016-01-23T00:24:21.000000;734d9247-fa6e-4222-bf11-6a31e872d757;382.98;0.011519;UNKNOWN
2016-01-23T00:24:21.000000;2016-01-23T00:24:21.000000;07b71eae-97c4-42cc-9816-6657c5d2a110;382.98;0.012179;UNKNOWN
2016-01-23T00:24:22.000000;2016-01-23T00:24:22.000000;cdde44db-cdfc-4a6a-8c1f-a768b9f23998;382.99;1.0;UNKNOWN
2016-01-23T00:24:25.000000;2016-01-23T00:24:25.000000;28f04a8f-2540-434e-9c7f-0f633172df66;382.99;33.5995;UNKNOWN
2016-01-23T00:24:27.000000;2016-01-23T00:24:27.000000;640111cd-3e9c-4619-85c7-6a26107e5140;383.02;10.0;UNKNOWN
2016-01-23T00:24:27.000000;2016-01-23T00:24:27.000000;28ba74b4-52c2-4903-8111-e6a3c342776f;382.99;3.108378;UNKNOWN
2016-01-23T00:24:51.000000;2016-01-23T00:24:51.000000;0ba2f421-bcb2-4d9e-930c-826092ff2dc6;383.5;2.3;UNKNOWN
2016-01-23T00:24:53.000000;2016-01-23T00:24:53.000000;14005300-b154-4f58-9a47-00933f87b925;383.5;8.3;UNKNOWN
2016-01-23T00:25:04.000000;2016-01-23T00:25:04.000000;1a40d7bc-58a4-4fbe-a1f3-80d3d58d2547;383.69;0.41;UNKNOWN
2016-01-23T00:25:04.000000;2016-01-23T00:25:04.000000;75058d28-61cc-434d-8c3d-f0224dfb9e78;383.82;0.070523;UNKNOWN
2016-01-23T00:25:04.000000;2016-01-23T00:25:04.000000;a26c2a41-797f-425c-bfe7-42f11bb3b0c1;384.22;0.1041;UNKNOWN
2016-01-23T00:25:04.000000;2016-01-23T00:25:04.000000;31115ca0-8e40-48c7-a20d-022d94f74877;384.26;0.01;UNKNOWN
2016-01-23T00:25:04.000000;2016-01-23T00:25:04.000000;345a5eec-28f5-4353-870e-c54085549d65;383.5;39.4;UNKNOWN
2016-01-23T00:25:04.000000;2016-01-23T00:25:04.000000;89f67414-d343-4292-be79-bfc4588ae0ce;384.26;0.01;UNKNOWN
2016-01-23T00:25:04.000000;2016-01-23T00:25:04.000000;9fa55f2d-a439-49a8-b5d1-7b5218bb66d4;384.24;0.01;UNKNOWN
2016-01-23T00:25:04.000000;2016-01-23T00:25:04.000000;de7efba6-dbc0-4da9-9630-698f194d7ace;384.34;0.15;UNKNOWN
2016-01-23T00:25:04.000000;2016-01-23T00:25:04.000000;bb7e87c1-40f3-4cf5-8a28-699bd2d70119;384.35;2.51648644;UNKNOWN
2016-01-23T00:25:04.000000;2016-01-23T00:25:04.000000;92210051-a431-4ac2-92f5-da86581dd37d;384.0;0.2;UNKNOWN
2016-01-23T00:25:05.000000;2016-01-23T00:25:05.000000;89b30087-2a02-431f-9024-891663ba9711;384.84;0.66459273;UNKNOWN
2016-01-23T00:25:05.000000;2016-01-23T00:25:05.000000;ad0227a3-31f7-4cff-acd1-f28bff30bfb5;384.9;14.2583403;UNKNOWN
2016-01-23T00:25:05.000000;2016-01-23T00:25:05.000000;62796df3-37a0-4e18-86e1-eb4d8e154c50;384.69;8.63188479;UNKNOWN
2016-01-23T00:25:05.000000;2016-01-23T00:25:05.000000;2ccd2e4b-8fad-4f58-90c9-1f83a57506ea;384.8;1.0;UNKNOWN
2016-01-23T00:25:05.000000;2016-01-23T00:25:05.000000;061bd926-e087-4463-8f39-1f3cc5154e11;384.8;17.619;UNKNOWN
2016-01-23T00:25:05.000000;2016-01-23T00:25:05.000000;e8929928-fe11-4e91-98a1-a8090ccd872e;384.89;5.0;UNKNOWN
2016-01-23T00:25:05.000000;2016-01-23T00:25:05.000000;498d4544-f1c8-4472-b69c-43ae3f34a05a;384.67;1.0;UNKNOWN
2016-01-23T00:25:05.000000;2016-01-23T00:25:05.000000;13bf81e3-2b8d-44f7-b196-4c2fa5af6046;384.66;0.1;UNKNOWN
2016-01-23T00:25:05.000000;2016-01-23T00:25:05.000000;85f04b85-3573-4fed-a825-29dd77d9dd8f;384.35;2.48351356;UNKNOWN
2016-01-23T00:25:05.000000;2016-01-23T00:25:05.000000;810793a8-d6eb-4f78-a64e-9d30fa75a324;384.59;5.0;UNKNOWN
2016-01-23T00:25:05.000000;2016-01-23T00:25:05.000000;344556cd-34e7-44f6-8940-93f9c006d5ae;384.8;5.0;UNKNOWN
2016-01-23T00:25:05.000000;2016-01-23T00:25:05.000000;965edfdf-1470-4985-ad7e-63f3d1ac0a29;384.82;5.0;UNKNOWN
2016-01-23T00:25:05.000000;2016-01-23T00:25:05.000000;c64cdee9-5b69-4400-a835-856216263acf;384.84;2.0;UNKNOWN
2016-01-23T00:25:06.000000;2016-01-23T00:25:06.000000;53c7a674-c870-45be-895d-5a2fd99fbcbd;384.9;2.69648644;UNKNOWN
2016-01-23T00:25:16.000000;2016-01-23T00:25:16.000000;e7a65e2d-085c-4e38-8ea4-91d791969bac;384.95;5.0;UNKNOWN
2016-01-23T00:25:16.000000;2016-01-23T00:25:16.000000;86ab0faa-1280-4671-bae1-b592f2c97192;384.95;8.0;UNKNOWN
2016-01-23T00:25:35.000000;2016-01-23T00:25:35.000000;c19ab772-73be-42ff-b0e3-90497c71cab9;384.51;0.05;UNKNOWN
2016-01-23T00:25:37.000000;2016-01-23T00:25:37.000000;a33babf1-56aa-462e-8fc2-5a56c78bb55f;384.52;0.01;UNKNOWN
2016-01-23T00:25:57.000000;2016-01-23T00:25:57.000000;82963ffc-677a-4657-8a4f-2b0b5aeca03c;384.31;0.01;UNKNOWN
2016-01-23T00:26:01.000000;2016-01-23T00:26:01.000000;cbe742ca-cf18-4d25-a4c7-945442140a1d;384.33;5.0;UNKNOWN
2016-01-23T00:26:01.000000;2016-01-23T00:26:01.000000;e495f0f2-04a3-42b0-b624-637bcc50c5f6;384.34;3.0;UNKNOWN
2016-01-23T00:26:04.000000;2016-01-23T00:26:04.000000;ce9fef5a-def5-4074-85a0-29c9ea0bbea6;384.33;0.05;UNKNOWN
2016-01-23T00:26:05.000000;2016-01-23T00:26:05.000000;a3a68f66-fbb2-40a6-a91a-a40ef51ecf98;384.7;6.79157955;UNKNOWN
2016-01-23T00:26:05.000000;2016-01-23T00:26:05.000000;fc2a39e4-aee4-4062-bd54-017ceccc40c5;384.7;3.20842045;UNKNOWN
2016-01-23T00:26:05.000000;2016-01-23T00:26:05.000000;0ad66c45-8256-4167-8aea-49397986d4cf;384.54;20.32;UNKNOWN
2016-01-23T00:26:05.000000;2016-01-23T00:26:05.000000;a07cec54-f9ae-45fd-b7c5-8ff037215d27;384.95;9.84947766;UNKNOWN
2016-01-23T00:26:05.000000;2016-01-23T00:26:05.000000;90dc95bc-6571-4cde-b782-52442c0d0986;384.56;0.4;UNKNOWN
2016-01-23T00:26:05.000000;2016-01-23T00:26:05.000000;1be16c30-0016-43f7-ae0f-63729cab9cf4;384.6;0.45018629;UNKNOWN
2016-01-23T00:26:05.000000;2016-01-23T00:26:05.000000;7e2d4d1c-0bbd-47ea-b35d-f5d90f4743ac;384.55;0.01;UNKNOWN
2016-01-23T00:26:05.000000;2016-01-23T00:26:05.000000;eda1753a-6859-462a-be1d-c13a1efb7e7d;384.79;0.07053;UNKNOWN
2016-01-23T00:26:07.000000;2016-01-23T00:26:07.000000;366b37e1-859d-4e69-b8c2-9ca95a891067;384.09;8.0;UNKNOWN
2016-01-23T00:26:22.000000;2016-01-23T00:26:22.000000;608ca8ec-2433-4211-b699-6e491168c092;384.15;0.19499781;UNKNOWN
2016-01-23T00:26:41.000000;2016-01-23T00:26:41.000000;67147953-a07a-459b-a4ea-2ee0f827a5db;384.11;1.6399249;UNKNOWN
2016-01-23T00:26:49.000000;2016-01-23T00:26:49.000000;a28dd3a9-5fa3-4696-9510-f952c3ed4890;384.1;0.1098;UNKNOWN
2016-01-23T00:26:49.000000;2016-01-23T00:26:49.000000;3a1a2c4a-b594-4654-ad34-4029c7795b3b;384.1;5.33930488;UNKNOWN
2016-01-23T00:26:51.000000;2016-01-23T00:26:51.000000;10d617dc-c5ec-4392-91ae-725409552021;384.11;3.0;UNKNOWN
2016-01-23T00:27:01.000000;2016-01-23T00:27:01.000000;0d8627b0-79a0-48dd-8716-9034a7a5c1bf;384.31;0.0704;UNKNOWN
2016-01-23T00:27:01.000000;2016-01-23T00:27:01.000000;165f4e0a-4168-48ad-98b6-ed703bcb9a1a;384.27;0.4;UNKNOWN
2016-01-23T00:27:01.000000;2016-01-23T00:27:01.000000;4ab2b200-66fa-4584-b9b7-4c0f01e74aa0;384.35;0.5;UNKNOWN
2016-01-23T00:27:05.000000;2016-01-23T00:27:05.000000;ade68d9b-0cac-4bad-a0b4-346d4a8e7803;384.76;8.2;UNKNOWN
2016-01-23T00:27:05.000000;2016-01-23T00:27:05.000000;055a33be-8c32-4e06-b087-af547c3e9a40;384.77;5.03811768;UNKNOWN
2016-01-23T00:27:09.000000;2016-01-23T00:27:09.000000;71667e8b-1d40-44fe-bda7-1d42282192b2;384.38;0.070403;UNKNOWN
2016-01-23T00:27:33.000000;2016-01-23T00:27:33.000000;db697c3b-ac83-4571-a320-cadba0e402e8;384.71;0.05;UNKNOWN
2016-01-23T00:27:33.000000;2016-01-23T00:27:33.000000;6536a421-be5b-4a0f-8b38-d14cffb7f0c3;384.8;16.5221;UNKNOWN
2016-01-23T00:27:33.000000;2016-01-23T00:27:33.000000;980fe5f1-fb7c-4a8c-aa93-dbd8fb3ff8cd;384.7;6.4279;UNKNOWN
2016-01-23T00:27:33.000000;2016-01-23T00:27:33.000000;7a9317f8-1f33-48c4-a251-27fcf5e6f586;384.8;0.60989;UNKNOWN
2016-01-23T00:27:33.000000;2016-01-23T00:27:33.000000;3aa36024-29ca-4afd-81a2-2511c948153d;384.69;0.05;UNKNOWN
2016-01-23T00:27:33.000000;2016-01-23T00:27:33.000000;df9a68bf-423a-4485-8735-ab030e6a8bba;384.71;0.01;UNKNOWN
2016-01-23T00:27:33.000000;2016-01-23T00:27:33.000000;7c70f941-6ccd-4ea1-83b8-3c30a9cc4890;384.7;0.07;UNKNOWN
2016-01-23T00:27:33.000000;2016-01-23T00:27:33.000000;607c30f9-0134-40fc-aea6-d48a7b3aabfc;384.69;0.4;UNKNOWN
2016-01-23T00:27:33.000000;2016-01-23T00:27:33.000000;8fc1fbe0-4cc9-4746-8708-299fb21f199a;384.71;0.01;UNKNOWN
2016-01-23T00:27:33.000000;2016-01-23T00:27:33.000000;0db00eee-1a50-45fb-bb56-2f5a1c1b1beb;384.69;0.01;UNKNOWN
2016-01-23T00:27:33.000000;2016-01-23T00:27:33.000000;e651687a-a3bd-45f7-81f7-d726af38a2d1;384.71;0.01;UNKNOWN
2016-01-23T00:27:33.000000;2016-01-23T00:27:33.000000;692c7a2f-1bc9-405d-8d34-94c1c0276e5a;384.93;0.07032;UNKNOWN
2016-01-23T00:27:33.000000;2016-01-23T00:27:33.000000;0b76af2b-4a14-4a01-9363-120690ba2b0c;384.95;27.15052234;UNKNOWN
2016-01-23T00:27:33.000000;2016-01-23T00:27:33.000000;e2a5ea84-cefc-488a-a205-722bf6b67dbd;384.98;0.05;UNKNOWN
2016-01-23T00:27:33.000000;2016-01-23T00:27:33.000000;e49003a4-cfce-4d07-9082-7bc28f708480;384.94;2.0;UNKNOWN
2016-01-23T00:27:33.000000;2016-01-23T00:27:33.000000;50e57231-3a13-4c81-9905-0591ab70a379;384.98;1.55926766;UNKNOWN
2016-01-23T00:28:28.000000;2016-01-23T00:28:28.000000;68d1e928-3164-48d9-8a1c-8b5b719802dc;384.69;0.36;UNKNOWN
2016-01-23T00:28:28.000000;2016-01-23T00:28:28.000000;7b8471f7-e69f-4c57-be87-efa639cde692;384.69;0.01;UNKNOWN
2016-01-23T00:28:28.000000;2016-01-23T00:28:28.000000;9710147b-d4f9-403e-84b1-fbc53ce45dc4;384.69;0.37;UNKNOWN
2016-01-23T00:28:28.000000;2016-01-23T00:28:28.000000;ced8753e-852b-4772-92a3-527ac22c1bc7;384.69;0.48;UNKNOWN
2016-01-23T00:28:49.000000;2016-01-23T00:28:49.000000;af14eaed-a7e8-41c0-9927-887e3476e857;384.66;0.02;UNKNOWN
2016-01-23T00:28:49.000000;2016-01-23T00:28:49.000000;8a178c8a-5c76-4484-b9be-77f680c56689;384.67;0.4;UNKNOWN
2016-01-23T00:28:49.000000;2016-01-23T00:28:49.000000;6006cc38-472c-4b8d-8054-0f5e28847d51;384.68;0.3;UNKNOWN
2016-01-23T00:28:49.000000;2016-01-23T00:28:49.000000;77616896-1230-4a66-a19f-4303a8d00e4b;384.68;0.01;UNKNOWN
2016-01-23T00:28:49.000000;2016-01-23T00:28:49.000000;9c249ce0-68f6-41f7-8d7e-49719d50b8a4;384.68;0.14;UNKNOWN
2016-01-23T00:28:49.000000;2016-01-23T00:28:49.000000;9dc7f897-58a4-4c77-8a89-34aaa16062a7;384.66;0.13;UNKNOWN
2016-01-23T00:29:02.000000;2016-01-23T00:29:02.000000;ed46c62c-512f-4a1a-bf40-c4951047c0c6;384.35;0.0148;UNKNOWN
2016-01-23T00:29:03.000000;2016-01-23T00:29:03.000000;c0198991-aa32-451c-838f-014d367cb33f;384.35;0.0148;UNKNOWN
2016-01-23T00:29:03.000000;2016-01-23T00:29:03.000000;6975b92f-8cd0-4721-b8d0-192ed46cff5f;384.22;0.0352;UNKNOWN
2016-01-23T00:29:04.000000;2016-01-23T00:29:04.000000;71150fe4-e7a7-4748-81ce-e43c9f37537e;384.61;1.03100087;UNKNOWN
2016-01-23T00:29:04.000000;2016-01-23T00:29:04.000000;4783e626-e4c6-49bb-b5f8-48a9d7443b92;384.65;0.4;UNKNOWN
2016-01-23T00:29:04.000000;2016-01-23T00:29:04.000000;5d447493-20bb-4aa7-b202-dae0b8850e71;384.67;0.070321;UNKNOWN
2016-01-23T00:29:04.000000;2016-01-23T00:29:04.000000;882b39b9-8dd6-409e-9f74-8495f4333390;384.8;5.0;UNKNOWN
2016-01-23T00:29:04.000000;2016-01-23T00:29:04.000000;6ed6c7ce-c94a-49eb-bed8-c2873399e413;384.94;3.51970914;UNKNOWN
2016-01-23T00:29:04.000000;2016-01-23T00:29:04.000000;2ceebb51-23c9-4f76-9820-96056c2286c2;384.62;0.36;UNKNOWN
2016-01-23T00:29:04.000000;2016-01-23T00:29:04.000000;2544c8d0-77b5-4467-9260-8ebb0b1139d9;384.63;0.4;UNKNOWN
2016-01-23T00:29:04.000000;2016-01-23T00:29:04.000000;3d4205e3-a017-4514-9511-dbe5cb10d5fc;384.64;0.06;UNKNOWN
2016-01-23T00:29:05.000000;2016-01-23T00:29:05.000000;e617a756-c204-4ff4-9267-9d583bbaa132;384.98;17.48407116;UNKNOWN
2016-01-23T00:29:05.000000;2016-01-23T00:29:05.000000;4415585b-4a49-46ae-af74-420b6a1800fb;384.94;18.4648;UNKNOWN
2016-01-23T00:29:05.000000;2016-01-23T00:29:05.000000;fe492496-f9ce-46d7-a9ac-4e5b25097fb6;384.98;0.75;UNKNOWN
2016-01-23T00:29:05.000000;2016-01-23T00:29:05.000000;ebceb6f3-f3a8-41a0-9e5e-b231fa4eb481;384.98;2.0;UNKNOWN
2016-01-23T00:29:05.000000;2016-01-23T00:29:05.000000;d71c3930-c8b8-4016-9c91-708de4cf20d3;384.98;2.72562884;UNKNOWN
2016-01-23T00:29:05.000000;2016-01-23T00:29:05.000000;1c62590c-7e22-41e5-b209-3db74d513256;384.99;2.0;UNKNOWN
2016-01-23T00:29:05.000000;2016-01-23T00:29:05.000000;bb7ccfb2-56a7-4504-a1e8-c1fa496a1725;385.0;4.01658268;UNKNOWN
2016-01-23T00:29:05.000000;2016-01-23T00:29:05.000000;f8bda8cf-6109-4d29-a61a-aebd916b36b7;384.99;0.1;UNKNOWN
2016-01-23T00:29:05.000000;2016-01-23T00:29:05.000000;433f60db-39d0-4e9f-8a48-9a71129e2cd6;384.99;0.7;UNKNOWN
2016-01-23T00:29:05.000000;2016-01-23T00:29:05.000000;7c031f2c-7cc0-4e3c-8400-fc973f0bb99a;385.0;29.74158525;UNKNOWN
2016-01-23T00:29:05.000000;2016-01-23T00:29:05.000000;ad7441d6-830a-4788-90c1-9f20358529ba;384.94;4.94629086;UNKNOWN
2016-01-23T00:29:07.000000;2016-01-23T00:29:07.000000;30416b6a-08ff-4f28-a7c2-c3c6b5c3c0d7;384.99;20.0;UNKNOWN
2016-01-23T00:29:07.000000;2016-01-23T00:29:07.000000;6064afa6-2bdf-473a-9c86-a9d62370b891;385.02;0.25;UNKNOWN
2016-01-23T00:29:07.000000;2016-01-23T00:29:07.000000;ae872119-91dc-49b8-9003-d1f33d081509;385.1;2.0;UNKNOWN
2016-01-23T00:29:07.000000;2016-01-23T00:29:07.000000;6eb9a44b-649c-44bf-b196-bfb698a85557;385.15;0.05;UNKNOWN
2016-01-23T00:29:07.000000;2016-01-23T00:29:07.000000;e0dcfe3f-b831-40e8-aafb-07a1071e5a3b;385.19;1.0;UNKNOWN
2016-01-23T00:29:07.000000;2016-01-23T00:29:07.000000;ae693d99-a8cf-4925-950f-184a83835b7f;385.18;19.8984;UNKNOWN
2016-01-23T00:29:07.000000;2016-01-23T00:29:07.000000;dab0da45-0051-441b-b5c1-5a1ed38424b1;384.62;0.12;UNKNOWN
2016-01-23T00:29:07.000000;2016-01-23T00:29:07.000000;364c9da2-8279-4a69-a8e1-b87659c5e7fe;385.0;0.1096902;UNKNOWN
2016-01-23T00:29:07.000000;2016-01-23T00:29:07.000000;b423f638-9cc8-4279-ae02-d200f228f18d;385.0;0.05;UNKNOWN
2016-01-23T00:29:07.000000;2016-01-23T00:29:07.000000;b8c59fb8-8c5c-4369-8644-bdb09fc7fd92;385.0;16.24183207;UNKNOWN
2016-01-23T00:29:07.000000;2016-01-23T00:29:07.000000;a9280c1d-9514-4077-9bbf-fb18f1bd9298;385.0;0.2;UNKNOWN
2016-01-23T00:29:07.000000;2016-01-23T00:29:07.000000;486030d3-4677-474c-a3fb-8d197a873d87;385.0;0.1;UNKNOWN
2016-01-23T00:29:07.000000;2016-01-23T00:29:07.000000;4223e15e-f5d6-4e26-868e-99c9bec75a26;385.37;4.99786923;UNKNOWN
2016-01-23T00:29:10.000000;2016-01-23T00:29:10.000000;26a00555-0383-4050-9c9b-bec10d5ac7e4;384.99;10.55740395;UNKNOWN
2016-01-23T00:29:10.000000;2016-01-23T00:29:10.000000;a43b7254-78f9-4f09-bd70-04097d93b557;384.97;0.1;UNKNOWN
2016-01-23T00:29:13.000000;2016-01-23T00:29:13.000000;87d7d1bd-7752-4daa-b4ba-c5c08b1b2853;384.32;3.0;UNKNOWN
2016-01-23T00:29:16.000000;2016-01-23T00:29:16.000000;1bc37091-61ea-42f8-9a44-6b8ade2df3f2;384.33;2.3;UNKNOWN
2016-01-23T00:29:16.000000;2016-01-23T00:29:16.000000;15c61bbe-e6e8-4e48-a704-76db21615233;384.33;0.7427;UNKNOWN
2016-01-23T00:29:20.000000;2016-01-23T00:29:20.000000;6827cecc-3e01-4426-93bd-b5e787dad9d5;384.1;3.9;UNKNOWN
2016-01-23T00:29:29.000000;2016-01-23T00:29:29.000000;7df3a892-9f09-4ee3-b05e-ad9a72a2a9fe;384.88;0.1;UNKNOWN
2016-01-23T00:29:29.000000;2016-01-23T00:29:29.000000;7693ab72-a964-43ba-b2ed-4e9a1b2f7f58;384.88;0.1;UNKNOWN
2016-01-23T00:29:30.000000;2016-01-23T00:29:30.000000;824a141c-82c6-4b50-a30f-d0132ed0bcf8;384.88;0.1;UNKNOWN
2016-01-23T00:29:36.000000;2016-01-23T00:29:36.000000;606cc73f-d5f7-434d-a666-9bfea5f2f15a;384.89;0.1;UNKNOWN
2016-01-23T00:29:47.000000;2016-01-23T00:29:47.000000;758224fc-bcf6-4222-b9b7-50aff5ffd16f;384.29;0.5223;UNKNOWN
2016-01-23T00:30:04.000000;2016-01-23T00:30:04.000000;b6c883e5-db00-4ebd-83ee-77252100db31;384.8;0.1;UNKNOWN
2016-01-23T00:30:05.000000;2016-01-23T00:30:05.000000;aa3c2915-5e05-4600-8759-2751bb51919b;385.36;7.68161912;UNKNOWN
2016-01-23T00:30:05.000000;2016-01-23T00:30:05.000000;ac3db73d-c5ff-4da3-a6eb-f095d19a52ac;386.0;2.9;UNKNOWN
2016-01-23T00:30:05.000000;2016-01-23T00:30:05.000000;45440576-e2e3-4664-a6d1-df04bed16e03;385.77;0.070324;UNKNOWN
2016-01-23T00:30:05.000000;2016-01-23T00:30:05.000000;3448e598-a6cb-4a74-9e42-9d941f569209;385.33;6.58243377;UNKNOWN
2016-01-23T00:30:05.000000;2016-01-23T00:30:05.000000;f2963054-04e0-468f-9af5-1398390de64a;385.82;1.80225388;UNKNOWN
2016-01-23T00:30:05.000000;2016-01-23T00:30:05.000000;5a5f5ef2-2e99-45bc-b3e9-057498188969;386.0;1.05958117;UNKNOWN
2016-01-23T00:30:05.000000;2016-01-23T00:30:05.000000;75cbf7ca-5c4e-4ae9-8564-c7f00e91550a;385.82;6.39845351;UNKNOWN
2016-01-23T00:30:05.000000;2016-01-23T00:30:05.000000;96a700fe-69b8-4916-8d38-c078d417ced7;385.36;7.35177728;UNKNOWN
2016-01-23T00:30:05.000000;2016-01-23T00:30:05.000000;26b95aff-5751-4f82-b5cc-5f09d1e10d71;386.0;11.45224188;UNKNOWN
2016-01-23T00:30:05.000000;2016-01-23T00:30:05.000000;e2793e06-eb99-45e7-b167-34cc3d6f4292;384.87;15.99098134;UNKNOWN
2016-01-23T00:30:05.000000;2016-01-23T00:30:05.000000;e3b76178-b14f-42cb-9902-9d102823c1fb;386.0;3.74546528;UNKNOWN
2016-01-23T00:30:05.000000;2016-01-23T00:30:05.000000;a6d48cbb-70d3-43be-bd84-aef3a1870863;385.89;3.47163118;UNKNOWN
2016-01-23T00:30:05.000000;2016-01-23T00:30:05.000000;f8428699-1737-4086-8b6c-b07050469418;385.64;0.05;UNKNOWN
2016-01-23T00:30:05.000000;2016-01-23T00:30:05.000000;75e0aa7d-67b6-4da9-9671-a44607755308;385.43;10.3809;UNKNOWN
2016-01-23T00:30:05.000000;2016-01-23T00:30:05.000000;9fb6e71c-1963-4238-910d-dad55e7296e8;385.82;3.74329996;UNKNOWN
2016-01-23T00:30:05.000000;2016-01-23T00:30:05.000000;49d90b43-41ec-4877-a6bb-4fb9e72dac9a;385.44;12.5;UNKNOWN
2016-01-23T00:30:05.000000;2016-01-23T00:30:05.000000;f8330fbd-7ddb-4ab9-bf03-b508c0c78c42;385.6;1.52225818;UNKNOWN
2016-01-23T00:30:05.000000;2016-01-23T00:30:05.000000;10042224-9177-409a-9807-2605e5e71888;385.88;0.67812952;UNKNOWN
2016-01-23T00:30:05.000000;2016-01-23T00:30:05.000000;a777d69e-a65e-47dd-bea4-16860ac49272;385.36;3.42077182;UNKNOWN
2016-01-23T00:30:05.000000;2016-01-23T00:30:05.000000;dba153cf-702c-4562-aed5-020241381be5;385.89;7.75772368;UNKNOWN
2016-01-23T00:30:05.000000;2016-01-23T00:30:05.000000;4227ec12-5d74-4da5-ac3d-f5c6c3aa86be;386.0;0.05;UNKNOWN
2016-01-23T00:30:05.000000;2016-01-23T00:30:05.000000;7c25ec55-37a7-4ae3-a82a-4a6113008dc3;385.89;28.77064514;UNKNOWN
2016-01-23T00:30:05.000000;2016-01-23T00:30:05.000000;46bd13e3-1919-41a4-9902-85f7f21b0aa6;385.85;1.0;UNKNOWN
2016-01-23T00:30:05.000000;2016-01-23T00:30:05.000000;b5d1376d-2459-4201-931e-80771349fed3;386.0;0.4267;UNKNOWN
2016-01-23T00:30:05.000000;2016-01-23T00:30:05.000000;5662d5f6-f6f5-44ab-90dd-e1348b8518fe;385.88;4.53298136;UNKNOWN
2016-01-23T00:30:05.000000;2016-01-23T00:30:05.000000;c1feb17d-3188-4ee3-8c9f-f0eff5e81429;385.88;3.63572119;UNKNOWN
2016-01-23T00:30:05.000000;2016-01-23T00:30:05.000000;59fbee6e-e992-4dc7-8d38-126d46d0adcd;385.88;0.05316793;UNKNOWN
2016-01-23T00:30:05.000000;2016-01-23T00:30:05.000000;bf43bb0c-c9fe-488c-aa6d-34d0fff0f9dc;385.34;6.14149648;UNKNOWN
2016-01-23T00:30:05.000000;2016-01-23T00:30:05.000000;e9a93ba8-44ec-46bd-adc6-d07995091655;385.82;8.02619265;UNKNOWN
2016-01-23T00:30:05.000000;2016-01-23T00:30:05.000000;7888f029-0901-40c6-83e8-edb6b96045dc;384.81;0.01;UNKNOWN
2016-01-23T00:30:05.000000;2016-01-23T00:30:05.000000;0814a770-8c0f-4dc8-90a6-215718242dbe;385.33;2.07356623;UNKNOWN
2016-01-23T00:30:05.000000;2016-01-23T00:30:05.000000;c88e8abc-36d8-41a3-bce3-810ceab68d7b;385.58;0.1876;UNKNOWN
2016-01-23T00:30:05.000000;2016-01-23T00:30:05.000000;0307d68e-e6ce-43e7-b06c-0a8b5070881e;385.6;18.83624182;UNKNOWN
2016-01-23T00:30:05.000000;2016-01-23T00:30:05.000000;054dfc77-7a58-498d-8cc3-2b864ad91865;384.8;6.3457;UNKNOWN
2016-01-23T00:30:05.000000;2016-01-23T00:30:05.000000;216a8261-e2cf-4085-a82a-554cfaec059e;384.99;0.25;UNKNOWN
2016-01-23T00:30:05.000000;2016-01-23T00:30:05.000000;0a84a6df-69ac-4d67-b589-b627436c3a65;385.61;0.05;UNKNOWN
2016-01-23T00:30:05.000000;2016-01-23T00:30:05.000000;d465cf30-c06a-46ce-9794-b63aebc6c16e;385.34;2.71650352;UNKNOWN
2016-01-23T00:30:05.000000;2016-01-23T00:30:05.000000;f1d63804-6c2f-4f19-94f1-3ec0e20350d6;385.29;11.39631762;UNKNOWN
2016-01-23T00:30:05.000000;2016-01-23T00:30:05.000000;f46bee56-31f7-4e9c-bd43-b82c787f6a5d;385.31;10.0;UNKNOWN
2016-01-23T00:30:05.000000;2016-01-23T00:30:05.000000;06b39782-4cc5-4ef6-9263-370b044ffac8;384.81;3.22;UNKNOWN
2016-01-23T00:30:05.000000;2016-01-23T00:30:05.000000;0ee2034f-af47-4303-b9c0-a0ef1c94fcaa;384.81;0.03;UNKNOWN
2016-01-23T00:30:05.000000;2016-01-23T00:30:05.000000;e1c28084-1b9a-4c17-ba9a-e29c43bf1ffb;385.29;6.45848238;UNKNOWN
2016-01-23T00:30:05.000000;2016-01-23T00:30:05.000000;335a94fe-d19f-493e-9623-157bbd46e6bc;384.87;15.25256505;UNKNOWN
2016-01-23T00:30:05.000000;2016-01-23T00:30:05.000000;20235dfe-cf85-40f5-9f84-f8191e3bad61;384.83;0.15;UNKNOWN
2016-01-23T00:30:05.000000;2016-01-23T00:30:05.000000;1346fd1c-1c00-41aa-bead-584294699e03;385.36;1.58443178;UNKNOWN
2016-01-23T00:30:05.000000;2016-01-23T00:30:05.000000;5c8d2655-0b5a-472d-94c7-0fb7de27072e;384.83;0.2899941;UNKNOWN
2016-01-23T00:30:05.000000;2016-01-23T00:30:05.000000;ef4d71cb-86bf-48c9-b98a-7044c3fb4e1b;384.87;3.75645361;UNKNOWN
2016-01-23T00:30:05.000000;2016-01-23T00:30:05.000000;3a4db749-d892-4567-adbf-491715ef7e90;384.83;0.2100059;UNKNOWN
2016-01-23T00:30:05.000000;2016-01-23T00:30:05.000000;af40a352-dca8-4388-9da0-3d0a7753350a;384.83;0.02;UNKNOWN
2016-01-23T00:30:05.000000;2016-01-23T00:30:05.000000;5ed1b156-5188-48e8-8b23-3941c75eb24c;385.0;3.8;UNKNOWN
2016-01-23T00:30:06.000000;2016-01-23T00:30:06.000000;9df6cafd-a517-4660-86df-4c5f92ed301d;386.0;2.0;UNKNOWN
2016-01-23T00:30:06.000000;2016-01-23T00:30:06.000000;b8ff2eac-c7dd-4c06-99b6-1a37a667d2c3;386.03;2.48851592;UNKNOWN
2016-01-23T00:30:06.000000;2016-01-23T00:30:06.000000;bceead2d-46ee-4dd6-b07d-bd5dbcebc6e0;386.0;6.74271167;UNKNOWN
2016-01-23T00:30:07.000000;2016-01-23T00:30:07.000000;b26685b7-b9ae-4519-85aa-08415ae1f501;385.15;6.81451752;UNKNOWN
2016-01-23T00:30:09.000000;2016-01-23T00:30:09.000000;98da6b20-e06d-4029-bb39-042066fb3e5a;384.06;18.2918;UNKNOWN
2016-01-23T00:30:09.000000;2016-01-23T00:30:09.000000;6468a400-30a0-4e3d-9973-25da45d36d48;384.5;0.2;UNKNOWN
2016-01-23T00:30:09.000000;2016-01-23T00:30:09.000000;2464c8b8-5d0a-45fb-adc9-1ecc97611c31;383.84;18.6367;UNKNOWN
2016-01-23T00:30:09.000000;2016-01-23T00:30:09.000000;d4bf5dfd-b683-4b5c-adfa-7fa9f009ce2b;383.64;16.8121;UNKNOWN
2016-01-23T00:30:09.000000;2016-01-23T00:30:09.000000;9f516b20-ce4b-4e69-b043-e51b5b184f54;383.51;10.3944;UNKNOWN
2016-01-23T00:30:09.000000;2016-01-23T00:30:09.000000;243558f3-6f1f-41b0-bc58-86e4bb261ad3;382.71;0.02400488;UNKNOWN
2016-01-23T00:30:09.000000;2016-01-23T00:30:09.000000;d3aeeb8b-9a81-4b3d-b54e-b1e1d50d9c3b;383.06;17.3553;UNKNOWN
2016-01-23T00:30:09.000000;2016-01-23T00:30:09.000000;36d62d55-549f-40f1-b26c-beb03a78a1e7;382.86;16.4406;UNKNOWN
2016-01-23T00:30:09.000000;2016-01-23T00:30:09.000000;7f573ad2-60a7-43a8-a294-c026e593fd46;382.72;0.88;UNKNOWN
2016-01-23T00:30:09.000000;2016-01-23T00:30:09.000000;a9226e0c-9999-4663-8fe0-e711357deddb;384.25;9.0;UNKNOWN
2016-01-23T00:30:09.000000;2016-01-23T00:30:09.000000;c2848f55-0f84-4e35-9924-118dc41a34d4;384.13;18.0;UNKNOWN
2016-01-23T00:30:09.000000;2016-01-23T00:30:09.000000;06342606-41bd-41ed-b52c-8b1452f431f6;382.91;0.05;UNKNOWN
2016-01-23T00:30:09.000000;2016-01-23T00:30:09.000000;ac20f4b7-b3e2-433f-b2e1-143d0a831754;384.1;40.76069512;UNKNOWN
2016-01-23T00:30:09.000000;2016-01-23T00:30:09.000000;8d6d4d57-5dd5-453e-ab55-d4cf76829b2d;383.44;18.9409;UNKNOWN
2016-01-23T00:30:09.000000;2016-01-23T00:30:09.000000;0d20491d-0109-4c63-a3a3-2b45101274bb;383.5;0.05;UNKNOWN
2016-01-23T00:30:09.000000;2016-01-23T00:30:09.000000;5d659337-846f-4c38-91f1-72d9a2813227;383.26;16.5391;UNKNOWN
2016-01-23T00:30:09.000000;2016-01-23T00:30:09.000000;b0e509ac-6ed7-4e37-ab98-2fa0bf99c7a5;384.26;19.6413;UNKNOWN
2016-01-23T00:30:09.000000;2016-01-23T00:30:09.000000;4cb9dacc-2e3e-4675-a276-c79eb07a5609;384.26;6.4831;UNKNOWN
2016-01-23T00:30:09.000000;2016-01-23T00:30:09.000000;a593e19e-178a-462b-961b-e309c4d06026;384.13;12.0;UNKNOWN
2016-01-23T00:30:09.000000;2016-01-23T00:30:09.000000;f2901bbd-812d-49a8-bc79-249e0422c886;384.27;6.0;UNKNOWN
2016-01-23T00:30:09.000000;2016-01-23T00:30:09.000000;5c482187-76d1-4dd8-a28a-7145cc6d102c;384.27;3.0;UNKNOWN
2016-01-23T00:30:09.000000;2016-01-23T00:30:09.000000;933549bd-4cf7-4f3b-8868-0230ff4a0cc5;384.27;0.5;UNKNOWN
2016-01-23T00:30:10.000000;2016-01-23T00:30:10.000000;98d708a2-a330-4fcb-a6cc-88bd4ca432c5;385.32;2.30324584;UNKNOWN
2016-01-23T00:30:10.000000;2016-01-23T00:30:10.000000;cb6f5f50-8715-4867-b36c-36b5c5ab7154;385.28;2.0;UNKNOWN
2016-01-23T00:30:10.000000;2016-01-23T00:30:10.000000;34cacb39-1c7a-4f51-955d-20821a515fa1;385.15;1.65848248;UNKNOWN
2016-01-23T00:30:10.000000;2016-01-23T00:30:10.000000;533683bb-d3df-48a8-b2e4-31f333579646;385.28;4.34151752;UNKNOWN
2016-01-23T00:30:10.000000;2016-01-23T00:30:10.000000;4a5d7f30-203c-436f-81f7-2b052b4b3ce7;385.3;0.35848248;UNKNOWN
2016-01-23T00:30:10.000000;2016-01-23T00:30:10.000000;a1ada0b8-04d2-4d9d-8ab3-66c79df42e17;385.28;1.79848248;UNKNOWN
2016-01-23T00:30:10.000000;2016-01-23T00:30:10.000000;7e5e9713-de71-4cfc-ae1c-8db22f339dc2;385.3;4.20151752;UNKNOWN
2016-01-23T00:30:11.000000;2016-01-23T00:30:11.000000;50f74270-0e2b-48c0-87b2-57ebf88b5098;385.27;8.50401565;UNKNOWN
2016-01-23T00:30:11.000000;2016-01-23T00:30:11.000000;a9070398-204f-4984-99cf-df4921b28a04;385.27;2.89356979;UNKNOWN
2016-01-23T00:30:11.000000;2016-01-23T00:30:11.000000;7d0efa17-a7b7-44ba-b7f3-acb3625a268f;385.27;1.29902985;UNKNOWN
2016-01-23T00:30:11.000000;2016-01-23T00:30:11.000000;1b821d07-1cbd-48db-84a0-fe743fa945d9;385.27;1.80740036;UNKNOWN
2016-01-23T00:30:17.000000;2016-01-23T00:30:17.000000;2af8e4c8-9c90-44ef-bec9-9124fa548d24;384.07;1.15447318;UNKNOWN
2016-01-23T00:30:20.000000;2016-01-23T00:30:20.000000;2ccd344c-6af4-4a17-97ac-c0c212cbb80d;385.01;0.09498827;UNKNOWN
2016-01-23T00:30:22.000000;2016-01-23T00:30:22.000000;28f066f9-97a8-4559-a4fa-154b1bc4666f;384.07;0.273;UNKNOWN
2016-01-23T00:30:22.000000;2016-01-23T00:30:22.000000;f1b60e26-24f7-404f-a214-2887413a163f;384.07;0.2415;UNKNOWN
2016-01-23T00:30:39.000000;2016-01-23T00:30:39.000000;915b7a50-e971-4e27-87c8-e3d0ab734231;384.59;1.5;UNKNOWN
2016-01-23T00:30:51.000000;2016-01-23T00:30:51.000000;05d00252-e4c6-4f61-b3d8-d4e120d15ae3;384.47;0.5;UNKNOWN
2016-01-23T00:30:51.000000;2016-01-23T00:30:51.000000;5afed0e8-d734-436c-9208-574d13008f34;384.48;0.05;UNKNOWN
2016-01-23T00:30:51.000000;2016-01-23T00:30:51.000000;458cfe90-2a6a-4820-9a0b-6d034d6ffeed;384.48;6.4698;UNKNOWN
2016-01-23T00:30:51.000000;2016-01-23T00:30:51.000000;409dd530-f27a-471e-9ddb-58410d933efa;384.57;9.17457082;UNKNOWN
2016-01-23T00:30:51.000000;2016-01-23T00:30:51.000000;a3ec6815-a15f-4e68-a9e6-5564f65bafb3;384.47;6.0;UNKNOWN
2016-01-23T00:30:51.000000;2016-01-23T00:30:51.000000;50d052c5-280a-42f7-9364-ce3235726dd5;384.48;0.45;UNKNOWN
2016-01-23T00:30:51.000000;2016-01-23T00:30:51.000000;c55a874b-e1b9-45f2-9c5f-cd91e0a80577;384.47;3.0;UNKNOWN
2016-01-23T00:30:51.000000;2016-01-23T00:30:51.000000;9a29da49-cf18-4826-ba23-b777dc22c8c3;383.8;0.05;UNKNOWN
2016-01-23T00:30:51.000000;2016-01-23T00:30:51.000000;1c009a7c-3b00-410a-9341-a6de29d1fd0b;384.5;5.0;UNKNOWN
2016-01-23T00:31:01.000000;2016-01-23T00:31:01.000000;baacdbae-bfac-4d94-b853-681d5d8b5e2b;384.33;0.02;UNKNOWN
2016-01-23T00:31:06.000000;2016-01-23T00:31:06.000000;bee50df3-c4eb-4363-8b0d-5e472edadc70;383.87;0.5148;UNKNOWN
2016-01-23T00:31:07.000000;2016-01-23T00:31:07.000000;42846c99-ce5d-4a74-a3b9-82dcbe512000;383.87;1.07204932;UNKNOWN
2016-01-23T00:31:15.000000;2016-01-23T00:31:15.000000;faec7dbe-11c8-4e0f-ac4c-af1bbb90c964;383.94;0.5148;UNKNOWN
2016-01-23T00:31:26.000000;2016-01-23T00:31:26.000000;b579120a-8369-45f3-8734-ccb28f7e16be;383.98;0.5146;UNKNOWN
2016-01-23T00:31:31.000000;2016-01-23T00:31:31.000000;80962a78-e87b-461e-8f74-ad3f9a42e1a3;384.01;5.0;UNKNOWN
2016-01-23T00:31:37.000000;2016-01-23T00:31:37.000000;b09129cc-25df-424e-ad3f-63147cff9d9b;383.85;0.5;UNKNOWN
2016-01-23T00:31:37.000000;2016-01-23T00:31:37.000000;e7f7d2d7-abaf-4025-97e4-62eafaf75b9f;383.84;0.014;UNKNOWN
2016-01-23T00:31:40.000000;2016-01-23T00:31:40.000000;52a9fd1c-c4e3-429b-9ff2-e7bea7f85861;383.86;4.954058;UNKNOWN
2016-01-23T00:31:40.000000;2016-01-23T00:31:40.000000;90375ef6-0be8-4844-8db0-78bfaf261ad5;383.86;0.5;UNKNOWN
2016-01-23T00:31:40.000000;2016-01-23T00:31:40.000000;d4d88688-fd51-47a2-b556-1e326a4622ee;383.86;3.0;UNKNOWN
2016-01-23T00:31:48.000000;2016-01-23T00:31:48.000000;6ba73622-ffe4-40ba-90c8-b853a419a87e;383.81;0.1;UNKNOWN
2016-01-23T00:32:02.000000;2016-01-23T00:32:02.000000;cbf261f9-a7d7-4d69-98c2-1e1292e357cf;383.81;0.5154;UNKNOWN
2016-01-23T00:32:13.000000;2016-01-23T00:32:13.000000;d4a0e3af-6972-4c80-ac60-8910be2395bc;384.0;0.02;UNKNOWN
2016-01-23T00:32:22.000000;2016-01-23T00:32:22.000000;d6789d08-c651-478c-94ab-2e37da1268b3;383.81;0.4933;UNKNOWN
2016-01-23T00:32:36.000000;2016-01-23T00:32:36.000000;f007de2a-c8b8-4ee1-8573-35a939367a68;384.44;0.46;UNKNOWN
2016-01-23T00:32:36.000000;2016-01-23T00:32:36.000000;2ab61701-c4d4-4ef7-8942-31b70df1efe5;384.43;0.5;UNKNOWN
2016-01-23T00:32:36.000000;2016-01-23T00:32:36.000000;42cfd975-1414-43b4-bfad-816ea07bcf06;384.4;0.1;UNKNOWN
2016-01-23T00:32:36.000000;2016-01-23T00:32:36.000000;82a2efeb-1900-4bef-914f-f1a08e2e8e57;384.39;0.19;UNKNOWN
2016-01-23T00:32:41.000000;2016-01-23T00:32:41.000000;0cf23772-7dbe-41ac-98ed-38841e49322c;383.89;1.9851;UNKNOWN
2016-01-23T00:32:55.000000;2016-01-23T00:32:55.000000;60bab0e0-743d-4f1f-9ee8-f6746542186a;383.87;0.5141;UNKNOWN
2016-01-23T00:32:57.000000;2016-01-23T00:32:57.000000;5eb57877-68e2-4414-8193-9618bfd05a3c;383.87;5.33333;UNKNOWN
2016-01-23T00:33:04.000000;2016-01-23T00:33:04.000000;86c0fcd3-06df-41d3-9900-33ab0acf7a33;383.33;0.14;UNKNOWN
2016-01-23T00:33:04.000000;2016-01-23T00:33:04.000000;fa94ac7b-8f29-45ee-b36d-f6d66b90e2d9;383.33;5.0;UNKNOWN
2016-01-23T00:33:05.000000;2016-01-23T00:33:05.000000;f28ea018-e525-4ef9-8de2-f42190fb50f4;384.41;0.45426223;UNKNOWN
2016-01-23T00:33:37.000000;2016-01-23T00:33:37.000000;e26dab0c-30e3-496b-9a97-9af630f9326c;384.44;0.52;UNKNOWN
2016-01-23T00:33:37.000000;2016-01-23T00:33:37.000000;6e08a543-d7e6-4f83-b9c4-93cc91282b2a;384.35;0.01;UNKNOWN
2016-01-23T00:33:37.000000;2016-01-23T00:33:37.000000;dccd8d11-f2f0-4ff2-883e-8cb4a90b9e23;384.55;0.19172791;UNKNOWN
2016-01-23T00:33:37.000000;2016-01-23T00:33:37.000000;759aa149-fe28-406f-b6e4-4edbbf25aefe;384.35;0.04;UNKNOWN
2016-01-23T00:33:37.000000;2016-01-23T00:33:37.000000;1f4f6d21-881e-4be0-882c-6b52cd22bbfa;384.35;0.26;UNKNOWN
2016-01-23T00:33:37.000000;2016-01-23T00:33:37.000000;9979df0f-ab05-4679-90b9-1f1f8317a04f;384.55;0.33293057;UNKNOWN
2016-01-23T00:33:49.000000;2016-01-23T00:33:49.000000;64e6efb4-3d8e-41dd-aa86-c99e0451cf54;384.75;1.0;UNKNOWN
2016-01-23T00:34:06.000000;2016-01-23T00:34:06.000000;03ed5011-56c8-42d8-9a6b-a1fc4d38ab57;384.73;0.16569081;UNKNOWN
2016-01-23T00:34:06.000000;2016-01-23T00:34:06.000000;96e2a892-8772-46f6-bd89-27cdfe754616;384.72;0.01;UNKNOWN
2016-01-23T00:34:12.000000;2016-01-23T00:34:12.000000;d898df55-5d32-40e6-824c-15a6a0bbde03;384.12;1.1;UNKNOWN
2016-01-23T00:34:13.000000;2016-01-23T00:34:13.000000;4cd94d82-effd-4f31-b226-805f6ce0e565;384.12;0.34;UNKNOWN
2016-01-23T00:34:34.000000;2016-01-23T00:34:34.000000;3f367b7d-4771-4079-b28e-f2d796a27e72;384.67;0.47;UNKNOWN
2016-01-23T00:34:34.000000;2016-01-23T00:34:34.000000;f9ab09fd-1aad-49fd-8e4b-94e6c925b8cb;384.68;0.49;UNKNOWN
2016-01-23T00:34:34.000000;2016-01-23T00:34:34.000000;a72da098-8fe3-4a0d-9bf8-b15250920d70;384.67;0.02;UNKNOWN
2016-01-23T00:34:34.000000;2016-01-23T00:34:34.000000;ea80bcd9-6ed8-4549-b072-076bf86cea61;384.68;0.02;UNKNOWN
2016-01-23T00:34:51.000000;2016-01-23T00:34:51.000000;a0dea5e1-5da2-430f-a58e-c3d707f1a365;384.92;0.3343;UNKNOWN
2016-01-23T00:34:51.000000;2016-01-23T00:34:51.000000;773de254-0fa1-4c88-8ac0-55c9b5e00ec2;384.95;3.0;UNKNOWN
2016-01-23T00:34:51.000000;2016-01-23T00:34:51.000000;28868889-f640-495c-b6b2-b40a15ead097;384.96;15.6657;UNKNOWN
2016-01-23T00:34:51.000000;2016-01-23T00:34:51.000000;0aaedf37-dd7e-4163-9eb8-c77a0c65daf1;384.93;1.0;UNKNOWN
2016-01-23T00:35:10.000000;2016-01-23T00:35:10.000000;1f3ac8a2-e77f-4641-a94a-0c8e4927e385;384.44;1.0226;UNKNOWN
2016-01-23T00:35:44.000000;2016-01-23T00:35:44.000000;7fa96c2c-f51d-4450-a0ce-a2850079612f;384.63;0.4927;UNKNOWN
2016-01-23T00:35:53.000000;2016-01-23T00:35:53.000000;85d1a534-405c-4bb1-95b2-61ae2fdf4662;384.66;0.5;UNKNOWN
2016-01-23T00:35:59.000000;2016-01-23T00:35:59.000000;5be705bc-5f88-4ee1-8849-24b476bc5375;384.65;0.26696956;UNKNOWN
2016-01-23T00:36:02.000000;2016-01-23T00:36:02.000000;8751a2ec-3f60-474f-996f-32a764db5e6c;384.65;0.084;UNKNOWN
2016-01-23T00:36:11.000000;2016-01-23T00:36:11.000000;091b75d1-0a93-4548-8f06-e97d8611502c;384.41;0.1815;UNKNOWN
2016-01-23T00:36:19.000000;2016-01-23T00:36:19.000000;e99168d4-2bb1-4924-8ce8-5ea98244731f;384.46;0.5;UNKNOWN
2016-01-23T00:36:19.000000;2016-01-23T00:36:19.000000;04bdd9bc-0704-439a-b9cb-13a0f2073d81;384.46;0.013;UNKNOWN
2016-01-23T00:36:27.000000;2016-01-23T00:36:27.000000;d1ba5f34-f02b-4ef5-9df5-0eeb7203c763;384.54;0.2315;UNKNOWN
2016-01-23T00:36:36.000000;2016-01-23T00:36:36.000000;f6e11223-c0f1-43c5-911b-0125a2d55510;384.6;0.1012;UNKNOWN
2016-01-23T00:36:56.000000;2016-01-23T00:36:56.000000;50368c11-9916-474e-a595-aaafc0b6d0a6;384.37;0.5135;UNKNOWN
2016-01-23T00:37:12.000000;2016-01-23T00:37:12.000000;b6b829b4-724d-4a0a-a7cd-52e1ded5814b;384.51;0.02576788;UNKNOWN
2016-01-23T00:37:13.000000;2016-01-23T00:37:13.000000;5a566a64-1942-4d3f-ae01-073238c54871;384.9;0.18221787;UNKNOWN
2016-01-23T00:37:16.000000;2016-01-23T00:37:16.000000;0f820e2b-1ff9-45c4-96ab-849f17f20811;384.9;0.1059;UNKNOWN
2016-01-23T00:37:24.000000;2016-01-23T00:37:24.000000;ef342cc8-0030-4b8b-abd0-edf0908c2712;384.9;0.0532;UNKNOWN
2016-01-23T00:37:33.000000;2016-01-23T00:37:33.000000;8fb9c16a-29e0-43b3-819b-012b4dabaa3e;384.9;0.0244;UNKNOWN
2016-01-23T00:37:42.000000;2016-01-23T00:37:42.000000;a34f4e5d-0f44-4b9b-b49b-8349f00c918b;384.9;0.0925;UNKNOWN
2016-01-23T00:37:50.000000;2016-01-23T00:37:50.000000;92a7d446-cd2c-46a0-8489-ba293220b0e5;384.96;15.14164403;UNKNOWN
2016-01-23T00:38:03.000000;2016-01-23T00:38:03.000000;ea564bbb-846d-44b4-9d2b-670a3a671d1f;384.96;1.0;UNKNOWN
2016-01-23T00:38:11.000000;2016-01-23T00:38:11.000000;70430980-9fbc-4b19-8dae-c39e125f4234;384.96;3.19265597;UNKNOWN
2016-01-23T00:38:16.000000;2016-01-23T00:38:16.000000;8aa40ff2-025e-4a89-b753-8484579ec7f4;385.0;0.5;UNKNOWN
2016-01-23T00:38:16.000000;2016-01-23T00:38:16.000000;5b707f2f-4d61-40d7-855e-168801259c8a;384.99;0.25;UNKNOWN
2016-01-23T00:38:30.000000;2016-01-23T00:38:30.000000;727f8c2c-98e2-459b-a1cf-deb2433cd25d;385.0;0.005;UNKNOWN
2016-01-23T00:38:34.000000;2016-01-23T00:38:34.000000;4584b6db-b81a-457c-a2c5-5beb49ec5c3e;385.2;0.5;UNKNOWN
2016-01-23T00:38:34.000000;2016-01-23T00:38:34.000000;ff23a6e2-b35e-4be6-b82a-e0747d7c495f;385.8;0.070329;UNKNOWN
2016-01-23T00:38:34.000000;2016-01-23T00:38:34.000000;9710bd87-0ba8-472d-af77-034a7a50d1e2;385.82;0.05;UNKNOWN
2016-01-23T00:38:34.000000;2016-01-23T00:38:34.000000;a3a2f222-1b35-46af-b5c0-bdaa8a8487d3;385.7;0.1;UNKNOWN
2016-01-23T00:38:34.000000;2016-01-23T00:38:34.000000;9f582f50-4942-48e9-9e74-54997a18645b;385.52;0.05;UNKNOWN
2016-01-23T00:38:34.000000;2016-01-23T00:38:34.000000;e574aaf3-dbcd-4fb0-8357-494bce8d4038;385.8;0.25;UNKNOWN
2016-01-23T00:38:34.000000;2016-01-23T00:38:34.000000;9dc3b9cf-38ac-4f7f-a1d1-5ceb34c86f50;385.94;1.779787;UNKNOWN
2016-01-23T00:38:34.000000;2016-01-23T00:38:34.000000;89ad4f00-863e-4015-a982-4493bf4f1be3;385.17;0.199884;UNKNOWN
2016-01-23T00:38:37.000000;2016-01-23T00:38:37.000000;6ffa3d96-01f8-40a0-8cd2-72d0ff134d22;385.7;0.5;UNKNOWN
2016-01-23T00:38:37.000000;2016-01-23T00:38:37.000000;a7df3692-d6e5-465c-ad52-174786e29185;385.95;1.0;UNKNOWN
2016-01-23T00:38:37.000000;2016-01-23T00:38:37.000000;1d563e1a-9f8d-4190-9824-df0e363bef44;386.0;0.25;UNKNOWN
2016-01-23T00:38:37.000000;2016-01-23T00:38:37.000000;c374c3c6-243e-48d8-9e41-f73963d7e4b3;386.0;0.05;UNKNOWN
2016-01-23T00:38:37.000000;2016-01-23T00:38:37.000000;191e3f2e-9f73-4c3b-9600-0d10635bb8e4;385.99;0.25;UNKNOWN
2016-01-23T00:38:42.000000;2016-01-23T00:38:42.000000;25238852-5a22-427e-b7f9-c0dbd21333af;385.18;0.25;UNKNOWN
2016-01-23T00:38:55.000000;2016-01-23T00:38:55.000000;9d0b020b-f17e-4dab-b013-54737abe418e;386.2;1.4105113;UNKNOWN
2016-01-23T00:38:55.000000;2016-01-23T00:38:55.000000;086a38ad-7390-47ab-b2af-236b62af9fc7;386.0;0.5;UNKNOWN
2016-01-23T00:38:55.000000;2016-01-23T00:38:55.000000;bb643a8f-8711-41d4-b3dd-9a59d721bdd9;386.13;0.26156687;UNKNOWN
2016-01-23T00:38:55.000000;2016-01-23T00:38:55.000000;1601ccdf-46c3-4d23-85a6-a4222cf6796f;386.0;0.7;UNKNOWN
2016-01-23T00:38:55.000000;2016-01-23T00:38:55.000000;e57a37f8-4260-4283-bf17-b8c70d1c4787;386.2;1.53843313;UNKNOWN
2016-01-23T00:38:55.000000;2016-01-23T00:38:55.000000;7fecfb42-ca7e-4e16-be69-09f3c9952ed9;386.2;10.0;UNKNOWN
2016-01-23T00:38:55.000000;2016-01-23T00:38:55.000000;da8a249d-547e-4540-9087-a0dbac49ca52;386.2;2.0;UNKNOWN
2016-01-23T00:38:59.000000;2016-01-23T00:38:59.000000;9c5bbe45-9f50-4e1a-b1b0-e65a95da45a6;385.31;0.2134722;UNKNOWN
2016-01-23T00:39:01.000000;2016-01-23T00:39:01.000000;ef10d843-cd0f-4533-b675-3eff9de9fb9f;386.19;1.0;UNKNOWN
2016-01-23T00:39:11.000000;2016-01-23T00:39:11.000000;1c76b566-19fb-43ce-82b1-c47170951a94;386.2;0.5;UNKNOWN
2016-01-23T00:39:11.000000;2016-01-23T00:39:11.000000;705cabc2-f47f-4d8b-8a5a-9275ca20809e;386.19;6.02;UNKNOWN
2016-01-23T00:39:11.000000;2016-01-23T00:39:11.000000;ce95a9d7-b882-4406-966f-d6a9d59c954e;386.19;0.5;UNKNOWN
2016-01-23T00:39:11.000000;2016-01-23T00:39:11.000000;1db9f3a6-9e3a-4b1f-93b5-9f40a37ab8b6;386.25;0.05;UNKNOWN
2016-01-23T00:39:11.000000;2016-01-23T00:39:11.000000;3b9c448f-e6c2-4d46-ac39-8eb1960b7fd7;386.2;8.05105557;UNKNOWN
2016-01-23T00:39:11.000000;2016-01-23T00:39:11.000000;cc20479d-4325-4722-b5c0-5cfe245cf3c4;386.25;0.05;UNKNOWN
2016-01-23T00:39:11.000000;2016-01-23T00:39:11.000000;b13395bd-ac75-4250-960c-43363845d3bf;386.36;2.04703851;UNKNOWN
2016-01-23T00:39:11.000000;2016-01-23T00:39:11.000000;3eafdb95-8ae5-42ed-bcc6-8a071d22c86c;386.35;0.25;UNKNOWN
2016-01-23T00:39:15.000000;2016-01-23T00:39:15.000000;9c41aa28-fbe3-4357-93d0-72d6f06c81eb;386.36;1.0;UNKNOWN
2016-01-23T00:39:20.000000;2016-01-23T00:39:20.000000;97df3f4a-f661-4ec4-8472-8ce6d6cda2f6;386.76;0.0502;UNKNOWN
2016-01-23T00:39:20.000000;2016-01-23T00:39:20.000000;fe4c2a46-5924-46b2-8de7-67737ce21064;386.88;11.81893251;UNKNOWN
2016-01-23T00:39:20.000000;2016-01-23T00:39:20.000000;adaf22b3-a03e-42de-9f92-ce919a7a0901;386.42;0.085106;UNKNOWN
2016-01-23T00:39:20.000000;2016-01-23T00:39:20.000000;a0c34920-d96c-4929-ba0e-fd0602b75b77;386.2;0.01;UNKNOWN
2016-01-23T00:39:20.000000;2016-01-23T00:39:20.000000;163fb24b-a63f-431c-a664-c6820d54fa4b;386.48;0.8818;UNKNOWN
2016-01-23T00:39:20.000000;2016-01-23T00:39:20.000000;96d3e45c-ac26-4c38-bb4e-172c3519b1fd;386.87;19.761;UNKNOWN
2016-01-23T00:39:20.000000;2016-01-23T00:39:20.000000;10e3c538-6963-4028-b596-0eda8d685cc6;386.52;0.05;UNKNOWN
2016-01-23T00:39:20.000000;2016-01-23T00:39:20.000000;3cfbc1ec-0d19-4a52-84c6-5f65cad0de60;386.67;0.4;UNKNOWN
2016-01-23T00:39:20.000000;2016-01-23T00:39:20.000000;c05392d4-3ca6-4994-9241-918722182542;386.36;6.95296149;UNKNOWN
2016-01-23T00:39:22.000000;2016-01-23T00:39:22.000000;65004a72-bdc0-47f9-bc36-72d33d110d0c;386.89;0.81893251;UNKNOWN
2016-01-23T00:39:22.000000;2016-01-23T00:39:22.000000;4b7b04db-f0f3-4394-98c6-d00366f87dc4;386.88;0.18106749;UNKNOWN
2016-01-23T00:39:26.000000;2016-01-23T00:39:26.000000;df91ea5e-5a29-4435-a4ad-ee5bb0ee3278;386.89;5.0;UNKNOWN
2016-01-23T00:39:28.000000;2016-01-23T00:39:28.000000;9d64b4cf-b742-4e42-ae9f-4d431e2a7614;386.24;0.01;UNKNOWN
2016-01-23T00:39:38.000000;2016-01-23T00:39:38.000000;1e6e8785-fae1-4d12-9ae6-210446316dac;386.27;0.2456;UNKNOWN
2016-01-23T00:39:38.000000;2016-01-23T00:39:38.000000;3b7309ca-0150-45e1-9da6-ace3b24fa205;386.27;0.01;UNKNOWN
2016-01-23T00:39:45.000000;2016-01-23T00:39:45.000000;7231aa37-74d6-41c5-bfd9-8c2f57a4fdec;386.31;0.01;UNKNOWN
2016-01-23T00:39:55.000000;2016-01-23T00:39:55.000000;29b46776-44f9-4658-950d-0bb81244006c;386.37;0.01;UNKNOWN
2016-01-23T00:40:03.000000;2016-01-23T00:40:03.000000;5f57b739-d6ed-47cd-b8e9-25d222b40801;386.42;0.01;UNKNOWN
2016-01-23T00:40:03.000000;2016-01-23T00:40:03.000000;9ebac47d-f717-418d-8625-1035aaa44814;386.4;0.05;UNKNOWN
2016-01-23T00:40:04.000000;2016-01-23T00:40:04.000000;68eafce9-74c6-4f92-b29f-b607600424dd;386.76;0.454384;UNKNOWN
2016-01-23T00:40:04.000000;2016-01-23T00:40:04.000000;510ecc79-c004-45f3-a523-779eeacc9964;386.8;0.25;UNKNOWN
2016-01-23T00:40:04.000000;2016-01-23T00:40:04.000000;341403f9-e88a-4da6-9d75-db7441d2b766;386.77;0.5;UNKNOWN
2016-01-23T00:40:04.000000;2016-01-23T00:40:04.000000;2d88038d-7928-49d3-8ea9-434564a196c5;386.99;0.91531848;UNKNOWN
2016-01-23T00:40:04.000000;2016-01-23T00:40:04.000000;784eb2d3-87c3-45ef-bce0-4a221ea6dd28;386.93;1.0;UNKNOWN
2016-01-23T00:40:04.000000;2016-01-23T00:40:04.000000;747cd425-86ce-43e9-90a4-12cc1b0bb9e5;386.77;0.5;UNKNOWN
2016-01-23T00:40:04.000000;2016-01-23T00:40:04.000000;7aeaa6f8-71d7-404b-962d-9e5186e8154e;386.83;0.1534;UNKNOWN
2016-01-23T00:40:04.000000;2016-01-23T00:40:04.000000;155b9113-7d27-482f-bbcc-346008bf1660;386.85;0.07023;UNKNOWN
2016-01-23T00:40:04.000000;2016-01-23T00:40:04.000000;01fe5561-a366-41ea-97bc-d14fbe2f2dad;386.77;0.5;UNKNOWN
2016-01-23T00:40:04.000000;2016-01-23T00:40:04.000000;5de290c8-4c34-4d21-84c7-51bc545d81f0;387.0;20.89898591;UNKNOWN
2016-01-23T00:40:04.000000;2016-01-23T00:40:04.000000;228114ac-466a-4a1a-8296-7063227ecf89;387.0;5.0;UNKNOWN
2016-01-23T00:40:04.000000;2016-01-23T00:40:04.000000;d457de62-5455-4908-bdb2-7f46a9bb7448;386.99;13.19;UNKNOWN
2016-01-23T00:40:04.000000;2016-01-23T00:40:04.000000;16afeea7-3d89-448f-b20f-d09392477263;387.0;0.05;UNKNOWN
2016-01-23T00:40:11.000000;2016-01-23T00:40:11.000000;d4b2a450-4ae3-44ab-ba02-f168c3e968ab;386.78;0.28;UNKNOWN
2016-01-23T00:40:11.000000;2016-01-23T00:40:11.000000;44826bf0-f2af-4e6e-8a05-4ff423e9c9bf;386.77;0.505177;UNKNOWN
2016-01-23T00:40:13.000000;2016-01-23T00:40:13.000000;a564db1d-085a-4c25-a2a5-b7708b50080e;386.78;0.01;UNKNOWN
2016-01-23T00:40:18.000000;2016-01-23T00:40:18.000000;5b5a9e45-45a2-4893-a649-3bc35221eaa5;386.8;1.7925;UNKNOWN
2016-01-23T00:40:22.000000;2016-01-23T00:40:22.000000;f541460e-51a7-4bdf-b495-2ae749e84088;386.78;0.01;UNKNOWN
2016-01-23T00:40:24.000000;2016-01-23T00:40:24.000000;538d0930-654f-4583-a1a4-ec1bc9461d6c;386.79;0.08324674;UNKNOWN
2016-01-23T00:40:27.000000;2016-01-23T00:40:27.000000;933b0f70-fcd7-4105-a631-f0f95981e818;386.8;0.5;UNKNOWN
2016-01-23T00:40:31.000000;2016-01-23T00:40:31.000000;5eb95f2e-32da-4e12-ab16-7439ff67db5e;386.76;0.1268;UNKNOWN
2016-01-23T00:40:31.000000;2016-01-23T00:40:31.000000;a9498717-deda-4bf7-b400-6f74c33a9688;386.75;0.1232;UNKNOWN
2016-01-23T00:40:34.000000;2016-01-23T00:40:34.000000;390f1daf-8b5c-4d74-a8db-e7b7abd650b3;386.8;0.1;UNKNOWN
2016-01-23T00:40:46.000000;2016-01-23T00:40:46.000000;bc08a0be-d9b4-42ff-8211-40a977681207;386.21;1.38;UNKNOWN
2016-01-23T00:40:51.000000;2016-01-23T00:40:51.000000;785ea905-a8b7-49a3-9890-e5f77b1a3d08;386.78;1.0;UNKNOWN
2016-01-23T00:40:51.000000;2016-01-23T00:40:51.000000;54d74a1b-70da-4346-9b55-cdd2c85cfa56;386.2;1.49;UNKNOWN
2016-01-23T00:40:51.000000;2016-01-23T00:40:51.000000;96936c76-f41f-4ad8-8e74-f8b97f66443d;385.75;8.79;UNKNOWN
2016-01-23T00:40:51.000000;2016-01-23T00:40:51.000000;dfb09dd1-3426-4290-820a-3088ef02a88b;384.95;32.109;UNKNOWN
2016-01-23T00:40:51.000000;2016-01-23T00:40:51.000000;b24cbc49-471f-4da4-92f5-4ba4ff53390c;384.96;17.277;UNKNOWN
2016-01-23T00:40:51.000000;2016-01-23T00:40:51.000000;5ec2ccde-5621-49ba-823c-04bf8997706f;384.96;20.0;UNKNOWN
2016-01-23T00:40:51.000000;2016-01-23T00:40:51.000000;87014686-de3e-46dd-9912-493652246f12;384.97;17.4183;UNKNOWN
2016-01-23T00:40:51.000000;2016-01-23T00:40:51.000000;52774565-80a0-4142-ba87-349515ae20c2;385.0;20.2753;UNKNOWN
2016-01-23T00:40:51.000000;2016-01-23T00:40:51.000000;e2f9bcf8-a30b-46c1-bbd1-7d9e113244bb;385.23;20.4161;UNKNOWN
2016-01-23T00:40:51.000000;2016-01-23T00:40:51.000000;339c4e19-1fa7-4139-8fc1-cf870338d585;385.49;20.2243;UNKNOWN
2016-01-23T00:40:51.000000;2016-01-23T00:40:51.000000;4d08f5d6-7a48-42ab-b7a8-35be2f990a43;386.55;0.5;UNKNOWN
2016-01-23T00:40:51.000000;2016-01-23T00:40:51.000000;186ed09c-9d08-4cea-865b-ec3c276c465e;386.21;1.5;UNKNOWN
2016-01-23T00:40:51.000000;2016-01-23T00:40:51.000000;8f48c8fb-bd66-4955-bd15-3d2a7dd80521;386.21;0.5;UNKNOWN
2016-01-23T00:40:51.000000;2016-01-23T00:40:51.000000;fce3a96a-ac9e-49ff-a657-1ef2e16e4f77;386.77;0.5;UNKNOWN
2016-01-23T00:40:55.000000;2016-01-23T00:40:55.000000;c9e4e25e-ab23-4501-907a-ed7553d79017;386.02;0.01;UNKNOWN
2016-01-23T00:41:08.000000;2016-01-23T00:41:08.000000;9b1770e8-a349-4db0-b541-76ed076c2c6d;384.99;5.0;UNKNOWN
2016-01-23T00:41:17.000000;2016-01-23T00:41:17.000000;bcda6a7d-0e1a-4c1a-875e-401d3146b084;385.01;3.0;UNKNOWN
2016-01-23T00:41:17.000000;2016-01-23T00:41:17.000000;7a320050-bf0d-423c-bfea-c27e6a13a720;384.99;6.4183;UNKNOWN
2016-01-23T00:41:17.000000;2016-01-23T00:41:17.000000;1c2e2c26-b40c-4ad6-9174-c9290e387d66;384.98;0.671;UNKNOWN
2016-01-23T00:41:17.000000;2016-01-23T00:41:17.000000;92a6c032-6200-41de-80c5-d0da000524a5;385.01;0.5;UNKNOWN
2016-01-23T00:41:17.000000;2016-01-23T00:41:17.000000;72b932fc-d183-4e68-a162-85c3efbeb9aa;384.98;0.274;UNKNOWN
2016-01-23T00:41:17.000000;2016-01-23T00:41:17.000000;4a3f4ecf-4361-49d1-8ac1-fab40cc745a5;384.98;0.676;UNKNOWN
2016-01-23T00:41:17.000000;2016-01-23T00:41:17.000000;75dc1961-b212-48e8-8986-59f7f3a85b49;384.98;0.327;UNKNOWN
2016-01-23T00:41:17.000000;2016-01-23T00:41:17.000000;b899b719-4bfc-4fb8-9e97-f46bde036aa3;384.98;0.288;UNKNOWN
2016-01-23T00:41:17.000000;2016-01-23T00:41:17.000000;ad9a8a19-51c0-40ef-85cb-16795be7ba43;384.98;0.364;UNKNOWN
2016-01-23T00:41:17.000000;2016-01-23T00:41:17.000000;b0d9fd4d-c0d8-44c1-977f-b5495707b263;384.98;0.27;UNKNOWN
2016-01-23T00:41:17.000000;2016-01-23T00:41:17.000000;857fce66-2ccd-4c2c-840e-7baf9ff3f7c4;384.98;0.287;UNKNOWN
2016-01-23T00:41:17.000000;2016-01-23T00:41:17.000000;8e1503eb-5a71-4e45-abd9-4aff29cf25c4;384.98;0.295;UNKNOWN
2016-01-23T00:41:17.000000;2016-01-23T00:41:17.000000;ea13877b-d64f-4142-8445-3c8b2b089c2c;384.98;0.278;UNKNOWN
2016-01-23T00:41:17.000000;2016-01-23T00:41:17.000000;fcf05d0f-1ed7-4fbd-be3c-4f4f0a080d33;384.98;0.278;UNKNOWN
2016-01-23T00:41:17.000000;2016-01-23T00:41:17.000000;15e7d4d9-62e4-48e6-923d-f6e105f430bd;384.98;0.272;UNKNOWN
2016-01-23T00:41:17.000000;2016-01-23T00:41:17.000000;9a539dab-0176-491e-9cb5-86fc5257b495;384.98;0.692;UNKNOWN
2016-01-23T00:41:17.000000;2016-01-23T00:41:17.000000;d6a160d4-111f-449c-a763-dce8ad8bb560;384.98;0.675;UNKNOWN
2016-01-23T00:41:17.000000;2016-01-23T00:41:17.000000;17944ff8-ba24-4cac-85cf-98f75391d97b;384.98;0.284;UNKNOWN
2016-01-23T00:41:17.000000;2016-01-23T00:41:17.000000;b65cb705-b848-477b-9ee7-e46aa564c60e;384.95;0.7417;UNKNOWN
2016-01-23T00:41:17.000000;2016-01-23T00:41:17.000000;b3d8b23a-5839-4485-bd17-1ff97c6d8cfa;384.98;0.694;UNKNOWN
2016-01-23T00:41:17.000000;2016-01-23T00:41:17.000000;af64cbbd-c5ef-407b-9251-b86dd84b91d3;384.98;0.5;UNKNOWN
2016-01-23T00:41:17.000000;2016-01-23T00:41:17.000000;deb2e25b-0551-4a8a-9199-46b1bf96ec0e;384.98;0.285;UNKNOWN
2016-01-23T00:41:17.000000;2016-01-23T00:41:17.000000;f760853c-42c7-4918-8921-303cee010a63;384.98;0.688;UNKNOWN
2016-01-23T00:41:17.000000;2016-01-23T00:41:17.000000;6170f803-ca5e-4665-8c10-a74327ce605c;384.98;0.692;UNKNOWN
2016-01-23T00:41:17.000000;2016-01-23T00:41:17.000000;098c62ac-de95-4ea9-83ad-1f3f2d84ebed;384.98;0.277;UNKNOWN
2016-01-23T00:41:17.000000;2016-01-23T00:41:17.000000;d8438339-3ea6-43c0-b6e4-314e1f3b2d11;384.98;0.273;UNKNOWN
2016-01-23T00:41:21.000000;2016-01-23T00:41:21.000000;7b525946-693c-4d90-afb4-9190d2f211a6;385.79;6.1527;UNKNOWN
2016-01-23T00:41:21.000000;2016-01-23T00:41:21.000000;d832520c-16ac-4759-af26-c42cbe1bd25f;385.7;0.1;UNKNOWN
2016-01-23T00:41:21.000000;2016-01-23T00:41:21.000000;254ea7ce-da33-43a3-9fea-c7eb3998c0bf;385.79;0.23259;UNKNOWN
2016-01-23T00:41:34.000000;2016-01-23T00:41:34.000000;51d8083e-6207-4ea5-871a-93855cd42d90;385.08;1.0;UNKNOWN
2016-01-23T00:41:40.000000;2016-01-23T00:41:40.000000;7ffbf4c2-fb89-4adc-87f4-a0700105d2f0;385.09;2.15;UNKNOWN
2016-01-23T00:41:40.000000;2016-01-23T00:41:40.000000;d1815605-1eb7-465a-9227-8640d4f24143;385.1;0.5;UNKNOWN
2016-01-23T00:41:40.000000;2016-01-23T00:41:40.000000;3b84dcd3-e03c-446f-be24-2c37e2563a34;385.1;3.0;UNKNOWN
2016-01-23T00:41:40.000000;2016-01-23T00:41:40.000000;3a44baa3-bffe-486d-a2b2-3b0944c8a4ea;385.11;19.35;UNKNOWN
2016-01-23T00:42:13.000000;2016-01-23T00:42:13.000000;fb23e2b3-9e33-45c2-a708-82aa86e40f1a;385.81;0.5;UNKNOWN
2016-01-23T00:42:13.000000;2016-01-23T00:42:13.000000;b5a59040-f603-451d-aec2-bcc52bdd5852;386.4;0.130741;UNKNOWN
2016-01-23T00:42:13.000000;2016-01-23T00:42:13.000000;a4c04753-67b8-4ac9-be50-c92d87d6e38d;385.81;0.5;UNKNOWN
2016-01-23T00:42:13.000000;2016-01-23T00:42:13.000000;6df8b404-8b48-40e4-adb2-55c137a8cf78;385.81;0.5;UNKNOWN
2016-01-23T00:42:13.000000;2016-01-23T00:42:13.000000;0ac2fd4f-4ee1-4022-9e03-a7751a23fb3b;385.97;0.469259;UNKNOWN
2016-01-23T00:42:13.000000;2016-01-23T00:42:13.000000;736bf4a7-0b36-4d25-b212-05c704edc082;385.99;0.25;UNKNOWN
2016-01-23T00:42:24.000000;2016-01-23T00:42:24.000000;9221fd9e-1e61-4a6c-9e56-987827675b7b;385.8;0.092517;UNKNOWN
2016-01-23T00:42:31.000000;2016-01-23T00:42:31.000000;15f61c40-3374-4c76-8cc6-5e614d404dfe;386.4;5.0;UNKNOWN
2016-01-23T00:42:35.000000;2016-01-23T00:42:35.000000;72f210f6-a8cb-4786-bb2d-5b645654f075;386.4;1.98780998;UNKNOWN
2016-01-23T00:42:43.000000;2016-01-23T00:42:43.000000;4449c0e5-f6c6-4e8c-a242-e61bedec1ab2;386.5;6.61855098;UNKNOWN
2016-01-23T00:42:43.000000;2016-01-23T00:42:43.000000;48372d75-8871-4a1d-8172-cde66e65bb0d;386.4;17.88144902;UNKNOWN
2016-01-23T00:42:43.000000;2016-01-23T00:42:43.000000;7e194615-4ab8-4f22-a465-fbae28710235;386.4;0.5;UNKNOWN
2016-01-23T00:42:53.000000;2016-01-23T00:42:53.000000;7b389da0-af32-4969-8aab-d4971fbd9e6a;386.5;0.07;UNKNOWN
2016-01-23T00:42:54.000000;2016-01-23T00:42:54.000000;abf6d29f-db47-4a6b-b2ec-e5a5b61cda17;386.5;2.6735;UNKNOWN
2016-01-23T00:42:58.000000;2016-01-23T00:42:58.000000;1a8f22d2-33e5-4030-9198-175815ad6b6f;386.21;0.05;UNKNOWN
2016-01-23T00:42:58.000000;2016-01-23T00:42:58.000000;2827a7dc-d3c2-4204-b202-e76517630569;386.54;0.4;UNKNOWN
2016-01-23T00:42:58.000000;2016-01-23T00:42:58.000000;19c127fc-3c5c-46e7-a40b-61f4bab43f2c;386.8;4.47109837;UNKNOWN
2016-01-23T00:42:59.000000;2016-01-23T00:42:59.000000;90ae608f-b562-4906-9e58-98924d7d3c9d;386.8;0.267;UNKNOWN
2016-01-23T00:43:00.000000;2016-01-23T00:43:00.000000;71cb969b-d234-41f3-acaa-b1c16e13392a;386.8;0.3;UNKNOWN
2016-01-23T00:43:02.000000;2016-01-23T00:43:02.000000;405d5b81-caed-4b83-8c16-a00607d8ae57;386.8;0.1;UNKNOWN
2016-01-23T00:43:08.000000;2016-01-23T00:43:08.000000;a00f3c59-f08c-4431-81ff-50a7bf19282a;386.8;0.01;UNKNOWN
2016-01-23T00:43:10.000000;2016-01-23T00:43:10.000000;c69797f5-5fb3-44e9-99d2-e1d2676f8c5e;386.8;0.01;UNKNOWN
2016-01-23T00:43:14.000000;2016-01-23T00:43:14.000000;d04348f6-927d-4a82-8e8f-533bab10eee5;386.8;2.4;UNKNOWN
2016-01-23T00:43:16.000000;2016-01-23T00:43:16.000000;72626c15-26d5-48cd-9894-02c9494c5ed0;386.99;0.063;UNKNOWN
2016-01-23T00:43:16.000000;2016-01-23T00:43:16.000000;9e06f39e-bad6-434d-8caf-ee1ead947a5a;386.87;0.5;UNKNOWN
2016-01-23T00:43:16.000000;2016-01-23T00:43:16.000000;99d41801-2a72-4389-8cef-1b9e958e0f2e;386.8;2.73920163;UNKNOWN
2016-01-23T00:43:16.000000;2016-01-23T00:43:16.000000;9233e9d4-5a14-424b-bb46-4ca877844c3c;386.89;0.25;UNKNOWN
2016-01-23T00:43:16.000000;2016-01-23T00:43:16.000000;4b8c3aea-6899-4775-b6b3-4f0af2a641a5;386.99;0.25;UNKNOWN
2016-01-23T00:43:16.000000;2016-01-23T00:43:16.000000;15d66e40-480c-4a85-a46c-2a7ba2b55a48;387.0;80.99911684;UNKNOWN
2016-01-23T00:43:17.000000;2016-01-23T00:43:17.000000;5f9d1827-a18d-4496-b91c-6dddfbe52149;387.0;11.48612644;UNKNOWN
2016-01-23T00:43:25.000000;2016-01-23T00:43:25.000000;7ca64cd3-414d-4361-bb33-123ea8dae6f2;386.99;20.0;UNKNOWN
2016-01-23T00:43:40.000000;2016-01-23T00:43:40.000000;ae124efe-11d0-4da2-b4f2-ca8cb5916948;386.99;0.35;UNKNOWN
2016-01-23T00:43:43.000000;2016-01-23T00:43:43.000000;123c20e9-1a55-43af-9a84-db6f4160362a;387.0;3.0;UNKNOWN
2016-01-23T00:43:45.000000;2016-01-23T00:43:45.000000;53092f19-506b-47e3-a094-89fd96c99368;387.0;0.5;UNKNOWN
2016-01-23T00:43:46.000000;2016-01-23T00:43:46.000000;741d7da9-3d15-49a1-a875-70a02627f9b7;387.0;0.1;UNKNOWN
2016-01-23T00:43:47.000000;2016-01-23T00:43:47.000000;919405b7-6870-490a-ab49-265bb9fa430e;387.0;0.4;UNKNOWN
2016-01-23T00:43:47.000000;2016-01-23T00:43:47.000000;1c700e56-4bda-40c3-9ac5-b403cafc6146;387.0;0.1;UNKNOWN
2016-01-23T00:43:48.000000;2016-01-23T00:43:48.000000;17b873e0-9aba-45b0-bb6b-cdd2f8d82bec;387.0;0.1;UNKNOWN
2016-01-23T00:43:48.000000;2016-01-23T00:43:48.000000;f1d23977-4dba-480a-85c3-2e5397adcf01;387.0;8.595;UNKNOWN
2016-01-23T00:43:48.000000;2016-01-23T00:43:48.000000;db461c37-6c05-4bc7-99cf-759f498be63d;387.0;8.709;UNKNOWN
2016-01-23T00:43:50.000000;2016-01-23T00:43:50.000000;579b8244-e23e-40c6-8500-22f59fcc5b60;387.0;0.5;UNKNOWN
2016-01-23T00:43:53.000000;2016-01-23T00:43:53.000000;b55fb174-f0d8-4a04-b064-7250646604d8;387.0;0.5;UNKNOWN
2016-01-23T00:43:53.000000;2016-01-23T00:43:53.000000;5fd8da7e-fa33-4c24-9816-3080a9b2474d;386.99;0.5;UNKNOWN
2016-01-23T00:43:54.000000;2016-01-23T00:43:54.000000;4b8c8c22-6715-4730-a5a3-d0d4e0675f6f;386.99;0.2468;UNKNOWN
2016-01-23T00:43:54.000000;2016-01-23T00:43:54.000000;769341d4-eb51-43c4-97b8-06415bb52c97;387.0;0.5;UNKNOWN
2016-01-23T00:43:55.000000;2016-01-23T00:43:55.000000;dd66664f-96c2-43f8-85ab-60a3d3a6d690;387.0;0.72;UNKNOWN
2016-01-23T00:43:56.000000;2016-01-23T00:43:56.000000;6cf4240e-ed0b-497a-b35b-0d3f070e071e;387.0;8.124;UNKNOWN
2016-01-23T00:43:56.000000;2016-01-23T00:43:56.000000;bd095d55-ab2b-44e1-8a11-c5a45a52c0c8;387.0;7.35;UNKNOWN
2016-01-23T00:43:56.000000;2016-01-23T00:43:56.000000;c1cfaf4b-623d-40c5-966b-31ad3163cd7b;387.0;0.01;UNKNOWN
2016-01-23T00:43:57.000000;2016-01-23T00:43:57.000000;3328ce58-4bf0-49a5-a400-3b39bb97270b;387.0;0.5;UNKNOWN
2016-01-23T00:43:57.000000;2016-01-23T00:43:57.000000;c79d3c56-63c8-4185-8bc6-ebdbb93d5f64;387.0;0.01;UNKNOWN
2016-01-23T00:43:57.000000;2016-01-23T00:43:57.000000;9c9feeb0-78d0-45d3-8412-d4f2a49ac7ab;386.99;0.2469;UNKNOWN
2016-01-23T00:43:57.000000;2016-01-23T00:43:57.000000;546c9b02-d5c6-4f4a-93d8-228f9a2a3b5c;387.0;20.0;UNKNOWN
2016-01-23T00:43:59.000000;2016-01-23T00:43:59.000000;0193ddc6-8a2f-472e-ac2f-d07b035ff401;387.0;0.01;UNKNOWN
2016-01-23T00:43:59.000000;2016-01-23T00:43:59.000000;6800b22f-ac18-4b7c-81c1-1afe1c98d7e4;387.0;0.01;UNKNOWN
2016-01-23T00:43:59.000000;2016-01-23T00:43:59.000000;561ad04c-67ad-4ece-a5c5-2d2fb1585209;387.0;0.5;UNKNOWN
2016-01-23T00:44:00.000000;2016-01-23T00:44:00.000000;da010236-59ea-4e5c-abe1-ae8ee36ee340;387.0;0.01;UNKNOWN
2016-01-23T00:44:00.000000;2016-01-23T00:44:00.000000;32212ed3-8d38-43c3-9381-3bb7e90c6491;387.0;3.06964281;UNKNOWN
2016-01-23T00:44:02.000000;2016-01-23T00:44:02.000000;574991ed-32c2-411b-9cf0-20e75ce2f057;387.0;0.5;UNKNOWN
2016-01-23T00:44:03.000000;2016-01-23T00:44:03.000000;2d7d7795-6f3d-405a-8603-9fcd5516ca24;386.99;0.05;UNKNOWN
2016-01-23T00:44:03.000000;2016-01-23T00:44:03.000000;11822de5-9d4e-4381-b95d-e95a1a3eb851;387.0;4.41;UNKNOWN
2016-01-23T00:44:03.000000;2016-01-23T00:44:03.000000;5ebea9fb-7197-40b7-a5d9-5ea47ed1788c;387.0;4.874;UNKNOWN
2016-01-23T00:44:04.000000;2016-01-23T00:44:04.000000;e6d4763c-64b2-4be4-af92-85f887813019;387.0;20.0;UNKNOWN
2016-01-23T00:44:04.000000;2016-01-23T00:44:04.000000;af8fdff9-f371-49b5-92e9-4534dedb4c59;387.0;0.25;UNKNOWN
2016-01-23T00:44:04.000000;2016-01-23T00:44:04.000000;64a471c3-e6db-4852-9d14-37d55ff733d0;387.0;142.95816245;UNKNOWN
2016-01-23T00:44:06.000000;2016-01-23T00:44:06.000000;c057eb00-12b5-49ca-91be-8ed3c7b0fec3;387.0;4.81;UNKNOWN
2016-01-23T00:44:07.000000;2016-01-23T00:44:07.000000;25ecc22a-6bfd-4bfb-b50b-5df6b33a05ab;387.0;25.0;UNKNOWN
2016-01-23T00:44:07.000000;2016-01-23T00:44:07.000000;b8cb4273-ada5-4869-bdf6-c6529df852d0;387.0;0.5;UNKNOWN
2016-01-23T00:44:08.000000;2016-01-23T00:44:08.000000;1dd32db9-9484-4196-bbb5-f7b6d8271352;387.0;119.99596555;UNKNOWN
2016-01-23T00:44:08.000000;2016-01-23T00:44:08.000000;a00a3c46-cf8c-45ad-a8a2-0e064a870cb3;387.19;0.05;UNKNOWN
2016-01-23T00:44:08.000000;2016-01-23T00:44:08.000000;3cb7a48b-05af-4bc5-99d6-d7699b744573;387.0;5.0;UNKNOWN
2016-01-23T00:44:08.000000;2016-01-23T00:44:08.000000;526c6128-fee2-4c79-9f43-1df73da20f42;387.29;0.05;UNKNOWN
2016-01-23T00:44:08.000000;2016-01-23T00:44:08.000000;7842f238-4a2d-4b89-96bc-bd88b92efbc7;387.0;0.255211;UNKNOWN
2016-01-23T00:44:08.000000;2016-01-23T00:44:08.000000;26096cbf-6a7d-4e46-93dc-1f94e7ba4d7c;387.0;0.23;UNKNOWN
2016-01-23T00:44:08.000000;2016-01-23T00:44:08.000000;0045d3c6-845d-4db3-a4d8-886dc74563c4;387.5;44.41882345;UNKNOWN
2016-01-23T00:44:10.000000;2016-01-23T00:44:10.000000;1f4160b3-dfe8-4c3c-a0bb-cf4178d24714;387.5;2.2;UNKNOWN
2016-01-23T00:44:13.000000;2016-01-23T00:44:13.000000;da3fb89e-d26d-42e7-8ec6-62b7693b10fe;387.5;1.26;UNKNOWN
2016-01-23T00:44:16.000000;2016-01-23T00:44:16.000000;1fd63037-f935-48b8-acae-68a0a001ba0a;387.5;0.5;UNKNOWN
2016-01-23T00:44:17.000000;2016-01-23T00:44:17.000000;9a1cef96-5af8-4c6b-9a18-d3a0e360e276;387.5;0.25;UNKNOWN
2016-01-23T00:44:19.000000;2016-01-23T00:44:19.000000;8ad74613-eb33-4041-a2ee-7213ced08a89;387.5;0.1;UNKNOWN
2016-01-23T00:44:20.000000;2016-01-23T00:44:20.000000;c8b62962-a402-4126-9122-e9dd35a9fa0b;387.5;0.1;UNKNOWN
2016-01-23T00:44:26.000000;2016-01-23T00:44:26.000000;3963020b-0ce0-48c9-adfb-d9f27e40d4a5;387.5;1.90882345;UNKNOWN
2016-01-23T00:44:26.000000;2016-01-23T00:44:26.000000;0e15eb8d-41bf-482a-9a37-04791c5632bb;387.5;25.0;UNKNOWN
2016-01-23T00:44:26.000000;2016-01-23T00:44:26.000000;23e206ce-9006-4887-9d22-6ceea3483561;387.5;1.17117655;UNKNOWN
2016-01-23T00:44:30.000000;2016-01-23T00:44:30.000000;e1b4df46-b2c6-4830-96e7-12b408b8077c;387.49;4.06485249;UNKNOWN
2016-01-23T00:44:30.000000;2016-01-23T00:44:30.000000;d91add4a-f856-4914-a93f-a498718d92f1;387.49;0.93514751;UNKNOWN
2016-01-23T00:44:51.000000;2016-01-23T00:44:51.000000;1deec888-47ed-4a64-8240-b51b2ad5115b;387.79;3.0;UNKNOWN
2016-01-23T00:44:51.000000;2016-01-23T00:44:51.000000;78fe5dcf-990a-4972-bb1d-ae593cabc7fd;387.79;6.0;UNKNOWN
2016-01-23T00:44:51.000000;2016-01-23T00:44:51.000000;82132953-f364-4227-be1f-8211ca4403fe;387.79;0.5;UNKNOWN
2016-01-23T00:44:58.000000;2016-01-23T00:44:58.000000;61481359-c9f0-4f1a-add8-3e56ece3b591;387.79;1.0;UNKNOWN
2016-01-23T00:45:04.000000;2016-01-23T00:45:04.000000;618ff194-1661-4608-83bc-9d4a8cd184fd;387.73;0.05;UNKNOWN
2016-01-23T00:45:05.000000;2016-01-23T00:45:05.000000;99d9fce9-73bb-48b5-90ac-e5e839c1ba20;387.9;8.3628899;UNKNOWN
2016-01-23T00:45:05.000000;2016-01-23T00:45:05.000000;5ec9135c-a9a1-4a63-9fb9-637e745134f0;387.79;6.3944;UNKNOWN
2016-01-23T00:45:05.000000;2016-01-23T00:45:05.000000;5e7e0108-b932-4077-b63e-36b64753e64d;387.8;2.0;UNKNOWN
2016-01-23T00:45:05.000000;2016-01-23T00:45:05.000000;243fb8b4-8059-4f50-afe3-4a73bd7d1bef;387.89;0.25;UNKNOWN
2016-01-23T00:45:05.000000;2016-01-23T00:45:05.000000;64efa344-87d7-41ab-bc5d-a4e712f6301f;387.77;0.05;UNKNOWN
2016-01-23T00:45:08.000000;2016-01-23T00:45:08.000000;67a1d2b8-f46a-4105-b1e3-818feb51453b;388.0;0.05;UNKNOWN
2016-01-23T00:45:08.000000;2016-01-23T00:45:08.000000;86340bba-47a7-4f49-8568-989bd3a5477d;388.0;4.0;UNKNOWN
2016-01-23T00:45:08.000000;2016-01-23T00:45:08.000000;c032e826-3449-4a63-bbff-45d7de1f5b0f;388.22;2.52377675;UNKNOWN
2016-01-23T00:45:08.000000;2016-01-23T00:45:08.000000;af7ae8b0-aff7-46d1-83d5-bdddb63c3729;388.0;0.15;UNKNOWN
2016-01-23T00:45:08.000000;2016-01-23T00:45:08.000000;e03a660f-6e0a-4dac-a680-3afe7fefa828;387.9;1.6371101;UNKNOWN
2016-01-23T00:45:08.000000;2016-01-23T00:45:08.000000;938f1b96-a52d-459b-86ea-8386e7fe631c;387.98;0.05;UNKNOWN
2016-01-23T00:45:19.000000;2016-01-23T00:45:19.000000;382e9e1a-6581-420a-9033-419e35c8f0a3;387.87;0.070165;UNKNOWN
2016-01-23T00:45:20.000000;2016-01-23T00:45:20.000000;aecec975-1de0-4fb8-b823-5dcac1eea4a3;388.22;0.01;UNKNOWN
2016-01-23T00:45:26.000000;2016-01-23T00:45:26.000000;67ac806e-696a-47af-95fa-1f49221d1049;388.21;1.0;UNKNOWN
2016-01-23T00:45:26.000000;2016-01-23T00:45:26.000000;a4dceed2-4fc9-4fd4-b106-27d5f228313c;388.21;3.0;UNKNOWN
2016-01-23T00:45:39.000000;2016-01-23T00:45:39.000000;992ca148-ae7e-4058-999e-57d57833a919;387.99;0.5;UNKNOWN
2016-01-23T00:45:44.000000;2016-01-23T00:45:44.000000;c70c00d3-f87c-434c-9599-08ed06123db1;388.2;0.15;UNKNOWN
2016-01-23T00:45:59.000000;2016-01-23T00:45:59.000000;ace73281-f4aa-4caf-afae-fa0ac2b79a29;387.99;0.85;UNKNOWN
2016-01-23T00:45:59.000000;2016-01-23T00:45:59.000000;fcec6ca5-2d34-4df0-84d9-a48530fcbecc;388.2;0.05;UNKNOWN
2016-01-23T00:45:59.000000;2016-01-23T00:45:59.000000;25f33485-cd8b-4acc-9666-79acc70603cd;388.0;0.5;UNKNOWN
2016-01-23T00:46:11.000000;2016-01-23T00:46:11.000000;288135bc-fff4-4aca-b177-f1e74456c096;387.87;0.029835;UNKNOWN
2016-01-23T00:46:11.000000;2016-01-23T00:46:11.000000;1742978c-c4e1-4959-b138-37c76e30c564;387.87;0.1;UNKNOWN
2016-01-23T00:46:11.000000;2016-01-23T00:46:11.000000;2185d606-4a39-438a-8fd4-da4faa371964;387.87;0.21360605;UNKNOWN
2016-01-23T00:46:11.000000;2016-01-23T00:46:11.000000;911b2c81-2bb2-4358-a802-40a90cb86238;387.87;0.11648765;UNKNOWN
2016-01-23T00:46:11.000000;2016-01-23T00:46:11.000000;69aee867-c125-4949-b9d7-51ad57729957;387.46;4.4400713;UNKNOWN
2016-01-23T00:46:11.000000;2016-01-23T00:46:11.000000;66ba24a5-5414-4c2f-b5e3-1a0f8c3d3021;387.87;0.1;UNKNOWN
2016-01-23T00:46:22.000000;2016-01-23T00:46:22.000000;4a52d907-101d-4572-a965-9e1ce11ce613;387.57;0.01;UNKNOWN
2016-01-23T00:46:24.000000;2016-01-23T00:46:24.000000;f0ebb880-cea5-499b-9564-bc0ca592e956;387.27;3.7393064;UNKNOWN
2016-01-23T00:46:51.000000;2016-01-23T00:46:51.000000;9fd85ca7-e005-4511-bb0d-ecd123c1bb16;387.46;0.5;UNKNOWN
2016-01-23T00:46:51.000000;2016-01-23T00:46:51.000000;a8e78698-e6d4-4fc0-8cdf-f796c255407d;387.46;0.0147163;UNKNOWN
2016-01-23T00:46:58.000000;2016-01-23T00:46:58.000000;d28ea7f4-a5dc-476b-adb3-0a870914934b;387.46;6.0;UNKNOWN
2016-01-23T00:47:00.000000;2016-01-23T00:47:00.000000;6fa2d59b-e19d-4d19-a77a-6a3e94c6b5a9;387.46;0.5;UNKNOWN
2016-01-23T00:47:00.000000;2016-01-23T00:47:00.000000;1526296c-d598-4690-8489-809475af6809;387.46;0.08;UNKNOWN
2016-01-23T00:47:04.000000;2016-01-23T00:47:04.000000;815935a2-3350-4c03-89ed-6c125aa8d856;387.65;0.5;UNKNOWN
2016-01-23T00:47:04.000000;2016-01-23T00:47:04.000000;747bf1d4-8f0a-4016-b2d0-2eadf4ce4dad;389.0;0.5;UNKNOWN
2016-01-23T00:47:04.000000;2016-01-23T00:47:04.000000;06b8e95a-6894-460f-bcdd-38a407d9ee9e;389.0;48.12553869;UNKNOWN
2016-01-23T00:47:04.000000;2016-01-23T00:47:04.000000;4147c36a-d1f9-4073-a1f2-5d4b2df32232;389.0;0.05;UNKNOWN
2016-01-23T00:47:04.000000;2016-01-23T00:47:04.000000;cafa269e-02f9-49b7-932d-b47c275afe77;388.93;6.25;UNKNOWN
2016-01-23T00:47:04.000000;2016-01-23T00:47:04.000000;3c20a955-53cb-4a18-87e4-f5dca680539b;388.19;18.0;UNKNOWN
2016-01-23T00:47:04.000000;2016-01-23T00:47:04.000000;a71a5d3f-4c9e-4d2c-a1c3-80c871b59ada;388.0;2.0;UNKNOWN
2016-01-23T00:47:04.000000;2016-01-23T00:47:04.000000;22d32a9b-03fd-4d70-aff5-16252cbeda45;389.0;5.0;UNKNOWN
2016-01-23T00:47:04.000000;2016-01-23T00:47:04.000000;64766709-5da0-4afe-843d-c0d6e61ae2cb;388.2;100.0;UNKNOWN
2016-01-23T00:47:04.000000;2016-01-23T00:47:04.000000;213745e6-bab8-4841-a8cb-c7109fb6a126;387.7;3.0;UNKNOWN
2016-01-23T00:47:04.000000;2016-01-23T00:47:04.000000;88f61551-a052-48ad-a298-04cbfb4bf4b8;388.19;12.0;UNKNOWN
2016-01-23T00:47:04.000000;2016-01-23T00:47:04.000000;1c7f0fb6-f3f9-4f02-a7aa-793bac73e62f;388.99;20.0;UNKNOWN
2016-01-23T00:47:04.000000;2016-01-23T00:47:04.000000;980166b0-ad6b-422e-8d07-ef1fa0670a02;388.22;10.0;UNKNOWN
2016-01-23T00:47:04.000000;2016-01-23T00:47:04.000000;b510efe2-fa36-491b-aefe-6cde2059d0be;387.4;7.61;UNKNOWN
2016-01-23T00:47:04.000000;2016-01-23T00:47:04.000000;8075f112-6640-42bb-89e1-2cff75507225;388.22;7.46622325;UNKNOWN
2016-01-23T00:47:04.000000;2016-01-23T00:47:04.000000;03cb9f5e-9e53-44ee-b0b7-6d394a66ee13;388.13;10.0;UNKNOWN
2016-01-23T00:47:04.000000;2016-01-23T00:47:04.000000;eecfa5f7-84d8-4dc1-9c9c-62f3722a930f;387.65;0.25;UNKNOWN
2016-01-23T00:47:04.000000;2016-01-23T00:47:04.000000;41a6a402-d1e4-4539-b3e7-1928b4cace8b;388.58;22.578;UNKNOWN
2016-01-23T00:47:04.000000;2016-01-23T00:47:04.000000;1e2d1652-0773-4388-880b-a5afd89c7571;388.65;0.25;UNKNOWN
2016-01-23T00:47:04.000000;2016-01-23T00:47:04.000000;4de436d7-7240-4b26-a326-6fea0c330e3b;388.9;2.0;UNKNOWN
2016-01-23T00:47:04.000000;2016-01-23T00:47:04.000000;92c46966-57f8-4bcd-8dca-cf29b3fc9ec5;388.82;0.05;UNKNOWN
2016-01-23T00:47:04.000000;2016-01-23T00:47:04.000000;141c6498-7cfa-4234-b726-3c2dc67a44a4;388.92;0.05;UNKNOWN
2016-01-23T00:47:04.000000;2016-01-23T00:47:04.000000;e3701d7b-1452-4bd7-a545-b2e65aeacfb0;388.67;1.0;UNKNOWN
2016-01-23T00:47:04.000000;2016-01-23T00:47:04.000000;3f0e4d56-9066-4a83-abbb-5586ef7f7319;388.85;23.7938;UNKNOWN
2016-01-23T00:47:04.000000;2016-01-23T00:47:04.000000;495d6da6-79a7-4b3d-b8bf-e4fef707706a;388.89;0.25;UNKNOWN
2016-01-23T00:47:05.000000;2016-01-23T00:47:05.000000;e528374a-4bb8-456d-a55c-fdb7ff1bdd75;387.0;0.25;UNKNOWN
2016-01-23T00:47:05.000000;2016-01-23T00:47:05.000000;e1a81bfd-0a96-48cb-9598-105de15ceb09;387.12;0.08;UNKNOWN
2016-01-23T00:47:06.000000;2016-01-23T00:47:06.000000;27c0e58b-4e9a-4bc2-9345-3efdaecf1592;387.0;0.5;UNKNOWN
2016-01-23T00:47:16.000000;2016-01-23T00:47:16.000000;64ba1ef5-7d9b-4120-925d-53aff6e514ce;386.99;0.01;UNKNOWN
2016-01-23T00:47:16.000000;2016-01-23T00:47:16.000000;a97656e2-875d-43fc-a5fc-fbcf2eaef7be;386.99;0.5;UNKNOWN
2016-01-23T00:47:16.000000;2016-01-23T00:47:16.000000;16da32fc-05c9-4b32-9c69-57a1f11739ec;386.99;0.01;UNKNOWN
2016-01-23T00:47:16.000000;2016-01-23T00:47:16.000000;a95f06ea-dd9f-4bf9-9c17-38bf0fd57799;387.0;2.67;UNKNOWN
2016-01-23T00:47:16.000000;2016-01-23T00:47:16.000000;d5f77199-16db-4818-8419-7f93937e7be0;386.99;0.33;UNKNOWN
2016-01-23T00:47:16.000000;2016-01-23T00:47:16.000000;ec3b91c3-a2c6-432e-8cdf-d22e86212cd6;386.99;0.15;UNKNOWN
2016-01-23T00:47:18.000000;2016-01-23T00:47:18.000000;d407760c-184c-4d2a-b822-80619cc7b3c5;388.93;0.5;UNKNOWN
2016-01-23T00:47:18.000000;2016-01-23T00:47:18.000000;d26da0a9-6cc3-4b0a-8eda-b94f9e7fc795;387.03;0.5;UNKNOWN
2016-01-23T00:47:18.000000;2016-01-23T00:47:18.000000;89768711-e527-49c0-a3e3-66956971193c;387.0;0.85194916;UNKNOWN
2016-01-23T00:47:19.000000;2016-01-23T00:47:19.000000;82bf6b71-f6ed-420e-9d6d-c45a6935a027;387.0;0.5;UNKNOWN
2016-01-23T00:47:37.000000;2016-01-23T00:47:37.000000;9f906c9c-f2d3-4752-b4f3-734f8598f308;387.25;0.01;UNKNOWN
2016-01-23T00:47:42.000000;2016-01-23T00:47:42.000000;cae95bd7-1523-47f3-86ac-1246e717ea41;387.3;1.76496606;UNKNOWN
2016-01-23T00:47:45.000000;2016-01-23T00:47:45.000000;16cbc712-b344-4713-b4e4-f549887295f3;387.31;5.0;UNKNOWN
2016-01-23T00:47:51.000000;2016-01-23T00:47:51.000000;04d71cf9-1267-4890-a868-29fa96ba6c37;387.31;0.5;UNKNOWN
2016-01-23T00:47:51.000000;2016-01-23T00:47:51.000000;4c9ccd82-114f-4f1f-bae5-554abdb75be2;387.35;0.5;UNKNOWN
2016-01-23T00:47:51.000000;2016-01-23T00:47:51.000000;bbf53595-391f-4e0a-8411-a08aca36ea46;387.36;18.57;UNKNOWN
2016-01-23T00:47:51.000000;2016-01-23T00:47:51.000000;e194b22b-b41d-41f1-bebe-272f53682deb;387.27;0.276;UNKNOWN
2016-01-23T00:47:51.000000;2016-01-23T00:47:51.000000;c413ad03-477b-493a-843b-e0c43aeb42a5;386.92;21.7184;UNKNOWN
2016-01-23T00:47:51.000000;2016-01-23T00:47:51.000000;9220a20f-74ed-4490-940b-3c4d00069023;387.01;21.4734;UNKNOWN
2016-01-23T00:47:51.000000;2016-01-23T00:47:51.000000;15831a24-3bad-43c1-ae6e-ad832ee4b107;387.35;3.0;UNKNOWN
2016-01-23T00:47:51.000000;2016-01-23T00:47:51.000000;b5ffc4b8-2514-40eb-8425-ccb8a8bdf639;387.2;23.6828;UNKNOWN
2016-01-23T00:47:51.000000;2016-01-23T00:47:51.000000;f6a286b1-b414-4ab5-9d6e-8ae626d0af13;387.27;0.31;UNKNOWN
2016-01-23T00:47:51.000000;2016-01-23T00:47:51.000000;abafc27a-bc0f-46a1-affb-31d71aef6c14;387.27;0.272;UNKNOWN
2016-01-23T00:47:51.000000;2016-01-23T00:47:51.000000;3293df67-9c2e-469f-9397-c00e65023727;386.63;22.2987;UNKNOWN
2016-01-23T00:47:51.000000;2016-01-23T00:47:51.000000;2bb089c4-be5f-4ed8-a8b9-92293bc5d71d;386.09;22.3183;UNKNOWN
2016-01-23T00:47:51.000000;2016-01-23T00:47:51.000000;8696e633-f33c-4242-89b8-2ca88fa32419;386.01;24.18524916;UNKNOWN
2016-01-23T00:47:51.000000;2016-01-23T00:47:51.000000;891fca3f-9e0c-4128-8f6c-9378ca16a68a;386.03;0.05;UNKNOWN
2016-01-23T00:47:51.000000;2016-01-23T00:47:51.000000;f9615e3b-1967-4607-a27e-d8759efb4d47;386.38;10.47;UNKNOWN
2016-01-23T00:47:51.000000;2016-01-23T00:47:51.000000;b07b68e1-992a-452c-a8c2-095e67122934;386.24;12.5;UNKNOWN
2016-01-23T00:47:51.000000;2016-01-23T00:47:51.000000;8d1f2b4e-157c-48f8-a617-b8f4ed3a5150;386.37;22.9671;UNKNOWN
2016-01-23T00:47:51.000000;2016-01-23T00:47:51.000000;74128606-85d3-42cb-9b57-8c1c2e959835;387.0;15.32805084;UNKNOWN
2016-01-23T00:47:51.000000;2016-01-23T00:47:51.000000;6b4ef901-bd4a-4dde-a905-93a6d94a3bd2;386.1;9.53;UNKNOWN
2016-01-23T00:47:51.000000;2016-01-23T00:47:51.000000;15001e99-292a-4cad-8784-342882cd260a;386.32;0.05;UNKNOWN
2016-01-23T00:47:52.000000;2016-01-23T00:47:52.000000;85307352-4d7f-44f5-ad1a-8d30833ee97f;387.35;3.0;UNKNOWN
2016-01-23T00:47:52.000000;2016-01-23T00:47:52.000000;541a3099-b7f0-4ac0-817b-66f72dc8cf27;387.02;10.0;UNKNOWN
2016-01-23T00:47:52.000000;2016-01-23T00:47:52.000000;58c0fc2f-a3c4-4f2b-b408-18697fa02744;387.35;0.5;UNKNOWN
2016-01-23T00:47:52.000000;2016-01-23T00:47:52.000000;052f0641-b02f-46ad-9214-9331d3ca49a4;387.34;0.5;UNKNOWN
2016-01-23T00:47:52.000000;2016-01-23T00:47:52.000000;0a6f9ff5-7450-4482-a1d8-43c10bf4c126;387.02;6.0;UNKNOWN
2016-01-23T00:47:53.000000;2016-01-23T00:47:53.000000;8ab034a0-df33-44f0-8da4-bffcaac316ec;387.02;6.0;UNKNOWN
2016-01-23T00:47:57.000000;2016-01-23T00:47:57.000000;ffa2999c-8d39-482b-9df8-aa676e9ad2d8;387.04;2.92;UNKNOWN
2016-01-23T00:47:57.000000;2016-01-23T00:47:57.000000;07a5cd0a-37c8-49a9-9e1e-930d6e09afcf;387.13;0.08;UNKNOWN
2016-01-23T00:48:02.000000;2016-01-23T00:48:02.000000;c0021c52-4ba5-4eb9-af75-07490e98c1ea;386.02;0.5;UNKNOWN
2016-01-23T00:48:02.000000;2016-01-23T00:48:02.000000;3f1eb5ff-55fd-4cfd-b981-bc3ef6f8020c;386.02;2.0;UNKNOWN
2016-01-23T00:48:09.000000;2016-01-23T00:48:09.000000;aabebf9c-c8c6-46c2-b137-f4ecfce84a3b;386.04;0.2;UNKNOWN
2016-01-23T00:48:21.000000;2016-01-23T00:48:21.000000;512897d9-f0fb-4010-a27f-44bfb824a1cd;386.09;2.0;UNKNOWN
2016-01-23T00:48:22.000000;2016-01-23T00:48:22.000000;25e885f1-d8d3-4ecb-8a04-1937b182fa7b;386.09;0.35;UNKNOWN
2016-01-23T00:48:23.000000;2016-01-23T00:48:23.000000;3fa377db-1a1b-41e4-9ec2-b3a28738e2eb;387.08;0.05;UNKNOWN
2016-01-23T00:48:33.000000;2016-01-23T00:48:33.000000;b22aa0bf-2b62-4fcd-b20e-c4c83291d7c3;387.04;0.040307;UNKNOWN
2016-01-23T00:48:33.000000;2016-01-23T00:48:33.000000;b5c32e4f-41ca-4139-94ac-64b36e60f560;387.04;0.05;UNKNOWN
