time_exchange;time_coinpai;guid;price;base_amount;taker_side
2016-01-23T00:00:01.387000;2016-01-23T00:00:01.423000;ed6b838f-f0e9-4b2f-a82e-e746465052f2;382.93;1.27945;BUY
2016-01-23T00:00:31.440000;2016-01-23T00:00:31.470000;15072cf5-c704-4110-b877-fd8234685a0b;382.93;1.03635;BUY
2016-01-23T00:01:01.553000;2016-01-23T00:01:01.580000;647b826b-2aea-4fae-9bcc-ab997793711d;382.93;0.25945;BUY
2016-01-23T00:01:31.357000;2016-01-23T00:01:31.377000;cdc97651-dba3-4404-b1c1-45667170dabd;383.11;0.05916;BUY
2016-01-23T00:01:32.817000;2016-01-23T00:01:32.830000;cb5d2adf-14eb-48aa-927a-748f1867e527;382.9;0.314;SELL
2016-01-23T00:01:32.920000;2016-01-23T00:01:32.940000;b559bbb5-f376-43cb-a041-5c57db0de1e7;382.9;0.096;SELL
2016-01-23T00:01:32.920000;2016-01-23T00:01:32.940000;750d4837-a08b-4cc8-a283-0f521b931943;382.9;0.01;SELL
2016-01-23T00:02:01.693000;2016-01-23T00:02:01.703000;8f4a954c-8452-4e25-b673-d0bdf592b103;382.89;0.191;BUY
2016-01-23T00:02:01.693000;2016-01-23T00:02:01.720000;ceae5821-24ac-47b2-988d-737f59a6e495;383.04;0.01;BUY
2016-01-23T00:02:01.693000;2016-01-23T00:02:01.720000;6371d878-e549-4cfb-a64d-0eda7b2c9abf;383.1;0.26;BUY
2016-01-23T00:02:01.693000;2016-01-23T00:02:01.720000;a931c3a0-14a3-4d33-bcc2-89d8faad08e4;383.14;0.093;BUY
2016-01-23T00:02:01.693000;2016-01-23T00:02:01.720000;ce7c2b0c-e270-4623-a5a3-a25ceeb183d2;383.19;0.111;BUY
2016-01-23T00:02:01.693000;2016-01-23T00:02:01.720000;fb2758c9-7246-4969-b928-f523cb2431a1;383.22;0.48;BUY
2016-01-23T00:02:01.693000;2016-01-23T00:02:01.720000;3f42753a-c2c3-4e22-ab55-2723b63b66e7;383.23;0.608;BUY
2016-01-23T00:02:01.693000;2016-01-23T00:02:01.737000;ef7ba184-e5eb-406c-a529-55966c0e0789;383.24;0.584;BUY
2016-01-23T00:02:01.693000;2016-01-23T00:02:01.737000;7089843b-b6b9-437a-b5b3-ba2ebc7799d6;383.24;0.49229;BUY
2016-01-23T00:02:01.693000;2016-01-23T00:02:01.737000;bd468eeb-0d9e-4c14-a104-791dca742e7b;383.25;7.70563567;BUY
2016-01-23T00:02:01.693000;2016-01-23T00:02:01.737000;be551b67-421c-441f-b2a6-df5afb6d9e60;383.37;0.547;BUY
2016-01-23T00:02:01.693000;2016-01-23T00:02:01.737000;8c559c17-34dc-4116-83fa-8d5a5fa9476c;383.46;0.764;BUY
2016-01-23T00:02:01.693000;2016-01-23T00:02:01.737000;4ca3e869-24f8-4cc3-87c6-8bddceccadb4;383.48;2.542;BUY
2016-01-23T00:02:01.693000;2016-01-23T00:02:01.750000;5136939a-fb38-4242-9658-0a84d0a0b2ed;383.48;0.702;BUY
2016-01-23T00:02:01.693000;2016-01-23T00:02:01.750000;bec8cad4-21b6-4bf4-b6e8-a69e4c3c59b0;383.5;0.03152782;BUY
2016-01-23T00:02:01.693000;2016-01-23T00:02:01.750000;df97d7bb-fabb-41db-9211-d7e4874bbb91;383.53;0.02;BUY
2016-01-23T00:02:01.697000;2016-01-23T00:02:01.750000;87e74c0d-8092-4bdc-89df-b45b5735090b;383.54;0.4868;BUY
2016-01-23T00:02:01.697000;2016-01-23T00:02:01.750000;c5019f2f-73dc-4e5c-9644-b98b44a74f74;383.59;1.46585651;BUY
2016-01-23T00:02:31.327000;2016-01-23T00:02:31.347000;b298ac4e-de03-4f35-bf95-8553ab9f5945;383.12;3.39;BUY
2016-01-23T00:02:31.327000;2016-01-23T00:02:31.347000;fe856886-e83f-4e13-97be-495cdd5f0f1a;383.13;3.131;BUY
2016-01-23T00:02:31.327000;2016-01-23T00:02:31.360000;6a6bc602-8b2c-49f7-a317-afc0c86343c6;383.23;0.01;BUY
2016-01-23T00:02:31.327000;2016-01-23T00:02:31.377000;803e0d88-52af-420b-b6e3-01546d418e84;383.3;3.54;BUY
2016-01-23T00:02:31.327000;2016-01-23T00:02:31.377000;207e1a17-baad-4538-9db8-5a38c959e477;383.3;0.42;BUY
2016-01-23T00:02:31.327000;2016-01-23T00:02:31.377000;4b448dc3-3104-490a-a529-30af897c6cad;383.39;0.45;BUY
2016-01-23T00:02:31.327000;2016-01-23T00:02:31.377000;cd0aec78-45e6-4e4f-9bd0-f28e1ed09908;383.49;2.776;BUY
2016-01-23T00:02:31.327000;2016-01-23T00:02:31.377000;7c84c32a-05dd-4183-bcf2-e66ac6f8d517;383.5;0.422;BUY
2016-01-23T00:02:31.327000;2016-01-23T00:02:31.377000;ef875c9a-6711-47a6-93b2-36b1296dfba0;383.56;0.457;BUY
2016-01-23T00:02:31.327000;2016-01-23T00:02:31.377000;a00686d5-51df-429c-9e5e-f949100cf953;383.6;0.02;BUY
2016-01-23T00:02:31.327000;2016-01-23T00:02:31.377000;d0c52eae-602c-4e14-b0b4-86c04c8dcadb;383.65;5.12;BUY
2016-01-23T00:02:31.327000;2016-01-23T00:02:31.377000;8db97392-61cb-4b5f-973e-c872ed82ad15;383.66;2.596;BUY
2016-01-23T00:02:31.327000;2016-01-23T00:02:31.377000;bb0d6ac1-e957-425a-8d0e-defc311f0962;383.72;3.02783;BUY
2016-01-23T00:03:01.477000;2016-01-23T00:03:01.517000;ff67fd48-87c6-4964-91f6-bb29b5436b99;383.28;0.32;BUY
2016-01-23T00:03:01.477000;2016-01-23T00:03:01.517000;ba42c0c5-0e74-45cf-9df5-3bd7b7382446;383.29;0.372;BUY
2016-01-23T00:03:01.477000;2016-01-23T00:03:01.517000;dd35e888-dbdb-44ba-9c83-578ccfacaf76;383.29;0.32;BUY
2016-01-23T00:03:01.477000;2016-01-23T00:03:01.517000;d11318fd-6faf-4b83-bfcb-e87ab034ef71;383.3;1.75261;BUY
2016-01-23T00:03:29.370000;2016-01-23T00:03:29.377000;1f0d4247-5ad5-4af1-820f-b94e09523066;383.13;0.187;SELL
2016-01-23T00:03:33.707000;2016-01-23T00:03:33.720000;478ba890-f14e-41f9-854e-2a1480caf529;383.3;0.1706;BUY
2016-01-23T00:03:36.593000;2016-01-23T00:03:36.610000;77ed7897-d4c0-498c-89da-4560061cb9f1;383.15;0.29;SELL
2016-01-23T00:03:48.823000;2016-01-23T00:03:48.847000;808fb6e3-0466-420a-b5e3-76d827072d35;383.12;0.138;BUY
2016-01-23T00:04:01.257000;2016-01-23T00:04:01.267000;2969671a-8141-461d-98c1-3db618c79c5b;383.3;0.77563;BUY
2016-01-23T00:04:31.357000;2016-01-23T00:04:31.360000;4c7e43b4-7329-44ed-895f-474273a58561;383.3;0.11342;BUY
2016-01-23T00:05:01.250000;2016-01-23T00:05:01.250000;10cb78dd-cac1-4c27-917e-6b4103b589d4;383.32;0.08275;BUY
2016-01-23T00:05:31.363000;2016-01-23T00:05:31.377000;fb1021b0-5352-4203-805a-ec9103d3a069;383.26;0.298;BUY
2016-01-23T00:05:31.363000;2016-01-23T00:05:31.393000;acf9da4a-9f6d-4d09-b6ac-64f0e745f26a;383.28;0.16258;BUY
2016-01-23T00:05:31.363000;2016-01-23T00:05:31.393000;b67217d1-c8c0-4b5f-9242-c80c40dfa2dd;383.3;0.32;BUY
2016-01-23T00:05:31.363000;2016-01-23T00:05:31.393000;84ae7618-1e19-4d3f-ac79-092c48a921ca;383.31;0.358;BUY
2016-01-23T00:05:31.363000;2016-01-23T00:05:31.393000;62b97708-e1ee-48a6-82c3-57fbf38c8c3e;383.31;0.32;BUY
2016-01-23T00:05:31.363000;2016-01-23T00:05:31.407000;35382f9f-3a5f-4c2c-80ba-14c00f6f7931;383.36;0.17146;BUY
2016-01-23T00:06:01.410000;2016-01-23T00:06:01.443000;3ff02dd2-eb52-4bfd-a413-c10c8fc46f64;383.27;0.13047;BUY
2016-01-23T00:06:36.823000;2016-01-23T00:06:36.867000;b2192bc0-3e36-4c3b-89aa-d4f11b03aa9b;383.26;0.16;BUY
2016-01-23T00:06:36.823000;2016-01-23T00:06:36.867000;49f1e5a0-e2bf-432b-a2e0-0e6339d967f1;383.27;0.14453;BUY
2016-01-23T00:06:36.823000;2016-01-23T00:06:36.867000;0b5bdb50-dfd0-4496-899e-6142318859bc;383.27;0.187;BUY
2016-01-23T00:06:36.823000;2016-01-23T00:06:36.867000;85254623-89f1-4a49-8673-8fbd03efabce;383.3;0.50625;BUY
2016-01-23T00:07:01.400000;2016-01-23T00:07:01.443000;b30b6468-afc9-4ad3-bfbc-1fcb2f326e3f;383.12;0.28435;BUY
2016-01-23T00:07:31.743000;2016-01-23T00:07:31.787000;4bab3a7b-a5b0-4176-aea1-ada01d974d79;383.13;0.20157;BUY
2016-01-23T00:08:35.393000;2016-01-23T00:08:35.427000;cbd49c74-417b-427b-8302-b1c7ab67967b;383.74;0.20182;BUY
2016-01-23T00:09:02.687000;2016-01-23T00:09:02.723000;55a35da4-66b2-4e71-90cc-5974c388b5af;383.8;0.01;BUY
2016-01-23T00:09:02.687000;2016-01-23T00:09:02.740000;cd9ce85a-9c25-4f9a-8d56-dc1a024f5de1;383.85;0.02;BUY
2016-01-23T00:09:02.687000;2016-01-23T00:09:02.740000;2628bb9d-cca6-4a9c-9d34-6f243b8da5b1;383.88;0.319107;BUY
2016-01-23T00:09:02.687000;2016-01-23T00:09:02.740000;51b8ee5b-89f1-474f-ad0f-ef4ffb6cbaf9;383.96;0.01;BUY
2016-01-23T00:09:02.687000;2016-01-23T00:09:02.740000;9a6a3cee-4fec-4a44-bdab-90e0c9481efc;384.0;0.01;BUY
2016-01-23T00:09:02.687000;2016-01-23T00:09:02.740000;1f801708-089e-464d-85a8-1135f07c6f62;384.0;0.01;BUY
2016-01-23T00:09:02.687000;2016-01-23T00:09:02.740000;36e46fe1-b839-4360-b37e-36f445ac0ac2;384.0;0.0625;BUY
2016-01-23T00:09:02.687000;2016-01-23T00:09:02.757000;5324e7c1-198e-48f5-be03-c1ebd170017c;384.0;0.25;BUY
2016-01-23T00:09:02.687000;2016-01-23T00:09:02.757000;43ac4e39-f03d-4c83-8689-967dd2681403;384.02;0.01;BUY
2016-01-23T00:09:02.687000;2016-01-23T00:09:02.757000;5d271ca5-90cd-4679-8462-387b3a7a71e5;384.1;0.02;BUY
2016-01-23T00:09:02.687000;2016-01-23T00:09:02.757000;b2de6531-b5f8-453d-80f2-c10b7b7cc4ea;384.18;0.01;BUY
2016-01-23T00:09:02.687000;2016-01-23T00:09:02.770000;6852de1b-5a9a-4bdf-ab30-6aab36644d47;384.19;0.01;BUY
2016-01-23T00:09:02.687000;2016-01-23T00:09:02.787000;8613050d-7240-48e0-aaf1-79b8ec058b82;384.2;0.01;BUY
2016-01-23T00:09:02.687000;2016-01-23T00:09:02.787000;cbcfdc0e-0923-4620-a88e-19f000452b78;384.22;0.02;BUY
2016-01-23T00:09:02.687000;2016-01-23T00:09:02.787000;35ebb37f-c21a-4966-8f73-8c98b49b1d02;384.22;0.01;BUY
2016-01-23T00:09:02.687000;2016-01-23T00:09:02.787000;28afd4b5-3f52-4999-abff-cf9c150eff5a;384.24;0.01;BUY
2016-01-23T00:09:02.690000;2016-01-23T00:09:02.787000;bd22270a-32c5-4cbf-97e9-789ae7cb8b6e;384.35;0.02;BUY
2016-01-23T00:09:02.690000;2016-01-23T00:09:02.787000;5116135d-a29c-4e9d-9d52-71f0ccae910a;384.37;3.915843;BUY
2016-01-23T00:09:31.227000;2016-01-23T00:09:31.270000;1cd6784e-a6eb-4577-8ece-14932a1244d4;384.39;0.34949;BUY
2016-01-23T00:09:45.937000;2016-01-23T00:09:45.960000;0a56ab6a-305b-4147-bf1e-bf980fef6f8b;384.38;0.234;BUY
2016-01-23T00:09:45.937000;2016-01-23T00:09:45.973000;bfa1465b-61dd-401b-a4f7-81b34ad20a4a;384.39;0.046;BUY
2016-01-23T00:10:02.803000;2016-01-23T00:10:02.833000;e3f5310c-51b8-4e93-bda8-7f19afa35608;384.42;0.73928;BUY
2016-01-23T00:10:32.843000;2016-01-23T00:10:32.880000;4c920c39-7b67-4baa-a083-d02c89338be5;384.33;0.252;BUY
2016-01-23T00:10:32.843000;2016-01-23T00:10:32.880000;eb38c52c-2cbb-4097-84fb-539d26892790;384.34;0.99015;BUY
2016-01-23T00:10:55.923000;2016-01-23T00:10:55.943000;6c98702f-4f03-406c-9a53-4be4cdc5fe58;384.33;0.218;BUY
2016-01-23T00:10:55.923000;2016-01-23T00:10:55.960000;92f95567-c249-4924-9b4b-2d2b275d1827;384.34;0.032;BUY
2016-01-23T00:11:01.310000;2016-01-23T00:11:01.333000;6039110e-1a87-48d4-8ae9-b79f0b219f98;384.34;1.02841;BUY
2016-01-23T00:11:31.280000;2016-01-23T00:11:31.320000;83c685e9-9ef0-4930-893c-2351f0e3dcc0;384.37;0.16;BUY
2016-01-23T00:11:31.280000;2016-01-23T00:11:31.320000;022c7e8f-0090-4066-9938-277883d7604c;384.38;0.252;BUY
2016-01-23T00:11:31.280000;2016-01-23T00:11:31.320000;647e240c-44ef-4577-9a2c-1f669e3ea433;384.38;2.23226;BUY
2016-01-23T00:12:01.390000;2016-01-23T00:12:01.413000;350f88dc-5944-4786-bbde-52976e70961f;384.21;0.19039;SELL
2016-01-23T00:12:31.867000;2016-01-23T00:12:31.897000;55f05591-6d35-4482-b68f-9d909d8be2b8;384.43;0.01;BUY
2016-01-23T00:12:31.867000;2016-01-23T00:12:31.913000;91f8a3da-c242-48df-a440-646f74b52c4a;384.43;0.44036647;BUY
2016-01-23T00:12:31.867000;2016-01-23T00:12:31.913000;e4b99ec9-f5d7-4c81-83ee-735bb54ecdd1;384.45;0.33055353;BUY
2016-01-23T00:13:01.987000;2016-01-23T00:13:02.020000;0f1a0904-1dee-4e4d-b645-414bca648661;384.45;0.05076416;BUY
2016-01-23T00:13:01.987000;2016-01-23T00:13:02.037000;05b817a1-3dc3-40ae-a750-29a3e31c19dd;384.5;0.03149712;BUY
2016-01-23T00:13:01.987000;2016-01-23T00:13:02.070000;1841ae1b-db49-414a-bed3-af9ca79413f8;384.59;0.01;BUY
2016-01-23T00:13:01.987000;2016-01-23T00:13:02.070000;1a27e968-4ba4-4d36-a6be-1658ccc85fb1;384.62;0.01442872;BUY
2016-01-23T00:13:06.827000;2016-01-23T00:13:06.850000;5dc86eee-8b0c-4d17-a0aa-581977677770;384.58;0.23;SELL
2016-01-23T00:13:31.307000;2016-01-23T00:13:31.333000;b84ade50-20ff-4e2c-8b1a-c745fd8ad1b8;384.62;0.00557128;BUY
2016-01-23T00:13:31.307000;2016-01-23T00:13:31.350000;2dfa698f-6393-49fb-ae1c-fe360cf4d85f;384.64;0.01;BUY
2016-01-23T00:13:31.307000;2016-01-23T00:13:31.350000;ee749f8b-ad8e-4841-8df9-9c25a939b74b;384.74;0.01;BUY
2016-01-23T00:13:31.307000;2016-01-23T00:13:31.350000;1b8911c1-5384-49e9-abb0-4b1c2cee7bce;384.76;0.01;BUY
2016-01-23T00:13:31.307000;2016-01-23T00:13:31.350000;51f5a51d-aa0f-48e8-bcbb-a61f0903ef08;384.76;0.01;BUY
2016-01-23T00:13:31.307000;2016-01-23T00:13:31.350000;3e3d3d35-2581-4f72-902f-d7d6bc5eabab;384.78;0.01;BUY
2016-01-23T00:13:31.307000;2016-01-23T00:13:31.350000;0a9b614f-97c2-429d-a37b-2931bdb4194c;384.79;0.2;BUY
2016-01-23T00:13:31.307000;2016-01-23T00:13:31.367000;475bb2e6-0c2e-4395-908f-c29cc942cfd3;384.83;0.01;BUY
2016-01-23T00:13:31.307000;2016-01-23T00:13:31.367000;29a5ff54-3736-4be9-a5f6-0c86b179ec39;384.84;0.01;BUY
2016-01-23T00:13:31.307000;2016-01-23T00:13:31.367000;efd492ec-9bf8-43fd-8c94-a92df8305689;384.86;0.01;BUY
2016-01-23T00:13:31.307000;2016-01-23T00:13:31.367000;6e2b7c0e-ae68-4690-b0e7-873afd545d23;384.88;0.1006;BUY
2016-01-23T00:13:31.307000;2016-01-23T00:13:31.380000;646bb3f4-365d-4c4c-b74b-0e72441451c1;384.89;0.1;BUY
2016-01-23T00:13:31.307000;2016-01-23T00:13:31.380000;f6dc56da-bdfb-41d3-aa32-56634e51c065;384.9;0.02;BUY
2016-01-23T00:13:31.307000;2016-01-23T00:13:31.380000;d65ddf60-c98b-41d6-b9e9-3b16aa01647a;384.99;0.01;BUY
2016-01-23T00:13:31.307000;2016-01-23T00:13:31.380000;f017274c-1e1a-4ce6-a68b-1e4aaedb17af;385.0;0.01;BUY
2016-01-23T00:13:31.307000;2016-01-23T00:13:31.380000;aee5b564-e5ed-4b9e-9e2b-9adf5e3dc378;385.0;0.01001;BUY
2016-01-23T00:13:31.310000;2016-01-23T00:13:31.397000;e25aed79-5a91-48ba-8354-641d9cf1d6cf;385.0;2.81586872;BUY
2016-01-23T00:14:01.277000;2016-01-23T00:14:01.287000;aebf8881-8d9d-4fee-80ec-a781eeded51c;385.0;1.19623;BUY
2016-01-23T00:14:11.220000;2016-01-23T00:14:11.240000;262b7294-3a99-4b4e-b425-641e1c6ec694;385.0;0.98790128;BUY
2016-01-23T00:14:11.220000;2016-01-23T00:14:11.257000;2bdb41b9-2769-4ad7-87d5-e32dfefc9509;385.0;0.05;BUY
2016-01-23T00:14:11.220000;2016-01-23T00:14:11.257000;7235fc0b-7d77-40e6-b824-3b536e212113;385.0;1.0;BUY
2016-01-23T00:14:11.220000;2016-01-23T00:14:11.257000;c635b35f-e8a2-4bcf-adc6-ad61ca48f6eb;385.0;2.0;BUY
2016-01-23T00:14:11.220000;2016-01-23T00:14:11.270000;f7ca12cc-739c-49d7-9501-57777757f4ba;385.0;0.05;BUY
2016-01-23T00:14:31.240000;2016-01-23T00:14:31.270000;2ece2f2b-ce89-4bc6-9987-4b9b67a6abcd;385.04;0.01;BUY
2016-01-23T00:14:31.240000;2016-01-23T00:14:31.287000;888452f3-cd7e-43ee-9e32-4e51e2811356;385.21;0.535;BUY
2016-01-23T00:14:31.240000;2016-01-23T00:14:31.287000;b14368b9-14a5-4c6c-9afb-7defa9d1caa2;385.23;0.01;BUY
2016-01-23T00:14:31.240000;2016-01-23T00:14:31.287000;c69eb6c7-f794-4beb-b1f6-ff96f788f80b;385.33;0.01;BUY
2016-01-23T00:14:31.240000;2016-01-23T00:14:31.287000;677f0770-20ac-40cb-affa-02fdc3eb1d69;385.33;0.01;BUY
2016-01-23T00:14:31.240000;2016-01-23T00:14:31.287000;29537a67-6815-47a4-9933-18656415759f;385.35;0.01648512;BUY
2016-01-23T00:14:31.240000;2016-01-23T00:14:31.287000;bb660494-6b08-4b87-99f5-816a798a64db;385.38;0.01;BUY
2016-01-23T00:14:31.240000;2016-01-23T00:14:31.303000;94f2ec7b-28f9-486f-964a-984094b4be66;385.44;0.25;BUY
2016-01-23T00:14:31.243000;2016-01-23T00:14:31.303000;467a05ee-042f-4c8e-9ecc-26901fb82b1f;385.5;0.03149229;BUY
2016-01-23T00:14:31.243000;2016-01-23T00:14:31.303000;90a49d1c-8803-4582-aae0-aa1c87909296;385.5;1.70731259;BUY
2016-01-23T00:15:01.233000;2016-01-23T00:15:01.240000;54e2362e-35df-46a8-86ce-311903533054;385.5;0.09027;BUY
2016-01-23T00:15:01.687000;2016-01-23T00:15:01.710000;42f59992-cc17-4cf5-8104-9a72aa0870bc;385.43;0.01;SELL
2016-01-23T00:15:09.783000;2016-01-23T00:15:09.803000;8d3228c0-3636-4c96-afbd-62deac4e86c1;385.49;0.0375;SELL
2016-01-23T00:15:35.060000;2016-01-23T00:15:35.070000;31d76c80-d49e-4e16-bfc7-47c93ccc4704;385.49;2.127;SELL
2016-01-23T00:15:35.060000;2016-01-23T00:15:35.083000;45fcc772-8496-47ba-b762-dec170d71f25;385.45;0.91977;SELL
2016-01-23T00:16:01.280000;2016-01-23T00:16:01.287000;d66f7ad5-3d50-457e-985f-a7b588ab0381;385.5;0.5678;BUY
2016-01-23T00:16:01.567000;2016-01-23T00:16:01.583000;bfa51ebb-259a-474b-8bc9-d30cc626e179;385.49;0.01;SELL
2016-01-23T00:16:54.687000;2016-01-23T00:16:54.693000;4209b94b-78db-48e6-8eec-57ef5839037e;385.28;0.01;SELL
2016-01-23T00:17:01.267000;2016-01-23T00:17:01.287000;ad227a70-b037-4a67-ac84-ae07b2125b58;385.28;0.31548;BUY
2016-01-23T00:17:01.680000;2016-01-23T00:17:01.693000;73aea069-46e1-4d7e-9cdd-4d57d4086c9f;385.14;0.01;SELL
2016-01-23T00:17:03.387000;2016-01-23T00:17:03.397000;d9583f37-0609-4980-bc65-b224662c5bc1;385.04;0.27043593;SELL
2016-01-23T00:17:31.247000;2016-01-23T00:17:31.273000;0c2ab030-d6d2-4ace-bb0e-e68bdaeed8a1;385.06;1.94078;BUY
2016-01-23T00:17:35.267000;2016-01-23T00:17:35.273000;d79ead9c-13dc-446e-95ef-c769cb5d617e;385.04;0.235;SELL
2016-01-23T00:17:35.543000;2016-01-23T00:17:35.553000;91c8d240-bbd5-4c39-95ce-b1b409df9843;385.04;0.394;SELL
2016-01-23T00:17:35.543000;2016-01-23T00:17:35.583000;79dac7ae-fc2c-4603-998e-4a70044f5881;385.03;0.01;SELL
2016-01-23T00:17:35.543000;2016-01-23T00:17:35.583000;5d18a0f6-b1e0-4b76-b9c3-7590b9ce0c3d;385.03;0.275;SELL
2016-01-23T00:17:36.080000;2016-01-23T00:17:36.100000;fae8a5cd-55a8-464d-8f67-45d6443c6295;385.03;0.732;SELL
2016-01-23T00:18:01.397000;2016-01-23T00:18:01.397000;88efb2f0-1d97-4b16-93b6-263f20011163;385.03;1.1404;SELL
2016-01-23T00:18:32.403000;2016-01-23T00:18:32.413000;0093b50f-7112-4c94-8afc-ace170191cea;385.04;5.06501;BUY
2016-01-23T00:19:01.240000;2016-01-23T00:19:01.240000;83a7cebd-21bc-496c-8cb3-67a7832282b8;385.01;0.12567;BUY
2016-01-23T00:19:06.137000;2016-01-23T00:19:06.147000;7a71c5e9-e4ae-4ac1-9362-da90b533ea76;385.0;0.0125;SELL
2016-01-23T00:19:31.283000;2016-01-23T00:19:31.287000;63d69cb5-c117-4b58-891e-3d0c0ed4d3c1;384.93;2.88742;BUY
2016-01-23T00:19:41.087000;2016-01-23T00:19:41.083000;7a13c443-09f8-49fd-a366-4d00af7ff983;384.91;3.36422605;SELL
2016-01-23T00:20:01.333000;2016-01-23T00:20:01.333000;abdb7e7c-d4a0-4596-adeb-e8991b829d1e;384.92;0.01108;SELL
2016-01-23T00:20:31.357000;2016-01-23T00:20:31.350000;9e5eac10-2e1f-4b8f-96f8-0808bfd89817;384.93;1.72826;BUY
2016-01-23T00:21:03.563000;2016-01-23T00:21:03.947000;459d570c-a281-43c5-9f97-4b8298b13d0c;384.91;0.692;BUY
2016-01-23T00:21:03.563000;2016-01-23T00:21:03.960000;f252d162-4229-4768-bfc6-43408544e32a;384.91;0.49166;BUY
2016-01-23T00:21:31.530000;2016-01-23T00:21:31.900000;50a0b053-7571-4845-a82e-5e08d883e417;384.91;0.22634;BUY
2016-01-23T00:21:31.530000;2016-01-23T00:21:31.930000;44ec928f-b27f-44b6-b8b5-69b3548f9cb7;384.91;0.684;BUY
2016-01-23T00:21:31.530000;2016-01-23T00:21:31.930000;a695cdcf-bccd-4ab6-9c73-9752588c5869;384.91;0.12042;BUY
2016-01-23T00:21:46.783000;2016-01-23T00:21:47.163000;9bc0d2c0-d2c0-470c-b826-8508060dd0a3;384.91;0.01;BUY
2016-01-23T00:21:59.063000;2016-01-23T00:21:59.430000;5bf3cee5-5fa0-419e-a426-7cd1a5734d4f;384.91;0.01240026;BUY
2016-01-23T00:22:01.680000;2016-01-23T00:22:02.057000;59c13f5e-34f4-4bb5-99bf-39468a21a078;384.9;0.01;SELL
2016-01-23T00:22:01.680000;2016-01-23T00:22:02.070000;3a0fbe77-e92a-4291-8465-8525d71b99db;384.9;0.24;SELL
2016-01-23T00:22:01.680000;2016-01-23T00:22:02.070000;3608d1e1-1d95-4858-860c-96d14bdc40d7;384.87;0.01;SELL
2016-01-23T00:22:01.680000;2016-01-23T00:22:02.070000;a41a8093-915e-42ed-b3d7-6325de2f2682;384.8;0.126;SELL
2016-01-23T00:22:01.680000;2016-01-23T00:22:02.087000;1665a25d-eccf-4025-bfa9-8ed68145213d;384.76;0.01;SELL
2016-01-23T00:22:01.680000;2016-01-23T00:22:02.087000;e13b93ce-c342-46ce-910e-8204ad6ccf54;384.75;0.01;SELL
2016-01-23T00:22:01.683000;2016-01-23T00:22:02.087000;bdeeb40c-67ca-4744-bd98-84168a009e64;384.75;0.124;SELL
2016-01-23T00:22:01.683000;2016-01-23T00:22:02.103000;e6dd42da-8ead-47c9-9d3d-65937ffda140;384.7;0.71169;SELL
2016-01-23T00:22:17.877000;2016-01-23T00:22:18.243000;23f788ec-92ac-4d5c-9043-7b3848156f78;384.76;1.483;BUY
2016-01-23T00:22:31.387000;2016-01-23T00:22:31.757000;9b064517-c6ca-4e08-be23-8d904c922307;384.76;0.88117;BUY
2016-01-23T00:23:01.583000;2016-01-23T00:23:01.960000;dd597ea4-6f77-44af-bd26-abaf1549abf3;384.76;0.91196;BUY
2016-01-23T00:23:25.877000;2016-01-23T00:23:26.243000;b670873b-4062-4116-8454-3fa570477937;384.76;10.46168974;BUY
2016-01-23T00:23:25.877000;2016-01-23T00:23:26.257000;68307fb9-15f7-460a-8eee-2d209fcc7d38;384.76;0.53831026;BUY
2016-01-23T00:23:34.487000;2016-01-23T00:23:34.853000;9cdd4fa5-25a2-44c2-a6f3-aee8b2b4c71f;384.76;0.74002;BUY
2016-01-23T00:24:01.343000;2016-01-23T00:24:01.710000;bef58044-83c2-48e9-96a2-0af0950115bd;384.75;0.08811;SELL
2016-01-23T00:24:15.027000;2016-01-23T00:24:15.400000;5ad33d69-479a-41d4-a1da-609b3cac7b6d;384.76;4.10588974;BUY
2016-01-23T00:24:28.493000;2016-01-23T00:24:28.867000;3c1643da-15e8-4737-81da-e48628ba7a29;385.0;1.0;BUY
2016-01-23T00:24:31.647000;2016-01-23T00:24:32.023000;15a65427-7a15-4f64-8495-fc83a2e7cf94;385.08;0.01;BUY
2016-01-23T00:24:31.997000;2016-01-23T00:24:32.367000;71160552-7561-4020-bdd9-c2892cab26f0;385.21;0.01;BUY
2016-01-23T00:24:31.997000;2016-01-23T00:24:32.383000;60f9c1be-1780-448c-a57c-a52755f66728;385.23;0.01;BUY
2016-01-23T00:24:31.997000;2016-01-23T00:24:32.383000;10112d0b-ac82-4278-8098-a7f947b29378;385.35;0.01;BUY
2016-01-23T00:24:31.997000;2016-01-23T00:24:32.383000;0d4aae66-897a-43a0-a3f6-f2d557d79e42;385.39;0.34433;BUY
2016-01-23T00:25:01.320000;2016-01-23T00:25:01.680000;515f0657-547b-42a0-b7c2-9b11b8470511;385.52;0.01;BUY
2016-01-23T00:25:01.320000;2016-01-23T00:25:01.697000;b71e28cc-c765-4965-9a52-de96640c3571;385.53;0.01;BUY
2016-01-23T00:25:01.320000;2016-01-23T00:25:01.697000;f0e2ae0c-bdc3-46f7-bc75-504fae5fecc3;385.58;0.02;BUY
2016-01-23T00:25:01.320000;2016-01-23T00:25:01.697000;61542524-0d7f-4b8c-a257-d578f85d1418;385.59;0.01;BUY
2016-01-23T00:25:01.320000;2016-01-23T00:25:01.710000;9b9fc472-0d00-4c0a-aacd-5338c4ec3ac6;385.61;0.01;BUY
2016-01-23T00:25:01.323000;2016-01-23T00:25:01.710000;ccfe6187-2b59-43ea-b151-f9fd839efc2a;385.62;0.01;BUY
2016-01-23T00:25:01.323000;2016-01-23T00:25:01.710000;700a1328-270b-44a7-b375-f97f73373c55;385.66;0.01;BUY
2016-01-23T00:25:01.323000;2016-01-23T00:25:01.710000;aa54c789-640e-45c6-97fe-cf01c49e2bd1;385.74;0.01;BUY
2016-01-23T00:25:01.323000;2016-01-23T00:25:01.727000;09cbcd10-1895-4926-90b8-0e6fe7eab9f5;385.75;0.01;BUY
2016-01-23T00:25:01.323000;2016-01-23T00:25:01.743000;61eb2903-e91e-4dd4-92e3-bffd92eabfc4;385.76;0.01;BUY
2016-01-23T00:25:01.323000;2016-01-23T00:25:01.743000;af438797-bae9-45bf-96a6-298d1f5692d2;385.76;0.01;BUY
2016-01-23T00:25:01.323000;2016-01-23T00:25:01.743000;410c32a1-9bec-49a7-8748-47bee008c6e2;385.82;0.01;BUY
2016-01-23T00:25:01.323000;2016-01-23T00:25:01.743000;8a2ae149-35b0-4ffe-9348-7ce166d9691e;385.85;0.101;BUY
2016-01-23T00:25:01.323000;2016-01-23T00:25:01.743000;90459a7d-7280-48ad-9d03-2124c050e86c;385.9;0.092;BUY
2016-01-23T00:25:01.323000;2016-01-23T00:25:01.757000;c8e09bb8-f8cd-4592-9e90-24789576eb0b;385.94;0.45112;BUY
2016-01-23T00:25:06.350000;2016-01-23T00:25:06.710000;a4e663cb-6e57-40bd-98e0-372b489a224c;385.96;0.084;BUY
2016-01-23T00:25:06.353000;2016-01-23T00:25:06.727000;382900be-f85c-457a-9cc8-bb8a42ff863d;385.97;0.01;BUY
2016-01-23T00:25:08.343000;2016-01-23T00:25:08.727000;43f8d236-ae2d-457f-866d-8ad136722452;385.99;0.01;BUY
2016-01-23T00:25:08.343000;2016-01-23T00:25:08.727000;da53e191-1ef4-4a0d-b60e-f2ca7bbcfb69;385.99;0.09879108;BUY
2016-01-23T00:25:08.753000;2016-01-23T00:25:09.117000;045c6739-18d1-4143-ad97-404761b493ee;385.99;0.30606892;BUY
2016-01-23T00:25:08.753000;2016-01-23T00:25:09.133000;de100a2e-5b17-4ae2-9fc9-15a94bd150e9;386.0;0.01;BUY
2016-01-23T00:25:08.753000;2016-01-23T00:25:09.133000;4c538fb1-fe22-4f41-ba86-c8012b71f5c3;386.0;3.0;BUY
2016-01-23T00:25:08.753000;2016-01-23T00:25:09.133000;93fe9b47-5fd4-4017-9127-8e024b093fa6;386.0;3.0;BUY
2016-01-23T00:25:08.753000;2016-01-23T00:25:09.133000;e00ede07-6592-4133-890b-ebecef89c61a;386.0;0.25893108;BUY
2016-01-23T00:25:29.720000;2016-01-23T00:25:30.087000;0d821ef0-73c4-4fe7-bc66-81439f1bf0a5;386.0;0.02;BUY
2016-01-23T00:25:31.317000;2016-01-23T00:25:31.680000;45e5a1be-c8c6-45f5-bf24-08a663accfcb;386.0;0.15387;BUY
2016-01-23T00:25:56.697000;2016-01-23T00:25:57.070000;7c7d1a37-d8fa-424e-8685-b44cd9dba42e;386.0;0.31719892;BUY
2016-01-23T00:25:56.697000;2016-01-23T00:25:57.070000;f14c0fcb-55f2-4d2e-ae79-eb0421f499f9;386.0;1.35;BUY
2016-01-23T00:25:56.697000;2016-01-23T00:25:57.070000;6e30ac1d-2de2-4495-a9b6-dccd0ce0d120;386.0;0.2;BUY
2016-01-23T00:25:56.700000;2016-01-23T00:25:57.070000;92e0659e-ef5c-4b9e-8972-e4d50db801c1;386.0;2.0;BUY
2016-01-23T00:25:56.700000;2016-01-23T00:25:57.087000;e179c738-8b3c-484c-a59a-407bbedd6a52;386.0;0.01;BUY
2016-01-23T00:25:56.700000;2016-01-23T00:25:57.087000;5eae5812-0936-461c-8565-5908eb32ff6b;386.11;0.01;BUY
2016-01-23T00:25:56.700000;2016-01-23T00:25:57.087000;59b7bb18-1306-44b7-9667-985097f279c1;386.18;0.01;BUY
2016-01-23T00:25:56.700000;2016-01-23T00:25:57.117000;393bd7cf-b0f2-485b-aea9-b5fb7e2c50e0;386.25;0.02;BUY
2016-01-23T00:25:56.700000;2016-01-23T00:25:57.150000;66fb7b15-200e-4964-a704-8f301e16cd68;386.26;0.419;BUY
2016-01-23T00:25:56.700000;2016-01-23T00:25:57.163000;b180e480-34e8-4e24-93f2-44cf84460801;386.32;0.382;BUY
2016-01-23T00:25:56.700000;2016-01-23T00:25:57.163000;26eb9c67-4a00-4672-ad71-1bd8fa88f748;386.33;0.01;BUY
2016-01-23T00:25:56.700000;2016-01-23T00:25:57.163000;fbf7b93d-2863-43da-936b-d0cff9b0e183;386.36;0.41;BUY
2016-01-23T00:25:56.700000;2016-01-23T00:25:57.163000;b365fd56-6f7f-4e54-b3c1-0b2161c326e6;386.37;0.38036913;BUY
2016-01-23T00:25:56.700000;2016-01-23T00:25:57.163000;3b0fac26-dfa1-4fc2-b54a-00cfd505046d;386.4;0.01;BUY
2016-01-23T00:25:56.700000;2016-01-23T00:25:57.163000;2548b81e-dbf5-4e8d-951d-5b9cca16723d;386.41;0.393;BUY
2016-01-23T00:25:56.700000;2016-01-23T00:25:57.163000;5200cced-2f2d-4623-9e83-aca641ec4ed9;386.42;2.29;BUY
2016-01-23T00:25:56.700000;2016-01-23T00:25:57.163000;07b547cb-290e-4d1e-9283-e22e8224d7f0;386.45;0.02906532;BUY
2016-01-23T00:25:56.700000;2016-01-23T00:25:57.163000;8a7f8c9d-6b5b-4bc3-b6b2-ca5e882cef6c;386.49;0.01;BUY
2016-01-23T00:25:56.700000;2016-01-23T00:25:57.163000;a77d414a-057e-49ef-be07-1754364d1b9a;386.5;0.01;BUY
2016-01-23T00:25:56.700000;2016-01-23T00:25:57.163000;34732b1d-880a-4033-b9d2-d9d4e3546744;386.5;0.03148484;BUY
2016-01-23T00:25:56.703000;2016-01-23T00:25:57.163000;b0719fc9-f111-4e4c-abcf-a155dd3cd2a9;386.58;0.01;BUY
2016-01-23T00:25:56.703000;2016-01-23T00:25:57.163000;ae51aaf4-6078-46cd-af13-708bab9f721e;386.61;1.69788179;BUY
2016-01-23T00:26:01.337000;2016-01-23T00:26:01.710000;069c7033-6194-4d5a-af37-974862757f07;386.64;0.43714;BUY
2016-01-23T00:26:06.790000;2016-01-23T00:26:07.163000;ca6c6bac-4cf9-4974-80ef-2990d339df51;386.65;0.01;BUY
2016-01-23T00:26:06.790000;2016-01-23T00:26:07.163000;b2180b0a-a1ed-4f25-9346-982e87e48f6b;386.66;0.01;BUY
2016-01-23T00:26:06.790000;2016-01-23T00:26:07.180000;d3402b48-5870-4f81-a929-158ed5a9e0c6;386.69;0.01;BUY
2016-01-23T00:26:06.790000;2016-01-23T00:26:07.180000;17a0032d-3ce7-4d2d-8315-f2eb3c71c598;386.77;0.06;BUY
2016-01-23T00:26:14.280000;2016-01-23T00:26:14.650000;f3e0b318-ba96-4398-98e0-aead540c250c;386.46;0.3584;SELL
2016-01-23T00:26:16.793000;2016-01-23T00:26:17.150000;84a03410-e4f0-4101-a777-5f264d0d2c19;386.77;0.98788077;BUY
2016-01-23T00:26:32.523000;2016-01-23T00:26:32.883000;4d823dc6-7880-4c4b-8a3e-c0bc71cd9692;386.75;0.23716;BUY
2016-01-23T00:27:01.530000;2016-01-23T00:27:01.900000;fd62aeae-050e-426f-ad19-abdb5b5d1560;386.62;2.56111;BUY
2016-01-23T00:27:02.083000;2016-01-23T00:27:02.460000;6ca749a5-1753-4d55-b9b8-4803fc2d7487;386.6;0.01;SELL
2016-01-23T00:27:06.003000;2016-01-23T00:27:06.367000;c39aa4b8-95eb-4b16-b99a-f3dcf8b0c08a;386.61;0.319;SELL
2016-01-23T00:27:31.483000;2016-01-23T00:27:31.837000;137f2876-f18e-4a31-a0e9-3c644e8d7416;386.77;0.02;SELL
2016-01-23T00:27:31.483000;2016-01-23T00:27:31.867000;325de39b-ec8a-4306-bf54-e0461853a8ea;386.62;0.01;SELL
2016-01-23T00:27:31.483000;2016-01-23T00:27:31.867000;6d260752-a02f-4795-87ae-76c438ac5e99;386.62;0.27163;SELL
2016-01-23T00:28:01.237000;2016-01-23T00:28:01.603000;65b4b8a6-4b12-4bb0-9a2a-a3139c765257;386.78;0.01;BUY
2016-01-23T00:28:01.237000;2016-01-23T00:28:01.617000;de646dc1-01ff-4eb0-b7fc-c07551bf6cb4;386.78;0.01;BUY
2016-01-23T00:28:01.237000;2016-01-23T00:28:01.617000;2181a594-080d-49f6-9433-4822d2b64553;386.78;0.091;BUY
2016-01-23T00:28:01.237000;2016-01-23T00:28:01.617000;cac6670a-bcd5-4c72-933b-69d51ce096f4;386.79;0.01;BUY
2016-01-23T00:28:01.237000;2016-01-23T00:28:01.617000;4cfeca51-0da4-4f80-8c61-10c5b76cc9bf;386.83;0.106;BUY
2016-01-23T00:28:01.237000;2016-01-23T00:28:01.617000;636ec2d8-2b44-4375-93ef-0ab6f97e0469;386.88;0.074;BUY
2016-01-23T00:28:01.237000;2016-01-23T00:28:01.633000;d493d4e5-09d6-4afc-b885-cac1595f332f;386.92;0.02;BUY
2016-01-23T00:28:01.237000;2016-01-23T00:28:01.633000;5533d5aa-df67-4e2f-bc27-a3081017bd58;386.92;0.01;BUY
2016-01-23T00:28:01.237000;2016-01-23T00:28:01.633000;3da18c3c-fe9b-4cc2-bb4b-53141c6d6e87;386.93;0.126;BUY
2016-01-23T00:28:01.237000;2016-01-23T00:28:01.633000;d3b77876-a1ca-43ea-ac5c-301f54a12fab;386.97;2.45409;BUY
2016-01-23T00:28:01.637000;2016-01-23T00:28:02.023000;5cf243ab-38d3-4224-b5e4-53c285423e6c;386.78;0.01;SELL
2016-01-23T00:28:02.290000;2016-01-23T00:28:02.663000;215a7577-0443-45e3-9bce-751577aa7698;386.96;0.01;BUY
2016-01-23T00:28:02.290000;2016-01-23T00:28:02.663000;4be22612-f186-4f3f-a5c3-832f638746ae;386.96;2.0;BUY
2016-01-23T00:28:02.290000;2016-01-23T00:28:02.663000;18921acb-ff1e-44d3-9663-af918397d249;386.97;3.68;BUY
2016-01-23T00:28:02.290000;2016-01-23T00:28:02.663000;8cff6cf0-d4a0-442f-a80b-a4f902eebff3;386.98;0.125;BUY
2016-01-23T00:28:02.290000;2016-01-23T00:28:02.663000;b2c43ee3-5ffa-49cb-8970-62c0435bc8c3;386.99;0.01;BUY
2016-01-23T00:28:02.290000;2016-01-23T00:28:02.663000;2c69a031-6710-460c-bf99-8ff137fbd033;386.99;0.319;BUY
2016-01-23T00:28:02.293000;2016-01-23T00:28:02.697000;dcaf81f8-0abd-40f0-813c-1daa915e1fd7;387.0;0.45877222;BUY
2016-01-23T00:28:02.293000;2016-01-23T00:28:02.697000;625c105c-1cfe-4c1f-b7a0-d49b616cb389;387.0;3.0;BUY
2016-01-23T00:28:02.293000;2016-01-23T00:28:02.697000;67f48534-7480-431e-92f6-fae418990d7d;387.01;0.01;BUY
2016-01-23T00:28:02.293000;2016-01-23T00:28:02.697000;dbbde042-d2ef-4de8-9c81-1599c19744cd;387.03;0.01;BUY
2016-01-23T00:28:02.293000;2016-01-23T00:28:02.697000;8139aa73-6262-4f33-8ecd-ca58d8a59144;387.03;0.114;BUY
2016-01-23T00:28:02.293000;2016-01-23T00:28:02.710000;d77faaec-b8df-4f1a-b962-dafb400bbd40;387.03;0.01;BUY
2016-01-23T00:28:02.293000;2016-01-23T00:28:02.710000;6666c93b-ea7a-4bea-b977-dad6afb0446b;387.08;0.106;BUY
2016-01-23T00:28:02.293000;2016-01-23T00:28:02.710000;b9aa62ea-302c-4869-9b85-17cb1f142d2c;387.14;0.01;BUY
2016-01-23T00:28:02.293000;2016-01-23T00:28:02.710000;ceceb1de-c4ec-4beb-a299-bc7f8fc54ff1;387.14;0.02;BUY
2016-01-23T00:28:02.293000;2016-01-23T00:28:02.710000;5a01cc91-cdfe-486c-b699-b27772a37bd0;387.15;0.01;BUY
2016-01-23T00:28:02.293000;2016-01-23T00:28:02.710000;e578f605-1e68-4c6b-ae0b-c27768c5de43;387.16;0.01;BUY
2016-01-23T00:28:02.293000;2016-01-23T00:28:02.727000;af06731b-c51c-4fd6-9a3a-69f0462a655b;387.16;2.95836333;BUY
2016-01-23T00:28:31.410000;2016-01-23T00:28:31.760000;3cd80921-9a49-43f4-8bb5-5aa660611d47;386.92;2.0;BUY
2016-01-23T00:28:31.410000;2016-01-23T00:28:31.773000;33e6512a-3c31-43b6-9615-e083ca1ad6a0;386.92;0.281;BUY
2016-01-23T00:28:31.410000;2016-01-23T00:28:31.773000;fe75daa0-5a4c-44cd-bcdf-a2a615aa1b9e;386.92;1.25186;BUY
2016-01-23T00:28:34.223000;2016-01-23T00:28:34.570000;76cf1d19-08d7-4936-a647-58ce7e91ec6c;386.94;0.311;SELL
2016-01-23T00:28:34.320000;2016-01-23T00:28:34.680000;f3fb94c7-d200-4287-9da4-1b20c32163d8;386.93;0.01;SELL
2016-01-23T00:28:41.227000;2016-01-23T00:28:41.587000;e308e78c-70ce-4956-b06c-a143869be980;386.91;0.01;SELL
2016-01-23T00:28:55.983000;2016-01-23T00:28:56.337000;3b7695a7-9bb5-486d-8076-57a21aeeeb6e;386.75;0.01;SELL
2016-01-23T00:29:01.750000;2016-01-23T00:29:02.103000;676f2e19-0970-4be6-a74b-05531c337a86;386.74;0.01;SELL
2016-01-23T00:29:01.857000;2016-01-23T00:29:02.227000;c2c5c0de-60a4-45bc-862d-bbbb47d2327e;386.75;0.26532;BUY
2016-01-23T00:29:11.583000;2016-01-23T00:29:11.930000;90246516-b57f-41e9-bddf-d1866ece99e6;386.52;0.44468;SELL
2016-01-23T00:29:12.393000;2016-01-23T00:29:12.743000;1ce0a766-5fae-4b02-8207-44d8ba9d7098;386.52;0.737;SELL
2016-01-23T00:29:31.807000;2016-01-23T00:29:32.163000;6ecdc817-521a-41e7-9b29-9295e8321d50;386.78;0.32765;BUY
2016-01-23T00:30:01.453000;2016-01-23T00:30:01.807000;ab2615f3-3a77-4515-89c8-6b206f35adcc;386.77;2.0;BUY
2016-01-23T00:30:01.453000;2016-01-23T00:30:01.820000;fc4fdb3c-0c9c-4dc7-bce7-42ec8c2641d6;386.79;0.25617;BUY
2016-01-23T00:30:12.630000;2016-01-23T00:30:13.010000;3d1ab818-a517-419e-984a-fb0d1e4ff594;386.72;2.75;BUY
2016-01-23T00:30:12.630000;2016-01-23T00:30:13.010000;1bcd4d27-b3ca-4552-a29c-006ea014eb54;386.73;0.08;BUY
2016-01-23T00:30:12.630000;2016-01-23T00:30:13.010000;df832df8-b94e-4b1b-bd6e-4f2589012cb0;386.74;0.68500001;BUY
2016-01-23T00:30:12.630000;2016-01-23T00:30:13.010000;f78ef6d9-62ff-4c90-8690-0bde92d5a554;386.74;0.667;BUY
2016-01-23T00:30:12.630000;2016-01-23T00:30:13.010000;5deceb8b-a309-44f9-8dc3-8b701763e9f8;386.74;0.736;BUY
2016-01-23T00:30:12.630000;2016-01-23T00:30:13.010000;e387d1b0-8242-49d9-91ae-1da7a1f9f9d8;386.93;0.01;BUY
2016-01-23T00:30:12.630000;2016-01-23T00:30:13.010000;81f47e4e-6675-42a4-b0bc-e2cd52ed64c2;386.96;0.01546;BUY
2016-01-23T00:30:12.630000;2016-01-23T00:30:13.023000;bd95e251-a1a7-40a2-946c-b4b3fa5ab94d;386.97;3.7;BUY
2016-01-23T00:30:12.630000;2016-01-23T00:30:13.023000;e111997a-9667-40c5-ae65-38325d6f1568;386.99;3.45;BUY
2016-01-23T00:30:12.630000;2016-01-23T00:30:13.023000;292c759e-eec1-4b1a-9c39-a2ccb0d65ad9;387.09;0.01;BUY
2016-01-23T00:30:12.630000;2016-01-23T00:30:13.023000;05f88c31-2619-4acc-884f-98e10af0c985;387.11;0.01;BUY
2016-01-23T00:30:12.630000;2016-01-23T00:30:13.023000;c55007cb-801a-4d3d-90ee-d1c605a9f1b0;387.12;0.253;BUY
2016-01-23T00:30:12.633000;2016-01-23T00:30:13.023000;35de56aa-ed40-4124-b104-1cf106a07488;387.15;4.06;BUY
2016-01-23T00:30:12.633000;2016-01-23T00:30:13.057000;b6a8d06b-02aa-482a-8b0a-09d6b897778e;387.21;0.338;BUY
2016-01-23T00:30:12.633000;2016-01-23T00:30:13.057000;a11df53b-eec2-4d70-8ccf-cffcbeaf1e1d;387.21;0.01;BUY
2016-01-23T00:30:12.633000;2016-01-23T00:30:13.057000;2595b646-2b51-4b1b-bee3-c02786ab327c;387.22;0.01;BUY
2016-01-23T00:30:12.633000;2016-01-23T00:30:13.057000;1a37d570-be54-4a90-9767-901100ab3c8d;387.27;0.5415;BUY
2016-01-23T00:30:12.633000;2016-01-23T00:30:13.057000;06226eb3-c798-4b61-8f2a-c36180146e19;387.31;1.28;BUY
2016-01-23T00:30:12.633000;2016-01-23T00:30:13.057000;52c09691-19bc-4b7c-bb7f-10c07a5b0f6d;387.38;0.01;BUY
2016-01-23T00:30:12.633000;2016-01-23T00:30:13.057000;aede5330-e9eb-4e1b-b31c-895527f9e000;387.41;0.01;BUY
2016-01-23T00:30:12.633000;2016-01-23T00:30:13.057000;7d386bb7-e396-4536-a230-9c1e098267dc;387.43;2.0;BUY
2016-01-23T00:30:12.633000;2016-01-23T00:30:13.057000;b40a807f-dc49-4a6b-a763-43c48f1a5311;387.49;4.16299054;BUY
2016-01-23T00:30:25.097000;2016-01-23T00:30:25.460000;5f5597b2-a152-45b6-8b34-e5b05cfb1c17;386.7;0.01;SELL
2016-01-23T00:30:25.097000;2016-01-23T00:30:25.460000;08d9c8f7-0c8e-4abb-b864-86ed0e8b82e8;386.69;0.01;SELL
2016-01-23T00:30:25.097000;2016-01-23T00:30:25.493000;a6bbf5af-f7c5-49c7-805b-e8e5dfc7ea2c;386.68;0.01;SELL
2016-01-23T00:30:25.100000;2016-01-23T00:30:25.493000;a4937658-4064-4927-b5d4-97e6996ea5d1;386.67;0.01;SELL
2016-01-23T00:30:25.100000;2016-01-23T00:30:25.493000;459392fc-ccd3-41ef-9870-86cfaefa612b;386.67;0.01;SELL
2016-01-23T00:30:31.323000;2016-01-23T00:30:31.680000;06948e19-c8ef-44d9-b2a5-95424b94ea79;386.63;3.63;BUY
2016-01-23T00:30:31.323000;2016-01-23T00:30:31.697000;f1ce35c4-2cf6-4559-9398-ac7207bee669;386.63;2.0;BUY
2016-01-23T00:30:31.323000;2016-01-23T00:30:31.697000;5dd37c3e-5cab-41d3-b28a-d9686a4d93eb;386.67;0.1915;BUY
2016-01-23T00:30:31.323000;2016-01-23T00:30:31.697000;51a53d77-a66e-4d81-9f66-81790095f1d3;386.67;0.664;BUY
2016-01-23T00:30:31.323000;2016-01-23T00:30:31.697000;e4d06c67-4b99-4368-a8bc-75cb18b291b0;386.76;1.77;BUY
2016-01-23T00:30:31.323000;2016-01-23T00:30:31.697000;67d7c324-5ea6-4299-b692-864a14a636ca;386.8;3.89;BUY
2016-01-23T00:30:31.323000;2016-01-23T00:30:31.710000;39aebcfe-7141-4fdd-94f4-d800b7ce488b;386.82;4.31;BUY
2016-01-23T00:30:31.323000;2016-01-23T00:30:31.710000;9a9e387f-0535-4093-a755-7431af5eee42;386.85;0.01;BUY
2016-01-23T00:30:31.323000;2016-01-23T00:30:31.710000;dd36f13d-ff0a-40fa-81c1-3ea2d4bb6162;386.86;0.01;BUY
2016-01-23T00:30:31.323000;2016-01-23T00:30:31.710000;03445351-7608-4b42-aca0-b2b5694d8e41;386.87;0.01;BUY
2016-01-23T00:30:31.323000;2016-01-23T00:30:31.710000;303085da-f1bd-4114-8be3-7f5a7a245c6a;386.88;0.01;BUY
2016-01-23T00:30:31.323000;2016-01-23T00:30:31.710000;2dd564a3-47ff-42ac-a1bd-6207e14375e0;386.9;0.244;BUY
2016-01-23T00:30:31.323000;2016-01-23T00:30:31.710000;72297d79-58fb-424a-82a6-a446a7e6797d;386.96;1.6;BUY
2016-01-23T00:30:31.323000;2016-01-23T00:30:31.710000;b3785f7c-09c0-4ea7-811b-077f0b010046;386.97;3.7;BUY
2016-01-23T00:30:31.323000;2016-01-23T00:30:31.727000;cb043c51-af26-4c44-9d35-dec56d9e7af7;386.98;0.268;BUY
2016-01-23T00:30:31.327000;2016-01-23T00:30:31.727000;e874bb96-2748-47a4-8c63-8f8a816c2efd;386.99;3.45;BUY
2016-01-23T00:30:31.327000;2016-01-23T00:30:31.727000;b0226da3-b233-437f-b433-adf42a1bd988;387.0;1.909;BUY
2016-01-23T00:30:31.327000;2016-01-23T00:30:31.743000;af93dd7c-a604-46ed-b7ce-4cd6281a9c67;387.14;0.91906;BUY
2016-01-23T00:31:01.520000;2016-01-23T00:31:01.883000;81240001-458c-4e4b-ae53-c9e8dc13f37c;386.61;0.01;SELL
2016-01-23T00:31:01.520000;2016-01-23T00:31:01.913000;d7004578-2e2a-44e0-b6d7-3f4f1bc53d2e;386.6;0.01;SELL
2016-01-23T00:31:01.520000;2016-01-23T00:31:01.913000;4d0ca0bf-335e-43ef-beaf-a5f53ac22ad0;386.6;0.4592;SELL
2016-01-23T00:31:18.130000;2016-01-23T00:31:18.477000;6c1dc6d6-395a-4792-bf91-0b77702dc146;386.62;0.146;BUY
2016-01-23T00:31:32.160000;2016-01-23T00:31:32.510000;3e4f2b72-3625-4817-a5cd-0f106741ab13;386.62;0.127;BUY
2016-01-23T00:31:32.160000;2016-01-23T00:31:32.523000;c40fa31d-dfe4-4859-b853-7862f69b13e2;386.62;0.52323;BUY
2016-01-23T00:31:49.600000;2016-01-23T00:31:49.960000;35d01f8d-ac33-4cdd-9182-19146c99246f;386.59;0.01;SELL
2016-01-23T00:31:53.803000;2016-01-23T00:31:54.150000;8fdcaa3f-f59c-4b07-a908-f10b2b37525c;386.58;0.01;SELL
2016-01-23T00:32:02.900000;2016-01-23T00:32:03.260000;45453fd0-08e9-4483-8399-e9087623bf27;386.54;0.26094;BUY
2016-01-23T00:32:03.353000;2016-01-23T00:32:03.710000;3619ac90-d83c-458a-bf14-4e7799a48c71;386.53;0.01;SELL
2016-01-23T00:32:08.537000;2016-01-23T00:32:08.883000;d219f93e-b0d0-4eb9-a65e-0edcf816707c;386.52;0.326;SELL
2016-01-23T00:32:19.200000;2016-01-23T00:32:19.540000;da20d53f-96a6-4129-ad39-6cecdf04f5e4;386.48;0.01;SELL
2016-01-23T00:32:31.533000;2016-01-23T00:32:31.883000;d31a5594-b89a-4504-8b21-90b8648d6239;386.48;0.408;BUY
2016-01-23T00:32:31.533000;2016-01-23T00:32:31.900000;6227cba7-eef8-4f80-a59b-cc2c1c012739;386.48;0.328;BUY
2016-01-23T00:32:31.533000;2016-01-23T00:32:31.900000;c967f622-6b38-498e-8f39-facd1d2c26aa;386.48;0.694;BUY
2016-01-23T00:32:31.533000;2016-01-23T00:32:31.900000;1f1ca781-89b8-4bd9-8643-ab071a711ddd;386.49;0.278;BUY
2016-01-23T00:32:31.533000;2016-01-23T00:32:31.900000;3b35bf5e-4b56-46ac-afc3-42cd4c32741d;386.49;0.30704;BUY
2016-01-23T00:32:49.343000;2016-01-23T00:32:49.697000;6c2bf12a-a737-4ca1-8cf9-ceca44debabf;386.44;0.44;SELL
2016-01-23T00:32:49.343000;2016-01-23T00:32:49.697000;acf7931b-1b5e-4982-98e7-d0f45f25803d;386.44;0.36;SELL
2016-01-23T00:33:01.737000;2016-01-23T00:33:02.087000;ca7d0f01-6937-493d-bfcd-7899a7053b78;386.44;0.35985;BUY
2016-01-23T00:33:10.673000;2016-01-23T00:33:11.023000;1eaf2eb5-a1ef-446b-b1a4-8d8f26b15714;386.37;0.01;SELL
2016-01-23T00:33:31.793000;2016-01-23T00:33:32.133000;bdac2b8a-ffec-4e52-9e38-110811e71354;386.36;0.58189;BUY
2016-01-23T00:34:01.883000;2016-01-23T00:34:02.227000;e43728c0-d744-4e4d-bf48-2c128fd26c00;386.36;0.13911;BUY
2016-01-23T00:34:01.883000;2016-01-23T00:34:02.243000;41df0be0-a686-4818-a90f-875c2c53d2ac;386.36;0.289;BUY
2016-01-23T00:34:01.883000;2016-01-23T00:34:02.243000;c2da68d0-ec9e-437c-8713-666de9383e8e;386.36;0.06891;BUY
2016-01-23T00:34:35.797000;2016-01-23T00:34:36.133000;7be4b1ec-7225-445e-8ebe-494a244eb46c;386.36;0.01824;BUY
2016-01-23T00:34:35.797000;2016-01-23T00:34:36.163000;8c2b6846-556f-41be-80c1-4f52da55fca3;386.36;0.11351;BUY
2016-01-23T00:35:01.653000;2016-01-23T00:35:01.993000;9c91e100-2bcf-4a65-9d77-39c3800d6233;386.36;0.17249;BUY
2016-01-23T00:35:01.653000;2016-01-23T00:35:02.010000;d60b3d10-dcec-4558-90b0-dfedf2f7fc8a;386.36;0.274;BUY
2016-01-23T00:35:01.653000;2016-01-23T00:35:02.010000;3619d528-3ac3-4267-8e27-25be907939f3;386.36;0.691;BUY
2016-01-23T00:35:01.653000;2016-01-23T00:35:02.010000;04e08109-26ed-435b-b1c9-aa104feb58ba;386.36;0.296;BUY
2016-01-23T00:35:01.653000;2016-01-23T00:35:02.010000;11dfdad3-e157-4b2a-a31d-c00269eedada;386.36;0.284;BUY
2016-01-23T00:35:01.653000;2016-01-23T00:35:02.103000;c386fe93-0d8e-4069-a727-779373ef2cb4;386.36;0.69325;BUY
2016-01-23T00:35:01.653000;2016-01-23T00:35:02.103000;9625964b-428a-4b8f-b3db-f7ede5459601;386.36;0.276;BUY
2016-01-23T00:35:01.653000;2016-01-23T00:35:02.103000;7e38e0a6-8311-4978-870d-25d2051e430e;386.36;0.274;BUY
2016-01-23T00:35:01.653000;2016-01-23T00:35:02.103000;3e7d431a-d6b8-4392-aadf-71c07e8aadcf;386.36;0.687;BUY
2016-01-23T00:35:01.653000;2016-01-23T00:35:02.103000;60ca4074-b10b-49b3-b356-7753e1d3407c;386.36;0.674;BUY
2016-01-23T00:35:01.653000;2016-01-23T00:35:02.103000;bbb6efab-270b-4519-b5cb-263998474324;386.36;0.37596;BUY
2016-01-23T00:35:01.653000;2016-01-23T00:35:02.103000;2b6d9cda-5aa9-45f3-8e1b-29a90c132c58;386.36;0.739;BUY
2016-01-23T00:35:01.653000;2016-01-23T00:35:02.103000;4b64e1b2-bb10-42b3-98f9-240fd686e0de;386.36;0.67;BUY
2016-01-23T00:35:01.653000;2016-01-23T00:35:02.103000;8a83d8a5-3e89-4af3-844b-704460759bcc;386.36;0.363;BUY
2016-01-23T00:35:01.653000;2016-01-23T00:35:02.103000;d61c5d54-e661-4827-8224-d4383858ac5b;386.36;0.273;BUY
2016-01-23T00:35:01.653000;2016-01-23T00:35:02.103000;4557acbb-9b6c-4d23-958c-6d2e893521d3;386.36;0.27;BUY
2016-01-23T00:35:01.653000;2016-01-23T00:35:02.103000;63d819db-4b5e-499c-a48d-a134296ef2ea;386.36;0.709;BUY
2016-01-23T00:35:01.653000;2016-01-23T00:35:02.103000;82b63eda-f8c6-40c7-9017-e8fe23bda363;386.36;0.285;BUY
2016-01-23T00:35:01.653000;2016-01-23T00:35:02.103000;c7313c5d-1e07-4e6f-8a7c-f34e77a101d6;386.36;0.278;BUY
2016-01-23T00:35:01.653000;2016-01-23T00:35:02.103000;a0261393-b001-406f-96e8-f21acb068434;386.36;0.3;BUY
2016-01-23T00:35:01.653000;2016-01-23T00:35:02.103000;4706f1dc-601a-4d63-a0d7-ac550e7c9700;386.36;0.695;BUY
2016-01-23T00:35:01.653000;2016-01-23T00:35:02.103000;16b02e69-b65a-482f-9abb-910ed56764a6;386.51;0.01;BUY
2016-01-23T00:35:01.653000;2016-01-23T00:35:02.103000;7cdd86aa-5381-4318-b06e-bbcb19d7bd66;386.55;0.01;BUY
2016-01-23T00:35:01.653000;2016-01-23T00:35:02.103000;618fef28-2c5c-430f-ba1c-15633670ea36;386.57;0.01;BUY
2016-01-23T00:35:01.657000;2016-01-23T00:35:02.103000;b0773a8f-dc20-4ca8-8ca4-89c639caae6a;386.71;0.01;BUY
2016-01-23T00:35:01.657000;2016-01-23T00:35:02.103000;8d101771-7e5e-4a11-92d2-227e42a3b358;386.71;0.24;BUY
2016-01-23T00:35:01.657000;2016-01-23T00:35:02.103000;0dfede58-4d54-4b32-a35d-dc19908f6134;386.76;0.01;BUY
2016-01-23T00:35:01.657000;2016-01-23T00:35:02.103000;9b4b82fd-ef81-4513-bb8b-6e4c029e3ed1;386.77;0.01;BUY
2016-01-23T00:35:01.657000;2016-01-23T00:35:02.103000;fe584c22-22f3-495e-8fe3-fd2f5c33b214;386.78;0.01;BUY
2016-01-23T00:35:01.657000;2016-01-23T00:35:02.103000;10404a42-9b9d-4a05-896a-46244bffdc8b;386.79;0.01;BUY
2016-01-23T00:35:01.657000;2016-01-23T00:35:02.103000;ae1da3cf-2c6c-4e7b-9c80-3cbfef14f617;386.81;0.255;BUY
2016-01-23T00:35:01.657000;2016-01-23T00:35:02.103000;81e21060-ccf5-4c5b-83e4-632e4f3d6a1f;386.86;0.239;BUY
2016-01-23T00:35:01.657000;2016-01-23T00:35:02.103000;13773541-8793-4583-9e1c-9ef361edbe84;386.96;0.01;BUY
2016-01-23T00:35:01.657000;2016-01-23T00:35:02.103000;2bda8932-bcec-471e-9080-45c7e8a191bc;386.96;2.88;BUY
2016-01-23T00:35:01.657000;2016-01-23T00:35:02.103000;e4a47b99-b360-429c-8e5c-b32f59719f0a;386.97;3.7;BUY
2016-01-23T00:35:01.657000;2016-01-23T00:35:02.103000;8ad13df7-fe5f-43af-8f22-e981a4f7d1e7;386.99;3.45;BUY
2016-01-23T00:35:01.657000;2016-01-23T00:35:02.103000;44641fc5-2967-4a20-83a5-a6f249571cdb;387.0;1.0;BUY
2016-01-23T00:35:01.657000;2016-01-23T00:35:02.103000;745dc910-3ef5-4f24-b070-3da4a5bcb088;387.07;0.216;BUY
2016-01-23T00:35:01.657000;2016-01-23T00:35:02.103000;fd36b005-fad5-4798-89db-9b25207d4abb;387.14;16.69349;BUY
2016-01-23T00:35:31.517000;2016-01-23T00:35:31.853000;54a402ab-cf3e-41e8-92ba-7f151de37842;387.25;1.05584;BUY
2016-01-23T00:35:37.233000;2016-01-23T00:35:37.587000;533c7c25-1271-4642-9bb0-299e909d936c;387.25;0.94416;BUY
2016-01-23T00:35:37.233000;2016-01-23T00:35:37.587000;1e662d17-292d-4646-96fa-ee73b10d4d84;387.29;0.55;BUY
2016-01-23T00:35:37.233000;2016-01-23T00:35:37.603000;a4cf5e96-1e7f-4747-a98b-9127dfd1839e;387.5;0.01;BUY
2016-01-23T00:35:37.233000;2016-01-23T00:35:37.603000;c4961296-8d82-4370-aad5-cfd7d4d2d164;387.5;0.03147108;BUY
2016-01-23T00:35:37.233000;2016-01-23T00:35:37.603000;281f435f-0d32-4282-886f-dd9b86cdb0c9;387.51;0.01;BUY
2016-01-23T00:35:37.233000;2016-01-23T00:35:37.603000;c3e9726c-ca6d-462e-a7fa-6a6244f5e3d7;387.51;4.302;BUY
2016-01-23T00:35:37.233000;2016-01-23T00:35:37.603000;9969cd35-c2d6-43f8-b4c2-79e124408387;387.52;0.31;BUY
2016-01-23T00:35:37.233000;2016-01-23T00:35:37.603000;fb99c6d6-d682-4443-9ce2-c230c0768677;387.55;0.01;BUY
2016-01-23T00:35:37.233000;2016-01-23T00:35:37.603000;15915ddb-2a97-4df7-880d-ef27df4c9b84;387.58;0.02;BUY
2016-01-23T00:35:37.233000;2016-01-23T00:35:37.603000;549b5baf-5b89-44ae-a010-75d708a1148d;387.59;0.206;BUY
2016-01-23T00:35:37.233000;2016-01-23T00:35:37.603000;b2d096e4-47e9-4d1b-b859-5cc45185cfbd;387.61;0.25;BUY
2016-01-23T00:35:37.233000;2016-01-23T00:35:37.617000;851da8fd-bc08-4886-8316-e3ccb170b047;387.7;2.29;BUY
2016-01-23T00:35:37.233000;2016-01-23T00:35:37.617000;c3bad173-ac71-429f-825b-a3159d6eb856;387.71;1.06636892;BUY
2016-01-23T00:36:01.287000;2016-01-23T00:36:01.633000;d6b23bcf-fce8-470b-aed5-5fb2b01e1f7b;387.67;0.181;BUY
2016-01-23T00:36:01.287000;2016-01-23T00:36:01.633000;921c741e-73a2-4227-8c3d-a0c77c95e3ae;387.71;0.07091;BUY
2016-01-23T00:36:15.120000;2016-01-23T00:36:15.173000;06d97378-c53e-4f64-8be7-1e7f81c0f9b8;387.48;0.197;BUY
2016-01-23T00:36:15.120000;2016-01-23T00:36:15.187000;3833f67c-e755-4c0c-8a90-d6f144d0c3e1;387.48;1.098;BUY
2016-01-23T00:36:27.823000;2016-01-23T00:36:27.877000;66d564e0-0988-4052-84e8-94ebe7e9ed0c;387.47;0.01;SELL
2016-01-23T00:36:31.403000;2016-01-23T00:36:31.470000;e92601c3-d8be-492e-ac6d-6921886f0a8f;387.46;0.209;BUY
2016-01-23T00:36:31.403000;2016-01-23T00:36:31.470000;c89c3ae8-386a-45e1-a5e7-9432f67bf59a;387.46;0.06074;BUY
2016-01-23T00:36:43.903000;2016-01-23T00:36:43.953000;7b4cf513-a7c2-48e0-a407-5cde1a1cb272;387.42;0.01;SELL
2016-01-23T00:36:51.653000;2016-01-23T00:36:51.703000;7b69ce0e-267f-4b85-82f4-c40597824ed4;387.38;0.294;SELL
2016-01-23T00:36:51.937000;2016-01-23T00:36:51.983000;1dcb4bdd-153d-4300-8346-c16fa7370bf7;387.38;0.278;SELL
2016-01-23T00:37:01.567000;2016-01-23T00:37:01.610000;38aae436-50fe-4bd3-9576-deaea4b53d14;387.38;0.01017;BUY
2016-01-23T00:37:01.823000;2016-01-23T00:37:01.877000;3290192a-d08d-4f01-89db-9008d03686dd;387.37;0.01;SELL
2016-01-23T00:37:15.040000;2016-01-23T00:37:15.077000;f1d565ae-d09f-4ac1-84de-953a58933d8a;387.35;0.01;SELL
2016-01-23T00:37:31.760000;2016-01-23T00:37:31.797000;0ca4ffbc-356f-442d-8f08-4befa4b4edac;387.27;0.04852;BUY
2016-01-23T00:37:36.847000;2016-01-23T00:37:36.890000;1e045355-69b4-4e07-925b-8448f74f9382;387.26;0.302;SELL
2016-01-23T00:37:37.007000;2016-01-23T00:37:37.063000;f8980dad-bcf7-467c-a85a-0d372c156f21;387.26;0.649;SELL
2016-01-23T00:37:37.230000;2016-01-23T00:37:37.280000;30d14058-373b-4d9a-89d3-d347715e3320;387.26;0.721;SELL
2016-01-23T00:38:01.583000;2016-01-23T00:38:01.640000;b14b9265-c2d7-4feb-ab4c-760b50fc33e9;387.27;0.26616;BUY
2016-01-23T00:38:03.677000;2016-01-23T00:38:03.720000;24febed5-86c8-494e-aca5-319680735717;387.27;0.26748657;BUY
2016-01-23T00:38:31.627000;2016-01-23T00:38:31.673000;580795f5-ed3a-4ec6-a14f-03dfd0b66865;387.26;1.74929;SELL
2016-01-23T00:38:45.993000;2016-01-23T00:38:46.030000;8ddf670f-75a1-489f-ac25-799a67e7b35c;387.27;0.016916;BUY
2016-01-23T00:38:57.150000;2016-01-23T00:38:57.187000;42872b2c-03ea-4563-8fd1-d5c3f5bff320;387.27;0.07691743;BUY
2016-01-23T00:38:57.150000;2016-01-23T00:38:57.203000;9a7f3fc2-0e46-4928-b678-af9d30df03e7;387.27;0.13308257;BUY
2016-01-23T00:39:00.700000;2016-01-23T00:39:00.750000;1055b497-dd7f-4373-9fd8-4aa8ead88512;387.27;0.55791743;BUY
2016-01-23T00:39:00.700000;2016-01-23T00:39:00.767000;9897ae42-1e64-4836-a758-5ff4ba298160;387.27;0.272;BUY
2016-01-23T00:39:00.700000;2016-01-23T00:39:00.767000;2cf3d073-2c29-45fb-84ad-eedef8b22ada;387.27;0.694;BUY
2016-01-23T00:39:00.700000;2016-01-23T00:39:00.767000;b1c3c67d-1612-415b-90fc-859d1c1eaa1f;387.27;0.674;BUY
2016-01-23T00:39:00.700000;2016-01-23T00:39:00.813000;f7ef6abc-f599-4398-9695-df1432ad2aff;387.27;0.285;BUY
2016-01-23T00:39:00.700000;2016-01-23T00:39:00.813000;0a2beb14-ae7b-49e2-99ab-f9be95f90cd7;387.27;0.363;BUY
2016-01-23T00:39:00.700000;2016-01-23T00:39:00.813000;9c64457d-15f6-4db2-9b2d-98feed7c43b2;387.27;0.27;BUY
2016-01-23T00:39:00.700000;2016-01-23T00:39:00.813000;33128369-23a0-4c85-a9e5-16ec21d7e4ea;387.27;0.691;BUY
2016-01-23T00:39:00.700000;2016-01-23T00:39:00.813000;045ab547-2af3-4eb9-95dd-7b1c0ef7df96;387.27;0.3;BUY
2016-01-23T00:39:00.703000;2016-01-23T00:39:00.813000;b6ad0ac7-aa66-4de7-b0cc-c88c011a62e9;387.27;0.286;BUY
2016-01-23T00:39:00.703000;2016-01-23T00:39:00.813000;bf9a965f-e3b2-4500-a340-8c7a20376dc9;387.27;0.273;BUY
2016-01-23T00:39:00.703000;2016-01-23T00:39:00.813000;1618279c-4d4d-4631-be64-b950a52cc30a;387.27;0.687;BUY
2016-01-23T00:39:00.703000;2016-01-23T00:39:00.813000;125c1716-69e4-4a38-8746-b0e3fa5a88b7;387.27;0.274;BUY
2016-01-23T00:39:00.703000;2016-01-23T00:39:00.813000;b6f2f05d-8de3-4e9a-af70-fe21c59fabbf;387.27;0.67;BUY
2016-01-23T00:39:00.703000;2016-01-23T00:39:00.843000;daee511a-5522-4af5-908b-444dfd23a675;387.27;0.276;BUY
2016-01-23T00:39:01.347000;2016-01-23T00:39:01.390000;c77a5326-8fc2-4506-8f89-f7a2b842a4ec;387.55;0.01;BUY
2016-01-23T00:39:01.347000;2016-01-23T00:39:01.407000;1710c5cc-24ee-43d0-8722-6bce2580b7f0;387.6;0.01;BUY
2016-01-23T00:39:01.347000;2016-01-23T00:39:01.407000;830393a8-8f99-439d-8e0c-b53b6f7662f4;387.65;0.01;BUY
2016-01-23T00:39:01.347000;2016-01-23T00:39:01.407000;abbb0d7b-b8f7-4d0b-9bda-5385a9514ea6;387.77;0.02;BUY
2016-01-23T00:39:01.347000;2016-01-23T00:39:01.407000;e37e0ea1-38db-4b72-b108-3a9325ade338;387.78;0.207;BUY
2016-01-23T00:39:01.347000;2016-01-23T00:39:01.407000;c0099800-c48a-4a36-87cb-11cae0845ef1;387.81;0.01;BUY
2016-01-23T00:39:01.347000;2016-01-23T00:39:01.407000;41f32d8b-e311-4f36-8eff-ea8a7f1213a1;387.83;0.01;BUY
2016-01-23T00:39:01.347000;2016-01-23T00:39:01.423000;897461e0-35fa-46f5-8605-f14ff70e466a;387.83;0.178;BUY
2016-01-23T00:39:01.347000;2016-01-23T00:39:01.423000;8fc6d471-3c50-427b-9b03-13b64a0de8ab;387.88;0.177;BUY
2016-01-23T00:39:01.347000;2016-01-23T00:39:01.423000;00a5371b-b620-4e65-8319-bde51f54789a;387.9;0.1923;BUY
2016-01-23T00:39:01.347000;2016-01-23T00:39:01.423000;6a1a9700-5109-46de-bece-f9fcb43dbfa4;387.9;0.0222;BUY
2016-01-23T00:39:01.350000;2016-01-23T00:39:01.423000;3b509287-0b31-461f-b3e3-e2e93a6cd622;387.9;0.2031;BUY
2016-01-23T00:39:01.350000;2016-01-23T00:39:01.423000;d7df92af-c32c-480d-a7a4-66429d0d209f;387.95;0.01;BUY
2016-01-23T00:39:01.350000;2016-01-23T00:39:01.423000;98eaec70-768d-4917-8be1-22954f61ee7f;387.97;0.3854;BUY
2016-01-23T00:39:31.387000;2016-01-23T00:39:31.423000;597f1113-56f7-4151-aa2d-24fecd144b4b;387.99;0.06731;SELL
2016-01-23T00:39:45.300000;2016-01-23T00:39:45.343000;0dc40210-5ee6-4109-b139-b39cd2cd55fe;388.0;0.01;BUY
2016-01-23T00:39:45.300000;2016-01-23T00:39:45.360000;deee5a76-6f05-45e2-a242-84b034604c09;388.0;0.1;BUY
2016-01-23T00:39:45.300000;2016-01-23T00:39:45.360000;3c6edff8-4ed3-4675-9ee0-925bcd6c0dbf;388.0;4.0;BUY
2016-01-23T00:39:45.300000;2016-01-23T00:39:45.360000;277bdc75-c142-4680-9d26-2904c83bc6b0;388.09;0.02107486;BUY
2016-01-23T00:39:45.300000;2016-01-23T00:39:45.360000;6b1f76c9-e142-4a5d-add1-93cbe7c9cfe2;388.11;5.0;BUY
2016-01-23T00:39:45.300000;2016-01-23T00:39:45.377000;e5f469f1-084b-4fed-a755-fd946f0222a0;388.13;0.01;BUY
2016-01-23T00:39:45.300000;2016-01-23T00:39:45.377000;b09512a0-a863-476e-8364-7d76bd133620;388.19;0.01;BUY
2016-01-23T00:39:45.300000;2016-01-23T00:39:45.377000;cc0c9894-3dc4-4532-b3b7-110bc311c2b2;388.24;0.02;BUY
2016-01-23T00:39:45.300000;2016-01-23T00:39:45.377000;89c5abe2-c5cc-4a28-a50d-1f106c4d2a2c;388.27;3.19;BUY
2016-01-23T00:39:51.987000;2016-01-23T00:39:52.017000;3001dfbd-6654-4048-88d2-a1419bf2c612;388.3;0.37942294;BUY
2016-01-23T00:40:01.607000;2016-01-23T00:40:01.640000;ea9b5e4b-a07a-442e-a3ea-ebfba27a8485;388.36;0.01;BUY
2016-01-23T00:40:01.607000;2016-01-23T00:40:01.657000;db54a755-e08c-4932-abe5-c1d1fe5914a1;388.39;0.14049908;BUY
2016-01-23T00:40:01.607000;2016-01-23T00:40:01.657000;c0a75429-5abc-4d9b-a6c4-2a67a4646988;388.46;0.01;BUY
2016-01-23T00:40:01.607000;2016-01-23T00:40:01.657000;7594909f-8fad-4db6-97a7-188875592c6d;388.5;0.03146351;BUY
2016-01-23T00:40:01.607000;2016-01-23T00:40:01.673000;4f59e0be-7f83-4b86-9ae8-775e8f5b4e64;388.56;0.2;BUY
2016-01-23T00:40:01.607000;2016-01-23T00:40:01.673000;8273ad90-088d-44dc-916f-acace6d7af09;388.57;0.01;BUY
2016-01-23T00:40:01.607000;2016-01-23T00:40:01.733000;f8f85330-be9b-4212-a2ab-a72056dd97b9;388.73;4.33;BUY
2016-01-23T00:40:01.610000;2016-01-23T00:40:01.750000;0aaf5434-0641-4384-b73e-6ded80e996ac;388.74;0.01;BUY
2016-01-23T00:40:01.610000;2016-01-23T00:40:01.750000;2ca00c49-1527-48f1-8d47-27e49374aba1;388.83;0.01;BUY
2016-01-23T00:40:01.610000;2016-01-23T00:40:01.750000;8b1c6245-a943-4cbd-8a9d-3acf95eba4d3;388.87;0.01;BUY
2016-01-23T00:40:01.610000;2016-01-23T00:40:01.750000;e9ef5be3-6d68-41c3-a9fc-bb744b310826;388.88;0.01;BUY
2016-01-23T00:40:01.610000;2016-01-23T00:40:01.750000;578dd675-b6f6-45be-a1dc-43acbd54c5f1;388.9;0.02;BUY
2016-01-23T00:40:01.610000;2016-01-23T00:40:01.750000;b0545e9c-bdaa-4414-80e1-db45774a047d;388.93;0.58;BUY
2016-01-23T00:40:01.610000;2016-01-23T00:40:01.750000;6228247f-8dd7-4e08-aa59-2f23b7bf55ab;388.94;4.38;BUY
2016-01-23T00:40:01.610000;2016-01-23T00:40:01.750000;b989fccc-f6ac-4a30-b81b-7310f638c97f;388.97;0.01;BUY
2016-01-23T00:40:01.610000;2016-01-23T00:40:01.750000;c3d93201-872d-442a-a84b-bbd4e5b92740;388.99;0.51873741;BUY
2016-01-23T00:40:01.943000;2016-01-23T00:40:01.983000;f82037c6-4f87-4c0d-be1c-c183bcd4a0a0;388.35;0.01;SELL
2016-01-23T00:40:32.123000;2016-01-23T00:40:32.157000;ba1d4826-44cf-4372-97a6-59309ab9d25c;388.97;0.0259;SELL
2016-01-23T00:40:32.477000;2016-01-23T00:40:32.517000;09fccd8a-51f1-4333-aa58-008eb5671f62;388.98;0.75;BUY
2016-01-23T00:40:52.823000;2016-01-23T00:40:52.860000;c77e1a24-76a6-45e2-9312-efbe9c6a92de;388.94;0.01;SELL
2016-01-23T00:40:52.823000;2016-01-23T00:40:52.860000;30d2e62f-a4cd-48b8-a327-ad771cc06d96;388.94;6.88;SELL
2016-01-23T00:40:52.823000;2016-01-23T00:40:52.860000;5353975c-e098-43d6-b828-73b0dfda3754;388.93;1.608;SELL
2016-01-23T00:40:52.823000;2016-01-23T00:40:52.860000;2472b427-0ac3-4945-8632-721bb82d24c5;388.92;0.252;SELL
2016-01-23T00:40:55.163000;2016-01-23T00:40:55.220000;f63baf01-425c-4642-b93e-d080542bec09;388.93;0.8;SELL
2016-01-23T00:40:55.163000;2016-01-23T00:40:55.220000;d2963393-96d0-410a-b545-c99041a66661;388.93;2.56;SELL
2016-01-23T00:40:55.163000;2016-01-23T00:40:55.220000;84b8084b-46ef-4f5b-a915-75d2d0e4a26d;388.86;3.2;SELL
2016-01-23T00:40:55.163000;2016-01-23T00:40:55.220000;c230aea5-0a1a-42e3-a2d9-4239353788d8;388.85;1.516;SELL
2016-01-23T00:41:01.743000;2016-01-23T00:41:01.780000;2ffe37b8-86a0-4547-9607-76c2faf6aede;388.72;0.01;SELL
2016-01-23T00:41:02.243000;2016-01-23T00:41:02.297000;2cade8b1-90b6-4a18-adfe-34af84670648;388.72;1.12359;BUY
2016-01-23T00:41:06.767000;2016-01-23T00:41:06.797000;feef6346-1b7d-4828-a152-e41713f80eda;388.54;0.01;SELL
2016-01-23T00:41:10.350000;2016-01-23T00:41:10.377000;3986a4bc-caef-4963-9e1e-c01cd30c2a39;388.51;1.0;BUY
2016-01-23T00:41:11.993000;2016-01-23T00:41:12.017000;07466325-0afd-4aa7-b329-7427044eb6d9;388.5;0.01;SELL
2016-01-23T00:41:17.457000;2016-01-23T00:41:17.500000;184b4c5d-a1d5-4580-9b24-443fb1d79f37;388.45;0.01;SELL
2016-01-23T00:41:24.270000;2016-01-23T00:41:24.297000;f28f3358-0e76-4a72-92d7-c67949584d65;388.38;0.01;SELL
2016-01-23T00:41:24.270000;2016-01-23T00:41:24.313000;60e1c61d-7cd6-4655-b317-f53161bace26;388.37;0.278;SELL
2016-01-23T00:41:24.353000;2016-01-23T00:41:24.390000;016c554d-5398-4d11-88a9-a046538817fa;388.37;0.522;SELL
2016-01-23T00:41:27.817000;2016-01-23T00:41:27.843000;4bdcc125-eb5b-4bd9-92c4-2e805a6f69a8;388.36;0.676;SELL
2016-01-23T00:41:28.670000;2016-01-23T00:41:28.703000;3f025f8d-a41a-4bee-9f4d-effe9fa35632;388.36;0.745;SELL
2016-01-23T00:41:28.950000;2016-01-23T00:41:29.000000;74d11cc3-73b7-4796-bf39-875e078ee4d9;388.36;0.311;SELL
2016-01-23T00:41:30.347000;2016-01-23T00:41:30.377000;fd1c2748-f141-4fa2-b57d-996668c26877;388.36;0.669;SELL
2016-01-23T00:41:30.350000;2016-01-23T00:41:30.407000;b0df66f2-5cda-4f82-b9da-5c491ee164a1;388.36;0.294;SELL
2016-01-23T00:41:30.437000;2016-01-23T00:41:30.470000;0e63e982-a02e-4d82-a849-cd665667bfd8;388.36;0.703;SELL
2016-01-23T00:41:30.453000;2016-01-23T00:41:30.483000;c41e789f-3853-467a-9d4d-e904d437e87c;388.36;0.667;SELL
2016-01-23T00:41:30.537000;2016-01-23T00:41:30.563000;8c03f487-ec6f-4daa-948f-5d0adb74aa46;388.36;0.729;SELL
2016-01-23T00:41:30.893000;2016-01-23T00:41:30.923000;7dcb286c-ce32-4702-b374-2f273528f938;388.36;1.231;SELL
2016-01-23T00:41:31.157000;2016-01-23T00:41:31.203000;4ecb5fd1-4d7f-4717-9154-23477ef7f1cf;388.36;0.737;SELL
2016-01-23T00:41:32.343000;2016-01-23T00:41:32.377000;2c8fff14-725d-4354-b095-e29da0858093;388.37;0.189;BUY
2016-01-23T00:41:32.343000;2016-01-23T00:41:32.390000;37d93062-5ea8-4577-bebe-78303d93b6e4;388.37;0.278;BUY
2016-01-23T00:41:32.343000;2016-01-23T00:41:32.390000;f22304d8-ae9a-401c-8272-4c284b8e87cd;388.37;0.327;BUY
2016-01-23T00:41:32.343000;2016-01-23T00:41:32.390000;41967232-83a2-4d4d-a7a5-bbb6b2ca1882;388.37;0.711;BUY
2016-01-23T00:41:32.343000;2016-01-23T00:41:32.390000;9589dee5-35ef-486e-bb3f-2ed48f8ae4dd;388.37;2.49111;BUY
2016-01-23T00:41:32.993000;2016-01-23T00:41:33.030000;066bf54b-8e0d-49f9-ab2c-684efe350af2;388.36;0.75;SELL
2016-01-23T00:42:01.867000;2016-01-23T00:42:01.923000;a83cfd64-4179-48df-a8f4-f9666c87dc02;388.36;0.01;SELL
2016-01-23T00:42:02.240000;2016-01-23T00:42:02.280000;726c6ba0-e312-45c2-9ff2-a72ce6f25b44;388.37;0.02597;BUY
2016-01-23T00:42:15.193000;2016-01-23T00:42:15.233000;280f9058-16dc-4dc9-8109-82a7d2642007;388.37;0.69703;BUY
2016-01-23T00:42:15.193000;2016-01-23T00:42:15.250000;00e73517-844e-4135-8eb4-1cc6c29ea1ba;388.37;0.58719153;BUY
2016-01-23T00:42:32.270000;2016-01-23T00:42:32.297000;c92e37b4-e484-4442-948e-d963c87c2a98;388.37;0.07280847;BUY
2016-01-23T00:42:32.270000;2016-01-23T00:42:32.313000;7e140983-6dea-4aac-8805-bf0915f52689;388.37;0.13327153;BUY
2016-01-23T00:42:34.560000;2016-01-23T00:42:34.593000;28e66047-ac1e-4b5c-a5a4-f9848cc78656;388.37;0.57372847;BUY
2016-01-23T00:42:34.560000;2016-01-23T00:42:34.610000;04b18fd1-7641-48c3-a72e-fe9a409391e1;388.37;0.364;BUY
2016-01-23T00:42:34.560000;2016-01-23T00:42:34.610000;59d158db-43e1-4cec-9e3c-59f9cb33fde4;388.37;0.284;BUY
2016-01-23T00:42:34.560000;2016-01-23T00:42:34.610000;5ed59dbe-c9ff-4714-9376-0d8c32cf083b;388.37;0.295;BUY
2016-01-23T00:42:34.560000;2016-01-23T00:42:34.610000;55ca7b2e-deee-4cf3-8ca0-813f266c5a3d;388.37;0.27;BUY
2016-01-23T00:42:34.560000;2016-01-23T00:42:34.610000;dfcf633a-0947-4c20-aff6-3fe852cbdf03;388.37;0.675;BUY
2016-01-23T00:42:34.563000;2016-01-23T00:42:34.610000;9a98584e-70c7-41fd-bb7d-e4995b71d3ef;388.37;0.23580454;BUY
2016-01-23T00:42:52.857000;2016-01-23T00:42:52.890000;a4027302-ba4a-4958-b1e0-80134b3be555;388.37;0.31;BUY
2016-01-23T00:42:59.143000;2016-01-23T00:42:59.173000;86c3ba42-bc0a-4a3a-8ee6-4971b9849efc;388.37;0.14819546;BUY
2016-01-23T00:42:59.143000;2016-01-23T00:42:59.187000;5bc6685e-eb65-456d-82ab-d81ab99f8da1;388.37;0.692;BUY
2016-01-23T00:42:59.143000;2016-01-23T00:42:59.187000;654da1e7-235a-4139-80bf-450074e83a84;388.37;0.277;BUY
2016-01-23T00:42:59.143000;2016-01-23T00:42:59.187000;ede10671-c069-49a7-bb3b-76f1e9b73484;388.37;0.678;BUY
2016-01-23T00:42:59.143000;2016-01-23T00:42:59.187000;426071c9-a2cb-4958-ba3b-c2e5f210c09a;388.37;0.285;BUY
2016-01-23T00:42:59.143000;2016-01-23T00:42:59.250000;063477ff-c76c-44bb-ac75-a5b29476319a;388.37;0.28;BUY
2016-01-23T00:42:59.143000;2016-01-23T00:42:59.267000;49c5618a-c78d-43bf-a16a-a1c831cb4f5e;388.37;0.657;BUY
2016-01-23T00:42:59.143000;2016-01-23T00:42:59.267000;58a898a9-8cdd-4518-9eeb-af21a31a5c43;388.37;0.273;BUY
2016-01-23T00:42:59.147000;2016-01-23T00:42:59.267000;2acca3f5-37c1-4e22-be64-6cba7c0d7524;388.37;0.692;BUY
2016-01-23T00:42:59.147000;2016-01-23T00:42:59.267000;9fdb0ad0-cf67-423d-b755-59be77491c1d;388.37;1.6;BUY
2016-01-23T00:42:59.147000;2016-01-23T00:42:59.267000;d4edd413-05bb-45a6-bb51-8d022817bf74;388.37;0.706;BUY
2016-01-23T00:42:59.147000;2016-01-23T00:42:59.267000;154604d3-5a2c-444c-80ee-f5c1a1d321a1;388.37;0.671;BUY
2016-01-23T00:42:59.147000;2016-01-23T00:42:59.267000;5f280cbb-4540-4467-91b8-46089298fcfd;388.37;0.719;BUY
2016-01-23T00:42:59.147000;2016-01-23T00:42:59.267000;c1bbf8e2-bdda-4ec7-933e-97f77a04a3ef;388.37;0.688;BUY
2016-01-23T00:42:59.147000;2016-01-23T00:42:59.267000;aee3675e-012a-4835-b8a2-b9bdfe07dfe1;388.37;0.671;BUY
2016-01-23T00:42:59.147000;2016-01-23T00:42:59.267000;eb3af387-f743-4e78-a779-17b924bb8e0a;388.37;0.274;BUY
2016-01-23T00:42:59.147000;2016-01-23T00:42:59.267000;5f5b2d4e-7b6b-4d7c-9543-933edbbebe7d;388.37;0.272;BUY
2016-01-23T00:42:59.147000;2016-01-23T00:42:59.280000;bb47ce25-5a71-4741-a55e-e68d85c32b54;388.37;0.44880454;BUY
2016-01-23T00:43:01.483000;2016-01-23T00:43:01.530000;eb0e5be7-2c5b-4dca-a3dd-679d3a78b35f;388.37;0.28619546;BUY
2016-01-23T00:43:01.483000;2016-01-23T00:43:01.530000;af8786e3-d88b-4694-a484-e4415e01d09b;388.37;0.692;BUY
2016-01-23T00:43:01.483000;2016-01-23T00:43:01.530000;e379a55f-ba5c-4318-9d7d-8031179340c6;388.37;0.287;BUY
2016-01-23T00:43:01.483000;2016-01-23T00:43:01.530000;dd39b924-555d-4fd6-8ec4-586e69269924;388.37;0.277;BUY
2016-01-23T00:43:01.483000;2016-01-23T00:43:01.547000;4d527f39-576f-47ea-a29b-deba532b0f46;388.37;0.278;BUY
2016-01-23T00:43:01.483000;2016-01-23T00:43:01.547000;d698948e-d945-4bc2-9e98-3869f5a98709;388.37;0.68;BUY
2016-01-23T00:43:01.483000;2016-01-23T00:43:01.547000;de739f0e-c6db-4a9e-bc6f-33cb99522cc7;388.37;0.273;BUY
2016-01-23T00:43:01.483000;2016-01-23T00:43:01.547000;43bb3642-c211-4389-a8a9-85cac0362d1a;388.55;2.0;BUY
2016-01-23T00:43:01.483000;2016-01-23T00:43:01.547000;2ae4e6a7-bec3-4c2e-8923-b882254b072f;388.56;0.01;BUY
2016-01-23T00:43:01.483000;2016-01-23T00:43:01.547000;3458522d-ebe2-4bce-aeab-0c20085daa38;388.63;0.01;BUY
2016-01-23T00:43:01.487000;2016-01-23T00:43:01.547000;4e3cad90-948f-4f45-a6da-ea4d69d26c31;388.72;0.01;BUY
2016-01-23T00:43:01.487000;2016-01-23T00:43:01.547000;45e3c268-182e-4bc6-b3c5-b721882af394;388.88;0.1;BUY
2016-01-23T00:43:01.487000;2016-01-23T00:43:01.563000;253cb36d-fb68-4790-9cd1-cc7265ac7f5c;388.98;0.01;BUY
2016-01-23T00:43:01.487000;2016-01-23T00:43:01.563000;b9daecf3-22a5-4e87-9144-6b78ab2cc66e;388.98;0.299;BUY
2016-01-23T00:43:01.487000;2016-01-23T00:43:01.563000;9fe698c7-de5a-494f-857a-46dbff570408;388.99;0.04460454;BUY
2016-01-23T00:43:01.830000;2016-01-23T00:43:01.860000;0d6ea627-ed41-4cd8-9a78-8dda6878aa79;388.36;0.01;SELL
2016-01-23T00:43:16.320000;2016-01-23T00:43:16.343000;f216b491-ccf9-4b71-8b21-4133eb757cf7;389.0;0.02;BUY
2016-01-23T00:43:31.367000;2016-01-23T00:43:31.390000;5a1c5d5e-1eff-4aab-becd-fccf7a3ae2dd;389.0;0.27337;BUY
2016-01-23T00:43:42.467000;2016-01-23T00:43:42.500000;76d29dd2-f5f2-4e17-a4f0-cfc64f1702f8;389.0;4.70663;BUY
2016-01-23T00:43:42.467000;2016-01-23T00:43:42.500000;26b53440-1d3c-42f8-bea9-cfccba4be792;389.0;5.0;BUY
2016-01-23T00:43:42.467000;2016-01-23T00:43:42.517000;321f89cd-74a8-4d64-894b-1dccbdf220b0;389.0;0.02;BUY
2016-01-23T00:43:42.467000;2016-01-23T00:43:42.517000;db639534-8348-4f79-bae2-ea9c738b26c3;389.0;0.4;BUY
2016-01-23T00:44:01.433000;2016-01-23T00:44:01.470000;48981d32-a203-4c7a-8906-873c1cec7fdd;389.04;0.3;BUY
2016-01-23T00:44:01.433000;2016-01-23T00:44:01.483000;3f83af9e-051c-4090-b240-4cd799c6301f;389.12;0.01;BUY
2016-01-23T00:44:01.437000;2016-01-23T00:44:01.483000;3d5ef57f-7e09-4d63-b0d4-2129939987c3;389.14;0.01;BUY
2016-01-23T00:44:01.437000;2016-01-23T00:44:01.483000;dd9492ff-31cf-47fb-8ed1-71c1a3c36104;389.18;0.01;BUY
2016-01-23T00:44:01.437000;2016-01-23T00:44:01.483000;751a7ca7-9f76-4e77-8a65-11e8a48489db;389.19;0.01;BUY
2016-01-23T00:44:01.437000;2016-01-23T00:44:01.483000;728dac0f-3f4b-4eb6-904d-11d340c51eca;389.2;0.01;BUY
2016-01-23T00:44:01.437000;2016-01-23T00:44:01.483000;cfe6e0e0-05f2-48ca-b91d-fe78e8a9381d;389.2;0.01;BUY
2016-01-23T00:44:01.437000;2016-01-23T00:44:01.563000;14740e69-f5a2-43b4-8e09-3e993e1e114b;389.22;0.01;BUY
2016-01-23T00:44:01.437000;2016-01-23T00:44:01.563000;30c6f151-255c-4b4a-8840-2327cc6a8f69;389.27;0.529;BUY
2016-01-23T00:44:01.437000;2016-01-23T00:44:01.563000;9e3d6744-68e1-475f-9167-cc443b2c5632;389.39;0.01;BUY
2016-01-23T00:44:01.437000;2016-01-23T00:44:01.563000;e1107f04-8d8d-47b1-aaec-9e1e5628a231;389.5;0.03146351;BUY
2016-01-23T00:44:01.437000;2016-01-23T00:44:01.563000;22f390f3-8005-4a77-941c-d2517b8fc80e;389.56;0.02;BUY
2016-01-23T00:44:01.437000;2016-01-23T00:44:01.563000;010467de-63c5-4158-9cb9-a1381d08cee6;389.72;0.084;BUY
2016-01-23T00:44:01.437000;2016-01-23T00:44:01.563000;4a02ee9d-b289-42d4-b80b-232570817db7;389.77;0.01;BUY
2016-01-23T00:44:01.437000;2016-01-23T00:44:01.563000;4f9ae968-0b5e-4ea0-b6d8-b231a006319d;389.79;0.01;BUY
2016-01-23T00:44:01.437000;2016-01-23T00:44:01.563000;d1efa94c-a5a4-456d-9d9e-cc6a0f7d228d;389.79;0.25;BUY
2016-01-23T00:44:01.437000;2016-01-23T00:44:01.563000;0ac05d53-b232-4133-ba7c-4beeb508197f;389.8;1.0;BUY
2016-01-23T00:44:01.437000;2016-01-23T00:44:01.563000;6e420305-a558-4626-96b2-4762bf57bb12;389.81;0.01;BUY
2016-01-23T00:44:01.437000;2016-01-23T00:44:01.563000;f9784d9b-b547-4162-aae2-a4031064bbe1;389.81;2.76413649;BUY
2016-01-23T00:44:01.990000;2016-01-23T00:44:02.030000;e19c0ab9-7c3b-4d18-be57-e13c5a8db799;389.11;0.01;SELL
2016-01-23T00:44:31.353000;2016-01-23T00:44:31.377000;c30b7d57-2f97-4226-a55b-2d7d6b2c358c;389.88;0.1;BUY
2016-01-23T00:44:31.353000;2016-01-23T00:44:31.390000;9b02b767-ca90-4c46-82e0-5103d2dc27af;389.88;10.71145;BUY
2016-01-23T00:44:38.017000;2016-01-23T00:44:38.047000;12834b5f-f83b-4e9c-b3bf-87a0d55dd3e8;389.88;0.05;BUY
2016-01-23T00:45:01.803000;2016-01-23T00:45:01.830000;45237a84-e698-415d-843e-0082ab04df45;389.9;0.76665;BUY
2016-01-23T00:45:01.890000;2016-01-23T00:45:01.907000;1b0e622b-f70c-4e94-b182-9884464eeaff;389.89;0.01;SELL
2016-01-23T00:45:31.203000;2016-01-23T00:45:31.233000;d596e4e6-6660-4308-816d-0548198254d8;389.89;0.24;SELL
2016-01-23T00:45:31.203000;2016-01-23T00:45:31.233000;e65cb460-4ed1-4021-a245-7c77c48ed366;389.89;1.0764;SELL
2016-01-23T00:46:01.477000;2016-01-23T00:46:01.500000;4b4e8545-bbb5-48e0-a89c-329d0367deb9;389.9;0.74335;BUY
2016-01-23T00:46:01.477000;2016-01-23T00:46:01.517000;5bc692e6-ff08-44f9-b7cc-2e1d5b05a9e4;389.9;6.47441351;BUY
2016-01-23T00:46:01.477000;2016-01-23T00:46:01.517000;1078812c-6822-413b-8511-1c4b3d2720b0;389.95;0.01;BUY
2016-01-23T00:46:01.477000;2016-01-23T00:46:01.517000;0ae5b023-29e8-4ac1-adf3-18d393ba000b;389.98;0.45602649;BUY
2016-01-23T00:46:01.833000;2016-01-23T00:46:01.877000;a9413d49-df8a-4edd-870f-f87b5c98247f;389.9;0.01;SELL
2016-01-23T00:46:31.377000;2016-01-23T00:46:31.407000;188824f1-4684-4efd-b182-09182e65c861;389.98;1.37325;BUY
2016-01-23T00:47:01.383000;2016-01-23T00:47:01.407000;ba4ebd69-e5ef-4563-a2a5-245325f2b771;389.98;0.05568;BUY
2016-01-23T00:47:01.630000;2016-01-23T00:47:01.657000;aca0b37d-5f5c-4217-9acf-6b6ab4c5d5f3;389.97;0.01;SELL
2016-01-23T00:47:31.337000;2016-01-23T00:47:31.360000;c616f661-76a1-452d-a248-c4e909f22b4c;389.98;1.34758;BUY
2016-01-23T00:47:55.170000;2016-01-23T00:47:55.187000;25784d78-f97d-44d8-a78f-ad8d74a68a9c;389.97;0.25;SELL
2016-01-23T00:47:55.170000;2016-01-23T00:47:55.203000;e2f0b1b7-2c24-497c-8f14-e0b05906eeef;389.97;0.06;SELL
2016-01-23T00:48:00.373000;2016-01-23T00:48:00.390000;8709e71c-8b9d-4b80-9b09-89e22b4d7d62;389.95;0.25;SELL
2016-01-23T00:48:00.373000;2016-01-23T00:48:00.407000;fb312959-53d7-4998-9dc4-f4604a517011;389.94;0.01;SELL
2016-01-23T00:48:00.373000;2016-01-23T00:48:00.407000;e30b412c-8a78-481c-bd7b-04c1534f417d;389.9;6.99;SELL
2016-01-23T00:48:00.373000;2016-01-23T00:48:00.407000;16a18b7b-3dc8-4dc8-b8fa-1aeb0c3fe2e8;389.84;0.01;SELL
2016-01-23T00:48:00.373000;2016-01-23T00:48:00.407000;d8a94a26-1056-4bd5-b4c0-459d771cec1d;389.8;0.0125;SELL
2016-01-23T00:48:01.457000;2016-01-23T00:48:01.483000;186ed04b-d27c-4c51-9b51-82cbd9e7a18c;389.95;4.64;BUY
2016-01-23T00:48:01.457000;2016-01-23T00:48:01.483000;46c714e9-3b83-43a5-b81c-e300fa5c9dc0;389.98;0.61659;BUY
2016-01-23T00:48:01.760000;2016-01-23T00:48:01.783000;17589996-357b-4133-bfb8-6fed002728a9;389.68;0.01;SELL
2016-01-23T00:48:14.927000;2016-01-23T00:48:14.970000;7c50e03c-a868-4342-9965-19579a1f6892;389.67;0.01;SELL
2016-01-23T00:48:14.927000;2016-01-23T00:48:14.970000;8f2be805-54ca-470a-9938-6734867fd2f8;389.64;0.25;SELL
2016-01-23T00:48:14.927000;2016-01-23T00:48:14.970000;b42cd1b3-993f-43fc-958f-2dbf92df0cc1;389.64;0.01;SELL
2016-01-23T00:48:31.330000;2016-01-23T00:48:31.360000;07e1f5b2-65f0-4552-93ed-f1b6fae7c95b;389.62;0.271;BUY
2016-01-23T00:48:31.330000;2016-01-23T00:48:31.360000;44a880b3-4271-4aef-bec9-363e9dcf8cf8;389.62;1.86966;BUY
2016-01-23T00:48:35.613000;2016-01-23T00:48:35.627000;db17c8a2-232a-49b7-bd63-a6b049425605;389.61;0.05;SELL
2016-01-23T00:48:35.680000;2016-01-23T00:48:35.687000;814ba1e6-1b79-4c66-a81b-d6e9169519e3;389.61;0.2;SELL
2016-01-23T00:48:35.680000;2016-01-23T00:48:35.703000;53b2b9e3-505f-4bad-ba59-5643d9b2a51e;389.6;0.03627634;SELL
2016-01-23T00:48:49.910000;2016-01-23T00:48:49.937000;6c7fd577-7cd8-4b00-a5a5-1643a34e83db;389.61;0.279;BUY
2016-01-23T00:48:49.910000;2016-01-23T00:48:49.937000;013a3a4e-5aa5-41f6-9744-a06532c67129;389.61;0.32347103;BUY
2016-01-23T00:48:49.910000;2016-01-23T00:48:49.953000;f992b9ab-9d41-4619-976b-f52e61d231a0;389.61;0.276;BUY
2016-01-23T00:48:49.910000;2016-01-23T00:48:49.953000;7ba507c6-760f-4a14-94ea-77d29c557bf3;389.61;0.272;BUY
2016-01-23T00:48:49.913000;2016-01-23T00:48:49.953000;d6cd93cd-ac37-44c3-bd58-1eaa2bc030d9;389.61;1.84952897;BUY
2016-01-23T00:49:01.390000;2016-01-23T00:49:01.407000;92efdc70-b7f3-481a-8f2d-6c4b3e8dd0fd;389.61;0.41;BUY
2016-01-23T00:49:01.390000;2016-01-23T00:49:01.423000;ddb771d8-6a1b-4a54-bc5a-3bfc9c5b4a54;389.61;0.248;BUY
2016-01-23T00:49:01.390000;2016-01-23T00:49:01.423000;8ccb8e1b-8039-4744-8ae9-830d5b943fb1;389.61;1.025;BUY
2016-01-23T00:49:01.390000;2016-01-23T00:49:01.423000;b3a70e22-4212-42a6-9eb6-e687996157f1;389.64;16.32;BUY
2016-01-23T00:49:01.390000;2016-01-23T00:49:01.423000;71ecdc02-dd93-40e9-b8ec-99d736c2aa90;389.65;1.918;BUY
2016-01-23T00:49:01.390000;2016-01-23T00:49:01.500000;4c2bf3bb-23f9-4d46-ba22-8d60146b4a14;389.66;0.262;BUY
2016-01-23T00:49:01.390000;2016-01-23T00:49:01.500000;1b865c92-4527-4f76-94d2-19ca23bd2368;389.71;0.263;BUY
2016-01-23T00:49:01.390000;2016-01-23T00:49:01.500000;60093fce-f167-4364-87a9-5f5183a2b05e;389.75;0.01;BUY
2016-01-23T00:49:01.390000;2016-01-23T00:49:01.500000;6916d3c0-cd51-4e32-9299-d2056be5c4e1;389.76;0.291;BUY
2016-01-23T00:49:01.390000;2016-01-23T00:49:01.500000;7c2c1da2-752f-4c9a-8065-5897340ef772;389.8;1.12;BUY
2016-01-23T00:49:01.390000;2016-01-23T00:49:01.500000;22d3f7ff-7294-460c-a897-6e4a52ba5be7;389.81;0.298;BUY
2016-01-23T00:49:01.390000;2016-01-23T00:49:01.500000;9a9b161d-0367-407b-8ca4-a6ede4cef0a4;389.86;0.265;BUY
2016-01-23T00:49:01.393000;2016-01-23T00:49:01.517000;a50c046e-44ba-43cb-be9b-e466c40d236b;389.87;2.97872;BUY
2016-01-23T00:49:02.310000;2016-01-23T00:49:02.343000;94df71aa-f69b-41c0-8df3-1ac4dd35cdac;389.6;0.01;SELL
2016-01-23T00:49:13.913000;2016-01-23T00:49:13.923000;336fb6c5-3e79-4ea3-8e4b-c3e2139b77b3;389.62;0.25;SELL
2016-01-23T00:49:13.913000;2016-01-23T00:49:13.937000;07366977-b82b-4ca0-9c4a-0e6d9b90ac48;389.6;1.07613998;SELL
2016-01-23T00:49:31.333000;2016-01-23T00:49:31.360000;27e3bf70-a90c-480b-92c5-159d4c23a612;389.88;0.01;BUY
2016-01-23T00:49:31.333000;2016-01-23T00:49:31.360000;c6e6bb62-2939-486d-8ae5-59440c1a0fbe;389.88;0.083;BUY
2016-01-23T00:49:31.333000;2016-01-23T00:49:31.360000;c3d67643-691a-47cb-a377-8535e20cf573;389.89;0.0088;BUY
2016-01-23T00:50:01.293000;2016-01-23T00:50:01.313000;3a45dd0a-34ca-4bb3-aff8-7283afe0d183;389.88;0.5;BUY
2016-01-23T00:50:01.293000;2016-01-23T00:50:01.313000;522a7909-9aa2-4e8a-8f80-c8316b35e0d2;389.88;0.197;BUY
2016-01-23T00:50:01.293000;2016-01-23T00:50:01.313000;7ce8923f-212b-4752-9bfe-cfb45aa275eb;389.93;0.188;BUY
2016-01-23T00:50:01.293000;2016-01-23T00:50:01.313000;9e1d745c-e5ad-4bcb-9a4a-563dcc3a87cf;389.98;0.01;BUY
2016-01-23T00:50:01.293000;2016-01-23T00:50:01.313000;f3091172-082f-488d-8161-dd6ae8db8b24;389.98;0.163;BUY
2016-01-23T00:50:01.293000;2016-01-23T00:50:01.407000;95c42689-37bc-44ff-aad2-a9d3adfcd3bc;390.0;0.01;BUY
2016-01-23T00:50:01.293000;2016-01-23T00:50:01.407000;b9cb9035-5a92-4536-b8b6-1c1727930646;390.0;0.01;BUY
2016-01-23T00:50:01.293000;2016-01-23T00:50:01.407000;ebd622b2-0fb2-4bf3-bf09-a13c18fa6ea4;390.0;0.05;BUY
2016-01-23T00:50:01.293000;2016-01-23T00:50:01.407000;74ffddc6-e525-4873-b998-a88300887f6c;390.0;0.12928;BUY
2016-01-23T00:50:01.950000;2016-01-23T00:50:01.970000;e1caf85d-6985-4da8-8b9e-a27f894ebbbe;389.88;0.01;SELL
2016-01-23T00:50:16.970000;2016-01-23T00:50:16.983000;99c754f5-26c4-455e-bca7-12d6f4bea935;389.99;0.174;BUY
2016-01-23T00:50:16.970000;2016-01-23T00:50:16.983000;e9966cea-6c77-4e85-aef6-19c9dc005bce;390.0;0.06156939;BUY
2016-01-23T00:50:31.387000;2016-01-23T00:50:31.407000;71c57d6d-b1aa-4618-8284-970a25852981;390.0;4.80915061;BUY
2016-01-23T00:50:31.387000;2016-01-23T00:50:31.407000;39eac647-d883-454b-b048-5f4a415dd266;390.0;0.25;BUY
2016-01-23T00:50:31.387000;2016-01-23T00:50:31.407000;6e1f0c2b-826e-4c0b-b16c-2fa468317405;390.0;3.0;BUY
2016-01-23T00:50:31.387000;2016-01-23T00:50:31.407000;b007b610-0537-47ed-977e-416b1c8e54da;390.0;0.20441202;BUY
2016-01-23T00:50:31.387000;2016-01-23T00:50:31.407000;478c53b3-52f3-4406-8435-bf46a8c9cc7e;390.0;17.09603737;BUY
2016-01-23T00:50:31.517000;2016-01-23T00:50:31.533000;9d70a918-9b6c-4dbe-b8df-43db4d73ccde;390.0;7.45;BUY
2016-01-23T00:50:47.883000;2016-01-23T00:50:47.890000;96c8e6ed-e90c-4e4c-897d-dcddaf3ec972;390.0;0.01;BUY
2016-01-23T00:50:50.927000;2016-01-23T00:50:50.937000;3755363b-f58c-4101-a237-3efb69dab006;390.0;0.01;BUY
2016-01-23T00:50:51.117000;2016-01-23T00:50:51.140000;c1d69c2f-f36b-4594-a7f4-678e453ad454;389.99;0.01;SELL
2016-01-23T00:50:51.117000;2016-01-23T00:50:51.140000;9ec04ce2-b320-4417-aa00-4203aed25e5c;389.99;0.648;SELL
2016-01-23T00:50:52.507000;2016-01-23T00:50:52.517000;2d496d78-8a20-44ef-92c4-d334700e56da;389.99;0.711;SELL
2016-01-23T00:51:01.297000;2016-01-23T00:51:01.297000;d260f023-1ba3-4c27-a489-aa0709c4826c;389.99;0.735;SELL
2016-01-23T00:51:01.793000;2016-01-23T00:51:01.797000;3df41c06-1d7e-41cc-8a38-a618ec05a1cf;389.99;0.01;SELL
2016-01-23T00:51:01.833000;2016-01-23T00:51:01.843000;9dbeb020-1bb5-4529-9cda-5efb44c600af;389.99;0.31;SELL
2016-01-23T00:51:03.043000;2016-01-23T00:51:03.047000;eec1b1d6-c5a5-4392-be69-8ed7116ddc73;389.99;0.748;SELL
2016-01-23T00:51:05.540000;2016-01-23T00:51:05.547000;32941920-fbbc-4781-9314-f1b2812060fa;389.99;0.709;SELL
2016-01-23T00:51:05.557000;2016-01-23T00:51:05.580000;3c71becd-6db3-4433-9c6f-c5baa547493f;390.0;0.73839;BUY
2016-01-23T00:51:05.763000;2016-01-23T00:51:05.783000;67f82c52-71b9-408d-b60d-849f4ddf025c;389.99;0.715;SELL
2016-01-23T00:51:07.900000;2016-01-23T00:51:07.907000;df93b6c5-6b7a-4fa4-8e51-861b4b7fec46;389.99;0.414;SELL
2016-01-23T00:51:07.900000;2016-01-23T00:51:07.923000;4a0d640c-9651-43e4-8a84-94883302bf02;389.99;0.313;SELL
2016-01-23T00:51:36.953000;2016-01-23T00:51:36.990000;b101bfc1-8eac-460b-bba5-44e9e69e1a1b;389.99;0.357;SELL
2016-01-23T00:51:40.167000;2016-01-23T00:51:40.223000;fa83d6b4-6611-4313-a3d0-5bfe4877cf6d;389.95;0.25;SELL
2016-01-23T00:51:50.143000;2016-01-23T00:51:50.193000;34f16d08-1906-445b-a2e4-b23b2c0c2580;389.93;0.25;SELL
2016-01-23T00:51:58.600000;2016-01-23T00:51:58.643000;e1f2f1d3-4e53-4ad4-8607-234d1e9956a3;389.92;0.25;SELL
2016-01-23T00:51:58.600000;2016-01-23T00:51:58.660000;fa97dbe4-0339-47aa-bf43-c4772c471e41;389.92;0.415;SELL
2016-01-23T00:52:01.607000;2016-01-23T00:52:01.643000;4b770cbf-48cf-4860-8f2f-44ce31c4f857;389.92;0.01;SELL
2016-01-23T00:52:07.533000;2016-01-23T00:52:07.567000;c8f2ea0f-fd08-461b-9bfc-6d6c79a93ae7;389.93;0.01;BUY
2016-01-23T00:52:10.473000;2016-01-23T00:52:10.520000;2cc536ba-c231-49b6-90c8-e5bf72138716;389.92;0.24;SELL
2016-01-23T00:52:17.300000;2016-01-23T00:52:17.333000;84643b98-1568-48c0-b90d-3783c1dd3c2c;389.91;0.293;SELL
2016-01-23T00:52:17.600000;2016-01-23T00:52:17.643000;759a8ff1-c245-4323-8bd6-109894a868d1;389.91;0.674;SELL
2016-01-23T00:52:21.217000;2016-01-23T00:52:21.253000;24d37c0d-f02f-4802-a41c-71fc842dd378;389.91;0.743;SELL
2016-01-23T00:52:21.263000;2016-01-23T00:52:21.300000;53369a8e-d836-4d39-9480-51151e9f5035;389.91;0.468;SELL
2016-01-23T00:52:22.670000;2016-01-23T00:52:22.707000;96710b94-4382-4eac-b56d-f55bd45e4d82;389.91;0.16;SELL
2016-01-23T00:52:25.460000;2016-01-23T00:52:25.503000;59eaea3d-d5f1-4815-a4db-831a3fdefaaf;389.9;1.238;SELL
2016-01-23T00:52:25.667000;2016-01-23T00:52:25.723000;89a0bf9b-7431-4f50-839b-af018df3639a;389.9;0.666;SELL
2016-01-23T00:52:27.700000;2016-01-23T00:52:27.740000;1d41e9fa-38c6-4f79-acb1-e1394762d4ed;389.9;4.276;SELL
2016-01-23T00:52:31.497000;2016-01-23T00:52:31.550000;8a489173-5252-4946-9395-584f1a6ffcc5;389.83;0.206;BUY
2016-01-23T00:52:31.497000;2016-01-23T00:52:31.550000;8fb44a27-ce90-432d-95e7-1222eb0ed93d;389.83;0.0317;BUY
2016-01-23T00:52:33.307000;2016-01-23T00:52:33.347000;0f3ce671-a68f-433f-87a7-c7d4689036cd;389.78;0.25;SELL
2016-01-23T00:52:35.807000;2016-01-23T00:52:35.847000;517292fc-bd84-4d31-8c60-ad16340ec219;389.71;0.01;SELL
2016-01-23T00:52:41.110000;2016-01-23T00:52:41.143000;ac6e3105-c876-4f3d-a9a1-e23015203fac;389.69;0.01;SELL
2016-01-23T00:52:47.357000;2016-01-23T00:52:47.393000;597c3c35-1b38-4ff1-9a01-17981b6a0af1;389.62;0.25;SELL
2016-01-23T00:52:51.193000;2016-01-23T00:52:51.223000;4e0d246a-a769-4eaf-9c22-3f39e62a6c16;389.61;0.25;SELL
2016-01-23T00:52:54.767000;2016-01-23T00:52:54.800000;d3b960fe-64a3-4721-b569-0c8fae3f0f00;389.6;0.293;SELL
2016-01-23T00:52:55.970000;2016-01-23T00:52:56.003000;95734dea-b61b-400c-bfed-c91e34c0d2be;389.6;0.744;SELL
2016-01-23T00:52:56.297000;2016-01-23T00:52:56.347000;7cc29b10-242e-49f5-8bce-011f3717d8b4;389.6;0.675;BUY
2016-01-23T00:52:56.307000;2016-01-23T00:52:56.347000;bc1815e9-f35c-4355-ae94-e98d8966cfbe;389.6;0.01;SELL
2016-01-23T00:52:56.510000;2016-01-23T00:52:56.550000;8f0b5e40-9a90-4ca0-b92b-a740e6996279;389.6;0.7;SELL
2016-01-23T00:52:56.567000;2016-01-23T00:52:56.613000;48368a53-2809-4d30-9180-2423f8e926ba;389.6;0.552;SELL
2016-01-23T00:52:56.877000;2016-01-23T00:52:56.927000;46042746-8224-449e-8dcb-1381266f50f9;389.6;0.729;SELL
2016-01-23T00:52:59.783000;2016-01-23T00:52:59.833000;1a691648-9188-42cc-a998-b9362d621d57;389.6;0.679;SELL
2016-01-23T00:53:01.327000;2016-01-23T00:53:01.363000;db6082af-cc66-4c89-b6cd-ceb77efbfe97;389.6;0.231;SELL
2016-01-23T00:53:01.493000;2016-01-23T00:53:01.550000;bc4e5c59-33c3-49b9-9349-f3b28edc6198;389.61;0.142;BUY
2016-01-23T00:53:01.493000;2016-01-23T00:53:01.550000;5c762f37-51d0-48a4-8d3a-ff2f70f68867;389.61;0.49237;BUY
2016-01-23T00:53:01.633000;2016-01-23T00:53:01.677000;a60c7660-717b-4c42-b9f8-946a3041fd6c;389.6;0.01;SELL
2016-01-23T00:53:01.990000;2016-01-23T00:53:02.050000;084e9017-2b7a-4ad6-80ec-df244f50d754;389.6;0.709;SELL
2016-01-23T00:53:02.187000;2016-01-23T00:53:02.240000;346a214c-daea-464d-90c4-1e586304ed8b;389.6;0.659;SELL
2016-01-23T00:53:02.877000;2016-01-23T00:53:02.910000;d64215db-7b93-4a98-a6eb-9fce53cd074b;389.6;0.487;SELL
2016-01-23T00:53:03.583000;2016-01-23T00:53:03.630000;2b754ae1-d0a1-4a90-b918-8f02c94e9355;389.6;0.667;SELL
2016-01-23T00:53:07.367000;2016-01-23T00:53:07.410000;3374eb32-cdc3-4daa-ad21-38f580406b06;389.6;0.191;BUY
2016-01-23T00:53:08.220000;2016-01-23T00:53:08.287000;8a87d0ae-8f71-43d3-8cc0-1767b3795388;389.6;4.029;SELL
2016-01-23T00:53:14.883000;2016-01-23T00:53:14.927000;ace7add4-0673-49b4-ad09-3b5803d4f850;389.52;0.01;SELL
2016-01-23T00:53:14.883000;2016-01-23T00:53:14.927000;776a9f4a-c3f3-4534-90fe-179fc94bb7d3;389.51;0.01;SELL
2016-01-23T00:53:14.883000;2016-01-23T00:53:14.943000;d584117c-0121-4c88-a8eb-015fe53aa839;389.5;0.8;SELL
2016-01-23T00:53:14.883000;2016-01-23T00:53:14.943000;0f32bc68-e98a-48d8-af4a-a1a790283217;389.43;0.43;SELL
2016-01-23T00:53:14.883000;2016-01-23T00:53:14.943000;6ac31245-13f8-4af0-85c8-88a5681b5a7b;389.42;0.01;SELL
2016-01-23T00:53:17.317000;2016-01-23T00:53:17.380000;791c05e2-f0c4-45ea-8d35-4093fd3a4d82;389.36;0.8;SELL
2016-01-23T00:53:28.027000;2016-01-23T00:53:28.067000;45494d59-0910-4465-a871-83215e48378e;389.33;0.01;SELL
2016-01-23T00:53:32.930000;2016-01-23T00:53:32.973000;ec0a789e-d6a9-47b6-8105-3cbb4ed10c07;389.16;0.01;SELL
2016-01-23T00:53:41.983000;2016-01-23T00:53:42.020000;ca86882a-14fe-46df-bcac-602a1da76a12;389.15;0.01;SELL
2016-01-23T00:53:54.127000;2016-01-23T00:53:54.177000;54d87273-979a-4617-b42c-26535940962f;389.05;0.25;SELL
2016-01-23T00:53:54.127000;2016-01-23T00:53:54.177000;dfcc6002-3d30-4188-911a-97ab5c7cdda7;389.05;0.662;SELL
2016-01-23T00:53:58.200000;2016-01-23T00:53:58.240000;a49a97c1-1fe7-419e-8739-2930b7c492ee;389.05;0.319;BUY
2016-01-23T00:53:58.203000;2016-01-23T00:53:58.253000;e98c9e96-23cc-4444-b34f-4e41de03044d;389.05;0.21363;BUY
2016-01-23T00:53:58.203000;2016-01-23T00:53:58.253000;6a567ea9-e466-45c0-b65f-46bb644201dd;389.05;0.311;BUY
2016-01-23T00:53:58.203000;2016-01-23T00:53:58.253000;dfc1b766-2e17-4347-aad4-d3827f2a80c6;389.05;0.668;BUY
2016-01-23T00:53:58.203000;2016-01-23T00:53:58.253000;df44764c-af42-4a8c-9285-e8f4e640ed58;389.06;1.0;BUY
2016-01-23T00:53:58.203000;2016-01-23T00:53:58.253000;f423e99a-71e5-4d62-9d4c-8192b0e45e8a;389.06;0.272;BUY
2016-01-23T00:53:58.203000;2016-01-23T00:53:58.253000;38f33fd5-eaef-4b09-8a57-189469b09f4c;389.06;0.11637;BUY
2016-01-23T00:54:01.300000;2016-01-23T00:54:01.347000;23111a00-1e3b-4c4b-906d-2ac1917547d2;389.06;0.12923212;BUY
2016-01-23T00:54:01.303000;2016-01-23T00:54:01.347000;afe0bcbf-b442-4fc1-b586-3892ef654b30;389.11;4.383;BUY
2016-01-23T00:54:01.303000;2016-01-23T00:54:01.347000;240b13f5-cd5d-4717-9426-b6ac6c565b5d;389.14;0.5;BUY
2016-01-23T00:54:01.303000;2016-01-23T00:54:01.363000;f4f9bae0-84a2-4edf-9591-bea7bef8e4b7;389.15;0.266;BUY
2016-01-23T00:54:01.303000;2016-01-23T00:54:01.363000;c14b394a-4197-4922-8946-0e235ea8cde6;389.2;0.185;BUY
2016-01-23T00:54:01.303000;2016-01-23T00:54:01.363000;a8054832-2086-49e0-b613-7c9fce3fe364;389.26;0.218;BUY
2016-01-23T00:54:01.303000;2016-01-23T00:54:01.363000;2f3fc905-a995-49a2-9096-29db7db02c77;389.33;4.0;BUY
2016-01-23T00:54:01.303000;2016-01-23T00:54:01.363000;028d9a2b-314c-4bfa-90ae-1db1646fb018;389.34;0.194;BUY
2016-01-23T00:54:01.303000;2016-01-23T00:54:01.363000;d0c7ef40-1d85-47e9-8157-f3878778f87a;389.34;0.01;BUY
2016-01-23T00:54:01.303000;2016-01-23T00:54:01.380000;c5dc8b57-bfb8-47fa-9672-107b72f60329;389.35;2.08;BUY
2016-01-23T00:54:01.303000;2016-01-23T00:54:01.380000;3ac8d2b7-da46-474a-bd14-330e11bb3b55;389.36;4.566;BUY
2016-01-23T00:54:01.303000;2016-01-23T00:54:01.380000;104871ec-0a19-4985-84f5-9f33f98d56d0;389.36;2.0;BUY
2016-01-23T00:54:01.303000;2016-01-23T00:54:01.380000;e739d5f4-63bc-472d-bd14-31ef3d0c8cd6;389.39;0.179;BUY
2016-01-23T00:54:01.303000;2016-01-23T00:54:01.380000;016276ca-36dd-4ec9-b130-5ce4ace7855e;389.54;0.218;BUY
2016-01-23T00:54:01.303000;2016-01-23T00:54:01.380000;980e9b49-3d19-454a-b3a0-1a6ff4907af3;389.55;0.16782788;BUY
2016-01-23T00:54:02.663000;2016-01-23T00:54:02.723000;ac5193f4-fe11-4859-b63a-8034e3c59e02;389.08;0.718;SELL
2016-01-23T00:54:05.030000;2016-01-23T00:54:05.067000;65dcc6f8-ff3e-433a-8ecf-ab9879b43424;389.07;0.01;SELL
2016-01-23T00:54:05.030000;2016-01-23T00:54:05.067000;6256175b-7143-48f7-8dc2-3ae2b51b0638;389.06;0.01;SELL
2016-01-23T00:54:18.027000;2016-01-23T00:54:18.067000;c41294bd-0803-4c6f-b874-8933e6ea3616;389.06;0.01;BUY
2016-01-23T00:54:31.340000;2016-01-23T00:54:31.380000;29547575-3cf7-4646-b015-a62812d95d06;389.06;0.661;BUY
2016-01-23T00:54:31.340000;2016-01-23T00:54:31.393000;7c1926d7-cd8e-41cf-9d3e-2c92c4b90bb4;389.06;0.693;BUY
2016-01-23T00:54:31.340000;2016-01-23T00:54:31.393000;6ff8731d-01bf-4b18-abde-9980c90401e2;389.06;0.12492999;BUY
2016-01-23T00:54:31.340000;2016-01-23T00:54:31.393000;a3f43c16-11ed-4286-8753-8f3d57a53fc0;389.06;0.656;BUY
2016-01-23T00:54:31.340000;2016-01-23T00:54:31.393000;32974cc2-40bb-40c8-9027-e7089ae697d2;389.06;0.677;BUY
2016-01-23T00:54:31.340000;2016-01-23T00:54:31.393000;ce4b705c-d917-422b-966c-d0ce25d99f05;389.06;0.274;BUY
2016-01-23T00:54:31.340000;2016-01-23T00:54:31.393000;ab834e74-7a3f-46db-ad70-9cb828a67352;389.06;0.277;BUY
2016-01-23T00:54:31.340000;2016-01-23T00:54:31.410000;5643c493-6c60-4413-b667-d0ed70de158e;389.06;0.28;BUY
2016-01-23T00:54:31.343000;2016-01-23T00:54:31.410000;2de93b95-20d9-49c9-aecb-aac1659aee0f;389.06;0.687;BUY
2016-01-23T00:54:31.343000;2016-01-23T00:54:31.410000;0b64c4e1-6831-4772-a56e-d573c76752f5;389.06;0.273;BUY
2016-01-23T00:54:31.343000;2016-01-23T00:54:31.410000;b6298b10-869e-4a8a-b5a3-1e9012762184;389.06;0.691;BUY
2016-01-23T00:54:31.343000;2016-01-23T00:54:31.410000;5672a60d-8960-4713-8ee2-a792c51d97a9;389.06;0.69;BUY
2016-01-23T00:54:31.343000;2016-01-23T00:54:31.410000;4174cccb-478f-4301-b8b2-63d07e635544;389.06;0.669;BUY
2016-01-23T00:54:31.343000;2016-01-23T00:54:31.410000;2a8da0fb-5b54-4c6d-a51f-e4e18f8b9749;389.06;0.705;BUY
2016-01-23T00:54:31.343000;2016-01-23T00:54:31.410000;67340b3f-b065-4816-8d25-d435f9a9a87e;389.06;0.27560001;BUY
2016-01-23T00:54:45.463000;2016-01-23T00:54:45.503000;f620f54d-9578-46fd-9098-7b90f0160d83;389.06;0.39439999;BUY
2016-01-23T00:54:45.463000;2016-01-23T00:54:45.503000;2838f097-cdd4-4f34-bb1e-a45653875dd8;389.06;0.03315196;BUY
2016-01-23T00:54:46.430000;2016-01-23T00:54:46.457000;74968ff7-bd33-4ff7-94d8-ba92bb8c0152;389.06;0.42755195;BUY
2016-01-23T00:54:46.813000;2016-01-23T00:54:46.847000;47955c50-bc65-42ae-be90-39f9be704432;389.06;0.21329609;BUY
2016-01-23T00:54:46.813000;2016-01-23T00:54:46.847000;e10f59ee-dd1e-4bc1-a5c3-b52b0bd155d4;389.12;0.21425586;BUY
2016-01-23T00:54:47.213000;2016-01-23T00:54:47.253000;6887959f-0e87-4063-b7f3-9c0dbe589f05;389.11;0.42755195;BUY
2016-01-23T00:54:48.197000;2016-01-23T00:54:48.223000;fec4d656-b955-4cb3-9b32-56ffe37c4d09;389.12;0.42755195;BUY
2016-01-23T00:55:01.503000;2016-01-23T00:55:01.537000;ccd31f99-7983-40dc-9cee-f9aeb1c2ffc2;389.11;0.172;BUY
2016-01-23T00:55:01.503000;2016-01-23T00:55:01.550000;1b1eb58c-a122-4672-be75-324b601211ef;389.11;0.35794;BUY
2016-01-23T00:55:32.970000;2016-01-23T00:55:33.003000;0f39cfa0-80e0-4131-88c8-83b5e592fbd9;389.11;0.35807;BUY
2016-01-23T00:56:01.367000;2016-01-23T00:56:01.397000;52f6fd1c-e9b9-4bc6-a41d-7f689c722852;389.11;0.00299;BUY
2016-01-23T00:56:01.367000;2016-01-23T00:56:01.410000;f303586f-de68-4cb1-873a-b9143b6ee837;389.24;0.01;BUY
2016-01-23T00:56:01.367000;2016-01-23T00:56:01.410000;71d06065-1cd1-47e2-a0d3-56ccc9abedc5;389.25;0.01;BUY
2016-01-23T00:56:01.367000;2016-01-23T00:56:01.410000;404f8d5c-8241-478b-b419-a3ab492fd754;389.43;0.076;BUY
2016-01-23T00:56:01.367000;2016-01-23T00:56:01.410000;4e7cb8ee-b703-49d0-9cc9-00b46feb925b;389.43;0.01;BUY
2016-01-23T00:56:01.367000;2016-01-23T00:56:01.410000;b3d30beb-378a-4b5f-9e97-f0892b388408;389.54;0.13;BUY
2016-01-23T00:56:01.367000;2016-01-23T00:56:01.490000;217d2e8d-34b3-4535-9774-1c49c1e7bacc;389.56;0.66036;BUY
2016-01-23T00:56:31.307000;2016-01-23T00:56:31.347000;10528cf5-d5d8-43e1-871b-3f927cdf6026;389.6;0.03842;BUY
2016-01-23T00:57:02.623000;2016-01-23T00:57:02.647000;fd1f2159-639f-4a92-9f25-68cae8459472;389.62;0.25;SELL
2016-01-23T00:57:02.623000;2016-01-23T00:57:02.660000;d5a739b0-1be8-466c-863d-716cf381f3b1;389.48;0.01;SELL
2016-01-23T00:57:02.623000;2016-01-23T00:57:02.660000;3ba63e61-1fbd-4e84-aec7-209a3acb343d;389.48;0.01;SELL
2016-01-23T00:57:02.623000;2016-01-23T00:57:02.660000;53453cd7-c2e0-43af-8d22-2eec39193c4d;389.37;0.7295;SELL
2016-01-23T00:57:14.080000;2016-01-23T00:57:14.113000;c7ba730d-808d-446c-bce4-584447f34575;389.61;0.52;SELL
2016-01-23T00:57:14.080000;2016-01-23T00:57:14.130000;95924023-b593-425d-a432-d0617a5528ef;389.61;0.721;SELL
2016-01-23T00:57:23.063000;2016-01-23T00:57:23.083000;a7bfe9bb-dd99-46df-91fb-1163583c709b;389.55;0.42;SELL
2016-01-23T00:57:26.380000;2016-01-23T00:57:26.410000;8235fdac-9b77-49a4-bd56-7aa00edc3d3b;389.61;0.66;BUY
2016-01-23T00:57:26.380000;2016-01-23T00:57:26.410000;3e043604-12fe-4f9e-8e00-b7b3d6f545f8;389.61;0.54678996;BUY
2016-01-23T00:57:31.370000;2016-01-23T00:57:31.397000;b05d75a0-897c-4efe-bf67-a35ad84e9c38;389.57;0.24435;SELL
2016-01-23T00:57:39.203000;2016-01-23T00:57:39.223000;2b8c7e66-2301-4304-98ff-c3793392de96;389.62;0.19121004;SELL
2016-01-23T00:57:51.710000;2016-01-23T00:57:51.740000;79318b07-7c3b-4189-9c21-158a854641bd;389.62;0.05878996;SELL
2016-01-23T00:57:56.573000;2016-01-23T00:57:56.597000;3e393460-4aa8-414d-b503-3df5d3cb7526;389.6;1.29;BUY
2016-01-23T00:58:01.387000;2016-01-23T00:58:01.410000;3437c5e5-4639-4dfa-bb9e-f98e466bdbf7;389.63;0.01;BUY
2016-01-23T00:58:01.387000;2016-01-23T00:58:01.427000;bcc4b09d-5911-40a2-8b1d-2d081c2d4737;389.63;0.2809;BUY
2016-01-23T00:58:10.967000;2016-01-23T00:58:10.990000;01e3ebcb-6240-46ab-8727-e2b0cf6cc376;389.6;0.717;SELL
2016-01-23T00:58:28.170000;2016-01-23T00:58:28.193000;bac61aef-4336-4248-b65c-2b51e2c5ce90;389.54;0.60221004;SELL
2016-01-23T00:58:30.707000;2016-01-23T00:58:30.740000;51f25e52-2b3b-44fc-affa-146f43ce0996;389.55;0.25;SELL
2016-01-23T00:58:31.377000;2016-01-23T00:58:31.397000;c42ec8c0-d6e0-4c4d-a420-2a0dae37245c;389.54;0.06119;BUY
2016-01-23T00:58:41.503000;2016-01-23T00:58:41.537000;a8e278ea-1772-4d19-8535-c62b5993a4af;389.52;0.01;SELL
2016-01-23T00:58:41.503000;2016-01-23T00:58:41.537000;44991d39-00f2-4101-83b8-cbf65c80b705;389.52;0.25;SELL
2016-01-23T00:59:01.367000;2016-01-23T00:59:01.397000;24ebaeb0-f06c-4753-b6f4-bca545a5a6ce;389.52;0.01381;BUY
2016-01-23T00:59:01.367000;2016-01-23T00:59:01.410000;f06ef07d-8c49-4651-86ff-5e21fef42340;389.53;0.657;BUY
2016-01-23T00:59:01.367000;2016-01-23T00:59:01.410000;e51dcfff-dcd9-4029-8026-1e67af555164;389.53;0.694;BUY
2016-01-23T00:59:01.367000;2016-01-23T00:59:01.410000;8ef3971b-7acf-46cb-9c69-0b12cd5ecadb;389.53;0.691;BUY
2016-01-23T00:59:01.367000;2016-01-23T00:59:01.410000;c3c1ab37-2995-4ffe-820c-a05a03751a69;389.67;0.01;BUY
2016-01-23T00:59:01.367000;2016-01-23T00:59:01.490000;6882684c-bbdb-4272-bb49-e31bef799237;389.7;0.01;BUY
2016-01-23T00:59:01.367000;2016-01-23T00:59:01.503000;181af81f-a6e5-4e9e-bc30-99d93935830f;389.75;0.16701;BUY
2016-01-23T00:59:30.180000;2016-01-23T00:59:30.207000;4607a12a-1ddd-418a-a691-fe46b954db3b;389.77;2.0;BUY
2016-01-23T00:59:30.180000;2016-01-23T00:59:30.223000;89993c2d-537a-43f7-a48a-3cd47bf1f21d;389.81;0.01;BUY
2016-01-23T00:59:30.180000;2016-01-23T00:59:30.223000;0fc5e289-79ad-42a7-bcf5-292a36a2e8b1;389.89;0.01;BUY
2016-01-23T00:59:30.180000;2016-01-23T00:59:30.223000;a0a3175b-0a8e-4ece-871d-68b62692532a;389.92;0.01;BUY
2016-01-23T00:59:30.180000;2016-01-23T00:59:30.223000;91850d90-909b-4f6d-8736-b560ae4efae7;389.96;0.01;BUY
2016-01-23T00:59:30.180000;2016-01-23T00:59:30.223000;6c0d6780-a0fb-4d4f-b05b-ea89526e5ef4;389.97;0.1;BUY
2016-01-23T00:59:30.180000;2016-01-23T00:59:30.223000;058a70c8-7449-4425-b3ea-8ec87339c514;389.97;0.04;BUY
2016-01-23T00:59:30.180000;2016-01-23T00:59:30.223000;1b2cc179-ff09-44c9-9eb7-41d3bf0aacca;389.99;0.01;BUY
2016-01-23T00:59:30.180000;2016-01-23T00:59:30.240000;4e113dfc-9de0-4ab5-9282-03398d53334a;390.0;5.4323;BUY
2016-01-23T00:59:31.370000;2016-01-23T00:59:31.397000;0f435713-0093-4d0d-9199-97ec53692039;389.77;0.09527;SELL
2016-01-23T01:00:01.640000;2016-01-23T01:00:01.660000;9cd56832-d92b-49ef-90f2-e914d9b1c201;389.85;0.17825;BUY
2016-01-23T01:00:31.927000;2016-01-23T01:00:31.943000;cf4ec768-b668-428d-acc2-76e1af55dcd5;389.98;0.2094;SELL
2016-01-23T01:01:00.573000;2016-01-23T01:01:00.583000;662dcd23-b136-4786-a212-0a3d9689bd76;390.0;0.025;BUY
2016-01-23T01:01:01.970000;2016-01-23T01:01:01.990000;795c577d-fe3f-44f0-9793-e277fcd6dd96;390.0;0.23827263;BUY
2016-01-23T01:01:01.970000;2016-01-23T01:01:02.003000;95d65b75-881e-4293-a4f0-abe0d2977a2c;390.0;6.0;BUY
2016-01-23T01:01:01.970000;2016-01-23T01:01:02.003000;a64ae031-1dc9-4fde-ae1b-41c7df7818c6;390.0;0.09813737;BUY
2016-01-23T01:01:09.203000;2016-01-23T01:01:09.223000;6d4d7605-3dc9-4432-8d11-ac50c53bfe29;390.0;0.00186263;BUY
2016-01-23T01:01:09.203000;2016-01-23T01:01:09.240000;9e179ff6-4da2-4ac8-b63b-9c6ee1c059cc;390.0;0.01;BUY
2016-01-23T01:01:09.203000;2016-01-23T01:01:09.240000;be7dfd3d-d969-477e-ba00-5b5ad1313758;390.0;0.01;BUY
2016-01-23T01:01:09.203000;2016-01-23T01:01:09.240000;446fdf78-d70e-4d2b-b7d7-3bf4ca79a2d9;390.0;0.00313737;BUY
2016-01-23T01:01:30.317000;2016-01-23T01:01:30.333000;ded64a06-04c4-41fb-80e4-736a39e5a131;390.0;0.025;BUY
2016-01-23T01:01:33.393000;2016-01-23T01:01:33.410000;53193c17-7657-4f9a-a8b9-d485b8cc781f;390.0;0.25191;BUY
2016-01-23T01:02:02.213000;2016-01-23T01:02:02.223000;6ba6ad40-8b77-4001-9d0f-9040416ddf85;390.0;0.21995263;BUY
2016-01-23T01:02:02.213000;2016-01-23T01:02:02.253000;49e401ff-6e10-4c7e-a00a-23fb36f3c485;390.0;1.0;BUY
2016-01-23T01:02:02.213000;2016-01-23T01:02:02.253000;0ee6718d-12bb-40b9-9361-4dd6124628ef;390.0;0.01;BUY
2016-01-23T01:02:02.213000;2016-01-23T01:02:02.253000;92c3abca-9905-4ac2-9a91-9be870fd67c6;390.0;1.38;BUY
2016-01-23T01:02:02.213000;2016-01-23T01:02:02.253000;ee01bf05-520e-4599-ba2a-add25959bcca;390.0;2.0;BUY
2016-01-23T01:02:02.213000;2016-01-23T01:02:02.253000;6c0dfcf7-077c-4ce7-a697-ce1d6fe51fc3;390.01;0.01;BUY
2016-01-23T01:02:02.213000;2016-01-23T01:02:02.253000;c1d17a75-3dc9-4045-8d38-b83e4117182a;390.02;0.01;BUY
2016-01-23T01:02:02.213000;2016-01-23T01:02:02.253000;e5149471-d21b-4544-87c8-0de58d50ea7b;390.06;0.01;BUY
2016-01-23T01:02:02.213000;2016-01-23T01:02:02.253000;2175bf1d-1214-411a-a061-0f3a0d9c1519;390.12;0.01;BUY
2016-01-23T01:02:02.213000;2016-01-23T01:02:02.270000;7c133be7-f8f1-4227-8519-52d26e419c55;390.13;0.01;BUY
2016-01-23T01:02:02.213000;2016-01-23T01:02:02.270000;4ebeb671-d500-406e-8b43-4ef8b3ec1752;390.15;0.01;BUY
2016-01-23T01:02:02.213000;2016-01-23T01:02:02.270000;72a0a01f-ad21-4139-a7e8-b8c963aa9f62;390.17;0.01;BUY
2016-01-23T01:02:02.217000;2016-01-23T01:02:02.270000;9ea2591e-89ea-4548-90e7-0f6cccee7c79;390.17;0.146;BUY
2016-01-23T01:02:02.217000;2016-01-23T01:02:02.270000;355a2d8a-c5eb-464e-b1ec-56ebb9d062ed;390.19;0.01;BUY
2016-01-23T01:02:02.217000;2016-01-23T01:02:02.270000;698c2e8f-0a62-4bcd-95c2-3bf01c9262a1;390.2;0.02;BUY
2016-01-23T01:02:02.217000;2016-01-23T01:02:02.270000;7d70e8f4-0057-4f7e-907e-eaacd1e07876;390.2;0.3;BUY
2016-01-23T01:02:02.217000;2016-01-23T01:02:02.270000;fb447228-f3d4-4118-a6f2-ae8e5553a741;390.22;0.183;BUY
2016-01-23T01:02:02.217000;2016-01-23T01:02:02.270000;22f44b1a-0395-431e-b430-b08e7aa8cf34;390.24;0.3784791;BUY
2016-01-23T01:02:02.217000;2016-01-23T01:02:02.287000;e94b5c4a-3de3-4387-b05f-91d0965ab847;390.38;0.01;BUY
2016-01-23T01:02:02.217000;2016-01-23T01:02:02.287000;0c2306a5-4005-4955-8132-9026f3f749b0;390.45;0.148;BUY
2016-01-23T01:02:02.217000;2016-01-23T01:02:02.287000;11003949-b22e-4754-a5af-afed679b6ef1;390.5;0.03143975;BUY
2016-01-23T01:02:02.217000;2016-01-23T01:02:02.287000;e3dcc34d-1e69-43f1-8778-dfc07a709b31;390.54;0.80991852;BUY
2016-01-23T01:02:18.630000;2016-01-23T01:02:18.647000;48ddd36a-65a5-4058-b951-19a745a0c4cc;390.38;0.01;SELL
2016-01-23T01:02:18.630000;2016-01-23T01:02:18.660000;3849b1fa-b3c6-404b-b8a2-57e0069da2a0;390.32;0.01;SELL
2016-01-23T01:02:28.090000;2016-01-23T01:02:28.113000;df62f3ad-109b-4af8-89dd-9524dbbf7df8;390.28;0.01;SELL
2016-01-23T01:02:31.520000;2016-01-23T01:02:31.550000;95ebc70b-ef4f-47e0-b3df-0f17259ec0a3;390.21;0.647;BUY
2016-01-23T01:02:31.520000;2016-01-23T01:02:31.550000;b456bdfb-3636-4459-a8d9-6528db3a9409;390.28;0.695;BUY
2016-01-23T01:02:31.520000;2016-01-23T01:02:31.550000;df20fb67-9d2d-43f0-ac2a-f13e911b7e70;390.29;0.01;BUY
2016-01-23T01:02:31.520000;2016-01-23T01:02:31.550000;9f140985-5e72-4d6e-8f92-779b2309f0d7;390.32;0.16834;BUY
2016-01-23T01:02:33.157000;2016-01-23T01:02:33.177000;4562892b-efde-490e-bebf-7e50ac8552cd;390.31;0.01;SELL
2016-01-23T01:02:33.157000;2016-01-23T01:02:33.177000;1af3d216-9dbf-4138-b19d-00a675b83ad3;390.18;0.3;SELL
2016-01-23T01:02:34.530000;2016-01-23T01:02:34.550000;6d7740e6-0729-4892-a770-223243e6ef53;390.19;0.393;SELL
2016-01-23T01:02:38.480000;2016-01-23T01:02:38.503000;ab8386d9-83ea-4f3d-bf72-c42776228324;390.17;0.293;SELL
2016-01-23T01:03:11.250000;2016-01-23T01:03:11.270000;920e1eb5-5fea-46e8-bdad-b926e28e7381;390.19;0.25;SELL
2016-01-23T01:03:31.807000;2016-01-23T01:03:31.817000;ad084165-247f-44dd-a89e-45a400f28847;390.18;0.71;SELL
2016-01-23T01:03:49.493000;2016-01-23T01:03:49.503000;a9c29714-327e-4b2b-8c56-973e43622d87;390.18;0.29;SELL
2016-01-23T01:03:49.493000;2016-01-23T01:03:49.537000;b65d61c1-a8b4-4dd2-90e1-5f2412082d2f;390.18;0.378;SELL
2016-01-23T01:03:58.787000;2016-01-23T01:03:58.800000;3d8d4508-bb99-4d47-9854-3247c900c84b;390.17;0.717;SELL
2016-01-23T01:03:59.463000;2016-01-23T01:03:59.473000;797b0eaa-0047-495f-a208-002d6cf06e2f;390.17;0.418;SELL
2016-01-23T01:04:31.570000;2016-01-23T01:04:31.600000;f4df40d3-d132-4652-beab-1f67d8048e35;390.2;0.01;BUY
2016-01-23T01:04:31.570000;2016-01-23T01:04:31.600000;17a71b20-8c30-4e13-9702-d13320942b5b;390.54;0.8;BUY
2016-01-23T01:04:31.570000;2016-01-23T01:04:31.600000;79f29cf4-a028-498e-b83f-512b5da994e7;390.55;2.0;BUY
2016-01-23T01:04:31.570000;2016-01-23T01:04:31.600000;f4663c43-44ac-4668-988a-19833e023706;390.56;0.01;BUY
2016-01-23T01:04:31.570000;2016-01-23T01:04:31.600000;7dd2763a-2df6-4a03-9fb7-24062afd2088;390.57;0.01;BUY
2016-01-23T01:04:31.570000;2016-01-23T01:04:31.600000;4d36fb7b-6ddb-4866-b880-b584f20dbc99;390.59;0.182;BUY
2016-01-23T01:04:31.570000;2016-01-23T01:04:31.600000;f88c74b5-d3f9-42ca-8fa0-16636f09be7d;390.63;0.145;BUY
2016-01-23T01:04:31.570000;2016-01-23T01:04:31.600000;a616d147-bfa1-48c3-be0e-d517a5845903;390.71;0.8;BUY
2016-01-23T01:04:31.570000;2016-01-23T01:04:31.600000;b43937e8-bb03-4fa8-b4ee-b9ac5a073583;390.72;1.6;BUY
2016-01-23T01:04:31.570000;2016-01-23T01:04:31.630000;4bb897af-998e-490f-9146-5abfb9b1e240;390.73;0.097;BUY
2016-01-23T01:04:31.570000;2016-01-23T01:04:31.630000;492e8512-2c3d-430a-956b-34d1e1e16c09;390.74;0.01;BUY
2016-01-23T01:04:31.573000;2016-01-23T01:04:31.647000;d02e7934-3ce1-49e5-ba5f-a19f1bb87fa3;390.75;0.01;BUY
2016-01-23T01:04:31.573000;2016-01-23T01:04:31.647000;3ea3e23d-b967-41a8-9b8e-d506e9a96cf7;390.75;0.64;BUY
2016-01-23T01:04:31.573000;2016-01-23T01:04:31.647000;6eb15c61-9b85-4505-b319-932de9a32a03;390.76;2.91284;BUY
2016-01-23T01:05:05.280000;2016-01-23T01:05:05.300000;37c71b2b-8698-425d-9efc-e0053245f514;390.8;0.01;BUY
2016-01-23T01:05:05.280000;2016-01-23T01:05:05.300000;a3f1a465-4b96-4904-b0ff-aa14342275f0;390.8;0.01;BUY
