time_exchange;time_coinpai;guid;price;base_amount;taker_side
2016-03-05T00:00:04.217000;2016-03-05T00:00:04.263000;f3bd456e-542f-4954-bd41-2ea9098be75b;407.38;3.12612;BUY
2016-03-05T00:00:13.350000;2016-03-05T00:00:13.567000;02f23007-6c6d-4dcc-8e02-41492b1373c4;407.36;4.72;SELL
2016-03-05T00:00:31.650000;2016-03-05T00:00:31.723000;d3995905-de4e-47dc-a152-3278078599cc;407.35;0.01;SELL
2016-03-05T00:00:31.650000;2016-03-05T00:00:31.723000;3f264356-af27-4fc5-85c3-145da62af90d;407.34;0.01;SELL
2016-03-05T00:00:31.650000;2016-03-05T00:00:31.723000;af44feef-e9d6-49ef-b07e-491f1057fc0a;407.32;0.01;SELL
2016-03-05T00:00:31.650000;2016-03-05T00:00:31.723000;f1e5d15e-c85a-4fbc-a4bc-be5d3abd4b2a;407.32;0.073;SELL
2016-03-05T00:00:31.650000;2016-03-05T00:00:31.757000;545d742b-b9d7-4f79-93ac-7b2ab0bea317;407.31;0.091;SELL
2016-03-05T00:00:31.650000;2016-03-05T00:00:31.757000;a7235a1e-02be-4361-b8a8-3a144f5428e1;407.25;0.58274;SELL
2016-03-05T00:01:01.593000;2016-03-05T00:01:01.633000;18e65fea-4e9e-4b3f-a674-11f6e2680c8d;407.1;0.19645;SELL
2016-03-05T00:01:31.667000;2016-03-05T00:01:31.753000;1f79d35f-1bee-486e-8ff4-b8401be78962;407.27;2.91878;BUY
2016-03-05T00:02:01.617000;2016-03-05T00:02:01.743000;d023f175-fd69-4139-a96e-9c938c5b1b80;407.31;5.43846;BUY
2016-03-05T00:02:21.737000;2016-03-05T00:02:21.793000;43b295b3-0077-464f-b1fe-7d06122f323d;407.35;0.834;BUY
2016-03-05T00:02:21.760000;2016-03-05T00:02:21.827000;09f7868c-fb86-48b6-9b5c-6e9f36b14e0a;407.35;0.076;BUY
2016-03-05T00:02:22.630000;2016-03-05T00:02:22.813000;5e613536-0b69-402f-926e-d81ffdf3a0f2;407.36;20.4;BUY
2016-03-05T00:02:33.307000;2016-03-05T00:02:33.527000;a2a5584b-b2ea-49a3-af0c-52e5b11c81b5;407.36;1.82883;BUY
2016-03-05T00:02:47.383000;2016-03-05T00:02:47.420000;a3ea0904-218e-434b-aae6-ec02bb9f5c76;407.35;2.92;SELL
2016-03-05T00:02:47.383000;2016-03-05T00:02:47.423000;6bd08e6a-f684-4248-9e0c-c73be848d317;407.34;9.995;SELL
2016-03-05T00:02:47.383000;2016-03-05T00:02:47.453000;77531dd5-b4b1-48ee-ba7d-7598ebd9b0ea;407.34;0.442;SELL
2016-03-05T00:02:47.383000;2016-03-05T00:02:47.453000;51f2eb4f-99d5-414a-a665-b13e8f580cb9;407.29;0.417;SELL
2016-03-05T00:02:47.383000;2016-03-05T00:02:47.503000;083ef2f4-41e1-40f8-8132-0412620dd1e8;407.25;2.726;SELL
2016-03-05T00:02:49.617000;2016-03-05T00:02:49.647000;11997c54-f13b-4959-bf22-0822d75e4e38;407.36;0.04;BUY
2016-03-05T00:03:01.597000;2016-03-05T00:03:01.633000;78176704-bfb4-4d87-9fb9-afe45ad63bd4;407.21;8.70222;SELL
2016-03-05T00:03:31.570000;2016-03-05T00:03:31.647000;4874aff0-9690-4aed-8b13-edb60a9b011c;407.12;0.381;SELL
2016-03-05T00:03:31.570000;2016-03-05T00:03:31.647000;69aa2bc9-e0d6-4216-b2d7-8d01d19f9a47;407.11;0.33537;SELL
2016-03-05T00:04:01.467000;2016-03-05T00:04:01.690000;a8f70510-6bff-49fa-b71d-37422cda5baf;407.11;3.4583;SELL
2016-03-05T00:04:31.437000;2016-03-05T00:04:31.550000;a1408a0b-8f16-4f92-adaa-c6071a24c0ae;407.11;0.01;SELL
2016-03-05T00:04:31.437000;2016-03-05T00:04:31.550000;5804eb4b-f773-4daa-a3f3-5a85fe7bacfb;407.1;1.69626;SELL
2016-03-05T00:05:01.620000;2016-03-05T00:05:01.650000;2ba18ca2-e086-4b77-a3b5-aed484f7d571;407.11;5.5;BUY
2016-03-05T00:05:01.620000;2016-03-05T00:05:01.667000;b9b89857-b67a-4647-903b-0bf8f198d296;407.12;0.01264;BUY
2016-03-05T00:05:30.683000;2016-03-05T00:05:30.753000;a4a8e523-1faf-45af-8c34-730853887221;407.09;0.01587104;SELL
2016-03-05T00:05:30.683000;2016-03-05T00:05:30.770000;3e5ab01a-ed49-469f-be21-5d2d66875be9;407.06;0.01;SELL
2016-03-05T00:05:30.683000;2016-03-05T00:05:30.807000;13b596f9-6e00-484a-a1a0-7325d7cd4692;407.04;0.01;SELL
2016-03-05T00:05:30.683000;2016-03-05T00:05:30.850000;59897972-5000-4664-88e6-daa39899800e;407.03;0.087;SELL
2016-03-05T00:05:30.683000;2016-03-05T00:05:30.870000;ab2f89f6-855a-4d0f-871a-d69f310c74fc;407.0;0.01956784;SELL
2016-03-05T00:05:30.683000;2016-03-05T00:05:30.873000;03f1f894-558a-4387-abb8-fe51aaaea77a;407.0;0.1;SELL
2016-03-05T00:05:30.683000;2016-03-05T00:05:30.873000;5707ed00-a92c-4718-b46a-a0824849c8f1;407.0;0.75756112;SELL
2016-03-05T00:05:34.320000;2016-03-05T00:05:34.417000;1582c290-0012-45b1-a4af-f46a7aa0a512;407.05;1.50502;BUY
2016-03-05T00:05:42.503000;2016-03-05T00:05:43.127000;6237f087-7b53-4364-8fea-75fe92702ebc;407.04;1.96050753;BUY
2016-03-05T00:05:49.677000;2016-03-05T00:05:50.117000;28b270a6-a128-4125-970c-49e4828a546d;407.02;0.33;BUY
2016-03-05T00:06:09.343000;2016-03-05T00:06:09.417000;fb690962-a369-475d-9f1f-346459e17ab4;407.0;1.24243888;SELL
2016-03-05T00:06:09.343000;2016-03-05T00:06:09.433000;ac94394b-096c-4398-9bb3-11ceba212ec1;406.94;1.0;SELL
2016-03-05T00:06:09.347000;2016-03-05T00:06:09.450000;ee786ffa-ce36-48e2-988b-38b211ad5c83;406.9;0.01;SELL
2016-03-05T00:06:09.347000;2016-03-05T00:06:09.453000;0822184a-4319-4c97-9600-61e083ece4c0;406.87;0.393;SELL
2016-03-05T00:06:09.347000;2016-03-05T00:06:09.453000;4af813cd-a717-4130-b305-6b4cc848167d;406.82;0.29780112;SELL
2016-03-05T00:06:27.733000;2016-03-05T00:06:27.800000;76934e52-632e-4436-9d7a-051d3f023a1e;406.81;0.01;SELL
2016-03-05T00:06:27.733000;2016-03-05T00:06:27.827000;27a7b7f3-6391-47eb-b90d-6ef36dc9fed3;406.8;0.01956784;SELL
2016-03-05T00:06:27.733000;2016-03-05T00:06:27.827000;4c9763da-acce-4730-945b-37c99868b95e;406.72;0.01;SELL
2016-03-05T00:06:27.733000;2016-03-05T00:06:27.827000;99eab6c0-ea8a-4c89-ad4f-9954c2ed797f;406.69;0.3841;SELL
2016-03-05T00:06:27.733000;2016-03-05T00:06:27.827000;2a48f135-6a34-47b7-b1c9-4daedb0a8ddc;406.63;0.04;SELL
2016-03-05T00:06:27.733000;2016-03-05T00:06:27.843000;cb703268-51bb-4567-9163-5ed7f90536a3;406.6;0.01955666;SELL
2016-03-05T00:06:27.733000;2016-03-05T00:06:27.843000;cd0113d2-5757-4abb-936e-b6d861edd81b;406.54;0.5976;SELL
2016-03-05T00:06:27.733000;2016-03-05T00:06:27.863000;6a44f87a-8ebd-42dd-9d94-cbb2e16a9848;406.54;0.427;SELL
2016-03-05T00:06:27.733000;2016-03-05T00:06:27.863000;e7b14615-6de1-4391-93bc-9a5bef125378;406.51;7.828;SELL
2016-03-05T00:06:27.733000;2016-03-05T00:06:27.863000;88ccff71-ddb2-438e-a920-5067e5d58d72;406.49;0.413;SELL
2016-03-05T00:06:27.733000;2016-03-05T00:06:27.893000;93102afd-0361-4d2e-a2fa-dfea0875176c;406.49;4.1411755;SELL
2016-03-05T00:06:31.583000;2016-03-05T00:06:31.967000;2f347e75-205c-451a-82da-4d9ac98fbb43;406.78;3.16116;BUY
2016-03-05T00:07:01.417000;2016-03-05T00:07:01.530000;ebde8635-8607-4969-a19b-4c9e319c485c;406.82;0.01472333;BUY
2016-03-05T00:07:01.587000;2016-03-05T00:07:01.693000;884631ec-44b9-487a-80c3-93a1b9ae337b;406.71;0.01;SELL
2016-03-05T00:07:01.590000;2016-03-05T00:07:01.730000;807219c6-c150-4066-b23c-2065e4735ad1;406.7;0.92257;SELL
2016-03-05T00:07:19.523000;2016-03-05T00:07:19.747000;a9c37cb8-15e2-4be7-8e54-df4c9c7d1cd2;406.76;7.33392;BUY
2016-03-05T00:07:19.523000;2016-03-05T00:07:19.780000;ead0cde7-ae67-4dc6-b1c5-c5871d0002fd;406.81;0.26;BUY
2016-03-05T00:07:19.523000;2016-03-05T00:07:19.780000;adffbfe0-2c1b-4683-a445-6dfd79386e89;406.88;1.38;BUY
2016-03-05T00:07:19.523000;2016-03-05T00:07:19.780000;a5fe8d93-6f17-4fe0-a160-fd43a5df9078;406.88;0.04;BUY
2016-03-05T00:07:19.523000;2016-03-05T00:07:19.780000;36a12be7-a511-4b58-9ac5-6b42d5da64bf;406.89;0.01;BUY
2016-03-05T00:07:19.523000;2016-03-05T00:07:19.780000;a27f8e87-8925-4384-b385-13c20d25e2b4;406.94;3.68;BUY
2016-03-05T00:07:19.523000;2016-03-05T00:07:19.780000;e71b14fe-f8c1-4e1b-99bd-db8f8478a9b2;406.95;0.01;BUY
2016-03-05T00:07:19.523000;2016-03-05T00:07:19.780000;69d939cc-1242-493e-9c18-f9dab07ae982;406.98;2.07;BUY
2016-03-05T00:07:19.523000;2016-03-05T00:07:19.780000;67462048-e5e0-4006-915f-9c07bf45ada7;406.99;0.01;BUY
2016-03-05T00:07:19.523000;2016-03-05T00:07:19.780000;d5cc403f-2d41-48b4-8c54-73140cb24802;406.99;1.61;BUY
2016-03-05T00:07:19.523000;2016-03-05T00:07:19.780000;0e78ffb3-24ab-4af2-81bc-999a46b72db4;407.0;0.01;BUY
2016-03-05T00:07:19.523000;2016-03-05T00:07:19.780000;98bddcc1-b43d-4a99-8496-65256e522561;407.0;0.2;BUY
2016-03-05T00:07:19.523000;2016-03-05T00:07:19.780000;e3a51782-61a4-4320-a0fb-0262c05ad7b2;407.01;1.15;BUY
2016-03-05T00:07:19.527000;2016-03-05T00:07:19.780000;276e3a66-5b6b-4401-b27b-a32e29ba2b6b;407.02;0.609;BUY
2016-03-05T00:07:31.647000;2016-03-05T00:07:31.720000;2a15167d-510f-43e4-81da-94e45da79001;407.02;6.62708;SELL
2016-03-05T00:07:31.647000;2016-03-05T00:07:31.720000;d4f80062-776e-4cd2-8ca3-6c811d7bb793;406.92;0.42;SELL
2016-03-05T00:07:31.647000;2016-03-05T00:07:31.720000;dfe196d7-488a-422d-aafc-c69583424478;406.91;0.01;SELL
2016-03-05T00:07:31.647000;2016-03-05T00:07:31.757000;6d7eb581-7011-4d84-8974-fc488e704faa;406.79;0.2;SELL
2016-03-05T00:07:31.647000;2016-03-05T00:07:31.757000;c517911f-b5fa-4d9f-a0ac-7e9c4a23fd76;406.78;0.326;SELL
2016-03-05T00:07:31.647000;2016-03-05T00:07:31.823000;901c138b-a1f0-4d40-84bb-1622af75f686;406.78;0.04;SELL
2016-03-05T00:07:31.647000;2016-03-05T00:07:31.827000;c0e99f42-bd76-430f-b680-baa0d5e405f5;406.71;5.52;SELL
2016-03-05T00:07:31.647000;2016-03-05T00:07:31.827000;7c88483e-0c3d-457a-a799-8e0832a82590;406.7;0.07743;SELL
2016-03-05T00:07:31.647000;2016-03-05T00:07:31.827000;e2083f08-ce10-470f-87b9-fdc721ebc58d;406.69;2.76;SELL
2016-03-05T00:07:31.647000;2016-03-05T00:07:31.827000;81268458-6b61-43b8-a177-aad837116261;406.68;0.01;SELL
2016-03-05T00:07:31.647000;2016-03-05T00:07:31.827000;fa55193d-675f-46a3-b51d-5b42111441ad;406.61;6.9;SELL
2016-03-05T00:07:31.647000;2016-03-05T00:07:31.827000;4f48a2c6-bcd5-47c4-949e-25a3408c92cd;406.6;0.94052;SELL
2016-03-05T00:08:01.557000;2016-03-05T00:08:01.623000;556eec94-b3fa-4977-a9cf-dbf93cc4e3fa;406.99;0.31817;BUY
2016-03-05T00:08:31.447000;2016-03-05T00:08:31.550000;210c0b14-da4f-4c21-a6ca-15a6712d3b4e;406.96;7.30327;SELL
2016-03-05T00:08:31.447000;2016-03-05T00:08:31.550000;723eadf5-2249-4df0-81fc-4cc59bd86ec9;406.95;0.01;SELL
2016-03-05T00:08:31.447000;2016-03-05T00:08:31.550000;5c639e44-ed3b-43c6-b897-ccd29db6d172;406.86;0.348;SELL
2016-03-05T00:08:31.450000;2016-03-05T00:08:31.580000;77f7b5e5-6699-4752-825d-299517eabb47;406.79;12.88;SELL
2016-03-05T00:08:31.450000;2016-03-05T00:08:31.580000;31834476-b68e-4a8b-af58-b3794a5dbc54;406.77;0.04;SELL
2016-03-05T00:08:31.450000;2016-03-05T00:08:31.580000;3ad1aff5-31c4-4697-8429-a08796233a7e;406.7;8.05;SELL
2016-03-05T00:08:31.450000;2016-03-05T00:08:31.580000;b8c90c9c-4eab-4310-b61d-17cf7abea2f8;406.69;0.01;SELL
2016-03-05T00:08:31.450000;2016-03-05T00:08:31.580000;1f90d651-90c9-4197-aeae-8fa3feefa277;406.69;0.3183;SELL
2016-03-05T00:08:31.450000;2016-03-05T00:08:31.580000;a71e413f-a8ee-4756-ad77-337e2c3aa787;406.61;5.29;SELL
2016-03-05T00:08:31.450000;2016-03-05T00:08:31.580000;b976b8ce-3f8b-44f0-81e3-a844b25e567b;406.6;0.05948;SELL
2016-03-05T00:08:31.450000;2016-03-05T00:08:31.580000;9dfd1701-cf78-4624-a5a3-90ad71527b23;406.53;3.45;SELL
2016-03-05T00:08:31.450000;2016-03-05T00:08:31.580000;c596daef-250e-4230-8c89-de9dafd7e7b8;406.51;2.53;SELL
2016-03-05T00:08:31.450000;2016-03-05T00:08:31.580000;7bff90a1-51f8-47ef-aa20-4a34c9fb254c;406.51;8.19;SELL
2016-03-05T00:08:31.450000;2016-03-05T00:08:31.583000;767c3557-ac6a-49b1-a316-d678f6789ecf;406.5;1.52095;SELL
2016-03-05T00:09:01.723000;2016-03-05T00:09:01.783000;5703dbb0-cbf6-4c8e-b422-420c2566a509;406.95;1.02284;BUY
2016-03-05T00:09:15.277000;2016-03-05T00:09:15.337000;1818f58e-901c-495d-9ddf-0a7a2405a54e;406.91;0.01375;BUY
2016-03-05T00:09:24.123000;2016-03-05T00:09:24.197000;c6647e8f-3ca9-4faf-b285-33221bcf3171;406.89;0.686;BUY
2016-03-05T00:09:24.123000;2016-03-05T00:09:24.197000;ae3db89e-4469-40e0-a897-590a78990fe1;406.9;3.314;BUY
2016-03-05T00:09:31.490000;2016-03-05T00:09:31.550000;804f5d06-7cd9-4313-ba11-8540bd6abac3;406.92;0.44413;BUY
2016-03-05T00:11:26.893000;2016-03-05T00:11:26.960000;cda6e49a-bacf-4338-99d4-873de31760e6;406.8;0.01;SELL
2016-03-05T00:11:26.893000;2016-03-05T00:11:26.960000;54a6e683-7fdb-4eb3-8323-3a0a197983c1;406.8;0.49;SELL
2016-03-05T00:11:31.203000;2016-03-05T00:11:31.263000;ba5dcc0f-0e7f-4b69-9ac3-a82141698235;406.8;0.22055;SELL
2016-03-05T00:11:36.827000;2016-03-05T00:11:36.883000;cf3d6bc4-2e7a-4c83-a6a7-6dd116199db7;406.8;1.0;SELL
2016-03-05T00:12:56.857000;2016-03-05T00:12:56.940000;5d8afd9d-48b0-4017-b0f6-740f881329ef;406.74;1.17118;SELL
2016-03-05T00:13:02.693000;2016-03-05T00:13:03.003000;75612276-50b7-495d-933a-cdc0e0a81f78;406.75;0.14606;BUY
2016-03-05T00:13:32.427000;2016-03-05T00:13:32.480000;46423c16-e256-41b7-8f86-951b2041fb47;406.75;0.35394;BUY
2016-03-05T00:13:32.427000;2016-03-05T00:13:32.507000;944452dc-7107-4809-92e8-74b54cdd61e4;406.75;0.18;BUY
2016-03-05T00:13:32.427000;2016-03-05T00:13:32.507000;e1a46e4c-dc24-431c-9e12-c046b4dc65bd;406.81;0.08776;BUY
2016-03-05T00:13:53.930000;2016-03-05T00:13:53.990000;7c9cbc38-f7be-4167-8567-ddb7ee4b4f95;406.76;0.1;SELL
2016-03-05T00:14:01.130000;2016-03-05T00:14:01.193000;14711bf2-bdf7-4873-a38b-2affcd8d6b39;406.76;1.80615;SELL
2016-03-05T00:14:44.273000;2016-03-05T00:14:44.320000;e091a6b8-694c-44af-a821-dea78bed175d;406.76;0.5;BUY
2016-03-05T00:14:44.273000;2016-03-05T00:14:44.340000;4833a3fb-b369-432b-b613-60709f933112;406.79;0.30851;BUY
2016-03-05T00:15:00.977000;2016-03-05T00:15:01.033000;c4ba74c2-edbe-4c32-b292-2dd2f8ceceb4;406.79;0.27319;BUY
2016-03-05T00:15:31.023000;2016-03-05T00:15:31.070000;d8e504c2-f623-4b51-adf3-97923ecd86b2;406.76;0.01;SELL
2016-03-05T00:15:31.023000;2016-03-05T00:15:31.090000;97b04df9-8ce4-4d27-a2b0-8778edda89d2;406.75;0.01;SELL
2016-03-05T00:15:31.023000;2016-03-05T00:15:31.090000;54d42c7a-1553-45df-bb82-db4c00a4a0b0;406.73;1.8054;SELL
2016-03-05T00:16:00.930000;2016-03-05T00:16:00.977000;0002e2b4-7402-40c1-a121-302203a42615;406.8;0.16483;BUY
2016-03-05T00:16:19.843000;2016-03-05T00:16:19.887000;49917e0c-9c71-427d-a885-e8278b935482;406.8;0.07;BUY
2016-03-05T00:16:32.070000;2016-03-05T00:16:32.110000;d73a9416-71fa-4649-a861-c93a13858702;406.79;0.38471;SELL
2016-03-05T00:16:59.073000;2016-03-05T00:16:59.120000;7ea1c664-7380-4c20-b252-e9dc32c05d96;406.79;0.5;SELL
2016-03-05T00:17:01.080000;2016-03-05T00:17:01.143000;1c16f8e6-315c-487d-822a-4d517fbd62f8;406.8;0.26517;BUY
2016-03-05T00:17:01.080000;2016-03-05T00:17:01.143000;b0cb581c-a893-4ccc-a89e-e609f020bb19;406.83;0.46;BUY
2016-03-05T00:17:01.080000;2016-03-05T00:17:01.147000;78a3691d-3487-4353-9f66-6e14c3a575ef;406.84;0.14;BUY
2016-03-05T00:17:01.080000;2016-03-05T00:17:01.147000;bdb3b4d7-4a3b-4b82-b86c-67876e8af839;406.86;1.38;BUY
2016-03-05T00:17:01.080000;2016-03-05T00:17:01.190000;6688181d-932f-4b49-bd02-544787ac50c6;406.87;0.178;BUY
2016-03-05T00:17:01.080000;2016-03-05T00:17:01.190000;fa27cf2d-a517-441b-9af4-b8c86a699a8d;406.93;0.24212;BUY
2016-03-05T00:17:31.517000;2016-03-05T00:17:31.560000;c697b276-bfc4-427a-b626-3b511860a616;406.94;0.01;BUY
2016-03-05T00:17:31.517000;2016-03-05T00:17:31.560000;56ae4fb3-8cca-4c31-84a0-d35c88b90791;406.95;0.06155;BUY
2016-03-05T00:18:00.997000;2016-03-05T00:18:01.040000;773bbb57-c252-4eeb-bb8f-6572b5e9f493;406.94;7.29401;SELL
2016-03-05T00:18:00.997000;2016-03-05T00:18:01.040000;4ff26618-4105-4b72-a039-9205c35ad2dd;406.88;0.342;SELL
2016-03-05T00:18:00.997000;2016-03-05T00:18:01.063000;02a6c7cc-53c7-403f-8f77-90af0684f147;406.83;0.01;SELL
2016-03-05T00:18:00.997000;2016-03-05T00:18:01.063000;c2ebdec4-2483-44d2-80c2-e9b929b456f7;406.83;0.325;SELL
2016-03-05T00:18:00.997000;2016-03-05T00:18:01.063000;a1b797e8-c33b-45c5-9e2c-26546fc41e3b;406.83;0.01;SELL
2016-03-05T00:18:00.997000;2016-03-05T00:18:01.063000;98f3c1fd-ba67-40ef-9acc-322034fe6c4a;406.81;1.84;SELL
2016-03-05T00:18:00.997000;2016-03-05T00:18:01.063000;765a1867-cd3c-42da-a023-1df67b1a8da2;406.8;0.01;SELL
2016-03-05T00:18:00.997000;2016-03-05T00:18:01.100000;a93c870c-16ee-4418-bb48-1e3c391c6710;406.79;0.76769;SELL
2016-03-05T00:18:31.030000;2016-03-05T00:18:31.077000;af9b53b3-3753-400c-a9bb-726ddfaf37a7;406.85;0.26284;BUY
2016-03-05T00:18:38.657000;2016-03-05T00:18:38.703000;6df7061c-9602-45cf-8afa-b963f45a67dd;406.84;0.03;SELL
2016-03-05T00:19:01.063000;2016-03-05T00:19:01.107000;a0295860-91a5-43ba-a545-8fadf75ecaba;406.84;0.15656;SELL
2016-03-05T00:19:37.297000;2016-03-05T00:19:37.363000;a62e2f1e-2047-4f8b-9842-b7a8abe46dda;406.84;0.04626;SELL
2016-03-05T00:20:03.787000;2016-03-05T00:20:03.837000;f5d8c8ec-e488-47e1-a10e-7d9a6769d367;406.85;0.23716;BUY
2016-03-05T00:20:03.787000;2016-03-05T00:20:03.837000;975b6888-ce36-4361-8987-7f0536443d7b;406.93;0.43677;BUY
2016-03-05T00:20:31.260000;2016-03-05T00:20:31.587000;c615aa97-0fda-4847-8698-912d736302d5;406.93;0.41365;BUY
2016-03-05T00:21:01.117000;2016-03-05T00:21:01.197000;4b8e7585-006a-4d25-a67f-6566ee7f4982;406.78;0.19318;SELL
2016-03-05T00:21:31.220000;2016-03-05T00:21:31.307000;befc406e-bcdb-4c8b-a33c-07a061cda7b3;406.88;2.4667;BUY
2016-03-05T00:21:40.443000;2016-03-05T00:21:40.630000;957f3ad4-861f-482c-82b4-faa9d7ca84ef;406.79;0.00512497;BUY
2016-03-05T00:21:46.007000;2016-03-05T00:21:46.123000;ff492912-e856-4a1b-93d7-fab131df57c4;406.75;2.76;BUY
2016-03-05T00:21:46.007000;2016-03-05T00:21:46.123000;e36c2c16-92c7-4bd3-a31e-18fd6692e1cd;406.76;0.24;BUY
2016-03-05T00:22:01.253000;2016-03-05T00:22:01.327000;d45531e3-4ea8-45d6-a3b9-7f5d9d7fec10;406.72;0.01;SELL
2016-03-05T00:22:01.253000;2016-03-05T00:22:01.327000;c519e5dd-f050-46cf-af48-5ffe28fd030e;406.71;0.01;SELL
2016-03-05T00:22:01.253000;2016-03-05T00:22:01.373000;3861ee71-b59d-447a-8d52-b2dbec28605a;406.66;0.01;SELL
2016-03-05T00:22:01.253000;2016-03-05T00:22:01.373000;277fdad0-4491-489f-a7f1-73f6980558bb;406.63;0.87368;SELL
2016-03-05T00:22:23.740000;2016-03-05T00:22:23.953000;026e5ddc-29ad-4919-a907-226865f745a4;406.67;0.2;BUY
2016-03-05T00:22:31.050000;2016-03-05T00:22:31.137000;0aa0d355-52ec-4a5b-9ee4-51731f9e5e40;406.67;1.0636;BUY
2016-03-05T00:23:01.003000;2016-03-05T00:23:01.077000;585f13ae-bd4b-47af-b39c-931c74007e4f;406.64;0.01;SELL
2016-03-05T00:23:01.003000;2016-03-05T00:23:01.103000;f0dab5eb-c28b-447a-950e-464bbc0c4d45;406.63;0.28649;SELL
2016-03-05T00:23:31.127000;2016-03-05T00:23:32.240000;ba6b8d3e-f475-483c-8cb4-67ea70f61421;406.48;0.01;SELL
2016-03-05T00:23:31.127000;2016-03-05T00:23:32.240000;5f59f73c-63b6-46c0-a0cf-b9b2b9b5c3f9;406.47;0.01;SELL
2016-03-05T00:23:31.127000;2016-03-05T00:23:32.240000;d31af124-ef6a-4e2d-abab-04a6a1209d3a;406.44;0.13;SELL
2016-03-05T00:23:31.127000;2016-03-05T00:23:32.273000;db5b9260-cc93-4cda-8c37-1f8f35726dae;406.44;0.10236;SELL
2016-03-05T00:23:37.597000;2016-03-05T00:23:38.237000;81c0662d-b859-4452-a02c-d2643072eb31;406.54;0.19;BUY
2016-03-05T00:24:01.180000;2016-03-05T00:24:01.280000;d2dbf8c4-dd7a-48fc-8a82-05c815b481bb;406.45;0.31975;BUY
2016-03-05T00:24:31.087000;2016-03-05T00:24:31.150000;9d76415f-77aa-4184-963f-f53b63ec67d2;406.44;2.57246;SELL
2016-03-05T00:25:01.427000;2016-03-05T00:25:01.487000;a92ec1fa-0626-4653-99f9-9afede5d5e3e;406.45;0.01;BUY
2016-03-05T00:25:01.723000;2016-03-05T00:25:01.810000;32d3ec50-6fe1-4c7e-9459-5ae0f5b9bf71;406.43;0.02;SELL
2016-03-05T00:25:01.727000;2016-03-05T00:25:01.810000;618ca687-d80b-4dab-acdb-069fb524172d;406.41;0.01;SELL
2016-03-05T00:25:01.727000;2016-03-05T00:25:01.810000;4337c5b3-c57a-4c6b-bf50-070f944c8cd3;406.4;0.01955666;SELL
2016-03-05T00:25:01.727000;2016-03-05T00:25:01.810000;bd257c20-3750-40e4-acd1-e92ac6812416;406.36;0.0187;SELL
2016-03-05T00:25:01.727000;2016-03-05T00:25:01.833000;9ef531a5-8f14-42bd-b625-c97e02be0671;406.31;0.01;SELL
2016-03-05T00:25:01.727000;2016-03-05T00:25:01.853000;7fc52b3d-a5ea-4933-a404-5a81a3980991;406.25;1.0;SELL
2016-03-05T00:25:01.727000;2016-03-05T00:25:01.853000;56f601a7-2ec1-46be-93d6-a7d355fac23a;406.2;0.01955666;SELL
2016-03-05T00:25:01.727000;2016-03-05T00:25:01.853000;526f96c0-679c-42bd-a2f9-a6ca76e67ee2;406.13;0.37454195;SELL
2016-03-05T00:25:01.727000;2016-03-05T00:25:01.880000;bd4567fe-1227-4f13-89c2-a4c0e41bb3a1;406.13;0.01;SELL
2016-03-05T00:25:01.727000;2016-03-05T00:25:01.880000;f3cf74dd-ced1-4618-9546-989f10c52e52;406.13;0.123;SELL
2016-03-05T00:25:01.727000;2016-03-05T00:25:01.880000;d55971f2-e931-4480-98ee-18875ad639d1;406.11;0.05;SELL
2016-03-05T00:25:01.727000;2016-03-05T00:25:01.880000;627b7b9b-40bc-4ba8-840f-1d9e48cea79e;406.1;0.8772;SELL
2016-03-05T00:25:01.727000;2016-03-05T00:25:01.880000;a049273e-d993-49af-aecd-01badd08b001;406.1;0.05;SELL
2016-03-05T00:25:01.727000;2016-03-05T00:25:01.880000;808535b2-5266-41a9-941a-8f99e553601a;406.08;0.088;SELL
2016-03-05T00:25:01.727000;2016-03-05T00:25:01.880000;81acb983-88e5-4fa8-af45-98f3de353dbc;406.0;0.01002;SELL
2016-03-05T00:25:01.727000;2016-03-05T00:25:01.880000;0d72907c-1673-4fb6-9db4-87fe83964f6f;406.0;0.2009821;SELL
2016-03-05T00:25:01.727000;2016-03-05T00:25:01.880000;33c6af2a-dc50-4329-b6b7-c89f63d68dfd;405.99;0.04;SELL
2016-03-05T00:25:01.727000;2016-03-05T00:25:01.903000;25b44a40-b197-4995-a694-8ce6a3a2f660;405.95;0.01;SELL
2016-03-05T00:25:01.727000;2016-03-05T00:25:01.903000;0337e64c-3485-48f6-bac2-882a7ff67d6e;405.91;9.847;SELL
2016-03-05T00:25:01.727000;2016-03-05T00:25:01.903000;7ab84388-839e-4136-a183-d59cd06c779f;405.83;9.057;SELL
2016-03-05T00:25:01.727000;2016-03-05T00:25:01.903000;373093e2-f675-4da2-9952-782b25dd7123;405.8;0.01;SELL
2016-03-05T00:25:01.727000;2016-03-05T00:25:01.903000;a5d68bf5-2360-4ad1-bf7b-c01f6228582d;405.75;5.81967263;SELL
2016-03-05T00:25:31.543000;2016-03-05T00:25:31.623000;a0049050-d302-4a90-a8fd-b93b9efeaaf1;405.97;0.86469;BUY
2016-03-05T00:26:01.100000;2016-03-05T00:26:01.163000;9285a6f7-b2d7-4b06-a790-a0347377eed3;405.97;0.33536542;BUY
2016-03-05T00:26:01.100000;2016-03-05T00:26:01.207000;4b06e05b-abb4-4cc8-8f91-91e4e1c0dc12;405.99;0.26346458;BUY
2016-03-05T00:26:01.327000;2016-03-05T00:26:01.397000;018eaf39-8efe-4ec4-9063-7e7acd2def06;405.99;0.01103;BUY
2016-03-05T00:26:31.430000;2016-03-05T00:26:31.497000;1d5a5a8a-4d4e-4454-97ff-7aca61d9fd68;406.0;0.01;BUY
2016-03-05T00:26:31.430000;2016-03-05T00:26:31.497000;2aaf2690-da59-4c84-8b1c-330c305798c9;406.05;0.03985;BUY
2016-03-05T00:27:02.857000;2016-03-05T00:27:02.933000;273a908f-0c64-435b-a9fd-d3f9ba3013b0;406.06;0.13228;BUY
2016-03-05T00:27:33.053000;2016-03-05T00:27:33.117000;cbfd1d16-ee27-4390-922f-d6dbf95e7578;406.06;0.36576;BUY
2016-03-05T00:28:01.127000;2016-03-05T00:28:01.197000;40072989-846c-403b-9726-a52b78785674;406.06;0.55873;BUY
2016-03-05T00:28:31.147000;2016-03-05T00:28:31.213000;8f9aa8d7-c204-49ca-be6f-09b9be80dc33;406.06;0.12403;BUY
2016-03-05T00:28:31.147000;2016-03-05T00:28:31.257000;577852c1-1eca-4ecf-a1e7-23399373dbe5;406.06;0.67025;BUY
2016-03-05T00:28:31.147000;2016-03-05T00:28:31.277000;ab2c75d1-773e-45b7-95fb-05105b688c49;406.22;0.76774;BUY
2016-03-05T00:28:48.250000;2016-03-05T00:28:48.453000;4f9b2392-5821-4296-9ec8-e19b948d3bab;406.42;0.01;BUY
2016-03-05T00:28:48.250000;2016-03-05T00:28:48.473000;b4b2c980-8e5e-4918-b7c0-688684dc554d;406.43;0.01;BUY
2016-03-05T00:28:48.250000;2016-03-05T00:28:48.513000;cbc0a432-9630-46c1-90d9-0dc8706e1dae;406.43;0.03;BUY
2016-03-05T00:28:48.720000;2016-03-05T00:28:49.343000;7bf98784-5920-4e6e-a6eb-092d4f83a030;406.41;5.51;SELL
2016-03-05T00:28:48.720000;2016-03-05T00:28:49.343000;baaf7ce4-3ab4-4784-a42f-2e8cd886fe89;406.4;5.49;SELL
2016-03-05T00:29:02.247000;2016-03-05T00:29:02.330000;b2967207-0a0c-42b1-8dca-8e02fd5a6805;406.4;3.353;SELL
2016-03-05T00:29:02.247000;2016-03-05T00:29:02.330000;70969b1c-87ac-4bf4-9814-b07d81fdfdf4;406.33;3.68;SELL
2016-03-05T00:29:02.247000;2016-03-05T00:29:02.330000;2153d4c6-3756-4ce6-bea5-a1501659c2ff;406.32;0.01;SELL
2016-03-05T00:29:02.247000;2016-03-05T00:29:02.330000;a2fef792-254f-4096-82e6-b98960dcb022;406.24;0.0062;SELL
2016-03-05T00:29:31.117000;2016-03-05T00:29:32.050000;91683d2f-1ae9-4927-a691-be117f0c7364;406.54;0.01;BUY
2016-03-05T00:29:31.117000;2016-03-05T00:29:32.100000;e57d6dfc-10f1-46db-8f61-7f462cb6d4d5;406.55;0.01;BUY
2016-03-05T00:29:31.117000;2016-03-05T00:29:32.160000;57b121ba-6dd0-490c-a7d5-3ea759756211;406.59;2.19177;BUY
2016-03-05T00:29:55.023000;2016-03-05T00:29:55.083000;34680f44-7e54-455a-a78a-46d9c77bf273;406.41;0.3;BUY
2016-03-05T00:30:03.680000;2016-03-05T00:30:03.950000;c47f65e5-3103-4b16-810b-3147c59ca8cc;406.4;7.32344;SELL
2016-03-05T00:30:03.680000;2016-03-05T00:30:03.990000;50b509dd-640c-4498-857e-5f3ac2dbc950;406.4;5.49;SELL
2016-03-05T00:30:03.680000;2016-03-05T00:30:04.040000;f9033259-6853-4d8b-b9e8-a797564d196f;406.26;0.01;SELL
2016-03-05T00:30:03.680000;2016-03-05T00:30:04.060000;557cd6a5-b8ff-4f6f-8472-8a4a8c6a5ec5;406.23;9.831;SELL
2016-03-05T00:30:03.680000;2016-03-05T00:30:04.063000;70ec80f4-762b-433d-83aa-58b796fe5a2e;406.15;0.03359;SELL
2016-03-05T00:30:31.957000;2016-03-05T00:30:32.097000;516af241-0e43-44bb-95ef-538a48bbbf1f;406.28;0.728;BUY
2016-03-05T00:30:31.957000;2016-03-05T00:30:32.097000;3026e152-a706-4309-92f1-318051776e43;406.28;0.49172;BUY
2016-03-05T00:31:01.207000;2016-03-05T00:31:01.270000;dd25422f-7d6e-4975-a48a-0f87526675d7;406.24;1.33803;BUY
2016-03-05T00:31:31.153000;2016-03-05T00:31:31.207000;f7c53bf3-d086-409a-81fc-ba3d10a278b5;406.19;0.01;SELL
2016-03-05T00:31:31.153000;2016-03-05T00:31:31.240000;443e0e21-410c-4bd4-817c-c4fb958e6a71;406.18;0.01;SELL
2016-03-05T00:31:31.153000;2016-03-05T00:31:31.243000;194805b7-1bfb-4187-82ae-d382c699b986;406.14;0.01;SELL
2016-03-05T00:31:31.153000;2016-03-05T00:31:31.243000;601d5e69-3e61-4577-afb0-7655a4fcba6c;406.05;0.2;SELL
2016-03-05T00:31:31.157000;2016-03-05T00:31:31.243000;cca57c80-319c-4cf0-bb4b-4acaf4c8108d;406.0;0.01957309;SELL
2016-03-05T00:31:31.157000;2016-03-05T00:31:31.290000;b7ab29ce-9da0-455c-9365-b1e9f8ce6a5d;405.93;0.02;SELL
2016-03-05T00:31:31.157000;2016-03-05T00:31:31.290000;bf072069-da7f-4164-8819-898c7543e973;405.93;0.01;SELL
2016-03-05T00:31:31.157000;2016-03-05T00:31:31.290000;b250f415-ab2c-492a-ac25-70f9dc9e1cac;405.92;0.094;SELL
2016-03-05T00:31:31.157000;2016-03-05T00:31:31.293000;9d22d813-c909-4a67-a1a4-9c7dc13689fd;405.88;0.01;SELL
2016-03-05T00:31:31.157000;2016-03-05T00:31:31.293000;063952f1-f93a-40dc-a63e-d939423573b4;405.81;0.46;SELL
2016-03-05T00:31:31.157000;2016-03-05T00:31:31.307000;93325437-6785-4aa8-ae20-93799346fef2;405.8;0.01957309;SELL
2016-03-05T00:31:31.157000;2016-03-05T00:31:31.307000;effd9c4b-4d16-4506-9953-213d5beb78a7;405.8;0.23;SELL
2016-03-05T00:31:31.157000;2016-03-05T00:31:31.310000;525921ec-4bd6-4868-bf45-d101addf1632;405.79;0.16555382;SELL
2016-03-05T00:32:06.800000;2016-03-05T00:32:06.857000;fb35166a-9c2e-47e7-8029-32f84ba462a6;405.97;1.8515;BUY
2016-03-05T00:32:31.150000;2016-03-05T00:32:31.197000;1df4de83-46d6-47a5-a03b-3b5e2f60ab05;405.97;1.13634;BUY
2016-03-05T00:32:36.350000;2016-03-05T00:32:36.400000;926f7e51-4177-4af0-a01f-a2f30c34d45a;405.97;0.11;BUY
2016-03-05T00:33:01.280000;2016-03-05T00:33:01.320000;2c8ee04d-24af-4a2b-a479-89844f67e802;405.97;0.62263;BUY
2016-03-05T00:33:06.370000;2016-03-05T00:33:06.410000;ec60cdff-e51c-48a3-b201-e5b9eaaaa9cd;405.97;0.35444279;BUY
2016-03-05T00:33:06.633000;2016-03-05T00:33:06.677000;415cfd91-2653-40e1-bfe1-8574a36be993;405.97;0.09508721;BUY
2016-03-05T00:33:06.633000;2016-03-05T00:33:06.707000;60e4d95b-f48d-45f8-a006-98440353409c;405.97;0.25935558;BUY
2016-03-05T00:33:07.607000;2016-03-05T00:33:07.647000;b9d4f3e0-45b4-4dbd-b686-00aac4cd5472;405.97;0.35444279;BUY
2016-03-05T00:33:08.583000;2016-03-05T00:33:08.623000;884c6970-f972-4476-a983-8231be6640ba;405.97;0.35444279;BUY
2016-03-05T00:33:09.557000;2016-03-05T00:33:09.617000;555d91c9-2fb5-4e5b-8866-cc6d7afcc344;405.97;0.35444279;BUY
2016-03-05T00:33:31.107000;2016-03-05T00:33:31.150000;af883dfd-3e54-4484-a912-b08a561dee4b;405.97;0.2718;BUY
2016-03-05T00:34:01.133000;2016-03-05T00:34:01.173000;b120d452-cd6c-4473-ab51-1541fdc4eaa9;405.97;2.13574;BUY
2016-03-05T00:34:31.157000;2016-03-05T00:34:31.193000;13f2923b-f2fa-4d81-8cb5-9d03113daca9;405.99;7.3267;BUY
2016-03-05T00:34:31.157000;2016-03-05T00:34:31.213000;4cba355a-4655-4ed4-9b35-7823104c3e6d;405.99;0.20701;BUY
2016-03-05T00:35:01.200000;2016-03-05T00:35:01.233000;50e38f49-37a9-4efb-b546-b9aa7d3c9af7;406.03;1.12185;BUY
2016-03-05T00:35:31.217000;2016-03-05T00:35:31.287000;61563890-f8ff-43ae-9b5b-6f333fc817ac;406.03;0.19;BUY
2016-03-05T00:35:31.217000;2016-03-05T00:35:31.287000;1032ab98-bcb2-42ec-928d-60397c13f41b;406.04;0.06814;BUY
2016-03-05T00:36:01.217000;2016-03-05T00:36:01.283000;6f8347f7-24da-49f2-9398-2038c9ea53ed;406.03;0.05098;BUY
2016-03-05T00:36:16.387000;2016-03-05T00:36:16.497000;038a4760-0f7a-4291-8dd7-bb18240e4d53;406.02;0.01;SELL
2016-03-05T00:36:16.387000;2016-03-05T00:36:16.497000;3607f563-e688-40cd-8b53-4f875e2d6bf3;406.01;0.01;SELL
2016-03-05T00:36:16.387000;2016-03-05T00:36:16.500000;395ae9f5-e312-4931-8067-20188fa63e29;405.92;0.01;SELL
2016-03-05T00:36:16.387000;2016-03-05T00:36:16.533000;f9443cfe-d8a9-4f97-a131-1e2208fa65b4;405.92;0.35444279;SELL
2016-03-05T00:36:16.387000;2016-03-05T00:36:16.590000;aba4a710-e5e0-4a5d-9e8c-bc654aff35c4;405.91;0.01;SELL
2016-03-05T00:36:16.387000;2016-03-05T00:36:16.620000;b29340fb-da9b-4cfe-8746-ba87e91687fd;405.87;0.23;SELL
2016-03-05T00:36:16.387000;2016-03-05T00:36:16.620000;462dab3c-84db-4bfb-bf87-e532c755ad2d;405.83;0.35444279;SELL
2016-03-05T00:36:16.390000;2016-03-05T00:36:16.620000;c7073011-fdc7-4377-a0ef-95cc68630fc0;405.77;0.102;SELL
2016-03-05T00:36:16.390000;2016-03-05T00:36:16.620000;b6e52fe6-5c90-4c9f-9e10-f2bce3e74ce7;405.74;0.35444279;SELL
2016-03-05T00:36:16.390000;2016-03-05T00:36:16.620000;765626db-33f2-4a99-b845-fd75a81397c9;405.7;2.0;SELL
2016-03-05T00:36:16.390000;2016-03-05T00:36:16.653000;ce074649-b665-4f29-95aa-17fce0728fe5;405.67;2.6;SELL
2016-03-05T00:36:16.390000;2016-03-05T00:36:16.653000;e6702896-572e-4842-a804-f8ea1eb12838;405.66;0.01;SELL
2016-03-05T00:36:16.390000;2016-03-05T00:36:16.653000;7b0775ea-8135-47ef-b79b-df4215ab28b6;405.66;0.092;SELL
2016-03-05T00:36:16.390000;2016-03-05T00:36:16.653000;4559f77b-ad26-4deb-8981-bf86e6adf885;405.65;0.35444279;SELL
2016-03-05T00:36:16.390000;2016-03-05T00:36:16.653000;0a3eb043-0f25-4ca8-ba15-2a9475c37cd0;405.61;0.0617;SELL
2016-03-05T00:36:16.390000;2016-03-05T00:36:16.683000;e025dcb5-d850-4292-a1f1-81da940c7e77;405.61;0.04;SELL
2016-03-05T00:36:16.390000;2016-03-05T00:36:16.683000;960f7854-02bd-4e6e-8822-2d8bac67d6c5;405.6;0.1;SELL
2016-03-05T00:36:16.390000;2016-03-05T00:36:16.683000;51d51009-5136-42b4-90f6-c40a5e38321a;405.6;0.01;SELL
2016-03-05T00:36:16.390000;2016-03-05T00:36:16.683000;92e0f3d3-0d04-456b-b26f-e7ac0545c359;405.6;0.01958761;SELL
2016-03-05T00:36:16.390000;2016-03-05T00:36:16.683000;fcefbfb7-a4de-40d2-82b1-521aa3e6cbe5;405.6;2.0;SELL
2016-03-05T00:36:16.390000;2016-03-05T00:36:16.703000;78e842b1-33f7-4917-9198-0d262b1ca46f;405.57;3.68;SELL
2016-03-05T00:36:16.390000;2016-03-05T00:36:16.703000;a2021831-344d-414f-a0ea-12bc0cb26ea9;405.56;0.35444279;SELL
2016-03-05T00:36:16.390000;2016-03-05T00:36:16.723000;87b266b4-46d0-40d7-919d-839ec2113252;405.52;7.13;SELL
2016-03-05T00:36:16.390000;2016-03-05T00:36:16.763000;d972a6a4-2e92-4e1e-a5cb-0fc3125f2386;405.51;0.01;SELL
2016-03-05T00:36:16.393000;2016-03-05T00:36:16.780000;83f4c449-0bd4-4f2b-a925-ba0cd363a674;405.51;0.10249844;SELL
2016-03-05T00:36:34.857000;2016-03-05T00:36:34.917000;d9775e9a-cec0-441b-9397-db67555208a8;405.73;0.36209;BUY
2016-03-05T00:37:01.300000;2016-03-05T00:37:01.360000;81690948-4568-40e0-8db4-5256077e3023;405.73;0.01;BUY
2016-03-05T00:37:02.807000;2016-03-05T00:37:02.870000;86c84060-3243-45d9-af76-73d65f694e29;405.73;0.34946;BUY
2016-03-05T00:37:30.653000;2016-03-05T00:37:30.713000;1466dbd5-a974-429c-bf7f-0f7ac6bfb14d;405.73;0.04;BUY
2016-03-05T00:38:01.187000;2016-03-05T00:38:01.243000;3a0b87dc-b868-4e14-82ed-1c8ca6f8ffab;405.73;1.09987;BUY
2016-03-05T00:38:31.990000;2016-03-05T00:38:32.047000;3dc08bc6-879b-4c65-95f3-5bf9ce5ac77c;405.73;0.07419;BUY
2016-03-05T00:39:01.113000;2016-03-05T00:39:01.167000;81ee4990-fca5-43a9-a9b0-e209675f16f0;405.73;0.25841;BUY
2016-03-05T00:39:31.150000;2016-03-05T00:39:31.207000;d578285f-ed0c-4e1f-b5b5-f5f6572740b6;405.72;0.01;SELL
2016-03-05T00:39:31.150000;2016-03-05T00:39:31.223000;268fbe2a-6451-4ef3-b32d-ca142cbd4dd7;405.72;2.56527;SELL
2016-03-05T00:40:01.273000;2016-03-05T00:40:01.327000;913d31a8-f7e5-4137-a5d0-07421e3d38ed;405.71;0.651;BUY
2016-03-05T00:40:01.273000;2016-03-05T00:40:01.347000;8d97232b-6e58-4deb-a247-89eb875f103e;405.71;0.33068;BUY
2016-03-05T00:40:01.273000;2016-03-05T00:40:01.363000;6798f602-ab21-4189-a105-21d56a19ef99;405.72;0.62044;BUY
2016-03-05T00:40:26.923000;2016-03-05T00:40:26.977000;a8f9c98c-0f65-4a76-ae37-11f48c5de1f7;405.71;0.05;BUY
2016-03-05T00:40:31.693000;2016-03-05T00:40:31.743000;c576fe2f-c3d8-442e-88e8-5e4278e59468;405.7;0.01;SELL
2016-03-05T00:40:31.693000;2016-03-05T00:40:31.767000;e0866805-2cfa-463a-9541-ed1704475145;405.7;7.32772;SELL
2016-03-05T00:40:31.693000;2016-03-05T00:40:31.767000;b86be995-94ed-4acd-8a84-d1074d7d489b;405.56;0.01;SELL
2016-03-05T00:40:31.693000;2016-03-05T00:40:31.767000;75f8391c-8c50-45b4-a991-30c1823dd961;405.56;0.01;SELL
2016-03-05T00:40:31.693000;2016-03-05T00:40:31.783000;96113cfd-35cc-4a3e-9851-ead6a3f08e4a;405.5;3.07109;SELL
2016-03-05T00:40:41.547000;2016-03-05T00:40:41.610000;11312403-9f57-4fcc-8349-b3a694433035;405.64;0.04;BUY
2016-03-05T00:40:41.547000;2016-03-05T00:40:41.627000;ec41fb1c-40a9-47b7-b52f-32f627de7a5b;405.64;0.67312125;BUY
2016-03-05T00:41:02.260000;2016-03-05T00:41:02.320000;ee43c524-4b80-46cf-bf24-18560d770e9b;405.54;1.49064;BUY
2016-03-05T00:41:31.353000;2016-03-05T00:41:31.403000;e5ffa3b8-2dbb-453b-891a-d8ffb6aa86af;405.51;0.01;SELL
2016-03-05T00:41:31.353000;2016-03-05T00:41:31.427000;b0edeb28-98a0-4f4b-9983-d58827f29111;405.5;1.92891;SELL
2016-03-05T00:41:31.353000;2016-03-05T00:41:31.427000;d8eb36b2-9838-45fa-b46e-fae11c041cdd;405.49;0.8424;SELL
2016-03-05T00:41:31.353000;2016-03-05T00:41:31.447000;b2cc773c-9943-474f-9f95-6f3d48fbafcc;405.43;0.02;SELL
2016-03-05T00:41:31.353000;2016-03-05T00:41:31.447000;80bd1699-b59e-426b-b32e-f7e040c5bfc4;405.42;0.01;SELL
2016-03-05T00:41:31.353000;2016-03-05T00:41:31.493000;0c799c9b-70d9-4810-a2d0-f6b2cca31e71;405.4;0.01;SELL
2016-03-05T00:41:31.353000;2016-03-05T00:41:31.493000;5f95948f-cd9f-42fe-8ff4-e1c5385dc2dc;405.4;0.01719;SELL
2016-03-05T00:42:01.187000;2016-03-05T00:42:01.233000;4237ac4b-8c1c-405d-a591-0bf91aca2dce;405.41;0.95811;SELL
2016-03-05T00:42:31.107000;2016-03-05T00:42:31.157000;de9bfe20-2d52-46dd-b9ac-a07260687a69;405.35;0.3309;SELL
2016-03-05T00:42:31.107000;2016-03-05T00:42:31.183000;cc948d18-9633-4316-8aba-5cf58c6599a2;405.35;7.33967;SELL
2016-03-05T00:42:31.107000;2016-03-05T00:42:31.183000;5f5cd65a-3780-4b18-aed2-4953df505505;405.34;1.0;SELL
2016-03-05T00:42:31.107000;2016-03-05T00:42:31.183000;d56671f3-7bd1-4ba5-a74a-af80bfda7a73;405.34;0.01;SELL
2016-03-05T00:42:31.107000;2016-03-05T00:42:31.217000;ea9a933e-cdff-4e4c-8f64-090f5bcf8276;405.3;5.5;SELL
2016-03-05T00:42:31.107000;2016-03-05T00:42:31.217000;4f9ba137-a396-40d4-a228-3f02c4e9ac3a;405.3;0.2;SELL
2016-03-05T00:42:31.107000;2016-03-05T00:42:31.237000;6f2998fb-c43c-47b4-bdfe-79854543082d;405.29;0.04;SELL
2016-03-05T00:42:31.107000;2016-03-05T00:42:31.237000;def40a36-3311-4c65-9518-944e5bcc7d13;405.21;0.0105;SELL
2016-03-05T00:42:31.107000;2016-03-05T00:42:31.237000;f476b9da-e66e-454a-8faa-99b260af8d77;405.2;1.0;SELL
2016-03-05T00:42:31.107000;2016-03-05T00:42:31.237000;2fc2626e-28c7-4a86-a76f-1df3baed3c87;405.2;15.0;SELL
2016-03-05T00:42:31.107000;2016-03-05T00:42:31.237000;ffd67541-f646-4e76-a76d-bcf6a337dc4f;405.2;0.01;SELL
2016-03-05T00:42:31.107000;2016-03-05T00:42:31.237000;c6c54fc8-dd0e-417f-9b63-724ac7653fa6;405.2;0.01958984;SELL
2016-03-05T00:42:31.107000;2016-03-05T00:42:31.257000;80dc984c-0f7a-48ee-a176-7b83492b8f75;405.15;0.25;SELL
2016-03-05T00:42:31.107000;2016-03-05T00:42:31.257000;23a99b7a-06b4-497d-b44d-afa6dade9649;405.15;0.01;SELL
2016-03-05T00:42:31.107000;2016-03-05T00:42:31.257000;1008763f-d037-4495-90af-b88cd634d909;405.14;0.368;SELL
2016-03-05T00:42:31.110000;2016-03-05T00:42:31.257000;c7a35793-a335-46db-b575-75ca7c5b519b;405.12;0.1;SELL
2016-03-05T00:42:31.110000;2016-03-05T00:42:31.257000;387565fe-2c5c-401f-9505-9211c3920ca6;405.12;1.5;SELL
2016-03-05T00:42:31.110000;2016-03-05T00:42:31.257000;df9479ef-5ee8-4c2f-b15e-f1fdac6e8d46;405.11;0.01;SELL
2016-03-05T00:42:31.110000;2016-03-05T00:42:31.257000;f3843b25-1ac5-4f97-8cb6-521571f2ea6a;405.09;0.355;SELL
2016-03-05T00:42:31.110000;2016-03-05T00:42:31.257000;eee733ef-5039-48e4-b42a-d0f0a7728808;405.04;0.349;SELL
2016-03-05T00:42:31.110000;2016-03-05T00:42:31.257000;607529bf-8f89-40f3-9fcf-fb9d705a315b;405.02;3.45;SELL
2016-03-05T00:42:31.110000;2016-03-05T00:42:31.257000;cf67edd6-750a-4c94-b488-9e9a55f268a3;405.01;0.2;SELL
2016-03-05T00:42:31.110000;2016-03-05T00:42:31.303000;1e2ae07c-e486-4eea-a252-f2ba54b3cb6c;405.01;5.82214016;SELL
2016-03-05T00:43:01.170000;2016-03-05T00:43:01.230000;7d6b2560-6175-4705-87d5-86e8b6dfebdc;405.16;0.01;SELL
2016-03-05T00:43:01.170000;2016-03-05T00:43:01.230000;c29c5629-e67e-4196-8ece-383ae9b08898;405.01;1.59193;SELL
2016-03-05T00:43:01.430000;2016-03-05T00:43:01.500000;a2764329-3881-448d-83f2-ef315cccecb2;405.17;0.01;BUY
2016-03-05T00:43:31.167000;2016-03-05T00:43:31.217000;65a62508-3ab1-484f-abb1-179e0498a9e7;405.08;0.01;SELL
2016-03-05T00:43:31.167000;2016-03-05T00:43:31.243000;28a422a8-18ff-4e85-aaa3-bb5256c025b7;405.07;0.01;SELL
2016-03-05T00:43:31.167000;2016-03-05T00:43:31.243000;2dce5ef1-3a6d-40a6-98f9-b7b573e723ca;405.01;1.78592984;SELL
2016-03-05T00:43:31.167000;2016-03-05T00:43:31.243000;11fccfcb-ac46-4488-96b5-4b428bb50204;405.0;0.01;SELL
2016-03-05T00:43:31.167000;2016-03-05T00:43:31.243000;ac90144a-3999-47b9-ab87-915579a6d7f2;405.0;0.01003;SELL
2016-03-05T00:43:31.167000;2016-03-05T00:43:31.310000;aadaa40e-4fe3-42f2-a5de-b840225cb73c;405.0;0.01;SELL
2016-03-05T00:43:31.167000;2016-03-05T00:43:31.310000;dee9857f-3dfc-4718-9167-494ae239b575;405.0;0.1;SELL
2016-03-05T00:43:31.167000;2016-03-05T00:43:31.310000;eae5dde5-4b81-40df-b1d5-011f7d3de4fd;405.0;1.0;SELL
2016-03-05T00:43:31.167000;2016-03-05T00:43:31.310000;8cc57c6b-fe86-4b5b-9e88-6a83cd503202;405.0;0.02;SELL
2016-03-05T00:43:31.167000;2016-03-05T00:43:31.310000;bf62f500-d033-4948-af5d-9d5af12439b5;405.0;1.0;SELL
2016-03-05T00:43:31.167000;2016-03-05T00:43:31.337000;55f87dd4-8d48-4f70-a0a9-b55277dedb7a;405.0;0.05;SELL
2016-03-05T00:43:31.167000;2016-03-05T00:43:31.337000;b726d3b8-c920-43fc-a163-a2996effacf0;405.0;0.02;SELL
2016-03-05T00:43:31.167000;2016-03-05T00:43:31.337000;026d2609-a4a0-4422-816f-f55dd7da36e7;405.0;0.05049;SELL
2016-03-05T00:43:31.167000;2016-03-05T00:43:31.337000;095338cf-c7b3-4289-9d02-111fa181bdc7;405.0;11.64883016;SELL
2016-03-05T00:43:41.933000;2016-03-05T00:43:41.993000;31ccb2e0-3774-4e7f-9dda-8de3b8ea353e;405.14;0.07085708;BUY
2016-03-05T00:43:59.557000;2016-03-05T00:43:59.597000;f0b1b247-6b39-43a7-a7c7-08dd031c956d;405.01;0.0101;SELL
2016-03-05T00:43:59.557000;2016-03-05T00:43:59.620000;de1441b7-916e-4de7-a259-7da20eff89b1;405.0;0.2199;SELL
2016-03-05T00:44:01.237000;2016-03-05T00:44:01.283000;2c2e88ed-2a11-451c-8092-ed8d5549eeed;405.0;0.13686;SELL
2016-03-05T00:44:01.277000;2016-03-05T00:44:01.320000;c4c3d316-604a-43b6-b0a3-9a6b9dfca4fe;405.02;0.01007667;BUY
2016-03-05T00:44:32.043000;2016-03-05T00:44:32.087000;c3437432-528b-41be-86f1-122df051d5cd;405.0;0.56987;SELL
2016-03-05T00:45:01.233000;2016-03-05T00:45:01.287000;cb9f3f9d-261b-4f9e-831f-69884b3f2f76;405.02;0.688;BUY
2016-03-05T00:45:01.233000;2016-03-05T00:45:01.307000;e7f6c175-a484-4fd9-883a-e1539e935f5d;405.02;0.29;BUY
2016-03-05T00:45:01.233000;2016-03-05T00:45:01.307000;d57ba32d-f83d-4d43-a421-72af0434fc70;405.02;1.19541;BUY
2016-03-05T00:45:01.337000;2016-03-05T00:45:01.403000;cc939d50-d90d-4ddd-955a-63ec52607493;405.02;0.01099667;BUY
2016-03-05T00:45:31.297000;2016-03-05T00:45:31.337000;31546423-f524-4452-9418-271c44f8f242;405.02;0.67;BUY
2016-03-05T00:45:31.297000;2016-03-05T00:45:31.363000;dbe5491c-d0dd-4ed3-ac2b-76a9be98f1f0;405.02;3.56471;BUY
2016-03-05T00:46:01.767000;2016-03-05T00:46:01.817000;da0ce7c4-946b-41db-8a78-c40ea4957920;405.02;0.611;BUY
2016-03-05T00:46:01.767000;2016-03-05T00:46:01.843000;5bc5bf8d-3ef4-4c47-8e8f-c259f5cb604e;405.02;0.11824;BUY
2016-03-05T00:46:15.660000;2016-03-05T00:46:15.697000;23148afd-0858-4aa1-9181-191f65748db0;405.0;3.0;SELL
2016-03-05T00:46:34.903000;2016-03-05T00:46:34.943000;34e2b8ea-73b0-4f0f-9ad7-658ac7f0660c;405.02;0.626;BUY
2016-03-05T00:46:34.903000;2016-03-05T00:46:34.960000;f0f53ed4-868f-4342-8ff0-a6ca129ac5e4;405.02;2.69973;BUY
2016-03-05T00:47:01.293000;2016-03-05T00:47:01.330000;f6945e14-e1fb-4828-9e81-5c3e8be189f4;405.01;0.01000667;BUY
2016-03-05T00:47:03.403000;2016-03-05T00:47:03.440000;d8369f84-8dd8-4920-9aa2-5dd666932a26;405.01;6.50147;BUY
2016-03-05T00:47:12.307000;2016-03-05T00:47:12.353000;78bd671d-5062-4990-a7b2-37c6581b6e62;405.0;6.42453984;SELL
2016-03-05T00:47:12.307000;2016-03-05T00:47:12.353000;eb6e1bbc-b516-4409-b2ac-32c843c1ce40;405.0;3.0;SELL
2016-03-05T00:47:12.307000;2016-03-05T00:47:12.377000;92ea7f8f-a4ad-4b3b-b609-01dd43119240;405.0;1.0;SELL
2016-03-05T00:47:12.307000;2016-03-05T00:47:12.377000;f2d884c3-ff60-419c-b179-1af5327e9ecb;405.0;0.20097719;SELL
2016-03-05T00:47:12.307000;2016-03-05T00:47:12.417000;3b97d523-f069-4486-96af-7e0cc4ed4a51;405.0;2.0;SELL
2016-03-05T00:47:12.307000;2016-03-05T00:47:12.417000;895331ca-ac5b-4b96-a56b-c7da098d55fe;405.0;1.0;SELL
2016-03-05T00:47:12.307000;2016-03-05T00:47:12.417000;b4126e36-9ad5-4547-acca-f913300535f4;405.0;0.0115;SELL
2016-03-05T00:47:12.307000;2016-03-05T00:47:12.420000;5bcf7485-33c8-4314-ba7b-68e4b7bf414b;405.0;4.82598297;SELL
2016-03-05T00:47:21.017000;2016-03-05T00:47:21.093000;569d5e4f-7548-4f7d-b0b4-02e66f0a1cfe;405.01;0.2;BUY
2016-03-05T00:47:21.023000;2016-03-05T00:47:21.120000;c1aca993-a48c-4620-be78-72b3f3371605;405.0;9.76716411;SELL
2016-03-05T00:47:21.023000;2016-03-05T00:47:21.120000;93de51b4-546b-4b6c-aa7a-4fda35c42e7a;405.0;0.01959569;SELL
2016-03-05T00:47:21.023000;2016-03-05T00:47:21.137000;c188d032-1098-4efe-b02e-c0dd854318ca;404.99;0.14;SELL
2016-03-05T00:47:21.023000;2016-03-05T00:47:21.137000;908950e0-d5c4-40c0-b16a-abe07d907938;404.93;0.02;SELL
2016-03-05T00:47:21.023000;2016-03-05T00:47:21.140000;6450b655-f693-4741-b346-ebe783147428;404.9;0.01;SELL
2016-03-05T00:47:21.023000;2016-03-05T00:47:21.140000;b5eec964-dd41-4ca8-9333-ecbfbae4b055;404.89;0.01;SELL
2016-03-05T00:47:21.023000;2016-03-05T00:47:21.140000;82eab335-afe0-4cea-9ab2-e95d78107615;404.88;1.0212;SELL
2016-03-05T00:47:21.023000;2016-03-05T00:47:21.140000;e94b0edf-3af2-47c4-900c-d20ceaee43f7;404.87;0.1;SELL
2016-03-05T00:47:21.023000;2016-03-05T00:47:21.140000;1b46946b-16fd-4355-b826-09b4dc292dd1;404.84;0.1;SELL
2016-03-05T00:47:21.023000;2016-03-05T00:47:21.140000;9a2720b7-0d0b-40f4-8194-c91bd7e27f95;404.82;0.0113;SELL
2016-03-05T00:47:21.023000;2016-03-05T00:47:21.140000;55e00068-5d75-4ee9-9334-dc3851a9a209;404.8;0.01959569;SELL
2016-03-05T00:47:21.023000;2016-03-05T00:47:21.140000;f77cd226-9e9b-439b-ae79-a20c7cb763d3;404.8;0.433;SELL
2016-03-05T00:47:21.023000;2016-03-05T00:47:21.140000;7ba5a003-f3d4-4f7e-9ddf-7d4d37a5842b;404.75;0.01;SELL
2016-03-05T00:47:21.023000;2016-03-05T00:47:21.140000;61eedb69-7815-4c6b-bfe8-524e0eb6c5f5;404.74;0.433;SELL
2016-03-05T00:47:21.023000;2016-03-05T00:47:21.140000;afc67e18-51c5-45a5-baf2-7546e69dd1f2;404.6;1.0;SELL
2016-03-05T00:47:21.023000;2016-03-05T00:47:21.157000;9709a0a1-bc73-4cac-9bf7-030b8e33271d;404.52;0.01;SELL
2016-03-05T00:47:21.027000;2016-03-05T00:47:21.157000;419067a4-045a-4f71-a3ab-ee61b00cc2c2;404.48;0.0113;SELL
2016-03-05T00:47:21.027000;2016-03-05T00:47:21.160000;f47308f4-c0f4-44cb-8069-a1f5759c7d9a;404.44;0.01;SELL
2016-03-05T00:47:21.027000;2016-03-05T00:47:21.187000;1216ad4a-3db5-44d7-a69d-207ab64935a7;404.31;5.98;SELL
2016-03-05T00:47:21.027000;2016-03-05T00:47:21.187000;52b5dd8e-11ba-473b-8d91-62097ab9e6a8;404.3;0.01;SELL
2016-03-05T00:47:25.967000;2016-03-05T00:47:26.007000;a19172e0-fea6-47b9-8f50-0e71c76e5b55;404.28;0.02;BUY
2016-03-05T00:47:28.410000;2016-03-05T00:47:28.443000;401ecd09-3ebe-454a-92eb-8532684e845d;404.38;0.36;BUY
2016-03-05T00:47:31.190000;2016-03-05T00:47:31.230000;f142b06d-c752-479f-9b8f-8e1399d72cb2;404.29;0.01;SELL
2016-03-05T00:47:31.190000;2016-03-05T00:47:31.253000;fb3c2522-02a4-4280-abd4-b1f76e6fb539;404.29;0.082;SELL
2016-03-05T00:47:31.190000;2016-03-05T00:47:31.253000;ffe94d77-36a2-4ef8-9fd0-91b7c6fd024c;404.26;0.02537;SELL
2016-03-05T00:47:47.923000;2016-03-05T00:47:47.970000;90d58c89-dd09-4364-8f26-6a896e34b6b3;404.34;0.2;BUY
2016-03-05T00:47:51.850000;2016-03-05T00:47:51.883000;cf689982-005d-4d0d-83ac-478b66f7f15c;404.33;0.01;SELL
2016-03-05T00:47:51.850000;2016-03-05T00:47:51.907000;ab971786-7e66-4ebc-a4e8-aca23cd8932d;404.33;0.34;SELL
2016-03-05T00:47:51.973000;2016-03-05T00:47:52.013000;e7b1fa1b-bed8-4c41-80e8-b0c6570bcd69;404.33;4.9605953;SELL
2016-03-05T00:47:52.250000;2016-03-05T00:47:52.673000;e3f26ce4-1b8c-44ff-9b9d-afb607323229;404.33;2.0770847;SELL
2016-03-05T00:47:52.250000;2016-03-05T00:47:52.777000;f3062676-8be4-4c57-948a-08be999ae22f;404.32;0.01;SELL
2016-03-05T00:47:52.250000;2016-03-05T00:47:52.777000;91d79481-f80c-4bfc-a169-c690df167e9c;404.31;0.01;SELL
2016-03-05T00:47:55.207000;2016-03-05T00:47:55.780000;e21fc9e6-2e67-4d11-aa1a-e2eb2bcd3d5c;404.26;1.05703;SELL
2016-03-05T00:48:00.177000;2016-03-05T00:48:00.507000;eb215636-5ebd-43ff-80c5-25aff1a923b7;404.2;0.01960902;SELL
2016-03-05T00:48:00.177000;2016-03-05T00:48:00.507000;fe6b1c2e-b9d9-4bfe-9b87-518207c2a1a7;404.19;0.0113;SELL
2016-03-05T00:48:00.177000;2016-03-05T00:48:00.507000;a00e0688-45f1-4826-800d-1c08be475f70;404.14;0.125;SELL
2016-03-05T00:48:00.177000;2016-03-05T00:48:00.507000;b07aed36-16b8-4623-ba96-3974c8594ed9;404.11;0.37547831;SELL
2016-03-05T00:48:00.177000;2016-03-05T00:48:00.507000;7a2cbadb-36ef-4545-b05e-87a9000d00ea;404.11;0.01;SELL
2016-03-05T00:48:00.177000;2016-03-05T00:48:00.507000;aa4c7423-3374-46db-8215-92289c24f19d;404.0;0.01;SELL
2016-03-05T00:48:00.177000;2016-03-05T00:48:00.507000;be005c7e-f75a-47c7-9cb3-c4c373c82536;404.0;0.01003;SELL
2016-03-05T00:48:00.177000;2016-03-05T00:48:00.507000;f862aff1-8b1a-4ae8-9c02-675e0b7c8547;404.0;0.01;SELL
2016-03-05T00:48:00.177000;2016-03-05T00:48:00.507000;469ecbf1-362f-4326-85ed-56069d5f7166;404.0;0.1;SELL
2016-03-05T00:48:00.177000;2016-03-05T00:48:00.507000;c19a1284-ee21-4780-95b2-bfbac9906547;404.0;1.0;SELL
2016-03-05T00:48:00.177000;2016-03-05T00:48:00.507000;92232692-ffd8-4b38-a587-1731f32cbd66;404.0;0.20139244;SELL
2016-03-05T00:48:00.177000;2016-03-05T00:48:00.507000;31943edc-721a-48cf-8def-beae43f1b71e;404.0;0.01;SELL
2016-03-05T00:48:00.180000;2016-03-05T00:48:00.507000;64d3eae5-0e29-48c2-b148-8a8a16bdc6a3;404.0;0.01960902;SELL
2016-03-05T00:48:00.180000;2016-03-05T00:48:00.507000;b71ea018-bd06-402a-8049-d4efdc21fd24;403.93;0.02;SELL
2016-03-05T00:48:00.180000;2016-03-05T00:48:00.507000;c7b782ea-7bec-4970-a54b-3843dbac6f8d;403.89;0.01;SELL
2016-03-05T00:48:00.180000;2016-03-05T00:48:00.507000;0a496caa-66fd-4cf0-9192-beadf66e0a91;403.88;2.0;SELL
2016-03-05T00:48:00.180000;2016-03-05T00:48:00.507000;bec22d40-e629-4c5f-aa1f-29259d0d08f7;403.8;0.01;SELL
2016-03-05T00:48:00.180000;2016-03-05T00:48:00.510000;8a31e008-7f5f-4ec2-8056-daf2a89d6b67;403.8;0.04;SELL
2016-03-05T00:48:00.180000;2016-03-05T00:48:00.510000;395414bf-06ca-42d0-8104-ffbf00470088;403.66;0.01;SELL
2016-03-05T00:48:00.180000;2016-03-05T00:48:00.510000;daca492b-24c8-41f4-a635-203ef06fe0be;403.63;1.0;SELL
2016-03-05T00:48:00.180000;2016-03-05T00:48:00.510000;e590a08b-d01f-45f5-b923-dc59472709b7;403.63;0.8424;SELL
2016-03-05T00:48:00.180000;2016-03-05T00:48:00.510000;326d1b40-a41f-4548-acc3-9aacc02c85f4;403.6;0.01;SELL
2016-03-05T00:48:00.180000;2016-03-05T00:48:00.510000;c8736c36-5c5b-4591-b536-d21266e08737;403.5;0.01;SELL
2016-03-05T00:48:00.180000;2016-03-05T00:48:00.510000;bcebce96-854e-4866-9286-1e794e9c9684;403.41;2.27902572;SELL
2016-03-05T00:48:01.137000;2016-03-05T00:48:01.563000;9799f516-05e9-417f-8e27-a2786e018a65;403.78;0.01;SELL
2016-03-05T00:48:01.137000;2016-03-05T00:48:01.563000;79ac9e3a-5785-4440-98b4-8387f0451203;403.77;0.01;SELL
2016-03-05T00:48:01.137000;2016-03-05T00:48:01.563000;28cbb50a-cd34-4a42-a2e2-96caefafd241;403.5;0.01;SELL
2016-03-05T00:48:01.137000;2016-03-05T00:48:01.563000;9b64ad9c-ba6e-4fa0-b059-1fe8b8d7fdad;403.41;0.46;SELL
2016-03-05T00:48:01.140000;2016-03-05T00:48:01.563000;bb86ad46-19de-4603-b7f3-f5d2c89d365d;403.4;0.01;SELL
2016-03-05T00:48:01.140000;2016-03-05T00:48:01.563000;0d1fac7d-93b8-4530-b4a0-64e181aea78d;403.39;0.46;SELL
2016-03-05T00:48:01.140000;2016-03-05T00:48:01.563000;5ff0a968-e2d6-4fea-89e2-f4dbd931b54c;403.38;0.0113;SELL
2016-03-05T00:48:01.140000;2016-03-05T00:48:01.563000;d130a1cb-d72c-4a47-9c8e-0e8d33807dd9;403.38;0.46;SELL
2016-03-05T00:48:01.140000;2016-03-05T00:48:01.563000;1df5c7e3-9b20-4366-baa8-73846b50dbb2;403.37;0.015;SELL
2016-03-05T00:48:01.140000;2016-03-05T00:48:01.563000;665f280d-344f-41be-b803-21909096a625;403.34;2.99;SELL
2016-03-05T00:48:01.140000;2016-03-05T00:48:01.563000;1b712918-c25b-4f72-927b-6343fe75c895;403.33;0.1;SELL
2016-03-05T00:48:01.140000;2016-03-05T00:48:01.563000;bc86b1ab-1695-4a82-ac6a-530452b1d047;403.29;3.34;SELL
2016-03-05T00:48:01.140000;2016-03-05T00:48:01.563000;820e1338-f3e4-41a6-9a92-8ae7392bfec1;403.28;0.5;SELL
2016-03-05T00:48:01.140000;2016-03-05T00:48:01.563000;a002c6c5-f211-44d2-9439-293764dbd986;403.28;0.01;SELL
2016-03-05T00:48:01.140000;2016-03-05T00:48:01.563000;26f7a947-c339-41a1-ae12-51c5d15cf0b0;403.21;2.11685;SELL
2016-03-05T00:48:01.357000;2016-03-05T00:48:01.930000;2b6eb23d-785c-4f0e-ae64-dfd5c96615ce;404.01;0.01535667;BUY
2016-03-05T00:48:04.803000;2016-03-05T00:48:04.983000;628c5d88-04af-477b-8ffe-c9165373a162;403.81;0.034;BUY
2016-03-05T00:48:31.160000;2016-03-05T00:48:31.910000;8702a995-75c3-434e-b795-6b40dce73cca;403.66;0.01;SELL
2016-03-05T00:48:31.160000;2016-03-05T00:48:31.910000;66369993-cb67-4bef-a278-f0b744e0c147;403.65;0.01;SELL
2016-03-05T00:48:31.160000;2016-03-05T00:48:31.910000;4904d381-3c70-4780-9ec5-7c9aa572e578;403.65;0.073;SELL
2016-03-05T00:48:31.160000;2016-03-05T00:48:31.910000;d1a8bde5-6239-4041-a025-07c9c89785c7;403.6;0.01962918;SELL
2016-03-05T00:48:31.160000;2016-03-05T00:48:31.910000;264a66c2-c3ea-411a-bd81-5bdfddb9db36;403.55;0.377;SELL
2016-03-05T00:48:31.160000;2016-03-05T00:48:31.910000;f246ed69-ef57-4ac4-a3af-011a168b6cac;403.55;0.01;SELL
2016-03-05T00:48:31.160000;2016-03-05T00:48:31.910000;c8419cb4-9efe-4408-83ba-b14178650642;403.43;0.02;SELL
2016-03-05T00:48:31.160000;2016-03-05T00:48:31.910000;6428ab28-010f-4f2e-a217-42b7fdd6faa7;403.4;0.01962918;SELL
2016-03-05T00:48:31.160000;2016-03-05T00:48:31.910000;f0002fd2-c917-4e2e-ae5a-e11960b000d6;403.35;0.407;SELL
2016-03-05T00:48:31.160000;2016-03-05T00:48:31.913000;3908fcbf-ebe4-41ed-bd21-62a0fb91ad6c;403.35;0.01;SELL
2016-03-05T00:48:31.160000;2016-03-05T00:48:31.913000;3c941595-002b-48e4-964d-e973ac14c548;403.25;0.67;SELL
2016-03-05T00:48:31.160000;2016-03-05T00:48:31.913000;47f14009-fc32-4e44-bf2b-2d4edbc372cf;403.2;2.2;SELL
2016-03-05T00:48:31.160000;2016-03-05T00:48:31.913000;7af1de00-aad2-482b-877e-a8f477716927;403.2;0.01;SELL
2016-03-05T00:48:31.160000;2016-03-05T00:48:31.913000;ebc5a1f7-37e7-4f36-bf5f-89979c190544;403.17;0.0113;SELL
2016-03-05T00:48:31.160000;2016-03-05T00:48:31.913000;3a77cb4e-bce2-4d59-bc85-0c3d3d9b351d;403.16;0.01;SELL
2016-03-05T00:48:31.160000;2016-03-05T00:48:31.947000;c8e5b339-9332-45d8-a83d-78b5a7d3876d;403.15;5.0;SELL
2016-03-05T00:48:31.160000;2016-03-05T00:48:31.977000;714f2d82-22f4-4d26-b55b-cca7d170bd29;403.15;0.82880164;SELL
2016-03-05T00:48:40.780000;2016-03-05T00:48:41.060000;d513d92e-500d-475c-9c22-1d9fc4e97c95;403.55;0.01;SELL
2016-03-05T00:49:00.900000;2016-03-05T00:49:00.933000;a2eaac5d-c074-48a5-9d69-8aba312a43c2;403.51;0.71;BUY
2016-03-05T00:49:00.903000;2016-03-05T00:49:00.953000;2fd9bd43-d3e4-42ac-b21c-6c9d7cbd50d5;403.59;5.54473;BUY
2016-03-05T00:49:01.380000;2016-03-05T00:49:01.660000;903b5e24-7339-4d54-81c4-a1faf5e82aff;403.59;0.030095;BUY
2016-03-05T00:49:01.933000;2016-03-05T00:49:01.977000;cf529382-0597-4578-8ace-990eab8e5710;403.51;0.37;SELL
2016-03-05T00:49:01.933000;2016-03-05T00:49:01.977000;00e20f90-b75c-4cf0-9382-7000f7f9bbd3;403.5;2.38;SELL
2016-03-05T00:49:31.263000;2016-03-05T00:49:31.303000;850eb2fb-7156-4085-82ff-165715664557;403.5;2.05942;SELL
2016-03-05T00:49:39.680000;2016-03-05T00:49:39.753000;fe5e7c9f-1af8-4e28-a7da-90133d6f7ea4;403.51;2.5;SELL
2016-03-05T00:50:01.210000;2016-03-05T00:50:01.277000;541c2ce2-044d-4109-b9ab-1b0dafbcd54b;403.5;0.01;SELL
2016-03-05T00:50:01.210000;2016-03-05T00:50:01.277000;09765239-ac6f-419a-a942-9197a871bd42;403.5;0.32;SELL
2016-03-05T00:50:01.210000;2016-03-05T00:50:01.277000;cead805f-00ee-4c34-b854-9f1bad079b58;403.5;0.352;SELL
2016-03-05T00:50:01.210000;2016-03-05T00:50:01.277000;cae50007-2f55-4889-ba29-5af15b64f2b1;403.48;3.0;SELL
2016-03-05T00:50:01.210000;2016-03-05T00:50:01.277000;493a42b3-7c4b-4e5e-bab5-3422a27d53e5;403.47;3.0;SELL
2016-03-05T00:50:01.210000;2016-03-05T00:50:01.277000;e560530e-e466-4ad4-b259-990c764aeea9;403.45;8.114;SELL
2016-03-05T00:50:01.210000;2016-03-05T00:50:01.297000;4770e241-fa60-4542-b552-79fb03c8b008;403.44;0.352;SELL
2016-03-05T00:50:01.213000;2016-03-05T00:50:01.297000;45932390-b025-49d6-bde3-c79135b22451;403.41;0.343;SELL
2016-03-05T00:50:01.213000;2016-03-05T00:50:01.297000;cd75ea15-0903-4055-9c28-76b17ab70932;403.35;0.01;SELL
2016-03-05T00:50:01.213000;2016-03-05T00:50:01.297000;c0b4890b-8013-4833-96b4-0e2247ffa4bf;403.3;8.42;SELL
2016-03-05T00:50:01.213000;2016-03-05T00:50:01.330000;c66f7bd5-540c-4457-9252-1a35dcdd36d7;403.2;0.01962918;SELL
2016-03-05T00:50:01.213000;2016-03-05T00:50:01.330000;50bdb2c4-094c-434e-9e23-7fff87b6a1b2;403.15;9.79119836;SELL
2016-03-05T00:50:01.213000;2016-03-05T00:50:01.330000;f330e918-02a3-4792-abd3-328f98a59a6d;403.15;0.01;SELL
2016-03-05T00:50:01.213000;2016-03-05T00:50:01.330000;462231e4-2d87-4402-b14f-061bff19f425;403.13;9.439;SELL
2016-03-05T00:50:01.213000;2016-03-05T00:50:01.330000;b597e437-023d-4ebc-a9bb-22a08aaa60be;403.12;0.01;SELL
2016-03-05T00:50:01.213000;2016-03-05T00:50:01.330000;fc13e41c-32ba-42bb-a172-b5df0be0a7ca;403.12;0.27;SELL
2016-03-05T00:50:01.213000;2016-03-05T00:50:01.330000;fb9fbe34-3116-4a9b-85c0-22e84825746d;403.01;0.7404;SELL
2016-03-05T00:50:01.213000;2016-03-05T00:50:01.330000;3271742f-b18b-476d-a316-accac0ae7a63;403.0;0.01004;SELL
2016-03-05T00:50:01.213000;2016-03-05T00:50:01.330000;0aa0f7bd-a873-46e3-b0e7-df4cfb479ad3;403.0;0.01;SELL
2016-03-05T00:50:01.213000;2016-03-05T00:50:01.330000;6175da05-16ce-4e8a-872a-892ec743aeac;403.0;0.1;SELL
2016-03-05T00:50:01.213000;2016-03-05T00:50:01.333000;cf91b976-d498-4ea5-be9c-02650b570b57;403.0;0.05;SELL
2016-03-05T00:50:01.213000;2016-03-05T00:50:01.360000;67094bc2-c2cb-42a6-ae59-cabcd195ca60;403.0;0.05;SELL
2016-03-05T00:50:01.213000;2016-03-05T00:50:01.360000;e1213841-39bf-44aa-a4fd-bd0153e8d9b6;403.0;0.20169343;SELL
2016-03-05T00:50:01.213000;2016-03-05T00:50:01.360000;56e403a9-d260-48a1-85bf-8cf015a60e4e;403.0;0.01962918;SELL
2016-03-05T00:50:01.213000;2016-03-05T00:50:01.360000;e917043e-ff5b-487b-b301-fff0cd9d9519;402.98;2.97467985;SELL
2016-03-05T00:50:01.313000;2016-03-05T00:50:01.383000;24d6d6ec-2762-445c-b01a-7ad3661439c4;403.52;0.033075;BUY
2016-03-05T00:50:36.360000;2016-03-05T00:50:36.393000;d325d441-9d16-45c6-8310-6999d5fd5cca;403.49;0.84023844;BUY
2016-03-05T00:50:36.873000;2016-03-05T00:50:36.900000;2aad29d9-cae9-4334-9304-501dd4dbb605;403.48;1.86585;SELL
2016-03-05T00:51:00.897000;2016-03-05T00:51:06.507000;fda78d89-90c4-47dd-acdb-bbcb1cdb4572;403.5;0.01962918;BUY
2016-03-05T00:51:00.897000;2016-03-05T00:51:06.510000;0164ea24-69ab-4b07-85db-609a4b3b14f0;403.5;3.69;BUY
2016-03-05T00:51:00.897000;2016-03-05T00:51:06.510000;4e4157ce-a76e-4100-bde3-b0a13984de35;403.51;0.5;BUY
2016-03-05T00:51:00.897000;2016-03-05T00:51:06.510000;3b5b0076-04dc-4a2a-ac94-a850a99c6f0b;403.52;0.01;BUY
2016-03-05T00:51:00.897000;2016-03-05T00:51:06.510000;d1a0296c-d3ee-4899-817e-6d76222cf2b5;403.55;1.0;BUY
2016-03-05T00:51:00.897000;2016-03-05T00:51:06.510000;07060b97-a8c3-4df9-8b39-2b783205022f;403.57;0.23;BUY
2016-03-05T00:51:00.900000;2016-03-05T00:51:06.510000;9c61bde1-5696-4b56-a29b-47613355c137;403.58;0.01;BUY
2016-03-05T00:51:00.900000;2016-03-05T00:51:06.510000;1b4ec058-16c1-4473-8ce8-b3196af94a00;403.59;0.71895082;BUY
2016-03-05T00:51:01.223000;2016-03-05T00:51:06.513000;a5eae4c0-0fc5-4a10-b436-6b31e6dee2c9;403.6;2.0;BUY
2016-03-05T00:51:01.223000;2016-03-05T00:51:06.563000;d0fa1869-23f8-40ff-9a30-9b474162b56b;403.66;0.23;BUY
2016-03-05T00:51:01.223000;2016-03-05T00:51:06.563000;baf1f49e-4e2f-4cc7-9c4c-1763f1d2593c;403.67;0.23;BUY
2016-03-05T00:51:01.223000;2016-03-05T00:51:06.563000;24f6aa19-bf3f-4e43-82ec-b8fefad2afa3;403.68;0.01;BUY
2016-03-05T00:51:01.223000;2016-03-05T00:51:06.563000;86159998-bdc9-4772-bc2f-805306c19836;403.69;1.94983;BUY
2016-03-05T00:51:32.870000;2016-03-05T00:51:32.937000;ae73132b-9f52-4fe1-890b-0cd0ea1e0739;403.69;0.16236;SELL
2016-03-05T00:51:32.877000;2016-03-05T00:51:32.967000;8422f4f1-6934-4adc-adf2-07bf2d6d068d;403.69;0.68764;SELL
2016-03-05T00:51:34.723000;2016-03-05T00:51:35.103000;1084fdaf-66b0-433c-baa4-b7c66c30007d;403.64;5.53;SELL
2016-03-05T00:51:34.723000;2016-03-05T00:51:35.150000;95569171-2174-4dab-b92e-b34b44d02d8b;403.63;8.39249;SELL
2016-03-05T00:52:01.227000;2016-03-05T00:52:01.300000;724689d1-93aa-45df-bce7-85cc1a065a4c;403.69;3.75322;SELL
2016-03-05T00:52:31.193000;2016-03-05T00:52:31.263000;c030d201-24f8-427f-8cc8-d6efcc7a9e58;403.69;1.65553;BUY
2016-03-05T00:53:01.183000;2016-03-05T00:53:01.417000;30caa45d-3a00-40f4-9e4c-8194fad9a419;403.7;0.01962918;BUY
2016-03-05T00:53:01.183000;2016-03-05T00:53:01.477000;e4506247-5162-47d4-b748-3979a8c7aa83;403.75;0.01;BUY
2016-03-05T00:53:01.183000;2016-03-05T00:53:01.543000;e7935db7-6264-434b-85e1-235f59574c71;403.75;0.01;BUY
2016-03-05T00:53:01.183000;2016-03-05T00:53:01.610000;84762f72-c5f0-4932-bd32-8d48172635e4;403.76;0.01;BUY
2016-03-05T00:53:01.183000;2016-03-05T00:53:01.647000;5a085c45-bec5-4999-ab83-2d4cd1fa4306;403.78;0.01;BUY
2016-03-05T00:53:01.183000;2016-03-05T00:53:01.743000;67bc6a57-4d04-4a7b-81ca-ed86da112b9d;403.78;0.01;BUY
2016-03-05T00:53:01.183000;2016-03-05T00:53:01.793000;3f4e5231-d696-41a4-a416-b72e31a7cf91;403.83;0.01;BUY
2016-03-05T00:53:01.187000;2016-03-05T00:53:01.843000;940ffc22-6cda-4006-97bc-8e11c28c1548;403.84;0.01;BUY
2016-03-05T00:53:01.187000;2016-03-05T00:53:01.873000;9f25c226-5000-46a3-9ac8-32a2f2136ab1;403.84;0.01;BUY
2016-03-05T00:53:01.187000;2016-03-05T00:53:01.903000;43d5b30d-b81e-42cc-97b7-80cb99951450;403.89;0.03278082;BUY
2016-03-05T00:53:04.903000;2016-03-05T00:53:05.010000;91e683f5-20c8-4fc3-a9d4-bf64d1e661c9;403.9;0.01962918;BUY
2016-03-05T00:53:04.903000;2016-03-05T00:53:05.010000;9538dedd-abef-44dd-b708-2750422e7da4;403.99;0.01;BUY
2016-03-05T00:53:04.903000;2016-03-05T00:53:05.010000;b3cc6f96-22e9-410c-ae4f-f8da6e4983fb;404.0;0.01;BUY
2016-03-05T00:53:04.903000;2016-03-05T00:53:05.010000;d6c0064b-79e6-4e8f-bb34-2e36d893ef6a;404.09;0.084;BUY
2016-03-05T00:53:04.903000;2016-03-05T00:53:05.010000;dbfdc78c-6ab5-4de1-a689-fd6000a0cc8b;404.1;0.01962918;BUY
2016-03-05T00:53:04.907000;2016-03-05T00:53:05.010000;3df8955e-f2f5-442e-9e73-75df85138257;404.12;0.20674164;BUY
2016-03-05T00:53:31.160000;2016-03-05T00:53:31.230000;5b4dbe28-a879-4ecd-a5b0-1cc7d23b76b1;404.12;0.36526;BUY
2016-03-05T00:53:42.127000;2016-03-05T00:53:42.707000;28224d63-9f99-4ab1-8fa6-7a267d96061d;404.12;0.4569;BUY
2016-03-05T00:53:42.137000;2016-03-05T00:53:42.737000;e4518009-96b1-44ae-b015-044272d89b58;404.12;0.18309836;BUY
2016-03-05T00:53:42.137000;2016-03-05T00:53:42.773000;ddd95810-ba44-4b69-a67e-6c4a1cda6d46;404.15;0.01;BUY
2016-03-05T00:53:42.137000;2016-03-05T00:53:42.800000;2a570dee-5c83-46c9-9781-b192f95df3d9;404.16;0.01;BUY
2016-03-05T00:53:42.137000;2016-03-05T00:53:42.800000;5f6910d3-d7d3-4f65-b61e-9d55e867890a;404.17;0.01;BUY
2016-03-05T00:53:42.137000;2016-03-05T00:53:42.800000;859706ae-968d-4aae-b96a-bf4efe483080;404.26;0.151;BUY
2016-03-05T00:53:42.137000;2016-03-05T00:53:42.800000;6eb890e1-c457-424e-b9ac-afb4d93e147d;404.27;0.31900164;BUY
2016-03-05T00:53:42.140000;2016-03-05T00:53:42.823000;4aec71b5-102b-4360-b99b-ed3ee85564b9;404.27;0.69;BUY
2016-03-05T00:53:49.293000;2016-03-05T00:53:49.737000;3f29254c-fea9-42d8-b217-b80e55b562b4;404.27;2.467e-05;BUY
2016-03-05T00:54:01.213000;2016-03-05T00:54:02.080000;f04574b4-7c29-4abe-87c8-cf5f31ac9549;404.27;0.99097369;BUY
2016-03-05T00:54:01.213000;2016-03-05T00:54:02.107000;dee70fc8-28e3-4e84-94ca-b450e8c5da83;404.33;0.248;BUY
2016-03-05T00:54:01.213000;2016-03-05T00:54:02.140000;ba25d264-67ee-4d6f-b927-54153397fc14;404.34;0.01;BUY
2016-03-05T00:54:01.213000;2016-03-05T00:54:02.183000;964590dd-607f-4932-922e-76879b4af042;404.43;0.02;BUY
2016-03-05T00:54:01.213000;2016-03-05T00:54:02.220000;8c2efd31-bd89-43ac-883c-b1b4a99530b6;404.47;0.01;BUY
2016-03-05T00:54:01.213000;2016-03-05T00:54:02.290000;3ca8d1d2-1915-4cc4-96c8-e5ca11d6dc03;404.49;0.01;BUY
2016-03-05T00:54:01.213000;2016-03-05T00:54:02.290000;6a23c3f8-222d-40ac-8cfd-d4a75ff5844f;404.5;0.01;BUY
2016-03-05T00:54:01.213000;2016-03-05T00:54:02.327000;365d9f7e-496b-4e32-a85b-d29d927c2fa3;404.5;0.01359631;BUY
2016-03-05T00:54:01.257000;2016-03-05T00:54:02.463000;4dfbad8e-6817-42a4-b131-18c5f6070ff9;404.5;1.97e-06;BUY
2016-03-05T00:54:09.680000;2016-03-05T00:54:10.367000;92fe8eb0-f07e-43a3-a49b-914ca77c3065;404.5;0.00601074;BUY
2016-03-05T00:54:09.680000;2016-03-05T00:54:10.367000;f100c476-cea4-46f3-909d-1b804c6b8f8a;404.51;0.01;BUY
2016-03-05T00:54:09.680000;2016-03-05T00:54:10.367000;c3e557dc-520f-4324-988d-72b81f37ee1f;404.51;0.078;BUY
2016-03-05T00:54:09.683000;2016-03-05T00:54:10.367000;852283d6-a582-46a6-8d8d-d6346c491f94;404.53;0.01;BUY
2016-03-05T00:54:09.683000;2016-03-05T00:54:10.367000;dcbb6504-0171-49e3-98c0-e044e42b5c90;404.7;0.01960902;BUY
2016-03-05T00:54:18.867000;2016-03-05T00:54:18.930000;75c5fff8-5796-4570-9ed9-01a964f866f7;404.75;0.01;BUY
2016-03-05T00:54:18.867000;2016-03-05T00:54:18.953000;84e8df7e-d2e8-4e64-acf2-21c0002652bf;404.75;0.322;BUY
2016-03-05T00:54:18.867000;2016-03-05T00:54:18.953000;0a72e2e8-405b-4bc0-9b10-2edd59f88f37;404.8;0.347;BUY
2016-03-05T00:54:18.867000;2016-03-05T00:54:18.953000;c8319a83-c88f-4bbb-ab87-d1f6e64c10df;404.89;1.3824;BUY
2016-03-05T00:54:18.867000;2016-03-05T00:54:19.017000;341ff5fd-b716-425d-b73c-5182a0b3fe86;404.93;0.02;BUY
2016-03-05T00:54:18.867000;2016-03-05T00:54:19.040000;15ac4cba-f120-4ae3-9efa-cbdec987e767;404.98;0.01;BUY
2016-03-05T00:54:18.867000;2016-03-05T00:54:19.040000;00d5f21c-4212-4b7a-81c6-fc62b8fb3bd2;404.98;0.2;BUY
2016-03-05T00:54:18.870000;2016-03-05T00:54:19.040000;4956a792-0ccf-4df6-b645-cd59b9c03996;405.02;0.546;BUY
2016-03-05T00:54:18.957000;2016-03-05T00:54:19.060000;28535b01-6e0b-47d2-8f7a-1a1874c36cf7;405.02;0.2;SELL
2016-03-05T00:54:31.243000;2016-03-05T00:54:31.327000;a82939a8-cef5-43f4-89c9-f99f7eae34c9;405.04;3.07532;SELL
2016-03-05T00:55:03.107000;2016-03-05T00:55:03.243000;c12861af-56d1-4b7a-9a4d-13ffea954b4e;405.04;0.18855;SELL
2016-03-05T00:55:36.557000;2016-03-05T00:55:36.667000;3477bcea-3fe7-4143-8fda-332b678edea6;405.02;2.82598;SELL
2016-03-05T00:56:07.353000;2016-03-05T00:56:07.423000;d6e629a3-9b3f-4515-beda-64eff1ec6ac0;405.02;2.63662;SELL
2016-03-05T00:56:07.353000;2016-03-05T00:56:07.447000;b7f4b715-98a3-44a5-89ef-86410c2a528b;404.9;0.01;SELL
2016-03-05T00:56:07.353000;2016-03-05T00:56:07.447000;189af3c9-c527-422c-964f-45c0a031de71;404.78;0.2;SELL
2016-03-05T00:56:07.353000;2016-03-05T00:56:07.463000;dee0ce89-fdec-4317-814a-5531c1e18fe1;404.73;0.31;SELL
2016-03-05T00:56:07.353000;2016-03-05T00:56:07.463000;e9d86464-928d-481c-a9c1-0e022fe09ba9;404.7;0.01;SELL
2016-03-05T00:56:07.353000;2016-03-05T00:56:07.507000;003e6c01-25f6-4b68-96bf-54a2f52037e2;404.63;0.395;SELL
2016-03-05T00:56:07.353000;2016-03-05T00:56:07.507000;25fb0721-a114-466a-8a26-b4cf24458caf;404.6;0.01964461;SELL
2016-03-05T00:56:07.353000;2016-03-05T00:56:07.507000;78cb7d84-2391-4b48-b21f-77d2b57af82e;404.57;0.378;SELL
2016-03-05T00:56:07.353000;2016-03-05T00:56:07.507000;32cfd777-a316-4c52-8bca-f482aa9ec711;404.55;2.99;SELL
2016-03-05T00:56:07.353000;2016-03-05T00:56:07.507000;e5553ff2-52fe-425b-8386-1f63ec320414;404.52;1.38;SELL
2016-03-05T00:56:07.353000;2016-03-05T00:56:07.543000;fa1a9fcd-707f-45dc-993a-a5e60fe5db56;404.51;0.01;SELL
2016-03-05T00:56:07.357000;2016-03-05T00:56:07.543000;2293ed50-7e01-4c66-a5b0-4ad68ae109fe;404.46;0.8;SELL
2016-03-05T00:56:07.357000;2016-03-05T00:56:07.543000;710da1dc-ff72-4d98-b1b9-8c806097d71c;404.45;3.58;SELL
2016-03-05T00:56:07.357000;2016-03-05T00:56:07.543000;f8aa5eea-e2c4-4547-96fc-983067ef3116;404.41;2.07;SELL
2016-03-05T00:56:07.357000;2016-03-05T00:56:07.543000;3e60b63c-1d32-405b-9a43-959e7cdadd6c;404.4;0.01964461;SELL
2016-03-05T00:56:07.357000;2016-03-05T00:56:07.543000;6d2fd4f2-4ca9-4ca8-98a3-d1e6154297ac;404.38;1.84;SELL
2016-03-05T00:56:07.357000;2016-03-05T00:56:07.543000;1e929cbb-9a9e-4d07-a78f-fe92bc8e7d68;404.37;0.33;SELL
2016-03-05T00:56:07.357000;2016-03-05T00:56:07.543000;eb0419ca-e5ed-4f03-aa17-0a46bc75306c;404.32;2.99;SELL
2016-03-05T00:56:07.357000;2016-03-05T00:56:07.543000;41bee01a-5dd8-45f5-b37e-62ae0214a64b;404.31;0.01;SELL
2016-03-05T00:56:07.357000;2016-03-05T00:56:07.543000;a1040f61-9c56-43c6-a528-5b9436611eb4;404.31;1.15;SELL
2016-03-05T00:56:07.357000;2016-03-05T00:56:07.543000;fde3f749-05ce-4766-98a1-5e07195ff259;404.3;4.06425078;SELL
2016-03-05T00:56:31.253000;2016-03-05T00:56:31.317000;f4eacc6f-c66d-47a4-9a4a-58ee957cc87b;404.56;1.36397;BUY
2016-03-05T00:56:49.670000;2016-03-05T00:56:49.737000;bad72d0b-2d15-4b09-a239-dfe68b6a79d8;404.56;0.27;BUY
2016-03-05T00:57:03.410000;2016-03-05T00:57:03.537000;dc668bfb-6ccf-4854-a24c-0a1c042ba114;404.55;0.01;SELL
2016-03-05T00:57:03.410000;2016-03-05T00:57:03.553000;1cf7bc3a-e2f1-4952-8317-afc51b69fafb;404.55;0.17501;SELL
2016-03-05T00:57:07.407000;2016-03-05T00:57:07.793000;f71016ba-5ba9-4e0e-90c1-2cd495efcc35;404.56;0.02;BUY
2016-03-05T00:57:31.593000;2016-03-05T00:57:32.243000;67546710-6466-4526-9543-bce3a0a44e9f;404.72;0.07409;BUY
2016-03-05T00:57:48.067000;2016-03-05T00:57:48.837000;2eee9883-64fd-48ff-b025-8bb623fa03be;404.66;0.01;SELL
2016-03-05T00:57:48.067000;2016-03-05T00:57:48.903000;318805e0-8477-4f65-9d9f-120026d83e01;404.66;0.287;SELL
2016-03-05T00:57:48.067000;2016-03-05T00:57:48.930000;a752dd74-1ffb-4f34-9dfb-c80d7bcfc42f;404.65;1.703;SELL
2016-03-05T00:58:05.477000;2016-03-05T00:58:06.147000;15b99605-4de4-4077-97fc-3402ff6d9627;404.67;0.01;SELL
2016-03-05T00:58:05.650000;2016-03-05T00:58:06.667000;fe3fd920-787d-48b2-bb1c-b42ae74fa999;404.67;0.01;SELL
2016-03-05T00:58:05.790000;2016-03-05T00:58:06.827000;213863ed-c7d9-4f7e-b838-7facdf709520;404.67;0.01;SELL
2016-03-05T00:58:12.713000;2016-03-05T00:58:13.653000;fdc1e000-4d17-4bd4-bb4b-3092c1adb619;404.73;0.01;BUY
2016-03-05T00:58:12.713000;2016-03-05T00:58:13.730000;698825bb-db2c-4047-aa7c-bc8254276415;404.8;0.01;BUY
2016-03-05T00:58:12.713000;2016-03-05T00:58:13.783000;5bea7fba-b379-4058-9a3a-5ef412b2d8b3;404.84;0.01;BUY
2016-03-05T00:58:12.713000;2016-03-05T00:58:13.837000;858372a1-4d4c-4852-b3e9-9611b4d95a3b;404.97;0.46;BUY
2016-03-05T00:58:12.713000;2016-03-05T00:58:13.900000;5eedd578-d1cf-4eb3-b46d-5455931a2020;404.98;0.01;BUY
2016-03-05T00:58:12.713000;2016-03-05T00:58:13.970000;249a5f32-a048-4a17-ad72-56cec1a48c30;404.98;0.23;BUY
2016-03-05T00:58:12.713000;2016-03-05T00:58:14.043000;3a402a74-5aed-48a0-a3b2-92ae88515d4c;404.98;0.36;BUY
2016-03-05T00:58:12.713000;2016-03-05T00:58:14.113000;67be3ad8-3b1c-44f8-8887-5c0c0818cc59;404.99;0.01;BUY
2016-03-05T00:58:12.713000;2016-03-05T00:58:14.137000;b32133af-f263-4063-b675-a022fc695251;404.99;0.01964461;BUY
2016-03-05T00:58:12.713000;2016-03-05T00:58:14.193000;2e92626d-8b10-485c-b1c8-0784997554bb;404.99;0.23;BUY
2016-03-05T00:58:12.717000;2016-03-05T00:58:14.233000;23643a62-4e33-494f-8261-0d01a2a0388a;405.0;0.00547539;BUY
2016-03-05T00:58:31.203000;2016-03-05T00:58:32.400000;85b0c808-13ec-4d83-b17d-7c291d05c499;404.99;2.54;BUY
2016-03-05T00:58:31.203000;2016-03-05T00:58:32.440000;4a0f9002-b7d2-4f79-b9ab-a58202b3b70c;405.0;0.00452461;BUY
2016-03-05T00:58:31.203000;2016-03-05T00:58:32.520000;e58854e2-4e9c-4746-95c7-577fa2c72f80;405.0;0.01;BUY
2016-03-05T00:58:31.207000;2016-03-05T00:58:32.567000;7edf6566-03d3-4442-97e9-cec2bf8005d0;405.1;0.01964461;BUY
2016-03-05T00:58:31.207000;2016-03-05T00:58:32.617000;a80c18ad-c1f7-4871-82a6-cb074cdf2996;405.12;0.01;BUY
2016-03-05T00:58:31.207000;2016-03-05T00:58:32.683000;9313f224-7e51-417a-a792-957cfa274be4;405.13;0.01;BUY
2016-03-05T00:58:31.207000;2016-03-05T00:58:32.737000;3035c3f7-87e4-48cf-b22f-c005a24509ce;405.14;0.636;BUY
2016-03-05T00:58:31.207000;2016-03-05T00:58:32.793000;aa1252c3-99df-422a-8a4d-dd6db093cc4b;405.15;0.04;BUY
2016-03-05T00:58:31.207000;2016-03-05T00:58:32.793000;eaf96fc4-7687-49e3-9478-d13a112b77d4;405.18;0.92;BUY
2016-03-05T00:58:31.207000;2016-03-05T00:58:32.813000;840450d8-37ae-4681-a091-86eddf7717ed;405.18;0.78;BUY
2016-03-05T00:58:31.207000;2016-03-05T00:58:32.847000;eb44f5d0-de53-4484-9896-d575b8d2b1c5;405.19;0.639;BUY
2016-03-05T00:58:31.207000;2016-03-05T00:58:32.870000;03ca5b9f-a974-4802-a9a5-b1336a41320b;405.2;0.2;BUY
2016-03-05T00:58:31.207000;2016-03-05T00:58:32.930000;3cbc2874-d293-4101-ab2e-377754876b8e;405.22;1.84;BUY
2016-03-05T00:58:31.207000;2016-03-05T00:58:32.963000;c8798ef4-589a-45c1-9fd7-81c4e8acc088;405.23;0.36617078;BUY
2016-03-05T00:59:01.303000;2016-03-05T00:59:01.713000;e3f0f3b6-8acc-465a-a954-75fb5fa4d6d5;405.23;0.13382922;BUY
2016-03-05T00:59:01.303000;2016-03-05T00:59:01.713000;deab05b8-09fb-45e7-928f-67173041a84e;405.25;0.01;BUY
2016-03-05T00:59:01.303000;2016-03-05T00:59:01.713000;205c526e-1864-41f7-bf89-4de438a6f067;405.26;0.01;BUY
2016-03-05T00:59:01.303000;2016-03-05T00:59:01.713000;36d87265-2dca-4956-8e96-5fdb5c7eb803;405.3;0.01959569;BUY
2016-03-05T00:59:01.303000;2016-03-05T00:59:01.713000;29aa659d-8981-4547-85c4-9ba3640ea941;405.37;0.073;BUY
2016-03-05T00:59:01.303000;2016-03-05T00:59:01.713000;12390fd3-1df6-4244-80ed-d32678a564d2;405.39;0.01;BUY
2016-03-05T00:59:01.303000;2016-03-05T00:59:01.713000;8c3f6927-bf93-4e61-828a-8c190dfd5a6d;405.42;0.01;BUY
2016-03-05T00:59:01.303000;2016-03-05T00:59:01.713000;4ad484ae-b2eb-428c-98c0-4a56e9d96bb4;405.47;0.47462509;BUY
2016-03-05T00:59:17.510000;2016-03-05T00:59:17.583000;da2d3fb8-5939-4735-b7e3-f00daf03a5b5;405.5;0.01959569;BUY
2016-03-05T00:59:17.510000;2016-03-05T00:59:17.583000;6e097729-9d1b-41b5-a8a8-278e7b0fb486;405.5;0.20169343;BUY
2016-03-05T00:59:31.377000;2016-03-05T00:59:31.490000;a6a1b7cb-5395-4b80-b383-08ea1cf3ae42;405.53;1.3728;BUY
2016-03-05T00:59:31.377000;2016-03-05T00:59:31.490000;4bca1961-b56a-4264-8d7c-444b5d5c19f7;405.57;0.01;BUY
2016-03-05T00:59:31.377000;2016-03-05T00:59:31.490000;17375358-1fb4-4803-aaa7-fe33938ea27f;405.67;0.638;BUY
2016-03-05T00:59:31.377000;2016-03-05T00:59:31.490000;1cc973d8-eae1-4485-91ec-3aca90a9d329;405.69;0.01;BUY
2016-03-05T00:59:31.380000;2016-03-05T00:59:31.490000;0a79c1f0-3d8f-4531-ae41-f504e32964f5;405.7;0.01958984;BUY
2016-03-05T00:59:31.380000;2016-03-05T00:59:31.490000;8fce5a2e-fccb-4cfb-b6de-10ec8f403451;405.72;0.652;BUY
2016-03-05T00:59:31.380000;2016-03-05T00:59:31.490000;890cf622-5c67-481d-a3a5-adf0f0d5dc7a;405.76;0.2;BUY
2016-03-05T00:59:31.380000;2016-03-05T00:59:31.490000;e8bd1490-caa3-48d0-bf2e-4a7514f69e17;405.77;0.15724016;BUY
2016-03-05T01:00:01.727000;2016-03-05T01:00:02.023000;5d536bd4-58f0-499c-a0dd-41fe06c3fe80;405.79;0.01;BUY
2016-03-05T01:00:01.727000;2016-03-05T01:00:02.080000;c055dbc7-732d-4e1a-831e-261bab0c5aee;405.88;0.01;BUY
2016-03-05T01:00:01.727000;2016-03-05T01:00:02.103000;bb09a6d8-7beb-473e-ac6a-d0f179ed9363;405.9;0.01;BUY
2016-03-05T01:00:01.727000;2016-03-05T01:00:02.153000;5a82b693-3fc2-40b4-84f5-ae0839c7c9b2;405.9;0.01719;BUY
2016-03-05T01:00:01.727000;2016-03-05T01:00:02.193000;146cc071-5992-49ae-a685-872e17e537fb;405.93;0.02;BUY
2016-03-05T01:00:01.727000;2016-03-05T01:00:02.217000;ec7da7d5-79c7-4522-b89e-089b0ce8bf30;406.0;0.01;BUY
2016-03-05T01:00:01.727000;2016-03-05T01:00:02.217000;07b5ad38-cace-4332-82d0-53facfa2365a;406.01;0.01;BUY
2016-03-05T01:00:01.727000;2016-03-05T01:00:02.217000;6e6e1352-cb23-4d3e-a080-6c15b18a13df;406.1;0.01958761;BUY
2016-03-05T01:00:01.727000;2016-03-05T01:00:02.217000;ee6f3029-e323-4e63-b34d-25547e20bde9;406.13;0.37454428;BUY
2016-03-05T01:00:01.727000;2016-03-05T01:00:02.217000;5bc7bc5c-58c0-4c57-9d4e-6ee3659969bc;406.15;0.01;BUY
2016-03-05T01:00:01.727000;2016-03-05T01:00:02.217000;2397360a-066c-4f22-8d36-2a22250c3dca;406.18;0.01;BUY
2016-03-05T01:00:01.730000;2016-03-05T01:00:02.217000;09158ebd-df33-46a0-9820-f97a783da0f7;406.18;0.04;BUY
2016-03-05T01:00:01.730000;2016-03-05T01:00:02.217000;dbf227ca-3f79-4e6c-b679-2dfde46227ce;406.19;0.01;BUY
2016-03-05T01:00:01.730000;2016-03-05T01:00:02.220000;d207a913-4226-4d73-89d5-583a9918f2b8;406.2;0.01;BUY
2016-03-05T01:00:01.730000;2016-03-05T01:00:02.220000;aa5d61c8-22e5-4b98-b60a-dc21b1626db0;406.21;0.23;BUY
2016-03-05T01:00:01.730000;2016-03-05T01:00:02.220000;bce72e48-5699-4f22-9e44-d5cece9036c6;406.22;0.02549811;BUY
2016-03-05T01:00:07.553000;2016-03-05T01:00:07.780000;de009896-23de-4d14-a209-7819cdf70a31;406.02;5.52;SELL
2016-03-05T01:00:07.553000;2016-03-05T01:00:07.803000;707c49a4-d0d4-413f-adbb-1561a6c417b5;406.01;2.48;SELL
2016-03-05T01:00:13.017000;2016-03-05T01:00:13.060000;4073364e-a763-4411-a29d-0f1ef938c2ad;406.21;0.2;BUY
2016-03-05T01:00:23.157000;2016-03-05T01:00:23.213000;bffa1390-ab34-412e-84e4-4f93450d1dc8;406.21;0.529;BUY
2016-03-05T01:00:23.157000;2016-03-05T01:00:23.230000;c4a3512d-4bae-4c0b-b8b3-ea4cfb8b7f36;406.22;0.471;BUY
2016-03-05T01:00:34.573000;2016-03-05T01:00:34.673000;7bfb59e4-9263-4c65-9442-b9ea8f512ee0;406.22;1.36567;BUY
2016-03-05T01:00:58.293000;2016-03-05T01:00:58.343000;3a572a07-4994-46a2-b060-eb1559561545;406.21;0.04;SELL
2016-03-05T01:00:58.293000;2016-03-05T01:00:58.347000;afafa3f8-8b4c-4ecb-8b7b-1ac25e5273b6;406.21;1.96;SELL
2016-03-05T01:01:01.353000;2016-03-05T01:01:01.400000;08285e2a-56a8-493d-b9bb-f3c6e06d9a2f;406.22;0.03656;BUY
2016-03-05T01:01:09.560000;2016-03-05T01:01:09.603000;aaf63934-a6db-4a70-86b4-7f84affde046;406.22;0.06;BUY
2016-03-05T01:01:23.050000;2016-03-05T01:01:23.097000;441c34b9-8fdd-4f69-9753-6a36e5e4feb1;406.22;0.04127189;BUY
2016-03-05T01:01:23.053000;2016-03-05T01:01:23.123000;cfffc162-31a8-491c-92ba-8610a4ffdc2f;406.22;0.95872811;BUY
2016-03-05T01:01:31.383000;2016-03-05T01:01:31.443000;b546243c-8a64-4e8e-8b8f-881ed2912e78;406.22;0.40922;BUY
2016-03-05T01:02:01.757000;2016-03-05T01:02:01.807000;7df0ee36-36ca-4da4-ac6a-bd4b8345442c;406.2;0.2;SELL
2016-03-05T01:02:01.757000;2016-03-05T01:02:01.827000;53c971fb-374b-477c-a145-77d70c8c47d7;406.12;0.01;SELL
2016-03-05T01:02:01.757000;2016-03-05T01:02:01.893000;7de9e4b8-7640-4e18-ac08-ddac0aec994a;406.11;0.01;SELL
2016-03-05T01:02:01.757000;2016-03-05T01:02:01.927000;09e828b6-6c37-4c17-9219-bbb3d1bd86c5;406.1;0.01;SELL
2016-03-05T01:02:01.760000;2016-03-05T01:02:01.943000;4d6067ab-efdf-4deb-aa0f-fa87620369ca;406.03;0.119;SELL
2016-03-05T01:02:01.760000;2016-03-05T01:02:01.943000;9f4c593a-42bd-4220-97c8-9ab40d1a5a31;405.98;0.075;SELL
2016-03-05T01:02:01.760000;2016-03-05T01:02:01.943000;a0146fb5-b1c3-435d-8980-1c6d0edb8e5c;405.92;0.01;SELL
2016-03-05T01:02:01.760000;2016-03-05T01:02:01.943000;de4c48bf-5ab7-4fe5-b191-a1d756a32032;405.92;0.2;SELL
2016-03-05T01:02:01.760000;2016-03-05T01:02:01.943000;36150434-c578-432e-a1f4-48b8c052687b;405.87;0.41;SELL
2016-03-05T01:02:01.760000;2016-03-05T01:02:01.970000;ea0c8226-4f40-4001-85b5-c367ce5ca95b;405.79;0.04;SELL
2016-03-05T01:02:01.760000;2016-03-05T01:02:01.970000;a7cce25f-6c0a-4f02-a98b-8200d3b19131;405.76;0.01;SELL
2016-03-05T01:02:01.760000;2016-03-05T01:02:02.010000;ba6d33e7-22a8-454d-94fa-bfaf6f73922c;405.71;0.58413;SELL
2016-03-05T01:02:20.260000;2016-03-05T01:02:20.320000;4285e56d-832e-441e-b5c9-47fe9922e1db;405.73;0.01;SELL
2016-03-05T01:02:20.260000;2016-03-05T01:02:20.343000;c624d3eb-0577-427f-a8f8-63f278c4ab91;405.73;0.103;SELL
2016-03-05T01:02:20.260000;2016-03-05T01:02:20.343000;574efb9d-208f-4c8b-8baf-5561cd4f35c2;405.72;0.01;SELL
2016-03-05T01:02:20.260000;2016-03-05T01:02:20.363000;9a4cb4fe-584f-4439-b282-11d7c256aed0;405.7;0.877;SELL
2016-03-05T01:02:21.450000;2016-03-05T01:02:21.727000;e57aa3fe-3875-4175-a0b0-337507dfbf8f;405.72;0.68;BUY
2016-03-05T01:02:31.310000;2016-03-05T01:02:31.350000;b1ae0059-cbc3-435f-8002-1f1ea8df9803;405.72;0.01981;BUY
2016-03-05T01:03:01.267000;2016-03-05T01:03:01.310000;cc5aa6f2-e448-4499-a341-c4278268e8dc;405.7;0.0398;SELL
2016-03-05T01:03:01.267000;2016-03-05T01:03:01.327000;9cfe519c-d151-407c-bf12-ec98232416f9;405.6;0.01962069;SELL
2016-03-05T01:03:01.267000;2016-03-05T01:03:01.327000;e8d71413-4c65-43ec-bfd5-69958cece897;405.6;0.104;SELL
2016-03-05T01:03:01.267000;2016-03-05T01:03:01.327000;50f3af38-5c93-49e8-b850-701a6ee4af26;405.55;0.075;SELL
2016-03-05T01:03:01.270000;2016-03-05T01:03:01.343000;fa7b30f8-7641-4473-ace1-6970b13c30a0;405.54;7.32003;SELL
2016-03-05T01:03:01.270000;2016-03-05T01:03:01.407000;6ad55f03-bc95-48be-82bf-3de7f434d4ed;405.51;0.8;SELL
2016-03-05T01:03:01.270000;2016-03-05T01:03:01.407000;a7232d36-6b21-4c6b-9d66-fcfd61254ea5;405.5;7.691;SELL
2016-03-05T01:03:01.270000;2016-03-05T01:03:01.407000;25e7ac00-0c25-4c60-9bf2-d34f801910da;405.5;0.01;SELL
2016-03-05T01:03:01.270000;2016-03-05T01:03:01.407000;adb582c4-a45f-4169-bdfe-7bce836642bb;405.42;0.2;SELL
2016-03-05T01:03:01.270000;2016-03-05T01:03:01.407000;fed948e4-f6cf-419a-8c17-ca545bd3d47c;405.4;0.01962069;SELL
2016-03-05T01:03:01.270000;2016-03-05T01:03:01.410000;62a5dde7-0f3d-4f5f-9c58-8743d7e2f0cd;405.36;0.01;SELL
2016-03-05T01:03:01.270000;2016-03-05T01:03:01.410000;d6c58b1a-f13c-4e7a-8d81-859f5d469fd3;405.33;4.96445862;SELL
2016-03-05T01:03:01.837000;2016-03-05T01:03:01.890000;0f1caadc-fded-4092-8c96-c943ea1d1100;405.69;0.2;BUY
2016-03-05T01:03:15.343000;2016-03-05T01:03:15.470000;7f629276-0047-4a1e-b089-1bb056933bed;405.44;0.04;BUY
2016-03-05T01:03:21.430000;2016-03-05T01:03:21.703000;2b8954f6-4446-4f53-8af8-1e77454a951b;405.36;0.8;BUY
2016-03-05T01:03:32.770000;2016-03-05T01:03:33.553000;d382a624-9d37-4060-a272-6a70cd1d7252;405.55;0.32108;BUY
2016-03-05T01:04:04.520000;2016-03-05T01:04:04.567000;388d3b3d-4d01-4bd0-a54b-34bb895bf4f7;405.36;0.02959;BUY
2016-03-05T01:04:31.387000;2016-03-05T01:04:31.533000;856940d7-ae24-4269-bc6a-f2e76496395a;405.55;2.79;BUY
2016-03-05T01:04:31.387000;2016-03-05T01:04:31.577000;cef73357-1c01-42b5-9575-c502c807371d;405.56;0.04249;BUY
2016-03-05T01:05:01.570000;2016-03-05T01:05:01.603000;c8128ff3-b85a-4a54-926f-ed0bb8ab16f6;405.45;0.67064;BUY
2016-03-05T01:05:31.420000;2016-03-05T01:05:31.497000;970fec74-f645-431d-8529-ed2f1727bf64;405.48;0.14684;BUY
2016-03-05T01:05:54.903000;2016-03-05T01:05:54.933000;fc371fdd-5980-408f-b9d3-8ea079d4e4f0;405.35;0.092;BUY
2016-03-05T01:06:01.313000;2016-03-05T01:06:01.377000;caf62422-c2e6-4611-ac48-a1ea217594c5;405.34;0.31;BUY
2016-03-05T01:06:01.313000;2016-03-05T01:06:01.397000;5c48482f-dd20-4072-a244-1ceac03bb486;405.34;0.8;BUY
2016-03-05T01:06:01.313000;2016-03-05T01:06:01.420000;ed24eb44-0983-4133-810a-9619315e296d;405.42;3.29529;BUY
2016-03-05T01:06:31.353000;2016-03-05T01:06:31.503000;07c2e39b-e0a3-418c-af21-096456164b27;405.49;0.26101;BUY
2016-03-05T01:07:01.333000;2016-03-05T01:07:01.643000;8bf047ae-2066-4101-b843-223b5120819a;405.26;0.01;SELL
2016-03-05T01:07:01.333000;2016-03-05T01:07:01.643000;84f3a8f3-f3c4-4de8-9aa7-e4f407712529;405.25;0.0115;SELL
2016-03-05T01:07:01.333000;2016-03-05T01:07:01.643000;de360f8a-ae66-403c-acb9-579e630724af;405.23;0.01;SELL
2016-03-05T01:07:01.333000;2016-03-05T01:07:01.643000;9d715904-d840-489c-971e-997a6df91e77;405.2;0.01959664;SELL
2016-03-05T01:07:01.333000;2016-03-05T01:07:01.643000;bdc97a90-f06a-4210-99c8-3c464f50047c;405.15;0.27545336;SELL
2016-03-05T01:07:30.630000;2016-03-05T01:07:30.837000;5bb2c383-2ad5-4f0c-b27f-b2f23b723d5f;405.47;1.794;BUY
2016-03-05T01:07:30.633000;2016-03-05T01:07:30.890000;8111237c-7a4f-45b8-a769-729af47bc224;405.47;0.656;BUY
2016-03-05T01:08:01.390000;2016-03-05T01:08:01.480000;0590cfe2-7bc3-4629-a6cb-46a1f9a579cf;405.44;13.57;BUY
2016-03-05T01:08:01.390000;2016-03-05T01:08:01.517000;e7f5eabd-40b6-4ee4-b6e0-ebbc337797f3;405.45;0.568;BUY
2016-03-05T01:08:01.390000;2016-03-05T01:08:01.517000;b72594ec-70d4-44f5-a1a2-1a4bb5eb1d6d;405.48;3.68;BUY
2016-03-05T01:08:01.390000;2016-03-05T01:08:01.517000;f39a4e5f-93cd-4fe7-8720-6008704eb9f9;405.49;0.5785;BUY
2016-03-05T01:08:01.390000;2016-03-05T01:08:01.517000;163dfd94-0543-47d2-bd3b-82fceb19b054;405.49;1.61;BUY
2016-03-05T01:08:01.390000;2016-03-05T01:08:01.543000;0aef5b78-336e-406e-9d8c-2ca17b6d73e1;405.5;0.01;BUY
2016-03-05T01:08:01.390000;2016-03-05T01:08:01.547000;a8a6b3ff-667f-4deb-a02c-1b48807310ef;405.5;0.92;BUY
2016-03-05T01:08:01.393000;2016-03-05T01:08:01.547000;f7800abc-be3a-412f-8de8-f8044d37e016;405.51;0.01;BUY
2016-03-05T01:08:01.393000;2016-03-05T01:08:01.547000;b0a31edf-4664-46a1-aa2e-102a78f2155c;405.52;2.07;BUY
2016-03-05T01:08:01.393000;2016-03-05T01:08:01.547000;854f662f-a0ca-4507-87f9-e13e283794fa;405.56;0.01;BUY
2016-03-05T01:08:01.393000;2016-03-05T01:08:01.573000;a50f539e-3c3a-4e62-afff-09ae800c2189;405.58;3.45;BUY
2016-03-05T01:08:01.393000;2016-03-05T01:08:01.573000;65faca8e-8f76-4052-a5f3-725274a6ddfa;405.63;0.04;BUY
2016-03-05T01:08:01.393000;2016-03-05T01:08:01.573000;2a6ad5b5-79b0-45d3-872a-efcb851f7c8d;405.64;1.65893;BUY
2016-03-05T01:08:42.530000;2016-03-05T01:08:42.643000;231198f4-73c2-4009-b5d1-287d36749c17;405.69;0.56149;BUY
2016-03-05T01:09:01.433000;2016-03-05T01:09:01.853000;8a03f087-9cc2-4f9e-bd34-e3dece81823f;405.69;0.5;BUY
2016-03-05T01:09:01.433000;2016-03-05T01:09:01.853000;18df74c5-b8c5-4ad4-8781-e96bf2067caf;405.7;0.01;BUY
2016-03-05T01:09:01.433000;2016-03-05T01:09:01.860000;947094a0-6df4-4cb7-81f6-5a162cd7fd33;405.7;0.01959664;BUY
2016-03-05T01:09:01.437000;2016-03-05T01:09:01.860000;96c721e8-9c55-4ce0-a0ed-bcefa3197340;405.73;0.01;BUY
2016-03-05T01:09:01.437000;2016-03-05T01:09:01.860000;a86af16a-58e9-4671-99f6-e9b87646028c;405.85;0.12;BUY
2016-03-05T01:09:01.437000;2016-03-05T01:09:01.860000;b91a39c6-03dc-499e-a541-269d8ad31b67;405.9;0.01;BUY
2016-03-05T01:09:01.437000;2016-03-05T01:09:01.860000;311d2943-900e-4ab6-bbfa-45913eab51f5;405.9;0.01962069;BUY
2016-03-05T01:09:01.437000;2016-03-05T01:09:01.860000;31db8ea5-c004-4aa1-9a7e-7f11f7446e51;405.91;0.01;BUY
2016-03-05T01:09:01.437000;2016-03-05T01:09:01.860000;8f9fd8ea-8146-48c7-9de4-cef17ac88b4f;405.92;0.08901267;BUY
2016-03-05T01:09:22.117000;2016-03-05T01:09:22.197000;8abdaae0-5288-487d-b1ff-f5e6b30877e6;406.1;0.01;BUY
2016-03-05T01:09:33.500000;2016-03-05T01:09:33.577000;a94de359-9d0c-4409-831b-773001f9f864;406.09;0.2;SELL
2016-03-05T01:09:33.500000;2016-03-05T01:09:33.577000;b6680a9e-ba6e-4e24-848f-4bb11b2c390c;406.09;0.82801;SELL
2016-03-05T01:09:57.970000;2016-03-05T01:09:59.603000;12967fcf-32d2-4c35-a976-0d18d4b29ae8;406.1;0.00962069;BUY
2016-03-05T01:09:57.970000;2016-03-05T01:09:59.603000;95ddc421-1b7a-42db-8dfc-4260cd069177;406.1;0.19037931;BUY
2016-03-05T01:10:02.630000;2016-03-05T01:10:02.757000;18168c04-39e9-439d-917b-7f26e15ebbf4;406.18;0.2;BUY
2016-03-05T01:10:02.730000;2016-03-05T01:10:02.857000;35bd21e0-10e4-47c7-9409-a7a80e3cbb25;406.19;0.01;BUY
2016-03-05T01:10:31.403000;2016-03-05T01:10:31.473000;0d13cf3d-bbf5-408a-97f2-da681109a1d0;406.2;0.01;BUY
2016-03-05T01:10:31.403000;2016-03-05T01:10:31.523000;96ce02ff-7865-4602-b326-d4c71a223cf5;406.2;0.44;BUY
2016-03-05T01:10:31.403000;2016-03-05T01:10:31.553000;3dbb30ed-dbce-4752-8cb6-e368aa3fcd53;406.3;0.01957309;BUY
2016-03-05T01:10:31.403000;2016-03-05T01:10:31.553000;8c0190d0-2e2b-4607-a488-6300995a9211;406.3;0.01;BUY
2016-03-05T01:10:31.403000;2016-03-05T01:10:31.553000;b900cf69-f4b7-4e22-9402-fadac903c873;406.34;0.01;BUY
2016-03-05T01:10:31.403000;2016-03-05T01:10:31.570000;9be702ab-c72e-4bad-bbef-91f6cc2c608b;406.37;0.01;BUY
2016-03-05T01:10:31.403000;2016-03-05T01:10:31.570000;a58305d5-158c-4c8b-9617-cde7cae79e64;406.37;0.01;BUY
2016-03-05T01:10:31.407000;2016-03-05T01:10:31.570000;1c2ddc77-e2cb-4ef3-8118-b11c1b87d3c8;406.4;0.01;BUY
2016-03-05T01:10:31.407000;2016-03-05T01:10:31.570000;4771a1b4-3cee-4c07-aebc-1afae4c6b427;406.43;0.02;BUY
2016-03-05T01:10:31.407000;2016-03-05T01:10:31.570000;88fd7b92-02df-41fd-b637-f7731b87d4bb;406.44;0.02;BUY
2016-03-05T01:10:31.407000;2016-03-05T01:10:31.570000;b3eb181c-fdd6-496e-947b-cc6c7a09f464;406.45;0.2;BUY
2016-03-05T01:10:31.407000;2016-03-05T01:10:31.570000;78f0d7f1-e244-46ee-936b-6ba3ee5f3f4e;406.49;0.01;BUY
2016-03-05T01:10:31.407000;2016-03-05T01:10:31.570000;ab12ea6d-a69f-4a54-b390-fe615c6f87c8;406.49;0.13346691;BUY
2016-03-05T01:10:44.613000;2016-03-05T01:10:44.680000;848b185d-d01f-40ed-9797-9994e7a66a84;406.49;0.2;BUY
2016-03-05T01:11:01.407000;2016-03-05T01:11:01.653000;f5aee8a7-d310-480d-86ab-dab8e1e0ea4b;406.48;2.06454;SELL
2016-03-05T01:11:31.563000;2016-03-05T01:11:31.693000;47b528ce-ce7b-49c5-87e8-8c5fb8822d1a;406.43;3.44;SELL
2016-03-05T01:11:31.563000;2016-03-05T01:11:31.713000;00b05ce6-f6cd-46e2-b3cc-d3edc0bcd57a;406.43;1.23369;SELL
2016-03-05T01:12:01.457000;2016-03-05T01:12:01.503000;ef1ea831-e323-45f7-8582-ea4ff49ea1bb;406.44;0.93046;BUY
2016-03-05T01:12:31.947000;2016-03-05T01:12:32.013000;f9ac7b72-6fe3-40df-bb41-fdeeb86a5a0e;406.46;2.53313;BUY
2016-03-05T01:13:02.120000;2016-03-05T01:13:02.470000;34e1e236-4e1f-4cbc-8809-1580690a12d6;406.48;1.15;BUY
2016-03-05T01:13:02.120000;2016-03-05T01:13:02.507000;7db77e45-29cf-49ea-9de6-30eb0fb2461f;406.49;0.01198;BUY
2016-03-05T01:13:04.320000;2016-03-05T01:13:04.397000;1e3b80d2-ad46-428c-b444-9d290161367e;406.39;0.051;BUY
2016-03-05T01:13:31.473000;2016-03-05T01:13:32.343000;351af252-e853-474e-b3a5-853b583af1dc;406.32;0.01;SELL
2016-03-05T01:13:31.473000;2016-03-05T01:13:32.347000;49d6b8d0-ae60-4c8f-be81-7a6507eae66c;406.25;0.0115;SELL
2016-03-05T01:13:31.473000;2016-03-05T01:13:32.347000;1babccaf-d919-412d-9f24-90a93aae0c4e;406.21;7.00612;SELL
2016-03-05T01:14:01.433000;2016-03-05T01:14:01.973000;1e6f90a5-dba5-413b-aab4-c875ebb6e4c0;406.36;1.78016;BUY
2016-03-05T01:14:13.853000;2016-03-05T01:14:13.897000;2952c540-a2de-42b0-9033-115c9f1a4df1;406.45;0.21;BUY
2016-03-05T01:14:13.853000;2016-03-05T01:14:13.913000;4ed44c8e-7b2e-4a2f-a911-968e505deacb;406.46;0.2983;BUY
2016-03-05T01:14:13.857000;2016-03-05T01:14:13.937000;6d7f49d1-4ef9-400d-b830-4b6b8041b34e;406.46;0.4017;BUY
2016-03-05T01:14:31.467000;2016-03-05T01:14:31.760000;187309fd-433b-4caf-9ac1-e7ab2b03402b;406.4;5.51;SELL
2016-03-05T01:14:31.467000;2016-03-05T01:14:31.813000;11d36593-f446-47bf-9b66-a2106454714b;406.39;0.536;SELL
2016-03-05T01:14:31.467000;2016-03-05T01:14:31.867000;18e4f167-07f8-4320-ba2e-ea439e9e9580;406.38;2.813;SELL
2016-03-05T01:14:31.467000;2016-03-05T01:14:31.887000;f797b320-0114-4b17-b1e2-0558beb076bd;406.34;2.0;SELL
2016-03-05T01:14:31.470000;2016-03-05T01:14:31.887000;d4504ac3-0f88-4e48-90be-577a20f6aad2;406.34;0.501;SELL
2016-03-05T01:14:31.470000;2016-03-05T01:14:31.887000;68d90f5e-12c4-46a1-af6a-dc91a52a1229;406.34;0.34;SELL
2016-03-05T01:14:31.470000;2016-03-05T01:14:31.887000;dd05f35c-510e-47c4-87ff-d9f22cbbef59;406.29;0.492;SELL
2016-03-05T01:14:31.470000;2016-03-05T01:14:31.887000;428e53cd-e39a-4b28-aa6e-3c2f6f3dd86d;406.24;0.504;SELL
2016-03-05T01:14:31.470000;2016-03-05T01:14:31.887000;5afb2e54-6b5d-48b8-8181-d74ecc11d7b0;406.21;0.39988;SELL
2016-03-05T01:14:31.470000;2016-03-05T01:14:31.887000;6b3069e2-3c14-40f8-82d3-1ecfc420aac9;406.2;0.46;SELL
2016-03-05T01:14:31.470000;2016-03-05T01:14:31.887000;8869c1d8-ead9-4ab4-a24b-ab7872251333;406.19;0.503;SELL
2016-03-05T01:14:31.470000;2016-03-05T01:14:31.887000;077e6170-60e3-4f4c-af28-538e7f659698;406.19;0.8;SELL
2016-03-05T01:14:31.470000;2016-03-05T01:14:31.887000;81739d05-d139-4b2e-aacc-b71459a417db;406.18;9.42849;SELL
2016-03-05T01:15:01.497000;2016-03-05T01:15:01.543000;0d71b653-a742-4d44-a95b-dd24bcbd2746;406.36;3.94617;BUY
2016-03-05T01:15:19.023000;2016-03-05T01:15:19.063000;ad94d1df-986a-45da-9aca-671e917cc351;406.38;0.03;BUY
2016-03-05T01:15:31.480000;2016-03-05T01:15:31.530000;df0f54e5-a450-4501-b282-5d74c5d68fec;406.38;1.53;BUY
2016-03-05T01:15:31.480000;2016-03-05T01:15:31.610000;01190238-c143-42a1-8ad6-401b32b333e4;406.38;0.26;BUY
2016-03-05T01:15:31.483000;2016-03-05T01:15:31.797000;7a35fe5a-60af-4ff3-9c9f-f99de4fc84c2;406.38;0.01;BUY
2016-03-05T01:15:31.483000;2016-03-05T01:15:31.847000;c3e905a0-ebe0-4787-80b3-dc469f2d0b1b;406.39;0.01;BUY
2016-03-05T01:15:31.483000;2016-03-05T01:15:31.847000;c0f425bf-72f8-4a99-900d-0915f8e6b64a;406.44;0.8;BUY
2016-03-05T01:15:31.483000;2016-03-05T01:15:31.847000;56d68d25-6615-4184-af85-5a3c50cb8aae;406.48;1.8304;BUY
2016-03-05T01:16:01.333000;2016-03-05T01:16:02.260000;17fa1f16-e7e2-480e-8ab8-ce11e9eb256f;406.47;0.23;BUY
2016-03-05T01:16:01.333000;2016-03-05T01:16:02.323000;6635c442-fc52-4e8a-8970-abaa11f221d4;406.48;0.202;BUY
2016-03-05T01:16:01.337000;2016-03-05T01:16:02.373000;facc02ac-9c37-422f-af35-0b04f5d19943;406.49;0.59099;BUY
2016-03-05T01:16:31.503000;2016-03-05T01:16:31.560000;02c4d6c1-6c85-4597-96fe-3f03315ef137;406.43;0.24357;BUY
2016-03-05T01:17:01.410000;2016-03-05T01:17:01.460000;bae7f16c-d6cb-4e76-a035-ecafa591e833;406.35;0.75;SELL
2016-03-05T01:17:01.410000;2016-03-05T01:17:01.510000;eafefbe6-c348-4039-acfb-a40d95f7b01a;406.34;0.01;SELL
2016-03-05T01:17:01.410000;2016-03-05T01:17:01.510000;eab9bd87-fdb8-4900-a324-8443b2ecd8f4;406.24;0.218;SELL
2016-03-05T01:17:01.410000;2016-03-05T01:17:01.510000;31568a71-f62d-4c6b-9aac-e2f115b77d96;406.23;0.03;SELL
2016-03-05T01:17:01.410000;2016-03-05T01:17:01.510000;926d59ee-f06d-440b-8022-e3169d0b546a;406.18;10.58151;SELL
2016-03-05T01:17:01.410000;2016-03-05T01:17:01.510000;d2513790-b017-408b-9e4e-ded177ccab17;406.15;0.01;SELL
2016-03-05T01:17:01.410000;2016-03-05T01:17:01.537000;79f4624d-9c41-4adb-a3b4-982b1a342e3b;406.14;0.511;SELL
2016-03-05T01:17:01.410000;2016-03-05T01:17:01.537000;2a32c4bf-2d24-4c90-b271-7626aff4b5aa;406.11;0.01;SELL
2016-03-05T01:17:01.410000;2016-03-05T01:17:01.537000;5cf7ee0f-7bf4-4eb0-873b-9732843c7d53;406.06;3.68;SELL
2016-03-05T01:17:01.413000;2016-03-05T01:17:01.537000;254d094c-8435-4402-8296-144c8d839678;406.05;6.81679;SELL
2016-03-05T01:17:32.957000;2016-03-05T01:17:33.003000;56774aa7-b93f-4f9b-af01-b2d004550436;406.23;0.01;SELL
2016-03-05T01:17:32.957000;2016-03-05T01:17:33.003000;b8509f95-f488-4ff9-83e3-842785a1f832;406.22;1.07045;SELL
2016-03-05T01:18:01.493000;2016-03-05T01:18:01.523000;4ea51dfe-dded-46de-adee-3e3ddd768d5a;406.34;0.39812;BUY
2016-03-05T01:18:31.503000;2016-03-05T01:18:31.537000;324b7ba0-8a2a-4479-ba56-bd20b4d24692;406.39;1.10869;BUY
2016-03-05T01:18:43.570000;2016-03-05T01:18:43.603000;a1b7d6e4-ad04-4ee9-9316-3082b3dd60da;406.38;0.26;BUY
2016-03-05T01:19:01.383000;2016-03-05T01:19:01.417000;596ca795-62e7-423f-8e05-34ad25ac1689;406.39;0.27827;BUY
2016-03-05T01:19:31.663000;2016-03-05T01:19:31.700000;102e7be2-16d1-4471-b2c9-f23f3a49785c;406.26;0.01;SELL
2016-03-05T01:19:31.663000;2016-03-05T01:19:31.733000;dc165722-3f99-4e6f-b2b0-273369a40630;406.24;0.01;SELL
2016-03-05T01:19:31.663000;2016-03-05T01:19:31.750000;a2abd549-9fcc-4493-97e2-d055c196db40;406.12;0.01;SELL
2016-03-05T01:19:31.667000;2016-03-05T01:19:31.750000;f0a3eec3-d258-471c-baa7-0eb5cd788e23;406.12;0.083;SELL
2016-03-05T01:19:31.667000;2016-03-05T01:19:31.750000;6cf9225c-e116-4ff7-b281-374483710e63;406.1;0.2279;SELL
2016-03-05T01:19:53.187000;2016-03-05T01:19:53.240000;5f974a6c-b03c-4c6d-a8a0-f9ce2b2ba0df;406.18;0.664;BUY
2016-03-05T01:19:53.187000;2016-03-05T01:19:53.240000;44292cdd-b8bd-4aeb-96b6-8efe43541007;406.19;3.45;BUY
2016-03-05T01:19:53.187000;2016-03-05T01:19:53.240000;4e47571f-2f19-474d-aaf1-c5063f3ae628;406.2;0.501;BUY
2016-03-05T01:21:01.400000;2016-03-05T01:21:01.447000;1e93fc33-b206-436d-8c5b-faef8b9ae708;406.33;0.26791;BUY
2016-03-05T01:22:01.483000;2016-03-05T01:22:01.783000;6d274b0e-e76d-4a38-ae78-2ef34fd12924;406.16;0.46;BUY
2016-03-05T01:22:01.483000;2016-03-05T01:22:01.827000;f34dd396-7e40-4e8a-83b3-4e498d57ecd7;406.16;1.1245;BUY
2016-03-05T01:22:31.410000;2016-03-05T01:22:31.887000;7d2bbb6b-450a-4cb8-83cd-c236ffd97748;406.18;0.29523;BUY
2016-03-05T01:23:01.353000;2016-03-05T01:23:01.407000;581a39ff-afac-445e-9fa5-1acdfb94af09;406.16;0.8177;BUY
2016-03-05T01:23:01.813000;2016-03-05T01:23:01.900000;0d7d7136-97c1-42ca-995c-ee7c5b188661;406.16;0.2;BUY
2016-03-05T01:23:31.633000;2016-03-05T01:23:31.823000;643d8c26-187b-4ea2-b160-97e865c4c39d;406.16;0.67261;BUY
2016-03-05T01:24:01.600000;2016-03-05T01:24:01.653000;86a15766-e92e-4678-ae91-a9ec8d0db570;406.15;0.01;SELL
2016-03-05T01:24:01.600000;2016-03-05T01:24:01.687000;005635c1-94b0-46b7-94df-ec4589018ef5;406.14;0.01;SELL
2016-03-05T01:24:01.600000;2016-03-05T01:24:01.687000;0f292d73-9cc3-458b-b027-4ec89c454e68;406.1;0.4221;SELL
2016-03-05T01:24:01.600000;2016-03-05T01:24:01.687000;fe088f32-ff69-4acf-ad0b-2324156ee011;406.04;0.01;SELL
2016-03-05T01:24:01.600000;2016-03-05T01:24:01.687000;b61e382f-5404-426d-aa39-b0dad9c5946a;406.04;0.09947;SELL
2016-03-05T01:24:31.390000;2016-03-05T01:24:31.473000;3b5f11e1-be8d-4585-8177-d09883f6245f;406.03;1.0;BUY
2016-03-05T01:25:01.387000;2016-03-05T01:25:01.453000;58c13e4f-fcc9-4fb5-8a80-56384d484f33;406.01;0.153;SELL
2016-03-05T01:25:01.387000;2016-03-05T01:25:01.490000;d47dbd70-7019-4c23-a8dd-0f394eed17bc;405.92;0.01;SELL
2016-03-05T01:25:01.387000;2016-03-05T01:25:01.490000;0c2fbee8-c28d-480e-b0ca-aab88a20a9a1;405.89;0.5012;SELL
2016-03-05T01:25:01.387000;2016-03-05T01:25:01.490000;79189cec-faec-4023-8e03-a2cb21547db9;405.88;0.26;SELL
2016-03-05T01:25:01.387000;2016-03-05T01:25:01.507000;e5d1e27c-3de7-4816-a111-0dcd2e98fa61;405.86;0.2388;SELL
2016-03-05T01:25:31.643000;2016-03-05T01:25:31.693000;060ffa63-2433-4f39-b2b9-38d22d85ecc0;405.82;1.65734;BUY
2016-03-05T01:26:01.440000;2016-03-05T01:26:01.500000;33aed9ab-37f2-4178-8f81-797e5a021958;405.82;0.46356;BUY
2016-03-05T01:26:07.190000;2016-03-05T01:26:07.263000;ff513d1d-a0e3-4a48-9178-16e1cfb7020f;405.81;0.01;SELL
2016-03-05T01:26:07.190000;2016-03-05T01:26:07.300000;5664f37d-9e99-4f57-8e34-e7a41c9ac865;405.8;0.0196054;SELL
2016-03-05T01:26:07.190000;2016-03-05T01:26:07.337000;97afc569-a215-4f90-9bc2-c0d65d2caa76;405.67;0.01;SELL
2016-03-05T01:26:07.190000;2016-03-05T01:26:07.400000;477e4ee9-d6b2-4114-b3fa-7c5abbd78ea7;405.6;0.0196054;SELL
2016-03-05T01:26:07.190000;2016-03-05T01:26:07.400000;cbfdd0ba-66ae-4f9e-ba4e-d1dcf53a9d32;405.55;0.1;SELL
2016-03-05T01:26:07.190000;2016-03-05T01:26:07.400000;b644d56d-d396-477a-94be-f9268315947b;405.49;0.01;SELL
2016-03-05T01:26:07.190000;2016-03-05T01:26:07.400000;513a142d-96e6-496c-b8f0-587f205250cf;405.44;0.02;SELL
2016-03-05T01:26:07.190000;2016-03-05T01:26:07.400000;85dd255c-378b-4b41-8037-712a4bce413b;405.44;0.109;SELL
2016-03-05T01:26:07.190000;2016-03-05T01:26:07.400000;b577d33e-66b3-4f64-ab97-6952b1bc0591;405.36;0.124;SELL
2016-03-05T01:26:07.193000;2016-03-05T01:26:07.400000;1bb913a4-94fc-4d1a-95ab-2a803c18c4de;405.28;0.01;SELL
2016-03-05T01:26:07.193000;2016-03-05T01:26:07.400000;0201a0a2-e16f-42fc-bd70-6ab610bb097a;405.08;8.87;SELL
2016-03-05T01:26:07.193000;2016-03-05T01:26:07.403000;13c614bf-16fa-4d97-b785-58baf8a961e9;405.07;0.01;SELL
2016-03-05T01:26:07.193000;2016-03-05T01:26:07.403000;54afcb10-9a70-41d6-8f47-3179c92306c6;405.01;2.53;SELL
2016-03-05T01:26:07.193000;2016-03-05T01:26:07.403000;b1a48a82-586e-4dfa-9230-003c5f085fc1;405.0;0.01;SELL
2016-03-05T01:26:07.193000;2016-03-05T01:26:07.403000;802b5fd6-9a99-4c59-9d66-f806e0e26105;404.91;4.5;SELL
2016-03-05T01:26:07.193000;2016-03-05T01:26:07.403000;1d44d4e1-a2b0-43ca-b8e6-71fa7af1b813;404.9;0.66;SELL
2016-03-05T01:26:07.193000;2016-03-05T01:26:07.403000;bfac0b66-756a-4bc2-8921-84b81aa80262;404.9;0.46;SELL
2016-03-05T01:26:07.193000;2016-03-05T01:26:07.403000;fea7f3f3-9b3c-4e9e-8c70-85599abd2513;404.89;0.8;SELL
2016-03-05T01:26:07.193000;2016-03-05T01:26:07.403000;30794618-37f3-43e7-af21-1fdaccac07a7;404.89;0.5002;SELL
2016-03-05T01:26:07.193000;2016-03-05T01:26:07.403000;3dd9f7fd-3507-424d-989e-f0ceaf494c60;404.88;0.01;SELL
2016-03-05T01:26:07.193000;2016-03-05T01:26:07.403000;6f95aba8-ac9b-4831-8b9c-029d761685af;404.83;1.84;SELL
2016-03-05T01:26:07.193000;2016-03-05T01:26:07.403000;ab16a867-e719-472c-8c2d-7d9255d1547a;404.82;8.09;SELL
2016-03-05T01:26:07.193000;2016-03-05T01:26:07.403000;52ed2573-24cd-4c8f-ac2b-62d53af49d5e;404.8;0.01;SELL
2016-03-05T01:26:07.193000;2016-03-05T01:26:07.430000;4b21d35e-1db4-4ee9-ac49-06b8e46b4d18;404.77;0.324;SELL
2016-03-05T01:26:07.197000;2016-03-05T01:26:07.450000;fd718e80-59d5-4884-bde9-f952ad2926df;404.74;0.01;SELL
2016-03-05T01:26:07.197000;2016-03-05T01:26:07.450000;354acac8-f1a8-4c60-b2cf-5c74f1bd1464;404.66;4.0;SELL
2016-03-05T01:26:07.197000;2016-03-05T01:26:07.450000;a68924aa-8256-441d-acc1-1b138a81ee03;404.65;6.499;SELL
2016-03-05T01:26:07.197000;2016-03-05T01:26:07.450000;9508cc99-c8ba-4ef0-96ac-285ffda16eb5;404.6;0.01;SELL
2016-03-05T01:26:07.197000;2016-03-05T01:26:07.450000;5fddc46c-de09-4e0a-84fd-db06b7c29271;404.55;0.1;SELL
2016-03-05T01:26:07.197000;2016-03-05T01:26:07.453000;0cf79c3b-33aa-49bc-ba5b-00610fab179e;404.52;0.296;SELL
2016-03-05T01:26:07.197000;2016-03-05T01:26:07.453000;1eec86b8-c1a9-4020-a7fe-6b720a266bdd;404.52;0.01;SELL
2016-03-05T01:26:07.197000;2016-03-05T01:26:07.453000;f5565459-f141-4ab9-a111-2867cbb9aa3b;404.48;3.377;SELL
2016-03-05T01:26:07.197000;2016-03-05T01:26:07.453000;9c00996d-0615-46b7-8960-20dadcd6ab31;404.46;0.01;SELL
2016-03-05T01:26:07.197000;2016-03-05T01:26:07.453000;f6d064c1-4d47-430f-b08d-e796662d6f13;404.43;0.113;SELL
2016-03-05T01:26:07.197000;2016-03-05T01:26:07.477000;594ce89a-1682-4c8d-8111-141e51fa77d5;404.4;0.01;SELL
2016-03-05T01:26:07.197000;2016-03-05T01:26:07.497000;b35f23ac-f034-4838-be4a-5708e308d3b9;404.32;0.085;SELL
2016-03-05T01:26:07.197000;2016-03-05T01:26:07.497000;97c1bfc5-29c5-483c-a588-67d599249bb5;404.3;0.27074922;SELL
2016-03-05T01:26:07.197000;2016-03-05T01:26:07.497000;8dd71200-b6bc-4e59-a92d-0c27a36fcb79;404.29;0.01;SELL
2016-03-05T01:26:07.197000;2016-03-05T01:26:07.497000;5d9086ca-99f4-4498-8072-3c008c22b55f;404.2;0.01;SELL
2016-03-05T01:26:07.197000;2016-03-05T01:26:07.497000;522e5470-e7e6-4ce7-8d12-9a5fea24745e;404.19;0.5544;SELL
2016-03-05T01:26:07.200000;2016-03-05T01:26:07.513000;2cc93fa6-4a6b-487a-8672-1cd939f3102a;404.14;7.651;SELL
2016-03-05T01:26:07.200000;2016-03-05T01:26:07.530000;357bd21e-aebd-4d06-adbd-686efeedba79;404.11;0.37548064;SELL
2016-03-05T01:26:07.200000;2016-03-05T01:26:07.553000;4d072b52-b69e-4330-a359-77ff62575973;404.11;7.32274;SELL
2016-03-05T01:26:07.200000;2016-03-05T01:26:07.553000;960ca136-c70f-4ea8-8370-2c216ba3281b;404.08;0.01;SELL
2016-03-05T01:26:07.200000;2016-03-05T01:26:07.553000;9dbb5693-08e8-44b5-99cd-b576dbfcaf53;403.97;8.484;SELL
2016-03-05T01:26:07.200000;2016-03-05T01:26:07.553000;6e9c9117-f990-40e3-beae-a32cf54e8407;403.96;0.24;SELL
2016-03-05T01:26:07.200000;2016-03-05T01:26:07.553000;1de7a434-9884-455c-95ad-a41db7dba8ba;403.89;0.01;SELL
2016-03-05T01:26:07.200000;2016-03-05T01:26:07.553000;2860e828-efae-45a5-8e6e-63c256e8f3fb;403.8;3.117;SELL
2016-03-05T01:26:07.200000;2016-03-05T01:26:07.553000;08d88b22-b35e-4fe5-b6bd-96a25abf50ff;403.69;0.2;SELL
2016-03-05T01:26:07.200000;2016-03-05T01:26:07.570000;8860562d-1e02-4019-9966-439c288d4ea7;403.69;0.01;SELL
