time_exchange;time_coinpai;guid;price;base_amount;taker_side
2016-03-05T00:00:05.000000;2016-03-05T00:00:05.000000;83ba599f-7f38-4528-99ef-83f48c7c723e;408.71;0.24893796;UNKNOWN
2016-03-05T00:00:15.000000;2016-03-05T00:00:15.000000;30153fc4-d347-4af3-a6b7-69d91ed38fff;408.98;3.0;UNKNOWN
2016-03-05T00:00:15.000000;2016-03-05T00:00:15.000000;8ecdf1bc-0134-4f2d-83b0-42fc7b020f45;408.71;0.21349676;UNKNOWN
2016-03-05T00:00:21.000000;2016-03-05T00:00:21.000000;0cf73ee6-3fd7-4c44-a6c3-b4ca6f4bdb86;408.71;0.23590923;UNKNOWN
2016-03-05T00:00:26.000000;2016-03-05T00:00:26.000000;fc9e513c-0897-4877-86a8-3a797fce1fd4;408.95;0.01067459;UNKNOWN
2016-03-05T00:01:05.000000;2016-03-05T00:01:05.000000;7798156d-1d3d-44d9-879a-1ca3cface9dc;408.63;0.25996691;UNKNOWN
2016-03-05T00:01:09.000000;2016-03-05T00:01:09.000000;320234c4-a978-4b4e-bbf5-0790539af4f2;408.87;0.5;UNKNOWN
2016-03-05T00:01:12.000000;2016-03-05T00:01:12.000000;469baa88-980e-4e8d-97c2-8d5712a0c185;408.63;0.22132184;UNKNOWN
2016-03-05T00:01:22.000000;2016-03-05T00:01:22.000000;efce64f2-61c2-4313-b824-68260a26193f;408.63;0.2313389;UNKNOWN
2016-03-05T00:01:43.000000;2016-03-05T00:01:43.000000;2127f3c9-9df7-4998-9e5a-c2742efd5506;408.63;0.1;UNKNOWN
2016-03-05T00:01:45.000000;2016-03-05T00:01:45.000000;9175c25a-b579-4ca8-97a1-b8b2cdc86b52;408.63;0.14972627;UNKNOWN
2016-03-05T00:01:52.000000;2016-03-05T00:01:52.000000;43f43b42-bfb9-470f-a467-3a1c1f6d026c;408.63;0.23419496;UNKNOWN
2016-03-05T00:01:57.000000;2016-03-05T00:01:57.000000;1803bedc-165c-498d-b6c4-852094af47ec;408.79;0.5;UNKNOWN
2016-03-05T00:02:03.000000;2016-03-05T00:02:03.000000;d7034589-0ca7-44f5-aff9-c91f3d8a1f55;408.72;0.24641223;UNKNOWN
2016-03-05T00:02:09.000000;2016-03-05T00:02:09.000000;3f9bed46-7d4a-4488-98b0-3510df2c8d41;408.79;0.015625;UNKNOWN
2016-03-05T00:02:12.000000;2016-03-05T00:02:12.000000;7d27db9f-18c8-49b9-b180-8033cac6eed8;408.77;0.25583206;UNKNOWN
2016-03-05T00:02:14.000000;2016-03-05T00:02:14.000000;5d8de527-b2c0-4054-9451-e565f679c511;408.79;0.015625;UNKNOWN
2016-03-05T00:02:15.000000;2016-03-05T00:02:15.000000;f4726ae4-afb6-4d2c-847b-485994fa0a16;408.79;5.54475;UNKNOWN
2016-03-05T00:02:15.000000;2016-03-05T00:02:15.000000;440ddfea-2afb-4e24-adf4-0f51021e1863;408.97;14.45525;UNKNOWN
2016-03-05T00:02:15.000000;2016-03-05T00:02:15.000000;7c17b75f-9f18-46a9-859f-a062dc2efa7a;408.97;0.015625;UNKNOWN
2016-03-05T00:02:21.000000;2016-03-05T00:02:21.000000;55d96569-6377-4802-b6fb-1e78c7ab3166;408.79;0.24815874;UNKNOWN
2016-03-05T00:02:22.000000;2016-03-05T00:02:22.000000;d638ad18-a69d-4924-af83-94e4caaf69b2;408.96;0.015625;UNKNOWN
2016-03-05T00:02:28.000000;2016-03-05T00:02:28.000000;336acea9-6e09-4161-bc6a-1ee8f5efcd15;408.97;0.015625;UNKNOWN
2016-03-05T00:02:32.000000;2016-03-05T00:02:32.000000;518f0335-c3ab-4ce9-ad42-73eb1c92ae33;408.97;0.25170076;UNKNOWN
2016-03-05T00:02:42.000000;2016-03-05T00:02:42.000000;9871582c-a83a-4118-abc6-2e72e1d50751;408.97;0.23124574;UNKNOWN
2016-03-05T00:02:42.000000;2016-03-05T00:02:42.000000;5d25abe8-41f0-4c5a-a961-4f4788574320;409.29;0.5;UNKNOWN
2016-03-05T00:02:52.000000;2016-03-05T00:02:52.000000;928bbaf8-f7e3-4e87-ac84-72f19cb2ea14;408.97;0.0170535;UNKNOWN
2016-03-05T00:02:54.000000;2016-03-05T00:02:54.000000;5c49e3ba-757e-4a13-8327-8c7f39ff98f8;408.97;0.015625;UNKNOWN
2016-03-05T00:02:55.000000;2016-03-05T00:02:55.000000;90951bba-6c5e-4256-9c62-e8d75685f0f7;408.97;0.015625;UNKNOWN
2016-03-05T00:03:02.000000;2016-03-05T00:03:02.000000;5fb9003e-01a0-4571-8933-572bbf4f9950;408.97;0.17824304;UNKNOWN
2016-03-05T00:03:08.000000;2016-03-05T00:03:08.000000;1724f4e6-2697-4500-8639-bd7e8c3d936f;409.18;0.5;UNKNOWN
2016-03-05T00:03:46.000000;2016-03-05T00:03:46.000000;42ca45ed-22a9-45ce-a4fd-992e123e0447;408.77;0.24416794;UNKNOWN
2016-03-05T00:04:19.000000;2016-03-05T00:04:19.000000;ebd37791-63c5-414c-9a27-246d9ed7cb4d;408.62;0.27623445;UNKNOWN
2016-03-05T00:04:32.000000;2016-03-05T00:04:32.000000;048d75aa-96b7-493c-b1ef-399705c3e2e8;408.62;0.29843256;UNKNOWN
2016-03-05T00:04:41.000000;2016-03-05T00:04:41.000000;4f4442ae-b176-4290-9464-3583990a1c2d;408.62;0.28149939;UNKNOWN
2016-03-05T00:04:52.000000;2016-03-05T00:04:52.000000;9b3a89c2-4143-4185-abba-470cd8b62e4a;408.62;0.28310468;UNKNOWN
2016-03-05T00:05:01.000000;2016-03-05T00:05:01.000000;63a14f1c-055e-4b26-946f-55ada0e20f5e;408.62;0.26857812;UNKNOWN
2016-03-05T00:05:16.000000;2016-03-05T00:05:16.000000;278793bd-486a-4e51-a742-aad754f08907;408.62;0.27277545;UNKNOWN
2016-03-05T00:05:23.000000;2016-03-05T00:05:23.000000;2516582f-1d6f-423e-aac0-2da9eefd844b;408.62;0.27734106;UNKNOWN
2016-03-05T00:05:29.000000;2016-03-05T00:05:29.000000;79bbf316-5e19-4d68-89a6-db5ad570610c;408.63;0.24467825;UNKNOWN
2016-03-05T00:05:31.000000;2016-03-05T00:05:31.000000;edeb8358-db6c-4017-a827-95553dc9062e;408.62;0.27256719;UNKNOWN
2016-03-05T00:05:35.000000;2016-03-05T00:05:35.000000;bddd7626-4934-400a-9f86-68d1909cb699;408.62;5.0;UNKNOWN
2016-03-05T00:05:43.000000;2016-03-05T00:05:43.000000;906b4b7b-5ae1-4042-9f17-8192fe3ed07c;408.62;0.28782249;UNKNOWN
2016-03-05T00:05:52.000000;2016-03-05T00:05:52.000000;a7ef7dc0-2d78-4afd-ba49-01f56b58f76d;408.62;0.26827385;UNKNOWN
2016-03-05T00:05:55.000000;2016-03-05T00:05:55.000000;7404fa8f-6d05-4296-b0dc-e3ed5479b054;408.63;11.3036;UNKNOWN
2016-03-05T00:06:01.000000;2016-03-05T00:06:01.000000;93f09703-0e19-4dc8-9a3f-c9ed3a87b199;408.62;0.09578677;UNKNOWN
2016-03-05T00:06:01.000000;2016-03-05T00:06:01.000000;209aec5c-6c0a-4060-8131-63e005563a11;408.62;0.21337076;UNKNOWN
2016-03-05T00:06:12.000000;2016-03-05T00:06:12.000000;efb9dfcd-00e7-4404-9e1e-799678926be8;408.62;0.32494438;UNKNOWN
2016-03-05T00:06:22.000000;2016-03-05T00:06:22.000000;5a924141-6a59-44a4-9017-fa19df902cec;408.62;0.29381894;UNKNOWN
2016-03-05T00:06:23.000000;2016-03-05T00:06:23.000000;dfa51e48-ef19-428a-9904-9f4b0951138f;408.63;4.9404;UNKNOWN
2016-03-05T00:06:32.000000;2016-03-05T00:06:32.000000;039e478e-04e8-4875-b5f7-228ab0dc746e;408.62;0.31883515;UNKNOWN
2016-03-05T00:06:43.000000;2016-03-05T00:06:43.000000;c60a8f3a-4e94-48bb-8744-120d3478fe2a;408.62;0.35376931;UNKNOWN
2016-03-05T00:06:51.000000;2016-03-05T00:06:51.000000;0d7247ce-d565-4b26-8809-f771ac5fe32b;408.62;0.35961501;UNKNOWN
2016-03-05T00:06:53.000000;2016-03-05T00:06:53.000000;648fb85b-cdd7-4c2c-b08c-9aae999b6481;408.63;0.5928;UNKNOWN
2016-03-05T00:07:09.000000;2016-03-05T00:07:09.000000;17deb437-1e91-4771-a7da-3e10616ffc91;408.62;0.777;UNKNOWN
2016-03-05T00:07:12.000000;2016-03-05T00:07:12.000000;18f67d99-501f-46f4-bf9f-cf3dbd967ce8;408.62;0.777;UNKNOWN
2016-03-05T00:07:12.000000;2016-03-05T00:07:12.000000;10bd7ff2-2058-4bb3-9f3c-b2c51a55e2c8;408.63;0.4583;UNKNOWN
2016-03-05T00:07:14.000000;2016-03-05T00:07:14.000000;d38c1204-c01a-424d-a58c-3b5d32973d77;408.62;0.0618;UNKNOWN
2016-03-05T00:07:15.000000;2016-03-05T00:07:15.000000;319c1ca2-c602-4749-8250-da7f258c60e3;408.62;0.777;UNKNOWN
2016-03-05T00:07:17.000000;2016-03-05T00:07:17.000000;995c894a-acf2-44b4-a4a1-48ab85db8f82;408.62;0.777;UNKNOWN
2016-03-05T00:07:20.000000;2016-03-05T00:07:20.000000;1cf832ff-229f-487d-bed4-aae5f30c7fac;408.62;0.042;UNKNOWN
2016-03-05T00:07:21.000000;2016-03-05T00:07:21.000000;dffb9922-f611-4c79-8f32-dfdc860a7561;408.62;0.777;UNKNOWN
2016-03-05T00:07:23.000000;2016-03-05T00:07:23.000000;44852d9b-4171-4abe-bbaf-dee63dabf244;408.62;0.2135377;UNKNOWN
2016-03-05T00:07:23.000000;2016-03-05T00:07:23.000000;bc90457d-0a97-4695-9f3e-630bf5424ae4;408.62;0.215;UNKNOWN
2016-03-05T00:07:25.000000;2016-03-05T00:07:25.000000;d712671e-8835-43c9-a43a-7a72b240b089;408.62;0.04857434;UNKNOWN
2016-03-05T00:07:52.000000;2016-03-05T00:07:52.000000;534b2c11-4642-48d7-8557-e825754108c7;408.62;0.06;UNKNOWN
2016-03-05T00:08:03.000000;2016-03-05T00:08:03.000000;a65a256f-0761-469f-a6f2-da686d4407eb;408.62;0.06157429;UNKNOWN
2016-03-05T00:08:13.000000;2016-03-05T00:08:13.000000;7cf9a8f9-8c91-4ad0-aab1-b731f1636c70;408.62;0.12314858;UNKNOWN
2016-03-05T00:08:24.000000;2016-03-05T00:08:24.000000;d74b2768-5b5c-4e3e-a421-7fb84de156ac;408.62;0.1;UNKNOWN
2016-03-05T00:08:26.000000;2016-03-05T00:08:26.000000;2e06620c-e809-4772-bf7c-b1fb5ce918e2;408.62;0.1;UNKNOWN
2016-03-05T00:08:34.000000;2016-03-05T00:08:34.000000;3932cfee-0823-4fa6-b92c-f6980cbd76fa;408.62;0.042112;UNKNOWN
2016-03-05T00:08:50.000000;2016-03-05T00:08:50.000000;26348edb-d819-4ba8-b107-99704c9db1de;408.63;0.14022175;UNKNOWN
2016-03-05T00:08:50.000000;2016-03-05T00:08:50.000000;67c39e66-1150-4dbb-917e-18c6988cc97a;408.63;1.25040325;UNKNOWN
2016-03-05T00:09:03.000000;2016-03-05T00:09:03.000000;92e1fb8c-ecc2-476c-ab63-2aba800678f2;408.63;0.4373;UNKNOWN
2016-03-05T00:09:43.000000;2016-03-05T00:09:43.000000;cadfb724-1024-49a8-950a-d86e1a906194;408.62;0.07219427;UNKNOWN
2016-03-05T00:09:50.000000;2016-03-05T00:09:50.000000;232d4c33-4209-4e32-9c2a-0c938e8ce652;408.63;0.245;UNKNOWN
2016-03-05T00:10:38.000000;2016-03-05T00:10:38.000000;f1409e06-cd8d-4a3e-b763-db4710093e7f;408.6;0.27241074;UNKNOWN
2016-03-05T00:10:38.000000;2016-03-05T00:10:38.000000;eced2dc5-c716-48d8-ae06-a98fdb7bca7e;408.62;0.00458926;UNKNOWN
2016-03-05T00:10:38.000000;2016-03-05T00:10:38.000000;fed848df-d4c9-49ef-8038-7c68d6fcafd6;408.6;0.5;UNKNOWN
2016-03-05T00:11:15.000000;2016-03-05T00:11:15.000000;a1c83bcf-22f1-4a04-b6ac-6d809be58eed;408.62;0.04409479;UNKNOWN
2016-03-05T00:11:35.000000;2016-03-05T00:11:35.000000;530c8c90-3b1d-41a0-96bb-380caed003cf;408.62;0.145;UNKNOWN
2016-03-05T00:11:38.000000;2016-03-05T00:11:38.000000;c114df56-12f4-4361-a106-3cbddfb3af62;408.62;7.81090521;UNKNOWN
2016-03-05T00:11:56.000000;2016-03-05T00:11:56.000000;2f50e6c1-16a6-430e-9033-8852b35245cb;408.61;0.69;UNKNOWN
2016-03-05T00:11:56.000000;2016-03-05T00:11:56.000000;c6904611-7262-45c5-8022-92cd0815b603;408.62;7.31;UNKNOWN
2016-03-05T00:12:34.000000;2016-03-05T00:12:34.000000;d88205a3-1f14-4a90-a695-17cd183c1313;408.6;0.406;UNKNOWN
2016-03-05T00:13:12.000000;2016-03-05T00:13:12.000000;20b0d610-69d3-4533-aad5-f46547056d21;408.61;0.02519399;UNKNOWN
2016-03-05T00:13:23.000000;2016-03-05T00:13:23.000000;566533b1-9276-4a74-a37a-0ccbbf946c0b;408.6;0.10461074;UNKNOWN
2016-03-05T00:13:23.000000;2016-03-05T00:13:23.000000;2dcd0a49-1c32-4817-b4f7-1cbfb8b98392;408.6;0.32158926;UNKNOWN
2016-03-05T00:13:33.000000;2016-03-05T00:13:33.000000;24039f22-ce36-48c0-91a6-fc1544b8d5eb;408.6;0.1855;UNKNOWN
2016-03-05T00:13:36.000000;2016-03-05T00:13:36.000000;d3f38513-1bf8-4c95-90f6-2eea8bb7201a;408.6;0.63505764;UNKNOWN
2016-03-05T00:13:36.000000;2016-03-05T00:13:36.000000;0b9c756c-b3d5-430a-a52c-ea0696a6a08f;408.6;0.70988926;UNKNOWN
2016-03-05T00:14:02.000000;2016-03-05T00:14:02.000000;dcf830f0-5853-43a7-9058-ecdddbb34983;408.6;1.73;UNKNOWN
2016-03-05T00:15:22.000000;2016-03-05T00:15:22.000000;26126f26-4c80-4d7c-ba71-8d7e08a2a795;408.6;0.2499;UNKNOWN
2016-03-05T00:15:44.000000;2016-03-05T00:15:44.000000;868ebbd7-4aae-4aff-a7df-d6b8303e7c5a;408.61;0.3;UNKNOWN
2016-03-05T00:15:44.000000;2016-03-05T00:15:44.000000;4b350235-3efb-4d1a-b776-4c115eb31e0f;408.61;6.1094;UNKNOWN
2016-03-05T00:15:44.000000;2016-03-05T00:15:44.000000;c8268f73-8710-44cd-bb52-659c836dee1e;408.61;11.4706;UNKNOWN
2016-03-05T00:15:44.000000;2016-03-05T00:15:44.000000;efe7082e-d633-45c9-94b0-408362af30b9;408.61;0.061;UNKNOWN
2016-03-05T00:15:44.000000;2016-03-05T00:15:44.000000;4b1ee6ab-5063-4fa7-bd0f-195f00478feb;408.61;22.059;UNKNOWN
2016-03-05T00:15:55.000000;2016-03-05T00:15:55.000000;7913c26c-43b9-402a-88b1-a22b6ee1b12c;408.6;1.92400498;UNKNOWN
2016-03-05T00:16:07.000000;2016-03-05T00:16:07.000000;e392d6d9-ea4c-496b-be0f-af900e36eba3;408.61;0.9637;UNKNOWN
2016-03-05T00:16:07.000000;2016-03-05T00:16:07.000000;5241233e-916b-44cd-9624-cce7e9ada9d5;408.61;0.26;UNKNOWN
2016-03-05T00:16:30.000000;2016-03-05T00:16:30.000000;a685af91-bb81-40d5-8ed4-7831ab1fc61b;408.61;0.01106349;UNKNOWN
2016-03-05T00:16:57.000000;2016-03-05T00:16:57.000000;8656318f-9c7e-4f1c-9532-6e2118d02195;408.62;0.04075146;UNKNOWN
2016-03-05T00:17:30.000000;2016-03-05T00:17:30.000000;0cfef13d-a3b6-4ac1-8f37-92ffd0076da5;408.61;50.0;UNKNOWN
2016-03-05T00:17:30.000000;2016-03-05T00:17:30.000000;8aea8bc3-2179-421a-ac34-06a4e3e6d9cf;408.63;5.0;UNKNOWN
2016-03-05T00:17:30.000000;2016-03-05T00:17:30.000000;e6486524-088a-4677-a709-d6ae83943a4d;408.62;24.95924854;UNKNOWN
2016-03-05T00:17:30.000000;2016-03-05T00:17:30.000000;845642e8-6728-449e-bc31-5a2e3d172b3f;408.63;2.7;UNKNOWN
2016-03-05T00:17:30.000000;2016-03-05T00:17:30.000000;6c33c7ec-4178-496d-ac84-4d459d679058;408.63;5.0;UNKNOWN
2016-03-05T00:17:30.000000;2016-03-05T00:17:30.000000;e6fa7c44-8e3f-470f-b5d4-e2eafcefd3d1;408.61;7.9419;UNKNOWN
2016-03-05T00:17:30.000000;2016-03-05T00:17:30.000000;1084c431-050b-4c2d-88a0-c6d1f0aeacf5;408.61;6.0781;UNKNOWN
2016-03-05T00:17:51.000000;2016-03-05T00:17:51.000000;7b91e4f0-f3af-43f0-9373-d27eaeacb909;408.61;9.035;UNKNOWN
2016-03-05T00:18:16.000000;2016-03-05T00:18:16.000000;fb4d8f49-bf9d-4804-a5ae-337c2c56d853;408.63;8.64;UNKNOWN
2016-03-05T00:18:16.000000;2016-03-05T00:18:16.000000;64c07ea3-ee44-4085-85cb-a53d187a621f;408.62;0.36;UNKNOWN
2016-03-05T00:18:23.000000;2016-03-05T00:18:23.000000;835daabb-ed8b-4ee0-b6c3-4fcb0af23208;408.62;0.02423126;UNKNOWN
2016-03-05T00:19:33.000000;2016-03-05T00:19:33.000000;2621aee2-6efd-41bf-94c6-38b8d496b109;408.73;0.06124427;UNKNOWN
2016-03-05T00:19:37.000000;2016-03-05T00:19:37.000000;68052db7-c54a-430d-87f5-f17b32b9cdcb;408.75;5.0;UNKNOWN
2016-03-05T00:19:46.000000;2016-03-05T00:19:46.000000;63faff91-0073-4126-b002-80e9bc941abc;408.75;5.0;UNKNOWN
2016-03-05T00:19:55.000000;2016-03-05T00:19:55.000000;169aaf63-cf22-4bae-af37-7b8fdf7415cc;408.74;2.0;UNKNOWN
2016-03-05T00:20:00.000000;2016-03-05T00:20:00.000000;99e30d62-b23f-427f-893f-94db6128e220;408.75;7.67;UNKNOWN
2016-03-05T00:20:04.000000;2016-03-05T00:20:04.000000;eb58e6da-43f6-452e-9445-20be30529d12;408.73;2.5;UNKNOWN
2016-03-05T00:20:32.000000;2016-03-05T00:20:32.000000;8cf7e7cf-c680-4e9d-bfbf-84fa1d04ef8c;408.73;0.19102603;UNKNOWN
2016-03-05T00:21:46.000000;2016-03-05T00:21:46.000000;45389fa4-37b1-4dfb-a068-88c6f61ff511;408.75;0.328;UNKNOWN
2016-03-05T00:21:46.000000;2016-03-05T00:21:46.000000;c2ca18fd-12a1-4e2b-9d0d-25077ced9402;408.75;0.24;UNKNOWN
2016-03-05T00:22:13.000000;2016-03-05T00:22:13.000000;b2d1f5ba-21a8-4fa6-964a-139ae4edb73d;408.74;0.12245258;UNKNOWN
2016-03-05T00:22:35.000000;2016-03-05T00:22:35.000000;42e8b84b-8b20-4f39-a21b-909d31673c0c;408.73;2.49335258;UNKNOWN
2016-03-05T00:22:35.000000;2016-03-05T00:22:35.000000;648e5f66-dfb9-4b28-9f27-60ddb3c0dd88;408.74;24.87754742;UNKNOWN
2016-03-05T00:22:57.000000;2016-03-05T00:22:57.000000;f08e3853-91c6-45ab-adf9-4f802072edd7;408.74;2.5;UNKNOWN
2016-03-05T00:23:00.000000;2016-03-05T00:23:00.000000;6a84389c-9028-41f8-8982-be3da8ae1886;408.73;11.75437712;UNKNOWN
2016-03-05T00:23:26.000000;2016-03-05T00:23:26.000000;e8791fd5-1c6b-405b-88de-9317d9c175b3;408.62;24.61576874;UNKNOWN
2016-03-05T00:23:52.000000;2016-03-05T00:23:52.000000;8619b052-8322-4c09-baa7-98cb663b0c37;408.61;3.0;UNKNOWN
2016-03-05T00:24:02.000000;2016-03-05T00:24:02.000000;f6f1ab7e-197e-4ec9-b264-c8d8eb6747e4;408.0;0.87083762;UNKNOWN
2016-03-05T00:24:02.000000;2016-03-05T00:24:02.000000;e35d857f-fd84-4162-a226-62a69fd32f41;408.4;0.25;UNKNOWN
2016-03-05T00:24:02.000000;2016-03-05T00:24:02.000000;1dffaf91-4b89-4338-8942-6fea663b986d;408.47;37.394975;UNKNOWN
2016-03-05T00:24:02.000000;2016-03-05T00:24:02.000000;02235c4e-a996-417e-8904-34117cb51547;408.5;1.632;UNKNOWN
2016-03-05T00:24:02.000000;2016-03-05T00:24:02.000000;5037e90d-cdf2-4c1a-8469-3625adb8645f;408.34;4.54875;UNKNOWN
2016-03-05T00:24:02.000000;2016-03-05T00:24:02.000000;899c88d1-aa15-4d34-b4d6-605f457a8fac;408.6;3.46103738;UNKNOWN
2016-03-05T00:24:02.000000;2016-03-05T00:24:02.000000;5af94625-bbf6-4898-ae02-a2b232d8257c;408.55;1.5;UNKNOWN
2016-03-05T00:24:02.000000;2016-03-05T00:24:02.000000;9c169b76-0768-4366-9290-67bbd9ee0f8f;408.55;0.3424;UNKNOWN
2016-03-05T00:24:12.000000;2016-03-05T00:24:12.000000;72c33cd2-a846-4b78-82ab-6fb4ea2b6f5a;408.0;9.12916238;UNKNOWN
2016-03-05T00:24:12.000000;2016-03-05T00:24:12.000000;8a2cdc4a-32dc-43e6-9b9e-c372bd646ba1;407.71;0.19874442;UNKNOWN
2016-03-05T00:24:14.000000;2016-03-05T00:24:14.000000;2ccee45e-f2b8-4a3e-b3ab-4777424927ee;407.71;4.5;UNKNOWN
2016-03-05T00:24:15.000000;2016-03-05T00:24:15.000000;b224f84b-a8eb-4d2b-bd20-85143727ecae;407.62;9.76171135;UNKNOWN
2016-03-05T00:24:15.000000;2016-03-05T00:24:15.000000;613e2e8d-dc75-4332-8499-9e39fcf770fc;407.71;5.0;UNKNOWN
2016-03-05T00:24:15.000000;2016-03-05T00:24:15.000000;6a321bba-ae9f-4362-8ea8-cc302731f4af;407.71;10.30125558;UNKNOWN
2016-03-05T00:24:16.000000;2016-03-05T00:24:16.000000;f2e2a112-7dab-4be1-8ba2-1e51dad7fb27;407.73;0.13;UNKNOWN
2016-03-05T00:24:43.000000;2016-03-05T00:24:43.000000;d0107691-e2dd-4b79-8574-4c66f008beff;407.63;0.24467;UNKNOWN
2016-03-05T00:25:33.000000;2016-03-05T00:25:33.000000;5f738e61-84c9-4b25-a6e9-5f14492cccd5;407.79;6.0674;UNKNOWN
2016-03-05T00:25:33.000000;2016-03-05T00:25:33.000000;51475602-ec61-474a-92f1-f7d8d292fc95;407.75;0.629979;UNKNOWN
2016-03-05T00:25:33.000000;2016-03-05T00:25:33.000000;9140ddfb-c644-4dfe-abf2-8672a6068f80;408.1;3.302621;UNKNOWN
2016-03-05T00:26:41.000000;2016-03-05T00:26:41.000000;f60997d9-7aca-4211-bd03-766ddb65bc59;408.11;0.05;UNKNOWN
2016-03-05T00:27:03.000000;2016-03-05T00:27:03.000000;2430c9e5-e61c-4e6f-be1d-d9df9820a9c4;408.2;0.1474745;UNKNOWN
2016-03-05T00:27:04.000000;2016-03-05T00:27:04.000000;4bb729fb-e3d4-4da2-b085-2a982c5ed59b;408.2;0.2;UNKNOWN
2016-03-05T00:28:32.000000;2016-03-05T00:28:32.000000;d8452bd8-5a41-4e96-8ff4-b285a0f1b5e9;408.2;0.9;UNKNOWN
2016-03-05T00:28:34.000000;2016-03-05T00:28:34.000000;d3e03edc-bfda-4005-8d5b-638d52a5dc47;408.2;0.48443444;UNKNOWN
2016-03-05T00:29:14.000000;2016-03-05T00:29:14.000000;441d7f5f-2884-4a54-937e-1b14e2c08071;408.21;5.0;UNKNOWN
2016-03-05T00:29:24.000000;2016-03-05T00:29:24.000000;6494cb4b-d30a-4c08-a6de-5ee48a6cbc53;408.22;0.2;UNKNOWN
2016-03-05T00:29:24.000000;2016-03-05T00:29:24.000000;67e90d7a-3b97-4bbf-8e8f-ac124ccdcb99;408.21;0.43;UNKNOWN
2016-03-05T00:29:25.000000;2016-03-05T00:29:25.000000;a6259089-3351-463e-9959-8cf8ccfe42af;408.28;4.37;UNKNOWN
2016-03-05T00:29:46.000000;2016-03-05T00:29:46.000000;f45764a1-cf12-476d-8e15-186d2cc2983a;408.2;0.50175012;UNKNOWN
2016-03-05T00:29:53.000000;2016-03-05T00:29:53.000000;206dd9ac-4d5b-4d89-b3d3-81a2a9987d24;408.31;0.2464;UNKNOWN
2016-03-05T00:30:15.000000;2016-03-05T00:30:15.000000;51807e19-181e-4c21-a19b-ac06bd3e7ec2;408.21;0.1274;UNKNOWN
2016-03-05T00:30:52.000000;2016-03-05T00:30:52.000000;70fb2b2d-c171-4254-98b2-1534df87630e;408.2;10.0;UNKNOWN
2016-03-05T00:30:52.000000;2016-03-05T00:30:52.000000;48469677-28d8-4943-9676-dfd7ed6e5d05;408.2;2.76634094;UNKNOWN
2016-03-05T00:30:52.000000;2016-03-05T00:30:52.000000;7ca7f749-2873-4a4f-ab46-e618df66c88f;408.05;7.48704186;UNKNOWN
2016-03-05T00:31:13.000000;2016-03-05T00:31:13.000000;e06110a3-4823-4147-a620-402ffc06174b;408.06;0.03;UNKNOWN
2016-03-05T00:31:14.000000;2016-03-05T00:31:14.000000;cb734067-337e-4066-9964-652e9bbe6731;408.06;0.27;UNKNOWN
2016-03-05T00:31:14.000000;2016-03-05T00:31:14.000000;7d07d0e5-193f-4297-949c-7179eddf66cd;408.06;1.54556;UNKNOWN
2016-03-05T00:31:16.000000;2016-03-05T00:31:16.000000;ad549527-c0c4-498b-97d8-b2d070dd0cbf;408.06;0.15444;UNKNOWN
2016-03-05T00:31:18.000000;2016-03-05T00:31:18.000000;e995bfa6-3a48-4ea6-a9a5-b19bd634daa0;408.05;17.51295814;UNKNOWN
2016-03-05T00:31:18.000000;2016-03-05T00:31:18.000000;bbbd77d4-aa64-446e-bce1-84b6f891347a;407.9;28.48704186;UNKNOWN
2016-03-05T00:31:31.000000;2016-03-05T00:31:31.000000;ba128be2-1de8-4c01-ba29-3b90648ad645;407.9;24.4311;UNKNOWN
2016-03-05T00:31:37.000000;2016-03-05T00:31:37.000000;8e90f522-6db0-4c2a-8368-4b1ccd3bea65;407.9;29.7523;UNKNOWN
2016-03-05T00:31:54.000000;2016-03-05T00:31:54.000000;c7ee846c-1eb0-4be8-9b83-8a03b4c4df44;407.9;17.32955814;UNKNOWN
2016-03-05T00:31:54.000000;2016-03-05T00:31:54.000000;5d91f4de-0013-41a8-ab71-4d3b6d2240dc;407.9;0.1;UNKNOWN
2016-03-05T00:32:29.000000;2016-03-05T00:32:29.000000;4710e94c-cb2b-4432-9a00-ef5b5b3cc16d;407.61;0.0427;UNKNOWN
2016-03-05T00:33:11.000000;2016-03-05T00:33:11.000000;19b4d6e6-05d1-4548-b235-07cf000eb5f9;407.61;0.1;UNKNOWN
2016-03-05T00:33:11.000000;2016-03-05T00:33:11.000000;b2436a79-09b7-451c-8e2e-f82b7460003f;407.6;0.6420576;UNKNOWN
2016-03-05T00:33:58.000000;2016-03-05T00:33:58.000000;d0bf5a1b-929d-4aae-a851-8f67a9afc28e;407.6;0.0336;UNKNOWN
2016-03-05T00:34:33.000000;2016-03-05T00:34:33.000000;7157b0c3-b900-4506-aaeb-d9471734bd36;407.6;0.09852;UNKNOWN
2016-03-05T00:34:45.000000;2016-03-05T00:34:45.000000;06be2ac3-d959-4b7c-9d27-b2bff144e530;407.6;0.16;UNKNOWN
2016-03-05T00:34:58.000000;2016-03-05T00:34:58.000000;0f1c4c7f-5202-4fbe-b42a-a3a850847811;407.6;4.9540224;UNKNOWN
2016-03-05T00:35:32.000000;2016-03-05T00:35:32.000000;792b762d-26a4-4310-aa39-2f9504e38b5d;407.58;10.0;UNKNOWN
2016-03-05T00:35:35.000000;2016-03-05T00:35:35.000000;48569ab2-9f38-4b0e-8b68-a8ae565ae35a;407.42;10.0;UNKNOWN
2016-03-05T00:35:35.000000;2016-03-05T00:35:35.000000;d66c8121-fe80-4b23-b495-b4d6c31b1e84;407.58;26.37485;UNKNOWN
2016-03-05T00:35:35.000000;2016-03-05T00:35:35.000000;3319d08f-474d-4623-8964-9eb30862d845;407.31;114.50637282;UNKNOWN
2016-03-05T00:35:35.000000;2016-03-05T00:35:35.000000;d15c5d80-0831-4913-9aab-6f77cf58abcc;407.45;5.0;UNKNOWN
2016-03-05T00:35:35.000000;2016-03-05T00:35:35.000000;2340892a-732e-4aa3-931a-1565f34f68d8;407.42;20.0;UNKNOWN
2016-03-05T00:35:35.000000;2016-03-05T00:35:35.000000;de3593b5-a4ed-4f12-925d-fb17ba426797;407.32;0.25;UNKNOWN
2016-03-05T00:35:35.000000;2016-03-05T00:35:35.000000;37c24ad3-99e3-4137-bfb6-e614870458f5;407.37;1.0;UNKNOWN
2016-03-05T00:35:35.000000;2016-03-05T00:35:35.000000;d055e0dc-d981-458f-98bd-4016d8f59eff;407.5;17.3423349;UNKNOWN
2016-03-05T00:35:42.000000;2016-03-05T00:35:42.000000;6e9a7487-2f4e-47fc-8a1f-61e2569e882b;407.33;0.467;UNKNOWN
2016-03-05T00:35:42.000000;2016-03-05T00:35:42.000000;09921a14-330a-48ff-8f21-da70cbc5ec7c;407.33;1.07;UNKNOWN
2016-03-05T00:35:43.000000;2016-03-05T00:35:43.000000;a14a03fd-7bec-4b3d-a567-0dd2ed7e7492;407.43;0.25;UNKNOWN
2016-03-05T00:36:03.000000;2016-03-05T00:36:03.000000;485c3b59-b4bf-407a-bd2d-aec05a755b66;407.33;0.6;UNKNOWN
2016-03-05T00:36:06.000000;2016-03-05T00:36:06.000000;661aba6c-9b0c-4f34-82a3-791a77fd8fbe;407.36;0.5;UNKNOWN
2016-03-05T00:37:11.000000;2016-03-05T00:37:11.000000;aaff43cb-664e-45ab-b2c3-8ca1a0b2e605;407.32;0.1874;UNKNOWN
2016-03-05T00:37:21.000000;2016-03-05T00:37:21.000000;5dcc0573-39ad-4b66-90ae-e3bccb1a90de;407.31;4.4;UNKNOWN
2016-03-05T00:37:21.000000;2016-03-05T00:37:21.000000;adaa0cde-3a06-4d51-a5fd-ad183f704443;407.32;15.6;UNKNOWN
2016-03-05T00:37:58.000000;2016-03-05T00:37:58.000000;6660f232-07c8-43c4-b9a0-ec8fbc563ab5;407.32;0.7411;UNKNOWN
2016-03-05T00:38:30.000000;2016-03-05T00:38:30.000000;ef87ab6e-e61f-4dda-89d0-f42f2b2f1e93;407.31;0.8618;UNKNOWN
2016-03-05T00:38:41.000000;2016-03-05T00:38:41.000000;021e1110-6d79-4a6b-b542-c78c4d34b1ea;407.31;0.025;UNKNOWN
2016-03-05T00:38:53.000000;2016-03-05T00:38:53.000000;8cb165ae-8ee5-49a5-976d-1727ea10b462;407.31;0.1;UNKNOWN
2016-03-05T00:38:53.000000;2016-03-05T00:38:53.000000;d954b5a6-d3ef-4faf-8139-27c25ab6fb9c;407.31;80.20682718;UNKNOWN
2016-03-05T00:39:18.000000;2016-03-05T00:39:18.000000;4dc94307-006e-4016-9be6-45fa7566bedf;407.22;0.14;UNKNOWN
2016-03-05T00:39:40.000000;2016-03-05T00:39:40.000000;7c3f2e2b-420c-401c-8b0e-4b6e95341e68;407.23;0.1;UNKNOWN
2016-03-05T00:39:43.000000;2016-03-05T00:39:43.000000;267b1b1a-47b4-43f2-9f1a-177d206c3f72;407.22;0.5371316;UNKNOWN
2016-03-05T00:39:53.000000;2016-03-05T00:39:53.000000;146b0197-dc24-4684-86e7-335a7a7e52b4;407.22;0.02;UNKNOWN
2016-03-05T00:39:59.000000;2016-03-05T00:39:59.000000;bb042ffa-9251-49cb-919b-7ada39f88007;407.22;3.3028684;UNKNOWN
2016-03-05T00:39:59.000000;2016-03-05T00:39:59.000000;ffbda08e-533e-4785-8c2b-3af4212118f1;407.2;6.6971316;UNKNOWN
2016-03-05T00:40:00.000000;2016-03-05T00:40:00.000000;c33a2982-b2b9-441f-b65b-7c452210a0d6;407.12;0.0614;UNKNOWN
2016-03-05T00:40:00.000000;2016-03-05T00:40:00.000000;33e825b7-06c4-4530-b669-7df0b5664cdd;407.1;30.86692785;UNKNOWN
2016-03-05T00:40:00.000000;2016-03-05T00:40:00.000000;0a0550e5-1d07-415a-b367-8b60274ba0a7;407.16;0.0168;UNKNOWN
2016-03-05T00:40:00.000000;2016-03-05T00:40:00.000000;75229bdf-6141-4857-90dc-0fea74a3c8b5;407.2;23.3028684;UNKNOWN
2016-03-05T00:40:00.000000;2016-03-05T00:40:00.000000;9ae6a29d-acb2-45e8-8d78-5224e5f9010c;407.2;0.6153042;UNKNOWN
2016-03-05T00:40:20.000000;2016-03-05T00:40:20.000000;16b3dbb2-5a2e-4c5a-8bda-575b6ca425cc;407.09;0.2;UNKNOWN
2016-03-05T00:40:20.000000;2016-03-05T00:40:20.000000;6d49618a-3a28-42ac-9a7c-6843a904a755;407.0;1.3107;UNKNOWN
2016-03-05T00:40:20.000000;2016-03-05T00:40:20.000000;d711ca3d-55da-4fee-ae8b-117b7eff8f70;407.0;1.0;UNKNOWN
2016-03-05T00:40:20.000000;2016-03-05T00:40:20.000000;ef6f285a-8abf-49db-bdf0-9a8bf3c0c668;407.0;0.25;UNKNOWN
2016-03-05T00:40:20.000000;2016-03-05T00:40:20.000000;ce49e49f-6673-45fb-b589-22a37dfef041;407.05;0.04;UNKNOWN
2016-03-05T00:40:20.000000;2016-03-05T00:40:20.000000;a0ccbfc7-15df-4c90-9614-3cc34617052e;407.0;7.81622785;UNKNOWN
2016-03-05T00:40:20.000000;2016-03-05T00:40:20.000000;7cd82b08-68e0-45cf-b149-52714fb2603c;407.0;0.25;UNKNOWN
2016-03-05T00:40:20.000000;2016-03-05T00:40:20.000000;0988e192-21a7-4a3b-abf8-2f5f9ac09859;407.1;19.13307215;UNKNOWN
2016-03-05T00:40:26.000000;2016-03-05T00:40:26.000000;be2527f6-881b-44e0-abca-7f3c4c1eed85;407.0;2.83863785;UNKNOWN
2016-03-05T00:40:26.000000;2016-03-05T00:40:26.000000;c6a1b31b-4c6e-4a74-a244-cf297b6da719;407.0;1.8;UNKNOWN
2016-03-05T00:40:26.000000;2016-03-05T00:40:26.000000;8624a858-0e5f-4e96-a9e5-0ec0a3b8e746;407.0;2.16136215;UNKNOWN
2016-03-05T00:40:26.000000;2016-03-05T00:40:26.000000;e6db953e-d0cc-40c2-8d01-22a128622efa;407.0;0.02241;UNKNOWN
2016-03-05T00:40:35.000000;2016-03-05T00:40:35.000000;18519aca-868c-450d-afff-134fc4c673f1;407.0;0.156;UNKNOWN
2016-03-05T00:40:50.000000;2016-03-05T00:40:50.000000;b3298991-dbbe-45da-a379-d5594766d7c3;407.0;2.0;UNKNOWN
2016-03-05T00:40:59.000000;2016-03-05T00:40:59.000000;961c9505-6632-4f6a-80d2-ee7df2e8089d;407.0;0.7;UNKNOWN
2016-03-05T00:40:59.000000;2016-03-05T00:40:59.000000;624c080b-ae19-4415-9a80-c35903703c6d;407.0;6.16564431;UNKNOWN
2016-03-05T00:40:59.000000;2016-03-05T00:40:59.000000;098e2a0d-bdc0-4f6f-b243-00362f48f8bb;407.0;13.13435569;UNKNOWN
2016-03-05T00:41:01.000000;2016-03-05T00:41:01.000000;2ffed30c-275d-49ed-a0ab-bfc23fe60db2;407.0;0.2;UNKNOWN
2016-03-05T00:41:05.000000;2016-03-05T00:41:05.000000;66f61b17-4d15-402f-93e9-b7638e980057;407.0;1.0;UNKNOWN
2016-03-05T00:41:05.000000;2016-03-05T00:41:05.000000;be8b870c-f118-4175-be6f-8e5f36b3c9c9;407.0;0.2;UNKNOWN
2016-03-05T00:41:05.000000;2016-03-05T00:41:05.000000;2a5d88c1-d154-4726-88f2-4d40b3dfcc8a;407.0;3.63435569;UNKNOWN
2016-03-05T00:41:18.000000;2016-03-05T00:41:18.000000;f6d77a41-c088-4054-b6b0-c555e79ddf30;406.99;0.05005;UNKNOWN
2016-03-05T00:41:21.000000;2016-03-05T00:41:21.000000;c91c63da-f4ff-45ec-880d-c9e4d173233d;406.87;0.026;UNKNOWN
2016-03-05T00:41:31.000000;2016-03-05T00:41:31.000000;6b31900e-1d8a-4c64-9136-86948810ca00;406.9;0.25;UNKNOWN
2016-03-05T00:41:32.000000;2016-03-05T00:41:32.000000;23e22b1f-e63f-4244-94b1-c2e00499b1eb;406.87;10.0;UNKNOWN
2016-03-05T00:41:36.000000;2016-03-05T00:41:36.000000;32084ae1-07b5-4093-9d7f-e08bb6c46634;406.87;15.0;UNKNOWN
2016-03-05T00:41:50.000000;2016-03-05T00:41:50.000000;3f01fc71-ed48-4754-ae4a-13034fd1da69;406.89;6.1124;UNKNOWN
2016-03-05T00:41:50.000000;2016-03-05T00:41:50.000000;09cd6377-4735-497d-be45-6feaf3bdb632;406.9;2.18765;UNKNOWN
2016-03-05T00:41:50.000000;2016-03-05T00:41:50.000000;533f1f90-f40c-4ee4-8bdd-6623b77fd085;406.9;1.69995;UNKNOWN
2016-03-05T00:41:56.000000;2016-03-05T00:41:56.000000;b549992c-a781-4bdf-b2cc-a9aba344e825;406.87;0.166;UNKNOWN
2016-03-05T00:41:56.000000;2016-03-05T00:41:56.000000;f7b91271-e277-44ed-bfa2-91f75762b5d1;406.9;0.28936277;UNKNOWN
2016-03-05T00:42:02.000000;2016-03-05T00:42:02.000000;34a1cecc-899d-497c-8de7-b3c04913285a;406.9;0.01362536;UNKNOWN
2016-03-05T00:42:18.000000;2016-03-05T00:42:18.000000;343c4e8b-ac61-4fcc-8814-ab6267bc557a;406.88;0.29593577;UNKNOWN
2016-03-05T00:42:23.000000;2016-03-05T00:42:23.000000;eabac904-ed44-4d00-af79-3266f83d294f;406.88;0.01;UNKNOWN
2016-03-05T00:42:46.000000;2016-03-05T00:42:46.000000;110458dc-5697-4090-8392-914105f388c5;406.88;0.29417816;UNKNOWN
2016-03-05T00:42:54.000000;2016-03-05T00:42:54.000000;e410e558-1057-4bb7-8775-6823b2a1b5f3;406.87;0.05;UNKNOWN
2016-03-05T00:42:55.000000;2016-03-05T00:42:55.000000;1134a195-0653-4494-94d3-57e9b5c63085;406.88;0.01;UNKNOWN
2016-03-05T00:43:07.000000;2016-03-05T00:43:07.000000;560df45b-5e8a-4e41-b096-d5ef973a6368;406.87;1.0;UNKNOWN
2016-03-05T00:43:11.000000;2016-03-05T00:43:11.000000;88e41a79-b0cf-4404-a293-d4a42f828e02;406.88;0.08689794;UNKNOWN
2016-03-05T00:43:23.000000;2016-03-05T00:43:23.000000;40350205-51b9-47d4-b4b3-cbc4184d9506;406.87;0.05412545;UNKNOWN
2016-03-05T00:43:30.000000;2016-03-05T00:43:30.000000;0fc36017-c836-4fb2-9340-24e677291c7d;406.87;0.1;UNKNOWN
2016-03-05T00:43:43.000000;2016-03-05T00:43:43.000000;1ca231cc-8381-4706-adad-90e1ec201a79;406.87;3.60387455;UNKNOWN
2016-03-05T00:43:43.000000;2016-03-05T00:43:43.000000;bb99246d-6833-4689-9d5f-c40232838917;406.86;0.1828;UNKNOWN
2016-03-05T00:43:43.000000;2016-03-05T00:43:43.000000;6bd06ac3-187b-43a6-9c69-b6c2c9ba6263;406.69;1.33804527;UNKNOWN
2016-03-05T00:43:43.000000;2016-03-05T00:43:43.000000;9190c469-ee8b-4af0-98b6-6701a7f726e2;406.85;1.0259;UNKNOWN
2016-03-05T00:43:46.000000;2016-03-05T00:43:46.000000;f98e103f-c5b5-4a6e-bc62-25d1dbd871c2;406.11;2.9795791;UNKNOWN
2016-03-05T00:43:46.000000;2016-03-05T00:43:46.000000;fc713212-3e10-4513-b203-609e27952e53;406.49;0.1;UNKNOWN
2016-03-05T00:43:46.000000;2016-03-05T00:43:46.000000;6f7964ca-73e2-4f0c-9850-ab2b1e923731;406.35;0.045354;UNKNOWN
2016-03-05T00:43:46.000000;2016-03-05T00:43:46.000000;9856898a-01c7-4ecd-bc71-0312cae5e3e8;406.55;0.1;UNKNOWN
2016-03-05T00:43:46.000000;2016-03-05T00:43:46.000000;0db05a02-8d0d-448e-afa1-5ca8ad1aa82d;406.45;5.0;UNKNOWN
2016-03-05T00:43:46.000000;2016-03-05T00:43:46.000000;0b5f1e46-4a8e-48e1-9c65-69489a974e07;406.15;0.01311217;UNKNOWN
2016-03-05T00:43:46.000000;2016-03-05T00:43:46.000000;66081e05-21b9-40eb-bc0b-2cfdee7ddbca;406.5;0.2;UNKNOWN
2016-03-05T00:43:46.000000;2016-03-05T00:43:46.000000;ae71dda2-feb0-4c17-8056-0dbefc00423b;406.44;1.0;UNKNOWN
2016-03-05T00:43:46.000000;2016-03-05T00:43:46.000000;fe34726e-0dde-48a5-b841-74327432ce61;406.62;5.0;UNKNOWN
2016-03-05T00:43:46.000000;2016-03-05T00:43:46.000000;e1fe260a-be94-4d85-b4cc-307ac878b3e6;406.69;3.66195473;UNKNOWN
2016-03-05T00:43:46.000000;2016-03-05T00:43:46.000000;7a5f62ca-54f3-4f3b-98f0-fa4438b1b6a6;406.44;1.9;UNKNOWN
2016-03-05T00:43:58.000000;2016-03-05T00:43:58.000000;85742b3b-6fed-4d37-b39e-8e267555e164;406.15;0.5;UNKNOWN
2016-03-05T00:44:03.000000;2016-03-05T00:44:03.000000;215bf7d5-99d0-420b-a177-6bef8cbd9b60;406.15;0.0747465;UNKNOWN
2016-03-05T00:44:06.000000;2016-03-05T00:44:06.000000;b03833d8-8a04-499d-bbf6-18c99157e451;406.2;4.5;UNKNOWN
2016-03-05T00:44:19.000000;2016-03-05T00:44:19.000000;6d5499b8-3724-4b11-8472-d7a53a1c6494;406.25;0.01;UNKNOWN
2016-03-05T00:44:26.000000;2016-03-05T00:44:26.000000;ca08db98-0209-45a9-960c-f2e7b40e18ed;406.25;0.465;UNKNOWN
2016-03-05T00:44:27.000000;2016-03-05T00:44:27.000000;fa8e4193-b0ae-4e50-8bc9-c8cfb3210795;406.25;1.0;UNKNOWN
2016-03-05T00:44:27.000000;2016-03-05T00:44:27.000000;d81dd989-5945-4a82-a3b2-a6c39fcebb20;406.25;0.1;UNKNOWN
2016-03-05T00:44:42.000000;2016-03-05T00:44:42.000000;3d388581-2089-4725-9df6-c0e89b42a071;406.25;5.0;UNKNOWN
2016-03-05T00:44:48.000000;2016-03-05T00:44:48.000000;c5eea8bd-8f9a-42e8-a210-7f43a0093ce5;406.26;0.175;UNKNOWN
2016-03-05T00:45:02.000000;2016-03-05T00:45:02.000000;25ae7957-287e-4924-917c-0a55b64881ec;406.31;0.05;UNKNOWN
2016-03-05T00:45:06.000000;2016-03-05T00:45:06.000000;6d3c507c-a8ca-475b-845a-7488e82cdc4f;406.25;0.23;UNKNOWN
2016-03-05T00:45:10.000000;2016-03-05T00:45:10.000000;af60c517-ea83-4c83-9d5a-38d865da8952;406.25;0.0905;UNKNOWN
2016-03-05T00:45:29.000000;2016-03-05T00:45:29.000000;45be75e6-642e-4573-867e-25dd4c8e1f5e;406.26;0.033;UNKNOWN
2016-03-05T00:45:40.000000;2016-03-05T00:45:40.000000;174dd0f0-ad10-459f-bc39-5f4b8cb51f6f;406.26;0.497;UNKNOWN
2016-03-05T00:45:48.000000;2016-03-05T00:45:48.000000;5c7d5225-2620-4349-b7b8-d6dfce37f59e;406.25;3.1045;UNKNOWN
2016-03-05T00:45:48.000000;2016-03-05T00:45:48.000000;4d11af3e-e6c9-4bf9-afa1-0e72c61a7fa8;406.2;3.5;UNKNOWN
2016-03-05T00:45:48.000000;2016-03-05T00:45:48.000000;281be450-7981-49c0-942e-90ec12a2c03f;406.2;8.0;UNKNOWN
2016-03-05T00:45:53.000000;2016-03-05T00:45:53.000000;9378f1b7-b262-4d7b-ab14-7e10af14cb54;406.2;1.0;UNKNOWN
2016-03-05T00:46:06.000000;2016-03-05T00:46:06.000000;f2ca4d9b-1de7-4320-98ec-41ad17e9d32e;406.2;0.17673265;UNKNOWN
2016-03-05T00:46:13.000000;2016-03-05T00:46:13.000000;f6e80bf7-ae5c-4f44-8216-b6ace45d8815;406.2;0.16;UNKNOWN
2016-03-05T00:46:25.000000;2016-03-05T00:46:25.000000;9c6ab63f-a178-468d-af3e-ed79222dc135;406.18;5.0;UNKNOWN
2016-03-05T00:46:31.000000;2016-03-05T00:46:31.000000;732aef82-95c1-4ee2-8506-d844cf510eec;406.19;4.85914552;UNKNOWN
2016-03-05T00:46:31.000000;2016-03-05T00:46:31.000000;67645a07-6dfc-4cef-b84b-fe72464f89f5;406.19;4.85260221;UNKNOWN
2016-03-05T00:46:31.000000;2016-03-05T00:46:31.000000;81a2ff6d-1eb2-4cff-ac6e-b16d430d13bc;406.19;6.0783;UNKNOWN
2016-03-05T00:46:31.000000;2016-03-05T00:46:31.000000;dfcb9053-35f7-4a38-aa75-791270380ebe;406.2;14.05876735;UNKNOWN
2016-03-05T00:46:31.000000;2016-03-05T00:46:31.000000;9f3207eb-a6a6-4b87-b695-7d1da015469d;406.19;50.0;UNKNOWN
2016-03-05T00:46:31.000000;2016-03-05T00:46:31.000000;179a033f-2b18-4867-9a66-cbb5a3984c3f;406.2;2.41118492;UNKNOWN
2016-03-05T00:46:31.000000;2016-03-05T00:46:31.000000;4e632ccd-7f32-432f-bc97-98a3acddc958;406.19;17.74;UNKNOWN
2016-03-05T00:46:33.000000;2016-03-05T00:46:33.000000;1574a47d-8712-4311-afe5-64cc2c263c41;406.19;4.85920455;UNKNOWN
2016-03-05T00:46:35.000000;2016-03-05T00:46:35.000000;71225f77-4906-44ca-ba0d-ddba02d4b400;406.19;4.85920455;UNKNOWN
2016-03-05T00:46:42.000000;2016-03-05T00:46:42.000000;e6a71007-e9cc-4a01-b605-454d429fb13e;406.19;4.85902746;UNKNOWN
2016-03-05T00:46:46.000000;2016-03-05T00:46:46.000000;e7476c82-6ae1-4564-83e3-0f492939779b;406.18;1.9;UNKNOWN
2016-03-05T00:46:53.000000;2016-03-05T00:46:53.000000;c0ed8be0-8c89-4cf0-bcd0-32c6562bb214;406.18;1.1;UNKNOWN
2016-03-05T00:47:27.000000;2016-03-05T00:47:27.000000;e0ca15c7-5aed-4e1d-89a3-f989ba4de5fc;406.16;0.5;UNKNOWN
2016-03-05T00:47:28.000000;2016-03-05T00:47:28.000000;8fda6944-e83b-4ee9-bd37-6b6a37797397;406.12;5.0;UNKNOWN
2016-03-05T00:47:37.000000;2016-03-05T00:47:37.000000;ca26854c-fbba-47cd-a604-32ba4a01abb9;406.11;18.9536;UNKNOWN
2016-03-05T00:47:37.000000;2016-03-05T00:47:37.000000;da66a98a-0e41-4fc7-a6c0-923a9ed094c3;406.12;10.384;UNKNOWN
2016-03-05T00:47:40.000000;2016-03-05T00:47:40.000000;d0e64b9f-4a6f-4ac5-962c-5aa44e37f761;406.1;3.0;UNKNOWN
2016-03-05T00:47:40.000000;2016-03-05T00:47:40.000000;48219ad2-c4ad-4a52-8818-50e087a415b7;406.09;0.2;UNKNOWN
2016-03-05T00:47:40.000000;2016-03-05T00:47:40.000000;acbc5cd8-7848-4646-9e52-d8422b752286;406.11;8.0668209;UNKNOWN
2016-03-05T00:47:40.000000;2016-03-05T00:47:40.000000;d11034e1-5cfd-4873-bcb0-7bac2dd2406c;406.1;0.5;UNKNOWN
2016-03-05T00:47:48.000000;2016-03-05T00:47:48.000000;e18c4f12-ec8b-4da6-baa5-7ba676dd9529;406.0;10.0;UNKNOWN
2016-03-05T00:47:48.000000;2016-03-05T00:47:48.000000;d0b486df-68c5-49dd-bc9d-7255c6db6e75;406.0;10.0;UNKNOWN
2016-03-05T00:47:48.000000;2016-03-05T00:47:48.000000;9441c1b0-a419-4d7b-a95a-2499c831f12e;406.0;1.0;UNKNOWN
2016-03-05T00:47:48.000000;2016-03-05T00:47:48.000000;df04d85b-d7d5-4fa4-8310-ac17376a0375;406.0;0.95;UNKNOWN
2016-03-05T00:47:48.000000;2016-03-05T00:47:48.000000;51a9f852-6f26-41a5-90c5-b0850ba7003d;406.0;0.8;UNKNOWN
2016-03-05T00:47:48.000000;2016-03-05T00:47:48.000000;02a6ef71-def5-4285-a9d5-d477022c01fc;406.0;0.5;UNKNOWN
2016-03-05T00:47:48.000000;2016-03-05T00:47:48.000000;1407b18e-47d4-4b6c-8c74-2b4a7bca825e;406.06;0.5;UNKNOWN
2016-03-05T00:47:48.000000;2016-03-05T00:47:48.000000;655ec89c-1dcf-47c8-8b8a-fa4f525ccc2f;406.0;0.2;UNKNOWN
2016-03-05T00:47:48.000000;2016-03-05T00:47:48.000000;35a2ce85-aa73-4bfc-a461-5e334044097e;406.0;0.6893;UNKNOWN
2016-03-05T00:47:48.000000;2016-03-05T00:47:48.000000;1b6aebd4-89a8-412d-ba0c-6cf4945ad303;406.03;0.0116;UNKNOWN
2016-03-05T00:47:51.000000;2016-03-05T00:47:51.000000;561c512f-e62d-4f57-963f-f8a29cf20a00;405.89;0.04005;UNKNOWN
2016-03-05T00:47:51.000000;2016-03-05T00:47:51.000000;7eb66722-6c10-41a0-8043-b8f11ec8e839;406.0;0.2;UNKNOWN
2016-03-05T00:47:51.000000;2016-03-05T00:47:51.000000;61890b15-d2d0-4b0d-b9ac-5da0be96ce9a;406.0;9.3107;UNKNOWN
2016-03-05T00:47:51.000000;2016-03-05T00:47:51.000000;549ae7b9-289b-44d8-9aa5-003e32e540e7;405.79;10.69127885;UNKNOWN
2016-03-05T00:47:51.000000;2016-03-05T00:47:51.000000;1201ef93-0dd7-4083-be0e-4f4a52fafb60;406.0;10.0;UNKNOWN
2016-03-05T00:47:51.000000;2016-03-05T00:47:51.000000;c697eb65-24b4-47a1-a59e-41a41a04407e;406.0;0.4;UNKNOWN
2016-03-05T00:47:51.000000;2016-03-05T00:47:51.000000;0370e4e7-8943-4900-9ed0-77e4a9bd643f;405.81;0.11287115;UNKNOWN
2016-03-05T00:47:51.000000;2016-03-05T00:47:51.000000;916f75a2-f99c-47ef-954d-01e9111268f2;405.99;0.0492;UNKNOWN
2016-03-05T00:47:54.000000;2016-03-05T00:47:54.000000;d5d5430a-0334-447a-a43a-fbb7eee75052;405.79;25.2317;UNKNOWN
2016-03-05T00:47:56.000000;2016-03-05T00:47:56.000000;18afaaca-07cc-44c1-b48e-29098efe6e38;405.79;0.1;UNKNOWN
2016-03-05T00:47:56.000000;2016-03-05T00:47:56.000000;8d070a15-bda6-47c0-b0bc-a6efb14af908;405.79;1.33774719;UNKNOWN
2016-03-05T00:47:57.000000;2016-03-05T00:47:57.000000;d7d4970e-3f05-4dbc-91d8-561bf6f0e440;405.76;3.19082604;UNKNOWN
2016-03-05T00:47:57.000000;2016-03-05T00:47:57.000000;3839b0ff-2ff1-428e-a411-9da2f478324f;405.79;22.63927396;UNKNOWN
2016-03-05T00:47:58.000000;2016-03-05T00:47:58.000000;841a63ad-6841-4904-8650-c43eff16456c;405.76;27.61889544;UNKNOWN
2016-03-05T00:47:58.000000;2016-03-05T00:47:58.000000;0a049f29-36c1-42e5-88a3-6133ea7dec15;405.8;0.19;UNKNOWN
2016-03-05T00:48:01.000000;2016-03-05T00:48:01.000000;126b6e87-1329-4dfc-b52c-7999e3cb3424;405.76;19.19027852;UNKNOWN
2016-03-05T00:48:01.000000;2016-03-05T00:48:01.000000;1d0e5766-e4a2-4a9e-8210-44d49d56310c;405.69;5.0;UNKNOWN
2016-03-05T00:48:01.000000;2016-03-05T00:48:01.000000;7afb53ce-381a-41d6-aeb9-36fb96bc4f30;405.69;0.25092148;UNKNOWN
2016-03-05T00:48:03.000000;2016-03-05T00:48:03.000000;7dbe7857-452f-4e4f-ad98-00325de7babe;405.8;0.19;UNKNOWN
2016-03-05T00:48:03.000000;2016-03-05T00:48:03.000000;86446565-f5c3-4320-b8c2-6a0f59317d83;405.69;24.1141;UNKNOWN
2016-03-05T00:48:06.000000;2016-03-05T00:48:06.000000;701ad05e-eee4-4290-8c6e-98f51afa1167;405.7;0.2;UNKNOWN
2016-03-05T00:48:06.000000;2016-03-05T00:48:06.000000;c257510f-d4eb-4165-b50b-de71df0b5b33;405.67;0.1;UNKNOWN
2016-03-05T00:48:06.000000;2016-03-05T00:48:06.000000;939e829d-d805-44b5-b1b3-38e47a90808b;405.6;5.16526287;UNKNOWN
2016-03-05T00:48:06.000000;2016-03-05T00:48:06.000000;50c87cb6-b3fe-4a3d-aa85-ff9e68b3e4f6;405.6;10.0;UNKNOWN
2016-03-05T00:48:06.000000;2016-03-05T00:48:06.000000;5fe32f8f-bb0c-4c15-a90e-3385ff9f77c0;405.69;5.63497852;UNKNOWN
2016-03-05T00:48:06.000000;2016-03-05T00:48:06.000000;35e51679-b090-4a4a-871a-f9f4ae531649;405.67;0.0526;UNKNOWN
2016-03-05T00:48:09.000000;2016-03-05T00:48:09.000000;66ef7ffa-2727-421f-bea9-91580f8cd634;405.69;0.2;UNKNOWN
2016-03-05T00:48:15.000000;2016-03-05T00:48:15.000000;1796d1be-fb59-4c55-b778-90a3ddb449b5;405.51;0.21;UNKNOWN
2016-03-05T00:48:15.000000;2016-03-05T00:48:15.000000;9ed6fbe1-fb18-4085-84bd-3ae4f55f22bb;405.5;2.0;UNKNOWN
2016-03-05T00:48:15.000000;2016-03-05T00:48:15.000000;483ffa7c-4ce7-4c19-b87e-91a515b09cb9;405.5;0.5;UNKNOWN
2016-03-05T00:48:15.000000;2016-03-05T00:48:15.000000;97b56770-1a9d-4355-8a0d-80cad47e3cb7;405.5;0.5;UNKNOWN
2016-03-05T00:48:15.000000;2016-03-05T00:48:15.000000;01ed5623-6373-45fa-ac12-cf93145edf62;405.38;15.7165;UNKNOWN
2016-03-05T00:48:15.000000;2016-03-05T00:48:15.000000;3b7e1bb5-5147-4775-86b0-618ab92e8e89;405.49;0.5;UNKNOWN
2016-03-05T00:48:15.000000;2016-03-05T00:48:15.000000;da9a2cd5-b689-40a2-a522-7fbf366100a0;405.5;0.25;UNKNOWN
2016-03-05T00:48:15.000000;2016-03-05T00:48:15.000000;9db0b759-ffde-42ac-8efe-f90285a4fad7;405.5;0.5;UNKNOWN
2016-03-05T00:48:15.000000;2016-03-05T00:48:15.000000;9721c790-35d7-49b6-8023-bdaae8c3ff18;405.45;5.0;UNKNOWN
2016-03-05T00:48:20.000000;2016-03-05T00:48:20.000000;161575ec-8cb1-4d3f-82c2-478fa5e7f30b;405.38;29.6775;UNKNOWN
2016-03-05T00:48:27.000000;2016-03-05T00:48:27.000000;79ccda6d-a6e6-4695-8d58-f6c9297e1fda;405.39;4.2;UNKNOWN
2016-03-05T00:48:27.000000;2016-03-05T00:48:27.000000;11c106ed-2cc9-4aa7-8299-5cd747c790dd;405.38;3.0;UNKNOWN
2016-03-05T00:48:30.000000;2016-03-05T00:48:30.000000;e32b5d17-df0f-4ca0-b877-983ab7a3ffc7;405.33;3.0;UNKNOWN
2016-03-05T00:48:30.000000;2016-03-05T00:48:30.000000;d0ac6e10-b681-47f0-adfe-0a9a98eb8b52;405.37;0.1;UNKNOWN
2016-03-05T00:48:48.000000;2016-03-05T00:48:48.000000;b0a14325-275b-44fd-b213-5b9fadaa763c;405.32;1.02007626;UNKNOWN
2016-03-05T00:48:48.000000;2016-03-05T00:48:48.000000;0ac2939b-b4ee-4b31-879a-5526f4f8f8a4;405.33;0.024405;UNKNOWN
2016-03-05T00:49:02.000000;2016-03-05T00:49:02.000000;ab14a400-c977-419d-9f7b-3fa3f1c8e372;405.35;0.1;UNKNOWN
2016-03-05T00:49:03.000000;2016-03-05T00:49:03.000000;431812dd-28fd-452e-aa09-8f366fe104fc;405.35;0.05;UNKNOWN
2016-03-05T00:49:04.000000;2016-03-05T00:49:04.000000;2841d7d8-115b-4b83-935e-78126867eec9;405.35;31.95;UNKNOWN
2016-03-05T00:49:04.000000;2016-03-05T00:49:04.000000;2b0ee5c9-f9e3-4ce1-b96e-68ef61323324;405.86;3.47093542;UNKNOWN
2016-03-05T00:49:04.000000;2016-03-05T00:49:04.000000;36f04f4a-50bb-43ee-aed1-b74c1f557352;405.68;15.8978;UNKNOWN
2016-03-05T00:49:04.000000;2016-03-05T00:49:04.000000;42365868-e893-453e-ad7c-eb26376c3e7a;405.36;0.5;UNKNOWN
2016-03-05T00:49:04.000000;2016-03-05T00:49:04.000000;8de8b692-fac7-487a-95c9-efb68f0fffb4;405.36;3.0;UNKNOWN
2016-03-05T00:49:04.000000;2016-03-05T00:49:04.000000;c1a63a81-1747-4b25-84f1-979a85d2f6b7;405.54;13.611;UNKNOWN
2016-03-05T00:49:04.000000;2016-03-05T00:49:04.000000;c96b3bb0-8984-49c0-b768-73bf8fcf62ed;405.46;6.0;UNKNOWN
2016-03-05T00:49:04.000000;2016-03-05T00:49:04.000000;66b3e1c8-2961-4f0f-89d5-5106d80f6cab;405.64;4.86174415;UNKNOWN
2016-03-05T00:49:04.000000;2016-03-05T00:49:04.000000;1c9959ba-72f4-44d8-8134-751c1fcf4054;405.69;15.4039;UNKNOWN
2016-03-05T00:49:04.000000;2016-03-05T00:49:04.000000;1c41512c-1eb6-4af4-a85d-f50f06fc2d97;405.76;4.86174415;UNKNOWN
2016-03-05T00:49:04.000000;2016-03-05T00:49:04.000000;e582b83e-b488-41f0-a320-1f185e2f649b;405.68;4.86103516;UNKNOWN
2016-03-05T00:49:04.000000;2016-03-05T00:49:04.000000;b6bcf1c4-d8a0-4184-9d97-6aaa16442a64;405.47;6.1601;UNKNOWN
2016-03-05T00:49:04.000000;2016-03-05T00:49:04.000000;a62bd7b1-045e-4681-8383-a4bdc57ddb7a;405.53;12.0;UNKNOWN
2016-03-05T00:49:04.000000;2016-03-05T00:49:04.000000;0ab34c36-a995-46a9-8e83-1923b1c2dd97;405.85;4.86103516;UNKNOWN
2016-03-05T00:49:15.000000;2016-03-05T00:49:15.000000;0682346c-4e81-457b-b460-1c4bf72e38b4;405.91;4.52998761;UNKNOWN
2016-03-05T00:49:15.000000;2016-03-05T00:49:15.000000;582f7a87-d6e2-4735-9aff-052f04f21d70;405.84;15.6088;UNKNOWN
2016-03-05T00:49:15.000000;2016-03-05T00:49:15.000000;07f2c1cf-8b30-4040-8f8c-27647ebedae5;405.91;4.86121239;UNKNOWN
2016-03-05T00:49:41.000000;2016-03-05T00:49:41.000000;10d8bec6-7c94-4f7c-89e3-575d237a2ce4;405.32;9.5;UNKNOWN
2016-03-05T00:49:41.000000;2016-03-05T00:49:41.000000;cce68d82-45f9-4f5c-ac22-820afd2725ff;405.55;0.5;UNKNOWN
2016-03-05T00:49:42.000000;2016-03-05T00:49:42.000000;4a540e07-978c-4999-b4cb-6bb57b5c0324;405.33;0.16;UNKNOWN
2016-03-05T00:49:42.000000;2016-03-05T00:49:42.000000;784832db-732f-4f48-855b-ba5d1e99f6e3;405.32;24.84;UNKNOWN
2016-03-05T00:49:54.000000;2016-03-05T00:49:54.000000;48a798a6-c7de-4f82-878c-f203206d0b3e;405.32;10.0;UNKNOWN
2016-03-05T00:49:59.000000;2016-03-05T00:49:59.000000;306f3f6d-b15e-4e2f-a79a-e267d215223c;405.57;0.7398;UNKNOWN
2016-03-05T00:50:11.000000;2016-03-05T00:50:11.000000;449a2c57-cbef-4440-8484-cd1034e4e794;405.32;0.1;UNKNOWN
2016-03-05T00:50:21.000000;2016-03-05T00:50:21.000000;505f95ee-d2fb-4b9f-88d6-8c22f1b7d40f;405.32;0.01;UNKNOWN
2016-03-05T00:50:28.000000;2016-03-05T00:50:28.000000;081da720-f5c7-43a3-ba9b-21d80bcc3b80;405.49;4.86588407;UNKNOWN
2016-03-05T00:50:28.000000;2016-03-05T00:50:28.000000;5a2d0419-0355-4af5-b46f-88397b6d0970;405.49;6.1019;UNKNOWN
2016-03-05T00:50:28.000000;2016-03-05T00:50:28.000000;282acbd4-02db-461b-8217-49385499d8b1;405.5;14.03221593;UNKNOWN
2016-03-05T00:50:31.000000;2016-03-05T00:50:31.000000;e2361fa0-b2f1-4b05-b540-cde5fb84004f;405.32;1.75;UNKNOWN
2016-03-05T00:50:35.000000;2016-03-05T00:50:35.000000;2ae42560-ad92-4829-8450-b4633d272b50;405.33;0.02;UNKNOWN
2016-03-05T00:50:45.000000;2016-03-05T00:50:45.000000;3b6b6f5a-e1ee-43b3-ac7d-8f9fa898fba9;405.4;0.55832307;UNKNOWN
2016-03-05T00:51:06.000000;2016-03-05T00:51:06.000000;daf8e199-7c5e-4210-9266-1b89369f7790;405.47;0.02574387;UNKNOWN
2016-03-05T00:51:39.000000;2016-03-05T00:51:39.000000;270ecb30-c281-4634-951d-5d3aee81805e;405.46;0.06777996;UNKNOWN
2016-03-05T00:52:06.000000;2016-03-05T00:52:06.000000;aac897eb-53a4-4f35-990b-d0b95f284aa7;405.46;0.67183784;UNKNOWN
2016-03-05T00:52:06.000000;2016-03-05T00:52:06.000000;c26a183c-8dba-4925-9bb0-de08de977449;405.45;0.15523322;UNKNOWN
2016-03-05T00:52:06.000000;2016-03-05T00:52:06.000000;842ae319-add9-4ce7-a8ac-9848b45b0463;405.59;0.1;UNKNOWN
2016-03-05T00:52:06.000000;2016-03-05T00:52:06.000000;be360627-a971-45c3-9c33-5c5622755e6c;405.62;4.86712742;UNKNOWN
2016-03-05T00:52:06.000000;2016-03-05T00:52:06.000000;224519cb-566b-4ee1-820d-ae9831764fc2;405.47;2.34742753;UNKNOWN
2016-03-05T00:52:06.000000;2016-03-05T00:52:06.000000;ccda1b06-4b22-4f9b-9bb0-d9e155196e5a;405.46;4.86541058;UNKNOWN
2016-03-05T00:52:06.000000;2016-03-05T00:52:06.000000;a8912c1f-c2d9-45de-a812-004a8bbff0ec;405.54;6.08;UNKNOWN
2016-03-05T00:52:06.000000;2016-03-05T00:52:06.000000;09d494ee-c5ad-493c-861d-009c834360dd;405.66;1.06819663;UNKNOWN
2016-03-05T00:52:12.000000;2016-03-05T00:52:12.000000;2d2c9fc7-ceca-45eb-8ac5-5f6108f3a35a;405.82;4.86387237;UNKNOWN
2016-03-05T00:52:12.000000;2016-03-05T00:52:12.000000;18acb62c-9601-4408-b9f5-7d5ab44b9ff9;405.86;4.86304451;UNKNOWN
2016-03-05T00:52:12.000000;2016-03-05T00:52:12.000000;82979802-dbe6-4306-98a9-b711ee30b584;405.79;4.86440472;UNKNOWN
2016-03-05T00:52:12.000000;2016-03-05T00:52:12.000000;a6528dfb-e9e5-419f-83af-7925758f8f2f;405.9;2.95173389;UNKNOWN
2016-03-05T00:52:12.000000;2016-03-05T00:52:12.000000;cc95b116-f13b-46c3-9897-f6ddf8bfb434;405.61;17.5939;UNKNOWN
2016-03-05T00:52:12.000000;2016-03-05T00:52:12.000000;18704cf6-3673-4976-b9f7-d76eea1fa328;405.82;4.86304451;UNKNOWN
2016-03-05T00:52:49.000000;2016-03-05T00:52:49.000000;92ef9baa-dba7-41f9-a68b-523b630d02ab;405.74;3.0;UNKNOWN
2016-03-05T00:52:50.000000;2016-03-05T00:52:50.000000;7d43aa03-3b1a-4f80-9889-ebdd9d41bc24;405.93;4.86446387;UNKNOWN
2016-03-05T00:52:50.000000;2016-03-05T00:52:50.000000;759f20cc-e7e5-4767-a426-2d44924adbbd;405.73;6.1315;UNKNOWN
2016-03-05T00:52:50.000000;2016-03-05T00:52:50.000000;0b8aff37-cb65-41f6-9d4f-294e85680f32;405.99;14.00403613;UNKNOWN
2016-03-05T00:52:57.000000;2016-03-05T00:52:57.000000;e251e2cc-1f15-40a6-82f6-cd35df445418;406.03;4.72833819;UNKNOWN
2016-03-05T00:52:59.000000;2016-03-05T00:52:59.000000;b23a1ffa-24d7-4ee1-be39-e1e7f041cbd2;406.2;0.0231;UNKNOWN
2016-03-05T00:52:59.000000;2016-03-05T00:52:59.000000;78b74dab-d74d-47be-afc2-81ff91c1c3e4;406.18;4.86085794;UNKNOWN
2016-03-05T00:52:59.000000;2016-03-05T00:52:59.000000;36f8e14e-c6c6-47a3-99b7-410a128fdcd8;406.23;4.86381323;UNKNOWN
2016-03-05T00:52:59.000000;2016-03-05T00:52:59.000000;9a00eb86-bfc7-4a50-9ac1-5e0353cd02c2;406.1;15.9748;UNKNOWN
2016-03-05T00:52:59.000000;2016-03-05T00:52:59.000000;6d14af94-4e9b-42e5-8b92-aeee2ec5ffbd;406.19;4.86180324;UNKNOWN
2016-03-05T00:52:59.000000;2016-03-05T00:52:59.000000;55b34b7b-0f66-439c-a15b-4bf4578f2fcc;406.04;4.86038543;UNKNOWN
2016-03-05T00:52:59.000000;2016-03-05T00:52:59.000000;fa3fa13f-05fe-4a46-b987-358d67208bb5;406.23;9.69343692;UNKNOWN
2016-03-05T00:52:59.000000;2016-03-05T00:52:59.000000;4ce64430-75fa-4dbd-80ca-1ae7fa36fb83;406.21;4.86180324;UNKNOWN
2016-03-05T00:53:03.000000;2016-03-05T00:53:03.000000;72bdd6af-7b8c-4c34-ace6-0547fb62a87e;406.27;4.86038543;UNKNOWN
2016-03-05T00:53:03.000000;2016-03-05T00:53:03.000000;5993d96f-149d-4946-b936-02b4d4a6f52c;406.26;4.86221693;UNKNOWN
2016-03-05T00:53:03.000000;2016-03-05T00:53:03.000000;49d1a070-9f42-45f4-ad40-6f144ee3b2ec;406.29;4.86097608;UNKNOWN
2016-03-05T00:53:03.000000;2016-03-05T00:53:03.000000;16ec6a78-bd00-4bcb-8fa5-688c5e95548f;406.26;4.86180324;UNKNOWN
2016-03-05T00:53:03.000000;2016-03-05T00:53:03.000000;881dd183-f40c-4aa8-9614-0c798ab29e0e;406.28;1.8;UNKNOWN
2016-03-05T00:53:03.000000;2016-03-05T00:53:03.000000;3dbe208b-52f9-4168-8972-fd3b11cff165;406.33;9.00941832;UNKNOWN
2016-03-05T00:53:03.000000;2016-03-05T00:53:03.000000;6420bfc6-335b-43d0-8f5a-881292c55ad1;406.11;9.7452;UNKNOWN
2016-03-05T00:53:14.000000;2016-03-05T00:53:14.000000;a9af58ae-7e2b-4507-b18d-423f1f8fe5dd;406.28;5.0;UNKNOWN
2016-03-05T00:53:15.000000;2016-03-05T00:53:15.000000;bd2595a2-8829-4fe7-81e8-4cd83e623526;406.07;0.2;UNKNOWN
2016-03-05T00:53:22.000000;2016-03-05T00:53:22.000000;c5a35226-f82b-497d-ab30-5d3f2e1ea8eb;406.11;0.11;UNKNOWN
2016-03-05T00:53:22.000000;2016-03-05T00:53:22.000000;3175a141-134f-45e5-9c58-6ef6d6783991;406.11;0.11;UNKNOWN
2016-03-05T00:53:53.000000;2016-03-05T00:53:53.000000;763ea26f-d456-4f3c-9a56-51398c87b77d;406.8;15.3059;UNKNOWN
2016-03-05T00:53:53.000000;2016-03-05T00:53:53.000000;40095b5a-0876-47af-8d87-5c47aa936823;406.99;8.05953739;UNKNOWN
2016-03-05T00:53:53.000000;2016-03-05T00:53:53.000000;8507ebfc-7040-4844-9ec0-b4f68023675b;406.98;9.8039;UNKNOWN
2016-03-05T00:53:53.000000;2016-03-05T00:53:53.000000;ac1422a8-b9f1-4515-99cd-b746e24d75a4;406.5;15.4174;UNKNOWN
2016-03-05T00:53:53.000000;2016-03-05T00:53:53.000000;33ae9c97-610a-43fb-ab7e-1b5e2608e7a2;406.27;5.03;UNKNOWN
2016-03-05T00:53:53.000000;2016-03-05T00:53:53.000000;f3206733-bb0e-4f02-bb89-502764207333;406.65;14.4117;UNKNOWN
2016-03-05T00:53:53.000000;2016-03-05T00:53:53.000000;574b8871-a468-4feb-a1da-ee7eebc504f3;406.26;6.111;UNKNOWN
2016-03-05T00:53:53.000000;2016-03-05T00:53:53.000000;4be16b03-dca2-42f4-8ba7-e7ae3c7ba5b6;406.52;4.86056261;UNKNOWN
2016-03-05T00:54:01.000000;2016-03-05T00:54:01.000000;eda70b76-9b14-4ae5-b73b-d12f24b47507;406.25;7.0;UNKNOWN
2016-03-05T00:54:19.000000;2016-03-05T00:54:19.000000;69202f11-3f01-4e7e-b948-798209324b63;406.45;4.0;UNKNOWN
2016-03-05T00:54:24.000000;2016-03-05T00:54:24.000000;f95a890b-33a1-4eee-9fe9-6e82aa9b61bf;406.51;7.0;UNKNOWN
2016-03-05T00:55:15.000000;2016-03-05T00:55:15.000000;430eb731-60db-495a-9660-3fdc7e66acbf;406.31;1.43568017;UNKNOWN
2016-03-05T00:55:22.000000;2016-03-05T00:55:22.000000;21cb2664-ede7-4cc3-bad4-934399db740e;406.1;0.1;UNKNOWN
2016-03-05T00:55:28.000000;2016-03-05T00:55:28.000000;f45a371b-1878-4ab3-8fa0-c301c27cc2fe;406.1;0.4;UNKNOWN
2016-03-05T00:55:28.000000;2016-03-05T00:55:28.000000;ad17a5c0-c146-42f5-b378-c3a8ec44e47a;406.01;0.53112158;UNKNOWN
2016-03-05T00:55:30.000000;2016-03-05T00:55:30.000000;434e40fb-0a7b-41a7-a90d-dce0ebe72d07;406.01;0.49;UNKNOWN
2016-03-05T00:55:35.000000;2016-03-05T00:55:35.000000;336a1cc8-1306-46e0-b16e-6e647cefbcc2;406.01;5.05387842;UNKNOWN
2016-03-05T00:56:02.000000;2016-03-05T00:56:02.000000;99f5c43b-90df-4dfa-91c7-cf27e9474735;406.01;0.1;UNKNOWN
2016-03-05T00:56:08.000000;2016-03-05T00:56:08.000000;50d3be76-ad6f-4a15-b5b0-e3b860d47c35;406.0;0.93112158;UNKNOWN
2016-03-05T00:56:08.000000;2016-03-05T00:56:08.000000;ff33709d-5e5f-42c1-94c7-2318b3ce5ea3;406.0;2.34887842;UNKNOWN
2016-03-05T00:56:36.000000;2016-03-05T00:56:36.000000;6806774e-7789-4681-856b-5fad46bc0d55;405.93;3.0;UNKNOWN
2016-03-05T00:56:38.000000;2016-03-05T00:56:38.000000;44639eaa-988a-486f-af1c-5537dfc4943d;406.01;1.0;UNKNOWN
2016-03-05T00:56:44.000000;2016-03-05T00:56:44.000000;fe2e284c-0f9b-4947-9933-61a3f30f673e;406.01;1.0;UNKNOWN
2016-03-05T00:56:50.000000;2016-03-05T00:56:50.000000;885c9184-1d3e-4965-8b15-32a272e4848e;406.0;1.7327;UNKNOWN
2016-03-05T00:56:50.000000;2016-03-05T00:56:50.000000;6c7095f5-579c-478d-8c4b-de7faa58554e;406.01;0.84612158;UNKNOWN
2016-03-05T00:56:50.000000;2016-03-05T00:56:50.000000;11fdfb66-ffaf-45c3-b1f9-18c9a1791554;406.09;0.91366033;UNKNOWN
2016-03-05T00:56:54.000000;2016-03-05T00:56:54.000000;c88c6cba-dbaa-49d3-89c6-a04ce861df62;406.09;1.0;UNKNOWN
2016-03-05T00:57:01.000000;2016-03-05T00:57:01.000000;b96d316c-80cb-40e8-ad28-f8419a3c1ff2;406.09;4.18633967;UNKNOWN
2016-03-05T00:57:01.000000;2016-03-05T00:57:01.000000;fc8c21b7-d292-474f-bcf8-c3ddffd700b5;406.5;6.42878533;UNKNOWN
2016-03-05T00:57:01.000000;2016-03-05T00:57:01.000000;79eedc2e-e73c-4c39-b480-33ae78e68699;406.49;35.384875;UNKNOWN
2016-03-05T00:57:12.000000;2016-03-05T00:57:12.000000;9fc10311-3c00-4621-8dfb-fd18a0b254ed;406.17;0.05;UNKNOWN
2016-03-05T00:57:17.000000;2016-03-05T00:57:17.000000;71298857-3809-4393-9093-1de1408d9240;406.22;0.15;UNKNOWN
2016-03-05T00:57:42.000000;2016-03-05T00:57:42.000000;26be408a-5864-4a77-8efd-7951ab24f6da;406.5;18.57121467;UNKNOWN
2016-03-05T00:57:42.000000;2016-03-05T00:57:42.000000;a4ccfbe4-ddda-49fa-9787-c0bceaf6c44d;406.49;6.1267;UNKNOWN
2016-03-05T00:57:45.000000;2016-03-05T00:57:45.000000;6f09276d-14b6-40db-bbe0-cbb83c02b1f2;406.86;0.92274053;UNKNOWN
2016-03-05T00:57:45.000000;2016-03-05T00:57:45.000000;7ebe79f9-5106-4aac-b0bd-2567170c1cf6;406.73;4.85908649;UNKNOWN
2016-03-05T00:57:45.000000;2016-03-05T00:57:45.000000;e95906bb-dc6c-44ac-9523-1fb9c71ab1ae;406.77;4.85908649;UNKNOWN
2016-03-05T00:57:45.000000;2016-03-05T00:57:45.000000;437787f6-a3de-436b-b893-ba3ecef9bdea;406.69;4.85908649;UNKNOWN
2016-03-05T00:57:56.000000;2016-03-05T00:57:56.000000;b7669f1e-3170-41cd-89e9-64329dc4245a;406.43;4.0;UNKNOWN
2016-03-05T00:57:56.000000;2016-03-05T00:57:56.000000;39f8e66e-6b68-4d6f-bb55-d6f0308ff512;406.96;0.11316148;UNKNOWN
2016-03-05T00:57:56.000000;2016-03-05T00:57:56.000000;75641cbe-9af2-4aac-9fed-fbfb4248aa59;406.92;4.85831926;UNKNOWN
2016-03-05T00:57:56.000000;2016-03-05T00:57:56.000000;c85d994c-fb94-49c8-a78d-a57772b03226;406.93;1.9;UNKNOWN
2016-03-05T00:57:56.000000;2016-03-05T00:57:56.000000;3bd77022-1f94-4c4d-a60a-e90db19547c1;406.88;4.85831926;UNKNOWN
2016-03-05T00:58:02.000000;2016-03-05T00:58:02.000000;d9429ac0-1589-4247-bc70-99c14c9c8757;406.46;0.0277;UNKNOWN
2016-03-05T00:58:06.000000;2016-03-05T00:58:06.000000;a6df1f55-6402-4701-8087-00786da1fb2a;406.95;6.0856;UNKNOWN
2016-03-05T00:58:06.000000;2016-03-05T00:58:06.000000;e7f6cbee-6d83-45f4-8b6c-766954e0730d;406.98;3.9144;UNKNOWN
2016-03-05T00:58:14.000000;2016-03-05T00:58:14.000000;408b5611-cfeb-4b6d-ae81-3367c4109f47;406.58;5.5;UNKNOWN
2016-03-05T00:58:14.000000;2016-03-05T00:58:14.000000;f1b885ca-0252-48d0-b212-2d639f6acb5c;406.58;0.5;UNKNOWN
2016-03-05T00:58:47.000000;2016-03-05T00:58:47.000000;86ffcbd1-f167-4cdd-bd36-4ceb28765068;407.12;1.9;UNKNOWN
2016-03-05T00:58:47.000000;2016-03-05T00:58:47.000000;7ed7e545-823d-4619-996a-6dce81ca5ceb;407.6;4.9540224;UNKNOWN
2016-03-05T00:58:47.000000;2016-03-05T00:58:47.000000;7f21e1ef-408c-4964-85cb-058f1ab22073;406.99;25.393125;UNKNOWN
2016-03-05T00:58:47.000000;2016-03-05T00:58:47.000000;adf05f1b-10fc-40d9-8c08-3d6c7fa3f0a2;406.98;6.0885;UNKNOWN
2016-03-05T00:58:47.000000;2016-03-05T00:58:47.000000;82cf906f-4fe0-4d74-80b4-09353a6c1401;407.2;0.05523322;UNKNOWN
2016-03-05T00:58:47.000000;2016-03-05T00:58:47.000000;8d343e52-b4d7-4287-9521-93adb78318d7;407.61;1.17861671;UNKNOWN
2016-03-05T00:58:54.000000;2016-03-05T00:58:54.000000;4c8e7843-8481-46d8-95da-1a9d14657777;407.42;1.9;UNKNOWN
2016-03-05T00:58:54.000000;2016-03-05T00:58:54.000000;aa4dcbf6-4abe-4994-b408-fe1c2a43ac93;407.62;0.06;UNKNOWN
2016-03-05T00:58:54.000000;2016-03-05T00:58:54.000000;3cfd4e77-5373-4f65-8f1b-8a6313a09fa3;407.52;0.96;UNKNOWN
2016-03-05T00:58:54.000000;2016-03-05T00:58:54.000000;ecf265a2-a1ef-4349-afbe-5342ac402f64;407.52;0.94;UNKNOWN
2016-03-05T00:58:54.000000;2016-03-05T00:58:54.000000;0d14f7c0-908b-4d3e-84ba-722d782b426d;407.62;0.25;UNKNOWN
2016-03-05T00:59:05.000000;2016-03-05T00:59:05.000000;db279664-c9ca-4486-8fde-64caffa44c82;407.62;5.7;UNKNOWN
2016-03-05T01:00:35.000000;2016-03-05T01:00:35.000000;851fe79c-4238-427b-a1e6-98bfb2480b3e;408.2;1.9;UNKNOWN
2016-03-05T01:00:35.000000;2016-03-05T01:00:35.000000;47663dc2-38dd-4772-9657-d56d1f5bdb0a;408.17;4.84590037;UNKNOWN
2016-03-05T01:00:35.000000;2016-03-05T01:00:35.000000;8690fb53-d643-43f8-a6b9-96bf7cc9c471;408.0;8.66826326;UNKNOWN
2016-03-05T01:00:35.000000;2016-03-05T01:00:35.000000;5b00fe27-f19e-4034-9c46-f13abefa5726;408.27;9.10877736;UNKNOWN
2016-03-05T01:00:35.000000;2016-03-05T01:00:35.000000;9205e7d8-32cb-43b9-b529-478f5ac1f8c2;408.14;4.84777972;UNKNOWN
2016-03-05T01:00:35.000000;2016-03-05T01:00:35.000000;a19051d8-4d92-4ca8-a373-a7ce8f223c9b;407.9;15.51;UNKNOWN
2016-03-05T01:00:35.000000;2016-03-05T01:00:35.000000;5c5df66c-9263-4acb-a709-0d02eae362d8;408.08;4.84719226;UNKNOWN
2016-03-05T01:00:35.000000;2016-03-05T01:00:35.000000;0ca0fc0a-dd07-48c5-82c8-006b03cf5f79;408.0;1.0;UNKNOWN
2016-03-05T01:00:35.000000;2016-03-05T01:00:35.000000;b6732fda-42d0-44e8-bd51-dd6afaccbcc1;408.0;4.84719226;UNKNOWN
2016-03-05T01:00:35.000000;2016-03-05T01:00:35.000000;da838040-ece6-4638-8a9c-554ece50c8b0;408.13;4.8451373;UNKNOWN
2016-03-05T01:00:35.000000;2016-03-05T01:00:35.000000;f4c48013-9013-40c7-bddb-3b183fed0b61;407.91;0.3;UNKNOWN
2016-03-05T01:00:42.000000;2016-03-05T01:00:42.000000;d78e65d3-8015-45d0-a060-904a3a8b598d;408.24;2.0;UNKNOWN
2016-03-05T01:00:47.000000;2016-03-05T01:00:47.000000;e285c27a-8ad5-454f-be70-7555b73a7dfc;408.4;8.99535036;UNKNOWN
2016-03-05T01:00:47.000000;2016-03-05T01:00:47.000000;2d9ed350-e2c8-4ee3-81ae-19ddce52811b;408.35;0.11250666;UNKNOWN
2016-03-05T01:00:47.000000;2016-03-05T01:00:47.000000;ff2e6f2b-a5c0-4964-9457-7bed22172969;408.33;4.84607649;UNKNOWN
2016-03-05T01:00:47.000000;2016-03-05T01:00:47.000000;913f9868-8b89-4509-828c-d2ca0d554f50;408.24;2.84607649;UNKNOWN
2016-03-05T01:00:50.000000;2016-03-05T01:00:50.000000;330082af-0b79-4f33-9214-9dadda3c6f2d;408.35;0.25;UNKNOWN
2016-03-05T01:00:52.000000;2016-03-05T01:00:52.000000;81393cb4-76df-4b7d-b15c-7466d03d3958;408.35;0.2;UNKNOWN
2016-03-05T01:00:56.000000;2016-03-05T01:00:56.000000;1eda2b60-c74f-4bff-876d-ca7fd883a775;408.39;1.0;UNKNOWN
2016-03-05T01:01:16.000000;2016-03-05T01:01:16.000000;e9c5ef31-4332-4eb2-b3fb-66553f6560ea;407.91;3.0;UNKNOWN
2016-03-05T01:01:16.000000;2016-03-05T01:01:16.000000;057d1c2a-28f3-4f26-8bc5-dcd11cca9753;407.53;15.0513;UNKNOWN
2016-03-05T01:01:16.000000;2016-03-05T01:01:16.000000;d9a91b2f-62ac-4b0b-b265-c171fef25acd;407.82;16.0;UNKNOWN
2016-03-05T01:01:16.000000;2016-03-05T01:01:16.000000;f3a0f092-108e-4657-abe0-93655f69309e;407.47;20.0;UNKNOWN
2016-03-05T01:01:16.000000;2016-03-05T01:01:16.000000;8d9b01e0-37cb-40f0-a1ca-7d339538e066;407.91;0.5;UNKNOWN
2016-03-05T01:01:16.000000;2016-03-05T01:01:16.000000;6f9d8ec4-ea80-45c4-a5a1-80ab4cacada4;407.48;18.0;UNKNOWN
2016-03-05T01:01:16.000000;2016-03-05T01:01:16.000000;031a2077-f3b0-4a9a-bf02-1b9ebe3e5b18;407.38;1.0318598;UNKNOWN
2016-03-05T01:01:16.000000;2016-03-05T01:01:16.000000;7fbf6f14-f0e7-4a1b-9b3d-b582dee0ea1b;407.5;0.24188041;UNKNOWN
2016-03-05T01:01:16.000000;2016-03-05T01:01:16.000000;0a920561-abc3-447d-b59e-ffc297312330;407.9;6.0707;UNKNOWN
2016-03-05T01:02:01.000000;2016-03-05T01:02:01.000000;7a743413-8dea-437d-b188-fd6e4b86cb8a;407.24;6.0574;UNKNOWN
2016-03-05T01:02:01.000000;2016-03-05T01:02:01.000000;52947e3d-7b30-4b4d-a6ea-35b425c0f191;407.24;1.6;UNKNOWN
2016-03-05T01:02:28.000000;2016-03-05T01:02:28.000000;941b3c6b-b070-49af-973d-206350caa84a;407.7;0.01;UNKNOWN
2016-03-05T01:02:34.000000;2016-03-05T01:02:34.000000;2c483855-e86c-43e8-bcc5-235dd9948f07;407.25;6.0431;UNKNOWN
2016-03-05T01:02:55.000000;2016-03-05T01:02:55.000000;15941671-80b5-444e-ba2b-78977bdf5ac8;407.2;1.2;UNKNOWN
2016-03-05T01:03:31.000000;2016-03-05T01:03:31.000000;aeaa2982-8fb0-4e0b-b996-7146cd317141;407.2;1.0;UNKNOWN
2016-03-05T01:04:04.000000;2016-03-05T01:04:04.000000;67dd91c8-54ec-440f-be22-625279e5f522;407.36;3.5;UNKNOWN
2016-03-05T01:04:04.000000;2016-03-05T01:04:04.000000;a13317be-be46-4b5d-932a-bdec2f86643a;407.34;0.5;UNKNOWN
2016-03-05T01:04:04.000000;2016-03-05T01:04:04.000000;6f3837f5-488b-4d08-b5ef-e484ae30a51e;407.35;3.0;UNKNOWN
2016-03-05T01:04:08.000000;2016-03-05T01:04:08.000000;a9d71a8e-2c0b-4b21-baec-5e1552fc0a19;407.2;0.1;UNKNOWN
2016-03-05T01:04:08.000000;2016-03-05T01:04:08.000000;d62bf837-eba1-4706-b4fc-a5406718fcd8;407.2;0.9;UNKNOWN
2016-03-05T01:04:52.000000;2016-03-05T01:04:52.000000;3220446c-ae7e-4c4c-8a6a-9231a858b18f;407.45;0.09;UNKNOWN
2016-03-05T01:05:04.000000;2016-03-05T01:05:04.000000;df47b67f-2073-4b82-9e1c-10776c3d74d0;407.36;0.14;UNKNOWN
2016-03-05T01:05:04.000000;2016-03-05T01:05:04.000000;6f39dce3-b35a-49b2-b856-4ff04b5f9606;407.4;0.02;UNKNOWN
2016-03-05T01:05:25.000000;2016-03-05T01:05:25.000000;bad9aa3c-6bd4-486c-9bbd-69f8594ff65d;407.37;0.58;UNKNOWN
2016-03-05T01:05:25.000000;2016-03-05T01:05:25.000000;1f7b4649-650d-4c75-833b-da2fa82dcbef;407.44;0.02;UNKNOWN
2016-03-05T01:08:42.000000;2016-03-05T01:08:42.000000;63070738-4152-4bf9-b8e4-e30480118b6d;408.0;5.81951018;UNKNOWN
2016-03-05T01:08:42.000000;2016-03-05T01:08:42.000000;5f19c999-5651-4e07-b4b0-d96716b5115b;407.54;2.0;UNKNOWN
2016-03-05T01:08:42.000000;2016-03-05T01:08:42.000000;31c85bce-845a-4106-9264-3bd5c64bf2c4;407.5;0.1;UNKNOWN
2016-03-05T01:08:42.000000;2016-03-05T01:08:42.000000;48be2c4f-0dc8-45e4-9cab-5f9a55171aa9;407.4;0.092;UNKNOWN
2016-03-05T01:08:42.000000;2016-03-05T01:08:42.000000;5ececec0-f327-4a4a-ae88-4e7f8f41903e;407.88;14.79;UNKNOWN
2016-03-05T01:08:42.000000;2016-03-05T01:08:42.000000;272c1ca4-0561-48b6-ac29-8af78bf5b004;407.58;6.1224;UNKNOWN
2016-03-05T01:08:42.000000;2016-03-05T01:08:42.000000;f42c54fd-4b67-4f19-8277-92825b4279fa;407.96;17.0669;UNKNOWN
2016-03-05T01:09:18.000000;2016-03-05T01:09:18.000000;798d2e86-d66d-4afb-88fc-c279e47a813d;407.6;5.8118594;UNKNOWN
2016-03-05T01:09:23.000000;2016-03-05T01:09:23.000000;a7d12193-f9f7-4f4a-a411-11c4b040653e;408.13;17.69721018;UNKNOWN
2016-03-05T01:09:23.000000;2016-03-05T01:09:23.000000;5cacf602-4974-4a59-8618-28624419673e;408.0;14.18048982;UNKNOWN
2016-03-05T01:09:38.000000;2016-03-05T01:09:38.000000;e29218b8-6c92-44c1-ad35-6dd9de990445;408.25;0.25;UNKNOWN
2016-03-05T01:09:38.000000;2016-03-05T01:09:38.000000;98db67f3-bb6c-4ed9-a9ec-c28c67c0df02;408.62;0.8475;UNKNOWN
2016-03-05T01:09:43.000000;2016-03-05T01:09:43.000000;9c939583-c292-4dcb-8300-9f28abaa6b04;408.62;0.09989849;UNKNOWN
2016-03-05T01:09:43.000000;2016-03-05T01:09:43.000000;723239ec-c285-428b-8465-9dbe14ae9ea1;408.11;0.0206;UNKNOWN
2016-03-05T01:09:45.000000;2016-03-05T01:09:45.000000;cfe84248-ed10-4593-9234-e531b5881a69;408.11;0.51759116;UNKNOWN
2016-03-05T01:09:50.000000;2016-03-05T01:09:50.000000;158ada92-c99d-485d-9bc4-90559eee518a;408.17;0.0206;UNKNOWN
2016-03-05T01:10:17.000000;2016-03-05T01:10:17.000000;27ff9ac9-70d6-42e6-9902-235896ae9f55;408.63;0.0202;UNKNOWN
2016-03-05T01:10:21.000000;2016-03-05T01:10:21.000000;f37e6226-cad6-4374-a1f5-05f895a487d9;408.61;0.0098;UNKNOWN
2016-03-05T01:10:21.000000;2016-03-05T01:10:21.000000;3a152480-a9a2-4b14-8aae-97a77459b2b8;408.6;0.02;UNKNOWN
2016-03-05T01:10:34.000000;2016-03-05T01:10:34.000000;64715273-18d5-470a-9fda-7ede8fe03b42;408.61;0.0246;UNKNOWN
2016-03-05T01:10:39.000000;2016-03-05T01:10:39.000000;0e910648-bce5-4274-9c8e-75f84a3df92b;408.61;0.0246;UNKNOWN
2016-03-05T01:10:46.000000;2016-03-05T01:10:46.000000;2c6f2993-736c-41d9-b9cb-a26b46e23cb0;408.61;0.0246;UNKNOWN
2016-03-05T01:11:00.000000;2016-03-05T01:11:00.000000;c8826801-bfdb-4fc5-b232-b2c07a81bb7d;408.43;0.4;UNKNOWN
2016-03-05T01:11:06.000000;2016-03-05T01:11:06.000000;ae88c835-b859-4d0e-ba79-eb489c2d9908;408.42;0.0246;UNKNOWN
2016-03-05T01:11:06.000000;2016-03-05T01:11:06.000000;8d18b3d0-534b-48e0-83eb-3e537072c741;408.32;0.1389;UNKNOWN
2016-03-05T01:11:07.000000;2016-03-05T01:11:07.000000;69cfdfe4-c040-4d0d-a73d-5a78f64a8d01;408.32;3.41;UNKNOWN
2016-03-05T01:11:27.000000;2016-03-05T01:11:27.000000;046d8934-8aeb-43f7-b5aa-697c40c9e83a;408.33;0.2;UNKNOWN
2016-03-05T01:12:23.000000;2016-03-05T01:12:23.000000;16a41fd9-3f0f-4377-96ec-4afe6a372dcb;408.34;5.3537;UNKNOWN
2016-03-05T01:12:25.000000;2016-03-05T01:12:25.000000;1a1728b5-08b1-451b-be6f-6b57ff9dfcc0;408.3;0.02;UNKNOWN
2016-03-05T01:12:25.000000;2016-03-05T01:12:25.000000;a996fc82-f81b-427a-aea1-35ae30b4fbb4;408.11;0.20878;UNKNOWN
2016-03-05T01:12:44.000000;2016-03-05T01:12:44.000000;0b95203f-d3fd-41dd-8e37-49e2db8553c1;408.11;4.0;UNKNOWN
2016-03-05T01:12:50.000000;2016-03-05T01:12:50.000000;6c698f5a-4a34-4e8c-8b4c-43f61aeb1d95;408.3;0.5;UNKNOWN
2016-03-05T01:12:50.000000;2016-03-05T01:12:50.000000;f94c11e2-4dd4-4355-81e2-6b9509751e72;408.29;0.5;UNKNOWN
2016-03-05T01:12:50.000000;2016-03-05T01:12:50.000000;a5fdb249-ce76-4de2-abab-80be9289b92b;408.29;6.0;UNKNOWN
2016-03-05T01:12:50.000000;2016-03-05T01:12:50.000000;b12090bf-efb9-449f-82a9-e9f3a49651ad;408.29;3.0;UNKNOWN
2016-03-05T01:13:43.000000;2016-03-05T01:13:43.000000;a3c62200-52d9-4883-9ea4-a7b60cc161b1;408.34;0.5626;UNKNOWN
2016-03-05T01:13:59.000000;2016-03-05T01:13:59.000000;136fb509-89b1-4cd8-8d33-ec590f1e6279;408.34;2.0837;UNKNOWN
2016-03-05T01:14:23.000000;2016-03-05T01:14:23.000000;f4115f64-f1d0-460f-9a83-4b547b5f9b7b;408.4;0.72957198;UNKNOWN
2016-03-05T01:15:20.000000;2016-03-05T01:15:20.000000;b1deff09-30ab-4a31-8667-6ebe6ec77931;408.45;0.25;UNKNOWN
2016-03-05T01:15:22.000000;2016-03-05T01:15:22.000000;58697c17-51b6-4933-92ad-e1c121f205f3;408.45;0.19941634;UNKNOWN
2016-03-05T01:15:23.000000;2016-03-05T01:15:23.000000;0c99f134-d528-4f6c-b5c1-5f87fe929a72;408.45;0.04863694;UNKNOWN
2016-03-05T01:15:33.000000;2016-03-05T01:15:33.000000;0304877e-c4b6-4acd-8fc3-942a9d77f5fd;408.57;0.028;UNKNOWN
2016-03-05T01:15:33.000000;2016-03-05T01:15:33.000000;2a127faf-c6c2-4684-be5d-3dc96fd0dc82;408.57;3.1356;UNKNOWN
2016-03-05T01:15:35.000000;2016-03-05T01:15:35.000000;431fc01e-3597-4e2c-9175-11194f57b6c1;408.58;4.8929;UNKNOWN
2016-03-05T01:15:43.000000;2016-03-05T01:15:43.000000;b5c3947d-68d4-4856-8cba-7f9245316587;408.45;0.24607;UNKNOWN
2016-03-05T01:15:47.000000;2016-03-05T01:15:47.000000;7c8681e2-0718-4ef5-96d2-e7d45e746c63;408.57;2.0;UNKNOWN
2016-03-05T01:16:08.000000;2016-03-05T01:16:08.000000;01a6662a-206b-404a-b1de-e5e1bb510302;408.45;0.25;UNKNOWN
2016-03-05T01:16:40.000000;2016-03-05T01:16:40.000000;edc2c47b-20b9-47e0-bbfd-be0fc135e66f;408.45;0.26;UNKNOWN
2016-03-05T01:17:13.000000;2016-03-05T01:17:13.000000;187f56a1-1692-443f-8bea-c5aa25457482;408.45;0.12054;UNKNOWN
2016-03-05T01:17:29.000000;2016-03-05T01:17:29.000000;5f890510-8d3e-46e0-bd33-f62e955e8823;408.46;0.39;UNKNOWN
2016-03-05T01:17:29.000000;2016-03-05T01:17:29.000000;05e8b327-e7f0-4f6d-9b0a-f098101a3f14;408.46;0.3;UNKNOWN
2016-03-05T01:17:29.000000;2016-03-05T01:17:29.000000;015fe903-5b7b-482e-9325-b948191b1175;408.46;1.41;UNKNOWN
2016-03-05T01:17:46.000000;2016-03-05T01:17:46.000000;d371fe92-1fab-41cd-bbfa-9d6e95a8077a;408.53;3.574027;UNKNOWN
2016-03-05T01:17:46.000000;2016-03-05T01:17:46.000000;550235b9-8363-4f4f-92b3-26ed8304b790;408.53;0.425973;UNKNOWN
2016-03-05T01:18:03.000000;2016-03-05T01:18:03.000000;4d917396-d41b-43cf-b82e-143bb0f6c2dc;408.45;0.087231;UNKNOWN
2016-03-05T01:18:06.000000;2016-03-05T01:18:06.000000;1cf96e86-92dd-4b14-9675-a48df3e5fe55;408.49;6.0863;UNKNOWN
2016-03-05T01:18:06.000000;2016-03-05T01:18:06.000000;6a954f14-e28e-4eec-9125-0832f1d4b4d7;408.55;3.9137;UNKNOWN
2016-03-05T01:19:01.000000;2016-03-05T01:19:01.000000;7d7eb212-b946-4f1d-9253-9cdce346dda2;408.5;0.5;UNKNOWN
2016-03-05T01:19:01.000000;2016-03-05T01:19:01.000000;34974f59-bf14-4953-9b56-ede0a0c6955f;408.54;12.7872;UNKNOWN
2016-03-05T01:19:01.000000;2016-03-05T01:19:01.000000;ea88c6d7-c0e6-4b60-a33f-c18e27658e7c;408.54;6.1128;UNKNOWN
2016-03-05T01:19:01.000000;2016-03-05T01:19:01.000000;4e37c81f-819b-4379-8afc-2ca2a5706032;408.46;0.6;UNKNOWN
2016-03-05T01:19:50.000000;2016-03-05T01:19:50.000000;00092354-394b-41a2-9270-1ae2716ae0b5;408.1;0.27;UNKNOWN
2016-03-05T01:19:50.000000;2016-03-05T01:19:50.000000;ba258d9b-cd87-45db-a6d3-2c9b995671d4;407.95;0.214333;UNKNOWN
2016-03-05T01:20:01.000000;2016-03-05T01:20:01.000000;afa55a44-9629-46a3-bbfa-fdc748567cfb;407.98;1.34345954;UNKNOWN
2016-03-05T01:20:01.000000;2016-03-05T01:20:01.000000;6e93c279-79a1-4142-98e7-b8cc27c46309;407.98;0.369259;UNKNOWN
2016-03-05T01:20:33.000000;2016-03-05T01:20:33.000000;8cc029e1-a976-458d-b96f-a91a4a7da0b6;408.11;0.25;UNKNOWN
2016-03-05T01:20:33.000000;2016-03-05T01:20:33.000000;41047037-56f4-49c7-a3f0-87837b1b9662;408.11;0.34;UNKNOWN
2016-03-05T01:20:33.000000;2016-03-05T01:20:33.000000;81e0b3a9-4875-400e-8c53-532e424f3172;408.35;0.02;UNKNOWN
2016-03-05T01:21:02.000000;2016-03-05T01:21:02.000000;00cab224-cbc1-455c-be66-e0233776b8ea;408.11;0.03716602;UNKNOWN
2016-03-05T01:22:20.000000;2016-03-05T01:22:20.000000;6a7562ce-7e70-484f-8da5-e13a7fee802b;407.79;0.5996;UNKNOWN
2016-03-05T01:22:39.000000;2016-03-05T01:22:39.000000;5b9d376d-aefa-4697-bd07-a1ee772efd6e;407.49;0.1027017;UNKNOWN
2016-03-05T01:23:02.000000;2016-03-05T01:23:02.000000;658cfaca-2515-4ccd-bd90-1d1ee466465d;407.68;0.02;UNKNOWN
2016-03-05T01:23:05.000000;2016-03-05T01:23:05.000000;531c0ac5-96dd-46c4-9f60-e1fcb37b2e60;407.68;0.30751035;UNKNOWN
2016-03-05T01:23:05.000000;2016-03-05T01:23:05.000000;e7e85d3f-6c8c-4590-a809-fd7875705499;407.49;6.0773;UNKNOWN
2016-03-05T01:23:05.000000;2016-03-05T01:23:05.000000;1e4de541-dab6-4ce0-a816-5aa981506245;407.49;0.26;UNKNOWN
2016-03-05T01:23:07.000000;2016-03-05T01:23:07.000000;4b4ab0e2-ea0b-445c-9d30-e18168415cfe;407.68;5.79108965;UNKNOWN
2016-03-05T01:23:07.000000;2016-03-05T01:23:07.000000;4a394a10-72ff-4d04-9a7c-fa2556032c08;407.68;4.20891035;UNKNOWN
2016-03-05T01:23:09.000000;2016-03-05T01:23:09.000000;f87eda58-a914-4bf0-baa8-2423971cb007;407.68;10.0;UNKNOWN
2016-03-05T01:23:11.000000;2016-03-05T01:23:11.000000;61b7c67b-4122-4409-8ccd-800887ecaab2;407.24;0.05244275;UNKNOWN
2016-03-05T01:23:11.000000;2016-03-05T01:23:11.000000;50862e41-ba19-450e-a598-b24ae996847d;407.24;0.1;UNKNOWN
2016-03-05T01:23:26.000000;2016-03-05T01:23:26.000000;b16af795-f861-468f-80a4-f1093a5186b4;407.65;0.02;UNKNOWN
2016-03-05T01:23:33.000000;2016-03-05T01:23:33.000000;1b0ae3cf-38ed-4d8f-bfb5-fb563d0c2c50;407.23;0.26;UNKNOWN
2016-03-05T01:23:33.000000;2016-03-05T01:23:33.000000;fb98cfc7-595b-4a9c-9543-a219db77102a;407.23;0.3896;UNKNOWN
2016-03-05T01:23:41.000000;2016-03-05T01:23:41.000000;e58e0456-0ca3-40cc-b90c-43e615050123;407.22;0.29;UNKNOWN
2016-03-05T01:23:41.000000;2016-03-05T01:23:41.000000;0a14e7c3-0e12-4fdf-8a88-b126b32c1324;407.22;17.47;UNKNOWN
2016-03-05T01:24:02.000000;2016-03-05T01:24:02.000000;33f2257c-346c-403b-8cfe-18fb1f35e9c8;407.19;1.2;UNKNOWN
2016-03-05T01:24:02.000000;2016-03-05T01:24:02.000000;c2d8746e-7538-449f-bd59-aec53c1d088a;407.09;0.8;UNKNOWN
2016-03-05T01:24:23.000000;2016-03-05T01:24:23.000000;ad458e21-d6d9-46ad-856b-2e4c1aead50c;407.0;0.2013009;UNKNOWN
2016-03-05T01:24:23.000000;2016-03-05T01:24:23.000000;4c611b06-f66a-427a-9771-3fbce06af918;407.01;0.29;UNKNOWN
2016-03-05T01:24:59.000000;2016-03-05T01:24:59.000000;6c8d9589-a3a2-4199-a15a-e5c2c64d78be;406.95;0.03948425;UNKNOWN
2016-03-05T01:24:59.000000;2016-03-05T01:24:59.000000;4fd5136f-cb85-4a5b-9f6a-09420e91d725;406.99;0.04175234;UNKNOWN
2016-03-05T01:24:59.000000;2016-03-05T01:24:59.000000;f426ce64-0874-4a2f-b44b-7958c0b6322a;406.95;0.01911975;UNKNOWN
2016-03-05T01:25:15.000000;2016-03-05T01:25:15.000000;a907686f-3207-407c-a057-0b65e9fb83b1;406.94;0.32;UNKNOWN
2016-03-05T01:25:20.000000;2016-03-05T01:25:20.000000;ec8e86f8-56d0-4e07-9f4a-772c70a227f7;406.73;0.1;UNKNOWN
2016-03-05T01:26:09.000000;2016-03-05T01:26:09.000000;859512e7-bc11-4ef9-bd82-ca6459ab3af2;406.65;0.05;UNKNOWN
2016-03-05T01:26:22.000000;2016-03-05T01:26:22.000000;fca3bbde-96a5-46f1-b4a7-1453ca70b84e;406.63;0.24216677;UNKNOWN
2016-03-05T01:27:00.000000;2016-03-05T01:27:00.000000;8fae9cab-6ff9-408c-bf10-78be5e25bd0e;406.51;0.3778;UNKNOWN
2016-03-05T01:27:07.000000;2016-03-05T01:27:07.000000;fb09866f-f82b-41cc-be85-1cf53dfe4614;406.48;0.5;UNKNOWN
2016-03-05T01:27:07.000000;2016-03-05T01:27:07.000000;3cd50029-56c5-4585-9d2b-d87949576261;406.49;0.5;UNKNOWN
2016-03-05T01:27:34.000000;2016-03-05T01:27:34.000000;dded62cb-4c64-4f2d-9d45-5de1de8f396d;406.62;0.0329;UNKNOWN
2016-03-05T01:27:34.000000;2016-03-05T01:27:34.000000;65a736e5-76a5-4ba4-ac3f-cbd0e0d85b04;406.65;3.9671;UNKNOWN
2016-03-05T01:27:37.000000;2016-03-05T01:27:37.000000;b240402c-9e42-4887-b185-5c9bbd69d90f;406.45;1.02;UNKNOWN
2016-03-05T01:27:37.000000;2016-03-05T01:27:37.000000;95bc7f91-057b-46c4-98b3-43827d81ae96;406.46;0.5;UNKNOWN
2016-03-05T01:27:42.000000;2016-03-05T01:27:42.000000;25f1d900-db80-47e0-80ea-5bed573db910;406.65;4.0;UNKNOWN
2016-03-05T01:28:02.000000;2016-03-05T01:28:02.000000;3ccac37e-6df3-4ed9-b841-cd4dc5ac887c;406.45;5.0;UNKNOWN
2016-03-05T01:28:02.000000;2016-03-05T01:28:02.000000;0e723ff4-4861-4ec5-93b0-3bbfc665b189;406.25;1.9;UNKNOWN
2016-03-05T01:28:02.000000;2016-03-05T01:28:02.000000;6547d889-1a8f-41b3-9267-6526382ca7f4;406.24;20.0;UNKNOWN
2016-03-05T01:28:02.000000;2016-03-05T01:28:02.000000;97ca3621-bdbb-4e7c-802a-2488ad98bb5b;406.09;4.85531171;UNKNOWN
2016-03-05T01:28:02.000000;2016-03-05T01:28:02.000000;cc0c71c4-2d66-4b47-9f48-f7bd222a6555;406.25;12.0;UNKNOWN
2016-03-05T01:28:02.000000;2016-03-05T01:28:02.000000;2a84b7af-2dcd-4b47-a7ca-0f095843293b;406.18;4.85678554;UNKNOWN
2016-03-05T01:28:02.000000;2016-03-05T01:28:02.000000;feecaaa2-8cf2-4254-bff2-acb420c5709a;406.34;1.9;UNKNOWN
2016-03-05T01:28:02.000000;2016-03-05T01:28:02.000000;60b1a2b3-de8d-4a6d-b07c-17db252e0e1b;406.31;10.0;UNKNOWN
2016-03-05T01:28:02.000000;2016-03-05T01:28:02.000000;7e6fdb80-492d-4bc3-8444-6592141cc800;406.04;4.8566676;UNKNOWN
2016-03-05T01:28:02.000000;2016-03-05T01:28:02.000000;2041848a-2168-440e-bb18-3d5f41d3acf7;406.47;0.5;UNKNOWN
2016-03-05T01:28:02.000000;2016-03-05T01:28:02.000000;b4a1d6a8-db96-4067-acd8-1b6cf1880796;406.44;1.9;UNKNOWN
2016-03-05T01:28:02.000000;2016-03-05T01:28:02.000000;b78dff15-b4f0-4345-b1e1-b7110a09281b;406.32;6.0;UNKNOWN
2016-03-05T01:28:02.000000;2016-03-05T01:28:02.000000;306c6753-9cbc-43a8-a74f-2646eddc1a29;406.01;4.8566676;UNKNOWN
2016-03-05T01:28:02.000000;2016-03-05T01:28:02.000000;fc9810dc-9e43-45cd-95cd-9cd76855769f;406.03;10.0;UNKNOWN
2016-03-05T01:28:02.000000;2016-03-05T01:28:02.000000;8e188210-fb83-41fc-b35e-77a85a5921fe;406.13;4.85678554;UNKNOWN
2016-03-05T01:28:02.000000;2016-03-05T01:28:02.000000;040622ea-12b9-44f5-95d6-309a367162f2;406.46;3.0;UNKNOWN
2016-03-05T01:28:04.000000;2016-03-05T01:28:04.000000;05563f1c-063b-4c62-aacf-12c79016e46a;406.0;3.80459191;UNKNOWN
2016-03-05T01:28:06.000000;2016-03-05T01:28:06.000000;c1ae9534-d50c-4092-ad70-3dfe3f8fe40e;406.54;5.0;UNKNOWN
2016-03-05T01:28:10.000000;2016-03-05T01:28:10.000000;9fc7333b-6130-436e-a47a-05a159e15ef2;406.52;0.3567;UNKNOWN
2016-03-05T01:28:23.000000;2016-03-05T01:28:23.000000;8270b962-d57e-47d7-85d7-3fcd186f4d42;405.9;0.09712038;UNKNOWN
2016-03-05T01:28:52.000000;2016-03-05T01:28:52.000000;a6575cf8-ddcd-4765-a1fa-3262384768fe;406.0;1.0;UNKNOWN
2016-03-05T01:28:52.000000;2016-03-05T01:28:52.000000;862d22f7-7ba2-4be9-94b3-567c3ecc209e;405.86;0.2;UNKNOWN
2016-03-05T01:28:53.000000;2016-03-05T01:28:53.000000;23e0a87c-d11c-4cfd-8b20-4478398100c2;406.15;0.3536;UNKNOWN
2016-03-05T01:29:26.000000;2016-03-05T01:29:26.000000;b12ff8be-d926-4384-8788-19ccc7347c60;405.96;0.01;UNKNOWN
2016-03-05T01:29:28.000000;2016-03-05T01:29:28.000000;b5ef769a-d70f-4cc2-9e92-3ff264a2ccf5;405.97;0.01;UNKNOWN
2016-03-05T01:29:31.000000;2016-03-05T01:29:31.000000;0888c58e-d52d-4100-b5e4-32e705bad910;405.94;0.01;UNKNOWN
2016-03-05T01:29:32.000000;2016-03-05T01:29:32.000000;b373d248-7e79-4308-b826-b9475b1adc4e;406.12;0.3588;UNKNOWN
2016-03-05T01:29:39.000000;2016-03-05T01:29:39.000000;675f52b8-2a30-4e8b-a04b-76e12cdd4283;405.94;0.01;UNKNOWN
2016-03-05T01:29:41.000000;2016-03-05T01:29:41.000000;c679a7f2-d1d8-451d-ad33-3a8e0e53de39;405.93;0.01;UNKNOWN
2016-03-05T01:29:51.000000;2016-03-05T01:29:51.000000;577cda15-4243-432a-8075-c8ef242a313d;405.81;0.03;UNKNOWN
2016-03-05T01:29:51.000000;2016-03-05T01:29:51.000000;f6255f43-6155-44ac-b7ef-c77608f9e027;405.85;0.25;UNKNOWN
2016-03-05T01:29:51.000000;2016-03-05T01:29:51.000000;b436b4f3-61b3-4c29-ac5d-600f0cfac8f8;405.86;0.72;UNKNOWN
2016-03-05T01:29:57.000000;2016-03-05T01:29:57.000000;62bc599b-c63f-4030-b5ac-8ef57cf805df;405.85;1.0;UNKNOWN
2016-03-05T01:30:15.000000;2016-03-05T01:30:15.000000;15ef625d-29f3-4506-9d93-91ffd42e2dfe;405.98;0.3589;UNKNOWN
2016-03-05T01:30:17.000000;2016-03-05T01:30:17.000000;d07ac53b-1346-4fd0-ad8b-7edd4acc95d9;405.98;16.148;UNKNOWN
2016-03-05T01:30:34.000000;2016-03-05T01:30:34.000000;3dec9051-5f7b-41eb-898d-feb4c30d0a5b;405.98;0.1;UNKNOWN
2016-03-05T01:30:51.000000;2016-03-05T01:30:51.000000;39c0c6b0-e26a-4db7-887d-488cd62573c0;405.98;1.0;UNKNOWN
2016-03-05T01:30:59.000000;2016-03-05T01:30:59.000000;c32a942a-f66f-4ac1-859a-6ff0ea723bbd;405.97;0.01;UNKNOWN
2016-03-05T01:31:06.000000;2016-03-05T01:31:06.000000;ce5a7ac7-9fdb-46c2-9d88-3e9d5c60079a;405.98;0.135;UNKNOWN
2016-03-05T01:31:12.000000;2016-03-05T01:31:12.000000;7a679d46-6c2f-43d8-8715-b372d59c688f;405.97;0.01;UNKNOWN
2016-03-05T01:31:29.000000;2016-03-05T01:31:29.000000;f667c1af-ad0c-4212-a05f-9313a4221e3d;405.98;0.175;UNKNOWN
2016-03-05T01:31:35.000000;2016-03-05T01:31:35.000000;35285c71-41ed-495b-b765-eccad08fda86;405.81;0.08321085;UNKNOWN
2016-03-05T01:31:35.000000;2016-03-05T01:31:35.000000;8f5cf1eb-3ff6-4129-a966-67a93beba841;405.38;5.0;UNKNOWN
2016-03-05T01:31:35.000000;2016-03-05T01:31:35.000000;3ee86173-254b-4890-a3a9-67b64a430b55;405.97;1.04364638;UNKNOWN
2016-03-05T01:31:35.000000;2016-03-05T01:31:35.000000;8b152c86-7519-4511-9bf3-efbd6d0b0d06;405.48;15.2376;UNKNOWN
2016-03-05T01:31:35.000000;2016-03-05T01:31:35.000000;a9dd66ac-fa34-40e1-b85b-548113379741;405.8;6.1582;UNKNOWN
2016-03-05T01:31:35.000000;2016-03-05T01:31:35.000000;cd706b20-1b0b-41e4-a383-51c0b3ccdeef;405.55;1.0;UNKNOWN
2016-03-05T01:31:35.000000;2016-03-05T01:31:35.000000;ee713df7-8aeb-4228-8054-639f64df1bf6;405.56;1.9;UNKNOWN
2016-03-05T01:31:35.000000;2016-03-05T01:31:35.000000;f20f158d-3e7d-4235-8709-03f91f5aaf44;405.5;0.5;UNKNOWN
2016-03-05T01:31:35.000000;2016-03-05T01:31:35.000000;84682757-738f-4edf-87a6-fff6b597b480;405.36;0.3580449;UNKNOWN
2016-03-05T01:31:43.000000;2016-03-05T01:31:43.000000;7c81492e-c4cd-4f33-9c47-abee4a995d40;405.37;0.03;UNKNOWN
2016-03-05T01:31:46.000000;2016-03-05T01:31:46.000000;42069d6e-d812-4229-a586-a27e5ac9fe3e;405.93;1.92;UNKNOWN
2016-03-05T01:31:48.000000;2016-03-05T01:31:48.000000;6c6f05eb-7fff-4e2b-ae7d-bb23ce60ca87;405.37;0.0243;UNKNOWN
2016-03-05T01:31:54.000000;2016-03-05T01:31:54.000000;6f7cbbfc-3618-4acd-a061-efd3a907d491;405.93;0.3539;UNKNOWN
2016-03-05T01:31:56.000000;2016-03-05T01:31:56.000000;b2317741-e470-4706-99ae-799acb1c0112;405.37;0.01;UNKNOWN
2016-03-05T01:32:01.000000;2016-03-05T01:32:01.000000;e759fad6-4a1f-44d1-ab9d-37261a9330d0;405.37;0.3;UNKNOWN
2016-03-05T01:32:13.000000;2016-03-05T01:32:13.000000;13a9a6f8-709e-415e-97fc-d75bf724ad3d;405.4;0.04494974;UNKNOWN
2016-03-05T01:32:30.000000;2016-03-05T01:32:30.000000;43085f67-7b1a-4725-bead-4d56986a78c8;405.42;2.0;UNKNOWN
2016-03-05T01:32:41.000000;2016-03-05T01:32:41.000000;16a7522b-b972-42bd-a4dc-60f94996dbf4;405.48;0.3515;UNKNOWN
2016-03-05T01:32:46.000000;2016-03-05T01:32:46.000000;b360e46a-f1a3-4779-bc5a-fad84331907d;405.42;0.014344;UNKNOWN
2016-03-05T01:32:55.000000;2016-03-05T01:32:55.000000;c4c9f471-bf10-4c47-9fb3-ff83bb57cb72;405.43;6.0754;UNKNOWN
2016-03-05T01:32:55.000000;2016-03-05T01:32:55.000000;ee1bbc97-7d20-41b6-a977-4afe3922a19c;405.41;4.2777;UNKNOWN
2016-03-05T01:32:55.000000;2016-03-05T01:32:55.000000;849d7585-a707-48bc-a545-fe60cbfc38b2;405.42;4.86233514;UNKNOWN
2016-03-05T01:32:55.000000;2016-03-05T01:32:55.000000;329b730c-dae8-42b1-a44c-717fd4c4e55f;405.41;4.2777;UNKNOWN
2016-03-05T01:32:55.000000;2016-03-05T01:32:55.000000;4d09f7a5-9a8d-4785-ae86-a709a31e48ed;405.41;9.0;UNKNOWN
2016-03-05T01:32:55.000000;2016-03-05T01:32:55.000000;5af856db-9140-4c0f-b86c-468b86566ed8;405.39;2.50686486;UNKNOWN
2016-03-05T01:32:58.000000;2016-03-05T01:32:58.000000;2f766e95-e415-4840-a70f-6074e0172cb7;405.4;0.01;UNKNOWN
2016-03-05T01:33:06.000000;2016-03-05T01:33:06.000000;2a936c65-8641-4b4d-845d-8c83d2984506;405.48;1.4648;UNKNOWN
2016-03-05T01:33:08.000000;2016-03-05T01:33:08.000000;e78d3237-da57-4b88-ac96-e67044fb4fc1;405.43;0.01;UNKNOWN
2016-03-05T01:33:23.000000;2016-03-05T01:33:23.000000;7ad8fd49-8397-4a07-aa16-7b3bf9724c92;405.48;0.3501;UNKNOWN
2016-03-05T01:33:25.000000;2016-03-05T01:33:25.000000;0c33b1ab-201d-4bd7-ab6d-239e8fb08361;405.4;0.01;UNKNOWN
2016-03-05T01:33:33.000000;2016-03-05T01:33:33.000000;018c1888-88fb-4f9a-a94b-fc549b0f9160;405.4;0.364266;UNKNOWN
2016-03-05T01:33:43.000000;2016-03-05T01:33:43.000000;ae0504f8-f04b-478b-911a-fba0a70b9f9a;405.4;0.10087301;UNKNOWN
2016-03-05T01:33:59.000000;2016-03-05T01:33:59.000000;6b861d0c-f007-4df2-8f5c-f63bda3a148b;405.39;0.01700012;UNKNOWN
2016-03-05T01:34:02.000000;2016-03-05T01:34:02.000000;fc85373a-b75b-4523-bbc9-9566bcd57214;405.48;0.3517;UNKNOWN
2016-03-05T01:34:15.000000;2016-03-05T01:34:15.000000;3f436704-8084-4835-85f6-5acdc107e8d1;405.48;5.0;UNKNOWN
2016-03-05T01:34:18.000000;2016-03-05T01:34:18.000000;eafcb37a-7e32-4de4-9af3-c2c2ad65ff6d;405.4;15.06;UNKNOWN
2016-03-05T01:34:18.000000;2016-03-05T01:34:18.000000;f0a77a88-9694-450c-8647-ddd70b8c16b7;405.38;0.7223;UNKNOWN
2016-03-05T01:34:18.000000;2016-03-05T01:34:18.000000;929556fe-727a-4913-b96c-289c5f95e9f6;405.39;4.86298539;UNKNOWN
2016-03-05T01:34:18.000000;2016-03-05T01:34:18.000000;b99e149a-eb14-4cf2-8b43-da54fc815d83;405.39;7.47613502;UNKNOWN
2016-03-05T01:34:18.000000;2016-03-05T01:34:18.000000;0fc3ed97-eefc-44cc-94bb-252c088a56fd;405.38;0.7223;UNKNOWN
2016-03-05T01:34:18.000000;2016-03-05T01:34:18.000000;cd0df13a-572a-4d4c-b174-052db2e48931;405.39;0.7223;UNKNOWN
2016-03-05T01:34:18.000000;2016-03-05T01:34:18.000000;295400a0-f647-4e3d-bfaa-1da421f6684b;405.34;0.43397959;UNKNOWN
2016-03-05T01:34:21.000000;2016-03-05T01:34:21.000000;b2df017c-08a4-4e2c-864c-3e08d5675472;405.34;0.01383627;UNKNOWN
2016-03-05T01:34:25.000000;2016-03-05T01:34:25.000000;27ea3eab-c3ba-4216-83a4-e72b4ac27669;405.48;0.5;UNKNOWN
2016-03-05T01:34:27.000000;2016-03-05T01:34:27.000000;408ff70c-d75e-4f7e-a524-5fe4b673e6be;405.33;0.0202;UNKNOWN
2016-03-05T01:34:30.000000;2016-03-05T01:34:30.000000;19bc7fde-042a-437b-a54d-499ec421941a;405.34;0.01;UNKNOWN
2016-03-05T01:34:38.000000;2016-03-05T01:34:38.000000;d369d9b1-d9a5-4feb-895e-b23a9cadf01b;405.34;0.01;UNKNOWN
2016-03-05T01:34:43.000000;2016-03-05T01:34:43.000000;14d09add-c4b6-4fed-b10a-f61c20714dcb;405.48;1.0;UNKNOWN
2016-03-05T01:34:43.000000;2016-03-05T01:34:43.000000;f3a40c5a-545d-40e1-9b33-84160896a627;405.34;0.01;UNKNOWN
2016-03-05T01:34:46.000000;2016-03-05T01:34:46.000000;33e4a7d3-9f34-4b47-aef4-9f0f49f86832;405.34;0.72915767;UNKNOWN
2016-03-05T01:34:50.000000;2016-03-05T01:34:50.000000;c837cf37-d939-4c1a-80dc-a799132c8536;405.48;0.3518;UNKNOWN
2016-03-05T01:34:53.000000;2016-03-05T01:34:53.000000;574de36b-f574-4f6f-964c-aae6d4515b20;405.34;0.01;UNKNOWN
2016-03-05T01:35:04.000000;2016-03-05T01:35:04.000000;bb687e34-737c-48f2-8b79-64b34c600d02;405.34;0.05;UNKNOWN
2016-03-05T01:35:10.000000;2016-03-05T01:35:10.000000;b0d59866-e860-4b6b-806b-36c274795918;405.34;0.01;UNKNOWN
2016-03-05T01:35:10.000000;2016-03-05T01:35:10.000000;5e121e90-f3e9-49db-ad98-5ad84298c49b;405.48;0.2739;UNKNOWN
2016-03-05T01:35:21.000000;2016-03-05T01:35:21.000000;9344a3f6-64a2-4ce8-95bf-f6f1f1317ba3;405.34;0.01;UNKNOWN
2016-03-05T01:35:32.000000;2016-03-05T01:35:32.000000;15bfed18-a327-497b-b587-c271e6917175;405.48;0.3552;UNKNOWN
2016-03-05T01:35:36.000000;2016-03-05T01:35:36.000000;611580da-76cd-48bb-a1f6-1ab102f08687;405.34;0.01;UNKNOWN
2016-03-05T01:36:06.000000;2016-03-05T01:36:06.000000;4e2e292b-a3b3-470f-9d23-ac5b2a0f020f;405.58;0.009;UNKNOWN
2016-03-05T01:36:06.000000;2016-03-05T01:36:06.000000;07180ee3-b1df-40f9-871c-dc1f997cf63f;405.48;0.001;UNKNOWN
2016-03-05T01:36:07.000000;2016-03-05T01:36:07.000000;fdf5825c-274f-4bae-a09d-e85ccd04dc25;405.39;0.01;UNKNOWN
2016-03-05T01:36:15.000000;2016-03-05T01:36:15.000000;5af47d31-51e1-4174-bbec-9ddc90496fe1;405.53;0.4997;UNKNOWN
2016-03-05T01:36:44.000000;2016-03-05T01:36:44.000000;d178c51a-d1a2-4f10-8ac0-3b56e4410d62;405.48;0.3847;UNKNOWN
2016-03-05T01:36:56.000000;2016-03-05T01:36:56.000000;2fc2676a-870f-42a2-8ffd-601de06c8ee8;405.35;0.01;UNKNOWN
2016-03-05T01:36:58.000000;2016-03-05T01:36:58.000000;72d5fbee-2258-49ac-87a5-b95afee3782c;405.48;2.0;UNKNOWN
2016-03-05T01:37:07.000000;2016-03-05T01:37:07.000000;f3e00cd9-ad5b-4f16-95be-440e0f65f701;405.35;0.05;UNKNOWN
2016-03-05T01:37:09.000000;2016-03-05T01:37:09.000000;41a2dde7-aa41-482b-bfa9-6db926f63d51;405.67;0.0375;UNKNOWN
2016-03-05T01:37:14.000000;2016-03-05T01:37:14.000000;ca2ca95e-d806-405f-8e60-3120e2bf2642;405.35;0.01;UNKNOWN
2016-03-05T01:37:21.000000;2016-03-05T01:37:21.000000;46e0e5f3-dfb5-48a3-b0d6-e531312efc09;405.33;0.0527;UNKNOWN
2016-03-05T01:37:21.000000;2016-03-05T01:37:21.000000;48fda942-fe29-49dc-9fb9-57b1e9a4cdbd;405.33;2.37308;UNKNOWN
2016-03-05T01:37:21.000000;2016-03-05T01:37:21.000000;90b4e87c-e5af-499b-91e7-bb5e5ec6f3e1;405.35;0.09;UNKNOWN
2016-03-05T01:37:21.000000;2016-03-05T01:37:21.000000;b64ab1df-5086-4da5-a233-e530efcac2ee;405.33;0.0798;UNKNOWN
2016-03-05T01:37:29.000000;2016-03-05T01:37:29.000000;f421524a-3488-44c0-bba1-9220a4b7c3f5;405.36;0.01;UNKNOWN
2016-03-05T01:37:31.000000;2016-03-05T01:37:31.000000;f97b1fa0-09d6-49c2-b54e-3991cb00d403;405.36;0.01;UNKNOWN
2016-03-05T01:37:31.000000;2016-03-05T01:37:31.000000;7502be30-7290-4479-a651-b95a2f385043;405.36;0.01;UNKNOWN
2016-03-05T01:37:33.000000;2016-03-05T01:37:33.000000;f2d7ea56-30d7-4858-bf61-4b03b886441b;405.62;6.1331;UNKNOWN
2016-03-05T01:37:33.000000;2016-03-05T01:37:33.000000;b0a771e7-bcdc-4b16-add7-e088954fa6b0;405.64;7.1921;UNKNOWN
2016-03-05T01:37:33.000000;2016-03-05T01:37:33.000000;0002976d-69a4-4072-8030-237de4e3cc9e;405.62;0.05;UNKNOWN
2016-03-05T01:37:35.000000;2016-03-05T01:37:35.000000;15e1b943-232c-4815-b231-f2694e061019;405.62;0.05;UNKNOWN
2016-03-05T01:37:45.000000;2016-03-05T01:37:45.000000;083a292f-89b0-47e3-8c49-10455a84300c;405.36;0.01;UNKNOWN
2016-03-05T01:37:58.000000;2016-03-05T01:37:58.000000;16192cd9-05f9-446f-8edb-09ff91ce2bbd;405.6;0.02;UNKNOWN
2016-03-05T01:38:06.000000;2016-03-05T01:38:06.000000;a146a4e9-ff93-4b97-ade6-7483c85a808c;405.37;0.03;UNKNOWN
2016-03-05T01:38:08.000000;2016-03-05T01:38:08.000000;59870dea-cc42-488b-9f1e-2d03cbf3adbf;405.6;6.1589;UNKNOWN
2016-03-05T01:38:08.000000;2016-03-05T01:38:08.000000;decd38db-6676-4587-b735-0d32e6a140c6;405.6;15.0277;UNKNOWN
2016-03-05T01:38:23.000000;2016-03-05T01:38:23.000000;0dafb186-05cb-4929-a5b8-28f262b8de51;405.37;0.06028498;UNKNOWN
2016-03-05T01:38:34.000000;2016-03-05T01:38:34.000000;9ce89770-d4e8-4159-98aa-76679322be19;405.37;0.05;UNKNOWN
2016-03-05T01:38:35.000000;2016-03-05T01:38:35.000000;edb6586d-5c0f-429c-a4a5-8d1c8923e1a0;405.37;0.01;UNKNOWN
2016-03-05T01:39:05.000000;2016-03-05T01:39:05.000000;2822390d-08e9-4085-b374-abf55a7f55ae;405.54;0.5;UNKNOWN
2016-03-05T01:39:05.000000;2016-03-05T01:39:05.000000;7a56ea86-8044-488b-9f10-e3fd96ae6b5c;405.55;6.1361;UNKNOWN
2016-03-05T01:39:05.000000;2016-03-05T01:39:05.000000;f334c0be-0726-4b87-8db3-29fa0e001662;405.54;3.0;UNKNOWN
2016-03-05T01:39:09.000000;2016-03-05T01:39:09.000000;24305d0e-200b-4ef0-bac5-5701573dbe8a;405.37;0.01;UNKNOWN
2016-03-05T01:39:13.000000;2016-03-05T01:39:13.000000;d4a5cea7-d7ec-4528-b45c-9cb56fea2304;405.41;0.05;UNKNOWN
2016-03-05T01:39:13.000000;2016-03-05T01:39:13.000000;97421a91-bc86-4403-918a-706ed4d985b2;405.59;3.0;UNKNOWN
2016-03-05T01:39:19.000000;2016-03-05T01:39:19.000000;943e195f-c50c-42c4-9cd6-e3b0693d5404;405.41;0.05;UNKNOWN
2016-03-05T01:39:20.000000;2016-03-05T01:39:20.000000;cdd732e5-7fee-477a-a9a3-8df52fdc62d5;405.37;0.01;UNKNOWN
2016-03-05T01:39:27.000000;2016-03-05T01:39:27.000000;1f5a2bb5-7b75-4093-bb63-a54082aeb949;405.41;1.1;UNKNOWN
2016-03-05T01:39:32.000000;2016-03-05T01:39:32.000000;8a113942-f440-4da1-bc6b-b74dc131b98c;405.37;0.64;UNKNOWN
2016-03-05T01:39:37.000000;2016-03-05T01:39:37.000000;796bf877-c0c8-459e-921e-1023f2331d9f;405.35;0.01;UNKNOWN
2016-03-05T01:39:44.000000;2016-03-05T01:39:44.000000;1e565bdd-140d-49e0-9001-56dc6a30b56d;405.35;0.01;UNKNOWN
2016-03-05T01:39:51.000000;2016-03-05T01:39:51.000000;34753f62-4815-45e3-acd2-7ab200f589a5;405.35;0.13418458;UNKNOWN
2016-03-05T01:39:55.000000;2016-03-05T01:39:55.000000;2d78b80a-54d5-4c46-ab7c-a9bfa1302e2f;405.35;0.00581542;UNKNOWN
2016-03-05T01:39:55.000000;2016-03-05T01:39:55.000000;d213739e-8d1b-4c25-9d25-601e60ee9d83;405.32;0.00418458;UNKNOWN
2016-03-05T01:40:05.000000;2016-03-05T01:40:05.000000;ad436b8a-501f-48bc-94ca-a8d621e54f08;405.35;0.14;UNKNOWN
2016-03-05T01:40:05.000000;2016-03-05T01:40:05.000000;e04432c3-a5c5-468a-859c-ea954eb9168b;405.32;0.36;UNKNOWN
2016-03-05T01:40:14.000000;2016-03-05T01:40:14.000000;ed809329-7506-4f95-86b3-d1f7acd74ce5;405.32;0.05;UNKNOWN
2016-03-05T01:40:19.000000;2016-03-05T01:40:19.000000;4acb911e-f7fc-4500-8dfb-9dded14b04f5;405.33;0.01;UNKNOWN
2016-03-05T01:40:22.000000;2016-03-05T01:40:22.000000;ff4cd2fb-af36-490b-a2b3-7ef87a935d82;405.33;0.05;UNKNOWN
2016-03-05T01:40:29.000000;2016-03-05T01:40:29.000000;15535641-d9ec-4721-87b7-0a76d266e443;405.33;0.05;UNKNOWN
2016-03-05T01:40:37.000000;2016-03-05T01:40:37.000000;a06c891f-8a04-400e-a1de-6240dae1fca8;405.41;0.3534;UNKNOWN
2016-03-05T01:40:39.000000;2016-03-05T01:40:39.000000;ecbefcb3-f657-431e-b9f8-dd208a5c679c;405.33;0.01;UNKNOWN
2016-03-05T01:41:22.000000;2016-03-05T01:41:22.000000;9ed51318-cbd0-45a1-8503-fe2dafeb78d6;405.36;0.3499;UNKNOWN
2016-03-05T01:41:33.000000;2016-03-05T01:41:33.000000;8a3770f9-25a7-478e-8a1b-1301d00f165a;405.33;0.02469594;UNKNOWN
2016-03-05T01:41:37.000000;2016-03-05T01:41:37.000000;78316436-4ce0-46af-a4c5-9f87f45f9242;405.33;0.01;UNKNOWN
2016-03-05T01:42:09.000000;2016-03-05T01:42:09.000000;7b82693a-0520-439f-ab03-2eec27a47b31;405.37;0.3533;UNKNOWN
2016-03-05T01:42:22.000000;2016-03-05T01:42:22.000000;b2176911-d575-40c4-b5a2-40c01493234b;405.36;0.0276;UNKNOWN
2016-03-05T01:42:29.000000;2016-03-05T01:42:29.000000;2d1e1a03-2f28-44f2-b0ff-ce0d7d8fefa6;405.37;0.028;UNKNOWN
2016-03-05T01:42:32.000000;2016-03-05T01:42:32.000000;8dbb9f71-5a98-48cf-9406-20df90b1b293;405.37;0.01;UNKNOWN
2016-03-05T01:42:34.000000;2016-03-05T01:42:34.000000;d46b9f30-5b51-4c29-8092-d5fffd87ff21;405.38;0.49;UNKNOWN
2016-03-05T01:42:53.000000;2016-03-05T01:42:53.000000;89aec983-8043-4295-8a37-bba09aabc7f7;405.38;0.3531;UNKNOWN
2016-03-05T01:43:08.000000;2016-03-05T01:43:08.000000;58925d60-172c-4f18-b22a-7dfd135ec361;405.38;10.0;UNKNOWN
2016-03-05T01:44:04.000000;2016-03-05T01:44:04.000000;56d310ee-ab0f-4486-b96c-cb1735d6c0af;405.37;0.01;UNKNOWN
2016-03-05T01:44:23.000000;2016-03-05T01:44:23.000000;52e5da97-a84b-43ec-91e4-6529593a245d;405.37;0.25623505;UNKNOWN
2016-03-05T01:45:14.000000;2016-03-05T01:45:14.000000;02adcd62-2e64-4136-8262-ce3856168829;405.37;24.73376495;UNKNOWN
2016-03-05T01:45:14.000000;2016-03-05T01:45:14.000000;fe8c20fc-2d63-408e-9722-048e7ee7af19;405.31;12.20959183;UNKNOWN
2016-03-05T01:45:14.000000;2016-03-05T01:45:14.000000;172bca8d-afa3-4a89-80c6-f25796a0701d;405.33;0.5;UNKNOWN
2016-03-05T01:45:14.000000;2016-03-05T01:45:14.000000;9415773c-2897-403c-8f20-7e6722a9269c;405.33;3.96530406;UNKNOWN
2016-03-05T01:45:14.000000;2016-03-05T01:45:14.000000;21b2d59c-af8b-4d98-bd9d-a1ecb6f38786;405.32;2.36573916;UNKNOWN
2016-03-05T01:45:14.000000;2016-03-05T01:45:14.000000;6acc9204-c4a6-43fe-9323-d30ec9f2e838;405.34;6.1256;UNKNOWN
2016-03-05T01:45:14.000000;2016-03-05T01:45:14.000000;a695dfe3-67d5-4bbd-b411-e62f69279ac2;405.36;0.1;UNKNOWN
2016-03-05T01:45:30.000000;2016-03-05T01:45:30.000000;d641c953-4838-4fbe-9e92-42c306226756;405.32;0.2;UNKNOWN
2016-03-05T01:45:31.000000;2016-03-05T01:45:31.000000;72e5c97b-c0a3-4f3f-8438-df22eb7e2b41;405.31;1.5;UNKNOWN
2016-03-05T01:45:54.000000;2016-03-05T01:45:54.000000;96f58121-07cb-4247-adca-c68997541fb5;405.31;0.01;UNKNOWN
2016-03-05T01:45:55.000000;2016-03-05T01:45:55.000000;c1c3b8ab-196d-44ea-a804-a993ab62f113;405.19;0.52919;UNKNOWN
2016-03-05T01:45:55.000000;2016-03-05T01:45:55.000000;fe566671-c573-47bb-819f-2938627cd08f;405.16;3.23827975;UNKNOWN
2016-03-05T01:45:55.000000;2016-03-05T01:45:55.000000;8c228c75-5310-43a9-a997-ea8529b12024;405.31;0.28040817;UNKNOWN
2016-03-05T01:45:55.000000;2016-03-05T01:45:55.000000;816a7f73-826d-4f13-9213-f1cb349ac244;405.31;0.46;UNKNOWN
2016-03-05T01:45:59.000000;2016-03-05T01:45:59.000000;d9624e2c-8dfc-4274-88b7-7688eb981cf4;405.16;0.2;UNKNOWN
2016-03-05T01:45:59.000000;2016-03-05T01:45:59.000000;303d0fc4-2559-4eee-905e-bc7694367853;405.15;0.3;UNKNOWN
2016-03-05T01:45:59.000000;2016-03-05T01:45:59.000000;4a61a1af-71ec-4d03-8db1-ee01ec29df97;405.15;0.5;UNKNOWN
2016-03-05T01:46:18.000000;2016-03-05T01:46:18.000000;6f9d7e71-53b5-4919-820f-a8ca74345333;405.15;0.03;UNKNOWN
2016-03-05T01:46:18.000000;2016-03-05T01:46:18.000000;e41934aa-7788-426f-88e5-a6b2ddc1c709;405.16;0.47;UNKNOWN
2016-03-05T01:46:22.000000;2016-03-05T01:46:22.000000;cae9e9f0-f21d-4e05-9f94-f33eb172e255;405.15;0.17;UNKNOWN
2016-03-05T01:46:22.000000;2016-03-05T01:46:22.000000;f5a1dc7b-371d-4714-8008-d232fd119a59;405.12;0.33;UNKNOWN
2016-03-05T01:46:29.000000;2016-03-05T01:46:29.000000;570e7932-0294-45bb-b302-4a1194838fb6;405.15;0.0375;UNKNOWN
2016-03-05T01:46:33.000000;2016-03-05T01:46:33.000000;8a2c27e2-c687-4591-a50a-0f66faaa8988;405.12;2.0;UNKNOWN
2016-03-05T01:46:33.000000;2016-03-05T01:46:33.000000;7440edbd-173d-443e-99dc-fb31e7d535a7;405.15;0.47;UNKNOWN
2016-03-05T01:46:41.000000;2016-03-05T01:46:41.000000;8c940a47-9fa8-4764-be63-ef070144b8e5;405.12;0.01;UNKNOWN
2016-03-05T01:47:07.000000;2016-03-05T01:47:07.000000;b2fc5f68-10f4-49a2-9c2a-89d46c1086a5;405.13;0.21;UNKNOWN
2016-03-05T01:47:07.000000;2016-03-05T01:47:07.000000;a1bcad4c-0cea-4b3b-8924-63b13ebb4a2c;405.12;1.29;UNKNOWN
2016-03-05T01:47:15.000000;2016-03-05T01:47:15.000000;0212f3f2-7d49-46b4-bdce-e5627c0f6665;405.12;0.01;UNKNOWN
2016-03-05T01:47:17.000000;2016-03-05T01:47:17.000000;037a18ea-050b-4ea9-be8e-ff40ce3d8529;405.15;0.3601;UNKNOWN
2016-03-05T01:47:29.000000;2016-03-05T01:47:29.000000;7f9b73c4-8810-4aed-bb51-0263ea1e3b83;405.12;0.01;UNKNOWN
2016-03-05T01:47:49.000000;2016-03-05T01:47:49.000000;c99c7348-b085-495f-aeaf-161cd3f5c2ff;405.15;0.0222;UNKNOWN
2016-03-05T01:48:00.000000;2016-03-05T01:48:00.000000;8c01499b-b00a-4922-877f-e1c921743e40;405.15;0.3583;UNKNOWN
2016-03-05T01:48:06.000000;2016-03-05T01:48:06.000000;f9267f2d-5ffa-4935-869f-2f13c713c734;405.15;4.9206;UNKNOWN
2016-03-05T01:48:06.000000;2016-03-05T01:48:06.000000;e4a90bd6-7ef9-42bc-a61a-86e4e783a022;405.15;5.0794;UNKNOWN
2016-03-05T01:48:08.000000;2016-03-05T01:48:08.000000;85e00393-9c69-4109-aa04-381d2910092f;405.12;0.01;UNKNOWN
2016-03-05T01:48:14.000000;2016-03-05T01:48:14.000000;05f015a1-1377-480f-98e1-f66eeddd91a1;405.13;0.03;UNKNOWN
2016-03-05T01:48:14.000000;2016-03-05T01:48:14.000000;54fdd219-c3a3-48d4-a032-84fc7c85590b;405.12;0.42;UNKNOWN
2016-03-05T01:48:15.000000;2016-03-05T01:48:15.000000;a7ca02c0-4111-49ff-ae97-e2fbed6226d3;405.12;0.01;UNKNOWN
2016-03-05T01:48:15.000000;2016-03-05T01:48:15.000000;f659b109-197c-4ced-99cb-f31017e3576c;405.12;0.01;UNKNOWN
2016-03-05T01:48:16.000000;2016-03-05T01:48:16.000000;356fed7d-1d4b-4174-9cba-118c1f870228;405.12;0.01;UNKNOWN
2016-03-05T01:48:35.000000;2016-03-05T01:48:35.000000;e1b42e30-a812-4e7f-ad11-ca636f7ae644;405.15;6.2394;UNKNOWN
2016-03-05T01:48:39.000000;2016-03-05T01:48:39.000000;8c4e687d-5ad5-4b08-9634-c0066cc232f3;405.2;0.01;UNKNOWN
2016-03-05T01:48:44.000000;2016-03-05T01:48:44.000000;8a35db78-1fb4-402a-ba5c-6d02a9bdb723;405.2;3.7506;UNKNOWN
2016-03-05T01:48:54.000000;2016-03-05T01:48:54.000000;c923fe37-2223-4c01-85d2-8e4b623d4cab;405.12;0.01;UNKNOWN
2016-03-05T01:49:25.000000;2016-03-05T01:49:25.000000;95e512ec-d1f7-4ed3-a69d-7acf201de9f3;405.05;0.01;UNKNOWN
2016-03-05T01:49:25.000000;2016-03-05T01:49:25.000000;1a4e62a2-936f-4a50-afe5-5ac7062d25e7;405.09;0.2;UNKNOWN
2016-03-05T01:49:25.000000;2016-03-05T01:49:25.000000;adc28fc4-fe30-4a44-b716-290ab2b93c11;405.05;0.5;UNKNOWN
2016-03-05T01:49:25.000000;2016-03-05T01:49:25.000000;512ecce2-6305-4bcc-bf74-698746c7ec31;405.12;0.07;UNKNOWN
2016-03-05T01:49:25.000000;2016-03-05T01:49:25.000000;99a26f07-281b-486b-802c-419a83a7a12a;405.12;15.88;UNKNOWN
2016-03-05T01:49:25.000000;2016-03-05T01:49:25.000000;0e983ba3-9dd9-40b9-89b3-bd58fe4784fc;405.1;2.7215;UNKNOWN
2016-03-05T01:49:25.000000;2016-03-05T01:49:25.000000;5461a97b-517b-48d6-86ef-2c3e0ab82f14;405.05;0.5;UNKNOWN
2016-03-05T01:49:25.000000;2016-03-05T01:49:25.000000;8470ff64-af66-4bb0-a310-3b2f2a8ad122;405.04;5.1185;UNKNOWN
2016-03-05T01:49:29.000000;2016-03-05T01:49:29.000000;e1263eca-81da-4884-9ed3-be0b6a5af859;405.02;10.0;UNKNOWN
2016-03-05T01:49:31.000000;2016-03-05T01:49:31.000000;4cdf2d67-cb72-4e7b-b347-4e3fe89fc058;405.01;1.19;UNKNOWN
2016-03-05T01:49:31.000000;2016-03-05T01:49:31.000000;07621a94-db9b-4c76-82b5-1eec6850a372;405.01;25.0;UNKNOWN
2016-03-05T01:49:33.000000;2016-03-05T01:49:33.000000;578838ad-ea75-498b-818b-1710491fb8ce;405.01;0.70848;UNKNOWN
2016-03-05T01:49:37.000000;2016-03-05T01:49:37.000000;140e1aa1-f240-48be-8ebd-741ec753070c;405.01;3.5;UNKNOWN
2016-03-05T01:49:44.000000;2016-03-05T01:49:44.000000;04316b1d-6f1a-42ea-83b0-719387029486;405.01;0.8;UNKNOWN
2016-03-05T01:49:45.000000;2016-03-05T01:49:45.000000;23161749-5fca-47ed-9caa-fb54b733355b;405.02;0.65;UNKNOWN
2016-03-05T01:50:13.000000;2016-03-05T01:50:13.000000;033a3b4a-72e4-4d6d-ab75-22648332cbdb;405.01;0.01;UNKNOWN
2016-03-05T01:50:38.000000;2016-03-05T01:50:38.000000;916c095c-91f0-4601-9d95-9392e087f515;405.01;18.79152;UNKNOWN
2016-03-05T01:50:40.000000;2016-03-05T01:50:40.000000;a1b499a5-de37-498e-93e2-fa33b26b71f8;405.0;6.0;UNKNOWN
2016-03-05T01:50:40.000000;2016-03-05T01:50:40.000000;453985db-bd08-4429-bb17-2a09f9658b77;405.0;7.2899;UNKNOWN
2016-03-05T01:50:40.000000;2016-03-05T01:50:40.000000;8e550417-a6b1-4f00-bdbe-14908bb5aa4e;405.0;1.0;UNKNOWN
2016-03-05T01:50:40.000000;2016-03-05T01:50:40.000000;e3531142-1b09-40e3-ad39-532fb706b9c5;405.0;0.1;UNKNOWN
2016-03-05T01:50:40.000000;2016-03-05T01:50:40.000000;9a5a52df-d96e-4c99-8520-7fdec2f6f294;405.0;0.1;UNKNOWN
2016-03-05T01:50:40.000000;2016-03-05T01:50:40.000000;73da8b95-cf42-49d9-b2d5-fedec07d3c0e;405.0;11.55304253;UNKNOWN
2016-03-05T01:50:40.000000;2016-03-05T01:50:40.000000;4aa86adc-517f-4a11-a948-1e9bcbb32934;405.0;10.0;UNKNOWN
2016-03-05T01:50:40.000000;2016-03-05T01:50:40.000000;ce23ee6f-59da-4416-9006-29926593811c;405.0;32.0173;UNKNOWN
