time_exchange;time_coinpai;guid;price;base_amount;taker_side
2016-04-17T00:00:00.910649;2016-04-17T00:00:00.934453;8e2d2ac7-3995-4814-ae58-fc0841bfd6c6;433.69;0.01;BUY
2016-04-17T00:00:00.910891;2016-04-17T00:00:00.950077;5814dac7-6cdc-4587-84f4-91b17b172a24;433.7;0.03;BUY
2016-04-17T00:00:00.911095;2016-04-17T00:00:00.950077;a979fdeb-b302-4188-8c23-686f57fbc4f9;433.73;0.082;BUY
2016-04-17T00:00:00.911254;2016-04-17T00:00:00.950077;b0cf119e-4145-430a-ab6c-406c309da96b;433.76;0.01;BUY
2016-04-17T00:00:00.911410;2016-04-17T00:00:00.950077;6c7cfe3f-d899-4cd5-9fd8-4b13009b9b4a;433.77;0.01;BUY
2016-04-17T00:00:00.911549;2016-04-17T00:00:00.981327;1c45809a-ee7d-44cb-ae28-e3bcc7369c20;433.77;0.0641;BUY
2016-04-17T00:00:30.771521;2016-04-17T00:00:30.793854;fd873376-d7f1-4da5-a4c3-79e82f36e61f;433.75;0.07455;BUY
2016-04-17T00:01:01.527539;2016-04-17T00:01:01.559484;579a9642-7d7b-413f-b220-c3f62b7878a6;433.74;0.01;BUY
2016-04-17T00:01:01.527749;2016-04-17T00:01:01.575109;dfa4808c-4a3a-4155-8513-8b2d374bd914;433.74;0.29;BUY
2016-04-17T00:01:01.527957;2016-04-17T00:01:01.575109;ccc9871b-b7d0-4a67-8118-528d1fae1838;433.74;0.29;BUY
2016-04-17T00:01:01.528123;2016-04-17T00:01:01.575109;ae7d7e77-3db9-4a38-bf3d-94509f8cbe45;433.75;0.02545;BUY
2016-04-17T00:01:01.528262;2016-04-17T00:01:01.575109;18d55968-e32f-4e43-97aa-baa6f595779b;433.75;0.08225;BUY
2016-04-17T00:01:31.789613;2016-04-17T00:01:31.809497;45310670-fd57-4924-8636-00691abd0573;433.75;0.1;SELL
2016-04-17T00:01:31.789786;2016-04-17T00:01:31.840749;896127ff-a567-4d3b-9b80-298b63e91269;433.68;0.01;SELL
2016-04-17T00:01:31.789988;2016-04-17T00:01:31.856374;3b8a53fb-c708-4fef-8b96-e631fbd77002;433.68;0.19;SELL
2016-04-17T00:01:31.790163;2016-04-17T00:01:31.856374;eaf66d87-c60d-414c-91dc-f4e269a58200;433.67;0.01;SELL
2016-04-17T00:01:31.790328;2016-04-17T00:01:31.856374;84b09aa6-6ac5-4582-afba-817edaac4608;433.65;0.01;SELL
2016-04-17T00:01:31.790474;2016-04-17T00:01:31.871997;af1aee2c-20a9-4ec6-b371-e1521bb2763a;433.64;0.01;SELL
2016-04-17T00:01:31.790630;2016-04-17T00:01:31.871997;bf9d5587-bab3-4fd1-9430-84d5518f0dac;433.64;0.074;SELL
2016-04-17T00:01:31.790786;2016-04-17T00:01:31.871997;8023c9a0-d2cc-437b-9afd-1216464bc296;433.63;0.01;SELL
2016-04-17T00:01:31.790958;2016-04-17T00:01:31.871997;694b3db4-0cde-4b69-8cf2-6fb27bbc077e;433.62;0.01;SELL
2016-04-17T00:01:31.791137;2016-04-17T00:01:31.887626;6212be86-1f72-499e-8ae0-48350d3fec69;433.59;0.12;SELL
2016-04-17T00:01:31.791295;2016-04-17T00:01:31.887626;562bb419-ca81-489c-a8e4-8dd70fd567f4;433.58;0.29;SELL
2016-04-17T00:01:31.791452;2016-04-17T00:01:31.887626;ecc6b102-1900-464a-acb4-344623c9f2e4;433.55;0.34854774;SELL
2016-04-17T00:01:31.791591;2016-04-17T00:01:31.887626;ec23f736-b0bf-4504-bd6a-59bdfe3d6038;433.54;0.06319226;SELL
2016-04-17T00:02:01.194823;2016-04-17T00:02:01.215765;cda51c2b-472a-48fa-8925-558fba18b0c4;433.66;0.02;BUY
2016-04-17T00:02:01.195141;2016-04-17T00:02:01.247018;457ba172-734f-4002-b85b-153e491d83d1;433.66;0.01617;BUY
2016-04-17T00:02:33.257680;2016-04-17T00:02:33.293905;9ec41973-aa83-47c0-8a35-d9ac4ed661c2;433.67;0.03881;BUY
2016-04-17T00:02:48.233279;2016-04-17T00:02:48.262662;bb0a33b4-ddf1-453a-b110-15a2306dbcfa;433.67;0.06119;BUY
2016-04-17T00:02:48.233535;2016-04-17T00:02:48.262662;03f2fe1c-ceb8-46b1-b605-944dc56f037a;433.67;0.19;BUY
2016-04-17T00:02:48.233709;2016-04-17T00:02:48.262662;d58c59fd-e35c-458a-afdd-b912f94d5f23;433.67;0.05381;BUY
2016-04-17T00:03:00.710960;2016-04-17T00:03:00.731435;4c2ea571-6256-4e33-b99d-b16c1dc7f270;433.64;0.01;SELL
2016-04-17T00:03:00.711161;2016-04-17T00:03:00.731435;f0f9386f-4487-4f50-bccd-9752e1290b30;433.63;0.01;SELL
2016-04-17T00:03:00.711326;2016-04-17T00:03:00.747045;75bc0bda-ab53-472d-ad27-0095bb947995;433.62;0.01;SELL
2016-04-17T00:03:00.711501;2016-04-17T00:03:00.747045;f8961f08-d214-49d3-b763-389b83547935;433.61;0.01;SELL
2016-04-17T00:03:00.711661;2016-04-17T00:03:00.747045;71b23959-c437-446b-8947-16b1c626aa5b;433.6;0.01;SELL
2016-04-17T00:03:00.711809;2016-04-17T00:03:00.747045;f4a8448a-6b6a-453d-a4c0-13f6f932c60a;433.6;0.03184;SELL
2016-04-17T00:03:31.082630;2016-04-17T00:03:31.122059;09b45849-d46c-49ac-81d2-d9692dd9cc79;433.67;0.03;BUY
2016-04-17T00:03:31.082886;2016-04-17T00:03:31.122059;ceaf17bf-e90b-4457-b0e7-aa4705a1b33f;433.68;0.01;BUY
2016-04-17T00:03:31.083111;2016-04-17T00:03:31.122059;555f24c9-56f5-467e-ae63-0d32f266e963;433.7;0.077;BUY
2016-04-17T00:03:31.083250;2016-04-17T00:03:31.122059;7174f61f-ed7c-4949-b31c-735f1b49b7f5;433.72;0.29382;BUY
2016-04-17T00:04:18.791636;2016-04-17T00:04:18.809587;f099517e-499f-45b4-9d73-508e48c74e18;433.74;0.01;BUY
2016-04-17T00:04:18.791848;2016-04-17T00:04:18.825209;fdba3d08-3848-4264-adb8-9afa21f0a917;433.74;0.04;BUY
2016-04-17T00:04:30.673238;2016-04-17T00:04:30.684591;9b347079-6105-4ff2-a993-d0b3f8f951f0;433.76;0.01;BUY
2016-04-17T00:04:30.673484;2016-04-17T00:04:30.700219;c459a33c-50c4-45bc-8db9-2ee54322cad2;433.77;0.01185;BUY
2016-04-17T00:04:30.673679;2016-04-17T00:04:30.700219;5ab0c445-2e14-4533-87cb-d1da20080dde;433.78;0.03;BUY
2016-04-17T00:04:30.673834;2016-04-17T00:04:30.700219;4c8d6723-fb9f-42ab-89bd-6de78ac43c80;433.78;0.01;BUY
2016-04-17T00:04:30.673992;2016-04-17T00:04:30.715841;0f160e33-20a1-4d14-a1ef-6a1cb26bd0bb;433.78;0.01264;BUY
2016-04-17T00:04:41.215222;2016-04-17T00:04:41.247096;954ea219-ca06-4189-8442-1035eb91a414;433.69;0.01;SELL
2016-04-17T00:04:41.215441;2016-04-17T00:04:41.247096;8a30f981-4253-42f6-a3ce-02835f5b291b;433.68;0.01;SELL
2016-04-17T00:04:41.215640;2016-04-17T00:04:41.247096;cc24e767-5f52-4ebf-9a6b-a1d66367eac5;433.68;0.2;SELL
2016-04-17T00:04:41.215804;2016-04-17T00:04:41.247096;f7483d41-6c60-4042-99f3-4e9b162f62d1;433.67;0.1;SELL
2016-04-17T00:04:41.216274;2016-04-17T00:04:41.278345;806d7677-fa17-4a17-a218-bb148d6275cb;433.64;0.088;SELL
2016-04-17T00:04:41.216506;2016-04-17T00:04:41.278345;3cebb5f2-ad94-4b34-99f3-c4488f1c5105;433.63;0.01;SELL
2016-04-17T00:04:41.216739;2016-04-17T00:04:41.278345;50d7b5b8-5552-40a3-8c0d-67381c4c34a4;433.62;0.01;SELL
2016-04-17T00:04:41.216913;2016-04-17T00:04:41.278345;99009cfc-d562-47fb-98b1-1823ab2a91ba;433.61;0.01;SELL
2016-04-17T00:04:41.217102;2016-04-17T00:04:41.278345;b62d4640-03c9-471c-aa21-c9ec6adaa78a;433.6;0.29;SELL
2016-04-17T00:04:41.217265;2016-04-17T00:04:41.278345;3fd0f2fb-85a5-43fe-9925-2b536aca098d;433.59;0.099;SELL
2016-04-17T00:04:41.217430;2016-04-17T00:04:41.278345;7cc54adb-e6df-45d8-95ff-23fb18862cd5;433.56;0.33382001;SELL
2016-04-17T00:04:41.217601;2016-04-17T00:04:41.278345;b020e99d-eafc-4cbb-8c54-0db6f17ca163;433.55;0.01;SELL
2016-04-17T00:04:41.217758;2016-04-17T00:04:41.309596;6ad16fc1-fe78-44a2-bd8e-a52db4f4733c;433.53;0.095;SELL
2016-04-17T00:04:41.217909;2016-04-17T00:04:41.309596;7f2c2a63-7ef7-4e62-94ae-afb074d633f4;433.51;1.8;SELL
2016-04-17T00:04:41.218080;2016-04-17T00:04:41.309596;419faf72-048e-400b-a317-d5ac750289e4;433.51;1.62;SELL
2016-04-17T00:04:41.218239;2016-04-17T00:04:41.325223;0827aa52-ce16-4688-a0a2-ec442ba4dcc6;433.5;0.01;SELL
2016-04-17T00:04:41.218382;2016-04-17T00:04:41.325223;70c5af09-3c31-434b-94b6-12555768756e;433.46;0.18117999;SELL
2016-04-17T00:05:01.244190;2016-04-17T00:05:01.262733;cd945d7b-2333-4aba-a56b-cdb9011d17ff;433.65;0.10121;BUY
2016-04-17T00:05:31.142782;2016-04-17T00:05:31.153372;7dfccc87-ab5a-4f0c-846e-4c83a8301c35;433.56;0.01;SELL
2016-04-17T00:05:31.143046;2016-04-17T00:05:31.153372;9cd3a90e-6c82-4622-a385-8865e6db6bb3;433.54;0.01;SELL
2016-04-17T00:05:31.143259;2016-04-17T00:05:31.168996;41d71124-2a2e-4e6e-8292-3509f4cd6e48;433.49;0.01;SELL
2016-04-17T00:05:31.143414;2016-04-17T00:05:31.168996;3c91b511-a15c-4f08-b560-ccc5a3d4e881;433.39;0.01;SELL
2016-04-17T00:05:31.143598;2016-04-17T00:05:31.168996;5c5ee1f6-992b-4b67-943b-d7056d5d5c25;433.39;0.18;SELL
2016-04-17T00:05:31.143751;2016-04-17T00:05:31.168996;4147b96f-02b5-432f-95d2-8887b347ee74;433.34;0.23481;SELL
2016-04-17T00:05:59.364539;2016-04-17T00:05:59.387764;3fddcf38-fa29-48db-876a-6d4e8007ada8;433.62;0.02;BUY
2016-04-17T00:05:59.364767;2016-04-17T00:05:59.387764;341c6a58-850b-4d17-8d3c-41779dfa4512;433.62;0.101;BUY
2016-04-17T00:05:59.364962;2016-04-17T00:05:59.387764;4fed45d4-fe9c-41ed-8e12-e95f98703d99;433.63;0.01;BUY
2016-04-17T00:05:59.365139;2016-04-17T00:05:59.387764;f466e75e-45c2-49d3-9ceb-03adae968dc1;433.65;0.18;BUY
2016-04-17T00:05:59.365297;2016-04-17T00:05:59.387764;022139d4-c5b3-4041-9cdf-deba2b2f6865;433.67;0.08;BUY
2016-04-17T00:05:59.365446;2016-04-17T00:05:59.403386;113c09e2-c37b-4ce8-a241-34dbdf669c9c;433.68;0.18;BUY
2016-04-17T00:05:59.365614;2016-04-17T00:05:59.403386;7dcfdff6-568b-4a1d-b531-20fdc1997510;433.69;0.02;BUY
2016-04-17T00:05:59.365767;2016-04-17T00:05:59.403386;d9adf22f-b5cb-4a1d-9b5b-a0e5d8a22f0e;433.71;2.16;BUY
2016-04-17T00:05:59.365921;2016-04-17T00:05:59.403386;e07f51de-20d3-4d39-868b-99e4e3f95cf9;433.72;0.116;BUY
2016-04-17T00:05:59.366089;2016-04-17T00:05:59.419008;85c205ee-4628-4134-9866-084edaa415c0;433.72;0.72;BUY
2016-04-17T00:05:59.366230;2016-04-17T00:05:59.419008;380a44ba-efae-45d9-bd29-c02915e282f7;433.73;0.1;BUY
2016-04-17T00:05:59.366372;2016-04-17T00:05:59.419008;3f9f269e-1b4c-4f54-84ab-37193b49f9de;433.73;1.26;BUY
2016-04-17T00:05:59.366524;2016-04-17T00:05:59.419008;9205b393-eb48-4ed5-b2f1-d40e558f5ad3;433.73;1.08;BUY
2016-04-17T00:05:59.366675;2016-04-17T00:05:59.419008;4bc00983-5947-4fbf-a3e5-15ec1ec4f73a;433.73;0.9;BUY
2016-04-17T00:05:59.366829;2016-04-17T00:05:59.419008;1c91ebfb-9bb2-4522-a620-8d57da01708a;433.74;0.01;BUY
2016-04-17T00:05:59.366991;2016-04-17T00:05:59.419008;13652a07-84e0-4b68-b8de-05ca620bec9f;433.75;1.41654668;BUY
2016-04-17T00:06:01.484316;2016-04-17T00:06:01.512763;0e5309ff-4bd4-4d71-827a-36d3dedf5e15;433.74;1.08;BUY
2016-04-17T00:06:01.484765;2016-04-17T00:06:01.512763;c9ab76dc-cb74-4378-b9d7-07c19c88941c;433.74;0.36951;BUY
2016-04-17T00:06:30.683393;2016-04-17T00:06:30.700277;f7211d3a-fc05-4db2-82d5-f2a2f0b7f002;433.7;0.01;BUY
2016-04-17T00:06:30.683631;2016-04-17T00:06:30.700277;bbb83109-d060-4aa1-92ca-c003c5cfe4e1;433.77;0.35;BUY
2016-04-17T00:06:30.683807;2016-04-17T00:06:30.700277;1fca9397-6433-4648-9f74-632c910cc9cd;433.78;0.01;BUY
2016-04-17T00:06:30.683962;2016-04-17T00:06:30.700277;f88c85de-c2b9-4e79-8f9a-9a18566c9668;433.78;0.02;BUY
2016-04-17T00:06:30.684143;2016-04-17T00:06:30.700277;0cd30ad6-e70a-4cbe-86ec-4f4b25363110;433.78;0.077;BUY
2016-04-17T00:06:30.684291;2016-04-17T00:06:30.731530;841b10e4-9e7d-411b-9b18-c5f7dd3dbbab;433.8;0.34807;BUY
2016-04-17T00:07:30.624047;2016-04-17T00:07:30.656564;100de546-e3da-48c0-a80b-4d7561d75faa;433.78;0.02;BUY
2016-04-17T00:07:30.624261;2016-04-17T00:07:30.656564;bb190c4e-2b5d-4b2d-99d9-9f1fee9163f1;433.78;0.06723;BUY
2016-04-17T00:09:00.607077;2016-04-17T00:09:00.625348;aa5f0db5-80c6-4989-b11d-643ba606e499;433.78;0.02;BUY
2016-04-17T00:09:00.607365;2016-04-17T00:09:00.656595;877ee86b-4004-4f4b-b25a-42884d46314d;433.81;0.00074;BUY
2016-04-17T00:09:42.347092;2016-04-17T00:09:42.375371;1089ab6d-7e2a-41db-84f7-6ebc3d1eed71;433.76;0.01;SELL
2016-04-17T00:09:42.347310;2016-04-17T00:09:42.390997;d4ba589c-dac0-4a38-9a09-e0d7bd590bc4;433.76;0.01;SELL
2016-04-17T00:09:42.347510;2016-04-17T00:09:42.390997;2d8eb996-e702-4802-bb03-362528b24e14;433.76;0.096;SELL
2016-04-17T00:09:42.347687;2016-04-17T00:09:42.390997;b9313bb4-22c0-49d5-8cf5-a2349906ba7a;433.75;0.01;SELL
2016-04-17T00:09:42.347850;2016-04-17T00:09:42.453491;bc99320c-7497-47fd-9232-458135303d65;433.74;0.01;SELL
2016-04-17T00:09:42.348020;2016-04-17T00:09:42.453491;b6b9c0e2-b28f-4e3d-a14b-8d7abe7c1dce;433.73;0.1;SELL
2016-04-17T00:09:42.348175;2016-04-17T00:09:42.453491;938708da-e503-485b-b6b9-c1de87ccb32d;433.71;0.107;SELL
2016-04-17T00:09:42.348334;2016-04-17T00:09:42.453491;6e1ccbf7-b46d-4d3f-94a4-ad273e6ea613;433.69;0.01;SELL
2016-04-17T00:09:42.348490;2016-04-17T00:09:42.453491;46bd46d2-0f0c-4daa-99de-53ee41e2b6ed;433.66;0.094;SELL
2016-04-17T00:09:42.348656;2016-04-17T00:09:42.469115;aef46409-1da9-4438-b288-24dd9886d5d3;433.61;0.01;SELL
2016-04-17T00:09:42.348817;2016-04-17T00:09:42.469115;d4bc00d3-eef0-437f-bd2e-87e1807079ff;433.61;0.101;SELL
2016-04-17T00:09:42.348992;2016-04-17T00:09:42.469115;f6b556be-a4be-47ee-87cb-7da6160e1ada;433.6;0.01;SELL
2016-04-17T00:09:42.349148;2016-04-17T00:09:42.469115;5cbbf8a1-f36f-4491-990c-287088f4ba83;433.58;0.01;SELL
2016-04-17T00:09:42.349306;2016-04-17T00:09:42.469115;3cf34ee7-4478-40a8-9c0e-127ca6f3f325;433.57;0.54;SELL
2016-04-17T00:09:42.349457;2016-04-17T00:09:42.484747;d63b81e3-c644-4321-b185-d7fede0c49c4;433.56;0.083;SELL
2016-04-17T00:09:42.349632;2016-04-17T00:09:42.484747;3a02c51d-de65-4688-ac96-2659f4443333;433.52;3.96;SELL
2016-04-17T00:10:00.982694;2016-04-17T00:10:01.031628;950993af-ceb6-4a32-93a9-7aaa20dafda1;433.74;0.12545;SELL
2016-04-17T00:10:30.767440;2016-04-17T00:10:30.797267;8bedc656-9316-4f63-aa2e-a847da12cd7f;433.58;0.01;SELL
2016-04-17T00:10:30.767664;2016-04-17T00:10:30.797267;99f10d7d-1f1e-464c-b0f3-9bb03055f971;433.58;0.086;SELL
2016-04-17T00:10:30.767863;2016-04-17T00:10:30.797267;267ca7fd-c648-435b-8237-d9c15504048a;433.57;0.01;SELL
2016-04-17T00:10:30.768022;2016-04-17T00:10:30.812891;ca1c16c6-a5b9-4cdb-80f8-d0a3cd04e0a2;433.53;0.01606;SELL
2016-04-17T00:10:49.287381;2016-04-17T00:10:49.312902;63e42e58-29f4-4e94-a736-a5ddf93a5423;433.63;0.095;BUY
2016-04-17T00:10:49.291025;2016-04-17T00:10:49.312902;602e8692-5caf-4973-8613-1fb4ce24c3a8;433.63;0.02185;BUY
2016-04-17T00:10:49.312774;2016-04-17T00:10:49.344152;24ecc0b2-e4a2-4114-ad63-f4bbedaa7751;433.63;0.012;BUY
2016-04-17T00:10:49.317558;2016-04-17T00:10:49.344152;ff3d9721-49e4-4284-8cf0-6c4698c543b7;433.63;0.02115;BUY
2016-04-17T00:11:00.752193;2016-04-17T00:11:00.797284;030ec500-4be6-47d6-aa44-99d041edc831;433.68;4.01;BUY
2016-04-17T00:11:30.654544;2016-04-17T00:11:30.672306;306002b6-d9ea-4c69-b2d6-b81591dc273c;433.56;0.5;SELL
2016-04-17T00:11:30.654765;2016-04-17T00:11:30.687922;aa955119-8bd2-43a0-bb57-5f69e06f1d1f;433.55;0.268;SELL
2016-04-17T00:11:30.654958;2016-04-17T00:11:30.687922;abe51e24-8a88-42c1-a8b6-1cb08ab761ae;433.5;0.5;SELL
2016-04-17T00:11:30.655130;2016-04-17T00:11:30.687922;fdc77187-edd7-416b-83ce-6831eb2c5e5e;433.48;0.01;SELL
2016-04-17T00:11:30.655291;2016-04-17T00:11:30.687922;f38a5952-7b7a-4d43-80e2-cad81568614b;433.48;0.01185;SELL
2016-04-17T00:11:30.655453;2016-04-17T00:11:30.687922;17feeed8-5e12-41a0-ac15-98946f6cbd7a;433.41;0.128;SELL
2016-04-17T00:11:30.655617;2016-04-17T00:11:30.703549;43da406d-3c12-4089-9fb9-72f70e52e37e;433.37;0.36;SELL
2016-04-17T00:11:30.655790;2016-04-17T00:11:30.703549;2355bb90-f21c-4c64-9206-12a9f65155cb;433.36;0.091;SELL
2016-04-17T00:11:30.655944;2016-04-17T00:11:30.703549;3722a281-14fd-475c-b4d7-23872f772f87;433.35;1.26;SELL
2016-04-17T00:11:30.656116;2016-04-17T00:11:30.703549;e4ea1bf1-381e-45c5-ad7d-b0f63c42397d;433.35;0.29;SELL
2016-04-17T00:11:30.656266;2016-04-17T00:11:30.703549;071b6af7-71a3-4452-bfc1-2867c7aa14c4;433.35;0.9;SELL
2016-04-17T00:11:30.656404;2016-04-17T00:11:30.703549;a63e2e48-d591-4c19-8b79-814e1a8bbe7e;433.35;0.3376;SELL
2016-04-17T00:11:42.427763;2016-04-17T00:11:42.437929;786e303f-de99-4258-8e3a-59080c7bee0f;433.62;0.05;BUY
2016-04-17T00:12:00.683947;2016-04-17T00:12:00.719186;a9c35eec-0076-47d6-b68f-de75e97f541d;433.54;0.54;BUY
2016-04-17T00:12:00.684190;2016-04-17T00:12:00.719186;98161dc4-9657-4a70-b05a-5dcdc9b36104;433.55;0.01;BUY
2016-04-17T00:12:00.684376;2016-04-17T00:12:00.719186;93f5a300-d163-4cb4-a8cb-cc983945ba35;433.57;0.72547;BUY
2016-04-17T00:12:48.001795;2016-04-17T00:12:48.016087;a7483134-f502-4b25-9069-6bf80273d3b6;433.59;0.025;BUY
2016-04-17T00:12:53.075577;2016-04-17T00:12:53.094201;259ceabf-d31f-4764-bf8a-d06e86a720d3;433.6;0.01;BUY
2016-04-17T00:13:00.646752;2016-04-17T00:13:00.672343;934c0977-0128-4407-8c48-ce1b73a4b187;433.59;4.14;BUY
2016-04-17T00:13:00.646952;2016-04-17T00:13:00.687967;26330b44-da3b-4f66-a6e5-d57f244153f6;433.62;2.52;BUY
2016-04-17T00:13:00.647149;2016-04-17T00:13:00.687967;46418dd6-705d-4592-ac25-09575409f0f3;433.62;2.16;BUY
2016-04-17T00:13:00.647297;2016-04-17T00:13:00.687967;81d7f22e-4a00-443b-95a6-bf7f113959a6;433.63;0.29;BUY
2016-04-17T00:13:00.647443;2016-04-17T00:13:00.687967;d0d7c778-11a2-47ef-9cd4-15aa50d09f7f;433.63;0.72;BUY
2016-04-17T00:13:00.647595;2016-04-17T00:13:00.687967;072024b2-f4c7-4c51-9dff-be40a93ed53e;433.63;0.54;BUY
2016-04-17T00:13:00.647770;2016-04-17T00:13:00.687967;3e15a4f2-d531-4791-a910-fd3d438e18a8;433.64;0.01185;BUY
2016-04-17T00:13:00.647922;2016-04-17T00:13:00.687967;9d9e9c2e-2028-401f-b1e3-05589c04007a;433.65;0.523;BUY
2016-04-17T00:13:00.648098;2016-04-17T00:13:00.687967;95c08fdf-75f8-431a-b186-43df558ee6d4;433.65;1.62;BUY
2016-04-17T00:13:00.648259;2016-04-17T00:13:00.687967;a7933763-7605-43e7-8f34-d9ad7252354e;433.7;3.06;BUY
2016-04-17T00:13:00.648406;2016-04-17T00:13:00.703593;43806802-a666-4c72-a38e-d3d9489c1101;433.71;0.01;BUY
2016-04-17T00:13:00.648562;2016-04-17T00:13:00.703593;925e8afa-ed59-4a07-86ba-9548b0ee86a3;433.71;0.511;BUY
2016-04-17T00:13:00.648711;2016-04-17T00:13:00.703593;8d7389d8-848c-4b7e-9d31-e26fc216876c;433.73;0.89415;BUY
2016-04-17T00:13:30.682180;2016-04-17T00:13:30.703607;8baeb95d-3fce-407a-adf1-2220d8f7959b;433.59;1.14157;BUY
2016-04-17T00:14:00.887242;2016-04-17T00:14:00.906749;4774d81a-26b9-407c-ab1c-017431d0da6b;433.6;0.429;BUY
2016-04-17T00:14:00.887564;2016-04-17T00:14:00.906749;37f89c9b-4e85-4fad-a34a-ce7be6e3dae8;433.61;2.15857;BUY
2016-04-17T00:15:20.670892;2016-04-17T00:15:20.688045;fb3b8317-7318-4d06-896c-4099348e5efc;433.51;0.01;SELL
2016-04-17T00:15:30.680364;2016-04-17T00:15:30.688065;19fcab53-54f7-408f-b903-9789cb202349;433.64;0.03508;BUY
2016-04-17T00:15:35.872265;2016-04-17T00:15:35.891177;166176bb-0d7d-42ab-9b6a-8da552017338;433.55;0.01;SELL
2016-04-17T00:15:35.872490;2016-04-17T00:15:35.891177;4f934311-bb09-4777-8f14-df0b716cace6;433.53;2.52;SELL
2016-04-17T00:15:35.872678;2016-04-17T00:15:35.891177;5209c559-d0c3-467a-a2a8-75a0e94d653c;433.52;0.29;SELL
2016-04-17T00:16:00.801651;2016-04-17T00:16:00.813065;489632e0-fade-4f77-baf3-0bfee894c9a9;433.74;0.01;BUY
2016-04-17T00:16:00.801875;2016-04-17T00:16:00.813065;ecf20cd7-768a-44ed-b5f0-2f48726163fb;433.74;0.02;BUY
2016-04-17T00:16:00.802079;2016-04-17T00:16:00.813065;2051707d-ac18-4fb0-a183-6820a7954d15;433.76;0.02;BUY
2016-04-17T00:16:00.802254;2016-04-17T00:16:00.828687;36896a43-135f-476f-a8b1-cee58c75b57b;433.77;0.03;BUY
2016-04-17T00:16:00.802398;2016-04-17T00:16:00.828687;ba0d2375-2643-415b-b1cb-ec62ef0fb986;433.78;0.00542;BUY
2016-04-17T00:16:30.714928;2016-04-17T00:16:30.719331;b76de1cb-b6a3-4e5f-afd3-40b84d26a783;433.64;0.01163;SELL
2016-04-17T00:17:00.826755;2016-04-17T00:17:00.828686;6c053be1-f80f-4894-bb5f-c70f1c0156c7;433.8;0.01;BUY
2016-04-17T00:17:00.826996;2016-04-17T00:17:00.844341;2616dc23-4d48-4294-8776-b4e7a4843155;433.8;0.426;BUY
2016-04-17T00:17:00.827178;2016-04-17T00:17:00.844341;70e01c37-066f-4ac9-93d1-bb90ba9d37e5;433.81;0.62359;BUY
2016-04-17T00:17:01.074215;2016-04-17T00:17:01.078724;4d3d293b-25bb-4f3c-9ee1-a8d01651789c;433.68;0.01;SELL
2016-04-17T00:17:01.074425;2016-04-17T00:17:01.109972;21cfbe1f-d89c-4efa-b7a0-035749383e33;433.67;0.01;SELL
2016-04-17T00:17:01.074602;2016-04-17T00:17:01.109972;0eeff4b6-0ab9-438f-88fa-51855ed6ec0d;433.66;0.01;SELL
2016-04-17T00:17:01.074765;2016-04-17T00:17:01.109972;5e3f1448-0942-4e01-b011-e80a8a8772b5;433.65;0.01;SELL
2016-04-17T00:17:01.074930;2016-04-17T00:17:01.109972;c8882348-6e02-4013-9f09-df37b29234ca;433.65;0.104;SELL
2016-04-17T00:17:01.075107;2016-04-17T00:17:01.109972;21952a76-a1a5-4d87-96b6-d9231966cae3;433.64;0.48837;SELL
2016-04-17T00:17:01.075265;2016-04-17T00:17:01.125594;9ab34b9f-a3fb-4da8-b134-f30893e71a4c;433.62;0.29;SELL
2016-04-17T00:17:01.075421;2016-04-17T00:17:01.125594;f45c3189-9222-4201-9a78-df24e376172e;433.61;0.01;SELL
2016-04-17T00:17:01.075583;2016-04-17T00:17:01.125594;1d2ce6eb-7a90-40e4-a1c1-c86b8fe7c8e9;433.6;1.44;SELL
2016-04-17T00:17:01.075749;2016-04-17T00:17:01.125594;5e757aec-319a-4239-8a95-83f7b103a12b;433.59;0.112;SELL
2016-04-17T00:17:01.075900;2016-04-17T00:17:01.125594;544ec544-1b4c-4d82-a298-616ced85e39c;433.55;4.32;SELL
2016-04-17T00:17:01.076049;2016-04-17T00:17:01.141217;c95c37e8-7dc5-483f-b35c-2f32295c5c41;433.55;0.28026;SELL
2016-04-17T00:17:32.697310;2016-04-17T00:17:32.719359;1a13558c-6fb9-401a-bfaa-af5f8b64a005;433.78;0.03;BUY
2016-04-17T00:17:32.697588;2016-04-17T00:17:32.719359;32f273e1-aca8-45e2-98b4-e7b5c00e39b7;433.78;0.153;BUY
2016-04-17T00:17:32.697786;2016-04-17T00:17:32.719359;506f2444-1690-4c3b-bf07-df613dec7f65;433.8;1.4147;BUY
2016-04-17T00:18:01.440716;2016-04-17T00:18:01.438081;9837369a-a9ea-4573-94be-b6b56add9393;433.8;0.405;BUY
2016-04-17T00:18:01.440937;2016-04-17T00:18:01.438081;1c028440-6e27-4c93-95bc-dcfc402f1581;433.81;0.29939;BUY
2016-04-17T00:18:30.837305;2016-04-17T00:18:30.844386;e353aa5b-db89-4c42-9d29-47a4cf4a1bc8;433.79;0.01;BUY
2016-04-17T00:18:30.837567;2016-04-17T00:18:30.844386;9494961f-d30a-4125-9843-e326cfd3b40d;433.8;0.13;BUY
2016-04-17T00:18:30.837753;2016-04-17T00:18:30.844386;b3d75244-9776-4b0e-9b0c-5d2e067d1b53;433.8;0.117;BUY
2016-04-17T00:18:30.837864;2016-04-17T00:18:30.844386;a9858d72-edb1-4115-b708-bd82e86b495b;433.81;1.83174;BUY
2016-04-17T00:20:00.829186;2016-04-17T00:20:00.828811;0dceb0db-1c3e-4571-94b7-ce0b238b9e74;433.79;0.01;BUY
2016-04-17T00:20:00.829392;2016-04-17T00:20:00.844436;99b446be-415a-49e8-8a1c-faa23be3a217;433.81;0.66549;BUY
2016-04-17T00:20:30.785232;2016-04-17T00:20:30.781961;9ea13995-f9ee-4718-8a5a-0dfd001afb80;433.81;0.25;BUY
2016-04-17T00:20:37.924022;2016-04-17T00:20:37.922577;637a20ff-44b1-46f5-8e77-7c67b8d0336e;433.77;0.01;SELL
2016-04-17T00:20:37.924223;2016-04-17T00:20:37.938204;a2e82013-ec25-466f-8497-85ec270db818;433.77;0.093;SELL
2016-04-17T00:20:37.924408;2016-04-17T00:20:37.938204;fb2f2bd3-3ea1-4591-9bc4-053fdd8ace79;433.77;0.15;SELL
2016-04-17T00:20:37.924588;2016-04-17T00:20:37.938204;bd7cfba3-84f6-4727-892d-f46b4ea5d62a;433.76;0.01;SELL
2016-04-17T00:20:37.924759;2016-04-17T00:20:37.938204;c3fde7a8-cf03-4c37-b910-8098639ef239;433.75;0.01;SELL
2016-04-17T00:20:37.924922;2016-04-17T00:20:37.938204;8026b447-4fe0-46fe-add2-48d1d9e73870;433.72;0.126;SELL
2016-04-17T00:20:37.925097;2016-04-17T00:20:37.969454;c8b75873-aa47-4d7d-99c1-4fefe8b4706a;433.68;0.01;SELL
2016-04-17T00:20:37.925245;2016-04-17T00:20:38.000707;1def1899-9d21-4db1-beac-f3c183bb98c3;433.67;0.01;SELL
2016-04-17T00:20:37.925400;2016-04-17T00:20:38.016328;62c482bb-44cc-46be-ac88-5dbd11b6a108;433.67;0.075;SELL
2016-04-17T00:20:37.925571;2016-04-17T00:20:38.016328;643d6a90-59c0-41fb-9791-b587dbae6ab6;433.66;0.01;SELL
2016-04-17T00:20:37.925743;2016-04-17T00:20:38.016328;c8b0fe29-8f9f-48dc-94ff-90fa2d9c97af;433.64;0.01;SELL
2016-04-17T00:20:37.925893;2016-04-17T00:20:38.016328;4d3b98f2-8d26-4c5a-a3bd-e6d6fd811843;433.62;0.01;SELL
2016-04-17T00:20:37.926068;2016-04-17T00:20:38.016328;88c8deee-506b-4c29-828e-f8518d292977;433.62;0.083;SELL
2016-04-17T00:20:37.926227;2016-04-17T00:20:38.016328;314f29b2-22ae-4e10-bc4b-c2557077d222;433.58;2.52;SELL
2016-04-17T00:20:37.926379;2016-04-17T00:20:38.016328;4310a090-5d09-408f-a16e-fd7244b40429;433.57;0.104;SELL
2016-04-17T00:20:37.926564;2016-04-17T00:20:38.016328;4a006cc6-2972-4703-bd92-a3ec41d329b8;433.56;1.44;SELL
2016-04-17T00:20:37.926731;2016-04-17T00:20:38.016328;952b6fd0-39b4-47d5-979a-e3781da00c73;433.55;0.087;SELL
2016-04-17T00:20:37.926870;2016-04-17T00:20:38.016328;d64a501f-dd67-4b0b-ab06-3222ecabb86c;433.53;0.529;SELL
2016-04-17T00:21:00.926244;2016-04-17T00:21:00.938214;87d0a2dc-0ea3-470b-bd4e-03bbf5a31fcc;433.6;0.01;SELL
2016-04-17T00:21:00.926567;2016-04-17T00:21:00.938214;900eb9be-4433-4aa5-889b-7ab22ed0910f;433.59;0.01;SELL
2016-04-17T00:21:00.926781;2016-04-17T00:21:00.938214;5787b2ad-f714-4c73-8476-c12204206451;433.59;0.09;SELL
2016-04-17T00:21:00.926951;2016-04-17T00:21:00.938214;11033604-8650-4e10-8675-079bbe0c8f4f;433.54;0.08;SELL
2016-04-17T00:21:00.927134;2016-04-17T00:21:00.938214;d5c28aca-90fc-443e-8fde-d8af9f4424ec;433.52;0.01;SELL
2016-04-17T00:21:00.927272;2016-04-17T00:21:00.938214;3227a016-06b5-49a0-86b9-e2f7efbe33d9;433.46;0.30566;SELL
2016-04-17T00:22:00.874441;2016-04-17T00:22:00.875751;1e5fc696-c7dc-4731-98b5-075de03f3f25;433.65;0.18722;BUY
2016-04-17T00:22:31.172165;2016-04-17T00:22:31.172637;f3a727a0-5ca5-46f0-a4f7-a659c1511167;433.64;0.06162;BUY
2016-04-17T00:23:01.009308;2016-04-17T00:23:01.048389;697ffb07-11de-422a-9a42-2f8321e8d062;433.66;0.54;BUY
2016-04-17T00:23:01.009515;2016-04-17T00:23:01.048389;7e6eba87-bde6-4db3-90f2-2ef5b4859977;433.66;0.36;BUY
2016-04-17T00:23:01.009729;2016-04-17T00:23:01.064013;62b853fb-aecf-4775-86aa-4384a163375b;433.66;0.29;BUY
2016-04-17T00:23:01.009895;2016-04-17T00:23:01.064013;20ade61d-b3ef-41a8-92b3-764206e83fc9;433.67;0.2;BUY
2016-04-17T00:23:01.010075;2016-04-17T00:23:01.064013;56dda954-3039-4785-bbb5-004c3026337e;433.67;0.29;BUY
2016-04-17T00:23:01.010233;2016-04-17T00:23:01.064013;f69b4f23-0948-470f-bbdc-da181c9ca83d;433.69;3.6;BUY
2016-04-17T00:23:01.010388;2016-04-17T00:23:01.064013;86d29c92-2565-4a69-92ab-755989e6eb72;433.69;2.52;BUY
2016-04-17T00:23:01.010576;2016-04-17T00:23:01.064013;8e716502-5d15-49ad-9fd4-57344946f8cd;433.69;1.26;BUY
2016-04-17T00:23:01.010750;2016-04-17T00:23:01.064013;63d38508-4450-480c-95a0-187a82b928a9;433.7;0.02;BUY
2016-04-17T00:23:01.010908;2016-04-17T00:23:01.079635;f871684a-a7bf-469e-8442-1bf169a76abb;433.7;0.72;BUY
2016-04-17T00:23:01.011070;2016-04-17T00:23:01.079635;7f64d163-4b51-4e0c-8ad7-0ad29d1a7cd6;433.7;0.47521;BUY
2016-04-17T00:23:31.599397;2016-04-17T00:23:31.626529;c6fbb921-cf6b-4d78-9051-bbfcd2746032;433.7;0.33742;BUY
2016-04-17T00:24:31.019511;2016-04-17T00:24:31.064056;45cd98ff-367e-48c3-9759-7d140ca84955;433.71;0.03;BUY
2016-04-17T00:24:31.019746;2016-04-17T00:24:31.064056;1be9f462-79f1-4c28-8315-08910e4b67ba;433.73;0.01;BUY
2016-04-17T00:24:31.019992;2016-04-17T00:24:31.079683;c146b568-4a52-4b4d-9815-a1a46eeb590c;433.73;0.01;BUY
2016-04-17T00:24:31.020181;2016-04-17T00:24:31.079683;e8967c53-fbc5-4720-b083-5a02a6acb570;433.75;0.01;BUY
2016-04-17T00:24:31.020342;2016-04-17T00:24:31.079683;4ec87c81-943a-416b-9ae5-7fe2a29a5329;433.75;0.0125;BUY
2016-04-17T00:24:31.020482;2016-04-17T00:24:31.079683;ce043c3c-b7ee-4c8e-97d4-8bed4cbc3604;433.8;0.26989;BUY
2016-04-17T00:25:01.179736;2016-04-17T00:25:01.220322;f4c8ab09-5041-4777-b3f7-877f6889da4f;433.81;0.50732;BUY
2016-04-17T00:25:33.908993;2016-04-17T00:25:33.939089;7d4439c6-2051-45bb-8bd1-42bffaaeed65;433.8;0.3117;BUY
2016-04-17T00:25:39.487204;2016-04-17T00:25:39.517221;e4062ddf-472b-4dcb-a703-cfac3bfb2b4d;433.68;0.32;SELL
2016-04-17T00:25:39.487412;2016-04-17T00:25:39.532850;3b4929c9-c6d5-4a97-b1fb-f1bdd8796e0a;433.67;0.01;SELL
2016-04-17T00:25:39.487627;2016-04-17T00:25:39.532850;2bee13b1-01b2-4f38-8596-21c05574cbb2;433.67;0.108;SELL
2016-04-17T00:25:39.487806;2016-04-17T00:25:39.532850;710243b7-c0d3-481b-a532-a31deab118b0;433.65;0.01;SELL
2016-04-17T00:25:39.487994;2016-04-17T00:25:39.532850;90fdc273-62ad-49e2-9097-36fd5e9486d8;433.62;0.112;SELL
2016-04-17T00:25:39.488163;2016-04-17T00:25:39.548469;e88b16b1-10f6-4024-9590-ac53d502d3ab;433.61;0.01;SELL
2016-04-17T00:25:39.488328;2016-04-17T00:25:39.548469;e1665fc4-29ae-4333-af98-ee796304251a;433.61;0.29;SELL
2016-04-17T00:25:39.488487;2016-04-17T00:25:39.548469;6a8ee766-b697-46f2-9faf-7161153a865c;433.59;1.26;SELL
2016-04-17T00:25:39.488643;2016-04-17T00:25:39.548469;e653ce8e-2c06-4dc0-adee-2a023ae70833;433.59;0.382;SELL
2016-04-17T00:26:32.893588;2016-04-17T00:26:32.939118;31c7cfe0-45e5-491c-9fd5-f21b0537bccb;433.7;0.03;BUY
2016-04-17T00:26:32.893819;2016-04-17T00:26:32.939118;2b387a30-c48b-4ddb-8637-14e2bb5a4e3c;433.7;0.21427;BUY
2016-04-17T00:27:01.818926;2016-04-17T00:27:01.845385;c42b6669-7aae-4073-a4d5-55421fdb7a7e;433.77;0.402;BUY
2016-04-17T00:27:01.819151;2016-04-17T00:27:01.845385;db01cada-627e-4185-bab3-afa1348d2e76;433.78;0.91848;BUY
2016-04-17T00:27:38.843429;2016-04-17T00:27:38.876656;d9e302a0-fe9d-4a10-ae7a-b30662a6a3be;433.8;0.105;BUY
2016-04-17T00:28:02.243092;2016-04-17T00:28:02.267288;313821f3-c6be-448c-aa08-679df27af86f;433.78;0.1;BUY
2016-04-17T00:28:02.243304;2016-04-17T00:28:02.267288;53c31683-3a3d-4c30-8483-b578b46fa8d7;433.8;0.36;BUY
2016-04-17T00:28:02.243500;2016-04-17T00:28:02.298540;bc20c423-3692-43c4-a953-674f456d6cc4;433.81;0.42593;BUY
2016-04-17T00:28:02.243716;2016-04-17T00:28:02.298540;07992933-81f2-4884-a2e6-a4a39e1043ac;433.81;0.36;BUY
2016-04-17T00:28:02.243864;2016-04-17T00:28:02.361042;8b1b1908-75af-4da8-a1da-b25d4de3f1df;433.82;0.08951;BUY
2016-04-17T00:28:42.625038;2016-04-17T00:28:42.642308;10cc9a6f-ba2c-48f6-997d-9b806bbe90dd;433.75;0.1;SELL
2016-04-17T00:29:30.911640;2016-04-17T00:29:30.923593;152add0e-6596-4914-8a36-fe61e0515a09;433.75;0.09438;BUY
2016-04-17T00:30:03.739519;2016-04-17T00:30:03.751727;33ec5a13-ef94-4cad-9cf3-fb1dcdeb4866;433.75;0.06825;BUY
2016-04-17T00:30:31.064876;2016-04-17T00:30:31.079867;672a90d7-cb76-436e-bcfe-e3cc96e43e73;433.75;0.04564;BUY
2016-04-17T00:31:00.883841;2016-04-17T00:31:00.908005;21259824-e75d-4fff-87ba-9f11a6789c57;433.74;0.25;BUY
2016-04-17T00:31:00.884141;2016-04-17T00:31:00.908005;6204ce8d-e399-4116-95b5-da6b90f1b059;433.74;0.092;BUY
2016-04-17T00:31:00.884303;2016-04-17T00:31:00.908005;238e74d4-700d-4aa7-9380-cf5a14f93b5b;433.75;0.11453;BUY
2016-04-17T00:31:31.093382;2016-04-17T00:31:31.126771;cce0a2ce-e3a7-442b-ae67-29cde65b10c6;433.75;0.01119;BUY
2016-04-17T00:32:01.005518;2016-04-17T00:32:01.017412;4f71d765-c93a-4187-bbc0-ac1c9d5ddd35;433.75;0.06601;BUY
2016-04-17T00:32:01.005804;2016-04-17T00:32:01.017412;039c66dc-14a3-4504-8c63-cd2062925dc6;433.75;0.116;BUY
2016-04-17T00:32:01.006046;2016-04-17T00:32:01.033037;8955cd14-30ca-4444-8024-2a660bb21955;433.75;0.29;BUY
2016-04-17T00:32:01.006206;2016-04-17T00:32:01.033037;e060c8eb-b402-4aa9-a9b6-1f9c8a520044;433.76;0.36;BUY
2016-04-17T00:32:01.006365;2016-04-17T00:32:01.033037;8f7ecd18-3f8c-4cde-8897-738bb685ec77;433.78;0.07645;BUY
2016-04-17T00:33:00.954014;2016-04-17T00:33:00.970569;e674d419-9c30-459d-983f-44b13070ded0;433.76;0.01;BUY
2016-04-17T00:33:00.954254;2016-04-17T00:33:00.986207;ef34294b-a3ec-4290-b67d-1cdd2ba8afd2;433.78;0.105;BUY
2016-04-17T00:33:00.954445;2016-04-17T00:33:00.986207;a26aebb9-30ca-4d68-a9aa-478e3d42ec7f;433.8;0.25;BUY
2016-04-17T00:33:00.954594;2016-04-17T00:33:00.986207;b93a1fc0-0979-4914-ae92-a0fc7224498a;433.81;0.10292;BUY
2016-04-17T00:33:31.202611;2016-04-17T00:33:31.220581;88827767-7bc9-489d-a7b4-e31bf664dd0e;433.81;0.387;BUY
2016-04-17T00:33:31.202799;2016-04-17T00:33:31.220581;34a7ef32-37aa-4da1-9933-9bee081d7bd1;433.82;0.57386;BUY
2016-04-17T00:34:00.976299;2016-04-17T00:34:00.986228;e2745c9e-028f-4e43-b21d-1a7e49a3ac0c;433.8;0.01;BUY
2016-04-17T00:34:00.976535;2016-04-17T00:34:01.001849;78771dc4-ad31-4098-817a-c19e2380dd87;433.81;0.336;BUY
2016-04-17T00:34:00.976708;2016-04-17T00:34:01.001849;60708c2e-ed8f-4fe8-9a07-905bb07dcc9e;433.82;0.10714;BUY
2016-04-17T00:34:31.380348;2016-04-17T00:34:31.392490;03b7dae7-8aba-4182-89ed-73d91f88b2b9;433.82;0.84402;BUY
2016-04-17T00:35:01.246336;2016-04-17T00:35:01.251880;401c3ac3-5309-466f-a4f0-6dde4f921b9e;433.82;0.56440391;BUY
2016-04-17T00:35:01.246539;2016-04-17T00:35:01.251880;62f7c9c9-da5f-4feb-b48a-1aaa4dd45f1c;433.82;0.02;BUY
2016-04-17T00:35:01.246735;2016-04-17T00:35:01.267503;d197cba4-2ba9-4c82-9225-4a8498f64d08;433.82;0.5;BUY
2016-04-17T00:35:01.246906;2016-04-17T00:35:01.267503;d9b32928-5f19-4b30-a915-7052f582948e;433.82;0.328;BUY
2016-04-17T00:35:01.247068;2016-04-17T00:35:01.267503;1c062d5b-2bd6-4012-8f9b-c4e5355f392a;433.83;2.97538609;BUY
2016-04-17T00:35:01.546506;2016-04-17T00:35:01.548752;b9980a5c-1a76-4d68-9c68-3348ac32a2ef;433.83;0.28;BUY
2016-04-17T00:35:30.948686;2016-04-17T00:35:30.970644;8822298d-4213-4798-8a26-fb76cbc663a0;433.81;0.01;SELL
2016-04-17T00:35:30.948953;2016-04-17T00:35:30.986269;2f704249-7581-4910-8415-073d8445d6b1;433.8;0.15;SELL
2016-04-17T00:35:30.949201;2016-04-17T00:35:30.986269;9fa7f06d-9198-4fd5-b37d-5fcaa3ce611e;433.79;0.1;SELL
2016-04-17T00:35:30.949398;2016-04-17T00:35:30.986269;f0aa8963-d1cf-42cb-9110-81abdaaa2c05;433.77;0.01;SELL
2016-04-17T00:35:30.949585;2016-04-17T00:35:30.986269;33575b84-5146-4a75-87ae-2fe0d104da40;433.76;0.01;SELL
2016-04-17T00:35:30.949778;2016-04-17T00:35:31.048771;1bc7520a-ab22-4008-8027-5d5389aa68a4;433.75;0.127;SELL
2016-04-17T00:35:30.949989;2016-04-17T00:35:31.048771;385c6f75-8408-4b3b-b692-9f25a3400589;433.75;0.11;SELL
2016-04-17T00:35:30.950178;2016-04-17T00:35:31.048771;59cb06d4-fd2e-4d19-8889-99f0f72a9fb9;433.7;0.29;SELL
2016-04-17T00:35:30.950365;2016-04-17T00:35:31.064409;a56bf9ee-7cad-40fc-b720-65979976acf5;433.7;0.104;SELL
2016-04-17T00:35:30.950542;2016-04-17T00:35:31.064409;fee697f4-40c5-4ee6-a5f6-3a3f2bd4b849;433.67;0.01;SELL
2016-04-17T00:35:30.950725;2016-04-17T00:35:31.064409;3281908d-b1e9-477d-82f5-be1344fb8114;433.67;0.01185;SELL
2016-04-17T00:35:30.950919;2016-04-17T00:35:31.064409;300bb945-636e-4a50-8c65-36e114741ea3;433.66;0.01;SELL
2016-04-17T00:35:30.951120;2016-04-17T00:35:31.064409;b501efd7-8838-44ca-a0b7-34563844d52e;433.65;0.079;SELL
2016-04-17T00:35:30.951302;2016-04-17T00:35:31.064409;d39a6f01-1dcf-44cf-b24a-a149e91838f6;433.64;0.01;SELL
2016-04-17T00:35:30.951484;2016-04-17T00:35:31.064409;5f18389b-d702-4929-a5ce-16acb624164b;433.64;0.084;SELL
2016-04-17T00:35:30.951669;2016-04-17T00:35:31.064409;63aee441-79f4-4dcb-a573-5118c8df4236;433.6;0.01;SELL
2016-04-17T00:35:30.951851;2016-04-17T00:35:31.064409;3e882904-615c-49ff-9e0e-81461d8ce208;433.59;0.076;SELL
2016-04-17T00:35:30.952057;2016-04-17T00:35:31.064409;6c07ad16-401f-448a-b601-2b5537e2c4b7;433.58;1.62;SELL
2016-04-17T00:35:30.952258;2016-04-17T00:35:31.064409;2c549970-014b-4d8a-a24e-319be925976c;433.57;0.01;SELL
2016-04-17T00:35:30.952446;2016-04-17T00:35:31.064409;5c1c7ce6-94cf-4bf4-99b4-408cfb5f6636;433.55;2.52;SELL
2016-04-17T00:35:30.952618;2016-04-17T00:35:31.064409;b9c014a7-c819-406d-a2b3-0a59a3ef6b5c;433.54;0.079;SELL
2016-04-17T00:35:30.952801;2016-04-17T00:35:31.064409;6b45a741-d6c4-4656-b9fd-0591ed17402b;433.54;0.72;SELL
2016-04-17T00:35:30.952997;2016-04-17T00:35:31.064409;05960c57-c33b-4514-a2f2-ce1ea9694fc2;433.53;0.01;SELL
2016-04-17T00:35:30.953192;2016-04-17T00:35:31.064409;4a249ac5-90eb-45e2-be0a-0b2643f373fc;433.53;0.01;SELL
2016-04-17T00:35:30.953384;2016-04-17T00:35:31.064409;90ddf898-9136-4f44-8aec-d1d356b3e752;433.49;4.5;SELL
2016-04-17T00:35:30.953568;2016-04-17T00:35:31.064409;340efa31-4a13-4f8b-bbc0-9bad58e31173;433.48;0.088;SELL
2016-04-17T00:35:30.953751;2016-04-17T00:35:31.064409;e02e209c-daf5-464e-a2e6-47d169db29fc;433.44;3.78;SELL
2016-04-17T00:35:30.953939;2016-04-17T00:35:31.064409;c847394b-8621-4621-bb92-058dc591083e;433.43;0.074;SELL
2016-04-17T00:35:30.954134;2016-04-17T00:35:31.064409;e195d3db-e038-4b24-a263-d16c030a9c8c;433.42;1.26;SELL
2016-04-17T00:35:30.954336;2016-04-17T00:35:31.064409;2b438dd4-6bf8-4583-b98a-d896e27a007a;433.41;0.01;SELL
2016-04-17T00:35:30.954526;2016-04-17T00:35:31.064409;dfe23ec6-4e7c-45c6-9c5d-8c81c11ba4f8;433.39;1.62;SELL
2016-04-17T00:35:30.954699;2016-04-17T00:35:31.064409;9c1e2beb-ab95-48d0-8767-0cfaf0ea0696;433.38;0.076;SELL
2016-04-17T00:35:30.954885;2016-04-17T00:35:31.064409;9f244cf2-3307-4d4d-97e3-abaa927a0744;433.38;0.02;SELL
2016-04-17T00:35:30.955086;2016-04-17T00:35:31.064409;986af7fc-151d-4117-b4fb-d1ad8878a3f7;433.34;3.06;SELL
2016-04-17T00:35:30.955265;2016-04-17T00:35:31.064409;9de6b0eb-71ab-4029-9e07-284f186aba4b;433.33;0.01;SELL
2016-04-17T00:35:30.955440;2016-04-17T00:35:31.064409;20aaca18-35f7-44bf-8a8d-85bc0aa8dba4;433.31;2.25607;SELL
2016-04-17T00:36:03.731799;2016-04-17T00:36:03.751912;697a3738-68f4-44f5-a9f7-82e60b5e8ed4;433.75;0.01;BUY
2016-04-17T00:36:03.732053;2016-04-17T00:36:03.751912;d43140af-bc52-4a9a-9fb3-9b01d6c5ba06;433.75;0.351;BUY
2016-04-17T00:36:03.732246;2016-04-17T00:36:03.751912;4dca9e24-0a13-4cc7-97cf-0405a65596f3;433.76;1.98;BUY
2016-04-17T00:36:03.732407;2016-04-17T00:36:03.751912;c25f5fe6-0826-4ee8-8c7e-b3f17add097b;433.76;1.65362;BUY
2016-04-17T00:36:31.508468;2016-04-17T00:36:31.517551;c5a4b986-3bf6-421d-82c8-f7db7dcafb1c;433.7;0.11412;BUY
2016-04-17T00:37:00.934755;2016-04-17T00:37:00.939438;57c928f0-0253-4cf2-83e5-9155ff756844;433.68;0.01;SELL
2016-04-17T00:37:00.935003;2016-04-17T00:37:00.955068;e6096d8c-09e3-4452-9caa-fe4bde25a3b8;433.67;0.01;SELL
2016-04-17T00:37:00.935193;2016-04-17T00:37:00.955068;2904b6b3-417c-4dda-8655-1760f2f4eb72;433.56;0.103;SELL
2016-04-17T00:37:00.935358;2016-04-17T00:37:00.955068;86b34f44-6c02-4193-8822-1d061f04f143;433.5;0.129;SELL
2016-04-17T00:37:00.935529;2016-04-17T00:37:00.955068;263a64ff-0016-441b-a827-8ba08f41740b;433.48;0.01;SELL
2016-04-17T00:37:00.935693;2016-04-17T00:37:00.955068;d6534a35-07d2-4d64-91e2-a47e044c738d;433.45;0.127;SELL
2016-04-17T00:37:00.935850;2016-04-17T00:37:00.955068;897c187f-d6b4-46e9-904b-1ac75dbb965b;433.39;2.16;SELL
2016-04-17T00:37:00.936018;2016-04-17T00:37:00.970693;600a8a14-4f70-4da1-8a71-63e23c601a63;433.39;1.98;SELL
2016-04-17T00:37:00.936184;2016-04-17T00:37:00.970693;f6127d09-49e8-406c-ae42-b90279f5b2d9;433.39;1.8;SELL
2016-04-17T00:37:00.936342;2016-04-17T00:37:00.970693;e019cc5a-16b1-4b90-b45e-3c5da58e004e;433.38;0.02;SELL
2016-04-17T00:37:00.936516;2016-04-17T00:37:00.986317;913919b8-ad65-4dce-ae7c-235a7d447d6a;433.37;1.08;SELL
2016-04-17T00:37:00.936681;2016-04-17T00:37:00.986317;eb2c3ccc-d34f-4821-a41c-cdca1e7af459;433.36;0.109;SELL
2016-04-17T00:37:00.936836;2016-04-17T00:37:00.986317;cf84e836-2366-4a7a-9945-acc372f6b821;433.32;3.42;SELL
2016-04-17T00:37:00.937016;2016-04-17T00:37:01.001939;59863747-392f-47e3-9467-a6e5d225c5ae;433.32;3.6;SELL
2016-04-17T00:37:00.937163;2016-04-17T00:37:01.001939;8c7aa175-cacf-40cd-935e-8e2acaffa56b;433.31;0.105;SELL
2016-04-17T00:37:00.937321;2016-04-17T00:37:01.017565;dbeed01d-06a8-49ea-b9bc-9cfafe64d506;433.31;6.932;SELL
2016-04-17T00:37:00.937474;2016-04-17T00:37:01.017565;6c2981fc-f99e-4b09-9a56-d502d66a4aef;433.3;0.01;SELL
2016-04-17T00:37:00.937644;2016-04-17T00:37:01.017565;8a54379d-14a7-407b-879d-3911a880e5d8;433.29;0.25;SELL
2016-04-17T00:37:00.937812;2016-04-17T00:37:01.017565;49c46361-aeb5-4622-a951-d354d6011b54;433.26;0.073;SELL
2016-04-17T00:37:00.937989;2016-04-17T00:37:01.048815;b0aef1af-28c8-427d-9d6c-0b9e5e36a223;433.24;0.01;SELL
2016-04-17T00:37:00.938148;2016-04-17T00:37:01.048815;d3cd9d4c-5319-4d52-a3a4-d5f461dc089e;433.21;0.074;SELL
2016-04-17T00:37:00.938294;2016-04-17T00:37:01.048815;84db3849-85fd-4598-b6ca-0bd474d66513;433.18;0.01;SELL
2016-04-17T00:37:00.938450;2016-04-17T00:37:01.048815;d7eee9f1-cd06-4674-afdc-219ef4f336e3;433.18;0.01;SELL
2016-04-17T00:37:00.938597;2016-04-17T00:37:01.048815;77e23262-0fdc-4e27-aacd-b45d386a52cd;433.17;0.51143;SELL
2016-04-17T00:37:30.906891;2016-04-17T00:37:30.908208;985304f7-2d21-46c2-a24b-2013f1ab175c;433.51;0.01;SELL
2016-04-17T00:37:30.907082;2016-04-17T00:37:30.923830;f2165aff-a41d-4f84-9d36-e1433e612354;433.5;0.01;SELL
2016-04-17T00:37:30.907267;2016-04-17T00:37:30.923830;179e11cf-9a09-4ff7-803a-1110588b7c90;433.5;0.01;SELL
2016-04-17T00:37:30.907454;2016-04-17T00:37:30.923830;4be4f753-c9f6-4673-aa39-7bc105a741f4;433.49;0.01;SELL
2016-04-17T00:37:30.907606;2016-04-17T00:37:30.923830;192e4b60-5d32-42a9-bab4-87f3dfc3d474;433.34;0.10769;SELL
2016-04-17T00:38:01.241926;2016-04-17T00:38:01.294746;78bf12ff-eb02-42f0-985b-f881c5057261;433.62;0.11416;BUY
2016-04-17T00:38:33.269824;2016-04-17T00:38:33.310388;08b718c4-b5ed-49af-9f8a-27371fbad161;433.6;0.34248;BUY
2016-04-17T00:38:41.621161;2016-04-17T00:38:41.654144;d7c8386b-9222-4b09-a491-98f85cd6973c;433.6;0.28;BUY
2016-04-17T00:39:00.945592;2016-04-17T00:39:00.982275;41fee14f-cdd8-4c1b-bc2b-a03e93aa62b8;433.38;0.01;SELL
2016-04-17T00:39:00.945904;2016-04-17T00:39:00.997903;296e13c3-55f2-45fc-a655-e4d8a7dec10f;433.37;0.01;SELL
2016-04-17T00:39:00.946185;2016-04-17T00:39:00.997903;7c0963ec-2451-4e41-84ea-8b2932731c96;433.37;0.08272;SELL
2016-04-17T00:39:30.886712;2016-04-17T00:39:30.919792;a8c66d1d-89bd-4220-b62b-26cf3e8883d7;433.38;0.01;SELL
2016-04-17T00:39:30.886923;2016-04-17T00:39:30.935416;58663ac7-d2c8-4046-967c-cb2d6205aee0;433.38;0.076;SELL
2016-04-17T00:39:30.887152;2016-04-17T00:39:30.935416;94530250-543e-424e-9937-f141b92abe36;433.34;0.01;SELL
2016-04-17T00:39:30.887337;2016-04-17T00:39:30.935416;cef5b2a8-80c4-4b7c-b24d-287e0dc79efe;433.31;0.01;SELL
2016-04-17T00:39:30.887500;2016-04-17T00:39:30.935416;798f5de2-a8b0-4b49-8f5f-a698e9bc396c;433.29;0.93411;SELL
2016-04-17T00:40:01.304767;2016-04-17T00:40:01.341683;9aebb9cb-6188-4ee4-b4b7-f3f759363990;433.5;2.0;BUY
2016-04-17T00:40:30.989955;2016-04-17T00:40:31.029201;e59832ed-0ecb-48d1-82ff-51d9dc33eed1;433.49;0.28359;BUY
2016-04-17T00:41:31.796107;2016-04-17T00:41:31.826106;7798826a-fedb-42c7-971b-31e98928c4aa;433.48;0.22839;BUY
2016-04-17T00:42:00.990064;2016-04-17T00:42:01.029246;311e0948-eac9-4895-9396-46c70cbab7ae;433.5;0.06852;BUY
2016-04-17T00:42:30.970183;2016-04-17T00:42:30.998021;fb0bdaeb-f6d8-4f96-9374-9e3474cbb7a3;433.49;0.15;BUY
2016-04-17T00:42:30.970370;2016-04-17T00:42:31.013638;1f45bdef-d7e7-40a6-aacf-5b077390b384;433.5;0.02341;BUY
2016-04-17T00:42:38.122751;2016-04-17T00:42:38.154261;c7f675d4-8b4a-4a09-8709-d6e7e70f41aa;433.5;0.01;BUY
2016-04-17T00:43:21.899822;2016-04-17T00:43:21.951160;465499e8-7e16-41ef-8558-fa06f03a00fe;433.44;0.01;SELL
2016-04-17T00:43:21.900216;2016-04-17T00:43:21.951160;121a0cc0-02b7-4ab6-9c95-e43bfb487e86;433.43;0.137;SELL
2016-04-17T00:43:21.900425;2016-04-17T00:43:21.951160;ff7a0732-8e4c-4927-8c77-6fa6f93b7f05;433.42;0.22;SELL
2016-04-17T00:43:21.900605;2016-04-17T00:43:21.966785;602279c2-0d66-41b5-a6f7-fae0cfea3efb;433.37;0.132;SELL
2016-04-17T00:43:21.900770;2016-04-17T00:43:21.966785;aab8056b-0729-4777-a445-f8eea7461161;433.33;6.87778;SELL
2016-04-17T00:43:21.900935;2016-04-17T00:43:21.966785;c67756ea-93dd-406b-85bf-62a2d71555fa;433.33;0.01;SELL
2016-04-17T00:43:21.901108;2016-04-17T00:43:21.966785;bc4eeb86-b126-467e-936f-6663d7b8bd1c;433.28;0.528;SELL
2016-04-17T00:43:21.901288;2016-04-17T00:43:21.966785;b511eb6e-57ea-4075-8e15-48b00b85032a;433.23;0.511;SELL
2016-04-17T00:43:21.901453;2016-04-17T00:43:21.966785;b91969e4-0e7f-4686-9a18-71f02543a8f7;433.14;2.52;SELL
2016-04-17T00:43:21.901609;2016-04-17T00:43:21.982410;344f267a-91de-420e-8027-b1a1c8172a0a;433.13;0.01;SELL
2016-04-17T00:43:21.901773;2016-04-17T00:43:21.982410;a7d8e4bd-afda-4d42-963a-e89402297190;433.13;1.8;SELL
2016-04-17T00:43:21.901923;2016-04-17T00:43:21.982410;e3c6fe04-f2c9-4168-b0e9-96efc962b272;433.12;0.05104162;SELL
2016-04-17T00:43:21.902102;2016-04-17T00:43:21.982410;700d3856-87fe-4bc2-afe3-3ac4724b4026;433.12;0.01;SELL
2016-04-17T00:43:21.902262;2016-04-17T00:43:21.982410;ed8508b6-c5c1-44cf-a389-a98676b953ae;433.12;0.523;SELL
2016-04-17T00:43:21.902404;2016-04-17T00:43:21.982410;7c1ed545-d52b-4100-a575-39cda3c1d916;433.12;1.66017838;SELL
2016-04-17T00:43:55.259592;2016-04-17T00:43:55.294925;46043d97-932c-44a1-be54-355d82383524;433.49;1.44;BUY
2016-04-17T00:43:55.259822;2016-04-17T00:43:55.294925;649e6996-81c5-47fb-9757-6d71dc58cf41;433.49;1.98;BUY
2016-04-17T00:43:55.260034;2016-04-17T00:43:55.294925;6b4b6fd5-5198-4026-bf0c-a704cb1e0ced;433.49;0.03165828;BUY
2016-04-17T00:44:01.198019;2016-04-17T00:44:01.232435;db785b07-9e38-4feb-8fb3-a5f01947c0a5;433.48;0.2169;BUY
2016-04-17T00:44:03.801938;2016-04-17T00:44:03.841806;5c1495d9-b66c-4b33-9edc-6852c88260c8;433.46;0.01;BUY
2016-04-17T00:45:31.913648;2016-04-17T00:45:31.935602;1da842e0-4156-4a7a-aeb3-fd4580c3e2ae;433.46;0.464;BUY
2016-04-17T00:45:31.913878;2016-04-17T00:45:31.966854;d94fb58f-5f3d-4693-b575-1764a7919aab;433.47;1.8;BUY
2016-04-17T00:45:31.914076;2016-04-17T00:45:31.966854;888a6a57-f7b7-4c5d-a390-6071578ae25d;433.47;1.08;BUY
2016-04-17T00:45:31.914236;2016-04-17T00:45:31.966854;4c214d96-8a29-4b89-abdc-8629fb0c8c2c;433.47;0.476;BUY
2016-04-17T00:45:31.914381;2016-04-17T00:45:31.966854;64840dfa-3034-4876-ba1d-c6bf8e44491a;433.48;0.54;BUY
2016-04-17T00:45:31.914537;2016-04-17T00:45:31.966854;04516fd7-2183-474a-ac55-f860de06a512;433.48;0.36;BUY
2016-04-17T00:45:31.914719;2016-04-17T00:45:31.966854;20ad1c83-2de9-464c-9aea-90de18189ddf;433.49;0.72;BUY
2016-04-17T00:45:31.914874;2016-04-17T00:45:31.966854;b169e7f5-afc9-4b69-91c4-5061a4fe9492;433.5;0.01;BUY
2016-04-17T00:45:31.915052;2016-04-17T00:45:31.966854;54f596ab-f86e-4b51-a73c-f4a79d41ae0d;433.5;0.54;BUY
2016-04-17T00:45:31.915200;2016-04-17T00:45:31.982481;48f68211-4ea9-4ff6-b82c-010d2bd7a603;433.51;0.01;BUY
2016-04-17T00:45:31.915354;2016-04-17T00:45:31.982481;26db1da0-cf57-400d-b92f-2f574b1f4ac9;433.51;0.01;BUY
2016-04-17T00:45:31.915492;2016-04-17T00:45:31.982481;8454837f-9ccb-42da-ae39-c43f0df13ee1;433.52;0.22057;BUY
2016-04-17T00:46:01.172476;2016-04-17T00:46:01.201242;8141b293-f619-4e52-8d78-4258b403d880;433.36;0.112;SELL
2016-04-17T00:46:01.172683;2016-04-17T00:46:01.201242;f5873ba2-9d89-457f-8545-f67705d237be;433.34;1.3808;SELL
2016-04-17T00:46:12.290593;2016-04-17T00:46:12.310626;08479582-e99e-40af-9f30-303478c5fabf;433.4;0.01;SELL
2016-04-17T00:46:12.290938;2016-04-17T00:46:12.310626;4f9e4ea3-1993-4fe6-8c3c-443abb8caad4;433.28;0.19;SELL
2016-04-17T00:46:14.660786;2016-04-17T00:46:14.685624;d3d42fd2-69cd-45c1-a85f-b73d47873055;433.34;0.01;SELL
2016-04-17T00:46:14.660990;2016-04-17T00:46:14.685624;250a92d7-35ed-4f18-91ef-7074eff07a7c;433.33;0.19;SELL
2016-04-17T00:46:17.027658;2016-04-17T00:46:17.060625;51194c7f-46b5-4f60-a594-5a801d7208ae;433.34;0.2;SELL
2016-04-17T00:46:19.390675;2016-04-17T00:46:19.420000;bcdf3b3b-9a33-4abb-a114-a06d3679a860;433.35;0.2;SELL
2016-04-17T00:46:21.779404;2016-04-17T00:46:21.810633;61bdbf6f-dd3d-4fed-b14c-012b959a8eef;433.18;0.01;SELL
2016-04-17T00:46:21.779568;2016-04-17T00:46:21.810633;83c6baeb-c52d-48d8-9c3c-07d02b55c09d;433.17;0.19;SELL
2016-04-17T00:46:23.930450;2016-04-17T00:46:23.951254;af29e4c1-4d6f-4188-a003-8cf910f9a189;433.19;0.2;SELL
2016-04-17T00:46:26.378909;2016-04-17T00:46:26.404381;a476dcbc-6c94-4496-9bf4-fa04c09247b7;433.23;0.2;SELL
2016-04-17T00:46:28.550082;2016-04-17T00:46:28.576255;5c6eb4ef-3d1f-4a88-a122-e9db64ad7369;433.25;0.2;SELL
2016-04-17T00:46:30.689451;2016-04-17T00:46:30.716881;2b30d6bf-3eb5-4677-84f0-3208ed439597;433.27;0.2;SELL
2016-04-17T00:46:31.778811;2016-04-17T00:46:31.795006;b1642b2c-1903-4248-868b-5242e283a745;433.46;0.70389;BUY
2016-04-17T00:46:33.060772;2016-04-17T00:46:33.091885;a23a1c67-80f7-4e09-b473-b53a9a53de9c;433.29;0.2;SELL
2016-04-17T00:46:35.436262;2016-04-17T00:46:35.466885;9ff83e71-cead-42fc-8cd1-5ad077d16c69;433.29;0.2;SELL
2016-04-17T00:46:37.578711;2016-04-17T00:46:37.607510;1c21327f-e4f0-412f-a031-45078c50f6c8;433.41;0.2;SELL
2016-04-17T00:46:39.710529;2016-04-17T00:46:39.732513;37c00909-16e4-404d-b0cb-a7162e865cd8;433.42;0.2;SELL
2016-04-17T00:46:41.845204;2016-04-17T00:46:41.873136;7e463f21-4c95-445f-92cb-821d0c53c5b9;433.42;0.2;SELL
2016-04-17T00:46:43.989397;2016-04-17T00:46:44.013781;43e6905a-d117-4f84-a58b-c420a226ec10;433.42;0.2;SELL
2016-04-17T00:46:46.127340;2016-04-17T00:46:46.138728;2a642184-e554-4491-811d-6c7d578da2c0;433.42;0.2;SELL
2016-04-17T00:46:48.263628;2016-04-17T00:46:48.279403;65968380-689e-41bc-be8b-1934b179fe33;433.42;0.2;SELL
2016-04-17T00:46:50.400705;2016-04-17T00:46:50.435643;88bbef35-1d55-4317-bc7b-022ba2a6bd8c;433.42;0.2;SELL
2016-04-17T00:46:52.621719;2016-04-17T00:46:52.638769;8e13e403-d3f6-44ad-b339-66b50d3f72b0;433.42;0.2;SELL
2016-04-17T00:46:54.754572;2016-04-17T00:46:54.779403;2104e20c-ee08-45ef-865e-c6a222a6457c;433.42;0.2;SELL
2016-04-17T00:46:56.885869;2016-04-17T00:46:56.904403;b589b9cc-ef2e-4507-a14d-bec66dc8f6a8;433.42;0.1209;SELL
2016-04-17T00:47:01.005318;2016-04-17T00:47:01.013769;b7142df2-5f80-40f8-b136-94c340f0ab92;433.48;0.01;BUY
2016-04-17T00:47:01.005539;2016-04-17T00:47:01.045019;2d6bdabe-f2f3-44ad-8baf-d9fa3c107b70;433.5;0.01;BUY
2016-04-17T00:47:01.005726;2016-04-17T00:47:01.045019;43f58499-aa84-4d1b-901d-a8e2ad26bc21;433.53;0.01;BUY
2016-04-17T00:47:01.005900;2016-04-17T00:47:01.045019;a4957291-0922-44da-9a28-abb3167e5c6e;433.53;0.01;BUY
2016-04-17T00:47:01.006079;2016-04-17T00:47:01.045019;6365c3d5-a2ff-4b54-9fe5-f8ba0c7befd2;433.54;0.01;BUY
2016-04-17T00:47:01.006231;2016-04-17T00:47:01.060646;0f7277ef-06df-4b5e-8f0a-7bed7751c987;433.56;0.01;BUY
2016-04-17T00:47:01.006402;2016-04-17T00:47:01.060646;06e05153-af0c-4b3a-b2cc-f4b93319cc78;433.57;0.0999;BUY
2016-04-17T00:47:31.508523;2016-04-17T00:47:31.529412;ba7f3879-bf01-453b-be98-f09637d17363;433.56;0.01;BUY
2016-04-17T00:47:31.508779;2016-04-17T00:47:31.529412;c3ccd975-a6cf-428d-9fde-10275208815f;433.57;0.07538;BUY
2016-04-17T00:48:08.348665;2016-04-17T00:48:08.373181;63e73aee-c859-40fb-acbc-1b426addf41d;433.54;0.01;SELL
2016-04-17T00:48:08.348869;2016-04-17T00:48:08.373181;1e03c839-9d7c-4de6-a6ef-eec0683275f5;433.53;0.31892;SELL
2016-04-17T00:49:01.158484;2016-04-17T00:49:01.185708;ed4ff803-81bb-4cfa-ae51-224de33300a5;433.57;0.289628;BUY
2016-04-17T00:49:01.158716;2016-04-17T00:49:01.185708;d9e084b3-5d54-4a49-96fa-d96f7d1493ce;433.59;0.12;BUY
2016-04-17T00:49:01.158898;2016-04-17T00:49:01.201333;9b3421f9-dea5-4cd0-8a8e-27408563d316;433.61;0.01;BUY
2016-04-17T00:49:01.159075;2016-04-17T00:49:01.201333;73218dd6-059e-4c1d-b8c3-8489019e56fc;433.61;0.119;BUY
2016-04-17T00:49:01.159229;2016-04-17T00:49:01.201333;8659133b-a1dc-48aa-bd6f-f63e1d6b2d76;433.62;0.29;BUY
2016-04-17T00:49:01.159380;2016-04-17T00:49:01.201333;29294c53-5791-4295-8836-a4980abdc6cd;433.63;0.01;BUY
2016-04-17T00:49:01.159546;2016-04-17T00:49:01.201333;d26414bc-67fc-4c95-8de7-b282bc496949;433.64;0.01;BUY
2016-04-17T00:49:01.159698;2016-04-17T00:49:01.201333;6bf5f16a-f808-4dd2-9bed-e1c7c469d628;433.66;0.074;BUY
2016-04-17T00:49:01.159853;2016-04-17T00:49:01.201333;0b563869-5dc4-49c1-b417-d9030a076c01;433.66;0.29;BUY
2016-04-17T00:49:01.160044;2016-04-17T00:49:01.201333;425708ae-0604-4021-be16-fce29700b0b6;433.67;0.29;BUY
2016-04-17T00:49:01.160198;2016-04-17T00:49:01.201333;bc1e8a78-40af-424d-9d65-8ebac93b5d74;433.68;0.01;BUY
2016-04-17T00:49:01.160343;2016-04-17T00:49:01.201333;ac862e37-60b8-4ebb-9c2c-ddf8a1d5d642;433.7;0.01;BUY
2016-04-17T00:49:01.160492;2016-04-17T00:49:01.216958;93635a16-ca4a-476f-9c05-19296e489b33;433.7;0.29;BUY
2016-04-17T00:49:01.160639;2016-04-17T00:49:01.216958;de227297-c95e-4112-8b69-18cae11aca81;433.71;0.01;BUY
2016-04-17T00:49:01.160799;2016-04-17T00:49:01.216958;a03e66ef-1b6f-433f-9d08-532023618842;433.71;0.01;BUY
2016-04-17T00:49:01.160955;2016-04-17T00:49:01.216958;1d7db719-2976-4d8e-8e3b-1243f1406a35;433.71;0.05102775;BUY
2016-04-17T00:49:01.161134;2016-04-17T00:49:01.216958;dce9a89f-bb4a-42f7-b5b1-5d6d5eb9c8ab;433.71;0.118;BUY
2016-04-17T00:49:01.161285;2016-04-17T00:49:01.216958;283bb4bd-a463-4689-a400-dba15a7b7da8;433.72;0.166;BUY
2016-04-17T00:49:01.161453;2016-04-17T00:49:01.216958;39971d6c-ef4c-45b4-96f2-372f59906b82;433.73;0.11565425;BUY
2016-04-17T00:49:21.474040;2016-04-17T00:49:21.482596;8b795b50-5b57-4d14-b080-c4a71412aaad;433.65;0.01;BUY
2016-04-17T00:49:21.474266;2016-04-17T00:49:21.482596;c0e01a80-c0e2-453d-8d09-f9091c288696;433.65;0.097;BUY
2016-04-17T00:49:21.474456;2016-04-17T00:49:21.498228;6f6e2512-f3fe-4454-a120-5332c941f8a0;433.69;0.093;BUY
2016-04-17T00:49:31.496817;2016-04-17T00:49:31.513849;4008cd82-7263-4143-9c04-d9b597b8753f;433.57;0.01;SELL
2016-04-17T00:49:31.497025;2016-04-17T00:49:31.513849;aa6ba24d-066e-48af-8438-9b2fa87fd946;433.55;0.29;SELL
2016-04-17T00:49:31.497223;2016-04-17T00:49:31.513849;46cd22ab-2bda-4a12-b179-d66e01fdcd69;433.54;0.18;SELL
2016-04-17T00:49:31.497371;2016-04-17T00:49:31.513849;b0dff9a2-041d-4c28-8d95-4615a4e6a666;433.52;0.08023;SELL
2016-04-17T00:50:01.709560;2016-04-17T00:50:01.732614;ea92cc70-2c23-41d0-8cd9-f67eea93fbfa;433.66;0.561;BUY
2016-04-17T00:50:01.709931;2016-04-17T00:50:01.732614;cccadb31-4562-4892-b80d-04f81eb87e3d;433.66;0.15;BUY
2016-04-17T00:50:01.710213;2016-04-17T00:50:01.748239;7f752231-6fea-4777-880e-8747e7bae0e6;433.67;0.51717;BUY
2016-04-17T00:51:01.070430;2016-04-17T00:51:01.092021;a3135c06-6c4c-4cf2-949f-1776bd4d5e22;433.63;0.01;SELL
2016-04-17T00:51:01.070634;2016-04-17T00:51:01.092021;253c4f49-c309-4328-a79e-f419ecb5dc51;433.62;0.12141;SELL
2016-04-17T00:51:31.454698;2016-04-17T00:51:31.467035;b8813f6c-ba08-41a1-b2cd-3ed58bee038a;433.68;0.43077;BUY
2016-04-17T00:52:01.004291;2016-04-17T00:52:01.013917;6b5496b6-f3c7-4662-b132-3cf5b2815192;433.69;0.27149;BUY
2016-04-17T00:52:31.020560;2016-04-17T00:52:31.029564;49857284-ecb2-418a-9271-429b154fcc0b;433.73;0.01;BUY
2016-04-17T00:52:31.021161;2016-04-17T00:52:31.060819;df1b87f2-1520-4288-9ce9-aad76098d125;433.73;0.05248;BUY
2016-04-17T00:53:02.264425;2016-04-17T00:53:02.263957;8a3bedd4-ffd7-433e-a704-46f0571fa6a9;433.7;0.44957;BUY
2016-04-17T00:53:32.231090;2016-04-17T00:53:32.270410;43d41712-b7fd-4fff-a719-619018d91ae4;433.59;0.01;SELL
2016-04-17T00:53:32.231302;2016-04-17T00:53:32.286032;b91d6079-8c4f-43af-8fa9-c8bdc8fe441d;433.59;0.02;SELL
2016-04-17T00:53:32.231462;2016-04-17T00:53:32.286032;ca8057aa-d818-497f-b869-18e6d37195f5;433.59;0.01842;SELL
2016-04-17T00:54:01.062110;2016-04-17T00:54:01.098549;0bae422d-978a-45e0-bce0-18bb6b004b18;433.68;0.11528;BUY
2016-04-17T00:54:32.424794;2016-04-17T00:54:32.457941;0f2f9605-4013-4291-894b-e5107c690dc9;433.7;0.01;BUY
2016-04-17T00:54:32.425016;2016-04-17T00:54:32.457941;2adce1d4-85b2-4a7e-9d53-10cfd9e3d7fc;433.73;1.01395;BUY
2016-04-17T00:55:02.637610;2016-04-17T00:55:02.676705;67c77981-1f31-4782-8a15-abee0b7200f9;433.6;0.01;SELL
2016-04-17T00:55:02.638026;2016-04-17T00:55:02.692335;cf20c632-0721-4106-9473-13878f7063ff;433.59;0.01;SELL
2016-04-17T00:55:02.638234;2016-04-17T00:55:02.692335;995f19b6-0798-465e-9992-7df351062d17;433.57;0.01;SELL
2016-04-17T00:55:02.638386;2016-04-17T00:55:02.692335;d4f3a2e4-ca7e-474d-87eb-1bf8aadc1e28;433.56;0.02123;SELL
2016-04-17T00:55:31.017379;2016-04-17T00:55:31.051719;5c715f89-0413-47ab-8990-4a88f97c4ea1;433.68;0.01;BUY
2016-04-17T00:55:31.017591;2016-04-17T00:55:31.051719;0d9799bd-1af9-4954-b84d-2a3c9c9c6f4d;433.75;0.24111;BUY
2016-04-17T00:56:02.169890;2016-04-17T00:56:02.192365;f7fdd4ca-a167-486f-92a5-bf25d0dc600f;433.68;0.12;BUY
2016-04-17T00:56:02.170122;2016-04-17T00:56:02.207985;c65180eb-7aa2-408c-ac16-fc8bb430473e;433.68;0.512;BUY
2016-04-17T00:56:02.170288;2016-04-17T00:56:02.207985;9c5577bf-7f73-4a62-9dbf-c161ccc41b1b;433.68;0.06659;BUY
2016-04-17T00:56:22.649176;2016-04-17T00:56:22.676754;bc62bf5d-34f2-4c15-92d9-57963c8d421c;433.73;0.016;BUY
2016-04-17T00:56:22.652958;2016-04-17T00:56:22.692369;f96a53ca-9f80-4a96-927e-22f0653259b2;433.73;0.01;BUY
2016-04-17T00:56:22.774200;2016-04-17T00:56:22.801758;a012ed36-32e7-46f7-9b60-dbc02db0b993;433.73;0.084;BUY
2016-04-17T00:57:01.144318;2016-04-17T00:57:01.176769;0e4551f8-85cc-42d4-ac1b-18060d793f50;433.7;0.09161;BUY
2016-04-17T00:57:31.045325;2016-04-17T00:57:31.067407;514bbe20-7fb5-4f4f-95a3-0deab3e94ceb;433.58;0.18;SELL
2016-04-17T00:57:31.045552;2016-04-17T00:57:31.067407;97a117a6-1603-4508-a558-192a9e44fcbb;433.57;0.91364;SELL
2016-04-17T00:58:01.094783;2016-04-17T00:58:01.114304;34bfdcd5-5bdc-4290-a657-00f1cf455615;433.68;0.2;BUY
2016-04-17T00:58:01.095055;2016-04-17T00:58:01.129922;b125c8f7-90d6-4c9f-bf02-ec53050d7387;433.68;0.2439;BUY
2016-04-17T00:58:31.050813;2016-04-17T00:58:31.067443;85d2ac64-2021-4539-8f95-deda7c52e163;433.67;0.5;BUY
2016-04-17T00:58:31.051110;2016-04-17T00:58:31.067443;8f879891-7c4b-48c2-8f65-431a574d4580;433.69;0.07076;BUY
2016-04-17T00:59:35.146545;2016-04-17T00:59:35.161219;1d2b5c4f-5d1f-421e-b8fd-e33d49b02018;433.6;0.01;SELL
2016-04-17T00:59:35.146813;2016-04-17T00:59:35.176844;94b9a93f-6640-494d-873c-e50391523054;433.6;0.18;SELL
2016-04-17T00:59:35.147233;2016-04-17T00:59:35.176844;b0d695b3-100e-4d1d-96d6-92b9ba1b78fd;433.6;0.074;SELL
2016-04-17T00:59:35.147413;2016-04-17T00:59:35.176844;440e9dac-4726-447d-b87e-364ff1e0b24d;433.58;0.01;SELL
2016-04-17T00:59:35.147574;2016-04-17T00:59:35.192468;221e210e-bd9b-464a-a70f-4bf080aa78ab;433.56;4.029;SELL
2016-04-17T00:59:35.147748;2016-04-17T00:59:35.270594;eb390d6c-de19-4c02-ba37-56433580bcd3;433.56;0.29;SELL
2016-04-17T00:59:35.147896;2016-04-17T00:59:35.270594;3c27413f-ae9a-45ba-b1d0-d48e9b16083e;433.55;1.76877;SELL
2016-04-17T01:01:01.314444;2016-04-17T01:01:01.333151;3ffb5ae4-011a-424b-8a6d-9a6c3fcc172c;433.66;0.01;BUY
2016-04-17T01:01:01.314692;2016-04-17T01:01:01.348763;7f59fc40-27f9-4e9d-a990-37a623c07ae2;433.7;0.01;BUY
2016-04-17T01:01:01.314893;2016-04-17T01:01:01.348763;e66781be-1a42-447b-8db2-9f805c096993;433.73;0.01185;BUY
2016-04-17T01:01:01.315295;2016-04-17T01:01:01.348763;b204999f-5950-43db-850c-098d6abc54a6;433.75;0.02;BUY
2016-04-17T01:01:01.315456;2016-04-17T01:01:01.348763;5c0358b7-0d6a-4ae0-bdd2-690cbca75fcf;433.76;0.01;BUY
2016-04-17T01:01:01.315597;2016-04-17T01:01:01.442515;5bd0c5ee-8d13-4e9e-a6d1-e4e31a5f534e;433.76;0.4607;BUY
2016-04-17T01:01:31.252285;2016-04-17T01:01:31.270652;5371d4fe-682d-452c-9d87-9df02dc7ac44;433.75;0.01;BUY
2016-04-17T01:01:31.252530;2016-04-17T01:01:31.286280;8afeab28-68e0-4292-a434-7f4b566ae32d;433.75;0.02;BUY
2016-04-17T01:01:31.252702;2016-04-17T01:01:31.286280;6e79d57b-3b08-4c49-9b0f-502846d9ce3d;433.76;0.04;BUY
2016-04-17T01:02:01.231089;2016-04-17T01:02:01.239428;9bb370ad-74ff-4e55-851a-096d380c6440;433.72;0.01;SELL
2016-04-17T01:02:01.231327;2016-04-17T01:02:01.255043;c206561e-a3cc-4f7e-9631-9a86e088aff4;433.72;0.494;SELL
2016-04-17T01:02:01.231508;2016-04-17T01:02:01.255043;41944c5c-8a59-4025-928b-a139d3f37158;433.72;0.15349;SELL
2016-04-17T01:02:31.295868;2016-04-17T01:02:31.301938;962c79d4-d2a3-4dff-ae58-4c0d5e2fd138;433.73;0.02399;SELL
2016-04-17T01:03:01.144536;2016-04-17T01:03:01.161337;4b3d5bd1-ea99-489c-984c-35273d105d55;433.75;0.02;BUY
2016-04-17T01:03:01.144760;2016-04-17T01:03:01.176953;7ccd7888-504c-429f-af56-bf4272d8e95b;433.76;0.41294;BUY
2016-04-17T01:03:01.144948;2016-04-17T01:03:01.176953;0fcf2f11-5a7f-4643-8c15-2166e3a34f72;433.77;0.97304;BUY
2016-04-17T01:04:01.136268;2016-04-17T01:04:01.145731;f235a8f8-2b1e-4927-8291-2c513006a19c;433.75;0.02;BUY
2016-04-17T01:04:01.136505;2016-04-17T01:04:01.161356;a19a2d82-5662-4509-a7ff-0530ff574248;433.75;0.6;BUY
2016-04-17T01:04:01.136693;2016-04-17T01:04:01.161356;bcca021c-632f-45cb-88be-276d430f5fed;433.77;2.02696;BUY
2016-04-17T01:04:01.136854;2016-04-17T01:04:01.161356;71ce0950-06ad-4d8c-ae41-7f4d8a22187e;433.77;0.29;BUY
2016-04-17T01:04:01.137029;2016-04-17T01:04:01.176981;2fda0219-8142-4c4f-b567-2895f9631784;433.79;0.01;BUY
2016-04-17T01:04:01.137179;2016-04-17T01:04:01.176981;c72f9596-db40-4a35-97d1-86c815ccf71e;433.8;0.03;BUY
2016-04-17T01:04:01.137337;2016-04-17T01:04:01.176981;213f5e38-40e4-490b-84ab-012fde927075;433.8;0.13;BUY
2016-04-17T01:04:01.137497;2016-04-17T01:04:01.176981;7d92fb54-da59-449a-aeb6-e589ec2654c3;433.82;0.01;BUY
2016-04-17T01:04:01.137639;2016-04-17T01:04:01.176981;cf2e0d7e-c54c-4bd4-80bb-0e026121fd30;433.83;1.86678;BUY
2016-04-17T01:04:19.298484;2016-04-17T01:04:19.317613;35e287df-4290-43bc-8290-982d3b8db3c7;433.82;0.01;BUY
2016-04-17T01:04:19.298729;2016-04-17T01:04:19.317613;b3b85fc5-d8d6-4633-b8d2-d715e7ffca32;433.83;0.37626159;BUY
2016-04-17T01:04:20.273261;2016-04-17T01:04:20.286369;fb48b5ee-aea2-499a-8bd2-b0e8d3e73e9f;433.83;0.38626159;BUY
2016-04-17T01:04:21.315819;2016-04-17T01:04:21.317614;c878b5eb-d356-4c65-979e-dc40f0f19b1a;433.83;0.38626159;BUY
2016-04-17T01:04:21.586020;2016-04-17T01:04:21.598874;cf5c9e91-5195-4080-8557-6a8a5749c3ab;433.83;0.38626159;BUY
2016-04-17T01:04:22.595118;2016-04-17T01:04:22.598866;b3d66556-447f-4c3e-bf5a-51a3843433ca;433.83;0.38626159;BUY
2016-04-17T01:04:31.122796;2016-04-17T01:04:31.145751;40ea3e17-7398-4faa-8a8c-706d1474e7b2;433.83;1.24235;BUY
2016-04-17T01:05:31.298057;2016-04-17T01:05:31.302039;a3089bdb-2a95-466f-bfd6-1a59f9c2f7b6;433.78;0.01;SELL
2016-04-17T01:05:31.298386;2016-04-17T01:05:31.317653;20293dcd-f2a6-4803-9f90-db8cc4235a65;433.77;0.01;SELL
2016-04-17T01:05:31.298643;2016-04-17T01:05:31.317653;0ec2d017-e53f-41bb-a0b5-7fdaa73bf499;433.76;0.01;SELL
2016-04-17T01:05:31.298879;2016-04-17T01:05:31.317653;c480611f-59ac-4c89-b2b1-94c3a16db1e4;433.75;0.01;SELL
2016-04-17T01:05:31.299107;2016-04-17T01:05:31.333276;b7c1a329-b477-4184-bb5c-4acf22f0788e;433.74;0.01;SELL
2016-04-17T01:05:31.299321;2016-04-17T01:05:31.411408;772069fa-4bbc-4976-8e3c-f2f3a9f6f0ba;433.74;0.38626159;SELL
2016-04-17T01:05:31.299540;2016-04-17T01:05:31.411408;040e691c-60a8-4428-ab36-2405469e2a25;433.67;0.29;SELL
2016-04-17T01:05:31.299762;2016-04-17T01:05:31.411408;7f0097c6-2345-412f-8355-4da0c2e45976;433.65;0.38626159;SELL
2016-04-17T01:05:31.300019;2016-04-17T01:05:31.411408;ec7b04f3-1f90-4de1-91cf-4488a2c518a2;433.58;0.01185;SELL
2016-04-17T01:05:31.300213;2016-04-17T01:05:31.411408;84143813-3884-4c72-8c62-9e4b99fa9248;433.57;0.49281682;SELL
2016-04-17T01:06:24.319115;2016-04-17T01:06:24.317680;298168d0-28cf-4181-8209-188bcd482f43;433.61;0.47;BUY
2016-04-17T01:06:31.243133;2016-04-17T01:06:31.255185;9f3f777c-4f31-4f4a-841f-cf9fee08a3eb;433.64;0.04565;BUY
2016-04-17T01:07:31.570619;2016-04-17T01:07:31.567715;db6498cd-9fe1-44b1-8ad9-b70011beffc6;433.63;0.05477;BUY
2016-04-17T01:09:31.139607;2016-04-17T01:09:31.191838;dd5517a9-ca51-4355-b352-78999f8be2b5;433.61;0.17692;SELL
2016-04-17T01:09:41.750489;2016-04-17T01:09:41.785593;fe6f2ebc-5d88-4394-ba6c-7b41a7450964;433.61;0.01;SELL
2016-04-17T01:10:01.236570;2016-04-17T01:10:01.269975;2a6b01d6-a251-44ec-aba2-34e8c7ccc541;433.61;2.64994;SELL
2016-04-17T01:10:31.135522;2016-04-17T01:10:31.176244;c9ff9237-0168-40ca-bc6a-bac8cef32594;433.63;0.01816;BUY
2016-04-17T01:10:36.550911;2016-04-17T01:10:36.582504;01b54d52-0733-4d35-9f77-082652a0804a;433.61;0.0214;SELL
2016-04-17T01:10:36.554257;2016-04-17T01:10:36.598119;1f2c7a26-b102-478a-920f-401dbffcb924;433.61;0.0486;SELL
2016-04-17T01:11:01.112109;2016-04-17T01:11:01.145015;6c85a244-5f9d-49e3-a89e-80f38eb33c4a;433.63;0.39804;BUY
2016-04-17T01:11:33.040958;2016-04-17T01:11:33.066902;c102a8a4-a413-4693-87db-203aadfcb5bc;433.63;0.22832;BUY
2016-04-17T01:12:01.834914;2016-04-17T01:12:01.863789;3b14d1d9-74f0-41f8-93f8-759d6c81c381;433.61;1.62314;SELL
2016-04-17T01:12:01.835159;2016-04-17T01:12:01.879414;e11723cf-22f1-4d41-9b1e-745123aaedb0;433.61;0.07;SELL
2016-04-17T01:12:01.835349;2016-04-17T01:12:01.879414;19440cd1-184b-4693-bc47-d802f0760d01;433.6;0.01;SELL
2016-04-17T01:12:01.835513;2016-04-17T01:12:01.879414;93be855b-3557-4185-954b-622cb4512993;433.59;0.01;SELL
2016-04-17T01:12:01.835684;2016-04-17T01:12:01.879414;a8791ed2-5a1a-4297-b7df-9fe5cd1a2f73;433.57;1.774338;SELL
2016-04-17T01:12:01.835854;2016-04-17T01:12:01.973163;84fa1475-fb13-4cde-92b7-0bcd4d3a36b2;433.56;0.38626159;SELL
2016-04-17T01:12:01.836036;2016-04-17T01:12:01.973163;e48d2c87-7c39-46e1-8462-0fd7bf74e980;433.51;0.454;SELL
2016-04-17T01:12:01.836187;2016-04-17T01:12:01.973163;981e6220-1aa6-4ce4-8829-81974a75b1af;433.47;0.38626159;SELL
2016-04-17T01:12:01.836345;2016-04-17T01:12:01.973163;25c62382-00eb-44df-b967-7bf6fa2a9cf2;433.47;0.465014;SELL
2016-04-17T01:12:01.836497;2016-04-17T01:12:01.973163;4b2b63be-ef31-49cb-8eb8-5a1441250725;433.46;0.01;SELL
2016-04-17T01:12:01.836646;2016-04-17T01:12:01.973163;0b2e50fd-db02-4156-8cd4-568048783b3d;433.46;0.459;SELL
2016-04-17T01:12:01.836817;2016-04-17T01:12:01.973163;73f43798-6716-41b3-b84e-f75f673c55f4;433.46;0.29;SELL
2016-04-17T01:12:01.836964;2016-04-17T01:12:01.973163;b809bfd4-9e0b-43a4-9c2b-a9f65d719bf0;433.45;0.82970482;SELL
2016-04-17T01:12:31.232454;2016-04-17T01:12:31.270051;97646546-59cb-4486-9417-faca25819652;433.62;0.01;BUY
2016-04-17T01:12:31.232689;2016-04-17T01:12:31.285680;d8e21863-33d4-42d2-aff9-522178f1e235;433.62;0.465;BUY
2016-04-17T01:12:31.232864;2016-04-17T01:12:31.285680;185d2a1f-ceb9-409d-8eec-b20f6f578b7a;433.64;0.92778;BUY
2016-04-17T01:12:36.540042;2016-04-17T01:12:36.582558;c58c18fd-2c36-46b2-b241-ba2095ba1d65;433.63;0.29;BUY
2016-04-17T01:13:01.146488;2016-04-17T01:13:01.176322;3c05943a-c32e-47d7-9dba-0276d9375021;433.63;0.4;BUY
2016-04-17T01:13:01.146699;2016-04-17T01:13:01.191946;e870325c-7b1a-4e37-a9be-7a94434752e4;433.64;0.23687;BUY
2016-04-17T01:13:31.455623;2016-04-17T01:13:31.488842;aa149f4d-df22-441e-93f5-40697392c152;433.63;0.434;BUY
2016-04-17T01:13:31.455849;2016-04-17T01:13:31.504458;7b5f5820-2589-4dd4-823c-469108761403;433.63;0.82970482;BUY
2016-04-17T01:13:31.456043;2016-04-17T01:13:31.504458;f795338c-fdae-437b-bb8e-d87da51f53f0;433.64;0.44871518;BUY
2016-04-17T01:14:31.139923;2016-04-17T01:14:31.176371;3d1c38ed-3646-4738-bca1-ae78cce15d94;433.59;0.01;SELL
2016-04-17T01:14:31.140266;2016-04-17T01:14:31.191990;c58cf41c-598d-4229-8170-eb2589ae78e6;433.57;0.01;SELL
2016-04-17T01:14:31.140526;2016-04-17T01:14:31.191990;196b713e-e063-4f6c-8972-4186a734e87e;433.54;0.01;SELL
2016-04-17T01:14:31.140735;2016-04-17T01:14:31.191990;e5481258-743f-4e7b-a4e0-b1540008ac8c;433.51;0.08499;SELL
2016-04-17T01:15:31.133500;2016-04-17T01:15:31.160775;4746b45a-7e53-4971-8d41-8d5b2ffe708a;433.55;0.72;BUY
2016-04-17T01:15:31.133836;2016-04-17T01:15:31.176396;961daaa3-3328-4c4a-994c-4264cdf69838;433.55;0.07858;BUY
2016-04-17T01:16:01.199996;2016-04-17T01:16:01.223286;29fd375c-aa2c-4705-9fba-070792fdf88d;433.56;0.01;BUY
2016-04-17T01:16:01.200201;2016-04-17T01:16:01.254538;5cf6abbc-e318-4f2d-99d1-b952ebdbe9e2;433.56;0.03795;BUY
2016-04-17T01:16:06.716889;2016-04-17T01:16:06.738914;e0e9de9f-3fde-4db0-8a72-e3f0ac7c64d4;433.57;0.02;BUY
2016-04-17T01:17:01.152707;2016-04-17T01:17:01.176442;9a2f8cd2-784b-4728-8670-7a7bdf935770;433.58;0.18;BUY
2016-04-17T01:17:01.153109;2016-04-17T01:17:01.176442;a36ea931-b540-4d39-aa29-27246e1b308b;433.58;0.152;BUY
2016-04-17T01:17:01.153436;2016-04-17T01:17:01.176442;03f2f92e-231c-4297-83b8-e1a2912fb555;433.6;0.36;BUY
2016-04-17T01:17:01.153708;2016-04-17T01:17:01.176442;a6a14179-d5de-411f-b6b2-a375a12ee810;433.61;0.30863;BUY
2016-04-17T01:17:31.245945;2016-04-17T01:17:31.270207;41efa5a7-8521-42da-b08e-2c3d0d683129;433.57;0.53206;BUY
2016-04-17T01:18:31.297319;2016-04-17T01:18:31.317115;10cd2065-5db2-485f-ba1a-67515aa49d7b;433.61;0.01;BUY
2016-04-17T01:18:31.297524;2016-04-17T01:18:31.317115;be0d8392-ffd8-4914-9fb7-618b47e23519;433.62;0.29825;BUY
2016-04-17T01:19:01.220301;2016-04-17T01:19:01.254632;06789aaa-a7d3-4dda-8888-385e78533c36;433.62;0.0577;BUY
2016-04-17T01:19:31.123260;2016-04-17T01:19:31.145219;db1fbb41-ee08-4020-a5be-425e814f46b1;433.62;0.02214;BUY
2016-04-17T01:20:01.257797;2016-04-17T01:20:01.270286;2193a323-5834-4c63-b9ba-4c5cefde6cc4;433.62;1.35036;BUY
2016-04-17T01:20:31.161088;2016-04-17T01:20:31.176550;f45a35b3-2839-4e29-9b30-27574e2397ef;433.59;0.01;SELL
2016-04-17T01:20:31.161316;2016-04-17T01:20:31.192174;09ea2a35-ec6a-4757-891e-8848e3b6057c;433.58;0.01;SELL
2016-04-17T01:20:31.161522;2016-04-17T01:20:31.192174;5591bb36-4d3e-4ba7-b759-e1204b90fa6c;433.54;0.161;SELL
2016-04-17T01:20:31.161680;2016-04-17T01:20:31.192174;37dce079-5819-4f11-a7f8-b8397a16ff39;433.53;0.94387;SELL
2016-04-17T01:21:01.168820;2016-04-17T01:21:01.176572;56214e37-8b3b-4f6b-8aa9-4f87bedc7964;433.62;0.045888;BUY
2016-04-17T01:21:01.169024;2016-04-17T01:21:01.207816;6f004863-4151-4478-861c-6a621461c4ae;433.64;3.71663482;BUY
2016-04-17T01:21:01.169192;2016-04-17T01:21:01.207816;fc9a3099-f889-45bd-8d77-0a2f896437f2;433.65;0.01;BUY
2016-04-17T01:21:01.169352;2016-04-17T01:21:01.207816;0dfcd615-62b6-44e9-ac68-8a0a4b6f2248;433.67;0.01;BUY
2016-04-17T01:21:01.169504;2016-04-17T01:21:01.207816;62cebdd4-4754-4acc-aa01-42ae9ed313aa;433.67;0.16;BUY
2016-04-17T01:21:01.169654;2016-04-17T01:21:01.223439;60eb481e-97fc-4abf-a2a3-bf279cc07abc;433.69;0.01;BUY
2016-04-17T01:21:01.169805;2016-04-17T01:21:01.223439;df62c987-6078-4df7-9324-303311a7de97;433.72;0.01;BUY
2016-04-17T01:21:01.169961;2016-04-17T01:21:01.223439;e44f3677-2e70-462d-8c68-d203aea439e9;433.74;1.44;BUY
2016-04-17T01:21:01.170120;2016-04-17T01:21:01.223439;dd77ea65-eefa-42c7-a780-f4a0a0082389;433.75;0.369;BUY
2016-04-17T01:21:01.170273;2016-04-17T01:21:01.223439;da8d7804-ab11-4f68-af2a-ea9dc624f796;433.75;0.36;BUY
2016-04-17T01:21:01.170424;2016-04-17T01:21:01.223439;207e7b5a-da24-40ae-a590-38b7c65df8b9;433.75;0.29;BUY
2016-04-17T01:21:01.170574;2016-04-17T01:21:01.270315;da51dd47-1d38-46c0-8d41-871095779224;433.76;0.01;BUY
2016-04-17T01:21:01.170725;2016-04-17T01:21:01.285939;62ad946f-480f-4f07-8564-8b1edfca95d9;433.77;1.44;BUY
2016-04-17T01:21:01.170875;2016-04-17T01:21:01.285939;03b86cbb-b9b7-40d8-840d-12e6ed78b53a;433.78;0.01185;BUY
2016-04-17T01:21:01.171051;2016-04-17T01:21:01.285939;15c7a857-9af4-4aae-93e1-9445f0476130;433.79;2.16;BUY
2016-04-17T01:21:01.171207;2016-04-17T01:21:01.285939;5a40a542-33b2-4076-952b-374bd5dfe738;433.8;0.01;BUY
2016-04-17T01:21:01.171357;2016-04-17T01:21:01.285939;18f51f23-b9dc-4eef-848c-53fbeccdfe34;433.8;0.389;BUY
2016-04-17T01:21:01.171492;2016-04-17T01:21:01.285939;66309e53-8ae0-4073-971f-38b47166367d;433.82;1.52019718;BUY
2016-04-17T01:22:01.217329;2016-04-17T01:22:01.223474;21fb4828-475d-4d55-91ad-925527725056;433.74;0.01;BUY
2016-04-17T01:22:01.217531;2016-04-17T01:22:01.239098;ef260a05-638a-4b6c-b392-190e4dbe81ea;433.75;0.45548;BUY
2016-04-17T01:23:01.277504;2016-04-17T01:23:01.286003;31e3db28-4834-4f5d-8b94-94dbe5e92f38;433.75;0.009534;BUY
2016-04-17T01:23:01.277720;2016-04-17T01:23:01.301625;e4c30551-eca6-4afb-b007-889a27b0ca6d;433.8;0.54;BUY
2016-04-17T01:23:01.277883;2016-04-17T01:23:01.301625;09971c37-de7c-498e-a115-6dcbbbcde8cf;433.81;0.451526;BUY
2016-04-17T01:23:31.184230;2016-04-17T01:23:31.192268;915ee90a-9cd7-4f36-bd1f-5792100308fe;433.8;0.01;BUY
2016-04-17T01:23:31.184441;2016-04-17T01:23:31.192268;4ba2540a-d697-4a04-ab91-304e17bca315;433.8;0.17317;BUY
2016-04-17T01:24:08.283824;2016-04-17T01:24:08.323393;727cb9d1-de0b-4084-a597-0eec7405c756;433.8;0.36;BUY
2016-04-17T01:24:08.284062;2016-04-17T01:24:08.339019;20fc2ca5-9054-44e9-a2a0-85bad8b78a0a;433.81;0.357;BUY
2016-04-17T01:24:08.284227;2016-04-17T01:24:08.339019;9ece685c-2ffb-4e49-b7ba-03d60258592a;433.82;0.283;BUY
2016-04-17T01:25:06.697538;2016-04-17T01:25:06.729675;d6606cc1-9337-488f-8aa4-a0440a21ae5a;433.76;0.316;BUY
2016-04-17T01:25:06.697839;2016-04-17T01:25:06.729675;4009d3f8-0e75-4ad4-925f-277ee3016033;433.8;4.68;BUY
2016-04-17T01:25:31.550451;2016-04-17T01:25:31.589070;584e2b16-d87e-45a0-a777-52d760192112;433.81;0.492344;BUY
2016-04-17T01:25:31.550695;2016-04-17T01:25:31.604687;0d8864dc-2236-4f75-9a0e-0d4be6d403bf;433.81;0.311;BUY
2016-04-17T01:25:31.550915;2016-04-17T01:25:31.604687;9a678c77-1eee-409a-98d6-d86863558049;433.83;2.54432596;BUY
2016-04-17T01:25:31.551131;2016-04-17T01:25:31.604687;fce8e2c4-6ab0-4a51-a18f-b4a79ceca2f9;433.83;0.01;BUY
2016-04-17T01:25:31.551359;2016-04-17T01:25:31.604687;0903c720-f226-4525-9cd0-98ae3fd03346;433.83;0.03;BUY
2016-04-17T01:25:31.551562;2016-04-17T01:25:31.698441;659b09b8-41d2-4845-a508-5e2ae72f45fb;433.84;0.01;BUY
2016-04-17T01:25:31.551762;2016-04-17T01:25:31.698441;d683b00a-5db5-4a44-97a9-676855ead8d7;433.84;0.02;BUY
2016-04-17T01:25:31.551963;2016-04-17T01:25:31.698441;2b1088a9-0a18-4678-98a6-185da276b6b1;433.84;0.01;BUY
2016-04-17T01:25:31.552197;2016-04-17T01:25:31.698441;50a13c0a-8c7d-4c6a-8777-86f5d2d8d8fa;433.84;0.2;BUY
2016-04-17T01:25:31.552414;2016-04-17T01:25:31.698441;7a29bda4-4c8d-4380-be73-6b94f7e32fc7;433.85;0.03;BUY
2016-04-17T01:25:31.552625;2016-04-17T01:25:31.698441;06b9cf58-3718-4da5-abe3-597695c32c0d;433.86;0.01;BUY
2016-04-17T01:25:31.552816;2016-04-17T01:25:31.698441;fda110d5-2d4e-4954-95d9-a8e61890d6e2;433.86;0.02563004;BUY
2016-04-17T01:26:01.091723;2016-04-17T01:26:01.120327;5e047052-e95c-430c-9282-dd618ee59223;433.85;0.01;BUY
2016-04-17T01:26:01.091946;2016-04-17T01:26:01.135952;3dbce44c-3045-4c43-a14b-20f1c73e99ec;433.86;0.00436996;BUY
2016-04-17T01:26:01.092154;2016-04-17T01:26:01.151577;9d415b6f-67f2-411e-acfb-2b092df680ae;433.87;0.01;BUY
2016-04-17T01:26:01.092312;2016-04-17T01:26:01.151577;e65b6636-9798-4d73-9151-d5d0e2b08ecf;433.87;0.03;BUY
2016-04-17T01:26:01.092467;2016-04-17T01:26:01.151577;8994b1dc-6b7e-442e-830a-dc97534e618c;433.87;0.03;BUY
2016-04-17T01:26:01.092620;2016-04-17T01:26:01.151577;19215480-e49b-488b-9f61-f0e57de1dea0;433.87;0.077;BUY
2016-04-17T01:26:01.092765;2016-04-17T01:26:01.151577;0fc0631b-4bd6-45dd-b48f-1182d4d65adc;433.88;0.03;BUY
2016-04-17T01:26:01.092900;2016-04-17T01:26:01.151577;4fca4224-9f3e-4f50-928a-2987e05cbad8;433.88;0.00265004;BUY
2016-04-17T01:26:11.540131;2016-04-17T01:26:11.573462;93a9e7d7-7ab4-407b-bde1-d2ffab8167e9;433.88;0.00734996;BUY
2016-04-17T01:26:11.540296;2016-04-17T01:26:11.573462;b6afbd7a-caa0-4de6-9800-548399d6a886;433.88;0.104;BUY
2016-04-17T01:26:11.540465;2016-04-17T01:26:11.589082;c3bebfa6-dd57-4961-934c-8d228b9e8284;433.88;0.29;BUY
2016-04-17T01:26:11.540636;2016-04-17T01:26:11.589082;4b23465d-d881-48ae-99bf-133a567e3a8f;433.89;0.03;BUY
2016-04-17T01:26:11.540792;2016-04-17T01:26:11.589082;177adda8-1b60-457e-b6c6-0c84b3be644a;433.9;0.02001617;BUY
2016-04-17T01:26:11.540956;2016-04-17T01:26:11.604709;62e832dc-1473-4544-bba8-12aa84f350f5;433.9;0.03;BUY
2016-04-17T01:26:11.541116;2016-04-17T01:26:11.604709;d6f819fe-463a-4af1-b3c0-68bf745574e0;433.91;0.02;BUY
2016-04-17T01:26:11.541265;2016-04-17T01:26:11.604709;aa8f0fc5-d529-4b13-8762-23e007047a70;433.91;0.01;BUY
2016-04-17T01:26:11.541412;2016-04-17T01:26:11.604709;b4ff5f37-4fb4-450c-83b1-0c4ff013c2f8;433.91;0.01;BUY
2016-04-17T01:26:11.541548;2016-04-17T01:26:11.620337;74bb5df9-afee-4906-bb02-b19b96af7575;433.91;2.98863387;BUY
2016-04-17T01:26:31.808563;2016-04-17T01:26:31.839102;f3579a77-aac5-4bee-8696-f20b39fab636;433.85;0.01;SELL
2016-04-17T01:26:31.808814;2016-04-17T01:26:31.854724;a15e2528-0892-4bdc-ab7e-bfc4df7521ad;433.83;0.01;SELL
2016-04-17T01:26:31.809031;2016-04-17T01:26:31.854724;4f9652c7-c141-454e-8f2f-689cdadf9327;433.82;0.01;SELL
2016-04-17T01:26:31.809189;2016-04-17T01:26:31.854724;e793f79f-d159-4d29-9830-6fd55659ed13;433.81;0.01;SELL
2016-04-17T01:26:31.809340;2016-04-17T01:26:31.854724;8490851e-cb0a-4598-8e02-2f4e07afa904;433.81;0.0061;SELL
2016-04-17T01:27:01.177088;2016-04-17T01:27:01.214108;dc61f4c1-d6ab-44fe-b8e2-73876f448016;433.88;0.02;BUY
2016-04-17T01:27:01.177311;2016-04-17T01:27:01.229734;e4688935-2ae5-471d-bcc6-137a10cf185d;433.89;0.03;BUY
2016-04-17T01:27:01.177504;2016-04-17T01:27:01.229734;2cbcc4f1-561f-49d8-aaf5-411f603c3570;433.89;0.076;BUY
2016-04-17T01:27:01.177660;2016-04-17T01:27:01.229734;587c4b1f-0405-40d8-922e-18e42bb1dbb1;433.91;0.20037;BUY
2016-04-17T01:27:31.411697;2016-04-17T01:27:31.448495;fc513f7b-6ad7-4725-a59f-3dbcc6d4bc25;433.9;0.24359;BUY
2016-04-17T01:27:57.429759;2016-04-17T01:27:57.464136;b7d2375c-0754-435f-858c-7ba7843d4a55;433.9;0.01;BUY
2016-04-17T01:28:01.320305;2016-04-17T01:28:01.354764;1a1e3234-95a9-4cfa-ae31-b43574622065;433.91;1.33131;BUY
2016-04-17T01:28:31.176008;2016-04-17T01:28:31.198540;0eff72e9-344d-4527-ba94-46749163b3b0;433.91;0.08213;BUY
2016-04-17T01:29:01.129230;2016-04-17T01:29:01.151669;db3b911e-9ac7-4c0e-9091-07ecd9975c90;433.91;0.06714;BUY
2016-04-17T01:29:10.268444;2016-04-17T01:29:10.292304;80a88a65-2cbc-45d4-a8bf-c29bc4db419e;433.91;8.0;BUY
2016-04-17T01:29:47.332697;2016-04-17T01:29:47.354821;d3fe766e-f7d3-4c17-9cfa-3ad7f243ee1d;433.91;0.62908801;BUY
2016-04-17T01:29:58.089036;2016-04-17T01:29:58.104841;1df49db7-d309-4e14-bfe8-f977b13be97e;433.91;0.2189;BUY
2016-04-17T01:30:01.211124;2016-04-17T01:30:01.229833;0972b91d-3745-4fd0-b2b4-2b9b81ec7bcc;433.9;0.01;SELL
2016-04-17T01:30:01.211351;2016-04-17T01:30:01.245454;b03f73ef-8961-402d-99cf-87942c55e2db;433.89;0.01;SELL
2016-04-17T01:30:01.211556;2016-04-17T01:30:01.245454;83800166-efad-44b2-aa77-7debdb7d9793;433.89;0.129;SELL
2016-04-17T01:30:01.211717;2016-04-17T01:30:01.245454;1e5e01d2-4139-413c-bdf9-9499a0037f61;433.88;0.01;SELL
2016-04-17T01:30:01.211885;2016-04-17T01:30:01.261077;c32ab772-c069-40ab-842a-4a6c457e66e4;433.88;0.108;SELL
2016-04-17T01:30:01.212073;2016-04-17T01:30:01.339213;526ed6be-0adb-4161-ab4a-162b44f8f668;433.87;0.01;SELL
2016-04-17T01:30:01.212236;2016-04-17T01:30:01.339213;0183ee5f-a233-430d-b206-a7a8e78f6580;433.86;0.01;SELL
2016-04-17T01:30:01.212399;2016-04-17T01:30:01.339213;d9d4d22d-f998-47e3-997a-7800b85df1ff;433.86;0.16;SELL
2016-04-17T01:30:01.212568;2016-04-17T01:30:01.339213;1c52fa4a-f429-4aaf-a39e-3aff057a9109;433.83;0.075;SELL
2016-04-17T01:30:01.212730;2016-04-17T01:30:01.339213;1e6473b1-e002-4a10-a789-51d56715d530;433.81;0.01;SELL
2016-04-17T01:30:01.212894;2016-04-17T01:30:01.339213;132be03d-a756-4286-8649-38b97215e927;433.78;0.103;SELL
2016-04-17T01:30:01.213069;2016-04-17T01:30:01.339213;83176847-4bf9-4ab0-b5c5-140f8763ef28;433.75;0.29;SELL
2016-04-17T01:30:01.213233;2016-04-17T01:30:01.339213;46606a52-8560-4590-94db-91e1ceb1337b;433.73;0.085;SELL
2016-04-17T01:30:01.213376;2016-04-17T01:30:01.339213;460bb0ad-7649-406e-bac9-d33d5650ae07;433.71;0.39158;SELL
2016-04-17T01:30:31.348567;2016-04-17T01:30:31.370469;ed573d80-0416-4d82-9d10-a8856a4bd180;433.78;0.01;SELL
2016-04-17T01:30:31.348789;2016-04-17T01:30:31.386094;c3c6a6d7-86f8-4743-9b71-ee16392f9012;433.77;0.01;SELL
2016-04-17T01:30:31.348955;2016-04-17T01:30:31.386094;4e18355c-211b-4c75-ae18-9a22243827f3;433.75;0.0722;SELL
2016-04-17T01:31:01.495063;2016-04-17T01:31:01.526734;548cec49-24a7-43fd-aee9-8e745690f1c8;433.81;0.01;SELL
2016-04-17T01:31:01.495312;2016-04-17T01:31:01.526734;04f69855-27ba-4e79-b20f-cca11c135627;433.81;0.03668;SELL
2016-04-17T01:31:31.639150;2016-04-17T01:31:31.667373;12e1c1f4-40e8-4276-9725-a40693245d0b;433.81;0.01;SELL
2016-04-17T01:31:31.639375;2016-04-17T01:31:31.667373;b3ed3968-f4a3-4793-858b-ae32b809707a;433.81;0.094;SELL
2016-04-17T01:31:31.639567;2016-04-17T01:31:31.667373;ef92fa9c-9851-4237-9350-24d0b1497de0;433.8;0.25212;SELL
2016-04-17T01:32:01.259597;2016-04-17T01:32:01.292376;d8c7d57e-4804-431b-85ce-ea7ed666151f;433.83;0.01;BUY
2016-04-17T01:32:01.259816;2016-04-17T01:32:01.292376;d029309f-66c8-45a3-adb1-f721fd797a5f;433.84;0.01;BUY
2016-04-17T01:32:01.260021;2016-04-17T01:32:01.292376;f92362a2-2a99-45d1-80d0-6dd941d611f6;433.85;0.01;BUY
2016-04-17T01:32:01.260175;2016-04-17T01:32:01.292376;d4eecc6b-d983-4ba5-83b1-9c2f69ef0699;433.85;0.29;BUY
2016-04-17T01:32:01.260338;2016-04-17T01:32:01.292376;6e8d6205-5e2c-48ac-98c3-cb515bfc6095;433.88;0.1;BUY
2016-04-17T01:32:01.260481;2016-04-17T01:32:01.292376;173f510b-c97f-460f-8cfc-a7c9b3ae9525;433.89;0.01;BUY
2016-04-17T01:32:01.260628;2016-04-17T01:32:01.292376;888c5b38-f275-4dae-ac17-60f1f9bdec51;433.89;0.29;BUY
2016-04-17T01:32:01.260793;2016-04-17T01:32:01.292376;028bf662-1e1c-4a59-a93a-e9dd66e504a5;433.89;0.29;BUY
2016-04-17T01:32:01.260954;2016-04-17T01:32:01.308013;bd05aff7-cf8d-4f23-8992-77549c0a7a82;433.9;0.01;BUY
2016-04-17T01:32:01.261111;2016-04-17T01:32:01.323641;dc9deacb-c947-46e2-a00a-32e2664aa31c;433.9;0.02;BUY
2016-04-17T01:32:01.261256;2016-04-17T01:32:01.323641;50e10638-62df-4eb9-bb07-16f64a28985c;433.9;0.10097;BUY
2016-04-17T01:32:31.216897;2016-04-17T01:32:31.245495;5407ab38-f3dd-49bf-8bf4-3753d85953f3;433.85;0.01;SELL
2016-04-17T01:32:31.217229;2016-04-17T01:32:31.245495;075bb25d-10a7-4a6d-8d35-477e8908d58d;433.84;0.01;SELL
2016-04-17T01:32:31.217500;2016-04-17T01:32:31.261161;8f27f5a5-5365-48d0-8b57-01a9979a5fbb;433.82;0.01;SELL
2016-04-17T01:32:31.217749;2016-04-17T01:32:31.261161;b086adaf-7908-4459-87e3-bda2a791c441;433.81;0.01;SELL
2016-04-17T01:32:31.218007;2016-04-17T01:32:31.261161;d7c7dc12-4b60-4da8-b11d-f986f6f3623e;433.8;0.04788;SELL
2016-04-17T01:32:31.218214;2016-04-17T01:32:31.339277;fb302480-a4cc-4262-98b5-6fcda7809042;433.77;0.01;SELL
2016-04-17T01:32:31.218426;2016-04-17T01:32:31.339277;e3fee6b5-7759-4015-81ce-27c7a5f3b033;433.77;0.29;SELL
2016-04-17T01:32:31.218641;2016-04-17T01:32:31.339277;4430d4a2-e848-4caf-a105-8516c9b83f09;433.73;0.01;SELL
2016-04-17T01:32:31.218871;2016-04-17T01:32:31.339277;ca773caa-bcd5-43fc-887c-80b6206cd3c6;433.73;0.082;SELL
2016-04-17T01:32:31.219156;2016-04-17T01:32:31.339277;49b0ef17-cd7c-44e0-8b22-f79af7fd9f32;433.7;0.01;SELL
2016-04-17T01:32:31.219379;2016-04-17T01:32:31.339277;f0231214-4b93-4500-b854-bb8bcada1d06;433.68;0.54;SELL
2016-04-17T01:32:31.219581;2016-04-17T01:32:31.339277;72e1fe37-1c0a-4f3a-ae92-99b6ea35128e;433.67;0.01;SELL
2016-04-17T01:32:31.219792;2016-04-17T01:32:31.339277;13cb0f08-9d62-4ebd-a512-20339e865936;433.67;0.096;SELL
2016-04-17T01:32:31.220038;2016-04-17T01:32:31.339277;885c6575-f4af-4c89-b16a-776bdaf70d51;433.67;0.54;SELL
2016-04-17T01:32:31.220266;2016-04-17T01:32:31.339277;13efce7c-c0cc-416b-ac33-0cb5ef7ed978;433.66;0.01;SELL
2016-04-17T01:32:31.220460;2016-04-17T01:32:31.339277;1a018b3a-b505-47af-99ac-c291e3545ad5;433.63;0.39326;SELL
2016-04-17T01:33:01.829543;2016-04-17T01:33:01.870545;921b4a34-cc79-44b9-a9e2-b4d79e58829a;433.81;0.01;SELL
2016-04-17T01:33:01.829771;2016-04-17T01:33:01.870545;6ec63b38-9d01-45e2-9399-ef8acce072e4;433.81;0.095;SELL
2016-04-17T01:33:01.829967;2016-04-17T01:33:01.870545;4be3a24a-9b6c-41c7-8e79-b18ac912f070;433.8;0.01;SELL
2016-04-17T01:33:01.830158;2016-04-17T01:33:01.870545;66703dcc-408d-4896-8dd2-c1af63a59de1;433.79;0.16;SELL
2016-04-17T01:33:01.830306;2016-04-17T01:33:01.886176;49eba494-5cfe-4632-a5e9-a0ef1a9150a5;433.77;0.0141;SELL
2016-04-17T01:34:01.493963;2016-04-17T01:34:01.511199;f930cd56-dba0-4060-875e-a543189d205b;433.8;0.01;SELL
2016-04-17T01:34:01.494221;2016-04-17T01:34:01.542449;569e5552-5604-4416-b515-4c0cc27fc56a;433.8;0.081;SELL
2016-04-17T01:34:01.494414;2016-04-17T01:34:01.542449;0ed40c77-91de-4832-80a7-d7e7feee914e;433.79;0.01;SELL
2016-04-17T01:34:01.494585;2016-04-17T01:34:01.542449;61462567-5ae2-475d-bd94-9e7a194ea903;433.78;0.01;SELL
2016-04-17T01:34:01.494747;2016-04-17T01:34:01.542449;a748f796-4157-4cff-94b7-5a16dbef04d3;433.75;0.074;SELL
2016-04-17T01:34:01.494915;2016-04-17T01:34:01.542449;62818038-ac8d-4b0a-be8a-4e88a63d2781;433.75;0.29;SELL
2016-04-17T01:34:01.495096;2016-04-17T01:34:01.542449;078d52da-1011-4121-a8f3-a74065618bce;433.7;0.111;SELL
2016-04-17T01:34:01.495273;2016-04-17T01:34:01.558079;ea34aa45-3d4e-461e-acaf-f9c732a41078;433.66;0.01;SELL
2016-04-17T01:34:01.495410;2016-04-17T01:34:01.558079;466110ce-c7a0-4dd6-b8b2-63545e054a38;433.65;0.09841;SELL
2016-04-17T01:34:31.267232;2016-04-17T01:34:31.276844;198988dc-f682-43a0-afe5-76e6f0a1fb88;433.74;0.321;BUY
2016-04-17T01:34:31.267489;2016-04-17T01:34:31.276844;c4f2d5a7-df20-4864-af1e-10950c21094e;433.76;3.73604;BUY
2016-04-17T01:35:01.486659;2016-04-17T01:35:01.511230;c4ae8772-648d-4d95-b55c-47cb9e5ed497;433.78;0.337;BUY
2016-04-17T01:35:01.486912;2016-04-17T01:35:01.511230;bb62045a-fc3b-4711-bfb7-f002febb1db2;433.79;2.81676;BUY
2016-04-17T01:35:31.449912;2016-04-17T01:35:31.464371;856c2c0e-aecf-40f1-8112-ea8de7a388ef;433.81;0.298;BUY
2016-04-17T01:35:31.450155;2016-04-17T01:35:31.464371;8438858d-de15-4dfe-b223-a557b534a160;433.82;1.98;BUY
2016-04-17T01:35:31.450355;2016-04-17T01:35:31.479996;57a2ece0-a3eb-496a-91bb-28803cf659ab;433.82;1.8;BUY
2016-04-17T01:35:31.450522;2016-04-17T01:35:31.479996;96f04f1a-064b-4f4d-b8ed-77e2d08c283d;433.83;0.03;BUY
2016-04-17T01:35:31.450675;2016-04-17T01:35:31.479996;8fafea12-066a-4132-9343-24f0fb4637b4;433.84;0.18;BUY
2016-04-17T01:35:31.450850;2016-04-17T01:35:31.479996;def584de-2053-4fba-9c8e-3b0eb16f82c1;433.84;1.8;BUY
2016-04-17T01:35:31.451019;2016-04-17T01:35:31.495624;a60259e6-cb2c-410f-a7ff-3565bcd44063;433.84;0.62888;BUY
2016-04-17T01:36:01.495915;2016-04-17T01:36:01.495643;edc9fbfb-078f-436c-873f-326701e6bd2a;433.84;0.60269;BUY
2016-04-17T01:36:31.287059;2016-04-17T01:36:31.308150;1444a364-b657-457c-9465-dbaa36bb32dc;433.87;0.01;BUY
2016-04-17T01:36:31.287289;2016-04-17T01:36:31.308150;0be2934e-5f37-4ef8-ba2b-9a99056ccc30;433.87;0.262;BUY
2016-04-17T01:36:31.287494;2016-04-17T01:36:31.308150;5bdf8637-a88c-4a19-be3f-b4ec9a91a61d;433.88;0.03;BUY
2016-04-17T01:36:31.287655;2016-04-17T01:36:31.323778;28fe1d0d-24f5-4b24-a647-0b5fef6a19a3;433.88;0.02;BUY
2016-04-17T01:36:31.287802;2016-04-17T01:36:31.323778;ff8043f9-defb-4f83-b031-90f5009038ce;433.88;1.13444;BUY
2016-04-17T01:37:31.243508;2016-04-17T01:37:31.245683;129dea8f-aa65-4d7c-b623-9380e0cd9c19;433.84;0.01;SELL
2016-04-17T01:37:31.243745;2016-04-17T01:37:31.261305;b677a6f4-0ceb-4377-ab93-3d7ffeed7a32;433.84;0.00419;SELL
2016-04-17T01:38:02.524325;2016-04-17T01:38:02.526950;800a5540-0078-4fc9-adad-a7115e39cced;433.87;0.01;BUY
2016-04-17T01:38:02.524567;2016-04-17T01:38:02.542572;e02a3652-c7c1-4b4d-9162-3aac194a07c3;433.88;0.02;BUY
2016-04-17T01:38:02.524760;2016-04-17T01:38:02.542572;bf5e1402-9f77-495d-be7b-174853664a7d;433.89;0.01;BUY
2016-04-17T01:38:02.524915;2016-04-17T01:38:02.542572;f9eb57f1-453e-4953-84af-1fb37b136420;433.9;1.37631;BUY
2016-04-17T01:38:31.202444;2016-04-17T01:38:31.198835;f3d5db42-d80c-4fc2-b6a5-ee3076288388;433.88;0.02;BUY
2016-04-17T01:38:31.202606;2016-04-17T01:38:31.230090;8ef92ac9-8984-4b3d-804f-7c93759df7f1;433.9;0.01423;BUY
2016-04-17T01:39:01.173347;2016-04-17T01:39:01.225738;cf9c9fab-47e2-4ee3-8a99-27f9b6f2a78e;433.88;0.02;BUY
2016-04-17T01:39:01.173555;2016-04-17T01:39:01.256984;361d9e57-57a1-434d-b983-f97e1ed97dcb;433.9;0.20819;BUY
2016-04-17T01:40:05.350086;2016-04-17T01:40:05.428895;6f82dec2-c952-48f9-8bcf-ec04998630a4;433.89;0.01;SELL
2016-04-17T01:40:05.350447;2016-04-17T01:40:05.428895;2c3d1153-dd4d-4f3d-8d8b-647776cc67c4;433.88;0.01;SELL
2016-04-17T01:40:05.350737;2016-04-17T01:40:05.428895;8ce07123-d401-4556-be69-68f2db5292a8;433.87;0.01;SELL
2016-04-17T01:40:05.350944;2016-04-17T01:40:05.444521;05dd8e12-c1f0-4577-998c-6dc4950b155c;433.86;0.01;SELL
2016-04-17T01:40:05.351182;2016-04-17T01:40:05.444521;051f0789-94d4-4ae1-a54c-ecedd9087c97;433.86;0.115;SELL
2016-04-17T01:40:05.351383;2016-04-17T01:40:05.444521;d0b77bca-a043-4a0a-a9d8-c39b792cf593;433.85;0.01;SELL
2016-04-17T01:40:05.351632;2016-04-17T01:40:05.444521;5f74328c-37ca-442c-8593-8aac69561020;433.83;0.01;SELL
2016-04-17T01:40:05.351817;2016-04-17T01:40:05.444521;751842fc-12d3-4afa-a9cc-d42c1294823f;433.82;0.01;SELL
2016-04-17T01:40:05.352017;2016-04-17T01:40:05.460144;e1730024-220f-48bd-a9ba-1a76a27d4aa3;433.81;0.01;SELL
2016-04-17T01:40:05.352172;2016-04-17T01:40:05.460144;977de548-0034-4540-882e-f0cb3713e54c;433.8;0.01;SELL
2016-04-17T01:40:05.352319;2016-04-17T01:40:05.460144;19c329e0-11ef-4294-a8ba-ff5b3e6cb409;433.8;0.29;SELL
2016-04-17T01:40:05.352476;2016-04-17T01:40:05.460144;beb9b289-6745-43ef-8805-5bd806f2f888;433.8;0.18;SELL
2016-04-17T01:40:05.352645;2016-04-17T01:40:05.460144;20594175-bc65-46a0-819b-2b0d255c57f3;433.79;0.01;SELL
2016-04-17T01:40:05.352807;2016-04-17T01:40:05.460144;e94b45ff-aafe-428b-aaed-9136187c136f;433.76;0.01;SELL
2016-04-17T01:40:05.352989;2016-04-17T01:40:05.475772;c7c1c16b-7295-4c19-bdfb-ab51ba9d6b43;433.76;0.102;SELL
2016-04-17T01:40:05.353150;2016-04-17T01:40:05.475772;7dcf9953-7daa-4f6a-a2d3-a94a790d1121;433.74;0.01;SELL
2016-04-17T01:40:05.353295;2016-04-17T01:40:05.475772;66f76224-b2c4-46aa-9afa-a3a501fd0ea3;433.71;0.465057;SELL
2016-04-17T01:40:05.353455;2016-04-17T01:40:05.475772;d5a0664c-1c8e-473c-8917-13cc562a9fe6;433.71;0.076;SELL
2016-04-17T01:40:05.353683;2016-04-17T01:40:05.475772;bf553011-fc04-4247-af50-ba3b25348f98;433.7;0.01;SELL
2016-04-17T01:40:05.353893;2016-04-17T01:40:05.475772;faafe38a-637d-4341-8fc9-33bfadf9284f;433.69;0.01;SELL
2016-04-17T01:40:05.354077;2016-04-17T01:40:05.491397;2e9dda12-b5ac-41b4-a28d-aad2419d4ed7;433.66;0.091;SELL
2016-04-17T01:40:05.354277;2016-04-17T01:40:05.491397;10e6c28c-c6f0-457f-a162-4f7f0121c930;433.65;0.01;SELL
2016-04-17T01:40:05.354416;2016-04-17T01:40:05.491397;96f09a8e-65fe-44b7-b5c3-3a2ea4baa16b;433.61;0.050793;SELL
2016-04-17T01:40:31.249130;2016-04-17T01:40:31.303911;9ee0d329-6020-47dd-8d1c-4b16953e491c;433.77;0.0454;BUY
2016-04-17T01:41:31.312241;2016-04-17T01:41:31.366440;5e0355c7-d133-4e7a-b73a-21fbb6e34461;433.75;0.01;SELL
2016-04-17T01:41:31.312487;2016-04-17T01:41:31.382064;3785830f-a6e9-457a-bef2-3a9657c66976;433.74;0.01;SELL
2016-04-17T01:41:31.312694;2016-04-17T01:41:31.382064;ac59d326-d9c9-45d4-a4af-a41965559683;433.74;0.109;SELL
2016-04-17T01:41:31.312873;2016-04-17T01:41:31.382064;c5cb764b-fb3d-4c8d-8ccc-0d9396856d69;433.73;0.01;SELL
2016-04-17T01:41:31.313069;2016-04-17T01:41:31.382064;49357d47-d792-49bc-b09e-8c7ce2516b5a;433.72;0.01;SELL
2016-04-17T01:41:31.313239;2016-04-17T01:41:31.397690;0e83048b-baa8-4fd9-a7d0-a9441f075430;433.71;0.01;SELL
2016-04-17T01:41:31.313413;2016-04-17T01:41:31.397690;2ba83faf-eebb-4417-9f73-6d9a0c9ffee2;433.69;0.01185;SELL
2016-04-17T01:41:31.313565;2016-04-17T01:41:31.397690;64c22629-ba63-44c1-a66a-9f67eb0aac6a;433.69;0.0563;SELL
2016-04-17T01:42:01.278565;2016-04-17T01:42:01.335204;b85a8274-89db-491d-a751-18417905b92d;433.77;0.01;BUY
2016-04-17T01:42:01.278783;2016-04-17T01:42:01.335204;81133e17-9226-49e0-bc0c-d220b4b1d800;433.78;0.01;BUY
2016-04-17T01:42:01.278969;2016-04-17T01:42:01.350830;3bb2aa14-8171-4b18-8834-4618c4ee2c2e;433.79;0.57269;BUY
2016-04-17T01:42:31.547895;2016-04-17T01:42:31.600843;7c463ed8-6085-4002-ae6e-470d2c634c89;433.84;0.01;BUY
2016-04-17T01:42:31.548139;2016-04-17T01:42:31.616467;3782ae89-5213-466b-809c-b86fb37f3393;433.84;0.25083;BUY
2016-04-17T01:43:04.218846;2016-04-17T01:43:04.272714;68b851e5-cad1-4979-a253-0b74ce634df0;433.75;0.01;SELL
2016-04-17T01:43:04.219124;2016-04-17T01:43:04.288366;592b000f-4457-45de-974f-d070a2a91d82;433.75;0.094;SELL
2016-04-17T01:43:04.219333;2016-04-17T01:43:04.288366;b08f978d-1123-448e-8443-b1096dea3781;433.74;0.01;SELL
2016-04-17T01:43:04.219509;2016-04-17T01:43:04.288366;934b33c0-d55b-4660-bad6-646adeaa0cdb;433.73;0.01;SELL
2016-04-17T01:43:04.219686;2016-04-17T01:43:04.335235;46ce03e0-403c-462b-bfe4-90c136db2c24;433.72;0.01;SELL
2016-04-17T01:43:04.219858;2016-04-17T01:43:04.335235;d7e68b94-823d-4c35-b490-eaf845397528;433.71;0.01;SELL
2016-04-17T01:43:04.220040;2016-04-17T01:43:04.335235;7f0c73f5-764c-4e09-91de-26596ec6f45c;433.7;0.01;SELL
2016-04-17T01:43:04.220223;2016-04-17T01:43:04.335235;c6fb11e7-7651-43e0-98a6-cc96c5fae920;433.7;0.073;SELL
2016-04-17T01:43:04.220396;2016-04-17T01:43:04.335235;93431a5c-0080-4d5b-8959-e0d6931b7929;433.68;0.54;SELL
2016-04-17T01:43:04.220567;2016-04-17T01:43:04.335235;b0a75786-480e-4144-93d0-30c022b4d45e;433.67;0.01;SELL
2016-04-17T01:43:04.220735;2016-04-17T01:43:04.335235;f331c202-4d5d-413b-b0f3-a6f5bf4b7f85;433.66;1.62;SELL
2016-04-17T01:43:04.220892;2016-04-17T01:43:04.335235;6ddbb844-44db-4f8c-ad82-e8d7afc3f93f;433.65;0.01;SELL
2016-04-17T01:43:04.221077;2016-04-17T01:43:04.335235;51798595-bad3-46c7-b7c7-dbe5a49a7014;433.65;0.115;SELL
2016-04-17T01:43:04.221231;2016-04-17T01:43:04.335235;e8002632-e5bd-4e35-baf5-2dea70110203;433.6;4.27678;SELL
2016-04-17T01:43:31.275218;2016-04-17T01:43:31.319624;5919c115-d16e-4334-bc18-f5bcf49fe27c;433.75;0.32176;BUY
2016-04-17T01:44:01.256989;2016-04-17T01:44:01.304025;ac6f7e3f-73fb-41c9-a831-5dc29efa7cf5;433.78;0.02502;BUY
2016-04-17T01:44:31.350432;2016-04-17T01:44:31.413405;d3b7cdb0-9a9c-470c-9eda-c87ac053daf3;433.71;0.01;SELL
2016-04-17T01:44:31.350812;2016-04-17T01:44:31.413405;464de7a0-32d0-42a8-a656-12954a971629;433.71;0.092;SELL
2016-04-17T01:44:31.351032;2016-04-17T01:44:31.413405;b7b4d7e0-9d45-463c-bc49-5e7217cd12ea;433.7;0.01;SELL
2016-04-17T01:44:31.351345;2016-04-17T01:44:31.429030;7683a870-d0ea-4c4e-a100-156e995358a1;433.68;0.01;SELL
2016-04-17T01:44:31.351533;2016-04-17T01:44:31.429030;6e918bc8-a285-4429-9f97-881ad5c739e6;433.66;0.01;SELL
2016-04-17T01:44:31.351733;2016-04-17T01:44:31.429030;c557a4f2-e29d-4e3c-9270-9275bf578a1b;433.64;0.11;SELL
2016-04-17T01:44:31.351916;2016-04-17T01:44:31.429030;271c8aaa-6793-4b66-adfb-8c810b632ff2;433.63;0.116;SELL
2016-04-17T01:44:31.352102;2016-04-17T01:44:31.429030;ffd68a39-160e-430c-aa30-4a628c45d722;433.59;0.9;SELL
2016-04-17T01:44:31.352534;2016-04-17T01:44:31.444657;4df5124b-e06f-4504-8477-bd0c4d7b7802;433.58;0.01;SELL
2016-04-17T01:44:31.352721;2016-04-17T01:44:31.444657;2c4d6e96-fb1c-4cfb-bd81-ea5707b214ac;433.58;0.116;SELL
2016-04-17T01:44:31.352874;2016-04-17T01:44:31.444657;b277946d-ef54-4326-8a02-63abd3887dfa;433.54;0.78687;SELL
2016-04-17T01:45:31.413435;2016-04-17T01:45:31.460323;754bf1d8-3a05-45f9-b856-c93933f1711d;433.69;0.02;BUY
2016-04-17T01:45:31.413677;2016-04-17T01:45:31.475942;cd6a8cdd-f86f-4431-8c4c-4140d5e84dd8;433.7;0.01;BUY
2016-04-17T01:45:31.413863;2016-04-17T01:45:31.475942;9c30dd10-a2d6-4ee8-b928-bc0359999fc2;433.7;0.19;BUY
2016-04-17T01:45:31.414044;2016-04-17T01:45:31.475942;4350634b-7a97-45b3-a956-13eeb6cd37c5;433.74;0.077;BUY
2016-04-17T01:45:31.414205;2016-04-17T01:45:31.491563;6c4faf55-65c8-4852-a84f-b803f28fb88a;433.75;0.116;BUY
2016-04-17T01:45:31.414357;2016-04-17T01:45:31.491563;2db10c85-d001-49df-8d64-746a8cea134f;433.76;0.18;BUY
2016-04-17T01:45:31.414502;2016-04-17T01:45:31.491563;e7fa2eed-8b9a-4453-9672-f2865b47d458;433.77;0.9;BUY
2016-04-17T01:45:31.414655;2016-04-17T01:45:31.491563;851fb621-9829-4191-aeb2-43e4795e95e8;433.77;0.29;BUY
2016-04-17T01:45:31.414812;2016-04-17T01:45:31.491563;1b6f8dae-c32f-435d-8e20-bbbae1f47a43;433.77;0.72;BUY
2016-04-17T01:45:31.414965;2016-04-17T01:45:31.491563;3d894c9e-4854-4c86-87c5-d4980904dc49;433.78;0.02;BUY
2016-04-17T01:45:31.415124;2016-04-17T01:45:31.491563;2d86c417-d322-4cae-b4ed-3e206c1ced46;433.78;3.461;BUY
2016-04-17T01:45:31.415281;2016-04-17T01:45:31.507197;fc417ae3-f174-400c-ad06-9310ea5df5bb;433.78;0.29;BUY
2016-04-17T01:45:31.415434;2016-04-17T01:45:31.507197;81622807-0899-4c20-82cd-802518e933ee;433.79;0.03;BUY
2016-04-17T01:45:31.415574;2016-04-17T01:45:31.507197;9ef3b60e-580f-4551-a500-5016e0ce0b6f;433.8;0.03;BUY
2016-04-17T01:45:31.415732;2016-04-17T01:45:31.507197;0601794b-b23c-4d42-9ddf-71394e8d2da9;433.8;0.086;BUY
2016-04-17T01:45:31.415880;2016-04-17T01:45:31.507197;68c1f44f-fc19-40a4-9cf9-9fdc39d28296;433.83;1.65038;BUY
2016-04-17T01:46:01.417467;2016-04-17T01:46:01.460344;b551896d-c1a9-4c45-b4a7-add667f9a23f;433.68;0.01;SELL
2016-04-17T01:46:01.417707;2016-04-17T01:46:01.475951;97447854-b26b-4986-b85f-4bf316ea3f83;433.67;0.01;SELL
2016-04-17T01:46:01.417907;2016-04-17T01:46:01.475951;51014364-54e5-4f55-9c82-58bdd80ac595;433.67;0.118;SELL
2016-04-17T01:46:01.418076;2016-04-17T01:46:01.475951;04f43a2d-1d68-40a8-b342-7bd145034c3a;433.66;0.01;SELL
2016-04-17T01:46:01.418234;2016-04-17T01:46:01.491577;c1e91017-c3b6-4a01-aa2d-0433a87a81f1;433.66;0.22;SELL
2016-04-17T01:46:01.418381;2016-04-17T01:46:01.491577;45477ceb-c793-41e0-8861-3b823d6ea457;433.65;0.103;SELL
2016-04-17T01:46:01.418551;2016-04-17T01:46:01.491577;3ee2fc9b-a2a5-407d-a923-93426baf7b27;433.65;0.29;SELL
2016-04-17T01:46:01.418712;2016-04-17T01:46:01.491577;7e6c05c6-8923-4e7e-a2e2-4b6bbb58a7a2;433.6;0.01;SELL
2016-04-17T01:46:01.418868;2016-04-17T01:46:01.491577;898799c9-eb62-4791-96e3-9658a160a0bc;433.6;0.128;SELL
2016-04-17T01:46:01.419042;2016-04-17T01:46:01.491577;317431b3-9029-45ae-93ba-f40b804cb841;433.6;0.29;SELL
2016-04-17T01:46:01.419199;2016-04-17T01:46:01.507203;df889ecf-89af-4bd5-98d2-f0b6644484fa;433.56;0.29;SELL
2016-04-17T01:46:01.419346;2016-04-17T01:46:01.507203;1f6e9bfa-a524-4121-b820-ede69dee1ab3;433.55;0.01;SELL
2016-04-17T01:46:01.419501;2016-04-17T01:46:01.507203;3beac9bd-b479-480d-a94a-567905319d0f;433.55;0.115;SELL
2016-04-17T01:46:01.419675;2016-04-17T01:46:01.522827;ec802bc5-1940-448e-859a-2062ddbd8a45;433.54;1.08;SELL
2016-04-17T01:46:01.419838;2016-04-17T01:46:01.522827;c38d2a1a-5076-4ab3-89ac-f5db08b09346;433.53;1.774709;SELL
2016-04-17T01:46:01.419990;2016-04-17T01:46:01.522827;77e385a5-442c-4044-b520-0a2ed33fe9d6;433.53;0.007281;SELL
2016-04-17T01:46:31.244256;2016-04-17T01:46:31.288466;0946859d-d3b7-4c33-83a8-585a620ffb36;433.73;0.03;BUY
2016-04-17T01:46:31.244449;2016-04-17T01:46:31.304092;22b4d364-ef42-4658-a3c9-23653af035b1;433.76;0.29;BUY
2016-04-17T01:46:31.244623;2016-04-17T01:46:31.304092;6f211470-935b-4350-a485-f03e0dfa673e;433.79;1.01475;BUY
2016-04-17T01:47:01.585827;2016-04-17T01:47:01.647871;a65e6e69-6172-4105-a765-501b44b7969f;433.7;0.03358;SELL
2016-04-17T01:47:31.480469;2016-04-17T01:47:31.538500;38111057-4790-4634-8519-06050eb32d10;433.81;0.025;BUY
2016-04-17T01:47:31.480711;2016-04-17T01:47:31.538500;cff95d5e-b9d0-4547-a019-07dfe0a6c5ba;433.82;0.01;BUY
2016-04-17T01:47:31.480901;2016-04-17T01:47:31.538500;a91add3a-338c-4991-a722-4a407348f461;433.84;0.01;BUY
2016-04-17T01:47:31.481080;2016-04-17T01:47:31.554123;f813cc68-cf55-4ab7-8de3-7f304c63a642;433.85;0.01185;BUY
2016-04-17T01:47:31.481239;2016-04-17T01:47:31.554123;bfda71e4-fc35-444b-9e6e-bda576981221;433.86;0.01;BUY
2016-04-17T01:47:31.481412;2016-04-17T01:47:31.554123;cbe1eb18-914e-4ae2-a36f-77d76cae1b52;433.86;0.465057;BUY
2016-04-17T01:47:31.481575;2016-04-17T01:47:31.554123;ecb96f40-f306-451d-85a0-46b71c7b2993;433.88;0.27;BUY
2016-04-17T01:47:31.481732;2016-04-17T01:47:31.554123;a08c4a40-124e-48b6-a9a2-99063447027d;433.9;2.8003;BUY
2016-04-17T01:47:31.481885;2016-04-17T01:47:31.554123;96c7b064-44c0-40e7-a04c-5ac1d74ac4bb;433.9;0.01;BUY
2016-04-17T01:47:31.482053;2016-04-17T01:47:31.554123;d978c4a6-f076-42c8-a5f3-4cf94222df47;433.9;0.29;BUY
2016-04-17T01:47:31.482200;2016-04-17T01:47:31.554123;dff344c2-85af-483f-9f2e-c0d3c3ac7c72;433.91;1.330503;BUY
2016-04-17T01:48:03.350140;2016-04-17T01:48:03.382265;ac2891f0-e5a1-452d-b0f5-7a7455fbef99;433.89;0.01;BUY
2016-04-17T01:48:03.350331;2016-04-17T01:48:03.397892;ebce6299-9676-4514-861e-9f9072f2eff9;433.89;0.325;BUY
2016-04-17T01:48:03.350471;2016-04-17T01:48:03.397892;70feaa0f-eec2-4ffd-9f77-c633379e9577;433.91;1.95621;BUY
2016-04-17T01:48:31.236143;2016-04-17T01:48:31.272908;845aab19-3583-4cfb-8ed0-2f49bdbba2d0;433.89;0.321;BUY
2016-04-17T01:48:31.236441;2016-04-17T01:48:31.288484;d81610cf-6bf8-43b0-8fd7-89ce3c9a1b87;433.9;0.31792;BUY
2016-04-17T01:48:52.070700;2016-04-17T01:48:52.101040;c8660a36-b351-4b2a-9725-82269968aabb;433.89;0.05;BUY
2016-04-17T01:49:01.530114;2016-04-17T01:49:01.569799;0d72ccd1-f02c-41be-9ed0-cc8f847f619e;433.86;0.01;SELL
2016-04-17T01:49:01.530338;2016-04-17T01:49:01.585422;62f64bc0-2d58-4a22-bdcd-8abe188548c6;433.85;0.01;SELL
2016-04-17T01:49:01.530526;2016-04-17T01:49:01.585422;3bac3131-ed0a-4f24-a0e3-44748c9be689;433.85;0.15;SELL
2016-04-17T01:49:01.530699;2016-04-17T01:49:01.585422;e5657e46-8c8e-461b-90bc-3225247e0f06;433.84;0.01;SELL
2016-04-17T01:49:01.530864;2016-04-17T01:49:01.585422;71f3924c-1e6c-40a9-9f3e-e4072e723b61;433.83;0.01;SELL
2016-04-17T01:49:01.531036;2016-04-17T01:49:01.647931;54a35142-f942-4657-afde-b38f88b7260d;433.82;0.01;SELL
2016-04-17T01:49:01.531208;2016-04-17T01:49:01.647931;66fc5003-868a-4838-b3b3-010adbc5c2bc;433.79;0.129;SELL
2016-04-17T01:49:01.531375;2016-04-17T01:49:01.647931;3a3dd8a0-6932-4223-bd09-3b9a508e0550;433.77;0.29;SELL
2016-04-17T01:49:01.531529;2016-04-17T01:49:01.647931;b5772b84-f6da-416c-85ab-a705330cfcd7;433.72;0.01;SELL
2016-04-17T01:49:01.531691;2016-04-17T01:49:01.679172;67c2c140-69d0-4318-8c43-925fcdad2203;433.72;0.01;SELL
2016-04-17T01:49:01.531851;2016-04-17T01:49:01.679172;6d7b963a-ede5-4de1-bef1-8b35a12951d7;433.71;0.082;SELL
2016-04-17T01:49:01.532024;2016-04-17T01:49:01.679172;ba978ad4-d152-41d9-9e1c-ae6c4a7ca0ba;433.66;0.082;SELL
2016-04-17T01:49:01.532216;2016-04-17T01:49:01.679172;04be9913-e2b0-44f8-91c0-62528f484018;433.66;0.18;SELL
2016-04-17T01:49:01.532369;2016-04-17T01:49:01.679172;3102a1bb-7817-4c1a-bc39-289c0f093b96;433.65;0.01;SELL
