time_exchange;time_coinpai;guid;price;base_amount;taker_side
2016-04-17T00:00:07.000000;2016-04-17T00:00:07.182766;3b587407-40f2-4bb7-bd66-d49d5a9b889d;432.52;0.133;BUY
2016-04-17T00:00:07.000000;2016-04-17T00:00:07.182766;1230a7f9-2eb2-4b87-ac7c-d6729d6d8209;432.52;0.133;BUY
2016-04-17T00:02:32.000000;2016-04-17T00:02:32.236266;0f69e51a-d088-46f5-8192-1d38a3891bc7;432.05;0.05787156;SELL
2016-04-17T00:02:56.000000;2016-04-17T00:02:56.417683;7bd82224-edf6-446b-9fa1-c88335ff64bd;432.41;0.25;BUY
2016-04-17T00:03:46.000000;2016-04-17T00:03:46.192683;6cced1ef-54f6-4035-a045-19b12f7efa69;432.53;3.0;BUY
2016-04-17T00:06:26.000000;2016-04-17T00:06:26.974742;7d98c1be-eeb9-4e48-86b0-f3bb17e92061;432.05;0.08388911;SELL
2016-04-17T00:06:27.000000;2016-04-17T00:06:27.841850;0210466e-db47-4cc8-b424-3383b5536495;432.05;0.08389887;SELL
2016-04-17T00:06:28.000000;2016-04-17T00:06:28.640906;b1fef7e8-e2a8-43eb-baa3-51ee8928492e;432.05;0.0838901;SELL
2016-04-17T00:06:28.000000;2016-04-17T00:06:28.785924;ed35416a-cb45-4dcb-a29d-4ef1c43f2134;432.05;0.08388911;SELL
2016-04-17T00:06:55.000000;2016-04-17T00:06:55.657606;a8d5854a-836d-4ee9-a67f-209cd88f7f92;432.05;0.11595926;SELL
2016-04-17T00:07:03.000000;2016-04-17T00:07:03.769431;cb1a02e3-9c0a-41c1-948a-24976351f384;432.51;0.02315271;BUY
2016-04-17T00:07:03.000000;2016-04-17T00:07:03.785476;150ba563-fc66-4eb5-a5d1-de643701a143;432.51;0.08388911;BUY
2016-04-17T00:07:03.000000;2016-04-17T00:07:03.797440;9f96bb29-7d99-404f-bb8c-95ac3d95c2dd;432.51;0.25779777;BUY
2016-04-17T00:07:03.000000;2016-04-17T00:07:03.825437;955a7f86-c42f-4403-88f1-0b5ec7ae55ef;432.52;1.63516041;BUY
2016-04-17T00:07:12.000000;2016-04-17T00:07:12.293271;2461728c-f16e-486d-bdef-4ed69992930e;432.05;0.49862483;SELL
2016-04-17T00:07:54.000000;2016-04-17T00:07:54.850514;08149a6a-40a3-4aa6-89ce-2862430bed42;432.16;0.08417944;SELL
2016-04-17T00:08:12.000000;2016-04-17T00:08:12.189268;1b9111e7-8c69-46a8-a1ff-82c95ebfa1cb;432.55;0.26465011;BUY
2016-04-17T00:08:12.000000;2016-04-17T00:08:12.199264;536a91fa-67f8-40a4-be57-824427ff6135;432.6;17.18534989;BUY
2016-04-17T00:08:13.000000;2016-04-17T00:08:13.443376;9776b3f3-6ea4-4140-8562-a75238f3a5f2;432.16;0.08420866;SELL
2016-04-17T00:08:57.000000;2016-04-17T00:08:57.941440;66734731-675a-4664-bb2b-9cf62df01e97;432.6;13.45;BUY
2016-04-17T00:09:42.000000;2016-04-17T00:09:42.805917;f341c74c-c3f5-4df6-8ad3-036a444c6b86;432.3;0.36300838;SELL
2016-04-17T00:10:32.000000;2016-04-17T00:10:32.000000;5215deae-ff5d-4ae5-b63b-482f3b73f369;432.32;0.93738697;UNKNOWN
2016-04-17T00:15:17.000000;2016-04-17T00:15:17.000000;6cdd0a61-6a8e-4f71-8f6f-0d44a6f15aa1;432.32;0.02;UNKNOWN
2016-04-17T00:15:17.000000;2016-04-17T00:15:17.000000;2ef18ae3-7f69-47fa-b089-84dc230a3ac5;432.6;35.71465011;UNKNOWN
2016-04-17T00:15:17.000000;2016-04-17T00:15:17.000000;03491792-1187-4bae-9ca6-40dc70d198d9;432.59;38.80197585;UNKNOWN
2016-04-17T00:15:17.000000;2016-04-17T00:15:17.000000;3c2d1e78-edb9-4933-948f-79204b7b2e1a;432.58;6.8711;UNKNOWN
2016-04-17T00:16:32.000000;2016-04-17T00:16:32.000000;da7918f8-dbc4-493c-8381-bc6b578762a5;432.42;0.03778173;UNKNOWN
2016-04-17T00:17:00.000000;2016-04-17T00:17:00.000000;8ca06eca-1234-49bf-8030-4861a55eef53;432.6;0.11;UNKNOWN
2016-04-17T00:17:00.000000;2016-04-17T00:17:00.000000;0ff2aec3-bc8a-4086-a219-5731a2669ecf;432.62;0.03012241;UNKNOWN
2016-04-17T00:17:00.000000;2016-04-17T00:17:00.000000;9a71838d-1f18-42b2-ba6e-be477c20e2cd;432.75;2.94987759;UNKNOWN
2016-04-17T00:17:00.000000;2016-04-17T00:17:00.000000;38237229-6170-464a-a27a-b3b999311f37;432.72;10.0;UNKNOWN
2016-04-17T00:17:00.000000;2016-04-17T00:17:00.000000;1ffd092b-c1d8-4807-a5de-df321b8ceb9b;432.6;0.11;UNKNOWN
2016-04-17T00:17:00.000000;2016-04-17T00:17:00.000000;e4fd823c-f818-415a-9227-7864b6f42dfb;432.63;0.25;UNKNOWN
2016-04-17T00:18:23.000000;2016-04-17T00:18:23.000000;0001506f-114c-4eec-b4e3-079874f55a19;432.6;0.11;UNKNOWN
2016-04-17T00:18:23.000000;2016-04-17T00:18:23.000000;6e72bdd2-42db-45ae-b249-cb9c721b3ebd;432.6;0.11;UNKNOWN
2016-04-17T00:18:23.000000;2016-04-17T00:18:23.000000;9769a4a5-7160-45d5-8f6b-a3bd84e2518a;432.56;0.35451972;UNKNOWN
2016-04-17T00:22:32.000000;2016-04-17T00:22:32.000000;4743ee96-5be7-4252-9809-080081be6a09;432.66;0.11574311;UNKNOWN
2016-04-17T00:23:51.000000;2016-04-17T00:23:51.000000;ab8e2d11-2399-4413-8474-ac6ac76045e5;432.75;2.05012241;UNKNOWN
2016-04-17T00:23:51.000000;2016-04-17T00:23:51.000000;a944ac88-ef78-4f17-814b-98f5c0083f8c;432.81;0.25;UNKNOWN
2016-04-17T00:23:51.000000;2016-04-17T00:23:51.000000;ffc56a24-2141-423d-a50b-73b445d099d8;432.8;0.2;UNKNOWN
2016-04-17T00:23:51.000000;2016-04-17T00:23:51.000000;c5849a80-ad98-43d6-ab14-609cadb299f7;432.84;2.47349421;UNKNOWN
2016-04-17T00:23:52.000000;2016-04-17T00:23:52.000000;0f919c92-087f-4c93-ae21-11b0d79952fb;432.67;0.231;UNKNOWN
2016-04-17T00:23:52.000000;2016-04-17T00:23:52.000000;b9f8f815-d5a4-4c91-81ce-b2401d0eeb7d;432.66;0.24893672;UNKNOWN
2016-04-17T00:24:32.000000;2016-04-17T00:24:32.000000;b7f46e25-3350-4207-a4d2-8f3443f21b09;432.64;0.11429701;UNKNOWN
2016-04-17T00:27:12.000000;2016-04-17T00:27:12.000000;49358757-d7e7-4df2-a444-2e87a51b9424;432.9;4.5;UNKNOWN
2016-04-17T00:27:12.000000;2016-04-17T00:27:12.000000;d1c812ce-a1ad-4ead-8296-f6a1867a3c27;432.88;0.25;UNKNOWN
2016-04-17T00:27:12.000000;2016-04-17T00:27:12.000000;16f8d1b8-4fd5-4b2f-b9f2-26d61e5c3c63;432.85;0.25;UNKNOWN
2016-04-17T00:27:19.000000;2016-04-17T00:27:19.000000;4474e881-c3fb-483a-a513-eff13192084b;432.69;0.11;UNKNOWN
2016-04-17T00:27:19.000000;2016-04-17T00:27:19.000000;63a532da-4c4e-4e5f-bd2a-ee95414d2361;432.69;0.11;UNKNOWN
2016-04-17T00:27:37.000000;2016-04-17T00:27:37.000000;2c27d3b3-b0fa-4502-a986-486b2236ed0a;432.98;0.25;UNKNOWN
2016-04-17T00:27:37.000000;2016-04-17T00:27:37.000000;8d2e575d-307f-48be-821a-6c694bfb2073;432.98;0.25;UNKNOWN
2016-04-17T00:27:37.000000;2016-04-17T00:27:37.000000;2f387e35-9e2a-47c2-88f7-26f3db8f88ea;432.91;0.25;UNKNOWN
2016-04-17T00:27:37.000000;2016-04-17T00:27:37.000000;e61d5545-c7c4-4e62-846c-12046c03e056;432.97;0.25;UNKNOWN
2016-04-17T00:27:37.000000;2016-04-17T00:27:37.000000;44b6f158-23d9-4f02-8627-a78065673dc2;432.99;0.5;UNKNOWN
2016-04-17T00:28:05.000000;2016-04-17T00:28:05.000000;39e75096-5003-47e0-995d-c211f4614ef2;432.7;0.02;UNKNOWN
2016-04-17T00:28:32.000000;2016-04-17T00:28:32.000000;97e03abb-9dbd-4e20-b3ed-21505f21c6e0;432.65;0.0514579;UNKNOWN
2016-04-17T00:29:52.000000;2016-04-17T00:29:52.000000;a9944e82-10ca-4a67-a0a6-ada20757e393;432.65;0.02195966;UNKNOWN
2016-04-17T00:33:30.000000;2016-04-17T00:33:30.000000;e5102cc2-02cc-4f33-8657-14e3a35f8663;432.64;0.11;UNKNOWN
2016-04-17T00:33:30.000000;2016-04-17T00:33:30.000000;c34f9447-2a60-4141-b330-5d3ba9f3952d;432.64;0.11;UNKNOWN
2016-04-17T00:33:30.000000;2016-04-17T00:33:30.000000;caf87a02-13f4-4f32-98e7-741659095fed;432.64;0.231;UNKNOWN
2016-04-17T00:33:35.000000;2016-04-17T00:33:35.000000;27f535f7-637a-48ac-9c78-d45fe0ce1603;432.6;0.058;UNKNOWN
2016-04-17T00:33:35.000000;2016-04-17T00:33:35.000000;af3e4982-7bbb-4b46-9613-9a87b1091de2;432.57;0.03785062;UNKNOWN
2016-04-17T00:35:08.000000;2016-04-17T00:35:08.000000;40895aeb-770b-4310-b559-258de17392f6;432.56;1.869;UNKNOWN
2016-04-17T00:37:54.000000;2016-04-17T00:37:54.000000;89a32b78-4788-4f92-9cf0-6aaa390d882d;432.6;1.0;UNKNOWN
2016-04-17T00:40:06.000000;2016-04-17T00:40:06.000000;e8aa4aec-c285-4b6b-b1cb-cf9a883dd749;432.56;0.06527181;UNKNOWN
2016-04-17T00:40:06.000000;2016-04-17T00:40:06.000000;78f1681a-8d41-437a-ab08-b22376af9520;432.57;0.058;UNKNOWN
2016-04-17T00:41:19.000000;2016-04-17T00:41:19.000000;ab5f6a2b-201b-463f-9fde-cf6eb5098dba;432.58;0.058;UNKNOWN
2016-04-17T00:41:19.000000;2016-04-17T00:41:19.000000;afc19cf4-aca3-48b7-b5a1-3c3802102d3b;432.58;1.10019857;UNKNOWN
2016-04-17T00:42:09.000000;2016-04-17T00:42:09.000000;e1b175e4-9d60-4717-b83e-0fb6d03cead3;432.6;0.1;UNKNOWN
2016-04-17T00:42:16.000000;2016-04-17T00:42:16.000000;514abde7-8347-4281-a74e-ddf433073990;432.6;0.1;UNKNOWN
2016-04-17T00:42:32.000000;2016-04-17T00:42:32.000000;56a0a7d3-fd97-43ef-87ac-78314d8c8dbe;432.59;0.463;UNKNOWN
2016-04-17T00:42:32.000000;2016-04-17T00:42:32.000000;8f99193d-c209-4fa3-b233-d00b9b937517;432.59;0.02314862;UNKNOWN
2016-04-17T00:43:19.000000;2016-04-17T00:43:19.000000;d302f316-6b31-4dee-a85a-d71a0c9ff999;432.59;0.08570274;UNKNOWN
2016-04-17T00:45:32.000000;2016-04-17T00:45:32.000000;62e9e920-d2e4-4f4b-90ad-a3f3cd86c0cf;432.6;2.08;UNKNOWN
2016-04-17T00:45:43.000000;2016-04-17T00:45:43.000000;d9deab52-f8ef-40f7-bb64-4dadb119239c;432.59;0.23162903;UNKNOWN
2016-04-17T00:46:42.000000;2016-04-17T00:46:42.000000;89280afe-31a4-442d-8c6e-07888bfd623f;432.6;0.72;UNKNOWN
2016-04-17T00:46:42.000000;2016-04-17T00:46:42.000000;88c718dd-0c73-43b5-9131-1b91a50e5172;432.84;0.01;UNKNOWN
2016-04-17T00:47:59.000000;2016-04-17T00:47:59.000000;84f7f9a2-e7c0-4401-bbd3-3b1e8a96cd56;432.71;0.13666113;UNKNOWN
2016-04-17T00:48:08.000000;2016-04-17T00:48:08.000000;0b05d04b-e402-4f72-8fda-bcb3e2140b90;432.84;1.17;UNKNOWN
2016-04-17T00:49:35.000000;2016-04-17T00:49:35.000000;48697879-6951-4ec8-8b27-399a1ff05b44;432.74;0.13432513;UNKNOWN
2016-04-17T00:49:35.000000;2016-04-17T00:49:35.000000;bf4dd375-62ff-4035-a010-5abaf8bfb309;432.75;0.058;UNKNOWN
2016-04-17T00:50:23.000000;2016-04-17T00:50:23.000000;9bf46b41-6957-48e2-bdcb-0d8e1e8f5dc1;432.78;0.04167877;UNKNOWN
2016-04-17T00:50:34.000000;2016-04-17T00:50:34.000000;12111c6e-77af-4dbb-8915-b5d2957b8139;432.78;0.45149915;UNKNOWN
2016-04-17T00:52:32.000000;2016-04-17T00:52:32.000000;ab3facd9-679a-4b6b-84a7-671ab6cb3177;432.83;1.3836;UNKNOWN
2016-04-17T00:53:35.000000;2016-04-17T00:53:35.000000;35913b63-109c-418f-9433-0048fbe1c377;432.83;0.05789922;UNKNOWN
2016-04-17T00:53:35.000000;2016-04-17T00:53:35.000000;37b075d2-d389-4e75-81e3-d58b428cba9f;432.83;0.08995096;UNKNOWN
2016-04-17T00:54:01.000000;2016-04-17T00:54:01.000000;642452e5-274e-4cf4-b3cd-a3e14eb54e96;432.84;1.0;UNKNOWN
2016-04-17T00:55:57.000000;2016-04-17T00:55:57.000000;3c5cb23c-86d2-4270-9102-e7f6f7eb76bb;432.84;0.1;UNKNOWN
2016-04-17T00:55:59.000000;2016-04-17T00:55:59.000000;4560068b-6684-4919-973f-2803d7bdf0a2;432.84;0.1;UNKNOWN
2016-04-17T00:56:01.000000;2016-04-17T00:56:01.000000;4b0ca9b4-4ee9-473f-abe8-00c117796295;432.84;0.1;UNKNOWN
2016-04-17T00:57:12.000000;2016-04-17T00:57:12.000000;5cab5436-49ba-4a67-94af-5c3dd9e608c9;432.82;0.08102521;UNKNOWN
2016-04-17T00:58:40.000000;2016-04-17T00:58:40.000000;10f09284-7750-45be-8c2d-3c13bde4a1b7;432.83;0.0179634;UNKNOWN
2016-04-17T00:58:41.000000;2016-04-17T00:58:41.000000;31d36fc4-f448-4d0a-8aa1-16f0d5305a50;432.83;0.0179634;UNKNOWN
2016-04-17T00:58:42.000000;2016-04-17T00:58:42.000000;8581bab5-801d-4117-b3b9-516cb64e536c;432.83;0.0179634;UNKNOWN
2016-04-17T00:58:49.000000;2016-04-17T00:58:49.000000;56a0ae08-2d75-4e72-bc5e-e39f5a53bda1;432.83;0.062612;UNKNOWN
2016-04-17T00:58:49.000000;2016-04-17T00:58:49.000000;c9f1c292-4b17-4de5-affa-716739145445;432.83;0.0209581;UNKNOWN
2016-04-17T00:59:29.000000;2016-04-17T00:59:29.000000;2379b799-c944-48e3-a1bb-aeddbea7fcb6;432.99;10.0835;UNKNOWN
2016-04-17T00:59:29.000000;2016-04-17T00:59:29.000000;6f584a4d-c5ec-4b99-834d-0a43acd128f7;432.96;0.02;UNKNOWN
2016-04-17T00:59:29.000000;2016-04-17T00:59:29.000000;e9102805-c4fa-49bc-96b1-96250409fa71;432.84;3.3465;UNKNOWN
2016-04-17T01:00:21.000000;2016-04-17T01:00:21.000000;092e820a-9fea-4d78-b49c-79130d38cbbe;432.99;14.4065;UNKNOWN
2016-04-17T01:00:21.000000;2016-04-17T01:00:21.000000;d1df5fa6-ff53-4e0a-9d5f-417627bf2ea4;432.99;5.0;UNKNOWN
2016-04-17T01:00:21.000000;2016-04-17T01:00:21.000000;19bb57d7-769d-4238-ad57-8b3452aec9ec;433.0;26.4735;UNKNOWN
2016-04-17T01:00:21.000000;2016-04-17T01:00:21.000000;b4f85e91-fbe6-41f6-9877-aa4d67e5c65d;432.99;0.25;UNKNOWN
2016-04-17T01:00:21.000000;2016-04-17T01:00:21.000000;3e589c82-549b-4270-9edb-be397b54d009;432.99;5.0;UNKNOWN
2016-04-17T01:00:26.000000;2016-04-17T01:00:26.000000;cc0baf2a-3204-4f49-b65b-d4ca5ef15a9e;433.0;0.39341452;UNKNOWN
2016-04-17T01:00:26.000000;2016-04-17T01:00:26.000000;b443e61f-2a7b-4a4e-a943-a5b0126452b5;433.0;0.75008548;UNKNOWN
2016-04-17T01:00:26.000000;2016-04-17T01:00:26.000000;e36d4569-81a8-48c5-b0d7-b2a0c3156cb9;433.0;23.5165;UNKNOWN
2016-04-17T01:01:01.000000;2016-04-17T01:01:01.000000;4c6f0515-5b23-4151-b655-92c2c6d3fbcb;433.0;0.14981452;UNKNOWN
2016-04-17T01:01:01.000000;2016-04-17T01:01:01.000000;d5a64fc7-e7ba-4232-bf02-692c46cf7b0f;433.0;0.25;UNKNOWN
2016-04-17T01:01:01.000000;2016-04-17T01:01:01.000000;56282cb4-2801-4a4e-a1a3-36a45daab348;433.0;0.25;UNKNOWN
2016-04-17T01:01:01.000000;2016-04-17T01:01:01.000000;c4c00228-3bd6-42d4-9325-0f4d947e9112;433.0;0.25;UNKNOWN
2016-04-17T01:01:01.000000;2016-04-17T01:01:01.000000;24dd702e-c671-4739-b327-111baf182afa;433.02;0.01;UNKNOWN
2016-04-17T01:01:01.000000;2016-04-17T01:01:01.000000;2a04cb40-9a42-4932-a970-e2a8cb6a6c67;433.01;0.25;UNKNOWN
2016-04-17T01:01:01.000000;2016-04-17T01:01:01.000000;18469f97-a460-4161-8b73-69cb24f6504b;433.18;0.09018548;UNKNOWN
2016-04-17T01:01:01.000000;2016-04-17T01:01:01.000000;87472a08-f698-467d-b5b6-7bae82a9619e;433.15;0.25;UNKNOWN
2016-04-17T01:01:15.000000;2016-04-17T01:01:15.000000;c49fce6f-7da3-4f84-a151-0fd71be45938;433.16;0.05;UNKNOWN
2016-04-17T01:01:34.000000;2016-04-17T01:01:34.000000;9f0b8709-61b9-4c48-91bc-f3438d168302;433.44;0.25;UNKNOWN
2016-04-17T01:01:34.000000;2016-04-17T01:01:34.000000;36aadf0d-4bb4-45a0-801b-a691680381cc;433.33;0.01;UNKNOWN
2016-04-17T01:01:34.000000;2016-04-17T01:01:34.000000;8e5de9a4-4db8-4326-b789-5dcbab2add82;433.18;0.15981452;UNKNOWN
2016-04-17T01:01:34.000000;2016-04-17T01:01:34.000000;8a2d9740-44fa-41a3-8d6d-6bb6476315d5;433.44;0.04018548;UNKNOWN
2016-04-17T01:01:34.000000;2016-04-17T01:01:34.000000;64936d45-c59a-453c-a491-f561b2fb2edf;433.27;0.25;UNKNOWN
2016-04-17T01:01:34.000000;2016-04-17T01:01:34.000000;20d75e66-c2af-4cdf-9df2-39df69cbb2df;433.2;0.02;UNKNOWN
2016-04-17T01:01:34.000000;2016-04-17T01:01:34.000000;14b73b5b-a712-474b-ab63-e70ce7cb2272;433.42;0.25;UNKNOWN
2016-04-17T01:01:34.000000;2016-04-17T01:01:34.000000;96d9d132-52b0-4587-af39-80b0b666b40b;433.4;0.02;UNKNOWN
2016-04-17T01:02:27.000000;2016-04-17T01:02:27.000000;816612cf-195a-49a9-a848-543dffa412b0;433.45;0.25;UNKNOWN
2016-04-17T01:02:27.000000;2016-04-17T01:02:27.000000;47952016-8a21-42d8-aef6-e2677026e90a;433.44;0.20981452;UNKNOWN
2016-04-17T01:02:27.000000;2016-04-17T01:02:27.000000;32702f5d-d8c4-4349-ac5a-79d18c4d6923;433.49;0.22770848;UNKNOWN
2016-04-17T01:02:27.000000;2016-04-17T01:02:27.000000;1be5ae58-154d-4389-bb64-621679deee8f;433.45;0.25;UNKNOWN
2016-04-17T01:02:27.000000;2016-04-17T01:02:27.000000;6cf784d0-202b-4bbe-99ad-1d2d0cfb65d6;433.44;0.062477;UNKNOWN
2016-04-17T01:02:30.000000;2016-04-17T01:02:30.000000;f52bc7ba-7530-435b-b1d3-829889eef33b;433.49;1.0;UNKNOWN
2016-04-17T01:03:36.000000;2016-04-17T01:03:36.000000;18f8a7b7-a712-4ce8-a8ec-a69434a6dcb8;433.49;0.25;UNKNOWN
2016-04-17T01:04:39.000000;2016-04-17T01:04:39.000000;a1424be0-cc7f-47ed-bb1d-202ff8775c72;433.42;0.058;UNKNOWN
2016-04-17T01:05:07.000000;2016-04-17T01:05:07.000000;4729de53-a922-432a-983f-8982474fd03c;433.41;0.05;UNKNOWN
2016-04-17T01:05:24.000000;2016-04-17T01:05:24.000000;a989e0ee-2b82-4669-a3bd-867c1da67dd3;433.41;0.104;UNKNOWN
2016-04-17T01:05:52.000000;2016-04-17T01:05:52.000000;d0cc73f4-9a4b-488f-9fb7-aaff9935775b;432.94;0.10403344;UNKNOWN
2016-04-17T01:06:05.000000;2016-04-17T01:06:05.000000;44c4b4c5-c92d-49f7-801b-1c7e64c5cb48;433.02;0.05;UNKNOWN
2016-04-17T01:06:30.000000;2016-04-17T01:06:30.000000;7948695a-006f-4dea-8c63-837ad42e838f;432.83;0.10403344;UNKNOWN
2016-04-17T01:06:30.000000;2016-04-17T01:06:30.000000;a9552dcb-a32b-4ec9-8d2d-03a47fc85d5e;432.94;3.89596656;UNKNOWN
2016-04-17T01:07:19.000000;2016-04-17T01:07:19.000000;5c3625c3-e933-49d8-b01c-4912264c7b7e;432.83;1.38865069;UNKNOWN
2016-04-17T01:08:12.000000;2016-04-17T01:08:12.000000;b6933d95-297f-43fd-b018-133d6af1b0c5;433.02;7.1323;UNKNOWN
2016-04-17T01:08:18.000000;2016-04-17T01:08:18.000000;ef231621-4e0b-41a0-833c-b270ff6782ab;433.14;3.5796;UNKNOWN
2016-04-17T01:08:18.000000;2016-04-17T01:08:18.000000;c5a7098d-77b1-45d2-8d62-40adbeb08234;433.24;2.9687;UNKNOWN
2016-04-17T01:08:21.000000;2016-04-17T01:08:21.000000;d4c52738-715b-464f-ba91-f1d1712bcffa;433.25;4.0117;UNKNOWN
2016-04-17T01:08:38.000000;2016-04-17T01:08:38.000000;e4399954-ac64-4e59-8c1d-4fe37c99b238;432.81;0.47079984;UNKNOWN
2016-04-17T01:08:51.000000;2016-04-17T01:08:51.000000;5c5b38ea-40cf-40bf-8b16-46020741cbd4;432.81;0.01;UNKNOWN
2016-04-17T01:12:10.000000;2016-04-17T01:12:10.000000;4c406a0c-6dc5-4e45-80b4-18b71421a6e4;432.81;0.51920016;UNKNOWN
2016-04-17T01:12:32.000000;2016-04-17T01:12:32.000000;eff9bfa5-5e39-4e40-9228-b86745ab7b28;432.74;0.01;UNKNOWN
2016-04-17T01:13:10.000000;2016-04-17T01:13:10.000000;b2f0673f-b734-4fcb-9f94-34d8b77e4546;432.74;0.4497;UNKNOWN
2016-04-17T01:15:16.000000;2016-04-17T01:15:16.000000;09a0f00d-47df-4c9e-8de0-5b408d3dcc14;432.75;0.21;UNKNOWN
2016-04-17T01:15:16.000000;2016-04-17T01:15:16.000000;1ba77ca2-5287-4ded-99b1-d291e32bfa41;432.75;0.21;UNKNOWN
2016-04-17T01:16:45.000000;2016-04-17T01:16:45.000000;d5989dd0-ec2a-466e-94b1-6ead4b1b6db2;432.75;0.08378263;UNKNOWN
2016-04-17T01:17:12.000000;2016-04-17T01:17:12.000000;9415d4bc-4290-4a4f-a060-40e52a226571;432.75;0.09621737;UNKNOWN
2016-04-17T01:17:12.000000;2016-04-17T01:17:12.000000;5c718042-46cc-40c7-8d76-500594d67922;432.74;0.47569479;UNKNOWN
2016-04-17T01:18:05.000000;2016-04-17T01:18:05.000000;44f04fb7-ec64-400d-8132-50cc9ee0a188;433.0;0.02;UNKNOWN
2016-04-17T01:18:05.000000;2016-04-17T01:18:05.000000;5ca4c7c6-953b-45e7-adf0-6f5879de3a60;433.15;0.01467926;UNKNOWN
2016-04-17T01:18:05.000000;2016-04-17T01:18:05.000000;3558dd83-f913-4d6d-969f-c6a9585611f9;432.8;0.1742256;UNKNOWN
2016-04-17T01:21:15.000000;2016-04-17T01:21:15.000000;86235ee7-8505-444d-aa19-dc2df99a01b2;432.71;0.173;UNKNOWN
2016-04-17T01:21:15.000000;2016-04-17T01:21:15.000000;c29e0bd7-5abb-4092-84b6-6d0db543aceb;432.71;0.007;UNKNOWN
2016-04-17T01:21:43.000000;2016-04-17T01:21:43.000000;60e45d75-956b-49bb-90f5-4f64f6dfe947;432.71;1.84175355;UNKNOWN
2016-04-17T01:21:43.000000;2016-04-17T01:21:43.000000;437f9814-d734-4976-9723-ceb2df2e9272;432.72;0.173;UNKNOWN
2016-04-17T01:26:21.000000;2016-04-17T01:26:21.000000;3e0cf49c-73f8-4623-82a3-e29beb5f06a6;433.03;0.3;UNKNOWN
2016-04-17T01:27:35.000000;2016-04-17T01:27:35.000000;9ee58940-c479-4bcb-b8b9-bec714e6f777;433.03;0.21;UNKNOWN
2016-04-17T01:27:35.000000;2016-04-17T01:27:35.000000;d54be028-3cc5-4343-8ad7-dfd34a4ffc5c;433.03;0.21;UNKNOWN
2016-04-17T01:27:59.000000;2016-04-17T01:27:59.000000;7a8de157-b340-4d53-9187-e997ea4fbfcc;432.76;0.03357301;UNKNOWN
2016-04-17T01:29:35.000000;2016-04-17T01:29:35.000000;e4c840ab-d877-4015-9452-1a3af337121b;432.77;0.058;UNKNOWN
2016-04-17T01:29:35.000000;2016-04-17T01:29:35.000000;53105172-d6a5-4d57-ba76-f3e9cfc47543;432.75;0.52085846;UNKNOWN
2016-04-17T01:34:32.000000;2016-04-17T01:34:32.000000;a7a54f43-57b1-43f8-80d0-f6b57b64dcc4;432.71;0.03427961;UNKNOWN
2016-04-17T01:35:12.000000;2016-04-17T01:35:12.000000;8f27cadd-326c-43f7-8e43-ca1590e5a1cd;432.7;0.13893886;UNKNOWN
2016-04-17T01:36:19.000000;2016-04-17T01:36:19.000000;67c73a7f-a59d-468f-b949-6fbe6d3f7324;433.01;0.01;UNKNOWN
2016-04-17T01:38:48.000000;2016-04-17T01:38:48.000000;18c426b2-71a1-408a-aed2-1cb50ec1249c;433.01;0.052402;UNKNOWN
2016-04-17T01:38:48.000000;2016-04-17T01:38:48.000000;b46ef953-5155-4c2a-a573-0a2ea6733e96;433.01;0.01;UNKNOWN
2016-04-17T01:39:35.000000;2016-04-17T01:39:35.000000;7a0424d7-3e6e-45d9-ac59-74ce1ba9837f;432.7;0.79971003;UNKNOWN
2016-04-17T01:41:33.000000;2016-04-17T01:41:33.000000;24f6bfb2-2996-45dc-b288-4e687cc79f2f;432.8;0.025;UNKNOWN
2016-04-17T01:43:09.000000;2016-04-17T01:43:09.000000;ec989827-31f8-4987-90bb-068f37bc54c8;432.7;0.06135111;UNKNOWN
2016-04-17T01:43:37.000000;2016-04-17T01:43:37.000000;e18fb1a6-9288-4a70-892b-41ec1e8f4237;432.51;0.02;UNKNOWN
2016-04-17T01:44:00.000000;2016-04-17T01:44:00.000000;18616473-8b2e-4fb3-bf2a-716b10fea0aa;432.51;0.02;UNKNOWN
2016-04-17T01:47:35.000000;2016-04-17T01:47:35.000000;96f96dc7-5db3-4752-b06f-9f70a84e1371;432.51;0.22849912;UNKNOWN
2016-04-17T01:49:31.000000;2016-04-17T01:49:31.000000;fea23680-b1a9-4141-9b72-ec5a4adb1bc3;432.52;0.02244586;UNKNOWN
2016-04-17T01:49:41.000000;2016-04-17T01:49:41.000000;e031f461-8667-4067-b897-e96efa885e34;432.52;0.08569319;UNKNOWN
2016-04-17T01:49:42.000000;2016-04-17T01:49:42.000000;1bda4bee-a34a-43ea-9d1e-998d0fb56503;432.52;0.03055207;UNKNOWN
2016-04-17T01:49:43.000000;2016-04-17T01:49:43.000000;e98dcae4-c7fe-4364-ac13-cb81c0f58634;432.52;0.08569319;UNKNOWN
2016-04-17T01:50:02.000000;2016-04-17T01:50:02.000000;23330c02-b1e8-4709-a06b-81efd8899610;432.52;0.08569319;UNKNOWN
2016-04-17T01:50:20.000000;2016-04-17T01:50:20.000000;bf42552b-b885-4172-a217-81a52c5dcdac;432.52;0.022008;UNKNOWN
2016-04-17T01:50:55.000000;2016-04-17T01:50:55.000000;83288df7-3543-4f8c-a885-61ecd10a0381;432.52;0.08569319;UNKNOWN
2016-04-17T01:50:58.000000;2016-04-17T01:50:58.000000;c22f081b-3a5e-4bde-b924-3f1aaa114ac1;432.52;0.08569319;UNKNOWN
2016-04-17T01:51:35.000000;2016-04-17T01:51:35.000000;c5f4c07a-45d8-4e85-afca-2bcfef48742f;432.52;0.05791662;UNKNOWN
2016-04-17T01:52:56.000000;2016-04-17T01:52:56.000000;dbe401a0-22c8-4691-8539-75e433a1ca21;432.52;0.06036084;UNKNOWN
2016-04-17T01:53:30.000000;2016-04-17T01:53:30.000000;e0c85f4b-35bb-4c53-b0b4-c0c9be722c74;432.52;0.05442823;UNKNOWN
2016-04-17T01:53:33.000000;2016-04-17T01:53:33.000000;abe7a986-0d3f-4edf-a02c-02911e14009f;432.52;0.05444723;UNKNOWN
2016-04-17T01:53:35.000000;2016-04-17T01:53:35.000000;40b44e7d-57aa-4b74-8a79-93fb951dd9c2;432.52;0.1612671;UNKNOWN
2016-04-17T01:56:13.000000;2016-04-17T01:56:13.000000;f2cb9654-10f1-4c9e-aea8-213ade5ac7e1;432.52;0.07100621;UNKNOWN
2016-04-17T01:56:17.000000;2016-04-17T01:56:17.000000;96a9cf78-a0be-4bf2-aa64-9f1471b9dce5;432.52;0.07100621;UNKNOWN
2016-04-17T01:56:26.000000;2016-04-17T01:56:26.000000;7a792335-3a7b-4e65-8a1b-3f48c149223f;432.52;0.07109584;UNKNOWN
2016-04-17T01:56:29.000000;2016-04-17T01:56:29.000000;770747fb-a81c-4b17-a9a6-7dca3733a31f;432.52;0.50590608;UNKNOWN
2016-04-17T01:56:31.000000;2016-04-17T01:56:31.000000;e6afc433-ffc7-446f-856a-e2e1ca5c88e2;432.52;0.07105218;UNKNOWN
2016-04-17T01:56:36.000000;2016-04-17T01:56:36.000000;188cf4b3-dc11-4401-87c9-aa7ff651d16b;432.52;0.02240541;UNKNOWN
2016-04-17T01:56:37.000000;2016-04-17T01:56:37.000000;3cf4e6b9-f5ba-42a0-816a-450dc4eeef86;432.52;0.02240541;UNKNOWN
2016-04-17T01:56:38.000000;2016-04-17T01:56:38.000000;c184cd15-8929-4aa7-aaf2-5a4ad3870243;432.52;0.02240541;UNKNOWN
2016-04-17T01:56:39.000000;2016-04-17T01:56:39.000000;4f9a7cbe-4f33-489b-bb9f-c2481be1b335;432.52;0.03287388;UNKNOWN
2016-04-17T01:56:44.000000;2016-04-17T01:56:44.000000;c7d24533-f7fa-42ec-9fab-5bc82fe04938;432.52;0.11052218;UNKNOWN
2016-04-17T01:58:45.000000;2016-04-17T01:58:45.000000;9f52381e-af62-45d7-ae1a-b6f89921d7da;432.52;0.04481082;UNKNOWN
2016-04-17T01:58:46.000000;2016-04-17T01:58:46.000000;2ee00574-4958-4c4f-8b3f-9f9f9ecc20c1;432.52;0.04481082;UNKNOWN
2016-04-17T01:59:06.000000;2016-04-17T01:59:06.000000;6a7ff4b3-5a30-4d5d-8ed7-f824fa176986;432.52;0.3;UNKNOWN
2016-04-17T01:59:35.000000;2016-04-17T01:59:35.000000;ce0089c4-2414-4b60-8ef5-e1ae32610ed5;432.52;0.68559225;UNKNOWN
2016-04-17T01:59:46.000000;2016-04-17T01:59:46.000000;ed0bd8e5-c289-421d-902f-2d4f59742334;432.52;0.03684811;UNKNOWN
2016-04-17T02:00:46.000000;2016-04-17T02:00:46.000000;05f4d861-a187-41d5-9177-f867d5224055;432.53;0.02;UNKNOWN
2016-04-17T02:02:39.000000;2016-04-17T02:02:39.000000;825c0375-8b15-4094-9627-d208c4f72a77;432.51;0.020313;UNKNOWN
2016-04-17T02:03:03.000000;2016-04-17T02:03:03.000000;ec570160-a2f0-4111-9943-a5519bc84832;432.51;0.07413327;UNKNOWN
2016-04-17T02:03:18.000000;2016-04-17T02:03:18.000000;4477c488-de4f-420d-8348-21b6708d92dc;432.55;0.02025387;UNKNOWN
2016-04-17T02:03:52.000000;2016-04-17T02:03:52.000000;fc81345d-3298-4259-a1f7-75a47dc12442;432.55;0.02027511;UNKNOWN
2016-04-17T02:03:55.000000;2016-04-17T02:03:55.000000;6591d5ee-50df-42eb-a2d0-789c9ee62668;432.55;0.02027511;UNKNOWN
2016-04-17T02:05:11.000000;2016-04-17T02:05:11.000000;f5d79d21-b74f-4049-a281-c925e3503b5f;432.57;0.01553377;UNKNOWN
2016-04-17T02:06:43.000000;2016-04-17T02:06:43.000000;03b16f6f-ee71-4476-8645-69368068e35c;432.55;0.01672783;UNKNOWN
2016-04-17T02:06:56.000000;2016-04-17T02:06:56.000000;2ba036f5-9e08-4d22-9aae-65eb34d1f3ec;432.66;0.05;UNKNOWN
2016-04-17T02:08:32.000000;2016-04-17T02:08:32.000000;7b420066-27fd-4605-9a8a-95802c757a80;432.55;0.06915;UNKNOWN
2016-04-17T02:11:52.000000;2016-04-17T02:11:52.000000;06caf42b-4baa-48a7-a9b8-b0ead0bd65ea;432.55;0.05331808;UNKNOWN
2016-04-17T02:11:52.000000;2016-04-17T02:11:52.000000;e94b6af9-bde3-4e98-b7d6-bb466287b913;432.55;0.17138285;UNKNOWN
2016-04-17T02:12:37.000000;2016-04-17T02:12:37.000000;fcb60f92-2e4a-4f6b-8754-f42ecfd4febc;432.55;0.82861715;UNKNOWN
2016-04-17T02:12:37.000000;2016-04-17T02:12:37.000000;a2f3e5fa-b4ff-4c1a-b2fe-5cc3b0cbc956;432.51;3.15018285;UNKNOWN
2016-04-17T02:12:45.000000;2016-04-17T02:12:45.000000;e34cd51d-d5ce-4ef2-b38d-51b5a07a2ff6;432.51;1.9904;UNKNOWN
2016-04-17T02:13:24.000000;2016-04-17T02:13:24.000000;0ffd16e7-a83b-4046-84bc-bdce997a3d7a;432.51;0.18154;UNKNOWN
2016-04-17T02:15:04.000000;2016-04-17T02:15:04.000000;3e71b2c0-efed-45ad-ad08-0e8859135c6a;432.54;0.3;UNKNOWN
2016-04-17T02:16:16.000000;2016-04-17T02:16:16.000000;8dc7cfd6-7fba-4011-84d9-387530ff4dc7;432.51;0.0401;UNKNOWN
2016-04-17T02:18:55.000000;2016-04-17T02:18:55.000000;ba5792d9-4d23-4e4b-972b-e31abb45128c;432.51;0.09266874;UNKNOWN
2016-04-17T02:21:12.000000;2016-04-17T02:21:12.000000;aae45f6b-b2c1-45bb-95f9-c1e6a4269626;432.51;0.05791796;UNKNOWN
2016-04-17T02:23:03.000000;2016-04-17T02:23:03.000000;91d66760-8af2-4509-858a-582d2758b300;432.53;0.051;UNKNOWN
2016-04-17T02:23:35.000000;2016-04-17T02:23:35.000000;5e5a6c09-319b-4fba-8adb-fe8e37c243c4;432.53;0.0531796;UNKNOWN
2016-04-17T02:24:23.000000;2016-04-17T02:24:23.000000;52f55a64-8c09-40f6-adf7-e4c0d289244f;432.53;0.03822585;UNKNOWN
2016-04-17T02:24:42.000000;2016-04-17T02:24:42.000000;21d45d9b-da06-457d-a61f-5d82a5ca8179;433.08;0.9913;UNKNOWN
2016-04-17T02:26:03.000000;2016-04-17T02:26:03.000000;334d46b4-5e8f-41c0-8885-6cf8b8d173cf;433.24;1.5518219;UNKNOWN
2016-04-17T02:26:12.000000;2016-04-17T02:26:12.000000;8d9089e1-c320-4873-90b3-b2067c2ce41f;433.24;0.03280449;UNKNOWN
2016-04-17T02:26:50.000000;2016-04-17T02:26:50.000000;052363cc-5206-431e-a760-d71ccb96b754;433.04;0.04592407;UNKNOWN
2016-04-17T02:29:03.000000;2016-04-17T02:29:03.000000;a1b19a03-ffee-43c1-8cb2-807bede27d46;432.91;0.13880094;UNKNOWN
2016-04-17T02:29:43.000000;2016-04-17T02:29:43.000000;f3da8db4-3496-4977-8cbd-38f17a481273;433.14;0.08495101;UNKNOWN
2016-04-17T02:29:43.000000;2016-04-17T02:29:43.000000;86a49f73-aad5-4fbd-88c7-46ac73a4cf69;432.65;1.045058;UNKNOWN
2016-04-17T02:29:43.000000;2016-04-17T02:29:43.000000;7ed5a7fd-11bb-4f5c-b6af-d0d39ff3d722;433.14;0.06890353;UNKNOWN
2016-04-17T02:29:43.000000;2016-04-17T02:29:43.000000;ff186361-eab8-4092-8b9c-4cb34112e486;433.14;0.08228531;UNKNOWN
2016-04-17T02:29:44.000000;2016-04-17T02:29:44.000000;58e3035d-cea5-444e-877a-34ff6f921bc5;432.65;0.145374;UNKNOWN
2016-04-17T02:29:44.000000;2016-04-17T02:29:44.000000;6014bfc3-f043-49d9-bc4c-7ac28a82e2ed;432.65;0.122009;UNKNOWN
2016-04-17T02:29:45.000000;2016-04-17T02:29:45.000000;fb3e0f5b-97a4-4263-bba8-38a16cc34ede;432.65;0.08504819;UNKNOWN
2016-04-17T02:29:45.000000;2016-04-17T02:29:45.000000;4de173ef-db30-4db8-87ac-c1b32ad43046;432.65;0.35876254;UNKNOWN
2016-04-17T02:29:45.000000;2016-04-17T02:29:45.000000;808acaf4-0eca-468c-9c90-82a80290e4af;432.65;0.04679511;UNKNOWN
2016-04-17T02:29:45.000000;2016-04-17T02:29:45.000000;f6c14bfc-1bc4-4e31-b627-19dae9ad0b17;432.65;0.08504819;UNKNOWN
2016-04-17T02:29:45.000000;2016-04-17T02:29:45.000000;a4451e1e-b8e8-461a-a90a-cae21572e91c;432.65;0.08495198;UNKNOWN
2016-04-17T02:29:46.000000;2016-04-17T02:29:46.000000;844e51b0-37c6-4ecf-af9c-f1e4cebe0182;432.65;0.08504721;UNKNOWN
2016-04-17T02:29:47.000000;2016-04-17T02:29:47.000000;7302e01f-5ec3-4b44-a4c3-78492dc6d60a;432.65;0.08504721;UNKNOWN
2016-04-17T02:29:47.000000;2016-04-17T02:29:47.000000;086992c2-d6c1-40b0-a746-6983d2cfd402;432.65;0.08504722;UNKNOWN
2016-04-17T02:29:48.000000;2016-04-17T02:29:48.000000;2c25e3d9-4b13-4889-8f52-8e5ebf59ae96;432.65;0.08504722;UNKNOWN
2016-04-17T02:29:48.000000;2016-04-17T02:29:48.000000;bde2911e-9113-4bc3-886e-dfcc0e9bfa00;432.65;0.08522819;UNKNOWN
2016-04-17T02:29:48.000000;2016-04-17T02:29:48.000000;e22a0262-203f-4105-8554-27c7e8f12767;432.65;0.02240619;UNKNOWN
2016-04-17T02:29:49.000000;2016-04-17T02:29:49.000000;d28c2b4b-d2db-4215-97f2-879a22daf9d6;432.65;0.08507475;UNKNOWN
2016-04-17T02:29:50.000000;2016-04-17T02:29:50.000000;527f8959-7f70-4ff4-9c63-fcb617793782;432.65;0.08510033;UNKNOWN
2016-04-17T02:29:50.000000;2016-04-17T02:29:50.000000;670ea3ce-1e79-474f-9b61-45e77d27abc6;432.65;0.0852617;UNKNOWN
2016-04-17T02:29:50.000000;2016-04-17T02:29:50.000000;935ff79c-f29d-4030-a367-a84e28e8528a;432.65;0.08504722;UNKNOWN
2016-04-17T02:29:51.000000;2016-04-17T02:29:51.000000;5c1a7068-df07-4857-8b4c-70416e20655e;432.65;0.0851082;UNKNOWN
2016-04-17T02:29:51.000000;2016-04-17T02:29:51.000000;04d58add-3513-4559-8e7e-a8bb0cec56bd;432.65;0.0851082;UNKNOWN
2016-04-17T02:29:51.000000;2016-04-17T02:29:51.000000;08e5cae9-44d9-448f-8601-c420a853317b;432.65;0.08507475;UNKNOWN
2016-04-17T02:29:52.000000;2016-04-17T02:29:52.000000;2273ed45-8390-47f1-90e5-f7e8a5771b19;432.65;0.0851082;UNKNOWN
2016-04-17T02:29:52.000000;2016-04-17T02:29:52.000000;13719dbe-303d-438c-be7c-f14ba9cec66c;432.65;0.08510033;UNKNOWN
2016-04-17T02:29:52.000000;2016-04-17T02:29:52.000000;9d157851-19bf-4529-9cb0-f1d93209053b;432.65;0.08510033;UNKNOWN
2016-04-17T02:29:52.000000;2016-04-17T02:29:52.000000;ec835af9-34e4-4801-851f-2ddcc62ea60c;432.65;0.08527156;UNKNOWN
2016-04-17T02:29:53.000000;2016-04-17T02:29:53.000000;a3296eed-419f-4f74-aabe-930aefbaab9c;432.65;0.0851082;UNKNOWN
2016-04-17T02:29:53.000000;2016-04-17T02:29:53.000000;cc2505c2-f8e7-4edb-86a0-92cfdd727222;432.65;0.08512605;UNKNOWN
2016-04-17T02:29:56.000000;2016-04-17T02:29:56.000000;b5512deb-a6c2-4da5-bba1-c9fa38b02edf;432.66;0.08527156;UNKNOWN
2016-04-17T02:29:56.000000;2016-04-17T02:29:56.000000;a6f1e2d7-31cb-4da9-b93e-c6ade5fb0dff;432.66;0.08504722;UNKNOWN
2016-04-17T02:29:57.000000;2016-04-17T02:29:57.000000;d77e3053-e122-46bb-8f07-10aa0ff50c28;432.66;0.08504722;UNKNOWN
2016-04-17T02:29:58.000000;2016-04-17T02:29:58.000000;e3220ff5-6374-4e94-88a3-fb294a946822;432.66;0.08504525;UNKNOWN
2016-04-17T02:29:59.000000;2016-04-17T02:29:59.000000;ef5cea61-1d3b-4db7-a064-4977126f7305;432.66;0.08504525;UNKNOWN
2016-04-17T02:29:59.000000;2016-04-17T02:29:59.000000;78a11984-4399-480a-9ee0-27cb21c6ae1e;432.66;0.08504525;UNKNOWN
2016-04-17T02:30:00.000000;2016-04-17T02:30:00.000000;173ac26c-0194-4c10-9b2b-ab6e7b4e6333;432.86;0.01311687;UNKNOWN
2016-04-17T02:30:00.000000;2016-04-17T02:30:00.000000;353ce431-b4e4-43aa-ac40-af3e34ef6fa1;432.66;0.07192838;UNKNOWN
2016-04-17T02:30:00.000000;2016-04-17T02:30:00.000000;55f26b2c-413e-4aa8-b50a-4c7e59fd6ddc;432.66;0.08506246;UNKNOWN
2016-04-17T02:30:00.000000;2016-04-17T02:30:00.000000;cf51afe9-d4f0-4e92-a844-36fe5faeffa0;432.66;0.08525381;UNKNOWN
2016-04-17T02:30:01.000000;2016-04-17T02:30:01.000000;448200b8-e347-4a41-b658-521f284c63a8;432.66;0.08525381;UNKNOWN
2016-04-17T02:30:02.000000;2016-04-17T02:30:02.000000;0fa58ab3-ea73-4c3f-a542-512f59284a48;432.66;0.08504525;UNKNOWN
2016-04-17T02:30:02.000000;2016-04-17T02:30:02.000000;24dfd94a-6e56-49e1-bfb8-e7185007a75f;432.66;0.08506246;UNKNOWN
2016-04-17T02:30:05.000000;2016-04-17T02:30:05.000000;c62060ff-422d-47ae-a774-49d5f62a12ec;432.66;0.08519766;UNKNOWN
2016-04-17T02:30:06.000000;2016-04-17T02:30:06.000000;08aa234f-3ef9-4f02-aa9e-4e26a3e4f286;432.66;0.08519766;UNKNOWN
2016-04-17T02:30:15.000000;2016-04-17T02:30:15.000000;7990e7aa-0b96-4ae3-ac36-3f8d4c37891b;432.66;1.034629;UNKNOWN
2016-04-17T02:30:15.000000;2016-04-17T02:30:15.000000;2d03bdc4-1ce7-41de-af0c-7965168a02e0;432.66;0.08500634;UNKNOWN
2016-04-17T02:30:15.000000;2016-04-17T02:30:15.000000;f4a09921-7c2c-44ba-9d07-4d931156a5b1;432.66;0.08500731;UNKNOWN
2016-04-17T02:30:16.000000;2016-04-17T02:30:16.000000;7efa9259-a8f2-4b4d-aeb5-2e121ad41b89;432.66;0.08500731;UNKNOWN
2016-04-17T02:30:16.000000;2016-04-17T02:30:16.000000;371e54a8-fade-4121-8e5d-70c38296e50e;432.66;0.441943;UNKNOWN
2016-04-17T02:30:17.000000;2016-04-17T02:30:17.000000;77b09ccc-eba7-45e5-b922-2fa04c5a8a2b;432.66;0.0593959;UNKNOWN
2016-04-17T02:30:17.000000;2016-04-17T02:30:17.000000;ff6c8c40-74d7-4b34-b490-5c09c4871184;432.66;0.08500731;UNKNOWN
2016-04-17T02:30:17.000000;2016-04-17T02:30:17.000000;1c6907a0-91ed-41b9-b670-d8301624ae18;432.66;0.08500731;UNKNOWN
2016-04-17T02:30:18.000000;2016-04-17T02:30:18.000000;a7e42622-4461-4335-b86c-c24dc71f88f3;432.66;1.125976;UNKNOWN
2016-04-17T02:30:18.000000;2016-04-17T02:30:18.000000;2d150802-b62d-412b-83ed-5d8b2e632134;432.66;0.238238;UNKNOWN
2016-04-17T02:30:20.000000;2016-04-17T02:30:20.000000;ea83d762-8608-4a8f-bc0e-17084b8e893d;432.65;0.0595044;UNKNOWN
2016-04-17T02:30:20.000000;2016-04-17T02:30:20.000000;5f249b3f-3a73-4855-beeb-26302b06ffd6;432.65;0.05939727;UNKNOWN
2016-04-17T02:30:24.000000;2016-04-17T02:30:24.000000;5b2a10c6-6338-4ccb-afda-3b781e0d9a78;432.65;0.0262331;UNKNOWN
2016-04-17T02:30:24.000000;2016-04-17T02:30:24.000000;5da60fe5-d0c1-43a6-bce8-c08f7b457e29;432.65;0.00409833;UNKNOWN
2016-04-17T02:30:30.000000;2016-04-17T02:30:30.000000;b38e7258-dab7-4a84-8ee2-f1f7a594c2db;432.51;0.08417457;UNKNOWN
2016-04-17T02:30:30.000000;2016-04-17T02:30:30.000000;944f4667-57ed-4f3b-aa65-e43cf05706fe;432.51;0.05939589;UNKNOWN
2016-04-17T02:31:04.000000;2016-04-17T02:31:04.000000;087deae6-f387-4888-85bd-3c1969f01216;432.64;0.01393899;UNKNOWN
2016-04-17T02:31:12.000000;2016-04-17T02:31:12.000000;3369b695-ba6f-481f-8122-b7a4e2c9ef04;432.51;0.11760674;UNKNOWN
2016-04-17T02:31:12.000000;2016-04-17T02:31:12.000000;cb25e8b6-fdc8-4d19-b48a-26fdc20376a1;432.64;0.01229326;UNKNOWN
2016-04-17T02:31:18.000000;2016-04-17T02:31:18.000000;575155f9-8a38-48ab-a40e-a274aca22042;432.51;0.130606;UNKNOWN
2016-04-17T02:31:19.000000;2016-04-17T02:31:19.000000;1e07de7d-c913-452d-9f34-64d9b46876ed;432.51;0.02940018;UNKNOWN
2016-04-17T02:31:19.000000;2016-04-17T02:31:19.000000;8b00f515-749d-4bcf-a2c6-4a1f1afb75ed;432.51;0.751711;UNKNOWN
2016-04-17T02:31:19.000000;2016-04-17T02:31:19.000000;749fe56d-97db-4564-91cc-a1799620b9fd;432.51;0.131072;UNKNOWN
2016-04-17T02:31:19.000000;2016-04-17T02:31:19.000000;b974de31-2e62-47c7-acb5-33b42882215f;432.51;0.746259;UNKNOWN
2016-04-17T02:31:19.000000;2016-04-17T02:31:19.000000;2ccef8c8-a181-4c21-82ce-2dc3d5eb2686;432.51;0.0322763;UNKNOWN
2016-04-17T02:31:21.000000;2016-04-17T02:31:21.000000;e1cb70ac-fb47-4e48-a498-26a88ece380e;432.63;0.01;UNKNOWN
2016-04-17T02:31:21.000000;2016-04-17T02:31:21.000000;38b21e41-44ba-40d4-910b-518b93077aba;432.51;0.017939;UNKNOWN
2016-04-17T02:31:22.000000;2016-04-17T02:31:22.000000;5c70be43-3014-49cf-804e-be95769b94eb;432.52;0.06242384;UNKNOWN
2016-04-17T02:31:23.000000;2016-04-17T02:31:23.000000;04920585-f8cc-4ca2-b807-3a6e6ece42e1;432.52;0.103133;UNKNOWN
2016-04-17T02:31:24.000000;2016-04-17T02:31:24.000000;d34dfc03-4b3b-4e41-8bf1-043342ea0b21;432.52;0.08457109;UNKNOWN
2016-04-17T02:31:25.000000;2016-04-17T02:31:25.000000;e9ff5c84-afbc-4a35-b329-1dd83ea78f5e;432.52;0.016575;UNKNOWN
2016-04-17T02:31:26.000000;2016-04-17T02:31:26.000000;f9cc778d-427c-430d-a846-92096a586809;432.52;0.08430399;UNKNOWN
2016-04-17T02:31:27.000000;2016-04-17T02:31:27.000000;6196bbcb-7236-423a-b9c1-f0792e3b833e;432.52;0.093412;UNKNOWN
2016-04-17T02:31:27.000000;2016-04-17T02:31:27.000000;b229e957-50b3-44ce-94ce-4a3215ed3650;432.52;0.13104389;UNKNOWN
2016-04-17T02:31:27.000000;2016-04-17T02:31:27.000000;02237723-00d6-4b77-95e6-325734daabb8;432.52;0.789398;UNKNOWN
2016-04-17T02:32:58.000000;2016-04-17T02:32:58.000000;2343e1ca-3968-4737-aa7d-5b5c3cf91387;432.64;0.01623141;UNKNOWN
2016-04-17T02:32:58.000000;2016-04-17T02:32:58.000000;5a79d996-39bd-49da-958b-cc09e007f80d;432.53;0.00988103;UNKNOWN
2016-04-17T02:33:14.000000;2016-04-17T02:33:14.000000;56921d55-8f87-4c99-afb0-a3c3355bc02a;432.65;0.09266857;UNKNOWN
2016-04-17T02:33:14.000000;2016-04-17T02:33:14.000000;5337334a-253e-446a-b8cd-c3e549d99965;432.66;0.05429;UNKNOWN
2016-04-17T02:33:35.000000;2016-04-17T02:33:35.000000;40be3178-633f-4e00-b31f-5694a27274f2;432.76;0.01;UNKNOWN
2016-04-17T02:33:35.000000;2016-04-17T02:33:35.000000;fb6b92d7-b5b7-448c-8998-3d01b21115d5;432.52;0.0609125;UNKNOWN
2016-04-17T02:33:35.000000;2016-04-17T02:33:35.000000;e517371b-4a34-4f5c-b28d-3147f3dd794c;432.66;0.54613476;UNKNOWN
2016-04-17T02:33:42.000000;2016-04-17T02:33:42.000000;737f862a-296a-4233-91e5-8c8c6ce0453c;432.52;0.09341199;UNKNOWN
2016-04-17T02:33:42.000000;2016-04-17T02:33:42.000000;b9e0fd91-9825-429e-b106-3709b170b54e;432.52;0.140848;UNKNOWN
2016-04-17T02:33:51.000000;2016-04-17T02:33:51.000000;40d1ad0f-36ca-467e-bbc5-f07d09af5382;432.52;0.01000554;UNKNOWN
2016-04-17T02:33:51.000000;2016-04-17T02:33:51.000000;75bb22e5-161e-455a-8ed5-9e70876be74f;432.76;0.01;UNKNOWN
2016-04-17T02:33:52.000000;2016-04-17T02:33:52.000000;4d7d212f-60ad-4585-8ade-968c5dd59e96;432.52;0.01101181;UNKNOWN
2016-04-17T02:33:52.000000;2016-04-17T02:33:52.000000;31fd7806-5358-4c8f-8d86-9295651b4b77;432.52;0.01000554;UNKNOWN
2016-04-17T02:33:58.000000;2016-04-17T02:33:58.000000;2bbc9493-af46-4ed9-89ea-22f5060c70c2;432.52;0.01101181;UNKNOWN
2016-04-17T02:33:59.000000;2016-04-17T02:33:59.000000;576eca5c-47d2-4e68-9a59-1a7299fdae7c;432.52;0.01101181;UNKNOWN
2016-04-17T02:35:04.000000;2016-04-17T02:35:04.000000;3e7af6ec-c2ac-4ce0-8c9e-a561e5154695;432.67;0.03;UNKNOWN
2016-04-17T02:35:07.000000;2016-04-17T02:35:07.000000;f9b44e31-7545-40dc-97de-0eecf660cf9c;432.66;0.01934552;UNKNOWN
2016-04-17T02:35:19.000000;2016-04-17T02:35:19.000000;4ab9a799-6090-421b-9aa5-81df1b86e10e;432.66;0.01311475;UNKNOWN
2016-04-17T02:37:48.000000;2016-04-17T02:37:48.000000;740fc3cf-7df7-4bb3-91aa-d3f6e26e679d;432.65;0.02195945;UNKNOWN
2016-04-17T02:38:57.000000;2016-04-17T02:38:57.000000;a0cf1abb-26cf-4736-a3f6-bdda51dd1156;432.65;0.08485459;UNKNOWN
2016-04-17T02:38:59.000000;2016-04-17T02:38:59.000000;445dfbd6-2982-4c2e-8cce-af9eaaab6d5c;432.65;0.08485362;UNKNOWN
2016-04-17T02:39:03.000000;2016-04-17T02:39:03.000000;2ebaa2d3-2659-4f00-9a16-68b3ea252a28;432.65;0.08464932;UNKNOWN
2016-04-17T02:39:03.000000;2016-04-17T02:39:03.000000;caa992d6-9a78-4c89-b93d-71851eaa17d9;432.65;0.15091239;UNKNOWN
2016-04-17T02:39:04.000000;2016-04-17T02:39:04.000000;748990c0-ddb5-49be-9506-e7e53261cf7b;432.65;0.08498834;UNKNOWN
2016-04-17T02:39:05.000000;2016-04-17T02:39:05.000000;ce02c0ec-616f-47c0-8218-500876511c82;432.65;0.08480984;UNKNOWN
2016-04-17T02:39:12.000000;2016-04-17T02:39:12.000000;31128486-7dfc-445e-acdb-8c33e863c3c5;432.65;0.11579845;UNKNOWN
2016-04-17T02:39:29.000000;2016-04-17T02:39:29.000000;ad0b4672-e764-4ace-ac63-8ed056c2a50c;432.65;0.0141;UNKNOWN
2016-04-17T02:39:59.000000;2016-04-17T02:39:59.000000;b1b607ba-8bd0-45fc-8db7-801c6eb304ac;432.65;0.066001;UNKNOWN
2016-04-17T02:40:19.000000;2016-04-17T02:40:19.000000;5779c61e-1fd4-4d97-ac4a-9e691c2cff3b;432.65;0.0797641;UNKNOWN
2016-04-17T02:40:22.000000;2016-04-17T02:40:22.000000;a54470ed-bfb9-47ab-8bc8-45dae827c8f2;432.65;0.06315285;UNKNOWN
2016-04-17T02:40:29.000000;2016-04-17T02:40:29.000000;a128c578-a171-4af9-9b6e-dce327f608fa;432.51;0.05570996;UNKNOWN
2016-04-17T02:40:31.000000;2016-04-17T02:40:31.000000;fb422a84-6332-4a5d-bfe2-87cfb8e3c07f;432.51;0.05209946;UNKNOWN
2016-04-17T02:40:33.000000;2016-04-17T02:40:33.000000;309b0372-d4f7-4628-976c-820c9c1dbc5d;432.51;0.08485676;UNKNOWN
2016-04-17T02:41:03.000000;2016-04-17T02:41:03.000000;94084681-8aed-43f3-be0f-25d400bdfec9;432.51;0.08484118;UNKNOWN
2016-04-17T02:41:40.000000;2016-04-17T02:41:40.000000;a7f8e071-3a0f-440b-848f-1e9cd69f47a0;432.51;0.05344739;UNKNOWN
2016-04-17T02:41:43.000000;2016-04-17T02:41:43.000000;9cb36011-c33c-4a68-bbe2-03dd0033cb7a;432.51;0.02411186;UNKNOWN
2016-04-17T02:41:47.000000;2016-04-17T02:41:47.000000;579e930d-66fb-4beb-97f0-7237f8df6831;432.51;0.02957872;UNKNOWN
2016-04-17T02:41:48.000000;2016-04-17T02:41:48.000000;f731a734-7eac-40f1-8ecb-02de3d6bd848;432.51;0.08484119;UNKNOWN
2016-04-17T02:41:48.000000;2016-04-17T02:41:48.000000;ff69fe4a-c5c1-4b5a-ba29-0e062663e480;432.51;0.08484119;UNKNOWN
2016-04-17T02:41:49.000000;2016-04-17T02:41:49.000000;6099383a-f7ce-408f-abef-b4331e611529;432.51;0.01015543;UNKNOWN
2016-04-17T02:41:50.000000;2016-04-17T02:41:50.000000;1e1e1bb9-25fb-4ed7-9b2f-4eb1a7152666;432.51;0.0622709;UNKNOWN
2016-04-17T02:42:34.000000;2016-04-17T02:42:34.000000;6ee37060-edc5-45d6-9ec5-75e417af5577;432.51;0.08484119;UNKNOWN
2016-04-17T02:42:35.000000;2016-04-17T02:42:35.000000;d4287ecf-9d2d-4cd1-8965-a303b824c23c;432.51;0.0357058;UNKNOWN
2016-04-17T02:42:35.000000;2016-04-17T02:42:35.000000;517f8bd6-e70e-4faa-8707-0ac69a14ee75;432.51;0.08484216;UNKNOWN
2016-04-17T02:42:41.000000;2016-04-17T02:42:41.000000;ed649309-9395-432a-b108-9a71c304e110;432.51;0.03782193;UNKNOWN
2016-04-17T02:43:06.000000;2016-04-17T02:43:06.000000;3df5a83f-0818-4a6e-bbba-dda82c7a297c;432.51;0.03898696;UNKNOWN
2016-04-17T02:43:07.000000;2016-04-17T02:43:07.000000;32257f72-baf6-402f-b754-3e8d70d5f9d2;432.51;0.05459966;UNKNOWN
2016-04-17T02:43:09.000000;2016-04-17T02:43:09.000000;739d9ae6-0fa9-4a03-9535-7303b45c7177;432.51;0.03898696;UNKNOWN
2016-04-17T02:43:11.000000;2016-04-17T02:43:11.000000;2ee46a35-2b11-42ce-b631-bbba21bb58ef;432.51;0.02244987;UNKNOWN
2016-04-17T02:43:11.000000;2016-04-17T02:43:11.000000;d0b850a6-5409-4486-a7c4-8613f8395d1b;432.51;0.03897917;UNKNOWN
2016-04-17T02:43:42.000000;2016-04-17T02:43:42.000000;f5a627d9-a498-4069-870a-a5236de251af;432.51;2.0;UNKNOWN
2016-04-17T02:43:54.000000;2016-04-17T02:43:54.000000;4427a837-9cc8-479e-981f-6a92526a7d53;432.51;0.08485481;UNKNOWN
2016-04-17T02:44:34.000000;2016-04-17T02:44:34.000000;cfac60ae-0bfb-4339-970d-d5affafe07af;432.51;0.68526026;UNKNOWN
2016-04-17T02:45:43.000000;2016-04-17T02:45:43.000000;2c642017-0171-49cf-8bf9-6e9e0cca8f1f;432.51;0.239925;UNKNOWN
2016-04-17T02:45:44.000000;2016-04-17T02:45:44.000000;2041bb5d-9656-49b7-8a82-9c9498c1e579;432.51;0.776134;UNKNOWN
2016-04-17T02:45:45.000000;2016-04-17T02:45:45.000000;a7010d3a-bc4b-445a-9cf2-c74e82daf9f1;432.51;0.025403;UNKNOWN
2016-04-17T02:47:27.000000;2016-04-17T02:47:27.000000;85c38596-2cfd-487e-92d2-2bbe23bbd58d;432.51;0.02780062;UNKNOWN
2016-04-17T02:48:14.000000;2016-04-17T02:48:14.000000;738e5dc8-2d77-4c6b-8589-fbf7f6802b6b;432.51;7.108307;UNKNOWN
2016-04-17T02:49:31.000000;2016-04-17T02:49:31.000000;a0d5d4ba-89bd-4e2b-94e7-22e7df9b67dc;432.51;1.12799835;UNKNOWN
2016-04-17T02:49:31.000000;2016-04-17T02:49:31.000000;96892f1f-1887-46c3-9a3d-fc9502a73df5;432.51;5.00215195;UNKNOWN
2016-04-17T02:49:31.000000;2016-04-17T02:49:31.000000;26cdaea4-7f58-4912-b8c5-68abcafc8755;432.08;3.4040977;UNKNOWN
2016-04-17T02:49:31.000000;2016-04-17T02:49:31.000000;d12c39ad-8bb2-4b22-9ad1-071ce6688892;432.51;1.0;UNKNOWN
2016-04-17T02:50:00.000000;2016-04-17T02:50:00.000000;94bc86f4-a9c7-4080-bff9-a578ef022626;432.05;0.08463926;UNKNOWN
2016-04-17T02:50:16.000000;2016-04-17T02:50:16.000000;a0fe6e7e-3e03-492a-aa1a-cafc791f9d9b;432.04;0.08464023;UNKNOWN
2016-04-17T02:50:28.000000;2016-04-17T02:50:28.000000;06d6b427-ca07-489e-90e8-5b4bef6f1c61;432.09;0.21730162;UNKNOWN
2016-04-17T02:50:47.000000;2016-04-17T02:50:47.000000;973282da-ec4c-46a4-b061-8ba8cbed58cb;432.06;2.0824081;UNKNOWN
2016-04-17T02:50:47.000000;2016-04-17T02:50:47.000000;7af3a4bc-d347-428a-82cf-8ba1d49be708;432.05;0.084641;UNKNOWN
2016-04-17T02:50:47.000000;2016-04-17T02:50:47.000000;ca75e4fe-edd9-4d26-a8d3-094431a924bd;432.05;3.5169199;UNKNOWN
2016-04-17T02:50:56.000000;2016-04-17T02:50:56.000000;47d38ef3-3b80-4ee9-960f-b43a430f5a33;432.06;0.01;UNKNOWN
2016-04-17T02:50:56.000000;2016-04-17T02:50:56.000000;7ce79e82-f3df-4d08-8dc8-ca7ab5040820;432.05;4.75145129;UNKNOWN
2016-04-17T02:51:04.000000;2016-04-17T02:51:04.000000;a5168f52-b4a7-475a-83ad-133bbb53322b;432.05;0.01;UNKNOWN
2016-04-17T02:51:40.000000;2016-04-17T02:51:40.000000;a4d15332-78c5-4775-accd-dff6ed2b69d9;432.04;6.8974;UNKNOWN
2016-04-17T02:51:40.000000;2016-04-17T02:51:40.000000;388af0fa-8ac3-4cf4-98f5-2b42f6ec06d0;432.03;1.81371271;UNKNOWN
2016-04-17T02:51:40.000000;2016-04-17T02:51:40.000000;41afcefd-a34e-4d0d-991d-2e0657e668d2;432.05;0.250001;UNKNOWN
2016-04-17T02:51:40.000000;2016-04-17T02:51:40.000000;7cfa7d37-eebe-4dd4-adcc-ad9996296bbd;432.04;1.49506029;UNKNOWN
2016-04-17T02:51:40.000000;2016-04-17T02:51:40.000000;f4190017-9a4b-4499-b1a6-3024363cfbe7;432.04;0.25;UNKNOWN
2016-04-17T02:52:52.000000;2016-04-17T02:52:52.000000;3c7843c3-f53a-4973-89f6-46dfe67c24e6;432.04;0.250001;UNKNOWN
2016-04-17T02:52:56.000000;2016-04-17T02:52:56.000000;c4375ada-0868-4867-a313-5be99738f62f;432.04;0.250001;UNKNOWN
2016-04-17T02:53:02.000000;2016-04-17T02:53:02.000000;6f5c539a-7aad-4cda-ab2d-0ee6e0da616c;432.04;0.97723;UNKNOWN
2016-04-17T02:53:30.000000;2016-04-17T02:53:30.000000;b9a33a35-67bd-45af-982e-a762e05bf634;432.03;0.2829;UNKNOWN
2016-04-17T02:53:30.000000;2016-04-17T02:53:30.000000;13888d4a-e8ee-4f96-8892-be7633a2186a;432.01;21.19445215;UNKNOWN
2016-04-17T02:53:30.000000;2016-04-17T02:53:30.000000;d82843f1-ad19-4532-b596-e9d16a2822d7;432.03;1.54017185;UNKNOWN
2016-04-17T02:55:09.000000;2016-04-17T02:55:09.000000;e90753a4-c8b2-4e0c-9bf8-1a1992d3465a;431.69;0.25;UNKNOWN
2016-04-17T02:55:09.000000;2016-04-17T02:55:09.000000;c4734d9e-1f05-490d-8df9-4ec7630f69fa;431.98;0.1;UNKNOWN
2016-04-17T02:55:09.000000;2016-04-17T02:55:09.000000;43c5034b-0bd8-44d8-bfd6-fa39ba0bac64;431.62;9.23;UNKNOWN
2016-04-17T02:55:09.000000;2016-04-17T02:55:09.000000;88b6530e-7c14-4f7e-9738-2c8b6b32f54f;432.01;3.79554785;UNKNOWN
2016-04-17T02:55:09.000000;2016-04-17T02:55:09.000000;8be8253d-00ff-4103-ae59-71ea997ab682;431.84;0.11;UNKNOWN
2016-04-17T02:55:09.000000;2016-04-17T02:55:09.000000;50cc39a7-f0d7-4455-aee7-273e84715edf;431.61;12.5;UNKNOWN
2016-04-17T02:55:09.000000;2016-04-17T02:55:09.000000;61215006-5387-47cc-9175-401a715915f7;431.57;9.04745927;UNKNOWN
2016-04-17T02:55:09.000000;2016-04-17T02:55:09.000000;b166bcd1-1c2d-44f1-a7ad-144c654dc477;431.64;0.25;UNKNOWN
2016-04-17T02:55:09.000000;2016-04-17T02:55:09.000000;66f91045-9370-49c6-a7eb-f6a78878d83c;431.84;4.47983514;UNKNOWN
2016-04-17T02:55:09.000000;2016-04-17T02:55:09.000000;f3404080-4946-44fe-bffb-3dd5776ef8e9;431.9;0.1;UNKNOWN
2016-04-17T02:55:09.000000;2016-04-17T02:55:09.000000;4d139257-2ad7-4868-8954-7be723eac96d;431.6;4.47913284;UNKNOWN
2016-04-17T02:55:09.000000;2016-04-17T02:55:09.000000;571d4ef7-dedc-4757-9ed1-63a9fb31a59d;431.93;4.47978497;UNKNOWN
2016-04-17T02:55:09.000000;2016-04-17T02:55:09.000000;abd81e6a-6d35-4418-94f8-5a9142d2ec6b;431.7;0.25;UNKNOWN
2016-04-17T02:55:09.000000;2016-04-17T02:55:09.000000;ea60d5de-ab4a-43d0-b274-ceeb3b2cb41a;432.0;49.99;UNKNOWN
2016-04-17T02:55:09.000000;2016-04-17T02:55:09.000000;2a9a7456-486e-4014-bc6a-868aa57456b6;431.83;0.25;UNKNOWN
2016-04-17T02:55:09.000000;2016-04-17T02:55:09.000000;9c0ba498-2f4f-49a1-9b05-f16b8f485f9a;431.77;4.479183;UNKNOWN
2016-04-17T02:55:09.000000;2016-04-17T02:55:09.000000;459b82cc-4d2c-4005-a3a2-86c053d82fa6;431.69;4.47913284;UNKNOWN
2016-04-17T02:55:09.000000;2016-04-17T02:55:09.000000;af11a4f5-9603-4f96-bcd5-9729725bba3f;431.8;4.47983514;UNKNOWN
2016-04-17T02:55:09.000000;2016-04-17T02:55:09.000000;1a87ce49-4b24-4a54-9faa-a8e7c46594dd;431.65;4.47913284;UNKNOWN
2016-04-17T02:55:09.000000;2016-04-17T02:55:09.000000;c3f60269-533a-4ae7-b5a8-af8bb5525856;431.74;4.479183;UNKNOWN
2016-04-17T02:55:09.000000;2016-04-17T02:55:09.000000;cbf96230-2c03-4051-b8aa-8acb83f398de;431.88;4.47978497;UNKNOWN
2016-04-17T02:55:09.000000;2016-04-17T02:55:09.000000;142ee307-dffc-42f1-a267-29b1b541df0f;431.75;0.174;UNKNOWN
2016-04-17T02:55:09.000000;2016-04-17T02:55:09.000000;c4486e83-1e89-4ab2-8788-f15578efbe6b;431.94;6.9215;UNKNOWN
2016-04-17T02:55:09.000000;2016-04-17T02:55:09.000000;ab3e1d06-c7da-45d3-abcd-74f1635553b2;431.75;4.47983514;UNKNOWN
2016-04-17T02:55:36.000000;2016-04-17T02:55:36.000000;8a1bb5fe-aa39-4326-b704-217c2f1153cc;432.01;0.15082235;UNKNOWN
2016-04-17T02:55:38.000000;2016-04-17T02:55:38.000000;9d24743d-2137-424d-b5a4-91c51633f83a;432.01;0.09917865;UNKNOWN
2016-04-17T02:55:41.000000;2016-04-17T02:55:41.000000;49d48bac-6ded-4152-83d5-090ecd6576bf;432.0;0.08583674;UNKNOWN
2016-04-17T02:55:43.000000;2016-04-17T02:55:43.000000;b0ebdb78-3998-4298-8c0b-50ade10da748;432.0;0.04964159;UNKNOWN
2016-04-17T02:55:43.000000;2016-04-17T02:55:43.000000;fe7f328c-9281-424c-96a1-d21f1801fa7d;432.0;0.04753367;UNKNOWN
2016-04-17T02:55:44.000000;2016-04-17T02:55:44.000000;07b687ad-56ea-4efa-bfe3-4a93c90d9699;432.0;0.01946483;UNKNOWN
2016-04-17T02:55:44.000000;2016-04-17T02:55:44.000000;aa1e92bc-ec06-4f8a-84ee-644ab220472f;432.0;0.04752417;UNKNOWN
2016-04-17T02:55:46.000000;2016-04-17T02:55:46.000000;4c4df520-a4d0-445c-9b7f-da57c46b208f;432.01;0.0991765;UNKNOWN
2016-04-17T02:55:46.000000;2016-04-17T02:55:46.000000;d55912c1-e8aa-417d-b2ea-43562a134f80;432.01;0.0511945;UNKNOWN
2016-04-17T02:56:03.000000;2016-04-17T02:56:03.000000;0f5e7542-571e-4745-af78-f4cf922323c1;431.99;0.48861;UNKNOWN
2016-04-17T02:56:35.000000;2016-04-17T02:56:35.000000;f00e8ac3-e11d-45ba-b6c6-9ac51fd3f2a6;431.99;0.0158988;UNKNOWN
2016-04-17T02:56:47.000000;2016-04-17T02:56:47.000000;6d50e5f2-5643-476c-bad7-dec47513a584;431.6;0.174;UNKNOWN
2016-04-17T02:56:47.000000;2016-04-17T02:56:47.000000;4cbecafd-d16b-461a-9c9b-8b695a759f15;431.55;0.25;UNKNOWN
2016-04-17T02:56:47.000000;2016-04-17T02:56:47.000000;eb293e6d-a71f-4d32-84af-f3dc5f3b1b62;431.52;98.29640622;UNKNOWN
2016-04-17T02:56:47.000000;2016-04-17T02:56:47.000000;8fe3e027-d2ce-4d6e-b2f8-13ee22834ea5;431.56;0.89;UNKNOWN
2016-04-17T02:56:47.000000;2016-04-17T02:56:47.000000;1ae70b92-31dd-4567-9dd7-26ee67a6d07f;431.54;6.4857;UNKNOWN
2016-04-17T02:56:47.000000;2016-04-17T02:56:47.000000;6fc64ed7-dc40-4b27-9db3-94bca5d6a106;431.98;0.250001;UNKNOWN
2016-04-17T02:56:47.000000;2016-04-17T02:56:47.000000;1e251b0c-d910-4afa-8c60-d5c6a6cee33f;431.56;3.42493325;UNKNOWN
2016-04-17T02:56:47.000000;2016-04-17T02:56:47.000000;56189fd6-81f4-42a5-8fc2-73908621fcb7;431.57;1.24590053;UNKNOWN
2016-04-17T02:57:02.000000;2016-04-17T02:57:02.000000;ef7f55ea-4a14-4b11-a45d-4fe8b9e6ed71;431.91;0.24431;UNKNOWN
2016-04-17T02:57:43.000000;2016-04-17T02:57:43.000000;7ebae302-182c-4c53-9eb0-d48e7fae413b;431.67;0.250001;UNKNOWN
2016-04-17T02:57:43.000000;2016-04-17T02:57:43.000000;0a9d87c3-2ff4-4aa6-b539-dbfa393d33ee;431.67;0.041331;UNKNOWN
2016-04-17T02:57:52.000000;2016-04-17T02:57:52.000000;b0173961-5cba-4159-9b56-881d8b68408b;431.57;0.06545315;UNKNOWN
2016-04-17T02:57:56.000000;2016-04-17T02:57:56.000000;a4e0b3af-51b6-4ed4-9ed8-d828a4b3ccba;431.57;0.06545315;UNKNOWN
2016-04-17T02:58:03.000000;2016-04-17T02:58:03.000000;cf51ae7b-7d8e-48a8-8628-e244032daacc;431.58;0.12215;UNKNOWN
2016-04-17T02:58:22.000000;2016-04-17T02:58:22.000000;1e4851ff-2c10-4951-a9d8-59c3a385b3cc;431.57;0.250001;UNKNOWN
2016-04-17T02:58:22.000000;2016-04-17T02:58:22.000000;02283850-aba2-46a4-9936-c41eca896ede;431.52;1.70359378;UNKNOWN
2016-04-17T02:58:22.000000;2016-04-17T02:58:22.000000;f09ddbf8-8997-468c-81aa-c38fc468da53;431.57;0.250001;UNKNOWN
2016-04-17T02:58:22.000000;2016-04-17T02:58:22.000000;1390131c-54ae-4c67-9bd1-4fb76d049946;431.57;0.03243124;UNKNOWN
2016-04-17T02:58:22.000000;2016-04-17T02:58:22.000000;bc40ea4d-9667-4462-88c1-31a0743adc1a;431.51;16.86231598;UNKNOWN
2016-04-17T02:58:22.000000;2016-04-17T02:58:22.000000;b0409225-c006-4ce3-80b5-150518042748;431.57;0.08666346;UNKNOWN
2016-04-17T02:58:28.000000;2016-04-17T02:58:28.000000;9854c7b7-f50d-49b4-ac36-409c3f49bee7;431.54;0.200835;UNKNOWN
2016-04-17T02:58:29.000000;2016-04-17T02:58:29.000000;162411c1-53a1-44c8-82e3-19eb15010635;431.58;0.08650743;UNKNOWN
2016-04-17T02:58:30.000000;2016-04-17T02:58:30.000000;15526143-e9e4-4e55-8b7b-32855960bd5d;431.58;0.08650743;UNKNOWN
2016-04-17T02:58:42.000000;2016-04-17T02:58:42.000000;8bb68378-424b-4dcf-a30f-c8e22e86ae5d;431.58;0.08666145;UNKNOWN
2016-04-17T02:58:43.000000;2016-04-17T02:58:43.000000;f033c279-3ef0-420c-9dc7-1bbcb2a408a1;431.58;0.08667551;UNKNOWN
2016-04-17T02:58:44.000000;2016-04-17T02:58:44.000000;3df139da-1e33-4b5f-aab9-72c68e4fe20b;431.58;0.08666145;UNKNOWN
2016-04-17T02:58:45.000000;2016-04-17T02:58:45.000000;c8822c18-33fe-42b3-a66d-e69369edacf7;431.58;0.08667551;UNKNOWN
2016-04-17T02:58:48.000000;2016-04-17T02:58:48.000000;3ce211c3-140e-40bd-bc65-0448dbc33412;431.58;0.40997622;UNKNOWN
2016-04-17T02:58:48.000000;2016-04-17T02:58:48.000000;ea5eb403-e891-4db7-81ed-abe374db00d1;431.51;2.1119708;UNKNOWN
2016-04-17T02:59:02.000000;2016-04-17T02:59:02.000000;73fbfe12-9cc0-4fa7-bdbf-dca3c69c8323;431.52;0.06108;UNKNOWN
2016-04-17T02:59:05.000000;2016-04-17T02:59:05.000000;88e2b1c9-d411-419f-8529-282291d04c0d;431.51;0.06130061;UNKNOWN
2016-04-17T02:59:08.000000;2016-04-17T02:59:08.000000;20e8834c-0484-417b-bc51-bd9af2695a6e;431.51;0.06130061;UNKNOWN
2016-04-17T02:59:15.000000;2016-04-17T02:59:15.000000;61941898-4256-468b-8ab2-f65981617861;431.51;0.08687094;UNKNOWN
2016-04-17T02:59:16.000000;2016-04-17T02:59:16.000000;7400aacd-688d-403f-a266-bc79589b2cd8;431.51;0.677349;UNKNOWN
2016-04-17T02:59:17.000000;2016-04-17T02:59:17.000000;1d63ba62-8f4f-4cac-ab9e-a3616e23d14e;431.51;0.08652147;UNKNOWN
2016-04-17T02:59:18.000000;2016-04-17T02:59:18.000000;aecb0dc7-8f6d-4908-acc0-09769bd580db;431.51;0.41204144;UNKNOWN
2016-04-17T02:59:18.000000;2016-04-17T02:59:18.000000;5e8e3950-b02e-4b31-a2d7-607466af2020;431.51;0.08687094;UNKNOWN
2016-04-17T02:59:20.000000;2016-04-17T02:59:20.000000;90684a5e-467d-45db-8b74-23cda3b02b38;431.6;0.0867162;UNKNOWN
2016-04-17T02:59:21.000000;2016-04-17T02:59:21.000000;ca9e8b0b-da98-4b03-aed4-b2f7b49c528a;431.6;0.316978;UNKNOWN
2016-04-17T02:59:21.000000;2016-04-17T02:59:21.000000;d8e0f744-3239-4c4e-b6ad-ba2f908be064;431.6;0.08671454;UNKNOWN
2016-04-17T02:59:28.000000;2016-04-17T02:59:28.000000;33e6c436-bfa4-4616-ac8f-67144fbb574e;431.6;0.46801921;UNKNOWN
2016-04-17T02:59:36.000000;2016-04-17T02:59:36.000000;b10372df-5763-40a9-a8ec-70371d870f3f;431.6;0.54865449;UNKNOWN
2016-04-17T02:59:37.000000;2016-04-17T02:59:37.000000;433bcc4a-9763-47e2-8e38-fe36fe04a8ed;431.6;0.08679593;UNKNOWN
2016-04-17T02:59:37.000000;2016-04-17T02:59:37.000000;c09fd656-655b-4936-ba92-4a2034732923;431.6;0.06462926;UNKNOWN
2016-04-17T02:59:37.000000;2016-04-17T02:59:37.000000;6cd49b1f-3707-4325-ae89-b7d84c39bc25;431.6;0.02899218;UNKNOWN
2016-04-17T02:59:39.000000;2016-04-17T02:59:39.000000;c9d6322c-b21e-45fb-b841-787cd1969a16;431.6;0.02899218;UNKNOWN
2016-04-17T02:59:44.000000;2016-04-17T02:59:44.000000;15ddd7d1-1989-4417-91ef-6c3b5930711d;431.6;0.08679691;UNKNOWN
2016-04-17T02:59:50.000000;2016-04-17T02:59:50.000000;eccf0101-47f4-415d-9f0f-8dbe9efa422d;431.6;0.08679886;UNKNOWN
2016-04-17T02:59:50.000000;2016-04-17T02:59:50.000000;f7c40346-e57d-4379-87a2-e0bcf8911788;431.6;0.08680081;UNKNOWN
2016-04-17T02:59:51.000000;2016-04-17T02:59:51.000000;c4a42555-ba22-4ad7-b8a4-46b98337d0c1;431.6;0.390793;UNKNOWN
2016-04-17T02:59:54.000000;2016-04-17T02:59:54.000000;94d1526a-b8d2-4962-916e-d6759fed8fdc;431.6;0.947714;UNKNOWN
2016-04-17T02:59:54.000000;2016-04-17T02:59:54.000000;9a451896-d2ec-4677-b340-b3b6b30f6a9c;431.6;0.08679983;UNKNOWN
2016-04-17T02:59:59.000000;2016-04-17T02:59:59.000000;26dd2297-2fb4-4ba1-8e10-a5c3a9576dd7;431.6;0.530925;UNKNOWN
2016-04-17T02:59:59.000000;2016-04-17T02:59:59.000000;e6b30c1a-6522-47c8-9886-529c3fe0ac90;431.6;0.08679788;UNKNOWN
2016-04-17T02:59:59.000000;2016-04-17T02:59:59.000000;84d9e871-2c4f-499c-a6d3-e5ff839dccff;431.6;0.02319561;UNKNOWN
2016-04-17T03:00:02.000000;2016-04-17T03:00:02.000000;a8a95705-0bd1-49b9-829a-f1d518aaf437;431.43;0.174;UNKNOWN
2016-04-17T03:00:02.000000;2016-04-17T03:00:02.000000;1365ebf7-657e-423c-aac5-440aa3b233d2;431.61;0.03054;UNKNOWN
2016-04-17T03:00:02.000000;2016-04-17T03:00:02.000000;8459816a-bc5a-4778-aa75-21312aab65eb;431.6;0.95688611;UNKNOWN
2016-04-17T03:00:02.000000;2016-04-17T03:00:02.000000;719784a8-7acf-442a-b942-fd23a4f6c5af;431.5;0.2321;UNKNOWN
2016-04-17T03:00:02.000000;2016-04-17T03:00:02.000000;8fdae69b-b2a8-4b7e-9ff4-665e442d9655;431.43;7.85766332;UNKNOWN
2016-04-17T03:00:02.000000;2016-04-17T03:00:02.000000;ebd68b6d-3926-429f-a8c4-53edabe423f2;431.44;0.25;UNKNOWN
2016-04-17T03:00:02.000000;2016-04-17T03:00:02.000000;52aaf5ca-ead1-4d71-a849-22180054e871;431.51;4.54345821;UNKNOWN
2016-04-17T03:00:02.000000;2016-04-17T03:00:02.000000;3d6b0dae-0871-476e-9a61-ef173c14fbab;431.51;0.25;UNKNOWN
2016-04-17T03:00:02.000000;2016-04-17T03:00:02.000000;15f122d0-85d8-4ae6-b2bb-8c069499c186;431.44;0.25;UNKNOWN
2016-04-17T03:00:02.000000;2016-04-17T03:00:02.000000;b6a16497-fb63-47d0-b24c-f3ae46cfe172;431.43;0.25;UNKNOWN
2016-04-17T03:00:02.000000;2016-04-17T03:00:02.000000;6a83fdb4-6167-47fd-a17f-f32041cdd175;431.43;0.25;UNKNOWN
2016-04-17T03:00:02.000000;2016-04-17T03:00:02.000000;83a00fef-e524-4a91-9130-442cc867b54e;431.42;20.0;UNKNOWN
2016-04-17T03:00:02.000000;2016-04-17T03:00:02.000000;7c4259e1-5137-43a1-a133-f7c89feec3a3;431.42;12.37840296;UNKNOWN
2016-04-17T03:00:02.000000;2016-04-17T03:00:02.000000;52bb41a5-993f-4ef1-9974-150340802c11;431.41;24.7121784;UNKNOWN
2016-04-17T03:00:06.000000;2016-04-17T03:00:06.000000;926eda02-6664-4347-887c-c3daba068ea7;431.41;0.04756799;UNKNOWN
2016-04-17T03:00:08.000000;2016-04-17T03:00:08.000000;118def2f-c16e-416b-8459-b7d5a6218c98;431.41;0.08746399;UNKNOWN
2016-04-17T03:00:09.000000;2016-04-17T03:00:09.000000;7577ac76-0ed2-4227-8125-f95f3e0eb6bc;431.41;0.08679886;UNKNOWN
2016-04-17T03:00:09.000000;2016-04-17T03:00:09.000000;d8196b2c-24f5-428a-a4b0-fbdb1aab339c;431.41;0.01620589;UNKNOWN
2016-04-17T03:00:09.000000;2016-04-17T03:00:09.000000;9fed2afd-9d84-4d44-b343-1919df2ea81a;431.41;0.01766122;UNKNOWN
2016-04-17T03:00:09.000000;2016-04-17T03:00:09.000000;451214f6-31a0-4e51-9a54-ba0b458a0edb;431.41;0.01734519;UNKNOWN
2016-04-17T03:00:09.000000;2016-04-17T03:00:09.000000;479a5933-0ccd-4d5f-8b32-7761680956eb;431.41;0.41673928;UNKNOWN
2016-04-17T03:00:10.000000;2016-04-17T03:00:10.000000;b4bff4a5-4889-479f-a8c5-81ab06d6140e;431.41;0.01734117;UNKNOWN
2016-04-17T03:00:10.000000;2016-04-17T03:00:10.000000;843ad3f8-346b-447a-bfbc-60d2a09586e2;431.41;0.01734117;UNKNOWN
2016-04-17T03:00:10.000000;2016-04-17T03:00:10.000000;e8313012-c21d-408e-87a6-afe2d9905c6c;431.41;0.01620589;UNKNOWN
2016-04-17T03:00:10.000000;2016-04-17T03:00:10.000000;98d7261c-6321-4dee-bc7b-b8bea3fd2c1b;431.41;0.08679886;UNKNOWN
2016-04-17T03:00:10.000000;2016-04-17T03:00:10.000000;29c07286-5939-4916-b161-729eba2983cf;431.41;0.08679886;UNKNOWN
2016-04-17T03:00:10.000000;2016-04-17T03:00:10.000000;e99d64be-e83b-44d9-b01e-e4a72ab4a821;431.41;0.08681786;UNKNOWN
2016-04-17T03:00:10.000000;2016-04-17T03:00:10.000000;dfe90b5c-956d-4b5d-b0c8-60f5c7fb49f7;431.41;0.01766122;UNKNOWN
2016-04-17T03:00:10.000000;2016-04-17T03:00:10.000000;f9be90c1-6104-48a6-a589-a6bdbaf76805;431.41;0.01766122;UNKNOWN
2016-04-17T03:00:11.000000;2016-04-17T03:00:11.000000;801d7612-c287-43aa-bfbe-f6f341e4eb20;431.41;0.08683221;UNKNOWN
2016-04-17T03:00:11.000000;2016-04-17T03:00:11.000000;73595db0-13d8-44dd-b857-8b7a5895f904;431.41;0.01769389;UNKNOWN
2016-04-17T03:00:11.000000;2016-04-17T03:00:11.000000;13bcadc5-0255-4fb3-b302-c8942e38ccba;431.41;0.08683623;UNKNOWN
2016-04-17T03:00:13.000000;2016-04-17T03:00:13.000000;db3d76b7-f9e5-4a3c-97fb-e4ce40a6e194;431.41;0.38269494;UNKNOWN
2016-04-17T03:00:14.000000;2016-04-17T03:00:14.000000;1e44dd63-dd1a-4f36-b542-b170b8aeacf2;431.41;0.01642108;UNKNOWN
2016-04-17T03:00:15.000000;2016-04-17T03:00:15.000000;665d78c5-a24e-4081-88a2-73c7e0a890cb;431.41;0.085545;UNKNOWN
2016-04-17T03:00:18.000000;2016-04-17T03:00:18.000000;017145bd-5074-4043-b361-202a368a6b54;431.41;0.01645157;UNKNOWN
2016-04-17T03:00:20.000000;2016-04-17T03:00:20.000000;8d903398-9485-4e40-a8a6-2295b159c6fe;431.41;0.01645157;UNKNOWN
2016-04-17T03:00:21.000000;2016-04-17T03:00:21.000000;b8ed323b-3243-4e24-90eb-33ca29547322;431.41;0.08732003;UNKNOWN
2016-04-17T03:00:21.000000;2016-04-17T03:00:21.000000;2afee329-7428-4ffe-a52e-4bf450d7268c;431.41;0.95496199;UNKNOWN
2016-04-17T03:00:25.000000;2016-04-17T03:00:25.000000;26cac305-285d-4571-b61b-86f3ad3e96a4;431.41;0.08732003;UNKNOWN
2016-04-17T03:00:25.000000;2016-04-17T03:00:25.000000;f6a66da4-02da-445a-be0d-1acb8b095288;431.41;0.01648124;UNKNOWN
2016-04-17T03:00:26.000000;2016-04-17T03:00:26.000000;e5fa9e65-9e53-4956-ad6a-ec85c7b01fd3;431.41;0.07869489;UNKNOWN
2016-04-17T03:00:29.000000;2016-04-17T03:00:29.000000;5dc2a94b-1bef-41f4-868e-150a2bfd46c3;431.41;0.06425399;UNKNOWN
2016-04-17T03:00:30.000000;2016-04-17T03:00:30.000000;e9668f6f-189e-47c1-b876-547169efcc44;431.41;1.038329;UNKNOWN
2016-04-17T03:00:35.000000;2016-04-17T03:00:35.000000;c1657283-f4a4-41a2-8578-c74b31197c16;431.41;0.06430399;UNKNOWN
2016-04-17T03:00:37.000000;2016-04-17T03:00:37.000000;2b2c91a5-b948-498b-a6df-a1811520499f;431.41;0.08747752;UNKNOWN
2016-04-17T03:00:37.000000;2016-04-17T03:00:37.000000;a1671a22-9dab-4353-a229-2e5c6dc1eaca;431.41;0.51507699;UNKNOWN
2016-04-17T03:00:37.000000;2016-04-17T03:00:37.000000;7f09135f-c5b0-448e-80b4-d0c7eaa0f81f;431.41;0.17086699;UNKNOWN
2016-04-17T03:00:38.000000;2016-04-17T03:00:38.000000;95bf09ae-0f6f-4934-ac1d-1bed9dbbd142;431.41;0.08732003;UNKNOWN
2016-04-17T03:00:41.000000;2016-04-17T03:00:41.000000;cdde79b6-73ab-4928-aa0a-605cf5bcf63b;431.41;0.08747752;UNKNOWN
2016-04-17T03:00:41.000000;2016-04-17T03:00:41.000000;7f51b2f0-a884-46ca-b132-6ec5d6ec0926;431.41;0.06497499;UNKNOWN
2016-04-17T03:00:42.000000;2016-04-17T03:00:42.000000;da428657-689f-43aa-9665-349271671409;431.41;0.08747752;UNKNOWN
2016-04-17T03:00:43.000000;2016-04-17T03:00:43.000000;da51540f-104b-4ff7-96c0-a3e227bffedd;431.41;0.08732003;UNKNOWN
2016-04-17T03:00:43.000000;2016-04-17T03:00:43.000000;3cb186ae-fd74-48c5-8468-b7b140c5c23e;431.41;0.08747752;UNKNOWN
2016-04-17T03:00:43.000000;2016-04-17T03:00:43.000000;9aa65d3b-683d-4d43-b8be-ab7158ddd1f7;431.41;0.08747752;UNKNOWN
2016-04-17T03:00:45.000000;2016-04-17T03:00:45.000000;0704f32a-38d9-460d-a05b-1048577eda8b;431.41;0.08747752;UNKNOWN
2016-04-17T03:00:45.000000;2016-04-17T03:00:45.000000;f07ec5c8-3be5-4987-ba3b-3a4b532423a7;431.41;0.74602699;UNKNOWN
2016-04-17T03:00:46.000000;2016-04-17T03:00:46.000000;71fb1b70-20af-4cb5-b8c6-609173e0ad14;431.41;0.08747752;UNKNOWN
2016-04-17T03:00:46.000000;2016-04-17T03:00:46.000000;cc8969ea-ef29-41b0-aae6-3e3d86d95906;431.41;0.08747752;UNKNOWN
2016-04-17T03:00:46.000000;2016-04-17T03:00:46.000000;32dfce58-d0e8-4a51-a0a7-ec09a7c0c1fd;431.41;0.08747752;UNKNOWN
2016-04-17T03:00:47.000000;2016-04-17T03:00:47.000000;bdb87baf-7348-47cf-9cc5-92c5f27a714d;431.41;0.08747752;UNKNOWN
2016-04-17T03:00:47.000000;2016-04-17T03:00:47.000000;5259f16d-9c46-4a44-9370-33760e2dfe16;431.41;0.07621985;UNKNOWN
2016-04-17T03:00:49.000000;2016-04-17T03:00:49.000000;e6f26244-ffd1-4042-9f58-b596a61ff53a;431.41;0.01992064;UNKNOWN
2016-04-17T03:00:49.000000;2016-04-17T03:00:49.000000;d4553fbc-05fd-4a64-9c48-d248a3276332;431.41;0.08747752;UNKNOWN
2016-04-17T03:00:49.000000;2016-04-17T03:00:49.000000;dc5b6641-66ae-432f-8555-8c67de5c1c71;431.41;0.15272497;UNKNOWN
2016-04-17T03:00:50.000000;2016-04-17T03:00:50.000000;86a86c8a-331f-4a88-905e-ca186f0ddcd8;431.41;0.08758999;UNKNOWN
2016-04-17T03:00:53.000000;2016-04-17T03:00:53.000000;6ce9eb2d-88d5-4a28-bcdd-0267591b1302;431.41;0.08747752;UNKNOWN
2016-04-17T03:00:54.000000;2016-04-17T03:00:54.000000;ac334340-627e-4d4f-8a2e-4c74f608be33;431.41;18.09304957;UNKNOWN
2016-04-17T03:00:54.000000;2016-04-17T03:00:54.000000;3f545b4b-1070-4c5a-ae89-32cbd39ec43c;431.4;50.0;UNKNOWN
2016-04-17T03:00:54.000000;2016-04-17T03:00:54.000000;8c4a0ef6-e749-4a99-aeee-f46f7ca6d636;431.03;0.05;UNKNOWN
2016-04-17T03:00:54.000000;2016-04-17T03:00:54.000000;a7696058-a0f4-4db8-80b7-56f9abdccda8;431.14;0.0251;UNKNOWN
2016-04-17T03:00:54.000000;2016-04-17T03:00:54.000000;5d5edbcd-3e4a-44ef-877f-8b687ceb9b08;431.0;26.61932251;UNKNOWN
2016-04-17T03:00:54.000000;2016-04-17T03:00:54.000000;83a218ff-df82-481a-9867-dab2f844b58e;431.05;0.25;UNKNOWN
2016-04-17T03:00:54.000000;2016-04-17T03:00:54.000000;8afe600f-cfe3-4595-8fa7-a2a617e96693;431.01;24.99;UNKNOWN
2016-04-17T03:00:54.000000;2016-04-17T03:00:54.000000;dfebd99f-bb54-4901-9a1f-51fb04ae2397;431.1;0.02;UNKNOWN
2016-04-17T03:00:54.000000;2016-04-17T03:00:54.000000;ee6eeeb1-5074-468d-b20d-f1d1a80a54ff;431.01;8.35775892;UNKNOWN
2016-04-17T03:00:54.000000;2016-04-17T03:00:54.000000;1fccb74a-dd23-45f6-96c9-aa89e1cf29ec;431.05;40.0;UNKNOWN
2016-04-17T03:00:54.000000;2016-04-17T03:00:54.000000;18407119-04e5-4080-926b-87d82140c5fb;431.06;0.2;UNKNOWN
2016-04-17T03:00:54.000000;2016-04-17T03:00:54.000000;69eb3ed2-382c-49aa-a8d9-a58656067720;431.41;0.25;UNKNOWN
2016-04-17T03:00:54.000000;2016-04-17T03:00:54.000000;6d313c4c-113c-4de6-a530-b42bf70c3979;431.33;0.23;UNKNOWN
2016-04-17T03:00:54.000000;2016-04-17T03:00:54.000000;7d1be982-1b11-46a8-a511-95f565cf319a;431.24;0.25;UNKNOWN
2016-04-17T03:00:54.000000;2016-04-17T03:00:54.000000;09226610-aeb3-4047-b41f-1b7eb9e66bdf;431.07;9.45;UNKNOWN
2016-04-17T03:00:54.000000;2016-04-17T03:00:54.000000;9cd0faa4-d540-4bec-9b8d-221a6c9471d8;431.41;0.25;UNKNOWN
2016-04-17T03:00:54.000000;2016-04-17T03:00:54.000000;79dd30f9-b402-4d2d-b885-3d5389a83a25;431.06;9.9659;UNKNOWN
2016-04-17T03:00:54.000000;2016-04-17T03:00:54.000000;cfe025d0-f0bf-47f8-bcfe-ac8ef09bc971;431.32;0.25;UNKNOWN
2016-04-17T03:00:55.000000;2016-04-17T03:00:55.000000;a2175b7d-9202-45a5-ba3c-08d9058b3489;431.0;0.06602699;UNKNOWN
2016-04-17T03:00:58.000000;2016-04-17T03:00:58.000000;aa3d2f54-3232-40bd-b16f-0f61fc36bd69;431.01;0.07463797;UNKNOWN
2016-04-17T03:00:59.000000;2016-04-17T03:00:59.000000;34546efc-3658-44ca-99fd-19fc486a39dc;431.01;0.07463797;UNKNOWN
2016-04-17T03:00:59.000000;2016-04-17T03:00:59.000000;a87b9462-abad-4044-9f36-707da2d59d0f;431.01;6.0;UNKNOWN
2016-04-17T03:00:59.000000;2016-04-17T03:00:59.000000;702b9bce-5fb7-422f-b441-59f8dbdda3d2;431.01;0.07463797;UNKNOWN
2016-04-17T03:01:00.000000;2016-04-17T03:01:00.000000;45cb60ad-94fc-4b94-81ac-74c00b2d64ce;431.01;0.07477432;UNKNOWN
2016-04-17T03:01:01.000000;2016-04-17T03:01:01.000000;3ff14baa-f65a-4c7b-a004-5d566dfa8a8d;431.01;0.60863918;UNKNOWN
2016-04-17T03:01:02.000000;2016-04-17T03:01:02.000000;0966c091-ed22-4f2e-95f8-d04c3434c295;431.01;0.07463797;UNKNOWN
2016-04-17T03:01:02.000000;2016-04-17T03:01:02.000000;becc65ba-78bf-4017-be07-4cab014d373d;431.01;0.07463623;UNKNOWN
2016-04-17T03:01:03.000000;2016-04-17T03:01:03.000000;5cdbb890-591c-4b4c-b127-efe0e50383fd;431.01;0.0750253;UNKNOWN
2016-04-17T03:01:03.000000;2016-04-17T03:01:03.000000;95c8106b-7e6c-4477-98ea-3392c2b5ab78;431.05;0.01527;UNKNOWN
2016-04-17T03:01:03.000000;2016-04-17T03:01:03.000000;e42e0589-b7fc-43bb-90f9-f5b55fc5273e;431.01;0.25579199;UNKNOWN
2016-04-17T03:01:07.000000;2016-04-17T03:01:07.000000;7ffeb831-161c-405b-b8b4-15c78de0731a;431.05;0.2;UNKNOWN
2016-04-17T03:01:10.000000;2016-04-17T03:01:10.000000;707779d6-f3fe-40a6-b211-6b3f2da4bb76;431.0;2.0;UNKNOWN
2016-04-17T03:01:10.000000;2016-04-17T03:01:10.000000;db5674b3-ba18-4c39-bb7a-02fd3b33e60b;431.0;3.0;UNKNOWN
2016-04-17T03:01:11.000000;2016-04-17T03:01:11.000000;2a8c308d-2a2f-40c2-a2f0-cfd3a3c0f08c;431.0;0.0880499;UNKNOWN
2016-04-17T03:01:13.000000;2016-04-17T03:01:13.000000;d4bfea6e-c9ad-4726-8922-b58479eaa93d;431.0;0.37315703;UNKNOWN
2016-04-17T03:01:15.000000;2016-04-17T03:01:15.000000;8c3b799b-a8ec-4719-b906-ff20adee97fc;431.0;0.07566673;UNKNOWN
2016-04-17T03:01:15.000000;2016-04-17T03:01:15.000000;ce8e30bb-d9b2-4484-a66a-eae91de9a373;431.0;0.07552786;UNKNOWN
2016-04-17T03:01:21.000000;2016-04-17T03:01:21.000000;c5b3708a-4d4a-41f3-a523-911cfb7702d0;431.0;0.0748578;UNKNOWN
2016-04-17T03:01:21.000000;2016-04-17T03:01:21.000000;92317e9a-41bf-437e-b868-4b1b3f28d656;431.0;0.0875027;UNKNOWN
2016-04-17T03:01:22.000000;2016-04-17T03:01:22.000000;4a483c92-95d1-46fa-99ad-acb46dba009e;431.0;0.08751247;UNKNOWN
2016-04-17T03:01:24.000000;2016-04-17T03:01:24.000000;d4c3a6b5-067a-4e08-8c5f-0c9d7e03cf8a;431.0;0.0880499;UNKNOWN
2016-04-17T03:01:27.000000;2016-04-17T03:01:27.000000;52c89047-520e-40c6-b3b1-ee663e3d5ca9;431.0;1.267152;UNKNOWN
2016-04-17T03:01:30.000000;2016-04-17T03:01:30.000000;9c02e9b1-78cb-4291-bf2d-41d6977f08df;431.0;0.0880499;UNKNOWN
2016-04-17T03:01:35.000000;2016-04-17T03:01:35.000000;51da9ebd-b12c-43aa-b72f-9a3219f086bc;431.0;0.110924;UNKNOWN
2016-04-17T03:01:37.000000;2016-04-17T03:01:37.000000;3caff45d-8565-4ef0-82de-3f7c92bc9f9f;431.0;0.05337056;UNKNOWN
2016-04-17T03:01:39.000000;2016-04-17T03:01:39.000000;4975a428-fb2d-4e8d-8d39-1919927f273f;431.0;0.05337056;UNKNOWN
2016-04-17T03:01:42.000000;2016-04-17T03:01:42.000000;288c8fd5-fa8a-48d3-825f-13028848def7;431.0;0.89202799;UNKNOWN
2016-04-17T03:01:42.000000;2016-04-17T03:01:42.000000;43d5044c-93d2-4a72-b1f7-6959dd04053d;431.0;0.0139287;UNKNOWN
2016-04-17T03:01:42.000000;2016-04-17T03:01:42.000000;bf857ef6-8691-41e7-844a-df0e10cb765b;431.0;0.0139287;UNKNOWN
2016-04-17T03:01:43.000000;2016-04-17T03:01:43.000000;6f260076-cd69-4e83-a3da-4b3f0e6d85ee;431.0;0.01064168;UNKNOWN
2016-04-17T03:01:43.000000;2016-04-17T03:01:43.000000;9154b88e-3abb-4feb-a453-96ec9b9f638e;431.0;0.05337056;UNKNOWN
2016-04-17T03:01:43.000000;2016-04-17T03:01:43.000000;79578a1d-0141-4eb1-9eb9-91e0ac062044;431.0;0.03515641;UNKNOWN
2016-04-17T03:01:44.000000;2016-04-17T03:01:44.000000;64da95ea-56e0-4203-954c-f254722d8bbd;431.0;0.0533718;UNKNOWN
2016-04-17T03:01:44.000000;2016-04-17T03:01:44.000000;5e87506d-50d0-44c8-aa58-7e54031a901e;431.0;0.05337056;UNKNOWN
2016-04-17T03:01:45.000000;2016-04-17T03:01:45.000000;510a205a-575d-4bbb-b809-bee117a45400;431.0;0.01064168;UNKNOWN
2016-04-17T03:01:58.000000;2016-04-17T03:01:58.000000;052ab587-047b-474e-ae65-c7bcab0520fb;431.01;2.65641731;UNKNOWN
2016-04-17T03:01:58.000000;2016-04-17T03:01:58.000000;0e0353b1-03e4-4471-a051-7ee5cece66a0;431.01;0.0325489;UNKNOWN
2016-04-17T03:02:03.000000;2016-04-17T03:02:03.000000;d1080aab-046a-45ca-b548-8dc5ebc62b86;431.05;0.01527;UNKNOWN
2016-04-17T03:02:06.000000;2016-04-17T03:02:06.000000;6d20ac5b-d40b-41d8-9cc7-528413f54255;431.0;1.04278;UNKNOWN
2016-04-17T03:02:16.000000;2016-04-17T03:02:16.000000;83c92e7f-414c-40d2-94ae-a99e7d8ccc41;431.0;0.09158899;UNKNOWN
2016-04-17T03:02:21.000000;2016-04-17T03:02:21.000000;2ba6db56-415c-4e70-9301-b1ad9c472c99;431.0;0.09161899;UNKNOWN
2016-04-17T03:02:26.000000;2016-04-17T03:02:26.000000;3e812bd8-51b7-4f20-a613-c430d0bee2d6;431.0;0.09164899;UNKNOWN
2016-04-17T03:02:30.000000;2016-04-17T03:02:30.000000;d981a7a9-ea70-4a9e-8597-9b8f6f79493a;431.01;0.058;UNKNOWN
2016-04-17T03:02:30.000000;2016-04-17T03:02:30.000000;d5ab3b16-f800-429f-8763-b904b987094e;431.0;0.00622089;UNKNOWN
2016-04-17T03:02:35.000000;2016-04-17T03:02:35.000000;0a22373a-6602-4359-8c78-7ab7c1ac86e2;431.0;0.03783894;UNKNOWN
2016-04-17T03:02:38.000000;2016-04-17T03:02:38.000000;31869e5c-ddff-4cce-831d-84f896884dea;431.0;0.09166999;UNKNOWN
2016-04-17T03:02:41.000000;2016-04-17T03:02:41.000000;e200232c-592e-4d26-a34a-ef3edf63f0ae;431.0;0.025266;UNKNOWN
2016-04-17T03:02:42.000000;2016-04-17T03:02:42.000000;d6fa29ee-f90e-4711-b6ce-577b42e54c3f;431.0;0.09169599;UNKNOWN
2016-04-17T03:02:46.000000;2016-04-17T03:02:46.000000;3891dfe3-5828-4b57-aced-cf76ab1eb959;431.0;0.0474858;UNKNOWN
2016-04-17T03:02:49.000000;2016-04-17T03:02:49.000000;efc20880-29e6-4c6a-9cad-53e597506b4e;431.0;0.05140699;UNKNOWN
2016-04-17T03:02:50.000000;2016-04-17T03:02:50.000000;17c9b4e1-a486-4e69-a773-c4435ba601d8;431.0;0.08037788;UNKNOWN
2016-04-17T03:02:52.000000;2016-04-17T03:02:52.000000;69091b75-a35e-4bd4-9064-71699ddcbc65;431.0;0.08037788;UNKNOWN
2016-04-17T03:02:53.000000;2016-04-17T03:02:53.000000;992bf44e-cae1-4b37-b5aa-80f249281adb;431.0;0.04874094;UNKNOWN
2016-04-17T03:02:55.000000;2016-04-17T03:02:55.000000;46b162ea-8733-4609-8057-b2902eb64530;431.0;0.04874094;UNKNOWN
2016-04-17T03:03:03.000000;2016-04-17T03:03:03.000000;990cf687-930e-434a-a4e2-cbddb2387c10;431.01;0.06275511;UNKNOWN
2016-04-17T03:03:09.000000;2016-04-17T03:03:09.000000;50921019-abee-465c-b9da-39a8cba33ab8;431.01;0.199706;UNKNOWN
2016-04-17T03:03:23.000000;2016-04-17T03:03:23.000000;a019197c-5b24-476d-b0f3-de504191cc6a;431.03;0.08283291;UNKNOWN
2016-04-17T03:03:26.000000;2016-04-17T03:03:26.000000;9e25503b-e7f9-4afd-8d2f-369c2499ff75;431.03;0.05242999;UNKNOWN
2016-04-17T03:03:27.000000;2016-04-17T03:03:27.000000;58d2f26a-79f8-439a-a9f2-5cbc24934707;431.03;0.05242999;UNKNOWN
2016-04-17T03:03:27.000000;2016-04-17T03:03:27.000000;8229bb44-69f8-4c4d-9804-1c402732eb0c;431.03;0.99917299;UNKNOWN
2016-04-17T03:03:27.000000;2016-04-17T03:03:27.000000;890afc34-51ed-471c-bf25-03f3e986b462;431.03;0.08785016;UNKNOWN
2016-04-17T03:03:28.000000;2016-04-17T03:03:28.000000;f6f675fa-a2e3-4937-b0da-6856e50bf535;431.03;0.08784812;UNKNOWN
2016-04-17T03:03:28.000000;2016-04-17T03:03:28.000000;ff69e330-cac2-45cc-b6f1-87deb5ba284c;431.03;0.05689874;UNKNOWN
2016-04-17T03:03:28.000000;2016-04-17T03:03:28.000000;f3b467e6-8b9d-4767-b74c-27694a616222;431.03;0.16692542;UNKNOWN
2016-04-17T03:03:28.000000;2016-04-17T03:03:28.000000;f47be45d-445e-40ac-8110-65b509b7e443;431.03;0.08768996;UNKNOWN
2016-04-17T03:03:29.000000;2016-04-17T03:03:29.000000;f2dc00b0-e2f8-45ec-a1c1-489efc8cdab2;431.03;0.087692;UNKNOWN
2016-04-17T03:03:29.000000;2016-04-17T03:03:29.000000;a05f7631-887a-4463-87f7-0cfd939f25cd;431.03;0.02177288;UNKNOWN
2016-04-17T03:03:29.000000;2016-04-17T03:03:29.000000;2de9edb9-7e82-47f2-990e-f4dd7f4eec75;431.03;0.087692;UNKNOWN
2016-04-17T03:03:29.000000;2016-04-17T03:03:29.000000;1918a593-2d37-43e7-a071-fb6988d264b1;431.03;0.087692;UNKNOWN
2016-04-17T03:03:29.000000;2016-04-17T03:03:29.000000;1e8d8541-a389-4028-8944-31d53390f984;431.03;0.087692;UNKNOWN
2016-04-17T03:03:30.000000;2016-04-17T03:03:30.000000;9df3f0a4-6e44-4984-9373-301ffe87d05d;431.03;0.08768996;UNKNOWN
2016-04-17T03:03:30.000000;2016-04-17T03:03:30.000000;a8e8b182-cb17-4323-92d0-dca98be5468e;431.03;0.08784812;UNKNOWN
2016-04-17T03:03:30.000000;2016-04-17T03:03:30.000000;4b134414-cbfd-4678-a90a-2fcd42aa6d21;431.03;0.16692542;UNKNOWN
2016-04-17T03:03:30.000000;2016-04-17T03:03:30.000000;84cac796-b41b-4258-9e43-91c2e4004ea3;431.03;0.01363499;UNKNOWN
2016-04-17T03:03:30.000000;2016-04-17T03:03:30.000000;13d34fbd-ebcc-4e78-840f-4da554ca8f93;431.03;0.087692;UNKNOWN
2016-04-17T03:03:31.000000;2016-04-17T03:03:31.000000;e52cf09d-1f1e-434d-a03b-376c7669146c;431.03;0.05689874;UNKNOWN
2016-04-17T03:03:31.000000;2016-04-17T03:03:31.000000;11f85ee3-d888-4196-a5ee-fb4582037b53;431.03;0.087692;UNKNOWN
2016-04-17T03:03:31.000000;2016-04-17T03:03:31.000000;e4082be1-e11d-4199-87da-4d9adf95f946;431.03;0.087692;UNKNOWN
2016-04-17T03:03:32.000000;2016-04-17T03:03:32.000000;8f1c4fb3-710b-44ec-96a2-0ab2948ad9d5;431.03;0.01363499;UNKNOWN
2016-04-17T03:03:32.000000;2016-04-17T03:03:32.000000;1f755db2-e0f0-45cf-8c03-090815bd913c;431.03;0.01363499;UNKNOWN
2016-04-17T03:03:36.000000;2016-04-17T03:03:36.000000;3ce4dbfd-b4d1-4c68-ab42-d2c83e7d70a9;431.03;0.06636395;UNKNOWN
2016-04-17T03:03:37.000000;2016-04-17T03:03:37.000000;58749f1b-d136-4ef1-bcd8-d9b268b0a10f;431.03;0.08788526;UNKNOWN
2016-04-17T03:03:37.000000;2016-04-17T03:03:37.000000;02928a08-764d-492f-b73a-96e030373227;431.03;0.05268895;UNKNOWN
2016-04-17T03:03:37.000000;2016-04-17T03:03:37.000000;d579a8d8-4625-4942-b2de-0dd0356e8bf9;431.03;0.20327099;UNKNOWN
2016-04-17T03:03:37.000000;2016-04-17T03:03:37.000000;f23dbb26-8801-4fb4-9935-cb088d73bc81;431.03;0.08788526;UNKNOWN
2016-04-17T03:03:50.000000;2016-04-17T03:03:50.000000;3959b249-3fc4-4e81-92ad-cc4f2dcee2b5;431.03;1.04804;UNKNOWN
2016-04-17T03:03:58.000000;2016-04-17T03:03:58.000000;79be1623-85e7-4ed1-875a-041f119b96f5;431.02;1.049334;UNKNOWN
2016-04-17T03:04:07.000000;2016-04-17T03:04:07.000000;c098cb1a-e5bb-4c09-9090-5d72788dae7a;431.02;1.049384;UNKNOWN
2016-04-17T03:04:29.000000;2016-04-17T03:04:29.000000;b93dd780-ffc0-492d-b122-42d5028f875d;431.02;0.0861033;UNKNOWN
2016-04-17T03:04:47.000000;2016-04-17T03:04:47.000000;3042589a-bc41-487e-9857-1ebf59061713;431.02;0.0883393;UNKNOWN
2016-04-17T03:04:56.000000;2016-04-17T03:04:56.000000;53b62eb8-50cd-4dbf-8305-4d3c7846ed32;431.02;0.054112;UNKNOWN
2016-04-17T03:05:26.000000;2016-04-17T03:05:26.000000;774c2bb6-5947-4aff-95b1-16ac9eeafd6b;431.02;0.0883393;UNKNOWN
2016-04-17T03:06:24.000000;2016-04-17T03:06:24.000000;037d82e7-16a3-4902-9c3e-e75714a95941;431.03;0.08809326;UNKNOWN
2016-04-17T03:06:25.000000;2016-04-17T03:06:25.000000;2e7d34bd-4a2e-4b53-a1ce-84014f2c5d33;431.03;0.08809814;UNKNOWN
2016-04-17T03:06:52.000000;2016-04-17T03:06:52.000000;02df31a5-7c7d-419a-b5af-be658217ff39;431.03;0.109575;UNKNOWN
2016-04-17T03:07:45.000000;2016-04-17T03:07:45.000000;b2a47bf9-939e-4c09-a564-dbe20382b3dc;431.04;0.088915;UNKNOWN
2016-04-17T03:08:23.000000;2016-04-17T03:08:23.000000;4ba97673-84ed-4f4d-ba07-6cb4a5fbd560;431.05;0.01946;UNKNOWN
2016-04-17T03:08:23.000000;2016-04-17T03:08:23.000000;105f075b-cd12-4fcd-9ed3-a94868e5d2db;431.05;0.50071434;UNKNOWN
2016-04-17T03:08:32.000000;2016-04-17T03:08:32.000000;d4f1ce47-7283-47c3-a2cc-f2f63406225c;431.04;0.4695;UNKNOWN
2016-04-17T03:08:40.000000;2016-04-17T03:08:40.000000;ccf07e9f-00f3-445d-881d-9110a306954b;431.04;0.105072;UNKNOWN
2016-04-17T03:09:14.000000;2016-04-17T03:09:14.000000;5e8ff282-6a9f-4c2c-bfab-8a7471f4ea11;431.05;6.0;UNKNOWN
2016-04-17T03:09:26.000000;2016-04-17T03:09:26.000000;626cf823-4ff7-462f-9fa7-63521b698f3d;431.04;0.07242464;UNKNOWN
2016-04-17T03:10:06.000000;2016-04-17T03:10:06.000000;890d5d10-6599-461c-8ef5-27483ea2e157;431.05;0.07686465;UNKNOWN
2016-04-17T03:10:17.000000;2016-04-17T03:10:17.000000;12293da8-84d6-414a-ba9c-46b6b8306a0b;431.04;0.08823738;UNKNOWN
2016-04-17T03:10:28.000000;2016-04-17T03:10:28.000000;3767434d-ace3-4fb3-9f25-f24efbe337fa;431.04;0.039234;UNKNOWN
2016-04-17T03:11:04.000000;2016-04-17T03:11:04.000000;9670d618-10c2-4af2-b360-1ba4ff54631f;431.04;0.08508305;UNKNOWN
2016-04-17T03:11:12.000000;2016-04-17T03:11:12.000000;5147c0b3-589d-457c-b414-5f027fffe268;431.04;0.463084;UNKNOWN
2016-04-17T03:11:13.000000;2016-04-17T03:11:13.000000;4ad48fb8-af6b-4ac5-974f-df9b8955628e;431.04;0.08823738;UNKNOWN
2016-04-17T03:11:13.000000;2016-04-17T03:11:13.000000;00219aac-3755-4a03-9245-12100dda6b8c;431.04;0.04622473;UNKNOWN
2016-04-17T03:11:18.000000;2016-04-17T03:11:18.000000;1a53fbbe-f534-4840-bf43-43e31bb41ac6;431.04;0.08823738;UNKNOWN
2016-04-17T03:11:19.000000;2016-04-17T03:11:19.000000;19003466-cb84-43ca-b534-7eb52ed15044;431.04;0.08823738;UNKNOWN
2016-04-17T03:11:20.000000;2016-04-17T03:11:20.000000;a0b471b4-e8b9-4a4e-978a-b8c8eee14429;431.04;0.0883352;UNKNOWN
2016-04-17T03:11:22.000000;2016-04-17T03:11:22.000000;d3b44d2b-1093-42fb-b9f5-777606df9266;431.04;0.03415496;UNKNOWN
2016-04-17T03:11:23.000000;2016-04-17T03:11:23.000000;8cdf2ad0-6952-4ab5-867d-7361560e4b56;431.04;0.03415496;UNKNOWN
2016-04-17T03:11:23.000000;2016-04-17T03:11:23.000000;6e95a847-ccda-4ba6-84af-a7a4233a28f4;431.04;0.03415496;UNKNOWN
2016-04-17T03:11:24.000000;2016-04-17T03:11:24.000000;0a1587c1-c6e2-4c39-8e6f-8fb8fb14509c;431.04;0.03415496;UNKNOWN
2016-04-17T03:11:25.000000;2016-04-17T03:11:25.000000;d394596e-22cb-49f9-82f7-cc9c01f11d10;431.04;0.03415496;UNKNOWN
2016-04-17T03:11:25.000000;2016-04-17T03:11:25.000000;deda2607-6fda-40be-bac4-1b1fde7513df;431.04;0.03415496;UNKNOWN
2016-04-17T03:11:31.000000;2016-04-17T03:11:31.000000;47f2d372-e4ed-47dd-b017-277bdc637654;431.04;0.06807455;UNKNOWN
2016-04-17T03:11:32.000000;2016-04-17T03:11:32.000000;87c46b48-e359-4c45-be14-13732616c7d6;431.04;0.06807455;UNKNOWN
2016-04-17T03:11:38.000000;2016-04-17T03:11:38.000000;d2031abd-4030-4994-b693-32c9565419a6;431.04;0.08809204;UNKNOWN
2016-04-17T03:11:38.000000;2016-04-17T03:11:38.000000;ffcc1ae6-8c1d-46ab-839d-8d6e33ed243a;431.04;0.08809204;UNKNOWN
2016-04-17T03:11:43.000000;2016-04-17T03:11:43.000000;16a813f5-f0a9-475e-822f-367aca962c7c;431.04;0.04773499;UNKNOWN
2016-04-17T03:11:56.000000;2016-04-17T03:11:56.000000;45d3159a-73b7-4f2c-aaaa-9ec3586f7001;431.04;0.17186599;UNKNOWN
2016-04-17T03:11:57.000000;2016-04-17T03:11:57.000000;c6eefae3-b82d-4208-85d4-a0d499fc6be8;431.04;0.06896706;UNKNOWN
2016-04-17T03:11:57.000000;2016-04-17T03:11:57.000000;a4d69575-1309-458d-928a-e7f4558d09b2;431.04;0.74388099;UNKNOWN
2016-04-17T03:11:59.000000;2016-04-17T03:11:59.000000;1ba0a365-636f-42ec-b0c6-fbf56a7c9746;431.04;0.17203199;UNKNOWN
2016-04-17T03:12:00.000000;2016-04-17T03:12:00.000000;d0c7882a-d6c6-4b68-a64a-33cd39cd7c0c;431.04;0.54826798;UNKNOWN
2016-04-17T03:12:01.000000;2016-04-17T03:12:01.000000;ce43bab2-27b5-4f61-83f7-49db821aa03a;431.04;0.20285399;UNKNOWN
2016-04-17T03:12:03.000000;2016-04-17T03:12:03.000000;30399521-8d35-4c28-88a2-7b538f0e7888;431.04;0.08876206;UNKNOWN
2016-04-17T03:12:04.000000;2016-04-17T03:12:04.000000;e62092ef-b357-4cc7-b45d-2d8a9e364efe;431.04;0.71502299;UNKNOWN
2016-04-17T03:12:04.000000;2016-04-17T03:12:04.000000;22f1a3eb-840e-4d7f-893c-6dbc6bfbd442;431.04;0.08876206;UNKNOWN
2016-04-17T03:12:05.000000;2016-04-17T03:12:05.000000;214a2726-8836-4aa2-8766-a139d94b3939;431.04;1.29824;UNKNOWN
2016-04-17T03:12:05.000000;2016-04-17T03:12:05.000000;8ab22d91-c3ac-4e23-a04d-c33750a8c958;431.05;0.07;UNKNOWN
2016-04-17T03:12:05.000000;2016-04-17T03:12:05.000000;0504071f-820e-4f60-aff3-f941132c124e;431.04;0.08876206;UNKNOWN
2016-04-17T03:12:06.000000;2016-04-17T03:12:06.000000;36fbe1a7-26a2-4b49-bcf4-069d6c752226;431.04;0.08876205;UNKNOWN
2016-04-17T03:12:06.000000;2016-04-17T03:12:06.000000;2b3dae4e-9dbc-4394-8004-66bb8038d170;431.04;0.08256583;UNKNOWN
2016-04-17T03:12:06.000000;2016-04-17T03:12:06.000000;8741ffec-b4e5-48f5-80af-eb87533285aa;431.04;0.08876618;UNKNOWN
2016-04-17T03:12:06.000000;2016-04-17T03:12:06.000000;ac3193f2-8ba6-4b44-9217-adf1152b049a;431.04;0.023848;UNKNOWN
2016-04-17T03:12:08.000000;2016-04-17T03:12:08.000000;6280c442-129a-4ada-a0f1-4979c2a1d8b1;431.04;0.421044;UNKNOWN
2016-04-17T03:12:08.000000;2016-04-17T03:12:08.000000;8965bb15-b994-4a28-86e4-3daaacac10c7;431.04;0.473917;UNKNOWN
2016-04-17T03:12:08.000000;2016-04-17T03:12:08.000000;0cc6563c-0f4e-4731-94b4-6ab4280e45a4;431.04;0.08876206;UNKNOWN
2016-04-17T03:12:09.000000;2016-04-17T03:12:09.000000;5f62e6e1-5022-45cb-8cc4-a67eb635e13f;431.04;0.08875214;UNKNOWN
2016-04-17T03:12:09.000000;2016-04-17T03:12:09.000000;8504f880-f2ea-4f63-82f8-bd1be2b7a497;431.04;0.082562;UNKNOWN
2016-04-17T03:12:09.000000;2016-04-17T03:12:09.000000;cf46e69f-b675-4a43-8ba9-23f673181df0;431.04;0.08876206;UNKNOWN
2016-04-17T03:12:10.000000;2016-04-17T03:12:10.000000;ee09d3bc-a007-4adc-bf6d-f52aeaeafab8;431.04;0.43814999;UNKNOWN
2016-04-17T03:12:11.000000;2016-04-17T03:12:11.000000;1e6a8377-e6b1-4a2a-97bf-30be6c9aed2a;431.04;0.91976899;UNKNOWN
2016-04-17T03:12:13.000000;2016-04-17T03:12:13.000000;4d57d894-d283-431d-a085-d947bb2eac7a;431.04;0.08892215;UNKNOWN
2016-04-17T03:12:14.000000;2016-04-17T03:12:14.000000;223f4ead-14f6-4a4d-bd7b-a9c3b03b15a1;431.04;0.68843199;UNKNOWN
2016-04-17T03:12:15.000000;2016-04-17T03:12:15.000000;8fcabde3-9f0d-4f5a-b435-5c59c45272f9;431.04;0.17387535;UNKNOWN
2016-04-17T03:12:16.000000;2016-04-17T03:12:16.000000;e04a0034-566d-49c3-b018-c3bc908c732f;431.04;0.23338199;UNKNOWN
2016-04-17T03:12:16.000000;2016-04-17T03:12:16.000000;56d59b91-aa2a-4870-8e39-4b6c74c659a8;431.04;0.08876206;UNKNOWN
2016-04-17T03:12:17.000000;2016-04-17T03:12:17.000000;344cd9af-c494-4479-a323-c5abb7a9df4f;431.04;0.69032799;UNKNOWN
2016-04-17T03:12:17.000000;2016-04-17T03:12:17.000000;e7884828-3757-4d5f-b9f1-3baaf491ce6b;431.04;0.13250092;UNKNOWN
2016-04-17T03:12:17.000000;2016-04-17T03:12:17.000000;4388de99-7cb7-4adb-b926-bb4441e09a3d;431.04;0.08876206;UNKNOWN
2016-04-17T03:12:18.000000;2016-04-17T03:12:18.000000;b644a374-faae-472f-8cbf-bffa9421a3c8;431.04;0.23402499;UNKNOWN
2016-04-17T03:12:18.000000;2016-04-17T03:12:18.000000;1ea6a390-53d2-4002-92c3-7d7d8fb06103;431.04;0.08806973;UNKNOWN
2016-04-17T03:12:18.000000;2016-04-17T03:12:18.000000;5fae73c4-01a1-4c41-8df6-14a510cdc618;431.04;0.08876206;UNKNOWN
2016-04-17T03:12:19.000000;2016-04-17T03:12:19.000000;959815c5-8389-401c-a7f1-3117dc692640;431.04;0.08931345;UNKNOWN
2016-04-17T03:12:19.000000;2016-04-17T03:12:19.000000;59539f2a-256a-459a-9134-d57249684608;431.04;0.08876206;UNKNOWN
2016-04-17T03:12:20.000000;2016-04-17T03:12:20.000000;55c406ee-63f8-4094-a8dc-04155f796b74;431.04;0.08931345;UNKNOWN
2016-04-17T03:12:20.000000;2016-04-17T03:12:20.000000;8e318ef3-2147-4fd8-9121-19f4abb6b7b9;431.04;0.34612499;UNKNOWN
2016-04-17T03:12:20.000000;2016-04-17T03:12:20.000000;9558f60b-d33b-4fae-97f8-f53105e1a669;431.04;0.08876206;UNKNOWN
2016-04-17T03:12:20.000000;2016-04-17T03:12:20.000000;4334d6ef-999f-4705-9734-0cbc889a941b;431.04;0.08930646;UNKNOWN
2016-04-17T03:12:20.000000;2016-04-17T03:12:20.000000;218ef8fe-34d0-48a2-acd6-52e2e0f54334;431.04;0.09369611;UNKNOWN
2016-04-17T03:12:20.000000;2016-04-17T03:12:20.000000;04e074aa-abd1-480b-ba16-2bab3e7c5d72;431.04;0.08915265;UNKNOWN
2016-04-17T03:12:21.000000;2016-04-17T03:12:21.000000;909c9956-ad40-4fe8-9a87-6b1f693b4827;431.04;0.08876206;UNKNOWN
2016-04-17T03:12:21.000000;2016-04-17T03:12:21.000000;93bb7205-2083-4919-b417-d27241f28d85;431.04;0.08915679;UNKNOWN
2016-04-17T03:12:22.000000;2016-04-17T03:12:22.000000;836a8a0b-6c75-4fca-a6b3-cc155c354131;431.04;0.08876206;UNKNOWN
2016-04-17T03:12:22.000000;2016-04-17T03:12:22.000000;85dae5d7-7147-4755-8477-3646543a3abb;431.04;0.08876206;UNKNOWN
2016-04-17T03:12:23.000000;2016-04-17T03:12:23.000000;b0e31fdf-0ee2-440d-b7d0-3cc43e09f9b3;431.04;0.23473599;UNKNOWN
2016-04-17T03:12:23.000000;2016-04-17T03:12:23.000000;a79c5e38-ae7a-4796-a9dc-e24d5dc4215e;431.04;0.08915265;UNKNOWN
2016-04-17T03:12:23.000000;2016-04-17T03:12:23.000000;cfa6ccfb-7a34-4fd3-bfb1-ad4bb9ffc3d6;431.04;0.08876206;UNKNOWN
2016-04-17T03:12:23.000000;2016-04-17T03:12:23.000000;a70c7bb5-42b7-4a83-a3e6-e3df42e3b1a7;431.04;0.08876206;UNKNOWN
2016-04-17T03:12:24.000000;2016-04-17T03:12:24.000000;6635f248-3f5d-45bd-bfee-da65b3d79fe2;431.04;0.34532101;UNKNOWN
2016-04-17T03:12:24.000000;2016-04-17T03:12:24.000000;439f7a8f-6745-429d-a7e6-1d4f9dc96d59;431.04;0.06189342;UNKNOWN
2016-04-17T03:12:24.000000;2016-04-17T03:12:24.000000;6aaeb976-c8eb-41dc-bfa3-e8cb6d4ff614;431.04;0.08915265;UNKNOWN
2016-04-17T03:12:24.000000;2016-04-17T03:12:24.000000;76361456-c6f7-45dc-bbc8-55662b6b34e9;431.04;0.08930646;UNKNOWN
2016-04-17T03:12:25.000000;2016-04-17T03:12:25.000000;528ada43-2ccd-4618-bd74-d33fb964ca42;431.04;0.04504187;UNKNOWN
2016-04-17T03:12:25.000000;2016-04-17T03:12:25.000000;3538af71-2da9-4cd6-b8db-f9c5f9d3ddc4;431.04;0.08915265;UNKNOWN
2016-04-17T03:12:25.000000;2016-04-17T03:12:25.000000;1b790362-f2a9-4146-b155-51b14b3ffa8d;431.04;0.08876206;UNKNOWN
2016-04-17T03:12:26.000000;2016-04-17T03:12:26.000000;c6a92da8-899a-4461-a9c1-9280033b5858;431.04;0.18333731;UNKNOWN
2016-04-17T03:12:26.000000;2016-04-17T03:12:26.000000;08e442ba-a2a4-4756-a134-e268b1884701;431.04;0.08931344;UNKNOWN
2016-04-17T03:12:26.000000;2016-04-17T03:12:26.000000;8db55d7b-b441-4107-a8ee-b194d139cd7f;431.04;0.08915265;UNKNOWN
2016-04-17T03:12:27.000000;2016-04-17T03:12:27.000000;a610ba72-7cf2-4eef-a078-f520d04620d0;431.04;0.08915265;UNKNOWN
2016-04-17T03:12:28.000000;2016-04-17T03:12:28.000000;811f68fe-e047-4a6d-be0a-f1e631ecbfe1;431.04;0.08915265;UNKNOWN
2016-04-17T03:12:28.000000;2016-04-17T03:12:28.000000;c93bc3c1-05d1-4b80-8d6a-5e3239cb4b17;431.04;0.08876206;UNKNOWN
2016-04-17T03:12:28.000000;2016-04-17T03:12:28.000000;8bd02b04-4c1f-4edb-9bcc-a04194ab4fad;431.04;0.08876206;UNKNOWN
2016-04-17T03:12:29.000000;2016-04-17T03:12:29.000000;fe3ff9f1-b22a-4ece-bc0d-a4bee9db019e;431.04;0.08876206;UNKNOWN
2016-04-17T03:12:29.000000;2016-04-17T03:12:29.000000;d6176485-c33b-4f4b-add2-463e07c5f70b;431.04;0.08876206;UNKNOWN
2016-04-17T03:12:29.000000;2016-04-17T03:12:29.000000;adbd2085-1a79-4d24-be9e-bf28cc1fb645;431.04;0.08876206;UNKNOWN
2016-04-17T03:12:29.000000;2016-04-17T03:12:29.000000;48cf3b01-6d95-4076-854d-9b12238f0f3e;431.04;0.58055751;UNKNOWN
2016-04-17T03:12:30.000000;2016-04-17T03:12:30.000000;09c42f8d-5d03-4709-aacb-204af65f06d9;431.04;0.08915265;UNKNOWN
2016-04-17T03:12:31.000000;2016-04-17T03:12:31.000000;896f52d1-74b6-4471-98e9-27909eae3f42;431.04;0.08915265;UNKNOWN
2016-04-17T03:12:31.000000;2016-04-17T03:12:31.000000;ac2906e6-7abb-4f17-a59d-51bf20c3ec79;431.04;0.08876206;UNKNOWN
2016-04-17T03:12:31.000000;2016-04-17T03:12:31.000000;c2fdb352-79f4-49e1-b7ea-127eef7f2bd8;431.04;0.08915265;UNKNOWN
2016-04-17T03:12:32.000000;2016-04-17T03:12:32.000000;d30a6382-be59-43b8-936c-84c864aad958;431.04;0.34743699;UNKNOWN
2016-04-17T03:12:32.000000;2016-04-17T03:12:32.000000;4a606f14-3db3-4763-8327-4452b375f6cc;431.04;0.08876206;UNKNOWN
2016-04-17T03:12:33.000000;2016-04-17T03:12:33.000000;28e39e8d-d9bb-4538-a657-3c7ca5d127da;431.04;0.08876206;UNKNOWN
2016-04-17T03:12:33.000000;2016-04-17T03:12:33.000000;6b8a1c6c-0756-4924-af5c-f95504e87e99;431.04;0.30852101;UNKNOWN
2016-04-17T03:12:33.000000;2016-04-17T03:12:33.000000;0c9c1ffd-2187-4beb-90a7-28e0ba98d442;431.04;0.08892215;UNKNOWN
2016-04-17T03:12:33.000000;2016-04-17T03:12:33.000000;c3319d21-87b7-41a9-8871-7977ce622a1a;431.04;0.04024187;UNKNOWN
2016-04-17T03:12:34.000000;2016-04-17T03:12:34.000000;d127dca8-a6cc-4335-9089-7fe758b1b68c;431.04;0.08876206;UNKNOWN
2016-04-17T03:12:34.000000;2016-04-17T03:12:34.000000;3d2f9565-19c2-43a4-a5ae-317dca216f49;431.04;0.08876206;UNKNOWN
2016-04-17T03:12:34.000000;2016-04-17T03:12:34.000000;ba0d2a0c-3d0d-4916-a15b-1f4f3e96af29;431.04;0.04041197;UNKNOWN
2016-04-17T03:12:34.000000;2016-04-17T03:12:34.000000;d9469431-9b75-4167-90e5-a4f3aa97b21f;431.04;0.08876206;UNKNOWN
2016-04-17T03:12:34.000000;2016-04-17T03:12:34.000000;82bbb433-d9d3-4c3d-bb52-cf48fec43209;431.04;0.04223482;UNKNOWN
2016-04-17T03:12:35.000000;2016-04-17T03:12:35.000000;100e29c6-ca94-4a4b-9024-cce75c0385eb;431.04;0.08915265;UNKNOWN
2016-04-17T03:12:36.000000;2016-04-17T03:12:36.000000;82615dd8-0f88-4f98-b3d2-4ed87dc33e03;431.04;0.08915265;UNKNOWN
2016-04-17T03:12:36.000000;2016-04-17T03:12:36.000000;ce271570-e86f-402a-94d4-a14ef1d33ff1;431.04;0.04024187;UNKNOWN
2016-04-17T03:12:37.000000;2016-04-17T03:12:37.000000;086c7f94-7c93-4590-87a6-b9f40a16e150;431.04;0.123;UNKNOWN
2016-04-17T03:12:37.000000;2016-04-17T03:12:37.000000;b65eeacf-283f-4c72-b8b3-1aed622f0a20;431.04;0.08876206;UNKNOWN
2016-04-17T03:12:37.000000;2016-04-17T03:12:37.000000;52c71b9b-7f43-4046-a3f6-012cbae0ba1c;431.04;0.08876204;UNKNOWN
2016-04-17T03:12:37.000000;2016-04-17T03:12:37.000000;ae16380d-4a7c-4b49-9ede-ec4151d5f5c2;431.04;1.5720922;UNKNOWN
2016-04-17T03:12:37.000000;2016-04-17T03:12:37.000000;0bf2311c-d7ba-4f13-ae08-561f63630245;431.04;0.08892215;UNKNOWN
2016-04-17T03:12:37.000000;2016-04-17T03:12:37.000000;7d3de51f-44bb-490b-b9d3-3ac7750c2b5d;431.04;15.3049078;UNKNOWN
2016-04-17T03:12:39.000000;2016-04-17T03:12:39.000000;0dceb392-040a-4387-a715-12cb08dac7fd;431.04;0.08876206;UNKNOWN
2016-04-17T03:12:40.000000;2016-04-17T03:12:40.000000;9c05ae44-57f1-4c56-bebc-997521bdb59d;431.04;0.08876206;UNKNOWN
2016-04-17T03:12:40.000000;2016-04-17T03:12:40.000000;58f207c8-2245-4b0e-9e89-db834c070284;431.04;0.08876206;UNKNOWN
2016-04-17T03:12:40.000000;2016-04-17T03:12:40.000000;5d7d5248-3753-461e-9dbb-f75200363228;431.04;0.23574799;UNKNOWN
2016-04-17T03:12:41.000000;2016-04-17T03:12:41.000000;2f31dd86-eed3-4496-aa72-a015222eee41;431.04;0.08876206;UNKNOWN
2016-04-17T03:12:41.000000;2016-04-17T03:12:41.000000;b4c09845-6780-4c39-8a1e-6a21661d993d;431.04;0.08915265;UNKNOWN
2016-04-17T03:12:42.000000;2016-04-17T03:12:42.000000;bf51f469-5108-4a70-b3bc-adeb509652a2;431.04;0.08931345;UNKNOWN
2016-04-17T03:12:42.000000;2016-04-17T03:12:42.000000;4f8d7d3f-16a8-4a4d-a8a7-939f608578d3;431.04;0.08915265;UNKNOWN
2016-04-17T03:12:42.000000;2016-04-17T03:12:42.000000;5cbc6e5e-b393-49ed-bc41-7eac1363e97c;431.04;0.0425013;UNKNOWN
2016-04-17T03:12:43.000000;2016-04-17T03:12:43.000000;2fa27dad-49db-4cd4-bd83-224c6b17f7dd;431.04;0.01614235;UNKNOWN
2016-04-17T03:12:43.000000;2016-04-17T03:12:43.000000;cd26f258-660c-46a1-b1bd-7402a5595ffc;431.04;0.08915265;UNKNOWN
2016-04-17T03:12:43.000000;2016-04-17T03:12:43.000000;5b5a3788-d8c1-44f9-b3c0-8f17c20dcfb2;431.04;0.12375807;UNKNOWN
2016-04-17T03:12:44.000000;2016-04-17T03:12:44.000000;11448f4c-979a-4925-8740-8610a1cd4aeb;431.04;0.02826602;UNKNOWN
2016-04-17T03:12:44.000000;2016-04-17T03:12:44.000000;9eacc812-3ac6-4577-b4c0-015c7f72271b;431.04;0.01607163;UNKNOWN
2016-04-17T03:12:45.000000;2016-04-17T03:12:45.000000;d308cd6f-4ae1-4305-b6cb-9ec92745532c;431.04;0.08892215;UNKNOWN
2016-04-17T03:12:45.000000;2016-04-17T03:12:45.000000;401ebc86-1973-4edb-8bc7-1c467a270cc9;431.04;0.08876206;UNKNOWN
2016-04-17T03:12:45.000000;2016-04-17T03:12:45.000000;b1456e0a-b3e4-4e6f-822b-d8eb0ea73d34;431.04;0.06518735;UNKNOWN
2016-04-17T03:12:46.000000;2016-04-17T03:12:46.000000;52a213a5-3592-41e3-948e-3b28c90ee8eb;431.04;0.08876206;UNKNOWN
2016-04-17T03:12:46.000000;2016-04-17T03:12:46.000000;e98b2d77-a80d-4fd2-8a5b-f5a15664ae3e;431.04;0.06403746;UNKNOWN
2016-04-17T03:12:47.000000;2016-04-17T03:12:47.000000;c9269135-353c-4f9e-8cd8-e91170192fa0;431.04;0.08915264;UNKNOWN
2016-04-17T03:12:48.000000;2016-04-17T03:12:48.000000;76ace9d1-ac01-464d-8d17-7d6eaa242427;431.04;0.05910707;UNKNOWN
2016-04-17T03:12:48.000000;2016-04-17T03:12:48.000000;c5fe5ef8-3e7f-4e64-b659-b69c59b2cec7;431.04;0.08906824;UNKNOWN
2016-04-17T03:12:48.000000;2016-04-17T03:12:48.000000;b0544a41-c7c4-4a2b-90db-1c618331f3c5;431.04;0.08892215;UNKNOWN
2016-04-17T03:12:48.000000;2016-04-17T03:12:48.000000;a18c7311-710e-4218-84a3-6445bc93d7db;431.04;0.08970474;UNKNOWN
2016-04-17T03:12:49.000000;2016-04-17T03:12:49.000000;a58fa613-c452-43dc-8c04-2c5bdcfd3547;431.04;0.08915265;UNKNOWN
2016-04-17T03:12:49.000000;2016-04-17T03:12:49.000000;bce207a3-6f47-4ca9-beac-64970aa96d7d;431.04;0.34929415;UNKNOWN
2016-04-17T03:12:50.000000;2016-04-17T03:12:50.000000;41eb3feb-497c-408c-a17b-27f319df5c9b;431.04;0.01483874;UNKNOWN
2016-04-17T03:12:50.000000;2016-04-17T03:12:50.000000;a5ce8a39-f43f-4b46-bdd5-153008bbefe1;431.04;0.04041895;UNKNOWN
2016-04-17T03:12:50.000000;2016-04-17T03:12:50.000000;c10bc36f-1a39-40ba-bffc-813471423a2b;431.04;0.13336565;UNKNOWN
2016-04-17T03:12:50.000000;2016-04-17T03:12:50.000000;52c76a50-cad7-458f-a100-f13656a12ebf;431.04;0.01739551;UNKNOWN
2016-04-17T03:12:50.000000;2016-04-17T03:12:50.000000;c8bb42d8-1c30-467d-95bc-f30db80cbd95;431.04;0.11376368;UNKNOWN
2016-04-17T03:12:51.000000;2016-04-17T03:12:51.000000;f2c39e85-c543-4d4d-bf53-8a2b43bd82f9;431.04;0.08827715;UNKNOWN
2016-04-17T03:12:51.000000;2016-04-17T03:12:51.000000;bfc2f871-0899-4717-aca5-5375ec067263;431.04;0.08915679;UNKNOWN
2016-04-17T03:12:51.000000;2016-04-17T03:12:51.000000;1f0f60a6-19b0-4115-a968-9f8d9ab8905c;431.04;0.08915679;UNKNOWN
2016-04-17T03:12:51.000000;2016-04-17T03:12:51.000000;fed08a13-06c2-4a58-a596-e380b9a7812d;431.04;0.04042083;UNKNOWN
2016-04-17T03:12:51.000000;2016-04-17T03:12:51.000000;59052a11-eaa8-4730-8f2a-1544c34e534a;431.04;0.01739632;UNKNOWN
2016-04-17T03:12:51.000000;2016-04-17T03:12:51.000000;fc6ddc4f-2f07-433b-96b1-7fa154158629;431.04;0.08915265;UNKNOWN
2016-04-17T03:12:51.000000;2016-04-17T03:12:51.000000;e2e9e20b-e73f-497e-8f24-de0871406596;431.04;0.05921642;UNKNOWN
2016-04-17T03:12:51.000000;2016-04-17T03:12:51.000000;33ab1eb9-e0a4-49ca-a6a4-04f0b3e19c0b;431.04;0.04421504;UNKNOWN
2016-04-17T03:12:51.000000;2016-04-17T03:12:51.000000;927954ba-fcf2-46e5-b60c-297eeab5da38;431.04;0.01483942;UNKNOWN
2016-04-17T03:12:51.000000;2016-04-17T03:12:51.000000;fec0b9f5-c7a2-443f-9f14-9db30fa1a2d8;431.04;0.08813235;UNKNOWN
2016-04-17T03:12:51.000000;2016-04-17T03:12:51.000000;63a7236d-72dc-4675-952b-ae68b714ff7e;431.04;0.04041895;UNKNOWN
2016-04-17T03:12:51.000000;2016-04-17T03:12:51.000000;ac0605ac-b55e-435e-adda-8d97699889c1;431.04;0.13336565;UNKNOWN
2016-04-17T03:12:51.000000;2016-04-17T03:12:51.000000;2a3619f2-50be-442e-b541-2ccfc3f49618;431.04;0.01739551;UNKNOWN
2016-04-17T03:12:52.000000;2016-04-17T03:12:52.000000;e339633f-4a49-41d7-90bd-8469de6dabe4;431.04;0.04421709;UNKNOWN
2016-04-17T03:12:52.000000;2016-04-17T03:12:52.000000;bd94cf20-9958-41d8-b24d-de539b74802f;431.04;0.08946848;UNKNOWN
2016-04-17T03:12:52.000000;2016-04-17T03:12:52.000000;1f7c51f8-da7e-48c7-9a92-09998477c189;431.04;0.05438428;UNKNOWN
2016-04-17T03:12:52.000000;2016-04-17T03:12:52.000000;c86cc2d9-6708-4e95-9331-3c69204c4012;431.04;0.03379382;UNKNOWN
2016-04-17T03:12:52.000000;2016-04-17T03:12:52.000000;5513400f-95ea-42f4-90f7-e1a02d439be9;431.04;0.08916092;UNKNOWN
2016-04-17T03:12:52.000000;2016-04-17T03:12:52.000000;ffa2233b-e6f1-4d78-9339-3e8a52d978ac;431.04;0.04421504;UNKNOWN
2016-04-17T03:12:52.000000;2016-04-17T03:12:52.000000;b84d733d-58dc-400b-95d6-e3b721bf5908;431.04;0.08813644;UNKNOWN
2016-04-17T03:12:53.000000;2016-04-17T03:12:53.000000;2bdc5b18-8055-4a95-b96a-7f448f9738db;431.04;0.08915265;UNKNOWN
2016-04-17T03:12:53.000000;2016-04-17T03:12:53.000000;b924c3b3-8bc6-4091-8403-32f7b6d7b997;431.04;0.0174285;UNKNOWN
2016-04-17T03:12:53.000000;2016-04-17T03:12:53.000000;d7afc798-fda4-40ca-abe4-1dd964de73a3;431.04;0.04421504;UNKNOWN
2016-04-17T03:12:53.000000;2016-04-17T03:12:53.000000;93f515c0-be8f-49b6-9315-92bd9449e33c;431.04;0.0174285;UNKNOWN
2016-04-17T03:12:53.000000;2016-04-17T03:12:53.000000;0d3248bb-1470-4202-8853-4fba4f5c976d;431.04;0.04421504;UNKNOWN
2016-04-17T03:12:54.000000;2016-04-17T03:12:54.000000;bd5875cc-01ca-4072-ae2a-e5e3b1a676c9;431.04;0.04421504;UNKNOWN
2016-04-17T03:12:54.000000;2016-04-17T03:12:54.000000;5d6e43ea-bbb6-4eb6-b8dc-9ab48e5cb867;431.04;0.08370219;UNKNOWN
2016-04-17T03:12:54.000000;2016-04-17T03:12:54.000000;0836ef71-6893-4836-b0fb-1199d6129e2e;431.04;0.0174285;UNKNOWN
2016-04-17T03:12:54.000000;2016-04-17T03:12:54.000000;9c75fff0-f8ca-4042-884a-ef4dfb2abebd;431.04;0.08915265;UNKNOWN
2016-04-17T03:12:55.000000;2016-04-17T03:12:55.000000;43401d5b-1bd6-48d2-9804-2eb53d3c2ac9;431.04;0.02656566;UNKNOWN
2016-04-17T03:12:55.000000;2016-04-17T03:12:55.000000;1277b767-1e6c-448a-8857-df796065adee;431.04;0.04397497;UNKNOWN
2016-04-17T03:12:55.000000;2016-04-17T03:12:55.000000;348a6321-4d77-4e99-8aa8-df6ba008ee8f;431.04;0.0443655;UNKNOWN
2016-04-17T03:12:55.000000;2016-04-17T03:12:55.000000;7c25624d-df72-474d-a949-11fb32100354;431.04;0.04429274;UNKNOWN
2016-04-17T03:12:55.000000;2016-04-17T03:12:55.000000;a3a868b6-ed91-4565-8236-40e37d0376da;431.04;0.01748861;UNKNOWN
2016-04-17T03:12:56.000000;2016-04-17T03:12:56.000000;296d1ccf-2be5-4a98-9888-b3800181cf57;431.04;0.23708699;UNKNOWN
2016-04-17T03:12:56.000000;2016-04-17T03:12:56.000000;0e36dbce-ece4-494f-bb4f-a5274c06515d;431.04;0.01525403;UNKNOWN
2016-04-17T03:12:56.000000;2016-04-17T03:12:56.000000;4af8e332-1057-4375-8d4c-e30c342b4620;431.04;0.08915265;UNKNOWN
2016-04-17T03:12:56.000000;2016-04-17T03:12:56.000000;f2659baa-02cd-4606-a5d7-9d6c84e8d722;431.04;0.08905695;UNKNOWN
2016-04-17T03:12:57.000000;2016-04-17T03:12:57.000000;6b3f2ab5-4155-4041-9f77-d103fa8a972c;431.04;0.08915679;UNKNOWN
