time_exchange;time_coinpai;guid;price;base_amount;taker_side
2016-04-17T00:03:00.000000;2016-04-17T00:03:00.432098;10bd855e-656c-40d7-a39e-d4b128413f88;8.616;10.0;SELL
2016-04-17T00:03:00.000000;2016-04-17T00:03:00.432098;8e766b18-037b-45cf-a446-d2451d2d0397;8.616;10.0;SELL
2016-04-17T00:03:07.000000;2016-04-17T00:03:07.336788;f9c3f509-e922-4e14-b95f-e29271fe0d1d;8.6171;2.18157745;SELL
2016-04-17T00:03:07.000000;2016-04-17T00:03:07.343784;fda43a8a-1aad-4cff-9875-f949e1462ba4;8.589;2.5;SELL
2016-04-17T00:03:07.000000;2016-04-17T00:03:07.349778;f8ac601f-ff7d-441e-8477-9543adf69508;8.589;5.31842255;SELL
2016-04-17T00:03:09.000000;2016-04-17T00:03:09.722013;badc3cd2-a505-4b46-a12f-c01655dc4c78;8.589;10.0;SELL
2016-04-17T00:03:11.000000;2016-04-17T00:03:11.784223;6ce3ce76-9efa-474f-b08e-0e4c5f438e1a;8.589;10.0;SELL
2016-04-17T00:03:15.000000;2016-04-17T00:03:15.370590;3651c233-a690-4b6f-8651-ce6ef0be4210;8.59;10.0;SELL
2016-04-17T00:03:17.000000;2016-04-17T00:03:17.924840;1f0c91a7-c0be-4131-8b43-07d25de3e1c6;8.59;10.0;SELL
2016-04-17T00:04:33.000000;2016-04-17T00:04:33.097359;ae4fac25-78a1-48b6-bda1-e2040102aff3;8.669;2.0;BUY
2016-04-17T00:06:27.000000;2016-04-17T00:06:28.044845;ba089a95-6acb-4724-bdf3-60b4155e031e;8.669;0.5;BUY
2016-04-17T00:06:27.000000;2016-04-17T00:06:28.054864;b238f949-d699-47da-adcd-1d788cc22288;8.67;2.15787581;BUY
2016-04-17T00:06:38.000000;2016-04-17T00:06:38.899930;d8df9d77-4ed3-4715-b9b5-c477350e4c83;8.67;4.04212419;BUY
2016-04-17T00:06:38.000000;2016-04-17T00:06:38.905930;158c3dd9-fe43-4715-a7bd-4aea2658cc4f;8.68;0.95787581;BUY
2016-04-17T00:06:47.000000;2016-04-17T00:06:48.030846;d1d16950-f904-49f8-ac0c-9da08a703a62;8.68;5.0;BUY
2016-04-17T00:07:54.000000;2016-04-17T00:07:54.330490;ec29331a-fda2-45d8-a7eb-be5583e8cdc1;8.6431;4.2006028;SELL
2016-04-17T00:07:54.000000;2016-04-17T00:07:54.340496;8188e456-7e11-452d-b8e2-a670e0f35bb2;8.643;5.7993972;SELL
2016-04-17T00:08:11.000000;2016-04-17T00:08:11.941277;4cbae94a-7f4c-4db2-80b6-4de6fc375d4c;8.6461;4.2006028;SELL
2016-04-17T00:08:11.000000;2016-04-17T00:08:11.954260;e5b76948-e3c4-49ec-aea6-07a8e88958b9;8.646;5.7993972;SELL
2016-04-17T00:08:51.000000;2016-04-17T00:08:51.747809;25791929-7d2f-49fc-a01b-d6d055c911bb;8.635;10.0;SELL
2016-04-17T00:09:02.000000;2016-04-17T00:09:03.002940;a85589f2-78f8-448e-a4a2-90936174cd62;8.635;10.0;SELL
2016-04-17T00:09:06.000000;2016-04-17T00:09:06.560296;f1878eef-d069-4dad-bc7a-1482567bf38c;8.635;10.0;SELL
2016-04-17T00:09:07.000000;2016-04-17T00:09:07.814425;6231aef1-60fb-42a8-885c-b821f0fa5950;8.635;30.0;SELL
2016-04-17T00:09:10.000000;2016-04-17T00:09:10.598705;38fc9f9a-97f9-4be5-b044-06fc2ab7892b;8.635;10.0;SELL
2016-04-17T00:09:11.000000;2016-04-17T00:09:11.906844;5eb7ebdd-6f90-4dfa-b9c0-134d9fbe28b8;8.636;10.0;SELL
2016-04-17T00:09:36.000000;2016-04-17T00:09:36.394288;13f85db0-6612-46d5-b971-95269ba70b77;8.636;10.0;SELL
2016-04-17T00:09:50.000000;2016-04-17T00:09:50.042637;26b5fe23-f8da-4216-9580-69faea7e9b50;8.637;5.4;SELL
2016-04-17T00:09:50.000000;2016-04-17T00:09:50.048655;ba7cec80-0aa9-46c5-bae3-0a42ec153c5e;8.636;4.6;SELL
2016-04-17T00:09:53.000000;2016-04-17T00:09:53.493995;5f1ceaa3-c5b0-4b25-82fd-87c4794708ac;8.636;10.0;SELL
2016-04-17T00:09:58.000000;2016-04-17T00:09:58.401476;9f6a8651-1d40-4ea5-a713-c07b70740d2c;8.636;10.0;SELL
2016-04-17T00:10:09.000000;2016-04-17T00:10:09.724602;a3262222-a4ce-4d12-a564-806fc1b1505e;8.636;10.0;SELL
2016-04-17T00:10:12.000000;2016-04-17T00:10:12.419891;20458434-5f8e-4efe-91a5-30d77d5e96aa;8.636;10.0;SELL
2016-04-17T00:10:19.000000;2016-04-17T00:10:19.294570;5b4bac7e-2e6d-44da-a674-aa519bf6e02f;8.636;10.0;SELL
2016-04-17T00:10:23.000000;2016-04-17T00:10:23.429001;d207051b-2723-49a6-88aa-9b71a5fac909;8.636;10.0;SELL
2016-04-17T00:10:28.000000;2016-04-17T00:10:28.091448;3ef148fc-dcd5-443d-bad7-d8f7e8dc1159;8.679;2.0;BUY
2016-04-17T00:10:32.000000;2016-04-17T00:10:32.594904;3334d850-fad8-4d64-af4c-fee9c7f7b428;8.679;3.4;BUY
2016-04-17T00:10:32.000000;2016-04-17T00:10:32.856935;c212a024-9285-414d-b415-ae7089bfd1d5;8.68;43.04212419;BUY
2016-04-17T00:10:32.000000;2016-04-17T00:10:32.867925;6693eec7-bd20-4bb3-b660-dc8e2c42bd6d;8.699;3.55787581;BUY
2016-04-17T00:10:35.000000;2016-04-17T00:10:35.926237;954afbae-8d70-4daf-930f-b54cfe5df647;8.699;10.0;BUY
2016-04-17T00:10:39.000000;2016-04-17T00:10:39.733615;063a1ef6-21e5-4a8f-9c9d-d0f5ceb561af;8.699;0.92965419;BUY
2016-04-17T00:10:39.000000;2016-04-17T00:10:39.743623;49476078-3556-4de1-8e67-fec001682d72;8.7;0.1;BUY
2016-04-17T00:10:39.000000;2016-04-17T00:10:39.751625;9edf1e7f-97da-4aff-9a4d-c21854f5fa5e;8.7;0.1;BUY
2016-04-17T00:10:39.000000;2016-04-17T00:10:39.762627;ba15c727-938f-4bc1-bcf6-4c738137774b;8.7;8.87034581;BUY
2016-04-17T00:10:41.000000;2016-04-17T00:10:41.563801;5584f671-a3d9-4fdc-b8d9-7c98c12a0647;8.636;10.0;SELL
2016-04-17T00:10:44.000000;2016-04-17T00:10:44.588099;ecf6950f-ab66-4f8f-b88f-1aa92cb55f6b;8.636;10.0;SELL
2016-04-17T00:10:45.000000;2016-04-17T00:10:45.755219;f62b8af9-a9f7-44dc-a775-1700e9a4e649;8.636;10.0;SELL
2016-04-17T00:11:00.000000;2016-04-17T00:11:00.105654;cae3affd-842a-4658-80ea-2ea237460592;8.636;10.0;SELL
2016-04-17T00:11:24.000000;2016-04-17T00:11:24.957132;7e3119d8-933f-4cb6-b0e8-7bcf7f33fe50;8.7;1.0;BUY
2016-04-17T00:11:27.000000;2016-04-17T00:11:27.050339;563b4bcf-6da2-486a-a2c8-2666d05941a0;8.7;1.0;BUY
2016-04-17T00:21:11.000000;2016-04-17T00:21:11.902827;d246f1c9-65bc-4d9f-8ce9-31b5bea5d605;8.7;5.0;BUY
2016-04-17T00:28:00.000000;2016-04-17T00:28:00.872898;3d26043d-5301-4f56-afa5-8310fc7376d2;8.7;44.7535;BUY
2016-04-17T00:28:26.000000;2016-04-17T00:28:26.459455;07798a3d-1ed6-4259-af67-d64ddf5032c8;8.7;44.7535;BUY
2016-04-17T00:28:52.000000;2016-04-17T00:28:52.114015;b46e5fa0-15fe-427f-a965-7be82788f9c2;8.7;44.7535;BUY
2016-04-17T00:29:42.000000;2016-04-17T00:29:42.905113;54e6a1ed-8c23-4161-97f2-e3c053e75801;8.7;15.5459;BUY
2016-04-17T00:29:51.000000;2016-04-17T00:29:51.968001;65ae6fd6-f9d1-451f-a00d-bbe6dae787b1;8.6177;1.10027606;SELL
2016-04-17T00:29:51.000000;2016-04-17T00:29:51.973004;318388a3-5b44-416f-9459-ef8a744495b6;8.6176;3.156108;SELL
2016-04-17T00:29:51.000000;2016-04-17T00:29:51.985999;f53c7908-6fc7-49e8-a6e2-8d1daf07aa97;8.614;15.74361594;SELL
2016-04-17T00:29:55.000000;2016-04-17T00:29:55.342345;6d046dab-9f5e-4087-886b-006355ddf4e7;8.614;20.0;SELL
2016-04-17T00:46:15.000000;2016-04-17T00:46:15.618730;66792d24-80a8-472e-9795-b5611c53368c;8.614;2.20644103;SELL
2016-04-17T00:56:32.000000;2016-04-17T00:56:33.274820;d637d10f-c701-40be-8c92-38123f052665;8.62;2.0;BUY
2016-04-17T00:58:40.000000;2016-04-17T00:58:40.536536;871364f6-4b21-4475-8a3d-ae33a677d941;8.62;0.90180361;BUY
2016-04-17T00:58:42.000000;2016-04-17T00:58:42.454749;f586af03-3b18-4023-9412-47c9b76ad342;8.62;0.90180361;BUY
2016-04-17T00:58:42.000000;2016-04-17T00:58:42.528746;50ff567f-cec5-4c11-80a9-c29bbaa98def;8.62;0.90180361;BUY
2016-04-17T00:58:49.000000;2016-04-17T00:58:49.267413;9239f1f5-f260-46cf-8e99-2c0ecfb91358;8.62;1.04814934;BUY
2016-04-17T00:58:51.000000;2016-04-17T00:58:51.954681;1f7d5a56-c7d8-4584-9bdf-5a1f388b767b;8.62;3.79;BUY
2016-04-17T00:58:52.000000;2016-04-17T00:58:52.137702;a22febaa-3ed6-4b9f-aa04-60eea6911217;8.62;0.45643983;BUY
2016-04-17T00:58:55.000000;2016-04-17T00:58:55.586051;1184733f-52e3-4d0e-8632-39092f05817d;8.62;1.52;BUY
2016-04-17T00:58:58.000000;2016-04-17T00:58:58.814376;6b811211-a435-44ea-bcaf-4bad2ef54711;8.62;3.79;BUY
2016-04-17T00:58:59.000000;2016-04-17T00:58:59.039400;56403d09-f86a-4e71-b11b-5f1f4e19120e;8.62;0.1002004;BUY
2016-04-17T00:59:00.000000;2016-04-17T00:59:00.118547;988f54fd-d19e-4b35-bcef-73bc193ad966;8.62;0.1002004;BUY
2016-04-17T00:59:01.000000;2016-04-17T00:59:01.128607;ca8ddcfa-a97d-4053-a00c-62dce3bcd84e;8.62;4.4895992;BUY
2016-04-17T01:08:55.000000;2016-04-17T01:08:55.460039;9b6b1929-636f-421a-81d7-f6cbf017cce2;8.62;0.1002004;BUY
2016-04-17T01:12:09.000000;2016-04-17T01:12:09.187204;feee98d8-8bc6-40b8-b569-60e477da530e;8.62;9.8997996;BUY
2016-04-17T01:12:57.000000;2016-04-17T01:12:57.940082;1ff44da4-4b38-4ecd-9c9f-bd147440fe10;8.63;8.31;BUY
2016-04-17T01:13:00.000000;2016-04-17T01:13:00.971376;acc195b1-5a7e-464f-87aa-1a4ca1cd8ff0;8.63;1.69;BUY
2016-04-17T01:14:55.000000;2016-04-17T01:14:55.057811;c4d8872a-1bb6-45ab-89d5-f075f41aaaf2;8.63;2.02;BUY
2016-04-17T01:15:00.000000;2016-04-17T01:15:00.630386;e6a6f4ee-0c1e-4f23-8f7a-16324f7cad30;8.63;1.8;BUY
2016-04-17T01:15:00.000000;2016-04-17T01:15:00.967378;e0f41833-7530-424b-aee1-be3deb25378b;8.63;1.8;BUY
2016-04-17T01:15:01.000000;2016-04-17T01:15:01.399430;c35ada48-4284-4a5a-8d5e-dfc4360e4055;8.63;3.14;BUY
2016-04-17T01:15:02.000000;2016-04-17T01:15:02.737553;79ace65d-ef1c-4b03-9b93-f53b0b94d11a;8.63;1.24;BUY
2016-04-17T01:15:46.000000;2016-04-17T01:15:46.978988;25156260-11a1-488f-99db-6ccf527c4b74;8.64;10.0;BUY
2016-04-17T01:16:42.000000;2016-04-17T01:16:42.557542;2ab0e7e1-6f84-4ccd-a436-391a967f7d08;8.64;10.0;BUY
2016-04-17T01:17:08.000000;2016-04-17T01:17:08.990179;c3bf6ee0-6bf8-41a4-bf75-84588692ce38;8.64;10.0;BUY
2016-04-17T01:17:44.000000;2016-04-17T01:17:47.392028;27960467-5c3a-464d-809a-1457227d3e40;8.64;1.3;BUY
2016-04-17T01:18:00.000000;2016-04-17T01:18:00.293326;626c07c9-3487-44a1-9859-e017eb3fa2de;8.64;8.7;BUY
2016-04-17T01:20:12.000000;2016-04-17T01:20:12.448547;4813cd34-02d3-44b5-8cec-8b6e9da93d27;8.64;10.0;BUY
2016-04-17T01:24:43.000000;2016-04-17T01:24:43.726943;d0bcebbb-7a73-4d48-9247-cc1e5555968b;8.64;31.73;BUY
2016-04-17T01:25:13.000000;2016-04-17T01:25:14.018955;247c6496-4112-4010-a264-679d730c78fb;8.64;12.0;BUY
2016-04-17T01:25:41.000000;2016-04-17T01:25:41.722724;1d9812c8-f2c6-4f2c-8fad-7ada5d57bd8a;8.64;6.27;BUY
2016-04-17T01:25:41.000000;2016-04-17T01:25:41.733861;350cf727-0947-4a38-9d51-43ea67ebf332;8.65;10.0;BUY
2016-04-17T01:25:41.000000;2016-04-17T01:25:41.742855;3986842f-cd03-4651-aaa9-b5c230705734;8.6984;0.73;BUY
2016-04-17T01:36:42.000000;2016-04-17T01:36:43.000851;a401acbe-06b7-4e84-9ebb-5518e23f20e8;8.65;10.84;BUY
2016-04-17T01:37:11.000000;2016-04-17T01:37:11.978742;1b755530-c59b-4406-929e-49db08c2e6a1;8.65;16.0;BUY
2016-04-17T01:46:34.000000;2016-04-17T01:46:34.253687;40852857-19b2-49ca-afd8-c2b234d39254;8.65;20.83;BUY
2016-04-17T01:46:34.000000;2016-04-17T01:46:34.934757;d6dcb86e-9367-4292-a222-7485ffb10257;8.65;2.33;BUY
2016-04-17T01:46:38.000000;2016-04-17T01:46:38.538129;747c2641-c49f-4448-90b5-9aee3e01c7bf;8.6984;2.393437;BUY
2016-04-17T01:46:38.000000;2016-04-17T01:46:38.542117;b3ec33a8-51c5-45b7-8843-45ad54973a07;8.7;334.32325419;BUY
2016-04-17T01:46:40.000000;2016-04-17T01:46:40.764336;4c669fda-8173-406b-b39c-8b272b0a052c;8.7;0.44919583;SELL
2016-04-17T01:46:44.000000;2016-04-17T01:46:44.193680;47dc1d82-eaec-4308-a21d-0d4927534353;8.729;86.1241;BUY
2016-04-17T01:46:44.000000;2016-04-17T01:46:44.203680;f61bbcff-e44c-41a5-bcfa-a5aa8762507c;8.75;1.5;BUY
2016-04-17T01:46:44.000000;2016-04-17T01:46:44.212673;a2bbea4b-ad3e-4a4b-b8ed-b1286766f329;8.78;0.4;BUY
2016-04-17T01:46:44.000000;2016-04-17T01:46:44.222711;4bea8e71-2544-4802-8d87-18613bb30a76;8.8;100.0;BUY
2016-04-17T01:46:44.000000;2016-04-17T01:46:44.233706;090c06a8-3144-4e6c-9c8b-24be3c390b8d;8.8;69.9999;BUY
2016-04-17T01:46:44.000000;2016-04-17T01:46:44.235682;cc2a064b-3d3d-435d-ae5d-3672aec35d2d;8.8;0.1;BUY
2016-04-17T01:46:44.000000;2016-04-17T01:46:44.252686;8f9b731d-7d72-4622-a8a1-92759cbe6fd3;8.8;2.0;BUY
2016-04-17T01:46:44.000000;2016-04-17T01:46:44.252686;de82e55a-0cae-4e27-976c-3635765ae4b6;8.8;0.096;BUY
2016-04-17T01:46:44.000000;2016-04-17T01:46:44.624728;82f585ad-a5aa-4e74-a2bb-0f432dd4a566;8.7999;3.07824956;BUY
2016-04-17T01:46:44.000000;2016-04-17T01:46:44.630758;f2f330ef-a817-4847-8754-e3c08784b794;8.8;0.004;BUY
2016-04-17T01:46:48.000000;2016-04-17T01:46:48.951157;7487001e-6f47-4a9f-88ad-93d13817cdeb;8.8;100.61;SELL
2016-04-17T01:46:52.000000;2016-04-17T01:46:52.316498;45daa04e-b541-4515-a00b-34cce0f60cc5;8.8499;0.63066596;BUY
2016-04-17T01:47:10.000000;2016-04-17T01:47:10.411302;22661357-3273-4d75-8aa4-906d623c87f6;8.8023;0.85876837;SELL
2016-04-17T01:47:10.000000;2016-04-17T01:47:10.418327;82aefbef-b428-45fa-bc70-a20d22198943;8.8023;4.20817904;SELL
2016-04-17T01:47:10.000000;2016-04-17T01:47:10.429321;662ee311-216d-4d43-bf80-20dc02843c92;8.8023;4.20817904;SELL
2016-04-17T01:47:10.000000;2016-04-17T01:47:10.430295;4ff294ce-99b7-4d77-819a-83dc3a7ca43e;8.8023;4.20817904;SELL
2016-04-17T01:47:10.000000;2016-04-17T01:47:10.448310;2edaacba-c1ae-46b8-bf45-634ed995b65f;8.8023;4.20817904;SELL
2016-04-17T01:47:10.000000;2016-04-17T01:47:10.448310;8d033689-80c0-4c45-856f-6c50c82a64c5;8.8011;3.106214;SELL
2016-04-17T01:47:35.000000;2016-04-17T01:47:35.851834;d5047fb0-2439-40e0-9318-61101cde6d50;8.8;30.0;BUY
2016-04-17T01:47:36.000000;2016-04-17T01:47:36.992955;592fc852-3b13-47bb-b4e1-6ab8e951fae2;8.703;154.86900586;SELL
2016-04-17T01:49:31.000000;2016-04-17T01:49:31.565414;2626b64b-5aaf-4bd5-b58f-3b9f2f9ef8a7;8.79;1.10226054;BUY
2016-04-17T01:49:41.000000;2016-04-17T01:49:41.842439;3e5214ad-a047-4946-8c89-60d340860d02;8.79;4.20817904;BUY
2016-04-17T01:49:44.000000;2016-04-17T01:49:44.576715;0ad33575-d036-49cf-aceb-143086ef04d8;8.79;4.20817904;BUY
2016-04-17T01:49:44.000000;2016-04-17T01:49:44.704731;7d4e1488-aa23-48af-ac80-9ad972daed48;8.79;0.40079359;BUY
2016-04-17T01:49:45.000000;2016-04-17T01:49:45.118765;6faf8229-12fe-4fdc-ade0-6582877933bc;8.79;4.20817904;BUY
2016-04-17T01:50:02.000000;2016-04-17T01:50:02.857558;8ef5688a-8bf0-43ca-807a-05e35c66f770;8.79;4.20817904;BUY
2016-04-17T01:50:51.000000;2016-04-17T01:50:51.170402;638400d4-949a-46b7-8758-2aa48edec83f;8.7901;1.08075836;SELL
2016-04-17T01:50:51.000000;2016-04-17T01:50:51.180397;da75fe37-9f02-47fd-924b-d158d22558bb;8.79;12.6;SELL
2016-04-17T01:50:53.000000;2016-04-17T01:50:53.161572;d2fa5fa9-7ca0-466c-babf-2556a5a050a9;8.7214;0.38642109;SELL
2016-04-17T01:50:55.000000;2016-04-17T01:50:55.803832;56ee2fd4-2f9c-490c-933d-c4f5535c046d;8.79;4.20817904;BUY
2016-04-17T01:50:58.000000;2016-04-17T01:50:58.227106;fa7eacfb-76e5-4e63-891b-43f34468cc0a;8.79;4.20817904;BUY
2016-04-17T01:50:58.000000;2016-04-17T01:50:58.855140;cf1915d8-b6f8-400b-a514-4e4ca3f97e72;8.79;4.20817904;BUY
2016-04-17T01:52:55.000000;2016-04-17T01:52:55.616817;3ddaf2ff-7720-4142-933f-1abf2c28c08d;8.7259;8.5;SELL
2016-04-17T01:52:55.000000;2016-04-17T01:52:55.631827;a4237e46-e720-4603-a928-d26e9c3402b0;8.7252;3.99255317;SELL
2016-04-17T01:52:55.000000;2016-04-17T01:52:55.639813;61d1e004-a89e-4e9c-b0ed-4e3d90718412;8.7252;4.20817904;SELL
2016-04-17T01:52:55.000000;2016-04-17T01:52:55.641823;7f4561cc-29f5-448e-9903-3214c87c286d;8.7252;2.98618471;SELL
2016-04-17T01:53:04.000000;2016-04-17T01:53:04.349691;505e2851-31de-46e6-ba2c-1af3247b6426;8.7258;3.087231;SELL
2016-04-17T01:53:04.000000;2016-04-17T01:53:04.356704;57b77630-369c-4b03-8e62-c8c9377ee242;8.7214;2.69558591;SELL
2016-04-17T01:53:06.000000;2016-04-17T01:53:06.448895;bec8e2f4-005a-4817-b351-01adcafdcb50;8.72;3.10508158;BUY
2016-04-17T01:53:09.000000;2016-04-17T01:53:09.636224;c6e72fff-c67f-4928-9a2c-9300a6b14b82;8.72;3.11;SELL
2016-04-17T01:53:30.000000;2016-04-17T01:53:30.526317;1761ad55-d8b5-44f9-8bd7-fef3d3e6e47a;8.719;1.8;BUY
2016-04-17T01:53:30.000000;2016-04-17T01:53:30.986380;6ed0b9d7-5308-40e9-81c4-5e3f47781aef;8.72;0.88890235;BUY
2016-04-17T01:53:33.000000;2016-04-17T01:53:33.717649;4d77f8ba-7c98-46a8-8f38-286a45a2a27f;8.72;2.68984061;BUY
2016-04-17T01:55:05.000000;2016-04-17T01:55:05.794769;e7344f04-139f-47a5-b882-7a725fd95ac1;8.789;6.7;BUY
2016-04-17T01:55:05.000000;2016-04-17T01:55:05.809798;2261f9fc-9d39-4d96-9c6d-1f76ced89925;8.79;7.34473423;BUY
2016-04-17T01:55:05.000000;2016-04-17T01:55:05.813776;dcb25553-2a8d-4284-a37a-27eeb1f40e68;8.8;5.06666577;BUY
2016-04-17T01:55:21.000000;2016-04-17T01:55:21.169311;d114fbaf-77bf-40dd-a3e2-66646f1884b3;8.78;0.5;BUY
2016-04-17T01:55:21.000000;2016-04-17T01:55:21.174316;28c82131-8629-44f3-b966-449d75ead52b;8.8;8.0604;BUY
2016-04-17T01:56:07.000000;2016-04-17T01:56:07.681961;e4c4a61c-332e-424e-83b6-0dc8614641b7;8.8;16.87293423;BUY
2016-04-17T01:56:07.000000;2016-04-17T01:56:07.694975;f134fe0f-8bee-45e8-8fb4-863e3229bef3;8.8;1.12706577;BUY
2016-04-17T01:56:13.000000;2016-04-17T01:56:13.100498;c4410525-528f-433c-986c-c130a7cb055d;8.8;3.4760096;BUY
2016-04-17T01:56:17.000000;2016-04-17T01:56:17.802965;f35a46d2-8f04-4b0f-b8ed-5e7079ad1770;8.8;3.4760096;BUY
2016-04-17T01:56:26.000000;2016-04-17T01:56:26.198812;a7ac2d03-01ee-409c-a25a-71cd0bfd5810;8.8;3.48039686;BUY
2016-04-17T01:56:31.000000;2016-04-17T01:56:31.790393;42e4da64-d699-4f19-8d1f-a9ad0a44e8fd;8.8;3.47825995;BUY
2016-04-17T01:56:36.000000;2016-04-17T01:56:36.894881;6de2da04-a7e2-44bc-a271-6d89bfc364ab;8.8;1.10226054;BUY
2016-04-17T01:56:37.000000;2016-04-17T01:56:37.624954;16bf6495-f966-43f1-873b-f7408e234b31;8.8;1.10226054;BUY
2016-04-17T01:56:38.000000;2016-04-17T01:56:39.271493;85311640-f219-497c-956a-cd8be12b2bf0;8.8;1.10226054;BUY
2016-04-17T01:56:39.000000;2016-04-17T01:56:39.509148;6d618da4-86aa-4b47-8a2d-7f2b312379aa;8.8;0.58725165;BUY
2016-04-17T01:57:30.000000;2016-04-17T01:57:30.780284;d31b50ee-81ee-414d-a8a7-b3535a41c91b;8.8;0.23982495;BUY
2016-04-17T01:57:30.000000;2016-04-17T01:57:30.797282;0a4da1f4-e1b2-4475-9445-8055c6fc466e;8.8;0.4;BUY
2016-04-17T01:57:30.000000;2016-04-17T01:57:30.799271;9b07dbaf-fc5a-4c1f-8e78-ba1c64acbcf4;8.84;0.86017505;BUY
2016-04-17T01:58:59.000000;2016-04-17T01:58:59.381128;ccc8ce5d-9ec5-4ddc-a2b6-75ea4ea65f33;8.84;0.27982495;BUY
2016-04-17T01:58:59.000000;2016-04-17T01:58:59.400133;54f73b96-98f2-4994-9b28-1976b2a5b725;8.85;0.02017505;BUY
2016-04-17T02:02:39.000000;2016-04-17T02:02:39.155109;c5f438d6-4b93-44c7-90d2-51715d8992aa;8.75;0.99973023;BUY
2016-04-17T02:02:43.000000;2016-04-17T02:02:43.416529;ae4be0e9-364e-4972-869f-cc8e6ba67b6e;8.75;0.00026977;BUY
2016-04-17T02:03:13.000000;2016-04-17T02:03:13.850569;3e78974e-a80b-42cf-a9be-889f17cb875f;8.76;1.0;BUY
2016-04-17T02:03:51.000000;2016-04-17T02:03:51.820380;40e63f1c-39fe-4e54-90bc-30554df8dd4c;8.77;1.0;BUY
2016-04-17T02:04:07.000000;2016-04-17T02:04:07.442939;b67e5a58-972a-4d1c-a463-e49cd82b7db2;8.78;1.0;BUY
2016-04-17T02:04:39.000000;2016-04-17T02:04:39.917176;58ad6096-a933-44f2-a643-8dd81fcf2638;8.772;6.9;SELL
2016-04-17T02:04:39.000000;2016-04-17T02:04:39.933182;0acae543-b83e-4fd4-bc92-13765e0a887e;8.772;3.068991;SELL
2016-04-17T02:04:39.000000;2016-04-17T02:04:39.940181;a4f90a20-0058-44f1-a260-847072383226;8.772;2.431009;SELL
2016-04-17T02:05:59.000000;2016-04-17T02:05:59.979182;ae470134-c115-4a87-852f-02f303da2af3;8.77;0.996004;SELL
2016-04-17T02:05:59.000000;2016-04-17T02:06:00.001185;6d07030a-55cb-44d9-b00f-042b892dce90;8.77;0.003996;SELL
2016-04-17T02:06:06.000000;2016-04-17T02:06:06.488859;0f7f396e-bf7e-4433-8c53-dd4c5fa8e4dc;8.77;0.992008;SELL
2016-04-17T02:06:06.000000;2016-04-17T02:06:06.502826;c7283ec2-9124-4ce7-b376-6fd5f10310d6;8.7601;0.007992;SELL
2016-04-17T02:06:14.000000;2016-04-17T02:06:14.102602;0b774756-fbc2-4c1d-8103-f42215f0d226;8.76;0.996004;SELL
2016-04-17T02:06:14.000000;2016-04-17T02:06:14.126596;2b1ae5dd-4b22-4c3d-ba9d-17699d629168;8.7201;0.003996;SELL
2016-04-17T02:06:42.000000;2016-04-17T02:06:42.682458;66bd8175-a02d-4aed-a2d5-23235c681c64;8.7212;0.828;SELL
2016-04-17T02:08:59.000000;2016-04-17T02:08:59.278135;89c9407d-5444-4ea0-b60f-1aed9d396a9c;8.7297;1.0;SELL
2016-04-17T02:09:10.000000;2016-04-17T02:09:10.131189;2eb00343-9b84-44d0-a422-33d33c78a232;8.7298;1.0;SELL
2016-04-17T02:29:43.000000;2016-04-17T02:29:43.246362;97ae752c-8556-4c36-9101-89df900150c4;8.7431;9.0;SELL
2016-04-17T02:29:43.000000;2016-04-17T02:29:43.258365;153dc9f4-b8a4-43cd-8869-76110bb6e528;8.7421;4.2006028;SELL
2016-04-17T02:29:43.000000;2016-04-17T02:29:43.259365;c1212f85-c9a1-4be1-83f3-a5e3a1cf680f;8.7421;6.00482958;SELL
2016-04-17T02:29:43.000000;2016-04-17T02:29:43.521377;6d7cc998-be66-435b-9bff-e09e4a8d571f;8.7421;70.20825139;BUY
2016-04-17T02:29:43.000000;2016-04-17T02:29:43.841432;84a38164-c827-4176-a0cd-39a26f411e38;8.7421;4.2006028;BUY
2016-04-17T02:29:44.000000;2016-04-17T02:29:44.414595;dd872d1e-ff30-4de9-aa8e-a1f9f03eae21;8.7421;4.2006028;BUY
2016-04-17T02:29:45.000000;2016-04-17T02:29:45.509757;d096c59e-93f0-4492-948d-3e95f168bcde;8.7421;4.2006028;BUY
2016-04-17T02:29:45.000000;2016-04-17T02:29:45.629607;73606162-3ead-4e10-a63d-dfd046dbf3b0;8.7421;3.40674049;BUY
2016-04-17T02:29:45.000000;2016-04-17T02:29:45.778619;c4985d3c-0295-46d5-85df-e9f6206393ff;8.7421;4.2006028;BUY
2016-04-17T02:29:45.000000;2016-04-17T02:29:45.826638;f964320c-641f-4e39-84e4-d425d369a98f;8.7421;17.71979037;BUY
2016-04-17T02:29:45.000000;2016-04-17T02:29:45.845620;5e16f989-3cc1-4940-9950-83f0c1f15144;8.7421;2.31127701;BUY
2016-04-17T02:29:46.000000;2016-04-17T02:29:46.508690;1b7bb4c1-fe13-404d-b2d5-ce48e9af1ac7;8.7421;4.2006028;BUY
2016-04-17T02:29:47.000000;2016-04-17T02:29:47.146740;de37c437-a2db-4e54-918c-65ca30815f1f;8.7421;4.2006028;BUY
2016-04-17T02:29:47.000000;2016-04-17T02:29:47.227759;fa3a193e-3ca8-4b11-904d-3818215313ca;8.7421;4.20817838;BUY
2016-04-17T02:29:47.000000;2016-04-17T02:29:47.937829;8fef23c1-2694-4763-900d-7ef1cb8a748e;8.7421;1.10667391;BUY
2016-04-17T02:29:48.000000;2016-04-17T02:29:48.412882;0ce81c58-dbb0-49c9-8413-959cc43e7879;8.7421;4.2006028;BUY
2016-04-17T02:29:49.000000;2016-04-17T02:29:49.072942;9774afcc-cc44-44b2-addc-93b98b41f250;8.7421;4.20817888;BUY
2016-04-17T02:29:49.000000;2016-04-17T02:29:49.193953;cddcc86c-2448-4989-8267-07a3209de40e;8.7421;4.20817904;BUY
2016-04-17T02:29:49.000000;2016-04-17T02:29:49.258249;1f4ecf09-889f-41ab-a738-78e88132f904;8.7421;4.2006028;BUY
2016-04-17T02:29:50.000000;2016-04-17T02:29:50.097043;51bc30c3-7334-40ef-a376-9447824bdacd;8.7421;4.20817892;BUY
2016-04-17T02:29:50.000000;2016-04-17T02:29:50.212051;b9ec3e3d-15a7-411c-89c7-1f008b87b6df;8.7421;4.2006028;BUY
2016-04-17T02:29:50.000000;2016-04-17T02:29:51.021137;a6eb2731-1b0e-4a18-9bbf-3318218c0a08;8.7421;4.20817892;BUY
2016-04-17T02:29:51.000000;2016-04-17T02:29:51.149148;a9cadf8e-3163-4d08-93f6-6cf8792c88d6;8.7421;4.2006028;BUY
2016-04-17T02:29:51.000000;2016-04-17T02:29:51.680204;baf77664-31cb-4b74-be10-57eb86564d51;8.7421;4.20817899;BUY
2016-04-17T02:29:51.000000;2016-04-17T02:29:51.811222;77c66ae9-640b-4634-b529-fd1d480c2b88;8.7421;4.2006028;BUY
2016-04-17T02:29:52.000000;2016-04-17T02:29:52.293261;a821e813-c4f9-4798-a644-7745154ac699;8.7421;0.1;BUY
2016-04-17T02:29:52.000000;2016-04-17T02:29:52.607293;34062770-f162-4a1c-90ef-cbc932d824a9;8.7421;4.2006028;BUY
2016-04-17T02:29:53.000000;2016-04-17T02:29:53.053330;c4c4ffa7-9a5b-4901-bbab-4ed338c0a749;8.7421;4.20817904;BUY
2016-04-17T02:29:53.000000;2016-04-17T02:29:53.636402;a7afcde5-fb58-4c6c-81f3-11935ef21175;8.7421;4.2006028;BUY
2016-04-17T02:29:53.000000;2016-04-17T02:29:53.653408;3fa0266e-d6a1-48ea-bba6-069fa769667d;8.7421;4.20778968;BUY
2016-04-17T02:29:53.000000;2016-04-17T02:29:53.765416;818398a4-68b0-4217-99d2-2865a4934bad;8.7421;4.20817904;BUY
2016-04-17T02:29:56.000000;2016-04-17T02:29:56.476686;14c98ec9-3aa3-4640-b8d3-078e015bbd29;8.7421;4.2006028;BUY
2016-04-17T02:29:57.000000;2016-04-17T02:29:57.495795;fb649294-c026-4375-8010-daf9cd3bcdef;8.7421;4.2006028;BUY
2016-04-17T02:29:58.000000;2016-04-17T02:29:58.551896;f34b8190-a701-4c84-b1ec-06e6ae306626;8.7421;4.2006028;BUY
2016-04-17T02:29:59.000000;2016-04-17T02:29:59.314147;97929c99-8efe-47fd-bdd3-abbdb1bde3b6;8.7421;4.20817866;BUY
2016-04-17T02:29:59.000000;2016-04-17T02:29:59.348976;66e71f85-0286-4b8e-a066-0dde6a8fb372;8.7421;4.2006028;BUY
2016-04-17T02:30:00.000000;2016-04-17T02:30:00.414089;b9d4ed0a-f449-4582-9959-39e6ecb660c3;8.7421;4.2006028;BUY
2016-04-17T02:30:00.000000;2016-04-17T02:30:00.798117;7df2a3fb-d7e4-4196-9283-a365c49e5757;8.742;90.07;SELL
2016-04-17T02:30:00.000000;2016-04-17T02:30:00.808122;57092b85-0c4c-4dc9-b62b-cf643653809b;8.742;6.7;SELL
2016-04-17T02:30:00.000000;2016-04-17T02:30:00.923122;c6528e89-a2e2-4f40-8be7-6e84385dfe04;8.742;4.20817866;BUY
2016-04-17T02:30:00.000000;2016-04-17T02:30:01.001135;2916408d-09c1-42b4-9bf6-e38a112fcda6;8.742;4.20817866;BUY
2016-04-17T02:30:01.000000;2016-04-17T02:30:01.258229;4d9de63e-5fe7-43d3-b866-f97dbdd233aa;8.742;4.207571;BUY
2016-04-17T02:30:01.000000;2016-04-17T02:30:01.280174;fe554031-c587-4346-915f-c086992ca63d;8.742;4.20817904;BUY
2016-04-17T02:30:05.000000;2016-04-17T02:30:05.861635;6357848a-836d-4ab5-9db7-78f4db2a18b9;8.742;4.20817866;BUY
2016-04-17T02:30:06.000000;2016-04-17T02:30:06.469677;cc8ec5e4-9a66-47a8-863d-c5c376b083c0;8.742;4.20817866;BUY
2016-04-17T02:30:14.000000;2016-04-17T02:30:14.616499;2cc7b2f5-7a80-484c-8263-5311ba2b7f2f;8.7381;4.2006028;SELL
2016-04-17T02:30:14.000000;2016-04-17T02:30:14.624494;f8c8efab-8375-42c8-94d5-5700ac09ab34;8.738;115.0;SELL
2016-04-17T02:30:14.000000;2016-04-17T02:30:14.647488;c1470d2b-98d3-4fa4-855f-d74547fd4cbb;8.72;7.96703215;SELL
2016-04-17T02:30:14.000000;2016-04-17T02:30:14.657503;68291535-e6d2-49bb-a411-e978a9973441;8.72;7.861104;SELL
2016-04-17T02:30:14.000000;2016-04-17T02:30:14.948525;2e679ee3-bcdd-4c4f-8a6e-3067835ad628;8.6526;4.2006028;BUY
2016-04-17T02:30:15.000000;2016-04-17T02:30:15.072542;3077f4cd-6fec-4b52-8bea-a8f5a96862b8;8.6526;131.30137724;BUY
2016-04-17T02:30:15.000000;2016-04-17T02:30:15.778602;4301ad3d-ceb6-4f19-a5ef-27fccd534a2c;8.6526;41.1;BUY
2016-04-17T02:30:15.000000;2016-04-17T02:30:15.886640;14c43d87-6a8e-4ab1-b929-606d30f68f1e;8.6526;4.2006028;BUY
2016-04-17T02:30:15.000000;2016-04-17T02:30:15.900621;3a0431a9-df91-4241-99df-afdf496594cc;8.6526;107.284059;BUY
2016-04-17T02:30:16.000000;2016-04-17T02:30:16.474680;742861ec-7341-48db-9741-9891f340dd62;8.6526;108.7274539;BUY
2016-04-17T02:30:16.000000;2016-04-17T02:30:16.603688;942268e6-3eb0-4e9a-823a-8b67ba1f7527;8.6526;4.2006028;BUY
2016-04-17T02:30:16.000000;2016-04-17T02:30:16.688717;c7ce87c7-95ae-4363-92e4-41a9f9810cd2;8.6526;51.62918906;BUY
2016-04-17T02:30:16.000000;2016-04-17T02:30:16.720706;43fecfc2-ed3d-4b67-8d65-5f20f1cf13b8;8.6526;61.19642139;BUY
2016-04-17T02:30:17.000000;2016-04-17T02:30:17.191747;a4ae0656-4771-4e46-9bbf-2430aae678a6;8.6526;0.38661669;BUY
2016-04-17T02:30:17.000000;2016-04-17T02:30:17.204757;183d786a-238a-4f37-b486-8fc6fdaeae51;8.6526;2.96406124;BUY
2016-04-17T02:30:17.000000;2016-04-17T02:30:17.307764;9739d0c0-a907-4414-97ec-baf23b7664f1;8.6526;4.20817904;BUY
2016-04-17T02:30:17.000000;2016-04-17T02:30:17.719832;a11edd98-588f-4c1f-a5ca-cb071cb0c30e;8.6526;45.7;BUY
2016-04-17T02:30:17.000000;2016-04-17T02:30:17.876821;3510abe5-d2f2-4617-81b5-f1c83a2461b1;8.6526;0.14324199;BUY
2016-04-17T02:30:17.000000;2016-04-17T02:30:17.925831;c2b76a0d-c04c-4974-aa0d-3cd3ffe4fa35;8.6526;0.3870199;BUY
2016-04-17T02:30:18.000000;2016-04-17T02:30:18.815918;8ac73d82-51fd-4f26-8f9b-99d259fb271d;8.6526;2.96406124;BUY
2016-04-17T02:30:18.000000;2016-04-17T02:30:18.905985;3fb2db98-959e-4bac-a4bd-15224b3ced36;8.6526;0.3870199;BUY
2016-04-17T02:30:18.000000;2016-04-17T02:30:18.917930;5fab5d20-9af3-4fdc-94ad-7fb65a0b7feb;8.6526;4.20817904;BUY
2016-04-17T02:30:19.000000;2016-04-17T02:30:19.245958;7a561559-914d-482a-ad3f-a55d04dc978b;8.6526;254.17923502;BUY
2016-04-17T02:31:17.000000;2016-04-17T02:31:17.091748;1893c1eb-219f-417b-806a-6341e22c2b2b;8.6747;89.90073576;BUY
2016-04-17T02:31:18.000000;2016-04-17T02:31:18.229861;a1ffb745-accc-444e-82c0-291d9ab1baf1;8.6747;45.6;BUY
2016-04-17T02:31:19.000000;2016-04-17T02:31:19.049935;f265335c-4ec2-45b8-b0db-d15114cb1313;8.6747;1.01540069;BUY
2016-04-17T02:31:19.000000;2016-04-17T02:31:19.061031;3a1020c6-ee68-4a05-8849-6ae2dbad8b33;8.6747;1.60603878;BUY
2016-04-17T02:31:19.000000;2016-04-17T02:31:19.105935;a4c1f8f3-656f-41a7-8a5f-3500b8b16410;8.6747;6.49861807;BUY
2016-04-17T02:31:19.000000;2016-04-17T02:31:19.165958;af502090-5213-4e49-a6d4-744f1ab3adbb;8.6747;2.96940723;BUY
2016-04-17T02:31:19.000000;2016-04-17T02:31:19.306970;81e3511b-c775-4031-8c46-ecbd6364e042;8.6747;2.96406123;BUY
2016-04-17T02:31:19.000000;2016-04-17T02:31:19.946028;ed18393f-f5c4-4b88-8154-98e3bc975b1e;8.6747;1.46292585;BUY
2016-04-17T02:31:20.000000;2016-04-17T02:31:20.914128;c2ca6afc-d529-49c3-ab42-1c392e812874;8.6747;9.74582897;BUY
2016-04-17T02:31:22.000000;2016-04-17T02:31:22.772299;9c600991-4385-491b-8ce5-e55df41d569e;8.6747;3.10629046;BUY
2016-04-17T02:31:24.000000;2016-04-17T02:31:24.112449;40f1adb8-d5ba-47f6-b693-ee4aa9a29797;8.6747;31.9;BUY
2016-04-17T02:31:24.000000;2016-04-17T02:31:24.323468;4c92d5f5-2ee6-4d55-b31b-85fffbb80bfa;8.6747;4.20817904;BUY
2016-04-17T02:31:24.000000;2016-04-17T02:31:24.544487;395bebf0-5679-4ea1-9e5c-6d19f7b9a3e6;8.6747;265.27;BUY
2016-04-17T02:31:25.000000;2016-04-17T02:31:25.965625;2f898feb-945d-466e-b0ce-bd38b79d9119;8.6631;4.2006028;SELL
2016-04-17T02:31:25.000000;2016-04-17T02:31:25.972641;356013c9-07bd-4fc7-9415-130346b7224d;8.6631;0.38661669;SELL
2016-04-17T02:31:25.000000;2016-04-17T02:31:25.990660;6469f14f-0d2d-4be0-a5f3-9812f10abbd1;8.663;76.3;SELL
2016-04-17T02:31:25.000000;2016-04-17T02:31:26.002664;0bad6f3f-78a7-481b-9229-07759abe9988;8.6621;18.4;SELL
2016-04-17T02:31:25.000000;2016-04-17T02:31:26.002664;12df4502-410d-4962-a042-e1ff4750a4c2;8.662;12.948225;SELL
2016-04-17T02:31:26.000000;2016-04-17T02:31:26.383684;440b3fef-4a93-4b7a-83c3-5c7fa628bc3d;8.662;137.12003951;BUY
2016-04-17T02:31:26.000000;2016-04-17T02:31:26.397665;73d60145-2e0a-43fb-b7e8-2fa833f90907;8.6747;175.60245292;BUY
2016-04-17T02:31:38.000000;2016-04-17T02:31:38.674909;72beb34d-9ead-46d9-a7d6-39db1beee877;8.677;23.68014713;SELL
2016-04-17T02:32:57.000000;2016-04-17T02:32:57.970843;0aa9a2d6-7e4a-4af7-925d-a7ed30eb2f01;8.6831;1.29833915;SELL
2016-04-17T02:32:57.000000;2016-04-17T02:32:57.982840;5b7bf940-1212-478f-a157-d6a4628ac269;8.683;48.39;SELL
2016-04-17T02:32:57.000000;2016-04-17T02:32:57.991834;5f32c755-36b4-424b-b847-311bd58ac5c5;8.68;10.0;SELL
2016-04-17T02:32:57.000000;2016-04-17T02:32:58.013966;2b596600-357b-4747-b44e-b792ca4857e0;8.68;12.348336;SELL
2016-04-17T02:32:57.000000;2016-04-17T02:32:58.013966;19ce24f9-1db5-494e-8c04-78ff28da5529;8.676;2.5;SELL
2016-04-17T02:32:57.000000;2016-04-17T02:32:58.013966;1701b4df-9c89-4d59-b280-d4294c4ed670;8.675;20.51578285;SELL
2016-04-17T02:33:43.000000;2016-04-17T02:33:43.743409;7e0afd5c-823e-4ffa-ba0d-938f1b970dba;8.729;36.4;SELL
2016-04-17T02:33:49.000000;2016-04-17T02:33:49.333967;5c2aa75b-6f21-4cdf-bc6f-e8910b70d20f;8.729;137.63;SELL
2016-04-17T02:33:49.000000;2016-04-17T02:33:49.343979;330eafe1-2009-4c38-9592-6440a1630b17;8.729;174.03;SELL
2016-04-17T02:33:51.000000;2016-04-17T02:33:51.075132;cae5e163-b144-45ed-a5f9-aebd155cb8da;8.699;0.4964875;BUY
2016-04-17T02:33:52.000000;2016-04-17T02:33:52.147270;a9e9c58c-6ecc-499b-b9e0-02b3e8d8102a;8.699;0.54641954;BUY
2016-04-17T02:33:53.000000;2016-04-17T02:33:53.214358;fbae317a-46d3-4d80-b411-ff4925645e7b;8.699;0.4964875;BUY
2016-04-17T02:33:53.000000;2016-04-17T02:33:53.965432;c1eb6a56-02f0-4c6e-b4cb-99377f89923f;8.699;0.54740493;BUY
2016-04-17T02:33:55.000000;2016-04-17T02:33:55.067544;a97448c6-c3c6-45a0-a986-f4c9c5f0378c;8.699;108.07202253;BUY
2016-04-17T02:34:59.000000;2016-04-17T02:34:59.354970;7308d522-4623-44b5-9e81-3ab63e06c3df;8.726;0.7;SELL
2016-04-17T02:34:59.000000;2016-04-17T02:34:59.360962;671d67f2-a649-4f67-99e6-67b753624b4a;8.725;6.33;SELL
2016-04-17T02:35:08.000000;2016-04-17T02:35:08.504884;3ffc7b1a-0daa-4d8a-997b-6fbb16462b80;8.7153;0.96019169;BUY
2016-04-17T02:35:23.000000;2016-04-17T02:35:23.948426;018af563-2a4a-4530-8561-917cae9d73a0;8.7151;0.54641954;SELL
2016-04-17T02:35:23.000000;2016-04-17T02:35:23.951426;22c86770-20c2-49ad-8c17-9b22fdff9a39;8.7151;0.54740493;SELL
2016-04-17T02:35:23.000000;2016-04-17T02:35:23.964424;48ba7901-f2c6-4520-8870-e53d3a826644;8.715;10.23940353;SELL
2016-04-17T02:36:03.000000;2016-04-17T02:36:03.959426;b731634f-1d88-4931-a1f9-617c6c3d4f70;8.716;3.006799;SELL
2016-04-17T02:36:06.000000;2016-04-17T02:36:06.613685;03cd0abf-2f23-4190-a367-219ac2d1eb22;8.7464;0.7;BUY
2016-04-17T02:36:06.000000;2016-04-17T02:36:06.626698;b2f8b532-3293-4081-bc05-004f85e99367;8.752;1.2;BUY
2016-04-17T02:36:08.000000;2016-04-17T02:36:08.895923;3cb3a1d3-04be-4414-8aec-7f9698f6b270;8.716;0.875275;SELL
2016-04-17T02:36:08.000000;2016-04-17T02:36:08.907924;02064351-0637-4c70-b65d-328180c4c94f;8.716;4.1;SELL
2016-04-17T02:36:10.000000;2016-04-17T02:36:11.018131;ba48e058-64c7-4798-b922-507a89cb3bda;8.716;42.85;BUY
2016-04-17T02:37:30.000000;2016-04-17T02:37:30.256044;635d287c-2228-426e-a5be-39278a45166b;8.715;1.71059647;SELL
2016-04-17T02:37:47.000000;2016-04-17T02:37:47.433770;ed38cb2c-4f16-46ee-a55d-f12177c1a094;8.702;1.7;SELL
2016-04-17T02:37:47.000000;2016-04-17T02:37:47.436776;b0a0c74c-b727-4e36-b940-43dec2ce2445;8.701;19.940229;SELL
2016-04-17T02:38:49.000000;2016-04-17T02:38:49.660005;a7401691-1cbd-43ed-a641-722dfbe9691c;8.7215;54.47;BUY
2016-04-17T02:38:51.000000;2016-04-17T02:38:51.620223;b3e00653-98fb-4802-b3b7-fe0062d8073c;8.7215;0.004601;BUY
2016-04-17T02:38:56.000000;2016-04-17T02:38:56.639718;042143f3-d8c7-4fcd-b4bd-bf879910ed9e;8.7221;1.08746958;SELL
2016-04-17T02:38:56.000000;2016-04-17T02:38:56.640689;70d7ff8d-89f7-4a93-880f-112e75fbb0ad;8.7221;4.2006028;SELL
2016-04-17T02:38:56.000000;2016-04-17T02:38:56.644694;88ec0ad1-f859-48b2-b389-928c631665df;8.722;54.465399;SELL
2016-04-17T02:38:56.000000;2016-04-17T02:38:56.673695;d669368b-20ba-476c-88e9-442517e001b6;8.7177;1.08746958;BUY
2016-04-17T02:38:56.000000;2016-04-17T02:38:56.727699;870ed430-41e2-47dc-9aa4-16e309cca4ba;8.7177;4.2006028;BUY
2016-04-17T02:38:56.000000;2016-04-17T02:38:57.115767;35fe9785-7f2b-401f-a318-6aa2b0f0c9b2;8.7177;2.9;BUY
2016-04-17T02:38:57.000000;2016-04-17T02:38:57.716796;5dff7ceb-3da6-4f55-9c3c-869670091e3a;8.7177;4.2006028;BUY
2016-04-17T02:39:03.000000;2016-04-17T02:39:03.079355;24e5d32a-ce38-4b58-a42e-11d23c75eef4;8.7012;4.2006028;SELL
2016-04-17T02:39:03.000000;2016-04-17T02:39:03.087382;5bf6ee3f-f4ba-443e-a4e8-4880b4d1a0cf;8.7011;8.492118;SELL
2016-04-17T02:39:03.000000;2016-04-17T02:39:03.094341;4298e402-ad04-4c11-9508-45c165ac7c17;8.701;12.279771;SELL
2016-04-17T02:39:03.000000;2016-04-17T02:39:03.117340;711c56e9-a564-46fb-b84c-0ddbdd43e204;8.68;10.0;SELL
2016-04-17T02:39:03.000000;2016-04-17T02:39:03.117340;05712b56-aaef-4e98-a828-e04a57e8785f;8.676;1.2;SELL
2016-04-17T02:39:03.000000;2016-04-17T02:39:03.117340;375a9e96-0dfd-45b2-a1f6-c43b802246e5;8.675;30.8785222;SELL
2016-04-17T02:39:50.000000;2016-04-17T02:39:50.421239;bdb53504-d457-407b-a06d-ac5124ebb1af;8.7225;4.20586284;BUY
2016-04-17T02:39:50.000000;2016-04-17T02:39:50.444238;a22df276-02a5-45b3-a076-09d6853ec439;8.7225;4.20817904;BUY
2016-04-17T02:39:50.000000;2016-04-17T02:39:50.787268;5c693b9c-6436-403d-95d5-9ef7e948c0b1;8.7225;3.27542012;BUY
2016-04-17T02:39:51.000000;2016-04-17T02:39:51.080298;21ad8436-bc48-4ad5-88ac-b045434882c1;8.723;8.41457988;SELL
2016-04-17T02:39:56.000000;2016-04-17T02:39:56.562846;7426ad54-704b-4592-b7d5-9a961ccf361b;8.7195;3.27;BUY
2016-04-17T02:39:59.000000;2016-04-17T02:39:59.156114;bf227236-d650-4a2e-b961-8174158bc34b;8.7195;0.00488212;BUY
2016-04-17T02:40:12.000000;2016-04-17T02:40:12.207434;f076e1de-cba7-4d41-b07f-bbccdc28dace;8.7269;0.107974;BUY
2016-04-17T02:40:19.000000;2016-04-17T02:40:19.621141;c7d1a724-9b5b-49fd-a356-fee6cdd6cb87;8.7279;3.93556417;BUY
2016-04-17T02:40:22.000000;2016-04-17T02:40:22.708465;eed56ef8-f31e-43fa-9c20-6fbb0e869e32;8.7279;3.11803494;BUY
2016-04-17T02:40:24.000000;2016-04-17T02:40:24.937690;17ab379a-5817-4aa1-9677-aad24649e16e;8.7279;0.97812948;BUY
2016-04-17T02:40:27.000000;2016-04-17T02:40:27.316942;8dcaba59-bba5-4495-a455-e119c119909b;8.7279;0.74292939;BUY
2016-04-17T02:40:28.000000;2016-04-17T02:40:28.686057;0757acd5-38fb-4a93-a8bd-c5198ccbd449;8.727;0.002026;SELL
2016-04-17T02:40:29.000000;2016-04-17T02:40:29.485133;d6a9c628-f354-4b7a-8243-53ada8a6b8e5;8.727;2.74966847;BUY
2016-04-17T02:40:31.000000;2016-04-17T02:40:31.057292;e9d3b93e-1717-48ed-88d2-a2cf7f46270b;8.727;7.79;BUY
2016-04-17T02:40:31.000000;2016-04-17T02:40:31.794356;4ff2e972-0f2c-4402-a8d4-12ea9e9982aa;8.727;0.00193553;BUY
2016-04-17T02:40:33.000000;2016-04-17T02:40:33.371530;a633dc38-2552-4da3-8526-8037feb6ec56;8.7279;2.56952983;SELL
2016-04-17T02:40:33.000000;2016-04-17T02:40:33.375528;7cf4c352-d75e-4e95-850d-1c421f0da76d;8.7197;4.2006028;SELL
2016-04-17T02:40:33.000000;2016-04-17T02:40:33.390543;18c8a290-bc14-4eb6-8f7b-a4a2e2c02d9e;8.7195;3.25691357;SELL
2016-04-17T02:40:33.000000;2016-04-17T02:40:33.414527;553fa88d-3655-4bcf-8f2d-cc8aa1e8641a;8.718;10.4489748;SELL
2016-04-17T02:41:02.000000;2016-04-17T02:41:02.833473;a685224a-0170-41ec-8a97-ffaecae398f8;8.7181;4.2006028;SELL
2016-04-17T02:41:02.000000;2016-04-17T02:41:02.845494;65ec9c39-e0d9-4ce5-bc9b-50b8f3e5a2d3;8.718;13.4110252;SELL
2016-04-17T02:41:02.000000;2016-04-17T02:41:02.854470;a9f22456-5686-496d-a31d-b52573028ffb;8.7177;7.45968971;SELL
2016-04-17T02:41:02.000000;2016-04-17T02:41:02.875476;d5876a84-d9bb-45d0-9833-7eebd6753246;8.676;1.91578629;SELL
2016-04-17T02:41:40.000000;2016-04-17T02:41:40.490239;51714636-4f7b-4217-8564-e763d705155f;8.7181;2.64096056;BUY
2016-04-17T02:41:43.000000;2016-04-17T02:41:43.685566;72de7f57-e064-4d57-8b4c-1bee2abd4433;8.7181;1.19142339;BUY
2016-04-17T02:41:47.000000;2016-04-17T02:41:47.111895;26d71d97-d040-4bde-b9c7-55711016f5c3;8.7181;4.2006028;BUY
2016-04-17T02:41:47.000000;2016-04-17T02:41:47.332922;383e6c71-8080-4eb4-a472-a20f98b6fd0d;8.7181;0.51129245;BUY
2016-04-17T02:42:33.000000;2016-04-17T02:42:33.816569;1a9e1371-7c3e-407b-8660-a096339b7abd;8.7181;0.95026103;SELL
2016-04-17T02:42:33.000000;2016-04-17T02:42:33.836571;f0b67250-d25d-4ec3-bbc4-7a597d050b7e;8.7181;4.2006028;SELL
2016-04-17T02:42:33.000000;2016-04-17T02:42:33.837573;855778de-cf90-4883-ab22-24723767db28;8.7181;4.20817886;SELL
2016-04-17T02:42:33.000000;2016-04-17T02:42:33.866583;ec9207cf-50fc-4080-8a88-bed08d4eb582;8.7181;0.50371601;SELL
2016-04-17T02:42:33.000000;2016-04-17T02:42:33.866583;bbbcecf9-083e-4484-a4d1-eebeedc39dba;8.7181;3.07695087;SELL
2016-04-17T02:42:34.000000;2016-04-17T02:42:34.282621;8451e7a4-e7ac-4d9c-ad83-59b67120790f;8.7181;4.2006028;BUY
2016-04-17T02:42:35.000000;2016-04-17T02:42:35.187703;13fa1df0-2ef1-4a70-8473-b47cf2207619;8.7181;1.76782263;BUY
2016-04-17T02:42:40.000000;2016-04-17T02:42:40.055221;60a05765-e90f-4bbd-a591-79fd5f69791e;8.7184;0.1;SELL
2016-04-17T02:42:52.000000;2016-04-17T02:42:52.268404;8a4b9afa-8de7-4afe-a52b-85395cae23dc;8.7256;0.1;SELL
2016-04-17T02:42:55.000000;2016-04-17T02:42:55.298729;16ce41b0-efd7-46d8-a955-4c654ae04d04;8.7256;1.76726348;SELL
2016-04-17T02:43:07.000000;2016-04-17T02:43:07.975979;fa0541b0-5ef1-4a89-8e3c-6b58852a38e9;8.7194;1.933491;BUY
2016-04-17T02:43:09.000000;2016-04-17T02:43:09.563142;a69d01c2-d72a-4d49-ab53-59b75beda2eb;8.736;1.93349056;BUY
2016-04-17T02:43:10.000000;2016-04-17T02:43:10.670249;050ee232-8a77-4a53-a39d-df59b27672a3;8.7256;0.76208674;SELL
2016-04-17T02:43:10.000000;2016-04-17T02:43:10.684244;0b21ad0d-2532-45ea-9918-b4978096bb72;8.7195;1.11134526;SELL
2016-04-17T02:43:53.000000;2016-04-17T02:43:53.899580;be25dfe4-ceb2-44d8-a6eb-98d2ab143713;8.7195;4.2006028;SELL
2016-04-17T02:43:53.000000;2016-04-17T02:43:53.910573;0345a438-de63-41af-8b68-a61ef2e70899;8.7194;1.92576477;SELL
2016-04-17T02:43:53.000000;2016-04-17T02:43:53.912577;a31957d4-099d-415e-9a38-78e5b001d0ea;8.718;5.9;SELL
2016-04-17T02:43:53.000000;2016-04-17T02:43:53.940590;77d3bbc7-538c-419a-8f4c-132ecd27569f;8.685;0.74482143;SELL
2016-04-17T02:47:40.000000;2016-04-17T02:47:41.030328;dcc111c6-10be-4dbe-a3b9-a321f9973fbe;8.7069;0.10138;BUY
2016-04-17T02:49:33.000000;2016-04-17T02:49:33.299510;64cafef4-0a82-4552-b5e3-804216ef5723;8.6999;0.1;BUY
2016-04-17T02:49:59.000000;2016-04-17T02:49:59.379136;cd22c082-e500-4618-abf5-62b1e8e34f96;8.6881;4.2006028;SELL
2016-04-17T02:49:59.000000;2016-04-17T02:49:59.395143;3e4e3339-d2cd-44e6-8d6c-3912c2d965e1;8.688;0.7873972;SELL
2016-04-17T02:50:14.000000;2016-04-17T02:50:14.813651;7e60b2b8-1feb-4e91-a943-36f193a9501e;8.6891;3.3;SELL
2016-04-17T02:50:14.000000;2016-04-17T02:50:14.826663;2e2bde23-0b2d-4b04-bff0-736a8ce44f24;8.6882;4.2006028;SELL
2016-04-17T02:50:14.000000;2016-04-17T02:50:14.846682;d1ecee63-124c-4b19-825a-f28bb7947d26;8.6882;8.627896;SELL
2016-04-17T02:50:14.000000;2016-04-17T02:50:14.862674;5ec8667e-3846-449b-a9a4-4d51680b58d2;8.688;19.7550062;SELL
2016-04-17T02:53:28.000000;2016-04-17T02:53:28.976355;1bc6a804-887c-42f5-9e36-c763ee9b8fbd;8.7072;0.172007;BUY
2016-04-17T02:54:56.000000;2016-04-17T02:54:56.111465;6b55ccc3-69c6-409b-b183-e72be9c5befc;8.794;0.567;BUY
2016-04-17T02:55:30.000000;2016-04-17T02:55:30.775926;64c84c67-4541-4913-89aa-8c532c678d8c;8.809;3.0668824;BUY
2016-04-17T02:55:36.000000;2016-04-17T02:55:36.684531;43851b11-3159-4817-9867-622341daeff2;8.809;3.1;BUY
2016-04-17T02:55:36.000000;2016-04-17T02:55:36.689535;e04e25a2-272e-41e0-894c-50f33e3e20ae;8.81;4.26621966;BUY
2016-04-17T02:55:38.000000;2016-04-17T02:55:38.968749;2444e04b-a1cc-44db-a080-e8439eac5f8a;8.81;7.3442806;BUY
2016-04-17T02:55:40.000000;2016-04-17T02:55:40.047889;9e3f9097-e24b-4c76-b50c-b1426e40fb0d;8.81;1.20322108;BUY
2016-04-17T02:55:41.000000;2016-04-17T02:55:41.362007;da29b661-85f9-4d79-be7e-a8ba94bd2dfc;8.81;4.84392228;BUY
2016-04-17T02:55:42.000000;2016-04-17T02:55:42.405102;2d92f8ad-e0cf-4719-844c-88e8729a6ccc;8.81;2.33035638;BUY
2016-04-17T02:55:47.000000;2016-04-17T02:55:47.945660;52304bf3-423e-4c28-89de-a1b709ba5d9a;8.8101;1.5;SELL
2016-04-17T02:55:52.000000;2016-04-17T02:55:52.658126;89fdd6e3-b000-4e99-b2eb-cfad0a73c4b0;8.85;0.07982495;BUY
2016-04-17T02:55:52.000000;2016-04-17T02:55:52.666125;383010cb-6ed3-4be2-90d8-7098be90df01;8.85;0.75053143;BUY
2016-04-17T02:56:35.000000;2016-04-17T02:56:35.630412;c3cb5b88-7335-469e-9355-15f53023a325;8.849;7.4;BUY
2016-04-17T02:56:35.000000;2016-04-17T02:56:35.639427;1f18e146-9d8c-41bf-adb3-c5002a55f5a9;8.85;2.29946857;BUY
2016-04-17T02:57:38.000000;2016-04-17T02:57:38.129679;ab5fe82d-f8d0-4a62-b2fc-d10fb8b82397;8.85;1.87782257;BUY
2016-04-17T02:57:38.000000;2016-04-17T02:57:38.403724;54db55e7-963b-4527-9ece-353dfdbb9611;8.85;2.33035624;BUY
2016-04-17T02:57:52.000000;2016-04-17T02:57:52.836133;334b5616-df77-4e00-b6a9-4f05f850c4dc;8.85;2.74182119;BUY
2016-04-17T02:57:52.000000;2016-04-17T02:57:52.851151;d5d9eacb-617c-4aa5-abb8-269d3167ba59;8.85;0.43724548;BUY
2016-04-17T02:57:55.000000;2016-04-17T02:57:55.172395;86b64f0b-31bd-4eac-a02e-859ddde58da5;8.85;0.01275452;BUY
2016-04-17T02:58:22.000000;2016-04-17T02:58:22.434106;85baccb9-7cc8-4a34-88c9-e8530b05c99b;8.87;4.20817904;BUY
2016-04-17T02:58:31.000000;2016-04-17T02:58:31.393998;7e0ff0d7-5fc9-492a-b7ed-996a59e94ff0;8.87;4.20817866;BUY
2016-04-17T02:58:32.000000;2016-04-17T02:58:32.044059;7b5fdf90-18dd-48c3-b9e8-ae7a3326b66a;8.87;4.20817866;BUY
2016-04-17T02:58:39.000000;2016-04-17T02:58:39.875851;5748851d-d7bc-46db-aef9-e4773cc5224d;8.87;0.71990097;BUY
2016-04-17T02:58:40.000000;2016-04-17T02:58:40.308890;cf55ca17-c6e0-477d-9c8d-8c8df2178a3d;8.87;0.71990097;BUY
2016-04-17T02:58:41.000000;2016-04-17T02:58:41.609022;d9e22ed8-c15e-4f2e-ad53-7e22401c3b2e;8.87;0.71990097;BUY
2016-04-17T02:58:42.000000;2016-04-17T02:58:42.917152;84919e3d-1b16-47cc-a04f-f39049373cfd;8.87;4.20817904;BUY
2016-04-17T02:58:43.000000;2016-04-17T02:58:44.005284;3105cce4-db9b-47a6-b74f-c8f6247912a4;8.87;1.0985258;BUY
2016-04-17T02:58:43.000000;2016-04-17T02:58:44.012264;e0467f17-4114-46de-8208-b9ea792f5669;8.87;3.10965324;BUY
2016-04-17T02:58:44.000000;2016-04-17T02:58:44.935346;81d81150-f22b-4206-a40c-ddab71645b4b;8.87;4.20817904;BUY
2016-04-17T02:59:05.000000;2016-04-17T02:59:05.913454;011cf288-428c-4220-a95d-9803cee39255;8.87;2.68216772;BUY
2016-04-17T02:59:05.000000;2016-04-17T02:59:05.924485;1aad368c-25cd-4847-9bc9-0e06982b2235;8.87;0.28808326;BUY
2016-04-17T02:59:08.000000;2016-04-17T02:59:08.493699;78779728-aff9-4a0f-aba8-e8b497b385aa;8.87;0.01191674;BUY
2016-04-17T02:59:14.000000;2016-04-17T02:59:14.969361;51377a35-98e9-41ff-9c5e-3211ab0b9ca3;8.89;0.406087;BUY
2016-04-17T02:59:15.000000;2016-04-17T02:59:15.636424;655fe904-67b1-46f1-88b9-88fb5c011792;8.89;4.20817904;BUY
2016-04-17T02:59:18.000000;2016-04-17T02:59:18.445700;cb5074c8-0bba-4f60-b190-9391ce97c7e5;8.89;4.20817904;BUY
2016-04-17T02:59:18.000000;2016-04-17T02:59:18.478707;c23c2f97-f2fe-45e4-93c2-0113d161ebba;8.89;11.17755492;BUY
2016-04-17T02:59:20.000000;2016-04-17T02:59:20.273893;4cc17b83-e813-4651-931b-e146202684ba;8.9;0.4;BUY
2016-04-17T02:59:20.000000;2016-04-17T02:59:20.281908;6d414df6-7b0b-49c5-bed5-09a38200e5b5;8.9;3.80817904;BUY
2016-04-17T02:59:24.000000;2016-04-17T02:59:24.602322;e2c369aa-bf84-4297-ab29-0d2440d4e525;8.9;6.19182096;BUY
2016-04-17T02:59:24.000000;2016-04-17T02:59:24.612309;8c33bb6e-d4d5-42f5-a5aa-1112d311d38e;8.9;29.51817904;BUY
2016-04-17T02:59:28.000000;2016-04-17T02:59:28.064667;36ccaf5c-a38e-4777-8b92-303bb90070f7;8.9;0.20126202;BUY
2016-04-17T02:59:28.000000;2016-04-17T02:59:28.171675;a9af6403-00be-493c-a2e1-16ba6eed6964;8.9;19.80055894;BUY
2016-04-17T02:59:33.000000;2016-04-17T02:59:33.608224;22cd9f29-448c-453a-b6e4-72887976b8b8;8.9001;4.20817904;SELL
2016-04-17T02:59:33.000000;2016-04-17T02:59:33.621278;470fca92-c975-4e21-8115-855bb7a2a26b;8.9001;1.68232174;SELL
2016-04-17T02:59:37.000000;2016-04-17T02:59:37.133576;d058c3a8-e0fa-43bb-ba3a-5beaec3627fd;8.9002;4.2006028;SELL
2016-04-17T02:59:37.000000;2016-04-17T02:59:37.138609;02a40f17-adc2-4ca3-8e2b-ef505818ae7d;8.9001;1.40313019;SELL
2016-04-17T02:59:37.000000;2016-04-17T02:59:37.146563;cc1a4fdd-f11f-4289-bc14-c2ba0ad6a6f7;8.9001;3.12785303;SELL
2016-04-17T02:59:37.000000;2016-04-17T02:59:37.168593;4f336e56-1805-4414-9870-8fa4aea6210f;8.9001;28.39523266;SELL
2016-04-17T02:59:37.000000;2016-04-17T02:59:37.168593;8d322ed3-d6e1-414c-b2d6-4d01bbf181a5;8.9;2.80504885;SELL
2016-04-17T02:59:37.000000;2016-04-17T02:59:37.168593;35b00318-8ccc-44bf-8b0e-31aab56d9e4d;8.9;51.5093972;SELL
2016-04-17T02:59:42.000000;2016-04-17T02:59:42.391102;66783c03-5306-4779-8c48-a16f958933b1;8.9003;4.2006028;SELL
2016-04-17T02:59:42.000000;2016-04-17T02:59:42.400103;6efc30ce-2f31-487a-b01f-9d4dd5d6abfe;8.9001;8.73158602;SELL
2016-04-17T02:59:49.000000;2016-04-17T02:59:49.945842;c8a6c1f3-508e-4fcd-b654-558a606dbfa8;8.9015;11.7;SELL
2016-04-17T02:59:49.000000;2016-04-17T02:59:49.956855;b1fc86c6-cbe8-4cff-b803-605e3f75930a;8.9007;4.2006028;SELL
2016-04-17T02:59:49.000000;2016-04-17T02:59:49.967849;e71571f5-bcd7-4152-8405-2a7e88b5a15b;8.9002;3.12785303;SELL
2016-04-17T02:59:49.000000;2016-04-17T02:59:49.987849;ee946645-92c0-437b-a123-27107ac2869b;8.9002;1.40313019;SELL
2016-04-17T02:59:49.000000;2016-04-17T02:59:49.987849;1867f83e-c0ac-43d7-b257-040f3efdeb65;8.9001;0.42007098;SELL
2016-04-17T02:59:50.000000;2016-04-17T02:59:50.058863;d72fae5c-b598-4f50-9605-366471187f30;8.9;4.2006028;BUY
2016-04-17T02:59:50.000000;2016-04-17T02:59:50.250881;2e6d0146-0487-4f39-8d53-726d676c98a4;8.9;24.9477402;BUY
2016-04-17T02:59:54.000000;2016-04-17T02:59:54.420297;b8e30d47-f113-4272-936e-867e4047983a;8.9006;4.2006028;SELL
2016-04-17T02:59:54.000000;2016-04-17T02:59:54.689326;fb3c85e7-6326-4f27-8bfc-69f78038748b;8.9;45.79913508;BUY
2016-04-17T02:59:55.000000;2016-04-17T02:59:55.242384;8be292b3-d923-4fb2-b9a4-e9280b363426;8.9;0.00026212;BUY
2016-04-17T02:59:58.000000;2016-04-17T02:59:58.913747;3e944935-598b-43a1-b540-02040d991062;8.9013;8.1;SELL
2016-04-17T02:59:58.000000;2016-04-17T02:59:58.922750;8ca18d62-43f0-4dff-8191-bf4b08c2c350;8.9004;4.2006028;SELL
2016-04-17T02:59:58.000000;2016-04-17T02:59:58.933750;3e922481-e18d-4b31-8dca-3a792467383e;8.9003;12.04680588;SELL
2016-04-17T02:59:59.000000;2016-04-17T02:59:59.143766;e7cf504b-aca9-460a-b85b-7009c7606263;8.9;25.65231416;BUY
2016-04-17T02:59:59.000000;2016-04-17T02:59:59.594813;31a4a769-7b62-4c00-9e66-4b346e281a94;8.9;0.00027716;BUY
2016-04-17T03:00:03.000000;2016-04-17T03:00:03.744250;8697bc59-ce1e-4af1-b31d-0ad65d1e34aa;8.9005;4.2006028;SELL
2016-04-17T03:00:04.000000;2016-04-17T03:00:04.361287;03591b07-d707-43a1-8ff2-b7d39aea68b8;8.9;4.2006028;BUY
2016-04-17T03:00:05.000000;2016-04-17T03:00:05.135382;3f5fd61d-29db-4f72-827a-10155117cdbe;8.9;2.81497207;BUY
2016-04-17T03:00:06.000000;2016-04-17T03:00:06.451514;634612c5-b81f-4e08-8110-c226ab2d8ab5;8.9;0.83909257;BUY
2016-04-17T03:00:06.000000;2016-04-17T03:00:06.811548;4fc26647-d6c7-452f-bd44-7f2b7041411e;8.9;2.30115314;BUY
2016-04-17T03:00:07.000000;2016-04-17T03:00:07.579678;dc2edc7e-b41b-4598-b9b2-0fd5b83594ff;8.9;0.78403211;BUY
2016-04-17T03:00:07.000000;2016-04-17T03:00:07.740636;6c9f12bb-ff96-4a79-93c5-4294f9e6fcf4;8.9;3.1;BUY
2016-04-17T03:00:08.000000;2016-04-17T03:00:08.992766;9def21cb-5e68-4815-a40d-6a7a6cb08d35;8.9;4.2311655;BUY
2016-04-17T03:00:09.000000;2016-04-17T03:00:09.283786;9b599408-acf5-4c5b-80a4-248dc170d9b6;8.9;0.83909257;BUY
2016-04-17T03:00:09.000000;2016-04-17T03:00:09.673839;823927fd-44c9-44e9-bf70-fe8b0f368dde;8.9;0.78403211;BUY
2016-04-17T03:00:09.000000;2016-04-17T03:00:09.715879;e7d3899b-bb07-44ea-9bbe-d7830bf89173;8.9;25.90525433;BUY
2016-04-17T03:00:10.000000;2016-04-17T03:00:10.650930;b746d64a-a212-4289-b4ca-2ab97fe0ce85;8.9;19.89474567;SELL
2016-04-17T03:00:10.000000;2016-04-17T03:00:10.657933;cb9d27bd-0bb3-4ae1-be17-3044e1099f5b;8.9;20.11989563;SELL
2016-04-17T03:00:10.000000;2016-04-17T03:00:10.671949;89593876-20c0-4fff-8e18-c1e887925119;8.9;0.85592169;SELL
2016-04-17T03:00:10.000000;2016-04-17T03:00:10.688923;1208f83f-a29a-4001-b747-6760684e174e;8.9;4.20656258;SELL
2016-04-17T03:00:10.000000;2016-04-17T03:00:10.688923;79d5e92f-a890-4c1d-866f-5eb41f8ec56f;8.9;0.78539154;SELL
2016-04-17T03:00:10.000000;2016-04-17T03:00:11.025979;bc5b2023-ad3d-448e-87a2-45cedaf98f3b;8.9;4.13719699;BUY
2016-04-17T03:00:11.000000;2016-04-17T03:00:11.779040;ee3d0c54-5273-4449-9681-814abfea7840;8.9;0.0002859;BUY
2016-04-17T03:00:14.000000;2016-04-17T03:00:14.516312;c733efb1-4167-4a5b-8662-c6fb7934b39a;8.95;4.18467775;BUY
2016-04-17T03:00:16.000000;2016-04-17T03:00:16.129458;551ce6d6-f9be-4698-8d9a-46d30b5afb8b;8.95;0.78403211;BUY
2016-04-17T03:00:17.000000;2016-04-17T03:00:17.218619;c516340a-0a1f-4969-ad77-90235c099814;8.95;0.35199276;BUY
2016-04-17T03:00:18.000000;2016-04-17T03:00:18.078673;73b2c6d4-5744-43df-88ba-0c484c8c0048;8.95;0.79141672;BUY
2016-04-17T03:00:21.000000;2016-04-17T03:00:21.285982;da9070bc-48df-410f-acaf-e0dd846ba7d6;8.95;4.20817904;BUY
2016-04-17T03:00:21.000000;2016-04-17T03:00:21.300976;2846c299-7048-48c5-8556-0bd4f5f30607;8.95;0.79284383;BUY
2016-04-17T03:00:21.000000;2016-04-17T03:00:21.757032;71170120-5b8b-4b84-b3f6-346a8f2e0aae;8.95;4.20817904;BUY
2016-04-17T03:00:22.000000;2016-04-17T03:00:22.052064;bd5f90ec-39f0-4aa4-96db-a15fa2e54310;8.95;45.93923921;BUY
2016-04-17T03:00:23.000000;2016-04-17T03:00:23.204169;89bcf0b6-c60b-4c3b-877e-cf3e2439cebc;8.95;4.20817876;BUY
2016-04-17T03:00:25.000000;2016-04-17T03:00:25.465406;9749df3c-51bd-4ea8-818f-75066e3fb712;8.95;0.79284383;BUY
2016-04-17T03:00:26.000000;2016-04-17T03:00:26.596801;226b658a-1f88-4e2a-a1f6-8dba9f0ec276;8.95;3.78568308;BUY
2016-04-17T03:00:27.000000;2016-04-17T03:00:27.930647;28839b36-2b76-4cec-971a-71e947f90261;8.94;49.99975106;BUY
2016-04-17T03:00:29.000000;2016-04-17T03:00:30.017862;8f10d374-1b18-4ed7-9363-33eb7168b673;8.94;0.00024894;BUY
2016-04-17T03:00:29.000000;2016-04-17T03:00:30.023866;0a056c9d-2640-4e78-8178-8e8841c4377d;8.95;3.09074245;BUY
2016-04-17T03:00:35.000000;2016-04-17T03:00:35.748434;65a5d842-6155-43d8-a2cb-537f19016802;8.95;3.09339664;BUY
2016-04-17T03:00:37.000000;2016-04-17T03:00:37.167582;c76dfe13-12e0-49fa-9de9-0a498c846931;8.95;24.77820603;BUY
2016-04-17T03:00:37.000000;2016-04-17T03:00:37.573619;4045842d-3f9f-482e-aab6-3328a117dada;8.95;4.20817904;BUY
2016-04-17T03:00:37.000000;2016-04-17T03:00:37.661616;ca4e9379-626d-4b0c-bb5e-8e604a961e17;8.95;8.21969832;BUY
2016-04-17T03:00:39.000000;2016-04-17T03:00:40.011866;3ffea114-028f-4f49-9d47-9c0865a3523b;8.95;4.20817904;BUY
2016-04-17T03:00:41.000000;2016-04-17T03:00:41.542006;058156d7-d0a5-4d44-815c-57c6e981a38b;8.95;3.12567575;BUY
2016-04-17T03:00:41.000000;2016-04-17T03:00:42.023065;bac19181-63fe-479b-b969-d489df16d9dc;8.95;4.20817904;BUY
2016-04-17T03:00:42.000000;2016-04-17T03:00:43.081168;feba5567-6b87-4fd2-8d03-9d88ea116e91;8.95;4.20817904;BUY
2016-04-17T03:00:43.000000;2016-04-17T03:00:43.710226;2f699b8c-a1f2-4e06-b430-5fca1f900dd1;8.95;4.20817904;BUY
2016-04-17T03:00:44.000000;2016-04-17T03:00:44.382320;b7dabb6b-254b-4b20-8c81-d8a2be8eb465;8.95;4.20817904;BUY
2016-04-17T03:00:45.000000;2016-04-17T03:00:45.140396;10fadf48-d9aa-4285-90bf-b78f3dbf58aa;8.95;35.88824759;BUY
2016-04-17T03:00:45.000000;2016-04-17T03:00:45.157375;e2fd3837-941f-4944-a4f9-7c0901dd31d7;8.95;4.20817904;BUY
2016-04-17T03:00:46.000000;2016-04-17T03:00:46.256484;98969ba3-3409-4fad-818e-a9270da2ed09;8.95;4.20817904;BUY
2016-04-17T03:00:46.000000;2016-04-17T03:00:46.364492;cfad3126-5917-4f17-93c8-a031c4a759b7;8.95;4.20817904;BUY
2016-04-17T03:00:46.000000;2016-04-17T03:00:46.909550;40a45342-d452-4468-b1ba-b48464424ba8;8.95;4.20817904;BUY
2016-04-17T03:00:46.000000;2016-04-17T03:00:46.936555;322bf0bf-8b7e-44f0-a22e-2b03f7b39919;8.95;4.20817904;BUY
2016-04-17T03:00:47.000000;2016-04-17T03:00:47.290584;10bbaaac-c6da-4145-bafa-66ac5f91cb60;8.95;4.20817904;BUY
2016-04-17T03:00:47.000000;2016-04-17T03:00:47.486616;1df0dd9c-944c-46bd-bc6a-6a7abf1a0552;8.95;3.66661936;BUY
2016-04-17T03:00:49.000000;2016-04-17T03:00:49.183800;1d749373-3feb-4326-9c19-1b0ebc72f227;8.95;7.34696147;BUY
2016-04-17T03:00:49.000000;2016-04-17T03:00:49.187803;a7a6584b-00af-43e9-bbc2-54125f64480c;8.95;0.95829932;BUY
2016-04-17T03:00:49.000000;2016-04-17T03:00:49.347817;cec08a5b-6d45-4335-8fce-b1baa9d8f783;8.95;4.20817904;BUY
2016-04-17T03:00:50.000000;2016-04-17T03:00:50.522916;133198a5-2267-4eea-8d72-13e204624526;8.95;4.21358905;BUY
2016-04-17T03:00:53.000000;2016-04-17T03:00:53.702230;503e2573-c6bd-4086-a04d-d22cd829c5b9;8.95;4.20817904;BUY
2016-04-17T03:00:55.000000;2016-04-17T03:00:55.680453;fc1e6a1b-3783-4aaf-9f80-449c0e020ec4;8.95;5.14251195;BUY
2016-04-17T03:00:55.000000;2016-04-17T03:00:55.772438;476a9c02-fd6f-42a4-8140-27f6f5643139;8.95;3.17326435;BUY
2016-04-17T03:00:58.000000;2016-04-17T03:00:58.896746;19b0ac64-347c-494e-89e1-5645179ee842;8.95;3.58710922;BUY
2016-04-17T03:00:59.000000;2016-04-17T03:00:59.400800;4acb10dd-14b8-4f36-95ca-7765af38af2e;8.95;3.58710922;BUY
2016-04-17T03:00:59.000000;2016-04-17T03:00:59.411798;417044f8-a68f-46bc-a338-48fc6a563e3f;8.95;11.99238894;BUY
2016-04-17T03:00:59.000000;2016-04-17T03:01:00.012922;4a56301f-fbb2-40cd-bd95-14fcf0bb2f1d;8.95;3.58710922;BUY
2016-04-17T03:01:00.000000;2016-04-17T03:01:00.337921;298c4478-36e7-4d0a-87ac-241176bd0b2c;8.95;3.59357918;BUY
2016-04-17T03:01:00.000000;2016-04-17T03:01:01.017964;5f1f60a4-ef8e-4950-8605-64bb14a7058a;8.95;116.16;BUY
2016-04-17T03:01:01.000000;2016-04-17T03:01:01.433004;79bf8122-9261-4392-96fb-553e31293cf2;8.95;124.83;BUY
2016-04-17T03:01:01.000000;2016-04-17T03:01:01.760045;04553cca-dfcb-4f3a-9730-5820bf698ea2;8.95;1.00371925;BUY
2016-04-17T03:01:03.000000;2016-04-17T03:01:03.946263;a26b2f37-59ab-44d9-a091-1c6ca3e85e13;8.96;0.3;BUY
2016-04-17T03:01:03.000000;2016-04-17T03:01:03.958254;130ed655-02db-4557-9c4c-023be7293968;9.0;0.5;BUY
2016-04-17T03:01:03.000000;2016-04-17T03:01:03.977260;b92f5d84-9550-4e26-a1d6-4c5251c020b2;9.0;2.78710922;BUY
2016-04-17T03:01:04.000000;2016-04-17T03:01:04.207284;292bbd47-2079-4bb3-b29f-2e4d84253546;9.0;3.58710922;BUY
2016-04-17T03:01:05.000000;2016-04-17T03:01:05.859468;9373dad7-6d2e-4e10-b4da-ec48a5dabdfe;9.0;3.58710922;BUY
2016-04-17T03:01:11.000000;2016-04-17T03:01:11.707033;e109dd72-b9a7-4223-805c-4f658d1160ba;9.0;0.03867234;BUY
2016-04-17T03:01:11.000000;2016-04-17T03:01:11.715036;74a6f777-0f82-4470-bf52-0776370a8af3;9.0;4.1695067;BUY
2016-04-17T03:01:13.000000;2016-04-17T03:01:13.467203;7d7c2465-b456-4fe7-84e7-897cbb3ada0a;9.0;17.79866674;BUY
2016-04-17T03:01:15.000000;2016-04-17T03:01:16.011462;00d2662f-eef9-43ad-b3d8-ca5fd950ecc5;9.0;3.61634867;BUY
2016-04-17T03:01:21.000000;2016-04-17T03:01:21.074989;bfe3d315-42c4-4d78-9162-cba320da9ecf;8.9602;4.2006028;SELL
2016-04-17T03:01:21.000000;2016-04-17T03:01:21.089969;63424555-59a9-42ce-9762-23a2adbd537c;8.9602;3.59357918;SELL
2016-04-17T03:01:21.000000;2016-04-17T03:01:21.100978;8d3fd0d2-32d8-42f7-8f5c-b686b7040f41;8.9601;10.112067;SELL
2016-04-17T03:01:21.000000;2016-04-17T03:01:21.351983;2e87d8d6-c6dc-44bb-a3b6-343a1bce4876;8.96;3.59357918;BUY
2016-04-17T03:01:21.000000;2016-04-17T03:01:21.374042;0c683374-d8ba-4e24-9685-c31c1c085361;8.96;4.2006028;BUY
2016-04-17T03:01:21.000000;2016-04-17T03:01:21.498050;b80001ee-228f-4441-9b6a-d9d0189438eb;8.96;35.12581802;BUY
2016-04-17T03:01:21.000000;2016-04-17T03:01:21.503996;caa076dc-829e-4aa6-b961-22fd7457d1c0;9.0;8.97418198;BUY
2016-04-17T03:01:24.000000;2016-04-17T03:01:24.547329;7c28dac6-f1b9-41e1-985f-645ff94d7b70;9.0;4.20817904;BUY
2016-04-17T03:01:27.000000;2016-04-17T03:01:27.132577;493b61dd-9337-4f34-8e11-e299afb2e6f8;8.96;60.8259636;BUY
2016-04-17T03:01:27.000000;2016-04-17T03:01:27.497609;5e2c7a4f-5c97-488e-bebd-6ffd6c167b9e;8.96;0.00028538;BUY
2016-04-17T03:01:30.000000;2016-04-17T03:01:30.821946;5ffd65f8-358e-434d-a4c7-0915b1fbcce4;9.0;4.20817904;BUY
2016-04-17T03:01:35.000000;2016-04-17T03:01:35.371393;a279c0ce-2674-4c9c-bd25-b91660da1cb6;8.97;5.30606655;BUY
2016-04-17T03:01:37.000000;2016-04-17T03:01:37.726630;f2535831-f8c9-4e3f-a21c-3508ce5ecbb4;8.97;2.55927622;BUY
2016-04-17T03:01:37.000000;2016-04-17T03:01:37.827655;95629f31-5dac-48b7-b655-e842b90e2957;8.97;0.33381864;BUY
2016-04-17T03:01:39.000000;2016-04-17T03:01:39.145768;276ae357-9f3f-40f7-a70b-ca4a87526b76;8.97;2.57903781;BUY
2016-04-17T03:01:41.000000;2016-04-17T03:01:41.605046;a906f43b-cb2f-48a4-9703-ff67a6314a0c;8.97;0.33381864;BUY
2016-04-17T03:01:42.000000;2016-04-17T03:01:42.360095;310588f8-85bd-4790-924a-23eb24488b7f;8.97;42.77537725;BUY
2016-04-17T03:01:42.000000;2016-04-17T03:01:43.022166;18d166c4-2b3c-43ce-a72b-14a711b460cd;8.97;0.66912698;BUY
2016-04-17T03:01:43.000000;2016-04-17T03:01:43.533209;368ba1b6-623f-4052-a646-c19be37feeff;8.97;1.6858542;BUY
2016-04-17T03:01:43.000000;2016-04-17T03:01:43.698234;286c314e-5090-42ed-ae9d-e24e8fdb23eb;8.97;2.55927622;BUY
2016-04-17T03:01:43.000000;2016-04-17T03:01:43.841240;250398df-f099-46c9-8efd-1cf7569bec90;8.97;0.51030017;BUY
2016-04-17T03:01:46.000000;2016-04-17T03:01:46.082475;36d0b739-39f9-41d8-807f-6e7fb9585bef;8.97;1.5142963;BUY
2016-04-17T03:01:57.000000;2016-04-17T03:01:57.706625;29734860-8108-4f8f-a018-12db44e80a7a;9.0;1.55561366;BUY
2016-04-17T03:01:58.000000;2016-04-17T03:01:58.497714;954693e0-c85f-47f3-9e39-8a2847f9ea7c;9.0;1.55561366;BUY
2016-04-17T03:02:06.000000;2016-04-17T03:02:06.259483;51eedac5-2081-4e4b-a6f5-1859b656cefc;8.97;49.99974996;BUY
2016-04-17T03:02:07.000000;2016-04-17T03:02:07.850668;4f768393-a986-4b00-9c00-b9787f50621b;8.97;0.00025004;BUY
2016-04-17T03:02:15.000000;2016-04-17T03:02:15.602420;91ceb1aa-4921-4d3a-88ca-abce6cb32b99;8.98;2.55902618;BUY
2016-04-17T03:02:15.000000;2016-04-17T03:02:15.857446;830f2a58-49aa-4a03-aaa6-027b9556cc64;8.98;4.38707171;BUY
2016-04-17T03:02:21.000000;2016-04-17T03:02:21.530009;ab502413-1980-404c-807e-7b8e751f453f;8.98;4.38850868;BUY
2016-04-17T03:02:26.000000;2016-04-17T03:02:26.076474;768faec0-37bc-4b59-987a-7fa80bde0b37;8.98;4.38994565;BUY
2016-04-17T03:02:26.000000;2016-04-17T03:02:26.182474;bebdfcd5-ef1f-4b10-87e5-c96210ebae44;8.98;0.14614;BUY
2016-04-17T03:02:30.000000;2016-04-17T03:02:30.792928;faf29a01-4c38-4080-a0ec-2375a569476a;8.98;3.0761523;BUY
2016-04-17T03:02:33.000000;2016-04-17T03:02:33.458199;ba5cd9d4-bc2a-4a05-aadf-6a5b56494d01;8.98;3.0761523;BUY
2016-04-17T03:02:35.000000;2016-04-17T03:02:35.900453;8f7701b6-17a5-4f73-ab0e-9d3740038a7e;8.98;1.81246838;BUY
2016-04-17T03:02:38.000000;2016-04-17T03:02:38.905742;947d989b-3139-46c0-be8a-8f9daf9f5c35;8.98;4.39095155;BUY
2016-04-17T03:02:41.000000;2016-04-17T03:02:41.808219;da921046-8a22-4c9f-9a65-6d9ef4fdae14;8.98;1.21023038;BUY
2016-04-17T03:02:42.000000;2016-04-17T03:02:42.570128;ef684861-f755-4f7e-8364-5dd6e4cda38b;8.98;4.39219699;BUY
2016-04-17T03:02:46.000000;2016-04-17T03:02:46.897547;db01f396-a1b8-40e9-946d-554fc8fe8ea4;8.98;2.2745491;BUY
2016-04-17T03:02:49.000000;2016-04-17T03:02:49.433800;26beda40-37f4-41ee-a036-8732802d7a25;8.98;2.46237182;BUY
2016-04-17T03:02:50.000000;2016-04-17T03:02:51.003959;2b10892e-b473-4638-8338-480c03322fb2;8.98;3.85006472;BUY
2016-04-17T03:02:52.000000;2016-04-17T03:02:52.187083;8f5a4c33-f291-4e50-91db-6e9ced5b1cad;8.98;3.85006472;BUY
2016-04-17T03:02:53.000000;2016-04-17T03:02:53.786244;0819737e-c1e2-4c8e-8faf-d07ccf449e52;8.98;2.33466934;BUY
2016-04-17T03:03:03.000000;2016-04-17T03:03:04.022309;424a59e3-2be2-4765-bca9-876338677b37;8.98;1.39943618;BUY
2016-04-17T03:03:03.000000;2016-04-17T03:03:04.023255;1ebeb087-60c5-4301-bac7-69eb33ba8b6f;8.98;1.60657584;BUY
2016-04-17T03:03:23.000000;2016-04-17T03:03:23.414188;935a0c6d-6569-4028-a107-b197a5fbe910;8.98;3.96793587;BUY
2016-04-17T03:03:26.000000;2016-04-17T03:03:26.223578;368cb0aa-b2d2-460e-bb87-ffc58767e56d;8.98;2.51154812;BUY
2016-04-17T03:03:27.000000;2016-04-17T03:03:27.044567;4586daea-b88a-4875-a725-1e66a8a9772c;8.98;4.20817904;BUY
2016-04-17T03:03:27.000000;2016-04-17T03:03:27.138559;0d69bb9f-ff3b-465d-9a85-181ea4881e85;8.98;37.70576113;BUY
2016-04-17T03:03:27.000000;2016-04-17T03:03:27.149585;5388bba9-81bf-4706-a99e-2b76a68399cf;8.98;10.15751125;BUY
2016-04-17T03:03:28.000000;2016-04-17T03:03:28.850751;a70c173c-7940-46de-8c73-1fce2d2a02c9;8.98;4.20817904;BUY
2016-04-17T03:03:28.000000;2016-04-17T03:03:28.928159;842a3812-edd4-4da7-b37f-5a37b9e78b92;8.98;4.20817904;BUY
2016-04-17T03:03:28.000000;2016-04-17T03:03:28.930749;0ae1cf54-5f9d-4085-acde-eccb12f35234;8.98;7.99620993;BUY
2016-04-17T03:03:28.000000;2016-04-17T03:03:28.941747;49acd9b2-8a04-47d1-8f46-fb9cce0e35c2;8.98;0.3340483;BUY
2016-04-17T03:03:28.000000;2016-04-17T03:03:28.960750;57d6472b-cab5-4e4c-922a-0375ea91ba1d;8.98;0.29560944;BUY
2016-04-17T03:03:28.000000;2016-04-17T03:03:28.967755;684095cb-78bc-49b5-8c63-3997a1d09a39;8.98;1.04298391;BUY
2016-04-17T03:03:28.000000;2016-04-17T03:03:28.990767;2cf635e7-9c34-40af-81ee-7f71872eb002;8.98;4.20817904;BUY
2016-04-17T03:03:29.000000;2016-04-17T03:03:29.719832;a8e625af-5992-4768-9b5c-12fc6c5b7260;8.98;17.54910005;BUY
2016-04-17T03:03:29.000000;2016-04-17T03:03:29.776838;b6aeeb0b-a8b4-437e-afd4-3087c5b897ab;9.0;4.20817904;BUY
2016-04-17T03:03:29.000000;2016-04-17T03:03:29.797848;86bf8b5f-0fe8-4b4a-a45d-3c6fda0eb4b8;9.0;4.20817904;BUY
2016-04-17T03:03:29.000000;2016-04-17T03:03:29.835845;277643c6-5ec1-4063-9646-befde56f23a7;9.0;3.77352198;BUY
2016-04-17T03:03:29.000000;2016-04-17T03:03:29.934852;cc242044-efef-4f30-8ad5-3a7bd0b235a8;9.0;4.20817904;BUY
2016-04-17T03:03:29.000000;2016-04-17T03:03:30.294909;9c46fce2-1b6b-47de-9224-a42f68d2c8c8;9.0;87.21565141;BUY
2016-04-17T03:03:29.000000;2016-04-17T03:03:30.306897;3d765243-868e-4e9d-bc5e-18efac02721d;9.0;102.428732;BUY
2016-04-17T03:03:29.000000;2016-04-17T03:03:30.315901;99fb269c-e60a-46ac-8820-b2675d1fcb88;9.0;116.65561659;BUY
2016-04-17T03:03:29.000000;2016-04-17T03:03:30.369900;6c954064-f503-47f3-b80a-ed42ddfa2f8b;9.0;1.49315905;BUY
2016-04-17T03:03:31.000000;2016-04-17T03:03:31.707053;502daca8-5199-422a-bcfd-728843b53a0e;9.0;7.99620993;BUY
2016-04-17T03:03:31.000000;2016-04-17T03:03:31.727034;991889d5-53bb-4335-8d55-4fdde900b124;9.0;4.20817904;BUY
2016-04-17T03:03:31.000000;2016-04-17T03:03:31.745033;71a8069b-75a4-4411-8a9f-282cc8ae5a9f;9.0;0.29560944;BUY
2016-04-17T03:03:31.000000;2016-04-17T03:03:31.767035;2a9309c4-2edd-4f10-b931-a635cd1b1e3a;9.0;4.20817904;BUY
2016-04-17T03:03:31.000000;2016-04-17T03:03:31.768037;f0592dac-2b15-4dfb-94d6-8cf637db4ecb;9.0;4.20817904;BUY
2016-04-17T03:03:31.000000;2016-04-17T03:03:32.010078;e2ef51ac-7dbd-4180-9df1-73d8186c45c0;9.0;1.04298391;BUY
2016-04-17T03:03:32.000000;2016-04-17T03:03:32.194087;73113937-4c0b-4d5d-bd4e-896c7e9262c2;9.0;306.31;BUY
2016-04-17T03:03:33.000000;2016-04-17T03:03:33.332198;7c1bfaf0-a3d7-4934-ae68-1773e4a6ea10;9.0;4.99;BUY
2016-04-17T03:03:33.000000;2016-04-17T03:03:33.354193;a738d58f-d324-4a36-a6f4-661dd7dfa5e1;9.0;1.49315905;BUY
2016-04-17T03:03:33.000000;2016-04-17T03:03:33.453198;84486949-fa4f-44c6-b8f7-c83f7ac91b1b;9.0;1.04298391;BUY
2016-04-17T03:03:36.000000;2016-04-17T03:03:36.519512;ee834551-2bb8-4346-9bb4-7e95ada09d83;9.0;306.31;BUY
2016-04-17T03:03:36.000000;2016-04-17T03:03:36.832560;416c6f82-e809-4734-a3bb-31cd8cda0abd;9.0;4.20817904;BUY
2016-04-17T03:03:36.000000;2016-04-17T03:03:36.868623;9df40cfb-05a7-4dbd-9817-eadaed73efd4;9.0;2.51834455;BUY
2016-04-17T03:03:37.000000;2016-04-17T03:03:37.259594;63c6718f-897b-4a2e-be81-bf1b4bff4244;9.0;4.20817904;BUY
2016-04-17T03:03:37.000000;2016-04-17T03:03:37.375585;96a8fcb1-ebfb-4614-9953-601b27bacc51;9.0;52.72892025;BUY
2016-04-17T03:03:48.000000;2016-04-17T03:03:48.655723;59096f00-9da3-4c1b-a7cb-1adbe421ef9c;9.01;49.9997515;BUY
2016-04-17T03:03:50.000000;2016-04-17T03:03:50.868940;6752b117-5285-49e8-94ea-0163cfd96d94;9.01;0.0002485;BUY
2016-04-17T03:03:57.000000;2016-04-17T03:03:57.574625;fc51ff35-34c5-439d-b654-548ebdaf9ec9;9.01;49.99971344;BUY
2016-04-17T03:03:57.000000;2016-04-17T03:03:57.681636;6657a18d-a56f-48ab-b33b-7ac47dd70702;9.01;0.00028656;BUY
2016-04-17T03:04:07.000000;2016-04-17T03:04:07.384601;1ab22a7c-8bf3-47eb-9466-8a437ae1d040;9.02;49.99972297;BUY
2016-04-17T03:04:08.000000;2016-04-17T03:04:08.939747;fc364ebb-0380-45c2-bb9e-f4e387667448;9.02;0.00027703;BUY
2016-04-17T03:04:18.000000;2016-04-17T03:04:18.067659;7ff20c37-de77-40b2-a6b7-4f4fd4f0c032;9.03;4.20790201;BUY
2016-04-17T03:04:29.000000;2016-04-17T03:04:29.944853;57662250-dd5d-4b67-af82-7ba05784822b;9.03;4.10166371;BUY
2016-04-17T03:04:40.000000;2016-04-17T03:04:40.974950;13d1a4a0-7215-4315-98b7-6f7bd8115974;9.03;8.241;BUY
2016-04-17T03:04:47.000000;2016-04-17T03:04:47.488607;8f536463-d2d0-4648-9d97-38b3ce13e46e;9.029;4.20817904;BUY
2016-04-17T03:05:26.000000;2016-04-17T03:05:26.125481;127f42d0-476c-4ab7-8267-37465fb1bdb2;9.03;4.20817904;BUY
2016-04-17T03:09:26.000000;2016-04-17T03:09:26.551498;7358520f-0695-4b1e-ab8d-82fa41159547;9.029;3.44331901;BUY
2016-04-17T03:09:36.000000;2016-04-17T03:09:36.239613;9249adb9-9a74-4f24-a6ff-793e68a2dce7;9.0219;2.51834455;SELL
2016-04-17T03:09:36.000000;2016-04-17T03:09:36.247618;05200fcc-d001-4902-9a32-ba9e27966272;9.0219;4.20789248;SELL
2016-04-17T03:09:36.000000;2016-04-17T03:09:36.276627;da763637-4e8a-4c90-bd15-50ea5f9f1846;9.0218;2.51834455;SELL
2016-04-17T03:09:36.000000;2016-04-17T03:09:36.276627;829a1d84-04ba-403a-aaef-39eff04d1f5d;9.0218;4.20789248;SELL
2016-04-17T03:09:36.000000;2016-04-17T03:09:36.276627;3dc8b683-9aaa-4863-9345-2838da1a0bcc;9.0218;4.2006028;SELL
2016-04-17T03:09:36.000000;2016-04-17T03:09:36.276627;43336f74-cc43-4281-ae12-29235255133a;9.0218;4.2006028;SELL
2016-04-17T03:09:36.000000;2016-04-17T03:09:36.277615;b67df10f-4551-4358-a863-24ae3b0b0b93;9.0218;2.51834455;SELL
2016-04-17T03:09:36.000000;2016-04-17T03:09:36.277615;8e66112b-22ce-42b8-a26f-7fa05264ec43;9.0218;4.20789248;SELL
2016-04-17T03:09:36.000000;2016-04-17T03:09:36.279624;a2183270-4b15-43a1-819f-63558a2daf30;9.0214;4.20789248;SELL
2016-04-17T03:09:36.000000;2016-04-17T03:09:36.306635;ae7e35aa-be46-4a0e-9dda-f89b4212b6ce;9.0214;2.51834455;SELL
2016-04-17T03:09:36.000000;2016-04-17T03:09:36.306635;4a129f80-2ef5-4706-9953-463a72c63880;9.0213;4.2006028;SELL
2016-04-17T03:10:17.000000;2016-04-17T03:10:17.675762;10a74ee3-9679-4862-961e-1e6f0c160b8a;9.019;4.20817904;BUY
2016-04-17T03:11:03.000000;2016-04-17T03:11:03.334310;27624b6c-ccb3-4861-8407-230678ce652e;9.0001;0.3340483;SELL
2016-04-17T03:11:03.000000;2016-04-17T03:11:03.346335;45d3a3ec-bd64-461d-8eb4-685d5c9857b8;9.0;249.50107975;SELL
2016-04-17T03:11:03.000000;2016-04-17T03:11:03.364330;5a0de0ef-ca56-4f6d-9d13-3d2c386e8d39;9.0;9.71562911;SELL
2016-04-17T03:11:13.000000;2016-04-17T03:11:13.189337;553370af-3f18-4865-a5a0-a394faae6709;9.02;4.20817904;BUY
2016-04-17T03:11:13.000000;2016-04-17T03:11:13.780375;14d068d5-1d7a-4904-ac55-b7ac47d032d8;9.02;2.20453018;BUY
2016-04-17T03:11:17.000000;2016-04-17T03:11:17.600799;dfc24190-ec7a-4e8b-b982-a0ff6694f65b;9.02;43.58729078;BUY
2016-04-17T03:11:17.000000;2016-04-17T03:11:17.610779;a0bde616-0f2c-4c2d-b89f-2ff60c808c80;9.02;10.50270922;BUY
2016-04-17T03:11:18.000000;2016-04-17T03:11:18.252805;e74b4b4e-d5b0-4a49-aa6d-f2b972730fd0;9.02;4.20817904;BUY
2016-04-17T03:11:18.000000;2016-04-17T03:11:18.801875;7326cf51-b098-4f7d-a20d-5fe679fee907;9.02;18.28911174;BUY
2016-04-17T03:11:18.000000;2016-04-17T03:11:18.802869;61432da7-583b-4d55-8317-683bbadedfe9;9.03;29.24125524;BUY
2016-04-17T03:11:18.000000;2016-04-17T03:11:18.813916;f182c42b-d7d5-415c-be90-c176e3f2f41b;9.03;6.55963302;BUY
2016-04-17T03:11:20.000000;2016-04-17T03:11:20.388024;e663a910-7462-4b33-b571-ad73e9dc3391;9.03;43.44036698;BUY
2016-04-17T03:11:20.000000;2016-04-17T03:11:20.399026;34ee8862-5400-4005-94c8-8d436008443a;9.041;10.64963302;BUY
2016-04-17T03:11:26.000000;2016-04-17T03:11:26.421628;8ccaae90-ece6-4ba3-a075-30ea7432588d;9.05;50.0;BUY
2016-04-17T03:11:27.000000;2016-04-17T03:11:27.410732;88ee5c6c-b612-4480-b950-11af86e08531;9.0558;0.4;BUY
2016-04-17T03:11:27.000000;2016-04-17T03:11:27.418733;3eba4b8e-db3c-4613-9109-2cf80e5a22ae;9.09;25.65;BUY
2016-04-17T03:11:28.000000;2016-04-17T03:11:28.215812;5932d612-5dc7-490a-a45b-baf076d41c21;9.09;26.05;BUY
2016-04-17T03:11:29.000000;2016-04-17T03:11:29.193912;33b8da88-0d36-4c96-bdd5-30bf9543b361;9.09;26.05;BUY
2016-04-17T03:11:30.000000;2016-04-17T03:11:30.779068;9c19b2b5-19fa-4c18-87cd-a4b302e0d088;9.09;26.05;BUY
2016-04-17T03:11:43.000000;2016-04-17T03:11:43.962395;8a2fe455-f582-47fc-8d09-3e0d9f8c3b6e;9.09;2.25902508;BUY
2016-04-17T03:11:56.000000;2016-04-17T03:11:56.348620;bafd86c5-75aa-402d-b86c-786a19e9de69;9.09;8.13343817;BUY
2016-04-17T03:11:57.000000;2016-04-17T03:11:58.015786;a11c9dd2-858f-454d-a2c2-7ff972581f8e;9.09;35.20364972;BUY
2016-04-17T03:11:58.000000;2016-04-17T03:11:58.863872;f6932c95-3458-4c61-8423-f367a1157503;9.09;3.269705;BUY
2016-04-17T03:11:59.000000;2016-04-17T03:11:59.278916;e1c4f594-e89d-4b97-9cbe-00825a6f00c3;9.09;8.14129394;BUY
2016-04-17T03:12:00.000000;2016-04-17T03:12:00.537060;a4106baf-f36b-47d7-9f38-3e83707b691b;9.09;25.9464001;BUY
2016-04-17T03:12:01.000000;2016-04-17T03:12:01.982184;8fced7d3-4438-4ad8-b6c2-afa527e5ca90;9.09;9.59992365;BUY
2016-04-17T03:12:04.000000;2016-04-17T03:12:04.107399;997b787b-5669-4111-bed2-deb304151a0a;9.09;33.8379649;BUY
2016-04-17T03:12:04.000000;2016-04-17T03:12:04.492431;bee3abe0-418e-43d9-b12d-97663d82840d;9.09;4.20817891;BUY
2016-04-17T03:12:04.000000;2016-04-17T03:12:04.929501;d7e4f598-b584-4679-a59e-4fbeec6769eb;9.09;0.3;BUY
2016-04-17T03:12:05.000000;2016-04-17T03:12:05.275529;2f5765b1-992b-4395-a5c2-eb8c4549edd2;9.09;82.40926222;BUY
2016-04-17T03:12:05.000000;2016-04-17T03:12:06.072588;47cf303c-ab2c-42fb-a32b-c7ab38404846;9.09;4.20817891;BUY
2016-04-17T03:12:05.000000;2016-04-17T03:12:06.094593;0162fff0-d288-41b5-876c-0f18abbecfba;9.09;3.90718955;BUY
2016-04-17T03:12:06.000000;2016-04-17T03:12:06.404629;7db56cfc-f014-40f7-8830-8f7e3e722c4a;9.09;4.20817891;BUY
2016-04-17T03:12:08.000000;2016-04-17T03:12:08.350816;e7ebca95-b299-462e-8648-14ec2cac92ed;9.09;4.20817844;BUY
2016-04-17T03:12:08.000000;2016-04-17T03:12:08.400829;30b8cf93-481b-41c9-bfc9-fff5500807cb;9.09;43.16293498;BUY
2016-04-17T03:12:08.000000;2016-04-17T03:12:08.414829;0d23c1c4-f85f-40e5-aa5a-658ef8eff5f9;9.09;3.90718955;BUY
2016-04-17T03:12:09.000000;2016-04-17T03:12:09.455932;f170c83d-2496-4e40-a7eb-916e0716c423;9.09;4.20817904;BUY
2016-04-17T03:12:09.000000;2016-04-17T03:12:09.544938;6ce8d941-9d97-46ef-a1bd-0519dd3fa5da;9.09;3.90718955;BUY
2016-04-17T03:12:11.000000;2016-04-17T03:12:11.848172;cb6f213d-5a91-4d8a-a5db-90681ceed6c6;9.09;43.52742684;BUY
2016-04-17T03:12:12.000000;2016-04-17T03:12:12.232208;d8a7e975-b522-4654-b6c3-938703c2a287;9.09;0.17398;BUY
2016-04-17T03:12:13.000000;2016-04-17T03:12:13.957387;bf1dbb2d-1d8f-4b81-a5ed-43221e26a290;9.09;4.20817904;BUY
2016-04-17T03:12:13.000000;2016-04-17T03:12:13.978373;3e9bae4e-7b13-4717-9ac1-04630900870a;9.09;4.20817904;BUY
2016-04-17T03:12:14.000000;2016-04-17T03:12:14.311415;0af0b191-2107-49b7-9d68-ced768af40c3;9.09;32.57956435;BUY
2016-04-17T03:12:15.000000;2016-04-17T03:12:15.255515;11c86dad-0f96-4ae4-98a0-e6996f1ecb05;9.09;8.21207298;BUY
2016-04-17T03:12:16.000000;2016-04-17T03:12:16.536663;5a3441c0-6f50-4020-a966-d927eff3070b;9.09;4.20817904;BUY
2016-04-17T03:12:17.000000;2016-04-17T03:12:17.066705;18036f56-ca57-4a00-b08c-8dcd87467b94;9.09;11.04464004;BUY
2016-04-17T03:12:17.000000;2016-04-17T03:12:17.533748;932ef638-7aed-4068-a6bd-c957d2545092;9.09;32.6692913;BUY
2016-04-17T03:12:17.000000;2016-04-17T03:12:17.585742;c6882909-552f-4942-b87f-02440331113e;9.09;4.20817891;BUY
2016-04-17T03:12:17.000000;2016-04-17T03:12:17.601746;f0ecf7a2-f8ea-41a3-b909-4c85b025333f;9.0191;4.20817904;SELL
2016-04-17T03:12:17.000000;2016-04-17T03:12:17.615745;56535c3e-1579-44a4-a954-29020611722b;9.0191;4.2006028;SELL
2016-04-17T03:12:17.000000;2016-04-17T03:12:17.616754;89ed9667-e091-4104-b371-8be7d339d450;9.0191;4.19121816;SELL
2016-04-17T03:12:17.000000;2016-04-17T03:12:17.913775;e790534c-090b-40eb-87f7-364753cf5e0d;9.09;6.25797291;BUY
2016-04-17T03:12:18.000000;2016-04-17T03:12:18.360827;583782a6-07dc-4853-a56e-f2645366b2a4;9.09;4.20817891;BUY
2016-04-17T03:12:18.000000;2016-04-17T03:12:18.720850;9a267591-3b04-4fca-b6e6-897dd2ee5738;9.09;11.07506952;BUY
2016-04-17T03:12:19.000000;2016-04-17T03:12:19.508960;7da9d4ff-ede2-4d6f-967c-40782c536796;9.09;4.20817891;BUY
2016-04-17T03:12:19.000000;2016-04-17T03:12:19.952981;0dab8cca-7efb-472c-8f63-e2d520c08de2;9.09;4.20817891;BUY
2016-04-17T03:12:19.000000;2016-04-17T03:12:20.266006;07b36619-32c3-4409-bcd9-30f91971daca;9.09;4.20817904;BUY
2016-04-17T03:12:20.000000;2016-04-17T03:12:20.403022;a9ce886c-c32a-44b7-b957-037ac1589e80;9.09;4.20817904;BUY
2016-04-17T03:12:20.000000;2016-04-17T03:12:20.456032;2dc61f3f-c384-4fbb-9bbd-314cbc6f5623;9.09;16.38012398;BUY
2016-04-17T03:12:20.000000;2016-04-17T03:12:20.594044;35d70c17-44dc-42b8-ba22-46025b41767b;9.09;4.18974267;BUY
2016-04-17T03:12:20.000000;2016-04-17T03:12:20.861073;a7ebd011-becc-4ceb-ba65-ab1a483ef287;9.09;4.42523488;BUY
2016-04-17T03:12:20.000000;2016-04-17T03:12:20.942080;cc90866c-7557-4128-8bb2-fcc0b5b59ac6;9.09;4.20817891;BUY
2016-04-17T03:12:21.000000;2016-04-17T03:12:21.703157;b26faf7c-8cf3-4eba-b89c-4023c3d91a2d;9.09;4.20817904;BUY
2016-04-17T03:12:22.000000;2016-04-17T03:12:22.587258;78c02403-0011-4bb7-9306-3c31b6133e43;9.09;4.20817891;BUY
2016-04-17T03:12:23.000000;2016-04-17T03:12:23.447327;eb799b2f-aba6-4ad5-89b3-bb43edb9a8df;9.09;4.20817891;BUY
2016-04-17T03:12:23.000000;2016-04-17T03:12:23.496340;ca2e8f75-92a6-4fdc-9ec4-ef51fe5988ec;9.09;4.20817891;BUY
2016-04-17T03:12:23.000000;2016-04-17T03:12:23.795362;90a817c0-db73-422e-b99a-30893659e6c9;9.09;4.20817891;BUY
2016-04-17T03:12:23.000000;2016-04-17T03:12:23.840368;a97f435f-e14c-453c-8298-e470b4f22c6c;9.09;11.10871716;BUY
2016-04-17T03:12:23.000000;2016-04-17T03:12:24.055395;733c8f8b-54dc-45b2-9a4d-5501ba612550;9.09;4.1897422;BUY
2016-04-17T03:12:24.000000;2016-04-17T03:12:24.163417;5551f29e-8d9a-42e2-85fa-98bb48cbaf2c;9.09;2.9232051;BUY
2016-04-17T03:12:24.000000;2016-04-17T03:12:24.708460;8959fd73-0e06-468a-9ee5-8ca1176e67dc;9.09;4.20817904;BUY
2016-04-17T03:12:24.000000;2016-04-17T03:12:24.747484;d2135719-d37d-4122-b456-4cb192e47dcf;9.09;4.20817891;BUY
2016-04-17T03:12:25.000000;2016-04-17T03:12:25.140504;27996a66-9c23-490f-9489-b9af4b7c5f8b;9.09;16.34207654;BUY
2016-04-17T03:12:25.000000;2016-04-17T03:12:25.151492;02fbb47c-71bc-4e98-963c-647b32d078e6;9.09;2.1315752;BUY
2016-04-17T03:12:25.000000;2016-04-17T03:12:25.373520;1d773174-0651-4cc5-b203-7518fb7a4803;9.09;4.20817891;BUY
2016-04-17T03:12:25.000000;2016-04-17T03:12:25.444524;8384e30e-4d38-43dc-9da4-d0dc93dc0111;9.09;4.20817891;BUY
2016-04-17T03:12:25.000000;2016-04-17T03:12:25.669552;5577afa8-a669-4dc7-ad9f-2d67c028c210;9.09;4.20817881;BUY
2016-04-17T03:12:26.000000;2016-04-17T03:12:26.796676;b43e5818-b30b-4d65-ae32-919d8051a0b0;9.09;8.6589581;BUY
2016-04-17T03:12:26.000000;2016-04-17T03:12:27.026708;48b7aff8-9643-4780-82ff-09e98e36bf06;9.09;4.20817904;BUY
2016-04-17T03:12:27.000000;2016-04-17T03:12:27.868781;7033f1d8-830d-47b2-b501-b02cf1ee3b82;9.09;4.20817904;BUY
2016-04-17T03:12:28.000000;2016-04-17T03:12:28.392829;82682575-a4ef-4b2c-81fa-fc52f33644b0;9.09;4.20817881;BUY
2016-04-17T03:12:29.000000;2016-04-17T03:12:29.091900;c92b3a3f-db08-4952-a8c1-953cb219059c;9.09;4.20817904;BUY
2016-04-17T03:12:29.000000;2016-04-17T03:12:29.100918;58d280e1-cf5b-42b6-9900-19970cd9e31d;9.09;4.20817904;BUY
2016-04-17T03:12:29.000000;2016-04-17T03:12:29.208913;21c2ab9e-b030-4aea-b1d9-0ac804501714;9.09;4.20817891;BUY
2016-04-17T03:12:29.000000;2016-04-17T03:12:29.241916;62068765-c6b9-4f78-8247-a6f544a82587;9.09;27.41953086;BUY
2016-04-17T03:12:29.000000;2016-04-17T03:12:29.380927;4d106a5d-c4c8-4185-8f9c-de7d8c1a6957;9.09;4.20817904;BUY
2016-04-17T03:12:29.000000;2016-04-17T03:12:29.483934;420fd95e-ff81-4753-a0a2-fe429e7758a2;9.09;4.20817904;BUY
2016-04-17T03:12:29.000000;2016-04-17T03:12:29.876981;cbda171f-2238-4ab3-916b-a9a2de1f73b1;9.09;4.20817881;BUY
2016-04-17T03:12:29.000000;2016-04-17T03:12:30.065985;c3954238-d8ef-4343-83e1-fae5c1e28f5b;9.09;4.1897422;BUY
2016-04-17T03:12:30.000000;2016-04-17T03:12:31.029092;f37a7f31-7611-4198-91b5-a72d0bd39544;9.09;4.20817881;BUY
2016-04-17T03:12:32.000000;2016-04-17T03:12:32.264222;998c45fd-ed42-4449-8483-5876e1ff2e39;9.09;4.20817904;BUY
2016-04-17T03:12:32.000000;2016-04-17T03:12:32.278206;aff57608-1742-47fb-934f-9ed3e1dd22e1;9.09;16.44221342;BUY
2016-04-17T03:12:32.000000;2016-04-17T03:12:32.928281;af4d6d36-2c10-4a32-b416-f9bcdaa043fc;9.09;4.20817881;BUY
2016-04-17T03:12:32.000000;2016-04-17T03:12:33.029296;531f23ae-e879-4c5e-8e7d-750239fabe3e;9.09;4.20817891;BUY
2016-04-17T03:12:33.000000;2016-04-17T03:12:33.402340;167f03d6-6481-4053-b9de-579c4162af62;9.09;4.20817904;BUY
2016-04-17T03:12:33.000000;2016-04-17T03:12:33.505342;9f9d0341-5369-4466-b903-d4269a09124e;9.09;1.90441855;BUY
2016-04-17T03:12:33.000000;2016-04-17T03:12:33.634411;b90c061a-7c26-417d-8cee-4347bf9ed067;9.09;4.20817891;BUY
2016-04-17T03:12:33.000000;2016-04-17T03:12:33.675363;a0394e54-6ae7-4414-a28c-41d756a5a2b7;9.09;14.60054221;BUY
2016-04-17T03:12:33.000000;2016-04-17T03:12:33.896399;bb261727-bdb8-4029-8f77-b940bfa18dd9;9.09;0.24106918;BUY
2016-04-17T03:12:34.000000;2016-04-17T03:12:34.900475;b216dbb5-5905-435e-a4d0-80cbf3fb25fe;9.09;1.90441855;BUY
2016-04-17T03:12:35.000000;2016-04-17T03:12:35.126505;38c01068-0d55-4c74-bdab-835b69e1e2d4;9.09;4.1897422;BUY
2016-04-17T03:12:36.000000;2016-04-17T03:12:36.197637;c104bf5e-a37e-465c-8705-90aea17978f3;9.09;4.20817881;BUY
2016-04-17T03:12:36.000000;2016-04-17T03:12:36.644663;03daa47c-5fcb-467c-9b73-3e158b222a09;9.09;14.60054221;BUY
2016-04-17T03:12:36.000000;2016-04-17T03:12:36.660651;3891cc14-cf3d-44bd-b2b1-32ff83f82560;9.09;0.27815082;BUY
2016-04-17T03:12:36.000000;2016-04-17T03:12:36.943682;7e44fad4-3580-4254-a98d-20ba2a24e09e;9.09;1.90441855;BUY
2016-04-17T03:12:37.000000;2016-04-17T03:12:37.520745;62899f54-954b-445b-82c5-460a8f61b304;9.09;4.20817904;BUY
2016-04-17T03:12:37.000000;2016-04-17T03:12:37.668753;4ebe81b3-dc7c-4949-9182-7df8ce908e1a;9.09;4.20817904;BUY
2016-04-17T03:12:37.000000;2016-04-17T03:12:37.823773;a823d33f-8b6a-4b20-bf7b-7aafbb778ced;9.09;4.20817796;BUY
2016-04-17T03:12:39.000000;2016-04-17T03:12:39.227912;788d7268-9426-4816-a244-a37523bba796;9.09;43.6;BUY
2016-04-17T03:12:39.000000;2016-04-17T03:12:39.369935;e37b7c43-dd27-459c-9f18-b08ce23eda87;9.09;4.20817891;BUY
2016-04-17T03:12:40.000000;2016-04-17T03:12:40.232010;ece19308-f18a-4c3a-bbd6-99f1a1e12a22;9.09;4.20817891;BUY
2016-04-17T03:12:40.000000;2016-04-17T03:12:41.137100;11fa601f-3683-48a2-9aa0-4ba1953dfd8e;9.09;4.20817891;BUY
2016-04-17T03:12:40.000000;2016-04-17T03:12:41.167100;d2eaf761-14a7-414b-bd5b-007b0679f633;9.09;11.15660935;BUY
2016-04-17T03:12:41.000000;2016-04-17T03:12:41.542148;b6a745b3-4ae0-4e4b-83be-60e007301a77;9.09;4.19007119;BUY
2016-04-17T03:12:42.000000;2016-04-17T03:12:42.054218;08f0ad7f-bea0-4966-b831-d84968f26f69;9.09;4.20817904;BUY
2016-04-17T03:12:42.000000;2016-04-17T03:12:42.330246;cfc1b8fa-7491-4028-816a-317ec892a2e9;9.09;4.20817891;BUY
2016-04-17T03:12:42.000000;2016-04-17T03:12:42.594246;2dc80041-fb0a-4d54-bf14-371fed3acbed;9.09;4.20817881;BUY
2016-04-17T03:12:42.000000;2016-04-17T03:12:42.895283;2f302b51-8638-45c2-b5e5-b9653c2c10d0;9.09;59.29502468;BUY
2016-04-17T03:12:42.000000;2016-04-17T03:12:42.908298;2e6168a6-fe87-4b9d-ae29-1413b6a6a1e8;9.09;21.87107532;BUY
2016-04-17T03:12:42.000000;2016-04-17T03:12:43.028317;66f96246-a709-435b-ba41-a3d5953fdbcf;9.09;2.00253255;BUY
2016-04-17T03:12:43.000000;2016-04-17T03:12:43.050295;cef3ae65-b56b-444c-b1f4-4ad4b8515167;9.09;0.14434;BUY
2016-04-17T03:12:43.000000;2016-04-17T03:12:43.370322;81d643af-b71b-41bb-b140-76599508d210;9.09;5.8311051;BUY
2016-04-17T03:12:43.000000;2016-04-17T03:12:43.380326;5c40c5cd-6e07-43e4-9862-2556adac817d;9.09;0.76057892;BUY
2016-04-17T03:12:43.000000;2016-04-17T03:12:43.858380;27be6a1e-ce2e-472d-aca3-4414fc73451a;9.09;4.20817881;BUY
2016-04-17T03:12:44.000000;2016-04-17T03:12:44.289432;a89ff0d5-7cb4-47b1-803a-42573cb72ba9;9.09;0.1744787;BUY
2016-04-17T03:12:44.000000;2016-04-17T03:12:44.303429;91ce313f-d71d-4545-b457-14b0aa12f059;9.09;1.33767001;BUY
2016-04-17T03:12:44.000000;2016-04-17T03:12:44.501464;02d68f00-3855-4cab-9de1-8d846ef0ade9;9.09;0.76057893;BUY
2016-04-17T03:12:44.000000;2016-04-17T03:12:44.542444;fcc81551-e09e-4147-9af6-35d6a2116ec4;9.09;4.20817904;BUY
2016-04-17T03:12:45.000000;2016-04-17T03:12:45.220498;4a36b6d5-8a3b-4d69-8fcd-0835fdf88d37;9.09;4.20817903;BUY
2016-04-17T03:12:45.000000;2016-04-17T03:12:45.315518;49e657af-d222-4be8-9cf7-18fe26ef5ef9;9.09;4.20817891;BUY
2016-04-17T03:12:45.000000;2016-04-17T03:12:45.510539;de83c44e-7b1e-4934-ade4-5d0362946878;9.09;0.28492468;BUY
2016-04-17T03:12:47.000000;2016-04-17T03:12:47.197738;6899a28d-2835-4fcd-8633-4755ec949be4;9.12;0.3;BUY
2016-04-17T03:12:47.000000;2016-04-17T03:12:47.203710;7b381e95-7768-4726-b7b2-505fa2ad3ec9;9.13;0.11745958;BUY
2016-04-17T03:12:47.000000;2016-04-17T03:12:47.684760;57e2ab26-7c70-4536-8647-b3841e302176;9.13;2.78494598;BUY
2016-04-17T03:12:47.000000;2016-04-17T03:12:47.699759;31edba85-3116-4d98-8cd3-b50252beede3;9.13;4.1897422;BUY
2016-04-17T03:12:48.000000;2016-04-17T03:12:48.424851;1fd6eccc-0939-4c26-bf5a-613ffae2f9df;9.13;4.1897422;BUY
2016-04-17T03:12:48.000000;2016-04-17T03:12:48.564844;8de3b905-aee2-4589-917a-664b959a0839;9.13;4.20817904;BUY
2016-04-17T03:12:48.000000;2016-04-17T03:12:48.711868;b3bfb329-e4ca-4c7c-a9f0-41c7fdcb32d4;9.13;4.20817891;BUY
2016-04-17T03:12:49.000000;2016-04-17T03:12:49.097926;e4df72e2-ce62-4d8e-bb96-52dbfb186019;9.13;4.1897422;BUY
2016-04-17T03:12:49.000000;2016-04-17T03:12:49.832968;c35b89b4-515e-4aba-a6da-e5bba062b06b;9.13;7.49484841;BUY
2016-04-17T03:12:50.000000;2016-04-17T03:12:50.046992;e30bddf5-96f1-4a13-b5c7-6cc07b853ad7;9.13;2.78494598;BUY
2016-04-17T03:12:50.000000;2016-04-17T03:12:50.108006;eac62dea-bad2-4323-afcc-d2b6cb21ccf6;9.13;4.20817904;BUY
2016-04-17T03:12:50.000000;2016-04-17T03:12:50.764063;3f27aa12-eedd-41d9-aa99-3522daca1c19;9.13;6.28378513;BUY
2016-04-17T03:12:50.000000;2016-04-17T03:12:50.781063;298bf9b0-6562-405c-a538-63108021426f;9.13;0.81962414;BUY
2016-04-17T03:12:50.000000;2016-04-17T03:12:50.804079;64f5950b-6e2c-4283-bb90-0bbc0dfce713;9.13;4.20817904;BUY
2016-04-17T03:12:50.000000;2016-04-17T03:12:50.973083;a22ca848-f5ae-4087-9812-5aff236f9461;9.13;5.36019974;BUY
2016-04-17T03:12:50.000000;2016-04-17T03:12:51.001118;a217ee09-0cec-4327-bca7-4e5235ebf745;9.13;0.69915649;BUY
2016-04-17T03:12:50.000000;2016-04-17T03:12:51.140111;ef03b4f2-45b4-4aad-a5f9-631513399c13;9.13;1.90441868;BUY
2016-04-17T03:12:51.000000;2016-04-17T03:12:51.272135;e8f1fb95-89d6-4d6e-be30-9e5ef9ca8c21;9.13;4.15233677;BUY
2016-04-17T03:12:51.000000;2016-04-17T03:12:51.307110;71bfbc72-15e7-4c7d-8a0b-977faf249c4e;9.13;4.20817904;BUY
2016-04-17T03:12:51.000000;2016-04-17T03:12:51.932198;2a25c273-0eb5-4c6a-b840-84d53d06224c;9.13;0.14120274;BUY
2016-04-17T03:12:51.000000;2016-04-17T03:12:51.992190;33b8aa49-f2e4-41c4-8522-0ba3534d7cf1;9.13;6.28378513;BUY
2016-04-17T03:12:51.000000;2016-04-17T03:12:52.065200;d560d6a9-5ac3-42c9-aba5-f88a4956d0f2;9.13;0.81962414;BUY
2016-04-17T03:12:51.000000;2016-04-17T03:12:52.185202;6a42523c-8a0f-4dd8-ae28-06d5570b20a5;9.13;2.78996893;BUY
2016-04-17T03:12:51.000000;2016-04-17T03:12:52.195208;76ceaa4c-73e1-4aa2-9097-ced19319e5c8;9.13;4.20817904;BUY
2016-04-17T03:12:51.000000;2016-04-17T03:12:52.223206;7cea6d21-f0b6-4921-af98-bc250c048432;9.13;4.15233677;BUY
2016-04-17T03:12:51.000000;2016-04-17T03:12:52.256211;e6c93d67-78c3-4408-ae80-863ac079be57;9.13;0.82110197;BUY
2016-04-17T03:12:52.000000;2016-04-17T03:12:52.520262;b9259258-d6eb-45f4-a499-84ceafc8f8b5;9.13;1.90472386;BUY
2016-04-17T03:12:52.000000;2016-04-17T03:12:52.602267;0b4eaac8-992e-486e-a1f6-31487e7ea2e7;9.13;0.65810958;BUY
2016-04-17T03:12:52.000000;2016-04-17T03:12:52.908291;a2726c05-8d1b-4b87-ae87-41d45bc816f6;9.13;1.58950333;BUY
2016-04-17T03:12:52.000000;2016-04-17T03:12:53.002290;9229b5c2-5c49-486c-be18-1ed8264f9b65;9.13;4.20817904;BUY
2016-04-17T03:12:52.000000;2016-04-17T03:12:53.101310;a07ca4d3-a01e-41d8-b4d3-aa269edebf5e;9.13;1.90441868;BUY
2016-04-17T03:12:52.000000;2016-04-17T03:12:53.184303;9053bb08-47a6-4368-bfcd-eced4156097e;9.13;4.15233677;BUY
2016-04-17T03:12:53.000000;2016-04-17T03:12:53.474325;04d192c0-78b2-46f8-8b9b-7bbd2ee8ce15;9.13;4.20817904;BUY
2016-04-17T03:12:53.000000;2016-04-17T03:12:53.496340;b3c2e563-bfc9-437b-83f3-be57ef8ae674;9.13;3.99479253;BUY
2016-04-17T03:12:53.000000;2016-04-17T03:12:53.521343;6fe8366f-af5c-44cc-921e-5c69623fe7d6;9.13;0.69915649;BUY
2016-04-17T03:12:53.000000;2016-04-17T03:12:53.636373;2c7a0583-f675-494c-9245-ef0c9bfe6704;9.13;2.08703605;BUY
2016-04-17T03:12:53.000000;2016-04-17T03:12:54.163420;2fb043d7-a953-4232-8d0d-465c60e67d8f;9.13;2.08684237;BUY
2016-04-17T03:12:53.000000;2016-04-17T03:12:54.212418;f6df3cd5-5d76-4a5c-907b-0c4d4cb7cb59;9.13;0.10385917;BUY
2016-04-17T03:12:54.000000;2016-04-17T03:12:54.378427;23514264-37ed-4ce4-9b96-d334cac768ed;9.13;0.14120274;BUY
2016-04-17T03:12:54.000000;2016-04-17T03:12:54.433436;d1098f48-f79d-421f-a93c-47cb1740eba9;9.13;4.15233677;BUY
2016-04-17T03:12:54.000000;2016-04-17T03:12:54.525442;35f79767-41a0-4fbc-8e29-77442851f575;9.13;4.20817904;BUY
2016-04-17T03:12:54.000000;2016-04-17T03:12:54.621459;306dbce1-65d8-4354-94dd-d86ab708dd0e;9.13;0.82265916;BUY
2016-04-17T03:12:54.000000;2016-04-17T03:12:54.695464;a0e756fc-e3ae-4c10-8156-fd808f15e6c1;9.13;2.08679395;BUY
2016-04-17T03:12:54.000000;2016-04-17T03:12:54.740476;520729cf-857b-4ac5-9f7f-e369c26a4b58;9.13;3.94324455;BUY
2016-04-17T03:12:54.000000;2016-04-17T03:12:55.110505;ec660737-64b1-4da8-9791-981712496b00;9.13;2.08693976;BUY
2016-04-17T03:12:55.000000;2016-04-17T03:12:55.279513;b9ed4b60-8c58-4d78-ada4-18d6b531a19a;9.13;2.08693957;BUY
2016-04-17T03:12:55.000000;2016-04-17T03:12:55.329529;299c5aaf-b4f8-4618-8350-4da5cb4914c4;9.1202;4.2006028;SELL
2016-04-17T03:12:55.000000;2016-04-17T03:12:55.335521;32004968-1000-4385-ab98-e15ba5395be0;9.1202;3.03052825;SELL
2016-04-17T03:12:55.000000;2016-04-17T03:12:55.341522;b7302e02-8339-4d1c-a1db-dbd8ec93e430;9.1202;0.40311;SELL
2016-04-17T03:12:55.000000;2016-04-17T03:12:55.366619;572e1888-0e92-46dd-8ab9-607a6d8d9ab1;9.1202;0.39528629;SELL
2016-04-17T03:12:55.000000;2016-04-17T03:12:55.366619;98461952-812a-4ce9-b884-bd46158aa2b0;9.1202;4.20817904;SELL
2016-04-17T03:12:55.000000;2016-04-17T03:12:55.366619;9ddf706c-39d6-480f-96ec-5e84893f0c15;9.1202;0.82110197;SELL
2016-04-17T03:12:55.000000;2016-04-17T03:12:55.366619;5b1ecacb-4e24-49be-8ace-d1ca2cd07209;9.1201;6.28378513;SELL
2016-04-17T03:12:55.000000;2016-04-17T03:12:55.378532;48673a5e-d6c6-4ed6-b4cc-26f3d1165543;9.101;31.51733386;SELL
2016-04-17T03:12:55.000000;2016-04-17T03:12:55.481534;228579cc-e744-4e2d-bf22-16e1f49f30e7;9.13;4.20127639;BUY
2016-04-17T03:12:55.000000;2016-04-17T03:12:55.730558;8a9d39b8-dc67-430e-9fcd-64bb7e8f1c1d;9.13;0.82265916;BUY
2016-04-17T03:12:55.000000;2016-04-17T03:12:55.756587;fab229d6-2d81-4eca-afe4-d4fc85eaf039;9.13;1.24964069;BUY
2016-04-17T03:12:56.000000;2016-04-17T03:12:56.154620;7b72427b-5972-4416-a695-1d4775819349;9.13;0.71872395;BUY
2016-04-17T03:12:56.000000;2016-04-17T03:12:56.708660;1be7860f-611b-4b08-ba58-a4511aa340ee;9.13;11.17082004;BUY
2016-04-17T03:12:56.000000;2016-04-17T03:12:56.783674;68b14ce9-a84a-4ed9-8a39-830b7351fc15;9.13;2.08693976;BUY
2016-04-17T03:12:56.000000;2016-04-17T03:12:56.800673;245aaa4c-4aae-4f61-8df0-003482e83073;9.13;2.07570428;BUY
2016-04-17T03:12:57.000000;2016-04-17T03:12:57.518727;251f0ebb-9ab9-406a-b3b3-61d03e10ac84;9.13;0.71872395;BUY
2016-04-17T03:12:57.000000;2016-04-17T03:12:57.554774;546bc6b1-ad62-4266-b8a6-fbc987c27283;9.13;3.85342375;BUY
2016-04-17T03:12:58.000000;2016-04-17T03:12:58.850876;740374a2-c0b9-4119-a95e-8130f4c622c6;9.13;4.20817904;BUY
2016-04-17T03:12:59.000000;2016-04-17T03:12:59.178898;01e829da-971d-4d22-a934-c4a4303d060a;9.13;0.71872395;BUY
2016-04-17T03:13:00.000000;2016-04-17T03:13:00.070995;e81558b9-a2f4-4eb2-8f6b-3c386e5c6f56;9.13;3.85342375;BUY
2016-04-17T03:13:01.000000;2016-04-17T03:13:01.155105;f4f07ea7-7d90-439c-95ca-f063f85087a3;9.13;4.20817904;BUY
2016-04-17T03:13:01.000000;2016-04-17T03:13:01.251124;8d1c1064-9c97-4012-b66e-d3a380fb83fa;9.13;0.35475561;BUY
2016-04-17T03:13:01.000000;2016-04-17T03:13:01.308117;7f01ad0e-30b0-4916-b2fa-efe9ee47657e;9.13;4.20817904;BUY
2016-04-17T03:13:01.000000;2016-04-17T03:13:01.371128;91159fe8-1726-457e-96bf-789029794358;9.1203;4.2006028;SELL
2016-04-17T03:13:01.000000;2016-04-17T03:13:01.372170;ae81fdb0-fc59-4aea-bd48-da2245c5f52d;9.1201;7.133619;SELL
2016-04-17T03:13:01.000000;2016-04-17T03:13:01.392153;2ff426f6-e250-416f-842b-f521a546f782;9.12;0.3;SELL
2016-04-17T03:13:01.000000;2016-04-17T03:13:01.402136;b4a0cf2a-906d-45e2-a59e-d8dfa8124c27;9.1;39.22570554;SELL
2016-04-17T03:13:02.000000;2016-04-17T03:13:02.238215;72298793-8f20-4683-8f56-f47bdb5b96c4;9.13;4.20817881;BUY
2016-04-17T03:13:02.000000;2016-04-17T03:13:02.276215;e3862567-3c9f-4f89-8177-9a6ca9f40826;9.13;4.20817904;BUY
2016-04-17T03:13:02.000000;2016-04-17T03:13:02.986288;2bb6b9f6-d7bb-400a-afe5-fd84b37200d1;9.13;0.72002025;BUY
2016-04-17T03:13:02.000000;2016-04-17T03:13:03.013280;4dcf3d2f-93c1-4c8a-a23d-851df1d5af16;9.13;4.20817881;BUY
2016-04-17T03:13:03.000000;2016-04-17T03:13:03.093290;2998c959-22d9-47f0-b884-7ecdb63a3e9b;9.13;7.50643921;BUY
2016-04-17T03:13:03.000000;2016-04-17T03:13:03.752389;700600af-5414-4623-ad1d-fafee96c9c56;9.13;4.20817904;BUY
2016-04-17T03:13:03.000000;2016-04-17T03:13:03.778363;9af4b119-e581-4096-8b0c-37af2c332b22;9.13;0.71323287;BUY
2016-04-17T03:13:03.000000;2016-04-17T03:13:03.915367;cb635e99-5ec5-431f-b0a8-18e900bc92ce;9.13;0.72002025;BUY
2016-04-17T03:13:05.000000;2016-04-17T03:13:05.151516;6b44b694-0153-4ca7-adb1-886785586df2;9.13;4.20817904;BUY
2016-04-17T03:13:06.000000;2016-04-17T03:13:06.127599;08271e13-b852-497a-9576-bc7c1ef2ac5d;9.13;1.44392499;BUY
2016-04-17T03:13:06.000000;2016-04-17T03:13:06.157636;81fc15b2-73ed-473b-b20a-928e6919f843;9.13;4.20817904;BUY
2016-04-17T03:13:07.000000;2016-04-17T03:13:07.452728;6eb06e7e-cdde-47b6-9f64-acb01fc45f5d;9.13;0.71323287;BUY
2016-04-17T03:13:07.000000;2016-04-17T03:13:07.476735;37cb4d1f-71ac-4ddd-aee5-bf3765e7e1e6;9.13;4.20817904;BUY
2016-04-17T03:13:07.000000;2016-04-17T03:13:07.490730;1c14a8bd-ce00-4664-bf0b-885b2ba0702b;9.1001;4.2006028;SELL
2016-04-17T03:13:07.000000;2016-04-17T03:13:07.506740;cdc13db7-fc3f-4a68-b2cb-5ad218de0069;9.1;3.60469446;SELL
2016-04-17T03:13:07.000000;2016-04-17T03:13:07.746753;78333578-68ac-4412-aadb-01b7c137047f;9.1;4.20817889;BUY
2016-04-17T03:13:07.000000;2016-04-17T03:13:07.887780;2d372306-baf8-40b0-ade8-bed4ebf65e52;9.1;4.2006028;BUY
2016-04-17T03:13:08.000000;2016-04-17T03:13:08.171807;2d458cb8-cc48-44ac-add4-d547af781c24;9.1;4.2081789;BUY
2016-04-17T03:13:08.000000;2016-04-17T03:13:08.340810;5f6c4de2-e3cc-4f56-bcad-465e92f3811d;9.1;14.8;BUY
2016-04-17T03:13:08.000000;2016-04-17T03:13:08.420850;2a6ceef5-5a43-414b-bb31-d17ad4b4c5ac;9.1;4.20817881;BUY
2016-04-17T03:13:08.000000;2016-04-17T03:13:08.871902;3ebd2ef9-4ba4-4b9e-acb9-29fd76243917;9.1;4.2006028;BUY
2016-04-17T03:13:08.000000;2016-04-17T03:13:08.909886;70f89179-d477-4565-9513-0229c936386a;9.1;7.22888788;BUY
2016-04-17T03:13:09.000000;2016-04-17T03:13:09.100935;f305718a-4d75-42c0-974f-c41b3ff0fc67;9.13;4.20127639;BUY
2016-04-17T03:13:10.000000;2016-04-17T03:13:10.285017;5369bd2e-ea2e-48fc-90e1-a5e027ba4741;9.13;4.16607231;BUY
2016-04-17T03:13:10.000000;2016-04-17T03:13:10.801074;1edcc20d-948f-493a-80fa-8216e0978a6d;9.13;4.16607231;BUY
2016-04-17T03:13:11.000000;2016-04-17T03:13:11.349142;d8ab02ba-8905-4849-8585-1c031c48001c;9.13;4.20817881;BUY
2016-04-17T03:13:11.000000;2016-04-17T03:13:11.598150;46aefafc-6307-47c3-9749-80e19a453202;9.13;4.20817881;BUY
2016-04-17T03:13:12.000000;2016-04-17T03:13:12.181218;e54f8b05-e0f1-473b-a42b-90eb48c234de;9.13;11.48970766;BUY
2016-04-17T03:13:13.000000;2016-04-17T03:13:13.937377;27e3e7aa-4381-44a9-afbc-ff3f49716bd5;9.13;4.20817881;BUY
2016-04-17T03:13:14.000000;2016-04-17T03:13:14.548443;f329c28b-2a76-4921-ad07-2d54e806b21d;9.13;4.20817881;BUY
2016-04-17T03:13:15.000000;2016-04-17T03:13:15.054492;a11daf93-3ea7-4cf0-834e-8a83684a811c;9.13;4.20817881;BUY
2016-04-17T03:13:15.000000;2016-04-17T03:13:15.535546;de332bed-a2eb-4e3b-8b8c-8c49c9dd0469;9.13;4.20817904;BUY
2016-04-17T03:13:15.000000;2016-04-17T03:13:15.627544;6e5020a9-8ae1-4072-9abf-842226a519ec;9.13;4.20817881;BUY
2016-04-17T03:13:16.000000;2016-04-17T03:13:16.617672;06ec5f22-99d1-43c3-8ca8-179c9bff89cc;9.13;34.7;BUY
2016-04-17T03:13:16.000000;2016-04-17T03:13:16.806809;75f630b5-c8fb-45d9-9965-ec2e920c3cf3;9.13;4.20817881;BUY
2016-04-17T03:13:17.000000;2016-04-17T03:13:17.308725;b8f83f17-ffdd-434b-a5ff-563c2ba993f8;9.13;4.20817881;BUY
2016-04-17T03:13:17.000000;2016-04-17T03:13:17.583747;42e6b5e1-36bb-4174-b382-9fd92a929a95;9.13;4.20817881;BUY
2016-04-17T03:13:18.000000;2016-04-17T03:13:18.811858;22ba83a3-6a05-4deb-a33e-b15d6f31adfe;9.13;7.52090405;BUY
2016-04-17T03:13:20.000000;2016-04-17T03:13:20.800085;5abc9c51-8c78-4836-a2e1-3c36434e0bd1;9.13;4.20127639;BUY
2016-04-17T03:13:21.000000;2016-04-17T03:13:21.166114;b13b6593-1302-46b6-ab78-fda6ee536179;9.12;4.20817904;BUY
2016-04-17T03:13:26.000000;2016-04-17T03:13:26.566640;bcd31245-ebbc-4631-8a56-00cbb72bc3f4;9.12;4.20817904;BUY
2016-04-17T03:13:28.000000;2016-04-17T03:13:28.527842;56bf86ff-a3f7-45c3-a206-0ffe870d15e4;9.12;3.80235516;BUY
2016-04-17T03:13:29.000000;2016-04-17T03:13:29.570946;2d730eb2-9dc5-4a6c-a98c-0c18088a4cf8;9.12;11.49211765;BUY
2016-04-17T03:13:29.000000;2016-04-17T03:13:29.711965;b11f1080-e1cc-4a88-9052-b9332055617e;9.12;3.89553047;BUY
2016-04-17T03:13:32.000000;2016-04-17T03:13:32.063206;4f14df06-fc4b-4af9-9587-0ccaa1817354;9.12;23.25356598;BUY
2016-04-17T03:13:32.000000;2016-04-17T03:13:32.068196;9b1315f2-b720-4264-8dfa-ad9e8c4e4444;9.13;15.74643402;BUY
2016-04-17T03:13:33.000000;2016-04-17T03:13:33.678348;1c4bc241-b999-4cf6-a655-fea3be9e8fac;9.13;4.16607231;BUY
2016-04-17T03:13:40.000000;2016-04-17T03:13:40.960086;f0782b15-79d3-43df-be1b-2c6119365d35;9.13;11.53258411;BUY
2016-04-17T03:13:47.000000;2016-04-17T03:13:47.173704;7240852f-0eff-469c-a2e0-6468ea07c3ec;9.13;1.14784;BUY
2016-04-17T03:13:49.000000;2016-04-17T03:13:49.547941;2b372dbf-eaab-4759-905f-61a12e135800;9.13;11.56024184;BUY
2016-04-17T03:13:52.000000;2016-04-17T03:13:52.921284;c59eba16-9350-44e1-93fc-73981a52369c;9.13;4.16607231;BUY
2016-04-17T03:13:54.000000;2016-04-17T03:13:54.930480;f9f6dd87-e9f7-44ce-b19e-b5d1996e3a27;9.13;4.20817881;BUY
2016-04-17T03:13:55.000000;2016-04-17T03:13:56.013592;684d03ae-3abe-4f54-8667-ee17f9373168;9.13;4.20817881;BUY
2016-04-17T03:13:56.000000;2016-04-17T03:13:56.725656;f9c9a538-9004-43d8-9129-f7adf2d1e628;9.13;4.20817904;BUY
2016-04-17T03:13:57.000000;2016-04-17T03:13:57.041691;9eb4df9c-e7f3-4c8a-abca-d7945715f152;9.13;8.652931;BUY
2016-04-17T03:13:58.000000;2016-04-17T03:13:58.753881;6e5ebf63-aa0c-4258-a5ae-c88931f04400;9.13;4.20817904;BUY
2016-04-17T03:13:58.000000;2016-04-17T03:13:58.974889;4760c502-3ddb-48e2-b021-e7d3553da4a0;9.13;11.60693472;BUY
2016-04-17T03:13:59.000000;2016-04-17T03:13:59.435937;e2315695-a64e-485f-8381-a8435c9fe50c;9.13;4.20817904;BUY
2016-04-17T03:13:59.000000;2016-04-17T03:13:59.798989;e9f1ef50-8e94-4119-928b-a1bd74e259ee;9.13;0.57392;BUY
2016-04-17T03:14:01.000000;2016-04-17T03:14:01.801181;d1b77f6e-52b4-4a03-8e35-262f0c4c76a4;9.13;3.89553047;BUY
2016-04-17T03:14:02.000000;2016-04-17T03:14:02.387796;ddb75248-334c-412f-aa56-a99ae9a5c86a;9.12;4.20127639;BUY
2016-04-17T03:14:03.000000;2016-04-17T03:14:03.408344;82ffa7a3-b430-42b9-adce-6f8103eb3634;9.12;95.79847647;BUY
2016-04-17T03:14:04.000000;2016-04-17T03:14:04.259405;314f51df-c606-400c-a6f2-f36d26b87e59;9.12;0.00024714;BUY
2016-04-17T03:14:04.000000;2016-04-17T03:14:04.268412;aba5f126-b52a-4e8f-a3c5-554cbbb7c463;9.13;0.31240157;BUY
2016-04-17T03:14:04.000000;2016-04-17T03:14:04.833470;4f34b79d-be84-45e4-8b4d-1b279b8c9a5a;9.13;4.20817904;BUY
2016-04-17T03:14:05.000000;2016-04-17T03:14:05.408537;da30145f-9bc4-4b67-87ed-c1b018c37a6b;9.13;4.20817881;BUY
2016-04-17T03:14:05.000000;2016-04-17T03:14:05.793562;862fa4d5-b904-4cd7-bebd-b00cb9c4515b;9.13;3.89553047;BUY
2016-04-17T03:14:06.000000;2016-04-17T03:14:06.725659;82a99649-7ae7-4ec4-9c09-1fb0d281c07c;9.13;4.20817884;BUY
2016-04-17T03:14:07.000000;2016-04-17T03:14:07.302721;eaff5995-4ef2-4653-a633-044cf6ff3252;9.12;3.89553047;BUY
2016-04-17T03:14:07.000000;2016-04-17T03:14:07.676746;bd1b4214-19f0-42cf-a833-42a3cc62e4de;9.12;8.58522492;BUY
2016-04-17T03:14:07.000000;2016-04-17T03:14:07.953800;3f5daf37-94d3-4d90-bd30-6fa2fd7e9ee8;9.12;4.20817904;BUY
2016-04-17T03:14:09.000000;2016-04-17T03:14:09.431933;5ae33342-5c8f-4bb6-8257-d6579edd196d;9.12;4.20817881;BUY
2016-04-17T03:14:10.000000;2016-04-17T03:14:10.238005;31d5aac1-c2fc-4665-a944-cf8849d7ee6a;9.12;3.66651222;BUY
2016-04-17T03:14:10.000000;2016-04-17T03:14:10.364024;4d45c027-cdeb-4892-a927-61bbe2fb36af;9.12;0.47824072;BUY
2016-04-17T03:14:11.000000;2016-04-17T03:14:11.392122;01628555-8928-4ed3-be1e-011aabd57843;9.12;3.2424841;BUY
2016-04-17T03:14:12.000000;2016-04-17T03:14:12.945287;695e7ac0-3007-4e5d-b555-6f0dcc6c184a;9.12;3.2424841;BUY
2016-04-17T03:14:13.000000;2016-04-17T03:14:13.144308;9a3d77cd-3f0a-416b-a0e5-a0426dc0dbc3;9.12;4.20817881;BUY
2016-04-17T03:14:13.000000;2016-04-17T03:14:13.188302;4d1bad83-455c-4d7e-9f53-34debbec5207;9.12;0.47824072;BUY
2016-04-17T03:14:14.000000;2016-04-17T03:14:14.086395;3fb39f0e-f8ca-4e1c-9ff5-48259ce79db4;9.12;4.20817872;BUY
2016-04-17T03:14:14.000000;2016-04-17T03:14:14.831482;69344e47-9b68-4ad7-b798-08756a31667a;9.12;0.50090579;BUY
2016-04-17T03:14:15.000000;2016-04-17T03:14:15.062503;d6406b53-f618-4bb7-8158-e18f6f2bb64f;9.12;4.20817904;BUY
2016-04-17T03:14:16.000000;2016-04-17T03:14:16.711664;54b4e8af-7a74-45fc-9ed6-b8b7ebeef8ae;9.12;3.03765932;BUY
2016-04-17T03:14:16.000000;2016-04-17T03:14:16.744659;0f026d19-4c98-4a01-a265-71faa2f6672c;9.12;4.20817904;BUY
