time_exchange;time_coinpai;guid;price;base_amount;taker_side
2016-04-21T00:00:04.000000;2016-04-21T00:00:04.000000;9405f81d-9562-4262-a7db-162fba280403;443.82;0.20435743;UNKNOWN
2016-04-21T00:00:04.000000;2016-04-21T00:00:04.000000;cfd945c3-2660-4a11-b795-90f4c08134f8;443.59;2.79564257;UNKNOWN
2016-04-21T00:00:04.000000;2016-04-21T00:00:04.000000;84b5f1f7-a15f-42dc-b0f2-3a60f0741de7;443.6;0.20435743;UNKNOWN
2016-04-21T00:00:05.000000;2016-04-21T00:00:05.000000;094fc6ca-f6b0-481e-a3f8-bfbdc8e59316;443.82;0.20434822;UNKNOWN
2016-04-21T00:00:10.000000;2016-04-21T00:00:10.000000;5cdf092c-c2c6-4b83-9434-90ca84625b12;443.78;2.0;UNKNOWN
2016-04-21T00:04:20.000000;2016-04-21T00:04:20.000000;d6a900cc-4d48-4873-a811-0fa0aab3b70e;443.82;2.0;UNKNOWN
2016-04-21T00:04:41.000000;2016-04-21T00:04:41.000000;aa3cd509-f453-4bdd-a336-2c1c9f712a47;443.46;0.3522;UNKNOWN
2016-04-21T00:05:05.000000;2016-04-21T00:05:05.000000;c78507f1-61af-4d34-aaf9-7d2e9e4dcbc5;443.46;0.36589816;UNKNOWN
2016-04-21T00:05:11.000000;2016-04-21T00:05:11.000000;1000a0f3-2bdb-4ab4-a8b0-005fec07cefe;443.46;0.64672067;UNKNOWN
2016-04-21T00:05:14.000000;2016-04-21T00:05:14.000000;dc2f0efc-bb08-4ffa-b00c-709b51f035da;443.46;0.3581415;UNKNOWN
2016-04-21T00:05:35.000000;2016-04-21T00:05:35.000000;fd005808-8554-4c9a-82e4-40586d40cfb8;443.46;3.9018;UNKNOWN
2016-04-21T00:06:08.000000;2016-04-21T00:06:08.000000;96db615f-ef4f-492e-bc52-114e44b31dac;443.47;0.07670925;UNKNOWN
2016-04-21T00:06:11.000000;2016-04-21T00:06:11.000000;6f8f7fc7-55c7-42cc-aba2-e0880f6da490;443.46;0.4938193;UNKNOWN
2016-04-21T00:06:11.000000;2016-04-21T00:06:11.000000;a42a9c4c-44d4-4aa6-943c-ffb3a528ce73;443.47;0.06793406;UNKNOWN
2016-04-21T00:06:18.000000;2016-04-21T00:06:18.000000;343cd44f-55a8-47c9-8630-4f75dece3eff;443.46;1.47475438;UNKNOWN
2016-04-21T00:06:23.000000;2016-04-21T00:06:23.000000;b6d5539f-4fbf-41dd-b138-30cd957890c2;443.46;0.10098393;UNKNOWN
2016-04-21T00:07:05.000000;2016-04-21T00:07:05.000000;3bf61f21-bfd9-4551-b068-4cf7d28ca27a;443.46;0.34705947;UNKNOWN
2016-04-21T00:07:12.000000;2016-04-21T00:07:12.000000;e4554f95-e33e-4187-ba16-9a68c8558c05;443.46;0.33938951;UNKNOWN
2016-04-21T00:07:21.000000;2016-04-21T00:07:21.000000;47c8a859-5543-42ff-8d1c-4e1572ef1ac0;443.46;3.8694;UNKNOWN
2016-04-21T00:07:29.000000;2016-04-21T00:07:29.000000;f69c4494-0cc3-4763-983b-d462ce6adc1c;443.46;1.72440988;UNKNOWN
2016-04-21T00:07:34.000000;2016-04-21T00:07:34.000000;1b61cef2-2d53-4a5f-9312-404d83dee20d;443.4;0.3494;UNKNOWN
2016-04-21T00:07:38.000000;2016-04-21T00:07:38.000000;5c30a543-6611-4b92-b761-baa2acb378fd;443.4;0.70707793;UNKNOWN
2016-04-21T00:07:41.000000;2016-04-21T00:07:41.000000;bd8cd9cc-6439-42b5-a037-c715576ae5a4;443.4;0.8533;UNKNOWN
2016-04-21T00:07:50.000000;2016-04-21T00:07:50.000000;bf06ef47-e0bf-4864-957c-3f7beb379b03;443.4;0.36821441;UNKNOWN
2016-04-21T00:07:57.000000;2016-04-21T00:07:57.000000;b5844bce-b7bf-4a13-9b82-651c3b639212;443.4;0.2656;UNKNOWN
2016-04-21T00:08:02.000000;2016-04-21T00:08:02.000000;c70211bb-ec47-4c46-aa38-be9a94917475;443.4;0.36824636;UNKNOWN
2016-04-21T00:08:08.000000;2016-04-21T00:08:08.000000;74413b8d-2d7d-4c4a-ad35-24a384d7d881;443.4;0.31825172;UNKNOWN
2016-04-21T00:08:14.000000;2016-04-21T00:08:14.000000;1be7c20e-6847-4f75-b1cc-683146e0549d;443.4;0.73699273;UNKNOWN
2016-04-21T00:08:18.000000;2016-04-21T00:08:18.000000;21513163-9c06-4019-9d9e-37f21fe9db64;443.4;0.7206;UNKNOWN
2016-04-21T00:08:23.000000;2016-04-21T00:08:23.000000;71197197-a395-4e1f-ac8f-13c641c80ebf;443.4;0.34186346;UNKNOWN
2016-04-21T00:08:23.000000;2016-04-21T00:08:23.000000;1f45156c-080e-4c56-a515-649e4a4dd078;443.15;0.01834633;UNKNOWN
2016-04-21T00:08:31.000000;2016-04-21T00:08:31.000000;26d98a75-e20a-4762-8ab6-7a27fdd69bb5;443.04;2.1243566;UNKNOWN
2016-04-21T00:09:06.000000;2016-04-21T00:09:06.000000;28052ad9-d29b-4d2a-943f-4d04d69c3dea;443.57;1.80918904;UNKNOWN
2016-04-21T00:09:06.000000;2016-04-21T00:09:06.000000;0c921aba-dbc0-4996-8e4d-6ebfcc2aade5;443.57;6.723;UNKNOWN
2016-04-21T00:10:27.000000;2016-04-21T00:10:27.000000;d97c0ed8-46f0-48df-aaa1-b5cb5b3d4686;442.25;9.9579;UNKNOWN
2016-04-21T00:10:27.000000;2016-04-21T00:10:27.000000;4bc0368e-9f07-4af3-8759-36cfddb779f6;442.2;0.05;UNKNOWN
2016-04-21T00:10:27.000000;2016-04-21T00:10:27.000000;c89194fd-077d-44e8-ae73-81d9757fe132;442.13;4.61;UNKNOWN
2016-04-21T00:10:27.000000;2016-04-21T00:10:27.000000;95807971-e8fd-4d8e-b8ec-4e46431c6c33;442.41;0.25;UNKNOWN
2016-04-21T00:10:27.000000;2016-04-21T00:10:27.000000;7201c597-a43b-4952-8a42-c3a1d853595b;442.01;3.0009468;UNKNOWN
2016-04-21T00:10:27.000000;2016-04-21T00:10:27.000000;e4df1f8f-ba0d-4f5d-8584-4969f9d612b8;442.4;0.0267;UNKNOWN
2016-04-21T00:10:27.000000;2016-04-21T00:10:27.000000;3b6735b1-f9c5-4c6f-a925-80dc9e84f45a;443.01;2.0795;UNKNOWN
2016-04-21T00:10:27.000000;2016-04-21T00:10:27.000000;328110f2-1dca-4d91-9d29-6eb43b3f8320;442.39;10.96160894;UNKNOWN
2016-04-21T00:10:27.000000;2016-04-21T00:10:27.000000;5efa6a8d-53ad-4df8-b28d-a374e2491149;442.12;10.1123;UNKNOWN
2016-04-21T00:10:27.000000;2016-04-21T00:10:27.000000;856baa55-11da-49ce-bc2f-0c95b29e272f;442.5;10.5188;UNKNOWN
2016-04-21T00:10:27.000000;2016-04-21T00:10:27.000000;c18193f1-2cf0-42c2-b783-322e26d71a53;442.26;4.54;UNKNOWN
2016-04-21T00:10:27.000000;2016-04-21T00:10:27.000000;45665ce1-4809-4ce6-b756-6af2a57754e4;443.02;8.0;UNKNOWN
2016-04-21T00:10:27.000000;2016-04-21T00:10:27.000000;526f1393-b8fd-4561-ab0e-dc7af232aeb8;443.01;10.4891;UNKNOWN
2016-04-21T00:10:27.000000;2016-04-21T00:10:27.000000;ee1d5db1-9d8b-4d3c-a4f0-49972f262af5;442.08;0.59;UNKNOWN
2016-04-21T00:10:27.000000;2016-04-21T00:10:27.000000;b2266b8b-c4ef-4ab7-ac5c-82e0f1b68aa5;442.05;4.34603099;UNKNOWN
2016-04-21T00:10:27.000000;2016-04-21T00:10:27.000000;2c2133d6-16e5-413c-a62d-35b91c2b75ea;442.62;0.060962;UNKNOWN
2016-04-21T00:10:27.000000;2016-04-21T00:10:27.000000;00ea40a1-5132-4376-927e-65b8294f1c7a;443.01;8.7369;UNKNOWN
2016-04-21T00:10:27.000000;2016-04-21T00:10:27.000000;67d269c3-2a07-4ca3-8101-ff13efe8bbd6;442.09;4.34603099;UNKNOWN
2016-04-21T00:10:27.000000;2016-04-21T00:10:27.000000;1047f55c-5ed6-43a8-907f-24e74fd6c4c8;442.66;10.0442;UNKNOWN
2016-04-21T00:10:27.000000;2016-04-21T00:10:27.000000;5d961c44-f857-4c5b-8952-2738beff5106;442.07;0.596084;UNKNOWN
2016-04-21T00:10:27.000000;2016-04-21T00:10:27.000000;ca052fa3-3d28-4a15-9c0e-573a4cffe8f6;442.83;0.23;UNKNOWN
2016-04-21T00:10:27.000000;2016-04-21T00:10:27.000000;0c932a68-e1d1-4bb6-b1e5-78fadcec43ff;442.58;0.25;UNKNOWN
2016-04-21T00:10:27.000000;2016-04-21T00:10:27.000000;6e6c4b3f-191b-45cb-b106-ad7b54cc227a;442.75;10.4669;UNKNOWN
2016-04-21T00:10:27.000000;2016-04-21T00:10:27.000000;ff0bc7e1-65ee-4cf6-a0a5-b51f6543859c;443.02;2.0;UNKNOWN
2016-04-21T00:10:27.000000;2016-04-21T00:10:27.000000;d2b31107-f713-4d03-b2c5-352697dcb1a2;442.21;2.32649712;UNKNOWN
2016-04-21T00:10:27.000000;2016-04-21T00:10:27.000000;eebc21c4-28b3-42bc-8e67-661ffa63dac1;442.9;9.7381;UNKNOWN
2016-04-21T00:10:27.000000;2016-04-21T00:10:27.000000;dd315948-2fd5-4b41-9977-470827ea54ff;442.4;0.0188;UNKNOWN
2016-04-21T00:10:30.000000;2016-04-21T00:10:30.000000;75c743a9-2655-429f-82e3-743a22595e13;443.56;0.30743;UNKNOWN
2016-04-21T00:10:38.000000;2016-04-21T00:10:38.000000;dbcf7a73-0001-4d2b-8f31-cde8659c2613;442.27;0.02;UNKNOWN
2016-04-21T00:10:57.000000;2016-04-21T00:10:57.000000;2ae28d7b-b7f5-4202-bde1-9af4b76cecda;443.31;3.0;UNKNOWN
2016-04-21T00:11:08.000000;2016-04-21T00:11:08.000000;7b41befe-5b47-4028-b9b3-e721e03722c5;442.57;5.0;UNKNOWN
2016-04-21T00:11:43.000000;2016-04-21T00:11:43.000000;404daad0-11d6-40c5-a84d-bb17373a73cd;442.57;0.02486;UNKNOWN
2016-04-21T00:12:33.000000;2016-04-21T00:12:33.000000;d3001807-e078-48dc-88bc-1f9e3b666781;443.04;4.34721181;UNKNOWN
2016-04-21T00:12:33.000000;2016-04-21T00:12:33.000000;b7e8fce4-900c-4de5-a61d-cd56e3bae070;442.91;6.7756;UNKNOWN
2016-04-21T00:12:33.000000;2016-04-21T00:12:33.000000;754161ce-534d-4c9e-aff8-45807760e2f5;443.06;8.31938819;UNKNOWN
2016-04-21T00:12:33.000000;2016-04-21T00:12:33.000000;0a107468-0435-43ae-ab63-32a72516952c;443.04;14.3908;UNKNOWN
2016-04-21T00:13:06.000000;2016-04-21T00:13:06.000000;1cdebc39-b481-4bc0-a8c9-032fdfbb4ac1;443.05;0.01;UNKNOWN
2016-04-21T00:13:28.000000;2016-04-21T00:13:28.000000;0c81eca7-b5d5-4094-a634-378f47cfb63c;443.05;0.01;UNKNOWN
2016-04-21T00:13:37.000000;2016-04-21T00:13:37.000000;d3e84c44-5128-4b84-9755-fde3f1f0e432;443.05;0.0110779;UNKNOWN
2016-04-21T00:13:43.000000;2016-04-21T00:13:43.000000;9d27f47a-3fa8-478e-a4aa-bed005927a5e;442.98;0.16741164;UNKNOWN
2016-04-21T00:14:32.000000;2016-04-21T00:14:32.000000;a032a83c-a4e3-465e-b837-b5e8cbc5f2b9;443.05;0.06156;UNKNOWN
2016-04-21T00:14:43.000000;2016-04-21T00:14:43.000000;248e6f01-d773-4b6f-bcc9-01313f76928e;443.05;0.74438644;UNKNOWN
2016-04-21T00:14:43.000000;2016-04-21T00:14:43.000000;80b17d3d-6087-42e9-bdea-85fa0871b92f;443.05;4.25561356;UNKNOWN
2016-04-21T00:15:43.000000;2016-04-21T00:15:43.000000;26b768f3-0441-4f1f-b42c-54d347110ade;443.1;0.01;UNKNOWN
2016-04-21T00:15:43.000000;2016-04-21T00:15:43.000000;b5decc20-8d4d-4485-93bc-f2ebd5ca5a83;443.08;0.83;UNKNOWN
2016-04-21T00:15:43.000000;2016-04-21T00:15:43.000000;934be28f-11bd-4e1d-9d74-75bea1c157a5;443.04;1.43011;UNKNOWN
2016-04-21T00:17:44.000000;2016-04-21T00:17:44.000000;fe913ea7-0a83-483a-a508-ca56883eabe2;443.06;0.01;UNKNOWN
2016-04-21T00:19:43.000000;2016-04-21T00:19:43.000000;c9d76f30-ff7f-4416-a981-ba09e5442303;443.04;0.15732622;UNKNOWN
2016-04-21T00:20:04.000000;2016-04-21T00:20:04.000000;19fba585-ed0f-4a15-8777-ecf7d03836a3;443.05;0.5669;UNKNOWN
2016-04-21T00:21:12.000000;2016-04-21T00:21:12.000000;2d5cfb99-a1d1-41df-af4c-dac4b83e8e52;443.04;0.06332636;UNKNOWN
2016-04-21T00:21:14.000000;2016-04-21T00:21:14.000000;5f4a0a67-e292-406d-b34a-46a55cee5258;443.05;0.6;UNKNOWN
2016-04-21T00:23:16.000000;2016-04-21T00:23:16.000000;f531eb7d-d430-416e-a878-cb374be36cc8;443.05;0.01;UNKNOWN
2016-04-21T00:24:39.000000;2016-04-21T00:24:39.000000;bb84e48e-2cdc-4a6a-b9e8-1bdb0259e031;443.04;0.4524;UNKNOWN
2016-04-21T00:26:04.000000;2016-04-21T00:26:04.000000;8dd2da10-068c-4d76-9b16-97fdcb3fc191;443.04;0.178;UNKNOWN
2016-04-21T00:26:48.000000;2016-04-21T00:26:48.000000;09098ead-7475-4ebd-a852-a4de39f6b37b;443.09;3.0;UNKNOWN
2016-04-21T00:27:01.000000;2016-04-21T00:27:01.000000;30db8e18-ad2e-4252-976b-b9de7e478407;443.04;0.01501314;UNKNOWN
2016-04-21T00:27:08.000000;2016-04-21T00:27:08.000000;6e910f40-d51e-4649-a148-9d2c05989e4b;443.09;2.12;UNKNOWN
2016-04-21T00:27:08.000000;2016-04-21T00:27:08.000000;13e476f3-59bd-4cc8-b3dc-72580037bd28;443.11;4.226;UNKNOWN
2016-04-21T00:27:08.000000;2016-04-21T00:27:08.000000;963dc1df-2dce-41f9-92b5-95f55b3418ba;443.1;0.2;UNKNOWN
2016-04-21T00:29:03.000000;2016-04-21T00:29:03.000000;7d19670e-b6d7-45e9-a015-c86afe6270d1;443.27;0.01;UNKNOWN
2016-04-21T00:29:10.000000;2016-04-21T00:29:10.000000;f93a0730-1fa3-40c5-8ecd-00b4c9407eb6;443.27;0.06153;UNKNOWN
2016-04-21T00:30:31.000000;2016-04-21T00:30:31.000000;6fb222a5-e403-439d-8e32-84cb8c472138;443.27;0.1;UNKNOWN
2016-04-21T00:33:01.000000;2016-04-21T00:33:01.000000;650ec2e2-3ebb-47bb-968d-98ba1f8cc9d4;443.27;0.22268016;UNKNOWN
2016-04-21T00:33:01.000000;2016-04-21T00:33:01.000000;788d7bb4-cd89-426b-aeff-e0a34c58d7b8;443.27;6.55647;UNKNOWN
2016-04-21T00:33:01.000000;2016-04-21T00:33:01.000000;440a2adc-05d8-4dee-8161-322f1f35608a;443.27;4.34867691;UNKNOWN
2016-04-21T00:33:01.000000;2016-04-21T00:33:01.000000;95f54f3e-4cc6-4d8d-a612-13655dbeed5e;443.27;4.34787335;UNKNOWN
2016-04-21T00:33:01.000000;2016-04-21T00:33:01.000000;1519ce60-5a67-4812-93b9-7593c60fc682;443.27;0.826;UNKNOWN
2016-04-21T00:33:01.000000;2016-04-21T00:33:01.000000;addc60af-6344-40f1-82fa-4d65d47a404d;443.27;4.34962267;UNKNOWN
2016-04-21T00:33:01.000000;2016-04-21T00:33:01.000000;4f2c0d1f-f6f4-48d2-a350-8183182cb0e9;443.27;4.34867691;UNKNOWN
2016-04-21T00:33:31.000000;2016-04-21T00:33:31.000000;6a6e439d-89a2-46a1-894c-efa8a33bd744;443.27;0.05;UNKNOWN
2016-04-21T00:34:48.000000;2016-04-21T00:34:48.000000;6aea8d52-5be5-429b-ab74-317c0a06a7c8;443.26;0.237402;UNKNOWN
2016-04-21T00:35:48.000000;2016-04-21T00:35:48.000000;fbefe09b-b2ea-4a22-abb3-c4508d88186e;443.27;0.01;UNKNOWN
2016-04-21T00:37:27.000000;2016-04-21T00:37:27.000000;738a0821-0417-4587-b19a-6cb072ae884c;443.26;0.04521066;UNKNOWN
2016-04-21T00:37:40.000000;2016-04-21T00:37:40.000000;88ac3077-4809-4e78-9c6d-48bc11a3a306;443.27;0.03384;UNKNOWN
2016-04-21T00:37:43.000000;2016-04-21T00:37:43.000000;65a2a89e-fa2d-4efa-899e-6d1c65e21ce1;443.26;0.05812793;UNKNOWN
2016-04-21T00:38:37.000000;2016-04-21T00:38:37.000000;4a1e2ca7-db3f-410f-a9df-c263c1f5687d;443.27;6.7106;UNKNOWN
2016-04-21T00:38:37.000000;2016-04-21T00:38:37.000000;ce326a8a-35b7-4368-a646-68825a8c44eb;443.27;0.5943;UNKNOWN
2016-04-21T00:38:37.000000;2016-04-21T00:38:37.000000;d0bfd7f8-7c20-4d34-b497-c6c82f13ef21;443.27;0.03575638;UNKNOWN
2016-04-21T00:38:37.000000;2016-04-21T00:38:37.000000;09139ae9-8ac0-4b93-a77a-6ce21da4815f;443.27;4.35080544;UNKNOWN
2016-04-21T00:38:37.000000;2016-04-21T00:38:37.000000;6b2cb4c4-7e39-490f-a15a-8767cb22aa2a;443.27;4.34820419;UNKNOWN
2016-04-21T00:38:37.000000;2016-04-21T00:38:37.000000;16adc672-456b-463c-ba39-5db8bca3e85c;443.27;3.96033399;UNKNOWN
2016-04-21T00:38:50.000000;2016-04-21T00:38:50.000000;d06f785d-7b44-48c7-a6e5-a32b2126b980;443.27;0.01;UNKNOWN
2016-04-21T00:39:22.000000;2016-04-21T00:39:22.000000;05695a40-e393-4292-8170-9ab7fe23200b;443.26;0.1;UNKNOWN
2016-04-21T00:40:05.000000;2016-04-21T00:40:05.000000;f61d7107-8ae3-446a-acfa-3a3ea4e86913;443.26;0.01719;UNKNOWN
2016-04-21T00:40:52.000000;2016-04-21T00:40:52.000000;6ee5a6e5-0951-41d0-868e-0a8efd7bc688;443.26;0.1;UNKNOWN
2016-04-21T00:41:42.000000;2016-04-21T00:41:42.000000;5dccec2a-94d5-44d0-9450-8c56f79b8fb5;443.26;0.1;UNKNOWN
2016-04-21T00:42:00.000000;2016-04-21T00:42:00.000000;93885dad-f4f6-4d42-885a-200284a6257b;443.27;0.01;UNKNOWN
2016-04-21T00:42:12.000000;2016-04-21T00:42:12.000000;c85b1d27-1da1-47a4-880f-1afb40be8f38;443.27;0.01;UNKNOWN
2016-04-21T00:42:19.000000;2016-04-21T00:42:19.000000;40760e77-7700-498a-be3e-2d5f94bd6c65;443.27;0.01;UNKNOWN
2016-04-21T00:42:22.000000;2016-04-21T00:42:22.000000;aec591a0-297a-4577-9c0f-ec7f465738ca;443.26;0.1;UNKNOWN
2016-04-21T00:42:29.000000;2016-04-21T00:42:29.000000;786782de-1633-4e5e-98ca-df5f9c3b954d;443.27;0.0071;UNKNOWN
2016-04-21T00:43:19.000000;2016-04-21T00:43:19.000000;2867607f-155f-4314-88fd-0bcbdad34136;443.27;0.0029;UNKNOWN
2016-04-21T00:43:19.000000;2016-04-21T00:43:19.000000;767eb7e2-1559-4732-8673-d25d65cb3e13;443.26;0.01971;UNKNOWN
2016-04-21T00:43:21.000000;2016-04-21T00:43:21.000000;5fb8a75f-a544-43dd-b028-1ec56bec4b33;443.26;0.1;UNKNOWN
2016-04-21T00:43:55.000000;2016-04-21T00:43:55.000000;2cb626d4-847f-4d68-b701-e82155c8f8ba;443.26;0.1;UNKNOWN
2016-04-21T00:43:59.000000;2016-04-21T00:43:59.000000;5009413a-4528-4f1a-abe7-976f90093dca;443.26;0.04521066;UNKNOWN
2016-04-21T00:44:40.000000;2016-04-21T00:44:40.000000;55732075-9b3f-40f6-80b1-f9c3b3ab865c;443.26;0.1;UNKNOWN
2016-04-21T00:45:25.000000;2016-04-21T00:45:25.000000;eee01554-1c4f-401e-a7fc-b8e0f4e59ed0;443.27;0.1;UNKNOWN
2016-04-21T00:45:45.000000;2016-04-21T00:45:45.000000;02e354a6-268c-4c75-9f6b-0e05266329e3;443.26;0.05;UNKNOWN
2016-04-21T00:46:11.000000;2016-04-21T00:46:11.000000;df0fc4a7-8593-4f4c-844b-f65ee112e547;443.26;0.1;UNKNOWN
2016-04-21T00:46:52.000000;2016-04-21T00:46:52.000000;430151d9-b6b9-40c9-b7f1-327cad0e5ede;443.28;2.2559;UNKNOWN
2016-04-21T00:46:56.000000;2016-04-21T00:46:56.000000;381b7362-f5f2-46bc-912f-452bc025dbea;443.26;0.1;UNKNOWN
2016-04-21T00:47:41.000000;2016-04-21T00:47:41.000000;3ea97abf-281c-4f2e-8e9f-cdb95ffc7aa4;443.26;0.1;UNKNOWN
2016-04-21T00:48:25.000000;2016-04-21T00:48:25.000000;3153bfa6-22a6-45a0-a826-32c62f6d94b8;443.26;0.1;UNKNOWN
2016-04-21T00:48:53.000000;2016-04-21T00:48:53.000000;0fada4e5-5e88-4770-bb0a-3d7bcfa5c177;443.26;0.5;UNKNOWN
2016-04-21T00:49:10.000000;2016-04-21T00:49:10.000000;ccc156eb-e836-4ee9-a108-6d079935aca5;443.26;0.077;UNKNOWN
2016-04-21T00:51:14.000000;2016-04-21T00:51:14.000000;7163c653-4adc-49b0-af3a-427c46656f54;443.28;0.25;UNKNOWN
2016-04-21T00:51:48.000000;2016-04-21T00:51:48.000000;19091c9b-a76c-42d7-9af6-489289b332a8;443.28;4.27;UNKNOWN
2016-04-21T00:51:52.000000;2016-04-21T00:51:52.000000;9c19b697-bcc2-4a77-9694-695de8528e35;443.27;1.01;UNKNOWN
2016-04-21T00:52:15.000000;2016-04-21T00:52:15.000000;56e075c3-669e-472b-bd35-54194829bdd6;443.27;0.95;UNKNOWN
2016-04-21T00:53:49.000000;2016-04-21T00:53:49.000000;cff32aad-8926-46a4-937d-70d209c628b7;443.27;0.59843567;UNKNOWN
2016-04-21T00:54:03.000000;2016-04-21T00:54:03.000000;6ad309e2-8cd2-4cc3-9c90-0b5287480f40;443.28;0.5;UNKNOWN
2016-04-21T00:54:16.000000;2016-04-21T00:54:16.000000;781c47f7-c603-46d9-bcbf-e59d116317cf;443.28;0.1;UNKNOWN
2016-04-21T00:54:23.000000;2016-04-21T00:54:23.000000;3d1f5d2b-c0b6-4e8e-a18a-ddc92809b555;443.28;0.1;UNKNOWN
2016-04-21T00:54:24.000000;2016-04-21T00:54:24.000000;5c9606b1-7b0e-442f-9b8e-b8af6e8ac60d;443.28;0.1;UNKNOWN
2016-04-21T00:54:24.000000;2016-04-21T00:54:24.000000;6bb1d2c8-c5bc-44c3-bbf5-d95388b48522;443.28;1.0;UNKNOWN
2016-04-21T00:54:25.000000;2016-04-21T00:54:25.000000;b7e440eb-5cae-4c24-a759-ca4a0cbc6ff2;443.28;0.01;UNKNOWN
2016-04-21T00:54:25.000000;2016-04-21T00:54:25.000000;4bc9785e-7b0c-47fd-9572-1383f39e3ccf;443.28;0.1;UNKNOWN
2016-04-21T00:54:29.000000;2016-04-21T00:54:29.000000;592bb665-767f-4324-a1f2-1864a7f3c237;443.28;4.98866;UNKNOWN
2016-04-21T00:54:32.000000;2016-04-21T00:54:32.000000;5d983fa1-ecab-4cdb-8a3e-2fccdee81578;443.27;0.66910271;UNKNOWN
2016-04-21T00:54:39.000000;2016-04-21T00:54:39.000000;1878b2e5-350a-464e-9e46-2baac48ff28a;443.27;0.08824296;UNKNOWN
2016-04-21T00:54:40.000000;2016-04-21T00:54:40.000000;8073a0b7-d9fa-4564-b194-73fe10ed781b;443.27;0.56154996;UNKNOWN
2016-04-21T00:54:40.000000;2016-04-21T00:54:40.000000;82c5e647-2bc7-4036-953c-b2b74b4c6bd3;443.27;1.02045004;UNKNOWN
2016-04-21T00:55:07.000000;2016-04-21T00:55:07.000000;fff9c44f-fb1a-4240-92a6-d5fdd9fd7afe;443.28;0.0289313;UNKNOWN
2016-04-21T00:56:11.000000;2016-04-21T00:56:11.000000;334c9126-482a-4831-a97d-caadd55e25c4;443.28;14.966;UNKNOWN
2016-04-21T00:57:04.000000;2016-04-21T00:57:04.000000;815637f3-4f1d-4d95-94da-7b70d492dffa;443.28;0.3;UNKNOWN
2016-04-21T00:57:42.000000;2016-04-21T00:57:42.000000;4819f1d4-d66d-475c-8563-c46ec2f52c63;443.28;3.2864087;UNKNOWN
2016-04-21T00:57:42.000000;2016-04-21T00:57:42.000000;116ecc4e-cb0c-4273-bd7f-77ce1d835751;443.29;2.77974998;UNKNOWN
2016-04-21T00:57:57.000000;2016-04-21T00:57:57.000000;dbc034b7-2a67-4bd6-9f6c-f54ee28dc1c5;443.29;0.680272;UNKNOWN
2016-04-21T00:58:17.000000;2016-04-21T00:58:17.000000;beab300d-d2c3-4b8e-8029-d898b93111c2;443.28;0.1;UNKNOWN
2016-04-21T00:58:49.000000;2016-04-21T00:58:49.000000;fe5b057b-64ca-4e22-8df7-bb5e946e2acf;443.29;2.28997802;UNKNOWN
2016-04-21T00:58:49.000000;2016-04-21T00:58:49.000000;9e2ce259-5279-49fb-8777-3e6fd1307de9;443.29;2.0;UNKNOWN
2016-04-21T00:59:01.000000;2016-04-21T00:59:01.000000;08cee624-3623-4417-b1a1-8015965f6989;443.49;3.9018;UNKNOWN
2016-04-21T00:59:02.000000;2016-04-21T00:59:02.000000;63948ef6-e1fe-4854-a464-51036f2de45e;444.07;0.4284;UNKNOWN
2016-04-21T00:59:02.000000;2016-04-21T00:59:02.000000;8be49e32-4ee1-45d7-b22b-fc090d375d3a;444.27;0.25;UNKNOWN
2016-04-21T00:59:02.000000;2016-04-21T00:59:02.000000;a39dd847-3120-4bb0-8fd7-6591048eaa35;443.5;0.00845583;UNKNOWN
2016-04-21T00:59:02.000000;2016-04-21T00:59:02.000000;8b64e1cc-66ac-4583-984d-0ffecbec9e86;443.49;0.1;UNKNOWN
2016-04-21T00:59:02.000000;2016-04-21T00:59:02.000000;42ef1e32-41ee-4d7e-9265-4b5e2edaf6e5;444.05;0.25;UNKNOWN
2016-04-21T00:59:02.000000;2016-04-21T00:59:02.000000;25d8b1cf-25c1-46a2-8b29-77db88fdd708;443.6;0.01;UNKNOWN
2016-04-21T00:59:02.000000;2016-04-21T00:59:02.000000;c5cff1a4-6aaa-4cd4-b453-7a78e50caf7b;444.28;3.32314417;UNKNOWN
2016-04-21T00:59:03.000000;2016-04-21T00:59:03.000000;ace38ad1-f24e-4a2a-b7de-16bca924f75e;443.49;0.74214;UNKNOWN
2016-04-21T00:59:08.000000;2016-04-21T00:59:08.000000;91c81023-93de-49e2-8ba3-82be9a6c2991;444.48;2.3316;UNKNOWN
2016-04-21T00:59:09.000000;2016-04-21T00:59:09.000000;132b8850-113c-44ef-8df9-736030f84840;444.48;1.9387;UNKNOWN
2016-04-21T00:59:24.000000;2016-04-21T00:59:24.000000;61a30270-8846-438d-acb1-9c849626a9ef;444.49;1.9387;UNKNOWN
2016-04-21T00:59:46.000000;2016-04-21T00:59:46.000000;8ad4a091-c966-4085-b715-5a01f1f9c786;444.49;0.1;UNKNOWN
2016-04-21T00:59:59.000000;2016-04-21T00:59:59.000000;03bb1115-04b2-4738-9334-b1107d61a42a;444.49;0.02260074;UNKNOWN
2016-04-21T01:00:30.000000;2016-04-21T01:00:30.000000;efddd1ae-dc90-421f-9bb5-6111399c2c4e;444.58;0.25;UNKNOWN
2016-04-21T01:00:31.000000;2016-04-21T01:00:31.000000;247c6f77-61d9-4544-81f5-b73f90ba7a06;444.58;0.1;UNKNOWN
2016-04-21T01:00:49.000000;2016-04-21T01:00:49.000000;44851f51-9a78-4455-a12c-46789bb124a2;444.8;0.28;UNKNOWN
2016-04-21T01:00:49.000000;2016-04-21T01:00:49.000000;2d1ade4f-8876-4c5b-ac89-b63bea12048a;444.8;0.032;UNKNOWN
2016-04-21T01:00:49.000000;2016-04-21T01:00:49.000000;1d23d968-2f11-4ec6-82f4-b9f89f381726;444.81;0.25;UNKNOWN
2016-04-21T01:00:49.000000;2016-04-21T01:00:49.000000;d05fd62d-e70b-4796-887d-c7f1a4b31c42;444.81;0.03;UNKNOWN
2016-04-21T01:00:49.000000;2016-04-21T01:00:49.000000;8a5d3e65-ed16-461f-8b24-80a9ef750acc;444.82;0.25;UNKNOWN
2016-04-21T01:01:17.000000;2016-04-21T01:01:17.000000;ffc8c0c6-2b79-4f66-81d1-05492ce4e614;444.86;0.0679;UNKNOWN
2016-04-21T01:01:17.000000;2016-04-21T01:01:17.000000;b20ed286-7002-430b-ae60-da63cb5e7d6e;444.85;0.1;UNKNOWN
2016-04-21T01:01:43.000000;2016-04-21T01:01:43.000000;8080a7a2-cc7e-4f5d-aeef-4f9d8a2e991b;444.82;0.03579742;UNKNOWN
2016-04-21T01:02:01.000000;2016-04-21T01:02:01.000000;9f7344b0-b95c-46d2-b9b0-61c939d2a976;444.82;0.1;UNKNOWN
2016-04-21T01:02:04.000000;2016-04-21T01:02:04.000000;83d26d93-156f-477c-9f64-9cbcf51dc112;444.86;0.1821;UNKNOWN
2016-04-21T01:02:04.000000;2016-04-21T01:02:04.000000;b870dba0-2fd5-4a10-b347-e43966b1663f;444.86;0.32;UNKNOWN
2016-04-21T01:02:48.000000;2016-04-21T01:02:48.000000;347cb648-c2e2-4233-a8d6-cecc88048117;444.91;0.1;UNKNOWN
2016-04-21T01:03:04.000000;2016-04-21T01:03:04.000000;e58b3c3b-fbaa-443d-b5f8-1a907faf378f;444.91;0.15411902;UNKNOWN
2016-04-21T01:03:31.000000;2016-04-21T01:03:31.000000;cb09ef95-e7e4-47b9-b02c-82aadf50cec8;444.91;0.1;UNKNOWN
2016-04-21T01:04:10.000000;2016-04-21T01:04:10.000000;fcf666ae-6aed-419e-b6e8-e49bc33ab178;444.92;0.4;UNKNOWN
2016-04-21T01:04:39.000000;2016-04-21T01:04:39.000000;1ae4b0ac-7435-480e-ae7f-76edad4859ee;444.89;0.14353365;UNKNOWN
2016-04-21T01:04:39.000000;2016-04-21T01:04:39.000000;ea8b9547-2fcd-444c-960e-267573f8d124;444.91;0.08;UNKNOWN
2016-04-21T01:04:55.000000;2016-04-21T01:04:55.000000;13940012-9673-4a36-8dac-ee91e4514f06;444.89;3.8642;UNKNOWN
2016-04-21T01:05:13.000000;2016-04-21T01:05:13.000000;6139a2d3-9c9a-4136-9f7c-ffa3c58a4c76;444.86;0.17340902;UNKNOWN
2016-04-21T01:05:13.000000;2016-04-21T01:05:13.000000;7ecf9690-68c2-4075-83bc-5c95a96a15ef;444.89;0.50226635;UNKNOWN
2016-04-21T01:05:43.000000;2016-04-21T01:05:43.000000;b330d92f-c58d-4689-aa53-f9c7fc58c07d;444.86;0.11176682;UNKNOWN
2016-04-21T01:06:12.000000;2016-04-21T01:06:12.000000;3fe094c8-58a5-4dd4-99ed-88622b99284b;444.86;1.9329;UNKNOWN
2016-04-21T01:06:45.000000;2016-04-21T01:06:45.000000;217770b0-e65d-4136-afb8-828ffe29add6;444.48;1.21;UNKNOWN
2016-04-21T01:07:04.000000;2016-04-21T01:07:04.000000;9c704606-5d1a-41b8-8931-8e9ac6cff022;444.48;0.1;UNKNOWN
2016-04-21T01:07:36.000000;2016-04-21T01:07:36.000000;c4f2c4cc-3578-4515-b041-971729517b10;444.49;0.15;UNKNOWN
2016-04-21T01:07:40.000000;2016-04-21T01:07:40.000000;d50ea8f5-1020-446e-a04a-6807ea3a111c;444.49;0.05;UNKNOWN
2016-04-21T01:07:50.000000;2016-04-21T01:07:50.000000;2275896e-0bb3-4ad4-bf26-fa36725c966a;444.49;5.355;UNKNOWN
2016-04-21T01:08:07.000000;2016-04-21T01:08:07.000000;70869fe4-066f-44b6-a245-2b6b3536eef6;444.49;0.05;UNKNOWN
2016-04-21T01:09:30.000000;2016-04-21T01:09:30.000000;37eada68-5099-49f2-b386-692798e5f5c1;444.62;0.3067;UNKNOWN
2016-04-21T01:09:42.000000;2016-04-21T01:09:42.000000;64490c09-d590-44bb-ad87-16bb3b4db141;444.62;0.308;UNKNOWN
2016-04-21T01:09:42.000000;2016-04-21T01:09:42.000000;fc975365-5f2c-4371-9e98-69f79b2bea68;444.62;0.692;UNKNOWN
2016-04-21T01:09:54.000000;2016-04-21T01:09:54.000000;f587c71a-23a9-4351-9db1-0c1e62cb4da9;444.89;8.539;UNKNOWN
2016-04-21T01:09:54.000000;2016-04-21T01:09:54.000000;ca894468-3920-4f81-bb94-996ce4e72805;444.62;6.0059;UNKNOWN
2016-04-21T01:09:54.000000;2016-04-21T01:09:54.000000;1ea5dd48-3b68-45e9-b2a5-ddcabcf01f63;444.78;10.4551;UNKNOWN
2016-04-21T01:10:29.000000;2016-04-21T01:10:29.000000;a82450ca-c029-471e-aef9-cf3a78a9d321;444.8;3.0;UNKNOWN
2016-04-21T01:10:39.000000;2016-04-21T01:10:39.000000;63ff955a-5699-4182-99eb-e34a15adc648;444.49;0.03352399;UNKNOWN
2016-04-21T01:10:49.000000;2016-04-21T01:10:49.000000;edd2fbd6-9101-4631-a8ae-2c9bf2b46e2f;444.75;4.16;UNKNOWN
2016-04-21T01:11:18.000000;2016-04-21T01:11:18.000000;c6e03bbd-8c0a-4458-8188-0916e39ba875;444.89;11.2709;UNKNOWN
2016-04-21T01:11:18.000000;2016-04-21T01:11:18.000000;942ff9f6-91ae-4914-a4f7-a6c5ff5ed24c;444.93;4.33256791;UNKNOWN
2016-04-21T01:11:18.000000;2016-04-21T01:11:18.000000;5b56470e-45d6-44ce-b8aa-62eff324d63d;444.87;6.6627;UNKNOWN
2016-04-21T01:11:18.000000;2016-04-21T01:11:18.000000;9f2002f9-f4e0-4a11-9fe0-8d7b6cd6b724;444.97;2.51193209;UNKNOWN
2016-04-21T01:11:18.000000;2016-04-21T01:11:18.000000;3c87dfcb-bbde-4a3e-9103-1ea8ab075b40;444.85;0.2219;UNKNOWN
2016-04-21T01:11:43.000000;2016-04-21T01:11:43.000000;417bf120-dcc9-485a-82f0-e8e8fa010100;444.51;0.2257;UNKNOWN
2016-04-21T01:11:44.000000;2016-04-21T01:11:44.000000;14dea8b4-5c76-4ed3-a402-638426d9bcde;444.51;0.08939732;UNKNOWN
2016-04-21T01:12:02.000000;2016-04-21T01:12:02.000000;08bb397b-3864-41d1-b8ed-5a061362e59e;444.53;0.02;UNKNOWN
2016-04-21T01:12:02.000000;2016-04-21T01:12:02.000000;2c0b2cee-6f31-4e6c-9c85-82cd72fbad4c;444.51;6.1861328;UNKNOWN
2016-04-21T01:12:11.000000;2016-04-21T01:12:11.000000;96434fd1-321d-4778-9cdb-8b8bffcbd8b0;444.8;0.20390717;UNKNOWN
2016-04-21T01:12:13.000000;2016-04-21T01:12:13.000000;e3c45ac6-3ee3-44db-8ae3-7b8e5cf06cc1;444.8;0.20390717;UNKNOWN
2016-04-21T01:12:57.000000;2016-04-21T01:12:57.000000;b716fb8f-9248-496b-985a-ec9520a2eb4b;444.8;1.0;UNKNOWN
2016-04-21T01:13:00.000000;2016-04-21T01:13:00.000000;6e2527c3-db53-4b23-8cba-1c3047f05e17;444.8;0.1;UNKNOWN
2016-04-21T01:13:02.000000;2016-04-21T01:13:02.000000;490aa701-0d0f-452e-8b52-c962a53903d9;444.8;0.1;UNKNOWN
2016-04-21T01:13:43.000000;2016-04-21T01:13:43.000000;d7b96d3c-945e-44e7-b43b-1f616ed45437;444.81;0.02235286;UNKNOWN
2016-04-21T01:14:32.000000;2016-04-21T01:14:32.000000;cc95fda5-4717-4cd0-bd94-a50a4e264e3e;444.91;0.227672;UNKNOWN
2016-04-21T01:14:36.000000;2016-04-21T01:14:36.000000;613d1fa5-32d8-4fba-8c07-90b4fcfe1640;445.0;0.3;UNKNOWN
2016-04-21T01:15:56.000000;2016-04-21T01:15:56.000000;2fd77ec2-4e2a-4179-bd3c-bcbb7153ac36;445.0;0.1;UNKNOWN
2016-04-21T01:17:31.000000;2016-04-21T01:17:31.000000;49861a92-3f2a-4eca-8a1d-a3998e801380;445.0;3.0;UNKNOWN
2016-04-21T01:17:59.000000;2016-04-21T01:17:59.000000;8aa69372-9a98-4b87-b719-9d0e1bd2041e;445.0;4.0;UNKNOWN
2016-04-21T01:18:01.000000;2016-04-21T01:18:01.000000;183ea531-c065-42a5-8d72-4d758ee63697;445.0;9.79049942;UNKNOWN
2016-04-21T01:18:01.000000;2016-04-21T01:18:01.000000;211ddcb1-5332-44b4-b598-0f83f5c159f8;445.0;10.6;UNKNOWN
2016-04-21T01:18:01.000000;2016-04-21T01:18:01.000000;f8d0a08b-fc8c-4a5d-973a-56a9c0bd3489;445.0;0.1596;UNKNOWN
2016-04-21T01:18:47.000000;2016-04-21T01:18:47.000000;cef0efb8-99e2-4416-8c4c-0124c0ba7972;444.95;0.682;UNKNOWN
2016-04-21T01:18:54.000000;2016-04-21T01:18:54.000000;db1f4b7d-0a74-4aad-bafc-b8a52646a6f6;445.0;0.02;UNKNOWN
2016-04-21T01:19:06.000000;2016-04-21T01:19:06.000000;1f925b33-84f2-46f5-9ebc-1ef569d0b810;444.95;5.088;UNKNOWN
2016-04-21T01:19:11.000000;2016-04-21T01:19:11.000000;52de8515-ae54-43cf-afab-f4c62d487d01;444.38;5.05571031;UNKNOWN
2016-04-21T01:19:11.000000;2016-04-21T01:19:11.000000;8223cf7a-ffbf-4b88-8d15-ee8c79fa54ab;444.82;6.6618;UNKNOWN
2016-04-21T01:19:11.000000;2016-04-21T01:19:11.000000;796bdd31-4e7c-4ea8-a5a1-5606f5d1f8f9;444.48;11.8123;UNKNOWN
2016-04-21T01:19:11.000000;2016-04-21T01:19:11.000000;1873bb21-619c-40b9-855a-405ce41b08a9;444.8;1.0;UNKNOWN
2016-04-21T01:19:11.000000;2016-04-21T01:19:11.000000;fec87e07-51c1-4199-a0c8-0fe43d97f10e;444.8;1.0;UNKNOWN
2016-04-21T01:19:11.000000;2016-04-21T01:19:11.000000;27b308e6-5d9d-42ca-8ee6-9abd9c7e96f3;444.8;0.15392756;UNKNOWN
2016-04-21T01:19:11.000000;2016-04-21T01:19:11.000000;ad373e28-b280-431c-8bdb-1cfbb796f605;444.65;9.825;UNKNOWN
2016-04-21T01:19:11.000000;2016-04-21T01:19:11.000000;ba24dfcb-504c-4b0b-b707-4e7b639852f6;444.49;1.96995586;UNKNOWN
2016-04-21T01:19:11.000000;2016-04-21T01:19:11.000000;adc3913d-7718-4c45-a3aa-7392fef26a26;444.51;10.7436;UNKNOWN
2016-04-21T01:19:11.000000;2016-04-21T01:19:11.000000;84168386-3f5c-47a2-bb3b-e6d67b90d293;444.9;1.5;UNKNOWN
2016-04-21T01:19:11.000000;2016-04-21T01:19:11.000000;eea8cade-645c-43c0-b354-f23b240603d8;444.65;1.96756214;UNKNOWN
2016-04-21T01:19:20.000000;2016-04-21T01:19:20.000000;7b00102a-3e47-4430-a765-be1d17573b18;444.17;1.0;UNKNOWN
2016-04-21T01:19:35.000000;2016-04-21T01:19:35.000000;24fc8deb-7fee-4ec1-b70e-cd6207f1f95d;444.4;12.0;UNKNOWN
2016-04-21T01:19:55.000000;2016-04-21T01:19:55.000000;d40f9d8c-650d-4c91-ae1b-85b3c6e5b420;444.93;5.0;UNKNOWN
2016-04-21T01:20:31.000000;2016-04-21T01:20:31.000000;822e244d-66c4-4672-b5ea-ab2aa397019b;444.41;6.7398;UNKNOWN
2016-04-21T01:20:31.000000;2016-04-21T01:20:31.000000;b40afca1-2bd8-4fed-b58d-217ff16eb17d;444.39;11.1019;UNKNOWN
2016-04-21T01:20:31.000000;2016-04-21T01:20:31.000000;5a28d900-3753-48f1-a374-bf476d67e7f8;444.25;7.1583;UNKNOWN
2016-04-21T01:20:35.000000;2016-04-21T01:20:35.000000;a75251ad-50eb-49b1-8eb2-ceeddf89eaac;444.87;1.5;UNKNOWN
2016-04-21T01:22:39.000000;2016-04-21T01:22:39.000000;b3e79095-6f9a-4e57-9a1f-671e62650dbf;444.28;0.022;UNKNOWN
2016-04-21T01:22:48.000000;2016-04-21T01:22:48.000000;a8a776f7-a51d-43cf-9bfb-9a19c9748088;444.95;0.1;UNKNOWN
2016-04-21T01:22:49.000000;2016-04-21T01:22:49.000000;128db3a0-4a3f-4321-93e8-30318b995e74;444.95;0.1;UNKNOWN
2016-04-21T01:23:04.000000;2016-04-21T01:23:04.000000;64675d0e-e648-48aa-af52-c7773b96acaa;444.94;0.1;UNKNOWN
2016-04-21T01:23:04.000000;2016-04-21T01:23:04.000000;58a341f2-be60-4730-b9e2-d47b10aba3ea;444.94;0.0011069;UNKNOWN
2016-04-21T01:23:04.000000;2016-04-21T01:23:04.000000;f7c88980-ea09-415d-b115-59be5ad779a0;444.55;0.61954873;UNKNOWN
2016-04-21T01:24:10.000000;2016-04-21T01:24:10.000000;ad188f96-f39c-43b4-88cc-3290b8f6b252;444.9;1.3946;UNKNOWN
2016-04-21T01:24:15.000000;2016-04-21T01:24:15.000000;0ef78629-61b4-46ff-acb3-12462065a2c5;444.9;5.0;UNKNOWN
2016-04-21T01:24:23.000000;2016-04-21T01:24:23.000000;c3629a25-ac66-4c3b-b927-ba8d1338fa03;444.53;0.23396065;UNKNOWN
2016-04-21T01:25:19.000000;2016-04-21T01:25:19.000000;8484c84c-1149-4a35-b6b8-58a2c76087bc;444.89;4.16;UNKNOWN
2016-04-21T01:26:13.000000;2016-04-21T01:26:13.000000;c41804a6-7c8d-434c-b847-dfde321eab89;444.88;0.01771912;UNKNOWN
2016-04-21T01:26:18.000000;2016-04-21T01:26:18.000000;5cada89e-c868-473a-b447-f55fca5eabb0;444.88;0.02516454;UNKNOWN
2016-04-21T01:26:21.000000;2016-04-21T01:26:21.000000;72dde3fe-0c90-42fb-98a3-daba6cbc116c;444.88;0.03568313;UNKNOWN
2016-04-21T01:26:22.000000;2016-04-21T01:26:22.000000;9cdc7df2-015d-47e5-8f2d-559622fc7972;444.88;0.02538593;UNKNOWN
2016-04-21T01:26:22.000000;2016-04-21T01:26:22.000000;42d246c4-f29a-42c1-8b13-a379901da90b;444.88;0.04541851;UNKNOWN
2016-04-21T01:26:25.000000;2016-04-21T01:26:25.000000;53136492-f203-4b2d-90cd-21565ab6434e;444.88;0.03326864;UNKNOWN
2016-04-21T01:26:25.000000;2016-04-21T01:26:25.000000;65ff6514-1e35-4fc2-a0ef-7bc66594a19b;444.88;0.20387051;UNKNOWN
2016-04-21T01:26:37.000000;2016-04-21T01:26:37.000000;b1d6ba03-c880-49ef-98ef-7c4f5b1a892b;444.89;0.02798163;UNKNOWN
2016-04-21T01:26:40.000000;2016-04-21T01:26:40.000000;5bd22cab-cf51-4434-a1e6-74644be9c226;444.89;0.02968439;UNKNOWN
2016-04-21T01:26:43.000000;2016-04-21T01:26:43.000000;4fa73d2b-167c-4bf6-9772-c44ba361fe42;444.89;0.1155;UNKNOWN
2016-04-21T01:26:43.000000;2016-04-21T01:26:43.000000;18dcc0e9-b630-4080-8f10-970497fa4e64;444.89;9.94233398;UNKNOWN
2016-04-21T01:26:44.000000;2016-04-21T01:26:44.000000;84a34ce2-d33c-4014-8df8-b843ad4926c2;444.89;0.1155;UNKNOWN
2016-04-21T01:26:48.000000;2016-04-21T01:26:48.000000;bfecef2f-5165-4b48-bddf-c7722e9df473;444.9;0.04064835;UNKNOWN
2016-04-21T01:26:51.000000;2016-04-21T01:26:51.000000;fc3fff55-e29a-419c-9f4e-b10e36f81b7f;444.9;0.08873585;UNKNOWN
2016-04-21T01:27:40.000000;2016-04-21T01:27:40.000000;e570e045-d1eb-4ebd-8d32-a0416e4f456d;444.9;4.8706158;UNKNOWN
2016-04-21T01:28:15.000000;2016-04-21T01:28:15.000000;b455380e-715c-4247-bf5c-9eabc2395e5c;444.91;0.01;UNKNOWN
2016-04-21T01:28:28.000000;2016-04-21T01:28:28.000000;4bab1792-4c07-454f-b2d6-ea002f82dcf5;444.9;2.72017584;UNKNOWN
2016-04-21T01:28:45.000000;2016-04-21T01:28:45.000000;8235c099-6391-49b3-be66-e9217225c330;444.9;2.40920836;UNKNOWN
2016-04-21T01:28:45.000000;2016-04-21T01:28:45.000000;fdd8ee94-b5df-4b99-87f7-8a091d799825;444.9;4.59079164;UNKNOWN
2016-04-21T01:28:58.000000;2016-04-21T01:28:58.000000;dbbb2a23-69a3-411f-9c33-b7dac25a6e79;444.91;3.17;UNKNOWN
2016-04-21T01:28:58.000000;2016-04-21T01:28:58.000000;6359852c-d85e-45f0-9d14-2a828800d514;444.91;0.99;UNKNOWN
2016-04-21T01:29:25.000000;2016-04-21T01:29:25.000000;22ad8c73-0c3f-4908-a4b7-db95f01ef4e8;444.91;0.02;UNKNOWN
2016-04-21T01:29:47.000000;2016-04-21T01:29:47.000000;d70546d7-4334-4bde-8fbf-3959ff44051d;444.91;0.17459549;UNKNOWN
2016-04-21T01:29:58.000000;2016-04-21T01:29:58.000000;f224736f-ca2a-4655-a614-9105f95a2a58;444.91;0.20385676;UNKNOWN
2016-04-21T01:30:07.000000;2016-04-21T01:30:07.000000;243942a0-d631-4f50-9bbf-cba28dfccd83;444.9;1.11486436;UNKNOWN
2016-04-21T01:30:51.000000;2016-04-21T01:30:51.000000;0769f86b-5bdc-4e31-bec0-bb3883f06ead;444.91;0.07046431;UNKNOWN
2016-04-21T01:31:07.000000;2016-04-21T01:31:07.000000;b0eda4d6-8117-4488-9b6d-bce3c0d22a01;444.91;0.2;UNKNOWN
2016-04-21T01:33:40.000000;2016-04-21T01:33:40.000000;279e2b3c-5eec-4f40-b520-6236cd2e4a8a;444.9;0.025;UNKNOWN
2016-04-21T01:33:50.000000;2016-04-21T01:33:50.000000;82760636-e23b-44a4-adad-418615c62c2b;444.91;4.4952;UNKNOWN
2016-04-21T01:34:27.000000;2016-04-21T01:34:27.000000;0fdb8e86-f1eb-4a70-9b26-83451b4448f5;444.91;1.0;UNKNOWN
2016-04-21T01:34:41.000000;2016-04-21T01:34:41.000000;2988c453-a26a-43f3-87cd-c62a7ac9cd43;444.91;0.33411656;UNKNOWN
2016-04-21T01:34:41.000000;2016-04-21T01:34:41.000000;52ffe3aa-8f4c-4abd-a50d-da39f1e867ac;444.91;0.66588344;UNKNOWN
2016-04-21T01:34:41.000000;2016-04-21T01:34:41.000000;a2fdcd2a-6c01-4ebe-b6f7-41b8571b3b86;444.91;4.4953;UNKNOWN
2016-04-21T01:35:19.000000;2016-04-21T01:35:19.000000;267d3388-813b-41cd-b07f-d90581d68016;444.91;3.67;UNKNOWN
2016-04-21T01:35:43.000000;2016-04-21T01:35:43.000000;26910123-487f-4454-ad99-bfbfde4bb753;444.9;0.06908342;UNKNOWN
2016-04-21T01:37:29.000000;2016-04-21T01:37:29.000000;f3db0c10-f096-40c2-9ed3-926576c72e7f;444.89;3.57;UNKNOWN
2016-04-21T01:37:45.000000;2016-04-21T01:37:45.000000;546b6649-ed04-4740-8b96-2167ed9f168a;444.89;1.47;UNKNOWN
2016-04-21T01:39:58.000000;2016-04-21T01:39:58.000000;e2810128-1944-46ba-88c4-4d0c2d5d6701;444.91;0.04087;UNKNOWN
2016-04-21T01:43:35.000000;2016-04-21T01:43:35.000000;4949b922-8918-4ce5-bc74-7f3739cd5cea;444.89;1.25;UNKNOWN
2016-04-21T01:43:39.000000;2016-04-21T01:43:39.000000;4cd8a655-dc5b-497a-aea9-0e6d00fa102c;444.89;1.34;UNKNOWN
2016-04-21T01:44:50.000000;2016-04-21T01:44:50.000000;3f711bd8-4346-4a78-a5ee-592922616dab;444.89;0.73;UNKNOWN
2016-04-21T01:46:04.000000;2016-04-21T01:46:04.000000;38ecf1d4-1861-43d1-b276-5488966f28f3;444.89;1.55418439;UNKNOWN
2016-04-21T01:46:04.000000;2016-04-21T01:46:04.000000;ae506dec-961c-47b0-8a4c-e66d6aba5272;444.87;0.31316171;UNKNOWN
2016-04-21T01:46:04.000000;2016-04-21T01:46:04.000000;fd3ecf00-70e3-44ce-834a-c2b0913d3d34;444.89;0.03607706;UNKNOWN
2016-04-21T01:46:04.000000;2016-04-21T01:46:04.000000;4edcef3a-072f-41f2-adce-c30e53cfa112;444.88;0.09657684;UNKNOWN
2016-04-21T01:46:05.000000;2016-04-21T01:46:05.000000;6d2c96ce-f873-453f-ab6b-d9c873330c44;444.87;3.91;UNKNOWN
2016-04-21T01:46:44.000000;2016-04-21T01:46:44.000000;48e3dbe3-21ce-41dd-bdd2-534286366741;444.89;10.0;UNKNOWN
2016-04-21T01:47:03.000000;2016-04-21T01:47:03.000000;2a515b21-e712-4271-8ba1-5c4d97c25a0f;444.87;5.16;UNKNOWN
2016-04-21T01:48:39.000000;2016-04-21T01:48:39.000000;d731dd50-8e15-4851-bfe6-9a3a3a69652f;444.86;0.12251499;UNKNOWN
2016-04-21T01:49:06.000000;2016-04-21T01:49:06.000000;ce2d88d2-76af-4edc-8352-5c00d70ea30e;444.79;1.50251499;UNKNOWN
2016-04-21T01:49:06.000000;2016-04-21T01:49:06.000000;ae11bd4e-a9dd-47d7-b657-f2b2bff3a1ff;444.86;8.49748501;UNKNOWN
2016-04-21T01:49:12.000000;2016-04-21T01:49:12.000000;7414dc42-6641-408a-8126-0c90526db68d;444.72;0.15315994;UNKNOWN
2016-04-21T01:50:04.000000;2016-04-21T01:50:04.000000;0460f337-13ac-49df-8d50-3807fd2678de;444.77;0.45981646;UNKNOWN
2016-04-21T01:50:19.000000;2016-04-21T01:50:19.000000;5190b9c4-4343-4102-9365-f877fc863fe3;444.89;0.901957;UNKNOWN
2016-04-21T01:50:27.000000;2016-04-21T01:50:27.000000;f58fb5d2-1f4f-4346-91c8-9616b233944c;444.89;8.7;UNKNOWN
2016-04-21T01:50:29.000000;2016-04-21T01:50:29.000000;5f0e4b89-e069-4c0d-98ca-6e1e8689bcb0;444.87;0.2;UNKNOWN
2016-04-21T01:50:37.000000;2016-04-21T01:50:37.000000;a3a68f40-9033-4f25-8ca8-7991f0f94cc0;444.87;0.0256;UNKNOWN
2016-04-21T01:50:40.000000;2016-04-21T01:50:40.000000;1671936d-def6-41bf-9032-988ec34a8d23;444.94;0.901957;UNKNOWN
2016-04-21T01:50:40.000000;2016-04-21T01:50:40.000000;76be02ce-b441-4cf8-a636-d707cee4f0f9;444.89;0.398043;UNKNOWN
2016-04-21T01:50:40.000000;2016-04-21T01:50:40.000000;297a0237-a11d-4b35-a767-ca2218efab10;444.94;6.90720056;UNKNOWN
2016-04-21T01:50:40.000000;2016-04-21T01:50:40.000000;8b0d5476-bb1e-4c93-a5f0-cfe22b553c85;444.89;9.548843;UNKNOWN
2016-04-21T01:50:40.000000;2016-04-21T01:50:40.000000;231e2ee4-9815-4fc3-8b12-4ee3f89c371c;444.91;1.45971344;UNKNOWN
2016-04-21T01:50:40.000000;2016-04-21T01:50:40.000000;8476304e-c618-4b8d-9b1e-d0b93706004f;444.9;5.515386;UNKNOWN
2016-04-21T01:50:40.000000;2016-04-21T01:50:40.000000;ebb8e303-f40f-426d-b583-8fc5125f77cf;444.89;0.4508;UNKNOWN
2016-04-21T01:50:40.000000;2016-04-21T01:50:40.000000;8ec57886-16d8-4343-8d15-561590ffbc6a;444.9;4.484614;UNKNOWN
2016-04-21T01:50:40.000000;2016-04-21T01:50:40.000000;3e284f2a-db93-485c-8a17-76e43267928a;444.94;1.0;UNKNOWN
2016-04-21T01:50:45.000000;2016-04-21T01:50:45.000000;8de59e3f-c049-4f5f-939f-b204e122554c;444.94;2.19084244;UNKNOWN
2016-04-21T01:50:47.000000;2016-04-21T01:50:47.000000;a0350501-8b8b-4648-82af-e14523939473;444.95;2.48038;UNKNOWN
2016-04-21T01:50:47.000000;2016-04-21T01:50:47.000000;1b3099ff-d056-4070-9867-44b4cbe7ef04;444.95;14.8823;UNKNOWN
2016-04-21T01:50:48.000000;2016-04-21T01:50:48.000000;4f17a6d9-e598-4d63-aa89-89e2212841bc;444.94;2.19084244;UNKNOWN
2016-04-21T01:50:48.000000;2016-04-21T01:50:48.000000;ef968257-45bd-4751-8ff1-7c9998e14cc0;444.95;16.55995756;UNKNOWN
2016-04-21T01:50:50.000000;2016-04-21T01:50:50.000000;83183f72-dd5f-4c1f-8db0-ada3ca3dfdb0;444.95;18.8894;UNKNOWN
2016-04-21T01:50:52.000000;2016-04-21T01:50:52.000000;92e753b6-7fbd-4147-b15e-3039c95b2be9;444.94;0.4508;UNKNOWN
2016-04-21T01:50:53.000000;2016-04-21T01:50:53.000000;99e42153-36c0-4e4d-a40e-f1cf15a601c2;445.0;0.18950058;UNKNOWN
2016-04-21T01:50:53.000000;2016-04-21T01:50:53.000000;9661ffdb-dffc-4664-a20d-fd31884cb881;444.95;1.7724;UNKNOWN
2016-04-21T01:50:53.000000;2016-04-21T01:50:53.000000;b9af2541-395d-437b-a22f-4150f5d60aa8;444.95;9.81475144;UNKNOWN
2016-04-21T01:50:55.000000;2016-04-21T01:50:55.000000;b6981243-58fa-483b-a382-4c8279fb160d;445.57;15.1588;UNKNOWN
2016-04-21T01:50:56.000000;2016-04-21T01:50:56.000000;0d4c7a7a-2294-404c-8f66-1f584197d074;445.56;3.67;UNKNOWN
2016-04-21T01:50:58.000000;2016-04-21T01:50:58.000000;bef12afd-b145-4500-a2fc-8cdc3ef87808;445.57;14.9163;UNKNOWN
2016-04-21T01:50:58.000000;2016-04-21T01:50:58.000000;29773355-6d9c-499a-8ff2-9a2bca545424;445.58;0.25;UNKNOWN
2016-04-21T01:50:58.000000;2016-04-21T01:50:58.000000;50f6a595-5870-46be-8381-b79cef0d427a;445.58;1.48032016;UNKNOWN
2016-04-21T01:50:58.000000;2016-04-21T01:50:58.000000;2285cca3-527e-4c30-a2a6-dcccbb3c3ae6;445.57;13.18597984;UNKNOWN
2016-04-21T01:51:02.000000;2016-04-21T01:51:02.000000;e0ce6315-0d93-4203-988a-6c33873bbe69;445.55;0.4508;UNKNOWN
2016-04-21T01:51:03.000000;2016-04-21T01:51:03.000000;f2d21e50-2b01-4ac4-a552-45b15b781022;445.58;10.54633186;UNKNOWN
2016-04-21T01:51:03.000000;2016-04-21T01:51:03.000000;4fdfd46c-3442-416d-ad48-4254701d649c;445.57;1.7724;UNKNOWN
2016-04-21T01:51:06.000000;2016-04-21T01:51:06.000000;0707ea05-c295-4280-bdee-a5daf5c0e8b3;445.74;0.01824956;UNKNOWN
2016-04-21T01:51:06.000000;2016-04-21T01:51:06.000000;df335d31-19b1-4c99-b43d-e714e5da293e;445.74;0.0184339;UNKNOWN
2016-04-21T01:51:15.000000;2016-04-21T01:51:15.000000;670f4e8a-b73d-41e2-8b29-8ec4041ba7a1;445.9;0.25;UNKNOWN
2016-04-21T01:51:18.000000;2016-04-21T01:51:18.000000;6e339d32-a3d0-486a-a363-ac1850a5d10b;445.91;0.25;UNKNOWN
2016-04-21T01:51:20.000000;2016-04-21T01:51:20.000000;1b91dbfb-5f55-47dd-9b63-9fc6e16d086c;446.08;1.5;UNKNOWN
2016-04-21T01:51:20.000000;2016-04-21T01:51:20.000000;c98f4416-fe3d-4ac8-9a7e-527b2d1c14fe;446.0;0.25;UNKNOWN
2016-04-21T01:51:20.000000;2016-04-21T01:51:20.000000;1f044a90-c827-40ca-92d6-17e8e2369b5a;446.0;1.0;UNKNOWN
2016-04-21T01:51:29.000000;2016-04-21T01:51:29.000000;84feaffe-539b-49c1-9040-373859f10d04;446.08;0.29;UNKNOWN
2016-04-21T01:51:40.000000;2016-04-21T01:51:40.000000;273e6fba-d85e-49a6-b517-af87ebe640c5;446.09;4.5;UNKNOWN
2016-04-21T01:51:40.000000;2016-04-21T01:51:40.000000;cf2c9a6a-e2a5-4061-b061-100fd8996292;446.64;3.77902204;UNKNOWN
2016-04-21T01:51:40.000000;2016-04-21T01:51:40.000000;c87e4b34-265c-4932-a5b0-26811a8440d8;446.21;6.6843;UNKNOWN
2016-04-21T01:51:40.000000;2016-04-21T01:51:40.000000;b160d306-2462-4922-98eb-71b8c52a2947;446.38;0.0116;UNKNOWN
2016-04-21T01:51:40.000000;2016-04-21T01:51:40.000000;9cd4266c-3e0c-4dfe-8370-73c3e73d1e41;446.42;0.0294;UNKNOWN
2016-04-21T01:51:40.000000;2016-04-21T01:51:40.000000;8049f252-b2cd-4dd7-bbc0-2d92d4d550f9;446.64;0.1;UNKNOWN
2016-04-21T01:51:40.000000;2016-04-21T01:51:40.000000;5b67d343-b329-4d62-9c8c-3671568abee0;446.41;0.0216;UNKNOWN
2016-04-21T01:51:40.000000;2016-04-21T01:51:40.000000;aab89e6f-be09-4ef0-ac10-61f688d416e1;446.22;0.17639449;UNKNOWN
2016-04-21T01:51:40.000000;2016-04-21T01:51:40.000000;04706689-34b9-4953-a2b5-1c9326a873de;446.6;1.0;UNKNOWN
2016-04-21T01:51:40.000000;2016-04-21T01:51:40.000000;26d4c4fa-8613-42b9-8bb1-dc0700dad1b7;446.42;28.45548898;UNKNOWN
2016-04-21T01:51:40.000000;2016-04-21T01:51:40.000000;3f3178f3-d6d2-46e5-b1c6-174d97d4c510;446.39;0.5;UNKNOWN
2016-04-21T01:51:40.000000;2016-04-21T01:51:40.000000;6a584500-997c-48d9-a4f0-804552ee787d;446.22;4.67639449;UNKNOWN
2016-04-21T01:51:40.000000;2016-04-21T01:51:40.000000;f8d3c29a-e5dc-498a-a0f1-b864f5e447c3;446.39;0.05;UNKNOWN
2016-04-21T01:51:40.000000;2016-04-21T01:51:40.000000;79e689be-05d1-4a52-8e87-3428352fcddb;446.41;0.0158;UNKNOWN
2016-04-21T01:51:43.000000;2016-04-21T01:51:43.000000;64382f59-48bd-48aa-8ec4-3c7db79147eb;446.12;0.17046344;UNKNOWN
2016-04-21T01:51:48.000000;2016-04-21T01:51:48.000000;b7ab5c8a-9732-4599-b370-1e1d9a859c77;446.64;0.03990252;UNKNOWN
2016-04-21T01:51:53.000000;2016-04-21T01:51:53.000000;1343a7b9-76a8-4960-9e98-232207f4b064;446.62;1.77462037;UNKNOWN
2016-04-21T01:51:56.000000;2016-04-21T01:51:56.000000;c9744247-9818-43cc-80f2-13237af81233;446.62;2.96;UNKNOWN
2016-04-21T01:51:57.000000;2016-04-21T01:51:57.000000;5f4f6cc4-1654-431d-a110-8bdd08aad477;446.62;1.9302;UNKNOWN
2016-04-21T01:51:59.000000;2016-04-21T01:51:59.000000;dfce4b9f-801f-4cf9-820c-951c7d78ac1a;446.62;2.19;UNKNOWN
2016-04-21T01:52:07.000000;2016-04-21T01:52:07.000000;f2cc39bf-d062-49e0-9121-83c9adc11b50;446.64;0.01;UNKNOWN
2016-04-21T01:52:09.000000;2016-04-21T01:52:09.000000;da79ccb0-ce3a-4b52-be06-a457a9be1a35;446.64;0.01;UNKNOWN
2016-04-21T01:52:11.000000;2016-04-21T01:52:11.000000;c55831af-5f08-40b6-b51c-432ca4cb2e62;446.64;0.01;UNKNOWN
2016-04-21T01:52:14.000000;2016-04-21T01:52:14.000000;dff11c57-3b27-4092-a890-576ce874253c;446.62;1.16577963;UNKNOWN
2016-04-21T01:52:14.000000;2016-04-21T01:52:14.000000;d95b5cb5-457e-45ad-97d9-8c9c9f66fd86;446.62;0.76442037;UNKNOWN
2016-04-21T01:52:16.000000;2016-04-21T01:52:16.000000;d66928b3-4727-4c6a-8f1b-0f5f096b1a92;446.65;3.38;UNKNOWN
2016-04-21T01:52:16.000000;2016-04-21T01:52:16.000000;6faa31a4-1c26-4b56-9a43-72c8567c8e07;446.64;0.34;UNKNOWN
2016-04-21T01:52:16.000000;2016-04-21T01:52:16.000000;a602ee2c-0fe9-4c25-8059-6870d17ee4f9;446.64;0.28;UNKNOWN
2016-04-21T01:52:23.000000;2016-04-21T01:52:23.000000;686b2212-6e6e-48ee-8f4a-0f01995c1ccf;446.65;0.01;UNKNOWN
2016-04-21T01:52:25.000000;2016-04-21T01:52:25.000000;869e482e-9e80-4f62-8228-8dfd2c27513d;446.65;0.01;UNKNOWN
2016-04-21T01:52:27.000000;2016-04-21T01:52:27.000000;78d425d2-b3a5-4c24-b35f-e4c05be3ef4b;446.65;0.01;UNKNOWN
2016-04-21T01:52:28.000000;2016-04-21T01:52:28.000000;f20c2bb4-0226-453c-8bf1-52f3368b2a06;446.65;0.01;UNKNOWN
2016-04-21T01:52:30.000000;2016-04-21T01:52:30.000000;a5e1ee3f-3140-44f6-bd19-95c21f58ae0f;446.62;1.9302;UNKNOWN
2016-04-21T01:52:30.000000;2016-04-21T01:52:30.000000;7a9e5772-a631-4ee2-8530-e3afc3502aa9;446.65;0.01;UNKNOWN
2016-04-21T01:52:32.000000;2016-04-21T01:52:32.000000;5a64d154-7eb0-4b42-b070-7edcc9a9e48a;446.65;0.01;UNKNOWN
2016-04-21T01:52:34.000000;2016-04-21T01:52:34.000000;802f15df-e0ee-4ac0-90aa-e3c44d1fba83;446.65;0.5;UNKNOWN
2016-04-21T01:52:44.000000;2016-04-21T01:52:44.000000;d4550b2e-b118-4188-8e4e-97e5b7222f60;446.62;1.9302;UNKNOWN
2016-04-21T01:52:56.000000;2016-04-21T01:52:56.000000;79c40e87-a215-4d0c-a3ce-ebe1a74c6ba0;446.65;10.0;UNKNOWN
2016-04-21T01:52:57.000000;2016-04-21T01:52:57.000000;0297b4ed-5469-4462-be85-250852abe3c4;446.62;0.05;UNKNOWN
2016-04-21T01:52:58.000000;2016-04-21T01:52:58.000000;b132930b-8c7a-4ddc-bb2e-34624a3fcb11;446.62;1.9302;UNKNOWN
2016-04-21T01:53:04.000000;2016-04-21T01:53:04.000000;357aea6b-ec61-4ad5-a4b9-dcae82ac3424;446.62;0.015;UNKNOWN
2016-04-21T01:53:05.000000;2016-04-21T01:53:05.000000;236bdb4c-496a-4859-b6b6-b81c2f2f071f;446.62;0.015;UNKNOWN
2016-04-21T01:53:12.000000;2016-04-21T01:53:12.000000;b58d8f58-d798-4d1b-bc59-57608b118240;446.65;3.42;UNKNOWN
2016-04-21T01:53:15.000000;2016-04-21T01:53:15.000000;c0ec1798-0efa-4e6b-9402-2646c9138038;446.62;1.9302;UNKNOWN
2016-04-21T01:53:17.000000;2016-04-21T01:53:17.000000;d15afcdf-4d1c-4e49-bfe0-0a5ba243f3a9;446.65;2.0;UNKNOWN
2016-04-21T01:53:20.000000;2016-04-21T01:53:20.000000;761c47d7-43a5-47c3-8a35-a750598d3651;446.65;60.04819911;UNKNOWN
2016-04-21T01:53:25.000000;2016-04-21T01:53:25.000000;bd1f1b18-a5cb-4ccd-a2b5-d0e2a19ea798;446.65;9.91281;UNKNOWN
2016-04-21T01:53:29.000000;2016-04-21T01:53:29.000000;2e0fdd7d-7a8d-4756-9935-388d272421c8;446.64;1.5111;UNKNOWN
2016-04-21T01:53:40.000000;2016-04-21T01:53:40.000000;df49b4dd-9d5d-4b13-ac31-6035126259d3;446.65;2.0;UNKNOWN
2016-04-21T01:53:47.000000;2016-04-21T01:53:47.000000;219c3ce8-325f-4c14-a86b-ea5063fdb7d8;446.65;2.0;UNKNOWN
2016-04-21T01:53:54.000000;2016-04-21T01:53:54.000000;1ff15899-74cf-4a36-972e-cb06bb2f2ee8;446.64;4.29987315;UNKNOWN
2016-04-21T01:53:54.000000;2016-04-21T01:53:54.000000;db29f194-5797-44bc-8125-c48a6841ee19;446.64;4.29987315;UNKNOWN
2016-04-21T01:53:54.000000;2016-04-21T01:53:54.000000;a8984f87-2ef4-4d2c-b73f-30267ab18151;446.64;0.3624537;UNKNOWN
2016-04-21T01:53:54.000000;2016-04-21T01:53:54.000000;51d3b398-0de6-4a5e-9d32-11357af77adc;446.64;11.0378;UNKNOWN
2016-04-21T01:54:00.000000;2016-04-21T01:54:00.000000;bde070bf-1bb4-4986-84cd-a47461c43330;446.65;1.0;UNKNOWN
2016-04-21T01:54:03.000000;2016-04-21T01:54:03.000000;af6db30d-625f-47ca-87fd-7fa343b5d88b;446.65;0.05;UNKNOWN
2016-04-21T01:54:04.000000;2016-04-21T01:54:04.000000;ebcc3eeb-48c2-44f2-b3c5-c9e78e9903fb;446.65;3.39834827;UNKNOWN
2016-04-21T01:54:09.000000;2016-04-21T01:54:09.000000;b0ca4c9e-4eb6-44bc-be4a-1958173612a2;446.64;0.11217633;UNKNOWN
2016-04-21T01:54:17.000000;2016-04-21T01:54:17.000000;4ce1e50c-f41a-47a4-8afc-997d7531a8a8;446.64;4.2977018;UNKNOWN
2016-04-21T01:54:17.000000;2016-04-21T01:54:17.000000;65267c3d-6dd2-4b33-b629-491662794ff0;446.64;3.82081036;UNKNOWN
2016-04-21T01:54:17.000000;2016-04-21T01:54:17.000000;4fad8508-096d-4820-9d4d-2548332bd26a;446.64;11.88148784;UNKNOWN
2016-04-21T01:54:28.000000;2016-04-21T01:54:28.000000;73a38ea9-7c1f-45f5-be52-ca6cbb580f46;446.65;27.23064262;UNKNOWN
2016-04-21T01:54:28.000000;2016-04-21T01:54:28.000000;393d86d7-fff2-4236-9b55-634d5c2ee921;446.68;12.0;UNKNOWN
2016-04-21T01:54:28.000000;2016-04-21T01:54:28.000000;03786009-202f-4039-b92f-db8efb4755a1;446.7;1.0;UNKNOWN
2016-04-21T01:54:28.000000;2016-04-21T01:54:28.000000;5f384bd9-7ff8-4604-8f42-5d0a9557febe;446.7;0.0208;UNKNOWN
2016-04-21T01:54:28.000000;2016-04-21T01:54:28.000000;1b2e3b0e-d437-41b8-859e-56fe91cda9ed;446.65;0.0721;UNKNOWN
2016-04-21T01:54:28.000000;2016-04-21T01:54:28.000000;52d9c5e8-a7dc-4e8d-b14d-ae7ca23747b2;446.67;0.04272179;UNKNOWN
2016-04-21T01:54:28.000000;2016-04-21T01:54:28.000000;1d3068ff-455f-4c09-960e-7458ae923e6b;446.71;0.0112;UNKNOWN
2016-04-21T01:54:28.000000;2016-04-21T01:54:28.000000;0f72586c-9fce-4a96-acc7-24b85686d98b;446.71;0.0152;UNKNOWN
2016-04-21T01:54:28.000000;2016-04-21T01:54:28.000000;9f4d7c70-5975-4c46-adb1-580a33f39ba2;446.7;0.25;UNKNOWN
2016-04-21T01:54:28.000000;2016-04-21T01:54:28.000000;addd33c7-0d85-4ea0-9e6d-91fae65b8216;446.99;5.92162063;UNKNOWN
2016-04-21T01:54:28.000000;2016-04-21T01:54:28.000000;68d7e6f8-03fe-4cbc-9994-56d024c02a5b;446.76;0.2;UNKNOWN
2016-04-21T01:54:28.000000;2016-04-21T01:54:28.000000;18ce6341-e263-4d0e-8d1b-3b1fb328cd23;446.93;4.0;UNKNOWN
2016-04-21T01:54:28.000000;2016-04-21T01:54:28.000000;ece673aa-ff44-470b-9f53-60de653233bb;446.96;0.05;UNKNOWN
2016-04-21T01:54:28.000000;2016-04-21T01:54:28.000000;c784522d-5ce9-4d26-9e84-c22335dd93f3;446.77;0.25;UNKNOWN
2016-04-21T01:54:32.000000;2016-04-21T01:54:32.000000;66d83000-75e2-458d-a9f4-5c46558cb480;446.65;22.6875;UNKNOWN
2016-04-21T01:54:36.000000;2016-04-21T01:54:36.000000;e5f582a1-aa24-4ea6-b73d-7f41d72b690f;446.99;1.0;UNKNOWN
2016-04-21T01:54:36.000000;2016-04-21T01:54:36.000000;a46fab3f-15f4-42d0-b9cc-b5d337db2ba0;446.99;4.0;UNKNOWN
2016-04-21T01:54:37.000000;2016-04-21T01:54:37.000000;baaae2f7-ec76-4495-a660-012cad23e6d0;446.64;0.01002393;UNKNOWN
2016-04-21T01:55:05.000000;2016-04-21T01:55:05.000000;3f277cef-4f29-49ee-b420-b2a560dd8c55;446.9;0.015;UNKNOWN
2016-04-21T01:55:05.000000;2016-04-21T01:55:05.000000;3d655c62-aa94-4fcc-9a3c-ae998f80e307;446.9;0.015;UNKNOWN
2016-04-21T01:55:07.000000;2016-04-21T01:55:07.000000;015ca19a-8317-430a-b026-956cd8870ecb;446.9;0.015;UNKNOWN
2016-04-21T01:55:18.000000;2016-04-21T01:55:18.000000;d69f9710-2f09-4044-bc38-d06cd6640cee;446.9;9.955;UNKNOWN
2016-04-21T01:55:24.000000;2016-04-21T01:55:24.000000;236dcdb9-3133-4e50-b7ed-a9d33018c5fc;446.86;0.621352;UNKNOWN
2016-04-21T01:55:35.000000;2016-04-21T01:55:35.000000;a667f08b-021e-466c-8eaa-4a0001a22e2f;446.66;0.05;UNKNOWN
2016-04-21T01:56:15.000000;2016-04-21T01:56:15.000000;e9747d97-d307-4481-b5ef-64320ef93bc7;446.99;0.005;UNKNOWN
2016-04-21T01:56:15.000000;2016-04-21T01:56:15.000000;c21fa440-a7aa-4d4c-bd2b-bbf8ac125d4a;446.9;0.045;UNKNOWN
2016-04-21T01:56:33.000000;2016-04-21T01:56:33.000000;1ee3135a-3145-4b60-9103-f3c1377269a3;446.77;1.2;UNKNOWN
2016-04-21T01:56:41.000000;2016-04-21T01:56:41.000000;d33c9970-8e9e-46bd-999c-f4518028d0cd;446.75;0.259509;UNKNOWN
2016-04-21T01:56:44.000000;2016-04-21T01:56:44.000000;87420389-7b6b-4b6f-92e8-17ef5a5aa3a0;446.65;2.484201;UNKNOWN
2016-04-21T01:56:44.000000;2016-04-21T01:56:44.000000;bdad60bc-98cb-4d18-8963-d8615c539dc7;446.66;0.445799;UNKNOWN
2016-04-21T01:57:30.000000;2016-04-21T01:57:30.000000;597eaacd-5f20-49b0-9ecc-753209b9d2e6;446.97;0.137225;UNKNOWN
2016-04-21T01:58:09.000000;2016-04-21T01:58:09.000000;7e94450c-00bd-4749-8155-ae5c04ded389;446.82;1.0;UNKNOWN
2016-04-21T01:58:40.000000;2016-04-21T01:58:40.000000;75da2efc-5806-48be-8a65-59e7be1c2e91;446.76;0.0113355;UNKNOWN
2016-04-21T01:59:00.000000;2016-04-21T01:59:00.000000;e4fc5b6c-6f6b-4e14-8c7c-f02c5a70245c;446.67;0.0113355;UNKNOWN
2016-04-21T01:59:00.000000;2016-04-21T01:59:00.000000;6cb41710-2dad-4378-85fe-fbe25960cfa7;446.65;3.4286645;UNKNOWN
2016-04-21T01:59:05.000000;2016-04-21T01:59:05.000000;3e7e296d-33d1-443f-b8b9-2f4d68ba428a;446.82;2.68;UNKNOWN
2016-04-21T01:59:05.000000;2016-04-21T01:59:05.000000;3c4ea2c2-fae8-4038-a92a-a07dd3dfedc7;446.73;0.99;UNKNOWN
2016-04-21T01:59:12.000000;2016-04-21T01:59:12.000000;60fe837f-f165-48a2-b7f0-23065c270666;446.81;0.701295;UNKNOWN
2016-04-21T02:00:06.000000;2016-04-21T02:00:06.000000;5bb1cd39-21a2-46b6-99c4-09f90dbffd37;446.81;4.31522736;UNKNOWN
2016-04-21T02:00:06.000000;2016-04-21T02:00:06.000000;f041d4d9-5bdb-4ff4-8ee4-ad90e3011c2e;446.81;4.31462225;UNKNOWN
2016-04-21T02:00:06.000000;2016-04-21T02:00:06.000000;99556281-6f2b-48ef-a606-d954c3714164;446.81;6.007405;UNKNOWN
2016-04-21T02:00:06.000000;2016-04-21T02:00:06.000000;b4790089-76f2-4cfb-af61-ba6da1f8356d;446.81;4.31522736;UNKNOWN
2016-04-21T02:00:06.000000;2016-04-21T02:00:06.000000;f0a71f93-d1df-4037-9671-29e7ec565297;446.81;4.3150877;UNKNOWN
2016-04-21T02:00:29.000000;2016-04-21T02:00:29.000000;888a37e4-eb2a-480d-a45c-ed7d41c33481;446.81;0.20298988;UNKNOWN
2016-04-21T02:01:19.000000;2016-04-21T02:01:19.000000;1f1662cc-d85a-4434-9c94-3bc119677b7d;446.65;0.061765;UNKNOWN
2016-04-21T02:01:26.000000;2016-04-21T02:01:26.000000;381df26e-1b4f-4903-ad38-38ef004b47a4;446.81;0.03935987;UNKNOWN
2016-04-21T02:02:04.000000;2016-04-21T02:02:04.000000;5cbb323e-9218-47a2-b4aa-37124379f316;446.81;0.33845506;UNKNOWN
2016-04-21T02:02:34.000000;2016-04-21T02:02:34.000000;7b5a9ed1-3ca4-42e0-a004-071f0ad7afa8;446.81;0.350495;UNKNOWN
2016-04-21T02:03:47.000000;2016-04-21T02:03:47.000000;829c5786-9b84-4e89-9616-b76d43237646;446.81;0.1;UNKNOWN
2016-04-21T02:03:52.000000;2016-04-21T02:03:52.000000;3a82978f-5c6a-41d7-9173-c9d65df784da;446.81;5.0;UNKNOWN
2016-04-21T02:05:07.000000;2016-04-21T02:05:07.000000;681b107c-708c-46c3-9cdd-a563be3da8d6;446.81;0.406398;UNKNOWN
2016-04-21T02:06:06.000000;2016-04-21T02:06:06.000000;ec9ac4fe-6577-4413-8e02-02f6bb8b9177;446.81;3.67;UNKNOWN
2016-04-21T02:06:09.000000;2016-04-21T02:06:09.000000;4dcdd1c1-8611-4828-ad71-66e71206e1af;446.9;1.71037217;UNKNOWN
2016-04-21T02:06:09.000000;2016-04-21T02:06:09.000000;748f38e4-7003-4115-af81-3ae15b2e9a8f;446.81;0.13;UNKNOWN
2016-04-21T02:06:22.000000;2016-04-21T02:06:22.000000;248ab9dc-5a46-48b8-9f4c-dd314f4c421b;446.9;0.01;UNKNOWN
2016-04-21T02:06:56.000000;2016-04-21T02:06:56.000000;d561ea45-07a0-487b-9826-a85e27ed83ab;446.65;6.7119;UNKNOWN
2016-04-21T02:06:56.000000;2016-04-21T02:06:56.000000;d0fe7347-c26d-4bea-b791-adc9a9526c47;446.64;23.2881;UNKNOWN
2016-04-21T02:07:04.000000;2016-04-21T02:07:04.000000;50342563-3643-478e-b1b2-8a577d76b649;446.64;0.08;UNKNOWN
2016-04-21T02:07:24.000000;2016-04-21T02:07:24.000000;896a37ac-dd97-464f-8487-cf8827b5d574;446.7;0.1;UNKNOWN
2016-04-21T02:07:43.000000;2016-04-21T02:07:43.000000;d5d5c0cd-9cff-4cd7-b8dc-b7850a900214;446.89;0.364171;UNKNOWN
2016-04-21T02:08:00.000000;2016-04-21T02:08:00.000000;ee129c2c-937d-465a-a92c-8c246d5c7e16;446.9;1.62037217;UNKNOWN
2016-04-21T02:08:00.000000;2016-04-21T02:08:00.000000;3550c6bc-307c-4705-8620-d54356d76b21;446.9;8.27962783;UNKNOWN
2016-04-21T02:08:00.000000;2016-04-21T02:08:00.000000;65ba46e5-3783-4f7f-ad71-f69dd42424d8;446.8;0.1;UNKNOWN
2016-04-21T02:08:32.000000;2016-04-21T02:08:32.000000;f992b06e-e01c-4a3e-bd85-8f468eb7b38b;446.66;0.03185522;UNKNOWN
2016-04-21T02:08:39.000000;2016-04-21T02:08:39.000000;9cfa94cd-49fb-443e-b487-129516828723;446.66;0.30867;UNKNOWN
2016-04-21T02:09:29.000000;2016-04-21T02:09:29.000000;29bb58ac-f916-4e5c-86ad-62f09091f123;446.66;0.559153;UNKNOWN
2016-04-21T02:09:29.000000;2016-04-21T02:09:29.000000;671b9d5b-01f8-4b9e-ba25-04c035cb0da1;446.74;0.440847;UNKNOWN
2016-04-21T02:09:31.000000;2016-04-21T02:09:31.000000;7ba4f536-4f74-4061-9ab0-da5037936736;446.66;1.0;UNKNOWN
2016-04-21T02:10:24.000000;2016-04-21T02:10:24.000000;9e405794-8cc3-4127-9f06-4eda6572e19b;446.66;1.0;UNKNOWN
2016-04-21T02:10:43.000000;2016-04-21T02:10:43.000000;5e152ba3-05e8-4524-91bf-3b4e0395cdd0;446.66;1.0;UNKNOWN
2016-04-21T02:10:53.000000;2016-04-21T02:10:53.000000;c54abb37-e36d-474b-9e57-9accc0fdef0b;446.71;1.0;UNKNOWN
2016-04-21T02:11:24.000000;2016-04-21T02:11:24.000000;61be2ebd-051b-4e10-8f60-7f417da63af6;446.74;0.0281;UNKNOWN
2016-04-21T02:11:30.000000;2016-04-21T02:11:30.000000;25fc2b3d-9659-4397-9b6f-e9088872eebb;446.75;0.1;UNKNOWN
2016-04-21T02:11:56.000000;2016-04-21T02:11:56.000000;1d929f8e-d168-436a-ad72-9bcc0d389fd6;446.9;0.303865;UNKNOWN
2016-04-21T02:11:56.000000;2016-04-21T02:11:56.000000;b57d81e7-3b2e-4566-b4b6-42b06806571f;446.8;0.1;UNKNOWN
2016-04-21T02:13:25.000000;2016-04-21T02:13:25.000000;1c8297a2-0ef8-422c-a96e-e3cdf2c107f6;446.89;2.22756283;UNKNOWN
2016-04-21T02:13:38.000000;2016-04-21T02:13:38.000000;2fcf5021-d742-435d-8afd-ba973c0afe2f;446.84;0.01;UNKNOWN
2016-04-21T02:13:43.000000;2016-04-21T02:13:43.000000;1ce842a3-0ebb-42f8-bdaa-87ef72e618dc;446.86;0.205;UNKNOWN
2016-04-21T02:14:00.000000;2016-04-21T02:14:00.000000;d10e8227-05b4-49b7-b1de-d67630bb2e21;446.89;0.05;UNKNOWN
2016-04-21T02:14:18.000000;2016-04-21T02:14:18.000000;ac4fdc10-2295-468b-a6f2-108ea3990315;446.87;0.032793;UNKNOWN
2016-04-21T02:14:18.000000;2016-04-21T02:14:18.000000;d11f5e01-0a86-489f-b1c3-d9bcb513f13f;446.89;0.017207;UNKNOWN
2016-04-21T02:14:32.000000;2016-04-21T02:14:32.000000;a9d3a6d2-541c-4d10-b072-00a4742052d6;446.87;0.11659553;UNKNOWN
2016-04-21T02:14:58.000000;2016-04-21T02:14:58.000000;a2717d76-c6c8-4ac4-ac49-c71783d9db98;446.9;1.0;UNKNOWN
2016-04-21T02:15:04.000000;2016-04-21T02:15:04.000000;ff831c73-cd91-43c8-ab3e-a50f63810912;446.9;0.68127316;UNKNOWN
2016-04-21T02:15:27.000000;2016-04-21T02:15:27.000000;928aef3a-3b91-4528-bc19-dd27db9afbdd;446.87;0.224821;UNKNOWN
2016-04-21T02:15:35.000000;2016-04-21T02:15:35.000000;6259c8aa-afcb-4295-931a-e37402489072;446.9;0.01;UNKNOWN
2016-04-21T02:15:53.000000;2016-04-21T02:15:53.000000;46d27d11-2fc8-4c9b-abc4-0a228db575de;447.11;0.0155;UNKNOWN
2016-04-21T02:15:53.000000;2016-04-21T02:15:53.000000;220cdcbf-1ac1-4ae8-8eef-0d5668ecaf62;447.0;0.59;UNKNOWN
2016-04-21T02:15:53.000000;2016-04-21T02:15:53.000000;cb2cf756-ef10-4395-883a-59a3ef2b72d9;446.9;6.38448967;UNKNOWN
2016-04-21T02:15:53.000000;2016-04-21T02:15:53.000000;f83bc605-fbb6-4c73-9180-c7ec1d8e3c2c;446.9;0.1;UNKNOWN
2016-04-21T02:15:53.000000;2016-04-21T02:15:53.000000;2471096d-27e2-4623-99f8-515b24f651cb;447.0;5.0;UNKNOWN
2016-04-21T02:15:53.000000;2016-04-21T02:15:53.000000;ab4e8012-181f-487b-b276-805f7b229d8b;447.0;0.1;UNKNOWN
2016-04-21T02:15:53.000000;2016-04-21T02:15:53.000000;76eb541b-8da5-4d5e-b9e7-bb4d57cd7257;447.0;4.0;UNKNOWN
2016-04-21T02:15:53.000000;2016-04-21T02:15:53.000000;14f3b46d-3b0d-45bd-a0b7-6dd0c9806912;447.09;0.2;UNKNOWN
2016-04-21T02:15:53.000000;2016-04-21T02:15:53.000000;22e70b9c-ccb7-44ca-a548-5dca1fe5abd7;447.24;8.25;UNKNOWN
2016-04-21T02:15:53.000000;2016-04-21T02:15:53.000000;2e17e430-6cfc-44f6-851f-5ed0a8fc540a;447.09;8.22;UNKNOWN
2016-04-21T02:15:53.000000;2016-04-21T02:15:53.000000;0ef3cbcc-142b-4eaf-b0bf-452b4fdde208;447.0;1.0;UNKNOWN
2016-04-21T02:15:53.000000;2016-04-21T02:15:53.000000;5b29cb7d-0b05-4cff-b249-37c7aa9ad7c5;447.0;0.01;UNKNOWN
2016-04-21T02:15:53.000000;2016-04-21T02:15:53.000000;f6fcbede-729d-4f05-9c9f-02575388c6de;447.0;0.2;UNKNOWN
2016-04-21T02:15:53.000000;2016-04-21T02:15:53.000000;b9ac9843-82c3-4841-a865-eb441715e386;447.0;0.9216;UNKNOWN
2016-04-21T02:15:53.000000;2016-04-21T02:15:53.000000;15cc5c97-7126-43fc-a139-6ca044967d3d;447.0;1.0;UNKNOWN
2016-04-21T02:15:53.000000;2016-04-21T02:15:53.000000;fe5bd09a-d8c6-4033-abb1-1a11d8fa721a;446.99;19.11766363;UNKNOWN
2016-04-21T02:15:53.000000;2016-04-21T02:15:53.000000;dcbaadae-99fa-4927-853c-5b6e1ec3c545;447.3;12.5775467;UNKNOWN
2016-04-21T02:15:53.000000;2016-04-21T02:15:53.000000;adfe74bf-4b21-484d-ac32-f12db16381aa;447.0;0.25;UNKNOWN
2016-04-21T02:15:53.000000;2016-04-21T02:15:53.000000;75ef8f37-3800-44b8-a710-cf0579130150;447.03;0.0114;UNKNOWN
2016-04-21T02:15:53.000000;2016-04-21T02:15:53.000000;f75c4546-7836-4e6b-a218-8ce2d9862a9f;446.9;0.0518;UNKNOWN
2016-04-21T02:15:53.000000;2016-04-21T02:15:53.000000;a5e64dcc-4f4a-48f7-b30c-be007947971e;447.1;12.0;UNKNOWN
2016-04-21T02:15:53.000000;2016-04-21T02:15:53.000000;c30e8daf-97ce-4124-9d1d-c014ab82da68;447.0;20.0;UNKNOWN
2016-04-21T02:16:07.000000;2016-04-21T02:16:07.000000;b0f4b26b-61de-4af8-b368-94ccdc06fcd0;447.45;0.89;UNKNOWN
2016-04-21T02:16:07.000000;2016-04-21T02:16:07.000000;98f3522b-903f-4782-81da-f90c402f6f5c;447.45;0.226;UNKNOWN
2016-04-21T02:16:07.000000;2016-04-21T02:16:07.000000;69287012-26c7-474d-92d7-d30eade89dc8;447.45;0.226;UNKNOWN
2016-04-21T02:16:07.000000;2016-04-21T02:16:07.000000;a8d7828a-010c-4dc3-8d24-40ddc9b08ed1;447.45;0.227;UNKNOWN
2016-04-21T02:16:07.000000;2016-04-21T02:16:07.000000;300a413d-48e3-4840-baa8-63f4699ed437;447.3;2.4224533;UNKNOWN
2016-04-21T02:16:07.000000;2016-04-21T02:16:07.000000;f196598e-f9f0-4fc5-ba96-d512e653b16e;447.49;8.25;UNKNOWN
2016-04-21T02:16:07.000000;2016-04-21T02:16:07.000000;6b5b2ffd-c084-4ca0-bb0a-3dd6dbcf6475;447.5;11.0085467;UNKNOWN
2016-04-21T02:16:07.000000;2016-04-21T02:16:07.000000;3d673384-089f-4456-842b-3a8880b6553c;447.45;0.75;UNKNOWN
2016-04-21T02:16:12.000000;2016-04-21T02:16:12.000000;6ff56c09-0d6b-4f9f-847d-9a185d890824;447.21;0.25;UNKNOWN
2016-04-21T02:16:16.000000;2016-04-21T02:16:16.000000;6ca65801-8908-446a-9e3b-fcdcc39cf67e;447.21;0.0518;UNKNOWN
2016-04-21T02:16:27.000000;2016-04-21T02:16:27.000000;aac33dae-ac9e-4078-81c6-4c72e3dfa5ef;447.21;0.155646;UNKNOWN
2016-04-21T02:16:28.000000;2016-04-21T02:16:28.000000;fa4f8543-8d00-4c1c-9a60-384c2f59811f;447.15;0.728312;UNKNOWN
2016-04-21T02:16:28.000000;2016-04-21T02:16:28.000000;5fdc887f-9eb2-4c66-8f88-c1455d527af3;447.5;1.271688;UNKNOWN
2016-04-21T02:16:30.000000;2016-04-21T02:16:30.000000;8d0db916-bc96-4251-85d1-6955847cd0f3;447.5;14.97925;UNKNOWN
2016-04-21T02:16:30.000000;2016-04-21T02:16:30.000000;4d65d205-f5a0-4690-8902-8a8c41a365db;447.5;0.2;UNKNOWN
2016-04-21T02:16:47.000000;2016-04-21T02:16:47.000000;837c4d6e-b789-470b-aded-0d4511050ff7;447.5;0.408771;UNKNOWN
2016-04-21T02:16:48.000000;2016-04-21T02:16:48.000000;ea54dae2-74b2-4cca-b3bf-ddd57382efa3;447.5;0.01;UNKNOWN
2016-04-21T02:16:54.000000;2016-04-21T02:16:54.000000;7539192e-6aef-4e5a-99ed-411a867b2d99;447.5;0.01;UNKNOWN
2016-04-21T02:16:55.000000;2016-04-21T02:16:55.000000;e93e9ce6-031e-45e1-b191-cec7ae3d427a;447.5;3.67;UNKNOWN
2016-04-21T02:16:59.000000;2016-04-21T02:16:59.000000;2ae63615-1a4d-4b3a-9a40-800f82df6702;447.5;0.83471462;UNKNOWN
2016-04-21T02:17:01.000000;2016-04-21T02:17:01.000000;63f259d1-75e3-4d23-ad7e-35d9bfa6e0de;447.39;6.0;UNKNOWN
2016-04-21T02:17:02.000000;2016-04-21T02:17:02.000000;023a9b83-6b64-4724-8067-28b0c2e7ca2e;447.5;5.0;UNKNOWN
2016-04-21T02:17:04.000000;2016-04-21T02:17:04.000000;3546d8b8-cd33-4e47-b657-a80391c76999;447.39;0.015;UNKNOWN
2016-04-21T02:17:05.000000;2016-04-21T02:17:05.000000;05bd9e27-ac96-4ab5-9a6e-df7c9d59b263;447.39;0.015;UNKNOWN
2016-04-21T02:17:05.000000;2016-04-21T02:17:05.000000;93139eec-4240-4d50-a05b-675d0eb819c9;447.5;0.01;UNKNOWN
2016-04-21T02:17:07.000000;2016-04-21T02:17:07.000000;3da18c56-7aae-4ea1-b5d6-9cd0096c9fde;447.3;0.015;UNKNOWN
2016-04-21T02:17:07.000000;2016-04-21T02:17:07.000000;5eb737f2-efeb-45ed-b0f1-da5d33e948c4;447.3;0.05;UNKNOWN
2016-04-21T02:17:09.000000;2016-04-21T02:17:09.000000;53c77ca1-8dc5-4999-b809-1ab1fa774beb;447.3;0.015;UNKNOWN
2016-04-21T02:17:15.000000;2016-04-21T02:17:15.000000;559cf950-8ba3-4fa5-824c-4994df7cda7b;447.5;1.0;UNKNOWN
2016-04-21T02:17:18.000000;2016-04-21T02:17:18.000000;d4d0bacd-f7b8-480b-9b40-29bc4d9572de;447.5;0.01;UNKNOWN
2016-04-21T02:17:20.000000;2016-04-21T02:17:20.000000;830b3fb3-1dae-4f67-82a9-588e8bea2eac;447.5;9.0;UNKNOWN
2016-04-21T02:17:23.000000;2016-04-21T02:17:23.000000;f226355e-f36e-42c9-821b-d14083eaee9f;447.5;0.01;UNKNOWN
2016-04-21T02:17:29.000000;2016-04-21T02:17:29.000000;1b23bd47-66c5-4de0-809b-c6fd050590b6;447.38;0.05;UNKNOWN
2016-04-21T02:17:36.000000;2016-04-21T02:17:36.000000;7674be87-9794-4e0f-8ddb-2eb769d73222;447.5;2.25;UNKNOWN
2016-04-21T02:17:43.000000;2016-04-21T02:17:43.000000;bb71ab1d-29ce-4ab2-8a5e-d99de8d8556f;447.4;0.05;UNKNOWN
2016-04-21T02:17:46.000000;2016-04-21T02:17:46.000000;24fa0195-1685-44c1-ae11-1cc4bc2e799c;447.58;0.25;UNKNOWN
2016-04-21T02:17:46.000000;2016-04-21T02:17:46.000000;98e94e3e-83ee-4acb-bc70-9c37ee2e9e97;447.5;0.32702968;UNKNOWN
2016-04-21T02:17:46.000000;2016-04-21T02:17:46.000000;5e3cc5f5-4fba-4f1a-b7a7-1ba1c2941b82;447.5;0.05;UNKNOWN
2016-04-21T02:17:46.000000;2016-04-21T02:17:46.000000;c56ba2b3-8ce2-4f92-9700-4ffb8005397f;447.53;0.352628;UNKNOWN
2016-04-21T02:17:46.000000;2016-04-21T02:17:46.000000;ad3a56dc-d6b7-4664-ab73-3d73d6d4f5d4;447.65;4.00774232;UNKNOWN
2016-04-21T02:17:46.000000;2016-04-21T02:17:46.000000;b50a4f87-409f-4a34-8efa-b002cc3afa77;447.53;0.0126;UNKNOWN
2016-04-21T02:17:55.000000;2016-04-21T02:17:55.000000;f8f5e795-a572-46f7-a2ff-be8400f16afc;447.53;0.883958;UNKNOWN
2016-04-21T02:17:56.000000;2016-04-21T02:17:56.000000;a8ac83e6-cb90-4139-8759-2566df8ea867;447.53;0.05760271;UNKNOWN
2016-04-21T02:17:58.000000;2016-04-21T02:17:58.000000;2f979377-6fd7-41ea-ab54-549bf6849016;447.65;1.0;UNKNOWN
2016-04-21T02:17:59.000000;2016-04-21T02:17:59.000000;286a93bb-b516-4a61-803e-a728ca2cee7a;447.53;0.7;UNKNOWN
2016-04-21T02:18:02.000000;2016-04-21T02:18:02.000000;d7caa03e-9f6d-4572-9bf5-377ca450dbd9;447.65;2.0;UNKNOWN
2016-04-21T02:18:03.000000;2016-04-21T02:18:03.000000;27492955-6ef9-40d6-a8f3-4b8b7ec99f34;447.64;0.05;UNKNOWN
2016-04-21T02:18:06.000000;2016-04-21T02:18:06.000000;8388dba6-362c-4cbc-a082-c953a13747ed;447.64;0.272;UNKNOWN
2016-04-21T02:18:15.000000;2016-04-21T02:18:15.000000;5a127857-d1b1-476b-9f89-de1bc43c6062;447.65;2.0;UNKNOWN
2016-04-21T02:18:35.000000;2016-04-21T02:18:35.000000;129cfa6f-ec5c-4c67-9f3c-c0a71605bdf2;447.64;0.05;UNKNOWN
2016-04-21T02:18:38.000000;2016-04-21T02:18:38.000000;a0c00c24-3a28-4a7a-a405-eb8a55f7cfbf;447.65;20.0;UNKNOWN
2016-04-21T02:18:39.000000;2016-04-21T02:18:39.000000;fb3235c6-c6e7-4b3d-a106-6b9008a7e83a;447.65;1.0;UNKNOWN
2016-04-21T02:18:41.000000;2016-04-21T02:18:41.000000;50482762-3049-403a-a62e-667852558e0b;447.65;1.0;UNKNOWN
2016-04-21T02:19:04.000000;2016-04-21T02:19:04.000000;f10ba6f4-38a7-44bd-b46f-5a88ba4668ff;447.64;0.015;UNKNOWN
2016-04-21T02:19:12.000000;2016-04-21T02:19:12.000000;a97b6c83-2eb2-428c-aef4-4cf3827825f8;447.64;0.61994806;UNKNOWN
2016-04-21T02:19:16.000000;2016-04-21T02:19:16.000000;abafa69f-b55a-48e5-84f1-c107f2418f6a;447.64;0.05;UNKNOWN
2016-04-21T02:19:27.000000;2016-04-21T02:19:27.000000;6505caa2-860b-4b62-bca3-b53341683c6d;447.64;0.05;UNKNOWN
2016-04-21T02:19:40.000000;2016-04-21T02:19:40.000000;b9b901fe-318a-49a5-9a32-26da54bc2206;447.64;0.26;UNKNOWN
2016-04-21T02:19:46.000000;2016-04-21T02:19:46.000000;08623ea8-f771-4cd3-b028-2017e0d351be;447.64;0.01;UNKNOWN
2016-04-21T02:20:00.000000;2016-04-21T02:20:00.000000;e2782527-c3f8-4126-9266-bdfad397fc24;447.65;5.0;UNKNOWN
2016-04-21T02:20:29.000000;2016-04-21T02:20:29.000000;31f871e1-7692-4ab6-ac80-e29d4c11aaa7;447.64;0.26;UNKNOWN
2016-04-21T02:20:35.000000;2016-04-21T02:20:35.000000;ed9baacc-d528-4a7c-b299-cc36665b7169;447.64;0.26;UNKNOWN
2016-04-21T02:20:42.000000;2016-04-21T02:20:42.000000;6ad253fa-3a68-4159-a1a5-bf4707c148f4;447.64;0.26;UNKNOWN
2016-04-21T02:20:54.000000;2016-04-21T02:20:54.000000;01b5769b-3fb3-4a46-b81b-2f7ec59ea7f0;447.65;28.0;UNKNOWN
2016-04-21T02:21:25.000000;2016-04-21T02:21:25.000000;80795d31-287b-4879-84e1-2d1bc52ad7d2;447.65;5.0;UNKNOWN
2016-04-21T02:21:34.000000;2016-04-21T02:21:34.000000;a194aedc-9ddd-48e2-b502-e8fc6014ec0a;447.65;5.0;UNKNOWN
2016-04-21T02:22:07.000000;2016-04-21T02:22:07.000000;07ab7aa1-bb2f-42f3-a2a9-ff405aaeed46;447.64;7.5;UNKNOWN
2016-04-21T02:22:14.000000;2016-04-21T02:22:14.000000;61039885-db0e-45af-8ee7-5e621d20fa40;447.65;2.5;UNKNOWN
2016-04-21T02:22:16.000000;2016-04-21T02:22:16.000000;ff830da7-722b-40db-a8a9-6c22f1e328d8;447.65;0.337339;UNKNOWN
2016-04-21T02:22:34.000000;2016-04-21T02:22:34.000000;3a54830d-cf13-45fb-8393-98550ae70944;447.64;25.0;UNKNOWN
2016-04-21T02:22:50.000000;2016-04-21T02:22:50.000000;9ca6011c-3d37-4b94-8109-a776e071a929;447.51;5.62;UNKNOWN
2016-04-21T02:23:01.000000;2016-04-21T02:23:01.000000;3713ab7b-dcbf-4112-9ec5-89dd339f690c;447.4;0.2;UNKNOWN
2016-04-21T02:23:20.000000;2016-04-21T02:23:20.000000;abae7b91-156b-4b50-bce3-253986960abd;447.14;0.01;UNKNOWN
2016-04-21T02:23:25.000000;2016-04-21T02:23:25.000000;61631edf-224a-4d3d-bb3d-fac15371cda6;447.14;0.01;UNKNOWN
2016-04-21T02:23:33.000000;2016-04-21T02:23:33.000000;0494e9fc-0d09-4d48-af24-49caae0de4b5;447.13;3.4076;UNKNOWN
2016-04-21T02:24:41.000000;2016-04-21T02:24:41.000000;f11dd6ce-f716-48ab-b4e6-d2c8b02e8e16;447.14;0.141324;UNKNOWN
2016-04-21T02:24:41.000000;2016-04-21T02:24:41.000000;c9d3dd63-2044-4086-8532-172f8ed9feb0;447.14;0.0231;UNKNOWN
2016-04-21T02:24:48.000000;2016-04-21T02:24:48.000000;73380f6c-5e31-4372-928f-4c14d8164686;447.14;0.1;UNKNOWN
2016-04-21T02:24:52.000000;2016-04-21T02:24:52.000000;6e3c9a25-9648-4d2b-bd40-2e4cceb99eb5;447.14;0.1;UNKNOWN
2016-04-21T02:25:01.000000;2016-04-21T02:25:01.000000;592dd976-3b8e-4d8d-99ae-f7edb3be469a;447.13;1.7;UNKNOWN
2016-04-21T02:25:03.000000;2016-04-21T02:25:03.000000;db6a7fae-6ba0-4c05-bbbd-9381d7d325e6;447.13;0.07162927;UNKNOWN
2016-04-21T02:25:09.000000;2016-04-21T02:25:09.000000;36c57b2c-31d7-47e2-8e7e-8441f6d1155a;447.14;0.1;UNKNOWN
2016-04-21T02:25:15.000000;2016-04-21T02:25:15.000000;6dc863cd-bae3-4b60-95bb-040a1357c725;447.14;3.67;UNKNOWN
2016-04-21T02:25:21.000000;2016-04-21T02:25:21.000000;e3000045-27ff-46b0-a859-dbd93c5a9456;447.14;0.1;UNKNOWN
2016-04-21T02:25:30.000000;2016-04-21T02:25:30.000000;5fce7732-715e-476a-904f-56b03b10130b;447.14;0.1;UNKNOWN
2016-04-21T02:25:40.000000;2016-04-21T02:25:40.000000;90eea641-b51b-48a0-afc8-d1fcdee6881c;447.14;0.00721115;UNKNOWN
2016-04-21T02:25:40.000000;2016-04-21T02:25:40.000000;c5301de7-33e1-4f8a-8e91-47a06f632bbe;447.14;0.09278885;UNKNOWN
2016-04-21T02:25:48.000000;2016-04-21T02:25:48.000000;4e22be1a-6948-47a7-bfcb-60e769e73d21;447.13;0.02687589;UNKNOWN
2016-04-21T02:25:56.000000;2016-04-21T02:25:56.000000;dfabc274-8c23-47d4-8aac-beb122c77e13;447.14;0.1;UNKNOWN
2016-04-21T02:26:00.000000;2016-04-21T02:26:00.000000;b43f4f1f-f792-482f-82a6-a047543dfc57;447.14;0.1;UNKNOWN
2016-04-21T02:26:04.000000;2016-04-21T02:26:04.000000;e3825aff-573f-4b2a-955e-71372ca23cf9;447.14;0.13549943;UNKNOWN
2016-04-21T02:26:05.000000;2016-04-21T02:26:05.000000;1b7383c1-15c6-44ae-bdcf-dde9f80e1c0e;447.14;0.1;UNKNOWN
2016-04-21T02:26:12.000000;2016-04-21T02:26:12.000000;bd794605-50d1-47c3-98bd-9464e70d7bd7;447.14;0.15;UNKNOWN
2016-04-21T02:27:10.000000;2016-04-21T02:27:10.000000;0138fa9c-29b0-4552-b748-7bc3ca233a0e;447.14;0.09358;UNKNOWN
2016-04-21T02:27:22.000000;2016-04-21T02:27:22.000000;a10b5982-b326-4ccf-9cdc-2498f5eafe52;447.14;0.29;UNKNOWN
2016-04-21T02:27:32.000000;2016-04-21T02:27:32.000000;20282516-62d5-4bed-8972-1453c9c8b520;447.13;8.77;UNKNOWN
2016-04-21T02:27:35.000000;2016-04-21T02:27:35.000000;cf8044de-3ead-400e-9183-2a6ef49198f6;447.13;3.76;UNKNOWN
2016-04-21T02:27:37.000000;2016-04-21T02:27:37.000000;3d695f4d-8fbf-49f4-9a0e-9975f3b18468;447.13;8.35149484;UNKNOWN
2016-04-21T02:27:40.000000;2016-04-21T02:27:40.000000;b08c844e-b2ff-49cd-9f64-eca12790b540;447.13;3.12;UNKNOWN
2016-04-21T02:27:52.000000;2016-04-21T02:27:52.000000;96d6aced-cda0-485c-841e-0d849d3930b2;447.13;2.0;UNKNOWN
2016-04-21T02:27:55.000000;2016-04-21T02:27:55.000000;d4870263-9bdb-41e0-ae31-4bd744f7bdd4;447.13;2.0;UNKNOWN
2016-04-21T02:27:57.000000;2016-04-21T02:27:57.000000;890879e6-5962-4ecc-859d-8ec715de8934;447.13;5.14;UNKNOWN
2016-04-21T02:28:01.000000;2016-04-21T02:28:01.000000;48589545-a3b6-41f0-ae43-d73c1d8922a5;447.13;6.0;UNKNOWN
2016-04-21T02:28:03.000000;2016-04-21T02:28:03.000000;98d3a344-bc77-426b-8fc1-b42644c82449;447.13;2.98;UNKNOWN
2016-04-21T02:28:08.000000;2016-04-21T02:28:08.000000;88eb57cf-fbfd-463e-80ff-f2d845f8512d;447.13;0.15;UNKNOWN
2016-04-21T02:28:08.000000;2016-04-21T02:28:08.000000;b0b5bc46-e63a-4f23-af86-efe0cf4816c0;447.13;6.08;UNKNOWN
2016-04-21T02:28:08.000000;2016-04-21T02:28:08.000000;fe0ed6ad-3465-4e74-99cf-3d24dcb81868;446.92;0.19418;UNKNOWN
2016-04-21T02:28:40.000000;2016-04-21T02:28:40.000000;a5aa158f-dbb1-4c24-8101-c3bd852fb913;446.91;0.01;UNKNOWN
2016-04-21T02:29:50.000000;2016-04-21T02:29:50.000000;1d24d363-7564-4d79-b86d-70c1bd2b59e0;446.83;0.0663;UNKNOWN
2016-04-21T02:29:50.000000;2016-04-21T02:29:50.000000;d1053da1-f09f-4f1b-9af0-70b5b66c0b52;446.83;0.281381;UNKNOWN
2016-04-21T02:31:04.000000;2016-04-21T02:31:04.000000;b1827715-ae88-4e12-a391-462e719d3dd9;446.56;0.01;UNKNOWN
2016-04-21T02:31:30.000000;2016-04-21T02:31:30.000000;9330f46b-7865-4ed2-b403-6c43eccd7def;446.51;2.75;UNKNOWN
2016-04-21T02:31:53.000000;2016-04-21T02:31:53.000000;53963730-8aa3-499b-a282-58a092a7d625;446.51;0.02294;UNKNOWN
2016-04-21T02:31:53.000000;2016-04-21T02:31:53.000000;0fe7bde6-5d99-43f7-87af-afdc2c00967d;446.52;0.0161;UNKNOWN
2016-04-21T02:31:53.000000;2016-04-21T02:31:53.000000;685ff639-9dbd-4522-95b7-63f523d1ab50;446.52;1.4139;UNKNOWN
2016-04-21T02:32:15.000000;2016-04-21T02:32:15.000000;ed0a00bb-a19b-4464-a45a-413fdcde9de4;446.52;0.01503893;UNKNOWN
2016-04-21T02:32:15.000000;2016-04-21T02:32:15.000000;65228717-74df-4dc3-8c30-477529f937be;446.52;0.0161;UNKNOWN
2016-04-21T02:32:27.000000;2016-04-21T02:32:27.000000;04855bb2-fede-4c49-ad47-7c3374ae11e5;446.52;0.07067;UNKNOWN
2016-04-21T02:34:23.000000;2016-04-21T02:34:23.000000;a89cc0a9-b568-4fb3-838a-a55c17536c50;446.51;1.0;UNKNOWN
2016-04-21T02:34:39.000000;2016-04-21T02:34:39.000000;8b356d01-9b45-4bc4-b375-bc454ae3918b;446.51;1.0;UNKNOWN
2016-04-21T02:34:44.000000;2016-04-21T02:34:44.000000;9aebca50-83eb-45b3-b86e-6bc99fd5a858;446.51;1.0;UNKNOWN
2016-04-21T02:34:47.000000;2016-04-21T02:34:47.000000;ffb77ee9-a0c0-43ca-aca0-9f924b2a3ed9;446.51;1.0;UNKNOWN
2016-04-21T02:35:04.000000;2016-04-21T02:35:04.000000;4377fa54-2fe9-405c-aa39-2334f59e887f;446.52;0.311912;UNKNOWN
2016-04-21T02:35:26.000000;2016-04-21T02:35:26.000000;05cf2d7b-86ac-4da5-adc3-a193db313823;446.51;64.251;UNKNOWN
2016-04-21T02:35:26.000000;2016-04-21T02:35:26.000000;fec8cef8-ef03-41f0-8506-ee8ebece6797;446.51;20.94706;UNKNOWN
2016-04-21T02:36:07.000000;2016-04-21T02:36:07.000000;3e0106ad-efe1-4485-b2ad-4900f4451293;446.5;25.80194;UNKNOWN
2016-04-21T02:36:47.000000;2016-04-21T02:36:47.000000;6f57cba2-3512-40fe-9bb4-b7e74b24bb5f;446.5;17.9584;UNKNOWN
2016-04-21T02:37:08.000000;2016-04-21T02:37:08.000000;3060edc0-041f-4400-a390-0e8828b4a599;446.5;1.0;UNKNOWN
2016-04-21T02:37:11.000000;2016-04-21T02:37:11.000000;2d45f51b-d58c-41ad-b93e-4afb12965f99;446.5;1.0;UNKNOWN
2016-04-21T02:37:14.000000;2016-04-21T02:37:14.000000;8766ea04-0ac3-4b30-9937-6754e8fb2e60;446.5;1.0;UNKNOWN
2016-04-21T02:37:17.000000;2016-04-21T02:37:17.000000;a45c183a-4dd1-401b-89ad-32cbc1a97e27;446.5;30.0;UNKNOWN
2016-04-21T02:37:17.000000;2016-04-21T02:37:17.000000;53e18589-3351-4203-ad9b-7971a56d666f;446.5;0.10524;UNKNOWN
2016-04-21T02:37:17.000000;2016-04-21T02:37:17.000000;cab64e30-ccf6-4c86-bd9f-dfd0b4e18750;446.5;3.23966;UNKNOWN
2016-04-21T02:37:27.000000;2016-04-21T02:37:27.000000;14452202-b907-4646-8fdf-85873ab0c5c6;445.6;1.5;UNKNOWN
2016-04-21T02:37:27.000000;2016-04-21T02:37:27.000000;e34529f7-5424-45fb-95af-d7dd0a193e29;446.13;0.25;UNKNOWN
2016-04-21T02:37:27.000000;2016-04-21T02:37:27.000000;67a911bd-fedf-443b-a324-894088ce84a9;445.74;0.25;UNKNOWN
2016-04-21T02:37:42.000000;2016-04-21T02:37:42.000000;163991b6-fc2b-4f17-82e9-97f7b5263883;446.2;0.145369;UNKNOWN
2016-04-21T02:38:06.000000;2016-04-21T02:38:06.000000;a94f64ae-1fe6-4086-9aa5-716e25a1bd7a;445.35;8.23;UNKNOWN
2016-04-21T02:38:06.000000;2016-04-21T02:38:06.000000;06cfeb3c-33c6-4d59-9f45-0ebbd5f9c238;445.6;2.5;UNKNOWN
2016-04-21T02:38:06.000000;2016-04-21T02:38:06.000000;81530a14-6ab6-4330-aaad-02fbc45910ca;445.35;6.7162;UNKNOWN
2016-04-21T02:38:06.000000;2016-04-21T02:38:06.000000;a860d20f-b53f-42c4-b2bc-1024e75693a1;445.35;0.217349;UNKNOWN
2016-04-21T02:38:09.000000;2016-04-21T02:38:09.000000;133d1a72-6fb9-4c7a-b8f3-0739707645db;445.61;5.0;UNKNOWN
2016-04-21T02:38:30.000000;2016-04-21T02:38:30.000000;18e17450-aeb2-4dff-83a7-38cfced77f15;445.55;0.10301873;UNKNOWN
2016-04-21T02:38:41.000000;2016-04-21T02:38:41.000000;af6bca40-a683-4122-990d-9917b47b8df3;445.54;0.061088;UNKNOWN
2016-04-21T02:38:48.000000;2016-04-21T02:38:48.000000;0f94a472-106c-4db7-81c2-81f9f9baae93;445.37;3.6551;UNKNOWN
2016-04-21T02:38:52.000000;2016-04-21T02:38:52.000000;cab606ae-558b-4587-9b9c-f44af2f9d124;445.53;4.0;UNKNOWN
2016-04-21T02:38:53.000000;2016-04-21T02:38:53.000000;a1d35c6a-8e80-4ade-9599-b1f0e45fe94a;445.53;0.10484289;UNKNOWN
2016-04-21T02:38:57.000000;2016-04-21T02:38:57.000000;2496ac24-8801-4fa3-bbe9-d0c81d2aba98;445.53;0.45109434;UNKNOWN
2016-04-21T02:39:05.000000;2016-04-21T02:39:05.000000;c7a74ab8-1705-4626-9b3d-9511a8907eac;445.37;0.4;UNKNOWN
2016-04-21T02:39:10.000000;2016-04-21T02:39:10.000000;6d72a515-00cf-468f-a0ba-ea125f3cf12a;445.55;0.21733263;UNKNOWN
2016-04-21T02:39:16.000000;2016-04-21T02:39:16.000000;4e26faaf-2baf-4279-8273-df7570f774fa;445.5;0.22937498;UNKNOWN
2016-04-21T02:39:19.000000;2016-04-21T02:39:19.000000;140303c6-949f-4703-bb5a-f9f238e30a59;445.5;22.10707602;UNKNOWN
2016-04-21T02:39:19.000000;2016-04-21T02:39:19.000000;093866a4-fccb-4272-acb8-8d8e596a5bd4;445.54;2.89292398;UNKNOWN
2016-04-21T02:39:22.000000;2016-04-21T02:39:22.000000;7f08f030-b47f-460d-b714-30ed6523d6b7;445.54;0.04735;UNKNOWN
2016-04-21T02:39:23.000000;2016-04-21T02:39:23.000000;2234b26d-eb93-447c-82c3-a890b45c8a74;445.1;0.134927;UNKNOWN
2016-04-21T02:39:23.000000;2016-04-21T02:39:23.000000;e63aa77c-49a5-43c5-a79a-c87304a9d064;445.31;0.094073;UNKNOWN
2016-04-21T02:39:50.000000;2016-04-21T02:39:50.000000;faaa8be7-d164-425c-bd6a-c05a24c3759e;445.47;0.068629;UNKNOWN
2016-04-21T02:39:56.000000;2016-04-21T02:39:56.000000;c9fc0efb-5401-4a80-b9d1-15cff8ac5bbf;445.34;0.53091;UNKNOWN
2016-04-21T02:39:59.000000;2016-04-21T02:39:59.000000;b2638b91-7cb6-4780-a5b7-84a16e1aafda;445.32;0.081585;UNKNOWN
2016-04-21T02:40:14.000000;2016-04-21T02:40:14.000000;94598590-cbb3-4b33-aefb-a3684024d36d;445.32;0.054187;UNKNOWN
2016-04-21T02:40:19.000000;2016-04-21T02:40:19.000000;aec3ae7e-a16c-41df-80b1-6031ddbb56e8;445.2;6.682;UNKNOWN
2016-04-21T02:40:22.000000;2016-04-21T02:40:22.000000;1978effb-d6bd-4e53-bb27-80ab587c674a;445.2;3.40756089;UNKNOWN
2016-04-21T02:40:47.000000;2016-04-21T02:40:47.000000;b39bd582-92f3-46b1-94c4-287ecb8e50e2;445.2;0.01;UNKNOWN
2016-04-21T02:41:03.000000;2016-04-21T02:41:03.000000;cd95ca82-1064-4bef-b4a2-5b136addc9f5;445.19;3.359253;UNKNOWN
2016-04-21T02:41:03.000000;2016-04-21T02:41:03.000000;c847d279-a81a-4f30-94d9-ec25b8762a96;445.2;0.060747;UNKNOWN
2016-04-21T02:41:04.000000;2016-04-21T02:41:04.000000;bfe030b7-c7e7-420b-93e6-096bbf249171;445.19;0.14550555;UNKNOWN
2016-04-21T02:41:23.000000;2016-04-21T02:41:23.000000;fefd14ee-a4e1-4462-94e4-da9f11299e01;445.19;1.2307038;UNKNOWN
2016-04-21T02:41:50.000000;2016-04-21T02:41:50.000000;796fe107-df3d-4ea4-b10a-069445d82747;445.19;13.2586608;UNKNOWN
2016-04-21T02:41:50.000000;2016-04-21T02:41:50.000000;a56bb9d1-2883-4811-bf1f-512b6fb3e1c2;445.2;0.060747;UNKNOWN
2016-04-21T02:41:53.000000;2016-04-21T02:41:53.000000;2f4e49b7-1c36-47ef-84be-93ec2177c3bc;445.25;5.0;UNKNOWN
2016-04-21T02:42:30.000000;2016-04-21T02:42:30.000000;281e5872-832e-4ff7-aeb3-63304788233c;445.24;0.429142;UNKNOWN
2016-04-21T02:42:50.000000;2016-04-21T02:42:50.000000;a335b490-8a52-42e3-8a58-88a2d946912c;445.24;0.304428;UNKNOWN
2016-04-21T02:43:19.000000;2016-04-21T02:43:19.000000;0d171cf6-0624-4a6c-b06a-c4f8179bb93d;445.19;2.0;UNKNOWN
2016-04-21T02:44:05.000000;2016-04-21T02:44:05.000000;2968487c-8396-4f91-a818-1e5222145ef0;445.15;0.01;UNKNOWN
2016-04-21T02:45:04.000000;2016-04-21T02:45:04.000000;57900322-2c35-4fca-af45-c2965a597334;445.1;0.100906;UNKNOWN
2016-04-21T02:45:04.000000;2016-04-21T02:45:04.000000;a0b990be-6e34-483b-aca1-123e72ad7657;445.05;0.0237;UNKNOWN
2016-04-21T02:45:04.000000;2016-04-21T02:45:04.000000;97d9254c-5db4-4d8c-bb7e-95fa88d29210;445.0;0.060751;UNKNOWN
2016-04-21T02:45:04.000000;2016-04-21T02:45:04.000000;a940eb46-52e0-4f8d-bdf8-863563e1ad7c;445.0;0.7;UNKNOWN
2016-04-21T02:45:04.000000;2016-04-21T02:45:04.000000;6cef9529-021e-4a09-839e-0957b413635c;445.0;1.5;UNKNOWN
2016-04-21T02:45:04.000000;2016-04-21T02:45:04.000000;8dbb4217-ceae-433d-aee4-67a8b5313735;445.1;0.115073;UNKNOWN
2016-04-21T02:45:04.000000;2016-04-21T02:45:04.000000;64a40bba-f3a0-4ecc-a698-6e194b52cddc;445.06;1.0;UNKNOWN
2016-04-21T02:45:04.000000;2016-04-21T02:45:04.000000;7462e242-ceb1-4cbf-a8e2-503cef85aabd;445.0;0.5;UNKNOWN
2016-04-21T02:45:04.000000;2016-04-21T02:45:04.000000;38d92478-2674-4de1-bc12-eb32fb797ead;444.75;0.01;UNKNOWN
2016-04-21T02:45:04.000000;2016-04-21T02:45:04.000000;753621d1-7e21-48e3-ba87-4bb72b9cfaf4;445.0;0.5;UNKNOWN
2016-04-21T02:45:04.000000;2016-04-21T02:45:04.000000;a4234aeb-a683-4632-8d0f-6f906074624e;444.65;0.3;UNKNOWN
2016-04-21T02:45:04.000000;2016-04-21T02:45:04.000000;08398307-6702-4b70-a94c-539361e9d205;444.52;3.350888;UNKNOWN
2016-04-21T02:45:08.000000;2016-04-21T02:45:08.000000;71b6aee0-ef94-4045-9618-00c831a5e9b4;444.39;10.0;UNKNOWN
2016-04-21T02:45:15.000000;2016-04-21T02:45:15.000000;aa41176d-330f-4678-bf5d-fbf02cb0714c;445.11;0.062553;UNKNOWN
2016-04-21T02:45:32.000000;2016-04-21T02:45:32.000000;d25b33a3-cc58-47aa-9ef8-746db21670ec;444.39;13.00819332;UNKNOWN
2016-04-21T02:45:32.000000;2016-04-21T02:45:32.000000;3ece940f-9fa0-47a3-ad76-685511a3bde3;444.39;2.0;UNKNOWN
2016-04-21T02:45:32.000000;2016-04-21T02:45:32.000000;00a51779-d7ef-45cb-b56b-2342ffdc8c5f;444.39;1.0;UNKNOWN
2016-04-21T02:45:59.000000;2016-04-21T02:45:59.000000;97e4592d-7f48-436c-aba7-47743ade75f1;444.39;0.1;UNKNOWN
2016-04-21T02:46:21.000000;2016-04-21T02:46:21.000000;df0f0581-698c-4c56-ad25-dcfc842cc73b;444.39;0.1;UNKNOWN
2016-04-21T02:46:44.000000;2016-04-21T02:46:44.000000;6af7e189-f8af-44bc-aa49-b9e1df544656;444.39;0.1;UNKNOWN
2016-04-21T02:47:06.000000;2016-04-21T02:47:06.000000;4c160fcf-6c24-41d6-8c5e-3a5e5463a629;444.39;0.1;UNKNOWN
2016-04-21T02:47:29.000000;2016-04-21T02:47:29.000000;a7c90014-07eb-487c-8aa7-69131bead9ac;444.39;0.1;UNKNOWN
2016-04-21T02:47:43.000000;2016-04-21T02:47:43.000000;90f296dd-f311-45a5-9f05-a65afde1b6ea;444.4;0.826598;UNKNOWN
2016-04-21T02:47:51.000000;2016-04-21T02:47:51.000000;e4bd3f96-1b4c-45a9-8934-c65c827721e5;444.39;0.1;UNKNOWN
2016-04-21T02:48:12.000000;2016-04-21T02:48:12.000000;51512824-5df8-4616-b081-0907380c9cb0;444.4;10.0;UNKNOWN
2016-04-21T02:48:14.000000;2016-04-21T02:48:14.000000;d7931482-334f-4e7f-8c4a-b0888088f43f;444.39;0.1;UNKNOWN
2016-04-21T02:48:23.000000;2016-04-21T02:48:23.000000;c5aafe3f-d822-412e-9880-edb4ea231f77;445.06;0.35991295;UNKNOWN
2016-04-21T02:48:23.000000;2016-04-21T02:48:23.000000;4db15a71-e29a-4fa6-9533-93a12dbbd5f7;444.41;2.99;UNKNOWN
2016-04-21T02:48:23.000000;2016-04-21T02:48:23.000000;99c589da-e4a4-47c1-8a0e-57328b9bb704;444.4;7.20801138;UNKNOWN
2016-04-21T02:48:27.000000;2016-04-21T02:48:27.000000;c6cd5bcf-81ac-4d12-a75a-c3506f6181f1;445.06;0.01;UNKNOWN
2016-04-21T02:48:36.000000;2016-04-21T02:48:36.000000;9dd64aaa-e439-4b49-a80b-93963d7bba31;444.66;0.1;UNKNOWN
2016-04-21T02:48:58.000000;2016-04-21T02:48:58.000000;d3431ea6-d9c8-49a3-96e1-fc88bc9f6b05;444.48;0.1;UNKNOWN
2016-04-21T02:49:21.000000;2016-04-21T02:49:21.000000;a41e0334-026d-4fd4-a8c4-5fa4536dff77;444.68;0.1;UNKNOWN
2016-04-21T02:49:48.000000;2016-04-21T02:49:48.000000;eaaf5212-5312-490f-9c32-fc2f69892d7d;444.68;0.1;UNKNOWN
2016-04-21T02:50:06.000000;2016-04-21T02:50:06.000000;147b8696-49e8-4bbf-8b2f-f930569d679c;444.68;0.04519872;UNKNOWN
2016-04-21T02:50:18.000000;2016-04-21T02:50:18.000000;55808b43-003f-47f5-b303-3d4fbd3d6957;445.06;0.5;UNKNOWN
2016-04-21T02:51:32.000000;2016-04-21T02:51:32.000000;c9bf565c-bdf0-42c1-813b-539e1d95b8fe;445.06;0.89;UNKNOWN
2016-04-21T02:52:06.000000;2016-04-21T02:52:06.000000;9d62f346-d75c-4f25-bc6c-bbdf1eef71b1;444.71;0.05;UNKNOWN
2016-04-21T02:52:32.000000;2016-04-21T02:52:32.000000;79cc93f0-f964-4b3c-a9aa-a4749eb04a12;444.71;0.01332195;UNKNOWN
2016-04-21T02:53:43.000000;2016-04-21T02:53:43.000000;73a5bd1a-2b81-4080-b3d5-8c1df344a2da;444.72;0.2502;UNKNOWN
2016-04-21T02:53:43.000000;2016-04-21T02:53:43.000000;0694c178-7a1d-4cdf-a06e-9cb1385e2761;444.69;0.363335;UNKNOWN
2016-04-21T02:53:43.000000;2016-04-21T02:53:43.000000;15d5b459-be09-4b18-813d-0c971922b6f3;444.71;0.060865;UNKNOWN
2016-04-21T02:56:10.000000;2016-04-21T02:56:10.000000;f8a1546e-1dbe-4835-b06d-68fa99e56246;445.11;4.33158265;UNKNOWN
2016-04-21T02:56:10.000000;2016-04-21T02:56:10.000000;eaa01e40-3599-4db8-9fb1-d88830cc77d2;444.99;6.6847;UNKNOWN
2016-04-21T02:56:10.000000;2016-04-21T02:56:10.000000;55124f73-bd02-44c7-88a5-1e35ec98cb35;445.0;2.16;UNKNOWN
2016-04-21T02:56:10.000000;2016-04-21T02:56:10.000000;d70ab84f-dd5b-499f-8745-3f34bb6692ae;445.07;4.33158265;UNKNOWN
2016-04-21T02:56:10.000000;2016-04-21T02:56:10.000000;95c91851-ca37-4108-b80f-1d84e8aaca0b;445.12;4.3321456;UNKNOWN
2016-04-21T02:56:10.000000;2016-04-21T02:56:10.000000;06a6a2d4-ebdf-41a8-b95b-8310d4276e25;445.18;8.23;UNKNOWN
2016-04-21T02:56:10.000000;2016-04-21T02:56:10.000000;ebedc85a-384f-486c-a2b6-60b583ddec9d;445.19;10.59835954;UNKNOWN
2016-04-21T02:56:10.000000;2016-04-21T02:56:10.000000;05d509c3-c048-494a-8742-2aa509d84f00;445.19;4.33162956;UNKNOWN
2016-04-21T02:56:21.000000;2016-04-21T02:56:21.000000;628c1688-0e1e-4aaa-8f17-3ab187dd2e0f;445.23;4.33162956;UNKNOWN
2016-04-21T02:56:21.000000;2016-04-21T02:56:21.000000;b4455123-2203-42a9-9413-0c8d6163bf33;445.24;0.66837044;UNKNOWN
2016-04-21T02:56:50.000000;2016-04-21T02:56:50.000000;ac5cc7c9-1f03-4b89-bdb7-32ba5f939888;444.93;0.00149255;UNKNOWN
2016-04-21T02:58:08.000000;2016-04-21T02:58:08.000000;e73e1ed0-5420-47f9-a72e-3018ee0ec304;445.08;0.05;UNKNOWN
2016-04-21T02:58:10.000000;2016-04-21T02:58:10.000000;cbca167c-7d6e-4d58-978a-3cdff98bb554;444.68;0.01;UNKNOWN
2016-04-21T02:58:12.000000;2016-04-21T02:58:12.000000;b971eee3-9ab7-415b-bb09-b156ae3dbd03;445.08;0.1468;UNKNOWN
2016-04-21T02:58:15.000000;2016-04-21T02:58:15.000000;9a7fb143-1e08-4931-9e57-a0bfbce6da47;444.68;0.01;UNKNOWN
2016-04-21T02:58:24.000000;2016-04-21T02:58:24.000000;9b263535-2b53-4c7a-9fa6-3fe976443cc7;444.68;0.01;UNKNOWN
2016-04-21T02:58:29.000000;2016-04-21T02:58:29.000000;fe554d91-77dc-4775-97f0-2998eb3d590c;444.68;0.01;UNKNOWN
2016-04-21T02:58:37.000000;2016-04-21T02:58:37.000000;bbc26252-f976-4c0e-8b6a-a72fd1ffba43;444.72;0.01;UNKNOWN
2016-04-21T02:58:42.000000;2016-04-21T02:58:42.000000;b082ec13-77a4-403a-92f7-8268814e38d9;444.72;0.01;UNKNOWN
2016-04-21T02:58:48.000000;2016-04-21T02:58:48.000000;716eb4d3-5a58-4f1a-adda-f59069d48ee6;444.72;0.01;UNKNOWN
2016-04-21T02:58:58.000000;2016-04-21T02:58:58.000000;c99372b3-3400-4256-81b4-b3fffa94ceae;444.68;0.01;UNKNOWN
2016-04-21T03:00:48.000000;2016-04-21T03:00:48.000000;7088bd93-b70b-4d31-bc88-7e5293225991;444.9;8.3174;UNKNOWN
2016-04-21T03:00:48.000000;2016-04-21T03:00:48.000000;0210040d-9797-474a-875f-c9c43b505b23;444.9;6.6826;UNKNOWN
2016-04-21T03:05:03.000000;2016-04-21T03:05:03.000000;46fc89ec-b45e-41f2-8273-ac3e973ef7f2;444.71;0.05858618;UNKNOWN
2016-04-21T03:06:07.000000;2016-04-21T03:06:07.000000;51748666-e205-45af-b34b-2b6000fcac7c;444.58;0.0237;UNKNOWN
2016-04-21T03:06:07.000000;2016-04-21T03:06:07.000000;382481a0-6d51-4f83-aff2-caf32a4af0d3;444.71;0.00221282;UNKNOWN
2016-04-21T03:06:07.000000;2016-04-21T03:06:07.000000;aeef152c-b4c6-4742-99b2-4f8b41d08125;444.68;0.233;UNKNOWN
2016-04-21T03:06:07.000000;2016-04-21T03:06:07.000000;7727059d-8b64-437b-b5a0-ce1ad2531738;444.31;0.93526338;UNKNOWN
2016-04-21T03:06:18.000000;2016-04-21T03:06:18.000000;0e922fdc-1cf8-4b45-b297-ace06526b989;444.71;0.03188297;UNKNOWN
2016-04-21T03:06:28.000000;2016-04-21T03:06:28.000000;f572b6d9-d2c0-45e0-82c4-21621834a480;444.72;12.29658297;UNKNOWN
2016-04-21T03:06:28.000000;2016-04-21T03:06:28.000000;c1c8b1ff-6f49-4e7a-88f9-0d5e3982dafe;444.71;6.70341703;UNKNOWN
2016-04-21T03:07:32.000000;2016-04-21T03:07:32.000000;69ab2a9a-4c51-40eb-a578-8aafda53c107;444.44;8.0;UNKNOWN
2016-04-21T03:07:32.000000;2016-04-21T03:07:32.000000;07c3cf26-5349-4d81-9ab6-3e25d4fccb59;444.72;6.0;UNKNOWN
2016-04-21T03:09:04.000000;2016-04-21T03:09:04.000000;8c9526c3-8316-4c8a-97ad-c2fe6dedb7dc;444.52;0.0523;UNKNOWN
2016-04-21T03:09:05.000000;2016-04-21T03:09:05.000000;817463ea-0e3c-481a-8c62-e9fff9952ea6;445.42;3.10658297;UNKNOWN
2016-04-21T03:09:05.000000;2016-04-21T03:09:05.000000;06c9fe19-aa7f-4f4c-8983-c15b5b7d9331;444.72;2.70341703;UNKNOWN
2016-04-21T03:09:05.000000;2016-04-21T03:09:05.000000;6d04c571-b000-45ee-8a88-57e3e6cc8a70;445.0;0.19;UNKNOWN
2016-04-21T03:09:14.000000;2016-04-21T03:09:14.000000;a8461d15-6b5f-4c8c-89f8-da7e97aa5b11;444.66;0.06762529;UNKNOWN
2016-04-21T03:09:21.000000;2016-04-21T03:09:21.000000;9c15e65d-1ef7-4be5-80df-c261e9110e65;445.57;2.5;UNKNOWN
2016-04-21T03:10:06.000000;2016-04-21T03:10:06.000000;57cae94e-670a-4530-99f6-c541cc6ead24;444.62;3.10658297;UNKNOWN
2016-04-21T03:10:06.000000;2016-04-21T03:10:06.000000;3a89757c-1add-4ff8-b5be-539e281f653a;444.61;1.48628117;UNKNOWN
2016-04-21T03:11:14.000000;2016-04-21T03:11:14.000000;903ac1e3-28f4-49fd-824e-038ed66a4aa4;445.28;0.5;UNKNOWN
2016-04-21T03:11:59.000000;2016-04-21T03:11:59.000000;d1b31b39-1bce-4f12-b88c-6172d13d119b;445.43;2.5;UNKNOWN
2016-04-21T03:13:03.000000;2016-04-21T03:13:03.000000;e299c827-8422-4fb9-b835-2652289fe3b1;444.59;0.124;UNKNOWN
2016-04-21T03:14:05.000000;2016-04-21T03:14:05.000000;94eb3146-c415-4104-9529-3b49ce18b73c;445.25;4.0;UNKNOWN
2016-04-21T03:14:12.000000;2016-04-21T03:14:12.000000;65e34942-7b9c-4202-aecd-ab1a7db737cd;445.25;4.0;UNKNOWN
2016-04-21T03:14:33.000000;2016-04-21T03:14:33.000000;35a3bd19-44e2-4487-84dc-e82498fcf938;445.42;4.0;UNKNOWN
2016-04-21T03:14:39.000000;2016-04-21T03:14:39.000000;3f1fc9a4-8437-4302-8935-c49cfc11dd40;444.58;0.0237;UNKNOWN
2016-04-21T03:14:39.000000;2016-04-21T03:14:39.000000;4128db89-9531-4764-ae66-fc1eeea01623;444.58;0.060821;UNKNOWN
2016-04-21T03:14:39.000000;2016-04-21T03:14:39.000000;5a5b5c87-4e4b-4099-bb24-665f09e6603a;444.53;0.8169874;UNKNOWN
2016-04-21T03:14:41.000000;2016-04-21T03:14:41.000000;eba86eb3-dc24-49b6-88ce-dec108b36a79;445.27;4.0;UNKNOWN
2016-04-21T03:14:47.000000;2016-04-21T03:14:47.000000;44921391-4b9f-438a-8010-39bde8c96119;445.42;1.5;UNKNOWN
2016-04-21T03:15:07.000000;2016-04-21T03:15:07.000000;052225a9-f9b8-4a9c-8c07-d19dfdd73a4f;444.53;0.71946632;UNKNOWN
2016-04-21T03:15:14.000000;2016-04-21T03:15:14.000000;3b9b7202-c351-43eb-9d42-54121491223a;444.53;0.11268473;UNKNOWN
2016-04-21T03:15:15.000000;2016-04-21T03:15:15.000000;7c2dd65e-9ad6-4a0c-bb25-53af69408f6a;444.53;0.02663643;UNKNOWN
2016-04-21T03:15:16.000000;2016-04-21T03:15:16.000000;7c11e9a4-42a1-49ab-8a5f-d1fae0bdd0e7;444.53;0.16379507;UNKNOWN
2016-04-21T03:15:19.000000;2016-04-21T03:15:19.000000;bc5bb5a6-4b6e-4ab0-b7ba-e1a88b247a1f;444.53;0.83085426;UNKNOWN
2016-04-21T03:15:25.000000;2016-04-21T03:15:25.000000;ff145b25-4832-4ff2-8d31-cf115d8bda03;444.53;0.83971863;UNKNOWN
2016-04-21T03:15:29.000000;2016-04-21T03:15:29.000000;27c26d6f-20e1-4ac9-a6c4-26314e7eba05;444.53;0.060785;UNKNOWN
2016-04-21T03:15:29.000000;2016-04-21T03:15:29.000000;8d08ff9a-12cc-4b3a-99fa-eba72dc5c5c5;444.51;0.08877921;UNKNOWN
2016-04-21T03:15:30.000000;2016-04-21T03:15:30.000000;8a2ed937-730c-46fb-bcac-6ea8bacaeabc;444.51;0.02990653;UNKNOWN
2016-04-21T03:15:31.000000;2016-04-21T03:15:31.000000;d7c6c7a3-92b9-4886-8d74-c5b2d444df46;444.51;0.09868994;UNKNOWN
2016-04-21T03:15:32.000000;2016-04-21T03:15:32.000000;ac030182-c126-4f5d-ae81-7dc5f916e005;444.51;0.16594083;UNKNOWN
2016-04-21T03:15:33.000000;2016-04-21T03:15:33.000000;ceb317c8-4a2a-4493-9e13-de3e2e1d87ab;444.51;0.20744245;UNKNOWN
2016-04-21T03:15:35.000000;2016-04-21T03:15:35.000000;82f7cb57-33ec-4e62-9ba3-fa20e87a9676;444.51;0.13797727;UNKNOWN
2016-04-21T03:15:37.000000;2016-04-21T03:15:37.000000;59a30c3b-4a46-401e-ac39-1dd4663ba2e8;444.51;0.11774683;UNKNOWN
2016-04-21T03:15:38.000000;2016-04-21T03:15:38.000000;566afb3c-d82e-4d83-8054-6fe2b4d603c0;444.51;0.04640503;UNKNOWN
2016-04-21T03:15:39.000000;2016-04-21T03:15:39.000000;4a9c2b09-7603-4d1f-b3c7-a06776549a08;444.51;0.155956;UNKNOWN
2016-04-21T03:15:40.000000;2016-04-21T03:15:40.000000;78d7dd0b-7b5a-4dee-b308-fb905c5bbcc3;444.51;0.63954688;UNKNOWN
2016-04-21T03:15:42.000000;2016-04-21T03:15:42.000000;505342c1-1462-409e-bb65-cc00daa79c57;444.51;0.85948094;UNKNOWN
2016-04-21T03:15:45.000000;2016-04-21T03:15:45.000000;64120baf-77a7-46ee-9abd-771a47ed8958;444.53;0.060808;UNKNOWN
2016-04-21T03:15:45.000000;2016-04-21T03:15:45.000000;574b02aa-3de9-4b59-a3c5-76af404c6371;444.51;0.05227674;UNKNOWN
2016-04-21T03:15:46.000000;2016-04-21T03:15:46.000000;2f12aa91-711f-49f9-8778-f5e7ab906e1d;444.51;0.57332417;UNKNOWN
2016-04-21T03:15:47.000000;2016-04-21T03:15:47.000000;70ddf623-4283-4e55-88c9-bec5f294d709;444.51;0.17393144;UNKNOWN
2016-04-21T03:15:48.000000;2016-04-21T03:15:48.000000;942e1bb5-4143-4986-aded-13742d3be0f3;444.51;0.01222445;UNKNOWN
2016-04-21T03:15:50.000000;2016-04-21T03:15:50.000000;04e8edac-e374-4428-baa5-b65d70da0970;444.51;0.14154156;UNKNOWN
2016-04-21T03:15:51.000000;2016-04-21T03:15:51.000000;ef9d5657-2853-4182-9940-db4669c33614;444.51;0.1985769;UNKNOWN
2016-04-21T03:15:52.000000;2016-04-21T03:15:52.000000;4f4fc336-3400-49c1-82f9-3dcc086ffd40;444.51;0.8672001;UNKNOWN
2016-04-21T03:16:01.000000;2016-04-21T03:16:01.000000;0c16fa73-9e0f-4411-b1ff-44e5f96bf86d;444.51;0.20223304;UNKNOWN
2016-04-21T03:16:01.000000;2016-04-21T03:16:01.000000;2de2faac-06fd-4ce7-ba79-bb1bc6bdebac;445.0;0.2;UNKNOWN
2016-04-21T03:16:01.000000;2016-04-21T03:16:01.000000;e47d0c85-2a75-45c8-b272-099a02225ed8;445.08;0.8;UNKNOWN
2016-04-21T03:16:08.000000;2016-04-21T03:16:08.000000;aec31da8-18fd-4136-ad34-5fc0ee534da7;444.51;0.12913887;UNKNOWN
2016-04-21T03:16:09.000000;2016-04-21T03:16:09.000000;79aebf5d-96d8-49f5-a8c6-d0b6c83752bb;444.51;0.13906379;UNKNOWN
2016-04-21T03:16:10.000000;2016-04-21T03:16:10.000000;46fedf4c-5733-44e1-8572-5dd454d13f3c;444.51;0.08655085;UNKNOWN
2016-04-21T03:16:12.000000;2016-04-21T03:16:12.000000;449ee873-14b7-4405-9d91-9a35ff7c1767;444.51;0.19506981;UNKNOWN
2016-04-21T03:16:13.000000;2016-04-21T03:16:13.000000;896c4fa9-854f-4b93-8f08-355119b24add;444.51;0.67838857;UNKNOWN
2016-04-21T03:16:14.000000;2016-04-21T03:16:14.000000;2bb23213-dc6d-42b9-9def-52c68738f10a;444.51;0.88082194;UNKNOWN
2016-04-21T03:16:20.000000;2016-04-21T03:16:20.000000;a1fa217c-677d-48c8-aa76-b2f9025a0983;444.52;0.65242672;UNKNOWN
2016-04-21T03:16:30.000000;2016-04-21T03:16:30.000000;4b2acd20-e70c-42d1-bec6-24003272e874;444.52;0.65587713;UNKNOWN
2016-04-21T03:16:46.000000;2016-04-21T03:16:46.000000;eba7c47f-2c23-4640-8871-4854cc2f6590;444.52;0.20583776;UNKNOWN
2016-04-21T03:16:47.000000;2016-04-21T03:16:47.000000;ca9bd6e0-650e-470b-bc02-ecae290060e1;444.52;0.11535974;UNKNOWN
2016-04-21T03:16:48.000000;2016-04-21T03:16:48.000000;b1d5c5bf-61dc-4e99-99c5-800d98a211c5;444.52;0.04844433;UNKNOWN
2016-04-21T03:16:49.000000;2016-04-21T03:16:49.000000;010500f2-d9f9-4afd-82ad-bdd18cfef25b;444.52;0.19604311;UNKNOWN
2016-04-21T03:16:50.000000;2016-04-21T03:16:50.000000;6b37d00b-1b4b-4037-8b94-ed0dcbcff71b;444.52;0.639509;UNKNOWN
2016-04-21T03:16:52.000000;2016-04-21T03:16:52.000000;a6c0a241-3381-433a-8389-f1bdebde10de;444.52;0.8709155;UNKNOWN
2016-04-21T03:17:02.000000;2016-04-21T03:17:02.000000;74a5c085-602b-4334-8f4c-1e8f9c1e880a;444.53;0.67208443;UNKNOWN
2016-04-21T03:17:04.000000;2016-04-21T03:17:04.000000;7fca13ad-ad89-4ffa-a082-c449d0293e34;444.53;0.19678007;UNKNOWN
2016-04-21T03:17:05.000000;2016-04-21T03:17:05.000000;3b4ba0c5-4f93-4614-a520-66345d0990e8;444.53;0.08312443;UNKNOWN
2016-04-21T03:17:07.000000;2016-04-21T03:17:07.000000;cc5ba5f9-41ca-46f7-b462-8e5bd91d7b1a;444.53;0.08005474;UNKNOWN
2016-04-21T03:17:08.000000;2016-04-21T03:17:08.000000;fd318224-888b-4ca3-aeaa-f4a9e9febd24;444.53;0.12314;UNKNOWN
2016-04-21T03:17:09.000000;2016-04-21T03:17:09.000000;cc74e7d2-6283-4f00-8932-22624cb9b788;444.53;0.83486743;UNKNOWN
2016-04-21T03:17:25.000000;2016-04-21T03:17:25.000000;f3aa5366-7748-4ab0-803d-2422828fbbd6;444.88;0.12559344;UNKNOWN
2016-04-21T03:17:49.000000;2016-04-21T03:17:49.000000;3c0d241b-25da-440c-b1a7-9fdd1015d254;444.9;0.06903792;UNKNOWN
2016-04-21T03:17:52.000000;2016-04-21T03:17:52.000000;6806f99c-e692-435e-8abd-bd4ceec91f21;444.9;0.16203182;UNKNOWN
2016-04-21T03:17:53.000000;2016-04-21T03:17:53.000000;0e7f0ef4-8292-4a2d-9510-a6ba3d991514;444.9;0.69896116;UNKNOWN
2016-04-21T03:17:54.000000;2016-04-21T03:17:54.000000;41beb743-0bc7-4295-a460-84accf6eaf94;444.9;0.866083;UNKNOWN
2016-04-21T03:17:55.000000;2016-04-21T03:17:55.000000;6ac553bb-8304-4f5a-a481-1a0a0be805f1;445.07;6.6856;UNKNOWN
2016-04-21T03:17:55.000000;2016-04-21T03:17:55.000000;90ba36f0-cca1-4862-b90b-bbbf33d74d19;445.08;11.3144;UNKNOWN
2016-04-21T03:17:55.000000;2016-04-21T03:17:55.000000;a9a820ec-a3b1-42fa-929f-6c302e9ddfc2;444.9;0.1326354;UNKNOWN
2016-04-21T03:17:56.000000;2016-04-21T03:17:56.000000;8f061929-135e-4722-892e-d9317a3797f4;444.9;0.08703378;UNKNOWN
2016-04-21T03:17:57.000000;2016-04-21T03:17:57.000000;e8359b40-33a0-48f8-9e18-ea768b282703;444.9;0.07321514;UNKNOWN
2016-04-21T03:17:59.000000;2016-04-21T03:17:59.000000;4ea34108-763b-49f8-8cbe-3eb7e986a6c5;444.9;0.15245979;UNKNOWN
2016-04-21T03:18:00.000000;2016-04-21T03:18:00.000000;09e2d2d6-5938-4590-a542-a2614abdaf2c;444.9;0.10202671;UNKNOWN
2016-04-21T03:18:01.000000;2016-04-21T03:18:01.000000;83548b0e-8c26-4404-a226-098b9498edcd;444.9;0.05292277;UNKNOWN
2016-04-21T03:18:03.000000;2016-04-21T03:18:03.000000;54e7c9f1-7376-4248-a8b6-7cf7534b40bb;444.9;0.16411262;UNKNOWN
2016-04-21T03:18:04.000000;2016-04-21T03:18:04.000000;bc5c274b-5888-41ec-b6fa-fba67d818a57;444.9;0.63663761;UNKNOWN
2016-04-21T03:18:05.000000;2016-04-21T03:18:05.000000;31c9c2c2-c7ad-4000-98c4-aea01367470a;444.9;0.85551348;UNKNOWN
2016-04-21T03:18:11.000000;2016-04-21T03:18:11.000000;66482df6-fdf4-482f-9b0b-7bdf74edbe1f;444.9;0.060822;UNKNOWN
2016-04-21T03:18:11.000000;2016-04-21T03:18:11.000000;f1aabc05-38ef-49b8-9275-12df4f2dc983;444.89;0.08621082;UNKNOWN
2016-04-21T03:18:12.000000;2016-04-21T03:18:12.000000;4e1d15d2-ed0d-487b-adf5-379640a848ea;444.89;0.09906832;UNKNOWN
2016-04-21T03:18:13.000000;2016-04-21T03:18:13.000000;50d6d40e-8b1f-4a68-8df4-a3ec2ec2c348;444.89;0.08269701;UNKNOWN
2016-04-21T03:18:14.000000;2016-04-21T03:18:14.000000;08f8a764-aefa-44ee-8481-01aec800cc39;444.89;0.15330098;UNKNOWN
2016-04-21T03:18:16.000000;2016-04-21T03:18:16.000000;5915cc15-fafd-4152-b54e-42fa02aa1e64;444.89;0.07175414;UNKNOWN
