time_exchange;time_coinpai;guid;price;base_amount;taker_side
2016-04-21T00:00:00.913479;2016-04-21T00:00:00.974368;40de9a4d-554d-4ea0-aa6f-192ae19a20b3;442.84;0.017;SELL
2016-04-21T00:00:00.913645;2016-04-21T00:00:00.989991;fa3b4998-828a-425e-8d18-2c6ae2ff4290;442.83;0.01;SELL
2016-04-21T00:00:00.913806;2016-04-21T00:00:00.989991;634538d2-5d4d-4c40-9cb0-50afbb4c0ba4;442.82;0.017;SELL
2016-04-21T00:00:00.913968;2016-04-21T00:00:00.989991;29158d4d-2fd9-426d-9b86-dbba9cdf530d;442.81;0.017;SELL
2016-04-21T00:00:00.914160;2016-04-21T00:00:00.989991;603d7cd2-74b9-42d7-92ae-37b78b13a58d;442.8;0.01002599;SELL
2016-04-21T00:00:00.914322;2016-04-21T00:00:00.989991;16fb9e07-5d43-46b1-8371-90f8ca8ca2ae;442.75;0.29;SELL
2016-04-21T00:00:00.914489;2016-04-21T00:00:00.989991;40e0d266-716d-4609-b0e0-849bef65d562;442.74;0.01;SELL
2016-04-21T00:00:00.914654;2016-04-21T00:00:01.005617;aceca71b-8811-468b-9ef4-a6e9aec6f666;442.73;0.01;SELL
2016-04-21T00:00:00.914823;2016-04-21T00:00:01.005617;b1e01b1d-a19f-4b01-80c1-a724f2335976;442.71;0.01;SELL
2016-04-21T00:00:00.915006;2016-04-21T00:00:01.005617;8f3b881a-6296-4039-9da6-736ef2382250;442.71;0.082;SELL
2016-04-21T00:00:00.915166;2016-04-21T00:00:01.005617;f1cd20e8-b6a9-45b6-9174-d2192bbb1bd5;442.7;0.01002712;SELL
2016-04-21T00:00:00.915331;2016-04-21T00:00:01.021242;652a75a9-d660-4af6-9c43-c133247a2a51;442.7;0.01;SELL
2016-04-21T00:00:00.915486;2016-04-21T00:00:01.021242;596f9905-d82b-47a7-9802-bc170e1bdc69;442.69;0.017;SELL
2016-04-21T00:00:00.915649;2016-04-21T00:00:01.021242;17dc37e1-29e1-4e8d-8aa3-709a48143336;442.69;0.15;SELL
2016-04-21T00:00:00.915800;2016-04-21T00:00:01.021242;50ad686b-23e2-4bbf-b470-34ce140602d9;442.68;0.01;SELL
2016-04-21T00:00:00.915957;2016-04-21T00:00:01.021242;df4a367a-f464-44e7-bc72-e672756fad18;442.68;0.017;SELL
2016-04-21T00:00:00.916131;2016-04-21T00:00:01.021242;8659f8d1-9f6a-454d-a556-1e190f1202ca;442.67;0.015;SELL
2016-04-21T00:00:00.916279;2016-04-21T00:00:01.021242;6b903898-0313-46bd-948b-4d8f60334715;442.66;0.08019689;SELL
2016-04-21T00:00:30.953853;2016-04-21T00:00:30.990006;2f0d00f5-24ef-4073-b75f-7b16c7353737;442.76;0.111;BUY
2016-04-21T00:00:30.954185;2016-04-21T00:00:30.990006;9ed17c00-11cf-4de6-b071-5256a808c3ee;442.78;0.28;BUY
2016-04-21T00:00:30.954404;2016-04-21T00:00:31.005631;535e058d-40cc-40a7-9c4a-ba1616bdfc1f;442.79;0.46;BUY
2016-04-21T00:00:30.954561;2016-04-21T00:00:31.005631;6d1934a1-5761-4a30-bbea-d2c6445d77c8;442.8;0.01002712;BUY
2016-04-21T00:00:30.954703;2016-04-21T00:00:31.005631;d1357f40-981b-45c3-a09c-13d3eacd7c2d;442.8;0.39376288;BUY
2016-04-21T00:01:01.869487;2016-04-21T00:01:01.896276;fbb43892-d6d0-46fc-952a-64b65166638d;442.78;0.01;BUY
2016-04-21T00:01:01.869690;2016-04-21T00:01:01.911898;656c40c3-e2b8-4df3-8f39-ee53fc92ed41;442.79;0.108;BUY
2016-04-21T00:01:31.951426;2016-04-21T00:01:31.990062;326f8670-5781-4f84-8b95-9df217eeade3;442.81;5.152;BUY
2016-04-21T00:01:31.951618;2016-04-21T00:01:31.990062;675a7d23-529b-4cd3-bb08-fcedce24e580;442.81;0.15;BUY
2016-04-21T00:01:31.951761;2016-04-21T00:01:31.990062;30289e40-9f2b-4422-9780-84cc4720a7a1;442.85;0.39858;BUY
2016-04-21T00:01:45.132198;2016-04-21T00:01:45.161929;ac7bc0b8-6444-46d6-915d-a3499a398e1f;442.77;0.015;SELL
2016-04-21T00:01:45.132354;2016-04-21T00:01:45.177554;87a19c40-b513-4198-a3a9-be8b3eab0a45;442.77;0.035;SELL
2016-04-21T00:02:00.779589;2016-04-21T00:02:00.802514;0b6ae815-4998-4864-951f-73509fa6aad8;442.86;0.01;BUY
2016-04-21T00:02:00.779821;2016-04-21T00:02:00.818176;872a735e-08fa-415d-8f7f-8786b674899e;442.86;0.098;BUY
2016-04-21T00:02:00.780032;2016-04-21T00:02:00.818176;b08c6654-89d6-4c14-8e42-c77508d5b83b;442.87;0.016;BUY
2016-04-21T00:02:00.780192;2016-04-21T00:02:00.818176;eacef1d4-c023-4873-9dea-26c101266c07;442.89;0.01;BUY
2016-04-21T00:02:00.780348;2016-04-21T00:02:00.818176;a9b976e7-97fc-4fd8-b71f-6b1510bcb2af;442.9;0.01002599;BUY
2016-04-21T00:02:00.780503;2016-04-21T00:02:00.818176;55a3eee7-9b57-4519-b712-0f3fb21feb50;442.92;0.01;BUY
2016-04-21T00:02:00.780664;2016-04-21T00:02:00.833802;32a2dcf5-5ddb-41d4-8b57-03737a4469f2;442.95;0.23;BUY
2016-04-21T00:02:00.780802;2016-04-21T00:02:00.833802;848d713e-6415-4922-882c-60518426bcf0;442.96;0.29334401;BUY
2016-04-21T00:02:30.876762;2016-04-21T00:02:30.911942;9cd7bc32-4962-488f-95e6-82f74e519ebd;442.8;0.3;BUY
2016-04-21T00:02:30.876954;2016-04-21T00:02:30.927568;80b8e3bd-55f0-45d7-b2bc-2fe7fd3010d8;442.8;0.093;BUY
2016-04-21T00:02:30.877157;2016-04-21T00:02:30.927568;a61580f0-c027-4d4e-b1e3-8e41bcc8f0cb;442.8;0.0255;BUY
2016-04-21T00:02:30.877325;2016-04-21T00:02:30.927568;4f8a90ed-e83f-44c5-bb85-065455b17810;442.8;0.0307;BUY
2016-04-21T00:02:30.877781;2016-04-21T00:02:30.927568;bafc6bc8-f4e2-40dc-87e4-bcac02df4fe8;442.94;0.01;BUY
2016-04-21T00:02:30.877938;2016-04-21T00:02:30.927568;0fd06556-1579-4059-b543-f3e5de2922be;442.94;0.03745;BUY
2016-04-21T00:03:03.258184;2016-04-21T00:03:03.286969;7b862a04-55cf-4db2-928a-c732a255844a;442.79;0.014;SELL
2016-04-21T00:03:03.258409;2016-04-21T00:03:03.318211;307ed2c7-36a1-4fed-aca3-7a5d53b80b5e;442.79;0.01;SELL
2016-04-21T00:03:03.258623;2016-04-21T00:03:03.349461;02a75a2c-2826-4521-b9fb-17ff8bfe6b5b;442.78;0.015;SELL
2016-04-21T00:03:03.258772;2016-04-21T00:03:03.380711;441d98ab-c848-48e0-a7eb-1b162f89fef6;442.76;0.00524;SELL
2016-04-21T00:03:35.139448;2016-04-21T00:03:35.161980;a0972eed-5f31-4617-b278-5c05230a22a9;442.77;0.0264;BUY
2016-04-21T00:03:35.139640;2016-04-21T00:03:35.177600;6e78a2d7-f760-435c-abc3-dd58f223a670;442.78;0.0267;BUY
2016-04-21T00:03:35.139820;2016-04-21T00:03:35.177600;011647ed-6279-416c-bac0-76fbf38431ce;442.8;0.129;BUY
2016-04-21T00:03:35.140016;2016-04-21T00:03:35.177600;a71c93a5-4d93-4593-9f65-f39e4ee81f34;442.8;0.15;BUY
2016-04-21T00:03:35.140177;2016-04-21T00:03:35.177600;ddbabbfd-127b-4eec-9d68-158f1923e4e9;442.81;0.22353;BUY
2016-04-21T00:04:00.933313;2016-04-21T00:04:00.958865;98b4ad50-6d7e-4a46-8e6d-9625281a482e;442.8;0.01273;BUY
2016-04-21T00:04:04.185306;2016-04-21T00:04:04.208870;58ed9b07-d4a8-443c-a194-c009d6fc9f60;442.8;0.09;BUY
2016-04-21T00:04:11.653797;2016-04-21T00:04:11.677624;ac4f13a7-88e1-4924-bd32-780c33106b53;442.81;0.0443;BUY
2016-04-21T00:04:13.820454;2016-04-21T00:04:13.833875;71c0749c-3033-47ab-a67d-01f60f01bf19;442.77;0.013;SELL
2016-04-21T00:04:13.820653;2016-04-21T00:04:13.865126;bde6dca5-c8ed-4c1a-8321-4ebf85cd71b7;442.76;0.00976;SELL
2016-04-21T00:04:13.820848;2016-04-21T00:04:13.865126;2e4c1677-9022-4135-a097-3e25964e00c2;442.76;0.123;SELL
2016-04-21T00:04:13.821048;2016-04-21T00:04:13.865126;6fe82a46-837b-4149-a697-141d6ce6152a;442.75;0.015;SELL
2016-04-21T00:04:13.821207;2016-04-21T00:04:13.865126;feae16cc-0455-4f65-ab94-f0bf0b2e82fb;442.74;0.015;SELL
2016-04-21T00:04:13.821359;2016-04-21T00:04:13.943245;ecf21cd6-6bfd-422e-bcee-9e395b0262d1;442.73;0.015;SELL
2016-04-21T00:04:13.821496;2016-04-21T00:04:13.943245;e641583d-43ef-40b2-a00b-3115df7fc284;442.73;0.00924;SELL
2016-04-21T00:04:16.210567;2016-04-21T00:04:16.224507;27eb8ba3-9e5e-4fca-a335-b0e12da7138c;442.73;0.00076;SELL
2016-04-21T00:04:16.210752;2016-04-21T00:04:16.240132;992c371b-88ff-45ff-aca5-5462baf68d8d;442.73;0.115;SELL
2016-04-21T00:04:16.210931;2016-04-21T00:04:16.240132;f4c41d5b-cff8-481f-8c65-0940e2bcc46b;442.72;0.016;SELL
2016-04-21T00:04:16.211113;2016-04-21T00:04:16.240132;26c54f65-ea53-4fdc-8688-678e8013aba3;442.71;0.016;SELL
2016-04-21T00:04:16.211276;2016-04-21T00:04:16.240132;6adbd5a8-7820-4ff9-85df-e92f4d99518d;442.71;0.05224;SELL
2016-04-21T00:04:16.594092;2016-04-21T00:04:16.615120;af6d7dca-5765-460e-9231-772d44a1c7ac;442.8;0.01;BUY
2016-04-21T00:04:16.594248;2016-04-21T00:04:16.630746;1cb62a6e-d4cd-44b4-a4fc-a03068d6824e;442.81;0.0011;BUY
2016-04-21T00:04:18.408552;2016-04-21T00:04:18.427628;4e7ed86c-cbdd-44f9-baac-53f0d7dd1cf6;442.72;0.01;SELL
2016-04-21T00:04:18.408726;2016-04-21T00:04:18.443247;2bb2b834-5b94-4d04-bf17-bb240f7a212b;442.7;0.016;SELL
2016-04-21T00:04:18.408896;2016-04-21T00:04:18.443247;48a147e7-edde-40a3-91e4-ea6932dd02d4;442.7;0.01002825;SELL
2016-04-21T00:04:18.409074;2016-04-21T00:04:18.443247;4b47d1d3-49c4-410b-9c90-434b41d76c04;442.69;0.016;SELL
2016-04-21T00:04:18.409878;2016-04-21T00:04:18.443247;eb950aca-6778-463d-af63-d3bed2066eb6;442.69;0.01;SELL
2016-04-21T00:04:18.410073;2016-04-21T00:04:18.536998;29b6cbb2-8156-464a-bf3c-a83071bca243;442.68;0.016;SELL
2016-04-21T00:04:18.410251;2016-04-21T00:04:18.536998;12a022e7-e962-4d15-8add-a7bd2b3d3ac2;442.67;0.01;SELL
2016-04-21T00:04:18.410420;2016-04-21T00:04:18.536998;fc47f399-e0fa-4e41-96a1-cdaf10e90339;442.65;0.01;SELL
2016-04-21T00:04:18.410576;2016-04-21T00:04:18.536998;3cbd5151-d9ed-4dcd-9abc-c3feb11cef34;442.64;0.015;SELL
2016-04-21T00:04:18.410747;2016-04-21T00:04:18.536998;80e78282-f9a8-40f9-8ec0-f80625715f88;442.64;0.01;SELL
2016-04-21T00:04:18.410899;2016-04-21T00:04:18.536998;17f3f173-bbbf-4552-987f-4471cbed666b;442.63;0.015;SELL
2016-04-21T00:04:18.411066;2016-04-21T00:04:18.536998;39170dbd-e592-4c52-9581-38baa2397c4e;442.63;0.06197175;SELL
2016-04-21T00:04:20.544490;2016-04-21T00:04:20.568255;eca7c539-319e-4e11-a138-c59e6df7ea1b;442.64;0.01;SELL
2016-04-21T00:04:20.544666;2016-04-21T00:04:20.583878;15fb255f-95d0-4521-98d3-65704da87cf7;442.62;0.01;SELL
2016-04-21T00:04:20.544816;2016-04-21T00:04:20.583878;64937e71-d20c-49a5-a1da-44c8553adbb0;442.62;0.18;SELL
2016-04-21T00:04:22.693792;2016-04-21T00:04:22.708879;13656f2e-24b8-4c75-9f94-0eaf623ec674;442.63;0.2;SELL
2016-04-21T00:04:25.073147;2016-04-21T00:04:25.083882;cdea5987-7206-44f9-8528-4605df2cdb3d;442.63;0.2;SELL
2016-04-21T00:04:27.232239;2016-04-21T00:04:27.255743;d4d3a915-7a8c-4aea-914b-a641c687c345;442.62;0.2;SELL
2016-04-21T00:04:29.358358;2016-04-21T00:04:29.380752;c6f66dc0-f70a-4b7b-bb0e-467debca4024;442.63;0.2;SELL
2016-04-21T00:04:30.941849;2016-04-21T00:04:30.958881;dc9b3c02-4eec-4c58-9d03-f5b7eb37b27f;442.62;3.06901;SELL
2016-04-21T00:04:31.491423;2016-04-21T00:04:31.505760;9f55e66d-100f-421a-9b55-439c565d6767;442.62;0.2;SELL
2016-04-21T00:04:33.637706;2016-04-21T00:04:33.662014;60080881-930b-48c9-9c18-2b38209c2bf7;442.64;0.012;SELL
2016-04-21T00:04:33.637869;2016-04-21T00:04:33.677608;d78d6481-fa31-4961-8638-b00f6291e042;442.63;0.188;SELL
2016-04-21T00:04:35.784903;2016-04-21T00:04:35.802633;8bb50ee6-71d7-4cb5-bb16-b67bf3c51e8c;442.63;0.013;SELL
2016-04-21T00:04:35.785081;2016-04-21T00:04:35.802633;9b6984d8-1af0-4ef3-be37-5c060320fc70;442.62;0.187;SELL
2016-04-21T00:04:37.929720;2016-04-21T00:04:37.943257;89c28047-7c1f-4c94-9f0b-90fb48a955f0;442.63;0.2;SELL
2016-04-21T00:04:40.297332;2016-04-21T00:04:40.318261;deda3600-2c4c-4a83-b187-26900ed63ab1;442.63;0.2;SELL
2016-04-21T00:04:42.656316;2016-04-21T00:04:42.677644;4988ded5-3a0a-4424-a156-2ed232a2adf2;442.63;0.2;SELL
2016-04-21T00:04:44.815717;2016-04-21T00:04:44.833901;52dec5a9-e926-487f-a840-ed99fb0f7caf;442.63;0.2;SELL
2016-04-21T00:04:46.955084;2016-04-21T00:04:46.974516;cfadf0f0-ba2f-4f59-ae28-f005b669c8a4;442.63;0.2;SELL
2016-04-21T00:04:49.092171;2016-04-21T00:04:49.115144;4b4fb59d-4cca-4185-8785-ea95a7c967a8;442.63;0.2;SELL
2016-04-21T00:04:51.228431;2016-04-21T00:04:51.240138;3421e0f1-646f-4d88-8b35-d7e3f92b7f3f;442.62;0.2;SELL
2016-04-21T00:04:53.604535;2016-04-21T00:04:53.630771;86135d16-664d-4361-8a99-668143361c56;442.64;0.012;SELL
2016-04-21T00:04:53.604751;2016-04-21T00:04:53.646390;bcb3e8e4-a4cb-4789-88ab-bd6943a3226e;442.63;0.012;SELL
2016-04-21T00:04:53.604923;2016-04-21T00:04:53.646390;d47b5fd9-f237-489d-99f8-08d6c5c3d081;442.62;0.176;SELL
2016-04-21T00:04:55.744994;2016-04-21T00:04:55.755769;947167de-d93e-4c84-a88a-fb68cd86769f;442.62;0.2;SELL
2016-04-21T00:04:57.882603;2016-04-21T00:04:57.912024;f232b588-9ce7-4749-b274-70db16a342d1;442.62;0.1209;SELL
2016-04-21T00:05:00.922080;2016-04-21T00:05:00.958893;c744d6ec-ed01-48cb-9713-a5c0272936ed;442.62;2.19922;SELL
2016-04-21T00:05:00.922462;2016-04-21T00:05:00.974520;d3091469-f135-4b7c-9eb4-9bac49578ee1;442.62;0.49000031;SELL
2016-04-21T00:05:00.922655;2016-04-21T00:05:00.974520;770675e4-5395-4048-9868-8239605d4c53;442.61;0.49000063;SELL
2016-04-21T00:05:00.922844;2016-04-21T00:05:00.974520;4655ee8f-e09e-44ce-bbb0-e184a691a758;442.61;0.479858;SELL
2016-04-21T00:05:00.923048;2016-04-21T00:05:00.974520;e88ad61d-337a-4a5e-84da-b31408b0e12c;442.6;0.01;SELL
2016-04-21T00:05:00.923394;2016-04-21T00:05:01.005768;1bdfb5fb-b527-4481-9ecf-7bb9e3beb8af;442.6;0.01002486;SELL
2016-04-21T00:05:00.923614;2016-04-21T00:05:01.005768;81d95aeb-bbdc-4e80-a47f-53d96213fcda;442.6;0.49000129;SELL
2016-04-21T00:05:00.923786;2016-04-21T00:05:01.005768;a20a0fe0-57c8-4133-a9fe-064d65a611bd;442.59;0.01;SELL
2016-04-21T00:05:00.924072;2016-04-21T00:05:01.005768;97d1e696-55f0-4d49-974e-e689d9e724a9;442.59;0.49000265;SELL
2016-04-21T00:05:00.924245;2016-04-21T00:05:01.005768;857bf799-2901-45cc-8d72-650e34b0f836;442.59;0.486;SELL
2016-04-21T00:05:00.924412;2016-04-21T00:05:01.021395;2a0dd22f-b9b2-4e44-9944-432f2fb2d985;442.58;0.01;SELL
2016-04-21T00:05:00.924585;2016-04-21T00:05:01.021395;fd431116-397a-4b4a-b5a5-04f395d9507a;442.58;0.49000541;SELL
2016-04-21T00:05:00.924760;2016-04-21T00:05:01.021395;e3180867-4ca1-4520-98c0-158e51b44e12;442.58;0.15;SELL
2016-04-21T00:05:00.925081;2016-04-21T00:05:01.021395;d1d66140-3891-41d4-926b-08b1c87a1f6f;442.57;0.49001104;SELL
2016-04-21T00:05:00.925239;2016-04-21T00:05:01.021395;68c4eb87-c33b-495a-ad8d-c1582dd7e5ef;442.56;0.01;SELL
2016-04-21T00:05:00.925407;2016-04-21T00:05:01.052646;b0ac8772-7b26-4f4a-af3a-309cc6689b99;442.56;0.49002253;SELL
2016-04-21T00:05:00.925576;2016-04-21T00:05:01.052646;f514718f-56f8-44a1-ab71-675b858a021c;442.55;0.01;SELL
2016-04-21T00:05:00.925861;2016-04-21T00:05:01.052646;2a6b1a0b-bf0f-4c91-815c-e5bc31588d2e;442.55;0.49004599;SELL
2016-04-21T00:05:00.926047;2016-04-21T00:05:01.052646;48cde97c-e0a1-4147-ae46-8fb8d3920963;442.54;0.49009387;SELL
2016-04-21T00:05:00.926224;2016-04-21T00:05:01.052646;a9837da2-0701-45cf-be0b-fcce03ca3340;442.53;0.07751584;SELL
2016-04-21T00:05:00.926457;2016-04-21T00:05:01.052646;026eafdb-82c6-4970-9346-80726ccdccbc;442.52;0.01;SELL
2016-04-21T00:05:00.926627;2016-04-21T00:05:01.052646;0f7b41f1-5464-4754-a274-bff3497a1011;442.5;0.01;SELL
2016-04-21T00:05:00.926853;2016-04-21T00:05:01.052646;eac7d5a3-f29f-4d6d-baec-cc460ccf29a2;442.5;0.0100226;SELL
2016-04-21T00:05:00.927044;2016-04-21T00:05:01.052646;313b7102-6f2c-4938-9f8e-5864d3195a91;442.5;0.01;SELL
2016-04-21T00:05:00.927215;2016-04-21T00:05:01.068271;3c5d9ba1-ddea-4870-934b-20f8917f44f9;442.49;0.01;SELL
2016-04-21T00:05:00.927375;2016-04-21T00:05:01.068271;860a1b75-c2d0-4805-9201-98852d6e136a;442.48;0.017;SELL
2016-04-21T00:05:00.927528;2016-04-21T00:05:01.068271;be55db74-831b-406e-9f6f-1f31c4481996;442.48;0.01;SELL
2016-04-21T00:05:00.927810;2016-04-21T00:05:01.068271;100e8afa-1c6e-44e4-ab93-5bd49a84fdc5;442.48;0.01;SELL
2016-04-21T00:05:00.927989;2016-04-21T00:05:01.068271;4a836173-048a-447e-856e-d17a2475dcc4;442.48;0.01;SELL
2016-04-21T00:05:00.928170;2016-04-21T00:05:01.068271;3aa1a610-4965-4145-9ce0-432742a13816;442.48;0.538;SELL
2016-04-21T00:05:00.928328;2016-04-21T00:05:01.083896;f61b4df7-ba7e-460f-8a0e-a32407d385bd;442.47;0.01;SELL
2016-04-21T00:05:00.928587;2016-04-21T00:05:01.083896;94c8f58a-32aa-48f6-949d-5a516cd31b0f;442.47;0.017;SELL
2016-04-21T00:05:00.928759;2016-04-21T00:05:01.083896;cadd7d2b-a7c3-47d8-8b51-e6005f6ee63d;442.47;0.01;SELL
2016-04-21T00:05:00.928933;2016-04-21T00:05:01.099520;6efce73a-e699-47c6-ad3b-2722ec2023dd;442.47;0.2262;SELL
2016-04-21T00:05:00.929115;2016-04-21T00:05:01.099520;f8edb3b2-fc62-46d6-9d0e-9e7341b63f37;442.46;0.27;SELL
2016-04-21T00:05:00.929286;2016-04-21T00:05:01.099520;722593c6-5a6c-45a0-9547-84f22be6c4f4;442.41;0.03971455;SELL
2016-04-21T00:05:00.929937;2016-04-21T00:05:01.115144;0fb45773-860a-46e6-bf98-26518c4e2c8b;442.4;0.0200226;SELL
2016-04-21T00:05:00.930115;2016-04-21T00:05:01.115144;bd893a0d-80db-4095-8e1f-d176f8150e6b;442.4;0.01;SELL
2016-04-21T00:05:00.930279;2016-04-21T00:05:01.115144;4f60362a-222d-411a-a1ef-a6cb838b5563;442.4;3.0;SELL
2016-04-21T00:05:00.930448;2016-04-21T00:05:01.115144;76590ad8-7f85-48c3-ab47-a2cf23a74b61;442.37;0.076;SELL
2016-04-21T00:05:00.930605;2016-04-21T00:05:01.115144;a064e888-23c0-4f46-922a-37c78e1d13f7;442.32;0.089;SELL
2016-04-21T00:05:00.930836;2016-04-21T00:05:01.146395;c2e62d46-3e59-4f0a-b47e-e9f8f152ee0f;442.32;0.017;SELL
2016-04-21T00:05:00.931010;2016-04-21T00:05:01.146395;330b1a22-ddd1-44c2-a5f1-721de767d68a;442.31;0.017;SELL
2016-04-21T00:05:00.931201;2016-04-21T00:05:01.146395;c3960734-f648-4962-a3d1-905d8359274d;442.31;0.01;SELL
2016-04-21T00:05:00.931356;2016-04-21T00:05:01.146395;41e4947c-76c5-47cf-b544-e2418a9f08a0;442.31;0.01;SELL
2016-04-21T00:05:00.931521;2016-04-21T00:05:01.146395;05407ef4-203a-4c2d-9f97-2beb29f583f4;442.31;0.69;SELL
2016-04-21T00:05:00.931680;2016-04-21T00:05:01.146395;67091e12-5893-4b89-bac8-1c7eae2aa175;442.3;0.01;SELL
2016-04-21T00:05:00.931844;2016-04-21T00:05:01.146395;e0cb8cf0-58ba-417e-9b58-e425702f95e1;442.3;0.0100113;SELL
2016-04-21T00:05:00.932085;2016-04-21T00:05:01.146395;7bc5a6aa-e8c2-4609-b48b-ff7d7f9f592b;442.3;0.016;SELL
2016-04-21T00:05:00.932259;2016-04-21T00:05:01.146395;210bf1cb-8547-495f-a49f-87b7deae3511;442.29;4.83;SELL
2016-04-21T00:05:00.932415;2016-04-21T00:05:01.146395;87ffc23a-2d7c-4731-928e-27e538231963;442.28;0.02;SELL
2016-04-21T00:05:00.932584;2016-04-21T00:05:01.146395;c93941d7-9875-4cd6-b85d-e607e778846e;442.28;2.99;SELL
2016-04-21T00:05:00.932738;2016-04-21T00:05:01.162021;dc21301f-2bbb-4303-a036-fdb00be25bf6;442.27;0.01;SELL
2016-04-21T00:05:00.932964;2016-04-21T00:05:01.162021;d079befa-f826-43d3-ac56-2a3cc748e7d8;442.27;0.019;SELL
2016-04-21T00:05:00.933140;2016-04-21T00:05:01.162021;acab4a0e-645a-4251-84b5-6b96d64d72dd;442.27;0.03959082;SELL
2016-04-21T00:05:00.933298;2016-04-21T00:05:01.162021;c6ff0263-108e-440c-a0f6-963977e58508;442.27;0.094;SELL
2016-04-21T00:05:00.933468;2016-04-21T00:05:01.162021;10374e10-eca0-436a-b9e1-1087c72e3f76;442.27;1.61;SELL
2016-04-21T00:05:00.933667;2016-04-21T00:05:01.162021;b2491335-896f-41fa-9b38-6055bc8af4af;442.26;0.021;SELL
2016-04-21T00:05:00.933834;2016-04-21T00:05:01.193270;dc6a7dcf-e9f2-4b31-abc8-527e84303e03;442.26;0.02;SELL
2016-04-21T00:05:00.934008;2016-04-21T00:05:01.193270;8f34e3b5-122d-401b-8efb-f39936245598;442.26;0.019;SELL
2016-04-21T00:05:00.934169;2016-04-21T00:05:01.193270;76628adb-94e9-4adc-808a-ad79c0653703;442.26;0.01;SELL
2016-04-21T00:05:00.934323;2016-04-21T00:05:01.193270;d7063b61-1ccf-45ce-afef-adcca1c8ad2f;442.26;0.06010571;SELL
2016-04-21T00:05:06.731201;2016-04-21T00:05:06.740148;04746dd8-51a6-448d-a90c-5fd6d50d17c8;442.61;0.02652;BUY
2016-04-21T00:05:30.821068;2016-04-21T00:05:30.849542;75edccf4-ec77-4801-bb3c-e1d6b3a050b3;442.42;0.01;BUY
2016-04-21T00:05:30.821360;2016-04-21T00:05:30.849542;e61f9ca2-3e4c-4d82-ac7a-97c246f030c8;442.42;0.38;BUY
2016-04-21T00:05:30.821654;2016-04-21T00:05:30.849542;c83f3bdf-b8e5-4fbd-8c31-5178c2ccdaf8;442.49;0.086;BUY
2016-04-21T00:05:30.821828;2016-04-21T00:05:30.865166;248b3277-9cff-4e45-9b47-5043cce050af;442.52;0.46992;BUY
2016-04-21T00:06:00.726271;2016-04-21T00:06:00.740181;34df9f42-8d4f-4efc-8870-3a70727ca90d;442.37;1.11909;BUY
2016-04-21T00:07:00.751600;2016-04-21T00:07:00.771461;eb68de15-44f2-422a-b390-0db8326d8193;442.37;0.05259;BUY
2016-04-21T00:07:30.787234;2016-04-21T00:07:30.802720;8dfc35c1-8890-4ce0-bce1-3b6a08fad2e4;442.37;0.44537;BUY
2016-04-21T00:08:02.714240;2016-04-21T00:08:02.770692;b8e6ff56-91cd-4c6f-bc6f-d813e37345dd;442.37;2.1813;BUY
2016-04-21T00:09:00.624549;2016-04-21T00:09:00.676970;79bb0eee-c24e-4f8b-8b01-1697f3c8ccd0;442.4;0.01;BUY
2016-04-21T00:09:00.624782;2016-04-21T00:09:00.692597;255d2d6e-ea39-42d1-bc77-09e65606c0be;442.4;0.0100113;BUY
2016-04-21T00:09:00.624990;2016-04-21T00:09:00.692597;6cfc1d5a-2e1d-400b-b2ed-a7aa981c60fd;442.41;0.01;BUY
2016-04-21T00:09:00.625146;2016-04-21T00:09:00.692597;64706d59-49a8-40ef-81f4-39ee146a20ef;442.49;0.1436887;BUY
2016-04-21T00:09:30.714747;2016-04-21T00:09:30.786366;19d032a5-fd4a-4fba-9bcf-be21e7f22cd2;442.47;0.01;BUY
2016-04-21T00:09:30.714927;2016-04-21T00:09:30.786366;40939e77-c3aa-4aa8-b3a3-473b37c0b352;442.47;0.103;BUY
2016-04-21T00:09:30.715132;2016-04-21T00:09:30.786366;5c7d2d53-b13b-407c-94a3-f16be922ef54;442.5;0.0200226;BUY
2016-04-21T00:09:30.715279;2016-04-21T00:09:30.786366;53eb1c25-68e7-4764-8f0f-b67e9718040d;442.52;0.4263374;BUY
2016-04-21T00:10:01.002174;2016-04-21T00:10:01.052001;97666451-23ef-4e8d-96b8-91cc1a7e44ca;442.48;0.01;BUY
2016-04-21T00:10:01.002406;2016-04-21T00:10:01.067630;d0c2471a-a936-4b8a-87d6-f649b3e9ecc4;442.49;0.095;BUY
2016-04-21T00:10:01.002593;2016-04-21T00:10:01.067630;8e752c18-2ed8-4675-a3a1-79c228aaef00;442.53;0.05;BUY
2016-04-21T00:10:01.002762;2016-04-21T00:10:01.067630;b63e8110-c6f1-4a21-abdb-d96450d5d51f;442.54;0.05;BUY
2016-04-21T00:10:01.002913;2016-04-21T00:10:01.067630;a52d4ffa-f978-4318-8fc9-0e0ca672804c;442.55;0.05;BUY
2016-04-21T00:10:01.003072;2016-04-21T00:10:01.067630;3f592ffa-daeb-419f-b113-496e09929a89;442.55;0.01;BUY
2016-04-21T00:10:01.003226;2016-04-21T00:10:01.067630;1ce2f9c5-01e4-4a1f-bd8d-3ce5b94f730d;442.55;0.2262;BUY
2016-04-21T00:10:01.003413;2016-04-21T00:10:01.114501;c9726b70-916f-4fc3-b5ff-001be04c04fd;442.56;0.479858;BUY
2016-04-21T00:10:01.003594;2016-04-21T00:10:01.114501;dd11da87-0e65-4652-be0a-8748a902e165;442.59;0.23;BUY
2016-04-21T00:10:01.003751;2016-04-21T00:10:01.114501;cdda854c-60ea-45e7-be9a-7b5a1f878404;442.6;0.0100226;BUY
2016-04-21T00:10:01.003910;2016-04-21T00:10:01.114501;f14728f7-67bc-4480-9615-5a993e84f5d9;442.6;0.15;BUY
2016-04-21T00:10:01.004061;2016-04-21T00:10:01.114501;12c88c04-5b59-41ff-bf47-66f3091fda70;442.61;0.2668794;BUY
2016-04-21T00:10:32.636306;2016-04-21T00:10:32.677017;a35f2d67-7cd0-4806-a879-95497f5d86af;442.51;0.508;BUY
2016-04-21T00:10:32.636594;2016-04-21T00:10:32.692642;dac643dc-1e36-4703-ac75-376a224c029b;442.52;5.57744;BUY
2016-04-21T00:10:34.649786;2016-04-21T00:10:34.692650;e45f9caf-ec4d-414a-b0e1-df949515fbaf;442.5;0.01002373;SELL
2016-04-21T00:10:57.869627;2016-04-21T00:10:57.927033;e3c1bb39-9a49-4930-bd3b-25d576c2e553;442.44;1.728;BUY
2016-04-21T00:11:01.172667;2016-04-21T00:11:01.223908;39041881-886d-405b-bf27-6733d285fb8a;442.44;3.272;BUY
2016-04-21T00:11:01.172848;2016-04-21T00:11:01.239534;b0078716-4af8-48fc-81a2-8b012c22f4cf;442.44;0.551;BUY
2016-04-21T00:11:01.173009;2016-04-21T00:11:01.239534;33828ed7-c9b9-44a4-b938-5619303a63d0;442.46;1.7034;BUY
2016-04-21T00:11:14.389919;2016-04-21T00:11:14.442677;592e9098-dd9e-4d0b-bf9c-3f8700671447;442.44;0.18648902;BUY
2016-04-21T00:11:14.407011;2016-04-21T00:11:14.458290;fe9832a8-1b5e-4c49-9d23-56fd48b4caf4;442.44;0.12351098;BUY
2016-04-21T00:11:28.539433;2016-04-21T00:11:28.583301;082956d6-7b09-4ac6-aaf1-45207ac87043;442.43;0.011;SELL
2016-04-21T00:11:28.539697;2016-04-21T00:11:28.598922;d70ccd14-4bf1-4a42-9e3b-66dc6af2b836;442.42;0.011;SELL
2016-04-21T00:11:28.539938;2016-04-21T00:11:28.598922;f18ea028-e2c3-4e23-980b-59fb418d8216;442.41;0.01;SELL
2016-04-21T00:12:01.750341;2016-04-21T00:12:01.802068;93d4066e-45e1-4d6f-a0d5-b74b9573667b;442.41;0.776;BUY
2016-04-21T00:12:01.750916;2016-04-21T00:12:01.802068;fe6acae7-9111-4d7f-837d-4d86958fba76;442.41;0.00507;BUY
2016-04-21T00:12:32.698309;2016-04-21T00:12:32.786463;5d1fe7f7-68c8-48bc-bf9c-490a59821be1;442.4;0.02002486;SELL
2016-04-21T00:12:32.698569;2016-04-21T00:12:32.802086;8d81a1b5-8c2a-4247-9b12-c06acc3b1eff;442.38;0.01;SELL
2016-04-21T00:12:32.698775;2016-04-21T00:12:32.802086;1b9aa8ed-9268-4335-9dfb-3485ffae5b9a;442.37;0.01;SELL
2016-04-21T00:12:32.698936;2016-04-21T00:12:32.802086;14280167-0552-4d79-9e2e-ea9bd2e035ed;442.36;0.012;SELL
2016-04-21T00:12:32.699096;2016-04-21T00:12:32.802086;a4740d8d-c521-4d44-b777-6f0e7bffc437;442.36;0.05988514;SELL
2016-04-21T00:13:00.829912;2016-04-21T00:13:00.880223;b7bd4838-4b3a-433e-8514-01a011eee463;442.36;0.19011486;SELL
2016-04-21T00:13:00.830109;2016-04-21T00:13:00.895845;37c6478f-43cc-4955-8cd7-70f158598729;442.36;0.3;SELL
2016-04-21T00:13:00.830273;2016-04-21T00:13:00.895845;57b50e41-dfee-4acf-a246-f4646af8acbe;442.35;0.012;SELL
2016-04-21T00:13:00.830435;2016-04-21T00:13:00.895845;4fe45239-941c-4c6c-8f38-db3736d6e6ab;442.35;0.01;SELL
2016-04-21T00:13:00.830596;2016-04-21T00:13:00.895845;ab925f94-553d-467b-9bc6-a66b65c17d86;442.34;0.012;SELL
2016-04-21T00:13:00.830752;2016-04-21T00:13:00.911471;1166963a-ea05-4f90-b762-1277c755e255;442.34;0.01;SELL
2016-04-21T00:13:00.830955;2016-04-21T00:13:00.911471;76da7062-d6eb-4c8c-a6bc-3e2edb6f5ae2;442.34;0.01;SELL
2016-04-21T00:13:00.831131;2016-04-21T00:13:00.911471;317ab37e-b9fb-4434-bd91-85cd441d3e49;442.33;0.012;SELL
2016-04-21T00:13:00.831294;2016-04-21T00:13:00.911471;51e528d9-0e58-4f31-98f4-1b098e4ed550;442.32;0.01;SELL
2016-04-21T00:13:00.831438;2016-04-21T00:13:00.911471;1261d90a-4898-4a77-b309-ee86019eac5b;442.32;0.01;SELL
2016-04-21T00:13:00.831587;2016-04-21T00:13:00.927096;05b2ec0b-3b3f-484c-9d7b-86db828996aa;442.32;0.480127;SELL
2016-04-21T00:13:00.831767;2016-04-21T00:13:00.927096;1bcc4795-35cb-4f28-9744-625928865cfe;442.32;0.01;SELL
2016-04-21T00:13:00.831914;2016-04-21T00:13:00.927096;9bbff366-9c0c-422b-9d74-6daf0e56ca43;442.3;0.01;SELL
2016-04-21T00:13:00.832097;2016-04-21T00:13:00.927096;a6f30bee-ac9b-4a52-97bd-b179b75aed91;442.3;0.01001243;SELL
2016-04-21T00:13:00.832243;2016-04-21T00:13:00.927096;4e539924-6141-42be-93fa-2075abdb5f24;442.28;0.01;SELL
2016-04-21T00:13:00.832409;2016-04-21T00:13:00.927096;60e7cb29-8951-459a-aad1-a25358cc96a8;442.28;0.15;SELL
2016-04-21T00:13:00.832563;2016-04-21T00:13:00.973969;45d90ce5-d617-42b6-9cc4-0799b53300d9;442.25;0.01;SELL
2016-04-21T00:13:00.832714;2016-04-21T00:13:00.973969;54b6e31d-6a98-4937-ad9f-ec50067402e4;442.25;0.022;SELL
2016-04-21T00:13:00.832868;2016-04-21T00:13:00.973969;6491232c-4d6e-4ef5-907b-364a87999bc4;442.25;0.022;SELL
2016-04-21T00:13:00.833025;2016-04-21T00:13:00.973969;884e8b9f-3768-47d5-a8e2-e6b60df27fff;442.25;0.021;SELL
2016-04-21T00:13:00.833179;2016-04-21T00:13:00.973969;be5cc520-acd5-4856-83d3-7d93ebab4cc5;442.25;0.019;SELL
2016-04-21T00:13:00.833335;2016-04-21T00:13:00.973969;8735b416-0e30-43a9-8222-436e33382182;442.24;0.021;SELL
2016-04-21T00:13:00.833498;2016-04-21T00:13:00.973969;3808ae83-d199-470e-9fb5-2abeacf42fde;442.24;0.019;SELL
2016-04-21T00:13:00.833646;2016-04-21T00:13:00.973969;2022a269-0bd1-4106-a235-90272c356803;442.23;0.022;SELL
2016-04-21T00:13:00.833806;2016-04-21T00:13:00.973969;51463449-524c-4acd-aed8-041fd1703843;442.23;0.12;SELL
2016-04-21T00:13:00.833954;2016-04-21T00:13:00.973969;cd22cc86-8dfb-438d-8abc-940cb32a8151;442.22;0.01;SELL
2016-04-21T00:13:00.834113;2016-04-21T00:13:00.973969;ec1f0a3b-f3b8-4666-ae7c-40df7209c0c4;442.22;0.022;SELL
2016-04-21T00:13:00.834252;2016-04-21T00:13:00.973969;6fb078c4-7cc2-4564-a974-8406af3eb814;442.22;0.021;SELL
2016-04-21T00:13:00.834413;2016-04-21T00:13:00.973969;b9cb2c53-7d51-434b-970b-5b2efe09e898;442.22;0.017;SELL
2016-04-21T00:13:00.834573;2016-04-21T00:13:00.989594;0311323f-ce60-4b0d-bc0a-e13a0cbb80f4;442.22;0.2263;SELL
2016-04-21T00:13:00.834725;2016-04-21T00:13:00.989594;ba8a55ac-b5f9-4265-b202-1c5312adf27b;442.21;0.017;SELL
2016-04-21T00:13:00.834884;2016-04-21T00:13:00.989594;5535e2c1-25ca-475f-800e-c0a44835d183;442.21;0.015;SELL
2016-04-21T00:13:00.835044;2016-04-21T00:13:00.989594;c1041dd5-af16-4d24-9dc9-66c40366f5ec;442.2;0.0100113;SELL
2016-04-21T00:13:00.835189;2016-04-21T00:13:01.005219;b96f8b8e-e0e2-4944-90b6-ebbbd22bd5cd;442.2;1.89;SELL
2016-04-21T00:13:00.835338;2016-04-21T00:13:01.005219;f0670e91-5491-43c1-b0d6-9799d45ff821;442.2;0.016;SELL
2016-04-21T00:13:00.835539;2016-04-21T00:13:01.005219;477bf756-7527-4858-8cbc-1c327dda793d;442.2;0.016;SELL
2016-04-21T00:13:00.835704;2016-04-21T00:13:01.005219;ac5ab07b-a940-4067-b8ae-66a6b55091f0;442.19;0.01;SELL
2016-04-21T00:13:00.835853;2016-04-21T00:13:01.005219;5cf7bca4-4493-48f6-adee-f25756605c64;442.19;0.016;SELL
2016-04-21T00:13:00.836023;2016-04-21T00:13:01.005219;34c63769-95b0-467d-b243-32f55315fd1a;442.19;0.014;SELL
2016-04-21T00:13:00.836169;2016-04-21T00:13:01.020843;e86b0892-ae0c-4f98-a846-3e09164d9067;442.18;0.015;SELL
2016-04-21T00:13:00.836326;2016-04-21T00:13:01.020843;1d3581f6-f220-4913-b5f1-6b9dfc0fec7d;442.18;0.014;SELL
2016-04-21T00:13:00.836499;2016-04-21T00:13:01.020843;853c6b6a-96cf-4701-9dd9-b59259d23a3b;442.17;0.021;SELL
2016-04-21T00:13:00.836653;2016-04-21T00:13:01.020843;51b048dc-9081-4d61-8cbb-1f87d941d57b;442.17;0.014;SELL
2016-04-21T00:13:00.836815;2016-04-21T00:13:01.036469;d1b36c78-7b5d-4487-8752-88b2c50b8d1d;442.17;0.23;SELL
2016-04-21T00:13:00.836966;2016-04-21T00:13:01.036469;9fc407b3-0a2e-4e69-9528-0e4ebb06bc65;442.16;0.023;SELL
2016-04-21T00:13:00.837124;2016-04-21T00:13:01.036469;078a7d2d-236b-4ceb-b4d1-fa27be518446;442.16;0.022;SELL
2016-04-21T00:13:00.837275;2016-04-21T00:13:01.036469;7bd621cf-78af-4ee6-ad77-5a7632c21f74;442.16;0.021;SELL
2016-04-21T00:13:00.837417;2016-04-21T00:13:01.052095;17dc64cb-c019-40b3-8b96-edd9970a7b60;442.16;0.014;SELL
2016-04-21T00:13:00.837585;2016-04-21T00:13:01.052095;b300ad72-a2e7-49ee-b7f7-10d55bac83f5;442.16;1.15;SELL
2016-04-21T00:13:00.837736;2016-04-21T00:13:01.052095;1f373020-564e-4a54-a86e-0c877a73d95f;442.15;0.024;SELL
2016-04-21T00:13:00.837885;2016-04-21T00:13:01.052095;42183544-6a73-4fd7-a92a-e266fb33b82e;442.15;0.021;SELL
2016-04-21T00:13:00.838039;2016-04-21T00:13:01.052095;c6448c99-e0cc-4860-92a8-f8bdfaef37d2;442.15;0.018;SELL
2016-04-21T00:13:00.838179;2016-04-21T00:13:01.052095;c7654884-ffd9-42f2-b47d-b28239299b0a;442.15;0.81802441;SELL
2016-04-21T00:13:31.644474;2016-04-21T00:13:31.677119;cff616f7-7146-48aa-bf3f-ad6001b879e9;442.19;0.01;BUY
2016-04-21T00:13:31.644720;2016-04-21T00:13:31.692736;25c61936-d4eb-472c-adab-8d736f9745c9;442.22;0.01;BUY
2016-04-21T00:13:31.644925;2016-04-21T00:13:31.692736;f82791ab-59c7-4842-aa1d-c87ce3635f98;442.23;0.11;BUY
2016-04-21T00:13:31.645116;2016-04-21T00:13:31.692736;b20f316d-f39a-4c6f-a424-f5f49cbb0e9e;442.25;0.05;BUY
2016-04-21T00:13:31.645280;2016-04-21T00:13:31.692736;b5c8e4fa-112f-415e-9ce6-d27a03e81307;442.26;0.05;BUY
2016-04-21T00:13:31.645447;2016-04-21T00:13:31.708361;9260318b-fff6-493d-907d-77dd3b074fd4;442.27;0.05;BUY
2016-04-21T00:13:31.645590;2016-04-21T00:13:31.708361;a349b691-ed1a-4084-87ab-d740f88fab74;442.28;0.04377;BUY
2016-04-21T00:13:39.800539;2016-04-21T00:13:39.848994;aaac2feb-d74d-4aca-873e-9ba0fceef704;442.27;0.01;BUY
2016-04-21T00:13:39.800745;2016-04-21T00:13:39.864615;ab8dd849-3e1b-445d-b25f-26348c749cd4;442.28;0.00623;BUY
2016-04-21T00:13:39.800930;2016-04-21T00:13:39.864615;1bbb7990-1a34-4635-afe6-7b1772b5cc7a;442.28;0.08;BUY
2016-04-21T00:13:39.801443;2016-04-21T00:13:39.864615;ea0671b9-3f34-4d1d-b5ed-bcccaf9740a0;442.3;0.0100113;BUY
2016-04-21T00:13:39.801613;2016-04-21T00:13:39.864615;128ae883-8231-4c1a-beb3-760ccccd2202;442.33;0.091;BUY
2016-04-21T00:13:39.801790;2016-04-21T00:13:39.864615;58548d3e-08ca-4f12-b0b3-da4bdf426ff3;442.35;0.27;BUY
2016-04-21T00:13:39.801958;2016-04-21T00:13:39.864615;1c22e6ae-d03e-4787-bea1-5aca23d8d413;442.38;3.45;BUY
2016-04-21T00:13:39.802299;2016-04-21T00:13:39.864615;762cfeb8-860e-4f4e-a917-1d3f5144a758;442.39;0.01;BUY
2016-04-21T00:13:39.802495;2016-04-21T00:13:39.864615;c0daf54a-62d7-4e1e-b286-0919ffa5b7e1;442.39;0.30518155;BUY
2016-04-21T00:14:01.177405;2016-04-21T00:14:01.208375;e8bdc091-315b-4bfc-b1e9-975b47ba4a60;442.3;0.01;BUY
2016-04-21T00:14:01.177650;2016-04-21T00:14:01.223998;6aa1ac76-2bbf-44ef-9297-a884ae864332;442.31;0.01;BUY
2016-04-21T00:14:01.177838;2016-04-21T00:14:01.223998;d9e52d2b-a18c-474b-9d76-9011d16dd402;442.32;0.043;BUY
2016-04-21T00:14:01.178026;2016-04-21T00:14:01.223998;9cc26e27-4ef4-4dff-a9d6-739d8aeecf93;442.38;0.01;BUY
2016-04-21T00:14:01.178179;2016-04-21T00:14:01.239625;d105cd4d-64a8-474d-a038-cf609374b4a5;442.4;0.01001243;BUY
2016-04-21T00:14:01.178335;2016-04-21T00:14:01.239625;c1a0e031-46be-4c58-84a9-4ed7894cd09f;442.4;0.121;BUY
2016-04-21T00:14:01.178503;2016-04-21T00:14:01.239625;7aec2277-ce81-484d-9fbc-ca296b85b57a;442.43;0.111;BUY
2016-04-21T00:14:01.178666;2016-04-21T00:14:01.239625;c4596ad0-1d47-4308-8b8b-cde0685613bf;442.44;0.01;BUY
2016-04-21T00:14:01.178826;2016-04-21T00:14:01.239625;15b44e83-0c9c-4742-9be1-7a72f6d498d8;442.46;0.05;BUY
2016-04-21T00:14:01.178988;2016-04-21T00:14:01.239625;3f176bcf-abf1-402e-9b75-7036ab6fbc00;442.47;0.09890757;BUY
2016-04-21T00:14:02.716200;2016-04-21T00:14:02.755251;d173aea6-78c1-4d90-ae44-2e3f7182089c;442.46;0.01;BUY
2016-04-21T00:14:38.361252;2016-04-21T00:14:38.411519;7b9aeb15-3ff3-41ab-96de-ea76af1b354e;442.45;0.01;BUY
2016-04-21T00:14:38.361471;2016-04-21T00:14:38.411519;47d10d0e-01a3-461e-bbcb-74e2b01f478e;442.46;0.00118;BUY
2016-04-21T00:15:01.014789;2016-04-21T00:15:01.052155;2737da49-68b5-42c3-b069-9c7d01b83f77;442.45;0.124;BUY
2016-04-21T00:15:01.015010;2016-04-21T00:15:01.067781;3ce0fae7-cb5f-42f5-a626-1888924cc90e;442.46;0.00882;BUY
2016-04-21T00:15:01.015177;2016-04-21T00:15:01.067781;f9257c3d-1765-42f3-a95c-9e1ba96bc5b9;442.47;0.480127;BUY
2016-04-21T00:15:01.015340;2016-04-21T00:15:01.067781;df52a804-04a5-4d8f-8fa7-f2a8ceb40d58;442.48;0.05;BUY
2016-04-21T00:15:01.015495;2016-04-21T00:15:01.067781;8266bcc5-2128-4324-98f3-57aef38d177a;442.49;0.05;BUY
2016-04-21T00:15:01.015650;2016-04-21T00:15:01.067781;f35483fa-0586-47b8-bbd5-398580c6ef79;442.5;0.02002486;BUY
2016-04-21T00:15:01.015814;2016-04-21T00:15:01.083413;657f17bf-3f71-4f60-b4b7-78276b6943d5;442.5;0.03956184;BUY
2016-04-21T00:15:01.015993;2016-04-21T00:15:01.083413;e79833bb-f31b-4925-9201-a7b940773119;442.51;0.109;BUY
2016-04-21T00:15:01.016143;2016-04-21T00:15:01.083413;b67fa232-ceac-405e-b50e-e8ae76d89331;442.52;0.05;BUY
2016-04-21T00:15:01.016298;2016-04-21T00:15:01.083413;0f2f7608-8bdd-4940-ab30-4cab13518385;442.52;0.15;BUY
2016-04-21T00:15:01.016452;2016-04-21T00:15:01.099037;38a9984d-8d85-4279-9690-2a4211f8d6b6;442.53;0.05;BUY
2016-04-21T00:15:01.016602;2016-04-21T00:15:01.161534;9fed31ce-8e32-4ad3-b0a7-34379f1fae2e;442.54;0.03958439;BUY
2016-04-21T00:15:01.016756;2016-04-21T00:15:01.161534;e85817c2-eec2-4746-8779-b44f2d78e2a1;442.55;0.01;BUY
2016-04-21T00:15:01.016915;2016-04-21T00:15:01.161534;000f6a0b-22c7-4d9c-a749-681f5e953eab;442.55;0.03963126;BUY
2016-04-21T00:15:01.017114;2016-04-21T00:15:01.161534;cdcbf259-d980-45cd-8aa9-64b8ea31ddac;442.55;0.03963126;BUY
2016-04-21T00:15:01.017267;2016-04-21T00:15:01.161534;94e3924d-5da2-4f26-91ba-b90bf035aec9;442.56;0.112;BUY
2016-04-21T00:15:01.017413;2016-04-21T00:15:01.161534;61dd277f-f4d3-4298-a4c4-2146576ad1b4;442.59;0.03965777;BUY
2016-04-21T00:15:01.017569;2016-04-21T00:15:01.161534;164ccde7-0f32-401e-82b8-6af03e2106ad;442.59;0.03953564;BUY
2016-04-21T00:15:01.017724;2016-04-21T00:15:01.161534;ff390953-932d-4bd4-93e7-470060d8eefc;442.6;0.01002373;BUY
2016-04-21T00:15:01.017889;2016-04-21T00:15:01.161534;1f77d9a8-62c9-4590-968a-a202ec7e6f6a;442.6;0.03959013;BUY
2016-04-21T00:15:01.018061;2016-04-21T00:15:01.161534;c6552351-f441-493b-8798-a5ac4e508d9c;442.61;0.096;BUY
2016-04-21T00:15:01.018208;2016-04-21T00:15:01.161534;707b1ed9-04b6-4943-af49-d6ae21ff43e2;442.63;0.01;BUY
2016-04-21T00:15:01.018359;2016-04-21T00:15:01.161534;e811dafb-4691-4806-9227-ce043bd8f9f8;442.63;0.46;BUY
2016-04-21T00:15:01.018510;2016-04-21T00:15:01.161534;e8f0e602-a75f-46ae-8a73-2a5b74dac41f;442.64;0.0396374;BUY
2016-04-21T00:15:01.018662;2016-04-21T00:15:01.161534;a81b9254-936c-4e59-a684-f19e7741f7ca;442.65;4.83;BUY
2016-04-21T00:15:01.018821;2016-04-21T00:15:01.161534;260a969e-7e3a-4266-a3a9-8816e012d782;442.66;0.01;BUY
2016-04-21T00:15:01.018968;2016-04-21T00:15:01.161534;0ba14bc2-3357-478d-b951-49558a4d7589;442.66;3.55661472;BUY
2016-04-21T00:15:26.042169;2016-04-21T00:15:26.083418;4574de09-fc84-4049-ae3b-0bab2ae61c41;442.43;0.015;SELL
2016-04-21T00:15:26.042390;2016-04-21T00:15:26.083418;b189e91b-a47c-48e4-a924-5a3687628081;442.42;0.016;SELL
2016-04-21T00:15:26.042563;2016-04-21T00:15:26.099043;4cbdfed5-83b5-40ae-8230-d6e79f5fa89e;442.41;0.0556;SELL
2016-04-21T00:15:30.925516;2016-04-21T00:15:30.958422;d917c94d-f4cc-4b48-b9e2-d8f195dd9dc6;442.51;0.491;BUY
2016-04-21T00:15:30.925692;2016-04-21T00:15:30.958422;2935382f-4fa1-44c7-924f-82cb36abf645;442.52;2.64113;BUY
2016-04-21T00:16:01.020799;2016-04-21T00:16:01.067811;3209ce6e-ad12-48a5-90aa-e778e623be12;442.44;0.015;SELL
2016-04-21T00:16:01.021053;2016-04-21T00:16:01.067811;72a23e78-0aed-4ebe-a88d-885f0b7c507c;442.43;0.015;SELL
2016-04-21T00:16:01.021250;2016-04-21T00:16:01.067811;1caf3c53-318c-449a-bb70-7b37b2445721;442.42;0.015;SELL
2016-04-21T00:16:01.021417;2016-04-21T00:16:01.083437;b3330222-7a39-4bda-a430-da9de0c04f55;442.41;0.015;SELL
2016-04-21T00:16:01.021578;2016-04-21T00:16:01.083437;73325653-97a1-46ac-a29d-c3cb67146aec;442.41;0.06831;SELL
2016-04-21T00:16:31.037816;2016-04-21T00:16:31.067827;4e5779b9-5c98-4769-8368-a727f4e14ab4;442.46;0.01;BUY
2016-04-21T00:16:31.038077;2016-04-21T00:16:31.067827;ad46b26e-2027-4446-a2d5-86c0a98f942d;442.46;0.00171;BUY
2016-04-21T00:17:04.735616;2016-04-21T00:17:04.770971;341e1d86-79e7-4de7-b180-c78a749ee6e6;442.42;0.014;SELL
2016-04-21T00:17:04.735878;2016-04-21T00:17:04.770971;850c2ca0-239f-45e8-a38b-2af4fdc6ee63;442.41;0.015;SELL
2016-04-21T00:17:04.736164;2016-04-21T00:17:04.786595;1296a93c-7af9-4373-be9b-deb814b7ccca;442.4;0.02002712;SELL
2016-04-21T00:17:04.736487;2016-04-21T00:17:04.786595;e5055665-28f9-4926-8247-bea8c4b8aec2;442.39;0.01;SELL
2016-04-21T00:17:04.736697;2016-04-21T00:17:04.786595;0f7fb008-22d4-421f-8a25-581994d253f0;442.38;0.01;SELL
2016-04-21T00:17:04.736874;2016-04-21T00:17:04.786595;f438ea39-c07e-45f5-884b-755efbe65b0d;442.37;0.012;SELL
2016-04-21T00:17:04.737060;2016-04-21T00:17:04.786595;252dbb9e-c6c1-4c8a-b765-3a2f20d55f11;442.36;0.012;SELL
2016-04-21T00:17:04.737254;2016-04-21T00:17:04.802221;5ee0f18b-0457-4f42-8ab5-fd261149d3d8;442.35;0.012;SELL
2016-04-21T00:17:04.737422;2016-04-21T00:17:04.802221;851a2fbc-1562-4f35-b844-d8688b70d63a;442.34;0.012;SELL
2016-04-21T00:17:04.737581;2016-04-21T00:17:04.817845;2aef2e96-90d2-4e9f-9bd2-52ad18f156de;442.33;0.013;SELL
2016-04-21T00:17:04.737732;2016-04-21T00:17:04.817845;cb4edd11-d1df-4309-8c04-3a0a952a26f8;442.33;0.03967626;SELL
2016-04-21T00:17:04.737881;2016-04-21T00:17:04.817845;80c29303-7ade-46e2-92c3-24238bbae3fd;442.33;0.01;SELL
2016-04-21T00:17:04.738063;2016-04-21T00:17:04.817845;1f942a42-fe1a-47a4-a7dc-6094c83a5d56;442.33;0.15;SELL
2016-04-21T00:17:04.738215;2016-04-21T00:17:04.817845;b8389561-0a3d-46aa-9765-feb2422cec24;442.32;0.013;SELL
2016-04-21T00:17:04.738368;2016-04-21T00:17:04.817845;375760f1-999d-4d76-b01c-555bbb757a72;442.32;0.01;SELL
2016-04-21T00:17:04.738526;2016-04-21T00:17:04.817845;15c96e81-3c91-4b53-9bba-128bd42ebbbd;442.32;0.01;SELL
2016-04-21T00:17:04.738763;2016-04-21T00:17:04.817845;3fce2fd7-9186-4704-8e7a-b00ecb746102;442.3;0.01001356;SELL
2016-04-21T00:17:04.739026;2016-04-21T00:17:04.817845;d31776b3-9f1b-4ab4-8575-d950ccd5ebcb;442.29;0.03961202;SELL
2016-04-21T00:17:04.739192;2016-04-21T00:17:04.833480;0137af5a-79cb-412f-bcb2-1632761ca4d0;442.28;0.01;SELL
2016-04-21T00:17:04.739346;2016-04-21T00:17:04.833480;fa7f14d4-10d9-49d2-90f3-f72671cdcd1a;442.28;0.03968075;SELL
2016-04-21T00:17:04.739512;2016-04-21T00:17:04.849098;986149b4-1852-4cce-b90c-a566696489ce;442.28;0.03956769;SELL
2016-04-21T00:17:04.739678;2016-04-21T00:17:04.849098;5b21ddd3-aaf8-4cc4-bed5-e54fa910e13c;442.27;0.074;SELL
2016-04-21T00:17:04.739844;2016-04-21T00:17:04.849098;a99df622-36b4-4505-ba42-63bf1f9599ab;442.25;0.01;SELL
2016-04-21T00:17:04.740029;2016-04-21T00:17:04.849098;a3386485-f11a-4ee0-a979-ae4db03e76cd;442.24;0.03966172;SELL
2016-04-21T00:17:04.740183;2016-04-21T00:17:04.849098;958b4549-846c-4c66-99c2-88e40bf29407;442.24;0.03966172;SELL
2016-04-21T00:17:04.740342;2016-04-21T00:17:04.849098;2d2f7bb3-1097-4197-8d04-40777def59a8;442.24;0.01120027;SELL
2016-04-21T00:17:04.740497;2016-04-21T00:17:04.849098;935e4fe4-9c57-48a0-9ea1-471e5fb6ac76;442.23;0.01;SELL
2016-04-21T00:17:04.740677;2016-04-21T00:17:04.864727;2338f494-a126-4b86-8a7a-db8eeeef9a7c;442.23;0.03961739;SELL
2016-04-21T00:17:04.740835;2016-04-21T00:17:04.864727;ae2640be-2bef-44ba-88e3-8351fc40d9a6;442.22;0.012;SELL
2016-04-21T00:17:04.740994;2016-04-21T00:17:04.864727;ecb54b0d-eb5e-4fe8-8899-421850fe9666;442.22;0.2897015;SELL
2016-04-21T00:17:33.519107;2016-04-21T00:17:33.552240;d077607b-5847-44d0-bde9-a8838b52fe98;442.23;0.014;SELL
2016-04-21T00:17:33.519328;2016-04-21T00:17:33.567859;ee2b2c96-cb3b-403d-afbe-7f0d02db12ce;442.23;0.084;SELL
2016-04-21T00:17:33.519529;2016-04-21T00:17:33.567859;50fa337c-2e56-4a20-a627-e0fc6fab7f62;442.22;0.014;SELL
2016-04-21T00:17:33.519688;2016-04-21T00:17:33.567859;dfe7b5a8-95bb-4902-8ce8-0c6ec35204ce;442.21;0.012;SELL
2016-04-21T00:17:33.519849;2016-04-21T00:17:33.567859;bbf1ae79-e58a-4195-af28-22b763466aa8;442.21;0.01;SELL
2016-04-21T00:17:33.520015;2016-04-21T00:17:33.567859;2ecd54cb-94fa-49d9-80d4-8da32f18ef82;442.2;0.01001243;SELL
2016-04-21T00:17:33.520153;2016-04-21T00:17:33.583486;93bc12dd-2e08-4c3f-92b4-ac63dc88dd1c;442.2;0.10212757;SELL
2016-04-21T00:18:31.731853;2016-04-21T00:18:31.755394;9bfd444d-c141-44f8-9b57-d3d630981b34;442.22;3.97217;BUY
2016-04-21T00:19:08.009713;2016-04-21T00:19:08.036666;d964a021-4c09-42a2-b6b6-5f36f2248b41;442.21;0.07836;BUY
2016-04-21T00:19:32.700065;2016-04-21T00:19:32.724181;7237e262-38af-481d-9be1-e9dc08a601cf;442.24;0.01;BUY
2016-04-21T00:19:32.700776;2016-04-21T00:19:32.739795;3aa1eab1-c676-452d-80f4-00410662d759;442.24;0.104;BUY
2016-04-21T00:19:32.701024;2016-04-21T00:19:32.739795;ce57d8a8-b76f-40ce-a2a4-e96447eae3da;442.29;0.05804;BUY
2016-04-21T00:20:01.279552;2016-04-21T00:20:01.302320;edecbe44-6793-4f70-be1d-de1eadaa1e79;442.21;0.13434;BUY
2016-04-21T00:20:31.049181;2016-04-21T00:20:31.083575;6d883f8b-44ad-4005-bacb-f9112d7f24dc;442.21;0.423;BUY
2016-04-21T00:20:31.049407;2016-04-21T00:20:31.083575;2689a864-e2ae-4849-9d0c-4353f0a276ee;442.22;0.72676;BUY
2016-04-21T00:20:31.434028;2016-04-21T00:20:31.458575;2bde1c17-a9d8-49f6-8e90-205fe66c93cf;442.22;0.04;BUY
2016-04-21T00:21:00.773511;2016-04-21T00:21:00.786720;dfe101a2-2530-4059-b2e6-0b28e055de3e;442.21;0.407;BUY
2016-04-21T00:21:00.773766;2016-04-21T00:21:00.802342;4122b0d0-c06e-49e3-b372-3a14e2f5677c;442.22;4.68016;BUY
2016-04-21T00:21:31.156562;2016-04-21T00:21:31.177364;f65468aa-44a8-49b2-a1a9-1088a0b65380;442.26;0.30677;SELL
2016-04-21T00:22:40.891799;2016-04-21T00:22:40.911772;9a8abcc8-91b5-415d-8fe2-ab4000cdf153;442.26;0.071469;SELL
2016-04-21T00:22:40.892128;2016-04-21T00:22:40.927392;065196b7-3f74-4259-a8ba-bbf89ed2067b;442.21;0.081;SELL
2016-04-21T00:22:40.892373;2016-04-21T00:22:40.927392;b072dbac-7a2b-478f-8f82-d2685fda48c7;442.2;0.13;SELL
2016-04-21T00:22:40.892590;2016-04-21T00:22:40.927392;3d8645ca-6597-4d3d-914c-a991c01d0699;442.19;0.01;SELL
2016-04-21T00:22:40.892807;2016-04-21T00:22:40.927392;95ba1a07-bb29-40ee-99bf-9d07087c03f6;442.19;0.03959836;SELL
2016-04-21T00:22:40.893040;2016-04-21T00:22:41.021142;affcc5fa-83b4-4182-a103-41e9e91be29c;442.18;0.01;SELL
2016-04-21T00:22:40.893240;2016-04-21T00:22:41.021142;8e22904b-7e36-4954-983f-dad636583b91;442.17;0.01;SELL
2016-04-21T00:22:40.893466;2016-04-21T00:22:41.021142;fa8939d3-ec33-4850-ad7b-cdb7b1c0e9e9;442.17;0.01;SELL
2016-04-21T00:22:40.893675;2016-04-21T00:22:41.021142;02829397-9d83-431e-a678-7731a7b5a731;442.16;0.084;SELL
2016-04-21T00:22:40.893881;2016-04-21T00:22:41.021142;b24d2ffb-ef4d-4ad3-93a7-6917dae504cf;442.16;0.15;SELL
2016-04-21T00:22:40.894103;2016-04-21T00:22:41.021142;fcd09bbd-570e-4668-8950-f379b6ec6fd0;442.14;0.021;SELL
2016-04-21T00:22:40.894294;2016-04-21T00:22:41.021142;e5c7e691-cc34-4af6-9487-2dae2c5cbff5;442.14;0.014;SELL
2016-04-21T00:22:40.894517;2016-04-21T00:22:41.021142;93456f20-f979-4b48-82ec-4bb223d8c65e;442.14;0.01;SELL
2016-04-21T00:22:40.894717;2016-04-21T00:22:41.021142;8b37bafd-1ea6-4120-9771-d78f927cc2b7;442.13;0.01;SELL
2016-04-21T00:22:40.894912;2016-04-21T00:22:41.021142;52090e70-ba2b-478f-8f15-7a8f84214fd1;442.13;0.022;SELL
2016-04-21T00:22:40.895118;2016-04-21T00:22:41.021142;1fce97a0-5e24-409f-bc75-9fb627a021b9;442.13;0.02;SELL
2016-04-21T00:22:40.895318;2016-04-21T00:22:41.021142;ff8c1c33-8d7e-40b7-bfc8-4b3552d3da1f;442.13;1.61;SELL
2016-04-21T00:22:40.895528;2016-04-21T00:22:41.021142;9a641361-7cf5-414b-b6ca-9672c813cfa8;442.12;0.018;SELL
2016-04-21T00:22:40.895725;2016-04-21T00:22:41.021142;fb0e7713-3026-4892-b859-8fc96a2d9c68;442.12;0.018;SELL
2016-04-21T00:22:40.895925;2016-04-21T00:22:41.021142;e7bfd707-2111-4d97-bfeb-3c57ada384e8;442.12;0.014;SELL
2016-04-21T00:22:40.896129;2016-04-21T00:22:41.021142;35e3afea-55a1-4808-a21f-07f22afc9b4a;442.12;0.27236264;SELL
2016-04-21T00:23:02.581833;2016-04-21T00:23:02.624286;a89761d0-570a-4f4a-904e-5b6f8c245a7e;442.16;0.01;SELL
2016-04-21T00:23:02.582086;2016-04-21T00:23:02.624286;d8aba5b7-2073-4f2c-a48c-634b58ebc88a;442.15;0.01;SELL
2016-04-21T00:23:02.582327;2016-04-21T00:23:02.655536;9f4deaa0-30b2-48f6-afae-207764376481;442.14;0.01;SELL
2016-04-21T00:23:02.582505;2016-04-21T00:23:02.671163;3c2de138-5ed1-4ed2-9fd0-21116a987011;442.11;0.01;SELL
2016-04-21T00:23:02.582676;2016-04-21T00:23:02.671163;fcecbe26-94e7-4aea-9a7c-edd313190323;442.11;0.02;SELL
2016-04-21T00:23:02.582850;2016-04-21T00:23:02.671163;d7a915ec-aee5-4b17-8f7f-39a4039a3b37;442.11;0.02;SELL
2016-04-21T00:23:02.583027;2016-04-21T00:23:02.671163;671db8b9-9926-43c7-adf0-d3e7da230e50;442.11;0.015;SELL
2016-04-21T00:23:02.583211;2016-04-21T00:23:02.671163;360a0bda-be86-4824-82b2-67a31485720c;442.11;0.08558;SELL
2016-04-21T00:23:30.821800;2016-04-21T00:23:30.858680;d6e8a180-6625-42ab-9ca3-3d9fe158dd36;442.17;0.01;BUY
2016-04-21T00:23:30.822056;2016-04-21T00:23:30.874308;d67f7234-dfc3-49c3-86c9-beac9e890432;442.18;0.015;BUY
2016-04-21T00:23:30.822239;2016-04-21T00:23:30.874308;7ef69c1e-6166-455a-ad49-ddbcce12612d;442.19;0.05;BUY
2016-04-21T00:23:30.822405;2016-04-21T00:23:30.874308;d127b743-bcc5-4dde-accd-e2bf45427f01;442.2;0.01;BUY
2016-04-21T00:23:30.822553;2016-04-21T00:23:30.889925;84652671-e0ac-40b4-ae7c-896a8664b926;442.21;0.01;BUY
2016-04-21T00:23:30.822716;2016-04-21T00:23:30.968056;4b261f0a-7d15-4ff9-a11b-f0a8e082f386;442.21;0.21;BUY
2016-04-21T00:23:30.822868;2016-04-21T00:23:30.968056;6a3e8206-41cd-4a60-9cde-206d04080320;442.22;0.037;BUY
2016-04-21T00:23:30.823057;2016-04-21T00:23:30.968056;7670f1e9-a85a-4992-b7e1-2223df2607be;442.23;0.05;BUY
2016-04-21T00:23:30.823198;2016-04-21T00:23:30.968056;3bdd58de-74b7-4472-9d86-b9d176e2e4c2;442.24;0.01773;BUY
2016-04-21T00:24:02.444696;2016-04-21T00:24:02.483692;c6cb149b-80c7-4ccd-a0ec-b68da3d68642;442.23;0.01;BUY
2016-04-21T00:24:07.230763;2016-04-21T00:24:07.264949;46040536-b61d-4055-80ba-1539f8d3ae72;442.24;0.03227;BUY
2016-04-21T00:24:07.230963;2016-04-21T00:24:07.280552;6886141b-d19e-4e3c-98e9-620d85a8f96d;442.27;0.01;BUY
2016-04-21T00:24:07.231143;2016-04-21T00:24:07.280552;998960a5-0468-42f6-bead-47dfb74277a4;442.28;0.01;BUY
2016-04-21T00:24:07.231306;2016-04-21T00:24:07.280552;219b8b11-e929-4d6b-b484-59c00774fb17;442.3;0.01001243;BUY
2016-04-21T00:24:07.231464;2016-04-21T00:24:07.280552;952dd396-2522-4edd-aa7d-871a4b2dd3f6;442.39;0.69;BUY
2016-04-21T00:24:07.231613;2016-04-21T00:24:07.374321;72c7bbbd-0289-48b1-bbe8-9b9b0dea8141;442.4;0.01001356;BUY
2016-04-21T00:24:07.231749;2016-04-21T00:24:07.374321;cd90332b-b98b-4eb4-9691-7c911583709c;442.4;0.04375401;BUY
2016-04-21T00:24:30.878747;2016-04-21T00:24:30.905590;1d0fbfab-9afb-410c-b722-df3b17fce16e;442.3;0.01001469;SELL
2016-04-21T00:24:30.878963;2016-04-21T00:24:30.921207;f2d86c70-dbcd-4030-adbb-000e4f64a1bd;442.25;0.02142531;SELL
2016-04-21T00:25:20.113942;2016-04-21T00:25:20.139986;988835e1-aeda-40cd-b4dc-b4a1fc3945ff;442.27;0.10351098;BUY
2016-04-21T00:25:31.083786;2016-04-21T00:25:31.108742;ce5e1419-f7ca-4f36-b8f7-99c82b5b551b;442.24;0.011;SELL
2016-04-21T00:25:31.084065;2016-04-21T00:25:31.139989;7859c703-d9d0-4b25-8af6-95a20cdfdba9;442.23;0.011;SELL
2016-04-21T00:25:31.084259;2016-04-21T00:25:31.139989;4fc9ac3e-2040-4d6f-b0f9-c3364066f9d3;442.21;0.012;SELL
2016-04-21T00:25:31.084450;2016-04-21T00:25:31.139989;f7b1c751-513f-4bd9-9d12-c6451866cb5e;442.21;0.16;SELL
2016-04-21T00:25:31.084632;2016-04-21T00:25:31.139989;cbb0ac78-9990-4ed0-970b-dada66e5a14d;442.2;0.012;SELL
2016-04-21T00:25:31.084822;2016-04-21T00:25:31.218116;4b631dc6-97a7-4744-a3ed-7b7f3b2b5f88;442.2;0.01001356;SELL
2016-04-21T00:25:31.085020;2016-04-21T00:25:31.218116;8f0c2f7f-2544-4a18-b56d-377acaacfa03;442.19;0.01;SELL
2016-04-21T00:25:31.085194;2016-04-21T00:25:31.218116;f601f19d-b357-4444-b3d0-9ae2c492efd0;442.18;0.011;SELL
2016-04-21T00:25:31.085371;2016-04-21T00:25:31.218116;6a2dc385-e847-4cd4-b6a5-08b4439677fb;442.17;0.012;SELL
2016-04-21T00:25:31.085546;2016-04-21T00:25:31.218116;d86df72e-19db-456c-88a9-ce670c817193;442.16;0.012;SELL
2016-04-21T00:25:31.085732;2016-04-21T00:25:31.218116;b5dfadd6-a651-4967-98e4-5b09eda88d06;442.15;0.012;SELL
2016-04-21T00:25:31.085911;2016-04-21T00:25:31.218116;d9ebb04d-454d-4561-be5c-97c9f09fd960;442.14;0.01;SELL
2016-04-21T00:25:31.086103;2016-04-21T00:25:31.218116;918b9264-1c31-48c2-8055-8e1e6a6c58eb;442.13;0.01;SELL
2016-04-21T00:25:31.086261;2016-04-21T00:25:31.218116;4f94b941-77d9-4c4f-bb8b-0d0208158a12;442.12;0.01;SELL
2016-04-21T00:25:31.086431;2016-04-21T00:25:31.218116;91c958db-5e8a-427b-8388-e54d0f1d3b92;442.12;0.103546;SELL
2016-04-21T00:25:31.086590;2016-04-21T00:25:31.218116;b852dfa7-f8ca-4fb2-b91c-d2037c6d1986;442.12;0.02394044;SELL
2016-04-21T00:26:00.441738;2016-04-21T00:26:00.468126;2aa13e34-99bf-4b8d-b4e0-01f733ec4352;442.25;0.01;BUY
2016-04-21T00:26:00.441917;2016-04-21T00:26:00.483753;d0ce2d17-09d4-4034-b7e2-d198dfbf219a;442.25;0.05;BUY
2016-04-21T00:26:00.442107;2016-04-21T00:26:00.483753;e51f3424-aaea-4aa7-a99c-ca1094dea9d7;442.26;0.01;BUY
2016-04-21T00:26:00.442268;2016-04-21T00:26:00.483753;99dc9d0c-0534-4aa6-bb5d-1a7893d925fb;442.27;0.37685602;BUY
2016-04-21T00:26:00.442430;2016-04-21T00:26:00.483753;ea2a6da0-4d27-465a-8c49-114b0f1a8013;442.27;0.103546;BUY
2016-04-21T00:26:00.442589;2016-04-21T00:26:00.499384;57d77f18-b591-4566-8745-191591c3662f;442.27;0.18;BUY
2016-04-21T00:26:00.442749;2016-04-21T00:26:00.499384;0dd28dfd-61de-4cce-8673-06dbc8906b1c;442.3;0.01001356;BUY
2016-04-21T00:26:00.442898;2016-04-21T00:26:00.499384;903fc8e4-fae5-451b-b233-6d901ba69fc4;442.35;0.15;BUY
2016-04-21T00:26:00.443073;2016-04-21T00:26:00.499384;6fcc7a88-042c-46ee-9e93-120c3727dd8a;442.35;0.23;BUY
2016-04-21T00:26:00.443240;2016-04-21T00:26:00.499384;a5a25d51-9c8b-4a88-baab-5cb2c1474cd8;442.36;5.515;BUY
2016-04-21T00:26:00.443398;2016-04-21T00:26:00.515009;6f9aa140-3ce4-4891-bee4-4882267f9326;442.37;0.01;BUY
2016-04-21T00:26:00.443557;2016-04-21T00:26:00.530633;b5517a9e-f7d8-431b-81f4-0d398e5f9640;442.4;0.01001469;BUY
2016-04-21T00:26:00.443698;2016-04-21T00:26:00.530633;61194947-1949-4e45-8289-9d056ef59abe;442.41;2.34456973;BUY
2016-04-21T00:26:01.121022;2016-04-21T00:26:01.155628;2276db8f-33b0-4dc6-945c-43745a82041f;442.24;0.01;BUY
2016-04-21T00:26:01.121229;2016-04-21T00:26:01.155628;909ae2f1-7ff0-451d-bf8e-2c6f6e94b57b;442.35;0.01;BUY
2016-04-21T00:26:01.121398;2016-04-21T00:26:01.155628;e8177d9d-cc25-486c-9164-a91863a1b5a1;442.4;0.01;BUY
2016-04-21T00:26:01.121762;2016-04-21T00:26:01.171253;f1219064-588c-4102-a0fd-55e33b9f4546;442.4;0.01;BUY
2016-04-21T00:26:01.121937;2016-04-21T00:26:01.171253;3076a56e-f13e-459a-9634-74b8e23a2ec3;442.44;0.01;BUY
2016-04-21T00:26:01.122250;2016-04-21T00:26:01.171253;b2768e03-5441-4fe5-91fe-460e481d5c3d;442.46;0.01;BUY
2016-04-21T00:26:01.122425;2016-04-21T00:26:01.171253;7efea4b3-822f-4dbc-8439-c21bd0e55193;442.47;0.05;BUY
2016-04-21T00:26:01.122587;2016-04-21T00:26:01.171253;983a8624-bf94-4519-a24d-312ea7b019ff;442.48;0.09082;BUY
2016-04-21T00:26:01.438644;2016-04-21T00:26:01.468128;2c00f99d-1612-4cdf-bf2c-fda815d95a12;442.48;0.09;BUY
2016-04-21T00:26:30.970898;2016-04-21T00:26:30.999398;72544efb-04aa-4a3a-bfe9-e623bbf127c2;442.38;0.01;BUY
2016-04-21T00:26:30.971149;2016-04-21T00:26:31.015018;d874ec2e-3347-4666-9625-8308955bafe0;442.39;0.01;BUY
2016-04-21T00:26:30.971350;2016-04-21T00:26:31.015018;4afac16a-7619-4e46-ae35-c1813ac54e99;442.46;0.01;BUY
2016-04-21T00:26:30.971691;2016-04-21T00:26:31.015018;6ff7e5e1-8b8d-4a6d-b397-b6bf39f29ee5;442.48;0.04548;BUY
2016-04-21T00:26:30.971862;2016-04-21T00:26:31.015018;dc75635f-eee5-4bec-aa88-f31bab344f41;442.48;0.03966172;BUY
2016-04-21T00:26:30.972045;2016-04-21T00:26:31.093155;4fb81fd4-892d-4425-b151-4d8c95f5df8b;442.48;0.03966172;BUY
2016-04-21T00:26:30.972201;2016-04-21T00:26:31.093155;37048da9-a60f-4b60-8de7-7d765af529e9;442.48;0.07430656;BUY
2016-04-21T00:27:01.544119;2016-04-21T00:27:01.561910;e20276d6-d858-4505-bef1-db69941fc0fa;442.48;0.43004;BUY
2016-04-21T00:27:31.227166;2016-04-21T00:27:31.265056;d37bf0f1-e6b5-4fb2-86e8-83b41283032e;442.48;1.15936;BUY
2016-04-21T00:28:03.356657;2016-04-21T00:28:03.374440;e1f95c98-bc79-4b80-a51d-bf913b0d2d48;442.46;0.01;BUY
2016-04-21T00:28:03.356863;2016-04-21T00:28:03.390066;a1ddc0d1-13d2-40af-90a0-dc53c0dbfe90;442.47;0.65141;BUY
2016-04-21T00:28:07.549848;2016-04-21T00:28:07.577567;54a3a1d3-9a94-47bb-94fe-2c81114ea216;442.46;0.01;BUY
2016-04-21T00:28:07.550037;2016-04-21T00:28:07.593192;f4c53bdf-918c-4a08-89b5-86faea5f2fb9;442.47;0.13;BUY
2016-04-21T00:28:31.044946;2016-04-21T00:28:31.061958;0e516039-f48a-4d4a-8f83-47afbe703614;442.41;0.011;SELL
2016-04-21T00:28:31.045218;2016-04-21T00:28:31.093205;ffee781d-108f-4249-b734-7ec3570a0740;442.4;0.011;SELL
2016-04-21T00:28:31.045431;2016-04-21T00:28:31.093205;961e74f8-7d33-4591-a406-018938f73779;442.39;0.011;SELL
2016-04-21T00:28:31.045691;2016-04-21T00:28:31.093205;1b1701df-d9d9-47dd-8abb-41351d4acf5f;442.39;0.15;SELL
2016-04-21T00:28:31.045875;2016-04-21T00:28:31.093205;13e21c6d-d03c-4e9d-b55d-3a500f79af89;442.38;0.011;SELL
2016-04-21T00:28:31.046135;2016-04-21T00:28:31.171329;46e1a0f5-4c02-4a74-ab7b-e23b0d3d1132;442.37;0.011;SELL
2016-04-21T00:28:31.046310;2016-04-21T00:28:31.171329;172cf0fc-bd50-4dd4-88ee-3fc3a93080b7;442.37;0.15;SELL
2016-04-21T00:28:31.046506;2016-04-21T00:28:31.171329;e6e5dfe9-b140-46d7-a729-cfe0f9ef3997;442.36;0.011;SELL
2016-04-21T00:28:31.046691;2016-04-21T00:28:31.171329;67ee37c0-d9a2-4a9a-b1a0-edff45d33e38;442.35;0.011;SELL
2016-04-21T00:28:31.046865;2016-04-21T00:28:31.171329;90477d75-54af-42f6-8af6-5cd2b747b38d;442.34;0.011;SELL
2016-04-21T00:28:31.047224;2016-04-21T00:28:31.171329;8c9ae1ca-3750-4428-a561-c4f29f66298d;442.33;0.011;SELL
2016-04-21T00:28:31.047383;2016-04-21T00:28:31.171329;5ac1e438-e887-416f-85f4-741082d352e3;442.33;0.01;SELL
2016-04-21T00:28:31.047658;2016-04-21T00:28:31.171329;51a3f764-70d3-4ebf-8bba-3e696b053308;442.33;0.01;SELL
2016-04-21T00:28:31.047835;2016-04-21T00:28:31.171329;cccd38d1-b5d7-4d42-b922-2192f3f9173d;442.32;0.012;SELL
2016-04-21T00:28:31.048039;2016-04-21T00:28:31.171329;9398ebbd-7c88-4248-be32-2613b26d1470;442.31;0.012;SELL
2016-04-21T00:28:31.048199;2016-04-21T00:28:31.171329;3ed0cbcf-7627-42eb-9483-c61e732c16ad;442.3;0.01001582;SELL
2016-04-21T00:28:31.048368;2016-04-21T00:28:31.171329;56ba7f30-a45e-4c94-8a6b-c4ca4a612bb5;442.3;0.01;SELL
2016-04-21T00:28:31.048796;2016-04-21T00:28:31.171329;c70f3c17-31a7-4b44-bcf9-47e49e2a6980;442.28;0.2264;SELL
2016-04-21T00:28:31.048953;2016-04-21T00:28:31.171329;407b5c4e-414e-4993-8e01-49cd10be3d04;442.27;0.25801418;SELL
2016-04-21T00:28:41.244741;2016-04-21T00:28:41.280711;d123ea04-5ca8-4ba6-9a55-e1995678b18d;442.43;0.026;BUY
2016-04-21T00:28:41.244991;2016-04-21T00:28:41.296337;fe7f9ea0-5c81-41c5-94a7-329b0e9c4b16;442.43;0.114;BUY
2016-04-21T00:29:01.896101;2016-04-21T00:29:01.921351;e3e7589a-428f-4e10-b1c1-a95c57dbd7de;442.29;0.011;SELL
2016-04-21T00:29:01.896340;2016-04-21T00:29:01.936976;757190db-c24f-4c4d-a940-1347b499160f;442.28;0.01;SELL
2016-04-21T00:29:01.896540;2016-04-21T00:29:01.936976;c1388a3e-387c-4525-84de-abe039584746;442.26;0.01;SELL
2016-04-21T00:29:01.896712;2016-04-21T00:29:01.936976;80ef7c17-bc2b-4cf5-9e1d-ff0692ed836a;442.21;2.99;SELL
2016-04-21T00:29:01.896865;2016-04-21T00:29:01.952602;ce77bfbb-5447-4b2f-8660-1e5b51db90c6;442.2;0.01001469;SELL
2016-04-21T00:29:01.897022;2016-04-21T00:29:01.952602;9bf1e29d-08a0-49d2-9976-5e59530459cd;442.2;0.57293531;SELL
2016-04-21T00:29:31.338679;2016-04-21T00:29:31.358861;ebf03505-f796-45f3-bc28-994c60dab9d5;442.29;0.01;BUY
2016-04-21T00:29:31.338907;2016-04-21T00:29:31.374492;a3322278-e61f-4d89-9d82-72c7a6b4deca;442.3;0.01001469;BUY
2016-04-21T00:29:31.339121;2016-04-21T00:29:31.374492;fb3cef9d-aef7-40cb-b0a7-4d21c3855498;442.4;0.01001582;BUY
2016-04-21T00:29:31.339289;2016-04-21T00:29:31.374492;e7c958ef-56ee-4bc8-a162-6182effe3ba1;442.44;0.05;BUY
2016-04-21T00:29:31.339450;2016-04-21T00:29:31.374492;c731bd70-874c-4970-8d48-c6b7ad61269c;442.45;0.05;BUY
2016-04-21T00:29:31.339598;2016-04-21T00:29:31.390117;451bcbe6-3f7d-4dae-9585-991072468d94;442.46;0.15;BUY
2016-04-21T00:29:31.339756;2016-04-21T00:29:31.390117;527cabac-899f-461b-9f8f-84038f7e2356;442.46;0.23;BUY
2016-04-21T00:29:31.339892;2016-04-21T00:29:31.390117;4107e9ab-672f-4751-b1de-b07614e1dfd8;442.47;0.98090949;BUY
2016-04-21T00:30:01.050493;2016-04-21T00:30:01.061966;50c42d0f-ff23-42ee-89dd-eb6633d908e9;442.45;0.0261;SELL
2016-04-21T00:30:01.050762;2016-04-21T00:30:01.093256;d15236eb-36f7-46b8-a59f-6d893dad1c18;442.44;0.0278;SELL
2016-04-21T00:30:01.051001;2016-04-21T00:30:01.093256;f5b8c3fe-7e97-4067-9fa4-f6e65184099a;442.42;0.0289;SELL
2016-04-21T00:30:01.052072;2016-04-21T00:30:01.093256;c27b1de3-9c64-4727-a5dc-17a211c7fae1;442.42;0.011;SELL
2016-04-21T00:30:01.052239;2016-04-21T00:30:01.108877;9a80b100-53d9-46a9-ad0b-c5f04ebdba65;442.41;0.011;SELL
2016-04-21T00:30:01.052397;2016-04-21T00:30:01.171378;1235a2ac-95a1-4011-a090-0a2c9de0e76f;442.36;0.15;SELL
2016-04-21T00:30:01.052581;2016-04-21T00:30:01.171378;fabf560d-b20a-4ba6-9036-49ac3d5c237a;442.32;0.27;SELL
2016-04-21T00:30:01.052733;2016-04-21T00:30:01.171378;ac704eb0-4ef2-4215-8f75-4001a0c88ec6;442.3;0.01001695;SELL
2016-04-21T00:30:01.052901;2016-04-21T00:30:01.171378;d66cdac4-2135-421d-b1a9-873bb7ab6231;442.28;0.011;SELL
2016-04-21T00:30:01.053106;2016-04-21T00:30:01.171378;8bf87c21-27ee-4843-8391-70f040b5a014;442.24;0.23;SELL
2016-04-21T00:30:01.053260;2016-04-21T00:30:01.171378;a297dc3b-37fe-428d-b2a2-11028134db09;442.23;0.011;SELL
2016-04-21T00:30:01.053397;2016-04-21T00:30:01.171378;2aad2c30-a727-417d-bdf2-6166004f6b45;442.23;0.35520305;SELL
2016-04-21T00:30:12.549436;2016-04-21T00:30:12.577632;cfd60a40-68ad-429d-9109-27e8515eaa91;442.33;0.0292;SELL
2016-04-21T00:30:12.549634;2016-04-21T00:30:12.593257;2bae75a0-3ed6-48d1-8813-bef7314f5d80;442.31;0.03;SELL
2016-04-21T00:30:12.549813;2016-04-21T00:30:12.608883;255dbab5-bcb6-4bd7-a9fd-6bcf60d43b37;442.29;0.0303;SELL
2016-04-21T00:30:12.550008;2016-04-21T00:30:12.608883;d5cf59ec-4b6b-4964-9dd4-d34467c36146;442.27;0.0304;SELL
2016-04-21T00:30:12.550156;2016-04-21T00:30:12.608883;0c487dcb-9ba9-49ac-997b-61c44b0507d7;442.22;0.480462;SELL
2016-04-21T00:30:12.550410;2016-04-21T00:30:12.640131;373d7106-0e4a-4c1b-9a67-95f379088c86;442.22;0.15;SELL
2016-04-21T00:30:12.550680;2016-04-21T00:30:12.640131;7eb2c1e6-9d8b-4120-ba25-dccfb96b40fb;442.21;0.01;SELL
2016-04-21T00:30:12.550857;2016-04-21T00:30:12.640131;d42206f8-018b-4642-b9c1-6f34713a2ca6;442.2;0.01001582;SELL
2016-04-21T00:30:12.551027;2016-04-21T00:30:12.640131;38d529e6-f619-428b-914e-3a23f2052347;442.19;0.01;SELL
2016-04-21T00:30:12.551186;2016-04-21T00:30:12.640131;37922ecd-1cdc-4725-a28c-169609635b0a;442.19;0.01;SELL
2016-04-21T00:30:12.551334;2016-04-21T00:30:12.655761;c6b95204-eb8d-4c52-a9c7-b80d57e49672;442.18;0.01;SELL
2016-04-21T00:30:12.551498;2016-04-21T00:30:12.655761;d335eb01-1c20-4c9c-b112-ae5e897170c5;442.18;0.23;SELL
2016-04-21T00:30:12.551651;2016-04-21T00:30:12.655761;d0ec7f35-4460-44aa-a9eb-09f3b912b401;442.17;0.01;SELL
2016-04-21T00:30:12.551810;2016-04-21T00:30:12.655761;216126e4-e694-4f50-90ad-abd47dbf4be7;442.17;0.03969062;SELL
2016-04-21T00:30:12.551962;2016-04-21T00:30:12.655761;89608329-fa06-44a7-b58d-8f5e2f4d1a5c;442.17;0.03969062;SELL
2016-04-21T00:30:12.552135;2016-04-21T00:30:12.671383;ac897233-c1b3-41dc-8e6b-9affd5c23df3;442.17;1.61;SELL
2016-04-21T00:30:12.552288;2016-04-21T00:30:12.671383;817b91fc-1d58-4b8c-87fb-7fbfaf25be5a;442.16;0.01;SELL
2016-04-21T00:30:12.552431;2016-04-21T00:30:12.671383;0f9badfc-89a0-475b-af5f-addb47c1afbc;442.15;2.26024094;SELL
2016-04-21T00:30:31.241520;2016-04-21T00:30:31.265141;ec28dbd5-e3b4-4b12-ab91-3dcf3d61595c;442.34;0.025;SELL
2016-04-21T00:30:31.241735;2016-04-21T00:30:31.280766;5e3da906-3b79-4679-99a9-d9479f62740b;442.34;0.771;SELL
2016-04-21T00:30:31.241903;2016-04-21T00:30:31.280766;15604cca-d435-4963-ad6b-b1524a59f6ca;442.17;0.18497;SELL
2016-04-21T00:30:37.662947;2016-04-21T00:30:37.687020;bf181a50-426a-4b7e-9b8f-3a1af0181871;442.3;0.01;BUY
2016-04-21T00:30:37.663131;2016-04-21T00:30:37.687020;05d7c0b7-949d-4167-bd2e-b061c518112a;442.31;0.002;BUY
2016-04-21T00:30:37.707131;2016-04-21T00:30:37.733895;68623b5d-8d8f-47ae-8c58-626ad700904c;442.31;0.008;BUY
2016-04-21T00:30:37.707296;2016-04-21T00:30:37.733895;9092f66c-abb5-499a-9630-ec7bf078a738;442.32;0.01;BUY
2016-04-21T00:30:37.707448;2016-04-21T00:30:37.733895;65965359-d234-4b73-af15-4b7d0a73c741;442.35;0.025;BUY
2016-04-21T00:30:37.707582;2016-04-21T00:30:37.749520;b927c0ed-7c00-4ed1-93a2-c4ebc3665a17;442.35;0.007;BUY
2016-04-21T00:31:00.958010;2016-04-21T00:31:00.968286;cccdb500-ee09-4c8d-b0cd-a8e8cc7a3a63;442.34;0.02401;SELL
2016-04-21T00:31:30.966378;2016-04-21T00:31:30.983931;07a7e84c-967c-44a0-8192-1db19680590c;442.23;0.01;SELL
2016-04-21T00:31:30.966642;2016-04-21T00:31:30.999548;e2144969-03cf-407e-9d57-9dc7f680a41c;442.23;0.115;SELL
2016-04-21T00:31:30.966832;2016-04-21T00:31:30.999548;f8e44205-0610-401d-99b0-ffb4b68417a5;442.2;0.024;SELL
2016-04-21T00:31:30.966998;2016-04-21T00:31:30.999548;b4764eb4-b692-4d6b-be02-89073eab2d03;442.2;0.0028;SELL
2016-04-21T00:31:59.363796;2016-04-21T00:31:59.374560;f719e5e9-a498-4405-86a4-c1852e50694e;442.33;0.22;BUY
2016-04-21T00:31:59.364059;2016-04-21T00:31:59.390186;d81ba4ec-fb46-4a55-bfe6-2ecbb0b71512;442.34;0.024;BUY
2016-04-21T00:31:59.364242;2016-04-21T00:31:59.390186;0c0d5aa8-0554-4bda-b265-2a43db23513a;442.36;0.01;BUY
2016-04-21T00:31:59.364421;2016-04-21T00:31:59.390186;04c2861c-f2c5-426a-bcf2-61caa5ef4ab8;442.4;0.01001695;BUY
2016-04-21T00:31:59.364581;2016-04-21T00:31:59.390186;a587dc7d-edf0-4950-8c5d-e7d3a497373b;442.45;0.01;BUY
2016-04-21T00:31:59.364740;2016-04-21T00:31:59.405810;d802a372-200f-48df-b6fc-b5f429d95fbd;442.47;3.85122583;BUY
2016-04-21T00:31:59.364886;2016-04-21T00:31:59.405810;3e353ca7-69cf-4b6a-b068-66f2e78a6619;442.48;0.22629344;BUY
2016-04-21T00:31:59.365060;2016-04-21T00:31:59.405810;9b75807b-d952-4629-bd2e-a1868e49f060;442.48;0.480462;BUY
2016-04-21T00:31:59.365214;2016-04-21T00:31:59.405810;b25adedd-e148-4fee-9996-e4d44f56aadb;442.48;0.15;BUY
2016-04-21T00:31:59.365375;2016-04-21T00:31:59.437062;0927d2e5-7afd-4970-a738-1eeeafee2e50;442.49;0.031;BUY
2016-04-21T00:31:59.365536;2016-04-21T00:31:59.452687;6b3f3eaa-5a4a-4080-a6b0-dc22abaa49ab;442.5;0.02002712;BUY
2016-04-21T00:31:59.365679;2016-04-21T00:31:59.452687;e88ac233-56fd-4653-93df-198af13d9e42;442.52;0.01;BUY
2016-04-21T00:31:59.365823;2016-04-21T00:31:59.452687;7d4d6be6-bc64-4189-910a-3c8cd5b724a6;442.52;0.03961739;BUY
2016-04-21T00:31:59.365986;2016-04-21T00:31:59.452687;1b7b2f31-ec9c-4410-accc-ccaddb6c6d8b;442.52;0.03961202;BUY
2016-04-21T00:31:59.366138;2016-04-21T00:31:59.452687;3f102c97-aee2-4b3e-bdb2-e900ec28b040;442.52;0.05;BUY
2016-04-21T00:31:59.366290;2016-04-21T00:31:59.452687;a9c8b3f5-d235-4b6c-980a-0a5609cd8d59;442.55;0.021;BUY
2016-04-21T00:31:59.366441;2016-04-21T00:31:59.452687;c0108d85-f463-4a67-a41e-9560612e801a;442.56;0.04;BUY
2016-04-21T00:31:59.366589;2016-04-21T00:31:59.452687;93d1f545-90c9-4e04-b45d-2852db61c2b0;442.56;0.03968075;BUY
2016-04-21T00:31:59.366786;2016-04-21T00:31:59.452687;f0d45521-cd64-415a-8436-cac00cb38bcd;442.56;0.03959836;BUY
2016-04-21T00:31:59.366948;2016-04-21T00:31:59.452687;d93da427-4e2d-4bf3-994f-027b4382f63f;442.56;0.10704737;BUY
2016-04-21T00:32:01.034257;2016-04-21T00:32:01.046444;b4847ec2-a881-4310-b1ae-4089908692dc;442.53;0.01;BUY
2016-04-21T00:32:01.034427;2016-04-21T00:32:01.062062;77efc3bd-0e3f-4df5-afd8-40e27a1a0122;442.54;0.01;BUY
2016-04-21T00:32:01.034591;2016-04-21T00:32:01.062062;38a827f9-0aa2-4193-9553-b61a0d7a8f7f;442.55;0.01;BUY
2016-04-21T00:32:01.034752;2016-04-21T00:32:01.062062;492db3a6-165f-47bf-9f22-b26c7916539a;442.56;0.30313;BUY
2016-04-21T00:32:30.928187;2016-04-21T00:32:30.952703;1cb5619e-729e-4055-bab9-0398a3c3a16e;442.52;0.01;BUY
2016-04-21T00:32:30.928377;2016-04-21T00:32:30.952703;d9c3ddd9-29cb-4f90-bc3b-5e7805783e2f;442.53;0.01;BUY
2016-04-21T00:32:30.928550;2016-04-21T00:32:30.952703;d3d40e97-6acc-42b8-bb74-44700d26a492;442.59;0.01;BUY
2016-04-21T00:32:30.928857;2016-04-21T00:32:30.968329;2ff4939e-6b88-40eb-94a7-d5e5aa90ffd6;442.6;0.01002486;BUY
2016-04-21T00:32:30.929054;2016-04-21T00:32:31.030796;e6a083a6-43c1-4755-a525-eeb4c6f25673;442.61;0.03967626;BUY
2016-04-21T00:32:30.929210;2016-04-21T00:32:31.030796;48115012-6f91-4c81-98b1-6a20ddea6d86;442.61;0.03956769;BUY
2016-04-21T00:32:30.929378;2016-04-21T00:32:31.030796;42e34549-adea-46e8-b075-eeb04f118888;442.61;0.0395396;BUY
2016-04-21T00:32:30.929530;2016-04-21T00:32:31.030796;ee49b8ca-12f0-4138-89c9-783d18cc5aa8;442.63;0.05;BUY
2016-04-21T00:32:30.929668;2016-04-21T00:32:31.030796;e75b2706-4059-427b-8894-bd917e7163e6;442.64;0.00022159;BUY
2016-04-21T00:33:00.916891;2016-04-21T00:33:00.937094;a3b69b0c-481d-4859-800c-304ce2c8f2af;442.56;0.01;BUY
2016-04-21T00:33:00.917124;2016-04-21T00:33:00.937094;95bb3264-9a6d-4378-ac37-6e32712593c1;442.57;0.01;BUY
2016-04-21T00:33:00.917307;2016-04-21T00:33:00.937094;c5a0cf5f-13bc-417b-9b17-c6c35b2158ae;442.64;0.00977841;BUY
2016-04-21T00:33:00.917466;2016-04-21T00:33:00.952718;7f8164bd-4266-4e18-ac5c-0d5db35f408e;442.65;0.03964137;BUY
2016-04-21T00:33:00.917617;2016-04-21T00:33:00.952718;5859d4f4-4ff2-47ea-95fb-61b4f4c70de7;442.66;0.015;BUY
2016-04-21T00:33:00.917773;2016-04-21T00:33:00.952718;6b2b8a3c-d343-4ce1-8e59-d73468547009;442.66;0.03945091;BUY
2016-04-21T00:33:00.917924;2016-04-21T00:33:00.952718;c752cf9e-1873-4b83-bc52-f72163e458b1;442.66;0.03969062;BUY
2016-04-21T00:33:00.918082;2016-04-21T00:33:00.968344;ac480ac0-9708-49cd-bb5c-c86e41e8731e;442.66;0.03969062;BUY
2016-04-21T00:33:00.918234;2016-04-21T00:33:00.968344;07b10719-112c-42f5-a99f-ba47b88402e4;442.66;0.03962947;BUY
2016-04-21T00:33:00.918386;2016-04-21T00:33:00.983969;4022f200-9207-48f2-b0f5-6cd9783a72ff;442.67;0.05;BUY
2016-04-21T00:33:00.918534;2016-04-21T00:33:00.983969;37fd504c-2266-4cb2-bfdf-5c35d04b2bf7;442.68;0.01;BUY
2016-04-21T00:33:00.918686;2016-04-21T00:33:00.983969;a16a3083-3da6-468b-beb8-7fe9975609af;442.68;0.032;BUY
2016-04-21T00:33:00.918852;2016-04-21T00:33:00.983969;315afe0e-8a25-4887-8a29-07c3007ae41c;442.69;0.05;BUY
2016-04-21T00:33:00.919022;2016-04-21T00:33:00.983969;8aae6ac4-b7cd-4c86-a185-0361d3e6ca15;442.7;0.01002486;BUY
2016-04-21T00:33:00.919183;2016-04-21T00:33:00.983969;bc5a5fb1-1e2f-41e2-aa29-ed32d4c40872;442.71;0.025;BUY
2016-04-21T00:33:00.919327;2016-04-21T00:33:00.983969;26d186c0-6c7a-4da2-ab63-504bec2f874b;442.73;0.02776;BUY
2016-04-21T00:33:00.919469;2016-04-21T00:33:00.983969;2167f302-6851-4b3f-8eb5-84ac192b1215;442.73;0.039;BUY
2016-04-21T00:33:00.919627;2016-04-21T00:33:00.983969;c350ca7d-758f-4fb3-9cb2-8e7cd5393657;442.73;0.46;BUY
2016-04-21T00:33:00.919773;2016-04-21T00:33:00.983969;6e288b7c-579a-4e81-8006-03292bf4f385;442.74;0.05;BUY
2016-04-21T00:33:00.919931;2016-04-21T00:33:00.999594;9c2391ed-295f-43b7-8580-565ad1218b07;442.74;0.044;BUY
2016-04-21T00:33:00.920088;2016-04-21T00:33:00.999594;e0e114c3-5acb-466a-9db8-b28d31ffa1fd;442.74;0.01;BUY
2016-04-21T00:33:00.920231;2016-04-21T00:33:00.999594;61d6fbc9-a55e-4a61-a092-782d5abb5d65;442.74;2.99;BUY
2016-04-21T00:33:00.920392;2016-04-21T00:33:00.999594;f81e14a1-5af2-414f-8783-d99a0d68a592;442.74;0.15;BUY
2016-04-21T00:33:00.920540;2016-04-21T00:33:00.999594;b5279b5e-bc5e-46e9-9da5-1820f7228038;442.75;0.05;BUY
2016-04-21T00:33:00.920682;2016-04-21T00:33:00.999594;c94aaaac-f250-4a5d-a4c2-4c99021c0f4b;442.75;0.2;BUY
2016-04-21T00:33:00.920841;2016-04-21T00:33:01.015219;1dd0ce23-8b80-4a29-bda7-1afbfe29f1c5;442.75;0.0395131;BUY
2016-04-21T00:33:00.920995;2016-04-21T00:33:01.015219;cac52c99-81bc-47de-965f-3a70e4a9e745;442.75;0.50059064;BUY
2016-04-21T00:33:32.570956;2016-04-21T00:33:32.577736;4957c930-6d93-472a-8d59-b13412f4a918;442.66;0.01;BUY
2016-04-21T00:33:32.571191;2016-04-21T00:33:32.593360;f8543a9e-f8f8-4fcd-8f95-79d6c6bac89a;442.73;0.01;BUY
2016-04-21T00:33:32.571371;2016-04-21T00:33:32.593360;4a450cea-4e68-4706-87c6-7420502285ae;442.76;0.01;BUY
2016-04-21T00:33:32.571557;2016-04-21T00:33:32.593360;96a63f8e-e606-45fc-b612-3d0df6044698;442.76;0.03971455;BUY
2016-04-21T00:33:32.571742;2016-04-21T00:33:32.593360;adf0ec1a-c1f3-446b-bd22-2c836555264f;442.78;0.01;BUY
2016-04-21T00:33:32.571921;2016-04-21T00:33:32.593360;5af76e87-d540-44f4-854f-96d281dd6647;442.78;0.05;BUY
2016-04-21T00:33:32.572113;2016-04-21T00:33:32.593360;d78fd069-6079-4f9c-8b3a-d0c23eb6a46e;442.79;2.07;BUY
2016-04-21T00:33:32.572296;2016-04-21T00:33:32.608986;23ff34c3-8ca3-476e-931f-9a52410e694f;442.8;0.01002825;BUY
2016-04-21T00:33:32.572455;2016-04-21T00:33:32.671489;57316db3-0600-41c4-a543-f3868859c557;442.8;0.6976272;BUY
2016-04-21T00:34:04.044402;2016-04-21T00:34:04.062126;badde191-3f4d-40dd-929d-0eef22b8757d;442.62;0.024;SELL
2016-04-21T00:34:04.044643;2016-04-21T00:34:04.077752;bbd4618d-0a06-48ba-b4bd-06ef5fc4ab9f;442.62;0.072;SELL
2016-04-21T00:34:04.044823;2016-04-21T00:34:04.077752;5f831a2b-a448-4b7d-9701-2fb29b3b77d5;442.61;0.01;SELL
2016-04-21T00:34:04.045005;2016-04-21T00:34:04.077752;4efeb9c3-c92f-420f-bd1f-a0948fd58d84;442.61;0.024;SELL
2016-04-21T00:34:04.045176;2016-04-21T00:34:04.077752;5520094e-0f02-492c-ad1b-62a89e1fc76b;442.6;0.01002599;SELL
2016-04-21T00:34:04.045329;2016-04-21T00:34:04.109006;7faad351-ece6-42c2-b7ec-74d6e5f81849;442.57;0.25;SELL
2016-04-21T00:34:04.045497;2016-04-21T00:34:04.124625;cf623b41-c61f-41c8-bc77-22524a4feec5;442.56;0.025;SELL
2016-04-21T00:34:04.045669;2016-04-21T00:34:04.124625;bd7eecd2-1a60-4641-a935-cf461dc64742;442.55;0.025;SELL
2016-04-21T00:34:04.045832;2016-04-21T00:34:04.124625;0e3e2e70-2ad2-44a3-889f-806856382cc6;442.54;0.025;SELL
2016-04-21T00:34:04.046001;2016-04-21T00:34:04.124625;4441e013-e276-416d-974b-b80c205c4536;442.53;0.01;SELL
2016-04-21T00:34:04.046152;2016-04-21T00:34:04.124625;b20e7ba4-cebe-4364-84ca-e7b9694548ae;442.53;0.01;SELL
2016-04-21T00:34:04.046307;2016-04-21T00:34:04.124625;90f3babb-3a29-4452-8de6-ee274cdfc94d;442.53;0.01;SELL
2016-04-21T00:34:04.046454;2016-04-21T00:34:04.124625;441f0bd2-ba1d-4474-b49c-65e839de3d73;442.52;0.022;SELL
2016-04-21T00:34:04.046604;2016-04-21T00:34:04.124625;be7db9bd-edcd-46e6-a297-0c2cbf587de5;442.52;0.104;SELL
2016-04-21T00:34:04.046777;2016-04-21T00:34:04.124625;680c1ab4-d183-4a9d-a47f-9c08c5bd7fde;442.51;0.022;SELL
2016-04-21T00:34:04.046940;2016-04-21T00:34:04.124625;d81437c6-36c4-4f5c-a93c-b288592efd7d;442.5;0.01002599;SELL
2016-04-21T00:34:04.047112;2016-04-21T00:34:04.124625;5f8bd6cd-9633-4977-b216-ccdea08c43b6;442.48;0.01;SELL
2016-04-21T00:34:04.047269;2016-04-21T00:34:04.124625;48a51732-b4a2-4eab-9c91-fa8268713d32;442.47;0.102;SELL
2016-04-21T00:34:04.047428;2016-04-21T00:34:04.124625;764b2037-a73b-4b1c-86e8-648c12325e09;442.46;0.022;SELL
2016-04-21T00:34:04.047572;2016-04-21T00:34:04.124625;bda14255-d751-4768-9bcb-8125d8b4bae4;442.45;0.022;SELL
2016-04-21T00:34:04.047744;2016-04-21T00:34:04.140251;63437733-cf8a-4dcd-b62b-cd5227e94ebc;442.45;0.23;SELL
2016-04-21T00:34:04.047892;2016-04-21T00:34:04.140251;1a173209-e370-4e83-b9c3-eb0a46dada74;442.44;0.01;SELL
2016-04-21T00:34:04.048056;2016-04-21T00:34:04.140251;b4112cc4-05bd-469a-82c0-5ad5e24b6932;442.44;0.01;SELL
2016-04-21T00:34:04.048212;2016-04-21T00:34:04.140251;aee24c35-5e5a-4b22-a019-aaa0612dcd65;442.44;0.46;SELL
2016-04-21T00:34:04.048360;2016-04-21T00:34:04.171501;f1e97765-fff8-47d2-9c6a-9f71c9879faf;442.43;0.022;SELL
2016-04-21T00:34:04.048511;2016-04-21T00:34:04.171501;b037f56f-375b-43b2-a929-c7c9f53ac37a;442.43;0.46;SELL
2016-04-21T00:34:04.048654;2016-04-21T00:34:04.171501;450321e1-43d3-40b0-9e23-56d311c1cd15;442.42;0.023;SELL
2016-04-21T00:34:04.048808;2016-04-21T00:34:04.171501;71be8cbc-4ad9-475c-bb52-dad233d90fb0;442.42;0.107;SELL
2016-04-21T00:34:04.048968;2016-04-21T00:34:04.171501;c17aae66-9fa9-4435-945d-b658a1c64ae5;442.42;0.46;SELL
2016-04-21T00:34:04.049127;2016-04-21T00:34:04.171501;234cd2c2-baca-4470-a284-ab9bc8f9e3ab;442.41;0.023;SELL
2016-04-21T00:34:04.049274;2016-04-21T00:34:04.171501;64031067-c5ff-4373-a629-368d74c89167;442.41;0.01;SELL
2016-04-21T00:34:04.049412;2016-04-21T00:34:04.171501;143e0690-4472-49a6-8096-6c8afb1a0271;442.41;0.15;SELL
2016-04-21T00:34:04.049563;2016-04-21T00:34:04.171501;f0acf118-c89f-441f-b5b9-02bb8102a907;442.41;0.69;SELL
2016-04-21T00:34:04.049705;2016-04-21T00:34:04.171501;d5170ec7-9ca1-4ea2-9e5f-9a8f9349539b;442.4;0.02002938;SELL
2016-04-21T00:34:04.049875;2016-04-21T00:34:04.171501;fdeff0ba-404d-459b-b6aa-56a9c974a076;442.4;0.03953436;SELL
2016-04-21T00:34:04.050030;2016-04-21T00:34:04.171501;e48d0350-bd23-4222-942f-49f34162dc60;442.38;0.76850428;SELL
2016-04-21T00:34:30.919151;2016-04-21T00:34:30.984019;a67fe72e-7339-49d7-8ea0-5ff7e80fac6f;442.43;0.0453;BUY
2016-04-21T00:34:30.919339;2016-04-21T00:34:30.999639;7ca72d0d-dd03-47b9-8e3d-9d98e7d3ef7f;442.43;0.0344;BUY
2016-04-21T00:34:30.919500;2016-04-21T00:34:30.999639;0a9d3aeb-0b64-4970-8d9a-7a194744fe51;442.43;0.0327;BUY
2016-04-21T00:34:30.919763;2016-04-21T00:34:30.999639;10c4ee0c-44f0-4da2-bdd8-2c843c57ceaa;442.43;0.0323;BUY
2016-04-21T00:34:30.919931;2016-04-21T00:34:30.999639;2360ee80-3f18-48e8-9823-977d724c9a83;442.47;0.01;BUY
2016-04-21T00:34:30.920216;2016-04-21T00:34:30.999639;9bdb6daa-83ab-4f1d-8425-ce391c2712d1;442.49;0.31;BUY
2016-04-21T00:34:30.920383;2016-04-21T00:34:31.015265;b8f83cea-dd45-493b-a71b-cb8b470de406;442.5;0.02002938;BUY
2016-04-21T00:34:30.920617;2016-04-21T00:34:31.015265;fda51671-62e2-4a08-9dee-c49c820fc8b3;442.55;0.05;BUY
2016-04-21T00:34:30.920787;2016-04-21T00:34:31.015265;56f39039-d36c-402d-afe4-d1577320cfcb;442.55;0.15;BUY
2016-04-21T00:34:30.920964;2016-04-21T00:34:31.015265;42915c98-1889-4376-996e-3a3fd2e94d03;442.56;0.05;BUY
2016-04-21T00:34:30.921183;2016-04-21T00:34:31.015265;db289d3a-6622-4512-a415-ae3bf7d8ce56;442.57;0.05;BUY
2016-04-21T00:34:30.921335;2016-04-21T00:34:31.015265;824309ee-e798-4a84-a519-2903caad66fc;442.58;0.04915062;BUY
2016-04-21T00:35:01.680792;2016-04-21T00:35:01.702779;af76d436-e224-4a36-a5ca-849486dba79d;442.57;0.01;BUY
2016-04-21T00:35:01.681042;2016-04-21T00:35:01.702779;c32264b6-080c-4ea1-a77f-35495675d7af;442.58;0.00084938;BUY
2016-04-21T00:35:01.681227;2016-04-21T00:35:01.702779;409d0065-77eb-42c0-ba4c-7222aa2f0afb;442.6;0.01002599;BUY
2016-04-21T00:35:01.681374;2016-04-21T00:35:01.702779;fc9e8708-3752-476c-9315-c1dfed87cd7a;442.61;0.05296463;BUY
2016-04-21T00:36:03.608441;2016-04-21T00:36:03.609065;dc267d64-1d23-4a1b-9494-e19160238b26;442.61;0.01;BUY
2016-04-21T00:36:03.608707;2016-04-21T00:36:03.624693;2604fd9b-82ee-44e5-a23b-0fec8018a5a8;442.62;0.01;BUY
2016-04-21T00:36:03.608928;2016-04-21T00:36:03.624693;0795d83e-83f9-4fb8-8256-b53014924480;442.64;0.01;BUY
2016-04-21T00:36:03.609113;2016-04-21T00:36:03.624693;a970a3be-0d52-4073-a582-838666fe239d;442.68;0.003;BUY
2016-04-21T00:36:30.931394;2016-04-21T00:36:30.937200;24c24a4a-050e-464d-bfb2-49664842318b;442.58;0.022;SELL
2016-04-21T00:36:30.931681;2016-04-21T00:36:30.937200;64d66bb7-c913-4ef9-88f6-074fae920fd5;442.58;0.115;SELL
2016-04-21T00:36:30.931958;2016-04-21T00:36:30.952826;be714f66-d353-4a00-895f-cf303d1ee974;442.57;0.022;SELL
2016-04-21T00:36:30.932154;2016-04-21T00:36:30.952826;cd3002de-cf50-4fe7-bca0-c1e0045c514f;442.56;0.022;SELL
2016-04-21T00:36:30.932325;2016-04-21T00:36:30.952826;d84c414a-b150-4dff-813b-855648cc7f3d;442.55;0.022;SELL
2016-04-21T00:36:30.932477;2016-04-21T00:36:30.968453;30744382-378e-4eee-a1f9-5497bebbe751;442.54;0.023;SELL
2016-04-21T00:36:30.932643;2016-04-21T00:36:30.984075;5d8345d8-dbf4-45f4-97e4-ebd50218c732;442.54;0.19;SELL
2016-04-21T00:36:30.932794;2016-04-21T00:36:30.984075;df6a61de-bfdf-4142-833b-074cbeac08e1;442.53;0.023;SELL
2016-04-21T00:36:30.932962;2016-04-21T00:36:30.984075;57465562-88e3-441e-8d48-129d4454d899;442.53;0.079;SELL
2016-04-21T00:36:30.933144;2016-04-21T00:36:30.984075;86fd5eba-2e40-4b5a-9187-1b290e086f13;442.52;0.023;SELL
2016-04-21T00:36:30.933312;2016-04-21T00:36:30.984075;a092a3b0-a8df-49d0-ab73-62a910cfddcb;442.51;0.023;SELL
2016-04-21T00:36:30.933471;2016-04-21T00:36:30.984075;643e918e-6903-436f-a216-9607d9f11421;442.5;0.01002712;SELL
2016-04-21T00:36:30.933629;2016-04-21T00:36:30.984075;71fe0bd8-14c4-4cd3-b4eb-32c241731f56;442.48;0.01;SELL
2016-04-21T00:36:30.933789;2016-04-21T00:36:30.984075;65f01a42-c2b4-43fc-8148-9422c6566b38;442.48;0.092;SELL
2016-04-21T00:36:30.933960;2016-04-21T00:36:30.984075;e9e6a948-7338-4596-b23c-67f134155cc4;442.46;0.01;SELL
2016-04-21T00:36:30.934141;2016-04-21T00:36:30.999700;25b538cb-73ea-475e-a248-7e4f3b4c6aed;442.45;0.024;SELL
2016-04-21T00:36:30.934293;2016-04-21T00:36:31.015325;050b4147-b77d-4097-ad35-e792517f46a3;442.44;0.024;SELL
2016-04-21T00:36:30.934454;2016-04-21T00:36:31.015325;8a8fd0ae-9ec3-4bf9-856e-726ebebcb5d5;442.44;0.15;SELL
2016-04-21T00:36:30.934612;2016-04-21T00:36:31.015325;6174a2dc-d64c-48e6-9030-37a4299a3caf;442.43;0.024;SELL
2016-04-21T00:36:30.934770;2016-04-21T00:36:31.015325;cae22ac0-1bd8-48e9-aaf6-3bb290a41f4f;442.43;0.08;SELL
2016-04-21T00:36:30.934929;2016-04-21T00:36:31.015325;d9e68ceb-00d9-469a-b72c-880cf211d9ec;442.42;0.023;SELL
2016-04-21T00:36:30.935112;2016-04-21T00:36:31.030950;75f3bac4-9702-4588-80a4-88bdffcfbbcd;442.41;0.023;SELL
2016-04-21T00:36:30.935263;2016-04-21T00:36:31.030950;5517629f-04f4-44d3-9117-dcff75a1e359;442.4;0.024;SELL
2016-04-21T00:36:30.935422;2016-04-21T00:36:31.030950;87fcd684-5f7b-4a87-9cac-5957ad720489;442.4;0.02003164;SELL
2016-04-21T00:36:30.935575;2016-04-21T00:36:31.030950;e42628a0-dc84-427e-87fd-5cb924307396;442.39;0.01;SELL
2016-04-21T00:36:30.935732;2016-04-21T00:36:31.030950;190a3e70-f428-4ba8-a814-21db304546d8;442.39;0.01;SELL
2016-04-21T00:36:30.935892;2016-04-21T00:36:31.030950;e726199f-1be8-4be6-8637-81e58695cc7e;442.36;0.089;SELL
2016-04-21T00:36:30.936062;2016-04-21T00:36:31.030950;58bf4349-8d8c-4e49-bb8b-5b88d70916fb;442.35;0.01;SELL
2016-04-21T00:36:30.936227;2016-04-21T00:36:31.030950;e0d717f0-6c26-4238-84ed-1cc2e802bf68;442.35;0.03971968;SELL
2016-04-21T00:36:30.936371;2016-04-21T00:36:31.030950;4db937b0-91cf-4022-a8e3-50c89c9aba9b;442.35;0.00352156;SELL
2016-04-21T00:37:01.001380;2016-04-21T00:37:01.046596;f6ab9e05-6990-4256-967c-ee0586c1ba6a;442.45;0.0419;BUY
2016-04-21T00:37:01.001609;2016-04-21T00:37:01.062221;a8429b7a-9740-4e33-8ce5-d7f87a17b5ab;442.46;0.022;BUY
2016-04-21T00:37:01.001804;2016-04-21T00:37:01.062221;3e3f24d2-9e13-4cbb-a265-f53a4d1a871e;442.47;0.05;BUY
2016-04-21T00:37:01.001969;2016-04-21T00:37:01.062221;1b867a7f-aa8b-48cc-aca3-df56d8e92271;442.5;0.02003164;BUY
2016-04-21T00:37:01.002141;2016-04-21T00:37:01.062221;86ff82c7-584b-4922-ad49-bc39842a7b8a;442.53;0.05;BUY
2016-04-21T00:37:01.002279;2016-04-21T00:37:01.062221;aad74598-1562-4939-bd91-9345cef82f7e;442.54;0.03980836;BUY
2016-04-21T00:37:30.901187;2016-04-21T00:37:30.890327;5a864935-02d2-4a62-8145-bfaebb2b15d2;442.44;0.0319;BUY
2016-04-21T00:37:30.901425;2016-04-21T00:37:30.921607;f9eb8d02-6b48-4068-a233-52141e35d6c5;442.49;0.01;BUY
2016-04-21T00:37:30.901604;2016-04-21T00:37:30.921607;1310dd58-5549-42e7-b387-6bfa148fe51c;442.51;0.00104;BUY
2016-04-21T00:38:34.142422;2016-04-21T00:38:34.179847;b659bbf5-8152-4e87-96f8-f0e02b8d9263;442.47;0.35697;BUY
2016-04-21T00:39:02.610599;2016-04-21T00:39:02.648618;27656a15-ce3e-4f6a-a218-23c1cb23acd7;442.47;0.3458;BUY
2016-04-21T00:39:30.950915;2016-04-21T00:39:31.008000;539e2ca7-8bcf-4189-9d28-69c585a5aaf8;442.45;0.021;SELL
2016-04-21T00:39:30.951157;2016-04-21T00:39:31.008000;9beda239-c6ac-482b-a56c-c9ea43b211e4;442.45;0.085;SELL
2016-04-21T00:39:30.951348;2016-04-21T00:39:31.008000;bdb8c6da-5241-46a7-90f2-e91d88f657f2;442.44;0.021;SELL
2016-04-21T00:39:30.951504;2016-04-21T00:39:31.008000;b22f67ac-c174-495f-817e-aa97f05a1b84;442.43;0.022;SELL
2016-04-21T00:39:30.951673;2016-04-21T00:39:31.008000;3e23a86f-a782-42d4-b01e-7bf4019dcd93;442.42;0.022;SELL
2016-04-21T00:39:30.951833;2016-04-21T00:39:31.008000;360a0510-7d0d-44af-9bea-acd5d8218b64;442.41;0.01;SELL
2016-04-21T00:39:30.952010;2016-04-21T00:39:31.023627;0793c017-3b2b-4433-80cb-a2466787016c;442.41;0.15;SELL
2016-04-21T00:39:30.952159;2016-04-21T00:39:31.039252;2a0deb99-3373-4b20-91c1-cebfaecfed37;442.4;0.02;SELL
2016-04-21T00:39:30.952310;2016-04-21T00:39:31.039252;9922282e-10fc-4080-87a4-a9f397a98564;442.4;0.0200339;SELL
2016-04-21T00:39:30.952465;2016-04-21T00:39:31.039252;3d102da7-54a3-4f02-a2b1-6096c417fa26;442.4;0.073;SELL
2016-04-21T00:39:30.952620;2016-04-21T00:39:31.039252;e0835486-2e96-470a-9c48-6291998719af;442.39;0.021;SELL
2016-04-21T00:39:30.952796;2016-04-21T00:39:31.039252;f894833b-10d5-4ef3-977c-6a71a18c31ec;442.38;0.021;SELL
2016-04-21T00:39:30.952958;2016-04-21T00:39:31.039252;30a194a2-bd25-4c1c-89ef-e0092db3cfa2;442.37;0.021;SELL
2016-04-21T00:39:30.953131;2016-04-21T00:39:31.039252;5456784c-ccc2-4845-9df6-88f4afa0f958;442.36;0.01;SELL
2016-04-21T00:39:30.953296;2016-04-21T00:39:31.039252;78fcbefc-765e-4235-98bd-44b0f99ae28a;442.35;0.03619812;SELL
2016-04-21T00:39:30.953456;2016-04-21T00:39:31.039252;8fdbd7ef-69f0-4526-a75e-f2ef2101e79e;442.35;0.113;SELL
2016-04-21T00:39:30.953598;2016-04-21T00:39:31.054876;13e3c320-5720-454c-a0ea-a9a90cdb2ed2;442.34;0.01;SELL
2016-04-21T00:39:30.953760;2016-04-21T00:39:31.054876;a7740e3d-0774-4264-80ef-de1807b981bd;442.34;0.01;SELL
2016-04-21T00:39:30.953911;2016-04-21T00:39:31.070502;4110ebdf-f7aa-4481-a160-b074d94c2e3f;442.34;0.03967536;SELL
2016-04-21T00:39:30.954081;2016-04-21T00:39:31.070502;fbfb65e8-fbde-4b4c-bddc-69803f63ae65;442.34;0.01;SELL
2016-04-21T00:39:30.954241;2016-04-21T00:39:31.070502;9e53b697-192e-4ac7-8b7f-4595ef7025fd;442.33;0.01;SELL
2016-04-21T00:39:30.954383;2016-04-21T00:39:31.070502;ef5dd52e-5e1a-4d2b-a2c9-701d8753abd6;442.31;0.024;SELL
2016-04-21T00:39:30.954527;2016-04-21T00:39:31.070502;1331bc5f-4674-4596-a036-6f4de5e50cf1;442.31;0.03947458;SELL
2016-04-21T00:39:30.954672;2016-04-21T00:39:31.086128;163d2105-ccc5-4da6-ac81-73427ebb57db;442.31;0.03965545;SELL
2016-04-21T00:39:30.954828;2016-04-21T00:39:31.086128;7fad9951-5348-44b4-b956-73df1a4c449f;442.31;0.024;SELL
2016-04-21T00:39:30.954968;2016-04-21T00:39:31.086128;b32904a3-45ed-429e-8315-da0197a2a4cc;442.31;0.34013259;SELL
2016-04-21T00:39:33.520725;2016-04-21T00:39:33.554878;0e20cd12-d9ee-48ed-9cb9-05e35e531900;442.43;0.05;BUY
2016-04-21T00:39:33.521013;2016-04-21T00:39:33.570502;42a41c90-7c9c-4eab-908a-88393742fb9a;442.44;0.01;BUY
2016-04-21T00:40:00.971401;2016-04-21T00:40:01.008017;1c382ef0-591b-450e-88f3-5d7d431e88ee;442.38;0.019;SELL
2016-04-21T00:40:00.971703;2016-04-21T00:40:01.008017;5c7818e5-c4b2-4950-9d06-605e72824174;442.38;0.09;SELL
2016-04-21T00:40:00.971901;2016-04-21T00:40:01.023642;38ec1ce8-96b3-4ab2-9874-2d82bab629f6;442.37;0.01;SELL
2016-04-21T00:40:00.972109;2016-04-21T00:40:01.070518;2e984178-4591-4d78-a516-a3f1f440652e;442.35;0.140499;SELL
2016-04-21T00:40:00.972273;2016-04-21T00:40:01.070518;4eac1de5-16d5-4234-ab7f-8eafc34d7b4e;442.33;0.102;SELL
2016-04-21T00:40:00.972431;2016-04-21T00:40:01.070518;6363ef6a-3f49-4af7-90e8-ca8a012610df;442.31;0.01;SELL
2016-04-21T00:40:00.972576;2016-04-21T00:40:01.070518;008bd469-1c09-422c-99e6-5861231910cc;442.3;0.01001808;SELL
2016-04-21T00:40:00.972733;2016-04-21T00:40:01.070518;59971b18-7e50-4b92-8cb1-ca1e2599e788;442.3;0.03956591;SELL
2016-04-21T00:40:00.972881;2016-04-21T00:40:01.086102;9c0240e8-ba31-4ea5-b42c-875b401d8283;442.3;0.03970156;SELL
2016-04-21T00:40:00.973034;2016-04-21T00:40:01.086102;bcd11ace-73b7-49bf-bef0-536008fe7c1e;442.3;0.02849545;SELL
2016-04-21T00:40:31.028246;2016-04-21T00:40:31.054917;93a1ba19-f450-44ea-9f3c-fa080dc86b46;442.37;0.01;BUY
2016-04-21T00:40:31.028479;2016-04-21T00:40:31.070530;aab8f73e-5965-4c42-bdea-c732a4a47f94;442.38;0.01;BUY
2016-04-21T00:40:31.028679;2016-04-21T00:40:31.070530;c87befb0-b834-49fe-8d05-42a9949d980b;442.4;0.01001808;BUY
2016-04-21T00:40:31.028853;2016-04-21T00:40:31.070530;142ed686-8168-45aa-b161-205e95b591f9;442.42;0.017;BUY
2016-04-21T00:40:31.029020;2016-04-21T00:40:31.070530;44d59efa-9401-45ec-ac22-d9466cb3acf3;442.44;0.04;BUY
2016-04-21T00:40:31.029163;2016-04-21T00:40:31.086158;7463731d-cabd-4946-9d87-db6d8d721b8f;442.44;0.15;BUY
2016-04-21T00:40:31.029324;2016-04-21T00:40:31.086158;3bbf4d7d-6bad-442f-9cd8-50a2477bd836;442.44;0.17;BUY
2016-04-21T00:40:31.029491;2016-04-21T00:40:31.086158;0c257fba-3b61-440a-997a-a7ac55abd093;442.45;0.05;BUY
2016-04-21T00:40:31.029647;2016-04-21T00:40:31.117407;589c359b-3a6b-45a9-bbab-70da5a1846a3;442.46;0.01;BUY
2016-04-21T00:40:31.029810;2016-04-21T00:40:31.117407;0f878e85-d3cc-4a8f-a6d8-2d35cfc89b52;442.5;0.0200339;BUY
2016-04-21T00:40:31.029993;2016-04-21T00:40:31.117407;041ff39e-f622-465d-81de-0dbef99a6e31;442.51;0.00896;BUY
2016-04-21T00:40:31.030165;2016-04-21T00:40:31.117407;64b5b910-86d5-46d7-80f3-2914e5393bbb;442.54;0.01019164;BUY
2016-04-21T00:40:31.030313;2016-04-21T00:40:31.148657;405493e2-ad4e-4179-80bd-5505eb746569;442.55;0.01;BUY
2016-04-21T00:40:31.030465;2016-04-21T00:40:31.164282;54aa3547-3a27-4e7d-b68d-044bec7fb698;442.55;0.88156638;BUY
2016-04-21T00:41:01.144178;2016-04-21T00:41:01.164307;a9c2a8eb-e762-4fb3-afec-2783da6301a2;442.49;0.084;SELL
2016-04-21T00:41:01.144413;2016-04-21T00:41:01.179922;4968b99b-4026-4da0-b11b-b7c715f6d99d;442.49;0.0405;SELL
2016-04-21T00:41:01.144608;2016-04-21T00:41:01.179922;150e6d69-fd20-4123-bcf5-c92f73b84fb6;442.49;0.0489;SELL
2016-04-21T00:41:01.144776;2016-04-21T00:41:01.179922;2f87ffab-1218-4c8c-8dd7-569a4f8aa662;442.49;0.0484;SELL
2016-04-21T00:41:01.144940;2016-04-21T00:41:01.179922;3e180f74-5dc9-4c0f-8649-40df4ef61f9e;442.44;0.122;SELL
2016-04-21T00:41:01.145108;2016-04-21T00:41:01.273672;16f70acf-6570-4695-9c3f-9919ff8c84c9;442.42;0.03145;SELL
2016-04-21T00:41:31.756258;2016-04-21T00:41:31.789324;e7685d09-a59e-413c-ae69-709497c8ac9e;442.48;0.02261;SELL
2016-04-21T00:42:01.147309;2016-04-21T00:42:01.179954;a8f71dab-0903-4261-9bb4-9999fef2301e;442.48;0.0226;SELL
2016-04-21T00:42:30.913185;2016-04-21T00:42:30.945594;e61984b9-f022-4d4c-8e33-c8d00f9b477f;442.48;0.071;SELL
2016-04-21T00:42:30.913402;2016-04-21T00:42:30.945594;9870672d-10e5-4597-a26a-50804e69ff2d;442.48;0.0323;SELL
2016-04-21T00:42:30.913584;2016-04-21T00:42:30.961219;39ce3a63-3c29-4d92-a7ba-31e2811339af;442.48;0.0321;SELL
2016-04-21T00:42:30.913751;2016-04-21T00:42:30.961219;fd4b2683-2649-4536-8391-34e8c5a83331;442.48;0.0323;SELL
2016-04-21T00:42:30.913914;2016-04-21T00:42:30.961219;0c247aa0-a8ae-49b7-92f3-fa94dbb14ed7;442.46;0.14;SELL
2016-04-21T00:42:30.914105;2016-04-21T00:42:30.961219;4e508b96-a78f-44f0-9dc0-b6b9a40a7a2c;442.43;0.107;SELL
2016-04-21T00:42:30.914274;2016-04-21T00:42:30.976845;ff82b6d6-0652-4a1e-9846-18a5711d2b63;442.42;0.01;SELL
2016-04-21T00:42:30.914433;2016-04-21T00:42:30.976845;a52dee88-07ab-4279-8200-91c161849892;442.41;0.01;SELL
2016-04-21T00:42:30.914590;2016-04-21T00:42:30.976845;5cca3bff-e143-4bcc-8684-6d530ac1570e;442.4;0.02003616;SELL
2016-04-21T00:42:30.914750;2016-04-21T00:42:30.976845;29ae8148-2c10-4ef5-b8af-c8090e1b888b;442.39;0.019;SELL
2016-04-21T00:42:30.914907;2016-04-21T00:42:30.976845;51f86bf7-5cf1-491a-a864-5507d1688fe3;442.38;0.01;SELL
2016-04-21T00:42:30.915066;2016-04-21T00:42:30.992469;3c8a4631-b2d4-4c6c-8cee-0503c8ff775f;442.38;0.02;SELL
2016-04-21T00:42:30.915230;2016-04-21T00:42:30.992469;cd779e74-573c-4474-b6f6-55efdf602da5;442.38;0.118;SELL
2016-04-21T00:42:30.915381;2016-04-21T00:42:30.992469;f750faa2-0085-470a-b8e2-0fa67e084146;442.33;0.085;SELL
2016-04-21T00:42:30.915541;2016-04-21T00:42:30.992469;23a97696-4ff6-45d3-ad3c-5ac124e28702;442.33;0.15;SELL
2016-04-21T00:42:30.915688;2016-04-21T00:42:31.008095;9be694c9-14aa-4b05-bcc4-d03634544b2a;442.3;0.01109306;SELL
2016-04-21T00:42:30.915838;2016-04-21T00:42:31.008095;25fb8e48-93b4-46d5-8f2f-fe2cfc301204;442.3;0.01;SELL
2016-04-21T00:42:30.916009;2016-04-21T00:42:31.008095;4a361ba5-9df2-4e87-8375-b8dd8e0a6036;442.3;0.01001921;SELL
2016-04-21T00:42:30.916170;2016-04-21T00:42:31.039345;3446924f-b77b-432e-aa79-cbd75e7fc5aa;442.29;0.01;SELL
2016-04-21T00:42:30.916329;2016-04-21T00:42:31.039345;3a59f194-d630-4382-9bca-808731de2ea3;442.29;0.024;SELL
2016-04-21T00:42:30.916489;2016-04-21T00:42:31.039345;ac8ff30e-0fc0-48c9-a1b5-df3c552cb9d9;442.28;0.08;SELL
2016-04-21T00:42:30.916640;2016-04-21T00:42:31.039345;b2fee568-88c1-4487-b050-99ff23407274;442.27;0.024;SELL
2016-04-21T00:42:30.916799;2016-04-21T00:42:31.039345;0c6cf25c-2bc5-4735-8ce0-c02fc0b37257;442.27;0.25;SELL
2016-04-21T00:42:30.916956;2016-04-21T00:42:31.039345;6f060841-a644-4304-85fa-344c49252591;442.26;0.46;SELL
2016-04-21T00:42:30.917118;2016-04-21T00:42:31.039345;117bed51-ca92-4790-99d9-fa5272e58675;442.25;0.03970605;SELL
2016-04-21T00:42:30.917271;2016-04-21T00:42:31.054970;688debed-5e10-465d-aa12-67c228a62401;442.25;0.0396156;SELL
2016-04-21T00:42:30.917409;2016-04-21T00:42:31.054970;6e8858ad-b2f6-47e1-a99a-211a411bf83f;442.25;0.01130992;SELL
2016-04-21T00:43:01.018858;2016-04-21T00:43:01.039364;1ef1235e-1020-441c-bc90-b8678b6732a4;442.49;0.01;BUY
2016-04-21T00:43:01.019112;2016-04-21T00:43:01.054982;d78b44c6-e313-4435-a98b-a6080b00a0c4;442.49;2.0;BUY
2016-04-21T00:43:01.019294;2016-04-21T00:43:01.054982;78abb357-cba4-4818-9147-16de9f091792;442.5;0.01;BUY
2016-04-21T00:43:01.019446;2016-04-21T00:43:01.054982;0ae37f7f-afe4-4691-8965-ccac32b46696;442.5;0.01;BUY
2016-04-21T00:43:01.019592;2016-04-21T00:43:01.070609;5102f22a-c4d7-4b03-ac90-33e996e63c7b;442.5;0.02003616;BUY
2016-04-21T00:43:01.019744;2016-04-21T00:43:01.148735;f5b7630b-64b8-4b30-9a98-205f2cb70e38;442.5;0.11;BUY
2016-04-21T00:43:01.019910;2016-04-21T00:43:01.148735;49f3e4c0-784e-498c-8270-276d78324bf8;442.51;0.01;BUY
2016-04-21T00:43:01.020083;2016-04-21T00:43:01.148735;54dcc24f-ec16-4e9b-b2ac-032e38b5cee9;442.52;0.01;BUY
2016-04-21T00:43:01.020223;2016-04-21T00:43:01.148735;8fc6a5c0-c127-43d0-b1f4-2fd497188262;442.53;0.01;BUY
2016-04-21T00:43:01.020374;2016-04-21T00:43:01.148735;26013be3-ac03-498b-b26b-fd3787b11348;442.53;0.15;BUY
2016-04-21T00:43:01.020509;2016-04-21T00:43:01.148735;0b469ea5-60fd-430f-8ca6-69fc5dc48c29;442.55;0.25094384;BUY
2016-04-21T00:43:30.990251;2016-04-21T00:43:31.008127;dfaa26cb-f638-4899-a4c8-85c2c9ec0b80;442.46;0.017;SELL
2016-04-21T00:43:30.990491;2016-04-21T00:43:31.023751;2f8d23cd-9a10-4735-a5f2-1977e88ef919;442.46;0.077;SELL
2016-04-21T00:43:30.990700;2016-04-21T00:43:31.023751;98a88533-988c-468d-ab8c-e1dcb5aef427;442.45;0.017;SELL
2016-04-21T00:43:30.990870;2016-04-21T00:43:31.023751;84c9b736-bad3-466e-9fac-cbf29e9ba956;442.44;0.16;SELL
2016-04-21T00:43:30.991055;2016-04-21T00:43:31.023751;30425f41-f295-4d1f-9280-04b393568cca;442.42;0.01;SELL
2016-04-21T00:43:30.991204;2016-04-21T00:43:31.039377;a1f8429b-b568-4e8f-9305-aadafb8abdef;442.41;0.01;SELL
2016-04-21T00:43:30.991364;2016-04-21T00:43:31.039377;f7a85666-ce7c-4b38-a263-d701fc72441c;442.41;0.15;SELL
2016-04-21T00:43:30.991530;2016-04-21T00:43:31.039377;62f977de-3a6a-4155-8a14-3299d7b2202a;442.41;0.125;SELL
2016-04-21T00:43:30.991692;2016-04-21T00:43:31.039377;757b42db-2b40-43bc-949c-d1e77302d4ec;442.4;0.02003842;SELL
2016-04-21T00:43:30.991853;2016-04-21T00:43:31.055002;0626e5f0-e723-4177-b16d-9583efdd229d;442.37;0.01;SELL
2016-04-21T00:43:30.992031;2016-04-21T00:43:31.055002;b602f69d-8096-4095-bd1f-03a8d8471388;442.36;0.108;SELL
2016-04-21T00:43:30.992187;2016-04-21T00:43:31.070625;2a3011e0-2787-4529-8028-adc63d6c9dcc;442.35;0.251045;SELL
2016-04-21T00:43:30.992342;2016-04-21T00:43:31.070625;e0c6ae3a-0b77-4b95-b53a-9772035398c1;442.32;0.01;SELL
2016-04-21T00:43:30.992516;2016-04-21T00:43:31.070625;80fe6166-b949-49ac-afd0-5fde5737d479;442.3;0.01002034;SELL
2016-04-21T00:43:30.992679;2016-04-21T00:43:31.070625;10a39a5f-1080-463e-82f3-2e12c1fa2800;442.25;5.29;SELL
2016-04-21T00:43:30.992836;2016-04-21T00:43:31.070625;2edd8236-c90b-4894-a80f-a51d99112030;442.24;0.01;SELL
2016-04-21T00:43:30.992993;2016-04-21T00:43:31.086251;3d31a86d-af1c-4235-98dc-1972f5a472c2;442.24;0.53908624;SELL
2016-04-21T00:44:01.285227;2016-04-21T00:44:01.305019;6ec9e9dc-7053-4924-bf70-527274747fd9;442.44;0.01;BUY
2016-04-21T00:44:01.285474;2016-04-21T00:44:01.320640;62802837-7227-497e-bba1-18b65b14c401;442.47;0.01;BUY
2016-04-21T00:44:01.285661;2016-04-21T00:44:01.320640;bc5cfb6c-0723-4d59-90bb-3484e936eb35;442.48;0.034;BUY
2016-04-21T00:44:01.285824;2016-04-21T00:44:01.320640;c24b3c13-09a8-4ca4-88a7-0dcc7a439ecd;442.48;0.01;BUY
2016-04-21T00:44:01.286000;2016-04-21T00:44:01.336267;2970c0fe-ea63-479e-a04f-e7c5e5c30a32;442.49;0.01;BUY
2016-04-21T00:44:01.286152;2016-04-21T00:44:01.414396;8645424a-a6de-4309-8a92-d294c3fcc9a5;442.5;0.02003842;BUY
2016-04-21T00:44:01.286300;2016-04-21T00:44:01.414396;17d99927-d896-40a7-8275-4efd830f095b;442.5;0.15;BUY
2016-04-21T00:44:01.286472;2016-04-21T00:44:01.414396;0f34c585-def4-438d-8594-fa12fc624c4f;442.51;0.2;BUY
2016-04-21T00:44:01.286628;2016-04-21T00:44:01.414396;23c7993d-634a-44e2-a69c-1b24f43e7921;442.52;0.01;BUY
2016-04-21T00:44:01.286768;2016-04-21T00:44:01.414396;35cd621c-84ef-44f8-9814-a7caa660cf6c;442.53;0.52262158;BUY
2016-04-21T00:44:30.957789;2016-04-21T00:44:30.976907;c95ec3fb-905f-48f5-9a00-7f3da6df6b97;442.48;0.01;BUY
2016-04-21T00:44:30.958040;2016-04-21T00:44:30.992530;264594eb-ad31-476f-8f8f-8d139bf6e1b8;442.49;0.01;BUY
2016-04-21T00:44:30.958222;2016-04-21T00:44:30.992530;a012cf19-1226-4376-ba1f-201a68bd2822;442.5;0.01;BUY
2016-04-21T00:44:30.958363;2016-04-21T00:44:30.992530;51af6f67-cefd-46d9-bb38-b3ffd59e94ce;442.53;0.29939;BUY
2016-04-21T00:45:01.092937;2016-04-21T00:45:01.117545;4ff6ec9a-6cb8-4215-aa7b-69a28d4304da;442.52;0.0553;SELL
2016-04-21T00:45:01.093146;2016-04-21T00:45:01.117545;e382b862-dfba-408e-8e73-9c3f202e9b9f;442.5;0.0556;SELL
2016-04-21T00:45:01.093290;2016-04-21T00:45:01.117545;9787f923-5fa6-4223-baa8-df91e76fe237;442.5;0.00325;SELL
2016-04-21T00:45:34.547906;2016-04-21T00:45:34.586312;c27fb0e8-174d-40bd-b162-c2a86e13045a;442.53;1.17798842;BUY
2016-04-21T00:45:34.548203;2016-04-21T00:45:34.586312;8b1bf772-2682-4b0b-a856-174df82f6560;442.54;0.480732;BUY
2016-04-21T00:45:34.548531;2016-04-21T00:45:34.601938;56324834-48b5-4aa2-b765-c5fc3b063ef3;442.55;0.01;BUY
2016-04-21T00:45:34.548839;2016-04-21T00:45:34.601938;7e3e640f-4fb6-40fc-8498-8d096b2da349;442.6;0.01002712;BUY
2016-04-21T00:45:34.549093;2016-04-21T00:45:34.617565;4d96c265-1caf-4ab7-a42c-501be0aef556;442.61;0.01;BUY
2016-04-21T00:45:34.549286;2016-04-21T00:45:34.617565;14a2ae43-0d10-4389-8961-cb2a050993b2;442.63;0.048;BUY
2016-04-21T00:45:34.549495;2016-04-21T00:45:34.617565;c62e4067-6060-4c8f-88c0-669e23288c43;442.67;0.019;BUY
2016-04-21T00:45:34.549685;2016-04-21T00:45:34.617565;807223ac-f4e3-44bc-abaa-e4ce5d76fbfb;442.68;0.2234;BUY
2016-04-21T00:45:34.549870;2016-04-21T00:45:34.617565;dc79a255-28c6-491c-b7a2-7a320bf72ddf;442.7;0.01002599;BUY
2016-04-21T00:45:34.550072;2016-04-21T00:45:34.617565;861b98f5-7cd6-4498-95ed-562f153fb916;442.7;0.039;BUY
2016-04-21T00:45:34.550252;2016-04-21T00:45:34.617565;af7488a4-eedd-4e96-ae53-38042adb5c4d;442.7;0.15;BUY
2016-04-21T00:45:34.550428;2016-04-21T00:45:34.617565;f1bef79f-f136-41a3-934a-1bcf7f1819b2;442.72;1.15;BUY
2016-04-21T00:45:34.550609;2016-04-21T00:45:34.648812;8c12e4e7-5ea8-4622-b46a-3300a2805fdf;442.73;0.01;BUY
2016-04-21T00:45:34.550782;2016-04-21T00:45:34.664440;e291ce41-4ba8-44b3-8fdf-1fa11cf87111;442.73;0.029;BUY
2016-04-21T00:45:34.550993;2016-04-21T00:45:34.664440;9cec9d21-55b5-4ba7-aa51-3fcf720b5ace;442.73;0.2;BUY
2016-04-21T00:45:34.551225;2016-04-21T00:45:34.664440;2b4a4321-f723-4265-9bf5-24efa034a080;442.74;2.3;BUY
2016-04-21T00:45:34.551515;2016-04-21T00:45:34.664440;d1db41b5-2cd9-4b28-b800-6c3768319ddf;442.75;0.03947458;BUY
2016-04-21T00:45:34.551703;2016-04-21T00:45:34.664440;5d80e9ce-c522-4787-a178-2c2228c96129;442.75;0.03971968;BUY
2016-04-21T00:45:34.551891;2016-04-21T00:45:34.664440;e2e28f59-de1e-4dc3-996e-ddeaa3db0be3;442.75;0.03971968;BUY
2016-04-21T00:45:34.552082;2016-04-21T00:45:34.664440;66ef81ea-2088-4d41-8e3a-d68ef4e7ef5b;442.75;0.03965545;BUY
2016-04-21T00:45:34.552266;2016-04-21T00:45:34.664440;348e92d8-b522-4508-a223-c88a713cc346;442.77;3.91;BUY
2016-04-21T00:45:34.552436;2016-04-21T00:45:34.664440;09cf2760-bfad-425e-860b-83fdaa09b532;442.78;0.01;BUY
2016-04-21T00:45:34.552623;2016-04-21T00:45:34.680064;a720729b-d557-47e1-968b-066b9f52be10;442.78;1.61;BUY
2016-04-21T00:45:34.552790;2016-04-21T00:45:34.680064;21d667d4-ecc9-419b-9743-7b63be54200f;442.79;0.03949995;BUY
2016-04-21T00:45:34.552963;2016-04-21T00:45:34.680064;29948001-7456-4074-8420-d7365d38c1b9;442.79;0.03963522;BUY
2016-04-21T00:45:34.553147;2016-04-21T00:45:34.680064;b9a02a9f-1585-47a3-bd46-670e0616fc33;442.79;0.03970605;BUY
2016-04-21T00:45:34.553325;2016-04-21T00:45:34.680064;53c177f9-1d3c-4cf3-af67-d05e8036dd7a;442.79;1.15;BUY
2016-04-21T00:45:34.553494;2016-04-21T00:45:34.680064;b3d37705-ec7c-44e3-b6c3-b823b6a63c2b;442.8;0.01002938;BUY
2016-04-21T00:45:34.553676;2016-04-21T00:45:34.680064;8ada1aea-1857-4e91-a73b-eeb73300e1d1;442.8;1.84;BUY
2016-04-21T00:45:34.553903;2016-04-21T00:45:34.680064;e98a99fa-f5bf-4ff0-8c98-d63089afd85e;442.81;0.05;BUY
2016-04-21T00:45:34.554110;2016-04-21T00:45:34.680064;a583641c-8c28-4fcd-82df-afc070e52bee;442.83;6.44;BUY
2016-04-21T00:45:34.554306;2016-04-21T00:45:34.695688;0a66170b-100f-4011-a835-d7d3f40f6e48;442.84;0.01;BUY
2016-04-21T00:45:34.554481;2016-04-21T00:45:34.695688;11fdb1f9-3ab6-4669-8ee6-719c24e76c4d;442.84;0.03959082;BUY
2016-04-21T00:45:34.554664;2016-04-21T00:45:34.695688;062e623c-2252-421c-a7e2-cfe0c0b3aed3;442.84;0.03953436;BUY
2016-04-21T00:45:34.554838;2016-04-21T00:45:34.711314;d4354c0c-7e17-4b3e-8a60-fec28ca076b2;442.84;0.03970156;BUY
2016-04-21T00:45:34.555025;2016-04-21T00:45:34.711314;93a0ad68-6c00-4668-96a3-7066d1832006;442.84;0.0396156;BUY
2016-04-21T00:45:34.555211;2016-04-21T00:45:34.711314;ed87c1c7-52ed-45fb-9a04-8a0394168feb;442.84;2.53;BUY
2016-04-21T00:45:34.555374;2016-04-21T00:45:34.711314;8487ce9c-2272-4e51-8fbc-dd93462e9939;442.85;0.0396374;BUY
2016-04-21T00:45:34.555558;2016-04-21T00:45:34.711314;6a703bc4-b999-4850-8f18-24970f1bd3a6;442.85;1.15;BUY
2016-04-21T00:45:34.555734;2016-04-21T00:45:34.711314;f7d9f3b2-25b0-4032-8053-a6e83eaa7efb;442.86;0.05;BUY
2016-04-21T00:45:34.555915;2016-04-21T00:45:34.726940;b115b488-1663-47fe-8fcd-31a358a693a5;442.86;2.07;BUY
2016-04-21T00:45:34.556096;2016-04-21T00:45:34.726940;357b556e-e308-42ee-9a47-5cc9a49c7be8;442.87;0.05;BUY
2016-04-21T00:45:34.556271;2016-04-21T00:45:34.742562;a9f74873-3071-4c2b-bf81-1fbef6a21e9f;442.87;2.3;BUY
