time_exchange;time_coinpai;guid;price;base_amount;taker_side
2016-04-21T00:14:47.000000;2016-04-21T00:14:47.860145;8b6c51cd-738d-4894-976d-1cdbf610374d;8.5;5.0;SELL
2016-04-21T00:31:12.000000;2016-04-21T00:31:12.388143;06b2b1c3-402c-4ead-8958-b73f084159c2;8.5001;63.64602263;SELL
2016-04-21T01:26:13.000000;2016-04-21T01:26:13.519890;e4371882-3827-488e-a3c4-21e7c915dd65;8.5;0.93116065;SELL
2016-04-21T01:26:14.000000;2016-04-21T01:26:14.458037;06b99ed7-a191-4d7e-8a7f-f4f7e345651c;8.5;0.82641676;SELL
2016-04-21T01:26:15.000000;2016-04-21T01:26:15.898147;f5ac91ed-1cdb-4df0-a332-046b4fd40aa1;8.5;0.82641676;SELL
2016-04-21T01:26:17.000000;2016-04-21T01:26:17.966364;402781c0-d29b-44ff-b563-1e266110dbb4;8.5;1.3223668;SELL
2016-04-21T01:26:21.000000;2016-04-21T01:26:22.112742;22631794-168f-4cf3-afe4-3a4687e6bfa4;8.5;1.86948276;SELL
2016-04-21T01:26:22.000000;2016-04-21T01:26:22.127744;5fdbe297-9066-4c9a-8369-4b1f4a638cee;8.5;2.38668847;SELL
2016-04-21T01:26:22.000000;2016-04-21T01:26:22.583837;8d8e350e-62be-4bd7-b66b-a4cbbc45496b;8.5;1.33;SELL
2016-04-21T01:26:23.000000;2016-04-21T01:26:23.170903;4f9d3a70-1882-4f48-82c6-a5df7f535a5e;8.5;1.82541676;SELL
2016-04-21T01:26:24.000000;2016-04-21T01:26:24.953045;0a9c09ca-e647-41db-aa52-af5adfe61738;8.5;0.999;SELL
2016-04-21T01:26:25.000000;2016-04-21T01:26:25.717123;16c3a1a0-6d61-4c73-b7dd-80b2342f16dc;8.5;1.74822727;SELL
2016-04-21T01:26:25.000000;2016-04-21T01:26:25.993148;48006329-8f83-4ca7-b1b1-8d9653b6b2ab;8.5;10.68102419;SELL
2016-04-21T01:26:26.000000;2016-04-21T01:26:26.638202;a4cfeaf5-432e-4d8d-b034-aef6210166a5;8.5;0.999;SELL
2016-04-21T01:26:26.000000;2016-04-21T01:26:26.848269;58d3299c-2398-4fb1-a33f-c93fc1d8dfe4;8.5;15.60539099;SELL
2016-04-21T01:26:30.000000;2016-04-21T01:26:30.959651;444ae9f7-41cd-4274-a9c2-573397e98194;8.5;5.07499793;SELL
2016-04-21T01:26:36.000000;2016-04-21T01:26:36.730241;e4631b70-6091-4a5d-bd10-7a827833e0c1;8.5;1.47043453;SELL
2016-04-21T01:26:40.000000;2016-04-21T01:26:40.619605;6eabb610-aedc-41c6-8478-dbf1b9c93050;8.5;1.55991428;SELL
2016-04-21T01:26:45.000000;2016-04-21T01:26:45.222058;4fe8e3ce-da67-4f6c-99cc-2fd2b565e1a1;8.5;1.89584919;SELL
2016-04-21T01:26:48.000000;2016-04-21T01:26:48.425405;444bed43-b0b2-4904-aea3-194a33e201c8;8.5;2.13611822;SELL
2016-04-21T01:26:49.000000;2016-04-21T01:26:49.203468;7f2db8a2-1c3f-49bc-b1e5-51460b333c1e;8.5;22.87264296;SELL
2016-04-21T01:26:49.000000;2016-04-21T01:26:49.238488;d4dd2cb7-cd20-4711-af71-47aeab0d8ea8;8.5;18.63945148;SELL
2016-04-21T01:27:09.000000;2016-04-21T01:27:09.897052;3698f577-6b2e-4f45-8452-dffd84e7944f;8.46;1.80886042;SELL
2016-04-21T01:29:47.000000;2016-04-21T01:29:47.312259;cc20e350-b680-48ba-ab8f-e23395f571fb;8.46;4.19113958;SELL
2016-04-21T01:29:47.000000;2016-04-21T01:29:47.325289;1ad5ba72-235f-4205-8a00-a04b24a0e398;8.46;5.0;SELL
2016-04-21T01:29:58.000000;2016-04-21T01:29:58.975433;89566e78-dcc6-479c-9aba-51349a464dac;8.45;10.74422535;SELL
2016-04-21T01:30:50.000000;2016-04-21T01:30:51.032641;a14ba32c-90a9-4b07-a9a7-ea893c182430;8.45;3.72497692;SELL
2016-04-21T01:58:40.000000;2016-04-21T01:58:40.451492;19af0f08-ca64-4263-927a-7cf72c949234;8.45;0.6;SELL
2016-04-21T01:58:45.000000;2016-04-21T01:58:45.238952;c97f62d5-53ca-4698-af33-4f5047e8b592;8.45;0.6;SELL
2016-04-21T02:00:30.000000;2016-04-21T02:00:30.812507;4f99d284-43bf-406c-8a03-f754876ee287;8.45;10.74422502;SELL
2016-04-21T02:01:28.000000;2016-04-21T02:01:28.548282;565b0b5f-e119-4e70-bef8-5d6e84476a45;8.45;2.08331258;SELL
2016-04-21T02:29:37.000000;2016-04-21T02:29:37.944022;bbcd1a6b-9c2f-4875-b3ac-6a373456cfea;8.459;18.8923396;SELL
2016-04-21T02:29:42.000000;2016-04-21T02:29:42.492488;cdedf8b8-502a-444e-8125-55d0729f19fb;8.459;9.9921;SELL
2016-04-21T02:37:22.000000;2016-04-21T02:37:22.490459;1d956771-31c1-42c2-a815-1415f4a3787b;8.459;43.3;SELL
2016-04-21T02:37:22.000000;2016-04-21T02:37:22.508540;a7d5b56f-cb7c-4a7d-80bf-a612b40e31f6;8.454;3.151731;SELL
2016-04-21T02:37:22.000000;2016-04-21T02:37:22.511476;558d6a66-eccd-4245-9afe-56b1e001247f;8.4502;116.7366;SELL
2016-04-21T02:37:22.000000;2016-04-21T02:37:22.516479;fb6dc4e4-44ba-4961-b063-5375aad14f8a;8.45;186.811669;SELL
2016-04-21T02:58:50.000000;2016-04-21T02:58:50.620053;c5aa346e-3381-43a8-8892-dbe6870170fa;8.499;2.6982;BUY
2016-04-21T03:35:18.000000;2016-04-21T03:35:18.375572;291818fc-c7fa-4f78-8086-3ea00c7ef4de;8.451;1.1030263;SELL
2016-04-21T03:36:36.000000;2016-04-21T03:36:36.631319;79ead10a-1c23-4007-9111-7930a88193b5;8.451;43.2;SELL
2016-04-21T03:40:52.000000;2016-04-21T03:40:52.549544;4401efd6-cd4a-487a-b8c8-f286dec38667;8.499;1.9;BUY
2016-04-21T03:40:52.000000;2016-04-21T03:40:52.566523;dbc49f82-de94-482c-ba62-1b2b54cf3152;8.5;4.66317281;BUY
2016-04-21T03:40:52.000000;2016-04-21T03:40:52.570519;d520b638-0e72-4672-8afe-e4b0c95c0634;8.5149;0.99682719;BUY
2016-04-21T03:40:59.000000;2016-04-21T03:40:59.514864;d52d88da-e345-45ac-ab7e-f5c73d46a3e6;8.5149;1.90193881;BUY
2016-04-21T03:41:24.000000;2016-04-21T03:41:24.658717;5a286b19-b3a9-4d80-b626-150830d0c3d7;8.5698;3.99320143;BUY
2016-04-21T03:42:48.000000;2016-04-21T03:42:48.933162;b0676783-4b84-45f4-bd0c-7923dc5980d8;8.5698;2.0;BUY
2016-04-21T03:49:25.000000;2016-04-21T03:49:25.149809;05676251-8db6-4d84-9299-b97781212ca7;8.5701;0.85;BUY
2016-04-21T03:49:25.000000;2016-04-21T03:49:25.152782;1c6b1d73-115a-4bcc-876a-0a89e817ddf5;8.58;0.15;BUY
2016-04-21T03:49:25.000000;2016-04-21T03:49:25.154804;45187e73-3d28-43dd-ae02-a204c7dc9d3d;8.58;1.0;BUY
2016-04-21T03:59:41.000000;2016-04-21T03:59:41.383912;42e1c780-e267-4003-b077-ee0f90ae6451;8.579;10.0;BUY
2016-04-21T04:44:29.000000;2016-04-21T04:44:29.221303;55885c95-9537-4f77-a9b1-4d6757ddea9c;8.515;5.65806119;SELL
2016-04-21T05:08:25.000000;2016-04-21T05:08:25.731709;dbe7b5d3-7e13-48a1-b560-29cdef848087;8.4693;3.191693;SELL
2016-04-21T05:09:32.000000;2016-04-21T05:09:32.163141;d4ae6c55-fc67-48ac-b52a-1ed7f0b9e478;8.4693;3.186185;SELL
2016-04-21T05:12:05.000000;2016-04-21T05:12:05.548495;5364d954-6d57-4e99-8725-1e69eb270109;8.4693;3.186185;SELL
2016-04-21T05:15:20.000000;2016-04-21T05:15:20.137974;b11170d1-3e88-47e0-ae37-7ad2c9c3aa88;8.4723;3.185997;SELL
2016-04-21T05:41:52.000000;2016-04-21T05:41:52.289016;b2293867-3eb3-41b7-adc5-320e47ba2f4a;8.492;0.35689234;SELL
2016-04-21T05:58:38.000000;2016-04-21T05:58:38.483001;0e688b11-79c6-4eee-9b60-b5ed3124b2ea;8.51;3.881e-05;BUY
2016-04-21T06:28:38.000000;2016-04-21T06:28:38.903837;bde5c20a-a4b0-46d6-a6ec-dc5d3251e8fc;8.525;2.01622899;SELL
2016-04-21T06:38:57.000000;2016-04-21T06:38:57.679710;4f475f41-d2ab-4bc4-b8fe-a90cf443280d;8.56;6.99;BUY
2016-04-21T06:38:58.000000;2016-04-21T06:38:58.645790;bd6fda69-c660-414e-874f-e79f1ee9e289;8.56;0.0006;BUY
2016-04-21T06:39:11.000000;2016-04-21T06:39:11.067061;d3f3e250-df76-4a6a-a593-5e1762057b76;8.57;10.0;BUY
2016-04-21T06:56:58.000000;2016-04-21T06:56:58.869222;8bf72f6f-edf5-4736-888e-0bb10d46f70d;8.62;29.83;BUY
2016-04-21T06:57:01.000000;2016-04-21T06:57:01.184507;af103e4d-75b1-482c-858a-cf970678632d;8.62;0.17;BUY
2016-04-21T06:57:01.000000;2016-04-21T06:57:01.197471;80b238c8-8d81-4782-ac65-78d268c2476c;8.63;10.0;BUY
2016-04-21T06:57:01.000000;2016-04-21T06:57:01.200473;174e4907-4486-494c-9435-40d4db43d4a1;8.63;0.97750838;BUY
2016-04-21T06:57:57.000000;2016-04-21T06:57:57.146062;59e28dca-497e-47bc-8919-f8f1ed8753a1;8.63;9.02249162;BUY
2016-04-21T06:57:57.000000;2016-04-21T06:57:57.167075;fa0cea50-1b8e-4bde-b164-629ead140f68;8.63;2.12501676;BUY
2016-04-21T06:57:58.000000;2016-04-21T06:57:58.321176;2c00a9fc-28a6-483e-99ac-d8cedf98a99a;8.63;8.84334101;BUY
2016-04-21T06:58:04.000000;2016-04-21T06:58:04.491987;9ca9d988-2dec-4be7-9aa9-d4546af237a9;8.63;11.14750838;BUY
2016-04-21T06:58:34.000000;2016-04-21T06:58:34.216773;58546f4c-e7d9-4d87-92d5-fd5af5efcfd4;8.63;7.88413385;BUY
2016-04-21T06:58:34.000000;2016-04-21T06:58:34.229783;1f056828-df39-4b2f-814f-58bc84ae1cd6;8.6499;5.93569242;BUY
2016-04-21T06:58:34.000000;2016-04-21T06:58:34.242756;77781c98-ea33-4ed2-aa95-b10ac6387d88;8.75;1.18017373;BUY
2016-04-21T06:58:41.000000;2016-04-21T06:58:42.040561;a538c1fb-2d88-4bba-ac42-44516a27f724;8.7215;2.224086;BUY
2016-04-21T06:58:41.000000;2016-04-21T06:58:42.044562;76003048-b9ad-4a19-bd55-d93046b7f2f2;8.75;4.46767278;BUY
2016-04-21T06:58:41.000000;2016-04-21T06:58:42.070562;1ccad6f6-aaf1-4b4f-b052-3c184341b4bc;8.777;13.30824122;BUY
2016-04-21T06:59:50.000000;2016-04-21T06:59:50.078342;446ddea5-0aeb-4e61-b96c-b12099b3a063;8.7;1.0;SELL
2016-04-21T06:59:50.000000;2016-04-21T06:59:50.089353;e418e46f-b6dc-4f1d-b880-6554cad6454e;8.7;2.0;SELL
2016-04-21T06:59:50.000000;2016-04-21T06:59:50.094382;f466b1a0-ea1d-41b2-8841-5a532fc47336;8.651;47.0;SELL
2016-04-21T06:59:59.000000;2016-04-21T06:59:59.936349;f46b8f6d-3c22-4892-97e8-1c72fadbe76e;8.651;20.0;SELL
2016-04-21T07:00:35.000000;2016-04-21T07:00:35.242868;ebfe255e-16d5-41a4-aff1-66caec5d2214;8.7;33.83;BUY
2016-04-21T07:00:36.000000;2016-04-21T07:00:36.340979;76f4b9e4-7b9b-4000-a110-4c08d8e526e4;8.7;16.17;BUY
2016-04-21T07:01:06.000000;2016-04-21T07:01:06.457006;a5e1686b-b0ac-409a-b0a8-d93eeb79a14e;8.7;50.0;BUY
2016-04-21T07:02:02.000000;2016-04-21T07:02:02.540741;d4a42b8d-7c45-4084-a3a1-acc82c651672;8.684;20.0;SELL
2016-04-21T07:02:04.000000;2016-04-21T07:02:04.257780;fa8ca65a-00e8-4f06-ab64-5763e64cad42;8.684;20.0;SELL
2016-04-21T07:02:05.000000;2016-04-21T07:02:06.045955;76093b62-3b2e-451e-a1b2-75a3a36c4880;8.685;20.0;SELL
2016-04-21T07:02:27.000000;2016-04-21T07:02:27.659124;ef1a4ea7-bae6-44f0-be4e-fb3251eff81e;8.72;0.2409;BUY
2016-04-21T07:02:58.000000;2016-04-21T07:02:58.910240;b45244a1-04db-4c13-8a20-36c4dd30d702;8.72;11.02946865;BUY
2016-04-21T07:04:00.000000;2016-04-21T07:04:00.762990;bcb12058-1b3f-4878-b3a1-3c83dc37f9b3;8.72;11.02946865;BUY
2016-04-21T07:04:02.000000;2016-04-21T07:04:02.077634;0ae2eb33-b1c9-4317-976d-22f1c501f11a;8.72;10.04912606;BUY
2016-04-21T07:04:07.000000;2016-04-21T07:04:07.826130;830db77a-8ab7-4279-8e3e-b8dfb4b09ce8;8.72;11.02946865;BUY
2016-04-21T07:06:55.000000;2016-04-21T07:06:55.837955;178e4001-1cd2-4c27-a96f-9d64391d5a7c;8.72;6.62156799;BUY
2016-04-21T07:06:55.000000;2016-04-21T07:06:55.846937;3bc89aac-c24b-4881-b411-66f7b14d92ee;8.72;18.29843201;BUY
2016-04-21T07:06:56.000000;2016-04-21T07:06:57.022046;994f92a8-4a59-466e-9646-26142fcd3a9f;8.72;5.17;BUY
2016-04-21T07:06:58.000000;2016-04-21T07:06:58.285201;abab9dd9-d0af-42c7-912a-20f72493e1d6;8.72;26.53156799;BUY
2016-04-21T07:08:06.000000;2016-04-21T07:08:06.698017;8c5d8b39-2ecf-4cdc-9fb2-e533b8755bbe;8.723;6.7;SELL
2016-04-21T07:08:06.000000;2016-04-21T07:08:06.712004;07e2ee6e-2ba2-4b08-8f89-dd6e5d8c56a6;8.723;3.189416;SELL
2016-04-21T07:08:06.000000;2016-04-21T07:08:06.714020;de7a98ba-3efb-4851-8924-5cc47f10b6ff;8.673;0.110584;SELL
2016-04-21T07:08:10.000000;2016-04-21T07:08:10.179341;7feb4e6d-3109-4aa0-8330-a9527e5317e9;8.675;10.0;SELL
2016-04-21T07:08:12.000000;2016-04-21T07:08:12.783616;2036fc71-8a3d-4be3-81cc-aba8236e6c19;8.676;10.0;SELL
2016-04-21T07:10:07.000000;2016-04-21T07:10:07.888974;0b6ee137-340f-4577-a5e5-44a9f682a5b0;8.748;5.0;BUY
2016-04-21T07:10:15.000000;2016-04-21T07:10:15.317723;417524cd-9ef8-49c9-924b-e1c448d27751;8.748;5.0;BUY
2016-04-21T07:14:26.000000;2016-04-21T07:14:26.511867;db1f4708-fd3d-4269-8d75-ea02c999fe88;8.779;6.7;BUY
2016-04-21T07:14:26.000000;2016-04-21T07:14:26.518856;135d7bdc-bece-4305-a2a1-1c7eee875446;8.78;3.3;BUY
2016-04-21T07:14:31.000000;2016-04-21T07:14:31.909383;393b8941-9b04-4bd9-a128-a6830bc6dc0d;8.78;10.0;BUY
2016-04-21T07:14:33.000000;2016-04-21T07:14:33.217505;db2d14df-91b9-410b-8969-8f32eb6ce0a0;8.78;10.0;BUY
2016-04-21T07:22:07.000000;2016-04-21T07:22:07.307027;64011334-abbc-4b57-b588-176665d935ee;8.674;10.0;SELL
2016-04-21T07:22:07.000000;2016-04-21T07:22:07.866981;0e2a6480-fc0c-40b3-8838-5940914e1f23;8.674;10.0;SELL
2016-04-21T07:30:05.000000;2016-04-21T07:30:05.521271;25290763-110a-4731-b3de-ac5d2badc723;8.674;0.52453758;BUY
2016-04-21T07:30:09.000000;2016-04-21T07:30:10.362750;f04133a2-6ec7-4185-a772-d40a7782348b;8.674;0.58883623;BUY
2016-04-21T07:30:22.000000;2016-04-21T07:30:22.492953;e2938fff-3a57-4920-9efb-3920099e3325;8.674;0.58883623;BUY
2016-04-21T07:30:27.000000;2016-04-21T07:30:27.256421;d9481173-bd4e-4bc3-babb-401d10cf5e49;8.674;0.58883623;BUY
2016-04-21T07:54:32.000000;2016-04-21T07:54:32.542065;e2cf670d-1428-4741-9e94-a2b88766ad5b;8.66;7.43419228;BUY
2016-04-21T07:54:45.000000;2016-04-21T07:54:45.987385;689f71e2-52f3-45a8-93e8-d86eb9bbb15d;8.66;2.56580772;BUY
2016-04-21T07:54:46.000000;2016-04-21T07:54:46.855279;7fa6a141-4bad-4d21-885a-7348dbbf3cee;8.6605;6.13419228;SELL
2016-04-21T07:55:00.000000;2016-04-21T07:55:00.082575;785910e6-4ac4-4195-95a2-26991097626b;8.66;1.3;BUY
2016-04-21T07:56:05.000000;2016-04-21T07:56:05.628145;babab48b-5c2d-4788-8c75-5ef3b1a59b60;8.6596;3.019238;SELL
2016-04-21T07:59:24.000000;2016-04-21T07:59:24.414009;c2a609ff-2d97-48d6-ab5e-244e66e031c9;8.66;2.56580772;BUY
2016-04-21T07:59:24.000000;2016-04-21T07:59:24.426991;0856a001-36ba-4555-9cf6-d4b2b0ff3d32;8.66;4.6314901;BUY
2016-04-21T07:59:27.000000;2016-04-21T07:59:27.146286;dabc0b3b-a3b2-435d-aa1b-a104d735f754;8.66;5.3685099;BUY
2016-04-21T07:59:27.000000;2016-04-21T07:59:27.160279;20107934-daf8-41f6-b149-616ab92c22d6;8.66;10.0;BUY
2016-04-21T07:59:27.000000;2016-04-21T07:59:27.163287;c1c83d0e-9bf1-44bb-bea4-66fe8025ccd7;8.72;50.0;BUY
2016-04-21T07:59:27.000000;2016-04-21T07:59:27.182273;bc16d833-1123-4717-b3ca-2b908268d49b;8.78;81.6;BUY
2016-04-21T07:59:31.000000;2016-04-21T07:59:31.800767;ce0ca89d-fdf6-45c2-885f-b2c6af7a0af5;8.78;3.9964901;SELL
2016-04-21T08:03:43.000000;2016-04-21T08:03:43.102866;90b8c275-2593-4a87-a44c-4bccbd3593d8;8.7;10.0;BUY
2016-04-21T08:08:16.000000;2016-04-21T08:08:16.276236;8dd2bbe3-95a4-4ca1-8965-5f16fde8ba03;8.68;38.26;BUY
2016-04-21T08:08:17.000000;2016-04-21T08:08:17.371292;c8203167-cb44-4a7a-b0ba-98144a948ff7;8.68;11.74;BUY
2016-04-21T08:08:31.000000;2016-04-21T08:08:31.599760;e3d20cdf-5b2b-4a7b-9d40-ce907aa89a31;8.69;50.0;BUY
2016-04-21T08:08:40.000000;2016-04-21T08:08:40.504594;7a58b8b4-ba9b-49f7-a304-37293179177d;8.69;27.69;SELL
2016-04-21T08:08:43.000000;2016-04-21T08:08:44.079972;ea03ac45-a1be-4d2b-8135-ae8ffa3ff7e3;8.6899;146.31;BUY
2016-04-21T08:08:55.000000;2016-04-21T08:08:55.431113;222e426b-93a8-4535-85c9-3b358c4130af;8.699;3.0;BUY
2016-04-21T08:08:55.000000;2016-04-21T08:08:55.442817;8fa40f10-6453-4417-83a0-3e63e2350e5f;8.7;47.0;BUY
2016-04-21T08:08:59.000000;2016-04-21T08:08:59.997583;3d8b6620-91ea-4369-bc0c-60c49090a5ce;8.7;3.0;BUY
2016-04-21T08:09:18.000000;2016-04-21T08:09:18.519418;7d273d91-db04-49e1-a128-ade7181fbca5;8.6999;8.4993;BUY
2016-04-21T08:09:18.000000;2016-04-21T08:09:18.528466;0502f70f-305b-4b9e-a919-ce17b7ce8028;8.7;50.0;BUY
2016-04-21T08:11:09.000000;2016-04-21T08:11:09.380767;edf92845-4554-4f77-b3bc-d7fe96392a43;8.701;0.4;SELL
2016-04-21T08:11:09.000000;2016-04-21T08:11:09.387763;55001a0a-c9c0-419c-a098-a472643b9f73;8.7;58.5;SELL
2016-04-21T08:11:09.000000;2016-04-21T08:11:09.390792;12fb2b6b-73ef-4799-8a2f-5d1d966413d2;8.7;4.09;SELL
2016-04-21T08:11:13.000000;2016-04-21T08:11:13.135143;9778ee8d-ce72-4d2e-bc5e-fb711821c419;8.7;0.4;SELL
2016-04-21T08:11:15.000000;2016-04-21T08:11:15.370349;3ad39e9a-377e-4cb5-af2d-b51ca1638f93;8.7;62.59;BUY
2016-04-21T08:11:19.000000;2016-04-21T08:11:19.083727;fae29a9b-2270-4c3a-a3b8-23381e26f290;8.7;13.59;SELL
2016-04-21T08:16:45.000000;2016-04-21T08:16:45.463376;254912d5-f2eb-4580-9a33-e20d0fc66136;8.698;0.4;BUY
2016-04-21T08:18:52.000000;2016-04-21T08:18:52.596057;1446bb22-01ff-46c8-921d-de1d19bed639;8.698;2.87195255;SELL
2016-04-21T08:19:02.000000;2016-04-21T08:19:02.602050;61532b1d-dfad-4356-a959-da00df2611a5;8.698;2.87195255;SELL
2016-04-21T08:19:11.000000;2016-04-21T08:19:11.451966;01be116e-3b11-483c-96f9-4fe72dd37eec;8.698;2.87195255;SELL
2016-04-21T08:19:20.000000;2016-04-21T08:19:20.773873;16273fe5-ff66-49dc-ba1b-1bfe604c380d;8.698;4.98414235;SELL
2016-04-21T08:27:19.000000;2016-04-21T08:27:19.984272;0ff5c37f-746a-4ad7-9a76-9f0e1f01c642;8.6722;9.28720702;SELL
2016-04-21T08:34:52.000000;2016-04-21T08:34:52.447580;ad034e0e-d890-451e-9109-d8a150e6f58a;8.698;0.1;BUY
2016-04-21T08:35:00.000000;2016-04-21T08:35:00.533350;e7bf5e36-f969-4738-990c-516e497afc14;8.698;0.1;BUY
2016-04-21T08:50:42.000000;2016-04-21T08:50:42.461293;f7f16d45-435a-4b35-8535-5d7b915930a9;8.68;3.114479;SELL
2016-04-21T08:50:44.000000;2016-04-21T08:50:44.853524;912b4d47-ede9-4037-88c3-029ce79787a1;8.679;81.885521;BUY
2016-04-21T08:52:22.000000;2016-04-21T08:52:22.837382;27ad0369-e30b-4649-83e2-3fb207a8eef4;8.6791;0.9;SELL
2016-04-21T08:52:25.000000;2016-04-21T08:52:26.020646;4c7b2cb5-55de-4bf1-92c4-e7e45a34d99b;8.678;55.065;BUY
2016-04-21T08:54:09.000000;2016-04-21T08:54:09.746039;c29fcd59-5b82-438c-b24c-d64d39773d72;8.684;3.113797;SELL
2016-04-21T08:54:24.000000;2016-04-21T08:54:24.652518;1eb60609-919e-4b3e-85b2-777cbfb95b2e;8.673;85.4509;SELL
2016-04-21T08:54:24.000000;2016-04-21T08:54:24.655525;2433b98f-c5be-4e95-936c-755d5506cd9d;8.6722;1.81856299;SELL
2016-04-21T08:55:34.000000;2016-04-21T08:55:34.174096;73646fca-67ae-4ffc-a1ed-a93e8ca1a7d4;8.656;0.18137507;SELL
2016-04-21T09:00:47.000000;2016-04-21T09:00:47.131406;af92ae44-6891-4248-845d-69a9ad757435;8.68;26.886203;BUY
2016-04-21T09:00:47.000000;2016-04-21T09:00:47.371404;ab8af3f2-817c-4275-800e-78e3d6497686;8.68;0.003797;SELL
2016-04-21T09:00:47.000000;2016-04-21T09:00:47.741425;19c1f508-392d-41e6-90d3-3599a8041d3a;8.679;0.996203;BUY
2016-04-21T09:05:59.000000;2016-04-21T09:05:59.879686;4a75ea98-16c9-4790-88fc-cf75997527d7;8.681;85.5197;SELL
2016-04-21T09:05:59.000000;2016-04-21T09:05:59.889684;615c3b50-5917-4f52-95d5-3314808c72fc;8.68;3.80765944;SELL
2016-04-21T09:18:38.000000;2016-04-21T09:18:38.186800;a7d938de-bb55-4dd1-b9ff-28332b6daed1;8.6457;3.120245;SELL
2016-04-21T09:18:38.000000;2016-04-21T09:18:38.199764;56986cb6-cde8-4846-9e5c-cf9228f2635b;8.64;1.15;SELL
2016-04-21T09:18:38.000000;2016-04-21T09:18:38.201765;d90dbd39-a3ab-464a-b8a6-901b82353e2f;8.6001;45.729755;SELL
2016-04-21T09:18:47.000000;2016-04-21T09:18:47.935731;5d7ed056-c1e8-4fb0-ba23-8e74f23679fe;8.6011;0.1;SELL
2016-04-21T09:18:47.000000;2016-04-21T09:18:47.946734;7fe77665-8b98-4ce5-aa44-6aeb0e49c1de;8.6001;9.9;SELL
2016-04-21T09:18:51.000000;2016-04-21T09:18:51.103033;0ac98e9b-91e6-4722-94f3-32b6453f9de9;8.6001;10.0;SELL
2016-04-21T09:53:22.000000;2016-04-21T09:53:22.849804;31160df9-add6-4f7a-bccc-cdd3153f272d;8.698;0.1;BUY
2016-04-21T09:53:22.000000;2016-04-21T09:53:22.863787;3a3f0aeb-8537-4436-88e2-e9e6a0e6f398;8.699;49.9;BUY
2016-04-21T10:16:22.000000;2016-04-21T10:16:22.371250;2feecca6-cb15-4339-a6bb-58c050eca119;8.6879;7.19335387;BUY
2016-04-21T10:16:22.000000;2016-04-21T10:16:22.393289;cca581bc-8b40-4781-b997-0de61c6fefdc;8.688;11.16432674;BUY
2016-04-21T10:36:17.000000;2016-04-21T10:36:17.736281;49b9399a-264e-49ba-bc6b-a78bcebc005e;8.688;6.5;BUY
2016-04-21T10:56:30.000000;2016-04-21T10:56:30.559665;121d81cb-4512-4b68-b1f0-d0d959cb76b4;8.642;0.1;SELL
2016-04-21T10:56:48.000000;2016-04-21T10:56:48.620518;c0ce6cb7-35ed-4f34-a0ad-78663a88ea9d;8.642;0.1;SELL
2016-04-21T11:05:53.000000;2016-04-21T11:05:54.010054;8104e47a-7c96-4de2-b680-ba5d7da0825c;8.624;0.38926852;SELL
2016-04-21T11:53:37.000000;2016-04-21T11:53:37.929260;3254f409-3b8f-4f6d-81c0-55f8ba05c4b0;8.631;0.1;SELL
2016-04-21T12:05:08.000000;2016-04-21T12:05:08.495266;e8d6efee-b962-4cdf-b613-7c7cc10a946a;8.65;1.1711;BUY
2016-04-21T12:07:32.000000;2016-04-21T12:07:33.019308;da9215d2-969d-4fbf-b086-b590e75bb6dc;8.65;8.8289;BUY
2016-04-21T12:38:09.000000;2016-04-21T12:38:09.667638;bc226394-3952-4e4c-81e7-e043831e8d16;8.66;10.0;BUY
2016-04-21T12:38:57.000000;2016-04-21T12:38:57.637436;e2e94554-ccee-4950-882d-87dbfec8ff67;8.67;6.23;BUY
2016-04-21T12:38:59.000000;2016-04-21T12:38:59.774632;573ed237-024c-4ba1-8dce-ddab35cf7ddf;8.67;3.77;BUY
2016-04-21T12:39:33.000000;2016-04-21T12:39:33.121969;52233b84-5c01-4c82-ad54-be4af4bc8978;8.68;0.60478;BUY
2016-04-21T12:40:31.000000;2016-04-21T12:40:32.184870;0e270c42-cbec-4d24-826b-5ff7f230d8b9;8.68;9.39522;BUY
2016-04-21T12:40:31.000000;2016-04-21T12:40:32.201881;88608803-6246-44b5-9305-ab19d5759e4a;8.68;10.0;BUY
2016-04-21T12:40:54.000000;2016-04-21T12:40:54.800149;137cc0bb-ac93-4011-bbde-1ecc67f54c44;8.69;10.0;BUY
2016-04-21T12:48:41.000000;2016-04-21T12:48:41.339066;786e3e4a-8c97-4b18-bc8c-b95f1098d92a;8.69;1.614099;SELL
2016-04-21T12:57:48.000000;2016-04-21T12:57:48.825667;7e1a741e-b84c-4d59-9e36-e0263bf9c712;8.68;10.0;BUY
2016-04-21T12:57:52.000000;2016-04-21T12:57:52.614052;e665cebd-c49d-4b1f-bc16-69899599d722;8.69;8.385901;BUY
2016-04-21T12:58:12.000000;2016-04-21T12:58:12.668058;b1b0bce3-233c-40f9-8d0d-41722768ac6e;8.69;30.0;BUY
2016-04-21T12:58:15.000000;2016-04-21T12:58:15.562348;bdf0aa5d-bcd4-4d68-bb82-4bd75fa153fc;8.7;10.0;BUY
2016-04-21T12:58:29.000000;2016-04-21T12:58:29.366735;d338798e-a024-417a-b224-46b613d719ec;8.7;30.0;BUY
2016-04-21T12:58:52.000000;2016-04-21T12:58:52.460011;79a74adf-c128-4a2d-a9ac-4821823eb1e7;8.7;2.75;BUY
2016-04-21T12:58:53.000000;2016-04-21T12:58:53.408116;217db11d-2a62-446a-9fa7-6a094af6353a;8.7;2.75;BUY
2016-04-21T12:58:55.000000;2016-04-21T12:58:55.069324;300adcdb-b777-4de3-bdc7-d62cadbf6acc;8.7;2.75;BUY
2016-04-21T12:58:55.000000;2016-04-21T12:58:55.377311;57068243-66d4-4910-b5cd-79a48abda5da;8.7;21.75;BUY
2016-04-21T12:58:59.000000;2016-04-21T12:58:59.760766;342bf7d2-9d2f-4292-bf9c-cd4faf1d4177;8.7;24.5;SELL
2016-04-21T12:59:02.000000;2016-04-21T12:59:02.227030;f8dd6f18-8a42-4936-9fea-8b58e4c01110;8.7;5.5;BUY
2016-04-21T12:59:03.000000;2016-04-21T12:59:03.249111;d2c79aac-e2ef-48a6-8d16-f027ff8441ba;8.7;5.5;BUY
2016-04-21T12:59:05.000000;2016-04-21T12:59:05.051290;f23b6c12-4ff0-4d51-b9ed-1d49f9503365;8.7;24.5;BUY
2016-04-21T12:59:23.000000;2016-04-21T12:59:23.704147;42fddeef-795f-411a-88ce-313cabdff6d3;8.7001;174.0;SELL
2016-04-21T12:59:27.000000;2016-04-21T12:59:27.591525;d8e88037-ec74-4454-8586-cbd86c24cff1;8.7002;174.0;SELL
2016-04-21T13:02:38.000000;2016-04-21T13:02:38.683658;5bf0f091-68f2-416e-adcc-c6ff2449a260;8.708;1.50306214;BUY
2016-04-21T13:20:57.000000;2016-04-21T13:20:57.903580;7347d0f4-c6e3-487f-8189-02af2b7e7942;8.699;85.6946;BUY
2016-04-21T13:20:57.000000;2016-04-21T13:20:57.928546;53bfcb0b-0d58-40d3-9e0e-9c8718a44aa3;8.7;10.0;BUY
2016-04-21T13:21:54.000000;2016-04-21T13:21:54.370224;3e7514ec-42f6-4f19-a8bb-37e91895a7be;8.7;4.3054;SELL
2016-04-21T13:23:38.000000;2016-04-21T13:23:38.742621;0f72c256-4639-46dd-adc3-cc817a349217;8.699;10.0;BUY
2016-04-21T13:32:10.000000;2016-04-21T13:32:10.734558;f811d7a7-5b45-4eb5-a80e-8d60bf2cd996;8.699;86.0891;BUY
2016-04-21T13:32:10.000000;2016-04-21T13:32:10.767563;60063e5f-299b-433f-820e-76621cf1750b;8.699;43.3;BUY
2016-04-21T13:32:10.000000;2016-04-21T13:32:10.784562;d454332c-8c61-4b30-a098-0377824c54fe;8.7;14.7275;BUY
2016-04-21T13:32:10.000000;2016-04-21T13:32:10.789571;09be8bf9-2ebc-48ea-a994-4fe8e73f9241;8.71;5.8834;BUY
2016-04-21T13:32:13.000000;2016-04-21T13:32:13.982912;774a95e8-4dcd-48a5-9169-9ff6b35e5286;8.71;4.1166;BUY
2016-04-21T13:32:13.000000;2016-04-21T13:32:13.989898;000bc554-ce05-40e1-b4c1-5e76e538d1be;8.7319;8.35326;BUY
2016-04-21T13:32:13.000000;2016-04-21T13:32:14.014895;e46c4b16-2f5b-41c4-800b-df1febe3fad8;8.732;1.15088;BUY
2016-04-21T13:32:13.000000;2016-04-21T13:32:14.040907;ed76d524-cd57-4acb-b4fd-313226e7f3a6;8.7861;3.193;BUY
2016-04-21T13:32:13.000000;2016-04-21T13:32:14.042886;7e85a971-1b33-4ce4-b107-ca29651fbd87;8.799;3.18626;BUY
2016-04-21T13:32:17.000000;2016-04-21T13:32:17.428231;3edcf32a-da40-4b58-821a-567a7d8a5875;8.7868;10.0;BUY
2016-04-21T13:32:44.000000;2016-04-21T13:32:44.317904;a298dd4b-8eee-4f03-a474-d40f11ddb14e;8.71;0.10021;BUY
2016-04-21T13:33:24.000000;2016-04-21T13:33:24.054900;0f55342c-d609-4275-8670-7ce70b6efc84;8.71;9.89979;BUY
2016-04-21T13:33:24.000000;2016-04-21T13:33:24.068900;778b71b3-8524-4385-ae56-0b4c9b69e7c2;8.72;10.0;BUY
2016-04-21T13:33:24.000000;2016-04-21T13:33:24.070891;9bb63197-5b82-452b-a129-a1cf59376627;8.8;5.10021;BUY
2016-04-21T14:00:04.000000;2016-04-21T14:00:04.203649;c614e305-b3be-4fe7-a768-b22ab4d1e168;8.7189;8.50189999;BUY
2016-04-21T14:00:04.000000;2016-04-21T14:00:04.275667;be2545a0-c8e6-4329-818e-fbac5db03369;8.7189;16.46524635;BUY
2016-04-21T14:00:04.000000;2016-04-21T14:00:04.278675;04737e47-2ed9-492e-a411-cbcbcf972e55;8.719;8.02495365;BUY
2016-04-21T14:01:02.000000;2016-04-21T14:01:02.229448;b53f7437-13b0-43e8-b9f0-c0a74543471a;8.7394;24.90858094;BUY
2016-04-21T14:01:02.000000;2016-04-21T14:01:02.239489;81419cd3-f15e-4938-b8cf-7a78de0f46df;8.7399;1.58941906;BUY
2016-04-21T14:01:04.000000;2016-04-21T14:01:04.180704;cad5dea5-f809-4c6b-8c19-3c951ae95150;8.7394;9.0943;BUY
2016-04-21T14:02:00.000000;2016-04-21T14:02:00.245264;ca945d26-c3e2-4ee6-8be0-012d63a0daa0;8.7299;9.21178446;BUY
2016-04-21T14:02:00.000000;2016-04-21T14:02:00.264352;36c9f95e-37fb-49d5-8abe-5e66a1f21433;8.7299;13.92561554;BUY
2016-04-21T14:02:02.000000;2016-04-21T14:02:02.162474;b681d197-da0b-427a-b3ff-5eaf1edaf313;8.7299;9.7548;BUY
2016-04-21T14:02:58.000000;2016-04-21T14:02:58.177042;bb88c464-b021-414b-9556-f3a63fd98aa3;8.7175;11.63022036;BUY
2016-04-21T14:02:58.000000;2016-04-21T14:02:58.199049;4a669b76-13aa-46a9-b1ca-7617ce5f4c7d;8.7269;9.2205732;BUY
2016-04-21T14:02:58.000000;2016-04-21T14:02:58.207073;00eecfac-2310-445f-9457-612161de5833;8.727;3.69020644;BUY
2016-04-21T14:03:00.000000;2016-04-21T14:03:00.177237;6eb4a420-b205-493f-85f4-71950f8dfaf0;8.727;9.4625;BUY
2016-04-21T14:03:56.000000;2016-04-21T14:03:56.221881;60137a9f-7d99-4be8-af36-f25f5951c605;8.719;24.64578228;BUY
2016-04-21T14:03:58.000000;2016-04-21T14:03:58.213056;b045fe53-9ab5-4ca5-83cc-67a2bb14557f;8.719;9.10500811;BUY
2016-04-21T14:43:48.000000;2016-04-21T14:43:48.487417;578531ad-0f30-4e1b-b5ab-f8972d0d8aa3;8.718;85.6299;BUY
2016-04-21T14:44:04.000000;2016-04-21T14:44:04.917053;0b524a45-2430-4d43-8c88-74d0030947dc;8.719;34.7898;SELL
2016-04-21T14:57:10.000000;2016-04-21T14:57:10.476934;586b2a9f-c43c-44ea-a92b-8668cb23304c;8.6838;2.756679;SELL
2016-04-21T14:57:10.000000;2016-04-21T14:57:10.478952;70c6a321-fd2c-4c4d-b789-ec79ba03e55e;8.68;100.0;SELL
2016-04-21T15:40:47.000000;2016-04-21T15:40:47.517884;533e5243-ddd7-4d81-92c3-c67ae84b3ad5;8.6838;1.90735358;SELL
2016-04-21T15:40:54.000000;2016-04-21T15:40:54.508623;52d274d2-1192-40a8-8349-df6ff8b24262;8.6838;6.2856815;SELL
2016-04-21T15:41:01.000000;2016-04-21T15:41:01.542300;386c5769-4e9e-4390-96d4-6c7a319aa64c;8.6838;5.29240846;SELL
2016-04-21T15:41:09.000000;2016-04-21T15:41:10.022194;8d223b07-a776-4728-881a-80a3e6573fc0;8.6838;0.56037958;SELL
2016-04-21T15:41:12.000000;2016-04-21T15:41:12.168380;8a6bfb08-b009-4104-9a13-9cc4240ca636;8.6838;5.25857459;SELL
2016-04-21T15:41:18.000000;2016-04-21T15:41:18.758033;33d98c48-6fe7-4116-bf42-656ae67c79df;8.6838;5.25960367;SELL
2016-04-21T15:41:29.000000;2016-04-21T15:41:29.727113;b5eb7c30-376d-418c-8121-8fe93a58f7e0;8.6838;5.24987578;SELL
2016-04-21T15:42:01.000000;2016-04-21T15:42:02.003373;4f76a531-90c4-4449-b9cd-46e252172e06;8.6838;3.78196918;SELL
2016-04-21T15:42:05.000000;2016-04-21T15:42:05.534689;443da964-1859-4c75-b124-904ae9a58b08;8.6838;9.70415366;SELL
2016-04-21T15:44:24.000000;2016-04-21T15:44:24.662873;6dff5eda-616d-4280-bc46-073a0d7b2f3b;8.6242;0.69573676;SELL
2016-04-21T15:44:28.000000;2016-04-21T15:44:29.012311;f8bb721e-715a-4342-92c1-ec2916e49930;8.6241;6.12;SELL
2016-04-21T15:44:30.000000;2016-04-21T15:44:30.639478;d289363a-4a4b-48ac-9ad8-588ba2a33fd1;8.6241;8.23098267;SELL
2016-04-21T15:44:37.000000;2016-04-21T15:44:37.474135;e696e287-380f-4159-9394-4a2784f69732;8.6241;0.96936107;SELL
2016-04-21T15:44:43.000000;2016-04-21T15:44:44.014829;7decfdb0-b8d6-4855-b2b2-ced3070fb4d6;8.62;7.28400265;SELL
2016-04-21T15:44:52.000000;2016-04-21T15:44:52.129641;33e1f0b0-ac64-4bd7-94a0-806dbebdebc9;8.62;7.28400265;SELL
2016-04-21T15:44:58.000000;2016-04-21T15:44:58.733275;1345876a-307c-4d5e-a1b3-2a50d1e09e82;8.62;7.28400265;SELL
2016-04-21T15:45:00.000000;2016-04-21T15:45:00.412425;260f5617-ce67-4f32-acc7-d3d78a203a02;8.624;0.00063893;BUY
2016-04-21T15:45:00.000000;2016-04-21T15:45:00.423442;a4418129-eedf-4836-b16b-f3af069bf550;8.6241;0.96936107;BUY
2016-04-21T15:45:06.000000;2016-04-21T15:45:06.199016;d69ed643-0b65-4cff-bbce-0247ba2502a6;8.62;7.28400265;SELL
2016-04-21T15:45:14.000000;2016-04-21T15:45:14.733860;bf66f9dd-cc26-4a66-9d19-bdd8bf25083b;8.62;7.28400265;SELL
2016-04-21T15:46:00.000000;2016-04-21T15:46:00.177426;ba17c8e6-91bf-44a2-a3a4-099396e60ccb;8.62;2.6093369;SELL
2016-04-21T15:46:13.000000;2016-04-21T15:46:13.847782;5f3e5fed-1215-480b-9511-fcbb1a05e4aa;8.62;2.6093369;SELL
2016-04-21T15:46:13.000000;2016-04-21T15:46:14.051819;c21b8e92-8bcf-4e42-b48c-6b572d1e1605;8.62;29.54;SELL
2016-04-21T15:46:14.000000;2016-04-21T15:46:14.991897;af3ad242-62d6-4631-aa3c-b822610ec19d;8.62;28.82131295;SELL
2016-04-21T15:47:05.000000;2016-04-21T15:47:05.391924;34ee9efe-5904-4e85-8612-870cac4481e3;8.678;91.38047873;BUY
2016-04-21T15:48:15.000000;2016-04-21T15:48:16.005986;ada0d791-2760-4346-ba74-97875913031e;8.6729;6.00599046;BUY
2016-04-21T16:01:10.000000;2016-04-21T16:01:10.598851;94b6b55b-75ca-4b4b-99a2-8452eb837304;8.5887;0.51258394;SELL
2016-04-21T16:01:10.000000;2016-04-21T16:01:10.605868;39bb7722-1952-40e0-afcb-7ed679637bbf;8.5551;11.32215;SELL
2016-04-21T16:43:03.000000;2016-04-21T16:43:03.630823;75512776-6fc9-46ad-866b-190ecb33f4dc;8.541;1.499456;SELL
2016-04-21T16:45:27.000000;2016-04-21T16:45:27.833242;528da886-d434-4f1d-b7a4-44c8d2bf6bdc;8.541;4.99;SELL
2016-04-21T17:24:24.000000;2016-04-21T17:24:24.301266;fc2ae189-ed6e-429e-a48e-2cbbac60b0d0;8.56;0.1;SELL
2016-04-21T17:24:24.000000;2016-04-21T17:24:24.307281;3ad7c23b-9813-40f1-9659-10fa75f5b5f8;8.541;9.510544;SELL
2016-04-21T17:24:24.000000;2016-04-21T17:24:24.793316;9224ceba-358a-4c97-9b4c-ca675e299d8e;8.541;1.489456;BUY
2016-04-21T17:29:00.000000;2016-04-21T17:29:00.429803;9398b81f-e1fd-4fcf-a31c-0f495d989717;8.54;1.5;BUY
2016-04-21T17:29:00.000000;2016-04-21T17:29:00.432801;7a778ff5-665d-43bf-b005-2c183f8f5348;8.541;4.50424;BUY
2016-04-21T17:36:31.000000;2016-04-21T17:36:31.506928;efe56d7f-53f6-421d-99e6-ed34ef57a079;8.541;11.1;BUY
2016-04-21T17:38:09.000000;2016-04-21T17:38:09.830729;53d21625-b023-4401-9247-b1ea2225b8cf;8.541;19.50186381;SELL
2016-04-21T17:43:40.000000;2016-04-21T17:43:40.369101;40d85b11-ca0a-44fe-b768-8bfb02537c09;8.541;0.25596329;SELL
2016-04-21T17:44:18.000000;2016-04-21T17:44:18.410905;6dbe8573-4f8b-41d2-8b95-aa9202b449df;8.541;0.4;SELL
2016-04-21T17:44:22.000000;2016-04-21T17:44:22.119252;d8e57761-a7fd-422b-9fc0-5222a4c05faf;8.57;87.8751;BUY
2016-04-21T17:44:22.000000;2016-04-21T17:44:22.130239;a3c4be0a-ca06-4ab1-811c-e34e8ae32791;8.57;2.549267;BUY
2016-04-21T17:44:22.000000;2016-04-21T17:44:22.273254;54a6d04f-60f1-490d-82d4-93e390e409bd;8.57;25.40123612;SELL
2016-04-21T17:44:22.000000;2016-04-21T17:44:22.599322;6e3dcec0-a347-4b4d-a7b3-afd69bae285d;8.57;45.82911531;SELL
2016-04-21T17:44:23.000000;2016-04-21T17:44:23.448416;337235df-a66d-47cd-9715-074a1d6b0ba9;8.57;25.40123612;SELL
2016-04-21T17:44:23.000000;2016-04-21T17:44:23.704431;7c38022d-6a59-4e86-8a59-675976f640f0;8.57;12.9437778;SELL
2016-04-21T17:44:25.000000;2016-04-21T17:44:25.299602;ac6a92c1-749b-4efc-a2cd-d72fff46178d;8.57;0.00026765;SELL
2016-04-21T17:44:49.000000;2016-04-21T17:44:49.155941;01267df9-a6e7-4af9-a61b-d64d16e523c9;8.57;45.83928757;SELL
2016-04-21T17:44:50.000000;2016-04-21T17:44:50.155061;4ce9ccba-c272-4f0d-9de4-32bc1dd23058;8.57;29.25698079;SELL
2016-04-21T17:44:50.000000;2016-04-21T17:44:50.162050;2fa60cf1-2d21-4221-996f-e983f7316969;8.57;29.25698084;SELL
2016-04-21T17:44:50.000000;2016-04-21T17:44:50.218455;9b1b149a-6ba0-4e13-88d6-a22943440c07;8.57;45.86792215;SELL
2016-04-21T17:44:50.000000;2016-04-21T17:44:50.421076;40607746-8927-473b-8953-2803ad9ad5da;8.57;17.81158983;SELL
2016-04-21T17:44:50.000000;2016-04-21T17:44:50.785097;64c33db5-7368-44d4-904d-8e091cca5bbb;8.57;10.74304695;SELL
2016-04-21T17:44:50.000000;2016-04-21T17:44:50.806112;7d82f8c2-8d82-4b1b-a5b1-ca2dcc9a7175;8.57;1.40126699;SELL
2016-04-21T17:44:51.000000;2016-04-21T17:44:51.166143;1bcfa273-e314-46d4-8c5b-b8eaa4947ce6;8.57;17.0214667;SELL
2016-04-21T17:44:51.000000;2016-04-21T17:44:51.439488;6851e6e3-1b0f-41c1-9c7d-3815d64edcc3;8.57;2.21959055;SELL
2016-04-21T17:44:51.000000;2016-04-21T17:44:51.642193;30791220-9e7b-4b23-8653-e71efbb21875;8.57;0.58186763;SELL
2016-04-21T17:44:54.000000;2016-04-21T17:44:54.279460;e83f6db1-459d-4ec9-9cf0-826fbf7849ad;8.541;0.81939914;SELL
2016-04-21T17:45:02.000000;2016-04-21T17:45:02.312264;04750f6c-7767-444e-8cc5-e6cfd9f56e4a;8.541;5.78104423;SELL
2016-04-21T17:45:08.000000;2016-04-21T17:45:08.803906;9ba4990d-2ad6-42f9-968f-5a05f8b4179b;8.541;0.78016968;SELL
2016-04-21T17:45:14.000000;2016-04-21T17:45:14.891512;41f3082d-5044-431a-8e4b-a3bcdfa696e0;8.541;35.26342366;SELL
2016-04-21T17:45:40.000000;2016-04-21T17:45:40.660092;e37b8a2f-dcb9-411f-9a28-575b72d1d774;8.54;6.56117634;BUY
2016-04-21T17:45:43.000000;2016-04-21T17:45:43.799413;19e080d0-1220-49d3-a08e-1afa5c2dfd40;8.54;3.158577;SELL
2016-04-21T17:45:56.000000;2016-04-21T17:45:56.540696;254e277a-d810-4ec4-9962-125fd367113e;8.54;2.84049019;SELL
2016-04-21T17:47:55.000000;2016-04-21T17:47:55.054528;3ef2588d-e7b1-4fcc-95de-df5c17697f30;8.5281;2.436352;SELL
2016-04-21T17:48:14.000000;2016-04-21T17:48:14.779504;f49811aa-21c9-4fe9-9cd6-147f86cf0e3d;8.5281;2.5948;SELL
2016-04-21T17:48:16.000000;2016-04-21T17:48:16.800716;925b3b6e-a3b4-48ef-b536-b6b5418447cd;8.5281;2.5948;SELL
2016-04-21T17:48:24.000000;2016-04-21T17:48:24.685575;5a5ca0aa-25d5-4b70-9f8f-d33fbe99c904;8.5281;2.59896;SELL
2016-04-21T17:48:26.000000;2016-04-21T17:48:26.061646;02cec07b-9880-4df7-8a7a-bc90d63490d7;8.5281;2.5948;SELL
2016-04-21T17:48:30.000000;2016-04-21T17:48:30.732093;44841dbb-2948-49bb-9ea2-cc2cb546a2fe;8.5281;1.2974;SELL
2016-04-21T17:59:37.000000;2016-04-21T17:59:37.147469;b4dbb9c9-7b7c-4ecd-a7b3-a05a3e0cada6;8.5281;46.74459255;SELL
2016-04-21T17:59:37.000000;2016-04-21T17:59:37.339503;0cb29d34-6e9d-4114-8365-6d7b735bd4a7;8.5281;35.55169545;SELL
2016-04-21T17:59:37.000000;2016-04-21T17:59:37.342499;b592f5a2-5e87-4c82-b9af-088c8a98a8d3;8.5231;0.52083333;SELL
2016-04-21T17:59:37.000000;2016-04-21T17:59:37.356512;6c6fb6f6-0be6-483c-9e2c-8e0939ed6d1a;8.5137;0.5195345;SELL
2016-04-21T17:59:37.000000;2016-04-21T17:59:37.358472;bfb55a71-78d3-48df-9e4a-4d6cdfe2bddd;8.5104;5.0;SELL
2016-04-21T17:59:37.000000;2016-04-21T17:59:37.367484;45f01fb5-8039-4c72-a875-40426121340d;8.5;0.11338;SELL
2016-04-21T17:59:37.000000;2016-04-21T17:59:37.368475;15a7f274-ce67-46a0-9bf8-579a238442b3;8.5;48.570355;SELL
2016-04-21T18:01:23.000000;2016-04-21T18:01:23.427131;7030221f-c20f-4c90-ac7c-79c050eb5d19;8.5;3.42250095;SELL
2016-04-21T18:01:56.000000;2016-04-21T18:01:56.112353;2009cc4f-b5cf-4204-b6e6-34be095abeb2;8.5;22.024;SELL
2016-04-21T18:02:31.000000;2016-04-21T18:02:31.618957;c29241ce-8c3b-416a-a055-2bc09dd1b7b1;8.5;5.59916614;SELL
2016-04-21T18:02:33.000000;2016-04-21T18:02:33.143068;e8c0e63d-562e-46fb-922c-f5d7d499a59d;8.5;15.56842634;SELL
2016-04-21T18:02:37.000000;2016-04-21T18:02:37.734510;e8099d3b-8130-41a7-b8ca-e3bcc8594811;8.5;0.18481;SELL
2016-04-21T18:02:45.000000;2016-04-21T18:02:45.742330;7d1b7f13-1fc6-42d9-bc0b-b50eb8a10320;8.5;2.6033776;SELL
2016-04-21T18:02:53.000000;2016-04-21T18:02:53.083039;87242dc2-eaf4-4fe9-93c0-e1d462e57b9c;8.5;19.63359805;SELL
2016-04-21T18:02:54.000000;2016-04-21T18:02:54.594242;d9f6bbaf-f841-496b-a63d-1a93b931e303;8.5;13.84991245;SELL
2016-04-21T18:03:04.000000;2016-04-21T18:03:04.043158;40e307f3-3ae1-4ed1-981e-e84ab73096ca;8.5;4.68984456;SELL
2016-04-21T18:03:12.000000;2016-04-21T18:03:12.888024;887fe990-d878-45ec-96cb-63c25a70f8e2;8.5;4.67405275;SELL
2016-04-21T18:03:19.000000;2016-04-21T18:03:19.208727;03de140d-9df9-46d5-b1e2-65c511f74e59;8.5;19.63150977;SELL
2016-04-21T18:03:20.000000;2016-04-21T18:03:20.780810;182858e4-ea29-45fb-8853-e8da4374a409;8.5;14.81397679;SELL
2016-04-21T18:03:20.000000;2016-04-21T18:03:20.939849;0e216cf5-09c5-4f48-b7b7-cf08600faf59;8.5;4.65026494;SELL
2016-04-21T18:03:31.000000;2016-04-21T18:03:31.362883;e2385ccd-d03f-45db-8f5d-3d5dbc626a19;8.5;4.61695399;SELL
2016-04-21T18:03:38.000000;2016-04-21T18:03:38.729621;c23537bf-58cf-4497-834d-92e0a66e9e95;8.5;4.57270166;SELL
2016-04-21T18:03:44.000000;2016-04-21T18:03:44.718214;a11af7f5-a1d3-4b58-a666-b9317367ce19;8.5;1.62647908;SELL
2016-04-21T18:04:01.000000;2016-04-21T18:04:01.741918;ffd7b607-eb02-46ac-91eb-46d42161d9c5;8.5;4.47044477;SELL
2016-04-21T18:04:04.000000;2016-04-21T18:04:04.312190;ce50b36c-da95-4bb8-b3e3-96b2b69f5dcc;8.5;46.5226;SELL
2016-04-21T18:04:07.000000;2016-04-21T18:04:07.827568;e2860b85-8738-4c58-90b8-029eb49318ba;8.5;4.77;SELL
2016-04-21T18:04:08.000000;2016-04-21T18:04:08.811630;7382e75e-8b68-4ccf-83ec-d5eec05b97a3;8.5;111.75;SELL
2016-04-21T18:04:10.000000;2016-04-21T18:04:10.382809;9be8b0dd-dd5e-41d1-a2f5-869da175e5f4;8.5;111.75;SELL
2016-04-21T18:04:12.000000;2016-04-21T18:04:12.628040;903a1538-0b8d-4678-ab0d-4b1ea46f50fd;8.5;22.15;SELL
2016-04-21T18:04:13.000000;2016-04-21T18:04:13.185063;aaf6a9f5-aafc-4011-8d18-bffa0f019cae;8.5;4.44727254;SELL
2016-04-21T18:04:16.000000;2016-04-21T18:04:16.042374;54263893-7aff-494a-aaec-dcf713744f00;8.5;3.40775262;SELL
2016-04-21T18:07:24.000000;2016-04-21T18:07:25.045716;7fa4d213-8436-4daa-8970-2b1bc61ce8b0;8.5;3.25893398;BUY
2016-04-21T18:19:55.000000;2016-04-21T18:19:55.764408;da3ee474-b73e-44ef-bafc-5db9e41213bc;8.5375;0.4641;BUY
2016-04-21T18:22:51.000000;2016-04-21T18:22:51.264944;00c23270-dd53-4b14-bf9d-4298cadf86e2;8.4745;8.5;SELL
2016-04-21T18:22:51.000000;2016-04-21T18:22:51.268960;b0e6b23a-1d70-407b-ad83-57cd3d1f5a5d;8.4735;7.9130433;SELL
2016-04-21T18:22:51.000000;2016-04-21T18:22:51.270009;5ac6403f-00a0-4dd1-b5b9-8aa3e06139d5;8.4734;0.5258453;SELL
2016-04-21T18:22:51.000000;2016-04-21T18:22:51.275993;50c9b910-b6c6-45f9-82e6-b72ae400cce1;8.441;83.1611114;SELL
2016-04-21T18:33:07.000000;2016-04-21T18:33:07.659427;e8e28f5a-0d3c-40ba-997b-3392aab8a691;8.517;8.4;SELL
2016-04-21T18:33:07.000000;2016-04-21T18:33:07.690502;006cc512-5013-4f3e-9df6-66cee41c1f0a;8.517;0.1;SELL
2016-04-21T18:33:17.000000;2016-04-21T18:33:17.270383;09e76993-0935-458e-a8ad-6c2c3b8b9401;8.517;1.72105415;SELL
2016-04-21T18:33:23.000000;2016-04-21T18:33:23.122956;c285af22-6bbb-4d44-919a-1a83b6bff976;8.517;5.97178681;SELL
2016-04-21T18:33:28.000000;2016-04-21T18:33:28.943568;c45f6c80-8697-4c00-beb5-8078a32866e3;8.517;1.63823405;SELL
2016-04-21T18:33:35.000000;2016-04-21T18:33:35.707256;ec2b85bd-9a31-418c-b3c3-39a3fa874a28;8.517;1.38174887;SELL
2016-04-21T18:33:40.000000;2016-04-21T18:33:40.648716;1250731e-7ff2-46ad-ab42-8b3f10278c3c;8.517;0.87160674;SELL
2016-04-21T18:33:47.000000;2016-04-21T18:33:47.442397;6274c3a6-51c9-4096-bc0f-8a15f795f72a;8.517;1.38174887;SELL
2016-04-21T18:34:02.000000;2016-04-21T18:34:02.207876;178a1859-54cb-477a-85f1-5fb37c06597b;8.517;18.04582051;SELL
2016-04-21T18:53:10.000000;2016-04-21T18:53:10.825242;67521bee-5353-49a0-a95c-b7b48ea16279;8.4356;0.52952078;SELL
2016-04-21T18:53:10.000000;2016-04-21T18:53:10.827205;a156b772-ac4a-4995-8a1b-70ed2d76c1fe;8.4241;169.5456;SELL
2016-04-21T18:53:10.000000;2016-04-21T18:53:10.830192;509d7134-9ba9-4eef-a7a6-4a04c36045b3;8.421;9.0;SELL
2016-04-21T18:53:10.000000;2016-04-21T18:53:10.831207;2706211d-8fad-4a89-b372-aa29a03b987c;8.4205;0.52966102;SELL
2016-04-21T18:53:10.000000;2016-04-21T18:53:10.840203;a987a631-ceba-40b8-ba15-5b4c9fcab05c;8.42;10.1;SELL
2016-04-21T18:53:10.000000;2016-04-21T18:53:10.841196;7c50d7b7-2f27-4e5c-8747-b8ba20aadb30;8.42;10.1;SELL
2016-04-21T18:53:10.000000;2016-04-21T18:53:10.849214;91fbe6fd-6e17-4057-adba-b428e2aeb5ef;8.411;204.9344;SELL
2016-04-21T19:38:19.000000;2016-04-21T19:38:19.895717;a2421f5f-b7d6-4884-9505-336243d74268;8.5222;0.52966102;BUY
2016-04-21T19:38:19.000000;2016-04-21T19:38:19.901812;0c0e2bfb-ecfc-434a-a7d7-a7ee0a356526;8.5375;0.06542078;BUY
2016-04-21T19:38:19.000000;2016-04-21T19:38:19.906738;f82be812-6c32-4ab0-8f8a-a44ac52064aa;8.5375;0.4049182;BUY
2016-04-21T19:55:26.000000;2016-04-21T19:55:26.495467;c3d607fe-d2da-4c0a-bc1b-2e8e5cacbea8;8.5375;0.12460258;BUY
2016-04-21T19:55:26.000000;2016-04-21T19:55:26.504497;a79cb332-4a13-40c0-97ff-bfe337c05579;8.555;2.7;BUY
2016-04-21T19:55:26.000000;2016-04-21T19:55:26.511547;531f0e12-697a-4c0f-a36b-e0908f5016f8;8.555;6.3;BUY
2016-04-21T19:55:26.000000;2016-04-21T19:55:26.511547;2ee550b3-9310-4068-9fa4-cac625d2d93c;8.556;0.87539742;BUY
2016-04-21T19:55:35.000000;2016-04-21T19:55:35.460358;39e79605-9850-4099-88e9-8dbb8c132f1e;8.556;2.28347458;BUY
2016-04-21T19:55:35.000000;2016-04-21T19:55:35.469374;516b16c2-3ec4-49d0-b18f-2aebfe5312f2;8.5627;0.52714813;BUY
2016-04-21T19:55:35.000000;2016-04-21T19:55:35.475360;c981fcb2-1483-44c6-972b-eaa68601d048;8.5734;0.52714813;BUY
2016-04-21T19:55:35.000000;2016-04-21T19:55:35.492361;965e1a93-12c8-44a4-aa5d-8da3e0c48afb;8.5857;0.52148519;BUY
2016-04-21T19:55:35.000000;2016-04-21T19:55:35.497383;20efd343-f602-4950-a479-ebb6227cb29a;8.6508;6.14074397;BUY
2016-04-21T19:55:37.000000;2016-04-21T19:55:37.398590;c69b3737-fcef-451b-9c5e-cab4a40bf6ee;8.6508;2.33948203;BUY
2016-04-21T19:55:37.000000;2016-04-21T19:55:37.421566;d880eb34-b22b-4126-a5ea-7f99b5a2cc86;8.666;7.66051797;BUY
2016-04-21T20:04:28.000000;2016-04-21T20:04:28.119693;02ed1adf-2eb6-437d-932b-0e67adc15c63;8.5057;0.52714813;SELL
2016-04-21T20:04:28.000000;2016-04-21T20:04:28.126720;a0cac995-2eff-48da-a093-ad5cb73d2738;8.5057;3.155813;SELL
2016-04-21T20:04:50.000000;2016-04-21T20:04:50.312923;2100c270-6df4-4d0e-966e-4b4500a2f4f2;8.4712;0.52714813;SELL
2016-04-21T20:05:00.000000;2016-04-21T20:05:01.166030;79294312-0719-47f2-94df-35a23bdb60ab;8.4606;0.52714813;SELL
2016-04-21T20:05:00.000000;2016-04-21T20:05:01.173022;7e1cfca4-a38f-4c7d-94a7-92461d83905e;8.4486;0.52742616;SELL
2016-04-21T20:05:00.000000;2016-04-21T20:05:01.174007;e204883b-57b0-4c9c-abd0-6f73a4bfb7c7;8.4381;5.89894445;SELL
2016-04-21T20:21:35.000000;2016-04-21T20:21:35.919206;6bd4566f-6480-4225-bba0-f1684314f674;8.4381;5.0;SELL
2016-04-21T20:21:45.000000;2016-04-21T20:21:45.203111;2daf6ad7-adf3-4f7c-b17d-57a844d54130;8.4381;5.94762;SELL
2016-04-21T20:21:53.000000;2016-04-21T20:21:53.502955;11cc3cb0-ec1a-4b89-b8d3-64c1a4aa0706;8.4381;0.15238;SELL
2016-04-21T20:21:53.000000;2016-04-21T20:21:53.511922;f45b7f1f-1e2f-41fe-a58e-fb77d7277368;8.437;0.53214134;SELL
2016-04-21T20:21:55.000000;2016-04-21T20:21:55.570327;f55907fd-c524-4f3e-8cc1-bbd20fdfb4c6;8.4237;0.53302063;SELL
2016-04-21T20:21:56.000000;2016-04-21T20:21:56.820256;f3b7d123-2b32-4cd2-ba1d-66eef6d8b29a;8.423;0.15150071;SELL
2016-04-21T20:21:58.000000;2016-04-21T20:21:58.656749;34cd21d7-ae0e-4030-ab77-1d6b70ccfa08;8.423;110.12;SELL
2016-04-21T20:22:05.000000;2016-04-21T20:22:05.519131;f6aa478a-d919-44e4-9387-0e3d8c6f2ec4;8.423;3.15681915;SELL
2016-04-21T20:22:15.000000;2016-04-21T20:22:15.245095;1ad8fffb-1b7d-427f-a150-34feb661f771;8.423;4.07474069;SELL
2016-04-21T20:23:03.000000;2016-04-21T20:23:03.627939;d765b6ac-8ca5-4e54-bdd7-e1a5a5fd48c4;8.423;27.49693945;SELL
2016-04-21T20:23:03.000000;2016-04-21T20:23:03.641949;ac468138-1517-4f07-b12b-c35604899e6b;8.422;370.33306055;SELL
2016-04-21T20:23:09.000000;2016-04-21T20:23:09.586592;f3b6d947-aa56-4bd1-81fa-175f5f50c03c;8.422;5.82831418;SELL
2016-04-21T20:23:10.000000;2016-04-21T20:23:10.034806;821f51b3-74a4-4de9-b502-58a9ad78c2d1;8.422;41.377378;SELL
2016-04-21T20:23:10.000000;2016-04-21T20:23:10.283654;3d916430-5046-4c75-81ed-85aa94bf4b79;8.422;5.828315;SELL
2016-04-21T20:23:10.000000;2016-04-21T20:23:10.537652;2365aa76-8282-4580-94a8-d1be48da489a;8.422;22.00151017;SELL
2016-04-21T20:23:14.000000;2016-04-21T20:23:14.426062;03b40047-82b5-4464-a8c8-8ae0e9c2a833;8.422;19.56424765;SELL
2016-04-21T20:23:16.000000;2016-04-21T20:23:16.305223;1fd060aa-c99b-4250-9be7-fb81a444fa95;8.422;35.21805205;SELL
2016-04-21T20:23:16.000000;2016-04-21T20:23:16.310214;2e0bcdfb-ec39-41d8-b9b8-baf72a91652f;8.41;10.0;SELL
2016-04-21T20:23:17.000000;2016-04-21T20:23:17.686367;5a770407-bb28-47ed-8b33-ce8509ca6d93;8.4098;0.52966102;SELL
2016-04-21T20:23:17.000000;2016-04-21T20:23:17.699353;eeb70103-e2ce-4e73-a653-4b521a39c6da;8.4043;0.85;SELL
2016-04-21T20:23:17.000000;2016-04-21T20:23:17.704365;48d4f5f8-d0e8-400f-878e-575a122b975e;8.401;0.5;SELL
2016-04-21T20:23:17.000000;2016-04-21T20:23:17.709415;759b2611-6f2d-4cd7-8f44-dfd549e4e5d8;8.4;0.416;SELL
2016-04-21T20:23:17.000000;2016-04-21T20:23:17.711410;3d76a12d-eed0-49f4-9839-7a70f5c6ff46;8.4;10.1;SELL
2016-04-21T20:23:17.000000;2016-04-21T20:23:17.729343;b088f403-3ce4-4eb7-a544-fef5935c38c4;8.4;1.0;SELL
2016-04-21T20:23:17.000000;2016-04-21T20:23:17.733365;e8a56059-9a34-46df-8587-4fd8743636a8;8.4;4.134;SELL
2016-04-21T20:23:17.000000;2016-04-21T20:23:17.743695;19ff792b-73ac-4901-b412-ec3ad70f9929;8.4;2.9528577;SELL
2016-04-21T20:23:20.000000;2016-04-21T20:23:20.121590;5795934f-87aa-4a32-9f1d-379cfa613774;8.4;2.92151393;SELL
2016-04-21T20:23:20.000000;2016-04-21T20:23:20.134620;61716f75-1184-4fc5-8012-9208594006a7;8.4;17.57012679;SELL
2016-04-21T20:23:22.000000;2016-04-21T20:23:22.291815;c64ce442-8e88-4c4b-b24d-673e66442bfa;8.4;25.27;SELL
2016-04-21T20:23:22.000000;2016-04-21T20:23:22.372830;4a697d84-2ed5-486a-8c13-43f21a91ee9c;8.4;19.61589112;SELL
2016-04-21T20:23:23.000000;2016-04-21T20:23:23.257927;74d2c034-81a5-4459-9951-465bc3da8371;8.4;19.61694353;SELL
2016-04-21T20:23:23.000000;2016-04-21T20:23:23.405965;f2701da2-3df0-4a62-8104-5884f58d1af4;8.4;19.61589112;SELL
2016-04-21T20:23:23.000000;2016-04-21T20:23:23.679019;367c364a-a767-4c8a-a865-0bdea9d7da9e;8.4;196.653;SELL
2016-04-21T20:23:24.000000;2016-04-21T20:23:24.288005;38406a61-56bb-4275-b9b5-6f01bd43284b;8.4;83.98;SELL
2016-04-21T20:23:29.000000;2016-04-21T20:23:29.636555;31b64790-ba75-449a-bbbd-d633eaab165f;8.4;117.67814744;SELL
2016-04-21T20:23:57.000000;2016-04-21T20:23:59.352509;a1cc9427-89b8-41b6-9394-7a8f34941622;8.38;45.74;SELL
2016-04-21T20:24:04.000000;2016-04-21T20:24:04.683051;132abbe6-b588-46d7-9dd4-5342a4d62fc1;8.38;54.26;SELL
2016-04-21T20:26:21.000000;2016-04-21T20:26:21.337716;a43bdfe4-df2b-46c6-b8dd-6da11191314c;8.376;0.5;BUY
2016-04-21T20:27:08.000000;2016-04-21T20:27:08.445424;6960fad4-d5b4-4526-8a6e-879e88437e4e;8.376;0.3;SELL
2016-04-21T20:27:08.000000;2016-04-21T20:27:08.460003;cfdb2749-689a-47c9-9110-526ceecd353c;8.3555;5.0;SELL
2016-04-21T20:27:08.000000;2016-04-21T20:27:08.463875;2676eee0-8964-4703-ba58-7653536b665a;8.352;10.0;SELL
2016-04-21T20:27:08.000000;2016-04-21T20:27:08.465731;842150a7-2bfa-45d4-ad1a-4f599e4cab03;8.351;84.7;SELL
2016-04-21T20:27:12.000000;2016-04-21T20:27:12.559830;f85ddf35-a6e2-44ac-91fc-c019d582a7dd;8.351;15.3;SELL
2016-04-21T20:27:12.000000;2016-04-21T20:27:12.575823;61bd8ff3-d59d-44af-82a4-11beb1a69826;8.35;1.0;SELL
2016-04-21T20:27:12.000000;2016-04-21T20:27:12.577862;aa37df10-c1df-4b34-aba5-f919a7114fbd;8.35;50.0;SELL
2016-04-21T20:27:12.000000;2016-04-21T20:27:12.590844;3cca08af-d946-4a62-bcb6-0f93b689373b;8.33;5.0;SELL
2016-04-21T20:27:12.000000;2016-04-21T20:27:12.591839;f4b7fe38-f592-4b4a-b23f-a1eca1eaa0bf;8.33;28.7;SELL
2016-04-21T20:31:54.000000;2016-04-21T20:31:54.687330;727d1395-1d6c-4467-b338-3d06c676ea96;8.388;0.1;SELL
2016-04-21T20:35:19.000000;2016-04-21T20:35:19.740834;2aa5cf05-5ea4-4008-9aea-1a25d8245e9e;8.365;7.17973087;SELL
2016-04-21T20:36:19.000000;2016-04-21T20:36:20.069848;b4fa5aa5-ccfc-4432-921f-98c6793cb26a;8.3248;0.52762096;SELL
2016-04-21T20:36:19.000000;2016-04-21T20:36:20.070867;64e55926-0aa5-4680-8357-7410504c17c1;8.3248;0.52762096;SELL
2016-04-21T20:36:19.000000;2016-04-21T20:36:20.071852;4054520a-6a69-4805-8bc1-3339a312d0f9;8.3248;0.52762096;SELL
2016-04-21T20:36:19.000000;2016-04-21T20:36:20.072853;86daeeaa-96fb-48ce-84a1-bbfba8b6dc1a;8.3248;0.52762096;SELL
2016-04-21T20:36:19.000000;2016-04-21T20:36:20.082863;edda4b01-1281-4caa-933c-7a9d1f39bd8a;8.3248;0.52762096;SELL
2016-04-21T20:36:19.000000;2016-04-21T20:36:20.107894;1d5b24f0-209e-4a18-abbe-936e46b81ced;8.3248;0.52762096;SELL
2016-04-21T20:36:19.000000;2016-04-21T20:36:20.108856;e3ea8c09-19a5-40aa-a765-5ab88932b897;8.323;1.0;SELL
2016-04-21T20:36:19.000000;2016-04-21T20:36:20.111867;965b9d46-2bf0-4a5b-8c1e-250880d81b86;8.319;2.05;SELL
2016-04-21T20:36:19.000000;2016-04-21T20:36:20.118887;88071ddd-cfbb-4f25-9124-709e6b4026c5;8.3;1.0;SELL
2016-04-21T20:36:19.000000;2016-04-21T20:36:20.128848;94f28040-ac01-4ef1-bec6-a912bd02d646;8.2657;0.85;SELL
2016-04-21T20:36:19.000000;2016-04-21T20:36:20.138857;eb19bb6e-f4a9-4cf7-8781-1a562be23c58;8.26;41.93427424;SELL
2016-04-21T20:36:22.000000;2016-04-21T20:36:22.522112;808bf5a5-056a-42e6-8227-8bf35a49ed29;8.2611;13.27125646;SELL
2016-04-21T20:36:22.000000;2016-04-21T20:36:22.537141;c6d480b2-d69f-4488-ba89-13a3fcfb6258;8.261;36.72874354;SELL
2016-04-21T20:36:30.000000;2016-04-21T20:36:30.074858;0d28a550-a2e2-4744-b760-33d15860b3b9;8.2621;2.05521769;SELL
2016-04-21T20:36:30.000000;2016-04-21T20:36:30.078859;70af0590-c90d-4025-b6fd-4994868aa4e2;8.262;7.7;SELL
2016-04-21T20:36:30.000000;2016-04-21T20:36:30.086862;e6bc1111-0e25-4811-9f09-751596e9adee;8.262;0.24478231;SELL
2016-04-21T20:36:33.000000;2016-04-21T20:36:33.201210;1665cc4a-9836-4465-a23e-96ae46f3eb4a;8.35;10.0;SELL
2016-04-21T20:36:38.000000;2016-04-21T20:36:38.279685;c64b0c54-520a-4c46-ac75-0b7653a95211;8.35;6.01306197;SELL
2016-04-21T20:36:39.000000;2016-04-21T20:36:39.554871;9c142040-1dea-4d49-b463-6443794baf5b;8.35;10.0;SELL
2016-04-21T20:36:40.000000;2016-04-21T20:36:40.940944;614a28c8-c68b-47a8-8355-998f09763f25;8.35;10.0;SELL
2016-04-21T20:36:45.000000;2016-04-21T20:36:45.744431;adb7f960-9495-42bd-abdd-2eea81f5a808;8.35;4.13005742;SELL
2016-04-21T20:36:53.000000;2016-04-21T20:36:53.691220;7f236cf6-c636-4618-9d37-814100288081;8.35;6.01306197;SELL
2016-04-21T20:37:01.000000;2016-04-21T20:37:02.209091;1d0b138b-b294-45bd-bdc7-6326ec162e15;8.35;6.01306197;SELL
2016-04-21T20:37:07.000000;2016-04-21T20:37:07.789619;d5b3cf00-cda7-4903-a626-c5fa0e4ee87b;8.35;6.31164224;SELL
2016-04-21T20:37:13.000000;2016-04-21T20:37:13.676232;8c123831-ce8a-4a3f-be26-c99fe07fa333;8.35;1.23694655;SELL
2016-04-21T20:37:22.000000;2016-04-21T20:37:23.011188;d852b619-ecfb-4108-a00c-8b7d2dbb9b3e;8.35;3.34141447;SELL
2016-04-21T20:37:37.000000;2016-04-21T20:37:37.641658;3a096aea-1d57-4228-8540-e8276f425125;8.35;36.94793212;SELL
2016-04-21T20:38:25.000000;2016-04-21T20:38:25.420379;7ce344b5-ba8d-4e86-9fde-ff112a95a50c;8.31;10.0;SELL
2016-04-21T20:38:29.000000;2016-04-21T20:38:30.012852;93262aa5-3752-4188-bb3e-ca7f1a3b3cde;8.31;15.0;SELL
2016-04-21T20:38:29.000000;2016-04-21T20:38:30.019862;57836330-8b14-4c25-9ce4-0bd0b1b5ae3d;8.31;2.92071379;SELL
2016-04-21T20:38:29.000000;2016-04-21T20:38:30.021851;40752ee1-819e-4001-9c6e-2b2be9ff2c52;8.3;25.0;SELL
2016-04-21T20:38:29.000000;2016-04-21T20:38:30.025859;1906e009-9ebd-48b5-bb38-fcabe1140880;8.261;7.07928621;SELL
2016-04-21T20:38:49.000000;2016-04-21T20:38:49.117797;b023358d-c733-489f-b00a-45e06b2b359b;8.397;59.31;BUY
2016-04-21T20:38:49.000000;2016-04-21T20:38:49.121761;fb4e7a28-a6dd-48f8-ac35-8ea484e27264;8.3979;56.71905201;BUY
2016-04-21T20:38:49.000000;2016-04-21T20:38:49.124763;c8f2b879-7529-406d-9846-08044a17602a;8.4039;7.39813721;BUY
2016-04-21T20:38:49.000000;2016-04-21T20:38:49.135799;10ff37a9-f95c-4584-a182-330927e43906;8.4088;13.04380029;BUY
2016-04-21T20:38:49.000000;2016-04-21T20:38:49.135799;ccc6fe38-91b9-4d76-bcda-2f883133544d;8.4089;13.52901049;BUY
2016-04-21T20:38:56.000000;2016-04-21T20:38:56.553510;eae8c8cd-7ff4-4e97-95c6-db3a9e65f788;8.3979;19.73441032;BUY
2016-04-21T20:38:56.000000;2016-04-21T20:38:56.561514;ad7e355b-9a34-490c-bb4a-880f22834356;8.3981;3.160921;BUY
2016-04-21T20:38:56.000000;2016-04-21T20:38:56.575506;42b13897-b519-455e-9670-b47c0d3efdd2;8.4089;6.03668954;BUY
2016-04-21T20:38:56.000000;2016-04-21T20:38:56.578504;b791d13b-ab12-445b-8a2c-79b8728b1529;8.4089;0.68561877;BUY
2016-04-21T20:38:56.000000;2016-04-21T20:38:56.606511;b627cf06-1e67-4046-879d-d798cbb5a185;8.4175;0.38236037;BUY
2016-04-21T20:38:58.000000;2016-04-21T20:38:58.375682;85979e2e-5d9b-42d4-88f9-b950738499a8;8.417;20.0;BUY
2016-04-21T20:42:51.000000;2016-04-21T20:42:51.074965;b5b39f58-90cb-4590-ae68-8909f75180f6;8.383;25.0;BUY
2016-04-21T20:43:53.000000;2016-04-21T20:43:53.204174;c6bdd7af-86d4-48ac-a373-94e57f22c423;8.363;25.20000819;BUY
2016-04-21T20:44:13.000000;2016-04-21T20:44:13.068149;142bfc69-6b89-403d-aa70-ce9518528e79;8.31;13.41989895;SELL
2016-04-21T20:45:08.000000;2016-04-21T20:45:08.332367;db94e1a7-d939-4208-ad7e-5a28197b72b7;8.31;11.58;SELL
2016-04-21T20:45:08.000000;2016-04-21T20:45:08.917399;eafa0db6-37c6-4aee-8285-621589f41f7d;8.31;0.00010105;SELL
2016-04-21T20:46:25.000000;2016-04-21T20:46:25.091047;4fb69a89-e173-46fc-962f-789f6c1de8bb;8.308;5.8;BUY
2016-04-21T20:46:25.000000;2016-04-21T20:46:25.100028;6343acdd-e37e-4a13-9510-341db81196e2;8.308;7.2;BUY
2016-04-21T20:46:25.000000;2016-04-21T20:46:25.108048;f0efaac0-c2f3-4a97-b09f-05ef84d0fdd5;8.309;3.84514;BUY
2016-04-21T20:47:41.000000;2016-04-21T20:47:41.614701;283238a1-9772-4e1e-9164-a045c83e7519;8.31;4.17355509;BUY
2016-04-21T20:48:21.000000;2016-04-21T20:48:21.413638;75089cc3-8917-4216-ab04-47608feb2830;8.3;5.65908123;SELL
2016-04-21T20:48:22.000000;2016-04-21T20:48:22.067726;21ac26f5-2b77-4c25-813c-3f5052b433fa;8.3;19.36091877;SELL
2016-04-21T20:48:22.000000;2016-04-21T20:48:22.080726;d76afd45-a5df-4704-9e2c-e69eabc9097c;8.297;0.54021933;SELL
2016-04-21T20:48:22.000000;2016-04-21T20:48:22.083745;ba6dfb2a-d7a7-414e-bb15-7f69279bfd9f;8.2934;16.84514;SELL
2016-04-21T20:51:24.000000;2016-04-21T20:51:24.122920;42a75faf-3f4f-4ec0-9b1b-b8701c9974fc;8.31;2.512432;BUY
2016-04-21T20:51:57.000000;2016-04-21T20:51:57.773346;97cc3fcd-1385-45a2-97a0-40cc5e942989;8.31;4.89401291;BUY
2016-04-21T20:59:38.000000;2016-04-21T20:59:38.455781;d165761c-3274-4dc1-b904-01fe901b37cb;8.352;89.905;BUY
2016-04-21T21:00:08.000000;2016-04-21T21:00:08.725580;b908ebcb-40b6-41a1-9aad-4509773d70b7;8.352;25.0;BUY
2016-04-21T21:00:32.000000;2016-04-21T21:00:32.612966;f03a9206-ba23-4db8-bf9d-05a55cd132b2;8.352;9.5074;BUY
2016-04-21T21:00:32.000000;2016-04-21T21:00:32.613962;0a50e485-5409-4471-86ab-994a11d23f91;8.3529;0.54436581;BUY
2016-04-21T21:00:32.000000;2016-04-21T21:00:32.625958;49e5311d-b390-470e-a5fd-a0a71bcb54bd;8.3723;3.241514;BUY
2016-04-21T21:00:32.000000;2016-04-21T21:00:32.630963;fe646f5d-e4ef-4ba1-af4e-e3a5cbe9ec12;8.3931;16.84514;BUY
2016-04-21T21:00:32.000000;2016-04-21T21:00:32.645316;e0993e71-c510-43d5-9e5b-a3d6bf8366e7;8.3972;0.54021933;BUY
2016-04-21T21:00:32.000000;2016-04-21T21:00:32.753973;243f92e2-40e4-430d-abb4-0f7d6f723006;8.4175;0.15850176;BUY
2016-04-21T21:00:32.000000;2016-04-21T21:00:32.754987;72013d74-953e-4d67-a612-7311139b3285;8.437;0.68452134;BUY
2016-04-21T21:00:32.000000;2016-04-21T21:00:32.757011;3c42544f-4eda-4ea4-b3ad-164179a9f375;8.4786;0.53711462;BUY
2016-04-21T21:00:32.000000;2016-04-21T21:00:32.763991;fc1d222e-4753-4364-97fd-01bcd8a9d03b;8.4786;8.768855;BUY
2016-04-21T21:00:32.000000;2016-04-21T21:00:32.765969;c29370ed-1556-4b5e-994c-7e628c90c19d;8.5254;0.53302063;BUY
2016-04-21T21:00:32.000000;2016-04-21T21:00:32.769992;e535455c-e887-4874-b5f3-1c92630fa83d;8.5388;0.53214134;BUY
2016-04-21T21:00:32.000000;2016-04-21T21:00:32.769992;655162b5-5779-4804-9893-8f3c6698744c;8.605;8.10720617;BUY
2016-04-21T21:02:45.000000;2016-04-21T21:02:45.424272;2d935e40-d8dd-4a51-81dd-4cb1c9f302a2;8.33;19.9554546;SELL
2016-04-21T21:04:08.000000;2016-04-21T21:04:08.116509;da6db403-d36f-4c51-8c81-b2019d8eff9e;8.33;5.0445454;SELL
2016-04-21T21:04:08.000000;2016-04-21T21:04:08.128524;cbb1ea0e-0c47-492d-b4e1-303123398718;8.31;11.8005946;SELL
2016-04-21T21:04:27.000000;2016-04-21T21:04:27.120428;e6b7ae68-386e-430e-9aa5-0320b93b6357;8.31;0.1;SELL
2016-04-21T21:06:13.000000;2016-04-21T21:06:14.015109;1c039f38-0659-4ed5-9c19-c6f1a811d683;8.359;89.4889;BUY
2016-04-21T21:06:13.000000;2016-04-21T21:06:14.025111;006e9254-ecc6-4b08-8c03-55488b46b8b3;8.36;62.61;BUY
2016-04-21T21:06:13.000000;2016-04-21T21:06:14.029134;b41a0ba9-120b-499f-9bd7-7f0348212dfa;8.36;29.688;BUY
2016-04-21T21:06:19.000000;2016-04-21T21:06:19.251656;6d6d6d2b-838c-4a57-aa94-d0a59f5f5291;8.31;8.20539249;SELL
2016-04-21T21:06:38.000000;2016-04-21T21:06:38.130517;1ee5942c-6ad3-4e78-8167-232be8249952;8.31;8.20539249;SELL
2016-04-21T21:07:26.000000;2016-04-21T21:07:26.873548;521fc5f9-d2d8-4d8a-a470-834b383967c5;8.31;2.89460751;SELL
2016-04-21T21:07:26.000000;2016-04-21T21:07:26.882429;810c580c-a18d-4f44-b303-397df588d544;8.31;16.87639249;SELL
2016-04-21T21:08:35.000000;2016-04-21T21:08:35.435234;f9c56d3f-dcd0-405c-89ca-6bdec8542e35;8.31;0.00049751;SELL
2016-04-21T21:08:35.000000;2016-04-21T21:08:35.447255;92fa2bd3-9058-4118-a3b8-fbdea7845503;8.3066;0.54141852;SELL
2016-04-21T21:08:35.000000;2016-04-21T21:08:35.460277;d935a589-6e79-4e5b-90bb-246d428ef9f6;8.3;19.47792179;SELL
2016-04-21T21:08:38.000000;2016-04-21T21:08:38.490542;c60e1d6a-e40f-4b51-8d04-7b2db295651b;8.3;5.61707821;SELL
2016-04-21T21:08:38.000000;2016-04-21T21:08:38.503583;faab0b56-5418-4362-a716-4f423478586e;8.3;14.40166469;SELL
2016-04-21T21:08:39.000000;2016-04-21T21:08:40.196259;6fa3e67e-2980-4427-ac9e-6cd88fa517f6;8.3;20.01983782;SELL
2016-04-21T21:08:46.000000;2016-04-21T21:08:47.032403;726a2e96-b993-4b2b-9040-82c534288ae3;8.3;20.57849749;SELL
2016-04-21T21:08:58.000000;2016-04-21T21:08:58.970588;0b006356-db4c-49c4-a64b-7238cf2566d8;8.3;20.58;BUY
2016-04-21T21:09:02.000000;2016-04-21T21:09:02.152947;489688d8-2489-4de1-80b7-c1448fc76fc1;8.2934;16.87689;SELL
2016-04-21T21:09:02.000000;2016-04-21T21:09:02.168908;83f15a00-95cc-4c3c-b91c-28076cb91226;8.293;0.00311;SELL
2016-04-21T21:09:14.000000;2016-04-21T21:09:14.420524;1fa008d6-156c-41e5-bee1-6238f7ba7c00;8.293;0.53868986;SELL
2016-04-21T21:09:23.000000;2016-04-21T21:09:23.730114;ab3b8149-1587-4228-a0a9-96d2a80a23fe;8.2823;0.54635852;SELL
2016-04-21T21:09:23.000000;2016-04-21T21:09:23.748108;393293eb-539d-481b-b45a-ea986254b017;8.2768;4.34195063;SELL
2016-04-21T21:09:26.000000;2016-04-21T21:09:26.643372;9a36bbf7-f6fe-4d92-8f77-379ea8a98e73;8.3539;0.3;BUY
2016-04-21T21:12:16.000000;2016-04-21T21:12:16.408339;e8ee2dc4-b058-421c-881e-6a1ee6bacf06;8.2768;12.53493937;SELL
2016-04-21T21:14:40.000000;2016-04-21T21:14:40.134722;1890fc8a-f7a7-4d53-8c98-868ca2c9fdb5;8.276;20.0;SELL
2016-04-21T21:14:40.000000;2016-04-21T21:14:40.152713;6bf960a3-24c8-438c-819c-8fc4a10f78f9;8.275;30.63067;SELL
2016-04-21T21:20:11.000000;2016-04-21T21:20:11.913887;bbfd7d64-c593-418e-8c1f-875e615397c6;8.359;3.0;BUY
2016-04-21T21:21:54.000000;2016-04-21T21:21:54.799172;218bebb4-a29f-46e2-8140-b64ac7b4b452;8.34;0.5;SELL
2016-04-21T21:21:54.000000;2016-04-21T21:21:54.804230;2f1d6fef-4e38-480d-8d08-0e112c7457da;8.33;0.16178638;SELL
2016-04-21T21:29:57.000000;2016-04-21T21:29:57.200203;2b58b664-7d31-42f1-bfdc-b1a081308e36;8.3603;0.54418807;BUY
2016-04-21T21:30:30.000000;2016-04-21T21:30:30.913373;dc86ef69-adde-4681-937c-39689fd10ee1;8.3734;0.1;BUY
2016-04-21T21:31:03.000000;2016-04-21T21:31:03.913675;7b2d5b98-68e8-4388-a933-21a0fbcbaa0f;8.3734;0.44404004;BUY
2016-04-21T21:31:03.000000;2016-04-21T21:31:03.946733;97dd6383-63df-42b0-a443-44a9819a73e1;8.3734;11.0;BUY
2016-04-21T21:31:10.000000;2016-04-21T21:31:10.519338;ed0aeee1-c845-48d6-96ad-49f0d91a5c45;8.38;0.5772;BUY
2016-04-21T21:33:26.000000;2016-04-21T21:33:26.934972;edb87106-0e47-4836-bbbc-4c2a8ce004e6;8.35;1.189524;SELL
2016-04-21T21:33:34.000000;2016-04-21T21:33:34.519739;bd7b7fd8-7df1-414a-823e-beebf9a85183;8.35;19.88704631;SELL
2016-04-21T21:33:35.000000;2016-04-21T21:33:35.266829;6e338589-8563-4d3b-a50d-eeb9313aefa5;8.35;19.88704631;SELL
2016-04-21T21:41:05.000000;2016-04-21T21:41:05.797892;7f53581f-97f9-445d-9731-0fcb07420d42;8.35;9.15638338;SELL
2016-04-21T21:42:19.000000;2016-04-21T21:42:19.503268;76b3592f-df13-4b66-a150-c8eff4e1fc59;8.32;0.2;SELL
2016-04-21T21:42:19.000000;2016-04-21T21:42:19.507237;277b09cb-7924-45f1-8bb2-4e95575f182d;8.3167;0.53853196;SELL
2016-04-21T21:42:29.000000;2016-04-21T21:42:29.625252;f42b7e1f-f89a-4553-9487-1023666cf1c9;8.315;2.76580656;SELL
2016-04-21T21:42:36.000000;2016-04-21T21:42:36.299904;9a099392-d390-403c-965a-5ea546e876bc;8.315;1.43201128;SELL
2016-04-21T21:42:43.000000;2016-04-21T21:42:43.067605;bd7eec14-f281-425a-abbe-e934890ad2db;8.315;0.95162535;SELL
2016-04-21T21:42:49.000000;2016-04-21T21:42:49.118201;52c0eb1d-3e78-47f9-9475-0931b3c090b3;8.3167;0.73853196;BUY
2016-04-21T21:42:49.000000;2016-04-21T21:42:49.773251;349935b5-7e26-4862-87da-92042abc614e;8.315;1.65811991;SELL
2016-04-21T21:42:54.000000;2016-04-21T21:42:54.408751;49ee06cb-b003-4244-b146-04660473d82d;8.315;3.44075589;SELL
2016-04-21T21:43:00.000000;2016-04-21T21:43:00.895388;339c5f94-4169-4bff-98ea-699013391e12;8.315;3.44075589;SELL
2016-04-21T21:43:08.000000;2016-04-21T21:43:08.365132;b86e7415-6d63-4ef0-a68a-99436dc8956c;8.315;9.78;SELL
2016-04-21T21:43:09.000000;2016-04-21T21:43:09.698252;3987fb45-46c1-45a7-a1a0-1624ffd483a1;8.315;1.53092512;SELL
2016-04-21T21:43:09.000000;2016-04-21T21:43:09.714272;a120e5f9-3a25-4630-adc9-effe5990b24d;8.315;0.33848018;SELL
2016-04-21T21:43:09.000000;2016-04-21T21:43:09.798249;3f5a7c4a-d05a-44b1-bc67-78d0e1d858b3;8.315;10.76151982;SELL
2016-04-21T21:43:28.000000;2016-04-21T21:43:29.015856;e65eef77-3b77-4fa3-a503-07bfc0e25313;8.31;1.0;SELL
2016-04-21T21:43:28.000000;2016-04-21T21:43:29.021197;450284ca-6ff0-4cbd-ac3c-097519cd7e7c;8.31;0.2;SELL
2016-04-21T21:43:49.000000;2016-04-21T21:43:49.517246;38a3834e-3b67-442a-882e-5c774724cd77;8.3;1.5;SELL
2016-04-21T21:43:49.000000;2016-04-21T21:43:49.522238;90d14a90-b2b5-4043-baf8-df75a8a9ca30;8.3;25.0;SELL
2016-04-21T21:45:24.000000;2016-04-21T21:45:24.855991;40a4669d-1ba2-4e75-b5a2-52276b991bf8;8.2989;10.0;BUY
2016-04-21T21:46:46.000000;2016-04-21T21:46:46.282144;b105a934-c6f5-4cc6-bee4-e2d169d8b0cd;8.28;0.3;SELL
2016-04-21T21:46:47.000000;2016-04-21T21:46:47.904301;4b8c8afd-d6d2-4a3e-a37d-97d0b7b6dae9;8.2735;0.54404004;SELL
2016-04-21T21:46:48.000000;2016-04-21T21:46:48.956438;815d7695-893d-4b8c-8aa5-c05a9cfd7ff8;8.265;0.84458439;SELL
2016-04-21T21:46:49.000000;2016-04-21T21:46:49.227479;a5ebd002-8727-4de5-80ab-f02e459ee0dd;8.265;0.3;SELL
2016-04-21T21:46:50.000000;2016-04-21T21:46:50.498579;ecd0adbd-7290-4cce-9e56-371f44a36f2b;8.265;0.84458439;SELL
2016-04-21T21:46:50.000000;2016-04-21T21:46:50.703590;7bdbc6a7-1a69-48fc-9539-f87c80b92311;8.265;0.84458439;SELL
2016-04-21T21:46:54.000000;2016-04-21T21:46:54.973040;1d196a66-0c67-42ce-b222-d9bdc8f79fd8;8.265;15.69372;SELL
2016-04-21T21:46:54.000000;2016-04-21T21:46:55.266043;7190dcc5-0126-4592-a6b8-699d10e86a6e;8.265;6.47252683;SELL
2016-04-21T21:46:55.000000;2016-04-21T21:46:55.903111;358983a5-66d4-46cf-b2af-11e3bdec9ecc;8.261;15.70044172;SELL
2016-04-21T21:46:57.000000;2016-04-21T21:46:57.291256;74acf33c-388a-424f-812e-ffcb34401acc;8.261;9.29955828;SELL
2016-04-21T21:46:57.000000;2016-04-21T21:46:58.135350;244d0aa3-d8ed-4963-91df-8cd0bff2fc7c;8.2605;0.54418807;SELL
2016-04-21T21:46:57.000000;2016-04-21T21:46:58.150343;71b80408-4f3b-465e-b6da-6785f3f3a880;8.26;5.84997365;SELL
2016-04-21T21:46:58.000000;2016-04-21T21:46:58.344337;c8a38114-6c05-43e8-ac1d-97908dea13a7;8.26;6.39416172;SELL
2016-04-21T21:47:02.000000;2016-04-21T21:47:03.021840;3b7c5376-6405-46ec-afeb-2aeb03acb6b9;8.2649;10.0;BUY
2016-04-21T21:47:03.000000;2016-04-21T21:47:03.935906;69ec4159-ef51-462c-b488-45f142a49888;8.26;2.14056924;SELL
2016-04-21T21:47:05.000000;2016-04-21T21:47:05.144081;a0d4e8e9-f3cb-4112-85e9-52244b0eec74;8.26;5.21605985;SELL
2016-04-21T21:47:10.000000;2016-04-21T21:47:10.624620;4f9e0da2-9a0f-4668-b2f8-546656734ab5;8.26;5.20070256;SELL
2016-04-21T21:48:39.000000;2016-04-21T21:48:39.979510;ac942097-6858-48e0-818c-8ce2d7e6328c;8.2649;3.242777;BUY
2016-04-21T21:48:39.000000;2016-04-21T21:48:39.987527;bd90d39e-3b7b-44e7-86b8-48acf695ab37;8.265;6.47945444;BUY
2016-04-21T21:48:39.000000;2016-04-21T21:48:39.989541;242d60a4-6e0a-4d77-aa33-bd0aaae1944b;8.2734;0.03996856;BUY
2016-04-21T21:50:13.000000;2016-04-21T21:50:13.755917;c0c100d1-24f0-44bc-b502-9489acd81388;8.272;10.0;BUY
2016-04-21T21:51:01.000000;2016-04-21T21:51:01.207643;50151407-1723-4fb6-ab1d-3a8ed24f90c0;8.272;0.85;BUY
2016-04-21T21:51:42.000000;2016-04-21T21:51:42.644764;64fe5b0f-74ff-43b4-b3ae-c53d26fef4c0;8.273;33.1863;BUY
2016-04-21T21:52:06.000000;2016-04-21T21:52:06.227123;c0ba78e2-3497-46c6-8421-31ec8678ec2e;8.273;10.0;BUY
2016-04-21T21:54:56.000000;2016-04-21T21:54:56.243143;3e1299f8-719e-4842-8580-deb71a5c0782;8.27;0.1547898;SELL
2016-04-21T21:55:38.000000;2016-04-21T21:55:38.972404;fda6ca7b-9f32-43d8-a6b7-82d87084ec3c;8.2735;0.2;BUY
2016-04-21T22:02:48.000000;2016-04-21T22:02:48.569426;a6a08166-4b9a-4b01-854b-daf0cbb423fe;8.27;0.74536345;SELL
2016-04-21T22:02:49.000000;2016-04-21T22:02:49.206447;7b3e535a-7c2d-41a3-a947-c3acac8b3ea2;8.27;19.88704631;SELL
2016-04-21T22:02:52.000000;2016-04-21T22:02:52.627859;755cc824-8325-438d-985a-56419294b80b;8.27;3.46175758;SELL
2016-04-21T22:02:53.000000;2016-04-21T22:02:53.761914;6b6b5b6e-9db8-4bd7-a3ef-ff00f04ff9e4;8.27;3.46175716;SELL
2016-04-21T22:02:55.000000;2016-04-21T22:02:55.054016;1a2b1980-6794-4e8a-9d73-b972d557d7fe;8.27;1.37175865;SELL
2016-04-21T22:02:56.000000;2016-04-21T22:02:57.213261;f18db7a2-1d8b-4cf3-99e1-c03082c786a1;8.27;4.77407517;SELL
2016-04-21T22:02:57.000000;2016-04-21T22:02:57.304288;81a08195-c5f4-45bb-9723-57823705fd2b;8.27;3.46175716;SELL
2016-04-21T22:02:57.000000;2016-04-21T22:02:57.330280;f416329f-b87f-4e22-9d7e-546e64e24bf2;8.27;15.11297114;SELL
2016-04-21T22:02:57.000000;2016-04-21T22:02:57.928336;8421887a-9b36-4db2-a0e5-df7a6f12dde1;8.27;3.46175716;SELL
2016-04-21T22:03:00.000000;2016-04-21T22:03:00.161527;d5a5e4d2-e1a9-4d7d-9b70-b4ffc3ec750a;8.27;3.46175716;SELL
2016-04-21T22:03:00.000000;2016-04-21T22:03:00.184563;f9bc5f51-5b9d-4918-9e8d-773821e7c776;8.27;4.77407517;SELL
2016-04-21T22:03:00.000000;2016-04-21T22:03:00.635585;b104fdf4-8cef-41b0-bfd4-5d8b74f7fa65;8.27;4.77407517;SELL
2016-04-21T22:03:01.000000;2016-04-21T22:03:01.772727;4c44f295-9e4c-4206-8e25-fb90b94ace0b;8.27;4.77407517;SELL
2016-04-21T22:03:02.000000;2016-04-21T22:03:02.510764;f2a1c0ec-196f-47cf-ad1e-6e5d7b1bbe4a;8.27;3.33608101;SELL
2016-04-21T22:03:04.000000;2016-04-21T22:03:05.218078;635ff26d-9e60-466c-ad9d-143acd85133a;8.27;19.88704631;SELL
2016-04-21T22:03:09.000000;2016-04-21T22:03:09.379482;f4b0fa2a-b679-4b4d-91d2-370d9953f235;8.27;3.09985643;SELL
2016-04-21T22:03:15.000000;2016-04-21T22:03:15.724127;22356c66-c853-47c2-9be0-c25393d58147;8.26;3.10665584;SELL
2016-04-21T22:03:32.000000;2016-04-21T22:03:32.964857;70a0582e-2f89-4294-a6cb-7f25514cb37e;8.26;1.50845686;SELL
2016-04-21T22:03:35.000000;2016-04-21T22:03:35.873140;a98b784d-d52d-43e6-8d9a-bce0b50ae9a1;8.26;5.14907155;SELL
2016-04-21T22:03:37.000000;2016-04-21T22:03:37.394273;be948e7b-7a52-415a-b084-90c5cc5409e7;8.26;8.802912;SELL
2016-04-21T22:03:37.000000;2016-04-21T22:03:38.213357;3639f13d-f112-44f4-9d70-94005a49c041;8.26;6.5633736;SELL
2016-04-21T22:03:38.000000;2016-04-21T22:03:38.351389;c85f701f-50e2-4415-95fe-3c70bcd41960;8.26;13.32367271;SELL
2016-04-21T22:03:40.000000;2016-04-21T22:03:40.379631;c3710d65-66cd-41cd-b29c-f5c9a49b70b9;8.26;6.5633736;SELL
2016-04-21T22:03:40.000000;2016-04-21T22:03:40.416595;5cbb3e07-f176-4fa6-94db-55a3bea3396f;8.26;19.88704631;SELL
2016-04-21T22:03:40.000000;2016-04-21T22:03:40.608616;099e565d-1ce3-4caa-adf1-53f6bf32fe6b;8.26;13.32367271;SELL
2016-04-21T22:03:41.000000;2016-04-21T22:03:41.105648;367b4fb9-753c-44dc-a0c8-e241274f7981;8.26;6.5633736;SELL
2016-04-21T22:03:41.000000;2016-04-21T22:03:41.324650;72f9e33e-ed6a-4329-bc2a-7444081b203b;8.26;13.33156042;SELL
2016-04-21T22:03:42.000000;2016-04-21T22:03:42.193756;693189ab-41ad-48ab-bea6-6b3fae5d786d;8.26;19.88704631;SELL
2016-04-21T22:03:42.000000;2016-04-21T22:03:42.222733;d77802a7-feef-4bea-8a29-a90289bc3328;8.26;12.04895369;SELL
2016-04-21T22:03:42.000000;2016-04-21T22:03:42.571774;990aa4c3-feee-41cc-a919-b600ac482c6e;8.26;19.88704631;SELL
2016-04-21T22:03:42.000000;2016-04-21T22:03:42.683783;dfe44eef-ecff-4804-9473-f314204cc805;8.26;19.88704631;SELL
2016-04-21T22:03:42.000000;2016-04-21T22:03:42.700803;f24df00c-10a8-4036-a52d-c89dfda2bff5;8.26;12.04895369;SELL
2016-04-21T22:03:43.000000;2016-04-21T22:03:43.563877;40fee029-15a3-402d-be3c-2ddce308231b;8.26;10.94930427;SELL
2016-04-21T22:03:47.000000;2016-04-21T22:03:47.974330;4bb2c6d2-cb26-47ed-8d3a-6038c6ff546a;8.26;5.15753196;SELL
2016-04-21T22:03:52.000000;2016-04-21T22:03:52.998809;3b49b2d8-db2c-4762-86d7-e0f08db44474;8.26;19.88704631;SELL
2016-04-21T22:03:53.000000;2016-04-21T22:03:53.956914;eb91b74d-8e7c-4659-b88d-3c32f010b2b6;8.26;0.998;SELL
2016-04-21T22:03:54.000000;2016-04-21T22:03:54.471980;6fadd59a-2d68-4c5d-bfbf-fe7c963a9152;8.26;19.88704631;SELL
2016-04-21T22:03:54.000000;2016-04-21T22:03:54.698026;6222a0c2-cd1a-4a3a-aa54-2e5432eb3f31;8.26;0.998;SELL
2016-04-21T22:03:56.000000;2016-04-21T22:03:56.144131;1a34d2ed-8149-44d8-b2f8-acabea2416b3;8.26;18.88904662;SELL
2016-04-21T22:03:56.000000;2016-04-21T22:03:56.583194;b402a1ee-1b52-48d1-b160-c2b4dff313f0;8.26;5.06372777;SELL
2016-04-21T22:03:56.000000;2016-04-21T22:03:56.937256;2bedac76-7dfb-426a-9a5e-f0c415717380;8.26;0.128387;SELL
2016-04-21T22:03:58.000000;2016-04-21T22:03:58.300355;a392ed2b-53cb-4929-a3e5-4b5c7e2a3d4a;8.26;19.75870434;SELL
2016-04-21T22:03:58.000000;2016-04-21T22:03:58.667404;fb1c712d-da4a-4a2b-98f6-c2ea61bd40f6;8.26;0.67221993;SELL
2016-04-21T22:04:00.000000;2016-04-21T22:04:00.421577;d3719fcd-53a4-4e56-9264-23dc34767b6b;8.26;19.75870434;SELL
2016-04-21T22:04:01.000000;2016-04-21T22:04:01.834707;84b83e24-5821-4015-bbac-228ac4ca60d9;8.26;19.88704631;SELL
2016-04-21T22:04:02.000000;2016-04-21T22:04:02.324738;0281e797-5c82-4f7b-a9e9-e3711b7de0ab;8.26;8.34787828;SELL
2016-04-21T22:04:02.000000;2016-04-21T22:04:02.560767;5c69c5db-303e-4799-9a99-0d9e78ed9e5e;8.26;1.82634;SELL
2016-04-21T22:04:02.000000;2016-04-21T22:04:02.857014;1292f54e-2028-4b7b-9ef1-de74781e3f66;8.26;1.82633426;SELL
2016-04-21T22:04:03.000000;2016-04-21T22:04:03.290852;522f3f2c-f331-43c8-8d35-f6d364c59170;8.26;1.24774205;SELL
2016-04-21T22:04:04.000000;2016-04-21T22:04:04.524999;43f43629-8878-466b-85fc-1985f5ba86eb;8.26;1.82634;SELL
2016-04-21T22:04:05.000000;2016-04-21T22:04:05.182043;8d9ced18-93d8-4a37-84b6-cd3ec0746448;8.26;0.67221993;SELL
2016-04-21T22:04:06.000000;2016-04-21T22:04:06.803194;6fcf4ac8-4f7e-46bd-90bd-aae68df88deb;8.26;1.24774205;SELL
2016-04-21T22:04:07.000000;2016-04-21T22:04:07.123230;7e06a0b5-f24e-4b33-bacc-61dd7871b2a7;8.26;19.88704631;SELL
2016-04-21T22:04:07.000000;2016-04-21T22:04:07.133228;9b36bdab-41ad-46e5-b67d-d2f6f4254ff3;8.26;0.67221993;SELL
2016-04-21T22:04:07.000000;2016-04-21T22:04:07.438264;822b22e7-9eac-4ef1-a8c5-24b8a8c75f6d;8.26;2.12787595;SELL
2016-04-21T22:04:08.000000;2016-04-21T22:04:08.280366;f6704831-4a2f-4202-ad29-ad8edef0495d;8.26;4.70870233;SELL
2016-04-21T22:04:08.000000;2016-04-21T22:04:08.572378;2a48c0d2-73f8-474a-9681-a449803ca6af;8.26;19.88704631;SELL
2016-04-21T22:04:09.000000;2016-04-21T22:04:10.070522;97228b00-d2cf-466e-9757-0d2427606b8a;8.26;19.88704631;SELL
2016-04-21T22:04:09.000000;2016-04-21T22:04:10.130537;7de2a8c1-48ad-4f69-82dd-137109204252;8.26;3.47201512;SELL
2016-04-21T22:04:09.000000;2016-04-21T22:04:10.144804;b86857ee-6b9b-4428-8d14-f084b762d4b8;8.26;21.71072924;SELL
2016-04-21T22:04:10.000000;2016-04-21T22:04:10.905624;6fdb6d3a-2030-4431-b1d6-85339504e521;8.2571;0.128387;SELL
2016-04-21T22:04:10.000000;2016-04-21T22:04:10.923617;1b13712c-e3a3-4f15-8b9c-7b860c45a275;8.2417;0.54383293;SELL
2016-04-21T22:04:11.000000;2016-04-21T22:04:11.147628;24a29f3a-3cd5-4dbc-b9a9-5f3a2668549f;8.26;3.66265434;BUY
2016-04-21T22:04:11.000000;2016-04-21T22:04:11.604714;c2bf92f8-2abf-4787-825c-3cb5cf1fc27a;8.26;1.33734566;SELL
2016-04-21T22:04:11.000000;2016-04-21T22:04:11.610677;da0d257a-7736-4cdc-90ce-5f8848e261a7;8.23;5.0;SELL
2016-04-21T22:04:13.000000;2016-04-21T22:04:13.637899;6632da84-91ec-448a-ba9b-28a1b7e2eacb;8.2063;3.272199;SELL
2016-04-21T22:04:13.000000;2016-04-21T22:04:13.639919;a81ee783-24f5-43ed-bda6-26e8cf5002fa;8.2022;1.63585333;SELL
2016-04-21T22:04:13.000000;2016-04-21T22:04:14.211934;15e81b6b-37b3-475e-a008-1ee4fe926fe3;8.2022;3.36414667;SELL
2016-04-21T22:04:13.000000;2016-04-21T22:04:14.223955;effa58cd-d14b-4e16-b8cf-3dc123f428b7;8.201;1.54390566;SELL
2016-04-21T22:04:14.000000;2016-04-21T22:04:14.546983;c1def577-704e-4706-96a1-91107b6e3169;8.201;1.45609434;SELL
2016-04-21T22:04:14.000000;2016-04-21T22:04:14.553009;783eadbf-2c19-4e41-afaa-b4d8d4494b67;8.2001;3.45195799;SELL
2016-04-21T22:05:07.000000;2016-04-21T22:05:07.521263;928528e0-80c5-4f0c-86b0-5a42afdbef73;8.2469;1.0;BUY
2016-04-21T22:05:56.000000;2016-04-21T22:05:56.697178;9296d9aa-34a5-42a0-a7c1-7e4fc9ca6fbc;8.2433;1.0;BUY
2016-04-21T22:12:59.000000;2016-04-21T22:12:59.355499;b05f96e1-9598-45c5-9afa-69de9686d4a3;8.219;0.1;SELL
2016-04-21T22:13:05.000000;2016-04-21T22:13:07.204234;a1901ede-7542-4a6d-aa62-954e0e70bf4f;8.2;200.0;SELL
2016-04-21T22:14:52.000000;2016-04-21T22:14:52.046440;339c9e16-57c2-4566-97bb-c1bb5ef74d82;8.2;800.0;SELL
2016-04-21T22:15:47.000000;2016-04-21T22:15:47.980997;e80ec6d1-91b8-460e-9264-4e193bddfe6a;8.197;2.08;SELL
2016-04-21T22:16:23.000000;2016-04-21T22:16:23.107507;8b610e4f-cf73-45f2-8a98-4ab1610f990f;8.207;0.22;BUY
2016-04-21T22:16:44.000000;2016-04-21T22:16:44.872724;d227334f-70dc-49d0-8ca1-709083a6fdf5;8.1481;6.1;SELL
2016-04-21T22:16:44.000000;2016-04-21T22:16:44.888686;eb7d26f1-80be-4a8c-9c0d-a2c629f401fe;8.1471;18.91930823;SELL
2016-04-21T22:17:03.000000;2016-04-21T22:17:03.597552;2ea945ef-12af-4d58-b573-815c6745e40f;8.1471;19.89500431;SELL
2016-04-21T22:17:03.000000;2016-04-21T22:17:03.604582;b5148246-9888-4500-a03f-f37a5dfafd3f;8.147;4.83529457;SELL
2016-04-21T22:17:03.000000;2016-04-21T22:17:03.610597;d1a6fe47-9215-46b6-b17c-74969927c515;8.13;5.0;SELL
2016-04-21T22:17:03.000000;2016-04-21T22:17:03.635572;92b11664-2746-47cc-8b4d-3c9756d40a8b;8.122;22.4;SELL
2016-04-21T22:17:03.000000;2016-04-21T22:17:03.635572;e327371f-d6a2-44cb-9ed3-8b1cf1267ccc;8.122;32.0;SELL
2016-04-21T22:17:03.000000;2016-04-21T22:17:03.636568;b7e70bf9-8c77-4348-99bb-05221b97ecfc;8.119;110.45;SELL
2016-04-21T22:17:03.000000;2016-04-21T22:17:03.637563;4e6386be-377f-4498-8fb8-ae39ba8cb40f;8.1181;92.7594;SELL
2016-04-21T22:17:03.000000;2016-04-21T22:17:03.666572;a317feae-4b0b-4a02-bafe-683ed8e5310c;8.102;29.7;SELL
2016-04-21T22:17:03.000000;2016-04-21T22:17:03.666572;8c1c9c02-9282-4b8d-9700-674cc1da53f5;8.102;32.0;SELL
2016-04-21T22:17:03.000000;2016-04-21T22:17:03.667567;d77f9bf3-3ae8-4a7d-81e6-0abc9c7dbed4;8.1;3.1;SELL
2016-04-21T22:17:03.000000;2016-04-21T22:17:03.678637;bf4fd499-4db6-4ff3-a9b8-5d6dbef9ad33;8.1;10.0;SELL
2016-04-21T22:17:03.000000;2016-04-21T22:17:03.697617;54e82a7b-7bfd-4e31-a6af-50c8e3eeaeec;8.1;7.661268;SELL
2016-04-21T22:17:03.000000;2016-04-21T22:17:03.742679;9601f00c-c795-4f92-9721-a5932c0f9f3e;8.081;130.19903312;SELL
2016-04-21T22:18:14.000000;2016-04-21T22:18:14.359649;60811f89-43ad-4f6f-8eaa-e4b74b91560d;8.109;0.1;SELL
2016-04-21T22:20:00.000000;2016-04-21T22:20:00.670265;c78e5aa6-ea28-461d-98ed-189eab6d1119;8.1081;10.0;SELL
2016-04-21T22:20:20.000000;2016-04-21T22:20:20.114216;46c2663b-1d42-4d00-8ace-61ff91644bc0;8.088;47.82226965;SELL
2016-04-21T22:21:19.000000;2016-04-21T22:21:19.853191;ad4a1ed6-72d7-4c1f-9a38-e4d4d79f4e10;8.084;88.91144475;SELL
2016-04-21T22:21:51.000000;2016-04-21T22:21:51.714397;00d11948-cb76-48c1-ab81-940162ecdda1;8.159;3.272001;BUY
2016-04-21T22:21:51.000000;2016-04-21T22:21:51.720400;a557037d-d1ff-44ec-a882-cb11e8088e4e;8.16;1.0;BUY
2016-04-21T22:21:51.000000;2016-04-21T22:21:51.720400;97baa70c-c593-494f-bd73-e38a0e0e1a72;8.16;0.6;BUY
2016-04-21T22:21:51.000000;2016-04-21T22:21:51.746460;d88b5508-a6e6-4339-8247-b5601ade2133;8.16;5.127999;BUY
2016-04-21T22:21:53.000000;2016-04-21T22:21:53.371546;56b25f91-62ec-4a45-a838-b2875d416631;8.16;0.472001;BUY
2016-04-21T22:21:53.000000;2016-04-21T22:21:53.372710;cc6a55dc-55ba-4e2d-8835-7f7a7cc73efc;8.164;0.20492019;BUY
2016-04-21T22:21:56.000000;2016-04-21T22:21:56.563882;0ac8bafd-f989-41bc-8c75-8fcf8b6bbd52;8.164;50.0;BUY
2016-04-21T22:22:07.000000;2016-04-21T22:22:07.063900;1cee62c6-c0df-4b6c-8aa0-7c7a305a35eb;8.158;15.0;BUY
2016-04-21T22:22:18.000000;2016-04-21T22:22:18.626075;cdb65f41-3c6b-49fe-844c-0e6075551800;8.159;3.329804;BUY
2016-04-21T22:22:18.000000;2016-04-21T22:22:18.631103;76c96601-e034-4010-85d9-340a18134aa9;8.1839;0.55404732;BUY
2016-04-21T22:22:18.000000;2016-04-21T22:22:18.633096;3eef63ba-d65b-4b23-a81f-ec3f785e3235;8.214;11.11614868;BUY
2016-04-21T22:22:23.000000;2016-04-21T22:22:23.348538;ce26f26b-40ad-42c1-a2dd-ef830337a145;8.0881;6.5;SELL
2016-04-21T22:22:23.000000;2016-04-21T22:22:23.639567;549bc2cb-4038-4432-945f-9a5b9140833a;8.0881;6.7745666;BUY
2016-04-21T22:22:23.000000;2016-04-21T22:22:23.837587;e217b137-ad36-45dc-afa2-8364863d144c;8.0881;44.0;BUY
2016-04-21T22:25:11.000000;2016-04-21T22:25:11.263333;852b49df-2fda-4eae-aceb-47b8e4d6e7da;8.0871;2.0;BUY
2016-04-21T22:26:03.000000;2016-04-21T22:26:03.459552;9ae79109-b418-42f6-911a-1ceb486b35ad;8.081;17.28938;SELL
2016-04-21T22:26:12.000000;2016-04-21T22:26:12.112419;3d60ec1b-c087-480c-84e0-45c700e4a6da;8.08;1.0;SELL
2016-04-21T22:26:57.000000;2016-04-21T22:26:57.854003;92337d0d-5261-45d0-9533-7ad8c2b2e999;8.076;2.53;SELL
2016-04-21T22:27:35.000000;2016-04-21T22:27:35.268742;695c4af5-b3b1-4495-be70-a183a3a7457c;8.0648;17.28938;SELL
2016-04-21T22:28:19.000000;2016-04-21T22:28:19.528144;fc986f59-6b74-4b19-9cf2-dddba887a665;8.05;50.0;SELL
2016-04-21T22:28:19.000000;2016-04-21T22:28:19.533197;9701a149-71ed-41d0-b9e7-936f6f4fa6e9;8.05;100.0;SELL
2016-04-21T22:28:27.000000;2016-04-21T22:28:27.875976;7b5656fb-184c-4293-ae02-769a7aee0c2d;8.05;5.0;BUY
2016-04-21T22:28:54.000000;2016-04-21T22:28:54.074602;9c95a537-b396-4df0-8d60-f535a4f33b5a;8.0487;3.5;SELL
2016-04-21T22:29:03.000000;2016-04-21T22:29:04.010582;9f02e623-f657-4c34-9301-4e70aed6a260;8.0487;13.78938;SELL
2016-04-21T22:29:13.000000;2016-04-21T22:29:13.259571;b183729f-c2d8-4554-96d0-661ac06ff301;8.0371;76.6992;SELL
2016-04-21T22:29:13.000000;2016-04-21T22:29:13.313522;090ceb9c-e16a-424f-a1e5-4d17cb34489c;8.037;4.08334765;SELL
2016-04-21T22:29:13.000000;2016-04-21T22:29:13.320542;b95e95e3-cd9e-401a-8a2d-de2da5aa9cc3;8.0361;0.55806686;SELL
2016-04-21T22:29:13.000000;2016-04-21T22:29:13.344526;9853348e-853d-48d2-ad6d-155515e9d8e9;8.034;92.4117;SELL
2016-04-21T22:29:13.000000;2016-04-21T22:29:13.344526;9c5ad493-a550-41e5-b0ed-4a452004e5de;8.0325;17.28938;SELL
2016-04-21T22:29:13.000000;2016-04-21T22:29:13.344526;33fef37e-c2dc-47e3-a30a-e81705d5a3e7;8.0211;5.0;SELL
2016-04-21T22:29:13.000000;2016-04-21T22:29:13.344526;61b21528-b5e4-42b4-a667-87a750e5f152;8.0143;0.145505;SELL
2016-04-21T22:29:13.000000;2016-04-21T22:29:13.355632;93ef6c81-2180-4c2c-b992-93b097e32387;8.0;3.81280049;SELL
2016-04-21T22:31:03.000000;2016-04-21T22:31:04.273735;a5d94260-d638-4d71-b2f9-14c83be412e8;8.042;6.40123832;BUY
2016-04-21T22:31:05.000000;2016-04-21T22:31:05.930894;223f0677-4df5-4db9-a98e-ac4040c0562e;8.042;1.44876168;BUY
2016-04-21T22:31:08.000000;2016-04-21T22:31:08.184136;db2f98b4-97e4-46c7-901a-ec3355057fed;8.0487;6.40123832;BUY
2016-04-21T22:31:08.000000;2016-04-21T22:31:08.575192;d7a0a2c6-4db3-4b95-972e-c1da5089caec;8.0487;6.40123832;BUY
2016-04-21T22:31:22.000000;2016-04-21T22:31:22.293550;bdf2d876-2fd0-42d5-af8b-51158b1b91ae;8.0487;30.59401366;BUY
2016-04-21T22:31:22.000000;2016-04-21T22:31:23.000621;0f1a1216-3e41-4aca-92b9-c3573d619005;8.0487;30.59401366;BUY
2016-04-21T22:31:23.000000;2016-04-21T22:31:23.931743;4d1c9c7a-d470-480f-a26d-f94d3f1818bb;8.0487;27.20831149;BUY
2016-04-21T22:31:23.000000;2016-04-21T22:31:23.963693;4e1d7f02-2958-42e5-9345-c493dfea78b6;8.0487;30.59401366;BUY
2016-04-21T22:31:24.000000;2016-04-21T22:31:24.700818;60e2f6e6-cca7-4c0f-b7cb-478cdadc3799;8.0487;16.9513103;BUY
2016-04-21T22:31:25.000000;2016-04-21T22:31:25.994920;ed6ed33f-9354-4900-a8d5-6e9540991a04;8.0487;30.59401366;BUY
2016-04-21T22:31:45.000000;2016-04-21T22:31:45.788924;6ceaaafb-4617-4d49-b7ec-714d91328973;8.075;30.49437;BUY
2016-04-21T22:31:48.000000;2016-04-21T22:31:48.834193;8f0a3cd3-8977-4690-8901-4571e2da56aa;8.075;1.50563;BUY
2016-04-21T22:31:48.000000;2016-04-21T22:31:48.840197;c85c71b0-7725-4a14-bfe5-0d247e7a3e3e;8.075;28.98874;BUY
2016-04-21T22:31:52.000000;2016-04-21T22:31:52.255533;a98b5304-a807-4969-aa28-3e0a56df736f;8.075;3.01126;BUY
2016-04-21T22:32:42.000000;2016-04-21T22:32:42.310553;c21eb0df-04e3-479b-8b71-651d7c6cbb60;8.0912;0.56293628;BUY
2016-04-21T22:32:42.000000;2016-04-21T22:32:42.316572;1316eed4-3cca-4713-83d3-11ed68176518;8.101;25.08249548;BUY
2016-04-21T22:32:44.000000;2016-04-21T22:32:44.630817;06966d89-8e40-4b3c-a1e1-1006cf9fa61e;8.101;67.13290452;BUY
2016-04-21T22:32:44.000000;2016-04-21T22:32:44.649835;ba909f23-c68e-42a4-8a38-d5a43adf7639;8.1269;30.31175109;BUY
2016-04-21T22:32:44.000000;2016-04-21T22:32:44.661215;675f80fd-e231-46ec-b3b7-da7b2d0baade;8.1331;0.55806686;BUY
2016-04-21T22:32:44.000000;2016-04-21T22:32:44.680777;1feac580-81c1-4814-b7ad-708faeba05c0;8.1331;0.55806686;BUY
2016-04-21T22:32:44.000000;2016-04-21T22:32:44.680777;fc42da4a-b50e-4ab9-95f5-bf01de6a9d18;8.1348;3.329579;BUY
2016-04-21T22:32:44.000000;2016-04-21T22:32:44.693202;1e35010b-f59b-4f98-9610-a9344d8ef292;8.159;32.0;BUY
2016-04-21T22:32:44.000000;2016-04-21T22:32:44.711770;1185953a-e8e2-4850-a9f3-10117f147014;8.159;32.0;BUY
2016-04-21T22:32:44.000000;2016-04-21T22:32:44.711770;6f41144d-241d-4ad4-bb7e-cdde6262d77c;8.226;184.10963167;BUY
2016-04-21T22:33:26.000000;2016-04-21T22:33:26.305927;9e1953f8-e657-4194-b68b-5f643e72a983;8.15;1.49706044;SELL
2016-04-21T22:33:28.000000;2016-04-21T22:33:28.756200;9fc83afa-06cb-4137-a685-cfeb72810d60;8.15;1.49706044;SELL
2016-04-21T22:33:39.000000;2016-04-21T22:33:39.219239;cc2ca671-dc35-422b-9587-c06234b322db;8.15;3.33581426;SELL
2016-04-21T22:33:43.000000;2016-04-21T22:33:43.394636;4c99cd61-145c-4423-a1ae-c3f6f7665001;8.15;68.92;SELL
2016-04-21T22:33:44.000000;2016-04-21T22:33:44.307733;09d94c20-2303-4c42-bf06-7091f5b41182;8.15;3.5890532;SELL
2016-04-21T22:33:55.000000;2016-04-21T22:33:55.245821;65ee8745-34c7-4871-812a-da4896e3a4c6;8.15;4.06798136;SELL
2016-04-21T22:33:56.000000;2016-04-21T22:33:56.160962;25209bd1-f6ee-4509-ab99-9a034a5bcdf7;8.1599;10.0;BUY
2016-04-21T22:34:01.000000;2016-04-21T22:34:02.006552;92c6f137-34fa-4566-bfe6-998eded70d85;8.15;3.92998299;SELL
2016-04-21T22:34:08.000000;2016-04-21T22:34:08.254135;835d9791-6c3a-441d-9fb4-501bdbcaa700;8.15;12.84873423;SELL
2016-04-21T22:34:09.000000;2016-04-21T22:34:09.580262;435c5fe5-7ed7-4446-9a52-85d463b4ccca;8.15;3.58593729;SELL
2016-04-21T22:34:14.000000;2016-04-21T22:34:14.494756;ca9c0986-2434-44ca-bcf5-4946ceb3f168;8.15;10.0;SELL
2016-04-21T22:34:14.000000;2016-04-21T22:34:14.554754;d27a7ed6-ed87-432a-8e73-2d0da0fb8d7f;8.15;0.02;SELL
2016-04-21T22:34:15.000000;2016-04-21T22:34:15.454892;5e7cacbe-f81d-4860-a2cd-f33e0d0cc5fb;8.15;3.96883048;SELL
2016-04-21T22:34:15.000000;2016-04-21T22:34:15.978939;4b7c1e04-d434-47c1-8eb5-352a500fedcb;8.15;6.03116952;SELL
2016-04-21T22:34:15.000000;2016-04-21T22:34:15.985911;99ab7a9b-cdd1-4c80-a0fe-4bd4e6d4c342;8.15;10.0;SELL
2016-04-21T22:34:27.000000;2016-04-21T22:34:27.056269;a1097bb8-7716-462f-9e5f-33a3e176a951;8.1373;0.55959709;SELL
2016-04-21T22:34:48.000000;2016-04-21T22:34:48.489151;accd02f0-a12d-48aa-aa0f-3c31ecdc2d36;8.1367;0.55959709;BUY
2016-04-21T22:34:48.000000;2016-04-21T22:34:48.506150;1a05483c-12cd-4258-aa45-be37ce8359b2;8.1367;0.55959709;BUY
2016-04-21T22:34:48.000000;2016-04-21T22:34:48.509638;4ea34cd5-ff8e-4112-9bb3-938df26fb980;8.1367;0.55959709;BUY
2016-04-21T22:34:48.000000;2016-04-21T22:34:48.537160;0aaca7a8-849d-432c-99fd-d6fae385011d;8.1599;3.316759;BUY
2016-04-21T22:34:48.000000;2016-04-21T22:34:48.537160;4ccd4e2b-c72b-426f-baed-a2f5d597671d;8.1645;0.56116723;BUY
2016-04-21T22:34:48.000000;2016-04-21T22:34:48.537160;71de8265-0eab-4872-91f5-37aadb903ea0;8.192;0.55710306;BUY
2016-04-21T22:34:48.000000;2016-04-21T22:34:48.540200;dcd3b93f-948d-45d5-a7d0-9669dcebf3cf;8.192;0.55710306;BUY
2016-04-21T22:34:48.000000;2016-04-21T22:34:48.568169;15d4f883-eb00-46bd-8bfe-384277126f3a;8.2262;0.55129831;BUY
2016-04-21T22:34:48.000000;2016-04-21T22:34:48.568169;e2a36fb3-95d6-457b-a82e-ee2fcc3c203d;8.235;92.77777807;BUY
2016-04-21T22:40:18.000000;2016-04-21T22:40:18.883186;926efe43-2cb7-4518-a720-3604488e2823;8.0943;0.55710306;SELL
2016-04-21T22:43:29.000000;2016-04-21T22:43:29.214225;0b50a69c-00c2-4ede-8857-1aeb2f9bf7cb;8.08;4.0;BUY
2016-04-21T22:44:53.000000;2016-04-21T22:44:53.309655;c315765a-78ee-4026-8449-24c865d63bc0;8.08;0.14;BUY
2016-04-21T22:45:36.000000;2016-04-21T22:45:36.514570;63964f68-05da-4ad1-bfd7-9238c13071df;8.08;47.7739;BUY
2016-04-21T22:45:37.000000;2016-04-21T22:45:37.550669;e1abb324-c50d-42c7-b1d2-208b3ad7936b;8.08;31.38835694;BUY
2016-04-21T22:51:13.000000;2016-04-21T22:51:13.627266;de61afe2-f0a0-4e42-a517-a65aff38ba58;8.109;2.0;BUY
2016-04-21T22:55:09.000000;2016-04-21T22:55:09.552823;1cb16b70-6b9c-47d6-a4dd-ad49a2a69aad;8.0671;0.4340269;SELL
2016-04-21T23:01:29.000000;2016-04-21T23:01:29.874142;569b49f5-3cbc-402e-b7ac-d56d89654e6c;8.11;20.0;BUY
2016-04-21T23:01:50.000000;2016-04-21T23:01:50.372244;76b827ef-cd1b-4193-b053-40110a88bfbf;8.1102;5.0;BUY
2016-04-21T23:01:50.000000;2016-04-21T23:01:50.375225;2b710277-20c6-45ad-97af-62f3adb2e64d;8.1119;0.55959709;BUY
2016-04-21T23:03:11.000000;2016-04-21T23:03:11.151268;2e9864b2-052e-48de-86d3-f5b0b2fa2a29;8.1214;0.55959709;BUY
2016-04-21T23:03:11.000000;2016-04-21T23:03:11.156283;c8fc4932-9b69-4840-9526-954607ff8833;8.1214;0.55959709;BUY
2016-04-21T23:03:11.000000;2016-04-21T23:03:11.159279;a44cad68-a7b8-487d-8603-b042b7e665d8;8.1214;0.55959709;BUY
2016-04-21T23:03:26.000000;2016-04-21T23:03:26.405829;97038a52-b085-4406-a7c8-1213b670a3c5;8.1215;0.55869043;BUY
2016-04-21T23:03:26.000000;2016-04-21T23:03:26.415814;d5e54098-a96a-4a93-a6db-6e2deb5cafbc;8.1329;3.327899;BUY
2016-04-21T23:04:45.000000;2016-04-21T23:04:45.736730;52ef860a-2ad4-4a39-a393-e6de36114b95;8.1636;0.55710306;BUY
2016-04-21T23:05:20.000000;2016-04-21T23:05:20.258208;2c8734ae-8b14-4464-88dd-c7c84d950acb;8.17;9.845;BUY
2016-04-21T23:05:40.000000;2016-04-21T23:05:40.718255;6ca0e96e-c536-438f-b6de-95106755a891;8.2348;9.7599;BUY
2016-04-21T23:12:04.000000;2016-04-21T23:12:04.769642;aa4a52b4-9f0f-4b63-bb5c-7dd597cb616e;8.1532;0.49937757;SELL
2016-04-21T23:23:20.000000;2016-04-21T23:23:20.947376;d5adab9b-a0b0-41a6-acf1-f3d8c34a4b9d;8.1532;0.05494616;SELL
2016-04-21T23:23:20.000000;2016-04-21T23:23:20.968367;d3f005fb-4aa1-42a6-8fc7-5f000b2b8f21;8.133;0.00341057;SELL
2016-04-21T23:23:20.000000;2016-04-21T23:23:20.976373;06f5ffcc-ec59-4ffe-8f2e-44249f5b546b;8.112;0.00040291;SELL
2016-04-21T23:23:20.000000;2016-04-21T23:23:20.999403;0096e750-8238-418a-b260-99abba7e8860;8.11;5.0;SELL
2016-04-21T23:23:20.000000;2016-04-21T23:23:20.999403;e8f33ad7-717f-4a89-a92e-94df896f0365;8.11;5.0;SELL
2016-04-21T23:33:24.000000;2016-04-21T23:33:24.481881;8301ee28-2420-4826-a844-3cf0ce9fbb9c;8.1097;0.55521626;SELL
2016-04-21T23:33:24.000000;2016-04-21T23:33:24.496933;30ef26a0-59b1-4b79-b2af-4579d5fa83de;8.0977;0.48388374;SELL
2016-04-21T23:38:14.000000;2016-04-21T23:38:14.891886;3d428e63-b18d-48f4-ab1d-bceb30b67573;8.167;91.2998;BUY
2016-04-21T23:38:14.000000;2016-04-21T23:38:14.896900;640ba9a4-c266-4e73-92d7-cee2626a8fff;8.168;3.297551;BUY
2016-04-21T23:38:14.000000;2016-04-21T23:38:14.898897;532d736c-c1b8-4049-9736-85b153e813c3;8.17;6.486;BUY
2016-04-21T23:45:48.000000;2016-04-21T23:45:48.997524;d66a0fbf-78c8-4cf1-85b6-8201b9184836;8.17;10.0;BUY
2016-04-21T23:46:07.000000;2016-04-21T23:46:07.234313;499c0cb5-fcec-465a-bb59-72cf855de6b7;8.176;3.325935;BUY
2016-04-21T23:46:18.000000;2016-04-21T23:46:18.933481;19c03d59-b796-48ad-a648-acba9c5c5d1f;8.1852;0.55546298;BUY
2016-04-21T23:46:18.000000;2016-04-21T23:46:18.933481;26050727-19d1-4290-83c7-ca243d5a4cbe;8.1959;0.55340343;BUY
2016-04-21T23:46:29.000000;2016-04-21T23:46:29.091504;e5795f66-80df-4f1c-91b1-49aac4c8aa3b;8.2076;0.55521626;BUY
2016-04-21T23:46:29.000000;2016-04-21T23:46:29.097531;90a9eae2-a8a8-4621-9141-48ad54af866e;8.2079;0.58478374;BUY
2016-04-21T23:47:14.000000;2016-04-21T23:47:14.217037;f09ff14f-a27f-483c-8f3e-063c9da0c851;8.23;0.18814339;BUY
2016-04-21T23:47:14.000000;2016-04-21T23:47:14.225050;ae658b65-d850-45a8-ad6c-88d5e8eb69c7;8.2356;0.55959709;BUY
2016-04-21T23:47:14.000000;2016-04-21T23:47:14.256024;2a20814b-492f-426e-a9e2-b1206eb65aed;8.2359;7.61737773;BUY
2016-04-21T23:47:14.000000;2016-04-21T23:47:14.258063;42ecede0-198b-420f-b8c0-b6fce0557b31;8.26;2.0051357;BUY
2016-04-21T23:47:14.000000;2016-04-21T23:47:14.260035;2c613be6-527f-40a9-afa5-cc36eb152a98;8.261;20.0;BUY
2016-04-21T23:47:14.000000;2016-04-21T23:47:14.289033;285ea85b-6365-48fe-bdbc-830fd8f888dc;8.265;1.59564609;BUY
2016-04-21T23:54:44.000000;2016-04-21T23:54:44.420040;816bc740-2244-4af8-97b2-96ce5508714a;8.196;0.00113359;SELL
2016-04-21T23:54:44.000000;2016-04-21T23:54:44.433036;af6873a0-c54f-4123-80ee-7965dd12005f;8.19;50.0;SELL
2016-04-21T23:56:47.000000;2016-04-21T23:56:47.529342;7e206d05-b0fc-4353-9a27-4cfc1b511cae;8.185;0.56;SELL
2016-04-21T23:56:47.000000;2016-04-21T23:56:47.535366;426affde-e0cd-4289-83ca-753dc19a5c02;8.18;8.83463711;SELL
2016-04-21T23:58:58.000000;2016-04-21T23:58:58.619467;f8e0477d-3f30-4f7c-a890-f61705cd4762;8.189;92.1;BUY
