time_exchange;time_coinpai;guid;price;base_amount;taker_side
2016-03-29T00:27:42.000000;2016-03-29T00:27:42.333000;77b9073e-7b1b-45da-83b1-b2be8e07eb2f;11.777;8.489;BUY
2016-03-29T00:28:06.000000;2016-03-29T00:28:06.527000;9d864d7a-fc38-4a8a-93cf-37cc522ed12d;11.75;17.96352119;SELL
2016-03-29T00:33:10.000000;2016-03-29T00:33:10.953000;ad47fd73-1969-4f61-9cad-e0d228f2c6a4;11.671;0.55414222;SELL
2016-03-29T00:33:10.000000;2016-03-29T00:33:10.967000;a6793d42-1ed0-4f31-a846-c63997af26d0;11.67;2.43755606;SELL
2016-03-29T00:33:12.000000;2016-03-29T00:33:12.173000;c74bbf10-5ef5-44f0-94e3-b63e88f10ddb;11.67;2.99169828;SELL
2016-03-29T00:34:00.000000;2016-03-29T00:34:00.230000;48e675c5-72b1-46a1-907a-d12eea529500;11.67;13.65;SELL
2016-03-29T00:34:01.000000;2016-03-29T00:34:01.067000;2551423c-3b74-45ef-892a-a0bb28815ae0;11.67;5.0;SELL
2016-03-29T00:34:26.000000;2016-03-29T00:34:26.207000;7d780fc5-66f7-453e-83b3-a79d87f58e17;11.68;2.36;SELL
2016-03-29T00:34:30.000000;2016-03-29T00:34:30.230000;8d494881-c467-42de-81da-0ef18ec34e9c;11.68;13.16;SELL
2016-03-29T00:34:32.000000;2016-03-29T00:34:32.667000;d485e9da-fb8d-4634-8bef-845898d198c1;11.68;1.05932035;SELL
2016-03-29T00:34:34.000000;2016-03-29T00:34:34.533000;ac41e9dd-4a08-4fe9-b7ff-7454f2788e3f;11.68;2.5;SELL
2016-03-29T00:34:35.000000;2016-03-29T00:34:35.383000;fa0a1e56-12c4-4186-a484-dd894cbe99b0;11.68;0.92067965;SELL
2016-03-29T00:34:35.000000;2016-03-29T00:34:35.400000;4e5e2efd-f8d5-4e1b-a152-beca92aa7434;11.67;1.58429984;SELL
2016-03-29T00:34:39.000000;2016-03-29T00:34:39.590000;67a8e366-b7a8-42f8-9624-c321ced389db;11.67;5.32585697;SELL
2016-03-29T00:34:42.000000;2016-03-29T00:34:42.533000;a7dcbabe-cd2a-40f3-a0d3-13ac20999f01;11.67;5.0500809;SELL
2016-03-29T00:34:45.000000;2016-03-29T00:34:45.603000;167806e2-10ac-4009-8605-611fe6059e74;11.67;0.37;SELL
2016-03-29T00:34:49.000000;2016-03-29T00:34:49.860000;3d197088-4723-4fab-b67e-7c8ff35398f5;11.67;1.0;SELL
2016-03-29T00:34:55.000000;2016-03-29T00:34:55.093000;ce5bc066-1e63-4fe0-90d3-8ce86c024a53;11.67;2.364336;SELL
2016-03-29T00:34:56.000000;2016-03-29T00:34:56.823000;8d7ed4dc-abc8-46b4-b045-313f69e55dbe;11.67;23.99668694;SELL
2016-03-29T00:34:57.000000;2016-03-29T00:34:57.247000;0870aa4a-b091-4491-8641-9e435a4918ae;11.67;14.54771507;SELL
2016-03-29T00:35:01.000000;2016-03-29T00:35:01.067000;7253ea0f-aaaa-43f3-926a-add6a0f82bcc;11.67;21.01;SELL
2016-03-29T00:35:02.000000;2016-03-29T00:35:02.167000;221f1823-a4d2-41fc-a1e7-d7452c3be65f;11.67;0.67176994;SELL
2016-03-29T00:37:05.000000;2016-03-29T00:37:05.040000;5a49a7a7-05d0-44ce-8a16-00a8d0e98940;11.653;14.2272;BUY
2016-03-29T00:38:32.000000;2016-03-29T00:38:32.850000;692906e9-f8e5-436b-a4fc-7439450dd2fb;11.581;2.19058608;SELL
2016-03-29T00:38:32.000000;2016-03-29T00:38:32.863000;c85ddfba-82d3-4d8b-8f01-8df912a86626;11.581;10.35076841;SELL
2016-03-29T00:38:32.000000;2016-03-29T00:38:32.863000;2396c0d3-04da-4723-b646-04713c2f07b2;11.58;6.24864551;SELL
2016-03-29T00:38:35.000000;2016-03-29T00:38:35.313000;0a96c0a9-4127-48f9-811e-a6e039484a67;11.58;23.75135449;SELL
2016-03-29T00:41:48.000000;2016-03-29T00:41:48.643000;125cf606-5ced-4ba5-b977-66611bdd48d3;11.564;0.25943294;SELL
2016-03-29T00:41:48.000000;2016-03-29T00:41:48.903000;202492be-93d3-4b0a-a01b-62d2c2125652;11.52;24.31013771;SELL
2016-03-29T00:41:49.000000;2016-03-29T00:41:49.463000;b028bf6e-b356-449d-b9fb-f54b0665fdb0;11.52;0.68917143;SELL
2016-03-29T00:41:49.000000;2016-03-29T00:41:49.533000;6fdec317-931a-44be-8c9d-5511411ff27a;11.52;0.68986129;SELL
2016-03-29T00:41:50.000000;2016-03-29T00:41:50.087000;87e675bc-1eb0-4599-81ac-64772ebb79a9;11.52;0.68917143;SELL
2016-03-29T00:41:50.000000;2016-03-29T00:41:50.617000;554852a5-a521-439c-9988-c9d402a027ee;11.52;0.68917143;SELL
2016-03-29T00:42:30.000000;2016-03-29T00:42:30.490000;d7e9b65a-9a4a-4ec8-9551-5f54ecf92d33;11.52;1.0;SELL
2016-03-29T00:42:32.000000;2016-03-29T00:42:32.323000;89dc77a1-453f-402e-a0b4-92d21731b959;11.52;0.68986129;SELL
2016-03-29T00:42:32.000000;2016-03-29T00:42:32.330000;cf9f8dcf-cc0b-462d-91ad-ee9c88116b7d;11.52;0.68986129;SELL
2016-03-29T00:42:44.000000;2016-03-29T00:42:44.660000;96b09584-a74f-415e-9576-dfdc4f605a03;11.52;0.90374073;SELL
2016-03-29T00:42:50.000000;2016-03-29T00:42:51.047000;cc6a0b07-a0e8-4558-96dc-cd2589942797;11.52;5.1284069;SELL
2016-03-29T00:42:54.000000;2016-03-29T00:42:55.023000;c269c46d-fbfd-4a26-b3e3-3b7f6bc07ec4;11.52;5.1284069;SELL
2016-03-29T00:42:59.000000;2016-03-29T00:42:59.147000;275ee87c-6ade-460a-b550-ad8d79da0f90;11.52;5.1284069;SELL
2016-03-29T00:43:00.000000;2016-03-29T00:43:00.823000;45732c16-60ee-4c46-be97-ec3f3f946167;11.52;2.66027742;SELL
2016-03-29T00:43:03.000000;2016-03-29T00:43:03.153000;8588f7a9-c9be-4c82-8097-d3395a7b021e;11.52;1.60352528;SELL
2016-03-29T00:43:03.000000;2016-03-29T00:43:03.260000;d49bfcf7-2cbc-498f-a8e8-cbf169c2622b;11.502;20.6580339;SELL
2016-03-29T00:43:03.000000;2016-03-29T00:43:03.263000;115bcec7-0a11-41d9-bdc0-f5adfd1b69ee;11.502;3.70514338;SELL
2016-03-29T00:43:03.000000;2016-03-29T00:43:03.910000;b21687f3-6927-4270-8c7d-c0a28ec9c034;11.52;3.52488162;BUY
2016-03-29T00:43:07.000000;2016-03-29T00:43:07.643000;2b1bf079-6eeb-4a63-a694-20df1acac0c9;11.522;1.60352528;SELL
2016-03-29T00:43:13.000000;2016-03-29T00:43:13.783000;7ef7afec-7348-48aa-a9a9-bed9e0c15a98;11.524;1.94525104;SELL
2016-03-29T00:43:46.000000;2016-03-29T00:43:46.640000;d66f7e5b-8c55-4c7c-8bd6-3c25dc64642e;11.493;2.83135486;SELL
2016-03-29T00:43:51.000000;2016-03-29T00:43:52.217000;b1e3af23-df7a-4d65-9da3-35a3b4935ff6;11.493;0.43495086;SELL
2016-03-29T00:43:54.000000;2016-03-29T00:43:54.790000;3d01b34b-ff4c-4bfa-8878-4b8ca1bf435d;11.493;5.01;SELL
2016-03-29T00:43:56.000000;2016-03-29T00:43:56.410000;54400d58-cd9f-4cd0-9474-385d0a415c19;11.493;0.8975069;SELL
2016-03-29T00:43:56.000000;2016-03-29T00:43:56.817000;ee0b72b3-4179-4081-bc11-b085bdb1227c;11.493;0.70150816;BUY
2016-03-29T00:43:56.000000;2016-03-29T00:43:56.823000;aa33f85b-a49d-4b57-a470-21b6be0293c8;11.521;0.19599874;BUY
2016-03-29T00:47:08.000000;2016-03-29T00:47:08.247000;917a1ea7-d749-463e-929c-79ea0a952d36;11.492;0.1;SELL
2016-03-29T00:53:36.000000;2016-03-29T00:53:36.237000;f9187301-39b5-49b5-9567-cb272f235195;11.49;10.0;BUY
2016-03-29T00:53:36.000000;2016-03-29T00:53:36.247000;755caa11-e000-48e3-acc3-0ebd8c6c5e25;11.521;0.1;BUY
2016-03-29T00:53:36.000000;2016-03-29T00:53:36.273000;d5ef81c4-b088-46c9-bf8f-aae481f5b5dd;11.522;0.1;BUY
2016-03-29T00:54:15.000000;2016-03-29T00:54:15.257000;5215c454-c10a-4ff8-8f71-e2e6cdb99c65;11.503;2.2738939;SELL
2016-03-29T00:54:15.000000;2016-03-29T00:54:15.270000;dafb4609-5262-4d33-912d-b7607435d19d;11.502;7.7261061;SELL
2016-03-29T00:54:21.000000;2016-03-29T00:54:21.727000;bb4e2fae-54a2-4f28-b387-732995c712f8;11.502;10.0;SELL
2016-03-29T01:03:21.000000;2016-03-29T01:03:21.713000;ff37e97c-5ef4-4c52-88dd-060088fb7578;11.476;0.36159828;SELL
2016-03-29T01:05:41.000000;2016-03-29T01:05:41.063000;23f4c76b-c085-461e-a0fb-6cd9b6ea8d59;11.475;0.1;SELL
2016-03-29T01:25:58.000000;2016-03-29T01:25:58.770000;16f00500-0daa-4907-af95-96aef704b8ee;11.522;0.55059862;BUY
2016-03-29T01:25:59.000000;2016-03-29T01:25:59.523000;ec9814f2-717f-4854-92cb-9eb786961926;11.522;0.55114963;BUY
2016-03-29T01:26:16.000000;2016-03-29T01:26:16.947000;c0c6e904-6cc9-4b55-a00d-dc6c95b19a52;11.522;0.74350279;BUY
2016-03-29T01:28:21.000000;2016-03-29T01:28:21.533000;81755419-4be5-468c-bfc3-5392e68a0eb3;11.562;0.68917143;BUY
2016-03-29T01:28:21.000000;2016-03-29T01:28:21.557000;55420f9f-ef50-4b3a-9c72-297db725cf46;11.563;0.09066706;BUY
2016-03-29T01:28:21.000000;2016-03-29T01:28:21.560000;9aa1904a-bb79-44ce-9e13-06239a1e559d;11.566;0.12816151;BUY
2016-03-29T01:50:03.000000;2016-03-29T01:50:03.273000;8075bd2b-69db-4cfc-a83c-1ee0a8aecc32;11.466;0.1;SELL
2016-03-29T01:50:03.000000;2016-03-29T01:50:03.283000;24402b58-3307-4da9-b09c-c64101191fb3;11.457;0.1;SELL
2016-03-29T01:50:03.000000;2016-03-29T01:50:03.293000;6e9f8658-b713-4fa3-95b0-d96981dab157;11.451;3.3;SELL
2016-03-29T01:50:03.000000;2016-03-29T01:50:03.320000;27114560-e7b4-4095-bff0-d6ea6dea7f54;11.45;14.35077318;SELL
2016-03-29T01:57:33.000000;2016-03-29T01:57:33.673000;327c276c-2954-440a-92f0-4bdc5717a511;11.536;1.0;BUY
2016-03-29T01:58:43.000000;2016-03-29T01:58:43.290000;7b747cd1-35bd-4b98-944d-9a42467bdcab;11.5;0.6447714;BUY
2016-03-29T01:58:43.000000;2016-03-29T01:58:43.380000;3518169a-4b0e-442d-817f-6e1590cb94d3;11.5;0.6447714;BUY
2016-03-29T01:58:43.000000;2016-03-29T01:58:43.653000;b4f2f599-1a65-4da6-ab4b-1860542ea3d2;11.5;30.72818328;BUY
2016-03-29T01:58:43.000000;2016-03-29T01:58:43.743000;cb330b89-f622-4b62-b5e9-1e409e030fec;11.5;30.82140391;BUY
2016-03-29T01:58:43.000000;2016-03-29T01:58:43.747000;3e625192-579a-4eaa-b108-ccdd19eccec4;11.5;30.78671315;BUY
2016-03-29T01:58:43.000000;2016-03-29T01:58:43.773000;34cc393b-c4e1-46ec-82bc-78c074c9188e;11.5;6.37415686;BUY
2016-03-29T01:58:43.000000;2016-03-29T01:58:43.783000;c69289f8-0779-4e95-8765-8cc6283fab27;11.55;3.60863057;BUY
2016-03-29T01:58:43.000000;2016-03-29T01:58:43.813000;4629addf-c53f-40fd-bbbb-f38b123503bc;11.55;5.80218454;BUY
2016-03-29T01:58:46.000000;2016-03-29T01:58:46.780000;a0de85bb-95ae-4130-87d3-3266ca96664c;11.55;30.78671315;BUY
2016-03-29T01:58:50.000000;2016-03-29T01:58:50.197000;4b6a0b13-8f61-48ca-bb95-592e18b9c916;11.549;30.72818328;BUY
2016-03-29T01:58:53.000000;2016-03-29T01:58:53.587000;89bc7a4d-7792-4150-a971-f0e1b5843753;11.55;19.80247174;BUY
2016-03-29T01:58:53.000000;2016-03-29T01:58:53.607000;31c6dc60-e3f3-4588-84f1-00147486424b;11.55;10.98424141;BUY
2016-03-29T02:00:23.000000;2016-03-29T02:00:23.100000;7dc31a81-bf15-4326-8bb5-e7b9dc55e055;11.548;2.3;BUY
2016-03-29T02:00:23.000000;2016-03-29T02:00:23.120000;04786cf3-7941-4f62-a59d-622ee5bf32c6;11.593;12.266802;BUY
2016-03-29T02:00:23.000000;2016-03-29T02:00:23.127000;e1bae091-4cbc-45ca-8d1c-0f219eff21d9;11.593;0.04914;BUY
2016-03-29T02:01:01.000000;2016-03-29T02:01:01.710000;143b804b-1c59-4d53-bc86-df7a35676302;11.451;0.54872;SELL
2016-03-29T02:06:45.000000;2016-03-29T02:06:45.757000;850b3533-9bfb-4f7a-af99-956cf89a6834;11.598;1.0;BUY
2016-03-29T02:44:04.000000;2016-03-29T02:44:04.790000;990abb65-b613-4b80-a00b-3a9fbf054071;11.451;3.6;SELL
2016-03-29T02:44:04.000000;2016-03-29T02:44:04.803000;eba42dd0-3477-4c58-9933-3566ef3b0c54;11.45;35.64922682;SELL
2016-03-29T02:46:32.000000;2016-03-29T02:46:32.523000;ae0313ea-04d3-4425-add2-16d75e5a37cf;11.443;0.1;SELL
2016-03-29T02:47:41.000000;2016-03-29T02:47:41.833000;daf72935-a230-4542-82dc-a105bc398e98;11.435;0.1;SELL
2016-03-29T02:47:41.000000;2016-03-29T02:47:41.843000;6a58e96e-6097-4b6e-842d-9f0e609bf623;11.418;0.1;SELL
2016-03-29T02:47:41.000000;2016-03-29T02:47:41.843000;5942d0b7-094c-418e-aadc-fc0e66bc4e46;11.413;0.1;SELL
2016-03-29T02:47:41.000000;2016-03-29T02:47:41.880000;75df2f79-54e6-47a0-aa35-03decc6fd507;11.406;0.1;SELL
2016-03-29T02:47:41.000000;2016-03-29T02:47:41.880000;1b4652a5-face-4412-b0b3-13a718c079ab;11.404;0.1;SELL
2016-03-29T02:52:31.000000;2016-03-29T02:52:31.840000;d9092fae-7956-4a9e-8f5a-b91fe49aa0b8;11.401;0.1;SELL
2016-03-29T02:52:31.000000;2016-03-29T02:52:31.853000;cd500b91-0ceb-4120-a167-368a52cc83dd;11.4;0.36252;SELL
2016-03-29T02:59:16.000000;2016-03-29T02:59:16.960000;37f4cc58-7d13-4b15-b37c-9a78aaa3db0c;11.4;4.12622817;SELL
2016-03-29T02:59:20.000000;2016-03-29T02:59:20.593000;7e993d99-e65b-4d98-b0f9-a9925081d74a;11.4;4.12622817;SELL
2016-03-29T02:59:37.000000;2016-03-29T02:59:37.910000;684b5d7c-c6bd-4f56-a217-53484a2f7c26;11.419;3.64208207;BUY
2016-03-29T02:59:37.000000;2016-03-29T02:59:37.910000;146066da-1aca-4548-876f-47e576772de4;11.421;2.34914;BUY
2016-03-29T02:59:37.000000;2016-03-29T02:59:37.913000;cb812cd1-ab79-4d9d-8fa1-e9a72504b5db;11.443;0.1;BUY
2016-03-29T02:59:37.000000;2016-03-29T02:59:37.950000;c1d42724-0f92-4133-adbb-281648c3edfd;11.444;3.90877793;BUY
2016-03-29T02:59:38.000000;2016-03-29T02:59:38.220000;337bdbd0-4b6d-4a6e-bbd1-c92643285b9b;11.444;8.0;BUY
2016-03-29T03:00:07.000000;2016-03-29T03:00:07.793000;327a1acf-4161-49ff-b3ac-ef2c0e87b4f6;11.4;5.76740243;SELL
2016-03-29T03:00:11.000000;2016-03-29T03:00:11.323000;2e672613-ab3b-4ad6-8dd9-65704001aa74;11.4;4.49594612;SELL
2016-03-29T03:00:14.000000;2016-03-29T03:00:14.487000;9b524228-0f4b-4418-8cae-d2b171344b44;11.4;1.55092269;SELL
2016-03-29T03:00:37.000000;2016-03-29T03:00:37.403000;4a41cbe5-b896-4c64-aebc-d5c0630244d1;11.4;4.45479042;SELL
2016-03-29T03:00:40.000000;2016-03-29T03:00:40.347000;44e71579-6f27-42a5-9470-9502b0a732a8;11.4;4.45479042;SELL
2016-03-29T03:00:44.000000;2016-03-29T03:00:44.157000;0c6fd527-481f-4854-8fe8-73889f412b32;11.4;4.46305905;SELL
2016-03-29T03:00:47.000000;2016-03-29T03:00:47.723000;18797f93-2fe4-469e-84a8-7c2ece421858;11.4;4.45479042;SELL
2016-03-29T03:01:19.000000;2016-03-29T03:01:19.530000;d30b39af-348d-42dd-959b-a1dfa2b1de04;11.4;2.47052127;SELL
2016-03-29T03:02:03.000000;2016-03-29T03:02:03.647000;95da769d-d8aa-40a5-ab56-3e1fe652f62e;11.4;3.80654571;SELL
2016-03-29T03:02:07.000000;2016-03-29T03:02:07.233000;ee4d8a0b-27f7-4e88-acfa-b87965ba308d;11.4;1.17835142;SELL
2016-03-29T03:02:20.000000;2016-03-29T03:02:20.077000;8c680766-0a5a-4c97-bb76-e4062b18e49d;11.4;1.63509099;SELL
2016-03-29T03:06:18.000000;2016-03-29T03:06:18.737000;609ff161-5abe-4813-a1cc-3f24a93673ff;11.4;42.65281272;SELL
2016-03-29T03:06:18.000000;2016-03-29T03:06:18.750000;a5dac5c1-d151-4950-a164-b3385b454bdb;11.4;321.7996;SELL
2016-03-29T03:07:54.000000;2016-03-29T03:07:54.183000;b19297a3-387e-4a1a-bd39-c23603dd5d19;11.396;0.1;SELL
2016-03-29T03:10:04.000000;2016-03-29T03:10:04.663000;c5d75500-08fc-4fd3-9f17-1bccaf8f4314;11.395;0.1;SELL
2016-03-29T03:10:04.000000;2016-03-29T03:10:04.673000;96016186-1126-442e-a980-d5ab9fb95586;11.394;0.1;SELL
2016-03-29T03:10:04.000000;2016-03-29T03:10:04.680000;7c48274d-771c-4ed1-84b9-1fe7070b0393;11.394;0.1;SELL
2016-03-29T03:10:04.000000;2016-03-29T03:10:04.713000;7783e2ac-b1c5-4482-a77a-bc6d59d39343;11.394;0.1;SELL
2016-03-29T03:10:04.000000;2016-03-29T03:10:04.713000;6aead0e6-3732-4d35-a490-ca7d6d756d97;11.388;0.1;SELL
2016-03-29T03:10:04.000000;2016-03-29T03:10:04.713000;95c81db2-cce1-4285-b81c-68ce620151ad;11.383;0.1;SELL
2016-03-29T03:16:24.000000;2016-03-29T03:16:24.353000;965e5b60-747b-4e48-8985-02c67d806e74;11.4;2.34375676;BUY
2016-03-29T03:16:24.000000;2016-03-29T03:16:24.373000;8ce80fae-568e-4682-bcab-e9a9e973e424;11.4;13.31747812;BUY
2016-03-29T03:16:26.000000;2016-03-29T03:16:26.767000;6062f711-618e-44d9-a5a4-8efde7536e72;11.4;16.19409409;BUY
2016-03-29T03:16:31.000000;2016-03-29T03:16:31.090000;cd73452a-9e21-47fc-8372-bcc5ba1cd09a;11.4;16.19409409;BUY
2016-03-29T03:17:09.000000;2016-03-29T03:17:09.380000;0537b9e8-a5b2-42d3-bdcf-181a14c0b9af;11.4;31.19180148;BUY
2016-03-29T03:18:43.000000;2016-03-29T03:18:43.923000;41f2429b-350f-4c5a-a49b-e7b8911ec6df;11.4;0.92096;BUY
2016-03-29T03:19:49.000000;2016-03-29T03:19:49.563000;974e73b8-92da-4adb-b412-3e7304e89df7;11.4;12.53270095;BUY
2016-03-29T03:19:50.000000;2016-03-29T03:19:50.177000;92e288a2-5b7a-4b94-a4bd-397bc3667aa2;11.4;1.45085237;BUY
2016-03-29T03:19:50.000000;2016-03-29T03:19:51.010000;f674b92d-1ee2-469f-a4b7-9fd834e6182a;11.4;1.45085216;BUY
2016-03-29T03:20:05.000000;2016-03-29T03:20:05.347000;8c96541d-06a0-49fc-85ac-85bef066479b;11.4;1.30077273;BUY
2016-03-29T03:20:08.000000;2016-03-29T03:20:08.377000;624f224c-70fa-4f34-94ca-f1319713cca1;11.4;20.79453432;BUY
2016-03-29T03:20:15.000000;2016-03-29T03:20:15.350000;263677b5-5ccc-4489-bfe9-a06303f5aec5;11.4;6.2;BUY
2016-03-29T03:20:15.000000;2016-03-29T03:20:15.880000;e321b9bc-ac52-4faf-845b-7d2c957553cb;11.4;1.88291659;BUY
2016-03-29T03:20:21.000000;2016-03-29T03:20:21.437000;b5ac1c2e-6d1d-404f-982b-700ea28958f6;11.4;1.01303709;BUY
2016-03-29T03:20:24.000000;2016-03-29T03:20:24.173000;7b3a6adb-6dd9-4ba0-9212-03c2886aa776;11.4;0.7;BUY
2016-03-29T03:20:37.000000;2016-03-29T03:20:37.763000;47e5f9ba-69e9-42ef-ba48-6fad1d40ccc2;11.4;20.79453432;BUY
2016-03-29T03:21:43.000000;2016-03-29T03:21:43.480000;d82461b3-b5a1-438c-aa1d-4678ebddfb9f;11.4;1.84783588;BUY
2016-03-29T03:21:45.000000;2016-03-29T03:21:45.193000;e0d67cad-88f1-41b3-b803-88f65752b452;11.4;0.59900447;BUY
2016-03-29T03:21:48.000000;2016-03-29T03:21:48.460000;0fbeb7a9-cf77-4a66-b556-d11913083c8f;11.4;3.94262854;BUY
2016-03-29T03:21:56.000000;2016-03-29T03:21:56.603000;ad9a0c8e-0aa4-42de-a74c-f51d918dea7f;11.4;15.44951998;BUY
2016-03-29T03:21:57.000000;2016-03-29T03:21:57.457000;175a1897-6eaf-4467-ae2c-584dc91c7afc;11.4;15.44951998;BUY
2016-03-29T03:21:59.000000;2016-03-29T03:21:59.587000;ccfb4b99-c9b6-4c02-8969-512f04da50db;11.4;24.55005054;BUY
2016-03-29T03:22:03.000000;2016-03-29T03:22:03.133000;1564eee9-b29c-4b6f-9fd7-ccd364219b4c;11.4;6.93095034;BUY
2016-03-29T03:22:10.000000;2016-03-29T03:22:10.967000;fb8af468-1a87-4bba-be92-28e27df28b15;11.4;11.01598061;BUY
2016-03-29T03:22:18.000000;2016-03-29T03:22:18.440000;7704ce6c-f270-4765-85a8-5974c31252b9;11.4;1.3;BUY
2016-03-29T03:26:26.000000;2016-03-29T03:26:26.090000;0f6db826-9cab-4501-9672-959a98223f28;11.4;30.9;BUY
2016-03-29T03:27:00.000000;2016-03-29T03:27:00.197000;f0a14912-fa96-4510-9141-885d9b5374b4;11.399;8.2;SELL
2016-03-29T03:27:19.000000;2016-03-29T03:27:19.210000;b1b751ed-5c41-443a-9a29-f26683938ddf;11.4;1.0;BUY
2016-03-29T03:27:28.000000;2016-03-29T03:27:28.547000;c123436c-7107-4b2c-b9b9-beb5915e59d4;11.4;1.0;BUY
2016-03-29T03:27:38.000000;2016-03-29T03:27:38.207000;bd605dca-80ac-43f7-b3d9-887f19035680;11.4;1.3;BUY
2016-03-29T03:27:44.000000;2016-03-29T03:27:44.973000;483dc9c2-cd50-4504-af65-1c51e38d717a;11.4;0.91831;BUY
2016-03-29T03:27:58.000000;2016-03-29T03:27:58.820000;cf5c07d9-0b23-4c35-b4f5-bf003f030a83;11.4;3.4;BUY
2016-03-29T03:28:06.000000;2016-03-29T03:28:06.123000;c793511d-6c75-4b65-8d6f-b20b5efda793;11.399;6.7;SELL
2016-03-29T03:28:14.000000;2016-03-29T03:28:14.900000;b7b5d1f2-b29e-4f30-ace8-f5a77a360c24;11.4;3.9;BUY
2016-03-29T03:28:43.000000;2016-03-29T03:28:43.703000;e4baf8ec-be00-4a2c-b2ae-a9dbc1d04f90;11.399;3.9;SELL
2016-03-29T03:28:52.000000;2016-03-29T03:28:52.353000;dc1865fa-f656-46e3-bd67-2f3fd1d483a6;11.4;0.9;BUY
2016-03-29T03:29:03.000000;2016-03-29T03:29:03.073000;59aea405-9c2e-4626-8edc-854c62bafbbb;11.4;6.7;BUY
2016-03-29T03:29:12.000000;2016-03-29T03:29:12.233000;1b34f23e-5f13-4b10-8ecc-057cb86551f0;11.399;7.6;SELL
2016-03-29T03:29:44.000000;2016-03-29T03:29:44.897000;ab2bc7aa-a8ac-4870-8009-a149b7d6c165;11.4;33.109;BUY
2016-03-29T03:30:20.000000;2016-03-29T03:30:20.350000;17230ea9-e8e9-43e0-8374-d8aa7ba36ace;11.4;5.91151777;BUY
2016-03-29T03:48:51.000000;2016-03-29T03:48:51.587000;ed470ef2-0dc1-4f77-82e0-b9b71f3f50f2;11.379;0.1;SELL
2016-03-29T03:48:52.000000;2016-03-29T03:48:52.907000;08d6b404-ecf4-4354-84a2-3f4467e5768e;11.379;0.9;BUY
2016-03-29T03:51:16.000000;2016-03-29T03:51:16.987000;8957ad4d-c81d-4656-b143-9efe94ac4a95;11.4;10.01001001;BUY
2016-03-29T03:56:18.000000;2016-03-29T03:56:18.337000;a3936eea-e415-4af5-b234-eee76ae9cec7;11.38;0.9;BUY
2016-03-29T03:56:19.000000;2016-03-29T03:56:19.910000;907be6cf-2932-4292-9cdd-a2cd65d3cf8a;11.38;9.08;BUY
2016-03-29T03:57:18.000000;2016-03-29T03:57:18.963000;0b16aed8-271d-4bd0-8168-f4c07d6c28ab;11.4;18.73039038;BUY
2016-03-29T03:59:18.000000;2016-03-29T03:59:18.510000;2db8620b-887a-4cd7-89cb-4e9bcaa3a707;11.378;1.2;SELL
2016-03-29T03:59:18.000000;2016-03-29T03:59:18.523000;06157af1-36db-44cc-8237-08b86a77f028;11.377;16.51823318;SELL
2016-03-29T04:02:20.000000;2016-03-29T04:02:20.443000;b8b65af7-34f6-4808-ac0d-c5e499ee17d6;11.376;51.8532;SELL
2016-03-29T04:02:20.000000;2016-03-29T04:02:20.453000;b567c6de-1a37-4f43-840a-8c811f4e116a;11.374;0.1;SELL
2016-03-29T04:02:20.000000;2016-03-29T04:02:20.457000;1ae2cd1d-a0cb-4c23-b2ff-3cc35c600253;11.373;0.1;SELL
2016-03-29T04:02:20.000000;2016-03-29T04:02:20.493000;421c8ab9-a6e8-4637-9082-3834be3c55f6;11.372;0.1;SELL
2016-03-29T04:02:20.000000;2016-03-29T04:02:20.493000;602f91d9-334f-454c-af8d-9d056e235212;11.372;0.1;SELL
2016-03-29T04:02:20.000000;2016-03-29T04:02:20.493000;c68c3356-9a3c-4e72-a9bf-52a400268127;11.37;31.80056401;SELL
2016-03-29T04:02:21.000000;2016-03-29T04:02:21.350000;f16eb408-f5f0-404f-ab4a-af4dafd96f33;11.37;18.19943599;SELL
2016-03-29T04:02:21.000000;2016-03-29T04:02:21.363000;69c19240-4957-46d3-90d2-4327129ae2a6;11.366;2.5;SELL
2016-03-29T04:02:21.000000;2016-03-29T04:02:21.387000;48bffa68-dc74-4788-9959-8cb753cccd08;11.365;0.1;SELL
2016-03-29T04:05:16.000000;2016-03-29T04:05:16.403000;f4b9fef3-747a-40a2-aa17-0a01a0b7ae6e;11.4;3.0;BUY
2016-03-29T04:06:15.000000;2016-03-29T04:06:15.337000;5065a943-dff4-4d24-a7de-fb141ad4b364;11.376;34.5;BUY
2016-03-29T04:06:17.000000;2016-03-29T04:06:17.767000;5c4b50e9-33fb-43c8-bed5-de328c326e62;11.376;34.5;BUY
2016-03-29T04:06:23.000000;2016-03-29T04:06:23.940000;a4c81764-eb5d-4d91-9d9a-967e79f04600;11.375;1.2;SELL
2016-03-29T04:06:33.000000;2016-03-29T04:06:33.237000;595e5783-65ec-4f4c-a211-a7001b8bdd59;11.376;6.3;BUY
2016-03-29T04:06:42.000000;2016-03-29T04:06:42.970000;7f1ad843-39ec-4323-9232-9939fcb2254d;11.376;0.6;BUY
2016-03-29T04:08:03.000000;2016-03-29T04:08:03.893000;53a93945-cdfc-4335-ab61-4b522b18d081;11.376;2.37761361;BUY
2016-03-29T04:08:04.000000;2016-03-29T04:08:04.270000;688d675a-3ada-4902-950a-a1fdb71871d9;11.376;21.90667067;BUY
2016-03-29T04:08:22.000000;2016-03-29T04:08:22.453000;b1151694-b9cb-4e16-a65b-13df235fd811;11.376;1.85185185;BUY
2016-03-29T04:08:36.000000;2016-03-29T04:08:36.193000;b185ddc4-43e6-4d8b-8ed5-64aa8f9df08d;11.376;20.83840464;BUY
2016-03-29T04:08:36.000000;2016-03-29T04:08:37.013000;c7a0e150-637f-470f-8013-15da61f16cdb;11.376;20.83840464;BUY
2016-03-29T04:08:37.000000;2016-03-29T04:08:37.400000;4129c773-387a-46de-a1a8-6176a84f9342;11.376;20.8592639;BUY
2016-03-29T04:08:37.000000;2016-03-29T04:08:37.537000;b62a8c2e-7a43-47c2-ac28-ed74e23aa277;11.376;17.4974975;BUY
2016-03-29T04:08:38.000000;2016-03-29T04:08:38.757000;d460dd35-105d-46f2-8dd7-3383be251d96;11.376;20.83840464;BUY
2016-03-29T04:08:39.000000;2016-03-29T04:08:39.923000;b5f8dfce-d1ad-4193-a168-0e395f7b67b9;11.376;14.23059072;BUY
2016-03-29T04:08:41.000000;2016-03-29T04:08:41.217000;09f156c8-56df-499e-988c-ae4429718abd;11.376;20.83840464;BUY
2016-03-29T04:10:12.000000;2016-03-29T04:10:12.657000;22a49462-c979-493a-bd03-8cd63267e99e;11.376;15.87185238;BUY
2016-03-29T04:10:32.000000;2016-03-29T04:10:32.127000;879f68cf-670a-4175-9ec2-e4f832d223ff;11.366;49.85935002;SELL
2016-03-29T04:15:18.000000;2016-03-29T04:15:18.853000;ef6685d2-bc69-48e3-9b3b-b2ce11dd8dd5;11.376;1.11701113;BUY
2016-03-29T04:16:57.000000;2016-03-29T04:16:57.857000;bd131c1b-da54-4cd9-a904-1d15615ff13c;11.376;11.74174174;BUY
2016-03-29T04:16:58.000000;2016-03-29T04:16:58.440000;8c9e09e1-8fad-4951-ab82-7beb9b15fa4c;11.376;16.41840764;BUY
2016-03-29T04:16:58.000000;2016-03-29T04:16:58.617000;c691d605-2811-48ed-a387-11ad1026f401;11.376;16.41840764;BUY
2016-03-29T04:16:58.000000;2016-03-29T04:16:59.030000;ed9e02c3-8a15-4861-abe0-586f02842182;11.376;0.59436377;BUY
2016-03-29T04:16:58.000000;2016-03-29T04:16:59.103000;e8ce2e44-c5f0-493b-ac24-9b266f395b29;11.376;14.24483556;BUY
2016-03-29T04:17:00.000000;2016-03-29T04:17:00.340000;009968a0-7e79-4d83-9345-5280c07275df;11.375;0.59436377;BUY
2016-03-29T04:17:00.000000;2016-03-29T04:17:00.370000;0deabc0f-482f-4d9d-b535-a6aebcb99d21;11.375;6.30563623;BUY
2016-03-29T04:17:00.000000;2016-03-29T04:17:00.390000;2ccb93da-9318-4150-a6f9-1eb3fb2a4419;11.376;10.11277141;BUY
2016-03-29T04:17:37.000000;2016-03-29T04:17:37.677000;97f7771f-8ac6-4724-8942-996eaff8fee4;11.376;20.83840464;BUY
2016-03-29T04:17:38.000000;2016-03-29T04:17:38.640000;3f8e5fac-8311-4f74-8ef7-07039519e360;11.376;20.83840464;BUY
2016-03-29T04:17:40.000000;2016-03-29T04:17:40.417000;becf18e5-eb11-4b37-8aec-02a295e6f580;11.376;20.83840464;BUY
2016-03-29T04:17:40.000000;2016-03-29T04:17:40.907000;2f6a2090-c2aa-48e5-a3d6-08e840d4dd14;11.376;20.8592639;BUY
2016-03-29T04:17:41.000000;2016-03-29T04:17:41.500000;7efd4618-e191-44f2-b1e8-9cfdb4c5793f;11.376;17.48319072;BUY
2016-03-29T04:17:42.000000;2016-03-29T04:17:42.670000;3f687606-96bc-46d5-b484-5b63d2a7ab5f;11.376;20.83840464;BUY
2016-03-29T04:17:43.000000;2016-03-29T04:17:43.283000;6740c8b3-7f85-4be6-a74e-27844dba1798;11.376;34.5;BUY
2016-03-29T04:17:45.000000;2016-03-29T04:17:46.027000;255c0106-2997-482b-9d47-808021f6b237;11.376;6.6;BUY
2016-03-29T04:17:55.000000;2016-03-29T04:17:55.763000;5c638213-50ce-4941-baa7-5f655f9dfe9f;11.376;31.0;BUY
2016-03-29T04:18:13.000000;2016-03-29T04:18:13.450000;3564ec13-09a9-46cd-ada8-35ba5d2f563a;11.375;6.6;SELL
2016-03-29T04:18:23.000000;2016-03-29T04:18:23.820000;f5f36999-6ba6-42e6-8cae-62d36ea42112;11.376;0.2;BUY
2016-03-29T04:18:32.000000;2016-03-29T04:18:32.320000;cdfbdd3a-f22f-4616-80fc-f14666c46123;11.376;0.1;BUY
2016-03-29T04:18:42.000000;2016-03-29T04:18:42.193000;a4f5196f-4b1d-479c-9694-5804680bd4cc;11.376;1.9;BUY
2016-03-29T04:18:42.000000;2016-03-29T04:18:42.580000;a6ec001a-d4c5-47eb-b341-059b3135e2e1;11.376;5.0;BUY
2016-03-29T04:18:44.000000;2016-03-29T04:18:45.013000;cd511961-585c-4488-9ee0-1d0b62f530f1;11.376;5.0;BUY
2016-03-29T04:18:45.000000;2016-03-29T04:18:45.970000;4cc64e29-791c-415d-8323-7706e08f9f4a;11.376;5.0;BUY
2016-03-29T04:18:51.000000;2016-03-29T04:18:51.603000;6e433582-c3ea-4db2-a392-170848834660;11.376;0.1;BUY
2016-03-29T04:19:01.000000;2016-03-29T04:19:01.523000;ea35fd46-56b2-4bc9-ba64-ea4ff24193cf;11.376;3.5;BUY
2016-03-29T04:20:58.000000;2016-03-29T04:20:58.893000;69d1ec8c-e805-4a77-aadb-7aaec5d0f642;11.375;5.8;SELL
2016-03-29T04:21:10.000000;2016-03-29T04:21:10.950000;d821eef6-3241-4a4b-afbb-1d77a4237803;11.376;1.94;BUY
2016-03-29T04:21:12.000000;2016-03-29T04:21:12.813000;b9bc58a1-8189-4186-8ea3-a6146cda7836;11.376;1.94;BUY
2016-03-29T04:21:14.000000;2016-03-29T04:21:14.327000;23903c8b-8e54-4245-8393-4ccb5c1c912b;11.376;17.39;BUY
2016-03-29T04:21:15.000000;2016-03-29T04:21:15.133000;c7ea33f6-de9e-47a7-9810-d6a48fa355d4;11.376;21.26885029;BUY
2016-03-29T04:21:16.000000;2016-03-29T04:21:16.417000;916a34a2-185f-463e-bdf0-1e1f353e4184;11.376;15.45;BUY
2016-03-29T04:21:17.000000;2016-03-29T04:21:17.230000;1558f005-b431-437c-8a2c-3c377705ba22;11.376;20.83840464;BUY
2016-03-29T04:21:17.000000;2016-03-29T04:21:17.653000;5f7d7ef3-105e-48a3-89e2-401f028e3de8;11.376;15.46546547;BUY
2016-03-29T04:21:18.000000;2016-03-29T04:21:18.407000;e7c6d8ab-e03f-47fa-90a3-d530d24ac924;11.376;15.46546548;BUY
2016-03-29T04:21:19.000000;2016-03-29T04:21:19.343000;4caee094-0523-4640-9f9c-7533a85e3c41;11.376;15.45;BUY
2016-03-29T04:21:29.000000;2016-03-29T04:21:29.647000;990d52a1-efff-4cf8-8689-aa97db06bd0f;11.376;10.19745316;BUY
2016-03-29T04:21:45.000000;2016-03-29T04:21:45.700000;a3596922-af7c-4f6a-976a-802d01ffbd2d;11.376;0.6;BUY
2016-03-29T04:21:45.000000;2016-03-29T04:21:46.063000;39e0f16a-746b-4973-a44a-fbd6a63ef91e;11.376;20.83840464;BUY
2016-03-29T04:21:46.000000;2016-03-29T04:21:46.303000;7fe457c1-832a-4ee5-b4f4-d6f21d81189e;11.376;20.83840464;BUY
2016-03-29T04:21:47.000000;2016-03-29T04:21:47.357000;14ab9cd6-7ccd-4c66-bfda-5318aa16b9de;11.376;20.83840464;BUY
2016-03-29T04:21:48.000000;2016-03-29T04:21:48.113000;43b6ee7d-06e8-4114-9c80-c070909a7505;11.376;20.83840464;BUY
2016-03-29T04:21:48.000000;2016-03-29T04:21:48.123000;fcadb81b-a2a7-4b98-a120-1be983276e32;11.376;20.85926364;BUY
2016-03-29T04:21:51.000000;2016-03-29T04:21:51.820000;bffe96c1-48ae-4eea-b236-4882c45fc8c6;11.376;20.83840464;BUY
2016-03-29T04:21:52.000000;2016-03-29T04:21:52.680000;a8cd1b66-ebc6-4548-b4c7-408fafac5962;11.376;20.83840464;BUY
2016-03-29T04:21:53.000000;2016-03-29T04:21:53.873000;0f03f936-9228-43a1-b259-0db025809d86;11.376;20.83840464;BUY
2016-03-29T04:21:55.000000;2016-03-29T04:21:55.423000;270259d2-60e1-4088-bed6-3f8101b031a4;11.376;20.83840464;BUY
2016-03-29T04:21:55.000000;2016-03-29T04:21:55.550000;961f6a50-a151-4f08-a0a4-70ebd842b82f;11.376;0.2;BUY
2016-03-29T04:21:56.000000;2016-03-29T04:21:56.167000;1aa67166-8cb2-44bf-9ec1-4a56f03053ce;11.376;20.83840464;BUY
2016-03-29T04:21:56.000000;2016-03-29T04:21:56.530000;7faaf0f4-f5c6-4379-a663-d4cce0e7c005;11.376;20.8592639;BUY
2016-03-29T04:21:56.000000;2016-03-29T04:21:57.160000;c2c826e6-fb7c-40fd-b877-f173c31ed0a5;11.376;31.25760697;BUY
2016-03-29T04:21:57.000000;2016-03-29T04:21:57.253000;16db42b6-7d89-4eeb-9ba5-ccbc1514f5aa;11.376;0.3503;BUY
2016-03-29T04:21:59.000000;2016-03-29T04:22:00.187000;62b03c37-6fbb-4f4e-92e5-63ee10b7b938;11.376;24.61342668;BUY
2016-03-29T04:22:00.000000;2016-03-29T04:22:00.217000;3ae18e2c-3bbb-4ad9-ba1d-8bf7703f0864;11.376;18.25319072;BUY
2016-03-29T04:22:00.000000;2016-03-29T04:22:00.850000;0ec72f4f-78fb-4b61-bbdf-47023d3ae4b3;11.376;20.83840464;BUY
2016-03-29T04:22:02.000000;2016-03-29T04:22:02.173000;4f066a22-c7b6-4e35-a813-8e13a900fe1e;11.376;9.11194592;BUY
2016-03-29T04:22:05.000000;2016-03-29T04:22:05.923000;648576c9-aec3-4486-8c22-e1ba0cb62cc5;11.376;18.12957216;BUY
2016-03-29T04:22:23.000000;2016-03-29T04:22:23.573000;9906944d-650e-43b5-9ae9-75677006018f;11.375;0.8;SELL
2016-03-29T04:22:53.000000;2016-03-29T04:22:53.790000;f47bb7e3-cd05-4631-987f-139a8b64fb60;11.376;0.1;BUY
2016-03-29T04:22:59.000000;2016-03-29T04:22:59.870000;d7a3f4e2-5768-4d34-8c7c-52375cc64c9f;11.376;20.83840464;BUY
2016-03-29T04:23:00.000000;2016-03-29T04:23:00.573000;0f7f3b1b-46e5-4561-98dd-a937eb36367b;11.376;20.83840464;BUY
2016-03-29T04:23:01.000000;2016-03-29T04:23:01.667000;7528b8ca-87a9-4bd5-b9f2-c4673beb2ff1;11.376;20.83840464;BUY
2016-03-29T04:23:05.000000;2016-03-29T04:23:05.243000;7e2d01c1-8688-44d4-a9bf-1cf2e33abc99;11.376;20.85926373;BUY
2016-03-29T04:23:05.000000;2016-03-29T04:23:05.627000;406488aa-1615-4e5b-a6f9-c8f69e872814;11.376;20.83840464;BUY
2016-03-29T04:23:06.000000;2016-03-29T04:23:06.980000;db5ed3d4-1deb-47b9-a3c1-a0f146280305;11.376;5.63747697;BUY
2016-03-29T04:23:12.000000;2016-03-29T04:23:12.293000;57148cea-3d5e-44af-9ba3-86fef88afd50;11.375;0.1;SELL
2016-03-29T04:23:13.000000;2016-03-29T04:23:13.430000;e181549f-f4f1-4dd2-baa7-170aea1582fe;11.376;20.83840464;BUY
2016-03-29T04:23:21.000000;2016-03-29T04:23:21.633000;d9e2ae49-6259-4f14-a84b-26b884bb5daf;11.376;2.4;BUY
2016-03-29T04:23:31.000000;2016-03-29T04:23:31.770000;141a6b68-283d-435a-a838-c7c2fec9e6b8;11.375;2.4;SELL
2016-03-29T04:23:50.000000;2016-03-29T04:23:50.563000;98085be4-67da-4a85-a08a-03cf3cf8e948;11.376;1.5;BUY
2016-03-29T04:23:59.000000;2016-03-29T04:23:59.657000;61a6749b-8f79-4643-8505-3160c9f6b29c;11.375;1.5;SELL
2016-03-29T04:24:08.000000;2016-03-29T04:24:08.120000;59ebba4b-73d7-424f-b0ed-6c85c5f58b9f;11.376;84.33440941;BUY
2016-03-29T04:24:08.000000;2016-03-29T04:24:08.120000;2e8579a1-f7ef-4eb2-9ccf-a782158c093b;11.441;10.028126;BUY
2016-03-29T04:24:08.000000;2016-03-29T04:24:08.123000;b9c2fb48-ab28-439c-b7ab-ae714e2e934c;11.441;52.0715;BUY
2016-03-29T04:24:08.000000;2016-03-29T04:24:08.157000;e9ae62da-bd05-44e8-8b13-44b45fe12d03;11.443;2.5;BUY
2016-03-29T04:24:08.000000;2016-03-29T04:24:08.157000;6d601144-7dac-4e59-8cf7-72fb9d9bd745;11.454;2.370656;BUY
2016-03-29T04:24:08.000000;2016-03-29T04:24:08.157000;bf681c37-684b-45a7-b17c-f1dd5704b621;11.533;0.3503;BUY
2016-03-29T04:24:08.000000;2016-03-29T04:24:08.157000;72f999f0-643b-487b-86ea-5ad1f65c5b42;11.562;123.05;BUY
2016-03-29T04:24:08.000000;2016-03-29T04:24:08.160000;00a2c76f-3266-4c5d-96fe-306431d0382e;11.562;122.11732806;BUY
2016-03-29T04:24:08.000000;2016-03-29T04:24:08.197000;656ecea2-5472-445b-84c8-740f66957688;11.562;129.832608;BUY
2016-03-29T04:24:08.000000;2016-03-29T04:24:08.197000;fe27e4e7-4276-4c50-bdda-b8ee57cb6a6e;11.564;44.784;BUY
2016-03-29T04:24:08.000000;2016-03-29T04:24:08.197000;0dbd1a1f-a302-4ae4-bf03-c2c4f6d2cac0;11.565;23.62319298;BUY
2016-03-29T04:24:08.000000;2016-03-29T04:24:08.197000;f9662cb9-8234-4ebd-a167-6bea0e615e35;11.621;200.0;BUY
2016-03-29T04:24:08.000000;2016-03-29T04:24:08.197000;d1713a09-9190-4635-a14f-61b59ffbbed4;11.622;0.25917351;BUY
2016-03-29T04:24:08.000000;2016-03-29T04:24:08.197000;8bbbe777-074d-47f2-9439-620066ef4670;11.63;91.8467547;BUY
2016-03-29T04:24:08.000000;2016-03-29T04:24:08.200000;4b127a3e-0c67-473a-bedf-51fc3207008f;11.63;112.83195134;BUY
2016-03-29T04:26:15.000000;2016-03-29T04:26:15.510000;72da014d-b50b-41e2-b263-de7dcad27968;11.468;52.2542;BUY
2016-03-29T04:26:15.000000;2016-03-29T04:26:15.533000;35df9dab-6bc9-4b98-8faa-740784a89f33;11.47;31.00144161;BUY
2016-03-29T04:26:15.000000;2016-03-29T04:26:15.543000;b74566ee-1f8d-42fe-984c-8fcdeda19725;11.487;2.362993;BUY
2016-03-29T04:26:15.000000;2016-03-29T04:26:15.570000;66105326-a76a-44bf-98d3-f2182bcae2c9;11.533;0.3503;BUY
2016-03-29T04:26:15.000000;2016-03-29T04:26:15.573000;7cefbe8e-0535-458b-9e45-18246bf0ca43;11.555;10.703746;BUY
2016-03-29T04:26:15.000000;2016-03-29T04:26:15.573000;eb21528d-81b5-4f80-83d9-558976ffaf7a;11.555;85.812145;BUY
2016-03-29T04:26:15.000000;2016-03-29T04:26:15.573000;f749d1dc-7d6b-489a-849c-6feb502cc5ff;11.556;0.3503;BUY
2016-03-29T04:26:15.000000;2016-03-29T04:26:15.573000;3aa142fc-64a7-4836-ba4d-ecb09b97f3a1;11.619;120.57;BUY
2016-03-29T04:26:15.000000;2016-03-29T04:26:15.610000;f4896ccf-e8b1-4654-a395-5a7c19ccad6d;11.619;327.320778;BUY
2016-03-29T04:26:15.000000;2016-03-29T04:26:15.610000;b541a654-adbc-4e8b-864b-e98b33b09514;11.62;107.57942627;BUY
2016-03-29T04:26:15.000000;2016-03-29T04:26:15.610000;ed2fbdf9-ca78-4365-9039-cf6196bd0dd0;11.62;124.106927;BUY
2016-03-29T04:26:15.000000;2016-03-29T04:26:15.610000;466d6372-69fa-4f66-b283-70625386655e;11.627;42.768;BUY
2016-03-29T04:26:15.000000;2016-03-29T04:26:15.610000;c0554b1d-25b7-4af2-a4cf-d545212a348e;11.646;94.81974312;BUY
2016-03-29T04:35:43.000000;2016-03-29T04:35:43.357000;976d915f-f8b2-47f1-bddc-75e4adf2873a;11.486;1.35749575;BUY
2016-03-29T04:43:56.000000;2016-03-29T04:43:57.220000;4971c5e7-f758-42c6-bab1-943e06ff4a46;11.52;10.0;BUY
2016-03-29T04:54:43.000000;2016-03-29T04:54:43.510000;afa559bf-1993-444d-ad6d-6d6d0dafddf0;11.538;45.0;SELL
2016-03-29T04:54:43.000000;2016-03-29T04:54:43.777000;e5d2fbf9-b109-4d13-b004-d43185018cd2;11.538;6.7126;BUY
2016-03-29T04:54:47.000000;2016-03-29T04:54:47.447000;2ce733dc-e9ec-4309-87de-94c867062e2e;11.54;10.0;BUY
2016-03-29T05:34:14.000000;2016-03-29T05:34:14.437000;1a7b7219-0fb1-4ff6-a347-c4382a14ca34;11.516;8.472022;SELL
2016-03-29T05:36:46.000000;2016-03-29T05:36:47.030000;9bca7fe6-fe4f-426d-a053-19a0dc5dbc56;11.516;3.996;SELL
2016-03-29T05:37:59.000000;2016-03-29T05:37:59.487000;77111577-ea16-4fb5-ac2c-445d1e9dcbf8;11.516;27.63588956;SELL
2016-03-29T06:01:04.000000;2016-03-29T06:01:04.663000;8f9c2425-534d-4bdc-9f49-8f072279142f;11.496;1.28338338;BUY
2016-03-29T06:02:04.000000;2016-03-29T06:02:04.583000;44555f76-2292-4b3f-b996-7748cc035a9c;11.496;16.96496496;BUY
2016-03-29T06:05:28.000000;2016-03-29T06:05:28.607000;70dc5623-4af6-4bc8-8902-ef2a3984664a;11.54;1.45140338;BUY
2016-03-29T06:05:29.000000;2016-03-29T06:05:29.173000;f8c898ad-67c4-47f5-987a-92521d8d28f4;11.54;2.002002;BUY
2016-03-29T06:05:29.000000;2016-03-29T06:05:29.233000;7e71ea54-a06a-419f-bfce-4bf1c8acd03d;11.54;0.8453803;BUY
2016-03-29T06:05:29.000000;2016-03-29T06:05:29.267000;8a21874b-5d50-4334-a560-a413ce1de703;11.54;2.50189729;BUY
2016-03-29T06:05:29.000000;2016-03-29T06:05:29.447000;9d47b1a7-d651-4e14-91e7-9e8ce42b2efc;11.54;1.06406406;BUY
2016-03-29T06:05:32.000000;2016-03-29T06:05:32.620000;20aa1c9c-91fa-43c6-962c-9e0b61140245;11.54;1.43919788;BUY
2016-03-29T06:07:59.000000;2016-03-29T06:07:59.343000;c1ce5804-d048-4051-ada9-545731531a8a;11.54;0.69605509;BUY
2016-03-29T06:07:59.000000;2016-03-29T06:07:59.363000;c1564cf4-0a61-4574-bf97-b96de737033a;11.55;10.0;BUY
2016-03-29T06:07:59.000000;2016-03-29T06:07:59.380000;216b4754-d07c-4398-afc7-d0aa6d3599c9;11.55;12.40098373;BUY
2016-03-29T06:09:23.000000;2016-03-29T06:09:23.257000;a714f00a-93a0-4963-b088-4a6dcf590398;11.525;19.13441742;SELL
2016-03-29T06:31:35.000000;2016-03-29T06:31:35.833000;d6243013-439a-4be7-8725-9845737906f3;11.567;1.2338;BUY
2016-03-29T06:37:52.000000;2016-03-29T06:37:52.170000;606158e9-b4b3-48ef-a975-fdef586771fc;11.525;31.21215413;SELL
2016-03-29T06:44:01.000000;2016-03-29T06:44:01.177000;b30ba91c-8d6b-4d60-bc2d-463ac275e87d;11.549;34.0;BUY
2016-03-29T06:47:20.000000;2016-03-29T06:47:20.987000;8759095f-7606-443f-a49c-5f379069753c;11.496;1.992;SELL
2016-03-29T07:06:34.000000;2016-03-29T07:06:34.350000;71ad339c-2708-4f90-8cf0-fbe2cc34d366;11.549;0.3;BUY
2016-03-29T08:00:05.000000;2016-03-29T08:00:05.410000;18c60d9e-90ea-4aea-b80d-02a3f929a8c0;11.55;0.4334;BUY
2016-03-29T08:00:43.000000;2016-03-29T08:00:43.720000;3a1224f7-cda6-4753-bf6b-b8c23f5e7a25;11.55;9.5666;BUY
2016-03-29T08:00:43.000000;2016-03-29T08:00:43.727000;3b9475e1-d813-461b-8207-033cc7cbfbba;11.55;11.82117762;BUY
2016-03-29T08:02:15.000000;2016-03-29T08:02:15.830000;b316b96f-7174-4f09-a8a2-bd517868029d;11.55;39.90052238;BUY
2016-03-29T08:05:41.000000;2016-03-29T08:05:41.960000;88488f77-be15-4488-97a4-0aefaf5ccec7;11.51;41.43396852;BUY
2016-03-29T08:05:42.000000;2016-03-29T08:05:42.313000;0e1810b6-1ee9-4978-8681-c2de1090e845;11.51;3.7922033;BUY
2016-03-29T08:24:10.000000;2016-03-29T08:24:10.230000;a6cfe7a9-dc2b-4681-807f-6f93e620e41a;11.51;5.49155119;BUY
2016-03-29T08:24:10.000000;2016-03-29T08:24:10.513000;2e057c08-de63-4a70-8426-42f6e3a5aadd;11.51;2.002002;BUY
2016-03-29T08:24:10.000000;2016-03-29T08:24:10.950000;d9347fd0-896b-4b36-8008-64bb2b72f1ae;11.51;2.002002;BUY
2016-03-29T08:24:11.000000;2016-03-29T08:24:11.643000;1e1f5af7-623a-4618-b4d6-bf36676de121;11.51;2.002002;BUY
2016-03-29T08:24:11.000000;2016-03-29T08:24:11.923000;15ffeab6-8cbb-482b-b882-668d8b88e4be;11.51;2.002002;BUY
2016-03-29T08:24:13.000000;2016-03-29T08:24:13.477000;6cb2df29-861c-4e88-b20d-ae769e766523;11.51;2.002002;BUY
2016-03-29T08:24:13.000000;2016-03-29T08:24:13.877000;9dfb71b9-896c-43f9-a563-49fd15c5774c;11.51;5.50971859;BUY
2016-03-29T08:24:15.000000;2016-03-29T08:24:15.387000;2813696f-091c-4f1d-a004-1b6c6b810dcc;11.51;14.01401401;BUY
2016-03-29T08:24:15.000000;2016-03-29T08:24:15.970000;7a4e16d1-b625-48d9-ba92-33a0fa775428;11.51;14.01401401;BUY
2016-03-29T08:24:16.000000;2016-03-29T08:24:16.503000;fa3ce931-6f48-4e7c-be42-7cdd2e408d48;11.51;14.01401401;BUY
2016-03-29T08:24:16.000000;2016-03-29T08:24:16.937000;49a8680d-54b6-484b-b160-9f1b5368f5ca;11.51;18.01801802;BUY
2016-03-29T08:24:17.000000;2016-03-29T08:24:17.247000;e93d01f0-15b6-466b-a125-323a7b70c0d9;11.51;2.002002;BUY
2016-03-29T08:24:17.000000;2016-03-29T08:24:17.923000;3406dbdf-d87a-4df4-8664-4eae9aa22f0b;11.51;2.002002;BUY
2016-03-29T08:24:18.000000;2016-03-29T08:24:18.360000;06e30708-594f-4f95-9b9c-d3330d34b1fb;11.51;16.01601602;BUY
2016-03-29T08:24:19.000000;2016-03-29T08:24:19.690000;65d68d61-fdcd-4aed-bb16-686a5f1855de;11.51;18.01801802;BUY
2016-03-29T08:24:20.000000;2016-03-29T08:24:20.097000;b6b02169-94f0-4334-8fe9-2071f7a31cc4;11.51;12.55255255;BUY
2016-03-29T08:24:20.000000;2016-03-29T08:24:20.663000;7f5b0ca7-3955-4acc-b0b3-79d7d89cfd62;11.51;2.002002;BUY
2016-03-29T08:24:21.000000;2016-03-29T08:24:21.177000;3ab05116-ad43-4a83-ba22-5e47a3b68dcd;11.51;11.67458705;BUY
2016-03-29T08:28:05.000000;2016-03-29T08:28:05.217000;53ccf650-b664-419f-b5c8-590d6a4907f9;11.51;41.43396852;BUY
2016-03-29T08:28:57.000000;2016-03-29T08:28:57.897000;9edce13a-1225-40f2-824b-f95a442d19ea;11.51;15.12393301;BUY
2016-03-29T08:28:58.000000;2016-03-29T08:28:58.210000;4302e17d-84bf-45d9-84c2-31d91794d960;11.51;32.07411613;BUY
2016-03-29T08:29:00.000000;2016-03-29T08:29:00.573000;2ae36950-0e67-4996-a883-fb2dcb883452;11.51;32.07411613;BUY
2016-03-29T08:32:38.000000;2016-03-29T08:32:38.713000;6768e04b-21f1-498d-97b6-56c4519e2314;11.48;10.0;SELL
2016-03-29T08:32:38.000000;2016-03-29T08:32:38.717000;9c0488a4-3877-4de0-bf06-b0f6074dc768;11.469;17.29689013;SELL
2016-03-29T08:33:52.000000;2016-03-29T08:33:52.827000;d8094399-50ce-4543-874c-c7850eef3263;11.468;1.2;SELL
2016-03-29T08:33:52.000000;2016-03-29T08:33:52.860000;1f36be1f-4e9f-416b-a26a-d32f0433adc6;11.467;2.375236;SELL
2016-03-29T08:33:52.000000;2016-03-29T08:33:52.863000;561a3c19-9bfd-4784-aaef-ace3fe5bda07;11.452;200.0;SELL
2016-03-29T08:33:52.000000;2016-03-29T08:33:52.897000;7637c98b-672e-4b6f-8b65-3ab270c7084a;11.451;7.16269;SELL
2016-03-29T08:33:52.000000;2016-03-29T08:33:52.897000;983d9cc6-8a9a-4c07-bac8-4a114f460548;11.451;0.6;SELL
2016-03-29T08:33:52.000000;2016-03-29T08:33:52.897000;e2fa6506-c363-4206-bc19-9d668c642034;11.45;10.0;SELL
2016-03-29T08:33:52.000000;2016-03-29T08:33:52.897000;ad0805da-18f8-4b66-be3e-5639d32d375a;11.411;84.03869909;SELL
2016-03-29T08:50:49.000000;2016-03-29T08:50:49.650000;ed06b7e4-f9c0-47b5-9f18-0d9777ef42f6;11.45;5.12;SELL
2016-03-29T09:26:52.000000;2016-03-29T09:26:52.113000;33ae393e-9d44-4a61-8fb5-808e5d0c65cb;11.45;2.4777198;SELL
2016-03-29T09:31:13.000000;2016-03-29T09:31:13.067000;5ebcd0ea-c3a3-434d-bfb2-4024fa58f25b;11.478;1.0;BUY
2016-03-29T10:03:30.000000;2016-03-29T10:03:30.460000;252c5fe0-2579-4348-912f-62dacda70ba0;11.49;0.1;BUY
2016-03-29T10:03:30.000000;2016-03-29T10:03:30.470000;4d90d6a3-bf27-4080-8bbe-6f21f119b7c5;11.499;0.2;BUY
2016-03-29T10:03:30.000000;2016-03-29T10:03:30.477000;276e66a5-1251-43e5-9ad2-6e377fb3acc9;11.5;5.7;BUY
2016-03-29T10:23:49.000000;2016-03-29T10:23:49.107000;9c726a2a-f6fc-448f-a41f-4c09d93c592c;11.467;1.0;SELL
2016-03-29T10:30:02.000000;2016-03-29T10:30:02.173000;9e55bb23-d727-45d7-8a85-518bf4914323;11.452;3.0340061;SELL
2016-03-29T10:30:02.000000;2016-03-29T10:30:02.833000;b1205cf4-c633-492d-b699-90e725c77caa;11.452;6.37947102;SELL
2016-03-29T10:30:53.000000;2016-03-29T10:30:53.713000;1a3f7431-c77b-43cb-9f90-c4b58b0d1e59;11.451;10.0;SELL
2016-03-29T10:30:53.000000;2016-03-29T10:30:53.727000;3c4dc513-b539-4b9f-a543-e8e3191422f7;11.45;0.35764313;SELL
2016-03-29T10:46:26.000000;2016-03-29T10:46:26.790000;3c69734f-9981-4d11-b26e-cf6c27286d04;11.46;1.30050842;BUY
2016-03-29T10:46:26.000000;2016-03-29T10:46:26.797000;c287b121-726e-42e1-982e-9618ec4aa610;11.473;41.56759129;BUY
2016-03-29T10:46:26.000000;2016-03-29T10:46:26.813000;c3b32b8a-aedc-491c-a731-5d0930370115;11.475;7.887842;BUY
2016-03-29T10:46:27.000000;2016-03-29T10:46:27.720000;9cfa6643-ff40-4981-a9d9-741253e251e6;11.475;41.57121492;SELL
2016-03-29T10:46:28.000000;2016-03-29T10:46:28.777000;6ec569d4-02f6-402f-972c-ed23431d66d9;11.475;41.57121487;SELL
2016-03-29T10:46:42.000000;2016-03-29T10:46:42.653000;8c87c0ce-ef9b-4dab-a5ee-9054412100f7;11.475;16.3493585;SELL
2016-03-29T10:46:45.000000;2016-03-29T10:46:45.177000;8889a7e0-2c79-4b19-b145-238b9c63daaa;11.475;16.09197956;SELL
2016-03-29T10:46:47.000000;2016-03-29T10:46:47.953000;61a31bce-45ab-4095-8634-2675834e883a;11.475;11.38526612;SELL
2016-03-29T10:46:49.000000;2016-03-29T10:46:49.557000;a66aa1c4-36ff-48b0-908b-5fff69530bae;11.475;22.27502432;SELL
2016-03-29T10:46:50.000000;2016-03-29T10:46:50.613000;6caf6eb4-59b7-4241-90fb-83e1ca424a06;11.45;2.04463707;SELL
2016-03-29T10:46:50.000000;2016-03-29T10:46:50.920000;181a1d95-b4ca-4a3a-a80a-f7cb135597c1;11.41;3.41497079;SELL
2016-03-29T10:59:33.000000;2016-03-29T10:59:33.203000;e60e7920-653a-437f-a96f-6988f4500dc3;11.412;0.45;SELL
2016-03-29T10:59:33.000000;2016-03-29T10:59:33.213000;864a555f-7b8d-4187-b2cf-80010e7c6a6c;11.41;0.61045069;SELL
2016-03-29T10:59:35.000000;2016-03-29T10:59:35.567000;bf34525f-c257-4bff-acbc-338526acb35e;11.41;1.06045069;SELL
2016-03-29T11:00:03.000000;2016-03-29T11:00:03.047000;daeef54c-64c7-4ef9-9c63-7874ec110c2f;11.41;10.0;SELL
2016-03-29T11:00:40.000000;2016-03-29T11:00:40.977000;7d51849e-53c1-4c44-ac95-a0ce5e6435c3;11.41;0.9384878;SELL
2016-03-29T11:01:13.000000;2016-03-29T11:01:13.600000;9f19c111-f516-4207-8fbc-526c8f83c19b;11.41;0.98068246;SELL
2016-03-29T11:04:20.000000;2016-03-29T11:04:20.493000;8816ae1f-81ee-4414-afe8-4c9fadcc1a85;11.41;2.547;SELL
2016-03-29T11:04:43.000000;2016-03-29T11:04:43.680000;72182949-3034-432e-ac78-2779dcb817dc;11.41;4.609;SELL
2016-03-29T11:09:29.000000;2016-03-29T11:09:29.773000;7eaf0923-199e-42fa-916a-f740209a930e;11.41;3.70533928;SELL
2016-03-29T11:09:49.000000;2016-03-29T11:09:49.403000;60c4e4d7-262c-4ea6-9c1b-cb6b01afcc52;11.41;2.133;SELL
2016-03-29T11:27:44.000000;2016-03-29T11:27:44.113000;40161597-2c8c-4054-8cc1-7698dba0dcda;11.49;0.4482018;BUY
2016-03-29T11:27:45.000000;2016-03-29T11:27:45.067000;7681cc6e-0faa-4260-8204-16bf02ab812e;11.49;0.0017982;BUY
2016-03-29T11:27:47.000000;2016-03-29T11:27:47.707000;d96cd442-3c76-4823-a7aa-8c181c4a0a2f;11.5;4.3;BUY
2016-03-29T11:27:47.000000;2016-03-29T11:27:47.710000;52d1e809-8a46-4d20-86c9-876f4e4b8957;11.5;10.99999987;BUY
2016-03-29T11:27:51.000000;2016-03-29T11:27:51.517000;c4070be6-d1d6-4286-ab85-8b9e93314293;11.494;0.44820174;SELL
2016-03-29T11:27:51.000000;2016-03-29T11:27:51.520000;42310a02-5066-4764-978f-ac0d41fca41f;11.494;0.89779826;SELL
2016-03-29T11:27:59.000000;2016-03-29T11:27:59.813000;786ae1af-b25d-44de-a970-d79c821aa927;11.501;0.45;SELL
2016-03-29T11:27:59.000000;2016-03-29T11:27:59.820000;2428de02-5f6a-4306-89a9-3321204844d8;11.5;1.38;SELL
2016-03-29T11:28:05.000000;2016-03-29T11:28:05.900000;f63b63b7-ac57-4cd7-9050-c5b677be199c;11.504;2.015;SELL
2016-03-29T11:28:16.000000;2016-03-29T11:28:16.097000;f85d4eec-b93b-4a45-8ec6-14b716a061c0;11.507;1.105;SELL
2016-03-29T11:28:21.000000;2016-03-29T11:28:21.723000;9928bf1d-d7b5-41b4-8233-0f0de6cb4f39;11.507;1.058;SELL
2016-03-29T11:28:23.000000;2016-03-29T11:28:23.970000;d36a2785-6615-47d1-a5cc-659bc41e6607;11.529;3.9274;BUY
2016-03-29T11:28:23.000000;2016-03-29T11:28:23.977000;0869e8b2-dac0-4a04-b99e-2cda1eb4bab2;11.53;7.78765744;BUY
2016-03-29T11:28:25.000000;2016-03-29T11:28:25.473000;a9527441-7040-4663-90e4-5cb8195e9f58;11.53;2.21234256;BUY
2016-03-29T11:28:25.000000;2016-03-29T11:28:25.973000;59d75050-e3a9-43c6-a70f-fe74e73bbd99;11.54;9.50271488;BUY
2016-03-29T11:28:38.000000;2016-03-29T11:28:38.730000;cb40efa9-536e-45ac-a5f0-5ac01bf8e74f;11.53;1.24219418;BUY
2016-03-29T11:28:38.000000;2016-03-29T11:28:38.790000;cb82c8a1-d813-4a51-a17d-596e3f3c955a;11.53;8.75780582;BUY
2016-03-29T11:28:44.000000;2016-03-29T11:28:44.463000;bb672ce5-c9ad-434f-a369-78b3be0a9619;11.54;33.33651282;BUY
2016-03-29T11:28:46.000000;2016-03-29T11:28:46.200000;af9acf34-052d-4004-ab70-5bed15798b64;11.54;8.23945369;BUY
2016-03-29T11:28:46.000000;2016-03-29T11:28:46.393000;819e3b47-faa2-4ba9-95cd-6f6172d6b26d;11.54;41.32625456;BUY
2016-03-29T11:28:48.000000;2016-03-29T11:28:48.420000;37b5239a-d44b-425d-b7aa-5806183f4da2;11.53;1.0;SELL
2016-03-29T11:28:48.000000;2016-03-29T11:28:48.423000;8d73587d-d6c4-4780-acbd-d7b249b8ba05;11.516;3.55045006;SELL
2016-03-29T11:28:48.000000;2016-03-29T11:28:48.433000;4ef3c59c-04ec-47ea-a87b-847a570e7d4d;11.515;8.80054994;SELL
2016-03-29T11:28:52.000000;2016-03-29T11:28:52.967000;4bcdab8a-2a9b-4e29-be9b-15ec31bef757;11.54;41.32625456;BUY
2016-03-29T11:28:53.000000;2016-03-29T11:28:53.613000;d5747c7b-29ff-435f-a08b-805f24bebb2f;11.54;2.01025826;BUY
2016-03-29T11:28:54.000000;2016-03-29T11:28:54.120000;b0bac454-e1c1-4535-9511-0553705a14da;11.54;1.56156156;BUY
2016-03-29T11:28:55.000000;2016-03-29T11:28:55.360000;c93f7477-df9c-46da-8832-761740404cf1;11.54;4.48081714;BUY
2016-03-29T11:28:56.000000;2016-03-29T11:28:56.487000;e4412bf1-8449-4385-ac89-fc6999dddbd3;11.533;3.049;SELL
2016-03-29T11:28:57.000000;2016-03-29T11:28:57.907000;be31a263-0fc7-4496-9584-ad1d9c438d41;11.54;5.54029491;BUY
2016-03-29T11:28:58.000000;2016-03-29T11:28:58.843000;8f5bbcb5-2e60-4741-8372-03b9f046cdae;11.54;41.32625456;BUY
2016-03-29T11:29:00.000000;2016-03-29T11:29:00.157000;924dd5a5-81f8-41ea-afbf-7985943554ea;11.54;1.33726131;BUY
2016-03-29T11:29:02.000000;2016-03-29T11:29:02.257000;0016b46a-2a06-4e55-816d-d7414e0f265a;11.54;2.50427903;BUY
2016-03-29T11:29:03.000000;2016-03-29T11:29:03.557000;72f8a828-0fa7-4dab-b18b-bc3895327dc5;11.54;3.55400406;BUY
2016-03-29T11:29:03.000000;2016-03-29T11:29:03.810000;5d2fc28b-bb1d-42dd-b664-9265944fdb28;11.54;15.95595596;BUY
2016-03-29T11:29:03.000000;2016-03-29T11:29:04.043000;854e8121-80c0-43b6-96a9-d470861afb12;11.54;3.55400406;BUY
2016-03-29T11:29:04.000000;2016-03-29T11:29:04.243000;194bd2be-b898-4b18-9f73-3cf98255358d;11.54;3.55400406;BUY
2016-03-29T11:29:04.000000;2016-03-29T11:29:04.560000;928ce3cb-cd78-4fa7-8cac-c996ff24c33b;11.54;3.55400406;BUY
2016-03-29T11:29:04.000000;2016-03-29T11:29:04.877000;41ca3ee4-96ed-4316-86bd-186b9f893d9b;11.54;3.55400406;BUY
2016-03-29T11:29:04.000000;2016-03-29T11:29:04.943000;426f5936-9431-46c8-a164-65ea825bc184;11.54;3.56064439;BUY
2016-03-29T11:29:06.000000;2016-03-29T11:29:06.133000;45320763-1809-437d-a30d-ebf8d34efc3b;11.54;4.02193173;BUY
2016-03-29T11:29:06.000000;2016-03-29T11:29:06.197000;cfddbc5b-066f-4518-9e14-ef262207fb64;11.54;1.001001;BUY
2016-03-29T11:29:06.000000;2016-03-29T11:29:06.273000;bcc4c2ae-413b-4643-8f56-e888722d9b2d;11.54;2.07448435;BUY
2016-03-29T11:29:06.000000;2016-03-29T11:29:06.350000;973f3c29-ef1b-4ff7-91d4-02b8455f6c31;11.54;0.27058492;BUY
2016-03-29T11:29:06.000000;2016-03-29T11:29:07.120000;571b4df0-993b-4d40-afa8-dd016226d778;11.54;1.0;BUY
2016-03-29T11:29:08.000000;2016-03-29T11:29:08.903000;425dd448-014d-4687-a6b2-2c2d9068c17b;11.54;14.8966363;BUY
2016-03-29T11:29:08.000000;2016-03-29T11:29:08.933000;e7aba8b8-96e3-4ee1-b7c2-90a3b8953a90;11.54;1.94303952;BUY
2016-03-29T11:29:09.000000;2016-03-29T11:29:09.300000;c31171df-d277-4a6a-a7ad-b601899432c9;11.54;12.21971195;BUY
2016-03-29T11:29:10.000000;2016-03-29T11:29:10.167000;3345d0cc-1847-46cb-a867-4046c96d1e92;11.54;34.43079465;BUY
2016-03-29T11:29:10.000000;2016-03-29T11:29:10.337000;68ceb901-222b-488e-a985-d7c0bcde0df4;11.54;40.28947325;BUY
2016-03-29T11:29:10.000000;2016-03-29T11:29:11.033000;6c7dbf6a-aec9-4656-b768-cdc429d1d6c8;11.54;40.37917319;BUY
2016-03-29T11:29:11.000000;2016-03-29T11:29:11.883000;f9eb5ee0-4fa9-4802-a192-e00d4d8e8553;11.54;41.32625456;BUY
2016-03-29T11:29:11.000000;2016-03-29T11:29:11.923000;2b83ec74-2dda-4287-947b-76a070153ddc;11.54;5.01901734;BUY
2016-03-29T11:29:11.000000;2016-03-29T11:29:11.990000;a1fb880a-c349-4b99-8dce-99227c680320;11.54;0.65465444;BUY
2016-03-29T11:29:12.000000;2016-03-29T11:29:12.470000;b0d143e6-0960-4435-b635-077dd2c3cc52;11.54;25.07679988;BUY
2016-03-29T11:29:12.000000;2016-03-29T11:29:12.490000;62bfede9-6d31-49ef-8c48-a17546de4d4f;11.54;33.94110496;BUY
2016-03-29T11:29:12.000000;2016-03-29T11:29:12.557000;742e85bb-a4cb-413a-a2dc-9000eb801535;11.54;4.2172651;BUY
2016-03-29T11:29:15.000000;2016-03-29T11:29:15.967000;035ec341-0122-473a-8e01-0a6b1292c815;11.54;7.45953493;BUY
2016-03-29T11:29:18.000000;2016-03-29T11:29:18.390000;02e27174-f501-4c7b-a67a-7b92291b5b2e;11.55;29.54954955;BUY
2016-03-29T11:29:18.000000;2016-03-29T11:29:18.587000;7c3e7e75-1ce9-4b06-b47c-51455f3ba971;11.55;103.52866986;BUY
2016-03-29T11:29:19.000000;2016-03-29T11:29:19.583000;750e3b48-8443-449c-b48d-062b92587c31;11.55;94.4796;BUY
2016-03-29T11:29:19.000000;2016-03-29T11:29:20.000000;5e00931f-4610-4d04-8568-dd913f8785be;11.55;7.45953493;BUY
2016-03-29T11:29:19.000000;2016-03-29T11:29:20.013000;e10b60ab-3ce9-4da2-9376-76f62ad5fc7d;11.55;7.45953493;BUY
2016-03-29T11:29:19.000000;2016-03-29T11:29:20.030000;b64cc16e-59e9-453a-b7a0-593f4806d343;11.55;27.52698283;BUY
2016-03-29T11:29:20.000000;2016-03-29T11:29:20.237000;d1aaa4f9-6d60-4288-bd39-9640e5967c71;11.55;27.02324;BUY
2016-03-29T11:29:20.000000;2016-03-29T11:29:20.303000;d95eb783-8a7e-4102-abd6-d6abd0864954;11.55;3.52477043;BUY
2016-03-29T11:29:20.000000;2016-03-29T11:29:20.680000;e83cfea4-2c71-45ea-bdc3-e924e67533d8;11.55;0.45975267;BUY
2016-03-29T11:29:20.000000;2016-03-29T11:29:20.837000;daf579a8-95ed-4ebc-afa1-cc5989ed4ed7;11.55;20.7879648;BUY
2016-03-29T11:29:20.000000;2016-03-29T11:29:20.860000;196b05b2-2e21-4711-a101-7cf4afffb783;11.55;6.73901803;BUY
2016-03-29T11:29:20.000000;2016-03-29T11:29:20.933000;266c5656-289d-4f57-8fc3-4e008992ad98;11.55;3.26098197;BUY
2016-03-29T11:29:31.000000;2016-03-29T11:29:31.760000;0c14aa70-7017-47c7-9a8f-3cc23abcf0dd;11.59;10.0;BUY
2016-03-29T11:29:31.000000;2016-03-29T11:29:31.770000;16e23322-3c99-4d17-89f7-e8bc887ef6d3;11.59;18.13846886;BUY
2016-03-29T11:29:37.000000;2016-03-29T11:29:37.367000;a827b37e-9cfe-4e7b-bbea-72d40c26edeb;11.59;11.86153114;BUY
2016-03-29T11:29:46.000000;2016-03-29T11:29:46.293000;68cfc8d8-17e8-46ab-b74a-4365f4181e14;11.6;1.0;BUY
2016-03-29T11:29:48.000000;2016-03-29T11:29:48.367000;9d3d6a67-b18e-488f-bd48-6303d64e9872;11.6;9.0;BUY
2016-03-29T11:29:48.000000;2016-03-29T11:29:48.377000;3e88f113-b90c-4eec-a4f6-5c964bc27586;11.606;2.361858;BUY
2016-03-29T11:29:49.000000;2016-03-29T11:29:49.737000;e8ad9f6a-768c-4f25-a491-71d7cb4e2739;11.64;11.361858;BUY
2016-03-29T11:29:50.000000;2016-03-29T11:29:50.500000;9d06391c-3719-47c0-b45d-f1a12de2f0fe;11.6;1.37810812;SELL
2016-03-29T11:29:51.000000;2016-03-29T11:29:51.227000;62c3a96c-d993-4be2-ac31-2a315a583c09;11.64;8.638142;BUY
2016-03-29T11:29:51.000000;2016-03-29T11:29:51.813000;dbf4009a-bbcc-4090-a321-f475fb966ae0;11.673;1.34560788;BUY
2016-03-29T11:29:52.000000;2016-03-29T11:29:52.373000;41882474-c915-4329-950b-1bd4ee01e9b9;11.673;1.34560788;BUY
2016-03-29T11:31:46.000000;2016-03-29T11:31:46.227000;1d100bbe-dfb5-4768-a5b4-3ccafa621216;11.68;10.0;BUY
2016-03-29T11:31:46.000000;2016-03-29T11:31:46.230000;4f45ea2e-0665-40ec-a29a-42c838b204e3;11.68;10.0;BUY
2016-03-29T11:31:46.000000;2016-03-29T11:31:46.237000;6dd5f93f-b0dc-4b58-be5b-b08b9f7e7318;11.68;51.372;BUY
2016-03-29T11:31:46.000000;2016-03-29T11:31:46.270000;3e0d4a70-f53f-4c12-92b0-1c6b751e8586;11.68;10.0;BUY
2016-03-29T11:31:46.000000;2016-03-29T11:31:46.270000;6c59baa6-1cc2-4e42-a8d0-7d246ae2fbbe;11.768;40.52557592;BUY
2016-03-29T11:31:46.000000;2016-03-29T11:31:46.270000;297973bc-c7de-4f1f-ad8f-e9743316ee1b;11.769;125.26;BUY
2016-03-29T11:31:46.000000;2016-03-29T11:31:46.273000;f96f963b-5ab4-4e28-89ac-21ba6addd33f;11.77;12.207493;BUY
2016-03-29T11:31:46.000000;2016-03-29T11:31:46.273000;eb5e1adf-8bda-4df1-be94-14aee82efb61;11.774;91.944603;BUY
2016-03-29T11:31:47.000000;2016-03-29T11:31:47.060000;fe0f2c74-da1e-4e79-ba77-127c17283a58;11.78;12.71739516;SELL
2016-03-29T11:31:47.000000;2016-03-29T11:31:47.240000;fb43d139-d9ca-4fd4-99a2-58e3c1e1ffd1;11.78;18.31588825;SELL
2016-03-29T11:31:49.000000;2016-03-29T11:31:49.053000;372d9759-89f5-4d12-9e78-f1dae7ef71b3;11.78;67.66845;SELL
2016-03-29T11:31:49.000000;2016-03-29T11:31:49.643000;e42a5a52-594b-42fb-b69e-5ba30ee930dd;11.78;17.76769583;SELL
2016-03-29T11:31:50.000000;2016-03-29T11:31:50.733000;246b8c84-eaba-4217-a339-a0fddcf07070;11.78;18.90989884;SELL
2016-03-29T11:32:09.000000;2016-03-29T11:32:09.833000;8fb344af-34bc-45a8-9e99-d423c80b570a;11.772;4.1;BUY
2016-03-29T11:33:51.000000;2016-03-29T11:33:51.100000;93cf3097-4d3e-4ff5-a103-652ae3eafec5;11.709;25.0;SELL
2016-03-29T11:33:53.000000;2016-03-29T11:33:53.270000;8e60d134-ce10-4e75-91bc-9a395302996e;11.762;1.0;BUY
2016-03-29T11:34:27.000000;2016-03-29T11:34:27.250000;be008c3c-b620-4f43-8171-24411f5175fb;11.719;13.80989874;BUY
2016-03-29T11:34:30.000000;2016-03-29T11:34:30.607000;f1302c8f-de36-493e-925c-126319bb7722;11.72;4.99999978;BUY
2016-03-29T11:34:30.000000;2016-03-29T11:34:30.847000;3607bfbf-392a-4995-a9e6-5b3b12498911;11.762;2.4578979;BUY
2016-03-29T11:36:10.000000;2016-03-29T11:36:10.843000;c5e5dad3-3733-4927-9c41-2db2355559fa;11.739;4.99999978;SELL
2016-03-29T11:39:38.000000;2016-03-29T11:39:38.440000;ea41ba83-6d19-42b2-8809-442dfbe9b4ae;11.739;0.123;BUY
2016-03-29T11:39:40.000000;2016-03-29T11:39:40.760000;7041454f-8cb4-48b9-81a7-6caf409bf057;11.731;13.80989874;SELL
2016-03-29T11:39:44.000000;2016-03-29T11:39:44.833000;d0737e82-7526-4c11-8648-bb1638c30e57;11.698;50.4605;SELL
2016-03-29T11:41:25.000000;2016-03-29T11:41:25.710000;539d98f0-502a-4a96-992b-dd85af3fe68a;11.657;3.6;SELL
2016-03-29T11:41:25.000000;2016-03-29T11:41:25.730000;8ad7f68c-c5d8-4de8-9718-cf33dae14ff0;11.654;1.27700022;SELL
2016-03-29T11:44:49.000000;2016-03-29T11:44:49.117000;09a821f0-92be-4d31-b7d8-d1b0e2908880;11.697;3.6;BUY
2016-03-29T11:44:49.000000;2016-03-29T11:44:49.127000;48e76352-fe24-4fb7-9934-53f0b9a1a6e3;11.698;13.80989874;BUY
2016-03-29T11:44:49.000000;2016-03-29T11:44:49.130000;ece218c4-bc0b-4cbe-9131-0eee9ad1355e;11.71;23.31640165;BUY
2016-03-29T11:44:50.000000;2016-03-29T11:44:50.270000;564c1937-a5cb-427f-80ce-76db662b647b;11.71;27.57569835;BUY
2016-03-29T11:44:50.000000;2016-03-29T11:44:50.277000;374168f1-2bf4-49c6-b8f2-04725f22ea1b;11.71;13.15060204;BUY
2016-03-29T11:44:51.000000;2016-03-29T11:44:51.487000;67c943ff-14a7-442e-89fa-3394a8ad8c87;11.71;6.59193741;BUY
2016-03-29T11:44:51.000000;2016-03-29T11:44:51.500000;b21ca0d1-706b-41bd-b95f-359f3c6b1fd4;11.71;50.53818679;BUY
2016-03-29T11:44:52.000000;2016-03-29T11:44:52.770000;364722ad-e04b-4663-bc89-d493c4e66b5a;11.71;2.71387877;BUY
2016-03-29T11:44:52.000000;2016-03-29T11:44:52.833000;c707a5f1-5077-4e63-bbae-443d5157c2a8;11.71;20.80640394;BUY
2016-03-29T11:44:54.000000;2016-03-29T11:44:54.917000;904856da-6756-4642-a247-74d55f166e20;11.71;6.941267;BUY
2016-03-29T11:44:57.000000;2016-03-29T11:44:57.807000;88d6d716-ab5d-4d53-88d4-a84bf8e68833;11.74;2.0;BUY
2016-03-29T11:46:05.000000;2016-03-29T11:46:05.853000;eb4b4cf1-7f79-4323-9c16-381ef59a8aef;11.746;0.78200144;SELL
2016-03-29T11:46:05.000000;2016-03-29T11:46:05.863000;dbdbfc0b-d6c2-4ecc-b257-9e457ab9f2ec;11.746;3.99534444;SELL
2016-03-29T11:46:05.000000;2016-03-29T11:46:05.873000;1c077d63-0855-431c-be5e-97d54299dbad;11.745;25.58899608;SELL
2016-03-29T11:46:07.000000;2016-03-29T11:46:07.040000;e612393a-53f8-4d86-8ae9-46461777be72;11.745;13.43404428;SELL
2016-03-29T11:49:49.000000;2016-03-29T11:49:50.037000;6df46cb4-3c6f-41a3-9107-1accd1141a0d;11.654;0.79784314;SELL
2016-03-29T11:57:00.000000;2016-03-29T11:57:01.047000;fd29b2eb-b01f-49d4-87fd-3d7dccd7c72f;11.654;0.27981864;SELL
2016-03-29T11:57:06.000000;2016-03-29T11:57:07.243000;02ba75eb-2bb7-49f6-a037-bd5844c4ab50;11.572;0.27981864;SELL
2016-03-29T11:57:06.000000;2016-03-29T11:57:07.610000;b3d0fa0f-f569-4ef6-baff-fb4099dd12fe;11.572;0.07048136;SELL
2016-03-29T11:57:06.000000;2016-03-29T11:57:07.613000;f1e8f35b-b349-4b93-87c1-734bb8bcf61f;11.566;0.20933728;SELL
2016-03-29T11:57:07.000000;2016-03-29T11:57:08.303000;ec717a6a-2785-46ce-81e4-307815ebda32;11.566;0.27981864;SELL
2016-03-29T12:02:07.000000;2016-03-29T12:02:07.747000;8f4a6a4f-77d5-4d40-8165-efad01c72384;11.668;35.16665273;BUY
2016-03-29T12:02:07.000000;2016-03-29T12:02:07.773000;8de121c0-fee7-47d5-8590-d4768cbfb469;11.669;1.44162;BUY
2016-03-29T12:02:09.000000;2016-03-29T12:02:09.553000;6f644f72-2e14-4799-b79f-de199c01c861;11.667;35.16665273;BUY
2016-03-29T12:02:09.000000;2016-03-29T12:02:10.173000;213092d1-ef83-4723-a817-e27c996542da;11.685;0.35162;SELL
2016-03-29T12:02:42.000000;2016-03-29T12:02:43.027000;a94e7d72-ff26-4b7a-bad5-aa77d3ba4f73;11.588;17.54896118;SELL
2016-03-29T12:02:45.000000;2016-03-29T12:02:45.133000;0e1b95e0-7ae4-45ca-b6d4-49aa6af0d658;11.588;30.43855894;BUY
2016-03-29T12:02:46.000000;2016-03-29T12:02:46.760000;11751949-d78d-4dcc-9b05-b1293e9db861;11.589;23.88144106;SELL
2016-03-29T12:02:48.000000;2016-03-29T12:02:49.287000;43247a49-8d28-491c-a766-3c6f17c94d12;11.572;1.645266;SELL
2016-03-29T12:02:48.000000;2016-03-29T12:02:49.297000;81b2ac6d-fe3b-4745-a54e-407cb5911af5;11.566;1.82709308;SELL
2016-03-29T12:02:48.000000;2016-03-29T12:02:49.467000;d5860046-5800-4dec-85dd-cf38653454fc;11.56;6.55711788;SELL
2016-03-29T12:02:50.000000;2016-03-29T12:02:50.437000;93567ab2-b105-4981-b25a-33b4c31a4d18;11.56;0.44288212;SELL
2016-03-29T12:02:50.000000;2016-03-29T12:02:50.643000;c42bce84-2b10-4432-a388-b0e7ecd026c4;11.552;6.55711788;BUY
2016-03-29T12:02:50.000000;2016-03-29T12:02:51.260000;e43c2aa4-b4b1-475d-b4f8-12c541a337f9;11.55;5.34387353;SELL
2016-03-29T12:02:51.000000;2016-03-29T12:02:51.317000;94d9886b-71c1-4bc6-b621-bd9f3cc0417e;11.55;1.21324435;BUY
2016-03-29T12:02:51.000000;2016-03-29T12:02:51.320000;4536649a-cd25-4329-b381-c28b100fa998;11.552;5.34387353;BUY
2016-03-29T12:02:52.000000;2016-03-29T12:02:52.710000;5a368d40-e5ee-4bee-93d1-3c6f23f98a8c;11.572;5.99303803;BUY
2016-03-29T12:02:52.000000;2016-03-29T12:02:52.710000;37d46cb9-5601-40c2-92c4-f702df823ec4;11.589;0.56407985;BUY
2016-03-29T12:02:55.000000;2016-03-29T12:02:55.793000;491e58c7-868f-432e-a636-360526668251;11.54;4.22375376;SELL
2016-03-29T12:02:56.000000;2016-03-29T12:02:56.210000;422c1e07-8dba-48bb-9295-926063aaa09d;11.49;0.4482018;SELL
2016-03-29T12:02:56.000000;2016-03-29T12:02:56.213000;46144935-5b43-4a78-b0b8-b9020869b769;11.421;1.32108247;SELL
2016-03-29T12:02:56.000000;2016-03-29T12:02:56.340000;94ed0af7-82e7-4953-a3c9-d9ff52b07e7b;11.54;1.76928427;BUY
2016-03-29T12:02:56.000000;2016-03-29T12:02:56.347000;fc423b29-e9ff-422e-976d-b1f21351aaa4;11.552;0.89185206;BUY
2016-03-29T12:02:56.000000;2016-03-29T12:02:56.363000;3dedebaa-0461-4eba-87fd-64e7204b4716;11.56;7.0;BUY
2016-03-29T12:02:56.000000;2016-03-29T12:02:56.387000;e8433742-da45-4cd1-b2cd-dee72030312a;11.572;1.645266;BUY
2016-03-29T12:02:56.000000;2016-03-29T12:02:56.387000;08d87d47-da7a-4827-bf0f-18a7e521a436;11.575;35.16665273;BUY
2016-03-29T12:02:56.000000;2016-03-29T12:02:56.387000;6ee57feb-0e48-444a-9055-85823e0f541d;11.589;23.31736121;BUY
2016-03-29T12:02:56.000000;2016-03-29T12:02:56.423000;9bb25788-c571-4712-b8f2-c9aae5a6709d;11.589;19.45992882;BUY
2016-03-29T12:02:56.000000;2016-03-29T12:02:57.280000;fb0e8f3b-9c71-44bd-8dd3-e9b01d20ab58;11.575;23.88144106;BUY
2016-03-29T12:02:57.000000;2016-03-29T12:02:57.430000;4dba6981-4d42-4334-b1e3-3941f400a95f;11.575;11.28521167;BUY
2016-03-29T12:02:57.000000;2016-03-29T12:02:57.447000;ccc8843e-fde1-4c3d-b8f2-184aa2d91d3e;11.589;4.42151224;BUY
2016-03-29T12:02:57.000000;2016-03-29T12:02:57.777000;3f60ba74-3855-4e67-ad45-2388027e36ee;11.67;0.3503;SELL
2016-03-29T12:02:57.000000;2016-03-29T12:02:58.033000;086281d6-63fa-415e-864b-c3cab93780e1;11.67;14.88809027;SELL
2016-03-29T12:02:58.000000;2016-03-29T12:02:58.173000;f21ebc90-959f-4adf-8796-8d3f95b40a37;11.67;58.30523091;SELL
2016-03-29T12:02:59.000000;2016-03-29T12:02:59.270000;8ada9c7f-a8f3-4a70-a5d8-b1769fea3319;11.574;15.70672391;BUY
2016-03-29T12:03:00.000000;2016-03-29T12:03:01.337000;752f6362-b55d-4138-b72d-d0348f891b83;11.574;15.70672391;BUY
2016-03-29T12:03:09.000000;2016-03-29T12:03:09.200000;cddbb4a3-b05f-4cda-a31a-5d29d5fb0c13;11.572;1.0;BUY
2016-03-29T12:03:38.000000;2016-03-29T12:03:38.370000;8a548803-bd4f-4534-9820-ffed428c98e7;11.585;0.56816178;SELL
2016-03-29T12:03:38.000000;2016-03-29T12:03:38.633000;fade7627-c05b-4fde-a640-2eaf4efd5ea1;11.585;0.43183822;SELL
2016-03-29T12:03:44.000000;2016-03-29T12:03:44.777000;21d1855f-15a4-4e6f-8ddf-042ac4c27d56;11.584;26.87545061;BUY
2016-03-29T12:03:44.000000;2016-03-29T12:03:44.787000;92786ea4-bed7-4948-94f2-b2ea5b79fa27;11.585;0.56816178;BUY
2016-03-29T12:03:44.000000;2016-03-29T12:03:44.797000;01f63a9e-5558-4518-bbaa-bc88db374027;11.585;1.0;BUY
2016-03-29T12:03:44.000000;2016-03-29T12:03:44.827000;28c8d8ff-9446-40df-87f0-f716de96b2e9;11.585;1.0;BUY
2016-03-29T12:03:44.000000;2016-03-29T12:03:44.827000;96036481-ccda-44d1-8e8e-7f0ee0dd10f0;11.587;0.3503;BUY
2016-03-29T12:03:44.000000;2016-03-29T12:03:44.827000;fe9e53f7-390e-43a4-b7c9-f364ed539570;11.594;0.3503;BUY
2016-03-29T12:03:44.000000;2016-03-29T12:03:44.863000;488a1cdf-03ef-4b98-8c8d-6b37565bcee7;11.61;0.3503;BUY
2016-03-29T12:03:44.000000;2016-03-29T12:03:44.863000;a27f53a4-c7e1-4cdb-857e-fb5f7508a201;11.632;4.2036;BUY
2016-03-29T12:03:44.000000;2016-03-29T12:03:44.867000;20ebb5b4-b74e-4480-9e8f-7635d633695f;11.632;8.29120212;BUY
2016-03-29T12:03:44.000000;2016-03-29T12:03:44.903000;a560aab6-0663-4363-8037-736b46911dcd;11.633;30.0;BUY
2016-03-29T12:03:44.000000;2016-03-29T12:03:44.903000;785f817a-8d45-4f16-be68-6d60d9d08fee;11.67;241.29068549;BUY
2016-03-29T12:03:51.000000;2016-03-29T12:03:51.637000;f5eca646-b90e-4627-8d9e-fba886f9f150;11.59;3.40421595;BUY
2016-03-29T12:03:51.000000;2016-03-29T12:03:51.643000;c6ba41cd-2627-4355-8c9c-d57dba59415e;11.592;35.16665273;BUY
2016-03-29T12:03:51.000000;2016-03-29T12:03:51.680000;8738a6ef-0578-4bce-b31c-a607de8e6bc7;11.631;152.42295637;BUY
2016-03-29T12:03:51.000000;2016-03-29T12:03:51.683000;9fe0fbb4-7055-4f4f-bd25-3b2620f233b5;11.632;121.22617495;BUY
2016-03-29T12:03:53.000000;2016-03-29T12:03:53.547000;0e10e00a-7db1-4832-8c09-e7ca59a20c39;11.631;35.16665273;BUY
2016-03-29T12:03:53.000000;2016-03-29T12:03:53.560000;e9c4ff45-3ee5-46a4-b2f5-3bb4681a098e;11.632;139.77024105;BUY
2016-03-29T12:03:53.000000;2016-03-29T12:03:53.570000;18c74d9a-fc6b-4bcf-8c11-3255e301cd79;11.632;78.75186079;BUY
2016-03-29T12:03:53.000000;2016-03-29T12:03:53.597000;b4709a4e-8522-479b-a717-9db0bd8a1d1b;11.633;0.3503;BUY
2016-03-29T12:03:53.000000;2016-03-29T12:03:53.597000;6482c718-809b-4e19-ad02-f73e273d8433;11.696;55.00499027;BUY
2016-03-29T12:03:58.000000;2016-03-29T12:03:58.170000;653db88c-c15b-46c9-8da6-f994dd51701c;11.644;35.16665273;SELL
2016-03-29T12:03:58.000000;2016-03-29T12:03:58.780000;7c178130-4f55-4d57-b080-8cb53e9f3146;11.638;20.42772794;SELL
2016-03-29T12:03:58.000000;2016-03-29T12:03:58.927000;77e799bc-245c-46d9-abdd-d66cfa7abe15;11.638;14.73892479;SELL
2016-03-29T12:04:01.000000;2016-03-29T12:04:01.080000;a50de070-591b-43fc-ae4d-f91185df1346;11.638;0.27535603;BUY
2016-03-29T12:04:02.000000;2016-03-29T12:04:02.803000;e9271f59-19c9-4b92-abb8-ce1af242125f;11.655;0.3503;BUY
2016-03-29T12:04:02.000000;2016-03-29T12:04:02.817000;c79c66b5-e0e5-4ae4-a457-755cf628ef66;11.655;1.10142412;BUY
2016-03-29T12:04:05.000000;2016-03-29T12:04:05.467000;d639d26e-e60a-416e-a1e2-e9acafc43d58;11.656;1.45172412;SELL
2016-03-29T12:04:21.000000;2016-03-29T12:04:21.637000;a2a2999d-eba4-4c91-8bdf-7d55dd8a499d;11.554;19.81425869;SELL
2016-03-29T12:04:30.000000;2016-03-29T12:04:31.007000;cbd6fbe7-15e0-4c40-833d-a56357454d2f;11.56;51.548;SELL
2016-03-29T12:04:30.000000;2016-03-29T12:04:31.013000;d5b70090-a5f7-471b-a9ba-f3799d96e9b9;11.559;32.68058761;SELL
2016-03-29T12:04:30.000000;2016-03-29T12:04:31.020000;493c1d32-556f-4ba0-823a-bfb0c00a6c1e;11.55;3.791;SELL
2016-03-29T12:04:30.000000;2016-03-29T12:04:31.053000;11b2753f-aef2-47e5-a715-41fa14d4482b;11.488;0.3503;SELL
2016-03-29T12:04:30.000000;2016-03-29T12:04:31.053000;ed80a61f-5d3b-43d9-9fc4-0b63af466747;11.42;0.45;SELL
2016-03-29T12:04:30.000000;2016-03-29T12:04:31.053000;a764864d-0d22-42ff-9ccf-4ad49ff45cae;11.417;0.3503;SELL
2016-03-29T12:04:30.000000;2016-03-29T12:04:31.053000;528415fb-7798-4f84-8f55-31a20ce68ede;11.416;0.3503;SELL
2016-03-29T12:04:30.000000;2016-03-29T12:04:31.073000;3a222929-bf17-48e0-b1cc-b142a810b050;11.409;0.3503;SELL
2016-03-29T12:04:30.000000;2016-03-29T12:04:31.103000;3a92e329-d74e-46d9-a1ba-2b833f8a1adf;11.406;12.499357;SELL
2016-03-29T12:04:30.000000;2016-03-29T12:04:31.157000;19185d98-4883-43e3-a9f8-1fa70dfbc2b0;11.405;41.64524739;SELL
2016-03-29T12:04:44.000000;2016-03-29T12:04:44.353000;4f0df151-0fa9-4cf3-959d-a8309a193b43;11.65;1.45172412;BUY
2016-03-29T12:04:44.000000;2016-03-29T12:04:44.367000;c30e3dd0-511f-4733-80e5-1110a715a30f;11.65;1.45172412;BUY
2016-03-29T12:04:44.000000;2016-03-29T12:04:44.373000;102ce292-494a-4d28-b4c3-42d2c0521db0;11.65;1.45172412;BUY
2016-03-29T12:04:44.000000;2016-03-29T12:04:44.403000;c9ed8d7d-ba07-4bc0-b99a-7aeeba682603;11.65;1.45172412;BUY
2016-03-29T12:04:44.000000;2016-03-29T12:04:44.403000;30222ccc-440c-4857-a666-671dd91b8418;11.651;51.2442;BUY
2016-03-29T12:04:44.000000;2016-03-29T12:04:44.403000;e0d41795-eb58-49e2-bae0-7b429b4222d9;11.656;1.45172412;BUY
2016-03-29T12:04:45.000000;2016-03-29T12:04:45.927000;4961b071-be68-4b73-aaf0-118337a9d999;11.669;18.38130037;SELL
2016-03-29T12:04:45.000000;2016-03-29T12:04:45.947000;4b661ca9-84b7-46c1-9f0d-500a74eec286;11.669;1.45172412;SELL
2016-03-29T12:04:45.000000;2016-03-29T12:04:45.983000;2a175868-9824-4be1-bbcd-ddfe94d03987;11.669;1.45172412;SELL
2016-03-29T12:04:45.000000;2016-03-29T12:04:46.003000;f069245a-635d-42ea-89dd-f8ef485419bc;11.669;1.45172412;SELL
2016-03-29T12:04:46.000000;2016-03-29T12:04:46.507000;9d02478f-8782-4210-8521-651bd282b3ca;11.669;1.45172412;SELL
2016-03-29T12:04:46.000000;2016-03-29T12:04:46.600000;8da0a1ed-6877-40e5-b776-d580b36b0c03;11.669;18.38130037;SELL
2016-03-29T12:10:57.000000;2016-03-29T12:10:57.440000;b375e553-a2c5-4a18-b61a-aecec58c4dd2;11.597;21.02623324;SELL
2016-03-29T12:10:57.000000;2016-03-29T12:10:57.593000;eaa0d93e-281a-4eca-aaa5-7a451b5fdf76;11.597;30.28686676;SELL
2016-03-29T12:10:57.000000;2016-03-29T12:10:57.610000;839415e4-68c9-404a-bf01-ba8961324211;11.59;20.0;SELL
2016-03-29T12:10:57.000000;2016-03-29T12:10:57.623000;fcbb3868-0947-4a36-98f0-9620288a0531;11.579;12.06784655;SELL
2016-03-29T12:14:39.000000;2016-03-29T12:14:39.150000;24fc5b9b-c83d-4364-9b18-5588abc985f9;11.576;7.45;SELL
2016-03-29T12:14:39.000000;2016-03-29T12:14:39.163000;bb91bd06-5115-4142-afd0-36125b72718f;11.576;13.57623324;SELL
2016-03-29T12:14:39.000000;2016-03-29T12:14:39.167000;0929095b-c2c9-449e-803f-fef9670099e2;11.576;8.14021546;SELL
2016-03-29T12:15:42.000000;2016-03-29T12:15:42.960000;8ad3e1d1-0c2a-4d6e-9aa1-e0dff5974f8e;11.608;21.04728052;BUY
2016-03-29T12:15:43.000000;2016-03-29T12:15:43.657000;a391f653-3698-4511-8df8-02774ad215c3;11.608;0.52402402;BUY
2016-03-29T12:15:43.000000;2016-03-29T12:15:43.703000;83b743d1-cc52-4b25-a7b2-13772469fc09;11.58;26.2006097;SELL
2016-03-29T12:15:46.000000;2016-03-29T12:15:46.530000;91de8282-440a-4987-af05-b0ee6558c860;11.608;0.52402402;SELL
2016-03-29T12:15:48.000000;2016-03-29T12:15:48.893000;fc46fb16-4702-4724-a339-643e4ce0729f;11.616;0.61061061;BUY
2016-03-29T12:15:51.000000;2016-03-29T12:15:51.770000;e5a2b320-b3fc-491c-be2c-afc2bbfb4443;11.615;0.52402402;BUY
2016-03-29T12:16:10.000000;2016-03-29T12:16:10.257000;e9e33984-a349-44d5-a753-c54595055967;11.579;4.50410964;SELL
2016-03-29T12:16:26.000000;2016-03-29T12:16:26.123000;1458dca5-e105-4202-95c1-6cdaee48b2be;11.643;0.80383934;SELL
2016-03-29T12:19:09.000000;2016-03-29T12:19:09.957000;54deab58-6ca1-44ed-adc2-6e9875382dcf;11.643;1.01621425;SELL
2016-03-29T12:19:20.000000;2016-03-29T12:19:20.687000;00fa0b34-dbfa-4380-873c-c9f2438e7000;11.643;21.02623324;SELL
2016-03-29T12:19:22.000000;2016-03-29T12:19:22.447000;6bc521b7-146c-4dd0-8837-274812cdc737;11.643;2.997;SELL
2016-03-29T12:19:22.000000;2016-03-29T12:19:22.850000;39007db6-c403-4724-8539-3a3011658316;11.643;21.02623324;SELL
2016-03-29T12:19:22.000000;2016-03-29T12:19:22.867000;c203fa48-a123-4409-9725-05b27360e77c;11.643;7.07608467;SELL
2016-03-29T12:19:22.000000;2016-03-29T12:19:22.893000;c5786f70-6d92-481e-8f74-6b6912ac3bb1;11.643;21.02623324;SELL
2016-03-29T12:19:23.000000;2016-03-29T12:19:23.187000;7fea0881-afe6-4400-a61a-ae2d43d53fce;11.643;21.02623324;SELL
2016-03-29T12:19:24.000000;2016-03-29T12:19:24.263000;14bee175-b528-4717-b0b7-f09e4e96a7a3;11.643;7.07608467;SELL
2016-03-29T12:19:24.000000;2016-03-29T12:19:24.293000;bc2a8c46-e216-4e79-9c89-abff9f732b6a;11.643;21.02623324;SELL
2016-03-29T12:19:24.000000;2016-03-29T12:19:24.700000;83088e09-0946-4e40-aee8-bdf24ac14d16;11.643;21.02623324;SELL
2016-03-29T12:19:56.000000;2016-03-29T12:19:56.470000;54a5d0dc-0ed2-4ebc-9e65-7d03d8a16edc;11.643;14.73376676;SELL
2016-03-29T12:19:56.000000;2016-03-29T12:19:56.540000;73787a50-f334-4779-9f4b-3db7fa712d08;11.643;21.02623324;SELL
2016-03-29T12:20:02.000000;2016-03-29T12:20:02.430000;0a3e4436-8347-42ae-a9a2-e1c27d20743a;11.643;1.0500809;SELL
2016-03-29T12:20:12.000000;2016-03-29T12:20:12.090000;69601c3c-41c7-49e7-9713-509eef94f0f8;11.643;6.9299191;SELL
2016-03-29T12:20:18.000000;2016-03-29T12:20:18.430000;3f11a587-e0ab-4494-8db0-1e7eb03a3473;11.643;113.07721408;SELL
2016-03-29T12:20:25.000000;2016-03-29T12:20:25.853000;3751e32d-55c8-442f-97c3-587fcf01934e;11.643;9.92979307;SELL
2016-03-29T12:20:26.000000;2016-03-29T12:20:26.203000;320af995-bc09-4b61-bef8-eb1ea113f713;11.643;12.05058246;SELL
2016-03-29T12:20:26.000000;2016-03-29T12:20:26.993000;3e54a6a4-080b-4d1b-bf5b-984e0752fef7;11.643;9.92979307;SELL
2016-03-29T12:20:27.000000;2016-03-29T12:20:27.517000;e66198c2-7280-48a2-bb8a-a68ac10082c0;11.643;12.03853188;SELL
2016-03-29T12:20:29.000000;2016-03-29T12:20:29.203000;95419443-ba58-4cb7-801d-86dedfc2420f;11.643;2.997;SELL
2016-03-29T12:20:29.000000;2016-03-29T12:20:29.887000;95820c34-00a4-448e-97c1-62a22079493c;11.643;12.03853188;SELL
2016-03-29T12:20:30.000000;2016-03-29T12:20:30.137000;a7a02813-a2ca-4950-8bd7-02828444659f;11.643;21.02623324;SELL
2016-03-29T12:20:30.000000;2016-03-29T12:20:30.740000;6f4fb090-f0fa-41f6-83ca-8a6c105b0024;11.643;21.02623324;SELL
2016-03-29T12:20:31.000000;2016-03-29T12:20:31.120000;145e63b9-ff8f-4780-adf1-2445080b8121;11.643;21.02623324;SELL
2016-03-29T12:20:32.000000;2016-03-29T12:20:32.917000;002018b5-2f59-495b-a953-bc33eea78afe;11.643;21.02623324;SELL
2016-03-29T12:20:35.000000;2016-03-29T12:20:35.770000;aba24a91-f8b6-454f-b8df-54e48eb9011f;11.643;7.74049823;SELL
2016-03-29T12:20:54.000000;2016-03-29T12:20:54.280000;d9bd56fb-c6b2-44bc-a15f-f97f37c7399b;11.63;37.59962067;SELL
2016-03-29T12:24:49.000000;2016-03-29T12:24:49.137000;15cdd24e-7aca-407b-b6d7-4befcc39137e;11.6;30.0;SELL
2016-03-29T12:24:49.000000;2016-03-29T12:24:49.153000;3ebd458c-f28f-4066-9cfc-cddeb6df2676;11.6;51.4341;SELL
2016-03-29T12:24:49.000000;2016-03-29T12:24:49.153000;0b89b614-582f-4b47-9f4d-845b4f94c20a;11.551;21.02623324;SELL
2016-03-29T12:24:49.000000;2016-03-29T12:24:49.190000;ef1ebe22-6f6a-4c08-a344-e813bf3f59aa;11.55;20.0;SELL
2016-03-29T12:27:47.000000;2016-03-29T12:27:47.247000;536b2d1d-f2ac-48d7-96ea-2687e0aafedd;11.537;78.16945723;BUY
2016-03-29T12:27:47.000000;2016-03-29T12:27:47.447000;366ded16-73eb-4cba-af24-5b2a7f5c45a3;11.537;0.00020953;BUY
2016-03-29T12:28:17.000000;2016-03-29T12:28:17.933000;7d289d25-f615-4af4-b2a3-e14c1416e1e1;11.612;30.06128683;BUY
2016-03-29T12:28:18.000000;2016-03-29T12:28:18.350000;3fe16954-fc07-4094-b556-d73296784324;11.612;14.93871317;BUY
2016-03-29T12:41:05.000000;2016-03-29T12:41:05.540000;17c91108-5bd3-4f27-9d5f-b48064aab1d5;11.599;1.0;BUY
2016-03-29T12:41:29.000000;2016-03-29T12:41:29.963000;b7165290-02d0-4514-8793-c21ca1ea392b;11.599;1.0;BUY
2016-03-29T12:41:50.000000;2016-03-29T12:41:50.767000;b0ccb1c6-463f-4f67-819c-27d5486ac3c1;11.599;1.0;BUY
2016-03-29T12:42:12.000000;2016-03-29T12:42:12.487000;44727dc1-8e18-435e-bce8-4db54fe3f4d0;11.599;1.0;BUY
2016-03-29T12:43:44.000000;2016-03-29T12:43:44.347000;b1ac1ba3-711c-4010-bc3d-983c663693a4;11.571;1.60257572;SELL
2016-03-29T12:44:45.000000;2016-03-29T12:44:45.217000;d6075d1e-a884-49e2-9e88-8c70171c691b;11.571;49.97432428;SELL
2016-03-29T12:44:45.000000;2016-03-29T12:44:45.233000;1f871b99-e924-4a1b-8673-1dfeeaf0e30f;11.521;29.38748235;SELL
2016-03-29T12:44:45.000000;2016-03-29T12:44:45.237000;b33c2488-e68b-4b75-b375-feeb10f2632f;11.52;20.0;SELL
2016-03-29T12:44:45.000000;2016-03-29T12:44:45.270000;7f25dcbf-2b9d-4ca9-8745-40661989097f;11.511;0.63819337;SELL
2016-03-29T12:51:46.000000;2016-03-29T12:51:46.570000;2153f28c-d055-4925-af37-ab44aab9ecfb;11.6;2.0;BUY
2016-03-29T12:53:34.000000;2016-03-29T12:53:34.570000;78120144-59f0-45f2-98c5-b07f106fc772;11.557;51.2171;SELL
2016-03-29T12:53:34.000000;2016-03-29T12:53:34.583000;9a6ab90f-91b8-45cc-a3e1-c93d4eb983c4;11.556;29.38748235;SELL
2016-03-29T12:53:34.000000;2016-03-29T12:53:34.610000;efaeed68-85d5-4602-b6ea-065cb0ddcebb;11.555;45.0;SELL
2016-03-29T13:08:13.000000;2016-03-29T13:08:13.883000;e543a686-e280-4b43-89e3-d47348a98032;11.6;0.34;BUY
2016-03-29T13:14:55.000000;2016-03-29T13:14:55.640000;14c4834f-50e0-4643-b3cd-6ea40b716b9a;11.6;150.0;BUY
2016-03-29T13:14:59.000000;2016-03-29T13:14:59.863000;3e5ffad2-f846-4c62-b8cb-6eff07975eab;11.6;47.66;BUY
2016-03-29T13:14:59.000000;2016-03-29T13:14:59.870000;88890635-3f3b-4726-9fe9-5a066c11a115;11.6;2.34;BUY
2016-03-29T13:15:04.000000;2016-03-29T13:15:04.730000;a7036849-67c2-4967-b3bd-4cd5dce6ed31;11.6;20.0;BUY
2016-03-29T13:15:10.000000;2016-03-29T13:15:10.557000;97c33984-c068-4d12-95fc-5be1faf496fd;11.6;1.0;BUY
2016-03-29T13:15:12.000000;2016-03-29T13:15:12.087000;19364413-0099-46b5-a4df-981fb1c51771;11.6;1.0;BUY
2016-03-29T13:15:12.000000;2016-03-29T13:15:12.887000;759d1a4a-a60a-4f59-9187-16812a30644d;11.6;1.0;BUY
2016-03-29T13:15:13.000000;2016-03-29T13:15:13.600000;aa01380c-d5ec-43e1-bacf-33b7904c6909;11.6;1.0;BUY
2016-03-29T13:15:14.000000;2016-03-29T13:15:14.073000;919454c3-5044-4490-b481-7272241e5324;11.6;1.0;BUY
2016-03-29T13:15:15.000000;2016-03-29T13:15:15.453000;adbd3312-4a77-46dc-bac0-460e6834d910;11.6;1.0;BUY
2016-03-29T13:15:40.000000;2016-03-29T13:15:40.377000;e6d32b94-4947-42c1-a04d-33762cfc1369;11.6;0.3;BUY
2016-03-29T13:16:48.000000;2016-03-29T13:16:48.403000;a6c05995-81f5-44fd-babe-eabd703ee405;11.6;16.36;BUY
2016-03-29T13:27:00.000000;2016-03-29T13:27:00.080000;693f26b0-1081-4919-8a98-c06d0639165b;11.639;1.0;BUY
2016-03-29T13:30:25.000000;2016-03-29T13:30:25.673000;25e4e327-3d3a-4354-a83f-de8bab46d094;11.632;0.26547097;BUY
2016-03-29T13:30:25.000000;2016-03-29T13:30:25.680000;339d9d4d-fb2b-4794-ad45-0b6157faeafa;11.64;200.0;BUY
2016-03-29T13:30:29.000000;2016-03-29T13:30:29.667000;9f9bf9b8-07a3-480e-bb05-aa628bc1ae60;11.64;9.73452903;SELL
2016-03-29T13:41:49.000000;2016-03-29T13:41:49.580000;f0456523-90ec-46f2-96c1-64eede313008;11.638;0.26547097;BUY
2016-03-29T13:41:49.000000;2016-03-29T13:41:49.593000;6ff2e883-0f60-4e6f-87ef-4c6e9c942546;11.638;0.73452903;BUY
2016-03-29T13:41:50.000000;2016-03-29T13:41:50.497000;46ad721d-80d6-48e1-8ac4-c50dfb47e69b;11.63;0.45;SELL
2016-03-29T13:42:27.000000;2016-03-29T13:42:27.670000;afd4f103-9a71-434f-a19b-79dc7032d330;11.638;0.2;BUY
2016-03-29T13:46:42.000000;2016-03-29T13:46:42.647000;8bbd4e0d-0989-4a16-be75-9c25ab481792;11.638;9.06547082;BUY
2016-03-29T13:46:51.000000;2016-03-29T13:46:51.983000;033cf925-c911-49c7-831c-c51d9aa501d8;11.65;2.27452852;BUY
2016-03-29T13:47:33.000000;2016-03-29T13:47:33.407000;99827d97-e4df-42f4-9d18-d80ecdd6f3fb;11.65;2.72547143;BUY
2016-03-29T13:49:34.000000;2016-03-29T13:49:34.550000;890d38cb-8c4f-4623-a6ac-64b0270a8186;11.668;2.72547148;SELL
2016-03-29T13:49:34.000000;2016-03-29T13:49:34.563000;4ad359a8-cfa7-4563-9ae7-27674048de1c;11.668;2.72547143;SELL
2016-03-29T13:49:36.000000;2016-03-29T13:49:36.380000;1ccd024f-8e40-45db-843b-2169732e3c1b;11.667;50.5904;SELL
2016-03-29T13:51:25.000000;2016-03-29T13:51:25.773000;8d910527-5cf2-430e-a4a3-66f84a1cbe2d;11.63;8.93525092;SELL
2016-03-29T13:51:44.000000;2016-03-29T13:51:44.427000;f757b2bf-4b43-408a-8871-903b227ed5d5;11.63;4.4237884;SELL
2016-03-29T13:54:11.000000;2016-03-29T13:54:11.547000;f849634c-46d0-4188-ae11-c893112dfaa8;11.63;14.31075811;SELL
2016-03-29T13:56:08.000000;2016-03-29T13:56:08.757000;46ee85e0-1b36-4a98-a330-1a3a7c7435d9;11.63;4.0;SELL
2016-03-29T14:02:23.000000;2016-03-29T14:02:24.177000;2a637aa4-f755-4b8f-8de8-97e19ec30d88;11.65;29.41689899;BUY
2016-03-29T14:19:34.000000;2016-03-29T14:19:34.050000;f7d07091-4c0e-45b0-85f2-0dddcf478501;11.65;50.0;BUY
2016-03-29T14:22:49.000000;2016-03-29T14:22:49.883000;63c3a578-ea5d-436d-91f5-27bc60b5ae92;11.65;29.41689925;BUY
2016-03-29T14:22:50.000000;2016-03-29T14:22:50.117000;234db4d5-c3bb-4cfa-b8b4-51fe2a58392c;11.65;2.32723724;BUY
2016-03-29T14:22:52.000000;2016-03-29T14:22:52.390000;988908cf-0046-4e8a-8d5f-1bc18695ed18;11.65;24.41524205;BUY
2016-03-29T14:22:53.000000;2016-03-29T14:22:53.737000;c7e7b852-0224-4ce3-8792-8a9f1d5e2622;11.65;19.85842396;BUY
2016-03-29T14:22:54.000000;2016-03-29T14:22:54.127000;86b7e3e3-1952-468d-9ce7-e3ee35dcacc9;11.65;9.55847529;BUY
2016-03-29T14:22:54.000000;2016-03-29T14:22:54.290000;f5b26ea6-2945-496b-a2cc-5b89c342b90d;11.65;2.32723724;BUY
2016-03-29T14:22:55.000000;2016-03-29T14:22:55.383000;0339d82d-2444-46d7-a2b4-941d7d421ab0;11.65;11.61200904;BUY
2016-03-29T14:22:55.000000;2016-03-29T14:22:55.850000;a170cd41-6dc3-4fd0-9970-79bac31d483f;11.65;0.35618025;BUY
2016-03-29T14:22:57.000000;2016-03-29T14:22:57.903000;4b7dfc63-ffaa-490b-a62d-4ccbbdf2666c;11.65;19.66383977;BUY
2016-03-29T14:22:59.000000;2016-03-29T14:22:59.570000;22f72439-fa54-4996-9459-7529358b109f;11.65;1.04755692;BUY
2016-03-29T14:23:04.000000;2016-03-29T14:23:04.387000;39730340-8b4c-4301-820b-c99f5cb2f356;11.67;3.07639603;BUY
2016-03-29T14:23:06.000000;2016-03-29T14:23:06.577000;0da280dc-8698-49fb-b30b-db0357675d7a;11.67;6.92360397;BUY
2016-03-29T14:23:06.000000;2016-03-29T14:23:06.587000;4c590b76-28a6-4026-8cad-ff8b9b99aa2d;11.69;7.29061735;BUY
2016-03-29T14:23:07.000000;2016-03-29T14:23:07.307000;3a823b56-0cb0-4170-8c29-081ef5606f38;11.69;14.21422132;BUY
2016-03-29T14:23:15.000000;2016-03-29T14:23:15.327000;a1260dc8-f142-4988-acda-86b0c96b55a1;11.69;29.41689925;BUY
2016-03-29T14:23:18.000000;2016-03-29T14:23:18.830000;ee63c2e5-670c-44ba-b0b2-e4cf87b652d3;11.69;14.53376027;BUY
2016-03-29T14:23:36.000000;2016-03-29T14:23:36.713000;c315d9d9-350e-455e-beb7-34513e1d5290;11.69;0.92760798;BUY
2016-03-29T14:23:59.000000;2016-03-29T14:23:59.190000;2240530d-e7ac-471c-a9a2-eada655a7eb5;11.69;29.38748235;BUY
2016-03-29T14:23:59.000000;2016-03-29T14:23:59.627000;0249601c-aeca-4763-98d8-9592459e5009;11.69;29.38748235;BUY
2016-03-29T14:24:00.000000;2016-03-29T14:24:00.653000;4d59b58e-ae5a-4369-aad5-45eb1b25259f;11.69;29.29564121;BUY
2016-03-29T14:24:01.000000;2016-03-29T14:24:01.747000;1a59a53c-b782-491f-a150-1862d3520f41;11.69;29.38748235;BUY
2016-03-29T14:24:02.000000;2016-03-29T14:24:02.693000;0c1c8841-d524-4d19-8c18-b16209325f8d;11.69;16.15880557;BUY
2016-03-29T14:24:02.000000;2016-03-29T14:24:02.697000;4b85dd33-b006-4497-a0f4-9a3db6148dc0;11.69;10.0;BUY
2016-03-29T14:25:15.000000;2016-03-29T14:25:15.540000;c6a2cc41-5ed0-4c86-a873-ee3123b82492;11.693;0.1;BUY
2016-03-29T14:25:18.000000;2016-03-29T14:25:18.560000;253b5772-d5de-4c34-b629-350e0799e504;11.694;0.1;BUY
2016-03-29T14:25:34.000000;2016-03-29T14:25:34.043000;bca1ea30-7217-47b0-a255-9be7286a72fc;11.7;29.41689925;BUY
2016-03-29T14:25:34.000000;2016-03-29T14:25:34.057000;247f56db-2d31-4af6-9b02-0466d37e0928;11.7;1.8153015;BUY
2016-03-29T14:25:34.000000;2016-03-29T14:25:34.077000;f38fa129-705c-424d-9d9e-0e8a5c95fad6;11.7;24.41689925;BUY
2016-03-29T14:25:34.000000;2016-03-29T14:25:34.333000;007dfe02-c173-478e-8299-9c23ebf625dc;11.7;5.0;BUY
2016-03-29T14:25:42.000000;2016-03-29T14:25:42.550000;fafa9368-f831-4369-8696-b23a27cf9690;11.715;0.1;BUY
2016-03-29T14:25:42.000000;2016-03-29T14:25:42.550000;e11078f9-925d-4b41-a642-bd25e9fb34b2;11.725;0.1;BUY
2016-03-29T14:25:42.000000;2016-03-29T14:25:42.550000;3fa4e433-fb43-4120-8548-ccf984dad3a3;11.732;0.3503;BUY
2016-03-29T14:25:42.000000;2016-03-29T14:25:42.587000;955b0d98-ab0e-4955-8388-dd26eb64637a;11.745;0.1;BUY
2016-03-29T14:25:42.000000;2016-03-29T14:25:42.587000;7633edf4-ba70-4d50-959d-4b177454ad7c;11.76;7.0;BUY
2016-03-29T14:25:42.000000;2016-03-29T14:25:42.590000;ae3b8a5a-6eec-49a0-84bc-38fe6f2a1947;11.77;20.0;BUY
2016-03-29T14:25:42.000000;2016-03-29T14:25:42.590000;ca8a6721-15e9-4b7b-bf17-22e14ce88f70;11.77;20.0;BUY
2016-03-29T14:25:42.000000;2016-03-29T14:25:42.590000;1aedcfd2-59a8-4060-b2fc-39183b584c31;11.77;2.327911;BUY
2016-03-29T14:25:42.000000;2016-03-29T14:25:42.590000;a4ccb61d-3b96-4c3a-90a7-d25e301c59c6;11.795;0.021789;BUY
2016-03-29T14:34:36.000000;2016-03-29T14:34:37.033000;ee25829e-4e61-4973-b1db-ea481a053b76;11.731;37.93552781;SELL
2016-03-29T14:39:05.000000;2016-03-29T14:39:05.340000;2874ba51-0880-41cd-a2dd-a743c62e9fc4;11.73;29.38748235;SELL
2016-03-29T14:39:54.000000;2016-03-29T14:39:54.460000;8d1dd409-25de-4566-9f65-2c3189ebcf7f;11.73;5.28620925;SELL
2016-03-29T14:43:19.000000;2016-03-29T14:43:19.203000;5ce1f198-4764-4d94-92ab-95b7eb41304f;11.73;5.0;SELL
2016-03-29T14:48:32.000000;2016-03-29T14:48:32.603000;1d9efc70-7a36-4525-819c-1526c9178936;11.753;0.1;BUY
2016-03-29T15:01:20.000000;2016-03-29T15:01:20.937000;44852bf4-6904-43f1-9c6e-0d586e0ddc39;11.73;1.7904084;SELL
2016-03-29T15:01:21.000000;2016-03-29T15:01:21.887000;56b6741d-7451-41a6-9fce-0b78410d4c5e;11.707;7.06147336;SELL
2016-03-29T15:01:38.000000;2016-03-29T15:01:38.717000;0ed9aa4f-6cb7-4f2b-b5e2-39896ad6dba8;11.707;7.84674909;SELL
2016-03-29T15:01:38.000000;2016-03-29T15:01:38.960000;2699a66f-cbd4-42c7-9023-cf630d66571f;11.707;14.5086768;SELL
2016-03-29T15:09:14.000000;2016-03-29T15:09:14.190000;2eb81c93-630b-46bc-a95a-7c5952a1db89;11.7;0.44559172;BUY
2016-03-29T15:09:14.000000;2016-03-29T15:09:14.197000;9231aed3-e3bf-4cc4-9eb5-9c467126122d;11.723;6.55440828;BUY
2016-03-29T15:17:04.000000;2016-03-29T15:17:05.053000;7d004956-4420-4328-9dae-7fc34911ac2b;11.719;0.5005005;BUY
2016-03-29T15:21:17.000000;2016-03-29T15:21:17.060000;6d81349b-2319-4f50-acfe-5c9523d117ca;11.687;1.8;SELL
2016-03-29T15:21:17.000000;2016-03-29T15:21:17.077000;03b90c3a-6ef9-4b8b-8f05-a64156d74af6;11.686;50.6493;SELL
2016-03-29T15:21:17.000000;2016-03-29T15:21:17.080000;7d13b825-aa7a-49a4-a9f2-1f29e162adb0;11.68;27.58748235;SELL
2016-03-29T15:23:07.000000;2016-03-29T15:23:07.803000;988c7910-f638-4b75-bea8-b0392bf01f82;11.719;14.5086768;BUY
2016-03-29T15:23:07.000000;2016-03-29T15:23:07.807000;388db7bd-a3c8-4965-a843-9c92af602141;11.719;3.74928116;BUY
2016-03-29T15:27:01.000000;2016-03-29T15:27:01.093000;078d57ed-70b2-4a68-adf2-02f8b846410f;11.718;1.8;BUY
2016-03-29T15:27:01.000000;2016-03-29T15:27:01.097000;ba0523e0-fc5c-4182-b009-1c3434c3a496;11.719;3.59696743;BUY
2016-03-29T15:27:01.000000;2016-03-29T15:27:01.100000;9480a846-a60d-453d-887e-7391ee158cfd;11.72;10.0;BUY
2016-03-29T15:27:01.000000;2016-03-29T15:27:01.137000;9e4175ae-3d5a-4b6f-be51-3642993a2a3f;11.749;50.2391;BUY
2016-03-29T15:27:01.000000;2016-03-29T15:27:01.407000;41ac7b93-4b84-454f-8a5b-4df42af07167;11.75;1.73;BUY
2016-03-29T15:27:01.000000;2016-03-29T15:27:01.407000;158700fc-afe2-4570-9c83-5b02dc9c39b2;11.75;10.54809516;BUY
2016-03-29T15:27:01.000000;2016-03-29T15:27:01.410000;951dff5e-b0a5-48b2-b3f5-b846ba8d9137;11.76;37.08583741;BUY
2016-03-29T15:28:47.000000;2016-03-29T15:28:47.677000;e29f628d-e646-4140-bf9e-2a382abb1adc;11.743;2.1;BUY
2016-03-29T15:28:51.000000;2016-03-29T15:28:51.130000;0fe49ca6-c61c-4fc0-9103-3657f64f0f2e;11.695;1.1;SELL
2016-03-29T15:28:51.000000;2016-03-29T15:28:51.137000;067441ff-eee3-40f3-97c7-720504600563;11.694;0.39696743;SELL
2016-03-29T15:38:59.000000;2016-03-29T15:38:59.340000;ad6fbbe7-1a74-4484-8be2-b28895e674f8;11.733;1.1;BUY
2016-03-29T15:38:59.000000;2016-03-29T15:38:59.603000;c1649276-20d6-4dea-987e-ded054421d78;11.734;13.00705001;BUY
2016-03-29T15:39:00.000000;2016-03-29T15:39:00.303000;70b635e2-16cf-44df-bffc-9ab34e3b3400;11.734;14.10705001;BUY
2016-03-29T15:39:03.000000;2016-03-29T15:39:03.670000;c6abd4be-7bda-4595-96fd-1c7bd1b31853;11.733;29.41689925;BUY
2016-03-29T15:39:04.000000;2016-03-29T15:39:04.493000;b3a47601-cd6c-467b-a27b-7defe32675a0;11.749;10.0;BUY
2016-03-29T15:39:18.000000;2016-03-29T15:39:18.083000;031a2ab0-4696-4a45-96f8-c26dbd6342c8;11.75;10.0;BUY
2016-03-29T15:40:11.000000;2016-03-29T15:40:11.053000;3b7f541f-125a-481e-b9c0-c04186857dc0;11.76;22.05275222;BUY
2016-03-29T15:40:13.000000;2016-03-29T15:40:13.550000;d3564574-f4da-492e-b9cb-619b906695e0;11.76;5.72572573;BUY
2016-03-29T15:40:18.000000;2016-03-29T15:40:18.980000;ec108311-8618-4e32-9d2c-146146d1028a;11.76;3.11311311;BUY
2016-03-29T15:40:19.000000;2016-03-29T15:40:19.687000;ce23fe70-3284-4061-b2cd-eb253bbc408a;11.76;15.2952953;BUY
2016-03-29T15:40:26.000000;2016-03-29T15:40:26.980000;41712f87-715a-479f-90ce-f572c77cf57b;11.76;1.10214214;BUY
2016-03-29T15:40:27.000000;2016-03-29T15:40:27.773000;0ec99b2a-39a6-40ca-9003-8c95440b3eca;11.76;15.62513409;BUY
2016-03-29T15:40:29.000000;2016-03-29T15:40:29.577000;731e25eb-5c21-4c62-a83e-c90b86712c06;11.795;1.10214214;BUY
2016-03-29T15:44:51.000000;2016-03-29T15:44:51.397000;72caef28-b7bc-4adf-b591-21f5ef1c32bb;11.794;1.0;SELL
2016-03-29T15:45:00.000000;2016-03-29T15:45:00.600000;c12b1654-a40a-4be5-a399-cb557c6fad56;11.795;1.666671;BUY
2016-03-29T15:45:08.000000;2016-03-29T15:45:08.020000;5ff24322-9368-4416-a51e-5918cfa58244;11.795;3.4;BUY
2016-03-29T15:45:10.000000;2016-03-29T15:45:10.907000;8f05d722-e9c2-4694-b90d-4325e53d3923;11.794;1.0;SELL
2016-03-29T15:45:14.000000;2016-03-29T15:45:14.583000;69eaafe4-5af5-4af9-a838-f106d108d345;11.794;1.0;SELL
2016-03-29T15:45:17.000000;2016-03-29T15:45:17.663000;896df20b-1a17-4111-8a13-c50bfcdd710f;11.795;0.5;BUY
2016-03-29T15:45:20.000000;2016-03-29T15:45:20.033000;20e7d84e-7693-4109-9b99-f6e1a6ec95af;11.795;8.30939786;BUY
2016-03-29T15:45:23.000000;2016-03-29T15:45:23.137000;7b9264de-0ef4-4cf5-b28f-02c582de9f3e;11.797;0.3505;BUY
2016-03-29T15:45:49.000000;2016-03-29T15:45:49.327000;a7eb2548-712a-4167-8b46-a57aa950b1fa;11.799;16.656125;BUY
2016-03-29T15:45:49.000000;2016-03-29T15:45:49.330000;f012646b-c486-4963-a433-7b5adf7bff5f;11.8;1.0;BUY
2016-03-29T15:45:49.000000;2016-03-29T15:45:49.333000;1f4b462f-9a2b-4e95-a2a9-459ad2b67b1d;11.8;0.1;BUY
2016-03-29T15:45:50.000000;2016-03-29T15:45:50.210000;692fc93a-d515-47e8-a62e-c355f2445877;11.811;0.1;BUY
2016-03-29T15:45:50.000000;2016-03-29T15:45:50.227000;1b7d0872-8f3c-42ba-9328-e59c84488b82;11.813;0.1;BUY
2016-03-29T15:45:50.000000;2016-03-29T15:45:50.260000;d5e821b4-1e02-4fa5-b367-0c8d035c93bc;11.82;10.0;BUY
2016-03-29T15:45:50.000000;2016-03-29T15:45:50.263000;56d7a074-a56f-4bc2-a4bd-5d7465329715;11.824;0.1;BUY
2016-03-29T15:45:50.000000;2016-03-29T15:45:50.267000;8a5210fd-3653-4b9a-b8d9-19ab5f3e0558;11.825;0.1;BUY
2016-03-29T15:45:50.000000;2016-03-29T15:45:50.303000;0e812a8b-6d3b-4339-97ff-87783257a104;11.834;0.1;BUY
2016-03-29T15:45:50.000000;2016-03-29T15:45:50.303000;9cd2ca2c-f5f3-4dbf-818f-b388c7efa528;11.837;0.3505;BUY
2016-03-29T15:45:50.000000;2016-03-29T15:45:50.303000;76efae40-bbaf-4857-8c16-a23aad2a8d38;11.837;0.1;BUY
2016-03-29T15:45:50.000000;2016-03-29T15:45:50.303000;82eb7e8b-32b3-4bbb-9542-81dfa6a44252;11.838;0.3505;BUY
2016-03-29T15:45:50.000000;2016-03-29T15:45:50.313000;6af3eca0-cf98-4b75-b8cd-b56aaeadb90a;11.841;0.1;BUY
2016-03-29T15:45:50.000000;2016-03-29T15:45:50.340000;b33c82b9-929f-4faf-8fc4-d7342752ba49;11.843;0.1;BUY
2016-03-29T15:45:51.000000;2016-03-29T15:45:51.880000;b0a810e0-167b-466e-a0e0-44b6ad1239a0;11.849;4.3818;SELL
2016-03-29T15:45:57.000000;2016-03-29T15:45:57.197000;2d502492-6a4b-4259-a30c-215edb73433b;11.849;0.6572;SELL
2016-03-29T15:45:57.000000;2016-03-29T15:45:57.587000;6ec65cdb-9c7e-43f3-9872-30e543d27d25;11.849;0.116;SELL
2016-03-29T15:46:04.000000;2016-03-29T15:46:04.283000;5083aa5d-6ca0-495f-a596-829ac27c67ec;11.801;1.0;SELL
2016-03-29T15:46:05.000000;2016-03-29T15:46:05.653000;031b39d0-3597-4ee4-9b6e-f59fddf2aff4;11.801;1.0;SELL
2016-03-29T15:47:01.000000;2016-03-29T15:47:01.587000;ce177e10-5ae7-4197-ac44-e70dea004a40;11.85;0.7129;BUY
2016-03-29T15:47:12.000000;2016-03-29T15:47:12.657000;3fd12312-2088-40a0-b1fd-b65134ea1879;11.803;1.0;SELL
2016-03-29T15:47:19.000000;2016-03-29T15:47:19.813000;34c1009a-6006-493c-979a-e00a912f2c47;11.803;0.53118;SELL
2016-03-29T15:49:11.000000;2016-03-29T15:49:11.387000;52341252-e7f0-4c05-8990-26dac529d6d5;11.85;0.2871;BUY
2016-03-29T15:49:11.000000;2016-03-29T15:49:11.407000;576f4224-3c0b-4174-8b12-63c951e130cb;11.85;8.48;BUY
2016-03-29T15:49:11.000000;2016-03-29T15:49:11.410000;17c7591c-f7cc-430b-9782-7eafff6b1b00;11.85;0.1;BUY
2016-03-29T15:49:11.000000;2016-03-29T15:49:11.443000;42cf0889-6178-4e41-a05c-1f3bea51cdd8;11.853;0.1;BUY
2016-03-29T15:49:11.000000;2016-03-29T15:49:11.443000;f55c7d53-23a4-462a-a3be-28342a0d928f;11.854;0.1;BUY
2016-03-29T15:49:11.000000;2016-03-29T15:49:11.443000;752b1d9c-fe34-4677-b350-f921157a1fd0;11.857;0.1;BUY
2016-03-29T15:49:11.000000;2016-03-29T15:49:11.443000;d09dcd3d-1a6f-4ce1-aea0-d599d60bcd93;11.86;0.1;BUY
2016-03-29T15:50:09.000000;2016-03-29T15:50:09.087000;ef14fb85-6dc6-43cd-a3e4-355bb836c6c5;11.818;5.0;SELL
2016-03-29T15:51:26.000000;2016-03-29T15:51:27.043000;f2f3762e-b09f-410f-9a24-49b86f2e355b;11.863;0.1;BUY
2016-03-29T15:51:26.000000;2016-03-29T15:51:27.160000;0d7456d4-c454-4fe5-ad41-3e49d34bec19;11.863;0.1;BUY
2016-03-29T15:51:26.000000;2016-03-29T15:51:27.160000;299f683c-9882-46b0-8242-9bfe66b2a681;11.863;0.1;BUY
2016-03-29T15:51:26.000000;2016-03-29T15:51:27.160000;744e7b80-3d35-416a-b674-d6c180756a39;11.864;0.1;BUY
2016-03-29T15:51:26.000000;2016-03-29T15:51:27.160000;b91950d5-7eb7-4c46-87d4-c21bb04c0d87;11.864;0.1;BUY
2016-03-29T15:51:26.000000;2016-03-29T15:51:27.160000;268fcd74-69ed-4a6b-946d-085549b1ce1b;11.865;0.1;BUY
2016-03-29T15:51:43.000000;2016-03-29T15:51:43.223000;5c8d0703-115e-4109-8f5e-93fa31f0b821;11.865;0.51;SELL
2016-03-29T15:51:43.000000;2016-03-29T15:51:43.970000;e92e4dba-3096-4d37-acf9-df24d67bf6b9;11.865;0.09;SELL
2016-03-29T15:51:43.000000;2016-03-29T15:51:43.987000;19a4ba02-c710-49a8-bfa4-85cd3190701a;11.834;49.9325;SELL
2016-03-29T15:51:43.000000;2016-03-29T15:51:43.987000;e586ca1f-2ac0-427e-a33a-5f8b3039fa67;11.818;29.38748235;SELL
2016-03-29T15:51:43.000000;2016-03-29T15:51:44.023000;5c17c0fa-e732-4cfc-a750-3cd1e3a9905e;11.818;8.637597;SELL
2016-03-29T15:51:43.000000;2016-03-29T15:51:44.023000;a8e4aeda-e0eb-45db-b04d-deb6b33ea29b;11.816;17.756125;SELL
2016-03-29T15:51:43.000000;2016-03-29T15:51:44.023000;0e3edb15-2a7e-4086-b629-c3fa73f60ed7;11.816;0.04660565;SELL
2016-03-29T15:51:47.000000;2016-03-29T15:51:47.653000;cc2d7bf5-88d2-4383-867a-08938a3a8c0a;11.817;1.0;SELL
2016-03-29T15:51:51.000000;2016-03-29T15:51:51.193000;39ee0c8f-b71c-474c-a74f-0025f25d3efd;11.817;1.0;SELL
2016-03-29T15:52:57.000000;2016-03-29T15:53:00.053000;b60cffef-9c31-40ba-802d-e7029a784989;11.825;1.0;SELL
2016-03-29T15:53:14.000000;2016-03-29T15:53:14.837000;c2bde2d6-3982-4f7b-80fd-396525516066;11.834;1.0;SELL
2016-03-29T15:53:24.000000;2016-03-29T15:53:24.380000;665dfd33-b05f-49da-a6ac-df27a6091470;11.838;8.1011;SELL
2016-03-29T15:53:34.000000;2016-03-29T15:53:34.600000;0566c89c-141a-4692-801e-abf121c7fc7f;11.838;0.8924;SELL
2016-03-29T15:53:43.000000;2016-03-29T15:53:43.550000;6717ad48-7ef1-4c75-ad2a-47395838d0c9;11.838;1.0;SELL
2016-03-29T15:53:45.000000;2016-03-29T15:53:45.793000;acbe221f-db81-41e6-9cd6-ce0ad35af88b;11.838;0.3561;SELL
2016-03-29T15:53:51.000000;2016-03-29T15:53:51.517000;7836fbee-cb05-4dd1-9652-e7d81b4ce05c;11.838;0.22265;SELL
2016-03-29T15:53:55.000000;2016-03-29T15:53:55.913000;0a71a2af-6ba0-47c1-bcea-61d6a028b264;11.838;16.653;SELL
2016-03-29T15:54:17.000000;2016-03-29T15:54:17.420000;f1cc3208-10af-4745-84d8-d94cb022749d;11.824;1.0;BUY
2016-03-29T15:54:53.000000;2016-03-29T15:54:53.127000;de7e085d-689b-4339-a132-e634b8800989;11.837;0.1421;SELL
2016-03-29T15:55:15.000000;2016-03-29T15:55:15.220000;16bccade-d06b-462c-8967-d183f35ba1b9;11.837;1.0;SELL
2016-03-29T15:55:22.000000;2016-03-29T15:55:22.283000;6405db30-f223-478b-a4ad-f767140fb30e;11.837;1.0;SELL
2016-03-29T15:55:31.000000;2016-03-29T15:55:31.060000;38570c3f-8c83-4569-a317-9601f8db168c;11.837;1.0;SELL
2016-03-29T15:55:44.000000;2016-03-29T15:55:44.080000;96932097-2f8b-4fc7-982a-5c68af1fb6f8;11.837;1.0;SELL
2016-03-29T15:56:22.000000;2016-03-29T15:56:22.267000;e9c3d009-dcb6-410a-8f3f-3d9cb3db68f7;11.833;1.0;BUY
2016-03-29T15:56:24.000000;2016-03-29T15:56:24.093000;2be0a06f-f214-4942-87ed-32aa047b625a;11.836;1.0;BUY
2016-03-29T15:56:24.000000;2016-03-29T15:56:24.120000;a295d4d5-5eec-47c7-955e-80a7106aa205;11.836;1.0;BUY
2016-03-29T15:56:24.000000;2016-03-29T15:56:24.147000;873836e4-ff9b-45c7-8724-b0b156ec2391;11.836;1.0;BUY
2016-03-29T15:56:24.000000;2016-03-29T15:56:24.160000;e72597bc-a45a-4435-84d1-72be77b4638d;11.836;1.0;BUY
2016-03-29T15:56:24.000000;2016-03-29T15:56:24.347000;322c45b1-a8a6-46d2-a9f0-d02eb6a64cfb;11.836;0.7;BUY
2016-03-29T15:56:26.000000;2016-03-29T15:56:26.337000;8122f5bd-d056-401b-9401-51da1f77a62b;11.837;0.3;BUY
2016-03-29T15:57:28.000000;2016-03-29T15:57:28.090000;7d6d6e6e-99be-4d9f-93df-850428121a4f;11.815;0.9;SELL
2016-03-29T15:57:29.000000;2016-03-29T15:57:29.257000;3348094a-a2ec-4421-b7ba-ec070f1c3729;11.815;0.9;SELL
2016-03-29T16:04:02.000000;2016-03-29T16:04:02.407000;920e84c1-b7e6-4a39-891e-f28e475d1366;11.834;1.0;BUY
2016-03-29T16:04:02.000000;2016-03-29T16:04:02.420000;8aafb210-cecc-44ea-8829-8e8036751261;11.834;1.0;BUY
2016-03-29T16:04:02.000000;2016-03-29T16:04:02.437000;a640ba73-1f1b-4086-be8a-c55fd7573ec3;11.834;0.69981579;BUY
2016-03-29T16:04:04.000000;2016-03-29T16:04:04.480000;2a39eea3-b19c-4efa-8b2a-11bed3c54fc3;11.834;0.30018421;BUY
2016-03-29T16:04:06.000000;2016-03-29T16:04:07.197000;c3e9e29f-0c6d-4a55-a14c-c532247bd4c8;11.837;0.7;BUY
2016-03-29T16:04:06.000000;2016-03-29T16:04:07.197000;e87a31a4-4949-4423-9269-2bc95b21bf09;11.837;1.0;BUY
2016-03-29T16:04:06.000000;2016-03-29T16:04:07.203000;7bdf8cdb-8f69-419c-aa16-7a5c317b999b;11.837;0.69963158;BUY
2016-03-29T16:04:07.000000;2016-03-29T16:04:07.400000;24283227-7b4f-4f6b-8e2a-48d65c198a42;11.837;0.30036842;BUY
2016-03-29T16:04:07.000000;2016-03-29T16:04:07.403000;9e05a3e2-2a6c-4381-a4b4-b91d0e0b2c65;11.838;1.0;BUY
2016-03-29T16:04:51.000000;2016-03-29T16:04:51.547000;bde49157-9f55-4612-b279-34ca74bdf6ff;11.829;1.0;SELL
2016-03-29T16:05:11.000000;2016-03-29T16:05:11.160000;89f89768-ead5-473b-9b41-ea3e94c9582a;11.828;1.0;SELL
2016-03-29T16:05:30.000000;2016-03-29T16:05:30.963000;e26a77ee-833b-4be3-a0cf-823c08096714;11.83;1.0;SELL
2016-03-29T16:05:49.000000;2016-03-29T16:05:49.963000;13854a4a-3602-4ed5-8097-925ca0770570;11.831;1.0;SELL
2016-03-29T16:06:00.000000;2016-03-29T16:06:00.727000;9181ce53-8727-41b5-a9b3-4285e96e482e;11.883;0.1;BUY
2016-03-29T16:06:00.000000;2016-03-29T16:06:00.730000;cfc3b3d9-0373-4e66-9908-5b618c806ee1;11.883;0.1;BUY
2016-03-29T16:06:08.000000;2016-03-29T16:06:08.297000;702631cd-9d42-4d34-963f-81630f815b06;11.883;1.0;SELL
2016-03-29T16:06:31.000000;2016-03-29T16:06:31.677000;8a34f06f-8a40-4c6d-afec-1e3feef26432;11.883;1.0;SELL
2016-03-29T16:06:50.000000;2016-03-29T16:06:51.033000;d1d40dcf-81fe-4692-9ff7-a0593a282f91;11.883;1.0;SELL
2016-03-29T16:06:59.000000;2016-03-29T16:06:59.397000;79699390-047a-46ef-ac88-72227280e8f8;11.883;0.22181;SELL
2016-03-29T16:07:10.000000;2016-03-29T16:07:10.957000;fc483752-0cb2-418f-9484-314851d44ef8;11.883;1.0;SELL
2016-03-29T16:07:16.000000;2016-03-29T16:07:16.170000;c4b18f6c-9095-402d-aa26-e6256b4ea756;11.883;0.12;SELL
2016-03-29T16:07:32.000000;2016-03-29T16:07:32.623000;1ce3edcf-5f9d-4b7a-9e69-243fb159193e;11.883;0.45819;SELL
2016-03-29T16:08:32.000000;2016-03-29T16:08:32.953000;fc304e7d-0470-4fee-bf7d-50d5ffcb5fa0;11.837;0.213443;SELL
2016-03-29T16:12:55.000000;2016-03-29T16:12:55.580000;8170fb97-f9e0-48b2-9e7e-0825fe564470;11.802;0.71154518;SELL
2016-03-29T16:14:03.000000;2016-03-29T16:14:03.483000;130377fe-567c-41c5-bf89-7aa95b1dceb8;11.802;1.09118629;SELL
2016-03-29T16:14:30.000000;2016-03-29T16:14:31.047000;edf0be5d-bf32-4772-903c-90cc780d3206;11.802;3.91070569;SELL
2016-03-29T16:14:39.000000;2016-03-29T16:14:39.403000;c5a7804d-8e61-4673-b02f-8d8937af50ef;11.802;0.35057087;SELL
2016-03-29T16:15:08.000000;2016-03-29T16:15:08.920000;a362f626-0a29-4610-99a1-990879b6a731;11.802;8.32877305;SELL
2016-03-29T16:15:09.000000;2016-03-29T16:15:09.770000;f95b7210-941c-4b2d-a088-f8c13e53c75e;11.873;1.51673827;BUY
2016-03-29T16:15:29.000000;2016-03-29T16:15:29.160000;b894637e-fd73-4ed6-8e36-3d200b583697;11.801;3.787938;SELL
2016-03-29T16:15:45.000000;2016-03-29T16:15:45.817000;c27d2a37-25f8-4557-9f6e-4ce9ace92448;11.8;29.38748235;SELL
2016-03-29T16:15:46.000000;2016-03-29T16:15:46.780000;5dd498e2-8ef3-4245-9989-fdd9be9619ce;11.8;15.38156951;SELL
2016-03-29T16:15:46.000000;2016-03-29T16:15:46.803000;99c3f88c-ead2-4099-a16b-156ce5d21f75;11.8;29.38748235;SELL
2016-03-29T16:15:47.000000;2016-03-29T16:15:47.297000;c7097185-15db-4fc2-bd61-83c6fbeb8aba;11.8;26.40916579;SELL
