time_exchange;time_coinpai;guid;price;base_amount;taker_side
2016-03-29T00:04:51.000000;2016-03-29T00:04:51.000000;5400285c-8e17-41b7-93c3-f9ef554568be;424.03;0.848553;UNKNOWN
2016-03-29T00:06:12.000000;2016-03-29T00:06:12.000000;58db22d3-d5c4-4503-9575-0bd7d13015ce;424.03;0.12848717;UNKNOWN
2016-03-29T00:06:48.000000;2016-03-29T00:06:48.000000;08f00bac-27d2-42f3-a240-eed26955fee4;424.03;0.767099;UNKNOWN
2016-03-29T00:07:22.000000;2016-03-29T00:07:22.000000;4d89ba3a-b279-432a-8efa-952cddd6ea43;424.07;2.4001;UNKNOWN
2016-03-29T00:07:59.000000;2016-03-29T00:07:59.000000;53e8a7dc-0eeb-4dcd-b074-710b280d047e;424.04;0.218901;UNKNOWN
2016-03-29T00:07:59.000000;2016-03-29T00:07:59.000000;5a23a9da-c7d9-4fee-abd4-dca71227ace8;424.07;1.781099;UNKNOWN
2016-03-29T00:09:24.000000;2016-03-29T00:09:24.000000;a1145c93-13ec-40ab-b760-05fdba00e688;424.04;0.13551154;UNKNOWN
2016-03-29T00:09:36.000000;2016-03-29T00:09:36.000000;19c1edf6-d8dc-422e-a9f5-4ea003584362;424.03;0.195073;UNKNOWN
2016-03-29T00:10:01.000000;2016-03-29T00:10:01.000000;9bab847a-41c0-461f-b8df-e8aa40c2ab23;424.03;0.146;UNKNOWN
2016-03-29T00:10:04.000000;2016-03-29T00:10:04.000000;0509f9c2-2ee7-4271-b63f-60eab95e5652;424.05;5.0;UNKNOWN
2016-03-29T00:10:23.000000;2016-03-29T00:10:23.000000;4e5cfeb6-1c6b-4b4e-97e4-62e8f9eccb37;424.03;0.78521217;UNKNOWN
2016-03-29T00:10:23.000000;2016-03-29T00:10:23.000000;3d6a0cba-4a30-45d5-b4d7-cd8c484364ac;424.03;0.21478783;UNKNOWN
2016-03-29T00:11:13.000000;2016-03-29T00:11:13.000000;c2950207-902b-464d-8ff5-0e18d1b270ff;424.03;0.117643;UNKNOWN
2016-03-29T00:12:08.000000;2016-03-29T00:12:08.000000;1413e60d-d95e-4183-ab13-abab9a164fcc;424.03;0.306493;UNKNOWN
2016-03-29T00:12:20.000000;2016-03-29T00:12:20.000000;a03c5b9b-11ce-49fd-b8a2-6603ee92f3c9;424.03;0.03270814;UNKNOWN
2016-03-29T00:14:20.000000;2016-03-29T00:14:20.000000;0ccbfa58-60e7-45dd-81fe-59b8bfb9eed9;424.03;0.05839912;UNKNOWN
2016-03-29T00:16:54.000000;2016-03-29T00:16:54.000000;d94f3c0f-288e-4afa-9726-a3df5bc252d8;424.03;1.0;UNKNOWN
2016-03-29T00:18:04.000000;2016-03-29T00:18:04.000000;e65ca3c5-c0b7-4e75-a552-289b47ea803d;424.03;0.07098;UNKNOWN
2016-03-29T00:19:00.000000;2016-03-29T00:19:00.000000;6ad51229-b03a-4e59-8288-2f24ab433306;424.03;1.757938;UNKNOWN
2016-03-29T00:20:20.000000;2016-03-29T00:20:20.000000;46ed1f4b-94fa-4624-b48f-bbb2741981c2;424.03;0.22921585;UNKNOWN
2016-03-29T00:21:00.000000;2016-03-29T00:21:00.000000;5cb7e5eb-4354-434c-90ed-1c266808432c;424.03;0.708915;UNKNOWN
2016-03-29T00:22:49.000000;2016-03-29T00:22:49.000000;1f49b9be-14ed-44ae-b437-dfdb33127864;424.03;5.0;UNKNOWN
2016-03-29T00:23:24.000000;2016-03-29T00:23:24.000000;d2b04e43-69dd-43bb-a96c-aa61f7bab69c;424.03;0.11352;UNKNOWN
2016-03-29T00:23:40.000000;2016-03-29T00:23:40.000000;052728d1-b556-416a-90f5-cff48a0e471c;424.06;0.25;UNKNOWN
2016-03-29T00:24:20.000000;2016-03-29T00:24:20.000000;60160e65-74d0-4316-94ee-14ede2f8ed1d;424.03;2.33613046;UNKNOWN
2016-03-29T00:26:29.000000;2016-03-29T00:26:29.000000;09c57375-7b25-448d-aec3-410a40a6c7f8;424.02;0.19377463;UNKNOWN
2016-03-29T00:26:32.000000;2016-03-29T00:26:32.000000;fbf2ab9a-67a0-45f1-9833-7744ec4b843a;424.02;1.68864863;UNKNOWN
2016-03-29T00:27:24.000000;2016-03-29T00:27:24.000000;4a7e2a16-e2d0-4d6b-8ede-8fea969c2f5f;424.01;0.238668;UNKNOWN
2016-03-29T00:27:24.000000;2016-03-29T00:27:24.000000;20ebd1a2-2b0a-47c2-ab1c-2563f9a6883d;424.01;0.36628132;UNKNOWN
2016-03-29T00:28:06.000000;2016-03-29T00:28:06.000000;8eacc878-c55b-49de-9687-7eb001b98745;424.09;0.49720649;UNKNOWN
2016-03-29T00:29:23.000000;2016-03-29T00:29:23.000000;e9ef7fe6-19b0-4ba0-91cb-c72345587acd;424.06;2.1695;UNKNOWN
2016-03-29T00:29:38.000000;2016-03-29T00:29:38.000000;958dd540-43b9-4371-a6b0-69ba7b9596e9;424.02;0.32476551;UNKNOWN
2016-03-29T00:29:44.000000;2016-03-29T00:29:44.000000;57da2d5c-f6f4-4785-9371-5222c1561667;424.02;0.32476551;UNKNOWN
2016-03-29T00:30:29.000000;2016-03-29T00:30:29.000000;55a7d0ff-75c8-4d8c-9785-15cd5734efa4;424.02;0.473;UNKNOWN
2016-03-29T00:31:24.000000;2016-03-29T00:31:24.000000;c5c2a7e4-2be0-490c-863f-2b5fa5baa885;424.02;0.5662313;UNKNOWN
2016-03-29T00:31:28.000000;2016-03-29T00:31:28.000000;8d1bfa2d-ae83-4ce8-b566-93bc7ac60f94;424.02;0.34320772;UNKNOWN
2016-03-29T00:31:33.000000;2016-03-29T00:31:33.000000;a8fd5a52-d56e-48d4-8988-5b032ca66cda;424.02;0.34320772;UNKNOWN
2016-03-29T00:33:01.000000;2016-03-29T00:33:01.000000;1c93847b-2292-49d4-8312-deab17e09c2d;424.02;0.02717517;UNKNOWN
2016-03-29T00:33:05.000000;2016-03-29T00:33:05.000000;50e143a3-6a7e-4f20-835b-c806ed51699e;424.02;0.079;UNKNOWN
2016-03-29T00:33:10.000000;2016-03-29T00:33:10.000000;1b1bcc18-0176-4296-a268-8f3bd1b1fe40;424.03;0.0499;UNKNOWN
2016-03-29T00:33:10.000000;2016-03-29T00:33:10.000000;9f2d7963-a80b-4912-a724-3fc351a71284;424.06;0.03235311;UNKNOWN
2016-03-29T00:33:24.000000;2016-03-29T00:33:24.000000;12551eee-f2a7-4792-81a6-2c3da27c8b92;424.02;0.05907763;UNKNOWN
2016-03-29T00:34:01.000000;2016-03-29T00:34:01.000000;5de5584f-81cd-4f56-ae10-81770ec99677;424.1;0.13744788;UNKNOWN
2016-03-29T00:34:02.000000;2016-03-29T00:34:02.000000;0c4cc802-6838-4643-b76c-3c72a03e440e;424.1;0.31271601;UNKNOWN
2016-03-29T00:34:02.000000;2016-03-29T00:34:02.000000;ee24c6a3-bb1f-4c64-8eda-c20b77490a79;424.1;0.06255212;UNKNOWN
2016-03-29T00:34:11.000000;2016-03-29T00:34:11.000000;fad83e82-29fa-418c-bce7-d2ed16936ac4;424.01;12.5;UNKNOWN
2016-03-29T00:34:11.000000;2016-03-29T00:34:11.000000;a2158ce9-504a-4e47-a70b-151eec857a67;423.78;4.5;UNKNOWN
2016-03-29T00:34:11.000000;2016-03-29T00:34:11.000000;30a82c69-5825-411e-a65b-8cc618a25c55;424.0;2.5929;UNKNOWN
2016-03-29T00:34:11.000000;2016-03-29T00:34:11.000000;ced88e93-8351-4f3d-a88c-e72722d0444c;424.03;7.2;UNKNOWN
2016-03-29T00:34:11.000000;2016-03-29T00:34:11.000000;caefdc5b-9fe7-4e92-a5e2-cf01a7630b7d;424.02;28.0;UNKNOWN
2016-03-29T00:34:11.000000;2016-03-29T00:34:11.000000;3429bd37-0957-4099-bbbf-17423f76bd19;423.77;15.0;UNKNOWN
2016-03-29T00:34:11.000000;2016-03-29T00:34:11.000000;f309b8e5-4aa8-45eb-9b76-8fa016e1c255;423.91;13.4337;UNKNOWN
2016-03-29T00:34:11.000000;2016-03-29T00:34:11.000000;730537e1-0cda-4f6e-85d0-13535a9e7efd;423.77;1.0;UNKNOWN
2016-03-29T00:34:11.000000;2016-03-29T00:34:11.000000;5ed3eb29-b697-4118-9651-98cfd4c23bdd;423.76;12.6118;UNKNOWN
2016-03-29T00:34:11.000000;2016-03-29T00:34:11.000000;57bcc757-2122-439a-8d02-c5cd19c6939c;423.6;13.7573;UNKNOWN
2016-03-29T00:34:11.000000;2016-03-29T00:34:11.000000;33fa899f-6c44-41f6-9ee9-d81994839d70;423.6;0.22550882;UNKNOWN
2016-03-29T00:34:11.000000;2016-03-29T00:34:11.000000;dc8942b7-6060-45b4-aad4-ffbd59ab0b3d;424.0;0.25;UNKNOWN
2016-03-29T00:34:11.000000;2016-03-29T00:34:11.000000;429eaa63-17c8-42f2-950b-4a6aa7983993;424.0;19.0;UNKNOWN
2016-03-29T00:34:11.000000;2016-03-29T00:34:11.000000;e2a026a2-adbc-45c5-920d-0a536e850d06;423.64;4.61;UNKNOWN
2016-03-29T00:34:11.000000;2016-03-29T00:34:11.000000;ffb77221-cf5c-424a-93ca-befdd5658a14;424.03;5.8885;UNKNOWN
2016-03-29T00:34:11.000000;2016-03-29T00:34:11.000000;a1cdcd53-d73d-49a3-8df7-5e4650a4f8be;423.51;13.09026342;UNKNOWN
2016-03-29T00:34:11.000000;2016-03-29T00:34:11.000000;8e5763b2-ce85-4ffe-a61a-63e013466452;423.63;146.1118178;UNKNOWN
2016-03-29T00:34:11.000000;2016-03-29T00:34:11.000000;760187a4-ee51-4f91-bb5b-557b4050166c;423.65;0.236;UNKNOWN
2016-03-29T00:34:22.000000;2016-03-29T00:34:22.000000;9f732af5-3800-4d22-90ef-7a3aca5d04a5;423.51;0.54455183;UNKNOWN
2016-03-29T00:34:26.000000;2016-03-29T00:34:26.000000;2f11fa30-bd7e-45e7-9f32-8e86cd600046;423.88;0.01;UNKNOWN
2016-03-29T00:34:26.000000;2016-03-29T00:34:26.000000;50c2cbd3-9d9f-4c5c-9e51-c62cd37f267c;424.05;0.05494266;UNKNOWN
2016-03-29T00:34:30.000000;2016-03-29T00:34:30.000000;fc089c80-351b-4a70-bc3e-da53d8985dc0;424.04;0.35211553;UNKNOWN
2016-03-29T00:34:30.000000;2016-03-29T00:34:30.000000;6d4cb7be-8c8c-4e21-b72e-de524ec67b80;423.68;0.01;UNKNOWN
2016-03-29T00:34:31.000000;2016-03-29T00:34:31.000000;6e6ebe93-3258-477d-b4ce-64ee8e24dc29;424.04;0.35211553;UNKNOWN
2016-03-29T00:34:31.000000;2016-03-29T00:34:31.000000;d00f34db-b706-440a-8881-ee7e2d2beff9;423.88;0.01;UNKNOWN
2016-03-29T00:34:32.000000;2016-03-29T00:34:32.000000;b6d9868d-5d26-4cb4-a038-bca75732a17e;424.04;0.02914934;UNKNOWN
2016-03-29T00:34:34.000000;2016-03-29T00:34:34.000000;5ac43984-aecf-4a29-8bb8-aa2edafd757d;424.02;0.05879256;UNKNOWN
2016-03-29T00:34:34.000000;2016-03-29T00:34:34.000000;c81bf875-c7dd-49b5-898a-01ca688ac833;423.72;0.01;UNKNOWN
2016-03-29T00:34:35.000000;2016-03-29T00:34:35.000000;52b4aeaf-66e8-48db-9f20-c0c33d0fff4b;424.02;0.06889225;UNKNOWN
2016-03-29T00:34:39.000000;2016-03-29T00:34:39.000000;d0641b69-8844-4998-8532-2414aad269eb;423.95;0.14643978;UNKNOWN
2016-03-29T00:34:39.000000;2016-03-29T00:34:39.000000;96a558f2-2d0d-44df-9dfe-7fafae0e3bdf;423.95;0.09384465;UNKNOWN
2016-03-29T00:34:42.000000;2016-03-29T00:34:42.000000;6318abba-3983-4bf7-a606-043b37c2033b;423.95;0.13887371;UNKNOWN
2016-03-29T00:34:44.000000;2016-03-29T00:34:44.000000;4ec95b7f-6dee-4a4f-a857-7c986b54d28f;423.66;0.02365184;UNKNOWN
2016-03-29T00:34:45.000000;2016-03-29T00:34:45.000000;34782093-4342-4364-9a52-7b55626696dd;423.95;0.01017474;UNKNOWN
2016-03-29T00:34:49.000000;2016-03-29T00:34:49.000000;de09ec25-31f8-4fc0-b2d6-f802aa96a4f6;423.95;0.0274993;UNKNOWN
2016-03-29T00:34:55.000000;2016-03-29T00:34:55.000000;38a71542-e183-4719-9c8d-f5474222064d;424.09;0.06499459;UNKNOWN
2016-03-29T00:34:56.000000;2016-03-29T00:34:56.000000;9a3a6c25-c970-4970-b69a-0c434126b1dd;424.09;0.65965879;UNKNOWN
2016-03-29T00:34:57.000000;2016-03-29T00:34:57.000000;01a98684-44cf-48d5-8c6c-180b12f7bc14;424.09;0.39991054;UNKNOWN
2016-03-29T00:35:01.000000;2016-03-29T00:35:01.000000;b6c81475-a580-4803-8e89-36fa7c1f1f0e;424.09;0.57756965;UNKNOWN
2016-03-29T00:35:02.000000;2016-03-29T00:35:02.000000;495a7995-361a-4afc-9bc3-3481e32cc753;424.09;0.01848515;UNKNOWN
2016-03-29T00:35:02.000000;2016-03-29T00:35:02.000000;419469fd-cb88-4faa-b1bd-6f12248879bd;424.09;0.0184671;UNKNOWN
2016-03-29T00:35:04.000000;2016-03-29T00:35:04.000000;e664d0bd-613d-4b6e-865b-64344f62df5f;424.09;0.0184671;UNKNOWN
2016-03-29T00:35:04.000000;2016-03-29T00:35:04.000000;1c80d7dc-246e-4394-91e2-4df731c4f2d5;424.1;0.0184671;UNKNOWN
2016-03-29T00:35:39.000000;2016-03-29T00:35:39.000000;a6f28f55-a1c7-4732-a448-03783d33b239;423.91;5.0;UNKNOWN
2016-03-29T00:36:44.000000;2016-03-29T00:36:44.000000;726930ac-e71a-4a5b-b3ab-dd1c09ba526a;423.67;0.9921;UNKNOWN
2016-03-29T00:36:44.000000;2016-03-29T00:36:44.000000;92144a66-c2a0-4b0c-8225-3e33fc975af5;423.8;0.5;UNKNOWN
2016-03-29T00:36:52.000000;2016-03-29T00:36:52.000000;79f0a291-8424-4953-931a-b57e538a82f1;423.67;0.47281066;UNKNOWN
2016-03-29T00:38:20.000000;2016-03-29T00:38:20.000000;5918c68e-c8a5-4e6e-bdb4-9c720649c3f9;423.56;1.80793009;UNKNOWN
2016-03-29T00:38:20.000000;2016-03-29T00:38:20.000000;7bb60aba-1bef-4a9e-85ea-f964a6f9cdf4;423.56;0.010917;UNKNOWN
2016-03-29T00:38:20.000000;2016-03-29T00:38:20.000000;f998346a-94de-40c9-a0a0-47cf59345fc4;424.02;3.18115291;UNKNOWN
2016-03-29T00:38:22.000000;2016-03-29T00:38:22.000000;ba062cf3-d899-4174-9c03-ba52791f732c;423.65;0.012792;UNKNOWN
2016-03-29T00:38:32.000000;2016-03-29T00:38:32.000000;424ce04f-5511-4933-b775-327fcfcd290b;424.07;0.51259936;UNKNOWN
2016-03-29T00:38:35.000000;2016-03-29T00:38:35.000000;2edbcc50-2c7a-4dde-9b09-d57f1338a1e2;424.07;0.64790993;UNKNOWN
2016-03-29T00:38:43.000000;2016-03-29T00:38:43.000000;524924ac-a09d-4e7b-87a4-cababd302bed;424.07;0.64790993;UNKNOWN
2016-03-29T00:41:48.000000;2016-03-29T00:41:48.000000;28b3721e-4bd0-4e45-ad20-9831e6d30923;424.09;0.65972821;UNKNOWN
2016-03-29T00:41:49.000000;2016-03-29T00:41:49.000000;b53d55e4-8264-44a9-994b-216c246240bd;424.09;0.01872068;UNKNOWN
2016-03-29T00:41:49.000000;2016-03-29T00:41:49.000000;25c29d29-06b0-4af3-8d52-5eddb506cae9;424.09;0.01870196;UNKNOWN
2016-03-29T00:41:49.000000;2016-03-29T00:41:49.000000;8fe0ad85-f4ee-4443-8173-6286e557470f;424.09;0.0101;UNKNOWN
2016-03-29T00:41:50.000000;2016-03-29T00:41:50.000000;d56129b7-8efe-4404-81b2-e4e2a850fcb4;424.09;0.01872885;UNKNOWN
2016-03-29T00:41:50.000000;2016-03-29T00:41:50.000000;8aa37862-5537-432a-9c57-cf2ac6f0d9f8;424.09;0.01872841;UNKNOWN
2016-03-29T00:41:51.000000;2016-03-29T00:41:51.000000;6d4be5bd-9208-4fe9-b5fa-d0817c088dd6;424.09;0.01872885;UNKNOWN
2016-03-29T00:41:51.000000;2016-03-29T00:41:51.000000;db5314cf-73f5-4378-9f32-7153a9881882;424.09;0.01872885;UNKNOWN
2016-03-29T00:42:20.000000;2016-03-29T00:42:20.000000;71c05c82-27f8-4fb6-aa31-624f516b04f6;423.94;0.04672371;UNKNOWN
2016-03-29T00:42:32.000000;2016-03-29T00:42:32.000000;18fbb4d2-c096-4246-8ed6-2af7b12c06c2;424.09;0.01872068;UNKNOWN
2016-03-29T00:42:33.000000;2016-03-29T00:42:33.000000;f5c0cc12-90d4-48a1-9822-1667378d6d2d;424.09;0.01872068;UNKNOWN
2016-03-29T00:42:51.000000;2016-03-29T00:42:51.000000;ab11a885-93e4-4575-ac62-d6e3d22e041a;424.1;0.13874833;UNKNOWN
2016-03-29T00:42:55.000000;2016-03-29T00:42:55.000000;9b07d23d-d501-4eb0-a65e-3c301a7ff229;424.1;0.13874833;UNKNOWN
2016-03-29T00:42:59.000000;2016-03-29T00:42:59.000000;550abd25-715f-4c30-815f-65d2f9779dfe;424.1;0.13874833;UNKNOWN
2016-03-29T00:43:00.000000;2016-03-29T00:43:00.000000;4ff522d7-d5b0-4955-8b1a-05205dedbdc0;424.1;0.07218993;UNKNOWN
2016-03-29T00:43:03.000000;2016-03-29T00:43:03.000000;d16768eb-5328-459e-a7ce-29d4e10fa638;424.1;0.66027283;UNKNOWN
2016-03-29T00:43:03.000000;2016-03-29T00:43:03.000000;723225ce-bad9-46d0-844c-bc3d7e7c0b94;424.1;0.13874833;UNKNOWN
2016-03-29T00:43:07.000000;2016-03-29T00:43:07.000000;9104a288-f7ba-470b-ada1-0b537ad34588;424.1;0.04338315;UNKNOWN
2016-03-29T00:43:23.000000;2016-03-29T00:43:23.000000;f0eabdea-25fb-413f-a675-0dfa47639ccf;424.1;0.05263763;UNKNOWN
2016-03-29T00:43:24.000000;2016-03-29T00:43:24.000000;c8b7c4f0-715c-443a-9475-6876f4bf1b0f;424.09;0.44270882;UNKNOWN
2016-03-29T00:43:24.000000;2016-03-29T00:43:24.000000;736e8fca-ee9b-4348-9c00-b17c367262a4;424.09;0.02445116;UNKNOWN
2016-03-29T00:43:46.000000;2016-03-29T00:43:46.000000;3170d4ac-c625-4ab6-8b57-c956fdc2c5ec;424.1;0.07642237;UNKNOWN
2016-03-29T00:43:52.000000;2016-03-29T00:43:52.000000;bb9e8002-c6f1-4249-aacf-3cc0b73e98f4;424.1;0.01173995;UNKNOWN
2016-03-29T00:43:54.000000;2016-03-29T00:43:54.000000;8cfd3736-34bf-4b52-a738-e883a4030001;424.1;0.13563393;UNKNOWN
2016-03-29T00:43:56.000000;2016-03-29T00:43:56.000000;2e4d8a8c-d13c-4d5c-9341-a80ef91517b1;424.1;0.04315974;UNKNOWN
2016-03-29T00:44:33.000000;2016-03-29T00:44:33.000000;807dab1b-5e1b-49c0-becb-5169f2ca948d;424.1;0.01044262;UNKNOWN
2016-03-29T00:46:14.000000;2016-03-29T00:46:14.000000;e622320e-bd0a-4dd0-b829-301ed865eec3;424.1;0.20794142;UNKNOWN
2016-03-29T00:46:18.000000;2016-03-29T00:46:18.000000;a92a7c78-e4ed-40bb-b0b6-f8a5a9387a4e;424.33;0.01;UNKNOWN
2016-03-29T00:46:20.000000;2016-03-29T00:46:20.000000;ab1eec60-cab1-4eec-a74c-0bfab0d3255a;424.34;5.0;UNKNOWN
2016-03-29T00:46:26.000000;2016-03-29T00:46:26.000000;f24c5fc8-7176-47ae-92bc-d12e01e99074;424.33;7.79;UNKNOWN
2016-03-29T00:46:26.000000;2016-03-29T00:46:26.000000;0db4d2e0-01fc-4dc9-92e6-b17c67687264;424.4;0.21;UNKNOWN
2016-03-29T00:46:52.000000;2016-03-29T00:46:52.000000;6b80649e-f2fe-4496-b1ad-b0c66267a152;424.33;0.59070667;UNKNOWN
2016-03-29T00:47:27.000000;2016-03-29T00:47:27.000000;41a8d60b-fbe8-4c1a-bc32-5a10313dbe09;424.46;10.0;UNKNOWN
2016-03-29T00:47:42.000000;2016-03-29T00:47:42.000000;ee606ed0-bd9a-4517-a8ba-fc1ac6e4be9b;424.46;0.0369133;UNKNOWN
2016-03-29T00:48:05.000000;2016-03-29T00:48:05.000000;0b8f50db-c4a5-4e62-a00e-37e5bf7cd009;424.64;0.023;UNKNOWN
2016-03-29T00:48:05.000000;2016-03-29T00:48:05.000000;8ebf6068-dd15-417f-947a-d29530449b1a;424.61;10.0;UNKNOWN
2016-03-29T00:48:06.000000;2016-03-29T00:48:06.000000;92b56e8d-8970-41b1-9765-fa6b5425c70b;424.64;0.52027629;UNKNOWN
2016-03-29T00:49:24.000000;2016-03-29T00:49:24.000000;134adfcc-a5b4-4cb8-8a38-89c77f3b452f;424.6;0.11656933;UNKNOWN
2016-03-29T00:52:11.000000;2016-03-29T00:52:11.000000;0eacbc02-2747-4d0e-a63d-ba429ddd8a99;424.59;11.9585;UNKNOWN
2016-03-29T00:52:11.000000;2016-03-29T00:52:11.000000;e45dc777-b162-44d2-8d8a-5d5cd42716ae;424.47;1.6212;UNKNOWN
2016-03-29T00:52:11.000000;2016-03-29T00:52:11.000000;34099be3-11d1-40ac-a8c2-5e15206436e8;424.47;5.8803;UNKNOWN
2016-03-29T00:52:11.000000;2016-03-29T00:52:11.000000;95661c8e-e91c-42db-8f3c-302267f32a12;424.59;0.54;UNKNOWN
2016-03-29T00:52:34.000000;2016-03-29T00:52:34.000000;8d958fc9-02ae-40f7-b66e-463c73e91cf3;424.7;0.0196;UNKNOWN
2016-03-29T00:52:52.000000;2016-03-29T00:52:52.000000;6d399c4f-53fb-447b-bf36-c93edf6fcfb6;424.59;0.69854023;UNKNOWN
2016-03-29T00:52:52.000000;2016-03-29T00:52:52.000000;5865bd60-78e2-41dc-997a-64c4fc779b67;424.59;0.58998331;UNKNOWN
2016-03-29T00:53:05.000000;2016-03-29T00:53:05.000000;0fde16ad-4b1d-452a-84f6-fb078a9286dc;424.68;0.5;UNKNOWN
2016-03-29T00:53:05.000000;2016-03-29T00:53:05.000000;65b09c9b-455a-4a09-a646-abefde8cd91f;424.67;0.5;UNKNOWN
2016-03-29T00:54:05.000000;2016-03-29T00:54:05.000000;3fbb74f6-fd31-4ded-b116-221cc9691ed7;424.47;0.06166738;UNKNOWN
2016-03-29T00:54:20.000000;2016-03-29T00:54:20.000000;2455227b-aaf8-4dd7-ac87-3a63e254cede;424.47;0.09588975;UNKNOWN
2016-03-29T00:55:01.000000;2016-03-29T00:55:01.000000;57cbcfb1-72a8-42a0-b762-07d42a554dbb;424.59;5.0;UNKNOWN
2016-03-29T00:57:35.000000;2016-03-29T00:57:35.000000;1b9b2afd-f4db-4718-ba0f-89be11951028;424.59;1.0;UNKNOWN
2016-03-29T00:57:43.000000;2016-03-29T00:57:43.000000;0717d448-44bc-4e04-9667-243fb2411174;424.59;1.0;UNKNOWN
2016-03-29T00:57:59.000000;2016-03-29T00:57:59.000000;908a3956-4acd-4953-b323-e93910944217;424.6;0.22131208;UNKNOWN
2016-03-29T00:58:00.000000;2016-03-29T00:58:00.000000;bf8f0415-9628-452f-813f-3cf33e17e8a0;424.59;1.0;UNKNOWN
2016-03-29T00:58:06.000000;2016-03-29T00:58:06.000000;d7cb9167-3b72-409f-a3f3-2f9cff616bf6;424.6;0.24017694;UNKNOWN
2016-03-29T00:58:10.000000;2016-03-29T00:58:10.000000;30c840f2-959a-4bcf-8666-edcc0869ed4f;424.59;1.0;UNKNOWN
2016-03-29T00:58:43.000000;2016-03-29T00:58:43.000000;f0395e26-7e9e-4dd7-9339-6edc3729dbf9;424.59;0.5;UNKNOWN
2016-03-29T00:59:12.000000;2016-03-29T00:59:12.000000;0bd1b2e8-17ac-431b-a774-3dd99b2949c6;424.6;0.02;UNKNOWN
2016-03-29T00:59:42.000000;2016-03-29T00:59:42.000000;a8c28da6-454a-4cc4-91f6-e9223c143f6e;424.47;5.68434287;UNKNOWN
2016-03-29T00:59:42.000000;2016-03-29T00:59:42.000000;6dad2f4d-4ec1-4987-9fcb-21a0d30b76f5;424.59;2.7319;UNKNOWN
2016-03-29T00:59:42.000000;2016-03-29T00:59:42.000000;95fde826-5444-4b21-b55a-3eacf012dd9c;424.47;1.58375713;UNKNOWN
2016-03-29T01:00:05.000000;2016-03-29T01:00:05.000000;249452d3-ab7c-4b3a-b541-f3d8ba104fc9;424.6;0.04944337;UNKNOWN
2016-03-29T01:06:29.000000;2016-03-29T01:06:29.000000;ee67a4e3-335c-45c8-a1e0-0f219e521f5e;424.54;0.02483;UNKNOWN
2016-03-29T01:06:32.000000;2016-03-29T01:06:32.000000;b813e276-9bf3-41ad-8db6-07864f5ae115;424.53;0.02483;UNKNOWN
2016-03-29T01:07:52.000000;2016-03-29T01:07:52.000000;779641f5-b3ce-46c6-926b-fb9f28902d6f;424.6;0.024943;UNKNOWN
2016-03-29T01:07:52.000000;2016-03-29T01:07:52.000000;4a47cbf0-7172-4589-a7c1-a8b67967e0d1;424.6;0.00055663;UNKNOWN
2016-03-29T01:10:04.000000;2016-03-29T01:10:04.000000;8eae0758-e8c6-4d29-9309-f612432c49e3;424.7;1.9792;UNKNOWN
2016-03-29T01:10:11.000000;2016-03-29T01:10:11.000000;40972f38-ae46-4661-a2c0-c59313ecc0c0;425.27;0.568;UNKNOWN
2016-03-29T01:10:11.000000;2016-03-29T01:10:11.000000;3c7562c8-9aa4-4b3e-b390-13057929efa4;424.97;0.025;UNKNOWN
2016-03-29T01:10:15.000000;2016-03-29T01:10:15.000000;1defdaa5-0089-47bb-830d-53d6ccc671f5;425.28;0.0470417;UNKNOWN
2016-03-29T01:10:17.000000;2016-03-29T01:10:17.000000;65d63dca-1df0-42dc-9fdc-5316899918ca;425.29;1.27354628;UNKNOWN
2016-03-29T01:11:51.000000;2016-03-29T01:11:51.000000;37a6a643-6690-4aba-af35-b78bbaf7f7c6;425.4;0.0269;UNKNOWN
2016-03-29T01:12:28.000000;2016-03-29T01:12:28.000000;ec3d98e5-49f7-4a70-b044-5346da4ee596;425.4;0.235;UNKNOWN
2016-03-29T01:12:44.000000;2016-03-29T01:12:44.000000;cd3489d9-fcf5-4e7c-b164-28499cf54013;425.34;0.02364066;UNKNOWN
2016-03-29T01:13:03.000000;2016-03-29T01:13:03.000000;1f63a6b6-5e6e-4ab5-ae9c-cf49af3ea909;425.35;0.059;UNKNOWN
2016-03-29T01:13:46.000000;2016-03-29T01:13:46.000000;94fe7c61-40ae-4f02-96c7-0b253ab3e165;425.71;2.7909;UNKNOWN
2016-03-29T01:13:46.000000;2016-03-29T01:13:46.000000;58f4727b-f764-4352-90d2-880ded56a735;425.4;1.2381;UNKNOWN
2016-03-29T01:13:46.000000;2016-03-29T01:13:46.000000;96385cfd-425e-45a4-b88c-12e68aad7b34;425.7;6.0;UNKNOWN
2016-03-29T01:13:46.000000;2016-03-29T01:13:46.000000;ed716826-6e3a-4bf6-b34c-7b44473167c9;425.35;0.341;UNKNOWN
2016-03-29T01:13:46.000000;2016-03-29T01:13:46.000000;cfa0057a-579b-4f03-b665-63318a257a6e;425.69;3.0;UNKNOWN
2016-03-29T01:13:55.000000;2016-03-29T01:13:55.000000;b0f5e0cc-a48b-47ec-8be8-fca91590bdf3;425.84;17.91;UNKNOWN
2016-03-29T01:13:55.000000;2016-03-29T01:13:55.000000;2f8cbf21-7d3a-4fbe-b19b-0729dab73864;426.0;5.0;UNKNOWN
2016-03-29T01:13:55.000000;2016-03-29T01:13:55.000000;0471e3e0-8381-4d8f-8d7b-71ee5eb7c43b;426.0;0.65;UNKNOWN
2016-03-29T01:13:55.000000;2016-03-29T01:13:55.000000;f775a016-7439-470f-ae89-cf6b67dc46f7;425.97;0.025;UNKNOWN
2016-03-29T01:13:55.000000;2016-03-29T01:13:55.000000;1d4eda15-fe8c-47c7-a20d-ea564e675624;426.0;8.915;UNKNOWN
2016-03-29T01:13:55.000000;2016-03-29T01:13:55.000000;0ee4e40d-1463-4ade-ad93-9d4db06811ec;425.97;35.0;UNKNOWN
2016-03-29T01:13:55.000000;2016-03-29T01:13:55.000000;5cc3d581-2e36-457a-889a-1a2e4f077b7f;425.99;20.0;UNKNOWN
2016-03-29T01:13:55.000000;2016-03-29T01:13:55.000000;bf145e56-8ed9-4f09-b6ce-e721bca19709;425.84;12.5;UNKNOWN
2016-03-29T01:14:50.000000;2016-03-29T01:14:50.000000;79a2324a-a6d9-45c0-93dc-e1a16181d734;425.62;0.01010162;UNKNOWN
2016-03-29T01:16:09.000000;2016-03-29T01:16:09.000000;b7fce929-4288-4f97-9072-7dae786b4cf4;426.18;4.51615088;UNKNOWN
2016-03-29T01:16:09.000000;2016-03-29T01:16:09.000000;c0ce120f-bb81-4136-b9d5-430497b43cf7;425.99;4.61;UNKNOWN
2016-03-29T01:16:09.000000;2016-03-29T01:16:09.000000;deed227d-05c8-45bb-a2b2-4bb35f9b828d;426.17;0.01;UNKNOWN
2016-03-29T01:16:09.000000;2016-03-29T01:16:09.000000;f0362007-9d9a-42ba-8026-982916aa3811;425.66;0.1;UNKNOWN
2016-03-29T01:16:09.000000;2016-03-29T01:16:09.000000;9d4ec582-2699-4586-856c-9c0f9b462a25;426.2;11.20698912;UNKNOWN
2016-03-29T01:16:09.000000;2016-03-29T01:16:09.000000;2800c075-2306-4c3f-a4c9-f68a7ffdee76;426.0;41.085;UNKNOWN
2016-03-29T01:16:09.000000;2016-03-29T01:16:09.000000;ad86af2b-7e75-4ead-85a2-b86d6308a975;425.98;4.51;UNKNOWN
2016-03-29T01:16:09.000000;2016-03-29T01:16:09.000000;2178719a-da87-4741-b820-4ba948e0a96d;425.99;9.5;UNKNOWN
2016-03-29T01:16:09.000000;2016-03-29T01:16:09.000000;8612b8dd-4183-4721-be14-fa112b223698;425.83;9.46186;UNKNOWN
2016-03-29T01:16:19.000000;2016-03-29T01:16:19.000000;f89fb7ba-b1d9-4540-b678-9e22ed025a2b;425.78;4.88504;UNKNOWN
2016-03-29T01:16:23.000000;2016-03-29T01:16:23.000000;0e747584-37a1-4604-9482-bc367b1cb629;425.79;1.0;UNKNOWN
2016-03-29T01:18:05.000000;2016-03-29T01:18:05.000000;5bb5f43b-9c73-4f3f-9ecd-d83b9ea1f178;425.9;0.03534527;UNKNOWN
2016-03-29T01:18:15.000000;2016-03-29T01:18:15.000000;f17ff180-3288-498d-bebe-c76aa2bdeb3b;425.77;4.70044;UNKNOWN
2016-03-29T01:18:38.000000;2016-03-29T01:18:38.000000;963c0a42-835a-460f-8872-944f299ed424;425.87;5.8392;UNKNOWN
2016-03-29T01:18:38.000000;2016-03-29T01:18:38.000000;97537bb8-c548-4dbf-a349-2bec74a87be4;425.34;0.04011911;UNKNOWN
2016-03-29T01:18:38.000000;2016-03-29T01:18:38.000000;099e7020-d662-4690-9e31-65ca83b46368;425.89;4.78798089;UNKNOWN
2016-03-29T01:18:38.000000;2016-03-29T01:18:38.000000;d71501e3-eaf8-410a-9e8b-e9ef7993b9c5;425.81;0.5;UNKNOWN
2016-03-29T01:18:38.000000;2016-03-29T01:18:38.000000;689fc0f3-9a73-489f-b317-8023b55ceec3;425.82;3.0;UNKNOWN
2016-03-29T01:19:01.000000;2016-03-29T01:19:01.000000;4fded311-c969-473d-9d2c-7dde63e62e36;425.66;0.984765;UNKNOWN
2016-03-29T01:19:23.000000;2016-03-29T01:19:23.000000;f21c12dd-5e3f-4fbb-a967-541b8dc61829;425.78;5.8481;UNKNOWN
2016-03-29T01:19:23.000000;2016-03-29T01:19:23.000000;5250242f-0db6-4bf4-8e81-ba1197c54387;425.77;3.59602;UNKNOWN
2016-03-29T01:19:23.000000;2016-03-29T01:19:23.000000;20f64d3a-a83d-4152-bd62-4e7497170eee;425.33;9.47602;UNKNOWN
2016-03-29T01:19:23.000000;2016-03-29T01:19:23.000000;8cd25666-333a-4dfe-bbbd-8689fc50efa9;425.77;5.52398;UNKNOWN
2016-03-29T01:19:40.000000;2016-03-29T01:19:40.000000;26525d0d-46e2-49cf-ad6d-098340886e23;425.03;0.01820986;UNKNOWN
2016-03-29T01:20:05.000000;2016-03-29T01:20:05.000000;67d849ab-47c8-4dac-bd15-06ba0c91ad20;425.63;0.02;UNKNOWN
2016-03-29T01:25:49.000000;2016-03-29T01:25:49.000000;f149b0bd-7b21-479d-9bf8-0d19e74d5b55;425.72;0.47082231;UNKNOWN
2016-03-29T01:25:58.000000;2016-03-29T01:25:58.000000;fe34d8f6-d169-4dcc-ac49-baeabbb38b5b;425.72;0.01491672;UNKNOWN
2016-03-29T01:26:01.000000;2016-03-29T01:26:01.000000;3a21a6e3-d6e5-4329-83f9-87774ab469f4;425.72;0.01491672;UNKNOWN
2016-03-29T01:26:16.000000;2016-03-29T01:26:16.000000;2b63564d-2612-4ad7-9b2c-736c4cbdf88a;425.72;0.02014285;UNKNOWN
2016-03-29T01:26:17.000000;2016-03-29T01:26:17.000000;4dfe92a1-6bfe-4fb5-a69d-bd5c5a8a7f78;425.63;0.02477;UNKNOWN
2016-03-29T01:26:24.000000;2016-03-29T01:26:24.000000;b6c2ed92-66cc-45d0-8773-7bd7d0708da2;425.91;1.0;UNKNOWN
2016-03-29T01:26:53.000000;2016-03-29T01:26:53.000000;cc50bc37-d0c4-42b1-a213-c3ea7806238e;425.91;4.8587;UNKNOWN
2016-03-29T01:26:53.000000;2016-03-29T01:26:53.000000;916d1270-92e7-4b96-a7c6-0a3898333df9;426.15;0.1413;UNKNOWN
2016-03-29T01:27:24.000000;2016-03-29T01:27:24.000000;bb3ce46f-143b-40f2-925d-899e8fa85d27;425.79;0.02303;UNKNOWN
2016-03-29T01:28:15.000000;2016-03-29T01:28:15.000000;e49d9c25-6fa9-461a-b943-b69039ed19d2;425.88;1.0;UNKNOWN
2016-03-29T01:28:19.000000;2016-03-29T01:28:19.000000;58b5a185-c4c6-47ee-b8eb-07b7dfab54b7;425.91;0.02476;UNKNOWN
2016-03-29T01:28:20.000000;2016-03-29T01:28:20.000000;b5b126da-18a5-4187-9662-afc879a16d87;425.91;0.11632676;UNKNOWN
2016-03-29T01:28:21.000000;2016-03-29T01:28:21.000000;05c93722-306f-4764-be05-48c60229b246;425.91;2.5;UNKNOWN
2016-03-29T01:28:34.000000;2016-03-29T01:28:34.000000;6affdd52-f883-4b9a-b001-31e084730d44;425.84;0.01238;UNKNOWN
2016-03-29T01:28:39.000000;2016-03-29T01:28:39.000000;a092429d-aa46-49b3-8f0a-2ef223640b83;425.84;1.91605;UNKNOWN
2016-03-29T01:28:52.000000;2016-03-29T01:28:52.000000;b20e1f75-8a44-48b0-9422-04e73cfebb16;426.08;2.5;UNKNOWN
2016-03-29T01:29:05.000000;2016-03-29T01:29:05.000000;c9e2479d-dcbc-441c-a2fe-e719468f1f86;426.08;2.5;UNKNOWN
2016-03-29T01:29:26.000000;2016-03-29T01:29:26.000000;1808b414-5e74-420b-8806-3298bedbed83;426.25;0.064;UNKNOWN
2016-03-29T01:29:35.000000;2016-03-29T01:29:35.000000;d4d219dc-c4c8-4fa8-8e36-0a48e7407ca6;425.96;0.04092139;UNKNOWN
2016-03-29T01:29:39.000000;2016-03-29T01:29:39.000000;2d40b6b3-42ad-437e-a01e-89bfd3a1fff7;425.97;0.03069037;UNKNOWN
2016-03-29T01:29:46.000000;2016-03-29T01:29:46.000000;f20877de-c703-4fa1-bfe9-a9cc8f9a33e4;425.97;0.02301793;UNKNOWN
2016-03-29T01:29:49.000000;2016-03-29T01:29:49.000000;28e1c9cc-0141-44be-8000-6c90d7783953;425.97;0.01726367;UNKNOWN
2016-03-29T01:29:52.000000;2016-03-29T01:29:52.000000;875e12d7-d33a-4375-93da-9eb9af3b125e;425.97;0.39370052;UNKNOWN
2016-03-29T01:29:55.000000;2016-03-29T01:29:55.000000;183fa40c-4db5-43fa-ae3d-dd12d1cc947b;425.97;0.01294797;UNKNOWN
2016-03-29T01:30:02.000000;2016-03-29T01:30:02.000000;96922102-4e66-4216-b255-988d294cde1a;425.97;0.01;UNKNOWN
2016-03-29T01:30:05.000000;2016-03-29T01:30:05.000000;8cca6a4b-b06d-4902-8bd7-4bbfb13edf0e;425.97;0.01;UNKNOWN
2016-03-29T01:30:10.000000;2016-03-29T01:30:10.000000;61b0586a-c49a-4879-bbd4-93ee33ed8c2c;425.97;0.01;UNKNOWN
2016-03-29T01:30:25.000000;2016-03-29T01:30:25.000000;66a0984b-e7ed-4613-99ff-d89898f8fbb9;426.17;5.8664;UNKNOWN
2016-03-29T01:30:25.000000;2016-03-29T01:30:25.000000;e53c26ec-1fe6-41f2-85f7-f2efa0eeab5f;425.98;0.05;UNKNOWN
2016-03-29T01:30:25.000000;2016-03-29T01:30:25.000000;004acedf-39db-4ed2-aef6-626c91ccd114;426.18;4.51;UNKNOWN
2016-03-29T01:30:25.000000;2016-03-29T01:30:25.000000;89677873-5737-4450-9631-cd738231eb47;426.19;7.71377864;UNKNOWN
2016-03-29T01:31:00.000000;2016-03-29T01:31:00.000000;da26a285-7641-488d-b956-31adbf1e5cc3;426.12;0.122;UNKNOWN
2016-03-29T01:31:12.000000;2016-03-29T01:31:12.000000;9df282de-1079-4c7c-bbe5-8ab49b5aa7ea;426.12;4.12965;UNKNOWN
2016-03-29T01:31:24.000000;2016-03-29T01:31:24.000000;ffc65249-e5f2-4e37-8d50-3655e51d8416;425.93;0.082635;UNKNOWN
2016-03-29T01:31:33.000000;2016-03-29T01:31:33.000000;4d4c0cc7-7e49-4b36-92e9-783b9cd0400c;425.83;4.2165;UNKNOWN
2016-03-29T01:31:33.000000;2016-03-29T01:31:33.000000;45a9e4d0-d87e-4926-bd10-e90950006233;425.97;5.7835;UNKNOWN
2016-03-29T01:31:56.000000;2016-03-29T01:31:56.000000;bec6b075-9d9c-48c8-8e00-3036960c7fa2;425.97;5.8649;UNKNOWN
2016-03-29T01:31:56.000000;2016-03-29T01:31:56.000000;3f91b382-8287-461b-9673-f37f706ca9ac;425.96;4.1351;UNKNOWN
2016-03-29T01:32:39.000000;2016-03-29T01:32:39.000000;e4fb71c2-18f1-474e-9dc9-483fb24a9d76;426.25;0.186;UNKNOWN
2016-03-29T01:32:39.000000;2016-03-29T01:32:39.000000;f65bbbba-b426-4729-b6ed-3a67148a2b32;426.41;0.814;UNKNOWN
2016-03-29T01:32:41.000000;2016-03-29T01:32:41.000000;922b01c2-6623-4be4-a615-477cb33c431d;426.41;1.0;UNKNOWN
2016-03-29T01:33:04.000000;2016-03-29T01:33:04.000000;f9d217f3-f0a7-4ba2-8a05-7e57e4fa9fd7;426.41;1.0;UNKNOWN
2016-03-29T01:34:02.000000;2016-03-29T01:34:02.000000;a08c6f4d-11e5-4ce5-a55a-22efe6dc2721;426.37;0.165323;UNKNOWN
2016-03-29T01:34:02.000000;2016-03-29T01:34:02.000000;357e665c-10a3-40f6-afcf-cbf50cf652df;426.37;0.3749;UNKNOWN
2016-03-29T01:35:35.000000;2016-03-29T01:35:35.000000;3676321f-fa7e-4bd3-b130-936108a30b56;426.36;0.284726;UNKNOWN
2016-03-29T01:36:50.000000;2016-03-29T01:36:50.000000;7473c2ab-4c0a-42f2-94a9-a592d7b03589;426.36;2.5;UNKNOWN
2016-03-29T01:36:53.000000;2016-03-29T01:36:53.000000;4410c0e2-ed57-46a7-9bc0-7cda4738ae07;426.36;1.47358;UNKNOWN
2016-03-29T01:36:59.000000;2016-03-29T01:36:59.000000;3b97a378-f92b-4ccd-8082-02a3ed928d6c;426.36;0.741694;UNKNOWN
2016-03-29T01:36:59.000000;2016-03-29T01:36:59.000000;67291b3b-005c-4613-9d16-45581fbdc7c4;425.87;0.258306;UNKNOWN
2016-03-29T01:37:14.000000;2016-03-29T01:37:14.000000;67d23a5a-5be5-4246-b095-d5ee61dd0a0c;425.84;0.446834;UNKNOWN
2016-03-29T01:37:18.000000;2016-03-29T01:37:18.000000;d56373c8-b68b-4584-b886-3b65787387fb;425.84;0.287336;UNKNOWN
2016-03-29T01:38:20.000000;2016-03-29T01:38:20.000000;fb571b8a-aa4f-428c-83e7-771756da9573;425.92;0.40050776;UNKNOWN
2016-03-29T01:38:34.000000;2016-03-29T01:38:34.000000;cb180805-d93f-4cc3-a2a4-8dbe185b2b46;425.94;0.562952;UNKNOWN
2016-03-29T01:38:53.000000;2016-03-29T01:38:53.000000;28a59dee-a670-46e4-b0b7-af4c9e533b21;425.94;0.051565;UNKNOWN
2016-03-29T01:39:22.000000;2016-03-29T01:39:22.000000;0594b9a0-da34-41dd-ba3d-2b037fb50841;425.98;3.4302138;UNKNOWN
2016-03-29T01:39:25.000000;2016-03-29T01:39:25.000000;74622c07-9271-4bfd-9a22-74021a929f35;426.16;3.0;UNKNOWN
2016-03-29T01:39:57.000000;2016-03-29T01:39:57.000000;5354cf07-ad96-475d-8568-4b481d53f2e1;426.08;3.0;UNKNOWN
2016-03-29T01:40:20.000000;2016-03-29T01:40:20.000000;33d73676-986c-4138-bd9f-70dca0cb6999;425.98;0.11761437;UNKNOWN
2016-03-29T01:40:32.000000;2016-03-29T01:40:32.000000;a7b8eb9b-dcd3-4242-b652-3f87b45e09e5;426.08;2.935937;UNKNOWN
2016-03-29T01:40:32.000000;2016-03-29T01:40:32.000000;a473aa12-69d9-4902-ae87-ab93d8f70ae9;425.95;0.064063;UNKNOWN
2016-03-29T01:40:35.000000;2016-03-29T01:40:35.000000;972af93c-f840-41eb-8d97-de8189af4051;425.94;0.150569;UNKNOWN
2016-03-29T01:40:59.000000;2016-03-29T01:40:59.000000;0114fd8d-8773-4b79-99c3-2e08ee7851d5;426.02;0.071;UNKNOWN
2016-03-29T01:41:23.000000;2016-03-29T01:41:23.000000;f0bb9ca9-5a4b-4b87-9726-6e394f9945d8;426.15;0.462226;UNKNOWN
2016-03-29T01:43:24.000000;2016-03-29T01:43:24.000000;812ec6be-6bc3-4c6a-a6a8-3e4d050affa2;426.18;0.02791768;UNKNOWN
2016-03-29T01:44:13.000000;2016-03-29T01:44:13.000000;9c3dfb02-c409-43c7-a4ca-237838dc3d6d;426.18;0.02146618;UNKNOWN
2016-03-29T01:44:35.000000;2016-03-29T01:44:35.000000;8da391c5-f873-4b66-b04a-cf352b62b14d;426.2;0.02721395;UNKNOWN
2016-03-29T01:44:53.000000;2016-03-29T01:44:53.000000;6abc2c31-9745-41a4-a3a8-78dfe9e1b5ff;426.19;0.16721395;UNKNOWN
2016-03-29T01:44:53.000000;2016-03-29T01:44:53.000000;56084d84-7dc3-4e95-81e6-d93306e241c7;426.2;0.47278605;UNKNOWN
2016-03-29T01:45:24.000000;2016-03-29T01:45:24.000000;264162f7-4bd0-4bd4-97a7-2d8bd2c7bd76;426.22;0.23243451;UNKNOWN
2016-03-29T01:45:30.000000;2016-03-29T01:45:30.000000;8502a1f9-b910-47a8-8232-355fc0f3c0fe;426.41;3.5;UNKNOWN
2016-03-29T01:46:21.000000;2016-03-29T01:46:21.000000;05c53b51-6f9d-4ba9-8ae1-99b1b27f7407;426.41;11.60740293;UNKNOWN
2016-03-29T01:46:48.000000;2016-03-29T01:46:48.000000;20fc1dab-9d31-4c74-a2cf-28128d13cb44;426.25;0.9932;UNKNOWN
2016-03-29T01:46:54.000000;2016-03-29T01:46:54.000000;d4855883-dd52-446c-8a55-f7b63bd6b26d;426.24;0.0199;UNKNOWN
2016-03-29T01:46:58.000000;2016-03-29T01:46:58.000000;abd6817f-6c6b-4ec8-bc49-308da8d65fec;426.22;0.0199;UNKNOWN
2016-03-29T01:46:59.000000;2016-03-29T01:46:59.000000;4aab1f7a-f2df-4b91-bec3-aeccb61bb849;426.38;3.0;UNKNOWN
2016-03-29T01:47:04.000000;2016-03-29T01:47:04.000000;a0fb8238-da7b-4fa7-aa8d-de2d3a6c23ba;426.24;0.0199;UNKNOWN
2016-03-29T01:47:21.000000;2016-03-29T01:47:21.000000;998c5544-4e3f-4ef0-b396-abe8a976ee2f;426.31;0.0199;UNKNOWN
2016-03-29T01:47:24.000000;2016-03-29T01:47:24.000000;9b7398f6-f60c-4d16-8030-0122aeb64fcc;426.32;0.01800453;UNKNOWN
2016-03-29T01:47:27.000000;2016-03-29T01:47:27.000000;4f2aa9c5-d105-4097-89ef-f5327734e19d;426.33;0.0199;UNKNOWN
2016-03-29T01:48:03.000000;2016-03-29T01:48:03.000000;aad6ead4-45fb-465d-a93b-2343323e8707;426.36;0.06;UNKNOWN
2016-03-29T01:48:03.000000;2016-03-29T01:48:03.000000;cc26637f-dba0-4b4e-97ec-2cc22174c902;426.37;0.5;UNKNOWN
2016-03-29T01:48:05.000000;2016-03-29T01:48:05.000000;5f7a9735-e4e4-4313-b62b-5f4512962f8d;426.36;0.059439;UNKNOWN
2016-03-29T01:48:06.000000;2016-03-29T01:48:06.000000;cce34b58-6b3f-4e05-8ac6-7abcf745f275;426.36;0.02424;UNKNOWN
2016-03-29T01:48:34.000000;2016-03-29T01:48:34.000000;58a1d821-0499-44f9-bf90-fbfe0d74abc2;426.29;0.02944;UNKNOWN
2016-03-29T01:48:38.000000;2016-03-29T01:48:38.000000;4b45beb6-82b2-4940-a07d-7cb07af235cf;426.3;0.01472;UNKNOWN
2016-03-29T01:49:02.000000;2016-03-29T01:49:02.000000;c458e488-f235-4622-a2c9-c8b6fce6958b;426.24;0.5;UNKNOWN
2016-03-29T01:49:40.000000;2016-03-29T01:49:40.000000;87a1e790-6421-4b9a-9838-6ad81ecbeeae;426.28;0.18096897;UNKNOWN
2016-03-29T01:49:53.000000;2016-03-29T01:49:53.000000;dfdaa692-62ef-429c-ad31-e30988a665b7;426.22;0.03987969;UNKNOWN
2016-03-29T01:50:45.000000;2016-03-29T01:50:45.000000;c4b970c1-446c-4546-b2a8-78ccecf2f2e0;426.23;0.1;UNKNOWN
2016-03-29T01:51:32.000000;2016-03-29T01:51:32.000000;37caad6b-9420-4f4b-b041-84c656428fc7;426.23;0.58771326;UNKNOWN
2016-03-29T01:51:45.000000;2016-03-29T01:51:45.000000;6398b149-2280-4fc3-a766-6e59ce164bd7;426.41;2.5;UNKNOWN
2016-03-29T01:51:53.000000;2016-03-29T01:51:53.000000;b7f1562a-49dc-4358-b40f-5c50947f4c49;426.41;2.5;UNKNOWN
2016-03-29T01:52:34.000000;2016-03-29T01:52:34.000000;6f12f9c6-6f98-4864-b7c8-8ad51c5d1aaa;426.4;1.0;UNKNOWN
2016-03-29T01:52:37.000000;2016-03-29T01:52:37.000000;09e99019-f567-4b3f-a1b5-ccfcf07ed03f;426.4;0.891619;UNKNOWN
2016-03-29T01:52:37.000000;2016-03-29T01:52:37.000000;f6d94284-d174-4d1a-96fe-d6851ee31e74;426.22;0.108381;UNKNOWN
2016-03-29T01:52:43.000000;2016-03-29T01:52:43.000000;dd187076-0d9b-442a-9a06-8060a2f0d846;426.22;0.070501;UNKNOWN
2016-03-29T01:52:48.000000;2016-03-29T01:52:48.000000;37f2e36c-d4cd-4276-a04d-66e1511199a1;426.23;0.072395;UNKNOWN
2016-03-29T01:53:03.000000;2016-03-29T01:53:03.000000;ac15fb57-6db1-4c3d-a4a9-c4523a9684a1;426.06;5.8135;UNKNOWN
2016-03-29T01:53:03.000000;2016-03-29T01:53:03.000000;60341757-aefd-41db-b7d8-22b952a3ff6f;426.04;1.58516169;UNKNOWN
2016-03-29T01:53:03.000000;2016-03-29T01:53:03.000000;a13c2378-21fb-4215-b8c3-facd960e9fcb;426.22;0.21133831;UNKNOWN
2016-03-29T01:53:03.000000;2016-03-29T01:53:03.000000;352a51da-7c5b-4dfb-995d-fa86139fdf73;426.22;17.39;UNKNOWN
2016-03-29T01:53:24.000000;2016-03-29T01:53:24.000000;d73ee373-f745-46ca-b4eb-2d7f4e7b0f90;426.05;0.3102;UNKNOWN
2016-03-29T01:54:06.000000;2016-03-29T01:54:06.000000;8ee7b533-2785-4e3b-90ad-975850098932;426.05;5.4968;UNKNOWN
2016-03-29T01:54:06.000000;2016-03-29T01:54:06.000000;2732ea36-ea6d-4c00-8c48-723639d2f379;426.04;1.49015;UNKNOWN
2016-03-29T01:54:10.000000;2016-03-29T01:54:10.000000;047a2519-354d-4534-92bc-3ff864eed1ab;426.04;1.84743;UNKNOWN
2016-03-29T01:54:14.000000;2016-03-29T01:54:14.000000;7a06fa45-2c59-4a1c-a9d6-f994a0d9adeb;426.04;1.65284;UNKNOWN
2016-03-29T01:54:18.000000;2016-03-29T01:54:18.000000;43f7c0c8-33a1-4417-a0ff-86c84f3a8f09;426.04;1.65275;UNKNOWN
2016-03-29T01:54:26.000000;2016-03-29T01:54:26.000000;21ce28a2-6681-4833-9852-92e75ba05313;426.04;1.41675;UNKNOWN
2016-03-29T01:54:29.000000;2016-03-29T01:54:29.000000;14fde845-7f1f-42d0-bb9e-2466427b690c;426.04;1.0;UNKNOWN
2016-03-29T01:54:33.000000;2016-03-29T01:54:33.000000;60f50c99-b285-41b6-bfcc-d79181d9c826;426.04;1.0;UNKNOWN
2016-03-29T01:54:37.000000;2016-03-29T01:54:37.000000;1dd20f0d-d220-46fe-a43c-c424b67ff0ee;426.04;1.0;UNKNOWN
2016-03-29T01:54:42.000000;2016-03-29T01:54:42.000000;a48b6fd1-0314-45bc-91d9-d03368489730;426.04;10.0;UNKNOWN
2016-03-29T01:54:42.000000;2016-03-29T01:54:42.000000;ab26852b-200d-465c-9dac-6ac93f0cd875;426.04;1.0;UNKNOWN
2016-03-29T01:54:46.000000;2016-03-29T01:54:46.000000;6dcb9233-13c7-4fb3-a44c-d4e480b393f5;426.04;1.0;UNKNOWN
2016-03-29T01:54:50.000000;2016-03-29T01:54:50.000000;63e5f957-930e-4298-a9b4-537870003877;426.04;1.0;UNKNOWN
2016-03-29T01:54:54.000000;2016-03-29T01:54:54.000000;75eeb947-0f93-4474-b26a-d22b2a48f5bc;426.04;1.0;UNKNOWN
2016-03-29T01:54:58.000000;2016-03-29T01:54:58.000000;ba5471e0-d737-4bed-9586-3b59703dc718;426.04;1.0;UNKNOWN
2016-03-29T01:55:02.000000;2016-03-29T01:55:02.000000;42fefc40-6d1d-4427-a733-882288d7c034;426.04;1.0;UNKNOWN
2016-03-29T01:56:01.000000;2016-03-29T01:56:01.000000;b9d70c8b-290f-4cdc-be1c-039e373433e0;426.04;0.038087;UNKNOWN
2016-03-29T01:56:20.000000;2016-03-29T01:56:20.000000;c5ef7c13-e7d0-4ce5-b389-ab0698f6b5ad;426.04;0.23283823;UNKNOWN
2016-03-29T01:56:41.000000;2016-03-29T01:56:41.000000;ddc3c4f7-ad8d-4d84-b367-649cfb4001f8;426.05;20.0;UNKNOWN
2016-03-29T01:57:06.000000;2016-03-29T01:57:06.000000;64aae3c8-7c8d-4a94-8687-c3b5b0c5c03b;426.09;1.0;UNKNOWN
2016-03-29T01:57:24.000000;2016-03-29T01:57:24.000000;b36882b0-8f5c-45d0-811c-2dbdae6361c5;426.04;1.0;UNKNOWN
2016-03-29T01:57:38.000000;2016-03-29T01:57:38.000000;39fac80e-e290-400f-b655-b47c0c9a8fe2;426.05;0.039325;UNKNOWN
2016-03-29T01:57:43.000000;2016-03-29T01:57:43.000000;e81b4262-ab8b-4bee-811e-9bd852f9dd79;426.07;1.0;UNKNOWN
2016-03-29T01:57:45.000000;2016-03-29T01:57:45.000000;21c2c1be-d701-4eaa-a1ca-97d4a741521b;426.07;0.031005;UNKNOWN
2016-03-29T01:57:50.000000;2016-03-29T01:57:50.000000;1525bffe-44ca-4e57-a748-b9d73792471e;426.09;0.5;UNKNOWN
2016-03-29T01:57:50.000000;2016-03-29T01:57:50.000000;511e04ed-b120-40e4-9ea9-16f62e3f82b0;426.08;0.5;UNKNOWN
2016-03-29T01:57:55.000000;2016-03-29T01:57:55.000000;3e2759df-5df7-4fbb-9d6e-6ef661741b34;426.05;1.0;UNKNOWN
2016-03-29T01:57:59.000000;2016-03-29T01:57:59.000000;297f8063-e8ca-428a-a9e1-84eee398ee67;426.04;1.0;UNKNOWN
2016-03-29T01:58:43.000000;2016-03-29T01:58:43.000000;1a1c4e30-f52a-4928-9330-a44507bc4b3a;426.04;0.83546438;UNKNOWN
2016-03-29T01:58:43.000000;2016-03-29T01:58:43.000000;0aea8888-7087-4754-8da5-ae3c9654653f;426.04;0.15729798;UNKNOWN
2016-03-29T01:58:43.000000;2016-03-29T01:58:43.000000;a4d68470-b3f2-4ccb-96ab-ee5f5c3ec9f9;426.04;0.83492265;UNKNOWN
2016-03-29T01:58:43.000000;2016-03-29T01:58:43.000000;28798e71-09fc-4265-afb6-03146a60082c;426.04;0.83546727;UNKNOWN
2016-03-29T01:58:45.000000;2016-03-29T01:58:45.000000;79f050f2-9efd-4b65-beab-80b89ecf5dde;426.04;0.01742077;UNKNOWN
2016-03-29T01:58:45.000000;2016-03-29T01:58:45.000000;43e246e7-00b5-47dc-b06a-bd44fddaef18;426.04;0.01742077;UNKNOWN
2016-03-29T01:58:45.000000;2016-03-29T01:58:45.000000;3d24ac74-757d-4bd6-9a9a-6604ffc959e9;426.04;0.01742077;UNKNOWN
2016-03-29T01:58:48.000000;2016-03-29T01:58:48.000000;8c76c567-b683-4d0c-a575-04abfcafae36;426.04;0.83546438;UNKNOWN
2016-03-29T01:59:21.000000;2016-03-29T01:59:21.000000;6537c3af-baec-4332-aeca-c3099b505f9d;426.04;0.014864;UNKNOWN
2016-03-29T02:00:07.000000;2016-03-29T02:00:07.000000;3a56ebd6-3431-44f6-af3c-d1513cf5b7ae;426.04;0.040762;UNKNOWN
2016-03-29T02:00:20.000000;2016-03-29T02:00:20.000000;e832ba2e-1901-4d71-b5b8-2457b567c904;426.04;0.39813546;UNKNOWN
2016-03-29T02:00:21.000000;2016-03-29T02:00:21.000000;0d0bfa48-672a-4632-98bb-21b0422d91db;426.04;0.10028447;UNKNOWN
2016-03-29T02:03:18.000000;2016-03-29T02:03:18.000000;722e25f6-1df6-46d1-ab28-4f35c83f3a3c;426.05;0.05;UNKNOWN
2016-03-29T02:03:18.000000;2016-03-29T02:03:18.000000;c06a74d7-3fbe-410a-aaf5-905fece4a05c;426.26;0.13630995;UNKNOWN
2016-03-29T02:03:18.000000;2016-03-29T02:03:18.000000;36d05b4f-3b81-4b9d-813a-cccf36abf50d;426.25;0.01742077;UNKNOWN
2016-03-29T02:04:20.000000;2016-03-29T02:04:20.000000;a4032f40-07a4-427a-a29e-b02a6a1e3e41;426.26;0.2;UNKNOWN
2016-03-29T02:06:16.000000;2016-03-29T02:06:16.000000;56cc353c-b5d1-4b11-ab28-bb0b36235734;426.26;1.1678;UNKNOWN
2016-03-29T02:06:50.000000;2016-03-29T02:06:50.000000;906a81a3-0bc3-4fd2-b0cc-ea637305eef3;426.26;0.07;UNKNOWN
2016-03-29T02:07:17.000000;2016-03-29T02:07:17.000000;4c953b6c-f749-4954-b476-456501f71f3b;426.21;0.7427;UNKNOWN
2016-03-29T02:07:17.000000;2016-03-29T02:07:17.000000;0c381218-fa5b-4ec2-bdd4-8aabaa075e97;426.22;0.2573;UNKNOWN
2016-03-29T02:07:37.000000;2016-03-29T02:07:37.000000;daae2a29-9d50-4679-8c11-c79aa6470889;426.26;0.02;UNKNOWN
2016-03-29T02:08:03.000000;2016-03-29T02:08:03.000000;e84febe1-5781-4c8b-92ea-5e196ab17c42;426.4;4.8827;UNKNOWN
2016-03-29T02:08:03.000000;2016-03-29T02:08:03.000000;8389d9f0-111b-471a-b91f-64d0b96d58b9;426.23;5.7913;UNKNOWN
2016-03-29T02:08:03.000000;2016-03-29T02:08:03.000000;4ef636db-fc69-4add-8bab-65c81e90f13a;426.25;1.0;UNKNOWN
2016-03-29T02:08:03.000000;2016-03-29T02:08:03.000000;d141665f-435d-4d60-874b-2f95541b0338;426.23;5.64;UNKNOWN
2016-03-29T02:08:03.000000;2016-03-29T02:08:03.000000;aec34f5f-ee37-4826-957f-b298a776d5be;426.4;12.686;UNKNOWN
2016-03-29T02:08:33.000000;2016-03-29T02:08:33.000000;95a6d47b-67cc-4f6a-8f55-96b3214b3f06;426.41;0.608;UNKNOWN
2016-03-29T02:08:33.000000;2016-03-29T02:08:33.000000;f28b0225-14a3-4e6c-af72-bb1952a2c732;426.4;5.8517;UNKNOWN
2016-03-29T02:09:10.000000;2016-03-29T02:09:10.000000;589caeb8-834d-4608-9fb7-1a332544fe3b;426.18;0.74;UNKNOWN
2016-03-29T02:09:10.000000;2016-03-29T02:09:10.000000;78fb69b1-bfba-4116-a805-0668bb312fb6;426.34;0.26;UNKNOWN
2016-03-29T02:09:24.000000;2016-03-29T02:09:24.000000;e2919321-14aa-4ba0-b768-d2dcba74e542;426.18;0.25135121;UNKNOWN
2016-03-29T02:09:30.000000;2016-03-29T02:09:30.000000;09fb3b39-33e7-4ae7-8e90-243a9a22bef3;426.18;0.04604751;UNKNOWN
2016-03-29T02:09:55.000000;2016-03-29T02:09:55.000000;13e0fc78-787e-4342-a504-def90d1bed62;426.24;1.0;UNKNOWN
2016-03-29T02:10:00.000000;2016-03-29T02:10:00.000000;73b6613c-eafe-45ec-92d1-89e5efeceaac;426.4;5.7798;UNKNOWN
2016-03-29T02:10:00.000000;2016-03-29T02:10:00.000000;8be556ff-c372-4ff1-8de1-f525cdd296e1;426.41;0.0832;UNKNOWN
2016-03-29T02:10:20.000000;2016-03-29T02:10:20.000000;01ccfbce-948d-409a-89d0-a029e39dd593;426.24;0.23511288;UNKNOWN
2016-03-29T02:10:44.000000;2016-03-29T02:10:44.000000;c171d953-9552-431c-b4d3-31fe4fa93072;426.24;0.02350522;UNKNOWN
2016-03-29T02:11:36.000000;2016-03-29T02:11:36.000000;8515a8bf-1b87-48a6-90d2-6ebd30fe14ae;426.24;0.399729;UNKNOWN
2016-03-29T02:11:39.000000;2016-03-29T02:11:39.000000;57bee478-1084-4a6a-a29a-01825de65e7a;426.24;0.205944;UNKNOWN
2016-03-29T02:11:51.000000;2016-03-29T02:11:51.000000;9d83440c-1cb7-458e-a2f8-f4569bb5291d;426.39;0.8782;UNKNOWN
2016-03-29T02:12:21.000000;2016-03-29T02:12:21.000000;0147844b-5a0e-42e6-9d2b-dec63434e507;426.41;3.03217955;UNKNOWN
2016-03-29T02:12:21.000000;2016-03-29T02:12:21.000000;1b630040-0a7d-494d-93c4-7afb08bc8331;426.39;4.9318;UNKNOWN
2016-03-29T02:12:56.000000;2016-03-29T02:12:56.000000;cf769f2c-5198-45cd-856b-f84a4fc21867;426.25;0.5;UNKNOWN
2016-03-29T02:12:56.000000;2016-03-29T02:12:56.000000;29acd18d-0385-44f1-8f81-03f055bc2940;426.24;0.83659795;UNKNOWN
2016-03-29T02:12:56.000000;2016-03-29T02:12:56.000000;e9be443e-5243-4f40-a43d-984dbe41299e;426.25;3.0;UNKNOWN
2016-03-29T02:13:00.000000;2016-03-29T02:13:00.000000;c49ca97b-37df-4a02-b1da-e465e1963cfc;426.25;0.2750498;UNKNOWN
2016-03-29T02:13:25.000000;2016-03-29T02:13:25.000000;0d6e4d73-d49a-4c81-a41e-07a752f9a827;426.25;0.39597568;UNKNOWN
2016-03-29T02:14:29.000000;2016-03-29T02:14:29.000000;8e52a3ce-8be3-4d3c-aad8-46794848f7f9;426.25;2.351;UNKNOWN
2016-03-29T02:14:37.000000;2016-03-29T02:14:37.000000;eafca0d5-8566-4e9a-845c-aaed70cfa2e9;426.05;0.126309;UNKNOWN
2016-03-29T02:14:52.000000;2016-03-29T02:14:52.000000;af248048-cad0-40cb-8059-47720d751dc9;426.05;0.03761188;UNKNOWN
2016-03-29T02:16:03.000000;2016-03-29T02:16:03.000000;9764d99f-d3c8-4df9-999f-8f170137c874;426.07;0.1;UNKNOWN
2016-03-29T02:16:35.000000;2016-03-29T02:16:35.000000;3bdc9ad4-6b13-48f0-a08c-f0e299e9df3a;426.07;0.153814;UNKNOWN
2016-03-29T02:18:06.000000;2016-03-29T02:18:06.000000;9948d16e-5e39-4055-b7a6-5e2b5e928e78;426.12;0.07490631;UNKNOWN
2016-03-29T02:18:08.000000;2016-03-29T02:18:08.000000;4798838f-39d0-4163-b950-0b7253c0898f;426.34;2.01027588;UNKNOWN
2016-03-29T02:18:08.000000;2016-03-29T02:18:08.000000;513f32a9-c2db-4af5-bb16-f1d50613b6fc;426.14;0.108005;UNKNOWN
2016-03-29T02:18:12.000000;2016-03-29T02:18:12.000000;71da3196-5660-44e6-911d-a736db267fbf;426.13;0.106979;UNKNOWN
2016-03-29T02:21:03.000000;2016-03-29T02:21:03.000000;3e63ee4b-f4b9-4bd6-b3f9-9ccb00c4bef9;426.32;2.8424;UNKNOWN
2016-03-29T02:21:03.000000;2016-03-29T02:21:03.000000;13daa49a-acee-4b7e-abfd-fc6810c2654e;426.32;5.8149;UNKNOWN
2016-03-29T02:21:39.000000;2016-03-29T02:21:39.000000;7635af38-63f7-48e1-b45e-5e767b877f0d;426.23;1.0;UNKNOWN
2016-03-29T02:22:05.000000;2016-03-29T02:22:05.000000;69ca9a50-0b84-4160-a6c3-026fe72147ef;426.23;0.2;UNKNOWN
2016-03-29T02:22:24.000000;2016-03-29T02:22:24.000000;72e81307-7a8c-4d74-8289-114c8f6c266b;426.23;1.0;UNKNOWN
2016-03-29T02:22:47.000000;2016-03-29T02:22:47.000000;d664c9ff-810a-4e5c-8756-8c53de90607d;426.33;11.5462;UNKNOWN
2016-03-29T02:22:47.000000;2016-03-29T02:22:47.000000;ec176791-5f49-42a4-809f-2f2063649d25;426.33;5.8528;UNKNOWN
2016-03-29T02:22:47.000000;2016-03-29T02:22:47.000000;332dd16b-32e3-4ccc-8dcb-1d764adeb0d0;426.33;7.601;UNKNOWN
2016-03-29T02:24:53.000000;2016-03-29T02:24:53.000000;27a61c7d-1f31-4741-aa5f-eb7e069b797d;426.23;1.0;UNKNOWN
2016-03-29T02:25:05.000000;2016-03-29T02:25:05.000000;d289fc98-68ab-4cb4-8542-cc66fdb32db0;426.37;0.02341646;UNKNOWN
2016-03-29T02:25:06.000000;2016-03-29T02:25:06.000000;ed565a02-5ca5-4297-8ce4-6d138c68ffd8;426.37;0.17651627;UNKNOWN
2016-03-29T02:26:05.000000;2016-03-29T02:26:05.000000;060c26e4-b41f-4b45-b1ff-86c524cc92a7;426.37;5.63956727;UNKNOWN
2016-03-29T02:26:20.000000;2016-03-29T02:26:20.000000;4bb0dc87-cddc-4930-a002-3b820cf85d8f;426.37;0.626901;UNKNOWN
2016-03-29T02:26:29.000000;2016-03-29T02:26:29.000000;a7f45b89-93b6-4966-963a-4f86ab523071;426.37;0.94034122;UNKNOWN
2016-03-29T02:27:47.000000;2016-03-29T02:27:47.000000;c13b25c2-de0d-43f3-b1de-4a6b961a79fb;426.37;1.0;UNKNOWN
2016-03-29T02:28:01.000000;2016-03-29T02:28:01.000000;257a2cda-f509-4cda-9779-1a8471cf0ec8;426.41;3.0;UNKNOWN
2016-03-29T02:28:05.000000;2016-03-29T02:28:05.000000;5abb8753-8950-4cf0-89c5-b3caf71c4de4;426.41;0.35334385;UNKNOWN
2016-03-29T02:28:07.000000;2016-03-29T02:28:07.000000;ee051478-6709-4fea-8631-6b254f1f4b63;426.41;0.0353545;UNKNOWN
2016-03-29T02:28:20.000000;2016-03-29T02:28:20.000000;8b691c40-b8a0-4509-b289-8661dc87612a;426.37;0.32056573;UNKNOWN
2016-03-29T02:28:55.000000;2016-03-29T02:28:55.000000;cd1c44d3-4f8b-4fad-9f3b-d30607f25882;426.41;4.271;UNKNOWN
2016-03-29T02:29:13.000000;2016-03-29T02:29:13.000000;6066c836-d180-48e4-99f7-0d35dc0bcade;426.37;1.0;UNKNOWN
2016-03-29T02:29:41.000000;2016-03-29T02:29:41.000000;c0d0eb60-aba7-4cc9-88ab-b90be96f783e;426.37;1.0;UNKNOWN
2016-03-29T02:30:51.000000;2016-03-29T02:30:51.000000;6e6c3cb7-81f0-4791-98d7-a43d3e9ca985;426.37;0.814453;UNKNOWN
2016-03-29T02:32:16.000000;2016-03-29T02:32:16.000000;9725daa8-53a7-4b65-bd34-63c7aac526a2;426.38;0.05;UNKNOWN
2016-03-29T02:32:26.000000;2016-03-29T02:32:26.000000;0d011de6-b9eb-4524-a437-ed6e1c3acf25;426.37;0.01;UNKNOWN
2016-03-29T02:32:42.000000;2016-03-29T02:32:42.000000;c5e22205-6757-444b-b15e-2a64456562d1;426.37;0.36417153;UNKNOWN
2016-03-29T02:32:42.000000;2016-03-29T02:32:42.000000;d1add755-55eb-4483-baa0-81606e3a3542;426.37;0.63582847;UNKNOWN
2016-03-29T02:33:05.000000;2016-03-29T02:33:05.000000;2671ffdf-f346-49c2-83f5-db84b414883c;426.41;1.99169039;UNKNOWN
2016-03-29T02:33:22.000000;2016-03-29T02:33:22.000000;553365cb-a65a-4fa7-bfd1-b9000bfefd5a;426.37;0.09;UNKNOWN
2016-03-29T02:35:40.000000;2016-03-29T02:35:40.000000;3107912c-fd85-4116-9a7f-534dc695481d;426.38;0.0235008;UNKNOWN
2016-03-29T02:36:20.000000;2016-03-29T02:36:20.000000;12d7ec53-7acb-43e4-b6e5-b64514c003ad;426.38;0.02597842;UNKNOWN
2016-03-29T02:36:20.000000;2016-03-29T02:36:20.000000;05985cad-0a51-49f9-9985-f85fa9221d08;426.37;0.67109612;UNKNOWN
2016-03-29T02:36:20.000000;2016-03-29T02:36:20.000000;e7b7c21c-0ba2-400f-8e70-6eb063be48c1;426.37;1.0;UNKNOWN
2016-03-29T02:36:23.000000;2016-03-29T02:36:23.000000;7d61afb2-a346-4684-8f03-cb9589fc770e;426.32;6.6;UNKNOWN
2016-03-29T02:39:04.000000;2016-03-29T02:39:04.000000;4fa421d2-f1f2-469c-b261-aec4a944d862;425.84;1.0;UNKNOWN
2016-03-29T02:39:04.000000;2016-03-29T02:39:04.000000;9fbab1f5-c49d-4b22-86b7-2f20b97ec2d5;425.83;1.85;UNKNOWN
2016-03-29T02:40:36.000000;2016-03-29T02:40:36.000000;82a0a2a5-ede5-4a9e-ac16-f1147ea6d363;425.83;0.01;UNKNOWN
2016-03-29T02:40:49.000000;2016-03-29T02:40:49.000000;7ba6e1b6-96cf-496a-9b73-6ce60e2aa2d7;425.83;0.01;UNKNOWN
2016-03-29T02:41:24.000000;2016-03-29T02:41:24.000000;3678b74d-8624-41a7-8484-6c8637cd01be;425.83;0.11616546;UNKNOWN
2016-03-29T02:43:43.000000;2016-03-29T02:43:43.000000;225adced-36fb-4e89-bf3e-d9b419fe643d;425.83;0.01;UNKNOWN
2016-03-29T02:44:04.000000;2016-03-29T02:44:04.000000;c75208dd-7099-4b7f-8342-9b4484fa138a;425.83;0.44708165;UNKNOWN
2016-03-29T02:44:12.000000;2016-03-29T02:44:12.000000;18a6cf34-2977-48eb-a890-4b9a3d2ed2ab;425.83;0.01;UNKNOWN
2016-03-29T02:44:20.000000;2016-03-29T02:44:20.000000;6ca088b8-8490-491b-9cc5-6e0880d247d6;425.83;0.01;UNKNOWN
2016-03-29T02:44:20.000000;2016-03-29T02:44:20.000000;e9cca635-9ead-4f2e-bb6a-7afbb9fe25aa;425.83;0.09525568;UNKNOWN
2016-03-29T02:46:00.000000;2016-03-29T02:46:00.000000;f9aa06e9-913b-478e-acb3-19615f227bc8;425.84;0.5;UNKNOWN
2016-03-29T02:46:09.000000;2016-03-29T02:46:09.000000;b6f6ecfe-f34e-4bb6-acbd-18a778f1d5e7;425.84;0.5;UNKNOWN
2016-03-29T02:47:41.000000;2016-03-29T02:47:41.000000;443dce33-2911-4c0d-b2e0-964b777ed04b;425.84;0.01338973;UNKNOWN
2016-03-29T02:48:20.000000;2016-03-29T02:48:20.000000;73b5bf2d-f8ef-4612-9464-729c78dd2cd5;425.83;0.11615456;UNKNOWN
2016-03-29T02:50:44.000000;2016-03-29T02:50:44.000000;d73e9f95-d8e7-4b82-b0f3-042b938f737a;425.53;0.5;UNKNOWN
2016-03-29T02:50:44.000000;2016-03-29T02:50:44.000000;91451a5b-f9b5-4006-8470-ea0c07432039;425.83;0.09884265;UNKNOWN
2016-03-29T02:50:44.000000;2016-03-29T02:50:44.000000;6f426802-d5b3-4066-a79f-760a0f5ecd6c;425.52;0.45137684;UNKNOWN
2016-03-29T02:50:51.000000;2016-03-29T02:50:51.000000;770074ec-4963-4935-a3d3-2dbb719e05a8;425.51;0.047405;UNKNOWN
2016-03-29T02:51:05.000000;2016-03-29T02:51:05.000000;b301fd6f-a319-4c04-8e52-18c56e574937;425.51;0.01818843;UNKNOWN
2016-03-29T02:52:33.000000;2016-03-29T02:52:33.000000;f4669a10-1926-4491-9d78-269721bba56d;425.12;0.01232;UNKNOWN
2016-03-29T02:54:04.000000;2016-03-29T02:54:04.000000;554a5007-3ce3-4803-a17a-e3d457542919;425.12;0.07027;UNKNOWN
2016-03-29T02:54:04.000000;2016-03-29T02:54:04.000000;3727d5a9-cd67-4f53-b805-3ca600002516;425.12;0.02973;UNKNOWN
2016-03-29T02:54:07.000000;2016-03-29T02:54:07.000000;abfc7502-81b0-4ca1-8c8d-19008628fde3;425.11;0.01383;UNKNOWN
2016-03-29T02:55:05.000000;2016-03-29T02:55:05.000000;b7948c82-daa4-4279-b2c4-d9ea99016345;425.1;4.51390848;UNKNOWN
2016-03-29T02:55:05.000000;2016-03-29T02:55:05.000000;f9502345-5202-4836-9a88-3e00adacb8f3;425.05;4.51390848;UNKNOWN
2016-03-29T02:55:05.000000;2016-03-29T02:55:05.000000;9b70cd3d-797a-4fcb-832c-e5bd3a681c7e;424.92;0.97218304;UNKNOWN
2016-03-29T02:55:23.000000;2016-03-29T02:55:23.000000;29f9f6de-6707-4b96-9163-a5ed668f6c73;425.0;0.2;UNKNOWN
2016-03-29T02:55:30.000000;2016-03-29T02:55:30.000000;04612315-8366-4f58-bd4f-f2f64d364e05;425.0;0.2;UNKNOWN
2016-03-29T02:56:33.000000;2016-03-29T02:56:33.000000;0dddbc50-1c34-44e8-944b-f91497bec35d;424.9;0.03669852;UNKNOWN
2016-03-29T02:57:36.000000;2016-03-29T02:57:36.000000;624d8e4c-4d66-4ce4-8b7a-8eb53eafe668;424.89;0.010015;UNKNOWN
2016-03-29T02:58:56.000000;2016-03-29T02:58:56.000000;967022f6-d6f8-4f2a-8333-45a6ef6fff8a;424.9;4.0;UNKNOWN
2016-03-29T02:59:16.000000;2016-03-29T02:59:16.000000;ea7603cf-cd37-48ac-84d3-13d1fd72c538;424.9;0.11026367;UNKNOWN
2016-03-29T02:59:20.000000;2016-03-29T02:59:20.000000;ec054f8e-0f69-4c9a-a55d-18b6977b7739;424.9;0.11026367;UNKNOWN
2016-03-29T03:00:07.000000;2016-03-29T03:00:07.000000;49055587-a3f8-4256-85ab-862503c8d8e6;424.9;0.15412016;UNKNOWN
2016-03-29T03:00:37.000000;2016-03-29T03:00:37.000000;e212941e-e37f-4a3c-9d94-3e6e0fb1ceda;425.61;0.11884513;UNKNOWN
2016-03-29T03:00:40.000000;2016-03-29T03:00:40.000000;1db5fdd6-83a0-4fdc-a8c8-1ca72057ded8;425.61;0.11884513;UNKNOWN
2016-03-29T03:00:44.000000;2016-03-29T03:00:44.000000;21ef84f6-44ad-41e9-8cd7-2a9b69c0dbfc;425.61;0.11906572;UNKNOWN
2016-03-29T03:00:47.000000;2016-03-29T03:00:47.000000;3edade62-15e8-45a7-96a9-b63bab8789fa;425.61;0.11884513;UNKNOWN
2016-03-29T03:01:08.000000;2016-03-29T03:01:08.000000;3359a9bc-8dad-479a-b7f3-bd3ba9748f6c;425.51;0.05;UNKNOWN
2016-03-29T03:01:19.000000;2016-03-29T03:01:19.000000;5f7dec30-585c-4163-8a74-52cc5cd12e75;425.51;0.06592263;UNKNOWN
2016-03-29T03:02:03.000000;2016-03-29T03:02:03.000000;d43af591-02b1-49a7-8c40-7203a8110a40;425.34;0.10161569;UNKNOWN
2016-03-29T03:02:07.000000;2016-03-29T03:02:07.000000;5f41bf22-5ca9-4e3c-9c15-d9fdcafd3c76;425.34;0.03145608;UNKNOWN
2016-03-29T03:02:20.000000;2016-03-29T03:02:20.000000;9846fa45-d4d6-472b-9751-66e0dcc44f35;425.34;0.04364873;UNKNOWN
2016-03-29T03:04:17.000000;2016-03-29T03:04:17.000000;81a3ea50-09a5-49c0-a3ed-1e4a1df8836d;425.19;5.8413;UNKNOWN
2016-03-29T03:04:41.000000;2016-03-29T03:04:41.000000;cf2deea3-5b8c-40af-b9a5-daac6df953d2;425.19;5.8455;UNKNOWN
2016-03-29T03:07:24.000000;2016-03-29T03:07:24.000000;39b0d105-d142-4a59-8445-bdeb8985e987;425.23;0.22139573;UNKNOWN
2016-03-29T03:08:18.000000;2016-03-29T03:08:18.000000;90450470-b7c9-4ade-9eee-ca74cb1a7ec6;425.12;5.789;UNKNOWN
2016-03-29T03:08:49.000000;2016-03-29T03:08:49.000000;79652dc2-6957-49eb-89d5-4e8609dcbecb;425.11;2.0;UNKNOWN
2016-03-29T03:09:07.000000;2016-03-29T03:09:07.000000;bb0d8102-372f-4dfe-80aa-293756a49282;425.0;2.82;UNKNOWN
2016-03-29T03:10:04.000000;2016-03-29T03:10:04.000000;909f00f7-e26f-4c8d-9a85-d13531d02be9;424.98;0.01606654;UNKNOWN
2016-03-29T03:10:12.000000;2016-03-29T03:10:12.000000;5f9f0f0e-6e5d-4966-b2ea-23b72307e9ee;424.98;0.059;UNKNOWN
2016-03-29T03:11:02.000000;2016-03-29T03:11:02.000000;2125ea49-4aa3-423c-88c9-c14c9ee2cb2a;424.97;3.93;UNKNOWN
2016-03-29T03:11:05.000000;2016-03-29T03:11:05.000000;aaa8aadf-45f1-4cb9-b492-6e14724bc3eb;424.98;4.94774764;UNKNOWN
2016-03-29T03:11:06.000000;2016-03-29T03:11:06.000000;b6b24c1a-5c6f-4c3e-abe0-6b7181b4a58a;424.98;0.36109416;UNKNOWN
2016-03-29T03:11:07.000000;2016-03-29T03:11:07.000000;b9bc3b96-64c1-4c84-a9df-86254705cb1f;424.98;0.23421398;UNKNOWN
2016-03-29T03:12:05.000000;2016-03-29T03:12:05.000000;9d763627-ddcc-4ae7-91cd-082b914b7998;424.96;0.13747384;UNKNOWN
2016-03-29T03:12:06.000000;2016-03-29T03:12:06.000000;21c35996-b51f-4d8d-838b-eeb910930ffc;424.96;1.23706198;UNKNOWN
2016-03-29T03:13:05.000000;2016-03-29T03:13:05.000000;ff2e9a87-635b-448e-8951-07e991dc25f2;424.97;0.0234819;UNKNOWN
2016-03-29T03:13:10.000000;2016-03-29T03:13:10.000000;4643476f-d464-405e-ba67-19bab8879ce1;424.96;1.38;UNKNOWN
2016-03-29T03:16:23.000000;2016-03-29T03:16:23.000000;833647c6-6393-4000-818a-1f724cdba431;424.9;0.12014351;UNKNOWN
2016-03-29T03:16:23.000000;2016-03-29T03:16:23.000000;1b0389d7-2edd-4ac8-a795-56a64377e2fb;424.9;0.27333167;UNKNOWN
2016-03-29T03:16:23.000000;2016-03-29T03:16:23.000000;78c9cf28-e9fd-4bf5-87c2-1b09d7c19652;424.9;0.04144473;UNKNOWN
2016-03-29T03:16:25.000000;2016-03-29T03:16:25.000000;a64e90b0-8b9c-4f8e-9364-13ff0cbe69e7;424.87;0.43495062;UNKNOWN
2016-03-29T03:16:27.000000;2016-03-29T03:16:27.000000;e167bfee-2544-4afd-b445-db60f2f60b08;424.87;0.06294556;UNKNOWN
2016-03-29T03:16:30.000000;2016-03-29T03:16:30.000000;8aacbdb9-dd12-41b2-bad4-edd6fc025e04;424.87;0.65166497;UNKNOWN
2016-03-29T03:16:30.000000;2016-03-29T03:16:30.000000;67a65641-2230-4d99-b9b5-e21d1f9a0852;424.87;0.3576635;UNKNOWN
2016-03-29T03:16:30.000000;2016-03-29T03:16:30.000000;e4e4b503-056e-42e8-856c-43b3963e6bbe;424.87;0.43495062;UNKNOWN
2016-03-29T03:17:06.000000;2016-03-29T03:17:06.000000;f638520c-9089-446b-b781-93d5a669c8b3;424.85;0.83780741;UNKNOWN
2016-03-29T03:18:20.000000;2016-03-29T03:18:20.000000;1022dff2-7539-4f55-8666-8ad1b508f896;424.91;0.176687;UNKNOWN
2016-03-29T03:18:35.000000;2016-03-29T03:18:35.000000;f09bad2d-e206-48c8-a71e-449d1dbbf847;424.91;5.8582;UNKNOWN
2016-03-29T03:18:42.000000;2016-03-29T03:18:42.000000;278d2cd0-36d0-490f-8f5c-7adae57fab00;424.73;0.02482;UNKNOWN
2016-03-29T03:19:13.000000;2016-03-29T03:19:13.000000;beb4c8b9-854a-4e03-8363-3b85508e82eb;424.69;0.059;UNKNOWN
2016-03-29T03:19:41.000000;2016-03-29T03:19:41.000000;766fd261-0b40-40b6-9db9-9ee9567c116c;424.69;12.5;UNKNOWN
2016-03-29T03:19:50.000000;2016-03-29T03:19:50.000000;ca7e693c-5d79-4d7e-b67d-bd1eb6dac282;424.68;0.0389463;UNKNOWN
2016-03-29T03:19:50.000000;2016-03-29T03:19:50.000000;ad7c56b6-69a0-443c-9cc1-40a334950d0f;424.68;0.03898529;UNKNOWN
2016-03-29T03:19:50.000000;2016-03-29T03:19:50.000000;d2f74098-3748-4f09-ba9a-8ebb007399cf;424.68;0.0389463;UNKNOWN
2016-03-29T03:19:52.000000;2016-03-29T03:19:52.000000;2794ae05-72ff-4d93-8c81-8cfdf39a091a;424.68;0.0389463;UNKNOWN
2016-03-29T03:20:05.000000;2016-03-29T03:20:05.000000;c1b3ee54-0a76-4d51-bdad-e95f5638bb60;424.68;0.03495255;UNKNOWN
2016-03-29T03:20:07.000000;2016-03-29T03:20:07.000000;70ea0547-9e39-42df-9cb4-0cc059613e2f;424.69;4.74;UNKNOWN
2016-03-29T03:20:12.000000;2016-03-29T03:20:12.000000;b6feafb2-5d3d-4333-bcb6-261606440984;424.69;0.234;UNKNOWN
2016-03-29T03:20:17.000000;2016-03-29T03:20:17.000000;0bd997ac-dbeb-4297-9c25-f6c80cd81a94;424.67;7.57;UNKNOWN
2016-03-29T03:20:18.000000;2016-03-29T03:20:18.000000;3e32cb85-0c6a-4b7e-8042-f8b0f9f27b9a;424.65;0.0505975;UNKNOWN
2016-03-29T03:20:21.000000;2016-03-29T03:20:21.000000;00db8cd9-355f-4894-aa6b-4bb671207aac;424.65;0.02722284;UNKNOWN
2016-03-29T03:20:35.000000;2016-03-29T03:20:35.000000;2dc71ffb-fb64-4a2a-a4a6-8afc8df20e9a;424.65;0.65882904;UNKNOWN
2016-03-29T03:21:43.000000;2016-03-29T03:21:43.000000;d4876d22-4d33-4d10-9771-67edd0339ddd;424.8;0.04978777;UNKNOWN
2016-03-29T03:21:45.000000;2016-03-29T03:21:45.000000;0f2c0cbe-631d-4eb0-b9ad-65b42d3b3399;424.8;0.01609106;UNKNOWN
2016-03-29T03:21:48.000000;2016-03-29T03:21:48.000000;54218dab-80c4-4c55-a990-3b6ac2b96ea2;424.8;0.1062295;UNKNOWN
2016-03-29T03:21:56.000000;2016-03-29T03:21:56.000000;7cfe0f99-9507-4bd8-aab2-107d80af7af5;424.8;0.41502078;UNKNOWN
2016-03-29T03:21:56.000000;2016-03-29T03:21:56.000000;38317030-8b3f-4a9f-8831-b3938e7948a3;424.81;11.19393017;UNKNOWN
2016-03-29T03:21:57.000000;2016-03-29T03:21:57.000000;c3e9c44c-3e4a-4f81-b47a-bee0bc5c0467;424.9;0.41502078;UNKNOWN
2016-03-29T03:21:58.000000;2016-03-29T03:21:58.000000;e1cd945e-b400-413b-b2e1-655c44e30d67;424.9;0.65882904;UNKNOWN
2016-03-29T03:22:02.000000;2016-03-29T03:22:02.000000;342faf16-99f0-495a-9c90-edddc57139c6;424.9;0.18600008;UNKNOWN
2016-03-29T03:22:03.000000;2016-03-29T03:22:03.000000;0180fe0a-a69a-485d-9c33-32329fd55293;425.13;0.01;UNKNOWN
2016-03-29T03:22:16.000000;2016-03-29T03:22:16.000000;d8c37cf0-bb9a-4fde-9fc9-4eaee2c2de92;424.9;0.29584591;UNKNOWN
2016-03-29T03:24:05.000000;2016-03-29T03:24:05.000000;5b016857-9146-463c-998e-4e22f42df72f;424.91;0.03339269;UNKNOWN
2016-03-29T03:24:05.000000;2016-03-29T03:24:05.000000;d6751ab6-d743-4654-91dc-1e8f531ea084;425.68;0.29468361;UNKNOWN
2016-03-29T03:24:26.000000;2016-03-29T03:24:26.000000;adc03fc2-f540-4581-8e9d-5d5533f30b9a;425.3;0.01776271;UNKNOWN
2016-03-29T03:27:17.000000;2016-03-29T03:27:17.000000;bcf03e23-4fbf-43b4-8dd5-b8656985aa84;424.91;0.03339244;UNKNOWN
2016-03-29T03:30:20.000000;2016-03-29T03:30:20.000000;11bdc063-501a-49fa-9068-d833ea1c0f08;425.17;0.15866303;UNKNOWN
2016-03-29T03:30:46.000000;2016-03-29T03:30:46.000000;d6a47081-9d80-4125-8bde-c87e0b666b7a;425.03;0.61635532;UNKNOWN
2016-03-29T03:34:05.000000;2016-03-29T03:34:05.000000;559ccd7b-a651-4c06-b488-87c53f608c98;424.91;0.02924527;UNKNOWN
2016-03-29T03:39:19.000000;2016-03-29T03:39:19.000000;e75834dc-a779-442f-a3a2-c1fd2564ad05;424.92;0.02259695;UNKNOWN
2016-03-29T03:47:36.000000;2016-03-29T03:47:36.000000;baaabb8f-0fab-4081-b737-a53f9b09f102;424.98;3.39224377;UNKNOWN
2016-03-29T03:48:50.000000;2016-03-29T03:48:50.000000;461db478-f58b-4349-81d1-c44dcc6aa54c;424.91;4.67623171;UNKNOWN
2016-03-29T03:48:50.000000;2016-03-29T03:48:50.000000;efe30045-d26e-4f97-8d4d-c2a85cf76af1;424.91;3.93736229;UNKNOWN
2016-03-29T03:48:53.000000;2016-03-29T03:48:53.000000;da09bf30-525a-469b-81ee-ca0036986059;424.9;0.0241265;UNKNOWN
2016-03-29T03:48:54.000000;2016-03-29T03:48:54.000000;372a316a-9e98-47cb-840c-39952fccbeec;424.9;0.02412593;UNKNOWN
2016-03-29T03:49:01.000000;2016-03-29T03:49:01.000000;8433147e-4c3c-429f-8d1d-06d1b455a8e0;424.91;0.0241265;UNKNOWN
2016-03-29T03:49:25.000000;2016-03-29T03:49:25.000000;4d757df1-6338-4d27-8d74-904cdfd1c953;424.9;2.0;UNKNOWN
2016-03-29T03:50:20.000000;2016-03-29T03:50:20.000000;03c5f4dc-35ee-40b9-9091-33de0e9f7c2a;424.9;0.04662584;UNKNOWN
2016-03-29T03:51:16.000000;2016-03-29T03:51:16.000000;83fd55b7-92c0-4c8e-a508-0621e9bd5fe1;424.91;0.26883582;UNKNOWN
2016-03-29T03:54:20.000000;2016-03-29T03:54:20.000000;c3d2dc9d-6759-41aa-9892-d34e38f3c62b;424.9;0.48709575;UNKNOWN
2016-03-29T03:54:20.000000;2016-03-29T03:54:20.000000;047889ce-db4f-413c-89c0-55a7969a486a;424.9;0.16739691;UNKNOWN
2016-03-29T03:54:52.000000;2016-03-29T03:54:52.000000;f5d46c18-f114-44c8-adda-76acefcc8052;424.82;0.17214942;UNKNOWN
2016-03-29T03:55:20.000000;2016-03-29T03:55:20.000000;6b51c4f9-9b24-46bb-8a33-c0c266c6d385;425.2;3.82422851;UNKNOWN
2016-03-29T03:55:20.000000;2016-03-29T03:55:20.000000;c9b936e7-1db6-4568-9131-3adc6c94ef4f;425.03;0.05;UNKNOWN
2016-03-29T03:55:20.000000;2016-03-29T03:55:20.000000;920054a0-d329-4295-81a3-1ac44ef801bd;425.06;0.05898735;UNKNOWN
2016-03-29T03:55:20.000000;2016-03-29T03:55:20.000000;22471bcf-e033-44f8-876b-6ee393f3be67;425.02;0.06678414;UNKNOWN
2016-03-29T03:56:19.000000;2016-03-29T03:56:19.000000;7c66fbb3-17c4-4dd0-a7a0-bdcad6fad77b;424.76;0.24351123;UNKNOWN
2016-03-29T03:57:11.000000;2016-03-29T03:57:11.000000;3874e245-f689-4219-8e8a-08105886e6c6;424.72;0.248263;UNKNOWN
2016-03-29T03:57:15.000000;2016-03-29T03:57:15.000000;35583490-26a2-4ed8-830c-b280bfabc379;425.25;0.43335178;UNKNOWN
2016-03-29T03:57:15.000000;2016-03-29T03:57:15.000000;8f62659d-1d8f-4ac2-8e4d-15c868b9608a;424.78;0.063961;UNKNOWN
2016-03-29T03:57:15.000000;2016-03-29T03:57:15.000000;a394def5-865e-4690-b2f9-1e20079f8aba;424.77;0.50268722;UNKNOWN
2016-03-29T03:57:18.000000;2016-03-29T03:57:18.000000;1aa942e4-4e77-496d-aa92-8d075295a511;425.23;1.0;UNKNOWN
2016-03-29T03:57:22.000000;2016-03-29T03:57:22.000000;86a7f528-29f2-4708-b0a1-1dc6bf981fb3;425.23;1.0;UNKNOWN
2016-03-29T03:57:25.000000;2016-03-29T03:57:25.000000;b6809d47-587d-4e52-b239-53da5fb825a5;425.23;1.0;UNKNOWN
2016-03-29T03:58:30.000000;2016-03-29T03:58:30.000000;5f66aaac-00c8-4b9a-85c6-d2cb635f6eb6;425.3;0.83692094;UNKNOWN
2016-03-29T03:58:53.000000;2016-03-29T03:58:53.000000;c25b2169-4e51-4859-a920-da2daa83ac42;425.07;2.832958;UNKNOWN
2016-03-29T04:00:09.000000;2016-03-29T04:00:09.000000;2c39eff7-2fa7-4d12-abd4-a79b11309266;425.45;1.0;UNKNOWN
2016-03-29T04:02:21.000000;2016-03-29T04:02:21.000000;2789c4a6-f1e9-440e-9021-bb0df8697858;425.26;0.55549897;UNKNOWN
2016-03-29T04:07:20.000000;2016-03-29T04:07:20.000000;e0fadff6-7b14-472d-9aa0-a9464a69c3bb;425.24;1.0;UNKNOWN
2016-03-29T04:08:03.000000;2016-03-29T04:08:03.000000;69dd44c4-5b8b-4e83-b783-1d1498486fe2;425.2;0.06367546;UNKNOWN
2016-03-29T04:08:04.000000;2016-03-29T04:08:04.000000;e67e7da5-071d-439c-83d3-7e6f3ef8348c;425.2;0.28972736;UNKNOWN
2016-03-29T04:08:04.000000;2016-03-29T04:08:04.000000;328d4edc-1870-477b-9ddc-60b1ab3674e9;425.2;0.58668801;UNKNOWN
2016-03-29T04:08:22.000000;2016-03-29T04:08:22.000000;7b3b79b2-630a-4ce8-8064-671270f57a34;425.47;0.04956343;UNKNOWN
2016-03-29T04:08:36.000000;2016-03-29T04:08:36.000000;dba36e68-4ece-477e-a5ff-94067a928bf2;425.47;0.063581;UNKNOWN
2016-03-29T04:08:36.000000;2016-03-29T04:08:36.000000;6b5715cd-a8c2-4a56-8233-b2e3b801cc17;425.47;0.55772436;UNKNOWN
2016-03-29T04:08:37.000000;2016-03-29T04:08:37.000000;69b8c68a-0985-4e99-9203-d0b63174672d;425.47;0.55828264;UNKNOWN
2016-03-29T04:08:38.000000;2016-03-29T04:08:38.000000;048636d1-8bea-49c5-836c-55e98ac34731;425.47;0.55772436;UNKNOWN
2016-03-29T04:08:39.000000;2016-03-29T04:08:39.000000;792b81be-ae5e-4306-ab01-f6736b91e188;425.47;0.55772435;UNKNOWN
2016-03-29T04:08:39.000000;2016-03-29T04:08:39.000000;5f9ae3ca-8b38-4173-91c6-e5ed43ed0cce;425.47;0.55828264;UNKNOWN
2016-03-29T04:08:42.000000;2016-03-29T04:08:42.000000;fa50217d-878f-4a67-8638-5c0074392808;425.19;0.38087115;UNKNOWN
2016-03-29T04:08:44.000000;2016-03-29T04:08:44.000000;b91afff1-59b9-4dd9-913d-4da4a806b28e;425.19;0.55772435;UNKNOWN
2016-03-29T04:09:22.000000;2016-03-29T04:09:22.000000;0d5db9a8-7c01-4d83-a6ad-2b10797bac51;425.2;0.111793;UNKNOWN
2016-03-29T04:09:31.000000;2016-03-29T04:09:31.000000;ece97c48-66eb-44ea-bbe8-f5796b77effe;425.57;1.0;UNKNOWN
2016-03-29T04:09:33.000000;2016-03-29T04:09:33.000000;bb649937-fc09-47ea-ab1c-2ac19191b952;425.56;1.0;UNKNOWN
2016-03-29T04:09:40.000000;2016-03-29T04:09:40.000000;c7ad8f91-5a99-4190-88b0-0048367ee09d;425.56;1.0;UNKNOWN
2016-03-29T04:09:48.000000;2016-03-29T04:09:48.000000;5aa6021a-0971-4a45-b9a2-5b1a8aeb3c65;425.54;1.0;UNKNOWN
2016-03-29T04:10:06.000000;2016-03-29T04:10:06.000000;16d7f24e-ee46-40f7-a580-2d68e9ed4838;425.31;0.453;UNKNOWN
2016-03-29T04:10:11.000000;2016-03-29T04:10:11.000000;80f0da30-b535-4bec-82ff-30b0c704f64a;425.83;0.57597532;UNKNOWN
2016-03-29T04:10:11.000000;2016-03-29T04:10:11.000000;25964501-ea37-4a15-a03d-c81223b3e21a;425.82;0.42402468;UNKNOWN
2016-03-29T04:11:04.000000;2016-03-29T04:11:04.000000;adbf01a7-b36a-4ac7-a1c2-6b3982970b85;425.38;0.141028;UNKNOWN
2016-03-29T04:11:24.000000;2016-03-29T04:11:24.000000;fd107d84-0a35-4215-8c55-642253ba1541;425.21;0.02844783;UNKNOWN
2016-03-29T04:12:04.000000;2016-03-29T04:12:04.000000;9404c351-1bfe-4174-8f31-33752fc21e1c;425.2;0.02368096;UNKNOWN
2016-03-29T04:12:44.000000;2016-03-29T04:12:44.000000;eb0aaeae-dab9-4bc0-b188-71c1fb8599ea;425.28;0.280558;UNKNOWN
2016-03-29T04:14:20.000000;2016-03-29T04:14:20.000000;3c4e6f1d-bcff-4e5a-84b9-7dfe26f26cb3;425.28;0.086961;UNKNOWN
2016-03-29T04:14:25.000000;2016-03-29T04:14:25.000000;f42d0392-0e49-4101-944f-724d055d3b6d;425.28;0.12911;UNKNOWN
2016-03-29T04:15:18.000000;2016-03-29T04:15:18.000000;c7fee5cd-274d-46b6-becf-f26d741d6a7d;425.27;0.03;UNKNOWN
2016-03-29T04:16:01.000000;2016-03-29T04:16:01.000000;9e7f18e2-b420-47eb-aac4-82c8e490e63f;425.21;0.042957;UNKNOWN
2016-03-29T04:16:03.000000;2016-03-29T04:16:03.000000;f437d123-a0c4-4932-b668-196be3ed127f;425.21;0.1;UNKNOWN
2016-03-29T04:16:09.000000;2016-03-29T04:16:09.000000;004c1f7f-cb31-4bc8-9366-94ee0f603753;425.2;0.01681;UNKNOWN
2016-03-29T04:16:20.000000;2016-03-29T04:16:20.000000;62f56b91-5b4e-464c-b11f-a9393d467da8;425.2;0.04713095;UNKNOWN
2016-03-29T04:16:41.000000;2016-03-29T04:16:41.000000;aba3966d-8f4a-448f-97a7-bab531a443f9;425.14;0.06201391;UNKNOWN
2016-03-29T04:16:41.000000;2016-03-29T04:16:41.000000;98aa6109-3a1e-4884-abd3-dbee283f6336;425.2;0.05058509;UNKNOWN
2016-03-29T04:16:57.000000;2016-03-29T04:16:57.000000;87c53987-66c1-4a24-9923-e9f2b6985aec;425.14;0.31450289;UNKNOWN
2016-03-29T04:16:58.000000;2016-03-29T04:16:58.000000;f0268766-7464-4b10-ba76-f61a10db97cb;425.14;0.01592005;UNKNOWN
2016-03-29T04:16:58.000000;2016-03-29T04:16:58.000000;0055fa7d-0af2-4361-afb7-ebc49a552b89;425.14;0.43976753;UNKNOWN
2016-03-29T04:16:58.000000;2016-03-29T04:16:58.000000;79c5246a-c078-4260-84cf-a413cae7d10e;425.14;0.38154833;UNKNOWN
2016-03-29T04:16:58.000000;2016-03-29T04:16:58.000000;a701c154-ee4f-4507-8cba-8b4f2fd46242;425.14;0.43976753;UNKNOWN
2016-03-29T04:17:32.000000;2016-03-29T04:17:32.000000;f230cc55-ce85-40bb-9842-a2f9c5f601f6;425.14;0.02356547;UNKNOWN
2016-03-29T04:17:38.000000;2016-03-29T04:17:38.000000;75180b51-9fc4-47e9-9227-fe55e60dd2f9;425.14;0.55815728;UNKNOWN
2016-03-29T04:17:40.000000;2016-03-29T04:17:40.000000;fc5cef65-bc39-4eb9-9254-9858142a92a2;425.14;0.55871599;UNKNOWN
2016-03-29T04:17:40.000000;2016-03-29T04:17:40.000000;61b79dde-ffc7-4c05-9198-2cac467c40eb;425.14;0.55815728;UNKNOWN
2016-03-29T04:18:43.000000;2016-03-29T04:18:43.000000;beb970b0-6040-451c-9d51-a4fe05e808c1;424.99;0.13397241;UNKNOWN
2016-03-29T04:19:05.000000;2016-03-29T04:19:05.000000;02a1602b-7633-45f6-be55-61629363a955;424.98;0.851;UNKNOWN
2016-03-29T04:20:23.000000;2016-03-29T04:20:23.000000;545a9559-b10f-4f02-bc38-45b8016f8d32;424.93;0.55815728;UNKNOWN
2016-03-29T04:20:23.000000;2016-03-29T04:20:23.000000;6d5c15c1-5d95-42b4-9fcb-f336938b4770;424.93;0.46828776;UNKNOWN
2016-03-29T04:21:13.000000;2016-03-29T04:21:13.000000;1a03c99e-f80d-4cbf-8323-68d6ac8cbae0;425.02;0.05198007;UNKNOWN
2016-03-29T04:21:14.000000;2016-03-29T04:21:14.000000;c2f353bf-c8be-4cb7-95fd-9591abbdeebc;425.03;0.05198007;UNKNOWN
2016-03-29T04:21:14.000000;2016-03-29T04:21:14.000000;59bf54ac-7274-4963-b790-cef2f7913388;425.03;0.65882904;UNKNOWN
2016-03-29T04:21:14.000000;2016-03-29T04:21:14.000000;2178f857-583e-4305-8e15-fe2f983afb7c;425.03;0.56926438;UNKNOWN
2016-03-29T04:21:16.000000;2016-03-29T04:21:16.000000;ea7e5567-3f8a-42af-b092-e0fc9f355cb0;425.05;0.05198007;UNKNOWN
2016-03-29T04:21:17.000000;2016-03-29T04:21:17.000000;3872af9c-f0de-4079-b61a-b7f6266d21d6;425.05;0.12123102;UNKNOWN
2016-03-29T04:21:17.000000;2016-03-29T04:21:17.000000;e7cdc878-8d06-47eb-8008-86e6e6350e18;425.05;0.4139358;UNKNOWN
2016-03-29T04:21:17.000000;2016-03-29T04:21:17.000000;3cc33c3b-3cc8-427a-ac43-0ae9e2b21b27;425.06;0.29270478;UNKNOWN
2016-03-29T04:21:17.000000;2016-03-29T04:21:17.000000;7f840a2e-83e4-4efc-b609-e6012fdb3992;425.06;3.0;UNKNOWN
2016-03-29T04:21:17.000000;2016-03-29T04:21:17.000000;b69049eb-76d8-4cbc-805c-fa1396ca2c49;425.06;0.20729522;UNKNOWN
2016-03-29T04:21:29.000000;2016-03-29T04:21:29.000000;3eeb1850-98f9-4747-adb2-842f70f513e5;425.01;0.27322262;UNKNOWN
2016-03-29T04:21:47.000000;2016-03-29T04:21:47.000000;f1d4c6ac-ea92-4f24-a590-778ec8a39492;425.01;0.558328;UNKNOWN
2016-03-29T04:21:48.000000;2016-03-29T04:21:48.000000;4a5493da-6ce7-4b6c-a20f-c747a0a87aea;425.01;0.558328;UNKNOWN
2016-03-29T04:21:48.000000;2016-03-29T04:21:48.000000;616c6cd6-6f26-4167-a8dc-77577f5d380a;425.01;0.558328;UNKNOWN
2016-03-29T04:21:48.000000;2016-03-29T04:21:48.000000;70f02301-9605-49c9-a253-6c2bc42caa30;425.01;0.558328;UNKNOWN
2016-03-29T04:21:52.000000;2016-03-29T04:21:52.000000;4e9f996e-8ea0-47bd-a2aa-716f1a1b3da8;425.01;0.558328;UNKNOWN
2016-03-29T04:21:55.000000;2016-03-29T04:21:55.000000;0c76be44-92a5-440f-9e72-8d7f31538f10;425.0;0.558328;UNKNOWN
2016-03-29T04:21:56.000000;2016-03-29T04:21:56.000000;a60c9351-90cf-47e4-9737-49474bb1a907;425.0;0.55835428;UNKNOWN
2016-03-29T04:21:56.000000;2016-03-29T04:21:56.000000;15218036-ba6e-4784-8a97-9ca8bd36680e;425.0;0.55891319;UNKNOWN
2016-03-29T04:21:56.000000;2016-03-29T04:21:56.000000;cac1bab4-d32f-463c-8b35-40a033ca682b;425.0;0.83753142;UNKNOWN
2016-03-29T04:21:57.000000;2016-03-29T04:21:57.000000;90781b22-c845-4489-bb2f-faf994391557;425.0;0.55835428;UNKNOWN
2016-03-29T04:21:57.000000;2016-03-29T04:21:57.000000;ec1af461-daff-445c-89c1-732bcb59405e;425.0;0.0103;UNKNOWN
2016-03-29T04:21:58.000000;2016-03-29T04:21:58.000000;e9b8c9d9-97cc-40ad-92c3-dcd289ee6c79;425.0;0.558328;UNKNOWN
2016-03-29T04:21:58.000000;2016-03-29T04:21:58.000000;65eea44b-f0b3-4119-8001-e31ed9d0bf28;425.0;0.41433065;UNKNOWN
2016-03-29T04:21:59.000000;2016-03-29T04:21:59.000000;74ccc75c-5fd7-418d-a3ff-9a0e3e8d14bd;425.0;0.65882904;UNKNOWN
2016-03-29T04:22:03.000000;2016-03-29T04:22:03.000000;444ccca0-5ee2-44ba-a526-b45c1b55f130;424.91;0.4890733;UNKNOWN
2016-03-29T04:22:20.000000;2016-03-29T04:22:20.000000;c7932c34-aac9-4080-aca4-4726fa2c06ce;425.03;0.06;UNKNOWN
2016-03-29T04:23:00.000000;2016-03-29T04:23:00.000000;a80e0bbd-f286-4e3c-a7d0-17d19bc4075f;425.03;0.55830173;UNKNOWN
2016-03-29T04:23:01.000000;2016-03-29T04:23:01.000000;c2fec43d-9d4a-4259-86f0-68b0d7049507;425.03;0.55830173;UNKNOWN
2016-03-29T04:23:02.000000;2016-03-29T04:23:02.000000;9196e3fa-9518-40ec-ac4c-4cdd5717ebfd;425.03;0.55830173;UNKNOWN
2016-03-29T04:23:06.000000;2016-03-29T04:23:06.000000;10830651-9817-4582-a269-6186318827f3;425.03;0.55830173;UNKNOWN
2016-03-29T04:23:07.000000;2016-03-29T04:23:07.000000;e7b75ad3-700a-4476-bdaf-672dd9c1aa7c;425.03;0.15103906;UNKNOWN
2016-03-29T04:23:15.000000;2016-03-29T04:23:15.000000;ed8ebcd9-57a0-401f-8a85-04a63ffab3ec;425.03;0.4;UNKNOWN
2016-03-29T04:23:52.000000;2016-03-29T04:23:52.000000;5bdcac35-3b34-4fe7-b838-7c7cf428e129;425.02;0.48955182;UNKNOWN
2016-03-29T04:24:11.000000;2016-03-29T04:24:11.000000;224d19b1-ba03-4049-8fce-18c6f8669900;425.14;0.0103;UNKNOWN
2016-03-29T04:25:49.000000;2016-03-29T04:25:49.000000;56161634-3bbc-44ba-abab-6a51f328d590;425.21;5.7979;UNKNOWN
2016-03-29T04:26:02.000000;2016-03-29T04:26:02.000000;351deb21-8dde-4374-8634-93d512a7222c;425.12;1.0;UNKNOWN
2016-03-29T04:26:10.000000;2016-03-29T04:26:10.000000;e9d39bd7-e411-4f41-ae1e-4b99fb9daf80;425.12;1.0;UNKNOWN
2016-03-29T04:26:14.000000;2016-03-29T04:26:14.000000;e0f84ed7-b2d0-476b-b0ad-ace4d90d0067;425.12;1.0;UNKNOWN
2016-03-29T04:26:16.000000;2016-03-29T04:26:16.000000;f2e9a400-cca7-4a38-9217-62c8e8f988c3;425.12;0.83643802;UNKNOWN
2016-03-29T04:26:17.000000;2016-03-29T04:26:17.000000;3e2fb6b1-1f24-4c49-80b1-8b1964c76775;425.12;0.0103;UNKNOWN
2016-03-29T04:26:47.000000;2016-03-29T04:26:47.000000;3e6e3b40-b200-462c-85f5-95c74174cb76;425.0;3.6402677;UNKNOWN
2016-03-29T04:26:52.000000;2016-03-29T04:26:52.000000;486b7169-008e-45b8-8ee3-6de15a85cb1d;425.0;0.12730447;UNKNOWN
2016-03-29T04:29:14.000000;2016-03-29T04:29:14.000000;b7079114-48e2-40dc-901a-8c9e0d4730d5;424.91;0.04796;UNKNOWN
2016-03-29T04:30:47.000000;2016-03-29T04:30:47.000000;722ef906-cf09-4d27-84fa-84d5175890b0;424.91;0.018311;UNKNOWN
2016-03-29T04:32:20.000000;2016-03-29T04:32:20.000000;e5615bd1-0849-4355-85c6-58dbb7213f34;424.91;0.011212;UNKNOWN
2016-03-29T04:33:55.000000;2016-03-29T04:33:55.000000;646e757e-50fe-4bca-93f9-0d03e7839468;424.91;0.022942;UNKNOWN
2016-03-29T04:35:37.000000;2016-03-29T04:35:37.000000;9903cc61-7296-49a0-8742-d6ec8269e198;424.91;0.0183;UNKNOWN
2016-03-29T04:35:43.000000;2016-03-29T04:35:43.000000;198f0a60-9c38-40ac-820d-ce610dcd15ab;424.91;0.03673202;UNKNOWN
2016-03-29T04:36:30.000000;2016-03-29T04:36:30.000000;766783c3-0dce-4642-a02c-696d9cb50ed5;424.91;0.016248;UNKNOWN
2016-03-29T04:37:21.000000;2016-03-29T04:37:21.000000;bade5a45-6f85-420c-acf3-96c84702b352;424.92;0.02;UNKNOWN
2016-03-29T04:37:28.000000;2016-03-29T04:37:28.000000;1e7e3f79-cd5f-4bbc-a60e-f3a7825cdbc1;424.92;0.02;UNKNOWN
2016-03-29T04:39:32.000000;2016-03-29T04:39:32.000000;6f8a8c78-5afa-4868-a59c-8b259b6542d6;424.91;0.02358155;UNKNOWN
2016-03-29T04:43:56.000000;2016-03-29T04:43:56.000000;e6acb64e-cf0f-4353-ae28-f78711303d79;424.91;0.27138762;UNKNOWN
2016-03-29T04:43:57.000000;2016-03-29T04:43:57.000000;be94ba69-4fba-488f-861a-fd95f637158a;424.91;0.02707208;UNKNOWN
2016-03-29T04:44:42.000000;2016-03-29T04:44:42.000000;487ac1e6-60bb-427d-acf4-56ce40e837cf;424.91;12.82708043;UNKNOWN
2016-03-29T04:44:42.000000;2016-03-29T04:44:42.000000;55bc9366-239b-47ec-bbab-79ce3df72f91;424.52;2.17291957;UNKNOWN
2016-03-29T04:45:04.000000;2016-03-29T04:45:04.000000;9408c563-b96b-47f0-983e-7ad4d9a151d3;424.52;0.35;UNKNOWN
2016-03-29T04:47:01.000000;2016-03-29T04:47:01.000000;2bf8144a-8d3d-4632-862d-8f4ac0f28c6a;424.52;2.0;UNKNOWN
2016-03-29T04:52:12.000000;2016-03-29T04:52:12.000000;2fc38043-acfa-4ab2-b551-d8caa49481e3;424.51;0.05900944;UNKNOWN
2016-03-29T04:54:38.000000;2016-03-29T04:54:38.000000;15266045-6aaa-47d3-a4c8-0f7fe5650821;424.51;0.76490168;UNKNOWN
2016-03-29T04:57:40.000000;2016-03-29T04:57:40.000000;d9b518ad-a7e4-4d85-84c7-7eb78f3dac62;424.51;0.12982077;UNKNOWN
2016-03-29T05:00:47.000000;2016-03-29T05:00:47.000000;1dc4641d-0835-4f61-b43b-adf461c90088;424.51;0.2544491;UNKNOWN
2016-03-29T05:01:00.000000;2016-03-29T05:01:00.000000;94f9aac4-a0d9-45cd-a036-0f58ff2049c0;424.51;0.49230152;UNKNOWN
2016-03-29T05:01:16.000000;2016-03-29T05:01:16.000000;51e394db-2692-4cdf-92e1-b44b25411783;424.51;0.6863627;UNKNOWN
2016-03-29T05:01:28.000000;2016-03-29T05:01:28.000000;0b4a25f1-eec0-4179-8e96-9308ab515016;424.52;0.7351;UNKNOWN
2016-03-29T05:01:32.000000;2016-03-29T05:01:32.000000;93db9ad0-6293-4151-845c-45baa8b3ea15;424.51;0.11557688;UNKNOWN
2016-03-29T05:01:48.000000;2016-03-29T05:01:48.000000;7cc154c6-5a5c-4f4a-9ff4-e2adf6c52bd9;424.51;0.76354726;UNKNOWN
2016-03-29T05:04:30.000000;2016-03-29T05:04:30.000000;2528c87c-4cee-4111-b95d-5f71d62f77c1;424.51;15.73403065;UNKNOWN
2016-03-29T05:04:30.000000;2016-03-29T05:04:30.000000;e5b9ddc0-c28a-4ea3-8a5d-244c4daee5fb;424.51;7.48203133;UNKNOWN
2016-03-29T05:06:52.000000;2016-03-29T05:06:52.000000;576e79bd-2be3-44dd-9ba9-d4fb81eb682f;424.5;0.046695;UNKNOWN
2016-03-29T05:06:56.000000;2016-03-29T05:06:56.000000;e358bd72-c31f-427b-8b41-5e27aac6c3b4;424.5;0.053652;UNKNOWN
2016-03-29T05:07:43.000000;2016-03-29T05:07:43.000000;cd32b66a-52a9-429b-89f2-2fcd0f8dd781;424.2;7.4379261;UNKNOWN
2016-03-29T05:07:43.000000;2016-03-29T05:07:43.000000;79c673e3-e543-43f1-a493-80c23f68f5a7;424.21;4.52;UNKNOWN
2016-03-29T05:07:43.000000;2016-03-29T05:07:43.000000;84179398-457f-4f7c-9094-2b04f1e200a9;424.5;0.149653;UNKNOWN
2016-03-29T05:07:43.000000;2016-03-29T05:07:43.000000;8744d66c-1d86-4dcf-b078-d0334feb5f56;424.26;0.01;UNKNOWN
2016-03-29T05:07:47.000000;2016-03-29T05:07:47.000000;d269d53a-1535-40ce-b2a0-def36c6174f2;424.01;12.1175791;UNKNOWN
2016-03-29T05:07:47.000000;2016-03-29T05:07:47.000000;05c077da-1792-44d5-9ca0-73ff3066f6fc;424.01;0.5;UNKNOWN
2016-03-29T05:08:28.000000;2016-03-29T05:08:28.000000;73c2fc96-a3f7-4c36-ab26-c3c99224c696;424.01;0.03574;UNKNOWN
2016-03-29T05:10:00.000000;2016-03-29T05:10:00.000000;47fe57c0-d105-4b2f-9b60-792ed4edaddb;424.01;0.058469;UNKNOWN
2016-03-29T05:12:48.000000;2016-03-29T05:12:48.000000;704ecdae-a3ce-48c9-8ed7-cb2fa3a34796;424.02;0.02;UNKNOWN
2016-03-29T05:13:04.000000;2016-03-29T05:13:04.000000;a17cd014-b394-417d-9c24-8cfae0341c40;424.02;0.96570381;UNKNOWN
2016-03-29T05:13:04.000000;2016-03-29T05:13:04.000000;400bff83-36c9-4136-8fd0-00d3fd20363a;424.03;0.024773;UNKNOWN
2016-03-29T05:13:04.000000;2016-03-29T05:13:04.000000;10cda66a-d846-43b2-89dc-e8702d9e2019;424.4;0.00952319;UNKNOWN
2016-03-29T05:13:07.000000;2016-03-29T05:13:07.000000;8ae7c373-00bd-4c0f-9c38-ffb82a3ec459;424.02;0.013929;UNKNOWN
2016-03-29T05:13:16.000000;2016-03-29T05:13:16.000000;783a52a2-a1bd-47fa-8bf3-de155bafa354;424.02;0.010323;UNKNOWN
2016-03-29T05:13:34.000000;2016-03-29T05:13:34.000000;79d2738a-d1d5-4a43-853b-36b3e31b9286;424.03;0.02;UNKNOWN
2016-03-29T05:14:00.000000;2016-03-29T05:14:00.000000;c04d4b9c-d14c-4af4-980b-f9c0b89a8ee3;424.03;0.01661628;UNKNOWN
2016-03-29T05:14:00.000000;2016-03-29T05:14:00.000000;e43d2cd3-e3f4-4248-ab02-89a7298cb8cf;424.48;0.00338372;UNKNOWN
2016-03-29T05:14:05.000000;2016-03-29T05:14:05.000000;fb498182-71c4-4521-ae08-07f5dfc3d831;424.45;0.02;UNKNOWN
2016-03-29T05:14:16.000000;2016-03-29T05:14:16.000000;4002efa1-bc0b-4fa7-93e6-b2f80c9e7b5e;424.16;0.014367;UNKNOWN
2016-03-29T05:16:34.000000;2016-03-29T05:16:34.000000;e069a74d-e713-4cd4-bb8c-b78b371fa828;424.34;0.02;UNKNOWN
2016-03-29T05:18:04.000000;2016-03-29T05:18:04.000000;fb4d6818-269c-45f4-966f-3b2ebd74aef5;423.81;4.17474456;UNKNOWN
2016-03-29T05:18:04.000000;2016-03-29T05:18:04.000000;5059a205-1d05-40a2-bb52-b5483f1f6ab1;423.75;11.8657;UNKNOWN
2016-03-29T05:18:04.000000;2016-03-29T05:18:04.000000;75a78765-2a15-4549-8774-cadb318335d7;423.8;12.5;UNKNOWN
2016-03-29T05:18:04.000000;2016-03-29T05:18:04.000000;5b8e7302-5c46-4651-aacb-5e078954b258;424.01;6.2882119;UNKNOWN
2016-03-29T05:18:04.000000;2016-03-29T05:18:04.000000;f33bea83-3b0e-4537-a876-e18b08ae5682;424.02;13.5009;UNKNOWN
2016-03-29T05:18:04.000000;2016-03-29T05:18:04.000000;9ae430f8-bb80-4464-a62a-9cd9280acc6d;423.92;0.011;UNKNOWN
2016-03-29T05:18:04.000000;2016-03-29T05:18:04.000000;b4c418b8-1280-4e8c-92f4-e5ca2f99448e;423.9;13.1557;UNKNOWN
2016-03-29T05:18:04.000000;2016-03-29T05:18:04.000000;ea21b416-6e33-447e-98e2-f2a00aef60ad;424.0;0.5;UNKNOWN
2016-03-29T05:18:04.000000;2016-03-29T05:18:04.000000;7432488e-7e6c-491a-b361-9ca45588a86f;424.02;6.51;UNKNOWN
2016-03-29T05:18:04.000000;2016-03-29T05:18:04.000000;01c9e543-c083-450a-bc49-45927bd4b559;424.02;13.157748;UNKNOWN
2016-03-29T05:18:04.000000;2016-03-29T05:18:04.000000;f63e95fd-7b10-428c-9142-8cc5b629d554;424.0;50.0;UNKNOWN
2016-03-29T05:18:19.000000;2016-03-29T05:18:19.000000;4652cfaa-701c-48cd-9618-88777af699d9;423.65;0.78581084;UNKNOWN
2016-03-29T05:19:09.000000;2016-03-29T05:19:09.000000;fec85045-1faa-4501-8296-35390e23244d;423.65;0.02601686;UNKNOWN
2016-03-29T05:19:22.000000;2016-03-29T05:19:22.000000;5cb535bb-7b5e-4aaa-bf9b-574bc023d800;423.8;3.0;UNKNOWN
2016-03-29T05:19:22.000000;2016-03-29T05:19:22.000000;7001d8f1-8d86-45bd-8a37-1743f5c0a67b;423.99;0.38961291;UNKNOWN
2016-03-29T05:19:22.000000;2016-03-29T05:19:22.000000;6774c20f-132c-4130-90f5-3094d9e09219;423.79;0.5;UNKNOWN
2016-03-29T05:19:22.000000;2016-03-29T05:19:22.000000;9030cb05-eb1f-4bb8-9662-f4e2be316a3c;423.66;0.21868709;UNKNOWN
2016-03-29T05:19:22.000000;2016-03-29T05:19:22.000000;5b082dbd-7dd6-477b-9813-0e53ccf3e924;423.81;5.8917;UNKNOWN
2016-03-29T05:20:20.000000;2016-03-29T05:20:20.000000;b36ff4be-bd0c-41c8-946b-ddb6ea9e7207;423.66;0.04137637;UNKNOWN
2016-03-29T05:21:33.000000;2016-03-29T05:21:33.000000;f1cf3ecf-a11e-4537-a660-4cefbc697c07;423.66;3.95862363;UNKNOWN
2016-03-29T05:21:33.000000;2016-03-29T05:21:33.000000;9da17b8e-5f6c-41e3-a6c6-a1b3c0cf2835;423.51;2.47771932;UNKNOWN
2016-03-29T05:21:33.000000;2016-03-29T05:21:33.000000;df2fd872-324f-406a-ac1f-c08002131047;423.63;0.0103;UNKNOWN
2016-03-29T05:21:33.000000;2016-03-29T05:21:33.000000;cf841aff-4df3-4871-a951-53029348b6c3;423.65;1.1881723;UNKNOWN
2016-03-29T05:21:33.000000;2016-03-29T05:21:33.000000;089c7411-efab-4696-9252-c60019b0981b;423.6;2.0;UNKNOWN
2016-03-29T05:21:33.000000;2016-03-29T05:21:33.000000;9f1be2af-ef2f-4d29-9b76-7184a6dd820c;423.51;5.36518475;UNKNOWN
2016-03-29T05:21:37.000000;2016-03-29T05:21:37.000000;74fbae9a-0fad-45df-bb08-8d53e9adcfee;423.51;14.9187;UNKNOWN
2016-03-29T05:21:49.000000;2016-03-29T05:21:49.000000;24362664-176a-4201-bbfe-178884da08c8;423.44;0.25;UNKNOWN
2016-03-29T05:21:49.000000;2016-03-29T05:21:49.000000;88f5bbab-0ecb-490f-82b1-80ce55abb887;423.5;0.0249;UNKNOWN
2016-03-29T05:21:49.000000;2016-03-29T05:21:49.000000;c4c3a345-1443-4c1b-bafa-ef5cf3224bf9;423.2;0.42151932;UNKNOWN
2016-03-29T05:21:49.000000;2016-03-29T05:21:49.000000;fb100144-ea4a-4906-aae9-fe669199acc4;423.51;1.60358068;UNKNOWN
2016-03-29T05:22:00.000000;2016-03-29T05:22:00.000000;5779bc09-781d-45e4-814d-4d4cfaba2dc7;423.2;1.74921184;UNKNOWN
2016-03-29T05:22:00.000000;2016-03-29T05:22:00.000000;8e4075e2-e601-403b-a5ba-411db568bd54;423.21;0.25078816;UNKNOWN
2016-03-29T05:22:37.000000;2016-03-29T05:22:37.000000;47846181-1cc8-4ace-a64d-a70222bbc188;423.2;20.0;UNKNOWN
2016-03-29T05:23:11.000000;2016-03-29T05:23:11.000000;e2ffc18c-71cd-40f5-8344-e3e70ee06e37;423.21;0.4;UNKNOWN
2016-03-29T05:24:05.000000;2016-03-29T05:24:05.000000;898d1d57-e03a-42e8-9e01-e2bc59db5140;423.2;0.257;UNKNOWN
2016-03-29T05:24:19.000000;2016-03-29T05:24:19.000000;d67aca3d-0c19-44f8-b7a2-287a6fa633b4;423.07;11.0;UNKNOWN
2016-03-29T05:24:19.000000;2016-03-29T05:24:19.000000;c5abce6a-3341-485c-8d18-2586b5d88875;423.01;17.23818834;UNKNOWN
2016-03-29T05:24:19.000000;2016-03-29T05:24:19.000000;905f44ea-9ee6-4929-9fcd-780f1be28b17;423.2;11.40181166;UNKNOWN
2016-03-29T05:24:59.000000;2016-03-29T05:24:59.000000;97da182e-79fc-4aff-9609-c817c7df3e83;423.01;0.024405;UNKNOWN
2016-03-29T05:25:02.000000;2016-03-29T05:25:02.000000;1ee268f2-aff1-4101-9685-93f6d8848e75;423.01;0.021012;UNKNOWN
2016-03-29T05:26:37.000000;2016-03-29T05:26:37.000000;2722ce26-8cbb-4179-89df-de3c7e852b2a;423.01;0.032473;UNKNOWN
2016-03-29T05:27:24.000000;2016-03-29T05:27:24.000000;89b6ad98-92d3-4541-9212-ec54768b78a5;423.03;0.02606635;UNKNOWN
2016-03-29T05:28:21.000000;2016-03-29T05:28:21.000000;f8257e04-1324-4f89-9c72-759b649cb6ad;423.01;0.011913;UNKNOWN
2016-03-29T05:29:55.000000;2016-03-29T05:29:55.000000;3306545d-5847-4778-a220-1a475617e8db;423.01;0.013251;UNKNOWN
2016-03-29T05:30:04.000000;2016-03-29T05:30:04.000000;ddf5f84b-759c-441a-a530-b72d275ede53;423.01;0.02368747;UNKNOWN
2016-03-29T05:31:37.000000;2016-03-29T05:31:37.000000;ae855a7a-af25-47c0-9a99-a86a3c5d5d99;423.01;0.013732;UNKNOWN
2016-03-29T05:32:05.000000;2016-03-29T05:32:05.000000;81ae0b73-a44e-4660-bccc-cc956baa65bb;423.01;0.354;UNKNOWN
2016-03-29T05:32:27.000000;2016-03-29T05:32:27.000000;ed98ed45-45ab-4e6f-ae62-3c9f5333f0a3;423.01;0.014188;UNKNOWN
2016-03-29T05:34:01.000000;2016-03-29T05:34:01.000000;ffd12bb9-10e5-4f67-bd59-4530592259d7;423.03;2.165161;UNKNOWN
2016-03-29T05:36:39.000000;2016-03-29T05:36:39.000000;ec0227e0-0cb6-4852-8f33-2c343dc49d0b;423.03;10.0;UNKNOWN
2016-03-29T05:36:46.000000;2016-03-29T05:36:46.000000;da82229f-bb48-48e0-bdfe-4ade66573279;423.02;0.10867551;UNKNOWN
2016-03-29T05:36:46.000000;2016-03-29T05:36:46.000000;d1c8b96e-0c35-4593-82b7-91c78980e8d2;423.01;9.39942449;UNKNOWN
2016-03-29T05:36:46.000000;2016-03-29T05:36:46.000000;68a2cc21-45a8-497b-a2d5-3b0495d21a27;423.03;0.4919;UNKNOWN
2016-03-29T05:37:21.000000;2016-03-29T05:37:21.000000;d0ef3379-6bb0-4b86-ae49-e544ad2842cc;423.04;0.02955;UNKNOWN
2016-03-29T05:37:52.000000;2016-03-29T05:37:52.000000;b9b8fe48-597f-452e-847f-a491c830aaed;423.0;0.3972;UNKNOWN
2016-03-29T05:37:52.000000;2016-03-29T05:37:52.000000;35f9aef4-4363-4fc2-910b-61fb68014b13;423.0;5.0;UNKNOWN
2016-03-29T05:37:52.000000;2016-03-29T05:37:52.000000;433a67de-509a-45d6-9811-d004dab0fb10;423.0;2.0;UNKNOWN
2016-03-29T05:37:52.000000;2016-03-29T05:37:52.000000;b606b724-9136-4496-9856-de045ff6e892;422.82;10.2490743;UNKNOWN
2016-03-29T05:37:52.000000;2016-03-29T05:37:52.000000;05c0797b-0265-463d-b75f-7abfda0aa596;423.0;0.5;UNKNOWN
2016-03-29T05:37:52.000000;2016-03-29T05:37:52.000000;d099948d-f69f-44cd-8a0f-67548e503b25;423.01;1.8537257;UNKNOWN
2016-03-29T05:37:58.000000;2016-03-29T05:37:58.000000;90011911-9004-47dc-9cf9-2eae9187a0cf;422.79;6.35289036;UNKNOWN
2016-03-29T05:37:58.000000;2016-03-29T05:37:58.000000;dda9190b-963f-469d-8930-4e4844d5eaf1;422.8;0.64710964;UNKNOWN
2016-03-29T05:37:58.000000;2016-03-29T05:37:58.000000;13ee1297-8e08-4e45-8082-a0ab815cc020;422.8;0.01;UNKNOWN
2016-03-29T05:37:58.000000;2016-03-29T05:37:58.000000;3b636654-1a70-486e-91d3-3050129eb89c;422.8;0.06;UNKNOWN
2016-03-29T05:37:58.000000;2016-03-29T05:37:58.000000;a3745092-3f90-48ad-a4de-329e6008b018;422.8;0.04486919;UNKNOWN
2016-03-29T05:38:04.000000;2016-03-29T05:38:04.000000;2177b9ed-6808-4efc-bf33-bc22923a06fc;422.79;0.06820959;UNKNOWN
2016-03-29T05:40:18.000000;2016-03-29T05:40:18.000000;1e2806d9-f56b-4b99-b6fa-32d996b51f8d;422.85;9.89573;UNKNOWN
2016-03-29T05:40:18.000000;2016-03-29T05:40:18.000000;ec520a9a-ffff-4a05-9cd1-d5371c2a686b;422.85;0.10427;UNKNOWN
2016-03-29T05:42:05.000000;2016-03-29T05:42:05.000000;9fd38f13-69e5-40a3-b346-9046869d468b;422.85;0.0729;UNKNOWN
2016-03-29T05:42:34.000000;2016-03-29T05:42:34.000000;680d8362-daee-49b2-a609-d8bfa49975dc;422.85;0.018783;UNKNOWN
2016-03-29T05:42:38.000000;2016-03-29T05:42:38.000000;8b9fb3eb-6a3c-41ae-8e6c-615342283fa9;422.85;0.01944;UNKNOWN
2016-03-29T05:44:04.000000;2016-03-29T05:44:04.000000;6963ce56-7f84-4a0b-af1a-218c40bd9c50;422.85;0.46681988;UNKNOWN
2016-03-29T05:44:04.000000;2016-03-29T05:44:04.000000;020f80c9-0db7-42c1-86f4-25425d23f4a9;422.85;0.0239383;UNKNOWN
2016-03-29T05:44:11.000000;2016-03-29T05:44:11.000000;156e2e3e-d9e5-404c-8ec1-ef06b76dfc91;422.85;0.025702;UNKNOWN
2016-03-29T05:47:25.000000;2016-03-29T05:47:25.000000;a3c65a4f-4914-45ee-aa26-30e1bb354f41;422.85;0.013823;UNKNOWN
2016-03-29T05:47:46.000000;2016-03-29T05:47:46.000000;521cf5c0-0b77-4041-8042-238eb84b4e0a;422.86;1.0;UNKNOWN
2016-03-29T05:48:27.000000;2016-03-29T05:48:27.000000;bb2a9d77-4a5c-4397-b988-7f50b8d21f61;422.85;0.0307;UNKNOWN
2016-03-29T05:48:59.000000;2016-03-29T05:48:59.000000;aaef919b-19d5-43cb-98c0-6c538ca3902d;422.85;0.011946;UNKNOWN
2016-03-29T05:49:33.000000;2016-03-29T05:49:33.000000;ae186b60-db6c-4610-ba0a-e56e2cd1158a;422.86;1.0;UNKNOWN
2016-03-29T05:49:57.000000;2016-03-29T05:49:57.000000;9be63fc7-d0c6-49e2-9be3-e0a7f4592a2b;422.85;0.011286;UNKNOWN
2016-03-29T05:50:42.000000;2016-03-29T05:50:42.000000;dba30a9f-f726-4f5d-870d-2b6d7cbe38fb;422.86;0.3006;UNKNOWN
2016-03-29T05:51:06.000000;2016-03-29T05:51:06.000000;3d45b787-dcea-4f30-a121-739c7081eeca;422.85;0.023795;UNKNOWN
2016-03-29T05:51:15.000000;2016-03-29T05:51:15.000000;88b6fcc8-0b8e-47b0-be17-7c36c6069c2e;422.86;0.1903;UNKNOWN
2016-03-29T05:51:54.000000;2016-03-29T05:51:54.000000;66f9abc8-e5f7-43f3-a31b-0f8693d032bd;422.86;3.4791;UNKNOWN
2016-03-29T05:54:30.000000;2016-03-29T05:54:30.000000;1525a8a8-3350-4faf-bfaf-0fb4a12876fc;423.46;0.02337496;UNKNOWN
2016-03-29T05:55:45.000000;2016-03-29T05:55:45.000000;18e7488c-c0a5-42ce-aa70-0bd948fbd5fd;423.42;7.17151715;UNKNOWN
2016-03-29T05:57:40.000000;2016-03-29T05:57:40.000000;d87ee5ec-5298-4131-8506-eefe76cc5c03;423.49;0.5;UNKNOWN
2016-03-29T05:57:46.000000;2016-03-29T05:57:46.000000;5c0050ec-a424-4db7-9daa-e2c4569303f0;423.49;0.08612468;UNKNOWN
2016-03-29T05:59:10.000000;2016-03-29T05:59:10.000000;06801986-d265-4149-879d-3997811d3eba;423.67;0.0329;UNKNOWN
2016-03-29T05:59:45.000000;2016-03-29T05:59:45.000000;bcd3f351-e54e-4ff3-9fb2-981dae975918;423.67;0.02502626;UNKNOWN
2016-03-29T05:59:45.000000;2016-03-29T05:59:45.000000;1dee8da1-ee1a-4efc-b5fa-55ec47ad4a9d;423.72;0.03997374;UNKNOWN
2016-03-29T06:01:04.000000;2016-03-29T06:01:04.000000;b25dab13-bf65-4c22-8500-2b591692dd9c;423.53;0.03487012;UNKNOWN
2016-03-29T06:01:11.000000;2016-03-29T06:01:11.000000;4fa68b8b-b608-4807-bc90-8f035c6fb8df;423.62;0.50230346;UNKNOWN
2016-03-29T06:01:12.000000;2016-03-29T06:01:12.000000;200d06bd-991a-4060-864e-e7695b9beff4;423.62;0.53799654;UNKNOWN
2016-03-29T06:01:33.000000;2016-03-29T06:01:33.000000;4a93f2eb-7b8b-4b88-8242-3773a44af6bb;423.53;0.45391235;UNKNOWN
2016-03-29T06:02:04.000000;2016-03-29T06:02:04.000000;94e12379-5886-42fc-b410-5b976f9a61ff;423.57;0.46090247;UNKNOWN
2016-03-29T06:02:18.000000;2016-03-29T06:02:18.000000;45679abb-98c9-4c6a-9955-01f5ddde01ad;423.59;0.5461997;UNKNOWN
2016-03-29T06:02:40.000000;2016-03-29T06:02:40.000000;e57f0ba9-85f8-498d-8b9c-0652fea21daa;423.59;0.45281369;UNKNOWN
2016-03-29T06:03:02.000000;2016-03-29T06:03:02.000000;85ea7571-51c1-4148-9534-f8e84f63fe03;423.59;0.52223599;UNKNOWN
2016-03-29T06:03:24.000000;2016-03-29T06:03:24.000000;3cf2a885-23f0-4f30-b157-360ad7048500;423.59;0.53199443;UNKNOWN
2016-03-29T06:04:09.000000;2016-03-29T06:04:09.000000;508c92f7-5080-4dd5-b96d-b6acb44766d5;423.59;0.52914355;UNKNOWN
2016-03-29T06:05:17.000000;2016-03-29T06:05:17.000000;1285d506-4b40-47ac-a6eb-a77e0895d3ee;423.64;0.5102292;UNKNOWN
2016-03-29T06:05:28.000000;2016-03-29T06:05:28.000000;fc34fa41-80ca-48ee-a62f-922c1b798f7b;423.64;0.03957596;UNKNOWN
2016-03-29T06:05:29.000000;2016-03-29T06:05:29.000000;b8f267eb-21e1-49fb-a164-5b451947e4c9;423.64;0.02901423;UNKNOWN
2016-03-29T06:05:29.000000;2016-03-29T06:05:29.000000;aaec0c0f-10e6-417b-a2e4-e19244ec6e87;423.64;0.05458934;UNKNOWN
2016-03-29T06:05:29.000000;2016-03-29T06:05:29.000000;10adeca5-5e60-494d-9094-f5e2a8baac06;423.64;0.06842538;UNKNOWN
2016-03-29T06:05:29.000000;2016-03-29T06:05:29.000000;a10c6a4e-82ef-411c-8d2a-e170b6dce069;423.64;0.0230513;UNKNOWN
2016-03-29T06:05:32.000000;2016-03-29T06:05:32.000000;8fe7d34f-869c-4744-8ebd-1363b655e36d;423.64;0.03924315;UNKNOWN
2016-03-29T06:06:48.000000;2016-03-29T06:06:48.000000;18082040-08e7-439f-8641-254b1101acb6;423.62;0.47023107;UNKNOWN
2016-03-29T06:06:55.000000;2016-03-29T06:06:55.000000;2eac0e77-c0d5-4290-85f0-a6cdb3d62aec;423.73;1.5;UNKNOWN
2016-03-29T06:06:55.000000;2016-03-29T06:06:55.000000;dcfd1a53-8b22-477f-a115-ce2f2ff20931;423.73;0.5;UNKNOWN
2016-03-29T06:07:39.000000;2016-03-29T06:07:39.000000;4bbf7227-3fc3-49b5-9677-73604972f9aa;423.65;0.4;UNKNOWN
2016-03-29T06:07:59.000000;2016-03-29T06:07:59.000000;28ec6e3d-a697-48cd-8bfc-84138c575c84;423.57;0.6114464;UNKNOWN
2016-03-29T06:07:59.000000;2016-03-29T06:07:59.000000;d1f7f864-b367-4a96-9168-bed887784246;423.57;0.01898273;UNKNOWN
2016-03-29T06:08:19.000000;2016-03-29T06:08:19.000000;b0ce18f6-b5f6-4f3d-a9fe-afb41e0890dd;423.59;0.48059404;UNKNOWN
2016-03-29T06:09:23.000000;2016-03-29T06:09:23.000000;5d73afc3-0c87-44f6-8242-6a01227929f2;423.64;0.52002557;UNKNOWN
2016-03-29T06:09:26.000000;2016-03-29T06:09:26.000000;8d4ac29c-3e40-499b-89f7-28d481c00fef;423.75;0.50047358;UNKNOWN
2016-03-29T06:10:11.000000;2016-03-29T06:10:11.000000;0aa9d11c-2fa2-4bae-9df2-c9497cd374b6;423.83;0.48140658;UNKNOWN
2016-03-29T06:11:32.000000;2016-03-29T06:11:32.000000;b8b62ec6-81c6-4192-a695-20926f822e70;423.7;1.33758289;UNKNOWN
2016-03-29T06:11:42.000000;2016-03-29T06:11:42.000000;414f35e0-702d-4d90-9d6a-07bdce572afd;423.7;0.52049562;UNKNOWN
2016-03-29T06:12:50.000000;2016-03-29T06:12:50.000000;cd4ff280-70d7-4e9a-9db9-4212725e7493;423.66;0.51118327;UNKNOWN
2016-03-29T06:13:12.000000;2016-03-29T06:13:12.000000;fa78aeb8-3e4c-40f0-924f-39d0ebf8c139;423.66;0.53962149;UNKNOWN
2016-03-29T06:14:18.000000;2016-03-29T06:14:18.000000;bd303641-007a-4c2c-8e7c-cf9fda25b355;423.63;0.2483675;UNKNOWN
2016-03-29T06:15:20.000000;2016-03-29T06:15:20.000000;63e17999-8068-4ef1-b514-67d3410027c8;423.7;0.68800523;UNKNOWN
2016-03-29T06:16:03.000000;2016-03-29T06:16:03.000000;1949744c-a332-4efb-bfd2-1407722c992e;423.67;0.1;UNKNOWN
2016-03-29T06:21:47.000000;2016-03-29T06:21:47.000000;554e7dca-48b4-4a43-9b37-9062865d3d24;423.6;0.04;UNKNOWN
2016-03-29T06:26:36.000000;2016-03-29T06:26:36.000000;c138f55f-1c26-4913-bcf7-147ae26318b6;423.62;1.0;UNKNOWN
2016-03-29T06:26:48.000000;2016-03-29T06:26:48.000000;d887ef45-bf3d-41ed-a4ef-d623ea1555f1;423.62;5.9;UNKNOWN
2016-03-29T06:26:48.000000;2016-03-29T06:26:48.000000;dbd6de92-9497-40c0-b0e5-7999507887b0;423.62;18.1;UNKNOWN
2016-03-29T06:27:07.000000;2016-03-29T06:27:07.000000;9ad7f24f-9db5-4d46-b6be-f96977431bf2;423.62;0.61759837;UNKNOWN
2016-03-29T06:27:08.000000;2016-03-29T06:27:08.000000;94dd78d1-2c3c-4451-8f4c-58a8e9a25054;423.62;11.28240163;UNKNOWN
2016-03-29T06:28:06.000000;2016-03-29T06:28:06.000000;4d0affd7-8d02-4f6c-949e-226e86b052d2;423.91;0.0499;UNKNOWN
2016-03-29T06:28:20.000000;2016-03-29T06:28:20.000000;97547eb9-14c3-4351-947b-9fa5588aabc4;424.31;0.01;UNKNOWN
2016-03-29T06:28:20.000000;2016-03-29T06:28:20.000000;c9030346-8953-459d-b691-cf6233f34e25;424.59;0.17127604;UNKNOWN
2016-03-29T06:28:20.000000;2016-03-29T06:28:20.000000;95d3736f-9445-4848-8f15-816cdedcbeee;424.52;0.0499;UNKNOWN
2016-03-29T06:28:20.000000;2016-03-29T06:28:20.000000;0e924dc5-7de4-4d1e-8772-732a6cbb2e49;424.0;0.1586412;UNKNOWN
2016-03-29T06:35:28.000000;2016-03-29T06:35:28.000000;37f6ee00-561d-45cb-8a50-f946eceb9d82;424.3;0.91387532;UNKNOWN
2016-03-29T06:36:29.000000;2016-03-29T06:36:29.000000;951baa8b-77c5-4ae5-afb4-b0a88a12bb38;424.27;0.10155605;UNKNOWN
2016-03-29T06:37:52.000000;2016-03-29T06:37:52.000000;66732df2-ff81-4d80-93ce-046e24b411b3;424.3;0.84694875;UNKNOWN
2016-03-29T06:38:05.000000;2016-03-29T06:38:05.000000;b3d38305-ad21-4803-aa6c-9bc17be3a0a0;424.3;0.21231047;UNKNOWN
2016-03-29T06:38:06.000000;2016-03-29T06:38:06.000000;00344aa2-a790-4270-b73c-e0391c9c9d4d;424.3;0.89314681;UNKNOWN
2016-03-29T06:38:06.000000;2016-03-29T06:38:06.000000;648c9a1b-0a4f-4b3b-99d5-110de3293209;424.3;0.02686546;UNKNOWN
2016-03-29T06:38:38.000000;2016-03-29T06:38:38.000000;04fd3174-b56b-481d-9b78-47b19842348b;424.26;0.010657;UNKNOWN
2016-03-29T06:38:41.000000;2016-03-29T06:38:41.000000;bf33ac43-7043-4493-be67-8253df80c4c4;424.26;0.011673;UNKNOWN
2016-03-29T06:41:30.000000;2016-03-29T06:41:30.000000;ff042b97-bd23-4ca1-a14f-96f75a58e3ba;424.43;3.27750976;UNKNOWN
2016-03-29T06:41:30.000000;2016-03-29T06:41:30.000000;72cebd9b-c720-4329-8ebd-98484f543789;424.5;3.0;UNKNOWN
2016-03-29T06:41:30.000000;2016-03-29T06:41:30.000000;5baf4e0c-7344-4d6c-8f6a-465eca4c40cf;424.51;0.5;UNKNOWN
2016-03-29T06:45:48.000000;2016-03-29T06:45:48.000000;3ad303d7-0a5f-48d6-8c5f-cf5165e7ae47;424.25;0.04959831;UNKNOWN
2016-03-29T06:50:25.000000;2016-03-29T06:50:25.000000;d64a1a99-8c7b-45bd-ba48-62f83030bf4c;424.25;15.0;UNKNOWN
2016-03-29T06:53:30.000000;2016-03-29T06:53:30.000000;e7bc99e8-d286-474e-9696-02d3c370cf96;424.25;1.23;UNKNOWN
2016-03-29T06:57:29.000000;2016-03-29T06:57:29.000000;4df5c5cf-7fcf-4096-b837-31c079821925;424.25;2.0;UNKNOWN
2016-03-29T06:58:34.000000;2016-03-29T06:58:34.000000;bb261072-71fb-418c-a040-19c95d5764c5;424.26;0.046;UNKNOWN
2016-03-29T07:08:56.000000;2016-03-29T07:08:56.000000;239c9213-b97e-488c-b81e-8e6d7d63e4ab;424.25;2.5;UNKNOWN
2016-03-29T07:09:20.000000;2016-03-29T07:09:20.000000;7045caa5-f936-4c21-9e3b-782903df8b9b;424.25;2.5;UNKNOWN
2016-03-29T07:10:10.000000;2016-03-29T07:10:10.000000;ecfb1b9c-bcc6-401f-acf0-71669cecb8ba;424.25;15.0;UNKNOWN
2016-03-29T07:10:45.000000;2016-03-29T07:10:45.000000;10201349-6f7c-42b7-abb6-144c00388ac8;424.25;1.0;UNKNOWN
2016-03-29T07:13:51.000000;2016-03-29T07:13:51.000000;7bc0b912-5b67-49ad-ab0a-0a0adf207c4e;424.26;0.004;UNKNOWN
2016-03-29T07:13:51.000000;2016-03-29T07:13:51.000000;5df647d5-bcb5-438a-b164-2be8cfb5af9e;424.26;2.3719;UNKNOWN
2016-03-29T07:13:51.000000;2016-03-29T07:13:51.000000;1e63deea-cd42-4e15-b23a-3e021aa68691;424.26;16.6003;UNKNOWN
2016-03-29T07:17:04.000000;2016-03-29T07:17:04.000000;e6c99c8c-a242-402e-be64-b3ad5a6dfc81;424.28;0.03540222;UNKNOWN
2016-03-29T07:19:04.000000;2016-03-29T07:19:04.000000;0daa7c6e-eec2-4e45-aae3-1c0e7a0450eb;424.25;0.04902471;UNKNOWN
2016-03-29T07:19:32.000000;2016-03-29T07:19:32.000000;93856375-f77d-487f-ad8a-6a0c43b569bf;424.25;14.6151;UNKNOWN
2016-03-29T07:21:01.000000;2016-03-29T07:21:01.000000;56974307-25fe-4033-bb83-1f894da85f6a;424.25;25.0;UNKNOWN
2016-03-29T07:22:55.000000;2016-03-29T07:22:55.000000;e78154b7-23a6-44c2-8288-eece36c99c91;424.26;5.95;UNKNOWN
