time_exchange;time_coinpai;guid;price;base_amount;taker_side
2016-03-29T00:01:11.223000;2016-03-29T00:01:11.260000;7089c5cd-5d4a-42d7-bfc9-93cf4a173bf7;422.92;0.0205;BUY
2016-03-29T00:01:11.223000;2016-03-29T00:01:11.277000;334bb7fd-7bd2-4a22-beaf-b519a081ec88;422.92;0.019;BUY
2016-03-29T00:01:11.223000;2016-03-29T00:01:11.277000;5cd23925-c2f8-4be3-aa70-bebc7277b28b;422.92;0.0223;BUY
2016-03-29T00:01:11.227000;2016-03-29T00:01:11.293000;41a3f81a-e59c-499f-b31d-26289bd48c20;422.92;0.0246;BUY
2016-03-29T00:01:11.227000;2016-03-29T00:01:11.293000;19e79378-bb3f-446c-a821-9f267afa58e7;422.92;0.0212;BUY
2016-03-29T00:01:11.227000;2016-03-29T00:01:11.293000;a4eaf646-0a3f-4a72-826d-072a289cdaad;422.92;0.0199;BUY
2016-03-29T00:01:11.227000;2016-03-29T00:01:11.293000;d4153529-d0bb-4d5c-a3ed-fc626c63d004;422.92;0.0282;BUY
2016-03-29T00:01:11.227000;2016-03-29T00:01:11.293000;27ef69fc-972f-4f7d-8c87-df06e6fe1cf6;422.92;0.0276;BUY
2016-03-29T00:01:11.227000;2016-03-29T00:01:11.357000;079e04a1-c2c0-402b-bd6b-5899ee3bf920;422.92;0.0274;BUY
2016-03-29T00:01:11.227000;2016-03-29T00:01:11.370000;73bf3c11-b2f1-4998-8cae-c9189ca6a3a1;422.95;0.02098;BUY
2016-03-29T00:02:02.147000;2016-03-29T00:02:02.183000;83a76f8e-8486-4399-acfe-258bb39e95de;422.92;0.0216;BUY
2016-03-29T00:02:02.150000;2016-03-29T00:02:02.200000;f376ef3e-e020-4b83-9825-1d18a30fe4df;422.92;0.0227;BUY
2016-03-29T00:02:02.150000;2016-03-29T00:02:02.200000;4bd0a3a9-8e6c-4fba-8bb6-1fe8ea4ee2dc;422.92;0.0208;BUY
2016-03-29T00:02:02.150000;2016-03-29T00:02:02.213000;75f978e2-0584-4064-b3bc-073089e38058;422.92;0.0222;BUY
2016-03-29T00:02:02.150000;2016-03-29T00:02:02.213000;905d5003-4621-430d-ac18-dbddcac549c3;422.92;0.0228;BUY
2016-03-29T00:02:02.150000;2016-03-29T00:02:02.293000;9ddb0041-5a9b-4128-8002-3e91e1b441da;422.92;0.0248;BUY
2016-03-29T00:02:02.150000;2016-03-29T00:02:02.293000;1b523d51-4821-4b87-a018-57f978d1f1b2;422.92;0.0254;BUY
2016-03-29T00:02:02.150000;2016-03-29T00:02:02.293000;4d6fbbef-f005-427f-943f-237f41bdf652;422.95;0.113;BUY
2016-03-29T00:02:02.150000;2016-03-29T00:02:02.293000;803bc87a-96d1-4b26-a6de-a38d3d7146ad;422.98;0.02;BUY
2016-03-29T00:02:02.150000;2016-03-29T00:02:02.293000;62522301-0f20-430f-aafd-2fd1dea1e46e;423.0;0.25868394;BUY
2016-03-29T00:02:02.150000;2016-03-29T00:02:02.293000;9b5ace99-da22-47f3-86d7-e6f8938d6e5b;423.0;0.01;BUY
2016-03-29T00:02:02.150000;2016-03-29T00:02:02.293000;bb9b6c65-4e50-4e8f-88fb-bc158efb5b0a;423.0;0.27168409;BUY
2016-03-29T00:02:02.150000;2016-03-29T00:02:02.293000;8db4c98d-e441-4a31-81cf-1747303c44cd;423.0;0.12;BUY
2016-03-29T00:02:02.150000;2016-03-29T00:02:02.293000;9c930fab-18b2-4d27-8a71-c4ac4fa32c14;423.01;0.02;BUY
2016-03-29T00:02:02.150000;2016-03-29T00:02:02.293000;a5b1bcdd-7d03-4adb-b61f-258ee9ae258b;423.01;0.04;BUY
2016-03-29T00:02:02.150000;2016-03-29T00:02:02.307000;b2c2ed29-550f-4eaa-a201-96b7da9a0fca;423.02;0.10337197;BUY
2016-03-29T00:02:32.647000;2016-03-29T00:02:32.683000;10cd1851-0f73-40fb-ae08-c13e189569cb;422.96;0.0172;BUY
2016-03-29T00:02:32.647000;2016-03-29T00:02:32.700000;f99dce85-1dc5-40b5-81e3-79d919262cec;422.98;0.02;BUY
2016-03-29T00:02:32.647000;2016-03-29T00:02:32.700000;25396dbb-fce5-4712-b025-c59653421464;423.02;0.39662803;BUY
2016-03-29T00:02:32.647000;2016-03-29T00:02:32.713000;ccde876a-df03-4dbc-84f1-de49441df78c;423.02;0.37506197;BUY
2016-03-29T00:03:00.860000;2016-03-29T00:03:00.903000;afa66450-ddb0-4335-92a6-2fda1647b190;422.97;0.01;SELL
2016-03-29T00:03:00.860000;2016-03-29T00:03:00.917000;dc571d13-580a-47e2-98da-6095bb4f0d06;422.96;0.01;SELL
2016-03-29T00:03:00.860000;2016-03-29T00:03:00.917000;023f1a5d-b224-4707-8f1c-c806b80bfbd1;422.95;0.04;SELL
2016-03-29T00:03:00.860000;2016-03-29T00:03:00.933000;4754577e-6b7b-4585-842c-2d9879546177;422.95;1.08488001;SELL
2016-03-29T00:03:00.860000;2016-03-29T00:03:00.933000;95b50fec-b679-49ae-b7a4-ac870d42b483;422.95;0.06603617;SELL
2016-03-29T00:03:00.860000;2016-03-29T00:03:00.933000;2e2feadb-74d5-4b1e-9853-8e951cb1b3e8;422.95;0.0125;SELL
2016-03-29T00:03:00.860000;2016-03-29T00:03:00.933000;fe545b5d-63a6-4411-96b2-75e5b50f8c80;422.93;0.087;SELL
2016-03-29T00:03:00.860000;2016-03-29T00:03:00.950000;fc3250e8-e003-4382-853f-19e16b2a0604;422.9;0.011794;SELL
2016-03-29T00:03:00.860000;2016-03-29T00:03:00.950000;63ba6d78-e0c8-41de-b0fc-6710a6c2cf23;422.9;0.5;SELL
2016-03-29T00:03:00.860000;2016-03-29T00:03:00.950000;531e9b79-0002-4088-8e3b-4c76aded6b78;422.9;0.5;SELL
2016-03-29T00:03:00.860000;2016-03-29T00:03:00.950000;1a3e5342-4b20-47de-9cc5-b6d47d606d99;422.89;0.01;SELL
2016-03-29T00:03:00.860000;2016-03-29T00:03:00.950000;479d23a2-ed96-4e21-8dfa-7379b2843808;422.88;0.5;SELL
2016-03-29T00:03:00.860000;2016-03-29T00:03:00.950000;5541b95f-690f-45d6-a3bc-bf9cd83c3f7d;422.88;0.5;SELL
2016-03-29T00:03:00.860000;2016-03-29T00:03:00.980000;dbc83339-5a7f-4e4e-b179-a4f356dd3892;422.88;0.5;SELL
2016-03-29T00:03:00.863000;2016-03-29T00:03:00.980000;c09580fc-e2e4-4117-951b-0b0b5bc887de;422.87;0.01;SELL
2016-03-29T00:03:00.863000;2016-03-29T00:03:00.980000;0ff0fde4-8edf-4925-b0e1-161c4438ace9;422.86;0.01;SELL
2016-03-29T00:03:00.863000;2016-03-29T00:03:00.980000;edef81c5-1b8e-4e9f-bd82-11ed856709b2;422.85;0.01;SELL
2016-03-29T00:03:00.863000;2016-03-29T00:03:00.997000;c636d291-e8e8-421d-a615-10a465992302;422.84;0.5;SELL
2016-03-29T00:03:00.863000;2016-03-29T00:03:00.997000;1267c700-3d76-4ea7-ba63-78f06d911b1a;422.83;0.5;SELL
2016-03-29T00:03:00.863000;2016-03-29T00:03:01.010000;4aa4ad58-ef8c-412f-a344-226a5ffd2bbc;422.83;0.5;SELL
2016-03-29T00:03:00.863000;2016-03-29T00:03:01.010000;dfe17070-be83-4f70-b106-e201a42a1365;422.81;0.255;SELL
2016-03-29T00:03:00.863000;2016-03-29T00:03:01.010000;b5e01639-4206-4a16-9be2-1ab6326ed681;422.76;0.371;SELL
2016-03-29T00:03:00.863000;2016-03-29T00:03:01.010000;2b8198de-7247-4eed-a41a-a8ea77925c3e;422.76;0.01;SELL
2016-03-29T00:03:00.863000;2016-03-29T00:03:01.010000;a6709d61-59bf-4e69-8da3-061d948e79ed;422.75;0.0125;SELL
2016-03-29T00:03:00.863000;2016-03-29T00:03:01.010000;8ccae45f-ffb4-4f06-9e70-f6dfcd8f89e7;422.71;0.01;SELL
2016-03-29T00:03:00.863000;2016-03-29T00:03:01.010000;91cfc49a-143b-422a-9a42-96d8971c591a;422.7;0.5;SELL
2016-03-29T00:03:00.863000;2016-03-29T00:03:01.010000;082c9edc-64e3-4c7c-9ddd-f02bf356a88c;422.67;0.5;SELL
2016-03-29T00:03:00.863000;2016-03-29T00:03:01.010000;0834c4e9-d837-460d-be43-27b1b2b2466c;422.67;0.112;SELL
2016-03-29T00:03:00.863000;2016-03-29T00:03:01.010000;4283abeb-fa3c-4030-8c19-4dff4b07f793;422.66;0.01;SELL
2016-03-29T00:03:00.863000;2016-03-29T00:03:01.010000;55035ca5-45a3-4744-8247-9752e45e3cc9;422.64;0.35;SELL
2016-03-29T00:03:00.863000;2016-03-29T00:03:01.010000;8b19d60b-6b78-4fe4-854d-44252173a927;422.62;0.106;SELL
2016-03-29T00:03:00.863000;2016-03-29T00:03:01.027000;e0b4e351-8521-4fbc-8312-7e858b7bc520;422.57;0.119;SELL
2016-03-29T00:03:00.863000;2016-03-29T00:03:01.027000;f64eb8dd-22ff-4a7a-91b0-a434a435520c;422.56;0.01;SELL
2016-03-29T00:03:00.863000;2016-03-29T00:03:01.027000;5ea79617-9aa3-43b8-bdf8-b12e8de6c0bd;422.55;0.5;SELL
2016-03-29T00:03:00.863000;2016-03-29T00:03:01.027000;eb47c2c5-917f-4859-aecc-f88b2d05a457;422.55;0.5;SELL
2016-03-29T00:03:00.863000;2016-03-29T00:03:01.027000;83f35bb4-cee6-495a-b65c-66b2beedea26;422.52;0.01;SELL
2016-03-29T00:03:00.867000;2016-03-29T00:03:01.043000;5b4ca029-b844-4609-a3ab-c038af67e2a0;422.52;0.104;SELL
2016-03-29T00:03:00.867000;2016-03-29T00:03:01.043000;dd690541-91eb-49a9-8061-97c82180d1b5;422.5;0.5;SELL
2016-03-29T00:03:00.867000;2016-03-29T00:03:01.043000;d52856e3-5c3a-42b5-8d9c-03230ae201ce;422.5;0.0125;SELL
2016-03-29T00:03:00.867000;2016-03-29T00:03:01.043000;b6d9ec2f-5a24-49ea-8176-b2fc5db36977;422.49;0.5;SELL
2016-03-29T00:03:00.867000;2016-03-29T00:03:01.043000;4905dd2f-0568-4300-a936-43be02c77e4e;422.47;0.072;SELL
2016-03-29T00:03:00.867000;2016-03-29T00:03:01.043000;1270a5fd-ede8-4535-8fe2-8e4de2ea7705;422.46;0.01;SELL
2016-03-29T00:03:00.867000;2016-03-29T00:03:01.043000;28ce4470-86ae-4e0a-ace8-81c46be29581;422.46;1.68;SELL
2016-03-29T00:03:00.867000;2016-03-29T00:03:01.057000;eee0d1f2-3d6e-490c-aed0-1d584233d661;422.45;0.01;SELL
2016-03-29T00:03:00.867000;2016-03-29T00:03:01.057000;19c2accb-1de5-4dab-9f60-6be064f92657;422.45;0.8;SELL
2016-03-29T00:03:00.867000;2016-03-29T00:03:01.057000;0906d08d-b8c8-4b11-9378-1cd3d4cf55a7;422.44;2.0;SELL
2016-03-29T00:03:00.867000;2016-03-29T00:03:01.057000;6d707c91-8a22-4bd9-8040-7e224a081b47;422.43;0.5;SELL
2016-03-29T00:03:00.867000;2016-03-29T00:03:01.057000;54c2fd41-770f-4cad-8bc9-9ee8118d209e;422.43;0.127;SELL
2016-03-29T00:03:00.867000;2016-03-29T00:03:01.057000;ab2b3ee7-d580-410d-b292-21c35b4cad36;422.42;2.0;SELL
2016-03-29T00:03:00.867000;2016-03-29T00:03:01.057000;6bdd014d-6e84-4327-b029-66b0ab007da2;422.41;0.01;SELL
2016-03-29T00:03:00.867000;2016-03-29T00:03:01.107000;4f0fe881-0907-475b-814e-9db52c48dfb3;422.39;5.0;SELL
2016-03-29T00:03:00.867000;2016-03-29T00:03:01.107000;827fd234-8dac-4a94-b2bf-49670e98c458;422.38;0.073;SELL
2016-03-29T00:03:00.867000;2016-03-29T00:03:01.107000;048d186a-7885-472f-ab35-8a9937b40293;422.38;1.08974982;SELL
2016-03-29T00:03:30.763000;2016-03-29T00:03:30.793000;07a99794-2ddc-441a-a6ab-952e28d147fd;422.78;0.0201;BUY
2016-03-29T00:03:30.763000;2016-03-29T00:03:30.807000;3e98ea8b-0747-4a58-b140-0640027f107a;422.8;0.22;BUY
2016-03-29T00:03:30.763000;2016-03-29T00:03:30.807000;26086c39-3cab-4df3-98b9-b2d98b3e0150;422.81;0.01;BUY
2016-03-29T00:03:30.763000;2016-03-29T00:03:30.807000;45530123-4336-4e67-aaef-60f268747805;422.89;0.29262;BUY
2016-03-29T00:04:00.783000;2016-03-29T00:04:00.807000;98a8d1d6-ba4c-40c2-8246-078dfc827590;422.89;0.01;BUY
2016-03-29T00:04:00.783000;2016-03-29T00:04:00.823000;cfbab405-c1aa-41ec-89c1-31990c09042a;422.93;0.084;BUY
2016-03-29T00:04:00.783000;2016-03-29T00:04:00.823000;785a613e-a757-49ac-add4-1d436cb0ec8b;422.96;0.01;BUY
2016-03-29T00:04:00.783000;2016-03-29T00:04:00.823000;758bbe23-6ad4-4eb0-ac1d-c5469ff7b014;422.97;0.01;BUY
2016-03-29T00:04:00.783000;2016-03-29T00:04:00.823000;3c89a030-4c41-4cb8-90d7-82658932e1c7;422.98;0.02;BUY
2016-03-29T00:04:00.783000;2016-03-29T00:04:00.917000;abd082af-94d5-4e7a-9dc1-28b370fb8c18;422.98;0.35;BUY
2016-03-29T00:04:00.783000;2016-03-29T00:04:00.917000;7c35eec7-9e0f-499e-90ed-9d2bb0cce0dc;422.99;0.01;BUY
2016-03-29T00:04:00.783000;2016-03-29T00:04:00.917000;f0b6e15e-8f80-42c2-b8ef-a1ddf2e47729;422.99;0.8;BUY
2016-03-29T00:04:00.783000;2016-03-29T00:04:00.917000;3c6b10ff-1d18-43ac-9742-7fd45ac6c9e3;423.0;0.01;BUY
2016-03-29T00:04:00.783000;2016-03-29T00:04:00.917000;fd164ea9-8878-4d26-953e-669021b735f7;423.0;0.072;BUY
2016-03-29T00:04:00.787000;2016-03-29T00:04:00.917000;51dcbe23-9bf4-409d-a085-b08fbc570f05;423.0;0.32986;BUY
2016-03-29T00:04:30.887000;2016-03-29T00:04:30.917000;11b9922d-2375-46f1-9c72-77ce476793fc;422.89;0.01;SELL
2016-03-29T00:04:30.887000;2016-03-29T00:04:30.933000;28532c95-b50c-46ca-a6cb-90b48fbfcb30;422.88;0.5;SELL
2016-03-29T00:04:30.887000;2016-03-29T00:04:30.933000;1fd131a0-17b7-4ada-ae71-decd1476c9b9;422.88;0.01;SELL
2016-03-29T00:04:30.887000;2016-03-29T00:04:30.933000;74e65d02-b83c-4390-bad7-b5e0e166170d;422.85;0.139;SELL
2016-03-29T00:04:30.887000;2016-03-29T00:04:30.950000;6e65e96f-0523-4f8d-afef-a5ab5160c81b;422.78;0.01;SELL
2016-03-29T00:04:30.887000;2016-03-29T00:04:30.950000;4020b306-158e-45e6-9b74-da59d1be4bb6;422.77;0.5;SELL
2016-03-29T00:04:30.887000;2016-03-29T00:04:30.950000;ee1d6559-1194-4aa1-b2c2-2c38cc48193e;422.76;0.116;SELL
2016-03-29T00:04:30.887000;2016-03-29T00:04:30.950000;306eea16-96ac-4852-b0ba-4476f89ab8c1;422.72;0.074;SELL
2016-03-29T00:04:30.887000;2016-03-29T00:04:30.950000;93931565-3ac4-4e92-b43c-acc672e10f2a;422.71;0.01;SELL
2016-03-29T00:04:30.890000;2016-03-29T00:04:30.963000;949b47ed-c820-4b59-a3a9-459530667cac;422.68;0.01;SELL
2016-03-29T00:04:30.890000;2016-03-29T00:04:30.963000;4f935d42-ea73-424b-a9f8-56810890afeb;422.68;0.01;SELL
2016-03-29T00:04:30.890000;2016-03-29T00:04:30.963000;ef8ce8ab-ed49-4c7d-8c44-cfd2d57f4395;422.68;0.35;SELL
2016-03-29T00:04:30.890000;2016-03-29T00:04:30.963000;d7339072-6a7d-4aee-b2d3-604773acd840;422.67;0.119;SELL
2016-03-29T00:04:30.890000;2016-03-29T00:04:30.963000;aa18bab1-7aac-43f7-ba2a-df84ba3824c1;422.65;0.105;SELL
2016-03-29T00:04:30.890000;2016-03-29T00:04:30.963000;d3888f58-611f-4432-a088-7173b7a8640b;422.6;0.083;SELL
2016-03-29T00:04:30.890000;2016-03-29T00:04:31.010000;be1a3a7b-0b53-4ee8-848b-c3625ebb37f9;422.59;0.2;SELL
2016-03-29T00:04:30.890000;2016-03-29T00:04:31.010000;8ac4508c-033d-4f2b-8274-e87218056c93;422.58;0.01;SELL
2016-03-29T00:04:30.890000;2016-03-29T00:04:31.010000;916d53f7-9403-4a36-9461-fa6ca59f00e9;422.48;4.2;SELL
2016-03-29T00:04:30.890000;2016-03-29T00:04:31.027000;90059891-2932-4cd4-989b-6672bc1fd20f;422.47;0.01;SELL
2016-03-29T00:04:30.890000;2016-03-29T00:04:31.027000;32d21b30-c8f8-4952-833d-c6ec1c945c0e;422.45;1.4;SELL
2016-03-29T00:04:30.890000;2016-03-29T00:04:31.027000;2d2c48b9-ff06-4389-bfe0-0657f749bc92;422.44;0.22019;SELL
2016-03-29T00:04:30.890000;2016-03-29T00:04:31.027000;b52a29a5-383a-48b4-b859-e830811bc384;422.4;1.1958;SELL
2016-03-29T00:05:01.243000;2016-03-29T00:05:01.277000;e44fdf25-8d25-4683-b64e-e9b12ad256f1;422.76;0.01;BUY
2016-03-29T00:05:01.247000;2016-03-29T00:05:01.307000;81120412-a377-4909-960c-24614d726f89;422.84;1.2;BUY
2016-03-29T00:05:01.247000;2016-03-29T00:05:01.307000;262dbe7e-4946-464a-9edb-10ca9e0e75ee;422.85;0.242;BUY
2016-03-29T00:05:01.247000;2016-03-29T00:05:01.307000;dfc5402a-ec93-4ae4-a2fe-54b22acff120;422.86;0.01;BUY
2016-03-29T00:05:01.250000;2016-03-29T00:05:01.307000;d9c28101-81dd-4ad3-be1f-b1e093ea6746;422.86;0.6;BUY
2016-03-29T00:05:01.250000;2016-03-29T00:05:01.307000;12d32929-72d2-4808-90bc-5135fab82624;422.87;0.273;BUY
2016-03-29T00:05:01.250000;2016-03-29T00:05:01.323000;7bf7f93d-6878-46d2-8157-f7c8bc5cd99b;422.87;0.26156;BUY
2016-03-29T00:06:00.873000;2016-03-29T00:06:00.903000;76ba19b9-b67a-4834-93e6-169acee73c02;422.88;0.4;BUY
2016-03-29T00:06:00.873000;2016-03-29T00:06:00.903000;8744c072-e4a4-4d18-b743-fa247620ceff;422.89;0.12678;BUY
2016-03-29T00:06:30.853000;2016-03-29T00:06:30.903000;fca965f0-436f-445e-9741-8f90649dc140;422.89;0.09341;BUY
2016-03-29T00:06:30.853000;2016-03-29T00:06:30.903000;8f59bf91-a0d0-42ca-8864-09d3ea028e55;422.9;0.01;BUY
2016-03-29T00:06:30.853000;2016-03-29T00:06:30.903000;4f013a3a-149e-4d69-bd8b-e17f0d4781ca;422.91;0.075;BUY
2016-03-29T00:06:30.853000;2016-03-29T00:06:30.917000;23699174-bce5-41c3-93c5-15e1a4862635;422.92;0.65247;BUY
2016-03-29T00:07:01.013000;2016-03-29T00:07:01.043000;6ac4f407-51c6-4d8a-bb32-a4b017a9efd8;422.91;0.01;BUY
2016-03-29T00:07:01.013000;2016-03-29T00:07:01.060000;a08ad49d-5bba-427c-8adc-84d49facb429;422.92;0.213;BUY
2016-03-29T00:07:01.013000;2016-03-29T00:07:01.060000;bf78ca9b-ace4-479b-a249-4648a10014db;422.93;0.5;BUY
2016-03-29T00:07:01.013000;2016-03-29T00:07:01.060000;71d0826e-e49c-4949-9db3-e20b5f17c305;422.94;2.75357;BUY
2016-03-29T00:08:00.970000;2016-03-29T00:08:00.997000;16000ed7-7f1a-417f-8c1f-921dd730270c;422.84;0.01;SELL
2016-03-29T00:08:00.970000;2016-03-29T00:08:01.010000;874912c5-ce72-4141-b5c1-a548e02ffe53;422.83;0.279;SELL
2016-03-29T00:08:00.970000;2016-03-29T00:08:01.010000;2e2c9979-10f7-4d6c-b4ad-5116f0289a3a;422.82;0.5;SELL
2016-03-29T00:08:00.970000;2016-03-29T00:08:01.010000;e649df14-8d17-41ff-a667-1a197078d221;422.82;0.01;SELL
2016-03-29T00:08:00.970000;2016-03-29T00:08:01.010000;a1a6a5eb-7d9f-4a0d-8096-640a67608b52;422.82;0.5;SELL
2016-03-29T00:08:00.970000;2016-03-29T00:08:01.010000;bdd694de-7ce6-453a-92d3-0fb4a7899c40;422.8;0.5;SELL
2016-03-29T00:08:00.970000;2016-03-29T00:08:01.027000;33e52623-798d-46e4-9bbf-d9320555bc06;422.78;0.37;SELL
2016-03-29T00:08:00.970000;2016-03-29T00:08:01.027000;adde950d-ffa0-4649-9f82-4d3c89cead18;422.77;0.5;SELL
2016-03-29T00:08:00.970000;2016-03-29T00:08:01.027000;cd7ec5c9-ee1d-4fb0-86bf-c157e4f2aae1;422.75;0.5;SELL
2016-03-29T00:08:00.970000;2016-03-29T00:08:01.027000;e8e05d5f-dda3-465d-9af0-e6bb50853e1a;422.75;0.5;SELL
2016-03-29T00:08:00.970000;2016-03-29T00:08:01.043000;7d0b2088-d366-4cc2-8d8e-f3af707b7013;422.74;0.01;SELL
2016-03-29T00:08:00.970000;2016-03-29T00:08:01.043000;40967777-4742-4640-bc2f-dd13d44f0292;422.72;0.01;SELL
2016-03-29T00:08:00.970000;2016-03-29T00:08:01.060000;a4bd0f48-ed8e-4d0a-af20-4ef53e69f117;422.72;0.35;SELL
2016-03-29T00:08:00.970000;2016-03-29T00:08:01.060000;680832c6-5768-44ac-ad06-93092465af55;422.68;0.127;SELL
2016-03-29T00:08:00.973000;2016-03-29T00:08:01.060000;907b60a7-914a-4066-9d9f-a298755cdfb8;422.63;0.139;SELL
2016-03-29T00:08:00.973000;2016-03-29T00:08:01.060000;164de0b1-f0d9-4141-9d79-39c98c5f9e7e;422.62;0.01;SELL
2016-03-29T00:08:00.973000;2016-03-29T00:08:01.073000;fe7c448e-a905-4c8a-981d-f95d3eb0c5b2;422.58;0.128;SELL
2016-03-29T00:08:00.973000;2016-03-29T00:08:01.073000;95b2bc10-504b-46c9-92e7-16184e1670d9;422.53;0.112;SELL
2016-03-29T00:08:00.973000;2016-03-29T00:08:01.073000;d01c6204-cf17-4113-ab3b-f95fa722939d;422.52;0.01;SELL
2016-03-29T00:08:00.973000;2016-03-29T00:08:01.073000;e5ef477b-fbb9-4f4d-953e-2d5443802e79;422.5;0.0125;SELL
2016-03-29T00:08:00.973000;2016-03-29T00:08:01.073000;ba986f7d-2022-4d6d-87b4-0d97c46f1eff;422.48;0.08;SELL
2016-03-29T00:08:00.973000;2016-03-29T00:08:01.073000;d14b9b53-8ca7-4247-adc0-bfa2c6558e71;422.47;0.220409;SELL
2016-03-29T00:08:00.973000;2016-03-29T00:08:01.073000;9fe5062f-4f1d-408f-8411-412699327cd6;422.47;0.2;SELL
2016-03-29T00:08:00.973000;2016-03-29T00:08:01.073000;46bf8395-2d73-44a4-ad8e-b9ff8c027b0e;422.46;0.01;SELL
2016-03-29T00:08:00.973000;2016-03-29T00:08:01.090000;ba635509-d7a3-4580-8388-d11017ad2384;422.41;0.117171;SELL
2016-03-29T00:08:31.577000;2016-03-29T00:08:31.607000;9a50ec92-f12c-4d2a-a2b0-4ba1ba64a6a2;422.72;0.01;SELL
2016-03-29T00:08:31.577000;2016-03-29T00:08:31.607000;bd552b34-2f88-4543-8451-ecdf26e3f130;422.71;0.01;SELL
2016-03-29T00:08:31.577000;2016-03-29T00:08:31.620000;eaeb4a1d-0c01-44d0-a2a3-cbc52dc462a2;422.61;0.086;SELL
2016-03-29T00:08:31.577000;2016-03-29T00:08:31.620000;32fffca1-81b3-4035-9877-b9f17252c31e;422.52;0.01;SELL
2016-03-29T00:08:31.577000;2016-03-29T00:08:31.620000;74399876-9889-4d75-95df-2ccfcee03e1a;422.5;0.1;SELL
2016-03-29T00:08:31.577000;2016-03-29T00:08:31.620000;dd6e92e5-7cf8-4df8-924c-7cbd3a610517;422.45;0.4;SELL
2016-03-29T00:08:31.577000;2016-03-29T00:08:31.620000;3a9e859f-a367-4c0a-9068-90e95940728b;422.44;0.35;SELL
2016-03-29T00:08:31.577000;2016-03-29T00:08:31.637000;f80e657b-9241-43ae-a3b5-c2792df228ad;422.38;0.30867;SELL
2016-03-29T00:09:01.187000;2016-03-29T00:09:01.213000;257c8731-3ce4-4beb-b6aa-97ce884718d5;422.6;0.01;SELL
2016-03-29T00:09:01.187000;2016-03-29T00:09:01.213000;f89d96e6-cf5c-4071-95d3-7fe5c4c2dbf9;422.6;0.08;SELL
2016-03-29T00:09:30.920000;2016-03-29T00:09:30.933000;77dc2646-c608-4fad-b5ec-3efade07c323;422.54;0.01;SELL
2016-03-29T00:09:30.920000;2016-03-29T00:09:30.950000;2919b144-b445-4a13-a923-db5eeccd5366;422.52;0.07;SELL
2016-03-29T00:09:30.920000;2016-03-29T00:09:30.950000;cfb0749a-e0f8-4011-8e41-bb8766673fad;422.5;0.0101;SELL
2016-03-29T00:09:30.920000;2016-03-29T00:09:30.950000;08e645b8-85c8-4045-8de1-d1bc182b0868;422.5;0.093;SELL
2016-03-29T00:09:30.920000;2016-03-29T00:09:30.980000;2e70362a-c4c3-46ce-b58d-e3de0de77086;422.48;0.33217;SELL
2016-03-29T00:10:02.593000;2016-03-29T00:10:02.607000;83d32ab8-25d8-4e4d-8b56-3aa6efdf9fb5;422.6;0.5;BUY
2016-03-29T00:10:02.593000;2016-03-29T00:10:02.637000;12b9df72-2d2e-46cd-8431-877ff38e18f0;422.62;0.154;BUY
2016-03-29T00:10:02.593000;2016-03-29T00:10:02.637000;5287d29a-cb25-4403-86f8-e5375d6d9a0f;422.64;0.287;BUY
2016-03-29T00:10:02.593000;2016-03-29T00:10:02.637000;108f2b99-4f1d-47f2-ad11-2b9f6a43a475;422.65;0.220409;BUY
2016-03-29T00:10:02.593000;2016-03-29T00:10:02.653000;f07849f5-2a9b-474f-bb9d-38a3910b5083;422.65;0.01;BUY
2016-03-29T00:10:02.593000;2016-03-29T00:10:02.653000;f0ae22e3-7ade-4bb9-8f8b-2f95c6a4861d;422.67;0.01;BUY
2016-03-29T00:10:02.597000;2016-03-29T00:10:02.653000;f0d5a3dc-49ea-4016-9555-d3f4e4d507a4;422.69;0.165;BUY
2016-03-29T00:10:02.597000;2016-03-29T00:10:02.653000;7f0ef1a1-05bb-437e-a589-db31fc8976de;422.7;0.8;BUY
2016-03-29T00:10:02.597000;2016-03-29T00:10:02.653000;8aa39529-ac4b-4a9e-aa80-a360646a7039;422.71;0.35;BUY
2016-03-29T00:10:02.597000;2016-03-29T00:10:02.700000;7c497d40-65dd-47b1-9294-d514d7e23aad;422.71;0.4;BUY
2016-03-29T00:10:02.597000;2016-03-29T00:10:02.700000;f95c6db0-5b93-4677-9df3-9ce3d69664c6;422.72;0.5;BUY
2016-03-29T00:10:02.597000;2016-03-29T00:10:02.700000;1fa495c5-ba5c-4f6d-a947-065f59178470;422.73;0.01;BUY
2016-03-29T00:10:02.597000;2016-03-29T00:10:02.700000;b999df99-63bd-4136-b9b0-ca7feb642fca;422.74;2.2;BUY
2016-03-29T00:10:02.597000;2016-03-29T00:10:02.700000;3d66402b-096e-4548-8bc9-65ee1cfaa6a9;422.75;0.01;BUY
2016-03-29T00:10:02.597000;2016-03-29T00:10:02.700000;de7c5ee8-8128-4480-a5e6-2bc9d5ebd224;422.75;0.01;BUY
2016-03-29T00:10:02.597000;2016-03-29T00:10:02.700000;a6ae7d0e-4a56-4ba7-a043-87159b4e0ae9;422.75;1.2;BUY
2016-03-29T00:10:02.597000;2016-03-29T00:10:02.700000;1b04b5f8-fbd7-4ffe-a974-4c2b84342050;422.76;0.01;BUY
2016-03-29T00:10:02.597000;2016-03-29T00:10:02.700000;7a144c5b-6d23-4cdd-aee3-fa9b8cbb15ac;422.78;2.927401;BUY
2016-03-29T00:10:10.500000;2016-03-29T00:10:10.527000;f6a7dfef-6910-4012-ad90-eeefab68101a;422.61;0.01;SELL
2016-03-29T00:10:10.500000;2016-03-29T00:10:10.527000;5b085a45-29f6-4b40-841f-8579ddaeec5a;422.6;0.01;SELL
2016-03-29T00:10:10.500000;2016-03-29T00:10:10.527000;6287c309-71d0-49f3-8d35-d811d9940645;422.58;0.06;SELL
2016-03-29T00:11:00.890000;2016-03-29T00:11:00.917000;9380f394-389c-4452-a789-1c77052122e5;422.65;0.01;SELL
2016-03-29T00:11:00.890000;2016-03-29T00:11:00.917000;f949645c-2ee3-4c8e-9f25-a1eaa0215049;422.64;0.01;SELL
2016-03-29T00:11:00.890000;2016-03-29T00:11:00.917000;ff59c42d-2070-4596-b1a0-5730306ec0e4;422.63;0.01;SELL
2016-03-29T00:11:00.890000;2016-03-29T00:11:00.933000;121d236c-2f23-440c-96c4-4bc4dbca7105;422.63;0.079;SELL
2016-03-29T00:11:00.890000;2016-03-29T00:11:00.933000;8517ccc3-5aa1-4f1a-b707-784462c79c26;422.58;0.111;SELL
2016-03-29T00:11:00.890000;2016-03-29T00:11:00.933000;ce488494-95ef-413c-a65d-87ffb8f9243f;422.54;0.01;SELL
2016-03-29T00:11:00.890000;2016-03-29T00:11:00.933000;46c25be8-42b9-4f49-9928-6a4948cdcf0e;422.49;0.07903211;SELL
2016-03-29T00:11:00.890000;2016-03-29T00:11:00.933000;0290030b-3ba9-450c-a1e0-ca3931edee4c;422.48;0.16783;SELL
2016-03-29T00:11:00.890000;2016-03-29T00:11:00.933000;0d2c5ee3-4090-434e-a680-092a354a1e99;422.46;0.01;SELL
2016-03-29T00:11:00.890000;2016-03-29T00:11:00.933000;06508b5a-7d97-4d62-a0d5-ec18dbbdd026;422.46;0.5;SELL
2016-03-29T00:11:00.890000;2016-03-29T00:11:00.933000;35e69f88-2071-47d2-b436-9ae0eca23256;422.46;0.097;SELL
2016-03-29T00:11:00.890000;2016-03-29T00:11:00.950000;efde205a-4888-4e71-a073-abf843114522;422.46;0.19541789;SELL
2016-03-29T00:11:16.800000;2016-03-29T00:11:16.823000;20b82388-27c6-49b8-9f44-722d1e1de4f9;422.63;0.01;BUY
2016-03-29T00:11:16.800000;2016-03-29T00:11:16.823000;d22571b1-1598-4b42-a03c-11abbcaf685f;422.63;0.09;BUY
2016-03-29T00:11:33.823000;2016-03-29T00:11:33.840000;17fbb697-c84b-4d18-a525-6272c5717a98;422.63;0.2;BUY
2016-03-29T00:11:33.823000;2016-03-29T00:11:33.857000;c359dabd-1f5b-4d81-aefb-d9b39dadbb04;422.64;0.01;BUY
2016-03-29T00:11:33.823000;2016-03-29T00:11:33.857000;28efa213-b07b-4eb1-82a8-5cbcc577a82f;422.67;4.4;BUY
2016-03-29T00:11:33.823000;2016-03-29T00:11:33.857000;0338435f-57f5-4b3a-9214-cd14e0784c37;422.68;1.0;BUY
2016-03-29T00:11:33.823000;2016-03-29T00:11:33.857000;1fda4a29-c7d2-410d-b95b-984b97cc498e;422.69;0.01;BUY
2016-03-29T00:11:33.823000;2016-03-29T00:11:33.857000;9305f0be-93c9-4b17-b92c-1b00c8511ca1;422.69;0.35;BUY
2016-03-29T00:11:33.827000;2016-03-29T00:11:33.857000;2801ba1f-d6e1-43d5-9546-74eee0e3dd85;422.69;0.58917;BUY
2016-03-29T00:12:01.170000;2016-03-29T00:12:01.183000;ffe87b4c-dde7-4d4a-9836-a6a0493501dc;422.59;0.0277;SELL
2016-03-29T00:12:01.170000;2016-03-29T00:12:01.200000;a32c5d5f-1392-4ed6-a0b5-cb5e578d1dd0;422.59;0.113;SELL
2016-03-29T00:12:01.170000;2016-03-29T00:12:01.200000;bb3ca943-ed42-4f6f-b62b-15883929acf1;422.57;0.0287;SELL
2016-03-29T00:12:01.170000;2016-03-29T00:12:01.200000;aa341b9f-b382-43c9-b6fe-61407ca78dca;422.57;0.5;SELL
2016-03-29T00:12:01.170000;2016-03-29T00:12:01.213000;f2afcd54-28e3-4d49-bd85-39aad4e24609;422.55;0.0255;SELL
2016-03-29T00:12:01.170000;2016-03-29T00:12:01.213000;ce473282-479b-46bb-b9f5-8908cc6e2e5f;422.54;0.01;SELL
2016-03-29T00:12:01.170000;2016-03-29T00:12:01.213000;a5171246-3de2-4955-9992-1675768ed6d6;422.51;0.5;SELL
2016-03-29T00:12:01.170000;2016-03-29T00:12:01.213000;e08198be-2667-476d-9df5-2e199d169363;422.51;0.35;SELL
2016-03-29T00:12:01.170000;2016-03-29T00:12:01.213000;d5cbe2e8-14ff-4793-86bf-ee41f34db481;422.46;0.30458211;SELL
2016-03-29T00:12:01.170000;2016-03-29T00:12:01.230000;7f7d80fd-e2d6-46e3-8529-ba4ebfc99af9;422.44;0.01;SELL
2016-03-29T00:12:01.170000;2016-03-29T00:12:01.230000;474bc479-cdb5-4ece-b22b-db25379e2f60;422.43;0.204;SELL
2016-03-29T00:12:01.170000;2016-03-29T00:12:01.230000;b26c923a-5106-4e63-aa83-5ca33123a129;422.38;0.10527789;SELL
2016-03-29T00:12:31.050000;2016-03-29T00:12:31.060000;05b949de-d4db-47d4-b0fb-b337cf5a5f8c;422.7;0.5;BUY
2016-03-29T00:12:31.050000;2016-03-29T00:12:31.073000;62deb6ee-295a-48c7-8f09-a0596f7a85b5;422.7;0.5;BUY
2016-03-29T00:12:31.050000;2016-03-29T00:12:31.073000;d9140e81-8b62-464b-afd6-f700093aa204;422.71;0.00609;BUY
2016-03-29T00:13:00.800000;2016-03-29T00:13:00.810000;856d3795-8886-4cc0-a8cd-675502accf25;422.72;0.0418;SELL
2016-03-29T00:13:00.800000;2016-03-29T00:13:00.823000;2ff2bc8f-c5a5-44d0-8c99-5b929d6a9db7;422.72;0.0407;SELL
2016-03-29T00:13:00.800000;2016-03-29T00:13:00.823000;a1d44d9f-cacd-4b94-aa40-9c728f8a699d;422.72;0.0352;SELL
2016-03-29T00:13:00.800000;2016-03-29T00:13:00.823000;8364cb10-70f6-4ac3-861a-da17887f252f;422.72;0.0336;SELL
2016-03-29T00:13:00.800000;2016-03-29T00:13:00.840000;e3f818eb-6952-46fe-8d3c-b5b3b4f04421;422.72;0.0331;SELL
2016-03-29T00:13:00.800000;2016-03-29T00:13:00.917000;1a99e7ee-c3e1-4e3b-a7a7-a75fcfa945ca;422.72;0.032;SELL
2016-03-29T00:13:00.800000;2016-03-29T00:13:00.917000;2ac26259-938e-416b-9fc2-dd56e92f21fe;422.7;0.0413;SELL
2016-03-29T00:13:00.800000;2016-03-29T00:13:00.917000;d361d24f-9d2d-4b76-ad69-287ba421318f;422.69;0.101;SELL
2016-03-29T00:13:00.800000;2016-03-29T00:13:00.917000;9d708766-bfb6-4bc8-8dba-ad443433b26d;422.64;0.074;SELL
2016-03-29T00:13:00.800000;2016-03-29T00:13:00.917000;7e5aebe6-7636-43b8-989c-3cc231dbd3e8;422.59;0.127;SELL
2016-03-29T00:13:00.800000;2016-03-29T00:13:00.917000;6e150fbc-a642-4717-907c-ca33e8e29507;422.54;0.099;SELL
2016-03-29T00:13:00.800000;2016-03-29T00:13:00.917000;f5c6e495-0da6-4544-8772-40ea28168e70;422.53;0.01;SELL
2016-03-29T00:13:00.800000;2016-03-29T00:13:00.917000;9b590d2e-ce50-4d39-825b-852559c1afc2;422.48;1.2;SELL
2016-03-29T00:13:00.800000;2016-03-29T00:13:00.917000;0f60fb5f-36b7-4471-8eea-70f53e10c93e;422.47;0.091;SELL
2016-03-29T00:13:00.800000;2016-03-29T00:13:00.917000;cd222945-0906-4f27-a8c3-9c175a664e04;422.43;2.6;SELL
2016-03-29T00:13:00.803000;2016-03-29T00:13:00.917000;52402ff7-4c52-4649-ac5a-e10e4691a330;422.42;0.087;SELL
2016-03-29T00:13:00.803000;2016-03-29T00:13:00.917000;faf4c77f-e6a2-4d80-abfd-248a68a58812;422.38;3.2;SELL
2016-03-29T00:13:00.803000;2016-03-29T00:13:00.917000;d8b81632-e711-4263-b97c-9384cc941c57;422.37;2.10411;SELL
2016-03-29T00:13:33.257000;2016-03-29T00:13:33.277000;b2aa5d9d-ad42-45bb-bc6e-7f08aa6064a9;422.73;0.01;BUY
2016-03-29T00:13:33.257000;2016-03-29T00:13:33.277000;e60d0ca9-a3c2-4a8a-ae74-7e663cd83c30;422.74;0.01;BUY
2016-03-29T00:13:33.257000;2016-03-29T00:13:33.277000;b1b2d2e9-64e3-48b6-9af8-bb654722bebc;422.75;0.01;BUY
2016-03-29T00:13:33.257000;2016-03-29T00:13:33.293000;3b22d14b-9213-4780-9f4f-1d499dbf61a9;422.75;0.054;BUY
2016-03-29T00:14:00.847000;2016-03-29T00:14:00.857000;5f1bc3cb-b87d-44c5-bcf3-7d9d9bc68f1b;422.74;0.0441;SELL
2016-03-29T00:14:00.847000;2016-03-29T00:14:00.870000;a4d71b98-2756-41af-b3bd-c45408da66bf;422.74;0.0416;SELL
2016-03-29T00:14:00.847000;2016-03-29T00:14:00.870000;2e1dd4b4-c90f-48d9-859d-0d1ff1011b18;422.74;0.0414;SELL
2016-03-29T00:14:00.847000;2016-03-29T00:14:00.870000;2fb6012f-4f22-40ed-a364-9ad5adab9355;422.74;0.0417;SELL
2016-03-29T00:14:00.847000;2016-03-29T00:14:00.887000;1f20ebd6-381b-4b14-91b6-1b08a608b056;422.74;0.042;SELL
2016-03-29T00:14:00.847000;2016-03-29T00:14:00.887000;6a110974-485a-4c02-9763-53a6d9b9e7c3;422.74;0.0409;SELL
2016-03-29T00:14:00.847000;2016-03-29T00:14:00.887000;196df839-8c16-4cc2-bd56-71b1f7671d8d;422.74;0.041;SELL
2016-03-29T00:14:00.847000;2016-03-29T00:14:00.933000;8401b8cc-2793-4bc9-b2b5-f5f3fca7e75f;422.74;0.0414;SELL
2016-03-29T00:14:00.847000;2016-03-29T00:14:00.950000;112b828c-776d-4e8e-9dd1-40fde28a217e;422.74;0.0408;SELL
2016-03-29T00:14:00.847000;2016-03-29T00:14:00.950000;13f41e9e-f2b8-47fd-af5b-976bb7228ffb;422.74;0.0397;SELL
2016-03-29T00:14:00.847000;2016-03-29T00:14:00.950000;9c96df39-e918-4cbd-b35f-8061f36af1d4;422.74;0.042;SELL
2016-03-29T00:14:00.847000;2016-03-29T00:14:00.950000;06a3530b-c56d-48b8-94b1-c40d3f89d2e9;422.73;0.01;SELL
2016-03-29T00:14:00.850000;2016-03-29T00:14:00.950000;ffab72b7-66e4-4eaf-8dbd-2059ed2e9f43;422.69;0.137;SELL
2016-03-29T00:14:00.850000;2016-03-29T00:14:00.950000;05e6c4ce-618e-4dbd-9e73-7ecd4eee02ec;422.64;0.099;SELL
2016-03-29T00:14:00.850000;2016-03-29T00:14:00.950000;018b8178-29ae-4d63-a1c6-7d53fcac9439;422.59;0.117;SELL
2016-03-29T00:14:00.850000;2016-03-29T00:14:00.950000;f42ca5ea-e352-4a6b-87ef-4a8135856b4d;422.54;0.129;SELL
2016-03-29T00:14:00.850000;2016-03-29T00:14:00.963000;4f31a48a-bdd7-4a8d-8ce3-0bbe20dac698;422.5;0.0125;SELL
2016-03-29T00:14:00.850000;2016-03-29T00:14:00.963000;feea86a3-7a31-4ab4-9db5-1df501aba910;422.49;0.01;SELL
2016-03-29T00:14:00.850000;2016-03-29T00:14:00.963000;62f5bdd7-3b1c-486b-9c70-342f80213950;422.49;0.121;SELL
2016-03-29T00:14:00.850000;2016-03-29T00:14:00.963000;0ee00bfb-8bdb-45f5-8019-431d81c79deb;422.45;2.2;SELL
2016-03-29T00:14:00.850000;2016-03-29T00:14:00.963000;cb3f880b-7d90-46dd-bb84-a6923a1d50c9;422.44;0.106;SELL
2016-03-29T00:14:00.850000;2016-03-29T00:14:00.963000;132319de-c671-4647-81f4-010a7a22d1e9;422.4;0.9063;SELL
2016-03-29T00:14:30.820000;2016-03-29T00:14:30.873000;357d8fc4-7006-40b5-a80e-dc47dcb7f88e;422.75;0.446;BUY
2016-03-29T00:14:30.820000;2016-03-29T00:14:30.873000;f665a1af-731b-47be-90f4-2f54426dd634;422.75;0.01;BUY
2016-03-29T00:14:30.820000;2016-03-29T00:14:30.873000;e3b59489-4d2e-42c0-b57d-cb7b2b383797;422.75;0.03353;BUY
2016-03-29T00:15:01.313000;2016-03-29T00:15:01.373000;9868589d-db03-49a3-a45f-c87d9a7dd400;422.76;0.01;BUY
2016-03-29T00:15:01.317000;2016-03-29T00:15:01.373000;74a8c5a1-2354-4d00-881a-d552cc3f5f50;422.77;0.01;BUY
2016-03-29T00:15:01.317000;2016-03-29T00:15:01.373000;f3d0aca9-464b-4fbd-a1bf-8e002740066e;422.77;0.114;BUY
2016-03-29T00:15:01.317000;2016-03-29T00:15:01.373000;9944e27d-9a4b-4aac-8e8a-c49ea97ca5a0;422.79;0.01;BUY
2016-03-29T00:15:01.317000;2016-03-29T00:15:01.373000;a05719f8-4660-429c-8ab9-383f438ea72a;422.81;0.5;BUY
2016-03-29T00:15:01.317000;2016-03-29T00:15:01.390000;c780273e-16ca-436a-bd47-496534fe4231;422.82;0.115;BUY
2016-03-29T00:15:01.317000;2016-03-29T00:15:01.390000;df523f66-700c-461b-87d8-8129c20230e9;422.84;0.01;BUY
2016-03-29T00:15:01.317000;2016-03-29T00:15:01.390000;cd055bf2-b078-4b84-a7bd-c884231ea567;422.85;0.01;BUY
2016-03-29T00:15:01.317000;2016-03-29T00:15:01.390000;a824245c-84d8-4dee-9a4f-8c218cf07dc3;422.86;0.01;BUY
2016-03-29T00:15:01.317000;2016-03-29T00:15:01.390000;f019a523-381d-49dd-8722-f3658c4fc597;422.87;0.09;BUY
2016-03-29T00:15:01.317000;2016-03-29T00:15:01.390000;a67ed04b-f75b-4aed-b23a-fc35eaf96155;422.87;0.5;BUY
2016-03-29T00:15:01.317000;2016-03-29T00:15:01.390000;af85eb2a-d76b-47fa-885e-2185ff02bf67;422.87;0.01;BUY
2016-03-29T00:15:01.317000;2016-03-29T00:15:01.390000;4395a2ce-86bd-42d5-af6f-f2c1be3749e3;422.87;0.35909;BUY
2016-03-29T00:15:32.153000;2016-03-29T00:15:32.187000;2b5318db-cdb2-4259-a10a-0c7ccee42979;422.76;0.01;SELL
2016-03-29T00:15:32.153000;2016-03-29T00:15:32.217000;16953739-4e37-4890-adce-b1343b9d636a;422.75;0.5;SELL
2016-03-29T00:15:32.153000;2016-03-29T00:15:32.217000;20eb81b1-5e43-4cab-9504-023a7c95cb8f;422.75;0.0125;SELL
2016-03-29T00:15:32.153000;2016-03-29T00:15:32.217000;c1af05e3-a507-4cb8-9771-5804529b1211;422.74;0.01;SELL
2016-03-29T00:15:32.153000;2016-03-29T00:15:32.217000;45ed48c8-934f-4c36-beb6-c34a0d508d15;422.64;0.127;SELL
2016-03-29T00:15:32.153000;2016-03-29T00:15:32.217000;69491582-c0b8-49a9-9cd4-efda032d5411;422.64;0.01;SELL
2016-03-29T00:15:32.157000;2016-03-29T00:15:32.217000;f6202303-6f0e-43cd-972b-f6ef557fa5d2;422.63;0.5;SELL
2016-03-29T00:15:32.157000;2016-03-29T00:15:32.217000;0ecae3de-dc83-4a11-b652-a05b29173896;422.63;0.30467;SELL
2016-03-29T00:15:38.550000;2016-03-29T00:15:38.593000;97ebfe4d-5911-4c8f-a91f-659beac207d3;422.73;0.04719353;BUY
2016-03-29T00:16:00.907000;2016-03-29T00:16:01.060000;f7521074-ca80-4939-8649-506c460cc564;422.66;0.0261;BUY
2016-03-29T00:16:00.907000;2016-03-29T00:16:01.060000;18096f10-c6e8-4613-af88-d7590dec03bd;422.67;0.01;BUY
2016-03-29T00:16:00.907000;2016-03-29T00:16:01.077000;2038fde3-4e33-4cb4-8a98-4858ecbc4faa;422.68;0.0229;BUY
2016-03-29T00:16:00.907000;2016-03-29T00:16:01.077000;c40d459c-1e50-490b-b410-c137268c9326;422.7;0.0186;BUY
2016-03-29T00:16:00.907000;2016-03-29T00:16:01.077000;d73747b2-57f0-45b4-a94b-2f38a61a0b85;422.7;0.08;BUY
2016-03-29T00:16:00.907000;2016-03-29T00:16:01.077000;e230aa3f-7a75-4f14-9f80-b96fa2e6153e;422.71;0.29641;BUY
2016-03-29T00:16:31.123000;2016-03-29T00:16:31.170000;6dc3ff32-47c9-4be2-a425-37ac5b5d712e;422.65;0.0178;BUY
2016-03-29T00:16:31.123000;2016-03-29T00:16:31.170000;e3189a79-4d89-4d34-8191-f7f361941ba2;422.65;0.00304;BUY
2016-03-29T00:17:03.397000;2016-03-29T00:17:03.437000;bd142e63-1690-458d-8b6e-716cc471a327;422.64;0.01;SELL
2016-03-29T00:17:03.397000;2016-03-29T00:17:03.437000;61caef88-c544-4126-8f72-841deed5945c;422.63;0.00324;SELL
2016-03-29T00:17:31.500000;2016-03-29T00:17:31.530000;a730443a-a47c-41c4-a099-8d2c9b0523e0;422.7;0.01;BUY
2016-03-29T00:17:31.500000;2016-03-29T00:17:31.547000;c95126ca-458b-4e42-bbda-ab00c28a0b43;422.72;0.096;BUY
2016-03-29T00:17:31.500000;2016-03-29T00:17:31.547000;60e43295-c952-4279-927e-006cb98dd0d9;422.75;0.5;BUY
2016-03-29T00:17:31.500000;2016-03-29T00:17:31.547000;b1f73313-d9ad-4bf0-8ef7-6abef39920d4;422.75;0.01;BUY
2016-03-29T00:17:31.503000;2016-03-29T00:17:31.547000;619e406b-5066-486f-8bfd-e63625e754e5;422.75;0.5;BUY
2016-03-29T00:17:31.503000;2016-03-29T00:17:31.547000;cc36b208-5dab-4112-9598-d7f632c831da;422.77;0.5;BUY
2016-03-29T00:17:31.503000;2016-03-29T00:17:31.577000;cfd3973e-f769-4be9-8856-fce3f4d30663;422.77;0.01;BUY
2016-03-29T00:17:31.503000;2016-03-29T00:17:31.577000;7133b97d-d0b6-46d6-aafd-d2548d7edc9a;422.77;0.35;BUY
2016-03-29T00:17:31.503000;2016-03-29T00:17:31.577000;0bd5682d-2354-4078-b1f4-f91c836b7767;422.79;0.1;BUY
2016-03-29T00:17:31.503000;2016-03-29T00:17:31.577000;e644e052-b361-4382-a4c9-49227dc9d5ac;422.8;0.01;BUY
2016-03-29T00:17:31.503000;2016-03-29T00:17:31.593000;f223f3cc-5a2e-495a-adc7-3cf629ab62ff;422.82;2.6;BUY
2016-03-29T00:17:31.503000;2016-03-29T00:17:31.593000;946a2733-1734-4f62-a50e-fa1cce6d07bf;422.83;0.5;BUY
2016-03-29T00:17:31.503000;2016-03-29T00:17:31.593000;13be4167-8053-49a9-8473-6c578cb9c6fb;422.86;2.4;BUY
2016-03-29T00:17:31.503000;2016-03-29T00:17:31.593000;a7f6033e-8718-4de2-8a43-3ab3d0b4e99c;422.86;2.0;BUY
2016-03-29T00:17:31.503000;2016-03-29T00:17:31.593000;0af1c24a-f147-4683-bf4c-cf5dcf602d20;422.87;2.47786;BUY
2016-03-29T00:18:01.623000;2016-03-29T00:18:01.653000;c807be69-0831-4467-912d-996e5b82ba0e;422.89;0.01;BUY
2016-03-29T00:18:01.623000;2016-03-29T00:18:01.670000;31f59aa4-9ecf-433a-bf41-b99087ab94fd;422.89;0.078;BUY
2016-03-29T00:18:01.623000;2016-03-29T00:18:01.670000;7b948d39-af4a-4d3f-9268-837b08133b15;422.9;0.01;BUY
2016-03-29T00:18:01.623000;2016-03-29T00:18:01.670000;ff530f6b-d76a-4eed-9833-f2c4d8302079;422.9;0.02;BUY
2016-03-29T00:18:01.623000;2016-03-29T00:18:01.687000;8c42e175-d244-4987-b076-e9bc7ba3f006;422.91;1.7932;BUY
2016-03-29T00:18:15.840000;2016-03-29T00:18:15.857000;09999331-6679-4368-b1e7-e913a3be31c9;422.91;0.02;BUY
2016-03-29T00:18:30.860000;2016-03-29T00:18:30.890000;8d552307-ec45-4e51-bd77-1642e34ef7ed;422.85;0.01;SELL
2016-03-29T00:18:30.860000;2016-03-29T00:18:30.903000;21589507-b21d-4314-b65f-97819d943b09;422.82;0.02;SELL
2016-03-29T00:19:00.833000;2016-03-29T00:19:00.857000;0ca46476-f652-40ea-8f35-cf5c74e413f8;422.79;0.02648;SELL
2016-03-29T00:19:31.560000;2016-03-29T00:19:31.577000;757a55e0-ed77-43fb-abb0-53f475772534;422.79;0.10004;SELL
2016-03-29T00:20:01.013000;2016-03-29T00:20:01.030000;c7ccf750-c40d-4925-92f2-b9fa78260fdb;422.87;0.0188;SELL
2016-03-29T00:20:01.013000;2016-03-29T00:20:01.047000;489af2e8-af38-4fc0-9ae3-54d71423db0a;422.85;0.0181;SELL
2016-03-29T00:20:01.013000;2016-03-29T00:20:01.047000;cbdd092e-f990-4bb6-a701-c332a483ef54;422.83;0.017;SELL
2016-03-29T00:20:01.017000;2016-03-29T00:20:01.047000;1c85143e-4bb7-4eb2-aac6-5da0d6b7f227;422.81;0.0209;SELL
2016-03-29T00:20:01.017000;2016-03-29T00:20:01.077000;a35e6985-1546-424d-82bc-07bd29f911f4;422.8;0.01;SELL
2016-03-29T00:20:01.017000;2016-03-29T00:20:01.140000;0dc8bdf1-9d17-4656-826f-fd3b49a815fe;422.79;0.37348;SELL
2016-03-29T00:20:01.017000;2016-03-29T00:20:01.140000;e59931e3-e8dc-4eff-8659-599ae5c7da99;422.75;0.40372;SELL
2016-03-29T00:20:31.083000;2016-03-29T00:20:31.107000;502de172-708c-40cd-ab54-3dbc3dab9be5;422.9;0.23847;BUY
2016-03-29T00:20:32.610000;2016-03-29T00:20:32.623000;4074c910-7576-42ec-bbf8-cfb6d1e846c5;422.91;0.07;BUY
2016-03-29T00:21:01.030000;2016-03-29T00:21:01.047000;38c50b69-ad5c-44ef-be4c-1a10e93d24a9;422.9;0.16867;BUY
2016-03-29T00:21:31.030000;2016-03-29T00:21:31.047000;a8a1fa3a-a2f4-4818-8db6-79bf05f84728;422.87;0.04;BUY
2016-03-29T00:21:31.030000;2016-03-29T00:21:31.077000;59e3ec1a-0fc7-4d74-ab07-607228ff7ad4;422.9;0.04643776;BUY
2016-03-29T00:21:31.030000;2016-03-29T00:21:31.077000;a9f7abf2-54e3-4182-8e38-308b7b245b6f;422.91;0.14768224;BUY
2016-03-29T00:22:02.250000;2016-03-29T00:22:02.263000;d6ff4512-97bd-4f3f-aee5-0b4fe069afdd;422.79;0.37806;SELL
2016-03-29T00:22:34.547000;2016-03-29T00:22:34.560000;16adf522-35d8-4443-95bd-cba42c4f034e;422.9;0.311;BUY
2016-03-29T00:22:34.550000;2016-03-29T00:22:34.560000;dc311d94-25a3-41fb-898e-2e0193e4d475;422.91;0.15488;BUY
2016-03-29T00:23:01.033000;2016-03-29T00:23:01.047000;f1989b83-52cc-4617-9de7-4f3049fdeba6;422.9;0.11815;BUY
2016-03-29T00:23:33.600000;2016-03-29T00:23:33.607000;e49043ab-0731-456a-9369-ecebf971e63b;422.9;0.04273741;BUY
2016-03-29T00:23:33.600000;2016-03-29T00:23:33.623000;502140d5-dfe3-4921-88d1-c10b4b81fdf9;422.9;0.19138259;BUY
2016-03-29T00:24:01.007000;2016-03-29T00:24:01.013000;0297f514-a75d-4b7d-988e-a84eb07cf44f;422.9;0.04461741;BUY
2016-03-29T00:24:01.007000;2016-03-29T00:24:01.030000;5d44749e-8cce-4ece-a969-e0a26f23f735;422.91;0.12743776;BUY
2016-03-29T00:24:01.010000;2016-03-29T00:24:01.030000;c48c04c3-609d-469f-a5ce-e345aede324c;422.91;0.5;BUY
2016-03-29T00:24:01.010000;2016-03-29T00:24:01.030000;195f11f0-20ae-4351-9f3f-81eb78c93e12;422.91;0.5;BUY
2016-03-29T00:24:01.010000;2016-03-29T00:24:01.060000;edeaeb14-e995-4940-aa17-b29e9ced0ed9;422.91;0.01;BUY
2016-03-29T00:24:01.010000;2016-03-29T00:24:01.123000;f79a09f4-b1c9-4153-975f-6dac1c4b694a;422.92;0.287;BUY
2016-03-29T00:24:01.010000;2016-03-29T00:24:01.123000;9d5edc10-8a25-4928-9874-152e56c19349;422.93;0.01;BUY
2016-03-29T00:24:01.010000;2016-03-29T00:24:01.123000;721c1553-8916-43c0-af3a-be7cce5de79d;422.94;0.5;BUY
2016-03-29T00:24:01.010000;2016-03-29T00:24:01.123000;2e116989-0e2c-4728-a350-4d4411e7552d;422.95;0.01;BUY
2016-03-29T00:24:01.010000;2016-03-29T00:24:01.123000;dfaabfc9-240e-444f-b7f9-eedc81c70e0d;422.95;2.52;BUY
2016-03-29T00:24:01.010000;2016-03-29T00:24:01.123000;82380f7f-9214-4246-8c43-498e473790bf;422.95;0.35;BUY
2016-03-29T00:24:01.010000;2016-03-29T00:24:01.123000;878a3a09-c23e-4a5a-b1b9-f57485078881;422.96;0.01;BUY
2016-03-29T00:24:01.010000;2016-03-29T00:24:01.123000;a3bd7ce6-e085-4707-8c44-e72de75b53b8;422.97;0.01;BUY
2016-03-29T00:24:01.010000;2016-03-29T00:24:01.123000;44fcf729-3f81-42c6-a4ee-767f611e1a6c;422.97;0.01;BUY
2016-03-29T00:24:01.010000;2016-03-29T00:24:01.123000;e5195898-9ead-4ff1-bf2d-96693df6bb03;422.97;0.01;BUY
2016-03-29T00:24:01.010000;2016-03-29T00:24:01.123000;495b1fb4-28e3-4da8-9235-5029c2f69a51;422.97;0.281;BUY
2016-03-29T00:24:01.010000;2016-03-29T00:24:01.123000;81bb8d66-b77a-48da-8bf2-f9c354f3b6a2;422.98;1.15091618;BUY
2016-03-29T00:24:01.010000;2016-03-29T00:24:01.123000;a65e1aed-6934-46a2-852d-676cbc43f5f0;422.98;0.8;BUY
2016-03-29T00:24:01.010000;2016-03-29T00:24:01.123000;5bc7ae02-e38b-43d9-8ccd-1cc5c1578524;422.99;0.5;BUY
2016-03-29T00:24:01.010000;2016-03-29T00:24:01.123000;c4326e27-56b7-4a3e-9872-6ec6d7f3ada7;422.99;0.26975865;BUY
2016-03-29T00:24:31.170000;2016-03-29T00:24:31.170000;aa3a4ec1-560c-4ef7-aa39-61ae931acc20;422.87;0.25569;SELL
2016-03-29T00:25:01.170000;2016-03-29T00:25:01.170000;7e60f61a-eb34-4751-8220-2ba2e395f191;422.98;0.0641;BUY
2016-03-29T00:25:15.540000;2016-03-29T00:25:15.547000;1e8ea29d-88e0-4942-bacd-9ea2b78cb5d2;422.98;0.00554465;BUY
2016-03-29T00:25:31.117000;2016-03-29T00:25:31.123000;e536de3b-a1a4-429b-b345-7cde329e592f;422.98;0.236;BUY
2016-03-29T00:25:31.117000;2016-03-29T00:25:31.140000;f38fc30b-7f4b-497e-b009-dd8d1640769f;422.99;0.23024135;BUY
2016-03-29T00:25:31.117000;2016-03-29T00:25:31.140000;dda466db-c9ce-408f-9fb7-4db5e32dcffe;422.99;0.09552865;BUY
2016-03-29T00:26:00.997000;2016-03-29T00:26:01.000000;d1c6bb9d-359d-4a03-9f42-3a80fe82d159;422.87;0.24431;SELL
2016-03-29T00:26:00.997000;2016-03-29T00:26:01.013000;cb3b1723-42a3-4918-b336-57632cb0ffa8;422.87;0.5;SELL
2016-03-29T00:26:00.997000;2016-03-29T00:26:01.013000;59909261-7d61-495d-bb4c-5c7f5cd5c66b;422.87;0.333;SELL
2016-03-29T00:26:00.997000;2016-03-29T00:26:01.013000;db154a42-f80a-4e63-a82a-37953acfd665;422.86;0.01;SELL
2016-03-29T00:26:00.997000;2016-03-29T00:26:01.013000;ab7690d6-0a8b-4f73-9d78-6bbf7184160b;422.86;0.5;SELL
2016-03-29T00:26:00.997000;2016-03-29T00:26:01.107000;342d8b45-caf3-47d1-a915-2ff5dfa5e6d7;422.82;0.338;SELL
2016-03-29T00:26:00.997000;2016-03-29T00:26:01.107000;9881620c-6e80-4586-8c1c-ba1fb0615aed;422.81;0.01;SELL
2016-03-29T00:26:00.997000;2016-03-29T00:26:01.107000;52835fad-6460-4718-a94f-12feb0aa544f;422.79;0.12194;SELL
2016-03-29T00:26:01.000000;2016-03-29T00:26:01.107000;396f3df9-aef2-4315-a887-83de847bbb0d;422.79;0.5;SELL
2016-03-29T00:26:01.000000;2016-03-29T00:26:01.107000;526fc9cc-9a8b-4587-acc8-fc0c01f2a6ac;422.79;0.5;SELL
2016-03-29T00:26:01.000000;2016-03-29T00:26:01.107000;9483cf7c-14fd-416e-bd3c-d398af70de6f;422.78;0.5;SELL
2016-03-29T00:26:01.000000;2016-03-29T00:26:01.107000;3b469cc8-81d5-4484-851b-497488c7806f;422.78;0.5;SELL
2016-03-29T00:26:01.000000;2016-03-29T00:26:01.107000;5e8c1cfe-ef2a-4a45-9601-b3d08bf4920d;422.78;0.5;SELL
2016-03-29T00:26:01.000000;2016-03-29T00:26:01.107000;a3a2a354-c998-402f-b6e3-a8151127c50a;422.78;0.35;SELL
2016-03-29T00:26:01.000000;2016-03-29T00:26:01.107000;2a7aded0-f3c5-4e0f-a7ed-ba675bc2f1f0;422.76;0.01;SELL
2016-03-29T00:26:01.000000;2016-03-29T00:26:01.107000;7ba8be6b-0b96-4619-b1d6-de64bd01d114;422.76;0.166;SELL
2016-03-29T00:26:01.000000;2016-03-29T00:26:01.107000;0364677e-1f15-4e1a-b0f8-ce3029e5d603;422.75;0.09628;SELL
2016-03-29T00:26:01.000000;2016-03-29T00:26:01.107000;975a7c0e-bfae-4368-9e7e-a647aa1497cf;422.75;0.01;SELL
2016-03-29T00:26:01.000000;2016-03-29T00:26:01.107000;42cb4a0d-cc49-4ce0-b0b1-1525a0ff32d5;422.75;0.0125;SELL
2016-03-29T00:26:01.000000;2016-03-29T00:26:01.107000;6e285731-4d32-4af7-b828-582d0c76ccbc;422.75;0.5;SELL
2016-03-29T00:26:01.000000;2016-03-29T00:26:01.107000;2919bd38-39df-4fd4-8158-d04de983debc;422.71;0.00163;SELL
2016-03-29T00:26:21.693000;2016-03-29T00:26:21.703000;9e465c2f-244a-4845-bbcd-f92130381ac5;422.8;0.0204;BUY
2016-03-29T00:26:21.693000;2016-03-29T00:26:21.703000;300d7acf-0596-46ef-8dc0-b7c5a3b232d9;422.81;0.01;BUY
2016-03-29T00:26:21.693000;2016-03-29T00:26:21.717000;c0250181-dbf0-423c-963d-a5af261ee6d2;422.82;0.021;BUY
2016-03-29T00:26:21.693000;2016-03-29T00:26:21.717000;309c52ca-d05a-4f21-9587-8d2021d392b2;422.84;0.01;BUY
2016-03-29T00:26:21.693000;2016-03-29T00:26:21.717000;e84db5a6-4784-4579-b7d2-ab001b56ff63;422.85;0.0204;BUY
2016-03-29T00:26:21.693000;2016-03-29T00:26:21.717000;c53204a4-575b-42ba-a175-8a04a2110f45;422.85;0.127;BUY
2016-03-29T00:26:21.693000;2016-03-29T00:26:21.733000;5ed5d342-36fd-42eb-9a03-d9828f445fd2;422.87;0.0232;BUY
2016-03-29T00:26:21.693000;2016-03-29T00:26:21.733000;d2789c77-eebc-44c9-9cd5-3edee388cb3e;422.9;0.0197;BUY
2016-03-29T00:26:21.693000;2016-03-29T00:26:21.733000;7ca0dcd3-5b61-43d1-a207-1b5dce564e10;422.9;0.077;BUY
2016-03-29T00:26:21.693000;2016-03-29T00:26:21.733000;78995533-e4ac-4cff-8a42-e99bfd7a1703;422.91;0.01;BUY
2016-03-29T00:26:21.697000;2016-03-29T00:26:21.733000;39d933ec-12a8-47d8-97cd-ffbafdea2291;422.97;6.4;BUY
2016-03-29T00:26:21.697000;2016-03-29T00:26:21.733000;64f126a7-af55-420d-ab27-ef8ce59b5273;422.98;0.01;BUY
2016-03-29T00:26:21.697000;2016-03-29T00:26:21.733000;85940e75-4355-4176-b6b8-eb802c063757;422.98;0.48709825;BUY
2016-03-29T00:26:31.060000;2016-03-29T00:26:31.060000;50a55af4-1341-474b-9bc4-6270c96ad77e;422.79;0.0187;BUY
2016-03-29T00:26:31.060000;2016-03-29T00:26:31.077000;8df571c7-46a5-4659-ad00-0f97c2a5150c;422.79;0.0199;BUY
2016-03-29T00:26:31.060000;2016-03-29T00:26:31.077000;0b5b7f8a-c695-4939-9124-597e25e919f2;422.8;0.01;BUY
2016-03-29T00:26:31.060000;2016-03-29T00:26:31.077000;7a231aa9-9232-4e19-bdc1-be11c40456de;422.84;0.11;BUY
2016-03-29T00:26:31.060000;2016-03-29T00:26:31.077000;68dc86f1-15e7-4a69-bfc5-6e5bda9cc748;422.89;0.076;BUY
2016-03-29T00:26:31.060000;2016-03-29T00:26:31.077000;d4af0ea7-60df-4351-a413-91bab4e425f8;422.9;0.01;BUY
2016-03-29T00:26:31.060000;2016-03-29T00:26:31.107000;11e3583c-bd72-4a71-af08-3f0b51cc7882;422.9;0.35;BUY
2016-03-29T00:26:31.060000;2016-03-29T00:26:31.107000;8a80eb37-e22d-4201-aa2a-1a17af27bd1e;422.94;1.68879;BUY
2016-03-29T00:27:01.163000;2016-03-29T00:27:01.170000;866aeedf-1b0b-4298-8db4-f743cd597beb;422.96;0.05851;BUY
2016-03-29T00:27:31.307000;2016-03-29T00:27:31.310000;4e16acaa-03b7-4969-9ef3-1d56b502050b;422.97;0.01;BUY
2016-03-29T00:27:31.310000;2016-03-29T00:27:31.327000;4ceb9032-f2d8-43e6-a3e2-1167cf4cd627;422.97;0.18;BUY
2016-03-29T00:27:31.310000;2016-03-29T00:27:31.327000;2613ee4e-e3f6-40fa-9415-1150242043f6;422.98;0.30125;BUY
2016-03-29T00:28:01.163000;2016-03-29T00:28:01.153000;ba30707e-d6d6-455d-bb40-89a47e2dcc11;422.98;0.287;BUY
2016-03-29T00:28:01.163000;2016-03-29T00:28:01.170000;b0bcd00f-6c50-4203-be89-6e4226a292c4;422.99;0.40447135;BUY
2016-03-29T00:28:01.163000;2016-03-29T00:28:01.170000;ba69c4da-3d97-4b11-a78d-924420220fc7;422.99;0.34434865;BUY
2016-03-29T00:28:31.240000;2016-03-29T00:28:31.233000;7781e13c-a87e-44bb-923e-99fd93080f86;422.99;0.15565135;BUY
2016-03-29T00:28:31.240000;2016-03-29T00:28:31.250000;6132926f-81d1-4619-90ba-00079823b33a;422.99;0.5;BUY
2016-03-29T00:28:31.240000;2016-03-29T00:28:31.250000;3754a52d-9c7b-4298-9aad-a8012559b60e;422.99;0.18;BUY
2016-03-29T00:28:31.240000;2016-03-29T00:28:31.250000;5a04ed8f-5304-46de-ae63-97a7656e5961;423.0;0.01;BUY
2016-03-29T00:28:31.243000;2016-03-29T00:28:31.250000;a90ae482-ec8d-490d-a37f-71e884a2b954;423.0;0.1;BUY
2016-03-29T00:28:31.243000;2016-03-29T00:28:31.280000;0c048329-b6af-483e-9757-53348de8593f;423.01;0.15446865;BUY
2016-03-29T00:29:03.237000;2016-03-29T00:29:03.263000;adfe17e3-94b0-4bce-b4c9-3e68cd89f4ee;422.89;0.5;SELL
2016-03-29T00:29:03.237000;2016-03-29T00:29:03.263000;e69eec16-f9ab-473a-b5e7-814a1b5dfd86;422.89;0.225;SELL
2016-03-29T00:29:03.237000;2016-03-29T00:29:03.263000;8609b4e2-dd52-4394-b9bf-df9fbb1405f8;422.87;0.5;SELL
2016-03-29T00:29:03.240000;2016-03-29T00:29:03.297000;bf581db0-7f27-4311-b9c9-70391d6bfa0e;422.86;0.5;SELL
2016-03-29T00:29:03.240000;2016-03-29T00:29:03.297000;4002bf1d-1896-4ac1-a53e-e468b2daf45b;422.86;0.01;SELL
2016-03-29T00:29:03.240000;2016-03-29T00:29:03.297000;caced69c-93f5-495c-8b65-de0d60959822;422.84;0.5;SELL
2016-03-29T00:29:03.240000;2016-03-29T00:29:03.297000;a589e26e-c6e7-42e3-b65f-cffea8d360c5;422.82;0.40829;SELL
2016-03-29T00:29:31.807000;2016-03-29T00:29:31.870000;984bdbd5-f393-41d4-9f62-55f934682afc;422.94;0.5;BUY
2016-03-29T00:29:31.807000;2016-03-29T00:29:31.870000;bd2bcb52-8dcd-447c-91e0-430886e06b7f;422.98;0.0852;BUY
2016-03-29T00:30:01.280000;2016-03-29T00:30:01.353000;ef4852ed-f88e-4128-abf4-2ffd4348e45a;422.87;0.0172;BUY
2016-03-29T00:30:01.280000;2016-03-29T00:30:01.353000;ba566a6f-3322-48a0-a7d2-86725f016aef;422.88;0.01;BUY
2016-03-29T00:30:01.280000;2016-03-29T00:30:01.353000;591b380a-1ded-420e-acd5-cd023cbdc32e;422.89;0.0158;BUY
2016-03-29T00:30:01.280000;2016-03-29T00:30:01.370000;9316f089-ab74-48d5-aeb4-e5382566f7d4;422.91;0.0172;BUY
2016-03-29T00:30:01.280000;2016-03-29T00:30:01.370000;07061079-9d17-4855-b0a2-c5ffd972210a;422.93;0.0171;BUY
2016-03-29T00:30:01.280000;2016-03-29T00:30:01.387000;190e28d7-f895-4b60-a127-c48d6fff1c0f;422.94;0.129;BUY
2016-03-29T00:30:01.280000;2016-03-29T00:30:01.387000;ba9fad73-b066-480f-81aa-2b9f8c61ec68;422.95;0.0167;BUY
2016-03-29T00:30:01.283000;2016-03-29T00:30:01.387000;d19bf429-1ba9-4619-9318-d4d114c837b2;422.99;0.072;BUY
2016-03-29T00:30:01.283000;2016-03-29T00:30:01.387000;a73b5c5a-1802-4259-91d1-810817dd0dd7;423.0;1.6;BUY
2016-03-29T00:30:01.283000;2016-03-29T00:30:01.387000;da612f0c-0c32-4a65-840d-cd8bab09f46e;423.01;0.34553135;BUY
2016-03-29T00:30:01.283000;2016-03-29T00:30:01.387000;45d8101e-956c-4ddd-b0bd-350ba98f3bf3;423.01;0.5;BUY
2016-03-29T00:30:01.283000;2016-03-29T00:30:01.387000;bf03aa90-bc2d-428e-b940-2ca392848de2;423.01;0.2;BUY
2016-03-29T00:30:01.283000;2016-03-29T00:30:01.387000;520d22c9-8649-4288-951e-7574d97df37b;423.02;0.12493803;BUY
2016-03-29T00:30:01.283000;2016-03-29T00:30:01.387000;9822dd3d-3ef3-4871-9ad3-517aeb2acc8d;423.02;0.01;BUY
2016-03-29T00:30:01.283000;2016-03-29T00:30:01.400000;aa94a83f-f2f0-4ce0-baaf-c24b875f6bb5;423.02;0.02;BUY
2016-03-29T00:30:01.283000;2016-03-29T00:30:01.400000;d682b5ca-d0e4-4c1a-8bb2-33e0ad75f37d;423.02;0.5;BUY
2016-03-29T00:30:01.283000;2016-03-29T00:30:01.400000;0afa8b73-d097-46ca-af75-1edb340eed1c;423.02;0.5;BUY
2016-03-29T00:30:01.283000;2016-03-29T00:30:01.400000;35690dd7-9d40-4b83-886e-e67b6416fd69;423.02;0.5;BUY
2016-03-29T00:30:01.283000;2016-03-29T00:30:01.400000;5dff1c80-ed73-42d4-836d-d3ba7dd6e54e;423.03;0.0185;BUY
2016-03-29T00:30:01.283000;2016-03-29T00:30:01.433000;44a9e3e7-1880-425e-9db7-d5fb5dce7245;423.03;0.5;BUY
2016-03-29T00:30:01.283000;2016-03-29T00:30:01.433000;1c7ce1e1-8e03-46cf-8fee-bbca4825ea48;423.03;0.01;BUY
2016-03-29T00:30:01.283000;2016-03-29T00:30:01.433000;eb28fe8f-0f1f-40f3-967c-6b14e2f8fd74;423.03;0.5;BUY
2016-03-29T00:30:01.283000;2016-03-29T00:30:01.433000;de624491-8747-4e8c-8544-0673fe3f2f24;423.03;0.5;BUY
2016-03-29T00:30:01.283000;2016-03-29T00:30:01.433000;8e5a23d9-e831-4165-8b32-36bf1ce01f68;423.03;0.5;BUY
2016-03-29T00:30:01.283000;2016-03-29T00:30:01.433000;5af33899-6484-4036-93f3-7e6536971274;423.03;0.5;BUY
2016-03-29T00:30:01.283000;2016-03-29T00:30:01.433000;13b9543e-5815-424d-8658-f69ad94783bf;423.03;0.5;BUY
2016-03-29T00:30:01.287000;2016-03-29T00:30:01.433000;175a09f8-d895-43ee-bf97-03ad790bbc7b;423.03;0.02;BUY
2016-03-29T00:30:01.287000;2016-03-29T00:30:01.433000;834cc4b5-25e6-453f-9cd0-2d132f91404b;423.03;0.072;BUY
2016-03-29T00:30:01.287000;2016-03-29T00:30:01.447000;2bbce23e-7686-46e1-90b1-4b771c9756db;423.04;0.5;BUY
2016-03-29T00:30:01.287000;2016-03-29T00:30:01.447000;c6d3e051-1cb6-4682-817b-8218289bc9bc;423.04;0.5;BUY
2016-03-29T00:30:01.287000;2016-03-29T00:30:01.447000;8b09915c-1092-41a9-b5f9-91c59f9e6588;423.05;0.0185;BUY
2016-03-29T00:30:01.287000;2016-03-29T00:30:01.447000;d110da8d-cf3c-410c-96b2-d3cc63b8d3ba;423.06;0.5;BUY
2016-03-29T00:30:01.287000;2016-03-29T00:30:01.447000;2f7a12a8-4026-46ca-bb85-744efb036822;423.06;0.01;BUY
2016-03-29T00:30:01.287000;2016-03-29T00:30:01.447000;1ade46ef-4f89-4005-8022-3abbe4cabbf8;423.06;0.5;BUY
2016-03-29T00:30:01.287000;2016-03-29T00:30:01.463000;be127bc4-80fe-4aad-a449-99392751f50f;423.06;0.17033062;BUY
2016-03-29T00:31:06.533000;2016-03-29T00:31:06.590000;4bca7591-ba41-4ab6-acc8-9256b07558ff;423.0;0.01;BUY
2016-03-29T00:31:06.533000;2016-03-29T00:31:06.590000;679bc7c6-fac0-4794-9dcf-a13295de1d84;423.0;0.0491;BUY
2016-03-29T00:31:30.790000;2016-03-29T00:31:30.853000;9151a7f2-fcd7-4675-8178-d7a6bb949ea7;423.0;0.1149;BUY
2016-03-29T00:31:30.790000;2016-03-29T00:31:30.853000;70e434c2-1927-4b25-8c1c-8c060cfa9990;423.0;0.236;BUY
2016-03-29T00:31:30.790000;2016-03-29T00:31:30.853000;5760d7fe-4755-4c27-9ed2-683985144a28;423.02;0.00015;BUY
2016-03-29T00:31:38.720000;2016-03-29T00:31:38.777000;2d89419c-db36-4fce-9301-b72e905a416d;422.98;0.01;SELL
2016-03-29T00:31:38.720000;2016-03-29T00:31:38.793000;f48bb00a-830b-43b2-bc04-89e2656c6c11;422.97;0.01;SELL
2016-03-29T00:31:38.720000;2016-03-29T00:31:38.793000;74e42988-2adf-4054-a82e-39a39066c759;422.96;0.2;SELL
2016-03-29T00:31:38.720000;2016-03-29T00:31:38.793000;c0c552ca-c853-4f09-be95-827700a90af6;422.96;0.01;SELL
2016-03-29T00:31:38.720000;2016-03-29T00:31:38.807000;bd2ccb4f-6fa0-4f62-98a7-857c351eac44;422.94;0.5;SELL
2016-03-29T00:31:38.720000;2016-03-29T00:31:38.807000;fa43e16c-b90a-4304-805e-d69eec7a9999;422.94;0.01;SELL
2016-03-29T00:31:38.720000;2016-03-29T00:31:38.807000;9fc70325-f0fd-41f4-bf62-2266f5973d37;422.94;0.5;SELL
2016-03-29T00:31:38.720000;2016-03-29T00:31:38.823000;da9667bc-20a4-42ea-b6de-5d43ad1fc5e6;422.92;0.11;SELL
2016-03-29T00:31:38.720000;2016-03-29T00:31:38.823000;079f7c3b-5de5-4772-91db-7485ccc145b4;422.91;0.01;SELL
2016-03-29T00:31:38.720000;2016-03-29T00:31:38.823000;55bfc34b-e84e-4cbf-baf4-cbbdebd3628d;422.9;0.5;SELL
2016-03-29T00:31:38.720000;2016-03-29T00:31:38.823000;6a354761-134c-4755-a3e1-2d84a9ec3858;422.86;0.5;SELL
2016-03-29T00:31:38.720000;2016-03-29T00:31:38.823000;c48574b2-682b-4d4b-bbef-65b73e530d76;422.86;0.01;SELL
2016-03-29T00:31:38.720000;2016-03-29T00:31:38.823000;789d6243-990e-4448-8760-45d893d64198;422.86;0.35;SELL
2016-03-29T00:31:38.720000;2016-03-29T00:31:38.823000;d091dda7-e782-4a1e-84c3-51a2fde3737c;422.83;0.107;SELL
2016-03-29T00:31:38.720000;2016-03-29T00:31:38.840000;4a317976-39e4-4e0e-8274-bd5b535078df;422.82;0.09171;SELL
2016-03-29T00:31:38.720000;2016-03-29T00:31:38.840000;782f722a-74ba-4eb3-840c-ecd808bd8f99;422.79;0.01;SELL
2016-03-29T00:31:38.720000;2016-03-29T00:31:38.853000;25ffaad0-b5a2-4e6c-9a98-0d7efc7481f9;422.77;0.122;SELL
2016-03-29T00:31:38.720000;2016-03-29T00:31:38.853000;36ee54fb-9c47-4e85-8ca5-727b6a147310;422.76;0.01;SELL
2016-03-29T00:31:38.720000;2016-03-29T00:31:38.870000;6f52842b-fdf4-4981-883e-2ea3ecf67646;422.75;0.0125;SELL
2016-03-29T00:31:38.723000;2016-03-29T00:31:38.870000;7644e8cf-44a0-440f-98cd-ec13ef21e4b3;422.7;0.5;SELL
2016-03-29T00:31:38.723000;2016-03-29T00:31:38.870000;6a7eec2d-61f9-46f1-b440-f2ca36aee973;422.7;0.01;SELL
2016-03-29T00:31:38.723000;2016-03-29T00:31:38.870000;78494d84-6fe4-48b6-b9fe-ab765292a7d6;422.7;0.127;SELL
2016-03-29T00:31:38.723000;2016-03-29T00:31:38.870000;8ea3f9b4-bb7e-4e2d-9bc2-a2e4684e9680;422.7;0.5;SELL
2016-03-29T00:31:38.723000;2016-03-29T00:31:38.870000;6e4ec3eb-43f1-4a1f-8a05-1d60a0b812ad;422.67;0.5;SELL
2016-03-29T00:31:38.723000;2016-03-29T00:31:38.870000;883e379f-17f2-410b-8d72-773d0ff63185;422.67;0.5;SELL
2016-03-29T00:31:38.723000;2016-03-29T00:31:38.870000;82f7cd55-9315-43a4-bca1-ab99be669e52;422.67;0.09063185;SELL
2016-03-29T00:32:00.790000;2016-03-29T00:32:00.840000;6ff48d5b-f8b9-4fa7-8caa-96b0aa27591c;422.95;0.01;BUY
2016-03-29T00:32:00.790000;2016-03-29T00:32:00.870000;7128d330-8b1f-4585-b52a-3f3540592312;422.95;0.01425;BUY
2016-03-29T00:32:30.823000;2016-03-29T00:32:30.887000;a88bba10-3b96-436a-b0c2-c499b0d3c9cb;422.85;0.01;SELL
2016-03-29T00:32:30.823000;2016-03-29T00:32:30.887000;b4e4bb14-3b90-484d-b99f-656d63eb722a;422.84;0.01;SELL
2016-03-29T00:32:30.823000;2016-03-29T00:32:30.887000;339925b2-393c-4e59-bd9e-f4e1247b2007;422.84;0.144;SELL
2016-03-29T00:32:30.823000;2016-03-29T00:32:30.900000;530f4504-bbba-4721-9084-7d53e881b675;422.83;0.5;SELL
2016-03-29T00:32:30.823000;2016-03-29T00:32:30.900000;eeae0842-5e86-4c35-a973-c5602a0cd365;422.83;0.05384;SELL
2016-03-29T00:33:00.913000;2016-03-29T00:33:00.980000;13ca514d-84ca-4d0f-a99c-51d1e132b81f;422.91;1.4;BUY
2016-03-29T00:33:00.913000;2016-03-29T00:33:00.980000;ebe01fcf-5a69-4f44-9c79-477fb1560134;422.92;0.284;BUY
2016-03-29T00:33:00.913000;2016-03-29T00:33:00.980000;8c660392-3d4d-415e-bd47-f981a40395eb;422.93;2.6;BUY
2016-03-29T00:33:00.913000;2016-03-29T00:33:00.980000;c5d91adb-5753-4dbd-8047-e04467c03b0b;422.94;0.01;BUY
2016-03-29T00:33:00.913000;2016-03-29T00:33:00.993000;08a7b193-cc47-4f56-b9d9-905672c11024;422.94;0.26909;BUY
2016-03-29T00:33:30.780000;2016-03-29T00:33:30.840000;2e314d9f-4beb-4ebe-83d2-842f47aac58a;422.95;0.4371;BUY
2016-03-29T00:34:02.637000;2016-03-29T00:34:02.683000;c1948892-699a-4375-94a4-0cdf06555d9a;422.95;0.0629;BUY
2016-03-29T00:34:02.637000;2016-03-29T00:34:02.697000;ed5af8f6-b972-4fb8-bf10-190ad90d41a8;422.96;0.01;BUY
2016-03-29T00:34:02.637000;2016-03-29T00:34:02.697000;1e2828dc-0cd0-46fb-a536-bc8bcb2cfac4;422.97;0.2;BUY
2016-03-29T00:34:02.637000;2016-03-29T00:34:02.697000;bcacef14-4c03-47b7-832f-107f6e49300d;422.99;0.01;BUY
2016-03-29T00:34:02.637000;2016-03-29T00:34:02.697000;793da9dd-96af-4a8d-92e6-c488ac2be983;423.0;0.01;BUY
2016-03-29T00:34:02.637000;2016-03-29T00:34:02.730000;4783c780-f471-4bc1-9788-7812e8664666;423.02;0.23141;BUY
2016-03-29T00:34:30.797000;2016-03-29T00:34:30.840000;81dec96a-ad49-450c-800b-3f75018e4360;422.92;0.45165;BUY
2016-03-29T00:35:00.930000;2016-03-29T00:35:00.980000;edd50460-5e14-404f-877f-45b2bfb7954c;422.9;0.5;SELL
2016-03-29T00:35:00.930000;2016-03-29T00:35:00.993000;ff98f958-be7c-4f6c-9858-6622ee82dbe4;422.9;0.109;SELL
2016-03-29T00:35:00.930000;2016-03-29T00:35:00.993000;c2d314e4-9bd4-45ab-9479-ffce4c8164eb;422.89;0.01;SELL
2016-03-29T00:35:00.930000;2016-03-29T00:35:00.993000;54c6e8fe-97a0-47cb-9f64-c3e465cc1a59;422.83;0.5;SELL
2016-03-29T00:35:00.930000;2016-03-29T00:35:01.010000;68045a55-dd59-470a-9977-55966730bea6;422.82;0.5;SELL
2016-03-29T00:35:00.930000;2016-03-29T00:35:01.057000;18d1a9d0-fdbb-4af8-913a-15a29ce7cc95;422.8;0.401;SELL
2016-03-29T00:35:00.930000;2016-03-29T00:35:01.073000;2759a460-9bb8-4884-9d3e-70cb7a5accf8;422.8;0.5;SELL
2016-03-29T00:35:00.933000;2016-03-29T00:35:01.073000;d56b5bea-7791-4eb8-b9c3-2ee25671e05b;422.79;0.01;SELL
2016-03-29T00:35:00.933000;2016-03-29T00:35:01.073000;e4287ce1-eb4f-490b-8c46-54527aab2fd2;422.75;0.393;SELL
2016-03-29T00:35:00.933000;2016-03-29T00:35:01.073000;af841eb5-c773-44f2-92c7-ff7709e5dacd;422.75;0.0125;SELL
2016-03-29T00:35:00.933000;2016-03-29T00:35:01.073000;f646d878-23d3-4d4f-b896-e739fff7e738;422.71;0.01;SELL
2016-03-29T00:35:00.933000;2016-03-29T00:35:01.073000;3c07bd3a-8667-4e8d-acfc-0e4ecfc5449d;422.71;0.5;SELL
2016-03-29T00:35:00.933000;2016-03-29T00:35:01.073000;51fc6b11-9cb1-4056-9ba7-08732bb16550;422.7;0.43;SELL
2016-03-29T00:35:00.933000;2016-03-29T00:35:01.090000;15dfe1fd-ddee-42fa-9f86-b5218ada8d0e;422.69;0.01;SELL
2016-03-29T00:35:00.933000;2016-03-29T00:35:01.090000;081524af-83e5-4698-8938-be5f67ef784a;422.67;0.40936815;SELL
2016-03-29T00:35:00.933000;2016-03-29T00:35:01.090000;9ca32dd6-6a85-443a-964e-d84f5558fbfc;422.65;0.388;SELL
2016-03-29T00:35:00.933000;2016-03-29T00:35:01.090000;cbe62d84-42cf-48ee-a590-c907bd29d555;422.63;0.00676;SELL
2016-03-29T00:35:00.933000;2016-03-29T00:35:01.090000;361803ee-173a-4464-9138-9290c31ea987;422.6;0.391;SELL
2016-03-29T00:35:00.933000;2016-03-29T00:35:01.090000;32548552-e2da-443f-8a72-9b7296382778;422.59;0.5;SELL
2016-03-29T00:35:00.933000;2016-03-29T00:35:01.090000;fe5c74d7-33f6-434c-aa97-2580c9b074c2;422.59;0.01;SELL
2016-03-29T00:35:00.933000;2016-03-29T00:35:01.090000;28c0d09d-1caa-4a29-bce1-1301e0b3e004;422.56;0.77149185;SELL
2016-03-29T00:36:30.980000;2016-03-29T00:36:31.027000;ab2ccd7d-6826-44a3-b1d2-f64b72175c83;422.67;0.01;BUY
2016-03-29T00:36:30.980000;2016-03-29T00:36:31.043000;ff9e1957-70e6-40ea-9b55-2b433f8e21bd;422.67;0.0185;BUY
2016-03-29T00:36:30.980000;2016-03-29T00:36:31.043000;2e837d0b-22de-42c0-b17d-abcd34cfa5ca;422.67;0.0181;BUY
2016-03-29T00:36:30.980000;2016-03-29T00:36:31.043000;15b304ce-3b62-44c1-9ff8-82a9d29cd2fa;422.67;0.0183;BUY
2016-03-29T00:36:30.980000;2016-03-29T00:36:31.043000;9c930b8a-39ae-46c7-bd69-26d1030a8bf7;422.67;0.0208;BUY
2016-03-29T00:36:30.980000;2016-03-29T00:36:31.057000;5e99673c-36da-47a2-92c4-e2c4c7005a79;422.68;0.15411;BUY
2016-03-29T00:37:03.880000;2016-03-29T00:37:03.933000;639caa47-a8cd-4f04-afaa-283f0a335371;422.68;0.16648;BUY
2016-03-29T00:37:30.777000;2016-03-29T00:37:30.823000;8a4b066b-2fd9-4f39-a87f-ab6c1fb58030;422.66;0.01;SELL
2016-03-29T00:37:30.777000;2016-03-29T00:37:30.840000;89754bb9-e240-4840-a756-970f3e0fae52;422.66;0.01;SELL
2016-03-29T00:37:30.777000;2016-03-29T00:37:30.840000;4862a7f1-a3bb-4fb3-bc8e-e39f8417f689;422.65;0.01;SELL
2016-03-29T00:37:30.777000;2016-03-29T00:37:30.840000;93b9b1e1-ce33-408d-96f8-2248aeb5889f;422.65;0.01;SELL
2016-03-29T00:37:30.777000;2016-03-29T00:37:30.840000;7c2d2e41-989e-4d6d-9531-5288e9fb8d71;422.64;0.01;SELL
2016-03-29T00:37:30.780000;2016-03-29T00:37:30.853000;5f507b11-7dcf-41bf-bc14-d42b2270b034;422.63;0.118;SELL
2016-03-29T00:37:30.780000;2016-03-29T00:37:30.853000;4cf5eeda-e668-4cbf-813c-848941ca4856;422.58;0.06447;SELL
2016-03-29T00:38:02.357000;2016-03-29T00:38:02.400000;dcb618d3-4270-4daa-848e-f6f0e635ba2b;422.68;0.17941;BUY
2016-03-29T00:38:02.357000;2016-03-29T00:38:02.417000;004cb72f-6ef4-442b-bc4a-0e1fbe01c64b;422.68;0.18704;BUY
2016-03-29T00:38:34.193000;2016-03-29T00:38:34.230000;cb7a472e-744e-4872-b0da-f805b04a1e47;422.68;0.31296;BUY
2016-03-29T00:38:34.193000;2016-03-29T00:38:34.247000;293658d4-8191-42ee-8c8e-8d5cd58359e9;422.68;0.5;BUY
2016-03-29T00:38:34.193000;2016-03-29T00:38:34.247000;90bc000b-3500-4eba-98cf-5547c0bc1eda;422.69;0.01;BUY
2016-03-29T00:38:34.193000;2016-03-29T00:38:34.247000;edffc8a6-1a68-4e5a-b0e9-0238329bfc5a;422.7;0.5;BUY
2016-03-29T00:38:34.193000;2016-03-29T00:38:34.260000;fd6fea1f-fdd4-4c65-b265-1e2bac98ae2f;422.74;0.2;BUY
2016-03-29T00:38:34.193000;2016-03-29T00:38:34.340000;8fae66d3-da27-42c5-8499-fe0fded87df0;422.75;0.01;BUY
2016-03-29T00:38:34.193000;2016-03-29T00:38:34.340000;d51646ba-d6a8-4623-bb6a-ad6019e11508;422.77;0.01;BUY
2016-03-29T00:38:34.193000;2016-03-29T00:38:34.340000;b4000d4f-9c3a-48f7-9453-ac3d24636be2;422.78;0.01;BUY
2016-03-29T00:38:34.193000;2016-03-29T00:38:34.340000;a226025a-2503-4a05-9c62-17dfa3fd9a8d;422.79;0.01;BUY
2016-03-29T00:38:34.193000;2016-03-29T00:38:34.340000;0c6f65fd-2638-43bf-a5e0-f863ab9cc6b1;422.79;0.01;BUY
2016-03-29T00:38:34.193000;2016-03-29T00:38:34.340000;954a6cee-93cc-4b6c-ac1d-ab0f6377ce66;422.79;0.189;BUY
2016-03-29T00:38:34.193000;2016-03-29T00:38:34.340000;31283de9-fe95-494d-9d9f-a3e6f6ab28eb;422.8;0.5;BUY
2016-03-29T00:38:34.193000;2016-03-29T00:38:34.340000;7ef197b9-800f-41e0-9285-53df01756bee;422.8;0.5;BUY
2016-03-29T00:38:34.193000;2016-03-29T00:38:34.340000;4dc1f2ef-33c6-4b62-b2d8-0c69f1740c5a;422.8;0.5;BUY
2016-03-29T00:38:34.193000;2016-03-29T00:38:34.340000;bb8b89b1-799f-4de8-bcf6-eb063bf5393f;422.8;0.35;BUY
2016-03-29T00:38:34.197000;2016-03-29T00:38:34.340000;e2b06577-a629-41bd-a5af-1c5e5ca705ff;422.86;0.37862;BUY
2016-03-29T00:39:00.823000;2016-03-29T00:39:00.870000;7eaa0648-3273-4329-8d32-81379018b314;422.87;0.0276;SELL
2016-03-29T00:39:00.823000;2016-03-29T00:39:00.887000;64533f3f-aac5-4269-bf54-98f3f9ead2f5;422.86;0.0276;SELL
2016-03-29T00:39:00.823000;2016-03-29T00:39:00.887000;2ab1b707-eaa4-4fd6-9072-e93221698291;422.85;0.01;SELL
2016-03-29T00:39:00.827000;2016-03-29T00:39:00.887000;1c70c205-a01d-497c-85fa-6d9633ad417e;422.84;0.0313;SELL
2016-03-29T00:39:00.827000;2016-03-29T00:39:00.900000;f032413b-e002-4175-96a2-8900e1960168;422.84;0.127;SELL
2016-03-29T00:39:00.827000;2016-03-29T00:39:00.900000;e3050632-f04e-4a99-b961-85552ee00a70;422.82;0.01;SELL
2016-03-29T00:39:00.827000;2016-03-29T00:39:00.900000;f3f34904-d2d2-4c5f-b61f-fbce51468d96;422.81;0.0249;SELL
2016-03-29T00:39:00.827000;2016-03-29T00:39:00.900000;e5024f7f-0847-4f25-98e2-5cc1157c56be;422.8;0.35;SELL
2016-03-29T00:39:00.827000;2016-03-29T00:39:00.900000;01b21f30-3601-43e2-bb61-a180b2711013;422.79;0.0232;SELL
2016-03-29T00:39:00.827000;2016-03-29T00:39:00.947000;7be8d720-b230-4e21-8b6b-fd3fc369d374;422.79;0.117;SELL
2016-03-29T00:39:00.827000;2016-03-29T00:39:00.963000;c7303a6c-8b78-46ed-9fe1-285c5f9b1c9e;422.76;0.0183;SELL
2016-03-29T00:39:00.827000;2016-03-29T00:39:00.963000;6a882e3e-3029-4fc1-9953-c06cc880d581;422.75;0.01;SELL
2016-03-29T00:39:00.827000;2016-03-29T00:39:00.963000;79db56eb-43ce-40b2-8a61-73a7f38bda41;422.74;0.5;SELL
2016-03-29T00:39:00.827000;2016-03-29T00:39:00.963000;f12c6b3f-4766-4aee-a35d-449876e2fbc7;422.7;0.075;SELL
2016-03-29T00:39:00.827000;2016-03-29T00:39:00.963000;59761d27-6036-41e5-a231-edd1bf4e6b82;422.67;0.2;SELL
2016-03-29T00:39:00.827000;2016-03-29T00:39:00.963000;2eb1b010-3f43-488b-9dcc-33696a4cf691;422.66;0.01;SELL
2016-03-29T00:39:00.827000;2016-03-29T00:39:00.963000;d08d9198-65a3-43ff-bccb-bd122a608368;422.66;0.4;SELL
2016-03-29T00:39:00.827000;2016-03-29T00:39:00.963000;617a8691-79c7-4809-b9c8-84be464f8e48;422.65;0.0101;SELL
2016-03-29T00:39:00.827000;2016-03-29T00:39:00.963000;ffefd435-0116-4860-a36a-fb1c3c7123a2;422.65;0.012;SELL
2016-03-29T00:39:00.827000;2016-03-29T00:39:00.963000;f35f29a0-c69b-4060-a741-86b30f9031f5;422.65;0.116;SELL
2016-03-29T00:39:00.827000;2016-03-29T00:39:00.963000;278558a3-959b-48e7-8af3-9b91915ea995;422.57;4.4;SELL
2016-03-29T00:39:00.827000;2016-03-29T00:39:00.963000;a7caa52d-6ce4-4580-a8b0-86398d4f13c3;422.56;0.5;SELL
2016-03-29T00:39:00.827000;2016-03-29T00:39:00.963000;a5994e61-fd04-45d7-abb4-03b3689b48e0;422.56;0.5;SELL
2016-03-29T00:39:00.827000;2016-03-29T00:39:00.963000;15f63a50-53ee-4cea-8a11-ca1e43212d49;422.56;0.5;SELL
2016-03-29T00:39:00.830000;2016-03-29T00:39:00.997000;f6d32a4b-52f9-4b6e-a39d-da0205f5217f;422.56;0.121;SELL
2016-03-29T00:39:00.830000;2016-03-29T00:39:00.997000;58940e16-33e7-4c5a-bf92-f755baa402bc;422.55;0.076;SELL
2016-03-29T00:39:00.830000;2016-03-29T00:39:00.997000;5fb57c32-0651-4d70-9d6c-905dc22532eb;422.54;0.4;SELL
2016-03-29T00:39:00.830000;2016-03-29T00:39:00.997000;338bc053-f622-431b-a149-1c4c30b1b3cc;422.53;0.403;SELL
2016-03-29T00:39:30.860000;2016-03-29T00:39:30.900000;24c40989-8c46-4906-b8ff-9706373c6db7;422.88;0.0301;SELL
2016-03-29T00:39:30.860000;2016-03-29T00:39:30.917000;2d18c4f2-a30d-4d68-8f4c-626e5f80923b;422.88;0.0308;SELL
2016-03-29T00:39:30.860000;2016-03-29T00:39:30.917000;5ae3fc67-79b5-49e1-8d17-6855ba7ba252;422.88;0.0268;SELL
2016-03-29T00:39:30.860000;2016-03-29T00:39:30.917000;640efb61-bc6e-4adc-a10a-f1f7368e7c9a;422.88;0.026;SELL
2016-03-29T00:39:30.860000;2016-03-29T00:39:30.933000;83220ffd-5fd7-47c8-8b00-b023d2a4067f;422.88;0.0253;SELL
2016-03-29T00:39:30.860000;2016-03-29T00:39:30.933000;6ccdba32-ad89-476c-aa5c-3709b803e5f3;422.88;0.0276;SELL
2016-03-29T00:39:30.860000;2016-03-29T00:39:30.933000;2beab055-8f91-4f0b-a06b-e0cf4c4b3653;422.88;0.0282;SELL
2016-03-29T00:39:30.860000;2016-03-29T00:39:30.933000;dd46cd0b-565b-4af9-b935-c3137f272cab;422.88;0.0293;SELL
2016-03-29T00:39:30.860000;2016-03-29T00:39:30.933000;92f6a3a7-69d1-4b1d-ba13-97e3d4bff367;422.88;0.0317;SELL
2016-03-29T00:39:30.860000;2016-03-29T00:39:30.933000;28fca2e3-27de-4583-949b-9d74db6d577f;422.88;0.0438;SELL
2016-03-29T00:39:30.860000;2016-03-29T00:39:30.933000;65c0bf0e-41e0-45e3-bd9f-fb30b206c2d9;422.87;0.01;SELL
2016-03-29T00:39:30.860000;2016-03-29T00:39:30.947000;2c4e4688-c99b-447c-9a43-83169f6a7f63;422.85;0.124;SELL
2016-03-29T00:39:30.860000;2016-03-29T00:39:30.980000;82975d91-35bc-42bd-9d91-867a8859fb3e;422.84;0.08;SELL
2016-03-29T00:39:30.860000;2016-03-29T00:39:31.010000;e1b1e28f-40c4-47ed-8424-f4366e8fa063;422.79;0.00538;SELL
2016-03-29T00:40:02.080000;2016-03-29T00:40:02.120000;22af0ca4-e3cc-4b85-9891-055270d56027;422.88;0.0244;SELL
2016-03-29T00:40:02.080000;2016-03-29T00:40:02.137000;ef5917c7-7b23-4ab1-876d-91c33cf662fd;422.88;0.0245;SELL
2016-03-29T00:40:02.080000;2016-03-29T00:40:02.137000;8e0dc107-f67e-4551-a2a5-84277a1d9a60;422.88;0.0249;SELL
2016-03-29T00:40:02.080000;2016-03-29T00:40:02.137000;f655660d-5f74-49ce-9400-4300c312b6fa;422.88;0.0253;SELL
2016-03-29T00:40:02.080000;2016-03-29T00:40:02.137000;5f69f254-1406-407d-abee-7630a8be67cb;422.88;0.027;SELL
2016-03-29T00:40:02.080000;2016-03-29T00:40:02.150000;21403126-a8ef-404b-88ed-59b2eeb103df;422.88;0.0249;SELL
2016-03-29T00:40:02.080000;2016-03-29T00:40:02.150000;68f188be-d173-4e7b-accf-260caf648da9;422.88;0.0256;SELL
2016-03-29T00:40:02.080000;2016-03-29T00:40:02.150000;8787e5d7-90f8-4b73-ba41-30f81a075b32;422.88;0.0263;SELL
2016-03-29T00:40:02.080000;2016-03-29T00:40:02.150000;1d6ed997-d1d5-43eb-a675-6aed9c5f5755;422.88;0.0287;SELL
2016-03-29T00:40:02.080000;2016-03-29T00:40:02.150000;c535b650-c04f-4372-aeb5-17f234397674;422.88;0.0328;SELL
2016-03-29T00:40:02.080000;2016-03-29T00:40:02.167000;547bb647-5224-466d-a761-1ed2dec1b21f;422.88;0.032;SELL
2016-03-29T00:40:02.080000;2016-03-29T00:40:02.167000;b202a694-c497-4cbc-83e2-6dd1ae2f27f8;422.84;0.091;SELL
2016-03-29T00:40:02.080000;2016-03-29T00:40:02.167000;6dfa02a7-da9e-4578-b39c-ccfef2c6fbe3;422.75;0.0125;SELL
2016-03-29T00:40:02.080000;2016-03-29T00:40:02.167000;7082c94d-1b3b-4015-bcf4-9965d984609f;422.74;0.098;SELL
2016-03-29T00:40:02.080000;2016-03-29T00:40:02.167000;06fb9e9b-e5a0-4614-869e-8a4b811ccecf;422.69;0.11;SELL
2016-03-29T00:40:02.080000;2016-03-29T00:40:02.183000;eadfd6b6-663c-4c66-aa40-4c4055719327;422.68;0.01;SELL
2016-03-29T00:40:02.080000;2016-03-29T00:40:02.183000;2177cf49-513a-4ec8-8b86-0c4c05acda53;422.67;0.5;SELL
2016-03-29T00:40:02.083000;2016-03-29T00:40:02.183000;eeb7e4be-7dde-4467-b93b-f18fc2677408;422.67;0.35;SELL
2016-03-29T00:40:02.083000;2016-03-29T00:40:02.183000;4df02b42-dbaa-4686-b58b-e6907fad0c55;422.64;0.111;SELL
2016-03-29T00:40:02.083000;2016-03-29T00:40:02.183000;12e01f76-4f12-4bef-b6e5-c643d108f20b;422.6;0.58104;SELL
2016-03-29T00:41:00.960000;2016-03-29T00:41:01.010000;fc527911-1f40-44ca-82e8-4c61fc5dfcf4;422.89;0.01;BUY
2016-03-29T00:41:00.960000;2016-03-29T00:41:01.010000;33be025d-9bf4-4146-8a9f-7022cec4a832;422.89;0.239;BUY
2016-03-29T00:41:00.960000;2016-03-29T00:41:01.010000;06395c64-7ddb-400c-b419-69ed85a02ab4;422.89;0.2;BUY
2016-03-29T00:41:00.960000;2016-03-29T00:41:01.010000;db13ad66-41e7-4bf3-97ae-9edcfd10bb88;422.9;0.01;BUY
2016-03-29T00:41:00.960000;2016-03-29T00:41:01.010000;fedd7edc-08b5-490c-8aa3-8070e227d79a;422.9;0.01;BUY
2016-03-29T00:41:00.960000;2016-03-29T00:41:01.027000;538674d1-d37d-4123-a53f-a4619398313c;422.9;0.6;BUY
2016-03-29T00:41:00.960000;2016-03-29T00:41:01.027000;cb70aa2b-6c2f-471e-84ee-08f2103717e8;422.91;0.10154;BUY
2016-03-29T00:41:31.057000;2016-03-29T00:41:31.090000;af7b14f0-b9d5-456d-bb83-5e7baec39da3;422.91;0.39846;BUY
2016-03-29T00:41:31.057000;2016-03-29T00:41:31.103000;502408bd-c81d-4940-9bf3-ff4e38568a80;422.91;0.01;BUY
2016-03-29T00:41:31.057000;2016-03-29T00:41:31.103000;3b98c508-f39e-4d90-ab2d-14edf3059dd2;422.91;0.076;BUY
2016-03-29T00:41:31.057000;2016-03-29T00:41:31.103000;d99e5209-15fa-4626-b3d3-57d812c46133;422.92;0.01;BUY
2016-03-29T00:41:31.057000;2016-03-29T00:41:31.120000;669928f1-4167-44f2-96c7-f4831fe40026;422.94;0.01;BUY
2016-03-29T00:41:31.060000;2016-03-29T00:41:31.120000;c2eb2d90-4897-45ce-9719-61a151e8f34e;422.95;0.01;BUY
2016-03-29T00:41:31.060000;2016-03-29T00:41:31.120000;dd5ef740-d1e5-4960-b250-9f4190680f5d;422.96;0.077;BUY
2016-03-29T00:41:31.060000;2016-03-29T00:41:31.120000;b58b359f-cb5d-4600-84bf-8c8f9d1d5c10;422.98;0.5;BUY
2016-03-29T00:41:31.060000;2016-03-29T00:41:31.120000;76613eb9-b61b-414d-9fd9-31f8c0c37a13;422.98;0.02;BUY
2016-03-29T00:41:31.060000;2016-03-29T00:41:31.137000;275e1a94-27e3-466e-ad88-ffa10b9fbe68;423.0;0.01;BUY
2016-03-29T00:41:31.060000;2016-03-29T00:41:31.137000;f798c216-5680-43c1-a238-b09ec39d8b79;423.0;0.07177;BUY
2016-03-29T00:42:01.060000;2016-03-29T00:42:01.090000;575ac433-e577-485a-9a30-a78268772653;422.98;0.02;BUY
2016-03-29T00:42:01.060000;2016-03-29T00:42:01.103000;26b7bf95-2aa6-485e-8172-989c77133b10;422.99;0.01;BUY
2016-03-29T00:42:01.060000;2016-03-29T00:42:01.103000;f23e5490-c9fa-4039-8e49-a51c955d957e;422.99;0.091;BUY
2016-03-29T00:42:01.060000;2016-03-29T00:42:01.103000;11e9ff4c-4cec-43e3-ae07-d748ba00f6f1;423.0;0.02823;BUY
2016-03-29T00:42:01.060000;2016-03-29T00:42:01.103000;83ffdaaa-35fa-468c-8cb9-5b272cfc796a;423.0;0.01;BUY
2016-03-29T00:42:01.060000;2016-03-29T00:42:01.103000;b175f7c1-18c8-4bd2-ac3b-bd9d58946dbd;423.03;0.01;BUY
2016-03-29T00:42:01.060000;2016-03-29T00:42:01.120000;fcfb2249-1254-4f42-b5a5-f5e491a4003f;423.03;0.15845;BUY
2016-03-29T00:42:31.207000;2016-03-29T00:42:31.247000;009c0c2c-415c-48d6-a07c-5c6aa89ab821;422.91;0.10572;SELL
2016-03-29T00:43:07.760000;2016-03-29T00:43:07.807000;cef79cb8-ddb2-4a39-af53-46a298435bbb;422.98;0.02;BUY
2016-03-29T00:43:07.760000;2016-03-29T00:43:07.807000;90152278-deda-4674-9d27-2259b56f77fd;422.99;0.01;BUY
2016-03-29T00:43:07.760000;2016-03-29T00:43:07.807000;e82a703a-d55c-4e54-847a-6b451ca5ba76;423.0;0.108;BUY
2016-03-29T00:43:07.760000;2016-03-29T00:43:07.807000;db564740-394b-4b47-86dc-9729771ca812;423.03;0.34155;BUY
2016-03-29T00:43:07.763000;2016-03-29T00:43:07.823000;53573258-e2c8-4aa6-b645-9bf5f9b9ade1;423.03;0.5;BUY
2016-03-29T00:43:07.763000;2016-03-29T00:43:07.823000;aa2c8249-5bba-4d4b-8f2c-f3c8472df487;423.04;0.5;BUY
2016-03-29T00:43:07.763000;2016-03-29T00:43:07.870000;d446607c-2309-4fdb-a8eb-340e62f3b1c1;423.04;0.35;BUY
2016-03-29T00:43:07.763000;2016-03-29T00:43:07.870000;4f06a622-0c9c-40ec-bd54-6628029826ad;423.05;0.105;BUY
2016-03-29T00:43:07.763000;2016-03-29T00:43:07.870000;d6957781-77e3-492c-95a8-95ba73a59ece;423.06;0.32966938;BUY
2016-03-29T00:43:07.763000;2016-03-29T00:43:07.870000;6be0e810-db43-46fe-a2fe-feb2901a9ce5;423.06;0.5;BUY
2016-03-29T00:43:07.763000;2016-03-29T00:43:07.870000;ec51dfc4-caee-4f8e-a006-d153613a60be;423.06;0.5;BUY
2016-03-29T00:43:07.763000;2016-03-29T00:43:07.870000;1e3f5c43-f5c3-4618-a689-4d878c7b9d0b;423.07;0.0185;BUY
2016-03-29T00:43:07.763000;2016-03-29T00:43:07.870000;03177c2b-0fb6-4443-9023-bdd4d3f7f512;423.07;0.01;BUY
2016-03-29T00:43:07.763000;2016-03-29T00:43:07.870000;8547ffe8-c982-4983-a304-22cc4d703d10;423.07;0.5;BUY
2016-03-29T00:43:07.763000;2016-03-29T00:43:07.870000;9d09a393-4b99-402b-8b8b-95ed7351414f;423.07;0.5;BUY
2016-03-29T00:43:07.763000;2016-03-29T00:43:07.870000;6d5d5c28-98e0-4bf2-8f1f-e4970a6d403a;423.07;0.5;BUY
2016-03-29T00:43:07.763000;2016-03-29T00:43:07.887000;acb4b1b8-d0c1-4c56-ae71-c57ef9529f0f;423.07;0.47331062;BUY
2016-03-29T00:43:30.977000;2016-03-29T00:43:31.010000;ea113b59-7f71-4712-bd93-5af17c23bf5a;423.07;0.02668938;BUY
2016-03-29T00:43:30.980000;2016-03-29T00:43:31.027000;784cd70d-3a16-4a87-ac95-39f13c63493a;423.07;0.283;BUY
2016-03-29T00:43:30.980000;2016-03-29T00:43:31.027000;55704e2a-d3ae-4fad-be01-e5301a4ced7d;423.08;0.01;BUY
2016-03-29T00:43:30.980000;2016-03-29T00:43:31.027000;38037a89-e291-49d8-8f33-b3ac6493fe2a;423.08;0.5;BUY
2016-03-29T00:43:30.980000;2016-03-29T00:43:31.027000;06c34666-1479-48a9-806d-9d32987df59b;423.08;0.45742062;BUY
2016-03-29T00:44:01.000000;2016-03-29T00:44:01.043000;fef03d61-dae5-4c52-a967-82ce173dc326;423.08;0.04257938;BUY
2016-03-29T00:44:01.000000;2016-03-29T00:44:01.043000;1f226a82-d1fc-44d2-a155-114b30fcce3b;423.08;0.116;BUY
2016-03-29T00:44:01.000000;2016-03-29T00:44:01.043000;06a8a575-02f5-4cb4-ae7a-b91a6a0febb8;423.09;0.0185;BUY
2016-03-29T00:44:01.000000;2016-03-29T00:44:01.057000;8a58c8dc-9ba8-4ab3-8af9-24da4a425ca7;423.09;0.01301177;BUY
2016-03-29T00:44:01.000000;2016-03-29T00:44:01.103000;235b1d28-47a2-4783-8c3d-e0deed955c4e;423.09;0.01;BUY
2016-03-29T00:44:01.000000;2016-03-29T00:44:01.103000;6336633e-1105-4676-a85c-57e720824b19;423.09;0.01;BUY
2016-03-29T00:44:01.000000;2016-03-29T00:44:01.103000;43f39c66-78f4-4900-b164-13cc0a888359;423.1;0.02002464;BUY
2016-03-29T00:44:01.000000;2016-03-29T00:44:01.103000;af3c0389-79df-4f3f-8952-9b988543f1fe;423.1;0.23802421;BUY
2016-03-29T00:44:34.050000;2016-03-29T00:44:34.090000;992e133c-5efb-40d8-a9e6-a4f82daa768f;423.01;0.01;SELL
2016-03-29T00:44:34.050000;2016-03-29T00:44:34.090000;91b691be-4831-47dd-9553-3fa991325dda;423.0;0.0125;SELL
2016-03-29T00:44:34.053000;2016-03-29T00:44:34.090000;38c6c1b3-d102-4e51-84de-f7dce7dd14a5;422.99;0.01;SELL
2016-03-29T00:44:34.053000;2016-03-29T00:44:34.103000;a44f5a1e-932a-494c-a27f-8f8be56c9810;422.98;0.5;SELL
2016-03-29T00:44:34.053000;2016-03-29T00:44:34.103000;98671b8c-07df-4fa2-b7b3-958091c1ada2;422.96;0.5;SELL
2016-03-29T00:44:34.053000;2016-03-29T00:44:34.103000;0649fb56-36a6-4e91-8b63-f51b9c3059ae;422.95;0.5;SELL
2016-03-29T00:44:34.053000;2016-03-29T00:44:34.103000;b9bb8341-389a-491f-b854-80e88bcef75b;422.91;0.39428;SELL
2016-03-29T00:44:34.053000;2016-03-29T00:44:34.103000;87555c06-0ec5-48f1-a5e4-9b7fd825b5fa;422.89;0.01;SELL
2016-03-29T00:44:34.053000;2016-03-29T00:44:34.120000;957c0187-d6f3-47cf-9df5-74c354ba92bd;422.89;0.01;SELL
2016-03-29T00:44:34.053000;2016-03-29T00:44:34.120000;cfc4c4bc-3721-4f29-b229-e8641f2ef0a6;422.88;0.5;SELL
2016-03-29T00:44:34.053000;2016-03-29T00:44:34.120000;77d20edb-b555-4098-b100-8c6fe2448b10;422.88;0.093;SELL
2016-03-29T00:44:34.053000;2016-03-29T00:44:34.120000;538afa04-d42d-493c-ac21-ee1e8424d0df;422.87;0.35;SELL
2016-03-29T00:44:34.053000;2016-03-29T00:44:34.120000;02715e51-fff9-432f-a7f3-661aa5252630;422.83;0.121;SELL
2016-03-29T00:44:34.053000;2016-03-29T00:44:34.120000;fe9cd50c-22c1-4d89-8a1b-463c7aca54f7;422.81;0.02;SELL
2016-03-29T00:44:34.053000;2016-03-29T00:44:34.150000;f90b8826-6ca7-438f-971f-b136ea1c2518;422.79;0.5;SELL
2016-03-29T00:44:34.053000;2016-03-29T00:44:34.150000;a2c6d9db-5738-4906-8fcf-e0e10c7ec0cb;422.79;0.5;SELL
2016-03-29T00:44:34.053000;2016-03-29T00:44:34.150000;8ec1f720-537d-4a67-b771-c813aad51199;422.79;0.01;SELL
2016-03-29T00:44:34.053000;2016-03-29T00:44:34.150000;8dacff36-a6fe-4258-8b41-e0fcd026ba5d;422.76;0.097;SELL
2016-03-29T00:44:34.053000;2016-03-29T00:44:34.150000;6c8feeed-6a97-4679-a022-b94bcdd43a3e;422.75;0.0125;SELL
2016-03-29T00:44:34.053000;2016-03-29T00:44:34.150000;a75cb760-845d-4570-88f0-21deac580e2c;422.71;0.01;SELL
2016-03-29T00:44:34.053000;2016-03-29T00:44:34.150000;b06e689d-2537-4a2f-a7f0-f5fd0167f398;422.71;0.102;SELL
2016-03-29T00:44:34.053000;2016-03-29T00:44:34.167000;28050c81-66d0-4b52-9753-1c6cd51d6bf8;422.7;0.2;SELL
2016-03-29T00:44:34.053000;2016-03-29T00:44:34.167000;ece4c534-a1fe-4e7e-948d-6eba539afe52;422.69;0.01;SELL
2016-03-29T00:44:34.057000;2016-03-29T00:44:34.167000;25243205-66bb-49ab-a18b-5acf6b235db4;422.67;1.4;SELL
2016-03-29T00:44:34.057000;2016-03-29T00:44:34.167000;56750ee2-2efe-44d2-9780-8d21c0c4601e;422.66;0.122;SELL
2016-03-29T00:44:34.057000;2016-03-29T00:44:34.167000;1e651b9e-1376-4184-951a-94754675d7c7;422.62;3.6;SELL
2016-03-29T00:44:34.057000;2016-03-29T00:44:34.183000;342c40dd-e96a-49c0-8f02-9117f47160cb;422.61;0.083;SELL
2016-03-29T00:44:34.057000;2016-03-29T00:44:34.183000;fc14efb2-8541-4f99-b011-9aa4cb181bd3;422.61;1.2;SELL
2016-03-29T00:44:34.057000;2016-03-29T00:44:34.183000;dbba1e5f-4dcd-49e1-8c86-d74dfdb925bc;422.6;0.8;SELL
2016-03-29T00:44:34.057000;2016-03-29T00:44:34.183000;c5087cca-4549-40e6-8e96-16b15064e841;422.59;0.01;SELL
2016-03-29T00:44:34.057000;2016-03-29T00:44:34.183000;aa211582-5a5e-487e-b370-c4f229ec7341;422.57;2.2;SELL
2016-03-29T00:44:34.057000;2016-03-29T00:44:34.183000;72e0e42f-272c-40b4-b2ad-3a6eb401a78f;422.56;0.086;SELL
2016-03-29T00:44:34.057000;2016-03-29T00:44:34.183000;daccd52e-27e2-440d-bb1f-960059a27e86;422.55;2.43;SELL
2016-03-29T00:44:34.057000;2016-03-29T00:44:34.200000;bee52f36-20c2-4f03-a3a9-1276cdba8cdd;422.54;0.091;SELL
2016-03-29T00:44:34.057000;2016-03-29T00:44:34.200000;fc629d92-d979-418a-b643-070f8cdb542a;422.54;3.6;SELL
2016-03-29T00:44:34.057000;2016-03-29T00:44:34.200000;db290e39-bfca-4c03-af49-7530325d38cd;422.53;0.097;SELL
2016-03-29T00:44:34.057000;2016-03-29T00:44:34.200000;40aaade5-5455-4fe8-9e0e-6b6ee0a3ddaa;422.52;3.40931;SELL
2016-03-29T00:45:01.347000;2016-03-29T00:45:01.427000;a346c377-45f5-4b87-af48-b8679758d4ff;422.9;0.125;BUY
2016-03-29T00:45:01.347000;2016-03-29T00:45:01.427000;88cfa49f-cadc-483d-b03b-9b8503ff0ed5;422.9;0.01;BUY
2016-03-29T00:45:01.347000;2016-03-29T00:45:01.427000;5b0dc11a-4978-4880-8f6b-1dfb879dc48b;422.98;1.2;BUY
2016-03-29T00:45:01.347000;2016-03-29T00:45:01.427000;ea23539c-7cfe-4082-a247-60a5c2ccd0c7;422.99;0.401;BUY
2016-03-29T00:45:01.347000;2016-03-29T00:45:01.440000;fa46e8e1-924f-465d-97ef-028619e562a3;423.0;0.01;BUY
2016-03-29T00:45:01.347000;2016-03-29T00:45:01.440000;e4892791-9961-43dd-ba9b-b87c1e512598;423.0;1.2;BUY
2016-03-29T00:45:01.347000;2016-03-29T00:45:01.440000;3e13006f-127f-42e0-a2c5-4c25c08760dc;423.0;0.09652;BUY
2016-03-29T00:45:31.090000;2016-03-29T00:45:31.160000;2ce0337b-a3a3-4e0a-8e2b-cd6e54423010;423.0;0.01;BUY
2016-03-29T00:45:31.090000;2016-03-29T00:45:31.160000;a45c22ba-8275-4537-8331-66b3209a23ff;423.0;0.099;BUY
2016-03-29T00:45:31.090000;2016-03-29T00:45:31.160000;e01d966c-acad-40c9-9875-2cb70bea7d8f;423.01;0.01;BUY
2016-03-29T00:45:31.090000;2016-03-29T00:45:31.177000;ce68159e-7369-4c09-aea9-1fa0e4eb2103;423.05;0.115;BUY
2016-03-29T00:45:31.090000;2016-03-29T00:45:31.177000;c5f486d4-6be5-4317-bbe6-9842707b2344;423.07;2.2;BUY
2016-03-29T00:45:31.093000;2016-03-29T00:45:31.177000;5d6dbe6a-c773-4b9d-8438-51b17b7f2144;423.08;0.01;BUY
2016-03-29T00:45:31.093000;2016-03-29T00:45:31.177000;97842542-ca3c-4cbb-bc95-87df9c3e44b2;423.08;0.26156;BUY
2016-03-29T00:46:02.643000;2016-03-29T00:46:02.707000;66d759ab-f557-48a6-9679-b478fbd87a63;422.97;0.01;SELL
2016-03-29T00:46:02.643000;2016-03-29T00:46:02.707000;50c45638-5802-4ac7-9f90-f2f6f7e0079a;422.96;0.07187;SELL
2016-03-29T00:46:28.337000;2016-03-29T00:46:28.393000;280ddff3-2b93-47d0-af52-1f6f42f9a808;423.05;0.01;SELL
2016-03-29T00:46:28.337000;2016-03-29T00:46:28.427000;09b843f4-20b4-407e-a139-1b78229724fb;423.05;0.09;SELL
2016-03-29T00:47:00.967000;2016-03-29T00:47:01.020000;973a127f-5e6d-4efc-bc30-da7ced7d3bcb;423.09;0.31;BUY
2016-03-29T00:47:00.967000;2016-03-29T00:47:01.033000;ac8daf90-8cf9-4369-860e-10d850713419;423.1;0.26197579;BUY
2016-03-29T00:47:00.967000;2016-03-29T00:47:01.033000;b15a1311-38e9-47d7-b384-67814092cdde;423.1;0.5;BUY
2016-03-29T00:47:00.967000;2016-03-29T00:47:01.033000;602bb215-6db2-4f77-b8aa-00d10b7a30e3;423.1;0.5;BUY
2016-03-29T00:47:00.967000;2016-03-29T00:47:01.033000;8c666a7c-4133-4195-8a54-fb00ea9eb3bb;423.1;0.01;BUY
2016-03-29T00:47:00.967000;2016-03-29T00:47:01.050000;e6368659-4fc4-4503-9ae2-602abac7e1c2;423.1;0.01;BUY
2016-03-29T00:47:00.967000;2016-03-29T00:47:01.050000;ce90e9da-8176-44ef-bc9c-0e8ffde03e61;423.11;0.0185;BUY
2016-03-29T00:47:00.967000;2016-03-29T00:47:01.050000;c2967285-cbc5-4afe-b7d7-1c910d7e25c1;423.11;0.24443421;BUY
2016-03-29T00:47:30.857000;2016-03-29T00:47:30.910000;a587f94a-1e18-4897-9f07-f988c6273c57;423.11;0.25556579;BUY
2016-03-29T00:47:30.857000;2016-03-29T00:47:30.940000;f683c02b-fc4d-4b5d-8801-50e032a5697d;423.11;0.00454421;BUY
2016-03-29T00:48:01.173000;2016-03-29T00:48:01.223000;3b1240bd-688c-425b-bfe2-4f4421c29dd2;423.11;0.49545579;BUY
2016-03-29T00:48:01.173000;2016-03-29T00:48:01.237000;ae032c2a-3e30-4cd7-8c92-f258fb827361;423.11;0.14804421;BUY
2016-03-29T00:48:30.947000;2016-03-29T00:48:31.003000;294658a3-3ded-4e99-aaf0-feb7952b0fd0;423.07;0.01;SELL
2016-03-29T00:48:30.947000;2016-03-29T00:48:31.020000;14911192-fc50-44cb-9d33-85da8c1fb52c;423.06;0.39958;SELL
2016-03-29T00:48:33.953000;2016-03-29T00:48:34.020000;4f528f7d-a3cf-4bd6-b007-22e34197213b;423.11;0.024;BUY
2016-03-29T00:49:00.890000;2016-03-29T00:49:00.940000;b9a4f546-cfc8-4795-97e9-4a356119855d;423.11;0.32795579;BUY
2016-03-29T00:49:00.890000;2016-03-29T00:49:00.940000;77105fc5-07b6-4b8e-a01f-791d89dc58fb;423.11;0.5;BUY
2016-03-29T00:49:00.890000;2016-03-29T00:49:00.957000;c31c595a-737e-46e2-a7fd-00b68494cce4;423.11;0.01;BUY
2016-03-29T00:49:00.890000;2016-03-29T00:49:00.957000;ea2760ab-76f8-460b-b9b4-67896a3e4dd0;423.12;0.25774421;BUY
2016-03-29T00:49:23.093000;2016-03-29T00:49:23.143000;0170fe3b-096d-455d-8809-e1285713f63c;423.07;0.01;SELL
2016-03-29T00:49:23.093000;2016-03-29T00:49:23.160000;4f5e016e-eefc-401f-a15f-2c603ebd6e7f;423.06;0.44342;SELL
2016-03-29T00:49:23.097000;2016-03-29T00:49:23.160000;e4a314be-87ad-42ad-848e-c617e95d4003;423.06;0.01;SELL
2016-03-29T00:49:23.097000;2016-03-29T00:49:23.160000;c02e7125-62b1-46c0-be7d-a01ff43360b8;423.06;0.03668;SELL
2016-03-29T00:49:30.987000;2016-03-29T00:49:31.033000;a27dee4f-96e0-496a-b424-efad8eb84b41;423.12;0.24225579;BUY
2016-03-29T00:49:30.987000;2016-03-29T00:49:31.067000;e06ca2a0-680c-4cd2-aa2a-8adaa26be856;423.12;0.5;BUY
2016-03-29T00:49:30.987000;2016-03-29T00:49:31.067000;db0ee06e-a2d8-43d4-8422-46b049d1bcc1;423.12;0.5;BUY
2016-03-29T00:49:30.990000;2016-03-29T00:49:31.067000;66909b2d-0439-434c-88a0-734405ba0094;423.12;0.12674421;BUY
2016-03-29T00:50:01.800000;2016-03-29T00:50:01.847000;294a5a18-72a3-4e39-a524-b667f3a28353;423.07;0.02835;SELL
2016-03-29T00:50:30.843000;2016-03-29T00:50:30.893000;781e623a-3789-4e13-8c8e-e66204184442;423.11;0.0165;SELL
2016-03-29T00:50:30.843000;2016-03-29T00:50:30.910000;5a6f9ed4-9a99-46c9-8de4-52ea7bd8426b;423.1;0.0274;SELL
2016-03-29T00:50:30.843000;2016-03-29T00:50:30.910000;af866987-5b93-4ff5-ab52-c7be8a5e8ffc;423.1;0.0192;SELL
2016-03-29T00:50:30.843000;2016-03-29T00:50:30.910000;79ce22a7-e6ed-4124-ae24-7ca0b882cece;423.1;0.01923429;SELL
2016-03-29T00:50:30.997000;2016-03-29T00:50:31.050000;ccbfb6ae-7399-43a0-a123-2e9dd0dd2901;423.12;0.37325579;BUY
2016-03-29T00:50:30.997000;2016-03-29T00:50:31.067000;eb5d3eaf-a764-4d45-a824-131d63d3d4af;423.12;0.5;BUY
2016-03-29T00:50:30.997000;2016-03-29T00:50:31.067000;3a4f67fb-815b-4be5-8eae-93dc581a721a;423.12;0.01;BUY
2016-03-29T00:50:30.997000;2016-03-29T00:50:31.067000;d55d38a3-f6bf-403e-8f9b-dbb977698919;423.12;0.5;BUY
2016-03-29T00:50:30.997000;2016-03-29T00:50:31.067000;32b24c9e-5962-4cc4-8042-08583a4019d0;423.12;0.01;BUY
2016-03-29T00:50:30.997000;2016-03-29T00:50:31.080000;e8982b97-ef58-4fff-8b49-3485f10ef7ad;423.13;0.0185;BUY
2016-03-29T00:50:30.997000;2016-03-29T00:50:31.080000;ad199551-74a7-4c1d-ac7e-33ad9c067e70;423.13;0.00334421;BUY
2016-03-29T00:51:00.873000;2016-03-29T00:51:00.927000;32911704-9f37-4a78-b711-5c5b96c30f26;423.13;0.49665579;BUY
2016-03-29T00:51:00.873000;2016-03-29T00:51:00.940000;bf1d80f1-6e75-4319-9041-fa7ffc6eb770;423.13;0.01;BUY
2016-03-29T00:51:00.873000;2016-03-29T00:51:00.940000;a2ddd7f5-497a-4363-98f8-5a72bcf85abf;423.14;1.0;BUY
2016-03-29T00:51:00.873000;2016-03-29T00:51:00.940000;14b71087-065d-42a3-b2c8-dd56cdefb559;423.14;0.5;BUY
2016-03-29T00:51:00.873000;2016-03-29T00:51:00.957000;aad21f4c-3de9-4525-b548-c3c6efa08435;423.14;0.45133421;BUY
2016-03-29T00:51:32.920000;2016-03-29T00:51:32.973000;2bd57a07-a575-44fe-846b-b86aceb1566e;423.14;0.04866579;BUY
2016-03-29T00:51:32.920000;2016-03-29T00:51:32.987000;f1f08ca1-4c3b-4834-9f98-84daff9532c7;423.14;0.00914421;BUY
2016-03-29T00:52:01.003000;2016-03-29T00:52:01.050000;6d82fec2-815a-4e71-bbd4-4b3fc5a29a99;423.09;0.289;SELL
2016-03-29T00:52:01.003000;2016-03-29T00:52:01.067000;3935aa2b-7d71-409c-af88-21912a45f441;423.08;0.01;SELL
2016-03-29T00:52:01.003000;2016-03-29T00:52:01.067000;71297fdf-3008-4139-9740-bf7ca9be79c9;423.08;0.03104;SELL
2016-03-29T00:53:00.917000;2016-03-29T00:53:00.957000;9aab7502-fa4f-4807-8771-effc384c8206;423.14;0.23162;BUY
2016-03-29T00:53:32.943000;2016-03-29T00:53:32.987000;e10dabfa-529f-4f78-8629-64630743031e;423.14;0.12814;BUY
2016-03-29T00:54:00.933000;2016-03-29T00:54:00.973000;cb239d03-11f0-429c-b42e-dec4aafbd185;423.07;0.299;SELL
2016-03-29T00:54:00.933000;2016-03-29T00:54:00.987000;cf0b2ee0-9f97-4c62-9ae3-3120906892ce;423.06;2.47522;SELL
2016-03-29T00:54:31.053000;2016-03-29T00:54:31.097000;3c20e2d2-f07f-4781-bdf7-137196a8c580;423.14;0.13109579;BUY
2016-03-29T00:54:31.053000;2016-03-29T00:54:31.113000;7dde47fe-7e62-49e3-9424-86d374c2cb94;423.14;0.5;BUY
2016-03-29T00:54:31.053000;2016-03-29T00:54:31.113000;6a286631-88df-4ea5-a41d-9f27f555a400;423.14;0.01;BUY
2016-03-29T00:54:31.053000;2016-03-29T00:54:31.113000;59d89ab3-cc2f-4c6a-b1b5-dec076c05486;423.14;0.01;BUY
2016-03-29T00:54:31.053000;2016-03-29T00:54:31.113000;91201452-2de8-4644-866e-96f0c7c10307;423.14;0.03104;BUY
2016-03-29T00:54:31.053000;2016-03-29T00:54:31.113000;f0d8fa62-a33b-452d-a4bd-9bb6f98e8eb9;423.14;0.282;BUY
2016-03-29T00:54:31.053000;2016-03-29T00:54:31.130000;f88ff93a-a32b-46ec-b144-db4da0e868fc;423.15;0.0185;BUY
2016-03-29T00:54:31.053000;2016-03-29T00:54:31.130000;85698744-e485-4ee7-b116-802344413b55;423.15;0.5;BUY
2016-03-29T00:54:31.053000;2016-03-29T00:54:31.177000;fc263651-738a-495d-9f75-0c1f855cfaa3;423.15;0.01;BUY
2016-03-29T00:54:31.053000;2016-03-29T00:54:31.177000;c8c0f947-b8c3-4b86-b598-ffd197707eef;423.16;0.09345421;BUY
2016-03-29T00:55:03.727000;2016-03-29T00:55:03.770000;4a46f221-2461-4514-92e0-620fc57cf5ba;423.16;0.012;BUY
2016-03-29T00:55:03.727000;2016-03-29T00:55:03.783000;8f6903da-34cb-4216-806d-7fb5779f1a03;423.17;0.0185;BUY
2016-03-29T00:55:03.727000;2016-03-29T00:55:03.783000;df243e09-04e2-4dd0-a9cd-b8c4ae78da0a;423.17;0.5;BUY
2016-03-29T00:55:03.727000;2016-03-29T00:55:03.783000;cd653620-a94d-407f-87aa-c50fc536c593;423.17;0.5;BUY
2016-03-29T00:55:03.727000;2016-03-29T00:55:03.783000;3922f578-ce7e-4a03-84e1-e081c2a9d7c4;423.17;0.01;BUY
2016-03-29T00:55:03.730000;2016-03-29T00:55:03.863000;cf892f8f-3ccc-4a32-8846-37c18f45bedf;423.18;0.01285;BUY
2016-03-29T00:55:31.100000;2016-03-29T00:55:31.143000;a8fd2946-a044-4077-a31e-bb87dbf7234a;423.08;0.301;SELL
2016-03-29T00:55:31.103000;2016-03-29T00:55:31.160000;ea4f2e3a-0dc2-4ddb-8dad-6ef365c85b38;423.07;2.597;SELL
2016-03-29T00:55:31.103000;2016-03-29T00:55:31.160000;7f2ceacb-d2cc-49f9-889c-e9615c6abc97;423.07;0.012;SELL
2016-03-29T00:55:31.103000;2016-03-29T00:55:31.160000;46172a00-8ae7-4cc7-bae6-0b4f6610a49e;423.07;0.01;SELL
2016-03-29T00:55:31.103000;2016-03-29T00:55:31.160000;670aa6c4-4b47-49c8-8896-4f6fabc312d0;423.06;0.5;SELL
2016-03-29T00:55:31.103000;2016-03-29T00:55:31.237000;e3296118-5a10-4533-bb68-c6d066244ef9;423.04;0.2191;SELL
2016-03-29T00:56:00.920000;2016-03-29T00:56:00.957000;1a1a6f74-e633-43fe-95b6-919ee98e8000;423.07;0.01217;SELL
2016-03-29T00:56:30.873000;2016-03-29T00:56:30.910000;c59dee78-e9d1-473e-bf55-fe8ddb067fe0;423.16;0.43959;BUY
2016-03-29T00:57:00.903000;2016-03-29T00:57:00.940000;0fef5539-05eb-40ee-88bf-b27da22c564c;423.16;0.06041;BUY
2016-03-29T00:57:00.903000;2016-03-29T00:57:00.957000;b83f4d41-d938-412d-ab27-0f5663382ce3;423.17;0.01;BUY
2016-03-29T00:57:00.903000;2016-03-29T00:57:00.957000;2cbee76a-5851-47a9-8fb9-f2b777b89adf;423.18;0.12352;BUY
2016-03-29T00:57:30.780000;2016-03-29T00:57:30.817000;efe4e817-419f-4340-aab0-272dc1b7f2e4;423.06;2.563;SELL
2016-03-29T00:57:30.780000;2016-03-29T00:57:30.833000;c9bc7bea-ac1a-4a30-a5cf-b5d0ed3ffb2e;423.06;0.5;SELL
2016-03-29T00:57:30.780000;2016-03-29T00:57:30.833000;12654111-b805-40d7-bce0-0449fbcdd77d;423.05;0.01;SELL
2016-03-29T00:57:30.780000;2016-03-29T00:57:30.833000;264ed61f-94c4-4e62-96f6-842f9f0f6686;423.05;0.246;SELL
2016-03-29T00:57:30.780000;2016-03-29T00:57:30.847000;f6d4de0e-12f4-4ed3-8570-9d39b2d6c8c3;423.04;0.2809;SELL
2016-03-29T00:57:30.780000;2016-03-29T00:57:30.910000;323b3c79-1048-4cd1-a3aa-3eacf5c92aad;423.04;0.5;SELL
2016-03-29T00:57:30.780000;2016-03-29T00:57:30.910000;75da9fe4-8549-4a7f-9d0e-66337145b599;423.02;0.5;SELL
2016-03-29T00:57:30.780000;2016-03-29T00:57:30.910000;68878244-3c30-4721-be5c-a5d2a275c4e6;423.02;0.5;SELL
2016-03-29T00:57:30.780000;2016-03-29T00:57:30.910000;4cd12717-8a41-4bce-99bd-f72abbc07807;423.02;0.06269;SELL
2016-03-29T00:58:00.980000;2016-03-29T00:58:01.003000;88a3dcf8-06ca-4e48-ae54-60b4b837ff44;423.14;0.5;BUY
2016-03-29T00:58:00.980000;2016-03-29T00:58:01.033000;08e9c488-7aed-44e2-9dbb-c1112bf9647f;423.14;0.127;BUY
2016-03-29T00:58:00.980000;2016-03-29T00:58:01.033000;9ec7cdeb-dea4-4a42-b7b8-10c345b7e6b5;423.15;0.01;BUY
2016-03-29T00:58:00.980000;2016-03-29T00:58:01.033000;bf98cb82-7be7-4080-960b-bc323f184227;423.18;0.36363;BUY
2016-03-29T00:58:00.980000;2016-03-29T00:58:01.033000;1b8675e1-1f8c-4970-bfb6-26c420c95125;423.18;0.45325;BUY
2016-03-29T00:58:36.767000;2016-03-29T00:58:36.800000;bbcfeea5-ac14-4847-ab3b-d5dc175150a5;423.17;0.366;BUY
2016-03-29T00:58:36.767000;2016-03-29T00:58:36.817000;4174ac06-a779-4042-9b23-062c508e112a;423.18;0.04675;BUY
2016-03-29T00:58:36.767000;2016-03-29T00:58:36.817000;7a11df80-973d-41b1-88dc-adbe3bdd56c1;423.18;0.5;BUY
2016-03-29T00:58:36.767000;2016-03-29T00:58:36.817000;d9848242-15e6-4e61-94de-2a09d177c56b;423.18;0.5;BUY
2016-03-29T00:58:36.767000;2016-03-29T00:58:36.817000;d5233d9f-abfd-44f9-b963-a42b818f49fb;423.18;0.01;BUY
2016-03-29T00:58:36.767000;2016-03-29T00:58:36.893000;a90f8201-50be-4706-99c9-e54f76745228;423.19;0.5;BUY
2016-03-29T00:58:36.767000;2016-03-29T00:58:36.893000;4cadda5e-2d4e-48c7-8a87-c6c6c5cd9f30;423.19;0.5;BUY
2016-03-29T00:58:36.767000;2016-03-29T00:58:36.893000;33495165-41a6-48b8-b010-20e4ed97667a;423.19;0.00558;BUY
2016-03-29T00:58:45.033000;2016-03-29T00:58:45.067000;e14cb638-95fa-4c78-b341-f0e153a3cfaa;423.18;0.2;BUY
2016-03-29T00:58:45.033000;2016-03-29T00:58:45.083000;6d9cfb55-e0bc-4bbd-86f9-05b60d0805cb;423.19;0.49442;BUY
2016-03-29T00:58:45.037000;2016-03-29T00:58:45.083000;55a1f8b8-ddb4-4dc8-8d16-7e48fa44faac;423.19;0.08469944;BUY
2016-03-29T00:59:01.207000;2016-03-29T00:59:01.237000;ff5eea4a-d650-47c7-add5-d543478ea5b3;423.19;0.398;BUY
2016-03-29T00:59:01.207000;2016-03-29T00:59:01.253000;023ccb2c-9307-4642-a522-c69b40ecae3f;423.2;0.01;BUY
2016-03-29T00:59:01.207000;2016-03-29T00:59:01.253000;feac91bc-b806-4a6b-af12-3d5c46c0f9aa;423.2;0.02004835;BUY
2016-03-29T00:59:01.207000;2016-03-29T00:59:01.253000;64211192-66f1-48bb-8d67-ad5b5856fa0a;423.2;0.01;BUY
2016-03-29T00:59:01.207000;2016-03-29T00:59:01.253000;f2773ab6-6238-49b1-aa6e-6bd98cf4bf72;423.2;0.5;BUY
2016-03-29T00:59:01.207000;2016-03-29T00:59:01.333000;2550df08-1222-4593-a76f-6eae0ef45923;423.2;0.5;BUY
2016-03-29T00:59:01.207000;2016-03-29T00:59:01.333000;c550ea05-a824-44b5-b023-e72323bdf7f4;423.2;0.01;BUY
2016-03-29T00:59:01.210000;2016-03-29T00:59:01.333000;6bdb2581-c3d5-4dc9-81e1-83437a37e95b;423.2;0.5;BUY
2016-03-29T00:59:01.210000;2016-03-29T00:59:01.333000;47b43afd-f413-4a81-a8ed-845fae02f13d;423.2;0.5;BUY
2016-03-29T00:59:01.210000;2016-03-29T00:59:01.333000;dcc0e546-4523-4e7e-ac98-c69c2c79eae6;423.2;0.01;BUY
2016-03-29T00:59:01.210000;2016-03-29T00:59:01.347000;dddaf7bf-c540-4439-a957-05f9d892910b;423.22;1.0;BUY
2016-03-29T00:59:01.210000;2016-03-29T00:59:01.347000;c3244159-0e12-4780-a589-2752ea633ccd;423.22;0.17084165;BUY
2016-03-29T00:59:31.857000;2016-03-29T00:59:31.893000;6825f074-1b45-4fa0-920f-92de1f351214;423.22;0.32915835;BUY
2016-03-29T00:59:31.857000;2016-03-29T00:59:31.893000;d570265d-e417-470d-a25b-97edef8eadd4;423.22;0.362;BUY
2016-03-29T00:59:31.857000;2016-03-29T00:59:31.910000;6f0e5a5f-520e-47cb-be56-b69050e2cb77;423.23;0.04;BUY
2016-03-29T00:59:31.857000;2016-03-29T00:59:31.910000;b55806fb-6b67-4504-bdc1-3ee67ac79491;423.23;0.5;BUY
2016-03-29T00:59:31.857000;2016-03-29T00:59:31.910000;11b202d0-3d34-4a46-ae2f-8c99519275ac;423.23;0.05318165;BUY
2016-03-29T01:00:01.693000;2016-03-29T01:00:01.750000;618b7332-0e46-40b0-9461-d45c1060226f;423.12;0.01;SELL
2016-03-29T01:00:01.693000;2016-03-29T01:00:01.767000;25453dcc-c992-437f-a0d2-835496c75c6a;423.11;0.01;SELL
2016-03-29T01:00:01.693000;2016-03-29T01:00:01.767000;237c4609-36db-4228-9255-de8ca22a8fd9;423.11;0.00835;SELL
2016-03-29T01:00:33.947000;2016-03-29T01:00:34.000000;89e5dc3f-4b8c-46df-8eaa-ff6cde907344;423.21;0.02;BUY
2016-03-29T01:00:33.947000;2016-03-29T01:00:34.017000;623c7c43-dbe4-44a8-a9e9-fbf7e1a937af;423.21;0.03068;BUY
2016-03-29T01:01:00.940000;2016-03-29T01:01:01.000000;701b1203-c450-41f0-b37b-9bd0d713d38f;423.14;0.01;SELL
2016-03-29T01:01:00.940000;2016-03-29T01:01:01.000000;72b9d55b-ea04-4297-b163-e4e7915b5298;423.14;0.012;SELL
2016-03-29T01:01:00.940000;2016-03-29T01:01:01.017000;f1e97dca-aed3-4351-bea7-b7f0acbaf8ec;423.13;0.01;SELL
2016-03-29T01:01:00.940000;2016-03-29T01:01:01.017000;dbea135d-ada6-4e82-b1e9-ac7f904730a1;423.12;0.00226;SELL
2016-03-29T01:01:31.213000;2016-03-29T01:01:31.267000;3b934b17-7594-4cf1-8a3f-e9fdd951159f;423.22;0.02226;BUY
2016-03-29T01:01:31.213000;2016-03-29T01:01:31.283000;335e6e58-a7dd-4a43-ab25-083a5d503e5a;423.22;0.239;BUY
2016-03-29T01:01:31.213000;2016-03-29T01:01:31.283000;55690dd3-0335-4938-b6b9-d7e09fe85735;423.23;0.19538;BUY
2016-03-29T01:02:01.120000;2016-03-29T01:02:01.173000;40fb5981-fc3e-4da2-82c9-503df6af9070;423.23;0.14037;BUY
2016-03-29T01:02:30.887000;2016-03-29T01:02:30.937000;bd4fa8ac-26ce-4bd0-a3e0-97d4920f6273;423.23;0.0421;BUY
2016-03-29T01:03:08.140000;2016-03-29T01:03:08.187000;1d90ad8a-13ed-44f7-b270-47537dd053a6;423.15;0.01;SELL
2016-03-29T01:03:08.140000;2016-03-29T01:03:08.203000;9ed3b236-cbce-4690-9352-9646b81accb7;423.14;0.01;SELL
2016-03-29T01:03:08.140000;2016-03-29T01:03:08.203000;eb2cce1d-85c8-445e-b141-4da4798adc1a;423.14;0.01;SELL
2016-03-29T01:03:08.140000;2016-03-29T01:03:08.203000;b0a1106c-1595-4c43-9e43-3bf776235b8d;423.13;0.01;SELL
2016-03-29T01:03:08.140000;2016-03-29T01:03:08.237000;6ef42ab4-86bd-4fc3-ae3c-355f3e30b7a5;423.12;0.00774;SELL
2016-03-29T01:03:08.140000;2016-03-29T01:03:08.267000;7dcd6522-808c-43e9-b16d-c66863094f75;423.11;0.07897;SELL
2016-03-29T01:03:30.887000;2016-03-29T01:03:30.937000;32d077ab-749f-4cc1-8221-fdb07a23caff;423.22;0.03774;BUY
2016-03-29T01:03:30.887000;2016-03-29T01:03:30.953000;b7b4fed3-42d3-47f1-af4d-9cc4512b166d;423.22;0.252;BUY
2016-03-29T01:03:30.887000;2016-03-29T01:03:30.953000;682f0828-8928-49bb-91b3-87af31cd96f0;423.23;0.06896835;BUY
2016-03-29T01:03:30.887000;2016-03-29T01:03:30.953000;8a152913-da97-435d-9cc3-fc63b523e034;423.23;0.5;BUY
2016-03-29T01:03:30.887000;2016-03-29T01:03:30.970000;fa1761b9-baa3-4111-ac30-3da7fea6bd7b;423.23;0.01;BUY
2016-03-29T01:03:30.887000;2016-03-29T01:03:31.033000;2ff0136e-c637-4817-9445-d6035f52cad6;423.23;0.5;BUY
2016-03-29T01:03:30.887000;2016-03-29T01:03:31.033000;2cc255b2-9fe7-4b64-8239-090c1347f355;423.24;0.01;BUY
2016-03-29T01:03:30.887000;2016-03-29T01:03:31.033000;eab0faa9-f900-49cd-884c-5f9fef84c61d;423.24;0.01;BUY
2016-03-29T01:03:30.887000;2016-03-29T01:03:31.033000;a16a4098-3e1d-42bb-a4bf-056b39026256;423.24;0.5;BUY
2016-03-29T01:03:30.887000;2016-03-29T01:03:31.033000;c4dcb30a-793a-4d0f-be7a-39c54d09a79a;423.24;0.5;BUY
2016-03-29T01:03:30.887000;2016-03-29T01:03:31.033000;16e311c8-08a7-4773-a50e-0ce75b0d5e52;423.24;0.5;BUY
2016-03-29T01:03:30.887000;2016-03-29T01:03:31.033000;eeff3084-acbd-4947-9cad-92ffec8455ca;423.25;0.08885694;BUY
