time_exchange;time_coinpai;guid;price;base_amount;taker_side
2016-03-19T00:00:02.353000;2016-03-19T00:00:02.410000;8f2c37ff-c956-4243-a07f-f6b8b1750c77;409.66;0.01;SELL
2016-03-19T00:00:02.353000;2016-03-19T00:00:02.423000;7fffa47e-ab9f-4289-a712-7404c34f56c5;409.6;0.17;SELL
2016-03-19T00:00:07.247000;2016-03-19T00:00:07.297000;61c1f510-4fa3-4fc1-9e5a-79b35b99278e;409.64;0.108;BUY
2016-03-19T00:00:31.353000;2016-03-19T00:00:31.410000;00b3002c-cc9e-4df8-b92e-71c70f7ab1d3;409.64;0.45937;BUY
2016-03-19T00:00:39.090000;2016-03-19T00:00:39.167000;b0d66383-7241-4720-a50c-3368ec6779ff;409.57;0.079;BUY
2016-03-19T00:00:54.800000;2016-03-19T00:00:54.850000;eca69216-4b3f-4029-a676-a00cddfe79a3;409.55;0.47;SELL
2016-03-19T00:01:01.563000;2016-03-19T00:01:01.620000;8e86c9b8-2339-41bc-b866-ddf2c1301375;409.56;1.04653;BUY
2016-03-19T00:01:13.140000;2016-03-19T00:01:13.187000;6bf8414d-87fe-4c41-bf32-5378a5a896c5;409.53;0.109;BUY
2016-03-19T00:01:31.507000;2016-03-19T00:01:31.557000;786a7b5b-3c41-46c2-b77e-db0897bf9f39;409.57;0.72512;BUY
2016-03-19T00:01:43.823000;2016-03-19T00:01:43.870000;dc5f21a8-d919-4449-b773-330b839368e1;409.57;0.095;BUY
2016-03-19T00:02:01.017000;2016-03-19T00:02:01.063000;beb7dbc5-abbf-4b29-86f1-f5c043ab1a9b;409.56;0.44;SELL
2016-03-19T00:02:01.417000;2016-03-19T00:02:01.473000;20221590-1d64-445c-afbc-faabfa748f2e;409.57;0.15;BUY
2016-03-19T00:02:01.417000;2016-03-19T00:02:01.493000;79369ae6-bee7-46f2-b167-48431c4d2a31;409.57;0.246;BUY
2016-03-19T00:02:01.417000;2016-03-19T00:02:01.493000;1fd4c98c-3915-4110-acc4-eb0f6f4c4895;409.57;0.244;BUY
2016-03-19T00:02:01.417000;2016-03-19T00:02:01.493000;1a37bf8b-5568-46d5-9208-cad023aae9bb;409.57;0.614;BUY
2016-03-19T00:02:01.417000;2016-03-19T00:02:01.493000;a070f7cc-1a45-4bec-a9db-0fe3392c91e2;409.57;0.246;BUY
2016-03-19T00:02:01.417000;2016-03-19T00:02:01.493000;9841445f-8798-4f63-b7d9-c023a2a63ab8;409.57;0.617;BUY
2016-03-19T00:02:01.420000;2016-03-19T00:02:01.493000;4d3c2048-7737-4375-ab02-3d9af45db5d3;409.57;0.17067;BUY
2016-03-19T00:02:31.597000;2016-03-19T00:02:31.643000;b60e3587-2d6a-4454-8708-3e1458a359f3;409.56;2.65912;SELL
2016-03-19T00:03:06.350000;2016-03-19T00:03:06.397000;80f9d547-4c72-449c-8b8e-5d45db4d9896;409.55;0.0177;BUY
2016-03-19T00:03:06.350000;2016-03-19T00:03:06.413000;15d84a4d-fbda-4932-a000-6375da60802f;409.57;0.34489;BUY
2016-03-19T00:03:25.940000;2016-03-19T00:03:25.983000;010f1746-6df5-45e6-b52d-4771cebf0195;409.55;0.056;BUY
2016-03-19T00:03:25.943000;2016-03-19T00:03:26.000000;0e6c0125-59b2-4c06-acab-4d94f28a635a;409.55;0.044;BUY
2016-03-19T00:03:31.270000;2016-03-19T00:03:31.313000;c45995e1-0215-4959-9021-76957f528489;409.54;0.06676;BUY
2016-03-19T00:03:33.947000;2016-03-19T00:03:33.993000;ed0ff667-96fb-49ca-9046-e05831bfab77;409.54;0.02070323;BUY
2016-03-19T00:03:41.673000;2016-03-19T00:03:41.713000;d78d56b5-97c1-497e-874f-13f04a847010;409.54;0.107;BUY
2016-03-19T00:04:01.797000;2016-03-19T00:04:01.840000;e3c8114b-4b51-4705-87ac-97c25a28d788;409.53;0.078;SELL
2016-03-19T00:04:01.797000;2016-03-19T00:04:01.853000;c6018061-da92-4c61-947d-0d5da95548de;409.53;0.56042;SELL
2016-03-19T00:04:14.437000;2016-03-19T00:04:14.477000;999cd4f3-420b-4f51-a681-2601a636d685;409.54;0.0704;BUY
2016-03-19T00:04:14.443000;2016-03-19T00:04:14.500000;ac248590-6a79-48a8-bf90-b46543361e08;409.54;0.0596;BUY
2016-03-19T00:04:31.253000;2016-03-19T00:04:31.293000;b2751d8e-264d-4f78-946f-4bd5be663588;409.54;0.06113;BUY
2016-03-19T00:05:01.247000;2016-03-19T00:05:01.293000;277b833f-33b2-438d-b611-1830d36d17df;409.54;0.18487;BUY
2016-03-19T00:05:01.247000;2016-03-19T00:05:01.313000;cb946bc6-3b9d-42f7-b3a7-da041f6f3178;409.54;0.245;BUY
2016-03-19T00:05:01.247000;2016-03-19T00:05:01.350000;c489e648-d2ec-4532-9ef0-d85c4ee5664b;409.54;0.02587;BUY
2016-03-19T00:06:01.353000;2016-03-19T00:06:01.397000;ef21e15b-5b32-482a-a415-bfa88a0714d0;409.53;1.00856;SELL
2016-03-19T00:06:05.333000;2016-03-19T00:06:05.373000;11eaef3a-0736-4f6d-afff-8459d341b03e;409.54;0.02;BUY
2016-03-19T00:06:31.440000;2016-03-19T00:06:31.493000;dff91d27-a2d9-4551-9004-9c7407fd6214;409.54;0.20013;BUY
2016-03-19T00:06:31.440000;2016-03-19T00:06:31.493000;ae3cf9ff-7eb0-437e-86ef-1ef96b9ad9ba;409.54;0.243;BUY
2016-03-19T00:06:31.440000;2016-03-19T00:06:31.493000;a4e44176-ff4d-4a7d-8e77-e8355f6a0fb7;409.54;0.02095;BUY
2016-03-19T00:07:01.283000;2016-03-19T00:07:01.317000;8b15b8a6-9f42-4c1d-937c-4c35e44d93d2;409.53;2.93164;SELL
2016-03-19T00:07:31.363000;2016-03-19T00:07:31.397000;30d18b87-d75b-4815-acdb-1d56cfb5545a;409.53;1.6306;SELL
2016-03-19T00:08:27.687000;2016-03-19T00:08:27.713000;eab4f5b1-9482-43f2-ad0a-f2ae58876b92;409.54;0.22205;BUY
2016-03-19T00:08:27.687000;2016-03-19T00:08:27.737000;bbfcb915-2164-4250-b30e-48a0459e49a9;409.54;0.21295;BUY
2016-03-19T00:08:31.320000;2016-03-19T00:08:31.350000;dbc6d319-6d6f-4beb-9fe7-20088fcfbcc7;409.53;0.84326;SELL
2016-03-19T00:09:05.213000;2016-03-19T00:09:05.243000;9bda46a3-5c77-416f-b181-8c369272287e;409.54;0.03305;BUY
2016-03-19T00:09:05.213000;2016-03-19T00:09:05.270000;a55b3636-01d6-4368-b785-03d144b06e52;409.54;0.30403006;BUY
2016-03-19T00:09:05.213000;2016-03-19T00:09:05.270000;39c7e9d7-66c0-4526-a956-596d3ac436ee;409.54;0.03738994;BUY
2016-03-19T00:09:31.287000;2016-03-19T00:09:31.317000;6ee89e65-93d6-45f3-a5eb-47c9c2abb7cb;409.54;0.14686006;BUY
2016-03-19T00:09:31.287000;2016-03-19T00:09:31.333000;f781e472-1102-4df4-b1a6-a8e87eda5079;409.54;0.434;BUY
2016-03-19T00:09:31.287000;2016-03-19T00:09:31.333000;dd35a41b-8f2e-48c0-891a-73c5c307d21c;409.54;0.246;BUY
2016-03-19T00:09:31.287000;2016-03-19T00:09:31.333000;48d4cbee-5f30-4413-b337-057543a81888;409.54;0.243;BUY
2016-03-19T00:09:31.287000;2016-03-19T00:09:31.350000;0c9e0041-b902-44d2-a2e6-5754976651c3;409.54;0.245;BUY
2016-03-19T00:09:31.287000;2016-03-19T00:09:31.423000;aa311c4d-9cef-409f-9a47-3f45d1ccdac3;409.54;0.243;BUY
2016-03-19T00:09:31.287000;2016-03-19T00:09:31.423000;a6aa9cd0-be50-40de-a97c-f4746114fa46;409.54;0.243;BUY
2016-03-19T00:09:31.287000;2016-03-19T00:09:31.423000;12b49d10-a05c-4e08-a18b-54793dc74795;409.54;0.243;BUY
2016-03-19T00:09:31.287000;2016-03-19T00:09:31.423000;9898a124-9fc3-4ae7-b7f1-41a6ee5a3414;409.54;0.243;BUY
2016-03-19T00:09:31.287000;2016-03-19T00:09:31.423000;8e3bf870-3494-493e-89d3-c13356c13132;409.54;0.144;BUY
2016-03-19T00:09:31.287000;2016-03-19T00:09:31.423000;0cc1be45-310e-4504-a7ef-e64b2e3bb946;409.54;0.245;BUY
2016-03-19T00:09:31.287000;2016-03-19T00:09:31.423000;1569ecf5-edbf-4909-812a-af2d5b949779;409.54;0.243;BUY
2016-03-19T00:09:31.287000;2016-03-19T00:09:31.423000;c3705eb3-fa5e-42ea-8f32-ee603ea69e9c;409.54;0.243;BUY
2016-03-19T00:09:31.287000;2016-03-19T00:09:31.423000;52a5da30-6640-4252-8d21-7be80d037c24;409.54;0.243;BUY
2016-03-19T00:09:31.287000;2016-03-19T00:09:31.423000;317ac83a-9db9-437e-8ddc-7b85b7ab7dcd;409.54;0.243;BUY
2016-03-19T00:09:31.290000;2016-03-19T00:09:31.423000;9414565e-c86c-4638-960e-fc5ee4b066cd;409.54;0.03386994;BUY
2016-03-19T00:10:01.367000;2016-03-19T00:10:01.433000;ec858885-e4f8-467d-aca5-b9c6553b8c26;409.54;0.20913006;BUY
2016-03-19T00:10:01.367000;2016-03-19T00:10:01.450000;54e869b7-ceeb-455a-b08c-a3dd09fa7b98;409.54;0.243;BUY
2016-03-19T00:10:01.367000;2016-03-19T00:10:01.450000;6bdff1bd-3b69-4335-82ca-4d09179b576d;409.54;0.243;BUY
2016-03-19T00:10:01.367000;2016-03-19T00:10:01.450000;bbd55aba-0431-4d0a-b5c8-5cfa676d286b;409.54;0.243;BUY
2016-03-19T00:10:01.367000;2016-03-19T00:10:01.463000;1f070d37-9925-4804-b780-da3a646bc0eb;409.54;0.02822994;BUY
2016-03-19T00:10:31.450000;2016-03-19T00:10:31.513000;4322ecd5-219a-48d8-8e6a-9cded0238349;409.54;0.02124;BUY
2016-03-19T00:10:43.660000;2016-03-19T00:10:43.737000;b617ef4a-fe16-4a8c-8e5c-87718d7a3108;409.53;0.055;SELL
2016-03-19T00:10:51.287000;2016-03-19T00:10:51.350000;074ee93e-1372-415b-9e66-52d31c6665ae;409.54;0.11453005;BUY
2016-03-19T00:10:51.287000;2016-03-19T00:10:51.370000;9826505e-3303-4bd3-9ceb-7890f863d5da;409.54;0.11946995;BUY
2016-03-19T00:11:01.437000;2016-03-19T00:11:01.497000;8ef5b070-3e68-40b1-8381-0c46717c9aa8;409.54;0.12353005;BUY
2016-03-19T00:11:01.437000;2016-03-19T00:11:01.513000;043bffc2-e673-4e03-8106-5731903dc622;409.54;0.243;BUY
2016-03-19T00:11:01.437000;2016-03-19T00:11:01.513000;8ae6551b-68f6-4952-a3c5-6a8a3577811f;409.54;0.20273995;BUY
2016-03-19T00:11:32.023000;2016-03-19T00:11:32.083000;ef49e716-d32c-4975-a138-e2a9e23a9a33;409.54;0.04026005;BUY
2016-03-19T00:11:32.023000;2016-03-19T00:11:32.100000;b7c07070-7bda-4049-8bb8-685a27b43d6c;409.54;0.03513995;BUY
2016-03-19T00:11:37.147000;2016-03-19T00:11:37.210000;fb7206cc-8a98-4ef8-8ae5-ccde65bd7abe;409.54;0.20786005;BUY
2016-03-19T00:11:37.147000;2016-03-19T00:11:37.230000;7d33b435-3963-41d4-8d9a-30b2a7544818;409.54;0.02113995;BUY
2016-03-19T00:12:03.027000;2016-03-19T00:12:03.087000;0d200839-c313-49e4-8651-6c2fc2617fc3;409.54;0.09308;BUY
2016-03-19T00:12:27.327000;2016-03-19T00:12:27.397000;d3c75915-f9a2-415f-b500-0bc7fad90159;409.54;0.235;BUY
2016-03-19T00:12:31.813000;2016-03-19T00:12:31.873000;f6ab1838-3846-4a24-9434-fbaf9b805681;409.53;0.0798;SELL
2016-03-19T00:13:04.060000;2016-03-19T00:13:04.120000;f0b78078-796a-4a15-bb6d-7b3a99986b66;409.54;0.26678005;BUY
2016-03-19T00:13:04.060000;2016-03-19T00:13:04.133000;ef02bebf-00a9-418a-8513-463cd5c858cb;409.54;0.05716995;BUY
2016-03-19T00:13:09.457000;2016-03-19T00:13:09.513000;cade1a17-ca64-4f17-9a4a-45e1c5772790;409.54;0.21083005;BUY
2016-03-19T00:13:09.457000;2016-03-19T00:13:09.537000;e5228e46-28b3-4cfb-832e-32f9edaf1b16;409.54;0.01416995;BUY
2016-03-19T00:13:31.263000;2016-03-19T00:13:31.320000;27ac735e-c29b-4b41-a803-aa229242639b;409.54;0.10929;BUY
2016-03-19T00:13:42.187000;2016-03-19T00:13:42.263000;77527a8d-77ca-439c-b5fb-b74ef924a747;409.54;0.12254005;BUY
2016-03-19T00:13:42.187000;2016-03-19T00:13:42.263000;420ef746-8665-42fb-af9b-92ddd7674fbf;409.54;0.325;BUY
2016-03-19T00:13:42.187000;2016-03-19T00:13:42.267000;e9615df8-ddb8-46f8-a9ad-978666479aa2;409.54;0.246;BUY
2016-03-19T00:13:42.187000;2016-03-19T00:13:42.267000;33c8d1ec-803d-49bf-8402-8f0481849140;409.54;0.245;BUY
2016-03-19T00:13:42.187000;2016-03-19T00:13:42.267000;0d4be7b9-b5bf-4b7a-9ca9-c4fde2097b64;409.54;0.247;BUY
2016-03-19T00:13:42.187000;2016-03-19T00:13:42.280000;97c933d9-1835-4e0a-ac39-6de228400ffd;409.54;0.69348;BUY
2016-03-19T00:13:42.187000;2016-03-19T00:13:42.280000;299bb93e-b149-4a40-88ef-7b090b34b42b;409.54;0.16;BUY
2016-03-19T00:13:42.187000;2016-03-19T00:13:42.280000;035348d9-1898-4c80-ad7d-ea121a4dd1ce;409.54;0.244;BUY
2016-03-19T00:13:42.187000;2016-03-19T00:13:42.280000;78ea2933-be12-47c8-a3ff-251c70df66af;409.54;0.244;BUY
2016-03-19T00:13:42.187000;2016-03-19T00:13:42.280000;e1ecb92b-6dd1-4e13-9b37-7c7dc6711a2e;409.55;0.09743999;BUY
2016-03-19T00:13:42.187000;2016-03-19T00:13:42.280000;f7c05562-dd21-4270-8988-2d9df2a11b9b;409.55;0.01;BUY
2016-03-19T00:13:42.187000;2016-03-19T00:13:42.280000;38990464-a926-4afe-b6d6-dc87ace77427;409.58;0.09653996;BUY
2016-03-19T00:14:01.480000;2016-03-19T00:14:01.557000;0198d19a-19c2-4765-bc7b-39c5e7f60c4a;409.57;0.0187;SELL
2016-03-19T00:14:01.483000;2016-03-19T00:14:01.557000;92badd42-506e-4fdf-8290-646998499f70;409.57;5.96;SELL
2016-03-19T00:14:01.483000;2016-03-19T00:14:01.557000;d050ac86-7da7-412b-b8ba-f68ce9ff7787;409.57;0.0144;SELL
2016-03-19T00:14:01.483000;2016-03-19T00:14:01.557000;5e11275e-9d1d-4c1f-9b8e-8298f6d81632;409.55;0.0143;SELL
2016-03-19T00:14:01.483000;2016-03-19T00:14:01.573000;e3916d0f-c5c3-4f4c-955d-40cd94f151a7;409.54;0.05;SELL
2016-03-19T00:14:01.483000;2016-03-19T00:14:01.573000;b37436f5-3357-4c0f-ac38-b153961a9907;409.53;1.20549;SELL
2016-03-19T00:15:01.263000;2016-03-19T00:15:01.317000;49105051-449f-4977-9767-2099c7b3d723;409.53;0.0475;SELL
2016-03-19T00:15:31.243000;2016-03-19T00:15:31.297000;e3eeb130-5662-4f4f-a841-208712f3baff;409.53;0.29773;SELL
2016-03-19T00:15:31.243000;2016-03-19T00:15:31.320000;1d05b262-fa74-4e87-9fa3-eaf248c38ea2;409.53;0.01;SELL
2016-03-19T00:15:31.243000;2016-03-19T00:15:31.320000;33acda5f-1c37-4e8b-a0bd-d0ec1f8faa5b;409.53;0.015;SELL
2016-03-19T00:15:31.243000;2016-03-19T00:15:31.320000;2dddf675-bc4d-4bb2-b83f-1ee942aa0cb9;409.53;0.249;SELL
2016-03-19T00:15:31.243000;2016-03-19T00:15:31.333000;1d2a8589-8859-44ff-b7dd-e2b532df1b30;409.52;0.18653;SELL
2016-03-19T00:15:44.830000;2016-03-19T00:15:44.887000;e5a190ce-0543-4b8c-8dbc-6e31d998f53e;409.54;0.0149;SELL
2016-03-19T00:15:44.830000;2016-03-19T00:15:44.900000;b52b65b9-56c3-42d9-a440-ccb5b15c4648;409.52;0.06347;SELL
2016-03-19T00:15:44.830000;2016-03-19T00:15:44.900000;7507b2b1-1590-4bff-b0ec-e1c0357f929d;409.52;0.161;SELL
2016-03-19T00:15:44.830000;2016-03-19T00:15:44.903000;fe9633b9-efe9-4367-ade1-e12461ea26bf;409.5;0.01;SELL
2016-03-19T00:15:44.830000;2016-03-19T00:15:44.903000;9a5bf6df-444f-407c-af9d-7a5c29cc208b;409.5;0.0115;SELL
2016-03-19T00:15:44.830000;2016-03-19T00:15:44.903000;5355ddee-8298-4c4f-8274-377d34b8ba74;409.5;0.119;SELL
2016-03-19T00:15:44.830000;2016-03-19T00:15:44.920000;3dce2787-17a9-4444-97d3-fbcf29f30918;409.48;0.25;SELL
2016-03-19T00:15:44.830000;2016-03-19T00:15:44.920000;e0803864-b82f-4d81-9679-ef9b37e56c0c;409.48;0.214;SELL
2016-03-19T00:15:44.830000;2016-03-19T00:15:44.920000;64a76e03-a171-4a29-8edf-14707d833bed;409.43;0.118;SELL
2016-03-19T00:15:44.830000;2016-03-19T00:15:44.920000;506246ed-31d0-4ad8-b8c6-6af6af1f8fa6;409.42;0.14701889;SELL
2016-03-19T00:16:01.523000;2016-03-19T00:16:01.573000;751a71cd-3d7c-479f-8f48-a98a2817af9a;409.58;0.16346004;BUY
2016-03-19T00:16:01.523000;2016-03-19T00:16:01.597000;59210f8e-0a58-4304-9d6e-775bbe3a62fb;409.58;0.246;BUY
2016-03-19T00:16:01.523000;2016-03-19T00:16:01.597000;aca567f0-79fd-41f1-8786-c5bc97f8ae65;409.59;0.05;BUY
2016-03-19T00:16:01.523000;2016-03-19T00:16:01.597000;460f6570-c592-435b-8eb2-cd972ac2d06b;409.6;0.257;BUY
2016-03-19T00:16:01.523000;2016-03-19T00:16:01.597000;294fb19b-bbf5-4585-8e5e-df188af23a9a;409.62;0.28666996;BUY
2016-03-19T00:16:35.370000;2016-03-19T00:16:35.420000;a5a59143-e2fc-4ea3-b001-3e5f1fa19dbb;409.62;0.14944487;BUY
2016-03-19T00:16:35.370000;2016-03-19T00:16:35.437000;61755fd1-ecf2-4ae3-b59c-b38a5609c93c;409.64;0.273;BUY
2016-03-19T00:16:35.370000;2016-03-19T00:16:35.437000;9f469839-5fb8-4dd9-a007-e789194cd221;409.65;0.06926513;BUY
2016-03-19T00:17:01.323000;2016-03-19T00:17:01.370000;5a9f8282-84e0-45bc-a0f4-35b7b9111caf;409.65;0.18073487;BUY
2016-03-19T00:17:01.323000;2016-03-19T00:17:01.390000;9b9a8bac-d00c-47bf-8532-5c60858f266b;409.65;0.01;BUY
2016-03-19T00:17:01.323000;2016-03-19T00:17:01.390000;a3e56089-f211-44c9-8a64-bca7180e9094;409.66;0.09995513;BUY
2016-03-19T00:17:31.613000;2016-03-19T00:17:31.660000;0db74764-eb3d-4dbd-809f-e2a902148261;409.63;0.08217;BUY
2016-03-19T00:18:01.477000;2016-03-19T00:18:01.527000;72c5e2f0-5aa3-444a-8766-2a56d4aa6b3a;409.62;0.284;BUY
2016-03-19T00:18:01.477000;2016-03-19T00:18:01.550000;2e2efa63-befb-44c9-8fc0-4dae42e36025;409.66;0.15004487;BUY
2016-03-19T00:18:01.477000;2016-03-19T00:18:01.550000;94a78c52-cc62-4d9e-8836-43463bb3a1ad;409.66;0.06595513;BUY
2016-03-19T00:18:31.963000;2016-03-19T00:18:32.007000;11baa8f7-e90e-4502-9e02-a8affabc6854;409.66;0.18404487;BUY
2016-03-19T00:18:31.963000;2016-03-19T00:18:32.027000;30068a81-f96d-4888-9f00-e9ec1ef972d1;409.66;0.05764513;BUY
2016-03-19T00:19:01.987000;2016-03-19T00:19:02.060000;73ef2195-86d4-4421-a40f-fd28e4acad39;409.65;0.246;BUY
2016-03-19T00:19:01.990000;2016-03-19T00:19:02.060000;0261026e-6c98-4922-bd58-0228d0a82efc;409.65;0.247;BUY
2016-03-19T00:19:01.990000;2016-03-19T00:19:02.060000;ab28adbb-d8c3-4de0-ab4b-b481e0910bb6;409.65;0.246;BUY
2016-03-19T00:19:01.990000;2016-03-19T00:19:02.060000;3f067ebf-dca3-4b69-b941-2c59cac08a0f;409.65;0.106;BUY
2016-03-19T00:19:31.737000;2016-03-19T00:19:31.800000;00497ddf-1064-4913-a418-cdd8d0e24116;409.65;0.138;BUY
2016-03-19T00:19:31.737000;2016-03-19T00:19:31.800000;379c84b9-a622-4012-aa2b-642d201f9fb4;409.65;0.244;BUY
2016-03-19T00:19:31.737000;2016-03-19T00:19:31.827000;f8f09e0a-8bd5-46c0-94e2-db06f92ebff3;409.65;0.244;BUY
2016-03-19T00:19:31.737000;2016-03-19T00:19:31.827000;8b7fbbcc-d193-44c3-ade0-5c3ffdb905b6;409.65;0.245;BUY
2016-03-19T00:19:31.737000;2016-03-19T00:19:31.827000;cc4b4461-0a72-4dbd-adda-20a34e4aa62a;409.65;0.244;BUY
2016-03-19T00:19:31.737000;2016-03-19T00:19:31.827000;b819eb6f-02af-4848-8405-01523887488c;409.65;0.244;BUY
2016-03-19T00:19:31.740000;2016-03-19T00:19:31.827000;4eedfe1f-6cae-4e9d-8b85-d4c2b68b35a3;409.65;0.244;BUY
2016-03-19T00:19:31.740000;2016-03-19T00:19:31.827000;2750ffef-660b-42c6-ba97-14594ee6f446;409.65;0.305;BUY
2016-03-19T00:19:31.740000;2016-03-19T00:19:31.827000;c788b0da-b164-4d5b-aac6-78f5a45d2736;409.65;0.244;BUY
2016-03-19T00:19:31.740000;2016-03-19T00:19:31.853000;66a1c1c5-bb7b-4771-b600-2ed0b3c46faa;409.65;0.246;BUY
2016-03-19T00:19:31.740000;2016-03-19T00:19:31.853000;5d4389cc-0620-4376-99d2-878f9a0b3e5b;409.65;0.002;BUY
2016-03-19T00:20:01.720000;2016-03-19T00:20:01.777000;3d9594fd-d68f-4c4d-ac09-3b2ec2ad169a;409.65;0.432;BUY
2016-03-19T00:20:01.720000;2016-03-19T00:20:01.793000;bffac12d-1594-4ad6-a5ec-37ecb58bd82c;409.65;0.245;BUY
2016-03-19T00:20:01.720000;2016-03-19T00:20:01.793000;40062998-c46d-4d7a-907b-259de1b8518d;409.65;0.23;BUY
2016-03-19T00:20:01.720000;2016-03-19T00:20:01.793000;0f6d1473-9ad9-4162-aaf2-7b8c27e7078c;409.65;0.246;BUY
2016-03-19T00:20:01.720000;2016-03-19T00:20:01.793000;02e16518-2efc-44d5-9729-4021ef66523d;409.65;0.05213;BUY
2016-03-19T00:20:31.790000;2016-03-19T00:20:31.827000;e9c3573d-8ddd-4897-83f0-ce8523f2a56d;409.65;0.19387;BUY
2016-03-19T00:20:31.790000;2016-03-19T00:20:31.840000;f20b7eb3-994b-4197-934d-f16ca44dfb2e;409.65;0.17039;BUY
2016-03-19T00:21:01.500000;2016-03-19T00:21:01.537000;90d39fd0-03d7-42ac-ac01-dc71a289c3e3;409.65;0.07561;BUY
2016-03-19T00:21:01.500000;2016-03-19T00:21:01.553000;41014711-a91d-41e2-b482-bfd77b0171ce;409.65;0.16608;BUY
2016-03-19T00:21:31.430000;2016-03-19T00:21:31.467000;83464e7d-c3d0-4af6-a55e-2d33477aa239;409.64;0.3142;BUY
2016-03-19T00:22:02.170000;2016-03-19T00:22:02.220000;76600f7f-c501-4ab9-8ab2-e5b6f5f0b1d0;409.61;2.49959;BUY
2016-03-19T00:22:33.907000;2016-03-19T00:22:33.937000;13dac60a-7042-499e-9292-f0a1209ea3f8;409.65;0.01441;SELL
2016-03-19T00:22:33.907000;2016-03-19T00:22:33.953000;59301e19-162c-459d-96bc-ebb99a55d035;409.54;0.01;SELL
2016-03-19T00:22:33.907000;2016-03-19T00:22:33.953000;5c9e9347-e295-4ef3-9c84-b046cbbe1aee;409.53;0.00244;SELL
2016-03-19T00:23:03.117000;2016-03-19T00:23:03.150000;0622b82f-89a2-4593-ba87-89873e100723;409.66;0.19235487;BUY
2016-03-19T00:23:03.120000;2016-03-19T00:23:03.167000;bfc556d8-433e-46a2-83f6-63391c916dfa;409.67;0.58249513;BUY
2016-03-19T00:24:01.730000;2016-03-19T00:24:01.760000;1bb5935f-cce2-4cde-9697-e446ef97fb69;409.53;0.24756;SELL
2016-03-19T00:24:01.733000;2016-03-19T00:24:01.783000;174000c1-991c-4ef8-8d93-a5478703baa1;409.52;0.0115;SELL
2016-03-19T00:24:01.733000;2016-03-19T00:24:01.783000;ea28a3ab-ef3a-4665-a641-0a99b92bbf75;409.5;0.25;SELL
2016-03-19T00:24:01.733000;2016-03-19T00:24:01.783000;68aa5ed2-7909-4874-96e2-2f54d6be98e1;409.5;0.02;SELL
2016-03-19T00:24:01.733000;2016-03-19T00:24:01.797000;8e7a927d-3cff-46c3-bac1-5d59baf25e2b;409.49;0.25;SELL
2016-03-19T00:24:01.733000;2016-03-19T00:24:01.867000;26dc1429-d20f-40b6-87ca-f5b444d89059;409.44;0.02;SELL
2016-03-19T00:24:01.733000;2016-03-19T00:24:01.867000;6edff9ab-0c1a-4694-88e5-1c1ea528c697;409.44;0.05;SELL
2016-03-19T00:24:01.733000;2016-03-19T00:24:01.870000;c7633e27-1d63-459a-ba91-7c304323ee21;409.43;0.64592;SELL
2016-03-19T00:24:32.480000;2016-03-19T00:24:32.527000;dcdcbd8c-74e4-4f60-a7ec-57cc98c488ad;409.5;0.378;SELL
2016-03-19T00:24:32.480000;2016-03-19T00:24:32.527000;d3941b30-986c-40f3-93a4-447f2796820e;409.49;1.38845;SELL
2016-03-19T00:25:02.180000;2016-03-19T00:25:02.250000;6e5ac82e-b127-4ec4-9ee5-6d71543dee9f;409.6;0.02;BUY
2016-03-19T00:25:02.180000;2016-03-19T00:25:02.267000;5360fc05-32e6-437b-aba4-e41788c8288f;409.66;0.02;BUY
2016-03-19T00:25:02.180000;2016-03-19T00:25:02.267000;4b58eb77-6c9f-4dfd-9315-007c21a8f94d;409.66;0.02042;BUY
2016-03-19T00:26:01.520000;2016-03-19T00:26:01.603000;f387bae1-e09f-419a-aa6d-f8af8531480a;409.69;0.02;BUY
2016-03-19T00:26:01.523000;2016-03-19T00:26:01.603000;caaed709-ded2-45e1-8f33-03f66d2ce794;409.69;0.244;BUY
2016-03-19T00:26:01.523000;2016-03-19T00:26:01.623000;67b38f1f-d222-4a2e-a4cc-5439dc5a1d86;409.69;0.244;BUY
2016-03-19T00:26:01.523000;2016-03-19T00:26:01.623000;b36869c6-86f2-46fe-b4f7-216637ff146a;409.69;0.244;BUY
2016-03-19T00:26:01.523000;2016-03-19T00:26:01.623000;782eff9c-f710-4040-aa41-18e6108bf70b;409.69;0.244;BUY
2016-03-19T00:26:01.523000;2016-03-19T00:26:01.623000;26036574-01ef-4ee8-be73-18780e02e33c;409.69;0.244;BUY
2016-03-19T00:26:01.523000;2016-03-19T00:26:01.623000;877918e0-837b-407d-a628-90fc7667cdb8;409.69;0.244;BUY
2016-03-19T00:26:01.523000;2016-03-19T00:26:01.623000;541bb9c4-ba4b-42bc-b03c-842d0e858b21;409.69;0.04683;BUY
2016-03-19T00:26:32.550000;2016-03-19T00:26:32.613000;b6e42495-d18e-4b79-803a-f0a9358ea3e0;409.69;0.02;BUY
2016-03-19T00:26:32.550000;2016-03-19T00:26:32.630000;7c549929-bb7f-4cba-8191-b6853d0db44d;409.73;0.01;BUY
2016-03-19T00:26:32.553000;2016-03-19T00:26:32.630000;11902202-890a-47b1-adec-e72fa9a9e62c;409.73;0.03042;BUY
2016-03-19T00:27:01.900000;2016-03-19T00:27:01.963000;2ce8de94-45ef-4651-99bd-5e30d92588ce;409.68;0.05;BUY
2016-03-19T00:27:01.900000;2016-03-19T00:27:01.980000;e457da8f-8355-4080-92dc-1bccbafe1155;409.69;0.02;BUY
2016-03-19T00:27:01.900000;2016-03-19T00:27:01.980000;54cba2ae-5691-4490-b41c-ffef2f90fc12;409.69;0.244;BUY
2016-03-19T00:27:01.900000;2016-03-19T00:27:02.000000;da01ea8a-515e-4eb9-83f9-90b866942dd0;409.69;0.246;BUY
2016-03-19T00:27:01.903000;2016-03-19T00:27:02.000000;061c60e1-08af-4e83-a2b9-e3b8c4ac4baa;409.69;0.19717;BUY
2016-03-19T00:27:01.903000;2016-03-19T00:27:02.000000;d8d94eab-9de2-4274-b81f-3b30612cebac;409.69;0.244;BUY
2016-03-19T00:27:01.903000;2016-03-19T00:27:02.000000;475b2359-c47a-4898-b0a5-bc71240a7798;409.69;0.244;BUY
2016-03-19T00:27:01.903000;2016-03-19T00:27:02.000000;12414568-343d-4548-814e-1f7e98ebfa3b;409.73;0.21958;BUY
2016-03-19T00:27:01.903000;2016-03-19T00:27:02.000000;b60294c5-6d50-4101-82e4-cc84a9fbeaff;409.74;0.25;BUY
2016-03-19T00:27:01.903000;2016-03-19T00:27:02.000000;6d09df82-5747-40a6-a9ba-c9aba9e3b83f;409.75;0.01;BUY
2016-03-19T00:27:01.903000;2016-03-19T00:27:02.023000;4eca22fe-cab2-4a1c-9bee-013160080c0d;409.76;0.13851;BUY
2016-03-19T00:27:31.860000;2016-03-19T00:27:31.917000;439f9fd3-0332-43a2-994c-318507d192f0;409.76;0.11149;BUY
2016-03-19T00:27:31.860000;2016-03-19T00:27:31.933000;a43b2cf7-bba7-41ba-baad-58820f12d94b;409.76;0.245;BUY
2016-03-19T00:27:31.860000;2016-03-19T00:27:31.933000;faa9e50c-81fb-4ee6-8a85-9ebc7df22a15;409.76;0.245;BUY
2016-03-19T00:27:31.860000;2016-03-19T00:27:31.933000;4a8b63c7-07e7-4e23-a679-12006142d435;409.77;0.25;BUY
2016-03-19T00:27:31.860000;2016-03-19T00:27:31.950000;b0ecbf63-1a26-4ea7-9e59-2278556c82a1;409.77;0.01;BUY
2016-03-19T00:27:31.860000;2016-03-19T00:27:31.950000;39e87016-f72c-4817-a09e-4be888529a22;409.78;0.23792;BUY
2016-03-19T00:27:39.713000;2016-03-19T00:27:39.773000;5b1a78f2-b422-42c9-a81a-3b54443d5466;409.78;0.01208;BUY
2016-03-19T00:27:39.713000;2016-03-19T00:27:39.790000;b941c96d-b1da-45f2-a556-3593f3529671;409.79;0.06792;BUY
2016-03-19T00:28:01.720000;2016-03-19T00:28:01.783000;be584e4c-ce6e-4795-9852-1429c5ab406a;409.79;0.09578;BUY
2016-03-19T00:28:01.720000;2016-03-19T00:28:01.800000;5027a64b-450b-494e-bf4a-70fde3d2df43;409.84;0.01;BUY
2016-03-19T00:28:01.720000;2016-03-19T00:28:01.803000;f4124352-c402-43a2-9bd9-c797a9383a26;409.88;0.09205;BUY
2016-03-19T00:28:10.313000;2016-03-19T00:28:10.367000;15cb67db-2392-4a7e-80f1-6838fb08891b;409.67;0.331;SELL
2016-03-19T00:28:31.570000;2016-03-19T00:28:31.643000;4ffe3616-54e5-4912-9a7c-7cc6e3a84ef7;409.66;0.24169;BUY
2016-03-19T00:29:38.457000;2016-03-19T00:29:38.527000;6655321c-abb5-4ddd-b13e-7d9b718c32c6;409.64;0.08;BUY
2016-03-19T00:30:01.663000;2016-03-19T00:30:01.713000;06d00d00-df14-4890-865d-228fd1f4b58e;409.56;0.01;SELL
2016-03-19T00:30:01.663000;2016-03-19T00:30:01.730000;ebdd3262-13be-42a4-8f4e-b3b83fce026e;409.56;0.081;SELL
2016-03-19T00:30:01.663000;2016-03-19T00:30:01.730000;b86793bc-d1be-4830-9b72-3bed3660ab66;409.54;0.25;SELL
2016-03-19T00:30:01.667000;2016-03-19T00:30:01.730000;301a9b1d-f46d-4cc2-a758-422848a52c9d;409.54;0.14451;SELL
2016-03-19T00:30:31.670000;2016-03-19T00:30:31.730000;22413818-10fa-48db-9f49-2518bda96481;409.64;0.314;BUY
2016-03-19T00:30:31.670000;2016-03-19T00:30:31.730000;cca893d2-c00d-4954-9b29-fe04ab36b761;409.65;2.10294;BUY
2016-03-19T00:31:01.510000;2016-03-19T00:31:01.573000;02dd627b-78a8-484b-9c5e-f96b444f467e;409.78;0.25;BUY
2016-03-19T00:31:01.510000;2016-03-19T00:31:01.587000;af9ea7d3-4a07-4b7c-b39e-ee5037fc4730;409.78;0.079;BUY
2016-03-19T00:31:01.513000;2016-03-19T00:31:01.587000;87af9f0d-dfa9-42ca-87f4-46d4af8283e6;409.79;0.01;BUY
2016-03-19T00:31:01.513000;2016-03-19T00:31:01.587000;0fe4269d-def0-47d9-b209-d3d1aab530ed;409.86;0.22;BUY
2016-03-19T00:31:01.513000;2016-03-19T00:31:01.603000;c90e6f08-7a64-4cc3-87b1-d827d9e3e823;409.87;0.02;BUY
2016-03-19T00:31:01.513000;2016-03-19T00:31:01.603000;4ab040ee-26a3-4886-bebc-a513b9f11940;409.88;0.22;BUY
2016-03-19T00:31:01.513000;2016-03-19T00:31:01.603000;a6cfbbd9-9e57-48d1-aaa3-78038e385acc;409.89;0.01;BUY
2016-03-19T00:31:01.513000;2016-03-19T00:31:01.603000;3992a49f-ede5-4811-8e36-f9bb7184fa9b;409.89;0.107;BUY
2016-03-19T00:31:01.513000;2016-03-19T00:31:01.603000;529986ca-89b6-489f-a3f9-fbcec34323bf;409.92;0.44;BUY
2016-03-19T00:31:01.513000;2016-03-19T00:31:01.603000;3803a0cc-453d-478c-b7db-53d1ecc20e73;409.93;0.01;BUY
2016-03-19T00:31:01.513000;2016-03-19T00:31:01.603000;273fd58e-4c62-4f54-94a0-24855ab48581;409.93;0.1518;BUY
2016-03-19T00:31:31.420000;2016-03-19T00:31:31.480000;dc2afeb6-0d61-4419-a1cb-b91633e875f9;409.87;0.02;BUY
2016-03-19T00:31:31.420000;2016-03-19T00:31:31.497000;963b5002-5e37-423f-a308-56dfe7bd1a56;409.98;0.05245;BUY
2016-03-19T00:32:01.680000;2016-03-19T00:32:01.730000;48be0e2a-35d8-4c06-9a2e-eff83c276574;410.0;0.05;BUY
2016-03-19T00:32:01.680000;2016-03-19T00:32:01.747000;2abd4d0a-1f61-4cf3-a3aa-7d619c264184;410.0;0.0949;BUY
2016-03-19T00:33:01.653000;2016-03-19T00:33:01.700000;05e8b2c3-5676-4176-b727-a552c572fb29;409.88;0.05;SELL
2016-03-19T00:33:01.653000;2016-03-19T00:33:01.720000;22cee740-42c2-497d-9613-1d0d2ad97e4a;409.88;0.374;SELL
2016-03-19T00:33:01.653000;2016-03-19T00:33:01.720000;1007c87b-4704-4ebe-ae1e-6fe19f5c005f;409.87;0.07463;SELL
2016-03-19T00:33:21.400000;2016-03-19T00:33:21.457000;9f63e84f-6f98-4efe-bcfc-f0b9157fb306;409.88;0.07131;SELL
2016-03-19T00:33:26.353000;2016-03-19T00:33:26.403000;54a133bd-6bcc-4832-9695-b42406d600be;410.08;0.02;BUY
2016-03-19T00:33:26.353000;2016-03-19T00:33:26.420000;3621015e-00b7-4159-aa5d-838202fc6679;410.1;0.25;BUY
2016-03-19T00:33:26.353000;2016-03-19T00:33:26.420000;a0265701-c97e-469f-8d42-484e3c9a62e5;410.11;0.076;BUY
2016-03-19T00:33:27.327000;2016-03-19T00:33:27.390000;acc0d8dd-0123-4636-8df9-5609109e5aba;410.12;0.01;BUY
2016-03-19T00:33:27.327000;2016-03-19T00:33:27.390000;7c607cf7-acbc-405b-84c8-82221ebadb5e;410.12;0.087;BUY
2016-03-19T00:33:27.327000;2016-03-19T00:33:27.393000;0c5fbfa7-d38d-43dd-9df8-cd8418d755f8;410.12;0.52894669;BUY
2016-03-19T00:33:28.313000;2016-03-19T00:33:28.367000;cc87bc85-9bac-4ed3-b5a3-aaf217b85dcc;410.16;0.01;BUY
2016-03-19T00:33:28.313000;2016-03-19T00:33:28.367000;c0f17da7-3719-41d6-8b66-79957167461e;410.16;0.083;BUY
2016-03-19T00:33:28.313000;2016-03-19T00:33:28.367000;1a1f7ddb-d471-4827-920f-bbf51a5b8f55;410.16;0.53294669;BUY
2016-03-19T00:33:29.330000;2016-03-19T00:33:29.383000;c373d2cc-4761-46a9-ba21-313f3f622ca4;410.23;0.5;BUY
2016-03-19T00:33:29.330000;2016-03-19T00:33:29.403000;3aa54cef-ac21-430a-a343-5ee6b4a52e97;410.23;0.12594669;BUY
2016-03-19T00:33:32.477000;2016-03-19T00:33:32.540000;73575608-c7c2-44ae-a9b3-ebac582be5d3;410.12;2.42316883;SELL
2016-03-19T00:33:32.477000;2016-03-19T00:33:32.540000;897f3ee9-fe36-411b-b46c-593f56ef4477;410.12;1.06;SELL
2016-03-19T00:33:32.477000;2016-03-19T00:33:32.540000;41d93c6b-8772-416c-a839-1c0c800f47f7;410.11;0.27994669;SELL
2016-03-19T00:33:32.477000;2016-03-19T00:33:32.540000;b0a816e6-010d-4fac-8803-3dc740f33c57;410.02;0.62594669;SELL
2016-03-19T00:33:32.477000;2016-03-19T00:33:32.540000;1d557d31-86b4-456c-ba9f-b3cfa25a3e3d;409.99;0.37;SELL
2016-03-19T00:33:32.477000;2016-03-19T00:33:32.557000;43828a54-bef5-4f10-ad32-71bfc8cec69b;409.93;0.59076779;SELL
2016-03-19T00:34:01.747000;2016-03-19T00:34:01.793000;f4b0f6c3-d67a-445c-beb8-cce4591664d8;410.09;0.05;BUY
2016-03-19T00:34:01.747000;2016-03-19T00:34:01.793000;0fd8691d-f8a3-433a-81f2-d0f091ef5c3d;410.09;0.122;BUY
2016-03-19T00:34:01.747000;2016-03-19T00:34:01.820000;c1754b16-eea7-4c9d-b31c-6e20f532cf37;410.09;0.22;BUY
2016-03-19T00:34:01.747000;2016-03-19T00:34:01.820000;ac8113de-00dd-44f5-b619-d7b8da8b9bdf;410.23;0.05;BUY
2016-03-19T00:34:01.747000;2016-03-19T00:34:01.820000;9533b8b6-c837-4656-970c-0b96b65e2dbf;410.24;0.0843;BUY
2016-03-19T00:34:31.840000;2016-03-19T00:34:31.887000;98b38701-0400-446e-a9bc-2adc25e8ead6;409.93;0.0351789;SELL
2016-03-19T00:34:31.840000;2016-03-19T00:34:31.903000;3eabe95e-9f00-4365-8a71-e1d6acceab8e;409.91;0.01;SELL
2016-03-19T00:34:31.840000;2016-03-19T00:34:31.903000;e63dca0a-04e8-4794-915a-060aad7a60eb;409.86;0.25;SELL
2016-03-19T00:34:31.840000;2016-03-19T00:34:31.903000;caea9807-30b3-4ef4-b509-6c4c96aec9fb;409.84;0.62594669;SELL
2016-03-19T00:34:31.840000;2016-03-19T00:34:31.917000;a661dd10-a8b7-4f27-a764-15d5e9e0653e;409.84;0.05;SELL
2016-03-19T00:34:31.840000;2016-03-19T00:34:31.917000;21787314-f994-4f85-9a14-a9da566ca38e;409.83;0.106;SELL
2016-03-19T00:34:31.840000;2016-03-19T00:34:31.917000;2698c215-fbb7-4d6e-adc4-56c702146441;409.78;0.075;SELL
2016-03-19T00:34:31.840000;2016-03-19T00:34:31.923000;6ff4aad8-9928-403d-9e4e-92b2099245bb;409.77;1.0;SELL
2016-03-19T00:34:31.843000;2016-03-19T00:34:31.923000;e52c7add-2c9b-43ab-b1af-17dd4383afc6;409.75;0.0115;SELL
2016-03-19T00:34:31.843000;2016-03-19T00:34:31.923000;8c82031f-7d45-4e2f-8b2d-dbd0ac1ea4a6;409.75;0.62594669;SELL
2016-03-19T00:34:31.843000;2016-03-19T00:34:31.940000;c5e88e49-b7ca-46ce-98e6-ad4362e3df2c;409.74;0.01;SELL
2016-03-19T00:34:31.843000;2016-03-19T00:34:31.940000;e0184087-62dd-4930-a551-c9a502fbfb69;409.73;0.129;SELL
2016-03-19T00:34:31.843000;2016-03-19T00:34:31.940000;eb8f8093-807a-4434-ad98-0ba7f2acfa0c;409.68;0.12;SELL
2016-03-19T00:34:31.843000;2016-03-19T00:34:31.940000;062a588b-94f2-43d8-a2de-1681887b219b;409.66;0.62594669;SELL
2016-03-19T00:34:31.843000;2016-03-19T00:34:31.940000;96fefb06-8da6-417a-a3d3-a61a12942df0;409.62;0.20459103;SELL
2016-03-19T00:34:58.533000;2016-03-19T00:34:58.573000;9c85b1f1-d0c8-4431-ae09-b7fcfcb180fd;409.72;0.0282;BUY
2016-03-19T00:34:58.533000;2016-03-19T00:34:58.587000;6e30deda-d610-4276-874d-03ad3753c9e3;409.73;0.0718;BUY
2016-03-19T00:35:01.810000;2016-03-19T00:35:01.860000;9f248db7-b0f0-49a3-912e-987bd0529eb2;409.71;0.0193;BUY
2016-03-19T00:35:01.810000;2016-03-19T00:35:01.860000;49bce893-aabd-4821-83cc-6a5ab63a6b15;409.71;0.0199;BUY
2016-03-19T00:35:01.810000;2016-03-19T00:35:01.883000;a50ec350-e4de-4715-9b60-b474618955bb;409.71;5.95;BUY
2016-03-19T00:35:01.810000;2016-03-19T00:35:01.883000;a430452c-f0ea-4079-86c7-bb8e3ac7b089;409.71;0.245;BUY
2016-03-19T00:35:01.810000;2016-03-19T00:35:01.883000;02f3bd6e-8892-4bba-820a-8db7fc9fadcb;409.71;0.05;BUY
2016-03-19T00:35:01.810000;2016-03-19T00:35:01.883000;afbeb955-71ff-4abf-9693-08319cac71e4;409.74;0.0287;BUY
2016-03-19T00:35:01.810000;2016-03-19T00:35:01.883000;6d95d289-8762-454e-93bd-3fff3ca126a0;409.74;0.25;BUY
2016-03-19T00:35:01.810000;2016-03-19T00:35:01.883000;ca28a644-602b-4067-97ab-4e52dc7f3d84;409.76;0.0273;BUY
2016-03-19T00:35:01.810000;2016-03-19T00:35:01.900000;a915c6ff-4109-4b39-97d4-0733b244866f;409.78;0.0268;BUY
2016-03-19T00:35:01.810000;2016-03-19T00:35:01.900000;a5d85d53-52d8-4eeb-bda9-f7b5f7183755;409.82;0.0278;BUY
2016-03-19T00:35:01.810000;2016-03-19T00:35:01.900000;6727b961-3738-4d49-b861-1296aa0bac98;409.84;0.0224;BUY
2016-03-19T00:35:01.810000;2016-03-19T00:35:01.900000;a7d24d8f-0afd-45fe-87dc-9d8f60fd853a;409.87;1.32;BUY
2016-03-19T00:35:01.810000;2016-03-19T00:35:01.913000;b4425f80-dbbb-4920-a883-df32738eb0ce;409.87;0.15;BUY
2016-03-19T00:35:01.813000;2016-03-19T00:35:01.913000;51088025-29d0-49e0-a9d6-a6f58ceeee4d;409.88;0.027;BUY
2016-03-19T00:35:01.813000;2016-03-19T00:35:01.917000;4c90dfd1-f2fc-4532-96c6-cd0e18483149;409.93;3.90609;BUY
2016-03-19T00:35:31.573000;2016-03-19T00:35:31.623000;f236c3bb-14f8-4e1f-8c89-3db3631b1a58;409.76;0.0205;BUY
2016-03-19T00:35:31.577000;2016-03-19T00:35:31.623000;db8707da-4500-4f2f-94d1-66e8e360ac2b;409.78;0.0201;BUY
2016-03-19T00:35:31.577000;2016-03-19T00:35:31.623000;e1146a83-f84c-4818-b468-c9229bcd4418;409.8;0.44;BUY
2016-03-19T00:35:31.577000;2016-03-19T00:35:31.640000;341550fe-f6f4-4c12-8d1e-6a7d8dc575ff;409.81;0.0178;BUY
2016-03-19T00:35:31.577000;2016-03-19T00:35:31.640000;5c6b973d-7e93-48cc-b087-ced397aa5a98;409.83;0.79599;BUY
2016-03-19T00:35:56.967000;2016-03-19T00:35:57.017000;3190074e-f969-445a-b985-2881be4eeadc;409.89;6.071e-05;BUY
2016-03-19T00:36:03.940000;2016-03-19T00:36:03.987000;22594ebd-161f-47ea-a38d-5ba76fc660f1;409.97;0.5319;BUY
2016-03-19T00:36:31.743000;2016-03-19T00:36:31.793000;1726fb5d-2e62-4c39-9c50-818bba8633a6;409.96;0.01328;BUY
2016-03-19T00:37:00.890000;2016-03-19T00:37:00.923000;b1d90556-c2c5-4b9f-8c6a-784fd0bdef76;409.86;0.32;BUY
2016-03-19T00:37:00.890000;2016-03-19T00:37:00.940000;b95e7258-2ef3-448e-a955-28160fbc5259;409.87;2.37066;BUY
2016-03-19T00:37:30.543000;2016-03-19T00:37:30.587000;af22f63e-789c-42e9-83ae-c86d651ad4d5;409.62;0.01;SELL
2016-03-19T00:37:30.543000;2016-03-19T00:37:30.603000;d773c46f-b527-4441-872d-7e166c4d40a0;409.61;0.01;SELL
2016-03-19T00:37:30.543000;2016-03-19T00:37:30.603000;746d73f9-b8ee-40f6-9ae4-11bf2b0ce373;409.58;0.06364;SELL
2016-03-19T00:38:00.830000;2016-03-19T00:38:00.863000;294365d5-734a-4e8a-be3e-0649a0f71d0e;409.7;0.05;BUY
2016-03-19T00:38:00.830000;2016-03-19T00:38:00.880000;fbbd79b9-3454-4791-98b9-020a0e395f19;409.7;0.08322;BUY
2016-03-19T00:38:30.833000;2016-03-19T00:38:30.863000;1c1dd510-e397-4d2c-9b74-fc7ab49ad1f3;409.68;0.05;BUY
2016-03-19T00:38:30.833000;2016-03-19T00:38:30.880000;71c1218f-c408-411d-a3f3-ed471d2335a9;409.68;0.19167;BUY
2016-03-19T00:39:00.527000;2016-03-19T00:39:00.560000;88a11a61-50fa-46e5-9202-6c6b6933e8ad;409.64;0.05;BUY
2016-03-19T00:39:00.527000;2016-03-19T00:39:00.560000;976aaa7f-eaf4-41b4-bd6c-d7984954e522;409.64;0.16725;BUY
2016-03-19T00:40:01.163000;2016-03-19T00:40:01.230000;09bd03f7-b73a-40d7-8144-a39a2df4650e;409.57;0.34237;SELL
2016-03-19T00:40:30.677000;2016-03-19T00:40:30.740000;50f3cf28-8f38-4bf9-8b1a-9b928156ef89;409.59;0.05;BUY
2016-03-19T00:40:30.677000;2016-03-19T00:40:30.757000;a9519b27-e3e3-4094-a78c-0d9faf59d87a;409.59;0.15567;BUY
2016-03-19T00:41:00.590000;2016-03-19T00:41:00.657000;3433972e-5edc-43b2-a8a8-9dedb2f5659d;409.57;0.28357669;SELL
2016-03-19T00:41:00.590000;2016-03-19T00:41:00.673000;71204262-02de-4abd-8b66-cf03778e764b;409.54;0.10549;SELL
2016-03-19T00:41:00.590000;2016-03-19T00:41:00.673000;74c58daa-f48c-41e6-9985-152e786a6d35;409.51;0.02;SELL
2016-03-19T00:41:00.590000;2016-03-19T00:41:00.673000;aa41d0b2-d90e-4c2f-b5cb-d987c49a485c;409.5;0.02;SELL
2016-03-19T00:41:00.590000;2016-03-19T00:41:00.673000;faf0b1bc-a2ef-4dc8-808d-2359de781d52;409.5;0.01;SELL
2016-03-19T00:41:00.590000;2016-03-19T00:41:00.760000;dc5d5b66-c353-4a97-b339-ecfdd81d5202;409.5;0.25;SELL
2016-03-19T00:41:00.590000;2016-03-19T00:41:00.760000;7b6d0598-4232-4933-8dc9-45812966748e;409.46;0.25;SELL
2016-03-19T00:41:00.590000;2016-03-19T00:41:00.760000;bb006b63-9ab5-40b7-adba-65a9a87e488e;409.44;0.02;SELL
2016-03-19T00:41:00.593000;2016-03-19T00:41:00.760000;947e697c-f935-43ed-94b4-c0aa8df94536;409.43;0.05;SELL
2016-03-19T00:41:00.593000;2016-03-19T00:41:00.760000;05322a15-2615-4904-802e-3fd4e6d2328b;409.42;0.10298111;SELL
2016-03-19T00:41:00.593000;2016-03-19T00:41:00.760000;aee7d659-a910-4579-b6b7-435eab95ea76;409.42;0.25;SELL
2016-03-19T00:41:00.593000;2016-03-19T00:41:00.760000;49efcc72-c932-4fe6-a952-41bab5744ad6;409.42;0.25;SELL
2016-03-19T00:41:00.593000;2016-03-19T00:41:00.763000;028ed047-a674-45a8-bab4-b50904960239;409.41;0.25;SELL
2016-03-19T00:41:00.593000;2016-03-19T00:41:00.763000;9b453fc6-d5a6-4024-949e-f5dabc0628b9;409.4;0.09;SELL
2016-03-19T00:41:00.593000;2016-03-19T00:41:00.763000;b089458b-92fc-46a4-8c87-ab690af263df;409.4;0.05;SELL
2016-03-19T00:41:00.593000;2016-03-19T00:41:00.763000;8ef47e7c-62bf-4602-ac30-49e5c910faf2;409.38;0.478137;SELL
2016-03-19T00:41:00.593000;2016-03-19T00:41:00.763000;fcd1f70d-4ab6-463e-b83e-a7a9859dadb5;409.38;0.02;SELL
2016-03-19T00:41:00.593000;2016-03-19T00:41:00.763000;13c11978-f970-4132-af1c-1a4b9f6dd0e2;409.37;0.1638;SELL
2016-03-19T00:41:00.593000;2016-03-19T00:41:00.763000;7c1ee0e1-d7be-488d-ac57-aed75f64c91a;409.36;3.2200152;SELL
2016-03-19T00:41:00.783000;2016-03-19T00:41:00.847000;370bb427-58fc-4077-85ca-c1d4b77afc83;409.59;0.05;BUY
2016-03-19T00:41:00.837000;2016-03-19T00:41:00.903000;8927b545-f67d-4401-b7d8-acd15bfe794a;409.58;0.05;BUY
2016-03-19T00:41:01.160000;2016-03-19T00:41:01.240000;a8abc6c7-dcf4-46eb-9bb0-0ddd85042e16;409.58;0.05;BUY
2016-03-19T00:42:01.087000;2016-03-19T00:42:01.147000;89fdbfa9-6644-454f-aa22-5452c7fb8fe5;409.51;0.02;SELL
2016-03-19T00:42:01.087000;2016-03-19T00:42:01.163000;8679928d-f52d-495a-b1d3-61477dbb5518;409.46;0.25;SELL
2016-03-19T00:42:01.087000;2016-03-19T00:42:01.163000;8350cda6-7469-407e-b111-65e64f8e7528;409.38;0.02;SELL
2016-03-19T00:42:01.090000;2016-03-19T00:42:01.183000;41b1b05b-e193-4b33-bab1-c97c2e92b224;409.37;0.05;SELL
2016-03-19T00:42:01.090000;2016-03-19T00:42:01.183000;ce1a635f-3d22-4f9d-86e5-fabd752428f5;409.37;0.116;SELL
2016-03-19T00:42:01.090000;2016-03-19T00:42:01.183000;2ffb68e8-3272-4814-b162-bfd9ea76fc6b;409.36;6.0787;SELL
2016-03-19T00:43:00.657000;2016-03-19T00:43:00.717000;9da8fbb8-99ec-4a90-ad6a-14a1309a342e;409.52;0.05;BUY
2016-03-19T00:43:00.657000;2016-03-19T00:43:00.733000;7f5a8680-e150-4335-825b-c26a73ce37ad;409.52;0.246;BUY
2016-03-19T00:43:00.657000;2016-03-19T00:43:00.733000;7cb6f654-5b14-446c-bec0-e5e2be173775;409.52;0.246;BUY
2016-03-19T00:43:00.657000;2016-03-19T00:43:00.733000;de1f666a-254a-4246-954b-dc0d97392406;409.52;0.00476;BUY
2016-03-19T00:43:30.753000;2016-03-19T00:43:30.810000;ccc3d051-dde5-49a9-8aae-c7cc0353686f;409.51;0.02;SELL
2016-03-19T00:43:30.753000;2016-03-19T00:43:30.827000;bff7c85b-56cf-4510-859a-7fb77b7bfdba;409.39;0.097;SELL
2016-03-19T00:43:30.753000;2016-03-19T00:43:30.827000;8fd11848-2dda-475d-a24a-3ace97bac56d;409.37;0.01;SELL
2016-03-19T00:43:30.753000;2016-03-19T00:43:30.827000;a90250ef-39df-406b-8897-175dbb9de724;409.36;3.06321;SELL
2016-03-19T00:43:31.660000;2016-03-19T00:43:31.730000;5d0187f0-a8ac-4edc-a919-eae616ce9b11;409.52;0.05;BUY
2016-03-19T00:44:00.903000;2016-03-19T00:44:00.963000;f0c3c847-3e40-4959-81ef-5052952f3d87;409.46;0.9;BUY
2016-03-19T00:44:00.903000;2016-03-19T00:44:00.980000;20e83f01-3841-418a-a826-5b56c21e44e5;409.46;0.05;BUY
2016-03-19T00:44:00.903000;2016-03-19T00:44:00.980000;1432a0e1-acb7-4cf9-9f45-1d1f50e12318;409.49;0.27;BUY
2016-03-19T00:44:00.903000;2016-03-19T00:44:00.980000;382a9380-548b-47ed-bdf9-71f958d164b0;409.51;0.05;BUY
2016-03-19T00:44:00.903000;2016-03-19T00:44:00.980000;22d5fb1e-3d05-49bf-a306-36d3a48b3bc0;409.52;0.615;BUY
2016-03-19T00:44:00.907000;2016-03-19T00:44:00.997000;64d6d26d-0bd7-4366-8534-d5a33daec38a;409.54;0.02;BUY
2016-03-19T00:44:00.907000;2016-03-19T00:44:00.997000;db9b34d2-4abf-4974-b23c-521e3ff6eec9;409.54;0.02;BUY
2016-03-19T00:44:00.907000;2016-03-19T00:44:00.997000;9475c6dc-d0c3-4f46-a598-0a2b6ad1c3f8;409.54;0.261;BUY
2016-03-19T00:44:00.907000;2016-03-19T00:44:00.997000;a8e677cb-5a1c-43f1-b16c-1fee902bdce4;409.54;0.15;BUY
2016-03-19T00:44:00.907000;2016-03-19T00:44:01.000000;46f4f8be-e817-4b94-abee-8ff4a678e9b8;409.55;0.01;BUY
2016-03-19T00:44:00.907000;2016-03-19T00:44:01.000000;3cfae7ab-a369-4d4b-837d-ac6a20b3e0f3;409.57;5.15037;BUY
2016-03-19T00:44:01.743000;2016-03-19T00:44:01.807000;032016b9-90ed-4fc8-b5e1-43f33c0f67c4;409.57;0.05;BUY
2016-03-19T00:44:01.797000;2016-03-19T00:44:01.860000;32553e5d-7c27-4221-90d5-6e794ddd98c0;409.57;0.05;BUY
2016-03-19T00:44:01.850000;2016-03-19T00:44:01.917000;0209ffec-2a44-4810-ae32-2bd6e29560a7;409.57;0.05;BUY
2016-03-19T00:44:34.727000;2016-03-19T00:44:34.813000;477a6132-de8e-4247-8e86-bee7a423422d;409.6;0.02;BUY
2016-03-19T00:44:34.727000;2016-03-19T00:44:34.813000;d3452be5-c44d-4519-aa17-695cbdb911f5;409.61;0.103;BUY
2016-03-19T00:44:34.730000;2016-03-19T00:44:34.813000;5c40d5fd-2363-408c-b249-d0f5dad7a2e2;409.62;0.01;BUY
2016-03-19T00:44:34.730000;2016-03-19T00:44:34.813000;23461699-e35d-4373-9d6c-675006e11497;409.65;0.1;BUY
2016-03-19T00:44:34.730000;2016-03-19T00:44:34.813000;05817960-c549-409e-bba9-6e647c5fbd50;409.66;0.02;BUY
2016-03-19T00:44:34.730000;2016-03-19T00:44:34.837000;139e66bb-3f78-40fe-8f66-f59b3c67a5d8;409.68;0.22;BUY
2016-03-19T00:44:34.730000;2016-03-19T00:44:34.837000;28962e75-5043-43d8-bf85-449cdf585744;409.69;0.25;BUY
2016-03-19T00:44:34.730000;2016-03-19T00:44:34.837000;c5c9577d-9a9e-4320-8dec-582876391558;409.7;0.25;BUY
2016-03-19T00:44:34.730000;2016-03-19T00:44:34.837000;1665493b-9910-49bc-8225-5cb5e26a78c3;409.7;0.25;BUY
2016-03-19T00:44:34.730000;2016-03-19T00:44:34.837000;7b949de5-2a4e-4a8c-a285-c018476b20f7;409.7;0.082;BUY
2016-03-19T00:44:34.730000;2016-03-19T00:44:34.837000;601740ce-ac88-43d5-bd56-84df7b506d5d;409.7;0.15;BUY
2016-03-19T00:44:34.730000;2016-03-19T00:44:34.837000;3c22e24f-7405-4189-a562-5b0d97209307;409.72;1.54;BUY
2016-03-19T00:44:34.730000;2016-03-19T00:44:34.837000;42996e9c-f96b-4821-aaa8-a40cad62c4e1;409.73;0.01;BUY
2016-03-19T00:44:34.730000;2016-03-19T00:44:34.840000;d2c7d801-a692-431b-8f26-1887150ad2ed;409.73;1.94373;BUY
2016-03-19T00:44:41.237000;2016-03-19T00:44:41.303000;fc2eca24-e271-4026-975e-4a0b93e9d3d3;409.79;0.05;BUY
2016-03-19T00:44:41.300000;2016-03-19T00:44:41.367000;5f7716d7-d275-4aa3-98bf-d032e71c2968;409.79;0.05;BUY
2016-03-19T00:44:41.343000;2016-03-19T00:44:41.403000;f12ec78a-5fbc-4f70-b61c-6a4bcf8a9177;409.79;0.05;BUY
2016-03-19T00:44:41.597000;2016-03-19T00:44:41.663000;d4a6e5a3-ad63-4a4b-864e-05599361413f;409.78;0.0199;SELL
2016-03-19T00:44:44.080000;2016-03-19T00:44:44.143000;7ddbf7e8-ab0e-44fc-9ae3-4d9885e5a803;409.78;0.05;SELL
2016-03-19T00:44:44.080000;2016-03-19T00:44:44.143000;c9b685d8-bec5-49ae-a81a-f22c5a7112d1;409.77;0.0238;SELL
2016-03-19T00:44:44.080000;2016-03-19T00:44:44.160000;3d784cb7-ccf4-4ceb-a758-2caa25390b4c;409.77;3.0892;SELL
2016-03-19T00:45:01.040000;2016-03-19T00:45:01.107000;566931a4-2c74-451f-9b52-3a2c1e01e2e3;409.72;0.05;BUY
2016-03-19T00:45:01.040000;2016-03-19T00:45:01.107000;f752563f-2da7-4340-b3b5-622865acc8e2;409.73;1.29565;BUY
2016-03-19T00:45:30.740000;2016-03-19T00:45:30.817000;9a7a35e0-8b6e-4021-b574-6ae47dc241c5;409.51;0.01;SELL
2016-03-19T00:45:30.740000;2016-03-19T00:45:30.817000;ecd3c699-b028-48ec-b771-6a6ba1ed4372;409.51;0.0115;SELL
2016-03-19T00:45:30.740000;2016-03-19T00:45:30.817000;72e1b0cb-8e40-4a63-8b42-7202c3d9e040;409.5;0.02;SELL
2016-03-19T00:45:30.740000;2016-03-19T00:45:30.817000;b9b8fe4e-3396-48bb-9ea9-47b090e3604e;409.45;0.25;SELL
2016-03-19T00:45:30.740000;2016-03-19T00:45:30.817000;b2acaf01-e7d6-4d43-861f-53ff70f6b2e5;409.44;0.02;SELL
2016-03-19T00:45:30.740000;2016-03-19T00:45:30.817000;9528cfb4-eaa3-4d30-9cd8-5999afad8d0b;409.38;0.02;SELL
2016-03-19T00:45:30.740000;2016-03-19T00:45:30.837000;c2b3662c-793f-4344-8897-d61600ed403e;409.38;0.05;SELL
2016-03-19T00:45:30.740000;2016-03-19T00:45:30.837000;b8ac03b0-7f66-4217-b5de-e0df72a80898;409.37;0.5;SELL
2016-03-19T00:45:30.740000;2016-03-19T00:45:30.837000;4d54f584-5645-4aac-b6a3-3daf4ad5b2e3;409.36;0.77105;SELL
2016-03-19T00:46:16.527000;2016-03-19T00:46:16.577000;6270e58b-74c6-4907-a046-675156977cf0;409.38;0.0272;BUY
2016-03-19T00:46:16.527000;2016-03-19T00:46:16.593000;d22a8e93-5787-415d-82c4-d2688c47a561;409.38;0.73765711;BUY
2016-03-19T00:46:22.237000;2016-03-19T00:46:22.297000;5ec99e69-7b98-4262-82bd-dafea6284ece;409.37;0.01;SELL
2016-03-19T00:46:22.237000;2016-03-19T00:46:22.297000;d5cdd82f-b7ec-41fa-b627-2f5932d114df;409.36;0.04;SELL
2016-03-19T00:46:31.227000;2016-03-19T00:46:31.300000;0a02312e-ad6b-4b5c-86e1-5adb9b848803;409.37;0.0187;BUY
2016-03-19T00:46:31.227000;2016-03-19T00:46:31.300000;9e4d719e-4288-4206-b06c-1451a58212d1;409.37;1.8;BUY
2016-03-19T00:46:31.227000;2016-03-19T00:46:31.300000;b27d24ee-42a9-418d-af9d-5390091f4df2;409.37;0.04562;BUY
2016-03-19T00:47:00.950000;2016-03-19T00:47:01.013000;1529196e-b935-4d72-88d1-f35c72368620;409.37;0.53548;BUY
2016-03-19T00:47:12.347000;2016-03-19T00:47:12.400000;4a240d4e-c191-4b27-b37a-3d2d020f48d1;409.36;1.31;SELL
2016-03-19T00:47:18.267000;2016-03-19T00:47:18.310000;0a2a4670-1338-494b-8cb7-570bf57bc3f0;409.36;0.0499;SELL
2016-03-19T00:47:31.353000;2016-03-19T00:47:31.397000;6ffc13a5-e92e-41bf-a1da-c310a53f6281;409.36;0.23763;SELL
2016-03-19T00:48:02.007000;2016-03-19T00:48:02.053000;9b22a249-996a-4702-b5ff-8404a512f35f;409.36;0.1124;SELL
2016-03-19T00:48:30.870000;2016-03-19T00:48:30.913000;4afbecf8-26cf-485d-8a6e-b7ef607c3eb9;409.37;0.12092;BUY
2016-03-19T00:49:03.697000;2016-03-19T00:49:03.740000;7a6ccca0-7760-498f-a61e-b0cc3e48e4d3;409.37;0.12092;BUY
2016-03-19T00:49:30.920000;2016-03-19T00:49:30.963000;df13b49f-eb47-42ce-9716-b29e592d58ff;409.37;1.38131;BUY
2016-03-19T00:49:34.587000;2016-03-19T00:49:34.627000;5ef5993b-99b6-407f-8aa7-375ffb8d43d3;409.36;7.286;SELL
2016-03-19T00:50:01.473000;2016-03-19T00:50:01.513000;833c73d4-3c1c-4ccb-a451-9ca077240c18;409.37;0.24669;BUY
2016-03-19T00:50:31.017000;2016-03-19T00:50:31.053000;d597088b-2dbc-444e-81db-a94618735871;409.36;0.99623;SELL
2016-03-19T00:51:01.017000;2016-03-19T00:51:01.060000;ad8b1e31-df3f-4d06-85be-06752eb83ef4;409.36;0.88524;SELL
2016-03-19T00:51:30.940000;2016-03-19T00:51:30.973000;56cb54fc-49d8-4c54-bf0b-378c4dde66b2;409.37;0.72558;BUY
2016-03-19T00:52:01.060000;2016-03-19T00:52:01.100000;cdd7f561-531d-4916-9b1a-35ed17b719b8;409.37;0.99064;BUY
2016-03-19T00:52:30.970000;2016-03-19T00:52:31.003000;7e1b88fb-ae45-43bf-96bb-3c2de0c7209b;409.37;1.48499;BUY
2016-03-19T00:53:01.160000;2016-03-19T00:53:01.193000;2719e52a-bd92-40f6-bbaa-136e67b4fe01;409.37;0.24132;BUY
2016-03-19T00:53:30.937000;2016-03-19T00:53:30.967000;d3a371bc-7977-4c7e-a620-8699ca10f1cd;409.37;0.99165;BUY
2016-03-19T00:54:01.043000;2016-03-19T00:54:01.070000;7eaa7da0-52c0-4a56-afaa-5581f8411bd2;409.37;0.36181;BUY
2016-03-19T00:54:31.540000;2016-03-19T00:54:31.567000;40830b7c-8680-4e16-8d9b-83150f354b2d;409.37;2.79869;BUY
2016-03-19T00:54:31.540000;2016-03-19T00:54:31.587000;8325f3e8-ee9b-4201-8ded-4e3ca26286b7;409.37;2.86057551;BUY
2016-03-19T00:54:31.540000;2016-03-19T00:54:31.590000;c8674b41-6614-4c20-8d1d-73304727a8f8;409.37;0.15;BUY
2016-03-19T00:54:31.540000;2016-03-19T00:54:31.590000;015af4d4-f91a-4df7-a26b-ea0b7da336c7;409.37;0.47908449;BUY
2016-03-19T00:55:02.090000;2016-03-19T00:55:02.163000;aadf753c-9cd5-4179-b47c-825ff5e0b87c;409.37;0.2464;BUY
2016-03-19T00:55:02.100000;2016-03-19T00:55:02.163000;c74cc93d-da28-4a65-b979-ca184d61c5ec;409.37;0.0342;BUY
2016-03-19T00:55:02.413000;2016-03-19T00:55:02.487000;780ca821-1bf6-4285-86cf-bf59ff338af9;409.37;0.03562;BUY
2016-03-19T00:55:02.660000;2016-03-19T00:55:02.723000;7f7f59d0-b58c-4196-b641-f1c1b4e57728;409.37;0.4771;BUY
2016-03-19T00:55:02.677000;2016-03-19T00:55:02.747000;e297dade-aa5d-4fbc-9c37-cbdf47e55363;409.37;0.0225;BUY
2016-03-19T00:55:02.687000;2016-03-19T00:55:02.763000;2308b1a4-f90d-4065-803b-c95c26b61e0b;409.37;0.03;BUY
2016-03-19T00:55:02.880000;2016-03-19T00:55:02.943000;3dac0e53-f2f1-4f72-99df-ab357c285809;409.37;0.18418;BUY
2016-03-19T00:55:09.057000;2016-03-19T00:55:09.117000;15e4d09c-d692-4ddb-962a-76404d0da19d;409.36;8.44824;SELL
2016-03-19T00:55:29.343000;2016-03-19T00:55:29.407000;3e72f1c0-55a3-435c-8d85-f02338f49144;409.36;2.0;SELL
2016-03-19T00:55:31.113000;2016-03-19T00:55:31.187000;c2660802-debd-4b72-9ef6-5573a3f8467b;409.37;0.68148;BUY
2016-03-19T00:56:01.500000;2016-03-19T00:56:01.567000;40993011-8149-4dd4-9a80-bce5f943754c;409.48;0.25;BUY
2016-03-19T00:56:01.500000;2016-03-19T00:56:01.567000;2fca3dc0-4e91-46ac-bb1f-f6daa9d291a5;409.48;0.219;BUY
2016-03-19T00:56:01.500000;2016-03-19T00:56:01.593000;b3862b5b-5e30-470c-91b0-d1a3ec7662ae;409.49;0.23268;BUY
2016-03-19T00:56:28.290000;2016-03-19T00:56:28.357000;71b77183-fb0c-4bf5-8e8d-b161d6a21412;409.42;0.05;SELL
2016-03-19T00:56:32.533000;2016-03-19T00:56:32.603000;07317a5a-d545-410d-8d93-956548bd25f8;409.49;0.01732;BUY
2016-03-19T00:56:32.533000;2016-03-19T00:56:32.603000;5a79caae-5089-41fa-85e2-cdd92c725707;409.49;0.03104;BUY
2016-03-19T00:57:01.523000;2016-03-19T00:57:01.580000;56483b8c-50db-4217-98bc-1526fa481cfc;409.49;0.21896;BUY
2016-03-19T00:57:01.523000;2016-03-19T00:57:01.597000;12688617-5333-43f4-964a-516c7a80c77f;409.5;0.01;BUY
2016-03-19T00:57:01.527000;2016-03-19T00:57:01.597000;dca1eeb6-c22f-4b0f-921f-255f8c2691ab;409.54;0.02;BUY
2016-03-19T00:57:01.527000;2016-03-19T00:57:01.597000;31d475b8-8682-4c0e-b76e-27b436280c0c;409.55;0.01;BUY
2016-03-19T00:57:01.527000;2016-03-19T00:57:01.617000;4f7b9746-ce49-4cf8-ad9e-146c25932588;409.6;0.02;BUY
2016-03-19T00:57:01.527000;2016-03-19T00:57:01.617000;d1a1ed32-2eca-411d-96f8-97b4f16fde1d;409.61;0.18756;BUY
2016-03-19T00:57:31.280000;2016-03-19T00:57:31.340000;6ec7dd22-4fa1-40b5-8847-c75d0c87a8cb;409.61;0.06244;BUY
2016-03-19T00:57:31.280000;2016-03-19T00:57:31.357000;f81b5954-f7da-4018-b095-d2cf89b4b6c2;409.66;0.02;BUY
2016-03-19T00:57:31.280000;2016-03-19T00:57:31.357000;19a3a631-61a9-4f4d-8c37-87e287d7d418;409.74;0.01;BUY
2016-03-19T00:57:31.283000;2016-03-19T00:57:31.357000;f65fec51-ce08-4774-8f4f-3a0154880885;409.75;0.075;BUY
2016-03-19T00:57:31.283000;2016-03-19T00:57:31.357000;52e9afe2-2829-4a3f-b70d-0df5a5eaa90a;409.79;0.0138;BUY
2016-03-19T00:57:31.283000;2016-03-19T00:57:31.380000;8f401839-68cc-4ff0-964b-e59b5ce7a655;409.8;0.111;BUY
2016-03-19T00:57:31.283000;2016-03-19T00:57:31.380000;8564ed28-f760-48b3-8173-b0feaaf4b1bd;409.85;0.01;BUY
2016-03-19T00:57:31.283000;2016-03-19T00:57:31.380000;4dd0aa6d-583e-47f6-89af-2cafeb1dd5e5;409.85;0.04776;BUY
2016-03-19T00:58:02.150000;2016-03-19T00:58:02.217000;8feea76b-6651-498e-a781-256a2b1b2258;409.86;0.01;BUY
2016-03-19T00:58:02.150000;2016-03-19T00:58:02.217000;fda5d1aa-4ebf-47bb-b01a-bd66c84e629b;409.94;0.114;BUY
2016-03-19T00:58:02.150000;2016-03-19T00:58:02.217000;a5f70367-d140-4788-b2b8-258a791293ac;409.98;0.01;BUY
2016-03-19T00:58:02.150000;2016-03-19T00:58:02.233000;325a6646-8a84-4584-9fc1-45c8da134cdb;410.04;0.118;BUY
2016-03-19T00:58:02.150000;2016-03-19T00:58:02.233000;0a4905f8-a784-4a44-bd23-90fcc1a8961f;410.11;0.075;BUY
2016-03-19T00:58:02.150000;2016-03-19T00:58:02.233000;d7c7f36b-a856-4d6f-b948-a89da52c86d4;410.12;0.02;BUY
2016-03-19T00:58:02.150000;2016-03-19T00:58:02.253000;b6b861b3-960c-4c91-8807-f9742e549d2e;410.14;0.01;BUY
2016-03-19T00:58:02.150000;2016-03-19T00:58:02.253000;f8a43cf5-3c9e-480e-942a-f18eaf3761b1;410.15;0.08399;BUY
2016-03-19T00:58:09.753000;2016-03-19T00:58:09.827000;9662d34b-9ada-4296-a504-9a1f46d2ee0d;410.13;0.02;BUY
2016-03-19T00:58:09.753000;2016-03-19T00:58:09.827000;5ef59f6c-2a5b-4de3-b7e2-4c14c25c92b7;410.19;0.249;BUY
2016-03-19T00:58:09.753000;2016-03-19T00:58:09.827000;77969b6a-feb3-47bf-a98f-2d92fc96ec40;410.21;0.05;BUY
2016-03-19T00:58:09.753000;2016-03-19T00:58:09.827000;9911901f-24df-46d4-951f-36cb81e75af4;410.22;0.081;BUY
2016-03-19T00:58:09.940000;2016-03-19T00:58:10.007000;60d0f81c-eaac-4c96-a7e6-81efbfae320f;410.22;0.28;BUY
2016-03-19T00:58:19.003000;2016-03-19T00:58:19.077000;eab3c519-1041-4201-a0fd-f625b07c7482;410.13;0.02;BUY
2016-03-19T00:58:19.003000;2016-03-19T00:58:19.077000;51d19a25-8b5a-44bc-bac7-5fb8d4d56d9b;410.13;0.102;BUY
2016-03-19T00:58:19.003000;2016-03-19T00:58:19.077000;dfc6c529-ff6e-42f7-9fe7-a7b251b3d40d;410.18;0.08;BUY
2016-03-19T00:58:19.003000;2016-03-19T00:58:19.077000;1759c7f1-df2e-4f91-a3c3-be0f1b09935e;410.2;0.05;BUY
2016-03-19T00:58:19.003000;2016-03-19T00:58:19.097000;d7650e42-e9bf-44f9-928f-c6cc0fdeb1ac;410.22;0.139;BUY
2016-03-19T00:58:19.003000;2016-03-19T00:58:19.097000;e44eb59c-c1b7-47cc-a38e-ec7a3a8e2de5;410.23;0.108;BUY
2016-03-19T00:58:19.003000;2016-03-19T00:58:19.097000;4e488638-63aa-46cd-8dcd-42ae0898821f;410.25;0.08140604;BUY
2016-03-19T00:58:19.003000;2016-03-19T00:58:19.097000;e4386c6e-ae90-458f-aeed-732a03805da0;410.25;0.01;BUY
2016-03-19T00:58:19.003000;2016-03-19T00:58:19.097000;d6b8f54d-2f94-46a6-ad12-a396cebb8da0;410.26;0.423193;BUY
2016-03-19T00:58:19.003000;2016-03-19T00:58:19.097000;83aca1a6-d523-4fa1-a479-992270d1844c;410.27;0.25;BUY
2016-03-19T00:58:19.003000;2016-03-19T00:58:19.097000;f2df7c6b-b13f-431b-a186-79f04bd1f000;410.28;0.3;BUY
2016-03-19T00:58:19.003000;2016-03-19T00:58:19.110000;56a94dbe-f773-40e0-8987-bb2414e1ef57;410.28;0.081;BUY
2016-03-19T00:58:19.003000;2016-03-19T00:58:19.110000;bdcb4568-bf7b-413e-89e5-223329dd61de;410.29;0.01;BUY
2016-03-19T00:58:19.003000;2016-03-19T00:58:19.110000;6fa02d58-792f-491e-b354-2397e792d8c8;410.3;0.1;BUY
2016-03-19T00:58:19.003000;2016-03-19T00:58:19.113000;2247fbb6-4533-449c-b243-0f8ebd262068;410.3;0.24540096;BUY
2016-03-19T00:58:22.857000;2016-03-19T00:58:22.923000;0060d222-1231-4479-b326-aa7fb666bf3d;410.13;0.02;BUY
2016-03-19T00:58:22.857000;2016-03-19T00:58:22.923000;e6182c85-8487-42d3-a50d-fee4a9290711;410.13;0.03;BUY
2016-03-19T00:58:31.217000;2016-03-19T00:58:31.277000;d133ff95-d730-45bf-9074-c096ac5d983a;410.13;0.02;BUY
2016-03-19T00:58:31.220000;2016-03-19T00:58:31.277000;9ac17f8d-e764-4911-8541-4174fa561074;410.13;0.127;BUY
2016-03-19T00:58:31.220000;2016-03-19T00:58:31.297000;a6a14a4f-beae-47a1-9532-1ef289f9a53d;410.18;0.03778;BUY
2016-03-19T00:58:31.957000;2016-03-19T00:58:32.027000;b0b1d072-e678-4cb3-8112-ac8d73c7a4ef;410.13;0.01;SELL
2016-03-19T00:58:31.957000;2016-03-19T00:58:32.027000;94f9d08e-bed5-4f8c-a6fe-e3250fc3777d;410.13;0.04;SELL
2016-03-19T00:58:35.893000;2016-03-19T00:58:35.943000;d2d6c43f-51df-4571-8452-3a6d008152b6;410.13;0.02070323;BUY
2016-03-19T00:58:35.893000;2016-03-19T00:58:35.960000;2675d005-7743-45b3-b40c-d142b322b72e;410.28;0.02929677;BUY
2016-03-19T00:58:36.617000;2016-03-19T00:58:36.667000;2d4e6e8a-7bfa-4f04-81c0-06f548c961ee;410.14;0.0173;SELL
2016-03-19T00:58:36.617000;2016-03-19T00:58:36.683000;34af8fea-0129-426d-9cd1-a4a84b73e13b;410.12;0.0175;SELL
2016-03-19T00:58:36.617000;2016-03-19T00:58:36.683000;e1b9baab-65fa-44eb-bf79-551ddebfb558;410.12;0.0152;SELL
2016-03-19T00:58:41.933000;2016-03-19T00:58:41.997000;787c420f-94c8-4d33-8345-00025699f75b;410.16;0.0158;SELL
2016-03-19T00:58:41.933000;2016-03-19T00:58:41.997000;17800c36-fcae-4443-887a-bd705451b30f;410.14;0.0169;SELL
2016-03-19T00:58:41.933000;2016-03-19T00:58:41.997000;fdbf43d7-dff0-4886-9712-fe9ee9ab748a;410.12;0.0005;SELL
2016-03-19T00:58:41.933000;2016-03-19T00:58:42.013000;1480313d-3bac-429e-8f60-c2206b22490d;410.12;0.0148;SELL
2016-03-19T00:58:41.933000;2016-03-19T00:58:42.013000;54d69333-bc04-4d5a-811f-39898c9c6bea;410.12;0.002;SELL
2016-03-19T00:58:50.733000;2016-03-19T00:58:50.790000;c40895a7-c397-40cc-86f1-6afc0565f5a4;410.0;0.0115;SELL
2016-03-19T00:58:50.733000;2016-03-19T00:58:50.790000;0c02b434-a477-4241-a8cc-a14b2cf1b740;410.0;0.0382;SELL
2016-03-19T00:59:01.577000;2016-03-19T00:59:01.627000;52f7fce9-467f-43dd-8f6c-8a6ca6f51ccb;409.95;0.01;SELL
2016-03-19T00:59:01.577000;2016-03-19T00:59:01.653000;059742ce-7d91-48b5-82a5-c605dcbd4feb;409.95;0.0918;SELL
2016-03-19T00:59:01.577000;2016-03-19T00:59:01.653000;6d00da6d-4fd6-4de8-8707-5227e72b2757;409.94;0.01;SELL
2016-03-19T00:59:01.577000;2016-03-19T00:59:01.653000;c28c0f07-e58b-4cc8-91cc-5ed65392099d;409.83;0.12;SELL
2016-03-19T00:59:01.577000;2016-03-19T00:59:01.653000;281de419-60d4-4539-b768-fe95fb02abb0;409.78;0.073;SELL
2016-03-19T00:59:01.577000;2016-03-19T00:59:01.670000;bc4703f3-e080-4afd-b9a7-610094066a83;409.73;0.01;SELL
2016-03-19T00:59:01.577000;2016-03-19T00:59:01.670000;8abdea2a-1035-4b27-8ae1-40139b132aa0;409.67;0.5;SELL
2016-03-19T00:59:01.577000;2016-03-19T00:59:01.670000;a045cab4-767d-4c0a-a012-b0d4673cb0d6;409.66;4.10761;SELL
2016-03-19T00:59:31.297000;2016-03-19T00:59:31.350000;ebc76f21-a869-47c2-8253-3161b872c2dd;409.76;0.0403;BUY
2016-03-19T00:59:31.297000;2016-03-19T00:59:31.377000;9e631e47-dd54-4ce9-8bb5-0550dfd241e5;409.76;0.0326;BUY
2016-03-19T00:59:31.300000;2016-03-19T00:59:31.377000;8ee3ad27-48fd-4596-8690-87c36e335718;409.76;0.1;BUY
2016-03-19T00:59:31.300000;2016-03-19T00:59:31.377000;64c92e47-b0b0-4a94-916a-5631448c9766;409.76;0.0352;BUY
2016-03-19T00:59:31.300000;2016-03-19T00:59:31.377000;8328e177-c96a-4302-be99-fd0ea223852e;409.76;1.83752;BUY
2016-03-19T00:59:31.300000;2016-03-19T00:59:31.377000;80aaee9f-370a-43a9-a1e5-c689ae84d3dc;409.76;0.224;BUY
2016-03-19T00:59:31.300000;2016-03-19T00:59:31.377000;c8bcbec2-4857-470e-b47d-9cd4fe7f02b7;409.76;0.0373;BUY
2016-03-19T00:59:31.300000;2016-03-19T00:59:31.377000;131b071c-bd7b-4a01-8f71-95be967c5349;409.77;0.0389;BUY
2016-03-19T00:59:31.300000;2016-03-19T00:59:31.393000;9b32484f-f003-4fb2-b169-f1dbcfb8a513;409.79;0.0355;BUY
2016-03-19T00:59:31.300000;2016-03-19T00:59:31.393000;b64318c1-88f7-4cb8-830c-435640944622;409.81;0.0356;BUY
2016-03-19T00:59:31.300000;2016-03-19T00:59:31.393000;cdeed546-a451-4f89-be1e-a4c7c4a4f355;409.83;0.0292;BUY
2016-03-19T00:59:31.300000;2016-03-19T00:59:31.393000;d482aed1-232d-4808-a744-384098eb0d29;409.86;0.0246;BUY
2016-03-19T00:59:31.300000;2016-03-19T00:59:31.410000;07a101e2-e128-4e44-8b57-fac0f7f43655;409.88;0.158;BUY
2016-03-19T00:59:31.300000;2016-03-19T00:59:31.410000;46f978cd-1f27-45f0-8ccc-3a6823b6af2e;409.89;0.0238;BUY
2016-03-19T00:59:31.300000;2016-03-19T00:59:31.410000;8f69324a-13f4-4088-ae3f-26648b038093;409.93;0.0185;BUY
2016-03-19T00:59:31.300000;2016-03-19T00:59:31.410000;bdeb39d0-a9f7-4918-84f4-0eb5884a2abd;409.93;0.05;BUY
2016-03-19T00:59:31.300000;2016-03-19T00:59:31.410000;011d74cd-6ab1-47f2-a4b1-64b57ca67e53;409.94;0.38586;BUY
2016-03-19T01:00:01.597000;2016-03-19T01:00:01.647000;32b414a2-c373-437e-970b-c77b7ee5ddfe;409.76;0.0348;BUY
2016-03-19T01:00:01.597000;2016-03-19T01:00:01.673000;9af5eda9-3ebc-4c8d-ba12-67f1fc9a71bb;409.76;0.0183;BUY
2016-03-19T01:00:01.597000;2016-03-19T01:00:01.673000;356904d0-ca3b-45f7-b82a-e7e2f31ea26d;409.76;0.0207;BUY
2016-03-19T01:00:01.600000;2016-03-19T01:00:01.673000;c5df93fb-59d4-4f68-b6cb-dbc6b63693b4;409.76;0.0194;BUY
2016-03-19T01:00:01.600000;2016-03-19T01:00:01.673000;3a03b807-4678-4c39-825a-a32f244531f6;409.76;0.76184;BUY
2016-03-19T01:00:01.600000;2016-03-19T01:00:01.673000;303f022f-7cc5-4746-8090-a909183cd392;409.76;0.0176;BUY
2016-03-19T01:00:01.600000;2016-03-19T01:00:01.690000;382b6d6f-8ba5-4ac5-8f9c-7a65110d020a;409.76;0.0144;BUY
2016-03-19T01:00:01.600000;2016-03-19T01:00:01.690000;294a1444-ac6f-4c08-ab7c-76e29bd6e401;409.76;0.0151;BUY
2016-03-19T01:00:01.600000;2016-03-19T01:00:01.690000;546784d0-eb33-4c6a-878e-436634cc3cff;409.76;0.0162;BUY
2016-03-19T01:00:01.600000;2016-03-19T01:00:01.690000;ca2f6ae5-2551-42c2-8cc0-04a40d12c0b8;409.76;0.0184;BUY
2016-03-19T01:00:01.600000;2016-03-19T01:00:01.690000;d3804e88-59ce-4d57-97f2-a36f8724befc;409.76;0.0238;BUY
2016-03-19T01:00:01.600000;2016-03-19T01:00:01.690000;42f3ad81-50d9-4af2-a69a-fba72f6470e7;409.76;0.0288;BUY
2016-03-19T01:00:01.600000;2016-03-19T01:00:01.690000;8be27e36-2813-4275-a48a-d6c91ff80216;409.76;0.0225;BUY
2016-03-19T01:00:31.510000;2016-03-19T01:00:31.560000;481a095c-ca88-4f3b-945c-e9a543da81ab;409.76;0.0077;BUY
2016-03-19T01:00:31.510000;2016-03-19T01:00:31.577000;2ed2a838-62c6-4bcf-92a4-7e5ee30f6432;409.76;0.0311;BUY
2016-03-19T01:00:31.510000;2016-03-19T01:00:31.577000;7f7ad57a-ced7-4237-8027-7758105f2ca1;409.76;0.0299;BUY
2016-03-19T01:00:31.510000;2016-03-19T01:00:31.577000;0a37a042-3da9-4bd4-ab7e-b203d60ae090;409.76;0.0225;BUY
2016-03-19T01:00:31.510000;2016-03-19T01:00:31.577000;6e887003-8200-4582-986a-d004ed1de71d;409.76;0.0241;BUY
2016-03-19T01:00:31.510000;2016-03-19T01:00:31.597000;53c03b34-bacb-4031-897c-ead511b48632;409.76;0.0244;BUY
2016-03-19T01:00:31.510000;2016-03-19T01:00:31.597000;bb06c1c1-ea90-46bf-afed-153120df27f6;409.76;0.0249;BUY
2016-03-19T01:00:31.510000;2016-03-19T01:00:31.597000;3ecab308-b26f-4c18-b20b-8157d2d281dc;409.76;0.0164;BUY
2016-03-19T01:00:31.510000;2016-03-19T01:00:31.597000;8b9f684a-fa74-4187-abc8-627195e44304;409.76;0.0306;BUY
2016-03-19T01:00:31.510000;2016-03-19T01:00:31.597000;a0799025-8962-4eb6-a38c-78b0694dcd49;409.76;0.0348;BUY
2016-03-19T01:00:31.510000;2016-03-19T01:00:31.597000;68f339a5-61fd-4898-9c37-ff8393064278;409.76;0.0369;BUY
2016-03-19T01:00:31.510000;2016-03-19T01:00:31.597000;af1d173b-02da-497f-a30d-ae113820aaa3;409.76;0.0382;BUY
2016-03-19T01:00:31.510000;2016-03-19T01:00:31.620000;76f8e2c7-ddc3-49bf-884e-fb6930f79443;409.76;0.0382;BUY
2016-03-19T01:00:31.513000;2016-03-19T01:00:31.620000;07182226-e864-4a00-a46a-d4edc05837bb;409.76;0.0277;BUY
2016-03-19T01:00:31.513000;2016-03-19T01:00:31.620000;0214a8d1-048c-4423-a614-a72b8df8f907;409.76;0.022;BUY
2016-03-19T01:00:31.513000;2016-03-19T01:00:31.620000;5c6687ce-5f11-46b2-98f2-ae3c8dff60c2;409.76;0.0177;BUY
2016-03-19T01:00:31.513000;2016-03-19T01:00:31.620000;bac72fab-d28d-40e0-a2ff-62392cca6d14;409.81;0.11;BUY
2016-03-19T01:00:31.513000;2016-03-19T01:00:31.620000;a6866509-625e-4540-a234-1b5d142db2bd;409.82;0.03;BUY
2016-03-19T01:00:31.513000;2016-03-19T01:00:31.620000;455261c8-dc2a-44ab-aeab-344597a590b3;409.86;0.08892;BUY
2016-03-19T01:01:03.047000;2016-03-19T01:01:03.097000;a8010a58-2489-4e3a-aac2-578d5750317d;409.88;0.12076;BUY
2016-03-19T01:01:31.487000;2016-03-19T01:01:31.537000;e3ce014d-9aaa-4245-9820-9d7e4b9d7f88;409.88;0.12924;BUY
2016-03-19T01:01:31.490000;2016-03-19T01:01:31.563000;015a8ca1-63bd-49c2-a70d-b65525a79e09;409.88;0.30471;BUY
2016-03-19T01:01:31.490000;2016-03-19T01:01:31.563000;cf78655b-351e-4db4-b4ea-2adca282c808;409.88;0.167;BUY
2016-03-19T01:01:31.490000;2016-03-19T01:01:31.563000;082226f4-f9f7-4ae7-b3fc-d5cfc6ca3a4b;409.93;0.138;BUY
2016-03-19T01:01:31.490000;2016-03-19T01:01:31.563000;94bb97e3-bd13-42dd-8be0-f6880cdc61ae;409.98;0.155;BUY
2016-03-19T01:01:31.490000;2016-03-19T01:01:31.563000;6c61c7bb-564e-42a5-b1a4-9bd9ffa5d060;410.02;0.258137;BUY
2016-03-19T01:01:31.490000;2016-03-19T01:01:31.563000;581def9d-6b64-48fb-9317-4b4c9b9bebfe;410.03;0.22;BUY
2016-03-19T01:01:31.490000;2016-03-19T01:01:31.583000;62e69e54-6076-4733-8506-f029cd957d33;410.03;0.15;BUY
2016-03-19T01:01:31.490000;2016-03-19T01:01:31.583000;805de7a1-320c-409d-9acf-8b1086ecd719;410.03;0.17;BUY
2016-03-19T01:01:31.490000;2016-03-19T01:01:31.583000;e66dc7b6-e7e8-49e6-ab5a-08e3cdeb3b3e;410.04;0.44;BUY
2016-03-19T01:01:31.490000;2016-03-19T01:01:31.583000;d0d15e9d-616b-4941-81be-f9ed7c54a5a0;410.05;0.01;BUY
2016-03-19T01:01:31.490000;2016-03-19T01:01:31.583000;994f19d2-80f5-4b87-9ad4-0676e5618e9c;410.08;0.148393;BUY
2016-03-19T01:01:44.433000;2016-03-19T01:01:44.493000;7a918e3f-7e5e-4852-bd32-af7f60890f65;409.8;0.05;SELL
2016-03-19T01:01:44.437000;2016-03-19T01:01:44.493000;8f066ea9-2285-4de4-a52f-0ec6e61dd556;409.8;0.125;SELL
2016-03-19T01:01:44.437000;2016-03-19T01:01:44.493000;6b56ec59-4a3d-4b9e-a6ad-fa41fde56b87;409.79;0.05;SELL
2016-03-19T01:01:44.437000;2016-03-19T01:01:44.517000;dbdcdb8e-d035-49e9-84ea-349992ccaeab;409.78;2.845;SELL
2016-03-19T01:02:01.663000;2016-03-19T01:02:01.720000;7fcf7190-b83e-43e9-827e-5ac376eb2b8b;410.16;0.4829;BUY
2016-03-19T01:02:10.833000;2016-03-19T01:02:10.900000;1bee41af-d0e2-4fb3-a5c9-b4f6e8fa4210;410.06;0.0249;SELL
2016-03-19T01:02:10.833000;2016-03-19T01:02:10.900000;29733afa-a6b3-4b8a-a820-53c42290c3e6;410.04;0.0251;SELL
2016-03-19T01:02:13.407000;2016-03-19T01:02:13.467000;c94e62b1-3319-4288-8a76-8cac46e5b3b2;410.06;0.0177;SELL
2016-03-19T01:02:13.407000;2016-03-19T01:02:13.467000;5f76321f-b989-4441-a1e0-e7bc38ef80d2;410.04;0.0042;SELL
2016-03-19T01:02:13.407000;2016-03-19T01:02:13.467000;dc8d270a-fba6-43f8-b448-b198d51235e7;410.02;0.0281;SELL
2016-03-19T01:02:25.260000;2016-03-19T01:02:25.313000;b497e32f-573c-48d3-bb59-cb5cd509a140;409.94;0.01;SELL
2016-03-19T01:02:25.260000;2016-03-19T01:02:25.313000;0b9c72bb-e397-4fe5-9750-f9e892512c5f;409.86;0.0398;SELL
2016-03-19T01:02:32.453000;2016-03-19T01:02:32.507000;ccb77809-71e0-4ef8-89d8-127edb64ac36;410.06;0.13604;BUY
2016-03-19T01:02:32.453000;2016-03-19T01:02:32.507000;3effa4f3-7b68-41af-b75a-57f79031c526;410.07;0.05;BUY
2016-03-19T01:02:32.453000;2016-03-19T01:02:32.507000;45ab82a8-351e-4966-88f6-9c31f27a9c3a;410.08;1.1;BUY
2016-03-19T01:02:32.453000;2016-03-19T01:02:32.527000;93bcfe40-d661-4307-86e9-7412894ef170;410.09;0.138;BUY
2016-03-19T01:02:32.457000;2016-03-19T01:02:32.527000;f3dea149-0473-4ef3-b725-a5ab66ac1f35;410.1;0.00424;BUY
2016-03-19T01:02:54.827000;2016-03-19T01:02:54.877000;38109fe6-d55e-43ff-8354-674c6a3a45f2;409.86;0.0102;SELL
2016-03-19T01:02:54.827000;2016-03-19T01:02:54.900000;01d932d5-ea5c-45b6-8bc5-43af9e2f2332;409.83;0.0397;SELL
2016-03-19T01:03:01.443000;2016-03-19T01:03:01.493000;e1dc7503-e1ad-46c9-ae27-ccdf1aba9fce;410.12;0.02568;BUY
2016-03-19T01:03:25.570000;2016-03-19T01:03:25.617000;f7f63649-3e30-4f48-b8c5-a700b5c1ae88;409.9;0.0115;SELL
2016-03-19T01:03:25.570000;2016-03-19T01:03:25.617000;5fd0b4c9-2b0d-4fba-875c-5c39167daf0e;409.85;0.0385;SELL
2016-03-19T01:03:31.730000;2016-03-19T01:03:31.783000;5b6190f2-a669-4aab-aaca-3eeaf9b50da7;409.97;0.25;BUY
2016-03-19T01:03:31.730000;2016-03-19T01:03:31.783000;e5e755aa-12ed-40fd-a38f-36c6b4a35785;410.11;0.0397;BUY
2016-03-19T01:03:31.733000;2016-03-19T01:03:31.783000;689660ee-edfe-4390-aea1-c4e737ddef3a;410.16;0.94145;BUY
2016-03-19T01:03:34.250000;2016-03-19T01:03:34.297000;d4dcbf2c-53cf-4bf8-9ecb-d6ecf756d204;409.8;0.01;SELL
2016-03-19T01:03:34.250000;2016-03-19T01:03:34.297000;bc6cf820-1194-4122-84a7-73c6e76d3d15;409.8;0.0398;SELL
2016-03-19T01:03:35.103000;2016-03-19T01:03:35.157000;e223b10b-17fc-4d8b-973d-592a42e36358;410.03;0.34;BUY
2016-03-19T01:03:40.883000;2016-03-19T01:03:40.930000;b11f5dfa-a228-4673-8dad-06cbfb44eb61;409.77;0.05;SELL
2016-03-19T01:03:49.377000;2016-03-19T01:03:49.420000;d1f08861-9882-4083-8348-506256dd6356;409.88;0.0302;BUY
2016-03-19T01:03:49.377000;2016-03-19T01:03:49.433000;484ab175-b971-4f1f-a5e1-5245e2e41f94;409.9;0.0387;BUY
2016-03-19T01:03:49.377000;2016-03-19T01:03:49.433000;51695cf5-9165-4ffa-8d27-2583cd2cd768;409.92;0.0335;BUY
2016-03-19T01:03:49.397000;2016-03-19T01:03:49.450000;36624c92-5ac5-41b5-9968-5c44b1aad357;409.92;0.0064;BUY
2016-03-19T01:03:49.397000;2016-03-19T01:03:49.450000;8a512001-406e-4559-b2b0-ff5e22b7bdaf;409.94;0.2312;BUY
2016-03-19T01:04:01.680000;2016-03-19T01:04:01.723000;127bc180-c3ce-4302-aff6-f82638d2459d;409.93;0.166;BUY
2016-03-19T01:04:01.680000;2016-03-19T01:04:01.723000;edcd0d0f-b04f-4e07-862a-757ef9eb9333;409.94;0.75203;BUY
2016-03-19T01:04:13.053000;2016-03-19T01:04:13.093000;7573ac1e-ae48-4b42-9848-c87ebdcfc616;409.74;0.01;SELL
2016-03-19T01:04:13.053000;2016-03-19T01:04:13.093000;1c3a5a42-80de-4429-b69a-cf67927e8912;409.73;0.0399;SELL
2016-03-19T01:04:31.323000;2016-03-19T01:04:31.377000;f918f090-d2ea-4c2b-b2ae-2dab253f0db0;409.74;0.0253;BUY
2016-03-19T01:04:31.323000;2016-03-19T01:04:31.377000;1df3bc3a-cc2c-4e10-a70e-914fa32fa7ea;409.74;0.0288;BUY
2016-03-19T01:04:31.323000;2016-03-19T01:04:31.400000;e90b5262-971c-401d-8028-e5c693160ab6;409.74;0.0282;BUY
2016-03-19T01:04:31.323000;2016-03-19T01:04:31.400000;9b9059f6-4408-4458-986c-ef3980422b26;409.74;0.0261;BUY
2016-03-19T01:04:31.323000;2016-03-19T01:04:31.400000;07d5f7f0-032c-4e21-a2f9-7d32249628df;409.74;0.0228;BUY
2016-03-19T01:04:31.323000;2016-03-19T01:04:31.400000;36e368a6-cac8-4a27-aedc-dc70fbb07c6a;409.78;0.245999;BUY
2016-03-19T01:04:31.323000;2016-03-19T01:04:31.400000;b72b1396-6fd2-4f48-b5b5-b2871e6b5291;409.79;0.121;BUY
2016-03-19T01:04:31.327000;2016-03-19T01:04:31.400000;81b613a1-2389-4b42-aca0-4908c8a91085;409.84;0.074;BUY
2016-03-19T01:04:31.327000;2016-03-19T01:04:31.400000;224fc65d-8e1f-40f4-9858-b11c65cc7d87;409.9;0.299601;BUY
2016-03-19T01:04:47.470000;2016-03-19T01:04:47.543000;2dbdd77b-fd89-4a65-86d5-637d196e8f08;409.73;0.0499;SELL
2016-03-19T01:04:51.550000;2016-03-19T01:04:51.583000;fc2f5600-7b82-461f-942c-eedb1e9b502e;409.73;0.05;SELL
2016-03-19T01:04:57.397000;2016-03-19T01:04:57.453000;7f1a810a-0fbe-48f0-8d9e-dc57741c35ef;409.74;0.01;SELL
2016-03-19T01:04:57.397000;2016-03-19T01:04:57.453000;cd8a41e9-6999-46fa-adf8-ecd27e435a9f;409.73;0.04;SELL
2016-03-19T01:04:58.083000;2016-03-19T01:04:58.137000;77dcd022-2cb2-4457-bf07-52674e0c02a4;409.74;0.01;SELL
2016-03-19T01:04:58.083000;2016-03-19T01:04:58.137000;b203055e-9e1a-4d67-94d0-0adfd6652f5a;409.73;0.0702;SELL
2016-03-19T01:04:58.083000;2016-03-19T01:04:58.137000;dfe636b6-ae98-47e2-ad2b-85adb3f8aed8;409.64;0.25;SELL
2016-03-19T01:04:58.083000;2016-03-19T01:04:58.163000;9b481bdc-681c-4007-ba7b-60d55951938b;409.61;0.05;SELL
2016-03-19T01:04:58.083000;2016-03-19T01:04:58.163000;5d3c524d-041d-410e-a5a8-3a4a73135482;409.6;0.096;SELL
2016-03-19T01:04:58.083000;2016-03-19T01:04:58.163000;c1874bd5-ee67-4653-8f92-5a87112e7b6b;409.6;0.05;SELL
2016-03-19T01:04:58.083000;2016-03-19T01:04:58.163000;a759202a-c878-474f-9935-6fb9d83b18b8;409.59;0.1;SELL
2016-03-19T01:04:58.083000;2016-03-19T01:04:58.163000;a2cb947a-4cf4-48ea-9a7f-14d00a88f73f;409.55;0.107;SELL
2016-03-19T01:04:58.083000;2016-03-19T01:04:58.163000;12c77021-60c5-422b-883b-ac66613e8eb3;409.54;0.01;SELL
2016-03-19T01:04:58.083000;2016-03-19T01:04:58.163000;3a637f56-dd4d-4ab4-8eb0-54a580b47ca4;409.5;0.122;SELL
2016-03-19T01:04:58.087000;2016-03-19T01:04:58.163000;e573e962-f770-4fe4-81bc-03b7ba7150af;409.5;0.02;SELL
2016-03-19T01:04:58.087000;2016-03-19T01:04:58.163000;1502a9ac-e5f6-463e-988f-813e26353559;409.46;0.25833885;SELL
2016-03-19T01:04:58.087000;2016-03-19T01:04:58.163000;2b582095-0048-4e02-9e9d-86f6f7a2626b;409.45;0.087;SELL
2016-03-19T01:04:58.087000;2016-03-19T01:04:58.180000;f903edcd-454a-41c4-a3ff-c045352552f2;409.44;0.02;SELL
2016-03-19T01:04:58.087000;2016-03-19T01:04:58.180000;e11458f0-750b-4479-a42c-bfceb441515d;409.44;0.428789;SELL
2016-03-19T01:04:58.087000;2016-03-19T01:04:58.180000;9349ab96-eb42-49d7-9195-b717b3cd24d4;409.41;0.02;SELL
2016-03-19T01:04:58.087000;2016-03-19T01:04:58.180000;8b310891-49fd-4742-9151-8561bdca977b;409.41;1.0;SELL
2016-03-19T01:04:58.087000;2016-03-19T01:04:58.197000;b519b7da-5d7f-4b33-b01a-59c1f4468ebd;409.4;0.128;SELL
2016-03-19T01:04:58.087000;2016-03-19T01:04:58.197000;4adf7377-b9b1-4ee5-9852-4e34d0395f76;409.39;0.1641;SELL
2016-03-19T01:04:58.087000;2016-03-19T01:04:58.197000;94c8c941-bbc0-4c47-8d60-c62bdf1c8e8e;409.38;0.02;SELL
2016-03-19T01:04:58.087000;2016-03-19T01:04:58.197000;5f2e45fb-3d13-40e8-8686-354220205986;409.37;0.25;SELL
2016-03-19T01:04:58.087000;2016-03-19T01:04:58.197000;878ab6b2-17ce-48a5-8422-1d4ca6c6005f;409.37;0.8;SELL
2016-03-19T01:04:58.087000;2016-03-19T01:04:58.197000;72216a30-5aa4-480f-8eb7-a75f29ee9fd6;409.37;2.0;SELL
2016-03-19T01:04:58.087000;2016-03-19T01:04:58.217000;ce06efaa-6db0-43a5-ae72-0ffaa7b6d7b9;409.36;8.02698398;SELL
2016-03-19T01:05:01.700000;2016-03-19T01:05:01.740000;58751d7d-46f1-4d6c-a221-3bf3b607c3f8;409.85;0.05;BUY
2016-03-19T01:05:01.700000;2016-03-19T01:05:01.740000;cce90ff0-463a-4127-890a-bd98c7e022bb;409.85;0.1;BUY
2016-03-19T01:05:01.700000;2016-03-19T01:05:01.763000;da805a86-1e92-49d3-83f6-36a29366ccaa;409.86;0.10943;BUY
2016-03-19T01:05:17.700000;2016-03-19T01:05:17.737000;23411dd8-67ba-42a4-9f05-059fe4162def;409.5;0.02;SELL
2016-03-19T01:05:17.700000;2016-03-19T01:05:17.737000;da398ee2-9e8a-408d-8cd3-09b1728c1373;409.5;0.03;SELL
2016-03-19T01:05:27.593000;2016-03-19T01:05:27.627000;d7c6ab03-3d06-4e4d-ad3f-6a0663288560;409.44;0.0114;SELL
2016-03-19T01:05:31.710000;2016-03-19T01:05:31.743000;ef580058-58bb-426e-ad39-943f93054b3c;409.54;0.02;BUY
2016-03-19T01:05:31.710000;2016-03-19T01:05:31.760000;958b05e6-2a43-4fd4-8423-290363bce5c1;409.59;0.94036;BUY
2016-03-19T01:05:47.077000;2016-03-19T01:05:47.140000;db4476a8-1653-4915-87a5-6283a2aa957e;409.44;0.0086;SELL
2016-03-19T01:05:47.077000;2016-03-19T01:05:47.140000;56cdec24-7b07-48da-a530-36e2216c0b88;409.44;0.0014;SELL
2016-03-19T01:05:51.060000;2016-03-19T01:05:51.103000;b0a56fba-b3bc-4fac-adb1-54ded325d4c7;409.5;1.54;BUY
2016-03-19T01:05:51.063000;2016-03-19T01:05:51.103000;76442290-ff1e-47d2-8bc9-0b5eff0ac13d;409.51;0.25;BUY
2016-03-19T01:05:51.063000;2016-03-19T01:05:51.103000;ce1d7b01-c415-4767-beb7-794835c6b7cc;409.51;0.154;BUY
2016-03-19T01:05:51.063000;2016-03-19T01:05:51.137000;70f93bdd-c750-4f55-9196-9890c4e9a715;409.56;0.161;BUY
2016-03-19T01:05:51.063000;2016-03-19T01:05:51.137000;b43f75d5-c1a0-439b-b51a-4ff2e5bc4160;409.59;3.895;BUY
2016-03-19T01:06:01.297000;2016-03-19T01:06:01.340000;8839b9d5-78c7-4c1d-87f8-253c238cdaf1;409.56;0.25;BUY
2016-03-19T01:06:01.297000;2016-03-19T01:06:01.353000;61e7ac95-f30f-484b-a709-8e8cc4385f74;409.6;0.02;BUY
2016-03-19T01:06:01.297000;2016-03-19T01:06:01.353000;bdc8b518-14eb-4123-82dd-22c901f9fe0e;409.6;0.02;BUY
2016-03-19T01:06:01.297000;2016-03-19T01:06:01.353000;dd2acecb-ac85-44e2-9468-9379ce87438e;409.63;0.097;BUY
2016-03-19T01:06:01.300000;2016-03-19T01:06:01.353000;a6238605-1bfa-437e-9aed-6f5e8dee4e3e;409.65;0.22;BUY
2016-03-19T01:06:01.300000;2016-03-19T01:06:01.370000;da122493-5ef5-4b2d-b341-7a25571af7e8;409.66;0.02;BUY
2016-03-19T01:06:01.300000;2016-03-19T01:06:01.370000;fc72783a-17b7-4708-8786-47c5675579fb;409.66;0.02;BUY
2016-03-19T01:06:01.300000;2016-03-19T01:06:01.370000;b4ebce29-eab6-4c0a-9d17-349d47341820;409.74;2.19353;BUY
2016-03-19T01:06:18.203000;2016-03-19T01:06:18.243000;e6e20099-0bd1-470b-9e1a-4c01783e4339;409.5;0.02;SELL
2016-03-19T01:06:18.203000;2016-03-19T01:06:18.243000;f8a8e288-1835-4597-8028-9816284efa5c;409.5;0.05;SELL
2016-03-19T01:06:31.297000;2016-03-19T01:06:31.333000;a2664945-40c9-46b1-a4c7-4a04a90a7d1f;409.64;0.25;BUY
2016-03-19T01:06:31.300000;2016-03-19T01:06:31.347000;f62f0d3c-d51c-4fc4-b011-53470be7e188;409.65;0.49935;BUY
2016-03-19T01:06:31.707000;2016-03-19T01:06:31.747000;8381dbef-64a7-4f6a-b31f-c875d860c015;409.64;0.05;BUY
2016-03-19T01:06:31.767000;2016-03-19T01:06:31.810000;14e01b94-9aa7-4c73-876c-ba62078aba1d;409.64;0.05;BUY
2016-03-19T01:06:31.837000;2016-03-19T01:06:31.870000;3d25170a-894c-4125-8b4d-0e282c72eda5;409.64;0.05;BUY
2016-03-19T01:06:31.890000;2016-03-19T01:06:31.937000;60ef57ab-e22c-4f0c-bec3-e5a2aeed3a74;409.64;0.05;BUY
2016-03-19T01:06:52.827000;2016-03-19T01:06:52.857000;b3bfa5ce-01d3-467d-9e73-6fb2fe70fa71;409.52;0.02;SELL
2016-03-19T01:06:56.437000;2016-03-19T01:06:56.473000;29b90aa2-4f6a-4e1f-b970-2f9b24ce65e9;409.55;0.05;SELL
2016-03-19T01:06:56.437000;2016-03-19T01:06:56.473000;8e2118c1-dd94-4c98-b3a1-6da94e8200d4;409.54;0.0316;SELL
2016-03-19T01:06:56.437000;2016-03-19T01:06:56.490000;f9b2d577-1d02-4cd7-8137-1eda03e73c1c;409.54;0.111;SELL
2016-03-19T01:06:56.437000;2016-03-19T01:06:56.490000;3f82b801-454a-4c6b-a32c-9c4cb9639599;409.52;0.23;SELL
2016-03-19T01:06:56.437000;2016-03-19T01:06:56.490000;18d675da-5b3a-487c-a2ff-8e10fc2ae5e1;409.47;0.129;SELL
2016-03-19T01:06:56.437000;2016-03-19T01:06:56.490000;b50e099b-cc2f-4151-9271-a30750ab819d;409.44;0.02;SELL
2016-03-19T01:06:56.440000;2016-03-19T01:06:56.507000;4dca5768-0c63-40e4-acfb-f2c902f8425f;409.42;0.02;SELL
2016-03-19T01:06:56.440000;2016-03-19T01:06:56.507000;84d656a7-da0b-4c42-bd90-1287ac95e688;409.42;0.111;SELL
2016-03-19T01:06:56.440000;2016-03-19T01:06:56.507000;e490fefc-fe0c-4401-8be9-f7d5a640e47f;409.38;0.02;SELL
2016-03-19T01:06:56.440000;2016-03-19T01:06:56.507000;c5d8f7f0-fdfa-4133-8fe4-d991ebb5ca36;409.37;0.249;SELL
2016-03-19T01:06:56.440000;2016-03-19T01:06:56.507000;f240df88-a6da-40f1-b62e-64ad46f2894f;409.37;0.122;SELL
2016-03-19T01:06:56.440000;2016-03-19T01:06:56.507000;77291418-81dc-4866-a6f6-e015ece8dfb7;409.36;5.0584;SELL
2016-03-19T01:07:01.687000;2016-03-19T01:07:01.720000;bcb9b923-053b-4eb8-ab54-cf9ae764a206;409.6;0.02;BUY
2016-03-19T01:07:01.687000;2016-03-19T01:07:01.737000;d71692eb-561d-4b91-9085-69d4ac06dc54;409.66;0.02;BUY
2016-03-19T01:07:01.687000;2016-03-19T01:07:01.737000;0a5ae385-9fe8-4e9f-b704-793ed01ed6c7;409.75;0.01;BUY
2016-03-19T01:07:01.687000;2016-03-19T01:07:01.737000;f6da62fc-f035-446b-af37-bf7f39b3302e;409.76;0.19164;BUY
2016-03-19T01:08:01.487000;2016-03-19T01:08:01.520000;bb8d16f4-6d3d-42fc-a172-ed664682db2b;409.5;0.02;SELL
2016-03-19T01:08:01.487000;2016-03-19T01:08:01.540000;04b345fb-70cc-43fd-9a93-b47d55e4787d;409.44;0.02;SELL
2016-03-19T01:08:01.487000;2016-03-19T01:08:01.540000;2bba7ffe-2652-4ce8-afce-5290327dea6e;409.42;0.01578;SELL
2016-03-19T01:10:31.693000;2016-03-19T01:10:31.773000;0db632dd-6008-4f69-8a25-73f18b633c3c;409.51;0.05;BUY
2016-03-19T01:10:31.693000;2016-03-19T01:10:31.790000;757df2fb-2037-4451-a628-f8a8e69c2bce;409.52;0.15;BUY
2016-03-19T01:10:31.693000;2016-03-19T01:10:31.790000;80340cc4-e040-4c50-b196-d2c6b8373050;409.52;0.0624;BUY
2016-03-19T01:11:01.453000;2016-03-19T01:11:01.520000;1306bee4-17fc-410f-82b0-70f43bbe7b5a;409.52;0.31882;BUY
2016-03-19T01:11:31.653000;2016-03-19T01:11:31.713000;ae4d021d-9ac1-4526-ab0b-639d61e1dbf0;409.52;0.097569;BUY
2016-03-19T01:11:31.653000;2016-03-19T01:11:31.730000;5bbd0a2e-9b7c-4987-8eae-399639197757;409.52;0.15;BUY
2016-03-19T01:11:31.653000;2016-03-19T01:11:31.730000;56e6252d-808d-405f-8740-35cc69d0a904;409.53;1.171611;BUY
2016-03-19T01:11:53.130000;2016-03-19T01:11:53.203000;4a8db43e-fac6-4b2e-945f-912ad5cbe326;409.39;0.02;SELL
2016-03-19T01:11:53.130000;2016-03-19T01:11:53.203000;ae9984a4-6cd7-4c0e-8239-d66400652e47;409.39;0.109;SELL
2016-03-19T01:11:53.130000;2016-03-19T01:11:53.203000;ea66edeb-25ad-4e1f-a5ea-b0005b9f9438;409.38;0.02;SELL
2016-03-19T01:11:53.130000;2016-03-19T01:11:53.223000;da77fd72-bd3f-4125-aa4b-4cec1a20f342;409.36;0.54188082;SELL
2016-03-19T01:11:53.130000;2016-03-19T01:11:53.223000;edf75049-2d1f-4a8c-ab96-14d5bbe3a31a;409.34;0.077;SELL
2016-03-19T01:11:53.130000;2016-03-19T01:11:53.223000;fc634cc8-3976-4fbc-8763-ca8ae074ee76;409.34;0.1;SELL
2016-03-19T01:11:53.130000;2016-03-19T01:11:53.227000;47a796d2-2315-4d3e-8aa2-99fa02a78ad0;409.32;0.02;SELL
2016-03-19T01:11:53.130000;2016-03-19T01:11:53.227000;fe5a0b1e-0950-422b-bcbb-244b8be0f911;409.3;0.25;SELL
2016-03-19T01:11:53.130000;2016-03-19T01:11:53.227000;22c5bd0d-8d9a-4588-a5db-c0a3e528ee0e;409.29;0.089;SELL
2016-03-19T01:11:53.130000;2016-03-19T01:11:53.227000;86b8173a-876f-40a1-99f5-0889bc71732f;409.29;0.05;SELL
2016-03-19T01:11:53.130000;2016-03-19T01:11:53.250000;f3af09db-a80b-4c7c-a9d9-d1d259d9a9f0;409.28;0.01;SELL
2016-03-19T01:11:53.130000;2016-03-19T01:11:53.250000;240299f0-9e0c-44f8-a18d-bd72ed327f6f;409.27;0.05;SELL
2016-03-19T01:11:53.130000;2016-03-19T01:11:53.250000;3b9bf9c3-55f6-47d1-b586-8f813cb906fa;409.26;0.02;SELL
2016-03-19T01:11:53.130000;2016-03-19T01:11:53.250000;f9d2322e-16a5-4b0b-9e26-44360e6f3eed;409.25;0.25;SELL
2016-03-19T01:11:53.133000;2016-03-19T01:11:53.250000;32d8458d-c3be-480e-8611-1bffddece448;409.25;0.25;SELL
2016-03-19T01:11:53.133000;2016-03-19T01:11:53.250000;d4583478-c805-4d39-aecb-32b137ae5e6f;409.24;0.25;SELL
2016-03-19T01:11:53.133000;2016-03-19T01:11:53.250000;c3d3407c-763a-4267-8d4f-838e6a1ee3c1;409.24;0.073;SELL
2016-03-19T01:11:53.133000;2016-03-19T01:11:53.267000;c6dbd4ad-52e1-455e-bac8-b7392d86f0d6;409.2;0.02;SELL
2016-03-19T01:11:53.133000;2016-03-19T01:11:53.267000;a873157c-92c9-4daa-ae77-e3fd7f8c7035;409.19;0.127;SELL
2016-03-19T01:11:53.133000;2016-03-19T01:11:53.267000;6f3ed9fa-aa19-41d5-bf7a-ea55ff618b39;409.14;0.02;SELL
2016-03-19T01:11:53.133000;2016-03-19T01:11:53.267000;5fe9adf2-3c6d-45bf-817d-da535e74349d;409.14;0.103;SELL
2016-03-19T01:11:53.133000;2016-03-19T01:11:53.283000;6723ba61-be45-4b23-a911-93ec0a2167d6;409.09;0.102;SELL
2016-03-19T01:11:53.133000;2016-03-19T01:11:53.283000;d58bcd99-4c12-49a7-9ac0-98a8ee8ff05d;409.08;0.02;SELL
2016-03-19T01:11:53.133000;2016-03-19T01:11:53.283000;8235972c-8efa-45ca-ae8a-304f3edaaa8e;409.07;0.01;SELL
2016-03-19T01:11:53.133000;2016-03-19T01:11:53.283000;4ae5559e-c8e3-4a5a-8daa-5ddfd6f75027;409.04;0.098;SELL
2016-03-19T01:11:53.133000;2016-03-19T01:11:53.283000;f0310447-1e38-47ea-b4ef-ca67a9675435;409.03;0.22;SELL
2016-03-19T01:11:53.133000;2016-03-19T01:11:53.283000;35297d8b-94bf-4b4a-a084-4842982c2c36;409.02;0.25;SELL
2016-03-19T01:11:53.133000;2016-03-19T01:11:53.283000;48808dfd-d5d6-4573-bb67-feadaa72a763;409.02;0.02;SELL
2016-03-19T01:11:53.133000;2016-03-19T01:11:53.283000;59f1cb62-0c24-4b09-8778-76a90d3fbb12;409.01;4.69215032;SELL
2016-03-19T01:12:02.640000;2016-03-19T01:12:02.700000;70fba610-1999-4097-8e2e-b7b4bc972f7e;409.2;0.01;SELL
2016-03-19T01:12:02.640000;2016-03-19T01:12:02.717000;56e6cc79-76ab-44ab-8287-34cccb269854;409.2;0.03132;SELL
2016-03-19T01:13:01.660000;2016-03-19T01:13:01.720000;e516555b-309c-4924-897b-461da3132779;409.21;0.02;BUY
2016-03-19T01:13:01.660000;2016-03-19T01:13:01.737000;a32f0473-6930-4eb7-b54e-78c8e62c558b;409.24;0.02;BUY
2016-03-19T01:13:01.660000;2016-03-19T01:13:01.737000;e2d6f763-226d-460c-ad7e-4fe0f67ffc0a;409.3;0.02;BUY
2016-03-19T01:13:01.660000;2016-03-19T01:13:01.737000;ca92c78e-31f2-40f0-ae27-c1566a9446a6;409.32;0.25;BUY
2016-03-19T01:13:01.660000;2016-03-19T01:13:01.737000;dfd0f244-9f1d-43c5-83a7-54b77dc7a617;409.36;0.02;BUY
2016-03-19T01:13:01.660000;2016-03-19T01:13:01.737000;55ce3571-89d1-4b19-bd84-eebce8ffa0a4;409.38;0.01;BUY
2016-03-19T01:13:01.660000;2016-03-19T01:13:01.753000;46e824fd-1c07-4eb2-a379-4b4a32e43110;409.42;0.02;BUY
2016-03-19T01:13:01.660000;2016-03-19T01:13:01.753000;c93b4165-252c-4f1d-a242-d6d3e0500873;409.46;0.01;BUY
2016-03-19T01:13:01.660000;2016-03-19T01:13:01.753000;a7f43133-a9f7-4bbe-8d50-689c3b09da9d;409.48;0.02;BUY
2016-03-19T01:13:01.660000;2016-03-19T01:13:01.753000;e4d7c8e0-b82d-4d9d-9995-4713e94ff461;409.5;0.1;BUY
2016-03-19T01:13:01.660000;2016-03-19T01:13:01.753000;942e7551-d5ab-4563-b4f8-886571e5eff8;409.51;0.01;BUY
2016-03-19T01:13:01.660000;2016-03-19T01:13:01.777000;7387a79d-7051-49a7-ac7d-7e855f060db0;409.54;0.02;BUY
2016-03-19T01:13:01.660000;2016-03-19T01:13:01.777000;1e6d849d-6c70-4917-9921-e0318b2aebde;409.54;0.25;BUY
2016-03-19T01:13:01.660000;2016-03-19T01:13:01.777000;aceffc1c-6957-4f09-9031-1d4a9a98f95f;409.54;0.02;BUY
2016-03-19T01:13:01.663000;2016-03-19T01:13:01.777000;d831ff72-8329-4182-af9a-17948de0648b;409.57;0.04198;BUY
2016-03-19T01:14:01.867000;2016-03-19T01:14:01.927000;94b1ab18-87ac-42a1-adad-188a9fdafeec;409.57;0.00802;BUY
2016-03-19T01:14:01.867000;2016-03-19T01:14:01.950000;71d9af41-2f70-4dac-943c-f6b8177c3cca;409.6;0.02;BUY
2016-03-19T01:14:01.867000;2016-03-19T01:14:01.950000;1a11f3e2-a7c2-4132-ab9e-aa16c37c9e08;409.66;0.02;BUY
2016-03-19T01:14:01.867000;2016-03-19T01:14:01.950000;97fd69b6-28a4-4672-9151-4146ed89aba5;409.69;0.1641;BUY
2016-03-19T01:14:01.870000;2016-03-19T01:14:01.950000;2fdf6a48-b116-47d4-9567-18ccdc79492e;409.75;0.0364;BUY
2016-03-19T01:14:31.857000;2016-03-19T01:14:31.910000;665a4670-4d3c-42ad-bb8e-290e429d7960;409.76;0.05836;BUY
2016-03-19T01:14:31.857000;2016-03-19T01:14:31.937000;bcf6bbe4-28e0-4245-8c1a-e0f7e848bf2d;409.88;0.01513;BUY
2016-03-19T01:14:53.813000;2016-03-19T01:14:53.873000;26040887-ab80-4606-af3d-1c646bf9a311;409.83;0.0217;SELL
2016-03-19T01:14:53.813000;2016-03-19T01:14:53.873000;4eded38d-ae86-4273-874c-f42d55e00a22;409.81;0.0038;SELL
2016-03-19T01:15:01.147000;2016-03-19T01:15:01.200000;0d5777a1-78a7-430d-ae78-d17a8f9eb6a2;409.87;0.0154;SELL
2016-03-19T01:15:01.147000;2016-03-19T01:15:01.217000;24aa113e-c7eb-4ea3-bd20-c6c72fd86779;409.87;0.0148;SELL
2016-03-19T01:15:01.147000;2016-03-19T01:15:01.217000;cc265243-77e1-4ddb-8175-8dc643f5d397;409.85;0.0185;SELL
2016-03-19T01:15:01.147000;2016-03-19T01:15:01.217000;4a51f28b-5838-4802-8f0f-18deff56b6a7;409.83;0.0012;SELL
2016-03-19T01:15:01.733000;2016-03-19T01:15:01.797000;6d6219b9-a2e0-4da1-8c07-cc12a737020c;409.88;0.18;BUY
2016-03-19T01:15:01.733000;2016-03-19T01:15:01.817000;238655a2-2a0c-4087-8577-352e11c8c215;409.88;0.30311;BUY
2016-03-19T01:15:32.237000;2016-03-19T01:15:32.297000;0ff17e34-6706-41ea-88b3-eea388318394;409.78;0.0262;BUY
2016-03-19T01:15:32.237000;2016-03-19T01:15:32.297000;1a39db22-ff4a-4429-9291-8e5991d65fea;409.78;0.089;BUY
2016-03-19T01:15:32.237000;2016-03-19T01:15:32.313000;80d150cd-7266-4906-903e-2599cec6ef76;409.78;0.24356;BUY
2016-03-19T01:15:52.967000;2016-03-19T01:15:53.017000;c7c989cb-e340-403d-908a-6a729e54c2aa;409.73;0.01;SELL
2016-03-19T01:15:52.967000;2016-03-19T01:15:53.040000;1b664f59-70eb-4352-aca3-1fcba25c7fda;409.54;0.077;SELL
2016-03-19T01:15:52.967000;2016-03-19T01:15:53.040000;0b66c887-f38b-4519-b7bf-92bb013b5fc1;409.5;0.02;SELL
2016-03-19T01:15:52.967000;2016-03-19T01:15:53.040000;5483d905-4652-46bf-a0fb-223c0b60a4d1;409.5;0.01;SELL
2016-03-19T01:15:52.967000;2016-03-19T01:15:53.040000;3c2fb27b-3b59-4507-920b-0b991e0092ad;409.49;0.121;SELL
2016-03-19T01:15:52.967000;2016-03-19T01:15:53.040000;d6cdafb5-2113-40b1-9303-0985acf59c5b;409.44;0.002;SELL
2016-03-19T01:16:01.657000;2016-03-19T01:16:01.713000;cbe906e2-d85c-416b-ae34-a61e3577d518;409.54;0.0256;BUY
2016-03-19T01:16:01.657000;2016-03-19T01:16:01.713000;18011e4d-322c-4602-b74c-9ca7b0b3cd00;409.56;0.25;BUY
2016-03-19T01:16:01.657000;2016-03-19T01:16:01.730000;34d5c45c-b483-4d48-8e5d-2fcc4c756c6d;409.57;0.109;BUY
2016-03-19T01:16:01.657000;2016-03-19T01:16:01.730000;54ee7998-89da-4d2d-a8d2-aeff1556cccd;409.62;0.112;BUY
2016-03-19T01:16:01.657000;2016-03-19T01:16:01.730000;20f6c0bd-ddaf-488a-994d-2ea6f3c314c6;409.63;1.49941;BUY
2016-03-19T01:16:31.717000;2016-03-19T01:16:31.773000;eebaf709-47ed-408e-ad7c-a1e3aaffffc1;409.54;0.0252;BUY
2016-03-19T01:16:31.717000;2016-03-19T01:16:31.773000;71b97913-3152-44e1-b6e4-06288d5f59c6;409.56;0.181;BUY
2016-03-19T01:16:31.717000;2016-03-19T01:16:31.793000;ff89e046-a0cb-4f9f-9a74-7e2c68411e01;409.65;0.26937;BUY
2016-03-19T01:16:33.033000;2016-03-19T01:16:33.083000;ed65cbc9-dc52-42c5-a551-a19b2519eb9b;409.65;0.05;BUY
2016-03-19T01:16:33.233000;2016-03-19T01:16:33.307000;84d628f2-2dbc-46d4-b98b-8b217135ffe7;409.63;0.05;SELL
2016-03-19T01:16:33.403000;2016-03-19T01:16:33.467000;90805047-dddb-4f46-ac83-a44b789a76a8;409.66;0.02;BUY
2016-03-19T01:16:33.403000;2016-03-19T01:16:33.467000;037973c7-19b9-454e-9939-9f66300b928a;409.73;0.03;BUY
2016-03-19T01:16:33.463000;2016-03-19T01:16:33.523000;f899e333-544d-4fed-9197-37179f5fd44d;409.73;0.05;BUY
2016-03-19T01:16:33.590000;2016-03-19T01:16:33.657000;f17e6313-69d6-49d2-a391-3c9999620e16;409.73;0.05;BUY
2016-03-19T01:16:40.060000;2016-03-19T01:16:40.107000;88625fa3-553d-4f3c-ae99-abcecc4127d9;409.65;0.0256;BUY
2016-03-19T01:16:40.060000;2016-03-19T01:16:40.123000;0184e5c0-7d04-4af0-990f-a854e71cb563;409.67;0.0244;BUY
2016-03-19T01:16:58.690000;2016-03-19T01:16:58.750000;bcc9d739-9fa1-4f69-81c4-0492163aadc7;409.54;0.01;SELL
2016-03-19T01:16:58.690000;2016-03-19T01:16:58.750000;1f2a9317-a519-4e86-b953-9df972b2311f;409.5;0.0027;SELL
2016-03-19T01:17:03.180000;2016-03-19T01:17:03.240000;dd578a2f-a6a4-4ce3-b974-475466b01040;409.67;1.32423;BUY
2016-03-19T01:17:07.457000;2016-03-19T01:17:07.510000;8b498251-0eab-420a-936f-a95fff6a198a;409.5;0.0173;SELL
2016-03-19T01:17:07.457000;2016-03-19T01:17:07.510000;1fc8270b-82e0-4f12-a537-163c3406627d;409.5;0.0081;SELL
2016-03-19T01:17:14.533000;2016-03-19T01:17:14.593000;441de6f3-954c-405c-9d37-69194be97c80;409.5;0.02;SELL
2016-03-19T01:17:22.463000;2016-03-19T01:17:22.527000;9bbc7c29-3d0c-4872-bdbc-1716ff6976c0;409.5;0.0499;SELL
2016-03-19T01:17:23.183000;2016-03-19T01:17:23.253000;4d0d3a44-590e-4a3f-a7b4-16595d255ba7;409.5;0.022;SELL
2016-03-19T01:17:23.183000;2016-03-19T01:17:23.253000;998fa03b-9065-4946-bf6d-70f8583d9292;409.44;0.018;SELL
2016-03-19T01:17:23.183000;2016-03-19T01:17:23.253000;7c653519-c102-4af7-a3d8-04a90574a615;409.4;0.01;SELL
2016-03-19T01:17:28.327000;2016-03-19T01:17:28.370000;ce904ba4-e34d-409f-880b-d80f5209df0f;409.4;0.05;SELL
2016-03-19T01:17:33.250000;2016-03-19T01:17:33.300000;2c6dc903-5a44-4aff-9fbe-7d9988414a7b;409.4;0.04;SELL
2016-03-19T01:17:33.250000;2016-03-19T01:17:33.300000;5e8ca55c-389e-4597-a6fc-d430f0f8658c;409.38;0.01;SELL
2016-03-19T01:17:33.853000;2016-03-19T01:17:33.900000;7477246c-3a0b-4fbb-ad79-585d0db756f8;409.46;0.07992;BUY
2016-03-19T01:17:38.710000;2016-03-19T01:17:38.770000;4beb500c-d8cc-4d8f-ac37-06c3f2bd74da;409.38;0.01;SELL
2016-03-19T01:17:38.710000;2016-03-19T01:17:38.770000;c565cdcf-a5a2-4e19-9288-ba83f77d2a71;409.35;0.01;SELL
2016-03-19T01:17:38.710000;2016-03-19T01:17:38.770000;fd20f4f0-0d56-46b2-9f43-2e793e79f699;409.32;0.02;SELL
2016-03-19T01:17:38.710000;2016-03-19T01:17:38.770000;0f800cac-574e-46e7-af9e-eaf17a6b89ab;409.32;0.01;SELL
2016-03-19T01:17:43.490000;2016-03-19T01:17:43.537000;41a2cf65-a1d4-42bd-b5f8-ef03fa646058;409.33;0.01;SELL
2016-03-19T01:17:43.490000;2016-03-19T01:17:43.553000;ca213e59-9e92-4ba1-a3d0-e37bac804dc4;409.32;0.04;SELL
2016-03-19T01:17:49.137000;2016-03-19T01:17:49.190000;349771dd-cc3e-47d2-b8f6-cffd37f701c2;409.32;0.05;SELL
2016-03-19T01:17:53.593000;2016-03-19T01:17:53.637000;ba781ac7-0838-437e-b1b0-121322d87029;409.32;0.05;SELL
2016-03-19T01:17:58.950000;2016-03-19T01:17:59.000000;36282573-b1f5-4971-a982-75df6388d4ce;409.32;0.0142;SELL
2016-03-19T01:17:58.950000;2016-03-19T01:17:59.000000;acb0f908-d6e6-45fc-9eca-b5c14b12b78e;409.32;0.0358;SELL
2016-03-19T01:18:02.953000;2016-03-19T01:18:03.013000;00a048ee-7b4d-4689-9294-64476aa04c45;409.33;0.48333;BUY
2016-03-19T01:18:04.867000;2016-03-19T01:18:04.910000;50516899-8643-44fc-a836-9f2d5e690754;409.33;0.0308;BUY
2016-03-19T01:18:05.513000;2016-03-19T01:18:05.563000;519f50b7-c120-458b-b6ab-6ea8d6802c21;409.32;0.05;SELL
2016-03-19T01:18:14.297000;2016-03-19T01:18:14.343000;6aaab58b-5e87-468d-9e3a-4923c2bff247;409.33;0.03;BUY
2016-03-19T01:18:15.093000;2016-03-19T01:18:15.147000;74a9b173-3f61-4c70-a8ca-b61b720c564c;409.32;0.05;SELL
2016-03-19T01:18:22.397000;2016-03-19T01:18:22.457000;a3e835b6-d7e7-4e7d-b81a-969170d8d18e;409.33;0.0301;BUY
2016-03-19T01:18:23.567000;2016-03-19T01:18:23.620000;44ba6458-c424-4fb7-bb49-05e6ea9c284f;409.32;0.05;SELL
2016-03-19T01:18:29.337000;2016-03-19T01:18:29.387000;f4ee1ad0-69c7-4aa6-b6f0-a9ab06fb9969;409.32;0.05;SELL
2016-03-19T01:18:31.790000;2016-03-19T01:18:31.840000;846902a5-6049-437c-93ad-e88018d8120c;409.33;0.76239;BUY
2016-03-19T01:18:34.843000;2016-03-19T01:18:34.887000;e980dbce-5a7b-4692-bb18-ebf3a9cfbe0e;409.32;0.0142;SELL
2016-03-19T01:18:34.843000;2016-03-19T01:18:34.903000;58fa76b1-1045-4aa8-b062-a565fcbc5150;409.3;0.0358;SELL
2016-03-19T01:18:38.830000;2016-03-19T01:18:38.880000;b98b6d09-d7a0-4bbd-8806-4c0961351ea5;409.3;0.05;SELL
2016-03-19T01:18:43.067000;2016-03-19T01:18:43.110000;b0ca9eb5-9011-4310-8024-7b39531b5621;409.33;1.99406206;BUY
2016-03-19T01:18:44.813000;2016-03-19T01:18:44.863000;6b071a6f-44a4-45b0-a9f3-5f03154e5edc;409.32;0.0207;SELL
2016-03-19T01:18:44.813000;2016-03-19T01:18:44.863000;88bd921c-9527-4ebf-bf1b-a002ed1098a0;409.3;0.0142;SELL
2016-03-19T01:18:44.813000;2016-03-19T01:18:44.883000;72bab6cf-d479-461f-9c13-0e09a2cef54b;409.3;0.0151;SELL
2016-03-19T01:18:50.370000;2016-03-19T01:18:50.423000;bdea59d5-795e-4210-9044-8e71f8c727cb;409.26;0.02;SELL
2016-03-19T01:18:50.370000;2016-03-19T01:18:50.423000;57b33c27-43dc-4b33-bc6b-9e46d9bc9f17;409.25;0.03;SELL
2016-03-19T01:18:57.523000;2016-03-19T01:18:57.583000;65875f9c-1ab5-4cc1-bdbd-3492419e3607;409.23;0.02;SELL
2016-03-19T01:18:57.523000;2016-03-19T01:18:57.583000;68feee52-6305-43d5-a8d0-18413b52f155;409.23;0.03;SELL
2016-03-19T01:19:04.610000;2016-03-19T01:19:04.660000;d34949c3-0d79-4bce-a8dc-1719e265b43c;409.23;0.02;SELL
2016-03-19T01:19:04.610000;2016-03-19T01:19:04.660000;8582b3ad-7afa-4182-842f-b0d70ec87e23;409.2;0.02;SELL
2016-03-19T01:19:04.610000;2016-03-19T01:19:04.660000;088e3450-fede-43e4-8e95-c614fdd26572;409.2;0.01;SELL
2016-03-19T01:19:08.480000;2016-03-19T01:19:08.527000;562b63c7-3113-40fc-8f5b-4b12a93773de;409.23;0.02;SELL
2016-03-19T01:19:08.480000;2016-03-19T01:19:08.553000;1bf5b26b-89d8-421d-8d1d-ab4cef3e5e48;409.23;0.03;SELL
2016-03-19T01:19:16.453000;2016-03-19T01:19:16.493000;8e2ce326-6ac6-4cc1-b0ab-550fc534c844;409.3;0.0308;BUY
2016-03-19T01:19:17.250000;2016-03-19T01:19:17.310000;37b61eff-d6ff-4ef9-87b5-60cca6202e60;409.22;0.0162;SELL
2016-03-19T01:19:17.250000;2016-03-19T01:19:17.310000;195876d7-1274-4a7e-b8a6-e2a95c7942fa;409.2;0.0338;SELL
2016-03-19T01:19:21.953000;2016-03-19T01:19:22.003000;36bbab3a-c714-4e52-9c0c-f63cf1e2f6a2;409.2;0.05;SELL
2016-03-19T01:19:31.797000;2016-03-19T01:19:31.843000;e911059f-cedd-4d6c-a42d-83a3a46b91fd;409.22;0.0298;SELL
2016-03-19T01:19:32.017000;2016-03-19T01:19:32.077000;4287a649-37b9-47ac-bf12-cac8def2df9b;409.35;0.25;BUY
2016-03-19T01:19:32.017000;2016-03-19T01:19:32.077000;d555d3b6-1411-425b-b29b-9cc139611846;409.36;0.02;BUY
2016-03-19T01:19:32.017000;2016-03-19T01:19:32.077000;8a6e9e28-3bea-43ca-b886-155772f5160f;409.4;0.1;BUY
2016-03-19T01:19:32.020000;2016-03-19T01:19:32.077000;676e7b8e-0a50-4058-b5d1-0cd77787ac12;409.4;0.15;BUY
2016-03-19T01:19:32.020000;2016-03-19T01:19:32.093000;31746257-c8e4-421a-9584-860c31d50c6a;409.42;0.02;BUY
2016-03-19T01:19:32.020000;2016-03-19T01:19:32.097000;178e1d0a-14bc-4d72-adb5-01744e1b3f3c;409.48;0.02;BUY
2016-03-19T01:19:32.020000;2016-03-19T01:19:32.097000;12ed00cb-5688-476b-9807-6fda040fcbcf;409.49;0.15;BUY
2016-03-19T01:19:32.020000;2016-03-19T01:19:32.097000;20cfbbd5-4234-40e8-af25-66640c8d3e5d;409.5;0.1;BUY
2016-03-19T01:19:32.020000;2016-03-19T01:19:32.097000;86e607e6-ad25-4e55-bfbe-c1239ef7c8dd;409.5;0.05;BUY
2016-03-19T01:19:32.020000;2016-03-19T01:19:32.097000;40fab162-4f13-4c74-aabb-75f945b2d196;409.51;0.01;BUY
2016-03-19T01:19:32.020000;2016-03-19T01:19:32.113000;e41d78df-3b8c-4be5-b384-17c2449357ca;409.52;0.102;BUY
2016-03-19T01:19:32.020000;2016-03-19T01:19:32.113000;8f8b08d7-b2bb-4cb2-bb9a-10ac9b365f14;409.54;0.02;BUY
2016-03-19T01:19:32.020000;2016-03-19T01:19:32.113000;1974fa73-8ee3-4ba4-b423-aaa92e11413a;409.58;0.01;BUY
2016-03-19T01:19:32.020000;2016-03-19T01:19:32.113000;5526de54-8270-4c6e-91ec-42530bd591ee;409.58;0.192;BUY
2016-03-19T01:19:32.020000;2016-03-19T01:19:32.113000;80b1a8f3-301d-47b8-b877-b6329fa5ae98;409.6;0.02;BUY
2016-03-19T01:19:32.020000;2016-03-19T01:19:32.140000;03352e93-a56f-47ec-9c51-2d9275996da1;409.6;0.1;BUY
2016-03-19T01:19:32.020000;2016-03-19T01:19:32.140000;2dae890a-3655-4946-969b-0ad44fa5661a;409.63;0.197;BUY
2016-03-19T01:19:32.020000;2016-03-19T01:19:32.140000;e791e297-c6b1-4c83-8ffc-0728a39505a2;409.65;0.44;BUY
2016-03-19T01:19:32.020000;2016-03-19T01:19:32.140000;c4ed1a5b-c6f4-48f5-aa37-c5def6d1fb6f;409.66;0.02;BUY
2016-03-19T01:19:32.020000;2016-03-19T01:19:32.140000;c3befef8-1c07-4e7f-b6c6-3b0fac7e5b5f;409.67;0.66;BUY
2016-03-19T01:19:32.020000;2016-03-19T01:19:32.140000;c9005378-cb56-45fa-85c1-e17dacbf1bf3;409.68;0.15;BUY
2016-03-19T01:19:32.020000;2016-03-19T01:19:32.143000;8b228e79-915e-4789-96ce-624f64df13bd;409.69;1.71761;BUY
2016-03-19T01:19:38.207000;2016-03-19T01:19:38.263000;c03dc9c2-c8a7-49e3-a2eb-ca02a4a8be6c;409.5;0.02;SELL
2016-03-19T01:19:38.207000;2016-03-19T01:19:38.263000;3a3b6d16-f564-477b-82a9-b5f8d116496c;409.5;0.0299;SELL
2016-03-19T01:19:49.033000;2016-03-19T01:19:49.077000;10171c04-8aa8-446a-8ead-7d742d9b47c8;409.53;0.0263;SELL
2016-03-19T01:19:49.033000;2016-03-19T01:19:49.093000;a064aaa0-a6c3-43c2-9577-20b5efea408b;409.51;0.0476;SELL
2016-03-19T01:19:49.033000;2016-03-19T01:19:49.093000;b4c37232-bc11-4d38-9866-994e80330319;409.51;0.084;SELL
2016-03-19T01:19:49.033000;2016-03-19T01:19:49.093000;1ac17e25-fdf2-4a4a-90bd-3e3475dc4481;409.5;0.0342;SELL
2016-03-19T01:19:49.033000;2016-03-19T01:19:49.093000;08043343-3aec-4023-91fe-cd4e27788c74;409.48;0.0172;SELL
2016-03-19T01:19:49.033000;2016-03-19T01:19:49.110000;e8d40092-1678-4171-beaf-10c0285ddbdb;409.46;0.0266;SELL
2016-03-19T01:19:49.033000;2016-03-19T01:19:49.110000;93c4d1b2-8a78-4fd7-bfe2-9b1026c37f1d;409.46;0.1;SELL
2016-03-19T01:19:49.033000;2016-03-19T01:19:49.110000;b88b16da-5624-47aa-a49f-68c95b80ef27;409.46;0.05;SELL
2016-03-19T01:19:49.033000;2016-03-19T01:19:49.110000;97b22063-dcf9-4f9d-948d-a78dc85f990b;409.44;0.02;SELL
2016-03-19T01:19:49.033000;2016-03-19T01:19:49.133000;549003b0-ed08-4584-9f0e-f0ab49c151c9;409.38;0.02;SELL
2016-03-19T01:19:49.033000;2016-03-19T01:19:49.133000;17929894-9e95-4fbd-97d0-2fba0365dbe2;409.35;0.01;SELL
2016-03-19T01:19:49.033000;2016-03-19T01:19:49.133000;2f81edd7-d2fb-4d35-a02a-7a56601603c5;409.34;0.05;SELL
2016-03-19T01:19:49.033000;2016-03-19T01:19:49.137000;feb5b575-ffdb-45a3-a328-a9c314ce26a2;409.33;0.88;SELL
2016-03-19T01:19:49.033000;2016-03-19T01:19:49.137000;a3973d14-95b4-427b-b707-71f4c1e12cd0;409.32;0.02;SELL
2016-03-19T01:19:49.033000;2016-03-19T01:19:49.137000;ee54a7d0-07b5-4f5c-82a0-5aeb9f9f9720;409.31;0.88;SELL
2016-03-19T01:19:49.033000;2016-03-19T01:19:49.137000;e8687a1d-b4cf-483c-a329-317eed69fc7b;409.3;0.1;SELL
2016-03-19T01:19:49.033000;2016-03-19T01:19:49.137000;0175963d-cdfa-4e9e-880f-023374369e0e;409.27;0.6391;SELL
2016-03-19T01:19:49.817000;2016-03-19T01:19:49.880000;2369342b-74b9-4fab-b06e-0aec22c47c3a;409.53;0.0253;SELL
2016-03-19T01:19:49.817000;2016-03-19T01:19:49.880000;35e09ec0-732b-4f75-9350-b0102fa047ef;409.53;0.0247;SELL
2016-03-19T01:19:52.053000;2016-03-19T01:19:52.110000;c95c2a7f-9f7c-4ec2-9d37-17cdedc03aca;409.57;0.0194;SELL
2016-03-19T01:19:52.053000;2016-03-19T01:19:52.110000;7f61e1e8-e0db-405b-8532-3b6587675f3b;409.55;0.0221;SELL
2016-03-19T01:19:52.053000;2016-03-19T01:19:52.110000;670213d0-556e-44f7-b0a3-f9c9caeaf89b;409.33;0.44;SELL
2016-03-19T01:19:52.053000;2016-03-19T01:19:52.110000;672588e6-3cf1-47fe-b738-424c50c8d211;409.33;0.05;SELL
2016-03-19T01:19:52.053000;2016-03-19T01:19:52.110000;b2092d12-9ea0-4e4c-8ff9-f958c5cfd100;409.32;0.02;SELL
2016-03-19T01:19:52.053000;2016-03-19T01:19:52.130000;e6ed7a95-bf80-441d-94b9-ad37b23dbbae;409.27;0.44;SELL
2016-03-19T01:19:52.053000;2016-03-19T01:19:52.130000;710f0e12-aeed-40fb-b7c5-284b0ae21244;409.27;0.05;SELL
2016-03-19T01:19:52.053000;2016-03-19T01:19:52.130000;2b8017d6-5019-4b94-a60f-8d97d9fb462b;409.26;0.02;SELL
2016-03-19T01:19:52.053000;2016-03-19T01:19:52.130000;42d1af8f-5340-4984-bc4f-89c32a3d3f6f;409.26;0.01;SELL
2016-03-19T01:19:52.053000;2016-03-19T01:19:52.133000;d3bc4bdc-0689-40d0-a0a6-a381580084c8;409.23;0.19594029;SELL
2016-03-19T01:19:52.737000;2016-03-19T01:19:52.787000;c267b1f4-ee28-4132-be2a-1a3cc2d4578c;409.42;0.02;BUY
2016-03-19T01:19:53.027000;2016-03-19T01:19:53.073000;f5aae38a-1c2f-44ec-bd02-85d52291fec1;409.48;0.02;BUY
2016-03-19T01:19:53.163000;2016-03-19T01:19:53.227000;33c0cb50-2b33-4329-adbc-417118a1dee5;409.53;0.01;BUY
2016-03-19T01:19:53.163000;2016-03-19T01:19:53.227000;edc7d6fa-469d-48bc-8ad4-94bb39d0becf;409.54;0.02;BUY
2016-03-19T01:19:53.163000;2016-03-19T01:19:53.227000;400b6c9f-c2f9-4892-aa58-470fe9448f47;409.54;0.02;BUY
2016-03-19T01:19:53.173000;2016-03-19T01:19:53.243000;481be640-9918-4ada-9a0e-36f07745c2e8;409.6;0.02;BUY
