time_exchange;time_coinpai;guid;price;base_amount;taker_side
2016-03-19T00:00:15.000000;2016-03-19T00:00:15.773000;c69e3e23-fed0-4c15-9c67-b58fd98af381;10.99;0.21187168;BUY
2016-03-19T00:00:22.000000;2016-03-19T00:00:22.123000;900b7c4e-89f3-4f49-a609-93a379c8115b;10.951;0.10478913;SELL
2016-03-19T00:00:48.000000;2016-03-19T00:00:48.907000;14c534b5-113d-45d2-badd-00717117c4cb;10.99;11.73106995;BUY
2016-03-19T00:00:52.000000;2016-03-19T00:00:52.247000;6d9d1210-d66e-4aea-9030-b3ae96d34c51;10.99;7.70591918;BUY
2016-03-19T00:00:53.000000;2016-03-19T00:00:53.477000;99e40cc4-8fa7-41c1-8a2a-b736e11c7792;11.0;7.37272368;BUY
2016-03-19T00:01:02.000000;2016-03-19T00:01:02.877000;11a76cc3-a6b4-44f1-b8d5-c589329d6c12;11.001;0.14288907;SELL
2016-03-19T00:01:07.000000;2016-03-19T00:01:07.817000;6e3978f6-8dc5-4383-a651-a5d9fcddd6cb;11.09;4.01813873;BUY
2016-03-19T00:01:34.000000;2016-03-19T00:01:34.460000;a5a446a7-f1fd-467e-93e3-eef5a497c8c9;11.09;4.33873753;BUY
2016-03-19T00:01:39.000000;2016-03-19T00:01:39.510000;ef509417-c285-40f8-9aa8-9ca4ba1eec23;11.09;4.33873753;BUY
2016-03-19T00:01:43.000000;2016-03-19T00:01:43.607000;03cf37a9-7a95-4b65-859c-4201ebb66c4f;11.09;4.52372877;BUY
2016-03-19T00:01:44.000000;2016-03-19T00:01:45.063000;957e7640-68e8-498b-8b9e-d3d973fedbce;11.09;1.9054564;BUY
2016-03-19T00:01:47.000000;2016-03-19T00:01:47.657000;3c76d6e8-eccb-48d1-ace0-9a983903356a;11.09;4.52372877;BUY
2016-03-19T00:01:47.000000;2016-03-19T00:01:47.690000;da8ca0ca-9e0d-48d1-acf0-3bdc42ff91d4;11.09;1.35147227;BUY
2016-03-19T00:01:59.000000;2016-03-19T00:01:59.073000;3594bf06-5020-4809-879d-97b8508ee7f6;11.17;0.40339028;BUY
2016-03-19T00:02:28.000000;2016-03-19T00:02:28.450000;bf23386d-a26e-420c-8d1f-68f53da6df7b;11.091;5.9515113;SELL
2016-03-19T00:02:28.000000;2016-03-19T00:02:28.450000;eab0a6d8-c44c-4c29-8505-18d91a3ced54;11.09;4.33901733;SELL
2016-03-19T00:02:28.000000;2016-03-19T00:02:28.480000;6ac7ace6-017b-4709-ad54-700981ea2ebe;11.09;2.490149;SELL
2016-03-19T00:02:28.000000;2016-03-19T00:02:28.480000;4071e73e-ec84-445c-b689-414b2e5d1398;11.015;1.85145201;SELL
2016-03-19T00:02:28.000000;2016-03-19T00:02:28.480000;67410e18-7093-463a-bdbe-66eb1922bfeb;11.014;10.754918;SELL
2016-03-19T00:02:28.000000;2016-03-19T00:02:28.490000;766d9501-ba4b-40c6-9e0d-6272d0443cf7;11.01;7.37272368;SELL
2016-03-19T00:02:28.000000;2016-03-19T00:02:28.490000;936b1c74-051d-4bd0-870b-85c6b5ba9d69;11.01;7.37943196;SELL
2016-03-19T00:02:29.000000;2016-03-19T00:02:29.357000;5ee350c8-6ee1-4086-9abc-e802a73d9454;11.01;56.10845152;BUY
2016-03-19T00:02:29.000000;2016-03-19T00:02:29.730000;695642e0-a8ff-4034-8071-e08739966762;11.01;92.37;BUY
2016-03-19T00:02:29.000000;2016-03-19T00:02:29.933000;1a590daf-5ded-4faa-9da2-92a489949c8d;11.01;7.7487956;BUY
2016-03-19T00:02:29.000000;2016-03-19T00:02:30.337000;f501f995-13a0-4875-8e97-55c1f9d6de45;11.01;0.35;BUY
2016-03-19T00:02:29.000000;2016-03-19T00:02:30.367000;abec905f-32df-4d4d-b07b-c0189765ff39;11.01;3.29183433;BUY
2016-03-19T00:06:44.000000;2016-03-19T00:06:44.057000;de3ec2b1-b919-4cf8-b606-a5e9297f3dea;11.12;4.4;SELL
2016-03-19T00:08:43.000000;2016-03-19T00:08:43.737000;c05224b4-c7d5-43a1-b334-393a54fd4b16;11.14;100.0;BUY
2016-03-19T00:10:13.000000;2016-03-19T00:10:13.740000;8775b858-35c0-4db3-a6e5-65d60c81d6d4;11.0;865.8;SELL
2016-03-19T00:10:16.000000;2016-03-19T00:10:16.213000;4cdd6462-8efa-4d96-98ef-62fa23c19254;10.99;7.67512633;SELL
2016-03-19T00:10:16.000000;2016-03-19T00:10:16.877000;5b208ec0-a792-4be1-b355-81f7b92ecca5;10.951;0.34067993;SELL
2016-03-19T00:10:16.000000;2016-03-19T00:10:16.887000;d4dc092e-bc2f-4dd5-ac78-c7524040892c;10.939;11.45488394;SELL
2016-03-19T00:10:16.000000;2016-03-19T00:10:16.920000;acc5986f-ada1-4b33-b2d8-fa0b8dff10cb;10.939;1.38208998;SELL
2016-03-19T00:10:16.000000;2016-03-19T00:10:16.920000;f9d1db01-4a8b-488d-a6b9-aeff0e39d903;10.934;2.436208;SELL
2016-03-19T00:10:16.000000;2016-03-19T00:10:16.933000;4f6cca46-a5ed-40cb-a553-d9bb1b8adbd8;10.929;0.45374067;SELL
2016-03-19T00:10:25.000000;2016-03-19T00:10:25.490000;257c23fd-c036-4ffd-ae4a-e4d95e6c9f2e;10.93;0.44546906;SELL
2016-03-19T00:10:25.000000;2016-03-19T00:10:25.497000;4ef84922-2e6a-4297-aa51-1879d0643c30;10.93;1.22891884;SELL
2016-03-19T00:10:25.000000;2016-03-19T00:10:25.543000;ea613e9c-f11b-4dac-bcc0-f162ae733d95;10.929;3.20099482;SELL
2016-03-19T00:10:25.000000;2016-03-19T00:10:25.547000;eea8cbe6-5358-4bed-9f7b-7c425ce84d03;10.92;0.44546906;SELL
2016-03-19T00:10:25.000000;2016-03-19T00:10:25.570000;0f02f051-27cf-4f20-9c2b-3755dcf2c115;10.92;5.02328393;SELL
2016-03-19T00:10:25.000000;2016-03-19T00:10:25.590000;85559f93-3bf3-48c4-9537-14c25bc1ee72;10.92;0.34067993;BUY
2016-03-19T00:10:36.000000;2016-03-19T00:10:36.083000;c9fe13ad-066d-4379-a25e-6bc1b8479d55;10.9;1.12181872;SELL
2016-03-19T00:11:21.000000;2016-03-19T00:11:21.797000;5d67eaa2-7aab-413b-b310-156acb03c4ec;10.9;3.15562526;SELL
2016-03-19T00:20:36.000000;2016-03-19T00:20:36.807000;0f8f99b6-d4f7-43da-8af4-1476692eb55f;10.97;0.53723692;BUY
2016-03-19T00:20:36.000000;2016-03-19T00:20:36.923000;f325e8ec-69ab-4075-9210-06ba64ce0f6d;10.97;4.11881638;BUY
2016-03-19T00:20:37.000000;2016-03-19T00:20:37.103000;1961877d-15a8-4e37-9903-c0a9252d7df1;10.97;3.01907303;BUY
2016-03-19T00:20:37.000000;2016-03-19T00:20:37.113000;935b2945-decd-4b92-a60f-b5c112d55dfb;10.971;8.73231346;BUY
2016-03-19T00:20:45.000000;2016-03-19T00:20:45.890000;c2e8e06b-e9f7-4c68-919e-94be03ccac25;10.971;2.99982409;BUY
2016-03-19T00:20:45.000000;2016-03-19T00:20:45.897000;5be8c80a-5c16-49c7-9722-480d304ed5c4;10.972;0.19090358;BUY
2016-03-19T00:20:45.000000;2016-03-19T00:20:45.930000;d7dba03f-0b0b-4973-9220-8235c8e828ae;10.972;0.41618187;BUY
2016-03-19T00:21:26.000000;2016-03-19T00:21:26.190000;e9ba4c96-9595-4874-ad64-200788300b59;10.909;1.0;SELL
2016-03-19T00:21:45.000000;2016-03-19T00:21:46.577000;9475ab1c-e583-4fde-9588-5cf5790c9cc3;10.909;1.0;SELL
2016-03-19T00:22:17.000000;2016-03-19T00:22:18.047000;79cb2835-42a9-4ac7-81ba-f75f19ef15e3;11.044;1.06707205;BUY
2016-03-19T00:22:17.000000;2016-03-19T00:22:18.057000;5c2e7cb3-e00d-48ec-b082-bca18285ad85;11.044;3.93292795;BUY
2016-03-19T00:24:41.000000;2016-03-19T00:24:41.787000;727bae41-f2f6-4fb2-afe7-947b79f6fdf4;11.058;2.500855;BUY
2016-03-19T00:24:41.000000;2016-03-19T00:24:41.797000;a52c8103-ac36-41b3-b2bc-372c1fdfccea;11.104;0.499145;BUY
2016-03-19T00:26:25.000000;2016-03-19T00:26:25.250000;c385a656-31fb-4193-8a01-3147a6e9e33b;10.917;1.59723946;SELL
2016-03-19T00:45:12.000000;2016-03-19T00:45:12.683000;26d9be64-ec69-4115-98f5-dab5cd5bfd5a;10.917;0.86648554;SELL
2016-03-19T00:45:12.000000;2016-03-19T00:45:12.697000;c29d91aa-8f8d-452f-919a-c3a4eb14dac7;10.909;0.48033;SELL
2016-03-19T00:45:12.000000;2016-03-19T00:45:12.753000;ac230bf7-fb90-4b78-a2ed-286552bc431c;10.851;2.460027;SELL
2016-03-19T00:49:57.000000;2016-03-19T00:49:57.413000;398b0f09-e6eb-46ed-b6d1-1b0ac4058124;10.815;7.91541652;SELL
2016-03-19T00:50:37.000000;2016-03-19T00:50:38.220000;266cbcbe-9b69-44d1-9f4f-5317c53c9ebe;10.815;1.79787433;SELL
2016-03-19T00:50:38.000000;2016-03-19T00:50:38.277000;39776ae5-32a7-4cb4-b759-20ab58ace5fd;10.815;1.79787433;SELL
2016-03-19T00:50:39.000000;2016-03-19T00:50:39.527000;5fa77c20-ffb8-4b5c-8935-c1372946a584;10.815;1.79787433;SELL
2016-03-19T00:50:56.000000;2016-03-19T00:50:56.507000;3bb9760a-b2bb-498c-90e5-0df8c677c41e;10.815;4.93619548;SELL
2016-03-19T00:51:50.000000;2016-03-19T00:51:51.340000;cabcefd9-0e45-4971-a7b2-7b7a58d7e57f;10.812;1.0;BUY
2016-03-19T00:52:37.000000;2016-03-19T00:52:37.663000;1636588f-cd52-4754-b6eb-17063b199ad8;10.794;0.42234877;BUY
2016-03-19T00:55:07.000000;2016-03-19T00:55:07.937000;3906f644-5f93-49b4-bf51-bf5a04b111b2;10.66;8.07088878;SELL
2016-03-19T00:55:08.000000;2016-03-19T00:55:08.707000;f629f66b-ddb1-4bb9-ad02-e66d4aecfbda;10.66;8.07088878;SELL
2016-03-19T00:55:09.000000;2016-03-19T00:55:09.907000;1e8b6bef-3db7-4cad-bc6a-23207d42a833;10.66;8.07088878;SELL
2016-03-19T00:55:10.000000;2016-03-19T00:55:10.653000;1ca0e868-1f8f-41be-ad94-b125d6b37457;10.66;8.07088878;SELL
2016-03-19T00:55:11.000000;2016-03-19T00:55:11.587000;179ba74e-75f0-4d7b-82eb-3bfa43a37726;10.66;8.07088878;SELL
2016-03-19T00:55:13.000000;2016-03-19T00:55:14.257000;f23938c1-39f1-4f98-8523-7ace59527514;10.66;8.07088878;SELL
2016-03-19T00:55:17.000000;2016-03-19T00:55:17.780000;4cf8fe95-e07a-4cf2-8fa2-70f766e4c261;10.66;6.50802622;SELL
2016-03-19T00:56:46.000000;2016-03-19T00:56:47.100000;3b3de4ac-eeb8-49f8-b5ae-d2a0b0941450;10.513;2.53277613;SELL
2016-03-19T00:56:46.000000;2016-03-19T00:56:47.110000;9c217764-3d95-47a4-8259-f0872df9f972;10.501;2.497276;SELL
2016-03-19T00:56:46.000000;2016-03-19T00:56:47.123000;56e97e82-5eb5-4fdc-88a3-07b27b07b312;10.493;0.51201088;SELL
2016-03-19T00:56:46.000000;2016-03-19T00:56:47.153000;c2b04818-57f2-4e0a-ad9d-1cac27687dd4;10.492;5.33573103;SELL
2016-03-19T00:56:46.000000;2016-03-19T00:56:47.153000;2cffaa0c-05b1-414b-80e9-cceb4d2e5229;10.48;6.69564238;SELL
2016-03-19T00:56:46.000000;2016-03-19T00:56:47.153000;9eecf840-8714-4dc2-acf2-193728261639;10.48;11.885632;SELL
2016-03-19T00:56:46.000000;2016-03-19T00:56:47.153000;bb2c9de3-b9e5-40ac-9b13-6362e553b2cc;10.454;14.25328361;SELL
2016-03-19T00:56:46.000000;2016-03-19T00:56:47.153000;44c1f5b3-1774-4ec9-a753-209a46b3fdac;10.454;1.85912394;SELL
2016-03-19T00:56:46.000000;2016-03-19T00:56:47.157000;84bc6bc3-fbb4-4715-8465-e32d82140911;10.454;23.76107536;SELL
2016-03-19T00:56:46.000000;2016-03-19T00:56:47.197000;95684204-7211-4edf-ac75-84e094f12777;10.454;9.150977;SELL
2016-03-19T00:56:46.000000;2016-03-19T00:56:47.197000;0a8ae174-6b9e-4383-bd65-d0c10d02747a;10.45;6.43379944;SELL
2016-03-19T00:56:46.000000;2016-03-19T00:56:47.197000;80345699-3891-4ed8-a537-0f37f3b1baee;10.45;6.43379944;SELL
2016-03-19T00:56:46.000000;2016-03-19T00:56:47.197000;cb580ce2-1ecf-45a2-97aa-a199e316b82c;10.366;1.30459844;SELL
2016-03-19T00:56:46.000000;2016-03-19T00:56:47.197000;550910d0-975e-4756-87a8-e37256a04a15;10.363;3.19466335;SELL
2016-03-19T00:56:46.000000;2016-03-19T00:56:47.197000;8beb487d-a387-4058-8613-e688a8b8c92c;10.362;1.33487456;SELL
2016-03-19T00:56:46.000000;2016-03-19T00:56:47.197000;f7b9696e-6f84-4ac8-ae32-dca9b54dd710;10.317;122.86614987;SELL
2016-03-19T00:56:55.000000;2016-03-19T00:56:56.280000;f66dd67a-c4df-41f9-83e6-4f714a2a3ca9;10.456;4.65838594;SELL
2016-03-19T00:56:55.000000;2016-03-19T00:56:56.303000;3f206b00-1662-41a3-ad71-d35f5bd09634;10.456;1.85912394;SELL
2016-03-19T00:56:55.000000;2016-03-19T00:56:56.310000;d36098b4-36db-49cf-aeee-242e5c137606;10.363;339.748107;SELL
2016-03-19T00:56:55.000000;2016-03-19T00:56:56.343000;735fcaa7-aec0-4c0e-ba8e-3e8ef9fe8d93;10.317;6.88385013;SELL
2016-03-19T00:56:55.000000;2016-03-19T00:56:56.343000;2e69576f-36c1-4ab0-ad43-5b1ec331940a;10.316;21.99292219;SELL
2016-03-19T00:56:55.000000;2016-03-19T00:56:56.343000;10ec0269-8309-45c6-a0d6-aa516ef17819;10.315;6.15178701;SELL
2016-03-19T00:56:55.000000;2016-03-19T00:56:56.353000;3fb02a01-a0cd-4620-80ec-5da8afd4866b;10.28;7.29175109;SELL
2016-03-19T00:56:55.000000;2016-03-19T00:56:56.387000;08bf91b8-61ea-4b3b-a918-4d8d8a2ef98a;10.262;0.69;SELL
2016-03-19T00:56:55.000000;2016-03-19T00:56:56.387000;364a24b8-637d-4b51-b482-2540b5672432;10.198;126.89;SELL
2016-03-19T00:56:55.000000;2016-03-19T00:56:56.387000;1ec8731d-02f6-4e24-b8a9-31516187709b;10.197;31.3240727;SELL
2016-03-19T01:01:58.000000;2016-03-19T01:01:58.947000;69f10571-4b41-4f62-89e2-b825ed4e515e;10.569;2.457457;BUY
2016-03-19T01:03:16.000000;2016-03-19T01:03:16.303000;50267642-0643-4dd2-872c-9d3721885707;10.61;12.15122161;BUY
2016-03-19T01:03:17.000000;2016-03-19T01:03:17.960000;2b03b2fe-3421-476a-9841-8ce184aad484;10.61;12.15122161;BUY
2016-03-19T01:03:18.000000;2016-03-19T01:03:19.357000;e20cb2cf-2dfc-4e75-99ef-9d4e8449c4e6;10.61;2.69388178;BUY
2016-03-19T01:03:20.000000;2016-03-19T01:03:20.913000;31e3db69-0316-45a0-99ab-081e705b6d60;10.61;1.81897998;BUY
2016-03-19T01:03:21.000000;2016-03-19T01:03:22.437000;3f07f19b-eed2-4bf7-bfc0-d0f2e519da80;10.61;0.43674276;BUY
2016-03-19T01:03:22.000000;2016-03-19T01:03:24.803000;3f55bde3-5cef-4881-bd0e-8816415e24a0;10.61;9.3564378;BUY
2016-03-19T01:03:22.000000;2016-03-19T01:03:24.820000;e44cc169-d212-41d5-99c8-aeb1bd49f7df;10.61;1.22040493;BUY
2016-03-19T01:03:26.000000;2016-03-19T01:03:26.827000;49700878-2301-49fb-8f26-05b97a710711;10.61;12.65792593;BUY
2016-03-19T01:03:26.000000;2016-03-19T01:03:26.833000;d1be1509-9010-45a9-a292-d8e8df02780d;10.61;45.0;BUY
2016-03-19T01:03:34.000000;2016-03-19T01:03:35.240000;a1145a23-ae44-4220-b4dd-82cd9b32b81b;10.647;0.92155912;BUY
2016-03-19T01:03:34.000000;2016-03-19T01:03:35.247000;dbb4439a-1076-45ef-ad1e-c8b002c6287e;10.647;8.07088878;BUY
2016-03-19T01:03:34.000000;2016-03-19T01:03:35.250000;6eca71a0-f16d-44fc-b64d-9e046f09893a;10.648;3.11540909;BUY
2016-03-19T01:04:03.000000;2016-03-19T01:04:03.460000;80788133-ce2c-48ea-a82c-32609a7b3a2c;10.647;3.62242543;BUY
2016-03-19T01:04:16.000000;2016-03-19T01:04:16.810000;63ff3b31-c7b8-4bcf-a3b5-5a6921235dc5;10.65;1.80840818;SELL
2016-03-19T01:04:16.000000;2016-03-19T01:04:16.813000;a811f51e-1ea2-495a-a55e-e63c6f8a519b;10.648;6.2624806;SELL
2016-03-19T01:07:06.000000;2016-03-19T01:07:06.567000;ee8464d8-062b-4a37-8d42-9acec5019fa6;10.798;137.72;BUY
2016-03-19T01:07:06.000000;2016-03-19T01:07:06.573000;ca1485a2-4f7f-4b7d-bb2a-3fa5e7b5e4b3;10.798;214.5876;BUY
2016-03-19T01:07:06.000000;2016-03-19T01:07:06.603000;bb86234c-7e99-4e22-80bd-0d648611012e;10.799;4.51384671;BUY
2016-03-19T01:07:06.000000;2016-03-19T01:07:06.617000;ed858a76-0389-47a1-b729-8c7eaa5a2505;10.816;43.443;BUY
2016-03-19T01:07:06.000000;2016-03-19T01:07:06.617000;97e3d259-67a3-4e83-8db7-d82a1450d38e;10.835;0.48033;BUY
2016-03-19T01:07:06.000000;2016-03-19T01:07:06.617000;c745f598-a607-4515-a896-5dcadd9e06c1;10.835;1.34681554;BUY
2016-03-19T01:07:06.000000;2016-03-19T01:07:06.620000;5c907fa3-f32d-45e5-9403-50f7ab339a2b;10.846;45.9535;BUY
2016-03-19T01:07:06.000000;2016-03-19T01:07:06.657000;310f9672-35ee-4da7-ab04-5a0584336b88;10.882;72.89673867;BUY
2016-03-19T01:07:34.000000;2016-03-19T01:07:35.200000;aca4a200-8790-4d78-a2b3-63ee66ee9d05;10.674;5.44977353;SELL
2016-03-19T01:08:13.000000;2016-03-19T01:08:13.140000;361faa26-37cc-47db-acc2-31808ef258c7;10.684;46.3254;SELL
2016-03-19T01:08:16.000000;2016-03-19T01:08:16.977000;930b4071-dbaa-4e00-873e-2ac3ec00c85c;10.673;12.10785699;BUY
2016-03-19T01:08:17.000000;2016-03-19T01:08:18.323000;be255107-ee7c-43fe-9e4e-7b3d97228715;10.647;1.90369883;SELL
2016-03-19T01:08:20.000000;2016-03-19T01:08:20.897000;2e9e3c48-4865-4c3c-89a4-61545a831139;10.644;1.90369883;BUY
2016-03-19T01:08:22.000000;2016-03-19T01:08:22.197000;6ffa1799-3a13-40e9-97dc-e3a57311772e;10.647;1.90369883;SELL
2016-03-19T01:08:26.000000;2016-03-19T01:08:26.340000;be3b97af-8571-4cac-8555-eabb90100759;10.647;41.19260234;SELL
2016-03-19T01:08:28.000000;2016-03-19T01:08:28.387000;8764aaa2-0024-4253-b47c-449a819b3c7d;10.628;1.07416022;SELL
2016-03-19T01:08:28.000000;2016-03-19T01:08:28.393000;59cef2a7-e424-43ab-9911-a4a54376e228;10.627;1.22040493;SELL
2016-03-19T01:08:28.000000;2016-03-19T01:08:28.430000;996157e8-82ce-487c-8216-b9a9c743fb1e;10.627;9.3564378;SELL
2016-03-19T01:11:26.000000;2016-03-19T01:11:26.643000;a87a799a-5afb-4635-98ca-98a904d2e863;10.557;2.08881836;BUY
2016-03-19T01:11:27.000000;2016-03-19T01:11:27.547000;89f097de-c297-4747-8180-f34485e83312;10.557;3.5996146;BUY
2016-03-19T01:11:28.000000;2016-03-19T01:11:28.723000;2f8e4707-5b2f-4393-b9b9-b926661e3002;10.557;12.21222517;BUY
2016-03-19T01:11:36.000000;2016-03-19T01:11:36.540000;466c81fb-4501-4e51-8a95-d9f08dc8df9f;10.557;12.21222518;BUY
2016-03-19T01:11:37.000000;2016-03-19T01:11:37.723000;14dc0cb9-e244-4681-a021-d202ee68b02a;10.557;2.08881836;BUY
2016-03-19T01:11:38.000000;2016-03-19T01:11:38.283000;f408c0ee-8673-4780-82c6-d3bec33dabef;10.557;12.21222517;BUY
2016-03-19T01:11:39.000000;2016-03-19T01:11:39.417000;813ac516-2310-4f80-98e0-fc60f91433dc;10.557;3.42768798;BUY
2016-03-19T01:13:20.000000;2016-03-19T01:13:20.383000;b540261e-ca40-49bd-9c10-b1a44b1d084e;10.672;0.29603;BUY
2016-03-19T01:14:43.000000;2016-03-19T01:14:43.357000;1a30bf8f-3e47-471c-9ed5-55897ff5e221;10.672;0.59114847;BUY
2016-03-19T01:14:45.000000;2016-03-19T01:14:45.357000;a2525117-f869-40d8-b8d1-7393372cfa66;10.599;0.5923251;SELL
2016-03-19T01:14:45.000000;2016-03-19T01:14:45.360000;5b4393b0-eca3-46e7-ab39-159bfd33e73a;10.599;0.3314127;SELL
2016-03-19T01:14:52.000000;2016-03-19T01:14:53.470000;b03f3669-bbf2-4e0d-b40a-b5b750a82c1f;10.673;0.59114847;BUY
2016-03-19T01:14:53.000000;2016-03-19T01:14:53.500000;2f86357b-9373-4dbc-a224-575efc9e7bfb;10.673;4.142168;BUY
2016-03-19T01:14:54.000000;2016-03-19T01:14:54.913000;98716858-c439-401e-bcd1-799490e06546;10.673;7.03305639;BUY
2016-03-19T01:14:54.000000;2016-03-19T01:14:55.040000;34faf1cb-c58f-4fec-bc66-544c93336300;10.673;0.91735518;BUY
2016-03-19T01:14:56.000000;2016-03-19T01:14:56.097000;400f024c-5646-433c-b0bc-59ae7ab5b774;10.673;0.8786922;BUY
2016-03-19T01:14:56.000000;2016-03-19T01:14:56.113000;c86313c8-7ef9-4a2b-886d-a7f2c0b69d32;10.673;6.73664017;BUY
2016-03-19T01:14:56.000000;2016-03-19T01:14:56.333000;f6f8582b-527f-40f9-b481-c3dad505c832;10.673;0.91763551;BUY
2016-03-19T01:14:56.000000;2016-03-19T01:14:56.830000;6c13d70f-e5b8-4086-b4c0-5ad2fc8bf693;10.673;6.74171972;BUY
2016-03-19T01:14:57.000000;2016-03-19T01:14:57.137000;8f74cc9d-312a-4752-a643-3034736ad07d;10.673;0.87935475;BUY
2016-03-19T01:14:57.000000;2016-03-19T01:14:57.950000;3cf54943-25f7-4dc0-b48f-3a16874502d8;10.673;4.14712116;BUY
2016-03-19T01:15:03.000000;2016-03-19T01:15:03.177000;6677dee7-e21a-499d-a532-c4866a823fae;10.673;1.23265146;BUY
2016-03-19T01:16:22.000000;2016-03-19T01:16:22.693000;0f376ccf-47e2-4beb-a4af-9cdf2d865352;10.681;8.04696572;SELL
2016-03-19T01:16:22.000000;2016-03-19T01:16:22.700000;3f960de3-a1af-4f41-b9c2-59955331afb1;10.681;132.43;SELL
2016-03-19T01:16:22.000000;2016-03-19T01:16:22.707000;1555872d-80af-40a5-b03a-bf6a401b15dd;10.68;120.62565884;SELL
2016-03-19T01:16:31.000000;2016-03-19T01:16:31.210000;27a332f7-867d-404f-af2a-fabc273482dd;10.678;8.04922652;SELL
2016-03-19T01:16:31.000000;2016-03-19T01:16:31.233000;10c82bb2-a5fc-4faf-b08c-02dec4934175;10.677;2.596525;SELL
2016-03-19T01:16:31.000000;2016-03-19T01:16:31.237000;721f5126-7d42-40c5-ad3b-851a665bdaf4;10.673;2.97916168;SELL
2016-03-19T01:16:31.000000;2016-03-19T01:16:31.277000;c9186bce-fdcd-4549-9b50-66edcee1c05d;10.672;0.58937562;SELL
2016-03-19T01:16:47.000000;2016-03-19T01:16:47.993000;b277a5a7-e5df-4ba7-b983-900206ff2cc7;10.679;8.04847278;SELL
2016-03-19T01:16:47.000000;2016-03-19T01:16:47.993000;7d4781ea-5d7c-4231-8f52-4ed3c47f4666;10.678;2.521135;SELL
2016-03-19T01:16:47.000000;2016-03-19T01:16:48.010000;0ad7cc86-147b-44ec-ac01-04cf2527842a;10.658;47.437;SELL
2016-03-19T01:16:47.000000;2016-03-19T01:16:48.037000;c098d358-b5a4-4483-af3b-9b4d9f92a607;10.602;128.27;SELL
2016-03-19T01:16:47.000000;2016-03-19T01:16:48.040000;cbf271e0-fe7f-4f8d-b73e-ce8c2247d7f3;10.602;12.851396;SELL
2016-03-19T01:16:47.000000;2016-03-19T01:16:48.080000;bdcac03a-dfbc-4744-b054-a506c1d07e84;10.602;276.297876;SELL
2016-03-19T01:16:47.000000;2016-03-19T01:16:48.080000;c8c8b15f-7de8-4fcd-8968-ba7f41f2d6f7;10.601;2.5185;SELL
2016-03-19T01:16:48.000000;2016-03-19T01:16:48.840000;cb46c67b-cf7c-4b7f-b6c9-a66c902116a2;10.6;45.1768636;BUY
2016-03-19T01:16:48.000000;2016-03-19T01:16:49.410000;fab87c3f-2897-4797-a828-883400c9cf5c;10.6;0.0001994;BUY
2016-03-19T01:17:11.000000;2016-03-19T01:17:11.090000;a0123581-5d25-4e7e-87eb-c09137123503;10.683;2.89829998;SELL
2016-03-19T01:17:11.000000;2016-03-19T01:17:11.097000;613b0b22-ff3c-4b80-b13d-b42130087113;10.683;0.48775497;SELL
2016-03-19T01:17:11.000000;2016-03-19T01:17:11.097000;bf3ce0fa-64f9-467a-8259-fba691d511e1;10.682;3.7394548;SELL
2016-03-19T01:17:11.000000;2016-03-19T01:17:11.140000;7020c330-4415-4de7-9284-857f65612ae7;10.682;8.0462124;SELL
2016-03-19T01:17:11.000000;2016-03-19T01:17:11.140000;05e25c48-8221-4d4b-81a0-35454ac24a5c;10.678;2.51785;SELL
2016-03-19T01:17:11.000000;2016-03-19T01:17:11.140000;8c1af555-51a3-4d8e-8b08-f030522dd1db;10.601;0.37803912;SELL
2016-03-19T01:17:11.000000;2016-03-19T01:17:11.140000;5e308d96-937b-43b6-ae1f-3a1a312a8700;10.601;124.57;SELL
2016-03-19T01:17:11.000000;2016-03-19T01:17:11.183000;a2abc76a-236b-4909-ba5a-ff9786b9e0e4;10.6;43.369812;SELL
2016-03-19T01:17:11.000000;2016-03-19T01:17:11.183000;a8228ee1-72f5-4c98-9ec0-000170409312;10.6;0.35;SELL
2016-03-19T01:17:11.000000;2016-03-19T01:17:11.183000;5b809f55-c527-49b2-9673-2d477b5978e7;10.6;0.11;SELL
2016-03-19T01:17:11.000000;2016-03-19T01:17:11.183000;d85afa9d-e74e-4c48-b82b-3f6f1616ca97;10.6;199.84359938;SELL
2016-03-19T01:17:21.000000;2016-03-19T01:17:21.523000;0eba2d85-9885-4bb7-9cc7-46431d802f1d;10.602;8.10692707;SELL
2016-03-19T01:17:21.000000;2016-03-19T01:17:21.537000;ac09b59a-cbba-467d-95ca-4d0953af5cd7;10.602;111.27;SELL
2016-03-19T01:17:21.000000;2016-03-19T01:17:21.540000;c930ffc4-2d10-4aea-b2f5-da4474e03637;10.602;25.78102762;SELL
2016-03-19T01:17:38.000000;2016-03-19T01:17:39.273000;e13fcbc0-a226-4f39-82a4-db31d629f17b;10.607;3.5721231;SELL
2016-03-19T01:17:38.000000;2016-03-19T01:17:39.283000;4b599575-0f8c-4548-8146-840a2ddf9183;10.606;113.97174649;SELL
2016-03-19T01:17:59.000000;2016-03-19T01:17:59.883000;f6d819d1-b95c-495b-b4ac-158b8e10700b;10.612;3.58930975;SELL
2016-03-19T01:17:59.000000;2016-03-19T01:17:59.903000;eeae654f-7e18-47bb-917b-30fb17b71a4a;10.61;9.10104953;BUY
2016-03-19T01:18:50.000000;2016-03-19T01:18:50.117000;07e8db63-06f1-4799-a72d-5967a5759eb7;10.619;3.60420807;SELL
2016-03-19T01:18:50.000000;2016-03-19T01:18:50.127000;11e89090-c343-494c-af27-9528c507bb77;10.619;8.09394866;SELL
2016-03-19T01:19:05.000000;2016-03-19T01:19:05.743000;af74e166-c392-4389-b04e-f728aed4d01d;10.62;3.62463303;SELL
2016-03-19T01:19:05.000000;2016-03-19T01:19:05.757000;e424b8e8-5ffe-4e2f-8407-d3b37ad30a14;10.62;9.24950233;SELL
2016-03-19T01:19:05.000000;2016-03-19T01:19:05.797000;614996b8-20d1-41c2-8da3-aee115532796;10.62;8.09242452;BUY
2016-03-19T01:19:05.000000;2016-03-19T01:19:06.090000;a8e92e00-391d-4883-aad4-0c51a981a9d1;10.62;0.000762;BUY
2016-03-19T01:20:55.000000;2016-03-19T01:20:56.223000;b0c1ea57-ee1d-4923-ae8a-e88c96893a48;10.647;8.0726628;SELL
2016-03-19T01:20:55.000000;2016-03-19T01:20:56.223000;061f80f7-a391-418a-bcf2-d167fbe4c4cc;10.641;2.525962;SELL
2016-03-19T01:20:55.000000;2016-03-19T01:20:56.223000;0a1cea47-d7d4-4f00-9acb-ef22aef1abde;10.62;0.35;SELL
2016-03-19T01:20:56.000000;2016-03-19T01:20:56.807000;812be11c-c45c-47ce-b519-3d3183ae9b1e;10.62;9.7468676;BUY
2016-03-19T01:20:56.000000;2016-03-19T01:20:57.170000;49cc4110-8105-4ffc-a3d6-3db025c0031b;10.62;0.00019929;BUY
2016-03-19T01:21:09.000000;2016-03-19T01:21:09.387000;3452e9b9-e5fb-40cc-b1c2-a2b4732af545;10.649;3.69820271;SELL
2016-03-19T01:21:09.000000;2016-03-19T01:21:09.397000;82c0b802-261e-4260-87ae-6e18dc81bc8d;10.649;8.07114666;SELL
2016-03-19T01:21:09.000000;2016-03-19T01:21:09.490000;c9b0aa5a-4a3f-45e7-9b37-347de9c3d2ef;10.649;5.50060579;SELL
2016-03-19T01:21:09.000000;2016-03-19T01:21:09.490000;9e164d64-5785-4db6-9bc3-28ccdd2a59bc;10.648;2.520313;SELL
2016-03-19T01:21:09.000000;2016-03-19T01:21:09.490000;d0d94e39-2fd2-477e-8a20-4a12a0c25fbd;10.64;20.0;SELL
2016-03-19T01:21:09.000000;2016-03-19T01:21:09.490000;29574405-37da-446c-86c2-eeef669bb806;10.62;0.35;SELL
2016-03-19T01:21:10.000000;2016-03-19T01:21:10.470000;c773e196-f690-4887-9c99-2bc506713c4b;10.62;0.00051664;BUY
2016-03-19T01:21:47.000000;2016-03-19T01:21:48.280000;d1b87204-1793-486a-84fb-1e099900830b;10.629;3.71839301;SELL
2016-03-19T01:21:47.000000;2016-03-19T01:21:48.563000;13ff361c-dfec-4103-acb8-c98a1925d6d8;10.621;8.09242452;SELL
2016-03-19T01:21:47.000000;2016-03-19T01:21:48.563000;82b37989-5aa3-465a-82be-cfd3e42bdf35;10.62;0.34948336;SELL
2016-03-19T01:21:47.000000;2016-03-19T01:21:48.563000;ab08f108-00fb-44f4-9138-e775d5dc2726;10.62;0.35;SELL
2016-03-19T01:21:48.000000;2016-03-19T01:21:48.563000;19cd5818-4a03-4773-bf67-7d1a035c4045;10.62;1.62288823;BUY
2016-03-19T01:21:48.000000;2016-03-19T01:21:48.990000;01eedbcf-6253-4a12-8f22-fcae0cbc6805;10.628;3.72372298;SELL
2016-03-19T01:21:49.000000;2016-03-19T01:21:49.417000;e544be64-6f52-4b21-a351-7de51c23ad6b;10.62;10.40923849;BUY
2016-03-19T01:21:49.000000;2016-03-19T01:21:49.510000;6384c3e1-c84a-462e-9159-6afd1bb592aa;10.62;0.00022765;BUY
2016-03-19T01:26:36.000000;2016-03-19T01:26:37.893000;09823245-48ff-41d1-b21b-5b50fca0e8d5;10.62;0.35;SELL
2016-03-19T01:26:36.000000;2016-03-19T01:26:37.903000;08126bad-1670-4d63-8257-6bbb5f8f5a85;10.597;2.522428;SELL
2016-03-19T01:26:36.000000;2016-03-19T01:26:37.947000;2b7c4efc-f746-433a-bd66-453308081a74;10.557;0.50158342;SELL
2016-03-19T01:26:36.000000;2016-03-19T01:26:37.947000;ce1a218b-0989-42d3-8370-79291ba83446;10.55;7.5657754;SELL
2016-03-19T01:40:14.000000;2016-03-19T01:40:14.143000;99f05a4e-07c8-43ea-a742-0e14163870f8;10.55;22.4342246;SELL
2016-03-19T01:40:14.000000;2016-03-19T01:40:14.153000;ec06bf0f-a08b-4a92-ab20-4bd12b95f76f;10.55;30.0;SELL
2016-03-19T01:40:14.000000;2016-03-19T01:40:14.163000;d953fc06-2e49-4343-9048-3f737f3b2a69;10.404;8.26121115;SELL
2016-03-19T01:40:14.000000;2016-03-19T01:40:14.197000;2fef60af-d372-4479-b3c5-85954034b1ef;10.403;10.171441;SELL
2016-03-19T01:40:14.000000;2016-03-19T01:40:14.197000;76a45cf3-fd35-48ea-bfdb-55b59eacea6b;10.357;115.08;SELL
2016-03-19T01:40:14.000000;2016-03-19T01:40:14.197000;ba2659a5-e3c5-4550-b265-165615441fbc;10.35;30.0;SELL
2016-03-19T01:40:14.000000;2016-03-19T01:40:14.197000;953aa26d-2ba9-4360-8902-f670cb9e336e;10.35;303.93312325;SELL
2016-03-19T01:43:15.000000;2016-03-19T01:43:15.160000;021d446d-f906-4a29-a712-b739e1dde8f8;10.394;8.26915921;SELL
2016-03-19T01:43:15.000000;2016-03-19T01:43:15.173000;464c14e7-336c-40f7-a8a5-c0c180409a97;10.394;1.73084079;SELL
2016-03-19T01:47:01.000000;2016-03-19T01:47:01.287000;a2149340-84ce-4f35-90ee-b95eeebc44ab;10.414;3.66627035;SELL
2016-03-19T01:47:01.000000;2016-03-19T01:47:01.310000;3357ece9-a619-4fd2-b1f8-33acae3aa8f1;10.414;8.25327836;SELL
2016-03-19T01:47:01.000000;2016-03-19T01:47:01.313000;5404dc39-dfa5-4606-a7f3-2088ec2b61ca;10.413;3.22186726;SELL
2016-03-19T01:47:01.000000;2016-03-19T01:47:02.407000;8eff9f4d-26b4-4cf7-9ebe-15473a830244;10.41;3.79;BUY
2016-03-19T01:47:01.000000;2016-03-19T01:47:02.423000;db8020d8-caf1-4473-802b-847f8d1d0512;10.41;28.50558403;BUY
2016-03-19T01:50:55.000000;2016-03-19T01:50:55.227000;900d72d1-9fb6-4cb8-bfae-bbcd19f0834d;10.478;8.26457576;SELL
2016-03-19T02:01:54.000000;2016-03-19T02:01:54.980000;1be00b75-e9b8-4938-87e7-9362e1eea168;10.464;4.05320159;BUY
2016-03-19T02:01:54.000000;2016-03-19T02:01:54.997000;f7885c04-2267-4680-8dd7-75b99ec39807;10.465;12.31958509;BUY
2016-03-19T02:01:58.000000;2016-03-19T02:01:58.253000;53fafd5d-d8ef-48a6-b488-5739f40b4529;10.466;4.58833383;BUY
2016-03-19T02:04:37.000000;2016-03-19T02:04:37.877000;94d044a7-c445-46d2-a326-34b975248f8d;10.421;2.7340592;SELL
2016-03-19T02:04:37.000000;2016-03-19T02:04:37.897000;79da1e17-a688-478c-ad76-342bffab615f;10.42;44.6326408;SELL
2016-03-19T02:04:38.000000;2016-03-19T02:04:38.910000;64f731dd-4594-47d9-8d6c-097af045d095;10.42;2.7340592;SELL
2016-03-19T02:06:55.000000;2016-03-19T02:06:55.863000;c8048a6e-4a55-4ee6-8000-0b285ace31cf;10.38;1.0;SELL
2016-03-19T02:07:35.000000;2016-03-19T02:07:35.577000;7cfe6595-772a-4bb1-834b-6fdd22615635;10.32;5.51417915;BUY
2016-03-19T02:07:57.000000;2016-03-19T02:07:57.373000;f9fb210f-2c36-4c97-974f-8db4a23258d1;10.3;12.52920658;SELL
2016-03-19T02:07:58.000000;2016-03-19T02:07:58.297000;9d422e50-cc90-48af-8ffd-70d0c71a7e8b;10.3;17.47079342;SELL
2016-03-19T02:09:37.000000;2016-03-19T02:09:37.913000;7ed5aea4-78fb-4d83-bc3b-1029fd1943fc;10.284;1.0;BUY
2016-03-19T02:10:18.000000;2016-03-19T02:10:18.987000;e1aba353-9db6-4861-817c-58ac9e50b066;10.289;1.0;BUY
2016-03-19T02:10:32.000000;2016-03-19T02:10:33.227000;e4dfed22-cc7c-44c2-ab80-02b58ed71d1b;10.285;1.0;SELL
2016-03-19T02:10:32.000000;2016-03-19T02:10:33.233000;e68fdf10-ddf5-493c-b59f-7c71e2ffbe41;10.211;2.0;SELL
2016-03-19T02:10:53.000000;2016-03-19T02:10:53.673000;3373f49d-9ebe-4150-bab1-d17c38311823;10.211;0.63321895;SELL
2016-03-19T02:10:53.000000;2016-03-19T02:10:53.683000;f093b724-fbfa-4d95-9835-02226779f02b;10.21;0.36678105;SELL
2016-03-19T02:11:34.000000;2016-03-19T02:11:36.143000;9e299c94-a6d4-4951-9df9-45059f390827;10.19;1.0;BUY
2016-03-19T02:11:51.000000;2016-03-19T02:11:52.457000;4fd5f27f-6823-4548-b04d-19e052483b94;10.21;0.88367768;BUY
2016-03-19T02:14:13.000000;2016-03-19T02:14:13.310000;2d618324-1229-4d6f-914a-7c3498a5cb16;10.21;0.11632232;BUY
2016-03-19T02:16:08.000000;2016-03-19T02:16:09.237000;2e51b557-991a-4446-a2c4-5775b9a7f8e1;10.257;148.96;BUY
2016-03-19T02:16:08.000000;2016-03-19T02:16:09.270000;d1745511-96fa-4895-9905-85da747a8858;10.258;101.04;BUY
2016-03-19T02:16:27.000000;2016-03-19T02:16:27.590000;7078c54b-711c-447b-b863-5f547d61ba8e;10.21;7.09;SELL
2016-03-19T02:16:31.000000;2016-03-19T02:16:31.987000;0b54fb48-2f81-4390-946c-8aaf0565b0aa;10.21;4.24857768;SELL
2016-03-19T02:17:55.000000;2016-03-19T02:17:55.100000;fdb870e4-17a4-4070-9c9b-290c0d5dd288;10.193;1.0;SELL
2016-03-19T02:17:55.000000;2016-03-19T02:17:55.110000;a512f272-85f7-4858-8278-aa0b94e6b591;10.193;1.001001;SELL
2016-03-19T02:17:55.000000;2016-03-19T02:17:55.117000;f6190094-d4fb-4459-9dc2-e95ae3e3f559;10.192;9.17753049;SELL
2016-03-19T02:18:06.000000;2016-03-19T02:18:06.787000;0cf5baa8-f49b-4d27-8892-1bf74dfd1263;10.192;8.70013877;SELL
2016-03-19T02:18:11.000000;2016-03-19T02:18:11.797000;58868290-afa7-4a3c-a048-86789a4aed05;10.192;1.22592643;SELL
2016-03-19T02:18:13.000000;2016-03-19T02:18:13.180000;efaf2b30-44b4-4d46-9f02-e57bbbb36198;10.192;1.71776365;SELL
2016-03-19T02:18:14.000000;2016-03-19T02:18:15.070000;76269ea3-0f5a-42df-b0a3-bffc93105a48;10.192;12.66223635;SELL
2016-03-19T02:18:17.000000;2016-03-19T02:18:17.453000;168d6c4f-de45-4d9c-b710-123370a4a676;10.192;1.24665496;SELL
2016-03-19T02:18:32.000000;2016-03-19T02:18:32.560000;069d8f00-4a1a-4ad1-80f4-94c701a33f39;10.229;1.0;BUY
2016-03-19T02:18:53.000000;2016-03-19T02:18:53.830000;fb661924-2b17-4774-8557-a081f0e13bcf;10.192;12.66223635;SELL
2016-03-19T02:18:54.000000;2016-03-19T02:18:55.063000;25df4878-486c-4d02-98a0-55d6ea17e25a;10.192;1.90123141;SELL
2016-03-19T02:19:04.000000;2016-03-19T02:19:05.370000;204fa6ee-efb2-46bc-bf14-57b8dba12cba;10.192;12.66223635;SELL
2016-03-19T02:20:50.000000;2016-03-19T02:20:51.000000;3b0ac572-b063-4708-b1bf-8eeb4516cf7d;10.192;38.04404524;SELL
2016-03-19T02:20:50.000000;2016-03-19T02:20:51.010000;290499e3-978c-4acd-9019-e4a7f04aec59;10.19;100.0;SELL
2016-03-19T02:20:50.000000;2016-03-19T02:20:51.010000;6d5966b0-c23c-432c-9862-88c61e93ea3a;10.19;0.1;SELL
2016-03-19T02:20:50.000000;2016-03-19T02:20:51.053000;b4f33d29-e456-41f5-bb9c-343acd4d0686;10.188;100.0;SELL
2016-03-19T02:20:50.000000;2016-03-19T02:20:51.053000;67ba807c-64a9-497f-9779-2ed7733dd010;10.186;100.0;SELL
2016-03-19T02:20:50.000000;2016-03-19T02:20:51.053000;0fe67050-d177-4a0a-8b9a-bbf014587134;10.184;100.0;SELL
2016-03-19T02:20:50.000000;2016-03-19T02:20:51.053000;4b142c5d-65b8-469d-be08-edc13cfde537;10.182;100.0;SELL
2016-03-19T02:20:50.000000;2016-03-19T02:20:51.053000;51f901eb-6245-4b66-ba15-ac09cc88965d;10.18;100.0;SELL
2016-03-19T02:21:18.000000;2016-03-19T02:21:18.997000;35c43546-40fb-4472-82bc-9dbc8e78a41d;10.227;1.0;BUY
2016-03-19T02:21:20.000000;2016-03-19T02:21:22.417000;43bac72c-ef1e-43cc-86b6-c56d1fd8d19b;10.226;1.0;BUY
2016-03-19T02:21:29.000000;2016-03-19T02:21:29.990000;6400c66c-8ae0-40a8-9bc1-e849d3416f29;10.15;100.0;SELL
2016-03-19T02:22:26.000000;2016-03-19T02:22:26.787000;27c29f8f-4b16-4a52-907c-3249451c007b;10.152;87.5494;SELL
2016-03-19T02:23:22.000000;2016-03-19T02:23:23.063000;2db24c9b-cb9e-45a8-b3ba-6f9e1b8d6585;10.285;12.46972253;BUY
2016-03-19T02:23:22.000000;2016-03-19T02:23:23.077000;dc4a9b9f-1d3c-43a9-8488-2f1de6503ace;10.285;0.0654705;BUY
2016-03-19T02:23:22.000000;2016-03-19T02:23:23.077000;3ba9a8fa-3eb0-4076-bdcb-a2cfb4a43b86;10.285;5.02736824;BUY
2016-03-19T02:23:22.000000;2016-03-19T02:23:23.120000;71a511dc-933a-4e29-a1f7-e55e14578545;10.286;2.51785;BUY
2016-03-19T02:23:22.000000;2016-03-19T02:23:23.120000;cef49ab9-79d4-45ae-879c-89bb7b96eb4d;10.29;4.91841343;BUY
2016-03-19T02:23:22.000000;2016-03-19T02:23:23.120000;fd2e8a17-c1b5-4bed-9199-8c63aabe7c68;10.29;4.74889857;BUY
2016-03-19T02:23:22.000000;2016-03-19T02:23:23.120000;55864f1c-44ab-43d7-911e-743b5b2f5b86;10.291;0.91661325;BUY
2016-03-19T02:23:22.000000;2016-03-19T02:23:23.120000;8f912aba-b4cb-49ab-9ca7-5eb8d0e1535e;10.339;6.80421071;BUY
2016-03-19T02:23:22.000000;2016-03-19T02:23:23.137000;dcb17e94-ce84-4581-bac5-d0542bb12abb;10.339;10.35287156;BUY
2016-03-19T02:23:22.000000;2016-03-19T02:23:23.197000;caebe267-16da-4951-b683-2c7e450224d9;10.338;0.91661325;BUY
2016-03-19T02:23:22.000000;2016-03-19T02:23:23.203000;709fa885-f421-42dd-b3c8-5b83b402ba71;10.339;11.55310928;BUY
2016-03-19T02:23:26.000000;2016-03-19T02:23:26.220000;89d1c139-d653-4ca2-9d9c-66edb62a4583;10.338;12.46972253;BUY
2016-03-19T02:23:27.000000;2016-03-19T02:23:27.637000;221bca8f-00f5-4061-beec-c4b6434e19fd;10.29;9.58629598;BUY
2016-03-19T02:23:27.000000;2016-03-19T02:23:27.647000;0b652ff8-bf6b-4c77-b41c-5543fabc783b;10.337;2.88342655;BUY
2016-03-19T02:23:33.000000;2016-03-19T02:23:35.380000;c30b079d-7d0e-4a1b-bd18-07c5be4e0a75;10.341;12.53031988;BUY
2016-03-19T02:23:34.000000;2016-03-19T02:23:35.430000;e09b898b-c7f7-4102-9f3f-8e6893d22a9b;10.341;12.52910217;BUY
2016-03-19T02:23:42.000000;2016-03-19T02:23:42.180000;52c42ae1-1f66-498b-822b-8209469d1b2c;10.341;12.52910217;BUY
2016-03-19T02:23:42.000000;2016-03-19T02:23:42.830000;493fab30-5ff6-41cd-9e94-ad5dcdc6bb04;10.341;12.53031988;BUY
2016-03-19T02:23:49.000000;2016-03-19T02:23:49.367000;d3fd4853-3232-4767-ab09-1aeeebbbd9a5;10.34;12.46851639;BUY
2016-03-19T02:23:49.000000;2016-03-19T02:23:49.373000;64aea83d-1360-43d6-b879-4fd3727c8de6;10.341;0.06058578;BUY
2016-03-19T02:29:21.000000;2016-03-19T02:29:21.890000;26ba2616-102e-4822-806d-800a0f7e7acc;10.327;2.56074364;BUY
2016-03-19T02:29:29.000000;2016-03-19T02:29:29.420000;01f03d71-602b-4858-8bfd-e3cc9b06d47f;10.222;0.78721104;SELL
2016-03-19T02:29:29.000000;2016-03-19T02:29:29.427000;2dce43bb-6d84-4019-870c-a06d8dd3fdf4;10.222;2.596276;SELL
2016-03-19T02:29:29.000000;2016-03-19T02:29:30.010000;be684199-02cb-4155-bb03-e1174406a5d1;10.222;8.40747734;BUY
2016-03-19T02:31:07.000000;2016-03-19T02:31:07.730000;1d7841c7-2769-46b2-b709-083b7c923a04;10.161;8.45877776;SELL
2016-03-19T02:31:23.000000;2016-03-19T02:31:23.703000;9df0bc95-5a90-4845-887b-d1d324a85302;10.161;7.54257224;SELL
2016-03-19T02:31:23.000000;2016-03-19T02:31:23.713000;9d75992c-e134-48af-83ec-beb58cb1a28c;10.16;224.3513;SELL
2016-03-19T02:31:46.000000;2016-03-19T02:31:46.847000;fc1ca2c7-ef04-4b9c-a535-173b5c884939;10.152;8.46627668;SELL
2016-03-19T02:31:46.000000;2016-03-19T02:31:46.860000;d4f2d330-cdcf-434d-b057-33268723a711;10.151;41.27330894;SELL
2016-03-19T02:34:31.000000;2016-03-19T02:34:31.420000;40d4831a-449d-4494-af45-738e263eedcc;10.292;1.0;BUY
2016-03-19T02:34:48.000000;2016-03-19T02:34:49.040000;0f3f0152-fde3-43a9-9caf-89c549003043;10.29;1.0;BUY
2016-03-19T02:36:30.000000;2016-03-19T02:36:30.967000;ae4d0ef6-92ba-4e88-ac5f-f4762a51271a;10.289;1.0;BUY
2016-03-19T02:41:31.000000;2016-03-19T02:41:31.130000;2b195182-451d-4158-95a2-36fccfd024b2;10.29;1.0;BUY
2016-03-19T02:42:01.000000;2016-03-19T02:42:01.567000;8d4a6535-06df-4d36-a350-f8e1579e1551;10.29;0.630745;BUY
2016-03-19T02:47:42.000000;2016-03-19T02:47:42.447000;26766bc8-d7ba-439b-a77b-94c64c96303d;10.38;6.0;SELL
2016-03-19T02:48:01.000000;2016-03-19T02:48:01.510000;cac69555-fa01-4943-8a72-591f4b1f7820;10.37;0.40153514;SELL
2016-03-19T02:48:01.000000;2016-03-19T02:48:01.807000;7015024e-fdd4-40d4-8291-8edd5d98e55a;10.37;3.07843611;SELL
2016-03-19T02:48:01.000000;2016-03-19T02:48:01.823000;92c7eb6f-b5bf-4116-bb3d-5caebe01e2bc;10.37;1.26784649;SELL
2016-03-19T02:48:02.000000;2016-03-19T02:48:02.410000;f480c63b-97aa-4e70-ba0b-1e1ff37399c0;10.37;1.25218226;SELL
2016-03-19T03:05:12.000000;2016-03-19T03:05:12.287000;b6aa376e-63fd-4be1-a0a0-b3e155af6532;10.34;5.80474122;SELL
2016-03-19T03:07:08.000000;2016-03-19T03:07:08.440000;827138c0-978c-4718-b7a3-3f678e151c5a;10.34;12.47861567;SELL
2016-03-19T03:07:08.000000;2016-03-19T03:07:08.837000;4943ce76-8b60-4657-b0dd-a6be77f0665b;10.34;1.869945;SELL
2016-03-19T03:07:19.000000;2016-03-19T03:07:19.200000;31ef7598-7fdc-4e15-8395-bd37309b28e2;10.34;7.92989969;SELL
2016-03-19T03:07:24.000000;2016-03-19T03:07:24.537000;5fac6451-d9fa-4b74-be4c-64e89a084869;10.34;0.89012364;SELL
2016-03-19T03:07:30.000000;2016-03-19T03:07:30.730000;1a461630-47c7-4c79-95df-669e4c795036;10.34;4.23926897;SELL
2016-03-19T03:07:34.000000;2016-03-19T03:07:35.290000;56a4828f-5a7d-4785-80b6-f3297f45983c;10.34;4.37960272;SELL
2016-03-19T03:07:39.000000;2016-03-19T03:07:39.960000;5bc13989-7e6f-4f97-9b78-b96c1064ead8;10.34;4.37960272;SELL
2016-03-19T03:07:42.000000;2016-03-19T03:07:42.160000;330e19f8-cd7c-4929-b827-15d5cc2e8253;10.34;2.02820037;SELL
2016-03-19T03:11:06.000000;2016-03-19T03:11:06.327000;784bc0e1-6c03-458a-8341-48677804a4bf;10.19;12.66472155;SELL
2016-03-19T03:11:19.000000;2016-03-19T03:11:19.700000;e1bf9c83-f09e-4ebf-8745-9d46ac8efa4b;10.19;8.69367845;SELL
2016-03-19T03:11:39.000000;2016-03-19T03:11:39.147000;3f468143-1b73-4c13-90de-5e870b483f8e;10.16;12.70211738;SELL
2016-03-19T03:11:41.000000;2016-03-19T03:11:41.147000;3426f502-959f-414a-9243-b40b77428ad2;10.16;1.890933;SELL
2016-03-19T03:11:52.000000;2016-03-19T03:11:52.533000;4e2a48a8-c1db-420a-b62f-9c3898c6db9a;10.16;12.70069268;SELL
2016-03-19T03:15:35.000000;2016-03-19T03:15:35.683000;b59e36eb-9bed-42fa-994c-bc177fd16945;10.16;8.46807811;SELL
2016-03-19T03:15:37.000000;2016-03-19T03:15:37.227000;316676da-70ce-4f45-812d-92d3377d82c1;10.16;8.46807811;SELL
2016-03-19T03:15:37.000000;2016-03-19T03:15:38.020000;322d8a89-facc-48ca-bc5d-c0bdf33a3472;10.16;5.77010072;SELL
2016-03-19T03:15:37.000000;2016-03-19T03:15:38.027000;c9a932ac-506e-420a-9fee-ba51c7c8768c;10.16;17.85168984;SELL
2016-03-19T03:15:42.000000;2016-03-19T03:15:43.093000;6b956764-cf8a-46b5-8ca5-f2ccb4f51752;10.16;8.46807811;SELL
2016-03-19T03:15:45.000000;2016-03-19T03:15:45.197000;045af2c2-184a-4794-a2da-c238a1540e85;10.16;8.46807811;SELL
2016-03-19T03:15:45.000000;2016-03-19T03:15:45.850000;76a258ba-c09f-45a4-a568-37635ef16eed;10.16;8.46807811;SELL
2016-03-19T03:15:46.000000;2016-03-19T03:15:46.517000;ca6c17ce-5c2f-4c3b-8acf-81bd547a021f;10.16;5.04008304;SELL
2016-03-19T03:15:47.000000;2016-03-19T03:15:47.477000;f7f61e63-fe5f-4d09-abbb-b3bc342a104b;10.16;8.46807811;SELL
2016-03-19T03:15:48.000000;2016-03-19T03:15:48.800000;ab1df89b-ebf3-4b2c-8c10-58a9cfe4dc5e;10.16;5.04008304;SELL
2016-03-19T03:15:52.000000;2016-03-19T03:15:52.400000;1509a5c2-2b14-477c-83a3-f520509b2999;10.16;23.62179056;SELL
2016-03-19T03:15:54.000000;2016-03-19T03:15:54.690000;f659e732-cb26-4e74-bf32-d42a148efba7;10.16;12.70211757;SELL
2016-03-19T03:15:56.000000;2016-03-19T03:15:56.863000;86576731-0416-4ab6-86a4-eaac2a999357;10.16;12.70211757;SELL
2016-03-19T03:16:20.000000;2016-03-19T03:16:20.437000;84efda1b-24c0-437f-a576-c8fd7f130996;10.16;12.70177666;SELL
2016-03-19T03:16:35.000000;2016-03-19T03:16:36.003000;9a3ae52c-20d3-4517-8453-3153b2039783;10.167;12.68065631;BUY
2016-03-19T03:16:35.000000;2016-03-19T03:16:36.007000;9963a7dc-48ba-4640-9164-e612f97c725e;10.168;8.69367845;BUY
2016-03-19T03:16:35.000000;2016-03-19T03:16:36.013000;ad3af17c-c02d-49d8-b3d1-0146525e2e2f;10.175;2.62566524;BUY
2016-03-19T03:16:39.000000;2016-03-19T03:16:39.743000;2e2849c7-665e-441e-99a6-eab40996fc21;10.16;12.70209507;SELL
2016-03-19T03:16:48.000000;2016-03-19T03:16:48.343000;b1cda8c7-17f0-472f-b41a-b3d583609678;10.175;0.01909876;BUY
2016-03-19T03:16:48.000000;2016-03-19T03:16:48.350000;38c241c7-2df0-443d-a176-97981e05b6a3;10.224;1.98090124;BUY
2016-03-19T03:17:08.000000;2016-03-19T03:17:08.117000;f3add5bb-0c85-4f05-854a-2569f3b2114d;10.16;12.69939534;SELL
2016-03-19T03:17:32.000000;2016-03-19T03:17:32.200000;4bffb015-459d-4ac4-a8a3-18e02ede7391;10.16;1.9431658;SELL
2016-03-19T03:34:34.000000;2016-03-19T03:34:34.667000;7a561e24-f249-4197-b9e5-2247481eb5a2;10.16;0.1;SELL
2016-03-19T03:34:45.000000;2016-03-19T03:34:45.427000;0eab71b4-250e-4b84-94da-4ed43ffab7b0;10.212;0.1024;BUY
2016-03-19T03:40:39.000000;2016-03-19T03:40:39.033000;a7448e61-b6c7-4ea1-8be3-2e8490429f08;10.304;12.51086445;BUY
2016-03-19T03:41:32.000000;2016-03-19T03:41:32.607000;8989d04f-90f6-4ea7-8117-d8781863b4ee;10.34;2.02820037;BUY
2016-03-19T03:43:52.000000;2016-03-19T03:43:52.127000;2a2b739a-80d9-4eea-87a6-e86fbd3c3200;10.359;0.78631533;BUY
2016-03-19T03:43:56.000000;2016-03-19T03:43:56.540000;a47cbd53-7f76-41f0-979b-2bf22c9a9590;10.359;2.14763821;BUY
2016-03-19T03:43:56.000000;2016-03-19T03:43:56.540000;27dd4137-8049-4a4b-922e-e5e5b9530ed1;10.36;43.47848234;BUY
2016-03-19T03:43:57.000000;2016-03-19T03:43:57.540000;eae80cf3-115b-4fc1-b7c9-6b851091624c;10.36;3.92870587;BUY
2016-03-19T03:43:57.000000;2016-03-19T03:43:57.637000;8c3c683b-a102-45e4-aed5-c661f374dcdf;10.364;0.54601771;BUY
2016-03-19T03:44:21.000000;2016-03-19T03:44:21.253000;13a178f1-e425-41fb-a25e-014a2d4e1db6;10.368;0.54601771;SELL
2016-03-19T03:44:21.000000;2016-03-19T03:44:21.257000;be413225-e159-43ea-9d4b-84b52bc262f3;10.368;0.45398229;SELL
2016-03-19T03:44:35.000000;2016-03-19T03:44:35.000000;8a6d57cb-2b15-4be9-bd02-e64570160264;10.403;0.54601771;BUY
2016-03-19T03:44:35.000000;2016-03-19T03:44:35.027000;c1595443-9637-4b13-8245-3168afed8304;10.404;11.86580584;BUY
2016-03-19T03:44:35.000000;2016-03-19T03:44:35.457000;c517fbe2-9aa3-4f3a-b5ba-1d78082a1d07;10.404;9.49259416;BUY
2016-03-19T03:44:35.000000;2016-03-19T03:44:35.467000;bc74b165-da4e-4f03-a402-fd3e60648364;10.404;2.89922257;BUY
2016-03-19T03:44:36.000000;2016-03-19T03:44:36.817000;f118c50e-018d-43ad-89d0-fb83bb6ff084;10.404;19.963538;BUY
2016-03-19T03:44:37.000000;2016-03-19T03:44:37.310000;03a64001-fbdb-4ea9-b214-01e7b63bad43;10.404;19.963538;BUY
2016-03-19T03:44:37.000000;2016-03-19T03:44:37.667000;2d25d79c-bf5f-4c5a-824f-8990796b405c;10.404;2.17370143;BUY
2016-03-19T03:45:19.000000;2016-03-19T03:45:19.977000;423abc45-e521-4c4c-8993-705bda16d693;10.458;2.654237;BUY
2016-03-19T03:46:53.000000;2016-03-19T03:46:53.480000;3f6054cf-c43a-40ad-89d2-d41d1af35aae;10.54;2.0;BUY
2016-03-19T03:47:10.000000;2016-03-19T03:47:11.107000;5be8af99-bd8f-41b1-9a66-242f50083165;10.54;0.575755;BUY
2016-03-19T03:47:14.000000;2016-03-19T03:47:14.883000;fb834b91-b6a4-473f-93ff-13a7488cd2a0;10.57;1.424245;SELL
2016-03-19T03:52:10.000000;2016-03-19T03:52:10.337000;efb543dd-29b3-4596-b06a-99056e028399;10.479;0.1258;SELL
2016-03-19T03:52:10.000000;2016-03-19T03:52:10.353000;4c6db173-48b9-4362-9c0a-f42bd440abad;10.46;6.42892348;SELL
2016-03-19T03:52:12.000000;2016-03-19T03:52:12.480000;cf2d9ccd-74a5-46f3-85e1-63b467738bff;10.46;0.91683952;SELL
2016-03-19T03:52:12.000000;2016-03-19T03:52:12.480000;49d93b00-4598-47b6-ac8c-04766f427195;10.46;2.0;SELL
2016-03-19T03:52:18.000000;2016-03-19T03:52:18.303000;8dc937a0-e633-4692-a349-bbb5bf46c7ba;10.449;1.84043372;SELL
2016-03-19T03:52:20.000000;2016-03-19T03:52:20.293000;42f17b95-2fee-46ff-98bc-2d6aa20f5589;10.449;1.84043372;SELL
2016-03-19T03:52:20.000000;2016-03-19T03:52:21.013000;96e8e924-a77d-49bd-b775-c707b743bbef;10.449;5.73440309;SELL
2016-03-19T03:52:25.000000;2016-03-19T03:52:25.713000;e6b8c48d-0ea5-47a9-a606-15750bf8d8ff;10.448;2.99655302;BUY
2016-03-19T03:52:31.000000;2016-03-19T03:52:32.007000;b8170844-53a0-4af4-aaa6-1befa6d7bd34;10.447;1.0;BUY
2016-03-19T03:52:35.000000;2016-03-19T03:52:35.313000;1da4c70a-4be2-4de6-bce6-3b2b397e5034;10.417;5.37801301;SELL
2016-03-19T03:52:46.000000;2016-03-19T03:52:46.650000;5384d2b2-1e26-4547-befe-c2a4357c9e88;10.442;1.0;BUY
2016-03-19T03:55:18.000000;2016-03-19T03:55:18.240000;7369db76-4005-4900-9e0a-9a0f80d89cb9;10.421;5.19337682;BUY
2016-03-19T03:55:18.000000;2016-03-19T03:55:18.253000;e482a45d-6e00-4ae2-96bb-d35f68ee67bc;10.421;7.17822488;BUY
2016-03-19T03:55:18.000000;2016-03-19T03:55:18.940000;23b52b7b-742b-47b6-a86d-d27e00469de9;10.421;2.39316495;BUY
2016-03-19T03:55:18.000000;2016-03-19T03:55:18.957000;ce695e8b-72d2-4015-96ed-69ff61f42aa0;10.422;2.02941063;BUY
2016-03-19T03:55:20.000000;2016-03-19T03:55:20.500000;dcaa05d4-4f8f-4384-b614-c1964198aea4;10.393;2.39316495;SELL
2016-03-19T03:55:44.000000;2016-03-19T03:55:44.903000;a2b66223-a4dc-44c1-8276-c53bf7cefb09;10.482;2.55817046;BUY
2016-03-19T03:55:44.000000;2016-03-19T03:55:44.903000;7844ff54-dab5-4479-9b56-60cc98943dbb;10.483;2.91683952;BUY
2016-03-19T03:55:44.000000;2016-03-19T03:55:44.930000;9ead27e0-5701-4ad3-9eed-02c66e61f231;10.483;2.91683952;BUY
2016-03-19T03:55:44.000000;2016-03-19T03:55:44.963000;6dc10204-a151-472b-987a-fab9bd67a423;10.492;2.91683952;SELL
2016-03-19T03:55:45.000000;2016-03-19T03:55:45.730000;a7945c15-6579-4d63-8f2f-63730a57c069;10.492;0.9791933;SELL
2016-03-19T03:55:46.000000;2016-03-19T03:55:47.037000;78987ae4-7994-4ce9-997d-565f6a2682f7;10.491;1.93764622;BUY
2016-03-19T03:55:46.000000;2016-03-19T03:55:47.040000;70719fd6-3d01-46a6-ac0c-31c504777317;10.492;0.63835378;BUY
2016-03-19T03:55:48.000000;2016-03-19T03:55:48.953000;5efd50bf-5593-41fd-b1b5-4a4b815f3a2f;10.427;1.91981668;SELL
2016-03-19T03:56:35.000000;2016-03-19T03:56:35.387000;1c052d5d-00aa-49d3-8cbb-04c747268004;10.445;0.61997057;SELL
2016-03-19T03:57:05.000000;2016-03-19T03:57:05.207000;511aa1fe-3259-4359-9e70-4209dc10c422;10.5;3.0;BUY
2016-03-19T03:58:04.000000;2016-03-19T03:58:05.280000;41842fa7-6224-4480-81d4-690c1138d9a0;10.5;0.2;BUY
2016-03-19T03:58:04.000000;2016-03-19T03:58:05.300000;e3797d84-90e3-4b15-beb7-daa61e42cbde;10.548;2.576;BUY
2016-03-19T03:59:02.000000;2016-03-19T03:59:02.763000;1122fa84-1ee8-44de-9612-b732ad7f83a0;10.55;0.224;SELL
2016-03-19T03:59:02.000000;2016-03-19T03:59:02.773000;93b46ee1-a625-40a0-96d8-2d97f67f992a;10.55;2.551;SELL
2016-03-19T04:00:11.000000;2016-03-19T04:00:11.683000;5287d6fe-a949-4f8a-8687-93a8f11e9164;10.55;2.31;SELL
2016-03-19T04:03:26.000000;2016-03-19T04:03:26.803000;191fb80f-e7f4-401a-bb5e-c3ecaa0bc768;10.55;3.74265896;SELL
2016-03-19T04:03:28.000000;2016-03-19T04:03:29.667000;97b9c606-89b0-4071-b6e1-fe5137c5c63a;10.55;2.91082238;SELL
2016-03-19T04:03:40.000000;2016-03-19T04:03:41.010000;cc21fe98-a447-438a-8f30-6b10f0969247;10.55;0.37503766;SELL
2016-03-19T04:03:57.000000;2016-03-19T04:03:57.443000;23d60497-71a1-417b-8813-6fa61b434b01;10.584;3.0;BUY
2016-03-19T04:06:23.000000;2016-03-19T04:06:23.740000;a0ebbfb5-184e-4af8-8580-835579ddd9cc;10.447;1.3540285;SELL
2016-03-19T04:06:23.000000;2016-03-19T04:06:23.750000;6e6b5a2e-9197-4dcc-aa4f-49ca510116f7;10.446;12.3716017;SELL
2016-03-19T04:06:23.000000;2016-03-19T04:06:23.750000;18f89dd2-8489-4b00-8d1e-b7731b78e4e6;10.446;0.09875983;SELL
2016-03-19T04:06:24.000000;2016-03-19T04:06:24.380000;4a0b03d1-83f5-459c-a832-045d430f9f53;10.446;0.43;SELL
2016-03-19T04:06:31.000000;2016-03-19T04:06:32.307000;32d2537a-bc59-4fce-9547-f9a57975046d;10.423;4.95133542;BUY
2016-03-19T04:08:02.000000;2016-03-19T04:08:02.393000;0307bca7-34fa-4772-9f9a-c33591813438;10.44;1.0;SELL
2016-03-19T04:10:50.000000;2016-03-19T04:10:50.297000;a0b68bd9-3bd9-498a-9b98-75d70b5aa8c4;10.377;3.47472358;SELL
2016-03-19T04:10:50.000000;2016-03-19T04:10:50.313000;1720f397-f785-4a6e-85b6-2bc0b3280141;10.376;1.86115616;SELL
2016-03-19T04:10:50.000000;2016-03-19T04:10:50.327000;91fbace9-996f-4673-afdb-83a22b518e0c;10.376;1.001001;SELL
2016-03-19T04:10:50.000000;2016-03-19T04:10:51.027000;38344019-76bd-42ae-b0d9-4c03fa6a4e41;10.33;0.66311926;BUY
2016-03-19T04:11:55.000000;2016-03-19T04:11:55.500000;c0f75db8-ac3b-4fa0-9822-6023613c9ade;10.406;1.0;BUY
2016-03-19T04:11:55.000000;2016-03-19T04:11:55.513000;84e679e0-6723-47d5-9dbb-8f5cc1b0cfa6;10.407;1.0;BUY
2016-03-19T04:11:55.000000;2016-03-19T04:11:55.523000;4ff72316-8118-4ecc-9ee5-abf623d01d17;10.409;1.0;BUY
2016-03-19T04:14:41.000000;2016-03-19T04:14:41.583000;3caed3cb-b000-4e4d-bee8-a418befd03f7;10.436;1.0;BUY
2016-03-19T04:14:41.000000;2016-03-19T04:14:41.590000;dec72372-885a-4ea2-a187-87daa5401873;10.437;1.0;BUY
2016-03-19T04:14:41.000000;2016-03-19T04:14:41.600000;86c904f2-ae5f-44a0-ab70-6da9e438e254;10.44;1.0;BUY
2016-03-19T04:24:46.000000;2016-03-19T04:24:46.270000;5a7ed2b0-dbda-4231-bf16-c294a86a0f9e;10.402;2.644376;SELL
2016-03-19T04:24:52.000000;2016-03-19T04:24:52.953000;823a140f-6149-48f3-94a2-095c2c55e47d;10.4;3.31032124;SELL
2016-03-19T04:26:53.000000;2016-03-19T04:26:53.977000;8e7b7e56-b7eb-4277-b5e6-41ad7d6d8ea6;10.466;3.0;BUY
2016-03-19T04:41:36.000000;2016-03-19T04:41:37.283000;a0e9e3ee-b5c6-43aa-bf4a-9ad4617328e3;10.4;6.44127876;SELL
2016-03-19T04:59:20.000000;2016-03-19T04:59:20.380000;c674eb99-a84e-4da4-8ac6-43798740098c;10.496;2.6;BUY
2016-03-19T05:15:30.000000;2016-03-19T05:15:30.580000;792ff85a-21d7-4340-a1e5-35189b4b8669;10.362;0.66311926;SELL
2016-03-19T05:15:30.000000;2016-03-19T05:15:30.597000;0cf7236d-c60e-4c77-ae1e-d6cc0c3bf47d;10.362;3.47472358;SELL
2016-03-19T05:15:30.000000;2016-03-19T05:15:30.600000;84969ff0-91c2-4e99-8f1e-7e7f6c2f8882;10.362;1.001001;SELL
2016-03-19T05:15:30.000000;2016-03-19T05:15:30.633000;0e2e62be-3fb0-4ed1-aa00-918aae5a1ba9;10.362;1.86115616;SELL
2016-03-19T05:15:30.000000;2016-03-19T05:15:30.633000;7340b91b-3c5a-437e-b287-7ae2f557f221;10.361;0.46638582;SELL
2016-03-19T05:15:40.000000;2016-03-19T05:15:40.840000;6668fa7c-c3d3-48ce-8847-5a7b8ad3f93d;10.361;0.19673344;SELL
2016-03-19T05:15:40.000000;2016-03-19T05:15:40.843000;e38b9751-6fec-4783-a1b3-de3bf2ca8849;10.361;0.66311926;SELL
2016-03-19T05:15:43.000000;2016-03-19T05:15:43.557000;a5c746c6-8dfb-4432-bd7b-99d06952267b;10.351;0.66311926;SELL
2016-03-19T05:15:43.000000;2016-03-19T05:15:43.563000;12f5af81-e44d-492e-be4c-bd9b0f8fc269;10.35;0.79929766;SELL
2016-03-19T05:15:45.000000;2016-03-19T05:15:45.767000;f7f88430-0689-4900-9fc9-dded3024ecad;10.351;0.66311926;SELL
2016-03-19T05:15:45.000000;2016-03-19T05:15:45.803000;6a1b01d0-f717-4e1c-a81a-606a0c3304bb;10.35;1.79262434;SELL
2016-03-19T05:22:58.000000;2016-03-19T05:22:58.687000;6d156aa7-886b-4af4-8e4f-58871b0345ac;10.306;1.46241692;BUY
2016-03-19T05:37:38.000000;2016-03-19T05:37:38.797000;78781c43-8a65-4dca-95ae-d8134a9ddafd;10.155;12.70590722;SELL
2016-03-19T05:37:43.000000;2016-03-19T05:37:43.903000;c8556bc0-2fbc-4ef8-8c71-c0dbc4156417;10.155;9.17619278;SELL
2016-03-19T05:37:43.000000;2016-03-19T05:37:43.910000;d3bc2f42-ebff-45a4-89e4-45389dd4bce6;10.151;958.72669106;SELL
2016-03-19T05:37:43.000000;2016-03-19T05:37:43.917000;6f08e5da-4278-4677-82ed-5ba0e7fdec29;10.15;100.0;SELL
2016-03-19T05:37:43.000000;2016-03-19T05:37:43.950000;525dbd22-5fc6-4a3e-a9f0-44329f40fb9c;10.15;71.73711616;SELL
2016-03-19T05:37:44.000000;2016-03-19T05:37:44.613000;04e99d73-4fa2-4b23-a6e4-69ceb84f6b91;10.15;78.26288384;SELL
2016-03-19T05:37:47.000000;2016-03-19T05:37:47.467000;aeed6ff9-0b46-49e6-8ed7-eb9f7d425a14;10.145;100.0;SELL
2016-03-19T05:37:49.000000;2016-03-19T05:37:49.893000;f1273b42-5a8f-4f6a-ae4b-eb76125a97c8;10.14;0.7;SELL
2016-03-19T05:37:50.000000;2016-03-19T05:37:50.457000;772ffcdf-5448-4b2f-b955-6ad4fb124a67;10.109;2.636257;SELL
2016-03-19T05:37:51.000000;2016-03-19T05:37:51.317000;10d57d40-6393-4038-8732-ce7a74bce618;10.1;11.71;SELL
2016-03-19T05:37:52.000000;2016-03-19T05:37:52.853000;3a72edce-9d6b-4d59-a685-cc285d82dae5;10.1;38.29;SELL
2016-03-19T05:37:56.000000;2016-03-19T05:37:57.017000;34552d7e-9d2b-4eb6-8fd6-f3876831dbcd;10.019;0.85;SELL
2016-03-19T05:37:56.000000;2016-03-19T05:37:57.043000;84bc424a-2ed0-4c89-9355-11e802b56734;10.001;8.59410467;SELL
2016-03-19T05:37:56.000000;2016-03-19T05:37:57.050000;816890f1-e89d-4ff7-8309-fd6658979c65;10.001;5.30170781;SELL
2016-03-19T05:37:56.000000;2016-03-19T05:37:57.083000;e7424b2c-681a-4cfc-8dc6-1331e5181c78;10.0;35.0;SELL
2016-03-19T05:37:56.000000;2016-03-19T05:37:57.083000;a2178800-c9d8-4b3e-a533-98adaaf96f2b;10.0;25.0;SELL
2016-03-19T05:37:56.000000;2016-03-19T05:37:57.083000;f98b7794-f367-49ae-8d07-35ced6ff9619;10.0;10.334297;SELL
2016-03-19T05:37:56.000000;2016-03-19T05:37:57.087000;8ea92e70-12b2-4d4d-af25-cc2cb38f2b92;9.901;143.06;SELL
2016-03-19T05:37:56.000000;2016-03-19T05:37:57.120000;2f4f9824-21c3-4134-bf58-7d8dc3fa0442;9.9;25.0;SELL
2016-03-19T05:37:56.000000;2016-03-19T05:37:57.120000;13e533cf-b071-488a-a2c7-bca06ede9bc2;9.9;92.29257079;SELL
2016-03-19T05:38:01.000000;2016-03-19T05:38:02.740000;c929e663-58ca-426d-b484-9303c4e01083;9.901;1.79180159;SELL
2016-03-19T05:38:01.000000;2016-03-19T05:38:02.740000;d147db00-c19c-4deb-bc2f-5ca722cd26e6;9.901;0.20819841;SELL
2016-03-19T05:41:09.000000;2016-03-19T05:41:09.197000;e22562a2-10f9-4693-a427-8d7e56a46b06;9.899;2.708592;SELL
2016-03-19T05:41:09.000000;2016-03-19T05:41:09.213000;e0479644-97a0-4c53-9a89-afa031c5dae4;9.897;0.86;SELL
2016-03-19T05:42:58.000000;2016-03-19T05:42:58.893000;a31e563b-7869-4989-9538-215f6b148efc;10.0;5.0;SELL
2016-03-19T05:44:31.000000;2016-03-19T05:44:31.130000;f171248a-5506-4b14-b53f-6103ecb6e01d;10.055;2.559183;BUY
2016-03-19T05:44:31.000000;2016-03-19T05:44:31.130000;9cb41153-ef59-4ff1-88b6-f8029898eb97;10.069;3.8569672;BUY
2016-03-19T05:44:31.000000;2016-03-19T05:44:31.920000;62b56140-cc71-4fc2-bd01-4379bea88aa9;10.054;12.82320058;SELL
2016-03-19T05:55:38.000000;2016-03-19T05:55:39.250000;287c3e9b-66d6-4e67-8926-d255157c4756;9.8189;2.733087;SELL
2016-03-19T05:57:01.000000;2016-03-19T05:57:01.907000;8b14881d-ba02-4564-8a1f-9dad9e385e9f;9.78;10.0;SELL
2016-03-19T05:57:01.000000;2016-03-19T05:57:01.920000;9b0b97c2-e6e6-4ac8-a62e-3f499b4cb953;9.776;1.05;SELL
2016-03-19T06:01:51.000000;2016-03-19T06:01:52.073000;4793d3e8-a99d-4e9b-ac1e-95a655105b60;9.893;0.55318819;BUY
2016-03-19T06:01:51.000000;2016-03-19T06:01:52.087000;51b8e832-1bc0-4ace-b7a2-8c61b3f60be1;9.894;2.713211;BUY
2016-03-19T06:04:53.000000;2016-03-19T06:04:54.003000;e65f1de0-66c7-496c-86dc-54004df9eff3;9.929;2.72099;SELL
2016-03-19T06:04:53.000000;2016-03-19T06:04:54.027000;97d95ef4-175f-4065-9667-c51891d99db2;9.928;8.36501409;SELL
2016-03-19T06:12:18.000000;2016-03-19T06:12:18.800000;bda313dd-43d0-453f-a5e4-cef50270ee5c;9.918;2.68858886;SELL
2016-03-19T06:12:18.000000;2016-03-19T06:12:18.803000;36fd3a5d-17d2-408f-8d56-8727579e5bba;9.917;0.57781033;SELL
2016-03-19T06:12:51.000000;2016-03-19T06:12:52.027000;f1887a74-d1da-4932-9936-4914cec1baaf;9.916;1.92328618;BUY
2016-03-19T06:52:58.000000;2016-03-19T06:52:58.653000;34101577-cac6-4b52-9f9a-948617e3543a;9.954;1.92328618;BUY
2016-03-19T06:55:20.000000;2016-03-19T06:55:20.973000;ea2ed82a-7990-4572-a4bc-e40f7491ae10;9.9555;7.8766;BUY
2016-03-19T06:55:30.000000;2016-03-19T06:55:30.400000;aeb7fde7-68d1-44d0-9efc-604bee00948b;9.9565;2.709542;BUY
2016-03-19T06:55:31.000000;2016-03-19T06:55:32.133000;63583be2-6c2a-471d-8eed-12211ccedae2;10.039;12.84236122;BUY
2016-03-19T06:55:32.000000;2016-03-19T06:55:32.360000;c294a371-636d-45cd-87d7-0f1617ef739f;10.041;3.11673228;SELL
2016-03-19T06:55:33.000000;2016-03-19T06:55:33.103000;b2eb8b92-8b9d-47f2-8f82-7627673650c3;10.042;11.915351;BUY
2016-03-19T06:55:33.000000;2016-03-19T06:55:33.117000;68d22a79-4a8d-4065-91df-c50e4f158025;10.042;128.139444;BUY
2016-03-19T06:55:33.000000;2016-03-19T06:55:33.153000;9aff44a9-b5e7-4307-a0f9-0e5e108c8441;10.042;9.72161553;BUY
2016-03-19T06:55:45.000000;2016-03-19T06:55:45.540000;15286fc8-d4a2-4bfd-9bae-62f62c1174a4;10.04;12.84108179;BUY
2016-03-19T06:56:59.000000;2016-03-19T06:56:59.450000;1ce06e07-297a-4944-860e-e110e46f0a52;10.072;12.77757554;BUY
2016-03-19T06:56:59.000000;2016-03-19T06:56:59.467000;c557e74b-d9ae-4662-9f0e-cd08c3346696;10.073;1.0;BUY
2016-03-19T06:56:59.000000;2016-03-19T06:56:59.473000;f51a6730-0774-4ba0-b78f-deda23bf1362;10.082;12.77757554;BUY
2016-03-19T06:56:59.000000;2016-03-19T06:56:59.507000;9b06ac6f-6ef2-4a08-b8a3-1b417c53df52;10.088;4.36788121;BUY
2016-03-19T06:56:59.000000;2016-03-19T06:56:59.507000;66609914-cc00-4fa9-b920-bb43a4896eaa;10.09;5.56407146;BUY
2016-03-19T06:57:12.000000;2016-03-19T06:57:12.283000;5cbe9266-0101-4203-a1a9-1de167e98bbf;10.143;12.71337927;BUY
2016-03-19T06:57:12.000000;2016-03-19T06:57:12.300000;74d7847d-f519-4b94-8f2d-437cde2f0749;10.143;26.7793448;BUY
2016-03-19T06:57:12.000000;2016-03-19T06:57:12.307000;a1e2db7a-7c66-4a9c-af08-5101d815bb4b;10.143;2.63300736;BUY
2016-03-19T06:57:12.000000;2016-03-19T06:57:12.337000;256264ff-3554-47e0-8176-b4316989cab2;10.143;12.70938221;BUY
2016-03-19T06:57:12.000000;2016-03-19T06:57:12.337000;3a728932-30ea-44fd-aca2-60bc86e40ebc;10.143;3.49295801;BUY
2016-03-19T07:16:35.000000;2016-03-19T07:16:35.077000;ff151092-0e3f-4523-b19c-4856cac4f975;10.145;2.06896632;BUY
2016-03-19T07:19:29.000000;2016-03-19T07:19:29.843000;e055589c-c55b-48ff-8ab5-4bd49fca3d88;10.103;12.76100746;BUY
2016-03-19T07:19:29.000000;2016-03-19T07:19:29.853000;cf72af31-ab03-46d3-ae2f-f372f9c20d32;10.104;0.03800587;BUY
2016-03-19T07:19:47.000000;2016-03-19T07:19:47.927000;cf7b2647-8aec-4738-ab3b-c47c3e101e4f;10.0;1.0;SELL
2016-03-19T07:26:27.000000;2016-03-19T07:26:27.517000;5982bbd2-488d-4fbd-9435-5af0021ad6db;10.114;2.64843838;BUY
2016-03-19T07:26:28.000000;2016-03-19T07:26:28.683000;6502ed62-eb6d-4368-88d3-c60b64292116;10.114;0.01062562;BUY
2016-03-19T07:38:54.000000;2016-03-19T07:38:54.423000;7c047d4d-ef08-4b1b-8617-3a3cbd03f21f;10.3;12.51693763;BUY
2016-03-19T07:43:40.000000;2016-03-19T07:43:40.757000;7a2b36d6-19b8-414f-a408-85586880f9db;10.235;2.719895;SELL
2016-03-19T07:49:10.000000;2016-03-19T07:49:10.520000;d8b78fa5-dffd-45ae-a01d-cafcd7b91df3;10.278;10.0;BUY
2016-03-19T07:55:41.000000;2016-03-19T07:55:41.077000;d85f712e-ccae-41be-b944-c73ded66affe;10.123;0.2195386;SELL
2016-03-19T07:57:48.000000;2016-03-19T07:57:48.303000;9a42969b-2c90-4988-a6f0-f510f57a70e2;10.162;1.0;BUY
2016-03-19T07:57:48.000000;2016-03-19T07:57:48.307000;5cb88a58-543f-444c-a575-45ca8a6fe078;10.162;11.68691806;BUY
2016-03-19T07:57:49.000000;2016-03-19T07:57:49.480000;d88ceebe-e50d-4dd0-a578-c375be5d9a11;10.162;12.68691806;BUY
2016-03-19T07:57:50.000000;2016-03-19T07:57:50.323000;247cc49e-6d8a-40a1-a878-46a23dbac7c4;10.162;2.68908709;BUY
2016-03-19T07:57:51.000000;2016-03-19T07:57:51.503000;d190143a-ef2e-4a6a-ad89-26e658db6074;10.162;12.68691806;BUY
2016-03-19T07:57:53.000000;2016-03-19T07:57:53.160000;9f1ccc41-c2eb-45e3-b802-7dcb6602e7ee;10.162;4.00076963;BUY
2016-03-19T07:57:55.000000;2016-03-19T07:57:55.470000;961eb1fa-3db0-400e-a5a4-2de49b553dec;10.162;1.2493891;BUY
2016-03-19T08:01:32.000000;2016-03-19T08:01:32.337000;2ee48b74-8818-4c1e-ac02-ae1a77ccad6f;10.259;1.0;SELL
2016-03-19T08:01:49.000000;2016-03-19T08:01:49.383000;ef73d7b7-c1e7-4ae7-9464-c4864bd3a176;10.259;1.0;SELL
2016-03-19T08:02:32.000000;2016-03-19T08:02:33.637000;337c6e8f-83ff-4db2-b12d-79646b71a4a7;10.259;1.0;SELL
2016-03-19T08:05:55.000000;2016-03-19T08:05:55.587000;103bcd2a-08be-44b1-ba39-85f3c19a7d96;10.3;11.88499631;BUY
2016-03-19T08:05:57.000000;2016-03-19T08:05:57.843000;627936d9-f5ce-4c9c-a15d-f60443980eb4;10.3;0.59806606;BUY
2016-03-19T08:05:57.000000;2016-03-19T08:05:57.853000;b059c9a6-93cc-4e77-bffc-214b439bea71;10.307;2.4557436;BUY
2016-03-19T08:06:32.000000;2016-03-19T08:06:32.983000;4cefe29c-f850-4610-8db9-a6e3d4e4d5cb;10.317;2.4557436;SELL
2016-03-19T08:07:13.000000;2016-03-19T08:07:13.887000;db2c3343-f2bb-4ae7-b2ad-6aee4de19162;10.321;12.48306237;SELL
2016-03-19T08:07:13.000000;2016-03-19T08:07:13.897000;fa39784a-4d16-4a3d-b9ff-cf91912fc995;10.321;0.02091151;SELL
2016-03-19T08:07:15.000000;2016-03-19T08:07:15.540000;6d350f2b-a952-4436-b551-533390feccbf;10.321;7.532242;SELL
2016-03-19T08:07:17.000000;2016-03-19T08:07:17.810000;2d9b12b0-5e60-4dec-be22-c732f48908d9;10.386;1.27803314;BUY
2016-03-19T08:07:20.000000;2016-03-19T08:07:20.120000;f3d29c34-bcc9-4ca7-ace6-a92230e83085;10.321;7.532242;SELL
2016-03-19T08:07:24.000000;2016-03-19T08:07:24.233000;3837b96c-26e8-4ef3-a2ea-b579bee1324e;10.321;7.532242;SELL
2016-03-19T08:07:27.000000;2016-03-19T08:07:27.980000;e0cab310-d994-48d7-9724-b4ef3eccf219;10.321;7.532242;SELL
2016-03-19T08:07:31.000000;2016-03-19T08:07:31.583000;f90a6804-6efe-437c-9a1f-a8c6577fba9b;10.321;1.70422739;SELL
2016-03-19T08:07:31.000000;2016-03-19T08:07:31.613000;a7abc51f-783f-410f-a4c9-a8fc7da904c7;10.321;12.50397388;SELL
2016-03-19T08:07:31.000000;2016-03-19T08:07:31.633000;11cd9edf-10ca-4ef0-95b0-9bec7219fa4c;10.321;0.35;SELL
2016-03-19T08:07:32.000000;2016-03-19T08:07:32.893000;9cf61b45-0180-467b-b269-f5e3b29d40d2;10.321;7.532242;SELL
2016-03-19T08:22:23.000000;2016-03-19T08:22:23.483000;34ee149c-b208-432e-af3c-e6d9928d4f7d;10.479;1.39587328;BUY
2016-03-19T08:22:23.000000;2016-03-19T08:22:23.507000;cc22224d-189b-44cb-8b29-efb01101bdc5;10.48;20.0;BUY
2016-03-19T08:22:27.000000;2016-03-19T08:22:27.067000;e460ca1f-eb5f-43a3-8238-67397dfbe04e;10.488;1.39587328;BUY
2016-03-19T08:22:27.000000;2016-03-19T08:22:27.083000;6c5e97d0-650e-4207-87cb-911e1bef9a46;10.491;1.10662922;BUY
2016-03-19T08:22:28.000000;2016-03-19T08:22:28.253000;5e6c1527-a14a-4439-93f6-bb76fef658b4;10.485;1.39587328;SELL
2016-03-19T08:22:29.000000;2016-03-19T08:22:30.260000;3848c2ac-e8ca-46dd-a597-50b33ecb250d;10.491;1.54046378;BUY
2016-03-19T08:22:40.000000;2016-03-19T08:22:40.487000;4cb8d762-36c3-4c9f-9f8a-0f9c6a339e97;10.51;6.99;BUY
2016-03-19T08:22:42.000000;2016-03-19T08:22:42.547000;7921cbca-3deb-4f61-ba7b-dac6031f5f66;10.51;8.01;BUY
2016-03-19T08:22:45.000000;2016-03-19T08:22:45.517000;b7700b49-a20c-42a8-83cb-e0d311b77320;10.577;1.424245;BUY
2016-03-19T08:22:45.000000;2016-03-19T08:22:45.530000;2a90501c-0e30-4379-816e-591507d8d214;10.578;44.721;BUY
2016-03-19T08:22:45.000000;2016-03-19T08:22:45.537000;76dfd4d6-089a-4fe6-8258-f2a7619e82e5;10.578;12.18793006;BUY
2016-03-19T08:22:51.000000;2016-03-19T08:22:51.747000;37153557-bdf7-4d34-896c-8b4d758a4217;10.59;20.0;BUY
2016-03-19T08:22:58.000000;2016-03-19T08:22:58.577000;5008fa0d-d01b-4b14-8bb5-5e9e755b2edb;10.601;2.576368;BUY
2016-03-19T08:23:19.000000;2016-03-19T08:23:21.287000;a6e3a35d-2d20-48d6-8a53-2ab28a0e32b0;10.754;0.13882541;BUY
2016-03-19T08:23:19.000000;2016-03-19T08:23:21.320000;dfa8cd86-fc46-477d-86e9-51ae692d627e;10.758;12.655696;BUY
2016-03-19T08:23:19.000000;2016-03-19T08:23:21.323000;e1346333-fffa-4cea-b3c6-c9bb78a5b2f4;10.76;50.0;BUY
2016-03-19T08:23:39.000000;2016-03-19T08:23:39.680000;6829ed6b-82f8-4123-a9ff-5839e4aaa5c0;10.799;0.5005005;BUY
2016-03-19T08:24:02.000000;2016-03-19T08:24:02.260000;0502f476-30ed-43a4-b0dd-5221850240b6;10.799;1.001001;BUY
2016-03-19T08:24:03.000000;2016-03-19T08:24:03.587000;b17b91bb-0b59-43d5-a834-0559ee51735e;10.799;1.001001;BUY
2016-03-19T08:24:03.000000;2016-03-19T08:24:03.990000;ddeff8aa-260b-471e-ab9b-9263ac59ec7d;10.799;1.001001;BUY
2016-03-19T08:24:34.000000;2016-03-19T08:24:35.023000;8ac70bc1-68b2-4a33-9348-fbf61a75cf1d;10.799;1.01034321;BUY
2016-03-19T08:24:34.000000;2016-03-19T08:24:35.030000;7c79ad9d-b3a9-4336-b836-168503a92f05;10.8;0.99165879;BUY
2016-03-19T08:24:44.000000;2016-03-19T08:24:44.880000;9db296d0-c6c0-4f8f-9b73-64caee612ec2;10.8;4.00834121;BUY
2016-03-19T08:24:44.000000;2016-03-19T08:24:44.890000;c41d2d26-9a6e-4adc-b58e-07c31e45b01b;10.8;7.92910891;BUY
2016-03-19T08:24:49.000000;2016-03-19T08:24:49.490000;b34c8a49-883a-4a46-b82a-92ae133ef8a4;10.8;11.93745012;BUY
2016-03-19T08:24:56.000000;2016-03-19T08:24:56.967000;0e4a2ef3-e41e-445d-9340-c32dccaa622e;10.8;11.93745012;BUY
2016-03-19T08:25:02.000000;2016-03-19T08:25:03.303000;d725e7af-1137-4e63-85dc-089d6e48f0f6;10.8;4.61130656;BUY
2016-03-19T08:25:12.000000;2016-03-19T08:25:12.650000;76f79ce8-b53b-4f7f-b472-e62da203fdfa;10.8;11.93745012;BUY
2016-03-19T08:25:19.000000;2016-03-19T08:25:20.027000;341c5aee-f2ba-4776-b4d1-28924153d1d5;10.8;1.64723417;BUY
2016-03-19T08:25:19.000000;2016-03-19T08:25:20.037000;a4dec421-1582-41f8-b3ec-d1d8743f4d00;10.8;10.29021595;BUY
2016-03-19T08:25:27.000000;2016-03-19T08:25:27.843000;5100308a-34c1-48a4-9f43-17e9a1261fc8;10.8;11.93745012;BUY
2016-03-19T08:25:32.000000;2016-03-19T08:25:32.997000;e15bd29d-6393-4d1c-b8a8-0058097da8ba;10.8;11.93744993;BUY
2016-03-19T08:25:34.000000;2016-03-19T08:25:34.803000;ce568435-0db8-4fdd-8dc5-31cfa6c8579a;10.8;11.93744993;BUY
2016-03-19T08:25:38.000000;2016-03-19T08:25:39.040000;abcb6587-1015-4974-bf85-8912cfeeca29;10.8;3.89743407;BUY
2016-03-19T08:25:38.000000;2016-03-19T08:25:39.043000;fb6d8e23-10b0-437d-9fcf-a0bcc19147b7;10.8;8.04001605;BUY
2016-03-19T08:25:38.000000;2016-03-19T08:25:39.100000;2abc2256-0cc2-4a6c-989f-9a7fbd146cce;10.8;6.1476334;BUY
2016-03-19T08:25:38.000000;2016-03-19T08:25:39.117000;2a26c33b-c4e1-4f97-9e4f-900f153f09c2;10.8;11.93745012;BUY
2016-03-19T08:25:39.000000;2016-03-19T08:25:39.183000;964a3dec-8f6d-40f8-948e-bfed7fbffb51;10.8;11.93745012;BUY
2016-03-19T08:25:39.000000;2016-03-19T08:25:39.197000;48651d00-3bfd-45ed-bdfa-a72bc177fd34;10.8;11.93745012;BUY
2016-03-19T08:29:28.000000;2016-03-19T08:29:28.467000;9a82ac7d-3594-447b-a9ca-2a6df5f9105d;10.798;0.5;SELL
2016-03-19T08:29:51.000000;2016-03-19T08:29:51.880000;04f5ef49-09d4-47bb-9ea1-1fe72a2554c1;10.798;2.134332;SELL
2016-03-19T08:32:50.000000;2016-03-19T08:32:50.957000;e736b30d-1aaf-4eef-9491-7acf920edf0e;10.701;8.03192607;SELL
2016-03-19T08:32:50.000000;2016-03-19T08:32:50.963000;031bc223-5c44-4518-b44e-78d6a79f78a8;10.701;1.0505666;SELL
2016-03-19T08:32:50.000000;2016-03-19T08:32:50.970000;31239c24-d4fd-451a-85d8-c2db35d6c06f;10.701;0.70164031;SELL
2016-03-19T08:33:33.000000;2016-03-19T08:33:34.127000;34f00955-a3a2-41e4-979e-93c8fc1137f2;10.843;2.493018;BUY
2016-03-19T08:33:33.000000;2016-03-19T08:33:34.143000;f302bf61-1f43-4c08-9900-7c2303259fa3;10.879;0.999;BUY
2016-03-19T08:33:33.000000;2016-03-19T08:33:34.153000;492e5cb7-954c-4e32-a245-05a26ad54fb4;10.88;1.507982;BUY
2016-03-19T08:33:55.000000;2016-03-19T08:33:55.697000;325f99e5-5a8a-42ac-86db-c75756087e1f;10.878;4.87160061;SELL
2016-03-19T08:34:35.000000;2016-03-19T08:34:36.353000;b3d139fd-6d00-46d5-94fc-cf51cbbb43b5;10.895;1.34681554;SELL
2016-03-19T08:34:50.000000;2016-03-19T08:34:50.910000;f58e3686-3c6d-49ba-99e2-0e0b60a94333;10.9;0.43985201;SELL
2016-03-19T08:36:30.000000;2016-03-19T08:36:30.793000;59808fc4-63f9-4526-b71e-a374ab8e7397;10.928;4.80985733;SELL
2016-03-19T08:38:33.000000;2016-03-19T08:38:33.630000;5cc67b31-69e0-4280-ae60-25d203940713;10.976;9.53037397;BUY
2016-03-19T08:44:19.000000;2016-03-19T08:44:19.227000;89f217b1-7ee8-4f16-b6f7-3bd1f1a6a295;10.919;6.42595248;SELL
2016-03-19T08:44:19.000000;2016-03-19T08:44:19.230000;e63abe2d-8247-4e31-bbe4-ea3c76b682a4;10.917;4.26013226;SELL
2016-03-19T08:44:21.000000;2016-03-19T08:44:21.677000;a95cc8f6-c1a7-4b9d-8473-1e8c56f04dc4;10.868;10.37604446;SELL
2016-03-19T08:44:21.000000;2016-03-19T08:44:21.687000;817cecaf-f325-48cf-81a1-7537b0785269;10.868;1.66814724;SELL
2016-03-19T08:44:21.000000;2016-03-19T08:44:21.703000;9ba94538-a225-4367-927a-6a70757c0bb1;10.868;6.24035854;SELL
2016-03-19T08:44:21.000000;2016-03-19T08:44:21.723000;eb82ae69-ae2b-4908-8653-24e37f01521f;10.868;5.80383316;SELL
2016-03-19T08:44:21.000000;2016-03-19T08:44:21.730000;7bee7998-a7e2-48f2-9e59-bff685b6381a;10.868;2.10467262;SELL
2016-03-19T08:44:21.000000;2016-03-19T08:44:21.763000;8a3ebee4-047c-410a-98e0-4e062c4a3e5a;10.867;2.510488;SELL
2016-03-19T08:44:21.000000;2016-03-19T08:44:21.763000;fbf85541-7f26-422b-83b8-34973d5e337d;10.716;7.42903108;SELL
2016-03-19T08:44:21.000000;2016-03-19T08:44:22.060000;9a0e2486-e6e9-4fe8-850c-3079b134dd75;10.716;12.0441917;SELL
2016-03-19T08:45:50.000000;2016-03-19T08:45:50.757000;e2ad374b-4e29-4092-a616-be0f30863969;10.818;40.319192;SELL
2016-03-19T08:50:45.000000;2016-03-19T08:50:45.100000;48360cad-0842-464e-a597-01a0b1dea144;10.802;2.480558;SELL
2016-03-19T08:50:55.000000;2016-03-19T08:50:55.753000;6fd61e72-7ed8-4e67-8343-ec9de4a9978e;10.802;2.490722;SELL
2016-03-19T08:51:16.000000;2016-03-19T08:51:16.453000;84e26426-e6c3-486a-a9a6-cfae36170a1f;10.802;2.490722;SELL
2016-03-19T08:51:48.000000;2016-03-19T08:51:48.560000;1600085b-ff2f-4887-9eaf-09023f8270cf;10.745;2.04931122;SELL
2016-03-19T08:56:01.000000;2016-03-19T08:56:01.677000;4ee03c2a-308a-40ed-8b31-1c22734fed5b;10.909;2.00498142;BUY
2016-03-19T09:02:56.000000;2016-03-19T09:02:56.533000;47be8680-be70-4bf1-afdd-0428c9392386;10.909;0.31591084;BUY
2016-03-19T09:07:55.000000;2016-03-19T09:07:55.570000;d026008c-8c4c-4c07-8daa-1d1cfdd2c8cc;10.946;178.26;BUY
2016-03-19T09:07:55.000000;2016-03-19T09:07:55.580000;8254ab77-cc03-4668-a665-06910ae479da;10.95;71.74;BUY
2016-03-19T09:15:06.000000;2016-03-19T09:15:07.427000;82bbac0a-8648-4957-a869-ae0859eb4dd5;10.755;2.497507;SELL
2016-03-19T09:15:06.000000;2016-03-19T09:15:07.443000;ad7e0f12-2a7d-46ae-bf64-18c52ff97de9;10.701;8.03192607;SELL
2016-03-19T09:15:06.000000;2016-03-19T09:15:07.450000;07c3e089-6c8a-40b0-a40d-89678ef7177f;10.7;6.99;SELL
2016-03-19T09:15:08.000000;2016-03-19T09:15:09.243000;50f666c2-e4c2-4b5c-ab7e-6fd108b0e86b;10.7;8.03117556;BUY
2016-03-19T09:15:11.000000;2016-03-19T09:15:11.423000;fd63a5b6-b513-40e5-86d8-a299a4682a10;10.7;3.92666611;BUY
2016-03-19T09:21:31.000000;2016-03-19T09:21:31.953000;e6808a49-df53-4f1f-89f6-d816bc4f3b63;10.87;1.0;BUY
2016-03-19T09:22:44.000000;2016-03-19T09:22:44.740000;aab9512c-b8c3-4e3f-81f5-40a7349ec364;10.87;1.469911;BUY
2016-03-19T09:22:44.000000;2016-03-19T09:22:44.740000;3cbbc117-f277-41cd-bcdb-7ea334254577;10.904;2.66400765;BUY
2016-03-19T09:22:44.000000;2016-03-19T09:22:44.740000;b857e917-677d-4e40-af7a-8461086fe8a5;10.906;0.86608135;BUY
2016-03-19T09:25:53.000000;2016-03-19T09:25:54.160000;ffc254bf-e8b0-40e9-9e59-295c76014f32;10.777;7.97528448;SELL
2016-03-19T09:25:53.000000;2016-03-19T09:25:54.177000;8547c720-dabe-46ee-81c4-4a0e5a098cde;10.776;2.511537;SELL
2016-03-19T09:25:55.000000;2016-03-19T09:25:55.467000;4a938051-5101-40b5-a9b2-d9c429f74e8c;10.77;1.96332832;BUY
2016-03-19T09:29:36.000000;2016-03-19T09:29:37.577000;40a49d27-0d0c-4f35-9245-54c62c0463d3;10.936;0.26493094;BUY
2016-03-19T09:30:03.000000;2016-03-19T09:30:03.867000;50d5dd8d-05df-4df5-8f98-f6361f450541;10.831;0.26493094;SELL
2016-03-19T09:37:55.000000;2016-03-19T09:37:55.393000;9c6028bd-88d2-42ee-8e8b-dfb19fdc4f8d;10.9;5.0;SELL
2016-03-19T09:38:44.000000;2016-03-19T09:38:44.110000;27f0cc48-9897-4129-98e6-3be5feb45037;10.871;2.490378;SELL
2016-03-19T09:41:50.000000;2016-03-19T09:41:50.197000;b8802fcd-3764-4feb-9790-2db3c997427b;10.84;0.37288293;SELL
2016-03-19T09:52:36.000000;2016-03-19T09:52:36.237000;bebaa032-801a-4263-a19d-93813d6f04e6;10.84;2.10733307;SELL
2016-03-19T10:08:40.000000;2016-03-19T10:08:40.390000;15766296-e27a-4215-a17c-7c54a4793d39;10.812;1.94666297;SELL
2016-03-19T10:11:05.000000;2016-03-19T10:11:05.527000;2045c2bb-a32c-4333-9470-2bd968bf3cf2;10.793;1.84866257;SELL
2016-03-19T10:31:52.000000;2016-03-19T10:31:52.370000;b6d07d52-777a-499e-a920-a5935da6e1fe;10.856;1.255;SELL
2016-03-19T10:32:43.000000;2016-03-19T10:32:43.243000;e04e46bd-0fc4-482f-af62-1d2d856a2cac;10.857;7.91651845;SELL
2016-03-19T10:32:43.000000;2016-03-19T10:32:43.253000;eb60f06f-a5bf-46b6-93be-d9a868c1fcf8;10.856;43.745;SELL
2016-03-19T10:32:43.000000;2016-03-19T10:32:43.260000;1d486223-3581-42cb-835c-dd043c6b36c1;10.839;8.374985;SELL
2016-03-19T10:32:43.000000;2016-03-19T10:32:43.290000;c96f4a2f-520f-49ee-826f-4691b0333403;10.838;2.483747;SELL
2016-03-19T10:32:43.000000;2016-03-19T10:32:43.783000;f0c21ec8-66ad-4761-a714-b8a4d45ee3b5;10.83;7.91578936;BUY
2016-03-19T10:32:44.000000;2016-03-19T10:32:44.300000;525ce860-c026-4c62-a22a-fbdde9ccd813;10.83;11.5905462;BUY
2016-03-19T10:32:44.000000;2016-03-19T10:32:44.337000;b476d5f8-0444-4517-b45e-79d7f48a4125;10.83;88.86085424;BUY
2016-03-19T10:32:45.000000;2016-03-19T10:32:45.993000;54be2994-f47a-4cf4-941f-47b23e71dfbe;10.83;1.52674608;BUY
2016-03-19T10:32:45.000000;2016-03-19T10:32:46.073000;c385d05f-f942-4aac-8527-8c511bb984f4;10.83;51.93711367;BUY
2016-03-19T10:33:13.000000;2016-03-19T10:33:13.983000;7c6b78c0-295f-45ac-9d10-42f898690856;10.868;11.70505327;SELL
2016-03-19T10:33:13.000000;2016-03-19T10:33:14.007000;86614eb8-19bb-4499-b3d8-d63f8517f78a;10.868;4.52194673;SELL
2016-03-19T10:33:20.000000;2016-03-19T10:33:20.820000;feeab5a0-d72a-4bd3-8603-10fe211a1b17;10.871;3.916;SELL
2016-03-19T10:33:25.000000;2016-03-19T10:33:25.710000;1c09c58e-11d6-496f-86cd-b9d443a7a01c;10.934;2.489691;BUY
2016-03-19T10:33:28.000000;2016-03-19T10:33:28.873000;f3cf23b4-0e09-4f4b-9d01-41d7e2a1e914;10.939;11.78402674;BUY
2016-03-19T10:33:29.000000;2016-03-19T10:33:29.390000;f73fcd02-bbba-42cf-a786-5321a5b915c4;10.939;11.78684026;SELL
2016-03-19T10:33:30.000000;2016-03-19T10:33:30.780000;38ee173f-ee2c-4d00-8259-7af4ef6cea6e;10.939;7.21912334;SELL
2016-03-19T10:34:50.000000;2016-03-19T10:34:50.333000;4f5cd788-9b4a-4752-93da-a5f11c89bd58;10.829;7.009;SELL
2016-03-19T10:34:57.000000;2016-03-19T10:34:57.807000;e3152ff0-4449-4c86-93a8-59d0d60c8959;10.827;4.651;SELL
2016-03-19T10:35:15.000000;2016-03-19T10:35:15.953000;c44657da-9b95-4ce5-a2b6-f4c3f03620c9;10.827;25.67;SELL
2016-03-19T10:35:23.000000;2016-03-19T10:35:24.223000;a476bb16-f788-492b-988a-fe5e64e73044;10.827;8.829;SELL
2016-03-19T10:35:29.000000;2016-03-19T10:35:29.210000;03815bc2-2839-4901-a5a1-e96d39dbd663;10.827;36.171;SELL
2016-03-19T10:35:29.000000;2016-03-19T10:35:29.227000;f6ea39da-4094-46ec-938f-dd75f237d351;10.817;7.94579281;SELL
2016-03-19T10:35:29.000000;2016-03-19T10:35:29.233000;545f975f-045f-47dd-bcbf-0bb838d82fae;10.816;0.70173038;SELL
2016-03-19T10:35:29.000000;2016-03-19T10:35:29.263000;f83cd616-aeec-45f6-8afd-a001480b675e;10.816;0.18147681;SELL
2016-03-19T10:35:58.000000;2016-03-19T10:35:59.013000;dfda95ac-9a6b-46e3-ab43-97be1077cb3c;10.821;5.198;SELL
2016-03-19T10:36:04.000000;2016-03-19T10:36:04.987000;c3d1bdf3-5664-48b1-9151-ddfc31a0eee3;10.815;2.482;SELL
2016-03-19T10:40:48.000000;2016-03-19T10:40:48.613000;57059c12-2efb-4430-9d27-2dc031897917;10.815;0.000493;SELL
2016-03-19T10:40:48.000000;2016-03-19T10:40:48.630000;c9d29e42-2e1f-4296-8a2e-390b15a2bfae;10.811;1.848507;SELL
2016-03-19T10:43:37.000000;2016-03-19T10:43:37.743000;09678bc3-0466-4eb7-a826-8121687ea19e;10.788;2.491;SELL
2016-03-19T10:44:01.000000;2016-03-19T10:44:01.287000;c5366e5f-0f7a-4eda-9bf7-f33b08ea546a;10.9;7.4378;BUY
2016-03-19T10:45:06.000000;2016-03-19T10:45:06.707000;52b4316c-c3ee-4371-9b05-e85cb0b50e14;10.789;7.966;SELL
2016-03-19T10:46:38.000000;2016-03-19T10:46:38.650000;cadfc41d-2e5e-4bc2-9631-1c477b7edf5b;10.789;4.52;SELL
2016-03-19T10:46:56.000000;2016-03-19T10:46:56.317000;86f47e16-f66f-42da-9d58-123dda532844;10.79;0.73841892;SELL
2016-03-19T10:47:20.000000;2016-03-19T10:47:20.160000;ca5443eb-2f4e-4b3f-8d8d-9b71146b61b0;10.792;7.96419948;SELL
2016-03-19T10:47:20.000000;2016-03-19T10:47:20.170000;0b69bb6f-4377-400b-a1a6-a189202e7936;10.791;0.00080052;SELL
2016-03-19T10:48:06.000000;2016-03-19T10:48:07.027000;0d650e09-be92-4b67-a656-cb9e49a08d30;10.791;2.502;SELL
2016-03-19T10:53:05.000000;2016-03-19T10:53:06.027000;64bcc10b-eb0a-433d-b3d8-74f90838b363;10.791;0.00071648;SELL
2016-03-19T10:53:05.000000;2016-03-19T10:53:06.043000;e59b32b7-5c6e-420c-85ed-0764c429cf89;10.788;0.000296;SELL
2016-03-19T10:53:05.000000;2016-03-19T10:53:06.053000;74b2753d-0580-4f39-b81c-e1e7f43924e6;10.711;9.575393;SELL
2016-03-19T10:53:05.000000;2016-03-19T10:53:06.083000;351384e1-e8dd-4b4e-86a3-5851bbb968fd;10.71;2.42059452;SELL
2016-03-19T10:53:10.000000;2016-03-19T10:53:10.523000;4921dbbb-737e-4447-aef3-2704997a6dec;10.71;7.57940548;SELL
2016-03-19T10:53:12.000000;2016-03-19T10:53:12.830000;8a1a55a0-6a1d-4a5a-bc93-9fb24230b0d1;10.668;0.5005005;SELL
2016-03-19T10:53:12.000000;2016-03-19T10:53:12.840000;9ce58935-5ae8-442c-937b-4b556a08ed36;10.668;0.43787385;SELL
2016-03-19T10:53:12.000000;2016-03-19T10:53:12.843000;6ae0b8c5-c435-430a-8d62-4d04fc6b83cd;10.667;6.64062565;SELL
2016-03-19T10:53:23.000000;2016-03-19T10:53:23.460000;e4b62f6f-1e50-4637-9980-e9d0ba686f18;10.654;2.576368;SELL
2016-03-19T10:53:23.000000;2016-03-19T10:53:23.473000;4e5686ce-2d4a-41dc-a016-81e3c626e807;10.643;2.576368;SELL
2016-03-19T10:53:23.000000;2016-03-19T10:53:23.480000;9668c796-c4b6-4945-a7ac-c781729cbb57;10.643;2.576368;SELL
2016-03-19T10:53:23.000000;2016-03-19T10:53:23.513000;2ae150af-5deb-42ee-9b26-ede1cdcc837a;10.635;0.336896;SELL
2016-03-19T10:54:18.000000;2016-03-19T10:54:18.553000;9afa6fb6-e127-492b-9b91-f2ea5f7c599d;10.614;3.11;SELL
2016-03-19T10:54:24.000000;2016-03-19T10:54:24.277000;167914c7-2fcf-4856-8bfd-55acc28aa85b;10.614;8.169;SELL
2016-03-19T10:54:31.000000;2016-03-19T10:54:31.067000;9fcb6851-731a-492e-85e7-280820cd3b95;10.613;0.39904802;SELL
2016-03-19T10:54:31.000000;2016-03-19T10:54:31.953000;790365bb-a9c7-4adb-bd6a-d4750816bc11;10.564;3.66295198;BUY
2016-03-19T10:54:31.000000;2016-03-19T10:54:31.967000;8c455923-000f-4c17-8f4b-34ee94638bec;10.849;0.07704802;BUY
2016-03-19T10:54:53.000000;2016-03-19T10:54:53.523000;eb1049e9-0c3b-45f8-a7f3-da30528f63b7;10.522;8.16856499;SELL
2016-03-19T10:54:53.000000;2016-03-19T10:54:53.523000;b325e8c6-29b9-45d2-a5e5-7b6a105654a4;10.521;0.00243501;SELL
2016-03-19T10:55:13.000000;2016-03-19T10:55:13.607000;5bb67c42-75c5-4770-b2e7-09f1c6507f79;10.531;1.306;SELL
2016-03-19T10:59:06.000000;2016-03-19T10:59:06.973000;0ab52f6a-d375-49f0-998b-22bf47b3bc16;10.537;8.01;SELL
2016-03-19T10:59:06.000000;2016-03-19T10:59:06.980000;2ce33c11-fca6-417d-9f24-ecdf5f07f859;10.536;4.23805483;SELL
2016-03-19T10:59:22.000000;2016-03-19T10:59:22.450000;1f4f23fb-5021-4a4f-b34d-682e2119497d;10.531;8.01;SELL
2016-03-19T10:59:22.000000;2016-03-19T10:59:22.467000;55218034-9519-407b-9a27-fc5abc38a01f;10.53;4.24503379;SELL
2016-03-19T11:02:42.000000;2016-03-19T11:02:42.993000;58b24161-2f54-4e39-8fd7-ff96c187960a;10.511;8.01;SELL
2016-03-19T11:02:42.000000;2016-03-19T11:02:43.000000;ab3c65f9-d935-4b04-b312-5d29b97690af;10.51;1.0;SELL
2016-03-19T11:02:42.000000;2016-03-19T11:02:43.003000;154081be-bc58-4917-aa85-f56d22293227;10.49;0.5;SELL
2016-03-19T11:02:42.000000;2016-03-19T11:02:43.037000;3c45a1f1-a2d6-407a-a9e0-b3b27acf4635;10.489;12.30195241;SELL
2016-03-19T11:02:42.000000;2016-03-19T11:02:43.037000;e6c3e95a-9a86-4361-a0ec-9e2748f6396d;10.489;1.001001;SELL
2016-03-19T11:02:42.000000;2016-03-19T11:02:43.040000;346bdcca-b229-42b3-98d8-592c97565f45;10.489;3.39773023;SELL
2016-03-19T11:14:07.000000;2016-03-19T11:14:07.523000;436f2ea7-0a5d-43fc-b9c8-8d7ccf22fe63;10.658;0.7462;BUY
2016-03-19T11:18:53.000000;2016-03-19T11:18:53.327000;c10f2ec1-cc77-4143-804f-5c6f655508e4;10.658;1.734016;BUY
2016-03-19T11:19:06.000000;2016-03-19T11:19:06.460000;607d9f19-fe6a-4fc3-acaf-2d199632b917;10.66;1.73401563;BUY
2016-03-19T11:19:16.000000;2016-03-19T11:19:16.097000;845787af-f84d-4ad6-8e56-3c2c994cbcb4;10.713;2.562092;BUY
2016-03-19T11:33:11.000000;2016-03-19T11:33:11.850000;ed6d529c-8f67-48c5-a6a0-f05995a37f50;10.688;2.561606;SELL
2016-03-19T11:54:42.000000;2016-03-19T11:54:43.013000;4efb69aa-c72c-4867-92f4-43c881e49a32;10.623;2.562092;BUY
2016-03-19T12:03:13.000000;2016-03-19T12:03:13.543000;893e8589-5f50-4d5b-9fd6-30d61c0061ca;10.463;0.996004;BUY
2016-03-19T12:03:15.000000;2016-03-19T12:03:15.700000;41a9ff61-d6cc-42c8-91e2-256a43125d82;10.463;0.003996;BUY
2016-03-19T12:03:15.000000;2016-03-19T12:03:15.707000;625aef0e-131f-472a-a260-c211ce722f3a;10.463;4.446004;BUY
2016-03-19T12:03:16.000000;2016-03-19T12:03:16.537000;b642fd56-1da9-4dd7-a27d-52cbe4cd581c;10.454;4.45;SELL
2016-03-19T12:03:17.000000;2016-03-19T12:03:17.230000;320ee276-6c1f-4522-89e9-f06613c1056d;10.463;5.43557678;BUY
2016-03-19T12:03:18.000000;2016-03-19T12:03:18.723000;e1bf88e9-7274-4481-ad9e-ffe66e19e18f;10.463;30.11841922;BUY
2016-03-19T12:03:29.000000;2016-03-19T12:03:29.360000;171b4865-aef6-42c1-a94b-7c641ff73e98;10.59;1.14504397;BUY
2016-03-19T12:03:29.000000;2016-03-19T12:03:29.677000;0bb827a3-971d-4a1b-bfd9-baf367019899;10.591;4.29053281;BUY
2016-03-19T12:08:55.000000;2016-03-19T12:08:55.780000;dac0671b-0800-48ba-b0cf-33bee966f9be;10.58;0.8034;SELL
2016-03-19T12:15:35.000000;2016-03-19T12:15:35.703000;69cf3d0f-0fe9-4fb1-95e8-b846ae2037f7;10.576;0.8034;BUY
2016-03-19T12:15:40.000000;2016-03-19T12:15:40.213000;a591ab3b-3a49-4288-8bbb-da714777e12f;10.578;0.5005005;BUY
2016-03-19T12:15:43.000000;2016-03-19T12:15:44.490000;d667740b-1544-42c8-90b1-7705d561792a;10.578;2.0238115;BUY
2016-03-19T12:30:21.000000;2016-03-19T12:30:21.897000;af70f475-4d6c-4f53-ac57-ef419d1ca520;10.551;9.36076934;SELL
2016-03-19T12:30:21.000000;2016-03-19T12:30:21.907000;48dc425f-bcd2-4e96-8e86-9fc37ab84a24;10.55;10.0;SELL
2016-03-19T12:30:21.000000;2016-03-19T12:30:21.943000;24e4ee49-552d-4a34-8ebc-e2c09ff262f2;10.544;0.996004;SELL
2016-03-19T12:30:21.000000;2016-03-19T12:30:21.943000;ae59e474-da90-4ed3-83c6-456972f16294;10.542;2.529624;SELL
2016-03-19T12:30:21.000000;2016-03-19T12:30:21.943000;a4bbb91a-1b2b-401c-90e6-5348a0477d3b;10.489;9.636011;SELL
2016-03-19T12:30:21.000000;2016-03-19T12:30:21.943000;10c12a88-99dc-485f-835b-0105d39d84b2;10.488;18.63483256;SELL
2016-03-19T12:30:21.000000;2016-03-19T12:30:21.943000;49d84180-c06a-49f0-b207-4a58629f3175;10.488;2.99015072;SELL
2016-03-19T12:30:21.000000;2016-03-19T12:30:21.943000;6ad6aa0a-3e74-42d2-81c7-8bc4f56c707d;10.487;2.43063033;SELL
2016-03-19T12:30:21.000000;2016-03-19T12:30:21.947000;9dba4e8b-76b9-42f5-9d5a-58a6bfb0789a;10.487;11.49838239;SELL
2016-03-19T12:30:21.000000;2016-03-19T12:30:21.947000;f0cb86b5-c6bf-47bb-8d12-45c34784351a;10.463;4.09656333;SELL
2016-03-19T12:30:21.000000;2016-03-19T12:30:21.980000;d4646927-34af-4ed0-826e-f3a281bb63c6;10.403;99.81;SELL
2016-03-19T12:30:21.000000;2016-03-19T12:30:21.983000;c8acf48a-df0a-4389-b634-bd0df4443c4a;10.403;295.345368;SELL
2016-03-19T12:30:21.000000;2016-03-19T12:30:21.983000;78f3be20-c077-4cb2-adb9-b65471a153ba;10.4;94.43300355;SELL
2016-03-19T12:49:12.000000;2016-03-19T12:49:12.103000;7a010c90-1c5c-456f-8dc3-977059828260;10.696;5.00500501;BUY
2016-03-19T12:49:15.000000;2016-03-19T12:49:15.750000;0fb67f59-d97d-4639-bb8d-e75710c9890a;10.696;12.05352106;BUY
2016-03-19T12:49:23.000000;2016-03-19T12:49:23.867000;32aa02e5-8cf4-42e8-9364-80ce8fa2315c;10.696;3.0895583;BUY
2016-03-19T12:52:59.000000;2016-03-19T12:52:59.670000;7e2e1d4f-b8af-440f-ae7b-d3323bba374b;10.75;0.90514779;BUY
2016-03-19T12:58:58.000000;2016-03-19T12:58:59.097000;d8d77564-f8c4-49be-8d95-cfc3eafba05b;10.75;1.09485221;BUY
2016-03-19T13:02:52.000000;2016-03-19T13:02:52.070000;2cfc67fb-32a4-4858-a946-c0fa0a0408a1;10.721;0.39359375;SELL
2016-03-19T13:02:52.000000;2016-03-19T13:02:52.077000;b8c31fa4-40bb-4ab8-bf95-fbbdb7212ee3;10.72;1.19417753;SELL
2016-03-19T13:05:13.000000;2016-03-19T13:05:13.693000;8a6b1898-ea4b-4e78-bf34-8d4dd668cb02;10.72;1.364;SELL
2016-03-19T13:08:02.000000;2016-03-19T13:08:03.090000;07aaa858-def0-431b-bcb3-f608e94e8342;10.72;0.00027847;SELL
2016-03-19T13:08:02.000000;2016-03-19T13:08:03.097000;99dc4cb7-3fb9-4b2d-846c-f59e09a63b2d;10.675;10.57672153;SELL
2016-03-19T13:09:05.000000;2016-03-19T13:09:05.863000;12dbce44-a2c6-4bdd-8c6b-db91c86c65ff;10.65;2.507;SELL
2016-03-19T13:10:21.000000;2016-03-19T13:10:21.230000;9efd849a-48e8-4f28-af1b-4e632f7ab86f;10.656;4.733;SELL
2016-03-19T13:11:56.000000;2016-03-19T13:11:56.770000;f6fe1e37-64fc-4205-af72-0feca0faf6c9;10.655;2.507928;SELL
2016-03-19T13:11:56.000000;2016-03-19T13:11:56.777000;3ab41695-b915-434d-b10c-a636f0479eab;10.65;10.0;SELL
2016-03-19T13:11:56.000000;2016-03-19T13:11:56.783000;91ca8610-eecf-4d69-bf5d-a91bb6ea6712;10.65;10.0;SELL
2016-03-19T13:11:56.000000;2016-03-19T13:11:56.823000;97b07c45-24ec-47a7-aa57-af91d6cac6de;10.65;15.06045758;BUY
2016-03-19T13:12:40.000000;2016-03-19T13:12:40.500000;dd7f4061-4256-4f55-b410-6aa45b0c3b68;10.624;14.201;SELL
2016-03-19T13:13:44.000000;2016-03-19T13:13:44.273000;3d419622-c206-42b8-ae1d-fd4aa2b28b41;10.625;23.822;SELL
2016-03-19T13:14:19.000000;2016-03-19T13:14:19.863000;e81042af-51b4-4124-b45a-2d9fa948848b;10.613;23.82;SELL
2016-03-19T13:17:41.000000;2016-03-19T13:17:41.933000;db00d095-40ea-4166-a147-29d4b390546f;10.588;3.814;SELL
2016-03-19T13:18:32.000000;2016-03-19T13:18:32.037000;26159eba-c8a9-4a5f-aa03-00219adbdca2;10.72;2.6;SELL
2016-03-19T13:18:52.000000;2016-03-19T13:18:52.640000;87f80ab6-4cfb-46b4-aad1-d0bc8c13edcf;10.72;2.6;BUY
2016-03-19T13:19:19.000000;2016-03-19T13:19:19.703000;1ceeb844-64dc-477e-9f77-eb6148efe8b6;10.604;4.8991906;SELL
2016-03-19T13:19:19.000000;2016-03-19T13:19:19.707000;e3ebc340-1a8e-4fb6-b6e9-3803bdda17d6;10.604;5.3748094;SELL
2016-03-19T13:21:20.000000;2016-03-19T13:21:20.067000;388fa26d-0903-436a-95cc-6de5b60a7737;10.631;1.529;SELL
2016-03-19T13:21:30.000000;2016-03-19T13:21:30.783000;b6c0684b-133d-4168-ad38-44ab4f97047b;10.632;23.80707054;SELL
2016-03-19T13:21:30.000000;2016-03-19T13:21:30.793000;88bd58ab-91d4-47bf-b33b-7d3e0312d616;10.63;0.00192946;SELL
2016-03-19T13:23:16.000000;2016-03-19T13:23:16.540000;ec68fd17-1eca-43a0-b3cd-2bc0a52be1ab;10.631;2.514;SELL
2016-03-19T13:25:40.000000;2016-03-19T13:25:41.133000;8bb243b7-62e9-4c55-ae5d-4c206a2b31b7;10.64;2.522;SELL
2016-03-19T13:28:23.000000;2016-03-19T13:28:23.433000;f9372dd0-ce34-4253-a7e6-867f64f94fbc;10.685;3.004;SELL
2016-03-19T13:29:37.000000;2016-03-19T13:29:37.893000;d71eed17-268d-4a5a-80b2-363fa6bb3cc3;10.689;0.68117462;SELL
2016-03-19T13:29:48.000000;2016-03-19T13:29:49.047000;b8f725c0-a1d0-4cd3-9453-ecc25a3307c9;10.69;10.0;SELL
2016-03-19T13:33:49.000000;2016-03-19T13:33:50.140000;b695f276-9d2b-4c5e-874e-97e8ea75fe4d;10.7;0.7447076;SELL
2016-03-19T13:41:50.000000;2016-03-19T13:41:50.587000;52f741c3-ec71-4c5a-9b7b-9d1d22160d50;10.7;5.8784;SELL
2016-03-19T13:41:50.000000;2016-03-19T13:41:50.600000;7c1fe82a-f838-4513-907b-dd505580b129;10.691;17.7966;SELL
2016-03-19T13:42:03.000000;2016-03-19T13:42:03.730000;83c6d54b-3649-49a6-9218-f2d95a94f8b1;10.691;23.675;SELL
2016-03-19T13:42:12.000000;2016-03-19T13:42:13.080000;5d25836c-46df-4d12-b316-2fafb7e1e020;10.69;2.522193;SELL
2016-03-19T13:42:12.000000;2016-03-19T13:42:13.090000;d1f9531b-4dfa-48d6-aba4-e69a8a439c19;10.67;2.210807;SELL
2016-03-19T13:48:07.000000;2016-03-19T13:48:07.707000;a6ab7212-a0a1-44bf-8094-581a6a0c6ce4;10.72;5.8666432;BUY
2016-03-19T13:48:07.000000;2016-03-19T13:48:07.723000;63928efb-9e44-4d9d-a8c1-d489cccd2950;10.806;0.1333568;BUY
2016-03-19T13:48:17.000000;2016-03-19T13:48:17.603000;d25db03b-b2d4-4ee8-a622-d8bb242f219a;10.804;2.53123623;BUY
2016-03-19T13:48:17.000000;2016-03-19T13:48:17.603000;643409f7-995b-47d5-a6a5-6c553404ff90;10.807;0.46876377;BUY
2016-03-19T13:54:02.000000;2016-03-19T13:54:02.877000;0313eedf-2ff6-462e-8c87-81fb2b3e52fd;10.691;9.427;SELL
2016-03-19T14:31:41.000000;2016-03-19T14:31:41.060000;7ef30e40-5329-44bf-b04f-c6e87ca9d917;10.8;0.1;SELL
2016-03-19T14:36:18.000000;2016-03-19T14:36:18.377000;2a1cd3a7-0636-4479-9940-bfed16ebeddf;10.82;79.54340131;BUY
2016-03-19T14:37:21.000000;2016-03-19T14:37:21.870000;0c1fd8bc-a3bf-43d3-b9c0-275b392023ae;10.82;23.41683387;SELL
2016-03-19T14:37:43.000000;2016-03-19T14:37:43.110000;cc9a2db5-8cc6-4744-8ca3-8177124bd034;10.831;35.05448795;BUY
2016-03-19T14:37:43.000000;2016-03-19T14:37:43.130000;25cb7b5d-1ba7-43c9-b795-329bf514bdb9;10.832;2.52184;BUY
2016-03-19T14:37:44.000000;2016-03-19T14:37:44.830000;6856712b-8212-4189-9455-3217dbac1720;10.84;34.67427205;SELL
2016-03-19T14:43:18.000000;2016-03-19T14:43:18.813000;71067487-ff43-443f-98df-6282167a1b58;10.8;1.0;BUY
2016-03-19T14:57:54.000000;2016-03-19T14:57:54.980000;2891d44c-c494-4092-9184-a09e3d8f82a7;10.694;3.0681;SELL
2016-03-19T15:01:00.000000;2016-03-19T15:01:00.713000;40e12b2b-57c4-40de-ab03-282df3de22d8;10.69;21.0477;BUY
2016-03-19T15:02:27.000000;2016-03-19T15:02:27.387000;8f5cfcd6-a229-466e-b0f0-0fe36540a899;10.69;9.31561562;BUY
2016-03-19T15:02:27.000000;2016-03-19T15:02:27.800000;954ed2f1-9c1d-4387-92c3-9eeb0c092080;10.69;9.31561562;BUY
2016-03-19T15:02:29.000000;2016-03-19T15:02:29.093000;778a1530-4c99-4646-b1d4-fdb927de8edf;10.69;9.31561562;BUY
2016-03-19T15:02:30.000000;2016-03-19T15:02:30.623000;55456d88-1421-48ee-b7e8-82bb2f2fbe27;10.69;9.31561562;BUY
2016-03-19T15:04:28.000000;2016-03-19T15:04:28.397000;17d95231-549e-4290-b860-8e5307bcb163;10.69;4.0164683;BUY
2016-03-19T15:04:33.000000;2016-03-19T15:04:33.743000;d3299980-2b9b-4e8f-a5e7-9ae528985aac;10.69;4.0360674;BUY
2016-03-19T15:04:42.000000;2016-03-19T15:04:42.740000;3f9ffbea-808f-4f0e-a409-beb1fbe87d48;10.69;3.85974435;BUY
2016-03-19T15:06:31.000000;2016-03-19T15:06:32.130000;3465aa78-fc16-4c53-95b6-2b393fcc4b95;10.69;35.51685323;BUY
2016-03-19T15:06:33.000000;2016-03-19T15:06:33.507000;bcd4e611-1164-4b58-81a0-35718a6ad6bc;10.69;2.00148123;BUY
2016-03-19T15:06:33.000000;2016-03-19T15:06:33.747000;d9c26ca6-62cb-4c64-a7ee-297a70188fe4;10.69;33.515372;BUY
2016-03-19T15:06:34.000000;2016-03-19T15:06:34.263000;c8610c86-942e-4fff-81db-5235cb88a16b;10.69;21.15583183;BUY
2016-03-19T15:06:34.000000;2016-03-19T15:06:34.667000;0b9bdab5-19d5-42f6-bf1e-3ac13a5e8b99;10.69;21.15583183;BUY
2016-03-19T15:06:35.000000;2016-03-19T15:06:35.427000;fd564239-4ff7-4d0f-beb5-a1b172a55593;10.69;1.28913478;BUY
2016-03-19T15:06:35.000000;2016-03-19T15:06:35.683000;30b67031-8fb0-480b-bcc8-2b242153cbc6;10.69;9.98333046;BUY
2016-03-19T15:06:35.000000;2016-03-19T15:06:35.687000;dec1bcf1-7429-415f-b5ac-c369453a7734;10.69;5.09282211;BUY
2016-03-19T15:07:05.000000;2016-03-19T15:07:07.043000;c55be77e-028d-40d7-a4ea-1a1366eb9843;10.793;0.7369;BUY
2016-03-19T15:12:47.000000;2016-03-19T15:12:47.623000;417a1ae3-14d9-4bba-a00a-405b1a48ebdb;10.74;0.123;BUY
2016-03-19T15:12:47.000000;2016-03-19T15:12:47.627000;470bc539-84c3-4334-83ff-0e9002235f5e;10.793;2.3311;BUY
2016-03-19T15:19:05.000000;2016-03-19T15:19:05.097000;ed1478d7-b657-40e2-841e-294d8713c7ca;10.85;2.0;BUY
2016-03-19T15:21:08.000000;2016-03-19T15:21:08.713000;191a723b-e1fb-4a70-9f0b-a201426f3a64;10.89;34.86456942;BUY
2016-03-19T15:21:09.000000;2016-03-19T15:21:09.473000;ae288900-c07d-4ff3-8099-eede47e33a01;10.89;23.66453058;BUY
2016-03-19T15:21:22.000000;2016-03-19T15:21:22.453000;5e164134-5262-48a9-963d-a5ca678427f1;10.9;1.001001;BUY
2016-03-19T15:21:24.000000;2016-03-19T15:21:24.640000;dcaeb418-984f-4458-9e81-7b645947a144;10.9;23.66453058;BUY
2016-03-19T15:21:25.000000;2016-03-19T15:21:25.813000;8029f3d0-38a6-4e2e-b619-86cd7ac62dff;10.9;1.001001;BUY
2016-03-19T15:21:34.000000;2016-03-19T15:21:34.993000;233f9c00-1b43-45a1-b143-2b49edd0cdc4;10.9;224.33346742;BUY
2016-03-19T15:21:34.000000;2016-03-19T15:21:34.993000;8de26cc0-027d-468d-9031-5a27a278b003;10.9;75.66653258;BUY
2016-03-19T15:21:41.000000;2016-03-19T15:21:41.543000;acfb0020-bcb7-44d0-bdd7-5fcf4ece3d5d;10.9;17.63863864;BUY
2016-03-19T15:21:44.000000;2016-03-19T15:21:44.433000;05644959-423c-459d-bf50-6f0a8ff85f28;10.9;1.12783234;BUY
2016-03-19T15:21:49.000000;2016-03-19T15:21:49.300000;bc7aa9aa-b698-4a3f-a966-0df52e12a19b;10.94;125.0;BUY
2016-03-19T15:25:10.000000;2016-03-19T15:25:10.630000;2bc0ba32-5e0b-4715-b64c-69d0b72f4103;10.95;100.0;BUY
2016-03-19T15:25:27.000000;2016-03-19T15:25:27.430000;a24d02a6-fe72-4e72-a918-e5cb0d562c80;10.95;2.0;BUY
2016-03-19T15:25:47.000000;2016-03-19T15:25:48.023000;03545b50-dbdb-45b6-9757-b037f86bba41;10.95;1.7501;SELL
2016-03-19T15:25:47.000000;2016-03-19T15:25:48.037000;fe40b76a-8ab7-4bf4-83ea-df450c2f0fcc;10.879;23.26654784;SELL
2016-03-19T15:25:48.000000;2016-03-19T15:25:48.537000;786fb8f0-1ae1-4e8f-a800-7c63c3d56c3c;10.879;23.26440937;BUY
2016-03-19T15:25:48.000000;2016-03-19T15:25:48.647000;21d68d08-3d65-4a17-ab90-264390153986;10.879;38.72420133;BUY
2016-03-19T15:25:50.000000;2016-03-19T15:25:50.800000;8e7a4529-af63-44ff-8c0c-37457ede4871;10.879;12.99474146;BUY
2016-03-19T15:29:49.000000;2016-03-19T15:29:49.887000;5736fb23-79a7-43c6-9ae7-5d20a03f8647;10.98;211.8875;BUY
2016-03-19T15:31:24.000000;2016-03-19T15:31:24.123000;6fd172a5-4234-430b-9180-d0b2de5dba49;10.891;12.99474146;SELL
2016-03-19T15:31:24.000000;2016-03-19T15:31:24.130000;5d9459b6-5d07-451c-b337-acf329adab00;10.89;30.0;SELL
2016-03-19T15:31:24.000000;2016-03-19T15:31:24.133000;ed79080e-fb0e-4266-9f26-8030347626d5;10.879;3.75737604;SELL
2016-03-19T15:31:24.000000;2016-03-19T15:31:24.167000;cf0a6ebb-de44-4202-a7aa-9dfed95c66d4;10.863;2.528914;SELL
2016-03-19T15:31:24.000000;2016-03-19T15:31:24.167000;bbc0d924-ef0b-4329-8167-a30c7a193a81;10.815;99.7189685;SELL
2016-03-19T15:33:14.000000;2016-03-19T15:33:15.177000;f11ee913-c2be-480c-836d-49d98a45a345;10.9;30.00000019;BUY
2016-03-19T15:45:49.000000;2016-03-19T15:45:49.413000;61d2cd9e-8617-4309-af79-454b2a42ed1a;10.95;0.39892236;BUY
2016-03-19T16:01:28.000000;2016-03-19T16:01:28.823000;72431d44-5e3b-458e-8e2d-66a5cecaeaa4;10.95;0.10107764;SELL
2016-03-19T16:01:28.000000;2016-03-19T16:01:28.833000;9576932c-67bd-4351-9218-8435b80f1be0;10.91;0.59892236;SELL
2016-03-19T16:02:15.000000;2016-03-19T16:02:16.060000;441a65a3-22a5-4104-9fa4-f0eaa3dc893b;10.891;0.7354262;SELL
2016-03-19T16:11:07.000000;2016-03-19T16:11:09.977000;608aed38-5c1b-4deb-9e06-6a84c3fa1fe6;10.97;0.1;BUY
2016-03-19T16:13:25.000000;2016-03-19T16:13:25.523000;10b441d5-19d6-4bf7-ac10-c8fe7483130e;10.861;18.42149879;SELL
2016-03-19T16:13:25.000000;2016-03-19T16:13:25.543000;2c9d3efc-71ab-4133-a7d5-a3fcb97cce67;10.86;13.92998254;SELL
2016-03-19T16:13:34.000000;2016-03-19T16:13:34.323000;f2921a32-0eb5-45ea-85d1-879c7f542fe8;10.86;7.18374014;SELL
2016-03-19T16:13:56.000000;2016-03-19T16:13:56.163000;2c112f32-0a34-4057-bc89-7d75996fd496;10.86;4.77;SELL
2016-03-19T16:14:18.000000;2016-03-19T16:14:18.547000;76434516-ab26-4ae5-8149-44d9c985fe57;10.86;5.09195794;SELL
2016-03-19T16:14:40.000000;2016-03-19T16:14:40.397000;7726e92c-6fdc-4ff9-aa7e-f711f059c9ab;10.86;6.40993904;SELL
2016-03-19T16:15:42.000000;2016-03-19T16:15:42.953000;90e0bb53-14ba-4a8c-b46c-388edda3bc0c;10.86;6.13625;SELL
2016-03-19T16:16:00.000000;2016-03-19T16:16:01.167000;9b580a91-6abb-40dc-a938-4cfb656d90a5;10.86;3.61;SELL
2016-03-19T16:17:08.000000;2016-03-19T16:17:08.187000;93818424-001f-4ff3-8f4d-2810c2eb3b1f;10.86;7.984;SELL
2016-03-19T16:17:31.000000;2016-03-19T16:17:31.297000;ab45c6fb-7e4b-4bac-b8bb-a3e727146a7c;10.86;24.6931;SELL
2016-03-19T16:17:33.000000;2016-03-19T16:17:33.147000;d1472629-8ff3-4615-978c-3ca366286a1a;10.86;20.19103034;SELL
2016-03-19T16:21:57.000000;2016-03-19T16:21:58.877000;d2cc5048-c6ef-43e2-aa93-d04b3d0636ef;10.815;8.7810315;SELL
2016-03-19T16:21:57.000000;2016-03-19T16:21:58.887000;be6dd8b7-5bdf-42be-b12b-8aa3926ba78d;10.811;23.41289187;SELL
2016-03-19T16:21:57.000000;2016-03-19T16:21:58.907000;4e189e3d-b4b2-43ed-ba1a-7e675b5ceaa6;10.81;167.80607663;SELL
2016-03-19T16:26:54.000000;2016-03-19T16:26:54.817000;a022bff2-3edd-4a59-9fe5-fc54c681407d;10.81;8.512;SELL
2016-03-19T16:29:21.000000;2016-03-19T16:29:21.380000;a4e1c023-3ac8-4e5e-9cf7-0de7fcd8e4cd;10.81;4.1903;SELL
2016-03-19T16:30:45.000000;2016-03-19T16:30:45.180000;1072f8e4-7473-453d-9d10-1c5e9a2c0850;10.81;8.615;SELL
2016-03-19T16:32:30.000000;2016-03-19T16:32:31.237000;e9dd3572-0134-4afb-901c-049b111b2149;10.81;1.6262;SELL
2016-03-19T16:33:33.000000;2016-03-19T16:33:33.217000;2a924590-5542-46da-aa4b-02f323eb6445;10.81;7.0584485;SELL
2016-03-19T16:35:21.000000;2016-03-19T16:35:21.943000;1dd3fcb2-5ad7-4087-a117-ba68eb5a18d5;10.81;5.131;SELL
2016-03-19T16:35:41.000000;2016-03-19T16:35:41.420000;cf5c1670-723c-4e37-992f-24e02e19dc08;10.81;6.65;SELL
2016-03-19T16:39:12.000000;2016-03-19T16:39:12.493000;51910af4-d965-45e0-8d3f-d6a1eeb8a019;10.81;7.802066;SELL
2016-03-19T16:52:48.000000;2016-03-19T16:52:48.067000;e9b5149e-eb25-4c9f-8e43-c1b71b4f664d;10.911;1.0;BUY
2016-03-19T16:53:31.000000;2016-03-19T16:53:31.687000;a4672a4d-516e-4014-b9f9-6be5aab42202;10.911;1.0;BUY
2016-03-19T16:53:47.000000;2016-03-19T16:53:47.987000;83baa65d-f87a-4ab0-843b-4367d45d4219;10.907;1.0;BUY
2016-03-19T16:57:58.000000;2016-03-19T16:57:58.783000;360dc5e4-59c8-4a97-a69b-5d91e5694d43;10.944;2.514573;BUY
2016-03-19T16:57:58.000000;2016-03-19T16:57:58.783000;75ca8ada-b875-4893-9476-e10d8831014a;10.97;47.485427;BUY
2016-03-19T16:58:36.000000;2016-03-19T16:58:36.480000;c093edd1-b445-4cc2-ab8b-97006aa56b63;10.97;50.0;BUY
2016-03-19T17:01:33.000000;2016-03-19T17:01:33.150000;8696454c-2614-47d6-b64b-31f783f28313;10.97;2.414573;BUY
2016-03-19T17:02:58.000000;2016-03-19T17:02:58.167000;c227247b-2316-47a4-8d4d-07b6fd63433b;10.98;34.54733012;BUY
2016-03-19T17:02:59.000000;2016-03-19T17:03:00.640000;f1df295b-a4eb-4071-b42c-b8084d906542;10.98;9.97258977;BUY
2016-03-19T17:04:37.000000;2016-03-19T17:04:37.350000;09b56432-7d2c-49df-adba-7e7b882f7b57;10.98;2.13968362;BUY
2016-03-19T17:04:48.000000;2016-03-19T17:04:48.087000;2a8237c8-4d04-4a3c-bb0b-a5f215a2c37c;10.98;9.38704291;BUY
2016-03-19T17:08:11.000000;2016-03-19T17:08:11.310000;9f9c2ab4-7b8d-4561-b22f-45186b492543;10.95;2.489805;SELL
2016-03-19T17:08:11.000000;2016-03-19T17:08:11.330000;59490f76-0f27-4e91-8d71-e6d968c4f4f0;10.923;9.128448;SELL
2016-03-19T17:08:11.000000;2016-03-19T17:08:11.333000;5201c7cd-85c7-476a-ac86-d2c60e41e71f;10.918;1.0;SELL
2016-03-19T17:08:11.000000;2016-03-19T17:08:11.367000;3bf66e36-52cb-4f74-816e-3a03d87857da;10.908;1.0;SELL
2016-03-19T17:08:37.000000;2016-03-19T17:08:37.593000;916e1708-da71-494e-bd82-06375a26a5ac;10.862;4.79984432;SELL
2016-03-19T17:09:27.000000;2016-03-19T17:09:28.710000;81d3ba36-79af-4748-a7e1-a3d5985452ba;10.756;17.636948;SELL
2016-03-19T17:09:27.000000;2016-03-19T17:09:28.727000;ae1200cd-93b9-4393-ba7a-f9925a11597e;10.755;2.502822;SELL
2016-03-19T17:09:27.000000;2016-03-19T17:09:28.730000;a8f63534-8e91-4447-9e3f-e54cee6aeb7b;10.748;5.91317984;SELL
2016-03-19T17:09:27.000000;2016-03-19T17:09:28.763000;ca7fc569-3a8d-41e7-ba46-917989a9f601;10.747;4.79054449;SELL
2016-03-19T17:09:27.000000;2016-03-19T17:09:28.763000;6e4c5ad3-1b38-4581-8156-28cd41adfe3a;10.735;3.0845;SELL
2016-03-19T17:09:27.000000;2016-03-19T17:09:28.763000;81ac55fe-6eeb-44f2-84ca-a08dce3f5645;10.707;64.97200567;SELL
2016-03-19T17:11:23.000000;2016-03-19T17:11:24.160000;61606153-73d3-41d2-b9f1-f0465953c1dc;10.75;9.3632;SELL
2016-03-19T17:11:26.000000;2016-03-19T17:11:27.467000;525adfa0-b28f-4253-99c0-77b9b79af4c9;10.75;33.1;BUY
2016-03-19T17:18:53.000000;2016-03-19T17:18:54.087000;dc826bf1-107b-4b06-9211-ea0f3b5e1b4f;10.858;4.79984432;BUY
2016-03-19T17:18:53.000000;2016-03-19T17:18:54.090000;613d2c54-19e1-4923-a460-27145667887a;10.858;4.79984432;BUY
2016-03-19T17:18:53.000000;2016-03-19T17:18:54.093000;b5b35c70-4e68-4d8b-b7a6-2fd119af1465;10.859;4.79984432;BUY
2016-03-19T17:18:53.000000;2016-03-19T17:18:54.130000;79e1343d-4d5d-45d7-b0af-3bd05f5372fb;10.9;2.472621;BUY
2016-03-19T17:18:53.000000;2016-03-19T17:18:54.130000;9bb4b998-f966-4e31-a119-634af34dcaf6;10.949;21.25010179;BUY
2016-03-19T17:54:28.000000;2016-03-19T17:54:28.627000;f9e97f8a-431c-448c-aa77-6e8a251042b3;10.83;3.0;SELL
2016-03-19T18:03:36.000000;2016-03-19T18:03:36.257000;13175003-b2ee-4c7d-b80c-10a58f46af18;10.83;0.084;BUY
2016-03-19T18:08:38.000000;2016-03-19T18:08:38.780000;49fd6aa1-c5db-459c-bd74-139acfd97d8b;10.83;0.588;SELL
2016-03-19T18:10:05.000000;2016-03-19T18:10:05.730000;df3d63eb-47c4-47bf-98de-8cfc6c89cc68;10.8;1.0;SELL
2016-03-19T18:13:11.000000;2016-03-19T18:13:11.383000;00b042c7-6089-46e8-a14d-0b042aecc023;10.8;7.36;SELL
2016-03-19T18:14:41.000000;2016-03-19T18:14:41.997000;decfc786-10cc-40ef-9ef5-00a9e056f08e;10.8;1.64;SELL
2016-03-19T18:14:52.000000;2016-03-19T18:14:53.000000;3f18e866-37fb-48eb-95f1-2622536a1cdd;10.756;2.502128;SELL
2016-03-19T18:14:57.000000;2016-03-19T18:14:58.220000;f0a09bce-d8c0-4b24-b3c5-acead45f3d60;10.723;2.07930506;SELL
