time_exchange;time_coinpai;guid;price;base_amount;taker_side
2016-03-19T00:00:47.000000;2016-03-19T00:00:47.000000;5edbba3b-4edf-4176-8550-78c178f396b4;407.5;0.31637904;UNKNOWN
2016-03-19T00:00:48.000000;2016-03-19T00:00:48.000000;07fcf40d-8e2c-4b72-a28c-3735fa432ecd;407.5;0.31618993;UNKNOWN
2016-03-19T00:00:52.000000;2016-03-19T00:00:52.000000;3b435f01-11f5-4464-a707-cc6c701c222a;407.5;0.31618976;UNKNOWN
2016-03-19T00:00:53.000000;2016-03-19T00:00:53.000000;f712fb95-877c-4ab8-90b2-942f66a9e282;407.5;0.1990183;UNKNOWN
2016-03-19T00:00:54.000000;2016-03-19T00:00:54.000000;7f504d7d-d968-496a-a999-a6f238c9c3d9;407.5;0.20782344;UNKNOWN
2016-03-19T00:00:57.000000;2016-03-19T00:00:57.000000;0464944c-b5f6-4cbf-902d-c3d781badec5;407.5;0.1990183;UNKNOWN
2016-03-19T00:00:57.000000;2016-03-19T00:00:57.000000;f91dd070-0bdf-44c5-b9fb-e78e758b63ca;407.5;0.20782344;UNKNOWN
2016-03-19T00:01:15.000000;2016-03-19T00:01:15.000000;782ebde0-8167-4f83-b7fa-36b26850b9a1;407.5;0.09669309;UNKNOWN
2016-03-19T00:01:15.000000;2016-03-19T00:01:15.000000;011c370d-b699-4b40-b45d-8bb8c2e9b1ce;407.5;0.24157506;UNKNOWN
2016-03-19T00:01:34.000000;2016-03-19T00:01:34.000000;44d4dfe8-aa99-4305-8c85-8ee3270e13c7;407.5;0.11855128;UNKNOWN
2016-03-19T00:01:38.000000;2016-03-19T00:01:38.000000;7e637566-f484-4ffa-b74e-b70980c9f51c;407.5;0.11855128;UNKNOWN
2016-03-19T00:01:41.000000;2016-03-19T00:01:41.000000;511fc291-06bf-40b5-9063-16b409d6a617;407.5;0.05185647;UNKNOWN
2016-03-19T00:01:43.000000;2016-03-19T00:01:43.000000;12702a2b-a2e8-46d0-a906-69f05bb1468b;407.5;0.12360596;UNKNOWN
2016-03-19T00:01:43.000000;2016-03-19T00:01:43.000000;c852b1ec-d3fc-4441-a73c-9374a8ef1dc0;407.5;0.05185647;UNKNOWN
2016-03-19T00:01:46.000000;2016-03-19T00:01:46.000000;f0dbf975-1666-467f-818d-8d958370c86a;407.5;0.0477581;UNKNOWN
2016-03-19T00:01:47.000000;2016-03-19T00:01:47.000000;0c471034-635a-4881-bb4e-90b376134643;407.5;0.12360596;UNKNOWN
2016-03-19T00:01:50.000000;2016-03-19T00:01:50.000000;ed2b53a8-32d2-4126-8669-115aa6cef292;407.5;0.15989197;UNKNOWN
2016-03-19T00:01:51.000000;2016-03-19T00:01:51.000000;c6398baf-e266-415e-8462-27f120e7d2ef;407.5;0.11855892;UNKNOWN
2016-03-19T00:01:55.000000;2016-03-19T00:01:55.000000;e66d31fa-611c-4f01-9457-9059b7ce55a5;407.51;0.12215;UNKNOWN
2016-03-19T00:02:29.000000;2016-03-19T00:02:29.000000;d9baad3d-8231-4b18-8225-3b13f47df247;407.5;0.24174971;UNKNOWN
2016-03-19T00:02:29.000000;2016-03-19T00:02:29.000000;32981ba7-69f6-4eb8-86e8-331db573e6fa;407.5;1.526031;UNKNOWN
2016-03-19T00:02:29.000000;2016-03-19T00:02:29.000000;c58fcc9a-9ba8-4b1a-89ee-c7d9cec597f9;407.5;0.16214548;UNKNOWN
2016-03-19T00:02:29.000000;2016-03-19T00:02:29.000000;32f6ad30-83cf-4947-a0b3-b25b057b7486;407.5;0.05009609;UNKNOWN
2016-03-19T00:02:31.000000;2016-03-19T00:02:31.000000;307cd93e-8e57-4a6e-a17a-e114f522c504;407.5;0.21113049;UNKNOWN
2016-03-19T00:02:32.000000;2016-03-19T00:02:32.000000;2eff2e7e-ec3c-494f-97ed-dd3f49721084;407.5;0.01;UNKNOWN
2016-03-19T00:03:15.000000;2016-03-19T00:03:15.000000;e3cfc27f-eee2-4170-ba76-467854ab9b46;407.5;0.08597554;UNKNOWN
2016-03-19T00:03:33.000000;2016-03-19T00:03:33.000000;ec764af9-a14a-4e5b-ba39-1e4cf2328425;407.51;0.77089464;UNKNOWN
2016-03-19T00:03:47.000000;2016-03-19T00:03:47.000000;f153adc7-962a-401b-ad15-cf9e5b84ab6b;407.5;0.23336219;UNKNOWN
2016-03-19T00:04:06.000000;2016-03-19T00:04:06.000000;3534975e-6744-475d-b7a3-8e03e6a72b75;407.51;5.89304464;UNKNOWN
2016-03-19T00:04:06.000000;2016-03-19T00:04:06.000000;cde337e7-d07c-4de7-a932-fe3a62685ed9;407.51;4.10695536;UNKNOWN
2016-03-19T00:06:43.000000;2016-03-19T00:06:43.000000;e11e0784-8fc3-4d38-aca4-f2059768ebfc;407.73;0.11988098;UNKNOWN
2016-03-19T00:08:35.000000;2016-03-19T00:08:35.000000;b8851e16-2f20-4158-aec5-481a282b8ef0;407.68;0.04914938;UNKNOWN
2016-03-19T00:10:03.000000;2016-03-19T00:10:03.000000;7193d19a-8be3-442a-b216-f8b1d4186533;407.68;0.16;UNKNOWN
2016-03-19T00:10:15.000000;2016-03-19T00:10:15.000000;0a0acf8b-8022-4b1b-ab2f-9f7691f8d205;407.7;0.31622383;UNKNOWN
2016-03-19T00:10:16.000000;2016-03-19T00:10:16.000000;d5dc0d03-35cc-434f-81bc-a71986aa6e58;407.7;0.31622384;UNKNOWN
2016-03-19T00:10:16.000000;2016-03-19T00:10:16.000000;ae3e43c9-3670-47e3-a372-29b5ab3c369f;407.7;0.22050466;UNKNOWN
2016-03-19T00:10:16.000000;2016-03-19T00:10:16.000000;7acf6033-a01c-428a-9bc2-e5c825fae8b5;407.7;0.11423789;UNKNOWN
2016-03-19T00:10:16.000000;2016-03-19T00:10:16.000000;9b10d128-9c06-4b6a-b7e1-aa9beb0289ee;407.7;0.02876147;UNKNOWN
2016-03-19T00:10:17.000000;2016-03-19T00:10:17.000000;ab5682fc-a0f8-4e85-a458-c0d94ba5db03;407.7;0.20668454;UNKNOWN
2016-03-19T00:10:17.000000;2016-03-19T00:10:17.000000;e4359295-afc8-4cc3-a096-2c2a76e29986;407.7;0.31622384;UNKNOWN
2016-03-19T00:10:20.000000;2016-03-19T00:10:20.000000;abde47c7-fa9b-458b-b919-094544ed7699;407.7;0.20668454;UNKNOWN
2016-03-19T00:11:21.000000;2016-03-19T00:11:21.000000;c0802970-0cd8-4056-a77b-0cf314dce4d0;407.7;0.08428236;UNKNOWN
2016-03-19T00:11:35.000000;2016-03-19T00:11:35.000000;38079054-5523-4968-9da6-d72c89a11867;407.7;1.0;UNKNOWN
2016-03-19T00:12:06.000000;2016-03-19T00:12:06.000000;31fc024a-b941-4e9d-b0d2-225df8e32e3b;407.69;0.15193398;UNKNOWN
2016-03-19T00:12:06.000000;2016-03-19T00:12:06.000000;8aafab17-3541-465f-9ee3-b06a26aa6e35;407.69;0.244;UNKNOWN
2016-03-19T00:12:20.000000;2016-03-19T00:12:20.000000;dd083202-aaea-4bc0-a20c-c72bfda3881c;407.69;0.09206602;UNKNOWN
2016-03-19T00:12:20.000000;2016-03-19T00:12:20.000000;0e5ad548-3dd8-44f8-b8dc-9dc1421ea930;407.69;0.14944487;UNKNOWN
2016-03-19T00:13:34.000000;2016-03-19T00:13:34.000000;86c11f5b-0d31-49ec-9b7a-11b16baa9bdc;407.7;2.19017303;UNKNOWN
2016-03-19T00:13:34.000000;2016-03-19T00:13:34.000000;62ccb0ea-d17e-40d4-b35e-6c5687e68ddb;407.99;74.42290795;UNKNOWN
2016-03-19T00:13:34.000000;2016-03-19T00:13:34.000000;041f24e6-eb49-40c9-a667-8abe18016699;407.73;5.93691902;UNKNOWN
2016-03-19T00:13:34.000000;2016-03-19T00:13:34.000000;ca27d9ff-5270-482f-bdb7-66150fa698d7;407.7;14.45;UNKNOWN
2016-03-19T00:14:03.000000;2016-03-19T00:14:03.000000;4ab99f40-b899-4d3d-ace9-0987339c36d8;407.88;0.06663765;UNKNOWN
2016-03-19T00:14:49.000000;2016-03-19T00:14:49.000000;9e207289-4cf0-412d-9be9-13c28d7e3596;407.85;1.98675102;UNKNOWN
2016-03-19T00:14:49.000000;2016-03-19T00:14:49.000000;705a1294-6875-4867-adaa-b24273078b6b;407.86;0.5;UNKNOWN
2016-03-19T00:14:49.000000;2016-03-19T00:14:49.000000;12e59cc6-c79e-4dbb-8b1e-7ff1d95203b0;407.86;3.0;UNKNOWN
2016-03-19T00:15:17.000000;2016-03-19T00:15:17.000000;b4ca00ee-9fd6-4bae-bdad-de9bd1f48ae2;407.72;0.854404;UNKNOWN
2016-03-19T00:16:02.000000;2016-03-19T00:16:02.000000;fda53ccc-9b14-461a-8268-01b0360874c0;407.8;0.5;UNKNOWN
2016-03-19T00:16:26.000000;2016-03-19T00:16:26.000000;b1f39bf2-c4c6-4a45-9d23-7e26e72cdb33;407.69;0.1;UNKNOWN
2016-03-19T00:16:28.000000;2016-03-19T00:16:28.000000;dde95c2e-fd03-4276-ba3d-9428578e7b40;407.7;0.443257;UNKNOWN
2016-03-19T00:17:17.000000;2016-03-19T00:17:17.000000;7efc839f-2780-43e8-bdc6-822b056e14a9;407.69;0.08465147;UNKNOWN
2016-03-19T00:17:40.000000;2016-03-19T00:17:40.000000;283b9051-9614-410e-9fd6-449cd9a9004c;407.69;1.0;UNKNOWN
2016-03-19T00:17:46.000000;2016-03-19T00:17:46.000000;b77aaf30-385d-4140-bc52-5cc4ee293bb9;407.7;0.12215;UNKNOWN
2016-03-19T00:18:01.000000;2016-03-19T00:18:01.000000;73432720-f162-4bfb-8e7a-a826d7381792;407.69;1.133;UNKNOWN
2016-03-19T00:18:03.000000;2016-03-19T00:18:03.000000;c9050d2a-d3a9-4064-89cd-4857f6e64576;407.69;0.244;UNKNOWN
2016-03-19T00:18:03.000000;2016-03-19T00:18:03.000000;92fcb059-5a9d-4960-9ef6-125a906b4f50;407.69;0.244;UNKNOWN
2016-03-19T00:18:03.000000;2016-03-19T00:18:03.000000;e4eb8649-1786-45be-9199-ee1722b80956;407.69;0.244;UNKNOWN
2016-03-19T00:18:03.000000;2016-03-19T00:18:03.000000;ebedad80-5e66-45ba-8d02-fcaaeeb455f9;407.69;0.305;UNKNOWN
2016-03-19T00:18:03.000000;2016-03-19T00:18:03.000000;4452c3c6-dadb-436b-a931-565620661543;407.69;9.64534853;UNKNOWN
2016-03-19T00:18:03.000000;2016-03-19T00:18:03.000000;63827a1c-7bff-422d-8295-5577f762e4ec;407.69;0.245;UNKNOWN
2016-03-19T00:18:03.000000;2016-03-19T00:18:03.000000;3b4a2f1c-6843-4b7a-a5c9-e477daf8f4ac;407.69;0.244;UNKNOWN
2016-03-19T00:18:03.000000;2016-03-19T00:18:03.000000;7965d4d9-e949-4d6f-858d-b602d7f91e65;407.69;13.007;UNKNOWN
2016-03-19T00:18:03.000000;2016-03-19T00:18:03.000000;7a6f0f06-f051-4965-b22e-615897fc50ff;407.69;0.244;UNKNOWN
2016-03-19T00:18:03.000000;2016-03-19T00:18:03.000000;ceb59502-e5a7-4ce0-a531-0cb75ab318a9;407.69;0.244;UNKNOWN
2016-03-19T00:18:03.000000;2016-03-19T00:18:03.000000;4547bfc0-7e0b-4257-9b65-2028fd6b1ee3;407.69;0.244;UNKNOWN
2016-03-19T00:18:07.000000;2016-03-19T00:18:07.000000;56e8609d-7d31-424b-9c01-48d43f185e53;407.67;1.0;UNKNOWN
2016-03-19T00:18:30.000000;2016-03-19T00:18:30.000000;a944212f-f881-46a5-8131-43f2c54a8fdf;407.55;0.21576;UNKNOWN
2016-03-19T00:18:43.000000;2016-03-19T00:18:43.000000;7f96a409-743b-458f-a3c6-0bc7aa00488a;407.55;1.133;UNKNOWN
2016-03-19T00:18:44.000000;2016-03-19T00:18:44.000000;6435176f-e577-446a-a698-5b4af92b287c;407.7;0.49;UNKNOWN
2016-03-19T00:18:50.000000;2016-03-19T00:18:50.000000;e752e5a8-0d9e-4a01-bd84-c9880c6a84c0;407.56;1.133;UNKNOWN
2016-03-19T00:19:08.000000;2016-03-19T00:19:08.000000;d1ef47c2-cd53-4230-9163-59549e8a437f;407.55;1.133;UNKNOWN
2016-03-19T00:19:16.000000;2016-03-19T00:19:16.000000;c03f9907-8cfd-495a-97c0-3950c98b67c2;407.55;0.33883132;UNKNOWN
2016-03-19T00:19:23.000000;2016-03-19T00:19:23.000000;767ea5ca-0090-4f1a-8f3e-83df0f1f0352;407.55;1.133;UNKNOWN
2016-03-19T00:19:34.000000;2016-03-19T00:19:34.000000;1d91b2d9-644b-43ef-b9d5-4aa4f318b073;407.55;10.0;UNKNOWN
2016-03-19T00:19:36.000000;2016-03-19T00:19:36.000000;758ad502-f133-4ddf-83a6-8bd3d4e92729;407.51;1.133;UNKNOWN
2016-03-19T00:20:11.000000;2016-03-19T00:20:11.000000;772d6eb6-d51d-40f2-bb3d-c66f45d18071;407.55;0.245;UNKNOWN
2016-03-19T00:20:11.000000;2016-03-19T00:20:11.000000;f4f2b3e2-e79c-4087-ad12-d8ba74e9ec1d;407.55;0.00111977;UNKNOWN
2016-03-19T00:20:11.000000;2016-03-19T00:20:11.000000;22d4af1f-e8de-4d0b-80cc-ed48059b13f4;407.55;0.245;UNKNOWN
2016-03-19T00:20:11.000000;2016-03-19T00:20:11.000000;61669c6a-d249-45c3-b6fd-db48bc82cdbc;407.55;0.245;UNKNOWN
2016-03-19T00:20:11.000000;2016-03-19T00:20:11.000000;f841fec9-a323-49f1-a0af-c6061c0ff481;407.55;0.246;UNKNOWN
2016-03-19T00:20:12.000000;2016-03-19T00:20:12.000000;b5cd0e8f-1597-4918-aed9-a9a12e8c6d50;407.55;0.041318;UNKNOWN
2016-03-19T00:20:16.000000;2016-03-19T00:20:16.000000;a00c96a1-2bb8-4e7f-aef2-2ad1eef2e5e9;407.55;0.245;UNKNOWN
2016-03-19T00:20:16.000000;2016-03-19T00:20:16.000000;735bb5f0-0381-43ae-afdd-dfe642858afc;407.55;0.13443777;UNKNOWN
2016-03-19T00:20:16.000000;2016-03-19T00:20:16.000000;ff9f040b-c804-42fc-9ed5-b68d8cdb53a2;407.55;0.20256223;UNKNOWN
2016-03-19T00:20:16.000000;2016-03-19T00:20:16.000000;5c4dfda2-525b-4630-bea3-4681426c5091;407.55;0.306;UNKNOWN
2016-03-19T00:20:16.000000;2016-03-19T00:20:16.000000;aab4b723-fd74-45aa-b4a3-7b8d3b596052;407.55;0.245;UNKNOWN
2016-03-19T00:20:30.000000;2016-03-19T00:20:30.000000;a76c936e-80b7-400b-999f-988c20e5121a;407.55;0.11056223;UNKNOWN
2016-03-19T00:20:30.000000;2016-03-19T00:20:30.000000;1e2f06f9-e443-4fc0-9493-abacdc0b4846;407.55;0.88943777;UNKNOWN
2016-03-19T00:20:36.000000;2016-03-19T00:20:36.000000;7255e784-7548-43e6-9a65-9972aee71f02;407.55;0.01447525;UNKNOWN
2016-03-19T00:20:37.000000;2016-03-19T00:20:37.000000;10f114b5-f76a-43d9-b156-a9c80610125c;407.55;0.11097692;UNKNOWN
2016-03-19T00:20:37.000000;2016-03-19T00:20:37.000000;afdfd7af-130c-4dae-ab7c-b203091f8c80;407.55;0.31664947;UNKNOWN
2016-03-19T00:20:45.000000;2016-03-19T00:20:45.000000;12cc5f9a-d555-4c6c-96e6-16db058536bf;407.55;0.0859789;UNKNOWN
2016-03-19T00:20:46.000000;2016-03-19T00:20:46.000000;1f44f357-9eea-4ec0-bb7b-f9fdbcc9c3c8;407.55;0.0112156;UNKNOWN
2016-03-19T00:21:08.000000;2016-03-19T00:21:08.000000;46298f58-d9b2-480e-9068-ca404ac63381;407.55;1.09023325;UNKNOWN
2016-03-19T00:21:34.000000;2016-03-19T00:21:34.000000;af9747d3-3c11-40ff-bcbe-321ecba80b1f;407.53;0.7345;UNKNOWN
2016-03-19T00:21:53.000000;2016-03-19T00:21:53.000000;9a50fb7c-7a9e-4a8d-aea8-faeec397c627;407.51;0.159419;UNKNOWN
2016-03-19T00:22:03.000000;2016-03-19T00:22:03.000000;16e45296-91d3-40c8-8ffe-08cbd439293b;407.51;0.289178;UNKNOWN
2016-03-19T00:22:05.000000;2016-03-19T00:22:05.000000;e03d7273-9bce-468d-8e2b-35ea353ac1e4;407.51;0.2;UNKNOWN
2016-03-19T00:22:07.000000;2016-03-19T00:22:07.000000;8b06b7f7-a4a0-469d-be45-767f43ab54cc;407.68;0.14763253;UNKNOWN
2016-03-19T00:22:19.000000;2016-03-19T00:22:19.000000;270a03bf-8185-4865-baf3-91ff7947fada;407.68;0.10654251;UNKNOWN
2016-03-19T00:22:19.000000;2016-03-19T00:22:19.000000;3b388f6d-9227-4824-a2f7-25d2154be0c5;407.55;0.28131198;UNKNOWN
2016-03-19T00:22:36.000000;2016-03-19T00:22:36.000000;0873671a-8d3b-4f2c-a097-34bba9657b6f;407.55;0.171129;UNKNOWN
2016-03-19T00:22:51.000000;2016-03-19T00:22:51.000000;ec1e89b4-df56-4b37-8bad-59364a1bf93b;407.55;1.22807125;UNKNOWN
2016-03-19T00:24:14.000000;2016-03-19T00:24:14.000000;bd179396-bd1d-4a98-b2ff-dd871c0535fa;407.79;6.0917;UNKNOWN
2016-03-19T00:24:14.000000;2016-03-19T00:24:14.000000;b49e9567-3295-42a3-a246-1a93c73d6984;407.69;4.8609457;UNKNOWN
2016-03-19T00:24:14.000000;2016-03-19T00:24:14.000000;87c4d83c-7059-427b-996b-cacecd04dc77;407.8;94.9;UNKNOWN
2016-03-19T00:24:14.000000;2016-03-19T00:24:14.000000;ede415d5-4f55-42b4-944b-4e03f8563d47;407.99;233.5473543;UNKNOWN
2016-03-19T00:24:14.000000;2016-03-19T00:24:14.000000;31d3a3ca-de68-4c88-b7db-07ea122a47e6;407.8;4.5;UNKNOWN
2016-03-19T00:24:14.000000;2016-03-19T00:24:14.000000;2b4f2f60-265e-43cd-851e-1bf96d5a81b7;407.8;0.1;UNKNOWN
2016-03-19T00:24:22.000000;2016-03-19T00:24:22.000000;bba25378-2be0-4860-9a58-be087a5688c2;407.99;0.13498943;UNKNOWN
2016-03-19T00:24:22.000000;2016-03-19T00:24:22.000000;c6180b53-72a7-4185-84c6-fde18d05d1b0;407.99;90.43661626;UNKNOWN
2016-03-19T00:24:39.000000;2016-03-19T00:24:39.000000;857c5a1f-19f9-4f6e-92cc-d0d6c26baa1e;408.15;2.85953724;UNKNOWN
2016-03-19T00:24:51.000000;2016-03-19T00:24:51.000000;45ad60f6-e2cf-4901-b441-645bb9fbc58c;408.18;0.14245626;UNKNOWN
2016-03-19T00:26:19.000000;2016-03-19T00:26:19.000000;261ce624-bb03-402a-a4bc-f411ee62dc5c;408.3;0.724;UNKNOWN
2016-03-19T00:28:19.000000;2016-03-19T00:28:19.000000;0645e475-bcc3-4cc4-8f7b-b38258242e0f;408.3;0.11850921;UNKNOWN
2016-03-19T00:28:28.000000;2016-03-19T00:28:28.000000;b1f72495-35b7-44b4-9158-5337cd626402;407.97;6.91226712;UNKNOWN
2016-03-19T00:28:28.000000;2016-03-19T00:28:28.000000;6cf73e7b-151a-48fb-8cad-83ec895d68ed;408.3;5.19879079;UNKNOWN
2016-03-19T00:29:08.000000;2016-03-19T00:29:08.000000;69fd99ba-1379-4c3d-94ad-90523d85620d;407.88;0.28982481;UNKNOWN
2016-03-19T00:29:15.000000;2016-03-19T00:29:15.000000;5204ca7a-8317-437f-b871-c4ec8f8ff355;407.9;0.01898565;UNKNOWN
2016-03-19T00:33:17.000000;2016-03-19T00:33:17.000000;c30a65b4-3363-408e-af1d-c36d446844e0;407.96;0.11845219;UNKNOWN
2016-03-19T00:33:47.000000;2016-03-19T00:33:47.000000;ce55348d-f18a-4abd-aba0-cd94f2d710c0;407.99;0.5;UNKNOWN
2016-03-19T00:34:19.000000;2016-03-19T00:34:19.000000;22944b5a-8d5c-4e84-ba91-25e5b80043f2;407.99;1.283966;UNKNOWN
2016-03-19T00:34:35.000000;2016-03-19T00:34:35.000000;09bfcddf-781b-450e-b12b-4ae2abec5aef;407.99;0.20610866;UNKNOWN
2016-03-19T00:37:02.000000;2016-03-19T00:37:02.000000;17c685e3-a120-493f-8a5c-1b078b91d804;407.99;0.244;UNKNOWN
2016-03-19T00:37:02.000000;2016-03-19T00:37:02.000000;42dfc082-6f9c-4a68-b03e-a2b25564c50d;407.99;0.244;UNKNOWN
2016-03-19T00:37:02.000000;2016-03-19T00:37:02.000000;11402e48-e58a-4453-8c5a-6da638b6ff00;407.99;0.244;UNKNOWN
2016-03-19T00:37:02.000000;2016-03-19T00:37:02.000000;ba641cde-f095-46c2-aadb-ae14ee0b83a4;407.99;0.195;UNKNOWN
2016-03-19T00:37:02.000000;2016-03-19T00:37:02.000000;454a84e7-fd4e-4842-83a0-a884af3376ec;407.99;0.18007466;UNKNOWN
2016-03-19T00:37:02.000000;2016-03-19T00:37:02.000000;89ae881a-f990-48b6-929a-ba7d77a1b692;407.99;0.244;UNKNOWN
2016-03-19T00:37:02.000000;2016-03-19T00:37:02.000000;5039dfa3-1936-4858-86bf-900a57390783;407.99;0.244;UNKNOWN
2016-03-19T00:37:02.000000;2016-03-19T00:37:02.000000;c92659b7-5ebf-4a4b-80e7-7a753b35afd4;407.99;3.00992534;UNKNOWN
2016-03-19T00:37:02.000000;2016-03-19T00:37:02.000000;5c2ebd62-2191-4cbf-9dc0-0d2c6dfc1e9e;407.99;0.245;UNKNOWN
2016-03-19T00:38:32.000000;2016-03-19T00:38:32.000000;88d387d6-0e97-4b4f-aefa-66c5187c7452;407.9;6.0745;UNKNOWN
2016-03-19T00:38:36.000000;2016-03-19T00:38:36.000000;9dbbc11c-fce3-461d-b775-4dc5e4e4559b;407.9;0.084527;UNKNOWN
2016-03-19T00:38:48.000000;2016-03-19T00:38:48.000000;c569525d-cd54-4c18-ba13-0624b1eee342;407.9;6.0743;UNKNOWN
2016-03-19T00:39:04.000000;2016-03-19T00:39:04.000000;70f522aa-e913-4c00-83b6-331133e64078;407.9;6.0832;UNKNOWN
2016-03-19T00:39:20.000000;2016-03-19T00:39:20.000000;2f21c7ab-4a25-4c3a-8251-fda2bf305126;407.9;6.0507;UNKNOWN
2016-03-19T00:39:37.000000;2016-03-19T00:39:37.000000;fa1e5b78-fe06-44e8-b93b-c2834eaeec3a;407.9;0.54312153;UNKNOWN
2016-03-19T00:40:08.000000;2016-03-19T00:40:08.000000;d1f58aae-2f20-4f48-8186-c14942417a7a;407.83;0.5;UNKNOWN
2016-03-19T00:40:08.000000;2016-03-19T00:40:08.000000;f745403e-b1bf-4ad7-83bc-e2fb18ef2798;407.83;1.4082948;UNKNOWN
2016-03-19T00:40:08.000000;2016-03-19T00:40:08.000000;2163c496-aebf-4d41-aa62-499887fd73bb;407.75;3.0917052;UNKNOWN
2016-03-19T00:42:02.000000;2016-03-19T00:42:02.000000;3a5c4c1f-e725-448b-a1fb-23b356bbbed6;407.75;0.010684;UNKNOWN
2016-03-19T00:42:59.000000;2016-03-19T00:42:59.000000;a870dd4a-ec91-4ab9-833e-8b7661515219;407.75;0.34406;UNKNOWN
2016-03-19T00:43:05.000000;2016-03-19T00:43:05.000000;2539b119-00bd-49a4-b883-e690e20a9182;407.88;0.23886351;UNKNOWN
2016-03-19T00:43:05.000000;2016-03-19T00:43:05.000000;90448faf-8252-4b7e-8386-0597fe71efe1;407.88;0.5;UNKNOWN
2016-03-19T00:43:27.000000;2016-03-19T00:43:27.000000;35f86e6b-04a7-4005-b21f-3e6483a87a06;407.87;0.5;UNKNOWN
2016-03-19T00:43:43.000000;2016-03-19T00:43:43.000000;3c322b2d-e4f9-4c5c-8e43-83adbec75c31;407.74;0.010329;UNKNOWN
2016-03-19T00:43:49.000000;2016-03-19T00:43:49.000000;601be392-ebd6-476d-b554-df455fb6cc74;407.74;0.020032;UNKNOWN
2016-03-19T00:45:08.000000;2016-03-19T00:45:08.000000;6b3c5421-f43c-4544-be78-41fe9eb46fb4;407.52;0.03603416;UNKNOWN
2016-03-19T00:45:08.000000;2016-03-19T00:45:08.000000;0b79c17d-8c92-4930-9b51-8580e364c7cd;407.5;2.66456273;UNKNOWN
2016-03-19T00:45:08.000000;2016-03-19T00:45:08.000000;123e1cbc-347e-430f-a8cf-c658a661ec1d;407.52;6.0873;UNKNOWN
2016-03-19T00:45:08.000000;2016-03-19T00:45:08.000000;68ea87b5-fbf8-4e46-b83e-2b26b964ecac;407.51;1.0;UNKNOWN
2016-03-19T00:45:08.000000;2016-03-19T00:45:08.000000;1d9dbc2c-f8a2-4be4-adbc-93ad06faba05;407.01;9.98415911;UNKNOWN
2016-03-19T00:45:08.000000;2016-03-19T00:45:08.000000;e4042038-513f-4ccc-bf68-0078b231bd46;407.11;13.1614;UNKNOWN
2016-03-19T00:45:08.000000;2016-03-19T00:45:08.000000;22a01a16-ac72-4c93-b7f7-8fd4a5c06d1a;407.63;0.066544;UNKNOWN
2016-03-19T00:45:12.000000;2016-03-19T00:45:12.000000;ebe7b0ef-4fc3-45f3-888a-95121ec165db;407.66;0.06541495;UNKNOWN
2016-03-19T00:45:14.000000;2016-03-19T00:45:14.000000;b7ba4ca9-e342-413d-953d-4b367749a320;407.65;0.03602179;UNKNOWN
2016-03-19T00:45:15.000000;2016-03-19T00:45:15.000000;40f72370-a846-4d5a-a1a9-b0c6c160fda4;407.22;0.03602267;UNKNOWN
2016-03-19T00:45:16.000000;2016-03-19T00:45:16.000000;0daf03f5-efc8-42e9-a49b-ad8707ee60cb;407.0;2.9460068;UNKNOWN
2016-03-19T00:45:16.000000;2016-03-19T00:45:16.000000;4f97e9d0-786a-4663-9520-18dfa2bc0774;407.01;0.0242932;UNKNOWN
2016-03-19T00:45:16.000000;2016-03-19T00:45:16.000000;8f5d0aa0-b14b-478c-80bd-850fffa8afbd;407.0;1.0297;UNKNOWN
2016-03-19T00:45:16.000000;2016-03-19T00:45:16.000000;b4d6db17-f42e-4e49-95a0-1306488dd374;407.22;0.0117676;UNKNOWN
2016-03-19T00:45:18.000000;2016-03-19T00:45:18.000000;5d741802-4b1d-4920-8323-9bf28874fa04;407.22;0.01284079;UNKNOWN
2016-03-19T00:45:23.000000;2016-03-19T00:45:23.000000;fd9a13c6-fc3b-4d5f-9a6e-0dda91a61890;407.01;3.4;UNKNOWN
2016-03-19T00:45:27.000000;2016-03-19T00:45:27.000000;0bdf8568-c550-4aad-a025-8300ac3aad57;407.01;0.012171;UNKNOWN
2016-03-19T00:45:38.000000;2016-03-19T00:45:38.000000;f0890f20-4945-4f67-b7b1-2b037f6bb660;406.69;1.2;UNKNOWN
2016-03-19T00:46:19.000000;2016-03-19T00:46:19.000000;3e834330-7669-4fa3-9fc2-0e9bf1e647d4;406.66;6.1281;UNKNOWN
2016-03-19T00:46:19.000000;2016-03-19T00:46:19.000000;97d15f47-7a58-4c54-9529-3f047e0aaedc;406.54;6.3826;UNKNOWN
2016-03-19T00:46:19.000000;2016-03-19T00:46:19.000000;0e01b188-8a30-49f8-b009-e90837799331;406.66;27.2547;UNKNOWN
2016-03-19T00:46:19.000000;2016-03-19T00:46:19.000000;65d562d6-2446-4e58-bfb8-4175d7232cd1;406.58;0.1846;UNKNOWN
2016-03-19T00:46:19.000000;2016-03-19T00:46:19.000000;49779c9e-b38e-4d2d-bad6-f0243f4b115f;406.63;0.05;UNKNOWN
2016-03-19T00:46:41.000000;2016-03-19T00:46:41.000000;f73e199c-0fb1-4cb0-a76e-28a465c3f999;406.5;0.056218;UNKNOWN
2016-03-19T00:46:42.000000;2016-03-19T00:46:42.000000;5359ee9d-abb1-440e-9451-3aa9471b4518;406.99;1.2;UNKNOWN
2016-03-19T00:46:42.000000;2016-03-19T00:46:42.000000;b255c62b-dd5f-4153-9d0a-cbe4378c9d48;406.5;0.62917863;UNKNOWN
2016-03-19T00:46:47.000000;2016-03-19T00:46:47.000000;7aa95c62-51b4-46fd-9ae7-73720bd60d66;406.51;9.5;UNKNOWN
2016-03-19T00:46:47.000000;2016-03-19T00:46:47.000000;8ca2cea9-2c17-4e15-99e0-273bb0907e26;406.51;1.74168058;UNKNOWN
2016-03-19T00:47:15.000000;2016-03-19T00:47:15.000000;b0d6a94f-be6c-4354-a40e-4a041c1af97c;406.62;0.05;UNKNOWN
2016-03-19T00:47:15.000000;2016-03-19T00:47:15.000000;500d92e5-cb25-4886-ad50-31a6675fe016;406.5;0.93138044;UNKNOWN
2016-03-19T00:47:16.000000;2016-03-19T00:47:16.000000;e221a827-8d03-4309-92a8-0895ead790e3;406.5;0.4832551;UNKNOWN
2016-03-19T00:47:23.000000;2016-03-19T00:47:23.000000;10b54fdb-eebf-4014-8966-b6dfd27cfdb9;406.62;0.22989531;UNKNOWN
2016-03-19T00:47:23.000000;2016-03-19T00:47:23.000000;55b14c65-5d7b-4f84-a63d-a11e7ec092c0;406.62;0.05;UNKNOWN
2016-03-19T00:47:31.000000;2016-03-19T00:47:31.000000;7b56324e-3518-4544-ba36-295de3bd944a;406.63;0.244648;UNKNOWN
2016-03-19T00:48:06.000000;2016-03-19T00:48:06.000000;d775ed77-bbb5-4142-9d32-f6a2f6330c5a;406.75;0.037;UNKNOWN
2016-03-19T00:48:06.000000;2016-03-19T00:48:06.000000;665457f6-cf5e-4fb9-8cde-080bb54ee9fa;406.68;0.01;UNKNOWN
2016-03-19T00:49:27.000000;2016-03-19T00:49:27.000000;ceedacbb-a5d6-4be1-bade-97e8e2c2ab34;406.69;0.1;UNKNOWN
2016-03-19T00:49:57.000000;2016-03-19T00:49:57.000000;a5933881-22e7-4e3b-ae8f-c40b40fa52da;406.75;0.21025107;UNKNOWN
2016-03-19T00:50:37.000000;2016-03-19T00:50:37.000000;7f8b5260-cd17-4a11-b366-a4a74c766748;406.75;0.04775554;UNKNOWN
2016-03-19T00:50:37.000000;2016-03-19T00:50:37.000000;59f01b58-861c-43f3-a144-925c3a23936c;406.75;0.04775554;UNKNOWN
2016-03-19T00:50:39.000000;2016-03-19T00:50:39.000000;5d839a6e-634c-43ea-bec9-342a3f086a49;406.75;0.04775554;UNKNOWN
2016-03-19T00:50:56.000000;2016-03-19T00:50:56.000000;71928d3a-1159-4a10-8541-5455315fdc37;406.75;0.13111633;UNKNOWN
2016-03-19T00:50:58.000000;2016-03-19T00:50:58.000000;25695e44-ea43-4591-9362-8b4e5b81a5ee;406.75;0.13111633;UNKNOWN
2016-03-19T00:50:59.000000;2016-03-19T00:50:59.000000;355250a7-c3e6-4b66-8cfb-3d28cf813687;406.72;0.02461276;UNKNOWN
2016-03-19T00:51:52.000000;2016-03-19T00:51:52.000000;0c3bc0de-6a52-4923-94b5-d4bf515ae766;406.75;0.02658143;UNKNOWN
2016-03-19T00:53:44.000000;2016-03-19T00:53:44.000000;dedaca3f-15ee-4239-a02b-ca7ed9c43cb1;406.75;0.1;UNKNOWN
2016-03-19T00:54:20.000000;2016-03-19T00:54:20.000000;c52ecfbb-5075-47f7-9fc2-642bbbc87b62;406.71;1.2215;UNKNOWN
2016-03-19T00:55:06.000000;2016-03-19T00:55:06.000000;bc9891da-d9e4-4085-b376-5991493848aa;406.75;0.21130827;UNKNOWN
2016-03-19T00:55:07.000000;2016-03-19T00:55:07.000000;0754edc4-938b-4c82-a16a-30eadcd18411;406.75;0.21130827;UNKNOWN
2016-03-19T00:55:08.000000;2016-03-19T00:55:08.000000;5f9830ec-633d-4867-8b75-d9d803f0b43f;406.75;0.21130827;UNKNOWN
2016-03-19T00:55:09.000000;2016-03-19T00:55:09.000000;e3348883-0a2a-4329-a7b2-8e07255c9ceb;406.75;0.21130827;UNKNOWN
2016-03-19T00:55:10.000000;2016-03-19T00:55:10.000000;7e0e1017-0d7d-4b53-92ff-316d14387703;406.75;0.21130827;UNKNOWN
2016-03-19T00:55:11.000000;2016-03-19T00:55:11.000000;54756495-ff7d-4f1d-9061-7272d7bf47c5;406.75;0.21130827;UNKNOWN
2016-03-19T00:55:13.000000;2016-03-19T00:55:13.000000;ade3f3da-0c5e-4b09-831a-0d727805198f;406.75;0.21130827;UNKNOWN
2016-03-19T00:55:15.000000;2016-03-19T00:55:15.000000;2f76e4b6-a0c7-4c68-846d-54c643f30927;406.75;0.17039012;UNKNOWN
2016-03-19T00:55:18.000000;2016-03-19T00:55:18.000000;65f0f2c7-6fa9-4442-8c44-a71ecb0e450c;406.75;0.02412783;UNKNOWN
2016-03-19T00:55:18.000000;2016-03-19T00:55:18.000000;69875339-9037-48e6-a536-3c89c1ccf183;406.75;0.21130827;UNKNOWN
2016-03-19T00:55:20.000000;2016-03-19T00:55:20.000000;9a7370c0-161d-4212-a5d4-1c3f754d761a;406.75;0.17039012;UNKNOWN
2016-03-19T00:55:30.000000;2016-03-19T00:55:30.000000;1ff1319d-f10d-46b7-8b42-26dbc000a261;406.75;0.17039012;UNKNOWN
2016-03-19T00:56:08.000000;2016-03-19T00:56:08.000000;a539f0de-2a3f-40e1-b28b-c3d61d85fa02;406.75;2.46;UNKNOWN
2016-03-19T00:56:14.000000;2016-03-19T00:56:14.000000;4ff2c3e6-f7fe-468c-8a89-724a7fe2893d;406.76;0.01;UNKNOWN
2016-03-19T00:56:21.000000;2016-03-19T00:56:21.000000;16bee4d7-b54d-4929-8e03-8819571ee2d5;407.74;0.027952;UNKNOWN
2016-03-19T00:56:21.000000;2016-03-19T00:56:21.000000;2e24178d-068a-4fad-8337-236561c0e59e;407.92;0.022048;UNKNOWN
2016-03-19T00:56:49.000000;2016-03-19T00:56:49.000000;8b0db101-e073-4759-b92d-0842bdb1f6c8;407.29;0.15818525;UNKNOWN
2016-03-19T00:56:59.000000;2016-03-19T00:56:59.000000;15e19550-9f56-46de-ac1c-0170b7fd8205;407.29;0.04777543;UNKNOWN
2016-03-19T00:56:59.000000;2016-03-19T00:56:59.000000;46ed13ed-b4ad-4852-a258-9aca6ab10a34;407.29;0.119946;UNKNOWN
2016-03-19T00:58:37.000000;2016-03-19T00:58:37.000000;42376eea-dbea-4ba7-a87f-0ab964e81481;407.37;0.05;UNKNOWN
2016-03-19T00:58:42.000000;2016-03-19T00:58:42.000000;9fe61ccf-b42b-4549-a7e4-d5563103630e;407.35;0.05;UNKNOWN
2016-03-19T00:58:46.000000;2016-03-19T00:58:46.000000;6a628c7d-7e70-46da-b65c-59ef937484e7;407.33;0.05;UNKNOWN
2016-03-19T00:59:17.000000;2016-03-19T00:59:17.000000;3b141a78-f578-4952-bbf2-91c8bb17f584;407.19;2.5;UNKNOWN
2016-03-19T00:59:17.000000;2016-03-19T00:59:17.000000;97218c4f-fe29-4cc5-b3c9-677e173214ce;407.18;3.0;UNKNOWN
2016-03-19T00:59:17.000000;2016-03-19T00:59:17.000000;7e92ada0-e136-4440-a949-3701d01f26b5;407.18;0.5;UNKNOWN
2016-03-19T01:00:23.000000;2016-03-19T01:00:23.000000;187e0101-9794-4d27-a737-188dcef0e5df;407.09;0.077161;UNKNOWN
2016-03-19T01:00:26.000000;2016-03-19T01:00:26.000000;1727c5b3-f515-496a-a709-b9bfd3383ab7;407.11;0.043721;UNKNOWN
2016-03-19T01:00:30.000000;2016-03-19T01:00:30.000000;db2d51cb-ff88-40d2-9d22-54a4483891b2;407.12;0.102273;UNKNOWN
2016-03-19T01:01:23.000000;2016-03-19T01:01:23.000000;1c7314a2-302c-4bff-9b05-6f417ec0bff7;407.05;0.09835672;UNKNOWN
2016-03-19T01:02:09.000000;2016-03-19T01:02:09.000000;da325bd2-2717-4040-827e-083678101944;407.21;0.19994501;UNKNOWN
2016-03-19T01:02:09.000000;2016-03-19T01:02:09.000000;8c15984a-d5eb-49b7-8487-ddfefbb993f5;407.21;0.05005499;UNKNOWN
2016-03-19T01:02:09.000000;2016-03-19T01:02:09.000000;a97b4224-0a2f-4793-a2dc-b0bacbe23a8a;406.98;0.26706094;UNKNOWN
2016-03-19T01:02:09.000000;2016-03-19T01:02:09.000000;d6937d59-7d2c-4063-9ef1-2335d3aeebfa;407.26;0.05;UNKNOWN
2016-03-19T01:02:13.000000;2016-03-19T01:02:13.000000;968d4750-61e5-4e03-96c3-02db34a0be6e;407.21;0.05;UNKNOWN
2016-03-19T01:02:19.000000;2016-03-19T01:02:19.000000;c9ace617-c5e1-42ec-8289-48d05508e134;407.2;0.05;UNKNOWN
2016-03-19T01:02:19.000000;2016-03-19T01:02:19.000000;8ae3ddaf-e7dc-46f2-80ca-b4bc30015ba4;406.99;0.05184529;UNKNOWN
2016-03-19T01:02:22.000000;2016-03-19T01:02:22.000000;3f048fac-0289-4c8b-916b-b866559ddf60;407.0;0.02116342;UNKNOWN
2016-03-19T01:02:51.000000;2016-03-19T01:02:51.000000;5090f32f-1b8e-4f6c-80a0-ed4a48f07c0c;407.12;0.022;UNKNOWN
2016-03-19T01:02:51.000000;2016-03-19T01:02:51.000000;e393b434-e344-4425-a68c-30e1d9c60718;406.96;0.22610036;UNKNOWN
2016-03-19T01:02:51.000000;2016-03-19T01:02:51.000000;372a316d-9217-40b4-9c17-cd805c2383ae;407.13;0.028;UNKNOWN
2016-03-19T01:03:14.000000;2016-03-19T01:03:14.000000;789b12a0-8ade-4872-bb9e-e818760efd37;407.03;0.31706143;UNKNOWN
2016-03-19T01:03:16.000000;2016-03-19T01:03:16.000000;307c7285-b499-4d99-9599-dba80eda3555;407.03;0.31706922;UNKNOWN
2016-03-19T01:03:19.000000;2016-03-19T01:03:19.000000;8eb1436a-24d8-4da4-a6af-d183ac89019d;407.03;0.02029137;UNKNOWN
2016-03-19T01:03:19.000000;2016-03-19T01:03:19.000000;67f75124-d2c6-4a30-b6aa-8e404a40af90;407.15;0.05;UNKNOWN
2016-03-19T01:03:20.000000;2016-03-19T01:03:20.000000;184e8070-409c-43fd-ab39-8f38447b72de;407.03;0.04746258;UNKNOWN
2016-03-19T01:03:26.000000;2016-03-19T01:03:26.000000;7b96852c-57f7-4dbb-803e-27a8e10490df;406.87;0.24423923;UNKNOWN
2016-03-19T01:03:26.000000;2016-03-19T01:03:26.000000;5496d82b-ca03-4218-a7eb-ed8bf2b93dd4;406.87;0.03185729;UNKNOWN
2016-03-19T01:03:27.000000;2016-03-19T01:03:27.000000;bade36d6-1f7d-4996-a494-7a12ebc4ee46;407.03;0.022;UNKNOWN
2016-03-19T01:03:27.000000;2016-03-19T01:03:27.000000;197a665d-9f2e-4559-a6a3-56c79e7bd81e;407.03;0.028;UNKNOWN
2016-03-19T01:03:33.000000;2016-03-19T01:03:33.000000;bea02b72-4510-40ec-933d-52a8ad92ce34;406.89;0.31698146;UNKNOWN
2016-03-19T01:03:34.000000;2016-03-19T01:03:34.000000;0bd391cb-573e-41c6-a4ab-8dcf7d66b893;406.89;0.01139591;UNKNOWN
2016-03-19T01:03:35.000000;2016-03-19T01:03:35.000000;c3eb2624-66fb-4315-9197-954b5773fd2f;406.89;0.13977865;UNKNOWN
2016-03-19T01:03:35.000000;2016-03-19T01:03:35.000000;51bfcb52-6a90-4631-a6b7-d31c722200ff;406.89;0.03184398;UNKNOWN
2016-03-19T01:03:35.000000;2016-03-19T01:03:35.000000;dde14bfe-4fe6-4c28-b518-45d7d33569b2;406.89;0.08235857;UNKNOWN
2016-03-19T01:03:39.000000;2016-03-19T01:03:39.000000;7279a061-2755-4407-ba68-231196f95716;406.87;0.04712727;UNKNOWN
2016-03-19T01:03:39.000000;2016-03-19T01:03:39.000000;98f7a77d-31cd-42f7-992d-7ab1801d9a89;407.07;0.05;UNKNOWN
2016-03-19T01:04:09.000000;2016-03-19T01:04:09.000000;3ee72e58-38d9-4570-b5b0-5e128fa01e0b;407.0;0.05;UNKNOWN
2016-03-19T01:04:19.000000;2016-03-19T01:04:19.000000;1f40177b-52a2-43b2-9865-9a03fc1478c5;406.61;0.16411742;UNKNOWN
2016-03-19T01:04:38.000000;2016-03-19T01:04:38.000000;66d88234-9641-4b8d-a73b-ab657a834036;407.01;1.001001;UNKNOWN
2016-03-19T01:04:43.000000;2016-03-19T01:04:43.000000;97037ade-c8e7-401d-9c4a-b7a8df1c8c50;406.99;0.05;UNKNOWN
2016-03-19T01:04:43.000000;2016-03-19T01:04:43.000000;d6e005c6-8d7f-4234-ba56-ea6a3e551312;406.62;0.06642669;UNKNOWN
2016-03-19T01:04:53.000000;2016-03-19T01:04:53.000000;8651323c-c95e-44f1-8013-4a99b2c0d459;406.97;0.05;UNKNOWN
2016-03-19T01:04:59.000000;2016-03-19T01:04:59.000000;e4fa879a-af48-44b8-ba84-e603904e0a13;406.97;0.05;UNKNOWN
2016-03-19T01:05:16.000000;2016-03-19T01:05:16.000000;e97cb556-2bd7-400d-8c96-c27b5494ad98;406.64;0.2902165;UNKNOWN
2016-03-19T01:05:18.000000;2016-03-19T01:05:18.000000;eaccec4a-b7dd-40c4-807b-6373eba0b842;406.65;0.039543;UNKNOWN
2016-03-19T01:05:18.000000;2016-03-19T01:05:18.000000;796424aa-f5cd-4db5-b774-51651a2c5b6d;406.66;0.010457;UNKNOWN
2016-03-19T01:05:21.000000;2016-03-19T01:05:21.000000;8a0039ab-8dec-4903-8526-55c0ec498559;406.66;0.011717;UNKNOWN
2016-03-19T01:05:40.000000;2016-03-19T01:05:40.000000;406ce802-c6cd-46e8-9420-b2c375341002;406.74;0.12301239;UNKNOWN
2016-03-19T01:06:14.000000;2016-03-19T01:06:14.000000;7e87672c-e20c-40e8-bbd1-bc237d1dbe56;406.76;0.01;UNKNOWN
2016-03-19T01:06:23.000000;2016-03-19T01:06:23.000000;6e2890a5-9b7f-484e-bc05-3ffe105b1b80;406.76;0.01;UNKNOWN
2016-03-19T01:06:46.000000;2016-03-19T01:06:46.000000;5f6d9973-a2c3-49f9-827a-19ada07b5b4e;406.76;0.01;UNKNOWN
2016-03-19T01:07:00.000000;2016-03-19T01:07:00.000000;b1ab5c1d-8edd-48e4-a801-baba604771b7;406.82;0.01;UNKNOWN
2016-03-19T01:07:17.000000;2016-03-19T01:07:17.000000;ec27d291-232c-4613-9cf9-58a907a35993;406.78;0.018067;UNKNOWN
2016-03-19T01:07:27.000000;2016-03-19T01:07:27.000000;291002e1-44a6-4e8e-89f9-57d64b472589;406.81;0.11994253;UNKNOWN
2016-03-19T01:08:06.000000;2016-03-19T01:08:06.000000;b824908b-c6ef-412a-b4ed-70c23ef3b735;406.91;0.028;UNKNOWN
2016-03-19T01:08:06.000000;2016-03-19T01:08:06.000000;90a6afe9-d06e-4c62-a907-3b5222c02c7a;406.85;0.01;UNKNOWN
2016-03-19T01:08:06.000000;2016-03-19T01:08:06.000000;e6910e5b-3d29-401c-bd59-cfbf7ee6b6d3;406.96;0.09511588;UNKNOWN
2016-03-19T01:08:06.000000;2016-03-19T01:08:06.000000;7da9167a-90b0-4cec-b811-90776577bda7;406.95;0.31678382;UNKNOWN
2016-03-19T01:08:41.000000;2016-03-19T01:08:41.000000;a3f2f021-feea-4742-a46b-db4820de3320;406.85;0.01;UNKNOWN
2016-03-19T01:11:10.000000;2016-03-19T01:11:10.000000;3d04daf6-1f84-42ec-be1c-63072066333e;406.74;1.0;UNKNOWN
2016-03-19T01:11:26.000000;2016-03-19T01:11:26.000000;26dc8120-d696-4a4e-b370-0d74c623051f;406.74;0.05426987;UNKNOWN
2016-03-19T01:11:27.000000;2016-03-19T01:11:27.000000;6d00c3d8-4417-4ee6-8919-1a9b4b198af6;406.75;0.0938034;UNKNOWN
2016-03-19T01:11:28.000000;2016-03-19T01:11:28.000000;8ea07196-6a0d-4e25-aeae-022ee33218f5;406.74;0.07157197;UNKNOWN
2016-03-19T01:11:28.000000;2016-03-19T01:11:28.000000;f2da44b3-73bb-4bb9-b2e0-fd2b935f4dbb;406.74;0.24573013;UNKNOWN
2016-03-19T01:11:36.000000;2016-03-19T01:11:36.000000;e5b4a2e0-9317-4cc0-99ad-ef479d3f1e3d;406.65;0.05005;UNKNOWN
2016-03-19T01:11:36.000000;2016-03-19T01:11:36.000000;38272e50-041d-4966-ab9e-1347b2209783;406.65;0.26733855;UNKNOWN
2016-03-19T01:11:38.000000;2016-03-19T01:11:38.000000;6033ecae-e906-4e6d-9c22-ea7f402adf46;406.65;0.31739716;UNKNOWN
2016-03-19T01:11:42.000000;2016-03-19T01:11:42.000000;94a16e9e-a4b8-4aa3-be6e-717982dfb89a;406.65;0.0130738;UNKNOWN
2016-03-19T01:12:26.000000;2016-03-19T01:12:26.000000;6688214a-d272-47bd-89c7-7d8a0e8cc23f;406.86;0.05426987;UNKNOWN
2016-03-19T01:12:26.000000;2016-03-19T01:12:26.000000;a572c080-5f5b-45be-96f3-63e886515b3b;406.87;6.1214;UNKNOWN
2016-03-19T01:12:26.000000;2016-03-19T01:12:26.000000;45e20e7e-42b0-44be-8357-39b46cbdcb0e;407.38;12.81533113;UNKNOWN
2016-03-19T01:12:26.000000;2016-03-19T01:12:26.000000;d413ec34-160e-4ab9-8e11-f04290ac5260;406.99;20.0;UNKNOWN
2016-03-19T01:12:26.000000;2016-03-19T01:12:26.000000;784a3da2-227a-4fe9-992a-6c85ac0a974c;407.0;0.998999;UNKNOWN
2016-03-19T01:12:26.000000;2016-03-19T01:12:26.000000;6e867f73-f45c-4a52-b687-c07934d403de;406.88;0.01;UNKNOWN
2016-03-19T01:13:18.000000;2016-03-19T01:13:18.000000;b29e26da-11e7-4a5e-8b00-73041b614216;407.36;12.0;UNKNOWN
2016-03-19T01:13:18.000000;2016-03-19T01:13:18.000000;853e776a-cd07-4c2a-8bfd-80efb3628289;407.38;14.47;UNKNOWN
2016-03-19T01:13:18.000000;2016-03-19T01:13:18.000000;3cd9da5d-9b79-4b7a-bcb5-49b7476f4320;407.27;1.4353;UNKNOWN
2016-03-19T01:13:18.000000;2016-03-19T01:13:18.000000;7ea83705-713f-4c7d-b971-67ddd3f33dac;407.38;6.0947;UNKNOWN
2016-03-19T01:13:18.000000;2016-03-19T01:13:18.000000;cadc1872-7a47-4176-b703-98dd563d3cb9;407.36;6.0;UNKNOWN
2016-03-19T01:14:43.000000;2016-03-19T01:14:43.000000;f870876f-87e6-4e41-8dee-8eae2e124424;407.16;0.01551;UNKNOWN
2016-03-19T01:14:46.000000;2016-03-19T01:14:46.000000;9f93632b-3117-4512-b391-0b4e3e83d461;407.01;0.015507;UNKNOWN
2016-03-19T01:14:50.000000;2016-03-19T01:14:50.000000;b4c27a6a-3fd8-4a1e-afda-b622eaec1931;407.0;0.01551;UNKNOWN
2016-03-19T01:14:52.000000;2016-03-19T01:14:52.000000;4aaa0c02-3b52-40b2-b2d6-4ae5ed6afabd;407.0;0.1090583;UNKNOWN
2016-03-19T01:14:54.000000;2016-03-19T01:14:54.000000;71ffc7da-4ab2-4862-ba50-9278f627263a;407.0;0.18461658;UNKNOWN
2016-03-19T01:14:55.000000;2016-03-19T01:14:55.000000;50cb5d62-ac2f-4c37-9a9c-a9458e444fb4;407.0;0.02408042;UNKNOWN
2016-03-19T01:14:56.000000;2016-03-19T01:14:56.000000;f9bc0f35-d237-4334-843f-81c68e78e5cd;407.09;0.02306552;UNKNOWN
2016-03-19T01:14:56.000000;2016-03-19T01:14:56.000000;74ff7739-26a4-406a-9361-485cb2cd34dd;407.0;0.17695798;UNKNOWN
2016-03-19T01:14:56.000000;2016-03-19T01:14:56.000000;b000d7f8-641e-4105-aac6-270c0b29ea5c;407.0;0.02408778;UNKNOWN
2016-03-19T01:14:56.000000;2016-03-19T01:14:56.000000;653bc7b9-dffa-4ddf-a429-cbe27f1fe62f;407.0;0.14990122;UNKNOWN
2016-03-19T01:14:56.000000;2016-03-19T01:14:56.000000;60df9110-d6d6-4104-b69d-d425ffdf1a8b;407.09;0.02693448;UNKNOWN
2016-03-19T01:14:57.000000;2016-03-19T01:14:57.000000;1458aa7d-1c58-4a88-b06b-682f45565b32;407.0;0.10918871;UNKNOWN
2016-03-19T01:14:57.000000;2016-03-19T01:14:57.000000;2786f915-ad7b-413a-925a-4106f71a87c2;407.0;0.02308291;UNKNOWN
2016-03-19T01:15:03.000000;2016-03-19T01:15:03.000000;6e10b30b-c8c0-472b-8fd9-490e668984ac;407.0;0.11089197;UNKNOWN
2016-03-19T01:16:01.000000;2016-03-19T01:16:01.000000;8261cd3a-9808-4e56-982e-453f2e70748f;407.0;2.07262413;UNKNOWN
2016-03-19T01:16:01.000000;2016-03-19T01:16:01.000000;bfb82b90-718a-4bb5-ae41-64ee54e478a1;407.01;0.3;UNKNOWN
2016-03-19T01:16:01.000000;2016-03-19T01:16:01.000000;85d0caf4-054f-45e3-8967-6518229f3ba5;407.01;1.964094;UNKNOWN
2016-03-19T01:16:24.000000;2016-03-19T01:16:24.000000;2da231cc-8f77-4022-a780-b0477bf7cda6;406.71;0.21154059;UNKNOWN
2016-03-19T01:16:32.000000;2016-03-19T01:16:32.000000;0ca2df61-a5f0-4f10-9a0b-b326a7fd89ff;406.71;0.21154059;UNKNOWN
2016-03-19T01:16:49.000000;2016-03-19T01:16:49.000000;d9be5bd1-23e8-4a44-b7a5-945ed82089ea;406.5;0.047219;UNKNOWN
2016-03-19T01:16:49.000000;2016-03-19T01:16:49.000000;f4f3822e-90d1-456a-8868-fd2ce463d75b;406.81;1.13924441;UNKNOWN
2016-03-19T01:16:55.000000;2016-03-19T01:16:55.000000;77209316-b10c-4959-b3a8-ff2dd3810ab1;406.8;0.01272185;UNKNOWN
2016-03-19T01:17:00.000000;2016-03-19T01:17:00.000000;d1550b79-779b-4d1e-945c-d45d54c8f77a;406.76;0.0127;UNKNOWN
2016-03-19T01:17:00.000000;2016-03-19T01:17:00.000000;ac30d9e9-d867-43a7-ba50-9dff901d1f6d;406.5;0.07213422;UNKNOWN
2016-03-19T01:17:00.000000;2016-03-19T01:17:00.000000;df1b5d81-f1c5-4290-8e59-b69b73fe0156;406.77;0.0127;UNKNOWN
2016-03-19T01:17:01.000000;2016-03-19T01:17:01.000000;84b9dc89-e38f-4a5c-b07e-f0548107ec2c;406.5;0.07559482;UNKNOWN
2016-03-19T01:17:01.000000;2016-03-19T01:17:01.000000;83fc4c1f-e066-4e4d-a1e8-b696f9fbd4e2;406.5;0.21148859;UNKNOWN
2016-03-19T01:17:07.000000;2016-03-19T01:17:07.000000;beeca596-a535-4021-8902-d7c40e222d3e;406.19;1.76;UNKNOWN
2016-03-19T01:17:07.000000;2016-03-19T01:17:07.000000;56358cdb-58ed-4b2c-9dcf-01a6629737d0;406.17;12.56080457;UNKNOWN
2016-03-19T01:17:07.000000;2016-03-19T01:17:07.000000;9070c9f1-9bef-4d73-a7b4-358f9bfe7a2e;406.19;20.4539;UNKNOWN
2016-03-19T01:17:07.000000;2016-03-19T01:17:07.000000;604669f7-7c5d-4d6e-98f2-e4982982161d;406.5;14.4935312;UNKNOWN
2016-03-19T01:17:07.000000;2016-03-19T01:17:07.000000;6f392341-585e-4dfd-9313-7ed57a8cf414;406.29;12.1168;UNKNOWN
2016-03-19T01:17:07.000000;2016-03-19T01:17:07.000000;74303301-1611-4efc-8430-917ec36b9dc6;406.44;0.1;UNKNOWN
2016-03-19T01:17:11.000000;2016-03-19T01:17:11.000000;904c0b3a-a4f8-47dd-a716-9f7169ea1e3b;406.76;0.01;UNKNOWN
2016-03-19T01:17:11.000000;2016-03-19T01:17:11.000000;4df70776-d6f8-4acf-9bb8-66eff4dce0ee;406.26;0.19182183;UNKNOWN
2016-03-19T01:17:11.000000;2016-03-19T01:17:11.000000;4d46513f-d51d-436a-aad3-707877d40b27;406.75;0.01;UNKNOWN
2016-03-19T01:17:17.000000;2016-03-19T01:17:17.000000;95a6d924-6dd9-4cee-8776-db3ca4a932a6;406.34;0.05;UNKNOWN
2016-03-19T01:17:21.000000;2016-03-19T01:17:21.000000;7316b191-dbe8-4065-95ea-159b585f3907;406.2;0.0545;UNKNOWN
2016-03-19T01:17:23.000000;2016-03-19T01:17:23.000000;f8230013-e148-417d-989c-98f9902f883e;406.19;0.05;UNKNOWN
2016-03-19T01:17:28.000000;2016-03-19T01:17:28.000000;58094b07-2e08-4f5e-88cb-adbbba698984;406.33;0.05;UNKNOWN
2016-03-19T01:17:30.000000;2016-03-19T01:17:30.000000;a919f2bd-0c56-4058-889e-2cdd17a5cfde;406.19;0.0573114;UNKNOWN
2016-03-19T01:17:33.000000;2016-03-19T01:17:33.000000;ae6cc58b-d515-4789-a24f-5fe01ea1a56c;406.34;0.05;UNKNOWN
2016-03-19T01:17:38.000000;2016-03-19T01:17:38.000000;b355bc80-a479-4f67-9810-1c1916a90d52;406.34;0.05;UNKNOWN
2016-03-19T01:17:41.000000;2016-03-19T01:17:41.000000;5f73412b-583a-4c0b-8a94-330918b8b233;406.26;0.093945;UNKNOWN
2016-03-19T01:17:43.000000;2016-03-19T01:17:43.000000;e6c5f680-a812-44cf-bfca-0926352e215c;406.34;0.05;UNKNOWN
2016-03-19T01:17:49.000000;2016-03-19T01:17:49.000000;143323a6-5ec8-42d4-a467-fcc0e8ee73d7;406.34;0.05;UNKNOWN
2016-03-19T01:17:53.000000;2016-03-19T01:17:53.000000;02d77271-f979-436d-a73f-3bb7557cb369;406.34;0.05;UNKNOWN
2016-03-19T01:17:59.000000;2016-03-19T01:17:59.000000;b6b04dae-17fb-4e3a-8f91-54571d56353f;406.34;0.01;UNKNOWN
2016-03-19T01:17:59.000000;2016-03-19T01:17:59.000000;39019f35-8633-48b0-80a5-3e3006c37ff0;406.34;0.01;UNKNOWN
2016-03-19T01:18:01.000000;2016-03-19T01:18:01.000000;7b294ef4-ea1f-45c1-bc9c-75286f00ffcc;406.26;0.094397;UNKNOWN
2016-03-19T01:18:05.000000;2016-03-19T01:18:05.000000;0fe9195f-389c-48d1-8ad4-a55df7bf876a;406.34;0.01;UNKNOWN
2016-03-19T01:18:06.000000;2016-03-19T01:18:06.000000;3ce47fd3-b0ad-4c34-af77-735dc9c0e537;406.34;0.01;UNKNOWN
2016-03-19T01:18:15.000000;2016-03-19T01:18:15.000000;8c22fe9c-a892-4f2a-ab70-633a267f2109;406.34;0.01;UNKNOWN
2016-03-19T01:18:15.000000;2016-03-19T01:18:15.000000;bca12c03-6fb9-4e57-83ed-6888658c5526;406.34;0.01;UNKNOWN
2016-03-19T01:18:24.000000;2016-03-19T01:18:24.000000;898505d3-f269-4545-8943-892ed0c657d4;406.34;0.05;UNKNOWN
2016-03-19T01:18:29.000000;2016-03-19T01:18:29.000000;22f651f2-0c06-49fe-ae0f-6f0d5b952d99;406.34;0.05;UNKNOWN
2016-03-19T01:18:35.000000;2016-03-19T01:18:35.000000;726636e0-c80e-4d28-8482-744d47ea5b69;406.34;0.05;UNKNOWN
2016-03-19T01:18:39.000000;2016-03-19T01:18:39.000000;34b46c6b-a581-48bc-ac36-0901199f9b40;406.34;0.05;UNKNOWN
2016-03-19T01:18:45.000000;2016-03-19T01:18:45.000000;a385b596-650f-43ce-89f2-a3c181e02974;406.34;0.05;UNKNOWN
2016-03-19T01:18:51.000000;2016-03-19T01:18:51.000000;602253c4-abeb-4b48-9943-aa907f003419;406.28;0.094936;UNKNOWN
2016-03-19T01:18:51.000000;2016-03-19T01:18:51.000000;a22e9972-6e85-4ba7-ab1f-a154ac46f5a2;406.34;0.05;UNKNOWN
2016-03-19T01:18:51.000000;2016-03-19T01:18:51.000000;8d843ed0-9f05-4896-bd2d-4d9413af0993;406.28;0.21176448;UNKNOWN
2016-03-19T01:18:57.000000;2016-03-19T01:18:57.000000;05d28ebc-3707-4a5e-a1d0-71b184073358;406.34;0.05;UNKNOWN
2016-03-19T01:19:05.000000;2016-03-19T01:19:05.000000;6c267448-3006-4e4c-8183-f73bdf7ffbbb;406.34;0.05;UNKNOWN
2016-03-19T01:19:06.000000;2016-03-19T01:19:06.000000;42dc77c4-a7b3-4fb8-8e1d-c72e567226a1;406.28;0.21176448;UNKNOWN
2016-03-19T01:19:06.000000;2016-03-19T01:19:06.000000;639c1e34-b409-4b15-b11a-798803a8e72a;406.28;0.095507;UNKNOWN
2016-03-19T01:19:08.000000;2016-03-19T01:19:08.000000;f14e142b-de09-4936-b5f3-25a9078b655f;406.33;0.01;UNKNOWN
2016-03-19T01:19:08.000000;2016-03-19T01:19:08.000000;3b7a165a-7208-401a-a01d-abc53f787fb8;406.28;0.01;UNKNOWN
2016-03-19T01:19:09.000000;2016-03-19T01:19:09.000000;5234f549-eb76-4d90-b44d-68c85098f1f2;406.33;0.01;UNKNOWN
2016-03-19T01:19:17.000000;2016-03-19T01:19:17.000000;48ff3616-6059-47c9-95a5-8e4baee9df2d;406.33;0.05;UNKNOWN
2016-03-19T01:19:22.000000;2016-03-19T01:19:22.000000;b9e5492a-c9a9-4e03-a2e1-6d57f776a5e6;406.33;0.05;UNKNOWN
2016-03-19T01:19:28.000000;2016-03-19T01:19:28.000000;40486977-9a9d-4138-ab60-7070f7744edf;406.44;0.01;UNKNOWN
2016-03-19T01:19:28.000000;2016-03-19T01:19:28.000000;5811e974-9ab3-438f-86a5-2a54648e7a8a;406.43;0.01;UNKNOWN
2016-03-19T01:19:30.000000;2016-03-19T01:19:30.000000;eeb45103-2cf2-4c2d-aebc-fa493ed461c1;406.46;0.01;UNKNOWN
2016-03-19T01:19:34.000000;2016-03-19T01:19:34.000000;cd343404-27d8-4fbe-a221-467526ec8264;406.28;0.37602804;UNKNOWN
2016-03-19T01:19:34.000000;2016-03-19T01:19:34.000000;f5634b50-2d04-4225-8dec-ca9f9613185a;406.48;0.05;UNKNOWN
2016-03-19T01:19:34.000000;2016-03-19T01:19:34.000000;cad04605-b4fc-4ba6-8bce-6c1192aa14a9;406.26;2.25713396;UNKNOWN
2016-03-19T01:19:50.000000;2016-03-19T01:19:50.000000;fccfe264-9383-4efa-bd1d-575bab75edd8;406.76;0.01;UNKNOWN
2016-03-19T01:19:50.000000;2016-03-19T01:19:50.000000;8f1b7f05-84bc-4fdf-a663-9cb685961a27;406.76;0.01;UNKNOWN
2016-03-19T01:20:01.000000;2016-03-19T01:20:01.000000;946bca93-2478-4813-b034-5c96b235d4a0;406.81;0.01;UNKNOWN
2016-03-19T01:20:20.000000;2016-03-19T01:20:20.000000;b8fba9cd-630d-4d34-85b2-fc77ed7efb3c;406.82;0.05;UNKNOWN
2016-03-19T01:20:20.000000;2016-03-19T01:20:20.000000;94512886-434c-4c51-8c96-bd83cd75c2e4;406.42;0.41812592;UNKNOWN
2016-03-19T01:20:30.000000;2016-03-19T01:20:30.000000;e07ad903-ecc0-46b4-a6af-9d83af7cda68;406.82;0.05;UNKNOWN
2016-03-19T01:20:30.000000;2016-03-19T01:20:30.000000;54f4c0e6-2dc4-4ad5-8fc7-ec815b3f1ea3;406.57;0.51667874;UNKNOWN
2016-03-19T01:20:56.000000;2016-03-19T01:20:56.000000;550bfe79-89f3-43e8-b39b-064c609fd878;406.42;0.256823;UNKNOWN
2016-03-19T01:20:56.000000;2016-03-19T01:20:56.000000;453e4dfa-7742-4ca5-ac5f-d9269fec3120;406.42;0.21166201;UNKNOWN
2016-03-19T01:20:59.000000;2016-03-19T01:20:59.000000;bc116c93-bf6a-4ea2-9423-64e229dcd54f;406.66;0.01;UNKNOWN
2016-03-19T01:21:05.000000;2016-03-19T01:21:05.000000;eeade73a-0956-46a8-a34e-45c49eea436a;406.75;0.05;UNKNOWN
2016-03-19T01:21:10.000000;2016-03-19T01:21:10.000000;1da9e249-eed1-4cfd-a776-e1ddf68d0bef;406.4;0.097445;UNKNOWN
2016-03-19T01:21:11.000000;2016-03-19T01:21:11.000000;953f498d-7c97-4d9e-9605-6f3a5b7bd6a1;406.4;0.21170195;UNKNOWN
2016-03-19T01:21:18.000000;2016-03-19T01:21:18.000000;923efb68-9efc-4997-9f04-41347e9bd5c8;406.71;0.03;UNKNOWN
2016-03-19T01:21:18.000000;2016-03-19T01:21:18.000000;36d55c57-f2c0-4575-a5a9-1d007e503951;406.4;0.01;UNKNOWN
2016-03-19T01:21:18.000000;2016-03-19T01:21:18.000000;07312bf0-61c1-4053-9cf4-e1c16e25faef;406.4;0.01;UNKNOWN
2016-03-19T01:21:26.000000;2016-03-19T01:21:26.000000;0dc08ecc-eb49-43a8-aa5d-27a3b2c3a3ee;406.74;0.05;UNKNOWN
2016-03-19T01:21:30.000000;2016-03-19T01:21:30.000000;92477a77-538d-43cb-93ef-e63968b28a6e;406.98;0.017629;UNKNOWN
2016-03-19T01:21:30.000000;2016-03-19T01:21:30.000000;a8d149e6-f29a-4488-a53b-b883f246beb2;406.85;0.01;UNKNOWN
2016-03-19T01:21:30.000000;2016-03-19T01:21:30.000000;73f0996c-842e-43bc-abda-a6f710bfb1aa;406.86;0.01;UNKNOWN
2016-03-19T01:21:30.000000;2016-03-19T01:21:30.000000;347e23d3-d9a9-410d-9354-c0dd9e31d495;406.74;0.012371;UNKNOWN
2016-03-19T01:21:39.000000;2016-03-19T01:21:39.000000;c27ef11b-5499-4ea6-8770-55ee6513d2af;406.96;0.05;UNKNOWN
2016-03-19T01:21:43.000000;2016-03-19T01:21:43.000000;c5c9da3a-9204-4640-b098-c7f10bddd3a4;406.94;0.05;UNKNOWN
2016-03-19T01:21:49.000000;2016-03-19T01:21:49.000000;ac612c94-48c5-4701-8c16-e0e4ae905be4;406.4;0.274276;UNKNOWN
2016-03-19T01:21:49.000000;2016-03-19T01:21:49.000000;50ca80af-2250-4514-a772-38d7bd42e813;406.4;0.21170195;UNKNOWN
2016-03-19T01:21:49.000000;2016-03-19T01:21:49.000000;80ce1e44-88a4-4c82-b910-cfdd156c9982;406.4;0.097971;UNKNOWN
2016-03-19T01:21:51.000000;2016-03-19T01:21:51.000000;dcfee7a0-11e8-4195-843b-ee915443b792;406.4;1.31733642;UNKNOWN
2016-03-19T01:21:51.000000;2016-03-19T01:21:51.000000;4491ca0a-c746-4c06-98be-716804d2562c;406.92;0.05;UNKNOWN
2016-03-19T01:21:51.000000;2016-03-19T01:21:51.000000;b6e83a80-69b8-4d84-a1e3-1adce8993600;406.4;0.05171852;UNKNOWN
2016-03-19T01:21:52.000000;2016-03-19T01:21:52.000000;14f9d767-778d-4503-abfb-06e810b690cf;406.4;0.01;UNKNOWN
2016-03-19T01:21:56.000000;2016-03-19T01:21:56.000000;16a22367-7a4a-41ab-b17b-60581fa08e69;406.92;0.05;UNKNOWN
2016-03-19T01:22:48.000000;2016-03-19T01:22:48.000000;54ee6d56-4723-4880-a682-9d5fc53e8b4c;406.86;1.001001;UNKNOWN
2016-03-19T01:24:09.000000;2016-03-19T01:24:09.000000;1bdae321-57e8-47dd-a38e-74acdb85ab95;406.81;0.05;UNKNOWN
2016-03-19T01:24:14.000000;2016-03-19T01:24:14.000000;a73373f3-ccbe-4675-a641-32c0adb27d8d;406.79;0.05;UNKNOWN
2016-03-19T01:24:20.000000;2016-03-19T01:24:20.000000;6466adcd-e04b-453c-b5d0-bcd131b080d1;406.79;0.05;UNKNOWN
2016-03-19T01:24:25.000000;2016-03-19T01:24:25.000000;4befe46b-ff7a-4687-b98b-e47c16d852bd;406.79;0.05;UNKNOWN
2016-03-19T01:24:30.000000;2016-03-19T01:24:30.000000;8ae2b9f1-8ceb-4bbd-a33c-3843a38f899a;406.79;0.05;UNKNOWN
2016-03-19T01:24:37.000000;2016-03-19T01:24:37.000000;8ae822a6-6f76-4f09-aeac-87a0b74257ac;406.79;0.05;UNKNOWN
2016-03-19T01:26:28.000000;2016-03-19T01:26:28.000000;b80b0f5c-9d41-499d-a69a-8c5bf2c5b831;406.64;0.491;UNKNOWN
2016-03-19T01:26:51.000000;2016-03-19T01:26:51.000000;8fffb84d-53c4-4cdd-8692-98e2192d7b7b;406.64;6.074;UNKNOWN
2016-03-19T01:26:51.000000;2016-03-19T01:26:51.000000;78d8b739-1bd2-4017-b054-05e09c1dfcd3;406.99;0.01;UNKNOWN
2016-03-19T01:26:51.000000;2016-03-19T01:26:51.000000;89caa1bb-9388-4cb2-85ba-05537d299b0a;406.97;0.01;UNKNOWN
2016-03-19T01:26:51.000000;2016-03-19T01:26:51.000000;d738d74f-fdbe-4a7f-8946-9eb8c9bfc2fd;406.96;0.01;UNKNOWN
2016-03-19T01:26:51.000000;2016-03-19T01:26:51.000000;4db4de4f-0294-4d91-a6f2-5074836b753f;406.98;0.01;UNKNOWN
2016-03-19T01:29:10.000000;2016-03-19T01:29:10.000000;d5c6037a-1737-433b-ab05-064084090c48;407.15;0.0245;UNKNOWN
2016-03-19T01:31:06.000000;2016-03-19T01:31:06.000000;6d67a3ff-22da-4440-964b-9b9a1523aa5b;407.15;0.07407078;UNKNOWN
2016-03-19T01:31:15.000000;2016-03-19T01:31:15.000000;41408ee9-d956-431a-bc04-873154223faf;407.08;0.04840153;UNKNOWN
2016-03-19T01:33:05.000000;2016-03-19T01:33:05.000000;86ba1bef-e3a9-497c-bdf8-86edf95abed0;407.19;0.01;UNKNOWN
2016-03-19T01:33:05.000000;2016-03-19T01:33:05.000000;1f49e6e3-ded7-4439-8fe1-98e1896deab0;407.15;0.10082922;UNKNOWN
2016-03-19T01:33:05.000000;2016-03-19T01:33:05.000000;378b6e94-ecec-4073-a749-e24d44a9663a;407.16;0.01551;UNKNOWN
2016-03-19T01:33:05.000000;2016-03-19T01:33:05.000000;f2bc921f-8da0-4055-987b-48b19348eb6f;407.2;0.00149781;UNKNOWN
2016-03-19T01:33:05.000000;2016-03-19T01:33:05.000000;6be025b4-384b-4d36-81d3-1ace21658deb;407.17;0.01;UNKNOWN
2016-03-19T01:33:05.000000;2016-03-19T01:33:05.000000;17edfe5d-6b9a-4362-86d5-5a70c37467ae;407.18;0.01;UNKNOWN
2016-03-19T01:34:19.000000;2016-03-19T01:34:19.000000;ab85b0ea-5d4f-4267-a972-554df76b28ef;407.14;0.0858;UNKNOWN
2016-03-19T01:35:57.000000;2016-03-19T01:35:57.000000;5efee2d5-d97e-4266-ae90-4efc73e8410a;407.2;0.00850219;UNKNOWN
2016-03-19T01:35:57.000000;2016-03-19T01:35:57.000000;a6a283aa-5dbb-46c4-b876-8c63532f3e6b;407.21;0.01;UNKNOWN
2016-03-19T01:35:57.000000;2016-03-19T01:35:57.000000;f4bc1fd1-6bb2-4fd8-8fcf-7bbf03cad86c;407.21;0.19153981;UNKNOWN
2016-03-19T01:37:48.000000;2016-03-19T01:37:48.000000;7c329be6-9525-470d-b97c-981bc4c72a08;407.21;1.3;UNKNOWN
2016-03-19T01:38:19.000000;2016-03-19T01:38:19.000000;1340f990-3409-40c3-8ccc-52d0146f2b29;407.18;0.2442;UNKNOWN
2016-03-19T01:38:44.000000;2016-03-19T01:38:44.000000;dc0b2651-2c02-4dcd-a006-c1dc43b2da25;407.28;0.01;UNKNOWN
2016-03-19T01:38:44.000000;2016-03-19T01:38:44.000000;a396411b-fcba-4b6f-ac9d-1ed84464bf64;407.27;0.01;UNKNOWN
2016-03-19T01:38:44.000000;2016-03-19T01:38:44.000000;4ea7a6bf-f6e5-48c2-84b6-2039ce838487;407.29;0.01;UNKNOWN
2016-03-19T01:38:44.000000;2016-03-19T01:38:44.000000;28ca411e-50df-4d33-ba0a-f737cbdd822f;407.3;0.01;UNKNOWN
2016-03-19T01:38:44.000000;2016-03-19T01:38:44.000000;05efa833-0eba-4c47-95ba-e315b8cb8d3d;407.23;0.01;UNKNOWN
2016-03-19T01:38:44.000000;2016-03-19T01:38:44.000000;847e1a25-c863-4fda-9138-b3ef4c5ec180;407.26;0.01;UNKNOWN
2016-03-19T01:38:44.000000;2016-03-19T01:38:44.000000;cb6080b4-7c1b-4654-b995-28358cbec591;407.22;0.01;UNKNOWN
2016-03-19T01:38:44.000000;2016-03-19T01:38:44.000000;91f7b508-04a9-4ee5-9fb5-6b807873b1ad;407.25;0.01;UNKNOWN
2016-03-19T01:38:44.000000;2016-03-19T01:38:44.000000;c425cc05-73ac-485c-a847-9d64bc0ab60e;407.31;0.01;UNKNOWN
2016-03-19T01:40:16.000000;2016-03-19T01:40:16.000000;93f7bcad-3c92-40e4-8dee-e0b2a3c225dc;407.34;0.21121341;UNKNOWN
2016-03-19T01:40:26.000000;2016-03-19T01:40:26.000000;4a886e26-68ba-457c-b1ca-c556cccdd1f2;407.41;0.01;UNKNOWN
2016-03-19T01:40:26.000000;2016-03-19T01:40:26.000000;c9ac26a5-d615-4e51-81a7-a59ffc7b301a;407.43;0.01;UNKNOWN
2016-03-19T01:40:26.000000;2016-03-19T01:40:26.000000;0ae5d2c2-c9cc-493a-9c1b-03d2f7a21a03;407.4;0.01;UNKNOWN
2016-03-19T01:40:26.000000;2016-03-19T01:40:26.000000;5df130b5-bdef-4e98-8d1f-026f7a14e76f;407.37;0.01;UNKNOWN
2016-03-19T01:40:26.000000;2016-03-19T01:40:26.000000;df446a39-eb9c-40b0-b740-4e990acf77c9;407.42;0.01;UNKNOWN
2016-03-19T01:40:26.000000;2016-03-19T01:40:26.000000;d28f52d6-5aa1-4c70-9676-8fd97ae6b24c;407.39;0.01;UNKNOWN
2016-03-19T01:40:26.000000;2016-03-19T01:40:26.000000;c68a9d9c-c784-4fda-90f0-95f99ad0fd47;407.38;0.01;UNKNOWN
2016-03-19T01:40:53.000000;2016-03-19T01:40:53.000000;59a605d6-d36e-4a75-b67a-b2d41e199b1e;407.47;0.01;UNKNOWN
2016-03-19T01:40:53.000000;2016-03-19T01:40:53.000000;46ae7c34-9098-4c23-9100-8cc41b29d0ae;407.5;0.0159;UNKNOWN
2016-03-19T01:42:06.000000;2016-03-19T01:42:06.000000;bb5d9b97-f3b3-4428-ab61-663365439db8;407.5;0.26168046;UNKNOWN
2016-03-19T01:42:38.000000;2016-03-19T01:42:38.000000;e6626b43-8a0e-4393-adf4-29cc4f27a8e6;407.5;0.6;UNKNOWN
2016-03-19T01:43:16.000000;2016-03-19T01:43:16.000000;ef03f60e-43a5-4d8e-8dfd-25e1971e12b4;407.48;0.044389;UNKNOWN
2016-03-19T01:43:16.000000;2016-03-19T01:43:16.000000;bb9186d5-1787-4575-b68f-0ed8dd7dba52;407.48;0.21114085;UNKNOWN
2016-03-19T01:43:32.000000;2016-03-19T01:43:32.000000;4e83585b-4278-4218-b4be-88adc3e38119;407.97;6.0;UNKNOWN
2016-03-19T01:43:32.000000;2016-03-19T01:43:32.000000;816c63e5-4662-422d-92da-f2b59ad40e86;407.5;5.16791954;UNKNOWN
2016-03-19T01:43:32.000000;2016-03-19T01:43:32.000000;d79ee032-14cd-442b-929c-d16360d392ae;407.98;3.83208046;UNKNOWN
2016-03-19T01:44:52.000000;2016-03-19T01:44:52.000000;43ee02d4-07a3-4ed4-b75e-f7e2209dd23a;408.02;0.19898175;UNKNOWN
2016-03-19T01:45:40.000000;2016-03-19T01:45:40.000000;191d0c13-6e21-412f-b4e5-c39acd203fbe;408.0;0.46649543;UNKNOWN
2016-03-19T01:46:04.000000;2016-03-19T01:46:04.000000;81472fde-6f0b-43b7-b4ff-351b7f1a55c7;408.0;0.53350457;UNKNOWN
2016-03-19T01:46:19.000000;2016-03-19T01:46:19.000000;80399e45-7e7d-4c84-8c9a-ca4acad13d8b;407.58;0.0362257;UNKNOWN
2016-03-19T01:47:02.000000;2016-03-19T01:47:02.000000;e233ad53-52b1-4632-a119-59e15a04fa9d;407.47;0.14395;UNKNOWN
2016-03-19T01:47:02.000000;2016-03-19T01:47:02.000000;8724ec5c-654e-4824-b9b1-4a610701f5d0;407.46;0.06719768;UNKNOWN
2016-03-19T01:47:03.000000;2016-03-19T01:47:03.000000;19fdd7e8-c5a7-4792-9391-4327b5edf67b;407.46;0.06993825;UNKNOWN
2016-03-19T01:47:03.000000;2016-03-19T01:47:03.000000;bc3d6223-d5ce-4aff-857a-40993977d81b;407.46;0.53619326;UNKNOWN
2016-03-19T01:47:08.000000;2016-03-19T01:47:08.000000;220db47a-e5ed-4f56-b3a9-6f2c151f4b7e;407.46;0.729973;UNKNOWN
2016-03-19T01:47:14.000000;2016-03-19T01:47:14.000000;156b5c1f-7166-4fdf-8d4a-3d2c7ea56906;407.46;0.21114768;UNKNOWN
2016-03-19T01:47:28.000000;2016-03-19T01:47:28.000000;a3afda5a-a054-4619-825c-3d065222c724;407.46;0.138165;UNKNOWN
2016-03-19T01:47:32.000000;2016-03-19T01:47:32.000000;c1e6ecc7-e616-4057-bac3-2f9d35271d33;407.46;0.327029;UNKNOWN
2016-03-19T01:47:48.000000;2016-03-19T01:47:48.000000;8049b9fb-7204-4c58-a5bd-f5f3342c5926;407.46;0.2;UNKNOWN
2016-03-19T01:49:15.000000;2016-03-19T01:49:15.000000;4d52ea8a-5199-4de4-958d-c65fb8d3dd12;407.33;0.04037253;UNKNOWN
2016-03-19T01:49:15.000000;2016-03-19T01:49:15.000000;bd8654e1-f7e8-42c6-9a53-b6438f8eb926;407.34;0.59439875;UNKNOWN
2016-03-19T01:50:05.000000;2016-03-19T01:50:05.000000;cc125dc9-e68a-4daa-8438-d34baaf4131f;407.47;0.094;UNKNOWN
2016-03-19T01:50:05.000000;2016-03-19T01:50:05.000000;80d43db0-f882-48d5-b8c8-c4e6f43753c8;407.48;0.14389133;UNKNOWN
2016-03-19T01:50:19.000000;2016-03-19T01:50:19.000000;90e40025-2a23-4b23-8f3c-e6ff61085d63;407.33;0.14131011;UNKNOWN
2016-03-19T01:50:19.000000;2016-03-19T01:50:19.000000;8417e9d5-a20b-4dfc-8384-2b5189dc2d2b;407.33;0.480877;UNKNOWN
2016-03-19T01:50:44.000000;2016-03-19T01:50:44.000000;93d59960-9df2-4c3d-aae6-7930b99ae953;407.33;0.70464036;UNKNOWN
2016-03-19T01:50:46.000000;2016-03-19T01:50:46.000000;da51e9ed-3014-4e41-bca7-a1dd6faba67a;407.05;2.0;UNKNOWN
2016-03-19T01:50:46.000000;2016-03-19T01:50:46.000000;b5ad80a8-d398-4261-8757-8a2cd69d8e36;407.06;1.99;UNKNOWN
2016-03-19T01:50:46.000000;2016-03-19T01:50:46.000000;c0524455-be30-4a8a-adbb-f3fd6b013502;407.01;1.81;UNKNOWN
2016-03-19T01:50:51.000000;2016-03-19T01:50:51.000000;0415496a-0973-4a84-88f3-701b4c932236;407.0;1.99;UNKNOWN
2016-03-19T01:50:51.000000;2016-03-19T01:50:51.000000;ecb37a19-6696-4ecc-91c8-fc6057f29ded;406.99;1.81;UNKNOWN
2016-03-19T01:50:55.000000;2016-03-19T01:50:55.000000;644e3131-3a56-437e-996e-7db7e9eb575f;406.99;0.2670497;UNKNOWN
2016-03-19T01:50:55.000000;2016-03-19T01:50:55.000000;e9d20cef-669a-4ddc-afe6-208c09f2af0e;406.84;0.049718;UNKNOWN
2016-03-19T01:50:57.000000;2016-03-19T01:50:57.000000;91888557-3032-4a08-84bd-ef9603f9a943;406.87;0.111004;UNKNOWN
2016-03-19T01:51:31.000000;2016-03-19T01:51:31.000000;e017d242-e98c-467f-a414-1c1acfa0b169;406.76;0.81833724;UNKNOWN
2016-03-19T01:52:34.000000;2016-03-19T01:52:34.000000;60028004-a169-443a-9f9f-efed751efe5a;406.75;0.041362;UNKNOWN
2016-03-19T01:54:13.000000;2016-03-19T01:54:13.000000;3c979d6d-7425-4866-8b19-057f56815a77;406.75;0.093964;UNKNOWN
2016-03-19T01:54:14.000000;2016-03-19T01:54:14.000000;6903904e-3937-472e-88d2-749a55791827;406.76;0.01;UNKNOWN
2016-03-19T01:54:50.000000;2016-03-19T01:54:50.000000;bdb172bc-4288-402d-a10b-1e4ae71c0aa6;406.84;0.149566;UNKNOWN
2016-03-19T01:54:50.000000;2016-03-19T01:54:50.000000;dcf19d8b-5242-47e9-a447-1c196b23347e;406.89;0.05;UNKNOWN
2016-03-19T01:54:59.000000;2016-03-19T01:54:59.000000;caefd104-67cf-4bd5-a314-9afe0ee0e2dc;407.0;0.05;UNKNOWN
2016-03-19T01:55:04.000000;2016-03-19T01:55:04.000000;cf31aaf6-66b5-4b40-8291-80418ad827e2;407.0;0.05;UNKNOWN
2016-03-19T01:55:11.000000;2016-03-19T01:55:11.000000;fbebd8f2-c885-4c37-98ba-e009db1dabc2;407.0;0.05;UNKNOWN
2016-03-19T01:55:18.000000;2016-03-19T01:55:18.000000;c685dbcd-1748-4fd3-b242-c554fe436e1c;407.0;0.05;UNKNOWN
2016-03-19T01:55:23.000000;2016-03-19T01:55:23.000000;9bd17a0b-f3b1-4302-b4c6-0eb0ab466a72;407.0;0.05;UNKNOWN
2016-03-19T01:55:30.000000;2016-03-19T01:55:30.000000;cf2d09da-67d6-45aa-aaf6-07c989995aa2;407.0;0.05;UNKNOWN
2016-03-19T01:55:34.000000;2016-03-19T01:55:34.000000;bd137331-94e2-44af-9b7b-39ce796bf11b;407.0;0.05;UNKNOWN
2016-03-19T01:55:41.000000;2016-03-19T01:55:41.000000;0b8cde94-17d0-4938-b729-58ed489b8ae8;407.0;0.05;UNKNOWN
2016-03-19T01:56:36.000000;2016-03-19T01:56:36.000000;1877434f-6466-4454-b741-7aebe2e3d1e4;406.84;0.13043158;UNKNOWN
2016-03-19T01:57:05.000000;2016-03-19T01:57:05.000000;7dc3a063-7ece-45f4-9ae7-a2ac739dd880;407.0;0.26168046;UNKNOWN
2016-03-19T01:59:37.000000;2016-03-19T01:59:37.000000;1c7007d4-022d-4fc4-b52a-f91c35fbd05d;407.0;1.0162;UNKNOWN
2016-03-19T01:59:37.000000;2016-03-19T01:59:37.000000;999ad932-e4bc-474d-a2f8-c20db1f6e1eb;406.99;0.01;UNKNOWN
2016-03-19T01:59:38.000000;2016-03-19T01:59:38.000000;00b6c84f-7d71-454c-9ad5-2d9e8141785e;407.0;0.05;UNKNOWN
2016-03-19T02:01:55.000000;2016-03-19T02:01:55.000000;affa2cd3-11cd-46f9-90df-59002f2e09de;406.99;0.01;UNKNOWN
2016-03-19T02:01:55.000000;2016-03-19T02:01:55.000000;6db50461-3025-48cf-8b0f-afaf4ee60bff;407.0;0.30676771;UNKNOWN
2016-03-19T02:01:58.000000;2016-03-19T02:01:58.000000;b432282c-5dfd-4bcb-8dc7-a0335cddcf01;407.81;10.58632306;UNKNOWN
2016-03-19T02:01:58.000000;2016-03-19T02:01:58.000000;44d138df-7359-46a2-bbad-5e6457f7ee57;407.01;6.0707;UNKNOWN
2016-03-19T02:01:58.000000;2016-03-19T02:01:58.000000;775a2d66-5622-4274-8d3c-bb2b89ef6cd5;407.0;0.01;UNKNOWN
2016-03-19T02:01:58.000000;2016-03-19T02:01:58.000000;cb2b3c19-4b1e-4caf-a0e7-d1955b8b9a40;407.33;2.15762511;UNKNOWN
2016-03-19T02:01:58.000000;2016-03-19T02:01:58.000000;5f9d4201-2e6f-47e6-bb32-c9c6d5c0c120;407.52;6.0;UNKNOWN
2016-03-19T02:01:58.000000;2016-03-19T02:01:58.000000;561e830f-0bc2-4c4a-b3bc-d7c59c4bcb9a;407.0;0.17535183;UNKNOWN
2016-03-19T02:03:15.000000;2016-03-19T02:03:15.000000;2bb79056-45b3-4d23-8510-6b622372b9ff;407.7;0.24191402;UNKNOWN
2016-03-19T02:05:05.000000;2016-03-19T02:05:05.000000;2921be5c-6c20-4f5f-b7c0-48d1b08fc7b3;407.99;0.23789133;UNKNOWN
2016-03-19T02:06:55.000000;2016-03-19T02:06:55.000000;9e2b8710-c07f-4af5-abae-a2b09833d3e9;407.99;0.02541635;UNKNOWN
2016-03-19T02:07:05.000000;2016-03-19T02:07:05.000000;d2a454df-f1bf-4754-a6ae-036bc90a767f;407.99;0.02435757;UNKNOWN
2016-03-19T02:07:57.000000;2016-03-19T02:07:57.000000;575b137f-f683-4cdb-b221-452aa238dee7;407.68;0.012219;UNKNOWN
2016-03-19T02:07:57.000000;2016-03-19T02:07:57.000000;e8b43d5c-28aa-4422-8021-d3cf0597be9f;407.75;0.011658;UNKNOWN
2016-03-19T02:07:57.000000;2016-03-19T02:07:57.000000;e088d955-4969-4a97-b278-2086f1dcde0a;407.98;0.29212981;UNKNOWN
2016-03-19T02:07:58.000000;2016-03-19T02:07:58.000000;a9b7c82c-e1a6-44b1-9ec2-648c82aee2e2;407.98;0.44063244;UNKNOWN
2016-03-19T02:08:00.000000;2016-03-19T02:08:00.000000;39dccc36-5117-4dfe-9d9b-14f257f65add;407.66;0.010941;UNKNOWN
2016-03-19T02:08:00.000000;2016-03-19T02:08:00.000000;206ecc62-42f9-4177-8143-f39c32fa58f8;407.98;0.54533581;UNKNOWN
2016-03-19T02:08:00.000000;2016-03-19T02:08:00.000000;0426e3a8-3a3c-458f-b7c4-6491e30eff84;407.98;0.17725343;UNKNOWN
2016-03-19T02:08:00.000000;2016-03-19T02:08:00.000000;cc1197d4-155f-44cd-a94d-956a198335fd;407.98;0.02311798;UNKNOWN
2016-03-19T02:08:10.000000;2016-03-19T02:08:10.000000;27cf319b-01d9-4311-9d72-4b1503423b11;407.6;0.010023;UNKNOWN
2016-03-19T02:10:20.000000;2016-03-19T02:10:20.000000;bdec9edb-1e1c-4d5f-b0b4-491f6a7fed6c;407.59;0.12085468;UNKNOWN
2016-03-19T02:11:34.000000;2016-03-19T02:11:34.000000;24c8fd13-e19c-4e7e-9c7a-f23fc20af278;407.59;0.00988532;UNKNOWN
2016-03-19T02:11:34.000000;2016-03-19T02:11:34.000000;5c9f5fe0-a4ff-4e29-890f-795b3369ff80;407.59;0.01514031;UNKNOWN
2016-03-19T02:11:40.000000;2016-03-19T02:11:40.000000;dcb51df5-4a46-4caa-8a3d-4fbd0f6893c2;407.59;0.02211459;UNKNOWN
2016-03-19T02:13:48.000000;2016-03-19T02:13:48.000000;8d77d13a-571b-4bc1-b97e-e1c1cbf68b1d;407.41;0.12770689;UNKNOWN
2016-03-19T02:16:27.000000;2016-03-19T02:16:27.000000;81bc73db-37f9-4cb2-83d8-a11e45f168f3;407.9;0.1772898;UNKNOWN
2016-03-19T02:16:32.000000;2016-03-19T02:16:32.000000;4424c248-1855-4d7d-b4d1-229f1a0a005c;407.9;0.10623829;UNKNOWN
2016-03-19T02:17:55.000000;2016-03-19T02:17:55.000000;b1345928-a105-4aac-989d-85f904ceb560;407.9;0.27903814;UNKNOWN
2016-03-19T02:18:06.000000;2016-03-19T02:18:06.000000;d51d4c30-2eae-4c05-af90-50acc0b784c0;407.9;0.21716877;UNKNOWN
2016-03-19T02:18:11.000000;2016-03-19T02:18:11.000000;ccf13868-4cb4-40db-aa03-acdb7ad75165;407.9;0.03050923;UNKNOWN
2016-03-19T02:18:13.000000;2016-03-19T02:18:13.000000;1c423b48-ee45-4574-a1ef-27a3e2a2f091;407.9;0.042878;UNKNOWN
2016-03-19T02:18:14.000000;2016-03-19T02:18:14.000000;842deecd-2695-4c2b-bab7-150d0cc3d266;407.9;0.31606878;UNKNOWN
2016-03-19T02:18:17.000000;2016-03-19T02:18:17.000000;72795aba-e68b-407c-ac81-66c950cddf62;407.9;0.03111841;UNKNOWN
2016-03-19T02:18:53.000000;2016-03-19T02:18:53.000000;c69ccf58-9a48-4369-a693-e320906ed214;407.9;0.31606878;UNKNOWN
2016-03-19T02:18:55.000000;2016-03-19T02:18:55.000000;eca94024-cc8f-46fc-82ad-3c72ad6afed5;407.9;0.04745764;UNKNOWN
2016-03-19T02:19:04.000000;2016-03-19T02:19:04.000000;02e16e05-3153-4cc8-a10f-23f1578fccfd;407.9;0.31606878;UNKNOWN
2016-03-19T02:19:08.000000;2016-03-19T02:19:08.000000;134cb97b-db82-46bc-b628-4969d47ad95d;407.61;0.085266;UNKNOWN
2016-03-19T02:20:06.000000;2016-03-19T02:20:06.000000;1735c873-af2f-420d-bc54-9cab5365f460;407.9;0.2854696;UNKNOWN
2016-03-19T02:21:19.000000;2016-03-19T02:21:19.000000;b4e1997e-6178-4595-9342-e96346835411;407.9;0.02507232;UNKNOWN
2016-03-19T02:21:24.000000;2016-03-19T02:21:24.000000;0fe868ad-7caa-4445-9f5a-f00fa812f3ef;407.9;0.02506987;UNKNOWN
2016-03-19T02:21:28.000000;2016-03-19T02:21:28.000000;073a8f76-9d7d-4167-9735-7e96d5cbac49;407.9;0.02507232;UNKNOWN
2016-03-19T02:21:31.000000;2016-03-19T02:21:31.000000;84bac731-9c22-4278-9422-0a0bd723edef;407.7;3.0;UNKNOWN
2016-03-19T02:21:51.000000;2016-03-19T02:21:51.000000;bbff3b3e-60a5-486e-81ff-6f0741caac52;407.9;0.01;UNKNOWN
2016-03-19T02:22:19.000000;2016-03-19T02:22:19.000000;4a09b17f-aa4b-454e-a6fc-e406cc1a12de;407.7;0.19347037;UNKNOWN
2016-03-19T02:23:22.000000;2016-03-19T02:23:22.000000;92cc8143-bf7f-4e41-94f5-a1394b604ba5;407.7;0.31623008;UNKNOWN
2016-03-19T02:23:22.000000;2016-03-19T02:23:22.000000;8cf821b9-c4d4-41f6-99df-615a908a8da2;407.7;0.31654038;UNKNOWN
2016-03-19T02:23:22.000000;2016-03-19T02:23:22.000000;5c3f7496-611a-4de2-9897-52e5e33c47a1;407.7;0.31654038;UNKNOWN
2016-03-19T02:23:22.000000;2016-03-19T02:23:22.000000;e097596d-d37a-4c5a-bd17-264e60a9c502;407.7;0.31652182;UNKNOWN
2016-03-19T02:23:22.000000;2016-03-19T02:23:22.000000;194d1205-129b-425e-bfd2-eb911e0b0514;407.7;0.31654038;UNKNOWN
2016-03-19T02:23:22.000000;2016-03-19T02:23:22.000000;d498760e-29c3-40da-9978-73abeb70810e;407.7;0.31655068;UNKNOWN
2016-03-19T02:23:22.000000;2016-03-19T02:23:22.000000;b2a13928-1c7e-4007-8926-cae3037895ec;407.7;0.26286919;UNKNOWN
2016-03-19T02:23:24.000000;2016-03-19T02:23:24.000000;05810690-92cd-4607-93ac-a366ef52aa2e;407.7;0.01167449;UNKNOWN
2016-03-19T02:23:24.000000;2016-03-19T02:23:24.000000;7b70c1e6-fbbb-43ee-bfe3-abbee33adeb4;407.7;0.31652185;UNKNOWN
2016-03-19T02:23:24.000000;2016-03-19T02:23:24.000000;c01cdb9c-da9d-41ee-a1e8-91e81c26085b;407.7;0.31654038;UNKNOWN
2016-03-19T02:23:25.000000;2016-03-19T02:23:25.000000;d132f71d-023e-483f-9c0f-526ba93dff5c;407.86;0.04722484;UNKNOWN
2016-03-19T02:23:25.000000;2016-03-19T02:23:25.000000;9024f174-21a3-493d-a607-5f8d458d267f;407.86;0.31609979;UNKNOWN
2016-03-19T02:23:25.000000;2016-03-19T02:23:25.000000;4377e9bf-a977-4de7-a62f-731f62ee71d7;407.86;0.31609979;UNKNOWN
2016-03-19T02:23:25.000000;2016-03-19T02:23:25.000000;ebcfd4f2-21bd-447f-ba11-cb82dfafa232;407.86;0.31609979;UNKNOWN
2016-03-19T02:23:25.000000;2016-03-19T02:23:25.000000;d01c968c-e9c7-4542-8668-05d4b5d66e47;407.86;0.20361374;UNKNOWN
2016-03-19T02:23:25.000000;2016-03-19T02:23:25.000000;9f8ac5c2-1944-4264-bfa2-6e570c4d31f8;407.7;0.30486589;UNKNOWN
2016-03-19T02:23:25.000000;2016-03-19T02:23:25.000000;9dbbf5b4-c7b8-4d44-acba-9c82fcfbb2bf;407.86;0.0112339;UNKNOWN
2016-03-19T02:23:26.000000;2016-03-19T02:23:26.000000;a6eafe81-bbf1-4a15-a6f2-929531d559b2;407.86;0.31609979;UNKNOWN
2016-03-19T02:23:39.000000;2016-03-19T02:23:39.000000;9003d453-9e2a-4afd-bdd6-8bb1321d2471;407.6;0.31655068;UNKNOWN
2016-03-19T02:23:50.000000;2016-03-19T02:23:50.000000;3ee80191-3e2c-4511-800c-6e495448c666;407.7;0.123;UNKNOWN
2016-03-19T02:23:50.000000;2016-03-19T02:23:50.000000;139fc2db-1f49-42a8-9324-b6139756950d;407.69;0.123;UNKNOWN
2016-03-19T02:23:50.000000;2016-03-19T02:23:50.000000;ff16aaef-405e-4b74-9587-63d9f7390cd9;407.7;0.07022383;UNKNOWN
2016-03-19T02:24:10.000000;2016-03-19T02:24:10.000000;6042342b-0fe8-4fbf-90cf-d556b0fb8dbb;407.6;1.68344932;UNKNOWN
2016-03-19T02:24:10.000000;2016-03-19T02:24:10.000000;229c08e6-ba5d-4049-a97e-de1ce67a0149;407.65;2.0;UNKNOWN
2016-03-19T02:29:31.000000;2016-03-19T02:29:31.000000;5f448763-f4d4-4040-bf2b-89efb930fddf;406.9;0.07807919;UNKNOWN
2016-03-19T02:29:33.000000;2016-03-19T02:29:33.000000;33cbf19c-b8d7-43a5-8a0a-2c1e4353486e;406.89;0.05520855;UNKNOWN
2016-03-19T02:29:34.000000;2016-03-19T02:29:34.000000;b88e037f-041f-4404-9a75-6cae9f93ca56;406.89;0.02287256;UNKNOWN
2016-03-19T02:29:34.000000;2016-03-19T02:29:34.000000;c0289ab4-5ed2-4bf4-9f73-d5e6ca3d2513;406.86;0.066508;UNKNOWN
2016-03-19T02:29:34.000000;2016-03-19T02:29:34.000000;0eeed5d2-6936-4d9d-be3b-405c58550c29;406.69;3.2826334;UNKNOWN
2016-03-19T02:29:34.000000;2016-03-19T02:29:34.000000;1227d765-c615-4a94-be21-3027319413b9;406.88;0.11798604;UNKNOWN
2016-03-19T02:30:09.000000;2016-03-19T02:30:09.000000;b261ca38-7055-4744-b630-5bec3b03596b;406.66;0.23915231;UNKNOWN
2016-03-19T02:31:09.000000;2016-03-19T02:31:09.000000;be98b359-b889-4c59-afa1-be1387a55174;406.88;0.20051534;UNKNOWN
2016-03-19T02:31:24.000000;2016-03-19T02:31:24.000000;8f1ff2d8-78ed-427a-949e-47a8980258d7;406.87;0.18856284;UNKNOWN
2016-03-19T02:31:47.000000;2016-03-19T02:31:47.000000;b0f6b2f6-e272-4515-8905-053eaedd066e;406.85;0.2114678;UNKNOWN
2016-03-19T02:32:52.000000;2016-03-19T02:32:52.000000;3ea54726-aaf9-488d-a572-02591f075b1a;406.88;0.21233781;UNKNOWN
2016-03-19T02:34:11.000000;2016-03-19T02:34:11.000000;d38a6a4c-1a91-4fe3-815e-d8f8d204c788;406.89;0.01;UNKNOWN
2016-03-19T02:34:32.000000;2016-03-19T02:34:32.000000;35768b90-9326-4d59-9d63-f83a16d0cb2d;406.92;0.00526822;UNKNOWN
2016-03-19T02:34:32.000000;2016-03-19T02:34:32.000000;0999f3ad-d3dd-484d-ac6e-386fb29cb20e;406.91;0.01;UNKNOWN
2016-03-19T02:34:32.000000;2016-03-19T02:34:32.000000;aa3b67c3-ee98-40cb-aafd-d89932f77f82;406.9;0.01;UNKNOWN
2016-03-19T02:34:55.000000;2016-03-19T02:34:55.000000;9712ac92-a2a5-490f-9201-5f5f6c49e2b4;406.92;0.00473178;UNKNOWN
2016-03-19T02:35:55.000000;2016-03-19T02:35:55.000000;fb1934d3-fbd9-4193-af77-ec3795f52c73;406.92;0.14760035;UNKNOWN
2016-03-19T02:36:26.000000;2016-03-19T02:36:26.000000;05eaa0f3-6647-41ff-9cf2-c895d6fd2dfb;406.98;0.01;UNKNOWN
2016-03-19T02:36:26.000000;2016-03-19T02:36:26.000000;48dd523f-ec39-4436-a97a-7c9ac11575cb;406.95;0.01;UNKNOWN
2016-03-19T02:36:26.000000;2016-03-19T02:36:26.000000;6eff2ec2-936f-440c-8ef5-4b8f891e1174;406.93;0.01;UNKNOWN
2016-03-19T02:36:26.000000;2016-03-19T02:36:26.000000;c811687c-b7b5-4e10-8335-dcccff4a3ee1;407.31;0.04;UNKNOWN
2016-03-19T02:36:26.000000;2016-03-19T02:36:26.000000;7ff41b0d-3b0b-4333-b9ec-006670da5fa6;406.96;0.01;UNKNOWN
2016-03-19T02:36:26.000000;2016-03-19T02:36:26.000000;2aa9c9a3-4706-45b9-9510-bed88fe27c80;406.97;0.01;UNKNOWN
2016-03-19T02:36:26.000000;2016-03-19T02:36:26.000000;bd233f10-299a-4bed-bba5-0211d018353e;406.94;0.01;UNKNOWN
2016-03-19T02:36:33.000000;2016-03-19T02:36:33.000000;660a4973-f7c1-43fe-9262-773f0567df9d;407.32;0.00426074;UNKNOWN
2016-03-19T02:36:33.000000;2016-03-19T02:36:33.000000;e6a92b9a-ad97-4f48-ae9e-a9206a97c811;407.31;0.021;UNKNOWN
2016-03-19T02:36:48.000000;2016-03-19T02:36:48.000000;ffdd5635-552a-4918-a76c-23a50ee1128b;407.31;0.1;UNKNOWN
2016-03-19T02:36:52.000000;2016-03-19T02:36:52.000000;055b173a-946f-4ab4-808a-1624d90fd372;407.28;0.05657874;UNKNOWN
2016-03-19T02:37:11.000000;2016-03-19T02:37:11.000000;7aa6a1a2-8b13-4739-92b4-a0893876f7db;407.32;0.039;UNKNOWN
2016-03-19T02:37:11.000000;2016-03-19T02:37:11.000000;20938170-4dd7-4438-b4ad-736f3697ede5;407.31;0.061;UNKNOWN
2016-03-19T02:37:19.000000;2016-03-19T02:37:19.000000;53b0c8f3-ee61-4390-b5fc-4f32d486d3a0;407.32;0.1;UNKNOWN
2016-03-19T02:37:38.000000;2016-03-19T02:37:38.000000;c5b6a0d9-740c-4e49-b0b9-8197c4ff182e;407.31;0.1;UNKNOWN
2016-03-19T02:38:19.000000;2016-03-19T02:38:19.000000;7c309417-3418-41cc-9206-973c2e842258;407.56;0.14231434;UNKNOWN
2016-03-19T02:38:19.000000;2016-03-19T02:38:19.000000;9a414d39-3704-41b4-befd-000017c9006f;407.56;0.07;UNKNOWN
2016-03-19T02:38:19.000000;2016-03-19T02:38:19.000000;a3751ecf-7a71-43ae-91ba-ae146a29b2bf;407.56;0.91308431;UNKNOWN
2016-03-19T02:38:58.000000;2016-03-19T02:38:58.000000;d204997a-968d-4e4e-85c2-654c463e39a7;407.99;6.0685;UNKNOWN
2016-03-19T02:38:58.000000;2016-03-19T02:38:58.000000;38cd0f25-a9a6-4a74-a734-08f87864116d;407.6;1.31655068;UNKNOWN
2016-03-19T02:38:58.000000;2016-03-19T02:38:58.000000;34a3e669-b1a8-467b-ad84-dbfb327b7dbb;407.6;0.061;UNKNOWN
2016-03-19T02:38:58.000000;2016-03-19T02:38:58.000000;8c143af1-9d5b-4fa7-8ca1-eb0dd13aae1b;408.0;0.07374726;UNKNOWN
2016-03-19T02:39:00.000000;2016-03-19T02:39:00.000000;0bef71c9-48c2-4b75-ac4b-72b534f8398b;407.7;0.123;UNKNOWN
2016-03-19T02:39:34.000000;2016-03-19T02:39:34.000000;24a4cfff-6bb0-4a24-892d-3bf1b83f0f68;407.98;0.339;UNKNOWN
2016-03-19T02:39:34.000000;2016-03-19T02:39:34.000000;2ad28b9c-5873-46ed-9c61-91d9f7318031;407.97;0.061;UNKNOWN
2016-03-19T02:42:01.000000;2016-03-19T02:42:01.000000;7707b021-074c-418d-94fe-29089a821345;407.84;0.01592993;UNKNOWN
2016-03-19T02:42:05.000000;2016-03-19T02:42:05.000000;0cf0f566-740c-46a2-98aa-63188f1db5c7;407.97;0.123;UNKNOWN
2016-03-19T02:42:05.000000;2016-03-19T02:42:05.000000;7a465c4c-8eb3-4cb5-a67a-e455fa17fbdc;407.96;0.123;UNKNOWN
2016-03-19T02:42:05.000000;2016-03-19T02:42:05.000000;c3119964-edc9-454c-8e23-4ce792bf2854;407.96;0.04174721;UNKNOWN
2016-03-19T02:42:05.000000;2016-03-19T02:42:05.000000;9698258f-86e8-425c-bec7-ddb16b824e07;407.98;0.30402611;UNKNOWN
2016-03-19T02:42:07.000000;2016-03-19T02:42:07.000000;3d51f099-33ee-4850-b7ec-2af6610f0ba1;407.84;2.5;UNKNOWN
2016-03-19T02:44:51.000000;2016-03-19T02:44:51.000000;149e11fb-64be-4dab-9227-ae92208da982;407.69;0.04908792;UNKNOWN
2016-03-19T02:45:17.000000;2016-03-19T02:45:17.000000;083d8b1f-913f-4b04-90f7-a3ee904fb327;407.55;0.24243011;UNKNOWN
2016-03-19T02:45:44.000000;2016-03-19T02:45:44.000000;457d47d6-aaab-4464-b7da-9e8fcc33e20b;407.91;0.0998;UNKNOWN
2016-03-19T02:46:55.000000;2016-03-19T02:46:55.000000;ac60aa83-dd1c-4f66-889e-4a6c6bf7869f;407.92;0.123;UNKNOWN
2016-03-19T02:46:55.000000;2016-03-19T02:46:55.000000;ba371c5a-5d09-4e17-b95b-776a6892457b;407.92;6.0629;UNKNOWN
2016-03-19T02:46:55.000000;2016-03-19T02:46:55.000000;42b5d244-b9ef-4ac8-b6fa-6151c0292807;408.0;9.39274817;UNKNOWN
2016-03-19T02:47:00.000000;2016-03-19T02:47:00.000000;59ded9bc-ae8b-4e47-809e-da0a5c86cf9c;408.02;0.061;UNKNOWN
2016-03-19T02:47:42.000000;2016-03-19T02:47:42.000000;d564801f-eab9-4fba-9aa2-970214f32e02;408.28;0.123;UNKNOWN
2016-03-19T02:47:42.000000;2016-03-19T02:47:42.000000;72c8ca22-a145-4bfa-b36a-d59df6caed25;408.29;0.02938911;UNKNOWN
2016-03-19T02:47:43.000000;2016-03-19T02:47:43.000000;a3afcd5b-2595-4f8e-841a-bfcbe82d986b;408.29;0.03161089;UNKNOWN
2016-03-19T02:47:48.000000;2016-03-19T02:47:48.000000;1354212d-788d-4f3f-92e4-87b4bf148f71;408.3;0.07818705;UNKNOWN
2016-03-19T02:47:48.000000;2016-03-19T02:47:48.000000;34eb4c86-a040-44d3-b606-01c871879045;408.3;0.01019831;UNKNOWN
2016-03-19T02:47:57.000000;2016-03-19T02:47:57.000000;0d1cd097-1e1d-4f59-a2fb-aba07283a473;408.31;0.01386792;UNKNOWN
2016-03-19T02:48:00.000000;2016-03-19T02:48:00.000000;57bb0780-9c8d-4c85-a899-ac32c4aea083;408.31;0.1007783;UNKNOWN
2016-03-19T02:48:07.000000;2016-03-19T02:48:07.000000;a57c0c90-d96f-496b-b333-898b0633404a;408.29;0.01531;UNKNOWN
2016-03-19T02:50:41.000000;2016-03-19T02:50:41.000000;5ac6c474-fd7f-49a1-b648-43a044b325b8;408.41;0.436756;UNKNOWN
2016-03-19T02:50:45.000000;2016-03-19T02:50:45.000000;e2d37673-29f4-452a-b505-580267628872;408.41;0.871159;UNKNOWN
2016-03-19T02:52:19.000000;2016-03-19T02:52:19.000000;f855d1a6-7226-4545-8186-8bd2ca2817ee;408.5;0.2173913;UNKNOWN
2016-03-19T02:52:50.000000;2016-03-19T02:52:50.000000;4e4c1d9e-e91d-470b-8a92-c72ad730b8fa;408.58;0.13820385;UNKNOWN
2016-03-19T02:52:50.000000;2016-03-19T02:52:50.000000;9dbbb2ad-9b75-402d-a962-e7d7a214cc20;408.58;0.38420385;UNKNOWN
2016-03-19T02:52:50.000000;2016-03-19T02:52:50.000000;a822c527-b1f4-4440-ba75-7427eea2e67a;408.64;2.4775923;UNKNOWN
2016-03-19T02:54:03.000000;2016-03-19T02:54:03.000000;e9564f08-2664-47b2-ba47-5ef6eef849a9;408.52;0.12376;UNKNOWN
2016-03-19T02:54:12.000000;2016-03-19T02:54:12.000000;ebcb281f-df34-4a0d-b5ce-73b65c74e61b;408.5;0.360194;UNKNOWN
2016-03-19T02:54:29.000000;2016-03-19T02:54:29.000000;8ddbfe06-c5f6-4bb1-a860-8f660cf07724;408.65;7.5;UNKNOWN
2016-03-19T02:54:51.000000;2016-03-19T02:54:51.000000;3068ce73-f478-45b9-9029-19be54af28c7;408.59;0.01;UNKNOWN
2016-03-19T02:55:05.000000;2016-03-19T02:55:05.000000;91fd7735-2766-438b-8172-212adf8a2924;408.66;0.07394393;UNKNOWN
2016-03-19T02:56:39.000000;2016-03-19T02:56:39.000000;de9a0981-217c-4c39-9127-5c0f525a9931;408.52;7.0;UNKNOWN
2016-03-19T02:57:27.000000;2016-03-19T02:57:27.000000;b4c4cd6f-aae9-457c-bb28-04dc7fe88f1a;408.5;0.093899;UNKNOWN
2016-03-19T02:58:08.000000;2016-03-19T02:58:08.000000;101e666b-fd38-4942-840b-00430de6d9aa;408.5;0.343786;UNKNOWN
2016-03-19T02:59:15.000000;2016-03-19T02:59:15.000000;fb4fe796-780b-4827-a951-f026b9104627;408.5;0.101311;UNKNOWN
2016-03-19T03:01:39.000000;2016-03-19T03:01:39.000000;19298c67-f1b5-4742-98b9-2f094ed74d50;408.53;0.061;UNKNOWN
2016-03-19T03:01:39.000000;2016-03-19T03:01:39.000000;6080e9c8-5b4b-4b23-9c1b-b5c1aef27050;408.52;0.123;UNKNOWN
2016-03-19T03:01:39.000000;2016-03-19T03:01:39.000000;a37a9ac4-aa3a-4577-a207-e2feb04334f8;408.64;2.0326;UNKNOWN
2016-03-19T03:01:39.000000;2016-03-19T03:01:39.000000;b26c816f-1534-496b-ab00-262ec347b69d;408.53;12.7834;UNKNOWN
2016-03-19T03:02:31.000000;2016-03-19T03:02:31.000000;6397c691-42b7-401a-8fdb-b02ae8eb4d08;408.5;0.12;UNKNOWN
2016-03-19T03:03:30.000000;2016-03-19T03:03:30.000000;d2d724a8-2354-44ea-ab2b-bf96693efc5a;408.5;0.01;UNKNOWN
2016-03-19T03:03:33.000000;2016-03-19T03:03:33.000000;e921fff8-0474-49a9-9290-a953b44e7af3;408.5;0.41;UNKNOWN
2016-03-19T03:03:52.000000;2016-03-19T03:03:52.000000;5ca51894-dad9-48ac-9166-e8ece72f17d5;408.5;0.2;UNKNOWN
2016-03-19T03:03:58.000000;2016-03-19T03:03:58.000000;1f20468d-84c1-4135-945c-677d541ebdad;408.5;0.1269;UNKNOWN
2016-03-19T03:04:03.000000;2016-03-19T03:04:03.000000;21047e08-2a66-4cdd-84b5-c58f15ad7daa;408.5;0.1197;UNKNOWN
2016-03-19T03:04:19.000000;2016-03-19T03:04:19.000000;2a33e1ea-7191-480d-bfd5-bd6c41bfec56;408.5;0.36585;UNKNOWN
2016-03-19T03:04:23.000000;2016-03-19T03:04:23.000000;d15f108e-652f-4cd8-96cb-f5531b2d2270;408.51;0.01;UNKNOWN
2016-03-19T03:04:41.000000;2016-03-19T03:04:41.000000;727c551b-7948-4978-9c7b-f0f9453e1104;408.5;0.01;UNKNOWN
2016-03-19T03:05:12.000000;2016-03-19T03:05:12.000000;dfd0f378-1d23-4207-8c0d-3d6e578d8b56;408.52;0.05677837;UNKNOWN
2016-03-19T03:05:12.000000;2016-03-19T03:05:12.000000;68c5a551-68d9-4b08-bd3d-13d43e7ab09f;408.51;0.09;UNKNOWN
2016-03-19T03:05:37.000000;2016-03-19T03:05:37.000000;bbf8afbd-f04d-4a6a-a832-1c22ddf941aa;408.52;1.0;UNKNOWN
2016-03-19T03:05:48.000000;2016-03-19T03:05:48.000000;d3bdd3e4-e9a6-4ce6-b7c0-4bc797891c59;408.72;0.01;UNKNOWN
2016-03-19T03:05:57.000000;2016-03-19T03:05:57.000000;2246ff40-3c0b-48b5-8c6b-90cafe56f3be;408.5;0.01;UNKNOWN
2016-03-19T03:07:08.000000;2016-03-19T03:07:08.000000;55138421-8d82-48da-802f-55b0fbf01b80;408.59;0.04726721;UNKNOWN
2016-03-19T03:07:19.000000;2016-03-19T03:07:19.000000;fc779730-51b7-4bfe-8984-80d93392e78d;408.6;0.1;UNKNOWN
2016-03-19T03:07:19.000000;2016-03-19T03:07:19.000000;95bf043a-9806-422b-bde9-d0178b69c386;408.6;0.1004746;UNKNOWN
2016-03-19T03:07:24.000000;2016-03-19T03:07:24.000000;26effe96-c17d-46f2-98a6-5befbdb3ced4;408.6;0.02243539;UNKNOWN
2016-03-19T03:07:30.000000;2016-03-19T03:07:30.000000;e772b290-c7f7-4fce-8925-1378801d6e5c;408.6;0.10683163;UNKNOWN
2016-03-19T03:07:35.000000;2016-03-19T03:07:35.000000;b9d1f5b0-d73e-4acc-85da-6046254c8b64;408.6;0.11038701;UNKNOWN
2016-03-19T03:07:39.000000;2016-03-19T03:07:39.000000;f01e2b88-ed6e-4b37-aeb9-f6d7871bd477;408.6;0.11038701;UNKNOWN
2016-03-19T03:07:43.000000;2016-03-19T03:07:43.000000;337863a2-ae3b-4df6-b557-7aa6aa935c24;408.6;0.05112039;UNKNOWN
2016-03-19T03:09:08.000000;2016-03-19T03:09:08.000000;6f3eeac8-0f9b-4d3d-9f69-b31134181756;408.5;0.27321731;UNKNOWN
2016-03-19T03:10:05.000000;2016-03-19T03:10:05.000000;ba4610bd-a0f9-41c7-a944-237ee01c81ed;408.56;0.055709;UNKNOWN
2016-03-19T03:10:05.000000;2016-03-19T03:10:05.000000;458866fa-6495-418e-9bd7-73cbde6796ad;408.56;0.09219658;UNKNOWN
2016-03-19T03:10:11.000000;2016-03-19T03:10:11.000000;5503c031-4a68-4d0b-a58b-622e9415593c;408.5;0.148508;UNKNOWN
2016-03-19T03:10:12.000000;2016-03-19T03:10:12.000000;f1235719-73c0-405d-8f81-3fca72ee0d7f;408.53;0.47023565;UNKNOWN
2016-03-19T03:10:15.000000;2016-03-19T03:10:15.000000;eb4313af-05c2-434a-89ae-2e6fa9575f18;408.5;0.141544;UNKNOWN
2016-03-19T03:11:05.000000;2016-03-19T03:11:05.000000;5817a3c3-1537-4e64-aab3-9579b0b65c78;408.52;0.19258909;UNKNOWN
2016-03-19T03:11:05.000000;2016-03-19T03:11:05.000000;d9fa23d7-efd5-4742-8719-5891962f3b1b;408.52;0.123;UNKNOWN
2016-03-19T03:11:19.000000;2016-03-19T03:11:19.000000;2e8ee2cd-7e1a-4c37-b174-c05056e9c00b;408.52;0.21663564;UNKNOWN
2016-03-19T03:11:20.000000;2016-03-19T03:11:20.000000;83e3a93a-5b55-49d7-a7af-fbf196fd93e4;408.52;0.21663564;UNKNOWN
2016-03-19T03:11:38.000000;2016-03-19T03:11:38.000000;d5a85f20-9050-47c9-93cb-e01c4d1ba36b;408.52;0.84561166;UNKNOWN
2016-03-19T03:11:38.000000;2016-03-19T03:11:38.000000;cc465059-c592-48a5-ac9c-16c707684bd7;408.52;0.15438834;UNKNOWN
2016-03-19T03:11:39.000000;2016-03-19T03:11:39.000000;50ce7ccd-d9a8-4ed5-8e18-40eeac8b2490;408.52;0.31558909;UNKNOWN
2016-03-19T03:11:41.000000;2016-03-19T03:11:41.000000;05a43a85-9acc-48f7-a987-744916feced3;408.52;0.04698097;UNKNOWN
2016-03-19T03:11:52.000000;2016-03-19T03:11:52.000000;eebb555e-d8a5-443e-9687-7f3f282aecf4;408.53;0.061;UNKNOWN
2016-03-19T03:11:52.000000;2016-03-19T03:11:52.000000;05bcca35-fd1a-4450-bb44-ae0726940d47;408.63;0.25448368;UNKNOWN
2016-03-19T03:13:35.000000;2016-03-19T03:13:35.000000;25c2b1ac-4d2b-4a41-9669-ea0f3d0c0fa6;408.5;0.083698;UNKNOWN
2016-03-19T03:15:10.000000;2016-03-19T03:15:10.000000;d1722dfd-0a54-4022-9e68-86852e2920b4;408.5;0.111196;UNKNOWN
2016-03-19T03:15:34.000000;2016-03-19T03:15:34.000000;610ec1b4-a839-4478-8076-d5006ab1f238;408.51;0.21039788;UNKNOWN
2016-03-19T03:15:35.000000;2016-03-19T03:15:35.000000;08f76277-d74e-465a-b11b-1df5840ca9c5;408.51;0.21039788;UNKNOWN
2016-03-19T03:15:37.000000;2016-03-19T03:15:37.000000;90ac678b-295c-482f-858c-b55316c050b2;408.51;0.21039788;UNKNOWN
2016-03-19T03:15:39.000000;2016-03-19T03:15:39.000000;6a61deab-b7a5-461d-bb45-e25e36e9ffc7;408.51;0.21039788;UNKNOWN
2016-03-19T03:15:42.000000;2016-03-19T03:15:42.000000;f8201169-19f2-4b0d-a695-80b82a01d559;408.51;0.21039788;UNKNOWN
2016-03-19T03:15:44.000000;2016-03-19T03:15:44.000000;730207be-8cbf-45b7-a6c6-85f151012ca5;408.51;0.21039788;UNKNOWN
2016-03-19T03:15:45.000000;2016-03-19T03:15:45.000000;0fd33496-6165-47ce-b3ae-27758b498e36;408.51;0.12522591;UNKNOWN
2016-03-19T03:15:46.000000;2016-03-19T03:15:46.000000;5a59042d-a9dd-47c7-82f1-42c30fa3cfd9;408.51;0.21039788;UNKNOWN
2016-03-19T03:15:47.000000;2016-03-19T03:15:47.000000;e332a0d1-9c9f-492c-b28c-7f7d13a75513;408.51;0.12522591;UNKNOWN
2016-03-19T03:15:48.000000;2016-03-19T03:15:48.000000;0c4d0e2b-a3f7-4bea-ad1b-ea8b6daafa78;408.51;0.21039788;UNKNOWN
2016-03-19T03:15:54.000000;2016-03-19T03:15:54.000000;bdf9ad82-7afb-4265-ba4a-9db99abc9954;408.51;0.31559682;UNKNOWN
2016-03-19T03:15:54.000000;2016-03-19T03:15:54.000000;e156afc0-050b-49b2-a4c0-67cc094067c3;408.49;0.0279;UNKNOWN
2016-03-19T03:15:54.000000;2016-03-19T03:15:54.000000;fab5b02e-6a34-4c57-88cc-f6e4b65ed41c;408.37;1.95623125;UNKNOWN
2016-03-19T03:15:54.000000;2016-03-19T03:15:54.000000;f3698439-1647-45ae-9f94-6e2de7da9620;408.5;0.86586875;UNKNOWN
2016-03-19T03:15:56.000000;2016-03-19T03:15:56.000000;8b3b1a5d-3069-473e-a124-6b6673fc4737;408.51;0.31559682;UNKNOWN
2016-03-19T03:16:20.000000;2016-03-19T03:16:20.000000;e471903b-2b28-439a-80a1-c20e07f8fbb4;408.51;0.09259682;UNKNOWN
2016-03-19T03:16:20.000000;2016-03-19T03:16:20.000000;3c15b025-1e80-4aa8-8651-221b0b2d251b;408.5;0.1;UNKNOWN
2016-03-19T03:16:20.000000;2016-03-19T03:16:20.000000;3cc42dba-04b1-43a2-ae28-de0873aecfee;408.49;0.123;UNKNOWN
2016-03-19T03:16:39.000000;2016-03-19T03:16:39.000000;19464744-5c69-4ce7-9997-04a0ff537d2a;408.51;0.12429998;UNKNOWN
2016-03-19T03:16:39.000000;2016-03-19T03:16:39.000000;961ff0b1-130f-4d67-823a-b95d8488278c;408.51;0.31559683;UNKNOWN
2016-03-19T03:16:39.000000;2016-03-19T03:16:39.000000;40190895-cb78-476d-8314-73143c12b20c;408.51;0.29347427;UNKNOWN
2016-03-19T03:16:39.000000;2016-03-19T03:16:39.000000;8fb5e756-ed88-43cc-a97f-40a8aec2c78e;408.49;0.022122;UNKNOWN
2016-03-19T03:16:59.000000;2016-03-19T03:16:59.000000;bf74acc1-f819-4471-8e79-d931dde549d2;408.39;0.014718;UNKNOWN
2016-03-19T03:17:08.000000;2016-03-19T03:17:08.000000;53b0c89e-79e5-41a2-9d93-890e64562e96;408.41;0.123;UNKNOWN
2016-03-19T03:17:08.000000;2016-03-19T03:17:08.000000;f6c731c3-98a1-4e66-b8e1-914edb7183c5;408.31;0.018076;UNKNOWN
2016-03-19T03:17:08.000000;2016-03-19T03:17:08.000000;29ab380c-8be5-4b69-ba14-8531e30ddd7a;408.43;0.123;UNKNOWN
2016-03-19T03:17:08.000000;2016-03-19T03:17:08.000000;86bb6bf7-cccd-44cb-a7dd-0b6ce480a31d;408.51;0.00859682;UNKNOWN
2016-03-19T03:17:08.000000;2016-03-19T03:17:08.000000;d7bc7fbf-85f8-4dff-9916-0ddcbaae9be2;408.42;0.061;UNKNOWN
2016-03-19T03:17:31.000000;2016-03-19T03:17:31.000000;0d183d1b-71d0-4418-8717-ef5da5698507;408.34;0.0483;UNKNOWN
2016-03-19T03:22:04.000000;2016-03-19T03:22:04.000000;5cc8def7-824d-4272-bb01-77d83210f12c;408.57;0.2;UNKNOWN
2016-03-19T03:23:09.000000;2016-03-19T03:23:09.000000;26f3e600-2502-4491-ac34-1bf404471491;408.58;0.5;UNKNOWN
2016-03-19T03:28:03.000000;2016-03-19T03:28:03.000000;8f381876-9323-44a5-b10e-ddf817eb0487;408.14;0.05;UNKNOWN
2016-03-19T03:28:03.000000;2016-03-19T03:28:03.000000;bcc18161-5608-4138-b8a9-2e4e916ad851;408.01;32.95;UNKNOWN
2016-03-19T03:31:33.000000;2016-03-19T03:31:33.000000;b5f6a35b-a3ad-4733-9b31-42407a9063b9;408.01;25.4584;UNKNOWN
2016-03-19T03:33:37.000000;2016-03-19T03:33:37.000000;b4e0294b-219d-43f6-b290-0341a2d75a9f;408.01;5.0;UNKNOWN
2016-03-19T03:33:44.000000;2016-03-19T03:33:44.000000;eed720f9-817f-4cb0-bfd2-1742bcb038ee;408.01;5.0;UNKNOWN
2016-03-19T03:33:52.000000;2016-03-19T03:33:52.000000;166b30c1-52e8-4df5-935a-c8e72258c2e0;408.08;0.5;UNKNOWN
2016-03-19T03:33:52.000000;2016-03-19T03:33:52.000000;10134f47-e343-49dd-9e7c-914dfc659229;408.01;1.0;UNKNOWN
2016-03-19T03:33:52.000000;2016-03-19T03:33:52.000000;44da783e-97cb-4b01-815e-ea9b139ec5d0;408.09;2.62;UNKNOWN
2016-03-19T03:33:57.000000;2016-03-19T03:33:57.000000;adec1cd3-b1dd-4913-abb4-6a977495d904;408.01;1.0;UNKNOWN
2016-03-19T03:34:48.000000;2016-03-19T03:34:48.000000;c15922b2-0d42-4c3e-82b0-cbcaf5076df4;408.01;0.5;UNKNOWN
2016-03-19T03:34:53.000000;2016-03-19T03:34:53.000000;ce9a493f-114a-469b-a455-ddca839caae7;408.01;0.7615;UNKNOWN
2016-03-19T03:35:14.000000;2016-03-19T03:35:14.000000;7810f3ed-653b-439c-afcd-901e185ea278;408.01;7.32297359;UNKNOWN
2016-03-19T03:36:20.000000;2016-03-19T03:36:20.000000;c89a0a5d-1fed-468d-80b2-7163743c7c86;408.02;0.243285;UNKNOWN
2016-03-19T03:38:06.000000;2016-03-19T03:38:06.000000;b3083834-906c-458d-9922-d581d15db82e;408.02;1.10062125;UNKNOWN
2016-03-19T03:40:38.000000;2016-03-19T03:40:38.000000;9ab453ce-cfc7-448d-8573-e7b89865369b;408.01;0.31626918;UNKNOWN
2016-03-19T03:41:32.000000;2016-03-19T03:41:32.000000;640606ac-870c-48b6-b65f-250a546b660e;408.01;0.05145115;UNKNOWN
2016-03-19T03:43:52.000000;2016-03-19T03:43:52.000000;7661d633-7dfd-4e16-90e7-276af17527fe;408.01;0.0199838;UNKNOWN
2016-03-19T03:43:57.000000;2016-03-19T03:43:57.000000;f841a1b0-3838-4961-baa1-2a22a31a1c55;408.01;0.02541449;UNKNOWN
2016-03-19T03:43:57.000000;2016-03-19T03:43:57.000000;9a847fab-824b-464f-9ea1-e022fd039f5d;408.01;0.11373918;UNKNOWN
2016-03-19T03:43:59.000000;2016-03-19T03:43:59.000000;c417a6db-bbe6-4c1f-96d6-a50cd546b97c;408.01;0.02541695;UNKNOWN
2016-03-19T03:43:59.000000;2016-03-19T03:43:59.000000;7706e66e-a071-4013-80b9-60bb63f7caee;408.01;0.02544239;UNKNOWN
2016-03-19T03:44:00.000000;2016-03-19T03:44:00.000000;abd0da1a-4892-4844-840b-540f94db2e76;408.01;0.04730491;UNKNOWN
2016-03-19T03:44:34.000000;2016-03-19T03:44:34.000000;52c7a494-8222-4843-be13-19ed00b6de48;408.01;0.31712667;UNKNOWN
2016-03-19T03:44:35.000000;2016-03-19T03:44:35.000000;2ae10099-f911-445d-9bbb-4c640184db4a;408.01;0.31629853;UNKNOWN
2016-03-19T03:44:36.000000;2016-03-19T03:44:36.000000;87872199-1538-4b1e-a853-20e74d0c4249;408.01;0.5095673;UNKNOWN
2016-03-19T03:44:37.000000;2016-03-19T03:44:37.000000;1e53d59a-2015-4cdb-b547-46eafff34a8d;408.01;0.5095673;UNKNOWN
2016-03-19T03:44:37.000000;2016-03-19T03:44:37.000000;ea8e8aec-fcd9-4b3b-9c7a-eb58e774f426;408.01;0.37229406;UNKNOWN
2016-03-19T03:44:38.000000;2016-03-19T03:44:38.000000;efa3423c-82ec-45cf-ac04-246bea45cddc;408.01;0.13727324;UNKNOWN
2016-03-19T03:45:35.000000;2016-03-19T03:45:35.000000;30349cd9-a464-47d2-a96d-cdded539b885;408.01;0.5;UNKNOWN
2016-03-19T03:45:40.000000;2016-03-19T03:45:40.000000;fe8028b8-8405-41cb-b386-0ff458c21cd5;408.01;1.0;UNKNOWN
2016-03-19T03:45:48.000000;2016-03-19T03:45:48.000000;7ecc60fc-8ee3-4789-99f8-4f1dd76628b7;408.01;2.0;UNKNOWN
2016-03-19T03:45:49.000000;2016-03-19T03:45:49.000000;7fdc04a3-a91d-4937-9ce3-01a7b1b50346;408.01;7.24777735;UNKNOWN
2016-03-19T03:45:54.000000;2016-03-19T03:45:54.000000;3e1f7c26-00ea-4928-8ee2-5d7b1fa4e5e0;407.21;0.05;UNKNOWN
2016-03-19T03:45:54.000000;2016-03-19T03:45:54.000000;bb73ba15-100f-41a9-8cf2-5863067d7f97;407.21;5.71524915;UNKNOWN
2016-03-19T03:45:54.000000;2016-03-19T03:45:54.000000;3671fcdc-ca84-4cc6-a529-422964446251;408.01;1.1650735;UNKNOWN
2016-03-19T03:45:54.000000;2016-03-19T03:45:54.000000;4f9f525f-6a1e-4702-ba6c-15fc634a16ee;408.01;0.5;UNKNOWN
2016-03-19T03:47:05.000000;2016-03-19T03:47:05.000000;fa0cc5b1-1ef8-4315-a987-42f2d8db7676;407.35;0.123;UNKNOWN
2016-03-19T03:47:05.000000;2016-03-19T03:47:05.000000;ae58cc46-01bf-41f2-9535-5627f50f4532;407.35;1.177;UNKNOWN
2016-03-19T03:47:07.000000;2016-03-19T03:47:07.000000;2d682fee-0af2-4060-b4a2-4ea232d41c39;407.35;1.0;UNKNOWN
2016-03-19T03:47:17.000000;2016-03-19T03:47:17.000000;df2c9e06-c08f-4e91-bfcf-3a91ff73f7d2;407.35;0.03691964;UNKNOWN
2016-03-19T03:47:17.000000;2016-03-19T03:47:17.000000;57e37768-db1d-487d-b0a5-6ddb48d77a13;407.35;0.03691964;UNKNOWN
2016-03-19T03:47:17.000000;2016-03-19T03:47:17.000000;3c363c04-271b-40b3-9c29-b8f5536be33d;407.35;0.04916072;UNKNOWN
2016-03-19T03:49:16.000000;2016-03-19T03:49:16.000000;272c1624-6acf-44b6-b902-d02566535d9a;407.35;0.1;UNKNOWN
2016-03-19T03:49:32.000000;2016-03-19T03:49:32.000000;61809df3-49f2-4b86-ae88-dc5ded086365;407.39;0.1;UNKNOWN
2016-03-19T03:50:01.000000;2016-03-19T03:50:01.000000;f5ad4e84-0ae1-4d64-a8b0-b41a2e35d8a8;407.39;0.02;UNKNOWN
2016-03-19T03:50:38.000000;2016-03-19T03:50:38.000000;568dec3d-1a28-4b42-9be7-8d40713e80f1;407.39;0.1;UNKNOWN
2016-03-19T03:51:15.000000;2016-03-19T03:51:15.000000;a7875d08-5c4e-4957-87df-fe730049f9dd;407.39;0.06;UNKNOWN
2016-03-19T03:51:42.000000;2016-03-19T03:51:42.000000;67dd6b15-2f8f-4c6b-b11b-b761587371ec;407.39;0.06;UNKNOWN
2016-03-19T03:52:08.000000;2016-03-19T03:52:08.000000;a9e3190f-d9dc-4570-8f70-3ce2c7a68899;407.39;0.12;UNKNOWN
2016-03-19T03:52:09.000000;2016-03-19T03:52:09.000000;79a4958e-9c4d-47ae-a910-bdd97e6cdf67;407.39;0.003;UNKNOWN
2016-03-19T03:52:09.000000;2016-03-19T03:52:09.000000;7545900e-d504-44cc-bc5d-50aa377d825f;407.4;0.16190649;UNKNOWN
2016-03-19T03:52:12.000000;2016-03-19T03:52:12.000000;88ebd8e0-ebc9-4dac-b581-b46a69c2a47b;407.4;0.24294517;UNKNOWN
2016-03-19T03:52:12.000000;2016-03-19T03:52:12.000000;f20927bb-74aa-47d5-8a05-1c1a3ee8df60;407.4;0.074815;UNKNOWN
2016-03-19T03:52:15.000000;2016-03-19T03:52:15.000000;e31c9b8c-a68e-42a7-8f2e-7bf316a110ff;407.4;0.074815;UNKNOWN
2016-03-19T03:52:18.000000;2016-03-19T03:52:18.000000;0a581ccc-4e8a-4ada-b95a-190532f424c1;407.4;0.04715626;UNKNOWN
2016-03-19T03:52:18.000000;2016-03-19T03:52:18.000000;8bb4aa82-0a30-4116-998e-cf4835bd1a55;407.4;0.04715626;UNKNOWN
2016-03-19T03:52:20.000000;2016-03-19T03:52:20.000000;daf66bba-db8c-4cc3-80a1-6ae378977db9;407.15;0.14701918;UNKNOWN
2016-03-19T03:52:22.000000;2016-03-19T03:52:22.000000;8a823294-bf61-4098-b003-a0edae45419d;407.4;0.27086399;UNKNOWN
2016-03-19T03:52:23.000000;2016-03-19T03:52:23.000000;49ff2b74-e188-4976-95e5-accad370eedf;407.4;0.27086399;UNKNOWN
2016-03-19T03:52:28.000000;2016-03-19T03:52:28.000000;e32ae6e4-9e98-49d1-912b-a81c41070eb3;407.39;0.12;UNKNOWN
2016-03-19T03:54:05.000000;2016-03-19T03:54:05.000000;78102e3c-6e9e-49ce-afe3-d8ba0d79dcf0;407.3;0.444568;UNKNOWN
2016-03-19T03:54:08.000000;2016-03-19T03:54:08.000000;3167bd9e-5d5b-489d-8b90-92d77e3276ee;407.37;0.12;UNKNOWN
2016-03-19T03:54:33.000000;2016-03-19T03:54:33.000000;871cd684-dda2-4225-80ef-c319c661b188;407.67;0.123;UNKNOWN
2016-03-19T03:54:33.000000;2016-03-19T03:54:33.000000;4c2960ef-3125-4850-aa80-461122b45245;407.68;0.877;UNKNOWN
2016-03-19T03:55:18.000000;2016-03-19T03:55:18.000000;8ca10228-f97e-42a3-9871-951ca528f248;407.29;0.11327512;UNKNOWN
2016-03-19T03:55:18.000000;2016-03-19T03:55:18.000000;d6a37537-fcff-496b-a4dd-1d8beba223e1;407.29;0.31685903;UNKNOWN
2016-03-19T03:55:20.000000;2016-03-19T03:55:20.000000;567fe4cb-0c0b-4924-8fb7-266aff8351b5;407.29;0.01354379;UNKNOWN
2016-03-19T03:55:23.000000;2016-03-19T03:55:23.000000;198e6c4c-6346-45bb-bd7f-5f76caf83022;407.19;0.12686558;UNKNOWN
2016-03-19T03:55:24.000000;2016-03-19T03:55:24.000000;0d92ecbd-db65-4b42-bef4-4c2744320888;407.12;0.48829296;UNKNOWN
2016-03-19T03:55:24.000000;2016-03-19T03:55:24.000000;c4a15fca-4e0e-4df0-a5ab-f78a2537b922;407.12;0.5;UNKNOWN
2016-03-19T03:55:29.000000;2016-03-19T03:55:29.000000;59893ecf-5cda-40a0-8791-dd5a7b28e554;407.13;0.06308222;UNKNOWN
2016-03-19T03:55:32.000000;2016-03-19T03:55:32.000000;2e802a5d-baf1-48a8-9ed4-7d79a2887539;407.12;0.01170704;UNKNOWN
2016-03-19T03:55:32.000000;2016-03-19T03:55:32.000000;5c02bf58-7a27-4671-9fa2-66bfafb3ce96;407.12;0.0880206;UNKNOWN
2016-03-19T03:55:33.000000;2016-03-19T03:55:33.000000;cc200779-28f4-4fa5-8532-10fed14bb12f;407.13;0.01547881;UNKNOWN
2016-03-19T03:55:39.000000;2016-03-19T03:55:39.000000;1628cfe3-8f95-4c13-a550-82b499f465a6;407.13;0.01699597;UNKNOWN
2016-03-19T03:55:44.000000;2016-03-19T03:55:44.000000;fc642700-21db-454e-81f9-205b59320fc5;407.14;0.31679635;UNKNOWN
2016-03-19T03:55:46.000000;2016-03-19T03:55:46.000000;aa24c2b4-cdcb-495b-a479-47d4fac337ca;407.14;0.06645631;UNKNOWN
2016-03-19T03:56:33.000000;2016-03-19T03:56:33.000000;920f2549-7d20-406c-93ab-181a7e221796;407.19;0.25;UNKNOWN
2016-03-19T03:57:20.000000;2016-03-19T03:57:20.000000;9295ac1c-02cb-44ba-8d2c-54f484276508;407.22;0.276981;UNKNOWN
2016-03-19T03:58:49.000000;2016-03-19T03:58:49.000000;cfee1d85-0f97-44f8-b5d5-702822faf067;407.15;0.032532;UNKNOWN
2016-03-19T03:59:20.000000;2016-03-19T03:59:20.000000;37bfebe7-bd87-4dab-86b4-9127dea1ba34;407.12;0.5;UNKNOWN
2016-03-19T03:59:20.000000;2016-03-19T03:59:20.000000;294c6f8f-a165-40c3-bd89-93bf44574093;407.12;0.5;UNKNOWN
2016-03-19T03:59:20.000000;2016-03-19T03:59:20.000000;45f9e3bd-00c2-41b9-908d-04f5fd479cdd;407.15;6.0;UNKNOWN
2016-03-19T03:59:20.000000;2016-03-19T03:59:20.000000;17fe6af7-1d18-42c5-ae12-f497ed54c1bf;407.0;3.3245206;UNKNOWN
2016-03-19T03:59:20.000000;2016-03-19T03:59:20.000000;029c1c04-d152-4da2-9c4e-0829cbc035eb;407.16;0.09;UNKNOWN
2016-03-19T03:59:20.000000;2016-03-19T03:59:20.000000;e0d1552c-40ae-4c86-b780-cbbe43d9c7c6;407.16;3.0;UNKNOWN
2016-03-19T03:59:20.000000;2016-03-19T03:59:20.000000;bbe8c875-d27a-461c-8399-d49f0a4e68e7;407.12;0.5;UNKNOWN
2016-03-19T03:59:20.000000;2016-03-19T03:59:20.000000;559b8a83-5e76-4fc0-94be-8e2bbd4e8f8b;407.1;4.0;UNKNOWN
2016-03-19T03:59:20.000000;2016-03-19T03:59:20.000000;bed01295-f3b1-4db5-bbc9-256bad6feda4;407.02;12.0;UNKNOWN
2016-03-19T03:59:20.000000;2016-03-19T03:59:20.000000;bb92be78-e94a-4f7f-9492-90660b3f9013;407.17;0.5;UNKNOWN
2016-03-19T03:59:20.000000;2016-03-19T03:59:20.000000;2a64bf05-adea-4f8b-ad91-9d4f7ff5d2e1;407.16;0.1735;UNKNOWN
2016-03-19T03:59:20.000000;2016-03-19T03:59:20.000000;718ca658-6dcf-42b6-9f9d-64e4becbcc84;407.12;0.4119794;UNKNOWN
2016-03-19T03:59:20.000000;2016-03-19T03:59:20.000000;a6bc637b-a664-42b8-bd0f-ac15988898ef;407.01;18.0;UNKNOWN
2016-03-19T03:59:20.000000;2016-03-19T03:59:20.000000;a946e22e-7e6d-44f0-917a-3a08d068bd34;407.12;0.5;UNKNOWN
2016-03-19T03:59:20.000000;2016-03-19T03:59:20.000000;a36e1acb-5721-49d5-a780-10c39ea07de6;407.12;0.5;UNKNOWN
2016-03-19T04:00:23.000000;2016-03-19T04:00:23.000000;b750fa84-4d97-4a9f-af2a-c459e2926b4d;407.01;0.051341;UNKNOWN
2016-03-19T04:01:29.000000;2016-03-19T04:01:29.000000;f036b8fc-b5fa-4d57-a317-74672c2824b7;407.01;0.236793;UNKNOWN
2016-03-19T04:03:28.000000;2016-03-19T04:03:28.000000;81f520c2-630d-4389-b36e-a3666805ddb6;407.48;0.07528827;UNKNOWN
2016-03-19T04:03:37.000000;2016-03-19T04:03:37.000000;b6fe885b-b6bb-465a-bb7a-da4e29da0819;407.46;0.061;UNKNOWN
2016-03-19T04:03:41.000000;2016-03-19T04:03:41.000000;627a4fd2-b88c-47a7-bf03-0198b4440b29;407.5;0.03584558;UNKNOWN
2016-03-19T04:04:02.000000;2016-03-19T04:04:02.000000;22cdb613-16a7-44c0-815d-f77fec595666;407.49;0.2342;UNKNOWN
2016-03-19T04:04:44.000000;2016-03-19T04:04:44.000000;6d4cbd54-3f40-47dc-bb93-737d77139006;407.51;0.0649;UNKNOWN
2016-03-19T04:04:51.000000;2016-03-19T04:04:51.000000;f58195aa-b00e-4f35-b237-1b024fa33fb1;407.48;0.0312;UNKNOWN
2016-03-19T04:08:02.000000;2016-03-19T04:08:02.000000;f2843035-e01e-4619-bb96-0fa858dee207;407.27;0.02560657;UNKNOWN
2016-03-19T04:08:03.000000;2016-03-19T04:08:03.000000;5791d478-1faa-4c18-baa3-555a01abf012;407.26;0.02560783;UNKNOWN
2016-03-19T04:08:03.000000;2016-03-19T04:08:03.000000;dd11ee44-2cff-4bfc-af40-0b4f494578b0;407.26;0.02560657;UNKNOWN
2016-03-19T04:08:04.000000;2016-03-19T04:08:04.000000;bd87d7a3-d44f-487b-9a02-0a31cc156e75;407.26;0.02560846;UNKNOWN
2016-03-19T04:08:05.000000;2016-03-19T04:08:05.000000;6f908c1e-4fc1-4e62-9bf3-cda529049d62;407.26;0.02560783;UNKNOWN
2016-03-19T04:08:05.000000;2016-03-19T04:08:05.000000;2fcc2df3-ef74-4ee0-a332-aa638356803a;407.25;0.02560909;UNKNOWN
2016-03-19T04:08:07.000000;2016-03-19T04:08:07.000000;21b92d45-f189-4fc2-b976-b1b77b08caab;407.25;0.02553167;UNKNOWN
2016-03-19T04:08:44.000000;2016-03-19T04:08:44.000000;134d0a5b-207b-4551-ac9e-93d3f3596f35;407.13;0.470094;UNKNOWN
2016-03-19T04:10:34.000000;2016-03-19T04:10:34.000000;b61dfa62-4b5f-4f35-bb80-232aeb4e7f21;407.16;0.0573;UNKNOWN
2016-03-19T04:10:34.000000;2016-03-19T04:10:34.000000;47b5d3e6-66bb-453e-9792-7571fc537b0d;407.15;0.123;UNKNOWN
2016-03-19T04:10:34.000000;2016-03-19T04:10:34.000000;a946e499-3430-4b22-9e08-f3254a38d08e;407.16;6.1197;UNKNOWN
2016-03-19T04:10:50.000000;2016-03-19T04:10:50.000000;9fff843d-af09-4ab0-8cca-a827e69f7475;407.07;0.01684447;UNKNOWN
2016-03-19T04:10:55.000000;2016-03-19T04:10:55.000000;d41f475c-84ee-4f7c-8cb1-9087c20126cd;407.06;0.01684488;UNKNOWN
2016-03-19T04:10:55.000000;2016-03-19T04:10:55.000000;29de2be4-c6bf-4ae4-b669-30ced3498091;407.07;0.01684447;UNKNOWN
2016-03-19T04:10:55.000000;2016-03-19T04:10:55.000000;8a75da6e-5dd5-4641-b42c-7653ca9603f6;407.06;0.01684488;UNKNOWN
2016-03-19T04:11:00.000000;2016-03-19T04:11:00.000000;915c882c-4ab1-4ca5-9ec0-996843cf3cf5;407.07;0.01684447;UNKNOWN
2016-03-19T04:11:02.000000;2016-03-19T04:11:02.000000;0617354e-dbe9-4f7d-a2bb-c57f3f418785;407.07;0.1097213;UNKNOWN
2016-03-19T04:11:02.000000;2016-03-19T04:11:02.000000;abe7962e-a08c-4aaa-85e6-dd7b30ec8d99;407.4;0.061;UNKNOWN
2016-03-19T04:11:02.000000;2016-03-19T04:11:02.000000;2fa5ba9e-f2d7-43af-8f5b-82d5365ac458;407.05;0.0132787;UNKNOWN
2016-03-19T04:11:04.000000;2016-03-19T04:11:04.000000;3fb092b7-e047-4b9d-a43c-c33db240367b;407.41;0.01684447;UNKNOWN
2016-03-19T04:11:04.000000;2016-03-19T04:11:04.000000;27f29b56-1c9c-4492-837e-5a9964095d29;407.5;0.01684447;UNKNOWN
2016-03-19T04:11:05.000000;2016-03-19T04:11:05.000000;f94c9cea-d97d-4bc4-aa47-caaf91946e3e;407.41;0.01684447;UNKNOWN
2016-03-19T04:11:44.000000;2016-03-19T04:11:44.000000;f1e791ca-810b-4e70-9533-de94f28ff9dc;407.49;0.02546;UNKNOWN
2016-03-19T04:14:59.000000;2016-03-19T04:14:59.000000;eac49f6f-cad8-48e9-a5e8-a0ff3d4bfc6d;407.43;0.04918802;UNKNOWN
2016-03-19T04:15:06.000000;2016-03-19T04:15:06.000000;f7c28e50-c7d6-44d0-bc7a-adabc75cafdf;407.49;0.2;UNKNOWN
2016-03-19T04:16:35.000000;2016-03-19T04:16:35.000000;d0c00841-8cab-4093-aa05-1e59828b35f1;407.43;0.00521198;UNKNOWN
2016-03-19T04:16:38.000000;2016-03-19T04:16:38.000000;c9f4e703-fda1-4b81-a2be-49fceeaa33c2;407.42;0.116033;UNKNOWN
2016-03-19T04:16:38.000000;2016-03-19T04:16:38.000000;51265a8e-d0b2-4e8c-8392-989abd8bf629;407.42;0.18;UNKNOWN
2016-03-19T04:17:16.000000;2016-03-19T04:17:16.000000;bcf24128-e5c7-4020-acc7-8edeef035c75;407.4;0.76162846;UNKNOWN
2016-03-19T04:17:40.000000;2016-03-19T04:17:40.000000;459a8475-e00e-4f42-9050-176338acfc29;407.1;0.1994678;UNKNOWN
2016-03-19T04:17:40.000000;2016-03-19T04:17:40.000000;83ebbad1-ac42-4905-a7bc-09ab8d585ac2;407.4;1.0;UNKNOWN
