time_exchange;time_coinpai;guid;price;base_amount;taker_side
2016-04-15T00:00:10.000000;2016-04-15T00:00:10.104993;adae8ad3-f1b9-4a2f-9672-9ce744e3743c;8.45;0.99088098;SELL
2016-04-15T00:06:54.000000;2016-04-15T00:06:54.305133;66ca835a-4bcb-4d3c-b04e-59778ca711fb;8.4495;2.4931145;SELL
2016-04-15T00:10:43.000000;2016-04-15T00:10:44.007105;120add66-b61e-4792-994b-2502fbefef77;8.424;0.6797;SELL
2016-04-15T00:10:43.000000;2016-04-15T00:10:44.021130;e15155b6-cc46-40c9-8a26-664f93e6bc12;8.4081;2.2;SELL
2016-04-15T00:10:43.000000;2016-04-15T00:10:44.023131;1d7d28bb-6bfe-4c04-9f19-d0b3889ada96;8.4071;3.188795;SELL
2016-04-15T00:10:56.000000;2016-04-15T00:10:56.294326;fb9b45cc-2876-405f-9a14-15350f830d90;8.4;13.931505;BUY
2016-04-15T00:12:56.000000;2016-04-15T00:12:56.190312;4be8822b-a4c5-4709-b5d6-ffe8672a2e35;8.4;0.62494;BUY
2016-04-15T00:13:52.000000;2016-04-15T00:13:52.808985;54619a3f-15e6-4f75-9170-6d13e050982b;8.4;5.2;BUY
2016-04-15T00:15:06.000000;2016-04-15T00:15:06.733375;a53da246-96c5-482c-b317-54eddf91a09d;8.399;3.20797;SELL
2016-04-15T00:15:06.000000;2016-04-15T00:15:06.786403;3d7e0a22-2bae-45e7-9235-b58e66656262;8.3918;0.37199;SELL
2016-04-15T00:15:06.000000;2016-04-15T00:15:06.788385;c1e6cd27-1611-4722-95a3-8242fde097b9;8.3918;0.18599;SELL
2016-04-15T00:15:09.000000;2016-04-15T00:15:10.006693;36d0de40-c772-48c2-906f-7e6917ec9d72;8.39;4.18913559;BUY
2016-04-15T00:15:10.000000;2016-04-15T00:15:10.660769;7f2c393d-6e1a-4a7e-ba09-ec1094ae0af1;8.39;12.04491441;BUY
2016-04-15T00:15:15.000000;2016-04-15T00:15:15.435253;4f45334e-5d85-459d-b855-9db80543ec95;8.3901;0.76939656;SELL
2016-04-15T00:15:15.000000;2016-04-15T00:15:15.467248;3855b073-e1cc-49f0-bd78-240ac6530d57;8.3901;4.18913559;SELL
2016-04-15T00:15:15.000000;2016-04-15T00:15:15.479252;4340a1d0-8938-4e34-99c1-0540e503b7f0;8.39;15.04146785;SELL
2016-04-15T00:16:59.000000;2016-04-15T00:16:59.047620;06b53ed7-8ed2-4516-9aea-4a55c8890cbd;8.399;10.0;BUY
2016-04-15T00:16:59.000000;2016-04-15T00:16:59.058600;ad27d152-a89e-4375-9dec-6746337b65c7;8.4;14.17506;BUY
2016-04-15T00:16:59.000000;2016-04-15T00:16:59.061606;f98d7091-6e76-40fc-a304-dc4e79d191c1;8.4;20.0;BUY
2016-04-15T00:43:03.000000;2016-04-15T00:43:03.274335;ddbac837-d220-4a72-ae1b-290cb0f4800f;8.374;1.8;SELL
2016-04-15T00:43:03.000000;2016-04-15T00:43:03.291332;99267e77-2f7b-4fe2-adfd-767c4a098c2b;8.373;0.1045;SELL
2016-04-15T00:43:06.000000;2016-04-15T00:43:06.123612;ae5e1304-e843-4579-a165-61d49230abae;8.373;1.9045;SELL
2016-04-15T01:00:41.000000;2016-04-15T01:00:41.389958;6b50d664-4c9c-41a8-80a1-4443aaddd7ad;8.398;9.2;BUY
2016-04-15T01:00:41.000000;2016-04-15T01:00:41.399955;b8fab953-e27b-4efb-8bb4-c41b1a0370f3;8.399;10.0;BUY
2016-04-15T01:00:41.000000;2016-04-15T01:00:41.410032;552f2f42-ff67-46e9-993f-fcc727a01461;8.3999;10.40286939;BUY
2016-04-15T01:02:05.000000;2016-04-15T01:02:05.804402;2db81ae8-27d7-48c7-93d9-e619f9b775f7;8.4;11.4516;BUY
2016-04-15T01:02:05.000000;2016-04-15T01:02:05.808384;3d1c7e08-a45e-47ef-b5c6-150d72f1b0dd;8.428;8.5484;BUY
2016-04-15T01:02:13.000000;2016-04-15T01:02:13.805199;c1760a73-baa9-4f27-b0b9-0ffefa6f37f9;8.4452;3.180322;BUY
2016-04-15T01:02:13.000000;2016-04-15T01:02:13.814201;ff8caf21-3138-4dbc-a75e-e2bcbc5cc101;8.45;2.48911902;BUY
2016-04-15T01:02:13.000000;2016-04-15T01:02:13.825200;c3086f15-cb5c-4ad9-8292-7ad94d42589f;8.52;0.0033553;BUY
2016-04-15T01:02:13.000000;2016-04-15T01:02:13.844203;3008b24d-577a-4278-bef3-652fa43c6740;8.576;2.32720368;BUY
2016-04-15T01:35:03.000000;2016-04-15T01:35:03.652182;e4869e72-580c-4ab3-bf31-92883cafbf12;8.424;0.133;BUY
2016-04-15T01:35:17.000000;2016-04-15T01:35:17.974622;f17d5ab2-d7d5-4bfc-8c80-82ee04f944f7;8.37;4.93444711;SELL
2016-04-15T01:39:47.000000;2016-04-15T01:39:47.867962;2f21b463-077a-4307-9776-a1fa4687a1ff;8.37;1.25963;SELL
2016-04-15T01:40:12.000000;2016-04-15T01:40:12.377436;38011891-0c7b-48e9-9495-a51a190ab02a;8.37;0.95438704;SELL
2016-04-15T01:40:24.000000;2016-04-15T01:40:24.077003;6d00f8bb-8d97-4c3f-8f0f-e71a8b45bad7;8.352;3.275682;SELL
2016-04-15T01:41:16.000000;2016-04-15T01:41:16.414811;f5757b9e-f43b-473d-b780-dd8639636db6;8.3379;174.0;BUY
2016-04-15T01:41:16.000000;2016-04-15T01:41:16.423815;01bd7367-922f-423b-b838-b6a91c759147;8.3389;1.43304712;BUY
2016-04-15T01:41:16.000000;2016-04-15T01:41:16.437848;66732181-8a8c-414e-88b1-9aa25ac31e61;8.37;0.95922289;BUY
2016-04-15T01:41:16.000000;2016-04-15T01:41:16.454812;a4be79e0-d5e2-4273-b6ed-e095a55152db;8.385;23.60772999;BUY
2016-04-15T01:41:26.000000;2016-04-15T01:41:26.751852;90cc440d-98d4-41ce-a99d-2e351c0c0519;8.3379;1.43304712;BUY
2016-04-15T01:41:26.000000;2016-04-15T01:41:26.756850;4678dd25-556e-4492-998a-17b2ff16ed3f;8.338;48.56695288;BUY
2016-04-15T01:41:51.000000;2016-04-15T01:41:51.480320;3977e7e3-c5bb-4545-9f73-de116ae41edb;8.337;89.8774;BUY
2016-04-15T01:41:51.000000;2016-04-15T01:41:51.498333;ea370aaf-17d4-43be-b296-f6ad7928bc20;8.3847;20.85120615;BUY
2016-04-15T01:41:51.000000;2016-04-15T01:41:51.510329;c889b9ff-91dd-4db4-972f-983954ad952b;8.3848;7.37988;BUY
2016-04-15T01:41:51.000000;2016-04-15T01:41:51.529320;8b33f1d9-ff14-4fd1-a453-276fb02de8c6;8.386;3.215235;BUY
2016-04-15T01:41:51.000000;2016-04-15T01:41:51.541335;b47d9694-8adb-4ed9-bc02-1083ae8dcbf8;8.449;28.67627885;BUY
2016-04-15T01:43:40.000000;2016-04-15T01:43:40.753266;b4c35311-95ad-4e61-a99d-df62e3f8ed0a;8.3;0.27429;SELL
2016-04-15T01:49:02.000000;2016-04-15T01:49:02.968466;18650ecf-0ff3-4fae-b182-9092ea4af377;8.4489;4.0;BUY
2016-04-15T01:49:08.000000;2016-04-15T01:49:08.409011;0dfed2b3-460e-4e52-89fa-adc298acd7d1;8.4167;3.251548;BUY
2016-04-15T01:49:08.000000;2016-04-15T01:49:08.416014;a9aec822-6d70-4bd3-aa34-acbab3aa4f56;8.448;0.748452;BUY
2016-04-15T01:55:26.000000;2016-04-15T01:55:26.333081;25456167-99ce-4955-88d6-3bf69131c712;8.379;88.37;SELL
2016-04-15T01:55:26.000000;2016-04-15T01:55:26.348071;e9648651-e865-4f4c-a8fa-3bff6a03daed;8.3396;3.221534;SELL
2016-04-15T01:55:26.000000;2016-04-15T01:55:26.351089;dde4ab40-69ca-4418-8c5c-0f623d5d049f;8.338;22.813166;SELL
2016-04-15T02:06:38.000000;2016-04-15T02:06:38.643286;5627c666-2f63-453e-b4b8-ff6a5b4fc009;8.336;4.9;SELL
2016-04-15T02:06:38.000000;2016-04-15T02:06:38.658317;c5bf8984-7ae7-439e-8028-8098a77177d5;8.335;88.7489;SELL
2016-04-15T02:06:38.000000;2016-04-15T02:06:38.660299;80940d84-c4ae-46b0-a9be-b4fadc591e8f;8.3246;20.85537723;SELL
2016-04-15T02:06:38.000000;2016-04-15T02:06:38.757310;3491013d-0407-466b-b27c-b7f5386c4cb6;8.3245;3.223838;SELL
2016-04-15T02:06:38.000000;2016-04-15T02:06:38.759304;b286b8df-9996-499d-b6fa-c3702036480e;8.311;146.1;SELL
2016-04-15T02:06:38.000000;2016-04-15T02:06:38.761308;c3c16460-030f-4bad-ac1c-2e62017fc9bd;8.31;150.0;SELL
2016-04-15T02:06:38.000000;2016-04-15T02:06:38.789310;1c9a9708-188f-4366-b5fc-208c1957b6c0;8.31;9.292247;SELL
2016-04-15T02:06:38.000000;2016-04-15T02:06:38.789310;75ce35fb-7635-4b97-9c7d-5b6dff162c2a;8.3;54.72571;SELL
2016-04-15T02:06:38.000000;2016-04-15T02:06:38.790307;d559dd3a-9a12-42ef-934f-bd463fdb6a7f;8.3;157.72424252;SELL
2016-04-15T02:09:46.000000;2016-04-15T02:09:46.787107;15c21a38-1968-4f4c-a739-0eb2436c315f;8.43;1.0;BUY
2016-04-15T02:10:42.000000;2016-04-15T02:10:43.063747;2e252075-45d7-45dd-8cc1-ad74145deb93;8.37;10.0;BUY
2016-04-15T02:10:50.000000;2016-04-15T02:10:50.467479;d08aa9b2-1965-4128-b304-101c145d950a;8.38;10.0;BUY
2016-04-15T02:11:11.000000;2016-04-15T02:11:11.081539;12f58645-d07b-4a40-b1e8-bd155bb7d5e5;8.39;10.0;BUY
2016-04-15T02:28:42.000000;2016-04-15T02:28:42.498823;0527454a-cc76-470b-9a1f-92419181e74a;8.379;4.9;BUY
2016-04-15T02:29:52.000000;2016-04-15T02:29:52.699838;f71bbac3-9016-4cbb-af29-012cb6a55fa0;8.38;10.0;BUY
2016-04-15T02:30:05.000000;2016-04-15T02:30:05.398104;bd43adee-b978-4ea9-a39a-26906ec7492f;8.39;10.0;BUY
2016-04-15T02:30:05.000000;2016-04-15T02:30:05.404113;4b2a54a8-89ab-4940-a0d4-9e9d14993072;8.39;10.0;BUY
2016-04-15T02:30:05.000000;2016-04-15T02:30:05.408110;05387b55-b039-4cb6-a98a-8c953184e044;8.39;7.6296;BUY
2016-04-15T02:35:33.000000;2016-04-15T02:35:33.959984;a5af4e63-2a25-4787-990d-c5b1573a5e31;8.4;1.10226025;BUY
2016-04-15T02:35:42.000000;2016-04-15T02:35:42.107779;12934529-5e4e-4cd9-93f8-9d3b49f96167;8.4;1.10226025;BUY
2016-04-15T02:37:25.000000;2016-04-15T02:37:25.370837;e48c7091-7567-445f-933d-e3599e2734bb;8.4;1.24987;BUY
2016-04-15T02:43:31.000000;2016-04-15T02:43:31.535450;19083c3c-2f90-4fb7-b488-d62b183efea9;8.4;6.5456095;BUY
2016-04-15T02:43:31.000000;2016-04-15T02:43:31.542455;9ff18f3a-f7b0-4890-917b-41f91b9bc7ca;8.4;10.0;BUY
2016-04-15T02:43:31.000000;2016-04-15T02:43:31.554448;7575ae7f-a335-4ed4-bacc-dd15f0cbfcff;8.427;3.4543905;BUY
2016-04-15T02:50:26.000000;2016-04-15T02:50:26.446938;a816184a-0f24-4f50-8fd5-6b09a54cd39c;8.3901;3.30675741;SELL
2016-04-15T02:50:26.000000;2016-04-15T02:50:26.462945;b8833778-30d2-48d0-8f9d-a2a629c80c06;8.39;1.10187794;SELL
2016-04-15T02:50:26.000000;2016-04-15T02:50:26.478944;f491c4e0-7aa7-4340-8d87-8da98f6f85df;8.39;22.49;SELL
2016-04-15T02:53:04.000000;2016-04-15T02:53:05.009050;f6c46909-88a7-4b86-a5e1-c20e949e057f;8.37;31.34014192;BUY
2016-04-15T02:53:05.000000;2016-04-15T02:53:05.327071;6cef0c33-d9dd-4119-b4ed-6106910c7087;8.37;1.75735026;BUY
2016-04-15T03:07:18.000000;2016-04-15T03:07:18.478477;3c3a18b2-7c1b-4fb0-9d91-9f203411e300;8.3253;0.998;SELL
2016-04-15T03:07:19.000000;2016-04-15T03:07:19.260558;9fb96aa4-f15c-4f09-915f-d2909c0c184f;8.3253;0.998;SELL
2016-04-15T03:07:20.000000;2016-04-15T03:07:20.804722;61b96363-d6d6-45ca-ae5c-2b332bd08a8b;8.3253;0.998;SELL
2016-04-15T03:08:07.000000;2016-04-15T03:08:07.629384;d1a61522-a945-4626-a142-ba3a8d2a3596;8.3253;1.07270585;SELL
2016-04-15T03:08:40.000000;2016-04-15T03:08:40.057636;3e0bcdc2-eb7c-4398-805f-b6aef6c5204a;8.3253;6.228754;SELL
2016-04-15T03:09:24.000000;2016-04-15T03:09:24.961130;33e78a55-f1a6-40eb-b66c-dc5ca4f3f1d6;8.3253;6.9106176;SELL
2016-04-15T03:10:12.000000;2016-04-15T03:10:12.611880;89fc662a-f9c9-47d8-bd36-d1d32986a5d3;8.3253;0.30548684;SELL
2016-04-15T03:10:36.000000;2016-04-15T03:10:36.917325;d70ccaf9-c328-4d01-ba5f-d6b2c826323e;8.3253;3.34381294;SELL
2016-04-15T03:10:36.000000;2016-04-15T03:10:36.921327;aa053282-4647-4676-b8fa-b78c8c1becbe;8.3252;17.50739321;SELL
2016-04-15T03:10:38.000000;2016-04-15T03:10:38.852507;ec853132-159f-4d44-b0fb-f2a0265b65f1;8.3252;0.9361061;SELL
2016-04-15T03:12:16.000000;2016-04-15T03:12:16.647284;f101e7cb-2876-46e8-8a0a-87f5e0e14062;8.35;1.0809;BUY
2016-04-15T03:23:50.000000;2016-04-15T03:23:50.466247;62b0f2f9-7f71-453c-80bf-20ec94fb75ec;8.3252;0.30570888;SELL
2016-04-15T03:25:22.000000;2016-04-15T03:25:22.384423;90a15fa8-3f1a-4e48-8a95-e608777f1b3b;8.3252;0.34178623;SELL
2016-04-15T03:25:41.000000;2016-04-15T03:25:41.774359;be4b7fd0-0a6e-4574-aba1-3c006f24cc91;8.3252;0.62141776;SELL
2016-04-15T03:26:00.000000;2016-04-15T03:26:00.664240;306921e7-f891-4c34-a503-78139d96e381;8.3252;0.62141776;SELL
2016-04-15T03:26:26.000000;2016-04-15T03:26:26.749855;aff8a6f2-f55b-4573-9324-d5a50a7752b9;8.34;1.0;BUY
2016-04-15T03:26:55.000000;2016-04-15T03:26:55.736772;4001fcf4-99f5-4daa-9077-864aba474aca;8.3252;0.52154729;SELL
2016-04-15T03:26:55.000000;2016-04-15T03:26:55.739777;e5f0abd8-c19f-4e82-aba3-88100a0387f4;8.3111;0.41557935;SELL
2016-04-15T03:27:16.000000;2016-04-15T03:27:16.301826;3d16aa18-c4d8-4a3d-b9f8-70a0fec2e3c2;8.3111;0.70517434;SELL
2016-04-15T04:08:50.000000;2016-04-15T04:08:50.165916;9a42276e-40b3-498e-9e67-e206868e0ed7;8.334;0.38699958;SELL
2016-04-15T04:33:04.000000;2016-04-15T04:33:04.748477;66a9ea30-8870-4439-8bdb-fee5a24804d5;8.3216;3.237827;SELL
2016-04-15T04:34:20.000000;2016-04-15T04:34:20.954100;40d1566e-9d34-432f-a9c3-625de1115a48;8.313;2.83;SELL
2016-04-15T04:40:48.000000;2016-04-15T04:40:48.910130;e447336c-3af9-4a10-90d7-237b9379eb96;8.3725;0.51350519;BUY
2016-04-15T04:40:48.000000;2016-04-15T04:40:48.932119;9204d1bc-aac9-4499-b4bb-7917105f266b;8.3735;0.48649481;BUY
2016-04-15T04:42:06.000000;2016-04-15T04:42:06.334855;98fe216f-b080-4aa8-aa8a-901a42e0f518;8.322;0.98;SELL
2016-04-15T04:46:55.000000;2016-04-15T04:46:55.176732;4308b658-8e8d-4384-8351-b337fc9b7cdd;8.312;1.47;SELL
2016-04-15T04:50:29.000000;2016-04-15T04:50:29.408157;d3106cf1-d653-4c02-b3b3-a147d41ac6de;8.366;1.0;BUY
2016-04-15T04:51:51.000000;2016-04-15T04:51:51.459204;eed0e292-e311-4170-a584-f62b9d2be660;8.373;1.0;BUY
2016-04-15T05:00:47.000000;2016-04-15T05:00:47.918852;4a9342b9-acd9-414c-8797-6a27300b7d1b;8.3123;2.2197;SELL
2016-04-15T05:01:30.000000;2016-04-15T05:01:30.436097;4269a453-4262-43ab-aa35-9b184786d517;8.35;0.5;BUY
2016-04-15T05:03:43.000000;2016-04-15T05:03:44.007454;8f870e2d-0d83-48f5-91cc-e101ebece7cd;8.3529;3.218889;BUY
2016-04-15T05:14:08.000000;2016-04-15T05:14:08.342972;39b6e132-e981-4d50-a246-0de3d874c0af;8.3193;1.1379;SELL
2016-04-15T05:15:46.000000;2016-04-15T05:15:46.297751;a2c6e17d-04f7-45b5-8a29-c316af53b8d5;8.37;1.0;BUY
2016-04-15T05:15:46.000000;2016-04-15T05:15:46.722799;c172a42b-8f8a-49f0-9bbb-11e38838f226;8.37;1.0;BUY
2016-04-15T05:26:18.000000;2016-04-15T05:26:18.848898;12a7e8fa-1327-4c7e-af2a-cc34ee4ccf62;8.3714;9.45365507;BUY
2016-04-15T05:30:34.000000;2016-04-15T05:30:34.743500;c790f9ae-95f3-4ff9-bfeb-eebfa875aeff;8.3714;0.22914493;SELL
2016-04-15T05:30:36.000000;2016-04-15T05:30:36.216650;30ef146c-5569-4639-af8d-d016ff7e0758;8.3253;0.33464525;SELL
2016-04-15T05:30:37.000000;2016-04-15T05:30:37.130730;9cff06fa-00a1-41a3-bbbd-e7a2bd5775e8;8.3253;0.33464525;SELL
2016-04-15T05:35:43.000000;2016-04-15T05:35:43.410361;a1b682d2-d396-454f-9ec0-8ab33c09050f;8.332;3.241086;SELL
2016-04-15T05:35:43.000000;2016-04-15T05:35:43.422381;7f1363a6-5e2d-4306-93ce-c5f33f94f1b1;8.33;88.504;SELL
2016-04-15T05:35:43.000000;2016-04-15T05:35:43.426370;b007cc4e-8d5e-41b7-be7a-fbce4cd851ee;8.323;108.254914;SELL
2016-04-15T06:05:09.000000;2016-04-15T06:05:09.706491;56273da4-c50e-4a47-9e6f-a3f4d1308879;8.3709;0.6;BUY
2016-04-15T06:05:09.000000;2016-04-15T06:05:09.720501;b9d5d827-ac98-4574-9dc2-404797364f1b;8.3719;8.88;BUY
2016-04-15T06:05:18.000000;2016-04-15T06:05:18.767394;b889773a-2648-432a-8861-2208c5c2007b;8.3719;0.57309046;BUY
2016-04-15T06:05:18.000000;2016-04-15T06:05:18.772396;90dda010-b4b1-40fd-b481-8bb9d9b68c84;8.3735;0.02690954;BUY
2016-04-15T06:05:48.000000;2016-04-15T06:05:48.377365;5910eb17-3f0f-46fe-b60e-83fb86bff440;8.3735;0.00160827;BUY
2016-04-15T06:05:48.000000;2016-04-15T06:05:48.384348;0a558def-dd42-489e-942d-ab306b578a14;8.3851;0.51445622;BUY
2016-04-15T06:08:44.000000;2016-04-15T06:08:44.978841;e126716a-5181-453e-bb69-5567636dc3cd;8.3901;0.8;BUY
2016-04-15T06:09:09.000000;2016-04-15T06:09:09.366280;975ca886-a54a-4c79-8bb0-b5c53698c3be;8.3901;0.7;BUY
2016-04-15T06:39:56.000000;2016-04-15T06:39:56.654609;9f65ddf4-cb36-4849-ab3e-b92cc5fa06c5;8.39;2.88393551;SELL
2016-04-15T06:39:56.000000;2016-04-15T06:39:56.664652;6761695f-3776-46d8-85a2-bed4bd359edb;8.39;3.4;SELL
2016-04-15T06:39:56.000000;2016-04-15T06:39:56.673596;a8c5e69a-35dd-4ce8-a1b9-c8981af1de5d;8.39;2.09;SELL
2016-04-15T06:39:56.000000;2016-04-15T06:39:56.694629;f8904cff-eb22-4cf4-a1cb-1fa9582b2bfb;8.39;1.39;SELL
2016-04-15T06:39:56.000000;2016-04-15T06:39:56.694629;7ef2daa6-fd9c-40f8-aece-25443e655cca;8.39;1.39;SELL
2016-04-15T06:39:56.000000;2016-04-15T06:39:56.694629;6b84fb6f-6b59-40f5-8330-71f022777a3a;8.39;1.39;SELL
2016-04-15T06:39:56.000000;2016-04-15T06:39:56.695622;9cd19ddf-fb97-4a92-a851-60ef0e8f5f5b;8.39;1.39;SELL
2016-04-15T06:39:56.000000;2016-04-15T06:39:56.703631;32160e02-ab40-4bab-9f76-872a92b8a5ca;8.39;1.39;SELL
2016-04-15T06:39:56.000000;2016-04-15T06:39:56.725608;20f27179-e02f-4691-99ec-ce412f0a35c4;8.39;1.39;SELL
2016-04-15T06:39:56.000000;2016-04-15T06:39:56.725608;deb9c102-a274-425d-87d3-595f5ef46679;8.389;88.0835;SELL
2016-04-15T06:39:56.000000;2016-04-15T06:39:56.725608;878ff83d-e101-476e-8390-8db86a898ed7;8.352;17.2509295;SELL
2016-04-15T06:39:56.000000;2016-04-15T06:39:56.725608;8d42d748-d7eb-4c9f-b94a-9faaf390057f;8.3513;3.240252;SELL
2016-04-15T06:39:56.000000;2016-04-15T06:39:56.725608;267d14aa-3401-44fa-beac-c2f13c88adc7;8.331;134.75659799;SELL
2016-04-15T06:47:21.000000;2016-04-15T06:47:21.470074;4d5be2a9-16fc-48dc-a07d-7b2a5e41affd;8.3901;1.0;BUY
2016-04-15T06:47:49.000000;2016-04-15T06:47:49.742902;7fef94fb-d027-4009-a1ff-dce8803e55f3;8.3901;0.1;BUY
2016-04-15T06:48:00.000000;2016-04-15T06:48:00.176957;61e52a7c-c738-4960-aba0-4b229d052cd6;8.3901;0.1;BUY
2016-04-15T06:48:18.000000;2016-04-15T06:48:18.446784;5723a9a7-2ed9-47c4-b71c-17dab4e5135a;8.3901;0.18629538;BUY
2016-04-15T06:49:21.000000;2016-04-15T06:49:21.181058;677f2f0b-c34d-4674-9b0e-49beb0f6a5b2;8.447;2.9;BUY
2016-04-15T06:49:21.000000;2016-04-15T06:49:21.201050;582114f9-d202-4203-b3bb-6620c2f1c9f4;8.448;3.242913;BUY
2016-04-15T06:49:21.000000;2016-04-15T06:49:21.205057;f767cb3e-96c7-439b-9371-6b825c1f9cf6;8.512;4.46280504;BUY
2016-04-15T07:10:38.000000;2016-04-15T07:10:38.488866;ec91f336-5fa8-47af-97b5-6aa7cf2e1695;8.5;0.2951;BUY
2016-04-15T07:11:15.000000;2016-04-15T07:11:15.845600;30ac2e8e-1e65-4879-b05d-177948858981;8.496;3.46;SELL
2016-04-15T07:11:31.000000;2016-04-15T07:11:31.953200;ed6d6033-3041-4ef9-b930-77dd51673487;8.5;2.67541278;BUY
2016-04-15T07:11:35.000000;2016-04-15T07:11:35.312545;7e7d8979-f53b-4bb7-a955-a86bd633a819;8.5;2.72127042;BUY
2016-04-15T07:11:36.000000;2016-04-15T07:11:36.777708;a484bb6c-37f7-4f8d-af98-006f7334e9fc;8.5;4.3082168;BUY
2016-04-15T07:11:36.000000;2016-04-15T07:11:36.779699;be8b62d8-5423-4a20-8714-2a9f182b6c0b;8.543;0.3317832;BUY
2016-04-15T07:19:04.000000;2016-04-15T07:19:04.689477;1dd2ef36-961b-4305-ac8e-05793719576c;8.5;4.32899255;SELL
2016-04-15T07:34:07.000000;2016-04-15T07:34:07.402150;b1a2af2a-fdc7-4869-8231-dca6fc59adf8;8.4809;1.0;SELL
2016-04-15T07:34:33.000000;2016-04-15T07:34:33.737788;e997fed5-c752-47e6-becf-59b2f0869bb5;8.48;1.3;BUY
2016-04-15T07:34:40.000000;2016-04-15T07:34:40.063422;ae6f0f89-dd9f-4e23-85bd-d93479b07310;8.48;3.223819;BUY
2016-04-15T07:35:45.000000;2016-04-15T07:35:45.440974;af05ab43-bb6e-4777-a8a0-b59b3b0d5bc5;8.48;4.476181;BUY
2016-04-15T07:35:45.000000;2016-04-15T07:35:45.451982;def133e5-ac3f-4a54-9c1d-8add44e6465c;8.48;10.0;BUY
2016-04-15T07:36:16.000000;2016-04-15T07:36:16.162023;4f4db972-4e2d-4251-8cd0-f4e95987b935;8.48;10.0;BUY
2016-04-15T07:39:30.000000;2016-04-15T07:39:30.837239;4c90dfe1-07c7-4e4f-a9dc-d73bfff93bcc;8.49;4.67;BUY
2016-04-15T07:39:33.000000;2016-04-15T07:39:33.260455;bf400261-ba7c-4df2-b925-d8b0675c845b;8.49;5.33;BUY
2016-04-15T07:39:33.000000;2016-04-15T07:39:33.471494;0ee601d5-95fe-4719-bed2-818de6abe33d;8.49;0.01;BUY
2016-04-15T07:39:33.000000;2016-04-15T07:39:33.774519;d7e7f928-9c12-4807-9b06-5a4b599f91ec;8.49;0.99;BUY
2016-04-15T07:40:18.000000;2016-04-15T07:40:18.831021;6e4e7aad-6118-42f9-a495-04975fa31e75;8.509;2.3;BUY
2016-04-15T07:40:18.000000;2016-04-15T07:40:18.845024;73117f6f-5bba-43c9-af68-108f21b56b82;8.51;7.7;BUY
2016-04-15T07:40:20.000000;2016-04-15T07:40:20.200154;0b3c5178-69ff-441d-b6c5-25675ca56d12;8.51;2.3;BUY
2016-04-15T07:40:55.000000;2016-04-15T07:40:55.231684;95dca275-bf34-481b-abbc-e63b760d2833;8.51;1.0;BUY
2016-04-15T07:42:00.000000;2016-04-15T07:42:00.871241;1d9b1c56-9461-481e-9baa-116a8d9ef075;8.51;1.0;BUY
2016-04-15T07:45:52.000000;2016-04-15T07:45:52.498386;0d95b4b8-5256-483f-bc7e-ef15bbd4033b;8.518;0.8;BUY
2016-04-15T07:47:33.000000;2016-04-15T07:47:33.601497;b9fa808d-73f4-45bb-a2ae-9ddc2ccb10c0;8.518;0.2;BUY
2016-04-15T07:47:35.000000;2016-04-15T07:47:35.095642;3d23550e-4914-4a12-bd5d-bb26fbb23de1;8.52;1.0;BUY
2016-04-15T07:47:41.000000;2016-04-15T07:47:41.801315;fba0a62f-c991-44a5-acb6-7baa8784f1bb;8.53;1.0;BUY
2016-04-15T07:49:08.000000;2016-04-15T07:49:08.731034;2143885a-48c8-4c00-b8b7-e8bca70ebd4a;8.54;4.1;BUY
2016-04-15T07:49:10.000000;2016-04-15T07:49:10.365166;9ba6f65c-e85f-42cc-8fbe-80fa90a9d77e;8.54;5.9;BUY
2016-04-15T07:49:10.000000;2016-04-15T07:49:10.383159;664cbb11-1a2d-45fd-a686-0fd6d353bdf2;8.54;2.56;BUY
2016-04-15T07:49:23.000000;2016-04-15T07:49:23.311460;c87c703e-23d2-49fb-b189-cade75b93190;8.54;0.6525;BUY
2016-04-15T07:49:23.000000;2016-04-15T07:49:23.318449;d24c7999-c4d7-435c-9019-a7740c02d33b;8.54;0.9975;BUY
2016-04-15T07:53:30.000000;2016-04-15T07:53:30.514848;4aa675a0-e274-405e-8ad9-e3180bf28aa5;8.54;0.0025;BUY
2016-04-15T07:53:30.000000;2016-04-15T07:53:30.522845;2ce5b431-52ba-4fbf-8327-a97af48379a0;8.54;0.4975;BUY
2016-04-15T07:53:31.000000;2016-04-15T07:53:31.769960;18b08ed6-f4c0-4798-9035-047ec0f5c643;8.54;0.0025;BUY
2016-04-15T08:10:17.000000;2016-04-15T08:10:17.152065;2f28c841-4f9c-4234-a35b-1972a885e1e9;8.549;0.8;BUY
2016-04-15T08:10:17.000000;2016-04-15T08:10:17.164053;075dfc67-7973-4074-bbe6-68e5874b290a;8.55;1.0;BUY
2016-04-15T08:10:17.000000;2016-04-15T08:10:17.168046;88b05c3c-a690-4fc7-b72a-e31a1d895d94;8.55;4.2;BUY
2016-04-15T08:11:38.000000;2016-04-15T08:11:38.499183;38e3c78f-751a-4ef1-8716-e779765062a7;8.5466;3.17558;SELL
2016-04-15T08:11:39.000000;2016-04-15T08:11:39.715316;7a4d1907-9067-4e78-ae51-98b4bb5b9b5b;8.541;0.55077478;SELL
2016-04-15T08:11:39.000000;2016-04-15T08:11:39.800313;570a5ec8-1d59-49b8-84e4-2dd10db04873;8.541;3.17558;SELL
2016-04-15T08:11:43.000000;2016-04-15T08:11:43.525678;9fa689eb-da1a-4e01-8873-4eaa19207c1f;8.541;3.17558;SELL
2016-04-15T08:11:46.000000;2016-04-15T08:11:46.339992;45b87d8a-3055-4a9a-86e1-e6b03f918157;8.541;4.98699055;SELL
2016-04-15T08:16:39.000000;2016-04-15T08:16:39.508308;c66826ad-b739-4f29-b709-d9c756fc6d54;8.54;0.5;SELL
2016-04-15T08:17:43.000000;2016-04-15T08:17:43.923727;77731be5-2c8e-48d3-a69b-52452125fd1b;8.521;3.16536;SELL
2016-04-15T08:17:43.000000;2016-04-15T08:17:43.934719;656d09f5-9805-4e27-a939-d6089eb35430;8.52;1.0;SELL
2016-04-15T08:17:43.000000;2016-04-15T08:17:43.936724;af832770-87c4-4119-8951-e38c5c68160a;8.51;1.0;SELL
2016-04-15T08:17:43.000000;2016-04-15T08:17:43.964734;9ed3cd9d-8255-4511-bcd7-a9ec97b036b1;8.4711;11.30169588;SELL
2016-04-15T08:31:50.000000;2016-04-15T08:31:50.305168;6f28542c-005f-4374-a0f4-2abf2f43517d;8.4801;3.177072;SELL
2016-04-15T08:31:50.000000;2016-04-15T08:31:50.317161;84686895-1970-4c13-b776-a1063807aefc;8.48;1.0;SELL
2016-04-15T08:31:50.000000;2016-04-15T08:31:50.325157;42d9be6a-fbe9-48b0-8e70-855de4fe481f;8.4711;5.70669301;SELL
2016-04-15T08:31:50.000000;2016-04-15T08:31:50.347166;c7089b86-9709-4f85-bdb9-94ee7c493989;8.4701;7.15382894;SELL
2016-04-15T08:31:53.000000;2016-04-15T08:31:53.944527;926c22a9-1078-4538-b3c7-ab826defa2ca;8.4701;5.27734808;SELL
2016-04-15T08:33:47.000000;2016-04-15T08:33:47.534883;bc94a4cc-01a4-4ad9-a4b2-74796afbaaef;8.4701;4.57921992;SELL
2016-04-15T08:33:47.000000;2016-04-15T08:33:47.546883;6e2fdac2-1e60-4cb5-9300-63c35c2eceed;8.47;0.5;SELL
2016-04-15T08:40:21.000000;2016-04-15T08:40:21.491787;76bcf185-ef0c-4611-afef-05cdc319570c;8.4701;2.74477144;BUY
2016-04-15T08:41:09.000000;2016-04-15T08:41:09.200518;a6273097-412f-4df1-8588-e16b255df7db;8.461;24.72504879;SELL
2016-04-15T08:58:28.000000;2016-04-15T08:58:28.335590;16179685-cf95-495f-a70d-861813ed73a3;8.53;5.0;BUY
2016-04-15T09:03:47.000000;2016-04-15T09:03:47.839536;94f4b0e9-1871-449e-a0a3-c6f1712f454c;8.5499;4.83;BUY
2016-04-15T09:05:22.000000;2016-04-15T09:05:22.516996;dc5b2bbb-183d-4c31-9761-fb38a8038cb2;8.5499;12.20759395;BUY
2016-04-15T09:05:22.000000;2016-04-15T09:05:22.534000;a63cebb3-c850-4a03-ac2c-1cf517fe3808;8.55;0.8;BUY
2016-04-15T09:05:22.000000;2016-04-15T09:05:22.537002;cd5a146d-3496-47e8-9ecb-cbb536786c71;8.55;0.5;BUY
2016-04-15T09:05:22.000000;2016-04-15T09:05:22.564002;240a449a-722a-4e9d-856d-799f67c3fedc;8.55;3.06240605;BUY
2016-04-15T09:05:24.000000;2016-04-15T09:05:24.054151;50d2bd1f-4009-4e9a-a4fc-c71fa7560033;8.55;1.93759395;BUY
2016-04-15T09:05:37.000000;2016-04-15T09:05:37.951540;9aafd83f-2f02-4382-9731-d9c155e16c07;8.56;22.0;BUY
2016-04-15T09:05:38.000000;2016-04-15T09:05:38.413588;4a867548-73a9-43e4-a460-125b0d748680;8.6;0.1;BUY
2016-04-15T09:05:38.000000;2016-04-15T09:05:38.421577;38cef1e9-2744-4e83-8f55-e84468c009cf;8.6;10.0;BUY
2016-04-15T09:05:38.000000;2016-04-15T09:05:38.429587;5f9bead3-b9cf-4743-8426-2258a7deb41e;8.6025;3.173903;BUY
2016-04-15T09:05:44.000000;2016-04-15T09:05:44.522201;b6684e6b-44e4-4304-8278-0ef475906010;8.64;0.4;BUY
2016-04-15T09:05:44.000000;2016-04-15T09:05:44.540197;dc2c7c54-95ec-4599-9738-59cb85e21785;8.6447;0.85;BUY
2016-04-15T09:05:47.000000;2016-04-15T09:05:47.406489;6decff62-5dba-4b86-836e-68d74799289f;8.6477;8.849;SELL
2016-04-15T09:06:18.000000;2016-04-15T09:06:18.392596;a56ba328-0c26-4e0b-804c-cb9208c16ae5;8.6;14.78151141;BUY
2016-04-15T09:06:18.000000;2016-04-15T09:06:18.886626;e9aaf448-729e-41b8-811c-00634be63acd;8.6;11.36948859;BUY
2016-04-15T09:06:41.000000;2016-04-15T09:06:41.177870;e99a1ced-577a-496d-b094-ce9a58f51cb0;8.65;5.41418867;BUY
2016-04-15T09:09:05.000000;2016-04-15T09:09:05.767447;63ce1412-1ac9-4d94-af5a-7b835b6d0336;8.61;25.10100404;BUY
2016-04-15T09:09:09.000000;2016-04-15T09:09:09.771852;03653a8e-64b1-4697-b184-8ebfc4cd065d;8.61;0.21599596;BUY
2016-04-15T09:11:00.000000;2016-04-15T09:11:00.036837;2f7dd7dc-0964-4741-be3d-73f178ab063e;8.6291;1.0;SELL
2016-04-15T09:11:19.000000;2016-04-15T09:11:19.413776;278a21d6-5d3d-4f4d-9a6d-eb3df8c5ad43;8.63;1.0;SELL
2016-04-15T09:15:40.000000;2016-04-15T09:15:40.368869;8f199aca-f62f-49ac-9438-08d5de538607;8.63;23.88500808;BUY
2016-04-15T09:22:34.000000;2016-04-15T09:22:34.065238;f9111bd9-e973-4ac8-b128-50f78a25b90c;8.63;6.11499192;BUY
2016-04-15T09:22:34.000000;2016-04-15T09:22:34.075240;23da2a91-4ca7-43b3-b463-4d2ad8808b36;8.63;12.77805742;BUY
2016-04-15T09:24:06.000000;2016-04-15T09:24:06.966866;50496671-de9f-43cd-be0e-dc30322344c3;8.63;17.22194258;BUY
2016-04-15T09:24:06.000000;2016-04-15T09:24:06.978551;bf4903a7-98d6-45b5-8cbb-b28d5559ee5c;8.6397;3.142011;BUY
2016-04-15T09:24:06.000000;2016-04-15T09:24:06.980530;cecfc449-e989-4aa9-ba02-ba19d9229fcf;8.65;44.58581133;BUY
2016-04-15T09:24:06.000000;2016-04-15T09:24:07.008537;ace29122-ad3c-492c-a026-3217f650303e;8.69;50.0;BUY
2016-04-15T09:24:06.000000;2016-04-15T09:24:07.009534;961b1cf7-1a6e-4088-98e0-2d8a49fb414b;8.69;6.36743509;BUY
2016-04-15T09:24:15.000000;2016-04-15T09:24:15.822431;d0d4b4ab-5b04-4b95-a3a3-0a67b67c6d0c;8.6899;0.3019;BUY
2016-04-15T09:38:47.000000;2016-04-15T09:38:47.526957;115293c6-b5e0-42d5-ae6b-bfbf45fe8d3d;8.6026;0.23192941;SELL
2016-04-15T09:40:36.000000;2016-04-15T09:40:36.649887;1421971c-93dd-4c71-9115-a76ca64892f0;8.6026;0.29498935;SELL
2016-04-15T09:49:12.000000;2016-04-15T09:49:12.136171;a918a6a2-fa95-41d3-8262-775d8eb46d9c;8.678;18.9302;BUY
2016-04-15T09:50:23.000000;2016-04-15T09:50:23.330290;ee9ba3a8-b5fc-45ea-833e-ad030798aa79;8.6077;0.29490735;SELL
2016-04-15T09:50:43.000000;2016-04-15T09:50:43.633312;3a2151fc-1809-474e-b437-acc5471ea4a5;8.6077;0.29490735;SELL
2016-04-15T09:51:49.000000;2016-04-15T09:51:49.520909;c36c5aac-a019-4aea-a587-64e898bf9b9a;8.6077;2.5404513;SELL
2016-04-15T09:57:27.000000;2016-04-15T09:57:27.512918;492b169f-fdf4-4035-921d-802630221c3a;8.6077;97.27;BUY
2016-04-15T09:57:30.000000;2016-04-15T09:57:30.719254;59040ed0-81ee-4ae4-bd15-60af22d4c34f;8.6077;0.0049487;BUY
2016-04-15T10:07:10.000000;2016-04-15T10:07:10.276201;f01628b7-1d89-40ff-8ada-a0403676565f;8.61;6.75740178;BUY
2016-04-15T10:07:10.000000;2016-04-15T10:07:10.815253;725334d0-378d-4421-8b99-bc7620099f65;8.61;3.24259822;BUY
2016-04-15T10:07:18.000000;2016-04-15T10:07:18.043975;21dee44a-d071-4362-8df5-98903cb3f418;8.61;10.0;SELL
2016-04-15T10:07:24.000000;2016-04-15T10:07:24.912651;0932dbb0-ac4b-496c-b965-88385364c180;8.61;10.0;SELL
2016-04-15T10:07:35.000000;2016-04-15T10:07:35.804749;6b5b735b-389e-45cf-a308-a64d5a88d8f0;8.61;6.75740178;BUY
2016-04-15T10:10:12.000000;2016-04-15T10:10:12.639435;ff89b80a-88ab-4134-8878-2a5af9288a51;8.61;3.24259822;BUY
2016-04-15T10:10:12.000000;2016-04-15T10:10:12.643439;7c657a38-e35b-43f5-a983-e13aa4ed3a85;8.61;8.26740178;BUY
2016-04-15T10:10:13.000000;2016-04-15T10:10:13.348487;cf92dece-356f-469f-a8a8-e301c921a0ba;8.61;1.73259822;BUY
2016-04-15T10:30:37.000000;2016-04-15T10:30:37.630748;eea268a9-9e5f-4dfc-b0f9-5439872ae8ce;8.61;9.94;BUY
2016-04-15T10:30:39.000000;2016-04-15T10:30:39.162897;a4aa1dee-f9b7-4525-84b4-300cda8de83a;8.61;0.06;BUY
2016-04-15T10:41:59.000000;2016-04-15T10:41:59.098897;be620131-95b9-4090-a0a5-1a2e33a7b533;8.608;2.431873;SELL
2016-04-15T10:42:08.000000;2016-04-15T10:42:08.119787;39aa8234-8583-4c16-84ca-46fadfeed46d;8.608;2.431931;SELL
2016-04-15T10:43:36.000000;2016-04-15T10:43:36.880681;45e16852-c6ec-457d-ba2c-6858d44ebaa0;8.608;46.1;SELL
2016-04-15T10:44:24.000000;2016-04-15T10:44:24.281242;1efd4702-47f3-433b-905e-30e5f3651da8;8.608;14.095;SELL
2016-04-15T10:48:44.000000;2016-04-15T10:48:44.943330;48d5fb33-a4d8-418d-acf0-b1a262ec4914;8.608;32.2062473;SELL
2016-04-15T11:06:48.000000;2016-04-15T11:06:48.141939;706766f2-c37f-486d-b0af-90f76ec2d4a7;8.5302;1.09762;SELL
2016-04-15T11:29:52.000000;2016-04-15T11:29:52.092444;46712b2f-ae54-4759-917a-ff24922e5eee;8.54;1.0;SELL
2016-04-15T11:37:06.000000;2016-04-15T11:37:06.664868;f32d11bc-4715-4c98-8c52-3a135adfc3e6;8.54;2.15902;SELL
2016-04-15T11:38:56.000000;2016-04-15T11:38:56.844895;98627fff-4507-45f2-9208-07f21dd83d6c;8.52;10.0;SELL
2016-04-15T11:39:34.000000;2016-04-15T11:39:34.997716;74889a35-3fce-4712-aaa2-827fe8f027d7;8.5;20.0;SELL
2016-04-15T11:41:28.000000;2016-04-15T11:41:28.521056;8c2b9a36-f3a4-41e3-a278-ea369e435226;8.49;10.0;SELL
2016-04-15T11:43:05.000000;2016-04-15T11:43:05.924812;1ec6c1d4-dc0f-496a-af42-b6d3d6967692;8.48;10.0;SELL
2016-04-15T11:43:05.000000;2016-04-15T11:43:05.938795;820512f2-2ce7-41d0-bb9f-3378e78e09df;8.47;20.0;SELL
2016-04-15T11:44:34.000000;2016-04-15T11:44:34.182926;6e011c16-d06c-4d2d-893d-431655b6b641;8.46;10.0;SELL
2016-04-15T11:44:34.000000;2016-04-15T11:44:34.193910;98a79800-9510-4586-b320-2dc0086aa7b6;8.45;30.0;SELL
2016-04-15T11:44:34.000000;2016-04-15T11:44:34.194908;0b084b99-0cea-47b5-af71-6692c747aa19;8.4465;3.161845;SELL
2016-04-15T11:44:34.000000;2016-04-15T11:44:34.223944;04f62a71-e154-426b-970b-c64043c7efe9;8.44;40.0;SELL
2016-04-15T11:44:34.000000;2016-04-15T11:44:34.223944;4f76be50-f43d-4cad-a542-8db72a8271f8;8.41;1.0;SELL
2016-04-15T11:44:34.000000;2016-04-15T11:44:34.223944;95fdb041-ef0b-46dd-a034-05a71b41800d;8.4;1.0;SELL
2016-04-15T11:44:34.000000;2016-04-15T11:44:34.224931;fa2c3246-94f4-407b-85b8-276cc9ee1483;8.39;1.0;SELL
2016-04-15T11:44:34.000000;2016-04-15T11:44:34.224931;d9fafe4f-7660-4116-905f-f2e1d71b907f;8.38;1.0;SELL
2016-04-15T11:44:34.000000;2016-04-15T11:44:34.224931;376e1013-42dc-4ee1-a351-6540e6cbe0f8;8.358;12.838155;SELL
2016-04-15T11:45:05.000000;2016-04-15T11:45:05.132008;18f5d6a3-820e-4d7b-958a-67244c80947d;8.4355;50.0;SELL
2016-04-15T11:45:05.000000;2016-04-15T11:45:05.138999;4dc833cb-bf88-44a5-b19c-a7177b8f574e;8.4;40.0;SELL
2016-04-15T11:45:05.000000;2016-04-15T11:45:05.161007;7d351bb4-868b-475d-a599-50494480db2f;8.3829;3.20662;SELL
2016-04-15T11:45:05.000000;2016-04-15T11:45:05.169011;6e6b1b5b-94dc-4f9d-8b9f-e8f936fe3488;8.38;6.79338;SELL
2016-04-15T11:46:22.000000;2016-04-15T11:46:22.344749;f5e3c8dc-e42c-4b03-a4cd-7a423c1dae90;8.3822;0.85017003;SELL
2016-04-15T11:46:22.000000;2016-04-15T11:46:22.357730;a7cfbf46-0877-41be-a725-721cb60f6074;8.3822;3.210807;SELL
2016-04-15T11:46:22.000000;2016-04-15T11:46:22.367810;8a8a9eea-2397-4885-ae5a-fbc6d38115d3;8.382;25.93902297;SELL
2016-04-15T11:49:11.000000;2016-04-15T11:49:11.579638;94a60125-24ed-48ef-a842-07b353c246eb;8.416;25.23570875;SELL
2016-04-15T11:49:22.000000;2016-04-15T11:49:22.101695;1e3ac448-6180-421b-920c-b4243325e473;8.416;24.76429125;SELL
2016-04-15T11:50:00.000000;2016-04-15T11:50:00.027520;1573db5a-b1fc-4a02-895f-e2069457b990;8.409;25.0;BUY
2016-04-15T11:50:08.000000;2016-04-15T11:50:08.604356;c63f9fcf-08f8-4673-b0ed-815b2046cc76;8.409;10.0;BUY
2016-04-15T11:51:50.000000;2016-04-15T11:51:50.581547;a686d535-a856-45f0-a33a-37b17811b395;8.3921;0.92796323;SELL
2016-04-15T11:53:43.000000;2016-04-15T11:53:43.941882;707b1d36-724a-462d-96a3-02d093ee2522;8.4;41.6444762;BUY
2016-04-15T11:55:47.000000;2016-04-15T11:55:47.984292;956d14da-7d10-401c-b27a-f492be42269d;8.409;1.12;BUY
2016-04-15T11:59:55.000000;2016-04-15T11:59:55.121961;c49dd920-426b-49f2-aac2-b4acca4c6817;8.41;20.67460875;BUY
2016-04-15T12:24:01.000000;2016-04-15T12:24:01.772430;5669fa08-8cd4-435f-aa8d-f50d968dd98e;8.4411;70.0;SELL
2016-04-15T12:25:32.000000;2016-04-15T12:25:32.262478;6d62ec66-a97e-4d86-b015-510eaf361211;8.441;20.0;SELL
2016-04-15T12:25:44.000000;2016-04-15T12:25:44.813700;1f39d70b-6c31-4256-87f2-aa07c21cfa65;8.441;4.34401228;SELL
2016-04-15T12:25:47.000000;2016-04-15T12:25:47.507957;8ac20d1f-dfdf-42d6-b34d-02a9a3d72129;8.441;4.34401228;SELL
2016-04-15T12:25:51.000000;2016-04-15T12:25:51.496375;1037441b-cf63-4d8b-a1b9-e7f71f4f2eba;8.441;4.34401228;SELL
2016-04-15T12:25:53.000000;2016-04-15T12:25:53.963615;a53f325f-33ea-4cb5-8d41-22f56e14360c;8.441;4.34401228;SELL
2016-04-15T12:25:56.000000;2016-04-15T12:25:56.187841;22e137b4-fdbd-4acf-8992-afa5a019536b;8.441;4.34886672;SELL
2016-04-15T12:25:58.000000;2016-04-15T12:25:58.202040;7c23fb58-3a62-4cbd-bbef-acff0f6fd91f;8.441;4.34886672;SELL
2016-04-15T12:26:00.000000;2016-04-15T12:26:00.995335;e6b50593-e1fa-4984-8d2e-1015b6ce5e70;8.441;1.87914872;SELL
2016-04-15T12:26:20.000000;2016-04-15T12:26:20.667290;cd379b18-eb06-4468-b4d8-b1618e3e7062;8.441;27.48929872;SELL
2016-04-15T12:27:00.000000;2016-04-15T12:27:00.271244;a7b8a8fa-1090-4e48-8854-7b6cb880e9ee;8.4101;4.13398246;SELL
2016-04-15T12:27:04.000000;2016-04-15T12:27:04.425663;b7c1b65b-5530-4757-9261-143fc8937438;8.4101;4.13812275;SELL
2016-04-15T12:27:07.000000;2016-04-15T12:27:07.440965;96e3ed86-a2fc-4559-b0df-d5b4c181ce61;8.4101;4.13812275;SELL
2016-04-15T12:27:34.000000;2016-04-15T12:27:34.163633;74247802-a09f-45fa-863e-099c63ce7808;8.4101;7.1874484;SELL
2016-04-15T12:27:39.000000;2016-04-15T12:27:39.748186;2b473dcc-b1a4-423e-95d7-94bf696de7f6;8.4101;3.21264434;SELL
2016-04-15T12:27:41.000000;2016-04-15T12:27:42.081426;fe3ee4c0-5b9c-4648-87c5-74d9e930d1c0;8.4101;58.5868793;SELL
2016-04-15T12:27:41.000000;2016-04-15T12:27:42.085422;74ab6912-27f6-4db2-b5bd-030a3450517f;8.41;1.4131207;SELL
2016-04-15T12:27:51.000000;2016-04-15T12:27:51.712394;b2d56406-3f57-44de-bbea-862f02b5507f;8.41;2.66976759;SELL
2016-04-15T12:28:33.000000;2016-04-15T12:28:33.846606;5169dc26-5130-4cc0-a96b-e234e6855c93;8.4101;6.74388698;SELL
2016-04-15T12:28:34.000000;2016-04-15T12:28:34.364648;07dbd68f-9f1d-4a94-be73-e39e61277796;8.4101;6.74388698;SELL
2016-04-15T12:28:35.000000;2016-04-15T12:28:35.260743;4dd17f0c-faf3-4d8b-88b1-e7d0c2a2e535;8.4101;6.74388698;SELL
2016-04-15T12:28:36.000000;2016-04-15T12:28:36.342854;a97a1027-4f81-47dc-a8eb-949eecfcfd8c;8.4101;6.74388698;SELL
2016-04-15T12:28:36.000000;2016-04-15T12:28:36.448860;eb06fee6-5fcb-488a-a7eb-0131c40e2882;8.4101;6.74388698;SELL
2016-04-15T12:28:37.000000;2016-04-15T12:28:37.769999;234422bd-eb8b-47e8-8f0d-393e3717e01c;8.4101;6.74388698;SELL
2016-04-15T12:28:38.000000;2016-04-15T12:28:38.431088;ecb37734-ef53-4657-b557-db117dd0f020;8.4101;0.62384914;SELL
2016-04-15T12:28:38.000000;2016-04-15T12:28:38.976132;3b8db152-f950-4332-9c43-3b32e7a1b5ac;8.4101;6.74388698;SELL
2016-04-15T12:28:39.000000;2016-04-15T12:28:39.923204;5456b9aa-7d2d-4c63-bf01-79f8699e125a;8.4101;6.74388698;SELL
2016-04-15T12:28:41.000000;2016-04-15T12:28:41.339347;53146080-7c2c-4618-a455-a20f1fa95778;8.4101;6.74387614;SELL
2016-04-15T12:28:41.000000;2016-04-15T12:28:41.414348;e853a159-519a-4d87-b1ba-48f19f8d4c5d;8.4101;5.91477888;SELL
2016-04-15T12:28:42.000000;2016-04-15T12:28:42.308447;5b18d5b4-8c6a-4e1c-80b2-a548bbef2b8d;8.41;0.8291081;SELL
2016-04-15T12:28:43.000000;2016-04-15T12:28:43.299537;33191273-b662-4d7f-933d-901a6d340641;8.41;6.74388698;SELL
2016-04-15T12:28:43.000000;2016-04-15T12:28:43.980608;17565135-0bf1-4b33-a66b-c675a1da8e10;8.41;6.74388698;SELL
2016-04-15T12:28:43.000000;2016-04-15T12:28:43.999609;5c59ab32-32df-4af5-9cd4-8c1182702881;8.41;6.74388698;SELL
2016-04-15T12:28:44.000000;2016-04-15T12:28:44.413654;f97031e1-2ca5-4303-b5ae-593e4d7c9f61;8.41;6.74388698;SELL
2016-04-15T12:28:44.000000;2016-04-15T12:28:45.022722;0c73920a-d71f-42d1-9701-705e43a8f9ba;8.41;6.74388698;SELL
2016-04-15T12:28:45.000000;2016-04-15T12:28:45.650775;5e333252-3ac3-49a6-bfaf-57de48eb438f;8.41;6.74388698;SELL
2016-04-15T12:28:46.000000;2016-04-15T12:28:46.132836;fe30ffc9-3acc-4313-95bf-071b6174f9b6;8.41;6.74388698;SELL
2016-04-15T12:28:47.000000;2016-04-15T12:28:47.639982;d786055f-3d50-43aa-83b9-54174b63d7bb;8.41;6.74388698;SELL
2016-04-15T12:28:47.000000;2016-04-15T12:28:47.711988;3726816b-7ad4-4d4c-b399-f52a806a7079;8.41;6.74388698;SELL
2016-04-15T12:28:48.000000;2016-04-15T12:28:48.138031;65b7dd39-ffc7-4c2b-a7c1-c56270107658;8.41;6.74388698;SELL
2016-04-15T12:28:48.000000;2016-04-15T12:28:48.660097;18eed634-efae-4dac-b296-86d5e4621a30;8.41;6.74388698;SELL
2016-04-15T12:28:49.000000;2016-04-15T12:28:49.176128;6f6dbb79-791d-49ab-aed5-f6d6cd88ce8e;8.41;6.74388698;SELL
2016-04-15T12:28:49.000000;2016-04-15T12:28:49.942201;e889186d-596b-4e5d-a282-b05bfdfe0074;8.41;6.74388698;SELL
2016-04-15T12:28:50.000000;2016-04-15T12:28:50.568263;a601f2e8-eba0-4826-a876-e8f6b0416041;8.41;6.74388698;SELL
2016-04-15T12:28:51.000000;2016-04-15T12:28:51.290342;528a46a2-a37b-4c64-b5f8-b2e7ee30eee5;8.41;6.74388698;SELL
2016-04-15T12:28:51.000000;2016-04-15T12:28:51.594376;be069263-33ff-4b00-98da-ee3aa2b320a8;8.41;3.26969891;SELL
2016-04-15T12:31:14.000000;2016-04-15T12:31:14.617659;74f47fc6-267b-4d52-a166-f6b5e36748b0;8.4329;2.19569585;BUY
2016-04-15T12:31:14.000000;2016-04-15T12:31:14.631650;4faab91a-718f-4e27-8967-7669c4cb8256;8.4329;6.74388698;BUY
2016-04-15T12:31:14.000000;2016-04-15T12:31:14.634658;402cfd74-6501-48ad-9679-a7c843064fb2;8.4329;6.74388698;BUY
2016-04-15T12:31:14.000000;2016-04-15T12:31:14.661846;1147d8b3-7962-45c0-b649-64b3a1a1fe10;8.4329;6.74388698;BUY
2016-04-15T12:31:14.000000;2016-04-15T12:31:14.662654;c9ee9f99-4817-4e1f-8212-671b62695955;8.4332;2.918676;BUY
2016-04-15T12:31:14.000000;2016-04-15T12:31:14.662654;92bad61f-0ba8-4266-ade2-730c855b6c5b;8.491;24.65396721;BUY
2016-04-15T12:48:30.000000;2016-04-15T12:48:30.889426;d405af79-5a20-4d8a-b1f5-05d32597e17a;8.4001;0.1;SELL
2016-04-15T12:48:30.000000;2016-04-15T12:48:30.905412;be2bf74c-a75e-4f73-9a20-e9f7f54a2529;8.4001;0.1;SELL
2016-04-15T12:48:30.000000;2016-04-15T12:48:30.907422;af1da42d-64e1-46b0-a31f-5898ddf55332;8.4001;0.1;SELL
2016-04-15T12:48:30.000000;2016-04-15T12:48:30.935451;b800bf7a-756a-4b35-968a-71a1862f46ad;8.4001;0.1;SELL
2016-04-15T12:48:30.000000;2016-04-15T12:48:30.935451;f20a5720-749b-4c88-8d48-8b28a2903f6e;8.4001;0.1;SELL
2016-04-15T12:48:30.000000;2016-04-15T12:48:30.935451;5f96afa2-d866-4c60-9e18-cabf4c9fdef6;8.4;1.0;SELL
2016-04-15T12:48:30.000000;2016-04-15T12:48:30.935451;7fd724a7-7771-44a1-ba6d-30a02bc36ba8;8.4;1.714451;SELL
2016-04-15T12:54:07.000000;2016-04-15T12:54:07.815120;597fbf61-8a56-4cf4-bda7-f3612239dd07;8.4;1.54166202;SELL
2016-04-15T12:54:07.000000;2016-04-15T12:54:07.864102;907ac440-2feb-471b-979f-d86281af2109;8.4;6.74388698;SELL
2016-04-15T12:57:11.000000;2016-04-15T12:57:11.211448;1d2e0838-0207-400a-b990-d9f3c81038cd;8.3999;0.1;BUY
2016-04-15T12:57:11.000000;2016-04-15T12:57:11.791511;99352e8e-2083-479e-acd7-766099c34d80;8.3999;0.1;BUY
2016-04-15T12:57:12.000000;2016-04-15T12:57:12.500575;75ce2f3d-1b9d-447b-91e2-649c9f0b43b4;8.3999;0.1;BUY
2016-04-15T12:57:13.000000;2016-04-15T12:57:13.215646;7b74ba7e-658a-49f4-9543-c90c940590eb;8.3999;0.1;BUY
2016-04-15T12:57:13.000000;2016-04-15T12:57:13.817706;fa1f8292-b118-463a-8fe1-96efc0b5620f;8.3999;0.1;BUY
2016-04-15T13:06:49.000000;2016-04-15T13:06:49.130652;af378d8a-6c3c-437d-9c0c-77234b30564c;8.3931;0.9;SELL
2016-04-15T13:06:50.000000;2016-04-15T13:06:50.120752;a86d9b28-ebf3-401a-9ddf-3017c0a47df5;8.393;5.84388698;BUY
2016-04-15T13:06:50.000000;2016-04-15T13:06:50.129752;ea9949a6-da30-47d5-af56-5ac71c28c733;8.393;6.74388698;BUY
2016-04-15T13:06:50.000000;2016-04-15T13:06:50.433778;db3eeb18-0aba-4989-bc39-95f5a1255ff7;8.393;6.74388698;BUY
2016-04-15T13:06:51.000000;2016-04-15T13:06:51.905952;3704dd8e-808f-4a09-82f2-d48db70122dc;8.3931;6.24388698;SELL
2016-04-15T13:07:21.000000;2016-04-15T13:07:21.428884;81ba8603-2124-4e99-a6b8-50742ce4806b;8.3989;0.9;BUY
2016-04-15T13:07:21.000000;2016-04-15T13:07:21.443881;72108ec3-f388-4904-9019-1a4a46127a81;8.3998;6.74388698;BUY
2016-04-15T13:07:21.000000;2016-04-15T13:07:21.448888;6b891f63-cd12-4b4a-9c65-3bf2aa2fdea6;8.3998;6.24388698;BUY
2016-04-15T13:07:21.000000;2016-04-15T13:07:21.474905;1492dc8b-2d3e-4bc6-9e04-30aa54944014;8.3999;6.74388698;BUY
2016-04-15T13:07:21.000000;2016-04-15T13:07:21.474905;6c7a5592-1ea7-4db6-8dd0-b4a69582f6b0;8.3999;6.24388698;BUY
2016-04-15T13:07:21.000000;2016-04-15T13:07:21.474905;00070476-4144-4d8a-b233-1af9abff1f1e;8.4;0.48390617;BUY
2016-04-15T13:10:31.000000;2016-04-15T13:10:31.770918;d4c63625-50b9-4927-8fbd-2ffbc2a6c8e6;8.4;0.18;BUY
2016-04-15T13:10:32.000000;2016-04-15T13:10:32.287977;543c0607-bbd2-4da1-9f64-b148040c4afc;8.4;0.00251425;BUY
2016-04-15T13:10:40.000000;2016-04-15T13:10:40.467787;892f5772-a752-45eb-a5e9-d801e3640cb3;8.408;0.1;BUY
2016-04-15T13:10:40.000000;2016-04-15T13:10:40.480778;48204d49-b4a5-41ae-a8d3-6021645a3d0d;8.408;0.1;BUY
2016-04-15T13:10:40.000000;2016-04-15T13:10:40.495793;d7332b1a-5f08-4aad-8ac5-5fbcf071407a;8.408;0.1;BUY
2016-04-15T13:10:40.000000;2016-04-15T13:10:40.510799;39f0b7df-ee8d-4ea6-a142-797e8c425921;8.408;0.1;BUY
2016-04-15T13:10:40.000000;2016-04-15T13:10:40.510799;a9918dd2-dcbc-4bfe-af4f-b3cb68c2b33f;8.408;0.1;BUY
2016-04-15T13:10:40.000000;2016-04-15T13:10:40.510799;fb1890c4-c85d-4f44-815a-35414bcbe116;8.408;0.1;BUY
2016-04-15T13:10:40.000000;2016-04-15T13:10:40.511787;0759614b-7ed6-4503-9f45-e7f1a76e144a;8.408;0.1;BUY
2016-04-15T13:10:40.000000;2016-04-15T13:10:40.541780;46ec09a4-9ca0-4db0-b2ce-f5b1e6f439de;8.408;0.1;BUY
2016-04-15T13:10:40.000000;2016-04-15T13:10:40.541780;d2561900-7a1a-4771-9535-4d944576ed60;8.408;0.1;BUY
2016-04-15T13:10:40.000000;2016-04-15T13:10:40.541780;14851bf8-2c2d-4af6-8c82-7f4d9ecfc1ec;8.4081;0.1;BUY
2016-04-15T13:10:40.000000;2016-04-15T13:10:40.541780;a2a9d9ef-4c5f-4061-98dd-79e36898da17;8.4081;0.1;BUY
2016-04-15T13:10:40.000000;2016-04-15T13:10:40.541780;362dccee-304b-4ed7-9799-1cb97f84a938;8.4081;0.1;BUY
2016-04-15T13:10:40.000000;2016-04-15T13:10:40.571820;4e796a96-2e4b-479a-9b9d-3209e2ba7b8e;8.4081;0.1;BUY
2016-04-15T13:10:40.000000;2016-04-15T13:10:40.571820;09c55baa-88fa-4909-8b41-ce48f0a31b79;8.4081;0.1;BUY
2016-04-15T13:10:40.000000;2016-04-15T13:10:40.571820;0f34828e-7fdb-4e70-b7dd-bc1c9f1be045;8.4081;0.1;BUY
2016-04-15T13:10:40.000000;2016-04-15T13:10:40.601805;54c6a520-6716-45ba-a154-29667025d67a;8.4081;0.1;BUY
2016-04-15T13:10:40.000000;2016-04-15T13:10:40.612810;5eb56c5d-fe5a-41fc-a31a-e38b6261661f;8.4081;0.1;BUY
2016-04-15T13:10:40.000000;2016-04-15T13:10:40.643801;00a242c2-f1a8-4a29-9b93-680556cbbf85;8.4081;0.1;BUY
2016-04-15T13:10:40.000000;2016-04-15T13:10:40.643801;3bcb94d7-48bf-407e-973e-1217baa114a3;8.4081;0.1;BUY
2016-04-15T13:10:40.000000;2016-04-15T13:10:40.644800;c77abfb4-f309-4695-a0dc-dede9f54905f;8.4082;0.1;BUY
2016-04-15T13:10:40.000000;2016-04-15T13:10:40.645797;37bf061e-d7dc-47a5-b3b4-cdd11c46ae3d;8.4082;0.1;BUY
2016-04-15T13:10:40.000000;2016-04-15T13:10:40.674822;e6efbae2-21e7-47d6-aca6-4c3195eff156;8.4082;0.1;BUY
2016-04-15T13:10:40.000000;2016-04-15T13:10:40.674822;876bb670-cbff-46f8-9746-e7adadf9aecb;8.4082;0.1;BUY
2016-04-15T13:10:40.000000;2016-04-15T13:10:40.684811;5fd4e394-6460-44a2-83b9-6684f0598a6b;8.4082;0.1;BUY
2016-04-15T13:10:40.000000;2016-04-15T13:10:40.704812;1b3c2bb4-54c3-4040-a5fc-3fe6d5e51e21;8.4082;0.1;BUY
2016-04-15T13:10:40.000000;2016-04-15T13:10:40.704812;aecd5cab-9650-4c59-ae3f-49d52bdf87f4;8.4082;0.1;BUY
2016-04-15T13:10:40.000000;2016-04-15T13:10:40.705805;8a91a250-4e14-4a3b-911e-6f6dade6605e;8.4082;0.1;BUY
2016-04-15T13:10:40.000000;2016-04-15T13:10:40.718809;e744a337-5c84-4f69-90f3-63633cd9c8ee;8.4082;0.1;BUY
2016-04-15T13:10:40.000000;2016-04-15T13:10:40.735799;5fd80584-60f6-495a-8b0a-6fea683217af;8.4083;0.1;BUY
2016-04-15T13:10:40.000000;2016-04-15T13:10:40.735799;2d8999e8-86b0-4832-af48-d952cafde164;8.4083;0.1;BUY
2016-04-15T13:10:40.000000;2016-04-15T13:10:40.735799;79ac8b66-f92b-4372-8b15-922b292b6aca;8.4083;0.1;BUY
2016-04-15T13:10:40.000000;2016-04-15T13:10:40.735799;051727ce-30a9-42ef-ac0a-6e85fdd2e502;8.4083;0.1;BUY
2016-04-15T13:10:40.000000;2016-04-15T13:10:40.742805;78fbc8db-aae7-49d2-8244-d64c265da7aa;8.4083;0.1;BUY
2016-04-15T13:10:40.000000;2016-04-15T13:10:40.768803;f9a4a2d6-33b3-46c6-9b9b-46f0f4972118;8.4083;0.1;BUY
2016-04-15T13:10:40.000000;2016-04-15T13:10:40.770819;c3f986db-ab9b-4296-8067-0c5ccfc86564;8.4083;0.1;BUY
2016-04-15T13:10:40.000000;2016-04-15T13:10:40.798814;c7137bf9-30c9-497a-98f3-5da20c5a1a06;8.4083;0.1;BUY
2016-04-15T13:10:40.000000;2016-04-15T13:10:40.798814;c157fe1a-d3c2-4f35-a2e6-3da766aefa3f;8.4083;0.1;BUY
2016-04-15T13:10:40.000000;2016-04-15T13:10:40.801816;ea1ebeb7-b149-45a9-91fc-fb7896650119;8.4083;0.1;BUY
2016-04-15T13:10:40.000000;2016-04-15T13:10:40.829812;50f09489-2806-433a-bc1d-9d82c3fc893b;8.4084;0.1;BUY
2016-04-15T13:10:40.000000;2016-04-15T13:10:40.829812;bd85cbae-c878-46e2-8791-c44cd068e238;8.4084;0.1;BUY
2016-04-15T13:10:40.000000;2016-04-15T13:10:40.836818;65eda376-c0ea-425e-8cbe-779088d3b9bf;8.4084;0.1;BUY
2016-04-15T13:10:40.000000;2016-04-15T13:10:40.859837;07ab9352-e86e-408d-bfc7-e963075535d2;8.4084;0.1;BUY
2016-04-15T13:10:40.000000;2016-04-15T13:10:40.859837;22429ed1-3593-4521-80a9-18f7f8836b8a;8.4084;0.1;BUY
2016-04-15T13:10:40.000000;2016-04-15T13:10:40.859837;575c32bc-270d-41dd-b6e0-a537d1a365cc;8.4084;0.1;BUY
2016-04-15T13:10:40.000000;2016-04-15T13:10:40.860818;b46e3cf7-7512-41f9-adc2-00789bf553f9;8.4084;0.1;BUY
2016-04-15T13:10:40.000000;2016-04-15T13:10:40.861820;9e7e9f81-735a-47f0-b380-98cb7d7f0ff1;8.4084;0.1;BUY
2016-04-15T13:10:40.000000;2016-04-15T13:10:40.889850;a672e36f-6ffb-4b67-8f23-321cc658b8d6;8.4084;0.1;BUY
2016-04-15T13:10:40.000000;2016-04-15T13:10:40.890824;17baa7bf-f94a-4143-866a-3b0722a9cfc9;8.4084;0.1;BUY
2016-04-15T13:10:40.000000;2016-04-15T13:10:40.890824;b0b42ed5-af3f-447b-84a7-603887cdaaa1;8.4085;0.1;BUY
2016-04-15T13:10:40.000000;2016-04-15T13:10:40.920825;e65e3108-dcf6-449a-a240-f38fdbd22b29;8.4085;0.1;BUY
2016-04-15T13:10:40.000000;2016-04-15T13:10:40.920825;fd76ae69-fc5d-4ee1-be78-1b267d2d6bfc;8.4085;0.1;BUY
2016-04-15T13:10:40.000000;2016-04-15T13:10:40.922830;afb17c60-98c2-49f1-a67e-0111207604ce;8.4085;0.1;BUY
2016-04-15T13:10:40.000000;2016-04-15T13:10:40.950842;8d64a8ed-e7b0-48c7-bce5-d0efb7a148fc;8.4085;0.1;BUY
2016-04-15T13:10:40.000000;2016-04-15T13:10:40.951831;bddb300d-6dfc-4a73-9fbc-b2497cb8564e;8.4085;0.1;BUY
2016-04-15T13:10:40.000000;2016-04-15T13:10:40.951831;e23c5f4d-ad42-4a8d-a5eb-0bd42dfb360e;8.4085;0.1;BUY
2016-04-15T13:10:40.000000;2016-04-15T13:10:40.951831;4004bcd2-c0ae-4e67-b434-2a8c4f95e6a8;8.4085;0.1;BUY
2016-04-15T13:10:40.000000;2016-04-15T13:10:40.955850;7fec58db-9daa-4578-9068-6d297c5e4a0b;8.4085;0.1;BUY
2016-04-15T13:10:40.000000;2016-04-15T13:10:40.981836;1d2b50ca-9e59-4f88-9702-e27fddf355f5;8.4085;0.1;BUY
2016-04-15T13:10:40.000000;2016-04-15T13:10:40.981836;e0460cfe-7eab-43bf-8e88-e9177b502cb5;8.4085;0.1;BUY
2016-04-15T13:10:40.000000;2016-04-15T13:10:40.982850;4f599514-2052-4564-b0f5-a0d1bd192e2f;8.4086;0.1;BUY
2016-04-15T13:10:40.000000;2016-04-15T13:10:41.011840;29830125-953c-4ce5-8e0a-72d44908610b;8.4086;0.1;BUY
2016-04-15T13:10:40.000000;2016-04-15T13:10:41.012837;1d56cdcd-949e-4702-8eb2-29ee8e435eeb;8.4086;0.1;BUY
2016-04-15T13:10:40.000000;2016-04-15T13:10:41.012837;583f29a2-59c2-4e87-944d-b38eda8bceb9;8.4086;0.1;BUY
2016-04-15T13:10:40.000000;2016-04-15T13:10:41.024847;13587cc0-b5c1-4898-962d-a686b9172103;8.4086;0.1;BUY
2016-04-15T13:10:40.000000;2016-04-15T13:10:41.042831;c6c8f98d-d40b-42cf-974b-121edd92901c;8.4086;0.1;BUY
2016-04-15T13:10:40.000000;2016-04-15T13:10:41.042831;66ecc13e-c148-4d53-b5e3-e4d1a08eaf85;8.4086;0.1;BUY
2016-04-15T13:10:40.000000;2016-04-15T13:10:41.042831;bb6715d7-e533-4d28-96eb-55ede99561bd;8.4086;0.1;BUY
2016-04-15T13:10:40.000000;2016-04-15T13:10:41.042831;5b049328-a1f9-4bfd-83c1-7ca05e846ed5;8.4086;0.04;BUY
2016-04-15T13:11:31.000000;2016-04-15T13:11:31.249925;4015d2e0-5589-405a-80b6-c73e36c3af59;8.4088;0.1;BUY
2016-04-15T13:11:31.000000;2016-04-15T13:11:31.257897;35a783ad-482c-4058-baa0-0cfcd8de1d7f;8.4088;0.1;BUY
2016-04-15T13:11:31.000000;2016-04-15T13:11:31.268868;98201c29-6352-4772-9c88-8838936c4bbe;8.4088;0.1;BUY
2016-04-15T13:11:31.000000;2016-04-15T13:11:31.287909;d418b3b2-041b-479e-ac38-2d31d7ff27b4;8.4088;0.1;BUY
2016-04-15T13:11:31.000000;2016-04-15T13:11:31.287909;6a02cd0e-f64c-4288-a5d8-5c70d96da6ff;8.4088;0.1;BUY
2016-04-15T13:11:31.000000;2016-04-15T13:11:31.287909;8e6b3360-aa4c-4679-abec-5517798bcfc3;8.4088;0.1;BUY
2016-04-15T13:11:31.000000;2016-04-15T13:11:31.289138;cd29d999-4ead-49ed-acc4-60535301b52a;8.4088;0.1;BUY
2016-04-15T13:11:31.000000;2016-04-15T13:11:31.292865;8a2132f2-9548-4e9c-81b4-5d8a65f16c0d;8.4088;0.1;BUY
2016-04-15T13:11:31.000000;2016-04-15T13:11:31.318907;f9c24cf9-365a-40de-afb1-dcee0001428c;8.4088;0.1;BUY
2016-04-15T13:11:31.000000;2016-04-15T13:11:31.319872;9c748562-d00a-4d47-a238-7c63f5bc9834;8.4088;0.1;BUY
2016-04-15T13:11:31.000000;2016-04-15T13:11:31.319872;a3552193-edf6-49ac-9c36-00a387333b6d;8.4089;0.1;BUY
2016-04-15T13:11:31.000000;2016-04-15T13:11:31.319872;14ed3540-daad-4843-a105-00d1ed4bcc15;8.4089;0.1;BUY
2016-04-15T13:11:31.000000;2016-04-15T13:11:31.326934;baa434fd-ba63-495f-a4ba-73bdfbab3aa3;8.4089;0.1;BUY
2016-04-15T13:11:31.000000;2016-04-15T13:11:31.349879;f0b40e7e-a9ea-4061-9d57-37510f8ee2af;8.4089;0.1;BUY
2016-04-15T13:11:31.000000;2016-04-15T13:11:31.349879;f89f5f07-0144-41a6-8276-82286b373d8d;8.4089;0.1;BUY
2016-04-15T13:11:31.000000;2016-04-15T13:11:31.784016;f9568b96-788c-48dd-b12f-de053dfe037a;8.409;0.1;SELL
2016-04-15T13:11:32.000000;2016-04-15T13:11:32.482997;eda8e53e-7ff9-4bd9-ba14-caca1648135c;8.409;0.1;SELL
2016-04-15T13:11:33.000000;2016-04-15T13:11:33.556091;adf6b5c6-ffe0-42f1-8159-25b052c997e2;8.409;0.1;SELL
2016-04-15T13:11:34.000000;2016-04-15T13:11:34.982248;be4abc85-b4d6-40c2-8812-87d800b7c6e6;8.409;0.1;SELL
2016-04-15T13:11:35.000000;2016-04-15T13:11:35.741311;3b969ee1-664d-4cce-a0a1-353753020d69;8.409;0.1;SELL
2016-04-15T13:11:36.000000;2016-04-15T13:11:36.868429;4c958eef-6363-45c1-9fdf-a771da881289;8.409;0.1;SELL
2016-04-15T13:11:37.000000;2016-04-15T13:11:37.860531;e60a815d-1e1a-4b04-9b3b-63220bedc84d;8.409;0.1;SELL
2016-04-15T13:11:38.000000;2016-04-15T13:11:38.267588;950ddb6d-bae6-4e2a-a8d9-3aff2d1e2d99;8.409;0.1;SELL
2016-04-15T13:11:38.000000;2016-04-15T13:11:38.988633;48ea57d6-11fb-459a-895b-f54ea81f1663;8.409;0.1;SELL
2016-04-15T13:28:08.000000;2016-04-15T13:28:08.631060;4857978d-3f83-4cb6-a577-de660355c1d9;8.4639;6.74388698;BUY
2016-04-15T13:28:08.000000;2016-04-15T13:28:08.648047;9a3b1623-2b6c-42ce-9b24-491a437ea77d;8.464;3.25611302;BUY
2016-04-15T13:34:05.000000;2016-04-15T13:34:05.495255;34066911-29b7-40de-b4f4-1488137795ae;8.4;0.1;SELL
2016-04-15T13:34:05.000000;2016-04-15T13:34:05.503265;e1a00f85-a83c-47e1-9d2e-9e8165af0b40;8.4;0.1;SELL
2016-04-15T13:34:05.000000;2016-04-15T13:34:05.508251;3aa11def-4373-42ab-a3e9-c57c2d845430;8.392;47.68632486;SELL
2016-04-15T13:47:44.000000;2016-04-15T13:47:44.847506;17798b30-3cf4-4984-b1c7-e1c807df374d;8.4762;2.20450503;BUY
2016-04-15T13:48:46.000000;2016-04-15T13:48:46.430652;28309eb6-ce5d-48d2-b1ef-d831f5145dce;8.4762;4.53938195;BUY
2016-04-15T13:48:46.000000;2016-04-15T13:48:46.440656;16a14e2d-acb5-401b-b46c-52191bd256c2;8.4764;2.21801983;BUY
2016-04-15T13:49:07.000000;2016-04-15T13:49:07.909242;475ad6b8-dc65-46d9-ac91-34744bef78d8;8.4764;4.52586715;BUY
2016-04-15T13:49:07.000000;2016-04-15T13:49:07.914812;8a2a5b2d-4c9c-4d21-920a-71aae8bc807e;8.4765;2.23153463;BUY
2016-04-15T13:49:12.000000;2016-04-15T13:49:12.779279;2cff0ad6-2e48-4195-bcbc-a793254f10ff;8.4765;4.51235235;BUY
2016-04-15T13:49:12.000000;2016-04-15T13:49:12.786291;01ee44bf-1a63-4e4d-99b7-c35c184f473c;8.4766;1.09785589;BUY
2016-04-15T13:49:28.000000;2016-04-15T13:49:28.657891;5b2ee429-7055-4289-97c3-090e121376c5;8.461;0.46514684;SELL
2016-04-15T13:50:25.000000;2016-04-15T13:50:25.210527;63951287-b33d-4e09-88b1-6e3182adcea4;8.5;1.05431827;BUY
2016-04-15T14:00:27.000000;2016-04-15T14:00:27.752793;c8d20f1f-cbfc-4406-a214-c930f3dc6a25;8.5;8.94568173;BUY
2016-04-15T14:00:27.000000;2016-04-15T14:00:27.759905;db3af7c3-0ef8-42ae-a12a-f79eade6447e;8.51;1.05431827;BUY
2016-04-15T14:10:31.000000;2016-04-15T14:10:32.031209;590654eb-e1a1-4fd7-a092-e240b3f79b97;8.4524;1.14719354;SELL
2016-04-15T14:10:31.000000;2016-04-15T14:10:32.040213;564cc678-0b0b-44a8-a361-be46836fa3a8;8.4524;1.14719354;SELL
2016-04-15T14:10:31.000000;2016-04-15T14:10:32.058215;3537985e-1d4c-41c8-9bb7-ee8ed7068f9d;8.4523;1.14719354;SELL
2016-04-15T14:10:31.000000;2016-04-15T14:10:32.071222;8c71b47f-3ef5-47dd-876e-4697019626de;8.4141;3.30230636;SELL
2016-04-15T14:11:36.000000;2016-04-15T14:11:36.963705;7e423f3c-1abf-432b-b8d4-6df56b25dc62;8.477;1.14719354;BUY
2016-04-15T14:57:22.000000;2016-04-15T14:57:22.615123;0d082b1b-ce21-474c-bb75-24c9b87e3019;8.4508;6.74388698;BUY
2016-04-15T14:57:23.000000;2016-04-15T14:57:23.352166;ae7b76be-d6ed-4de6-a7b7-de95bdbd4665;8.4508;1.41992432;SELL
2016-04-15T14:57:23.000000;2016-04-15T14:57:23.764223;4bc0bbe0-d974-4f71-bbca-433e7bc62c41;8.4509;1.14719354;BUY
2016-04-15T15:02:00.000000;2016-04-15T15:02:00.691911;34cca70f-9b23-4c55-bc07-b192dea3a279;8.4509;5.59669344;BUY
2016-04-15T15:05:35.000000;2016-04-15T15:05:35.682414;1826f37d-3349-4e3f-a677-4ce7304cbe81;8.4559;0.96053793;BUY
2016-04-15T15:05:37.000000;2016-04-15T15:05:37.945627;7d6ba3ba-b8fd-4cf7-aaf7-f600cd265476;8.4559;0.06740207;BUY
2016-04-15T15:05:37.000000;2016-04-15T15:05:37.946638;7424c745-e67c-424e-9766-46906b94e1f1;8.4559;0.51312466;BUY
2016-04-15T15:05:40.000000;2016-04-15T15:05:40.401885;4c17f449-9765-4b5f-8736-2639a0f3cd51;8.4559;0.48487534;BUY
2016-04-15T15:07:21.000000;2016-04-15T15:07:21.332955;fc6ef32f-382d-4e54-a2ae-7087be211962;8.4559;0.56572885;SELL
2016-04-15T15:07:39.000000;2016-04-15T15:07:39.526788;c126154a-3350-435c-904e-06ada0a098c0;8.4509;36.62790656;SELL
2016-04-15T15:07:48.000000;2016-04-15T15:07:48.689696;8d589eb1-991c-4582-b5d3-dc4d6e249df2;8.4164;0.1;SELL
2016-04-15T15:07:48.000000;2016-04-15T15:07:48.703699;5f9c9e11-80f3-4efc-82c0-8d2e9507e74f;8.4164;0.1;SELL
2016-04-15T15:07:48.000000;2016-04-15T15:07:48.720707;b8d922e4-dac0-4741-9ec3-9d5cbdeee33a;8.4164;0.1;SELL
2016-04-15T15:07:48.000000;2016-04-15T15:07:48.733717;c201bd64-a570-4037-b7da-0077b7119535;8.4164;0.1;SELL
2016-04-15T15:07:48.000000;2016-04-15T15:07:48.737727;e649ec70-9c46-4cdd-b39a-0a100368c799;8.4164;0.1;SELL
2016-04-15T15:07:48.000000;2016-04-15T15:07:48.764705;d742dce6-6669-4ec4-ba3d-b27c491e6a03;8.4164;0.1;SELL
2016-04-15T15:07:48.000000;2016-04-15T15:07:48.765712;8d7af84f-89b0-4bae-ba15-8386e103ba97;8.4163;0.1;SELL
2016-04-15T15:07:48.000000;2016-04-15T15:07:48.794735;1b7b9cd4-852f-45b2-8d6d-0cdd90b5282a;8.4163;0.1;SELL
2016-04-15T15:07:48.000000;2016-04-15T15:07:48.794735;00f9a0b8-9b0a-4917-98c6-14cc99cfb051;8.4163;0.1;SELL
2016-04-15T15:07:48.000000;2016-04-15T15:07:48.794735;32c3da3e-8a90-483e-b8fe-d1190528ca11;8.4163;0.1;SELL
2016-04-15T15:07:48.000000;2016-04-15T15:07:48.800718;c3fad9ab-ac06-4b9d-89cc-7428969b283b;8.4163;0.1;SELL
2016-04-15T15:07:48.000000;2016-04-15T15:07:48.825704;1f67e7e4-ca23-4212-84f2-eea6dbfabbd8;8.4163;0.1;SELL
2016-04-15T15:07:48.000000;2016-04-15T15:07:48.837714;db268675-8e88-435f-bfbb-c6d8fce4832a;8.4163;0.1;SELL
2016-04-15T15:07:48.000000;2016-04-15T15:07:48.855720;82d2f145-957f-4c5d-a05a-fb3d2496a54e;8.4163;0.1;SELL
2016-04-15T15:07:48.000000;2016-04-15T15:07:48.855720;bc81dcba-881a-4c0a-8c6f-65ab83a5aff6;8.4163;0.1;SELL
2016-04-15T15:07:48.000000;2016-04-15T15:07:48.858720;bae458e5-e494-40cd-aee7-c104f932c827;8.4163;0.1;SELL
2016-04-15T15:07:48.000000;2016-04-15T15:07:48.892725;4a953758-6ba4-46a0-9556-286efa4d5621;8.4162;0.1;SELL
2016-04-15T15:07:48.000000;2016-04-15T15:07:48.898724;d973aa31-338a-4970-b4fd-fcee2de7f01b;8.4162;0.1;SELL
2016-04-15T15:07:48.000000;2016-04-15T15:07:48.922724;7c8b0345-1afe-445c-8564-035f2b0e789c;8.4162;0.1;SELL
2016-04-15T15:07:48.000000;2016-04-15T15:07:48.925735;307a1186-516a-49a7-ba7c-28279e06b5c6;8.4162;0.1;SELL
2016-04-15T15:07:48.000000;2016-04-15T15:07:48.953717;5b1f6a87-a378-459c-8a49-71e4320863bd;8.4162;0.1;SELL
2016-04-15T15:07:48.000000;2016-04-15T15:07:48.953717;ba0547fd-6a09-4298-aea6-cfe3120a183b;8.4162;0.1;SELL
2016-04-15T15:07:48.000000;2016-04-15T15:07:48.953717;c49b5bb3-79b1-4b89-9db2-ee775dc0664a;8.4161;1.14719354;SELL
2016-04-15T15:07:48.000000;2016-04-15T15:07:48.953717;5a929c20-2894-45bc-9d01-853365885564;8.4151;1.14719354;SELL
2016-04-15T15:07:48.000000;2016-04-15T15:07:48.953717;ba3c39d8-b11b-418e-aa99-48b254c7272f;8.4151;3.20759;SELL
2016-04-15T15:07:48.000000;2016-04-15T15:07:48.955748;9dec4c2a-69bd-482d-9695-44bf27982d2a;8.4142;1.14719354;SELL
2016-04-15T15:07:48.000000;2016-04-15T15:07:48.983732;f0b8da7f-2fd4-49c9-b299-c0256705065e;8.4142;1.14719354;SELL
2016-04-15T15:07:48.000000;2016-04-15T15:07:48.984730;a6277d00-65e7-4777-bcc8-0c5bad088bd1;8.4141;45.58363584;SELL
2016-04-15T15:07:51.000000;2016-04-15T15:07:52.125042;fe4fb53a-ba8d-4451-a938-349a87c73768;8.4165;0.1;SELL
2016-04-15T15:07:51.000000;2016-04-15T15:07:52.133035;a1cf9dec-84ae-43d2-bf65-f3b5ff2f82b9;8.4165;0.1;SELL
2016-04-15T15:07:51.000000;2016-04-15T15:07:52.134048;a1d708cb-34be-4176-89c9-d46a6e9bed70;8.4165;0.1;SELL
2016-04-15T15:07:51.000000;2016-04-15T15:07:52.163054;bb1fe46f-0b87-496d-ade1-3be3511819de;8.4165;0.1;SELL
2016-04-15T15:07:51.000000;2016-04-15T15:07:52.163054;364aff6e-7a9b-4dd7-b234-4bbd17f479e7;8.4165;0.1;SELL
2016-04-15T15:07:51.000000;2016-04-15T15:07:52.163054;169cb9f4-b417-4584-8697-3455c730851f;8.4165;0.1;SELL
2016-04-15T15:07:51.000000;2016-04-15T15:07:52.164051;06edd6b4-3b39-4ec7-b670-333fe307825d;8.4165;0.1;SELL
2016-04-15T15:07:51.000000;2016-04-15T15:07:52.164051;e6e8081c-3636-45eb-89d4-f532d672ffa0;8.4164;0.1;SELL
2016-04-15T15:07:51.000000;2016-04-15T15:07:52.164051;20a36679-5680-46c5-85da-d50dd730fb28;8.4164;0.1;SELL
2016-04-15T15:07:51.000000;2016-04-15T15:07:52.164051;630dc373-f9b4-4256-a105-7df8974aec7f;8.4164;0.1;SELL
2016-04-15T15:07:51.000000;2016-04-15T15:07:52.164051;78cc7ab6-ba53-470b-b2ce-0b066f6fbf1b;8.4164;0.1;SELL
2016-04-15T15:07:52.000000;2016-04-15T15:07:52.457089;6ec54ce9-d6b2-4ca4-a7ee-ca14ef9f91bb;8.416;0.04719354;BUY
2016-04-15T15:07:53.000000;2016-04-15T15:07:53.289168;3d959f08-a1f8-4fae-a6c4-e5156f5ce821;8.4166;0.1;SELL
2016-04-15T15:07:53.000000;2016-04-15T15:07:53.291186;b1fcab74-5340-440c-84f3-e5686c3065a8;8.4165;0.05280646;SELL
2016-04-15T15:07:53.000000;2016-04-15T15:07:53.311182;5a2fb095-2574-49f0-a308-787294f5dda4;8.4165;0.1;SELL
2016-04-15T15:07:53.000000;2016-04-15T15:07:53.322196;376facd9-a926-4d0f-8d73-031661745a27;8.4141;1.94765134;SELL
2016-04-15T15:07:53.000000;2016-04-15T15:07:53.904219;87f29782-cb78-4a5e-83c4-909c0de3f348;8.4166;0.1;SELL
2016-04-15T15:07:53.000000;2016-04-15T15:07:53.950225;a3a62964-c21d-438c-baee-25bbc9d6b339;8.416;0.1;BUY
2016-04-15T15:07:54.000000;2016-04-15T15:07:54.404264;10c2f73d-64d6-410e-abb4-272413912708;8.416;0.1;BUY
2016-04-15T15:07:54.000000;2016-04-15T15:07:54.606290;f7a75e55-7b72-4e20-ab34-744878669805;8.4141;0.25280646;SELL
2016-04-15T15:07:54.000000;2016-04-15T15:07:54.620303;88336899-2e94-4fe5-a78d-4575910f6420;8.4;2.0;SELL
2016-04-15T15:07:54.000000;2016-04-15T15:07:54.852327;2e1b2fa6-f6bb-4d4d-89ef-d83d7886587b;8.3901;0.1;BUY
2016-04-15T15:07:55.000000;2016-04-15T15:07:55.154393;511e578f-04da-4ec2-8478-a02893b8d1b6;8.3901;0.1;BUY
2016-04-15T15:07:55.000000;2016-04-15T15:07:55.752395;09badba9-0b82-4bbb-a414-9079fca3e68d;8.3901;0.1;BUY
2016-04-15T15:07:55.000000;2016-04-15T15:07:55.829419;45e48047-93ad-47ba-8dd9-b1a67cf79fd8;8.3901;0.1;BUY
2016-04-15T15:07:56.000000;2016-04-15T15:07:56.163444;8684f4db-98d2-457f-87f8-fb6ed491bcde;8.4141;0.1;BUY
2016-04-15T15:07:56.000000;2016-04-15T15:07:56.581494;16193635-1fdf-4268-a1a0-f230b5719aaf;8.391;0.1;BUY
2016-04-15T15:07:57.000000;2016-04-15T15:07:57.044535;7701cdd9-685e-47c4-a3a0-70a3770e9de5;8.391;0.1;BUY
2016-04-15T15:07:57.000000;2016-04-15T15:07:57.671598;38b261f4-e569-4e8f-9210-acb5858fafc1;8.414;0.1;BUY
2016-04-15T15:07:57.000000;2016-04-15T15:07:57.993626;7e560355-21d7-4b83-aed7-0bb6e8970a7d;8.414;0.1;BUY
2016-04-15T15:07:58.000000;2016-04-15T15:07:58.094640;1d497394-afb6-41a4-ab46-08a643bef491;8.39;4.13452655;SELL
2016-04-15T15:07:58.000000;2016-04-15T15:07:58.299664;fbb21561-264f-41e8-a203-a6fbba1a3cb7;8.414;0.1;BUY
2016-04-15T15:07:58.000000;2016-04-15T15:07:58.643692;bd4600b6-3790-4598-b508-a56e80998c7f;8.4;0.1;BUY
2016-04-15T15:07:59.000000;2016-04-15T15:07:59.059759;9058aaec-b548-4e25-b52e-cb43af26aa24;8.4;0.1;BUY
2016-04-15T15:07:59.000000;2016-04-15T15:07:59.293763;944f6d69-05ef-4abd-b9be-460635c66cc4;8.39;4.13452655;SELL
2016-04-15T15:07:59.000000;2016-04-15T15:07:59.313766;a41fd0c0-af8e-4d90-826d-69c1775c4468;8.39;1.7309469;SELL
2016-04-15T15:07:59.000000;2016-04-15T15:07:59.319765;f8e8e182-6ee2-4de2-b1fe-d63a482447c9;8.39;1.0;SELL
2016-04-15T15:07:59.000000;2016-04-15T15:07:59.375811;339f88e4-9250-424d-a77e-63470f0c2bb7;8.39;0.1;BUY
2016-04-15T15:07:59.000000;2016-04-15T15:07:59.709807;a7275dc9-2161-47f9-a962-d3df1d1f04d2;8.39;0.1;BUY
2016-04-15T15:07:59.000000;2016-04-15T15:08:00.126833;4a6dc0a2-7b83-4c7d-89a1-2346350492a4;8.39;0.1;BUY
2016-04-15T15:08:00.000000;2016-04-15T15:08:00.148869;43145df4-6da5-4fc2-b97e-3a69d151513d;8.38;1.36013362;SELL
2016-04-15T15:08:00.000000;2016-04-15T15:08:00.329857;dbcf3fa7-4e80-45c3-a9bc-5f1450b6fecc;8.3999;0.1;BUY
2016-04-15T15:08:00.000000;2016-04-15T15:08:00.658894;e3cb50cd-96b2-4b4e-af8f-7664524e3ca6;8.3999;0.1;BUY
2016-04-15T15:08:00.000000;2016-04-15T15:08:00.976927;8e76a1cf-06c0-4563-b2d0-daac2531ffed;8.3999;0.1;BUY
2016-04-15T15:08:01.000000;2016-04-15T15:08:01.303961;4079f4f2-bf06-4aa5-abc6-80380847b7cd;8.39;0.1;BUY
2016-04-15T15:08:01.000000;2016-04-15T15:08:01.760028;4c6e3ef1-c164-4c6c-9470-55311d4dfdf2;8.39;0.1;BUY
2016-04-15T15:08:02.000000;2016-04-15T15:08:02.072051;6ca23b56-1b1b-46e8-91f2-d6fa9ea3c4ef;8.39;0.1;BUY
2016-04-15T15:08:02.000000;2016-04-15T15:08:02.410183;fbc68c58-0438-4c8c-a3a0-a106511cc8af;8.39;0.1;BUY
2016-04-15T15:08:02.000000;2016-04-15T15:08:02.751339;88190670-df60-4a5d-a9ca-881b95188628;8.39;0.1;BUY
2016-04-15T15:08:03.000000;2016-04-15T15:08:03.165155;185f880d-9d28-45a2-9a22-698036a22fc1;8.39;0.1;BUY
2016-04-15T15:08:03.000000;2016-04-15T15:08:03.586184;f6695db0-21bc-44a7-97f3-cd7bfd7b1428;8.39;0.1;BUY
2016-04-15T15:08:04.000000;2016-04-15T15:08:04.400265;78ecfea7-1bf8-471d-96a4-323df7e398c7;8.3899;0.1;BUY
2016-04-15T15:08:04.000000;2016-04-15T15:08:04.700307;6dff2cde-66d0-46d0-8461-5216cb01af6a;8.3899;0.1;BUY
2016-04-15T15:08:05.000000;2016-04-15T15:08:05.090332;91008b1b-588b-4663-97df-1e59db60edd3;8.3899;0.1;BUY
2016-04-15T15:08:05.000000;2016-04-15T15:08:05.454385;1ca525d0-c791-4deb-81c4-acf65e55b30e;8.39;0.1;BUY
2016-04-15T15:08:05.000000;2016-04-15T15:08:05.695391;5b59e48a-af63-474e-931d-e01d2c74542b;8.39;0.1;BUY
2016-04-15T15:08:06.000000;2016-04-15T15:08:06.325462;4ba8bc31-0217-451e-b2c5-3c9be76cbc02;8.3899;0.1;BUY
2016-04-15T15:08:06.000000;2016-04-15T15:08:06.577482;af54a8d3-c72d-4941-8d93-e6d9c78184b4;8.3899;0.1;BUY
2016-04-15T15:08:07.000000;2016-04-15T15:08:07.102567;75adde56-6234-43d6-bd14-0f2620a8b5ae;8.3899;0.1;BUY
2016-04-15T15:08:07.000000;2016-04-15T15:08:07.738603;38a96038-00b3-4a15-a344-ddb0ae78dd10;8.389;0.1;BUY
2016-04-15T15:08:08.000000;2016-04-15T15:08:08.089631;f438cabd-4a26-4013-90d9-9b9c89cc0e06;8.389;0.1;BUY
2016-04-15T15:08:08.000000;2016-04-15T15:08:08.465677;5377add2-951c-4594-b482-72f9e08ad7ca;8.389;0.1;BUY
2016-04-15T15:08:08.000000;2016-04-15T15:08:08.985724;55a6b410-6ed2-442c-8494-fa6c19b3c080;8.3889;0.1;BUY
2016-04-15T15:08:09.000000;2016-04-15T15:08:09.288756;c9b0e713-0fb8-400c-a13e-5ecd9fca4976;8.3889;0.1;BUY
2016-04-15T15:08:09.000000;2016-04-15T15:08:09.633820;39df1a14-5a1b-4e23-9c12-4bff5a55cc89;8.3889;0.1;BUY
2016-04-15T15:08:09.000000;2016-04-15T15:08:09.922821;90eacc7b-077e-4380-9704-cb086b0b1fe5;8.3889;0.1;BUY
2016-04-15T15:08:10.000000;2016-04-15T15:08:10.229848;d6364fe4-842c-4dca-8c73-e6d118f73dbd;8.3889;0.1;BUY
2016-04-15T15:08:10.000000;2016-04-15T15:08:10.543891;0f08a1fb-4bf9-4268-95e9-3f24f16ce4e7;8.3889;0.1;BUY
2016-04-15T15:08:10.000000;2016-04-15T15:08:10.837910;5743b5c5-7c26-4dd6-812b-e6128a97900c;8.388;0.1;BUY
2016-04-15T15:08:11.000000;2016-04-15T15:08:11.210962;b8969eed-f356-4a6f-a0d3-fe97c45c3fe8;8.388;0.1;BUY
2016-04-15T15:08:11.000000;2016-04-15T15:08:11.520991;3fdfa098-483a-433d-93d1-92725ad569c2;8.388;0.1;BUY
2016-04-15T15:08:11.000000;2016-04-15T15:08:11.839026;ff712ba8-356c-4624-b183-e3d887f31312;8.388;0.1;BUY
2016-04-15T15:08:12.000000;2016-04-15T15:08:12.185042;75a0869e-a564-4261-89df-8fb81142d12b;8.388;0.1;BUY
2016-04-15T15:08:12.000000;2016-04-15T15:08:12.548088;57d23902-adc4-4593-b7dd-756adf80c355;8.388;0.1;BUY
2016-04-15T15:08:12.000000;2016-04-15T15:08:13.257190;f0f4a62e-c4d1-4447-90a1-fc966bbdcc07;8.3879;0.1;BUY
2016-04-15T15:08:13.000000;2016-04-15T15:08:13.308164;6d0220d2-aa45-498c-9d5c-eddd449fcbbf;8.3879;0.1;BUY
2016-04-15T15:08:13.000000;2016-04-15T15:08:13.836223;747f4d33-9cdb-418e-9019-c8971d1e8cb6;8.387;0.1;BUY
2016-04-15T15:08:14.000000;2016-04-15T15:08:14.151234;9af6ec74-7f63-421c-9d1b-edcf0d9e45af;8.387;0.1;BUY
2016-04-15T15:08:14.000000;2016-04-15T15:08:14.429286;cc163d99-7b08-470c-9255-2acd26740eeb;8.38;5.0;SELL
2016-04-15T15:08:14.000000;2016-04-15T15:08:14.479306;6e9ea502-b5be-4e32-ac79-1fd78b6e0496;8.387;0.1;BUY
2016-04-15T15:08:14.000000;2016-04-15T15:08:14.766321;2f6c52d7-4838-465b-9c38-67ac595f8759;8.387;0.1;BUY
2016-04-15T15:08:15.000000;2016-04-15T15:08:15.166361;7bfb4793-a923-459f-a878-da8dfd3addac;8.387;0.1;BUY
2016-04-15T15:08:15.000000;2016-04-15T15:08:15.531376;1fdbeb37-a7b3-449d-b92c-f06c1d01af38;8.3869;0.1;BUY
2016-04-15T15:08:15.000000;2016-04-15T15:08:15.856410;b8866c8a-c573-4959-ae85-fea91c3ce9ee;8.3869;0.1;BUY
2016-04-15T15:08:16.000000;2016-04-15T15:08:16.127483;f358ac90-94f7-4e14-9dc3-e106457839bc;8.386;0.1;BUY
2016-04-15T15:08:16.000000;2016-04-15T15:08:16.493486;1c86d73e-b974-484a-b9ac-66bdf738e351;8.386;0.1;BUY
2016-04-15T15:08:16.000000;2016-04-15T15:08:16.784510;ef204fb3-69f4-411a-87ae-f751fbe6404f;8.386;0.1;BUY
2016-04-15T15:08:17.000000;2016-04-15T15:08:17.223547;8385ef7a-b38c-45b8-8ee2-71ed24bde0ce;8.386;0.1;BUY
2016-04-15T15:08:17.000000;2016-04-15T15:08:17.593584;815c427e-d49b-494b-9f02-7219a8746059;8.3859;0.1;BUY
2016-04-15T15:08:18.000000;2016-04-15T15:08:18.163644;2747eabb-bed5-419a-8cc3-a57feb8b9e64;8.3859;0.1;BUY
2016-04-15T15:08:18.000000;2016-04-15T15:08:18.456676;fac9118b-7917-4578-925d-c30258570bb9;8.3859;0.1;BUY
2016-04-15T15:08:18.000000;2016-04-15T15:08:18.774708;6447630e-0434-4875-9ddd-e017795101a6;8.385;0.1;BUY
2016-04-15T15:08:19.000000;2016-04-15T15:08:19.080733;4340973d-deec-4d01-be2c-44da4d252e61;8.385;0.1;BUY
2016-04-15T15:08:19.000000;2016-04-15T15:08:19.670805;2e1fb3b0-f124-482c-a990-fdf8af1695c6;8.385;0.1;BUY
2016-04-15T15:08:19.000000;2016-04-15T15:08:19.709798;628f1f40-82d5-46ae-b70d-2fd9f5279b95;8.38;0.2004578;SELL
2016-04-15T15:08:19.000000;2016-04-15T15:08:19.787809;516437b9-6309-4f97-8f13-4be4d900ee2d;8.385;0.1;BUY
2016-04-15T15:08:20.000000;2016-04-15T15:08:20.108844;6c751b42-916f-4028-9852-0efc40a385a6;8.385;0.1;BUY
2016-04-15T15:08:20.000000;2016-04-15T15:08:20.394878;38bc6926-a015-489f-b755-23d49e1997cc;8.385;0.1;BUY
2016-04-15T15:08:20.000000;2016-04-15T15:08:20.816444;9cb9c469-da52-47ec-afda-f5e92c47035f;8.385;0.1;BUY
2016-04-15T15:08:21.000000;2016-04-15T15:08:21.222990;820ea7b9-6086-44f0-a7cf-581af93b1d6c;8.385;0.1;BUY
2016-04-15T15:08:21.000000;2016-04-15T15:08:21.574992;f8864d10-ae6c-4235-a446-fa93c8472e3c;8.385;0.1;BUY
2016-04-15T15:08:21.000000;2016-04-15T15:08:21.877010;5a6cde45-bdbb-4479-ae55-505faaed369f;8.385;0.1;BUY
2016-04-15T15:08:22.000000;2016-04-15T15:08:22.458083;0c73e59b-2b75-42b4-b240-f03676e2cd66;8.385;0.1;BUY
2016-04-15T15:08:22.000000;2016-04-15T15:08:22.888121;8e2668b4-0e15-4ee0-8760-6dace04799a8;8.385;0.1;BUY
2016-04-15T15:08:23.000000;2016-04-15T15:08:23.226159;f0ea211c-0ab4-4b2b-8a9b-f570f0e9dc13;8.385;0.1;BUY
2016-04-15T15:08:23.000000;2016-04-15T15:08:23.541183;390105aa-2e93-4799-a853-1a1254bb747a;8.385;0.1;BUY
2016-04-15T15:08:23.000000;2016-04-15T15:08:23.847222;4e34e333-fa73-46f8-822c-0fbd5bf6fb2a;8.385;0.08174454;BUY
2016-04-15T15:09:35.000000;2016-04-15T15:09:35.292363;ef3e8768-fa92-4e20-bb66-0c822ef2adaa;8.38;0.4446391;SELL
2016-04-15T15:09:40.000000;2016-04-15T15:09:40.668924;c77b6521-e306-4192-9ee0-758c99836de6;8.381;1.4835;BUY
2016-04-15T15:10:01.000000;2016-04-15T15:10:01.457015;5beb8e34-2411-4b0d-8edd-5bfd1e69f300;8.38;2.99476948;SELL
2016-04-15T15:10:14.000000;2016-04-15T15:10:14.297306;f00016f3-9c0f-4fee-9dd9-f30b9370f636;8.35;14.502;SELL
2016-04-15T15:10:18.000000;2016-04-15T15:10:18.716709;a305b954-b065-4010-a944-d203727f1d0d;8.34;1.365923;SELL
2016-04-15T15:10:55.000000;2016-04-15T15:10:55.807415;2f1b701a-0a87-428c-8eca-a67851f7c065;8.34;198.63;SELL
2016-04-15T15:10:56.000000;2016-04-15T15:10:56.075429;9370a367-2fa8-4cd8-99cf-8d59210e20e8;8.34;0.004077;SELL
2016-04-15T15:12:22.000000;2016-04-15T15:12:22.499066;f23b788d-328b-4e1b-bd38-05bd1ea3c0c9;8.323;4.13413122;SELL
2016-04-15T15:12:26.000000;2016-04-15T15:12:26.120434;6afe1b73-3174-428d-8c2e-4fc121b0b912;8.323;4.13413122;SELL
2016-04-15T15:12:29.000000;2016-04-15T15:12:29.104750;b7750db1-8683-44d1-8e74-85fd958b44dc;8.323;46.8851;SELL
2016-04-15T15:12:30.000000;2016-04-15T15:12:30.539883;55f903c1-d308-4535-8778-358ec4c854b8;8.323;3.64028497;SELL
2016-04-15T15:12:32.000000;2016-04-15T15:12:33.011128;ac0bcd47-d51f-4ed3-beb6-fdce0f6443c8;8.323;4.1372414;SELL
2016-04-15T15:12:35.000000;2016-04-15T15:12:35.544387;cada2784-bcc1-452c-805d-20ee0444c8af;8.323;4.0379144;SELL
2016-04-15T15:12:37.000000;2016-04-15T15:12:37.627594;9b229889-8862-4ea8-b976-63b31060c4d3;8.323;4.1372414;SELL
2016-04-15T15:12:40.000000;2016-04-15T15:12:40.110843;21c38421-f01a-43da-bf06-49310810e0a3;8.323;4.13516795;SELL
2016-04-15T15:12:42.000000;2016-04-15T15:12:42.282048;867d7795-9839-40a8-bd85-45a7d5874721;8.323;4.13620467;SELL
2016-04-15T15:12:44.000000;2016-04-15T15:12:44.959313;faf8a2f8-1ff0-4f8f-8147-735d2d87a1dd;8.323;4.13620467;SELL
2016-04-15T15:12:47.000000;2016-04-15T15:12:47.175554;5db9564b-2eda-49a6-8127-8b59d36bc97c;8.323;4.13011672;SELL
2016-04-15T15:12:49.000000;2016-04-15T15:12:49.369765;a31df385-39b0-4b3b-92b3-0f66824d8209;8.323;4.13413122;SELL
2016-04-15T15:12:52.000000;2016-04-15T15:12:52.526082;526dd943-3be9-4744-ad83-a36bef560186;8.323;4.13413122;SELL
2016-04-15T15:12:53.000000;2016-04-15T15:12:53.804218;93a8784c-f63a-4d75-88ee-47facc9d4c3b;8.323;46.8792;SELL
2016-04-15T15:12:54.000000;2016-04-15T15:12:54.582294;75a3ac00-6439-403b-9c4f-1555c5ddc563;8.323;3.94804349;SELL
2016-04-15T15:12:56.000000;2016-04-15T15:12:56.686502;51f9e02a-539d-42dd-aeeb-cd2bceb19cce;8.323;1.84897838;SELL
2016-04-15T15:12:58.000000;2016-04-15T15:12:58.772723;3c20527a-3a6b-4b4d-9f20-865f8fa23cb8;8.323;2.03828299;SELL
2016-04-15T15:13:01.000000;2016-04-15T15:13:02.002108;a428dc06-31d3-4cfc-8b8b-ed4ac2280b7a;8.323;0.94481242;SELL
2016-04-15T15:13:04.000000;2016-04-15T15:13:04.417353;60ab7d1d-e3dd-4a7e-9523-c5572d5f34f9;8.323;3.22307277;SELL
2016-04-15T15:13:05.000000;2016-04-15T15:13:05.980425;248ebbf2-8001-4f7a-9abb-f7610053d7ab;8.327;0.39326328;BUY
2016-04-15T15:13:23.000000;2016-04-15T15:13:23.262150;53290d4f-c36c-4dc4-be45-bea765e9bdc9;8.323;6.06246219;SELL
2016-04-15T15:13:43.000000;2016-04-15T15:13:43.499178;b1f3ddd2-1e23-45ef-ac52-cfdbc099e26a;8.323;6.42967278;SELL
2016-04-15T15:13:45.000000;2016-04-15T15:13:46.032430;4d22139b-d101-4db9-9e3a-1c07f84160c3;8.323;6.43174423;SELL
2016-04-15T15:13:47.000000;2016-04-15T15:13:48.014638;39c933de-d8e8-4640-a47b-912494432a16;8.323;0.73389578;SELL
2016-04-15T15:13:49.000000;2016-04-15T15:13:49.205784;24d2b42a-26ee-44e7-af2e-f63e7f14569e;8.323;12.29291991;SELL
2016-04-15T15:13:50.000000;2016-04-15T15:13:50.057837;d3e4911a-7964-4692-93be-d419b22a4199;8.3213;3.9267;SELL
2016-04-15T15:13:52.000000;2016-04-15T15:13:52.587088;1764a52a-631a-4099-ad2f-29f1eb53e15d;8.313;106.21474908;SELL
2016-04-15T15:13:54.000000;2016-04-15T15:13:54.915311;440cf244-2a35-41a8-88b1-20ef6bd0cc34;8.313;0.76363068;SELL
2016-04-15T15:13:56.000000;2016-04-15T15:13:56.974520;ec56bd98-095a-4908-8a0c-a5d260691da2;8.313;7.20148299;SELL
2016-04-15T15:13:59.000000;2016-04-15T15:13:59.693824;660fb00a-b144-4775-945f-0d70d7cab349;8.313;3.13515613;SELL
2016-04-15T15:14:00.000000;2016-04-15T15:14:00.492890;f726d4b5-b900-40ef-af0c-cd91cc9b38f6;8.313;4.06878684;SELL
2016-04-15T15:14:02.000000;2016-04-15T15:14:02.522086;77520111-8f66-4d73-ad03-f07a0e521607;8.313;4.06808605;SELL
2016-04-15T15:14:04.000000;2016-04-15T15:14:04.464273;ab5a2582-e00c-4b62-bf10-f64486431651;8.313;6.74388698;SELL
2016-04-15T15:14:04.000000;2016-04-15T15:14:04.979320;d004ffbf-5bee-48d9-bfa6-5b8aa1c3f023;8.313;4.07294217;SELL
2016-04-15T15:14:06.000000;2016-04-15T15:14:06.151446;fb53094b-8e02-4ea1-8462-f89d38d13065;8.313;3.14081072;SELL
2016-04-15T15:14:07.000000;2016-04-15T15:14:07.037548;237b44d0-d336-418f-bcf7-2069f600e564;8.313;6.74388698;SELL
2016-04-15T15:14:07.000000;2016-04-15T15:14:07.541607;1a28dd18-e7b7-4dbd-95b2-b525d59c510b;8.313;4.07294217;SELL
2016-04-15T15:14:08.000000;2016-04-15T15:14:08.444671;129640c1-acf8-494c-aa85-4dc71ba04fd9;8.313;3.14081072;SELL
2016-04-15T15:14:10.000000;2016-04-15T15:14:10.767900;2c5526cc-81d8-4470-9c61-b41a4b8861f8;8.313;4.05565733;SELL
2016-04-15T15:14:14.000000;2016-04-15T15:14:14.026229;c680c75a-62c4-4b25-a91b-631a070ae6e6;8.313;0.84391663;SELL
2016-04-15T15:14:18.000000;2016-04-15T15:14:18.180640;67dd7818-ede6-4d78-bcde-9d253f3329a3;8.313;1.95877347;SELL
2016-04-15T15:14:18.000000;2016-04-15T15:14:18.630687;b7a60bcc-a67d-4db1-ad40-f6b932cec96b;8.315;20.0;BUY
2016-04-15T15:14:21.000000;2016-04-15T15:14:21.206964;84779854-a322-4584-b524-17ed2d462d9c;8.313;4.06774801;SELL
2016-04-15T15:14:24.000000;2016-04-15T15:14:25.881407;1d9ed27b-a641-4b3b-b69b-5313dd051dc9;8.313;4.05565733;SELL
2016-04-15T15:14:26.000000;2016-04-15T15:14:26.769515;37818f63-5c03-470d-a067-892ee77013a8;8.314;20.0;BUY
2016-04-15T15:14:29.000000;2016-04-15T15:14:29.603793;7b876ead-5833-4da5-b796-2c307839fd1d;8.313;1.05402225;SELL
2016-04-15T15:14:31.000000;2016-04-15T15:14:31.788002;c163d1b8-f0dd-4643-878c-3c966dd7a581;8.314;20.0;BUY
2016-04-15T15:14:33.000000;2016-04-15T15:14:33.585190;5297d024-0e64-4185-9cec-3be23bd02fe2;8.314;50.235;BUY
2016-04-15T15:14:33.000000;2016-04-15T15:14:33.602180;5a00138f-fd4f-4ff9-bb2f-da710a7b8c05;8.315;3.219828;BUY
2016-04-15T15:14:33.000000;2016-04-15T15:14:33.606195;1361033c-c27d-4e92-931e-3f98a3fdc28a;8.3159;6.74388698;BUY
2016-04-15T15:14:33.000000;2016-04-15T15:14:33.632209;95701127-4501-4ff2-b706-d63b4a041cbf;8.32;19.4586;BUY
2016-04-15T15:14:33.000000;2016-04-15T15:14:33.632209;6cc25d77-5866-403e-84ca-36509766475f;8.3213;1.05960124;BUY
2016-04-15T15:14:33.000000;2016-04-15T15:14:33.632209;f9fe4f25-7839-4dbb-8237-d4e80b896e99;8.323;12.29291991;BUY
2016-04-15T15:14:33.000000;2016-04-15T15:14:33.632209;a853a4cf-6d48-4b44-8019-264170e94311;8.323;0.76326407;BUY
2016-04-15T15:14:33.000000;2016-04-15T15:14:33.636188;bd020d60-247c-434b-8c36-641d2791f901;8.3389;29.5436;BUY
2016-04-15T15:14:33.000000;2016-04-15T15:14:33.662193;34d1645c-848b-4d13-b587-f7ba83f90fdd;8.388;4.77;BUY
2016-04-15T15:14:33.000000;2016-04-15T15:14:33.663188;b919fb7b-1549-4f41-903c-b1dde18ebd5f;8.388;10.601923;BUY
2016-04-15T15:14:33.000000;2016-04-15T15:14:33.663188;af92bfed-3b00-45b5-aef2-6551695ba7a1;8.388;161.3113768;BUY
2016-04-15T15:14:33.000000;2016-04-15T15:14:34.075233;bcc0ff68-ed0d-44d2-ae3e-cbd646d9862e;8.388;20.0;BUY
2016-04-15T15:14:34.000000;2016-04-15T15:14:34.321253;07e04817-f589-4af0-a643-ba1481cb0aba;8.313;125.0;SELL
2016-04-15T15:14:51.000000;2016-04-15T15:14:51.367501;98cfac6c-5d19-4130-8cbf-c869ab7d4239;8.387;5.0;BUY
2016-04-15T15:15:48.000000;2016-04-15T15:15:48.768442;061a1edc-d5c4-46ff-ab82-b91dda7f15cc;8.3699;2.89590655;BUY
2016-04-15T15:15:48.000000;2016-04-15T15:15:48.770428;72249c71-c249-4f2a-a45e-0604b20204e5;8.37;2.10409345;BUY
2016-04-15T15:15:59.000000;2016-04-15T15:15:59.238490;e076230a-8e18-4d25-8c4f-c90b8d3aa275;8.367;20.0;BUY
2016-04-15T15:16:03.000000;2016-04-15T15:16:03.754941;2e70e8e8-5eec-408c-95f5-8059eeafa9ff;8.367;20.0;BUY
2016-04-15T15:18:32.000000;2016-04-15T15:18:32.889865;f47ca99e-1f72-4897-b8aa-68576c46852b;8.359;3.242019;BUY
2016-04-15T15:18:32.000000;2016-04-15T15:18:32.900852;f0e72079-befe-4946-868c-0c803428fb60;8.3889;0.25280646;BUY
2016-04-15T15:18:32.000000;2016-04-15T15:18:32.912848;030b6e90-6538-492c-9e7a-13f2822ff07d;8.4066;1.50517454;BUY
2016-04-15T15:18:35.000000;2016-04-15T15:18:35.962162;f235a6c0-783f-4092-8bd2-6435e67e9f0c;8.406;5.0;BUY
2016-04-15T15:22:47.000000;2016-04-15T15:22:47.505304;483158e6-5792-494e-a403-7df2845f942c;8.313;0.59705347;SELL
2016-04-15T15:22:47.000000;2016-04-15T15:22:47.514305;32861a98-06dd-4a62-baa6-ded47fd7f8d1;8.31;0.40294653;SELL
2016-04-15T15:23:00.000000;2016-04-15T15:23:00.478601;14eccf95-3858-48b3-a784-f71c752a99c7;8.3101;0.30498322;SELL
2016-04-15T15:23:00.000000;2016-04-15T15:23:00.479595;a186e27e-8195-4d7c-90be-9fbea2a2086a;8.31;199.59705347;SELL
2016-04-15T15:23:00.000000;2016-04-15T15:23:00.480602;3c4b439f-c32e-40a6-a676-1692ac015b5a;8.3064;0.09796331;SELL
2016-04-15T15:24:11.000000;2016-04-15T15:24:11.937739;8d656db1-531a-4b10-9fb1-36a17720c977;8.359;2.0;BUY
2016-04-15T15:24:15.000000;2016-04-15T15:24:15.043074;a31a2668-2cf9-43cc-9fcc-cf666cebb405;8.359;1.23773;BUY
2016-04-15T15:24:15.000000;2016-04-15T15:24:15.056059;571b79ce-3c59-446d-898e-cd6d7dd500c4;8.3783;1.76227;BUY
2016-04-15T15:26:38.000000;2016-04-15T15:26:38.225377;2f6d8c8e-57b4-45b2-b675-d2bd2a8b2018;8.3064;0.42119358;SELL
2016-04-15T15:26:38.000000;2016-04-15T15:26:38.236381;6643c70b-919a-4896-9c5f-9aa618ebd2de;8.3;1.37114729;SELL
2016-04-15T15:26:38.000000;2016-04-15T15:26:38.272379;46998dc4-1607-45e8-a461-003fb8fa85b3;8.3;6.74388698;SELL
2016-04-15T15:27:12.000000;2016-04-15T15:27:12.859846;2f75ebaf-ed50-4ddb-ba24-4ca3137e7bef;8.3;6.045798;SELL
2016-04-15T15:28:56.000000;2016-04-15T15:28:56.955259;31839c09-1b52-4a09-b4ef-9dc9eb4d4aca;8.3317;1.0978479;BUY
2016-04-15T15:28:56.000000;2016-04-15T15:28:56.967246;6cb69e5b-c7d1-48d3-b9f5-2d0e11894b66;8.3318;3.244255;BUY
2016-04-15T15:28:56.000000;2016-04-15T15:28:56.970248;501e6228-0446-4e7f-90ef-c6f1350a7478;8.3722;0.6578971;BUY
2016-04-15T15:29:10.000000;2016-04-15T15:29:10.151564;8f47c50a-3504-41f6-943e-1b597ca9cdb6;8.3309;1.09786044;BUY
2016-04-15T15:29:10.000000;2016-04-15T15:29:10.163569;eb684e5d-d0f2-46fd-84b6-ff84c0f558b4;8.331;0.13013956;BUY
2016-04-15T15:33:20.000000;2016-04-15T15:33:20.513105;ea7f78f8-0b8b-4de8-a4fc-34dd309eb23b;8.3;1.83021212;SELL
2016-04-15T15:33:24.000000;2016-04-15T15:33:24.496505;e64bd8df-21ee-48ee-9047-672ab132da8c;8.3;0.66617334;SELL
2016-04-15T15:33:26.000000;2016-04-15T15:33:26.953746;4c405407-3d27-490f-9a60-7886f821868e;8.3;2.22065837;SELL
2016-04-15T15:34:29.000000;2016-04-15T15:34:29.989059;f0563b15-c6ce-4553-a657-dba2c21c5e0d;8.285;0.51445622;SELL
2016-04-15T15:34:51.000000;2016-04-15T15:34:51.491216;3267ff1d-0c9d-4f42-86f3-478060017f03;8.2736;0.51501262;SELL
2016-04-15T15:34:51.000000;2016-04-15T15:34:51.496206;a20441bb-63a4-4a0c-b105-2506f14d9b82;8.2726;0.51350519;SELL
2016-04-15T15:34:51.000000;2016-04-15T15:34:51.511208;cead7386-7378-45dc-830d-d2df88e964d2;8.2726;0.52273915;SELL
2016-04-15T15:37:32.000000;2016-04-15T15:37:32.957355;a3a46e46-054c-465f-bf56-816d4b5334c8;8.2231;0.525448;SELL
2016-04-15T15:37:45.000000;2016-04-15T15:37:45.049560;4b07f4c1-c6db-43f5-b26e-15b330373981;8.211;695.0;SELL
2016-04-15T15:37:46.000000;2016-04-15T15:37:46.323690;83fcae6f-f359-4d99-975d-d6009251b490;8.2103;0.5193;SELL
2016-04-15T15:37:46.000000;2016-04-15T15:37:46.333690;a7dc068f-102a-4f82-a7c4-0ec20fd441e6;8.21;7.41377613;SELL
2016-04-15T15:37:51.000000;2016-04-15T15:37:51.515201;94e8e3b0-e4e5-4708-9099-988cbd0f7684;8.21;4.82;SELL
2016-04-15T15:37:51.000000;2016-04-15T15:37:51.541208;df7dd336-b4e9-4142-a929-1d206e8cd993;8.21;3.22364787;SELL
2016-04-15T15:37:54.000000;2016-04-15T15:37:54.625528;6df593af-e2f1-4321-9b51-fc3303e187d6;8.21;3.22576563;SELL
2016-04-15T15:37:57.000000;2016-04-15T15:37:57.424796;859ec136-265a-4032-820c-76eb149512ea;8.21;3.22576563;SELL
2016-04-15T15:38:00.000000;2016-04-15T15:38:00.062062;66252b06-1608-4dcc-9138-2a5101d883b9;8.21;0.09104474;SELL
2016-04-15T15:38:11.000000;2016-04-15T15:38:11.567215;76378873-8a39-4e01-aee2-57fe351c44a8;8.209;5.0;BUY
2016-04-15T15:38:21.000000;2016-04-15T15:38:21.949249;95f01da7-09ce-43f6-9eb4-ec26fbe9efde;8.2041;6.52457858;SELL
2016-04-15T15:38:21.000000;2016-04-15T15:38:21.961252;ef43f2e5-d10b-4971-977a-ef2da05c26ae;8.204;0.5220569;SELL
2016-04-15T15:38:21.000000;2016-04-15T15:38:21.962399;24fe7b0a-956d-4f1b-a6e7-2f5202361e13;8.204;0.52252064;SELL
2016-04-15T15:38:21.000000;2016-04-15T15:38:21.992257;501ce12f-7fe8-4a24-9d97-adfd7d545c7b;8.203;0.51440329;SELL
2016-04-15T15:38:21.000000;2016-04-15T15:38:21.992257;80482e69-7abf-4944-86bb-cfe90faefcec;8.2;20.3328954;SELL
2016-04-15T15:38:40.000000;2016-04-15T15:38:40.358091;d3510b1b-5978-4323-8ed9-bc9081e793d8;8.2;14.58689606;SELL
2016-04-15T15:38:51.000000;2016-04-15T15:38:51.831233;9975a311-7ab8-48a6-8692-535f7d1f4400;8.2;5.03278204;SELL
2016-04-15T15:39:07.000000;2016-04-15T15:39:07.495809;14fbae35-fc05-4520-a6a1-aa65702d9595;8.2;5.03979921;SELL
2016-04-15T15:39:09.000000;2016-04-15T15:39:09.668036;4302c71c-3be8-4d33-bf58-f1429e7e97e4;8.2;72.24993058;SELL
2016-04-15T15:39:09.000000;2016-04-15T15:39:09.673015;dab762a1-779d-4f76-95fd-762643050570;8.2;10.0;SELL
2016-04-15T15:39:09.000000;2016-04-15T15:39:09.679018;3c5d2428-1097-4acf-b6ef-6f75d0b1dc55;8.2;51.9858;SELL
2016-04-15T15:39:09.000000;2016-04-15T15:39:09.704046;c57d7477-dbaf-481e-8d67-461f7bace767;8.2;35.2593;SELL
2016-04-15T15:39:09.000000;2016-04-15T15:39:09.704046;d84aed06-5028-429f-a0c3-ed09e4f7caa2;8.1991;0.51440329;SELL
2016-04-15T15:39:09.000000;2016-04-15T15:39:09.704046;8338e1df-b67c-4bb6-95c7-adbb927aa940;8.1991;0.51442975;SELL
2016-04-15T15:39:09.000000;2016-04-15T15:39:09.708023;41c4ad46-1efb-44f8-9ffe-6efbdaf5a8e0;8.1976;0.51546392;SELL
2016-04-15T15:39:09.000000;2016-04-15T15:39:09.734037;1d2c1572-d3c7-47b7-a039-15ec25b89d78;8.1956;0.52504463;SELL
2016-04-15T15:39:09.000000;2016-04-15T15:39:09.735022;00302f6f-3d8c-4525-a24b-25b556c18d92;8.1936;0.51591601;SELL
2016-04-15T15:39:09.000000;2016-04-15T15:39:09.735022;d1a4c5e6-3573-4ef0-b0df-b112147810f9;8.1211;0.4056;SELL
2016-04-15T15:39:11.000000;2016-04-15T15:39:12.020254;cf91d45d-6502-4796-a64a-31a5ca44fadc;8.1211;6.59126166;SELL
2016-04-15T15:39:11.000000;2016-04-15T15:39:12.142269;34b9b7c3-0dd4-4002-84d9-14bea0073ac9;8.101;163.49;SELL
2016-04-15T15:39:11.000000;2016-04-15T15:39:12.142269;af43a060-f760-42b9-8b76-f050c1746e2f;8.1;1.0;SELL
2016-04-15T15:39:11.000000;2016-04-15T15:39:12.142269;dd1128b1-d294-4b3d-b52a-3bae3fac4f0f;8.1;1.1;SELL
2016-04-15T15:39:11.000000;2016-04-15T15:39:12.142269;054467c9-ee49-461e-9818-083ed38f0dc1;8.1;127.21873834;SELL
2016-04-15T15:39:20.000000;2016-04-15T15:39:21.063162;b503eaa2-c859-41c9-bf54-b39ab1c5f529;8.1573;0.5;SELL
2016-04-15T15:40:19.000000;2016-04-15T15:40:19.728019;7fa902c3-294c-4efc-896b-ec02437825b1;8.1573;0.02778804;SELL
2016-04-15T15:40:19.000000;2016-04-15T15:40:19.732026;2fc8839a-bd97-4aa1-bdcb-c88c51455575;8.15;14.55910802;SELL
2016-04-15T15:41:47.000000;2016-04-15T15:41:47.926847;c4df77a5-933e-482f-aaa3-bc593222b031;8.15;14.58689606;SELL
2016-04-15T15:41:49.000000;2016-04-15T15:41:49.359000;59523d32-db99-44b2-b571-285da2ca3736;8.15;14.58689606;SELL
2016-04-15T15:44:37.000000;2016-04-15T15:44:37.824834;5503af2c-33b2-4b6b-bfd8-60e7557a8858;8.196;91.5672;BUY
2016-04-15T15:44:37.000000;2016-04-15T15:44:37.837847;303d33ac-28e1-4ba8-8700-bad8512fd518;8.1977;14.58689606;BUY
2016-04-15T15:44:37.000000;2016-04-15T15:44:37.842976;81020fcc-4aab-4eb6-a10f-fab648299764;8.1978;3.252584;BUY
2016-04-15T15:44:37.000000;2016-04-15T15:44:37.867836;5d1d9566-f8aa-4a17-829e-5abba53f26ef;8.1978;10.751581;BUY
2016-04-15T15:44:37.000000;2016-04-15T15:44:37.867836;9033ff86-46c2-4ca4-bec5-dfe0814d2ca2;8.198;61.60087165;BUY
2016-04-15T15:44:37.000000;2016-04-15T15:44:37.867836;fe441b45-c32d-4896-8449-7aaff3e37d4c;8.198;29.59971096;BUY
2016-04-15T15:44:37.000000;2016-04-15T15:44:37.874833;27ce7ba2-5938-455d-9bf8-f9487ae40e47;8.198;10.18484678;BUY
2016-04-15T15:44:37.000000;2016-04-15T15:44:37.898836;bbba7566-fe6b-423f-85bb-8030199400d5;8.198;3.5044634;BUY
2016-04-15T15:44:46.000000;2016-04-15T15:44:46.757722;37f80428-02ce-41cc-9d68-0a51d23859e4;8.2;0.59901071;BUY
2016-04-15T15:44:53.000000;2016-04-15T15:44:53.338383;148876c6-6051-4cc0-866b-d2fff75789e6;8.21;3.13366201;BUY
2016-04-15T15:44:53.000000;2016-04-15T15:44:53.345390;cd6ec454-c7c5-467f-8217-1669572d5b10;8.21;9.130647;BUY
2016-04-15T15:44:53.000000;2016-04-15T15:44:53.356402;10884dfc-fbd4-4d60-9902-4345844abddd;8.21;9.34248;BUY
2016-04-15T15:44:53.000000;2016-04-15T15:44:53.376447;3c0be7f9-85cb-4595-9cbb-c00a3a70bce2;8.21;8.352216;BUY
2016-04-15T15:45:25.000000;2016-04-15T15:45:25.619618;f46f4824-074a-4766-aa5b-8fdb0e223355;8.223;0.004552;BUY
2016-04-15T15:45:25.000000;2016-04-15T15:45:25.627626;51311a04-e054-4ee7-840b-87d3b7a1b0e6;8.2231;0.5288487;BUY
2016-04-15T15:45:25.000000;2016-04-15T15:45:25.634615;fb16b515-bc8c-4ea4-8d63-ad87fe83fc30;8.2236;0.5288487;BUY
2016-04-15T15:45:25.000000;2016-04-15T15:45:25.657618;e6853d3f-86c1-44c1-8472-fae48f4fb28e;8.2266;0.52845743;BUY
2016-04-15T15:45:25.000000;2016-04-15T15:45:25.670619;c7daf35e-158c-4de0-917d-6f639faec74f;8.2276;0.52801098;BUY
2016-04-15T15:45:25.000000;2016-04-15T15:45:25.688612;465d82c1-34f5-4574-badd-ebda32ddd1d3;8.2276;13.230354;BUY
2016-04-15T15:45:31.000000;2016-04-15T15:45:31.121164;0b6055c3-e77c-402a-8d2a-d9b59fa1f292;8.2558;0.52778804;BUY
2016-04-15T15:45:31.000000;2016-04-15T15:45:31.133164;f71cbf0a-7afc-4dc7-bfcb-0d6fd4186e4d;8.2558;7.174276;BUY
2016-04-15T15:45:31.000000;2016-04-15T15:45:31.135163;32645e39-256d-4957-ab75-35631a9651df;8.2558;6.972612;BUY
2016-04-15T15:45:31.000000;2016-04-15T15:45:31.164161;7ab07b23-b50d-4f0b-86a9-a2c0f1626cd9;8.2945;0.32532396;BUY
2016-04-15T15:45:33.000000;2016-04-15T15:45:33.692424;b811aca9-65a7-494e-a58c-1f3df23fe1ef;8.2945;0.19972067;BUY
2016-04-15T15:45:33.000000;2016-04-15T15:45:33.705426;0bc1e045-4d37-4d6e-9ebe-49f2846df21d;8.3031;0.5220569;BUY
2016-04-15T15:45:33.000000;2016-04-15T15:45:33.707445;74e4cfde-2bd4-4960-85dc-d126b951028d;8.3031;0.52252064;BUY
2016-04-15T15:45:33.000000;2016-04-15T15:45:33.736415;bd31efd4-6e23-40e4-9e74-a98141d6e067;8.362;3.75570179;BUY
2016-04-15T15:49:29.000000;2016-04-15T15:49:29.510991;ed91727c-1503-49fa-9106-c05de63df6f9;8.28;1.0;SELL
2016-04-15T15:49:29.000000;2016-04-15T15:49:29.526002;1ac3d8a9-812f-41ce-acf1-2f7528c2c8ed;8.2666;0.52388935;SELL
2016-04-15T15:49:30.000000;2016-04-15T15:49:30.957154;619cf15a-e777-4d95-8041-05fdbe6de4c1;8.2666;0.52388935;SELL
2016-04-15T15:49:30.000000;2016-04-15T15:49:30.963144;77e50d63-37a5-4b84-9535-72ce3d708131;8.26;3.0;SELL
2016-04-15T15:49:30.000000;2016-04-15T15:49:30.970155;236464b9-95cf-4e55-a37d-95b6e76f2c15;8.2532;0.52521008;SELL
2016-04-15T15:49:30.000000;2016-04-15T15:49:30.994141;321837bd-71dd-4343-bdfd-75aeb5d347a1;8.252;12.15879862;SELL
2016-04-15T15:49:31.000000;2016-04-15T15:49:31.809361;f0bdf2b0-429f-4dbb-8ac1-bc5433507918;8.252;15.6840087;SELL
2016-04-15T15:50:30.000000;2016-04-15T15:50:30.464091;657de613-c7a6-430b-a225-b3089171c112;8.2531;0.52386191;BUY
2016-04-15T15:50:45.000000;2016-04-15T15:50:45.827623;cba1177b-eb09-456d-a85c-431603b2eda3;8.252;3.31835809;SELL
2016-04-15T15:53:20.000000;2016-04-15T15:53:20.927136;0fb75e30-cacf-44e9-9628-a20a183ac6d6;8.2531;1.0;BUY
2016-04-15T15:53:30.000000;2016-04-15T15:53:30.120069;b27cbd09-4820-4fbf-8e72-e5aaec88cfc8;8.2531;0.52391679;BUY
2016-04-15T15:53:30.000000;2016-04-15T15:53:30.138053;d17351e5-d9ae-4b4c-9df9-1c3aa784e6b8;8.2531;3.0;BUY
2016-04-15T15:53:30.000000;2016-04-15T15:53:30.147057;a069255c-0941-412b-b849-3ce400533059;8.2532;1.47608321;BUY
2016-04-15T15:54:57.000000;2016-04-15T15:54:57.260773;58858572-7aea-4036-9543-1081d0f1afcc;8.25;10.0;SELL
2016-04-15T15:55:35.000000;2016-04-15T15:55:35.597604;2ad34a6b-82fc-418e-a248-00e73612cf9f;8.2532;14.73181484;BUY
2016-04-15T15:55:35.000000;2016-04-15T15:55:35.600606;40c8e104-8f3f-4703-a288-6a0ccec57d0d;8.26;3.0;BUY
2016-04-15T15:55:35.000000;2016-04-15T15:55:35.603592;43bc2c53-0e83-4254-a78f-91b4bbf6134a;8.2666;2.0477787;BUY
2016-04-15T15:55:35.000000;2016-04-15T15:55:35.630604;92be741a-b692-4e8a-a666-a40b10629349;8.2799;17.7317874;BUY
2016-04-15T15:55:35.000000;2016-04-15T15:55:35.630604;8223a650-e9f5-496d-8612-57c861dbbe11;8.28;1.0;BUY
2016-04-15T15:55:35.000000;2016-04-15T15:55:35.630604;55ca3952-7820-4d87-9480-00c275e4f661;8.3026;0.52386191;BUY
2016-04-15T15:55:35.000000;2016-04-15T15:55:35.631600;9d96f6d8-0d95-436c-bc31-926ad8022228;8.3026;0.52386191;BUY
2016-04-15T15:55:35.000000;2016-04-15T15:55:35.661596;f0134fce-99b0-4e2a-8679-c54885a18b45;8.3026;0.52386191;BUY
2016-04-15T15:55:35.000000;2016-04-15T15:55:35.661596;59241b25-b89e-4a88-95f3-a10714bfc241;8.3026;0.52386191;BUY
2016-04-15T15:55:35.000000;2016-04-15T15:55:35.661596;72915c65-ad13-4040-ab84-407a5735f5ca;8.3527;16.20789805;BUY
2016-04-15T15:55:35.000000;2016-04-15T15:55:35.667606;cd8966da-c093-4dd5-9301-5bfd55055849;8.3527;1.0;BUY
2016-04-15T15:55:35.000000;2016-04-15T15:55:35.691608;bf5bb3ec-72b3-4efe-8656-35e4008a6288;8.3527;2.0477787;BUY
2016-04-15T15:55:35.000000;2016-04-15T15:55:35.691608;a4295292-f667-4599-8eb5-2fd2830f2aaf;8.3527;3.0;BUY
2016-04-15T15:55:35.000000;2016-04-15T15:55:35.691608;d02d8c71-0cb6-4066-961b-c71cd2965fd2;8.3528;17.7317874;BUY
2016-04-15T15:55:35.000000;2016-04-15T15:55:35.691608;b5ccaa3d-f414-4d0c-b248-53f8c0689898;8.3529;0.52521008;BUY
2016-04-15T15:55:35.000000;2016-04-15T15:55:35.693604;08eca629-55d4-4f9f-be7d-14f224b83290;8.354;130.88;BUY
2016-04-15T15:55:35.000000;2016-04-15T15:55:35.721620;68e8362f-58bb-47f1-a479-858deebc9c66;8.3549;0.541396;BUY
2016-04-15T15:55:35.000000;2016-04-15T15:55:35.722605;6c0573ed-b5a4-4098-8fda-690bfa44f831;8.356;4.80084359;BUY
2016-04-15T15:57:48.000000;2016-04-15T15:57:48.470875;bbb9627e-d727-4d00-9da2-efa08741eb3f;8.2423;0.52386191;SELL
2016-04-15T15:57:48.000000;2016-04-15T15:57:48.476904;d0100e1d-fd22-47d3-b744-f435bf8d08f9;8.2301;2.33707946;SELL
2016-04-15T15:57:49.000000;2016-04-15T15:57:49.735014;f6b0c78f-90d0-403d-b65f-ca2a0d156cf6;8.2301;1.34589485;SELL
2016-04-15T15:57:50.000000;2016-04-15T15:57:51.006146;44a3e8de-5588-4180-8f89-b8343a7bc516;8.2301;0.10007418;SELL
2016-04-15T15:57:50.000000;2016-04-15T15:57:51.036138;d1e58d8c-646e-4e22-a6d2-1116335bc93a;8.2301;0.15894134;SELL
2016-04-15T15:57:50.000000;2016-04-15T15:57:51.077141;b03a1869-c3ac-4730-bee3-9fd3b330bcba;8.3418;0.28449114;BUY
2016-04-15T15:57:53.000000;2016-04-15T15:57:53.486409;8894c25f-0c31-4b59-ad3b-dda9715e9dc7;8.3418;0.23937077;BUY
2016-04-15T15:57:55.000000;2016-04-15T15:57:56.032645;d26c913e-947e-4602-b60f-a573f805aa0c;8.3418;0.04512037;SELL
2016-04-15T15:57:58.000000;2016-04-15T15:57:58.709911;56d19f2d-b6bc-4c42-b649-b3baa70cfd0c;8.2302;0.28449114;SELL
2016-04-15T15:57:58.000000;2016-04-15T15:57:58.712134;3a609380-7cc9-4598-8b1f-af9403764b54;8.2301;0.01195555;SELL
2016-04-15T15:57:59.000000;2016-04-15T15:58:00.033149;25872334-92a1-476f-b497-0e34478bf6cc;8.2301;0.31849966;SELL
2016-04-15T15:58:01.000000;2016-04-15T15:58:01.272171;30292336-f354-4d82-ad45-d16039ff1418;8.2301;0.15735957;SELL
2016-04-15T15:58:02.000000;2016-04-15T15:58:02.953341;a8fcfccf-87d3-4a94-98b6-d77c84d468da;8.2301;0.20053502;SELL
2016-04-15T15:58:03.000000;2016-04-15T15:58:03.740417;aa28219b-ad19-4cbe-992f-50b6fdb909c5;8.2301;0.26122506;SELL
2016-04-15T15:58:05.000000;2016-04-15T15:58:05.615599;7bd0f2a6-f48a-4b20-8691-3bf70b91905a;8.2301;0.16447503;SELL
2016-04-15T15:58:06.000000;2016-04-15T15:58:06.860725;9d4fc261-1ce9-441d-82bb-e1f60919f6f4;8.2301;0.12540504;SELL
2016-04-15T15:58:06.000000;2016-04-15T15:58:06.869730;aaee1e14-d1c2-4e35-8686-a3dc1fc3ddff;8.2301;0.19917271;SELL
2016-04-15T15:58:07.000000;2016-04-15T15:58:08.017846;32efbe02-a21d-4c2d-a4a3-072768ced05d;8.2301;0.20079208;SELL
2016-04-15T15:58:08.000000;2016-04-15T15:58:08.567892;efa512e3-fda9-4add-8927-9a8fa8ebed3e;8.2301;0.18179927;SELL
2016-04-15T15:58:11.000000;2016-04-15T15:58:11.611206;39124732-f926-49b2-9e47-aa757da656ae;8.2301;0.13413014;SELL
2016-04-15T15:58:11.000000;2016-04-15T15:58:11.936228;e7de8f2f-33c3-4aa2-96ac-71b506bbadbc;8.2301;0.21303667;SELL
2016-04-15T15:58:15.000000;2016-04-15T15:58:15.318561;d1e64f8e-f5a2-4dc6-b957-037d58c415d6;8.2301;0.12584573;SELL
2016-04-15T15:58:19.000000;2016-04-15T15:58:19.750009;8beb27c3-72f3-47ba-8788-fff2b50ed81d;8.2302;0.20053502;BUY
2016-04-15T15:58:19.000000;2016-04-15T15:58:19.762020;e9c3e162-99d9-4aaf-9dd4-9520f609ab4f;8.3409;0.20053502;BUY
2016-04-15T15:58:19.000000;2016-04-15T15:58:19.777006;2d30f1f5-73ee-47a3-8252-0a488d502d2c;8.341;0.06487963;BUY
2016-04-15T15:58:19.000000;2016-04-15T15:58:19.793010;00ac3225-c3ec-464d-b09a-6d2dd223b315;8.341;0.11;BUY
2016-04-15T15:58:19.000000;2016-04-15T15:58:19.793010;dd6cdaee-7d74-4f43-8187-86a9f25d5330;8.353;0.42405033;BUY
2016-04-15T15:58:19.000000;2016-04-15T15:58:19.808357;1cfda4e4-8545-4ebc-885e-ada86e2aa209;8.353;5.0;BUY
2016-04-15T15:58:25.000000;2016-04-15T15:58:25.584604;0cc84c4c-7f8a-4440-84f3-8945dc97a5fc;8.3538;1.0;BUY
2016-04-15T15:58:44.000000;2016-04-15T15:58:44.440477;372bee02-64d4-4a11-b28a-661c8ef9141c;8.2301;0.71625476;SELL
2016-04-15T15:59:17.000000;2016-04-15T15:59:17.534793;6ca64ebc-fa4c-4af0-ad9a-5a7aac698685;8.2301;2.86255856;SELL
2016-04-15T15:59:22.000000;2016-04-15T15:59:22.370281;bab1fb29-85e1-4df7-bd10-2ddc66cfa1bf;8.2301;2.30776762;SELL
2016-04-15T15:59:24.000000;2016-04-15T15:59:24.737509;4dbf6ea0-4276-44e8-bc5c-9d0f3b150509;8.2301;1.30474617;SELL
2016-04-15T15:59:28.000000;2016-04-15T15:59:28.628926;6749497b-276c-408c-aa7b-41a4e14fe873;8.2301;1.26337848;SELL
2016-04-15T15:59:37.000000;2016-04-15T15:59:37.976836;81725c87-5d7e-48a8-a69a-261d5556ac43;8.2301;2.86255856;SELL
2016-04-15T15:59:57.000000;2016-04-15T15:59:57.081741;bde7013b-6482-45f6-8776-6ba548346069;8.2423;0.52592826;SELL
2016-04-15T15:59:57.000000;2016-04-15T15:59:57.086738;61c12a2a-ac43-4fca-b396-d2b310a4fb4b;8.2301;1.61243326;SELL
2016-04-15T16:00:57.000000;2016-04-15T16:00:57.111435;3dd06afc-2b6d-46ae-9a56-3277b5ac438a;8.2301;0.16013;SELL
2016-04-15T17:34:09.000000;2016-04-15T17:34:09.599084;32c1b26b-c89b-4cc5-a6f4-539624c695e1;8.248;10.3799;BUY
2016-04-15T17:37:02.000000;2016-04-15T17:37:02.276357;b117df96-c65b-498a-85c5-c9aa7a351f7a;8.2301;6.05978053;SELL
2016-04-15T17:37:03.000000;2016-04-15T17:37:03.748494;fa498394-962b-40e3-b5c3-20d5fb782e93;8.2301;21.11926149;SELL
2016-04-15T17:37:05.000000;2016-04-15T17:37:05.407657;abbc4702-ab4f-42a7-be8b-e9a8443f91aa;8.2301;4.41417443;SELL
2016-04-15T17:37:14.000000;2016-04-15T17:37:14.624585;badf56a5-9b91-4561-8144-6ee7937814ed;8.2301;2.779444;SELL
2016-04-15T17:37:16.000000;2016-04-15T17:37:16.711792;740309ad-e2c2-416a-b206-8d1c3c0a550c;8.2301;2.779444;SELL
2016-04-15T17:37:19.000000;2016-04-15T17:37:19.661087;f1c4c8fc-9ef9-4806-8bfd-b8db1131b99d;8.2301;3.30939495;SELL
2016-04-15T17:37:20.000000;2016-04-15T17:37:20.783202;29bce18f-9d94-498f-8764-d967fa45e163;8.2301;3.30939495;SELL
2016-04-15T17:37:21.000000;2016-04-15T17:37:21.559276;aeefb921-e039-4914-ba5b-c39ce6eff2a6;8.2301;11.90305688;SELL
2016-04-15T17:37:21.000000;2016-04-15T17:37:21.573272;7d00c0f6-5fd8-4a07-8822-4d3f7aff2a50;8.23;9.22727863;SELL
2016-04-15T17:37:23.000000;2016-04-15T17:37:23.101422;d35a9943-401d-4d3e-9b42-aac5fc2d1d0f;8.23;5.98639832;SELL
2016-04-15T17:37:23.000000;2016-04-15T17:37:23.415455;23f5af7b-d52e-4586-8b3c-d2eb7a9aa5c3;8.23;1.82529318;SELL
2016-04-15T17:37:24.000000;2016-04-15T17:37:24.123530;3435cc17-cc22-4fdb-9dc8-8e72b98d3b47;8.23;21.13033551;SELL
2016-04-15T17:37:36.000000;2016-04-15T17:37:36.804786;47d1ee1c-7e8c-4ded-b1d5-3038c1c3eb1f;8.23;21.14142115;SELL
2016-04-15T17:37:37.000000;2016-04-15T17:37:37.984912;39af67e7-99ca-4c46-8b94-9f89e170c727;8.23;3.42388279;SELL
2016-04-15T17:37:40.000000;2016-04-15T17:37:40.045123;8877f3f7-d216-4ba5-8154-cc8c35732208;8.23;3.42388279;SELL
2016-04-15T17:37:42.000000;2016-04-15T17:37:42.981413;454202b5-cb9b-4ad7-be23-f7f0540f2bf0;8.23;3.10773582;SELL
2016-04-15T17:39:08.000000;2016-04-15T17:39:08.997012;f6ee4313-7187-46a1-8b03-c97bdcd76648;8.2035;0.52386191;SELL
2016-04-15T17:39:08.000000;2016-04-15T17:39:09.074032;794bff65-588b-4133-8bcd-7eb37fc8c72c;8.2035;0.52386191;SELL
2016-04-15T17:39:08.000000;2016-04-15T17:39:09.078018;95bf3a0f-d816-4f9c-94a8-3892421ddc4e;8.2035;0.52386191;SELL
2016-04-15T17:39:08.000000;2016-04-15T17:39:09.080021;b739dcaf-744d-4b0c-8bc3-dc80bbcd851c;8.2035;0.52386191;SELL
2016-04-15T17:39:16.000000;2016-04-15T17:39:16.726781;e9748f8e-c53b-488b-aceb-7e3a227101cc;8.2001;2.79060983;SELL
2016-04-15T17:39:19.000000;2016-04-15T17:39:19.264036;268781a6-81cc-406f-b611-02499310e470;8.2001;2.72669702;SELL
2016-04-15T17:39:21.000000;2016-04-15T17:39:21.734294;d8580986-ef17-47b7-a187-ff51b1b7d335;8.2001;2.72669702;SELL
2016-04-15T17:39:23.000000;2016-04-15T17:39:23.890506;91d7ddda-413e-452e-8c84-5ab7c8ed49cb;8.2001;2.72669702;SELL
2016-04-15T17:39:38.000000;2016-04-15T17:39:38.627974;7855184e-621c-446c-a6c3-637e27079889;8.2001;9.98;SELL
2016-04-15T17:41:06.000000;2016-04-15T17:41:06.641774;6c5e9f44-3581-444b-9dcc-85e39c76d629;8.2001;2.1679259;SELL
2016-04-15T17:41:09.000000;2016-04-15T17:41:09.564074;409f3d92-2e48-47d3-8c96-162a096fc43e;8.2001;2.1679259;SELL
2016-04-15T17:45:17.000000;2016-04-15T17:45:17.724889;750af9f8-b12a-475f-ba8a-9d200fc34d83;8.2001;18.66120541;SELL
2016-04-15T17:55:17.000000;2016-04-15T17:55:17.724022;ed9c89b5-5a9c-4ea3-ae97-142c79d18b58;8.2001;21.15645862;SELL
2016-04-15T17:55:17.000000;2016-04-15T17:55:17.725017;60d1eed5-dbc3-402c-8b11-8083e7965f33;8.2001;9.89578328;SELL
2016-04-15T17:55:17.000000;2016-04-15T17:55:17.727017;1f8e1dc6-d25c-4c7e-b3e8-cc32901af495;8.2;2.49992553;SELL
2016-04-15T17:55:17.000000;2016-04-15T17:55:17.769028;ddbe6002-5947-48fd-bb79-0d3c533e86e9;8.2;21.15645862;SELL
2016-04-15T17:55:20.000000;2016-04-15T17:55:20.316294;ff8c65ce-988b-425d-8a38-a5d530b98fee;8.2;21.15645862;SELL
2016-04-15T17:55:20.000000;2016-04-15T17:55:20.479286;189ab9c2-f0e1-4a9f-92c4-b55ffe89f4fe;8.2;21.15645862;SELL
2016-04-15T17:55:53.000000;2016-04-15T17:55:53.197560;8c017374-2e27-4524-a13c-7e9a701fcb6d;8.2;0.314;SELL
2016-04-15T17:56:42.000000;2016-04-15T17:56:42.431510;5bb4f641-e05b-4704-8b36-e3d573899a5a;8.2;3.72005501;SELL
2016-04-15T17:56:44.000000;2016-04-15T17:56:44.875731;6d386306-1bf7-47be-bd10-37c9150284ef;8.2;3.72281711;SELL
2016-04-15T17:56:50.000000;2016-04-15T17:56:50.270266;7c30b44f-7392-4839-b2f3-11139ed9d782;8.2;3.72281711;SELL
