time_exchange;time_coinpai;guid;price;base_amount;taker_side
2016-04-15T00:00:04.000000;2016-04-15T00:00:04.000000;01d8ba00-ba5c-49a5-8ce1-88a64452d3e2;426.01;0.6517;UNKNOWN
2016-04-15T00:00:04.000000;2016-04-15T00:00:04.000000;f6816fb6-2a55-45f1-bc16-e6552e183fe9;426.01;7.0344;UNKNOWN
2016-04-15T00:00:07.000000;2016-04-15T00:00:07.000000;39bbae8a-e0bd-446b-90e5-8f72491c2b99;426.01;3.3194;UNKNOWN
2016-04-15T00:02:31.000000;2016-04-15T00:02:31.000000;6558f102-3073-4c10-b6b1-50149ea43a09;426.02;4.0755;UNKNOWN
2016-04-15T00:03:18.000000;2016-04-15T00:03:18.000000;60df424c-ca84-4e80-9a59-17c41f60e836;426.02;0.3282;UNKNOWN
2016-04-15T00:03:58.000000;2016-04-15T00:03:58.000000;09ed2c0b-0ca0-42bf-ab94-0fde9ded7329;426.02;1.1724;UNKNOWN
2016-04-15T00:05:18.000000;2016-04-15T00:05:18.000000;4bed46e9-c83a-40c1-8070-03a050d6f499;426.02;1.8759;UNKNOWN
2016-04-15T00:07:18.000000;2016-04-15T00:07:18.000000;12b5e403-a859-4f32-98fd-92bd4f21525d;426.02;0.548;UNKNOWN
2016-04-15T00:07:18.000000;2016-04-15T00:07:18.000000;26dab10a-11e1-4846-b907-232fed0acaed;426.03;6.4868;UNKNOWN
2016-04-15T00:08:31.000000;2016-04-15T00:08:31.000000;c2e75251-c8d2-4fe8-9f3d-2162894f628c;426.02;0.8050148;UNKNOWN
2016-04-15T00:08:31.000000;2016-04-15T00:08:31.000000;c530411a-0250-4d81-8f54-b3d7f808769a;426.02;0.6018852;UNKNOWN
2016-04-15T00:10:07.000000;2016-04-15T00:10:07.000000;ff20fd94-a129-45c2-b63a-03ff6b5be555;426.01;0.49393401;UNKNOWN
2016-04-15T00:10:56.000000;2016-04-15T00:10:56.000000;48faa97e-c15b-40d9-be63-cc6847c06c87;426.01;0.27524978;UNKNOWN
2016-04-15T00:12:36.000000;2016-04-15T00:12:36.000000;fcb9c74e-0e62-402d-8d27-1350549c2945;426.01;0.063685;UNKNOWN
2016-04-15T00:12:54.000000;2016-04-15T00:12:54.000000;17cde107-51cf-4be5-9a9b-7e65a23ce506;426.01;0.01237;UNKNOWN
2016-04-15T00:13:26.000000;2016-04-15T00:13:26.000000;05731806-b41c-410e-9b71-1fcf162c2229;426.01;0.08222428;UNKNOWN
2016-04-15T00:15:08.000000;2016-04-15T00:15:08.000000;4423abbb-6677-49ff-aeff-7b21503e1249;426.01;0.0825189;UNKNOWN
2016-04-15T00:15:10.000000;2016-04-15T00:15:10.000000;64c70cae-3582-4c21-99a9-f36f91631c5a;426.01;0.08266773;UNKNOWN
2016-04-15T00:15:11.000000;2016-04-15T00:15:11.000000;20f6c95f-b22a-4892-807d-040fdf875ba6;426.01;0.0825189;UNKNOWN
2016-04-15T00:15:26.000000;2016-04-15T00:15:26.000000;e43d57f0-f7f8-49cd-9c97-7414dea71f2a;426.01;0.01518333;UNKNOWN
2016-04-15T00:17:02.000000;2016-04-15T00:17:02.000000;5f80214c-3bc2-4cb5-9880-a76f4dab79f5;426.01;0.09408267;UNKNOWN
2016-04-15T00:17:13.000000;2016-04-15T00:17:13.000000;31590b4f-0714-4fcf-ae09-52a44805935f;426.04;8.0;UNKNOWN
2016-04-15T00:17:13.000000;2016-04-15T00:17:13.000000;3e1caf9e-5d7e-49dc-a177-47a60bf1a2b3;426.02;3.3194;UNKNOWN
2016-04-15T00:17:13.000000;2016-04-15T00:17:13.000000;02f3551f-1579-4fdd-ae4e-464da5c59945;426.03;1.5132;UNKNOWN
2016-04-15T00:17:13.000000;2016-04-15T00:17:13.000000;f06f1809-81d2-4dd2-b351-94bd4ed25712;426.02;7.0383;UNKNOWN
2016-04-15T00:17:13.000000;2016-04-15T00:17:13.000000;f64283f6-b3d6-4c8a-a5d8-2d150206b195;426.05;2.03535594;UNKNOWN
2016-04-15T00:17:13.000000;2016-04-15T00:17:13.000000;c8f2f660-cbbb-41a6-bead-739565945bb4;426.02;2.0;UNKNOWN
2016-04-15T00:17:13.000000;2016-04-15T00:17:13.000000;1049eaee-c931-4806-8769-26c72f252920;426.02;24.14294001;UNKNOWN
2016-04-15T00:17:13.000000;2016-04-15T00:17:13.000000;748cdce0-d4c5-4f51-9d2d-5bd6d7310730;426.02;4.1949852;UNKNOWN
2016-04-15T00:17:56.000000;2016-04-15T00:17:56.000000;172b25bd-44f3-4348-8d39-d325f83ab602;426.03;3.0;UNKNOWN
2016-04-15T00:17:56.000000;2016-04-15T00:17:56.000000;b51ab54b-8f28-41f6-bea9-0dc99b0c94df;426.03;2.0;UNKNOWN
2016-04-15T00:18:26.000000;2016-04-15T00:18:26.000000;512a26bc-41d5-4d50-8e87-161a2efabcda;426.01;0.4104088;UNKNOWN
2016-04-15T00:19:03.000000;2016-04-15T00:19:03.000000;0e9c837b-b0d5-48bd-9ca6-ad2cd30fe5ee;426.01;0.459818;UNKNOWN
2016-04-15T00:19:27.000000;2016-04-15T00:19:27.000000;c3f66ed5-e07b-4e61-84f3-55aa629e91cb;426.02;0.058625;UNKNOWN
2016-04-15T00:19:45.000000;2016-04-15T00:19:45.000000;a9eaccee-ee93-4134-a734-9f7eddc2b7f8;426.05;5.96464406;UNKNOWN
2016-04-15T00:19:45.000000;2016-04-15T00:19:45.000000;5279593d-6768-4396-993f-deb84914118c;426.05;3.3194;UNKNOWN
2016-04-15T00:19:45.000000;2016-04-15T00:19:45.000000;37d5b848-319e-4135-8899-0a677d03a65d;426.3;7.992;UNKNOWN
2016-04-15T00:19:45.000000;2016-04-15T00:19:45.000000;88634ecb-cf90-45d8-8560-b7cc72553a0f;426.28;6.9864;UNKNOWN
2016-04-15T00:19:45.000000;2016-04-15T00:19:45.000000;3c3fa870-1de9-4b96-a9aa-ac890718eb25;426.27;0.25;UNKNOWN
2016-04-15T00:19:45.000000;2016-04-15T00:19:45.000000;7fab66e6-5a48-437d-8ef0-342d629f2a51;426.35;1.4169942;UNKNOWN
2016-04-15T00:19:45.000000;2016-04-15T00:19:45.000000;14a933b8-cd1a-4694-9eed-b622179d7c35;426.34;6.18124889;UNKNOWN
2016-04-15T00:19:45.000000;2016-04-15T00:19:45.000000;340c9e7f-503f-4e9a-99d1-585d7e840028;426.1;5.0;UNKNOWN
2016-04-15T00:19:45.000000;2016-04-15T00:19:45.000000;62440535-6299-4865-9808-75949dc6f69b;426.32;0.02001285;UNKNOWN
2016-04-15T00:20:11.000000;2016-04-15T00:20:11.000000;f2b32d62-7b5e-45bd-92b7-da293169e6a1;426.13;1.70253891;UNKNOWN
2016-04-15T00:20:14.000000;2016-04-15T00:20:14.000000;db79c567-92a9-4eb9-af5b-8cf1ed6999ac;426.39;1.0;UNKNOWN
2016-04-15T00:23:37.000000;2016-04-15T00:23:37.000000;fc27b31b-1612-4d75-91fa-24fa87647e13;426.13;0.004491;UNKNOWN
2016-04-15T00:23:37.000000;2016-04-15T00:23:37.000000;f333670e-36d8-4972-8915-69724402b8b1;426.14;0.059;UNKNOWN
2016-04-15T00:26:32.000000;2016-04-15T00:26:32.000000;dd95f37e-d382-4b34-a184-9d3098778ca1;426.04;0.82304952;UNKNOWN
2016-04-15T00:28:38.000000;2016-04-15T00:28:38.000000;ea1ada20-d7a2-4e34-af2c-40747e3bed1d;426.04;0.28692521;UNKNOWN
2016-04-15T00:30:32.000000;2016-04-15T00:30:32.000000;a04c221d-c490-48f5-ad5a-cab1038cbb07;426.04;2.21307479;UNKNOWN
2016-04-15T00:30:32.000000;2016-04-15T00:30:32.000000;a476f72c-d2aa-452b-845f-3aeb06cda81d;426.04;0.28692521;UNKNOWN
2016-04-15T00:40:00.000000;2016-04-15T00:40:00.000000;69f7c001-d781-4f03-93a7-5039ac1f7b41;426.28;0.5;UNKNOWN
2016-04-15T00:40:00.000000;2016-04-15T00:40:00.000000;d7cd4108-9d82-48b5-9460-6e6475ad27b8;426.27;0.5;UNKNOWN
2016-04-15T00:40:19.000000;2016-04-15T00:40:19.000000;8a379479-ce55-4fc6-96b1-8d95acdbfd47;426.38;0.2323;UNKNOWN
2016-04-15T00:40:19.000000;2016-04-15T00:40:19.000000;baeff204-e291-4688-b545-031943a838e2;426.37;0.5;UNKNOWN
2016-04-15T00:49:55.000000;2016-04-15T00:49:55.000000;65c4c694-199c-4f0b-9130-56a3a88535d3;426.39;2.5;UNKNOWN
2016-04-15T00:53:27.000000;2016-04-15T00:53:27.000000;afdc6f0d-e79a-4427-a99a-8e90480fda27;426.35;0.04646618;UNKNOWN
2016-04-15T00:55:26.000000;2016-04-15T00:55:26.000000;4abdff97-8612-42ef-8e42-2b1e022f209f;426.35;0.11614367;UNKNOWN
2016-04-15T00:56:31.000000;2016-04-15T00:56:31.000000;ba66bd59-2a59-4b34-8c0c-d4cfbe011f8c;426.35;0.018;UNKNOWN
2016-04-15T00:57:12.000000;2016-04-15T00:57:12.000000;874b90c6-b560-47e0-a6bb-9b860cb04f90;426.35;0.67450486;UNKNOWN
2016-04-15T00:57:27.000000;2016-04-15T00:57:27.000000;dd15d57d-3d5d-401a-8fb8-8f3322ae6f94;426.35;0.161;UNKNOWN
2016-04-15T01:00:40.000000;2016-04-15T01:00:40.000000;e96b38ae-de23-4caa-a295-1ff223c640c9;426.47;0.20727646;UNKNOWN
2016-04-15T01:01:04.000000;2016-04-15T01:01:04.000000;6155c6fe-b227-4f9c-9f8e-35cd94d90fa1;426.45;0.176;UNKNOWN
2016-04-15T01:01:04.000000;2016-04-15T01:01:04.000000;c8490293-b13b-46d2-bdc9-d6a10b70da6c;426.45;0.09517536;UNKNOWN
2016-04-15T01:01:11.000000;2016-04-15T01:01:11.000000;071c30cb-823a-4355-962d-8bb34c5ee229;426.45;0.1175;UNKNOWN
2016-04-15T01:03:53.000000;2016-04-15T01:03:53.000000;8e8dde30-b4dd-45dd-8e4d-318c4eb3ccdc;426.45;0.326049;UNKNOWN
2016-04-15T01:04:32.000000;2016-04-15T01:04:32.000000;695c9176-7be3-4244-9df1-e0e2f59c9b56;426.45;2.20636765;UNKNOWN
2016-04-15T01:04:48.000000;2016-04-15T01:04:48.000000;f082cbeb-3b3d-43cc-9aa2-1f5473c2dbea;426.45;4.55918391;UNKNOWN
2016-04-15T01:04:48.000000;2016-04-15T01:04:48.000000;b3a08da7-1e27-42fd-a956-178a719745bc;426.45;0.30721642;UNKNOWN
2016-04-15T01:04:48.000000;2016-04-15T01:04:48.000000;cbd4934d-f854-4e59-bc6c-952b39a14525;426.45;4.55959967;UNKNOWN
2016-04-15T01:06:11.000000;2016-04-15T01:06:11.000000;ddb13d69-c8e5-494e-b7c5-3bdbceeb4268;426.47;0.25;UNKNOWN
2016-04-15T01:06:11.000000;2016-04-15T01:06:11.000000;38138bd1-5934-4164-8ce3-282e736497ff;426.48;2.20727646;UNKNOWN
2016-04-15T01:06:11.000000;2016-04-15T01:06:11.000000;127e97ac-8845-4797-a99f-012a29376038;426.47;0.04272354;UNKNOWN
2016-04-15T01:06:22.000000;2016-04-15T01:06:22.000000;09888ee8-f258-4cde-9fc0-8b256564eb72;426.48;0.0469928;UNKNOWN
2016-04-15T01:08:04.000000;2016-04-15T01:08:04.000000;7b22de6b-56f1-47b3-aeae-cd1103276ffe;426.48;0.0287;UNKNOWN
2016-04-15T01:09:04.000000;2016-04-15T01:09:04.000000;f584a8a1-4662-42cd-975c-e5304ca3c41f;426.49;1.0;UNKNOWN
2016-04-15T01:09:19.000000;2016-04-15T01:09:19.000000;3dd1bcf1-7b76-4560-8382-db4ab4b7b607;426.48;0.46637078;UNKNOWN
2016-04-15T01:09:22.000000;2016-04-15T01:09:22.000000;b3ce5091-48d6-4dbb-89a7-58ab42bc9e47;426.49;3.5;UNKNOWN
2016-04-15T01:11:41.000000;2016-04-15T01:11:41.000000;752b5faf-c09a-402c-ac39-76eef255bb08;426.49;2.1485;UNKNOWN
2016-04-15T01:11:41.000000;2016-04-15T01:11:41.000000;a19857b1-46bd-4ce0-a64c-94e961dda5f4;426.49;0.06699786;UNKNOWN
2016-04-15T01:11:41.000000;2016-04-15T01:11:41.000000;0fe05bc7-4727-43d5-88f8-fbf16c865abd;426.49;10.0;UNKNOWN
2016-04-15T01:12:58.000000;2016-04-15T01:12:58.000000;d592c126-3160-4784-9ba3-a490f3639f75;426.49;0.02;UNKNOWN
2016-04-15T01:13:58.000000;2016-04-15T01:13:58.000000;1153dd20-536c-49cb-8c85-2a8a9495bcc0;426.49;0.10085647;UNKNOWN
2016-04-15T01:15:00.000000;2016-04-15T01:15:00.000000;20933e3b-2d3c-4509-b7fe-3edde9786504;426.5;1.5;UNKNOWN
2016-04-15T01:15:34.000000;2016-04-15T01:15:34.000000;0d60bdd3-0f70-4cdc-ae79-d40a9b482e59;426.5;0.38102229;UNKNOWN
2016-04-15T01:15:34.000000;2016-04-15T01:15:34.000000;e1964890-faf7-466c-b008-611b22f0e02f;426.57;1.07176818;UNKNOWN
2016-04-15T01:15:58.000000;2016-04-15T01:15:58.000000;88e43641-2de1-487d-8e12-5a185b813392;426.69;0.5;UNKNOWN
2016-04-15T01:15:58.000000;2016-04-15T01:15:58.000000;75a6ff29-d112-4c4f-8e39-65d9dfae974d;426.69;0.25;UNKNOWN
2016-04-15T01:15:58.000000;2016-04-15T01:15:58.000000;16e18b79-d9c3-4950-9e36-d75d7a30f1c2;426.6;0.2;UNKNOWN
2016-04-15T01:15:58.000000;2016-04-15T01:15:58.000000;fbb932b5-efad-4d51-898d-e3741c595ecc;426.71;4.7351;UNKNOWN
2016-04-15T01:15:58.000000;2016-04-15T01:15:58.000000;03fa9b21-e5f8-4d55-b531-e82c9df36ae1;426.68;0.25;UNKNOWN
2016-04-15T01:15:58.000000;2016-04-15T01:15:58.000000;131b8fe8-bad6-4663-8ede-0ca6b0de59cc;426.63;1.9136;UNKNOWN
2016-04-15T01:15:58.000000;2016-04-15T01:15:58.000000;b60f6295-9150-4172-b1a2-24f1e1df6032;426.71;0.1;UNKNOWN
2016-04-15T01:15:58.000000;2016-04-15T01:15:58.000000;bffa20c9-1d03-4b4c-9d16-43fdd77ea695;426.7;0.25;UNKNOWN
2016-04-15T01:15:58.000000;2016-04-15T01:15:58.000000;f059d757-6b2e-4acd-ade6-66078cee5524;426.63;0.25;UNKNOWN
2016-04-15T01:15:58.000000;2016-04-15T01:15:58.000000;55a430b9-bd8e-4bd8-9c6f-016c30c10fd1;426.63;1.0513;UNKNOWN
2016-04-15T01:15:58.000000;2016-04-15T01:15:58.000000;a02504a7-2f05-4c0c-828e-86b1c81cbf4d;426.6;0.8;UNKNOWN
2016-04-15T01:16:10.000000;2016-04-15T01:16:10.000000;fb67a905-08c6-42aa-aebe-25ae29432b68;426.73;0.5;UNKNOWN
2016-04-15T01:16:10.000000;2016-04-15T01:16:10.000000;34607910-af26-43cb-bb55-ccec48cecc9e;426.75;0.5;UNKNOWN
2016-04-15T01:16:10.000000;2016-04-15T01:16:10.000000;142b77bc-52b5-417e-af85-48b8ac97c59c;426.82;1.39187015;UNKNOWN
2016-04-15T01:16:10.000000;2016-04-15T01:16:10.000000;8eb2f7b4-5af7-4b8b-a6be-cadfa3967ee0;426.81;0.25;UNKNOWN
2016-04-15T01:16:10.000000;2016-04-15T01:16:10.000000;2fe541ca-0be8-49ae-abab-67d529581487;426.77;0.25;UNKNOWN
2016-04-15T01:16:10.000000;2016-04-15T01:16:10.000000;c136176b-7ea3-4f5b-8af0-7644c4e1404c;426.81;0.25;UNKNOWN
2016-04-15T01:16:49.000000;2016-04-15T01:16:49.000000;82c5ed6b-8ec1-4f6f-a144-c829add885f6;426.85;0.25;UNKNOWN
2016-04-15T01:16:49.000000;2016-04-15T01:16:49.000000;defc6a09-c330-43dd-b2a5-fac9ce63f860;426.86;0.15;UNKNOWN
2016-04-15T01:16:49.000000;2016-04-15T01:16:49.000000;00132f9c-f930-4ad6-a10e-5a5e4fed5d07;426.95;7.0268;UNKNOWN
2016-04-15T01:16:49.000000;2016-04-15T01:16:49.000000;5b5045b4-e609-4308-84fe-b2ec492d2d4e;426.96;3.15446385;UNKNOWN
2016-04-15T01:16:49.000000;2016-04-15T01:16:49.000000;76cfb7aa-b149-46e7-80c3-64a3e53a8d59;426.96;3.0;UNKNOWN
2016-04-15T01:16:49.000000;2016-04-15T01:16:49.000000;ee88a86e-40c0-44bb-90d2-2f1f8c94cc46;426.95;0.25;UNKNOWN
2016-04-15T01:16:49.000000;2016-04-15T01:16:49.000000;323908f3-9e6c-45c7-87d0-0524b1147b84;426.89;0.25;UNKNOWN
2016-04-15T01:16:49.000000;2016-04-15T01:16:49.000000;85f5c014-cc07-4dd2-898c-0b7a05cf4631;426.89;0.25;UNKNOWN
2016-04-15T01:16:49.000000;2016-04-15T01:16:49.000000;66eda3e6-de06-40fa-b520-043c217d8a71;426.95;0.035866;UNKNOWN
2016-04-15T01:16:49.000000;2016-04-15T01:16:49.000000;34b99e71-69c7-4de5-bc87-e28fd1a4f83e;426.95;0.5;UNKNOWN
2016-04-15T01:18:31.000000;2016-04-15T01:18:31.000000;b2804126-bf87-4b9f-aeee-d4e8faae5957;426.69;0.04697848;UNKNOWN
2016-04-15T01:19:18.000000;2016-04-15T01:19:18.000000;86472bd0-48c4-4df6-bbf0-169d6b6be7a6;426.69;0.21033;UNKNOWN
2016-04-15T01:19:18.000000;2016-04-15T01:19:18.000000;b49e6a3e-4a21-45cb-a133-ea95b7ee7e95;426.7;0.059;UNKNOWN
2016-04-15T01:19:23.000000;2016-04-15T01:19:23.000000;78983510-226f-4d90-b86c-c59bcaaf7afc;426.69;0.00446354;UNKNOWN
2016-04-15T01:20:52.000000;2016-04-15T01:20:52.000000;2d256be4-da69-425c-94c4-0a2eae95c04b;426.58;0.1746;UNKNOWN
2016-04-15T01:20:52.000000;2016-04-15T01:20:52.000000;2c8f1899-d5fd-4ff9-a6ce-e864d4ee588f;426.59;0.25779777;UNKNOWN
2016-04-15T01:20:52.000000;2016-04-15T01:20:52.000000;598b47e9-5ea1-4b9c-bc7c-348f694e7dd7;426.6;0.059;UNKNOWN
2016-04-15T01:20:52.000000;2016-04-15T01:20:52.000000;9e47edd1-af15-4379-9909-ab487375b72c;426.52;3.45103003;UNKNOWN
2016-04-15T01:22:38.000000;2016-04-15T01:22:38.000000;714c3fca-3256-41ea-a5e7-e65b27712528;426.55;3.0;UNKNOWN
2016-04-15T01:22:38.000000;2016-04-15T01:22:38.000000;57a9f385-cace-4df2-a1c7-399e3cbb20c0;426.54;3.01887572;UNKNOWN
2016-04-15T01:22:38.000000;2016-04-15T01:22:38.000000;df8ca052-9360-4fa1-9a62-09d586b06f1e;426.56;0.5;UNKNOWN
2016-04-15T01:23:04.000000;2016-04-15T01:23:04.000000;1e9f51a8-ff6c-4f12-89b6-ac458298dbb7;426.68;0.18446354;UNKNOWN
2016-04-15T01:23:04.000000;2016-04-15T01:23:04.000000;fee3e920-dc20-4ea1-a3d5-04ed295bd472;426.65;0.01553646;UNKNOWN
2016-04-15T01:23:45.000000;2016-04-15T01:23:45.000000;096c0884-ee57-423c-b901-628e329b8954;426.6;0.0555722;UNKNOWN
2016-04-15T01:24:52.000000;2016-04-15T01:24:52.000000;c4e0a0e1-4f69-48a7-94a7-f5130219f167;426.75;1.894385;UNKNOWN
2016-04-15T01:24:55.000000;2016-04-15T01:24:55.000000;db4eec74-6466-4a3a-b8df-2a99d09241cb;426.68;0.92775969;UNKNOWN
2016-04-15T01:25:25.000000;2016-04-15T01:25:25.000000;582c9ac7-cf81-4f7b-ab56-ea88198d3aeb;426.59;0.02;UNKNOWN
2016-04-15T01:26:32.000000;2016-04-15T01:26:32.000000;770a5073-0e08-4f23-a0fd-a8869abeeb56;426.53;0.0463;UNKNOWN
2016-04-15T01:26:55.000000;2016-04-15T01:26:55.000000;2c753ea5-4e87-4a6f-a15b-8a91e819c34c;426.51;0.02;UNKNOWN
2016-04-15T01:27:02.000000;2016-04-15T01:27:02.000000;49cd3455-4177-442f-b2e5-85ea090a8de0;426.51;0.02;UNKNOWN
2016-04-15T01:27:26.000000;2016-04-15T01:27:26.000000;088496fb-105f-4538-b878-bd0dd42b3f93;426.51;0.35149152;UNKNOWN
2016-04-15T01:28:09.000000;2016-04-15T01:28:09.000000;d2f12da6-2d91-4d18-95d8-723767758225;426.51;0.02;UNKNOWN
2016-04-15T01:32:18.000000;2016-04-15T01:32:18.000000;74c5b7e9-142d-47e9-9849-db6836470c98;426.53;1.0;UNKNOWN
2016-04-15T01:35:04.000000;2016-04-15T01:35:04.000000;1db2b27f-2868-4d20-8100-74632da71216;426.51;0.187;UNKNOWN
2016-04-15T01:35:26.000000;2016-04-15T01:35:26.000000;6c1052d3-3a5e-4e25-a947-d2b5cbd042f8;426.51;1.12;UNKNOWN
2016-04-15T01:38:04.000000;2016-04-15T01:38:04.000000;abf74488-9c84-4efb-b1a7-8eaaf4cee067;426.51;0.48013026;UNKNOWN
2016-04-15T01:38:04.000000;2016-04-15T01:38:04.000000;92aa4bdb-1bbf-49dc-8d3f-96dca395218a;426.51;1.28150848;UNKNOWN
2016-04-15T01:38:11.000000;2016-04-15T01:38:11.000000;3dcfde1f-2039-4700-96d7-19c3e7513a55;426.51;2.76985197;UNKNOWN
2016-04-15T01:38:39.000000;2016-04-15T01:38:39.000000;d2a387a8-6957-4fe2-b212-1b0a57c0fda4;426.51;0.1199;UNKNOWN
2016-04-15T01:39:09.000000;2016-04-15T01:39:09.000000;c2e0df70-8762-4554-95cf-ea800fecd5e5;426.49;1.66364567;UNKNOWN
2016-04-15T01:39:09.000000;2016-04-15T01:39:09.000000;4c485c26-0fc8-44a5-a759-98a899779a80;426.11;6.6206432;UNKNOWN
2016-04-15T01:39:09.000000;2016-04-15T01:39:09.000000;1e5c0e8a-edd9-4622-b3eb-11445718bf7b;426.51;6.63011777;UNKNOWN
2016-04-15T01:39:26.000000;2016-04-15T01:39:26.000000;63427947-9231-4798-8956-bd061bd34a72;426.03;0.169795;UNKNOWN
2016-04-15T01:39:26.000000;2016-04-15T01:39:26.000000;51c7d414-6d26-4e92-b04d-43d010298cca;426.03;0.0184908;UNKNOWN
2016-04-15T01:39:49.000000;2016-04-15T01:39:49.000000;6c28754a-9a29-4ec5-b5c6-97d2a76bdbfe;426.07;0.02464;UNKNOWN
2016-04-15T01:40:12.000000;2016-04-15T01:40:12.000000;07301264-e2fa-47b0-98d0-caf5f2bd68cd;426.07;0.01880591;UNKNOWN
2016-04-15T01:40:15.000000;2016-04-15T01:40:15.000000;88683e12-f241-46a8-95d2-482765d12e90;426.07;0.01876831;UNKNOWN
2016-04-15T01:40:24.000000;2016-04-15T01:40:24.000000;aeec4336-6901-4627-9e74-8aae5a49e1c7;426.07;0.02803499;UNKNOWN
2016-04-15T01:41:52.000000;2016-04-15T01:41:52.000000;c2be6198-3424-4105-8151-f88e2b11dc5c;426.06;0.41026179;UNKNOWN
2016-04-15T01:44:55.000000;2016-04-15T01:44:55.000000;3b828cb5-f199-46cc-ab27-7e750185361c;426.03;0.34031745;UNKNOWN
2016-04-15T01:44:55.000000;2016-04-15T01:44:55.000000;e75a18b3-b8cc-415b-8e7e-eb33e483ed50;426.03;0.17639675;UNKNOWN
2016-04-15T01:44:55.000000;2016-04-15T01:44:55.000000;eab64095-c3e0-45c0-a656-4eb90eed0e67;426.03;0.65968255;UNKNOWN
2016-04-15T01:45:16.000000;2016-04-15T01:45:16.000000;355ead34-164e-45c3-ba83-6850c0ba9b9d;426.03;1.0;UNKNOWN
2016-04-15T01:45:46.000000;2016-04-15T01:45:46.000000;69fa01c6-68b2-4433-978c-e21e2630f5e8;426.03;0.64031745;UNKNOWN
2016-04-15T01:46:18.000000;2016-04-15T01:46:18.000000;b3c62b98-0377-4df1-8050-033bf22a2b6b;426.02;0.01;UNKNOWN
2016-04-15T01:47:08.000000;2016-04-15T01:47:08.000000;1ca8d816-5078-4bc6-84ef-96c4c97ef415;426.16;10.0939;UNKNOWN
2016-04-15T01:47:08.000000;2016-04-15T01:47:08.000000;9379761e-af5f-4770-978b-ba5c548c5398;426.62;10.4964;UNKNOWN
2016-04-15T01:47:08.000000;2016-04-15T01:47:08.000000;da2fbc91-ba05-4e39-983c-4d2f0ebc2e66;426.03;7.0162;UNKNOWN
2016-04-15T01:47:08.000000;2016-04-15T01:47:08.000000;b9c0484f-9926-4a5b-ae8e-9f31183fee13;426.04;11.91;UNKNOWN
2016-04-15T01:47:08.000000;2016-04-15T01:47:08.000000;9eeff716-e052-4834-90bf-9f96acbc4e58;426.9;10.0;UNKNOWN
2016-04-15T01:47:08.000000;2016-04-15T01:47:08.000000;51fb8897-803f-4fda-ab0e-8f5e688f75b7;426.53;11.156;UNKNOWN
2016-04-15T01:47:08.000000;2016-04-15T01:47:08.000000;a065250b-2f91-4cee-935d-5c50f4c45b5d;426.66;4.4;UNKNOWN
2016-04-15T01:47:08.000000;2016-04-15T01:47:08.000000;af90457d-21d7-40ab-b21e-0ae387e22af8;426.67;11.2222;UNKNOWN
2016-04-15T01:47:08.000000;2016-04-15T01:47:08.000000;b76bb014-8c7d-4219-ab5f-4abd028fb454;426.68;12.0;UNKNOWN
2016-04-15T01:47:08.000000;2016-04-15T01:47:08.000000;b8742072-3daf-42cf-a3db-d382aed41c18;426.89;1.0;UNKNOWN
2016-04-15T01:47:08.000000;2016-04-15T01:47:08.000000;54d55aef-feb0-436a-8370-e260868dddd6;426.86;11.6271;UNKNOWN
2016-04-15T01:47:08.000000;2016-04-15T01:47:08.000000;6ee988e7-681f-4e8b-b55a-372eb33bc942;426.67;15.6;UNKNOWN
2016-04-15T01:47:08.000000;2016-04-15T01:47:08.000000;8bf97820-7c41-4682-939b-df082f704795;426.76;11.5412;UNKNOWN
2016-04-15T01:47:08.000000;2016-04-15T01:47:08.000000;943b726c-3d5c-4e5c-a1e0-ad32b081633d;426.68;11.684;UNKNOWN
2016-04-15T01:47:08.000000;2016-04-15T01:47:08.000000;9b55e758-8e11-4204-abd6-1ffd2926b8e3;426.82;0.5;UNKNOWN
2016-04-15T01:47:08.000000;2016-04-15T01:47:08.000000;a261f4ed-7a5a-44da-b3ec-65b5ff8b9c3d;426.69;18.0;UNKNOWN
2016-04-15T01:47:08.000000;2016-04-15T01:47:08.000000;f9254584-e7ba-441d-9c89-e48ef9b9867a;426.82;3.0;UNKNOWN
2016-04-15T01:47:08.000000;2016-04-15T01:47:08.000000;f2abb7e2-497f-4251-8e86-0993b3693a32;427.0;49.99;UNKNOWN
2016-04-15T01:47:08.000000;2016-04-15T01:47:08.000000;cd95d92a-4e23-44e2-8dcd-e35a30ca332a;426.99;24.99;UNKNOWN
2016-04-15T01:47:08.000000;2016-04-15T01:47:08.000000;913a1970-b620-4eb5-afa7-d3afb667e8e9;426.99;13.5521;UNKNOWN
2016-04-15T01:47:08.000000;2016-04-15T01:47:08.000000;89a8c198-4622-4688-8135-e6f5b242f514;426.69;5.09957203;UNKNOWN
2016-04-15T01:47:08.000000;2016-04-15T01:47:08.000000;219b8d3e-1f1a-4bcd-9458-9808e081c6b0;426.99;12.5;UNKNOWN
2016-04-15T01:47:08.000000;2016-04-15T01:47:08.000000;a82adc17-6766-4fbc-a74d-6e15e58d88ae;426.25;10.349;UNKNOWN
2016-04-15T01:47:08.000000;2016-04-15T01:47:08.000000;e7051e3f-e047-4858-ba07-959d5c3bb611;426.39;10.5745;UNKNOWN
2016-04-15T01:47:08.000000;2016-04-15T01:47:08.000000;a796814a-72ec-4b67-a141-7df022b1dc8b;426.03;0.35968255;UNKNOWN
2016-04-15T01:47:08.000000;2016-04-15T01:47:08.000000;fff57cde-afec-4784-955e-99aac7ca3b11;426.99;5.32844463;UNKNOWN
2016-04-15T01:47:08.000000;2016-04-15T01:47:08.000000;17080e2b-28ab-4326-9361-98bfbbb0a9ca;426.98;9.45;UNKNOWN
2016-04-15T01:47:08.000000;2016-04-15T01:47:08.000000;90f9d570-129e-495e-bf3e-44d185424831;426.99;10.0;UNKNOWN
2016-04-15T01:47:08.000000;2016-04-15T01:47:08.000000;d0ce02cd-46c8-42f7-aa8e-b278d6ca7d16;426.03;3.3565;UNKNOWN
2016-04-15T01:47:08.000000;2016-04-15T01:47:08.000000;71c9ae5c-350b-4b71-94d3-30279811eff3;427.0;1.0;UNKNOWN
2016-04-15T01:47:08.000000;2016-04-15T01:47:08.000000;a31a3b97-5e16-4187-b71f-9db257101536;427.0;99.99;UNKNOWN
2016-04-15T01:47:08.000000;2016-04-15T01:47:08.000000;b62fea35-e24c-4c20-b055-05a3b6f9c87e;427.0;62.75272395;UNKNOWN
2016-04-15T01:47:08.000000;2016-04-15T01:47:08.000000;55656a9e-9a62-44e1-9b08-cdaf1764010e;427.0;1.0;UNKNOWN
2016-04-15T01:47:58.000000;2016-04-15T01:47:58.000000;7700e20f-c779-44a9-b523-e91f2d8eebb2;426.75;0.02352011;UNKNOWN
2016-04-15T01:48:09.000000;2016-04-15T01:48:09.000000;e5374ae1-171b-43ea-af90-3a92ea24901d;426.8;0.97778397;UNKNOWN
2016-04-15T01:48:36.000000;2016-04-15T01:48:36.000000;bb1e29f8-e9a7-41b0-bbff-2cbccbbc32d2;426.88;3.0;UNKNOWN
2016-04-15T01:48:36.000000;2016-04-15T01:48:36.000000;d6586111-dc8e-42bd-b36b-f9a2f4abc4dc;426.35;0.1208;UNKNOWN
2016-04-15T01:48:36.000000;2016-04-15T01:48:36.000000;b49a03d1-67e3-46e0-a948-fb67011969a3;426.36;12.0;UNKNOWN
2016-04-15T01:48:36.000000;2016-04-15T01:48:36.000000;7d3bcb74-db2e-47cc-849b-e77fb880833c;426.37;10.1364;UNKNOWN
2016-04-15T01:48:36.000000;2016-04-15T01:48:36.000000;607dd32e-39f2-46fc-af1a-386be4a3e939;426.41;8.5209;UNKNOWN
2016-04-15T01:48:36.000000;2016-04-15T01:48:36.000000;a86f59a0-c9fe-46cc-944c-438c1b89abc3;426.88;6.0;UNKNOWN
2016-04-15T01:48:36.000000;2016-04-15T01:48:36.000000;55adfca4-9f34-4d53-83ae-77151cec6781;426.87;6.9691;UNKNOWN
2016-04-15T01:48:36.000000;2016-04-15T01:48:36.000000;3d573997-fc86-4ef0-b6f0-3fc072ebd043;426.41;2.7328;UNKNOWN
2016-04-15T01:48:36.000000;2016-04-15T01:48:36.000000;520db698-3c0d-41b0-ba6f-16a9384fe18b;426.88;0.5;UNKNOWN
2016-04-15T01:48:41.000000;2016-04-15T01:48:41.000000;dfe8e6fd-6b34-4d19-9deb-91ce757304a4;426.36;3.0;UNKNOWN
2016-04-15T01:48:41.000000;2016-04-15T01:48:41.000000;c38c9cbd-8a9c-430d-ba3d-ab6861b55633;426.36;0.5;UNKNOWN
2016-04-15T01:48:41.000000;2016-04-15T01:48:41.000000;35a70f8c-8bba-4b44-bb5b-6f14e89c0cac;426.35;14.6292;UNKNOWN
2016-04-15T01:48:41.000000;2016-04-15T01:48:41.000000;58f6b58b-34d2-491c-b244-d42f16b395ac;426.36;31.8608;UNKNOWN
2016-04-15T01:49:03.000000;2016-04-15T01:49:03.000000;d6ce03a1-85cc-4e47-8c75-15554f9b9793;426.49;0.07922538;UNKNOWN
2016-04-15T01:49:04.000000;2016-04-15T01:49:04.000000;b5e52b10-e19a-48a6-b2d6-fde4c0389aa3;426.49;0.07922538;UNKNOWN
2016-04-15T01:50:45.000000;2016-04-15T01:50:45.000000;98145903-ff64-468a-9d23-82f5575b8b8f;426.21;1.0;UNKNOWN
2016-04-15T01:53:05.000000;2016-04-15T01:53:05.000000;e4e9de65-2ad1-4f36-b44c-b3d0d6ca4c3e;426.32;1.41520983;UNKNOWN
2016-04-15T01:54:04.000000;2016-04-15T01:54:04.000000;1a9e5ac4-0b57-4b4b-a66b-6b523b4eedbf;426.24;0.15146845;UNKNOWN
2016-04-15T01:54:09.000000;2016-04-15T01:54:09.000000;42fbc81f-d0e4-4f7a-b695-9e8b46e03e71;426.02;18.91724483;UNKNOWN
2016-04-15T01:54:09.000000;2016-04-15T01:54:09.000000;822c40b4-6bad-4464-80d7-04d61fe76908;426.08;12.5;UNKNOWN
2016-04-15T01:54:09.000000;2016-04-15T01:54:09.000000;910003b9-90a9-4776-a615-b35bdbb1ad53;426.02;1.89;UNKNOWN
2016-04-15T01:54:09.000000;2016-04-15T01:54:09.000000;2ef44cba-29af-452d-a4bd-b1bcdeda9928;426.24;6.84863155;UNKNOWN
2016-04-15T01:54:09.000000;2016-04-15T01:54:09.000000;b7effcd3-f8db-476d-a018-67933d5e55e6;426.05;4.0;UNKNOWN
2016-04-15T01:55:09.000000;2016-04-15T01:55:09.000000;1e93e36e-88bc-4ac7-a88a-a4a9a3aaab15;426.22;0.12369664;UNKNOWN
2016-04-15T01:57:10.000000;2016-04-15T01:57:10.000000;47e0f64c-2991-4a0e-bb8b-c540df47a112;426.35;1.0;UNKNOWN
2016-04-15T01:57:26.000000;2016-04-15T01:57:26.000000;c6eea39b-839d-4e28-9999-f80019173668;426.14;0.05806775;UNKNOWN
2016-04-15T01:58:32.000000;2016-04-15T01:58:32.000000;d5ff910f-e1d0-4ae3-9fbc-511eb8752017;426.25;0.29377389;UNKNOWN
2016-04-15T01:59:58.000000;2016-04-15T01:59:58.000000;712820fa-f2da-4ef7-950b-3cc65fb1ab2d;426.39;1.0;UNKNOWN
2016-04-15T02:00:45.000000;2016-04-15T02:00:45.000000;85a4f1d8-5608-4ef9-80e6-4aa01e1836d6;426.39;1.0;UNKNOWN
2016-04-15T02:01:18.000000;2016-04-15T02:01:18.000000;18a3ae2e-8b9e-4cd1-b00a-8b0818eb2dde;426.39;0.04;UNKNOWN
2016-04-15T02:01:36.000000;2016-04-15T02:01:36.000000;4c5e68d2-9813-4fb5-8665-98a674041672;426.39;0.7989;UNKNOWN
2016-04-15T02:01:36.000000;2016-04-15T02:01:36.000000;d5b2d6fb-bc8c-4ed0-99f9-747e3049c887;426.39;0.2011;UNKNOWN
2016-04-15T02:04:22.000000;2016-04-15T02:04:22.000000;2f86c527-2b52-4909-98c5-87fb660d8f03;426.09;0.17628086;UNKNOWN
2016-04-15T02:06:06.000000;2016-04-15T02:06:06.000000;b55e438c-ef57-499b-aa88-cdfdc63f024a;426.09;0.48913807;UNKNOWN
2016-04-15T02:06:23.000000;2016-04-15T02:06:23.000000;8186c448-5605-49bc-80be-5e44465e0808;426.16;0.3124279;UNKNOWN
2016-04-15T02:06:23.000000;2016-04-15T02:06:23.000000;c03ea494-0e0f-4f82-a336-2af9d51dad2b;426.15;0.1;UNKNOWN
2016-04-15T02:06:39.000000;2016-04-15T02:06:39.000000;1863b2b4-4e40-460b-8b5c-69bc605161ca;426.14;1.56386282;UNKNOWN
2016-04-15T02:06:39.000000;2016-04-15T02:06:39.000000;2519c0a5-a6f0-4423-822c-7886c17d573a;426.09;0.40830069;UNKNOWN
2016-04-15T02:06:54.000000;2016-04-15T02:06:54.000000;87f72dbf-e709-4867-a51f-7b79d07b5c1a;426.04;0.40835419;UNKNOWN
2016-04-15T02:06:57.000000;2016-04-15T02:06:57.000000;2aaa15e3-c9ca-4274-9888-8da9c7a31e18;426.01;0.40765769;UNKNOWN
2016-04-15T02:06:57.000000;2016-04-15T02:06:57.000000;141eb8b8-1fd2-451b-bc86-0f982659c83f;426.01;0.40834929;UNKNOWN
2016-04-15T02:07:58.000000;2016-04-15T02:07:58.000000;e7bc5db2-98c7-4daf-9b15-f8a706684c6c;426.17;0.5;UNKNOWN
2016-04-15T02:07:58.000000;2016-04-15T02:07:58.000000;2e2686dd-1f8d-4909-98fc-b837b35ad120;426.17;7.0189;UNKNOWN
2016-04-15T02:07:58.000000;2016-04-15T02:07:58.000000;1a796f49-476c-4bbc-be94-25b18654348f;426.23;1.85097496;UNKNOWN
2016-04-15T02:07:58.000000;2016-04-15T02:07:58.000000;15f28a59-16ba-47b0-890e-eff46ada2eea;426.17;3.0;UNKNOWN
2016-04-15T02:09:36.000000;2016-04-15T02:09:36.000000;fe2c9471-d013-4d57-8776-cf2b4f843b2e;426.35;6.0;UNKNOWN
2016-04-15T02:09:36.000000;2016-04-15T02:09:36.000000;78423bbd-79bf-4312-9d18-7aa9c4493ed6;426.35;3.0;UNKNOWN
2016-04-15T02:09:36.000000;2016-04-15T02:09:36.000000;960a9ef9-7579-4060-a950-934f0ac9125c;426.35;0.5;UNKNOWN
2016-04-15T02:10:37.000000;2016-04-15T02:10:37.000000;3408b917-4aab-4135-955e-0fecf3ed54d0;426.4;4.0;UNKNOWN
2016-04-15T02:10:37.000000;2016-04-15T02:10:37.000000;d2725550-d288-4adf-8f2d-c014c930b4b1;426.4;1.0;UNKNOWN
2016-04-15T02:10:42.000000;2016-04-15T02:10:42.000000;931634ea-f576-48d3-a84d-bc78f0c2666c;426.36;0.19670638;UNKNOWN
2016-04-15T02:10:50.000000;2016-04-15T02:10:50.000000;5e0d1aaf-16d4-441e-8ef0-0187ef2fdabc;426.36;0.19694602;UNKNOWN
2016-04-15T02:11:58.000000;2016-04-15T02:11:58.000000;b40ced3d-a062-43d2-b5b9-f5f4ef9acb11;426.35;0.0329019;UNKNOWN
2016-04-15T02:12:32.000000;2016-04-15T02:12:32.000000;a6984960-5dd1-441d-8c95-8b4562f989d4;426.35;0.15980177;UNKNOWN
2016-04-15T02:13:26.000000;2016-04-15T02:13:26.000000;902360c6-bf73-479f-9b51-a6b2f531b071;426.35;0.131489;UNKNOWN
2016-04-15T02:16:14.000000;2016-04-15T02:16:14.000000;194e4ca1-e0e9-40c5-907f-f777f17c15db;426.43;0.0199;UNKNOWN
2016-04-15T02:16:19.000000;2016-04-15T02:16:19.000000;bfd0d34d-0b27-4856-8d45-76d7146bdabd;426.43;0.043566;UNKNOWN
2016-04-15T02:16:19.000000;2016-04-15T02:16:19.000000;07dc81cd-d110-45c1-96a0-791c4bcc9ef8;426.44;0.206434;UNKNOWN
2016-04-15T02:17:04.000000;2016-04-15T02:17:04.000000;82ff49ab-3d33-4732-bbfe-5da56482d023;426.4;0.6405;UNKNOWN
2016-04-15T02:17:04.000000;2016-04-15T02:17:04.000000;cc80929c-ac54-4c87-aff9-65ecba700a4b;426.4;0.063435;UNKNOWN
2016-04-15T02:17:04.000000;2016-04-15T02:17:04.000000;c5375117-bf03-439b-8b74-864a5faf7ae5;426.43;0.296065;UNKNOWN
2016-04-15T02:17:44.000000;2016-04-15T02:17:44.000000;0479589b-ea0e-4f09-a553-493283199814;426.35;5.0;UNKNOWN
2016-04-15T02:18:05.000000;2016-04-15T02:18:05.000000;ac954c8e-5cbe-4ffd-ab99-ffec5ccc27ee;426.35;7.5;UNKNOWN
2016-04-15T02:18:06.000000;2016-04-15T02:18:06.000000;c0dfafae-d6ee-4bce-9292-a8174b8c950e;426.35;7.5;UNKNOWN
2016-04-15T02:18:06.000000;2016-04-15T02:18:06.000000;626cd153-ac75-4ec6-8787-e509e44e4347;426.35;3.87015;UNKNOWN
2016-04-15T02:18:13.000000;2016-04-15T02:18:13.000000;af07b3f0-b735-4a3e-bc73-b6380e999778;426.35;4.8795;UNKNOWN
2016-04-15T02:18:16.000000;2016-04-15T02:18:16.000000;6531b4b7-6561-48f7-9809-d5b57f0bb320;426.35;14.0;UNKNOWN
2016-04-15T02:18:26.000000;2016-04-15T02:18:26.000000;eefcb8f2-65d9-4f26-a515-3e70907971b1;426.35;2.44;UNKNOWN
2016-04-15T02:18:46.000000;2016-04-15T02:18:46.000000;bee0de7c-4bab-44e4-8f1c-12e9c41ef381;426.35;0.09400104;UNKNOWN
2016-04-15T02:19:04.000000;2016-04-15T02:19:04.000000;ef479356-5428-4443-9896-bf488bec650c;426.38;0.063428;UNKNOWN
2016-04-15T02:19:04.000000;2016-04-15T02:19:04.000000;16484034-40de-4632-b8d8-eddd58301cb8;426.43;0.936572;UNKNOWN
2016-04-15T02:19:21.000000;2016-04-15T02:19:21.000000;972963ae-272c-41b6-a05d-bccbcee62260;426.36;2.0;UNKNOWN
2016-04-15T02:19:30.000000;2016-04-15T02:19:30.000000;4792134d-5fd1-4ebd-b295-c1a87d1d4ca3;426.35;3.0;UNKNOWN
2016-04-15T02:19:35.000000;2016-04-15T02:19:35.000000;59c70e67-fda4-4cc9-9e26-a9802e3ccb8a;426.37;2.341;UNKNOWN
2016-04-15T02:19:37.000000;2016-04-15T02:19:37.000000;48d54241-6613-4e1c-a5a5-8e9cd4e8f052;426.47;0.19;UNKNOWN
2016-04-15T02:19:46.000000;2016-04-15T02:19:46.000000;83ec9028-3bb8-4780-a113-252da9f0a276;426.36;6.504;UNKNOWN
2016-04-15T02:20:00.000000;2016-04-15T02:20:00.000000;5b637919-121a-4231-81d9-6bb1fdffbde0;426.35;1.0;UNKNOWN
2016-04-15T02:20:06.000000;2016-04-15T02:20:06.000000;cb3e831a-4d86-4a3f-becb-33399f0b91c2;426.35;1.30294726;UNKNOWN
2016-04-15T02:20:35.000000;2016-04-15T02:20:35.000000;8abd5d16-9ac1-4eb5-ba6c-ec3796cacf06;426.35;0.99984743;UNKNOWN
2016-04-15T02:20:43.000000;2016-04-15T02:20:43.000000;e8f115f2-debe-4058-a82f-b5787f909a77;426.35;1.0;UNKNOWN
2016-04-15T02:20:46.000000;2016-04-15T02:20:46.000000;cc180dc1-9798-48ec-8f2b-06563550af16;426.35;3.9999;UNKNOWN
2016-04-15T02:21:04.000000;2016-04-15T02:21:04.000000;1be4a9c2-4291-4102-8ecb-88e4972fee84;426.35;3.4;UNKNOWN
2016-04-15T02:22:00.000000;2016-04-15T02:22:00.000000;4e13e435-a94f-46cd-8a14-e343592c930b;426.37;0.295;UNKNOWN
2016-04-15T02:22:07.000000;2016-04-15T02:22:07.000000;a9c61f54-793a-4615-86fe-4191d42e8d4e;426.37;0.7039691;UNKNOWN
2016-04-15T02:22:15.000000;2016-04-15T02:22:15.000000;348a1fdc-3d6f-486a-9ae1-843e2ca1119c;426.37;0.71821595;UNKNOWN
2016-04-15T02:23:32.000000;2016-04-15T02:23:32.000000;a308284a-158c-4ae5-94d7-ad378636085d;426.37;0.32230465;UNKNOWN
2016-04-15T02:23:36.000000;2016-04-15T02:23:36.000000;1ca55c73-8edb-4d78-b75f-730aede2e492;426.37;0.24;UNKNOWN
2016-04-15T02:24:04.000000;2016-04-15T02:24:04.000000;41afe43f-c298-44a0-bdd9-c991c22478d2;426.37;0.15166015;UNKNOWN
2016-04-15T02:25:27.000000;2016-04-15T02:25:27.000000;8f35bd66-4c5e-4627-83f2-eb69c6dbfa87;426.39;1.16119168;UNKNOWN
2016-04-15T02:25:27.000000;2016-04-15T02:25:27.000000;03fb7acc-bf2f-461c-bb59-6a16d08a913b;426.39;0.51715028;UNKNOWN
2016-04-15T02:25:52.000000;2016-04-15T02:25:52.000000;2368a4d4-fe61-4adf-bb05-0d4457549eba;426.39;0.23754864;UNKNOWN
2016-04-15T02:29:42.000000;2016-04-15T02:29:42.000000;9db5f0e0-f54e-4c12-b0f3-25ca98a5540c;426.35;3.03153358;UNKNOWN
2016-04-15T02:30:05.000000;2016-04-15T02:30:05.000000;709c6905-05e7-4866-9d9f-3df4efcd32e5;426.43;0.06507338;UNKNOWN
2016-04-15T02:30:05.000000;2016-04-15T02:30:05.000000;3c074e6e-7ead-4b46-89eb-ad7470026ad4;426.44;0.38;UNKNOWN
2016-04-15T02:30:05.000000;2016-04-15T02:30:05.000000;88c5955d-07d7-4f7d-a0a0-4a6dc0c9650b;426.47;1.46088234;UNKNOWN
2016-04-15T02:30:05.000000;2016-04-15T02:30:05.000000;39c21c8d-bd92-44c0-a7ad-267fb1c1a18f;426.43;0.21835419;UNKNOWN
2016-04-15T02:30:06.000000;2016-04-15T02:30:06.000000;bbeab9c7-78b1-49b4-a4d4-8264d7234c34;426.35;0.34779568;UNKNOWN
2016-04-15T02:30:09.000000;2016-04-15T02:30:09.000000;9045ecd7-7487-4b25-a653-35f9689fb0f0;426.35;0.02177048;UNKNOWN
2016-04-15T02:30:31.000000;2016-04-15T02:30:31.000000;99c58c4e-ac67-41a5-98ba-86b6e603e6e5;426.35;0.03407777;UNKNOWN
2016-04-15T02:33:08.000000;2016-04-15T02:33:08.000000;15bb05f4-1d3f-4c15-a743-385d5a0951d4;426.38;0.02;UNKNOWN
2016-04-15T02:33:12.000000;2016-04-15T02:33:12.000000;9f356f5a-555f-40e5-a374-a55c03e401f1;426.35;0.118157;UNKNOWN
2016-04-15T02:34:32.000000;2016-04-15T02:34:32.000000;db26e3cf-dfb1-45cf-b478-58a167f41e40;426.45;0.08;UNKNOWN
2016-04-15T02:35:26.000000;2016-04-15T02:35:26.000000;fd097614-b788-4eaf-86bc-e89fb63b8914;426.36;0.44424811;UNKNOWN
2016-04-15T02:35:26.000000;2016-04-15T02:35:26.000000;7e333a70-73fa-4219-9b25-2c80b804fbc0;426.45;0.01999999;UNKNOWN
2016-04-15T02:35:32.000000;2016-04-15T02:35:32.000000;3b102c5e-fccf-4e6f-a105-79be351581b3;426.48;0.02171459;UNKNOWN
2016-04-15T02:35:32.000000;2016-04-15T02:35:32.000000;a9993301-2c3b-4b3c-9cbd-a1be5ad33ccb;426.48;0.063432;UNKNOWN
2016-04-15T02:35:32.000000;2016-04-15T02:35:32.000000;a0fe7f0c-6259-42af-b85f-655abe2dd149;426.48;0.31485341;UNKNOWN
2016-04-15T02:36:31.000000;2016-04-15T02:36:31.000000;019503db-e4c5-44ec-ab49-710abccaa534;426.35;0.09368;UNKNOWN
2016-04-15T02:37:23.000000;2016-04-15T02:37:23.000000;32da4008-11b9-48fa-90ac-8c42530a8b9b;426.36;0.02473;UNKNOWN
2016-04-15T02:37:26.000000;2016-04-15T02:37:26.000000;b2cc3b62-9414-477b-a837-4fbac5102273;426.38;0.07891663;UNKNOWN
2016-04-15T02:40:39.000000;2016-04-15T02:40:39.000000;16667b8d-051a-4978-a2be-371d113eeb32;426.35;0.07050407;UNKNOWN
2016-04-15T02:43:48.000000;2016-04-15T02:43:48.000000;1f25dc4f-97d2-4acc-b8bd-719851b0eabc;426.35;2.9985;UNKNOWN
2016-04-15T02:44:04.000000;2016-04-15T02:44:04.000000;ebdd2719-b4e5-43a8-aabe-82c8f5df7ab6;426.35;0.1515194;UNKNOWN
2016-04-15T02:45:48.000000;2016-04-15T02:45:48.000000;0b576057-e6e7-4d12-9e6d-293206e153d2;426.35;0.9995;UNKNOWN
2016-04-15T02:48:32.000000;2016-04-15T02:48:32.000000;700804f2-f5ca-47ca-b1c2-69f83d85a908;426.35;0.1349;UNKNOWN
2016-04-15T02:48:39.000000;2016-04-15T02:48:39.000000;65f70b5a-2d60-458f-b216-e7a699e7016e;426.35;0.05;UNKNOWN
2016-04-15T02:50:06.000000;2016-04-15T02:50:06.000000;84ca75b9-dcfd-47b6-a729-1ce2aa3fd99c;426.35;0.02350191;UNKNOWN
2016-04-15T02:50:28.000000;2016-04-15T02:50:28.000000;5791b1d6-8f99-43ac-a031-2ff7fe309b6d;426.39;0.05656685;UNKNOWN
2016-04-15T02:51:52.000000;2016-04-15T02:51:52.000000;ac5b4157-a4bd-4c62-b734-f3f146ec2fe6;427.06;0.25;UNKNOWN
2016-04-15T02:51:52.000000;2016-04-15T02:51:52.000000;40e27220-345e-4029-9a8a-782ff44f3afa;426.98;20.0;UNKNOWN
2016-04-15T02:51:52.000000;2016-04-15T02:51:52.000000;59759692-39d9-418b-99bf-caf026e99be0;427.1;0.25;UNKNOWN
2016-04-15T02:51:52.000000;2016-04-15T02:51:52.000000;cf8df89b-4751-4fc3-b159-869a50d77410;427.0;1.0;UNKNOWN
2016-04-15T02:51:52.000000;2016-04-15T02:51:52.000000;cfe59403-8677-4e0c-859f-6769b7160e7e;427.01;0.25;UNKNOWN
2016-04-15T02:51:52.000000;2016-04-15T02:51:52.000000;8d011fac-de3b-46a9-9bd2-05d815b9bc5f;427.0;49.99;UNKNOWN
2016-04-15T02:51:52.000000;2016-04-15T02:51:52.000000;d9e24318-dc93-4a49-b1ec-f4c4318fb83c;427.0;7.24727605;UNKNOWN
2016-04-15T02:51:52.000000;2016-04-15T02:51:52.000000;e1f9cf24-ef8b-4946-a496-72deffe2b067;426.81;7.25;UNKNOWN
2016-04-15T02:51:52.000000;2016-04-15T02:51:52.000000;f9a98e34-69e3-4bfc-9f5e-7980ec17e431;426.39;12.94343315;UNKNOWN
2016-04-15T02:51:52.000000;2016-04-15T02:51:52.000000;3d8c1b88-729e-4201-a353-2c0806638d2d;426.49;24.83154924;UNKNOWN
2016-04-15T02:51:52.000000;2016-04-15T02:51:52.000000;61bf7d45-0869-4de7-8d8f-32d7fd957781;426.37;0.38;UNKNOWN
2016-04-15T02:51:52.000000;2016-04-15T02:51:52.000000;87e93125-4341-4b09-8370-8461c79f1fb5;426.99;20.0;UNKNOWN
2016-04-15T02:51:52.000000;2016-04-15T02:51:52.000000;c9147f07-b6a8-4e9c-80ec-fb3b272c2a1a;426.43;6.9814;UNKNOWN
2016-04-15T02:51:52.000000;2016-04-15T02:51:52.000000;f96adac8-1746-42e2-b764-5f0692b79c78;427.19;10.9648;UNKNOWN
2016-04-15T02:51:52.000000;2016-04-15T02:51:52.000000;35a4625b-b11b-41d3-a70e-2d419095ff87;427.15;0.25;UNKNOWN
2016-04-15T02:51:52.000000;2016-04-15T02:51:52.000000;d3a1da49-64fc-4390-aef5-2b54b85d863f;427.0;99.99;UNKNOWN
2016-04-15T02:51:52.000000;2016-04-15T02:51:52.000000;0fe13960-1503-4366-96ac-c1cb38115ee9;427.18;0.25;UNKNOWN
2016-04-15T02:51:52.000000;2016-04-15T02:51:52.000000;8ddafe24-0343-4f22-9eb0-767f50e849a3;426.99;7.14;UNKNOWN
2016-04-15T02:51:52.000000;2016-04-15T02:51:52.000000;05a610b2-6f3f-4a05-80c3-bbbcfecf03a1;427.04;11.1032;UNKNOWN
2016-04-15T02:51:52.000000;2016-04-15T02:51:52.000000;f488a794-97e3-48ef-b040-310517af43cc;427.02;0.25;UNKNOWN
2016-04-15T02:51:52.000000;2016-04-15T02:51:52.000000;5a29a0a8-4c64-4f4d-ba63-227fccbde07e;426.94;11.7285;UNKNOWN
2016-04-15T02:51:52.000000;2016-04-15T02:51:52.000000;31f0789e-e81a-4729-8f96-4e4498a8d2ac;426.99;24.99;UNKNOWN
2016-04-15T02:51:52.000000;2016-04-15T02:51:52.000000;3bcfb3c1-b1bd-41db-b0c5-ca195a2a293e;426.82;11.3702;UNKNOWN
2016-04-15T02:51:52.000000;2016-04-15T02:51:52.000000;4d3e7b02-0d6a-4be3-97f0-f4910213a739;426.43;1.2492;UNKNOWN
2016-04-15T02:51:52.000000;2016-04-15T02:51:52.000000;019fa615-acbe-477e-82a8-9711935372be;426.68;10.9759;UNKNOWN
2016-04-15T02:51:57.000000;2016-04-15T02:51:57.000000;78507284-a011-4119-a712-580078be2876;427.21;0.5;UNKNOWN
2016-04-15T02:51:57.000000;2016-04-15T02:51:57.000000;ba211563-2395-41f0-8125-fe9bfbe77f5b;427.2;16.5;UNKNOWN
2016-04-15T02:51:57.000000;2016-04-15T02:51:57.000000;a87168d1-fc1b-47d6-b2e6-dfb78c253acf;427.21;3.0;UNKNOWN
2016-04-15T02:51:58.000000;2016-04-15T02:51:58.000000;f9228d32-7f44-4ee4-9af9-339733e10736;427.3;0.5;UNKNOWN
2016-04-15T02:51:58.000000;2016-04-15T02:51:58.000000;4ece9f86-36b4-4feb-964a-765acb2c893b;427.3;5.64539933;UNKNOWN
2016-04-15T02:52:10.000000;2016-04-15T02:52:10.000000;3d9fc97d-1eee-4556-a98d-034ff7155118;427.21;0.5222638;UNKNOWN
2016-04-15T02:52:10.000000;2016-04-15T02:52:10.000000;7ce1f033-5f8e-4636-81a3-189a6dec2fcc;427.22;0.5;UNKNOWN
2016-04-15T02:52:14.000000;2016-04-15T02:52:14.000000;acfe5e4f-56f1-4e2d-82c9-d0006cf7c2a0;427.22;0.5;UNKNOWN
2016-04-15T02:52:29.000000;2016-04-15T02:52:29.000000;8534ea47-6278-4903-8c2d-7d6b1c3936f3;427.2;0.272;UNKNOWN
2016-04-15T02:52:34.000000;2016-04-15T02:52:34.000000;fde00a88-dcb2-46b4-9422-abbfb9eae85a;427.2;0.272;UNKNOWN
2016-04-15T02:52:35.000000;2016-04-15T02:52:35.000000;00d2f99e-c65e-458b-b8b8-fe61ef8a23fc;427.21;0.272;UNKNOWN
2016-04-15T02:52:39.000000;2016-04-15T02:52:39.000000;620339c3-e604-4d49-a4ae-1f809e660739;427.2;0.04700382;UNKNOWN
2016-04-15T02:52:41.000000;2016-04-15T02:52:41.000000;eb278bb8-02f8-4fcd-87de-96cf816efd2e;427.27;10.8698;UNKNOWN
2016-04-15T02:52:41.000000;2016-04-15T02:52:41.000000;2930390e-74d6-4205-9c7d-2b9630d8f194;427.29;8.58;UNKNOWN
2016-04-15T02:52:41.000000;2016-04-15T02:52:41.000000;da1c4dee-6083-49c7-8276-647b0bd4e513;427.3;6.3702;UNKNOWN
2016-04-15T02:52:41.000000;2016-04-15T02:52:41.000000;9592cff2-b28e-4bc8-b0a4-d14d4d69ccaa;427.22;0.25;UNKNOWN
2016-04-15T02:52:41.000000;2016-04-15T02:52:41.000000;e59c5ca6-504a-4c30-924b-8e98f00c6f7e;427.28;15.93;UNKNOWN
2016-04-15T02:53:04.000000;2016-04-15T02:53:04.000000;a19f1fe1-d648-4671-9000-36dc1f204b6d;427.2;0.61526843;UNKNOWN
2016-04-15T02:53:04.000000;2016-04-15T02:53:04.000000;b1327e0d-766e-4409-8200-2a5edc550392;427.2;0.03450023;UNKNOWN
2016-04-15T02:53:36.000000;2016-04-15T02:53:36.000000;72b43d26-5233-4ca5-bd6b-db58d5f9e8a2;427.2;1.0;UNKNOWN
2016-04-15T02:55:15.000000;2016-04-15T02:55:15.000000;08170166-552d-4cd7-91a8-5d6fcf10f05f;427.26;0.556;UNKNOWN
2016-04-15T02:55:21.000000;2016-04-15T02:55:21.000000;e33de92b-1944-4987-b676-cb0c14ddbbcd;427.26;0.88168;UNKNOWN
2016-04-15T02:56:02.000000;2016-04-15T02:56:02.000000;ebb11c65-6b43-4f9c-91e7-3104343ebdb9;427.5;0.09162238;UNKNOWN
2016-04-15T02:56:02.000000;2016-04-15T02:56:02.000000;3e83161b-b3fb-4c77-8193-39e29ac66531;427.69;12.9629;UNKNOWN
2016-04-15T02:56:02.000000;2016-04-15T02:56:02.000000;c05048e2-05c5-4e6b-8511-cd81e0ce91e6;427.57;13.8672;UNKNOWN
2016-04-15T02:56:02.000000;2016-04-15T02:56:02.000000;d65e886b-2f7a-46cc-9c86-992c68c0170a;427.69;5.01973512;UNKNOWN
2016-04-15T02:56:02.000000;2016-04-15T02:56:02.000000;7d625460-575a-4c7d-a1dd-172738e9359a;427.65;0.25;UNKNOWN
2016-04-15T02:56:02.000000;2016-04-15T02:56:02.000000;1fa6010d-86eb-4d07-9dd2-6ce849dd09ba;427.68;3.0;UNKNOWN
2016-04-15T02:56:02.000000;2016-04-15T02:56:02.000000;18700b1b-28e7-4b93-9254-1edb47410183;427.52;0.2;UNKNOWN
2016-04-15T02:56:02.000000;2016-04-15T02:56:02.000000;72cd5465-48ce-4fbe-a05a-8bfaab28eac6;427.49;10.0;UNKNOWN
2016-04-15T02:56:02.000000;2016-04-15T02:56:02.000000;aa76f64d-ced5-4500-87f4-11ceee93cb0a;427.65;0.01;UNKNOWN
2016-04-15T02:56:02.000000;2016-04-15T02:56:02.000000;2b8361f4-ceb2-411e-8b9d-597cc093df99;427.4;10.0;UNKNOWN
2016-04-15T02:56:02.000000;2016-04-15T02:56:02.000000;08715e4f-58c3-4d27-8d6d-1a63badb1490;427.49;4.99896379;UNKNOWN
2016-04-15T02:56:02.000000;2016-04-15T02:56:02.000000;4c18f694-53f3-4906-b4ac-9ac9bc8a3d3b;427.49;24.99;UNKNOWN
2016-04-15T02:56:02.000000;2016-04-15T02:56:02.000000;3f818a9e-6d67-4747-bb33-eea2d75db873;427.7;10.0;UNKNOWN
2016-04-15T02:56:02.000000;2016-04-15T02:56:02.000000;40b35522-1312-4da9-a86f-712300a5e542;427.5;50.0;UNKNOWN
2016-04-15T02:56:02.000000;2016-04-15T02:56:02.000000;6c9b2c52-7673-40e8-b6a3-ba4fa425ecf5;427.34;1.6365;UNKNOWN
2016-04-15T02:56:02.000000;2016-04-15T02:56:02.000000;76873974-e9ac-4ed1-ab79-ed052d1ce704;427.48;12.5;UNKNOWN
2016-04-15T02:56:02.000000;2016-04-15T02:56:02.000000;03bc5a53-c9a1-4f23-b7a6-32757e99cccf;427.33;0.5;UNKNOWN
2016-04-15T02:56:02.000000;2016-04-15T02:56:02.000000;8711e7af-76c6-40f4-af65-8aa505e171b1;427.44;11.3937;UNKNOWN
2016-04-15T02:56:02.000000;2016-04-15T02:56:02.000000;5ed181b3-f93c-46d4-bb3d-b687ac5781e5;427.32;6.972;UNKNOWN
2016-04-15T02:56:02.000000;2016-04-15T02:56:02.000000;28700aa9-0f14-4c6f-8f41-6274a90efe62;427.5;9.0;UNKNOWN
2016-04-15T02:56:02.000000;2016-04-15T02:56:02.000000;cc045bbf-10c4-4a9f-ac49-f5ca738efc30;427.27;1.0;UNKNOWN
2016-04-15T02:56:02.000000;2016-04-15T02:56:02.000000;a4b85a78-999a-4070-b5af-e17ceb407818;427.36;11.4989;UNKNOWN
2016-04-15T02:56:02.000000;2016-04-15T02:56:02.000000;4b80a78c-21e1-47da-b6e2-ad4df996e307;427.31;0.01;UNKNOWN
2016-04-15T02:56:02.000000;2016-04-15T02:56:02.000000;b8748313-46ff-4c1b-9cbc-744f3e4c21a5;427.39;0.25;UNKNOWN
2016-04-15T02:56:02.000000;2016-04-15T02:56:02.000000;980b04a5-d597-4f5a-bd41-710438c2ba8f;427.39;0.25;UNKNOWN
2016-04-15T02:56:02.000000;2016-04-15T02:56:02.000000;e800dc99-5f8c-42d6-82d6-0fa084d2853b;427.32;15.9119;UNKNOWN
2016-04-15T02:56:02.000000;2016-04-15T02:56:02.000000;d49172f6-895b-4e2a-a7ab-76c1447f94ec;427.4;25.0;UNKNOWN
2016-04-15T02:56:02.000000;2016-04-15T02:56:02.000000;9e314ca6-243b-4609-aa5f-a85c69493047;427.47;0.25;UNKNOWN
2016-04-15T02:56:02.000000;2016-04-15T02:56:02.000000;ae2e2cea-4633-47b4-afcf-661ff893dd3e;427.3;0.29;UNKNOWN
2016-04-15T02:56:02.000000;2016-04-15T02:56:02.000000;0a29ed18-5b70-4b2d-a79e-bef6b01668bc;427.36;1.6365;UNKNOWN
2016-04-15T02:56:08.000000;2016-04-15T02:56:08.000000;15b995ba-0a1e-4fd6-ba62-1cf705509d69;427.75;0.50795891;UNKNOWN
2016-04-15T02:56:08.000000;2016-04-15T02:56:08.000000;53a18c13-28e8-41ac-a925-553619191516;427.75;8.24831506;UNKNOWN
2016-04-15T02:56:09.000000;2016-04-15T02:56:09.000000;f8070acf-81fc-41d1-abbd-1264cf1da93f;427.8;23.04831506;UNKNOWN
2016-04-15T02:56:09.000000;2016-04-15T02:56:09.000000;e95d0df6-9365-4224-a492-7aaf34e5421f;427.73;26.75168494;UNKNOWN
2016-04-15T02:56:09.000000;2016-04-15T02:56:09.000000;347c5891-cb43-401e-a6ed-6d9a854c1b5a;427.76;0.2;UNKNOWN
2016-04-15T02:56:09.000000;2016-04-15T02:56:09.000000;80b8d72b-9e43-45df-84a1-3822c914e4e3;427.72;0.317;UNKNOWN
2016-04-15T02:56:13.000000;2016-04-15T02:56:13.000000;d90b2921-6db7-4d30-be3b-d2dfc05a4035;427.73;0.032;UNKNOWN
2016-04-15T02:56:17.000000;2016-04-15T02:56:17.000000;7762ccca-eef2-4ce5-b292-6f81124b4410;427.73;1.0;UNKNOWN
2016-04-15T02:56:18.000000;2016-04-15T02:56:18.000000;882a6ab0-5d6b-452e-b34d-f9b48d9dfa14;427.75;1.0;UNKNOWN
2016-04-15T02:56:21.000000;2016-04-15T02:56:21.000000;e2594895-be64-4dbe-b5e7-074301f9f3c3;427.73;0.09345099;UNKNOWN
2016-04-15T02:56:21.000000;2016-04-15T02:56:21.000000;6a1f3144-bb1f-4f5b-b902-c84dc711b7e0;427.74;0.01635901;UNKNOWN
2016-04-15T02:56:25.000000;2016-04-15T02:56:25.000000;b11c353e-1bf8-41d1-8d2b-52b98213c315;427.74;0.01635;UNKNOWN
2016-04-15T02:56:27.000000;2016-04-15T02:56:27.000000;b6e61e83-a67b-4eae-b9fc-6b885b37ed4e;427.8;1.95168494;UNKNOWN
2016-04-15T02:56:27.000000;2016-04-15T02:56:27.000000;ce9a5810-299c-4399-bb4f-e7a0a599f2ae;427.9;48.04831506;UNKNOWN
2016-04-15T02:56:29.000000;2016-04-15T02:56:29.000000;c5e4b7be-6a82-4288-989f-d55e6e456038;427.74;0.377;UNKNOWN
2016-04-15T02:56:34.000000;2016-04-15T02:56:34.000000;03211c63-91e5-426f-a1b8-7935d058b0b4;427.8;0.48364;UNKNOWN
2016-04-15T02:56:38.000000;2016-04-15T02:56:38.000000;4347d320-6012-44ad-8a64-012f7632ac6e;427.81;0.34;UNKNOWN
2016-04-15T02:56:42.000000;2016-04-15T02:56:42.000000;dbd6b9e5-082d-4be1-9833-1a403e863579;427.9;0.159;UNKNOWN
2016-04-15T02:56:46.000000;2016-04-15T02:56:46.000000;c88ceca0-dd6c-4bc8-9cde-ef9314713c32;427.9;0.574;UNKNOWN
2016-04-15T02:56:51.000000;2016-04-15T02:56:51.000000;7587c43b-bb5a-4b87-b692-392cdae392f9;427.9;0.296;UNKNOWN
2016-04-15T02:56:53.000000;2016-04-15T02:56:53.000000;40f450ec-0bdf-40bd-b8b9-227fce857c57;427.94;2.31771152;UNKNOWN
2016-04-15T02:56:53.000000;2016-04-15T02:56:53.000000;77658275-bf43-4bc3-bfac-b32a64b2cccf;427.92;0.18228848;UNKNOWN
2016-04-15T02:56:54.000000;2016-04-15T02:56:54.000000;4a6b2892-506e-4963-99f6-af86860e3825;427.94;2.5;UNKNOWN
2016-04-15T02:56:55.000000;2016-04-15T02:56:55.000000;6814e413-cdb5-479c-8923-126fc7993833;427.91;0.6;UNKNOWN
2016-04-15T02:56:59.000000;2016-04-15T02:56:59.000000;b741e1f3-b13f-442a-9867-54e17cfc75a7;427.91;0.01;UNKNOWN
2016-04-15T02:57:04.000000;2016-04-15T02:57:04.000000;74ca5f5d-1366-4854-b105-6fdfab5bda97;427.92;0.04;UNKNOWN
2016-04-15T02:57:06.000000;2016-04-15T02:57:06.000000;bc67c9e5-b51d-4a2e-b991-1bd54f2c8ab2;427.92;0.011;UNKNOWN
2016-04-15T02:57:09.000000;2016-04-15T02:57:09.000000;3ca078e1-b98c-4227-8394-5701fd63462f;427.92;0.183;UNKNOWN
2016-04-15T02:57:14.000000;2016-04-15T02:57:14.000000;d6f69a67-eecf-4f95-958f-855a897424eb;427.92;0.026;UNKNOWN
2016-04-15T02:57:18.000000;2016-04-15T02:57:18.000000;2be5d810-bed3-4ac7-8ef7-a5964931c64d;427.92;0.026;UNKNOWN
2016-04-15T02:57:22.000000;2016-04-15T02:57:22.000000;5130bb2a-c48a-4b3b-9ca9-b8707fdbac2e;427.92;0.092;UNKNOWN
2016-04-15T02:57:26.000000;2016-04-15T02:57:26.000000;b6e05e9a-d15c-4aee-bf74-3acdddd26c15;427.92;0.082;UNKNOWN
2016-04-15T02:57:30.000000;2016-04-15T02:57:30.000000;b29f33d8-499e-4952-b057-1f9aee4900e0;427.93;5.0;UNKNOWN
2016-04-15T02:57:30.000000;2016-04-15T02:57:30.000000;377bc0de-f793-4be6-ada7-d8690c7cff20;427.92;0.026;UNKNOWN
2016-04-15T02:57:35.000000;2016-04-15T02:57:35.000000;d146df20-dcd4-49c2-9253-23a16a389226;427.92;0.026;UNKNOWN
2016-04-15T02:57:38.000000;2016-04-15T02:57:38.000000;e2d5441d-915a-4441-94ee-315a67f3fa7c;427.92;0.399;UNKNOWN
2016-04-15T02:57:43.000000;2016-04-15T02:57:43.000000;735f710b-75f7-4056-b609-e546aa8ea267;427.92;0.451;UNKNOWN
2016-04-15T02:57:47.000000;2016-04-15T02:57:47.000000;047022b1-1348-4c1c-bf2a-fcbef5bb25e6;427.92;0.086;UNKNOWN
2016-04-15T02:57:51.000000;2016-04-15T02:57:51.000000;11bb73c4-a563-4e88-93cc-e3d44ef4f77c;427.92;0.186;UNKNOWN
2016-04-15T02:57:55.000000;2016-04-15T02:57:55.000000;a2c235e0-f090-4f05-ad6a-f8251f51345b;427.92;0.23;UNKNOWN
2016-04-15T02:57:57.000000;2016-04-15T02:57:57.000000;f1cfcad8-2966-437b-9648-609c9bd2699c;427.92;0.2338;UNKNOWN
2016-04-15T02:57:59.000000;2016-04-15T02:57:59.000000;ecea418f-80aa-4c26-8eb2-0aef29af06ff;427.92;1.0;UNKNOWN
2016-04-15T02:58:04.000000;2016-04-15T02:58:04.000000;afb5df74-b624-46a4-b440-4ecdbd83807e;427.92;0.08369;UNKNOWN
2016-04-15T02:58:07.000000;2016-04-15T02:58:07.000000;f566b5f0-3190-4a07-bac0-158045fbd5b9;427.93;0.7799;UNKNOWN
2016-04-15T02:58:07.000000;2016-04-15T02:58:07.000000;2cbf300c-6e63-45f1-b2b0-5192d30152a8;427.93;6.9253;UNKNOWN
2016-04-15T02:58:07.000000;2016-04-15T02:58:07.000000;085871d9-378b-4e18-b1d9-2ff16083c069;427.93;46.84968494;UNKNOWN
2016-04-15T02:58:07.000000;2016-04-15T02:58:07.000000;747d79ca-4141-4b92-805c-58176ff3c32d;427.93;16.7862;UNKNOWN
2016-04-15T02:58:07.000000;2016-04-15T02:58:07.000000;7e34b1dc-dfa3-4e39-a25d-b13145ba2ddc;427.95;28.65891506;UNKNOWN
2016-04-15T02:58:09.000000;2016-04-15T02:58:09.000000;26601c8e-4a53-4b1b-9302-e524e474eac5;427.92;0.01;UNKNOWN
2016-04-15T02:58:13.000000;2016-04-15T02:58:13.000000;2d14937d-d22b-457a-a867-8d9ff168fbeb;427.93;0.01;UNKNOWN
2016-04-15T02:58:17.000000;2016-04-15T02:58:17.000000;9f0d69b9-d0db-4839-b4e1-d409da4c0ce4;427.93;0.01;UNKNOWN
2016-04-15T02:58:19.000000;2016-04-15T02:58:19.000000;0c247bef-f8a4-4cae-b5a4-19e2ec62cef8;427.93;8.85;UNKNOWN
2016-04-15T02:58:21.000000;2016-04-15T02:58:21.000000;66ed1a6e-f574-4db7-a160-4f87d36a113e;427.93;0.187;UNKNOWN
2016-04-15T02:58:21.000000;2016-04-15T02:58:21.000000;970c039e-db8b-4238-a58b-94cdd81f6336;427.93;1.0;UNKNOWN
2016-04-15T02:58:25.000000;2016-04-15T02:58:25.000000;9aaee19c-4eeb-464d-b1ca-3cda9528610d;427.93;0.831;UNKNOWN
2016-04-15T02:58:31.000000;2016-04-15T02:58:31.000000;09c51781-02e7-4233-a2ec-ffff383d6277;427.93;0.39593;UNKNOWN
2016-04-15T02:58:35.000000;2016-04-15T02:58:35.000000;8292c573-7a8d-4fcb-b156-c65d080582b5;427.93;0.46;UNKNOWN
2016-04-15T02:58:39.000000;2016-04-15T02:58:39.000000;5dce1e8e-85d8-449e-a257-fe45e278aa2d;427.93;0.123;UNKNOWN
2016-04-15T02:58:43.000000;2016-04-15T02:58:43.000000;cdbe3f40-8506-454a-ab65-f6f23d5ad36e;427.93;0.074;UNKNOWN
2016-04-15T02:58:47.000000;2016-04-15T02:58:47.000000;7b4fe7bf-8a03-4919-b1df-072f35989c34;427.92;0.37431;UNKNOWN
2016-04-15T02:58:47.000000;2016-04-15T02:58:47.000000;1d1f3f93-8d74-47f5-be91-ea5c4c745122;427.91;0.10269;UNKNOWN
2016-04-15T02:58:51.000000;2016-04-15T02:58:51.000000;5df373a5-858e-4280-8ec1-e2c5ff55389c;427.93;0.03;UNKNOWN
2016-04-15T02:58:56.000000;2016-04-15T02:58:56.000000;7731a8a3-0fef-416d-b080-0d96e7d82c6d;427.93;0.012;UNKNOWN
2016-04-15T02:59:00.000000;2016-04-15T02:59:00.000000;e9b9b165-872d-4473-b2a8-8b248afec84e;427.93;1.0;UNKNOWN
2016-04-15T02:59:05.000000;2016-04-15T02:59:05.000000;f7f91937-204c-44a4-b60f-678894fcb84f;427.93;0.303;UNKNOWN
2016-04-15T02:59:09.000000;2016-04-15T02:59:09.000000;5da19563-6bde-4aef-9387-0f910c6b30e5;427.93;0.317;UNKNOWN
2016-04-15T02:59:13.000000;2016-04-15T02:59:13.000000;1dc67c2c-0536-401c-a216-df69e5034cee;427.93;0.122;UNKNOWN
2016-04-15T02:59:16.000000;2016-04-15T02:59:16.000000;b046a3be-2a63-43b6-bac8-fbd40e322fa2;427.93;0.3;UNKNOWN
2016-04-15T02:59:17.000000;2016-04-15T02:59:17.000000;d388dda1-1bd7-490b-a990-3b74e4a73f0f;427.93;0.541;UNKNOWN
2016-04-15T02:59:22.000000;2016-04-15T02:59:22.000000;4f3e80f1-0547-4544-aecc-636308fef7e4;427.93;0.87921;UNKNOWN
2016-04-15T02:59:26.000000;2016-04-15T02:59:26.000000;799f306d-4d48-4cdd-9e1b-39e851f0d76b;427.93;1.0;UNKNOWN
2016-04-15T02:59:26.000000;2016-04-15T02:59:26.000000;55e62c6a-3378-49c6-bc4c-69779fa67e5b;427.93;0.499921;UNKNOWN
2016-04-15T02:59:30.000000;2016-04-15T02:59:30.000000;fa186d28-fcc6-4307-9a74-99235dd54c41;427.93;0.45522;UNKNOWN
2016-04-15T02:59:34.000000;2016-04-15T02:59:34.000000;21d9c014-5c28-4e70-8ff8-8e4e458c687f;427.93;0.754;UNKNOWN
2016-04-15T02:59:41.000000;2016-04-15T02:59:41.000000;91009547-66c6-4b02-917a-25722fac96f9;427.93;0.329;UNKNOWN
2016-04-15T02:59:44.000000;2016-04-15T02:59:44.000000;6ec2c3ad-9fec-4808-a035-0356cb00ceca;427.93;0.408;UNKNOWN
2016-04-15T02:59:49.000000;2016-04-15T02:59:49.000000;e7108cdf-0be4-4583-a26d-d45c01900274;427.93;1.0;UNKNOWN
2016-04-15T02:59:53.000000;2016-04-15T02:59:53.000000;c1510602-dcd1-49a0-960f-f821b4eb5656;427.93;0.026;UNKNOWN
2016-04-15T02:59:57.000000;2016-04-15T02:59:57.000000;da092a6d-b406-4279-adaa-d6aa8fcf4dd5;427.93;1.0;UNKNOWN
2016-04-15T03:00:02.000000;2016-04-15T03:00:02.000000;d9d063f5-e4c0-449c-afab-a1a61c31d680;427.94;0.07724686;UNKNOWN
2016-04-15T03:00:02.000000;2016-04-15T03:00:02.000000;773e9681-3611-45f5-9b08-654356259f4b;427.93;0.82262;UNKNOWN
2016-04-15T03:00:06.000000;2016-04-15T03:00:06.000000;efccd4ce-c530-4a53-aeb7-38db49195d71;427.93;0.334;UNKNOWN
2016-04-15T03:00:10.000000;2016-04-15T03:00:10.000000;3d70ba20-e0a7-4c3e-9f0c-8d58027f5db0;427.93;0.779;UNKNOWN
2016-04-15T03:00:12.000000;2016-04-15T03:00:12.000000;81a85146-4b07-4c05-ab20-4c1b7d6bb95f;427.93;0.2338;UNKNOWN
2016-04-15T03:00:14.000000;2016-04-15T03:00:14.000000;f6f2a31c-fcf9-4753-a63a-76a91a55bf3f;427.93;0.34354;UNKNOWN
2016-04-15T03:00:15.000000;2016-04-15T03:00:15.000000;f07f2027-64fb-4f94-a57e-7fda961dcc14;427.94;15.7;UNKNOWN
2016-04-15T03:00:18.000000;2016-04-15T03:00:18.000000;9234a01c-4dc2-423c-87e9-e275a1168dcf;427.93;0.674;UNKNOWN
2016-04-15T03:00:22.000000;2016-04-15T03:00:22.000000;4faa1421-21ae-4c83-9c85-e1498025ec03;427.93;0.362;UNKNOWN
2016-04-15T03:00:23.000000;2016-04-15T03:00:23.000000;774069c0-81c9-455c-9a25-cc25351971db;427.93;0.76809;UNKNOWN
2016-04-15T03:00:27.000000;2016-04-15T03:00:27.000000;3a5f55c3-5e07-416d-b28d-b8b348454e49;427.93;0.19;UNKNOWN
2016-04-15T03:00:28.000000;2016-04-15T03:00:28.000000;9d914663-161a-4e3b-bcce-84d130e7a2cd;427.93;0.139;UNKNOWN
2016-04-15T03:00:33.000000;2016-04-15T03:00:33.000000;cef6b08d-afe8-4700-961e-00dee46f2200;427.93;1.0;UNKNOWN
2016-04-15T03:00:38.000000;2016-04-15T03:00:38.000000;d81d8637-a963-4c49-a49a-723abb895e5c;427.93;0.3159;UNKNOWN
2016-04-15T03:00:42.000000;2016-04-15T03:00:42.000000;f03571bc-6fb9-45e2-aeae-01ed374d2331;427.93;0.087;UNKNOWN
2016-04-15T03:00:47.000000;2016-04-15T03:00:47.000000;ddc91579-3f39-43fd-b185-9401b416021a;427.93;0.03;UNKNOWN
2016-04-15T03:00:50.000000;2016-04-15T03:00:50.000000;778668e3-26c3-4589-aabb-433dc65d1114;427.94;0.27614686;UNKNOWN
2016-04-15T03:00:50.000000;2016-04-15T03:00:50.000000;3744e4c0-9f17-44db-9624-bee45b9304d4;427.94;4.72385314;UNKNOWN
2016-04-15T03:00:52.000000;2016-04-15T03:00:52.000000;86330faa-f1e9-4ecb-9922-1eb541de60e9;427.93;0.192;UNKNOWN
2016-04-15T03:00:56.000000;2016-04-15T03:00:56.000000;59ea16b1-f185-4b7f-abcb-762f6f3b9371;427.94;0.49;UNKNOWN
2016-04-15T03:00:57.000000;2016-04-15T03:00:57.000000;76a4c65a-be45-42ee-9177-c5cf3a364e40;427.93;0.198;UNKNOWN
2016-04-15T03:01:03.000000;2016-04-15T03:01:03.000000;7cb31320-662a-4723-9128-450975533e6a;427.93;0.188;UNKNOWN
2016-04-15T03:01:08.000000;2016-04-15T03:01:08.000000;0720f466-5108-4962-baac-bc60a1ad30df;427.93;0.131;UNKNOWN
2016-04-15T03:01:13.000000;2016-04-15T03:01:13.000000;3f254943-f741-4f6a-a2db-65d2832a92f0;427.93;1.0;UNKNOWN
2016-04-15T03:01:18.000000;2016-04-15T03:01:18.000000;bbf4d4c9-47e1-4e4a-8f18-d3f91e92181e;427.93;0.543;UNKNOWN
2016-04-15T03:01:27.000000;2016-04-15T03:01:27.000000;d96c42e6-fac9-4c1f-bdf5-9f9408570af5;427.93;0.136;UNKNOWN
2016-04-15T03:01:32.000000;2016-04-15T03:01:32.000000;f0abe939-7dbf-4924-ade0-c9dc96edf09d;427.93;0.358;UNKNOWN
2016-04-15T03:01:34.000000;2016-04-15T03:01:34.000000;a354d2a6-8b22-43d2-988f-e1de6f8028b9;427.93;12.9923995;UNKNOWN
2016-04-15T03:01:36.000000;2016-04-15T03:01:36.000000;fe7966b3-c09e-4bcd-b1b1-a8ca02f463f9;427.91;0.278;UNKNOWN
2016-04-15T03:01:42.000000;2016-04-15T03:01:42.000000;a4eb53d0-7a4b-4d33-9b29-79baa7d00f78;427.92;0.01;UNKNOWN
2016-04-15T03:01:42.000000;2016-04-15T03:01:42.000000;625a1e05-42cc-4167-94a2-0b2f4ea95686;427.91;0.154;UNKNOWN
2016-04-15T03:01:49.000000;2016-04-15T03:01:49.000000;b763c685-6b26-4ca0-ab5d-9d03c71b8914;427.91;0.056;UNKNOWN
2016-04-15T03:01:52.000000;2016-04-15T03:01:52.000000;333f8aa0-8387-43fe-a0c8-65b59a368490;427.92;0.01;UNKNOWN
2016-04-15T03:01:54.000000;2016-04-15T03:01:54.000000;c60e1a96-0379-4ef2-b50c-04135cca87e7;427.91;0.168;UNKNOWN
2016-04-15T03:01:59.000000;2016-04-15T03:01:59.000000;85186ca9-c908-4458-93b0-ef09a5630805;427.91;0.01;UNKNOWN
2016-04-15T03:02:02.000000;2016-04-15T03:02:02.000000;d6501422-25c6-4b8b-a575-e8dac5b287f0;427.91;0.5;UNKNOWN
2016-04-15T03:02:06.000000;2016-04-15T03:02:06.000000;5981f8a4-72b5-476c-b3b0-341f7a472f0b;427.91;0.246;UNKNOWN
2016-04-15T03:02:06.000000;2016-04-15T03:02:06.000000;ea0b214b-f18a-49da-838b-4cc69e07565a;427.91;0.12948488;UNKNOWN
2016-04-15T03:02:09.000000;2016-04-15T03:02:09.000000;0db390af-b75f-4568-ba84-e4a7afd700a1;427.86;0.3808;UNKNOWN
2016-04-15T03:02:09.000000;2016-04-15T03:02:09.000000;e1849716-edbe-405d-91a7-cd80f3c058a3;427.85;6.9692;UNKNOWN
2016-04-15T03:02:09.000000;2016-04-15T03:02:09.000000;13385dba-e1a1-4423-9b81-cf98fa01ed4d;427.85;3.0;UNKNOWN
2016-04-15T03:02:12.000000;2016-04-15T03:02:12.000000;9a2dbb12-5a87-4ccf-816c-e39caba8abf0;427.84;0.01;UNKNOWN
2016-04-15T03:02:12.000000;2016-04-15T03:02:12.000000;dac0ecd0-2fdc-4e45-930d-8e6145bb2ff2;427.77;0.131;UNKNOWN
2016-04-15T03:02:13.000000;2016-04-15T03:02:13.000000;3e6ffc0b-0c0a-45fb-b34d-8ae15cfdddbd;427.86;3.0;UNKNOWN
2016-04-15T03:02:17.000000;2016-04-15T03:02:17.000000;9767533a-93d1-41d6-9cb4-9e7b158b227b;427.77;0.042;UNKNOWN
2016-04-15T03:02:22.000000;2016-04-15T03:02:22.000000;ea4a17f7-e67f-456b-92a3-717b51c2d4ca;427.77;0.013;UNKNOWN
2016-04-15T03:02:25.000000;2016-04-15T03:02:25.000000;9f76fdb6-4aca-4726-ba2b-c358d9e664ea;427.93;2.0076005;UNKNOWN
2016-04-15T03:02:25.000000;2016-04-15T03:02:25.000000;58dddcd3-8682-4d3b-8456-764e54a212b6;427.99;5.0;UNKNOWN
2016-04-15T03:02:25.000000;2016-04-15T03:02:25.000000;e41f72b6-3c30-4ec7-afe7-b5e8e0e50c9d;427.98;10.0;UNKNOWN
2016-04-15T03:02:25.000000;2016-04-15T03:02:25.000000;0630f2bc-a993-4647-a4b0-3e5d0b1c0479;427.92;12.5;UNKNOWN
2016-04-15T03:02:25.000000;2016-04-15T03:02:25.000000;eaa3341a-1d9f-4d46-9008-6a459da285a8;427.99;24.99;UNKNOWN
2016-04-15T03:02:25.000000;2016-04-15T03:02:25.000000;ea74e449-811f-4ba1-9fc1-53417c951a05;427.98;10.0;UNKNOWN
2016-04-15T03:02:25.000000;2016-04-15T03:02:25.000000;8df9af1a-b667-4f5d-944f-1d351beeba4f;427.98;10.0;UNKNOWN
2016-04-15T03:02:25.000000;2016-04-15T03:02:25.000000;6fadcb1e-0390-4f04-9bf9-757908ecc2fb;427.92;8.03;UNKNOWN
2016-04-15T03:02:25.000000;2016-04-15T03:02:25.000000;e63e0993-a022-4070-9858-b0a48ea76767;427.99;100.0;UNKNOWN
2016-04-15T03:02:25.000000;2016-04-15T03:02:25.000000;023542e9-2d26-4c74-847a-e04bc2136186;428.0;0.3778118;UNKNOWN
2016-04-15T03:02:25.000000;2016-04-15T03:02:25.000000;b16ecf69-a942-4ff5-b902-7a3e66aa8646;427.99;0.09433926;UNKNOWN
2016-04-15T03:02:25.000000;2016-04-15T03:02:25.000000;d118bd33-ca69-4410-a876-cd35ce581e52;427.98;10.0;UNKNOWN
2016-04-15T03:02:25.000000;2016-04-15T03:02:25.000000;c5f0ab92-22d5-4adc-a8cb-cee04a6a3ccd;428.0;0.2;UNKNOWN
2016-04-15T03:02:25.000000;2016-04-15T03:02:25.000000;dadcfd39-cfea-447a-aff2-7f7fd5658ba5;428.0;1.0;UNKNOWN
2016-04-15T03:02:25.000000;2016-04-15T03:02:25.000000;561da5aa-cad1-4de7-9c1c-658d91dd6aaa;428.0;10.0;UNKNOWN
2016-04-15T03:02:25.000000;2016-04-15T03:02:25.000000;a931695c-4000-42d0-b9d0-dc8242b3debc;427.99;5.0;UNKNOWN
2016-04-15T03:02:25.000000;2016-04-15T03:02:25.000000;f254d52e-ffcb-4a5f-b373-bcbf1e9ce950;428.0;26.7714635;UNKNOWN
2016-04-15T03:02:25.000000;2016-04-15T03:02:25.000000;878ffd6d-df6f-4820-a874-471d57cbb614;427.86;7.7226;UNKNOWN
2016-04-15T03:02:25.000000;2016-04-15T03:02:25.000000;e14fd0fc-990a-4ab8-9621-88696dd4b1cb;427.85;18.4734;UNKNOWN
2016-04-15T03:02:25.000000;2016-04-15T03:02:25.000000;4b08f168-12ab-4ed9-99ab-303c14d5aac4;427.96;50.0;UNKNOWN
2016-04-15T03:02:25.000000;2016-04-15T03:02:25.000000;0950c440-0543-40f4-a998-75b74d6d63d0;427.96;0.234;UNKNOWN
2016-04-15T03:02:25.000000;2016-04-15T03:02:25.000000;3bc21606-d59b-4829-ae67-3609f86f21d3;427.98;11.2377;UNKNOWN
2016-04-15T03:02:25.000000;2016-04-15T03:02:25.000000;9e1128ae-ff40-4bc6-b0da-9728cf690320;427.97;50.0;UNKNOWN
2016-04-15T03:02:25.000000;2016-04-15T03:02:25.000000;78616e3f-a494-4bd3-ba07-77ce1163cfd8;427.95;21.34108494;UNKNOWN
2016-04-15T03:02:25.000000;2016-04-15T03:02:25.000000;c1e7b702-4635-4ed5-a473-69ec2d2f4ff4;427.92;0.29;UNKNOWN
2016-04-15T03:02:25.000000;2016-04-15T03:02:25.000000;11774a4c-6abf-4a6c-b870-ceb077fa3d1e;427.94;0.23;UNKNOWN
2016-04-15T03:02:25.000000;2016-04-15T03:02:25.000000;2ab000ad-2b14-41c6-be62-93215a5ccc13;427.92;0.5;UNKNOWN
2016-04-15T03:02:27.000000;2016-04-15T03:02:27.000000;6b84ec54-f4e3-46e5-a800-6636a745f66f;427.77;0.73;UNKNOWN
2016-04-15T03:02:32.000000;2016-04-15T03:02:32.000000;196f127a-4350-4838-81ad-d29a0915764f;427.79;0.241;UNKNOWN
2016-04-15T03:02:33.000000;2016-04-15T03:02:33.000000;d4a55028-807f-438a-a74b-b395bef42b27;427.79;0.5;UNKNOWN
2016-04-15T03:02:33.000000;2016-04-15T03:02:33.000000;54eb9994-334e-4b9b-96b5-470e5c120986;427.78;2.8085;UNKNOWN
2016-04-15T03:02:33.000000;2016-04-15T03:02:33.000000;7be77b31-f780-465e-b8f0-6fb5705e885f;427.79;6.6915;UNKNOWN
2016-04-15T03:02:37.000000;2016-04-15T03:02:37.000000;f958e6b0-d8ca-4092-9d54-ac88ab119fe8;427.51;0.75;UNKNOWN
2016-04-15T03:02:37.000000;2016-04-15T03:02:37.000000;35c71870-b0a0-475f-8616-be1c4d0a7b88;427.51;0.5;UNKNOWN
2016-04-15T03:02:51.000000;2016-04-15T03:02:51.000000;22d8cce9-4699-4ed8-bc0c-f4b91472c28a;427.82;0.01;UNKNOWN
2016-04-15T03:02:54.000000;2016-04-15T03:02:54.000000;259eb358-bd6d-40ee-8643-4759636e3475;427.53;0.01;UNKNOWN
2016-04-15T03:03:02.000000;2016-04-15T03:03:02.000000;6942583c-b29d-4df6-b0aa-96f781679ce9;427.53;0.07293663;UNKNOWN
2016-04-15T03:03:02.000000;2016-04-15T03:03:02.000000;0f3261fb-f126-41e0-90a6-1edb5461336f;427.81;0.0152;UNKNOWN
2016-04-15T03:03:06.000000;2016-04-15T03:03:06.000000;0661ac0e-791f-408d-8506-255982925f6a;427.53;0.0152;UNKNOWN
2016-04-15T03:03:09.000000;2016-04-15T03:03:09.000000;c50cdd9f-6050-4f97-b267-9c0da02ba039;427.53;1.20011373;UNKNOWN
2016-04-15T03:03:18.000000;2016-04-15T03:03:18.000000;4fe854d0-c043-4fa8-9e40-b6de175e5229;427.84;6.9673;UNKNOWN
2016-04-15T03:03:18.000000;2016-04-15T03:03:18.000000;eb991406-e895-4989-8724-367b1892273c;427.97;13.4805;UNKNOWN
2016-04-15T03:03:18.000000;2016-04-15T03:03:18.000000;ec91ebfb-46a4-4516-8d16-ed18a1692315;427.98;12.5;UNKNOWN
2016-04-15T03:03:20.000000;2016-04-15T03:03:20.000000;3466955e-f670-4d9e-afb8-6247c3ac8522;428.09;7.7514635;UNKNOWN
2016-04-15T03:03:20.000000;2016-04-15T03:03:20.000000;49861c8e-8e1b-4a38-ab48-9b577522a940;428.08;0.01;UNKNOWN
2016-04-15T03:03:20.000000;2016-04-15T03:03:20.000000;38e7d908-b3f4-4f85-bd55-89c2de5308fe;428.0;22.2185365;UNKNOWN
2016-04-15T03:03:20.000000;2016-04-15T03:03:20.000000;9caadf9d-8636-4c2e-9bec-f387ec3e6de0;428.08;0.01;UNKNOWN
2016-04-15T03:03:20.000000;2016-04-15T03:03:20.000000;66e04268-f170-4a6f-aa85-d05c9f352e94;428.0;1.0;UNKNOWN
2016-04-15T03:03:20.000000;2016-04-15T03:03:20.000000;f99536ac-9a7a-473c-9275-e73c46a89cf9;428.01;0.01;UNKNOWN
2016-04-15T03:03:26.000000;2016-04-15T03:03:26.000000;64869243-3ae2-4985-8490-5abd1732ad55;428.1;2.0;UNKNOWN
2016-04-15T03:03:33.000000;2016-04-15T03:03:33.000000;03ba5f52-4321-47c5-83e4-4b795c50eda8;428.1;4.68;UNKNOWN
2016-04-15T03:03:33.000000;2016-04-15T03:03:33.000000;d7b9ede0-fdd4-41ce-be45-92b636c6dbcd;428.09;0.32;UNKNOWN
2016-04-15T03:03:41.000000;2016-04-15T03:03:41.000000;1912c5ae-3f4d-4812-8bd1-1f24fd024c04;428.24;0.24;UNKNOWN
2016-04-15T03:03:41.000000;2016-04-15T03:03:41.000000;d662dae9-eb4d-40db-a17e-8502c70b4aa5;428.37;11.06;UNKNOWN
2016-04-15T03:03:41.000000;2016-04-15T03:03:41.000000;81623f29-9e64-414a-8b54-b8fc0eccfccd;428.1;18.32;UNKNOWN
2016-04-15T03:03:41.000000;2016-04-15T03:03:41.000000;bc625b12-a648-47c6-85cc-7722a266782d;428.29;0.05;UNKNOWN
2016-04-15T03:03:41.000000;2016-04-15T03:03:41.000000;6c437418-04ff-4a99-b251-4de982739468;428.09;0.33;UNKNOWN
2016-04-15T03:03:47.000000;2016-04-15T03:03:47.000000;08af0562-2b73-462c-990a-da4fadb473ae;428.35;0.34;UNKNOWN
2016-04-15T03:03:49.000000;2016-04-15T03:03:49.000000;944026e8-410f-412f-a98e-8f3922fce5f1;428.35;0.34;UNKNOWN
2016-04-15T03:03:49.000000;2016-04-15T03:03:49.000000;83f1a61d-3daf-4e2e-85aa-f65d85d8cb8b;428.4;0.03;UNKNOWN
2016-04-15T03:03:49.000000;2016-04-15T03:03:49.000000;d4369823-8b87-479f-9a08-c8a6124e6cda;428.4;1.97;UNKNOWN
2016-04-15T03:03:50.000000;2016-04-15T03:03:50.000000;b80efb79-038f-4f52-bb8a-b2c47aa743a1;428.35;0.0293;UNKNOWN
2016-04-15T03:04:08.000000;2016-04-15T03:04:08.000000;2ddcc252-04c0-4a72-8cee-f8cc0978b3fe;428.4;5.0;UNKNOWN
2016-04-15T03:04:17.000000;2016-04-15T03:04:17.000000;321d8c80-d455-49e8-93ad-264e9f24c6f1;428.4;2.0;UNKNOWN
2016-04-15T03:04:21.000000;2016-04-15T03:04:21.000000;5661519b-7d9b-4091-a2ed-fc39019f7654;428.4;14.8256;UNKNOWN
2016-04-15T03:04:27.000000;2016-04-15T03:04:27.000000;93d8dbe1-4f02-4fb1-8f48-11fdc1dfe0b8;428.4;0.7956;UNKNOWN
2016-04-15T03:04:27.000000;2016-04-15T03:04:27.000000;d8be20f8-8912-4eab-8d28-e8c54bd31f63;428.4;7.2944;UNKNOWN
2016-04-15T03:04:27.000000;2016-04-15T03:04:27.000000;52bf2fe9-a855-4429-8b8e-3b81064d60f9;428.42;6.0;UNKNOWN
2016-04-15T03:04:27.000000;2016-04-15T03:04:27.000000;a4a2b36d-8729-4830-bda6-2f28f0e839a9;428.4;1.2044;UNKNOWN
2016-04-15T03:04:27.000000;2016-04-15T03:04:27.000000;c5e81687-5cc9-4e57-8239-2405ca5abf16;428.49;1.51138728;UNKNOWN
2016-04-15T03:04:27.000000;2016-04-15T03:04:27.000000;c640268c-0357-4c4d-9193-1c64a1d53c7b;428.45;0.01981272;UNKNOWN
2016-04-15T03:04:31.000000;2016-04-15T03:04:31.000000;e32d7abc-cc37-4844-aba3-e57080bb0422;428.39;0.01231;UNKNOWN
2016-04-15T03:04:31.000000;2016-04-15T03:04:31.000000;ce3d8cf8-0c5d-4dd7-8a1d-a5d67accab62;428.4;0.5;UNKNOWN
2016-04-15T03:04:31.000000;2016-04-15T03:04:31.000000;26223860-e3ba-465c-a88b-a4ae99f240dd;428.4;3.0;UNKNOWN
2016-04-15T03:04:32.000000;2016-04-15T03:04:32.000000;3ee7af89-111e-432d-8bbe-4c8c6a42714e;428.39;0.2339;UNKNOWN
2016-04-15T03:05:06.000000;2016-04-15T03:05:06.000000;e0953466-8b7d-43e5-b3c1-60dcc05179ed;428.39;0.011;UNKNOWN
2016-04-15T03:05:13.000000;2016-04-15T03:05:13.000000;76ce77c5-0cc5-40c0-aee5-17437de64506;428.4;1.0;UNKNOWN
2016-04-15T03:05:46.000000;2016-04-15T03:05:46.000000;ece00747-c0ed-45ea-adbd-59d08a593641;428.4;1.0;UNKNOWN
2016-04-15T03:05:50.000000;2016-04-15T03:05:50.000000;b49875e3-ddf7-4bf6-b1f4-25ac39414eab;428.39;0.072;UNKNOWN
2016-04-15T03:05:54.000000;2016-04-15T03:05:54.000000;57627b69-eca5-42b7-b130-2b3d6d247679;428.39;0.636;UNKNOWN
2016-04-15T03:05:59.000000;2016-04-15T03:05:59.000000;97f82d01-7b8e-4d78-9f05-b65055736dac;428.39;0.211;UNKNOWN
2016-04-15T03:06:08.000000;2016-04-15T03:06:08.000000;f7abc6fa-b3e0-4220-ba50-4eb0b4ec662a;428.4;2.5;UNKNOWN
2016-04-15T03:06:09.000000;2016-04-15T03:06:09.000000;69c5529d-12ad-4209-a104-4066592e1b96;428.39;0.83315;UNKNOWN
2016-04-15T03:06:14.000000;2016-04-15T03:06:14.000000;72920b06-ad94-4561-b011-49a42c33d602;428.39;0.11;UNKNOWN
2016-04-15T03:06:16.000000;2016-04-15T03:06:16.000000;89fc7492-2067-4ff1-83c5-a9f7f7479742;428.39;0.01;UNKNOWN
2016-04-15T03:06:19.000000;2016-04-15T03:06:19.000000;8d1b2557-f82c-4809-ad9c-c9d5a2c8731a;428.39;1.0;UNKNOWN
2016-04-15T03:06:20.000000;2016-04-15T03:06:20.000000;a1839d28-c779-4e27-a196-fa5584de9288;428.39;0.01;UNKNOWN
2016-04-15T03:06:24.000000;2016-04-15T03:06:24.000000;29f9f504-4777-4b79-93f6-3f852e830442;428.39;0.34241;UNKNOWN
2016-04-15T03:06:29.000000;2016-04-15T03:06:29.000000;e768d647-609f-45bc-9725-802694ad2b94;428.39;0.251;UNKNOWN
2016-04-15T03:06:35.000000;2016-04-15T03:06:35.000000;a0ae70eb-2604-4313-adae-a8bbe2300ca8;428.39;0.742;UNKNOWN
2016-04-15T03:06:41.000000;2016-04-15T03:06:41.000000;3c6853b6-c62d-4326-98a3-2c543d42b2cb;428.39;0.016;UNKNOWN
2016-04-15T03:06:42.000000;2016-04-15T03:06:42.000000;f015e31f-35ab-4fc7-9391-e6267f19f934;428.39;5.0;UNKNOWN
2016-04-15T03:06:49.000000;2016-04-15T03:06:49.000000;f790a7c5-ef75-4e66-b942-de74920e746c;428.39;0.072;UNKNOWN
2016-04-15T03:06:54.000000;2016-04-15T03:06:54.000000;9b673b49-efdf-40fe-836f-7d3a2643852d;428.39;0.137;UNKNOWN
2016-04-15T03:06:59.000000;2016-04-15T03:06:59.000000;a41fd8e0-d765-4cf8-8817-758af2f14bcb;428.4;4.01;UNKNOWN
2016-04-15T03:06:59.000000;2016-04-15T03:06:59.000000;0aa5f9fb-f1f5-4ff5-a311-e7a33aa57154;428.4;0.99;UNKNOWN
2016-04-15T03:06:59.000000;2016-04-15T03:06:59.000000;7b056c7e-2d59-4178-99a7-86124feecaa6;428.39;1.0;UNKNOWN
2016-04-15T03:07:05.000000;2016-04-15T03:07:05.000000;6220d439-9bd8-49c2-aebf-35e006eb6d15;428.39;0.29;UNKNOWN
2016-04-15T03:07:07.000000;2016-04-15T03:07:07.000000;0c0a2567-54d6-4e92-826b-96c03e7f6a89;428.4;1.0;UNKNOWN
2016-04-15T03:07:11.000000;2016-04-15T03:07:11.000000;f95228b6-c1fe-4001-ac30-f3b767bd9214;428.39;0.57;UNKNOWN
2016-04-15T03:07:14.000000;2016-04-15T03:07:14.000000;5a9b32a7-8a81-42a8-8b72-83c7312b424b;428.39;2.0;UNKNOWN
2016-04-15T03:07:16.000000;2016-04-15T03:07:16.000000;3de4c9de-0d14-407a-9ba5-eb612054437b;428.39;1.0;UNKNOWN
2016-04-15T03:07:22.000000;2016-04-15T03:07:22.000000;68877052-84f5-4bb4-b1e7-180e38ae4140;428.39;0.17;UNKNOWN
2016-04-15T03:07:23.000000;2016-04-15T03:07:23.000000;3aa04e72-3e82-4d0f-84fb-2375674a9940;428.39;0.01;UNKNOWN
2016-04-15T03:07:27.000000;2016-04-15T03:07:27.000000;3f8dfc76-e3b2-4f54-a6e7-6f4fe55b757e;428.39;0.49761684;UNKNOWN
2016-04-15T03:07:27.000000;2016-04-15T03:07:27.000000;dcd14c0b-4f98-4913-ba50-169ca0fa956f;428.39;0.50238316;UNKNOWN
2016-04-15T03:07:34.000000;2016-04-15T03:07:34.000000;daf5dbea-94eb-4f1f-b3d6-d7055efa7919;428.39;0.52972;UNKNOWN
2016-04-15T03:07:43.000000;2016-04-15T03:07:43.000000;3b39f5e6-c9b1-4410-8a8b-50b51a1d1f2a;428.39;0.39;UNKNOWN
2016-04-15T03:07:46.000000;2016-04-15T03:07:46.000000;1d6ffa90-d127-4821-a550-5fc1e9062a1c;428.39;0.388;UNKNOWN
2016-04-15T03:08:09.000000;2016-04-15T03:08:09.000000;392d6ae4-f95f-47b0-87a7-34b5e8c46b91;428.39;0.2;UNKNOWN
2016-04-15T03:08:15.000000;2016-04-15T03:08:15.000000;52b3a74f-fdd9-4334-b67a-f71f160432ea;428.44;3.0;UNKNOWN
2016-04-15T03:08:18.000000;2016-04-15T03:08:18.000000;08895758-df00-4451-b8dc-03ad19f909d9;428.44;1.0;UNKNOWN
2016-04-15T03:08:24.000000;2016-04-15T03:08:24.000000;4a752f33-3c60-4ccf-b4a6-54329a7f36d1;428.43;0.2339;UNKNOWN
2016-04-15T03:08:28.000000;2016-04-15T03:08:28.000000;c60cef21-6a41-4605-b8f9-05dfb339840a;428.43;0.12491;UNKNOWN
2016-04-15T03:08:32.000000;2016-04-15T03:08:32.000000;e8b2af08-921a-4c9b-b47d-aaa2e10c22ae;428.43;0.7370897;UNKNOWN
2016-04-15T03:08:37.000000;2016-04-15T03:08:37.000000;45b79f56-a49c-410b-bef6-7049a755e063;428.44;1.0;UNKNOWN
2016-04-15T03:08:37.000000;2016-04-15T03:08:37.000000;31a123b7-3e5e-409a-8e39-69f057244329;428.43;0.66553;UNKNOWN
2016-04-15T03:08:40.000000;2016-04-15T03:08:40.000000;7e3b9134-9277-4be4-a61e-0ef244902b77;428.44;0.12079295;UNKNOWN
2016-04-15T03:08:53.000000;2016-04-15T03:08:53.000000;84c3e61b-c380-4dc5-8178-447075515917;428.43;0.27;UNKNOWN
2016-04-15T03:09:05.000000;2016-04-15T03:09:05.000000;115993c7-2126-4a2d-b074-5b3592feec8e;428.43;1.0;UNKNOWN
2016-04-15T03:09:06.000000;2016-04-15T03:09:06.000000;46e45ef8-f1e8-4dd7-a392-637af331da26;428.44;6.68290705;UNKNOWN
2016-04-15T03:09:06.000000;2016-04-15T03:09:06.000000;2e6e97bb-af37-467f-b08a-d4e3517d364e;428.44;23.7949;UNKNOWN
2016-04-15T03:09:11.000000;2016-04-15T03:09:11.000000;9d77ece6-35c2-49ea-9874-7d69b0fbae2c;428.46;0.073;UNKNOWN
2016-04-15T03:09:19.000000;2016-04-15T03:09:19.000000;39267f6a-85c0-49f2-a6da-8369964dec6e;428.46;0.06;UNKNOWN
2016-04-15T03:09:20.000000;2016-04-15T03:09:20.000000;82f2095e-01dd-4b07-a7c8-ebd3240e4db7;428.49;5.11897925;UNKNOWN
2016-04-15T03:09:20.000000;2016-04-15T03:09:20.000000;c7c97cb1-7881-43a0-a410-f44e48ef317e;428.48;6.915;UNKNOWN
2016-04-15T03:09:20.000000;2016-04-15T03:09:20.000000;6edfe030-a9a8-4147-8454-353a7ad0608d;428.47;3.0;UNKNOWN
2016-04-15T03:09:20.000000;2016-04-15T03:09:20.000000;8296d60c-8a76-4c22-8113-4871dadd1a64;428.49;0.41871272;UNKNOWN
2016-04-15T03:09:23.000000;2016-04-15T03:09:23.000000;d15a94a0-89c9-4b7c-9119-71fd5f8bc794;428.46;0.086;UNKNOWN
2016-04-15T03:09:24.000000;2016-04-15T03:09:24.000000;3bafe877-7054-433c-8533-b52ebaf1e5c5;428.49;0.13400055;UNKNOWN
2016-04-15T03:09:25.000000;2016-04-15T03:09:25.000000;8bc82a81-2671-4d9e-a7cd-ea2eaa68dc59;428.46;0.49169658;UNKNOWN
2016-04-15T03:09:27.000000;2016-04-15T03:09:27.000000;31d22143-654f-4e11-985d-cbd9515e9f56;428.45;0.058;UNKNOWN
2016-04-15T03:09:33.000000;2016-04-15T03:09:33.000000;b0abcd33-dab7-43e3-8622-729fb38fde9a;428.44;0.569;UNKNOWN
2016-04-15T03:09:35.000000;2016-04-15T03:09:35.000000;3569d590-5aa3-4593-a3dd-51425ca192e4;428.49;0.49169658;UNKNOWN
2016-04-15T03:09:35.000000;2016-04-15T03:09:35.000000;bb04a685-0b5f-40e3-9b71-2cf55279c1d8;428.46;0.50830342;UNKNOWN
2016-04-15T03:09:37.000000;2016-04-15T03:09:37.000000;6f912456-4422-4d87-aa59-31f48c5e2846;428.44;0.99;UNKNOWN
2016-04-15T03:09:37.000000;2016-04-15T03:09:37.000000;d33a60c6-072c-48ec-a9c2-a1428eb9be5b;428.45;0.01;UNKNOWN
2016-04-15T03:09:42.000000;2016-04-15T03:09:42.000000;fc11962e-bc60-4d09-9eb2-5d25bb043a35;428.44;0.01;UNKNOWN
2016-04-15T03:09:43.000000;2016-04-15T03:09:43.000000;f62e62da-93fb-4a46-9a9b-715bfd6abc76;428.44;0.01480756;UNKNOWN
2016-04-15T03:09:48.000000;2016-04-15T03:09:48.000000;b97fb98c-94ce-4a60-94a5-46ab7cfc124e;428.44;0.395;UNKNOWN
2016-04-15T03:09:48.000000;2016-04-15T03:09:48.000000;6d0df471-cd1a-4842-a423-dc7d6311b139;428.45;0.01;UNKNOWN
2016-04-15T03:09:52.000000;2016-04-15T03:09:52.000000;cf5e0f62-c4e4-4f49-af97-65675ae1be18;428.44;0.01;UNKNOWN
2016-04-15T03:09:57.000000;2016-04-15T03:09:57.000000;a1cc8388-e355-4383-8cdf-08be58b7c9a3;428.44;0.846;UNKNOWN
2016-04-15T03:10:02.000000;2016-04-15T03:10:02.000000;6a6df8ed-551d-4f7e-97ba-c63c4c27a86d;428.44;0.151;UNKNOWN
2016-04-15T03:10:07.000000;2016-04-15T03:10:07.000000;fb0653a1-edb1-4f38-8d71-f7e6d56313a1;428.44;0.552;UNKNOWN
2016-04-15T03:10:12.000000;2016-04-15T03:10:12.000000;ef4995c9-eee8-4ace-aa46-90c379c57c9a;428.44;0.145;UNKNOWN
2016-04-15T03:10:17.000000;2016-04-15T03:10:17.000000;6eeeb3aa-3515-4df9-846d-871d8fc00525;428.44;0.81338;UNKNOWN
2016-04-15T03:10:22.000000;2016-04-15T03:10:22.000000;f39848a7-e7f9-4e93-a867-f4010207e7d0;428.44;1.0;UNKNOWN
2016-04-15T03:10:27.000000;2016-04-15T03:10:27.000000;33abca21-5980-4251-bbc5-504f2c8e258e;428.44;0.45133;UNKNOWN
2016-04-15T03:10:32.000000;2016-04-15T03:10:32.000000;9e136c7c-93b9-4dfd-a081-11f7520455de;428.44;0.966;UNKNOWN
2016-04-15T03:10:36.000000;2016-04-15T03:10:36.000000;b97bba2f-b51f-49f5-9cb2-a19ef77c315a;428.45;0.40798298;UNKNOWN
2016-04-15T03:10:36.000000;2016-04-15T03:10:36.000000;6d915889-9501-449a-901a-f8c132706f01;428.45;0.40434965;UNKNOWN
2016-04-15T03:10:37.000000;2016-04-15T03:10:37.000000;7aab3053-c7f0-4ea7-ad5e-9996127660e0;428.44;0.3;UNKNOWN
2016-04-15T03:10:42.000000;2016-04-15T03:10:42.000000;1130077a-2b77-43aa-a744-e8bfece70d55;428.44;0.462;UNKNOWN
2016-04-15T03:10:46.000000;2016-04-15T03:10:46.000000;cec580b3-3285-4fb8-899c-2973925da5c7;428.44;0.166;UNKNOWN
2016-04-15T03:10:51.000000;2016-04-15T03:10:51.000000;1ffacdf2-6c08-4e6f-ade0-d2b76824b3d0;428.44;0.984;UNKNOWN
2016-04-15T03:10:56.000000;2016-04-15T03:10:56.000000;30904797-12fd-43e6-9ad3-a8535fb071a0;428.44;0.02032;UNKNOWN
2016-04-15T03:11:01.000000;2016-04-15T03:11:01.000000;e224a5d7-6b3f-43d8-8beb-7f097808a68d;428.44;1.0;UNKNOWN
2016-04-15T03:11:06.000000;2016-04-15T03:11:06.000000;9d4fda08-b581-41dd-bb6e-77a30f753a83;428.44;0.345;UNKNOWN
2016-04-15T03:11:11.000000;2016-04-15T03:11:11.000000;9b59b5f7-6822-4e7a-9735-ff4c24668b85;428.44;0.02;UNKNOWN
2016-04-15T03:11:16.000000;2016-04-15T03:11:16.000000;a54df8a4-317a-4be9-9751-f887dd317ba8;428.44;1.0;UNKNOWN
2016-04-15T03:11:21.000000;2016-04-15T03:11:21.000000;80834487-7fc0-4779-b90d-9abfe805b163;428.44;0.088;UNKNOWN
2016-04-15T03:11:25.000000;2016-04-15T03:11:25.000000;cdea9906-d3cf-4555-b6c4-f833a3ca40d2;428.44;0.021;UNKNOWN
2016-04-15T03:11:30.000000;2016-04-15T03:11:30.000000;51b2d21d-7f54-472f-bb6c-0a306d1cda19;428.44;0.032;UNKNOWN
2016-04-15T03:11:34.000000;2016-04-15T03:11:34.000000;db023e29-d7a8-4eeb-8e4a-ce55766fbd3c;428.44;0.076;UNKNOWN
2016-04-15T03:11:39.000000;2016-04-15T03:11:39.000000;0364e53b-95fa-4777-8e86-ca573400bf1f;428.44;0.021;UNKNOWN
2016-04-15T03:11:43.000000;2016-04-15T03:11:43.000000;5c2d97f9-7315-408b-8485-ea592364b908;428.44;1.0;UNKNOWN
2016-04-15T03:11:44.000000;2016-04-15T03:11:44.000000;ee7ccb68-1837-407b-8215-ed55bdeab4fb;428.44;0.3512;UNKNOWN
2016-04-15T03:11:49.000000;2016-04-15T03:11:49.000000;06ea28ea-1c9b-43bb-a80a-eb66ad5767bc;428.44;0.72398;UNKNOWN
2016-04-15T03:11:50.000000;2016-04-15T03:11:50.000000;c1b5657d-2bcc-4897-8cd2-8cb196e5f4aa;428.45;0.06;UNKNOWN
2016-04-15T03:11:53.000000;2016-04-15T03:11:53.000000;5378fc8c-2d3b-44ff-b945-5ec142bb244d;428.44;0.18;UNKNOWN
2016-04-15T03:11:57.000000;2016-04-15T03:11:57.000000;55f21d1e-bfd8-41fb-a886-3c8a13beab1e;428.44;0.362;UNKNOWN
2016-04-15T03:11:58.000000;2016-04-15T03:11:58.000000;26bd6b80-353c-4f5d-bdc1-f85bb250b7f3;428.44;0.076;UNKNOWN
2016-04-15T03:12:03.000000;2016-04-15T03:12:03.000000;1e7ebe4b-7b36-40b7-a0c3-db2ee76b3549;428.44;0.76280602;UNKNOWN
2016-04-15T03:12:03.000000;2016-04-15T03:12:03.000000;a1a023ea-ac8a-4064-bdfe-6f34e9fd9373;428.44;0.23719398;UNKNOWN
2016-04-15T03:12:08.000000;2016-04-15T03:12:08.000000;0f70a5ba-42e6-4afb-90eb-1d321da69daf;428.44;0.19886;UNKNOWN
2016-04-15T03:12:08.000000;2016-04-15T03:12:08.000000;9165356c-0140-455b-8e0b-5ec8f3d5c233;428.44;0.02110942;UNKNOWN
2016-04-15T03:12:13.000000;2016-04-15T03:12:13.000000;526874eb-0402-49d5-999e-6d6c7adfda28;428.44;0.01722456;UNKNOWN
2016-04-15T03:12:13.000000;2016-04-15T03:12:13.000000;e4aff50f-726e-4424-b0a3-8761304ebe4b;428.42;0.21996544;UNKNOWN
2016-04-15T03:12:18.000000;2016-04-15T03:12:18.000000;48acf5eb-30d7-4d14-939d-42cd8dcd250f;428.42;0.01722;UNKNOWN
2016-04-15T03:12:22.000000;2016-04-15T03:12:22.000000;6c77b6d2-b8c2-4b7f-b7e2-da168b3d426c;428.42;0.026;UNKNOWN
2016-04-15T03:12:26.000000;2016-04-15T03:12:26.000000;5df26071-43cb-4b62-a86f-76b33609286a;428.42;10.73678;UNKNOWN
2016-04-15T03:12:27.000000;2016-04-15T03:12:27.000000;aff49537-3fb3-414f-8547-3eb0d275b3a4;427.91;0.05;UNKNOWN
2016-04-15T03:12:43.000000;2016-04-15T03:12:43.000000;df33ec78-01f9-4989-a9ae-151afbfaf0f2;427.81;0.01622061;UNKNOWN
2016-04-15T03:14:22.000000;2016-04-15T03:14:22.000000;9db76c9c-3b71-4546-9d9b-fb226602763e;427.51;0.352941;UNKNOWN
2016-04-15T03:14:31.000000;2016-04-15T03:14:31.000000;c66c295d-8ce2-49a4-957a-9d9e520508b5;427.51;0.09346573;UNKNOWN
2016-04-15T03:15:51.000000;2016-04-15T03:15:51.000000;a13b72c1-69f6-4e50-b263-7c0149eeaa32;427.52;0.059;UNKNOWN
2016-04-15T03:15:51.000000;2016-04-15T03:15:51.000000;f3dcced7-67f4-466b-8ed2-b462efde25fd;427.51;0.3527645;UNKNOWN
2016-04-15T03:16:38.000000;2016-04-15T03:16:38.000000;74d6e378-2a2d-4fba-945d-8b07885e3d6f;427.51;1.4;UNKNOWN
2016-04-15T03:19:43.000000;2016-04-15T03:19:43.000000;42552131-950f-4b51-afcf-189b42c7ab9c;427.51;0.3711225;UNKNOWN
2016-04-15T03:26:24.000000;2016-04-15T03:26:24.000000;9024d8ce-710a-4743-be27-c9b5cdc5755f;427.52;0.0279464;UNKNOWN
2016-04-15T03:27:12.000000;2016-04-15T03:27:12.000000;b231ec75-bb2b-433d-8fca-c2cf62b06a63;427.51;0.07918479;UNKNOWN
2016-04-15T03:27:58.000000;2016-04-15T03:27:58.000000;076f4e1f-da7b-4ec0-9ac5-0d5d27167804;427.51;0.4992324;UNKNOWN
2016-04-15T03:28:13.000000;2016-04-15T03:28:13.000000;69960b14-a385-4673-a2fb-b5c8247bad36;427.52;0.07918479;UNKNOWN
2016-04-15T03:28:16.000000;2016-04-15T03:28:16.000000;bed798be-0fe0-401a-8e98-686cb4461b1d;427.52;0.07918479;UNKNOWN
2016-04-15T03:29:27.000000;2016-04-15T03:29:27.000000;8cc1129b-ca4c-4c8b-a39c-42cff94e6acb;427.51;0.95858;UNKNOWN
2016-04-15T03:32:22.000000;2016-04-15T03:32:22.000000;fbe51552-f0f1-48da-9986-1c67fba1162f;427.51;0.04687628;UNKNOWN
2016-04-15T03:34:04.000000;2016-04-15T03:34:04.000000;ae5397ed-07e4-4b84-a23b-64b9330f5495;427.54;0.75;UNKNOWN
2016-04-15T03:34:04.000000;2016-04-15T03:34:04.000000;d8097c4b-dcf8-4944-821e-ce2e8d93f3d0;427.6;1.72092428;UNKNOWN
2016-04-15T03:35:26.000000;2016-04-15T03:35:26.000000;a7b4b5d1-50be-4ed0-a099-6b6e2bd2e480;427.66;0.02317113;UNKNOWN
2016-04-15T03:35:42.000000;2016-04-15T03:35:42.000000;850b1655-9721-4c57-8946-6f4e1a520574;427.66;0.35;UNKNOWN
2016-04-15T03:38:28.000000;2016-04-15T03:38:28.000000;e94ad733-ce68-4d1a-acd3-933b06467705;427.66;0.467;UNKNOWN
2016-04-15T03:38:33.000000;2016-04-15T03:38:33.000000;ef8aeb17-7765-45fa-b313-70f363d08ebb;427.66;0.01;UNKNOWN
2016-04-15T03:38:37.000000;2016-04-15T03:38:37.000000;6900f143-d303-45ee-ab78-f5d43271dcaf;427.66;0.297;UNKNOWN
2016-04-15T03:38:42.000000;2016-04-15T03:38:42.000000;f6ae876b-f40b-460a-90d8-e0e4b7bfeb2a;427.66;0.244;UNKNOWN
2016-04-15T03:38:46.000000;2016-04-15T03:38:46.000000;fef8239c-0a09-42c0-ad78-f1333bbbd74c;427.66;1.0;UNKNOWN
2016-04-15T03:38:53.000000;2016-04-15T03:38:53.000000;cdff3c7e-ad94-4dd9-982e-17d5375b7e7b;427.66;0.18;UNKNOWN
2016-04-15T03:39:14.000000;2016-04-15T03:39:14.000000;0c136e45-7a93-4170-9ba6-947933b379f3;427.66;0.156;UNKNOWN
2016-04-15T03:39:50.000000;2016-04-15T03:39:50.000000;7bd7ae8d-28c2-458c-8007-c1529dda05de;427.66;0.3504;UNKNOWN
2016-04-15T03:39:52.000000;2016-04-15T03:39:52.000000;c0aeb8c9-4d2d-4a36-b83e-9b620646c37b;427.66;2.342992;UNKNOWN
2016-04-15T03:40:09.000000;2016-04-15T03:40:09.000000;d5d7116d-ddf8-433b-88c8-20b53b94da97;427.68;0.2;UNKNOWN
2016-04-15T03:40:11.000000;2016-04-15T03:40:11.000000;8318e882-e46a-4d70-aa27-017b6d383144;427.66;0.57943687;UNKNOWN
2016-04-15T03:40:51.000000;2016-04-15T03:40:51.000000;672cc6f3-e3a1-4a0f-b442-adfcf89119a8;427.54;10.0;UNKNOWN
2016-04-15T03:42:14.000000;2016-04-15T03:42:14.000000;00e9a802-1347-4a0d-bf0a-952427f0a426;427.51;0.2342992;UNKNOWN
2016-04-15T03:42:30.000000;2016-04-15T03:42:30.000000;6ac7ee33-58bc-46dc-bc07-bee06d4ff2e5;427.52;0.09422206;UNKNOWN
2016-04-15T03:42:37.000000;2016-04-15T03:42:37.000000;26990b38-8142-4264-aa20-c6ae731a21d7;427.51;5.2;UNKNOWN
2016-04-15T03:42:56.000000;2016-04-15T03:42:56.000000;9ba5a412-1445-49f6-9c16-328ff8561dbe;427.51;14.1515336;UNKNOWN
2016-04-15T03:46:17.000000;2016-04-15T03:46:17.000000;a140488a-b28a-4c6b-a296-5b61cd09df72;427.34;0.01;UNKNOWN
2016-04-15T03:47:27.000000;2016-04-15T03:47:27.000000;5f79cb67-92c0-4e5f-bf27-517188bcc9bb;427.3;0.08334721;UNKNOWN
2016-04-15T03:49:46.000000;2016-04-15T03:49:46.000000;b8a38f5f-4804-4854-8658-33d43df264ce;427.3;0.09403362;UNKNOWN
2016-04-15T03:49:50.000000;2016-04-15T03:49:50.000000;9ec8595b-b5ed-4635-b44c-0af0e04bf2c2;427.3;1.0267;UNKNOWN
2016-04-15T03:50:06.000000;2016-04-15T03:50:06.000000;257f1b38-790b-45c7-b6a1-79703a1381a7;427.34;1.76648733;UNKNOWN
2016-04-15T03:50:14.000000;2016-04-15T03:50:14.000000;ea338afb-1b10-4614-b97f-1b08035485d4;427.36;10.9967;UNKNOWN
2016-04-15T03:50:14.000000;2016-04-15T03:50:14.000000;9441c065-33ec-47b2-a50d-d66fd4352e98;427.34;7.23351267;UNKNOWN
2016-04-15T03:50:28.000000;2016-04-15T03:50:28.000000;8ba6c73b-ded9-462c-84a9-1c0d0db60e8d;427.4;3.0;UNKNOWN
2016-04-15T03:50:28.000000;2016-04-15T03:50:28.000000;1fb84e28-ebb6-4b06-ad94-e1e24c540a98;427.4;0.5;UNKNOWN
2016-04-15T03:50:29.000000;2016-04-15T03:50:29.000000;75f70c35-ab74-4fde-b832-9ee74f62e92b;427.4;2.1;UNKNOWN
2016-04-15T03:50:38.000000;2016-04-15T03:50:38.000000;f6c86feb-7ffa-442e-85b6-52248a337e77;427.3;0.30484559;UNKNOWN
2016-04-15T03:50:40.000000;2016-04-15T03:50:40.000000;a1811e20-a2d0-436c-ad9a-e484b10cdcca;427.39;0.09381344;UNKNOWN
2016-04-15T03:51:26.000000;2016-04-15T03:51:26.000000;f9381d30-d774-47a4-b4be-9c8007ae2a4a;427.3;0.34;UNKNOWN
2016-04-15T03:52:02.000000;2016-04-15T03:52:02.000000;eb6fb7dc-1e57-4d97-ba09-a895ba6d92cd;427.3;0.09362581;UNKNOWN
2016-04-15T03:57:59.000000;2016-04-15T03:57:59.000000;f0654cea-c4ea-43c4-960c-fcc9da1a354e;427.4;6.9793;UNKNOWN
2016-04-15T03:57:59.000000;2016-04-15T03:57:59.000000;67e4a96a-0cbe-4c9b-8d20-e408de8c35df;427.76;0.3;UNKNOWN
2016-04-15T03:57:59.000000;2016-04-15T03:57:59.000000;2786da02-6831-41e8-81e4-a041cb7641fd;427.72;11.1894;UNKNOWN
2016-04-15T03:57:59.000000;2016-04-15T03:57:59.000000;fc3fd304-ecad-4adc-acc8-98820f04767c;428.0;1.25;UNKNOWN
2016-04-15T03:57:59.000000;2016-04-15T03:57:59.000000;b9aaf807-9861-4e9d-b0b6-e6cf0a6bb066;427.73;11.1074;UNKNOWN
2016-04-15T03:57:59.000000;2016-04-15T03:57:59.000000;6438e0ce-9745-4253-b07a-5a4ecf6ee4c8;427.5;0.8484664;UNKNOWN
2016-04-15T03:57:59.000000;2016-04-15T03:57:59.000000;6f090b89-96af-4450-a2f7-2b4d9d421e70;427.72;3.36821507;UNKNOWN
2016-04-15T03:57:59.000000;2016-04-15T03:57:59.000000;01eeeb94-ca5f-4962-b4aa-83ba56c3c99d;427.34;2.0;UNKNOWN
2016-04-15T03:57:59.000000;2016-04-15T03:57:59.000000;966d3208-7eb5-47b1-9726-bfa9f37843a0;427.99;24.99;UNKNOWN
2016-04-15T03:57:59.000000;2016-04-15T03:57:59.000000;b8a1c0b8-9ee1-454b-a3f8-7751670e6563;428.0;0.84007289;UNKNOWN
2016-04-15T03:57:59.000000;2016-04-15T03:57:59.000000;e26de54c-c0f3-4978-9e29-8ff5020b1b61;427.95;10.5991;UNKNOWN
2016-04-15T03:57:59.000000;2016-04-15T03:57:59.000000;3adff188-d06a-4460-a6a5-1861baca3ab4;427.85;11.1971;UNKNOWN
2016-04-15T03:57:59.000000;2016-04-15T03:57:59.000000;1036c9ae-b54d-40bb-83e4-c0b3a6065634;427.98;3.33094564;UNKNOWN
2016-04-15T03:57:59.000000;2016-04-15T03:57:59.000000;a381a68b-82f5-474f-aa6e-897dce88c712;427.98;12.0;UNKNOWN
2016-04-15T03:58:04.000000;2016-04-15T03:58:04.000000;cf3d270b-85c3-47f5-81f7-1605ad94bd1d;428.0;0.24;UNKNOWN
2016-04-15T03:58:30.000000;2016-04-15T03:58:30.000000;76ac0bb7-6f25-4103-a60c-0533cd873f0e;427.85;0.04;UNKNOWN
2016-04-15T03:58:35.000000;2016-04-15T03:58:35.000000;7feae20f-0e6e-415f-bdba-8cbb8dbb27ba;427.86;0.282;UNKNOWN
2016-04-15T03:58:40.000000;2016-04-15T03:58:40.000000;9bfa67a9-fa98-42ed-9f8f-eb9fae3d4075;427.91;0.326;UNKNOWN
2016-04-15T03:58:40.000000;2016-04-15T03:58:40.000000;9a504143-67c0-4c44-813b-74aba9c4e1d4;427.92;0.5;UNKNOWN
2016-04-15T03:58:45.000000;2016-04-15T03:58:45.000000;2fa96d45-4b69-44b3-b2de-1e10dd7f2feb;427.92;0.074;UNKNOWN
2016-04-15T03:58:49.000000;2016-04-15T03:58:49.000000;919283fb-5d17-4fab-8e15-da1dd2bf4e23;427.93;0.5;UNKNOWN
2016-04-15T03:58:54.000000;2016-04-15T03:58:54.000000;d5edc475-c0bd-47a1-838d-8168f60b5dc6;427.93;0.02;UNKNOWN
2016-04-15T03:58:58.000000;2016-04-15T03:58:58.000000;b7b422a8-f52d-4fac-9c25-a2e8f448680c;427.93;0.405;UNKNOWN
2016-04-15T03:59:04.000000;2016-04-15T03:59:04.000000;f49ef508-9a3e-466f-bb87-d0b869440c1e;427.93;0.075;UNKNOWN
2016-04-15T03:59:06.000000;2016-04-15T03:59:06.000000;732734a4-6d0a-41f3-864b-4630dc70e7f1;427.93;0.03;UNKNOWN
2016-04-15T03:59:08.000000;2016-04-15T03:59:08.000000;6e2fdf5f-3175-47ba-8f6f-d7f29af8ea7e;427.93;0.03;UNKNOWN
2016-04-15T03:59:09.000000;2016-04-15T03:59:09.000000;08d38621-2a09-4301-8f61-6712b92cba8d;427.93;0.016;UNKNOWN
2016-04-15T03:59:13.000000;2016-04-15T03:59:13.000000;68dd1b6b-6f17-4b95-a995-67d08363fe51;427.94;0.5;UNKNOWN
2016-04-15T03:59:13.000000;2016-04-15T03:59:13.000000;ca75e632-81f7-4293-bfbf-92ca56331d82;427.93;0.095;UNKNOWN
2016-04-15T03:59:18.000000;2016-04-15T03:59:18.000000;62fa5f1a-05fe-4532-bb08-761f4005586f;427.94;0.5;UNKNOWN
2016-04-15T03:59:22.000000;2016-04-15T03:59:22.000000;d93854bf-b6fd-43cb-8738-523ebf28fe17;427.94;0.5;UNKNOWN
2016-04-15T03:59:32.000000;2016-04-15T03:59:32.000000;7c9be1c9-6ad6-4aab-a62d-5b0161316e3d;427.94;0.026;UNKNOWN
2016-04-15T03:59:36.000000;2016-04-15T03:59:36.000000;63afa30e-2dd2-4738-a66c-16e1d8dcb17c;427.93;0.474;UNKNOWN
2016-04-15T03:59:43.000000;2016-04-15T03:59:43.000000;4bff5f47-f80c-4abe-9e35-249fa4a9487e;427.93;0.026;UNKNOWN
2016-04-15T03:59:48.000000;2016-04-15T03:59:48.000000;ab1d7407-7b1d-4af1-907f-b22748005b74;427.93;0.514;UNKNOWN
2016-04-15T03:59:53.000000;2016-04-15T03:59:53.000000;20ec2558-83e1-464a-8375-f2516feec26e;427.93;0.42;UNKNOWN
2016-04-15T03:59:58.000000;2016-04-15T03:59:58.000000;f42d0f79-4590-4cdb-ae38-fdccd82a0915;427.78;0.42;UNKNOWN
2016-04-15T04:00:16.000000;2016-04-15T04:00:16.000000;0cd24659-a2c7-4fa7-88cc-9a587a86456b;428.0;4.2398;UNKNOWN
2016-04-15T04:00:16.000000;2016-04-15T04:00:16.000000;2a8822e8-9226-4d5d-8481-b0780e85bffb;427.97;6.9802;UNKNOWN
2016-04-15T04:00:16.000000;2016-04-15T04:00:16.000000;f7f6e6e8-32a8-4ced-870e-d2adb7e5f64a;427.99;8.78;UNKNOWN
2016-04-15T04:00:32.000000;2016-04-15T04:00:32.000000;a3ac58c5-8b82-4290-9ee6-a7b564e3ed16;427.87;0.1169;UNKNOWN
2016-04-15T04:00:42.000000;2016-04-15T04:00:42.000000;371471c5-44b2-4b9e-964f-49cf1b5b67b6;427.91;0.101;UNKNOWN
2016-04-15T04:00:47.000000;2016-04-15T04:00:47.000000;f0b58449-041a-4abd-8c4b-9a747ed43cd3;427.88;1.0;UNKNOWN
2016-04-15T04:01:17.000000;2016-04-15T04:01:17.000000;ddde79ea-f926-4ea7-895d-10ac13ce18b6;427.92;0.3;UNKNOWN
2016-04-15T04:01:17.000000;2016-04-15T04:01:17.000000;c32bec5d-c4c1-420c-befb-788f80fa4dc3;427.96;15.843;UNKNOWN
2016-04-15T04:01:17.000000;2016-04-15T04:01:17.000000;b87e8bfa-5764-4302-89c0-4ea26a1d8613;428.0;4.68012711;UNKNOWN
2016-04-15T04:01:17.000000;2016-04-15T04:01:17.000000;9d7abf44-c44d-431a-868d-263ab7e34514;427.98;10.1922;UNKNOWN
2016-04-15T04:01:17.000000;2016-04-15T04:01:17.000000;a2f305be-9191-48fa-88fc-da9629c12063;427.97;6.9351;UNKNOWN
2016-04-15T04:01:17.000000;2016-04-15T04:01:17.000000;ebef2d82-0223-4d6f-a493-f8d66fe7c40d;427.78;1.572;UNKNOWN
2016-04-15T04:01:25.000000;2016-04-15T04:01:25.000000;151b5bc8-d9dd-478b-bb63-15df7b3b32cd;428.0;0.107;UNKNOWN
2016-04-15T04:01:29.000000;2016-04-15T04:01:29.000000;cb8b48d4-6029-446c-906f-08e98f29211e;428.0;0.045;UNKNOWN
2016-04-15T04:01:35.000000;2016-04-15T04:01:35.000000;b6a076cb-65e2-4fc4-8197-710849150e08;428.0;0.32557;UNKNOWN
2016-04-15T04:01:50.000000;2016-04-15T04:01:50.000000;0cf3f5de-e1e2-41af-83bd-9fad965bd160;427.86;0.064;UNKNOWN
2016-04-15T04:01:53.000000;2016-04-15T04:01:53.000000;049bf0f5-5fa1-4ac1-866f-fcca0724f4e6;427.87;0.3;UNKNOWN
2016-04-15T04:01:54.000000;2016-04-15T04:01:54.000000;fb2efaf6-cef3-4d16-9f3e-e7b74c5e3596;427.87;0.026;UNKNOWN
2016-04-15T04:01:59.000000;2016-04-15T04:01:59.000000;a71d8018-a19f-4f84-8e87-c3a1a35bfa2b;427.87;1.0;UNKNOWN
2016-04-15T04:02:07.000000;2016-04-15T04:02:07.000000;41145e32-5b7d-4941-a504-f6db202bed78;427.91;0.093;UNKNOWN
2016-04-15T04:02:13.000000;2016-04-15T04:02:13.000000;4f98d22a-e653-41f0-8ce6-6356f625e78a;427.91;1.0;UNKNOWN
2016-04-15T04:02:17.000000;2016-04-15T04:02:17.000000;e323acd0-74ea-41ea-a501-fb51913765ef;427.92;0.261;UNKNOWN
2016-04-15T04:02:18.000000;2016-04-15T04:02:18.000000;fd219eaa-234c-4878-800f-929145716173;427.92;0.026;UNKNOWN
2016-04-15T04:02:23.000000;2016-04-15T04:02:23.000000;f11b8762-91f9-471a-88fa-49ec04300eb7;427.92;0.02933;UNKNOWN
2016-04-15T04:02:23.000000;2016-04-15T04:02:23.000000;897631dd-3b16-495c-a907-7e40d6b77114;427.92;1.0;UNKNOWN
2016-04-15T04:02:26.000000;2016-04-15T04:02:26.000000;f294037b-5584-4352-81bd-e38ac1f1993c;427.73;0.02933;UNKNOWN
2016-04-15T04:02:29.000000;2016-04-15T04:02:29.000000;8301ecd4-a6cb-4555-8460-ae0225a4f5f8;427.67;1.0;UNKNOWN
2016-04-15T04:02:41.000000;2016-04-15T04:02:41.000000;506b93b9-a115-4de7-85c5-a89f5576d31a;427.88;0.2831;UNKNOWN
2016-04-15T04:02:46.000000;2016-04-15T04:02:46.000000;a02792cf-c8bc-45b8-82c9-857797069406;427.88;0.014;UNKNOWN
2016-04-15T04:02:51.000000;2016-04-15T04:02:51.000000;33c6ff7d-5f56-4490-b499-7a303f3a857b;427.93;0.026;UNKNOWN
2016-04-15T04:02:56.000000;2016-04-15T04:02:56.000000;4199ba7e-c3f3-45bf-b511-02a20ced4182;427.93;0.026;UNKNOWN
2016-04-15T04:03:01.000000;2016-04-15T04:03:01.000000;fc63b2e3-8cd1-4dfd-984d-01ab933bee08;427.93;1.0;UNKNOWN
2016-04-15T04:03:07.000000;2016-04-15T04:03:07.000000;af8e2bb2-b036-4296-8c7e-adfe33e5fc9b;427.93;0.02;UNKNOWN
2016-04-15T04:03:12.000000;2016-04-15T04:03:12.000000;01183990-157e-446b-be25-2646f8d7e8df;427.93;1.0;UNKNOWN
2016-04-15T04:03:23.000000;2016-04-15T04:03:23.000000;0ff5e51c-4342-4ba5-b825-ca6d798704d0;427.95;0.189;UNKNOWN
2016-04-15T04:03:27.000000;2016-04-15T04:03:27.000000;b87a4b15-f0fd-4f9c-9bc0-8a26559d1c81;427.95;0.46334692;UNKNOWN
2016-04-15T04:03:28.000000;2016-04-15T04:03:28.000000;d4b6632b-f84d-4875-8e16-71745178fe3a;427.95;0.066;UNKNOWN
2016-04-15T04:03:33.000000;2016-04-15T04:03:33.000000;62024eed-afc5-478f-9ba6-1315883a9e53;427.95;1.0;UNKNOWN
2016-04-15T04:03:39.000000;2016-04-15T04:03:39.000000;8924c0e3-47f4-4081-86af-074510a9e8bb;427.96;0.48876;UNKNOWN
2016-04-15T04:03:39.000000;2016-04-15T04:03:39.000000;9869847a-1845-4b2d-906c-f86fd02e1faa;427.97;0.5;UNKNOWN
2016-04-15T04:03:44.000000;2016-04-15T04:03:44.000000;be26f198-1c28-466f-8087-9a66dc733f13;427.95;0.01496;UNKNOWN
2016-04-15T04:03:49.000000;2016-04-15T04:03:49.000000;0179532b-23b2-43de-82f2-b1d27dfd6ba8;427.98;0.497;UNKNOWN
2016-04-15T04:03:54.000000;2016-04-15T04:03:54.000000;cb67efe7-2432-4f58-8abf-e1218748f7f0;427.97;0.43703;UNKNOWN
2016-04-15T04:03:54.000000;2016-04-15T04:03:54.000000;cef43485-2fc9-46cf-b049-6e66f86983a3;427.97;0.5;UNKNOWN
2016-04-15T04:03:59.000000;2016-04-15T04:03:59.000000;2e8e6920-e90a-4b1a-9780-9505c816a55e;427.88;0.01342;UNKNOWN
2016-04-15T04:04:11.000000;2016-04-15T04:04:11.000000;7f945b01-4c86-462d-884b-6107e1cd725d;427.93;0.6;UNKNOWN
2016-04-15T04:04:16.000000;2016-04-15T04:04:16.000000;6a8b5223-9479-4134-bd15-9af5ce6834d7;427.93;0.83505;UNKNOWN
2016-04-15T04:04:21.000000;2016-04-15T04:04:21.000000;30d786b2-8a85-47ee-95ed-fbd5917befeb;427.93;1.0;UNKNOWN
2016-04-15T04:04:26.000000;2016-04-15T04:04:26.000000;1ea93463-ecc6-449c-bbb4-6d9cfdd358b5;427.95;0.067;UNKNOWN
2016-04-15T04:04:31.000000;2016-04-15T04:04:31.000000;7dc2994a-dcd0-4e53-a4c3-a1551cb7ddee;427.95;0.56;UNKNOWN
2016-04-15T04:04:36.000000;2016-04-15T04:04:36.000000;f3d837c9-8fb3-470b-9332-53b304c5557c;427.95;0.026;UNKNOWN
2016-04-15T04:04:43.000000;2016-04-15T04:04:43.000000;2fbe517b-baca-4cdf-bb5a-9a3d24e5bd1e;427.95;0.029;UNKNOWN
2016-04-15T04:04:47.000000;2016-04-15T04:04:47.000000;ba5d5688-051d-429f-841d-105278f21cf4;427.96;1.0;UNKNOWN
2016-04-15T04:04:51.000000;2016-04-15T04:04:51.000000;aefb7613-b3c8-4c95-9a5f-5332532708f3;427.96;0.22025;UNKNOWN
2016-04-15T04:04:57.000000;2016-04-15T04:04:57.000000;7a56cb2e-9806-4a03-8a7e-c74e36031595;428.05;1.0;UNKNOWN
2016-04-15T04:05:03.000000;2016-04-15T04:05:03.000000;1005a965-4d20-43af-8024-744592c4f0ad;428.05;0.014;UNKNOWN
2016-04-15T04:05:08.000000;2016-04-15T04:05:08.000000;9628d6ca-36f4-4078-89fa-9a2eba29c0f2;428.05;0.02;UNKNOWN
2016-04-15T04:05:13.000000;2016-04-15T04:05:13.000000;4194e14d-9925-4024-8c50-21f82e458fbb;428.05;0.65;UNKNOWN
2016-04-15T04:05:18.000000;2016-04-15T04:05:18.000000;3b1480d5-362f-4a35-9746-1dc0796a32f5;427.59;0.656;UNKNOWN
2016-04-15T04:05:18.000000;2016-04-15T04:05:18.000000;16ddf751-ecb9-4423-a1f8-ef1b4e392c66;428.08;0.3;UNKNOWN
2016-04-15T04:05:18.000000;2016-04-15T04:05:18.000000;7bd62d47-1faa-4973-8480-d31b0717611c;428.15;6.9946;UNKNOWN
2016-04-15T04:05:18.000000;2016-04-15T04:05:18.000000;4c56324e-33c9-430d-803b-01b9fb44aff6;428.17;0.0054;UNKNOWN
2016-04-15T04:05:23.000000;2016-04-15T04:05:23.000000;a5f37ed5-4519-4c9c-ab33-f71b2744331b;427.85;0.25297;UNKNOWN
2016-04-15T04:05:38.000000;2016-04-15T04:05:38.000000;2e857933-3830-492a-b82a-d05c3b78d515;428.07;0.5;UNKNOWN
2016-04-15T04:05:38.000000;2016-04-15T04:05:38.000000;6fde4b33-253c-4e85-b279-a501cb3b7e06;428.06;0.5;UNKNOWN
2016-04-15T04:05:43.000000;2016-04-15T04:05:43.000000;1e314f96-cf40-4e35-b715-ccd38b7fdab0;428.07;0.44433;UNKNOWN
2016-04-15T04:05:48.000000;2016-04-15T04:05:48.000000;391fb600-b0da-490a-b0f3-424f12275e2d;428.06;0.44433;UNKNOWN
2016-04-15T04:05:48.000000;2016-04-15T04:05:48.000000;efb84f57-19bd-425b-858a-bc3b9b9ab69b;428.07;0.05567;UNKNOWN
2016-04-15T04:05:55.000000;2016-04-15T04:05:55.000000;ea82d017-3f1f-46be-b34e-bee77e383c3a;428.12;1.0;UNKNOWN
2016-04-15T04:05:55.000000;2016-04-15T04:05:55.000000;4581cfb5-0bcd-4fa9-aeaf-aed8aa9a3293;428.11;0.3846;UNKNOWN
2016-04-15T04:05:55.000000;2016-04-15T04:05:55.000000;11f3fe36-d4a2-4456-b424-863e96c75a48;428.27;6.9382;UNKNOWN
2016-04-15T04:05:55.000000;2016-04-15T04:05:55.000000;f1b2d4b6-c147-4558-b169-698112d4825b;428.28;1.6772;UNKNOWN
2016-04-15T04:06:50.000000;2016-04-15T04:06:50.000000;ed783fb3-5c80-405f-bb25-2aa144aca3fc;428.19;6.5;UNKNOWN
2016-04-15T04:06:50.000000;2016-04-15T04:06:50.000000;ebd7f8ca-5029-4fb8-9111-dfb276e353d9;428.19;3.0;UNKNOWN
2016-04-15T04:06:50.000000;2016-04-15T04:06:50.000000;fa0e8d07-b066-4798-a312-93bbd2d99aaa;428.19;0.5;UNKNOWN
2016-04-15T04:07:02.000000;2016-04-15T04:07:02.000000;babc1b98-fa9d-40ad-8469-31da734d4eb7;428.04;0.05852006;UNKNOWN
2016-04-15T04:07:21.000000;2016-04-15T04:07:21.000000;478d8a14-e251-4a3c-be77-77bb36bb3632;428.16;6.9332;UNKNOWN
2016-04-15T04:07:21.000000;2016-04-15T04:07:21.000000;9f02da57-085d-4670-8e33-05b347332234;428.16;1.0668;UNKNOWN
2016-04-15T04:07:45.000000;2016-04-15T04:07:45.000000;77cd7ec7-53ba-4c35-9345-7a86df3d72fc;428.12;0.814;UNKNOWN
2016-04-15T04:07:49.000000;2016-04-15T04:07:49.000000;40cbe1de-4051-4698-aeae-24e73b113358;428.12;0.685;UNKNOWN
2016-04-15T04:07:53.000000;2016-04-15T04:07:53.000000;472fd1a1-63c6-4e08-a5ef-4bda0dfa938d;428.12;1.0;UNKNOWN
2016-04-15T04:07:58.000000;2016-04-15T04:07:58.000000;dc9732a2-79a5-4b4c-8606-caf8317013cc;428.12;0.343;UNKNOWN
2016-04-15T04:08:02.000000;2016-04-15T04:08:02.000000;e609b54f-928f-4f78-9408-38f007163681;428.12;0.197;UNKNOWN
2016-04-15T04:08:07.000000;2016-04-15T04:08:07.000000;36759653-c72b-48b0-82a7-015505f97942;428.12;0.29;UNKNOWN
2016-04-15T04:08:11.000000;2016-04-15T04:08:11.000000;1ca6d2bb-595d-4319-b6a2-0a98ff0ca325;428.13;1.0;UNKNOWN
2016-04-15T04:08:37.000000;2016-04-15T04:08:37.000000;4755ffed-9d48-4390-9a46-92bfe7c9bb0f;428.15;3.0;UNKNOWN
2016-04-15T04:08:58.000000;2016-04-15T04:08:58.000000;79a183c4-414b-469b-8ddc-6d63e74a6c4f;428.16;0.078;UNKNOWN
2016-04-15T04:09:03.000000;2016-04-15T04:09:03.000000;1a3abb05-f635-4c75-93ab-a9705ae48d4c;427.79;0.584;UNKNOWN
2016-04-15T04:09:53.000000;2016-04-15T04:09:53.000000;2f149c04-9a5b-4f49-bf2d-ebfb910add45;428.24;6.9681;UNKNOWN
2016-04-15T04:09:53.000000;2016-04-15T04:09:53.000000;d75f401c-8b44-49a5-bf1a-d6edadc339b8;428.42;4.26322;UNKNOWN
2016-04-15T04:09:53.000000;2016-04-15T04:09:53.000000;d2957e24-5854-4f62-b0d6-745d22b7dca2;428.48;1.89704837;UNKNOWN
2016-04-15T04:09:53.000000;2016-04-15T04:09:53.000000;4c1c7f9c-c087-4113-977d-e8178531d9d5;428.45;19.12766737;UNKNOWN
2016-04-15T04:09:53.000000;2016-04-15T04:09:53.000000;68d92889-174b-4c49-bda5-eab19cc986ad;428.3;3.0;UNKNOWN
2016-04-15T04:09:53.000000;2016-04-15T04:09:53.000000;4a186f95-6ce2-455f-939c-0379f4efc4f1;428.46;0.3;UNKNOWN
2016-04-15T04:09:59.000000;2016-04-15T04:09:59.000000;0a5d2efc-bef7-4789-b15d-f91cf1d475ef;428.07;0.935;UNKNOWN
2016-04-15T04:10:03.000000;2016-04-15T04:10:03.000000;8c51c0da-91f8-4df5-83fc-dd26216d5339;428.09;0.357;UNKNOWN
