time_exchange;time_coinpai;guid;price;base_amount;taker_side
2016-04-15T00:00:01.000000;2016-04-15T00:00:01.000000;8bcee56c-e4dd-47e5-ab12-f0e303507dcc;426.4;0.01;UNKNOWN
2016-04-15T00:00:01.000000;2016-04-15T00:00:01.000000;011a772f-2d49-4366-8fa9-431f5fc92cc2;426.4;0.02003525;UNKNOWN
2016-04-15T00:00:01.000000;2016-04-15T00:00:01.000000;30d2f9ab-f191-415b-bbc7-bb999f4953f7;426.35;0.01;UNKNOWN
2016-04-15T00:00:01.000000;2016-04-15T00:00:01.000000;a77cf87b-5dea-40e9-8e22-1613803833f7;426.4;0.01;UNKNOWN
2016-04-15T00:00:01.000000;2016-04-15T00:00:01.000000;1868849f-8d16-4087-b417-760caf3037c7;426.4;0.01112;UNKNOWN
2016-04-15T00:00:01.000000;2016-04-15T00:00:01.000000;4b1ba83d-0a35-409c-a424-37b5b365616e;426.37;0.067;UNKNOWN
2016-04-15T00:00:01.000000;2016-04-15T00:00:01.000000;164f16b1-33dc-48cf-a38a-9999058f403b;426.35;0.01;UNKNOWN
2016-04-15T00:00:01.000000;2016-04-15T00:00:01.000000;5f553d2b-0b72-4642-aa2d-cf58ed87ae68;426.38;0.01;UNKNOWN
2016-04-15T00:00:01.000000;2016-04-15T00:00:01.000000;19149241-f972-4065-9c3d-9adfd5f44c22;426.35;0.03;UNKNOWN
2016-04-15T00:00:01.000000;2016-04-15T00:00:01.000000;df2100f7-000d-471c-82f5-297100ceda8c;426.37;0.05065246;UNKNOWN
2016-04-15T00:00:01.000000;2016-04-15T00:00:01.000000;282ec789-cf41-495c-9874-cdfd24295abc;426.4;0.02294229;UNKNOWN
2016-04-15T00:00:01.000000;2016-04-15T00:00:01.000000;f4f88b9b-aa73-435e-95e4-8af3b8d85466;426.37;0.02888;UNKNOWN
2016-04-15T00:00:01.000000;2016-04-15T00:00:01.000000;c4958b20-33e4-4dee-b98f-edd943821d3e;426.36;0.01;UNKNOWN
2016-04-15T00:00:01.000000;2016-04-15T00:00:01.000000;f84b5a9e-e62f-4742-92b3-f92ed7159a98;426.39;0.103;UNKNOWN
2016-04-15T00:00:31.000000;2016-04-15T00:00:31.000000;9178a16f-e649-4fa8-a11d-c27aec3400ad;426.44;0.02378816;UNKNOWN
2016-04-15T00:00:31.000000;2016-04-15T00:00:31.000000;6cd3da4d-b1a6-4b7d-a518-1e8df7d46c50;426.43;0.03;UNKNOWN
2016-04-15T00:00:31.000000;2016-04-15T00:00:31.000000;eca73830-9682-46eb-92a6-a89f3a5f08b4;426.48;1.79320547;UNKNOWN
2016-04-15T00:00:31.000000;2016-04-15T00:00:31.000000;2f982a50-67ac-4f0b-85e1-02030420eb04;426.48;0.02;UNKNOWN
2016-04-15T00:00:31.000000;2016-04-15T00:00:31.000000;72e5f9ea-aabd-4d88-9fc9-f6aa5e40f2e7;426.45;0.01;UNKNOWN
2016-04-15T00:00:31.000000;2016-04-15T00:00:31.000000;6927eaa7-56b8-4678-8f7e-701479d73566;426.41;0.119;UNKNOWN
2016-04-15T00:00:31.000000;2016-04-15T00:00:31.000000;2719a6fa-e6d7-457d-ba9b-0d4a9a8fae3e;426.45;0.03;UNKNOWN
2016-04-15T00:00:31.000000;2016-04-15T00:00:31.000000;9aa90bec-a5cb-4b17-bfb2-00fe1d382ca3;426.45;0.01;UNKNOWN
2016-04-15T00:00:31.000000;2016-04-15T00:00:31.000000;ab247cc1-2204-46b2-8c52-75c36a2e3883;426.44;0.01;UNKNOWN
2016-04-15T00:00:31.000000;2016-04-15T00:00:31.000000;bf6d9f64-c051-4e2e-be2f-43ea24f8940d;426.41;0.01;UNKNOWN
2016-04-15T00:00:31.000000;2016-04-15T00:00:31.000000;4604d927-3fba-46ba-b346-74c77cac5708;426.41;0.01;UNKNOWN
2016-04-15T00:00:31.000000;2016-04-15T00:00:31.000000;121599bb-e24b-4dcb-9c51-15ac9501d280;426.42;0.01;UNKNOWN
2016-04-15T00:00:31.000000;2016-04-15T00:00:31.000000;745cab29-9521-437e-9f82-c480c8f2cb67;426.43;0.01;UNKNOWN
2016-04-15T00:00:31.000000;2016-04-15T00:00:31.000000;7f969100-98d6-4f37-aed9-c827210e3c72;426.4;0.01;UNKNOWN
2016-04-15T00:00:31.000000;2016-04-15T00:00:31.000000;9b6f0ceb-1ce0-4584-9755-3a8a67549944;426.41;0.02;UNKNOWN
2016-04-15T00:00:31.000000;2016-04-15T00:00:31.000000;1e95484b-6f1d-40a8-a8ab-2ea87f60e2b7;426.4;0.01;UNKNOWN
2016-04-15T00:00:31.000000;2016-04-15T00:00:31.000000;556ef96e-e6f9-42f9-a30b-fe6838165925;426.4;0.05;UNKNOWN
2016-04-15T00:00:31.000000;2016-04-15T00:00:31.000000;48983174-f228-4c71-a1ab-db81f74a8abe;426.4;0.05;UNKNOWN
2016-04-15T00:00:31.000000;2016-04-15T00:00:31.000000;5cc302e9-da16-4b6f-9f64-aa67c09319e3;426.4;0.07705771;UNKNOWN
2016-04-15T00:00:31.000000;2016-04-15T00:00:31.000000;46d1131d-bee7-453d-b90c-dbaca6050150;426.4;0.05;UNKNOWN
2016-04-15T00:00:31.000000;2016-04-15T00:00:31.000000;b2f622f4-5afa-4eea-8fd5-6196a4cc87a2;426.4;0.02;UNKNOWN
2016-04-15T00:00:31.000000;2016-04-15T00:00:31.000000;5587300c-1262-44ef-a271-6a6cc214ecb8;426.45;0.02;UNKNOWN
2016-04-15T00:00:31.000000;2016-04-15T00:00:31.000000;d6fba050-5bb3-4834-9b44-6346e37d0cc8;426.47;0.01034866;UNKNOWN
2016-04-15T00:00:31.000000;2016-04-15T00:00:31.000000;c1aaa1ce-2105-4e9b-95f0-be240a2e77b2;426.46;0.126;UNKNOWN
2016-04-15T00:01:01.000000;2016-04-15T00:01:01.000000;03c1ca4d-7eb2-4c5f-b78c-1947122dbcc3;426.49;0.21427;UNKNOWN
2016-04-15T00:01:01.000000;2016-04-15T00:01:01.000000;1965238e-0885-4f9d-a897-52e4ee80f56d;426.45;0.02;UNKNOWN
2016-04-15T00:01:01.000000;2016-04-15T00:01:01.000000;4238b487-8e41-4d87-a8fe-0c40897c6cb4;426.49;0.02;UNKNOWN
2016-04-15T00:01:31.000000;2016-04-15T00:01:31.000000;f63359df-7f19-48db-adda-b4d1278a3714;426.45;0.02;UNKNOWN
2016-04-15T00:01:31.000000;2016-04-15T00:01:31.000000;6ec277ac-7e1e-461b-b876-00c79551015b;426.49;0.37333;UNKNOWN
2016-04-15T00:01:31.000000;2016-04-15T00:01:31.000000;c53ae11d-782a-4e65-87c1-e625a14a5395;426.49;0.58573;UNKNOWN
2016-04-15T00:01:31.000000;2016-04-15T00:01:31.000000;21a427f8-7477-4e0d-8e9f-e5037c659dec;426.45;0.137;UNKNOWN
2016-04-15T00:02:01.000000;2016-04-15T00:02:01.000000;fe3cfcda-76e4-417a-b0c7-568ec6dcb6f5;426.49;1.95349;UNKNOWN
2016-04-15T00:02:01.000000;2016-04-15T00:02:01.000000;059f5ad9-0160-41e4-9fcf-05db19b9fb9a;426.45;0.385;UNKNOWN
2016-04-15T00:02:01.000000;2016-04-15T00:02:01.000000;8ce99919-2a5e-463d-8041-c3559ef274e7;426.45;0.02;UNKNOWN
2016-04-15T00:02:31.000000;2016-04-15T00:02:31.000000;9126452d-f3d6-4e14-a80f-e66649716a67;426.45;0.03804;UNKNOWN
2016-04-15T00:02:31.000000;2016-04-15T00:02:31.000000;6eac221b-42b9-4ef3-bf02-79b7e316a8f5;426.45;0.02;UNKNOWN
2016-04-15T00:03:03.000000;2016-04-15T00:03:03.000000;7c11d27c-0009-4f88-a259-1a55748c2cfd;426.43;0.01;UNKNOWN
2016-04-15T00:03:03.000000;2016-04-15T00:03:03.000000;57a93316-ad2d-4566-93fe-fb207cb44dce;426.42;0.00698;UNKNOWN
2016-04-15T00:03:03.000000;2016-04-15T00:03:03.000000;84a9a7fb-5275-42f3-b172-c9daf1b3a2d4;426.44;0.17;UNKNOWN
2016-04-15T00:03:03.000000;2016-04-15T00:03:03.000000;24ceb8e5-a229-4a3b-8be7-c35ff12395c2;426.44;0.01;UNKNOWN
2016-04-15T00:03:20.000000;2016-04-15T00:03:20.000000;d0260379-f0cf-4df8-a13c-108c0c26486b;426.43;0.01;UNKNOWN
2016-04-15T00:03:28.000000;2016-04-15T00:03:28.000000;4224374c-bd57-4c66-9a6e-769de60d34ce;426.43;0.025;UNKNOWN
2016-04-15T00:03:31.000000;2016-04-15T00:03:31.000000;394249a8-b67b-49de-965a-aacd1d43ae8f;426.43;0.27907;UNKNOWN
2016-04-15T00:03:44.000000;2016-04-15T00:03:44.000000;e1fc14e2-63aa-49a9-bbf5-d6e90168fe9e;426.43;0.024;UNKNOWN
2016-04-15T00:03:44.000000;2016-04-15T00:03:44.000000;9b1bf676-9889-435b-b9ae-656ce8f32d42;426.43;0.012;UNKNOWN
2016-04-15T00:04:31.000000;2016-04-15T00:04:31.000000;1d042361-7f55-47d7-8500-08f7a8b89e02;426.45;2.53342;UNKNOWN
2016-04-15T00:04:31.000000;2016-04-15T00:04:31.000000;19ea2d62-de38-4ad5-8559-71a4d45cd72b;426.43;0.343;UNKNOWN
2016-04-15T00:04:31.000000;2016-04-15T00:04:31.000000;6e3ad226-9eac-4c45-a8f1-e8b2569e349d;426.43;2.0;UNKNOWN
2016-04-15T00:04:34.000000;2016-04-15T00:04:34.000000;ce621528-45c8-49ab-ba90-6f0e7bb346cb;426.43;0.01;UNKNOWN
2016-04-15T00:04:36.000000;2016-04-15T00:04:36.000000;1e38a3b7-8bc0-45af-ba25-0f7f10547974;426.48;0.15138959;UNKNOWN
2016-04-15T00:04:36.000000;2016-04-15T00:04:36.000000;4228ccd8-b8b5-4434-b534-fe0fb118c423;426.44;0.03017356;UNKNOWN
2016-04-15T00:04:36.000000;2016-04-15T00:04:36.000000;9750ede0-4fac-47a1-a6f6-835a89511505;426.43;0.06515024;UNKNOWN
2016-04-15T00:04:36.000000;2016-04-15T00:04:36.000000;a29ca706-d33f-4665-8831-6a6d42d3d0a6;426.44;0.19505609;UNKNOWN
2016-04-15T00:04:36.000000;2016-04-15T00:04:36.000000;2c74698a-886f-4464-ab23-9052fe6d55ae;426.43;0.02484976;UNKNOWN
2016-04-15T00:04:36.000000;2016-04-15T00:04:36.000000;f081aa79-7241-4585-ab87-d45b7881f8f6;426.48;0.29994391;UNKNOWN
2016-04-15T00:04:36.000000;2016-04-15T00:04:36.000000;5bbd8bcf-b176-46f7-b8ff-29239b967ddb;426.44;0.024;UNKNOWN
2016-04-15T00:04:36.000000;2016-04-15T00:04:36.000000;85c74ee3-ea19-4602-b3ef-71db633cf7dc;426.44;0.11977035;UNKNOWN
2016-04-15T00:05:01.000000;2016-04-15T00:05:01.000000;6fbb2367-e103-4855-83d0-acd37487f4af;426.48;0.11499;UNKNOWN
2016-04-15T00:05:01.000000;2016-04-15T00:05:01.000000;c0f36a56-8fcb-478a-b306-4d7701e587dc;426.45;0.0438;UNKNOWN
2016-04-15T00:05:01.000000;2016-04-15T00:05:01.000000;73d94dfe-cee5-4a59-b14a-2c6dab8f5119;426.46;0.307;UNKNOWN
2016-04-15T00:05:01.000000;2016-04-15T00:05:01.000000;56eedeb1-3a64-4e1c-94cb-39968494212c;426.46;0.01;UNKNOWN
2016-04-15T00:05:31.000000;2016-04-15T00:05:31.000000;3353388a-3f45-4185-86ab-7ee48e7d430e;426.46;1.36273;UNKNOWN
2016-04-15T00:05:37.000000;2016-04-15T00:05:37.000000;9c3b3b4f-e4a3-4003-83e8-e7735926adda;426.45;0.01;UNKNOWN
2016-04-15T00:05:37.000000;2016-04-15T00:05:37.000000;207f5210-a866-4a25-bb1e-9548afd2a40d;426.46;0.32;UNKNOWN
2016-04-15T00:06:01.000000;2016-04-15T00:06:01.000000;280b8222-b4e9-4087-9888-2069b3e9d457;426.45;0.04834;UNKNOWN
2016-04-15T00:06:31.000000;2016-04-15T00:06:31.000000;8e8e4273-3489-499b-8975-3b51357d6128;426.45;0.23632;UNKNOWN
2016-04-15T00:07:01.000000;2016-04-15T00:07:01.000000;5fb1cdcd-a217-4dcb-afa5-11c43b9330c0;426.43;0.01;UNKNOWN
2016-04-15T00:07:01.000000;2016-04-15T00:07:01.000000;f3b7f830-2bb8-4c2c-92b6-fc8747d0408a;426.43;0.01;UNKNOWN
2016-04-15T00:07:01.000000;2016-04-15T00:07:01.000000;b598ab23-8e4d-4d21-96d4-64827352b157;426.44;0.01;UNKNOWN
2016-04-15T00:07:31.000000;2016-04-15T00:07:31.000000;89d91aef-4554-4a91-87b8-924178b03168;426.44;0.01;UNKNOWN
2016-04-15T00:07:31.000000;2016-04-15T00:07:31.000000;24ee8549-a85e-4c5f-bab4-79feeade182e;426.43;0.057;UNKNOWN
2016-04-15T00:07:31.000000;2016-04-15T00:07:31.000000;ca45cdca-5b05-42eb-b507-63df3127766b;426.41;0.01;UNKNOWN
2016-04-15T00:07:31.000000;2016-04-15T00:07:31.000000;c77c4ba8-42c2-4a4f-b6e4-c5b61efb24a9;426.42;0.00302;UNKNOWN
2016-04-15T00:07:31.000000;2016-04-15T00:07:31.000000;119247c7-2f11-4eb7-8ce4-e3b1e4288001;426.43;0.073;UNKNOWN
2016-04-15T00:07:31.000000;2016-04-15T00:07:31.000000;57e5d649-c1e6-47e7-a408-7f6187565d91;426.39;0.11;UNKNOWN
2016-04-15T00:07:31.000000;2016-04-15T00:07:31.000000;09ad802a-7ece-472d-84f1-548726bbf18d;426.4;0.01;UNKNOWN
2016-04-15T00:07:31.000000;2016-04-15T00:07:31.000000;5d01f5dd-3857-4208-829c-2eda7f09e1c0;426.4;0.0115;UNKNOWN
2016-04-15T00:07:31.000000;2016-04-15T00:07:31.000000;d21f2e2d-55bf-4294-9548-95f5b8281636;426.39;0.2;UNKNOWN
2016-04-15T00:07:31.000000;2016-04-15T00:07:31.000000;920fff57-f3f6-4ba2-ad49-1054b0358245;426.4;1.0;UNKNOWN
2016-04-15T00:07:31.000000;2016-04-15T00:07:31.000000;6f0587dc-6a57-4152-93d8-8489ff3f99de;426.36;0.01;UNKNOWN
2016-04-15T00:07:31.000000;2016-04-15T00:07:31.000000;9a371509-8ff2-4416-a904-4e3519777bc4;426.38;0.114;UNKNOWN
2016-04-15T00:07:31.000000;2016-04-15T00:07:31.000000;df713480-d905-431a-a852-0b692d695d4f;426.38;0.01;UNKNOWN
2016-04-15T00:07:31.000000;2016-04-15T00:07:31.000000;303c0320-7a0f-48b1-976c-7460aea542e5;426.35;0.01;UNKNOWN
2016-04-15T00:07:31.000000;2016-04-15T00:07:31.000000;0aa6d880-70b5-4792-86f0-a3a75cf6cee5;426.35;4.28537;UNKNOWN
2016-04-15T00:08:01.000000;2016-04-15T00:08:01.000000;f37c4170-6456-4662-8d97-b37c482df343;426.43;0.16;UNKNOWN
2016-04-15T00:08:01.000000;2016-04-15T00:08:01.000000;1e325e16-f3f1-480f-9583-02f6de0e92c4;426.42;0.01;UNKNOWN
2016-04-15T00:08:01.000000;2016-04-15T00:08:01.000000;d4abbc9b-d7e8-4fc6-8ff6-abc4c5b3c1be;426.45;0.49298;UNKNOWN
2016-04-15T00:08:01.000000;2016-04-15T00:08:01.000000;df2170f2-39ea-4d4c-84e9-8e56039fc8a1;426.44;0.01;UNKNOWN
2016-04-15T00:08:31.000000;2016-04-15T00:08:31.000000;352ef9b4-bff9-4fe8-877b-d799a7f859f3;426.47;0.01;UNKNOWN
2016-04-15T00:08:31.000000;2016-04-15T00:08:31.000000;c1e0b256-17a5-45e2-a313-017fbef0330a;426.47;0.0683;UNKNOWN
2016-04-15T00:08:31.000000;2016-04-15T00:08:31.000000;6cd58737-dbef-4dfb-b0c2-e2553def2847;426.45;1.21236;UNKNOWN
2016-04-15T00:09:01.000000;2016-04-15T00:09:01.000000;1c2917e0-018a-45b4-a66d-84d9abd090c0;426.48;0.9271;UNKNOWN
2016-04-15T00:09:31.000000;2016-04-15T00:09:31.000000;9bbbea1f-54db-4cce-a702-aef671c49d30;426.51;0.01;UNKNOWN
2016-04-15T00:09:31.000000;2016-04-15T00:09:31.000000;30421b5a-8b79-419b-8220-761892a10227;426.5;0.01;UNKNOWN
2016-04-15T00:09:31.000000;2016-04-15T00:09:31.000000;ab042cb5-f896-4359-aa9f-63cd029e8dbe;426.53;0.0232;UNKNOWN
2016-04-15T00:09:31.000000;2016-04-15T00:09:31.000000;6aeef155-d5be-4a65-919b-acf12a7e896f;426.51;0.02;UNKNOWN
2016-04-15T00:09:31.000000;2016-04-15T00:09:31.000000;7cff85cc-e26f-4d9e-bfee-40b251a1977b;426.52;7.03762;UNKNOWN
2016-04-15T00:09:31.000000;2016-04-15T00:09:31.000000;c81bdf83-7971-4a50-8f1b-e0b72e2c82fb;426.51;0.154;UNKNOWN
2016-04-15T00:09:31.000000;2016-04-15T00:09:31.000000;1cb939fb-dc17-4249-b733-16aa4e7a1fa7;426.52;0.01;UNKNOWN
2016-04-15T00:09:31.000000;2016-04-15T00:09:31.000000;d743c70e-c74f-4c66-b0be-20410ee7be14;426.53;2.21043454;UNKNOWN
2016-04-15T00:09:31.000000;2016-04-15T00:09:31.000000;71a5abae-c01f-4b8e-a8c1-cc0b28734f33;426.5;0.0115;UNKNOWN
2016-04-15T00:09:31.000000;2016-04-15T00:09:31.000000;3d308cfa-2dd4-4ca0-8005-c6d7a2a5b6db;426.5;0.01;UNKNOWN
2016-04-15T00:09:31.000000;2016-04-15T00:09:31.000000;697ee77d-bda8-45c8-9619-6f2e98e99748;426.48;0.0729;UNKNOWN
2016-04-15T00:09:31.000000;2016-04-15T00:09:31.000000;4323cf99-5ddf-4532-acb3-929520263316;426.5;0.02001645;UNKNOWN
2016-04-15T00:09:31.000000;2016-04-15T00:09:31.000000;3252512d-cdba-401d-a3cf-e2bc3ab54171;426.5;0.5;UNKNOWN
2016-04-15T00:09:31.000000;2016-04-15T00:09:31.000000;d09d12f8-ebe4-43e8-9b84-ea6a3d53d89c;426.5;0.01;UNKNOWN
2016-04-15T00:09:31.000000;2016-04-15T00:09:31.000000;c7456476-c170-4bff-843e-693f9e17c7dc;426.5;0.01930658;UNKNOWN
2016-04-15T00:09:31.000000;2016-04-15T00:09:31.000000;92d59bdd-341c-4537-ab04-66b13d62f67b;426.5;0.01931243;UNKNOWN
2016-04-15T00:10:01.000000;2016-04-15T00:10:01.000000;db98173d-6d96-461f-b7bc-15df23b3325f;426.5;0.05244;UNKNOWN
2016-04-15T00:10:31.000000;2016-04-15T00:10:31.000000;ecc38cc6-6fb5-46cc-9012-5bca9d7e67ca;426.5;0.32;UNKNOWN
2016-04-15T00:10:31.000000;2016-04-15T00:10:31.000000;3ea3b262-4f93-453c-8b59-b9564fa6d7cb;426.5;3.53929;UNKNOWN
2016-04-15T00:11:01.000000;2016-04-15T00:11:01.000000;b42921af-722b-4337-8f77-e5dff6d96806;426.5;0.56338;UNKNOWN
2016-04-15T00:11:33.000000;2016-04-15T00:11:33.000000;c31243e5-7da7-4f10-9ea2-803647af6ae0;426.5;0.15941;UNKNOWN
2016-04-15T00:12:01.000000;2016-04-15T00:12:01.000000;b55df445-f918-470e-981d-4f898bc996d0;426.5;0.46891;UNKNOWN
2016-04-15T00:12:32.000000;2016-04-15T00:12:32.000000;cb61cf08-8bf0-45a8-88b9-b3dda13ca060;426.5;0.09379;UNKNOWN
2016-04-15T00:12:32.000000;2016-04-15T00:12:32.000000;5347c716-f4e1-4fce-9a87-44c8fec21efc;426.5;0.16157;UNKNOWN
2016-04-15T00:13:31.000000;2016-04-15T00:13:31.000000;c82a1415-5637-437a-9aa7-4fa824811bb0;426.5;2.11517;UNKNOWN
2016-04-15T00:13:38.000000;2016-04-15T00:13:38.000000;54dd9a29-ca69-482f-85a6-041b1f015340;426.48;0.01;UNKNOWN
2016-04-15T00:13:38.000000;2016-04-15T00:13:38.000000;24e3ff4e-f574-4ac3-a5e6-00c25bdb6566;426.48;0.0115;UNKNOWN
2016-04-15T00:13:38.000000;2016-04-15T00:13:38.000000;a94ca776-b3ff-45fb-a5cb-0bc554648032;426.49;0.01;UNKNOWN
2016-04-15T00:13:38.000000;2016-04-15T00:13:38.000000;6cad49f6-79ce-41de-99c3-fe7762359cfd;426.38;0.01;UNKNOWN
2016-04-15T00:13:38.000000;2016-04-15T00:13:38.000000;f1d86a87-20be-4144-b241-f20135062ec3;426.46;0.03;UNKNOWN
2016-04-15T00:13:38.000000;2016-04-15T00:13:38.000000;b8c3bc83-80d5-49f5-90cf-0768c32e1d8e;426.39;0.01;UNKNOWN
2016-04-15T00:13:38.000000;2016-04-15T00:13:38.000000;1f8cca96-c54d-4d31-b19f-85ac28e261c7;426.47;0.093;UNKNOWN
2016-04-15T00:13:38.000000;2016-04-15T00:13:38.000000;36a727de-cd58-4dad-ab73-f89e42ee99d2;426.4;1.0;UNKNOWN
2016-04-15T00:13:38.000000;2016-04-15T00:13:38.000000;a03df0a5-2cc6-469a-9b7f-a962b03ea92d;426.35;1.5454812;UNKNOWN
2016-04-15T00:13:38.000000;2016-04-15T00:13:38.000000;a3118cd8-0bf8-4d67-a18a-00f89ba3a385;426.35;0.01;UNKNOWN
2016-04-15T00:13:38.000000;2016-04-15T00:13:38.000000;9d3ac313-9301-4d7a-9d8d-4868d5307204;426.47;0.01;UNKNOWN
2016-04-15T00:13:38.000000;2016-04-15T00:13:38.000000;ee4b706e-615f-4776-8312-701f6a3f35be;426.47;0.07;UNKNOWN
2016-04-15T00:13:38.000000;2016-04-15T00:13:38.000000;54a30a66-ad03-4bc7-a092-85bcbe19eddb;426.47;0.01;UNKNOWN
2016-04-15T00:13:38.000000;2016-04-15T00:13:38.000000;0f91708a-5aa3-45ca-85df-03beeb12baf3;426.48;0.067;UNKNOWN
2016-04-15T00:13:38.000000;2016-04-15T00:13:38.000000;17daab16-7f2b-4f63-84fc-5a1ccc7e3038;426.35;0.01;UNKNOWN
2016-04-15T00:13:38.000000;2016-04-15T00:13:38.000000;6c62b36b-421b-4723-9d6b-ad36eacf42de;426.4;0.0200188;UNKNOWN
2016-04-15T00:13:38.000000;2016-04-15T00:13:38.000000;3a05f2b9-f4fb-4515-b418-a230cb04d1d5;426.38;0.3;UNKNOWN
2016-04-15T00:13:38.000000;2016-04-15T00:13:38.000000;ad63046a-a5c7-487e-bae1-959aae0dc3d8;426.4;0.01;UNKNOWN
2016-04-15T00:13:38.000000;2016-04-15T00:13:38.000000;aab9ed25-a51b-412a-8910-a7ced2f237d7;426.41;0.075;UNKNOWN
2016-04-15T00:13:38.000000;2016-04-15T00:13:38.000000;f401e9f1-b042-430e-bb17-e9ced3950e5b;426.37;0.081;UNKNOWN
2016-04-15T00:13:38.000000;2016-04-15T00:13:38.000000;544b70e0-985e-42ef-850a-f55e1f0d9510;426.36;0.01;UNKNOWN
2016-04-15T00:13:38.000000;2016-04-15T00:13:38.000000;6ffd3043-5781-44e4-a959-01edfee0c619;426.45;0.01;UNKNOWN
2016-04-15T00:13:38.000000;2016-04-15T00:13:38.000000;91dd1131-0da8-4623-bf1e-b07128b4e3f6;426.42;0.107;UNKNOWN
2016-04-15T00:14:01.000000;2016-04-15T00:14:01.000000;0a1df986-e98a-4fc2-aa4d-fee11db9f91f;426.42;0.11342;UNKNOWN
2016-04-15T00:14:01.000000;2016-04-15T00:14:01.000000;c816e8a5-c3b3-4377-8918-7f06d6d8c64d;426.41;0.3;UNKNOWN
2016-04-15T00:14:01.000000;2016-04-15T00:14:01.000000;fb8f79cb-8d62-4535-ba09-b32b2e9eb0ca;426.4;0.01;UNKNOWN
2016-04-15T00:14:01.000000;2016-04-15T00:14:01.000000;f3264c68-e1bf-4ff7-931b-f61c3a2865e5;426.4;0.01302;UNKNOWN
2016-04-15T00:14:31.000000;2016-04-15T00:14:31.000000;c4d94dba-a0e8-45fb-9ef3-89003df5480b;426.42;1.8;UNKNOWN
2016-04-15T00:15:04.000000;2016-04-15T00:15:04.000000;a48e2182-d4ce-47c2-b91a-062700655677;426.41;0.8353;UNKNOWN
2016-04-15T00:15:32.000000;2016-04-15T00:15:32.000000;c46f4e1a-0e47-4228-9c3e-1fd418c7d77d;426.41;4.5607;UNKNOWN
2016-04-15T00:15:32.000000;2016-04-15T00:15:32.000000;11f3e73a-e044-49b2-abce-71e20d5e2852;426.42;4.56258;UNKNOWN
2016-04-15T00:15:32.000000;2016-04-15T00:15:32.000000;b42c1a9a-d2a0-4086-aa17-a44c6536341c;426.45;0.01;UNKNOWN
2016-04-15T00:15:32.000000;2016-04-15T00:15:32.000000;8b1b5b23-dcda-4d2d-9157-13e42654c803;426.47;2.43179;UNKNOWN
2016-04-15T00:16:01.000000;2016-04-15T00:16:01.000000;af283e22-5c24-4cf1-946b-4140381d7986;426.41;0.15072;UNKNOWN
2016-04-15T00:16:12.000000;2016-04-15T00:16:12.000000;ae64b232-b16a-403e-8390-95027f00126a;426.41;0.02833855;UNKNOWN
2016-04-15T00:17:01.000000;2016-04-15T00:17:01.000000;05b0d522-238c-45ad-99af-28ba6a3eb33f;426.41;0.55451;UNKNOWN
2016-04-15T00:18:01.000000;2016-04-15T00:18:01.000000;6fa8389b-cf21-4108-871c-01e5895e9c91;426.48;0.0694;UNKNOWN
2016-04-15T00:18:31.000000;2016-04-15T00:18:31.000000;67084abd-e102-4d11-8170-381c55ebfd6f;426.48;0.31386;UNKNOWN
2016-04-15T00:19:01.000000;2016-04-15T00:19:01.000000;d56b3a5b-9d22-4685-aff8-b76b26649fff;426.44;0.091;UNKNOWN
2016-04-15T00:19:01.000000;2016-04-15T00:19:01.000000;07005386-338e-4d27-bf3f-4c2dd0f1b535;426.4;0.020098;UNKNOWN
2016-04-15T00:19:01.000000;2016-04-15T00:19:01.000000;d3bbb567-a6e8-4053-97c8-3af83c5bbebb;426.45;0.067;UNKNOWN
2016-04-15T00:19:01.000000;2016-04-15T00:19:01.000000;0e4afe80-dfa5-4ad7-9908-c65611bd8cb7;426.36;0.01;UNKNOWN
2016-04-15T00:19:01.000000;2016-04-15T00:19:01.000000;5e9578aa-2230-45e7-aa52-e762172f2140;426.4;0.01;UNKNOWN
2016-04-15T00:19:01.000000;2016-04-15T00:19:01.000000;a2c0e8dc-a741-4b30-8add-ebc0342d26f6;426.39;0.3;UNKNOWN
2016-04-15T00:19:01.000000;2016-04-15T00:19:01.000000;87c428cc-9e48-40a3-a51e-daebc84bd282;426.39;0.123;UNKNOWN
2016-04-15T00:19:01.000000;2016-04-15T00:19:01.000000;1c964287-86bf-4b56-b700-c52460f83feb;426.35;0.01;UNKNOWN
2016-04-15T00:19:01.000000;2016-04-15T00:19:01.000000;621c9373-ec63-4822-ace1-ac1648bf7288;426.36;0.31385999;UNKNOWN
2016-04-15T00:19:01.000000;2016-04-15T00:19:01.000000;a6c16a17-5bb1-45e9-a916-02bcfb5f7015;426.36;0.0694;UNKNOWN
2016-04-15T00:19:01.000000;2016-04-15T00:19:01.000000;782b87a7-db46-4678-917f-cad91092a08e;426.35;2.78993201;UNKNOWN
2016-04-15T00:19:01.000000;2016-04-15T00:19:01.000000;5f089ded-bbc2-4721-8e39-ffba4d85fdde;426.47;0.01;UNKNOWN
2016-04-15T00:19:09.000000;2016-04-15T00:19:09.000000;341a0c04-6309-4dfd-9ba4-63665b42e877;426.34;0.099789;UNKNOWN
2016-04-15T00:19:09.000000;2016-04-15T00:19:09.000000;7f56e631-cc6f-4ce9-b7a7-d24ce2f14705;426.34;0.100211;UNKNOWN
2016-04-15T00:19:11.000000;2016-04-15T00:19:11.000000;11a7e3cc-4ed9-4471-b261-fbc8ce0e36dd;426.36;0.0171;UNKNOWN
2016-04-15T00:19:11.000000;2016-04-15T00:19:11.000000;8b7c5110-7218-4f5a-8708-a8c1a2f83fec;426.33;0.1829;UNKNOWN
2016-04-15T00:19:13.000000;2016-04-15T00:19:13.000000;31550229-7211-49df-aeba-3c3b63c88f7c;426.34;0.2;UNKNOWN
2016-04-15T00:19:16.000000;2016-04-15T00:19:16.000000;7e65c759-f09c-44c8-995f-a637d5a56abb;426.33;0.2;UNKNOWN
2016-04-15T00:19:18.000000;2016-04-15T00:19:18.000000;d7859267-d6c9-4a43-b9a2-03636b1c5364;426.34;0.2;UNKNOWN
2016-04-15T00:19:20.000000;2016-04-15T00:19:20.000000;daa0afc2-cdb3-4b89-a6ff-cd9f02016fa2;426.33;0.2;UNKNOWN
2016-04-15T00:19:22.000000;2016-04-15T00:19:22.000000;83925a8b-f9c3-497a-98a0-4e64b2996c98;426.34;0.2;UNKNOWN
2016-04-15T00:19:25.000000;2016-04-15T00:19:25.000000;8ce75c38-8f8c-44db-995a-d8461604dfd8;426.33;0.2;UNKNOWN
2016-04-15T00:19:27.000000;2016-04-15T00:19:27.000000;29679acb-1d8a-4faa-a0aa-066748662c40;426.34;0.2;UNKNOWN
2016-04-15T00:19:29.000000;2016-04-15T00:19:29.000000;dfd6f7e5-209f-419f-b090-b189bb53948d;426.34;0.2;UNKNOWN
2016-04-15T00:19:31.000000;2016-04-15T00:19:31.000000;40b81724-513e-4fd8-ade0-6c0c5503bab5;426.49;0.020098;UNKNOWN
2016-04-15T00:19:31.000000;2016-04-15T00:19:31.000000;871051a3-ee3b-4ede-8974-cbd7e80a2135;426.48;0.3;UNKNOWN
2016-04-15T00:19:31.000000;2016-04-15T00:19:31.000000;ccee8727-809b-4ae7-882e-70d13f7bfb55;426.48;0.61674;UNKNOWN
2016-04-15T00:19:31.000000;2016-04-15T00:19:31.000000;c5f41a1c-1272-483a-add2-e0f0e58562e8;426.44;0.31385998;UNKNOWN
2016-04-15T00:19:31.000000;2016-04-15T00:19:31.000000;fdb49df8-5a42-489c-99a5-3e5f1ecf67e7;426.43;0.01;UNKNOWN
2016-04-15T00:19:31.000000;2016-04-15T00:19:31.000000;6c2fe8ad-c95f-4b58-bc2c-d0331b4f311e;426.44;0.0694;UNKNOWN
2016-04-15T00:19:31.000000;2016-04-15T00:19:31.000000;784017b6-6287-4a61-a2d5-e64166c39813;426.45;0.01;UNKNOWN
2016-04-15T00:19:31.000000;2016-04-15T00:19:31.000000;213ac072-30b1-433c-aa61-4eadbe5b884e;426.49;0.22893202;UNKNOWN
2016-04-15T00:19:31.000000;2016-04-15T00:19:31.000000;a900d254-0a8e-4e48-820d-b32b6bf62740;426.35;0.2;UNKNOWN
2016-04-15T00:19:34.000000;2016-04-15T00:19:34.000000;3a43c3c6-d07d-4fb6-a1b2-3e9f574ced26;426.37;0.2;UNKNOWN
2016-04-15T00:19:36.000000;2016-04-15T00:19:36.000000;fe07d20f-1643-42a6-8dd1-8a5b5e84a0e7;426.38;0.2;UNKNOWN
2016-04-15T00:19:38.000000;2016-04-15T00:19:38.000000;5159c35e-3a5f-40fe-9440-026faeed183c;426.39;0.01;UNKNOWN
2016-04-15T00:19:38.000000;2016-04-15T00:19:38.000000;ae22df6e-c9d2-4b61-9cf8-209a9c4d417a;426.39;0.19;UNKNOWN
2016-04-15T00:19:40.000000;2016-04-15T00:19:40.000000;aa258031-c4ec-4206-9f26-1823f2efa3b2;426.38;0.2;UNKNOWN
2016-04-15T00:19:42.000000;2016-04-15T00:19:42.000000;baf9f555-5c72-42c8-aa67-b68d5e376b54;426.38;0.2;UNKNOWN
2016-04-15T00:19:45.000000;2016-04-15T00:19:45.000000;5d7783d8-7baf-48de-bb46-6a3d9a7affe4;426.38;0.2;UNKNOWN
2016-04-15T00:19:47.000000;2016-04-15T00:19:47.000000;edc62436-6c9e-4134-bb6c-9e03bd557316;426.38;0.2;UNKNOWN
2016-04-15T00:19:49.000000;2016-04-15T00:19:49.000000;b13a43f0-fe34-41bb-a737-e062de03992c;426.42;0.0295;UNKNOWN
2016-04-15T00:19:49.000000;2016-04-15T00:19:49.000000;9233d560-3e77-4190-9b86-e4d2131980b1;426.4;0.1419;UNKNOWN
2016-04-15T00:19:49.000000;2016-04-15T00:19:49.000000;b30760c2-facf-42b7-baab-aef257bf1a89;426.4;0.0286;UNKNOWN
2016-04-15T00:19:51.000000;2016-04-15T00:19:51.000000;cf7aea1f-1f41-45e1-8a62-539e28350ff4;426.38;0.2;UNKNOWN
2016-04-15T00:19:53.000000;2016-04-15T00:19:53.000000;baa3abe6-8948-437b-a793-1a3ca128a99c;426.39;0.1209;UNKNOWN
2016-04-15T00:20:01.000000;2016-04-15T00:20:01.000000;969980d3-388e-4d82-bc04-1c84b945f8d6;426.49;0.02;UNKNOWN
2016-04-15T00:20:01.000000;2016-04-15T00:20:01.000000;6bb0735f-f4de-448a-9352-8d0a52bc53f7;426.42;0.01;UNKNOWN
2016-04-15T00:20:01.000000;2016-04-15T00:20:01.000000;2b7a05dc-383d-46c1-a832-ef8da993b805;426.5;0.75055;UNKNOWN
2016-04-15T00:20:47.000000;2016-04-15T00:20:47.000000;9634a4ef-cfb9-4ccf-9f9b-79c54d45ea54;426.5;1.98485;UNKNOWN
2016-04-15T00:21:01.000000;2016-04-15T00:21:01.000000;249a693e-acc2-4245-8333-464b36e50c24;426.41;1.19;UNKNOWN
2016-04-15T00:21:01.000000;2016-04-15T00:21:01.000000;869a3ee6-5654-48df-8316-c19c3f5ce1b1;426.33;1.2171;UNKNOWN
2016-04-15T00:21:01.000000;2016-04-15T00:21:01.000000;60de2425-1ed9-4ed0-b1ed-036f31b5486f;426.41;0.117;UNKNOWN
2016-04-15T00:21:01.000000;2016-04-15T00:21:01.000000;83e7fd68-fdf5-46d9-b3ba-64a09964eeef;426.41;0.067;UNKNOWN
2016-04-15T00:21:01.000000;2016-04-15T00:21:01.000000;85a3f373-e3c7-4d7f-850a-68ac6608fb52;426.43;0.01;UNKNOWN
2016-04-15T00:21:01.000000;2016-04-15T00:21:01.000000;ed61c6bb-a342-4856-8b2c-203af4596a1c;426.35;0.01;UNKNOWN
2016-04-15T00:21:01.000000;2016-04-15T00:21:01.000000;881a448a-f6c5-4b7d-afd2-1783bc3f668a;426.34;6.98219;UNKNOWN
2016-04-15T00:21:01.000000;2016-04-15T00:21:01.000000;6d9c2598-8678-4940-97a0-34ff87a298ad;426.36;0.094;UNKNOWN
2016-04-15T00:21:01.000000;2016-04-15T00:21:01.000000;93f15e5e-f94f-44e8-a765-504d8fe21ae3;426.44;0.01;UNKNOWN
2016-04-15T00:21:01.000000;2016-04-15T00:21:01.000000;6c3f1347-f90c-4efa-b532-7a95d5656324;426.46;0.01;UNKNOWN
2016-04-15T00:21:01.000000;2016-04-15T00:21:01.000000;3a972fcd-62bf-4b1c-82e2-ba8679832d16;426.45;0.01;UNKNOWN
2016-04-15T00:21:01.000000;2016-04-15T00:21:01.000000;af81fa53-8530-419b-882d-b64c8bbffa67;426.46;0.07;UNKNOWN
2016-04-15T00:21:01.000000;2016-04-15T00:21:01.000000;7960569e-88f5-42e9-b228-d90bf468a42a;426.32;2.00484103;UNKNOWN
2016-04-15T00:21:01.000000;2016-04-15T00:21:01.000000;60dc9981-d349-452f-ae30-fa66287b85ba;426.37;0.020099;UNKNOWN
2016-04-15T00:21:01.000000;2016-04-15T00:21:01.000000;aec10c38-ddc0-41fa-8505-0c1b86344013;426.38;0.8;UNKNOWN
2016-04-15T00:21:01.000000;2016-04-15T00:21:01.000000;7aa86e8c-a298-44d8-b531-fe55f9ad7815;426.42;0.68;UNKNOWN
2016-04-15T00:21:01.000000;2016-04-15T00:21:01.000000;d9d2d594-d2d2-4a0c-b410-7c098a558ec3;426.4;0.01;UNKNOWN
2016-04-15T00:21:01.000000;2016-04-15T00:21:01.000000;64f6dfc4-4f23-471c-828f-2fb94080e482;426.38;2.72;UNKNOWN
2016-04-15T00:21:01.000000;2016-04-15T00:21:01.000000;a55059c5-c95a-4314-8270-50c54b427c91;426.4;0.99999997;UNKNOWN
2016-04-15T00:21:01.000000;2016-04-15T00:21:01.000000;48915982-a007-4c31-a88b-b49715cb1393;426.4;0.02;UNKNOWN
2016-04-15T00:21:01.000000;2016-04-15T00:21:01.000000;3ebf0bf5-accc-42ce-816f-4b74c272940d;426.4;1.19;UNKNOWN
2016-04-15T00:21:31.000000;2016-04-15T00:21:31.000000;5c2ce454-2c00-469d-8cf3-9dd74f71f3ad;426.47;0.02;UNKNOWN
2016-04-15T00:21:31.000000;2016-04-15T00:21:31.000000;a7c95db5-4273-42a3-a958-76a854dbbe4e;426.48;0.0031;UNKNOWN
2016-04-15T00:21:59.000000;2016-04-15T00:21:59.000000;0febc425-9531-4d0b-a687-f20b219bd535;426.38;0.01;UNKNOWN
2016-04-15T00:21:59.000000;2016-04-15T00:21:59.000000;dfdb2a39-8b0f-4b53-842d-fd14e5d75de7;426.4;0.01;UNKNOWN
2016-04-15T00:21:59.000000;2016-04-15T00:21:59.000000;8979de97-c06b-40cc-a1fc-cff00135d4ae;426.42;0.104;UNKNOWN
2016-04-15T00:21:59.000000;2016-04-15T00:21:59.000000;69a2e9e5-57f5-4d47-b983-f5cf6f1f7190;426.47;0.094;UNKNOWN
2016-04-15T00:21:59.000000;2016-04-15T00:21:59.000000;f0d22373-70f2-43b9-a8f3-3480dd145442;426.42;0.01;UNKNOWN
2016-04-15T00:21:59.000000;2016-04-15T00:21:59.000000;9e29b890-7041-471f-be6b-5905fc73743f;426.47;0.01;UNKNOWN
2016-04-15T00:21:59.000000;2016-04-15T00:21:59.000000;c380d022-00a9-47b2-af43-b080f64900d4;426.47;0.01382;UNKNOWN
2016-04-15T00:21:59.000000;2016-04-15T00:21:59.000000;8a6360b4-ccee-47f9-a133-144eaa1cefaa;426.47;0.0163;UNKNOWN
2016-04-15T00:21:59.000000;2016-04-15T00:21:59.000000;5de83b00-874f-43ee-a23c-d37d5a7f9a74;426.34;0.23125452;UNKNOWN
2016-04-15T00:21:59.000000;2016-04-15T00:21:59.000000;07f07b94-bf25-44bb-9e26-462036a267cc;426.35;0.01;UNKNOWN
2016-04-15T00:21:59.000000;2016-04-15T00:21:59.000000;13596a29-e31b-4501-ae4d-cb0892a75768;426.35;0.01;UNKNOWN
2016-04-15T00:21:59.000000;2016-04-15T00:21:59.000000;61858ec6-5cfb-482e-95a9-f7b342a6c58c;426.36;0.092;UNKNOWN
2016-04-15T00:21:59.000000;2016-04-15T00:21:59.000000;e03e47e3-7155-4165-83ef-4b80e100e9ba;426.35;0.067;UNKNOWN
2016-04-15T00:22:01.000000;2016-04-15T00:22:01.000000;c8e063ee-cff3-4ff5-9959-e999bba571a0;426.48;0.40628;UNKNOWN
2016-04-15T00:22:02.000000;2016-04-15T00:22:02.000000;38e9d498-c8d1-447b-bc8d-17a92dbd3d05;426.37;0.1812;UNKNOWN
2016-04-15T00:22:02.000000;2016-04-15T00:22:02.000000;344e5a19-a6b4-4ed5-9be0-1b0801c9839a;426.38;0.0188;UNKNOWN
2016-04-15T00:23:01.000000;2016-04-15T00:23:01.000000;d965e36c-6715-4aba-a7a4-fd648e7f93a4;426.47;0.02;UNKNOWN
2016-04-15T00:23:01.000000;2016-04-15T00:23:01.000000;55a9166e-af8a-488c-96d3-ce4cd0ff7fd0;426.47;1.4848;UNKNOWN
2016-04-15T00:23:32.000000;2016-04-15T00:23:32.000000;b774be01-5b0d-43b9-bd16-7caf521b703a;426.42;0.01;UNKNOWN
2016-04-15T00:23:32.000000;2016-04-15T00:23:32.000000;1ee75d03-14d9-4b89-9dec-a780fac20d78;426.39;0.123;UNKNOWN
2016-04-15T00:23:32.000000;2016-04-15T00:23:32.000000;36189cf1-9e65-4562-bf24-5d5a7b9fff8a;426.37;0.01;UNKNOWN
2016-04-15T00:23:32.000000;2016-04-15T00:23:32.000000;8231aaf1-2064-4a6a-ab83-ca790b47ff30;426.4;0.01;UNKNOWN
2016-04-15T00:23:32.000000;2016-04-15T00:23:32.000000;2a96af57-a3c8-4d49-bcef-cf0acde74960;426.42;0.01;UNKNOWN
2016-04-15T00:23:32.000000;2016-04-15T00:23:32.000000;5f75af55-9dec-4724-ad71-ff73c6d74837;426.4;0.01;UNKNOWN
2016-04-15T00:23:32.000000;2016-04-15T00:23:32.000000;26f3a99a-0003-4d61-9bc1-5a11cecebf05;426.36;0.00125999;UNKNOWN
2016-04-15T00:23:32.000000;2016-04-15T00:23:32.000000;f2d5d832-7ea5-49d4-9d2a-53aa3baaa9fe;426.37;0.40938001;UNKNOWN
2016-04-15T00:23:51.000000;2016-04-15T00:23:51.000000;21101ca4-0c09-4dad-a495-50267f5ae10e;426.38;0.108;UNKNOWN
2016-04-15T00:23:51.000000;2016-04-15T00:23:51.000000;62c1b10f-7697-45f5-b152-c0be9b1af107;426.43;0.01;UNKNOWN
2016-04-15T00:23:51.000000;2016-04-15T00:23:51.000000;3e9faf14-b84c-4c3c-9c52-8b760613ea52;426.36;0.00874001;UNKNOWN
2016-04-15T00:23:51.000000;2016-04-15T00:23:51.000000;4fbd8547-1303-4611-acf8-af61620b81b7;426.33;0.078;UNKNOWN
2016-04-15T00:23:51.000000;2016-04-15T00:23:51.000000;956606c3-fc54-4846-9dbe-832d585a553c;426.35;0.01;UNKNOWN
2016-04-15T00:23:51.000000;2016-04-15T00:23:51.000000;bd20c57b-2bfe-4ef7-b40f-e5afc92c24c6;426.32;0.57983588;UNKNOWN
2016-04-15T00:24:01.000000;2016-04-15T00:24:01.000000;f05df381-cb1c-41ea-826a-242c16f68deb;426.32;0.01;UNKNOWN
2016-04-15T00:24:01.000000;2016-04-15T00:24:01.000000;40cd6abd-5c49-4c15-9cf1-2ca347eeef7d;426.33;0.418;UNKNOWN
2016-04-15T00:24:01.000000;2016-04-15T00:24:01.000000;9a756d4d-4f92-4b44-9a83-f7a9ca2fabd3;426.32;22.92605;UNKNOWN
2016-04-15T00:24:31.000000;2016-04-15T00:24:31.000000;2f126720-f9c8-4b49-a443-f9b1267b6a8b;426.37;1.38443;UNKNOWN
2016-04-15T00:25:17.000000;2016-04-15T00:25:17.000000;040a6a93-8044-45b6-bfcf-250dc10fc5d9;426.38;0.033;UNKNOWN
2016-04-15T00:25:31.000000;2016-04-15T00:25:31.000000;41c95c12-2cd3-4615-bc24-228d3e11e3a8;426.35;0.01898;UNKNOWN
2016-04-15T00:25:31.000000;2016-04-15T00:25:31.000000;7a137318-7015-48c2-a187-ae3fba7e8a2a;426.36;0.01;UNKNOWN
2016-04-15T00:25:31.000000;2016-04-15T00:25:31.000000;6a8de853-565e-443a-8af4-ada792275d2f;426.35;0.01;UNKNOWN
2016-04-15T00:26:01.000000;2016-04-15T00:26:01.000000;66687e0d-52eb-416f-9d9f-4ab3c82aa2c3;426.39;3.45308;UNKNOWN
2016-04-15T00:26:01.000000;2016-04-15T00:26:01.000000;94b4e1e3-ed6b-4aa8-85db-3f60d32146f7;426.39;0.01;UNKNOWN
2016-04-15T00:26:01.000000;2016-04-15T00:26:01.000000;340d1615-f6b5-46e1-b29a-ad9743072389;426.38;0.02;UNKNOWN
2016-04-15T00:26:31.000000;2016-04-15T00:26:31.000000;90f3eb82-dd90-4834-9f59-c2f080ee545a;426.41;0.04144;UNKNOWN
2016-04-15T00:26:31.000000;2016-04-15T00:26:31.000000;7f13d72e-b87c-4979-a51b-62850facf884;426.4;0.01;UNKNOWN
2016-04-15T00:27:01.000000;2016-04-15T00:27:01.000000;2c6d2055-feb4-4dc2-9b22-6044cae95bcd;426.42;0.34826;UNKNOWN
2016-04-15T00:28:01.000000;2016-04-15T00:28:01.000000;53bf8415-1df6-4959-97b7-13a5c2f16174;426.35;0.01;UNKNOWN
2016-04-15T00:28:01.000000;2016-04-15T00:28:01.000000;f1149062-45e6-4900-b61a-95295525f734;426.36;0.01;UNKNOWN
2016-04-15T00:28:01.000000;2016-04-15T00:28:01.000000;307b2243-bda3-4362-afb0-79db7d255c63;426.39;0.01;UNKNOWN
2016-04-15T00:28:01.000000;2016-04-15T00:28:01.000000;d832a24c-b67b-4b97-b34b-3233d7c756c1;426.4;0.01;UNKNOWN
2016-04-15T00:28:01.000000;2016-04-15T00:28:01.000000;9a746fab-a66b-472c-9b03-f49e54ca56fe;426.34;0.05324;UNKNOWN
2016-04-15T00:28:01.000000;2016-04-15T00:28:01.000000;68a74de2-6120-4421-a19e-8b8ce6e0b491;426.37;0.01;UNKNOWN
2016-04-15T00:28:01.000000;2016-04-15T00:28:01.000000;4740a658-ee2c-4213-900d-67c8b05a125d;426.38;0.01;UNKNOWN
2016-04-15T00:28:31.000000;2016-04-15T00:28:31.000000;9f81cb62-f303-4c61-a359-f5f1b692ce6c;426.25;0.093;UNKNOWN
2016-04-15T00:28:31.000000;2016-04-15T00:28:31.000000;1ab75371-9622-4db3-bfd4-1c4b7e8f214a;426.25;0.01;UNKNOWN
2016-04-15T00:28:31.000000;2016-04-15T00:28:31.000000;c6297ea9-0563-432f-826c-5dba67596eda;426.25;0.0115;UNKNOWN
2016-04-15T00:28:31.000000;2016-04-15T00:28:31.000000;f5dcaa64-cb8e-423f-b9a6-3d133a302ca9;426.17;0.6581548;UNKNOWN
2016-04-15T00:28:31.000000;2016-04-15T00:28:31.000000;1ef677d7-8f57-4f5f-8c97-e508d617e2c5;426.3;0.01;UNKNOWN
2016-04-15T00:28:31.000000;2016-04-15T00:28:31.000000;96f94b4b-38e9-4ad4-84e0-6c337e3dc0e0;426.2;0.106;UNKNOWN
2016-04-15T00:28:31.000000;2016-04-15T00:28:31.000000;e467997a-f738-4b42-88e7-0bbfc6a33453;426.2;0.0200376;UNKNOWN
2016-04-15T00:28:31.000000;2016-04-15T00:28:31.000000;1ff48bf5-2c5b-42f7-aabe-895bb3c80b28;426.3;0.01;UNKNOWN
2016-04-15T00:28:31.000000;2016-04-15T00:28:31.000000;8d6ce9dc-114f-4306-8160-1b9a051068b2;426.3;0.0200376;UNKNOWN
2016-04-15T00:28:31.000000;2016-04-15T00:28:31.000000;3c7f3668-fb46-49ce-9c93-1962ce2a3ebd;426.2;0.01;UNKNOWN
2016-04-15T00:28:31.000000;2016-04-15T00:28:31.000000;c60f1303-a7fe-4eed-a4a9-fd9302f1f24c;426.3;0.126;UNKNOWN
2016-04-15T00:28:31.000000;2016-04-15T00:28:31.000000;1df945ad-ba62-4b66-b11a-525227172571;426.33;0.01;UNKNOWN
2016-04-15T00:28:31.000000;2016-04-15T00:28:31.000000;05ae3f2b-6d9f-4e54-833e-beac0556deac;426.34;0.01;UNKNOWN
2016-04-15T00:29:02.000000;2016-04-15T00:29:02.000000;5ca4e1c5-a964-44ce-82c2-04299278b357;426.25;0.01;UNKNOWN
2016-04-15T00:29:02.000000;2016-04-15T00:29:02.000000;89d59b1b-8477-48e3-a7b3-c3a303694e08;426.24;0.511;UNKNOWN
2016-04-15T00:29:02.000000;2016-04-15T00:29:02.000000;10074a8c-a118-425d-a53c-3fcd73a9bf57;426.26;2.10299;UNKNOWN
2016-04-15T00:29:02.000000;2016-04-15T00:29:02.000000;53a68dd6-2367-4a1e-9168-53dddfed17e4;426.25;2.21;UNKNOWN
2016-04-15T00:29:02.000000;2016-04-15T00:29:02.000000;135e1901-cb8c-41ae-95f2-048abd4ee7b0;426.25;0.0125;UNKNOWN
2016-04-15T00:29:19.000000;2016-04-15T00:29:19.000000;873adfe3-3688-44be-b302-dea91bfb3a6f;426.25;0.03;UNKNOWN
2016-04-15T00:29:19.000000;2016-04-15T00:29:19.000000;6104b116-5013-4654-8c1a-5150ab60d4ea;426.25;0.03;UNKNOWN
2016-04-15T00:30:01.000000;2016-04-15T00:30:01.000000;f5cbb1e9-bcd6-4207-808e-66d03bd4759b;426.26;1.82716;UNKNOWN
2016-04-15T00:30:31.000000;2016-04-15T00:30:31.000000;02e2f441-9845-4b5d-bfad-ce83026b23c4;426.24;0.69682;UNKNOWN
2016-04-15T00:31:02.000000;2016-04-15T00:31:02.000000;0f266713-b825-4ee1-9067-a3c1541ce1f5;426.2;0.01;UNKNOWN
2016-04-15T00:31:02.000000;2016-04-15T00:31:02.000000;8e1e5ed4-aefd-4344-a271-e72e3b66499d;426.21;0.01;UNKNOWN
2016-04-15T00:31:02.000000;2016-04-15T00:31:02.000000;fa61d75e-27fe-49d6-95d0-3f95b616d647;426.11;0.099;UNKNOWN
2016-04-15T00:31:02.000000;2016-04-15T00:31:02.000000;7c305ed1-5a07-40ff-9938-5956689ddbfa;426.15;0.01;UNKNOWN
2016-04-15T00:31:02.000000;2016-04-15T00:31:02.000000;31b60713-2c53-4474-ae5d-3a0ed0f32a05;426.2;0.0115;UNKNOWN
2016-04-15T00:31:02.000000;2016-04-15T00:31:02.000000;0802bc24-fe53-4078-8403-66c0d598551c;426.2;0.103;UNKNOWN
2016-04-15T00:31:02.000000;2016-04-15T00:31:02.000000;3730c847-d167-4a62-8e5d-d710a767c731;426.1;0.01;UNKNOWN
2016-04-15T00:31:02.000000;2016-04-15T00:31:02.000000;e6e13521-9425-4458-ba71-2e0d9c14ad2e;426.1;0.02004465;UNKNOWN
2016-04-15T00:31:02.000000;2016-04-15T00:31:02.000000;ee322a02-f42b-486b-b8a3-37f648baaa3c;426.08;0.05075535;UNKNOWN
2016-04-15T00:31:02.000000;2016-04-15T00:31:02.000000;8afc8780-0f77-4843-87f9-9de3a09d46db;426.08;0.01;UNKNOWN
2016-04-15T00:31:31.000000;2016-04-15T00:31:31.000000;acc2e3d0-10eb-41a2-a31a-d52116899b48;426.11;0.32254;UNKNOWN
2016-04-15T00:31:31.000000;2016-04-15T00:31:31.000000;148b5e48-e737-4cc5-92fa-2e765f21929f;426.15;0.089;UNKNOWN
2016-04-15T00:31:31.000000;2016-04-15T00:31:31.000000;cc68ba13-6ae4-439b-ab64-3213699b47b5;426.15;0.01;UNKNOWN
2016-04-15T00:32:01.000000;2016-04-15T00:32:01.000000;ca1b549a-744b-4395-b341-cb46b3a7213d;426.19;0.01;UNKNOWN
2016-04-15T00:32:01.000000;2016-04-15T00:32:01.000000;a792dae7-ef0c-48da-aad1-36292c299481;426.28;17.21982535;UNKNOWN
2016-04-15T00:32:01.000000;2016-04-15T00:32:01.000000;ad46ff06-9c50-40c9-92ac-9c947172514d;426.2;0.01;UNKNOWN
2016-04-15T00:32:01.000000;2016-04-15T00:32:01.000000;6f01c5a0-4a4a-451a-b53a-c26842fc674c;426.2;0.02004465;UNKNOWN
2016-04-15T00:32:01.000000;2016-04-15T00:32:01.000000;42394c12-2303-4c0e-a2a3-901a11f3e96a;426.25;0.01;UNKNOWN
2016-04-15T00:32:01.000000;2016-04-15T00:32:01.000000;afa00389-0e72-4ddd-b340-6c39e9b3ca3a;426.27;0.15;UNKNOWN
2016-04-15T00:32:02.000000;2016-04-15T00:32:02.000000;72bd5708-aeab-4f8a-aa44-f61a9cbbda69;426.28;0.01;UNKNOWN
2016-04-15T00:32:31.000000;2016-04-15T00:32:31.000000;1c7f0daf-83c3-4846-8559-d051b9488b3c;426.28;0.01;UNKNOWN
2016-04-15T00:32:31.000000;2016-04-15T00:32:31.000000;e21ae3ee-d583-4189-a714-af7aec604e8d;426.32;0.6161024;UNKNOWN
2016-04-15T00:32:31.000000;2016-04-15T00:32:31.000000;e57e2e6a-cd72-463b-80f2-450c872b89a6;426.31;0.01;UNKNOWN
2016-04-15T00:32:31.000000;2016-04-15T00:32:31.000000;302a457b-2628-41f7-b777-496b3dc2b937;426.3;0.01;UNKNOWN
2016-04-15T00:32:31.000000;2016-04-15T00:32:31.000000;6121a8fc-4b7d-4863-9c22-2f8f913eb5c0;426.3;0.0200376;UNKNOWN
2016-04-15T00:33:01.000000;2016-04-15T00:33:01.000000;9a9e69e5-696b-4291-85ef-a7e96c6a941c;426.33;0.0164;UNKNOWN
2016-04-15T00:33:01.000000;2016-04-15T00:33:01.000000;e433ca61-9591-454e-abf0-a72b1dac62a6;426.29;0.0165;UNKNOWN
2016-04-15T00:33:01.000000;2016-04-15T00:33:01.000000;84e63c8c-0521-4b36-9623-16d6c1495abe;426.31;0.0179;UNKNOWN
2016-04-15T00:33:01.000000;2016-04-15T00:33:01.000000;04f211cd-6e26-46b1-bc4e-09c35613765a;426.28;0.3784;UNKNOWN
2016-04-15T00:33:35.000000;2016-04-15T00:33:35.000000;3c13e18d-5b6e-40af-9a4e-131ddbc97fe8;426.41;0.0981724;UNKNOWN
2016-04-15T00:33:35.000000;2016-04-15T00:33:35.000000;acefc8f2-d539-4167-ae39-5fbf5948f3d5;426.4;0.0200376;UNKNOWN
2016-04-15T00:33:35.000000;2016-04-15T00:33:35.000000;9e12d83e-9e18-4af9-897a-d83bbfbd5aa8;426.4;0.01;UNKNOWN
2016-04-15T00:33:35.000000;2016-04-15T00:33:35.000000;d2003beb-21b2-4f0e-8bd8-af39e0639557;426.36;0.074;UNKNOWN
2016-04-15T00:33:35.000000;2016-04-15T00:33:35.000000;b94fd426-608c-4638-b2cb-3cf3ea55d714;426.35;0.01;UNKNOWN
2016-04-15T00:33:35.000000;2016-04-15T00:33:35.000000;9d9c5117-602a-44b0-a02e-2977f479af5d;426.34;0.01;UNKNOWN
2016-04-15T00:33:35.000000;2016-04-15T00:33:35.000000;1586bb33-4025-4170-abff-a4a85725f59d;426.34;0.01;UNKNOWN
2016-04-15T00:34:01.000000;2016-04-15T00:34:01.000000;1f5e44ab-a468-4bfd-bc69-bd8e8052307e;426.43;0.141;UNKNOWN
2016-04-15T00:34:01.000000;2016-04-15T00:34:01.000000;4e194884-2fdb-46b5-8b7a-cd2fdedb5c00;426.43;0.067;UNKNOWN
2016-04-15T00:34:01.000000;2016-04-15T00:34:01.000000;03613e50-57e1-4af6-b1ea-b5a53887c066;426.47;2.06637099;UNKNOWN
2016-04-15T00:34:01.000000;2016-04-15T00:34:01.000000;b1810a04-47ea-42cd-ab33-529f59e5d833;426.45;0.01;UNKNOWN
2016-04-15T00:34:01.000000;2016-04-15T00:34:01.000000;2cfc94ad-cc3a-40b6-b6fa-7e3886e927c4;426.45;0.40938001;UNKNOWN
2016-04-15T00:34:01.000000;2016-04-15T00:34:01.000000;989da996-eaf9-4c3c-81ba-52b8f290814e;426.45;0.020099;UNKNOWN
2016-04-15T00:34:31.000000;2016-04-15T00:34:31.000000;3f8aa566-fff0-4602-8dc7-bbcaafcdf792;426.4;0.072;UNKNOWN
2016-04-15T00:34:31.000000;2016-04-15T00:34:31.000000;a5e65276-0eee-4121-89e5-0fd43a25951e;426.4;0.0169;UNKNOWN
2016-04-15T00:34:31.000000;2016-04-15T00:34:31.000000;b30cbcc3-b94c-44c0-917b-406969cd8658;426.42;0.0194;UNKNOWN
2016-04-15T00:34:31.000000;2016-04-15T00:34:31.000000;96422813-2851-4833-b98a-d36cc6b8c5b2;426.42;0.00778;UNKNOWN
2016-04-15T00:34:56.000000;2016-04-15T00:34:56.000000;ff59b823-3535-42c8-8ef3-41c82ec8a2ba;426.42;0.16692576;UNKNOWN
2016-04-15T00:34:56.000000;2016-04-15T00:34:56.000000;7641451e-682f-4df1-ba04-5d51cbfa6b26;426.42;0.067;UNKNOWN
2016-04-15T00:35:32.000000;2016-04-15T00:35:32.000000;fc22d3d8-ed0f-4022-a6e3-800281cf2677;426.39;0.0164;UNKNOWN
2016-04-15T00:35:32.000000;2016-04-15T00:35:32.000000;54bca7f4-dea4-462e-afa1-0b7c88abeaef;426.39;0.0436;UNKNOWN
2016-04-15T00:35:35.000000;2016-04-15T00:35:35.000000;67d5315e-ced2-40ef-9547-13e1ac33e377;426.44;7.02;UNKNOWN
2016-04-15T00:35:35.000000;2016-04-15T00:35:35.000000;36c2fbdc-1823-4864-8d66-51700fa8d5c5;426.41;0.8;UNKNOWN
2016-04-15T00:35:35.000000;2016-04-15T00:35:35.000000;86cbde03-9a3c-4c8b-982d-4727c3a57e72;426.39;0.017;UNKNOWN
2016-04-15T00:35:35.000000;2016-04-15T00:35:35.000000;5757da2a-caa4-48d8-9507-ea7c03769666;426.47;1.22021;UNKNOWN
2016-04-15T00:35:35.000000;2016-04-15T00:35:35.000000;7d7b4ef6-3977-4990-bacd-c6f0f5339dfd;426.46;0.495;UNKNOWN
2016-04-15T00:36:02.000000;2016-04-15T00:36:02.000000;f2308c47-1522-44f1-bf73-239c682bd800;426.39;0.0199;UNKNOWN
2016-04-15T00:36:02.000000;2016-04-15T00:36:02.000000;90d04448-638c-47b6-b958-8d0c481fdaa8;426.39;0.0224;UNKNOWN
2016-04-15T00:36:02.000000;2016-04-15T00:36:02.000000;f19de17d-778d-41a6-af32-519bc304968c;426.39;0.0249;UNKNOWN
2016-04-15T00:36:02.000000;2016-04-15T00:36:02.000000;7090b34a-1e1b-4d4c-abfd-d7b222610782;426.39;0.0179;UNKNOWN
2016-04-15T00:36:02.000000;2016-04-15T00:36:02.000000;a1c60d59-20e6-4ca7-998a-a8a2da6ae2b2;426.4;0.08173;UNKNOWN
2016-04-15T00:36:05.000000;2016-04-15T00:36:05.000000;1a1d9334-26f4-4c38-a06a-eea7a74b015e;426.41;0.06;UNKNOWN
2016-04-15T00:36:33.000000;2016-04-15T00:36:33.000000;6e002d43-478b-45c7-9e1a-74f52a833b10;426.4;4.52528;UNKNOWN
2016-04-15T00:36:33.000000;2016-04-15T00:36:33.000000;bfa5edd2-427d-4654-9912-9447faed6d8b;426.4;0.479;UNKNOWN
2016-04-15T00:37:01.000000;2016-04-15T00:37:01.000000;8f9f1dd4-28f8-4157-aca8-cad0fa43b56a;426.33;0.08197;UNKNOWN
2016-04-15T00:37:01.000000;2016-04-15T00:37:01.000000;2887346c-751b-4f33-8e7c-585e7e0ade53;426.36;0.2;UNKNOWN
2016-04-15T00:37:01.000000;2016-04-15T00:37:01.000000;990ccb50-c16d-4b54-bdbc-f1560dc235d4;426.36;0.01;UNKNOWN
2016-04-15T00:37:01.000000;2016-04-15T00:37:01.000000;29985276-8301-4411-8b04-db64f9050c24;426.37;0.01;UNKNOWN
2016-04-15T00:37:01.000000;2016-04-15T00:37:01.000000;d6e5a701-5f1e-434c-b0e4-ea6708740657;426.35;0.067;UNKNOWN
2016-04-15T00:37:01.000000;2016-04-15T00:37:01.000000;87ee7d7a-df69-4beb-9e39-302018cb3042;426.35;0.01;UNKNOWN
2016-04-15T00:37:31.000000;2016-04-15T00:37:31.000000;d4fc3bc1-ca6f-4701-94bc-7c11f7e972a5;426.47;0.49637;UNKNOWN
2016-04-15T00:37:31.000000;2016-04-15T00:37:31.000000;d874e787-4aca-4769-bc53-baa263831237;426.41;0.14;UNKNOWN
2016-04-15T00:37:31.000000;2016-04-15T00:37:31.000000;08b6a797-ce95-4e28-a7df-72a47af4726c;426.39;0.01;UNKNOWN
2016-04-15T00:37:31.000000;2016-04-15T00:37:31.000000;c92e1204-64f6-48f2-8509-7cb1946a3668;426.4;0.01;UNKNOWN
2016-04-15T00:37:31.000000;2016-04-15T00:37:31.000000;9f6bffe3-aed9-4249-b7e4-78ec18c429ca;426.45;0.01;UNKNOWN
2016-04-15T00:38:31.000000;2016-04-15T00:38:31.000000;bef97c6e-4497-43ce-93c2-0c96d78c05e9;426.48;0.05124;UNKNOWN
2016-04-15T00:39:04.000000;2016-04-15T00:39:04.000000;2691173e-09ca-4ddc-917a-2756f8e772d5;426.47;0.446;UNKNOWN
2016-04-15T00:39:04.000000;2016-04-15T00:39:04.000000;d2682a68-b6b8-47f3-a688-0fc3d1b9ec2b;426.48;1.19688003;UNKNOWN
2016-04-15T00:39:04.000000;2016-04-15T00:39:04.000000;809b64fd-d565-4690-816d-6b429a3ab706;426.48;0.53937997;UNKNOWN
2016-04-15T00:40:31.000000;2016-04-15T00:40:31.000000;465074c1-d564-444a-84f8-1eb15515372f;426.45;0.443;UNKNOWN
2016-04-15T00:40:31.000000;2016-04-15T00:40:31.000000;1d72a80d-63f0-4ffa-9138-fe92dbadd54a;426.46;0.13277;UNKNOWN
2016-04-15T00:41:01.000000;2016-04-15T00:41:01.000000;f6f41fb1-eaa5-42a5-bbb2-27ec5f358197;426.37;0.01;UNKNOWN
2016-04-15T00:41:01.000000;2016-04-15T00:41:01.000000;779f938d-632c-4a44-a21e-96ef3b3ccdca;426.38;0.01;UNKNOWN
2016-04-15T00:41:01.000000;2016-04-15T00:41:01.000000;dd37e71c-94d1-4424-a2fe-d1aaf4067229;426.37;0.03065;UNKNOWN
2016-04-15T00:41:31.000000;2016-04-15T00:41:31.000000;c0fad255-c4cb-434d-81d0-cfd5c49e9a51;426.48;0.19588;UNKNOWN
2016-04-15T00:41:31.000000;2016-04-15T00:41:31.000000;bbd44c9f-f05b-47f6-9b28-80646ca838c7;426.46;0.01;UNKNOWN
2016-04-15T00:41:31.000000;2016-04-15T00:41:31.000000;58ef7559-ce09-4e67-bb70-2da7238d1227;426.46;0.01;UNKNOWN
2016-04-15T00:42:02.000000;2016-04-15T00:42:02.000000;b3bdfa9a-8a7f-4204-8bbb-f9ea0836c433;426.47;0.0323;UNKNOWN
2016-04-15T00:42:02.000000;2016-04-15T00:42:02.000000;8bb334ef-f794-449b-a384-1ce63935639a;426.47;0.0557;UNKNOWN
2016-04-15T00:42:02.000000;2016-04-15T00:42:02.000000;270c360e-3e85-4ed2-b497-9f2f42cccf9a;426.47;0.0474;UNKNOWN
2016-04-15T00:42:02.000000;2016-04-15T00:42:02.000000;c166b04f-0b1b-400a-955b-08b85fde5ab1;426.47;0.0483;UNKNOWN
2016-04-15T00:42:02.000000;2016-04-15T00:42:02.000000;5e5aec24-ad2b-4167-b76d-e6fb16221561;426.47;0.0233;UNKNOWN
2016-04-15T00:42:02.000000;2016-04-15T00:42:02.000000;c019d5b9-a60c-4ac7-b766-52f118e30630;426.47;0.0186;UNKNOWN
2016-04-15T00:42:02.000000;2016-04-15T00:42:02.000000;033cd39e-053a-4ced-8ed4-cad409dbb1a1;426.47;0.0242;UNKNOWN
2016-04-15T00:42:02.000000;2016-04-15T00:42:02.000000;183fe19c-5593-41ad-8330-9a6fb16bf3f6;426.43;0.02255;UNKNOWN
2016-04-15T00:42:31.000000;2016-04-15T00:42:31.000000;2818418d-0073-4d1f-b94a-48cca016c151;426.48;0.60723997;UNKNOWN
2016-04-15T00:42:31.000000;2016-04-15T00:42:31.000000;9edb164b-4f45-4946-98ec-9a298afbf04b;426.5;0.04477003;UNKNOWN
2016-04-15T00:42:31.000000;2016-04-15T00:42:31.000000;70ec9037-3fdf-4f43-b9f6-3e4930a82455;426.49;0.02;UNKNOWN
2016-04-15T00:42:31.000000;2016-04-15T00:42:31.000000;82926dfa-254b-4095-bd8c-fc0053569a3f;426.49;0.02;UNKNOWN
2016-04-15T00:42:31.000000;2016-04-15T00:42:31.000000;b6e78b33-c620-4042-9c4d-2085e7766991;426.49;0.0704;UNKNOWN
2016-04-15T00:42:31.000000;2016-04-15T00:42:31.000000;044a2d4d-ba3f-4baa-8b76-47e53f54bf74;426.49;0.03;UNKNOWN
2016-04-15T00:43:01.000000;2016-04-15T00:43:01.000000;cf269daa-2ca4-483d-a8db-742478e71f46;426.49;0.93366;UNKNOWN
2016-04-15T00:43:01.000000;2016-04-15T00:43:01.000000;060ab58e-ef12-473b-8d20-d93e3c271b1b;426.49;0.02;UNKNOWN
2016-04-15T00:43:37.000000;2016-04-15T00:43:37.000000;a53e568c-3cb7-470a-b062-c07b3116d53e;426.5;0.09;UNKNOWN
2016-04-15T00:43:37.000000;2016-04-15T00:43:37.000000;1f2dcd0b-1abc-4925-ad69-c15d289390ac;426.49;0.02;UNKNOWN
2016-04-15T00:43:55.000000;2016-04-15T00:43:55.000000;9eedb2b1-1fed-475d-9a2e-ede91fbd45f1;426.49;0.2575484;UNKNOWN
2016-04-15T00:43:55.000000;2016-04-15T00:43:55.000000;7cc76752-a2ee-4282-9601-d41e58084373;426.49;0.2575484;UNKNOWN
2016-04-15T00:43:55.000000;2016-04-15T00:43:55.000000;71674a86-bee7-46ae-89b5-afdc187ac65b;426.49;0.2575484;UNKNOWN
2016-04-15T00:43:56.000000;2016-04-15T00:43:56.000000;e6848fc4-dd7d-4acf-a154-d2c0c59f6165;426.49;0.2575484;UNKNOWN
2016-04-15T00:43:57.000000;2016-04-15T00:43:57.000000;8bfe19b7-4473-473f-840a-38981505772e;426.5;0.2575484;UNKNOWN
2016-04-15T00:44:32.000000;2016-04-15T00:44:32.000000;66545ab5-bcf9-451b-bd1c-ddc168ca0dc1;426.5;2.19779;UNKNOWN
2016-04-15T00:45:09.000000;2016-04-15T00:45:09.000000;623d1ed9-ee2c-44d0-b5c8-ee9ec4bf4e71;426.49;0.02051;UNKNOWN
2016-04-15T00:45:33.000000;2016-04-15T00:45:33.000000;76f3fb0f-6269-4395-a158-655367972ae3;426.5;0.01128677;UNKNOWN
2016-04-15T00:45:33.000000;2016-04-15T00:45:33.000000;e373cde9-10f5-430c-a133-d8ce510cc1b2;426.5;0.036;UNKNOWN
2016-04-15T00:45:34.000000;2016-04-15T00:45:34.000000;9f124190-b8e7-4d81-b176-edc9bd114b52;426.5;0.09917809;UNKNOWN
2016-04-15T00:45:36.000000;2016-04-15T00:45:36.000000;c79e8f29-d9e1-43cf-808a-78502574bc87;426.51;4.24539449;UNKNOWN
2016-04-15T00:45:36.000000;2016-04-15T00:45:36.000000;1912ba21-775d-4723-8ca1-e8629a07568e;426.51;0.01;UNKNOWN
2016-04-15T00:45:36.000000;2016-04-15T00:45:36.000000;4cd80aad-a7e8-4440-a824-0c5cd9a50bf8;426.5;0.0125;UNKNOWN
2016-04-15T00:45:36.000000;2016-04-15T00:45:36.000000;e505ddd1-264d-462e-a88a-efaa049eeee9;426.5;1.52802671;UNKNOWN
2016-04-15T00:45:36.000000;2016-04-15T00:45:36.000000;6e2f6229-fe4d-4931-a6c6-7379c3449747;426.5;0.0200188;UNKNOWN
2016-04-15T00:46:06.000000;2016-04-15T00:46:06.000000;3317b8e6-3940-4ff2-9452-45b6da52ed31;426.43;0.2575484;UNKNOWN
2016-04-15T00:46:06.000000;2016-04-15T00:46:06.000000;0666963c-1af1-4d2a-a3fd-6ee8aa377302;426.4;0.01;UNKNOWN
2016-04-15T00:46:06.000000;2016-04-15T00:46:06.000000;01f66e14-edfb-4056-985b-8384eefe3d1d;426.4;0.02002115;UNKNOWN
2016-04-15T00:46:06.000000;2016-04-15T00:46:06.000000;b990497f-017a-412d-bedc-939e916ad076;426.43;0.3;UNKNOWN
2016-04-15T00:46:06.000000;2016-04-15T00:46:06.000000;2105702e-54cb-481f-bc9e-0aaa3f79738d;426.43;0.091;UNKNOWN
2016-04-15T00:46:06.000000;2016-04-15T00:46:06.000000;f0e2cab5-9eb9-4d99-b940-23c5759f3725;426.43;0.01;UNKNOWN
2016-04-15T00:46:06.000000;2016-04-15T00:46:06.000000;dcb89fa5-40d9-4ea6-b391-15db75faa9b7;426.39;0.06662046;UNKNOWN
2016-04-15T00:46:06.000000;2016-04-15T00:46:06.000000;0db56be8-bb9f-4212-844b-814592d96d66;426.45;0.99999999;UNKNOWN
2016-04-15T00:46:06.000000;2016-04-15T00:46:06.000000;8d68eff3-b6ab-4523-9903-d33e9cd97157;426.45;0.01;UNKNOWN
2016-04-15T00:46:06.000000;2016-04-15T00:46:06.000000;a58c72d4-b20e-4aa6-a10e-308d09bccdca;426.46;0.01;UNKNOWN
2016-04-15T00:46:06.000000;2016-04-15T00:46:06.000000;ab4095b7-29af-4843-a1d7-f719875e421d;426.46;0.01;UNKNOWN
2016-04-15T00:46:06.000000;2016-04-15T00:46:06.000000;eb235c9e-8f86-4967-b41f-df28c0d725eb;426.47;0.01;UNKNOWN
2016-04-15T00:46:06.000000;2016-04-15T00:46:06.000000;94961d63-5681-434e-8076-cef5ab0b8732;426.51;0.0289;UNKNOWN
2016-04-15T00:46:06.000000;2016-04-15T00:46:06.000000;f3d8b2e7-a022-47c7-9178-f398c66921a4;426.51;0.0328;UNKNOWN
2016-04-15T00:46:06.000000;2016-04-15T00:46:06.000000;06b03994-959f-4a22-b53b-16ac9b858493;426.48;0.067;UNKNOWN
2016-04-15T00:46:06.000000;2016-04-15T00:46:06.000000;481c93a9-b4ac-49bc-8f57-47e52e5055a8;426.48;0.102;UNKNOWN
2016-04-15T00:46:06.000000;2016-04-15T00:46:06.000000;2c8d95b9-f4f2-4941-a1a8-217d3fea16e6;426.48;0.01;UNKNOWN
2016-04-15T00:46:06.000000;2016-04-15T00:46:06.000000;6609283e-2327-403e-81c0-3a165f4cde8d;426.5;0.0316;UNKNOWN
2016-04-15T00:46:31.000000;2016-04-15T00:46:31.000000;c025c321-9326-494d-b692-5fae5f490f03;426.53;0.25255;UNKNOWN
2016-04-15T00:46:31.000000;2016-04-15T00:46:31.000000;22187b01-3703-49a9-bf54-fe962c2e2c26;426.52;0.01;UNKNOWN
2016-04-15T00:46:31.000000;2016-04-15T00:46:31.000000;abccf8fa-225c-40a5-b7de-6a7907164d59;426.52;0.067;UNKNOWN
2016-04-15T00:46:31.000000;2016-04-15T00:46:31.000000;8d7fc38d-dd09-4f27-b490-28c9d690c2d2;426.53;0.01;UNKNOWN
2016-04-15T00:46:31.000000;2016-04-15T00:46:31.000000;0180d1fc-4c4c-4c14-ab1f-7d30f49eec0f;426.52;0.02;UNKNOWN
2016-04-15T00:47:06.000000;2016-04-15T00:47:06.000000;1d33704b-5de6-4956-b76f-80bf2050e322;426.53;0.74744999;UNKNOWN
2016-04-15T00:47:06.000000;2016-04-15T00:47:06.000000;f3bdc375-80b3-4d9c-8c4a-5a5e5961ba99;426.53;0.02172001;UNKNOWN
2016-04-15T00:47:31.000000;2016-04-15T00:47:31.000000;6c11e8cc-cd31-4a1b-a3da-ab5bb6e68c7c;426.54;0.388;UNKNOWN
2016-04-15T00:47:31.000000;2016-04-15T00:47:31.000000;a06f658e-85c0-425c-b3e6-46b51a4a4baa;426.54;0.3;UNKNOWN
2016-04-15T00:47:31.000000;2016-04-15T00:47:31.000000;4c4ec963-f886-43ad-b766-04ddcb4fdfcd;426.55;0.03;UNKNOWN
2016-04-15T00:47:31.000000;2016-04-15T00:47:31.000000;3eaaaa5a-be92-405d-a140-1b9e6ca8beb0;426.55;0.02;UNKNOWN
2016-04-15T00:47:31.000000;2016-04-15T00:47:31.000000;9c97187f-5ffc-4693-9e1c-546739226726;426.55;0.1;UNKNOWN
2016-04-15T00:47:31.000000;2016-04-15T00:47:31.000000;f064c567-dc7b-4421-bb8d-b7cc49cd951e;426.55;0.01;UNKNOWN
2016-04-15T00:47:31.000000;2016-04-15T00:47:31.000000;78c82795-0756-45d2-8325-f64717385ff4;426.55;0.01;UNKNOWN
2016-04-15T00:47:31.000000;2016-04-15T00:47:31.000000;f8d7f28e-bc58-4a47-8a39-b7ff4b4583c0;426.55;0.28264;UNKNOWN
2016-04-15T00:47:31.000000;2016-04-15T00:47:31.000000;4864847c-4c3a-4775-9554-1ca83d118f64;426.55;0.02;UNKNOWN
2016-04-15T00:47:57.000000;2016-04-15T00:47:57.000000;7217522e-5ec5-4464-89db-5b221692bc52;426.53;0.0135963;UNKNOWN
2016-04-15T00:48:04.000000;2016-04-15T00:48:04.000000;a8ecb208-ae7d-4505-b516-acab49afca03;426.6;0.1;UNKNOWN
2016-04-15T00:48:04.000000;2016-04-15T00:48:04.000000;81ccb27d-c68e-44ae-9c33-e6cb1784c75b;426.6;0.01;UNKNOWN
2016-04-15T00:48:04.000000;2016-04-15T00:48:04.000000;70f9a41a-e868-4af7-b391-0241e5e350c2;426.6;0.02001173;UNKNOWN
2016-04-15T00:48:04.000000;2016-04-15T00:48:04.000000;1c58e37e-485e-4795-9470-8d575fe6767b;426.6;0.01;UNKNOWN
2016-04-15T00:48:04.000000;2016-04-15T00:48:04.000000;f9f546fb-3861-476a-8c92-f41980562fe2;426.59;0.01;UNKNOWN
2016-04-15T00:48:04.000000;2016-04-15T00:48:04.000000;9332bec7-baad-4bc3-b0d4-4909421557cf;426.6;0.01;UNKNOWN
2016-04-15T00:48:04.000000;2016-04-15T00:48:04.000000;1e170bc5-e83c-4f55-af1e-224e74f04814;426.6;0.05;UNKNOWN
2016-04-15T00:48:04.000000;2016-04-15T00:48:04.000000;6b709102-35e8-4b46-9b08-0deb631cb1b7;426.6;0.01;UNKNOWN
2016-04-15T00:48:04.000000;2016-04-15T00:48:04.000000;adcccd29-006b-4234-8c10-8c34ea5ed16a;426.6;0.05;UNKNOWN
2016-04-15T00:48:04.000000;2016-04-15T00:48:04.000000;b62fe761-27ef-49d6-b8c0-25cf56d25966;426.6;0.01;UNKNOWN
2016-04-15T00:48:04.000000;2016-04-15T00:48:04.000000;13d9cb5e-8a82-4bbd-9c96-769d9489fdc6;426.6;0.05;UNKNOWN
2016-04-15T00:48:04.000000;2016-04-15T00:48:04.000000;2e766372-1216-4c44-af44-1c5ab240cfd5;426.6;1.76602827;UNKNOWN
2016-04-15T00:48:04.000000;2016-04-15T00:48:04.000000;c304e44f-5985-46d0-94a1-ce16fe2cada8;426.6;0.05;UNKNOWN
2016-04-15T00:48:04.000000;2016-04-15T00:48:04.000000;a701ac7c-f17b-4eb0-bc36-facd743e0182;426.59;0.03;UNKNOWN
2016-04-15T00:48:04.000000;2016-04-15T00:48:04.000000;254b240f-031b-4145-86d2-6d1f0df6c52a;426.58;0.03;UNKNOWN
2016-04-15T00:48:04.000000;2016-04-15T00:48:04.000000;32b0e0a3-8e0b-4330-840f-1ba780c3defb;426.59;0.02;UNKNOWN
2016-04-15T00:48:04.000000;2016-04-15T00:48:04.000000;9b00ba18-d925-439d-9fa1-b23fd497f320;426.59;0.0232;UNKNOWN
2016-04-15T00:48:04.000000;2016-04-15T00:48:04.000000;7ed6ea21-ca20-4637-bfd4-b120dc3aae02;426.58;0.01;UNKNOWN
2016-04-15T00:48:04.000000;2016-04-15T00:48:04.000000;0345be2f-918b-4ca7-a1ae-9e11cda439f6;426.56;0.01;UNKNOWN
2016-04-15T00:48:04.000000;2016-04-15T00:48:04.000000;b01ee547-05a1-4c6d-a290-a905cca4b7ef;426.57;0.02;UNKNOWN
2016-04-15T00:48:04.000000;2016-04-15T00:48:04.000000;96f12a10-1f08-4cc2-86bb-f22b6558a704;426.57;0.126;UNKNOWN
2016-04-15T00:48:04.000000;2016-04-15T00:48:04.000000;dd8e2bc1-16c9-4be1-a93e-5d8e040295db;426.57;0.01;UNKNOWN
2016-04-15T00:48:36.000000;2016-04-15T00:48:36.000000;b8525e7d-a436-4e59-8e82-1b19c3ce47c7;426.53;0.42638;UNKNOWN
2016-04-15T00:49:03.000000;2016-04-15T00:49:03.000000;a4dd4d53-1d9a-4d13-9c7a-0fa43f17531f;426.53;0.99541;UNKNOWN
2016-04-15T00:49:31.000000;2016-04-15T00:49:31.000000;8b79c553-79c0-4888-9c6f-2d68befcb06e;426.59;0.28;UNKNOWN
2016-04-15T00:49:31.000000;2016-04-15T00:49:31.000000;bb52ba05-d8c6-4e98-9716-a04b820492e4;426.59;1.45066;UNKNOWN
2016-04-15T00:49:37.000000;2016-04-15T00:49:37.000000;5f0a1d6d-0951-4671-81af-4dfdddf1cd9e;426.62;0.01;UNKNOWN
2016-04-15T00:49:37.000000;2016-04-15T00:49:37.000000;e86fc352-095c-4a33-b49d-48521ebc6dcb;426.61;0.10819428;UNKNOWN
2016-04-15T00:49:37.000000;2016-04-15T00:49:37.000000;12ba5a2e-8170-4606-a6bf-52e75bb9a512;426.61;0.03;UNKNOWN
2016-04-15T00:49:37.000000;2016-04-15T00:49:37.000000;61d8bd9f-bc96-41ad-9c62-717b70e59c49;426.61;0.17225474;UNKNOWN
2016-04-15T00:49:37.000000;2016-04-15T00:49:37.000000;86abb815-de7e-40d6-a83a-ef7e0acffaea;426.61;0.01955098;UNKNOWN
2016-04-15T00:49:37.000000;2016-04-15T00:49:37.000000;eee1b96d-bbea-489f-89bc-0d29bad2d390;426.62;0.02;UNKNOWN
2016-04-15T00:50:01.000000;2016-04-15T00:50:01.000000;8bc3b2f3-de47-400d-9e25-14b7e48571d6;426.57;0.39338;UNKNOWN
2016-04-15T00:50:31.000000;2016-04-15T00:50:31.000000;cde0eec5-5198-4067-a29b-59f205c73a16;426.57;0.10492;UNKNOWN
2016-04-15T00:51:01.000000;2016-04-15T00:51:01.000000;5abca2f8-ec89-4f2b-b5a8-133640c0dce8;426.59;0.81233;UNKNOWN
2016-04-15T00:51:31.000000;2016-04-15T00:51:31.000000;5754601c-f221-47c2-826b-dbb90c69eb6d;426.61;0.067;UNKNOWN
2016-04-15T00:51:31.000000;2016-04-15T00:51:31.000000;486db66f-c933-4127-a676-b878de36cf1e;426.62;0.01;UNKNOWN
2016-04-15T00:51:31.000000;2016-04-15T00:51:31.000000;c515c26b-64c1-40d8-892b-5d5676c67676;426.64;0.03;UNKNOWN
2016-04-15T00:51:31.000000;2016-04-15T00:51:31.000000;86f1b6a2-0d91-4141-8ab8-ab2992f9cb37;426.62;0.01;UNKNOWN
2016-04-15T00:51:31.000000;2016-04-15T00:51:31.000000;860df5fb-74e8-4d4b-9f79-a16bea27e63a;426.64;0.03914538;UNKNOWN
2016-04-15T00:51:31.000000;2016-04-15T00:51:31.000000;9a6e8139-8209-410b-9dbe-134b67154ffb;426.62;0.02698;UNKNOWN
2016-04-15T00:51:31.000000;2016-04-15T00:51:31.000000;1d525748-c7df-44c0-8949-e36152e93dff;426.64;0.04896462;UNKNOWN
2016-04-15T00:52:01.000000;2016-04-15T00:52:01.000000;6747cde2-53a5-4139-bb08-a8bf7c2fdb8f;426.64;0.71941;UNKNOWN
2016-04-15T00:52:31.000000;2016-04-15T00:52:31.000000;bdbe46ca-0f83-481b-b33b-140ce329b3e4;426.64;0.768;UNKNOWN
2016-04-15T00:53:01.000000;2016-04-15T00:53:01.000000;60fb4055-be27-4903-b32f-e6005e0f6872;426.65;0.01;UNKNOWN
2016-04-15T00:53:01.000000;2016-04-15T00:53:01.000000;350835c6-c6c7-494f-b41e-78974c309417;426.65;0.04156;UNKNOWN
2016-04-15T00:53:01.000000;2016-04-15T00:53:01.000000;004e2a21-7fd5-4099-a3ab-249cc6a92cab;426.65;0.03;UNKNOWN
2016-04-15T00:54:03.000000;2016-04-15T00:54:03.000000;72ae110e-90ea-40cc-8817-c7bee4cf6a4f;426.65;0.45844;UNKNOWN
2016-04-15T00:54:03.000000;2016-04-15T00:54:03.000000;3348aa7a-4a8c-49bb-a657-7085cdace900;426.65;0.03;UNKNOWN
2016-04-15T00:54:03.000000;2016-04-15T00:54:03.000000;75c53fe3-f10b-41ce-be0c-ca93f0e05013;426.65;0.40169;UNKNOWN
2016-04-15T00:54:03.000000;2016-04-15T00:54:03.000000;b5959e64-7f6b-4e28-8863-3cc361417603;426.65;0.01;UNKNOWN
2016-04-15T00:54:31.000000;2016-04-15T00:54:31.000000;655fc81d-a9fb-45b6-901e-c4aa5585dc60;426.64;0.01;UNKNOWN
2016-04-15T00:54:31.000000;2016-04-15T00:54:31.000000;de9ab268-e072-4d07-9767-986d3b4d1aad;426.64;0.06068;UNKNOWN
2016-04-15T00:55:01.000000;2016-04-15T00:55:01.000000;cef1818a-8985-42bb-b984-a984b5ec9c62;426.66;0.02;UNKNOWN
2016-04-15T00:55:01.000000;2016-04-15T00:55:01.000000;fe85a1ee-173e-4741-ad91-96b9450c9cec;426.65;0.59831;UNKNOWN
2016-04-15T00:55:01.000000;2016-04-15T00:55:01.000000;ee7d8828-eeb7-4aa7-93dd-1247995d20db;426.66;0.067;UNKNOWN
2016-04-15T00:55:01.000000;2016-04-15T00:55:01.000000;85ffc8d0-b55a-479e-ac66-a397c474b8ed;426.66;0.03;UNKNOWN
2016-04-15T00:55:01.000000;2016-04-15T00:55:01.000000;bbcfe8bb-1c9b-4bc2-acd0-7c2d70c75b6a;426.67;1.37319;UNKNOWN
2016-04-15T00:55:35.000000;2016-04-15T00:55:35.000000;cd4f56d1-2e13-4953-a418-83f0b706af1f;426.69;0.26325;UNKNOWN
2016-04-15T00:55:35.000000;2016-04-15T00:55:35.000000;accf5ac7-2ad9-43d4-9f90-f0e179827771;426.69;0.01;UNKNOWN
2016-04-15T00:55:35.000000;2016-04-15T00:55:35.000000;4d91ccd7-8466-4c1c-b7a6-6e9233e5eb86;426.69;0.0232;UNKNOWN
2016-04-15T00:55:35.000000;2016-04-15T00:55:35.000000;5d53d3c1-f9de-4863-aa73-f0201832b197;426.68;0.01;UNKNOWN
2016-04-15T00:55:35.000000;2016-04-15T00:55:35.000000;c7e16005-e4bb-48e6-b7cc-865fc3735c7a;426.69;0.01;UNKNOWN
2016-04-15T00:55:35.000000;2016-04-15T00:55:35.000000;217a558e-3251-419d-9a06-c0b87b2a4fd8;426.68;0.01;UNKNOWN
2016-04-15T00:56:05.000000;2016-04-15T00:56:05.000000;4d0a87c3-3203-4178-af2b-81acbcf3563b;426.7;0.01;UNKNOWN
2016-04-15T00:56:05.000000;2016-04-15T00:56:05.000000;d2133fce-0658-4390-bcf3-d7895976f9db;426.7;0.02001171;UNKNOWN
2016-04-15T00:56:05.000000;2016-04-15T00:56:05.000000;be3a7e51-d2b0-446b-aaf7-5f6a1f0ca737;426.75;0.00743829;UNKNOWN
2016-04-15T00:56:05.000000;2016-04-15T00:56:05.000000;4cb915e6-5a07-419e-bd80-d67d6211916a;426.71;0.03;UNKNOWN
2016-04-15T00:56:05.000000;2016-04-15T00:56:05.000000;fb4fe9c8-0840-430b-ba09-2454ce33c8fa;426.73;0.01;UNKNOWN
2016-04-15T00:56:05.000000;2016-04-15T00:56:05.000000;824e0b67-6b89-4626-b492-96001492e279;426.71;0.02;UNKNOWN
2016-04-15T00:56:05.000000;2016-04-15T00:56:05.000000;044c64f5-1c7b-41d5-9d2a-2bfbb6a5ffc8;426.74;0.121;UNKNOWN
2016-04-15T00:56:05.000000;2016-04-15T00:56:05.000000;f8e1ecbe-3fc5-48d9-b7a5-b29b2abb1409;426.73;0.03;UNKNOWN
2016-04-15T00:56:05.000000;2016-04-15T00:56:05.000000;20072ef9-b394-42cf-9d8b-6cf88d1340a5;426.73;0.03;UNKNOWN
2016-04-15T00:56:31.000000;2016-04-15T00:56:31.000000;48f6c4ad-8eff-4135-8fdd-2503a78d038a;426.71;0.02;UNKNOWN
2016-04-15T00:56:31.000000;2016-04-15T00:56:31.000000;037f8a70-32cb-43f4-80f7-8151167b6e13;426.75;0.1777362;UNKNOWN
2016-04-15T00:56:31.000000;2016-04-15T00:56:31.000000;36d13aba-f912-4678-954e-a14cfe1806c3;426.75;0.05061226;UNKNOWN
2016-04-15T00:56:31.000000;2016-04-15T00:56:31.000000;e75a603d-3e22-48ec-8cf1-969757c6650b;426.75;0.03;UNKNOWN
2016-04-15T00:56:31.000000;2016-04-15T00:56:31.000000;0c10d958-5220-49b5-aba4-8d2cb744ad47;426.75;0.01;UNKNOWN
2016-04-15T00:56:31.000000;2016-04-15T00:56:31.000000;55bdbb1e-43f0-4f4f-a8da-f97453804809;426.75;0.00256171;UNKNOWN
2016-04-15T00:56:31.000000;2016-04-15T00:56:31.000000;45b965c7-a16b-42f5-a331-e881ce66988d;426.75;0.1777362;UNKNOWN
2016-04-15T00:56:31.000000;2016-04-15T00:56:31.000000;05f35499-ec1d-4829-aaf8-d805152e6775;426.75;0.17753468;UNKNOWN
2016-04-15T00:56:31.000000;2016-04-15T00:56:31.000000;db321c3b-6034-4040-a9b3-f4187e92c777;426.75;0.01928089;UNKNOWN
2016-04-15T00:56:31.000000;2016-04-15T00:56:31.000000;ceee50eb-c7b0-42d0-94fc-2c7ad1658ddd;426.78;0.01;UNKNOWN
2016-04-15T00:56:31.000000;2016-04-15T00:56:31.000000;e1c47671-09a1-400a-acdf-d1b7a39ca174;426.78;0.03189034;UNKNOWN
2016-04-15T00:56:31.000000;2016-04-15T00:56:31.000000;f9116232-b9b7-4e17-a04d-e3c1f7f2c1f9;426.78;0.06203198;UNKNOWN
2016-04-15T00:56:31.000000;2016-04-15T00:56:31.000000;97612f97-e802-43ae-9184-098d1ecb48f8;426.77;0.03;UNKNOWN
2016-04-15T00:56:31.000000;2016-04-15T00:56:31.000000;d0761461-c81f-4370-9c45-195a6972e7be;426.75;0.03;UNKNOWN
2016-04-15T00:56:31.000000;2016-04-15T00:56:31.000000;6f7ee54d-27dc-4de1-a6dc-8ff389a16234;426.78;0.0232;UNKNOWN
2016-04-15T00:56:31.000000;2016-04-15T00:56:31.000000;a2cdd4f8-2af7-4ba4-a30c-7d52f63686a3;426.79;0.03;UNKNOWN
2016-04-15T00:56:31.000000;2016-04-15T00:56:31.000000;3040821a-9bff-4a75-aad2-7d2a33e94095;426.75;0.01931243;UNKNOWN
2016-04-15T00:56:31.000000;2016-04-15T00:56:31.000000;bbde2cb1-c5e6-45a1-94c8-21fa8a0fcbbe;426.78;0.03;UNKNOWN
2016-04-15T00:56:31.000000;2016-04-15T00:56:31.000000;76b0fe69-7bc4-4c1d-8308-589c938d5a00;426.8;0.01;UNKNOWN
2016-04-15T00:56:31.000000;2016-04-15T00:56:31.000000;b5139b03-5caf-4af2-8481-8b0eecb54396;426.79;0.01;UNKNOWN
2016-04-15T00:56:31.000000;2016-04-15T00:56:31.000000;dcfead04-6206-44a2-995d-ad587676cc3b;426.8;0.01;UNKNOWN
2016-04-15T00:56:31.000000;2016-04-15T00:56:31.000000;76c4bf63-0afe-46f3-8f53-855ec50c845d;426.79;0.376;UNKNOWN
2016-04-15T00:56:31.000000;2016-04-15T00:56:31.000000;8542c853-d645-49e0-ad32-053d424431a2;426.8;0.1;UNKNOWN
2016-04-15T00:56:31.000000;2016-04-15T00:56:31.000000;360fd581-7989-4a3b-ab51-f342d3b3bff2;426.8;0.01;UNKNOWN
2016-04-15T00:56:31.000000;2016-04-15T00:56:31.000000;1e7d2c6d-7ced-4767-ac4b-fd67cae7387e;426.8;0.0200117;UNKNOWN
2016-04-15T00:56:31.000000;2016-04-15T00:56:31.000000;5e0ac65c-72c7-4240-a6d5-62c1807f6ba8;426.8;0.01;UNKNOWN
2016-04-15T00:56:31.000000;2016-04-15T00:56:31.000000;3b2537a6-73c4-4706-9061-300ef46cdac5;426.8;0.01888161;UNKNOWN
2016-04-15T00:57:01.000000;2016-04-15T00:57:01.000000;cbd61d61-f88a-4c31-8b89-835ecf384530;426.71;0.21088;UNKNOWN
2016-04-15T00:57:01.000000;2016-04-15T00:57:01.000000;e087328e-edda-4781-91fe-c6fbd15f4d74;426.71;0.02;UNKNOWN
2016-04-15T00:58:31.000000;2016-04-15T00:58:31.000000;a9a3d694-13f8-4b30-9220-38444dcf1fd1;426.71;0.28629;UNKNOWN
2016-04-15T00:58:31.000000;2016-04-15T00:58:31.000000;db9f8459-8765-487c-9cfc-55db33d4ccc6;426.71;0.02;UNKNOWN
2016-04-15T00:59:01.000000;2016-04-15T00:59:01.000000;048ca12a-40b7-402d-9f34-fda66f38a20d;426.71;0.02;UNKNOWN
2016-04-15T00:59:01.000000;2016-04-15T00:59:01.000000;e88357ea-2f16-4081-9a5c-922b366ffcae;426.8;0.03111839;UNKNOWN
2016-04-15T00:59:01.000000;2016-04-15T00:59:01.000000;8a1caa1f-fde0-4cb0-af1b-04b07e6753c1;426.86;0.0232;UNKNOWN
2016-04-15T00:59:01.000000;2016-04-15T00:59:01.000000;104156da-4974-42bc-92ff-aaf3905aa038;426.89;0.63547161;UNKNOWN
2016-04-15T00:59:01.000000;2016-04-15T00:59:01.000000;463f4e40-420b-4cc9-9be9-ee9143b5f51a;426.86;0.098;UNKNOWN
2016-04-15T00:59:01.000000;2016-04-15T00:59:01.000000;335e283e-8fa2-4810-84a4-1af41255d6f1;426.85;1.02;UNKNOWN
2016-04-15T00:59:01.000000;2016-04-15T00:59:01.000000;7535ac75-326d-41a6-b8ae-7a091904b8b5;426.85;0.01;UNKNOWN
2016-04-15T00:59:01.000000;2016-04-15T00:59:01.000000;1dc9b46c-2f4e-4ca7-bf55-42ced3628750;426.84;0.01;UNKNOWN
2016-04-15T00:59:01.000000;2016-04-15T00:59:01.000000;69c00d05-3de4-4ca9-83b7-002c10a4c87c;426.83;0.02;UNKNOWN
2016-04-15T00:59:01.000000;2016-04-15T00:59:01.000000;fa438c8f-c16e-4763-8b47-3f40c3a15a5c;426.81;0.084;UNKNOWN
2016-04-15T00:59:01.000000;2016-04-15T00:59:01.000000;9dab790c-bbe4-43d9-a087-b2e34f63edbf;426.84;0.01;UNKNOWN
2016-04-15T00:59:01.000000;2016-04-15T00:59:01.000000;5e4549ca-b208-485e-a185-b1594a1cb757;426.84;0.03;UNKNOWN
2016-04-15T00:59:01.000000;2016-04-15T00:59:01.000000;19c989ee-24aa-4fc5-b8c6-aa21da4a0cd3;426.85;0.01;UNKNOWN
2016-04-15T00:59:31.000000;2016-04-15T00:59:31.000000;3200c59b-7fb8-462d-9fc5-648f9063457c;426.71;0.19899;UNKNOWN
2016-04-15T00:59:31.000000;2016-04-15T00:59:31.000000;80c76dfc-d794-4f9c-91bb-c963f0022af9;426.71;0.02;UNKNOWN
2016-04-15T01:00:01.000000;2016-04-15T01:00:01.000000;bf6e0059-6f7f-4f44-839f-a523dac43721;426.86;0.192;UNKNOWN
2016-04-15T01:00:01.000000;2016-04-15T01:00:01.000000;c38d02cc-b2be-41aa-b670-246fcd5aefa2;426.86;0.27;UNKNOWN
2016-04-15T01:00:01.000000;2016-04-15T01:00:01.000000;d5712f5a-0eab-44c4-9c18-3515ad2f25c7;426.89;1.19152;UNKNOWN
2016-04-15T01:01:01.000000;2016-04-15T01:01:01.000000;c840f2fb-650f-41ca-969b-fbee571a386a;426.89;0.32441;UNKNOWN
2016-04-15T01:01:31.000000;2016-04-15T01:01:31.000000;d23cd46d-42c7-471a-97f6-1fcb4c31e38e;426.9;0.1221483;UNKNOWN
2016-04-15T01:01:31.000000;2016-04-15T01:01:31.000000;dcb82093-66ba-49a6-99b9-94434cbc1cd3;426.9;0.0200117;UNKNOWN
2016-04-15T01:02:01.000000;2016-04-15T01:02:01.000000;be1187c8-d352-495d-8d9d-6e2f3f23c735;426.89;0.01;UNKNOWN
2016-04-15T01:02:01.000000;2016-04-15T01:02:01.000000;ba873d7b-b39d-4345-bb91-c9edf640e27c;426.89;0.084;UNKNOWN
2016-04-15T01:02:01.000000;2016-04-15T01:02:01.000000;ebc53abc-b27f-41d3-be35-3b3ab43fa6fa;426.88;0.00496;UNKNOWN
2016-04-15T01:02:01.000000;2016-04-15T01:02:01.000000;dc953d53-f28f-4caa-a9f4-8a8f689a8222;426.88;0.01;UNKNOWN
2016-04-15T01:02:31.000000;2016-04-15T01:02:31.000000;7dd9ccdf-3cc4-40fe-b1cd-be7e59ab5dba;426.89;0.46384;UNKNOWN
2016-04-15T01:03:02.000000;2016-04-15T01:03:02.000000;a9da8e24-90b6-4b62-b442-88d348d50f1a;426.9;1.90283792;UNKNOWN
2016-04-15T01:03:02.000000;2016-04-15T01:03:02.000000;2919a9da-b946-4e2f-97de-74b42cbcbef9;426.9;0.01;UNKNOWN
2016-04-15T01:03:02.000000;2016-04-15T01:03:02.000000;bad0b469-443a-4ace-8a6c-c737c2d7ba2a;426.9;0.24628208;UNKNOWN
2016-04-15T01:03:02.000000;2016-04-15T01:03:02.000000;c8e73ec9-c6de-4808-a5b0-36e984e74048;426.89;4.961;UNKNOWN
2016-04-15T01:03:02.000000;2016-04-15T01:03:02.000000;bbbb3e7b-db0d-4894-a617-20c123af1df1;426.88;0.314;UNKNOWN
2016-04-15T01:03:30.000000;2016-04-15T01:03:30.000000;ec227a1a-db3f-4641-aae4-b7618df9d3e4;426.9;0.18265;UNKNOWN
2016-04-15T01:04:30.000000;2016-04-15T01:04:30.000000;aff3158c-4a72-456e-946f-30a47e286280;426.91;2.72743321;UNKNOWN
2016-04-15T01:04:30.000000;2016-04-15T01:04:30.000000;c9c4c3ba-aca6-4346-a93f-eec76fd2a5a8;426.9;0.282;UNKNOWN
2016-04-15T01:04:30.000000;2016-04-15T01:04:30.000000;85cea13c-784f-4d95-9396-e9d4a323e41d;426.91;0.01351679;UNKNOWN
2016-04-15T01:05:00.000000;2016-04-15T01:05:00.000000;438c13c4-f73e-4151-b715-476bdef8c9e2;426.92;0.13889;UNKNOWN
2016-04-15T01:05:30.000000;2016-04-15T01:05:30.000000;6cafecec-a426-46f3-974a-b82afdbe968f;426.85;0.12;UNKNOWN
2016-04-15T01:05:30.000000;2016-04-15T01:05:30.000000;316afb52-e3e4-4d61-b311-bf544e939bbf;426.85;0.01;UNKNOWN
2016-04-15T01:05:30.000000;2016-04-15T01:05:30.000000;39e7e741-9607-4052-9d8d-95c7946c88bc;426.85;0.01;UNKNOWN
2016-04-15T01:05:30.000000;2016-04-15T01:05:30.000000;a53c5023-7436-4595-a3e2-90fb952534bc;426.87;0.01;UNKNOWN
2016-04-15T01:05:30.000000;2016-04-15T01:05:30.000000;a9e09adb-5889-48d2-ab88-7f89ae87bb00;426.83;0.102;UNKNOWN
2016-04-15T01:05:30.000000;2016-04-15T01:05:30.000000;bf9bea23-21a5-4729-aee7-84eb183d8b36;426.85;0.99999999;UNKNOWN
2016-04-15T01:05:30.000000;2016-04-15T01:05:30.000000;48cd5ddc-a7b6-4091-b918-27882e2184a6;426.88;0.01;UNKNOWN
2016-04-15T01:05:30.000000;2016-04-15T01:05:30.000000;9b6db1e3-993d-46a9-a46a-d676e43c99ed;426.91;0.01;UNKNOWN
2016-04-15T01:05:30.000000;2016-04-15T01:05:30.000000;c7b1c059-fd18-4415-b905-f3324fdf2c8a;426.9;0.067;UNKNOWN
2016-04-15T01:05:30.000000;2016-04-15T01:05:30.000000;21af8013-c7b5-4297-96b5-b59c093cc9e5;426.9;0.01;UNKNOWN
2016-04-15T01:05:30.000000;2016-04-15T01:05:30.000000;a0f8879e-4cbd-44f4-bd65-73fdb0981424;426.75;0.0115;UNKNOWN
2016-04-15T01:05:30.000000;2016-04-15T01:05:30.000000;f50c7baf-37df-4e10-b703-d48e7678dcbf;426.89;0.01;UNKNOWN
2016-04-15T01:05:30.000000;2016-04-15T01:05:30.000000;aa07bf56-47a7-4446-bcfd-07518b2c4998;426.8;0.01;UNKNOWN
2016-04-15T01:05:30.000000;2016-04-15T01:05:30.000000;7024f6c5-6158-4128-9e78-cf41a09ae6c4;426.8;0.01;UNKNOWN
2016-04-15T01:05:30.000000;2016-04-15T01:05:30.000000;9de51ee6-ad58-43e2-824f-c68efc606cde;426.81;0.01;UNKNOWN
2016-04-15T01:05:30.000000;2016-04-15T01:05:30.000000;0c82f61a-14bf-48f6-8f53-f20943a0eea1;426.82;0.01;UNKNOWN
2016-04-15T01:05:30.000000;2016-04-15T01:05:30.000000;a053de33-509f-401e-966c-0a476a4029f0;426.8;0.02001404;UNKNOWN
2016-04-15T01:05:30.000000;2016-04-15T01:05:30.000000;997485c5-221f-43bd-ad30-36216a20ddba;426.75;0.01;UNKNOWN
2016-04-15T01:05:30.000000;2016-04-15T01:05:30.000000;73b294d7-b88a-47a9-8fd7-bc6527d778f8;426.74;0.02295597;UNKNOWN
2016-04-15T01:05:30.000000;2016-04-15T01:05:30.000000;44b84228-9b64-49f4-af2a-b6a4f81775fb;426.75;0.01;UNKNOWN
2016-04-15T01:05:30.000000;2016-04-15T01:05:30.000000;87011986-fefc-4a8a-9bca-770d18f46622;426.78;0.093;UNKNOWN
2016-04-15T01:05:30.000000;2016-04-15T01:05:30.000000;ba7f5099-0f44-494a-a327-aa118a07b753;426.74;0.01;UNKNOWN
2016-04-15T01:05:30.000000;2016-04-15T01:05:30.000000;d06dc410-a1eb-4894-9edf-007ee34ba1e4;426.84;0.01;UNKNOWN
2016-04-15T01:05:30.000000;2016-04-15T01:05:30.000000;7cffc440-3d1d-4b68-987c-df498d566b4d;426.86;0.01;UNKNOWN
2016-04-15T01:05:30.000000;2016-04-15T01:05:30.000000;8587aadf-8f8b-4736-9189-db755d2ef7a5;426.83;0.01;UNKNOWN
2016-04-15T01:09:47.000000;2016-04-15T01:09:47.000000;e87a37a9-78c2-4299-ae05-e1ecb3afc6a6;426.78;0.24;UNKNOWN
2016-04-15T01:09:47.000000;2016-04-15T01:09:47.000000;68e43b06-682d-4b66-b41c-4f9dbdc1c85b;426.78;0.08;UNKNOWN
2016-04-15T01:12:31.000000;2016-04-15T01:12:31.000000;e4b4bd13-a869-4fdd-af2c-a810cd49a22f;426.81;0.01;UNKNOWN
2016-04-15T01:12:31.000000;2016-04-15T01:12:31.000000;2d166706-fc99-4adf-9b66-bef27ac49d4e;426.81;7.66743;UNKNOWN
2016-04-15T01:13:01.000000;2016-04-15T01:13:01.000000;0a8f6e65-07d6-4f15-8c3a-2d5f81580cef;426.82;0.02;UNKNOWN
2016-04-15T01:13:01.000000;2016-04-15T01:13:01.000000;1b7cbfcc-b9ca-4ecb-b46f-3eea6180e3a0;426.82;0.268;UNKNOWN
2016-04-15T01:13:01.000000;2016-04-15T01:13:01.000000;0345695d-190b-40d5-8f77-932ba69745e0;426.83;0.52197;UNKNOWN
2016-04-15T01:13:31.000000;2016-04-15T01:13:31.000000;a90102b1-e3c7-4f41-b91e-9833d51e751c;426.82;0.23893;UNKNOWN
2016-04-15T01:14:04.000000;2016-04-15T01:14:04.000000;889b9930-c3f4-4195-858a-e75161470c8a;426.83;0.19008;UNKNOWN
2016-04-15T01:14:04.000000;2016-04-15T01:14:04.000000;3123ec86-4bfc-4364-9b98-e75a7d4ae228;426.82;0.26;UNKNOWN
2016-04-15T01:14:31.000000;2016-04-15T01:14:31.000000;c4618266-974a-4de5-8b4e-d16236d0c967;426.82;0.281;UNKNOWN
2016-04-15T01:14:31.000000;2016-04-15T01:14:31.000000;6ee324da-0d7b-45ec-895c-47035c694062;426.83;2.40261;UNKNOWN
2016-04-15T01:15:01.000000;2016-04-15T01:15:01.000000;2575adde-7ba4-4379-8aec-0b74805b61d1;426.77;0.01;UNKNOWN
2016-04-15T01:15:01.000000;2016-04-15T01:15:01.000000;bdc7eb6a-ef95-4652-904a-e47fe8ea84e0;426.81;0.01;UNKNOWN
2016-04-15T01:15:01.000000;2016-04-15T01:15:01.000000;fd1022c1-1039-48ec-828b-126f119dd622;426.78;0.01;UNKNOWN
2016-04-15T01:15:01.000000;2016-04-15T01:15:01.000000;c79638cf-a89c-490f-94a1-76991d7dc506;426.8;0.01;UNKNOWN
2016-04-15T01:15:01.000000;2016-04-15T01:15:01.000000;caec353e-c4ac-45b9-b652-802ee5ea9e37;426.79;0.067;UNKNOWN
2016-04-15T01:15:01.000000;2016-04-15T01:15:01.000000;6a65d13d-678b-47e3-a592-ae9ed40c1922;426.79;0.01;UNKNOWN
2016-04-15T01:15:01.000000;2016-04-15T01:15:01.000000;75555b83-792d-4807-8f5d-7783d42c2f37;426.77;0.17359;UNKNOWN
2016-04-15T01:15:31.000000;2016-04-15T01:15:31.000000;9d5f8e9f-53b3-414b-8289-da8e8babd654;426.81;0.06229;UNKNOWN
2016-04-15T01:15:31.000000;2016-04-15T01:15:31.000000;6446b2d0-a1a0-430c-9770-47d62d4a1d0f;426.8;0.208;UNKNOWN
2016-04-15T01:16:06.000000;2016-04-15T01:16:06.000000;6a8b6667-57c8-48ad-bc11-1d7ca0db2f47;426.77;0.01;UNKNOWN
2016-04-15T01:16:06.000000;2016-04-15T01:16:06.000000;64678477-add7-41bd-b6c6-cbb2dd1354a8;426.78;0.01;UNKNOWN
2016-04-15T01:16:06.000000;2016-04-15T01:16:06.000000;3e6ead37-6671-48f8-82d2-408dfae615cb;426.77;3.72855;UNKNOWN
2016-04-15T01:16:06.000000;2016-04-15T01:16:06.000000;ec149cd0-a92c-498d-88cd-7c9ce26eb96c;426.79;0.21;UNKNOWN
2016-04-15T01:16:06.000000;2016-04-15T01:16:06.000000;0dacd6db-6984-44ae-bd39-96068b919eda;426.79;0.083;UNKNOWN
2016-04-15T01:16:06.000000;2016-04-15T01:16:06.000000;acf08a39-c5de-43ec-a5fe-88ddae5a621c;426.79;0.01;UNKNOWN
2016-04-15T01:16:31.000000;2016-04-15T01:16:31.000000;206ebe18-5e4f-4ae4-b7a6-b31e10dc00a5;426.87;0.03;UNKNOWN
2016-04-15T01:16:31.000000;2016-04-15T01:16:31.000000;7552f786-528d-4646-b5ef-3055fe72225e;426.93;0.05406716;UNKNOWN
2016-04-15T01:16:31.000000;2016-04-15T01:16:31.000000;7eee8051-ea63-49b0-9fa4-bcbe740fd6f8;426.93;0.8422488;UNKNOWN
2016-04-15T01:16:31.000000;2016-04-15T01:16:31.000000;d7da1c2d-44aa-411e-8176-d89bbdf40d9e;426.86;0.01;UNKNOWN
2016-04-15T01:16:31.000000;2016-04-15T01:16:31.000000;98203634-0268-4128-9ad1-91ce47519dae;426.9;0.02001404;UNKNOWN
2016-04-15T01:16:31.000000;2016-04-15T01:16:31.000000;6f5b6bf7-4643-4e47-9185-64fee2b2d68d;426.9;0.02;UNKNOWN
2016-04-15T01:16:31.000000;2016-04-15T01:16:31.000000;53303f0a-732b-4a8b-93ea-bd702102e962;426.93;0.01;UNKNOWN
2016-04-15T01:16:31.000000;2016-04-15T01:16:31.000000;3148553c-80f2-47bb-a597-ecb82ea7e558;426.9;0.01;UNKNOWN
2016-04-15T01:16:31.000000;2016-04-15T01:16:31.000000;bfd36425-1b9c-4abf-9322-53fc64a773cd;426.93;0.01;UNKNOWN
2016-04-15T01:16:31.000000;2016-04-15T01:16:31.000000;d6c9b917-4082-4069-8f56-62622972f814;426.92;0.02;UNKNOWN
2016-04-15T01:17:01.000000;2016-04-15T01:17:01.000000;4debaaf4-8930-45be-ac74-de17385d5082;426.9;0.02;UNKNOWN
2016-04-15T01:17:01.000000;2016-04-15T01:17:01.000000;ec8c6423-3d3c-4329-940f-6a69f8b6bd43;426.93;0.02614;UNKNOWN
2016-04-15T01:18:01.000000;2016-04-15T01:18:01.000000;d2f7bb20-78b4-4525-8b28-601267507b7f;426.93;0.09414;UNKNOWN
2016-04-15T01:18:31.000000;2016-04-15T01:18:31.000000;19529787-cd45-4e92-a73e-3ad7914b8a95;426.93;0.067;UNKNOWN
2016-04-15T01:18:31.000000;2016-04-15T01:18:31.000000;bde4a7dd-43d0-468c-807c-95128018939c;426.93;0.06;UNKNOWN
2016-04-15T01:18:31.000000;2016-04-15T01:18:31.000000;ba2282d3-9e0d-4229-86e5-093ee0f6c20f;426.94;0.00600881;UNKNOWN
2016-04-15T01:18:31.000000;2016-04-15T01:18:31.000000;2703fed5-cd15-4711-a469-a3815f31a6ce;426.93;0.16;UNKNOWN
2016-04-15T01:18:31.000000;2016-04-15T01:18:31.000000;d8a04156-5183-4ffe-9319-a22f5e193a79;426.93;0.03747119;UNKNOWN
2016-04-15T01:19:01.000000;2016-04-15T01:19:01.000000;e43b85d5-a53b-4074-9c8e-88e7079b5f45;426.94;0.07698881;UNKNOWN
2016-04-15T01:19:01.000000;2016-04-15T01:19:01.000000;a22e5f1a-1b2a-4fe2-96a8-484adbd0817f;426.94;0.01399119;UNKNOWN
2016-04-15T01:19:31.000000;2016-04-15T01:19:31.000000;0c13eb96-ec68-4d86-84cd-c70035343f51;426.97;0.25612253;UNKNOWN
2016-04-15T01:19:31.000000;2016-04-15T01:19:31.000000;f10dc024-fdbb-4782-b1c8-e09bc03c8c58;426.97;0.03;UNKNOWN
2016-04-15T01:19:31.000000;2016-04-15T01:19:31.000000;a3adf340-0c6b-4e84-9c43-4ff04b9278ec;426.97;0.03;UNKNOWN
2016-04-15T01:19:31.000000;2016-04-15T01:19:31.000000;ad0de3e5-c0ee-46cb-bc42-3a0658b2cc67;426.95;0.01;UNKNOWN
2016-04-15T01:19:31.000000;2016-04-15T01:19:31.000000;45813665-28a3-4ef3-9d2d-dc5be7c64653;426.95;0.01787747;UNKNOWN
2016-04-15T01:19:31.000000;2016-04-15T01:19:31.000000;545d7825-6d03-4545-85bf-e8005edb6a11;426.96;0.01;UNKNOWN
2016-04-15T01:20:01.000000;2016-04-15T01:20:01.000000;11a424f9-d26a-46a4-b82b-6523904f6dce;426.97;1.07101253;UNKNOWN
2016-04-15T01:20:01.000000;2016-04-15T01:20:01.000000;58e0179d-98b4-49c5-bfec-5bcf9326f6c1;426.97;0.067;UNKNOWN
2016-04-15T01:20:01.000000;2016-04-15T01:20:01.000000;ca706d3d-7b70-4e91-8c2a-fc74ec91cea9;426.97;1.18087747;UNKNOWN
2016-04-15T01:20:19.000000;2016-04-15T01:20:19.000000;41ff49be-ca68-4d0b-92f3-06ad5f6c0c00;426.97;0.01;UNKNOWN
2016-04-15T01:20:35.000000;2016-04-15T01:20:35.000000;c12e86ad-3b21-455b-917b-087d71276956;426.9;0.01;UNKNOWN
2016-04-15T01:20:35.000000;2016-04-15T01:20:35.000000;2425bee1-8f67-44fe-80d0-8634c2923488;426.9;0.40907;UNKNOWN
2016-04-15T01:20:35.000000;2016-04-15T01:20:35.000000;3ebdc02b-1387-426d-b04f-6250ee5f82c5;426.91;0.01;UNKNOWN
2016-04-15T01:20:35.000000;2016-04-15T01:20:35.000000;a2143d73-b828-4120-a593-455865f1c265;426.92;0.01;UNKNOWN
2016-04-15T01:20:35.000000;2016-04-15T01:20:35.000000;d302686d-f814-46be-a00b-2843ad6a32a5;426.94;0.01;UNKNOWN
2016-04-15T01:20:35.000000;2016-04-15T01:20:35.000000;75424efe-e530-4550-a181-86cf83be5e6a;426.93;0.111;UNKNOWN
2016-04-15T01:20:35.000000;2016-04-15T01:20:35.000000;79f0d793-b6ff-401b-aad0-9bb962fcca77;426.95;0.01;UNKNOWN
2016-04-15T01:20:35.000000;2016-04-15T01:20:35.000000;ab2cb5bf-7064-433e-8deb-c93e5709a3b1;426.95;0.067;UNKNOWN
2016-04-15T01:20:35.000000;2016-04-15T01:20:35.000000;deb2bb36-2605-4fef-9ca0-35214321ab5e;426.93;0.01;UNKNOWN
2016-04-15T01:20:35.000000;2016-04-15T01:20:35.000000;d6e29c00-ce5c-40c4-a37e-e7b4739b45af;426.96;0.01;UNKNOWN
2016-04-15T01:21:01.000000;2016-04-15T01:21:01.000000;df91e038-91d9-41fb-8f53-d02f08e380ca;426.97;0.44293;UNKNOWN
2016-04-15T01:21:01.000000;2016-04-15T01:21:01.000000;99b044bf-a132-4ede-bc73-b9009aff527c;426.95;0.03;UNKNOWN
2016-04-15T01:21:01.000000;2016-04-15T01:21:01.000000;a7e024ed-14c3-49a7-8aee-94d5bd5eb537;426.95;0.01;UNKNOWN
2016-04-15T01:21:31.000000;2016-04-15T01:21:31.000000;04ba2a7f-31dc-428d-9a96-a55971f0fb7d;426.98;0.01;UNKNOWN
2016-04-15T01:21:31.000000;2016-04-15T01:21:31.000000;52a400a4-1216-4a72-9279-33cfae2c80ba;426.98;0.03;UNKNOWN
2016-04-15T01:21:31.000000;2016-04-15T01:21:31.000000;c02bcae4-48cd-43e4-81d4-1a0e16fccef5;426.98;0.01;UNKNOWN
2016-04-15T01:21:31.000000;2016-04-15T01:21:31.000000;fed73f1a-1b17-4f9a-99f7-071d64ee9ac2;426.98;0.1198;UNKNOWN
2016-04-15T01:22:01.000000;2016-04-15T01:22:01.000000;d2f21a1d-f7cb-4658-85a3-60dca1481f64;426.98;0.27573;UNKNOWN
2016-04-15T01:22:31.000000;2016-04-15T01:22:31.000000;4901567d-1d59-47b8-9f40-79c61ced31dd;426.98;0.01353999;UNKNOWN
2016-04-15T01:22:31.000000;2016-04-15T01:22:31.000000;61733eeb-5f0f-4ca8-9adb-c58ff27a4998;426.98;6.40805001;UNKNOWN
2016-04-15T01:23:01.000000;2016-04-15T01:23:01.000000;ed614d2b-64bd-4384-a3ee-00363a1d23c9;426.97;3.03774;UNKNOWN
2016-04-15T01:23:31.000000;2016-04-15T01:23:31.000000;5f4cf6d9-bed0-4e21-a211-3d3a85fb2017;427.0;0.02000702;UNKNOWN
2016-04-15T01:23:31.000000;2016-04-15T01:23:31.000000;dce88960-d85a-410c-aa9b-209cfe49789e;427.0;0.01;UNKNOWN
2016-04-15T01:23:31.000000;2016-04-15T01:23:31.000000;f3f6ed31-d875-4ea6-81a2-b645fc998ea4;427.0;0.01925419;UNKNOWN
2016-04-15T01:23:31.000000;2016-04-15T01:23:31.000000;ec671a59-048c-4d76-9e0f-9b61b0b00442;427.0;0.01;UNKNOWN
2016-04-15T01:23:31.000000;2016-04-15T01:23:31.000000;8a1f265a-4a1b-46d7-89c6-dd4d8dd9d849;426.99;0.01;UNKNOWN
2016-04-15T01:23:31.000000;2016-04-15T01:23:31.000000;6d089e19-1425-4a9b-8b26-b8aba068d7aa;426.99;0.01471821;UNKNOWN
2016-04-15T01:23:31.000000;2016-04-15T01:23:31.000000;88789ed1-c62d-4de5-ba4a-5d77768ba5c4;427.0;0.86576058;UNKNOWN
2016-04-15T01:24:01.000000;2016-04-15T01:24:01.000000;d9e9c693-7c90-49ce-8ec9-13ec4b711f41;427.0;0.1;UNKNOWN
2016-04-15T01:24:01.000000;2016-04-15T01:24:01.000000;feb30cde-3069-4eb6-8a16-1414168ba704;427.0;0.08423942;UNKNOWN
2016-04-15T01:24:01.000000;2016-04-15T01:24:01.000000;6c2ff3b6-d674-40e7-b25d-686f4f66bd12;427.0;0.31576058;UNKNOWN
2016-04-15T01:24:16.000000;2016-04-15T01:24:16.000000;4c3a7ffd-9f6a-48c8-97cd-7de3772555bc;426.94;0.01;UNKNOWN
2016-04-15T01:24:16.000000;2016-04-15T01:24:16.000000;bc0348d5-020a-4c7e-a370-72d970dd174a;426.91;0.99999998;UNKNOWN
2016-04-15T01:24:16.000000;2016-04-15T01:24:16.000000;91c88342-0278-437f-9761-1eeed0dc7ccd;426.95;0.01;UNKNOWN
2016-04-15T01:24:16.000000;2016-04-15T01:24:16.000000;e04c6dbd-b88b-434e-a12a-d6dc25017494;426.92;0.01;UNKNOWN
2016-04-15T01:24:16.000000;2016-04-15T01:24:16.000000;0d7ac0ef-c165-4822-8b28-8f1f8b2da76a;426.96;0.01;UNKNOWN
2016-04-15T01:24:16.000000;2016-04-15T01:24:16.000000;fd6b7689-6e62-47fd-aa52-00ca920c0187;426.99;0.01;UNKNOWN
2016-04-15T01:24:16.000000;2016-04-15T01:24:16.000000;74590e04-419e-44b5-8327-b60f76131b89;426.98;0.067;UNKNOWN
2016-04-15T01:24:16.000000;2016-04-15T01:24:16.000000;567085a1-b02a-47e6-b970-e0f9c8360a4e;426.99;0.08;UNKNOWN
2016-04-15T01:24:16.000000;2016-04-15T01:24:16.000000;e86c6d1a-4593-4711-89bb-a2f1516b9396;426.97;0.01;UNKNOWN
2016-04-15T01:24:16.000000;2016-04-15T01:24:16.000000;ca7bd9b7-b503-4316-8b91-184212fdbb30;426.91;0.01;UNKNOWN
2016-04-15T01:24:16.000000;2016-04-15T01:24:16.000000;3fabf4bd-46ad-46b0-b2f8-8ef205330938;426.93;0.16;UNKNOWN
2016-04-15T01:24:16.000000;2016-04-15T01:24:16.000000;04e546fb-f522-4421-9d5c-b7d52e5de568;426.98;0.01;UNKNOWN
2016-04-15T01:24:16.000000;2016-04-15T01:24:16.000000;0f14bb3b-2d81-4593-bbdf-093a690f712b;426.93;0.01;UNKNOWN
2016-04-15T01:24:16.000000;2016-04-15T01:24:16.000000;60a4b0ef-665d-4cd3-af25-23b798de7149;426.94;0.104;UNKNOWN
2016-04-15T01:24:16.000000;2016-04-15T01:24:16.000000;4587c79d-31b5-4439-bc3e-ab1c75550548;426.89;0.02152674;UNKNOWN
2016-04-15T01:24:16.000000;2016-04-15T01:24:16.000000;ce5e73ad-543a-40ba-8153-65cb5147a6dc;426.9;0.02000936;UNKNOWN
2016-04-15T01:24:16.000000;2016-04-15T01:24:16.000000;6bae0f53-408d-4090-806c-cda993745c00;426.9;0.01;UNKNOWN
2016-04-15T01:24:30.000000;2016-04-15T01:24:30.000000;7841b5f8-7448-4eca-ba2b-e0bc700e439a;426.86;0.01;UNKNOWN
2016-04-15T01:24:30.000000;2016-04-15T01:24:30.000000;5811c382-fb4f-408a-a16d-334896952371;426.8;0.02001638;UNKNOWN
2016-04-15T01:24:30.000000;2016-04-15T01:24:30.000000;805933a3-1bc5-4a03-8e0c-4b5fdf797905;426.8;0.3;UNKNOWN
2016-04-15T01:24:30.000000;2016-04-15T01:24:30.000000;b2283d97-8546-4f8a-a185-a30784e930ad;426.85;0.01;UNKNOWN
2016-04-15T01:24:30.000000;2016-04-15T01:24:30.000000;7339aa61-edf1-4c1c-8861-bf48f4bc7b44;426.86;0.089;UNKNOWN
2016-04-15T01:24:30.000000;2016-04-15T01:24:30.000000;bccbaf85-65ec-4532-be6b-3de4f2bd2e1d;426.86;0.3;UNKNOWN
2016-04-15T01:24:30.000000;2016-04-15T01:24:30.000000;cf362f0d-f435-43bc-b35c-3142f6c08c56;426.8;0.067;UNKNOWN
2016-04-15T01:24:30.000000;2016-04-15T01:24:30.000000;ded8c370-28b3-4c06-916d-1a4a88be4db3;426.86;0.1;UNKNOWN
2016-04-15T01:24:30.000000;2016-04-15T01:24:30.000000;11091aac-0f6d-4899-abc8-1ee3234ee563;426.8;0.3;UNKNOWN
2016-04-15T01:24:30.000000;2016-04-15T01:24:30.000000;dba83a85-dda7-45ae-b893-c01048118975;426.8;0.01;UNKNOWN
2016-04-15T01:24:30.000000;2016-04-15T01:24:30.000000;83cb8d60-ace7-4fca-b2c1-eb2db1b512c8;426.81;0.85;UNKNOWN
2016-04-15T01:24:30.000000;2016-04-15T01:24:30.000000;605a3588-1dea-476d-8e1b-87bcc7a7504c;426.84;0.3;UNKNOWN
2016-04-15T01:24:30.000000;2016-04-15T01:24:30.000000;5d9e9fab-57b0-4179-a229-32bba318043d;426.79;3.60957362;UNKNOWN
2016-04-15T01:24:30.000000;2016-04-15T01:24:30.000000;ec226c6d-40a8-405a-801e-5d1032be0c0d;426.8;0.85;UNKNOWN
2016-04-15T01:24:31.000000;2016-04-15T01:24:31.000000;7f7229ca-8ed3-4228-ad08-fee73202e2f1;426.96;0.22;UNKNOWN
2016-04-15T01:24:31.000000;2016-04-15T01:24:31.000000;baf0116b-bce2-486d-9fe7-4b55e40e2cbb;426.95;0.01;UNKNOWN
2016-04-15T01:24:31.000000;2016-04-15T01:24:31.000000;2fac1729-5ea8-4b8e-9159-7f8311f9fe58;426.96;1.35578;UNKNOWN
2016-04-15T01:25:01.000000;2016-04-15T01:25:01.000000;5700afc9-a765-4200-883e-cda88f7af819;426.93;0.21781362;UNKNOWN
2016-04-15T01:25:01.000000;2016-04-15T01:25:01.000000;dd2cd4a9-e065-4c79-8801-e03d717c5c57;426.9;0.01;UNKNOWN
2016-04-15T01:25:01.000000;2016-04-15T01:25:01.000000;1669c2b1-372a-4422-b90f-e0e33ce41da9;426.9;0.1;UNKNOWN
2016-04-15T01:25:01.000000;2016-04-15T01:25:01.000000;bed1901a-76db-4cb4-9261-bc405dcd09ec;426.9;0.02001638;UNKNOWN
2016-04-15T01:25:31.000000;2016-04-15T01:25:31.000000;303d2a8c-9104-462a-8c66-d6e682a1c0da;426.86;0.01;UNKNOWN
2016-04-15T01:25:31.000000;2016-04-15T01:25:31.000000;0276441f-9ea5-462a-8b48-9c76d62e4bbc;426.86;0.02462;UNKNOWN
2016-04-15T01:26:01.000000;2016-04-15T01:26:01.000000;471b1155-559d-4a08-a77f-479b18be8aed;426.93;0.01;UNKNOWN
2016-04-15T01:26:01.000000;2016-04-15T01:26:01.000000;49e78237-2d95-42e1-8c73-eed7c80d55ab;426.95;0.29263;UNKNOWN
2016-04-15T01:26:01.000000;2016-04-15T01:26:01.000000;835816fc-e909-44f7-871c-69a397802969;426.95;0.01;UNKNOWN
2016-04-15T01:26:01.000000;2016-04-15T01:26:01.000000;6f89b7ba-0f99-4ceb-9661-8d2eddc0b6ee;426.94;0.01;UNKNOWN
2016-04-15T01:26:31.000000;2016-04-15T01:26:31.000000;a69dd0e1-84dc-4743-a7cf-0651a9a1931b;426.85;0.01;UNKNOWN
2016-04-15T01:26:31.000000;2016-04-15T01:26:31.000000;15edd636-759a-4361-bb61-bf1e272172dd;426.85;0.1;UNKNOWN
2016-04-15T01:26:31.000000;2016-04-15T01:26:31.000000;e30b1350-c5dd-43dd-8993-d49484aaee26;426.85;0.01;UNKNOWN
2016-04-15T01:26:31.000000;2016-04-15T01:26:31.000000;0fc5e15d-e3bc-42c1-b707-8cbe863735a0;426.86;0.14;UNKNOWN
2016-04-15T01:26:31.000000;2016-04-15T01:26:31.000000;045e3f8a-f160-4f2f-b664-1eeef2544b75;426.82;0.40611;UNKNOWN
2016-04-15T01:26:31.000000;2016-04-15T01:26:31.000000;f6ea0c8b-6451-4116-a5fc-47c1dad68053;426.83;0.01;UNKNOWN
2016-04-15T01:26:31.000000;2016-04-15T01:26:31.000000;705fbf54-e08a-4841-a061-be8847b3ee56;426.86;0.067;UNKNOWN
2016-04-15T01:26:31.000000;2016-04-15T01:26:31.000000;b5d51708-f0d2-4a30-9733-41f9946c5108;426.87;0.01;UNKNOWN
2016-04-15T01:26:31.000000;2016-04-15T01:26:31.000000;d5376c74-dc08-4892-8f9a-2f58b8a154f2;426.88;0.01;UNKNOWN
2016-04-15T01:26:31.000000;2016-04-15T01:26:31.000000;e9bc9454-50b8-4dc4-b2e1-aee88258f234;426.9;0.01;UNKNOWN
2016-04-15T01:26:31.000000;2016-04-15T01:26:31.000000;c601d2b5-3e12-4cd4-b438-d725628f77be;426.9;0.01;UNKNOWN
2016-04-15T01:26:31.000000;2016-04-15T01:26:31.000000;dacb3052-463b-496b-901f-d65a6281a44b;426.9;0.119;UNKNOWN
2016-04-15T01:27:01.000000;2016-04-15T01:27:01.000000;b58f9aec-37af-42c9-b96e-1f85dff45824;426.79;0.95934928;UNKNOWN
2016-04-15T01:27:01.000000;2016-04-15T01:27:01.000000;8e047b0c-7c40-4c44-baf2-40d1a3bdb83f;426.8;0.02001872;UNKNOWN
2016-04-15T01:27:01.000000;2016-04-15T01:27:01.000000;b5727cf4-06e5-417d-92d1-668ed7106640;426.84;0.075;UNKNOWN
2016-04-15T01:27:01.000000;2016-04-15T01:27:01.000000;25b5be39-8ce9-4ceb-82e5-bb763f45645e;426.91;0.01;UNKNOWN
2016-04-15T01:27:01.000000;2016-04-15T01:27:01.000000;79eb91a8-e9e1-4c97-a101-c73df6e88ef9;426.81;0.020102;UNKNOWN
2016-04-15T01:27:01.000000;2016-04-15T01:27:01.000000;0e869389-d547-4a7b-a588-59e484222f00;426.8;0.01;UNKNOWN
2016-04-15T01:27:01.000000;2016-04-15T01:27:01.000000;19301396-bdaf-451e-821f-af401fdd79c8;426.81;0.675;UNKNOWN
2016-04-15T01:27:31.000000;2016-04-15T01:27:31.000000;cad4a7f8-1b6a-4fdd-983f-2112e1346ebc;426.88;0.01;UNKNOWN
2016-04-15T01:27:31.000000;2016-04-15T01:27:31.000000;90c25bab-2dde-4585-8786-62466efaf23c;426.89;0.10584;UNKNOWN
2016-04-15T01:28:02.000000;2016-04-15T01:28:02.000000;c3a20f0d-822b-425a-98b9-85056a98a62d;426.84;0.00996;UNKNOWN
2016-04-15T01:28:02.000000;2016-04-15T01:28:02.000000;ffa1f2af-527b-446b-aae0-429a555deb53;426.85;0.01;UNKNOWN
2016-04-15T01:28:02.000000;2016-04-15T01:28:02.000000;02592688-90b4-4b2b-9717-cb1719f0fdf3;426.85;0.096;UNKNOWN
2016-04-15T01:28:31.000000;2016-04-15T01:28:31.000000;03091390-f9a9-410f-825d-5ce0c58f88d6;426.77;9.56328;UNKNOWN
2016-04-15T01:28:31.000000;2016-04-15T01:28:31.000000;0e9cbb56-ed4e-45be-ab1f-19560a6a468e;426.78;7.02821;UNKNOWN
2016-04-15T01:28:31.000000;2016-04-15T01:28:31.000000;faefd24e-dae4-495d-8b95-c719a72363b2;426.78;0.8;UNKNOWN
2016-04-15T01:28:31.000000;2016-04-15T01:28:31.000000;97755855-29c8-4ed6-a30d-ea693c77f3ff;426.78;0.01;UNKNOWN
2016-04-15T01:28:31.000000;2016-04-15T01:28:31.000000;4a958785-913e-44ad-8e85-b02e0ea9949b;426.84;4e-05;UNKNOWN
2016-04-15T01:28:31.000000;2016-04-15T01:28:31.000000;78dc5853-1063-443b-bf69-c4550c8a872b;426.85;0.119;UNKNOWN
2016-04-15T01:28:31.000000;2016-04-15T01:28:31.000000;69f1a1ae-2064-4193-a652-52e18f0bab7c;426.85;0.01;UNKNOWN
2016-04-15T01:28:31.000000;2016-04-15T01:28:31.000000;407affe2-2223-45a7-ad26-0b7edabdc20a;426.8;0.01;UNKNOWN
2016-04-15T01:28:31.000000;2016-04-15T01:28:31.000000;03796f0b-a77d-41d7-b83a-2999b6730032;426.79;0.067;UNKNOWN
2016-04-15T01:28:31.000000;2016-04-15T01:28:31.000000;6db13638-bc80-4bcb-a073-26b62f99b46f;426.83;0.01;UNKNOWN
2016-04-15T01:28:31.000000;2016-04-15T01:28:31.000000;c2e2143d-45f0-4ffd-a46b-d7482707e37d;426.82;0.01;UNKNOWN
2016-04-15T01:28:31.000000;2016-04-15T01:28:31.000000;e630e828-0984-49b6-9464-fd3463480d18;426.8;0.01;UNKNOWN
2016-04-15T01:28:31.000000;2016-04-15T01:28:31.000000;7c44036b-911b-4c58-9d3c-42f9d429e665;426.8;0.078;UNKNOWN
2016-04-15T01:29:07.000000;2016-04-15T01:29:07.000000;01f858a6-3584-49e6-a7a1-3a2500b18ffc;426.82;0.01;UNKNOWN
2016-04-15T01:29:07.000000;2016-04-15T01:29:07.000000;bf443f6c-4a0b-4e11-b3fb-231ad5271fc6;426.83;1.22808;UNKNOWN
2016-04-15T01:29:31.000000;2016-04-15T01:29:31.000000;597d3a2c-a2f0-4b81-8b92-1342837b751b;426.75;0.01;UNKNOWN
2016-04-15T01:29:31.000000;2016-04-15T01:29:31.000000;f18f9adf-0cdd-4034-ab0c-f21ae239b4b5;426.78;0.01;UNKNOWN
2016-04-15T01:29:31.000000;2016-04-15T01:29:31.000000;c8b1b9d2-87e7-47bb-8ccb-6136816426d0;426.79;0.01;UNKNOWN
2016-04-15T01:29:31.000000;2016-04-15T01:29:31.000000;070e8789-3e42-43bb-9444-c2a3dec6d2f9;426.81;0.01;UNKNOWN
2016-04-15T01:29:31.000000;2016-04-15T01:29:31.000000;affede46-904e-4a7d-9b09-1995d39b71a8;426.75;0.00682;UNKNOWN
2016-04-15T01:29:31.000000;2016-04-15T01:29:31.000000;b03f09d1-e2cd-4095-8e5d-5172738cccce;426.8;0.01;UNKNOWN
2016-04-15T01:29:31.000000;2016-04-15T01:29:31.000000;3a9bbe23-34a3-41c2-8eb8-1d1d0ca86d2f;426.79;0.01;UNKNOWN
2016-04-15T01:29:31.000000;2016-04-15T01:29:31.000000;f31c756e-9f05-4a06-878d-8bc711a8378e;426.81;0.117;UNKNOWN
2016-04-15T01:30:02.000000;2016-04-15T01:30:02.000000;9c98bb10-c69a-49dc-a2e7-bce2189b8a25;426.82;2.24501;UNKNOWN
2016-04-15T01:30:02.000000;2016-04-15T01:30:02.000000;40ab3835-74d5-4347-8a9a-8b50ed14e7b1;426.82;0.01;UNKNOWN
2016-04-15T01:30:02.000000;2016-04-15T01:30:02.000000;5e2c6d17-6885-45ed-8bd7-a677e5df2660;426.81;0.333;UNKNOWN
2016-04-15T01:30:02.000000;2016-04-15T01:30:02.000000;8db56a71-7ab5-40bf-b51b-21f9ca5f0b77;426.8;0.01;UNKNOWN
2016-04-15T01:30:32.000000;2016-04-15T01:30:32.000000;4671b40f-130d-416a-bd69-829e377b11d5;426.83;1.04385;UNKNOWN
2016-04-15T01:31:01.000000;2016-04-15T01:31:01.000000;9c69038e-5672-4216-b363-4240bd346c55;426.8;0.5776;UNKNOWN
2016-04-15T01:31:33.000000;2016-04-15T01:31:33.000000;6222e19e-e867-45ed-bdaa-3ce1bc97b763;426.75;0.01;UNKNOWN
2016-04-15T01:31:33.000000;2016-04-15T01:31:33.000000;e1c4aacf-f967-4e2a-9451-20933c32981b;426.75;0.00468;UNKNOWN
2016-04-15T01:31:33.000000;2016-04-15T01:31:33.000000;4ea7c0bb-4cb5-45a1-99be-f06678477969;426.65;0.01;UNKNOWN
2016-04-15T01:31:33.000000;2016-04-15T01:31:33.000000;fc378884-1795-4823-ab2a-208507dbe1bd;426.75;0.09;UNKNOWN
2016-04-15T01:31:33.000000;2016-04-15T01:31:33.000000;72e37807-33f8-461c-8891-9fedf0b2b33c;426.65;3.12470596;UNKNOWN
2016-04-15T01:31:33.000000;2016-04-15T01:31:33.000000;608f6e67-a19d-4461-8aba-95c86a2005bc;426.76;0.01;UNKNOWN
2016-04-15T01:31:33.000000;2016-04-15T01:31:33.000000;441b0933-a490-42a6-a232-6f21ec5dcf80;426.76;0.3;UNKNOWN
2016-04-15T01:31:33.000000;2016-04-15T01:31:33.000000;55d989c9-5e2c-436a-ae88-e5ffeca1e3f2;426.77;0.01;UNKNOWN
2016-04-15T01:31:33.000000;2016-04-15T01:31:33.000000;fb0c8047-4cce-459c-9dd6-ee2e4e6c355c;426.79;0.01;UNKNOWN
2016-04-15T01:31:33.000000;2016-04-15T01:31:33.000000;a6c898ca-38d2-4984-8171-53840fc791d3;426.8;0.09;UNKNOWN
2016-04-15T01:31:33.000000;2016-04-15T01:31:33.000000;5e2de09e-985e-4d31-8118-4ab24b0b8066;426.78;0.01;UNKNOWN
2016-04-15T01:31:33.000000;2016-04-15T01:31:33.000000;815480ee-3073-4d02-8e87-40805c0a5cd0;426.8;0.01;UNKNOWN
2016-04-15T01:31:33.000000;2016-04-15T01:31:33.000000;0a021798-e4fc-4f3b-ad94-4dfc8861eaba;426.66;0.01;UNKNOWN
2016-04-15T01:31:33.000000;2016-04-15T01:31:33.000000;2880b1ae-74b0-4d19-9d68-56bafc21e4cd;426.65;0.01;UNKNOWN
2016-04-15T01:31:33.000000;2016-04-15T01:31:33.000000;d0ffb50f-93f0-4e1f-a262-2b3acc52dfb2;426.66;2.72;UNKNOWN
2016-04-15T01:31:33.000000;2016-04-15T01:31:33.000000;c5cad3c4-54e5-4c24-9120-16d8780aa66f;426.67;0.01;UNKNOWN
2016-04-15T01:31:33.000000;2016-04-15T01:31:33.000000;077079e3-193d-46cc-a296-5717e74057d7;426.7;0.02001404;UNKNOWN
2016-04-15T01:31:33.000000;2016-04-15T01:31:33.000000;6002e480-048e-4957-8f2f-bef1f2aa3ae6;426.68;0.067;UNKNOWN
2016-04-15T01:31:33.000000;2016-04-15T01:31:33.000000;f376763b-a75c-4fe9-aeda-4d268d0f8e76;426.68;0.01;UNKNOWN
2016-04-15T01:31:33.000000;2016-04-15T01:31:33.000000;50e5fd7d-d870-4a70-9776-3b3ca3b470d7;426.69;0.01;UNKNOWN
2016-04-15T01:31:33.000000;2016-04-15T01:31:33.000000;546d30cc-0c62-426d-aa3c-c016d8bc3df0;426.7;0.01;UNKNOWN
2016-04-15T01:31:33.000000;2016-04-15T01:31:33.000000;9d467ec3-58b2-4b3c-ba7a-b8c4811eef5b;426.7;0.107;UNKNOWN
2016-04-15T01:31:33.000000;2016-04-15T01:31:33.000000;d0414baa-21c2-49e1-9fcd-fd1361e6b572;426.68;0.01;UNKNOWN
2016-04-15T01:31:33.000000;2016-04-15T01:31:33.000000;7a6e834b-9dc1-4b9b-89e1-bab51519b8ac;426.67;0.34;UNKNOWN
2016-04-15T01:32:05.000000;2016-04-15T01:32:05.000000;232690cb-7518-4c9e-964e-360d764a5fcb;426.82;0.03;UNKNOWN
2016-04-15T01:32:05.000000;2016-04-15T01:32:05.000000;f0e50f47-1501-4441-9870-d7d082f16164;426.82;0.03;UNKNOWN
2016-04-15T01:32:05.000000;2016-04-15T01:32:05.000000;c3631192-6f69-4aea-b4a3-671edff5b886;426.85;0.01;UNKNOWN
2016-04-15T01:32:05.000000;2016-04-15T01:32:05.000000;61fdf00b-fc4e-408f-8df4-d0d75ff41ead;426.83;0.01;UNKNOWN
2016-04-15T01:32:05.000000;2016-04-15T01:32:05.000000;bd4d0006-595a-409b-a34d-9809caff7f4a;426.85;4.12728;UNKNOWN
2016-04-15T01:32:05.000000;2016-04-15T01:32:05.000000;03ca1d2a-171c-463e-83ec-dcfe6c8396ee;426.83;2.68807;UNKNOWN
2016-04-15T01:32:31.000000;2016-04-15T01:32:31.000000;7fbdff81-f48c-4ebf-98cd-05f41efd2e69;426.83;2.25414;UNKNOWN
2016-04-15T01:33:40.000000;2016-04-15T01:33:40.000000;0794a549-27d1-481b-ba91-39f669f09620;426.84;1.94832;UNKNOWN
2016-04-15T01:33:43.000000;2016-04-15T01:33:43.000000;b40dda17-70c8-411a-bba5-17d8a73cffc5;426.78;0.09;UNKNOWN
2016-04-15T01:33:43.000000;2016-04-15T01:33:43.000000;6e7bd0af-f804-4e4e-9814-89806bd9ac3a;426.83;0.098;UNKNOWN
2016-04-15T01:33:43.000000;2016-04-15T01:33:43.000000;754f7ef2-21e0-453f-b713-9842aa18fdbc;426.83;0.01;UNKNOWN
2016-04-15T01:33:43.000000;2016-04-15T01:33:43.000000;a1185eea-b7ed-4f7c-901e-2e22695b72b0;426.79;0.125;UNKNOWN
2016-04-15T01:33:43.000000;2016-04-15T01:33:43.000000;c71da99b-93f1-44a1-a573-22dea905fdc5;426.73;0.074;UNKNOWN
2016-04-15T01:33:43.000000;2016-04-15T01:33:43.000000;3ae81d9f-74aa-467e-bb06-cf536ab4cf6b;426.82;0.01;UNKNOWN
2016-04-15T01:33:43.000000;2016-04-15T01:33:43.000000;bdbbf388-43e1-4e92-9602-e35db9cfb064;426.8;0.01;UNKNOWN
2016-04-15T01:33:43.000000;2016-04-15T01:33:43.000000;98c6b737-d771-48ba-aa7c-414209639193;426.75;0.01;UNKNOWN
2016-04-15T01:33:43.000000;2016-04-15T01:33:43.000000;99c8cb93-59df-4076-bf26-0a58c3b296c9;426.81;0.01;UNKNOWN
2016-04-15T01:33:43.000000;2016-04-15T01:33:43.000000;dd3a44f7-50ca-499c-896d-122a4214e4c0;426.7;0.02001639;UNKNOWN
2016-04-15T01:33:43.000000;2016-04-15T01:33:43.000000;5c6009a4-ee1e-4f3f-91a1-868f47c09384;426.69;1.00908361;UNKNOWN
2016-04-15T01:33:43.000000;2016-04-15T01:33:43.000000;7d4d876c-d393-44c0-b59a-4179c844a70f;426.71;0.01;UNKNOWN
2016-04-15T01:33:43.000000;2016-04-15T01:33:43.000000;5e238077-63e0-4920-b47b-59aad6f5f0ea;426.7;0.01;UNKNOWN
2016-04-15T01:34:31.000000;2016-04-15T01:34:31.000000;3caf7c28-5b5d-4a2b-8974-24e6953c047b;426.85;0.17;UNKNOWN
2016-04-15T01:34:31.000000;2016-04-15T01:34:31.000000;d62c9f98-b84d-4adb-8dfc-69b828c01d70;426.85;0.01;UNKNOWN
2016-04-15T01:34:31.000000;2016-04-15T01:34:31.000000;943f5858-ba35-4045-b3e6-389737505e6d;426.79;0.01;UNKNOWN
2016-04-15T01:34:31.000000;2016-04-15T01:34:31.000000;2563fe43-2447-4156-b562-1d6c83fe9d4d;426.85;0.3;UNKNOWN
2016-04-15T01:34:31.000000;2016-04-15T01:34:31.000000;28ec598e-4cfc-4cb0-82e0-d40ed7a70b07;426.8;0.01;UNKNOWN
2016-04-15T01:34:31.000000;2016-04-15T01:34:31.000000;34f4b3db-0840-4acf-bf3a-9df772867371;426.8;0.02001639;UNKNOWN
2016-04-15T01:34:31.000000;2016-04-15T01:34:31.000000;2cf86c3b-0058-421c-96f3-341b45ea6d6c;426.86;0.93917361;UNKNOWN
2016-04-15T01:35:06.000000;2016-04-15T01:35:06.000000;5219a5fa-4650-48f0-b32c-3ac356d2dafa;426.84;0.93304;UNKNOWN
2016-04-15T01:35:31.000000;2016-04-15T01:35:31.000000;39685ff7-3c9e-4319-80e7-a66be6c64059;426.83;0.01;UNKNOWN
2016-04-15T01:35:31.000000;2016-04-15T01:35:31.000000;203f0e11-26bb-4cb9-abe3-0ba5ee7827d5;426.83;0.10851;UNKNOWN
2016-04-15T01:36:09.000000;2016-04-15T01:36:09.000000;c036e49f-008d-4564-a877-846fab124fdd;426.84;0.35013;UNKNOWN
2016-04-15T01:36:31.000000;2016-04-15T01:36:31.000000;0ecec34a-d2e0-45d7-901f-d3a80ad3f352;426.84;0.08807;UNKNOWN
2016-04-15T01:37:01.000000;2016-04-15T01:37:01.000000;65022bef-e541-417a-b6d6-49d3c31c9cdf;426.84;1.77431;UNKNOWN
2016-04-15T01:37:31.000000;2016-04-15T01:37:31.000000;2ca063fd-ccaf-443f-81cc-79655b807230;426.84;0.33045;UNKNOWN
2016-04-15T01:37:47.000000;2016-04-15T01:37:47.000000;f320b780-1bb7-4153-8e35-5e61706f25dc;426.83;0.01;UNKNOWN
