time_exchange;time_coinpai;guid;price;base_amount;taker_side
2016-03-13T00:00:26.000000;2016-03-13T00:00:26.000000;614550b3-c30d-448c-b0c0-a398c5ec7906;410.01;0.639256;UNKNOWN
2016-03-13T00:00:26.000000;2016-03-13T00:00:26.000000;0cc256b7-0ece-4ca2-ba4e-1e464e0c4090;410.0;10.860744;UNKNOWN
2016-03-13T00:00:26.000000;2016-03-13T00:00:26.000000;2305d5c3-96fc-4ced-a4bb-10818a6e7f47;410.01;3.0;UNKNOWN
2016-03-13T00:00:26.000000;2016-03-13T00:00:26.000000;984fb47a-ce4c-45aa-8189-3fabf0131dff;410.02;0.5;UNKNOWN
2016-03-13T00:01:10.000000;2016-03-13T00:01:10.000000;cc0f9930-08a9-4b7f-955e-0364e0a0454a;410.0;1.0;UNKNOWN
2016-03-13T00:04:13.000000;2016-03-13T00:04:13.000000;4a247954-f1a6-477d-a1b0-1868dffa38d6;410.24;0.01;UNKNOWN
2016-03-13T00:04:58.000000;2016-03-13T00:04:58.000000;17ee3205-1230-4a69-8f19-c0b44ba2bf04;410.12;0.05;UNKNOWN
2016-03-13T00:05:04.000000;2016-03-13T00:05:04.000000;98ca34cd-2966-4836-933f-31681b7de520;410.12;0.05;UNKNOWN
2016-03-13T00:07:35.000000;2016-03-13T00:07:35.000000;a5368e28-26fa-4f7c-abca-eb59ee2ad52b;410.12;0.025;UNKNOWN
2016-03-13T00:07:40.000000;2016-03-13T00:07:40.000000;49b7466d-e769-477b-8c60-daad92c52e6f;410.25;0.29253;UNKNOWN
2016-03-13T00:10:43.000000;2016-03-13T00:10:43.000000;101405a5-3387-4e85-b334-4b4515037ddb;410.29;0.025;UNKNOWN
2016-03-13T00:11:03.000000;2016-03-13T00:11:03.000000;9c0d560e-8851-4d6e-9345-768db5bc3936;410.3;0.25;UNKNOWN
2016-03-13T00:25:10.000000;2016-03-13T00:25:10.000000;eb85b0df-a42b-46c0-b3a1-4bf0084d1b66;410.56;15.01;UNKNOWN
2016-03-13T00:25:10.000000;2016-03-13T00:25:10.000000;4bfe4da0-9995-443b-84b1-ec9e21f994ba;410.31;13.38686514;UNKNOWN
2016-03-13T00:25:10.000000;2016-03-13T00:25:10.000000;18be37c2-9ebb-46a4-9b4e-27dc5285db1b;410.86;13.0932;UNKNOWN
2016-03-13T00:25:10.000000;2016-03-13T00:25:10.000000;1622f486-cb6c-44b1-9c86-08664da1b38d;411.0;11.9003;UNKNOWN
2016-03-13T00:25:10.000000;2016-03-13T00:25:10.000000;3c11b318-9110-4a04-addf-e1f1b3b401bc;410.98;12.428;UNKNOWN
2016-03-13T00:25:10.000000;2016-03-13T00:25:10.000000;78855818-1798-4ea7-9085-069d8ea9b27e;411.0;1.25885543;UNKNOWN
2016-03-13T00:25:10.000000;2016-03-13T00:25:10.000000;e3fe9b17-17e3-4077-ad64-53612797707f;411.13;2.64015043;UNKNOWN
2016-03-13T00:25:10.000000;2016-03-13T00:25:10.000000;1074ba65-d57c-49e0-ae41-035a1015b178;410.8;0.282629;UNKNOWN
2016-03-13T00:25:15.000000;2016-03-13T00:25:15.000000;e95e69a3-9cc1-4e07-861b-ba4bf547b397;411.13;0.025;UNKNOWN
2016-03-13T00:25:25.000000;2016-03-13T00:25:25.000000;50c8b5f4-643e-4eaf-b532-3d56b47d7835;411.13;2.01228213;UNKNOWN
2016-03-13T00:25:25.000000;2016-03-13T00:25:25.000000;6c159bfe-bd7d-4f50-ad49-b500cbe5d5ae;411.33;4.67721378;UNKNOWN
2016-03-13T00:25:25.000000;2016-03-13T00:25:25.000000;85288edb-5ca9-427f-9433-449dfc766db1;411.41;2.13218525;UNKNOWN
2016-03-13T00:25:25.000000;2016-03-13T00:25:25.000000;b10dff73-92c8-4b8e-826e-822c92526c52;411.23;4.67743256;UNKNOWN
2016-03-13T00:26:29.000000;2016-03-13T00:26:29.000000;b5572c08-5f2e-41f7-b23c-355ed81e93c1;411.59;2.0;UNKNOWN
2016-03-13T00:27:21.000000;2016-03-13T00:27:21.000000;3fe242ad-d426-4947-9189-dab3246b2c98;411.67;0.01369;UNKNOWN
2016-03-13T00:28:53.000000;2016-03-13T00:28:53.000000;43aa4949-4c10-41d9-9cb1-bde865b88845;411.8;4.30194509;UNKNOWN
2016-03-13T00:28:53.000000;2016-03-13T00:28:53.000000;cc67e594-4fe8-4982-8753-a6c52926fd53;411.79;24.6697;UNKNOWN
2016-03-13T00:29:37.000000;2016-03-13T00:29:37.000000;4e8c94f5-722d-4380-8a63-23d18082912d;411.7;0.2;UNKNOWN
2016-03-13T00:29:37.000000;2016-03-13T00:29:37.000000;22a26fae-d510-4346-8b54-82c9c8c4adaa;411.67;6.0565;UNKNOWN
2016-03-13T00:30:21.000000;2016-03-13T00:30:21.000000;02f1ea2b-3153-426d-a09c-c916d79d320b;411.14;3.0;UNKNOWN
2016-03-13T00:30:21.000000;2016-03-13T00:30:21.000000;fcbb9b63-1d9a-401d-9c50-ed1655468dee;411.0;6.0;UNKNOWN
2016-03-13T00:34:31.000000;2016-03-13T00:34:31.000000;007758aa-dc72-4945-9bcd-1425805d4120;411.68;7.0646;UNKNOWN
2016-03-13T00:34:31.000000;2016-03-13T00:34:31.000000;e2e63f90-0612-4117-9a9c-c63f7779a342;411.57;11.9233;UNKNOWN
2016-03-13T00:34:31.000000;2016-03-13T00:34:31.000000;13b3937d-ec52-4fb2-8453-f32b0edb23c0;411.26;6.0121;UNKNOWN
2016-03-13T00:38:37.000000;2016-03-13T00:38:37.000000;200adcff-f0e4-4ab6-9b75-e470a39dadb4;411.59;0.1;UNKNOWN
2016-03-13T00:46:04.000000;2016-03-13T00:46:04.000000;012cf759-d447-41a6-b4e1-62b77a009245;411.59;1.701;UNKNOWN
2016-03-13T00:50:36.000000;2016-03-13T00:50:36.000000;e221556f-f4ea-4e75-86df-f0dc09c96b52;411.03;0.3;UNKNOWN
2016-03-13T00:50:36.000000;2016-03-13T00:50:36.000000;762b8880-8088-4eca-b0b8-b0af8b849873;411.03;6.0276;UNKNOWN
2016-03-13T00:57:14.000000;2016-03-13T00:57:14.000000;57e77526-7154-4cef-931a-dd4f8418b5f6;411.2;0.05;UNKNOWN
2016-03-13T01:03:54.000000;2016-03-13T01:03:54.000000;6fa89c5d-88cc-4c2f-9c76-830ceb55ecc5;411.2;0.04906013;UNKNOWN
2016-03-13T01:03:55.000000;2016-03-13T01:03:55.000000;21558223-73f4-4f82-896b-4cab3ee94fb2;411.2;0.06330314;UNKNOWN
2016-03-13T01:05:28.000000;2016-03-13T01:05:28.000000;9fed2583-ffb4-4b4f-a04c-85ceda9a9dd8;411.19;5.11506317;UNKNOWN
2016-03-13T01:06:24.000000;2016-03-13T01:06:24.000000;6cb483b0-8512-41eb-88be-8a36646f05da;410.99;2.2998543;UNKNOWN
2016-03-13T01:07:52.000000;2016-03-13T01:07:52.000000;dd6224e9-b397-4f9f-8483-abee1782d90a;411.09;0.06070709;UNKNOWN
2016-03-13T01:08:19.000000;2016-03-13T01:08:19.000000;cf9c1a8c-114a-40fa-aabf-aec45ce73210;410.7;7.27975222;UNKNOWN
2016-03-13T01:08:19.000000;2016-03-13T01:08:19.000000;3645e11b-1ecd-4688-9f64-10b7ea28f2ee;410.9;6.03;UNKNOWN
2016-03-13T01:08:47.000000;2016-03-13T01:08:47.000000;5822be8a-95e1-4580-946e-f034877e9a26;410.89;0.265741;UNKNOWN
2016-03-13T01:08:58.000000;2016-03-13T01:08:58.000000;20fc1db4-f41b-4b33-88a6-5f4349f06dc1;411.11;0.02357509;UNKNOWN
2016-03-13T01:09:05.000000;2016-03-13T01:09:05.000000;ba140c9a-5790-4f67-a874-9bab3e6a754e;411.07;0.5060553;UNKNOWN
2016-03-13T01:09:20.000000;2016-03-13T01:09:20.000000;ceb0b0f0-45b9-406d-be5f-ec6d6150f757;410.96;0.2021;UNKNOWN
2016-03-13T01:10:26.000000;2016-03-13T01:10:26.000000;8bc9f196-4b80-4d06-a501-828b17da7555;410.96;1.647095;UNKNOWN
2016-03-13T01:10:53.000000;2016-03-13T01:10:53.000000;6d3228ec-7698-4ed8-aa07-0b6c3cd0c2b4;411.19;0.101546;UNKNOWN
2016-03-13T01:11:37.000000;2016-03-13T01:11:37.000000;0d537e5e-776c-4f7e-bf0c-e94cb25d1923;411.29;0.463806;UNKNOWN
2016-03-13T01:13:32.000000;2016-03-13T01:13:32.000000;16049c33-2b45-472e-8ea9-1040cbe94d3e;411.29;0.113658;UNKNOWN
2016-03-13T01:14:11.000000;2016-03-13T01:14:11.000000;c678bd85-b2a9-42d3-958b-fb9316a7bd81;411.29;0.034201;UNKNOWN
2016-03-13T01:15:11.000000;2016-03-13T01:15:11.000000;77e0c32c-e6e7-4376-96a7-b9c2db313bb5;411.29;0.34778;UNKNOWN
2016-03-13T01:15:15.000000;2016-03-13T01:15:15.000000;6326cd21-b3ea-4078-b9c0-ec3083875f43;411.29;0.10236;UNKNOWN
2016-03-13T01:15:59.000000;2016-03-13T01:15:59.000000;8c75a5e0-cdb4-43af-835a-22c7da0529e8;411.01;0.016618;UNKNOWN
2016-03-13T01:16:13.000000;2016-03-13T01:16:13.000000;dd806b20-6011-4f47-85f8-86d8e2d2bf52;411.04;0.748822;UNKNOWN
2016-03-13T01:16:39.000000;2016-03-13T01:16:39.000000;230a2a89-5a34-4d15-b57d-dc2cd1667f76;410.85;0.117441;UNKNOWN
2016-03-13T01:18:55.000000;2016-03-13T01:18:55.000000;617fc57f-70d0-4545-80d7-cff393ee30df;411.02;6.0434;UNKNOWN
2016-03-13T01:18:55.000000;2016-03-13T01:18:55.000000;ccc62f8a-6b2a-4647-88fb-89d9a478017d;411.42;13.0327;UNKNOWN
2016-03-13T01:18:55.000000;2016-03-13T01:18:55.000000;c719cf72-8060-4b57-93e9-1933aa184fba;411.4;11.4453;UNKNOWN
2016-03-13T01:18:55.000000;2016-03-13T01:18:55.000000;b3f8a9f2-1895-402b-b0f9-6dfd66a6cd78;411.24;6.0;UNKNOWN
2016-03-13T01:18:55.000000;2016-03-13T01:18:55.000000;d6db6148-8ee1-4da9-ac00-18fe80b91a4d;411.41;12.0;UNKNOWN
2016-03-13T01:19:12.000000;2016-03-13T01:19:12.000000;d1253797-ad62-4cb7-9279-0f54c115bb94;411.54;3.0;UNKNOWN
2016-03-13T01:19:12.000000;2016-03-13T01:19:12.000000;0e09e60b-3566-4a82-9290-2d3d55625112;411.53;2.0;UNKNOWN
2016-03-13T01:20:37.000000;2016-03-13T01:20:37.000000;962cd703-fa3d-41e1-adb9-42c05a15b8b6;411.74;0.03345783;UNKNOWN
2016-03-13T01:20:38.000000;2016-03-13T01:20:38.000000;18000461-974c-43c2-990b-f6ac0e38ac4a;411.74;0.02908915;UNKNOWN
2016-03-13T01:26:40.000000;2016-03-13T01:26:40.000000;5c3585ff-e007-4d4f-b6e9-a80f84695eb3;411.58;6.0061;UNKNOWN
2016-03-13T01:26:40.000000;2016-03-13T01:26:40.000000;56f100ae-8234-4291-bf32-1cbd80f5078a;411.55;8.9939;UNKNOWN
2016-03-13T01:26:50.000000;2016-03-13T01:26:50.000000;87ae7e24-3539-4914-bc12-07cc09398f63;411.55;6.0061;UNKNOWN
2016-03-13T01:26:50.000000;2016-03-13T01:26:50.000000;1cdd69e2-8148-40dc-8949-46282b424b85;411.51;0.3529;UNKNOWN
2016-03-13T01:26:50.000000;2016-03-13T01:26:50.000000;917bb873-7486-40a9-9669-c92b29ed50e7;411.52;8.43;UNKNOWN
2016-03-13T01:26:57.000000;2016-03-13T01:26:57.000000;44c24911-7549-4065-ae22-40841e624564;411.52;8.57;UNKNOWN
2016-03-13T01:26:57.000000;2016-03-13T01:26:57.000000;0611ca0c-4da8-40ec-af0f-7ecac2f1c798;411.51;6.2189;UNKNOWN
2016-03-13T01:27:04.000000;2016-03-13T01:27:04.000000;ade61b6e-08f7-4f57-8503-cfec3cf9e9b3;411.52;2.15;UNKNOWN
2016-03-13T01:27:04.000000;2016-03-13T01:27:04.000000;73647314-c3b7-4e8c-93e7-4eb402981349;411.52;5.87;UNKNOWN
2016-03-13T01:27:10.000000;2016-03-13T01:27:10.000000;18367f7c-cdf1-4b06-bbc5-8cdb3a660b58;411.51;14.5465;UNKNOWN
2016-03-13T01:27:58.000000;2016-03-13T01:27:58.000000;e07169b4-e287-42bf-8d48-050f72949e54;411.51;8.3603;UNKNOWN
2016-03-13T01:28:17.000000;2016-03-13T01:28:17.000000;c77635af-0da2-4a43-92e2-671104f58d5b;411.27;0.395;UNKNOWN
2016-03-13T01:30:04.000000;2016-03-13T01:30:04.000000;7848bcbd-58fb-4317-a822-d36d61aab14a;411.0;1.0;UNKNOWN
2016-03-13T01:30:13.000000;2016-03-13T01:30:13.000000;e006403b-c012-4552-b4e5-316aed76bf18;411.0;4.0;UNKNOWN
2016-03-13T01:30:13.000000;2016-03-13T01:30:13.000000;b9b978a0-0dcf-47a2-bbd0-072a284fb43b;411.0;6.0;UNKNOWN
2016-03-13T01:30:19.000000;2016-03-13T01:30:19.000000;959b6eea-6429-40d7-ae92-4c7ae016d882;411.01;2.0;UNKNOWN
2016-03-13T01:31:31.000000;2016-03-13T01:31:31.000000;fc9c0cca-f7be-4fde-a557-726a37334040;411.0;8.18;UNKNOWN
2016-03-13T01:31:31.000000;2016-03-13T01:31:31.000000;5221be17-689a-40ab-ac3f-2daae3d16201;411.01;6.82;UNKNOWN
2016-03-13T01:31:39.000000;2016-03-13T01:31:39.000000;18fb4474-1795-452f-9476-f644c424d6df;411.0;2.5;UNKNOWN
2016-03-13T01:31:50.000000;2016-03-13T01:31:50.000000;9a28283e-58b2-4111-837f-ad5aec636994;411.0;1.32;UNKNOWN
2016-03-13T01:31:50.000000;2016-03-13T01:31:50.000000;473070a5-d6bd-4ace-8bc6-fee5cdefd3be;410.61;0.18;UNKNOWN
2016-03-13T01:31:52.000000;2016-03-13T01:31:52.000000;d464d6bf-169b-440f-9b3a-bd1ec85b59c2;411.0;1.49;UNKNOWN
2016-03-13T01:32:14.000000;2016-03-13T01:32:14.000000;36027313-bcc3-4d75-80a9-98e41e09a62f;410.52;0.3581512;UNKNOWN
2016-03-13T01:32:38.000000;2016-03-13T01:32:38.000000;abe02f9d-ab86-46af-bbc8-ed2d77a5ea70;410.96;6.0689;UNKNOWN
2016-03-13T01:32:38.000000;2016-03-13T01:32:38.000000;94d32711-a814-4a12-8f07-dc8c00d2c4a6;410.96;7.3326;UNKNOWN
2016-03-13T01:33:07.000000;2016-03-13T01:33:07.000000;72f98246-46d1-41e2-b9d0-b0d1e7aa1c91;411.19;0.07226645;UNKNOWN
2016-03-13T01:35:06.000000;2016-03-13T01:35:06.000000;a9f30cc5-de44-498a-92f7-745032d76541;411.19;5.95693355;UNKNOWN
2016-03-13T01:35:06.000000;2016-03-13T01:35:06.000000;d0ebf45c-345a-4bef-96e6-f98e4c0eadf7;411.19;9.04306645;UNKNOWN
2016-03-13T01:35:20.000000;2016-03-13T01:35:20.000000;dde7f088-2f8e-47be-8cee-a464e3d7f78f;410.96;0.5;UNKNOWN
2016-03-13T01:35:20.000000;2016-03-13T01:35:20.000000;f277909b-bffb-4828-9fcd-88a727a97372;410.95;2.0;UNKNOWN
2016-03-13T01:45:57.000000;2016-03-13T01:45:57.000000;6cee13e2-346c-4232-b146-ad944a2b195e;410.81;0.01697656;UNKNOWN
2016-03-13T01:45:57.000000;2016-03-13T01:45:57.000000;31972bee-95f8-423b-805e-a6c35a115bea;410.51;0.0008191;UNKNOWN
2016-03-13T01:47:06.000000;2016-03-13T01:47:06.000000;d02c12f7-9a07-4d30-993b-c6ff24926964;410.89;0.24;UNKNOWN
2016-03-13T01:47:06.000000;2016-03-13T01:47:06.000000;31f10602-5fa5-40e3-8bcf-b1023679b7b1;411.0;0.76;UNKNOWN
2016-03-13T01:47:47.000000;2016-03-13T01:47:47.000000;0abe35e3-82b9-4df9-aace-00f4aba26efe;410.83;0.01505475;UNKNOWN
2016-03-13T01:47:50.000000;2016-03-13T01:47:50.000000;4603f97f-e478-40b5-8774-e244e4c41dd1;410.83;0.0112913;UNKNOWN
2016-03-13T01:47:56.000000;2016-03-13T01:47:56.000000;1e475c39-f836-4444-89d0-301c1906e1df;410.83;0.02373008;UNKNOWN
2016-03-13T01:47:57.000000;2016-03-13T01:47:57.000000;a3762c7f-34e1-4520-bc66-e202abe470f6;410.86;0.01956838;UNKNOWN
2016-03-13T01:47:58.000000;2016-03-13T01:47:58.000000;f37ece5a-8ff3-468b-aa34-e7ee7e14f32a;410.86;0.02677485;UNKNOWN
2016-03-13T01:47:58.000000;2016-03-13T01:47:58.000000;2162b1d0-d131-4182-8d60-71da6948d24a;410.86;0.18872;UNKNOWN
2016-03-13T01:47:59.000000;2016-03-13T01:47:59.000000;f232ff52-0f29-434c-b4dd-33745bdb6bba;410.85;0.02007873;UNKNOWN
2016-03-13T01:48:03.000000;2016-03-13T01:48:03.000000;e40531b3-02c1-4f80-9faf-4e8658f3fb4b;410.85;0.01;UNKNOWN
2016-03-13T01:54:07.000000;2016-03-13T01:54:07.000000;8eecc478-314e-46e6-b90b-8442661fb2f0;411.26;0.01199187;UNKNOWN
2016-03-13T01:54:57.000000;2016-03-13T01:54:57.000000;e5abeecb-421b-4bcc-9d49-0932cecfc353;411.26;0.01;UNKNOWN
2016-03-13T01:55:23.000000;2016-03-13T01:55:23.000000;9f339f8d-c739-439e-aa1a-2e1987adfcec;411.09;1.597923;UNKNOWN
2016-03-13T01:56:16.000000;2016-03-13T01:56:16.000000;83f9b1f3-4f1a-43fb-8bc1-e2370b4652d1;410.84;0.19841096;UNKNOWN
2016-03-13T01:56:23.000000;2016-03-13T01:56:23.000000;b1769959-2ebc-4449-8bbb-aa9ec621d2ac;410.84;0.02096904;UNKNOWN
2016-03-13T01:56:26.000000;2016-03-13T01:56:26.000000;466a9f5c-96e6-427b-82ff-3c0f4516bf2d;410.84;0.58665918;UNKNOWN
2016-03-13T02:05:59.000000;2016-03-13T02:05:59.000000;25a7f6bc-9a05-48b0-bc3b-f57c2e33b29b;410.98;1.0;UNKNOWN
2016-03-13T02:07:06.000000;2016-03-13T02:07:06.000000;f7389485-740d-4eb3-9348-588161f2930a;410.76;1.17957801;UNKNOWN
2016-03-13T02:07:06.000000;2016-03-13T02:07:06.000000;45cf323b-1d7f-44b0-ba0a-41ba2b372b1f;410.76;0.05679257;UNKNOWN
2016-03-13T02:07:06.000000;2016-03-13T02:07:06.000000;54f55004-e01f-470f-9436-d1cf014419d9;410.76;0.76362942;UNKNOWN
2016-03-13T02:09:01.000000;2016-03-13T02:09:01.000000;e100299e-c5e7-424f-ae0d-5b578bdfdf23;410.63;0.017929;UNKNOWN
2016-03-13T02:10:56.000000;2016-03-13T02:10:56.000000;d258a4ce-f9e6-4827-8221-7a8ede9f01ac;410.79;1.0;UNKNOWN
2016-03-13T02:11:04.000000;2016-03-13T02:11:04.000000;5cf17746-77ac-4d8c-aded-91efff0a2166;410.79;0.25;UNKNOWN
2016-03-13T02:16:23.000000;2016-03-13T02:16:23.000000;e0abcb5c-8623-4a8a-9fa2-dcbfc30a6469;410.9;0.228022;UNKNOWN
2016-03-13T02:20:06.000000;2016-03-13T02:20:06.000000;892236d3-b150-40eb-bceb-a4fc66bf25f6;410.97;0.72193148;UNKNOWN
2016-03-13T02:22:30.000000;2016-03-13T02:22:30.000000;269194e9-514f-4477-a4e2-d716aaa018f4;410.89;0.42860795;UNKNOWN
2016-03-13T02:22:42.000000;2016-03-13T02:22:42.000000;0b448d19-958b-44b9-be2b-30fd767a959f;410.97;0.03350994;UNKNOWN
2016-03-13T02:22:43.000000;2016-03-13T02:22:43.000000;13335f19-9a83-41cc-95ce-a7c941cc2208;410.97;0.03347644;UNKNOWN
2016-03-13T02:22:45.000000;2016-03-13T02:22:45.000000;4c500024-3fc7-4ad5-9e69-7c1c3899c65f;410.97;0.03347644;UNKNOWN
2016-03-13T02:22:46.000000;2016-03-13T02:22:46.000000;651d7098-889e-4ab5-b254-15cd2557ac14;410.97;0.03344136;UNKNOWN
2016-03-13T02:22:54.000000;2016-03-13T02:22:54.000000;b3685e0b-b5d2-49d9-ac1c-4fc6450de849;410.97;0.03350994;UNKNOWN
2016-03-13T02:23:25.000000;2016-03-13T02:23:25.000000;2b4a23e7-ae8d-45af-9009-8accbdffe8b8;410.63;0.2119519;UNKNOWN
2016-03-13T02:23:25.000000;2016-03-13T02:23:25.000000;c49ef421-3280-4d9e-8a8e-5c93cdffd211;410.87;0.01939801;UNKNOWN
2016-03-13T02:23:25.000000;2016-03-13T02:23:25.000000;f7d3a98e-46b4-4f0d-bbc4-81b3b06d8789;410.73;0.01697326;UNKNOWN
2016-03-13T02:23:25.000000;2016-03-13T02:23:25.000000;5c396c11-d948-4025-8331-6f0d0fbcc2c4;410.64;0.5;UNKNOWN
2016-03-13T02:23:45.000000;2016-03-13T02:23:45.000000;de5fee8f-4380-4785-a24c-57ccbf01472d;410.97;0.3636;UNKNOWN
2016-03-13T02:26:32.000000;2016-03-13T02:26:32.000000;f34d6510-1c6c-49ff-8d31-2c5ac4374c97;410.94;4.5336;UNKNOWN
2016-03-13T02:27:06.000000;2016-03-13T02:27:06.000000;42274eef-9c17-4122-8ceb-aebfab5b00b3;411.31;1.23;UNKNOWN
2016-03-13T02:27:07.000000;2016-03-13T02:27:07.000000;5c5a8eba-a085-47a3-a390-837fc14e1b7d;411.43;0.04780572;UNKNOWN
2016-03-13T02:28:06.000000;2016-03-13T02:28:06.000000;7d8ec8df-6ffc-4d9f-8480-de5d13eb5c96;411.34;3.80778596;UNKNOWN
2016-03-13T02:28:12.000000;2016-03-13T02:28:12.000000;f85aad3d-7b19-480c-818e-a6a666943db4;411.2;0.012894;UNKNOWN
2016-03-13T02:28:16.000000;2016-03-13T02:28:16.000000;8ebfbf7f-b538-4c3c-a1d4-0e49401202bb;411.22;0.04489;UNKNOWN
2016-03-13T02:31:06.000000;2016-03-13T02:31:06.000000;6b70aab9-3aa0-4076-8369-667abaec10ed;411.39;0.22979367;UNKNOWN
2016-03-13T02:31:24.000000;2016-03-13T02:31:24.000000;39cf55a4-cb40-42f9-a73e-f7e35a1cadee;411.4;0.011636;UNKNOWN
2016-03-13T02:31:24.000000;2016-03-13T02:31:24.000000;42007dc9-f635-4484-9f9e-50c78fd5fbe6;411.56;6.0594;UNKNOWN
2016-03-13T02:31:24.000000;2016-03-13T02:31:24.000000;609c269a-82c2-499b-8cc5-fc865c3bb144;411.56;3.928964;UNKNOWN
2016-03-13T02:31:38.000000;2016-03-13T02:31:38.000000;4fb35e44-49a3-4b71-bf10-521eb8d11042;411.82;12.7691;UNKNOWN
2016-03-13T02:31:38.000000;2016-03-13T02:31:38.000000;5772b5e4-9ba6-4d88-8906-f2c3dcbc5397;411.67;4.6757376;UNKNOWN
2016-03-13T02:31:38.000000;2016-03-13T02:31:38.000000;efdc17c1-802e-4c69-af13-2eaff70dcdf8;411.81;0.012788;UNKNOWN
2016-03-13T02:31:38.000000;2016-03-13T02:31:38.000000;416ccb22-8d71-4148-978e-b658f07964cc;411.83;2.3423744;UNKNOWN
2016-03-13T02:32:39.000000;2016-03-13T02:32:39.000000;682eccca-2ecb-4229-b730-178b03e7b59c;411.83;0.022658;UNKNOWN
2016-03-13T02:34:06.000000;2016-03-13T02:34:06.000000;70526c54-695f-4d41-be7a-e2cc1688d7b8;411.83;0.0240102;UNKNOWN
2016-03-13T02:34:07.000000;2016-03-13T02:34:07.000000;22e5c525-aaac-4a2d-a014-63983cce7b28;411.85;0.23796821;UNKNOWN
2016-03-13T02:34:40.000000;2016-03-13T02:34:40.000000;9d5ec15b-ff6a-447b-8cdc-8b9e4114c0dd;411.82;0.011111;UNKNOWN
2016-03-13T02:35:57.000000;2016-03-13T02:35:57.000000;9f57bd97-b44c-41b5-8562-b0cfab64e616;411.82;9.988889;UNKNOWN
2016-03-13T02:35:57.000000;2016-03-13T02:35:57.000000;92b2bb64-93d7-436e-9106-4ac687101105;411.42;0.011111;UNKNOWN
2016-03-13T02:36:10.000000;2016-03-13T02:36:10.000000;edaf7f03-ddb4-4560-85fd-18fc9d7f42e3;411.78;0.3003;UNKNOWN
2016-03-13T02:38:01.000000;2016-03-13T02:38:01.000000;aba7ceeb-2db9-484d-8bfe-61362b4ba242;411.74;0.1002;UNKNOWN
2016-03-13T02:39:15.000000;2016-03-13T02:39:15.000000;1f55e03a-426b-4169-af14-dad70b4f7716;411.69;1.02;UNKNOWN
2016-03-13T02:39:28.000000;2016-03-13T02:39:28.000000;3c3746ca-f630-4170-a7fe-41aa42d23628;411.69;0.4166;UNKNOWN
2016-03-13T02:39:47.000000;2016-03-13T02:39:47.000000;7eb3f862-3928-4877-82da-5de2bd11411e;411.69;1.02;UNKNOWN
2016-03-13T02:40:14.000000;2016-03-13T02:40:14.000000;35914e6b-60d1-4870-855f-c0b165c9d48e;411.58;0.01281;UNKNOWN
2016-03-13T02:42:06.000000;2016-03-13T02:42:06.000000;4172197b-1038-40ca-a00e-ea29c62db414;411.69;0.28;UNKNOWN
2016-03-13T02:42:28.000000;2016-03-13T02:42:28.000000;7d4a83a6-1b81-464d-b2f7-c72237d66f3c;411.69;3.2593;UNKNOWN
2016-03-13T02:42:28.000000;2016-03-13T02:42:28.000000;49476134-94b0-4e11-9722-9a15bde24d7f;411.85;1.7407;UNKNOWN
2016-03-13T02:43:02.000000;2016-03-13T02:43:02.000000;4e8cb99a-74be-4dca-8807-d9990eb516b2;411.77;0.23424183;UNKNOWN
2016-03-13T02:45:10.000000;2016-03-13T02:45:10.000000;102ddf04-70ff-49e9-8b3e-ce5dd6e7fc00;411.75;5.0;UNKNOWN
2016-03-13T02:48:02.000000;2016-03-13T02:48:02.000000;d5f335ea-d4ea-48c4-8f72-64269890a7ed;411.41;0.0169514;UNKNOWN
2016-03-13T02:48:06.000000;2016-03-13T02:48:06.000000;19c9e5b4-bf3e-4388-b733-98d799735605;411.38;0.031282;UNKNOWN
2016-03-13T02:49:15.000000;2016-03-13T02:49:15.000000;05ff03d1-f3b3-4c12-a268-bb9b606aef4e;411.54;1.8918;UNKNOWN
2016-03-13T02:51:20.000000;2016-03-13T02:51:20.000000;994c1eb8-0edb-44b5-bfea-0aac8f4db59b;411.51;0.017219;UNKNOWN
2016-03-13T02:52:06.000000;2016-03-13T02:52:06.000000;1b20d009-2247-430a-ade7-ad3c899d2819;411.52;0.43;UNKNOWN
2016-03-13T02:52:06.000000;2016-03-13T02:52:06.000000;2ffa28f6-e1db-4891-8884-11811e03269b;411.52;1.142;UNKNOWN
2016-03-13T02:52:47.000000;2016-03-13T02:52:47.000000;29b460b0-31df-4018-aae5-be6cc5bf70c8;411.52;0.011688;UNKNOWN
2016-03-13T02:54:06.000000;2016-03-13T02:54:06.000000;43c22403-fae2-459a-a94b-6df47a3a80c1;411.66;0.06119988;UNKNOWN
2016-03-13T02:54:12.000000;2016-03-13T02:54:12.000000;0bfb2408-d9f7-4ddf-87c8-dee3013a78a4;411.68;0.014842;UNKNOWN
2016-03-13T02:59:06.000000;2016-03-13T02:59:06.000000;f008e224-aeb7-4528-8519-aeadc75c9184;411.69;0.75656777;UNKNOWN
2016-03-13T02:59:40.000000;2016-03-13T02:59:40.000000;970263c0-f1b2-41db-a0f0-52880035900b;411.69;3.0;UNKNOWN
2016-03-13T02:59:57.000000;2016-03-13T02:59:57.000000;d940781a-46c2-4a7d-a218-0f08f207214d;411.69;3.0;UNKNOWN
2016-03-13T03:01:20.000000;2016-03-13T03:01:20.000000;8472e1fa-9fdf-4106-b783-e566e8597d9c;411.83;5.0;UNKNOWN
2016-03-13T03:03:15.000000;2016-03-13T03:03:15.000000;be98b67c-909a-4b9f-89e1-82f34785b4f3;411.85;1.0;UNKNOWN
2016-03-13T03:03:28.000000;2016-03-13T03:03:28.000000;100251a0-bfdf-4fdd-8068-0efdabb28d0b;411.85;0.0272496;UNKNOWN
2016-03-13T03:04:49.000000;2016-03-13T03:04:49.000000;5775a3fd-91fa-446f-97c3-2505ed1cdbf6;411.82;0.228595;UNKNOWN
2016-03-13T03:04:53.000000;2016-03-13T03:04:53.000000;af4148da-9eb7-47ab-ac64-961eb18786d2;411.82;0.173965;UNKNOWN
2016-03-13T03:06:09.000000;2016-03-13T03:06:09.000000;7026aba1-b69f-4795-bdc5-e0a71583d864;411.81;0.2;UNKNOWN
2016-03-13T03:06:28.000000;2016-03-13T03:06:28.000000;82a004fb-88fd-4384-b9d5-6c712439a0e7;411.81;0.057581;UNKNOWN
2016-03-13T03:06:39.000000;2016-03-13T03:06:39.000000;47f98a09-85bb-4789-b977-9db66d2f92f3;411.81;1.0;UNKNOWN
2016-03-13T03:06:56.000000;2016-03-13T03:06:56.000000;238c9c3d-c741-4dd1-b14b-12d596d6335f;411.81;2.0;UNKNOWN
2016-03-13T03:07:21.000000;2016-03-13T03:07:21.000000;c69f5aa1-0653-4514-8e75-e8dc6c7ff88a;411.4;0.08384146;UNKNOWN
2016-03-13T03:07:21.000000;2016-03-13T03:07:21.000000;27ed2c5c-1352-43fd-a9bc-ae4097c380de;411.4;0.08384754;UNKNOWN
2016-03-13T03:07:22.000000;2016-03-13T03:07:22.000000;d1c39ed2-e6bb-44be-8007-b5cf13630ebc;411.4;0.08381463;UNKNOWN
2016-03-13T03:07:25.000000;2016-03-13T03:07:25.000000;3cdfce97-742d-419b-9459-802d0be2114c;411.4;0.08379017;UNKNOWN
2016-03-13T03:07:27.000000;2016-03-13T03:07:27.000000;455022b1-af65-4d26-b9a7-4cbfc1f1183e;411.4;5.64;UNKNOWN
2016-03-13T03:07:57.000000;2016-03-13T03:07:57.000000;26160ae2-e0e8-4d21-ab04-8e55f40cf257;411.39;0.03347573;UNKNOWN
2016-03-13T03:07:59.000000;2016-03-13T03:07:59.000000;4bfb82dd-84ea-4ed7-957b-8ab370d06dae;411.39;0.03347573;UNKNOWN
2016-03-13T03:08:05.000000;2016-03-13T03:08:05.000000;45c56f2e-a4b3-4fcd-9663-0f334c10fef9;411.39;0.18591494;UNKNOWN
2016-03-13T03:08:05.000000;2016-03-13T03:08:05.000000;4f661549-3eb0-460f-beb1-066f4c47212c;411.37;0.319302;UNKNOWN
2016-03-13T03:08:08.000000;2016-03-13T03:08:08.000000;8b9c4891-1ada-4e8e-9c8d-78faaaedc345;411.39;0.05976173;UNKNOWN
2016-03-13T03:08:27.000000;2016-03-13T03:08:27.000000;c508bb2d-a686-41ab-9c11-a4dd69a6b010;411.39;0.03347573;UNKNOWN
2016-03-13T03:08:29.000000;2016-03-13T03:08:29.000000;ed01a696-307b-4117-ab9c-5e670b60e0c7;411.39;0.03347573;UNKNOWN
2016-03-13T03:08:31.000000;2016-03-13T03:08:31.000000;782381f3-d95b-4d84-9fc5-ea5866245c7f;411.39;0.03347484;UNKNOWN
2016-03-13T03:08:35.000000;2016-03-13T03:08:35.000000;a99395a2-1fc1-4c1c-858f-eb698b0be38f;411.39;0.03347266;UNKNOWN
2016-03-13T03:08:35.000000;2016-03-13T03:08:35.000000;3f3ceef8-24a6-4a33-84fa-769e4742893d;411.39;0.14506493;UNKNOWN
2016-03-13T03:08:36.000000;2016-03-13T03:08:36.000000;8e612568-0e3a-4f22-bc49-b2eeb6024846;411.39;0.01231338;UNKNOWN
2016-03-13T03:08:40.000000;2016-03-13T03:08:40.000000;8f6756bd-5645-4a6f-bbfa-0a562d84ad1d;411.39;0.14506493;UNKNOWN
2016-03-13T03:08:43.000000;2016-03-13T03:08:43.000000;62310bd8-d3e6-4f13-ab95-fdc4d6beb885;411.39;0.14528358;UNKNOWN
2016-03-13T03:08:57.000000;2016-03-13T03:08:57.000000;d49e1d50-1ab8-48ec-844f-172aa2b67d0f;411.39;0.74930966;UNKNOWN
2016-03-13T03:08:57.000000;2016-03-13T03:08:57.000000;96cf9ec9-208b-4ca6-89ff-891259667df5;411.39;0.14506493;UNKNOWN
2016-03-13T03:08:57.000000;2016-03-13T03:08:57.000000;74281482-b3c9-4b00-8cf3-4ee824a94261;411.39;0.14506493;UNKNOWN
2016-03-13T03:08:57.000000;2016-03-13T03:08:57.000000;1a2c85dd-0d05-4992-9994-7341a34c5443;411.39;0.04859105;UNKNOWN
2016-03-13T03:08:57.000000;2016-03-13T03:08:57.000000;6192241a-28be-4244-be99-41f861192583;411.39;0.1321999;UNKNOWN
2016-03-13T03:08:57.000000;2016-03-13T03:08:57.000000;3c8b4be1-ef04-4076-b28a-76f9b67c0345;411.39;0.04351454;UNKNOWN
2016-03-13T03:08:57.000000;2016-03-13T03:08:57.000000;ec2f0625-e4ef-4c7a-9bc7-54865db891ca;411.39;0.42625499;UNKNOWN
2016-03-13T03:08:58.000000;2016-03-13T03:08:58.000000;621e911d-62f4-4cb2-b7b2-47d06b160ec0;411.4;0.1445534;UNKNOWN
2016-03-13T03:09:01.000000;2016-03-13T03:09:01.000000;4867f825-38d1-4685-a758-a956cb6c825c;411.4;0.1445534;UNKNOWN
2016-03-13T03:09:08.000000;2016-03-13T03:09:08.000000;cd57f60e-6b4a-469f-8c29-c531edb2a7f9;411.4;0.1445534;UNKNOWN
2016-03-13T03:09:13.000000;2016-03-13T03:09:13.000000;77bac398-f516-40b2-bc95-6d5216122ef7;411.4;0.1445534;UNKNOWN
2016-03-13T03:09:23.000000;2016-03-13T03:09:23.000000;2e347b61-2b03-4032-9ecb-a9a76c76bf74;411.42;0.13688637;UNKNOWN
2016-03-13T03:09:32.000000;2016-03-13T03:09:32.000000;1ad56c46-2680-457b-83f3-b83409fd8261;411.42;0.14353048;UNKNOWN
2016-03-13T03:09:37.000000;2016-03-13T03:09:37.000000;4bbcfcd3-de62-435a-947d-a5a3fadfbb81;411.42;0.14353048;UNKNOWN
2016-03-13T03:09:41.000000;2016-03-13T03:09:41.000000;be69dceb-b622-4453-899a-3a383e963923;411.42;0.14353048;UNKNOWN
2016-03-13T03:09:44.000000;2016-03-13T03:09:44.000000;62ff0dc4-68c3-4a7a-9b77-f939808b19e9;411.42;0.14352479;UNKNOWN
2016-03-13T03:09:48.000000;2016-03-13T03:09:48.000000;db7c0066-694e-4c27-b35c-d80d95856d85;411.42;0.07411471;UNKNOWN
2016-03-13T03:09:52.000000;2016-03-13T03:09:52.000000;d46dcc55-7e7b-4d60-86cf-6dbd8de7bd5d;411.41;0.090665;UNKNOWN
2016-03-13T03:11:28.000000;2016-03-13T03:11:28.000000;83ef17a4-2a3a-478a-9251-62fa8aa14fdd;411.45;0.094063;UNKNOWN
2016-03-13T03:12:15.000000;2016-03-13T03:12:15.000000;5d07d0c9-494f-4b5f-b5e2-bf272de80e3e;411.5;0.123611;UNKNOWN
2016-03-13T03:12:31.000000;2016-03-13T03:12:31.000000;7a91a51b-c289-4263-91ae-ff28890b6c0a;411.57;1.0;UNKNOWN
2016-03-13T03:14:45.000000;2016-03-13T03:14:45.000000;85d8bd26-4daa-424b-812e-500327076e9b;411.46;2.5;UNKNOWN
2016-03-13T03:17:17.000000;2016-03-13T03:17:17.000000;9db88105-3090-45c6-acf9-d3e72f014468;411.42;0.03008671;UNKNOWN
2016-03-13T03:20:25.000000;2016-03-13T03:20:25.000000;2d866b26-b094-4f89-92c8-d75b39fb3521;411.42;0.03346703;UNKNOWN
2016-03-13T03:24:20.000000;2016-03-13T03:24:20.000000;b5c00ce4-bf4c-42fe-90c9-6383379005c0;411.41;6.0098;UNKNOWN
2016-03-13T03:24:20.000000;2016-03-13T03:24:20.000000;b293a939-9742-4504-b24e-b7a116884ecb;411.4;8.8456466;UNKNOWN
2016-03-13T03:24:20.000000;2016-03-13T03:24:20.000000;58f1aaf9-073e-44d1-a192-67ca78b3581d;411.4;0.1445534;UNKNOWN
2016-03-13T03:33:34.000000;2016-03-13T03:33:34.000000;c8cc79a2-8c58-4994-9c18-01b38fa3fc13;411.55;1.3712298;UNKNOWN
2016-03-13T03:33:34.000000;2016-03-13T03:33:34.000000;a9c64b8b-9986-43b7-99ae-5000976aad4c;411.43;2.5;UNKNOWN
2016-03-13T03:33:34.000000;2016-03-13T03:33:34.000000;ea192048-b0eb-4c13-9fcd-d1548a65f2e9;411.43;0.1287702;UNKNOWN
2016-03-13T03:34:32.000000;2016-03-13T03:34:32.000000;e8d8d303-d2ac-4517-b1ac-93575a95c0d4;411.59;1.5471;UNKNOWN
2016-03-13T03:35:40.000000;2016-03-13T03:35:40.000000;5c84f04c-54fd-47bd-bb1b-30bb70216004;411.6;4.0;UNKNOWN
2016-03-13T03:38:54.000000;2016-03-13T03:38:54.000000;28819a5a-b960-4672-abb9-ae9c84a979a6;411.35;1.1506466;UNKNOWN
2016-03-13T03:38:54.000000;2016-03-13T03:38:54.000000;e150a75d-289c-47d7-876d-6c90c1d27656;411.4;5.6093534;UNKNOWN
2016-03-13T03:38:54.000000;2016-03-13T03:38:54.000000;b260bd48-600c-4fb5-8b99-0cd64deb58c2;411.36;8.24;UNKNOWN
2016-03-13T03:39:09.000000;2016-03-13T03:39:09.000000;e0935142-4230-4283-8ceb-5cd4e2a317e9;411.36;8.94;UNKNOWN
2016-03-13T03:39:09.000000;2016-03-13T03:39:09.000000;0f86b4c0-54cd-42de-856b-22dc90a8474a;411.35;6.06;UNKNOWN
2016-03-13T03:39:34.000000;2016-03-13T03:39:34.000000;fafdbbc5-46f3-4fdb-86ff-0530fc871e0d;411.53;21.5049;UNKNOWN
2016-03-13T03:39:34.000000;2016-03-13T03:39:34.000000;92e68bd0-e904-4913-a9a4-4b24f16a4c4e;411.53;4.68011419;UNKNOWN
2016-03-13T03:39:34.000000;2016-03-13T03:39:34.000000;e593f6ab-e9a9-47ff-8c7c-b44cefc8cd67;411.53;6.0178;UNKNOWN
2016-03-13T03:39:34.000000;2016-03-13T03:39:34.000000;6bb99c02-4024-4891-b626-23d28b950e26;411.53;4.68011419;UNKNOWN
2016-03-13T03:40:32.000000;2016-03-13T03:40:32.000000;da6ffc09-8c89-4348-a235-6e54caced3fb;411.53;15.0;UNKNOWN
2016-03-13T03:40:39.000000;2016-03-13T03:40:39.000000;c9c3e341-d767-4ea4-8c15-934a73cfec62;411.37;6.0114;UNKNOWN
2016-03-13T03:40:39.000000;2016-03-13T03:40:39.000000;103a1fa0-e395-4868-913a-c4ed8897c0d8;411.53;3.11707162;UNKNOWN
2016-03-13T03:40:39.000000;2016-03-13T03:40:39.000000;db4de9a9-0632-48ab-843b-eab553795b4f;411.35;0.87152838;UNKNOWN
2016-03-13T03:41:34.000000;2016-03-13T03:41:34.000000;9b470fb9-dbfe-4114-b246-52d0945a563e;411.37;0.04;UNKNOWN
2016-03-13T03:41:56.000000;2016-03-13T03:41:56.000000;d552cd93-99b0-41ea-a29b-ba2698444ef7;411.15;0.0169514;UNKNOWN
2016-03-13T03:41:56.000000;2016-03-13T03:41:56.000000;c2580a67-cc50-42ec-9a2c-d2b1f6d82e0e;411.04;0.0364549;UNKNOWN
2016-03-13T03:41:56.000000;2016-03-13T03:41:56.000000;f2e2f99b-e51e-4093-9d95-4bdb9b6abd62;411.37;6.0094;UNKNOWN
2016-03-13T03:41:56.000000;2016-03-13T03:41:56.000000;a3c5c963-0482-4e02-8e2e-817957ce32f8;411.35;8.91782502;UNKNOWN
2016-03-13T03:41:56.000000;2016-03-13T03:41:56.000000;622b6c69-a596-42ca-85c5-34253dba078d;411.35;0.01936868;UNKNOWN
2016-03-13T03:42:22.000000;2016-03-13T03:42:22.000000;34c735d6-593f-4ee5-97dc-2ec0e33d2876;411.05;0.108355;UNKNOWN
2016-03-13T03:43:11.000000;2016-03-13T03:43:11.000000;45a9552b-1ebd-4011-ad74-fa19021d7159;411.26;0.357;UNKNOWN
2016-03-13T03:43:49.000000;2016-03-13T03:43:49.000000;01e78328-b420-4f49-82fa-67d3e878829e;411.05;0.22354233;UNKNOWN
2016-03-13T03:43:49.000000;2016-03-13T03:43:49.000000;4708a86f-645a-4240-91c3-551c82a9dd70;411.05;0.0332061;UNKNOWN
2016-03-13T03:43:49.000000;2016-03-13T03:43:49.000000;0354341e-a460-48f5-9f68-1e6c4e27155f;411.03;14.74325157;UNKNOWN
2016-03-13T03:43:57.000000;2016-03-13T03:43:57.000000;eca5cd97-cbf9-47ab-8742-2186bedf626d;411.03;0.25674843;UNKNOWN
2016-03-13T03:43:57.000000;2016-03-13T03:43:57.000000;1fb34b5a-fbf4-410a-a14a-79fb85fad681;411.01;14.74325157;UNKNOWN
2016-03-13T03:44:03.000000;2016-03-13T03:44:03.000000;31005aa6-b10e-40f6-a36a-a77c965e3ede;411.01;5.0;UNKNOWN
2016-03-13T03:44:18.000000;2016-03-13T03:44:18.000000;851c412f-bc6e-4975-958f-425fe1dec7a9;411.01;1.0;UNKNOWN
2016-03-13T03:50:04.000000;2016-03-13T03:50:04.000000;948faea8-0bb3-4fbd-aab7-837f3fb90b41;411.15;0.13503934;UNKNOWN
2016-03-13T03:51:41.000000;2016-03-13T03:51:41.000000;3b09e179-dc24-4642-9cb0-f7163f86cca8;411.1;0.02;UNKNOWN
2016-03-13T03:52:06.000000;2016-03-13T03:52:06.000000;8c608c93-9b54-4ec3-a8c8-3bff590bc516;411.09;0.01277;UNKNOWN
2016-03-13T03:54:32.000000;2016-03-13T03:54:32.000000;7d9a1da6-ee8b-405b-a3b4-234072b81e51;411.54;4.68729859;UNKNOWN
2016-03-13T03:54:32.000000;2016-03-13T03:54:32.000000;bab806d7-ee93-4e87-b38b-2766cc566126;411.44;4.68768311;UNKNOWN
2016-03-13T03:54:32.000000;2016-03-13T03:54:32.000000;c7b620e5-474a-4199-a183-723a407bd8b8;411.54;13.867;UNKNOWN
2016-03-13T03:54:32.000000;2016-03-13T03:54:32.000000;59da7282-5f8c-42aa-ba62-ec6c941c843a;411.43;4.6854867;UNKNOWN
2016-03-13T03:54:32.000000;2016-03-13T03:54:32.000000;c67160c3-5b68-461a-852a-f76766941ca7;411.11;4.68702397;UNKNOWN
2016-03-13T03:54:32.000000;2016-03-13T03:54:32.000000;1ae57d3f-98f6-4520-b0b1-4108c98f5130;411.11;4.69015653;UNKNOWN
2016-03-13T03:54:32.000000;2016-03-13T03:54:32.000000;279fbadd-c9b7-4d8e-8ed0-5a361dc6692f;411.48;4.68647483;UNKNOWN
2016-03-13T03:54:32.000000;2016-03-13T03:54:32.000000;f3b3b5ca-4be8-4e7e-a3fd-4cd0b2ee42db;411.55;12.5463;UNKNOWN
2016-03-13T03:54:32.000000;2016-03-13T03:54:32.000000;22268763-a7e5-4b80-bb5f-13bc8c13c7a0;411.46;4.68751831;UNKNOWN
2016-03-13T03:54:32.000000;2016-03-13T03:54:32.000000;0d981e8e-271c-497e-81ff-831c3ab469e5;411.11;4.68806769;UNKNOWN
2016-03-13T03:54:32.000000;2016-03-13T03:54:32.000000;6724f488-ec63-450c-8e22-d176fc177b9b;411.16;4.68768311;UNKNOWN
2016-03-13T03:54:32.000000;2016-03-13T03:54:32.000000;b88f304b-a814-4420-857e-1ed4be3f4d46;411.42;6.0753;UNKNOWN
2016-03-13T03:54:41.000000;2016-03-13T03:54:41.000000;551dec17-b211-4dd9-8627-f1b00422c57d;411.58;4.68801275;UNKNOWN
2016-03-13T03:54:42.000000;2016-03-13T03:54:42.000000;958db999-20ab-4f72-ade9-0f1e46920bb7;411.58;4.68801275;UNKNOWN
2016-03-13T03:57:06.000000;2016-03-13T03:57:06.000000;c6451a49-ea2d-499e-8299-1e27a714193e;411.51;1.08388316;UNKNOWN
2016-03-13T03:57:53.000000;2016-03-13T03:57:53.000000;8cd1910a-f92b-47ff-b827-cc3881db3530;411.37;0.112342;UNKNOWN
2016-03-13T03:57:56.000000;2016-03-13T03:57:56.000000;9281e4de-73a1-4527-ace0-bcbf7a20d220;411.37;0.026852;UNKNOWN
2016-03-13T03:58:00.000000;2016-03-13T03:58:00.000000;250e1a61-01d1-4143-bd82-58ac8fa8df32;411.37;0.089981;UNKNOWN
2016-03-13T03:59:05.000000;2016-03-13T03:59:05.000000;b09640ae-3d6d-48e3-a103-5d7e2c250159;411.38;0.15;UNKNOWN
2016-03-13T04:04:06.000000;2016-03-13T04:04:06.000000;0dd1fc44-12b2-46e4-b928-013c34ed6c06;411.2;0.76814709;UNKNOWN
2016-03-13T04:04:34.000000;2016-03-13T04:04:34.000000;281dfb23-6eea-486e-a8d6-416c67dc831d;411.2;0.014021;UNKNOWN
2016-03-13T04:04:41.000000;2016-03-13T04:04:41.000000;419a0877-4028-4dc4-88ae-2ca69e1928ca;411.01;0.01202;UNKNOWN
2016-03-13T04:05:21.000000;2016-03-13T04:05:21.000000;31814969-f41d-49b8-9a34-9331a52d2505;411.01;0.010731;UNKNOWN
2016-03-13T04:07:06.000000;2016-03-13T04:07:06.000000;af8c8e34-a701-4f9d-aebc-fc96e1947783;411.01;0.03350669;UNKNOWN
2016-03-13T04:07:06.000000;2016-03-13T04:07:06.000000;928d5818-a17c-42b0-986d-c457a2814e70;411.01;0.12615043;UNKNOWN
2016-03-13T04:07:06.000000;2016-03-13T04:07:06.000000;467e7674-84cf-46b9-8794-988d9d1f1113;411.0;1.84034288;UNKNOWN
2016-03-13T04:07:06.000000;2016-03-13T04:07:06.000000;b49e993d-2a37-4255-84af-c332b3165c6b;411.01;0.03350669;UNKNOWN
2016-03-13T04:07:08.000000;2016-03-13T04:07:08.000000;55669861-8520-4b3a-aadc-8cf32b48e3fe;411.0;0.3586099;UNKNOWN
2016-03-13T04:07:08.000000;2016-03-13T04:07:08.000000;b521cb50-9462-4b4e-8ed0-ccff1805407f;411.01;0.03350669;UNKNOWN
2016-03-13T04:07:10.000000;2016-03-13T04:07:10.000000;73f33b68-b0b6-4296-92ff-51db1407eaf5;411.01;0.03265224;UNKNOWN
2016-03-13T04:07:14.000000;2016-03-13T04:07:14.000000;495bbcc1-e88a-474f-87b4-4362fabda518;411.0;9.0;UNKNOWN
2016-03-13T04:08:21.000000;2016-03-13T04:08:21.000000;1d63b209-8870-407b-89c7-d571ded4fb7c;411.0;0.24117528;UNKNOWN
2016-03-13T04:11:10.000000;2016-03-13T04:11:10.000000;d5c0d64f-9396-42b2-beff-1158cdeb1da8;411.01;0.25;UNKNOWN
2016-03-13T04:12:30.000000;2016-03-13T04:12:30.000000;88e272b4-5c0b-4ef4-9b57-a8e6683a7b3c;411.0;0.15472806;UNKNOWN
2016-03-13T04:12:30.000000;2016-03-13T04:12:30.000000;2e8985d8-f0b8-492a-8e52-b29d3cdb2eef;411.0;3.55987194;UNKNOWN
2016-03-13T04:12:30.000000;2016-03-13T04:12:30.000000;65c97daf-1a52-4ff5-82fc-5bbf59a1aff7;411.01;0.2454;UNKNOWN
2016-03-13T04:16:32.000000;2016-03-13T04:16:32.000000;d6b09b21-746e-43f4-a56e-2fa7bc5bcab9;411.07;0.21;UNKNOWN
2016-03-13T04:16:39.000000;2016-03-13T04:16:39.000000;7799d1ea-6397-4607-9b05-bc5d8617fad1;411.12;2.36396916;UNKNOWN
2016-03-13T04:17:39.000000;2016-03-13T04:17:39.000000;537ec0be-9823-42c0-9028-482c323f8260;411.16;0.06547712;UNKNOWN
2016-03-13T04:18:14.000000;2016-03-13T04:18:14.000000;2d1dce5c-a9c0-4ee4-adf4-902c9f072e2a;411.16;0.2;UNKNOWN
2016-03-13T04:19:06.000000;2016-03-13T04:19:06.000000;d0164166-2912-44bd-add3-1ea100bb1bf5;411.16;1.0;UNKNOWN
2016-03-13T04:21:14.000000;2016-03-13T04:21:14.000000;9f085914-1578-4e37-98f6-b5a6a7f093c6;411.15;0.294;UNKNOWN
2016-03-13T04:22:51.000000;2016-03-13T04:22:51.000000;67537d69-68b1-4de9-8bb6-ed0e747179b8;411.15;2.23;UNKNOWN
2016-03-13T04:26:05.000000;2016-03-13T04:26:05.000000;c4270558-39ee-4c47-88cc-ccf475f0c2ef;411.15;0.01190723;UNKNOWN
2016-03-13T04:26:08.000000;2016-03-13T04:26:08.000000;2e77ebfe-bdb9-4c14-874a-8b89d63bec0a;411.16;0.0528045;UNKNOWN
2016-03-13T04:26:10.000000;2016-03-13T04:26:10.000000;4df65a12-74b3-4e8b-8cc2-208e011a2ae3;411.16;0.0313398;UNKNOWN
2016-03-13T04:26:34.000000;2016-03-13T04:26:34.000000;e13a3525-9d4e-4fe6-9459-11b4aa96e7f5;411.16;0.02587506;UNKNOWN
2016-03-13T04:27:05.000000;2016-03-13T04:27:05.000000;84c5680c-2c8c-4afc-a061-8cb11fef75c3;411.15;5.1;UNKNOWN
2016-03-13T04:27:42.000000;2016-03-13T04:27:42.000000;b784dd6a-c6ca-4476-b593-f950708b00f4;411.16;0.03166243;UNKNOWN
2016-03-13T04:31:07.000000;2016-03-13T04:31:07.000000;c98829b6-7dfe-4f27-8319-d78871206835;411.16;4.60834109;UNKNOWN
2016-03-13T04:31:07.000000;2016-03-13T04:31:07.000000;4d690c77-2ed8-4137-8ca9-0051b318393c;411.37;0.39165891;UNKNOWN
2016-03-13T04:31:42.000000;2016-03-13T04:31:42.000000;db7310cc-1b94-4747-aa84-e4dc15bb471c;411.37;0.108;UNKNOWN
2016-03-13T04:33:18.000000;2016-03-13T04:33:18.000000;9afe93df-b2ff-491e-99e7-0a41c4e7d1e3;411.6;0.15802062;UNKNOWN
2016-03-13T04:33:18.000000;2016-03-13T04:33:18.000000;2d31d6f4-6a75-4e17-9960-027c281eaa98;411.59;6.0783;UNKNOWN
2016-03-13T04:33:18.000000;2016-03-13T04:33:18.000000;bdb666b9-194c-4880-8a2c-967de66b02e7;411.37;0.76367938;UNKNOWN
2016-03-13T04:38:30.000000;2016-03-13T04:38:30.000000;95bdc6d2-a670-45c1-8e51-f05f5d2de88a;411.43;0.020853;UNKNOWN
2016-03-13T04:39:05.000000;2016-03-13T04:39:05.000000;6a53de95-2470-40ce-a1c5-b54243b53d36;411.53;1.0;UNKNOWN
2016-03-13T04:39:07.000000;2016-03-13T04:39:07.000000;fdddf6fc-5bb0-4f75-8ba2-87ce4d541530;411.53;2.0;UNKNOWN
2016-03-13T04:40:05.000000;2016-03-13T04:40:05.000000;74126f53-4457-48d4-a266-2bdf4614ca97;411.45;0.023871;UNKNOWN
2016-03-13T04:40:08.000000;2016-03-13T04:40:08.000000;7465264c-3ef5-4198-a01f-99d5c4e4a45f;411.45;0.027405;UNKNOWN
2016-03-13T04:40:11.000000;2016-03-13T04:40:11.000000;e34fad5d-c166-4a00-8f94-00e01069de87;411.43;0.046831;UNKNOWN
2016-03-13T04:40:36.000000;2016-03-13T04:40:36.000000;fe0840f8-a3b5-48d8-8ed1-8dda35e8908c;411.59;0.32046261;UNKNOWN
2016-03-13T04:45:01.000000;2016-03-13T04:45:01.000000;a7576040-8ce3-4eb1-a2de-a9da48b1c892;411.6;0.02;UNKNOWN
2016-03-13T04:48:39.000000;2016-03-13T04:48:39.000000;60dc918a-08de-4891-9a2e-dd5f80b15f63;411.6;0.1;UNKNOWN
2016-03-13T04:49:00.000000;2016-03-13T04:49:00.000000;3427a494-310f-444a-8b60-3a504065fa8b;411.77;0.17967017;UNKNOWN
2016-03-13T04:49:00.000000;2016-03-13T04:49:00.000000;17890157-2efc-42db-9cee-c0e6015e62ca;411.6;10.0;UNKNOWN
2016-03-13T04:49:00.000000;2016-03-13T04:49:00.000000;bd64d2b9-561e-4284-9fe2-512d3b452dcb;411.69;0.05;UNKNOWN
2016-03-13T04:49:00.000000;2016-03-13T04:49:00.000000;59cc6062-fdd8-4bfc-990b-00cd10158d47;411.6;0.72197938;UNKNOWN
2016-03-13T04:51:40.000000;2016-03-13T04:51:40.000000;67b664da-f000-4ded-9461-f45feafcc481;411.63;0.9251;UNKNOWN
2016-03-13T04:52:01.000000;2016-03-13T04:52:01.000000;147676dd-fe41-4ba8-8639-2110a1e309fb;411.62;0.475;UNKNOWN
2016-03-13T04:52:05.000000;2016-03-13T04:52:05.000000;7da2f98e-719b-4ecf-80dc-c74aace639b4;411.7;4.0;UNKNOWN
2016-03-13T04:54:36.000000;2016-03-13T04:54:36.000000;cc799581-757f-49d6-90de-29ecf4703d0d;411.59;0.998074;UNKNOWN
2016-03-13T04:54:41.000000;2016-03-13T04:54:41.000000;bf8a3b1d-70a3-485f-b6da-4e23b0284f12;411.59;0.145344;UNKNOWN
2016-03-13T04:54:56.000000;2016-03-13T04:54:56.000000;95f2311f-3aef-4989-82c2-bf82aef5ea3a;411.67;10.0;UNKNOWN
2016-03-13T04:56:10.000000;2016-03-13T04:56:10.000000;a2c49dcd-7331-4c49-8c39-121193e17823;411.64;0.155053;UNKNOWN
2016-03-13T04:56:18.000000;2016-03-13T04:56:18.000000;91f295f0-a153-4662-974b-5cffa8abcddb;411.64;0.345752;UNKNOWN
2016-03-13T04:56:58.000000;2016-03-13T04:56:58.000000;1aecf9f3-3224-4bff-acc2-c15dd4424b56;411.63;1.70229985;UNKNOWN
2016-03-13T04:57:05.000000;2016-03-13T04:57:05.000000;05e76600-e0d7-4a30-a8d4-3c5a63f13713;411.7;1.0;UNKNOWN
2016-03-13T04:57:59.000000;2016-03-13T04:57:59.000000;5fe2e9d1-eebf-42c7-bf65-8cae899ff932;411.63;0.195734;UNKNOWN
2016-03-13T04:58:05.000000;2016-03-13T04:58:05.000000;204eef21-4eb7-42ea-88a2-6d5837062a8e;411.63;0.144048;UNKNOWN
2016-03-13T04:59:56.000000;2016-03-13T04:59:56.000000;d36f504f-5c35-4404-983f-2c7c35ba13ce;411.82;0.1;UNKNOWN
2016-03-13T04:59:56.000000;2016-03-13T04:59:56.000000;a122dfa3-994a-4284-8bb9-09adbd5c70cb;411.84;4.9;UNKNOWN
2016-03-13T05:00:05.000000;2016-03-13T05:00:05.000000;8f23080c-5d47-4b9e-b1b6-caea7615ad1b;411.95;2.7688;UNKNOWN
2016-03-13T05:00:05.000000;2016-03-13T05:00:05.000000;b3588c39-2968-4e67-a674-81155dca6be5;411.95;0.01;UNKNOWN
2016-03-13T05:00:05.000000;2016-03-13T05:00:05.000000;f27d4822-a19e-4b91-a2f7-7db4672e55c7;411.96;0.22711781;UNKNOWN
2016-03-13T05:00:05.000000;2016-03-13T05:00:05.000000;651a7302-768e-4f08-8812-95f07352f45b;411.85;1.99408219;UNKNOWN
2016-03-13T05:00:21.000000;2016-03-13T05:00:21.000000;dea224b0-0adf-48e5-b23e-e13ed73d9b5b;412.03;0.14268086;UNKNOWN
2016-03-13T05:00:21.000000;2016-03-13T05:00:21.000000;cd9b5e96-0c7f-4ba1-b1b3-c75981a4f4e2;412.0;0.0122;UNKNOWN
2016-03-13T05:00:21.000000;2016-03-13T05:00:21.000000;a1927bf6-1270-4997-81c0-931ee155ae97;412.11;0.24511914;UNKNOWN
2016-03-13T05:01:45.000000;2016-03-13T05:01:45.000000;538b0fa4-c312-450c-b577-a4769e540fef;411.95;0.172;UNKNOWN
2016-03-13T05:01:59.000000;2016-03-13T05:01:59.000000;23e52429-1a99-44ec-88c9-8a2bef7efa4a;411.95;2.78804;UNKNOWN
2016-03-13T05:02:02.000000;2016-03-13T05:02:02.000000;3cdaceb8-97b0-44d4-b4c6-4b2eba84b92b;411.64;0.12033983;UNKNOWN
2016-03-13T05:07:45.000000;2016-03-13T05:07:45.000000;9244f155-b4d7-4f2d-a507-d8e8de9f97c6;411.81;0.13;UNKNOWN
2016-03-13T05:08:10.000000;2016-03-13T05:08:10.000000;32fb854c-4ad5-44ed-9fa3-bae7d851119b;411.81;0.122723;UNKNOWN
2016-03-13T05:08:13.000000;2016-03-13T05:08:13.000000;18777335-4afb-4fb9-a94b-ede49492d1e9;411.82;0.06890721;UNKNOWN
2016-03-13T05:08:15.000000;2016-03-13T05:08:15.000000;a1f2c1ba-3cbe-4371-b445-0f0f10debaeb;411.82;0.06890721;UNKNOWN
2016-03-13T05:08:39.000000;2016-03-13T05:08:39.000000;d97050a6-7a46-4fea-98da-783e4b2e041c;411.81;0.197;UNKNOWN
2016-03-13T05:09:23.000000;2016-03-13T05:09:23.000000;6da76176-ffe2-40bf-8ad8-f43b68be3f3a;411.81;0.01;UNKNOWN
2016-03-13T05:11:50.000000;2016-03-13T05:11:50.000000;fe1ff483-1c56-4972-ac68-8dca1a12a254;411.81;0.25;UNKNOWN
2016-03-13T05:12:10.000000;2016-03-13T05:12:10.000000;615cff15-23cf-4fe1-90cf-00274e97482e;411.81;0.12031667;UNKNOWN
2016-03-13T05:13:05.000000;2016-03-13T05:13:05.000000;190f6d2a-4616-406c-8465-bbc7078cd584;411.82;2.0;UNKNOWN
2016-03-13T05:13:59.000000;2016-03-13T05:13:59.000000;570502fa-17b0-4537-be70-c86f3e5c3919;412.41;12.4189;UNKNOWN
2016-03-13T05:13:59.000000;2016-03-13T05:13:59.000000;aef52e98-0461-4d92-8be9-06034771fac0;412.5;0.05;UNKNOWN
2016-03-13T05:13:59.000000;2016-03-13T05:13:59.000000;eb73300a-ef03-46c3-8ff8-93038be6fd58;411.82;14.96;UNKNOWN
2016-03-13T05:13:59.000000;2016-03-13T05:13:59.000000;fbeac4ab-aa37-42b8-8ef4-1a6c67dce992;412.26;12.5861;UNKNOWN
2016-03-13T05:13:59.000000;2016-03-13T05:13:59.000000;9085a96c-95b7-4051-b765-f587dedef191;412.11;11.9391;UNKNOWN
2016-03-13T05:13:59.000000;2016-03-13T05:13:59.000000;447a0ac3-2bd5-4e65-b689-1f59a93e306f;411.82;6.013;UNKNOWN
2016-03-13T05:13:59.000000;2016-03-13T05:13:59.000000;db340aa1-7fe5-456d-ba01-caab2150523c;412.46;0.1;UNKNOWN
2016-03-13T05:13:59.000000;2016-03-13T05:13:59.000000;7bb6e7ff-7026-4b41-a201-471deecd3ad0;411.96;11.9592;UNKNOWN
2016-03-13T05:13:59.000000;2016-03-13T05:13:59.000000;ade6236f-3212-4878-beaa-b5107914c604;412.5;0.1;UNKNOWN
2016-03-13T05:14:05.000000;2016-03-13T05:14:05.000000;9726f60f-d718-436f-8bd0-0738e7fcf346;412.53;8.0;UNKNOWN
2016-03-13T05:14:17.000000;2016-03-13T05:14:17.000000;402954ab-1680-4f15-9578-73805d4308bd;412.5;9.5053;UNKNOWN
2016-03-13T05:14:25.000000;2016-03-13T05:14:25.000000;55f9b84c-9fe0-48b2-a608-563cc6d23ebf;412.5;0.54008622;UNKNOWN
2016-03-13T05:14:59.000000;2016-03-13T05:14:59.000000;3f58895e-1f3f-49a9-bfba-cb7adb65f0e6;412.53;13.3276;UNKNOWN
2016-03-13T05:14:59.000000;2016-03-13T05:14:59.000000;4a3011d8-ac1b-4fd9-be08-ffc9cfbe115e;412.59;28.2681;UNKNOWN
2016-03-13T05:14:59.000000;2016-03-13T05:14:59.000000;e7c52bd7-a655-4491-b81b-cdfb2e5d9545;412.6;1.0;UNKNOWN
2016-03-13T05:14:59.000000;2016-03-13T05:14:59.000000;92f57c1e-db68-493e-ad10-8bf306c00397;412.59;6.0271;UNKNOWN
2016-03-13T05:15:07.000000;2016-03-13T05:15:07.000000;3c7b4563-016e-456e-8f02-331c853c42e6;412.66;9.5207611;UNKNOWN
2016-03-13T05:16:04.000000;2016-03-13T05:16:04.000000;6e332945-f08c-40a7-9737-9845925d242e;412.07;0.1;UNKNOWN
2016-03-13T05:16:11.000000;2016-03-13T05:16:11.000000;83136838-8691-4d51-aac6-996aacc12ed5;412.08;0.24048867;UNKNOWN
2016-03-13T05:16:29.000000;2016-03-13T05:16:29.000000;ab0f9373-4f82-41de-95a3-e44287973dc3;412.4;12.065;UNKNOWN
2016-03-13T05:16:29.000000;2016-03-13T05:16:29.000000;130c31f5-9592-4e9a-82d4-d0664941ee23;412.53;12.379;UNKNOWN
2016-03-13T05:16:58.000000;2016-03-13T05:16:58.000000;bb1e663d-6b2b-4f76-a1f9-71602af15f0f;412.67;0.04897459;UNKNOWN
2016-03-13T05:16:58.000000;2016-03-13T05:16:58.000000;9cda703d-4a9e-45d0-8930-6e8b3d0f79de;412.66;3.9649389;UNKNOWN
2016-03-13T05:16:58.000000;2016-03-13T05:16:58.000000;6e21c10a-190a-42ff-809c-b7fff1522a61;412.66;21.1587;UNKNOWN
2016-03-13T05:16:58.000000;2016-03-13T05:16:58.000000;59b274c6-c3dd-411f-a023-a6ce2d7ba550;412.67;0.08130999;UNKNOWN
2016-03-13T05:17:04.000000;2016-03-13T05:17:04.000000;e956c121-42f0-4163-835b-570e41a7216a;412.7;15.0;UNKNOWN
2016-03-13T05:17:04.000000;2016-03-13T05:17:04.000000;e183cd99-fe57-4e9e-a939-aedacd15bd4f;412.7;0.0988;UNKNOWN
2016-03-13T05:17:11.000000;2016-03-13T05:17:11.000000;f0b3bbcd-1a4f-41c0-a75d-8b980be0f3ae;412.7;12.16327652;UNKNOWN
2016-03-13T05:17:11.000000;2016-03-13T05:17:11.000000;b63b6c9c-a666-494a-91de-fbc660ca50d0;412.55;2.61312348;UNKNOWN
2016-03-13T05:17:12.000000;2016-03-13T05:17:12.000000;1fb07081-16ed-4fd1-aaca-1cdf5c5b59e8;412.53;0.01277;UNKNOWN
2016-03-13T05:19:07.000000;2016-03-13T05:19:07.000000;3341c488-dd38-462d-a01a-6059b41c8d0b;412.57;0.4856;UNKNOWN
2016-03-13T05:24:02.000000;2016-03-13T05:24:02.000000;c9225b7b-534c-4e0c-8c62-352c905ff9c7;412.72;0.03331633;UNKNOWN
2016-03-13T05:24:06.000000;2016-03-13T05:24:06.000000;2d553d11-f06b-4a4b-b8ee-299a8c02f073;412.72;1.73059746;UNKNOWN
2016-03-13T05:25:03.000000;2016-03-13T05:25:03.000000;844e107c-7032-47db-be04-6bf808e49b3f;412.58;0.025;UNKNOWN
2016-03-13T05:25:17.000000;2016-03-13T05:25:17.000000;b399aa0a-a0d7-404d-9e5c-67ba7d4cf0cd;412.72;0.25;UNKNOWN
2016-03-13T05:26:06.000000;2016-03-13T05:26:06.000000;8ce341a0-116d-429e-846d-0b52646b3683;412.82;2.26596656;UNKNOWN
2016-03-13T05:26:06.000000;2016-03-13T05:26:06.000000;7dd7ecf7-b618-466a-bca7-f45605bb16d8;412.75;0.25074533;UNKNOWN
2016-03-13T05:26:06.000000;2016-03-13T05:26:06.000000;3f1a48fa-c9ca-496a-8449-a10167637343;412.86;7.74857297;UNKNOWN
2016-03-13T05:26:06.000000;2016-03-13T05:26:06.000000;33d644ab-2184-42b9-95d1-c15f4f0fd2ba;412.72;0.98608621;UNKNOWN
2016-03-13T05:26:06.000000;2016-03-13T05:26:06.000000;30d47036-459d-4e25-86df-1180eeee5210;412.82;11.34913344;UNKNOWN
2016-03-13T05:26:06.000000;2016-03-13T05:26:06.000000;1f612d9b-d5fd-414c-9fc5-51bbd85d2261;412.86;9.19942858;UNKNOWN
2016-03-13T05:26:34.000000;2016-03-13T05:26:34.000000;f308f545-b392-4899-ad38-a8655ef7190c;412.68;0.02426198;UNKNOWN
2016-03-13T05:27:07.000000;2016-03-13T05:27:07.000000;3c0fa2ea-4990-4202-9429-e6d489d66fef;412.93;1.05177573;UNKNOWN
2016-03-13T05:27:07.000000;2016-03-13T05:27:07.000000;27d07d96-ea2a-4177-ab26-caf79472a1a6;412.9;0.1;UNKNOWN
2016-03-13T05:27:07.000000;2016-03-13T05:27:07.000000;0740c237-7ae7-4004-ab37-397867a91464;412.93;0.71;UNKNOWN
2016-03-13T05:27:07.000000;2016-03-13T05:27:07.000000;45b70d54-4c21-479b-a085-4bae06403ca1;412.89;4.38568284;UNKNOWN
2016-03-13T05:27:07.000000;2016-03-13T05:27:07.000000;0f6fd167-3155-4e7c-9fd5-43a689d2dfc8;412.89;3.51681716;UNKNOWN
2016-03-13T05:28:05.000000;2016-03-13T05:28:05.000000;ff47be75-0305-40b8-a5d5-233b973db396;412.74;3.3;UNKNOWN
2016-03-13T05:28:38.000000;2016-03-13T05:28:38.000000;e6a4a435-1879-4964-901c-ea66a80a275a;412.82;1.0057;UNKNOWN
2016-03-13T05:28:38.000000;2016-03-13T05:28:38.000000;4f85d4e2-b10f-46bc-9205-70bd162c5655;412.81;0.9943;UNKNOWN
2016-03-13T05:29:55.000000;2016-03-13T05:29:55.000000;3eebdce1-3cf7-422d-b19a-8646dc610ce3;412.82;2.0;UNKNOWN
2016-03-13T05:30:04.000000;2016-03-13T05:30:04.000000;108b9010-aa3c-48ca-81ab-0b8493e4c100;412.95;11.65138481;UNKNOWN
2016-03-13T05:30:04.000000;2016-03-13T05:30:04.000000;6000916a-a766-43d5-8bfa-674971ae9eaa;412.83;3.0;UNKNOWN
2016-03-13T05:30:04.000000;2016-03-13T05:30:04.000000;f8ac2001-f32d-4050-b819-ac4f36bbfab8;412.83;9.0638;UNKNOWN
2016-03-13T05:30:04.000000;2016-03-13T05:30:04.000000;cf8fd1d3-5a97-4043-9b52-ae4420c5c7e2;412.99;7.43897634;UNKNOWN
2016-03-13T05:30:04.000000;2016-03-13T05:30:04.000000;e9f37637-a578-4bb5-abe7-8632ce34daa0;412.88;0.18;UNKNOWN
2016-03-13T05:30:04.000000;2016-03-13T05:30:04.000000;86e45591-1c3e-4a76-b5c4-304f7dd09825;412.95;0.68481519;UNKNOWN
2016-03-13T05:30:05.000000;2016-03-13T05:30:05.000000;ec5c0438-6e4c-4d41-baa2-b0d156bfd2b9;412.99;1.59133894;UNKNOWN
2016-03-13T05:30:05.000000;2016-03-13T05:30:05.000000;c74ef855-030d-451e-ac37-533f7177ff87;413.0;1.09760318;UNKNOWN
2016-03-13T05:30:05.000000;2016-03-13T05:30:05.000000;1a984177-bac7-4db2-836b-4de0315afac8;413.0;0.90239682;UNKNOWN
2016-03-13T05:30:05.000000;2016-03-13T05:30:05.000000;ce9b3d9b-b250-48e5-b4ab-48cbdd01d30b;413.0;2.43659057;UNKNOWN
2016-03-13T05:30:05.000000;2016-03-13T05:30:05.000000;2d0e849b-a4dc-42e6-9fac-6e5b028394d2;412.99;8.76852834;UNKNOWN
2016-03-13T05:30:05.000000;2016-03-13T05:30:05.000000;337a66b8-65d4-45da-a2df-88a99d96c0e4;412.98;5.57893136;UNKNOWN
2016-03-13T05:30:05.000000;2016-03-13T05:30:05.000000;5a467d30-1479-4ffb-bb63-789f49db5efa;412.99;0.97695208;UNKNOWN
2016-03-13T05:30:05.000000;2016-03-13T05:30:05.000000;49a1716d-19f0-47d1-900a-c7ea1a8b9154;413.0;1.0;UNKNOWN
2016-03-13T05:30:05.000000;2016-03-13T05:30:05.000000;44205818-6edb-4a27-a931-f09771de907f;412.99;0.04207505;UNKNOWN
2016-03-13T05:30:05.000000;2016-03-13T05:30:05.000000;40881321-e441-449c-b861-733d36647334;412.99;3.04902925;UNKNOWN
2016-03-13T05:30:20.000000;2016-03-13T05:30:20.000000;a31aefde-78d1-4151-b704-8f2134755348;413.0;1.0;UNKNOWN
2016-03-13T05:30:42.000000;2016-03-13T05:30:42.000000;b4cf6410-906f-42cb-91f7-9ba28933e0fc;412.72;0.71555517;UNKNOWN
2016-03-13T05:33:07.000000;2016-03-13T05:33:07.000000;8fee547a-cde7-40e6-bf74-79bf04b9445b;412.63;0.00539367;UNKNOWN
2016-03-13T05:33:07.000000;2016-03-13T05:33:07.000000;5bcd90f3-e47f-4ae4-80eb-b547714eaaf6;412.64;0.03337433;UNKNOWN
2016-03-13T05:33:09.000000;2016-03-13T05:33:09.000000;6ea8bf75-2872-4ff1-a62d-e6b31d9f27c6;412.64;0.107784;UNKNOWN
2016-03-13T05:33:55.000000;2016-03-13T05:33:55.000000;fa186a00-b6eb-4c2d-9228-592cdab3e307;412.82;0.9477246;UNKNOWN
2016-03-13T05:33:55.000000;2016-03-13T05:33:55.000000;01bf170d-6e0a-4f64-9d83-0e8ebff4034a;412.8;0.0522754;UNKNOWN
2016-03-13T05:34:30.000000;2016-03-13T05:34:30.000000;28399d36-d3d3-4e6b-9a7a-8f185b3edf59;412.92;0.01;UNKNOWN
2016-03-13T05:35:53.000000;2016-03-13T05:35:53.000000;5c367d02-859e-4151-9908-182c3e73eb0d;412.86;6.0205;UNKNOWN
2016-03-13T05:35:53.000000;2016-03-13T05:35:53.000000;4c411144-67ee-43d3-9ee8-17457984b5b3;412.86;8.2;UNKNOWN
2016-03-13T05:38:05.000000;2016-03-13T05:38:05.000000;6f6df9bc-0c21-43a0-bf01-474ae5397777;412.86;0.05282873;UNKNOWN
2016-03-13T05:39:15.000000;2016-03-13T05:39:15.000000;21580b6a-f6e3-420f-a98c-4743dcc8d49c;412.86;0.04987;UNKNOWN
2016-03-13T05:39:15.000000;2016-03-13T05:39:15.000000;e08637f5-457c-4ab1-ac48-41d77a30e756;412.57;0.57743073;UNKNOWN
2016-03-13T05:39:15.000000;2016-03-13T05:39:15.000000;17502069-8bff-4d06-9be5-ef18d3cfc6c1;412.59;0.017051;UNKNOWN
2016-03-13T05:39:15.000000;2016-03-13T05:39:15.000000;23997b53-ea25-4e46-8238-67e520fb067e;412.63;6.0182;UNKNOWN
2016-03-13T05:39:15.000000;2016-03-13T05:39:15.000000;172f69d1-4409-4ce3-92d8-5d59a342b2af;412.86;3.09757127;UNKNOWN
2016-03-13T05:39:15.000000;2016-03-13T05:39:15.000000;5da78a89-0708-4631-b531-bffafb4a57d8;412.62;3.0;UNKNOWN
2016-03-13T05:39:15.000000;2016-03-13T05:39:15.000000;4e507245-684b-4a03-a27e-6fdced2b10be;412.67;0.066113;UNKNOWN
2016-03-13T05:39:59.000000;2016-03-13T05:39:59.000000;53e6a735-8de3-4f1c-98f6-5b01724ff9e7;412.71;0.03336867;UNKNOWN
2016-03-13T05:39:59.000000;2016-03-13T05:39:59.000000;28724f61-f40e-4286-a25b-6d9de11f260b;412.71;0.00663133;UNKNOWN
2016-03-13T05:41:51.000000;2016-03-13T05:41:51.000000;78e7e931-82f4-4f4b-b66b-5a275ab7e2f6;412.84;0.03335815;UNKNOWN
2016-03-13T05:42:34.000000;2016-03-13T05:42:34.000000;b0daba89-44c5-4f9b-b75f-ea3e918f67f8;412.94;26.725;UNKNOWN
2016-03-13T05:42:34.000000;2016-03-13T05:42:34.000000;8d209489-5ff8-4b6a-9753-b5e42ea40ffe;412.97;11.9342;UNKNOWN
2016-03-13T05:42:34.000000;2016-03-13T05:42:34.000000;c383e1b4-fa6e-4708-9fae-312922961f1c;412.94;6.0338;UNKNOWN
2016-03-13T05:42:34.000000;2016-03-13T05:42:34.000000;91ca053c-9629-47f6-bf88-3d97802d28f9;412.85;11.8738;UNKNOWN
2016-03-13T05:42:34.000000;2016-03-13T05:42:34.000000;3c82cb21-b3dc-45d0-bf34-92eb30a3db23;412.84;0.01646198;UNKNOWN
2016-03-13T05:42:34.000000;2016-03-13T05:42:34.000000;b98fbfd4-d64b-4192-a3bd-8f2a7b5265dd;413.0;1.56340943;UNKNOWN
2016-03-13T05:42:34.000000;2016-03-13T05:42:34.000000;a17e6d52-301f-483f-a1fd-4d40258721a0;413.0;39.8789811;UNKNOWN
2016-03-13T05:42:56.000000;2016-03-13T05:42:56.000000;fea76026-b4b7-4de0-b61f-3d0a0d0b6aaf;413.07;0.5;UNKNOWN
2016-03-13T05:43:18.000000;2016-03-13T05:43:18.000000;95b998fa-14a8-4dda-90b0-580d36f5fefb;413.09;0.5;UNKNOWN
2016-03-13T05:43:18.000000;2016-03-13T05:43:18.000000;9012e5f8-91b4-413f-9c9f-505613e04333;413.09;0.04987;UNKNOWN
2016-03-13T05:43:40.000000;2016-03-13T05:43:40.000000;413f86a3-e422-4285-9ff3-56cbb62cf990;413.09;3e-05;UNKNOWN
2016-03-13T05:43:40.000000;2016-03-13T05:43:40.000000;a7868ef3-03f1-4ce1-a12a-479d0ff50935;413.09;0.01847;UNKNOWN
2016-03-13T05:43:59.000000;2016-03-13T05:43:59.000000;af5c026d-1253-4194-abf1-314621043d19;413.08;0.9212;UNKNOWN
2016-03-13T05:44:05.000000;2016-03-13T05:44:05.000000;de6d9f14-6b2d-447b-a96f-fb0fc017a165;413.15;0.00198299;UNKNOWN
2016-03-13T05:44:05.000000;2016-03-13T05:44:05.000000;9b72c365-9a19-4e9e-97d1-e27601a753e8;413.09;0.03135013;UNKNOWN
2016-03-13T05:44:06.000000;2016-03-13T05:44:06.000000;efc8f8a4-06ae-48c8-9d67-7ef82898ce0c;413.15;0.03333312;UNKNOWN
2016-03-13T05:44:10.000000;2016-03-13T05:44:10.000000;8d5ac4ee-0dbd-407d-8bd7-cbc4bb8e1355;413.15;0.03332857;UNKNOWN
2016-03-13T05:44:11.000000;2016-03-13T05:44:11.000000;8a00f2b1-247e-48af-bd8b-05e8ef34a64a;413.15;0.01043988;UNKNOWN
2016-03-13T05:44:11.000000;2016-03-13T05:44:11.000000;6d706120-a1d3-47a4-b9c0-31f9f1d2cd1e;413.15;0.04253819;UNKNOWN
2016-03-13T05:44:11.000000;2016-03-13T05:44:11.000000;d506157f-4ce9-49dd-912c-490b94f6f626;413.15;0.13823476;UNKNOWN
2016-03-13T05:44:11.000000;2016-03-13T05:44:11.000000;b0042baa-bafb-49f1-bd2b-0fd6b8b9544f;413.15;0.04234751;UNKNOWN
2016-03-13T05:44:11.000000;2016-03-13T05:44:11.000000;a7940fb2-bb9c-4cfd-a510-d3486b431cad;413.15;2.74779498;UNKNOWN
2016-03-13T05:44:11.000000;2016-03-13T05:44:11.000000;ae307029-420e-4b1c-8bb8-4699e0e75913;413.4;3.67390502;UNKNOWN
2016-03-13T05:44:11.000000;2016-03-13T05:44:11.000000;8465a658-6081-4568-a6e4-cfc03475887d;413.26;13.5783;UNKNOWN
2016-03-13T05:44:15.000000;2016-03-13T05:44:15.000000;dbe4e2ed-e2f7-4e16-9b33-c70ddecb7a6d;413.46;0.03329686;UNKNOWN
2016-03-13T05:44:16.000000;2016-03-13T05:44:16.000000;91cac554-d746-4944-ae89-f827fd20b378;413.45;0.03329687;UNKNOWN
2016-03-13T05:44:17.000000;2016-03-13T05:44:17.000000;112bd410-e1df-4fae-9995-8d5c7c9e492a;413.45;0.04253819;UNKNOWN
2016-03-13T05:44:18.000000;2016-03-13T05:44:18.000000;d6846743-4471-4284-a71f-a540d9df9486;413.45;0.04252687;UNKNOWN
2016-03-13T05:44:18.000000;2016-03-13T05:44:18.000000;50df5a1e-f5c1-42a4-9872-b7729fe4749f;413.45;0.04253819;UNKNOWN
2016-03-13T05:44:20.000000;2016-03-13T05:44:20.000000;335f4ed2-dab3-401a-8b19-6b116ab5c593;413.13;0.5;UNKNOWN
2016-03-13T05:44:20.000000;2016-03-13T05:44:20.000000;008d2e23-d20b-4e30-96f4-c1893752cae1;413.15;0.04234751;UNKNOWN
2016-03-13T05:44:20.000000;2016-03-13T05:44:20.000000;c124cb48-d9d9-40eb-89ef-a9b3b8679c4d;413.13;0.2227197;UNKNOWN
2016-03-13T05:44:20.000000;2016-03-13T05:44:20.000000;eecf077e-3156-4c6a-90b2-30bd73fd1f5e;413.15;0.06391528;UNKNOWN
2016-03-13T05:44:20.000000;2016-03-13T05:44:20.000000;65127771-87fe-4b06-8522-61647ff94ad4;413.15;0.04234751;UNKNOWN
2016-03-13T05:44:20.000000;2016-03-13T05:44:20.000000;b373f871-059e-4d37-8351-9cd0403e8db6;413.26;0.04987;UNKNOWN
2016-03-13T05:44:20.000000;2016-03-13T05:44:20.000000;a414bba6-a064-4f83-9e23-2a6fc3390cbb;413.3;6.0;UNKNOWN
2016-03-13T05:44:21.000000;2016-03-13T05:44:21.000000;5ba2871c-1079-4308-963b-cbc00dfda1ca;413.29;0.0730842;UNKNOWN
2016-03-13T05:44:23.000000;2016-03-13T05:44:23.000000;ac765fc0-5c20-4890-8967-62575f058edf;413.31;0.0424288;UNKNOWN
2016-03-13T05:44:24.000000;2016-03-13T05:44:24.000000;df23b414-1559-46a0-9c09-001c24c84ead;413.31;0.0424288;UNKNOWN
2016-03-13T05:44:25.000000;2016-03-13T05:44:25.000000;db6bc27d-0472-463b-8015-7b8a5670e9f3;413.31;0.0424288;UNKNOWN
2016-03-13T05:44:25.000000;2016-03-13T05:44:25.000000;48ca41ef-41fe-4bcd-b25e-07674eb38269;413.31;0.0424288;UNKNOWN
2016-03-13T05:44:26.000000;2016-03-13T05:44:26.000000;60801b1e-2dca-4e60-abf7-23e160853c89;413.3;0.0424288;UNKNOWN
2016-03-13T05:44:30.000000;2016-03-13T05:44:30.000000;8e04f325-25c6-45d4-a0ec-6eb556843bfc;413.3;0.13829826;UNKNOWN
2016-03-13T05:44:56.000000;2016-03-13T05:44:56.000000;de0ea5ac-8f5e-47c8-acf3-acb6d30093c6;413.05;3.05;UNKNOWN
2016-03-13T05:45:09.000000;2016-03-13T05:45:09.000000;27260eb4-8340-45ad-9f4e-210f0284adf0;413.04;1.5;UNKNOWN
2016-03-13T05:45:09.000000;2016-03-13T05:45:09.000000;677e7380-5b6f-4961-9f0f-796e7731ce9c;413.04;0.5;UNKNOWN
2016-03-13T05:45:16.000000;2016-03-13T05:45:16.000000;ed13ed73-d1e8-48c8-abfc-e724209b0f45;413.06;0.5;UNKNOWN
2016-03-13T05:45:16.000000;2016-03-13T05:45:16.000000;3ae73d9b-091d-4c67-920d-1b6497488a9c;413.06;1.5;UNKNOWN
2016-03-13T05:45:46.000000;2016-03-13T05:45:46.000000;fac9d44d-d4f2-4ab2-88de-4015e018f80e;413.01;2.0;UNKNOWN
2016-03-13T05:45:56.000000;2016-03-13T05:45:56.000000;8cebf8c3-7a5e-44f9-ae3a-b48e3f2d748d;413.0;8.0945;UNKNOWN
2016-03-13T05:45:56.000000;2016-03-13T05:45:56.000000;dd825551-3178-47ab-a683-528301d460c8;413.01;6.71;UNKNOWN
2016-03-13T05:46:04.000000;2016-03-13T05:46:04.000000;5ab68112-23ab-40b8-904e-73a549227a2e;413.0;9.75322;UNKNOWN
2016-03-13T05:46:05.000000;2016-03-13T05:46:05.000000;68841d6c-9540-4b9a-8617-90e3925d067a;413.01;0.58;UNKNOWN
2016-03-13T05:46:10.000000;2016-03-13T05:46:10.000000;82310d32-16d7-4fc7-9d77-e1b1946c48c2;413.01;7.69;UNKNOWN
2016-03-13T05:46:10.000000;2016-03-13T05:46:10.000000;7796f1f5-ccdf-47cd-84b0-eb36f2b50a5d;413.0;6.9842;UNKNOWN
2016-03-13T05:46:31.000000;2016-03-13T05:46:31.000000;a44c7c9d-e617-46f5-bf2a-3be29b7f6c12;413.0;1.0;UNKNOWN
2016-03-13T05:46:41.000000;2016-03-13T05:46:41.000000;fb8b9236-d61b-4c5f-a4aa-6f1004766cd9;413.0;3.59376;UNKNOWN
2016-03-13T05:46:51.000000;2016-03-13T05:46:51.000000;b1c75445-645c-46dd-89e0-e4b684791bdf;412.86;5.9985;UNKNOWN
2016-03-13T05:46:51.000000;2016-03-13T05:46:51.000000;e3847ad2-f3f1-4cc7-8051-f9b1c4d50d7c;412.89;0.017051;UNKNOWN
2016-03-13T05:46:51.000000;2016-03-13T05:46:51.000000;cdfa492d-db30-4e90-a4aa-1e48016ea369;412.63;1.53578151;UNKNOWN
2016-03-13T05:46:51.000000;2016-03-13T05:46:51.000000;96ef2d3e-3545-4fb0-bcdd-eb1697853fa9;413.0;2.44866749;UNKNOWN
2016-03-13T05:48:12.000000;2016-03-13T05:48:12.000000;95d66bda-6b3d-4247-9715-3daebdfb2e2b;412.56;0.5;UNKNOWN
2016-03-13T05:48:12.000000;2016-03-13T05:48:12.000000;48a77fb4-df91-4fa6-b3d5-083d27e3e769;412.55;3.0;UNKNOWN
2016-03-13T05:48:12.000000;2016-03-13T05:48:12.000000;bfa4afaf-3353-461f-a946-c318dbcea4eb;412.54;6.008;UNKNOWN
2016-03-13T05:48:12.000000;2016-03-13T05:48:12.000000;cae193f8-aec2-4e48-9fdf-467bd85b93c8;412.53;0.492;UNKNOWN
2016-03-13T05:48:15.000000;2016-03-13T05:48:15.000000;98f4567c-91f5-451e-8443-04e211c7c0f1;412.53;4.95123;UNKNOWN
2016-03-13T05:48:15.000000;2016-03-13T05:48:15.000000;eaca2303-a367-4b4a-9a33-163678e6c245;412.26;5.04877;UNKNOWN
2016-03-13T05:48:21.000000;2016-03-13T05:48:21.000000;3bd7f96d-8148-44e5-b16d-eed2f072f8dc;412.21;0.065524;UNKNOWN
2016-03-13T05:48:21.000000;2016-03-13T05:48:21.000000;74e1b199-d13b-4f40-9b67-8617b39b48d0;412.22;0.03340833;UNKNOWN
2016-03-13T05:48:21.000000;2016-03-13T05:48:21.000000;923c2e2f-4f48-4057-bd07-d055187c5f38;412.21;0.90106767;UNKNOWN
2016-03-13T05:48:27.000000;2016-03-13T05:48:27.000000;63ea75e7-6556-403e-984e-e53578b39c45;412.16;1.19868932;UNKNOWN
2016-03-13T05:48:27.000000;2016-03-13T05:48:27.000000;0eedafdf-6b75-4b2f-99d4-9e07a901511c;412.22;0.03340833;UNKNOWN
2016-03-13T05:48:27.000000;2016-03-13T05:48:27.000000;39223a20-49c7-4f21-a349-a0a0eef42918;412.21;3.76790235;UNKNOWN
2016-03-13T05:48:34.000000;2016-03-13T05:48:34.000000;afff7e91-4cc6-44a8-bf00-2e77a24fc1e8;412.17;0.02765421;UNKNOWN
2016-03-13T05:48:34.000000;2016-03-13T05:48:34.000000;d1519d2d-2da8-4865-b052-f659783d2a94;412.1;1.83396687;UNKNOWN
2016-03-13T05:48:34.000000;2016-03-13T05:48:34.000000;cef35315-b3ca-4331-a199-11f57a133e13;412.15;4.66897002;UNKNOWN
2016-03-13T05:48:34.000000;2016-03-13T05:48:34.000000;3aacc65c-93c3-4e3f-87a4-a065f5a66f5d;412.16;3.4694089;UNKNOWN
2016-03-13T05:48:35.000000;2016-03-13T05:48:35.000000;b0dc0ad8-edec-4a8a-978c-faa8357946f0;412.11;10.0;UNKNOWN
2016-03-13T05:48:38.000000;2016-03-13T05:48:38.000000;23bf3aa7-a5a7-4aec-a2f2-68a380352f29;412.0;2.49602649;UNKNOWN
2016-03-13T05:48:38.000000;2016-03-13T05:48:38.000000;3f3e28d7-9f59-411a-b4f3-9902806f0d85;412.03;4.66984216;UNKNOWN
2016-03-13T05:48:38.000000;2016-03-13T05:48:38.000000;a0407e2a-12db-46aa-9ecd-45bb09fe004c;412.1;2.83413135;UNKNOWN
2016-03-13T05:48:40.000000;2016-03-13T05:48:40.000000;71537343-55fb-49ea-92b9-2b2cf95241ef;412.0;10.0;UNKNOWN
2016-03-13T05:48:42.000000;2016-03-13T05:48:42.000000;872bb084-2d76-4f2a-bdfd-a35c2889de75;412.0;9.98669131;UNKNOWN
2016-03-13T05:48:42.000000;2016-03-13T05:48:42.000000;87f237a1-4951-44ab-809e-25af2f707106;412.01;0.01330869;UNKNOWN
2016-03-13T05:48:44.000000;2016-03-13T05:48:44.000000;50749b9b-21bf-4ae9-a047-49a07a6118e6;412.01;0.01330869;UNKNOWN
2016-03-13T05:48:44.000000;2016-03-13T05:48:44.000000;2ffda34b-b9ce-4382-b0fd-11da56ef1f62;412.0;6.5172822;UNKNOWN
2016-03-13T05:48:44.000000;2016-03-13T05:48:44.000000;772b944b-dd2b-4beb-8a04-cd2fdf90a6d5;411.96;3.46940911;UNKNOWN
2016-03-13T05:48:45.000000;2016-03-13T05:48:45.000000;463f6034-0820-4c1c-ae01-76fa3d3fa430;411.94;4.66907902;UNKNOWN
2016-03-13T05:48:45.000000;2016-03-13T05:48:45.000000;fab8ddb6-d6ed-4d38-b4fc-4eb27d84b5de;411.87;4.13048793;UNKNOWN
2016-03-13T05:48:45.000000;2016-03-13T05:48:45.000000;8b835b26-e6a4-48df-9144-2f2d1f92e2de;411.96;1.20043305;UNKNOWN
2016-03-13T05:48:46.000000;2016-03-13T05:48:46.000000;1056e662-7d58-46f7-8090-5d12748a6a8e;411.87;0.53908165;UNKNOWN
2016-03-13T05:48:46.000000;2016-03-13T05:48:46.000000;69019065-a5b7-465d-9437-bfb7901477ab;411.62;4.67016929;UNKNOWN
2016-03-13T05:48:46.000000;2016-03-13T05:48:46.000000;ea96e1c0-fe79-467c-9fad-6573b73ee6dd;411.46;0.12117948;UNKNOWN
2016-03-13T05:48:46.000000;2016-03-13T05:48:46.000000;d20bec67-52dd-48e8-a996-e32c8ed0abf4;411.65;4.66956958;UNKNOWN
2016-03-13T05:49:08.000000;2016-03-13T05:49:08.000000;0915f58d-8f45-42ea-8621-982562c627a0;411.26;13.5287;UNKNOWN
2016-03-13T05:49:08.000000;2016-03-13T05:49:08.000000;031a9cdc-0e94-44ff-9dd7-edf0dc261344;411.74;6.041;UNKNOWN
2016-03-13T05:49:08.000000;2016-03-13T05:49:08.000000;d52ea288-9e9c-4910-9427-71e9226ed12e;411.5;15.9626;UNKNOWN
2016-03-13T05:49:08.000000;2016-03-13T05:49:08.000000;771e79c9-4857-4c88-b2b7-f34e2abd5ebe;411.25;9.5;UNKNOWN
2016-03-13T05:49:08.000000;2016-03-13T05:49:08.000000;e6f69673-78be-44bd-9267-bf2ed2966d47;411.73;9.20211;UNKNOWN
2016-03-13T05:49:08.000000;2016-03-13T05:49:08.000000;1a8e5420-ae17-4b61-8c02-8c8e7f63b53f;411.74;0.01340749;UNKNOWN
2016-03-13T05:49:08.000000;2016-03-13T05:49:08.000000;6d023e89-c7d2-4c79-b8fa-ee5ff5d0f61e;411.24;6.75218251;UNKNOWN
2016-03-13T05:49:13.000000;2016-03-13T05:49:13.000000;1247f1fc-f2f2-4339-bdb6-75363529453d;411.9;0.01335821;UNKNOWN
2016-03-13T05:51:51.000000;2016-03-13T05:51:51.000000;cc4c5087-28ab-4d2d-9eb1-c6e00d75e1c7;411.82;1.0;UNKNOWN
2016-03-13T05:52:11.000000;2016-03-13T05:52:11.000000;385eef18-20fe-4702-843b-7d57fcbd55ab;411.82;0.08413003;UNKNOWN
2016-03-13T05:52:11.000000;2016-03-13T05:52:11.000000;4cad5e19-acb7-4904-95a5-24f8780506cd;411.82;0.08394204;UNKNOWN
2016-03-13T05:52:11.000000;2016-03-13T05:52:11.000000;01a501c4-62c5-4b5c-a1fd-246b8973f0e2;411.82;0.08394204;UNKNOWN
2016-03-13T05:52:12.000000;2016-03-13T05:52:12.000000;6a03ff05-065b-468e-b75e-4c3da5462619;411.82;0.06987861;UNKNOWN
2016-03-13T05:52:13.000000;2016-03-13T05:52:13.000000;e02cbd47-3ddb-41c4-ae08-18da4d083aff;411.82;0.08394204;UNKNOWN
2016-03-13T05:52:33.000000;2016-03-13T05:52:33.000000;dc156e8d-9f1d-4603-9362-2017568deb6a;411.82;0.03344077;UNKNOWN
2016-03-13T05:55:07.000000;2016-03-13T05:55:07.000000;1a7960ba-3596-4824-8333-48ae2039b584;411.78;1.0;UNKNOWN
2016-03-13T06:00:16.000000;2016-03-13T06:00:16.000000;3df8507a-3a37-42c7-922e-2d709c347ebe;411.79;3.43427987;UNKNOWN
2016-03-13T06:00:16.000000;2016-03-13T06:00:16.000000;2ae28bf3-f8a3-49bc-a97b-ede50e974d26;411.79;6.0187;UNKNOWN
2016-03-13T06:00:16.000000;2016-03-13T06:00:16.000000;7f3b7e44-7882-4602-a647-2e60e8cf386b;411.79;0.04982013;UNKNOWN
2016-03-13T06:00:23.000000;2016-03-13T06:00:23.000000;f4370b85-0381-4651-aa6f-7e11aeb25000;412.02;5.0;UNKNOWN
2016-03-13T06:00:28.000000;2016-03-13T06:00:28.000000;14239981-c9c3-4a2e-a5ef-81991750d64b;411.8;0.14468525;UNKNOWN
2016-03-13T06:01:33.000000;2016-03-13T06:01:33.000000;6c7df4fe-04b4-49ae-a122-02c527815633;411.87;0.02840322;UNKNOWN
2016-03-13T06:03:14.000000;2016-03-13T06:03:14.000000;4187445c-44ce-4400-9142-3288f5bb67ad;411.86;0.03343753;UNKNOWN
2016-03-13T06:04:16.000000;2016-03-13T06:04:16.000000;a3fb1fa4-fb45-428c-82cf-56ab136553a3;411.85;0.05;UNKNOWN
2016-03-13T06:04:16.000000;2016-03-13T06:04:16.000000;62ef6c64-92a8-433c-a5a3-58863f82b811;411.85;0.04987;UNKNOWN
2016-03-13T06:04:23.000000;2016-03-13T06:04:23.000000;569b80ab-3a92-46e3-9bab-fe3cc7dc5525;411.62;0.088828;UNKNOWN
2016-03-13T06:05:01.000000;2016-03-13T06:05:01.000000;d57e4e37-bcb5-432c-9f97-11e95436efdf;411.62;1.4;UNKNOWN
2016-03-13T06:05:57.000000;2016-03-13T06:05:57.000000;a9fd83f7-007a-4d32-9124-95d633a776db;411.62;0.056753;UNKNOWN
2016-03-13T06:06:50.000000;2016-03-13T06:06:50.000000;c3677814-bb90-4020-a84f-7d30f187cfdd;411.62;0.71739779;UNKNOWN
2016-03-13T06:07:37.000000;2016-03-13T06:07:37.000000;17160cbf-2d15-483f-abcd-fc287ea5157c;411.62;0.015776;UNKNOWN
2016-03-13T06:08:42.000000;2016-03-13T06:08:42.000000;ed7574a1-1fcb-4398-8cae-8e198c670e5d;411.62;1.0;UNKNOWN
2016-03-13T06:09:18.000000;2016-03-13T06:09:18.000000;a22e1392-4540-420d-a5fb-598818a5c046;411.62;0.065247;UNKNOWN
2016-03-13T06:09:51.000000;2016-03-13T06:09:51.000000;25a998f8-177e-4d1b-835c-41644ee2b0a3;411.62;0.2;UNKNOWN
2016-03-13T06:10:29.000000;2016-03-13T06:10:29.000000;2e9220de-1c15-4428-bdb7-4ac16240739e;411.63;0.0164;UNKNOWN
2016-03-13T06:10:44.000000;2016-03-13T06:10:44.000000;cc3c4566-524b-435e-8132-02681de83ac1;411.63;0.03342013;UNKNOWN
2016-03-13T06:10:44.000000;2016-03-13T06:10:44.000000;fe66c2f2-013d-4dcc-afda-9b9aca7c8573;411.68;0.02657987;UNKNOWN
2016-03-13T06:10:57.000000;2016-03-13T06:10:57.000000;169fc63d-9a47-41e2-926d-1ea3b5f90680;411.62;0.039106;UNKNOWN
2016-03-13T06:11:38.000000;2016-03-13T06:11:38.000000;18cfc3f8-f88c-41a4-a701-98077e949a66;412.14;0.12384136;UNKNOWN
2016-03-13T06:11:48.000000;2016-03-13T06:11:48.000000;3a501690-1567-424c-8a48-6e51afb9dff3;412.15;0.25;UNKNOWN
2016-03-13T06:11:49.000000;2016-03-13T06:11:49.000000;cec76359-c0e3-48a8-8591-92392a559c7c;411.66;0.00988;UNKNOWN
2016-03-13T06:11:49.000000;2016-03-13T06:11:49.000000;7665d070-218d-4a8f-855c-27e22a509781;412.14;0.04987;UNKNOWN
2016-03-13T06:12:20.000000;2016-03-13T06:12:20.000000;50f3e74e-eec9-4be3-8741-1de32783f737;411.75;2.18867124;UNKNOWN
2016-03-13T06:14:08.000000;2016-03-13T06:14:08.000000;8996c33e-fac2-4963-a224-7e3c1e494263;412.04;0.0127;UNKNOWN
2016-03-13T06:14:49.000000;2016-03-13T06:14:49.000000;a5f11274-627d-472e-a30f-776cf0bd1aae;411.81;1.7343;UNKNOWN
2016-03-13T06:14:49.000000;2016-03-13T06:14:49.000000;76071061-9b11-488a-9b40-1a48ed07c432;412.03;6.0657;UNKNOWN
2016-03-13T06:15:07.000000;2016-03-13T06:15:07.000000;842e3104-022c-41dd-a95d-e2e1ab3ab9fa;412.03;0.06608452;UNKNOWN
2016-03-13T06:16:43.000000;2016-03-13T06:16:43.000000;a83b5621-1a6c-4525-a853-77160af6dcd1;412.04;0.03712013;UNKNOWN
2016-03-13T06:16:43.000000;2016-03-13T06:16:43.000000;47e00a61-9618-4c25-a3b3-8ce3fc327d95;412.05;0.07057987;UNKNOWN
2016-03-13T06:21:25.000000;2016-03-13T06:21:25.000000;d2dc16be-2b64-4fb2-84a3-b8a429a3becb;412.06;0.106006;UNKNOWN
2016-03-13T06:21:33.000000;2016-03-13T06:21:33.000000;d855dcf7-afe4-4915-911b-91de55bfd271;412.07;3.0;UNKNOWN
2016-03-13T06:21:34.000000;2016-03-13T06:21:34.000000;76a3ceff-eca5-4d88-8b48-213bc316a195;412.07;0.01314;UNKNOWN
2016-03-13T06:22:23.000000;2016-03-13T06:22:23.000000;edc86f7a-3e2a-4337-b108-7422aff277c1;412.07;0.96327;UNKNOWN
2016-03-13T06:22:23.000000;2016-03-13T06:22:23.000000;27c6a7a1-bcb6-4a38-868e-a34cd0fbd96b;412.07;0.03673;UNKNOWN
2016-03-13T06:22:27.000000;2016-03-13T06:22:27.000000;66779761-ce52-4961-942c-7c7cf4f563b6;412.2;0.03339616;UNKNOWN
2016-03-13T06:22:35.000000;2016-03-13T06:22:35.000000;95eed31d-43e7-4472-a678-ba38af1fffdd;412.15;0.17649607;UNKNOWN
2016-03-13T06:22:47.000000;2016-03-13T06:22:47.000000;0dfcdf44-f2c8-4c79-9cd2-66828f71a793;412.14;0.10748059;UNKNOWN
2016-03-13T06:22:47.000000;2016-03-13T06:22:47.000000;4d6c191a-86f6-43d6-9015-88383af2d6fe;412.07;0.021221;UNKNOWN
2016-03-13T06:22:47.000000;2016-03-13T06:22:47.000000;01b526d8-d9a5-4cdf-9030-56eea386f2a4;412.08;0.04982013;UNKNOWN
2016-03-13T06:22:54.000000;2016-03-13T06:22:54.000000;81393e7a-4b41-4bfd-a81e-37ea2329d6ed;412.14;0.11904192;UNKNOWN
2016-03-13T06:22:54.000000;2016-03-13T06:22:54.000000;6b0a0437-ab43-47e6-926b-427f70a22997;412.07;0.0211362;UNKNOWN
2016-03-13T06:22:54.000000;2016-03-13T06:22:54.000000;bbb55bde-8529-47dc-87a4-b82065c08807;412.06;0.0594798;UNKNOWN
2016-03-13T06:22:58.000000;2016-03-13T06:22:58.000000;e4d595f7-198d-4490-a9a4-96418a947674;412.13;0.13726972;UNKNOWN
2016-03-13T06:22:58.000000;2016-03-13T06:22:58.000000;fb736f78-cd04-490d-9ab6-676f35d0ec3e;412.08;0.041252;UNKNOWN
2016-03-13T06:23:04.000000;2016-03-13T06:23:04.000000;f0ed7b55-25bd-4d99-9d50-3e586aa31434;412.11;0.1790282;UNKNOWN
2016-03-13T06:23:05.000000;2016-03-13T06:23:05.000000;bd46133a-10d8-4e4c-ab02-8cf8dc8a0d1f;412.08;0.04108716;UNKNOWN
2016-03-13T06:23:05.000000;2016-03-13T06:23:05.000000;02caef24-acfd-4dcf-b51a-81047b1f057c;412.06;0.01090284;UNKNOWN
2016-03-13T06:23:07.000000;2016-03-13T06:23:07.000000;80a74929-cd7f-4995-ad61-67cbb50db487;412.1;0.18035654;UNKNOWN
2016-03-13T06:23:09.000000;2016-03-13T06:23:09.000000;134dd0c6-56c9-4824-9059-4675188af51d;412.09;0.18138305;UNKNOWN
2016-03-13T06:23:13.000000;2016-03-13T06:23:13.000000;05adcec9-57ed-4f64-bfc8-a5e90c704e3c;412.09;0.18189638;UNKNOWN
2016-03-13T06:23:16.000000;2016-03-13T06:23:16.000000;82de46b2-857c-4a62-a791-f26c3dcb05ab;412.09;0.11132069;UNKNOWN
2016-03-13T06:24:06.000000;2016-03-13T06:24:06.000000;205fcfa4-1cf3-4006-9503-8d3d0169343f;412.04;7.17869891;UNKNOWN
2016-03-13T06:24:06.000000;2016-03-13T06:24:06.000000;16a529b7-6a4d-4c09-a6ff-b6a1c694e43d;412.05;1.0071;UNKNOWN
2016-03-13T06:24:06.000000;2016-03-13T06:24:06.000000;8cd55898-0da2-4c6d-a4db-2dc9890a21b4;412.06;5.9791;UNKNOWN
2016-03-13T06:24:06.000000;2016-03-13T06:24:06.000000;0068b428-68b7-42ec-9a4b-b94de77d206a;412.06;0.03989;UNKNOWN
2016-03-13T06:28:10.000000;2016-03-13T06:28:10.000000;a7f2d501-c632-4740-9257-81feca9414cf;412.07;0.02403672;UNKNOWN
2016-03-13T06:28:43.000000;2016-03-13T06:28:43.000000;b2c802ee-4029-44f4-9ce0-f45b8f2a31ab;412.07;0.090839;UNKNOWN
2016-03-13T06:29:09.000000;2016-03-13T06:29:09.000000;ac4ab55b-30e7-4ee2-95d8-830cab28818b;412.06;0.19725289;UNKNOWN
2016-03-13T06:31:07.000000;2016-03-13T06:31:07.000000;f6f60a9a-e4a6-4733-91de-f4b9b6802e49;412.07;0.23958;UNKNOWN
2016-03-13T06:32:36.000000;2016-03-13T06:32:36.000000;71f7dc9c-a33c-4c0b-924d-0dfec90e5dbb;411.64;12.0322;UNKNOWN
2016-03-13T06:32:36.000000;2016-03-13T06:32:36.000000;d54bc3ea-c15c-469a-b26d-ca293a424248;411.8;13.2174;UNKNOWN
2016-03-13T06:32:36.000000;2016-03-13T06:32:36.000000;6a06543b-69d8-447a-a005-6aff19839840;412.06;0.43931668;UNKNOWN
2016-03-13T06:32:36.000000;2016-03-13T06:32:36.000000;9f04ecfd-4d40-40f1-b9b2-81655f37802a;412.06;6.0479;UNKNOWN
2016-03-13T06:32:36.000000;2016-03-13T06:32:36.000000;cb9eaf7d-733e-4d5d-ba21-a47a8a132c20;412.06;14.32274711;UNKNOWN
2016-03-13T06:32:36.000000;2016-03-13T06:32:36.000000;4716ef46-68d4-4cd7-aafd-bdbdcba8a21d;411.63;3.72483512;UNKNOWN
2016-03-13T06:32:36.000000;2016-03-13T06:32:36.000000;2a6c0e35-6f24-4951-9512-b9fc33f7910b;411.84;18.3148;UNKNOWN
2016-03-13T06:32:36.000000;2016-03-13T06:32:36.000000;0be33a40-c3f7-4c7f-bbab-68574d0b859e;411.95;13.1507;UNKNOWN
2016-03-13T06:32:36.000000;2016-03-13T06:32:36.000000;9cd5ec7a-0d22-4c79-93c3-c79f0f341b98;412.04;2.83130109;UNKNOWN
2016-03-13T06:32:36.000000;2016-03-13T06:32:36.000000;cf5e15a9-1ae7-4e5e-a024-b90fc23fe059;411.83;15.9188;UNKNOWN
2016-03-13T06:33:00.000000;2016-03-13T06:33:00.000000;dcf2963e-9996-456c-8db0-d58b38d564cf;411.63;2.0;UNKNOWN
2016-03-13T06:35:13.000000;2016-03-13T06:35:13.000000;eb2c3196-4351-4978-ba3d-0607a4cd2c61;411.87;3.0;UNKNOWN
2016-03-13T06:35:13.000000;2016-03-13T06:35:13.000000;0423acf5-dbf4-41bb-9278-06b3753aa4a7;411.77;0.05075295;UNKNOWN
2016-03-13T06:35:13.000000;2016-03-13T06:35:13.000000;282be687-eb52-4058-9db4-8c4b259d1612;411.88;6.0378;UNKNOWN
2016-03-13T06:35:13.000000;2016-03-13T06:35:13.000000;6105c4e8-5635-4ac4-8ad5-cd0e9d688b9f;411.87;0.5;UNKNOWN
2016-03-13T06:35:13.000000;2016-03-13T06:35:13.000000;6e3732a5-8f50-40a8-a995-c915126e394f;412.04;10.8579;UNKNOWN
2016-03-13T06:35:13.000000;2016-03-13T06:35:13.000000;22d021e0-7072-4137-a130-cf37639e8075;412.06;12.0;UNKNOWN
2016-03-13T06:35:13.000000;2016-03-13T06:35:13.000000;2e4dbcf8-246d-4238-a69f-02ac2a5aea26;412.07;12.245;UNKNOWN
2016-03-13T06:35:13.000000;2016-03-13T06:35:13.000000;5393c07f-eff7-4c14-91e8-a2d58e3174fb;412.04;6.0;UNKNOWN
2016-03-13T06:35:28.000000;2016-03-13T06:35:28.000000;db31218e-27ab-402a-8bc5-f0c24316c385;412.13;0.56333694;UNKNOWN
2016-03-13T06:42:07.000000;2016-03-13T06:42:07.000000;8f50f325-e73b-4778-bdee-f0af6f37a6b5;412.82;0.07887823;UNKNOWN
2016-03-13T06:46:05.000000;2016-03-13T06:46:05.000000;3d5ed5a6-6f42-459b-a969-eb79d96c6ad3;413.39;4.66973312;UNKNOWN
2016-03-13T06:46:05.000000;2016-03-13T06:46:05.000000;e9e616ad-1cd5-4fed-bf28-f6175c1f6b43;413.16;11.8228;UNKNOWN
2016-03-13T06:46:05.000000;2016-03-13T06:46:05.000000;9ee38f35-39cf-460e-9761-ef53eacf99b5;413.42;3.0;UNKNOWN
2016-03-13T06:46:05.000000;2016-03-13T06:46:05.000000;6e57538f-7667-4988-be18-268ebc5b4859;413.32;4.66973312;UNKNOWN
2016-03-13T06:46:05.000000;2016-03-13T06:46:05.000000;6400aba9-420e-49f4-9817-b3da2e60fadf;413.31;12.8692848;UNKNOWN
2016-03-13T06:46:05.000000;2016-03-13T06:46:05.000000;aa6ea4a7-ea17-49f5-a311-218428f4b71f;412.97;4.66973312;UNKNOWN
2016-03-13T06:46:05.000000;2016-03-13T06:46:05.000000;3086f561-ef09-4484-b8d5-53b208831e2d;412.87;0.10757792;UNKNOWN
2016-03-13T06:46:05.000000;2016-03-13T06:46:05.000000;307893de-4975-4f0f-9f67-33c74c72479f;413.1;12.0862;UNKNOWN
2016-03-13T06:46:05.000000;2016-03-13T06:46:05.000000;e4807fd3-be46-4a66-bc1b-1c965bd7f346;413.12;4.66967861;UNKNOWN
2016-03-13T06:46:05.000000;2016-03-13T06:46:05.000000;258c72e4-7c85-4d5b-b8b5-79b529de2af8;412.81;18.96;UNKNOWN
2016-03-13T06:46:05.000000;2016-03-13T06:46:05.000000;31b13503-0d2c-46bf-a735-5af2cf78f76e;413.19;4.66967861;UNKNOWN
2016-03-13T06:46:05.000000;2016-03-13T06:46:05.000000;cc75f5e4-0e64-4ae6-a403-f31b78821363;412.89;4.66973312;UNKNOWN
2016-03-13T06:46:05.000000;2016-03-13T06:46:05.000000;295dc774-8f92-4f3f-9d49-7bc5ceb4b7f7;413.26;4.66973312;UNKNOWN
2016-03-13T06:46:05.000000;2016-03-13T06:46:05.000000;1cd2c215-c2fd-4183-ab2b-281f9edd34cf;413.05;4.66973312;UNKNOWN
2016-03-13T06:46:05.000000;2016-03-13T06:46:05.000000;6cca3d2c-feae-42c3-8691-36c58caada29;413.46;13.62450314;UNKNOWN
2016-03-13T06:46:05.000000;2016-03-13T06:46:05.000000;7b21201c-d088-4de6-b60b-77e8916777f3;412.82;4.59085489;UNKNOWN
2016-03-13T06:46:11.000000;2016-03-13T06:46:11.000000;a6574051-310e-44fb-9047-3975b5b6e27e;413.52;3.0;UNKNOWN
2016-03-13T06:46:11.000000;2016-03-13T06:46:11.000000;f2f55056-e03b-493d-a249-9bedf803b937;413.51;0.04987;UNKNOWN
2016-03-13T06:46:11.000000;2016-03-13T06:46:11.000000;84a952e9-f36f-48c7-8a8f-062b1237cd80;412.92;5.89730669;UNKNOWN
2016-03-13T06:46:11.000000;2016-03-13T06:46:11.000000;9857bcc5-2717-4c07-a5cb-4afa6ea33084;413.51;5.48102331;UNKNOWN
2016-03-13T06:46:16.000000;2016-03-13T06:46:16.000000;f5814742-81ef-4d70-9d3d-a6354a2bde79;413.38;1.7;UNKNOWN
2016-03-13T06:46:20.000000;2016-03-13T06:46:20.000000;c256d73e-4af7-41f0-abcc-654fa1c871dd;413.38;0.90954066;UNKNOWN
2016-03-13T06:46:23.000000;2016-03-13T06:46:23.000000;bd08b34f-a9d7-4102-b48f-e0936fdbed08;412.82;4.7168;UNKNOWN
2016-03-13T06:46:23.000000;2016-03-13T06:46:23.000000;8597b4b7-4a9a-4178-8fe5-84407ded9bce;412.98;3.0;UNKNOWN
2016-03-13T06:46:23.000000;2016-03-13T06:46:23.000000;3d8b4f47-2600-4cfb-a0a0-6508764e6233;412.98;0.5;UNKNOWN
2016-03-13T06:46:23.000000;2016-03-13T06:46:23.000000;51c67480-c84b-47ae-92bc-345560eeb169;412.97;6.0471;UNKNOWN
2016-03-13T06:46:32.000000;2016-03-13T06:46:32.000000;c40c04e5-e1f0-49ee-8e1a-f3858a76def1;413.0;15.0;UNKNOWN
2016-03-13T06:46:42.000000;2016-03-13T06:46:42.000000;df498f8f-cb5c-4e3b-86f8-da611f3bf40f;413.02;5.965;UNKNOWN
2016-03-13T06:46:42.000000;2016-03-13T06:46:42.000000;992d041b-6f98-4bcd-bc11-f2dd95d51235;413.0;4.035;UNKNOWN
2016-03-13T06:46:48.000000;2016-03-13T06:46:48.000000;7bc32f40-b77e-4c9c-ae15-2a529108e741;413.0;0.865;UNKNOWN
2016-03-13T06:46:48.000000;2016-03-13T06:46:48.000000;5eb23f1f-bf91-40f1-843b-22bc0ea18c86;413.0;13.5428;UNKNOWN
2016-03-13T06:46:55.000000;2016-03-13T06:46:55.000000;87b5cb41-4dbd-4705-bc92-7c20af9962d4;413.0;6.3572;UNKNOWN
2016-03-13T06:46:55.000000;2016-03-13T06:46:55.000000;e8f703a2-feea-4343-8e97-928967afe5db;412.5;7.9945;UNKNOWN
2016-03-13T06:47:35.000000;2016-03-13T06:47:35.000000;9e37c8b5-5559-47ee-9374-3d99c9bdb2ab;412.95;12.0;UNKNOWN
2016-03-13T06:47:35.000000;2016-03-13T06:47:35.000000;d10e0639-40fa-442f-8749-40f27e050392;412.92;0.5;UNKNOWN
2016-03-13T06:47:35.000000;2016-03-13T06:47:35.000000;d208b667-c99f-44a3-a676-c9d8e3936251;412.93;3.0;UNKNOWN
2016-03-13T06:47:35.000000;2016-03-13T06:47:35.000000;427910bf-ad88-47d8-baf3-31a47d23b0cd;412.92;0.04982013;UNKNOWN
2016-03-13T06:47:35.000000;2016-03-13T06:47:35.000000;c05a58a4-7255-4160-9da0-8ea0102eff51;412.94;6.0;UNKNOWN
2016-03-13T06:48:10.000000;2016-03-13T06:48:10.000000;c869c5cb-50f6-45f3-948e-1d914c8fc942;413.04;0.22857417;UNKNOWN
2016-03-13T06:49:46.000000;2016-03-13T06:49:46.000000;85a3bc1b-0b1e-4c8d-b7ac-b9a067d5fe09;413.06;0.39;UNKNOWN
2016-03-13T06:50:08.000000;2016-03-13T06:50:08.000000;980b54ce-ff7a-4291-af54-23d2096af01c;413.06;0.4116;UNKNOWN
2016-03-13T06:50:08.000000;2016-03-13T06:50:08.000000;685e2f01-836c-4173-8416-7efd61fa5e20;413.06;0.61;UNKNOWN
2016-03-13T06:50:50.000000;2016-03-13T06:50:50.000000;df9de62b-38e3-4d02-921a-845d4d2b6be9;413.22;0.09045934;UNKNOWN
2016-03-13T06:52:10.000000;2016-03-13T06:52:10.000000;1a7ca04b-7645-4ca5-873d-71c0e5f5b5cc;413.54;2.0;UNKNOWN
2016-03-13T06:52:50.000000;2016-03-13T06:52:50.000000;2ed54e4b-dbb9-4165-92f3-7a51a35c7775;413.59;1.0;UNKNOWN
2016-03-13T06:52:50.000000;2016-03-13T06:52:50.000000;611efd61-e29c-4f13-8ea8-3de49616a58d;413.58;0.91053;UNKNOWN
2016-03-13T06:52:50.000000;2016-03-13T06:52:50.000000;f7a62b7f-6f40-44d4-aa2d-b74ad5010609;413.58;1.0;UNKNOWN
2016-03-13T06:53:02.000000;2016-03-13T06:53:02.000000;faa57e3b-4045-4a3e-a3cc-62a28040cf83;413.58;0.025;UNKNOWN
2016-03-13T06:53:24.000000;2016-03-13T06:53:24.000000;1a1ae187-a852-4e00-8d6d-8c5714ad6236;413.58;1.0;UNKNOWN
2016-03-13T06:53:50.000000;2016-03-13T06:53:50.000000;da8f8620-5530-42bb-bc39-9804462434fa;413.58;1.0;UNKNOWN
2016-03-13T06:53:54.000000;2016-03-13T06:53:54.000000;e5e62263-1e7a-42a5-b1e2-f2b992255c3b;413.59;5.96;UNKNOWN
2016-03-13T06:53:54.000000;2016-03-13T06:53:54.000000;098d7a75-29b9-4979-b62c-7526e2a9c200;413.59;4.66951507;UNKNOWN
2016-03-13T06:53:54.000000;2016-03-13T06:53:54.000000;0fab7f65-33ec-427d-969b-466d8102535e;413.59;15.0;UNKNOWN
2016-03-13T06:53:54.000000;2016-03-13T06:53:54.000000;7c0426dd-7d62-41f0-b8c5-7d17669a5b2d;413.59;3.32;UNKNOWN
2016-03-13T06:53:54.000000;2016-03-13T06:53:54.000000;a80220de-7d0a-49ce-bc06-4d3ef6b6164e;413.59;4.66951507;UNKNOWN
2016-03-13T06:53:54.000000;2016-03-13T06:53:54.000000;9025304e-01a1-4a22-afd1-3831c82571dd;413.6;1.00095431;UNKNOWN
2016-03-13T06:53:54.000000;2016-03-13T06:53:54.000000;c1fcd27e-2b08-42ea-94d9-177775983cd7;413.6;13.5387;UNKNOWN
2016-03-13T06:54:31.000000;2016-03-13T06:54:31.000000;fa4b9947-7290-446c-ba4e-d7256f702440;413.6;0.04987;UNKNOWN
2016-03-13T06:54:31.000000;2016-03-13T06:54:31.000000;fa107a3c-2708-4bc3-9669-5a0481fa8634;413.58;0.05013;UNKNOWN
2016-03-13T06:57:05.000000;2016-03-13T06:57:05.000000;01c500ca-472b-4cef-8f84-576edd34e816;413.59;1.43768326;UNKNOWN
2016-03-13T06:57:06.000000;2016-03-13T06:57:06.000000;30e01e05-8b22-4b28-b741-06c63b378537;413.58;1.0;UNKNOWN
2016-03-13T06:57:07.000000;2016-03-13T06:57:07.000000;f325f8a5-0354-4290-9031-5768974a03e3;413.59;0.01;UNKNOWN
2016-03-13T06:57:13.000000;2016-03-13T06:57:13.000000;db7cd811-1345-4f8c-9f2e-c62d6670a5e6;413.58;0.98566;UNKNOWN
2016-03-13T06:57:13.000000;2016-03-13T06:57:13.000000;6770baa7-ddeb-4240-a3c5-d9e53683176a;413.58;0.01434;UNKNOWN
2016-03-13T06:57:26.000000;2016-03-13T06:57:26.000000;983ff7ab-4259-4383-b05b-5b5ec39593e4;413.58;1.0;UNKNOWN
2016-03-13T06:57:32.000000;2016-03-13T06:57:32.000000;5e9ecff9-16be-4a20-8801-1fb586e6f82f;413.58;1.0;UNKNOWN
2016-03-13T06:57:39.000000;2016-03-13T06:57:39.000000;fa82641b-3bd1-4767-88cf-90d6f4e41f51;413.58;1.0;UNKNOWN
2016-03-13T06:57:53.000000;2016-03-13T06:57:53.000000;565d4d38-d006-4e5b-9e53-57af1a266136;413.58;1.0;UNKNOWN
2016-03-13T06:58:04.000000;2016-03-13T06:58:04.000000;b996926b-b531-4de6-b609-b34c68afeff3;413.58;0.01434;UNKNOWN
2016-03-13T06:59:07.000000;2016-03-13T06:59:07.000000;a0155761-e784-4947-9a20-0e6a35294300;413.37;0.03331539;UNKNOWN
2016-03-13T06:59:08.000000;2016-03-13T06:59:08.000000;c45ba212-68d5-4205-a4f0-afa57ea0c426;413.37;0.03331539;UNKNOWN
2016-03-13T06:59:08.000000;2016-03-13T06:59:08.000000;434d8887-c1a9-464c-9393-a635cfcba807;413.37;0.03331539;UNKNOWN
2016-03-13T06:59:09.000000;2016-03-13T06:59:09.000000;5f70172d-3e6c-4f51-9d9b-f698b41ce11a;413.37;0.03331539;UNKNOWN
2016-03-13T06:59:10.000000;2016-03-13T06:59:10.000000;e82b3760-551d-4af0-8428-a18d8cd3848e;413.37;0.01681065;UNKNOWN
2016-03-13T06:59:10.000000;2016-03-13T06:59:10.000000;07e0b8ce-1697-4fd4-80fe-374f7832ac78;413.37;0.01650474;UNKNOWN
2016-03-13T06:59:10.000000;2016-03-13T06:59:10.000000;ab11e071-80ff-4ccd-99fe-0d9b19fb1818;413.37;0.03331539;UNKNOWN
2016-03-13T06:59:11.000000;2016-03-13T06:59:11.000000;5770d656-5c76-4a72-996b-ebcb3b916cf4;413.37;0.03331539;UNKNOWN
2016-03-13T06:59:12.000000;2016-03-13T06:59:12.000000;d606f1b8-09b6-4327-95db-3afb957d9e66;413.37;0.03331539;UNKNOWN
2016-03-13T06:59:14.000000;2016-03-13T06:59:14.000000;6b54a327-7293-439c-94be-187a1a5a94bf;413.37;0.03331539;UNKNOWN
2016-03-13T06:59:16.000000;2016-03-13T06:59:16.000000;ec5a1178-b991-41c3-b291-b61666a8ab8b;413.37;0.03331539;UNKNOWN
2016-03-13T06:59:17.000000;2016-03-13T06:59:17.000000;b514e7fc-80be-4562-b92e-dbec7e5e05c6;413.37;0.03331539;UNKNOWN
2016-03-13T06:59:17.000000;2016-03-13T06:59:17.000000;cba63180-e29b-4b76-83f7-dc0db79783ac;413.37;0.03331539;UNKNOWN
2016-03-13T06:59:18.000000;2016-03-13T06:59:18.000000;3147d2c3-5116-4f7d-b10b-84e000d2d6a7;413.37;0.03331539;UNKNOWN
2016-03-13T06:59:19.000000;2016-03-13T06:59:19.000000;b58a1106-50c2-466b-abe6-8debcfa88ce2;413.37;0.03331539;UNKNOWN
2016-03-13T06:59:19.000000;2016-03-13T06:59:19.000000;ca6a4fd0-1f19-46d6-a610-56bc205bb011;413.37;0.03331539;UNKNOWN
2016-03-13T06:59:20.000000;2016-03-13T06:59:20.000000;5bf63478-100e-463f-887d-49546118f96a;413.37;0.03331539;UNKNOWN
2016-03-13T06:59:21.000000;2016-03-13T06:59:21.000000;b0cde26e-3fd1-486f-9a6b-bcfa3422f989;413.37;0.03331539;UNKNOWN
2016-03-13T06:59:22.000000;2016-03-13T06:59:22.000000;5c700dc8-df67-4dde-8f01-412e8f1fc15c;413.37;0.03331539;UNKNOWN
2016-03-13T06:59:23.000000;2016-03-13T06:59:23.000000;d7113dd9-432d-4a23-b7a5-872e2855d348;413.37;0.03331539;UNKNOWN
2016-03-13T06:59:24.000000;2016-03-13T06:59:24.000000;f6bd5e46-1ca5-4a70-8f4d-b7e1b83147a7;413.37;0.03331539;UNKNOWN
2016-03-13T06:59:25.000000;2016-03-13T06:59:25.000000;bd47ed58-67cc-429b-882d-1fd0250db44f;413.37;0.03331539;UNKNOWN
2016-03-13T06:59:25.000000;2016-03-13T06:59:25.000000;9f5476bd-8d2e-4d94-9660-5888d5736bef;413.37;0.03331539;UNKNOWN
2016-03-13T06:59:27.000000;2016-03-13T06:59:27.000000;7d21d5f0-ee56-4df2-ba77-1103d4fbc0f7;413.37;0.03331539;UNKNOWN
2016-03-13T06:59:29.000000;2016-03-13T06:59:29.000000;13eefd9e-2537-4479-b99f-5d03647195fb;413.37;0.03331539;UNKNOWN
2016-03-13T06:59:30.000000;2016-03-13T06:59:30.000000;a574f09b-96b8-4626-bd5c-33b1aea688f3;413.37;0.03331539;UNKNOWN
2016-03-13T06:59:30.000000;2016-03-13T06:59:30.000000;7a8b05c9-36ab-4e95-954d-4f3e6f41d88f;413.37;0.03331539;UNKNOWN
2016-03-13T06:59:32.000000;2016-03-13T06:59:32.000000;6d42c01c-ed4d-453e-af81-3b9343344d75;413.37;0.03331539;UNKNOWN
2016-03-13T06:59:33.000000;2016-03-13T06:59:33.000000;cce028b2-8886-4896-800b-fb4066be0b8e;413.37;0.03331539;UNKNOWN
2016-03-13T06:59:34.000000;2016-03-13T06:59:34.000000;5a5704e6-9153-4246-9464-57e19ece0c33;413.37;0.03331539;UNKNOWN
2016-03-13T06:59:35.000000;2016-03-13T06:59:35.000000;2a809cc9-843f-42a5-813e-63276420b720;413.37;0.03331539;UNKNOWN
2016-03-13T06:59:36.000000;2016-03-13T06:59:36.000000;b1df196f-e82b-4a1c-845f-16d586105fe3;413.37;0.03331539;UNKNOWN
2016-03-13T06:59:39.000000;2016-03-13T06:59:39.000000;cf860578-46bc-4324-87ed-3f02f08694a4;413.37;0.03331539;UNKNOWN
2016-03-13T06:59:40.000000;2016-03-13T06:59:40.000000;48933b82-d4ff-421b-9ff9-873c11bf29c2;413.37;0.03331539;UNKNOWN
2016-03-13T06:59:41.000000;2016-03-13T06:59:41.000000;0ff47def-8e32-4181-ab57-4c875a0091c4;413.37;0.03331539;UNKNOWN
2016-03-13T06:59:42.000000;2016-03-13T06:59:42.000000;021fab19-4525-4a51-bb81-bbadd0b15f1b;413.37;0.03331539;UNKNOWN
2016-03-13T06:59:43.000000;2016-03-13T06:59:43.000000;b59b55b0-fffa-461c-bb12-d64c1496ee94;413.37;0.03331539;UNKNOWN
2016-03-13T06:59:44.000000;2016-03-13T06:59:44.000000;4f126c42-3c11-4eb7-a3d4-dcaa55dc9f39;413.37;0.03331539;UNKNOWN
2016-03-13T06:59:44.000000;2016-03-13T06:59:44.000000;9eb11a55-6298-437f-a35e-f6bfb54933b6;413.37;0.03331539;UNKNOWN
2016-03-13T06:59:45.000000;2016-03-13T06:59:45.000000;23b792d4-8618-482e-b628-c5e2e17d2c35;413.37;0.03331539;UNKNOWN
2016-03-13T06:59:46.000000;2016-03-13T06:59:46.000000;3b82d753-fbd0-4671-9f94-1e0ea3cbdea2;413.37;0.03331539;UNKNOWN
2016-03-13T06:59:47.000000;2016-03-13T06:59:47.000000;c4b3fb75-0474-4ce8-a085-c7949de2bd55;413.37;0.03331539;UNKNOWN
2016-03-13T06:59:48.000000;2016-03-13T06:59:48.000000;453397ff-e7f6-4857-a34c-04123eea744f;413.37;0.03331539;UNKNOWN
2016-03-13T06:59:49.000000;2016-03-13T06:59:49.000000;70174cd0-77a4-40c3-8674-a219532c50f8;413.37;0.03331539;UNKNOWN
2016-03-13T06:59:50.000000;2016-03-13T06:59:50.000000;5fcc8db3-7ff8-43aa-bae8-b0604e229525;413.37;0.03331539;UNKNOWN
2016-03-13T06:59:52.000000;2016-03-13T06:59:52.000000;97039671-7ef0-4d01-abb6-5f89418a77d2;413.37;0.03331539;UNKNOWN
2016-03-13T06:59:53.000000;2016-03-13T06:59:53.000000;4d1d0100-8c1a-4f68-977c-365b94adff27;413.37;0.03331539;UNKNOWN
2016-03-13T06:59:56.000000;2016-03-13T06:59:56.000000;4f75a54d-601f-448a-b004-f2bd0e855385;413.37;0.03331539;UNKNOWN
2016-03-13T06:59:59.000000;2016-03-13T06:59:59.000000;121fc2ce-d449-441a-862e-9b70afec0a4a;413.37;6.0375;UNKNOWN
2016-03-13T06:59:59.000000;2016-03-13T06:59:59.000000;5f14f55b-1b92-454d-8911-c9cc3894e54f;413.38;13.3461;UNKNOWN
2016-03-13T06:59:59.000000;2016-03-13T06:59:59.000000;a1413519-61f4-4c46-a3c4-5cada00f7fb5;413.37;10.82461518;UNKNOWN
2016-03-13T07:00:05.000000;2016-03-13T07:00:05.000000;e0ddf00b-c8ee-47e0-8251-6cc0e1a5da81;413.54;3.83924216;UNKNOWN
2016-03-13T07:00:09.000000;2016-03-13T07:00:09.000000;272b3636-627a-47c8-b7b2-578115348c78;413.54;2.56349118;UNKNOWN
2016-03-13T07:01:06.000000;2016-03-13T07:01:06.000000;901a7e7f-f92f-4351-bf59-c02843b495ef;413.51;8.8391;UNKNOWN
2016-03-13T07:01:14.000000;2016-03-13T07:01:14.000000;5c8ab2ad-d6d4-401e-aec6-8f3b29b457f3;413.5;0.028;UNKNOWN
2016-03-13T07:01:23.000000;2016-03-13T07:01:23.000000;98685743-db6a-40c4-a4fb-b6cd5fa7e29c;413.51;0.065713;UNKNOWN
2016-03-13T07:01:52.000000;2016-03-13T07:01:52.000000;88e7b053-5f3e-458a-bfbe-2300745e96a8;413.5;0.02187;UNKNOWN
2016-03-13T07:01:52.000000;2016-03-13T07:01:52.000000;dbdcb61b-8975-4968-8d1c-899329e4ec4a;413.37;0.12813;UNKNOWN
2016-03-13T07:05:52.000000;2016-03-13T07:05:52.000000;7e6cea68-c88d-4267-a9da-b3b03a17ca41;413.4;0.04982013;UNKNOWN
2016-03-13T07:06:04.000000;2016-03-13T07:06:04.000000;b8b1f556-e037-49d2-8a55-b84a06744198;413.47;3.0;UNKNOWN
2016-03-13T07:06:47.000000;2016-03-13T07:06:47.000000;c14acfc0-6e72-4f82-9dfa-b7a516cabe06;413.41;0.065412;UNKNOWN
2016-03-13T07:07:24.000000;2016-03-13T07:07:24.000000;9fd9e5c0-5b16-4d7a-a653-489c6ce011c9;413.4;0.023;UNKNOWN
2016-03-13T07:08:00.000000;2016-03-13T07:08:00.000000;ffddfe9d-b812-43fd-813c-1ae5a4dc4906;413.4;0.03447987;UNKNOWN
2016-03-13T07:08:00.000000;2016-03-13T07:08:00.000000;0fe5f982-1db0-4b86-8bb3-ed51a036f999;413.4;0.04987;UNKNOWN
2016-03-13T07:08:58.000000;2016-03-13T07:08:58.000000;3ee3555d-d371-4612-adcf-22684641acfc;413.0;0.02421386;UNKNOWN
2016-03-13T07:09:00.000000;2016-03-13T07:09:00.000000;c6a5ee9a-53d3-42dc-947e-70471eb348fa;413.34;0.02548;UNKNOWN
2016-03-13T07:09:05.000000;2016-03-13T07:09:05.000000;b94168db-c9e7-4793-9eef-456c076fd074;413.34;0.05;UNKNOWN
2016-03-13T07:10:16.000000;2016-03-13T07:10:16.000000;5260f698-b6c9-4664-ba35-baba47b0a2c9;413.31;1.92157987;UNKNOWN
2016-03-13T07:10:16.000000;2016-03-13T07:10:16.000000;af8507b3-bc48-42d7-9ed8-94ef012e00fb;413.31;0.04982013;UNKNOWN
2016-03-13T07:10:39.000000;2016-03-13T07:10:39.000000;fa012de4-2840-4a4c-b987-fa707e34bcde;413.37;0.02;UNKNOWN
2016-03-13T07:16:04.000000;2016-03-13T07:16:04.000000;37c10962-380b-4f49-80be-365ee27393c8;413.18;0.04987;UNKNOWN
2016-03-13T07:16:26.000000;2016-03-13T07:16:26.000000;88ca56b0-645e-45a9-b8f1-25a0e2100e6a;413.0;0.1;UNKNOWN
2016-03-13T07:17:13.000000;2016-03-13T07:17:13.000000;31f6ac3c-7e5a-4258-af67-024da1616a60;413.09;20.8618;UNKNOWN
2016-03-13T07:17:13.000000;2016-03-13T07:17:13.000000;7541743e-7978-40ee-acc1-3a433737e878;413.58;0.98566;UNKNOWN
2016-03-13T07:17:13.000000;2016-03-13T07:17:13.000000;53195e80-87cc-4fc2-99b0-64ea9b3f124d;413.01;0.04982013;UNKNOWN
2016-03-13T07:17:13.000000;2016-03-13T07:17:13.000000;8ae9af72-bd7d-4ce8-8013-4dce67c9fba9;413.01;24.09831139;UNKNOWN
2016-03-13T07:17:13.000000;2016-03-13T07:17:13.000000;cb29ef86-ce85-4205-9cb9-05e2a3974c5f;413.24;13.0414;UNKNOWN
2016-03-13T07:17:13.000000;2016-03-13T07:17:13.000000;adf1969e-d989-4318-8993-24a234c1d767;413.5;4.67267885;UNKNOWN
2016-03-13T07:17:13.000000;2016-03-13T07:17:13.000000;3453d94b-7ae5-4486-bb31-f92815fda941;413.01;8.2;UNKNOWN
2016-03-13T07:17:13.000000;2016-03-13T07:17:13.000000;516500bc-a836-42ca-9016-56b0a052d1ff;413.4;4.67317016;UNKNOWN
2016-03-13T07:17:13.000000;2016-03-13T07:17:13.000000;6167a9d3-31eb-464b-9a5b-8810df70e6e1;413.11;11.8024;UNKNOWN
2016-03-13T07:17:13.000000;2016-03-13T07:17:13.000000;d6ab4839-0b03-4e3b-abca-8c3beff68b98;413.33;4.67317016;UNKNOWN
2016-03-13T07:17:13.000000;2016-03-13T07:17:13.000000;5f843ff0-5467-4d9f-bd9d-0759d80a52b1;413.09;6.0062;UNKNOWN
2016-03-13T07:17:13.000000;2016-03-13T07:17:13.000000;91d59a27-6453-4897-9ab9-ae667875e28d;413.41;12.2163;UNKNOWN
2016-03-13T07:17:13.000000;2016-03-13T07:17:13.000000;b5df3741-406d-41c7-9cbf-952b50331ce7;413.45;4.67267885;UNKNOWN
2016-03-13T07:17:13.000000;2016-03-13T07:17:13.000000;032f63a0-bb8f-43bb-b89c-f970c76f56ed;413.52;12.128;UNKNOWN
2016-03-13T07:17:20.000000;2016-03-13T07:17:20.000000;e83ced37-5e09-47ff-a8ec-1b671e6cac0a;413.01;6.0412;UNKNOWN
2016-03-13T07:17:20.000000;2016-03-13T07:17:20.000000;d3decc43-cb5e-46ac-b5b8-e04ddc2eca64;413.0;0.96773;UNKNOWN
2016-03-13T07:17:20.000000;2016-03-13T07:17:20.000000;c8aca95c-8713-4946-b962-12901be3e2d2;413.59;0.04987;UNKNOWN
2016-03-13T07:17:20.000000;2016-03-13T07:17:20.000000;666b1956-2a19-4543-805f-6f85da182481;413.01;7.9412;UNKNOWN
2016-03-13T07:17:27.000000;2016-03-13T07:17:27.000000;371150b3-c76d-4a0e-9464-6e03662d9018;413.0;0.64453708;UNKNOWN
2016-03-13T07:17:54.000000;2016-03-13T07:17:54.000000;2fcee784-79d6-4f0e-8878-30a1f8dd8cc9;413.5;25.0;UNKNOWN
2016-03-13T07:17:54.000000;2016-03-13T07:17:54.000000;d60dd46b-abde-46c6-844d-1b4747ee8731;413.32;6.0168;UNKNOWN
2016-03-13T07:17:54.000000;2016-03-13T07:17:54.000000;14bc1ba2-fb39-414a-a4b9-97f977c0904f;413.51;1.83387987;UNKNOWN
2016-03-13T07:17:54.000000;2016-03-13T07:17:54.000000;257108a6-19d5-4b17-a834-5d4ac7d9f304;413.34;0.04982013;UNKNOWN
2016-03-13T07:17:54.000000;2016-03-13T07:17:54.000000;c3b4f7b4-8d68-465e-ae4a-3cd4a6fc88c7;413.33;7.9113;UNKNOWN
2016-03-13T07:17:54.000000;2016-03-13T07:17:54.000000;fb468147-630d-41f7-960c-fcb1cac4e5f7;413.32;15.3698;UNKNOWN
2016-03-13T07:17:54.000000;2016-03-13T07:17:54.000000;80c46bc2-f547-48cd-ad64-1333107059f4;413.38;13.7184;UNKNOWN
2016-03-13T07:19:05.000000;2016-03-13T07:19:05.000000;dc59923d-b101-4559-92e4-3a4273037599;413.21;1.0;UNKNOWN
2016-03-13T07:19:24.000000;2016-03-13T07:19:24.000000;2aa4090b-2382-45ce-8624-c6694786ae47;413.04;0.04987;UNKNOWN
2016-03-13T07:19:51.000000;2016-03-13T07:19:51.000000;bb8576e9-9b80-46bd-a855-79f5857546f7;413.0;1.0;UNKNOWN
2016-03-13T07:20:01.000000;2016-03-13T07:20:01.000000;503b5a5e-1e9a-4b90-a9df-68ddaf461d33;413.0;4.74784;UNKNOWN
2016-03-13T07:21:21.000000;2016-03-13T07:21:21.000000;b73aa3ff-45b6-4861-8651-d839e5ad8fbb;412.9;0.01210945;UNKNOWN
2016-03-13T07:21:21.000000;2016-03-13T07:21:21.000000;c49438d9-6e25-46c7-959c-3780d96fff6a;412.51;0.11403161;UNKNOWN
2016-03-13T07:21:21.000000;2016-03-13T07:21:21.000000;be1fbb46-87c9-49f9-894a-90c9d8b754b5;413.0;0.86585893;UNKNOWN
2016-03-13T07:24:07.000000;2016-03-13T07:24:07.000000;eedde967-328b-45ac-99f6-293e1db58770;412.52;0.01438164;UNKNOWN
2016-03-13T07:24:08.000000;2016-03-13T07:24:08.000000;613b3b4f-a92d-4dd5-bd6f-bb431e3a81d6;412.7;0.05085129;UNKNOWN
2016-03-13T07:24:08.000000;2016-03-13T07:24:08.000000;27096250-85a9-4438-8d81-fac4c1678dc6;412.52;0.03543849;UNKNOWN
2016-03-13T07:24:12.000000;2016-03-13T07:24:12.000000;6e05691c-fda1-492e-9efb-c0ea4ad0def1;412.84;13.0991;UNKNOWN
2016-03-13T07:24:12.000000;2016-03-13T07:24:12.000000;2631e7f2-db13-47d7-8427-e2d5f1f59624;412.96;11.7564;UNKNOWN
2016-03-13T07:24:12.000000;2016-03-13T07:24:12.000000;b5f45d36-913c-4bee-8b31-fd04bd4e63be;412.71;12.3781;UNKNOWN
2016-03-13T07:24:12.000000;2016-03-13T07:24:12.000000;48db4f82-247a-424e-8d61-3ab3918e8650;412.7;5.95424871;UNKNOWN
2016-03-13T07:24:12.000000;2016-03-13T07:24:12.000000;b39f9bb9-b695-4b92-ae72-e27490725503;412.7;20.5437;UNKNOWN
2016-03-13T07:28:14.000000;2016-03-13T07:28:14.000000;f99da828-0412-435f-a13a-4590ec3e2ef5;413.0;0.203728;UNKNOWN
2016-03-13T07:28:16.000000;2016-03-13T07:28:16.000000;e0626ee8-c883-463d-ba36-6055b300ef00;413.0;0.075056;UNKNOWN
2016-03-13T07:29:04.000000;2016-03-13T07:29:04.000000;187dc9a0-90ad-4820-96aa-dffcadaf51ed;413.0;0.142405;UNKNOWN
2016-03-13T07:29:05.000000;2016-03-13T07:29:05.000000;45427d8b-f3db-4fc7-a76e-770a35612c3d;413.0;0.48898826;UNKNOWN
2016-03-13T07:29:07.000000;2016-03-13T07:29:07.000000;4c0145dc-7f75-4e38-95a5-77395d06bab5;413.0;0.051598;UNKNOWN
2016-03-13T07:29:11.000000;2016-03-13T07:29:11.000000;d0ca6d8d-d1bf-4b78-9b86-b1c5400f736b;413.0;0.126418;UNKNOWN
2016-03-13T07:29:51.000000;2016-03-13T07:29:51.000000;a26a064b-48d0-4f7d-a1ed-9f22bd4ca8f1;413.0;0.412019;UNKNOWN
2016-03-13T07:30:38.000000;2016-03-13T07:30:38.000000;89e4a239-560c-4d52-be58-92fa65e94ac3;413.01;1.9203;UNKNOWN
2016-03-13T07:30:38.000000;2016-03-13T07:30:38.000000;6ef229e3-d8cb-4fce-89ba-c8d902e47a1b;413.01;0.3;UNKNOWN
2016-03-13T07:30:38.000000;2016-03-13T07:30:38.000000;4cdbc70f-cc07-4817-8a24-855d52922c7d;413.01;0.3;UNKNOWN
2016-03-13T07:30:49.000000;2016-03-13T07:30:49.000000;ec6a195d-cac1-48a0-a9a7-f2694829efc4;413.0;0.014977;UNKNOWN
2016-03-13T07:31:23.000000;2016-03-13T07:31:23.000000;68547286-e45e-4a0e-864b-ea34aef10988;413.01;0.01;UNKNOWN
2016-03-13T07:32:22.000000;2016-03-13T07:32:22.000000;a4a60d5c-2cfa-468e-b843-3792b39613e6;413.0;1.0;UNKNOWN
2016-03-13T07:32:31.000000;2016-03-13T07:32:31.000000;d02af1e5-67b2-492b-9b6e-bf5fa2e06de6;413.0;0.224727;UNKNOWN
2016-03-13T07:33:11.000000;2016-03-13T07:33:11.000000;1250dc97-dbf6-4962-bddf-7e40d94f8884;413.0;0.141826;UNKNOWN
2016-03-13T07:33:28.000000;2016-03-13T07:33:28.000000;4a79e063-31f6-44e2-b2a1-343c0ff3e754;413.0;13.28670903;UNKNOWN
2016-03-13T07:33:28.000000;2016-03-13T07:33:28.000000;c7d3337b-0d57-4581-917a-fd411c94a9a0;413.0;0.04987;UNKNOWN
2016-03-13T07:34:10.000000;2016-03-13T07:34:10.000000;9bc464a3-290a-4dfb-9c2b-4e168880ec22;412.69;0.096852;UNKNOWN
2016-03-13T07:34:55.000000;2016-03-13T07:34:55.000000;3ec2547b-b74d-4b2b-82ea-c604fd21936f;412.69;0.018931;UNKNOWN
2016-03-13T07:35:47.000000;2016-03-13T07:35:47.000000;be28ed83-e264-46e6-a82f-8b15bfb3dc22;412.69;0.185233;UNKNOWN
2016-03-13T07:36:05.000000;2016-03-13T07:36:05.000000;64fa84dd-d304-421e-80ef-6cb2306357af;412.69;0.013417;UNKNOWN
2016-03-13T07:36:27.000000;2016-03-13T07:36:27.000000;afa3c28f-f86c-45c4-a058-417a956b46de;412.69;0.053461;UNKNOWN
2016-03-13T07:37:05.000000;2016-03-13T07:37:05.000000;62d1af7f-8970-4bd7-9691-0dfc61e4777f;412.7;0.07202955;UNKNOWN
2016-03-13T07:43:30.000000;2016-03-13T07:43:30.000000;0f93ddb8-d558-4559-845c-5b060ed532c7;412.7;0.02;UNKNOWN
2016-03-13T07:44:45.000000;2016-03-13T07:44:45.000000;bed72861-0f08-41a2-9a9f-34133816eae6;412.69;0.047307;UNKNOWN
2016-03-13T07:46:21.000000;2016-03-13T07:46:21.000000;5d516aaf-de31-4ac6-9697-19e1cd3ca190;412.69;0.103904;UNKNOWN
2016-03-13T07:46:23.000000;2016-03-13T07:46:23.000000;d23159a3-d690-463f-92bd-f641f387eb4e;412.69;0.10742;UNKNOWN
2016-03-13T07:46:42.000000;2016-03-13T07:46:42.000000;316acfc1-2870-431f-80e0-d8ee8a505b6c;412.69;0.10484124;UNKNOWN
2016-03-13T07:47:05.000000;2016-03-13T07:47:05.000000;3d634219-0515-4d27-b8a4-4998936bd192;412.7;0.084577;UNKNOWN
2016-03-13T07:47:10.000000;2016-03-13T07:47:10.000000;b9973aee-f7a6-4c13-b689-5b051f17e89b;412.69;0.1005;UNKNOWN
