time_exchange;time_coinpai;guid;price;base_amount;taker_side
2016-03-13T00:00:01.537000;2016-03-13T00:00:01.543000;dd2d40ec-87c9-4442-a8ee-1e7e7a0784f0;410.56;0.03;BUY
2016-03-13T00:00:01.537000;2016-03-13T00:00:01.557000;c4a10c44-4617-46b8-9d7f-d8a2f556c816;410.56;0.15793;BUY
2016-03-13T00:00:31.323000;2016-03-13T00:00:31.323000;9fb19fe8-ba0a-4e02-94e9-ea2c0b310204;410.53;3.82778;BUY
2016-03-13T00:01:01.217000;2016-03-13T00:01:01.213000;65c9a1f1-c62b-4af5-83aa-bf5892c325a5;410.52;0.04058654;BUY
2016-03-13T00:01:01.217000;2016-03-13T00:01:01.230000;9a5fbf09-2a8d-4c85-bbc2-81361232e3ad;410.52;5.20343346;BUY
2016-03-13T00:01:06.140000;2016-03-13T00:01:06.137000;ca0ea6ad-f5f8-4544-9a35-cc834c98d55e;410.51;2.2383;BUY
2016-03-13T00:01:06.140000;2016-03-13T00:01:06.153000;c05c13af-4940-44fa-a385-56050c8bfb2c;410.54;0.132;BUY
2016-03-13T00:01:06.140000;2016-03-13T00:01:06.153000;34a03398-bb20-4ba5-893e-e138555a09f0;410.55;0.1797;BUY
2016-03-13T00:01:20.610000;2016-03-13T00:01:20.637000;56f033b4-df48-4dd8-9aa5-672fef3d32c6;410.5;2.30021918;SELL
2016-03-13T00:01:20.610000;2016-03-13T00:01:20.637000;0743f874-d8bd-4c4d-bce2-c26ad8d2cafa;410.5;0.0115;SELL
2016-03-13T00:01:20.610000;2016-03-13T00:01:20.637000;5c012d5a-fba1-48d8-979c-c17802ba8e5e;410.5;0.571;SELL
2016-03-13T00:01:20.610000;2016-03-13T00:01:20.637000;3238382f-864a-43da-8424-cb1d80ab3880;410.49;0.01;SELL
2016-03-13T00:01:20.610000;2016-03-13T00:01:20.653000;bf837a6c-c651-4014-978a-23ca33d7a44f;410.49;0.03;SELL
2016-03-13T00:01:20.610000;2016-03-13T00:01:20.653000;c76fc396-8441-43ea-a43c-169d735d1ef3;410.48;0.030574;SELL
2016-03-13T00:01:20.610000;2016-03-13T00:01:20.653000;ea342bcd-8a7f-4d00-ad9b-887d165e7225;410.48;7.31682;SELL
2016-03-13T00:01:20.610000;2016-03-13T00:01:20.653000;f1b24956-5541-4734-9340-2c9ecb7d77cd;410.47;0.01;SELL
2016-03-13T00:01:20.610000;2016-03-13T00:01:20.653000;4073ee7e-d026-4559-8439-e7f0f96d2e49;410.47;0.15;SELL
2016-03-13T00:01:20.610000;2016-03-13T00:01:20.653000;c08f91be-59a5-4c2a-a24e-4f0198f42a0d;410.47;0.01;SELL
2016-03-13T00:01:20.610000;2016-03-13T00:01:20.667000;9988afa7-5820-4a8e-84e7-d7ce9b9195f5;410.47;0.02;SELL
2016-03-13T00:01:20.610000;2016-03-13T00:01:20.667000;91346f1b-41b8-47de-a334-b7e87076d283;410.46;0.24247012;SELL
2016-03-13T00:01:20.610000;2016-03-13T00:01:20.667000;480bdf8d-ad65-4b67-b045-5472d44d401f;410.45;0.18711981;SELL
2016-03-13T00:01:20.610000;2016-03-13T00:01:20.667000;d10263a8-bc1a-46f0-9097-3c92bcb35ac2;410.44;0.049317;SELL
2016-03-13T00:01:20.613000;2016-03-13T00:01:20.683000;93576454-f645-47fb-9470-8d3499087797;410.42;0.089143;SELL
2016-03-13T00:01:20.613000;2016-03-13T00:01:20.683000;0db11389-b8f3-4784-ba95-b3740d65681a;410.42;0.01;SELL
2016-03-13T00:01:20.613000;2016-03-13T00:01:20.683000;cab54396-5c74-4d03-b8bf-27e4407999d0;410.42;0.523;SELL
2016-03-13T00:01:20.613000;2016-03-13T00:01:20.683000;b23b185f-5e0c-4ec6-8924-043b6e2943b4;410.41;0.01902731;SELL
2016-03-13T00:01:20.613000;2016-03-13T00:01:20.700000;d113938a-1932-4cac-80a4-c760802a60c6;410.37;0.561;SELL
2016-03-13T00:01:20.613000;2016-03-13T00:01:20.700000;56e42100-c1d6-45e4-a798-fec4009c7514;410.32;0.526;SELL
2016-03-13T00:01:31.363000;2016-03-13T00:01:31.370000;5397e8c8-04a3-4298-b102-64e3110192d1;410.26;0.01;SELL
2016-03-13T00:01:31.363000;2016-03-13T00:01:31.387000;a8cd1754-fb31-4ac1-a775-1678f733c696;410.25;0.0178726;SELL
2016-03-13T00:01:31.363000;2016-03-13T00:01:31.387000;36555870-26c4-4b3a-8b37-21006b692a5b;410.24;0.08581768;SELL
2016-03-13T00:01:31.363000;2016-03-13T00:01:31.387000;68f07632-1470-46cc-a6df-f1b02d887f28;410.23;0.075;SELL
2016-03-13T00:01:31.363000;2016-03-13T00:01:31.387000;a448ae96-5528-4977-bb1e-6a94b54a2f16;410.18;0.124;SELL
2016-03-13T00:01:31.363000;2016-03-13T00:01:31.387000;ff4ffff1-7e02-467b-b204-69f0f0fe1adf;410.12;0.581;SELL
2016-03-13T00:01:31.363000;2016-03-13T00:01:31.403000;0ca1e6c3-1c71-4a27-bcdc-1ac9190d5627;410.07;0.01;SELL
2016-03-13T00:01:31.363000;2016-03-13T00:01:31.403000;fc2f0cbd-cc94-4531-8c14-a2395c22679b;410.01;0.44310972;SELL
2016-03-13T00:01:50.993000;2016-03-13T00:01:50.997000;952e582e-5be6-4abf-92d4-cc442180e647;410.29;0.0258;BUY
2016-03-13T00:01:51.017000;2016-03-13T00:01:51.027000;8595f694-8868-4204-969a-da4a1bd5c28e;410.29;0.054795;BUY
2016-03-13T00:01:51.017000;2016-03-13T00:01:51.043000;02f4090a-b4db-4287-8b31-5168efe65bb1;410.3;0.35831;BUY
2016-03-13T00:01:51.017000;2016-03-13T00:01:51.043000;acea71db-10bd-4f3a-bcfe-156e16af6871;410.3;0.01;BUY
2016-03-13T00:01:51.017000;2016-03-13T00:01:51.043000;53832c7c-d195-441c-91a1-53cd0a4a020e;410.31;0.27742897;BUY
2016-03-13T00:01:51.017000;2016-03-13T00:01:51.043000;ff59e1a8-64d9-4d5e-8bfa-98f642894cdc;410.33;0.27366603;BUY
2016-03-13T00:02:03.983000;2016-03-13T00:02:03.980000;48b60b5d-dc56-4ecd-8e15-ce96cb5927e2;410.25;0.4826;BUY
2016-03-13T00:02:31.300000;2016-03-13T00:02:31.293000;1408769e-1050-4688-90ad-875669f318e8;410.19;0.2761;SELL
2016-03-13T00:03:35.803000;2016-03-13T00:03:35.793000;fd210b56-c3e5-4737-bd6a-e60a71571bc8;410.34;0.0670379;BUY
2016-03-13T00:03:35.803000;2016-03-13T00:03:35.823000;dbabe17e-7ff2-47f7-ba67-a4ab9ef2f7d9;410.35;0.0016321;BUY
2016-03-13T00:03:43.980000;2016-03-13T00:03:43.963000;1d214f26-988e-479e-96d8-9ec288764f12;410.35;0.0083679;BUY
2016-03-13T00:03:43.980000;2016-03-13T00:03:43.997000;b83ac44a-28c2-4a28-9c25-3977d3fc97cf;410.36;0.2942883;BUY
2016-03-13T00:03:43.980000;2016-03-13T00:03:43.997000;f62b2820-b9d2-4329-ae9a-c8a0b0fd03a4;410.37;0.2347435;BUY
2016-03-13T00:03:43.980000;2016-03-13T00:03:43.997000;a0842d9e-2942-4d37-9553-e49f097fe862;410.38;0.0294011;BUY
2016-03-13T00:03:43.980000;2016-03-13T00:03:44.010000;c45247f3-2527-445e-9e66-81cb3667bc9f;410.39;0.08394988;BUY
2016-03-13T00:03:43.980000;2016-03-13T00:03:44.073000;47b2083c-098d-48a7-952a-f395d81541d7;410.4;4.34924932;BUY
2016-03-13T00:04:01.183000;2016-03-13T00:04:01.167000;69b95be6-ab1c-456b-bba8-6be72e145508;410.38;0.48249;BUY
2016-03-13T00:04:36.783000;2016-03-13T00:04:36.777000;bbcc2e6d-8d96-437c-9bd2-1b6c03b4b44c;410.39;0.06;BUY
2016-03-13T00:04:36.783000;2016-03-13T00:04:36.793000;e1bb57a0-4b43-43bf-a291-1516cec6b2a1;410.4;0.06062;BUY
2016-03-13T00:05:01.260000;2016-03-13T00:05:01.247000;7859a950-47bc-4e74-ad30-6775de9a5455;410.4;0.024;BUY
2016-03-13T00:05:01.413000;2016-03-13T00:05:01.403000;6f509118-719b-49f9-a237-d239332c21fe;410.4;0.02334112;BUY
2016-03-13T00:05:01.413000;2016-03-13T00:05:01.417000;b0ce0c9c-8fa1-44b7-86e2-a195aaad0141;410.41;0.05769545;BUY
2016-03-13T00:05:01.413000;2016-03-13T00:05:01.417000;b683cfaa-66af-47f7-813b-88a6cbcfc533;410.42;0.124968;BUY
2016-03-13T00:05:13.120000;2016-03-13T00:05:13.120000;5ed36c57-6c75-4275-bd76-bd4367032f3b;410.42;0.0769;BUY
2016-03-13T00:05:13.123000;2016-03-13T00:05:13.120000;05c214bd-9e0a-4ca0-ac64-c620faf57e80;410.43;0.1149412;BUY
2016-03-13T00:05:13.123000;2016-03-13T00:05:13.153000;d3bdd235-9ab7-496e-abf1-efbe81c3f19d;410.43;0.093;BUY
2016-03-13T00:05:13.237000;2016-03-13T00:05:13.260000;deab05d8-b685-4085-ad02-b4977e29a3e7;410.43;0.09;SELL
2016-03-13T00:05:31.267000;2016-03-13T00:05:31.260000;d6fb4b4e-ede5-444e-8a9e-335b91a24377;410.47;0.18089;BUY
2016-03-13T00:06:01.233000;2016-03-13T00:06:01.213000;beb35afb-448a-44e6-8bb6-5b3bfac747af;410.49;0.01;BUY
2016-03-13T00:06:01.233000;2016-03-13T00:06:01.230000;2a65d071-1252-4ebc-af14-da7d1bfd0cb5;410.54;1.9378;BUY
2016-03-13T00:06:05.537000;2016-03-13T00:06:05.527000;78c16a67-60f9-4533-af9c-554decce0021;410.53;0.1148;BUY
2016-03-13T00:06:05.607000;2016-03-13T00:06:05.603000;a885d99d-04a0-4fdc-b965-3681abe354c7;410.53;0.2452;BUY
2016-03-13T00:06:31.210000;2016-03-13T00:06:31.200000;8b825d36-41da-4a92-a0e6-1cd535382b15;410.55;0.01;BUY
2016-03-13T00:06:31.210000;2016-03-13T00:06:31.200000;31abc31c-9910-41f3-ab31-5f1fef2cd38f;410.55;0.03;BUY
2016-03-13T00:06:31.210000;2016-03-13T00:06:31.200000;3e59d225-cdf9-417c-81a1-3c8cbdde85f7;410.55;0.87986;BUY
2016-03-13T00:06:34.853000;2016-03-13T00:06:34.840000;0a6ecb98-96a5-4252-a4fe-4820f194f011;410.55;0.03;BUY
2016-03-13T00:06:34.853000;2016-03-13T00:06:34.853000;430aa59e-f7ca-4e60-8c09-34ae7463185e;410.56;0.15256362;BUY
2016-03-13T00:06:34.860000;2016-03-13T00:06:34.853000;c34008bf-bd19-4699-bab4-628cebdf1290;410.57;1.6863;SELL
2016-03-13T00:06:38.250000;2016-03-13T00:06:38.247000;551ef029-8eae-4f35-803e-86dbcf5d29d3;410.64;0.01;BUY
2016-03-13T00:06:38.250000;2016-03-13T00:06:38.247000;9622cb34-c6a1-4ccd-9a5d-3cb9af712aaf;410.64;0.04805;BUY
2016-03-13T00:06:38.263000;2016-03-13T00:06:38.260000;9459040d-1fa5-48d4-993e-ad7436546daf;410.64;0.04495;BUY
2016-03-13T00:06:38.263000;2016-03-13T00:06:38.260000;5312d64d-5aa7-42b3-bfe6-66f155aebd52;410.65;0.02566152;BUY
2016-03-13T00:06:38.263000;2016-03-13T00:06:38.277000;6fefaa61-a06c-432e-9a46-25eb3054c04d;410.68;0.01;BUY
2016-03-13T00:06:38.263000;2016-03-13T00:06:38.277000;ad654dc0-6e68-4d23-80c0-5aed94d37541;410.69;0.06133848;BUY
2016-03-13T00:07:01.650000;2016-03-13T00:07:01.637000;d1d7ba59-d96e-433d-bbba-9ced0c1d3769;410.56;0.07966;SELL
2016-03-13T00:07:33.777000;2016-03-13T00:07:33.760000;16a783db-7b3f-48a8-975f-cfa472b0a8e9;410.55;0.06342507;SELL
2016-03-13T00:07:33.780000;2016-03-13T00:07:33.777000;c3674e26-7832-4bf2-917f-0c42e54d524c;410.54;0.055208;SELL
2016-03-13T00:07:33.780000;2016-03-13T00:07:33.777000;684e0b2a-00cc-42d2-898a-176e409476ee;410.53;0.01;SELL
2016-03-13T00:07:33.780000;2016-03-13T00:07:33.777000;8116152d-40b6-4e8e-8f37-16217ae4664b;410.52;0.1555576;SELL
2016-03-13T00:07:33.780000;2016-03-13T00:07:33.793000;84399e39-7a69-417b-97c7-258dfe48bfc3;410.51;0.099998;SELL
2016-03-13T00:07:33.780000;2016-03-13T00:07:33.793000;c94737d3-8d4f-4627-8c70-bf52d340637b;410.5;0.08516;SELL
2016-03-13T00:07:33.780000;2016-03-13T00:07:33.793000;380383b2-5be1-435d-a954-d4adeaa0ea0f;410.49;0.26457133;SELL
2016-03-13T00:08:01.250000;2016-03-13T00:08:01.230000;cec6cf5b-5454-4b4f-997d-441bf3061abb;410.57;0.03;BUY
2016-03-13T00:08:01.250000;2016-03-13T00:08:01.247000;155e8078-267b-42b9-97af-1c7243fa816d;410.57;0.66627;BUY
2016-03-13T00:08:34.200000;2016-03-13T00:08:34.183000;25a877b9-de9e-4cf0-acbb-845ec122d3f1;410.57;0.03;BUY
2016-03-13T00:08:34.200000;2016-03-13T00:08:34.200000;d0dcbc32-683b-4b76-8ecb-469131c6e75f;410.57;0.70069;BUY
2016-03-13T00:09:01.217000;2016-03-13T00:09:01.200000;1d0629db-c68e-4127-b569-5c9c475faf28;410.59;0.03622314;BUY
2016-03-13T00:09:01.217000;2016-03-13T00:09:01.213000;77c3f74a-f337-4bc3-9cca-02219a70138c;410.59;0.03;BUY
2016-03-13T00:09:01.217000;2016-03-13T00:09:01.213000;13a15f97-be44-498b-8c57-11b023af90bb;410.6;0.03712686;BUY
2016-03-13T00:09:31.347000;2016-03-13T00:09:31.323000;8e13cfc6-810d-4dae-94b7-5416e5da1180;410.59;0.03;BUY
2016-03-13T00:09:31.347000;2016-03-13T00:09:31.340000;628b765c-604c-42f2-a327-06b28e2fc4a2;410.6;0.04253314;BUY
2016-03-13T00:09:31.347000;2016-03-13T00:09:31.340000;6a15f25b-6cd6-4971-b3a9-b795f5595031;410.62;0.06407686;BUY
2016-03-13T00:10:01.387000;2016-03-13T00:10:01.370000;a8faafad-cd65-46e3-a012-ca0ed70225f9;410.61;0.03;BUY
2016-03-13T00:10:01.387000;2016-03-13T00:10:01.387000;9fc07287-d592-4c9e-9523-ae6c6a1894af;410.62;0.02789904;BUY
2016-03-13T00:10:01.387000;2016-03-13T00:10:01.387000;60ee0dd6-0d20-40be-be7a-b0fd8a877667;410.63;0.0391016;BUY
2016-03-13T00:10:01.387000;2016-03-13T00:10:01.387000;fde273b3-65c4-4624-a465-0dc071cce16b;410.65;0.03158936;BUY
2016-03-13T00:10:31.203000;2016-03-13T00:10:31.183000;9009c39c-ca20-4806-b6a1-e93bb7d75321;410.63;0.03;BUY
2016-03-13T00:10:31.203000;2016-03-13T00:10:31.200000;082f6ddb-10ea-4de1-a67b-57d48ace7034;410.64;0.02151741;BUY
2016-03-13T00:10:31.203000;2016-03-13T00:10:31.200000;b1cec34c-1c84-423e-ad81-3c45179805d0;410.66;0.4548;BUY
2016-03-13T00:10:31.203000;2016-03-13T00:10:31.200000;3ab04a38-a287-4ec0-aad9-28202f46ee25;410.67;0.09;BUY
2016-03-13T00:10:31.203000;2016-03-13T00:10:31.213000;5c7aacae-7680-4ef1-a603-101451db0dd1;410.68;0.01;BUY
2016-03-13T00:10:31.203000;2016-03-13T00:10:31.277000;2867f8bd-dcd9-4125-a5d8-5de0b854ddce;410.68;2.88018259;BUY
2016-03-13T00:11:01.463000;2016-03-13T00:11:01.433000;071b5085-b41b-4e56-8c01-1abd5b05952f;410.65;0.03;BUY
2016-03-13T00:11:01.463000;2016-03-13T00:11:01.450000;57363799-046d-4165-9527-4fc52c1e8eca;410.65;0.435;BUY
2016-03-13T00:11:01.463000;2016-03-13T00:11:01.450000;d3f7048d-ab67-421d-9ba1-0fb9caa7a6a3;410.68;4.55169;BUY
2016-03-13T00:11:33.380000;2016-03-13T00:11:33.357000;2c9b7817-9873-4cb5-babb-429379905ca7;410.56;0.31658059;SELL
2016-03-13T00:11:33.380000;2016-03-13T00:11:33.370000;50862e77-0e57-4223-8f1b-7121def9f041;410.56;0.08;SELL
2016-03-13T00:11:33.380000;2016-03-13T00:11:33.370000;a62271bf-958b-46a9-8700-663d21a30502;410.55;0.0474393;SELL
2016-03-13T00:11:33.380000;2016-03-13T00:11:33.370000;31d88a2e-a095-46b6-9a0e-6f5dbdb2f7c4;410.54;0.01;SELL
2016-03-13T00:11:33.380000;2016-03-13T00:11:33.387000;8590d481-a39f-48fc-b172-c6d78f63ed28;410.53;1.04672011;SELL
2016-03-13T00:12:01.187000;2016-03-13T00:12:01.033000;4043884e-4ee9-4f5b-9a62-4636b393b22d;410.52;0.01731;SELL
2016-03-13T00:12:47.127000;2016-03-13T00:12:46.970000;5625ed28-a898-4750-93d2-f9eca194e710;410.6;0.1595569;BUY
2016-03-13T00:13:09.840000;2016-03-13T00:13:09.690000;6b068566-fddb-40dd-b87c-c68e5779a9b5;410.63;0.06699618;BUY
2016-03-13T00:13:09.840000;2016-03-13T00:13:09.720000;ea27099e-69c9-404d-b2fe-d21409b783ea;410.63;0.084;BUY
2016-03-13T00:13:09.843000;2016-03-13T00:13:09.720000;4a4a17e7-7717-4077-a62b-f482c2a4feb3;410.64;0.08839;BUY
2016-03-13T00:13:09.843000;2016-03-13T00:13:09.720000;1303372c-7d39-43ed-aec3-9bf1c2b9436f;410.67;0.03;BUY
2016-03-13T00:14:01.253000;2016-03-13T00:14:01.097000;b657d5c3-d757-431b-b266-4573324f2ab0;410.69;0.03;BUY
2016-03-13T00:14:01.253000;2016-03-13T00:14:01.127000;5edc726e-71b3-45e6-ad21-8fdb57efd760;410.69;7.25844;BUY
2016-03-13T00:14:01.253000;2016-03-13T00:14:01.127000;03819e9e-a5b1-43e5-915f-76a7d366f283;410.7;0.01;BUY
2016-03-13T00:14:01.253000;2016-03-13T00:14:01.127000;4369190f-422a-48d8-9bd1-31589886afb5;410.7;2.82756;BUY
2016-03-13T00:14:31.257000;2016-03-13T00:14:31.110000;e51d0659-8185-4db4-8eba-0000fcc92ab9;410.57;0.07244071;SELL
2016-03-13T00:14:31.257000;2016-03-13T00:14:31.127000;d2d56be7-5375-4cd4-8a40-103b006aab49;410.56;0.09749223;SELL
2016-03-13T00:14:31.257000;2016-03-13T00:14:31.127000;1e57048c-cb20-4647-8d78-a3a4f2787491;410.53;0.07928623;SELL
2016-03-13T00:14:31.257000;2016-03-13T00:14:31.127000;9edff5b3-e744-4974-874a-a00f6a8e51d1;410.53;0.01;SELL
2016-03-13T00:14:31.260000;2016-03-13T00:14:31.143000;03e3995a-dca0-4154-bbe4-1137934bb4b5;410.52;0.09745651;SELL
2016-03-13T00:14:31.260000;2016-03-13T00:14:31.143000;840f96bd-c46d-43a1-929b-465b6bb93ed9;410.51;0.15792173;SELL
2016-03-13T00:14:31.260000;2016-03-13T00:14:31.143000;abfe0610-2397-481e-a891-3aff051fd32b;410.51;7.25563;SELL
2016-03-13T00:14:31.260000;2016-03-13T00:14:31.143000;bff7a0f2-0a42-486b-84b4-5c98a91172a6;410.5;0.0115;SELL
2016-03-13T00:14:31.260000;2016-03-13T00:14:31.157000;631a1dab-8c34-4606-bee9-93726e92a8af;410.49;1.92452259;SELL
2016-03-13T00:15:01.200000;2016-03-13T00:15:01.047000;109619e7-cc30-4821-a3fe-49d2548ba840;410.52;0.428;SELL
2016-03-13T00:15:01.200000;2016-03-13T00:15:01.063000;3dc39552-319b-4943-9277-823249580ff4;410.51;0.051;SELL
2016-03-13T00:15:01.200000;2016-03-13T00:15:01.063000;40dd1214-f284-4157-9153-43e9e51e348c;410.51;0.49305;SELL
2016-03-13T00:15:33.120000;2016-03-13T00:15:32.987000;a7b44271-69c7-4147-b310-db1413cd6a33;410.55;0.01;BUY
2016-03-13T00:15:33.120000;2016-03-13T00:15:32.987000;f466bbbf-0a11-456e-bdc6-136a59023766;410.56;0.11054;BUY
2016-03-13T00:16:01.887000;2016-03-13T00:16:01.737000;d0153fe7-7363-4b45-a894-f96a60d644b9;410.56;0.0041828;BUY
2016-03-13T00:16:01.887000;2016-03-13T00:16:01.750000;dfdea174-62f7-4a7e-b3d5-ebf86275d0ef;410.57;0.0560872;BUY
2016-03-13T00:16:07.627000;2016-03-13T00:16:07.470000;3c07e018-ac52-4e66-8496-a8503fb6cfe2;410.57;0.0439128;BUY
2016-03-13T00:16:07.627000;2016-03-13T00:16:07.487000;96c499fd-f816-400b-b825-24d41b12175d;410.63;0.0060872;BUY
2016-03-13T00:16:22.997000;2016-03-13T00:16:22.847000;56b441b3-cff6-4f60-8da1-82b77bf03a09;410.64;0.0130044;BUY
2016-03-13T00:16:23.010000;2016-03-13T00:16:22.860000;ccd85233-373b-4c55-a002-26580f38ee68;410.64;0.0444956;BUY
2016-03-13T00:16:31.470000;2016-03-13T00:16:31.313000;0a86d55c-ccec-410d-b6a7-29024e259fb3;410.64;0.2524;BUY
2016-03-13T00:16:31.470000;2016-03-13T00:16:31.330000;3bac9617-5adc-4c15-9d97-19d7da88a660;410.67;0.121;BUY
2016-03-13T00:16:31.473000;2016-03-13T00:16:31.330000;177dee25-d5fd-40d7-97b7-8e93eb2a8737;410.68;0.01;BUY
2016-03-13T00:16:31.473000;2016-03-13T00:16:31.330000;fd6c8986-528d-450b-bb31-9b3a95ad125f;410.68;0.01;BUY
2016-03-13T00:16:31.473000;2016-03-13T00:16:31.330000;c08f63be-7014-4095-a89b-59ceb563f153;410.69;0.76548;BUY
2016-03-13T00:17:01.283000;2016-03-13T00:17:01.127000;5e63fa7f-5f20-4b8c-93c7-f8650aa416da;410.7;0.17244;BUY
2016-03-13T00:17:01.283000;2016-03-13T00:17:01.143000;43667248-f08f-4710-a5be-7049fcec4a40;410.71;0.03;BUY
2016-03-13T00:17:01.283000;2016-03-13T00:17:01.143000;525cc902-8258-40bc-a81a-3ee5b0a78643;410.71;0.01;BUY
2016-03-13T00:17:01.283000;2016-03-13T00:17:01.143000;d6597385-5910-44a6-8df5-769c43b4ceed;410.72;0.01;BUY
2016-03-13T00:17:01.283000;2016-03-13T00:17:01.157000;50dabb04-d0b2-433e-93fa-d39d27031ee0;410.73;0.82283;BUY
2016-03-13T00:17:03.013000;2016-03-13T00:17:02.847000;16920722-3690-419c-8eef-c9252a7cc7a7;410.71;0.03;BUY
2016-03-13T00:17:03.017000;2016-03-13T00:17:02.860000;704bbbf1-619e-4e9f-8706-c279dddce17a;410.72;0.0025;BUY
2016-03-13T00:17:42.000000;2016-03-13T00:17:41.830000;58fae7fb-a16f-48d1-9a3d-31e2b89954a4;410.71;0.3;BUY
2016-03-13T00:17:42.020000;2016-03-13T00:17:41.860000;0affd763-e377-4196-9632-d7925faea387;410.71;0.0375;BUY
2016-03-13T00:17:42.037000;2016-03-13T00:17:41.893000;2116ab18-4b05-460b-82d2-7060b33a9137;410.71;0.2162445;BUY
2016-03-13T00:17:42.043000;2016-03-13T00:17:41.907000;6e00d110-d028-46d9-8616-b90985713505;410.71;0.0825;BUY
2016-03-13T00:18:02.173000;2016-03-13T00:18:02.000000;daba541a-a00d-4875-bcc3-6867d3b1af73;410.7;0.37723;BUY
2016-03-13T00:18:31.477000;2016-03-13T00:18:31.313000;e93c53a3-485f-4763-a75d-1fc0c3f22d46;410.72;0.03;BUY
2016-03-13T00:18:31.477000;2016-03-13T00:18:31.330000;2baf7dad-d9da-4112-9403-da65ae082fc0;410.72;0.36512;BUY
2016-03-13T00:19:01.270000;2016-03-13T00:19:01.097000;cf4b4f0f-148e-42e7-9225-4af25a940664;410.65;0.01993;SELL
2016-03-13T00:19:31.280000;2016-03-13T00:19:31.110000;6d316810-3423-43df-a6f3-8f3d135fdc20;410.71;0.371;BUY
2016-03-13T00:19:31.280000;2016-03-13T00:19:31.127000;4539f232-9afd-4b9c-bf50-84c063c68d6e;410.72;0.03;BUY
2016-03-13T00:19:31.280000;2016-03-13T00:19:31.127000;4e2dcf8f-9265-4f95-bcfc-cadbea628d53;410.72;0.70487;BUY
2016-03-13T00:20:01.673000;2016-03-13T00:20:01.500000;0cdc63d0-0bba-452e-b7a6-f3c07688e0bf;410.71;0.331;BUY
2016-03-13T00:20:01.673000;2016-03-13T00:20:01.517000;45a7a2fe-dc08-49b3-b715-4d22be71c6b3;410.72;0.78476;BUY
2016-03-13T00:20:31.423000;2016-03-13T00:20:31.250000;643f6845-6a4e-4734-844a-66f724c597bd;410.71;0.324;BUY
2016-03-13T00:20:31.423000;2016-03-13T00:20:31.267000;613b2b13-c8b6-4958-885e-255a21137a0d;410.71;1.05405;BUY
2016-03-13T00:21:01.267000;2016-03-13T00:21:01.097000;b1e82094-c7a4-4b00-a451-9dffce588362;410.71;1.60802;BUY
2016-03-13T00:22:01.280000;2016-03-13T00:22:01.110000;411de90d-7986-4b52-af99-c4ac134cb27b;410.72;0.297;BUY
2016-03-13T00:22:01.280000;2016-03-13T00:22:01.127000;49b7b480-4fe2-44ea-951c-b2aeebeb8264;410.73;0.10406;BUY
2016-03-13T00:22:31.330000;2016-03-13T00:22:31.157000;714d1d32-ddbc-4517-9e35-7a9698533a3b;410.72;0.06988;BUY
2016-03-13T00:23:01.443000;2016-03-13T00:23:01.267000;3690073c-45cb-45a4-8849-67ac84b85ad6;410.67;0.03;SELL
2016-03-13T00:23:01.443000;2016-03-13T00:23:01.283000;2b2ea3b0-71a7-4e25-ae61-d4761adb4f71;410.67;0.07994;SELL
2016-03-13T00:23:31.327000;2016-03-13T00:23:31.143000;9e28d3f8-d574-4e0c-8977-ff04104ce0c3;410.72;0.022;BUY
2016-03-13T00:23:31.327000;2016-03-13T00:23:31.157000;9017465f-eecb-482b-8196-dfc6437474af;410.73;0.50487;BUY
2016-03-13T00:24:01.450000;2016-03-13T00:24:01.267000;296fb56f-13f5-41ce-9daa-c06f09d6eb5b;410.73;1.37829;BUY
2016-03-13T00:24:31.653000;2016-03-13T00:24:31.487000;23b016a2-99f0-43d2-9a04-27d583bce003;410.73;0.09876;BUY
2016-03-13T00:24:36.213000;2016-03-13T00:24:36.033000;84ac23bd-68ca-4175-b052-625857eac574;410.73;0.08872838;BUY
2016-03-13T00:25:25.297000;2016-03-13T00:25:25.110000;0e590ff6-e042-4dbc-942c-e91150a4d135;410.73;2.00246162;BUY
2016-03-13T00:25:25.297000;2016-03-13T00:25:25.127000;e2465f79-8cdf-4d7f-93b4-74812d3bd358;410.74;0.1210897;BUY
2016-03-13T00:25:25.297000;2016-03-13T00:25:25.127000;06bec524-454b-4cb6-9d61-972a2ae7a180;410.75;0.01;BUY
2016-03-13T00:25:25.297000;2016-03-13T00:25:25.157000;b86883db-aec3-4fcc-b183-1cb2811f73c4;410.75;0.01;BUY
2016-03-13T00:25:25.300000;2016-03-13T00:25:25.203000;5a6a10cc-b881-4567-a1b3-bd7899a09ef3;410.76;0.01;BUY
2016-03-13T00:25:25.300000;2016-03-13T00:25:25.220000;b3e480a3-6307-47bb-a07e-33aa819dd0a3;410.77;0.142;BUY
2016-03-13T00:25:25.300000;2016-03-13T00:25:25.220000;ae4f6426-7150-48b2-a0b3-8eab2d337fdd;410.78;0.0428722;BUY
2016-03-13T00:25:25.300000;2016-03-13T00:25:25.220000;bd32c619-7947-4361-918b-ca3f9e511633;410.79;2.66157648;BUY
2016-03-13T00:25:31.760000;2016-03-13T00:25:31.580000;058114c9-84e6-4ea5-80e8-bc8f1738bcd5;410.79;1.48408;BUY
2016-03-13T00:25:44.397000;2016-03-13T00:25:44.220000;c72e398c-a32d-4e9d-8daa-569a1999c036;410.79;5.0;BUY
2016-03-13T00:26:01.833000;2016-03-13T00:26:01.643000;e58fe2aa-a8ab-4f98-905e-f5937320ce88;410.79;0.60254;BUY
2016-03-13T00:26:31.717000;2016-03-13T00:26:31.533000;9ed40239-5c67-4631-8a2a-01220dd1a90f;410.79;0.48205;BUY
2016-03-13T00:27:01.400000;2016-03-13T00:27:01.450000;08fd6b19-ab49-4747-a324-47fd4a754128;410.79;0.47479;BUY
2016-03-13T00:27:21.857000;2016-03-13T00:27:21.903000;ef90215c-71cd-4844-9f0b-2c4c6d65436b;410.79;0.01641532;BUY
2016-03-13T00:27:21.870000;2016-03-13T00:27:21.920000;c89576b3-a6e8-40fd-82f2-fe2d1d37ec85;410.79;0.01358468;BUY
2016-03-13T00:27:31.417000;2016-03-13T00:27:31.467000;2d0568a2-3894-471c-b47e-d6f987e2a4c2;410.78;0.0394;SELL
2016-03-13T00:27:45.463000;2016-03-13T00:27:45.513000;68316f4f-2a81-4878-a0d4-75fed403484f;410.79;0.03;BUY
2016-03-13T00:28:32.903000;2016-03-13T00:28:32.933000;55998d47-81eb-4d65-b18c-9f70717d174c;410.78;0.01661;SELL
2016-03-13T00:29:03.407000;2016-03-13T00:29:03.467000;ac47e64b-0828-43ef-a2a1-6bae3195f4d1;410.79;0.15909;BUY
2016-03-13T00:29:31.433000;2016-03-13T00:29:31.467000;4cbbbf1b-4744-4ef9-99e2-be8092e7a420;410.79;1.0;BUY
2016-03-13T00:30:01.510000;2016-03-13T00:30:01.543000;a1baea38-9ea6-4b4d-b705-e5c60ba6fa83;410.79;0.48204;BUY
2016-03-13T00:30:31.517000;2016-03-13T00:30:31.560000;f0f6df48-0265-483a-97e4-67e49c2d840d;410.79;0.67;BUY
2016-03-13T00:30:41.753000;2016-03-13T00:30:41.793000;63c395de-c11c-402e-8387-7564c812b300;410.79;2.40987085;BUY
2016-03-13T00:30:41.753000;2016-03-13T00:30:41.810000;71fd93df-ab40-47aa-b74b-f2e80dae0960;410.8;0.01;BUY
2016-03-13T00:30:41.753000;2016-03-13T00:30:41.810000;90759f83-e909-49c3-a51c-eed8d3c7cc90;410.81;0.03993014;BUY
2016-03-13T00:30:41.757000;2016-03-13T00:30:41.823000;20c95bf2-2b32-4768-8a6f-616d1aab5c28;410.84;0.01;BUY
2016-03-13T00:30:41.757000;2016-03-13T00:30:41.823000;65923f25-76b9-41f0-8248-ff5f8a6b4964;410.87;3.0;BUY
2016-03-13T00:30:41.757000;2016-03-13T00:30:41.823000;f15aa2c9-d52b-47c0-afb9-0f7a27c7971e;410.88;0.01;BUY
2016-03-13T00:30:41.757000;2016-03-13T00:30:41.823000;d0baac83-c21e-44a5-91b1-c0a03f5beb9f;410.91;4.0;BUY
2016-03-13T00:30:41.757000;2016-03-13T00:30:41.840000;2db80713-6325-49f6-9dba-f79823d0b5a5;410.92;0.01;BUY
2016-03-13T00:30:41.757000;2016-03-13T00:30:41.840000;c3970845-d0e1-42fc-8b71-6063175305c0;410.92;0.2214202;BUY
2016-03-13T00:31:01.330000;2016-03-13T00:31:01.357000;c8bcd963-e322-407e-8a60-00dc3ef93937;410.93;0.01;BUY
2016-03-13T00:31:01.330000;2016-03-13T00:31:01.373000;fdcb5a0b-0fe8-4677-945e-9aafb2cba858;410.96;0.15866;BUY
2016-03-13T00:31:52.570000;2016-03-13T00:31:52.590000;3a813c0c-80fb-4d18-8bd9-482298c56da5;410.95;5.96;SELL
2016-03-13T00:31:52.570000;2016-03-13T00:31:52.623000;adf331bf-b5f7-44bc-8db0-94c1cce603d9;410.95;0.535;SELL
2016-03-13T00:32:31.377000;2016-03-13T00:32:31.403000;08333aaa-0934-49c7-b21b-23f49811274e;410.95;0.28911;BUY
2016-03-13T00:32:53.180000;2016-03-13T00:32:53.247000;9cf8c2ae-4713-4c1d-9071-9bb9c9879d37;410.94;0.1;BUY
2016-03-13T00:32:56.827000;2016-03-13T00:32:56.857000;03e4df01-cd98-4be7-8420-7e7d690f9061;410.95;0.04579161;BUY
2016-03-13T00:33:01.427000;2016-03-13T00:33:01.450000;e4b0d6d9-a16b-4f37-8409-563b86c11664;410.95;2.89445;BUY
2016-03-13T00:33:29.357000;2016-03-13T00:33:29.387000;39b47979-6ffe-42e5-b767-a68c34ce608e;410.95;0.12;BUY
2016-03-13T00:34:01.483000;2016-03-13T00:34:01.513000;5044a8d5-039a-4096-b677-40425c700b20;410.93;0.7069831;SELL
2016-03-13T00:34:01.483000;2016-03-13T00:34:01.527000;6dcb00b1-dfe0-43ec-8d0e-f3720071d594;410.93;0.1157569;SELL
2016-03-13T00:34:31.517000;2016-03-13T00:34:31.577000;b4226743-eb17-40e8-9430-1c57efd9a6c4;410.94;1.78544;BUY
2016-03-13T00:35:01.317000;2016-03-13T00:35:01.340000;44e60a1a-f53f-4735-be2c-116cc8567800;410.95;0.22036;BUY
2016-03-13T00:35:31.397000;2016-03-13T00:35:31.420000;55877f53-81af-4264-910f-4f436cbdecff;410.95;0.08309;BUY
2016-03-13T00:36:32.400000;2016-03-13T00:36:32.420000;ba3dead3-0985-4206-a424-4e5c0529cb3c;410.95;0.24447;BUY
2016-03-13T00:37:01.450000;2016-03-13T00:37:01.467000;2610cf4b-726a-43d2-9079-4dda5fe1d518;410.95;0.41439;BUY
2016-03-13T00:37:07.417000;2016-03-13T00:37:07.433000;d204700d-ab67-4917-8387-314a1eaa14bd;410.95;39.19333839;BUY
2016-03-13T00:37:07.417000;2016-03-13T00:37:07.450000;086d5ca2-fdfa-4eef-bfa1-6bc3ffa2e5fc;410.95;4.13;BUY
2016-03-13T00:37:07.417000;2016-03-13T00:37:07.450000;ed4aaab2-fb7e-4936-8fc0-32e776f1d474;410.96;21.5538536;BUY
2016-03-13T00:37:07.417000;2016-03-13T00:37:07.467000;60a5edd0-50ff-43ff-9423-680900ea8946;410.96;0.01;BUY
2016-03-13T00:37:07.417000;2016-03-13T00:37:07.467000;c92ea2cc-f12f-4a30-ae19-c67edd124229;410.97;0.01;BUY
2016-03-13T00:37:07.417000;2016-03-13T00:37:07.467000;4262ebc8-e3ec-4ca9-8f09-6ea658b97c30;410.98;0.00875911;BUY
2016-03-13T00:38:01.520000;2016-03-13T00:38:01.543000;e207352d-9eec-470f-a55b-3ed3de6f3786;410.98;0.04024089;BUY
2016-03-13T00:38:01.520000;2016-03-13T00:38:01.560000;315a8c73-c410-4c55-aa45-ad63631b386f;410.99;0.284547;BUY
2016-03-13T00:38:01.520000;2016-03-13T00:38:01.560000;5e8bb163-efcb-4a34-86a8-14c917b58804;411.0;1.10940406;BUY
2016-03-13T00:38:01.520000;2016-03-13T00:38:01.577000;7807ea05-e7b9-4bd4-9cd4-6758cc1db3e3;411.0;0.1;BUY
2016-03-13T00:38:01.523000;2016-03-13T00:38:01.653000;61fa7b5a-516c-4127-907b-d9d2130f0783;411.0;0.96839805;BUY
2016-03-13T00:39:01.407000;2016-03-13T00:39:01.420000;3a0278d7-e336-4e2a-bfd9-b2d503ec0473;411.0;0.12473;BUY
2016-03-13T00:39:26.160000;2016-03-13T00:39:26.170000;0e83ed95-f377-4ee3-891b-c1b534e70253;411.0;3.0;BUY
2016-03-13T00:39:31.437000;2016-03-13T00:39:31.450000;8674f949-0c6a-49fa-9618-187a75e6801a;411.0;0.04818;BUY
2016-03-13T00:40:01.657000;2016-03-13T00:40:01.670000;be167fef-1d37-4253-92ad-b1b4fe022c2c;410.99;0.7966;SELL
2016-03-13T00:41:22.560000;2016-03-13T00:41:22.560000;eac1534d-9137-4050-b124-cb93f2e4a2ae;411.0;0.02;BUY
2016-03-13T00:41:31.397000;2016-03-13T00:41:31.403000;e739f3eb-e2d0-4efb-afaa-20284765dbad;411.0;0.88713;BUY
2016-03-13T00:41:39.743000;2016-03-13T00:41:39.747000;f21a0d97-359a-4779-9a4e-db0f250d620e;411.0;0.04649645;BUY
2016-03-13T00:42:01.393000;2016-03-13T00:42:01.387000;d333d32a-3182-4ea5-bfac-9759030df7aa;410.99;0.40122;SELL
2016-03-13T00:42:31.570000;2016-03-13T00:42:31.597000;a5f2e406-af5b-42cf-9a5b-812f999849af;411.0;0.451;BUY
2016-03-13T00:43:01.450000;2016-03-13T00:43:01.470000;a9fcafdb-b1ab-49f7-94c3-f3dab7c826c7;411.0;1.03382;BUY
2016-03-13T00:43:02.040000;2016-03-13T00:43:02.067000;6e4134a1-9fa3-4301-80a7-eb2e9513d2a7;411.0;0.01;BUY
2016-03-13T00:43:31.447000;2016-03-13T00:43:31.470000;89e6b3c5-63cf-4e89-892f-cbbb7a85c6e4;411.0;0.14455;BUY
2016-03-13T00:44:01.413000;2016-03-13T00:44:01.440000;14227c14-a293-49c7-aa52-036d410b83e6;411.0;1.1184;BUY
2016-03-13T00:45:01.457000;2016-03-13T00:45:01.487000;c44c4755-b1fe-4ac9-af86-0d895e52a4ce;411.0;0.57367;BUY
2016-03-13T00:45:05.767000;2016-03-13T00:45:05.783000;55398b69-5738-4254-85ef-c28fd2f99aee;411.0;0.04508296;BUY
2016-03-13T00:45:31.527000;2016-03-13T00:45:31.550000;d4243104-b9b8-41e7-9098-f7cb24cd7eb6;411.0;2.29374;BUY
2016-03-13T00:45:31.763000;2016-03-13T00:45:31.783000;f44d2e49-d617-4b35-808d-e95d0e0590f3;411.0;0.01713;BUY
2016-03-13T00:46:31.517000;2016-03-13T00:46:31.533000;d33d728d-83fa-4d9b-9a4b-781625ebeaba;411.0;0.10577;BUY
2016-03-13T00:47:01.517000;2016-03-13T00:47:01.533000;8cf4aac5-3506-4b1b-8e6e-edb6d4eb8552;411.0;0.09891;BUY
2016-03-13T00:48:01.477000;2016-03-13T00:48:01.487000;8dd28d20-8f64-4754-8104-62e8827a8ce0;411.0;0.27703;BUY
2016-03-13T00:48:31.453000;2016-03-13T00:48:31.457000;e9d9478f-48c8-43f6-b9b1-f39a1460e937;411.0;0.39758;BUY
2016-03-13T00:49:01.467000;2016-03-13T00:49:01.470000;ebb937f5-13a3-490c-9265-0d84ca686c16;411.0;1.0818;BUY
2016-03-13T00:49:31.423000;2016-03-13T00:49:31.423000;1138d8ae-1867-4727-b6c8-4c7bfb379bed;410.99;1.4;SELL
2016-03-13T00:49:31.423000;2016-03-13T00:49:31.440000;a06cfcef-0524-4090-bc18-6fa4ddce9ba3;410.99;0.24331492;SELL
2016-03-13T00:49:31.423000;2016-03-13T00:49:31.440000;09459491-219d-4d58-8f70-e105190e70f3;410.99;0.03101089;SELL
2016-03-13T00:49:31.423000;2016-03-13T00:49:31.503000;c17574b7-54fa-4d41-8a3f-0e43ef5eb5f6;410.99;0.0606386;SELL
2016-03-13T00:49:31.427000;2016-03-13T00:49:31.520000;53d03581-7448-49cb-8f9f-c9eef9adcfc2;410.98;0.07154628;SELL
2016-03-13T00:49:31.427000;2016-03-13T00:49:31.520000;8f2c675d-a9bf-4e40-95ec-fb7d5c83c209;410.97;0.04767507;SELL
2016-03-13T00:49:31.427000;2016-03-13T00:49:31.520000;7106c768-fd94-4f57-8cf1-375a12ef97a4;410.96;0.77416424;SELL
2016-03-13T00:50:01.513000;2016-03-13T00:50:01.520000;bc51b520-6b14-4722-a258-7f3d4d75b73e;410.99;0.346;BUY
2016-03-13T00:50:01.513000;2016-03-13T00:50:01.520000;6a765af9-e69e-42aa-ae53-684e216f868d;411.0;0.13581;BUY
2016-03-13T00:50:31.417000;2016-03-13T00:50:31.423000;476233ec-e59f-476a-b235-34f38aa750d7;410.99;0.352;BUY
2016-03-13T00:50:31.417000;2016-03-13T00:50:31.440000;e94507f1-b3f5-44ef-ab43-e89d806374b5;410.99;0.01178;BUY
2016-03-13T00:51:01.470000;2016-03-13T00:51:01.470000;28f29d4b-691e-4d41-9984-4f43ad929866;410.99;0.01822;BUY
2016-03-13T00:51:01.470000;2016-03-13T00:51:01.487000;5494f1cd-f860-4248-b94b-7876ae61e55d;411.0;0.94819;BUY
2016-03-13T00:51:34.777000;2016-03-13T00:51:34.783000;064410bb-877f-487c-8b62-2f0fe751614e;411.0;0.59019;BUY
2016-03-13T00:52:31.497000;2016-03-13T00:52:31.487000;8eb34583-055e-46bf-86b9-6bfa7688b3d2;411.0;1.66801;BUY
2016-03-13T00:54:03.307000;2016-03-13T00:54:03.300000;814f1e31-db8a-461c-91b3-632f7142a2b9;411.0;1.08285;BUY
2016-03-13T00:54:34.200000;2016-03-13T00:54:34.190000;393281ed-dc72-40c0-bd70-4484ef880b50;410.99;0.24355;SELL
2016-03-13T00:55:01.457000;2016-03-13T00:55:01.440000;8d2a6530-b92e-4f30-b030-d094e000b753;410.99;3.3805823;SELL
2016-03-13T00:55:01.457000;2016-03-13T00:55:01.457000;9a5df1f6-add4-488c-a2a4-3e61d6035161;410.96;7.30583576;SELL
2016-03-13T00:55:01.457000;2016-03-13T00:55:01.457000;f8de9c78-db01-48cf-bff1-42d2999d826d;410.95;0.0115;SELL
2016-03-13T00:55:01.457000;2016-03-13T00:55:01.457000;ccff54d0-253d-414a-8e2a-4e0eccb13e0e;410.95;0.03;SELL
2016-03-13T00:55:01.457000;2016-03-13T00:55:01.520000;219fd7ca-dc34-44da-9823-b6571aefe2d1;410.95;0.0115;SELL
2016-03-13T00:55:01.457000;2016-03-13T00:55:01.520000;81cdef16-2e27-44f1-9501-76f0dca1588e;410.94;0.0266275;SELL
2016-03-13T00:55:01.457000;2016-03-13T00:55:01.520000;d68a5f23-33e9-45fa-b720-b06323d87c35;410.94;0.481;SELL
2016-03-13T00:55:01.457000;2016-03-13T00:55:01.520000;fecdf737-985d-4fad-bf5b-95c9331afb46;410.92;0.21;SELL
2016-03-13T00:55:01.457000;2016-03-13T00:55:01.520000;b058d388-a46f-406c-90e2-b70cf0eab1f9;410.9;7.26254;SELL
2016-03-13T00:55:01.457000;2016-03-13T00:55:01.520000;7ae02471-9ec3-48e9-baf8-cc13ff0c0952;410.89;0.134;SELL
2016-03-13T00:55:01.457000;2016-03-13T00:55:01.520000;228e4c77-3465-4d37-8f9d-34ad2c00f1cd;410.84;0.53;SELL
2016-03-13T00:55:01.457000;2016-03-13T00:55:01.520000;d560f558-f1df-4eeb-a180-7c7a6e489f7b;410.79;0.514;SELL
2016-03-13T00:55:01.457000;2016-03-13T00:55:01.520000;6d6d572d-a166-47d4-9636-fde3c07ea5a3;410.75;0.10552444;SELL
2016-03-13T00:55:31.500000;2016-03-13T00:55:31.487000;243b8f4e-8635-4224-933f-4fc8b8ec5ebc;410.99;0.377;BUY
2016-03-13T00:55:31.500000;2016-03-13T00:55:31.503000;89245491-bddb-4ff2-a137-20858420663f;411.0;14.43149;BUY
2016-03-13T00:56:01.420000;2016-03-13T00:56:01.410000;81a34bd1-db41-435a-bad5-948948d748b2;411.0;0.32832;BUY
2016-03-13T00:56:31.400000;2016-03-13T00:56:31.377000;d53f22e2-cc5e-40b7-b660-a38e22681761;410.99;0.04126;SELL
2016-03-13T00:58:01.447000;2016-03-13T00:58:01.393000;f37620bf-23de-47bb-9877-525238c6e28d;410.99;0.10523;SELL
2016-03-13T00:58:31.477000;2016-03-13T00:58:31.407000;5f674eb5-e988-4d60-97fd-d49373fbe297;411.0;0.04817;BUY
2016-03-13T01:00:32.067000;2016-03-13T01:00:32.000000;b8de785f-493e-4bce-af15-c79491a5eed0;411.0;0.30024;BUY
2016-03-13T01:01:31.467000;2016-03-13T01:01:31.393000;462eae2b-1812-4c11-889c-ae6e52e3d468;411.0;0.04867;BUY
2016-03-13T01:02:01.513000;2016-03-13T01:02:01.440000;4b0706d2-30fb-4308-9ca7-bb556920b6f2;411.0;0.09635;BUY
2016-03-13T01:02:31.567000;2016-03-13T01:02:31.487000;25e525bb-4142-40d2-816f-d07ed909a741;410.99;0.05351;SELL
2016-03-13T01:02:31.567000;2016-03-13T01:02:31.500000;0c5e8293-17d8-4264-843b-c2aaba9bda5d;410.99;0.03151946;SELL
2016-03-13T01:02:31.567000;2016-03-13T01:02:31.500000;71767926-3601-4efd-b456-adfcad22ae48;410.99;0.05;SELL
2016-03-13T01:02:31.567000;2016-03-13T01:02:31.500000;9acc51c7-f1c0-4a95-811d-03e310efcb3a;410.99;0.60403417;SELL
2016-03-13T01:02:31.567000;2016-03-13T01:02:31.580000;feed5c5b-7dd1-4526-ae7d-980c767252c4;410.98;0.0777327;SELL
2016-03-13T01:02:31.567000;2016-03-13T01:02:31.593000;5c534798-1cdb-4013-9ca5-a8497d54e940;410.98;0.187;SELL
2016-03-13T01:02:31.567000;2016-03-13T01:02:31.593000;a003314e-cc6b-4fa2-b037-448ea8f70cc6;410.97;0.09530186;SELL
2016-03-13T01:02:31.567000;2016-03-13T01:02:31.593000;0f87376d-b806-4d63-af89-a9c1464ebccc;410.96;0.03;SELL
2016-03-13T01:02:31.567000;2016-03-13T01:02:31.593000;9a13f01d-6672-4b70-8f5e-932ed230b7ca;410.96;0.05;SELL
2016-03-13T01:02:31.567000;2016-03-13T01:02:31.593000;7f44481e-6e60-4b81-955f-84e5aaf74638;410.95;4.64298181;SELL
2016-03-13T01:03:01.493000;2016-03-13T01:03:01.407000;dd53a540-d391-4740-a743-9d3291cc8c0e;411.0;1.36154;BUY
2016-03-13T01:03:31.827000;2016-03-13T01:03:31.750000;d62fc233-3288-42dd-895c-7852e3c987b7;410.99;0.17;BUY
2016-03-13T01:03:31.827000;2016-03-13T01:03:31.767000;7d369bf1-7283-49bd-a362-358df6347b1e;411.0;3.47108;BUY
2016-03-13T01:04:01.560000;2016-03-13T01:04:01.487000;dd576584-6edb-4aaf-a27a-6ea0d21e3b75;411.0;5.2409;BUY
2016-03-13T01:04:31.917000;2016-03-13T01:04:31.847000;819bb3dc-05e1-43d2-8cad-0c470215741d;410.98;0.25;SELL
2016-03-13T01:04:31.917000;2016-03-13T01:04:31.860000;a184c122-486d-482f-b740-f802a64e6b62;410.97;0.1349;SELL
2016-03-13T01:04:31.917000;2016-03-13T01:04:31.860000;eaf9f4b4-cc17-46f5-ab3b-97db7f606892;410.96;0.03;SELL
2016-03-13T01:04:31.917000;2016-03-13T01:04:31.877000;aa502227-3597-4cc3-aae2-79853d7341ca;410.95;3.46701819;SELL
2016-03-13T01:04:31.917000;2016-03-13T01:04:31.877000;a61feb95-367f-4bc1-8a76-63ec29daab0a;410.94;0.08545285;SELL
2016-03-13T01:04:31.917000;2016-03-13T01:04:31.940000;fabe7799-8d5e-45b7-a080-689346db4abb;410.94;0.13;SELL
2016-03-13T01:04:31.917000;2016-03-13T01:04:31.940000;7050df88-9df0-4141-accf-c0905de8d7c5;410.92;0.079824;SELL
2016-03-13T01:04:31.917000;2016-03-13T01:04:31.940000;78ae1f07-e185-4de3-bca8-1f37eb4c0b93;410.91;0.0224089;SELL
2016-03-13T01:04:31.917000;2016-03-13T01:04:31.940000;3d2b2d1b-41aa-4914-9e65-6bae4a2bdfb6;410.91;0.093;SELL
2016-03-13T01:04:31.917000;2016-03-13T01:04:31.940000;b1b74d02-4ea7-469e-a6b0-7bafd5773b8b;410.9;0.061172;SELL
2016-03-13T01:04:31.920000;2016-03-13T01:04:31.940000;25b9473c-c355-4312-9a7b-18bb45b79779;410.89;0.05;SELL
2016-03-13T01:04:31.920000;2016-03-13T01:04:31.940000;71e38d7c-c7a3-4dd4-b4d5-227d11e21410;410.79;7.2424;SELL
2016-03-13T01:04:31.920000;2016-03-13T01:04:31.940000;4456cb8d-2282-408a-bc84-abf1fa90b5ec;410.77;15.8447;SELL
2016-03-13T01:04:31.920000;2016-03-13T01:04:31.940000;4b33697d-bca0-4e65-b47b-939568b646ca;410.76;0.444;SELL
2016-03-13T01:04:31.920000;2016-03-13T01:04:31.940000;accaaff0-cacd-4409-a2e4-ce1ee74a801b;410.75;1.0;SELL
2016-03-13T01:04:31.920000;2016-03-13T01:04:31.940000;a73e8df3-7626-44f2-a5e7-9060a22170ea;410.73;0.01;SELL
2016-03-13T01:04:31.920000;2016-03-13T01:04:31.940000;134646e1-8f75-4fdb-95d6-7c9295cf7635;410.71;0.424;SELL
2016-03-13T01:04:31.920000;2016-03-13T01:04:31.940000;5ad0d304-91ac-4fef-9137-608b9dd5755f;410.65;0.08007;SELL
2016-03-13T01:04:31.920000;2016-03-13T01:04:31.940000;876fca69-38d1-41f2-a9e9-a2cc6ad6745c;410.65;0.468;SELL
2016-03-13T01:04:31.920000;2016-03-13T01:04:31.940000;e0d508c5-ecfe-4608-8bdb-17e1e630b62a;410.65;0.2;SELL
2016-03-13T01:04:31.920000;2016-03-13T01:04:31.940000;d5ce1b25-ac46-414d-aaad-0bda8c6740b0;410.61;19.88305406;SELL
2016-03-13T01:05:01.630000;2016-03-13T01:05:01.547000;fc513e35-c120-4527-b342-a106879bb00f;410.96;0.03;SELL
2016-03-13T01:05:01.630000;2016-03-13T01:05:01.563000;5ae6ebc2-4d46-4213-8fdd-bc9d41ee5052;410.95;0.1590174;SELL
2016-03-13T01:05:01.630000;2016-03-13T01:05:01.563000;314ba034-d81c-495e-b291-bb074c67335f;410.94;0.3;SELL
2016-03-13T01:05:01.630000;2016-03-13T01:05:01.563000;bc6b3e1f-efc8-483d-b3f8-0af071b80f99;410.93;0.1191624;SELL
2016-03-13T01:05:01.630000;2016-03-13T01:05:01.580000;1214ee00-055c-4406-842a-cb7e29eeead9;410.91;0.05;SELL
2016-03-13T01:05:01.630000;2016-03-13T01:05:01.657000;41a35802-0ba4-417d-9864-e8a7cb60f334;410.86;0.125;SELL
2016-03-13T01:05:01.630000;2016-03-13T01:05:01.657000;411464d3-c1bb-465d-a75c-9ecf2133454e;410.82;7.28724;SELL
2016-03-13T01:05:01.630000;2016-03-13T01:05:01.657000;e77e270f-1f06-4839-a886-8641c4617273;410.81;0.128;SELL
2016-03-13T01:05:01.630000;2016-03-13T01:05:01.657000;15f25db5-17aa-4061-a0e0-7ce34005086a;410.8;8.66;SELL
2016-03-13T01:05:01.630000;2016-03-13T01:05:01.657000;1699a058-e5b6-40a0-96f2-402a161dd902;410.76;0.128;SELL
2016-03-13T01:05:01.630000;2016-03-13T01:05:01.657000;add9e5f5-36d3-4408-b949-b555c660922b;410.73;0.01;SELL
2016-03-13T01:05:01.630000;2016-03-13T01:05:01.657000;6c6b2fee-8e2e-4835-b9bd-ac90ae892dab;410.64;7.9207;SELL
2016-03-13T01:05:01.630000;2016-03-13T01:05:01.657000;c52b6752-98b0-42bf-b843-17777551364d;410.63;0.2;SELL
2016-03-13T01:05:01.630000;2016-03-13T01:05:01.657000;4639d33c-ce34-4676-bb35-a3c3ac8dd97e;410.6;0.44;SELL
2016-03-13T01:05:01.630000;2016-03-13T01:05:01.657000;588734c3-dae0-4680-b133-567debb37f6a;410.55;7.30727;SELL
2016-03-13T01:05:01.633000;2016-03-13T01:05:01.657000;991dc899-7779-400b-9849-f7f7d290b84f;410.55;0.473;SELL
2016-03-13T01:05:01.633000;2016-03-13T01:05:01.657000;75f05bfe-8119-45da-b680-2ba864bea260;410.5;0.469;SELL
2016-03-13T01:05:01.633000;2016-03-13T01:05:01.657000;bc3abad7-c013-453a-81bc-0c0e4bae03a3;410.49;0.01;SELL
2016-03-13T01:05:01.633000;2016-03-13T01:05:01.657000;2f072fce-7e3f-4ffe-a604-d0b96e2180f2;410.46;6.13;SELL
2016-03-13T01:05:01.633000;2016-03-13T01:05:01.657000;dbef65fc-226d-4401-a0d3-8cdf19c42cbe;410.45;0.446;SELL
2016-03-13T01:05:01.633000;2016-03-13T01:05:01.657000;93312615-025f-443e-ab24-bf53eb3e3746;410.41;8.9533702;SELL
2016-03-13T01:05:31.703000;2016-03-13T01:05:31.627000;4d3a8177-144c-4e3f-b50b-1edc18009c1d;410.81;0.25235;BUY
2016-03-13T01:06:01.530000;2016-03-13T01:06:01.440000;bd8fe168-5358-43d1-b904-aa85713a68bc;410.78;0.05;BUY
2016-03-13T01:06:01.530000;2016-03-13T01:06:01.453000;c577e097-4958-4f68-8393-7c1e8d46454c;410.79;0.0665206;BUY
2016-03-13T01:06:01.530000;2016-03-13T01:06:01.453000;0ad22b01-02f7-4edb-af6c-96d8704b4837;410.8;0.0390894;BUY
2016-03-13T01:07:01.637000;2016-03-13T01:07:01.547000;7bb0c4e7-51f6-4500-aeec-bb7b56c12b7d;410.71;0.20344602;SELL
2016-03-13T01:07:01.640000;2016-03-13T01:07:01.563000;17ef9f62-0508-4706-b509-175e35268e5a;410.71;0.02183244;SELL
2016-03-13T01:07:01.640000;2016-03-13T01:07:01.563000;31ea14e4-e8e4-4a84-959d-7834d9586940;410.7;0.0795;SELL
2016-03-13T01:07:01.640000;2016-03-13T01:07:01.563000;68d62536-62ba-4d99-a493-df7d1be1c8e2;410.69;5.69522154;SELL
2016-03-13T01:07:31.637000;2016-03-13T01:07:31.547000;762634f7-7491-4a04-8b32-0da67823330f;410.78;0.1245;BUY
2016-03-13T01:07:31.637000;2016-03-13T01:07:31.563000;d043f119-e049-479b-914f-408d98f4c5be;410.78;0.05866;BUY
2016-03-13T01:09:01.550000;2016-03-13T01:09:01.453000;44d14f8b-98e1-436a-a3cb-396c3f8f1e78;410.76;0.03;SELL
2016-03-13T01:09:01.550000;2016-03-13T01:09:01.487000;b11859bc-2473-48b5-b9e9-aa7fc87b67e6;410.76;0.05;SELL
2016-03-13T01:09:01.550000;2016-03-13T01:09:01.487000;7129de22-7b9f-4667-ac3a-74e52978b20c;410.75;0.119962;SELL
2016-03-13T01:09:01.550000;2016-03-13T01:09:01.487000;91e738b9-3207-4640-9f16-aa4e2363ed2d;410.74;0.04795;SELL
2016-03-13T01:09:01.550000;2016-03-13T01:09:01.487000;24db5c59-6018-4d5e-ab45-13e5a4a5c4b9;410.73;0.1653;SELL
2016-03-13T01:09:01.553000;2016-03-13T01:09:01.563000;8b7c81a6-b0c4-4e93-8874-74b7469d086c;410.72;0.06442038;SELL
2016-03-13T01:09:01.553000;2016-03-13T01:09:01.563000;161c0302-631e-48ae-9138-11474e85a6e3;410.67;2.27196762;SELL
2016-03-13T01:09:31.660000;2016-03-13T01:09:31.563000;40f8ede5-ad54-4bd7-abe1-978c84da1294;410.79;0.01;BUY
2016-03-13T01:09:31.660000;2016-03-13T01:09:31.580000;fbf89959-6ec6-488e-8656-d4c0f0b7a6d2;410.79;0.112;BUY
2016-03-13T01:09:31.660000;2016-03-13T01:09:31.580000;6c3e261f-bebe-4c4d-a671-db1a05ed8f3d;410.8;0.11156457;BUY
2016-03-13T01:09:31.660000;2016-03-13T01:09:31.580000;26dbd712-439d-4592-aa44-dbd3fc065487;410.84;0.118;BUY
2016-03-13T01:09:31.660000;2016-03-13T01:09:31.580000;adb0bb35-70df-4f64-a794-6556c1dd3bbd;410.85;0.0758686;BUY
2016-03-13T01:09:31.660000;2016-03-13T01:09:31.580000;8814c76e-52b5-4928-9dde-3050478ddb8b;410.85;0.04521683;BUY
2016-03-13T01:10:31.563000;2016-03-13T01:10:31.470000;b1dbecdc-9c8d-470d-b602-bb83ffabe606;410.96;0.01;BUY
2016-03-13T01:10:31.563000;2016-03-13T01:10:31.470000;46f9dbb6-0a3d-473b-99f7-c25b34448f93;410.97;0.01;BUY
2016-03-13T01:10:31.563000;2016-03-13T01:10:31.470000;d443ea80-c472-45fd-bcc3-0e0131f63be9;410.98;0.01;BUY
2016-03-13T01:10:31.563000;2016-03-13T01:10:31.517000;d331be5a-c44a-4264-96d9-dbb161f037d5;410.99;1.20169;BUY
2016-03-13T01:11:01.440000;2016-03-13T01:11:01.347000;6f99c802-968c-4f2f-9a92-038cc5fd8cac;410.99;0.27182;BUY
2016-03-13T01:11:31.793000;2016-03-13T01:11:31.690000;e5ee8ad8-4909-4b0a-8fbe-9b276262c580;410.96;0.16916;SELL
2016-03-13T01:12:01.710000;2016-03-13T01:12:01.610000;9f2cac13-2764-4463-8e56-0ab25b4650f4;410.99;3.17706;BUY
2016-03-13T01:12:31.540000;2016-03-13T01:12:31.440000;cac8920c-1d7e-4c94-8162-224505b51c1d;410.99;0.34943;BUY
2016-03-13T01:12:31.540000;2016-03-13T01:12:31.453000;69dbe958-11e1-41fa-8608-0904c35fc02a;410.99;0.01041;BUY
2016-03-13T01:13:31.013000;2016-03-13T01:13:31.040000;17abdc74-dee4-424e-96dc-509664cbb93a;410.99;0.14455;BUY
2016-03-13T01:14:05.343000;2016-03-13T01:14:05.383000;026d80d6-13d0-40bc-9ce6-e38c4f1ba1a9;410.99;0.1;BUY
2016-03-13T01:14:05.343000;2016-03-13T01:14:05.383000;d35dca26-ac18-404c-a7d6-5e2e95f2e47a;410.99;0.576;BUY
2016-03-13T01:14:05.343000;2016-03-13T01:14:05.383000;8fd8a8af-d97f-48b7-a095-551722c06cef;411.0;1.01031;BUY
2016-03-13T01:14:30.630000;2016-03-13T01:14:30.667000;4742b345-ce07-421b-8673-93cffec380e8;410.99;0.507;BUY
2016-03-13T01:14:30.630000;2016-03-13T01:14:30.680000;2b9790e5-3292-4e0e-ad10-9a7230c39c0b;411.0;0.21571;BUY
2016-03-13T01:15:01.640000;2016-03-13T01:15:01.667000;75cb2aca-d39b-4fd5-b3c6-648b10cd87f3;411.0;0.25396;BUY
2016-03-13T01:15:31.803000;2016-03-13T01:15:31.820000;a221eed0-51c2-40b7-9fb4-91bd9e5286f2;410.99;0.507;BUY
2016-03-13T01:15:31.803000;2016-03-13T01:15:31.837000;fa852117-2966-4510-9b43-af92e678e4df;411.0;5.75139;BUY
2016-03-13T01:16:00.710000;2016-03-13T01:16:00.727000;59a463a1-b814-4065-9745-01759558dfda;410.99;0.27;BUY
2016-03-13T01:16:00.710000;2016-03-13T01:16:00.743000;0a05ea7d-497c-47ae-b9e6-f847c7ec1059;411.0;0.27340254;BUY
2016-03-13T01:16:00.710000;2016-03-13T01:16:00.743000;d8a7c266-576b-4ed2-82cb-97c2f2361e36;411.0;0.06;BUY
2016-03-13T01:16:00.710000;2016-03-13T01:16:00.743000;99d75fbd-a729-4dc5-96a7-f45c88a2b2a4;411.0;0.01;BUY
2016-03-13T01:16:00.710000;2016-03-13T01:16:00.743000;d15013a9-2789-4e97-82a3-b7cbbd70cbec;411.0;0.03;BUY
2016-03-13T01:16:00.710000;2016-03-13T01:16:00.807000;3e5373e5-83f2-454b-adac-30c703e2706a;411.02;0.087086;BUY
2016-03-13T01:16:00.710000;2016-03-13T01:16:00.807000;eea9c94a-fa6b-4fed-bc93-45ce9926cf0c;411.03;2.89969146;BUY
2016-03-13T01:16:30.950000;2016-03-13T01:16:30.977000;36d45a8c-4b54-489c-8710-12a8e5f37f10;411.0;0.03;BUY
2016-03-13T01:16:30.950000;2016-03-13T01:16:30.977000;6f1f5749-ebc8-494e-91c2-f22237f93081;411.0;0.109;BUY
2016-03-13T01:16:30.953000;2016-03-13T01:16:30.977000;96adf8e8-aa4d-4331-be9d-3632f5884624;411.01;0.02653003;BUY
2016-03-13T01:16:30.953000;2016-03-13T01:16:30.977000;ee0ba58d-25cb-4fd0-9d91-061365f5dcd3;411.02;0.123626;BUY
2016-03-13T01:16:30.953000;2016-03-13T01:16:30.993000;d81d5a29-8ee6-41c5-a5ac-4cb004910194;411.04;0.02954439;BUY
2016-03-13T01:16:30.953000;2016-03-13T01:16:30.993000;da7d918f-7c21-4b2b-9283-813b6c6c3fe3;411.04;3.10133958;BUY
2016-03-13T01:16:37.873000;2016-03-13T01:16:37.883000;9c8e109a-fce0-4b45-bd3b-aac21372d181;411.0;0.0115;BUY
2016-03-13T01:17:00.843000;2016-03-13T01:17:00.867000;589eb978-5945-46b7-882a-4258fdced30e;411.0;0.0185;BUY
2016-03-13T01:17:00.847000;2016-03-13T01:17:00.883000;a7c5e178-6b7c-498f-be65-09e0e979210a;411.0;0.078;BUY
2016-03-13T01:17:00.847000;2016-03-13T01:17:00.883000;178d7a02-ee89-4639-9fcf-81d8a8c9b79e;411.01;0.09546562;BUY
2016-03-13T01:17:00.847000;2016-03-13T01:17:00.883000;82f29155-b3cc-4065-a70a-a4920df72add;411.02;0.022978;BUY
2016-03-13T01:17:00.847000;2016-03-13T01:17:00.900000;c70ff5a8-9b76-44c7-9877-dc70b696966b;411.02;2.21932638;BUY
2016-03-13T01:17:30.720000;2016-03-13T01:17:30.727000;d1a05b70-5137-40e1-97e1-841e40e0960a;411.0;0.03;BUY
2016-03-13T01:17:30.720000;2016-03-13T01:17:30.743000;e8e0880d-0e5a-45b3-8e0a-fff7c90aff27;411.0;0.085;BUY
2016-03-13T01:17:30.720000;2016-03-13T01:17:30.743000;56e6a56e-d48c-44e6-9a66-d72ecd85132b;411.01;0.06514716;BUY
2016-03-13T01:17:30.720000;2016-03-13T01:17:30.743000;e82537b5-499c-41dc-82c0-28e4f563b236;411.03;0.10892284;BUY
2016-03-13T01:18:00.927000;2016-03-13T01:18:00.947000;b97e58d5-b136-42e5-94aa-f0531c8de3c6;410.99;0.13;SELL
2016-03-13T01:18:00.927000;2016-03-13T01:18:00.963000;5b68a94d-8fba-41c9-8014-5c550d294851;410.99;0.05;SELL
2016-03-13T01:18:00.927000;2016-03-13T01:18:00.963000;0895b133-878f-4ca6-b249-3a954f35997b;410.99;0.31;SELL
2016-03-13T01:18:00.927000;2016-03-13T01:18:00.963000;c91e0c0b-df0f-47a8-8b7f-e2cfcf88c52f;410.98;0.02424633;SELL
2016-03-13T01:18:00.927000;2016-03-13T01:18:00.977000;a8697fc8-5016-4740-b559-cda8a4dfa0a5;410.97;0.0457547;SELL
2016-03-13T01:18:00.930000;2016-03-13T01:18:00.977000;c22488f5-3ad0-45db-a734-cc0114e708c6;410.97;1.46775897;SELL
2016-03-13T01:18:31.227000;2016-03-13T01:18:31.243000;579df83d-29ea-4550-aa0e-f8003caba246;411.0;0.03;BUY
2016-03-13T01:18:31.227000;2016-03-13T01:18:31.260000;9576ab03-67a6-4c6b-9558-2dc3b85ea188;411.0;0.126;BUY
2016-03-13T01:18:31.227000;2016-03-13T01:18:31.260000;166d167d-5d30-4922-83b0-81243ef1e1fe;411.01;0.08252;BUY
2016-03-13T01:19:00.893000;2016-03-13T01:19:00.900000;9bca65d3-f63e-412d-939d-fa0cea9fafd2;410.99;0.13615;SELL
2016-03-13T01:19:02.637000;2016-03-13T01:19:02.667000;37bf17a3-24d2-480e-8edf-2646a286c31e;410.99;0.14;BUY
2016-03-13T01:19:30.880000;2016-03-13T01:19:30.883000;7a30761c-8a31-4f33-a1cc-e316acdf428b;411.0;0.0118;BUY
2016-03-13T01:20:00.830000;2016-03-13T01:20:00.837000;49a3d40e-9fda-4542-ab5c-e0ee5169f7b2;411.0;0.0182;BUY
2016-03-13T01:20:00.830000;2016-03-13T01:20:00.853000;d66b214d-fde1-4d89-8c25-866fec296725;411.01;0.13502886;BUY
2016-03-13T01:20:00.830000;2016-03-13T01:20:00.853000;bbcd0a33-682e-4d2d-adde-add59852dbf1;411.04;0.04265114;BUY
2016-03-13T01:20:30.770000;2016-03-13T01:20:30.773000;d3f72c56-3581-42bf-af2c-cb71029bb5cc;411.04;0.05992306;BUY
2016-03-13T01:20:30.770000;2016-03-13T01:20:30.790000;7d5879d4-21d9-4d65-ae7d-9856104febfc;411.04;0.03;BUY
2016-03-13T01:20:30.770000;2016-03-13T01:20:30.790000;af92fb7b-f864-455b-b565-e53834f98c95;411.05;0.01894869;BUY
2016-03-13T01:20:30.770000;2016-03-13T01:20:30.790000;95ff5a00-9b5a-4dd4-8f12-829d6e8b527a;411.06;0.01;BUY
2016-03-13T01:20:30.770000;2016-03-13T01:20:30.807000;5cb2546e-1f31-41a9-a247-262b076c4586;411.06;0.05;BUY
2016-03-13T01:20:30.770000;2016-03-13T01:20:30.870000;f5c1f142-604d-4397-a1cf-dc13da9e5f46;411.07;0.05;BUY
2016-03-13T01:20:30.770000;2016-03-13T01:20:30.870000;ad8a0f47-e308-4377-aa0c-77128e5fc24b;411.08;0.11831825;BUY
2016-03-13T01:21:00.640000;2016-03-13T01:21:00.650000;fbe1d402-dc40-48ec-9ecc-190fd30b73e1;411.07;0.9;SELL
2016-03-13T01:21:30.697000;2016-03-13T01:21:30.697000;61fa81ae-034c-4e03-a7a0-56758d8ea909;411.08;0.07509416;BUY
2016-03-13T01:21:30.697000;2016-03-13T01:21:30.727000;202d060c-67a0-4b96-b48e-1b0df502430c;411.08;0.03;BUY
2016-03-13T01:21:30.697000;2016-03-13T01:21:30.727000;33351ea1-d38b-47ca-81ad-57c906f7142b;411.09;0.219329;BUY
2016-03-13T01:21:30.697000;2016-03-13T01:21:30.727000;aac50789-73c4-4e30-890b-77e190adc2c7;411.1;0.05;BUY
2016-03-13T01:21:30.697000;2016-03-13T01:21:30.743000;44927a91-39ed-4fba-8177-5424744a93e1;411.11;0.02;BUY
2016-03-13T01:21:30.697000;2016-03-13T01:21:30.790000;cad2075d-3be7-4741-9867-4221b68086b8;411.12;0.0648043;BUY
2016-03-13T01:21:30.697000;2016-03-13T01:21:30.790000;7c18fc4d-4475-4c66-b4fb-a6d63e4b6713;411.15;0.37987254;BUY
2016-03-13T01:21:31.507000;2016-03-13T01:21:31.523000;5de72d2e-cfec-4cdb-80c8-046c6f1d5b06;411.08;0.03;BUY
2016-03-13T01:22:00.663000;2016-03-13T01:22:00.667000;3e4cf411-8928-41ce-b285-f4a7cc088b20;411.15;0.20262746;BUY
2016-03-13T01:22:00.663000;2016-03-13T01:22:00.680000;d873a419-8fa3-41c2-b107-bf03a48e1d49;411.17;0.03818254;BUY
2016-03-13T01:22:32.680000;2016-03-13T01:22:32.680000;956cc9b8-9164-4b2b-9a2d-7a32e031237f;411.17;0.01181746;BUY
2016-03-13T01:22:32.680000;2016-03-13T01:22:32.697000;80fdf383-85f5-4d07-8081-6cfd5ea12363;411.18;0.01;BUY
2016-03-13T01:22:32.680000;2016-03-13T01:22:32.713000;f64c94a5-41b2-48b5-9f54-2c070def4dac;411.18;0.03;BUY
2016-03-13T01:22:32.680000;2016-03-13T01:22:32.713000;493323ec-9641-443c-bbfe-24dca3705959;411.19;0.04274514;BUY
2016-03-13T01:22:32.680000;2016-03-13T01:22:32.713000;b827097f-df20-4166-aecc-e60a1273b65f;411.2;0.202103;BUY
2016-03-13T01:22:32.680000;2016-03-13T01:22:32.790000;2a2a3910-e458-4c9d-89f0-95b5c5006e5d;411.21;0.0644744;BUY
2016-03-13T01:23:00.637000;2016-03-13T01:23:00.633000;5f600f32-da8b-4810-aa7a-ce3674a8f700;411.18;0.03;BUY
2016-03-13T01:23:00.637000;2016-03-13T01:23:00.667000;bed3c883-d21c-4801-b569-f2723dec4669;411.21;0.0355256;BUY
2016-03-13T01:23:00.637000;2016-03-13T01:23:00.667000;9ff1a5e7-e8d4-43a2-8a7b-e62db6eada93;411.22;0.034278;BUY
2016-03-13T01:23:00.637000;2016-03-13T01:23:00.667000;33226eb3-f7fa-454f-837c-16df46b75ec5;411.24;0.104;BUY
2016-03-13T01:23:00.637000;2016-03-13T01:23:00.680000;75c70fa5-d639-4158-a592-0b78ea9f4992;411.25;1.0000264;BUY
2016-03-13T01:23:31.880000;2016-03-13T01:23:31.883000;262566d6-40b2-49a5-ba7e-6cda0bd1b508;411.19;0.05;SELL
2016-03-13T01:23:31.880000;2016-03-13T01:23:31.900000;a1d74496-1c4f-48c0-8daf-dea46252b97e;411.19;0.12076014;SELL
2016-03-13T01:23:31.880000;2016-03-13T01:23:31.900000;49ca2aa3-cd86-4bc1-a6f0-73478dd1f545;411.19;0.45394761;SELL
2016-03-13T01:23:31.880000;2016-03-13T01:23:31.900000;bc55a882-6176-4205-b0ff-5b40f129085d;411.19;3.03385225;SELL
2016-03-13T01:24:00.710000;2016-03-13T01:24:00.713000;f30ee9c6-b423-483f-a4d6-c670010c49c4;411.2;0.03;BUY
2016-03-13T01:24:00.710000;2016-03-13T01:24:00.727000;3735593e-6236-4566-98c3-6318ea7baf0e;411.21;0.02354;BUY
2016-03-13T01:24:00.710000;2016-03-13T01:24:00.727000;a3572a36-1bef-427a-9f53-489fbc2146c9;411.22;0.121;BUY
2016-03-13T01:24:00.710000;2016-03-13T01:24:00.727000;44cbad33-5bd2-4cb0-b244-d0ddd5cc9288;411.23;0.12760993;BUY
2016-03-13T01:24:00.713000;2016-03-13T01:24:00.760000;4b05041b-31da-4948-870e-24f1398ec56e;411.25;0.66659007;BUY
2016-03-13T01:24:59.303000;2016-03-13T01:24:59.307000;55f52d27-2f43-48c3-8b47-3edabcd403d0;411.24;0.444;BUY
2016-03-13T01:24:59.303000;2016-03-13T01:24:59.320000;77257ff6-2b6a-4496-841c-3d14a85b8929;411.25;0.31494022;BUY
2016-03-13T01:25:31.797000;2016-03-13T01:25:31.790000;7293bf45-997d-47f1-979f-8ba697686ab6;411.24;0.422;BUY
2016-03-13T01:25:31.797000;2016-03-13T01:25:31.807000;15fe5849-438f-41b5-b2fe-60e40c8c26f8;411.25;0.99751;BUY
2016-03-13T01:26:00.770000;2016-03-13T01:26:00.760000;306ced7f-c039-495b-b02c-0ed7835299cf;411.24;0.12037;BUY
2016-03-13T01:26:30.837000;2016-03-13T01:26:30.823000;7d5a2b89-5844-4019-9e8e-8c15d6db0e37;411.23;0.46825065;SELL
2016-03-13T01:26:30.837000;2016-03-13T01:26:30.837000;98c163f4-6e9d-4b9a-86de-28cb1543a38f;411.23;0.09484269;SELL
2016-03-13T01:26:30.837000;2016-03-13T01:26:30.837000;9ee428e9-fcf9-459d-9b17-e9835aab221a;411.22;0.22233461;SELL
2016-03-13T01:26:30.837000;2016-03-13T01:26:30.853000;bfc0c4ec-68ba-40fa-9e52-ba506c64b2f6;411.2;0.03;SELL
2016-03-13T01:26:30.837000;2016-03-13T01:26:30.870000;26c8a13f-ea85-423b-bd71-03c7e4d27f03;411.2;0.151;SELL
2016-03-13T01:26:30.837000;2016-03-13T01:26:30.870000;f9206cdb-38fd-4f40-9a7e-1b4eacdeaf9e;411.19;0.1036;SELL
2016-03-13T01:26:30.837000;2016-03-13T01:26:30.870000;0a05c770-4baf-4d7a-8530-54eddacfdc95;411.18;0.1;SELL
2016-03-13T01:26:30.837000;2016-03-13T01:26:30.870000;bb4f4f5c-ced6-4511-a260-c04362be490e;411.17;0.07252884;SELL
2016-03-13T01:26:30.837000;2016-03-13T01:26:30.930000;292788eb-4673-4aa0-bc84-33d6427fedab;411.16;0.83611321;SELL
2016-03-13T01:27:00.940000;2016-03-13T01:27:00.930000;8defb9fc-57c6-491f-befb-24836044276a;411.23;0.4;BUY
2016-03-13T01:27:00.940000;2016-03-13T01:27:00.947000;18a6e658-8a6e-4177-afa0-fb98d530b2cf;411.24;0.03337;BUY
2016-03-13T01:27:31.327000;2016-03-13T01:27:31.307000;cc1e4fc7-b623-48ca-8815-54cb51501a82;411.2;1.51501;BUY
2016-03-13T01:28:02.007000;2016-03-13T01:28:02.037000;031f00ac-9baf-4f8b-9abe-57026713792d;411.17;0.03;SELL
2016-03-13T01:28:02.007000;2016-03-13T01:28:02.053000;3bb741dd-0c6d-48e2-8088-a64a82e6939c;411.16;0.02204;SELL
2016-03-13T01:28:30.787000;2016-03-13T01:28:30.820000;ac84b39f-90ce-4354-b106-089aef07cdd3;411.19;0.14941;BUY
2016-03-13T01:29:07.097000;2016-03-13T01:29:07.130000;d58f47ec-fae7-46ba-8460-65f6a0f3f8c6;411.17;0.03;SELL
2016-03-13T01:29:07.097000;2016-03-13T01:29:07.147000;b2a90691-2c50-4310-a1b6-d225784d71fa;411.17;1.44284;SELL
2016-03-13T01:30:00.977000;2016-03-13T01:30:01.007000;28e037bc-66ac-4412-8a48-5fccdfb3f9ee;411.18;0.02395;BUY
2016-03-13T01:30:48.723000;2016-03-13T01:30:48.757000;023c6859-6d4d-44da-99cf-850a86557f14;411.18;0.02605;BUY
2016-03-13T01:30:48.723000;2016-03-13T01:30:48.773000;0e0e223c-93bc-4919-9f93-64eb7bf17c85;411.18;0.127;BUY
2016-03-13T01:30:48.723000;2016-03-13T01:30:48.773000;33f88eb9-b906-4328-8c72-536788c02800;411.19;0.1;BUY
2016-03-13T01:30:48.723000;2016-03-13T01:30:48.773000;9394a15b-f66c-40f8-909c-f534d8ae6d4f;411.2;0.15123907;BUY
2016-03-13T01:30:48.723000;2016-03-13T01:30:48.787000;8f0443cc-1db8-4036-aea7-f60ccdc6ac71;411.21;0.16458376;BUY
2016-03-13T01:30:48.727000;2016-03-13T01:30:48.787000;54e30510-7105-40e6-8c22-391a712d56ab;411.22;0.0750803;BUY
2016-03-13T01:30:48.727000;2016-03-13T01:30:48.850000;18028c0b-16f1-471f-9789-b445052ce72c;411.23;0.09;BUY
2016-03-13T01:30:48.727000;2016-03-13T01:30:48.850000;d5c9beb8-d0c3-411e-a3d4-9439d45ca2fe;411.25;0.0903084;BUY
2016-03-13T01:31:00.837000;2016-03-13T01:31:00.867000;0de0f89a-9c0e-4ccb-9797-cc3c654d67bf;411.24;0.30469;BUY
2016-03-13T01:31:30.880000;2016-03-13T01:31:30.897000;92aca746-21d0-4382-bd8c-3117d1c78ed9;411.24;0.374;BUY
2016-03-13T01:31:30.880000;2016-03-13T01:31:30.913000;8af95253-b69f-49b3-abf0-211d80d90067;411.25;1.15734;BUY
2016-03-13T01:32:00.893000;2016-03-13T01:32:00.913000;c163b3f4-4bb3-4ab6-a7e0-d021b7b320e3;411.21;0.24426;BUY
2016-03-13T01:32:32.247000;2016-03-13T01:32:32.273000;bf6be618-821e-4695-a8d5-e73c1513a277;411.17;0.03;SELL
2016-03-13T01:32:32.247000;2016-03-13T01:32:32.287000;5dbda521-bbf1-4187-8927-e9362987ae4b;411.17;0.1;SELL
2016-03-13T01:32:32.247000;2016-03-13T01:32:32.287000;347d1da3-d29a-4c8a-b848-d6a0272136e2;411.17;0.1;SELL
2016-03-13T01:32:32.247000;2016-03-13T01:32:32.287000;1a7b9da6-0ccb-460f-9758-416388eaa18e;411.17;0.1;SELL
2016-03-13T01:32:32.250000;2016-03-13T01:32:32.303000;4dc6783e-cdce-4eda-b872-755a3f59a53c;411.17;0.06872;SELL
2016-03-13T01:33:30.827000;2016-03-13T01:33:30.850000;874ae6b1-04f3-41fa-a31e-08a194126111;411.21;0.05;BUY
2016-03-13T01:33:30.830000;2016-03-13T01:33:30.867000;3baa3338-98d5-43cb-85ad-3769d85cb88f;411.21;0.02222;BUY
2016-03-13T01:34:01.380000;2016-03-13T01:34:01.397000;9d071672-b01f-4d82-a749-98230b296231;411.16;3.46181;SELL
2016-03-13T01:35:00.813000;2016-03-13T01:35:00.833000;1d9a6f70-ddbf-4215-994b-6fe98c887feb;411.23;0.096256;BUY
2016-03-13T01:35:00.813000;2016-03-13T01:35:00.850000;bf5b087a-ca2d-4184-a64d-cc4c6d762380;411.24;7.247464;BUY
2016-03-13T01:35:30.697000;2016-03-13T01:35:30.710000;108c4f73-0397-408a-a086-84eabbb32343;411.23;0.04864;BUY
2016-03-13T01:36:00.840000;2016-03-13T01:36:00.850000;df712060-3b0e-4955-9461-bbb49f0ef500;411.17;0.0608;SELL
2016-03-13T01:36:30.787000;2016-03-13T01:36:30.803000;1aacf7ec-23e3-4a74-b84b-6352599cbd82;411.24;0.323;BUY
2016-03-13T01:36:30.787000;2016-03-13T01:36:30.820000;97e4cd11-579c-46fe-a10a-4857c9fe2c59;411.25;22.75236;BUY
2016-03-13T01:37:00.873000;2016-03-13T01:37:00.897000;7e747ee7-d82e-43d8-93d7-75b5cd686436;411.16;3.73003679;SELL
2016-03-13T01:37:00.873000;2016-03-13T01:37:00.913000;dee69ab7-a948-4135-ae0a-ababa511c1b1;411.15;0.0500659;SELL
2016-03-13T01:37:00.873000;2016-03-13T01:37:00.913000;b941566e-42cb-468a-9afa-21cec3353fc4;411.14;0.03;SELL
2016-03-13T01:37:00.873000;2016-03-13T01:37:00.913000;7dd68784-13f1-40a9-89b9-64eaab72da34;411.13;0.168;SELL
2016-03-13T01:37:00.873000;2016-03-13T01:37:00.927000;71d20934-d130-47a2-b3d8-f9c5ab3b3e07;411.13;7.27015;SELL
2016-03-13T01:37:00.873000;2016-03-13T01:37:00.990000;3ba6ed7c-7d33-4c59-954a-59b58fca34fc;411.12;0.1657075;SELL
2016-03-13T01:37:00.873000;2016-03-13T01:37:00.990000;1aaaafd0-ccea-4bed-8855-426bf0c175c5;411.11;0.01;SELL
2016-03-13T01:37:00.873000;2016-03-13T01:37:00.990000;2aa3c049-99f2-47c2-85bb-e3391f83a435;411.1;0.489;SELL
2016-03-13T01:37:00.873000;2016-03-13T01:37:00.990000;e31127e4-41d7-48e2-b76a-91900a2b3e31;411.1;0.15;SELL
2016-03-13T01:37:00.877000;2016-03-13T01:37:00.990000;6447a053-c23c-480f-89e3-a3dd65e13836;411.09;0.10582293;SELL
2016-03-13T01:37:00.877000;2016-03-13T01:37:00.990000;06e88634-3673-4d6f-9d26-db8dedcabefb;411.08;0.181;SELL
2016-03-13T01:37:00.877000;2016-03-13T01:37:00.990000;ad78db4c-3ab1-432b-bc9c-f06b1e7b2adb;411.07;0.1584719;SELL
2016-03-13T01:37:00.877000;2016-03-13T01:37:00.990000;632c167c-5701-4850-adde-e7bbfcd85512;411.06;0.1523;SELL
2016-03-13T01:37:00.877000;2016-03-13T01:37:00.990000;fe38c03e-51b6-4eef-91cb-d41c13fed7e2;411.05;0.113948;SELL
2016-03-13T01:37:00.877000;2016-03-13T01:37:00.990000;80828c64-ff20-4137-a06e-c88fe4e2dfdd;411.05;0.498;SELL
2016-03-13T01:37:00.877000;2016-03-13T01:37:00.990000;810ed8f3-b5fe-4b3c-9fc2-45e061439849;411.03;0.0861654;SELL
2016-03-13T01:37:00.877000;2016-03-13T01:37:00.990000;c87ee4f1-8f6b-497a-bd46-c672dfe5d748;411.02;0.10914757;SELL
2016-03-13T01:37:00.877000;2016-03-13T01:37:00.990000;1028a15a-4791-422d-a06c-c4893bf7f29f;411.0;0.0115;SELL
2016-03-13T01:37:00.877000;2016-03-13T01:37:00.990000;448d24ce-f52b-4d7b-baad-b06350502ee4;411.0;0.495;SELL
2016-03-13T01:37:00.877000;2016-03-13T01:37:00.990000;0a0c8c85-3175-4a50-86b0-1f4386357e24;410.95;0.01;SELL
2016-03-13T01:37:00.877000;2016-03-13T01:37:01.023000;0ef05b13-9883-48c0-afb7-147ca4b8708a;410.93;0.495;SELL
2016-03-13T01:37:00.880000;2016-03-13T01:37:01.023000;e52873d5-981e-42e2-8ae8-237cae780230;410.89;6.0;SELL
2016-03-13T01:37:00.880000;2016-03-13T01:37:01.023000;ac2538db-3a22-48b1-90d5-67cebcd9bf41;410.88;0.498;SELL
2016-03-13T01:37:00.880000;2016-03-13T01:37:01.023000;dade6a0b-abc1-4b56-ae6e-72b76904b235;410.84;5.5;SELL
2016-03-13T01:37:00.880000;2016-03-13T01:37:01.023000;061ab386-ecb9-49a1-984d-16befb6fd8a8;410.83;0.481;SELL
2016-03-13T01:37:00.880000;2016-03-13T01:37:01.023000;0772b273-0787-4d8f-b6ce-22bc3bb6582c;410.76;6.0;SELL
2016-03-13T01:37:00.880000;2016-03-13T01:37:01.023000;5349215e-8222-477d-8be2-97a29d4facec;410.75;16.63;SELL
2016-03-13T01:37:00.880000;2016-03-13T01:37:01.023000;03e56690-410d-4ccb-945c-e9e6536eb0a1;410.75;0.41168401;SELL
2016-03-13T01:37:30.940000;2016-03-13T01:37:30.943000;bc408654-4f99-446f-9f74-23cd019d4628;411.11;0.03;SELL
2016-03-13T01:37:30.940000;2016-03-13T01:37:30.960000;f75caf62-268d-4015-aa27-d77defe79f3b;411.1;0.0074;SELL
2016-03-13T01:38:01.493000;2016-03-13T01:38:01.523000;73c32c3d-ef9f-4054-86a6-fca606df2ffd;411.12;0.01;BUY
2016-03-13T01:38:01.493000;2016-03-13T01:38:01.523000;2bd5d31f-3ded-46af-81b0-16693de031d9;411.12;0.0292;BUY
2016-03-13T01:38:23.137000;2016-03-13T01:38:23.147000;7eacb123-cca3-4975-9dd0-63df27e20e4a;411.12;0.19;BUY
2016-03-13T01:38:23.137000;2016-03-13T01:38:23.163000;eec4d64b-c7c3-482f-bf73-15418d403d9e;411.12;0.485;BUY
2016-03-13T01:38:23.137000;2016-03-13T01:38:23.163000;76b9ebc2-39dd-40cf-b3b8-7a58b5e373ae;411.12;7.30113;BUY
2016-03-13T01:38:23.137000;2016-03-13T01:38:23.163000;1732a1d1-75ff-465a-9ff3-f9d4e31f7a9b;411.13;0.15331085;BUY
2016-03-13T01:38:23.137000;2016-03-13T01:38:23.177000;e1aa0f55-4e57-4218-9427-6b099f86156d;411.15;0.2942048;BUY
2016-03-13T01:38:23.137000;2016-03-13T01:38:23.240000;adaf3af6-8f81-4925-92ff-d7e68a221d1b;411.15;0.72735435;BUY
2016-03-13T01:38:30.910000;2016-03-13T01:38:30.927000;7251aaaf-b626-43d7-a435-4bb2de4407c9;411.11;0.03;SELL
2016-03-13T01:38:30.910000;2016-03-13T01:38:30.943000;e649ae05-0b5a-412a-bdb5-b642bcfd871c;411.1;0.35961007;SELL
2016-03-13T01:38:30.910000;2016-03-13T01:38:30.943000;9f5988b4-5666-4387-a8cf-510a47a7713c;411.08;0.0811173;SELL
2016-03-13T01:38:30.910000;2016-03-13T01:38:30.960000;06b04427-7eb9-4c5e-9387-f284cb525054;411.07;0.095888;SELL
2016-03-13T01:38:30.910000;2016-03-13T01:38:30.960000;eed46cc3-2b30-40d5-9c3b-9b2a1a903cd4;410.99;0.093;SELL
2016-03-13T01:38:30.910000;2016-03-13T01:38:31.007000;96bede80-f3cb-440b-87cc-69e2a3f5920a;410.99;8.62;SELL
2016-03-13T01:38:30.910000;2016-03-13T01:38:31.023000;a0ad5835-6b31-4e40-babe-29e845192bff;410.98;7.28631;SELL
2016-03-13T01:38:30.910000;2016-03-13T01:38:31.023000;ba4e6ff6-dfca-4aea-8a96-6befe3511ba3;410.97;0.2;SELL
2016-03-13T01:38:30.910000;2016-03-13T01:38:31.023000;4322f55a-edb0-4b22-bdbb-a5f9be8747ff;410.95;0.21;SELL
2016-03-13T01:38:30.910000;2016-03-13T01:38:31.023000;11148f09-92a2-4f42-a8d3-d918be55a201;410.93;0.01;SELL
2016-03-13T01:38:30.910000;2016-03-13T01:38:31.023000;66a82f08-a1a5-4250-a927-9094432de326;410.93;0.093;SELL
2016-03-13T01:38:30.910000;2016-03-13T01:38:31.023000;74e7a282-3b57-43fd-b420-9b22dca30218;410.89;0.076;SELL
2016-03-13T01:38:30.913000;2016-03-13T01:38:31.023000;0665212f-3992-4f98-ba05-6b3a3854b68c;410.84;0.112;SELL
2016-03-13T01:38:30.913000;2016-03-13T01:38:31.023000;1d77962b-a0cf-44d9-a340-d4726550add4;410.79;1.0;SELL
2016-03-13T01:38:30.913000;2016-03-13T01:38:31.023000;6ccacb29-b57b-4f56-aa35-657d4bbbfacb;410.78;0.096;SELL
2016-03-13T01:38:30.913000;2016-03-13T01:38:31.037000;70ef6dc6-70a6-4772-a80e-dd6b886bf1f0;410.76;1.75;SELL
2016-03-13T01:38:30.913000;2016-03-13T01:38:31.037000;d08d4eef-0445-4eaa-a8aa-125fecc932c8;410.73;0.094;SELL
2016-03-13T01:38:30.913000;2016-03-13T01:38:31.037000;a17f332a-117b-4764-b60e-92d5fc921859;410.68;0.094;SELL
2016-03-13T01:38:30.913000;2016-03-13T01:38:31.037000;49beecc2-1aa1-4513-9d3f-8b98b9cd9d87;410.67;0.01;SELL
2016-03-13T01:38:30.913000;2016-03-13T01:38:31.037000;887270bf-572f-4268-9bde-29f64a893d7f;410.65;0.01696383;SELL
2016-03-13T01:38:30.913000;2016-03-13T01:38:31.037000;25408c4e-cc6e-41c3-9cd7-1ac7e6bfa451;410.62;0.381;SELL
2016-03-13T01:38:30.913000;2016-03-13T01:38:31.037000;d1c34c96-848a-4281-8db8-423db09b84ac;410.58;3.6807808;SELL
2016-03-13T01:38:49.677000;2016-03-13T01:38:49.693000;7f0ede15-8ec3-4c7d-a4d7-a35fe4dd73d8;411.11;0.03;SELL
2016-03-13T01:39:01.087000;2016-03-13T01:39:01.083000;740f98d9-23dc-45e0-b165-dc1e61a96294;411.1;0.0798026;SELL
2016-03-13T01:39:01.087000;2016-03-13T01:39:01.117000;a5f8e0c6-3b99-483e-b665-f763289c229d;411.09;0.09261;SELL
2016-03-13T01:39:01.090000;2016-03-13T01:39:01.130000;83bbca75-4d69-423a-bb2e-7ae92387f45e;411.08;0.223;SELL
2016-03-13T01:39:01.090000;2016-03-13T01:39:01.130000;c220cb5c-8986-4312-8ee3-dd2fd29fe54e;411.08;0.03;SELL
2016-03-13T01:39:01.090000;2016-03-13T01:39:01.130000;b01c475c-0ab8-4e2d-a92e-1bdd49be5880;410.96;0.087;SELL
2016-03-13T01:39:01.090000;2016-03-13T01:39:01.130000;9f5509eb-59b0-4e5a-946a-9dcd6519402b;410.91;0.074;SELL
2016-03-13T01:39:01.090000;2016-03-13T01:39:01.193000;121c5416-c729-4675-8f9e-ce770f1868ad;410.88;0.01;SELL
2016-03-13T01:39:01.090000;2016-03-13T01:39:01.193000;38ceaffe-93f2-4045-a563-07e639a887e4;410.75;0.4957474;SELL
2016-03-13T01:39:23.890000;2016-03-13T01:39:23.897000;bfac522e-89f9-416c-899f-6fb457e6ff46;411.05;0.03;SELL
2016-03-13T01:40:00.860000;2016-03-13T01:40:00.867000;a083c09a-a0ba-4f3c-8cd7-6c636002c08e;410.91;0.41;BUY
2016-03-13T01:40:00.860000;2016-03-13T01:40:00.880000;aa6d8f21-995f-4d49-9f48-3c0ac7461f57;410.91;0.16598;BUY
2016-03-13T01:40:03.420000;2016-03-13T01:40:03.427000;a08f12f6-e316-473c-9c10-34170ae07417;410.9;0.03;SELL
2016-03-13T01:40:03.420000;2016-03-13T01:40:03.443000;b6e2380e-76d4-4160-8f8c-6cfde7a632e8;410.89;0.0816;SELL
2016-03-13T01:40:03.420000;2016-03-13T01:40:03.443000;cc91bddf-9a05-4522-a93f-c4a446ac20dc;410.88;0.01;SELL
2016-03-13T01:40:32.040000;2016-03-13T01:40:32.037000;0171968a-11ab-400a-99d5-dab3e31c7112;410.88;0.1084;BUY
2016-03-13T01:40:32.040000;2016-03-13T01:40:32.053000;c95fa4f3-d09c-42ea-830e-328dfe1e9a46;410.88;0.05;BUY
2016-03-13T01:40:32.043000;2016-03-13T01:40:32.053000;f48a9d62-593b-44d0-b376-488acf25bacb;410.88;0.104;BUY
2016-03-13T01:40:32.043000;2016-03-13T01:40:32.053000;3530e17d-ad53-45a5-9f1b-e4194ad95c66;410.88;0.7376;BUY
2016-03-13T01:41:00.860000;2016-03-13T01:41:00.867000;aa8df4ec-9178-4935-a9b3-2ac72768422c;410.87;0.03;SELL
2016-03-13T01:41:00.860000;2016-03-13T01:41:00.880000;f698edaa-fb33-45a7-ad93-073dfce5d821;410.86;0.065;SELL
2016-03-13T01:41:00.860000;2016-03-13T01:41:00.880000;2c4ec24c-6d94-4c31-95d5-d77787b6a4e4;410.85;0.08543146;SELL
2016-03-13T01:41:00.860000;2016-03-13T01:41:00.880000;597f9aa6-b031-41e9-9000-3226674c4ecf;410.84;0.0166681;SELL
2016-03-13T01:41:00.860000;2016-03-13T01:41:00.897000;c48c00f4-fc8c-42a8-8e2b-9ece3e51186b;410.8;0.23;SELL
2016-03-13T01:41:00.860000;2016-03-13T01:41:00.960000;8912808f-723f-45d6-b6e1-740d2f6b5c47;410.79;0.082;SELL
2016-03-13T01:41:00.860000;2016-03-13T01:41:00.960000;e06664c3-6140-40c2-8e91-1ad2161b3999;410.75;8.57;SELL
2016-03-13T01:41:00.860000;2016-03-13T01:41:00.960000;039c336a-e124-4cff-b4dc-14eecb235f16;410.74;0.079;SELL
2016-03-13T01:41:00.863000;2016-03-13T01:41:00.960000;262aed83-be4e-453b-aa8d-37e6e6cd7c92;410.72;0.01;SELL
2016-03-13T01:41:00.863000;2016-03-13T01:41:00.960000;ac4e0803-3fbf-4f36-a1f0-e4d324f4391e;410.69;0.074;SELL
2016-03-13T01:41:00.863000;2016-03-13T01:41:00.960000;149eb0da-95b5-438c-ad57-676a909b6f0d;410.57;0.442;SELL
2016-03-13T01:41:00.863000;2016-03-13T01:41:00.960000;87a0b11d-a1b8-46e6-87b3-4d04831fcd6d;410.56;0.24444214;SELL
2016-03-13T01:41:00.863000;2016-03-13T01:41:00.960000;b12c3c03-76d7-4985-8387-1c8b1016254a;410.54;0.01;SELL
2016-03-13T01:41:00.863000;2016-03-13T01:41:00.960000;f0d5f9ec-ed40-4809-876e-30bbd3bc62a4;410.52;0.414;SELL
2016-03-13T01:41:00.863000;2016-03-13T01:41:00.960000;49901213-8e9b-41ee-a8d4-d85b4bb7ce71;410.47;0.451;SELL
2016-03-13T01:41:00.863000;2016-03-13T01:41:00.960000;aa5a78b3-4fa9-4300-8ae2-4ca57db6b7ea;410.46;0.01015388;SELL
2016-03-13T01:41:00.863000;2016-03-13T01:41:00.960000;a819b06e-71ac-4a28-9fc0-85d138d3e597;410.43;11.0;SELL
2016-03-13T01:41:00.863000;2016-03-13T01:41:00.960000;22226ee1-c3bf-4622-a21c-99252ef6f662;410.42;0.453;SELL
2016-03-13T01:41:00.863000;2016-03-13T01:41:00.960000;7098488f-9aa7-46ef-a5eb-88c83ecbd64f;410.39;0.28700442;SELL
2016-03-13T01:41:30.660000;2016-03-13T01:41:30.663000;312756d5-8541-4f80-857a-580a48af7fde;410.58;0.7425;BUY
2016-03-13T01:41:30.663000;2016-03-13T01:41:30.680000;a2255520-26cb-4d10-aeaa-fb8fe82377b2;410.58;1.365812;BUY
2016-03-13T01:41:30.707000;2016-03-13T01:41:30.710000;3bc05fda-548f-459e-ab7e-1190ceeadf9e;410.58;0.97558;BUY
2016-03-13T01:41:30.737000;2016-03-13T01:41:30.740000;4689018b-11a1-4b78-8d60-78a7f66ee6b8;410.58;0.166108;BUY
2016-03-13T01:41:30.737000;2016-03-13T01:41:30.757000;ca672426-4fc6-440a-aa95-26ec5802fd3c;410.59;0.065603;BUY
2016-03-13T01:41:30.737000;2016-03-13T01:41:30.757000;002a0457-9a70-4204-9a0d-f6a391bb75ae;410.59;1.014789;BUY
2016-03-13T01:41:30.747000;2016-03-13T01:41:30.773000;57af1f00-bd59-4254-ab99-dd3032b6ea61;410.59;0.0375;BUY
2016-03-13T01:41:30.770000;2016-03-13T01:41:30.773000;f753701e-e2a3-4c6d-b8bc-eb77f57ecd28;410.6;0.0495;BUY
2016-03-13T01:41:30.873000;2016-03-13T01:41:30.880000;c8ea5b3b-7a5b-4ccc-830c-0b984ce79ec8;410.45;0.189;SELL
2016-03-13T01:41:30.873000;2016-03-13T01:41:30.880000;771229cf-56f0-4d3f-8aac-b271865e506d;410.44;4.303;SELL
2016-03-13T01:41:30.953000;2016-03-13T01:41:30.960000;ff4079b0-2701-45ee-9ded-7fb6466384dd;410.6;0.33199691;BUY
2016-03-13T01:41:30.953000;2016-03-13T01:41:30.960000;3091747a-8f8b-41a5-a08a-bfeff74563ee;410.66;0.75;BUY
2016-03-13T01:41:30.953000;2016-03-13T01:41:30.960000;46d7f676-9cc1-42d9-b2f3-8f84d56c99c5;410.67;0.44;BUY
2016-03-13T01:41:30.953000;2016-03-13T01:41:30.990000;e657e59a-c428-441f-8051-29f16caef912;410.69;2.25;BUY
2016-03-13T01:41:30.953000;2016-03-13T01:41:30.990000;42751af1-bb9d-4d03-828b-042806cd0d6a;410.7;0.0371;BUY
2016-03-13T01:41:30.953000;2016-03-13T01:41:30.990000;399aecea-6d3a-4fa3-8542-e60ad246bfb6;410.71;2.75;BUY
2016-03-13T01:41:30.953000;2016-03-13T01:41:30.990000;ebc5f81d-b36d-47a3-a4e9-71ebeff95818;410.72;0.615;BUY
2016-03-13T01:41:30.953000;2016-03-13T01:41:30.990000;d5dbff23-4181-4c66-9fcb-9e944e11e949;410.79;1.70178309;BUY
2016-03-13T01:42:00.770000;2016-03-13T01:42:00.773000;bb1dc2ac-03e1-40af-8dd4-c85c6fa3dabe;410.75;0.03;SELL
2016-03-13T01:42:00.770000;2016-03-13T01:42:00.787000;cc850794-031a-4490-b269-2d7e3bb6ba26;410.74;0.22149;SELL
2016-03-13T01:42:00.770000;2016-03-13T01:42:00.787000;bd0fccc0-2358-423f-94e9-d2ee439464f4;410.7;0.41;SELL
2016-03-13T01:42:00.770000;2016-03-13T01:42:00.803000;8b5474f6-b8b6-42f9-9879-8fac266426be;410.67;0.128;SELL
2016-03-13T01:42:00.773000;2016-03-13T01:42:00.803000;bfdcb46e-6b0b-4f2b-ac43-07568f052137;410.62;0.092;SELL
2016-03-13T01:42:00.773000;2016-03-13T01:42:00.867000;eed2fde0-2e5a-4eea-a284-cb686eaa05db;410.54;0.01;SELL
2016-03-13T01:42:00.773000;2016-03-13T01:42:00.867000;946c6df4-1c95-4009-83ff-b03004192edc;410.48;0.25;SELL
2016-03-13T01:42:00.773000;2016-03-13T01:42:00.867000;fa6b30e1-519d-4db3-aaa0-0e9ff30a144d;410.47;2.88621;SELL
2016-03-13T01:42:30.803000;2016-03-13T01:42:30.867000;81e31509-29f2-4552-87fa-73d600e6d330;410.76;0.01314;BUY
2016-03-13T01:43:01.000000;2016-03-13T01:43:00.990000;28df379d-2822-40df-9512-61cf8cbea96f;410.77;0.01;BUY
2016-03-13T01:43:01.000000;2016-03-13T01:43:01.007000;4fc67194-d52e-4c57-8201-e2d2d97fc75d;410.77;0.104;BUY
2016-03-13T01:43:01.000000;2016-03-13T01:43:01.023000;968ee408-1e3e-4037-99ce-840bb44c156a;410.78;0.05083685;BUY
2016-03-13T01:43:01.000000;2016-03-13T01:43:01.037000;b822e091-5b6f-4a85-88f9-83842a52a537;410.78;0.32930315;BUY
2016-03-13T01:43:30.913000;2016-03-13T01:43:30.953000;d9abbed7-671d-4408-9c30-a9c8db72e919;410.76;0.88314;BUY
2016-03-13T01:44:30.900000;2016-03-13T01:44:30.940000;790c6af4-09aa-4478-8681-2c58443bf7db;410.76;0.24;BUY
2016-03-13T01:44:30.903000;2016-03-13T01:44:30.953000;3ce0bc6f-d55d-4a66-8205-72684f380527;410.76;0.126;BUY
2016-03-13T01:44:30.903000;2016-03-13T01:44:30.953000;570fd2b5-318a-48b4-bd53-d7e74ba117af;410.76;1.534;BUY
2016-03-13T01:45:08.537000;2016-03-13T01:45:08.563000;beb4e440-fffc-4b54-8ba7-071276c5f540;410.77;0.01991894;BUY
2016-03-13T01:45:08.537000;2016-03-13T01:45:08.580000;1ea21429-2993-49b0-8a4a-13fe228c3e25;410.77;0.09;BUY
2016-03-13T01:45:08.537000;2016-03-13T01:45:08.580000;8c26248f-130b-4d89-ae42-97ca115280f5;410.78;0.026;BUY
2016-03-13T01:45:08.537000;2016-03-13T01:45:08.580000;1f38f5b4-b4f1-4ef0-9eed-ff081430dda7;410.79;0.0306519;BUY
2016-03-13T01:45:08.537000;2016-03-13T01:45:08.580000;bd36b0b2-1a88-4cf6-9038-ecca508e1fbd;410.8;0.05498916;BUY
2016-03-13T01:45:08.567000;2016-03-13T01:45:08.673000;8822f4f5-f090-4b62-be2b-e9ff12f1b707;410.8;0.04844;BUY
2016-03-13T01:45:30.887000;2016-03-13T01:45:30.907000;393ad25b-06fc-49b2-bc57-300997323a91;410.8;0.04;BUY
2016-03-13T01:45:30.887000;2016-03-13T01:45:30.940000;1b9fdbde-4f7f-4064-a052-a105fba0ae97;410.8;0.094;BUY
2016-03-13T01:45:30.887000;2016-03-13T01:45:30.940000;7c2bd796-2524-47fb-bcd2-e01bf42f0389;410.81;0.355463;BUY
2016-03-13T01:45:30.887000;2016-03-13T01:45:30.940000;fd74b747-1e4e-43f3-a292-3c56002ba9aa;410.82;0.05469;BUY
2016-03-13T01:45:30.887000;2016-03-13T01:45:30.953000;606c34df-7e1c-445e-8b02-edb5ebbc5159;410.85;0.094;BUY
2016-03-13T01:45:30.887000;2016-03-13T01:45:31.017000;f75a1bf5-05f7-4675-a3db-a580170e229c;410.87;0.01;BUY
2016-03-13T01:45:30.887000;2016-03-13T01:45:31.017000;c8e5250c-ebb6-4b45-bdbd-b1b1182c2349;410.9;0.25;BUY
2016-03-13T01:45:30.890000;2016-03-13T01:45:31.017000;2168b1ce-eeee-45f0-83ee-46afd0bd851d;410.91;1.410647;BUY
2016-03-13T01:46:00.893000;2016-03-13T01:46:00.923000;aba6bc9c-7bbd-4ce5-806f-41373fe8e4e7;410.81;0.25;BUY
2016-03-13T01:46:00.893000;2016-03-13T01:46:00.940000;bfb3a688-13f5-4e99-80b0-5e41bd373e17;410.81;0.074;BUY
2016-03-13T01:46:00.893000;2016-03-13T01:46:00.940000;06659a6e-7bdd-4b8f-aa1c-f3f12086d15a;410.83;0.16;BUY
2016-03-13T01:46:00.893000;2016-03-13T01:46:00.940000;7125459a-bba0-4335-ab2c-ecf2c3a749d1;410.87;0.108;BUY
2016-03-13T01:46:00.893000;2016-03-13T01:46:00.953000;a76c093b-94b7-44ad-b51b-616e59a96f31;410.88;0.25;BUY
2016-03-13T01:46:00.893000;2016-03-13T01:46:00.953000;ad986e99-cc1b-42c2-9a33-08bfcbbefc9e;410.89;1.27361;BUY
2016-03-13T01:47:00.983000;2016-03-13T01:47:01.017000;585ed4eb-8c89-4fcf-803e-35360ac92eec;410.9;0.1034;BUY
2016-03-13T01:47:00.987000;2016-03-13T01:47:01.033000;43ad399a-af7b-4841-9538-6e22cd8c79d3;410.9;0.112;BUY
2016-03-13T01:47:00.987000;2016-03-13T01:47:01.033000;49ad9f32-0b4c-46ef-8b07-ec7805c594e4;410.91;0.09537;BUY
2016-03-13T01:47:16.083000;2016-03-13T01:47:16.110000;24e19c5b-a4b3-4b5b-9781-53882b32f5d7;410.91;0.01463;BUY
2016-03-13T01:47:16.083000;2016-03-13T01:47:16.127000;04335ee0-df09-4117-8808-5191ef1a1a9b;410.92;0.1274605;BUY
2016-03-13T01:47:16.083000;2016-03-13T01:47:16.127000;11390a27-fd1c-4d68-8657-3f068e729d3c;410.92;0.0594549;BUY
2016-03-13T01:47:30.893000;2016-03-13T01:47:30.923000;51c5f5f6-69b0-4409-ae99-69b02fc06cc5;410.93;0.0657951;BUY
2016-03-13T01:47:30.893000;2016-03-13T01:47:30.940000;ac6414b7-0e7c-43e5-aa1d-b930403631d8;410.94;0.07414334;BUY
2016-03-13T01:47:30.893000;2016-03-13T01:47:30.940000;9932bfdf-768f-492e-85ea-b234ffbc8b7e;410.95;0.01;BUY
2016-03-13T01:47:30.893000;2016-03-13T01:47:30.940000;23bed2f7-3374-47e4-bccf-dde7cd2a7148;410.96;0.13535981;BUY
2016-03-13T01:47:30.893000;2016-03-13T01:47:30.953000;7752f1db-7969-4097-96ab-f0bb0201e795;410.97;0.01945656;BUY
2016-03-13T01:47:30.893000;2016-03-13T01:47:30.953000;881896d1-2e74-4dd1-9e2a-eb81d090de43;411.01;0.125;BUY
2016-03-13T01:47:30.893000;2016-03-13T01:47:30.953000;4c150bad-d639-4f06-b1ce-5a18b0006647;411.07;0.103;BUY
2016-03-13T01:47:30.897000;2016-03-13T01:47:30.953000;0923df23-fcc9-4d60-8385-b8eef7aec4f7;411.11;0.17;BUY
2016-03-13T01:47:30.897000;2016-03-13T01:47:30.953000;4b50cc9d-5a1d-453f-9d64-23fa2598645b;411.11;0.01;BUY
2016-03-13T01:47:30.897000;2016-03-13T01:47:30.953000;986c44ed-c606-4832-9841-1fa0414130ec;411.11;0.01;BUY
2016-03-13T01:47:30.897000;2016-03-13T01:47:31.033000;20e8f017-bf33-420f-b95c-f0535237c33d;411.12;0.01;BUY
2016-03-13T01:47:30.897000;2016-03-13T01:47:31.033000;3059f87e-6347-4ecd-be18-2ca1339f3184;411.12;0.072;BUY
2016-03-13T01:47:30.897000;2016-03-13T01:47:31.033000;bdc4068e-fdfa-4352-96b8-1b61e648f4f4;411.14;2.98931519;BUY
2016-03-13T01:48:31.203000;2016-03-13T01:48:31.220000;f68e3edc-84b2-4519-8b0f-345bbc8c99b8;410.85;0.3;SELL
2016-03-13T01:48:31.203000;2016-03-13T01:48:31.253000;fd87a754-04d2-4fbc-9961-32b2e1177c31;410.84;0.08;SELL
2016-03-13T01:48:31.203000;2016-03-13T01:48:31.253000;7b151da9-39f2-4696-85af-f83651dc040d;410.81;0.05809119;SELL
2016-03-13T01:48:31.203000;2016-03-13T01:48:31.253000;cb7c4088-7eb0-493c-b6f5-41215017b664;410.8;0.01994881;SELL
2016-03-13T01:49:00.927000;2016-03-13T01:49:00.940000;f3643954-a4a9-483d-9e88-fd064973abb6;410.93;0.57;BUY
2016-03-13T01:49:00.927000;2016-03-13T01:49:00.970000;24de9692-90c5-40b8-a912-dd71a9859cdd;410.93;0.21;BUY
2016-03-13T01:49:00.927000;2016-03-13T01:49:00.970000;4fcf674d-5b78-4a43-8dc1-3920dea00d92;410.94;3.77301;BUY
2016-03-13T01:50:03.760000;2016-03-13T01:50:03.783000;194a71c7-abab-4b96-add2-ae27ed94d064;410.95;0.129808;BUY
2016-03-13T01:50:03.760000;2016-03-13T01:50:03.783000;48472856-62a5-4367-af2a-da272f4ee4bf;410.96;0.01466671;BUY
2016-03-13T01:50:03.760000;2016-03-13T01:50:03.783000;305fdc11-a24c-4589-9237-932dfa4307e6;410.97;0.0951621;BUY
2016-03-13T01:50:03.760000;2016-03-13T01:50:03.800000;c78c30db-5e45-4da1-961a-39eae14eb762;410.99;0.02513319;BUY
2016-03-13T01:50:31.147000;2016-03-13T01:50:31.157000;86c2d133-7759-47aa-a088-9d03411c8d8f;410.99;0.00667488;BUY
2016-03-13T01:50:31.147000;2016-03-13T01:50:31.173000;38619620-9cc9-44b7-ab8c-673a715608dc;411.0;0.15565;BUY
2016-03-13T01:50:31.147000;2016-03-13T01:50:31.173000;00dc3b81-cd4f-476a-b5f3-47186bb44bf8;411.01;0.118368;BUY
2016-03-13T01:50:31.147000;2016-03-13T01:50:31.190000;2c3784ab-b209-4549-8e4a-32a4141675c9;411.02;0.1123506;BUY
2016-03-13T01:50:31.147000;2016-03-13T01:50:31.190000;85ea7d17-8ddc-40b4-9999-11cdd5bd4369;411.03;0.08889652;BUY
2016-03-13T01:51:01.020000;2016-03-13T01:51:01.033000;77e21ef4-39dc-472d-948e-67f8e37f71df;410.98;0.10813;SELL
2016-03-13T01:51:30.947000;2016-03-13T01:51:30.953000;9a29685a-8eb1-4bf8-82b1-c1a5e270c944;411.07;0.25;BUY
2016-03-13T01:51:30.947000;2016-03-13T01:51:30.970000;8379f6d9-b430-4b89-bbef-cd0c340d2c7d;411.08;0.311;BUY
2016-03-13T01:51:30.947000;2016-03-13T01:51:30.970000;41cc09ec-744e-4d64-94ff-625223afa389;411.08;0.29212;BUY
2016-03-13T01:52:00.877000;2016-03-13T01:52:00.893000;8502e966-8af8-41a7-a977-588dc25fe946;411.09;0.197;BUY
2016-03-13T01:52:00.877000;2016-03-13T01:52:00.907000;580b713b-9fd1-4afd-b004-cbe9626257be;411.09;0.489;BUY
2016-03-13T01:52:00.877000;2016-03-13T01:52:00.907000;a93a4d08-4dc5-4be7-98a6-a99e6073dc33;411.12;0.05479;BUY
2016-03-13T01:52:30.917000;2016-03-13T01:52:30.923000;b6db9ef0-20f4-4811-af78-d2a308a64484;411.11;0.46958;BUY
2016-03-13T01:53:04.597000;2016-03-13T01:53:04.610000;5d8800d9-ebbf-4017-afb0-1004531de3b4;411.15;0.05742577;BUY
2016-03-13T01:53:04.597000;2016-03-13T01:53:04.627000;6499fd21-2dc1-412f-9405-c78e99ea9ce7;411.16;0.01;BUY
2016-03-13T01:53:04.597000;2016-03-13T01:53:04.627000;e49bc434-581e-4ea8-ba60-fea151080ee9;411.16;0.10222516;BUY
2016-03-13T01:53:30.920000;2016-03-13T01:53:30.923000;28b52876-0d5a-4492-aadb-4c1986d18de1;411.15;0.0602;BUY
2016-03-13T01:54:00.937000;2016-03-13T01:54:00.940000;5990d501-227b-4f15-9e3a-36d55ee0372e;411.13;0.24081;BUY
2016-03-13T01:54:31.127000;2016-03-13T01:54:31.127000;7bb500a4-a5f2-412a-a860-2bdeb06b7611;411.14;0.1;BUY
2016-03-13T01:55:05.467000;2016-03-13T01:55:05.470000;1cce915d-cd34-403c-a3a0-a36e338cf365;411.12;0.17579;BUY
2016-03-13T01:55:30.950000;2016-03-13T01:55:30.957000;93280203-49eb-4e0e-bf41-a3c84df200f3;411.13;0.465;BUY
2016-03-13T01:55:30.950000;2016-03-13T01:55:30.970000;89b060ad-abf5-4609-bd1a-8c96f530b391;411.14;0.22149;BUY
2016-03-13T01:56:01.003000;2016-03-13T01:56:01.003000;e9a0350a-c262-4270-8f4b-fc1b836b15dd;411.13;0.98662;BUY
2016-03-13T01:56:25.663000;2016-03-13T01:56:25.673000;eaf25c3d-14dc-4a4c-b637-62ed7ca1a14d;411.13;0.155;BUY
2016-03-13T01:56:31.027000;2016-03-13T01:56:31.080000;afdc012b-a861-4ebf-aa16-d9d98a567360;411.13;0.36055;BUY
2016-03-13T01:57:34.257000;2016-03-13T01:57:34.267000;38c423da-64ae-47dd-9304-b761af15f194;411.15;0.01217;BUY
2016-03-13T01:58:02.837000;2016-03-13T01:58:02.830000;9cf79f9b-51db-4b01-9c68-09dcc3f276c9;411.15;0.10042529;BUY
2016-03-13T01:58:02.837000;2016-03-13T01:58:02.847000;c18641c3-0e98-4d3f-8a0f-93fe862a89bc;411.15;0.03176471;BUY
2016-03-13T01:58:32.297000;2016-03-13T01:58:32.333000;28fe0af0-b728-47df-8430-a52164d970f3;411.2;0.33016;BUY
2016-03-13T01:58:39.527000;2016-03-13T01:58:39.567000;41d43cb6-705d-4ee7-b149-fd232a9a0249;411.2;0.03;BUY
2016-03-13T01:59:01.027000;2016-03-13T01:59:01.067000;5a35b394-0313-4c29-b3bc-bf1b5dad270a;411.18;0.26325;BUY
2016-03-13T01:59:31.017000;2016-03-13T01:59:31.053000;000ce884-f7b6-4171-8673-9b00763764d2;411.19;0.34406;BUY
2016-03-13T02:00:31.137000;2016-03-13T02:00:31.177000;8f1010d0-01ba-43f0-b017-e50ab07fae09;411.15;0.09827;BUY
2016-03-13T02:01:31.560000;2016-03-13T02:01:31.600000;234988bb-aec4-40c4-860d-9007730cdec5;411.07;2.13728;BUY
2016-03-13T02:02:01.287000;2016-03-13T02:02:01.317000;e4a28515-9828-4cf9-a902-bd1e83e96987;411.07;0.10186;BUY
2016-03-13T02:02:31.033000;2016-03-13T02:02:31.067000;5ab22073-dd9b-4475-97a9-c3714948f04d;411.07;0.34086;BUY
2016-03-13T02:02:31.033000;2016-03-13T02:02:31.083000;372cf9fc-05f4-4704-9167-842eb5a53b9d;411.07;0.119;BUY
2016-03-13T02:02:31.033000;2016-03-13T02:02:31.083000;17acdb17-cd03-4b93-9ca6-033617b004c6;411.12;0.451;BUY
2016-03-13T02:02:31.033000;2016-03-13T02:02:31.100000;4d87f14d-f16f-4fca-9b7f-6f8ec78ec531;411.12;0.2934;BUY
2016-03-13T02:03:01.217000;2016-03-13T02:03:01.253000;d0000b67-88a9-4269-9a7f-d4c6739e6ebe;411.14;0.06142;BUY
2016-03-13T02:03:31.043000;2016-03-13T02:03:31.083000;35fd1884-ddec-4e10-979f-b8e2cb3e06dc;411.14;0.409;BUY
2016-03-13T02:03:31.043000;2016-03-13T02:03:31.100000;d4f89bb9-19f2-4c5e-83d9-9c2d0a9ea257;411.15;0.07838631;BUY
2016-03-13T02:03:31.047000;2016-03-13T02:03:31.100000;f6e54ed0-f25f-414a-acd0-e73af828a285;411.15;0.13822369;BUY
2016-03-13T02:04:03.570000;2016-03-13T02:04:03.600000;271aaf1a-7377-4186-aec1-1634e95c6ffd;411.12;0.367;BUY
2016-03-13T02:04:03.570000;2016-03-13T02:04:03.630000;9ea6ea35-9545-499c-ace8-756b5fbfc199;411.13;0.33863;BUY
2016-03-13T02:04:31.173000;2016-03-13T02:04:31.207000;f48b5d33-746c-481d-8687-71c8b22ca079;411.12;0.362;BUY
2016-03-13T02:04:31.173000;2016-03-13T02:04:31.223000;4d46930f-6f8e-4f67-9ce3-166666db17ac;411.13;2.10609;BUY
2016-03-13T02:04:51.617000;2016-03-13T02:04:51.647000;50bd0236-a6e0-464f-8fd4-1bb1c6a4774e;411.12;0.317;BUY
2016-03-13T02:04:51.617000;2016-03-13T02:04:51.660000;74261706-1573-40a3-b7d0-581584287475;411.12;0.75;BUY
2016-03-13T02:04:51.617000;2016-03-13T02:04:51.660000;f11b696e-1d44-4c4a-b8ca-a4ccd806d173;411.13;7.29356;BUY
2016-03-13T02:04:51.620000;2016-03-13T02:04:51.660000;7f5111be-1a57-497f-ac8f-067d7c173082;411.15;1.56585423;BUY
2016-03-13T02:05:01.023000;2016-03-13T02:05:01.053000;2ea343ac-6f37-4570-8944-c0d061fb14e3;411.12;0.25;BUY
2016-03-13T02:05:01.023000;2016-03-13T02:05:01.067000;70d7589b-c963-4763-9b3e-3a6f933b39b7;411.13;0.304;BUY
2016-03-13T02:05:01.023000;2016-03-13T02:05:01.067000;f6303133-eef8-4c2f-92bf-7e88d7ddb7f8;411.14;0.14952;BUY
2016-03-13T02:05:31.140000;2016-03-13T02:05:31.160000;6fe49cd7-45a3-4aa2-9a5c-61f8011742f8;411.12;0.333;BUY
2016-03-13T02:05:31.140000;2016-03-13T02:05:31.177000;a336ab1a-883c-4bd1-96dd-3a761474b3f6;411.13;6.94042;BUY
2016-03-13T02:06:01.090000;2016-03-13T02:06:01.113000;81daae77-1183-4ebf-8e19-104f062813b8;411.13;0.299;BUY
2016-03-13T02:06:01.090000;2016-03-13T02:06:01.130000;7f9dea8a-1737-4fa4-b30f-e656a7ff076b;411.14;0.40555;BUY
2016-03-13T02:06:05.923000;2016-03-13T02:06:05.957000;1ace4ac3-14c6-42f7-8ce3-0f44b77093b5;411.04;0.058494;SELL
2016-03-13T02:06:05.923000;2016-03-13T02:06:05.973000;e82446cc-e94a-4533-b6c9-394973988ee4;411.03;0.0778876;SELL
2016-03-13T02:06:05.923000;2016-03-13T02:06:05.973000;f38d6414-902f-43a5-9a8c-1ff654df6363;411.02;0.13897864;SELL
2016-03-13T02:06:05.923000;2016-03-13T02:06:05.990000;48fd6738-6bf5-4e08-949e-aff9c8793161;411.0;0.08706716;SELL
2016-03-13T02:06:05.923000;2016-03-13T02:06:05.990000;c607a049-98f5-4bdb-880b-182b8efd6db6;410.99;0.2997178;SELL
2016-03-13T02:06:05.923000;2016-03-13T02:06:05.990000;9a064a5d-be4c-4edb-b385-19877536a8d3;410.99;0.3378548;SELL
2016-03-13T02:06:31.213000;2016-03-13T02:06:31.240000;6da65eb0-8182-4d1b-965e-1e354a11303e;410.99;0.22176;SELL
2016-03-13T02:07:31.027000;2016-03-13T02:07:31.100000;518fe112-749c-413d-b7dd-052a1101f781;411.0;0.369;BUY
2016-03-13T02:07:31.027000;2016-03-13T02:07:31.100000;fbafa5a7-b505-4bb2-a946-3baf6229be95;411.01;0.42;BUY
2016-03-13T02:07:31.027000;2016-03-13T02:07:31.113000;b0abd41d-2025-41cb-97e3-1c45f30c665d;411.02;0.11301984;BUY
2016-03-13T02:07:31.027000;2016-03-13T02:07:31.113000;80868449-a15a-42bc-a0df-a8f6f79267f4;411.08;0.181;BUY
2016-03-13T02:07:31.027000;2016-03-13T02:07:31.113000;c418b9e0-f916-4b40-8d5f-b19cacd62977;411.13;0.23;BUY
2016-03-13T02:07:31.027000;2016-03-13T02:07:31.147000;2518bff8-a659-49c6-b02e-32f7ce0c0f33;411.14;0.19486016;BUY
2016-03-13T02:08:32.813000;2016-03-13T02:08:32.833000;35795ea0-bcc2-4202-b4ce-1c795318afa2;411.13;0.24082;BUY
2016-03-13T02:09:01.330000;2016-03-13T02:09:01.350000;68a6d48e-6932-4c00-b1bd-2804f97a0132;411.06;0.21396;BUY
2016-03-13T02:09:31.347000;2016-03-13T02:09:31.380000;23c13b50-508e-4c2a-a80d-53709e63073b;410.99;0.568;SELL
2016-03-13T02:09:31.347000;2016-03-13T02:09:31.397000;d1ca2b32-f13f-4fd7-bfb1-9e9e86e7e60b;410.98;0.21366;SELL
2016-03-13T02:10:01.297000;2016-03-13T02:10:01.317000;9d9ac5b8-d912-4602-b07c-6a173ff28a08;411.0;0.48545;BUY
2016-03-13T02:10:31.250000;2016-03-13T02:10:31.270000;11bc730b-e87a-4bc3-86de-f9964e8d1ebb;411.0;0.05938;BUY
2016-03-13T02:11:02.057000;2016-03-13T02:11:02.067000;76d57d77-83b0-4113-be6d-2f81f606330b;411.0;0.8327;BUY
2016-03-13T02:11:31.160000;2016-03-13T02:11:31.177000;e264289c-ae15-4577-bb77-a6d8f8f50735;411.0;0.12285;BUY
2016-03-13T02:12:01.213000;2016-03-13T02:12:01.223000;423788fc-131a-4953-ae96-c09e71a9477d;411.0;0.15198;BUY
2016-03-13T02:12:31.117000;2016-03-13T02:12:31.147000;2961dda5-382c-476a-ad46-dd44903272e9;411.0;0.02396;BUY
2016-03-13T02:13:01.107000;2016-03-13T02:13:01.113000;5afcfed9-3cbb-45f1-a1b2-3a060f5cc337;411.01;0.065974;BUY
2016-03-13T02:13:01.107000;2016-03-13T02:13:01.130000;06a2c59c-2635-4d6d-9c63-dac73421c72f;411.13;0.248336;BUY
2016-03-13T02:14:31.967000;2016-03-13T02:14:32.000000;c5be4e89-ce05-4bfe-a545-03e46cb86032;411.14;0.53995;BUY
2016-03-13T02:15:02.477000;2016-03-13T02:15:02.500000;70ad7d1f-b55e-44b1-8c5c-59aa175a2d17;411.14;0.0641;BUY
2016-03-13T02:15:31.113000;2016-03-13T02:15:31.143000;e3c81bc7-492a-4c77-8928-c6b135c5e5ae;411.01;0.4;SELL
2016-03-13T02:15:31.113000;2016-03-13T02:15:31.157000;3c62c8cf-365d-4f95-b990-db35244129be;411.01;0.3024;SELL
2016-03-13T02:16:01.137000;2016-03-13T02:16:01.157000;753cd171-4a94-4212-9fc3-fa808812a5b8;411.14;2.40818;BUY
2016-03-13T02:16:31.197000;2016-03-13T02:16:31.220000;172e9a14-5efa-4e8f-86c6-a32169b24ce8;411.03;0.38527;BUY
2016-03-13T02:17:01.163000;2016-03-13T02:17:01.190000;77c87e4e-4efd-42b0-a701-286f8e535da2;411.01;0.13;SELL
2016-03-13T02:17:31.127000;2016-03-13T02:17:31.143000;ad79ac92-172c-44db-b919-aa70f405a869;411.03;0.31726155;BUY
2016-03-13T02:17:31.127000;2016-03-13T02:17:31.157000;2293160b-7b46-4fbb-b998-d256310dbb45;411.04;0.14586717;BUY
2016-03-13T02:17:31.127000;2016-03-13T02:17:31.157000;c2c4872c-58b7-43ae-9bc5-c867befa7193;411.14;1.19589128;BUY
2016-03-13T02:18:01.273000;2016-03-13T02:18:01.297000;c97b17a4-3b38-4ba8-9941-f7025ff35de0;411.14;0.19146856;BUY
2016-03-13T02:18:01.273000;2016-03-13T02:18:01.313000;e4bcfb81-66ec-4f08-b96c-4e8130e34087;411.15;0.11655144;BUY
2016-03-13T02:19:01.230000;2016-03-13T02:19:01.250000;50b939f3-edbb-45b9-a1c2-5cb5f456b706;411.16;0.06199976;BUY
2016-03-13T02:19:01.230000;2016-03-13T02:19:01.267000;bb225739-af75-437a-9cc7-de73f806b3eb;411.17;0.03;BUY
2016-03-13T02:19:01.230000;2016-03-13T02:19:01.267000;1981c909-37fe-446b-9100-3c7de9a2f2d2;411.18;0.01;BUY
2016-03-13T02:19:01.230000;2016-03-13T02:19:01.267000;aa67066b-1a7d-4cba-abf4-8438487eb376;411.18;0.102;BUY
2016-03-13T02:19:01.230000;2016-03-13T02:19:01.283000;c78ce521-bbdb-44d2-88a5-c2ff8bbb596a;411.21;0.01;BUY
2016-03-13T02:19:01.230000;2016-03-13T02:19:01.330000;8cdb4a0e-790a-46a4-8533-12b053726a85;411.25;0.26314024;BUY
2016-03-13T02:19:31.163000;2016-03-13T02:19:31.173000;74749405-c0b1-4ab7-b6e8-5ad3c0d16c61;411.17;0.03;BUY
2016-03-13T02:19:31.163000;2016-03-13T02:19:31.190000;a4418a3d-58f2-4a2a-a190-dcd556ecca76;411.18;0.13873299;BUY
2016-03-13T02:19:31.163000;2016-03-13T02:19:31.190000;e71c76d7-6797-4896-8c67-49ea047ad629;411.25;0.45295701;BUY
2016-03-13T02:20:31.203000;2016-03-13T02:20:31.220000;7db0e716-574e-4c90-a7ba-e595bd5a4e3b;411.17;0.03;BUY
2016-03-13T02:20:31.203000;2016-03-13T02:20:31.237000;749cf2d5-db5a-430d-b3ed-a44603478e06;411.17;0.332;BUY
2016-03-13T02:20:31.203000;2016-03-13T02:20:31.237000;b49bd71b-5fb5-4c7f-9f34-42576f679677;411.22;0.284;BUY
2016-03-13T02:20:31.203000;2016-03-13T02:20:31.237000;94beaa3a-8274-4a49-83c7-f32ffc9bbf42;411.25;1.7616;BUY
2016-03-13T02:21:31.177000;2016-03-13T02:21:31.203000;4d7b3fe0-c012-4ca2-b54d-595043b22fa6;411.2;0.03;BUY
2016-03-13T02:21:31.177000;2016-03-13T02:21:31.203000;c34801b9-0ae1-46e4-9d14-4eacfddfc943;411.2;0.255;BUY
2016-03-13T02:21:31.177000;2016-03-13T02:21:31.220000;a3da6c2f-3205-40e3-ab8d-0de9a381f0ce;411.25;0.07494;BUY
2016-03-13T02:22:01.700000;2016-03-13T02:22:01.703000;2a42c369-1c0d-41a0-840c-4559366b1271;411.23;0.03;BUY
2016-03-13T02:22:01.703000;2016-03-13T02:22:01.720000;d28ae9b7-7f15-43db-8a0c-ff070c59df15;411.23;0.244;BUY
2016-03-13T02:22:01.703000;2016-03-13T02:22:01.720000;55cb1154-2f9d-47dc-bb68-46baf5c73812;411.25;0.17438;BUY
2016-03-13T02:22:31.210000;2016-03-13T02:22:31.220000;6a4dd1da-12b5-41c0-8c37-328b92ab8b1d;411.1;0.03613;SELL
2016-03-13T02:23:01.277000;2016-03-13T02:23:01.283000;1b36ffb4-7e64-4317-a05a-7387be4c9263;411.23;0.03;BUY
2016-03-13T02:23:01.280000;2016-03-13T02:23:01.297000;ec3fd503-1a28-4008-9ad9-65b412116ca5;411.25;0.32718;BUY
2016-03-13T02:24:01.217000;2016-03-13T02:24:01.220000;dc134116-e67d-4a1c-889f-218151d92d39;411.23;0.03;BUY
2016-03-13T02:24:01.217000;2016-03-13T02:24:01.237000;f72f7f6c-97aa-4723-9a03-ee592689fa13;411.24;1.42333;BUY
2016-03-13T02:24:32.993000;2016-03-13T02:24:33.000000;65141e8d-a306-427b-8eb6-5db95b1ffaf0;411.24;0.03094;BUY
2016-03-13T02:25:04.857000;2016-03-13T02:25:04.860000;4ca121b5-b89d-4633-9872-24e3f0079489;411.24;0.10693;BUY
2016-03-13T02:25:31.253000;2016-03-13T02:25:31.250000;71b9550d-f29e-41da-9d87-99459167d558;411.19;0.25;BUY
2016-03-13T02:25:31.253000;2016-03-13T02:25:31.283000;93ffa8dd-eaf2-415c-951d-d9973d8e3af9;411.24;4.50631;BUY
2016-03-13T02:26:01.407000;2016-03-13T02:26:01.407000;e6a979e8-d85f-4ea1-b824-830588bcc199;411.25;0.0602;BUY
2016-03-13T02:26:31.377000;2016-03-13T02:26:31.377000;6f93616d-9307-4d75-8215-3e0fa6adf0de;411.25;0.12036;BUY
2016-03-13T02:27:01.150000;2016-03-13T02:27:01.143000;92dc3e4b-1db2-4286-86cd-38c922f2a0ff;411.25;0.24076;BUY
2016-03-13T02:28:01.640000;2016-03-13T02:28:01.643000;c3223520-9bbe-4da0-969d-e08083b2db68;411.23;0.3;SELL
2016-03-13T02:28:01.640000;2016-03-13T02:28:01.657000;b0768785-3173-460a-b0d1-3471e5fb63aa;411.23;0.099;SELL
2016-03-13T02:28:01.640000;2016-03-13T02:28:01.657000;9495e4a0-256c-436d-bfb9-6cc1c5c9e48a;411.22;0.1;SELL
2016-03-13T02:28:01.640000;2016-03-13T02:28:01.657000;9b1d11aa-8403-44ec-8b2c-40b9f888b58c;411.21;0.05039;SELL
2016-03-13T02:28:01.640000;2016-03-13T02:28:01.673000;edb96ea3-766c-4b04-aa28-ef6441190c71;411.16;0.21;SELL
2016-03-13T02:28:01.640000;2016-03-13T02:28:01.673000;38de09e1-1e74-4698-b94b-87a16eb33f04;411.15;0.37600873;SELL
2016-03-13T02:28:01.640000;2016-03-13T02:28:01.673000;7d13bc66-ed5d-4c2b-9f74-d98fac0cf08f;411.14;0.46311;SELL
2016-03-13T02:28:01.640000;2016-03-13T02:28:01.673000;1ecacb41-c37b-4cc0-85c7-670cc004bc24;411.14;5.67313127;SELL
2016-03-13T02:28:02.847000;2016-03-13T02:28:02.847000;2036b657-7ee3-4cbe-a58d-be8fa61193a8;411.24;0.09;BUY
2016-03-13T02:28:31.433000;2016-03-13T02:28:31.423000;4058a5cd-e425-4809-810e-8a6fc895d61b;411.24;0.09975;BUY
2016-03-13T02:28:31.433000;2016-03-13T02:28:31.440000;2dfd62ca-17c3-4694-8961-4bd6c6c5757d;411.25;2.3067;BUY
2016-03-13T02:29:01.290000;2016-03-13T02:29:01.327000;7bce7157-0f83-467e-9c43-a70bde1d1493;411.15;0.11445;SELL
2016-03-13T02:29:31.153000;2016-03-13T02:29:31.183000;19e0bb17-ecd3-4605-92d8-64bf13be5c79;411.25;0.21666;BUY
2016-03-13T02:30:01.230000;2016-03-13T02:30:01.263000;dee99bfa-1816-4b5f-a946-e69e76cf62b0;411.24;3.0;SELL
2016-03-13T02:30:01.230000;2016-03-13T02:30:01.280000;5964d9cc-3455-4e32-b827-2363566a839c;411.24;0.569;SELL
2016-03-13T02:30:01.230000;2016-03-13T02:30:01.280000;8d6ee74a-0ef9-4078-ba0d-d6548aa088f2;411.23;0.1610612;SELL
2016-03-13T02:30:01.230000;2016-03-13T02:30:01.280000;145476a4-b3a2-4f96-accd-6151fccb5b27;411.22;0.0461;SELL
2016-03-13T02:30:01.233000;2016-03-13T02:30:01.293000;4db4e0f2-8b62-456c-94fc-d712feb7f07b;411.21;0.125082;SELL
2016-03-13T02:30:01.233000;2016-03-13T02:30:01.387000;4ded5dc6-1969-45d0-846a-4b02797ac022;411.2;0.2539;SELL
2016-03-13T02:30:01.233000;2016-03-13T02:30:01.387000;ab548ec2-b772-4b49-98a2-0692f6593397;411.19;0.541;SELL
2016-03-13T02:30:01.233000;2016-03-13T02:30:01.387000;9be13d54-1c99-4768-8e56-f3dc158407f8;411.14;0.01;SELL
2016-03-13T02:30:01.233000;2016-03-13T02:30:01.387000;ff3f413e-230b-48d4-994d-64f136a420d0;411.14;0.48639999;SELL
2016-03-13T02:30:01.233000;2016-03-13T02:30:01.387000;12c5ad3d-f006-4bde-b0ac-dc4e2423efc6;411.14;0.532;SELL
2016-03-13T02:30:01.233000;2016-03-13T02:30:01.387000;a3d6a6c7-beb7-44ea-b40a-3b39fbb68be8;411.12;4.08285681;SELL
2016-03-13T02:30:31.230000;2016-03-13T02:30:31.263000;85592724-d509-47bb-9917-13c6f2990b3d;411.25;1.16337;BUY
2016-03-13T02:31:01.223000;2016-03-13T02:31:01.247000;8df93e53-5bd6-4144-a247-082b742ace3b;411.25;0.23825;BUY
2016-03-13T02:31:31.273000;2016-03-13T02:31:31.310000;17326b0a-fad4-46a8-bd71-530af7da1b1d;411.25;0.128;BUY
2016-03-13T02:32:01.153000;2016-03-13T02:32:01.183000;55845ab7-5046-41fc-8023-1332ee6be8e1;411.24;0.7102;BUY
2016-03-13T02:32:31.343000;2016-03-13T02:32:31.373000;e0809f04-fb8f-4417-87e9-805b853620ff;411.24;2.6518;BUY
2016-03-13T02:32:31.343000;2016-03-13T02:32:31.373000;7ca30956-5517-42ec-a250-fceb4e78da49;411.25;15.49242766;BUY
2016-03-13T02:32:31.343000;2016-03-13T02:32:31.403000;b7dc14dd-18a8-401e-8d45-cf334c2cd231;411.25;0.01;BUY
2016-03-13T02:32:31.343000;2016-03-13T02:32:31.403000;30c99af3-dbef-4ad8-a4cd-b997eed5adce;411.26;0.03;BUY
2016-03-13T02:32:31.343000;2016-03-13T02:32:31.403000;6fb78caa-b647-48cb-abf0-3942c3a97603;411.27;0.05;BUY
2016-03-13T02:32:31.343000;2016-03-13T02:32:31.403000;aeb650c0-7cf1-4038-9fb3-019c8ed7bf5b;411.28;0.03091877;BUY
2016-03-13T02:32:31.343000;2016-03-13T02:32:31.403000;23a42f33-90a7-47ba-801b-09fb747dff6f;411.29;0.14741233;BUY
2016-03-13T02:32:31.343000;2016-03-13T02:32:31.403000;1e78038a-9655-496d-9fab-d694ce681994;411.3;0.01;BUY
2016-03-13T02:32:31.343000;2016-03-13T02:32:31.403000;027567b3-b756-4ef5-bce3-9539330af024;411.3;0.2;BUY
2016-03-13T02:32:31.343000;2016-03-13T02:32:31.433000;d061ae00-bc83-4158-987e-07cf09e75591;411.31;0.18802811;BUY
2016-03-13T02:32:31.343000;2016-03-13T02:32:31.433000;2c2fea03-061b-44fa-8c12-5cf7b9a26eb3;411.32;0.68392222;BUY
2016-03-13T02:32:31.343000;2016-03-13T02:32:31.433000;79b6d58c-0a07-4d6f-97c7-d64d89a10d79;411.32;0.01089326;BUY
2016-03-13T02:32:31.343000;2016-03-13T02:32:31.433000;2dea6a66-c574-4597-b20b-72a64b0a4d33;411.33;0.035421;BUY
2016-03-13T02:32:31.347000;2016-03-13T02:32:31.433000;ab3c1180-bd2c-4045-8195-ff253b93e3f6;411.34;0.01;BUY
2016-03-13T02:32:31.347000;2016-03-13T02:32:31.450000;6ec9d5c2-8ae3-4d9a-9426-8ab8c285e6d8;411.35;0.01068629;BUY
2016-03-13T02:32:31.347000;2016-03-13T02:32:31.467000;d2661e6b-0cf4-4ec3-97c1-72270501b580;411.36;0.17098055;BUY
2016-03-13T02:32:31.347000;2016-03-13T02:32:31.467000;0d67bfb5-8576-4332-a51a-7ce8d5d4305a;411.37;0.05;BUY
2016-03-13T02:32:31.347000;2016-03-13T02:32:31.467000;1bd6efa6-b5fb-42f5-909f-68405b6588da;411.37;0.03610981;BUY
2016-03-13T02:32:31.347000;2016-03-13T02:32:31.467000;d7df2c3a-c51c-4585-b012-686ec134eb8b;411.37;0.01;BUY
2016-03-13T02:32:31.347000;2016-03-13T02:32:31.483000;36e6417e-a471-4424-acdc-118e1b74bd5c;411.38;0.21165909;BUY
2016-03-13T02:32:31.347000;2016-03-13T02:32:31.483000;6ea68dcc-0f91-4ac9-92fb-eacf9bf6344f;411.39;0.09288;BUY
2016-03-13T02:32:31.347000;2016-03-13T02:32:31.483000;4af8626b-d501-40ee-8813-b0d94231c3e3;411.47;0.05;BUY
2016-03-13T02:32:31.347000;2016-03-13T02:32:31.483000;77b85753-6dd4-4fef-ac79-9db57b2786f3;411.5;0.01;BUY
2016-03-13T02:32:31.347000;2016-03-13T02:32:31.483000;e362e807-aa61-4111-9771-df35d9ae4d45;411.5;0.20319474;BUY
2016-03-13T02:32:31.347000;2016-03-13T02:32:31.497000;29373163-9311-41b1-bb78-97d557af00f4;411.5;27.68417617;BUY
2016-03-13T02:33:31.187000;2016-03-13T02:33:31.217000;88c03665-0fdd-4c69-9eb1-9367d1421a48;411.5;0.54885;BUY
2016-03-13T02:34:01.567000;2016-03-13T02:34:01.590000;5c4649bd-63ce-4a7f-9483-672806e82b91;411.49;0.05;SELL
2016-03-13T02:34:01.570000;2016-03-13T02:34:01.607000;03f702a2-dce5-4213-a1cc-7afc6c6d3914;411.49;0.463;SELL
2016-03-13T02:34:01.570000;2016-03-13T02:34:01.623000;3be1e074-4486-4acb-8e39-c2955fe7fefd;411.49;0.24399084;SELL
2016-03-13T02:34:01.570000;2016-03-13T02:34:01.623000;a19d391d-ded3-4d96-9eeb-7f097fb15eae;411.49;4.83463079;SELL
2016-03-13T02:34:01.570000;2016-03-13T02:34:01.623000;71c68e60-186f-4abe-ba89-bfe7e1f7c76a;411.49;0.06007181;SELL
2016-03-13T02:34:01.570000;2016-03-13T02:34:01.700000;768180a5-7872-41bb-b537-c995f593042b;411.49;0.28283015;SELL
2016-03-13T02:34:01.570000;2016-03-13T02:34:01.700000;2e148cf1-35cf-4932-aaa1-4ab08062c93d;411.49;1.26547641;SELL
2016-03-13T02:34:31.520000;2016-03-13T02:34:31.560000;b3734a21-d888-4628-ab37-d90d1d154a44;411.5;1.32333;BUY
2016-03-13T02:35:31.267000;2016-03-13T02:35:31.293000;6402b647-406e-42e3-b9e8-1d458949f7e1;411.5;3.29748;BUY
2016-03-13T02:36:31.257000;2016-03-13T02:36:31.280000;8e8399a5-4d49-4666-be64-2608986b6602;411.5;0.0236;BUY
2016-03-13T02:36:37.643000;2016-03-13T02:36:37.670000;cdd7b418-ade9-49f8-87ed-50032db7423c;411.49;0.05;SELL
2016-03-13T02:36:37.643000;2016-03-13T02:36:37.687000;72d7c4ef-b0e7-486c-88af-2f9e60b5f965;411.48;1.17465879;SELL
2016-03-13T02:36:37.643000;2016-03-13T02:36:37.700000;53d63016-ca51-4f5a-b089-990ae8803d6a;411.48;0.316;SELL
