time_exchange;time_coinpai;guid;price;base_amount;taker_side
2016-03-02T00:00:06.000000;2016-03-02T00:00:06.000000;951bbdc8-d3c9-4036-8ca3-ea022a10c6ec;434.99;0.02287028;UNKNOWN
2016-03-02T00:02:18.000000;2016-03-02T00:02:18.000000;0e8c4d31-236e-4a4e-911e-c07deb8d374f;434.81;0.08201202;UNKNOWN
2016-03-02T00:03:11.000000;2016-03-02T00:03:11.000000;765e49a2-7714-44d7-b542-8b248a808d19;434.81;0.01;UNKNOWN
2016-03-02T00:03:12.000000;2016-03-02T00:03:12.000000;62db53df-f694-47f0-9471-181e3dab83c0;434.52;0.2;UNKNOWN
2016-03-02T00:03:12.000000;2016-03-02T00:03:12.000000;cb2175bb-00d4-4bed-a315-fff6cca879ef;434.5;2.0158;UNKNOWN
2016-03-02T00:03:12.000000;2016-03-02T00:03:12.000000;ed8a74ce-843b-44ab-87c5-c9f066bee0f6;434.5;9.0;UNKNOWN
2016-03-02T00:03:12.000000;2016-03-02T00:03:12.000000;82ac09af-0cc5-4d69-b713-1b70843478c1;434.39;0.2;UNKNOWN
2016-03-02T00:03:12.000000;2016-03-02T00:03:12.000000;a837a822-c593-4b48-8052-d4d331cff9a2;434.51;5.6797;UNKNOWN
2016-03-02T00:03:12.000000;2016-03-02T00:03:12.000000;8f09ea60-1c44-42ee-95a6-9a0f403aec35;434.37;0.2;UNKNOWN
2016-03-02T00:03:12.000000;2016-03-02T00:03:12.000000;86b97712-ed7c-4b73-8455-f74db59e3a04;434.81;10.03506359;UNKNOWN
2016-03-02T00:03:12.000000;2016-03-02T00:03:12.000000;ebfe2ac3-7d01-4584-bd09-12f07966a2c9;434.52;0.2;UNKNOWN
2016-03-02T00:03:12.000000;2016-03-02T00:03:12.000000;b2073257-0f9a-4dec-a337-f2cda92dfc6c;434.64;0.2;UNKNOWN
2016-03-02T00:03:12.000000;2016-03-02T00:03:12.000000;f7b0319d-4817-49a9-923d-73b746d39288;434.48;0.2;UNKNOWN
2016-03-02T00:03:12.000000;2016-03-02T00:03:12.000000;4b37aace-1333-4d3e-9b3b-ba26bd8b7dd5;434.37;0.2;UNKNOWN
2016-03-02T00:03:12.000000;2016-03-02T00:03:12.000000;531abfc0-2f44-40bc-9948-9b94edc37d9c;434.14;3.33784731;UNKNOWN
2016-03-02T00:03:12.000000;2016-03-02T00:03:12.000000;a172babc-8fff-48d8-b714-6305dbf5b73c;434.18;3.36579455;UNKNOWN
2016-03-02T00:03:12.000000;2016-03-02T00:03:12.000000;e14b4a8e-c4ef-496f-be2d-974569328dcd;434.26;0.2;UNKNOWN
2016-03-02T00:03:12.000000;2016-03-02T00:03:12.000000;6416cd4e-2145-4302-ac63-64b13e97fb98;434.22;0.2;UNKNOWN
2016-03-02T00:03:12.000000;2016-03-02T00:03:12.000000;0f6a0075-0050-4476-8197-5c5cc2b1cf88;434.27;0.2;UNKNOWN
2016-03-02T00:03:12.000000;2016-03-02T00:03:12.000000;9dfe21dc-a1a1-4237-819f-af28683af5e2;434.16;0.2;UNKNOWN
2016-03-02T00:03:12.000000;2016-03-02T00:03:12.000000;4ecd927e-c63b-417e-bf5a-417c311d519a;434.15;3.36579455;UNKNOWN
2016-03-02T00:03:14.000000;2016-03-02T00:03:14.000000;e3a3d04b-86dc-463d-a37a-7be0a895a289;434.76;0.2;UNKNOWN
2016-03-02T00:06:47.000000;2016-03-02T00:06:47.000000;8917f6f5-b362-4a3e-b0c0-ed77d911b373;434.37;0.2;UNKNOWN
2016-03-02T00:06:47.000000;2016-03-02T00:06:47.000000;9f9c6eaa-e0b0-4289-a310-91c8c4b5ac38;434.37;0.0305;UNKNOWN
2016-03-02T00:09:30.000000;2016-03-02T00:09:30.000000;7c340b75-4c52-4833-8801-43036ca0c06b;434.4;11.5;UNKNOWN
2016-03-02T00:10:05.000000;2016-03-02T00:10:05.000000;0b54fd6c-013d-4e6d-9663-f7bbe506af54;434.41;0.47724821;UNKNOWN
2016-03-02T00:10:18.000000;2016-03-02T00:10:18.000000;a3185f7e-95b2-44db-8df2-c9a42a471dab;434.39;0.11845912;UNKNOWN
2016-03-02T00:10:46.000000;2016-03-02T00:10:46.000000;855eb2e1-8346-4c89-9ae8-253dcec1a1c2;434.41;0.02628;UNKNOWN
2016-03-02T00:11:18.000000;2016-03-02T00:11:18.000000;2b6099e0-06f2-47b9-86db-efa14ff843de;434.39;0.22937884;UNKNOWN
2016-03-02T00:11:28.000000;2016-03-02T00:11:28.000000;2923a889-9551-4641-a872-598129828a2f;434.39;0.19975629;UNKNOWN
2016-03-02T00:11:28.000000;2016-03-02T00:11:28.000000;06b4ca1d-2164-4264-a51e-e8047f910ded;434.39;4.28216204;UNKNOWN
2016-03-02T00:11:28.000000;2016-03-02T00:11:28.000000;7ad938d7-bd55-4b06-9c0f-dec811d69851;434.39;0.1149862;UNKNOWN
2016-03-02T00:11:28.000000;2016-03-02T00:11:28.000000;277628ef-20cc-431d-be62-066f46df65da;434.39;5.687;UNKNOWN
2016-03-02T00:12:06.000000;2016-03-02T00:12:06.000000;afbe6a08-ab7e-4f28-9e2a-13160b02f1ab;434.37;0.01919107;UNKNOWN
2016-03-02T00:12:17.000000;2016-03-02T00:12:17.000000;1034c010-fe7d-45ed-ab5f-9919e959678d;434.37;0.6630826;UNKNOWN
2016-03-02T00:13:57.000000;2016-03-02T00:13:57.000000;6acb5e11-72b2-4e50-80d0-f3b4bfcf5c27;434.37;3.36251247;UNKNOWN
2016-03-02T00:13:57.000000;2016-03-02T00:13:57.000000;cfe46c8f-848d-4e46-8b8e-61fca78e7a3d;434.37;3.36243709;UNKNOWN
2016-03-02T00:13:57.000000;2016-03-02T00:13:57.000000;5701b75c-72fe-407c-bc34-79379fc39cf5;434.39;5.689;UNKNOWN
2016-03-02T00:13:57.000000;2016-03-02T00:13:57.000000;30a50394-a3d2-4e7e-a343-24717c472bc8;434.38;0.04581252;UNKNOWN
2016-03-02T00:13:57.000000;2016-03-02T00:13:57.000000;06472c8e-7ea9-4646-a738-6517b0696f33;434.37;2.46333841;UNKNOWN
2016-03-02T00:13:57.000000;2016-03-02T00:13:57.000000;4605b0fc-2deb-4167-996a-250dec7be1a0;434.38;3.0;UNKNOWN
2016-03-02T00:13:57.000000;2016-03-02T00:13:57.000000;6b455d9c-0798-45ae-8306-312c9256640c;434.38;0.5;UNKNOWN
2016-03-02T00:13:57.000000;2016-03-02T00:13:57.000000;d240c9c9-381f-438a-ab69-0a3fbf0b9fff;434.38;0.04993807;UNKNOWN
2016-03-02T00:13:57.000000;2016-03-02T00:13:57.000000;42ccfc7e-852d-4ad7-98f6-2e3b83030c1c;434.37;5.91109128;UNKNOWN
2016-03-02T00:13:57.000000;2016-03-02T00:13:57.000000;cfe15b3f-3c0e-421c-ad2d-a01cf7159d68;434.37;3.36243709;UNKNOWN
2016-03-02T00:15:19.000000;2016-03-02T00:15:19.000000;c90f1581-b575-41fb-ade8-134aa0017b7a;434.38;0.17081947;UNKNOWN
2016-03-02T00:16:04.000000;2016-03-02T00:16:04.000000;0779c385-3eec-43ae-a2b3-901e677c2347;434.38;0.1;UNKNOWN
2016-03-02T00:17:32.000000;2016-03-02T00:17:32.000000;34da5409-57c7-47b6-b000-46a20a8d906b;434.4;0.25;UNKNOWN
2016-03-02T00:17:32.000000;2016-03-02T00:17:32.000000;389686a1-8a70-4ef1-9076-640440b6c284;434.38;3.09120312;UNKNOWN
2016-03-02T00:17:32.000000;2016-03-02T00:17:32.000000;1d95cae6-94a1-4b87-b29b-e6620f10c629;434.38;0.62226418;UNKNOWN
2016-03-02T00:17:42.000000;2016-03-02T00:17:42.000000;c1f09694-9694-47f7-a0e9-3bd2c70b50c3;434.4;2.0;UNKNOWN
2016-03-02T00:17:45.000000;2016-03-02T00:17:45.000000;3f432ed2-e2b1-4f25-8d7f-c29554a2d9f3;434.4;0.234;UNKNOWN
2016-03-02T00:19:19.000000;2016-03-02T00:19:19.000000;86a8c06d-4851-4b9c-a210-b6f3e8fd83fa;434.24;0.57159944;UNKNOWN
2016-03-02T00:19:19.000000;2016-03-02T00:19:19.000000;914e3dd8-d5d3-4fc2-b58f-b24c89952efa;434.35;0.2;UNKNOWN
2016-03-02T00:19:19.000000;2016-03-02T00:19:19.000000;a87772f4-344c-46d2-b081-0f55aa077f59;434.28;0.2;UNKNOWN
2016-03-02T00:21:17.000000;2016-03-02T00:21:17.000000;81bafb8a-fdfb-46c7-8a92-7b59c343c08e;434.3;0.73529908;UNKNOWN
2016-03-02T00:21:17.000000;2016-03-02T00:21:17.000000;e7431650-db83-4241-8609-db1e856e60cc;434.31;5.702;UNKNOWN
2016-03-02T00:21:17.000000;2016-03-02T00:21:17.000000;66116fc9-7f6d-42a8-b9ac-e4ecdb241480;434.32;3.36270092;UNKNOWN
2016-03-02T00:21:17.000000;2016-03-02T00:21:17.000000;f186fc55-e2c4-453b-a0a6-ffe857cf026b;434.4;0.2;UNKNOWN
2016-03-02T00:22:15.000000;2016-03-02T00:22:15.000000;a860853d-1231-4187-989d-785f3ff75c50;434.33;0.0251;UNKNOWN
2016-03-02T00:22:54.000000;2016-03-02T00:22:54.000000;63ec5d20-90c7-45eb-bcbf-663f4bcd2a21;434.28;0.02;UNKNOWN
2016-03-02T00:23:03.000000;2016-03-02T00:23:03.000000;8de4ed5b-90a9-4f8f-a0e7-3342fe2c1c33;434.28;0.01;UNKNOWN
2016-03-02T00:25:06.000000;2016-03-02T00:25:06.000000;62a9241c-8af8-4958-a951-037c512813e8;434.27;0.2;UNKNOWN
2016-03-02T00:25:06.000000;2016-03-02T00:25:06.000000;8af6dc33-4281-4445-854b-31104a79f637;434.12;0.03792348;UNKNOWN
2016-03-02T00:25:06.000000;2016-03-02T00:25:06.000000;d59baa65-d851-4cd3-9d1a-7846bf852b7b;434.18;0.2;UNKNOWN
2016-03-02T00:25:06.000000;2016-03-02T00:25:06.000000;2d0fd468-5b40-4fdc-8f85-52e4a623a051;434.28;0.17;UNKNOWN
2016-03-02T00:25:06.000000;2016-03-02T00:25:06.000000;54c9afcf-3992-44de-9692-dcea93914970;434.15;0.2;UNKNOWN
2016-03-02T00:25:07.000000;2016-03-02T00:25:07.000000;f14b6925-3189-4d38-ad58-4289d8791e7a;434.3;2.3819885;UNKNOWN
2016-03-02T00:26:11.000000;2016-03-02T00:26:11.000000;c7f48f2a-cd6a-472d-b3e4-aacabfe54158;434.21;0.02;UNKNOWN
2016-03-02T00:28:57.000000;2016-03-02T00:28:57.000000;9132224e-bca4-44f4-8bdf-33970abf9386;434.19;11.45;UNKNOWN
2016-03-02T00:31:28.000000;2016-03-02T00:31:28.000000;3fc76fea-7ac7-4b93-b352-ebf4ee48a5bb;434.51;0.11757767;UNKNOWN
2016-03-02T00:33:06.000000;2016-03-02T00:33:06.000000;2dd81178-178d-4553-8e5b-e797bcd84a12;434.52;4.97584429;UNKNOWN
2016-03-02T00:34:01.000000;2016-03-02T00:34:01.000000;07806b14-d7b9-4864-a8cc-e40648547150;434.52;5.7094;UNKNOWN
2016-03-02T00:35:01.000000;2016-03-02T00:35:01.000000;414c8c32-494a-4dfd-904e-f267339675c3;434.2;5.7;UNKNOWN
2016-03-02T00:35:01.000000;2016-03-02T00:35:01.000000;95fdaba7-d693-4ba4-8538-b66176892c06;434.5;9.0;UNKNOWN
2016-03-02T00:35:05.000000;2016-03-02T00:35:05.000000;ae0063aa-8b05-441d-8b8c-ec4fa7e82938;434.2;3.0;UNKNOWN
2016-03-02T00:36:04.000000;2016-03-02T00:36:04.000000;562be019-bbee-4262-9c13-c09e8fe66d5c;434.2;1.5;UNKNOWN
2016-03-02T00:36:05.000000;2016-03-02T00:36:05.000000;2540e01d-e7b2-476d-9fe4-5be0622a079d;434.19;0.2;UNKNOWN
2016-03-02T00:36:05.000000;2016-03-02T00:36:05.000000;50fb5577-2b87-474d-a724-d63d307700a4;434.19;0.2;UNKNOWN
2016-03-02T00:36:05.000000;2016-03-02T00:36:05.000000;623e92ca-3194-46af-93c6-eca550a1469b;434.11;0.2;UNKNOWN
2016-03-02T00:36:05.000000;2016-03-02T00:36:05.000000;f8226e8b-e73e-4720-beac-c8c1da4f7e75;434.19;0.2;UNKNOWN
2016-03-02T00:36:05.000000;2016-03-02T00:36:05.000000;74198e3f-1bba-4909-b810-0766897211d9;434.1;0.7;UNKNOWN
2016-03-02T00:36:21.000000;2016-03-02T00:36:21.000000;808c64b7-652f-4372-8305-e53287f06d0d;434.18;0.17;UNKNOWN
2016-03-02T00:36:29.000000;2016-03-02T00:36:29.000000;598abff8-de76-44c0-a0be-5586f83f4123;434.08;0.2;UNKNOWN
2016-03-02T00:36:29.000000;2016-03-02T00:36:29.000000;9a4b9063-dfb8-4621-9b95-c1a7d4753fd6;434.1;0.3;UNKNOWN
2016-03-02T00:36:29.000000;2016-03-02T00:36:29.000000;679deef6-0dc7-4f9a-ac8b-70c21c31ce11;433.86;0.90463429;UNKNOWN
2016-03-02T00:36:29.000000;2016-03-02T00:36:29.000000;a2515585-e56c-4c94-802e-8b6945ed23d9;433.91;0.2;UNKNOWN
2016-03-02T00:36:29.000000;2016-03-02T00:36:29.000000;279d859a-d1af-4a16-930e-4590c81532cf;433.98;0.2;UNKNOWN
2016-03-02T00:36:29.000000;2016-03-02T00:36:29.000000;87d5a714-eddf-4fda-9868-3397fae5838d;434.0;0.03;UNKNOWN
2016-03-02T00:36:29.000000;2016-03-02T00:36:29.000000;a45adb0f-0bef-45f6-bb97-d319ac569cd1;433.91;0.2;UNKNOWN
2016-03-02T00:36:29.000000;2016-03-02T00:36:29.000000;32bc8be7-5a2e-400f-ba5b-56bb5fe42b5c;434.07;0.2;UNKNOWN
2016-03-02T00:36:42.000000;2016-03-02T00:36:42.000000;ce608a1e-e4c3-4bce-88f2-b28fe7011463;434.09;0.2;UNKNOWN
2016-03-02T00:37:24.000000;2016-03-02T00:37:24.000000;c720e409-b7f8-4a1f-80b8-78c283694bcc;434.01;0.2;UNKNOWN
2016-03-02T00:37:40.000000;2016-03-02T00:37:40.000000;432575b0-5610-4cd8-9806-159c0b6d0b90;434.0;0.2;UNKNOWN
2016-03-02T00:37:45.000000;2016-03-02T00:37:45.000000;df52650e-be33-4bfc-b800-4a39afd7a923;433.99;0.2;UNKNOWN
2016-03-02T00:38:12.000000;2016-03-02T00:38:12.000000;7df1e51f-ddc1-430a-985a-9b4ff6eb1f21;433.99;4.97695;UNKNOWN
2016-03-02T00:38:34.000000;2016-03-02T00:38:34.000000;cf5a760b-769f-487f-a6e0-db4a70eab4b6;434.0;0.01;UNKNOWN
2016-03-02T00:39:05.000000;2016-03-02T00:39:05.000000;b94eb7f9-0c64-4ff0-b3e8-745431acbf6a;433.98;0.03590571;UNKNOWN
2016-03-02T00:39:18.000000;2016-03-02T00:39:18.000000;2018e56c-5b3b-419e-8254-9e6d479a4999;433.98;0.11403028;UNKNOWN
2016-03-02T00:39:21.000000;2016-03-02T00:39:21.000000;71c15b0b-c2f9-4b8c-ac8a-e78089b5e953;433.98;0.01;UNKNOWN
2016-03-02T00:39:35.000000;2016-03-02T00:39:35.000000;dda9d679-f056-4156-a491-d1ad24345670;433.99;0.096;UNKNOWN
2016-03-02T00:40:06.000000;2016-03-02T00:40:06.000000;94f941c5-5b34-4ad6-8239-a5551eda878f;433.99;1.15696315;UNKNOWN
2016-03-02T00:40:35.000000;2016-03-02T00:40:35.000000;8264b38b-667d-4666-aa6a-edbccb9b9230;433.99;11.0;UNKNOWN
2016-03-02T00:40:55.000000;2016-03-02T00:40:55.000000;5c3fd808-6208-4d5b-80ca-a8b3c53a5b6f;433.98;0.04214336;UNKNOWN
2016-03-02T00:40:55.000000;2016-03-02T00:40:55.000000;9d45dd94-dcf9-4c4a-b576-f209b869d319;433.98;0.2;UNKNOWN
2016-03-02T00:40:55.000000;2016-03-02T00:40:55.000000;10a06ee0-18fc-4ad8-986a-962cd844d780;433.98;0.14006401;UNKNOWN
2016-03-02T00:43:03.000000;2016-03-02T00:43:03.000000;0cc7d822-53c8-470c-b40d-8934bd33c6bb;433.98;0.4;UNKNOWN
2016-03-02T00:43:03.000000;2016-03-02T00:43:03.000000;d98a9f12-cd00-42f3-9c9b-f302ae0667a4;433.84;0.2;UNKNOWN
2016-03-02T00:43:03.000000;2016-03-02T00:43:03.000000;2e3ff9a8-7636-4de1-8e24-15fa2bb3ca50;433.78;0.4;UNKNOWN
2016-03-02T00:43:20.000000;2016-03-02T00:43:20.000000;f100868c-6eac-42bd-9976-0bedb1dc1dc3;433.78;0.01;UNKNOWN
2016-03-02T00:45:05.000000;2016-03-02T00:45:05.000000;ca16f71d-962c-44bb-8a0c-182fdf8fbe79;433.85;0.21545145;UNKNOWN
2016-03-02T00:45:06.000000;2016-03-02T00:45:06.000000;0012c1f8-ef54-41b7-808b-56b86b0d2d48;433.92;2.04903477;UNKNOWN
2016-03-02T00:45:07.000000;2016-03-02T00:45:07.000000;24b30ace-d53d-4b09-8460-d1d77f6a6399;433.99;0.57248849;UNKNOWN
2016-03-02T00:45:40.000000;2016-03-02T00:45:40.000000;ff3ef30c-1538-453b-a528-2531a08f2de4;433.99;11.17454836;UNKNOWN
2016-03-02T00:45:48.000000;2016-03-02T00:45:48.000000;1abe3aa1-ced4-469f-9bc8-ba4b8510ff4d;433.99;0.22153188;UNKNOWN
2016-03-02T00:46:28.000000;2016-03-02T00:46:28.000000;da14db63-4968-4be0-9342-518bfbf69444;434.31;0.05768527;UNKNOWN
2016-03-02T00:47:07.000000;2016-03-02T00:47:07.000000;f6112a67-b070-4a9f-95ae-523e97b54db3;434.3;0.20307089;UNKNOWN
2016-03-02T00:47:18.000000;2016-03-02T00:47:18.000000;38c192d9-f765-4e78-b0d8-0617ab7aedb0;434.3;0.04103405;UNKNOWN
2016-03-02T00:47:37.000000;2016-03-02T00:47:37.000000;e97be2f6-cac2-4d40-9eb5-e72049c28425;434.51;19.2981;UNKNOWN
2016-03-02T00:47:37.000000;2016-03-02T00:47:37.000000;9b124dfd-6af2-4837-b60b-44724e71f64e;434.44;5.7019;UNKNOWN
2016-03-02T00:48:05.000000;2016-03-02T00:48:05.000000;05f5105d-8dd2-4aec-92f6-ea03e0916f5a;434.46;0.38816575;UNKNOWN
2016-03-02T00:48:48.000000;2016-03-02T00:48:48.000000;0eb90517-6d47-4ec8-920f-ca2a12c4c309;434.69;0.2;UNKNOWN
2016-03-02T00:48:48.000000;2016-03-02T00:48:48.000000;9f0a2147-6eec-4329-9dfc-44ccf3b821e5;434.78;0.2;UNKNOWN
2016-03-02T00:48:48.000000;2016-03-02T00:48:48.000000;599bae12-9669-45be-8f7a-a0395f0c99bf;434.7;0.5;UNKNOWN
2016-03-02T00:48:48.000000;2016-03-02T00:48:48.000000;52d8ec4d-d783-4326-a63b-c05c8d09545e;434.68;0.5;UNKNOWN
2016-03-02T00:48:48.000000;2016-03-02T00:48:48.000000;1a03f8ee-5357-4a11-8fa6-a2186851ec98;434.34;5.7466;UNKNOWN
2016-03-02T00:48:48.000000;2016-03-02T00:48:48.000000;4a9c7c87-fb34-4f6f-aea8-769cbcf6ab97;434.75;0.2;UNKNOWN
2016-03-02T00:48:48.000000;2016-03-02T00:48:48.000000;05b9d7ae-a9e3-4755-a556-17fa4d940c5d;434.73;0.5;UNKNOWN
2016-03-02T00:48:48.000000;2016-03-02T00:48:48.000000;237cb25c-bfe2-4161-b790-11e4d440b0db;434.5;6.0;UNKNOWN
2016-03-02T00:48:48.000000;2016-03-02T00:48:48.000000;e97d32c5-83dc-4e99-9da6-eca6fa7da8b1;434.9;5.56514913;UNKNOWN
2016-03-02T00:48:48.000000;2016-03-02T00:48:48.000000;a2b59018-50d7-4176-a31a-927da181f1a3;434.77;0.01;UNKNOWN
2016-03-02T00:48:48.000000;2016-03-02T00:48:48.000000;2effa456-4af3-4577-85ec-d4b9d0a2c607;434.88;3.36825087;UNKNOWN
2016-03-02T00:48:48.000000;2016-03-02T00:48:48.000000;7590180d-6b9c-4a11-86d8-ff2785c19c93;434.83;0.2;UNKNOWN
2016-03-02T00:48:48.000000;2016-03-02T00:48:48.000000;0aae0aa6-a369-4de7-8b16-53eac1fcba12;434.76;0.5;UNKNOWN
2016-03-02T00:48:48.000000;2016-03-02T00:48:48.000000;4cb32597-dda9-4a60-9259-7d61f8c78880;434.77;0.01;UNKNOWN
2016-03-02T00:48:48.000000;2016-03-02T00:48:48.000000;ebe8f8cf-7657-409c-b4ae-417c4bd4cc51;434.74;0.5;UNKNOWN
2016-03-02T00:49:07.000000;2016-03-02T00:49:07.000000;09948716-18dd-4626-a55e-8f51c25995b2;434.41;0.21888114;UNKNOWN
2016-03-02T00:49:14.000000;2016-03-02T00:49:14.000000;33003ca8-6d2e-4beb-9c9f-2d169f6403d0;434.85;38.0;UNKNOWN
2016-03-02T00:49:23.000000;2016-03-02T00:49:23.000000;e85026a1-827e-40c4-bdea-d744b4c50e95;434.94;0.2;UNKNOWN
2016-03-02T00:49:23.000000;2016-03-02T00:49:23.000000;9af19f74-66c6-4315-b878-a3f333b87963;434.99;0.2;UNKNOWN
2016-03-02T00:49:23.000000;2016-03-02T00:49:23.000000;bbe170e8-771f-4543-a5b9-169bd2dd4213;434.85;6.9925;UNKNOWN
2016-03-02T00:49:23.000000;2016-03-02T00:49:23.000000;5ed64633-d75d-4244-9a2e-19894f986c9c;434.95;3.36798617;UNKNOWN
2016-03-02T00:49:23.000000;2016-03-02T00:49:23.000000;195dfe39-b287-4ae6-b18f-71910c14ec39;434.94;0.2;UNKNOWN
2016-03-02T00:49:23.000000;2016-03-02T00:49:23.000000;303510b2-8f22-48aa-bd8c-e64416e304c5;434.94;3.3680996;UNKNOWN
2016-03-02T00:49:23.000000;2016-03-02T00:49:23.000000;523fcbc7-b6d7-48df-81ef-d90ab5fdf4f7;435.0;2.15088129;UNKNOWN
2016-03-02T00:49:23.000000;2016-03-02T00:49:23.000000;20609925-b882-4a19-bf55-f46b614625b0;435.0;0.03478207;UNKNOWN
2016-03-02T00:49:23.000000;2016-03-02T00:49:23.000000;b00bb10c-7e3a-409e-aefe-2f9e165fbd78;434.99;0.8614;UNKNOWN
2016-03-02T00:49:23.000000;2016-03-02T00:49:23.000000;7895359a-297e-40cb-a351-50da5742baad;434.9;1.43485087;UNKNOWN
2016-03-02T00:49:23.000000;2016-03-02T00:49:23.000000;04306fb2-cb0f-46c9-9ed3-d6204a46a500;435.0;0.01;UNKNOWN
2016-03-02T00:50:18.000000;2016-03-02T00:50:18.000000;1ef0a2c8-bf0b-406f-8039-fd7434aff1fb;434.74;0.02279929;UNKNOWN
2016-03-02T00:50:21.000000;2016-03-02T00:50:21.000000;bfe005cf-3957-46ea-a4fe-40c1689e7c0d;434.74;0.8623;UNKNOWN
2016-03-02T00:50:41.000000;2016-03-02T00:50:41.000000;fcd10c07-4600-44ef-af8a-1bd7d2fd814b;434.74;0.578;UNKNOWN
2016-03-02T00:51:02.000000;2016-03-02T00:51:02.000000;e0e215e5-48d5-4ba9-992e-95fd76f59442;434.74;0.442;UNKNOWN
2016-03-02T00:51:18.000000;2016-03-02T00:51:18.000000;86673924-8557-48e9-addb-2bb3b236ea2b;434.74;0.292;UNKNOWN
2016-03-02T00:52:33.000000;2016-03-02T00:52:33.000000;8aba3dc5-94fd-4c70-86c3-9dbd59cf72fd;435.2;0.02;UNKNOWN
2016-03-02T00:52:33.000000;2016-03-02T00:52:33.000000;017ee32d-7b9e-4d07-a70a-74922ec9a6b8;435.21;3.36730571;UNKNOWN
2016-03-02T00:52:33.000000;2016-03-02T00:52:33.000000;1c528671-2f27-45b7-9f38-2cf328167b6a;435.61;0.2;UNKNOWN
2016-03-02T00:52:33.000000;2016-03-02T00:52:33.000000;895f8aaf-458f-4abc-88f3-549d7466c116;435.63;4.54275927;UNKNOWN
2016-03-02T00:52:33.000000;2016-03-02T00:52:33.000000;4795ee9c-e535-46f8-baff-f431e52d6917;435.0;0.78857631;UNKNOWN
2016-03-02T00:52:33.000000;2016-03-02T00:52:33.000000;5790fe06-5b32-475b-be43-f3c003949813;435.48;0.2;UNKNOWN
2016-03-02T00:52:33.000000;2016-03-02T00:52:33.000000;04521c42-4439-4b94-abb2-1dd2427ec519;435.62;6.84;UNKNOWN
2016-03-02T00:52:33.000000;2016-03-02T00:52:33.000000;29884cc7-c0db-4e77-b941-b05fb3d37ed7;435.59;0.2;UNKNOWN
2016-03-02T00:52:33.000000;2016-03-02T00:52:33.000000;417263c0-71f6-45fd-8294-4fb5a3130644;435.55;0.2;UNKNOWN
2016-03-02T00:52:33.000000;2016-03-02T00:52:33.000000;de19e8dd-8cc7-4df9-8c41-d5e8845f609e;435.46;0.2;UNKNOWN
2016-03-02T00:52:33.000000;2016-03-02T00:52:33.000000;98b6afad-cd79-44c9-8451-a7a4e1c1fe81;435.5;0.3493052;UNKNOWN
2016-03-02T00:52:33.000000;2016-03-02T00:52:33.000000;fdb2d7df-068b-4b5e-a99c-3690dbb55fb8;435.31;0.2;UNKNOWN
2016-03-02T00:52:33.000000;2016-03-02T00:52:33.000000;7836b502-0adf-4c13-9227-4895492cc5ca;435.2;3.36715453;UNKNOWN
2016-03-02T00:52:33.000000;2016-03-02T00:52:33.000000;9eadb174-ddbb-467b-be61-39783ad87ca1;435.3;0.09;UNKNOWN
2016-03-02T00:52:33.000000;2016-03-02T00:52:33.000000;ce3a95cc-92ba-421d-a357-2885504a3ec9;434.99;16.13;UNKNOWN
2016-03-02T00:52:33.000000;2016-03-02T00:52:33.000000;5c7ffd85-4785-4b9e-90b2-121b8951730b;435.13;3.36715453;UNKNOWN
2016-03-02T00:52:33.000000;2016-03-02T00:52:33.000000;98ff7f62-a531-4f63-aa31-e61f3760f933;435.19;3.36639885;UNKNOWN
2016-03-02T00:52:33.000000;2016-03-02T00:52:33.000000;eab7b040-400b-4553-a952-6f6f66305d85;435.29;3.36723012;UNKNOWN
2016-03-02T00:52:33.000000;2016-03-02T00:52:33.000000;45a04774-8c6a-46c4-9004-e85b353b4491;435.1;0.5;UNKNOWN
2016-03-02T00:52:33.000000;2016-03-02T00:52:33.000000;4417daae-84d3-465b-a43c-5d9c54e551d8;435.27;0.2;UNKNOWN
2016-03-02T00:52:33.000000;2016-03-02T00:52:33.000000;63e3f1a2-22cb-4718-b9a3-f50021101f14;435.16;3.36639885;UNKNOWN
2016-03-02T00:52:33.000000;2016-03-02T00:52:33.000000;e09e5791-5f17-40a1-a7ff-45b62db0fb88;435.12;0.2;UNKNOWN
2016-03-02T00:52:33.000000;2016-03-02T00:52:33.000000;cebf88bd-84b8-422a-b4e9-cc5dbd9fc095;435.41;0.2;UNKNOWN
2016-03-02T00:52:33.000000;2016-03-02T00:52:33.000000;a70898b2-81d9-4795-94f0-3785b5288aa1;435.5;0.03;UNKNOWN
2016-03-02T00:52:33.000000;2016-03-02T00:52:33.000000;cea9a0bc-b4da-4c99-9671-5242f249df1d;435.27;5.47;UNKNOWN
2016-03-02T00:52:33.000000;2016-03-02T00:52:33.000000;d36be1fa-8e78-43b1-bfbf-d843a05cc01d;435.3;0.03;UNKNOWN
2016-03-02T00:52:33.000000;2016-03-02T00:52:33.000000;290ed104-f865-4e98-a2e4-a3db3a940bce;435.37;0.2;UNKNOWN
2016-03-02T00:52:33.000000;2016-03-02T00:52:33.000000;671e24f8-04bb-42ce-a661-ca735bd2f531;435.4;0.03;UNKNOWN
2016-03-02T00:52:33.000000;2016-03-02T00:52:33.000000;16d0b092-babc-4e07-8008-1afa50e5a454;435.18;3.36730571;UNKNOWN
2016-03-02T00:52:33.000000;2016-03-02T00:52:33.000000;318018d1-a664-4fde-8ebe-4f598efd3d5c;435.12;0.2;UNKNOWN
2016-03-02T00:52:33.000000;2016-03-02T00:52:33.000000;a69cf35a-d5b4-4cb5-8f44-02b4647836a8;435.16;3.36715453;UNKNOWN
2016-03-02T00:52:33.000000;2016-03-02T00:52:33.000000;650a8259-62ad-4aef-b3b1-fdc72e9353c2;435.2;0.4;UNKNOWN
2016-03-02T00:52:33.000000;2016-03-02T00:52:33.000000;6acc5817-d0d0-43ea-9a05-7c4cff59e8ca;435.11;0.24325639;UNKNOWN
2016-03-02T00:52:33.000000;2016-03-02T00:52:33.000000;105398ab-4f4c-4a8e-b6b9-e92586c9fca7;435.16;0.2;UNKNOWN
2016-03-02T00:52:33.000000;2016-03-02T00:52:33.000000;2918d795-302e-45fa-b8dc-eb0b9070b493;435.25;0.2;UNKNOWN
2016-03-02T00:52:36.000000;2016-03-02T00:52:36.000000;c824fef6-a966-411e-a708-404644d37d42;434.81;0.49621428;UNKNOWN
2016-03-02T00:52:53.000000;2016-03-02T00:52:53.000000;542335d2-3d73-4efe-ac9f-91204f45a782;434.91;2.27956;UNKNOWN
2016-03-02T00:52:57.000000;2016-03-02T00:52:57.000000;bc7fee87-69dd-4aa5-bd5b-812423f2cd09;434.91;0.5;UNKNOWN
2016-03-02T00:52:57.000000;2016-03-02T00:52:57.000000;c4962cbc-ed6c-48d7-88d0-4099793b97ad;434.9;1.78136;UNKNOWN
2016-03-02T00:52:57.000000;2016-03-02T00:52:57.000000;a85faba3-92c9-40a0-96da-0868d1c4ebee;434.85;0.18693409;UNKNOWN
2016-03-02T00:53:28.000000;2016-03-02T00:53:28.000000;6db4d0ca-e4b6-4589-9097-2ac4637b9ef1;435.47;0.4707;UNKNOWN
2016-03-02T00:54:17.000000;2016-03-02T00:54:17.000000;39887e9e-5f4f-4c48-963c-4314eddabf09;434.84;0.02302104;UNKNOWN
2016-03-02T00:54:34.000000;2016-03-02T00:54:34.000000;b8b6bb7b-8491-43b5-9b89-207550e0c84c;434.85;1.0;UNKNOWN
2016-03-02T00:54:58.000000;2016-03-02T00:54:58.000000;7174fd3a-33f3-420d-9026-48cf15a15c30;434.9;0.04006374;UNKNOWN
2016-03-02T00:55:06.000000;2016-03-02T00:55:06.000000;ffb5a694-6d21-4c62-bd47-af6a1cf64323;434.81;0.2;UNKNOWN
2016-03-02T00:55:06.000000;2016-03-02T00:55:06.000000;151633c4-ba0d-4fc0-8132-c96670ce2317;434.74;0.2;UNKNOWN
2016-03-02T00:55:06.000000;2016-03-02T00:55:06.000000;608a5ebe-dc8e-4769-8602-c485b29499ad;434.59;0.2;UNKNOWN
2016-03-02T00:55:06.000000;2016-03-02T00:55:06.000000;a61bf77c-a601-45a9-abd0-ea9b3260080e;434.51;0.45477449;UNKNOWN
2016-03-02T00:55:06.000000;2016-03-02T00:55:06.000000;2cf79a97-35d0-454d-89ae-486f0ad28433;434.61;0.2;UNKNOWN
2016-03-02T00:55:06.000000;2016-03-02T00:55:06.000000;1c3428b3-9bd1-40ee-a3a1-5995ec03ff30;434.73;0.2;UNKNOWN
2016-03-02T00:55:06.000000;2016-03-02T00:55:06.000000;ee1ba302-ea83-4fca-b5e4-4b2de345b4c0;434.66;0.2;UNKNOWN
2016-03-02T00:55:06.000000;2016-03-02T00:55:06.000000;3548da88-c3f9-4171-a1a6-a420241c7a65;434.84;0.17697896;UNKNOWN
2016-03-02T00:55:07.000000;2016-03-02T00:55:07.000000;917d9449-98ff-4f3a-9b4f-28b0039e7237;434.86;2.774;UNKNOWN
2016-03-02T00:55:08.000000;2016-03-02T00:55:08.000000;b103918d-5746-4a38-b5a3-1b50953592a2;435.27;2.186;UNKNOWN
2016-03-02T00:55:09.000000;2016-03-02T00:55:09.000000;1d775136-bf2b-4542-9418-bd96fc9dae65;435.27;0.48089033;UNKNOWN
2016-03-02T00:55:25.000000;2016-03-02T00:55:25.000000;8503fe81-6578-42bf-ae26-c1627978b934;434.83;0.5;UNKNOWN
2016-03-02T00:56:33.000000;2016-03-02T00:56:33.000000;1e1caee6-1b74-4b6b-91d3-ab16c0fe7431;435.73;0.2;UNKNOWN
2016-03-02T00:56:33.000000;2016-03-02T00:56:33.000000;2bf9c312-1994-496b-9039-7635d74f4ef6;435.69;0.2;UNKNOWN
2016-03-02T00:56:33.000000;2016-03-02T00:56:33.000000;23a87219-f5ea-4b85-aaed-d9c8fe77faa8;435.46;0.2;UNKNOWN
2016-03-02T00:56:33.000000;2016-03-02T00:56:33.000000;b6cfdee7-9fef-4a87-815c-28c04c021347;435.78;0.14778039;UNKNOWN
2016-03-02T00:56:33.000000;2016-03-02T00:56:33.000000;e064641f-3c21-48e0-b2cd-fdc614e3e1a8;435.6;0.2;UNKNOWN
2016-03-02T00:56:33.000000;2016-03-02T00:56:33.000000;66d5fbad-945b-4766-93b0-524a3f906fb1;435.76;0.23121961;UNKNOWN
2016-03-02T00:56:33.000000;2016-03-02T00:56:33.000000;c703b1ee-3f8a-4480-a3e2-b2e1229c7516;435.57;0.2;UNKNOWN
2016-03-02T00:56:33.000000;2016-03-02T00:56:33.000000;67ad0a5f-e625-4986-a64c-2a50860b23e3;435.46;0.2;UNKNOWN
2016-03-02T00:56:33.000000;2016-03-02T00:56:33.000000;228444e7-af63-4fc0-afec-d83b8e777732;435.54;0.2;UNKNOWN
2016-03-02T00:56:33.000000;2016-03-02T00:56:33.000000;994b59e2-72cb-4cce-82ac-4a2e6253da47;435.67;0.2;UNKNOWN
2016-03-02T00:57:30.000000;2016-03-02T00:57:30.000000;74b7fb91-9e24-42d1-96da-751009a9affc;435.72;5.6664;UNKNOWN
2016-03-02T00:57:30.000000;2016-03-02T00:57:30.000000;c00fe1e5-3f58-45c9-99aa-d521ff9fe57f;435.73;3.0;UNKNOWN
2016-03-02T00:57:30.000000;2016-03-02T00:57:30.000000;b9dff24c-e972-48a3-a4bd-8b987573c833;435.7;4.14577166;UNKNOWN
2016-03-02T00:58:34.000000;2016-03-02T00:58:34.000000;ae6e59c6-8836-420a-85f1-876acb8a8ba8;435.8;0.02;UNKNOWN
2016-03-02T00:58:34.000000;2016-03-02T00:58:34.000000;bc8e8f81-ba97-4e86-99af-0a2b5e90e5a1;435.8;0.03;UNKNOWN
2016-03-02T00:58:34.000000;2016-03-02T00:58:34.000000;dd457994-1e3c-4004-9b85-40e0052acca0;435.86;0.5;UNKNOWN
2016-03-02T00:58:34.000000;2016-03-02T00:58:34.000000;8a467758-38e8-4047-bb58-801ac4138fda;435.85;0.05;UNKNOWN
2016-03-02T00:58:34.000000;2016-03-02T00:58:34.000000;e01ce18a-7e92-4dab-a024-9f8bc305dd2a;435.88;0.2;UNKNOWN
2016-03-02T00:58:34.000000;2016-03-02T00:58:34.000000;18718680-ad72-4def-a5d8-0d7b4304df90;435.89;1.16924015;UNKNOWN
2016-03-02T00:58:34.000000;2016-03-02T00:58:34.000000;fae69772-c835-4065-8c69-2ba7d3accebe;435.8;0.5;UNKNOWN
2016-03-02T00:58:34.000000;2016-03-02T00:58:34.000000;d67b4927-f1fd-40e7-bfd7-764eecd26c38;435.87;1.9566788;UNKNOWN
2016-03-02T00:59:04.000000;2016-03-02T00:59:04.000000;8fa4c2b5-e38b-4ae8-8de9-0f4e1edaddcf;435.81;4.0;UNKNOWN
2016-03-02T00:59:45.000000;2016-03-02T00:59:45.000000;492965ac-ee19-4cde-a94a-8e2fcb13263a;435.8;5.0;UNKNOWN
2016-03-02T00:59:57.000000;2016-03-02T00:59:57.000000;46945a4e-f33b-4e28-ac69-4073c3174832;435.99;100.0;UNKNOWN
2016-03-02T00:59:57.000000;2016-03-02T00:59:57.000000;b072fabb-605a-4ef8-a689-d621a15f0436;435.94;0.2;UNKNOWN
2016-03-02T00:59:57.000000;2016-03-02T00:59:57.000000;f37bb2b1-ce6b-4009-bce4-23da2d5a8408;435.99;0.25;UNKNOWN
2016-03-02T00:59:57.000000;2016-03-02T00:59:57.000000;33375423-869f-4e1a-83e3-de527640eb9c;436.0;27.53221834;UNKNOWN
2016-03-02T00:59:57.000000;2016-03-02T00:59:57.000000;f6d450de-8efc-46d5-89cb-4c5254202b96;435.99;0.25;UNKNOWN
2016-03-02T00:59:57.000000;2016-03-02T00:59:57.000000;9db31ca9-0435-4ee2-8304-c6ac7ffd91cc;435.82;4.28;UNKNOWN
2016-03-02T00:59:57.000000;2016-03-02T00:59:57.000000;d7f9bc27-5a34-40d7-961d-d62adb7edf52;435.89;0.94183467;UNKNOWN
2016-03-02T00:59:57.000000;2016-03-02T00:59:57.000000;916d4a8c-1ac5-40c0-adee-929799f4f635;435.9;0.2;UNKNOWN
2016-03-02T00:59:57.000000;2016-03-02T00:59:57.000000;c4029357-efca-4adc-8276-c3458828a29c;435.9;6.0;UNKNOWN
2016-03-02T00:59:57.000000;2016-03-02T00:59:57.000000;be745d5e-0d17-4f9b-a3e5-dc3173a88a27;435.81;0.5127;UNKNOWN
2016-03-02T00:59:57.000000;2016-03-02T00:59:57.000000;b59c0c57-d411-436d-95b6-68cfa25c4b9a;435.81;0.28999999;UNKNOWN
2016-03-02T00:59:57.000000;2016-03-02T00:59:57.000000;69aeb26e-6bc7-4856-b55a-e73523d5d300;435.98;6.0;UNKNOWN
2016-03-02T00:59:57.000000;2016-03-02T00:59:57.000000;cae90479-8ab1-4f97-9449-563b5fbbbe36;435.99;0.1;UNKNOWN
2016-03-02T00:59:57.000000;2016-03-02T00:59:57.000000;4583a341-45b1-41a0-afdf-934b56d436a6;436.0;3.443247;UNKNOWN
2016-03-02T01:00:07.000000;2016-03-02T01:00:07.000000;e824cda6-591a-4c89-9957-b41e910887fe;435.99;3.0;UNKNOWN
2016-03-02T01:00:07.000000;2016-03-02T01:00:07.000000;cc92e902-c9c8-495a-a6c2-83a8a459b796;436.0;6.5;UNKNOWN
2016-03-02T01:00:07.000000;2016-03-02T01:00:07.000000;cccddab9-9496-47b3-9d7d-59c22d188b1b;435.98;0.5;UNKNOWN
2016-03-02T01:00:16.000000;2016-03-02T01:00:16.000000;9b3afc6d-6a7d-449f-bbd1-56a3ef20e120;436.0;7.5;UNKNOWN
2016-03-02T01:00:16.000000;2016-03-02T01:00:16.000000;7e8a0905-3fed-4b24-b072-1470a92fee98;436.0;3.14;UNKNOWN
2016-03-02T01:00:28.000000;2016-03-02T01:00:28.000000;73ba0bab-aa12-46d2-9404-6cb7d99c8fe1;435.81;0.0253;UNKNOWN
2016-03-02T01:00:29.000000;2016-03-02T01:00:29.000000;433b7a75-1c08-445e-a88b-11452ce16517;436.0;3.14;UNKNOWN
2016-03-02T01:00:35.000000;2016-03-02T01:00:35.000000;078a942b-d187-4d89-b5ae-89cdcf46bbbd;435.98;0.076502;UNKNOWN
2016-03-02T01:00:37.000000;2016-03-02T01:00:37.000000;67ef5459-8398-4aef-a6ee-3e13aa25d845;435.99;3.14;UNKNOWN
2016-03-02T01:01:13.000000;2016-03-02T01:01:13.000000;8562a57a-361a-4843-a913-0314d4838980;435.99;0.86;UNKNOWN
2016-03-02T01:01:51.000000;2016-03-02T01:01:51.000000;c0028381-a3ff-4bb2-b885-9f80f4ae928f;436.0;0.9059633;UNKNOWN
2016-03-02T01:02:48.000000;2016-03-02T01:02:48.000000;f061efe2-d704-4baa-b091-07b98608ee9f;435.99;0.45937494;UNKNOWN
2016-03-02T01:02:56.000000;2016-03-02T01:02:56.000000;a6755142-3633-44b6-a257-d80f1de4c5cd;435.99;1.0;UNKNOWN
2016-03-02T01:03:05.000000;2016-03-02T01:03:05.000000;a84ac7ed-7c61-477c-b62a-560c441043a7;435.99;1.0;UNKNOWN
2016-03-02T01:03:05.000000;2016-03-02T01:03:05.000000;8dddd993-3348-40fd-8bfa-e5432b4a9ca0;436.0;0.5;UNKNOWN
2016-03-02T01:03:15.000000;2016-03-02T01:03:15.000000;292d89ed-a20d-4d34-9e8d-072a286541d8;435.99;1.0;UNKNOWN
2016-03-02T01:03:19.000000;2016-03-02T01:03:19.000000;e09e7b51-82de-43f1-a26f-6b7c6d8cffa5;436.0;12.81217166;UNKNOWN
2016-03-02T01:03:24.000000;2016-03-02T01:03:24.000000;70bfcf22-d489-4cff-a969-9b1a0092adb6;435.99;1.0;UNKNOWN
2016-03-02T01:03:29.000000;2016-03-02T01:03:29.000000;eb3f8f68-8aa6-4c13-858e-88082e9381f5;435.99;1.0;UNKNOWN
2016-03-02T01:03:31.000000;2016-03-02T01:03:31.000000;b913ddfb-36ac-4b24-a03f-e03b58bddc28;435.99;0.7;UNKNOWN
2016-03-02T01:03:35.000000;2016-03-02T01:03:35.000000;6119373c-2e81-4716-8ac6-8ec4e21c8f0b;435.99;1.0;UNKNOWN
2016-03-02T01:03:39.000000;2016-03-02T01:03:39.000000;2b232f14-f86f-43fc-8aa0-a1f7f0addc56;435.99;1.0;UNKNOWN
2016-03-02T01:04:18.000000;2016-03-02T01:04:18.000000;83dd87e8-8aff-43ac-910a-01478a221d6d;435.99;1.6;UNKNOWN
2016-03-02T01:04:51.000000;2016-03-02T01:04:51.000000;4a4f85f7-979b-4791-9ab1-b55d4562d44c;436.0;15.0;UNKNOWN
2016-03-02T01:04:51.000000;2016-03-02T01:04:51.000000;23c5972b-d6df-4fb8-8266-727a329c6bc8;435.99;1.0;UNKNOWN
2016-03-02T01:04:51.000000;2016-03-02T01:04:51.000000;137eece8-aee1-4abe-8662-2419fcefd3f1;436.0;37.9696467;UNKNOWN
2016-03-02T01:04:57.000000;2016-03-02T01:04:57.000000;ba691bde-4e04-45b2-89bf-e277e15c0053;436.05;2.0;UNKNOWN
2016-03-02T01:05:00.000000;2016-03-02T01:05:00.000000;aae66d76-da8f-4337-9bd1-828f09c8a067;436.14;0.2;UNKNOWN
2016-03-02T01:05:00.000000;2016-03-02T01:05:00.000000;7c993753-2a60-4b12-a650-6a5b6fd0c36b;436.05;1.9884;UNKNOWN
2016-03-02T01:05:00.000000;2016-03-02T01:05:00.000000;4ef53d37-306d-46ab-8f36-453a69f07d3d;436.11;0.2;UNKNOWN
2016-03-02T01:05:00.000000;2016-03-02T01:05:00.000000;fe4d867f-5096-4947-87be-87118f92ccc5;436.18;0.2;UNKNOWN
2016-03-02T01:05:00.000000;2016-03-02T01:05:00.000000;1398ba32-bd05-484c-b8f8-12411f389c56;436.06;0.2;UNKNOWN
2016-03-02T01:05:00.000000;2016-03-02T01:05:00.000000;c08eacca-a421-4e09-bc13-021229665aed;436.2;0.02;UNKNOWN
2016-03-02T01:05:00.000000;2016-03-02T01:05:00.000000;67877963-a2ac-4ff2-a038-e53094d82017;436.18;15.6722;UNKNOWN
2016-03-02T01:05:00.000000;2016-03-02T01:05:00.000000;a629c7b0-7102-407c-9c3e-da352b257777;436.2;0.2;UNKNOWN
2016-03-02T01:05:00.000000;2016-03-02T01:05:00.000000;024659b3-5679-4065-965d-6f74a378c223;436.31;0.6994;UNKNOWN
2016-03-02T01:05:00.000000;2016-03-02T01:05:00.000000;0b723ea5-9d78-49cc-b15d-c72e22f0651b;436.2;0.02;UNKNOWN
2016-03-02T01:05:00.000000;2016-03-02T01:05:00.000000;8cd12dd9-6e52-463c-ab1c-421213f47885;436.3;0.2;UNKNOWN
2016-03-02T01:05:00.000000;2016-03-02T01:05:00.000000;92ebd89f-9468-482d-8b30-f418bf97493b;436.27;0.2;UNKNOWN
2016-03-02T01:05:00.000000;2016-03-02T01:05:00.000000;17883dcd-19ff-4520-bf4c-1f89326bc25c;436.3;0.2;UNKNOWN
2016-03-02T01:05:14.000000;2016-03-02T01:05:14.000000;37174948-4beb-44c5-b438-64acbb158776;436.38;4.6804;UNKNOWN
2016-03-02T01:05:14.000000;2016-03-02T01:05:14.000000;6d3e99a2-a23b-4764-a3b8-5b4ae78214d0;436.45;2.1696;UNKNOWN
2016-03-02T01:05:14.000000;2016-03-02T01:05:14.000000;292384d2-3853-4815-83b5-318909f5b7e3;436.39;0.2;UNKNOWN
2016-03-02T01:05:15.000000;2016-03-02T01:05:15.000000;2beed66b-6e02-48cc-b05d-acc74418a035;436.15;1.0;UNKNOWN
2016-03-02T01:05:21.000000;2016-03-02T01:05:21.000000;8e3cd94b-c5bd-47ed-a7e9-45e7617ee5cd;436.45;4.5;UNKNOWN
2016-03-02T01:05:21.000000;2016-03-02T01:05:21.000000;9ae3e073-d42b-40ac-ac4c-ffbca70ba1cd;436.44;3.0;UNKNOWN
2016-03-02T01:05:27.000000;2016-03-02T01:05:27.000000;496bc456-e1e0-4017-a068-c37b3abd97c2;436.17;1.0;UNKNOWN
2016-03-02T01:05:36.000000;2016-03-02T01:05:36.000000;1b44c617-da9e-40f0-8baa-03d3596a7fbe;436.2;1.0;UNKNOWN
2016-03-02T01:05:39.000000;2016-03-02T01:05:39.000000;8fd8f6c2-6d70-4bf8-812a-9328a1ca1811;436.44;1.0;UNKNOWN
2016-03-02T01:05:44.000000;2016-03-02T01:05:44.000000;959b4000-545b-4998-b340-d98c3ec70c32;436.26;1.0;UNKNOWN
2016-03-02T01:05:49.000000;2016-03-02T01:05:49.000000;39c3cff5-bbaf-47b7-bfc3-5bcf74992023;436.26;1.0;UNKNOWN
2016-03-02T01:05:56.000000;2016-03-02T01:05:56.000000;e23a1d10-33dc-4d9d-99e8-972d081112c1;436.26;1.0;UNKNOWN
2016-03-02T01:05:59.000000;2016-03-02T01:05:59.000000;7109d28d-618e-4251-ae26-1c6cc39e786b;436.29;2.0;UNKNOWN
2016-03-02T01:07:50.000000;2016-03-02T01:07:50.000000;7666ad89-cc9f-4d98-803a-5094653d6f3c;436.05;5.732;UNKNOWN
2016-03-02T01:07:50.000000;2016-03-02T01:07:50.000000;73886ec3-eb26-4821-a091-5171e5e4c424;435.9;1.1831;UNKNOWN
2016-03-02T01:07:50.000000;2016-03-02T01:07:50.000000;3c0d50cb-6186-4aac-9634-22b5d6949a1e;435.8;2.0;UNKNOWN
2016-03-02T01:07:50.000000;2016-03-02T01:07:50.000000;c77fc72d-8bb9-42c4-8c74-f76556ca829b;435.79;0.0731;UNKNOWN
2016-03-02T01:07:50.000000;2016-03-02T01:07:50.000000;73bcf64f-bb03-4a75-9e2e-337febc9701c;435.9;16.0;UNKNOWN
2016-03-02T01:07:50.000000;2016-03-02T01:07:50.000000;a478753f-d2ee-42be-b0d3-f404b733b824;435.8;0.0118;UNKNOWN
2016-03-02T01:08:03.000000;2016-03-02T01:08:03.000000;29d07067-7ff2-41c5-80d1-fab411d9dd94;435.8;1.0;UNKNOWN
2016-03-02T01:08:34.000000;2016-03-02T01:08:34.000000;dd93c462-2d0f-4aea-be4e-3b27813ea92b;435.79;2.0;UNKNOWN
2016-03-02T01:08:44.000000;2016-03-02T01:08:44.000000;333f0a4d-acd2-4097-8e2b-936c02a860b6;435.79;1.0731;UNKNOWN
2016-03-02T01:08:44.000000;2016-03-02T01:08:44.000000;5fc8dac9-adc2-4448-8424-93aaaa17c0b4;435.79;0.9269;UNKNOWN
2016-03-02T01:08:53.000000;2016-03-02T01:08:53.000000;984664cc-903a-455f-bb48-a85f8e51a84d;435.79;2.0;UNKNOWN
2016-03-02T01:09:07.000000;2016-03-02T01:09:07.000000;ee0e9eb2-f41a-4b4a-a486-8ded3d4ca6a5;435.79;0.6;UNKNOWN
2016-03-02T01:09:10.000000;2016-03-02T01:09:10.000000;b43be841-4e80-44df-aa41-bea42badb8b9;435.79;0.5;UNKNOWN
2016-03-02T01:09:12.000000;2016-03-02T01:09:12.000000;e06d976e-f9a4-41d6-9490-d5f236cadbdf;435.79;24.19776837;UNKNOWN
2016-03-02T01:09:18.000000;2016-03-02T01:09:18.000000;ff1d3076-da1a-47bf-a71e-8bb13a0cbaad;435.79;0.25;UNKNOWN
2016-03-02T01:09:27.000000;2016-03-02T01:09:27.000000;6bb1252b-5414-4aff-b8cf-d5087a060ad4;435.79;0.01;UNKNOWN
2016-03-02T01:09:31.000000;2016-03-02T01:09:31.000000;073e1ac6-5b8a-4d47-b76b-5e5439f5e8e9;435.79;0.01;UNKNOWN
2016-03-02T01:09:33.000000;2016-03-02T01:09:33.000000;a0da11b4-af78-494c-a835-01b6ade1e34b;435.79;0.01;UNKNOWN
2016-03-02T01:09:34.000000;2016-03-02T01:09:34.000000;40cca994-15c0-40e8-9a43-26217787fcca;435.79;10.36;UNKNOWN
2016-03-02T01:10:05.000000;2016-03-02T01:10:05.000000;e7a6987a-ddbd-4453-b7cc-73d6c6cf8d66;435.79;0.98913163;UNKNOWN
2016-03-02T01:10:05.000000;2016-03-02T01:10:05.000000;20b6e239-4db1-4466-8f90-5fc022086aeb;435.71;0.15728924;UNKNOWN
2016-03-02T01:10:06.000000;2016-03-02T01:10:06.000000;4c62890f-49d6-4104-bc05-017cf67861cd;435.8;2.0;UNKNOWN
2016-03-02T01:10:45.000000;2016-03-02T01:10:45.000000;6cf65a65-36db-4d63-823a-868b2b0ac28c;435.73;0.21108474;UNKNOWN
2016-03-02T01:10:55.000000;2016-03-02T01:10:55.000000;90353ff3-b770-49d1-bc27-d25fa3e955fe;435.72;0.2;UNKNOWN
2016-03-02T01:11:09.000000;2016-03-02T01:11:09.000000;e5118fc7-4074-4fb8-8dab-551a8237ca65;435.65;0.2;UNKNOWN
2016-03-02T01:11:09.000000;2016-03-02T01:11:09.000000;adde0b76-7ec5-4101-802e-4e6ced9c5174;435.64;0.2;UNKNOWN
2016-03-02T01:11:09.000000;2016-03-02T01:11:09.000000;e4af214c-bd1a-4c6d-ad23-bdf2de7d9622;435.63;0.2;UNKNOWN
2016-03-02T01:11:09.000000;2016-03-02T01:11:09.000000;6d4c8916-fb5f-4bfa-ad68-41edd91b6783;435.53;0.08234544;UNKNOWN
2016-03-02T01:12:04.000000;2016-03-02T01:12:04.000000;86df7dd2-87f5-4899-9a75-f100aa84b7d0;435.08;0.2;UNKNOWN
2016-03-02T01:12:04.000000;2016-03-02T01:12:04.000000;aa51ad6e-b869-4982-8360-c7cb0bc43720;435.02;4.9057;UNKNOWN
2016-03-02T01:12:04.000000;2016-03-02T01:12:04.000000;dbd31b31-20a1-40f0-8902-f659d8613b37;435.07;12.0;UNKNOWN
2016-03-02T01:12:04.000000;2016-03-02T01:12:04.000000;4c2ae286-f090-49a7-9de1-089d7a312522;435.21;0.2;UNKNOWN
2016-03-02T01:12:04.000000;2016-03-02T01:12:04.000000;09820fe5-85a1-4e5f-ba9e-ae7ee214be1f;435.14;0.2;UNKNOWN
2016-03-02T01:12:04.000000;2016-03-02T01:12:04.000000;601f97fa-0a3a-4c7d-98eb-c98c158025d9;435.28;0.2;UNKNOWN
2016-03-02T01:12:04.000000;2016-03-02T01:12:04.000000;8b8e810e-4530-4ad2-a537-18dcd84eab5c;435.35;5.6943;UNKNOWN
2016-03-02T01:12:04.000000;2016-03-02T01:12:04.000000;2b7c9179-a65e-45fe-bab7-460dd4258a9d;435.32;0.2;UNKNOWN
2016-03-02T01:12:04.000000;2016-03-02T01:12:04.000000;720e1ec2-cdfc-40f9-a236-9da106eab6ec;435.12;2.5;UNKNOWN
2016-03-02T01:12:04.000000;2016-03-02T01:12:04.000000;85c1651d-f836-4b84-97a7-46cb95c606f8;435.24;0.2;UNKNOWN
2016-03-02T01:12:04.000000;2016-03-02T01:12:04.000000;b57a5db5-776d-47ce-8e9d-377e04be2ec3;435.09;0.2;UNKNOWN
2016-03-02T01:12:04.000000;2016-03-02T01:12:04.000000;a0770211-6b1a-4d43-acf3-13024fb6691c;435.39;0.2;UNKNOWN
2016-03-02T01:12:04.000000;2016-03-02T01:12:04.000000;27672058-2ca1-4b92-814a-31672260e6ff;435.36;3.0;UNKNOWN
2016-03-02T01:12:04.000000;2016-03-02T01:12:04.000000;b5eb71e8-9b6b-4972-9ea6-5bc43e2c164d;435.43;0.2;UNKNOWN
2016-03-02T01:12:04.000000;2016-03-02T01:12:04.000000;64d8db38-f853-4a88-9e16-19ba370de401;435.36;0.5;UNKNOWN
2016-03-02T01:12:04.000000;2016-03-02T01:12:04.000000;880fc20c-fcb2-493a-be27-63b4cdb51e7e;435.1;6.0;UNKNOWN
2016-03-02T01:12:04.000000;2016-03-02T01:12:04.000000;081ab486-1c29-4786-ba96-583ae5f10645;435.41;0.2;UNKNOWN
2016-03-02T01:12:04.000000;2016-03-02T01:12:04.000000;1c2e2099-3496-4e20-aaa1-16b7ef624db8;435.53;0.2;UNKNOWN
2016-03-02T01:12:04.000000;2016-03-02T01:12:04.000000;6a964a60-0f72-4c52-8844-e08a4ba348f0;435.53;0.2;UNKNOWN
2016-03-02T01:12:17.000000;2016-03-02T01:12:17.000000;42081ee3-839d-45f1-883b-92b66cca4c0b;435.01;0.14625484;UNKNOWN
2016-03-02T01:12:24.000000;2016-03-02T01:12:24.000000;dd379f78-57b0-48da-a345-873f2505546d;435.0;0.5;UNKNOWN
2016-03-02T01:12:24.000000;2016-03-02T01:12:24.000000;4874e6e7-176d-42f3-92b0-e0d623b72eb4;435.0;0.26;UNKNOWN
2016-03-02T01:12:45.000000;2016-03-02T01:12:45.000000;4c4fd77d-6799-474f-ad6b-26fa88f49899;435.0;0.01;UNKNOWN
2016-03-02T01:12:48.000000;2016-03-02T01:12:48.000000;b6bc8f8b-fa69-40af-bb46-214d79b673da;435.0;0.01;UNKNOWN
2016-03-02T01:13:07.000000;2016-03-02T01:13:07.000000;b0287fe0-7af3-4945-8516-adc925a2cafe;434.87;0.2;UNKNOWN
2016-03-02T01:13:07.000000;2016-03-02T01:13:07.000000;fc6343b1-5595-4dd5-9ba6-e9fb5c99c33f;435.0;0.18;UNKNOWN
2016-03-02T01:13:07.000000;2016-03-02T01:13:07.000000;9330ce54-2ebb-4c9f-81cc-f6f994253aa5;434.79;0.2;UNKNOWN
2016-03-02T01:13:07.000000;2016-03-02T01:13:07.000000;56b1f049-f2c2-43e1-b7a7-51c496980578;434.95;0.2;UNKNOWN
2016-03-02T01:13:07.000000;2016-03-02T01:13:07.000000;c9f91f51-6825-46f2-b449-733283d0d33a;434.77;2.72;UNKNOWN
2016-03-02T01:13:07.000000;2016-03-02T01:13:07.000000;db3ad6a3-0092-48a6-a97d-ee6afe80a53b;434.88;0.2;UNKNOWN
2016-03-02T01:13:36.000000;2016-03-02T01:13:36.000000;02dab3d3-2900-4146-843a-e5f7c63e2c82;434.85;0.01;UNKNOWN
2016-03-02T01:13:38.000000;2016-03-02T01:13:38.000000;8887b006-8442-41d9-92f5-94658d69f163;434.84;4.57565964;UNKNOWN
2016-03-02T01:13:48.000000;2016-03-02T01:13:48.000000;4602566a-f210-465f-96bd-0c097f685a2f;434.84;0.12886746;UNKNOWN
2016-03-02T01:14:58.000000;2016-03-02T01:14:58.000000;ba1effc8-2a72-4c8e-891c-79b6077f5636;435.2;1.0;UNKNOWN
2016-03-02T01:15:18.000000;2016-03-02T01:15:18.000000;6f1914bd-f774-4643-88ba-0f32cacaee27;435.21;5.0;UNKNOWN
2016-03-02T01:16:25.000000;2016-03-02T01:16:25.000000;35168a6f-d361-4c9b-8b62-6552c85a235c;435.22;0.1;UNKNOWN
2016-03-02T01:16:39.000000;2016-03-02T01:16:39.000000;933be590-7087-4051-92ea-1b319d7fc203;435.24;0.11504434;UNKNOWN
2016-03-02T01:16:42.000000;2016-03-02T01:16:42.000000;10f1b5ad-b40f-4cda-b279-bdb82cd87e20;435.42;0.475;UNKNOWN
2016-03-02T01:16:43.000000;2016-03-02T01:16:43.000000;ae750707-953e-4802-ac22-bf5ee4a59938;435.42;5.7147;UNKNOWN
2016-03-02T01:16:43.000000;2016-03-02T01:16:43.000000;f9494494-e31b-4d42-aeda-4c8bdf0ccc2e;435.42;0.025;UNKNOWN
2016-03-02T01:18:06.000000;2016-03-02T01:18:06.000000;54bdfd6b-386d-4614-92b4-dd05c7b50ba0;435.69;0.02286028;UNKNOWN
2016-03-02T01:18:08.000000;2016-03-02T01:18:08.000000;319462fc-2aff-45c5-b709-5b8b006a6a32;435.26;0.12;UNKNOWN
2016-03-02T01:18:17.000000;2016-03-02T01:18:17.000000;0621c6df-c7b6-4584-be0e-6046d395d63c;435.26;0.04585313;UNKNOWN
2016-03-02T01:20:16.000000;2016-03-02T01:20:16.000000;641bea88-5e06-4aea-8ed4-63d52ef2c395;435.67;3.0;UNKNOWN
2016-03-02T01:20:16.000000;2016-03-02T01:20:16.000000;a988bb99-5ad3-4201-8758-40d3fd6e3313;435.68;1.8;UNKNOWN
2016-03-02T01:20:16.000000;2016-03-02T01:20:16.000000;d1d8b403-6140-482d-86d5-b0ac55276e5e;435.61;0.5;UNKNOWN
2016-03-02T01:20:19.000000;2016-03-02T01:20:19.000000;da35e1e6-d432-4d83-9d87-bbeea44b71d0;435.26;0.0227221;UNKNOWN
2016-03-02T01:21:49.000000;2016-03-02T01:21:49.000000;3f5be3a4-151a-4050-8391-12318a537e59;435.39;0.03445108;UNKNOWN
2016-03-02T01:23:05.000000;2016-03-02T01:23:05.000000;2e757347-2139-469c-a4f0-b37348e73be8;435.39;0.61248026;UNKNOWN
2016-03-02T01:23:05.000000;2016-03-02T01:23:05.000000;e5f83e12-28e8-4af4-9df8-23c85823c521;435.33;1.77;UNKNOWN
2016-03-02T01:23:06.000000;2016-03-02T01:23:06.000000;ed8cd422-8708-4e25-bdc7-7b223e360347;435.32;0.11356835;UNKNOWN
2016-03-02T01:24:39.000000;2016-03-02T01:24:39.000000;d1c44229-8a7b-45f8-a400-bca0b98daea5;435.05;3.0;UNKNOWN
2016-03-02T01:24:39.000000;2016-03-02T01:24:39.000000;7e4b1300-64d3-4cfe-8871-d3a0a2f08986;435.18;2.809;UNKNOWN
2016-03-02T01:24:39.000000;2016-03-02T01:24:39.000000;b456a4f0-a556-4ac3-9d75-f8cc63c328dc;435.05;6.0;UNKNOWN
2016-03-02T01:24:39.000000;2016-03-02T01:24:39.000000;044eb987-8b0e-4ed0-9038-b11913624532;435.05;0.5;UNKNOWN
2016-03-02T01:24:39.000000;2016-03-02T01:24:39.000000;b05d116a-5c69-470e-956e-ced98b3c926d;435.14;15.2229;UNKNOWN
2016-03-02T01:24:39.000000;2016-03-02T01:24:39.000000;d814a8e0-77b2-4256-9e74-a462e581069d;435.04;5.734;UNKNOWN
2016-03-02T01:24:39.000000;2016-03-02T01:24:39.000000;4c520cc7-cc8d-4871-9f86-cf423721e6d0;435.15;16.1237;UNKNOWN
2016-03-02T01:24:59.000000;2016-03-02T01:24:59.000000;a36bfc8c-4e52-41c6-a265-c17091f0bdbf;435.0;0.04597;UNKNOWN
2016-03-02T01:25:19.000000;2016-03-02T01:25:19.000000;3863ae1f-8af4-42df-86e9-4b608841b456;434.9;0.07129309;UNKNOWN
2016-03-02T01:25:29.000000;2016-03-02T01:25:29.000000;532a1063-222a-49c9-8557-79c282d15f34;434.9;0.12870691;UNKNOWN
2016-03-02T01:25:29.000000;2016-03-02T01:25:29.000000;9c933548-04af-45f4-a94f-a7cfbf36dbfd;434.76;0.2;UNKNOWN
2016-03-02T01:25:29.000000;2016-03-02T01:25:29.000000;b41bc035-c15e-486b-bd3e-6624f264ae89;434.66;0.2;UNKNOWN
2016-03-02T01:25:29.000000;2016-03-02T01:25:29.000000;bcdd3185-b753-48ca-9b5b-4e1a4c607946;434.62;0.2;UNKNOWN
2016-03-02T01:25:29.000000;2016-03-02T01:25:29.000000;a5fa79f0-b5c2-41e4-b9bd-edc7b846e5f7;434.48;0.2;UNKNOWN
2016-03-02T01:25:29.000000;2016-03-02T01:25:29.000000;c2bd6855-e63c-4443-87d8-670d9d16a624;434.82;0.2;UNKNOWN
2016-03-02T01:25:29.000000;2016-03-02T01:25:29.000000;85139d0c-c300-41ce-9a34-225d5fdd1a5a;434.62;0.2;UNKNOWN
2016-03-02T01:25:29.000000;2016-03-02T01:25:29.000000;b982e75b-df37-46d5-9a09-7d8a6829613c;434.7;0.03;UNKNOWN
2016-03-02T01:25:29.000000;2016-03-02T01:25:29.000000;ad48ab73-fa33-409a-92b9-ef7d79fd494d;434.82;0.2;UNKNOWN
2016-03-02T01:25:29.000000;2016-03-02T01:25:29.000000;21f7a846-2f29-4dc7-91a2-887eed6d0a22;434.51;0.2;UNKNOWN
2016-03-02T01:25:29.000000;2016-03-02T01:25:29.000000;6d974f70-54ef-4624-af23-9dcc168761ff;434.48;0.2;UNKNOWN
2016-03-02T01:25:36.000000;2016-03-02T01:25:36.000000;be6efa7e-a07d-4fbf-9968-563d7b96226a;434.33;0.2;UNKNOWN
2016-03-02T01:25:36.000000;2016-03-02T01:25:36.000000;8cd7e447-dd25-4930-bb88-6bb3c3d23c8a;434.32;0.07;UNKNOWN
2016-03-02T01:25:36.000000;2016-03-02T01:25:36.000000;e99b2ef8-e2ac-491c-8cb4-b39da4020f45;434.4;0.03;UNKNOWN
2016-03-02T01:25:36.000000;2016-03-02T01:25:36.000000;ecd80340-82dd-494a-9faa-9af8c88585b6;434.32;0.2;UNKNOWN
2016-03-02T01:25:39.000000;2016-03-02T01:25:39.000000;13b689f1-9cf4-4277-939e-ea1d36c63296;434.44;0.46850444;UNKNOWN
2016-03-02T01:26:35.000000;2016-03-02T01:26:35.000000;135d5f6a-eafa-4bd1-aa34-300eb6238c15;434.47;0.2;UNKNOWN
2016-03-02T01:26:58.000000;2016-03-02T01:26:58.000000;c86495a6-6dbd-4760-8d82-fc57bf8c2f8b;434.46;0.69385645;UNKNOWN
2016-03-02T01:27:02.000000;2016-03-02T01:27:02.000000;c2e23ac6-7a6d-499a-927e-688d8ca87417;434.47;0.08491698;UNKNOWN
2016-03-02T01:27:34.000000;2016-03-02T01:27:34.000000;a9797578-5a9d-4137-98d0-2005f53bce57;434.47;0.6;UNKNOWN
2016-03-02T01:27:43.000000;2016-03-02T01:27:43.000000;57eafee6-f722-460a-9d82-62a0d53b73cf;434.46;1.21087611;UNKNOWN
2016-03-02T01:27:47.000000;2016-03-02T01:27:47.000000;b38c7a5e-92eb-4051-a877-30ec096e0576;434.34;0.02482;UNKNOWN
2016-03-02T01:29:05.000000;2016-03-02T01:29:05.000000;32b15feb-d816-4474-93ad-9c38281be4e5;434.4;0.11528899;UNKNOWN
2016-03-02T01:29:48.000000;2016-03-02T01:29:48.000000;a9f838f8-5202-4f25-8c4b-f18f41823bae;434.34;0.08925779;UNKNOWN
2016-03-02T01:32:06.000000;2016-03-02T01:32:06.000000;f2428730-74f4-4312-958f-6a74b7ad85e2;434.5;10.0;UNKNOWN
2016-03-02T01:32:07.000000;2016-03-02T01:32:07.000000;54686221-83d4-45e2-8a04-984fd5b02b1c;434.31;0.22063324;UNKNOWN
2016-03-02T01:33:17.000000;2016-03-02T01:33:17.000000;f1f26aca-a82e-44e5-a73a-7f9092a3cd06;434.41;0.02303693;UNKNOWN
2016-03-02T01:33:43.000000;2016-03-02T01:33:43.000000;265288da-716e-4100-a166-48d3aadfc075;434.42;0.12;UNKNOWN
2016-03-02T01:35:06.000000;2016-03-02T01:35:06.000000;ee732e0b-4bcb-48e4-82dd-61178c1ab0d6;434.41;0.777;UNKNOWN
2016-03-02T01:36:00.000000;2016-03-02T01:36:00.000000;89ba0583-ade0-46f0-8988-1b48f6d45456;434.41;0.41768862;UNKNOWN
2016-03-02T01:36:18.000000;2016-03-02T01:36:18.000000;e52d4368-062c-4fd2-a23e-da74ba885b50;434.41;0.25;UNKNOWN
2016-03-02T01:36:31.000000;2016-03-02T01:36:31.000000;b86f404f-5409-4e76-946f-5de9506b80e3;434.42;0.75;UNKNOWN
2016-03-02T01:36:57.000000;2016-03-02T01:36:57.000000;7f5600ed-bee1-47c1-b316-d9d88df928c5;434.41;0.11521385;UNKNOWN
2016-03-02T01:37:15.000000;2016-03-02T01:37:15.000000;fb3ec561-c1f3-4260-a3c2-073658a035bc;434.41;12.4570606;UNKNOWN
2016-03-02T01:38:11.000000;2016-03-02T01:38:11.000000;02ee67e4-93ab-4f59-b1f4-f142bfaf9a17;434.3;0.03;UNKNOWN
2016-03-02T01:38:11.000000;2016-03-02T01:38:11.000000;609edcc5-0ae7-49ac-8f7a-30614115a1e2;434.29;0.001;UNKNOWN
2016-03-02T01:38:15.000000;2016-03-02T01:38:15.000000;bf9850b4-0511-4dcc-b381-e6aa2aee513e;434.12;0.2;UNKNOWN
2016-03-02T01:38:15.000000;2016-03-02T01:38:15.000000;6202e23a-4563-4acb-9895-70d337c3e8cc;434.29;0.199;UNKNOWN
2016-03-02T01:38:15.000000;2016-03-02T01:38:15.000000;9e801b8f-89b6-4837-ac60-18e223088fc4;434.03;0.2;UNKNOWN
2016-03-02T01:38:15.000000;2016-03-02T01:38:15.000000;9bd94944-17f7-4586-9e1f-883ecf2045c5;434.17;0.2;UNKNOWN
2016-03-02T01:38:15.000000;2016-03-02T01:38:15.000000;878f6961-3dd5-4804-9e09-d27587d76898;434.19;0.2;UNKNOWN
2016-03-02T01:38:21.000000;2016-03-02T01:38:21.000000;6f630b83-c04f-4d05-a78a-29ef79ec0d9c;433.98;0.2;UNKNOWN
2016-03-02T01:38:21.000000;2016-03-02T01:38:21.000000;26bd47c0-eddd-4e95-8b21-105ff97eec5c;433.83;0.7;UNKNOWN
2016-03-02T01:38:21.000000;2016-03-02T01:38:21.000000;8bb1e4d8-1738-493f-b194-a5aa1f40a5b4;433.87;0.1;UNKNOWN
2016-03-02T01:38:21.000000;2016-03-02T01:38:21.000000;eee40b98-3689-4ecf-883b-0e2018f865ee;433.92;0.2;UNKNOWN
2016-03-02T01:38:21.000000;2016-03-02T01:38:21.000000;735dd0a4-fc00-45ae-8f26-d18fac1810cf;433.83;0.2;UNKNOWN
2016-03-02T01:38:21.000000;2016-03-02T01:38:21.000000;a9936c7a-abcf-44ca-8ffe-3a1fc08b173d;433.87;0.1;UNKNOWN
2016-03-02T01:38:27.000000;2016-03-02T01:38:27.000000;10854eb9-fe6e-4f5b-8a9f-58242b460ba5;433.97;0.2;UNKNOWN
2016-03-02T01:38:32.000000;2016-03-02T01:38:32.000000;5a6874fd-d865-4ff4-8e44-5c0a39fd21f5;433.92;0.2;UNKNOWN
2016-03-02T01:38:46.000000;2016-03-02T01:38:46.000000;04fba539-f382-46f4-8349-c9b2d848913f;433.88;3.36821305;UNKNOWN
2016-03-02T01:38:46.000000;2016-03-02T01:38:46.000000;d8344eb0-be70-4680-a631-2755977e5405;433.88;14.71;UNKNOWN
2016-03-02T01:39:01.000000;2016-03-02T01:39:01.000000;d96b72ce-9226-4673-8e7b-d3fd730bbc56;433.88;1.0;UNKNOWN
2016-03-02T01:39:16.000000;2016-03-02T01:39:16.000000;4bf77836-0848-4dc3-8365-69b2edde9564;433.87;0.93977351;UNKNOWN
2016-03-02T01:40:19.000000;2016-03-02T01:40:19.000000;a97e188a-ffb9-4111-930b-944967320559;433.83;0.2;UNKNOWN
2016-03-02T01:40:19.000000;2016-03-02T01:40:19.000000;5704981d-b2fc-49b4-9e3a-46521eecd877;433.83;3.36862908;UNKNOWN
2016-03-02T01:40:58.000000;2016-03-02T01:40:58.000000;09af24c9-4b4e-4db7-9dd8-8e06281c235d;433.84;1.0;UNKNOWN
2016-03-02T01:41:10.000000;2016-03-02T01:41:10.000000;474965d7-b5dd-464b-811a-95c683cee563;433.83;1.47;UNKNOWN
2016-03-02T01:41:10.000000;2016-03-02T01:41:10.000000;b8052701-d21b-438c-b4c5-543972a4f30c;433.83;3.36862908;UNKNOWN
2016-03-02T01:41:35.000000;2016-03-02T01:41:35.000000;e53f4be3-1476-4531-8280-24e46dede9d0;433.65;3.36900738;UNKNOWN
2016-03-02T01:41:35.000000;2016-03-02T01:41:35.000000;387b9f61-550a-465e-bb60-552e65cb9e03;433.79;3.0;UNKNOWN
2016-03-02T01:41:35.000000;2016-03-02T01:41:35.000000;9119c623-0472-4781-b39f-af1a75a4ac94;433.62;0.2;UNKNOWN
2016-03-02T01:41:35.000000;2016-03-02T01:41:35.000000;feaf57c9-c8e2-4344-9977-8304a7fec669;433.66;0.2;UNKNOWN
2016-03-02T01:41:35.000000;2016-03-02T01:41:35.000000;537b507f-8478-4ad9-9359-47fb5aee9686;433.68;3.36900738;UNKNOWN
2016-03-02T01:41:35.000000;2016-03-02T01:41:35.000000;9fe83e22-ea61-4800-bdc4-f4ae8b37c9c3;433.69;3.36893171;UNKNOWN
2016-03-02T01:41:35.000000;2016-03-02T01:41:35.000000;e0b305ee-3f8d-4798-8ae9-a830bdd00890;433.77;0.2;UNKNOWN
2016-03-02T01:41:35.000000;2016-03-02T01:41:35.000000;a8a4f3d4-4cf2-4f3d-b65c-c6d97597bd1a;433.82;0.05;UNKNOWN
2016-03-02T01:41:35.000000;2016-03-02T01:41:35.000000;5fa9fbe7-151d-45a0-b50a-0bde77ab6951;433.73;3.36893171;UNKNOWN
2016-03-02T01:41:35.000000;2016-03-02T01:41:35.000000;cd33a99b-cce3-4efc-842c-0be37d2c28e3;433.7;5.7389;UNKNOWN
2016-03-02T01:41:35.000000;2016-03-02T01:41:35.000000;8fdabebd-4a3f-4058-93fa-2107c49bc996;433.61;3.32070473;UNKNOWN
2016-03-02T01:41:35.000000;2016-03-02T01:41:35.000000;a01522ab-a9e7-46ac-b8a1-273ec0bd7752;433.7;0.2;UNKNOWN
2016-03-02T01:41:35.000000;2016-03-02T01:41:35.000000;5951e1f2-dd4e-4fcf-8589-75af22a4b793;433.81;1.0;UNKNOWN
2016-03-02T01:41:35.000000;2016-03-02T01:41:35.000000;f588fdf8-fa2b-40f0-9368-35623d9851e9;433.8;0.03;UNKNOWN
2016-03-02T01:41:35.000000;2016-03-02T01:41:35.000000;4e04cdd4-d3a7-4ead-986e-bd827bc427a9;433.76;3.36893171;UNKNOWN
2016-03-02T01:41:51.000000;2016-03-02T01:41:51.000000;bd21e4a5-a664-4be1-8199-21398dbca26f;433.65;0.14;UNKNOWN
2016-03-02T01:42:11.000000;2016-03-02T01:42:11.000000;f25a79cd-6792-43b3-bd5a-c74f1993f84b;433.62;1.0;UNKNOWN
2016-03-02T01:42:11.000000;2016-03-02T01:42:11.000000;8b79999d-2091-49dc-95a9-fc267b391333;433.64;5.7077;UNKNOWN
2016-03-02T01:42:11.000000;2016-03-02T01:42:11.000000;1b7e0502-b6c7-4796-bbd2-999d03062f49;433.65;1.0;UNKNOWN
2016-03-02T01:42:11.000000;2016-03-02T01:42:11.000000;48b10e97-e6c3-4f7f-b122-ec492551aca4;433.61;3.36821305;UNKNOWN
2016-03-02T01:42:11.000000;2016-03-02T01:42:11.000000;18132ecb-39f2-4d43-ae26-4b7d0c5ed0f7;433.65;3.36821305;UNKNOWN
2016-03-02T01:43:05.000000;2016-03-02T01:43:05.000000;21cd4355-5124-491d-804d-13a25662f028;433.27;0.2;UNKNOWN
2016-03-02T01:43:05.000000;2016-03-02T01:43:05.000000;1286f733-26f1-463c-b2e6-dd6da5c9340a;433.25;14.842;UNKNOWN
2016-03-02T01:43:05.000000;2016-03-02T01:43:05.000000;59a1a8bf-a86d-4dcb-8ffb-a474a235d582;433.32;0.2;UNKNOWN
2016-03-02T01:43:05.000000;2016-03-02T01:43:05.000000;92b04a2d-b666-4aee-868a-e8f5d4186418;433.48;0.2;UNKNOWN
2016-03-02T01:43:05.000000;2016-03-02T01:43:05.000000;2688b290-8584-4d71-a2cd-2012e659010e;433.35;0.2;UNKNOWN
2016-03-02T01:43:05.000000;2016-03-02T01:43:05.000000;b0090bc9-6b16-41b3-b39d-6d7bcadfdc78;433.18;0.2;UNKNOWN
2016-03-02T01:43:05.000000;2016-03-02T01:43:05.000000;dc2e8e1b-48b8-4884-9923-5e207acb1572;433.09;11.2202;UNKNOWN
2016-03-02T01:43:05.000000;2016-03-02T01:43:05.000000;3183ea4e-3ac9-4fed-b4ca-854cdc7c15e9;433.2;0.03;UNKNOWN
2016-03-02T01:43:05.000000;2016-03-02T01:43:05.000000;67661725-c58a-49d5-91ef-73c3ab055947;433.16;0.2;UNKNOWN
2016-03-02T01:43:05.000000;2016-03-02T01:43:05.000000;a41646c5-c7b8-4ca3-84d3-01544b8d3c96;433.13;0.2;UNKNOWN
2016-03-02T01:43:05.000000;2016-03-02T01:43:05.000000;c1a0d2a9-42a8-4289-90f1-2ffe83168dba;433.18;14.9816;UNKNOWN
2016-03-02T01:43:05.000000;2016-03-02T01:43:05.000000;d563e3ac-0c09-4b46-ad5d-2fe8bbba12d2;433.5;1.0;UNKNOWN
2016-03-02T01:43:05.000000;2016-03-02T01:43:05.000000;b3dd6d92-97e4-4033-a280-4615c669bf00;433.41;0.2;UNKNOWN
2016-03-02T01:43:05.000000;2016-03-02T01:43:05.000000;c1375f8f-31fa-4310-be0d-ce30c1362c25;433.6;1.0;UNKNOWN
2016-03-02T01:43:05.000000;2016-03-02T01:43:05.000000;b771dd07-91aa-4ea2-aeb9-dd4a450b165c;433.62;5.7212;UNKNOWN
2016-03-02T01:43:05.000000;2016-03-02T01:43:05.000000;dc76f148-c44d-4f65-aa85-8a060ee526ff;433.61;1.0;UNKNOWN
2016-03-02T01:43:05.000000;2016-03-02T01:43:05.000000;24724d39-be3a-44ee-bd14-ae0b67e99d52;433.49;0.2;UNKNOWN
2016-03-02T01:43:05.000000;2016-03-02T01:43:05.000000;f35318c1-f916-4e40-86d9-a3759069e7b4;433.53;3.36859125;UNKNOWN
2016-03-02T01:43:05.000000;2016-03-02T01:43:05.000000;d37728ff-b85d-4791-83cc-7ac9c308afed;433.5;0.82;UNKNOWN
2016-03-02T01:43:05.000000;2016-03-02T01:43:05.000000;d33f56ae-3f90-46de-87aa-94a5b70ba3d6;433.5;3.36859125;UNKNOWN
2016-03-02T01:43:10.000000;2016-03-02T01:43:10.000000;44adae63-2bcf-46a6-a23c-c043e511f938;433.17;0.13;UNKNOWN
2016-03-02T01:43:10.000000;2016-03-02T01:43:10.000000;956ac1c4-d8da-4931-95c5-26bb3079f01b;433.36;0.5;UNKNOWN
2016-03-02T01:43:12.000000;2016-03-02T01:43:12.000000;f3cb3e45-3498-4a47-ac69-1913912b1e6c;432.57;0.6793;UNKNOWN
2016-03-02T01:43:12.000000;2016-03-02T01:43:12.000000;c82d0c66-98e7-4ed1-8df0-a903b1607e91;432.64;0.2;UNKNOWN
2016-03-02T01:43:12.000000;2016-03-02T01:43:12.000000;41a283bc-5cda-49eb-8c2e-8e089ba1cc98;433.18;4.5;UNKNOWN
2016-03-02T01:43:12.000000;2016-03-02T01:43:12.000000;42e14ff8-be13-40b5-8bd4-2976b2d43448;433.17;0.2;UNKNOWN
2016-03-02T01:43:12.000000;2016-03-02T01:43:12.000000;15918cf9-7d5e-4904-a740-d602039db51b;433.17;0.07;UNKNOWN
2016-03-02T01:43:12.000000;2016-03-02T01:43:12.000000;c075e08c-7484-4847-ac2e-e45835b0506c;432.88;0.2;UNKNOWN
2016-03-02T01:43:12.000000;2016-03-02T01:43:12.000000;cce7c900-0730-41e5-812a-60449c232318;432.73;0.2;UNKNOWN
2016-03-02T01:43:12.000000;2016-03-02T01:43:12.000000;f2763cc9-8dd1-48aa-8c87-6ad9ec75ee71;433.0;0.2;UNKNOWN
2016-03-02T01:43:12.000000;2016-03-02T01:43:12.000000;6b89c5cd-41ff-43ea-8aaa-dec035aa5e93;433.02;0.2;UNKNOWN
2016-03-02T01:43:12.000000;2016-03-02T01:43:12.000000;c8d1b17a-3e9f-479a-be36-e684d305deb6;433.02;0.2;UNKNOWN
2016-03-02T01:43:12.000000;2016-03-02T01:43:12.000000;3042d342-649f-42c1-9343-923a0f5892ae;432.76;3.7201;UNKNOWN
2016-03-02T01:43:12.000000;2016-03-02T01:43:12.000000;0974aaee-f9bf-4ef7-a206-337f7d85b003;433.0;0.03;UNKNOWN
2016-03-02T01:43:12.000000;2016-03-02T01:43:12.000000;a90331b7-38a9-4598-874c-45cdec787db4;432.75;7.5207;UNKNOWN
2016-03-02T01:43:12.000000;2016-03-02T01:43:12.000000;4b775045-f7b0-4245-9863-05eb67cfb9b8;432.6;0.2;UNKNOWN
2016-03-02T01:43:12.000000;2016-03-02T01:43:12.000000;2d4d4836-4884-42fb-8228-0096a58b1e55;432.86;0.2;UNKNOWN
2016-03-02T01:43:12.000000;2016-03-02T01:43:12.000000;00fa30bf-5291-43d9-b042-1743eeb196b8;432.85;0.5;UNKNOWN
2016-03-02T01:43:12.000000;2016-03-02T01:43:12.000000;0fd16d5f-b93a-4abb-8eb3-f6b40603ffce;432.86;0.2;UNKNOWN
2016-03-02T01:43:12.000000;2016-03-02T01:43:12.000000;8efd2d18-9674-49df-a2a8-02401e4c6de9;432.92;0.72;UNKNOWN
2016-03-02T01:43:12.000000;2016-03-02T01:43:12.000000;cc2c768e-64c8-4ca5-ac57-4ddf80d18494;432.87;0.2;UNKNOWN
2016-03-02T01:43:12.000000;2016-03-02T01:43:12.000000;60cd41b7-e26c-481a-9237-15288043c996;432.76;0.2;UNKNOWN
2016-03-02T01:43:12.000000;2016-03-02T01:43:12.000000;8f282e74-2665-438f-b637-ee90a3731e90;432.75;6.0799;UNKNOWN
2016-03-02T01:43:12.000000;2016-03-02T01:43:12.000000;eb92e5c8-cccb-4788-9298-0e768fade6c5;432.71;0.2;UNKNOWN
2016-03-02T01:43:12.000000;2016-03-02T01:43:12.000000;281f850f-14d1-40db-a0ac-0ce93be2a52e;432.76;2.4799;UNKNOWN
2016-03-02T01:43:17.000000;2016-03-02T01:43:17.000000;713a381a-5ed0-4f87-898e-fb87e4d409cb;432.59;0.1;UNKNOWN
2016-03-02T01:43:17.000000;2016-03-02T01:43:17.000000;379331d6-9f18-465a-97fd-d42b3e15aa69;432.61;0.2;UNKNOWN
2016-03-02T01:43:17.000000;2016-03-02T01:43:17.000000;3eecc0db-794d-4472-a751-101650c12dbd;433.01;0.2;UNKNOWN
2016-03-02T01:43:22.000000;2016-03-02T01:43:22.000000;b4932e8c-de2d-4755-bbf2-8b5ce466f06d;433.28;0.2;UNKNOWN
2016-03-02T01:43:23.000000;2016-03-02T01:43:23.000000;78a2584f-e0d2-4ab2-acd2-fe79ecb92bec;433.28;0.3;UNKNOWN
2016-03-02T01:43:24.000000;2016-03-02T01:43:24.000000;be304536-b7c5-4c05-8167-191a1a99d44e;433.27;0.2;UNKNOWN
2016-03-02T01:43:30.000000;2016-03-02T01:43:30.000000;f472f052-7678-47db-a05b-2fa421bb0753;433.0;0.5;UNKNOWN
2016-03-02T01:43:30.000000;2016-03-02T01:43:30.000000;d4fb75c3-8631-423c-9f93-86f4b79a0dd2;433.0;0.5;UNKNOWN
2016-03-02T01:43:30.000000;2016-03-02T01:43:30.000000;e963cd27-64f5-4802-be0b-0920c9d88863;433.01;5.7227;UNKNOWN
2016-03-02T01:43:30.000000;2016-03-02T01:43:30.000000;bb1b7fb9-49d2-46cb-a80b-9efe30410366;433.1;1.0;UNKNOWN
2016-03-02T01:43:30.000000;2016-03-02T01:43:30.000000;e44ba6a2-6b3d-4123-969d-21e2917dab4c;433.0;0.5;UNKNOWN
2016-03-02T01:43:31.000000;2016-03-02T01:43:31.000000;daa6fa3d-47e7-49cd-9505-cce050227843;432.96;0.2;UNKNOWN
2016-03-02T01:43:33.000000;2016-03-02T01:43:33.000000;ac48b04d-817a-4bbc-8d2d-4e711242ccff;432.95;0.5;UNKNOWN
2016-03-02T01:43:35.000000;2016-03-02T01:43:35.000000;f8c89b5f-1ed7-4ff0-8692-2cddac3c8132;432.54;0.29;UNKNOWN
2016-03-02T01:43:35.000000;2016-03-02T01:43:35.000000;c468a8be-295f-4b7c-909f-3161ebaaf100;432.55;0.21;UNKNOWN
2016-03-02T01:43:52.000000;2016-03-02T01:43:52.000000;a7722e46-09c8-4417-b2f9-cb5b7050fb73;432.91;0.2;UNKNOWN
2016-03-02T01:44:05.000000;2016-03-02T01:44:05.000000;cb12550e-6fb9-4469-96f2-baeaaf046006;432.7;0.13639879;UNKNOWN
2016-03-02T01:44:39.000000;2016-03-02T01:44:39.000000;d46e765a-6289-4b64-b41a-f8104857ba21;432.71;13.9916;UNKNOWN
2016-03-02T01:44:44.000000;2016-03-02T01:44:44.000000;966b880e-46d2-4c1f-a3a8-01d2ffa5139e;432.71;1.0;UNKNOWN
2016-03-02T01:44:50.000000;2016-03-02T01:44:50.000000;31b17e16-edd2-4f81-8066-f628c9e106fb;432.72;1.0;UNKNOWN
2016-03-02T01:44:58.000000;2016-03-02T01:44:58.000000;891ecb2d-1fa4-4ca9-a673-758f3b2bd46b;432.72;1.0;UNKNOWN
2016-03-02T01:45:05.000000;2016-03-02T01:45:05.000000;d7f2127d-f5f8-48bc-92fa-f75779eca961;432.72;1.0;UNKNOWN
2016-03-02T01:45:10.000000;2016-03-02T01:45:10.000000;3ed5ca60-cdea-435f-9523-d83c5ced8757;432.72;1.0;UNKNOWN
2016-03-02T01:45:18.000000;2016-03-02T01:45:18.000000;d9b568f2-4d28-4022-92c6-f1b3d6ce3c04;432.7;0.10891635;UNKNOWN
2016-03-02T01:45:27.000000;2016-03-02T01:45:27.000000;b6894077-e6c9-4e95-8616-7a821248c82b;432.72;1.0;UNKNOWN
2016-03-02T01:45:37.000000;2016-03-02T01:45:37.000000;2ab17f72-f511-4c85-bd8e-44479d57b48c;432.72;3.1;UNKNOWN
2016-03-02T01:45:40.000000;2016-03-02T01:45:40.000000;ebad9990-3bb8-4fb1-9877-764a23fd9436;432.72;1.0;UNKNOWN
2016-03-02T01:45:48.000000;2016-03-02T01:45:48.000000;c77c4779-381a-4195-b0b0-14fb8eb9589d;432.72;1.0;UNKNOWN
2016-03-02T01:45:51.000000;2016-03-02T01:45:51.000000;41ec98a8-4e5e-4722-bf83-630be7a2b658;432.72;1.0;UNKNOWN
2016-03-02T01:45:53.000000;2016-03-02T01:45:53.000000;dec68f13-3bdc-4300-b21f-87fafd5e0c33;432.72;1.0;UNKNOWN
2016-03-02T01:45:57.000000;2016-03-02T01:45:57.000000;81cc60ae-5a94-4637-b30f-d18c2c3a35bf;432.72;1.0;UNKNOWN
2016-03-02T01:46:00.000000;2016-03-02T01:46:00.000000;42003d09-1184-4ebb-a94a-df97207a1723;432.72;1.0;UNKNOWN
2016-03-02T01:46:03.000000;2016-03-02T01:46:03.000000;ea3a720f-ec75-498c-9f00-bdbdbe76961f;432.72;0.41;UNKNOWN
2016-03-02T01:46:07.000000;2016-03-02T01:46:07.000000;9ff8dcb1-1745-4044-9461-2ed0ddaca82c;432.8;0.0118;UNKNOWN
2016-03-02T01:46:43.000000;2016-03-02T01:46:43.000000;3495df77-4aec-4ab1-9bb5-3c997b37e5bd;433.15;0.03;UNKNOWN
2016-03-02T01:46:52.000000;2016-03-02T01:46:52.000000;0ac74b56-6d9a-428d-a521-01f4440db317;433.17;0.2;UNKNOWN
2016-03-02T01:46:52.000000;2016-03-02T01:46:52.000000;7d022eea-2147-400b-8f95-61238e478369;433.29;2.79755722;UNKNOWN
2016-03-02T01:46:52.000000;2016-03-02T01:46:52.000000;18599412-ac27-4293-9bab-908ac3ee6d1c;433.23;0.2;UNKNOWN
2016-03-02T01:47:06.000000;2016-03-02T01:47:06.000000;03ba070b-dd84-4854-9905-edbfbf25471f;433.2;0.0216;UNKNOWN
2016-03-02T01:47:58.000000;2016-03-02T01:47:58.000000;7c957b11-bf11-4d09-a95b-2997b0ebd933;433.27;0.05780519;UNKNOWN
2016-03-02T01:48:03.000000;2016-03-02T01:48:03.000000;a48a7d54-1a27-4ca8-8c7e-04c56f5ac2fa;433.27;0.05;UNKNOWN
2016-03-02T01:48:04.000000;2016-03-02T01:48:04.000000;46fe6ac0-cce6-4fef-bd94-22937a14cd75;433.04;3.37029423;UNKNOWN
2016-03-02T01:48:04.000000;2016-03-02T01:48:04.000000;270ecfe7-0c87-455b-98b3-7925cdd48974;433.1;3.37086227;UNKNOWN
2016-03-02T01:48:04.000000;2016-03-02T01:48:04.000000;51425ac7-0443-4f82-bbc1-592c2bc761a1;433.26;0.5;UNKNOWN
2016-03-02T01:48:04.000000;2016-03-02T01:48:04.000000;5537beb6-319f-4377-9440-d876c4f56edb;433.27;14.04219481;UNKNOWN
2016-03-02T01:48:04.000000;2016-03-02T01:48:04.000000;08bc9f3b-062b-41a2-9a9f-ea5e85c1cbc1;433.13;3.36957498;UNKNOWN
2016-03-02T01:48:04.000000;2016-03-02T01:48:04.000000;6f725792-85d3-405f-9e8d-0c0d36c5fa66;433.26;3.36961283;UNKNOWN
2016-03-02T01:48:04.000000;2016-03-02T01:48:04.000000;39639182-ea8a-434b-b428-6acffea98b26;433.27;5.7592;UNKNOWN
2016-03-02T01:48:04.000000;2016-03-02T01:48:04.000000;73e2b88d-a7dd-4601-bfad-c3b1ca8a41b4;433.25;0.5;UNKNOWN
2016-03-02T01:48:04.000000;2016-03-02T01:48:04.000000;26643381-a1cd-4ffa-b042-724b38619d7a;433.15;0.03;UNKNOWN
2016-03-02T01:48:04.000000;2016-03-02T01:48:04.000000;690c5dfe-58b2-42f8-8b72-4e702ba711f2;433.0;2.97934883;UNKNOWN
2016-03-02T01:48:04.000000;2016-03-02T01:48:04.000000;d7891eb0-e14a-40f6-ab97-1b06a09a1828;433.06;3.37086227;UNKNOWN
2016-03-02T01:48:04.000000;2016-03-02T01:48:04.000000;aaa098f0-032f-4bc5-8353-b4fc877a9d4b;433.26;3.36961283;UNKNOWN
2016-03-02T01:48:04.000000;2016-03-02T01:48:04.000000;c3ef1685-5620-4ee0-8873-39c836af9ec5;433.26;0.2;UNKNOWN
2016-03-02T01:48:09.000000;2016-03-02T01:48:09.000000;0bd8be83-66ba-4805-8896-6e9316c98d1e;433.23;0.05;UNKNOWN
2016-03-02T01:48:18.000000;2016-03-02T01:48:18.000000;7caf1977-b3f7-4a65-a658-897482e8e95a;432.76;0.2304;UNKNOWN
2016-03-02T01:48:26.000000;2016-03-02T01:48:26.000000;68be2fa7-798f-47c0-921b-faded1c2469b;433.25;2.49;UNKNOWN
2016-03-02T01:48:26.000000;2016-03-02T01:48:26.000000;c4091998-bf93-4357-a700-8459421a7ac1;433.23;0.01;UNKNOWN
2016-03-02T01:49:27.000000;2016-03-02T01:49:27.000000;c5d13437-49cb-4b6c-b64e-524d893daa32;433.22;0.2;UNKNOWN
2016-03-02T01:49:27.000000;2016-03-02T01:49:27.000000;c26b741c-a1dd-4972-a0d5-1072b79455d5;433.01;3.3607185;UNKNOWN
2016-03-02T01:49:27.000000;2016-03-02T01:49:27.000000;1355db66-caa2-4ca6-889b-e9a0b412abcb;433.11;3.3702185;UNKNOWN
2016-03-02T01:49:27.000000;2016-03-02T01:49:27.000000;3aa348d8-a066-4d4e-97d0-7092e1a566fd;433.06;3.36961283;UNKNOWN
2016-03-02T01:49:27.000000;2016-03-02T01:49:27.000000;7028ef2b-b3d8-4132-8a83-c9818db2c60a;433.06;33.3741;UNKNOWN
2016-03-02T01:49:27.000000;2016-03-02T01:49:27.000000;2351e91b-17ec-4aca-983a-4ecc9bdb34a7;433.15;5.7172;UNKNOWN
2016-03-02T01:49:27.000000;2016-03-02T01:49:27.000000;48518888-482c-4376-8297-74814febf9d6;433.02;3.36961283;UNKNOWN
2016-03-02T01:49:49.000000;2016-03-02T01:49:49.000000;46f69c7b-cae8-4335-a1b4-ae427ca81b18;432.94;0.0231034;UNKNOWN
2016-03-02T01:49:50.000000;2016-03-02T01:49:50.000000;197ee14c-76ec-41e8-bead-777b098c50c6;432.94;0.4768966;UNKNOWN
2016-03-02T01:49:50.000000;2016-03-02T01:49:50.000000;bf42c2ea-d563-4f0e-b064-1356490830bd;432.92;3.36987778;UNKNOWN
2016-03-02T01:49:50.000000;2016-03-02T01:49:50.000000;bce62983-408f-4118-b487-06ce4e68d21c;432.93;3.0;UNKNOWN
2016-03-02T01:50:20.000000;2016-03-02T01:50:20.000000;17f76095-54b5-4949-bc39-4cc3ca736a1b;433.17;0.0403;UNKNOWN
2016-03-02T01:50:20.000000;2016-03-02T01:50:20.000000;b349f794-4891-4c0b-b323-d1c7b6dc023b;433.3;0.2;UNKNOWN
2016-03-02T01:50:20.000000;2016-03-02T01:50:20.000000;867033ff-9b7d-4161-ade1-3b39d3cf2a36;433.18;0.2;UNKNOWN
2016-03-02T01:50:20.000000;2016-03-02T01:50:20.000000;3b890588-4c34-4a2a-b795-398d19613665;433.5;0.41175512;UNKNOWN
2016-03-02T01:50:20.000000;2016-03-02T01:50:20.000000;cf71a62d-4335-433a-8caf-23068659c44a;433.33;0.2;UNKNOWN
2016-03-02T01:50:20.000000;2016-03-02T01:50:20.000000;97d6a0b6-c316-44c1-b434-84e44cc53ea4;433.42;0.2;UNKNOWN
2016-03-02T01:50:20.000000;2016-03-02T01:50:20.000000;2c0c4457-cf49-4963-95bd-f7ee4af97bf5;433.49;3.0;UNKNOWN
2016-03-02T01:50:20.000000;2016-03-02T01:50:20.000000;36f64aa2-aae5-4251-83e5-89e4bdd12c94;433.44;0.2;UNKNOWN
2016-03-02T01:50:20.000000;2016-03-02T01:50:20.000000;de9f4167-369d-4fad-8fbf-311170577a61;433.29;0.2;UNKNOWN
2016-03-02T01:50:20.000000;2016-03-02T01:50:20.000000;c04cf068-7661-4fe1-974d-33ea1aec7d27;433.35;0.03;UNKNOWN
2016-03-02T01:50:20.000000;2016-03-02T01:50:20.000000;a7a5f087-a72b-4341-a4c5-029f842fe4e6;433.47;0.2;UNKNOWN
2016-03-02T01:50:20.000000;2016-03-02T01:50:20.000000;471d2f78-1db8-4e42-871a-fa297b8bc712;433.49;0.5;UNKNOWN
2016-03-02T01:50:30.000000;2016-03-02T01:50:30.000000;687b59c4-e76c-4669-aafb-8213134f2fec;433.29;0.2;UNKNOWN
2016-03-02T01:50:30.000000;2016-03-02T01:50:30.000000;2a1467f9-ac5f-4499-a821-a6f5fb74c1a7;433.17;0.2;UNKNOWN
2016-03-02T01:51:00.000000;2016-03-02T01:51:00.000000;0ee7197c-cf1c-4301-b391-305216ceef5f;433.13;1.83688629;UNKNOWN
2016-03-02T01:51:00.000000;2016-03-02T01:51:00.000000;e151cd69-dbaf-438a-9cc0-30c8c33899c2;433.5;0.9;UNKNOWN
2016-03-02T01:51:13.000000;2016-03-02T01:51:13.000000;af261c1c-17b8-44f9-86bb-b0aa7fa62a21;433.07;3.36817523;UNKNOWN
2016-03-02T01:51:14.000000;2016-03-02T01:51:14.000000;40257688-4650-42f4-9b97-8200dbee5c7c;433.07;0.56394072;UNKNOWN
2016-03-02T01:51:26.000000;2016-03-02T01:51:26.000000;eb12b68d-5064-417a-91ce-38e81d7bbadd;433.22;1.0;UNKNOWN
2016-03-02T01:52:27.000000;2016-03-02T01:52:27.000000;a5a20b8e-1e59-4d73-9410-5c0b72fb4bed;433.35;0.71645339;UNKNOWN
2016-03-02T01:54:30.000000;2016-03-02T01:54:30.000000;f6d12c06-cd30-4a8b-8c9b-f135d5221cdf;433.55;0.02;UNKNOWN
2016-03-02T01:54:31.000000;2016-03-02T01:54:31.000000;b7a1007a-3a02-41aa-9eef-94dfe6697a21;433.55;0.01;UNKNOWN
2016-03-02T01:55:08.000000;2016-03-02T01:55:08.000000;52ddea9b-c8a8-4130-a603-7c58793851c2;433.55;0.06004527;UNKNOWN
2016-03-02T01:56:05.000000;2016-03-02T01:56:05.000000;4f67ade6-857e-4eee-ae6c-2f3a62e4fd72;433.55;0.02515557;UNKNOWN
2016-03-02T01:56:05.000000;2016-03-02T01:56:05.000000;90d51f98-f99f-4c74-91ad-4389eaa4f111;433.55;0.23115473;UNKNOWN
2016-03-02T01:56:05.000000;2016-03-02T01:56:05.000000;e62f040e-6488-406c-ba1e-f77feb14261b;433.55;0.176;UNKNOWN
2016-03-02T01:56:10.000000;2016-03-02T01:56:10.000000;b19f291a-281a-4158-bbe6-3a6b03314ff4;433.56;0.2;UNKNOWN
2016-03-02T01:56:21.000000;2016-03-02T01:56:21.000000;b9ebd479-0756-4e28-b3dc-7e979c3cea52;433.56;0.34540363;UNKNOWN
2016-03-02T01:56:56.000000;2016-03-02T01:56:56.000000;3d2ceb00-3037-4a7f-9f62-9f5b36243f39;433.57;0.2;UNKNOWN
2016-03-02T01:58:05.000000;2016-03-02T01:58:05.000000;8f8bac73-31f7-40af-b305-37aa0de998bb;433.7;0.15963487;UNKNOWN
2016-03-02T01:58:06.000000;2016-03-02T01:58:06.000000;c730119a-ec2f-47ea-8cbd-b0479f9fb6ac;433.7;0.06802092;UNKNOWN
2016-03-02T01:58:08.000000;2016-03-02T01:58:08.000000;a2a7e443-d678-47af-b196-38c9f10f6cb7;433.7;0.13197908;UNKNOWN
2016-03-02T01:58:08.000000;2016-03-02T01:58:08.000000;91b95a6b-a165-4657-98d9-02c369ceb565;433.7;0.14717347;UNKNOWN
2016-03-02T01:58:08.000000;2016-03-02T01:58:08.000000;405cbf32-011f-4248-858b-00321925c0b6;433.7;1.49717347;UNKNOWN
2016-03-02T01:58:08.000000;2016-03-02T01:58:08.000000;56e31fb5-ae3b-4dcd-a1ac-0a274cf75c63;433.7;0.05282653;UNKNOWN
2016-03-02T01:58:17.000000;2016-03-02T01:58:17.000000;f38bffa2-a2bf-49b8-93bf-267b10e9580b;433.69;0.274844;UNKNOWN
2016-03-02T01:58:17.000000;2016-03-02T01:58:17.000000;88cad179-62ae-4b63-bab7-f5a0669cd5d8;433.69;0.41079192;UNKNOWN
2016-03-02T01:59:05.000000;2016-03-02T01:59:05.000000;2a92a35a-5d0f-4d50-a215-19b11b3dc159;433.7;0.34036513;UNKNOWN
2016-03-02T01:59:05.000000;2016-03-02T01:59:05.000000;267a31dc-5cd6-45a1-8489-b22e4cabc0bc;433.86;0.2;UNKNOWN
2016-03-02T01:59:05.000000;2016-03-02T01:59:05.000000;d7b44fee-18dd-4946-a5d1-7262b947612d;434.16;0.2;UNKNOWN
2016-03-02T01:59:05.000000;2016-03-02T01:59:05.000000;05c0576c-a13b-47eb-9f16-057bee9e6686;434.19;0.2;UNKNOWN
2016-03-02T01:59:05.000000;2016-03-02T01:59:05.000000;da614fe6-d7bf-4273-8e5e-2cf8e9052077;434.29;5.7081;UNKNOWN
2016-03-02T01:59:05.000000;2016-03-02T01:59:05.000000;78db9fb9-2408-45b8-80c5-d1e3b2511d55;434.3;1.45153487;UNKNOWN
2016-03-02T01:59:05.000000;2016-03-02T01:59:05.000000;3595253f-3c16-4a90-9010-1113626e23bf;434.29;0.5;UNKNOWN
2016-03-02T01:59:05.000000;2016-03-02T01:59:05.000000;d295875d-5089-41e8-a32d-9703d2f6b513;434.01;0.2;UNKNOWN
2016-03-02T01:59:05.000000;2016-03-02T01:59:05.000000;bb068867-9f54-4ca3-a896-58c6ae14cd51;433.85;0.2;UNKNOWN
2016-03-02T01:59:05.000000;2016-03-02T01:59:05.000000;b177bf95-ff5a-487a-8733-1836360e051e;433.72;0.2;UNKNOWN
2016-03-02T01:59:05.000000;2016-03-02T01:59:05.000000;ba596509-6334-4e0d-9efe-06b29e02bd97;433.86;0.2;UNKNOWN
2016-03-02T01:59:05.000000;2016-03-02T01:59:05.000000;1315db45-99cc-4770-8a3a-453e9c22d61b;434.0;0.2;UNKNOWN
2016-03-02T01:59:05.000000;2016-03-02T01:59:05.000000;d6c3b923-91a6-4d74-bd0d-a60234254c5a;434.01;0.2;UNKNOWN
2016-03-02T01:59:05.000000;2016-03-02T01:59:05.000000;76744284-de53-4d0e-9653-8251d915ab32;434.17;0.2;UNKNOWN
2016-03-02T01:59:07.000000;2016-03-02T01:59:07.000000;78d9dfd1-ea08-4d1e-803c-db80823fd54e;433.83;0.2;UNKNOWN
2016-03-02T02:02:06.000000;2016-03-02T02:02:06.000000;b6d2e1de-c5a2-443b-a16b-478756e5f6f3;434.18;4.08588993;UNKNOWN
2016-03-02T02:02:09.000000;2016-03-02T02:02:09.000000;f73fc259-7bdd-462d-ae5c-c5670d724cf4;434.12;0.2;UNKNOWN
2016-03-02T02:02:09.000000;2016-03-02T02:02:09.000000;a1d5f19f-7f7e-4fa5-a122-c01bbf6e46a8;434.17;0.3;UNKNOWN
2016-03-02T02:03:15.000000;2016-03-02T02:03:15.000000;0a5d83dc-00a6-4e9d-817a-573fa98a2353;434.17;0.0499;UNKNOWN
2016-03-02T02:04:57.000000;2016-03-02T02:04:57.000000;13a27ad1-5966-4f85-bcea-8b90ed891d45;434.18;0.45419354;UNKNOWN
2016-03-02T02:05:06.000000;2016-03-02T02:05:06.000000;672fb4a9-1ecc-44ff-9d57-cd5af2e88d88;434.19;0.01;UNKNOWN
2016-03-02T02:05:07.000000;2016-03-02T02:05:07.000000;8ef90555-5edf-4c2d-9ecb-61914a07db5d;434.41;0.2;UNKNOWN
2016-03-02T02:05:07.000000;2016-03-02T02:05:07.000000;69eae1d6-b436-42ce-89e1-4aaf7853654c;434.62;1.79835159;UNKNOWN
2016-03-02T02:05:07.000000;2016-03-02T02:05:07.000000;beeb5014-8a45-440e-a9a1-102facbd11d5;434.51;0.2;UNKNOWN
2016-03-02T02:05:07.000000;2016-03-02T02:05:07.000000;614f08a7-e568-4661-b791-3701b881abed;434.33;0.2;UNKNOWN
2016-03-02T02:05:07.000000;2016-03-02T02:05:07.000000;aff5999b-0ff2-478f-b2e3-ae81eb3eab06;434.47;0.2;UNKNOWN
2016-03-02T02:05:07.000000;2016-03-02T02:05:07.000000;1bcb4299-73b8-4a05-9f33-98d0cda66f7a;434.35;0.2;UNKNOWN
2016-03-02T02:05:07.000000;2016-03-02T02:05:07.000000;bfc5e982-1cb6-45ca-a195-1b163ebdde3c;434.58;0.2;UNKNOWN
2016-03-02T02:05:11.000000;2016-03-02T02:05:11.000000;a4e38077-741b-4276-a57e-20cd5ef3d837;434.52;0.01;UNKNOWN
2016-03-02T02:05:33.000000;2016-03-02T02:05:33.000000;3fcb7e9a-e868-4e6c-bc9c-04be97189586;434.54;0.862;UNKNOWN
2016-03-02T02:07:58.000000;2016-03-02T02:07:58.000000;a7c0b91c-a06a-4bba-bac1-b2e3af2b25d3;434.53;0.04760746;UNKNOWN
2016-03-02T02:08:05.000000;2016-03-02T02:08:05.000000;0a086fe9-e722-4c09-bea5-f053d36b353f;434.85;5.758;UNKNOWN
2016-03-02T02:08:05.000000;2016-03-02T02:08:05.000000;af64ef28-9f2a-4264-aa27-4ffcf42b6d43;434.68;0.2;UNKNOWN
2016-03-02T02:08:05.000000;2016-03-02T02:08:05.000000;40ea1137-88af-4710-a8a1-dc378604d0dc;434.88;3.242;UNKNOWN
2016-03-02T02:08:05.000000;2016-03-02T02:08:05.000000;4b5d4c4b-74ea-41d0-8dbf-796e26e4bb14;434.82;0.2;UNKNOWN
2016-03-02T02:08:05.000000;2016-03-02T02:08:05.000000;ddebc8eb-869b-414a-86c3-15989b35e5e9;434.7;0.2;UNKNOWN
2016-03-02T02:08:05.000000;2016-03-02T02:08:05.000000;fd777fa9-9828-4e46-8995-5ae3b0b03095;434.66;0.2;UNKNOWN
2016-03-02T02:08:05.000000;2016-03-02T02:08:05.000000;db763e22-a415-497d-8bc9-9c4618a5bda3;434.83;0.2;UNKNOWN
2016-03-02T02:08:55.000000;2016-03-02T02:08:55.000000;853b922b-3c05-4470-ba73-00d91b1429a6;434.83;0.2;UNKNOWN
2016-03-02T02:08:55.000000;2016-03-02T02:08:55.000000;19acd121-75d0-47c0-99fc-747fd916635e;434.91;0.2;UNKNOWN
2016-03-02T02:08:55.000000;2016-03-02T02:08:55.000000;bf37bff8-7c74-4498-a1f0-50d5d38e569a;434.93;0.1;UNKNOWN
2016-03-02T02:08:55.000000;2016-03-02T02:08:55.000000;6ab26018-9f31-4f38-8568-0f0b97d405e1;434.92;0.5;UNKNOWN
2016-03-02T02:09:05.000000;2016-03-02T02:09:05.000000;1daa6c86-c9fa-4708-b0a6-2e188a0eed12;434.6;1.599;UNKNOWN
2016-03-02T02:09:07.000000;2016-03-02T02:09:07.000000;6182b513-643e-418d-8226-5b92ea8b1476;434.94;2.643;UNKNOWN
2016-03-02T02:09:07.000000;2016-03-02T02:09:07.000000;6e4b4ade-dc60-4e6b-8d4a-179338c10551;434.91;0.2;UNKNOWN
2016-03-02T02:09:13.000000;2016-03-02T02:09:13.000000;bbda6b8f-522b-41bc-a9fc-173387a4e0fe;434.91;0.2966;UNKNOWN
2016-03-02T02:09:59.000000;2016-03-02T02:09:59.000000;06f6be90-40f7-42da-ba30-c98186a655ec;434.86;0.85;UNKNOWN
2016-03-02T02:10:17.000000;2016-03-02T02:10:17.000000;1f96514d-01a2-488e-8cca-4cbc7d868989;434.71;0.1;UNKNOWN
2016-03-02T02:12:06.000000;2016-03-02T02:12:06.000000;e8bc3fe3-74bb-4433-8530-a5644707fff6;434.71;0.03941908;UNKNOWN
2016-03-02T02:12:08.000000;2016-03-02T02:12:08.000000;82a6becb-986f-464a-a71c-36e4776412b3;434.71;1.53517287;UNKNOWN
2016-03-02T02:12:17.000000;2016-03-02T02:12:17.000000;c949cf83-44f8-4b21-8bb9-29b7c6eb886d;434.51;0.11417871;UNKNOWN
2016-03-02T02:12:36.000000;2016-03-02T02:12:36.000000;69628db7-c4ea-4898-b2ee-994fa2267de5;434.5;0.12705571;UNKNOWN
2016-03-02T02:12:48.000000;2016-03-02T02:12:48.000000;db6932ea-9a31-4f7b-9bc3-01159e86456a;434.5;0.05756716;UNKNOWN
2016-03-02T02:13:48.000000;2016-03-02T02:13:48.000000;c320d9fb-87ed-49f0-9ab5-3420eee87fbc;434.58;0.3;UNKNOWN
2016-03-02T02:13:48.000000;2016-03-02T02:13:48.000000;e3528841-5b0f-4ab8-8ecd-026455d2f90c;434.5;0.90949488;UNKNOWN
2016-03-02T02:15:01.000000;2016-03-02T02:15:01.000000;6fe2dae5-9172-4f78-87ea-7b8b5c60a8ce;434.63;0.484;UNKNOWN
2016-03-02T02:15:05.000000;2016-03-02T02:15:05.000000;4bc13d58-a9c1-422c-96f4-969ccaa81b20;434.63;0.13621343;UNKNOWN
2016-03-02T02:15:07.000000;2016-03-02T02:15:07.000000;8eca0e43-5812-4e31-802e-d05b8a957469;434.63;0.88689414;UNKNOWN
2016-03-02T02:15:42.000000;2016-03-02T02:15:42.000000;57ffdcad-3b62-4a64-9638-24e87310e642;434.72;2.5;UNKNOWN
2016-03-02T02:16:05.000000;2016-03-02T02:16:05.000000;6c423242-db40-41ab-9975-9b7ec2ac664d;434.65;0.02644558;UNKNOWN
2016-03-02T02:16:21.000000;2016-03-02T02:16:21.000000;f8a396b7-1e2a-42be-b65d-f2cd09c9fee1;434.65;0.8623;UNKNOWN
2016-03-02T02:18:06.000000;2016-03-02T02:18:06.000000;e4f7e97a-3081-40b2-992f-238be7a1500e;434.85;0.20416455;UNKNOWN
2016-03-02T02:18:07.000000;2016-03-02T02:18:07.000000;af0895f0-86c6-4f31-ac76-81d84865d049;434.99;2.875;UNKNOWN
2016-03-02T02:19:02.000000;2016-03-02T02:19:02.000000;add9f205-290e-4e2c-8fe9-58b23323cd85;435.02;0.0851941;UNKNOWN
2016-03-02T02:19:02.000000;2016-03-02T02:19:02.000000;9b4aa17c-caeb-4a44-8991-9830ee47b400;435.0;0.03;UNKNOWN
2016-03-02T02:19:54.000000;2016-03-02T02:19:54.000000;9eac7edb-2679-49cc-ba63-1259db304c25;435.03;1.0;UNKNOWN
2016-03-02T02:20:06.000000;2016-03-02T02:20:06.000000;44363719-25d2-4a98-90be-9458b4f42b30;435.02;0.165;UNKNOWN
2016-03-02T02:20:07.000000;2016-03-02T02:20:07.000000;03629203-b3f9-4778-bed8-1f240c584c39;435.02;0.34486723;UNKNOWN
2016-03-02T02:20:18.000000;2016-03-02T02:20:18.000000;92d495b1-bd01-4cf1-b856-2594b37b8c8e;434.99;0.8;UNKNOWN
2016-03-02T02:22:17.000000;2016-03-02T02:22:17.000000;e6db0bee-c496-4aa8-84bf-d2b48be711b0;435.0;0.05702239;UNKNOWN
2016-03-02T02:22:54.000000;2016-03-02T02:22:54.000000;1edc2fc8-d63e-4ab4-b1b3-0f9f5a7dd2a9;435.0;1.0;UNKNOWN
2016-03-02T02:22:59.000000;2016-03-02T02:22:59.000000;94276b5a-b8a0-4488-9752-1b4ffa5cd8eb;435.0;1.0;UNKNOWN
2016-03-02T02:23:03.000000;2016-03-02T02:23:03.000000;e0b2bccb-3a51-4a11-ade3-af0cac60cbb9;435.0;1.0;UNKNOWN
2016-03-02T02:23:08.000000;2016-03-02T02:23:08.000000;75400586-dc04-4dd9-825b-ff5de188727a;435.0;1.0;UNKNOWN
2016-03-02T02:23:57.000000;2016-03-02T02:23:57.000000;d80e676f-4c1f-44cf-8eab-dc3f16216e40;435.0;0.34518864;UNKNOWN
2016-03-02T02:24:23.000000;2016-03-02T02:24:23.000000;5a56a0ad-a085-4f3a-9277-b7ce9a658aff;435.0;1.0;UNKNOWN
2016-03-02T02:24:26.000000;2016-03-02T02:24:26.000000;de009a5a-fab5-46ad-b63a-400d9b07f768;435.0;1.0;UNKNOWN
2016-03-02T02:24:29.000000;2016-03-02T02:24:29.000000;edda720a-f67a-441b-9e0d-f08d3f089cc1;435.0;1.0;UNKNOWN
2016-03-02T02:24:34.000000;2016-03-02T02:24:34.000000;bb3a6cf9-1909-49a7-a944-7093a85d4d84;435.0;1.0;UNKNOWN
2016-03-02T02:24:37.000000;2016-03-02T02:24:37.000000;e5a7565e-f63f-4f88-81d3-a794fde1f24c;435.0;1.0;UNKNOWN
2016-03-02T02:25:11.000000;2016-03-02T02:25:11.000000;9adfd4a2-622f-40d3-8253-ece45b5e8713;435.0;1.0;UNKNOWN
2016-03-02T02:25:15.000000;2016-03-02T02:25:15.000000;32b53724-5d90-48a4-b905-079caba13a52;435.0;1.0;UNKNOWN
2016-03-02T02:25:25.000000;2016-03-02T02:25:25.000000;255558f8-825a-4dfa-9461-d98189445d6a;435.0;1.0;UNKNOWN
2016-03-02T02:28:06.000000;2016-03-02T02:28:06.000000;f92be3ba-8cbb-41e9-8cca-7c1d978d6720;435.01;1.72866467;UNKNOWN
2016-03-02T02:28:06.000000;2016-03-02T02:28:06.000000;b448657e-7ae0-4b76-93ca-cba852802edc;435.01;1.0;UNKNOWN
2016-03-02T02:28:06.000000;2016-03-02T02:28:06.000000;da421027-373c-41c3-a249-3b16b3e25aab;435.0;0.4;UNKNOWN
2016-03-02T02:28:07.000000;2016-03-02T02:28:07.000000;c4949043-0cad-4c28-a149-e5a4836cf877;435.01;0.06897345;UNKNOWN
2016-03-02T02:28:16.000000;2016-03-02T02:28:16.000000;3c54ba0c-c6dc-4dd5-8112-6dd09a134c22;435.0;0.017;UNKNOWN
2016-03-02T02:28:20.000000;2016-03-02T02:28:20.000000;76b895d0-a82a-4fe9-a7bc-c8688b08d88f;435.01;2.7;UNKNOWN
2016-03-02T02:30:20.000000;2016-03-02T02:30:20.000000;6f7e8711-5725-43ed-8485-800c2facecb4;435.01;3.94;UNKNOWN
2016-03-02T02:30:20.000000;2016-03-02T02:30:20.000000;61ba41a0-9c50-4ec4-a255-4a51bbac459c;435.01;2.06;UNKNOWN
2016-03-02T02:31:40.000000;2016-03-02T02:31:40.000000;15df7f19-d948-4ed8-a85c-bb61c35deecb;435.01;3.36492625;UNKNOWN
2016-03-02T02:31:40.000000;2016-03-02T02:31:40.000000;557c6fab-6a88-49ec-bc54-8d5eccd6f9bb;435.01;1.63507375;UNKNOWN
2016-03-02T02:31:42.000000;2016-03-02T02:31:42.000000;b4af5160-69e6-4292-bbd8-b1fe7c601577;435.01;3.2701475;UNKNOWN
2016-03-02T02:31:42.000000;2016-03-02T02:31:42.000000;8d2737a5-08ac-4097-b831-2ec1601c383d;435.01;1.7298525;UNKNOWN
2016-03-02T02:31:44.000000;2016-03-02T02:31:44.000000;2303dda5-02ec-4908-852a-fad7c73b4ddb;435.01;0.09447684;UNKNOWN
2016-03-02T02:31:44.000000;2016-03-02T02:31:44.000000;2758d6bf-f84e-4ac3-8e66-3b3c8becfe1e;435.06;3.21539039;UNKNOWN
2016-03-02T02:31:44.000000;2016-03-02T02:31:44.000000;5e61cc96-a28c-40d6-bc29-5d80ea2958ad;435.05;0.2;UNKNOWN
2016-03-02T02:31:44.000000;2016-03-02T02:31:44.000000;a57fc920-4283-4452-bd83-75d39feae29a;435.02;0.49013277;UNKNOWN
2016-03-02T02:31:44.000000;2016-03-02T02:31:44.000000;c6715d53-58f1-40fa-8700-ab48c6025f63;435.02;1.0;UNKNOWN
2016-03-02T02:31:59.000000;2016-03-02T02:31:59.000000;702b165c-976d-4fc7-974f-14d3a7b11ef7;435.1;3.35496052;UNKNOWN
2016-03-02T02:31:59.000000;2016-03-02T02:31:59.000000;b1f69a6b-ce67-445e-a3ce-57d4721f1920;435.07;0.2;UNKNOWN
2016-03-02T02:31:59.000000;2016-03-02T02:31:59.000000;c8fe7e6b-aeaa-4015-9cd5-ec7cb14d5d02;435.03;3.36503948;UNKNOWN
2016-03-02T02:32:25.000000;2016-03-02T02:32:25.000000;38f1c822-c76b-432e-9e59-17c9c55c0515;435.15;0.2;UNKNOWN
2016-03-02T02:32:58.000000;2016-03-02T02:32:58.000000;1dfca86f-afc2-4eca-9a32-ac02c307f6be;435.11;0.8;UNKNOWN
2016-03-02T02:32:58.000000;2016-03-02T02:32:58.000000;93670733-3b3a-479e-89e6-dc1e4cdd5782;435.11;1.0;UNKNOWN
2016-03-02T02:33:05.000000;2016-03-02T02:33:05.000000;0d32ca7b-7cf1-4706-ba06-c28043c0256a;435.0;4.83;UNKNOWN
2016-03-02T02:33:05.000000;2016-03-02T02:33:05.000000;59581aed-f09d-430b-8035-60125edf1659;435.11;0.2;UNKNOWN
2016-03-02T02:33:07.000000;2016-03-02T02:33:07.000000;5d1736a1-5c27-42c8-88f0-62d77f38e84d;435.19;1.65012276;UNKNOWN
2016-03-02T02:33:07.000000;2016-03-02T02:33:07.000000;91b9b21d-324a-4c3b-afeb-b154a1dcb1c8;435.16;3.3645866;UNKNOWN
2016-03-02T02:33:20.000000;2016-03-02T02:33:20.000000;df34a666-22c4-484b-9151-d617e22f16fe;435.18;0.5;UNKNOWN
2016-03-02T02:33:32.000000;2016-03-02T02:33:32.000000;1bf33d5c-7b56-419f-bf52-e63826dccee3;435.18;0.25;UNKNOWN
2016-03-02T02:33:53.000000;2016-03-02T02:33:53.000000;cd874d68-90f0-4370-be99-4a98d0ca572e;435.2;0.03;UNKNOWN
2016-03-02T02:34:12.000000;2016-03-02T02:34:12.000000;2b6725e4-b343-4972-9506-70aea1ea6f45;435.31;0.9185;UNKNOWN
2016-03-02T02:34:12.000000;2016-03-02T02:34:12.000000;a639674a-34d0-48ec-9980-88544221a981;435.3;0.2;UNKNOWN
2016-03-02T02:34:21.000000;2016-03-02T02:34:21.000000;d5104b9d-c386-4247-b8da-b2291149e7ca;435.3;1.0;UNKNOWN
2016-03-02T02:35:06.000000;2016-03-02T02:35:06.000000;70551386-9eec-4646-ae4b-c686a232ff7a;435.21;2.88505402;UNKNOWN
2016-03-02T02:35:06.000000;2016-03-02T02:35:06.000000;87df8a55-0d6c-4126-8875-c4f6f1f3f920;435.22;0.5;UNKNOWN
2016-03-02T02:35:06.000000;2016-03-02T02:35:06.000000;b290b702-db04-4670-9b2b-3357f8d60ed8;435.22;3.0;UNKNOWN
2016-03-02T02:35:07.000000;2016-03-02T02:35:07.000000;b27d848d-6226-4d2e-8a63-9484530a7923;435.36;0.02955068;UNKNOWN
2016-03-02T02:36:40.000000;2016-03-02T02:36:40.000000;87c6d4ac-d8f5-4d8e-8760-6af4b8b4c20e;435.34;0.05;UNKNOWN
2016-03-02T02:36:42.000000;2016-03-02T02:36:42.000000;2424bc8d-42ea-4431-88af-40b233ca2075;435.34;0.05;UNKNOWN
2016-03-02T02:36:44.000000;2016-03-02T02:36:44.000000;bab62f3c-eec0-448d-84f4-fbd0862e7147;435.34;0.05;UNKNOWN
2016-03-02T02:36:46.000000;2016-03-02T02:36:46.000000;5baaf428-8836-4dad-b6c1-fb9ede6b574d;435.34;0.05;UNKNOWN
2016-03-02T02:36:56.000000;2016-03-02T02:36:56.000000;8b324eb2-7a5f-462d-b875-d481a3a5eb54;435.34;0.04;UNKNOWN
2016-03-02T02:37:06.000000;2016-03-02T02:37:06.000000;46090526-9661-437f-a488-f3868b842be2;435.32;1.108;UNKNOWN
2016-03-02T02:37:06.000000;2016-03-02T02:37:06.000000;add07842-1a12-4875-83b7-9ae0276e4e65;435.31;0.5;UNKNOWN
2016-03-02T02:37:06.000000;2016-03-02T02:37:06.000000;853b28d4-a232-43bb-b523-b160cabec5d8;435.31;3.0;UNKNOWN
2016-03-02T02:37:55.000000;2016-03-02T02:37:55.000000;03d7349e-36de-43ed-85ea-0dccffeceeb7;435.32;2.383;UNKNOWN
2016-03-02T02:38:06.000000;2016-03-02T02:38:06.000000;640a4342-f631-4466-b6d1-e462d67f86b2;435.15;2.13;UNKNOWN
2016-03-02T02:38:07.000000;2016-03-02T02:38:07.000000;dd92e73f-1767-486b-8c8d-ff2f64bd0655;435.32;0.90331018;UNKNOWN
2016-03-02T02:38:07.000000;2016-03-02T02:38:07.000000;b297e738-f37f-4756-906d-ed1c7e348ad5;435.32;0.98196399;UNKNOWN
2016-03-02T02:39:46.000000;2016-03-02T02:39:46.000000;f8b2ba59-2618-4bf4-8ee0-5a307ab21f3c;435.31;0.03;UNKNOWN
2016-03-02T02:40:05.000000;2016-03-02T02:40:05.000000;86dfd173-d0ab-420d-9fbf-a5e626dce416;435.31;0.2;UNKNOWN
2016-03-02T02:40:38.000000;2016-03-02T02:40:38.000000;46a27e9d-9e0c-4231-a58c-c80a47434b29;435.14;0.22083947;UNKNOWN
2016-03-02T02:42:18.000000;2016-03-02T02:42:18.000000;42f4fa53-fc77-41bd-85fd-5960efab7977;435.01;0.34276126;UNKNOWN
2016-03-02T02:42:58.000000;2016-03-02T02:42:58.000000;08bb651b-2030-4331-ad0e-b2c763489c57;435.0;0.2186;UNKNOWN
2016-03-02T02:43:26.000000;2016-03-02T02:43:26.000000;03a4a31e-22d4-495c-ab67-9a3875c6becc;435.02;0.016;UNKNOWN
2016-03-02T02:44:23.000000;2016-03-02T02:44:23.000000;f4430f14-4a23-4d74-9c03-60d4b347223c;435.0;0.22;UNKNOWN
2016-03-02T02:45:48.000000;2016-03-02T02:45:48.000000;3b570e54-94fa-4201-b7ba-5139a64c41a6;435.0;0.11505758;UNKNOWN
2016-03-02T02:46:37.000000;2016-03-02T02:46:37.000000;68b5e278-5bb3-4671-81e3-3cf74c93890f;435.02;0.25;UNKNOWN
2016-03-02T02:47:27.000000;2016-03-02T02:47:27.000000;d62e12e4-10ae-46f4-803c-1d403042dd72;435.02;0.25;UNKNOWN
2016-03-02T02:48:08.000000;2016-03-02T02:48:08.000000;0f131d23-457d-43c1-b95f-f9c10fa2923c;435.0;0.11505758;UNKNOWN
2016-03-02T02:48:48.000000;2016-03-02T02:48:48.000000;63b540bc-c044-41fc-9b5f-a7b754e075a5;435.0;0.08207381;UNKNOWN
2016-03-02T02:48:59.000000;2016-03-02T02:48:59.000000;12461d30-ac6c-45b4-a40c-75e4f477aa17;434.53;0.2;UNKNOWN
2016-03-02T02:49:18.000000;2016-03-02T02:49:18.000000;bd11592d-6ef9-45b8-a842-5d7e3c213c8f;434.5;0.00015766;UNKNOWN
2016-03-02T02:49:18.000000;2016-03-02T02:49:18.000000;d8a723ed-63f3-4d9a-9390-f8fcb13f188e;434.5;0.03;UNKNOWN
2016-03-02T02:49:18.000000;2016-03-02T02:49:18.000000;d2daf3d1-db33-44ac-a769-c9b298996cd2;434.52;0.2;UNKNOWN
2016-03-02T02:50:59.000000;2016-03-02T02:50:59.000000;ec31f9d3-beeb-4d26-8ea1-cfa0d352a44f;434.5;0.06;UNKNOWN
2016-03-02T02:51:07.000000;2016-03-02T02:51:07.000000;b82fb894-f3ef-49b6-a174-c6a2d71743d4;434.19;0.2;UNKNOWN
2016-03-02T02:51:07.000000;2016-03-02T02:51:07.000000;18d4d97d-4585-47fd-9c27-5408082edfb5;434.17;0.5501;UNKNOWN
2016-03-02T02:51:07.000000;2016-03-02T02:51:07.000000;ba5442e3-b18d-47a6-a5af-ef0dfe12e671;434.21;0.2;UNKNOWN
2016-03-02T02:51:07.000000;2016-03-02T02:51:07.000000;7f7049c2-9305-413e-8b8b-9ebfea374698;434.36;0.2;UNKNOWN
2016-03-02T02:51:07.000000;2016-03-02T02:51:07.000000;0386a002-a78f-481d-90cb-00ce0c79550e;434.2;0.2;UNKNOWN
2016-03-02T02:51:07.000000;2016-03-02T02:51:07.000000;e1a50a5a-da03-467c-b53b-d38aa317d8ab;434.1;0.32998385;UNKNOWN
2016-03-02T02:51:07.000000;2016-03-02T02:51:07.000000;3689b56a-e1b6-48d4-9dbe-945e398bbc2b;434.37;0.2;UNKNOWN
2016-03-02T02:51:07.000000;2016-03-02T02:51:07.000000;cbbddd23-01ae-4247-bd14-cd6f52bd5c1b;434.5;0.13984234;UNKNOWN
2016-03-02T02:51:07.000000;2016-03-02T02:51:07.000000;8575e4a8-caf9-46ee-b57d-f91d2fd32022;434.36;0.2;UNKNOWN
2016-03-02T02:52:02.000000;2016-03-02T02:52:02.000000;0b8ac8ed-9a22-4e60-a4ef-6baeac2d6be4;434.27;5.734;UNKNOWN
2016-03-02T02:52:07.000000;2016-03-02T02:52:07.000000;128f0935-0908-4e49-aae6-7bc03aab2c8a;434.38;0.05;UNKNOWN
2016-03-02T02:52:13.000000;2016-03-02T02:52:13.000000;5a77ec1b-6c92-4f5a-aaf3-6e78f98dd3c5;434.38;0.05;UNKNOWN
2016-03-02T02:52:35.000000;2016-03-02T02:52:35.000000;3a4472af-d149-4f63-82f9-cdf1938262f8;434.38;0.05;UNKNOWN
2016-03-02T02:52:46.000000;2016-03-02T02:52:46.000000;d17e4a16-ef0d-4d29-a1dd-e421c6318101;434.38;0.05;UNKNOWN
2016-03-02T02:53:09.000000;2016-03-02T02:53:09.000000;b43c5a45-9485-4c3f-8992-d83258984bf5;434.38;0.1;UNKNOWN
2016-03-02T02:53:17.000000;2016-03-02T02:53:17.000000;4cf88458-5772-49d0-a1a9-31f1e38351e6;434.38;0.1;UNKNOWN
2016-03-02T02:53:30.000000;2016-03-02T02:53:30.000000;5ee10748-e024-4641-997e-661966cdbaf8;434.38;0.1;UNKNOWN
2016-03-02T02:53:47.000000;2016-03-02T02:53:47.000000;93427c00-9e61-4154-b699-14385178bd95;434.38;0.1;UNKNOWN
2016-03-02T02:54:05.000000;2016-03-02T02:54:05.000000;a83bd604-9b9d-4681-ac58-40ee6b7ed9c4;434.38;0.1;UNKNOWN
2016-03-02T02:54:11.000000;2016-03-02T02:54:11.000000;9791b493-f3c3-4b3f-8a74-c1e143086f96;434.37;0.05;UNKNOWN
2016-03-02T02:54:11.000000;2016-03-02T02:54:11.000000;8d3596f5-3e75-4d0f-83f7-8cc8df68e100;434.37;10.939;UNKNOWN
2016-03-02T02:54:15.000000;2016-03-02T02:54:15.000000;0663c9c5-936e-4739-9705-4b763f87093c;434.38;0.1;UNKNOWN
2016-03-02T02:54:27.000000;2016-03-02T02:54:27.000000;a4f8435f-dc27-4993-a3f7-c5d93c24d6ad;434.38;0.1;UNKNOWN
2016-03-02T02:54:29.000000;2016-03-02T02:54:29.000000;8a50d6b7-2b3e-43f1-9bb2-7e847efc9229;434.38;4.7893;UNKNOWN
2016-03-02T02:54:41.000000;2016-03-02T02:54:41.000000;5ffd99e7-1192-44ff-9241-04779cc48241;435.07;0.1;UNKNOWN
2016-03-02T02:54:51.000000;2016-03-02T02:54:51.000000;11fcce90-ba6f-42da-aa27-24e51f9d8e1f;435.06;0.1;UNKNOWN
2016-03-02T02:54:59.000000;2016-03-02T02:54:59.000000;63a51d4c-742e-415d-8723-9c17ed18d639;435.06;0.1;UNKNOWN
2016-03-02T02:55:00.000000;2016-03-02T02:55:00.000000;4e6cd81d-7426-4d77-9574-b3ac2bbe785a;435.05;0.1;UNKNOWN
2016-03-02T02:55:09.000000;2016-03-02T02:55:09.000000;03c170c9-d3c7-4bf0-b724-ad5ce4cdd2b1;435.06;4.56343274;UNKNOWN
2016-03-02T02:55:14.000000;2016-03-02T02:55:14.000000;5e1706f7-a0f2-4ef6-b978-75539fd234d1;435.06;0.1;UNKNOWN
2016-03-02T02:55:25.000000;2016-03-02T02:55:25.000000;730b82fa-f1f5-4584-ad0a-540ec28e5601;435.05;0.1;UNKNOWN
2016-03-02T02:55:28.000000;2016-03-02T02:55:28.000000;e554238d-bf8f-40f8-b6e8-d2a8ccb46c0d;435.04;0.1;UNKNOWN
2016-03-02T02:55:33.000000;2016-03-02T02:55:33.000000;38d8cbd7-e0cb-475d-bd80-d34592aac6e5;435.05;0.1;UNKNOWN
2016-03-02T02:55:40.000000;2016-03-02T02:55:40.000000;631a492b-9b07-416e-a6f9-70531fcd43b8;435.05;0.1;UNKNOWN
2016-03-02T02:55:46.000000;2016-03-02T02:55:46.000000;01600993-d493-4c7d-aec2-3784479b2d95;435.05;0.1;UNKNOWN
2016-03-02T02:55:49.000000;2016-03-02T02:55:49.000000;a3a455bf-cbf7-45e6-932e-b51276ec396f;435.04;1.3408;UNKNOWN
2016-03-02T02:55:56.000000;2016-03-02T02:55:56.000000;ba445f9e-96fa-4ebd-9242-04ef365acefd;435.02;0.1;UNKNOWN
2016-03-02T02:56:06.000000;2016-03-02T02:56:06.000000;0814bae8-6b17-4e8d-868d-64fa4cb1001d;434.69;0.86379247;UNKNOWN
2016-03-02T02:56:08.000000;2016-03-02T02:56:08.000000;82f98317-3d73-4571-9130-a45bb2f68d49;435.05;0.1;UNKNOWN
2016-03-02T02:56:15.000000;2016-03-02T02:56:15.000000;80dbd5e8-8029-49a9-8717-dc5c5882afa5;435.03;0.1;UNKNOWN
2016-03-02T02:56:19.000000;2016-03-02T02:56:19.000000;f4aca671-0034-4940-877b-11eca2b646b6;435.03;0.08023442;UNKNOWN
2016-03-02T02:58:06.000000;2016-03-02T02:58:06.000000;ea407c3e-a1ad-45fc-9c53-01a341f01e3a;434.81;2.3;UNKNOWN
2016-03-02T02:58:07.000000;2016-03-02T02:58:07.000000;caff34db-5aa2-40e2-95fa-2d30094071b3;434.8;0.5;UNKNOWN
2016-03-02T02:58:19.000000;2016-03-02T02:58:19.000000;38789d7a-31ef-477a-86fd-104c5a4acf03;434.8;0.319561;UNKNOWN
2016-03-02T02:59:12.000000;2016-03-02T02:59:12.000000;0089adfa-5ff6-4bf0-b717-c667333fc185;434.8;0.8614;UNKNOWN
2016-03-02T02:59:32.000000;2016-03-02T02:59:32.000000;1ef04ae6-db43-41d7-b91b-84a8ca41ae7d;434.8;0.8615;UNKNOWN
2016-03-02T02:59:36.000000;2016-03-02T02:59:36.000000;b1acc31e-5116-4650-9201-17c4cff97a53;434.81;2.0;UNKNOWN
2016-03-02T02:59:59.000000;2016-03-02T02:59:59.000000;71f1de39-475a-4757-adab-4c94468bf7d0;434.8;0.8615;UNKNOWN
2016-03-02T03:02:38.000000;2016-03-02T03:02:38.000000;174e5935-9b31-4d0d-bb52-298b02f99ba4;434.8;0.44893099;UNKNOWN
2016-03-02T03:02:43.000000;2016-03-02T03:02:43.000000;ad1efe01-482c-4daa-9965-79c5d53e5608;434.8;0.8615;UNKNOWN
2016-03-02T03:03:08.000000;2016-03-02T03:03:08.000000;8db83581-1dd6-4cc1-87c7-9905b1e387ac;434.8;2.30199822;UNKNOWN
2016-03-02T03:04:18.000000;2016-03-02T03:04:18.000000;c44aa729-922c-423d-846f-acb272917504;434.8;0.11407451;UNKNOWN
2016-03-02T03:04:59.000000;2016-03-02T03:04:59.000000;246e690f-dfb5-4a6a-9efd-bfb8381d5cd6;434.85;0.076;UNKNOWN
2016-03-02T03:05:17.000000;2016-03-02T03:05:17.000000;362a62eb-1911-4b1f-8591-c8db158991ae;434.85;0.02279877;UNKNOWN
2016-03-02T03:07:17.000000;2016-03-02T03:07:17.000000;caba8831-819c-4f83-98c0-ed42f9378654;434.86;0.68416611;UNKNOWN
2016-03-02T03:08:06.000000;2016-03-02T03:08:06.000000;0aff1df4-c719-4694-9c91-53e61acfcdc8;434.95;1.22420547;UNKNOWN
2016-03-02T03:08:08.000000;2016-03-02T03:08:08.000000;d4462c8d-40de-464b-86ee-0dfe5bb25b68;434.95;0.8;UNKNOWN
2016-03-02T03:10:06.000000;2016-03-02T03:10:06.000000;2c7897c7-8350-4f6a-abb8-3f452e3661c6;434.87;5.73;UNKNOWN
2016-03-02T03:12:45.000000;2016-03-02T03:12:45.000000;42602e7d-4d5c-4dc4-858f-fa8adb37e4b3;434.87;3.36915872;UNKNOWN
2016-03-02T03:12:45.000000;2016-03-02T03:12:45.000000;2dd4d9a8-a6d0-4eb8-8136-dc73f5bfbd76;434.87;0.07164472;UNKNOWN
2016-03-02T03:12:45.000000;2016-03-02T03:12:45.000000;c7b01e75-9356-472c-a67c-35d166e5061b;434.87;3.36919656;UNKNOWN
2016-03-02T03:12:45.000000;2016-03-02T03:12:45.000000;b4ed38c8-104c-42fe-ad1f-cc606a6be728;434.87;3.19;UNKNOWN
2016-03-02T03:14:39.000000;2016-03-02T03:14:39.000000;04f8d15e-d752-4a18-8719-93026a2b1534;434.45;0.2704;UNKNOWN
2016-03-02T03:14:39.000000;2016-03-02T03:14:39.000000;3847d58f-5331-44ac-aad2-e6b3a596544c;434.86;0.2;UNKNOWN
2016-03-02T03:14:48.000000;2016-03-02T03:14:48.000000;31cfcd60-a9b3-463f-8a3a-87fca7529b73;434.4;0.08056624;UNKNOWN
2016-03-02T03:14:56.000000;2016-03-02T03:14:56.000000;0943baf7-521c-4af9-a54a-e8a01acac1d1;434.82;0.2;UNKNOWN
2016-03-02T03:16:10.000000;2016-03-02T03:16:10.000000;5ff0826b-59ce-4dc0-a6ec-01b7dbe8bfcf;434.74;2.299908;UNKNOWN
2016-03-02T03:16:22.000000;2016-03-02T03:16:22.000000;7af7528e-0a03-4e50-8c83-9850eaa80b89;434.74;0.1;UNKNOWN
2016-03-02T03:16:48.000000;2016-03-02T03:16:48.000000;34b9dafc-180b-4bc3-be44-7bda95a5e06a;434.59;2.30189277;UNKNOWN
2016-03-02T03:17:57.000000;2016-03-02T03:17:57.000000;70d123b0-f3c5-4614-9ae9-c1d143ff56d0;434.48;0.25;UNKNOWN
2016-03-02T03:20:38.000000;2016-03-02T03:20:38.000000;3bb9fac0-a39c-4bce-947b-f2fc8ade0102;434.5;0.03686079;UNKNOWN
2016-03-02T03:21:05.000000;2016-03-02T03:21:05.000000;9dee5a62-8ddc-4088-a71a-bea19a848994;434.48;0.53146079;UNKNOWN
2016-03-02T03:21:05.000000;2016-03-02T03:21:05.000000;54ebddb8-3fde-48db-b8fb-e395fd694ace;434.5;0.98853921;UNKNOWN
2016-03-02T03:22:43.000000;2016-03-02T03:22:43.000000;2ffd0140-390e-4da3-82c1-0b138577cdc0;434.58;5.0;UNKNOWN
2016-03-02T03:22:59.000000;2016-03-02T03:22:59.000000;bbb5ebfe-a587-4457-986e-90b4f009f74e;434.6;0.08984819;UNKNOWN
2016-03-02T03:26:05.000000;2016-03-02T03:26:05.000000;33c9da42-946b-4d7f-8d01-8bb47e105475;434.66;0.53054342;UNKNOWN
2016-03-02T03:27:46.000000;2016-03-02T03:27:46.000000;7724de74-a2ea-4c88-8df6-81d38427c073;434.68;1.5;UNKNOWN
2016-03-02T03:30:05.000000;2016-03-02T03:30:05.000000;76a486af-9f7d-4604-9283-8cf99e2f9eaa;434.67;2.30192821;UNKNOWN
2016-03-02T03:30:06.000000;2016-03-02T03:30:06.000000;f1860c3b-7e0b-4ef2-8c1d-a0d6ed06d2c4;434.67;0.68615342;UNKNOWN
2016-03-02T03:30:15.000000;2016-03-02T03:30:15.000000;888f9cd1-eb31-4abe-ad39-0daf05a8162d;434.66;0.05;UNKNOWN
2016-03-02T03:30:30.000000;2016-03-02T03:30:30.000000;a22341ce-aaee-463b-a8bc-e664b490b26b;434.66;12.1;UNKNOWN
2016-03-02T03:30:37.000000;2016-03-02T03:30:37.000000;bd289446-93b3-4484-ac16-776921c6c2a5;434.65;0.46109602;UNKNOWN
2016-03-02T03:30:55.000000;2016-03-02T03:30:55.000000;fc4f119b-1d36-48e1-85a9-66e652946673;434.66;12.36;UNKNOWN
2016-03-02T03:32:33.000000;2016-03-02T03:32:33.000000;b64c7881-6a9f-4088-86cc-92ed5f4740dc;434.62;5.7404;UNKNOWN
2016-03-02T03:33:48.000000;2016-03-02T03:33:48.000000;9ac2bd7e-462e-4f0a-b1cd-7c679364b191;434.44;0.24063733;UNKNOWN
2016-03-02T03:34:05.000000;2016-03-02T03:34:05.000000;1901e61e-6723-4123-9829-75b2c653c76c;434.5;0.2;UNKNOWN
2016-03-02T03:34:06.000000;2016-03-02T03:34:06.000000;0e282f14-875c-4d19-92e1-3c79d4b16532;434.45;10.0;UNKNOWN
2016-03-02T03:34:48.000000;2016-03-02T03:34:48.000000;8b7a3fcc-75c9-44f6-88e9-22a646ef0c0a;434.47;0.4603;UNKNOWN
2016-03-02T03:35:05.000000;2016-03-02T03:35:05.000000;a4f2553e-5638-4ec3-a518-c0479cd131ec;434.46;5.7069;UNKNOWN
2016-03-02T03:35:05.000000;2016-03-02T03:35:05.000000;170195dc-fdf5-46ad-9acb-ea15af0a9b52;434.4;1.65366624;UNKNOWN
2016-03-02T03:35:05.000000;2016-03-02T03:35:05.000000;01ed1fad-c2e2-49f6-b989-0aa69e22d299;434.45;2.31;UNKNOWN
2016-03-02T03:35:05.000000;2016-03-02T03:35:05.000000;ccbf1e01-589d-40c9-aaee-1d303529aaa0;434.4;0.32943376;UNKNOWN
2016-03-02T03:36:05.000000;2016-03-02T03:36:05.000000;bbc74045-374b-46c3-8249-49bbdc81a6f5;434.4;3.34633376;UNKNOWN
2016-03-02T03:36:05.000000;2016-03-02T03:36:05.000000;e8aecf47-3f1e-437b-b9b7-e6a03115f306;434.18;5.7447;UNKNOWN
2016-03-02T03:36:05.000000;2016-03-02T03:36:05.000000;707920b6-6e98-4aac-afce-83eaf401f343;434.37;0.2;UNKNOWN
2016-03-02T03:36:05.000000;2016-03-02T03:36:05.000000;50c488c4-5558-4b74-ae74-06c2ea2df9ee;434.18;0.2;UNKNOWN
2016-03-02T03:36:05.000000;2016-03-02T03:36:05.000000;32b47ee2-d941-4290-87b1-51600ad891f9;434.21;0.2;UNKNOWN
2016-03-02T03:36:05.000000;2016-03-02T03:36:05.000000;1abf0db0-5c0c-4380-b337-65e56e8c07a1;434.17;0.10896624;UNKNOWN
2016-03-02T03:36:05.000000;2016-03-02T03:36:05.000000;62b70edc-68f8-4775-9bf3-b7b1cdd96a35;434.46;0.2;UNKNOWN
2016-03-02T03:36:17.000000;2016-03-02T03:36:17.000000;e874eb19-613a-454d-bd78-d0e4762a7f9e;434.16;0.031777;UNKNOWN
2016-03-02T03:37:06.000000;2016-03-02T03:37:06.000000;be8cead7-2d2a-449a-96de-a8cbfcd25932;434.25;0.87575821;UNKNOWN
2016-03-02T03:37:06.000000;2016-03-02T03:37:06.000000;4f93177e-12ca-4360-93ad-a85844159be9;434.3;0.2;UNKNOWN
2016-03-02T03:37:48.000000;2016-03-02T03:37:48.000000;2a6e0903-188b-4aa9-b8fe-0961f991d62a;434.25;0.05758174;UNKNOWN
2016-03-02T03:38:09.000000;2016-03-02T03:38:09.000000;039de42d-e05a-46ea-aeba-8875aee60155;434.31;0.415;UNKNOWN
2016-03-02T03:39:00.000000;2016-03-02T03:39:00.000000;d69bbf81-73ac-4746-9b88-94b880276a7f;434.27;1.16;UNKNOWN
2016-03-02T03:39:18.000000;2016-03-02T03:39:18.000000;5b780d99-ee7e-4879-b57d-184a3587b8c0;434.19;0.22924227;UNKNOWN
2016-03-02T03:40:06.000000;2016-03-02T03:40:06.000000;5ae9de29-f699-4f57-ade7-be8f93766c1d;434.22;0.01000818;UNKNOWN
2016-03-02T03:40:38.000000;2016-03-02T03:40:38.000000;0cb6a4fd-ab7e-46ef-a3c4-0e24aa5c1897;434.21;0.141;UNKNOWN
2016-03-02T03:40:38.000000;2016-03-02T03:40:38.000000;0bce845d-7c94-4f1d-8125-d7df20d73ef6;434.21;0.0296186;UNKNOWN
2016-03-02T03:40:45.000000;2016-03-02T03:40:45.000000;5fafc529-5008-4d17-8f31-03d1180b8fe7;434.21;0.4169;UNKNOWN
2016-03-02T03:43:00.000000;2016-03-02T03:43:00.000000;e33c902b-9e87-4ab9-82b7-09dce7f63861;434.19;0.02;UNKNOWN
2016-03-02T03:43:06.000000;2016-03-02T03:43:06.000000;e51544d4-d2a2-43ae-af11-0771264a8439;434.15;1.2;UNKNOWN
2016-03-02T03:43:15.000000;2016-03-02T03:43:15.000000;26dd57ab-7c4a-409b-8753-02a918001f6b;434.18;0.23000002;UNKNOWN
2016-03-02T03:45:06.000000;2016-03-02T03:45:06.000000;2ea8c05b-f8df-4643-a15c-b1620b450876;434.29;0.69901154;UNKNOWN
2016-03-02T03:45:06.000000;2016-03-02T03:45:06.000000;086d4b16-3522-44f8-a230-4bdb82f27d4f;434.3;0.50098846;UNKNOWN
