time_exchange;time_coinpai;guid;price;base_amount;taker_side
2016-03-02T00:00:02.323000;2016-03-02T00:00:02.383000;e69e25c5-5837-47d3-a8cb-d1fe80ae7442;433.03;0.02;SELL
2016-03-02T00:00:02.323000;2016-03-02T00:00:02.403000;9c31391f-8ddf-4d41-9b78-c5e24af9ad45;433.03;0.09531262;SELL
2016-03-02T00:00:02.323000;2016-03-02T00:00:02.407000;b87fbd76-06f6-467a-9301-05d0c002e5bc;433.03;0.52988005;SELL
2016-03-02T00:00:02.323000;2016-03-02T00:00:02.407000;1e736504-a6da-4a76-92b1-b6d114256d85;433.03;0.3858769;SELL
2016-03-02T00:00:02.323000;2016-03-02T00:00:02.427000;f3c18649-e108-4cd2-93ba-9a9290526040;433.03;0.22676609;SELL
2016-03-02T00:00:02.323000;2016-03-02T00:00:02.443000;e61ab844-f455-4824-b0cc-d35dc8909005;433.03;3.50033382;SELL
2016-03-02T00:00:02.323000;2016-03-02T00:00:02.443000;13e4c7ad-131b-4db8-9b24-9ca331143bb1;433.03;0.35693613;SELL
2016-03-02T00:00:02.323000;2016-03-02T00:00:02.443000;64033547-08d7-4986-b1b2-c22c47cbfa08;433.03;0.03259586;SELL
2016-03-02T00:00:02.323000;2016-03-02T00:00:02.460000;fd8922f5-5938-4a0a-91f6-10ffd79092cf;433.03;0.4646055;SELL
2016-03-02T00:00:02.323000;2016-03-02T00:00:02.460000;8f3612ec-51a1-47f0-8aa9-cd67f4de3184;433.03;0.22417749;SELL
2016-03-02T00:00:02.327000;2016-03-02T00:00:02.503000;4f2742e7-1ede-4feb-bf94-1e6a3ed79529;433.03;0.23959268;SELL
2016-03-02T00:00:02.327000;2016-03-02T00:00:02.503000;79f4bb34-e236-4f38-bb83-beda3e706e43;433.03;1.02149392;SELL
2016-03-02T00:00:02.327000;2016-03-02T00:00:02.503000;75f8ba1b-9f46-473b-b482-7bc2b0b3ea45;433.03;1.20227614;SELL
2016-03-02T00:00:02.327000;2016-03-02T00:00:02.503000;73ace1bc-d549-4e04-ae9b-c23620a2b6dd;433.03;0.42532377;SELL
2016-03-02T00:00:02.327000;2016-03-02T00:00:02.503000;b77813c7-948e-4e49-91e3-8e8f3a649b33;433.03;0.29966653;SELL
2016-03-02T00:00:02.327000;2016-03-02T00:00:02.537000;6cfdc60d-6970-44eb-8125-9d38c43ed041;433.03;0.15980503;SELL
2016-03-02T00:00:02.327000;2016-03-02T00:00:02.540000;ecc2a493-e0df-4747-b06c-e47550ba7eae;433.03;25.83686046;SELL
2016-03-02T00:00:02.327000;2016-03-02T00:00:02.540000;3f3f1c02-2b7d-4083-b6ed-30b7222c74fa;433.03;7.25713926;SELL
2016-03-02T00:00:30.900000;2016-03-02T00:00:30.937000;2573acce-df1e-4a33-977c-edbc6d706018;433.07;0.529;BUY
2016-03-02T00:00:30.900000;2016-03-02T00:00:30.953000;8fbf4062-77fe-4898-b942-30dcfbe26d6e;433.08;0.02;BUY
2016-03-02T00:00:30.900000;2016-03-02T00:00:30.970000;d5984a2b-ead2-4be1-b52d-1484b4ad319d;433.08;4.45588016;BUY
2016-03-02T00:00:30.900000;2016-03-02T00:00:30.970000;de3f8b2d-bd10-4254-947b-67e4173e37e2;433.09;0.54900984;BUY
2016-03-02T00:01:04.987000;2016-03-02T00:01:05.020000;f332d684-13b0-40da-acca-c9df66c68f92;433.09;1.0;BUY
2016-03-02T00:02:01.303000;2016-03-02T00:02:01.487000;4c91f6ee-2254-4e64-896f-e78268c08cca;433.09;1.39982;BUY
2016-03-02T00:02:31.757000;2016-03-02T00:02:31.820000;c02eb07c-d165-4623-809a-8027fdd8ddd4;433.09;0.97399;BUY
2016-03-02T00:03:01.297000;2016-03-02T00:03:01.353000;3428a7a7-a798-4388-be51-cb6c686eb27a;433.09;0.96186;BUY
2016-03-02T00:03:31.413000;2016-03-02T00:03:31.503000;0fae2c1e-5e9c-44af-8ca2-b24c858ead67;433.09;8.36184949;BUY
2016-03-02T00:03:31.413000;2016-03-02T00:03:31.503000;91c6e9fd-72bb-4455-b6d5-e7dc5804d429;433.09;0.70127629;BUY
2016-03-02T00:03:31.413000;2016-03-02T00:03:31.503000;fbe5edd1-5172-4d2d-b87c-202f911c61b2;433.09;0.10519144;BUY
2016-03-02T00:03:31.413000;2016-03-02T00:03:31.540000;f15527a5-ad04-4e47-ae26-0a0e88777a86;433.09;0.10519144;BUY
2016-03-02T00:03:31.413000;2016-03-02T00:03:31.540000;dfd1d3ec-8cac-450c-a26a-785d28d88a12;433.09;0.02;BUY
2016-03-02T00:03:31.413000;2016-03-02T00:03:31.540000;2dcca8a5-77a6-43f0-8dfb-4993cc5f7701;433.09;0.483;BUY
2016-03-02T00:03:31.413000;2016-03-02T00:03:31.540000;24358c93-adc9-4982-aa02-4714a32a3ebc;433.1;0.01874132;BUY
2016-03-02T00:03:31.413000;2016-03-02T00:03:31.540000;5610d236-ab2e-40cc-a916-40984d07e0a3;433.1;0.24341128;BUY
2016-03-02T00:03:31.413000;2016-03-02T00:03:31.600000;b4eba649-023a-4e62-a094-3f5b16fbd781;433.11;4.33;BUY
2016-03-02T00:03:31.413000;2016-03-02T00:03:31.600000;419de825-1300-485f-bb7a-50dc86002bad;433.14;0.485;BUY
2016-03-02T00:03:31.413000;2016-03-02T00:03:31.600000;3878e074-60f7-4010-9e43-4263467abf3a;433.15;0.02;BUY
2016-03-02T00:03:31.413000;2016-03-02T00:03:31.600000;d671e984-b0ca-4f54-bdae-51ad40b44acc;433.18;0.02;BUY
2016-03-02T00:03:31.413000;2016-03-02T00:03:31.600000;d7e48739-5beb-47d0-aafb-a41c43c6a11d;433.18;4.163;BUY
2016-03-02T00:03:31.413000;2016-03-02T00:03:31.617000;0a808da0-2dcc-40e9-8bd3-7dd1a47afb69;433.19;0.484;BUY
2016-03-02T00:03:31.417000;2016-03-02T00:03:31.617000;080474c6-d716-4911-8b38-e1bf137fbf18;433.21;2.7;BUY
2016-03-02T00:03:31.417000;2016-03-02T00:03:31.617000;db896b99-c28a-4293-97af-7447e3e5c38f;433.22;0.43285802;BUY
2016-03-02T00:03:31.417000;2016-03-02T00:03:31.620000;769f62e3-f598-4492-a6c5-29fc454adde9;433.22;0.0649287;BUY
2016-03-02T00:03:31.417000;2016-03-02T00:03:31.620000;30d52557-ce87-453a-9c6c-4acba1eb5c13;433.22;1.12712202;BUY
2016-03-02T00:03:51.340000;2016-03-02T00:03:51.397000;61572fee-c38a-4108-9478-03b6b5967dd8;433.13;0.02;SELL
2016-03-02T00:03:51.340000;2016-03-02T00:03:51.423000;02d5ecc7-2307-4a31-a39a-65ce637d1419;433.11;0.02;SELL
2016-03-02T00:03:51.340000;2016-03-02T00:03:51.423000;36b2a5df-b8d0-4a5f-acab-d6d04eacb09e;433.09;0.012;SELL
2016-03-02T00:03:51.340000;2016-03-02T00:03:51.423000;e554f6b5-a14e-4fd4-9388-74ee84ef1855;433.09;0.02;SELL
2016-03-02T00:03:51.340000;2016-03-02T00:03:51.447000;11fa92ad-026d-467c-acf0-1b34abc58a4c;433.08;0.01;SELL
2016-03-02T00:03:51.340000;2016-03-02T00:03:51.447000;988edd31-8deb-40dc-b3bb-a90a3edc7f1a;433.08;22.23304374;SELL
2016-03-02T00:03:51.340000;2016-03-02T00:03:51.450000;d9e08ecd-a027-480f-896b-18be2972ac0b;433.08;0.05560567;SELL
2016-03-02T00:03:51.340000;2016-03-02T00:03:51.450000;4d3d2209-76fb-4dbe-a77f-12c82b2483e6;433.07;0.02;SELL
2016-03-02T00:03:51.340000;2016-03-02T00:03:51.467000;3c094672-c1ca-4115-b9f4-7d63a3afdc1f;433.05;0.02;SELL
2016-03-02T00:04:03.730000;2016-03-02T00:04:03.787000;1976f4dd-b524-4559-975c-93a2dacd17f8;433.03;0.02;SELL
2016-03-02T00:04:03.730000;2016-03-02T00:04:03.813000;e6693dd6-90c5-4bba-af23-bf7b939e78d5;433.01;0.01068;SELL
2016-03-02T00:05:01.397000;2016-03-02T00:05:01.477000;8a1dedcf-7ddd-4318-a026-36f77cf15662;433.02;1.02;BUY
2016-03-02T00:05:01.397000;2016-03-02T00:05:01.497000;78982211-0d12-4813-bd59-eca705679842;433.02;4.67;BUY
2016-03-02T00:05:01.397000;2016-03-02T00:05:01.497000;14937396-0f97-46b3-8e10-190e1a0f13e6;433.02;0.458;BUY
2016-03-02T00:05:01.397000;2016-03-02T00:05:01.497000;49792e6d-b44f-463a-bdde-f6a6f32bf360;433.07;0.416;BUY
2016-03-02T00:05:01.397000;2016-03-02T00:05:01.497000;013c9f54-70b5-4172-a3f8-c2c7a9bf08f7;433.08;0.02;BUY
2016-03-02T00:05:01.397000;2016-03-02T00:05:01.497000;e970cb12-371f-482b-a532-9c2a6f341706;433.09;1.95;BUY
2016-03-02T00:05:01.397000;2016-03-02T00:05:01.497000;45877926-dff9-4709-8286-7138b053e8fb;433.1;2.80094;BUY
2016-03-02T00:05:31.760000;2016-03-02T00:05:31.820000;0d3bc42e-2196-4301-b58d-3cc877c94539;433.05;0.1246;BUY
2016-03-02T00:06:01.387000;2016-03-02T00:06:01.457000;d6b0c094-18e3-49d7-94ff-bcbd8ffee92e;433.03;0.02;SELL
2016-03-02T00:06:01.387000;2016-03-02T00:06:01.497000;8aef4577-9024-4cd2-9141-9f46a913bb26;433.02;0.2;SELL
2016-03-02T00:06:01.387000;2016-03-02T00:06:01.497000;92081d2e-ba38-45ad-b747-c2b7bc1a0f5b;433.01;0.00932;SELL
2016-03-02T00:06:01.387000;2016-03-02T00:06:01.497000;799830bf-9fa7-4209-b3b3-1caf7c363058;433.0;0.0115;SELL
2016-03-02T00:06:01.387000;2016-03-02T00:06:01.497000;f22e994c-13c2-4c98-90e1-47f5cf0663ba;432.99;0.02;SELL
2016-03-02T00:06:01.387000;2016-03-02T00:06:01.497000;fa95a44e-d7bf-48e5-a276-30a2a4098bf2;432.99;0.18;SELL
2016-03-02T00:06:01.387000;2016-03-02T00:06:01.497000;08399d8e-0d1b-467b-87e8-073f8692194b;432.97;0.02;SELL
2016-03-02T00:06:01.387000;2016-03-02T00:06:01.497000;f23722eb-1f82-467b-8185-eb567a8cfe99;432.95;0.02;SELL
2016-03-02T00:06:01.387000;2016-03-02T00:06:01.497000;3d05d229-f79f-4805-af1a-b602205a3b72;432.95;0.01;SELL
2016-03-02T00:06:01.387000;2016-03-02T00:06:01.497000;4b988b52-200d-43e2-8063-dc8b0943e62c;432.93;0.02;SELL
2016-03-02T00:06:01.387000;2016-03-02T00:06:01.497000;92aa9cc3-f94f-42d3-9bb5-c87e1897f28f;432.91;0.02;SELL
2016-03-02T00:06:01.387000;2016-03-02T00:06:01.517000;7e1234e6-4797-4533-9d83-5196467fe36f;432.89;0.02;SELL
2016-03-02T00:06:01.390000;2016-03-02T00:06:01.517000;da8fc494-d259-4ea8-93ea-894f2301bfc7;432.87;0.02;SELL
2016-03-02T00:06:01.390000;2016-03-02T00:06:01.517000;26b66812-a7da-494f-bb3f-95c624c47b70;432.86;0.01;SELL
2016-03-02T00:06:01.390000;2016-03-02T00:06:01.517000;d9250d83-26e1-427a-bce1-b2f64b07e802;432.85;0.02;SELL
2016-03-02T00:06:01.390000;2016-03-02T00:06:01.517000;abd5b90a-bb5b-42ae-9040-64dbc55469fd;432.84;0.012;SELL
2016-03-02T00:06:01.390000;2016-03-02T00:06:01.517000;4d398573-c78d-436a-a699-f792e914f2f5;432.83;0.012;SELL
2016-03-02T00:06:01.390000;2016-03-02T00:06:01.540000;822e08ae-ff74-4a91-a99d-c178d41e0bb9;432.83;0.02;SELL
2016-03-02T00:06:01.390000;2016-03-02T00:06:01.540000;d331174f-7829-4e4a-976e-fb0f671b50b5;432.83;0.01;SELL
2016-03-02T00:06:01.390000;2016-03-02T00:06:01.540000;99b3ea75-6bb7-445e-bd26-9fa5f86755eb;432.82;0.01;SELL
2016-03-02T00:06:01.390000;2016-03-02T00:06:01.540000;d601a046-d455-44ec-96db-29234a91111d;432.81;0.02;SELL
2016-03-02T00:06:01.390000;2016-03-02T00:06:01.540000;83ffa27e-93ea-42bc-851b-4c9867ca7912;432.8;0.01;SELL
2016-03-02T00:06:01.390000;2016-03-02T00:06:01.540000;6b218428-05a5-40fa-8dd5-ef058dccf95c;432.8;0.094;SELL
2016-03-02T00:06:01.390000;2016-03-02T00:06:01.540000;63239e36-ef6a-44ed-a1af-8c984868be5b;432.79;0.02;SELL
2016-03-02T00:06:01.390000;2016-03-02T00:06:01.567000;381eb435-97b6-4e86-b3b4-6c57f2acacf7;432.77;0.02;SELL
2016-03-02T00:06:01.390000;2016-03-02T00:06:01.567000;b1b20c19-39b2-4f96-b57d-91ef2404e8a8;432.76;0.12377;SELL
2016-03-02T00:06:06.023000;2016-03-02T00:06:06.073000;a91c9433-cf54-469c-ac1b-5411be5d503b;432.82;0.02;BUY
2016-03-02T00:06:06.023000;2016-03-02T00:06:06.097000;738f6e0f-635b-42a5-acf0-9c200a49c1b0;432.84;0.02;BUY
2016-03-02T00:06:06.023000;2016-03-02T00:06:06.113000;d585117b-c0bc-49d4-bb0e-d0e01cfc9549;432.86;0.02;BUY
2016-03-02T00:06:06.027000;2016-03-02T00:06:06.113000;fb460a33-55b4-4484-a80d-c6565e441913;432.88;0.02;BUY
2016-03-02T00:06:31.403000;2016-03-02T00:06:31.500000;adf31310-fcdd-4a64-b461-e304ebfc8e04;432.89;0.012;BUY
2016-03-02T00:06:31.403000;2016-03-02T00:06:31.500000;b2b64629-9866-43c2-9fc0-91290df13d93;432.89;0.08;BUY
2016-03-02T00:06:31.403000;2016-03-02T00:06:31.530000;a550d046-775e-4fc0-b683-ee974650a374;432.9;0.02;BUY
2016-03-02T00:06:31.403000;2016-03-02T00:06:31.530000;704fde33-c0f7-4f53-a59b-cf9b1378bf3a;432.92;0.012;BUY
2016-03-02T00:06:31.403000;2016-03-02T00:06:31.530000;0fadf0b2-89df-4291-8bd5-815902eb9dea;432.92;0.02;BUY
2016-03-02T00:06:31.403000;2016-03-02T00:06:31.530000;9c9ac09b-0832-436a-b98e-71304aaa39e8;432.93;0.012;BUY
2016-03-02T00:06:31.403000;2016-03-02T00:06:31.550000;727ea435-28c7-40be-b94f-aa9d9173aad7;432.94;0.07371;BUY
2016-03-02T00:07:01.647000;2016-03-02T00:07:01.700000;914926e7-30d5-4ee3-a4da-82e7126fe323;432.93;0.394;BUY
2016-03-02T00:07:01.647000;2016-03-02T00:07:01.740000;9ee60f7d-a5e4-4357-8b9e-67850ad66074;432.94;0.11575;BUY
2016-03-02T00:07:31.323000;2016-03-02T00:07:31.380000;6145fc9a-fa2a-410e-a8df-fbd922a1e938;432.93;0.395;BUY
2016-03-02T00:07:31.327000;2016-03-02T00:07:31.417000;31aa2131-8781-4bd4-bbdf-a49fc63917ee;432.94;2.13633;BUY
2016-03-02T00:07:59.953000;2016-03-02T00:08:00.003000;4def392e-ddb2-4c8a-aaa8-c2410c1a21a6;432.92;0.363;BUY
2016-03-02T00:07:59.953000;2016-03-02T00:08:00.020000;5bda6db4-08ab-4919-929c-aab370565341;432.92;0.15;BUY
2016-03-02T00:07:59.953000;2016-03-02T00:08:00.040000;de1f1e7c-24d9-4e42-8785-9a9f41db60b8;432.93;3.918;BUY
2016-03-02T00:07:59.953000;2016-03-02T00:08:00.040000;cbd28c51-f1a5-405c-acb4-376046a45a50;432.94;2.97621;BUY
2016-03-02T00:07:59.953000;2016-03-02T00:08:00.040000;1ff9e42a-86b5-4335-8c84-4f11c5b68070;432.94;0.02;BUY
2016-03-02T00:07:59.953000;2016-03-02T00:08:00.040000;942ecae1-9bf1-4c05-a57c-0b61ee0694bf;432.96;0.02;BUY
2016-03-02T00:07:59.953000;2016-03-02T00:08:00.040000;bffe530f-d6b8-4b34-a901-dc33913fd0b8;432.97;0.343;BUY
2016-03-02T00:07:59.953000;2016-03-02T00:08:00.040000;d1a6c520-1e91-4e40-ba39-4f95cda36122;432.98;0.02;BUY
2016-03-02T00:07:59.957000;2016-03-02T00:08:00.040000;c654a922-a61d-4310-934e-5e2ec2d0eeaa;433.0;0.02;BUY
2016-03-02T00:07:59.957000;2016-03-02T00:08:00.090000;f8902520-3642-4650-b2bd-7fdef7265179;433.02;0.02;BUY
2016-03-02T00:07:59.957000;2016-03-02T00:08:00.090000;8a2060a0-c189-4de1-9dfe-b6c637a71d5e;433.02;0.358;BUY
2016-03-02T00:07:59.957000;2016-03-02T00:08:00.090000;ff8b1332-c422-4b8a-8d43-7f56971793d9;433.03;0.012;BUY
2016-03-02T00:07:59.957000;2016-03-02T00:08:00.117000;94f70bed-abf4-4c14-9fe4-b9de1c543ce2;433.04;0.012;BUY
2016-03-02T00:07:59.957000;2016-03-02T00:08:00.117000;691ab98e-4983-48d2-bc81-c73213b00791;433.04;0.02;BUY
2016-03-02T00:07:59.957000;2016-03-02T00:08:00.117000;e2d406eb-d5d3-4087-9887-12ef8a33ec80;433.06;0.02;BUY
2016-03-02T00:07:59.957000;2016-03-02T00:08:00.117000;162dbf68-937f-4455-9853-3e02614b0012;433.07;0.337;BUY
2016-03-02T00:07:59.957000;2016-03-02T00:08:00.117000;85ae82ba-5dc0-48c6-86c6-0b2f1c89c953;433.08;0.02;BUY
2016-03-02T00:07:59.957000;2016-03-02T00:08:00.133000;a67d5c00-3788-4797-b090-db7c53a0d14c;433.1;1.77106;BUY
2016-03-02T00:07:59.957000;2016-03-02T00:08:00.133000;9aafd106-cfb2-4cdb-90aa-81e4d6b871cd;433.1;0.02;BUY
2016-03-02T00:07:59.957000;2016-03-02T00:08:00.133000;5b12d430-bf06-4031-a9b5-cb8a9e27aa94;433.11;0.01;BUY
2016-03-02T00:07:59.957000;2016-03-02T00:08:00.133000;0c206d2a-04c8-40b0-8d08-c7422709da6d;433.12;0.02;BUY
2016-03-02T00:07:59.957000;2016-03-02T00:08:00.133000;e5fff8da-da40-4bd7-bff5-f82d482fc2fe;433.13;0.395;BUY
2016-03-02T00:07:59.957000;2016-03-02T00:08:00.133000;b857ff63-9502-4d10-9a07-1fbb05a9efa3;433.14;0.02;BUY
2016-03-02T00:07:59.957000;2016-03-02T00:08:00.133000;80f403bb-e5e7-46ba-a5f1-070c0a11a00f;433.16;0.02;BUY
2016-03-02T00:07:59.957000;2016-03-02T00:08:00.133000;821b7acd-fa91-4d1b-bfe3-d656531957c8;433.16;0.1;BUY
2016-03-02T00:07:59.957000;2016-03-02T00:08:00.150000;62979f2e-bd3a-4058-83a6-be17e13cbe09;433.18;0.02;BUY
2016-03-02T00:07:59.957000;2016-03-02T00:08:00.150000;0dd0bf1d-1558-45f5-8eab-0159e765ec7f;433.18;0.375;BUY
2016-03-02T00:08:00.237000;2016-03-02T00:08:00.293000;d44c601c-6f08-4a1e-80f8-203aea8a7b78;433.18;0.012;SELL
2016-03-02T00:08:01.427000;2016-03-02T00:08:01.490000;b5c93294-4835-4724-bb3c-4eda3146607c;433.2;0.2;BUY
2016-03-02T00:08:01.427000;2016-03-02T00:08:01.490000;dd62d329-85aa-4d62-82b1-fed1c7b634b8;433.21;0.012;BUY
2016-03-02T00:08:01.427000;2016-03-02T00:08:01.490000;a8deec63-321b-42b9-b994-4735085ed26b;433.23;0.31522837;BUY
2016-03-02T00:08:01.427000;2016-03-02T00:08:01.490000;b680f0be-8c59-434a-a757-6e994a14b8c5;433.23;0.04728426;BUY
2016-03-02T00:08:01.427000;2016-03-02T00:08:01.490000;4e4b5849-be3a-41a2-9528-b40d4631b7f8;433.23;0.366;BUY
2016-03-02T00:08:01.427000;2016-03-02T00:08:01.510000;a883e8e4-511e-4429-9917-b08d82fa7a65;433.25;0.02;BUY
2016-03-02T00:08:01.427000;2016-03-02T00:08:01.510000;7a65ea47-fa54-472c-869e-11f4734d01e1;433.25;0.1859;BUY
2016-03-02T00:08:01.427000;2016-03-02T00:08:01.510000;608a9af4-b251-4a78-a0ec-6a5aacdd546f;433.25;0.01;BUY
2016-03-02T00:08:01.427000;2016-03-02T00:08:01.520000;374135a0-3578-473b-8215-69e748869cd5;433.25;0.01;BUY
2016-03-02T00:08:01.427000;2016-03-02T00:08:01.520000;97c43e0d-0f4c-44c8-ad5a-1f4affc988ea;433.25;0.64166737;BUY
2016-03-02T00:09:01.347000;2016-03-02T00:09:01.397000;3be64323-b227-4134-9898-0daff15bbc02;433.19;0.02;SELL
2016-03-02T00:09:01.350000;2016-03-02T00:09:01.417000;dabf3507-0c9c-4c6a-98e7-7e6fb277f075;433.17;0.02;SELL
2016-03-02T00:09:01.350000;2016-03-02T00:09:01.440000;f9a832fd-c4e1-4864-8296-b601871c492b;433.13;0.02;SELL
2016-03-02T00:09:01.350000;2016-03-02T00:09:01.440000;5fb94eed-4953-4f7a-a469-ae1662f46326;433.11;0.02;SELL
2016-03-02T00:09:01.350000;2016-03-02T00:09:01.440000;e463ff32-5186-438c-a173-cc190db72f80;433.09;0.02;SELL
2016-03-02T00:09:01.350000;2016-03-02T00:09:01.440000;c6757fc3-7748-4f96-8434-8d5272d2ecf1;433.07;0.01;SELL
2016-03-02T00:09:01.350000;2016-03-02T00:09:01.440000;82685f21-742c-432e-86e5-af33261735fc;433.07;0.02;SELL
2016-03-02T00:09:01.350000;2016-03-02T00:09:01.440000;a7a3034c-f0a1-4969-8936-3bfa9485e86a;433.06;0.3;SELL
2016-03-02T00:09:01.350000;2016-03-02T00:09:01.440000;eaddd5ae-9ed1-46ae-a1e9-18655ea63342;433.05;0.02;SELL
2016-03-02T00:09:01.350000;2016-03-02T00:09:01.460000;1b9c7169-e6df-4eae-b92f-551433f72e7e;433.04;0.29678;SELL
2016-03-02T00:09:36.220000;2016-03-02T00:09:36.263000;58963609-1697-4e0a-8be0-7e67dfebeb98;433.07;0.012;SELL
2016-03-02T00:09:36.220000;2016-03-02T00:09:36.280000;bae416dc-012a-416d-b478-9a5a64142c36;433.06;0.012;SELL
2016-03-02T00:09:36.220000;2016-03-02T00:09:36.317000;01aabeee-e62c-4b52-ae61-6bd6ef3ab5e0;433.05;0.012;SELL
2016-03-02T00:09:36.220000;2016-03-02T00:09:36.317000;cbbc9ef1-4431-48e3-b60b-d653829fda2d;433.04;6.91699;SELL
2016-03-02T00:10:01.420000;2016-03-02T00:10:01.473000;080cbe99-2af7-4a84-b974-2f92bde56191;433.03;0.02;SELL
2016-03-02T00:10:01.420000;2016-03-02T00:10:01.473000;9ab22976-d90f-4a0e-bd01-558773ee2760;433.03;0.00047;SELL
2016-03-02T00:10:31.470000;2016-03-02T00:10:31.510000;3d26e41d-052b-4286-9c41-db41b7eaaa09;433.01;0.02;SELL
2016-03-02T00:10:31.470000;2016-03-02T00:10:31.530000;26167876-9d0a-4810-b505-d1f5936870e6;433.01;0.14844;SELL
2016-03-02T00:11:07.903000;2016-03-02T00:11:07.947000;4d4312bb-bd5f-459a-969b-51797fb75520;433.06;0.02;BUY
2016-03-02T00:11:07.903000;2016-03-02T00:11:07.963000;abe67a22-558b-4b14-bf23-89bb69b2627c;433.06;0.121;BUY
2016-03-02T00:11:07.907000;2016-03-02T00:11:07.987000;7fc08843-ea56-476a-8b2f-8db8b5d9343d;433.07;0.45;BUY
2016-03-02T00:11:07.907000;2016-03-02T00:11:07.987000;8c17b4df-cdbe-4345-ba8b-72dd6c530c8f;433.08;0.02;BUY
2016-03-02T00:11:07.907000;2016-03-02T00:11:07.987000;9af4e248-30e3-4f59-b19d-7f32ae14e83e;433.08;0.80782;BUY
2016-03-02T00:11:31.367000;2016-03-02T00:11:31.447000;1e2795e0-ffec-4617-b07f-611007f74e4e;433.01;0.019;SELL
2016-03-02T00:12:03.713000;2016-03-02T00:12:03.750000;605a5c32-21cf-4454-a7bc-0ae73430beec;433.08;0.01;BUY
2016-03-02T00:12:03.713000;2016-03-02T00:12:03.777000;f24b39ac-4449-4d1e-809c-7465ee74af73;433.09;0.0403;BUY
2016-03-02T00:12:31.293000;2016-03-02T00:12:31.330000;b8dadbde-95d9-4d7c-9bea-b1c8a6d04e33;433.1;0.02;BUY
2016-03-02T00:12:31.293000;2016-03-02T00:12:31.353000;3afa1b46-7b22-45cb-af80-1f0e35c70246;433.1;0.18796;BUY
2016-03-02T00:13:01.350000;2016-03-02T00:13:01.380000;2ac1613a-278b-4f9e-84d9-50c495716df9;433.03;0.02;SELL
2016-03-02T00:13:01.350000;2016-03-02T00:13:01.397000;3e172485-ca8a-43bb-b7c2-e4bcd4cf1c92;433.03;0.01503;SELL
2016-03-02T00:13:31.343000;2016-03-02T00:13:31.410000;d96eb367-d104-48f1-b2f9-5ffedd76a5a0;433.08;0.02;BUY
2016-03-02T00:13:31.343000;2016-03-02T00:13:31.430000;ba71f2e1-8042-4734-b26c-68893cac6a91;433.12;0.02;BUY
2016-03-02T00:13:31.343000;2016-03-02T00:13:31.430000;d7ace44b-9a4c-40d2-8ae0-e8dedab42f1c;433.14;0.02;BUY
2016-03-02T00:13:31.343000;2016-03-02T00:13:31.457000;c534d4b1-be00-4448-835a-44c4cdb137b6;433.16;0.02;BUY
2016-03-02T00:13:31.343000;2016-03-02T00:13:31.457000;f1794b43-a3f5-4a45-9162-659c56a4d9d3;433.18;0.02;BUY
2016-03-02T00:13:31.343000;2016-03-02T00:13:31.457000;628bc0f6-5303-4b00-8615-3f7eab663ae8;433.2;0.16744;BUY
2016-03-02T00:13:31.343000;2016-03-02T00:13:31.457000;a3217b2e-8fb2-468c-8447-8d27c3a66617;433.21;0.012;BUY
2016-03-02T00:13:31.343000;2016-03-02T00:13:31.470000;eb40b7a9-8732-4464-93e1-e4f353d3e1ce;433.21;0.3;BUY
2016-03-02T00:13:31.343000;2016-03-02T00:13:31.473000;bb5bc295-fcd5-442d-aef0-6d683ff880b1;433.22;0.012;BUY
2016-03-02T00:13:31.343000;2016-03-02T00:13:31.473000;1f12622e-7fd1-401a-aa1c-0dde3c274b14;433.22;0.02;BUY
2016-03-02T00:13:31.343000;2016-03-02T00:13:31.473000;1d25860f-5bbf-4302-9d7d-52d297400b2e;433.22;2.10528;BUY
2016-03-02T00:14:02.550000;2016-03-02T00:14:02.583000;cd468225-f1d9-44a9-9586-93d41e5d480e;433.23;0.01;BUY
2016-03-02T00:14:02.550000;2016-03-02T00:14:02.603000;20510cfc-a92a-4390-a4ff-d812a789bc71;433.24;0.02;BUY
2016-03-02T00:14:02.550000;2016-03-02T00:14:02.637000;f1ab26a5-b6d4-48d8-8d69-3d8212499f0d;433.25;0.01410988;BUY
2016-03-02T00:14:02.550000;2016-03-02T00:14:02.637000;6f159008-d3fb-4b3d-8c40-e70f1fb129f3;433.25;0.75;BUY
2016-03-02T00:14:02.550000;2016-03-02T00:14:02.637000;da4b6a24-b4f2-43c6-9932-38e4951681c7;433.26;5.197;BUY
2016-03-02T00:14:02.550000;2016-03-02T00:14:02.637000;d4a2329c-903e-4fbf-b10a-b582ba2af382;433.28;0.02;BUY
2016-03-02T00:14:02.550000;2016-03-02T00:14:02.637000;76207222-21c7-49e2-9518-bea84d4b95aa;433.29;0.02;BUY
2016-03-02T00:14:02.550000;2016-03-02T00:14:02.637000;a8a49215-af5a-4c18-97e6-32fa8651ba85;433.3;0.01874132;BUY
2016-03-02T00:14:02.553000;2016-03-02T00:14:02.660000;2d486519-b086-40db-97ac-7068beaa1756;433.31;5.285;BUY
2016-03-02T00:14:02.553000;2016-03-02T00:14:02.660000;dc9b8f9e-bd9b-4787-a485-7237aede72e7;433.33;0.36252336;BUY
2016-03-02T00:14:02.553000;2016-03-02T00:14:02.660000;8d23c210-d8a6-4ba9-a0b7-e8188585c27b;433.34;4.65;BUY
2016-03-02T00:14:02.553000;2016-03-02T00:14:02.660000;ca15e306-0dad-4fc5-a546-79cb557f4d38;433.35;0.02;BUY
2016-03-02T00:14:02.553000;2016-03-02T00:14:02.660000;0ead3a06-db03-43a4-9a7f-4a14bf92e7ab;433.37;6.69308544;BUY
2016-03-02T00:14:31.367000;2016-03-02T00:14:31.413000;5d264573-9a53-4c85-90b6-0097beb6148f;433.32;0.012;BUY
2016-03-02T00:14:31.367000;2016-03-02T00:14:31.413000;9f90b703-98ba-4604-b324-9a5c25c1c678;433.32;0.228;BUY
2016-03-02T00:14:31.367000;2016-03-02T00:14:31.440000;be7b631d-7329-49e1-95ed-213ebe2dd429;433.36;0.92761;BUY
2016-03-02T00:15:01.400000;2016-03-02T00:15:01.430000;64519fca-d052-4005-907e-8f02017a4419;433.35;0.01;BUY
2016-03-02T00:15:01.400000;2016-03-02T00:15:01.450000;58c382bc-f663-442e-95d9-d480213e1cb6;433.35;0.01;BUY
2016-03-02T00:15:01.400000;2016-03-02T00:15:01.467000;6571ad86-1fac-47db-96eb-7b610fe56d59;433.35;0.226;BUY
2016-03-02T00:15:01.400000;2016-03-02T00:15:01.467000;7b2043ad-d44c-4b4c-ad1c-a2fc36ff7239;433.36;1.56524;BUY
2016-03-02T00:15:31.900000;2016-03-02T00:15:31.927000;b9d067f7-f5b3-4218-8f76-fd6809ab171a;433.35;0.01;BUY
2016-03-02T00:15:31.900000;2016-03-02T00:15:31.940000;7cc9370e-3c4a-422a-87fd-f71043b451a8;433.35;0.088;BUY
2016-03-02T00:15:31.900000;2016-03-02T00:15:31.960000;01087eb7-0aa5-4d06-92f1-5552cbb7b64a;433.38;0.02;BUY
2016-03-02T00:15:31.900000;2016-03-02T00:15:31.960000;73bed779-31de-4dfa-b2f0-55cf0f8a726a;433.4;0.124;BUY
2016-03-02T00:15:31.900000;2016-03-02T00:15:31.977000;370cfaec-4adc-4809-b8cc-4ca0bec0c4df;433.42;0.1192;BUY
2016-03-02T00:15:58.970000;2016-03-02T00:15:58.997000;d7a101f0-2e52-4cc6-9df6-dc795cd7f705;433.4;0.01;BUY
2016-03-02T00:15:58.973000;2016-03-02T00:15:59.020000;b41955f5-247b-4a62-9c75-b3e9992573b7;433.4;0.038;BUY
2016-03-02T00:16:01.340000;2016-03-02T00:16:01.403000;0c4eb7d6-fb94-4731-8c02-ede6c2378270;433.41;0.012;BUY
2016-03-02T00:16:01.340000;2016-03-02T00:16:01.403000;7535aaa4-b86c-4065-8db1-f62b7c138867;433.41;0.197;BUY
2016-03-02T00:16:01.340000;2016-03-02T00:16:01.403000;f0e815d3-f796-44d3-a629-5a095dbb2439;433.42;0.40661;BUY
2016-03-02T00:16:11.987000;2016-03-02T00:16:12.007000;1f3c2969-8144-48e6-bff3-17094cc92167;433.4;0.01;BUY
2016-03-02T00:16:11.987000;2016-03-02T00:16:12.023000;d3e93086-c638-4870-9e00-a815f65afb7f;433.41;0.04;BUY
2016-03-02T00:16:14.823000;2016-03-02T00:16:14.847000;bb78586f-f9d1-4ad3-a98b-a46c8699fc4a;433.4;0.01;BUY
2016-03-02T00:16:14.823000;2016-03-02T00:16:14.863000;7d460d72-906c-4025-9871-64eb3a030550;433.42;0.05;BUY
2016-03-02T00:16:31.573000;2016-03-02T00:16:31.593000;dcd40534-caee-473c-8370-6a2b960c4396;433.35;0.02;SELL
2016-03-02T00:16:31.573000;2016-03-02T00:16:31.620000;b2a610d0-9bec-4595-bd99-445b462b0aa3;433.35;0.1072;SELL
2016-03-02T00:17:04.980000;2016-03-02T00:17:05.000000;19f01d8e-6359-40ff-85bb-46dba2669d6a;433.4;0.02;BUY
2016-03-02T00:17:04.983000;2016-03-02T00:17:05.017000;76a18fa8-dc04-4225-8682-20abe18a3533;433.4;0.02649;BUY
2016-03-02T00:17:08.690000;2016-03-02T00:17:08.710000;9f5c43c5-314f-4c1e-8a49-4e7656b12ce0;433.42;0.01;BUY
2016-03-02T00:17:56.373000;2016-03-02T00:17:56.450000;0fabe88f-1d91-46ca-9885-4a1cd3df46c3;433.41;0.02517091;BUY
2016-03-02T00:17:58.033000;2016-03-02T00:17:58.090000;81702720-4769-4c09-b8da-ba448d7c2fce;433.35;0.0392;SELL
2016-03-02T00:18:04.157000;2016-03-02T00:18:04.230000;ca4bca19-160a-4b27-8e18-270917a78bbe;433.41;0.153;BUY
2016-03-02T00:18:04.157000;2016-03-02T00:18:04.250000;3a2f9fd3-9300-4d89-802e-3cb8469074ad;433.42;0.41419;BUY
2016-03-02T00:18:04.157000;2016-03-02T00:18:04.250000;55c0f8a6-b33a-4df0-9d82-135f1b2bc37a;433.42;1.44539;BUY
2016-03-02T00:18:31.427000;2016-03-02T00:18:31.483000;d7cc00ef-2bca-4098-ad0a-289faf6dc196;433.42;0.01823;BUY
2016-03-02T00:19:06.857000;2016-03-02T00:19:06.920000;087cf050-792d-43e7-87a0-c788ac6ea987;433.37;0.31914;BUY
2016-03-02T00:19:17.517000;2016-03-02T00:19:17.567000;7e2abc38-181e-4952-a552-2c1b06aad4cc;433.37;0.05082909;BUY
2016-03-02T00:19:25.547000;2016-03-02T00:19:25.600000;2f55f11f-c73c-4653-ae4a-acd09654dcf5;433.36;1.22360287;BUY
2016-03-02T00:19:25.583000;2016-03-02T00:19:25.637000;4042c0ec-48ba-4aef-945d-c784e478d538;433.36;0.08547183;BUY
2016-03-02T00:19:31.973000;2016-03-02T00:19:32.027000;9a6490e0-479f-4960-85ac-055f0caf0074;433.35;0.02;SELL
2016-03-02T00:19:31.973000;2016-03-02T00:19:32.067000;fb171456-a204-48c0-9688-ec01a3930617;433.35;0.091;SELL
2016-03-02T00:19:31.973000;2016-03-02T00:19:32.067000;6fc6cee1-7f43-4503-a245-9594890d28fb;433.33;0.02;SELL
2016-03-02T00:19:31.973000;2016-03-02T00:19:32.067000;5b73c52b-a286-435e-b3e1-ef7d09e6285a;433.32;0.012;SELL
2016-03-02T00:19:31.973000;2016-03-02T00:19:32.067000;a40462f0-4d1b-4205-ab4e-8c69d4542a57;433.31;0.02;SELL
2016-03-02T00:19:31.973000;2016-03-02T00:19:32.067000;eafa119f-2d3a-4656-a007-d50ed7e1cfc8;433.3;0.073;SELL
2016-03-02T00:19:31.973000;2016-03-02T00:19:32.067000;a23ce42c-645e-45e9-880c-d444c64c7f85;433.29;0.02;SELL
2016-03-02T00:19:31.973000;2016-03-02T00:19:32.067000;2368b96b-0128-4e78-94de-cc7abbf6acb3;433.28;0.02342;SELL
2016-03-02T00:19:58.127000;2016-03-02T00:19:58.180000;f782f578-77c1-4991-9746-48bbdef6a6a2;433.34;0.02;BUY
2016-03-02T00:19:58.127000;2016-03-02T00:19:58.200000;d087366b-3986-47aa-b5db-3b44c1a493cf;433.36;0.28614675;BUY
2016-03-02T00:20:01.400000;2016-03-02T00:20:01.473000;6da4c621-85c5-4746-8f07-588db7f8de53;433.36;0.0803;BUY
2016-03-02T00:20:31.390000;2016-03-02T00:20:31.443000;94c69286-54b6-4c21-bbd0-30d14523ae11;433.33;1.24661;BUY
2016-03-02T00:21:01.543000;2016-03-02T00:21:01.600000;470c45d6-f7dd-46c0-a3fb-90acc46f81fa;433.29;0.02;SELL
2016-03-02T00:21:01.543000;2016-03-02T00:21:01.617000;243b5d52-ccfe-4e13-999a-902071ba1557;433.27;0.02;SELL
2016-03-02T00:21:01.543000;2016-03-02T00:21:01.677000;2d391c23-5df9-4725-aaa3-b1d8c87d05ce;433.27;0.01;SELL
2016-03-02T00:21:01.543000;2016-03-02T00:21:01.677000;274603a0-a034-4426-a9d7-6066cf074a59;433.27;0.01;SELL
2016-03-02T00:21:01.543000;2016-03-02T00:21:01.677000;e5633cd8-407f-4475-8a99-a2d8fbf0f8be;433.27;0.01;SELL
2016-03-02T00:21:01.543000;2016-03-02T00:21:01.693000;bc48f362-57a7-48f5-8898-f9d8e96189cf;433.27;0.124;SELL
2016-03-02T00:21:01.543000;2016-03-02T00:21:01.693000;df95019f-2feb-4379-8a3c-77b59980f9f1;433.25;0.02;SELL
2016-03-02T00:21:01.543000;2016-03-02T00:21:01.693000;db04ba99-2b39-491c-8cc8-d53c92680720;433.25;0.0115;SELL
2016-03-02T00:21:01.543000;2016-03-02T00:21:01.693000;cb67e515-0fdf-48ee-9de7-6dd6ff260008;433.23;0.02;SELL
2016-03-02T00:21:01.543000;2016-03-02T00:21:01.693000;3792c751-67c2-4721-bff1-66d97543cba5;433.23;0.14;SELL
2016-03-02T00:21:01.543000;2016-03-02T00:21:01.743000;4fee07eb-cafb-4ebc-8878-4e698d05787f;433.22;0.01;SELL
2016-03-02T00:21:01.543000;2016-03-02T00:21:01.747000;899679d7-586d-420d-bf8f-3a5e60a65b16;433.21;0.02;SELL
2016-03-02T00:21:01.543000;2016-03-02T00:21:01.747000;502a009f-a806-4973-a2aa-4b1f923784c9;433.2;0.063;SELL
2016-03-02T00:21:01.547000;2016-03-02T00:21:01.747000;1a7b7c32-ca23-41be-b5ff-f2faa6b8d0cb;433.19;0.02;SELL
2016-03-02T00:21:01.547000;2016-03-02T00:21:01.747000;7a170ec1-b5e7-4980-afe4-a303c512100d;433.19;0.121;SELL
2016-03-02T00:21:01.547000;2016-03-02T00:21:01.797000;7c9f4d49-bcaa-45bc-b686-e9ed9ba36348;433.18;0.012;SELL
2016-03-02T00:21:01.547000;2016-03-02T00:21:01.797000;5e048eb8-0984-435e-a959-066657c3c44b;433.17;0.02;SELL
2016-03-02T00:21:01.547000;2016-03-02T00:21:01.797000;f8b663c2-a919-4755-b6b1-2f992d853770;433.17;0.01;SELL
2016-03-02T00:21:01.547000;2016-03-02T00:21:01.797000;967539e3-4c41-4cd2-bf95-5cd1ee9c9563;433.17;0.01;SELL
2016-03-02T00:21:01.547000;2016-03-02T00:21:01.797000;575236be-d749-45ab-a72b-17dcb1bc4822;433.14;0.078;SELL
2016-03-02T00:21:01.547000;2016-03-02T00:21:01.797000;b718fae5-8e80-41c1-8a78-71910737ce4d;433.13;0.02;SELL
2016-03-02T00:21:01.547000;2016-03-02T00:21:01.797000;1741f10e-2eef-4f27-b828-dd132db3ecc0;433.11;0.02;SELL
2016-03-02T00:21:01.547000;2016-03-02T00:21:01.797000;dd9eb3df-df36-4c3d-8b8d-35550d9eebdb;433.1;0.01;SELL
2016-03-02T00:21:01.547000;2016-03-02T00:21:01.797000;33467a3c-8154-449d-bdcf-b6acb606f3d0;433.09;0.02;SELL
2016-03-02T00:21:01.547000;2016-03-02T00:21:01.817000;02cb65e9-ff16-465c-b321-fc86448e763a;433.09;0.08;SELL
2016-03-02T00:21:01.547000;2016-03-02T00:21:01.817000;37095689-f7e8-4864-a080-fbb190db0482;433.08;0.1674;SELL
2016-03-02T00:21:01.547000;2016-03-02T00:21:01.817000;f3ae99ef-ad21-4eb0-bb0e-673c9efd4358;433.08;0.1;SELL
2016-03-02T00:21:01.547000;2016-03-02T00:21:01.817000;c37d4760-5fc9-4cdd-baa5-f943c7937b69;433.07;0.02;SELL
2016-03-02T00:21:01.547000;2016-03-02T00:21:01.817000;bca9a7fa-8c77-4934-8304-e206ac25680f;433.06;0.32;SELL
2016-03-02T00:21:01.550000;2016-03-02T00:21:01.833000;a8e00b79-fe92-486a-82b2-24231ae86a09;433.05;0.02;SELL
2016-03-02T00:21:01.550000;2016-03-02T00:21:01.920000;ec76b174-5490-4259-9481-fa56a66fe4f7;433.04;1.44;SELL
2016-03-02T00:21:01.550000;2016-03-02T00:21:01.920000;3bd151cd-d4c1-439c-b16e-fd6d2b88b188;433.03;0.02;SELL
2016-03-02T00:21:01.550000;2016-03-02T00:21:01.920000;6b82ed75-2ad0-4597-b94b-a06dc0294130;433.02;0.23874;SELL
2016-03-02T00:21:31.483000;2016-03-02T00:21:31.547000;e8665bfa-e970-42ba-aa4c-d5883fdb56a2;433.08;0.02;BUY
2016-03-02T00:21:31.483000;2016-03-02T00:21:31.547000;d7eafa08-ecf8-4bda-88ff-71ffd39a1dc9;433.08;0.525;BUY
2016-03-02T00:21:31.483000;2016-03-02T00:21:31.547000;890ce18e-a7c9-47f2-98fe-ff575f97f6b0;433.1;0.02;BUY
2016-03-02T00:21:31.483000;2016-03-02T00:21:31.547000;10a9adac-977b-4da4-b277-155e9fa09473;433.11;0.96;BUY
2016-03-02T00:21:31.483000;2016-03-02T00:21:31.593000;b03386e7-55b2-481a-979b-5f274c219d09;433.12;0.02;BUY
2016-03-02T00:21:31.483000;2016-03-02T00:21:31.593000;c9d1e818-db36-49c6-beb0-940fa342a43c;433.13;1.63393;BUY
2016-03-02T00:22:01.227000;2016-03-02T00:22:01.293000;4ac13547-ae8a-4454-ab12-50e38da0866c;433.07;0.02;SELL
2016-03-02T00:22:01.227000;2016-03-02T00:22:01.310000;d62b982e-5980-4eb6-9be2-a3ad9057b585;433.07;0.077;SELL
2016-03-02T00:22:01.227000;2016-03-02T00:22:01.310000;37677cde-090f-40cc-af4c-cbd5a3ec893e;433.06;0.012;SELL
2016-03-02T00:22:01.537000;2016-03-02T00:22:01.667000;89f483b3-3f1b-48e9-b1a5-b41fd69f7057;433.06;2.56902;BUY
2016-03-02T00:22:31.483000;2016-03-02T00:22:31.550000;eb500503-dffd-40bd-a132-5cf2229aae08;433.05;0.012;SELL
2016-03-02T00:22:31.483000;2016-03-02T00:22:31.550000;38262a02-d820-4448-a458-62a3d1f8ada9;433.05;0.02;SELL
2016-03-02T00:22:31.483000;2016-03-02T00:22:31.593000;7584070c-7985-4652-bcef-d6a4202c6ff7;433.05;0.103;SELL
2016-03-02T00:22:31.483000;2016-03-02T00:22:31.593000;52194ec7-b588-4a83-9d1c-a7828252b103;433.04;0.012;SELL
2016-03-02T00:22:31.483000;2016-03-02T00:22:31.593000;3a3c5ad0-2bc9-4607-9d0a-9652fc6de527;433.03;0.012;SELL
2016-03-02T00:22:31.483000;2016-03-02T00:22:31.593000;1f19422d-fe3a-48ff-a866-4becd4d4b9bb;433.03;0.02;SELL
2016-03-02T00:22:31.483000;2016-03-02T00:22:31.593000;e710c85e-a37f-4886-8d17-24e6ab9d4f27;433.01;0.02;SELL
2016-03-02T00:22:31.483000;2016-03-02T00:22:31.617000;4a28612f-69ed-4896-8cc8-5ba53adedd0c;433.0;0.0115;SELL
2016-03-02T00:22:31.483000;2016-03-02T00:22:31.617000;1c127562-13b4-462d-85ed-5d72eb576eea;433.0;0.077;SELL
2016-03-02T00:22:31.483000;2016-03-02T00:22:31.617000;8b7b643f-9b72-484b-8916-1d40893fc1a2;432.99;0.02;SELL
2016-03-02T00:22:31.483000;2016-03-02T00:22:31.617000;bdfbf05b-b64f-48c8-a64e-9d95735bb874;432.97;0.02;SELL
2016-03-02T00:22:31.483000;2016-03-02T00:22:31.633000;3b9f0bb1-161b-4f7b-a90e-192dc79748f8;432.95;0.02;SELL
2016-03-02T00:22:31.487000;2016-03-02T00:22:31.633000;09dc4969-6e4f-4c95-95c3-57577f0d581c;432.95;0.1861;SELL
2016-03-02T00:22:31.487000;2016-03-02T00:22:31.633000;f9dc0d07-3d0b-4b00-be31-e372bd60fe12;432.95;0.128;SELL
2016-03-02T00:22:31.487000;2016-03-02T00:22:31.633000;096ff960-e3a0-4a88-b923-81b6ac9bf98b;432.93;0.02;SELL
2016-03-02T00:22:31.487000;2016-03-02T00:22:31.687000;1dd0f4ee-a545-4467-af2d-12d39f3eee42;432.93;0.01;SELL
2016-03-02T00:22:31.487000;2016-03-02T00:22:31.687000;ae59b7b7-ab19-40dc-aeca-e621c5b58672;432.91;0.02;SELL
2016-03-02T00:22:31.487000;2016-03-02T00:22:31.687000;296595dc-c953-47e8-876d-ded814236960;432.9;0.01;SELL
2016-03-02T00:22:31.487000;2016-03-02T00:22:31.687000;ba6e0386-3078-446f-a885-ad72f337b013;432.9;0.121;SELL
2016-03-02T00:22:31.487000;2016-03-02T00:22:31.707000;a0785eed-4cd8-4435-926c-c537b317a55f;432.89;0.02;SELL
2016-03-02T00:22:31.487000;2016-03-02T00:22:31.707000;688f507f-df61-4830-81b2-4cd318c0ae35;432.88;0.012;SELL
2016-03-02T00:22:31.487000;2016-03-02T00:22:31.707000;6a1033ce-4b13-4d10-ae9e-236c79fbb2bc;432.87;0.02;SELL
2016-03-02T00:22:31.487000;2016-03-02T00:22:31.723000;55716c30-351f-48aa-83c7-07b654633df3;432.86;1.44;SELL
2016-03-02T00:22:31.487000;2016-03-02T00:22:31.743000;563e35ff-458a-4609-b9a2-ef6b6771260f;432.85;0.02;SELL
2016-03-02T00:22:31.487000;2016-03-02T00:22:31.743000;b9bb725e-bdd5-44e1-a48c-457131977b21;432.85;0.108;SELL
2016-03-02T00:22:31.487000;2016-03-02T00:22:31.743000;7f4b8a51-9aa2-4d16-881b-239e378c7a8b;432.84;2.08;SELL
2016-03-02T00:22:31.487000;2016-03-02T00:22:31.743000;ed354d9c-2b1d-48cd-ae6c-dcce5b761f5e;432.83;0.02;SELL
2016-03-02T00:22:31.490000;2016-03-02T00:22:31.743000;616c443e-e5e7-460c-924d-c66adedc9059;432.82;0.52841;SELL
2016-03-02T00:23:01.427000;2016-03-02T00:23:01.480000;7f9a0f9f-c339-4067-8022-3a6edf0ddf83;432.88;0.02;BUY
2016-03-02T00:23:01.427000;2016-03-02T00:23:01.507000;2e53ebee-0d5d-46d0-93fb-57d2bb075b08;432.9;0.02;BUY
2016-03-02T00:23:01.427000;2016-03-02T00:23:01.507000;651488ba-a872-4726-95eb-206fd010ed8f;432.92;0.02;BUY
2016-03-02T00:23:01.430000;2016-03-02T00:23:01.507000;adb9517e-0c3b-4265-b068-65dfe8269eef;432.94;0.02;BUY
2016-03-02T00:23:01.430000;2016-03-02T00:23:01.533000;6907d5c4-501c-41d5-8118-5873eb1f5fa5;432.96;0.02;BUY
2016-03-02T00:23:01.430000;2016-03-02T00:23:01.553000;16f1087b-7c92-4f8d-bcb4-c8b91e4a94bc;432.98;0.02;BUY
2016-03-02T00:23:01.430000;2016-03-02T00:23:01.553000;86704453-9a7f-4e3e-9a07-3ae22e973b67;432.99;0.3;BUY
2016-03-02T00:23:01.430000;2016-03-02T00:23:01.570000;60d63f47-d4f4-4d05-a968-288b86000cb0;433.0;0.02;BUY
2016-03-02T00:23:01.430000;2016-03-02T00:23:01.570000;e7dd6e81-254d-4288-8383-8aa0555a60f2;433.02;0.02;BUY
2016-03-02T00:23:01.430000;2016-03-02T00:23:01.570000;a41ce812-9ca5-417a-845b-c642bf87b97b;433.04;0.02;BUY
2016-03-02T00:23:01.430000;2016-03-02T00:23:01.570000;18c54c28-33c9-4a2d-b71a-50e3fd988bbd;433.05;0.01;BUY
2016-03-02T00:23:01.430000;2016-03-02T00:23:01.570000;a44a07c7-cd35-4df3-8257-a62a43142bdc;433.06;0.02;BUY
2016-03-02T00:23:01.430000;2016-03-02T00:23:01.593000;01a93832-a4d0-4ecc-ba82-7bc159089532;433.08;0.02;BUY
2016-03-02T00:23:01.430000;2016-03-02T00:23:01.593000;6d9fc536-b40e-4f21-805f-d4bd4cc2c85e;433.09;0.012;BUY
2016-03-02T00:23:01.430000;2016-03-02T00:23:01.597000;a3a3ab78-a113-4610-9517-ba308a1e5678;433.1;0.012;BUY
2016-03-02T00:23:01.430000;2016-03-02T00:23:01.617000;28662bf0-bd88-4f0e-aa1e-395c896a6ecf;433.1;0.02;BUY
2016-03-02T00:23:01.430000;2016-03-02T00:23:01.633000;e6ad6ffa-824c-476a-b401-aa464be66b21;433.11;0.012;BUY
2016-03-02T00:23:01.430000;2016-03-02T00:23:01.633000;8e7a7569-6305-427a-a9c2-6ec77e20a877;433.12;0.02;BUY
2016-03-02T00:23:01.430000;2016-03-02T00:23:01.657000;d9f2264b-5de3-49e3-bc6e-aa5be2d8bd33;433.14;0.02;BUY
2016-03-02T00:23:01.430000;2016-03-02T00:23:01.657000;bf8c2550-d819-49ff-8ad1-c77020ae6526;433.14;0.1;BUY
2016-03-02T00:23:01.430000;2016-03-02T00:23:01.657000;db67d5e8-bd20-4ea4-8e3f-7d69a56c2cb2;433.16;0.02;BUY
2016-03-02T00:23:01.430000;2016-03-02T00:23:01.657000;1e2545d6-91b1-46df-b2cd-d5e36a9dd9e1;433.17;0.64;BUY
2016-03-02T00:23:01.430000;2016-03-02T00:23:01.657000;7802573b-28cb-47b8-9670-4a33fe7f17e1;433.18;0.02;BUY
2016-03-02T00:23:01.433000;2016-03-02T00:23:01.673000;ff9f68c9-8ed3-4b5e-826f-de0f632fb2d4;433.18;0.64;BUY
2016-03-02T00:23:01.433000;2016-03-02T00:23:01.673000;b497dd3a-74ea-4d07-bbc7-3dcd7d368dbf;433.19;0.126;BUY
2016-03-02T00:23:01.433000;2016-03-02T00:23:01.673000;d6501602-ab03-4379-8278-bcf881b3d23a;433.21;2.56;BUY
2016-03-02T00:23:01.433000;2016-03-02T00:23:01.673000;346ba2ee-6daf-4738-8b69-f1270de4009f;433.22;0.02;BUY
2016-03-02T00:23:01.433000;2016-03-02T00:23:01.690000;3b140c26-3366-4066-829d-330b0420ce62;433.22;0.1861;BUY
2016-03-02T00:23:01.433000;2016-03-02T00:23:01.690000;0a3b26ee-236e-4f60-abc8-98c377ef7164;433.24;0.02;BUY
2016-03-02T00:23:01.433000;2016-03-02T00:23:01.690000;701d0dee-39dc-4f61-9b55-b2093e68c092;433.25;0.01;BUY
2016-03-02T00:23:01.433000;2016-03-02T00:23:01.690000;b6a250a4-4b12-48ab-a084-00089f84bdda;433.25;0.96;BUY
2016-03-02T00:23:01.433000;2016-03-02T00:23:01.743000;0c0bc4f0-0125-4af0-9170-275d12c73d1c;433.26;0.02;BUY
2016-03-02T00:23:01.433000;2016-03-02T00:23:01.743000;bfdc57e2-0720-4d23-bad0-6c7071733c05;433.26;0.07585;BUY
2016-03-02T00:23:26.003000;2016-03-02T00:23:26.057000;3bd006fc-b7da-4f93-a47f-53fbcec90cb5;433.04;0.012;BUY
2016-03-02T00:23:26.007000;2016-03-02T00:23:26.057000;760744ab-b403-4e29-8138-a29ea5984712;433.04;0.012;BUY
2016-03-02T00:23:26.007000;2016-03-02T00:23:26.110000;3de65918-9073-47c6-9d63-a47e4172d090;433.05;0.01;BUY
2016-03-02T00:23:26.007000;2016-03-02T00:23:26.113000;e61cd2a7-9178-4d2f-a990-d29b9d7fcea7;433.26;0.196;BUY
2016-03-02T00:23:32.113000;2016-03-02T00:23:32.157000;cfc0c992-3a45-44a4-a968-a9fd498a7f7c;433.16;0.01;BUY
2016-03-02T00:23:32.117000;2016-03-02T00:23:32.210000;9472d9ba-399e-44ee-b4c2-39609136cd5b;433.17;0.01;BUY
2016-03-02T00:23:32.117000;2016-03-02T00:23:32.210000;a96aa460-1527-4d8d-96a6-7be5d4b1989b;433.2;0.012;BUY
2016-03-02T00:23:32.117000;2016-03-02T00:23:32.210000;3c87b1a9-b69e-41f0-b85c-81c502172c30;433.22;0.012;BUY
2016-03-02T00:23:32.117000;2016-03-02T00:23:32.230000;e434cb60-ae28-4979-8684-d4cea0531518;433.23;0.02137;BUY
2016-03-02T00:23:36.673000;2016-03-02T00:23:36.743000;bc8ffde1-8e69-4d11-97fe-131c29505453;433.21;0.012;BUY
2016-03-02T00:23:36.673000;2016-03-02T00:23:36.787000;db030722-a9ae-490a-a376-04936ca27888;433.23;0.108;BUY
2016-03-02T00:24:02.187000;2016-03-02T00:24:02.270000;945e1874-933b-4a9a-8ed9-68c3af90ace0;433.18;0.012;SELL
2016-03-02T00:24:02.187000;2016-03-02T00:24:02.270000;626c0fc4-f97b-4121-ac05-6474e5b5b51a;433.18;0.104;SELL
2016-03-02T00:24:02.187000;2016-03-02T00:24:02.270000;062213ea-88af-43d8-839c-0d560eb0f7a8;433.18;0.0026;SELL
2016-03-02T00:24:08.723000;2016-03-02T00:24:08.783000;9bce8cf6-1138-4fe7-af6a-bff562089093;433.25;0.12;BUY
2016-03-02T00:24:31.947000;2016-03-02T00:24:31.987000;ae943ee8-a839-4e74-b3b7-7eb01840f64d;433.25;0.01;BUY
2016-03-02T00:24:31.947000;2016-03-02T00:24:32.037000;5ded6f7b-28bb-44f5-8304-f28bc6d3455e;433.26;0.237;BUY
2016-03-02T00:24:31.947000;2016-03-02T00:24:32.037000;aa350ba2-0f33-4dd8-945f-0749fbccb1d2;433.27;0.19602;BUY
2016-03-02T00:25:04.120000;2016-03-02T00:25:04.170000;bdb5acea-aafd-4784-b67d-2aa66caae906;433.27;0.01;BUY
2016-03-02T00:25:04.120000;2016-03-02T00:25:04.170000;1398526c-ebbe-4194-8045-728b9d14f62a;433.28;0.02;BUY
2016-03-02T00:25:04.120000;2016-03-02T00:25:04.193000;1d755e2d-c3f5-4ac8-b694-d425fe83bb5e;433.3;0.02;BUY
2016-03-02T00:25:04.120000;2016-03-02T00:25:04.210000;ac3c763a-8763-40d6-8a7a-a5e025f6941b;433.32;0.02;BUY
2016-03-02T00:25:04.120000;2016-03-02T00:25:04.210000;4adb4871-559d-4560-928a-32805c5158d9;433.34;0.02;BUY
2016-03-02T00:25:04.120000;2016-03-02T00:25:04.210000;64fbb93b-3eb4-4ee7-8664-227518e921db;433.36;0.02;BUY
2016-03-02T00:25:04.120000;2016-03-02T00:25:04.237000;90bf28cb-49d8-46c6-bf57-79c0ed87ec93;433.36;0.073;BUY
2016-03-02T00:25:04.120000;2016-03-02T00:25:04.237000;b31f858e-2c21-4254-9fe6-e49f83045c31;433.38;0.02;BUY
2016-03-02T00:25:04.120000;2016-03-02T00:25:04.240000;1d0f8062-2a2a-47f5-a24c-27b2098d6a09;433.39;0.32;BUY
2016-03-02T00:25:04.120000;2016-03-02T00:25:04.253000;c342491a-9789-4088-bac9-10f5993c8b3b;433.4;0.02;BUY
2016-03-02T00:25:04.120000;2016-03-02T00:25:04.253000;3293c4b5-96a1-4436-8d7b-d556d3d6452f;433.4;0.55554;BUY
2016-03-02T00:25:11.837000;2016-03-02T00:25:11.887000;913af068-544b-4d38-8616-077c0f572b9c;433.33;0.02;SELL
2016-03-02T00:25:11.837000;2016-03-02T00:25:11.913000;977c58b2-bf21-4bcc-b726-30361c903903;433.31;0.02;SELL
2016-03-02T00:25:11.837000;2016-03-02T00:25:11.913000;41df31cc-20ed-4c99-a3cc-50704cf0fb07;433.29;0.02;SELL
2016-03-02T00:25:12.183000;2016-03-02T00:25:12.250000;734d9454-1eec-454a-a861-5ba366c3e5ad;433.29;0.16622979;BUY
2016-03-02T00:25:29.197000;2016-03-02T00:25:29.277000;64107301-2980-4e1c-a291-feca0f4b4735;433.34;0.02;BUY
2016-03-02T00:25:29.197000;2016-03-02T00:25:29.277000;283dfa12-36f2-4802-b0ad-f7468607fe14;433.36;0.01;BUY
2016-03-02T00:25:29.197000;2016-03-02T00:25:29.297000;32a3d9fe-4d23-4dc9-adce-4eb3e8e6ee61;433.36;0.02;BUY
2016-03-02T00:25:29.197000;2016-03-02T00:25:29.297000;0884753c-16de-4c37-95ab-242b3359ef87;433.37;0.01;BUY
2016-03-02T00:25:29.213000;2016-03-02T00:25:29.350000;09275964-b396-4829-b524-ae4441f90172;433.38;0.01;BUY
2016-03-02T00:25:29.217000;2016-03-02T00:25:29.350000;9dd5649a-1962-4de5-bbe0-84d777ded0a4;433.38;0.02;BUY
2016-03-02T00:25:29.217000;2016-03-02T00:25:29.350000;9b846413-6425-40c6-8b58-4524a8f682f5;433.39;0.012;BUY
2016-03-02T00:25:29.217000;2016-03-02T00:25:29.387000;6559d89f-bd9b-40a8-b16d-e16f68581a34;433.4;0.068;BUY
2016-03-02T00:25:52.310000;2016-03-02T00:25:52.350000;dddbb611-c576-4d84-a58c-ff8e4aaee901;433.33;0.02;SELL
2016-03-02T00:25:52.310000;2016-03-02T00:25:52.367000;c5edb6b9-65cc-4435-b2c5-ae0e46887d15;433.31;0.02;SELL
2016-03-02T00:25:52.313000;2016-03-02T00:25:52.387000;3e0d8344-1db0-4084-8059-d25b4f4731d0;433.29;0.02;SELL
2016-03-02T00:26:02.723000;2016-03-02T00:26:02.797000;5e8fda03-a2e4-4080-9e15-a330a39d8857;433.28;0.012;SELL
2016-03-02T00:26:02.723000;2016-03-02T00:26:02.797000;634f2d01-eb68-447b-ae8d-bb16647d839d;433.27;0.02;SELL
2016-03-02T00:26:02.723000;2016-03-02T00:26:02.850000;a887d826-daf7-4f10-83bd-bc9ca56545de;433.25;0.02;SELL
2016-03-02T00:26:02.723000;2016-03-02T00:26:02.850000;268ed671-cb2e-4d51-afb9-c6831a253f7a;433.25;0.011;SELL
2016-03-02T00:26:02.723000;2016-03-02T00:26:02.850000;e31a01b8-abc0-4225-8679-91d860fa84f4;433.24;0.01;SELL
2016-03-02T00:26:02.723000;2016-03-02T00:26:02.850000;928c0873-4c57-4641-b07e-42779eb38a05;433.23;0.02;SELL
2016-03-02T00:26:02.723000;2016-03-02T00:26:02.850000;08c70e53-4b4a-4483-9aaa-667e87a191a5;433.23;0.012;SELL
2016-03-02T00:26:02.723000;2016-03-02T00:26:02.853000;38bb93f7-757c-4b93-ad33-e4c3a7fbe71d;433.23;0.01;SELL
2016-03-02T00:26:02.723000;2016-03-02T00:26:02.853000;485e2c27-f04c-4620-ad64-3f1a0cf6cb12;433.23;0.092;SELL
2016-03-02T00:26:02.723000;2016-03-02T00:26:02.990000;92edb3dc-80af-47b4-a00e-e470e9a036c1;433.21;0.02;SELL
2016-03-02T00:26:02.727000;2016-03-02T00:26:03.013000;cc9622d8-5d7a-4fd4-8dcd-6191f8aa3085;433.2;0.01;SELL
2016-03-02T00:26:02.727000;2016-03-02T00:26:03.013000;f7e1de2f-da59-4eac-9298-5cb5082909f6;433.18;0.02198944;SELL
2016-03-02T00:26:02.727000;2016-03-02T00:26:03.013000;d3072e6d-6c60-4a44-9809-e632d6e553c8;433.17;0.012;SELL
2016-03-02T00:26:02.727000;2016-03-02T00:26:03.030000;71ff3893-82d6-41bc-8957-86d04913a805;433.16;0.012;SELL
2016-03-02T00:26:02.727000;2016-03-02T00:26:03.030000;117cb432-d5db-4557-85d7-398a47095d65;433.15;0.012;SELL
2016-03-02T00:26:02.727000;2016-03-02T00:26:03.030000;6ee657e5-b9a8-4b38-b4f7-c2060a6acbba;433.14;0.012;SELL
2016-03-02T00:26:02.727000;2016-03-02T00:26:03.030000;746988c0-253e-4170-9dd2-cdb3d276619f;433.13;0.012;SELL
2016-03-02T00:26:02.727000;2016-03-02T00:26:03.030000;9086d5cb-efde-41ab-a8b6-69b06172c9fd;433.12;0.012;SELL
2016-03-02T00:26:02.727000;2016-03-02T00:26:03.030000;3a86590e-5f99-4d74-8451-854b1818a678;433.12;0.01;SELL
2016-03-02T00:26:02.727000;2016-03-02T00:26:03.030000;f0988ff3-3241-4818-84ee-ead71fc70933;433.11;0.012;SELL
2016-03-02T00:26:02.727000;2016-03-02T00:26:03.050000;5dd99d75-b801-47d8-a74f-b73a68371da5;433.11;0.139;SELL
2016-03-02T00:26:02.727000;2016-03-02T00:26:03.050000;f508aa2a-7e80-4612-88f5-54f164394e25;433.1;0.012;SELL
2016-03-02T00:26:02.727000;2016-03-02T00:26:03.070000;3de0c594-3e62-447f-8829-25ea882745d2;433.09;0.012;SELL
2016-03-02T00:26:02.727000;2016-03-02T00:26:03.070000;020be8ce-4fe8-4a11-b3b0-27b94e9b1922;433.09;0.01;SELL
2016-03-02T00:26:02.727000;2016-03-02T00:26:03.070000;fd13e858-01b6-4ed6-991f-efdad1ecde93;433.08;0.012;SELL
2016-03-02T00:26:02.727000;2016-03-02T00:26:03.070000;828343fc-d156-44b5-b5a8-be765e0e0e1d;433.07;0.012;SELL
2016-03-02T00:26:02.727000;2016-03-02T00:26:03.070000;8a9e1768-9c0c-4c21-91db-63ab3b6eea9f;433.06;0.012;SELL
2016-03-02T00:26:02.727000;2016-03-02T00:26:03.093000;9e919e18-1e1d-43d4-86d7-a0bc1e42d9bb;433.05;0.012;SELL
2016-03-02T00:26:02.727000;2016-03-02T00:26:03.107000;9e7ca6ce-6ecc-45ea-9b45-ad85cc0926eb;433.05;0.64;SELL
2016-03-02T00:26:02.730000;2016-03-02T00:26:03.110000;068c7da6-99bb-4500-8450-db5e1b719a54;433.04;0.012;SELL
2016-03-02T00:26:02.730000;2016-03-02T00:26:03.110000;868dd5bd-f67b-4a9d-aec3-bb9fd7307b09;433.04;0.1;SELL
2016-03-02T00:26:02.730000;2016-03-02T00:26:03.123000;52e82d98-de11-422c-8be1-0663adb09b3d;433.04;0.8;SELL
2016-03-02T00:26:02.730000;2016-03-02T00:26:03.123000;2a1a358e-b363-4624-a979-ba4ea34a738e;433.03;0.02;SELL
2016-03-02T00:26:02.730000;2016-03-02T00:26:03.123000;f846fbfc-49b5-4b58-8fb9-be6c33080a6b;433.03;0.01;SELL
2016-03-02T00:26:02.730000;2016-03-02T00:26:03.123000;d8d86779-9fdd-4202-a66e-67383fc8aa5f;433.03;0.12;SELL
2016-03-02T00:26:02.730000;2016-03-02T00:26:03.123000;e47a26c1-7684-4b28-b2f6-15bc6667a1a1;433.02;1.44;SELL
2016-03-02T00:26:02.730000;2016-03-02T00:26:03.150000;7938b40b-6b41-4d97-a8bf-61c77b913589;433.01;0.02;SELL
2016-03-02T00:26:02.730000;2016-03-02T00:26:03.150000;5f9ca12b-9681-4f3e-866e-4da39a986fcf;433.01;0.96;SELL
2016-03-02T00:26:02.730000;2016-03-02T00:26:03.150000;0ada3635-d7db-4f4b-9be3-63d9bd024984;433.0;0.0115;SELL
2016-03-02T00:26:02.730000;2016-03-02T00:26:03.167000;6b370c26-d55c-4f33-8ad2-0d4a648eeebf;433.0;0.96;SELL
2016-03-02T00:26:02.730000;2016-03-02T00:26:03.167000;9258def1-1135-422a-9b82-fcea0771e8e9;432.99;0.02;SELL
2016-03-02T00:26:02.730000;2016-03-02T00:26:03.167000;8c2c8804-6369-401d-ad28-bc1ab834addd;432.99;0.01;SELL
2016-03-02T00:26:02.730000;2016-03-02T00:26:03.167000;46e78ead-f969-4ea5-8ab8-2c299056a77c;432.98;2.72;SELL
2016-03-02T00:26:02.730000;2016-03-02T00:26:03.183000;b3280b97-99e4-4434-97b5-fc1556fd4143;432.97;0.02;SELL
2016-03-02T00:26:02.730000;2016-03-02T00:26:03.183000;4431fc34-e562-4fae-82b6-8164ccf5339a;432.97;0.1862;SELL
2016-03-02T00:26:02.730000;2016-03-02T00:26:03.183000;65b3e401-d4d6-4430-baed-9528a2361861;432.96;2.4;SELL
2016-03-02T00:26:02.730000;2016-03-02T00:26:03.183000;3d68460f-48e3-4ff4-8874-7d951e9a5415;432.95;0.02;SELL
2016-03-02T00:26:02.730000;2016-03-02T00:26:03.183000;7b6b2f7f-67fb-470a-b883-5c17a5e4c43e;432.94;0.15944056;SELL
2016-03-02T00:26:32.300000;2016-03-02T00:26:32.340000;8ee8cf06-56c0-49c2-b91b-edd3e1e4de56;433.04;0.02;BUY
2016-03-02T00:26:32.300000;2016-03-02T00:26:32.357000;4afcac6a-3bbf-42fa-9d75-1bedbdff90b6;433.06;0.02;BUY
2016-03-02T00:26:32.300000;2016-03-02T00:26:32.373000;5ce9a1f0-a067-47d6-9ab0-6e3771dea0b2;433.08;0.02;BUY
2016-03-02T00:26:32.300000;2016-03-02T00:26:32.373000;33a99c4d-1fe8-405c-93cf-ca9c45b9fc31;433.21;0.36704;BUY
2016-03-02T00:27:36.343000;2016-03-02T00:27:36.377000;20a710cf-59d6-4690-9261-ea67e28b93b6;433.06;0.012;SELL
2016-03-02T00:27:36.343000;2016-03-02T00:27:36.417000;0d7344f9-a791-4e56-8e8e-6cbc37c094c9;433.06;0.005;SELL
2016-03-02T00:28:01.853000;2016-03-02T00:28:01.917000;757c3f3d-4abf-4b76-af1b-695faae9931d;433.14;0.01;BUY
2016-03-02T00:28:01.853000;2016-03-02T00:28:01.920000;6b21333b-ad32-4166-9ae2-eff6cf104301;433.15;0.012;BUY
2016-03-02T00:28:01.853000;2016-03-02T00:28:01.933000;a7052ce0-22b2-476b-b666-9ac5463b7447;433.16;0.012;BUY
2016-03-02T00:28:01.853000;2016-03-02T00:28:01.933000;12fd8479-b49b-45bd-ba0f-9ecd80351d69;433.17;0.012;BUY
2016-03-02T00:28:01.853000;2016-03-02T00:28:01.933000;f79b015d-e62d-4cd8-a88c-94dccca1808d;433.18;0.012;BUY
2016-03-02T00:28:01.853000;2016-03-02T00:28:01.957000;ef8b9be3-7267-4a15-a67c-23f6517db581;433.19;0.012;BUY
2016-03-02T00:28:01.853000;2016-03-02T00:28:01.957000;34f5a474-3834-4075-be76-692a6f1c76f7;433.2;0.012;BUY
2016-03-02T00:28:01.857000;2016-03-02T00:28:01.957000;9adc9387-014f-43f4-bd6e-c5a0d081ccc1;433.22;0.02;BUY
2016-03-02T00:28:01.857000;2016-03-02T00:28:01.957000;0e2e7a0a-c477-4fe1-8430-28d4c7a22044;433.22;0.02;BUY
2016-03-02T00:28:01.857000;2016-03-02T00:28:02.027000;1908bb44-3604-4785-81a8-7fcac1802a2d;433.24;0.32;BUY
2016-03-02T00:28:01.857000;2016-03-02T00:28:02.027000;81b2e88f-5f45-4bfa-a601-a4636068c101;433.25;0.01;BUY
2016-03-02T00:28:01.857000;2016-03-02T00:28:02.027000;316bd40a-88b6-46b9-b85a-ecfb8d2d7130;433.25;0.07876;BUY
2016-03-02T00:28:31.580000;2016-03-02T00:28:31.610000;e336289f-7e9a-4039-a3e8-540ee54617e6;433.13;0.056;SELL
2016-03-02T00:29:12.473000;2016-03-02T00:29:12.500000;4eef3e52-4930-4d06-b816-e8caf31a81f9;433.21;0.01185053;BUY
2016-03-02T00:29:35.373000;2016-03-02T00:29:35.443000;6100a44e-2920-4c05-9de4-2fd20f0c05ba;433.21;0.00014947;BUY
2016-03-02T00:29:35.373000;2016-03-02T00:29:35.443000;9fb046f2-625f-4f15-83f6-79d0092d326d;433.22;0.012;BUY
2016-03-02T00:29:35.373000;2016-03-02T00:29:35.447000;548b1d7a-a9cd-4042-8193-1d329a75a93d;433.23;0.012;BUY
2016-03-02T00:29:35.373000;2016-03-02T00:29:35.447000;d6208866-c151-4bde-af98-7a1a1e6537e3;433.24;0.012;BUY
2016-03-02T00:29:35.373000;2016-03-02T00:29:35.497000;00ced81d-de14-47ee-8c74-d2ddf519b1a4;433.26;0.012;BUY
2016-03-02T00:29:35.373000;2016-03-02T00:29:35.520000;528ef1d0-d9a7-4f64-99e7-aa1ce34ff2e2;433.26;0.02;BUY
2016-03-02T00:29:35.373000;2016-03-02T00:29:35.520000;886b28e8-a406-4eb5-aa48-563f4f104ebe;433.27;0.012;BUY
2016-03-02T00:29:35.373000;2016-03-02T00:29:35.520000;5de966ec-2dd1-4354-93cc-8a98a4272907;433.28;0.012;BUY
2016-03-02T00:29:35.373000;2016-03-02T00:29:35.520000;cb7753d3-dd48-41a1-ab8c-f371ca0bc13a;433.28;0.02;BUY
2016-03-02T00:29:35.373000;2016-03-02T00:29:35.533000;2514cb1c-d8a3-4ffb-96ad-1ccc5b4c3059;433.3;0.02;BUY
2016-03-02T00:29:35.377000;2016-03-02T00:29:35.533000;336ece1f-50a0-4acf-a979-99fd80b05c95;433.32;0.02;BUY
2016-03-02T00:29:35.377000;2016-03-02T00:29:35.533000;0a843351-9388-49a2-ab63-562e0c54d6e9;433.34;0.02;BUY
2016-03-02T00:29:35.377000;2016-03-02T00:29:35.533000;5399cc7e-fa1a-434c-805b-5d0b634e18e1;433.36;0.02;BUY
2016-03-02T00:29:35.377000;2016-03-02T00:29:35.533000;3f5bfe55-0eb5-46bb-8cd2-14ad34da60c6;433.38;0.02;BUY
2016-03-02T00:29:35.377000;2016-03-02T00:29:35.650000;48d4f3bd-797c-4dc6-98fd-d75661735c1f;433.42;0.126;BUY
2016-03-02T00:29:35.377000;2016-03-02T00:29:35.653000;a65e2604-7fbb-4d37-8c39-ec9cb489e82c;433.44;0.08039053;BUY
2016-03-02T00:30:01.773000;2016-03-02T00:30:01.827000;170b9bbd-5da6-4b22-bbd7-656173154699;433.41;0.01;BUY
2016-03-02T00:30:01.773000;2016-03-02T00:30:01.827000;49dbd405-a58b-495f-ac04-fd13134953a5;433.41;0.01;BUY
2016-03-02T00:30:01.773000;2016-03-02T00:30:01.827000;5f50734c-8b36-4039-b239-56a572681387;433.42;0.012;BUY
2016-03-02T00:30:01.773000;2016-03-02T00:30:01.827000;38ae2e83-4d48-418d-8447-a680d5bf77f7;433.42;0.01;BUY
2016-03-02T00:30:01.773000;2016-03-02T00:30:01.850000;b1476357-7e6d-4688-ae8d-f99e435343ad;433.43;0.012;BUY
2016-03-02T00:30:01.773000;2016-03-02T00:30:01.870000;a297f14c-255b-4bd5-927d-959ec87ec7f4;433.44;0.012;BUY
2016-03-02T00:30:01.777000;2016-03-02T00:30:01.870000;7780fdad-330e-4d1b-be40-b5dc53bd3a18;433.44;0.012;BUY
2016-03-02T00:30:01.777000;2016-03-02T00:30:01.870000;c7fa9ac6-18b9-468e-a221-009ec7e1521c;433.45;0.02;BUY
2016-03-02T00:30:01.777000;2016-03-02T00:30:01.870000;5b50cae9-b792-4eef-b5d4-2b014cc95b87;433.45;0.056;BUY
2016-03-02T00:30:01.777000;2016-03-02T00:30:01.870000;aa961b1a-702d-426c-bf31-503f54eb32e5;433.47;0.3035;BUY
2016-03-02T00:30:01.777000;2016-03-02T00:30:01.870000;7e948903-5fb1-4d61-9a07-a8611d242efe;433.47;0.01;BUY
2016-03-02T00:30:01.777000;2016-03-02T00:30:01.900000;d068a128-e3f7-4b34-b838-fbbc4fb93ee1;433.48;0.02;BUY
2016-03-02T00:30:01.777000;2016-03-02T00:30:01.900000;6852252c-02f5-403a-b3f5-a26d1f4f7758;433.48;0.02;BUY
2016-03-02T00:30:01.777000;2016-03-02T00:30:01.900000;757f7d65-0ef6-464f-84db-bf72ef65b390;433.5;0.01873065;BUY
2016-03-02T00:30:01.777000;2016-03-02T00:30:01.900000;0de6daf2-5756-46cf-92f3-dd45f13e23c3;433.5;0.19362238;BUY
2016-03-02T00:30:01.777000;2016-03-02T00:30:01.900000;26a5e795-f89b-4eac-b015-656137515b24;433.5;1.0;BUY
2016-03-02T00:30:01.777000;2016-03-02T00:30:01.900000;9be5197c-aa7a-4753-bae7-c0db97e87669;433.5;0.1;BUY
2016-03-02T00:30:01.777000;2016-03-02T00:30:01.903000;de5d7c00-6139-43d4-8b8e-b14749385067;433.5;0.01;BUY
2016-03-02T00:30:01.777000;2016-03-02T00:30:01.923000;8422da9d-6c56-43f5-a4fc-7c41a7dc9fd6;433.5;3.945;BUY
2016-03-02T00:30:01.777000;2016-03-02T00:30:01.923000;a944e65d-e4fc-404a-9813-c9f90b42dffd;433.51;0.01;BUY
2016-03-02T00:30:01.777000;2016-03-02T00:30:01.923000;57d49ec5-2e85-48bc-b2d2-e7f08b721132;433.55;15.32;BUY
2016-03-02T00:30:01.777000;2016-03-02T00:30:01.923000;061dea8c-1c8c-4403-a0a1-6af9b3cbb208;433.55;0.02;BUY
2016-03-02T00:30:01.777000;2016-03-02T00:30:01.923000;0519be07-f79e-4259-bb40-87efc0778163;433.55;0.36939021;BUY
2016-03-02T00:30:01.777000;2016-03-02T00:30:01.923000;e1dc4ab9-d356-4d4f-b0e8-e6fe43cfba8a;433.55;0.05540853;BUY
2016-03-02T00:30:01.777000;2016-03-02T00:30:01.923000;1b59bdc2-00a2-47a7-97f8-9850f8c94cb4;433.58;0.02;BUY
2016-03-02T00:30:01.777000;2016-03-02T00:30:01.943000;a3820308-f032-4b66-9b48-f5d35eb6215c;433.58;0.02;BUY
2016-03-02T00:30:01.777000;2016-03-02T00:30:01.943000;15fea5ec-c9c7-423d-8b80-ef33154bb9ce;433.6;0.5;BUY
2016-03-02T00:30:01.777000;2016-03-02T00:30:01.943000;3d878199-c7c1-473a-9da5-00def0f2017b;433.61;5.028;BUY
2016-03-02T00:30:01.780000;2016-03-02T00:30:01.943000;57ea999e-304d-4997-ac08-dadb48176956;433.64;0.1;BUY
2016-03-02T00:30:01.780000;2016-03-02T00:30:01.943000;ebb82c97-fda7-4415-8061-c9d4a31a329e;433.65;0.02;BUY
2016-03-02T00:30:01.780000;2016-03-02T00:30:01.943000;676fde40-c521-45d8-8733-d90aa86bde53;433.68;0.02;BUY
2016-03-02T00:30:01.780000;2016-03-02T00:30:01.943000;c9d292f6-80c1-4b46-a105-8786d7f913b2;433.7;0.01873065;BUY
2016-03-02T00:30:01.780000;2016-03-02T00:30:01.943000;07abd1c4-17d3-47c2-a384-0ad239a66646;433.73;0.01;BUY
2016-03-02T00:30:01.780000;2016-03-02T00:30:01.967000;5dc03bbf-78a2-495b-8478-5a99a333d4bc;433.75;0.02;BUY
2016-03-02T00:30:01.780000;2016-03-02T00:30:01.970000;0180d8a8-94f7-4fd3-9bbc-96d447302992;433.77;0.02;BUY
2016-03-02T00:30:01.780000;2016-03-02T00:30:01.970000;f0cf012d-3118-4e3b-a155-ddb82feb9949;433.78;2.02527191;BUY
2016-03-02T00:30:01.780000;2016-03-02T00:30:01.970000;07d7b24d-34f7-4b58-9e3c-414226edb669;433.78;0.30379079;BUY
2016-03-02T00:30:01.780000;2016-03-02T00:30:01.970000;25761008-79d2-4b23-a406-227c047f6b17;433.78;0.04556862;BUY
2016-03-02T00:30:01.780000;2016-03-02T00:30:01.970000;3f4e8d6a-b4ac-4c7c-9465-72ffb6f02ef6;433.78;0.02;BUY
2016-03-02T00:30:01.780000;2016-03-02T00:30:01.970000;6d542aa1-79d1-4e93-9aff-93082ba745a6;433.79;4.634;BUY
2016-03-02T00:30:01.780000;2016-03-02T00:30:01.993000;55ccf129-1199-484a-947d-3876bab08253;433.82;0.01;BUY
2016-03-02T00:30:01.780000;2016-03-02T00:30:02.010000;6042e531-d668-40ec-a4ad-53fab7c8c28b;433.82;12.16;BUY
2016-03-02T00:30:01.780000;2016-03-02T00:30:02.010000;7ddc2bbd-68c3-46ef-a582-8ef78c81e38c;433.83;3.47498626;BUY
2016-03-02T00:30:31.627000;2016-03-02T00:30:31.713000;3c6a38cf-1069-42a7-903a-a305e302332e;433.53;0.01;BUY
2016-03-02T00:30:31.627000;2016-03-02T00:30:31.713000;7a579e4e-c56f-4092-a02d-72ed2bf67cd2;433.66;0.01;BUY
2016-03-02T00:30:31.627000;2016-03-02T00:30:31.713000;adc7883a-f8a7-4ac3-b4b1-56b155b6274f;433.66;0.104;BUY
2016-03-02T00:30:31.627000;2016-03-02T00:30:31.713000;a2ba9eb7-46dc-44aa-95b8-d4581883b048;433.77;0.1;BUY
2016-03-02T00:30:31.627000;2016-03-02T00:30:31.713000;2b982ad1-a4b4-43aa-b817-0d814363cb03;433.79;5.26;BUY
2016-03-02T00:30:31.627000;2016-03-02T00:30:31.713000;fe563521-be8c-4664-af1b-0fdc9d32df55;433.82;0.01;BUY
2016-03-02T00:30:31.627000;2016-03-02T00:30:31.713000;b479ce7a-7721-4c4b-b76a-a2c4119b1b9b;433.82;0.01;BUY
2016-03-02T00:30:31.627000;2016-03-02T00:30:31.713000;8164687c-3352-4575-91e7-2847ac918554;433.82;5.096;BUY
2016-03-02T00:30:31.627000;2016-03-02T00:30:31.713000;89647e59-4a09-43d5-a0c4-f509a3ff1c91;433.83;15.50557;BUY
2016-03-02T00:31:01.617000;2016-03-02T00:31:01.740000;5dc26595-a57c-49e6-a100-3b8ec80fff85;433.72;0.012;SELL
2016-03-02T00:31:01.617000;2016-03-02T00:31:01.740000;43fcb356-bf02-41a8-8f00-9b495fc23bba;433.71;2.08;SELL
2016-03-02T00:31:01.617000;2016-03-02T00:31:01.743000;b76951b5-63b9-43a0-8a90-5c08f2133373;433.7;0.012;SELL
2016-03-02T00:31:01.617000;2016-03-02T00:31:01.743000;4a085ffe-70f8-4071-a6b4-a46704d5794e;433.68;3.2;SELL
2016-03-02T00:31:01.617000;2016-03-02T00:31:01.743000;7b9400a2-0754-45eb-9f87-238958443d72;433.67;0.012;SELL
2016-03-02T00:31:01.617000;2016-03-02T00:31:01.743000;0c9ea02d-ce6f-43bc-81a3-99bbed2904d4;433.66;0.012;SELL
2016-03-02T00:31:01.617000;2016-03-02T00:31:01.743000;e356db13-2cd4-45bf-b839-67d2b8019c7d;433.64;2.24;SELL
2016-03-02T00:31:01.617000;2016-03-02T00:31:01.777000;ff69ca01-b29e-4e1a-b2f5-bef7ce363cf1;433.63;0.4;SELL
2016-03-02T00:31:01.617000;2016-03-02T00:31:01.777000;1eb9549b-fdeb-4cd3-b85f-26614913655f;433.63;2.24;SELL
2016-03-02T00:31:01.617000;2016-03-02T00:31:01.777000;4caf0e45-080d-4bde-9525-061daadfb53d;433.62;0.012;SELL
2016-03-02T00:31:01.620000;2016-03-02T00:31:01.800000;133bfaeb-e201-4c42-86b0-8b1ea4e733ff;433.62;1.6;SELL
2016-03-02T00:31:01.620000;2016-03-02T00:31:01.820000;d746099c-ca84-403c-8e93-28c6aab504b5;433.61;0.012;SELL
2016-03-02T00:31:01.620000;2016-03-02T00:31:01.820000;a7645943-1b93-491f-835a-238a4f62f8c1;433.61;0.122;SELL
2016-03-02T00:31:01.620000;2016-03-02T00:31:01.820000;209d9881-f3e8-4b43-8d07-319e39b5f02d;433.59;2.56;SELL
2016-03-02T00:31:01.620000;2016-03-02T00:31:01.847000;a1103303-8e7a-4579-824e-ec35deea8237;433.58;0.012;SELL
2016-03-02T00:31:01.620000;2016-03-02T00:31:01.847000;407327ff-55bc-47d1-b845-11bd3b17b919;433.58;2.56;SELL
2016-03-02T00:31:01.620000;2016-03-02T00:31:01.847000;08b5699e-ec11-4ece-8ef9-dbb844811eb4;433.57;0.012;SELL
2016-03-02T00:31:01.620000;2016-03-02T00:31:01.847000;16ba3eb9-5768-4386-be0f-17f30199e13c;433.57;1.76;SELL
2016-03-02T00:31:01.620000;2016-03-02T00:31:01.873000;b20bc8a5-c2e7-4bac-b175-2d79cbf83658;433.56;0.012;SELL
2016-03-02T00:31:01.620000;2016-03-02T00:31:01.873000;2d7699a3-5af2-4ad2-a3c2-f5c73260ed3a;433.56;1.44;SELL
2016-03-02T00:31:01.620000;2016-03-02T00:31:01.873000;4bd680a3-af58-44c7-aee6-f4483bdf9453;433.55;0.012;SELL
2016-03-02T00:31:01.620000;2016-03-02T00:31:01.890000;96b065c9-d93a-40cb-8466-420375fe9482;433.55;2.08;SELL
2016-03-02T00:31:01.620000;2016-03-02T00:31:01.890000;bc9cd44a-68cb-46b1-936c-a863b2656209;433.54;0.012;SELL
2016-03-02T00:31:01.620000;2016-03-02T00:31:01.890000;4a4e09e9-67aa-4f8e-9b32-d008d3cf285b;433.54;1.85276;SELL
2016-03-02T00:31:31.500000;2016-03-02T00:31:31.527000;3ca09ff8-992d-4123-b22a-9cd3d3f272a4;433.57;0.012;SELL
2016-03-02T00:31:31.500000;2016-03-02T00:31:31.543000;1d99aec6-7680-42a2-89fa-4cd4b464bb3e;433.56;0.012;SELL
2016-03-02T00:31:31.500000;2016-03-02T00:31:31.590000;d3449738-0b5c-43cc-baa8-125cef93ad57;433.53;0.012;SELL
2016-03-02T00:31:31.500000;2016-03-02T00:31:31.590000;9130186a-4c08-465d-abe1-ee58c8e43a80;433.52;0.012;SELL
2016-03-02T00:31:31.500000;2016-03-02T00:31:31.590000;eba219ed-19a3-4478-87e9-dc09fabc8748;433.52;0.01;SELL
2016-03-02T00:31:31.500000;2016-03-02T00:31:31.590000;7667fc4e-ab28-4b93-b2bd-e04efca38a3c;433.52;0.01;SELL
2016-03-02T00:31:31.503000;2016-03-02T00:31:31.590000;429b3194-fe2c-47e4-adb9-19cfa2d2a3a9;433.52;0.01;SELL
2016-03-02T00:31:31.503000;2016-03-02T00:31:31.590000;de65201e-6b99-4302-a4ea-ab2649fac8b4;433.51;0.02;SELL
2016-03-02T00:31:31.503000;2016-03-02T00:31:31.590000;31597e47-b106-4b2e-b1b1-a253b3ddaa64;433.49;0.02;SELL
2016-03-02T00:31:31.503000;2016-03-02T00:31:31.610000;b105c36f-9dab-4423-bae0-000a59205339;433.48;0.01;SELL
2016-03-02T00:31:31.503000;2016-03-02T00:31:31.610000;65cf43f0-64cd-47c4-b374-77919a9d7ea7;433.47;0.02;SELL
2016-03-02T00:31:31.503000;2016-03-02T00:31:31.610000;9a4824f7-32f5-4880-8b84-b6e306e14fc7;433.46;0.8923;SELL
2016-03-02T00:32:01.567000;2016-03-02T00:32:01.593000;639b6ca4-7594-478d-84fa-71ae0beab42e;433.51;0.01;BUY
2016-03-02T00:32:01.567000;2016-03-02T00:32:01.610000;d0f17174-5774-407a-8e11-0cfde0730641;433.51;0.36;BUY
2016-03-02T00:32:01.567000;2016-03-02T00:32:01.610000;bf8022fe-167c-4c2d-a2f7-9ce1080a95a4;433.52;0.02;BUY
2016-03-02T00:32:01.567000;2016-03-02T00:32:01.623000;9d6c9faf-bdef-4cb0-89be-fe396d1304b2;433.54;0.02;BUY
2016-03-02T00:32:01.567000;2016-03-02T00:32:01.623000;9bc4edb0-014b-4a91-bee6-64f3c5ac72c3;433.56;0.02;BUY
2016-03-02T00:32:01.567000;2016-03-02T00:32:01.677000;6f84c087-7273-458f-bb28-b4209287cbfc;433.63;0.012;BUY
2016-03-02T00:32:01.567000;2016-03-02T00:32:01.677000;fb45b286-d7b3-4c52-a98b-02b7589d86db;433.65;0.012;BUY
2016-03-02T00:32:01.567000;2016-03-02T00:32:01.677000;01edaec7-01bb-4b83-8491-b2372b7de994;433.67;0.012;BUY
2016-03-02T00:32:01.567000;2016-03-02T00:32:01.677000;c9e4caf4-a54c-4d2c-adb2-372a1a5bea07;433.68;0.22835;BUY
2016-03-02T00:32:31.407000;2016-03-02T00:32:31.503000;9382bfed-0f5f-4c8a-8edc-b6d128e37e79;433.63;0.01;BUY
2016-03-02T00:32:31.407000;2016-03-02T00:32:31.503000;4ba48d67-54ac-490e-be92-1b8b5bd8e497;433.64;0.012;BUY
2016-03-02T00:32:31.407000;2016-03-02T00:32:31.503000;9aeef2a2-b64e-4a19-98ca-23577b1531de;433.65;0.012;BUY
2016-03-02T00:32:31.407000;2016-03-02T00:32:31.527000;794cd2e9-03a0-411b-9639-14ed7c9cdc7a;433.66;0.012;BUY
2016-03-02T00:32:31.407000;2016-03-02T00:32:31.527000;2e9c2573-1ec0-4a2e-b3ee-2acb0ac4b1ec;433.66;0.012;BUY
2016-03-02T00:32:31.407000;2016-03-02T00:32:31.527000;369d24fe-212e-49c4-bed4-123087cb15bc;433.67;0.012;BUY
2016-03-02T00:32:31.407000;2016-03-02T00:32:31.527000;7ba8e2ec-f40b-4410-b7bb-d25af8e9a868;433.69;0.012;BUY
2016-03-02T00:32:31.407000;2016-03-02T00:32:31.527000;c15e2676-93f5-49ed-8ad2-8f4bdca003d9;433.69;0.01;BUY
2016-03-02T00:32:31.407000;2016-03-02T00:32:31.527000;79268ad4-3eb7-4038-88fd-d8465264a4f2;433.7;0.012;BUY
2016-03-02T00:32:31.410000;2016-03-02T00:32:31.543000;0e205b70-4e19-4f5e-bc49-a48bf5669284;433.71;0.012;BUY
2016-03-02T00:32:31.410000;2016-03-02T00:32:31.543000;3c61bc29-ea31-4296-b135-2efdf4206281;433.72;0.012;BUY
2016-03-02T00:32:31.410000;2016-03-02T00:32:31.543000;a266ec50-59b2-4bd9-9a25-502576537a93;433.73;0.012;BUY
2016-03-02T00:32:31.410000;2016-03-02T00:32:31.543000;c51d77ff-e64c-4ceb-bb04-89709f7aa0fd;433.74;0.012;BUY
2016-03-02T00:32:31.410000;2016-03-02T00:32:31.543000;52d0e44a-6f9d-478f-942c-8d937a739074;433.75;0.012;BUY
2016-03-02T00:32:31.410000;2016-03-02T00:32:31.543000;ac33af52-0f13-4a18-aa42-11d2cd860558;433.81;2.61112;BUY
2016-03-02T00:33:00.420000;2016-03-02T00:33:00.477000;332d90bb-7275-498d-9b94-413260b1a92d;433.77;0.01;BUY
2016-03-02T00:33:01.407000;2016-03-02T00:33:01.473000;4589a06e-c638-4a09-94a9-40a8ff686f43;433.82;0.01;BUY
2016-03-02T00:33:01.407000;2016-03-02T00:33:01.537000;adf90481-6ef7-4bb6-a615-df5609633765;433.82;0.104;BUY
2016-03-02T00:33:01.407000;2016-03-02T00:33:01.537000;5aff4e88-31a8-4cd6-a789-f3d47e3947b9;433.84;1.31753734;BUY
2016-03-02T00:33:02.607000;2016-03-02T00:33:02.673000;9c8991dd-19f7-43e6-9d18-1ccab302987e;433.84;0.09282017;BUY
2016-03-02T00:33:02.607000;2016-03-02T00:33:02.697000;07d9edf5-5506-4bd6-8e27-f5b2d5c070cf;433.85;0.02;BUY
2016-03-02T00:33:02.607000;2016-03-02T00:33:02.697000;b5d8e8af-95e8-48ec-82d3-3f72edd24e58;433.86;0.01;BUY
2016-03-02T00:33:02.610000;2016-03-02T00:33:02.697000;b5f0e715-825e-4bdf-92db-049694721b85;433.86;1.30871717;BUY
2016-03-02T00:33:02.877000;2016-03-02T00:33:02.957000;a6abf118-8162-4e95-b736-b08101381e46;433.86;0.19128283;BUY
2016-03-02T00:33:02.877000;2016-03-02T00:33:02.957000;b3fafa53-5a3f-4f24-83ba-cd8652a88029;433.87;0.212;BUY
2016-03-02T00:33:02.877000;2016-03-02T00:33:02.957000;d287c1ed-30aa-4df1-b9dd-1fbbc184ed7a;433.9;0.01871926;BUY
2016-03-02T00:33:02.877000;2016-03-02T00:33:02.957000;f54cade8-f45d-49b7-92f7-115325eda69a;433.92;0.20114791;BUY
2016-03-02T00:33:03.570000;2016-03-02T00:33:03.637000;b88253cf-8350-46cf-83a0-04d7b96f7dff;433.9;0.01;BUY
2016-03-02T00:33:03.570000;2016-03-02T00:33:03.667000;ee28d302-7332-487d-a92a-af2303e7a77d;433.91;0.01;BUY
2016-03-02T00:33:03.570000;2016-03-02T00:33:03.667000;8dd1ceb3-1f00-4f7f-b8bb-78dd357e53c7;433.92;1.41153734;BUY
2016-03-02T00:33:04.657000;2016-03-02T00:33:04.723000;ad1be205-f163-45c8-aa8b-0530ef006be7;433.91;0.01;BUY
2016-03-02T00:33:04.657000;2016-03-02T00:33:04.723000;389846fe-47a5-4840-b6b9-5a7478dfe452;433.91;0.01;BUY
2016-03-02T00:33:04.657000;2016-03-02T00:33:04.753000;0fbd4796-6976-43a7-b372-19e174ced695;433.92;1.41153734;BUY
2016-03-02T00:33:31.387000;2016-03-02T00:33:31.443000;07492e00-1968-421f-9427-75a081af65af;433.9;0.01;BUY
2016-03-02T00:33:31.387000;2016-03-02T00:33:31.480000;3815a9ad-ec0f-4c04-a45a-72c620f0ed7f;433.9;0.11969;BUY
2016-03-02T00:34:01.383000;2016-03-02T00:34:01.443000;c10c0720-4d8b-4104-9eb7-cf95d6a3ee81;433.86;0.01;SELL
2016-03-02T00:34:01.383000;2016-03-02T00:34:01.463000;75e262d5-8656-414a-ad00-e2edecf76a55;433.86;0.1289076;SELL
2016-03-02T00:34:01.387000;2016-03-02T00:34:01.480000;ad7148bb-8629-4dad-919f-b43f317e7f8e;433.86;0.2778224;SELL
2016-03-02T00:34:31.443000;2016-03-02T00:34:31.560000;b053640e-b423-4d92-bdb4-7bfbb249e60d;433.94;0.01;BUY
2016-03-02T00:34:31.443000;2016-03-02T00:34:31.560000;e3b1d350-abef-463d-ab44-5bca88e9c80e;433.94;0.10487;BUY
2016-03-02T00:35:05.123000;2016-03-02T00:35:05.180000;3dd5dd38-4c07-4d08-9120-f21a871d6e0c;433.88;0.01;SELL
2016-03-02T00:35:05.127000;2016-03-02T00:35:05.217000;d940ce81-f52f-4466-bd1e-d4202765fce6;433.88;1.05494134;SELL
2016-03-02T00:35:05.127000;2016-03-02T00:35:05.217000;4eb8b1ba-dd62-4a04-b5cd-c44985062d6a;433.87;0.02;SELL
2016-03-02T00:35:05.127000;2016-03-02T00:35:05.217000;7ec6d4a3-30d9-4b07-9da4-5d09e3b9cdab;433.86;0.72645866;SELL
2016-03-02T00:35:31.450000;2016-03-02T00:35:31.530000;e1799750-f9fe-4fa5-b428-059f7902a5bb;433.87;0.2;BUY
2016-03-02T00:35:31.450000;2016-03-02T00:35:31.530000;ec2d9107-89e4-416a-be78-f2e4a507af1b;433.87;0.166;BUY
2016-03-02T00:35:31.450000;2016-03-02T00:35:31.530000;94ce1720-3710-42cb-b9f4-395086516485;433.87;0.04104;BUY
2016-03-02T00:36:01.440000;2016-03-02T00:36:01.493000;5a4ab7eb-491c-4f0e-9e8e-048a28e28f42;433.86;0.33813;SELL
2016-03-02T00:36:19.860000;2016-03-02T00:36:19.927000;cdc57c80-0b96-47be-b00b-2d52af9c343a;433.86;10.12758894;SELL
2016-03-02T00:36:19.860000;2016-03-02T00:36:19.927000;382002be-89e4-4e8f-b46b-4d740ddab482;433.86;0.19318071;SELL
2016-03-02T00:36:19.860000;2016-03-02T00:36:19.930000;6ec86564-c10b-4b51-bc33-7e33d1aa01f4;433.85;0.02;SELL
2016-03-02T00:36:31.423000;2016-03-02T00:36:31.473000;ba3d0544-7ed5-4f06-bf5f-527700772b35;433.84;0.08206;BUY
2016-03-02T00:37:06.977000;2016-03-02T00:37:07.023000;98f09ffe-610d-490b-a7a1-0eb0a3268b4e;433.83;0.02;SELL
2016-03-02T00:37:06.977000;2016-03-02T00:37:07.040000;f8adbe48-c936-43a3-8cf6-8d31ee1b3abf;433.83;1.05531986;SELL
2016-03-02T00:37:11.530000;2016-03-02T00:37:11.600000;90ba6db2-19b5-4754-9380-88fdd0e4b5b8;433.82;0.12;BUY
2016-03-02T00:37:20.107000;2016-03-02T00:37:20.153000;36ac33d0-ea8d-4d24-a250-6bbe5f822d5a;433.81;0.02;SELL
2016-03-02T00:37:20.107000;2016-03-02T00:37:20.173000;d0cdb650-cb64-41f2-87f9-70ba537056f7;433.8;0.012;SELL
2016-03-02T00:37:20.107000;2016-03-02T00:37:20.193000;20a4b904-41a8-495e-9fc4-9f1a742a74d6;433.79;0.001;SELL
2016-03-02T00:37:31.423000;2016-03-02T00:37:31.473000;39960b36-6385-4d8e-91a2-8ccafb6115fe;433.8;0.2;BUY
2016-03-02T00:37:31.423000;2016-03-02T00:37:31.513000;725baa39-1d58-48ef-b159-f79806bb6404;433.8;0.152;BUY
2016-03-02T00:37:31.423000;2016-03-02T00:37:31.513000;ffef5fa1-4ce9-4d6c-8b05-1143a499d511;433.8;0.2;BUY
2016-03-02T00:37:31.423000;2016-03-02T00:37:31.513000;32977ab6-337c-4821-b1fa-38580b3269b8;433.8;0.17;BUY
2016-03-02T00:37:31.423000;2016-03-02T00:37:31.513000;eaed00be-b295-42d2-aeb9-1c1e840e7053;433.8;0.159;BUY
2016-03-02T00:37:31.423000;2016-03-02T00:37:31.513000;a06a3552-7298-4a9f-89fa-121b51e5c37d;433.8;2.03985;BUY
2016-03-02T00:38:01.440000;2016-03-02T00:38:01.487000;fdbe187c-02dd-418f-9048-f06b41787718;433.81;0.12801;BUY
2016-03-02T00:38:08.967000;2016-03-02T00:38:09.010000;0dc3cbd0-d9b9-4202-9382-6f4ce18b4cbf;433.8;0.01;SELL
2016-03-02T00:38:08.967000;2016-03-02T00:38:09.027000;e8051f2f-e859-4924-9a51-85553a8a2f92;433.79;1.42053734;SELL
2016-03-02T00:38:08.967000;2016-03-02T00:38:09.027000;80121f2d-2f9b-40fc-8755-316e7d7cddc2;433.79;0.02;SELL
2016-03-02T00:38:08.967000;2016-03-02T00:38:09.043000;4d0c0761-4a25-456b-9a68-91cd5f290b61;433.78;0.01;SELL
2016-03-02T00:38:08.967000;2016-03-02T00:38:09.093000;d0c50018-5106-4209-a05a-5b6b554fed77;433.78;0.01;SELL
2016-03-02T00:38:31.473000;2016-03-02T00:38:31.517000;a5acf289-3502-4080-ba28-c7912411e7aa;433.73;0.01;SELL
2016-03-02T00:38:31.473000;2016-03-02T00:38:31.537000;4c59ac94-0e8a-47d3-917e-bd19ac7d68a6;433.72;0.01;SELL
2016-03-02T00:38:31.473000;2016-03-02T00:38:31.557000;65febec2-6aa8-40fb-b5c9-71371fe2d5b1;433.71;0.012;SELL
2016-03-02T00:38:31.473000;2016-03-02T00:38:31.557000;5606377c-117b-48ef-9280-dbed4c76ae68;433.7;0.012;SELL
2016-03-02T00:38:31.473000;2016-03-02T00:38:31.557000;1e8bdcb3-5b56-4ae2-bdca-8ea1bba089e0;433.7;0.95051;SELL
2016-03-02T00:39:01.417000;2016-03-02T00:39:01.467000;0440a6bb-71c0-4564-a9f9-fd34d9a28318;433.71;0.3;BUY
2016-03-02T00:39:01.417000;2016-03-02T00:39:01.483000;a2ced88a-ce45-4b2f-87f1-ad8f6f463f00;433.71;0.072;BUY
2016-03-02T00:39:01.420000;2016-03-02T00:39:01.500000;79c1e384-fdd6-4e73-9a83-03ebbff6f2c8;433.71;0.2;BUY
2016-03-02T00:39:01.420000;2016-03-02T00:39:01.500000;59173692-e87a-4be3-92a0-ac5e397fc6df;433.71;0.2;BUY
2016-03-02T00:39:01.420000;2016-03-02T00:39:01.500000;ee6ce8ff-474b-416d-967f-69515316e3cb;433.72;0.13;BUY
2016-03-02T00:39:01.420000;2016-03-02T00:39:01.550000;829a2ec8-33b7-4300-8c18-ec81ceac34b5;433.74;1.75003;BUY
2016-03-02T00:39:31.590000;2016-03-02T00:39:31.793000;9a06a561-4a28-4933-9522-52d0fa249a8b;433.7;0.08316;SELL
2016-03-02T00:40:01.463000;2016-03-02T00:40:01.530000;e7824524-563a-41b1-8a55-3bb3f59bb01d;433.7;0.1208;SELL
2016-03-02T00:40:33.860000;2016-03-02T00:40:33.900000;4b443463-0e02-4a4c-845c-0e3e1d6a982d;433.7;0.27706734;SELL
2016-03-02T00:40:33.863000;2016-03-02T00:40:33.937000;2ce40f0d-77ab-49e4-bbc8-ee1648df16b9;433.7;0.122;SELL
2016-03-02T00:40:33.863000;2016-03-02T00:40:33.937000;2754b98a-ccd9-421c-bee9-d1a8e0c26d42;433.69;0.012;SELL
2016-03-02T00:40:33.863000;2016-03-02T00:40:33.937000;9a19d019-695f-4f0a-9cfc-c9b5cfa5f624;433.68;0.012;SELL
2016-03-02T00:40:33.863000;2016-03-02T00:40:33.960000;b2d6ce6b-f6fd-4235-b24e-8051f8ac0fa7;433.68;0.01;SELL
2016-03-02T00:40:33.863000;2016-03-02T00:40:33.960000;2742bacc-5625-4d4f-8100-b1ab8ff9bdd9;433.67;0.012;SELL
2016-03-02T00:40:33.863000;2016-03-02T00:40:33.960000;7932c975-7152-42b5-819d-bfe810e76dd0;433.66;0.012;SELL
2016-03-02T00:40:33.863000;2016-03-02T00:40:33.963000;fce196fc-57d5-4249-80de-087d212c4abf;433.65;0.012;SELL
2016-03-02T00:40:33.863000;2016-03-02T00:40:33.963000;f88ac04c-a874-47f9-aacc-c09d95a24692;433.65;0.088;SELL
2016-03-02T00:40:33.863000;2016-03-02T00:40:34.047000;a9aed954-5c9f-4d3c-b2a0-30d57381671a;433.64;0.012;SELL
2016-03-02T00:40:33.863000;2016-03-02T00:40:34.047000;19b1d34f-76b5-4fdb-a145-adc0e799b252;433.63;0.012;SELL
2016-03-02T00:40:33.863000;2016-03-02T00:40:34.047000;3d77f12c-0545-4b63-98ae-f89da2fcc7b7;433.62;0.012;SELL
2016-03-02T00:40:33.863000;2016-03-02T00:40:34.047000;b77492e6-63f1-46a0-81b0-123f8782a02a;433.62;0.21467266;SELL
2016-03-02T00:41:01.473000;2016-03-02T00:41:01.513000;2ef4ad1c-4a57-4c66-9bc9-246bebcc5ba0;433.64;0.2;BUY
2016-03-02T00:41:01.473000;2016-03-02T00:41:01.563000;bc8eee51-bcbd-49d1-8e29-40158e429641;433.66;0.01;BUY
2016-03-02T00:41:01.473000;2016-03-02T00:41:01.563000;b48352e2-54c3-4bed-8eb5-74fa426d7958;433.67;0.01;BUY
2016-03-02T00:41:01.473000;2016-03-02T00:41:01.563000;a6951ec6-1130-4adf-9ee5-5f7a34cdab39;433.75;0.01;BUY
2016-03-02T00:41:01.473000;2016-03-02T00:41:01.563000;294ce036-f112-47cd-9a41-5bd46f98c36c;433.75;0.1862;BUY
2016-03-02T00:41:01.473000;2016-03-02T00:41:01.597000;579e74a6-b0ac-4bcf-9190-e932116ee276;433.77;4.37422;BUY
2016-03-02T00:41:31.423000;2016-03-02T00:41:31.460000;8e1d3c4a-9f7f-4b72-b16a-e5720ea7d90d;433.66;0.4;BUY
2016-03-02T00:41:31.423000;2016-03-02T00:41:31.503000;145d2e17-8287-4018-bfde-28e2c1e48b1d;433.73;0.012;BUY
2016-03-02T00:41:31.423000;2016-03-02T00:41:31.503000;16305348-611f-4b8c-9bcf-b800706ae4b5;433.74;0.012;BUY
2016-03-02T00:41:31.423000;2016-03-02T00:41:31.503000;8db9f37f-45f7-4808-acd0-5eaf71d14a5b;433.75;0.012;BUY
2016-03-02T00:41:31.423000;2016-03-02T00:41:31.503000;a28c65c3-aa14-427b-8b75-98afa1dc05fe;433.75;0.122;BUY
2016-03-02T00:41:31.423000;2016-03-02T00:41:31.523000;4e74079d-e819-4815-85d1-e36532e284b2;433.76;0.012;BUY
2016-03-02T00:41:31.423000;2016-03-02T00:41:31.523000;6084a213-577a-44c4-8057-6e703bb0fd62;433.76;0.012;BUY
2016-03-02T00:41:31.423000;2016-03-02T00:41:31.523000;64d12a09-91b1-47c2-aea7-dd93f431f8a5;433.78;4.131;BUY
2016-03-02T00:41:31.423000;2016-03-02T00:41:31.550000;a42eca5a-32e4-43bd-9297-659d110c7db9;433.79;0.98124;BUY
2016-03-02T00:42:01.413000;2016-03-02T00:42:01.483000;76f407bc-82bd-49f5-b257-bb2c56e29470;433.66;0.012;SELL
2016-03-02T00:42:01.413000;2016-03-02T00:42:01.503000;0b5fbfbd-2513-4996-b31c-62f278be9c5f;433.65;0.012;SELL
2016-03-02T00:42:01.417000;2016-03-02T00:42:01.503000;aefc3641-5eb4-4736-859e-0df3139758e9;433.65;0.012;SELL
2016-03-02T00:42:01.417000;2016-03-02T00:42:01.567000;4ac49cdc-7e81-4deb-a161-5ca45df77462;433.64;0.012;SELL
2016-03-02T00:42:01.417000;2016-03-02T00:42:01.587000;53193880-73d8-4436-87dc-b480fc6186e4;433.63;0.012;SELL
2016-03-02T00:42:01.417000;2016-03-02T00:42:01.587000;696b8339-08b4-4ac4-9116-7cc1fd0a058f;433.62;0.081;SELL
2016-03-02T00:42:01.417000;2016-03-02T00:42:01.587000;01b89036-bff5-4de4-87e0-4bc9489647d7;433.61;0.012;SELL
2016-03-02T00:42:01.417000;2016-03-02T00:42:01.587000;0966bda5-e055-4906-bd7e-b1f41c400028;433.61;1.43153734;SELL
2016-03-02T00:42:01.417000;2016-03-02T00:42:01.587000;b0c5d681-86bc-4096-b657-68b4bea95bcd;433.6;0.012;SELL
2016-03-02T00:42:01.417000;2016-03-02T00:42:01.587000;72020a9a-d46e-46f2-ace5-fb0eee3c132a;433.6;0.19;SELL
2016-03-02T00:42:01.417000;2016-03-02T00:42:01.587000;06117a22-a47b-435d-9b6a-f01346ee8d09;433.59;0.012;SELL
2016-03-02T00:42:01.417000;2016-03-02T00:42:01.587000;180a2f4a-7ed3-465b-a26e-dadffec1422d;433.59;0.01;SELL
2016-03-02T00:42:01.417000;2016-03-02T00:42:01.587000;2ad21bd0-66b1-4d25-9cba-9189b5079d0c;433.58;0.012;SELL
2016-03-02T00:42:01.417000;2016-03-02T00:42:01.587000;cdec53f0-e80e-452a-a137-16f9f5df1c20;433.57;0.012;SELL
2016-03-02T00:42:01.417000;2016-03-02T00:42:01.587000;b19f18f6-abb1-456c-8f76-7826af58e09e;433.56;0.012;SELL
2016-03-02T00:42:01.417000;2016-03-02T00:42:01.620000;ef2223f8-c6a9-4aeb-8398-1a201aba110f;433.54;0.012;SELL
2016-03-02T00:42:01.417000;2016-03-02T00:42:01.620000;1b9aacc5-3bea-4b8d-976d-b0315c636e10;433.54;0.01;SELL
2016-03-02T00:42:01.417000;2016-03-02T00:42:01.620000;e294ca33-567f-46c4-8269-9ed845e5b338;433.53;0.01;SELL
2016-03-02T00:42:01.417000;2016-03-02T00:42:01.620000;bb99cb42-1386-4047-8b4a-de9453e3483d;433.52;0.012;SELL
2016-03-02T00:42:01.420000;2016-03-02T00:42:01.620000;1098d6b5-a44a-46f9-bfe1-fa2d24722f40;433.52;1.43153734;SELL
2016-03-02T00:42:01.420000;2016-03-02T00:42:01.640000;7b53b6c3-483d-443e-bfdb-4a490acb8414;433.52;0.342;SELL
2016-03-02T00:42:01.420000;2016-03-02T00:42:01.640000;8679e524-7226-43e0-ab47-dae9ab93f7b3;433.51;0.02;SELL
2016-03-02T00:42:01.420000;2016-03-02T00:42:01.640000;efcb69c7-390f-463a-8726-46aea8d27f9a;433.51;0.01;SELL
2016-03-02T00:42:01.420000;2016-03-02T00:42:01.640000;15bb1f33-4fca-482f-89ab-cebac9ce7474;433.5;0.01;SELL
2016-03-02T00:42:01.420000;2016-03-02T00:42:01.657000;02bf6d45-ad75-488d-898f-04f7c9d31412;433.5;0.0115;SELL
2016-03-02T00:42:01.420000;2016-03-02T00:42:01.677000;ae05c9b2-bc7d-4fd3-9655-f0d854fcd89c;433.49;0.012;SELL
2016-03-02T00:42:01.420000;2016-03-02T00:42:01.677000;2e8898c7-dc77-4f48-be07-a028272df9c6;433.49;0.02;SELL
2016-03-02T00:42:01.420000;2016-03-02T00:42:01.677000;3f4735bf-f0f5-44b6-ab3c-2f1f3f5db3e6;433.49;0.012;SELL
2016-03-02T00:42:01.420000;2016-03-02T00:42:01.677000;1968bb7c-0d58-4d39-803d-0ba0bbc25392;433.48;0.012;SELL
2016-03-02T00:42:01.420000;2016-03-02T00:42:01.677000;3912cfe3-79cb-41c1-b787-f185dcc7da00;433.47;0.02;SELL
2016-03-02T00:42:01.420000;2016-03-02T00:42:01.677000;6489b73c-e047-4c1a-aa62-ff8b9104960f;433.46;0.01;SELL
2016-03-02T00:42:01.420000;2016-03-02T00:42:01.700000;c8d1c64b-2337-4b0a-9e3d-42232d1df96d;433.46;1.28;SELL
2016-03-02T00:42:01.420000;2016-03-02T00:42:01.700000;fe1b9d41-dd16-445c-9d10-4cc8e122a19e;433.45;0.02;SELL
2016-03-02T00:42:01.420000;2016-03-02T00:42:01.700000;4401c348-d33f-4438-9921-c3b2bda6b17a;433.45;0.102;SELL
2016-03-02T00:42:01.420000;2016-03-02T00:42:01.747000;02afa53e-22a2-41d7-ad2e-85d3ce6e2432;433.45;0.1863;SELL
2016-03-02T00:42:01.420000;2016-03-02T00:42:01.747000;2f94d388-3bbf-4d45-986e-3d66de081053;433.45;0.1;SELL
2016-03-02T00:42:01.423000;2016-03-02T00:42:01.747000;6ed7dcd5-2ed7-4b31-92a2-e76237219857;433.44;3.2;SELL
2016-03-02T00:42:01.423000;2016-03-02T00:42:01.770000;427fb821-cdb9-4b65-ac3b-b5cee240d47a;433.43;0.02;SELL
2016-03-02T00:42:01.423000;2016-03-02T00:42:01.770000;e2060c86-b518-428e-b733-f3290df7cafc;433.43;1.43153734;SELL
2016-03-02T00:42:01.423000;2016-03-02T00:42:01.770000;dbb92f08-74c1-4b73-82a1-a59a989d84b7;433.42;4.64;SELL
2016-03-02T00:42:01.423000;2016-03-02T00:42:01.770000;463f9e31-111b-4f88-b892-9b26affea1e7;433.41;0.02;SELL
2016-03-02T00:42:01.423000;2016-03-02T00:42:01.793000;c3f1d0df-0b06-4c3f-9c5d-a4d1f76728a8;433.41;3.36;SELL
2016-03-02T00:42:01.423000;2016-03-02T00:42:01.793000;47a39872-c6b0-4f8f-ac7c-aed3fff58fc6;433.4;0.012;SELL
2016-03-02T00:42:01.423000;2016-03-02T00:42:01.793000;fb780950-4cea-436b-9256-ca46111d9755;433.4;0.01;SELL
2016-03-02T00:42:01.423000;2016-03-02T00:42:01.793000;a46f22f5-077a-4309-80a2-995384c1087e;433.4;0.01873534;SELL
2016-03-02T00:42:01.423000;2016-03-02T00:42:01.817000;ee9b1da2-5b61-4401-a108-2ecb03e7690a;433.4;2.88;SELL
2016-03-02T00:42:01.423000;2016-03-02T00:42:01.843000;5a500eea-7ce2-42fc-9422-f8962e95c34a;433.39;0.012;SELL
2016-03-02T00:42:01.423000;2016-03-02T00:42:01.843000;30cd4a4f-06ed-4ef1-9ed8-c55d8d070ac7;433.39;0.02;SELL
2016-03-02T00:42:01.423000;2016-03-02T00:42:01.843000;12de1b09-5951-45f2-8b5e-d2f51bab6593;433.38;0.41339264;SELL
2016-03-02T00:43:01.523000;2016-03-02T00:43:01.580000;fe466361-1771-4d19-a895-01c53a7551c8;433.43;0.012;SELL
2016-03-02T00:43:01.523000;2016-03-02T00:43:01.580000;db804a9f-4c63-4218-978c-53d3b3919153;433.43;0.101;SELL
2016-03-02T00:43:01.523000;2016-03-02T00:43:01.607000;bf8d2266-cbff-4aee-ba4b-2fe051156ff3;433.39;0.012;SELL
2016-03-02T00:43:01.527000;2016-03-02T00:43:01.607000;95e541c3-f503-4889-8aef-279fc5b29341;433.38;0.1;SELL
2016-03-02T00:43:01.527000;2016-03-02T00:43:01.607000;521be0fe-622a-46c7-9837-5d5b05d48034;433.37;0.02;SELL
2016-03-02T00:43:01.527000;2016-03-02T00:43:01.630000;bbc0ee6c-0e5a-4c5e-b79b-ba9c26f21d83;433.35;0.02;SELL
2016-03-02T00:43:01.527000;2016-03-02T00:43:01.647000;8c941881-af8d-4a34-97bd-f057366bfe04;433.35;0.01;SELL
2016-03-02T00:43:01.527000;2016-03-02T00:43:01.647000;bcc10c5b-7741-45ae-8b13-78f0114bb7a4;433.34;1.43153734;SELL
2016-03-02T00:43:01.527000;2016-03-02T00:43:01.647000;5c5424b7-39e5-44f6-b07a-ae0a0861454c;433.33;0.02;SELL
2016-03-02T00:43:01.527000;2016-03-02T00:43:01.647000;df2586f3-c9d2-4f10-b038-38571081bfec;433.33;0.1;SELL
2016-03-02T00:43:01.527000;2016-03-02T00:43:01.647000;b0af53e6-5f65-459b-a7ed-00d792ff9928;433.31;0.02;SELL
2016-03-02T00:43:01.527000;2016-03-02T00:43:01.670000;90e41376-8fa2-41c7-8aef-60b7c42d615d;433.29;0.02;SELL
2016-03-02T00:43:01.527000;2016-03-02T00:43:01.670000;2887a94a-435a-4179-85b6-fb2aec5bb2f6;433.29;0.01;SELL
2016-03-02T00:43:01.527000;2016-03-02T00:43:01.670000;827f3bc5-6278-493b-8634-ad8b7c317183;433.29;0.01;SELL
2016-03-02T00:43:01.527000;2016-03-02T00:43:01.670000;d2084220-801f-4040-806e-7cb695b354bc;433.28;0.01;SELL
2016-03-02T00:43:01.527000;2016-03-02T00:43:01.670000;14f6a9e4-479a-4e16-8886-070be88008fa;433.28;0.077;SELL
2016-03-02T00:43:01.527000;2016-03-02T00:43:01.670000;61d92eaa-7ee9-4571-9189-67f1ed309e07;433.27;0.02;SELL
2016-03-02T00:43:01.527000;2016-03-02T00:43:01.697000;7f26c797-b667-4a78-a739-5944a960b6bb;433.25;0.02;SELL
2016-03-02T00:43:01.527000;2016-03-02T00:43:01.697000;729dc1c7-4a41-4dbe-b43b-c2738516e6d1;433.23;0.012;SELL
2016-03-02T00:43:01.527000;2016-03-02T00:43:01.697000;2dfc94ca-164a-4f57-989e-72c5f870d146;433.23;0.02;SELL
2016-03-02T00:43:01.527000;2016-03-02T00:43:01.697000;0adcc60d-09c5-4c3b-97b6-b8c6345dc1a3;433.23;0.01;SELL
2016-03-02T00:43:01.527000;2016-03-02T00:43:01.697000;00053ebf-d65b-4278-89e8-330261868479;433.23;0.07457266;SELL
2016-03-02T00:43:13.150000;2016-03-02T00:43:13.193000;8c58e4d1-40b2-406c-afa0-a701c12401e9;433.24;0.011;SELL
2016-03-02T00:43:31.427000;2016-03-02T00:43:31.473000;17f544c7-4f32-459d-b6fc-f02f7f552dd9;433.25;1.82102;SELL
2016-03-02T00:44:01.467000;2016-03-02T00:44:01.503000;bbe5d919-1c67-43a4-8bc3-64f644254f17;433.28;0.02;BUY
2016-03-02T00:44:01.467000;2016-03-02T00:44:01.530000;b254c91a-a0e2-4a3a-97af-b091be8bbc92;433.3;0.02;BUY
2016-03-02T00:44:01.470000;2016-03-02T00:44:01.530000;604003bd-fa2e-4676-944f-5908237b5554;433.32;0.02;BUY
2016-03-02T00:44:01.470000;2016-03-02T00:44:01.530000;45ef591a-ce62-43e0-828e-f0563c8fec7b;433.34;0.02;BUY
2016-03-02T00:44:01.470000;2016-03-02T00:44:01.607000;6a7ebce0-a7ca-474d-bbeb-17f3e91d7ba2;433.35;0.012;BUY
2016-03-02T00:44:01.470000;2016-03-02T00:44:01.623000;c6879889-628f-453f-92c9-4eb834db0362;433.36;0.02;BUY
2016-03-02T00:44:01.470000;2016-03-02T00:44:01.623000;d0d49673-4339-480a-aa18-a41330d9b144;433.37;0.26;BUY
2016-03-02T00:44:01.470000;2016-03-02T00:44:01.623000;0bafabc1-aa54-43b7-b076-ff60c8901e4c;433.38;0.02;BUY
2016-03-02T00:44:01.470000;2016-03-02T00:44:01.623000;77a2d35e-889d-4ae8-a03d-2631f3eb1d14;433.39;0.16877;BUY
2016-03-02T00:44:31.533000;2016-03-02T00:44:31.583000;c6fd95ac-1362-4a03-9ab6-8eb99f18772e;433.35;0.01;BUY
2016-03-02T00:44:31.533000;2016-03-02T00:44:31.620000;372ecfd0-2b33-4c21-8c9b-368d9e187c06;433.35;0.01;BUY
2016-03-02T00:44:31.533000;2016-03-02T00:44:31.620000;43d2196b-ac6c-48eb-a144-c12c7cd0b811;433.36;0.012;BUY
2016-03-02T00:44:31.533000;2016-03-02T00:44:31.620000;5e8f004b-72d7-4327-ba90-a0af2f96dfe2;433.4;0.02;BUY
2016-03-02T00:44:31.533000;2016-03-02T00:44:31.643000;207a3faf-3fd0-48e0-8752-6c9e791b8540;433.42;0.012;BUY
2016-03-02T00:44:31.533000;2016-03-02T00:44:31.643000;ff70c81f-0b94-429b-8497-567376ceea7a;433.42;0.02;BUY
2016-03-02T00:44:31.533000;2016-03-02T00:44:31.643000;e23ae7c0-8796-4fff-9c18-76e3505dc0de;433.43;0.012;BUY
2016-03-02T00:44:31.537000;2016-03-02T00:44:31.643000;179da743-8841-494e-ac05-7392703cfa61;433.43;0.01;BUY
2016-03-02T00:44:31.537000;2016-03-02T00:44:31.660000;529ef5f1-a656-484a-8844-94bb4f1e7bb8;433.43;0.01;BUY
2016-03-02T00:44:31.537000;2016-03-02T00:44:31.683000;a20ca55e-479d-43ff-a342-989aa399b8ab;433.44;0.02;BUY
2016-03-02T00:44:31.537000;2016-03-02T00:44:31.683000;e4df079d-a8ba-43dc-a2cb-87793f17d328;433.46;0.02;BUY
2016-03-02T00:44:31.537000;2016-03-02T00:44:31.683000;7fcb8daa-6bc2-4212-93dd-731c06e37e86;433.47;0.01;BUY
2016-03-02T00:44:31.537000;2016-03-02T00:44:31.683000;d275e897-d2e3-4088-8bce-220eb1d6302a;433.48;0.02;BUY
2016-03-02T00:44:31.537000;2016-03-02T00:44:31.683000;fe4ac2b4-507a-4952-b779-178a7362c8c5;433.49;0.32;BUY
2016-03-02T00:44:31.537000;2016-03-02T00:44:31.683000;7987a5cd-283a-4c66-96b3-44f0eda87a0c;433.5;0.02;BUY
2016-03-02T00:44:31.537000;2016-03-02T00:44:31.683000;252ba5dd-6a48-43d9-9fe9-ed653620d3be;433.5;0.01;BUY
2016-03-02T00:44:31.537000;2016-03-02T00:44:31.740000;123967a5-096b-4c64-9a79-41d41e658b19;433.52;0.02;BUY
2016-03-02T00:44:31.537000;2016-03-02T00:44:31.740000;404646e6-2f64-4da3-8217-ddf8c83986db;433.53;0.11549;BUY
2016-03-02T00:45:01.477000;2016-03-02T00:45:01.523000;e3f0489e-882f-45cc-b98f-8dd2cb8a850e;433.49;0.13516;BUY
2016-03-02T00:45:12.350000;2016-03-02T00:45:12.407000;d1bcf6f3-8f3a-4fc2-aaae-8123543a1dda;433.49;0.965;BUY
2016-03-02T00:45:19.783000;2016-03-02T00:45:19.810000;6af2b3f7-1f7c-43ab-bd4f-2ee557e9fc69;433.49;0.38668264;BUY
2016-03-02T00:45:31.580000;2016-03-02T00:45:31.637000;295eea64-5125-456c-9ca7-8c0b81c0c49e;433.5;0.012;BUY
2016-03-02T00:45:31.583000;2016-03-02T00:45:31.637000;f0fb571c-1193-41be-a2ac-426782bba489;433.51;0.01;BUY
2016-03-02T00:45:31.583000;2016-03-02T00:45:31.637000;ba364765-d8a4-4fe6-ac23-4e6c5c960a91;433.51;0.01;BUY
2016-03-02T00:45:31.583000;2016-03-02T00:45:31.637000;c0b26ec1-c506-40aa-a22b-007fee228619;433.52;0.012;BUY
2016-03-02T00:45:31.583000;2016-03-02T00:45:31.637000;84b92a2f-0592-4c89-9055-7b3b3bf39849;433.54;0.02;BUY
2016-03-02T00:45:31.583000;2016-03-02T00:45:31.657000;65c847ae-80b7-4d47-8e56-332cc98320bb;433.56;0.02;BUY
2016-03-02T00:45:31.583000;2016-03-02T00:45:31.657000;fdfd68c2-71b9-4b4b-9baf-96128492441c;433.67;0.012;BUY
2016-03-02T00:45:31.583000;2016-03-02T00:45:31.657000;2b8b23d7-e728-4910-b059-a6a96b7e60ed;433.68;0.012;BUY
2016-03-02T00:45:31.583000;2016-03-02T00:45:31.670000;dde6fc65-9c89-4b04-93f0-e7e6b9e284d8;433.69;0.01;BUY
2016-03-02T00:45:31.583000;2016-03-02T00:45:31.670000;0c85e668-605f-4b98-ad9b-dbea72aa5e38;433.69;0.012;BUY
2016-03-02T00:45:31.583000;2016-03-02T00:45:31.670000;16484a16-4f14-4f11-b88b-370da4f13ab8;433.69;0.48;BUY
2016-03-02T00:45:31.583000;2016-03-02T00:45:31.670000;31ec5db9-ea4d-492c-999b-4c5e08e29b77;433.7;0.012;BUY
2016-03-02T00:45:31.587000;2016-03-02T00:45:31.700000;ce085b8d-4283-4454-8af4-30ca0dfdeb4e;433.71;2.21533;BUY
2016-03-02T00:46:01.557000;2016-03-02T00:46:01.587000;e7442dac-af7d-4c1f-a70d-3b899d4514a2;433.64;0.34;BUY
2016-03-02T00:46:01.557000;2016-03-02T00:46:01.620000;0b2218a7-f736-4e3c-8cf7-e45632052a43;433.65;0.012;BUY
2016-03-02T00:46:01.557000;2016-03-02T00:46:01.640000;f4e15274-3817-49b2-b15d-b66e234ee119;433.66;0.012;BUY
2016-03-02T00:46:01.557000;2016-03-02T00:46:01.640000;8c7d0745-fbb3-4c21-bbcc-8f467efede01;433.67;0.012;BUY
2016-03-02T00:46:01.557000;2016-03-02T00:46:01.640000;3af44ad3-8881-4fe1-90f7-da98804fb704;433.68;0.012;BUY
2016-03-02T00:46:01.557000;2016-03-02T00:46:01.657000;37df9209-1d49-43ee-977f-d442f7b99795;433.69;0.012;BUY
2016-03-02T00:46:01.560000;2016-03-02T00:46:01.657000;400640ec-c10d-4b8f-8751-58ee6c5f136e;433.7;0.012;BUY
2016-03-02T00:46:01.560000;2016-03-02T00:46:01.657000;6d775845-fe6a-4235-aa68-c5109393f3df;433.71;0.012;BUY
2016-03-02T00:46:01.560000;2016-03-02T00:46:01.687000;5bdd0a05-f6b3-47f2-94ee-bfa7e6ea721b;433.72;0.01;BUY
2016-03-02T00:46:01.560000;2016-03-02T00:46:01.687000;cd966f37-8e5c-4487-9429-0e8e47e58105;433.76;0.012;BUY
2016-03-02T00:46:01.560000;2016-03-02T00:46:01.687000;1660b074-c549-4931-872d-e8b57038273e;433.77;0.012;BUY
2016-03-02T00:46:01.560000;2016-03-02T00:46:01.690000;225dc8bf-6596-46e3-9257-177bcfe3d784;433.77;0.1863;BUY
2016-03-02T00:46:01.560000;2016-03-02T00:46:01.707000;f2e692d2-745b-4770-8b18-b8345e932f04;433.78;0.012;BUY
2016-03-02T00:46:01.560000;2016-03-02T00:46:01.707000;065fe63a-2506-4aa2-b0d7-975e5294ef51;433.78;6.88278;BUY
2016-03-02T00:46:21.433000;2016-03-02T00:46:21.483000;7093a988-53f0-4318-b9c4-6bbb9a8c2e4e;433.71;0.01;BUY
2016-03-02T00:46:21.433000;2016-03-02T00:46:21.483000;db301b99-e6e2-42a9-94a6-04012e8ef008;433.72;0.01;BUY
2016-03-02T00:46:21.433000;2016-03-02T00:46:21.507000;9b36e7bf-d63d-498b-8b41-d91eb3c9e5b6;433.73;0.01;BUY
2016-03-02T00:46:21.433000;2016-03-02T00:46:21.507000;3fd41891-f1cd-4c83-a505-5f4e234ad520;433.74;0.012;BUY
2016-03-02T00:46:21.433000;2016-03-02T00:46:21.507000;eb246d8b-f8dc-4e1e-bb15-a55e816a3a7d;433.75;0.012;BUY
2016-03-02T00:46:21.433000;2016-03-02T00:46:21.507000;64d7ce46-e4aa-48c4-bd16-52c821056e5d;433.76;0.012;BUY
2016-03-02T00:46:21.433000;2016-03-02T00:46:21.507000;b5bb2a8b-dd7c-4a5e-bea8-29cd3e2ef404;433.77;0.012;BUY
2016-03-02T00:46:21.433000;2016-03-02T00:46:21.510000;be28fe6d-7664-464a-be04-ddd83fae59b7;433.84;0.02;BUY
2016-03-02T00:46:21.433000;2016-03-02T00:46:21.533000;6b9d45ca-211b-4a53-8f43-ce85d9689c4b;433.85;0.002;BUY
2016-03-02T00:46:31.583000;2016-03-02T00:46:31.633000;4534d6b2-e6ba-433e-b12a-8f82de66cc4c;433.82;0.012;BUY
2016-03-02T00:46:31.583000;2016-03-02T00:46:31.657000;c52437fe-e86f-4dbc-acea-65df19021c07;433.83;0.012;BUY
2016-03-02T00:46:31.587000;2016-03-02T00:46:31.657000;f27bdd52-3304-495b-8ff9-7ba6f28a9cd2;433.83;0.012;BUY
2016-03-02T00:46:31.587000;2016-03-02T00:46:31.657000;38da2bbb-0ef5-4bff-8ee4-259cd5d5a542;433.84;0.012;BUY
2016-03-02T00:46:31.587000;2016-03-02T00:46:31.673000;5420b548-ed30-4833-be40-35a9fb8347ed;433.85;0.008;BUY
2016-03-02T00:46:31.587000;2016-03-02T00:46:31.690000;d29909da-c459-474c-86c2-78826e5fc2b1;433.86;0.02;BUY
2016-03-02T00:46:31.587000;2016-03-02T00:46:31.690000;52daaac5-ac3f-401a-b86f-429857f94f98;433.88;0.02;BUY
2016-03-02T00:46:31.587000;2016-03-02T00:46:31.717000;e77b1a82-2388-45ab-af69-e898d6929c79;433.88;0.01;BUY
2016-03-02T00:46:31.587000;2016-03-02T00:46:31.717000;7b4fec26-0a34-49fa-b6dc-a5d315bdc601;433.9;0.02;BUY
2016-03-02T00:46:31.587000;2016-03-02T00:46:31.717000;24edd282-ca86-43c5-9110-9d3e220b3f74;433.9;0.01873534;BUY
2016-03-02T00:46:31.587000;2016-03-02T00:46:31.737000;de7a6372-4bca-46b9-b922-8c9072eb09c8;433.92;0.02;BUY
2016-03-02T00:46:31.590000;2016-03-02T00:46:31.737000;2ded2b1d-85c4-4f54-aed6-92cd43d9f8bd;433.94;0.076;BUY
2016-03-02T00:46:31.590000;2016-03-02T00:46:31.737000;ac63fb61-85ea-4cfb-bfe6-f4e8c41db214;433.95;0.02;BUY
2016-03-02T00:46:31.590000;2016-03-02T00:46:31.737000;76676e11-c509-430b-9711-070d360003ad;433.95;0.01;BUY
2016-03-02T00:46:31.590000;2016-03-02T00:46:31.737000;c7587327-a9d9-4bed-9ad8-3330f78bf8f8;433.95;0.1;BUY
2016-03-02T00:46:31.590000;2016-03-02T00:46:31.757000;6b34413e-3b94-4537-9782-33413b2961a5;433.98;0.1;BUY
2016-03-02T00:46:31.590000;2016-03-02T00:46:31.757000;4d2b6c30-6d01-405e-a300-7495292302d8;433.99;0.48;BUY
2016-03-02T00:46:31.590000;2016-03-02T00:46:31.757000;20c77a85-f8f2-4174-96d1-3d2ee67b6cb5;434.0;0.02;BUY
2016-03-02T00:46:31.590000;2016-03-02T00:46:31.757000;1b9fef08-c0fd-4809-bd6d-54d7605ca610;434.0;0.00306466;BUY
2016-03-02T00:46:36.963000;2016-03-02T00:46:37.003000;c6cb243a-e6f0-4b73-b5a1-0b63f8f8baa0;433.87;0.01;SELL
2016-03-02T00:46:36.963000;2016-03-02T00:46:37.007000;f36f3cae-7e68-4c74-acb5-6946a23f185e;433.86;0.012;SELL
2016-03-02T00:46:36.963000;2016-03-02T00:46:37.027000;9a49078f-7616-4145-a8de-aa1f121280f8;433.85;0.012;SELL
2016-03-02T00:46:36.963000;2016-03-02T00:46:37.027000;5277d891-9ec1-40be-8462-b31a0573b113;433.85;0.166;SELL
2016-03-02T00:47:06.493000;2016-03-02T00:47:06.517000;69d8b5c8-dbd6-4cb1-b1e5-28c29d6b8358;433.91;0.9198;SELL
2016-03-02T00:47:16.770000;2016-03-02T00:47:16.797000;10b07418-cee4-480b-abca-bf7d75d5cb98;433.92;0.2;SELL
2016-03-02T00:47:20.950000;2016-03-02T00:47:20.970000;f24e1f4f-c9c1-4ea0-b114-4ddf8836dae9;433.92;0.01109515;SELL
2016-03-02T00:47:31.747000;2016-03-02T00:47:31.813000;a776417f-1aea-4f73-adf0-8d2a55951743;433.91;0.01;BUY
2016-03-02T00:47:31.750000;2016-03-02T00:47:31.863000;11646055-8a06-4518-a7de-c87637675e03;433.92;0.18890485;BUY
2016-03-02T00:47:31.750000;2016-03-02T00:47:31.900000;fc9dc0bc-e971-4f5b-87cb-090ba6a2570d;433.95;0.012;BUY
2016-03-02T00:47:31.750000;2016-03-02T00:47:31.900000;619c874c-7e20-480b-9aae-f0c3a1951bb7;433.96;0.01;BUY
2016-03-02T00:47:31.750000;2016-03-02T00:47:31.900000;cba97037-42bd-44d2-85df-effcd3715705;433.99;0.128;BUY
2016-03-02T00:47:31.750000;2016-03-02T00:47:31.940000;8be5d6fb-6f8a-43f0-8914-1768ccf5ff69;434.0;0.99693534;BUY
2016-03-02T00:47:31.750000;2016-03-02T00:47:31.940000;fd2a12a7-9677-4e23-b3fc-306c34878260;434.0;1.0;BUY
2016-03-02T00:47:31.750000;2016-03-02T00:47:31.940000;8a338a85-f16f-41cf-874a-e23b178aacd4;434.0;0.01007;BUY
2016-03-02T00:47:31.750000;2016-03-02T00:47:31.940000;71fbf1b6-278c-486d-a5da-8b63a00196df;434.0;0.00893981;BUY
2016-03-02T00:47:43.280000;2016-03-02T00:47:43.383000;e9a6fdcb-2db0-4e10-a16e-1e2dd4179984;433.96;0.02;BUY
2016-03-02T00:48:01.870000;2016-03-02T00:48:01.957000;b8931832-f181-4958-96ce-f3909135a4b0;433.98;0.01;BUY
2016-03-02T00:48:01.870000;2016-03-02T00:48:01.977000;4087d36f-867c-4cea-999c-4e26d32ee2d7;433.99;0.012;BUY
2016-03-02T00:48:01.870000;2016-03-02T00:48:01.977000;991cbfea-3536-4a7e-aed3-a3bd0e53ae1a;434.0;0.99106019;BUY
2016-03-02T00:48:01.870000;2016-03-02T00:48:01.977000;63bc9370-d0c1-464f-a8a2-6f0dd77dced5;434.0;0.09874981;BUY
2016-03-02T00:48:08.840000;2016-03-02T00:48:08.927000;731a7640-93db-4b4a-9959-8cd80c58df38;433.96;0.01;SELL
2016-03-02T00:48:31.630000;2016-03-02T00:48:31.703000;329c2bcd-a6d9-464d-a03f-a73d8d1d8f34;433.91;0.012;SELL
2016-03-02T00:48:31.630000;2016-03-02T00:48:31.720000;8d4fe57c-ba08-4109-b70e-decc726f6ab6;433.91;0.124;SELL
2016-03-02T00:48:31.630000;2016-03-02T00:48:31.723000;f60293c8-c0c2-4b0c-824a-60bad3b1375e;433.89;0.02;SELL
2016-03-02T00:48:31.630000;2016-03-02T00:48:31.723000;dcf4eeef-9e98-40c6-96f7-8bc37bd84807;433.88;0.012;SELL
2016-03-02T00:48:31.630000;2016-03-02T00:48:31.740000;f3cf6b21-41f3-411e-a4a8-5f9134b38beb;433.87;0.02;SELL
2016-03-02T00:48:31.630000;2016-03-02T00:48:31.743000;3e410c75-78f2-42ab-8007-daae4627f8fe;433.86;0.012;SELL
2016-03-02T00:48:31.630000;2016-03-02T00:48:31.743000;4c090d23-4a03-4160-9341-12a6937e3263;433.86;0.08;SELL
2016-03-02T00:48:31.630000;2016-03-02T00:48:31.743000;7e40e8ba-9b9b-41cd-aa6e-21c03ff9f856;433.85;0.03;SELL
2016-03-02T00:48:31.630000;2016-03-02T00:48:31.797000;621e4dac-2e04-40bf-b795-d9ec085d4991;433.85;0.02;SELL
2016-03-02T00:48:31.630000;2016-03-02T00:48:31.797000;66b8eafa-9501-4dbd-bfa5-bacc4e9fba05;433.85;0.01;SELL
2016-03-02T00:48:31.633000;2016-03-02T00:48:31.797000;ed55d9e2-051a-4870-aef1-cd6d8c194109;433.85;0.16;SELL
2016-03-02T00:48:31.633000;2016-03-02T00:48:31.797000;5c62be3f-3dbf-4ac1-bb22-df33006e2053;433.84;0.012;SELL
2016-03-02T00:48:31.633000;2016-03-02T00:48:31.797000;c8752125-5a8c-48d3-bcfd-20834c90da41;433.84;0.8;SELL
2016-03-02T00:48:31.633000;2016-03-02T00:48:31.820000;eb48ea11-47cb-4cb2-827a-7ed26e1e6b34;433.83;0.012;SELL
2016-03-02T00:48:31.633000;2016-03-02T00:48:31.820000;3be5c0a4-555c-46c3-91d6-b63586785aa5;433.83;4.80871;SELL
2016-03-02T00:49:01.590000;2016-03-02T00:49:01.657000;fdef0366-1f69-4bc5-9343-b3b95458a325;433.85;0.19;BUY
2016-03-02T00:49:01.590000;2016-03-02T00:49:01.677000;e7c8ef50-6165-4b98-8072-385b1db15787;433.89;0.01;BUY
2016-03-02T00:49:01.590000;2016-03-02T00:49:01.700000;bd01e321-a19f-448f-a47a-470d4ccd43ce;433.9;0.03;BUY
2016-03-02T00:49:01.590000;2016-03-02T00:49:01.700000;3af76518-b4a3-4884-9f1b-e86d058359e9;433.9;0.02;BUY
2016-03-02T00:49:01.590000;2016-03-02T00:49:01.700000;12a85479-7fec-408d-b142-277abd20a87d;433.92;0.02;BUY
2016-03-02T00:49:01.590000;2016-03-02T00:49:01.700000;5f607eb5-879b-4e03-bfdc-561efdac5b67;433.94;0.02;BUY
2016-03-02T00:49:01.590000;2016-03-02T00:49:01.700000;53b34fa5-793e-4059-a165-4bad47a64f9b;433.96;0.57694;BUY
2016-03-02T00:49:03.903000;2016-03-02T00:49:03.997000;5605f4b1-0bfb-46dd-bb63-a22abd5a33b4;433.89;0.02;SELL
2016-03-02T00:49:03.903000;2016-03-02T00:49:03.997000;f014991d-8c35-4336-b11d-8faea53d1840;433.89;0.38;SELL
2016-03-02T00:49:32.347000;2016-03-02T00:49:32.403000;ac1bcdc9-6525-4987-b00d-c5f9ecc68fd5;433.93;0.01;BUY
2016-03-02T00:49:32.347000;2016-03-02T00:49:32.450000;5204f4a3-1a69-4bf1-8e3a-1c7593e66b24;433.94;0.02;BUY
2016-03-02T00:49:32.347000;2016-03-02T00:49:32.450000;ecadc466-bf33-44cd-aee7-fa4a6306807c;433.95;0.012;BUY
2016-03-02T00:49:32.347000;2016-03-02T00:49:32.467000;acdda085-be03-460a-9188-58dd6b862ef0;433.98;0.01;BUY
2016-03-02T00:49:32.347000;2016-03-02T00:49:32.467000;c4f8bda3-0cda-4468-b7ea-50d4eef645e3;434.0;0.17855;BUY
2016-03-02T00:50:02.077000;2016-03-02T00:50:02.137000;2a5302a7-57e0-4da4-bcfc-2245d9934818;433.92;0.2;BUY
2016-03-02T00:50:02.077000;2016-03-02T00:50:02.157000;c0cb89a0-597e-4ed2-9fba-f96ae057541e;433.98;0.01;BUY
2016-03-02T00:50:02.077000;2016-03-02T00:50:02.177000;720ad59f-4f1e-4890-8493-0fa48b224a40;433.99;0.012;BUY
2016-03-02T00:50:02.077000;2016-03-02T00:50:02.177000;c7d7f4e2-edb2-474e-bd88-61c25da989b7;434.0;0.72270019;BUY
2016-03-02T00:50:02.077000;2016-03-02T00:50:02.177000;813d38a8-260a-4201-8b86-c198b3392f46;434.0;0.01;BUY
2016-03-02T00:50:02.077000;2016-03-02T00:50:02.230000;cd7b3fc5-3589-4575-ab70-6870e9dcdda8;434.01;0.01;BUY
2016-03-02T00:50:02.077000;2016-03-02T00:50:02.230000;b59850c3-1718-417f-865d-df41a102948e;434.01;0.23;BUY
2016-03-02T00:50:02.077000;2016-03-02T00:50:02.230000;dfce4267-e6e2-4379-9e9b-e2ab5f66ed04;434.05;0.02;BUY
2016-03-02T00:50:02.077000;2016-03-02T00:50:02.230000;6e45dc6e-7a13-4189-95ee-e5aece9cb456;434.06;0.02;BUY
2016-03-02T00:50:02.077000;2016-03-02T00:50:02.230000;08d8e306-9211-42bb-b556-dda71255a6ae;434.08;0.01;BUY
2016-03-02T00:50:02.077000;2016-03-02T00:50:02.253000;a2317669-f56c-484f-aea9-dc8116fffc9e;434.1;0.01871926;BUY
2016-03-02T00:50:02.077000;2016-03-02T00:50:02.253000;f6793dff-4be5-4a53-98ce-da94c240f7f0;434.11;0.01;BUY
2016-03-02T00:50:02.077000;2016-03-02T00:50:02.253000;2e3f783e-add4-4380-8ed6-a4921e1a776e;434.12;0.02;BUY
2016-03-02T00:50:02.077000;2016-03-02T00:50:02.253000;59d187f6-7d24-4a3f-82ce-9dadc24256bf;434.13;0.088;BUY
2016-03-02T00:50:02.077000;2016-03-02T00:50:02.253000;0969b33f-50bb-43f4-94b7-d41cf276e6b3;434.14;0.1;BUY
2016-03-02T00:50:02.077000;2016-03-02T00:50:02.273000;5ff9ed57-4a35-4d9c-b23c-ae7595478801;434.15;0.02;BUY
2016-03-02T00:50:02.077000;2016-03-02T00:50:02.273000;34c0b68f-4dbd-4000-9614-e4c59f8b90a3;434.16;0.1;BUY
2016-03-02T00:50:02.077000;2016-03-02T00:50:02.273000;09d85d63-a4e7-4115-83a8-e0bd572f4cd0;434.18;0.02;BUY
2016-03-02T00:50:02.077000;2016-03-02T00:50:02.273000;6c11ff4c-212e-4ed5-a923-1d4fc35bd90a;434.18;0.128;BUY
2016-03-02T00:50:02.077000;2016-03-02T00:50:02.273000;2daa2788-1a5f-4cb2-aab2-8f55c2c5d43d;434.23;1.35699055;BUY
