time_exchange;time_coinpai;guid;price;base_amount;taker_side
2016-02-06T00:00:04.000000;2016-02-06T00:00:04.000000;14b19854-4c7a-4372-a656-a14092e60b3d;386.54;4.12627043;UNKNOWN
2016-02-06T00:03:08.000000;2016-02-06T00:03:08.000000;3ce45ce3-deb3-417e-9ce5-7c5fd44caf6f;386.5;0.0711;UNKNOWN
2016-02-06T00:03:08.000000;2016-02-06T00:03:08.000000;4272eac8-ad5d-40c9-8c1d-2d6a5f7a9ae9;386.44;3.0189;UNKNOWN
2016-02-06T00:08:05.000000;2016-02-06T00:08:05.000000;8cbde517-c792-4912-b244-d80139024435;386.44;0.53694694;UNKNOWN
2016-02-06T00:09:12.000000;2016-02-06T00:09:12.000000;ef05151a-c1e7-4fb0-a7b4-3dae6fdd099f;386.43;0.1;UNKNOWN
2016-02-06T00:10:02.000000;2016-02-06T00:10:02.000000;74c1d850-f93b-4894-9660-cdf4a907a135;386.43;1.01;UNKNOWN
2016-02-06T00:12:05.000000;2016-02-06T00:12:05.000000;36002b25-59cd-4ceb-9849-684f4a9bb8d3;386.43;0.01;UNKNOWN
2016-02-06T00:12:07.000000;2016-02-06T00:12:07.000000;1beae264-814e-44b2-ad0c-eb82b3a0e208;386.43;0.01;UNKNOWN
2016-02-06T00:12:24.000000;2016-02-06T00:12:24.000000;3263a5a2-b6c1-41ef-9029-c787312e2a1b;386.43;3.3877852;UNKNOWN
2016-02-06T00:13:05.000000;2016-02-06T00:13:05.000000;0939d877-6418-4959-b3e9-226a06828a50;386.43;1.7822148;UNKNOWN
2016-02-06T00:13:05.000000;2016-02-06T00:13:05.000000;d9d17787-7884-4b00-a88b-3f9d918afc43;386.42;0.01;UNKNOWN
2016-02-06T00:18:28.000000;2016-02-06T00:18:28.000000;cb032bc2-e577-4fbd-b9c4-2f4d691b9c8f;385.8;0.01;UNKNOWN
2016-02-06T00:18:28.000000;2016-02-06T00:18:28.000000;3bc33198-8510-46cd-91dd-84aa9e9bad84;385.66;0.4204;UNKNOWN
2016-02-06T00:18:28.000000;2016-02-06T00:18:28.000000;9ea6a4f6-1c41-407d-9509-71e3bc94f6b9;386.0;10.0;UNKNOWN
2016-02-06T00:18:28.000000;2016-02-06T00:18:28.000000;a82b9e1b-205f-410b-861b-d7e514cc4dcf;385.93;0.1;UNKNOWN
2016-02-06T00:18:28.000000;2016-02-06T00:18:28.000000;45340e9e-c31f-4f65-9cf6-c10866ca4eba;386.3;0.18;UNKNOWN
2016-02-06T00:18:28.000000;2016-02-06T00:18:28.000000;60c4dfb0-6dd2-4294-9fff-fd510f7b6752;386.0;0.01;UNKNOWN
2016-02-06T00:18:28.000000;2016-02-06T00:18:28.000000;018deb24-470e-444e-b1c9-65276a151fae;386.32;9.2796;UNKNOWN
2016-02-06T00:18:38.000000;2016-02-06T00:18:38.000000;00a8e44c-a629-47f1-b108-9c2fa763c7ed;386.29;5.0;UNKNOWN
2016-02-06T00:18:39.000000;2016-02-06T00:18:39.000000;17d612ec-ab0d-4363-ba77-1bb26761a57a;386.29;5.0;UNKNOWN
2016-02-06T00:18:39.000000;2016-02-06T00:18:39.000000;a82ec3cb-5867-471e-9de5-8f2079ac7868;386.29;0.05;UNKNOWN
2016-02-06T00:18:40.000000;2016-02-06T00:18:40.000000;3c4f0617-e27e-465d-bbea-8b00f0d561a2;386.28;5.0;UNKNOWN
2016-02-06T00:18:47.000000;2016-02-06T00:18:47.000000;ecb24f24-e504-4e30-ae3b-b30fac7e1b12;385.68;0.44;UNKNOWN
2016-02-06T00:19:38.000000;2016-02-06T00:19:38.000000;98298e15-f882-475e-b98b-2b1234af8794;385.74;0.01;UNKNOWN
2016-02-06T00:23:05.000000;2016-02-06T00:23:05.000000;3f03a308-a6a3-4ffb-a18c-94ba54beb4e7;386.12;0.21761815;UNKNOWN
2016-02-06T00:23:05.000000;2016-02-06T00:23:05.000000;306d99aa-b24e-4fdc-a231-9bb37fc902c0;385.94;0.08238185;UNKNOWN
2016-02-06T00:24:55.000000;2016-02-06T00:24:55.000000;b873ee7a-c519-4632-b437-a3954409db5f;385.5;6.0;UNKNOWN
2016-02-06T00:24:55.000000;2016-02-06T00:24:55.000000;8894fe50-a0ce-44a3-9e3a-093118c5ebff;385.88;5.0;UNKNOWN
2016-02-06T00:24:55.000000;2016-02-06T00:24:55.000000;2ef09293-346e-476c-88ee-2bbfec746299;385.1;23.0;UNKNOWN
2016-02-06T00:24:55.000000;2016-02-06T00:24:55.000000;165bbda1-5c7b-4b37-97ee-63defb8c7ec0;385.0;0.01;UNKNOWN
2016-02-06T00:24:55.000000;2016-02-06T00:24:55.000000;8eac0159-2b76-4b7c-8140-cac529d2a716;385.4;0.01;UNKNOWN
2016-02-06T00:24:55.000000;2016-02-06T00:24:55.000000;3ef1941b-c3a6-442d-b805-3266b299babf;385.93;5.0;UNKNOWN
2016-02-06T00:24:55.000000;2016-02-06T00:24:55.000000;77d9bb78-5066-4afe-9411-97e4f0cfb706;385.0;15.3154;UNKNOWN
2016-02-06T00:24:55.000000;2016-02-06T00:24:55.000000;428c8866-a0ab-442a-86c8-3bb5d3242889;385.4;0.05;UNKNOWN
2016-02-06T00:24:55.000000;2016-02-06T00:24:55.000000;047ac414-afdc-42f7-a907-8571309e114c;385.11;3.79089427;UNKNOWN
2016-02-06T00:24:55.000000;2016-02-06T00:24:55.000000;36877fd2-0f21-4757-9826-cf533fa8d2a4;385.6;0.01;UNKNOWN
2016-02-06T00:24:55.000000;2016-02-06T00:24:55.000000;6def62ab-0dba-46e2-ac94-5875a536eeff;385.29;0.01;UNKNOWN
2016-02-06T00:24:55.000000;2016-02-06T00:24:55.000000;34b16429-375b-4007-9823-c6685d612ae6;385.49;12.0;UNKNOWN
2016-02-06T00:24:55.000000;2016-02-06T00:24:55.000000;8af82812-b088-4398-ab41-6f728f2dbb4d;385.42;3.79055898;UNKNOWN
2016-02-06T00:24:55.000000;2016-02-06T00:24:55.000000;75d5b6f4-a602-448e-aca4-9032895593ce;385.37;3.7904153;UNKNOWN
2016-02-06T00:24:55.000000;2016-02-06T00:24:55.000000;3acd3ea2-83cb-4b63-a0f5-27918e500fe7;385.37;14.2603;UNKNOWN
2016-02-06T00:24:55.000000;2016-02-06T00:24:55.000000;55ad6a28-1f2a-4c7d-8ce2-4f6e06dbe870;385.86;5.0;UNKNOWN
2016-02-06T00:24:55.000000;2016-02-06T00:24:55.000000;0457e84a-cfd0-48f4-a7f4-b6a298ff644e;385.2;0.01;UNKNOWN
2016-02-06T00:24:55.000000;2016-02-06T00:24:55.000000;a4c0a27b-a3ad-4307-b3c0-9d6287a42ec2;385.13;15.645;UNKNOWN
2016-02-06T00:24:55.000000;2016-02-06T00:24:55.000000;6b816431-45e3-410b-870b-e713f6753a75;385.0;2.0;UNKNOWN
2016-02-06T00:24:55.000000;2016-02-06T00:24:55.000000;289f6cb2-5173-44c5-8d36-14e5ccfc6a65;385.11;3.01;UNKNOWN
2016-02-06T00:24:55.000000;2016-02-06T00:24:55.000000;fde8fcdf-d5c1-46e6-83d9-dc1d0625f30b;385.23;3.7904153;UNKNOWN
2016-02-06T00:24:55.000000;2016-02-06T00:24:55.000000;04f700f1-c985-49ce-aa0c-cbc8a1fea959;385.28;2.52;UNKNOWN
2016-02-06T00:24:55.000000;2016-02-06T00:24:55.000000;06ff287e-0f8e-47c8-879f-c754cf461dbc;385.14;1.0;UNKNOWN
2016-02-06T00:24:55.000000;2016-02-06T00:24:55.000000;e874a17c-8ec9-4500-a725-c5a293c6b175;385.12;14.786;UNKNOWN
2016-02-06T00:24:55.000000;2016-02-06T00:24:55.000000;1408c61c-83d6-4301-9ec5-306212ad133e;385.09;3.79036741;UNKNOWN
2016-02-06T00:24:55.000000;2016-02-06T00:24:55.000000;6759d635-d52d-4002-befa-718cfe8ca51f;385.29;0.01;UNKNOWN
2016-02-06T00:24:55.000000;2016-02-06T00:24:55.000000;5110b6dc-885b-4cd2-af1d-415fd7b1a2a4;385.28;3.79055898;UNKNOWN
2016-02-06T00:24:55.000000;2016-02-06T00:24:55.000000;8c0096cb-3d55-4db4-b5f4-97ed10265897;385.27;15.9917;UNKNOWN
2016-02-06T00:24:55.000000;2016-02-06T00:24:55.000000;05e6ec4a-292e-480d-b290-a8882d55a0cd;385.37;0.2568;UNKNOWN
2016-02-06T00:24:55.000000;2016-02-06T00:24:55.000000;3e8d0dde-e9b3-4153-be0d-77d5704f43b4;385.2;0.01;UNKNOWN
2016-02-06T00:24:55.000000;2016-02-06T00:24:55.000000;dc3bd96d-1309-4e04-b5cc-296acf035e36;385.23;0.51917201;UNKNOWN
2016-02-06T00:24:55.000000;2016-02-06T00:24:55.000000;1ec77dce-a83b-438b-b5d0-064740794081;385.3;18.0;UNKNOWN
2016-02-06T00:24:56.000000;2016-02-06T00:24:56.000000;4139ef10-045a-44e4-b488-ba1480c52f8a;385.0;0.01;UNKNOWN
2016-02-06T00:24:57.000000;2016-02-06T00:24:57.000000;b2cfcdaf-f1bf-41be-9f55-a458ca343c2f;385.0;0.01;UNKNOWN
2016-02-06T00:24:57.000000;2016-02-06T00:24:57.000000;aa204270-f778-4388-a5bb-b0f3d4bd46a7;385.0;0.01;UNKNOWN
2016-02-06T00:24:58.000000;2016-02-06T00:24:58.000000;95411d88-2cbb-4091-bec2-3e9088ec85e4;385.0;0.01;UNKNOWN
2016-02-06T00:24:58.000000;2016-02-06T00:24:58.000000;eb65fcbd-f7f3-44ec-b032-9e5ba9e5ba63;385.0;0.01;UNKNOWN
2016-02-06T00:24:59.000000;2016-02-06T00:24:59.000000;db99e6b9-dc27-4cee-9977-ada3a56194bb;385.0;0.01;UNKNOWN
2016-02-06T00:24:59.000000;2016-02-06T00:24:59.000000;ff4831bd-91c5-4dc9-8ad1-b24acdb4758b;384.99;0.37;UNKNOWN
2016-02-06T00:25:00.000000;2016-02-06T00:25:00.000000;642ebbc3-40ab-4988-8e2f-2ccc63996b79;385.0;0.01;UNKNOWN
2016-02-06T00:25:00.000000;2016-02-06T00:25:00.000000;4b41178a-f66b-4e0c-9ec1-3b538a34afe1;384.99;6.0324;UNKNOWN
2016-02-06T00:25:00.000000;2016-02-06T00:25:00.000000;c7237a40-e069-47b7-8fa4-ecd1f2618c96;385.0;8.9676;UNKNOWN
2016-02-06T00:25:01.000000;2016-02-06T00:25:01.000000;b49776e4-26a9-4603-8af6-70eee44197a2;385.0;0.01;UNKNOWN
2016-02-06T00:25:03.000000;2016-02-06T00:25:03.000000;f7b0c712-9d1d-4341-afac-38d187547d16;385.0;0.04108;UNKNOWN
2016-02-06T00:25:03.000000;2016-02-06T00:25:03.000000;6bbecbed-ac17-4301-a676-04840d906b68;384.92;0.37;UNKNOWN
2016-02-06T00:25:03.000000;2016-02-06T00:25:03.000000;c78e7dd2-496f-47d4-8859-5d1652063249;384.91;0.13;UNKNOWN
2016-02-06T00:25:04.000000;2016-02-06T00:25:04.000000;aeb5bbe9-dbc1-45a8-95fb-c7be0e9b976c;385.0;0.01;UNKNOWN
2016-02-06T00:25:05.000000;2016-02-06T00:25:05.000000;a0eada80-b539-4b80-a6bf-d70e3db254be;384.99;0.5;UNKNOWN
2016-02-06T00:25:05.000000;2016-02-06T00:25:05.000000;8c416d47-c4d3-4faa-aaa2-2d47a0a54a09;384.99;3.0;UNKNOWN
2016-02-06T00:25:05.000000;2016-02-06T00:25:05.000000;e15eac10-866b-4f61-b0ae-6f0b3b92a8ca;385.0;2.76626225;UNKNOWN
2016-02-06T00:25:05.000000;2016-02-06T00:25:05.000000;02e1eb68-c54e-46c9-85cd-b87627e78ea0;385.0;8.73373775;UNKNOWN
2016-02-06T00:25:08.000000;2016-02-06T00:25:08.000000;c4943cbf-bab5-4161-a2fa-1899b3afb991;385.0;7.63509;UNKNOWN
2016-02-06T00:25:16.000000;2016-02-06T00:25:16.000000;c9e172b9-7bbe-4fc0-9a82-62002df3857a;385.0;5.40135225;UNKNOWN
2016-02-06T00:25:16.000000;2016-02-06T00:25:16.000000;a81e75b1-426c-4733-92e1-88a0f5f41f6f;385.0;9.59864775;UNKNOWN
2016-02-06T00:25:17.000000;2016-02-06T00:25:17.000000;c43682a4-0f03-43fb-8d77-cf2bbf3a333f;384.94;0.21886267;UNKNOWN
2016-02-06T00:25:17.000000;2016-02-06T00:25:17.000000;8858b937-32e2-455c-b20f-95d60fd03e07;384.94;0.37;UNKNOWN
2016-02-06T00:25:21.000000;2016-02-06T00:25:21.000000;fc4a65ad-5b7e-4538-9fed-be28d3036492;384.99;5.0;UNKNOWN
2016-02-06T00:25:22.000000;2016-02-06T00:25:22.000000;e258510d-b013-4d9d-b179-b3a9b64677eb;384.99;0.24;UNKNOWN
2016-02-06T00:25:27.000000;2016-02-06T00:25:27.000000;b644c801-4bd3-4150-8ea1-8102e39e3109;384.98;6.4856;UNKNOWN
2016-02-06T00:25:27.000000;2016-02-06T00:25:27.000000;f1e6aa33-3c92-46fc-a088-642dca19a8ac;384.99;15.0;UNKNOWN
2016-02-06T00:25:32.000000;2016-02-06T00:25:32.000000;4275109c-0d0b-4d70-8068-c6d30e0e2ce5;385.0;4.80827;UNKNOWN
2016-02-06T00:25:39.000000;2016-02-06T00:25:39.000000;d8f17302-2876-4800-a658-b60ea4308d80;384.99;10.0;UNKNOWN
2016-02-06T00:25:44.000000;2016-02-06T00:25:44.000000;8a1891d5-a4bc-4be6-b965-99abf1e3e80d;385.0;7.39999;UNKNOWN
2016-02-06T00:25:44.000000;2016-02-06T00:25:44.000000;a0248ec9-6925-4ac8-a8e2-c87ad940f840;384.98;6.4515;UNKNOWN
2016-02-06T00:25:46.000000;2016-02-06T00:25:46.000000;6478cabc-a058-4462-9d82-e417bc62e721;385.0;2.39038775;UNKNOWN
2016-02-06T00:25:46.000000;2016-02-06T00:25:46.000000;aad788f2-8866-485c-9883-ca385a20bc49;385.24;7.60961225;UNKNOWN
2016-02-06T00:25:51.000000;2016-02-06T00:25:51.000000;50cba025-35e2-4e35-ba95-3f74d9158dbb;385.37;2.5;UNKNOWN
2016-02-06T00:25:57.000000;2016-02-06T00:25:57.000000;41e60b68-2c83-4428-8a23-71e346f297b4;384.99;4.5859;UNKNOWN
2016-02-06T00:25:57.000000;2016-02-06T00:25:57.000000;4702c9be-f69f-4cfb-af1e-b73e42cca228;385.38;0.4141;UNKNOWN
2016-02-06T00:26:20.000000;2016-02-06T00:26:20.000000;8056ed96-50da-44b0-a5ef-a6258ded4cd5;385.12;7.86061;UNKNOWN
2016-02-06T00:26:20.000000;2016-02-06T00:26:20.000000;4746afd6-4546-47a0-9987-eded342305ad;385.12;5.0;UNKNOWN
2016-02-06T00:26:23.000000;2016-02-06T00:26:23.000000;738a77f8-1b5e-47a6-b5c2-e0a359221f55;385.0;10.0;UNKNOWN
2016-02-06T00:26:37.000000;2016-02-06T00:26:37.000000;d28a0d8c-beeb-4f0b-b082-d0fb36abb59e;385.1;5.0;UNKNOWN
2016-02-06T00:26:37.000000;2016-02-06T00:26:37.000000;39ab189f-554b-4dd8-98df-2a37cf902da2;385.1;5.0;UNKNOWN
2016-02-06T00:27:06.000000;2016-02-06T00:27:06.000000;990459d0-60e7-4452-bdcd-3841c08ac128;385.09;1.16876;UNKNOWN
2016-02-06T00:27:06.000000;2016-02-06T00:27:06.000000;0d5e8f20-84c3-4878-9350-7b334b1a65ca;385.1;8.83124;UNKNOWN
2016-02-06T00:28:06.000000;2016-02-06T00:28:06.000000;771e6712-6e3d-4831-931e-5eeedc38eef7;384.63;14.6763;UNKNOWN
2016-02-06T00:28:06.000000;2016-02-06T00:28:06.000000;2be6b22f-6aae-4073-9b52-a50c67c0c7d0;384.7;0.2563;UNKNOWN
2016-02-06T00:28:06.000000;2016-02-06T00:28:06.000000;27e84234-de7e-4bb0-8709-971b5a526e9f;384.65;31.8986;UNKNOWN
2016-02-06T00:28:06.000000;2016-02-06T00:28:06.000000;8d88fe7d-0d61-4a0a-91b4-2e02dfa263dd;384.66;6.4696;UNKNOWN
2016-02-06T00:28:06.000000;2016-02-06T00:28:06.000000;ca6d66c4-4cda-4b29-a936-a97eb688f015;384.86;0.0546;UNKNOWN
2016-02-06T00:28:06.000000;2016-02-06T00:28:06.000000;a97e606c-7e59-4b3b-a87b-2deec47d781a;385.07;3.8312;UNKNOWN
2016-02-06T00:28:06.000000;2016-02-06T00:28:06.000000;d8acb9a4-2c68-4b49-bb7c-1ad7f89ee794;384.6;0.01;UNKNOWN
2016-02-06T00:28:06.000000;2016-02-06T00:28:06.000000;c5221c54-43c3-4612-965e-e4f70bcff122;384.8;0.01;UNKNOWN
2016-02-06T00:28:06.000000;2016-02-06T00:28:06.000000;0835a185-d3c6-4b13-aee3-2ed2a9fda211;385.08;3.8312;UNKNOWN
2016-02-06T00:28:06.000000;2016-02-06T00:28:06.000000;fc12dfae-ab57-439e-8457-e28b517becd8;385.07;3.8312;UNKNOWN
2016-02-06T00:28:06.000000;2016-02-06T00:28:06.000000;81c45f4f-779b-4bd2-b67e-1dcecb69c986;385.08;11.5751;UNKNOWN
2016-02-06T00:28:06.000000;2016-02-06T00:28:06.000000;3d83aa32-dcc9-4949-bead-f3bacd90a6f9;384.86;0.0341;UNKNOWN
2016-02-06T00:28:06.000000;2016-02-06T00:28:06.000000;ad6baea4-624b-4c2b-891a-4c7a63e09673;385.09;10.25;UNKNOWN
2016-02-06T00:28:06.000000;2016-02-06T00:28:06.000000;c8a62df0-5c96-4522-87ed-75c144cb5c7d;384.49;2.17879068;UNKNOWN
2016-02-06T00:28:06.000000;2016-02-06T00:28:06.000000;f0a30126-fe3e-4cac-963f-a99b82f0b8a0;384.6;1.0;UNKNOWN
2016-02-06T00:28:06.000000;2016-02-06T00:28:06.000000;ebca7780-c3bb-4504-93a4-52a6d7370a13;385.08;3.8312;UNKNOWN
2016-02-06T00:28:06.000000;2016-02-06T00:28:06.000000;dc1c065b-17b3-41e8-998a-d7f20c6d3686;385.07;3.8312;UNKNOWN
2016-02-06T00:28:07.000000;2016-02-06T00:28:07.000000;20f8dfdb-1100-4186-879a-1eccb804d5ca;384.46;9.64356068;UNKNOWN
2016-02-06T00:28:07.000000;2016-02-06T00:28:07.000000;73ae6d95-66d3-4d39-ada8-83954376ebf1;384.46;1.6237207;UNKNOWN
2016-02-06T00:28:07.000000;2016-02-06T00:28:07.000000;b818710e-39aa-4e26-a78f-628b532817de;384.49;14.82120932;UNKNOWN
2016-02-06T00:28:07.000000;2016-02-06T00:28:07.000000;b0df57b0-bfe3-461c-8f4f-794f460d7eeb;384.46;1.15533978;UNKNOWN
2016-02-06T00:28:09.000000;2016-02-06T00:28:09.000000;9e723b4d-d727-450b-8efb-2f01973bfa36;384.45;0.35;UNKNOWN
2016-02-06T00:28:09.000000;2016-02-06T00:28:09.000000;fdfac8dd-6cf9-4d48-8ee6-2a9d6cfc3ffc;384.44;0.69983591;UNKNOWN
2016-02-06T00:28:13.000000;2016-02-06T00:28:13.000000;40493d42-819b-49ee-a07f-577b8938a962;384.66;8.82304124;UNKNOWN
2016-02-06T00:28:19.000000;2016-02-06T00:28:19.000000;3f9ce1f4-df4f-4ba5-bbab-cd1730d39ec9;384.86;10.0;UNKNOWN
2016-02-06T00:28:19.000000;2016-02-06T00:28:19.000000;b5daace3-63cd-4512-abf4-3643eb35099f;384.97;6.0;UNKNOWN
2016-02-06T00:28:19.000000;2016-02-06T00:28:19.000000;b696954c-63ae-4b00-b605-7524d88b3ed6;384.98;2.081;UNKNOWN
2016-02-06T00:28:19.000000;2016-02-06T00:28:19.000000;796763cf-9918-4363-b06c-8fd9c96b207c;384.97;6.418;UNKNOWN
2016-02-06T00:28:19.000000;2016-02-06T00:28:19.000000;56768b64-ecda-4bd8-aa71-7328f140bd98;384.97;0.5;UNKNOWN
2016-02-06T00:28:34.000000;2016-02-06T00:28:34.000000;a133b394-5d63-4140-881e-7a71b3c1aa63;384.95;14.499;UNKNOWN
2016-02-06T00:28:34.000000;2016-02-06T00:28:34.000000;3eb23d37-2ad3-406e-b422-22b6c143b8b6;384.94;0.5;UNKNOWN
2016-02-06T00:28:37.000000;2016-02-06T00:28:37.000000;9b1697c1-5a40-45ad-97ff-55ad69761871;384.4;0.01;UNKNOWN
2016-02-06T00:28:37.000000;2016-02-06T00:28:37.000000;6110f1c2-af27-4d80-895a-108f8b08c6a0;384.41;3.79554656;UNKNOWN
2016-02-06T00:28:37.000000;2016-02-06T00:28:37.000000;692d299a-efd8-4b76-b494-711f5f7e8ba1;384.4;5.0;UNKNOWN
2016-02-06T00:28:37.000000;2016-02-06T00:28:37.000000;6496f573-2852-4c3b-a90a-d634e585f67a;384.26;28.8606;UNKNOWN
2016-02-06T00:28:37.000000;2016-02-06T00:28:37.000000;93ad4dd8-6384-4fdc-9b36-fed4966c2754;384.38;40.0;UNKNOWN
2016-02-06T00:28:37.000000;2016-02-06T00:28:37.000000;0c757a2a-95b3-4497-889e-e17549e1f014;384.25;3.79641113;UNKNOWN
2016-02-06T00:28:37.000000;2016-02-06T00:28:37.000000;b47ecc97-5541-4007-9b5c-560922eba623;384.32;15.8371;UNKNOWN
2016-02-06T00:28:37.000000;2016-02-06T00:28:37.000000;886fa37e-ac1d-4e6a-bec5-3a0867130e39;384.44;69.30016409;UNKNOWN
2016-02-06T00:28:37.000000;2016-02-06T00:28:37.000000;f91294c3-0cea-47e6-9863-442448084afb;384.14;3.79612289;UNKNOWN
2016-02-06T00:28:37.000000;2016-02-06T00:28:37.000000;b2dd7186-e2b2-4a9e-8c2c-9a374d8ad76c;384.13;0.05;UNKNOWN
2016-02-06T00:28:37.000000;2016-02-06T00:28:37.000000;82e3fef6-87d3-4574-8c07-e690cdc8e289;384.12;3.26399764;UNKNOWN
2016-02-06T00:28:37.000000;2016-02-06T00:28:37.000000;64a72f2f-694d-4fa7-bbc6-876341cec33e;384.25;5.0;UNKNOWN
2016-02-06T00:28:37.000000;2016-02-06T00:28:37.000000;7255697a-ba17-4237-a624-4bdfc1924584;384.2;0.01;UNKNOWN
2016-02-06T00:28:37.000000;2016-02-06T00:28:37.000000;d9716085-5ab0-46de-9811-26e2c9dc145a;384.18;16.4781;UNKNOWN
2016-02-06T00:28:37.000000;2016-02-06T00:28:37.000000;45dbb264-5c2c-4296-938b-830c246b0814;384.18;3.79641113;UNKNOWN
2016-02-06T00:28:37.000000;2016-02-06T00:28:37.000000;8bab3df6-efcf-481c-8ed4-c9ed4550a28f;384.86;4.6752;UNKNOWN
2016-02-06T00:28:37.000000;2016-02-06T00:28:37.000000;e584d5e8-c9a4-485d-848b-ed4a43f1ec3a;384.67;0.37;UNKNOWN
2016-02-06T00:28:37.000000;2016-02-06T00:28:37.000000;4e9aae57-c688-4a2a-8409-7fc62aa0f3c1;384.86;0.3569;UNKNOWN
2016-02-06T00:28:37.000000;2016-02-06T00:28:37.000000;a1be8da8-1e81-4d7c-b318-726f398eeea6;384.87;0.37;UNKNOWN
2016-02-06T00:28:37.000000;2016-02-06T00:28:37.000000;62d4a757-38b9-496c-9558-9988805c3145;384.47;6.4379;UNKNOWN
2016-02-06T00:28:37.000000;2016-02-06T00:28:37.000000;c6126126-bff1-4b39-8c8f-09fe7340b8c0;384.86;5.0;UNKNOWN
2016-02-06T00:28:37.000000;2016-02-06T00:28:37.000000;e9314479-8b47-48b5-9429-a7430bb4f357;384.46;3.79554656;UNKNOWN
2016-02-06T00:28:39.000000;2016-02-06T00:28:39.000000;d1c05ac8-4c11-48b6-8d47-d1cb7b3351f0;384.93;4.769;UNKNOWN
2016-02-06T00:28:39.000000;2016-02-06T00:28:39.000000;96c9b475-23fc-4167-a7ba-cac7d3d64a06;384.92;3.0;UNKNOWN
2016-02-06T00:28:39.000000;2016-02-06T00:28:39.000000;50f1d426-ba75-454c-9cff-17d87a42ae9c;384.92;0.5;UNKNOWN
2016-02-06T00:28:39.000000;2016-02-06T00:28:39.000000;25bc8c1f-12b7-4856-bd2a-c40b397dad42;384.92;6.73;UNKNOWN
2016-02-06T00:28:45.000000;2016-02-06T00:28:45.000000;566caff7-c9df-42a2-bc82-8cdee97641d3;384.92;6.4699;UNKNOWN
2016-02-06T00:28:45.000000;2016-02-06T00:28:45.000000;0b9321c1-e7bc-4e33-9bc9-0ce0ddda6a7c;385.0;1.9626;UNKNOWN
2016-02-06T00:28:45.000000;2016-02-06T00:28:45.000000;c705c900-b7be-4b3d-9def-40b5601a27e1;384.91;3.0;UNKNOWN
2016-02-06T00:28:45.000000;2016-02-06T00:28:45.000000;ea923215-b030-401b-a008-97dc67e8d74f;384.93;3.0665;UNKNOWN
2016-02-06T00:28:45.000000;2016-02-06T00:28:45.000000;4917ad61-064b-4491-8fa4-97f1011d798b;384.9;0.5;UNKNOWN
2016-02-06T00:28:51.000000;2016-02-06T00:28:51.000000;c9057901-5efa-4652-962c-1d183292f1bd;385.0;8.0374;UNKNOWN
2016-02-06T00:28:51.000000;2016-02-06T00:28:51.000000;9b3c50da-5d7f-4ef2-8946-bbdeda176b2e;384.99;3.0;UNKNOWN
2016-02-06T00:28:51.000000;2016-02-06T00:28:51.000000;70560241-493d-41bb-908f-7b178a68d040;384.9;0.5;UNKNOWN
2016-02-06T00:28:51.000000;2016-02-06T00:28:51.000000;dcabc427-94c2-4999-aa41-eb94ed1cbb03;385.07;0.3951;UNKNOWN
2016-02-06T00:28:51.000000;2016-02-06T00:28:51.000000;4b30d633-d07f-46f6-8c95-a0e8e3b4ac5c;384.91;3.0665;UNKNOWN
2016-02-06T00:29:05.000000;2016-02-06T00:29:05.000000;05bf166b-9ed3-435a-b877-b6486068e293;384.55;5.2373033;UNKNOWN
2016-02-06T00:29:06.000000;2016-02-06T00:29:06.000000;49b7ce40-a953-4ed2-a498-790d7420d68a;384.23;3.3930013;UNKNOWN
2016-02-06T00:29:06.000000;2016-02-06T00:29:06.000000;f35bc2f4-9050-4be0-9b5d-8430b2ef83ad;384.85;5.0;UNKNOWN
2016-02-06T00:29:06.000000;2016-02-06T00:29:06.000000;e6358eb8-1777-445c-857e-b3bc2a831fd5;384.23;1.98910026;UNKNOWN
2016-02-06T00:29:06.000000;2016-02-06T00:29:06.000000;099b7983-7508-4cd5-9ae9-60e19cbc6920;384.17;14.9546;UNKNOWN
2016-02-06T00:29:06.000000;2016-02-06T00:29:06.000000;153911b1-0c4f-44c4-baea-0837630e768b;384.55;4.2744067;UNKNOWN
2016-02-06T00:29:06.000000;2016-02-06T00:29:06.000000;7bd564d5-ebad-485e-9818-dbed8837689b;384.13;4.59374448;UNKNOWN
2016-02-06T00:29:12.000000;2016-02-06T00:29:12.000000;7dd84815-0de3-4b72-a737-e29fa91f690f;384.84;1.16386282;UNKNOWN
2016-02-06T00:29:13.000000;2016-02-06T00:29:13.000000;fa0d9c57-96d2-4629-8f5a-0a2a5b4d9948;384.02;16.0085;UNKNOWN
2016-02-06T00:29:13.000000;2016-02-06T00:29:13.000000;d59dc7db-1a2c-4230-b3df-d1ebc72442c0;384.0;0.1;UNKNOWN
2016-02-06T00:29:13.000000;2016-02-06T00:29:13.000000;0c70dac6-4f78-4b7e-82b6-10bc8d94e5c0;384.12;6.73600236;UNKNOWN
2016-02-06T00:29:13.000000;2016-02-06T00:29:13.000000;0bde6c39-bdd9-491a-88f0-903959dcd73f;384.0;0.1;UNKNOWN
2016-02-06T00:29:13.000000;2016-02-06T00:29:13.000000;bce74d74-d50a-49cf-addd-e089fd427f9e;384.1;0.17425;UNKNOWN
2016-02-06T00:29:13.000000;2016-02-06T00:29:13.000000;2ffa2bc4-61fc-49c8-a68a-74deaf4f0d12;384.17;15.4917;UNKNOWN
2016-02-06T00:29:13.000000;2016-02-06T00:29:13.000000;9b5e80f6-f4e0-406b-a959-afa388b2f138;384.1;10.4015;UNKNOWN
2016-02-06T00:29:13.000000;2016-02-06T00:29:13.000000;67943de9-7ee8-4039-8ade-cf405df5eaea;384.84;3.83613718;UNKNOWN
2016-02-06T00:29:13.000000;2016-02-06T00:29:13.000000;fb9abf0f-21af-4ae4-a102-732b8e52b713;384.0;5.0;UNKNOWN
2016-02-06T00:29:13.000000;2016-02-06T00:29:13.000000;64119503-4d4e-4dd5-bcd8-651b63da3b44;384.02;5.0;UNKNOWN
2016-02-06T00:29:13.000000;2016-02-06T00:29:13.000000;4e39aa64-3ce3-4d14-933b-9d64a835736a;384.0;0.1;UNKNOWN
2016-02-06T00:29:13.000000;2016-02-06T00:29:13.000000;1fdf5d30-684f-4ab9-8312-539ccd60a35b;384.0;0.25;UNKNOWN
2016-02-06T00:29:13.000000;2016-02-06T00:29:13.000000;e07f27d0-3b66-4ce1-a628-36771b42dc48;384.14;13.605;UNKNOWN
2016-02-06T00:29:13.000000;2016-02-06T00:29:13.000000;45772a5b-596e-4bd1-8ca5-35d69bb24062;384.09;0.05;UNKNOWN
2016-02-06T00:29:13.000000;2016-02-06T00:29:13.000000;cf458fcc-d06d-4da5-b5f9-19692d881265;384.0;5.0;UNKNOWN
2016-02-06T00:29:13.000000;2016-02-06T00:29:13.000000;962adae0-8540-4cbd-8c47-6e54243ff3f2;384.02;3.79665135;UNKNOWN
2016-02-06T00:29:13.000000;2016-02-06T00:29:13.000000;e5d9be63-514d-4cb0-9e41-f19fb98c3931;384.0;0.01;UNKNOWN
2016-02-06T00:29:13.000000;2016-02-06T00:29:13.000000;620f70fb-e0af-4395-8770-a436d7cfc1be;384.0;0.01;UNKNOWN
2016-02-06T00:29:13.000000;2016-02-06T00:29:13.000000;550bc9da-1c46-4535-a802-24c414a93974;384.0;2.65525911;UNKNOWN
2016-02-06T00:29:13.000000;2016-02-06T00:29:13.000000;67018c32-bd56-4f91-ae7d-a9c2fa5786e7;384.68;11.575;UNKNOWN
2016-02-06T00:29:13.000000;2016-02-06T00:29:13.000000;b17fe0d7-8c09-49d9-bf34-74a7f2d12611;384.11;0.1;UNKNOWN
2016-02-06T00:29:15.000000;2016-02-06T00:29:15.000000;23be008b-fa63-4e76-9fc4-ed1c1212299a;384.22;5.0;UNKNOWN
2016-02-06T00:29:15.000000;2016-02-06T00:29:15.000000;79cfe69a-2a81-4522-a396-fa053c6e61c8;384.18;4.04;UNKNOWN
2016-02-06T00:29:15.000000;2016-02-06T00:29:15.000000;f43ec471-8f9d-4381-9c71-bd0e698bbcab;384.14;15.96;UNKNOWN
2016-02-06T00:29:15.000000;2016-02-06T00:29:15.000000;f7790fdf-da5d-4de5-b4ca-129da267e43a;384.0;4.07178418;UNKNOWN
2016-02-06T00:29:18.000000;2016-02-06T00:29:18.000000;615bf849-9b94-4a34-9c00-ee606d511dd6;384.65;5.0;UNKNOWN
2016-02-06T00:29:18.000000;2016-02-06T00:29:18.000000;f6371af8-3ee6-45c3-922a-b066f5d85075;384.64;1.998;UNKNOWN
2016-02-06T00:29:18.000000;2016-02-06T00:29:18.000000;e09c9b55-4875-41a1-b1f6-4ed5af99d001;384.64;0.5;UNKNOWN
2016-02-06T00:29:20.000000;2016-02-06T00:29:20.000000;93dfa5ec-f21b-4935-8406-d3feb5176ad6;384.0;10.0;UNKNOWN
2016-02-06T00:29:20.000000;2016-02-06T00:29:20.000000;7b20d96e-0a60-4117-88a1-bc5791c3038b;384.0;13.27295671;UNKNOWN
2016-02-06T00:29:20.000000;2016-02-06T00:29:20.000000;de2c13bb-57d1-4389-84c3-4d625d626cb7;384.0;21.0;UNKNOWN
2016-02-06T00:29:20.000000;2016-02-06T00:29:20.000000;7eb565c7-14e6-40b2-a9f5-97a992399f51;384.0;0.01;UNKNOWN
2016-02-06T00:29:20.000000;2016-02-06T00:29:20.000000;4e82dd2e-1f44-4865-bd7c-1941dc773061;384.13;30.3999;UNKNOWN
2016-02-06T00:29:21.000000;2016-02-06T00:29:21.000000;8ba4cf70-9c0b-417b-8aa9-e884e3a3b699;383.98;0.2611;UNKNOWN
2016-02-06T00:29:21.000000;2016-02-06T00:29:21.000000;21f969ac-dfaa-4710-8425-62f1e2f2af52;383.95;0.45748941;UNKNOWN
2016-02-06T00:29:23.000000;2016-02-06T00:29:23.000000;b7bd8d6d-a1fd-4641-bb59-4a0d35cb5228;383.51;6.0;UNKNOWN
2016-02-06T00:29:23.000000;2016-02-06T00:29:23.000000;955b349b-2d74-4753-a3bc-054b6dbe069b;383.57;8.40355342;UNKNOWN
2016-02-06T00:29:23.000000;2016-02-06T00:29:23.000000;d4f977d2-ec0e-4f74-8212-2af07f4cda44;383.95;2.60251059;UNKNOWN
2016-02-06T00:29:23.000000;2016-02-06T00:29:23.000000;273e9064-9d51-41f7-abbd-be80da67fb9a;383.65;6.25;UNKNOWN
2016-02-06T00:29:23.000000;2016-02-06T00:29:23.000000;fffd540a-04cb-43ab-a3e1-39293dca1f8a;383.9;0.01;UNKNOWN
2016-02-06T00:29:23.000000;2016-02-06T00:29:23.000000;519202ce-0326-4a11-a83e-bcfda4807fb6;383.71;16.1568;UNKNOWN
2016-02-06T00:29:23.000000;2016-02-06T00:29:23.000000;875af12f-782b-447e-a919-908536e7e348;383.7;0.01;UNKNOWN
2016-02-06T00:29:23.000000;2016-02-06T00:29:23.000000;c40a91e0-2824-4f71-8df9-d2ba29fbaed2;383.9;3.79708384;UNKNOWN
2016-02-06T00:29:23.000000;2016-02-06T00:29:23.000000;43b33124-27c2-40a8-a046-1d1e0c276bd5;383.7;0.33078447;UNKNOWN
2016-02-06T00:29:23.000000;2016-02-06T00:29:23.000000;2cd74a25-469e-4c25-ac6c-ed8559faa4f3;383.74;1.0;UNKNOWN
2016-02-06T00:29:23.000000;2016-02-06T00:29:23.000000;3e0c3b62-f5ab-44a5-b161-d2eaaa3e37f7;383.84;3.79708384;UNKNOWN
2016-02-06T00:29:23.000000;2016-02-06T00:29:23.000000;6cf796c7-f191-49eb-bc69-defa7b545f90;383.72;7.37;UNKNOWN
2016-02-06T00:29:23.000000;2016-02-06T00:29:23.000000;b18cc0c7-5914-49c4-8549-a1970a647904;383.8;0.01;UNKNOWN
2016-02-06T00:29:23.000000;2016-02-06T00:29:23.000000;349fd093-b12b-4ca1-8da5-ff98f9b0aaaa;383.54;0.05;UNKNOWN
2016-02-06T00:29:23.000000;2016-02-06T00:29:23.000000;986b030a-1a00-4370-aa4a-85ebb9bcc860;383.51;10.36176562;UNKNOWN
2016-02-06T00:29:23.000000;2016-02-06T00:29:23.000000;9005332f-d377-40ef-978a-597ce1f58601;383.6;0.01;UNKNOWN
2016-02-06T00:29:23.000000;2016-02-06T00:29:23.000000;9e7d98e2-35b5-4244-8b09-3dce4c67aba1;383.57;1.0033122;UNKNOWN
2016-02-06T00:29:23.000000;2016-02-06T00:29:23.000000;cdaddd04-28a1-4576-be66-f974a5c4700e;383.59;7.78355342;UNKNOWN
2016-02-06T00:29:23.000000;2016-02-06T00:29:23.000000;d7a89508-3371-4d35-bce1-d14a91868042;383.6;0.01;UNKNOWN
2016-02-06T00:29:23.000000;2016-02-06T00:29:23.000000;e95bc464-7b8e-4c2f-97fe-e8d98c6068cd;383.57;2.0;UNKNOWN
2016-02-06T00:29:23.000000;2016-02-06T00:29:23.000000;ff03e9d4-c8cd-4e72-bd74-8a8b885965dc;383.54;14.63823438;UNKNOWN
2016-02-06T00:29:23.000000;2016-02-06T00:29:23.000000;58700681-e9b3-4821-a5f5-5f1b20a3a923;383.6;0.0877;UNKNOWN
2016-02-06T00:29:23.000000;2016-02-06T00:29:23.000000;674b807d-b7f7-47b7-bcc4-f122352df1f1;383.54;1.06986562;UNKNOWN
2016-02-06T00:29:23.000000;2016-02-06T00:29:23.000000;c01619e5-9f0c-420f-8ec3-99595868b770;383.66;2.85;UNKNOWN
2016-02-06T00:29:23.000000;2016-02-06T00:29:23.000000;ce34a595-3df2-4b15-a7c3-3cc5ebf77d1e;383.84;4.31407827;UNKNOWN
2016-02-06T00:29:23.000000;2016-02-06T00:29:23.000000;fa6d58be-f7e4-4fd5-825c-f12385c3e2cb;383.84;11.02342173;UNKNOWN
2016-02-06T00:29:23.000000;2016-02-06T00:29:23.000000;112ad671-2037-4aa0-8180-25a995b6fa49;383.96;23.37;UNKNOWN
2016-02-06T00:29:23.000000;2016-02-06T00:29:23.000000;59c5fc81-f486-4c02-ac70-f77910caf1ab;383.77;3.79708384;UNKNOWN
2016-02-06T00:29:23.000000;2016-02-06T00:29:23.000000;1ca5e1ae-379c-4486-af7e-af52e1925f3a;383.85;30.3999;UNKNOWN
2016-02-06T00:29:23.000000;2016-02-06T00:29:23.000000;e0da47c9-4809-480d-8ee0-1f44bdd77808;383.8;0.01;UNKNOWN
2016-02-06T00:29:23.000000;2016-02-06T00:29:23.000000;02eb2eb4-ba40-48ea-90eb-3ac6c2556a6c;383.57;8.88013438;UNKNOWN
2016-02-06T00:29:23.000000;2016-02-06T00:29:23.000000;5424e4ff-2f18-460c-ac37-fb35a6a0a51e;383.59;1.59644658;UNKNOWN
2016-02-06T00:29:23.000000;2016-02-06T00:29:23.000000;0a18ec71-984e-4029-8ce7-2bd05d39c9c5;383.59;0.01;UNKNOWN
2016-02-06T00:29:25.000000;2016-02-06T00:29:25.000000;f7cc6f85-bcf3-45ed-911d-a50eb5e465eb;383.99;5.0;UNKNOWN
2016-02-06T00:29:29.000000;2016-02-06T00:29:29.000000;55783ed0-19ec-4180-b9bb-302f2af0c423;383.98;0.01904;UNKNOWN
2016-02-06T00:29:30.000000;2016-02-06T00:29:30.000000;81d091c5-aa93-4644-ae44-19fa3b88f6eb;383.9;1.6001;UNKNOWN
2016-02-06T00:29:30.000000;2016-02-06T00:29:30.000000;448b92f2-1f40-40d8-b783-0d8ded3312f3;383.51;12.13062187;UNKNOWN
2016-02-06T00:29:30.000000;2016-02-06T00:29:30.000000;d508bde6-1695-4c01-a6e5-6ac252fe92eb;383.97;3.0;UNKNOWN
2016-02-06T00:29:30.000000;2016-02-06T00:29:30.000000;c27bd576-5ac1-422f-9405-e35aefba307b;383.97;0.5;UNKNOWN
2016-02-06T00:29:30.000000;2016-02-06T00:29:30.000000;5a1cc8e2-a19b-4475-8785-7a353f8aed77;383.55;0.01;UNKNOWN
2016-02-06T00:29:30.000000;2016-02-06T00:29:30.000000;857415fe-8ffc-4e97-a85e-5270eec61a20;383.99;11.498;UNKNOWN
2016-02-06T00:29:30.000000;2016-02-06T00:29:30.000000;4b45f13a-8fbd-4bf4-80f9-826cb56617b0;383.51;36.25927813;UNKNOWN
2016-02-06T00:29:30.000000;2016-02-06T00:29:30.000000;4698ec8f-0f11-4b02-97d9-15814bb1c18f;383.99;0.02;UNKNOWN
2016-02-06T00:29:33.000000;2016-02-06T00:29:33.000000;1ca41200-9d26-4259-82a4-7b9e9e70ecd9;383.99;0.26799;UNKNOWN
2016-02-06T00:29:35.000000;2016-02-06T00:29:35.000000;102ffeb9-36df-4bef-baa6-912f0b1d90bb;383.97;0.41150581;UNKNOWN
2016-02-06T00:29:35.000000;2016-02-06T00:29:35.000000;d35cc7ed-b3b9-44b5-8e49-1484a919a927;383.96;1.27749;UNKNOWN
2016-02-06T00:29:35.000000;2016-02-06T00:29:35.000000;daa122e0-6318-4ed6-8b25-ec4c3648dedc;383.97;0.5;UNKNOWN
2016-02-06T00:29:35.000000;2016-02-06T00:29:35.000000;35c70e48-2dbb-4662-8829-4ff16b368011;383.97;0.02104;UNKNOWN
2016-02-06T00:29:38.000000;2016-02-06T00:29:38.000000;b7769ee1-9048-456e-87e2-57aa7c3e6977;383.52;5.0;UNKNOWN
2016-02-06T00:29:38.000000;2016-02-06T00:29:38.000000;f49bf7fd-f306-4874-a1e3-e8399c4aced4;383.52;1.5;UNKNOWN
2016-02-06T00:29:38.000000;2016-02-06T00:29:38.000000;018e3bc6-081f-469a-bf09-9b0c3a272dbc;383.52;0.1;UNKNOWN
2016-02-06T00:29:38.000000;2016-02-06T00:29:38.000000;2dd46c15-7be2-4f81-9c95-9197c72d69a4;383.52;1.5;UNKNOWN
2016-02-06T00:29:38.000000;2016-02-06T00:29:38.000000;c8bc41e8-7f8a-4d7d-b605-d42e8f69fafd;383.52;1.0;UNKNOWN
2016-02-06T00:29:39.000000;2016-02-06T00:29:39.000000;8a65301b-f515-49ed-a7d0-3effa6aff78d;383.94;0.39178;UNKNOWN
2016-02-06T00:29:41.000000;2016-02-06T00:29:41.000000;15c0e39b-e7c0-42b2-80c3-7c0858be3a8f;384.0;10.07978;UNKNOWN
2016-02-06T00:29:41.000000;2016-02-06T00:29:41.000000;9d3754f4-a5f4-4b11-8625-761eea6df9ea;383.94;4.91822;UNKNOWN
2016-02-06T00:29:43.000000;2016-02-06T00:29:43.000000;f209c136-68c0-4a94-8a0c-8c1b66dd303e;383.95;0.1562;UNKNOWN
2016-02-06T00:29:45.000000;2016-02-06T00:29:45.000000;22f9409e-59f3-45d0-844c-4e9f374f539d;384.0;0.501;UNKNOWN
2016-02-06T00:29:47.000000;2016-02-06T00:29:47.000000;8f364c2b-9ba4-48d2-9980-b8aae8754a7f;383.95;0.25351429;UNKNOWN
2016-02-06T00:29:50.000000;2016-02-06T00:29:50.000000;6401e2a9-2473-426a-9628-6384ec6e6284;383.95;0.501;UNKNOWN
2016-02-06T00:29:50.000000;2016-02-06T00:29:50.000000;a2e64818-9063-41f1-96f3-31c36567bd12;383.95;14.998;UNKNOWN
2016-02-06T00:29:51.000000;2016-02-06T00:29:51.000000;ba924b56-5a40-4cb5-8841-7a96e342ebb1;383.95;4.4973;UNKNOWN
2016-02-06T00:29:54.000000;2016-02-06T00:29:54.000000;9f3dfac5-9040-44c4-a198-0128718ece22;384.0;0.501;UNKNOWN
2016-02-06T00:30:01.000000;2016-02-06T00:30:01.000000;0d4f0aa4-3d0a-467e-b11d-36075483a5bd;384.0;2.5;UNKNOWN
2016-02-06T00:30:02.000000;2016-02-06T00:30:02.000000;e0b5f52f-c70a-4dd1-b888-21aac2d680b2;383.89;0.82602933;UNKNOWN
2016-02-06T00:30:02.000000;2016-02-06T00:30:02.000000;ceb239af-5e6b-45f4-a7f1-caeadf84e749;383.9;0.37;UNKNOWN
2016-02-06T00:30:02.000000;2016-02-06T00:30:02.000000;9a99d87c-d528-42fd-a022-9fb2edcece4e;383.77;8.33954;UNKNOWN
2016-02-06T00:30:02.000000;2016-02-06T00:30:02.000000;47e529ee-714d-4a09-b363-d415d3da96e4;383.89;2.57855105;UNKNOWN
2016-02-06T00:30:02.000000;2016-02-06T00:30:02.000000;7daf8ed5-ffe5-447f-918d-89a02dd9e822;383.77;1.59541962;UNKNOWN
2016-02-06T00:30:03.000000;2016-02-06T00:30:03.000000;5a6435c6-a5a5-4562-a4cd-439d44a4923a;383.89;0.02;UNKNOWN
2016-02-06T00:30:03.000000;2016-02-06T00:30:03.000000;eae21d2f-aab4-41d2-bd49-d74389355791;383.89;1.75813733;UNKNOWN
2016-02-06T00:30:03.000000;2016-02-06T00:30:03.000000;7343220d-f925-42b8-aa32-438ed321d578;383.9;0.05;UNKNOWN
2016-02-06T00:30:05.000000;2016-02-06T00:30:05.000000;ff9cfa00-7127-49f2-a6d4-16d1a3b38c54;383.89;2.49210739;UNKNOWN
2016-02-06T00:30:08.000000;2016-02-06T00:30:08.000000;06395f11-9fcd-42bf-bf86-2d5a79158065;383.89;0.54091472;UNKNOWN
2016-02-06T00:30:08.000000;2016-02-06T00:30:08.000000;7a487a65-42cf-4e2f-adda-6e73e436d360;383.89;0.74975528;UNKNOWN
2016-02-06T00:30:09.000000;2016-02-06T00:30:09.000000;159a76c5-7ef9-4e5c-ab91-9f42141a9666;383.9;0.2760459;UNKNOWN
2016-02-06T00:30:09.000000;2016-02-06T00:30:09.000000;07767d12-dab3-466f-9143-25386f3a43a5;383.9;0.04955973;UNKNOWN
2016-02-06T00:30:11.000000;2016-02-06T00:30:11.000000;fdb0ebde-6191-431d-b804-b56c0416badc;383.9;0.60624698;UNKNOWN
2016-02-06T00:30:11.000000;2016-02-06T00:30:11.000000;a188f542-9105-4acc-80b1-2aa182df370a;383.98;1.89375302;UNKNOWN
2016-02-06T00:30:21.000000;2016-02-06T00:30:21.000000;fce0d8bd-1516-4867-ae07-98e9b3708a8c;383.99;1.5;UNKNOWN
2016-02-06T00:30:29.000000;2016-02-06T00:30:29.000000;4cfee5f4-bdee-4073-a855-a93bcef8b0e8;383.99;0.02;UNKNOWN
2016-02-06T00:30:32.000000;2016-02-06T00:30:32.000000;a82d9bd5-86ab-4fe4-b2d5-600043dbf146;383.97;0.01002;UNKNOWN
2016-02-06T00:30:33.000000;2016-02-06T00:30:33.000000;0c3c1b36-78ce-46d0-9f32-847c89575f8d;383.97;15.0;UNKNOWN
2016-02-06T00:30:37.000000;2016-02-06T00:30:37.000000;e128a4a1-fb6d-4eaa-b33b-110866bb096a;383.97;0.501;UNKNOWN
2016-02-06T00:30:38.000000;2016-02-06T00:30:38.000000;43d0620a-f120-4a99-a22f-ff06a4d93d44;383.99;6.4459;UNKNOWN
2016-02-06T00:30:38.000000;2016-02-06T00:30:38.000000;e4dbb9ea-d43f-4713-9d7a-cf4fe0731885;384.0;8.3786;UNKNOWN
2016-02-06T00:30:42.000000;2016-02-06T00:30:42.000000;fd709f00-e08d-4087-8d1f-08e45f061e42;383.95;0.36;UNKNOWN
2016-02-06T00:30:42.000000;2016-02-06T00:30:42.000000;439935b7-3f61-4410-85df-920d296a2ed3;383.95;0.27;UNKNOWN
2016-02-06T00:30:42.000000;2016-02-06T00:30:42.000000;b6431c22-57a9-468b-a5dc-ff88e59a2982;383.96;0.5;UNKNOWN
2016-02-06T00:30:42.000000;2016-02-06T00:30:42.000000;2faf49e7-3685-4ca4-82c3-1a313f2029a0;383.95;0.37;UNKNOWN
2016-02-06T00:30:43.000000;2016-02-06T00:30:43.000000;de2e0c7e-24fe-4d1b-8502-a0da5e8c7eaa;383.99;0.501;UNKNOWN
2016-02-06T00:30:48.000000;2016-02-06T00:30:48.000000;814a4921-d4e5-476d-9ae7-25426f7dd494;384.3;3.80411351;UNKNOWN
2016-02-06T00:30:48.000000;2016-02-06T00:30:48.000000;0f93b53f-e433-4a19-9e91-2ac3179edb29;384.0;5.0;UNKNOWN
2016-02-06T00:30:48.000000;2016-02-06T00:30:48.000000;9ecf9915-49a8-4508-885b-0196fd4bd748;384.0;3.35676329;UNKNOWN
2016-02-06T00:30:48.000000;2016-02-06T00:30:48.000000;198aeed0-825e-4a8a-b337-716d5205fe7a;384.0;2.7;UNKNOWN
2016-02-06T00:30:48.000000;2016-02-06T00:30:48.000000;4114ff74-47d6-4ad5-a424-ac3640927216;384.37;0.1391232;UNKNOWN
2016-02-06T00:30:55.000000;2016-02-06T00:30:55.000000;b1f9bb0f-6f4b-4b30-a139-ce41db931fae;383.99;15.0;UNKNOWN
2016-02-06T00:30:56.000000;2016-02-06T00:30:56.000000;ef929693-3d50-41a1-89bb-83933fc20eff;383.99;0.9871;UNKNOWN
2016-02-06T00:31:03.000000;2016-02-06T00:31:03.000000;582e1479-df6d-4278-9fd8-f8edf8d56284;384.3;0.45;UNKNOWN
2016-02-06T00:31:13.000000;2016-02-06T00:31:13.000000;c3503b9e-57c9-487b-a3a9-45649d34f7f5;384.29;2.0;UNKNOWN
2016-02-06T00:31:20.000000;2016-02-06T00:31:20.000000;94967187-cbf2-4a7a-be66-248e4d0bc336;384.3;2.5;UNKNOWN
2016-02-06T00:31:28.000000;2016-02-06T00:31:28.000000;462e2b97-6805-4554-9825-034e8e98727a;384.3;5.0;UNKNOWN
2016-02-06T00:31:37.000000;2016-02-06T00:31:37.000000;23fd9c9c-d085-4d22-8601-6f7603c26f4b;384.29;2.5;UNKNOWN
2016-02-06T00:32:19.000000;2016-02-06T00:32:19.000000;4d109ac4-eb0b-4afd-b4b3-250db61471b6;384.5;2.5;UNKNOWN
2016-02-06T00:32:28.000000;2016-02-06T00:32:28.000000;a0f98350-efb0-4b66-b6af-684d87b85940;384.5;1.5;UNKNOWN
2016-02-06T00:32:38.000000;2016-02-06T00:32:38.000000;1b707f4e-73b9-42b7-883c-bb083e4a4f6e;384.5;2.5;UNKNOWN
2016-02-06T00:32:45.000000;2016-02-06T00:32:45.000000;7a31db80-ef88-4e64-a58c-b5ceaeb4eb37;384.43;7.34846;UNKNOWN
2016-02-06T00:32:45.000000;2016-02-06T00:32:45.000000;1a898e80-5c79-44df-b407-4a561f52502f;384.44;6.4542;UNKNOWN
2016-02-06T00:32:45.000000;2016-02-06T00:32:45.000000;39a3b098-72e7-4e38-b974-c292991bb378;384.49;0.11;UNKNOWN
2016-02-06T00:32:49.000000;2016-02-06T00:32:49.000000;783a3abb-cdbb-4443-b13c-17dbaad24321;384.5;0.41266;UNKNOWN
2016-02-06T00:32:49.000000;2016-02-06T00:32:49.000000;7901ef00-60fe-4b10-a1a2-d894caeb07c2;384.5;3.5;UNKNOWN
2016-02-06T00:32:49.000000;2016-02-06T00:32:49.000000;b572fc0e-769f-4767-bc98-450a2da8b8ac;384.4;6.08734;UNKNOWN
2016-02-06T00:32:59.000000;2016-02-06T00:32:59.000000;e2a50f2f-13ab-4c08-ba71-3ef035930b22;384.45;2.0;UNKNOWN
2016-02-06T00:33:00.000000;2016-02-06T00:33:00.000000;79f0071d-0bed-48db-a135-41679c94ae9c;384.49;1.0;UNKNOWN
2016-02-06T00:33:08.000000;2016-02-06T00:33:08.000000;6fcaa489-1c04-4152-b16d-aa988e4c532a;384.45;0.75;UNKNOWN
2016-02-06T00:33:08.000000;2016-02-06T00:33:08.000000;a8e5dc3a-ef24-4391-af83-7d6dfcae618c;384.46;0.5;UNKNOWN
2016-02-06T00:33:09.000000;2016-02-06T00:33:09.000000;34728507-430d-4a71-a139-6a84bbaaf933;384.49;15.0;UNKNOWN
2016-02-06T00:33:19.000000;2016-02-06T00:33:19.000000;8ecab462-919d-40bd-872f-48c2854791ec;384.49;2.5;UNKNOWN
2016-02-06T00:33:21.000000;2016-02-06T00:33:21.000000;c561186b-cd79-402b-851e-a351a8e6cecb;384.49;1.43332727;UNKNOWN
2016-02-06T00:33:30.000000;2016-02-06T00:33:30.000000;6e55d366-887d-4ec9-a690-7637b5a2752a;384.48;2.5;UNKNOWN
2016-02-06T00:33:36.000000;2016-02-06T00:33:36.000000;b416fa67-7b29-4159-8e45-3673f6cbadf4;384.48;2.5;UNKNOWN
2016-02-06T00:33:39.000000;2016-02-06T00:33:39.000000;e71b22aa-7b00-47ae-95f7-27ad0fcb239d;384.48;2.5;UNKNOWN
2016-02-06T00:34:14.000000;2016-02-06T00:34:14.000000;f76210f1-57bd-49a2-ab2f-ee5e9a0cfc0c;384.47;2.0;UNKNOWN
2016-02-06T00:34:17.000000;2016-02-06T00:34:17.000000;21a47cf3-8f55-43d6-be90-0d1c3692ffd4;384.47;3.2213;UNKNOWN
2016-02-06T00:34:20.000000;2016-02-06T00:34:20.000000;e56a46eb-2eea-4f72-872c-b624cd485831;384.08;10.05068;UNKNOWN
2016-02-06T00:34:20.000000;2016-02-06T00:34:20.000000;38bc07e6-a745-4adf-a55e-6a26c8e54ff6;384.09;19.2175;UNKNOWN
2016-02-06T00:34:20.000000;2016-02-06T00:34:20.000000;a9d37dc5-52d9-43b0-b947-aba2b062d769;384.46;0.37;UNKNOWN
2016-02-06T00:34:20.000000;2016-02-06T00:34:20.000000;64b4f5ee-a03b-43c3-8225-4f054a4b7929;384.28;5.0;UNKNOWN
2016-02-06T00:34:20.000000;2016-02-06T00:34:20.000000;ad33a1d3-d8aa-4152-a00a-7c57457e183d;384.34;5.0;UNKNOWN
2016-02-06T00:34:20.000000;2016-02-06T00:34:20.000000;fca3bbba-3533-4c0c-ace2-ad9b9552a7fa;384.19;0.0565;UNKNOWN
2016-02-06T00:34:20.000000;2016-02-06T00:34:20.000000;abb32470-401a-4b54-8613-05e85b09ae27;384.32;6.4203;UNKNOWN
2016-02-06T00:34:20.000000;2016-02-06T00:34:20.000000;e79bd432-afcc-4db4-8234-f40a7f224ab7;384.31;5.0;UNKNOWN
2016-02-06T00:34:20.000000;2016-02-06T00:34:20.000000;fe9bfc25-3915-4c3f-b5b5-93e1c3567e48;384.19;0.0844;UNKNOWN
2016-02-06T00:34:20.000000;2016-02-06T00:34:20.000000;2f24896a-3eff-4ff9-bca1-8a8d62d91930;384.45;8.80062;UNKNOWN
2016-02-06T00:34:22.000000;2016-02-06T00:34:22.000000;56d04835-ae70-4ee8-9428-0181e8610eae;384.45;1.0;UNKNOWN
2016-02-06T00:34:34.000000;2016-02-06T00:34:34.000000;14bdf11d-1d2d-421a-80c9-685eded7b37c;384.48;1.29067;UNKNOWN
2016-02-06T00:34:57.000000;2016-02-06T00:34:57.000000;39060cee-bf47-4fd6-8d73-1faac368c8e1;384.47;2.0;UNKNOWN
2016-02-06T00:35:03.000000;2016-02-06T00:35:03.000000;62a6a18c-6cc3-45f8-8588-43d2d7722c96;384.5;0.5923;UNKNOWN
2016-02-06T00:35:03.000000;2016-02-06T00:35:03.000000;a327ea8c-9605-4800-a693-951ab13ffc15;384.47;8.0;UNKNOWN
2016-02-06T00:35:03.000000;2016-02-06T00:35:03.000000;dde843dc-5a57-4180-bda0-84334503bbac;384.48;6.4077;UNKNOWN
2016-02-06T00:35:11.000000;2016-02-06T00:35:11.000000;9c727ae5-8584-4df2-8570-63e1518c055d;384.5;5.0;UNKNOWN
2016-02-06T00:35:19.000000;2016-02-06T00:35:19.000000;8523dbbc-5c2a-42c4-a426-0e957f237082;384.48;5.0;UNKNOWN
2016-02-06T00:35:27.000000;2016-02-06T00:35:27.000000;ca4c7899-a119-473a-97a2-dcc7eeb22737;384.48;5.0;UNKNOWN
2016-02-06T00:35:34.000000;2016-02-06T00:35:34.000000;5db600db-d0f3-4c98-91a2-fc59a9a2d70c;384.48;1.0;UNKNOWN
2016-02-06T00:35:41.000000;2016-02-06T00:35:41.000000;bc3bee5d-7b91-4486-b3ea-f8199408982d;384.49;15.0;UNKNOWN
2016-02-06T00:35:43.000000;2016-02-06T00:35:43.000000;3496573d-f7dc-4318-b534-36414f671889;384.38;0.37;UNKNOWN
2016-02-06T00:35:43.000000;2016-02-06T00:35:43.000000;b251fb3f-ddbe-4cec-b6c3-a91764455a5b;384.37;23.35;UNKNOWN
2016-02-06T00:35:43.000000;2016-02-06T00:35:43.000000;1b7480c9-1967-4e4c-8971-3531cb5e2784;384.25;5.0;UNKNOWN
2016-02-06T00:35:43.000000;2016-02-06T00:35:43.000000;f7fc8e58-7aae-4167-9946-7be7e4cb9b65;384.36;0.37;UNKNOWN
2016-02-06T00:35:43.000000;2016-02-06T00:35:43.000000;0f16b6c9-bf92-4ca5-81b2-7994edf746d6;384.34;0.37;UNKNOWN
2016-02-06T00:35:43.000000;2016-02-06T00:35:43.000000;189f43f5-fe49-456d-875f-7020eca1419b;384.28;5.0;UNKNOWN
2016-02-06T00:35:43.000000;2016-02-06T00:35:43.000000;13740883-081e-477f-9dc8-1b9674e26537;384.29;6.5;UNKNOWN
2016-02-06T00:35:43.000000;2016-02-06T00:35:43.000000;9876c881-caed-4066-9247-80e04b4456a5;384.23;9.04;UNKNOWN
2016-02-06T00:35:48.000000;2016-02-06T00:35:48.000000;51549cb2-665b-46b7-b0d1-a6516d1d86d8;384.45;2.5;UNKNOWN
2016-02-06T00:35:57.000000;2016-02-06T00:35:57.000000;4c015a2f-46df-41fa-a345-3b13df6491b7;384.44;5.0;UNKNOWN
2016-02-06T00:36:05.000000;2016-02-06T00:36:05.000000;939b3c42-00aa-46c4-9e1e-f54bc118d213;384.43;15.0;UNKNOWN
2016-02-06T00:36:20.000000;2016-02-06T00:36:20.000000;66bebf18-e909-453f-878b-29bc6aec0728;384.5;2.5;UNKNOWN
2016-02-06T00:36:20.000000;2016-02-06T00:36:20.000000;b5b6f10a-e31b-4493-b7d8-61af67c781a6;384.48;0.37;UNKNOWN
2016-02-06T00:36:20.000000;2016-02-06T00:36:20.000000;ba12f58e-e90f-4d7b-9a1c-507b8d776644;384.48;0.2014368;UNKNOWN
2016-02-06T00:37:07.000000;2016-02-06T00:37:07.000000;7d84622f-59cd-456c-9e05-05dc503192f3;384.48;1.0;UNKNOWN
2016-02-06T00:37:30.000000;2016-02-06T00:37:30.000000;6c99ab27-58b9-42b9-beae-7d27d3f7fc83;384.18;5.0;UNKNOWN
2016-02-06T00:37:30.000000;2016-02-06T00:37:30.000000;9da146e0-b4cf-44d7-a0a8-56e868a7fe9b;384.25;5.0;UNKNOWN
2016-02-06T00:37:30.000000;2016-02-06T00:37:30.000000;5744d961-8cae-4ac6-899f-7be69f71fc1e;384.21;5.0;UNKNOWN
2016-02-06T00:37:30.000000;2016-02-06T00:37:30.000000;cbc0d750-6f1e-4aa2-9954-8b2ae81fa6f8;384.0;0.6133;UNKNOWN
2016-02-06T00:37:30.000000;2016-02-06T00:37:30.000000;5d35691c-e66d-45fa-a161-71b6b13a93be;384.01;15.9965;UNKNOWN
2016-02-06T00:37:30.000000;2016-02-06T00:37:30.000000;a2abb827-3584-4d05-ae5b-0bf800918f79;384.4;0.37;UNKNOWN
2016-02-06T00:37:30.000000;2016-02-06T00:37:30.000000;4c309ca5-8cfd-4cab-aebb-ea93750cf68d;384.19;0.0565;UNKNOWN
2016-02-06T00:37:30.000000;2016-02-06T00:37:30.000000;58821da0-4dec-41d4-b23a-137e6083bdcd;384.19;0.0844;UNKNOWN
2016-02-06T00:37:30.000000;2016-02-06T00:37:30.000000;b005633c-9770-4199-80b6-d0a42b426a7e;384.27;6.4579;UNKNOWN
2016-02-06T00:37:30.000000;2016-02-06T00:37:30.000000;45e1adee-b3c8-4058-8bfe-ee2f00032936;384.39;11.0514;UNKNOWN
2016-02-06T00:37:30.000000;2016-02-06T00:37:30.000000;e1494102-8796-4841-bef1-92b83d633b26;384.33;0.37;UNKNOWN
2016-02-06T00:37:46.000000;2016-02-06T00:37:46.000000;cd4abe18-c6e2-47f4-8d65-ec3c72704fd1;384.32;6.0;UNKNOWN
2016-02-06T00:37:46.000000;2016-02-06T00:37:46.000000;7a7c3ceb-2f69-4cdd-ab0d-963c3dc21520;384.32;0.5;UNKNOWN
2016-02-06T00:37:46.000000;2016-02-06T00:37:46.000000;29230c26-8d51-436f-b175-407cbb2a0091;384.32;3.0;UNKNOWN
2016-02-06T00:37:46.000000;2016-02-06T00:37:46.000000;215a99c8-6f94-4d5a-b16c-f83473c300ad;384.35;5.5;UNKNOWN
2016-02-06T00:37:56.000000;2016-02-06T00:37:56.000000;488af86e-045e-4fb3-b148-0a9ff8615671;384.48;9.0;UNKNOWN
2016-02-06T00:37:56.000000;2016-02-06T00:37:56.000000;9d90a4f7-9614-40bd-b37d-ea813dae822b;384.49;6.0;UNKNOWN
2016-02-06T00:38:03.000000;2016-02-06T00:38:03.000000;707155dd-b710-4045-a598-e59ee2d70806;384.5;1.49504;UNKNOWN
2016-02-06T00:38:03.000000;2016-02-06T00:38:03.000000;afa4ff72-4c2a-43c6-9c7c-2deb72137e50;384.69;1.05861146;UNKNOWN
2016-02-06T00:38:03.000000;2016-02-06T00:38:03.000000;69322b50-6ba4-40b1-83d4-5831f02ef8cb;384.69;3.80242595;UNKNOWN
2016-02-06T00:38:03.000000;2016-02-06T00:38:03.000000;0692a164-6d13-427e-8373-c1b4c99a359b;384.62;3.80242595;UNKNOWN
2016-02-06T00:38:03.000000;2016-02-06T00:38:03.000000;9f242cd8-c811-44ac-bcf7-e2d90e6780bb;384.07;1.03907069;UNKNOWN
2016-02-06T00:38:03.000000;2016-02-06T00:38:03.000000;5632b588-fff2-46a4-9a86-c20640f8490c;384.55;3.80242595;UNKNOWN
2016-02-06T00:38:39.000000;2016-02-06T00:38:39.000000;99215068-d4d6-45c3-9aa2-2c6bdfc85d6f;384.31;11.2738;UNKNOWN
2016-02-06T00:38:39.000000;2016-02-06T00:38:39.000000;3ff17d91-681e-4244-aa0f-d3818faec427;384.06;2.2341;UNKNOWN
2016-02-06T00:38:39.000000;2016-02-06T00:38:39.000000;e181072f-1ec1-45dd-b084-b2766848db0b;384.07;6.4921;UNKNOWN
2016-02-06T00:38:49.000000;2016-02-06T00:38:49.000000;5eea2338-65a5-4bcf-b481-f2e8fcef93ee;384.08;0.0137;UNKNOWN
2016-02-06T00:38:49.000000;2016-02-06T00:38:49.000000;0ff64aee-cc4d-42ca-b6b7-2dd56b33682b;384.35;2.0;UNKNOWN
2016-02-06T00:38:54.000000;2016-02-06T00:38:54.000000;7b52d94d-d3ee-40c1-ab22-881106682ecd;384.35;4.5;UNKNOWN
2016-02-06T00:38:54.000000;2016-02-06T00:38:54.000000;4cc4b753-c411-42a2-a32f-0005b1273229;384.34;0.5;UNKNOWN
2016-02-06T00:39:00.000000;2016-02-06T00:39:00.000000;df96751f-343e-4d37-95e8-f37171f05e85;384.27;5.0;UNKNOWN
2016-02-06T00:39:09.000000;2016-02-06T00:39:09.000000;918cf78c-ec7f-4ec4-868d-df2f0d109919;384.3;5.15;UNKNOWN
2016-02-06T00:39:09.000000;2016-02-06T00:39:09.000000;989652b4-ce33-45c7-9295-3b54577bf8d7;384.3;9.85;UNKNOWN
2016-02-06T00:39:17.000000;2016-02-06T00:39:17.000000;c0f66c4e-7b71-4f54-8fd5-96c1de5ea409;384.25;15.0;UNKNOWN
2016-02-06T00:39:32.000000;2016-02-06T00:39:32.000000;4cffe9cd-4d06-46e9-87ba-25986d5b3f0a;384.45;10.0;UNKNOWN
2016-02-06T00:39:32.000000;2016-02-06T00:39:32.000000;52ae4616-443a-4035-9c2b-dcf5639d0ac8;384.49;5.0;UNKNOWN
2016-02-06T00:40:55.000000;2016-02-06T00:40:55.000000;011002ee-0361-4628-ac65-396d9daca7bc;384.29;9.95701;UNKNOWN
2016-02-06T00:40:55.000000;2016-02-06T00:40:55.000000;010d242b-6f60-400d-852d-4448f31116ae;384.0;14.75254338;UNKNOWN
2016-02-06T00:42:51.000000;2016-02-06T00:42:51.000000;bf346548-8b8a-4bae-8891-7e88e62b8233;384.04;0.1;UNKNOWN
2016-02-06T00:43:29.000000;2016-02-06T00:43:29.000000;886b6cd9-a97a-4bb3-8b1c-8a55449290b6;384.04;0.37;UNKNOWN
2016-02-06T00:43:30.000000;2016-02-06T00:43:30.000000;3576104a-540b-455a-abe8-eab6dadcb583;384.04;0.37;UNKNOWN
2016-02-06T00:43:46.000000;2016-02-06T00:43:46.000000;3bfd8b3f-e94e-4e74-9b39-c15d1a4f311d;384.09;0.85;UNKNOWN
2016-02-06T00:43:47.000000;2016-02-06T00:43:47.000000;d88d8e77-c84d-42d8-85ba-4dda2f23342b;384.09;15.0;UNKNOWN
2016-02-06T00:43:53.000000;2016-02-06T00:43:53.000000;e761b04a-3dff-481d-b360-f372a15166b3;384.09;0.0886;UNKNOWN
2016-02-06T00:43:53.000000;2016-02-06T00:43:53.000000;97bad28c-0b51-4f08-b1f0-6720a4e144ab;384.09;2.4114;UNKNOWN
2016-02-06T00:43:59.000000;2016-02-06T00:43:59.000000;620f4ed8-0af5-4a57-bb23-454e181d670a;384.09;1.3983657;UNKNOWN
2016-02-06T00:43:59.000000;2016-02-06T00:43:59.000000;64e26f3d-a2b7-43d5-8a71-c81ff677ffd9;384.09;3.6016343;UNKNOWN
2016-02-06T00:44:07.000000;2016-02-06T00:44:07.000000;9a2e0646-a18e-4518-bd13-86824e0e83d5;384.12;15.0;UNKNOWN
2016-02-06T00:44:10.000000;2016-02-06T00:44:10.000000;6c70b1a1-1289-496a-a142-3653b249a9ef;383.2;0.01;UNKNOWN
2016-02-06T00:44:10.000000;2016-02-06T00:44:10.000000;7ab094f1-3115-428b-820d-27750198def1;383.0;3.0;UNKNOWN
2016-02-06T00:44:10.000000;2016-02-06T00:44:10.000000;9f94b5e9-53db-4cf3-83a4-38372ab97f62;382.12;3.80962056;UNKNOWN
2016-02-06T00:44:10.000000;2016-02-06T00:44:10.000000;aabed3b6-36d6-4af7-856c-b95606baa043;384.09;6.4309;UNKNOWN
2016-02-06T00:44:10.000000;2016-02-06T00:44:10.000000;f42bf8ca-8911-4f6c-a45a-ee22909225ed;382.78;0.18554476;UNKNOWN
2016-02-06T00:44:10.000000;2016-02-06T00:44:10.000000;2889d25b-3259-4330-a965-cc05ae7f47a5;383.9;0.0845;UNKNOWN
2016-02-06T00:44:10.000000;2016-02-06T00:44:10.000000;18eb1b3f-1aa1-441b-89c2-13c852b17c63;382.55;40.0;UNKNOWN
2016-02-06T00:44:10.000000;2016-02-06T00:44:10.000000;2fbeec60-e034-4ec3-a259-89329f94c1b8;383.11;200.0;UNKNOWN
2016-02-06T00:44:10.000000;2016-02-06T00:44:10.000000;03acb74a-317c-4af5-8db2-084e49fc6d2b;381.0;2.0;UNKNOWN
2016-02-06T00:44:10.000000;2016-02-06T00:44:10.000000;b051213f-b9ee-4c60-afea-2560d46da225;384.07;5.0;UNKNOWN
2016-02-06T00:44:10.000000;2016-02-06T00:44:10.000000;2d531a70-387c-4f9f-b4f7-b1b48d21eadf;382.51;100.0;UNKNOWN
2016-02-06T00:44:10.000000;2016-02-06T00:44:10.000000;59451bac-3213-4ff9-bda8-02665dab8191;382.61;3.80957218;UNKNOWN
2016-02-06T00:44:10.000000;2016-02-06T00:44:10.000000;6b2a3cf7-d1b5-4042-bcf3-b0a7be36aaa7;381.47;1.645;UNKNOWN
2016-02-06T00:44:10.000000;2016-02-06T00:44:10.000000;4d21db3f-efdc-468e-910d-74381c968ca4;382.23;14.4474;UNKNOWN
2016-02-06T00:44:10.000000;2016-02-06T00:44:10.000000;0a72fbf4-db55-4fc1-93a9-3670cc27ee8e;382.32;3.80966894;UNKNOWN
2016-02-06T00:44:10.000000;2016-02-06T00:44:10.000000;0bd3b9fd-1aea-40de-b504-333e0ff879c8;382.52;4.52;UNKNOWN
2016-02-06T00:44:10.000000;2016-02-06T00:44:10.000000;3dc8097f-f2a4-4a9f-9647-15063a8ba378;383.12;0.254;UNKNOWN
2016-02-06T00:44:10.000000;2016-02-06T00:44:10.000000;01884129-3d22-4b4a-b908-e7ee4dc0eebe;382.01;0.25;UNKNOWN
2016-02-06T00:44:10.000000;2016-02-06T00:44:10.000000;b00bd895-49d4-482d-a716-79028f87881b;382.0;0.3;UNKNOWN
2016-02-06T00:44:10.000000;2016-02-06T00:44:10.000000;05a13a7f-20ac-4ed2-9b43-464a52af8492;381.11;0.19;UNKNOWN
2016-02-06T00:44:10.000000;2016-02-06T00:44:10.000000;a45ffe7a-ca00-4ca4-ac3b-b47308c8fd7a;383.24;0.116;UNKNOWN
2016-02-06T00:44:10.000000;2016-02-06T00:44:10.000000;48f6496e-8d93-409a-b63e-280df6714d99;384.08;0.37;UNKNOWN
2016-02-06T00:44:10.000000;2016-02-06T00:44:10.000000;6bd33030-83bb-4236-9084-4d96e2651e49;383.21;0.05;UNKNOWN
2016-02-06T00:44:10.000000;2016-02-06T00:44:10.000000;7c334857-b643-4e18-a15f-4f697fa37cee;384.07;0.37;UNKNOWN
2016-02-06T00:44:10.000000;2016-02-06T00:44:10.000000;abecbb8d-7750-4465-b8a8-e9930a109313;382.24;10.0;UNKNOWN
2016-02-06T00:44:10.000000;2016-02-06T00:44:10.000000;4e38a0d1-bcb7-41d3-a3f0-6fa8db78e450;381.46;15.6627;UNKNOWN
2016-02-06T00:44:10.000000;2016-02-06T00:44:10.000000;8dbfb14a-7250-4d7f-a3e0-3dba8e03cede;383.99;0.02;UNKNOWN
2016-02-06T00:44:10.000000;2016-02-06T00:44:10.000000;36cf41e0-040b-4be4-9e8e-7227166cf367;381.05;12.0;UNKNOWN
2016-02-06T00:44:10.000000;2016-02-06T00:44:10.000000;0a07c9e4-411c-47cd-b15f-f645440841e4;381.11;0.1;UNKNOWN
2016-02-06T00:44:10.000000;2016-02-06T00:44:10.000000;001845ae-762e-477b-be3e-5d16d12c9649;383.79;5.0;UNKNOWN
2016-02-06T00:44:10.000000;2016-02-06T00:44:10.000000;d8f77a30-a325-4e17-99e7-e36ae851965d;381.12;14.5366;UNKNOWN
2016-02-06T00:44:10.000000;2016-02-06T00:44:10.000000;902fa033-f1c9-451b-b472-786def154635;383.5;0.01;UNKNOWN
2016-02-06T00:44:10.000000;2016-02-06T00:44:10.000000;7db0834f-9c1e-4cfb-b4bf-19aa8cc83f11;382.45;0.05;UNKNOWN
2016-02-06T00:44:10.000000;2016-02-06T00:44:10.000000;751f450d-9251-44a3-8dda-ac9edea06454;384.05;0.37;UNKNOWN
2016-02-06T00:44:10.000000;2016-02-06T00:44:10.000000;ce4246d9-26be-41e1-9058-b48a9095c3ed;383.83;17.491;UNKNOWN
2016-02-06T00:44:10.000000;2016-02-06T00:44:10.000000;43b07e61-a865-4d77-a8e8-c3e1b12fe950;383.9;0.0565;UNKNOWN
2016-02-06T00:44:10.000000;2016-02-06T00:44:10.000000;fce00f14-8493-438c-bfaa-73dca612844d;383.15;0.05;UNKNOWN
2016-02-06T00:44:10.000000;2016-02-06T00:44:10.000000;0aeb5e3a-dd21-4e7f-a38d-da695242d170;382.0;0.0264;UNKNOWN
2016-02-06T00:44:10.000000;2016-02-06T00:44:10.000000;e38f23db-21a4-4666-8d10-99baa60c6482;381.47;6.02;UNKNOWN
2016-02-06T00:44:10.000000;2016-02-06T00:44:10.000000;73e50046-d622-4606-b192-2d234457169e;382.0;8.0;UNKNOWN
2016-02-06T00:44:10.000000;2016-02-06T00:44:10.000000;dd3e575a-c563-4600-8700-508afb53f5fe;381.89;0.89584115;UNKNOWN
2016-02-06T00:44:10.000000;2016-02-06T00:44:10.000000;89a8b772-e3f4-48ef-ba68-cf5607c01b24;383.0;0.01;UNKNOWN
2016-02-06T00:44:10.000000;2016-02-06T00:44:10.000000;6569c106-7fe6-4450-b695-3895b935488c;383.0;0.041;UNKNOWN
2016-02-06T00:44:10.000000;2016-02-06T00:44:10.000000;3b9cd36f-b4f7-4e84-857e-c535192cfd7c;383.0;1.0;UNKNOWN
2016-02-06T00:44:10.000000;2016-02-06T00:44:10.000000;00cdefe4-fb80-4aed-94d6-eaec3ede58d5;384.0;0.24745662;UNKNOWN
2016-02-06T00:44:10.000000;2016-02-06T00:44:10.000000;caf260ea-7e9c-40f0-bd9d-ca9f49612853;384.07;5.0;UNKNOWN
2016-02-06T00:44:10.000000;2016-02-06T00:44:10.000000;875233b2-c3a4-4a35-90da-c0e33646acce;381.65;6.25;UNKNOWN
2016-02-06T00:44:10.000000;2016-02-06T00:44:10.000000;570e3d39-01f4-437c-8ee8-1fcdba3c7e69;384.02;5.0;UNKNOWN
2016-02-06T00:44:10.000000;2016-02-06T00:44:10.000000;9073b457-6eae-45a3-9931-ffae1a5a0d08;383.11;0.1;UNKNOWN
2016-02-06T00:44:10.000000;2016-02-06T00:44:10.000000;136e61d2-9664-4f3a-83f2-c4b47c720b6b;384.03;11.5715;UNKNOWN
2016-02-06T00:44:10.000000;2016-02-06T00:44:10.000000;07d5d1ba-53c6-485f-8055-12e01ee53193;381.53;4.76;UNKNOWN
2016-02-06T00:44:10.000000;2016-02-06T00:44:10.000000;c7400509-c972-4984-b876-8dcc1ad0cccf;381.48;3.77;UNKNOWN
2016-02-06T00:44:10.000000;2016-02-06T00:44:10.000000;1413a287-7f36-4ad3-8d77-a6988acb9902;381.72;0.04213514;UNKNOWN
2016-02-06T00:44:10.000000;2016-02-06T00:44:10.000000;1ba15952-2ceb-482b-b486-ecd4714fce42;383.76;5.0;UNKNOWN
2016-02-06T00:44:10.000000;2016-02-06T00:44:10.000000;88410a31-5bf4-4010-bc82-79923a7d53ab;381.51;2.33799301;UNKNOWN
2016-02-06T00:44:10.000000;2016-02-06T00:44:10.000000;b001316c-c0bf-4581-b7b0-bae1b2441e9a;381.53;0.021779;UNKNOWN
2016-02-06T00:44:10.000000;2016-02-06T00:44:10.000000;1c090377-7470-44d6-b9f9-821c1da831e1;381.77;14.9229;UNKNOWN
2016-02-06T00:44:10.000000;2016-02-06T00:44:10.000000;ec100fc6-f562-44d0-a4f3-784dfb6e0590;382.56;1.818;UNKNOWN
2016-02-06T00:44:10.000000;2016-02-06T00:44:10.000000;9b4d8e70-0a5d-4d86-acc9-6157129a6dd7;382.79;3.80908848;UNKNOWN
2016-02-06T00:44:10.000000;2016-02-06T00:44:10.000000;8c8c5b0a-5e3b-480e-bd91-bc51a19aa29d;381.0;0.02;UNKNOWN
2016-02-06T00:44:10.000000;2016-02-06T00:44:10.000000;a6db6eca-5ff1-428b-b771-8dbc5c31c3fb;383.0;0.5;UNKNOWN
2016-02-06T00:44:10.000000;2016-02-06T00:44:10.000000;8d5b1093-8add-4911-8059-8221b398c9e3;382.58;14.7696;UNKNOWN
2016-02-06T00:44:10.000000;2016-02-06T00:44:10.000000;9f34e352-e322-4817-8a60-c45b328169a8;382.72;14.9214;UNKNOWN
2016-02-06T00:44:10.000000;2016-02-06T00:44:10.000000;3a6645c7-d4ad-4a7d-a77b-010402312c49;382.42;16.3028;UNKNOWN
2016-02-06T00:44:10.000000;2016-02-06T00:44:10.000000;13c2dc4d-69ee-41f1-9239-2564440a7582;382.65;0.1;UNKNOWN
2016-02-06T00:44:10.000000;2016-02-06T00:44:10.000000;91eaf971-83c3-44bf-9609-3076b3df9ace;384.09;3.0;UNKNOWN
2016-02-06T00:44:10.000000;2016-02-06T00:44:10.000000;b35dad11-9e81-4d2e-a74b-ab329eaf404b;383.02;1.98;UNKNOWN
2016-02-06T00:44:10.000000;2016-02-06T00:44:10.000000;79e7145a-75fb-4ce7-a181-15c594e63e4b;381.0;4.0;UNKNOWN
2016-02-06T00:44:10.000000;2016-02-06T00:44:10.000000;d242bdfb-2686-4cbf-a866-154d2c79c3af;381.57;0.6663;UNKNOWN
2016-02-06T00:44:10.000000;2016-02-06T00:44:10.000000;0a6b6e17-6b32-49a2-ad82-c832f93fdfa8;383.0;5.0;UNKNOWN
2016-02-06T00:44:10.000000;2016-02-06T00:44:10.000000;a536d302-c261-45c8-9b8d-2959dfb87b03;381.0;0.19747;UNKNOWN
2016-02-06T00:44:10.000000;2016-02-06T00:44:10.000000;b06c8b98-856a-4551-b93b-95c15b5db2ff;382.73;3.80908848;UNKNOWN
2016-02-06T00:44:10.000000;2016-02-06T00:44:10.000000;a7885c0d-76db-4b58-a324-e42210a3b0d6;383.11;1.0;UNKNOWN
2016-02-06T00:44:10.000000;2016-02-06T00:44:10.000000;72d23f7b-849b-4832-989c-7b402cb1fcfc;383.01;2.71;UNKNOWN
2016-02-06T00:44:10.000000;2016-02-06T00:44:10.000000;e747ec5b-b266-4499-ad21-28dc74fc66d9;381.01;0.25;UNKNOWN
2016-02-06T00:44:10.000000;2016-02-06T00:44:10.000000;d8f321a4-0d8b-4502-a296-0302e28f0796;382.53;0.0218362;UNKNOWN
2016-02-06T00:44:10.000000;2016-02-06T00:44:10.000000;23b57d95-32fb-453d-a9c7-5a012a01278d;382.86;3.80908848;UNKNOWN
2016-02-06T00:44:10.000000;2016-02-06T00:44:10.000000;adf651fa-68e0-4bdf-abdd-2f2e432a50c8;382.9;14.1961;UNKNOWN
2016-02-06T00:44:10.000000;2016-02-06T00:44:10.000000;58319394-bb99-4c25-b398-4d88bf7037a4;380.98;9.78516357;UNKNOWN
2016-02-06T00:44:10.000000;2016-02-06T00:44:10.000000;61400129-09bd-4474-b753-bec13a8d18c3;381.0;5.0;UNKNOWN
2016-02-06T00:44:10.000000;2016-02-06T00:44:10.000000;a0f49319-941f-443d-8cce-8822336d69c0;382.55;0.04018885;UNKNOWN
2016-02-06T00:44:10.000000;2016-02-06T00:44:10.000000;72e93035-ae84-401a-865d-371351181aa7;383.04;1.0;UNKNOWN
2016-02-06T00:44:10.000000;2016-02-06T00:44:10.000000;98435449-dcff-43e3-b9c8-86097fe96bd0;381.61;15.3823;UNKNOWN
2016-02-06T00:44:10.000000;2016-02-06T00:44:10.000000;ec0bc026-4e54-4236-8f44-ed1885704e25;381.0;2.0;UNKNOWN
2016-02-06T00:44:10.000000;2016-02-06T00:44:10.000000;5cbd692b-3e48-4e0a-98b5-fce38af911d2;381.0;0.0366;UNKNOWN
2016-02-06T00:44:10.000000;2016-02-06T00:44:10.000000;65402f89-9994-42eb-a602-0770ca778863;381.0;0.0807;UNKNOWN
2016-02-06T00:44:10.000000;2016-02-06T00:44:10.000000;1a1b0529-d12b-4e3e-a075-ad3ecab590b5;382.93;21.75;UNKNOWN
2016-02-06T00:44:10.000000;2016-02-06T00:44:10.000000;676e3c28-6a7d-4a08-96c4-66512a1ccb01;383.0;5.0;UNKNOWN
2016-02-06T00:44:10.000000;2016-02-06T00:44:10.000000;a6a8b8fe-680b-468d-a90e-b9be94953332;383.0;1.5;UNKNOWN
2016-02-06T00:44:10.000000;2016-02-06T00:44:10.000000;b30a85a5-86c1-4ed4-bf14-e81f2007c9cb;381.01;100.0;UNKNOWN
2016-02-06T00:44:10.000000;2016-02-06T00:44:10.000000;a678720b-fc8f-4ed4-acc2-8fcfcd860319;383.4;0.01;UNKNOWN
2016-02-06T00:44:10.000000;2016-02-06T00:44:10.000000;b17edff0-c8d7-4241-81b5-48dd55ae21d9;383.1;5.0;UNKNOWN
2016-02-06T00:44:10.000000;2016-02-06T00:44:10.000000;c133a83d-0b16-413d-9644-e91f39f60710;381.0;0.21;UNKNOWN
2016-02-06T00:44:10.000000;2016-02-06T00:44:10.000000;36547561-0c84-4e7f-a898-d2622f3f1739;383.1;0.01;UNKNOWN
2016-02-06T00:44:10.000000;2016-02-06T00:44:10.000000;770a95c4-0128-4d3e-bf59-c082b7dfab43;382.39;3.80966894;UNKNOWN
2016-02-06T00:44:10.000000;2016-02-06T00:44:10.000000;ce497489-8bce-4eaa-8b70-25a84a9c6b27;382.94;2.5;UNKNOWN
2016-02-06T00:44:10.000000;2016-02-06T00:44:10.000000;a1fc5a94-421e-4e71-a310-d8b6f9ca69d3;383.0;0.5;UNKNOWN
2016-02-06T00:44:10.000000;2016-02-06T00:44:10.000000;96318a0a-956b-4b45-8be4-057533e15671;383.06;14.8522;UNKNOWN
2016-02-06T00:44:10.000000;2016-02-06T00:44:10.000000;1932ba52-ebf6-49b0-9a00-4845046bf2e9;381.0;28.1485;UNKNOWN
2016-02-06T00:44:10.000000;2016-02-06T00:44:10.000000;e7e828c2-8f74-4383-9044-a0abff5c4d05;381.65;0.2;UNKNOWN
2016-02-06T00:44:10.000000;2016-02-06T00:44:10.000000;61e15ac8-64a9-48e5-970d-56289a3d6f44;384.09;0.5;UNKNOWN
2016-02-06T00:44:10.000000;2016-02-06T00:44:10.000000;141616b1-294b-41a3-9836-91493ef6ebb4;382.26;16.1608;UNKNOWN
2016-02-06T00:44:10.000000;2016-02-06T00:44:10.000000;905fde89-cfbd-44bc-a269-f34957e99a55;382.73;3.0;UNKNOWN
2016-02-06T00:44:10.000000;2016-02-06T00:44:10.000000;7bd4b15b-2132-4bec-8cfe-14d112e0196c;382.48;0.069994;UNKNOWN
2016-02-06T00:44:10.000000;2016-02-06T00:44:10.000000;86e9c471-0d86-4c38-8ae1-5a2be4a27fd3;384.08;23.37;UNKNOWN
2016-02-06T00:44:10.000000;2016-02-06T00:44:10.000000;0e9fc2f5-d067-44f6-bf41-ec87c31d0bf2;382.49;0.3764;UNKNOWN
2016-02-06T00:44:10.000000;2016-02-06T00:44:10.000000;750f8147-405d-4469-9963-cf758c25e4f3;383.01;0.25;UNKNOWN
2016-02-06T00:44:10.000000;2016-02-06T00:44:10.000000;2d7f71d2-d8a7-408e-96e9-f41a2cd0b013;381.63;225.16;UNKNOWN
2016-02-06T00:44:10.000000;2016-02-06T00:44:10.000000;71391812-ab62-4762-a5a9-ef51c7a19a85;382.54;106.18;UNKNOWN
2016-02-06T00:44:10.000000;2016-02-06T00:44:10.000000;092ba60c-59fd-4db4-ac66-4e593ba29fd7;384.08;0.74;UNKNOWN
2016-02-06T00:44:10.000000;2016-02-06T00:44:10.000000;67d068e4-6918-4bf9-aa89-405b404429a5;382.5;0.05;UNKNOWN
2016-02-06T00:44:10.000000;2016-02-06T00:44:10.000000;737bf95f-c93a-4ee9-a7da-8a36151fe595;382.99;0.1236;UNKNOWN
2016-02-06T00:44:10.000000;2016-02-06T00:44:10.000000;db2dc6db-9f60-4e06-99a7-9cd5618c985b;383.0;1.5;UNKNOWN
2016-02-06T00:44:10.000000;2016-02-06T00:44:10.000000;9f3c292b-0899-45f4-bd46-f31485558354;383.38;0.03825099;UNKNOWN
2016-02-06T00:44:10.000000;2016-02-06T00:44:10.000000;b3a3c464-dc4a-428d-8c44-ec4a5b3b84d2;382.26;3.80962056;UNKNOWN
2016-02-06T00:44:10.000000;2016-02-06T00:44:10.000000;5e9aa53b-a621-43d2-b0d9-1ed6ae0197a6;381.79;0.05;UNKNOWN
2016-02-06T00:44:10.000000;2016-02-06T00:44:10.000000;448eb02e-a13b-42c1-ae4b-e7adeee342ac;383.5;0.05;UNKNOWN
2016-02-06T00:44:10.000000;2016-02-06T00:44:10.000000;b0de5162-b991-4702-b6e7-09974ef3d606;383.72;5.0;UNKNOWN
2016-02-06T00:44:10.000000;2016-02-06T00:44:10.000000;b81ccbda-71b1-4367-ad17-b8fba912658b;382.0;0.1;UNKNOWN
2016-02-06T00:44:10.000000;2016-02-06T00:44:10.000000;004be5eb-7aa9-4d61-82e4-c64cfc87e351;381.72;0.05;UNKNOWN
2016-02-06T00:44:10.000000;2016-02-06T00:44:10.000000;2cea1994-9106-496e-a1c7-58d6809ee035;383.51;17.6012;UNKNOWN
2016-02-06T00:44:10.000000;2016-02-06T00:44:10.000000;52d4383f-2b3e-445a-bae6-987ce3edc552;381.0;10.0;UNKNOWN
2016-02-06T00:44:10.000000;2016-02-06T00:44:10.000000;f315515f-7df2-4c14-b314-7790745197c3;382.0;20.0;UNKNOWN
2016-02-06T00:44:10.000000;2016-02-06T00:44:10.000000;0a6ffac3-d65f-406a-9de6-3e9070591275;382.15;0.15;UNKNOWN
2016-02-06T00:44:10.000000;2016-02-06T00:44:10.000000;cfb7d473-2b84-40ee-a552-1973f1462976;383.5;2.0;UNKNOWN
2016-02-06T00:44:10.000000;2016-02-06T00:44:10.000000;c1d512e3-af9d-4eff-825b-270444213a7e;383.5;0.01;UNKNOWN
2016-02-06T00:44:10.000000;2016-02-06T00:44:10.000000;e94e5c4d-c403-4074-9fd0-1c2a071fb7c0;381.29;8.52;UNKNOWN
2016-02-06T00:44:10.000000;2016-02-06T00:44:10.000000;6ae70091-608c-4740-872c-05431ea3ae88;382.0;5.0;UNKNOWN
2016-02-06T00:44:10.000000;2016-02-06T00:44:10.000000;5c0603e7-3f69-430e-ac5d-6151da3dc2d3;382.3;0.25598897;UNKNOWN
2016-02-06T00:44:10.000000;2016-02-06T00:44:10.000000;776c3bfe-9354-4f03-8515-b145d3a4d224;383.22;15.9014;UNKNOWN
2016-02-06T00:44:10.000000;2016-02-06T00:44:10.000000;14c6fff9-2033-477e-a71b-d533aed62ea4;382.05;3.80962056;UNKNOWN
2016-02-06T00:44:10.000000;2016-02-06T00:44:10.000000;4060d36b-0f48-47e0-8183-9345c60abf51;383.2;0.01;UNKNOWN
2016-02-06T00:44:10.000000;2016-02-06T00:44:10.000000;3a9c6b8a-4e74-4994-ae6d-3e802608bc70;383.5;0.75;UNKNOWN
2016-02-06T00:44:10.000000;2016-02-06T00:44:10.000000;c720dfea-e721-4235-94ec-833663dcaadb;382.11;0.05;UNKNOWN
2016-02-06T00:44:10.000000;2016-02-06T00:44:10.000000;41942c7a-db1f-4d5f-9f40-e243ecf12760;382.19;3.80962056;UNKNOWN
2016-02-06T00:44:10.000000;2016-02-06T00:44:10.000000;8c967d09-c813-48c6-9e58-0fc55cae0221;383.3;0.01;UNKNOWN
2016-02-06T00:44:10.000000;2016-02-06T00:44:10.000000;460dc909-a024-4900-b2ee-14f83122ce2a;383.69;15.9965;UNKNOWN
2016-02-06T00:44:10.000000;2016-02-06T00:44:10.000000;b959f8b3-0185-439c-bbca-a37aca8311f4;383.79;14.6525;UNKNOWN
2016-02-06T00:44:10.000000;2016-02-06T00:44:10.000000;6b6231a0-ebd5-4974-92b3-49a98b55ba73;381.94;15.9158;UNKNOWN
2016-02-06T00:44:10.000000;2016-02-06T00:44:10.000000;2f44c5d5-079c-4101-a108-c92b9dab2b61;382.01;0.05;UNKNOWN
2016-02-06T00:44:10.000000;2016-02-06T00:44:10.000000;dd30aff3-67dc-4b85-844c-bfb5c437fec7;382.03;3.07;UNKNOWN
2016-02-06T00:44:10.000000;2016-02-06T00:44:10.000000;c8768867-8d8f-4ab2-be69-ba8576ba8dc9;383.6;0.1262;UNKNOWN
2016-02-06T00:44:10.000000;2016-02-06T00:44:10.000000;5903c3ea-699c-4425-9b0a-f300773870a9;382.33;0.26;UNKNOWN
2016-02-06T00:44:10.000000;2016-02-06T00:44:10.000000;0f79e8f9-3772-43c8-b59a-842d2eae60fe;381.1;1.732;UNKNOWN
2016-02-06T00:44:10.000000;2016-02-06T00:44:10.000000;2e47f808-4b40-4c3e-98b8-f6a3e8e1cfd3;383.69;0.1;UNKNOWN
2016-02-06T00:44:10.000000;2016-02-06T00:44:10.000000;c0172fab-7dd6-4e42-a660-39a5e8d5c40b;382.1;14.2734;UNKNOWN
2016-02-06T00:44:10.000000;2016-02-06T00:44:10.000000;13033f0b-1957-4122-8049-67bba3434f54;382.11;0.1;UNKNOWN
2016-02-06T00:44:10.000000;2016-02-06T00:44:10.000000;6016aeec-c950-4cf6-be7c-3f50bb44d419;383.5;0.01;UNKNOWN
2016-02-06T00:44:10.000000;2016-02-06T00:44:10.000000;f1b9a3b6-6064-4454-a830-2d04f2be5a50;383.68;16.494;UNKNOWN
2016-02-06T00:44:10.000000;2016-02-06T00:44:10.000000;8698e55f-40ae-4fc4-86e9-e9691153cddc;383.6;0.01;UNKNOWN
2016-02-06T00:44:10.000000;2016-02-06T00:44:10.000000;973dc02f-4dc3-4209-b43b-612ed5e8215b;381.28;16.3654;UNKNOWN
2016-02-06T00:44:10.000000;2016-02-06T00:44:10.000000;bfffbb17-902f-42a7-a64d-b84afbaafa0b;381.15;0.25;UNKNOWN
2016-02-06T00:44:10.000000;2016-02-06T00:44:10.000000;84e2e502-997b-4e61-85c0-ae65777d6831;382.0;5.0;UNKNOWN
2016-02-06T00:44:10.000000;2016-02-06T00:44:10.000000;8c0b0c99-73dd-4172-8175-4548b12b36fc;383.4;0.01;UNKNOWN
2016-02-06T00:44:10.000000;2016-02-06T00:44:10.000000;a404eafe-3bc2-45d8-9935-50b98b0f4c63;382.0;1.0;UNKNOWN
2016-02-06T00:44:10.000000;2016-02-06T00:44:10.000000;bc751ac6-c52c-4c7b-8d90-a551c4fe1d85;381.11;0.1;UNKNOWN
2016-02-06T00:44:10.000000;2016-02-06T00:44:10.000000;92129e4b-a41c-428c-93c1-1b78df194f18;381.99;12.5;UNKNOWN
2016-02-06T00:44:10.000000;2016-02-06T00:44:10.000000;46333ba6-0ae5-4bd1-b3e1-8790de60d961;381.1;0.1;UNKNOWN
2016-02-06T00:44:10.000000;2016-02-06T00:44:10.000000;18d5daf4-f802-47a9-87fe-726a5c405669;381.87;25.0;UNKNOWN
2016-02-06T00:44:10.000000;2016-02-06T00:44:10.000000;ad4ffdc3-05e0-48b8-a361-cf4ecf21c6eb;382.0;0.1;UNKNOWN
2016-02-06T00:44:10.000000;2016-02-06T00:44:10.000000;8f033eda-998a-4930-be64-4c0235c7830b;381.85;0.01;UNKNOWN
2016-02-06T00:44:10.000000;2016-02-06T00:44:10.000000;ac9a2407-cf83-48d5-b4c6-3987121fcc6d;383.37;14.699;UNKNOWN
2016-02-06T00:44:10.000000;2016-02-06T00:44:10.000000;dd62fb39-6bb8-4264-a7ce-9f0d6a01a2d5;383.38;4.0;UNKNOWN
2016-02-06T00:44:10.000000;2016-02-06T00:44:10.000000;a455685a-0ccb-4d85-8c29-fa3c821a0aa9;382.0;0.0195;UNKNOWN
2016-02-06T00:44:10.000000;2016-02-06T00:44:10.000000;1a71fc3d-2cbd-45b1-bb2b-62f7afb722e4;382.0;22.5297;UNKNOWN
2016-02-06T00:44:10.000000;2016-02-06T00:44:10.000000;07faa1d8-90db-4867-9e15-e35b7e7b1dd8;382.02;0.01;UNKNOWN
2016-02-06T00:44:10.000000;2016-02-06T00:44:10.000000;829d975b-ee55-44e1-a2f9-b5bb5194a0bd;383.51;10.3474;UNKNOWN
2016-02-06T00:44:14.000000;2016-02-06T00:44:14.000000;c48526ae-07ed-4f52-9db6-2953aa087711;384.07;5.0;UNKNOWN
2016-02-06T00:44:14.000000;2016-02-06T00:44:14.000000;f15dc84f-5337-4f1e-a371-cb6132867f28;384.18;5.0;UNKNOWN
2016-02-06T00:44:18.000000;2016-02-06T00:44:18.000000;1e17300b-9c67-43b8-8c66-05e5fca9a911;382.62;0.05;UNKNOWN
2016-02-06T00:44:18.000000;2016-02-06T00:44:18.000000;75c491a1-0d2f-4586-ad12-5cf3cc7bf4f9;382.62;5.55;UNKNOWN
2016-02-06T00:44:18.000000;2016-02-06T00:44:18.000000;683332d5-26f5-42ee-a8f5-6dfdbea3daf0;382.62;12.45;UNKNOWN
2016-02-06T00:44:18.000000;2016-02-06T00:44:18.000000;67aa63dd-9812-4609-aef7-ff01354cff64;383.0;0.01;UNKNOWN
2016-02-06T00:44:18.000000;2016-02-06T00:44:18.000000;5fa4cb91-72d0-4059-b374-776a3a1afb44;383.24;0.5;UNKNOWN
2016-02-06T00:44:18.000000;2016-02-06T00:44:18.000000;29ea1ba9-cffb-4f09-bed4-0443d989ca09;383.23;11.99;UNKNOWN
2016-02-06T00:44:18.000000;2016-02-06T00:44:18.000000;cff6aac6-551a-44d7-ba80-56ffc6258cae;382.62;12.0;UNKNOWN
2016-02-06T00:44:18.000000;2016-02-06T00:44:18.000000;d5224614-1176-4d8f-b51e-57720f6caf4e;382.31;3.80778311;UNKNOWN
2016-02-06T00:44:18.000000;2016-02-06T00:44:18.000000;ea2bdced-c878-429d-b529-665e260492bc;381.77;1.35381013;UNKNOWN
2016-02-06T00:44:18.000000;2016-02-06T00:44:18.000000;4adca45e-5bd1-4984-984e-931cba85610e;382.24;3.64221689;UNKNOWN
2016-02-06T00:44:18.000000;2016-02-06T00:44:18.000000;09253c98-d9cb-4985-9062-a8a9b334c1d8;382.24;0.16556622;UNKNOWN
2016-02-06T00:44:18.000000;2016-02-06T00:44:18.000000;43c1bf0d-b00d-450b-8914-792eb8366c72;381.76;8.43062365;UNKNOWN
2016-02-06T00:44:18.000000;2016-02-06T00:44:18.000000;52ef566e-4da2-4187-a463-c9bec0f402e1;381.78;0.05;UNKNOWN
2016-02-06T00:44:18.000000;2016-02-06T00:44:18.000000;3a3fcaf3-dfbf-47b1-b3ed-272505c1bae2;381.76;7.0;UNKNOWN
2016-02-06T00:44:18.000000;2016-02-06T00:44:18.000000;67b929e1-c5df-41eb-b7d2-879331545fe0;381.76;0.5;UNKNOWN
2016-02-06T00:44:19.000000;2016-02-06T00:44:19.000000;1f58ee8a-799b-46c8-8919-150bbb285ba9;383.24;0.8380346;UNKNOWN
2016-02-06T00:44:24.000000;2016-02-06T00:44:24.000000;b684848e-9f9f-4dd3-bb9f-2d738cf8108c;383.65;15.0;UNKNOWN
2016-02-06T00:44:25.000000;2016-02-06T00:44:25.000000;e78294fe-6bc0-4137-abc6-232fb879b3b2;383.64;0.01;UNKNOWN
2016-02-06T00:44:27.000000;2016-02-06T00:44:27.000000;e87028e3-f978-4827-9dc5-7d9836a7e6bc;381.76;0.267;UNKNOWN
2016-02-06T00:44:27.000000;2016-02-06T00:44:27.000000;c0139ce6-bec0-4838-ba4c-21e81c7b438f;381.01;35.0;UNKNOWN
2016-02-06T00:44:27.000000;2016-02-06T00:44:27.000000;48a592ee-5320-4ae6-b277-631dd91dfa07;381.97;40.0;UNKNOWN
2016-02-06T00:44:27.000000;2016-02-06T00:44:27.000000;3ddf842f-c9e1-497b-9ccd-dc9d993841d9;381.98;0.4688;UNKNOWN
2016-02-06T00:44:27.000000;2016-02-06T00:44:27.000000;3ba24a75-35fd-4ea4-8780-91a6b532093a;380.93;0.01744791;UNKNOWN
2016-02-06T00:44:27.000000;2016-02-06T00:44:27.000000;79fed92b-58d7-4490-b732-8aa24912c44e;381.04;0.4;UNKNOWN
2016-02-06T00:44:27.000000;2016-02-06T00:44:27.000000;0d6282b7-37d7-4b14-8e2e-b4447def8dba;380.9;0.01;UNKNOWN
2016-02-06T00:44:27.000000;2016-02-06T00:44:27.000000;7bf7304e-815c-4bc6-baad-8c2be59c58df;381.02;1.88230099;UNKNOWN
2016-02-06T00:44:27.000000;2016-02-06T00:44:27.000000;e9686ccb-2b51-4863-9273-325b9f7e5c4b;380.93;8.0984;UNKNOWN
2016-02-06T00:44:27.000000;2016-02-06T00:44:27.000000;e10aa4be-cf87-433e-ae36-f6c2f69aff0e;381.14;16.541;UNKNOWN
2016-02-06T00:44:27.000000;2016-02-06T00:44:27.000000;62e7ca23-58af-4f59-8a01-3b391689dad2;380.93;12.88415209;UNKNOWN
2016-02-06T00:44:27.000000;2016-02-06T00:44:27.000000;f82719ac-d4d5-40df-a482-a0fe611be971;381.47;11.99;UNKNOWN
2016-02-06T00:44:27.000000;2016-02-06T00:44:27.000000;2feb8772-aec2-4ae2-ab3f-56e6805d6fb6;381.31;1.2493148;UNKNOWN
2016-02-06T00:44:27.000000;2016-02-06T00:44:27.000000;7a7926d7-6770-4bcb-9172-e4618b43f8f2;380.88;1.0;UNKNOWN
2016-02-06T00:44:27.000000;2016-02-06T00:44:27.000000;07a86d28-5044-48b5-8a14-1e8d162cfb2e;380.89;0.04408991;UNKNOWN
2016-02-06T00:44:27.000000;2016-02-06T00:44:27.000000;489a0aaf-8564-4e49-afde-fc5a80a09545;381.64;0.7;UNKNOWN
2016-02-06T00:44:27.000000;2016-02-06T00:44:27.000000;1dbdd45b-3d0e-4405-a77d-efaa586a8c1f;380.87;22.92846218;UNKNOWN
2016-02-06T00:44:27.000000;2016-02-06T00:44:27.000000;6536713c-b88e-409f-bc9f-0d24351c59ac;381.99;3.9688;UNKNOWN
2016-02-06T00:44:27.000000;2016-02-06T00:44:27.000000;c3f5d273-ccb1-4cee-b8b5-415039a5d240;381.98;0.0312;UNKNOWN
2016-02-06T00:44:27.000000;2016-02-06T00:44:27.000000;e601b04f-14c0-441c-99cd-23e070cd54a7;381.63;16.906;UNKNOWN
2016-02-06T00:44:27.000000;2016-02-06T00:44:27.000000;f33589a1-5ded-442c-95bc-1c8a7bf30a92;381.46;16.3351;UNKNOWN
2016-02-06T00:44:27.000000;2016-02-06T00:44:27.000000;603a3c27-36be-4cb2-98c8-62aade28bbf3;381.0;1.4;UNKNOWN
2016-02-06T00:44:27.000000;2016-02-06T00:44:27.000000;6f169b22-6fca-4412-93e4-a434f9813bfa;381.94;17.407;UNKNOWN
2016-02-06T00:44:27.000000;2016-02-06T00:44:27.000000;f3ad891f-15d1-49e1-aac1-cadb99926278;381.98;3.0;UNKNOWN
2016-02-06T00:44:27.000000;2016-02-06T00:44:27.000000;ccf8f555-61de-4853-85c3-e73de81f879f;381.76;0.267;UNKNOWN
2016-02-06T00:44:27.000000;2016-02-06T00:44:27.000000;0e57e322-f8cd-4c5a-b360-3654a73a0fa4;380.98;6.25963643;UNKNOWN
2016-02-06T00:44:27.000000;2016-02-06T00:44:27.000000;56e1ffa9-d822-4f61-8045-7cbd35985c6f;381.64;1.04109569;UNKNOWN
2016-02-06T00:44:27.000000;2016-02-06T00:44:27.000000;edecbce5-0895-45f0-a271-ac93e53119d5;381.99;10.0;UNKNOWN
2016-02-06T00:44:27.000000;2016-02-06T00:44:27.000000;b465fb54-e075-40e5-865a-521453fc294d;380.87;1.0037884;UNKNOWN
2016-02-06T00:44:27.000000;2016-02-06T00:44:27.000000;6366b002-ab5d-4202-afdc-39605a6f186a;382.09;3.8346;UNKNOWN
2016-02-06T00:44:27.000000;2016-02-06T00:44:27.000000;e76722a5-24ba-410d-b212-1e0299e355c3;381.3;17.8016;UNKNOWN
2016-02-06T00:44:27.000000;2016-02-06T00:44:27.000000;a5700522-b8f2-4a68-b993-5c3cbcccb918;382.09;5.99;UNKNOWN
2016-02-06T00:44:27.000000;2016-02-06T00:44:27.000000;c0cb8b0e-bc24-4981-ad41-15445647d692;382.8;0.01;UNKNOWN
2016-02-06T00:44:27.000000;2016-02-06T00:44:27.000000;3a5ed192-ee32-4305-ae05-bfc5a1d6ba59;382.09;7.0;UNKNOWN
2016-02-06T00:44:27.000000;2016-02-06T00:44:27.000000;20f154e7-6233-4271-b558-75298aab4f3f;381.99;1.1654;UNKNOWN
2016-02-06T00:44:27.000000;2016-02-06T00:44:27.000000;84029fb0-e9a1-46b2-9b99-1f8a44e7631b;382.09;0.1;UNKNOWN
2016-02-06T00:44:27.000000;2016-02-06T00:44:27.000000;da9872cd-5eab-4a75-abbe-95952ff37472;382.09;0.1;UNKNOWN
2016-02-06T00:44:27.000000;2016-02-06T00:44:27.000000;2ba0e992-dd1d-4778-9061-ab918b0116dc;382.09;0.1;UNKNOWN
2016-02-06T00:44:27.000000;2016-02-06T00:44:27.000000;7c265ddb-d5bb-4b08-bf30-d834607ab912;382.09;0.1;UNKNOWN
2016-02-06T00:44:27.000000;2016-02-06T00:44:27.000000;c7a46413-19fa-410d-8d29-bfef6236ec10;382.09;0.1;UNKNOWN
2016-02-06T00:44:27.000000;2016-02-06T00:44:27.000000;2caa4233-fbfb-4631-a90f-b474d26a222d;382.09;0.1;UNKNOWN
2016-02-06T00:44:29.000000;2016-02-06T00:44:29.000000;88c9e23a-a9bb-4c82-a01e-a6be617054f7;383.18;0.02;UNKNOWN
2016-02-06T00:44:31.000000;2016-02-06T00:44:31.000000;f21e37ff-a02c-413c-a120-bf4c67c148c9;383.01;0.501;UNKNOWN
2016-02-06T00:44:31.000000;2016-02-06T00:44:31.000000;0d9e1edd-88cf-4651-b27d-72b14af71e87;383.0;0.01;UNKNOWN
2016-02-06T00:44:32.000000;2016-02-06T00:44:32.000000;3a669a9b-c95c-4751-925d-44fe51a4aee4;382.98;0.39115469;UNKNOWN
2016-02-06T00:44:37.000000;2016-02-06T00:44:37.000000;222ac640-d534-4491-8bbf-386f329ebea0;382.96;0.1984;UNKNOWN
2016-02-06T00:44:38.000000;2016-02-06T00:44:38.000000;302645f8-f272-4171-b7d4-838987fdaf57;382.96;0.08;UNKNOWN
2016-02-06T00:44:39.000000;2016-02-06T00:44:39.000000;51b2efc4-2b84-4fed-8efe-34af538da098;382.53;4.9297;UNKNOWN
2016-02-06T00:44:39.000000;2016-02-06T00:44:39.000000;bf3446fe-3be2-409a-82bb-c78eef36ba6e;382.94;0.0703;UNKNOWN
2016-02-06T00:44:40.000000;2016-02-06T00:44:40.000000;d7f2fbc7-38ab-4278-b213-5c7fbdc3bcc8;382.95;0.116;UNKNOWN
2016-02-06T00:44:40.000000;2016-02-06T00:44:40.000000;20ad30be-1c51-45a9-9843-988948498d63;382.95;0.01;UNKNOWN
2016-02-06T00:44:40.000000;2016-02-06T00:44:40.000000;97fc3004-555c-4d2c-9117-2ac74be36726;382.85;0.01;UNKNOWN
2016-02-06T00:44:42.000000;2016-02-06T00:44:42.000000;d74a093f-e7f1-4748-a243-1319e2e6815b;382.69;0.39379;UNKNOWN
2016-02-06T00:44:44.000000;2016-02-06T00:44:44.000000;b1225181-6b9e-4794-9b6b-74e0a7e27aa2;382.66;5.0;UNKNOWN
2016-02-06T00:44:46.000000;2016-02-06T00:44:46.000000;86b61edf-5b06-44a8-b5a8-0bc101ac9d47;382.64;0.037;UNKNOWN
2016-02-06T00:44:47.000000;2016-02-06T00:44:47.000000;7118bc6c-8549-478b-8452-2f15654fef57;382.64;0.47395;UNKNOWN
2016-02-06T00:44:50.000000;2016-02-06T00:44:50.000000;b7e2a551-261e-422c-bb0b-d5de7d3181a4;382.53;5.0;UNKNOWN
2016-02-06T00:44:50.000000;2016-02-06T00:44:50.000000;fe844c7d-3a36-4766-aef9-421581b9e167;382.54;5.0;UNKNOWN
2016-02-06T00:44:51.000000;2016-02-06T00:44:51.000000;1e31c87b-4363-44f6-897f-cda778afb459;382.62;0.18437;UNKNOWN
2016-02-06T00:44:53.000000;2016-02-06T00:44:53.000000;34a0c445-4d0b-4e55-a54e-017ab86a5a08;380.28;0.01;UNKNOWN
2016-02-06T00:44:53.000000;2016-02-06T00:44:53.000000;e1d50a54-38e1-456a-ba19-054f07f584ed;380.25;0.01;UNKNOWN
2016-02-06T00:44:53.000000;2016-02-06T00:44:53.000000;a049e99a-8f19-410d-8592-4ac8b072c2e2;380.77;10.4168;UNKNOWN
2016-02-06T00:44:53.000000;2016-02-06T00:44:53.000000;b838fd8e-f760-4cfc-b27f-91be68a6d110;381.0;0.01;UNKNOWN
2016-02-06T00:44:53.000000;2016-02-06T00:44:53.000000;6ff18f11-2820-45d9-b385-1df5b2a8d699;380.81;299.0;UNKNOWN
2016-02-06T00:44:53.000000;2016-02-06T00:44:53.000000;bd55c603-7b6f-4d12-b391-21cd6d28fbe7;380.86;1.0;UNKNOWN
2016-02-06T00:44:53.000000;2016-02-06T00:44:53.000000;a0d880f0-a207-4144-8aa7-948b1970a771;380.24;15.36269982;UNKNOWN
2016-02-06T00:44:53.000000;2016-02-06T00:44:53.000000;0c3bb15b-f789-4dc1-ada4-f9ce56d6b045;381.46;0.011;UNKNOWN
2016-02-06T00:44:53.000000;2016-02-06T00:44:53.000000;1c0fbde2-7089-4cc7-8d0f-76a1ae0823ea;380.97;0.011;UNKNOWN
2016-02-06T00:44:53.000000;2016-02-06T00:44:53.000000;e670a5ce-a104-49fb-a275-bf632520a43b;382.53;0.3635;UNKNOWN
2016-02-06T00:44:53.000000;2016-02-06T00:44:53.000000;74e6b532-f950-4e46-9679-3457da4b4b54;380.87;1.06774942;UNKNOWN
2016-02-06T00:44:53.000000;2016-02-06T00:44:53.000000;48f9f142-f308-426c-83c3-27ad12a86140;380.31;0.41;UNKNOWN
2016-02-06T00:44:53.000000;2016-02-06T00:44:53.000000;836c4f83-9ab1-424d-b474-f68221914253;380.96;16.2513;UNKNOWN
2016-02-06T00:44:53.000000;2016-02-06T00:44:53.000000;0d3b291a-9f1f-4305-8565-d9baec883a40;381.46;0.593;UNKNOWN
2016-02-06T00:44:53.000000;2016-02-06T00:44:53.000000;b9180f5c-753b-4950-93bf-1d3a11046bbf;381.06;0.022;UNKNOWN
2016-02-06T00:44:53.000000;2016-02-06T00:44:53.000000;b363f539-340e-4636-bded-d9c841e471b3;380.87;0.2585;UNKNOWN
2016-02-06T00:44:53.000000;2016-02-06T00:44:53.000000;15c26ead-06fb-4dda-bdec-3bf8381aee8b;381.31;16.8296;UNKNOWN
2016-02-06T00:44:53.000000;2016-02-06T00:44:53.000000;57cce832-4ab7-4774-a29d-012884ffc71d;380.3;0.6504;UNKNOWN
2016-02-06T00:44:53.000000;2016-02-06T00:44:53.000000;eaf4a930-cb31-4601-96e6-27f3e5d89856;381.33;0.81426046;UNKNOWN
2016-02-06T00:44:53.000000;2016-02-06T00:44:53.000000;ba89cfc1-1a3d-4a3b-a39a-fd99d91b295f;380.39;0.01089207;UNKNOWN
2016-02-06T00:44:53.000000;2016-02-06T00:44:53.000000;5293d391-96e7-4324-a28f-08f67d04daa4;381.36;14.7422;UNKNOWN
2016-02-06T00:44:53.000000;2016-02-06T00:44:53.000000;8361120f-e258-4c18-8596-a977c6a9243c;380.35;14.6829;UNKNOWN
2016-02-06T00:44:53.000000;2016-02-06T00:44:53.000000;d110514e-0e72-4006-b1d8-b1e51480d28a;380.25;2.0;UNKNOWN
2016-02-06T00:44:53.000000;2016-02-06T00:44:53.000000;6e183565-596a-4904-b5ea-9be1bad70d7b;380.36;0.536;UNKNOWN
2016-02-06T00:44:53.000000;2016-02-06T00:44:53.000000;d9deb9b2-c3bc-483a-abbc-876cc74d6b11;380.45;10.0;UNKNOWN
2016-02-06T00:44:53.000000;2016-02-06T00:44:53.000000;47cc7156-35be-4159-9062-ee1fa0c27d36;380.58;0.1;UNKNOWN
2016-02-06T00:44:53.000000;2016-02-06T00:44:53.000000;22f86e30-85c8-42ac-a6cd-48516774ca1a;381.14;0.97711253;UNKNOWN
2016-02-06T00:44:53.000000;2016-02-06T00:44:53.000000;d714424a-4607-4ecd-9119-ec2e4fe078d1;380.76;0.27;UNKNOWN
2016-02-06T00:44:53.000000;2016-02-06T00:44:53.000000;d7896ebc-6afb-4624-9ab4-1ce35577dd6b;381.32;0.0918028;UNKNOWN
2016-02-06T00:44:53.000000;2016-02-06T00:44:53.000000;18dadb18-3a24-43a7-8885-973c2ed04582;380.5;0.05;UNKNOWN
2016-02-06T00:44:53.000000;2016-02-06T00:44:53.000000;6cf24c75-213c-45d3-9cb0-6d0211b4ca27;381.13;15.8911;UNKNOWN
2016-02-06T00:44:53.000000;2016-02-06T00:44:53.000000;2c3570e2-ff06-4eee-bd60-27cd5093ab09;380.5;0.0125;UNKNOWN
2016-02-06T00:44:53.000000;2016-02-06T00:44:53.000000;cf6e4baa-55b8-4248-81fc-eec173bc9dae;380.51;15.8009;UNKNOWN
2016-02-06T00:44:53.000000;2016-02-06T00:44:53.000000;b4b85b14-14f1-40a0-b095-d086b09b58db;380.62;3.0;UNKNOWN
2016-02-06T00:44:53.000000;2016-02-06T00:44:53.000000;95f97d14-c993-4cc8-95f7-989e846b0f61;380.66;15.6234;UNKNOWN
2016-02-06T00:44:53.000000;2016-02-06T00:44:53.000000;f36650d0-59c8-4cd7-aaeb-7a8eb0abefa7;380.67;1.4721829;UNKNOWN
2016-02-06T00:44:53.000000;2016-02-06T00:44:53.000000;ac33d9c2-dc16-4efa-80cf-3ebab407329e;380.65;0.3;UNKNOWN
2016-02-06T00:44:53.000000;2016-02-06T00:44:53.000000;d4e589e9-c3f1-4456-894d-0daa6bc22cd2;380.66;1.0;UNKNOWN
2016-02-06T00:44:53.000000;2016-02-06T00:44:53.000000;c97818e5-5c9d-41c4-9989-35f9dc4c89ff;380.5;1.0;UNKNOWN
2016-02-06T00:44:53.000000;2016-02-06T00:44:53.000000;ecd18ccd-bd5e-497d-90f7-f53e05d31bf7;380.36;6.0;UNKNOWN
2016-02-06T00:44:53.000000;2016-02-06T00:44:53.000000;4d312f99-0a1d-4bb4-bac1-ee280cb3487b;380.5;10.0;UNKNOWN
2016-02-06T00:44:53.000000;2016-02-06T00:44:53.000000;86278ea4-14d8-45f7-a24d-ac1aeed1d5b0;380.57;0.5;UNKNOWN
2016-02-06T00:44:53.000000;2016-02-06T00:44:53.000000;8b70387b-72ce-425d-a13b-fc28b66fd86d;380.81;14.2577;UNKNOWN
2016-02-06T00:44:53.000000;2016-02-06T00:44:53.000000;5a0a8ccf-3a09-46a4-9360-92c141979eb2;381.47;6.525;UNKNOWN
2016-02-06T00:44:53.000000;2016-02-06T00:44:53.000000;7776cfcf-dace-4d93-af0c-e8267f91164a;380.66;2.0;UNKNOWN
2016-02-06T00:44:53.000000;2016-02-06T00:44:53.000000;81eaf102-1918-4d1c-9f38-b96233c88a5c;380.67;0.0645;UNKNOWN
2016-02-06T00:44:54.000000;2016-02-06T00:44:54.000000;058df74d-f699-478a-98cb-4306aeceab43;382.53;1.0;UNKNOWN
2016-02-06T00:44:56.000000;2016-02-06T00:44:56.000000;624d91ba-1e36-4c40-bd8b-ad2d9fa298be;382.54;0.02204;UNKNOWN
2016-02-06T00:44:56.000000;2016-02-06T00:44:56.000000;edc143c8-4047-4765-ad2e-6dbbb93131c3;382.54;0.194;UNKNOWN
2016-02-06T00:44:57.000000;2016-02-06T00:44:57.000000;a2d99987-dee8-40e8-9721-4cd2279d1314;382.53;5.0;UNKNOWN
2016-02-06T00:44:57.000000;2016-02-06T00:44:57.000000;6c877a46-18ea-43d5-b78b-0192ad872c5a;382.53;4.0;UNKNOWN
2016-02-06T00:44:59.000000;2016-02-06T00:44:59.000000;dacbd2c4-749f-4fac-a4b2-810a359e8775;382.52;15.0;UNKNOWN
2016-02-06T00:45:00.000000;2016-02-06T00:45:00.000000;77d6c63f-9aaf-4553-8b51-408193d364b1;382.37;0.501;UNKNOWN
2016-02-06T00:45:03.000000;2016-02-06T00:45:03.000000;ad39a5c6-4d1d-44a3-bcb8-fd4781b754c5;382.21;0.05;UNKNOWN
2016-02-06T00:45:03.000000;2016-02-06T00:45:03.000000;22166f7e-faa8-4f4e-9118-03ae1ea6e52b;381.69;0.0205;UNKNOWN
2016-02-06T00:45:04.000000;2016-02-06T00:45:04.000000;2b5e6013-7e0e-4db7-bef9-24f3e57a46a7;380.8;0.55987328;UNKNOWN
2016-02-06T00:45:04.000000;2016-02-06T00:45:04.000000;cd5b40f9-57b4-43b8-95cd-df48ae1559ed;380.48;1.95628897;UNKNOWN
2016-02-06T00:45:04.000000;2016-02-06T00:45:04.000000;43b57b3e-87e7-4ba1-90a4-73cf9bdbd9bd;381.0;0.01;UNKNOWN
2016-02-06T00:45:04.000000;2016-02-06T00:45:04.000000;8796fdbd-9368-4992-8599-5e63d6a8db37;380.8;2.0;UNKNOWN
2016-02-06T00:45:04.000000;2016-02-06T00:45:04.000000;a31443d0-c389-4afb-9c4e-fdb52cf8c611;380.67;17.0201;UNKNOWN
2016-02-06T00:45:04.000000;2016-02-06T00:45:04.000000;a4e77cee-920b-448e-a715-7682e381b516;380.8;3.42083033;UNKNOWN
2016-02-06T00:45:04.000000;2016-02-06T00:45:04.000000;feba22ce-de80-460c-a732-6d3b0f24ccff;380.49;0.6027807;UNKNOWN
2016-02-06T00:45:04.000000;2016-02-06T00:45:04.000000;390caa3a-9bec-4245-8590-e7604e5bdd14;380.8;9.84929639;UNKNOWN
2016-02-06T00:45:04.000000;2016-02-06T00:45:04.000000;1f692338-b0e4-4a25-a07a-5d9c3e7e5d30;381.01;0.09050261;UNKNOWN
2016-02-06T00:45:04.000000;2016-02-06T00:45:04.000000;a5c2539d-4014-4d9c-835f-fe49488064f2;381.69;0.050201;UNKNOWN
2016-02-06T00:45:04.000000;2016-02-06T00:45:04.000000;29588e7c-2910-4f95-9c02-2a6837193a85;381.0;10.0;UNKNOWN
2016-02-06T00:45:05.000000;2016-02-06T00:45:05.000000;f0692d61-0e70-47ce-8657-a12089e9b1bf;382.2;0.20541;UNKNOWN
2016-02-06T00:45:06.000000;2016-02-06T00:45:06.000000;5fd63b35-3a16-45c9-a4d6-c5239d5bab56;380.81;0.339;UNKNOWN
2016-02-06T00:45:06.000000;2016-02-06T00:45:06.000000;7022dee0-261a-42fc-a506-d0f797784dcd;380.68;1.661;UNKNOWN
2016-02-06T00:45:08.000000;2016-02-06T00:45:08.000000;e4ce5c59-c5f9-4ed2-93ec-df8abf810f31;381.74;15.0;UNKNOWN
2016-02-06T00:45:08.000000;2016-02-06T00:45:08.000000;19082cfa-2eeb-4f00-a5d7-1b41633d442b;380.41;10.25264368;UNKNOWN
2016-02-06T00:45:08.000000;2016-02-06T00:45:08.000000;85fe4e8a-c6f8-4f29-9c82-3a8498891434;381.55;1.0;UNKNOWN
2016-02-06T00:45:08.000000;2016-02-06T00:45:08.000000;1cd73fe3-5a96-4068-80d8-f035a457a7a5;380.42;0.56372027;UNKNOWN
2016-02-06T00:45:08.000000;2016-02-06T00:45:08.000000;090c5e1b-2e46-4f6a-8857-5c0f24e3ea04;380.42;0.09184939;UNKNOWN
2016-02-06T00:45:08.000000;2016-02-06T00:45:08.000000;3cb57dc5-b7e9-404f-ad47-5f7f8643ba9b;380.68;0.09178666;UNKNOWN
2016-02-06T00:45:09.000000;2016-02-06T00:45:09.000000;4c5a13a9-65a9-4c60-865f-29f8f93c023f;381.73;0.501;UNKNOWN
2016-02-06T00:45:10.000000;2016-02-06T00:45:10.000000;7a925ff7-7c74-4842-9157-bb2635e04a33;381.02;1.28811;UNKNOWN
2016-02-06T00:45:15.000000;2016-02-06T00:45:15.000000;4d197a40-32d7-456b-9de6-81931c1f7ebd;381.39;0.21142;UNKNOWN
2016-02-06T00:45:17.000000;2016-02-06T00:45:17.000000;2f83a749-fcba-4caa-818d-79448a66b11c;381.39;0.31142;UNKNOWN
2016-02-06T00:45:17.000000;2016-02-06T00:45:17.000000;64696aeb-d47e-4a42-a0c3-f7c3030faf75;381.39;0.194;UNKNOWN
2016-02-06T00:45:17.000000;2016-02-06T00:45:17.000000;8afc6acf-bb53-41f9-9a43-1f1afc4d6803;381.39;0.18858;UNKNOWN
2016-02-06T00:45:19.000000;2016-02-06T00:45:19.000000;82576091-0822-4e83-b8ce-634ba32c7040;381.3;8.88971;UNKNOWN
2016-02-06T00:45:19.000000;2016-02-06T00:45:19.000000;586d623d-fe58-4423-b1a1-d1e11c8eb1b4;381.3;0.37;UNKNOWN
2016-02-06T00:45:19.000000;2016-02-06T00:45:19.000000;53261749-d450-4ac3-9e39-dba274141590;381.38;0.05005;UNKNOWN
2016-02-06T00:45:19.000000;2016-02-06T00:45:19.000000;9ab019fd-94c6-40fe-bc60-24544e3f426b;381.03;8.37024;UNKNOWN
2016-02-06T00:45:19.000000;2016-02-06T00:45:19.000000;512e3f56-abbe-4f56-b8ac-cb44249b2d4c;381.03;3.11881707;UNKNOWN
2016-02-06T00:45:19.000000;2016-02-06T00:45:19.000000;d5b29671-c42c-404e-b983-88a0e8c03b5c;381.03;0.37;UNKNOWN
2016-02-06T00:45:20.000000;2016-02-06T00:45:20.000000;0f73782d-371b-4cb2-96d8-f269c1679b90;381.55;0.4008;UNKNOWN
2016-02-06T00:45:20.000000;2016-02-06T00:45:20.000000;3c9ae7b8-6ebe-4fed-b400-6b02d6f81b95;381.55;8.9288;UNKNOWN
2016-02-06T00:45:20.000000;2016-02-06T00:45:20.000000;66ce8772-d922-4b87-81e2-824fd2317c1a;381.55;6.0712;UNKNOWN
2016-02-06T00:45:21.000000;2016-02-06T00:45:21.000000;752bee0c-c512-4798-b0c0-cbe103e64737;381.31;0.37;UNKNOWN
2016-02-06T00:45:21.000000;2016-02-06T00:45:21.000000;862c7c24-5cea-4a62-8ceb-149eec877f85;381.03;0.25433032;UNKNOWN
2016-02-06T00:45:21.000000;2016-02-06T00:45:21.000000;ad2c5af9-0d69-4696-9533-99e3c5279827;381.39;0.355;UNKNOWN
2016-02-06T00:45:22.000000;2016-02-06T00:45:22.000000;36b65dc4-a7eb-4ca9-9385-277b1088b101;381.54;0.291;UNKNOWN
2016-02-06T00:45:23.000000;2016-02-06T00:45:23.000000;6deec5be-a3cd-4cb9-991c-782c4a4276b4;381.53;0.088;UNKNOWN
2016-02-06T00:45:24.000000;2016-02-06T00:45:24.000000;617d7129-932a-4678-b1a3-edeba4a06c9b;381.53;0.01;UNKNOWN
2016-02-06T00:45:24.000000;2016-02-06T00:45:24.000000;979a532c-59bb-45e4-9508-8e6119463645;381.53;0.392;UNKNOWN
2016-02-06T00:45:24.000000;2016-02-06T00:45:24.000000;154dd2dc-909a-45d8-acb3-150f4dad717b;381.54;0.109;UNKNOWN
2016-02-06T00:45:24.000000;2016-02-06T00:45:24.000000;96cd0242-a5b7-482e-9ed2-e9b6e2f72e60;381.53;0.01;UNKNOWN
2016-02-06T00:45:26.000000;2016-02-06T00:45:26.000000;80583f95-b572-4610-92dc-89d2a4e83ee5;381.35;0.37;UNKNOWN
2016-02-06T00:45:26.000000;2016-02-06T00:45:26.000000;38e1a411-234d-4292-830d-51d2cf6635bf;380.69;0.58003;UNKNOWN
2016-02-06T00:45:26.000000;2016-02-06T00:45:26.000000;c1c5c97a-3fe6-4425-8b5e-296330051e61;381.34;1.0;UNKNOWN
2016-02-06T00:45:26.000000;2016-02-06T00:45:26.000000;319c07aa-8503-438a-86c5-f81c73c6a202;381.41;0.37;UNKNOWN
2016-02-06T00:45:26.000000;2016-02-06T00:45:26.000000;6d561dba-b43b-490b-8967-40b69eb800ab;380.54;17.848;UNKNOWN
2016-02-06T00:45:26.000000;2016-02-06T00:45:26.000000;f82ad36c-0792-41cf-b2e2-047d2df6b271;380.44;9.83197;UNKNOWN
2016-02-06T00:45:29.000000;2016-02-06T00:45:29.000000;dba3887a-5c5e-4d22-a4f2-1af0d89686c2;381.35;0.37;UNKNOWN
2016-02-06T00:45:29.000000;2016-02-06T00:45:29.000000;1e12914e-7390-427f-ae82-459e2ce20925;380.44;6.63;UNKNOWN
2016-02-06T00:45:30.000000;2016-02-06T00:45:30.000000;ef34a731-1a51-4208-b87d-148c4c0ede3f;381.37;0.02;UNKNOWN
2016-02-06T00:45:31.000000;2016-02-06T00:45:31.000000;5e38a133-8310-4c95-8617-07a47c292f9a;381.37;0.41282;UNKNOWN
2016-02-06T00:45:32.000000;2016-02-06T00:45:32.000000;d2f35cc0-d5ff-4e80-a8e6-28ff4fb6ecdc;381.38;0.11831204;UNKNOWN
2016-02-06T00:45:33.000000;2016-02-06T00:45:33.000000;97c4bfba-4d58-4ab1-b6f4-34f1bf270dd3;381.37;0.4998;UNKNOWN
2016-02-06T00:45:34.000000;2016-02-06T00:45:34.000000;a37eae1e-1e89-4cd0-908d-e7d05b553a29;381.39;5.9998;UNKNOWN
2016-02-06T00:45:34.000000;2016-02-06T00:45:34.000000;568cac54-d172-4f5f-846b-741269e4a165;381.37;5.5002;UNKNOWN
2016-02-06T00:45:34.000000;2016-02-06T00:45:34.000000;ce5c9ec7-b8d2-43a9-8e10-85b5ebe8c811;381.37;3.0;UNKNOWN
2016-02-06T00:45:34.000000;2016-02-06T00:45:34.000000;14a61bee-93d7-4d22-800c-518b626b93ea;381.37;0.5;UNKNOWN
2016-02-06T00:45:35.000000;2016-02-06T00:45:35.000000;3d4cde3b-afcf-497a-93e6-24f02302d650;381.52;0.45691;UNKNOWN
2016-02-06T00:45:36.000000;2016-02-06T00:45:36.000000;f6ece69e-4713-4340-9269-775092ec7fda;380.7;1.63;UNKNOWN
2016-02-06T00:45:36.000000;2016-02-06T00:45:36.000000;fbb7aa4f-decc-4fde-83c6-3d871eed2ecc;380.71;0.37;UNKNOWN
2016-02-06T00:45:36.000000;2016-02-06T00:45:36.000000;dad3b01d-655d-404b-b59c-0c1d56ac7035;381.36;0.194;UNKNOWN
2016-02-06T00:45:36.000000;2016-02-06T00:45:36.000000;a9ab8b4f-fe00-4d81-a5da-0a7ad4488ca0;380.7;10.0;UNKNOWN
2016-02-06T00:45:37.000000;2016-02-06T00:45:37.000000;baec78b7-3840-4b5e-80df-2313fecf050a;381.36;0.5;UNKNOWN
2016-02-06T00:45:39.000000;2016-02-06T00:45:39.000000;9b9398d1-e1e9-46c3-9470-9054afd32557;381.35;0.5;UNKNOWN
2016-02-06T00:45:39.000000;2016-02-06T00:45:39.000000;4fc03ee9-226b-4afe-b435-51d01d126ad8;381.36;0.5;UNKNOWN
2016-02-06T00:45:43.000000;2016-02-06T00:45:43.000000;fe822caa-81db-4d4a-8e8f-445feb241737;381.35;0.2986;UNKNOWN
2016-02-06T00:45:44.000000;2016-02-06T00:45:44.000000;c346a3c6-5a64-435b-8120-5e7027a9a34e;380.46;3.5611;UNKNOWN
2016-02-06T00:45:44.000000;2016-02-06T00:45:44.000000;26014b56-40a5-40fc-9277-7c1b10198689;380.47;3.5;UNKNOWN
2016-02-06T00:45:44.000000;2016-02-06T00:45:44.000000;41b7aaf9-b660-4151-8be0-8e509df8bcf2;380.47;14.9389;UNKNOWN
2016-02-06T00:45:46.000000;2016-02-06T00:45:46.000000;b2ede139-8618-46b6-b491-cb0c041a422e;381.36;0.2986;UNKNOWN
2016-02-06T00:45:46.000000;2016-02-06T00:45:46.000000;78d7b942-0950-459f-8b59-f39b0be5212a;381.35;0.2014;UNKNOWN
2016-02-06T00:45:46.000000;2016-02-06T00:45:46.000000;6eeb2f28-5fb3-4713-ba45-1d75ab25b422;381.35;0.042;UNKNOWN
2016-02-06T00:45:47.000000;2016-02-06T00:45:47.000000;72693c24-f68e-4604-85dc-12cfea3ce6df;381.41;0.1;UNKNOWN
2016-02-06T00:45:47.000000;2016-02-06T00:45:47.000000;7d89e69b-4758-4f73-9377-b67fd8994b95;381.36;11.1682;UNKNOWN
2016-02-06T00:45:47.000000;2016-02-06T00:45:47.000000;bb44aed4-9241-491f-9945-74c5ac009922;381.41;0.2318;UNKNOWN
2016-02-06T00:45:47.000000;2016-02-06T00:45:47.000000;48f39238-15ec-42a5-8c7e-0dd1130dd19e;381.35;0.5;UNKNOWN
2016-02-06T00:45:47.000000;2016-02-06T00:45:47.000000;472138db-6f79-41a6-a6b5-9a134e0caf1d;381.35;3.0;UNKNOWN
2016-02-06T00:45:48.000000;2016-02-06T00:45:48.000000;8c40cd95-2c72-489a-be35-7ae6406de5c3;381.54;0.501;UNKNOWN
2016-02-06T00:45:51.000000;2016-02-06T00:45:51.000000;0ecfb679-ad71-4dc7-b15e-904d8a3db6c5;381.4;0.4;UNKNOWN
2016-02-06T00:45:52.000000;2016-02-06T00:45:52.000000;dd39b3b1-88ab-46f1-b392-98c97ff7fac8;381.4;2.6;UNKNOWN
2016-02-06T00:45:52.000000;2016-02-06T00:45:52.000000;e83668b4-475f-4126-a7fc-ab9252be82da;381.73;0.90697;UNKNOWN
2016-02-06T00:45:52.000000;2016-02-06T00:45:52.000000;f94c7e8d-4724-4b30-98c0-c416f9aba999;381.39;0.5;UNKNOWN
2016-02-06T00:45:53.000000;2016-02-06T00:45:53.000000;a6e07707-f9d1-4f49-95e7-247fa01c73ae;381.73;0.501;UNKNOWN
2016-02-06T00:45:54.000000;2016-02-06T00:45:54.000000;cdb47b5c-142b-4ad2-8c05-194694061064;380.7;16.5779;UNKNOWN
2016-02-06T00:45:54.000000;2016-02-06T00:45:54.000000;6cfa7a5f-17c9-4cfd-affa-3a66ae86f1a0;381.35;0.194;UNKNOWN
2016-02-06T00:45:54.000000;2016-02-06T00:45:54.000000;b657c914-c846-482e-bb10-290cace4c1ab;380.56;19.1921;UNKNOWN
2016-02-06T00:45:54.000000;2016-02-06T00:45:54.000000;39c0389d-18b9-476b-929c-6def12e70d31;381.35;2.2598;UNKNOWN
2016-02-06T00:45:54.000000;2016-02-06T00:45:54.000000;4a748b7a-e8ee-4257-8a8e-914848f04a8a;380.55;18.4893;UNKNOWN
2016-02-06T00:45:54.000000;2016-02-06T00:45:54.000000;5c8337fd-6c33-455e-84bd-63d633ad9776;380.41;0.287;UNKNOWN
2016-02-06T00:45:54.000000;2016-02-06T00:45:54.000000;40d9627d-c788-42ad-8e37-9a59144dbe29;380.47;0.4;UNKNOWN
2016-02-06T00:45:54.000000;2016-02-06T00:45:54.000000;5ecdedce-a426-491c-bf24-cc540e115b09;380.34;1.3417;UNKNOWN
2016-02-06T00:45:54.000000;2016-02-06T00:45:54.000000;eeab4367-a1f7-4e61-b2a8-db0b947a9a29;380.4;0.2582;UNKNOWN
2016-02-06T00:45:56.000000;2016-02-06T00:45:56.000000;ada3d1b9-0447-46ef-a1db-4226afe01dd8;381.34;0.37;UNKNOWN
2016-02-06T00:45:56.000000;2016-02-06T00:45:56.000000;e5fe2823-301b-4ab9-bce3-e9187ac47098;381.34;0.291;UNKNOWN
2016-02-06T00:45:58.000000;2016-02-06T00:45:58.000000;ec8bcf90-bb9d-4bef-bda4-1a7b4d771167;381.33;0.501;UNKNOWN
2016-02-06T00:45:59.000000;2016-02-06T00:45:59.000000;0952c685-36cf-48d2-810b-7b03af7c29df;381.33;1.0;UNKNOWN
2016-02-06T00:46:00.000000;2016-02-06T00:46:00.000000;d6da69e7-5b66-4d28-aba0-0d56d5079dcf;381.33;0.5;UNKNOWN
2016-02-06T00:46:00.000000;2016-02-06T00:46:00.000000;b84d0b2a-d694-4573-aba6-acc09f9b361c;381.32;0.5;UNKNOWN
2016-02-06T00:46:01.000000;2016-02-06T00:46:01.000000;610f14d0-1033-4390-96af-364754b3aef2;381.0;0.079;UNKNOWN
2016-02-06T00:46:02.000000;2016-02-06T00:46:02.000000;2a68a649-aa6c-465b-b0d9-e6d9cc062ec2;381.0;0.501;UNKNOWN
2016-02-06T00:46:02.000000;2016-02-06T00:46:02.000000;5905a50d-1577-4ceb-9b46-519b0178a222;381.0;8.0;UNKNOWN
2016-02-06T00:46:03.000000;2016-02-06T00:46:03.000000;375b7e23-6a3b-461e-b24b-4b7a298d878a;381.0;0.05;UNKNOWN
2016-02-06T00:46:04.000000;2016-02-06T00:46:04.000000;92d35ea8-68b1-499d-af73-e11664f641ef;380.72;0.37;UNKNOWN
2016-02-06T00:46:04.000000;2016-02-06T00:46:04.000000;8f6ad711-602a-4e03-a8f4-782c2d523940;380.46;0.25;UNKNOWN
2016-02-06T00:46:07.000000;2016-02-06T00:46:07.000000;ce5ab8d4-6dab-4350-8f94-2c947235df2e;380.46;0.01;UNKNOWN
2016-02-06T00:46:07.000000;2016-02-06T00:46:07.000000;4760fddd-5ef3-447e-86a3-75c11f8f5a47;381.0;0.501;UNKNOWN
2016-02-06T00:46:07.000000;2016-02-06T00:46:07.000000;cbfed049-7f9a-47a2-899b-0cb99e764ee8;380.46;0.62;UNKNOWN
2016-02-06T00:46:07.000000;2016-02-06T00:46:07.000000;19a17031-b57d-4175-a398-9e54ec89169d;380.46;0.37;UNKNOWN
2016-02-06T00:46:07.000000;2016-02-06T00:46:07.000000;864bfb34-87c9-4be5-85c4-5b7e9583dd90;380.46;0.38;UNKNOWN
2016-02-06T00:46:08.000000;2016-02-06T00:46:08.000000;094be4f9-ebc2-409f-8e85-618bb3bb8cf8;380.47;6.1511;UNKNOWN
2016-02-06T00:46:08.000000;2016-02-06T00:46:08.000000;84f273b4-6309-4d3d-ab9b-69b40b98336b;380.47;0.36;UNKNOWN
2016-02-06T00:46:10.000000;2016-02-06T00:46:10.000000;3940028c-c735-4fa0-96fb-ef4d4234a678;381.0;0.5;UNKNOWN
2016-02-06T00:46:10.000000;2016-02-06T00:46:10.000000;516c4d63-094f-47f7-8a11-379868f6a2e9;381.0;0.291;UNKNOWN
2016-02-06T00:46:11.000000;2016-02-06T00:46:11.000000;8d66e52f-7b77-4ba1-b6c0-8183a6ac66f2;381.0;0.194;UNKNOWN
2016-02-06T00:46:12.000000;2016-02-06T00:46:12.000000;f953fa34-5f86-4004-b85c-31234e36679b;381.0;0.032;UNKNOWN
2016-02-06T00:46:12.000000;2016-02-06T00:46:12.000000;6501b2ab-eb13-43e2-ad32-b72e5a4ade54;381.0;0.501;UNKNOWN
2016-02-06T00:46:15.000000;2016-02-06T00:46:15.000000;22398505-dd9d-4b60-aae8-f811c19d6382;381.0;0.44;UNKNOWN
2016-02-06T00:46:16.000000;2016-02-06T00:46:16.000000;d413b21f-3223-402d-a91c-b4f3b2894894;381.0;0.501;UNKNOWN
2016-02-06T00:46:17.000000;2016-02-06T00:46:17.000000;3dbc4caa-9906-45e9-b109-b8f4a91295c1;380.4;3.0;UNKNOWN
2016-02-06T00:46:17.000000;2016-02-06T00:46:17.000000;398c1239-49aa-4e40-8a6b-7a8401cfa6e0;380.39;0.79820583;UNKNOWN
2016-02-06T00:46:17.000000;2016-02-06T00:46:17.000000;0878ee07-db31-4e95-838a-448ef46f8465;380.45;1.0;UNKNOWN
2016-02-06T00:46:17.000000;2016-02-06T00:46:17.000000;5ff40a88-8293-4805-bff8-dc4194603037;380.48;0.37;UNKNOWN
2016-02-06T00:46:17.000000;2016-02-06T00:46:17.000000;5d5db125-3b0c-49a0-aaeb-de3dec1fb9ef;380.48;0.09179417;UNKNOWN
2016-02-06T00:46:17.000000;2016-02-06T00:46:17.000000;f942e802-da01-48d2-a8a3-1cef79f2831b;380.48;0.74;UNKNOWN
2016-02-06T00:46:17.000000;2016-02-06T00:46:17.000000;3a6bf167-5da4-4eba-8e29-9f9d41ba6a83;381.0;1.0;UNKNOWN
2016-02-06T00:46:19.000000;2016-02-06T00:46:19.000000;1c7ee59d-eaa6-4787-a8a6-56a829ebaf66;381.0;0.1956;UNKNOWN
2016-02-06T00:46:21.000000;2016-02-06T00:46:21.000000;1a0fb3cc-5a31-410e-844d-1f2c8673c980;381.0;0.23948;UNKNOWN
2016-02-06T00:46:21.000000;2016-02-06T00:46:21.000000;97fab581-43f7-4ae5-81eb-37b149ed220d;381.0;0.176;UNKNOWN
2016-02-06T00:46:22.000000;2016-02-06T00:46:22.000000;3b940b99-3851-4068-a13e-821d86787b60;381.0;5.0;UNKNOWN
2016-02-06T00:46:27.000000;2016-02-06T00:46:27.000000;f4c47e5d-0525-4a63-8c67-3e03796ff43a;381.0;0.3046;UNKNOWN
2016-02-06T00:46:27.000000;2016-02-06T00:46:27.000000;3acb0434-345f-4486-9cd5-82ecd5b333c4;381.0;0.501;UNKNOWN
2016-02-06T00:46:28.000000;2016-02-06T00:46:28.000000;bacb0246-60c3-4b1b-9758-344742e02873;381.0;0.291;UNKNOWN
2016-02-06T00:46:29.000000;2016-02-06T00:46:29.000000;bde9e25a-9a76-4ec6-a3ae-22ad325d1bcb;381.0;0.194;UNKNOWN
2016-02-06T00:46:32.000000;2016-02-06T00:46:32.000000;a3d99d04-f7df-4784-b0ce-25879250c155;381.0;0.01;UNKNOWN
2016-02-06T00:46:33.000000;2016-02-06T00:46:33.000000;0ef9cbab-a8d4-4019-abbd-455d7a9fb714;381.0;0.501;UNKNOWN
2016-02-06T00:46:33.000000;2016-02-06T00:46:33.000000;89b1b305-a500-4986-92db-867ab677ca80;381.0;10.0;UNKNOWN
2016-02-06T00:46:35.000000;2016-02-06T00:46:35.000000;b2c77358-635d-4f61-9332-805bfdfb3b07;381.0;0.5;UNKNOWN
2016-02-06T00:46:35.000000;2016-02-06T00:46:35.000000;f47d6e9e-789b-48a7-9f2a-86b37a1cca51;381.0;0.406;UNKNOWN
2016-02-06T00:46:38.000000;2016-02-06T00:46:38.000000;3f1f9500-db1c-48d0-b898-cb672cd022ce;381.0;0.227;UNKNOWN
2016-02-06T00:46:39.000000;2016-02-06T00:46:39.000000;d9c442e4-c859-47c0-bef8-bdbbe6c33e9e;381.0;0.14228;UNKNOWN
2016-02-06T00:46:44.000000;2016-02-06T00:46:44.000000;2acd7d29-f970-4324-94cc-8b3e6ff2bec4;381.0;0.5;UNKNOWN
2016-02-06T00:46:46.000000;2016-02-06T00:46:46.000000;3e7766cd-46f9-4ec9-a98c-0192c90cb793;381.0;0.26152;UNKNOWN
2016-02-06T00:46:47.000000;2016-02-06T00:46:47.000000;9dc36509-7065-4a94-b240-8f388fbf7415;381.0;0.194;UNKNOWN
2016-02-06T00:46:47.000000;2016-02-06T00:46:47.000000;cfc90eda-d444-4291-b391-6a7455a039bf;381.0;3.81877;UNKNOWN
2016-02-06T00:46:47.000000;2016-02-06T00:46:47.000000;7c73ab19-b2ec-458d-bbfd-76bc0d2fb2be;381.0;0.01;UNKNOWN
2016-02-06T00:46:47.000000;2016-02-06T00:46:47.000000;ef9db875-c570-40d7-b482-d435e2934845;381.0;0.01;UNKNOWN
2016-02-06T00:46:49.000000;2016-02-06T00:46:49.000000;c4d1193a-7371-4deb-95a8-95d0f0d9c58f;381.0;0.5;UNKNOWN
2016-02-06T00:46:49.000000;2016-02-06T00:46:49.000000;7a5d98f0-fe1c-4058-b7db-87715d72773f;381.0;0.17;UNKNOWN
2016-02-06T00:46:52.000000;2016-02-06T00:46:52.000000;18267dd8-788e-4263-94cf-c61592271c24;381.0;0.03607;UNKNOWN
2016-02-06T00:46:55.000000;2016-02-06T00:46:55.000000;f24c54c6-e9d9-4c8d-bae7-cc6528b7926b;381.0;5.50036;UNKNOWN
2016-02-06T00:46:55.000000;2016-02-06T00:46:55.000000;547ee9a9-3f15-4a67-83b2-4f5670f4ebbb;381.0;14.49964;UNKNOWN
2016-02-06T00:46:56.000000;2016-02-06T00:46:56.000000;4c92546a-4024-49aa-9d0c-045890d8242a;381.0;0.194;UNKNOWN
2016-02-06T00:46:58.000000;2016-02-06T00:46:58.000000;0c95d894-4753-4bb5-b047-782bd9bc5e68;381.0;0.804;UNKNOWN
2016-02-06T00:46:58.000000;2016-02-06T00:46:58.000000;d77f1621-a392-4a6c-8fcd-3dc560efeb4e;381.0;0.501;UNKNOWN
2016-02-06T00:46:59.000000;2016-02-06T00:46:59.000000;5cea5cfd-a8a6-4f10-8ab5-d25ec602995a;381.0;13.00064;UNKNOWN
2016-02-06T00:47:01.000000;2016-02-06T00:47:01.000000;a01fdda5-e33d-4eea-914d-19ca2cbbd4f0;381.02;9.66311935;UNKNOWN
2016-02-06T00:47:02.000000;2016-02-06T00:47:02.000000;c19f120a-8d60-4c81-8f62-fbc3122b6e98;381.4;0.05;UNKNOWN
2016-02-06T00:47:03.000000;2016-02-06T00:47:03.000000;ba3c33c1-e58d-4a58-93ec-2051a51f3b12;381.39;0.02505;UNKNOWN
