time_exchange;time_coinpai;guid;price;base_amount;taker_side
2016-02-06T00:00:03.123000;2016-02-06T00:00:03.160000;6ec97a1b-89e0-45f0-86a2-54d6647feadd;384.44;0.01;BUY
2016-02-06T00:00:03.123000;2016-02-06T00:00:03.173000;8b002e3c-19e2-48ae-adab-56b98429af87;384.44;0.147;BUY
2016-02-06T00:00:03.123000;2016-02-06T00:00:03.173000;df429909-0c17-4fbb-a8ec-dcdbf0b243b0;384.46;0.01;BUY
2016-02-06T00:00:03.123000;2016-02-06T00:00:03.173000;9d328d03-b8a0-49da-948b-a4c442165ad6;384.46;0.01;BUY
2016-02-06T00:00:03.123000;2016-02-06T00:00:03.173000;b0026290-3b8a-45c9-b8d1-9ca1bc3d31e4;384.47;0.158;BUY
2016-02-06T00:00:03.123000;2016-02-06T00:00:03.207000;f1a19ea8-c6ed-4dc5-a617-ffbae103dbfd;384.48;0.01;BUY
2016-02-06T00:00:03.123000;2016-02-06T00:00:03.253000;94a92ff8-86d0-44a0-8ec8-0d56446d3bb0;384.48;0.01;BUY
2016-02-06T00:00:03.123000;2016-02-06T00:00:03.270000;1d987ad9-0495-4c66-9f1a-0e2523debdec;384.49;0.96;BUY
2016-02-06T00:00:03.123000;2016-02-06T00:00:03.270000;68539e96-fd85-48d0-8a38-83d61647520e;384.5;0.12;BUY
2016-02-06T00:00:03.123000;2016-02-06T00:00:03.270000;88d5cb2d-3cdc-4fcc-a887-dd78b7d6d861;384.51;0.01;BUY
2016-02-06T00:00:03.123000;2016-02-06T00:00:03.270000;cf0f0f7b-992a-4642-baac-fdd33619c348;384.52;0.01;BUY
2016-02-06T00:00:03.123000;2016-02-06T00:00:03.270000;c419c1ff-44e0-47db-be96-e5e0fa651e27;384.52;0.013;BUY
2016-02-06T00:00:03.123000;2016-02-06T00:00:03.270000;d599ace9-fb06-41cd-bf02-a7ce224e175b;384.52;0.73741;BUY
2016-02-06T00:00:31.320000;2016-02-06T00:00:31.363000;46602dc7-8006-468f-8f71-3db7f4ad07d6;384.47;0.11742;BUY
2016-02-06T00:01:24.280000;2016-02-06T00:01:24.330000;99de8ca6-c9b7-4474-84e5-1e42b61d5da6;384.46;0.01;SELL
2016-02-06T00:01:24.280000;2016-02-06T00:01:24.347000;d2a62681-d907-483d-b14e-d5d910f1b172;384.45;0.01;SELL
2016-02-06T00:01:24.280000;2016-02-06T00:01:24.347000;7402c01a-3c5a-4489-99e4-8f18f818fddb;384.44;0.01;SELL
2016-02-06T00:01:24.280000;2016-02-06T00:01:24.347000;fd83c264-7b92-41db-9282-e49a01da9822;384.43;0.01;SELL
2016-02-06T00:01:24.280000;2016-02-06T00:01:24.347000;e078ce9c-e9dc-4d53-a1e7-fd51f656edea;384.43;0.01;SELL
2016-02-06T00:01:24.280000;2016-02-06T00:01:24.363000;dfa8d755-ae07-4541-855b-a53ee616bb97;384.42;0.18;SELL
2016-02-06T00:01:24.280000;2016-02-06T00:01:24.363000;5d64ef28-e0df-457f-9426-fa0c12cec913;384.41;0.01;SELL
2016-02-06T00:01:24.280000;2016-02-06T00:01:24.363000;b8d6328b-ef87-4a59-9b3a-f7c5690912c6;384.41;0.01;SELL
2016-02-06T00:01:24.280000;2016-02-06T00:01:24.363000;815bea93-1ab3-4ecc-a111-c55824c86c05;384.41;0.22109999;SELL
2016-02-06T00:01:24.280000;2016-02-06T00:01:24.363000;6a81638a-72cc-4194-9069-fa02c4136494;384.39;0.01;SELL
2016-02-06T00:01:24.280000;2016-02-06T00:01:24.377000;01ab4af8-b5dc-47c6-aa47-6a93fb2de903;384.38;0.01;SELL
2016-02-06T00:01:24.280000;2016-02-06T00:01:24.377000;84a8564f-60a2-40f2-8dc4-6b8ed4878cc9;384.37;0.01;SELL
2016-02-06T00:01:24.280000;2016-02-06T00:01:24.377000;24bd8dfc-c7a8-4da1-b36f-7b8089010b36;384.36;0.01;SELL
2016-02-06T00:01:24.280000;2016-02-06T00:01:24.377000;75518ac4-2e3c-4d81-92bb-78fffd033141;384.34;0.01;SELL
2016-02-06T00:01:24.283000;2016-02-06T00:01:24.393000;8765522b-b0e3-4a38-b046-64df30bcbffc;384.34;0.01;SELL
2016-02-06T00:01:24.283000;2016-02-06T00:01:24.393000;0fdfd2b0-0bcb-4373-8d0f-b20502eb2e70;384.33;0.01;SELL
2016-02-06T00:01:24.283000;2016-02-06T00:01:24.393000;42471ded-b658-41b0-a184-1528e9a48d6c;384.33;0.1;SELL
2016-02-06T00:01:24.283000;2016-02-06T00:01:24.393000;fb32c191-a863-410b-a0a4-803218d1ca81;384.32;0.01;SELL
2016-02-06T00:01:24.283000;2016-02-06T00:01:24.393000;060e327c-0ace-4d1d-ba39-f9445df5f2a5;384.32;0.01;SELL
2016-02-06T00:01:24.283000;2016-02-06T00:01:24.393000;2ad182f7-b3d9-43d7-881b-6867d4770f2f;384.32;0.01;SELL
2016-02-06T00:01:24.283000;2016-02-06T00:01:24.410000;84ea29bc-218e-4244-9bb5-a4babfb94bbf;384.31;0.01;SELL
2016-02-06T00:01:24.283000;2016-02-06T00:01:24.440000;21d3f64a-ffce-43ca-88a9-18ac0283324a;384.3;0.01;SELL
2016-02-06T00:01:24.283000;2016-02-06T00:01:24.440000;9434adcd-224e-4c10-8070-428993b96e29;384.29;0.01;SELL
2016-02-06T00:01:24.283000;2016-02-06T00:01:24.440000;9762f38b-f39c-43f1-bf78-347debe3ad95;384.29;0.01;SELL
2016-02-06T00:01:24.283000;2016-02-06T00:01:24.440000;3d74bc3a-62b3-42ea-b869-3e52cc9a4a81;384.28;0.01;SELL
2016-02-06T00:01:24.283000;2016-02-06T00:01:24.440000;a929847e-852f-4e36-b6bd-625bcdd6fe94;384.27;0.01;SELL
2016-02-06T00:01:24.283000;2016-02-06T00:01:24.440000;0f22196c-3982-44fb-a226-a507f4f793a8;384.27;0.01;SELL
2016-02-06T00:01:24.283000;2016-02-06T00:01:24.440000;33f7384d-c741-49c2-973d-2aa6ee75b18c;384.25;0.01;SELL
2016-02-06T00:01:24.283000;2016-02-06T00:01:24.440000;586beb0e-b35d-4530-9475-b68bc695dd2a;384.25;0.01;SELL
2016-02-06T00:01:24.283000;2016-02-06T00:01:24.440000;7a221282-2f36-4abe-a6cb-c7a709769104;384.23;0.01;SELL
2016-02-06T00:01:24.283000;2016-02-06T00:01:24.440000;2283cbb9-dfe4-4308-b4eb-ce0f2c41b076;384.21;0.01;SELL
2016-02-06T00:01:24.283000;2016-02-06T00:01:24.440000;c59751af-838a-44d8-bc76-ea41aab35976;384.21;0.01;SELL
2016-02-06T00:01:24.287000;2016-02-06T00:01:24.440000;1d042e47-8c20-42d0-b02c-baa405508fa3;384.2;0.02533876;SELL
2016-02-06T00:01:24.287000;2016-02-06T00:01:24.440000;0d69e07f-0094-47d3-8adc-f78908641e1b;384.19;0.01;SELL
2016-02-06T00:01:24.287000;2016-02-06T00:01:24.440000;f9f11891-89d0-42e5-bd00-3b59fcd2a6a3;384.19;0.01;SELL
2016-02-06T00:01:24.287000;2016-02-06T00:01:24.440000;d948ac9c-763e-4726-bc43-e60c6e02ec53;384.17;0.01;SELL
2016-02-06T00:01:24.287000;2016-02-06T00:01:24.440000;f15ad681-1c1a-48ae-a572-71b593cb77cd;384.15;0.01;SELL
2016-02-06T00:01:24.287000;2016-02-06T00:01:24.457000;262cb6cc-0c24-4c5d-85c3-d621f310fa10;384.14;0.01;SELL
2016-02-06T00:01:24.287000;2016-02-06T00:01:24.457000;a98c1477-eefc-4964-9ded-af90889f99fd;384.13;0.01;SELL
2016-02-06T00:01:24.287000;2016-02-06T00:01:24.457000;3da1f1d5-4d6d-4ea5-aee0-ff8c73e3cdd5;384.11;0.01;SELL
2016-02-06T00:01:24.287000;2016-02-06T00:01:24.457000;3eb42165-2128-4da7-bd6f-01051e2ee8d7;384.09;0.114;SELL
2016-02-06T00:01:24.287000;2016-02-06T00:01:24.457000;7e54b51d-b84a-43b9-9d9d-ede7a82900fd;384.08;0.01;SELL
2016-02-06T00:01:24.287000;2016-02-06T00:01:24.457000;6222d6e9-57f3-4343-b7d8-46a1f7f72d84;384.08;0.119;SELL
2016-02-06T00:01:24.287000;2016-02-06T00:01:24.473000;4b6a3134-cf32-4a4d-806d-8a1b6cdd347a;384.07;0.084;SELL
2016-02-06T00:01:24.287000;2016-02-06T00:01:24.473000;90fd0b56-bf80-402b-82d4-19bcbe9af404;384.06;0.118;SELL
2016-02-06T00:01:24.287000;2016-02-06T00:01:24.473000;3709ca0e-b95e-4918-a556-cb1438bc2b21;384.05;0.105;SELL
2016-02-06T00:01:24.287000;2016-02-06T00:01:24.473000;c2b49a74-c424-41b4-bf4b-08816edf1c42;384.04;0.12;SELL
2016-02-06T00:01:24.287000;2016-02-06T00:01:24.473000;7c86e1e2-2e0c-4fd9-9aa7-06dbd4376f39;384.01;0.112;SELL
2016-02-06T00:01:24.287000;2016-02-06T00:01:24.473000;98db7c1b-5b3c-4a60-b916-a40d838f70d1;383.99;0.077;SELL
2016-02-06T00:01:24.287000;2016-02-06T00:01:24.487000;71b98fa7-7d88-4b86-a9d5-a6ba31123cac;383.98;0.32;SELL
2016-02-06T00:01:24.287000;2016-02-06T00:01:24.487000;f9b4a469-b882-4200-9792-19010099db72;383.98;1.0;SELL
2016-02-06T00:01:24.290000;2016-02-06T00:01:24.487000;8c581a8b-b452-4f70-8c15-fd30cd0c660b;383.97;0.103;SELL
2016-02-06T00:01:24.290000;2016-02-06T00:01:24.503000;e433c16e-ede5-4c34-8d4c-d1348bf4f5eb;383.97;0.32;SELL
2016-02-06T00:01:24.290000;2016-02-06T00:01:24.503000;d63f7893-36c5-44d3-8c41-e66dd5ee0fd1;383.96;0.01;SELL
2016-02-06T00:01:24.290000;2016-02-06T00:01:24.520000;559da62b-e929-4b10-bb17-6483b37e3916;383.96;0.01;SELL
2016-02-06T00:01:24.290000;2016-02-06T00:01:24.520000;84808936-4261-4883-9502-94dcc55d5b3f;383.95;0.64;SELL
2016-02-06T00:01:24.290000;2016-02-06T00:01:24.520000;1b7a116d-6bc8-42c9-8209-0e792598f008;383.94;0.078;SELL
2016-02-06T00:01:24.290000;2016-02-06T00:01:24.520000;2661584a-20d3-46fa-a58f-198c951bc1d0;383.94;0.8;SELL
2016-02-06T00:01:24.290000;2016-02-06T00:01:24.520000;966d672e-9c67-459b-927e-76996132f794;383.93;0.01;SELL
2016-02-06T00:01:24.290000;2016-02-06T00:01:24.533000;0c453dfd-4461-430b-9990-44036b2346cf;383.93;0.125;SELL
2016-02-06T00:01:24.290000;2016-02-06T00:01:24.533000;4a5fbd5e-52f1-48f7-a50d-01b58c9bf622;383.92;0.01;SELL
2016-02-06T00:01:24.290000;2016-02-06T00:01:24.533000;22575f4a-5048-45ed-9eb0-a464fc3c786f;383.92;0.078;SELL
2016-02-06T00:01:24.290000;2016-02-06T00:01:24.533000;c42118c7-e726-4c37-99f2-765f9195fbd6;383.92;0.16;SELL
2016-02-06T00:01:24.290000;2016-02-06T00:01:24.567000;39a94d6c-a337-45cc-bcb1-ce20c0771399;383.91;0.01;SELL
2016-02-06T00:01:24.290000;2016-02-06T00:01:24.567000;e3c52d1c-a362-49bf-bd40-e324f1b7d8d5;383.91;0.32;SELL
2016-02-06T00:01:24.290000;2016-02-06T00:01:24.567000;70f01ded-451a-4161-8bf9-c981c5b0a9b7;383.9;0.112;SELL
2016-02-06T00:01:24.290000;2016-02-06T00:01:24.567000;339a3177-ec55-4a3a-b5f4-b1a26459def4;383.9;2.0;SELL
2016-02-06T00:01:24.293000;2016-02-06T00:01:24.567000;aa00697a-7fa3-452f-958b-411bac031fb9;383.89;0.117;SELL
2016-02-06T00:01:24.293000;2016-02-06T00:01:24.567000;a1445737-2aed-4048-946e-79c3c48f879f;383.88;0.96;SELL
2016-02-06T00:01:24.293000;2016-02-06T00:01:24.567000;540eefc6-fdb9-4be7-849b-1deebcaaac53;383.87;0.01;SELL
2016-02-06T00:01:24.293000;2016-02-06T00:01:24.580000;04c014c1-6635-47c0-9f8f-0049527efa3a;383.87;0.01;SELL
2016-02-06T00:01:24.293000;2016-02-06T00:01:24.580000;6d59a6cf-cbf1-4909-9003-3db5195e1b8b;383.87;0.157;SELL
2016-02-06T00:01:24.293000;2016-02-06T00:01:24.580000;08c66b78-d1c5-431a-b3dd-fe7f02c8cff5;383.87;0.16;SELL
2016-02-06T00:01:24.293000;2016-02-06T00:01:24.580000;a68dc1db-33c9-4152-a28c-f48e5cc91cc7;383.86;0.129;SELL
2016-02-06T00:01:24.293000;2016-02-06T00:01:24.580000;a617dfef-c360-4455-ad47-cbf2d5ef4e1c;383.86;0.60556125;SELL
2016-02-06T00:01:31.697000;2016-02-06T00:01:31.737000;0ec93d1b-2421-445d-b2c5-34dd4be3b56f;384.26;0.25;BUY
2016-02-06T00:01:31.700000;2016-02-06T00:01:31.737000;cd9ff128-d33d-49d8-b280-b88290d4244a;384.26;0.43;BUY
2016-02-06T00:01:31.700000;2016-02-06T00:01:31.770000;eb08104f-a283-4eac-9a32-a12544c236e1;384.27;0.67;BUY
2016-02-06T00:01:31.700000;2016-02-06T00:01:31.770000;b9262c5a-9d90-427a-b5ad-9fde75a541c7;384.29;0.24844;BUY
2016-02-06T00:01:37.113000;2016-02-06T00:01:37.177000;7b29b698-913b-4154-a8f4-45417a2da638;384.25;0.01;SELL
2016-02-06T00:01:37.113000;2016-02-06T00:01:37.177000;bf36f5f6-8160-4fbe-acb9-56b95befc971;384.24;0.01;SELL
2016-02-06T00:01:37.113000;2016-02-06T00:01:37.177000;62a3bfff-3696-413a-b0e6-a0721c1e59b6;384.23;0.01;SELL
2016-02-06T00:01:37.117000;2016-02-06T00:01:37.177000;f4420ea0-e1b3-4aef-8824-c37908337449;384.22;0.01;SELL
2016-02-06T00:01:37.117000;2016-02-06T00:01:37.177000;d571faf9-275f-49b4-98f9-5be1f06ef555;384.2;0.01;SELL
2016-02-06T00:01:37.117000;2016-02-06T00:01:37.177000;34450b70-7878-44d0-8bb9-953364e1912f;384.2;0.01;SELL
2016-02-06T00:01:37.117000;2016-02-06T00:01:37.177000;3eb19f7b-996a-47a6-889a-97d01e8f9c6b;384.18;0.01;SELL
2016-02-06T00:01:37.117000;2016-02-06T00:01:37.190000;31834bd1-efcd-46c1-bde3-5790cc3c55ce;384.18;0.01;SELL
2016-02-06T00:01:37.117000;2016-02-06T00:01:37.190000;6570097e-c768-41c2-bf15-07a98369a851;384.16;0.01;SELL
2016-02-06T00:01:37.117000;2016-02-06T00:01:37.190000;99b0ad9d-9c67-4b90-a70c-6b85708ad600;384.16;0.01;SELL
2016-02-06T00:01:37.117000;2016-02-06T00:01:37.190000;5394bdcb-1eb8-46b0-97d6-8376d52ee6d5;384.14;0.01;SELL
2016-02-06T00:01:37.117000;2016-02-06T00:01:37.190000;dbc207e1-61e0-4d0b-af1f-bc9f7f6d644d;384.14;0.01;SELL
2016-02-06T00:01:37.117000;2016-02-06T00:01:37.190000;1e945cd7-facc-404b-a327-8e69c840710d;384.12;0.01;SELL
2016-02-06T00:01:37.117000;2016-02-06T00:01:37.190000;6a62753e-3fde-47af-912c-445e4df580cf;384.12;0.01;SELL
2016-02-06T00:01:37.117000;2016-02-06T00:01:37.207000;f1701b95-0742-44d0-824a-46bd194d8f54;384.12;0.1;SELL
2016-02-06T00:01:37.117000;2016-02-06T00:01:37.207000;8df1a32b-6e4d-432e-8cd3-09d7a0d541a1;384.1;0.01;SELL
2016-02-06T00:01:37.117000;2016-02-06T00:01:37.207000;9c506172-5f87-4573-a6d6-8bc13395d351;384.1;0.01;SELL
2016-02-06T00:01:37.117000;2016-02-06T00:01:37.207000;e74b5803-8465-493c-9c40-cbbae26a5981;384.1;0.02533876;SELL
2016-02-06T00:01:37.117000;2016-02-06T00:01:37.207000;82f56370-e147-4402-aba1-e51d63e2f275;384.08;0.01;SELL
2016-02-06T00:01:37.117000;2016-02-06T00:01:37.207000;ef3079da-1599-4e05-9cb5-b48840d9b571;384.04;0.03106124;SELL
2016-02-06T00:01:37.137000;2016-02-06T00:01:37.237000;19c11e8f-e71d-4bcd-b937-8e62933229dc;384.04;0.36893876;SELL
2016-02-06T00:01:37.137000;2016-02-06T00:01:37.237000;d64ca15d-fd06-4a3b-9c3a-7cce753ef905;383.96;0.08706124;SELL
2016-02-06T00:01:37.147000;2016-02-06T00:01:37.237000;deb1dea7-3d43-4940-9e50-045c56f060d3;383.96;0.04193876;SELL
2016-02-06T00:01:37.147000;2016-02-06T00:01:37.237000;2dfdc734-1516-4689-9432-7ef03d08d43e;383.93;0.123;SELL
2016-02-06T00:01:37.147000;2016-02-06T00:01:37.237000;99fd4bc0-03b4-4d1a-b7dd-2375fbf87c0e;383.89;0.01;SELL
2016-02-06T00:01:37.147000;2016-02-06T00:01:37.237000;3df049f5-82c5-4ebd-9e8e-9623c9207522;383.85;0.01;SELL
2016-02-06T00:01:37.147000;2016-02-06T00:01:37.253000;051ce660-e4d7-484a-99e6-2f87112cb67c;383.85;0.01;SELL
2016-02-06T00:01:37.147000;2016-02-06T00:01:37.253000;a2ab5b34-9f11-423c-8c56-caad9bdcbece;383.83;0.01;SELL
2016-02-06T00:01:37.147000;2016-02-06T00:01:37.253000;2fce288b-7dda-4ddd-900f-f2f497c04d32;383.83;0.01;SELL
2016-02-06T00:01:37.150000;2016-02-06T00:01:37.253000;df901bbd-f7fe-4b6e-a057-8401108906b1;383.81;0.01;SELL
2016-02-06T00:01:37.150000;2016-02-06T00:01:37.253000;dfdc40ec-0612-4cb6-8803-d8f7b2202cd6;383.81;0.01;SELL
2016-02-06T00:01:37.150000;2016-02-06T00:01:37.253000;4ecc50ac-7e78-4bc0-9680-c8832b6cdb8a;383.79;0.01;SELL
2016-02-06T00:01:37.150000;2016-02-06T00:01:37.253000;da04299c-9009-4ccc-8bc3-86daf8ebc4b3;383.73;0.06866124;SELL
2016-02-06T00:01:37.163000;2016-02-06T00:01:37.270000;82066334-da86-42a2-8329-b42573479703;383.73;0.1456;SELL
2016-02-06T00:01:37.167000;2016-02-06T00:01:37.283000;c76c2d5b-4285-4c3a-8668-d1f4382e1d03;383.73;0.11523876;SELL
2016-02-06T00:01:37.167000;2016-02-06T00:01:37.283000;9845617a-4c0e-4077-a1d9-753d267ce3a2;383.68;0.01;SELL
2016-02-06T00:01:37.167000;2016-02-06T00:01:37.283000;570250e0-e86a-4db5-8364-5d60664a1590;383.66;0.32;SELL
2016-02-06T00:01:37.170000;2016-02-06T00:01:37.283000;381cb8d2-2151-4f56-af63-ae32fe74a520;383.65;0.01;SELL
2016-02-06T00:01:37.170000;2016-02-06T00:01:37.283000;e0472c1d-b99c-48c8-9dcc-a6861e15e9d4;383.61;0.12076124;SELL
2016-02-06T00:01:37.180000;2016-02-06T00:01:37.300000;2e267df7-5320-4d99-86f0-a10cc87aa52a;383.61;0.168;SELL
2016-02-06T00:01:37.187000;2016-02-06T00:01:37.300000;e45480c1-6e81-4cbd-a4b2-9f306ce41ff8;383.61;0.4512;SELL
2016-02-06T00:01:37.203000;2016-02-06T00:01:37.330000;a9de3aab-1f06-4b3c-b408-bb3e0925158a;383.9;0.093;SELL
2016-02-06T00:01:37.203000;2016-02-06T00:01:37.330000;4db1e0a7-0226-4dc7-9336-3069bb34faa3;383.61;0.075;SELL
2016-02-06T00:01:37.207000;2016-02-06T00:01:37.330000;ffbb1b4f-954f-4064-8541-67803533687f;383.61;0.18503876;SELL
2016-02-06T00:01:37.207000;2016-02-06T00:01:37.330000;6a158a74-50aa-4cc5-8a04-e5d2f2f0747c;383.6;0.56349124;SELL
2016-02-06T00:01:37.227000;2016-02-06T00:01:37.330000;c690d63a-7886-4a75-a3b9-e856d2d0b241;383.6;0.168;SELL
2016-02-06T00:02:01.210000;2016-02-06T00:02:01.237000;e618dff6-45c0-4061-b2ac-d991fdbf2ab1;384.12;0.01;SELL
2016-02-06T00:02:01.210000;2016-02-06T00:02:01.253000;3b9081bb-707f-4ca1-ad10-d54a6ba1ecec;384.11;0.01;SELL
2016-02-06T00:02:01.210000;2016-02-06T00:02:01.253000;b4217123-31db-4bfe-8b4d-dfd83c119799;384.0;0.02533876;SELL
2016-02-06T00:02:01.210000;2016-02-06T00:02:01.253000;2dbf28d0-2b52-4404-a07b-b884a291a7b3;383.99;0.1;SELL
2016-02-06T00:02:01.210000;2016-02-06T00:02:01.253000;56d43588-ca64-4e71-9b97-01fe79b5d768;383.95;0.01;SELL
2016-02-06T00:02:01.210000;2016-02-06T00:02:01.270000;e6be3a47-7f53-4118-bbf8-5b04aadb4b52;383.91;0.098;SELL
2016-02-06T00:02:01.210000;2016-02-06T00:02:01.270000;e3a36747-0ec7-4f69-8cc8-e0dc55e190db;383.88;0.12;SELL
2016-02-06T00:02:01.210000;2016-02-06T00:02:01.270000;87057878-a8b4-4040-bba6-9616d486f57b;383.85;0.106;SELL
2016-02-06T00:02:01.210000;2016-02-06T00:02:01.270000;22aa8cb8-820e-4d61-9f08-9094c225ad3b;383.82;0.124;SELL
2016-02-06T00:02:01.210000;2016-02-06T00:02:01.270000;52e91e80-a34a-44c3-92be-282dca1854e8;383.79;0.072;SELL
2016-02-06T00:02:01.210000;2016-02-06T00:02:01.300000;16d818e9-9242-464e-bf26-a6c260313cc2;383.76;0.108;SELL
2016-02-06T00:02:01.213000;2016-02-06T00:02:01.300000;b1a3607c-5d72-4595-a2f6-d33ff830557e;383.73;0.084;SELL
2016-02-06T00:02:01.213000;2016-02-06T00:02:01.300000;370b17a4-9da6-49d1-a0fd-575e800f851c;383.7;0.122;SELL
2016-02-06T00:02:01.213000;2016-02-06T00:02:01.300000;205aa4cd-2eb4-4e3d-a6a7-7096a2269993;383.67;0.128;SELL
2016-02-06T00:02:01.213000;2016-02-06T00:02:01.300000;041db198-dfa6-4b8d-a2d2-fa1f71746213;383.66;0.01;SELL
2016-02-06T00:02:01.213000;2016-02-06T00:02:01.300000;fa420f51-0bb0-4188-ba6d-3288405e2636;383.64;0.115;SELL
2016-02-06T00:02:01.213000;2016-02-06T00:02:01.317000;7d7a3209-f868-473f-aac1-046bff3f7465;383.62;0.38546124;SELL
2016-02-06T00:02:30.763000;2016-02-06T00:02:30.783000;c26fa96d-d1f0-4999-aa53-21cb80f47b0e;384.06;0.0203;BUY
2016-02-06T00:02:31.260000;2016-02-06T00:02:31.300000;ce866e74-4e32-46ea-acc9-57743db4f2f9;384.06;0.2297;BUY
2016-02-06T00:02:31.260000;2016-02-06T00:02:31.300000;a6c4db13-d805-41ae-90c1-2cb3080a66ed;384.06;0.42;BUY
2016-02-06T00:02:31.263000;2016-02-06T00:02:31.300000;993ce528-98a8-4b82-b432-fb3c1784baf9;384.06;0.08025;BUY
2016-02-06T00:03:01.137000;2016-02-06T00:03:01.190000;37214cf3-2c04-47c0-a81f-aa90be816007;384.07;0.01;SELL
2016-02-06T00:03:01.137000;2016-02-06T00:03:01.190000;49851f2a-e1b3-446e-a90c-bad7f1de644a;384.06;0.01;SELL
2016-02-06T00:03:01.137000;2016-02-06T00:03:01.190000;166d4675-fae6-4bcd-9da3-687629b38df1;384.05;0.01;SELL
2016-02-06T00:03:01.137000;2016-02-06T00:03:01.190000;23c9730a-e085-4c0a-bfa2-facb7e1e7751;384.04;0.01;SELL
2016-02-06T00:03:01.140000;2016-02-06T00:03:01.190000;31b6aa4d-5e65-423c-bd9d-4b4a9b06ab2e;384.04;0.01306;SELL
2016-02-06T00:03:31.083000;2016-02-06T00:03:31.113000;a63b6d7d-d5fd-4459-b3d4-1d5741726ba4;384.06;0.25;BUY
2016-02-06T00:03:31.083000;2016-02-06T00:03:31.127000;05dfd63e-c7cb-44f7-8b29-81475dc0a54e;384.06;0.127;BUY
2016-02-06T00:03:31.083000;2016-02-06T00:03:31.127000;fc6fb729-c75e-4c7d-afcf-c967c0b013c5;384.08;0.086;BUY
2016-02-06T00:03:31.083000;2016-02-06T00:03:31.127000;0191fe8e-f23c-45d7-a259-68eddd623e87;384.09;0.16;BUY
2016-02-06T00:03:31.083000;2016-02-06T00:03:31.127000;b6352d02-ffbe-4fb2-a6ab-4531ab297a72;384.1;0.01;BUY
2016-02-06T00:03:31.083000;2016-02-06T00:03:31.223000;3bcfe613-3fbb-4fca-8fb3-9cd03aec0050;384.1;0.01;BUY
2016-02-06T00:03:31.083000;2016-02-06T00:03:31.223000;caf4921f-8d0d-4acf-9e6f-77725bcd78c1;384.11;0.64;BUY
2016-02-06T00:03:31.083000;2016-02-06T00:03:31.223000;4f02c115-e0a9-434e-97ac-8f6dd09ad816;384.12;0.01;BUY
2016-02-06T00:03:31.083000;2016-02-06T00:03:31.223000;99d6e332-4ce4-481c-8000-b8d19f5f7e8f;384.12;0.562;BUY
2016-02-06T00:03:31.083000;2016-02-06T00:03:31.223000;60aac2ea-a0c2-4e3e-874a-66c5af9bf00e;384.12;0.32;BUY
2016-02-06T00:03:31.083000;2016-02-06T00:03:31.223000;d748170d-c127-41da-8288-44d29752c030;384.13;0.305;BUY
2016-02-06T00:03:31.083000;2016-02-06T00:03:31.223000;0d2c9151-9a35-417c-9017-498ad3141553;384.13;0.01;BUY
2016-02-06T00:03:31.083000;2016-02-06T00:03:31.223000;57527e62-8ca0-4551-970f-85db2434b6b2;384.13;0.48;BUY
2016-02-06T00:03:31.083000;2016-02-06T00:03:31.223000;3c17ad8a-ae69-46ae-989d-d0e26c68ec6e;384.14;0.465;BUY
2016-02-06T00:03:31.087000;2016-02-06T00:03:31.223000;2a105312-df57-435f-95cb-878496f0e54b;384.14;0.48;BUY
2016-02-06T00:03:31.087000;2016-02-06T00:03:31.223000;446532cf-bfba-4b39-9d52-19cf968518ce;384.15;0.23;BUY
2016-02-06T00:03:31.087000;2016-02-06T00:03:31.223000;378b6b40-63dd-4ba9-bece-b80d99a9f1c8;384.15;0.17928;BUY
2016-02-06T00:04:01.387000;2016-02-06T00:04:01.427000;e01b85ec-2681-4de7-aef0-6ddeff282447;384.09;0.25;BUY
2016-02-06T00:04:01.387000;2016-02-06T00:04:01.427000;29a9cb31-7182-4107-9334-704e0e1ed6c5;384.09;0.114;BUY
2016-02-06T00:04:01.387000;2016-02-06T00:04:01.427000;bfa977ac-ab05-4462-90c4-f02a54111c99;384.11;1.03501;BUY
2016-02-06T00:04:31.267000;2016-02-06T00:04:31.317000;3401fe6e-4bc5-41e4-94b3-700baffb4812;384.09;0.25;BUY
2016-02-06T00:04:31.270000;2016-02-06T00:04:31.317000;4a0139d3-71fd-4eea-b327-00e2af6b12b0;384.09;3.713;BUY
2016-02-06T00:04:31.270000;2016-02-06T00:04:31.317000;50c2da7a-811d-4066-98b8-e28b9e5078c1;384.09;0.33481;BUY
2016-02-06T00:05:01.130000;2016-02-06T00:05:01.160000;fd5c261e-e576-4a75-96f9-a6cb4f72eb32;384.11;0.25;BUY
2016-02-06T00:05:01.130000;2016-02-06T00:05:01.177000;c5d51f0d-2798-4d6b-9f5a-e15907f3e5af;384.11;0.173;BUY
2016-02-06T00:05:01.130000;2016-02-06T00:05:01.177000;12ff6530-1fbe-4eea-b1c1-fcf85dff042a;384.11;0.25;BUY
2016-02-06T00:05:01.130000;2016-02-06T00:05:01.177000;d8933316-5120-4195-a6ce-d9bde04a9aec;384.12;0.242;BUY
2016-02-06T00:05:01.130000;2016-02-06T00:05:01.177000;d6d5525f-8429-4c73-a531-8f5e606cd722;384.13;0.708;BUY
2016-02-06T00:05:31.000000;2016-02-06T00:05:31.033000;b56f33d2-3793-4e37-b4cd-94ecf49b292e;384.12;0.25;BUY
2016-02-06T00:05:31.000000;2016-02-06T00:05:31.033000;e24026c3-3f85-4e8d-9d71-4b4dde936d4f;384.12;0.158;BUY
2016-02-06T00:05:31.000000;2016-02-06T00:05:31.033000;7c6be019-c0e5-4a1b-a0e8-fe26ebf4ae14;384.15;0.48;BUY
2016-02-06T00:05:31.000000;2016-02-06T00:05:31.033000;bdb782e0-cad3-4a8c-bd22-588045f17ae7;384.16;3.76488;BUY
2016-02-06T00:06:01.677000;2016-02-06T00:06:01.723000;0a7e1194-408f-46a3-b05d-92d3280421b9;384.14;0.212;BUY
2016-02-06T00:06:01.677000;2016-02-06T00:06:01.723000;1a62501f-981b-49a0-a99d-86175f0261ce;384.16;0.96;BUY
2016-02-06T00:06:01.677000;2016-02-06T00:06:01.737000;97240d20-ec8b-43f5-b7db-83841218940d;384.17;3.853;BUY
2016-02-06T00:06:01.677000;2016-02-06T00:06:01.737000;c533672f-39f2-414a-8b12-70e4c3208b7a;384.17;1.263;BUY
2016-02-06T00:06:01.677000;2016-02-06T00:06:01.737000;d00b4ba7-8d81-459a-a696-3169e5524d66;384.18;0.31;BUY
2016-02-06T00:06:01.677000;2016-02-06T00:06:01.737000;100578a5-659e-424c-b00d-31c6a430d663;384.2;0.01;BUY
2016-02-06T00:06:01.677000;2016-02-06T00:06:01.737000;07952f2b-12fb-4358-a008-0a804f387891;384.2;0.01;BUY
2016-02-06T00:06:01.677000;2016-02-06T00:06:01.737000;0cf03f7e-6ef3-49f1-8fb1-8fe498f502c5;384.21;0.354;BUY
2016-02-06T00:06:01.677000;2016-02-06T00:06:01.737000;e1c759ae-5872-4ea8-9dd3-f72b5194a65e;384.22;0.01;BUY
2016-02-06T00:06:01.677000;2016-02-06T00:06:01.737000;0063d92f-d450-468c-8346-04461ac2b23b;384.23;0.01;BUY
2016-02-06T00:06:01.677000;2016-02-06T00:06:01.753000;f93593bc-c319-409c-87dd-501355257c89;384.23;3.858;BUY
2016-02-06T00:06:01.677000;2016-02-06T00:06:01.753000;a68b790e-81e0-4f89-bc77-7f05aaa396bb;384.24;0.01;BUY
2016-02-06T00:06:01.677000;2016-02-06T00:06:01.753000;f29a8ae3-353b-4d6d-8c52-d0160af44069;384.24;0.32;BUY
2016-02-06T00:06:01.677000;2016-02-06T00:06:01.753000;ef994335-3384-430b-a7f6-b8d48a8f7eec;384.25;0.01;BUY
2016-02-06T00:06:01.677000;2016-02-06T00:06:01.753000;488c11fb-3447-4730-a267-905bb4f19077;384.25;0.02533876;BUY
2016-02-06T00:06:01.680000;2016-02-06T00:06:01.770000;80053fda-e202-4dbb-bdb1-85bac1e4ad82;384.26;0.01;BUY
2016-02-06T00:06:01.680000;2016-02-06T00:06:01.770000;c0c0899a-2c86-42bb-aba2-8b88e6d10403;384.27;0.01;BUY
2016-02-06T00:06:01.680000;2016-02-06T00:06:01.783000;107ca51d-c3e6-4d3d-b8c4-ff9e9f72b585;384.27;0.01;BUY
2016-02-06T00:06:01.680000;2016-02-06T00:06:01.783000;cb60a9a6-27c0-4215-ac76-1f46999208b6;384.27;0.01;BUY
2016-02-06T00:06:01.680000;2016-02-06T00:06:01.783000;ea93a94e-83b8-4a4a-9295-33be9b082c01;384.27;0.761;BUY
2016-02-06T00:06:01.680000;2016-02-06T00:06:01.783000;7dfa320e-a822-40e4-b6e8-387d9b101df2;384.27;0.1;BUY
2016-02-06T00:06:01.680000;2016-02-06T00:06:01.783000;9d1a3d0d-b4ed-4c72-aed3-b9a368f7bb01;384.28;0.01;BUY
2016-02-06T00:06:01.680000;2016-02-06T00:06:01.783000;77078c23-b543-426a-91fa-5d21e7a3cfd0;384.3;0.04;BUY
2016-02-06T00:06:01.680000;2016-02-06T00:06:01.783000;6070a4c0-e790-4d6a-899e-374f58bde066;384.3;0.923;BUY
2016-02-06T00:06:01.680000;2016-02-06T00:06:01.800000;d52004ed-e140-4fde-8414-8aff3803cf78;384.31;0.01;BUY
2016-02-06T00:06:01.680000;2016-02-06T00:06:01.800000;71cec339-c28d-4093-a3d0-6cf6b6c3206f;384.33;0.01;BUY
2016-02-06T00:06:01.680000;2016-02-06T00:06:01.800000;73b32a28-e042-4e47-9ce5-2c16f6edb556;384.33;0.01;BUY
2016-02-06T00:06:01.680000;2016-02-06T00:06:01.800000;acb2a741-7794-4af5-86ff-a11b86c72ef1;384.35;0.01;BUY
2016-02-06T00:06:01.680000;2016-02-06T00:06:01.800000;682ffc9b-e4d8-41c3-969e-ef901fcfb93c;384.35;0.01;BUY
2016-02-06T00:06:01.680000;2016-02-06T00:06:01.800000;eff065f0-2489-4cb0-a220-074440f146c0;384.35;0.02533876;BUY
2016-02-06T00:06:01.680000;2016-02-06T00:06:01.800000;65b1dd58-b503-4c49-b113-ab9adc687621;384.36;0.318;BUY
2016-02-06T00:06:01.680000;2016-02-06T00:06:01.800000;ce33d8cc-a54e-42a9-973a-f5174ed42921;384.37;0.01;BUY
2016-02-06T00:06:01.680000;2016-02-06T00:06:01.817000;323ca6e1-6d58-4ea7-8704-25f52888ed89;384.37;0.01;BUY
2016-02-06T00:06:01.680000;2016-02-06T00:06:01.817000;bb2741bb-4d96-45f8-807c-511a461d2315;384.38;2.08;BUY
2016-02-06T00:06:01.680000;2016-02-06T00:06:01.817000;37f68073-e81a-4691-b99d-6cfa1b989238;384.39;0.01;BUY
2016-02-06T00:06:01.683000;2016-02-06T00:06:01.817000;249d806a-38f0-4661-b567-39d157be4b78;384.39;0.01;BUY
2016-02-06T00:06:01.683000;2016-02-06T00:06:01.817000;b2014a22-d8b5-4d13-b9b7-52e4c20c27ea;384.39;0.255;BUY
2016-02-06T00:06:01.683000;2016-02-06T00:06:01.830000;f954020c-a34b-4e22-9475-b36cf7b29f77;384.39;1.92;BUY
2016-02-06T00:06:01.683000;2016-02-06T00:06:01.830000;3a9ccb65-5cee-4f0c-ab0d-eee49db6d10b;384.4;0.01;BUY
2016-02-06T00:06:01.683000;2016-02-06T00:06:01.830000;abb29485-76a5-4fac-82df-7c6fc9cf91a3;384.4;0.03;BUY
2016-02-06T00:06:01.683000;2016-02-06T00:06:01.830000;874b4ba2-68ed-4987-966a-6ddb11b3821b;384.4;1.92;BUY
2016-02-06T00:06:01.683000;2016-02-06T00:06:01.830000;e4ae297f-b0b7-4614-b2d6-2a858327485d;384.41;0.01;BUY
2016-02-06T00:06:01.683000;2016-02-06T00:06:01.830000;be70c35c-a361-4275-bbbd-d863761a558b;384.41;0.01;BUY
2016-02-06T00:06:01.683000;2016-02-06T00:06:01.830000;19f56263-4f1f-42dc-abbc-2d7789cfc77a;384.41;4.15374248;BUY
2016-02-06T00:06:33.467000;2016-02-06T00:06:33.487000;4cd6b782-9e5c-4e86-bb1c-001a5cd4df63;384.25;0.25;BUY
2016-02-06T00:06:33.467000;2016-02-06T00:06:33.503000;11a24a55-bfec-4d7b-a6ea-ec7741d4f035;384.25;0.131;BUY
2016-02-06T00:06:33.467000;2016-02-06T00:06:33.503000;e64da423-4e0f-41b6-bb37-b7126df07aa0;384.27;0.099;BUY
2016-02-06T00:06:33.467000;2016-02-06T00:06:33.503000;3405b181-d84f-4d1f-a77f-096a1e58030a;384.28;0.01;BUY
2016-02-06T00:06:33.467000;2016-02-06T00:06:33.520000;e655b5e6-7d17-429e-98ec-d67b09e4248c;384.3;0.01;BUY
2016-02-06T00:06:33.467000;2016-02-06T00:06:33.520000;84066fb9-3a2f-4bce-bd73-162b12fc7e42;384.3;0.124;BUY
2016-02-06T00:06:33.467000;2016-02-06T00:06:33.520000;e9e24e19-24d4-49b7-b63d-965d4f6e6098;384.32;0.01;BUY
2016-02-06T00:06:33.467000;2016-02-06T00:06:33.520000;7ec29f3e-1433-4f87-868d-aec295e12639;384.32;0.01;BUY
2016-02-06T00:06:33.467000;2016-02-06T00:06:33.520000;ac1c439e-93ff-481f-9e16-59c927a817db;384.33;0.121;BUY
2016-02-06T00:06:33.467000;2016-02-06T00:06:33.520000;c867e7f9-e5e4-481a-81d6-e7576f52c3ab;384.34;0.01;BUY
2016-02-06T00:06:33.467000;2016-02-06T00:06:33.533000;082691ea-d0d2-47ce-8f66-66260e05ce38;384.35;0.32;BUY
2016-02-06T00:06:33.467000;2016-02-06T00:06:33.533000;7f1f43a9-683b-4aa9-944c-b6d06b8e934c;384.36;0.00254;BUY
2016-02-06T00:06:55.187000;2016-02-06T00:06:55.207000;dd250094-aa7b-4e8e-bad8-a944ff192c94;384.23;0.01;SELL
2016-02-06T00:06:55.187000;2016-02-06T00:06:55.237000;3f30f6c1-258e-4c69-ae1e-d64d0def2f02;384.23;0.01;SELL
2016-02-06T00:06:55.187000;2016-02-06T00:06:55.237000;4dce761c-31ae-466d-9b52-6894c14d0b7d;384.21;0.01;SELL
2016-02-06T00:06:55.187000;2016-02-06T00:06:55.237000;da264432-4d61-41ea-9090-165cc55bed9b;384.2;0.01;SELL
2016-02-06T00:06:55.190000;2016-02-06T00:06:55.237000;d28c3ece-4e52-4a8f-9dfb-c31faebc52b7;384.19;0.01;SELL
2016-02-06T00:06:55.190000;2016-02-06T00:06:55.317000;ee6dc22e-5994-423a-9f78-570a4a9e087b;384.17;0.01;SELL
2016-02-06T00:06:55.190000;2016-02-06T00:06:55.317000;03504a48-0bde-4f33-b152-1873482d8ca6;384.17;0.01;SELL
2016-02-06T00:06:55.190000;2016-02-06T00:06:55.317000;ec7b98f3-076b-4763-8e67-fd7c291fa7bc;384.15;0.01;SELL
2016-02-06T00:06:55.190000;2016-02-06T00:06:55.317000;98673866-f28b-4039-94c4-c6d052a31c00;384.15;0.01;SELL
2016-02-06T00:06:55.190000;2016-02-06T00:06:55.317000;6f58f12a-fc1f-4626-9bd5-eb2fc556187c;384.14;0.3;SELL
2016-02-06T00:06:55.190000;2016-02-06T00:06:55.317000;7377140e-c936-4165-8498-5eb57ce89a25;384.13;0.01;SELL
2016-02-06T00:06:55.190000;2016-02-06T00:06:55.317000;2f3a25e9-44cd-4f16-8f5e-26b32e0b8029;384.13;0.01;SELL
2016-02-06T00:06:55.190000;2016-02-06T00:06:55.317000;e544bcb3-45e4-48fc-88cb-de227b0661bd;384.13;0.01;SELL
2016-02-06T00:06:55.190000;2016-02-06T00:06:55.317000;acf328cb-02a5-4b67-98c6-367c540a5fcd;384.11;0.01;SELL
2016-02-06T00:06:55.190000;2016-02-06T00:06:55.317000;58288cd7-6c92-463b-9ae8-a4f2f9f7692d;384.1;0.01;SELL
2016-02-06T00:06:55.190000;2016-02-06T00:06:55.317000;671bf462-d306-4250-902a-e95a522cfb44;384.1;0.008;SELL
2016-02-06T00:06:55.217000;2016-02-06T00:06:55.317000;0d0c19e0-c43d-42e3-8ba0-6ea3e113c26b;384.1;0.01733908;SELL
2016-02-06T00:06:55.217000;2016-02-06T00:06:55.317000;8ec9e842-be78-4ea7-a150-ad4628811c8d;384.09;0.01;SELL
2016-02-06T00:06:55.217000;2016-02-06T00:06:55.317000;f49ded68-f4c7-4dd0-9430-01cdfc89c798;384.08;0.01;SELL
2016-02-06T00:06:55.220000;2016-02-06T00:06:55.317000;8d5d3d96-f81e-44c2-a63e-74b9355b4671;384.07;0.01;SELL
2016-02-06T00:06:55.220000;2016-02-06T00:06:55.317000;f702385e-37cc-4fbc-98fe-cb370d4a161a;384.06;0.01;SELL
2016-02-06T00:06:55.220000;2016-02-06T00:06:55.317000;1eb0e287-3d57-4725-a232-b4572e446265;384.05;0.01;SELL
2016-02-06T00:06:55.220000;2016-02-06T00:06:55.317000;7f07bb64-fcc0-484c-a19c-b7e86fd41d87;384.02;0.01;SELL
2016-02-06T00:06:55.220000;2016-02-06T00:06:55.317000;10bdb469-fbcd-4e77-b8b7-fd9ddb52fe98;384.02;0.08466092;SELL
2016-02-06T00:06:57.877000;2016-02-06T00:06:57.910000;1932e92c-0559-4433-ba9d-791644109f23;384.13;0.01;SELL
2016-02-06T00:06:57.877000;2016-02-06T00:06:57.910000;cbe4805d-7aac-4d37-85ac-2e9e5c7b8ca3;384.13;0.01;SELL
2016-02-06T00:06:57.877000;2016-02-06T00:06:57.910000;b3a1c0f9-a078-4409-b20e-8eb1856f24af;384.11;0.01;SELL
2016-02-06T00:06:57.877000;2016-02-06T00:06:57.927000;e6406aed-49e5-47f9-874a-addfa4b683d2;384.11;0.01;SELL
2016-02-06T00:06:57.877000;2016-02-06T00:06:57.927000;76d31f18-964d-415a-97ae-f2ea2b62ea32;384.09;0.01;SELL
2016-02-06T00:06:57.877000;2016-02-06T00:06:57.927000;e43d6a14-2c7c-4b09-bd5e-d62fb3c8fad2;384.09;0.01;SELL
2016-02-06T00:06:57.877000;2016-02-06T00:06:57.927000;d69ddf9b-ed19-4bab-b05d-72043023a092;384.07;0.01;SELL
2016-02-06T00:06:57.877000;2016-02-06T00:06:57.940000;df653c55-31c5-4907-bb2d-f8374c78f161;384.07;0.01;SELL
2016-02-06T00:06:57.877000;2016-02-06T00:06:57.940000;ab5ce49e-3629-4b29-861b-8b94a1d0b8cf;384.05;0.01;SELL
2016-02-06T00:06:57.880000;2016-02-06T00:06:57.940000;c5560ea1-ac7d-4c65-b4da-a98a7de09297;384.03;0.01;SELL
2016-02-06T00:06:57.880000;2016-02-06T00:06:57.940000;b8f97742-b66b-4afa-9ae0-8cc37e9f7103;384.03;0.01;SELL
2016-02-06T00:06:57.880000;2016-02-06T00:06:57.973000;3b26a808-b2a7-4282-9d15-c8fe82a345c0;384.01;0.01;SELL
2016-02-06T00:06:57.880000;2016-02-06T00:06:57.973000;3cd6d9e9-49d8-4f60-8714-30ba11273f3e;383.95;0.48;SELL
2016-02-06T00:06:57.880000;2016-02-06T00:06:57.973000;c6e2f106-56c6-4927-a568-fedf35880ad4;383.93;0.084;SELL
2016-02-06T00:06:57.880000;2016-02-06T00:06:57.973000;e46593eb-9a8b-4369-abd9-6e53c47d7108;383.92;0.8;SELL
2016-02-06T00:06:57.880000;2016-02-06T00:06:57.973000;53e83fa0-7d59-4468-b4ed-a2a84d5ea84c;383.91;0.097;SELL
2016-02-06T00:06:57.880000;2016-02-06T00:06:57.987000;7267a3ae-f633-4fd3-a0d8-3b7f34784eda;383.9;0.96;SELL
2016-02-06T00:06:57.880000;2016-02-06T00:06:57.987000;0c73d1c2-e99c-4f31-b79e-8169e619648d;383.89;0.01;SELL
2016-02-06T00:06:57.880000;2016-02-06T00:06:57.987000;bd3f9c6a-6a20-4a7d-8f13-237ec54b28a2;383.89;1.12;SELL
2016-02-06T00:06:57.880000;2016-02-06T00:06:57.987000;0ec81df0-3d41-4175-89da-3fb75b1d1969;383.88;0.085;SELL
2016-02-06T00:06:57.880000;2016-02-06T00:06:57.987000;b25ee510-1b0a-47b4-bf59-043b8f9ec85e;383.87;1.44;SELL
2016-02-06T00:06:57.880000;2016-02-06T00:06:58.003000;5a2ada76-ed12-4564-b9a9-6888dca1caae;383.84;2.0;SELL
2016-02-06T00:06:57.880000;2016-02-06T00:06:58.003000;63ed3bb9-6da7-475d-883c-724d9beee5c2;383.82;0.09;SELL
2016-02-06T00:06:57.880000;2016-02-06T00:06:58.003000;98096583-df5b-4daf-bc54-900ce64fc3d3;383.79;0.102;SELL
2016-02-06T00:06:57.880000;2016-02-06T00:06:58.003000;b0a933cf-550a-47c3-9903-228e4286ffd8;383.77;0.108;SELL
2016-02-06T00:06:57.880000;2016-02-06T00:06:58.003000;7dfa93a7-987a-433a-aa94-ddadaa95dd82;383.76;0.112;SELL
2016-02-06T00:06:57.880000;2016-02-06T00:06:58.003000;822b0844-8074-41a3-ae1a-410df1d85a6f;383.74;0.01;SELL
2016-02-06T00:06:57.880000;2016-02-06T00:06:58.003000;6881a06b-e121-424e-a335-1737d95ae3c5;383.74;0.097;SELL
2016-02-06T00:06:57.880000;2016-02-06T00:06:58.003000;1f7dd84f-a98f-4698-a22a-66e50200b825;383.73;0.01;SELL
2016-02-06T00:06:57.883000;2016-02-06T00:06:58.003000;48de9ad2-b479-478d-b3ef-70ece499934f;383.71;0.092;SELL
2016-02-06T00:06:57.883000;2016-02-06T00:06:58.003000;625a846d-38c3-4a5f-be0e-4d146a7cbbd4;383.71;0.16;SELL
2016-02-06T00:06:57.883000;2016-02-06T00:06:58.033000;395e9699-3c7f-4b37-9e54-a34674380132;383.7;0.12;SELL
2016-02-06T00:06:57.883000;2016-02-06T00:06:58.033000;0fff4496-bc23-4087-803a-08c1191485bf;383.69;0.64;SELL
2016-02-06T00:06:57.883000;2016-02-06T00:06:58.033000;917b7812-5c4e-4138-9c3c-7388e6c81fe1;383.68;0.125;SELL
2016-02-06T00:06:57.883000;2016-02-06T00:06:58.033000;1c2c26dd-59c0-4f14-997c-4776f8c3f34e;383.66;1.12;SELL
2016-02-06T00:06:57.883000;2016-02-06T00:06:58.033000;cf5d414b-c48e-47e4-bb0b-c952469b899f;383.65;0.072;SELL
2016-02-06T00:06:57.883000;2016-02-06T00:06:58.033000;769a5f0e-bfc5-4754-a5b8-163ba05b3d51;383.65;1.44;SELL
2016-02-06T00:06:57.883000;2016-02-06T00:06:58.033000;1a196108-88e2-4916-a146-da27ac5ee7dd;383.64;0.124;SELL
2016-02-06T00:06:57.883000;2016-02-06T00:06:58.033000;4446b576-7585-4e1b-a7ba-d51502f88130;383.62;1.76;SELL
2016-02-06T00:06:57.883000;2016-02-06T00:06:58.033000;8b05e5a9-e4f6-4ac1-9e8d-b0c3f536e687;383.61;0.083;SELL
2016-02-06T00:06:57.883000;2016-02-06T00:06:58.050000;07a35478-c47e-4bda-816c-83ac5d68f993;383.6;3.2;SELL
2016-02-06T00:06:57.883000;2016-02-06T00:06:58.050000;a2b95da2-aabb-448d-9e14-7a5a4308350c;383.59;0.01;SELL
2016-02-06T00:06:57.883000;2016-02-06T00:06:58.050000;6d6497b4-566b-4dbb-b23b-cbf68b41c223;383.59;0.01;SELL
2016-02-06T00:06:57.883000;2016-02-06T00:06:58.050000;ecc502c6-04c4-42ac-a69d-b69b3c71b32f;383.58;0.102;SELL
2016-02-06T00:06:57.883000;2016-02-06T00:06:58.067000;037b6c42-5564-47c4-b25c-d21db61b1491;383.58;2.217;SELL
2016-02-06T00:07:01.260000;2016-02-06T00:07:01.300000;9bb0fb8c-34ed-42ea-a29c-add2464d0f7c;384.05;0.01;BUY
2016-02-06T00:07:01.260000;2016-02-06T00:07:01.300000;10b33076-2288-4c9c-9d4f-c68cca144dc6;384.05;0.01;BUY
2016-02-06T00:07:01.260000;2016-02-06T00:07:01.317000;1e4c8db6-f928-4180-ad2d-abf23fa3a170;384.05;0.4;BUY
2016-02-06T00:07:01.260000;2016-02-06T00:07:01.317000;37ed2487-6ec1-423f-9f39-f29f10a64b9b;384.05;0.132;BUY
2016-02-06T00:07:01.260000;2016-02-06T00:07:01.317000;6507c9b1-fdcf-4dae-95bc-81976cbb2dd3;384.07;0.01;BUY
2016-02-06T00:07:01.263000;2016-02-06T00:07:01.317000;14f915e8-8532-4cbe-a444-d84b1f0698dd;384.07;0.01;BUY
2016-02-06T00:07:01.263000;2016-02-06T00:07:01.317000;03362e0f-f192-41bd-8e09-ca92e5f4c5c3;384.09;0.01;BUY
2016-02-06T00:07:01.263000;2016-02-06T00:07:01.317000;10208cca-743a-4700-9706-5a71319a95e1;384.09;0.111;BUY
2016-02-06T00:07:01.263000;2016-02-06T00:07:01.330000;d9686525-b0ab-449c-9041-d53b1835fd76;384.11;0.01;BUY
2016-02-06T00:07:01.263000;2016-02-06T00:07:01.330000;6d05a93b-50dd-4838-9f8c-66a0c8e8b187;384.11;0.01;BUY
2016-02-06T00:07:01.263000;2016-02-06T00:07:01.330000;6ee8d376-6d4b-48c9-b3ad-99a74d32ec7f;384.13;0.01;BUY
2016-02-06T00:07:01.263000;2016-02-06T00:07:01.330000;2008425c-ca3d-4191-bd00-550b9b9de00d;384.14;0.01;BUY
2016-02-06T00:07:01.263000;2016-02-06T00:07:01.330000;9329db83-1bbd-4632-9db2-c5e8fc753470;384.15;0.01;BUY
2016-02-06T00:07:01.263000;2016-02-06T00:07:01.330000;c7e7380d-1fbb-49c1-a1c3-bf009e506be5;384.16;0.01;BUY
2016-02-06T00:07:01.263000;2016-02-06T00:07:01.347000;a040e049-7da2-4f2d-8586-66e45551141f;384.17;0.01;BUY
2016-02-06T00:07:01.263000;2016-02-06T00:07:01.347000;c9dcbe0d-2c3e-48df-b70d-afd4fe217e81;384.18;0.01;BUY
2016-02-06T00:07:01.263000;2016-02-06T00:07:01.347000;84f45a40-142c-4e12-a071-3ea298914fd9;384.19;0.01;BUY
2016-02-06T00:07:01.263000;2016-02-06T00:07:01.347000;63cdcedb-1427-4988-953a-25ef4ac313c3;384.19;0.01;BUY
2016-02-06T00:07:01.263000;2016-02-06T00:07:01.363000;cd7bd49b-c738-4b19-bbc0-dbb6cc861cbc;384.21;0.01;BUY
2016-02-06T00:07:01.263000;2016-02-06T00:07:01.363000;7aa9f97a-16e4-4210-afd0-5943b4dae55e;384.21;0.01;BUY
2016-02-06T00:07:01.263000;2016-02-06T00:07:01.363000;9955abf0-37b2-49d3-b3aa-2cb0d8231d2b;384.23;0.01;BUY
2016-02-06T00:07:01.263000;2016-02-06T00:07:01.363000;022b19ba-e7bb-46c4-a8d3-97552875e1ea;384.23;0.01;BUY
2016-02-06T00:07:01.267000;2016-02-06T00:07:01.363000;a7a24a01-732d-4f4a-b1fe-8e14ea992737;384.23;0.086;BUY
2016-02-06T00:07:01.267000;2016-02-06T00:07:01.363000;aaaa9ee0-6132-4710-9f81-198b8550d34f;384.24;1.12;BUY
2016-02-06T00:07:01.267000;2016-02-06T00:07:01.363000;f05088f8-8e1e-47c4-a106-7b2aa7f247ea;384.25;0.01;BUY
2016-02-06T00:07:01.267000;2016-02-06T00:07:01.363000;8390a2f2-cd3e-4953-b081-b9016b6bb80c;384.25;0.01;BUY
2016-02-06T00:07:01.267000;2016-02-06T00:07:01.377000;ab7c8600-fc93-4176-b23b-05693c2fc7f5;384.26;1.6;BUY
2016-02-06T00:07:01.267000;2016-02-06T00:07:01.377000;168c7757-c19d-47ab-8b8a-8204c35f8229;384.27;0.01;BUY
2016-02-06T00:07:01.267000;2016-02-06T00:07:01.377000;ce576492-724e-4110-bf91-858579c29bf5;384.27;0.01;BUY
2016-02-06T00:07:01.267000;2016-02-06T00:07:01.377000;7fb59b4f-e839-4190-8aed-07a32fc45695;384.28;0.80428;BUY
2016-02-06T00:07:31.093000;2016-02-06T00:07:31.127000;70477db7-5909-4f76-8be4-f776e012d11d;384.15;0.25;BUY
2016-02-06T00:07:31.093000;2016-02-06T00:07:31.127000;3538ac25-b76b-468a-bfe4-09687cc5fcf9;384.15;0.17;BUY
2016-02-06T00:07:31.093000;2016-02-06T00:07:31.143000;7fc76949-8665-41a2-9132-ca51fe718b76;384.16;0.04;BUY
2016-02-06T00:07:31.093000;2016-02-06T00:07:31.143000;ee5c5d1c-e2a0-44d4-82bd-65f915769cd7;384.16;0.159;BUY
2016-02-06T00:07:31.093000;2016-02-06T00:07:31.143000;dd57969e-99fc-43d8-b730-f43778956555;384.17;0.132;BUY
2016-02-06T00:07:31.093000;2016-02-06T00:07:31.143000;3d0dbc30-9500-488a-90c4-89c955affb46;384.18;0.01;BUY
2016-02-06T00:07:31.093000;2016-02-06T00:07:31.143000;9a553681-868e-42d7-8d93-b2278578a08a;384.18;0.01;BUY
2016-02-06T00:07:31.093000;2016-02-06T00:07:31.143000;6fa17fd2-d130-473d-885e-46023f7cf2dc;384.2;0.01;BUY
2016-02-06T00:07:31.093000;2016-02-06T00:07:31.143000;38371b3f-7208-4feb-8561-419529356e5f;384.2;0.01;BUY
2016-02-06T00:07:31.093000;2016-02-06T00:07:31.143000;17248336-d09c-470f-81e2-989053b5b7ba;384.2;0.103;BUY
2016-02-06T00:07:31.093000;2016-02-06T00:07:31.143000;b107c45a-7193-43a8-a8eb-3c25d6d2f47f;384.22;0.01;BUY
2016-02-06T00:07:31.093000;2016-02-06T00:07:31.160000;1cdf5000-caf7-47ab-82a0-fd647b903c48;384.22;0.01;BUY
2016-02-06T00:07:31.093000;2016-02-06T00:07:31.160000;2b334ca7-f718-49a6-a34e-bcdf9b58cb38;384.23;0.103;BUY
2016-02-06T00:07:31.093000;2016-02-06T00:07:31.160000;ce773267-3110-4bb1-b310-61999d2f3566;384.24;0.01;BUY
2016-02-06T00:07:31.097000;2016-02-06T00:07:31.160000;f6e1429d-93b7-4b92-a3ef-cf005b29df52;384.24;0.01;BUY
2016-02-06T00:07:31.097000;2016-02-06T00:07:31.160000;e0202a2b-4980-4bfb-a9d6-21ccff8a3c0e;384.26;0.01;BUY
2016-02-06T00:07:31.097000;2016-02-06T00:07:31.177000;6b30bab6-e5fd-4447-af33-191ed637f848;384.26;0.01;BUY
2016-02-06T00:07:31.097000;2016-02-06T00:07:31.177000;fe175fba-8628-44ba-a654-5aea528db354;384.27;0.303;BUY
2016-02-06T00:07:31.097000;2016-02-06T00:07:31.177000;f92b82d9-b5cf-4b34-849c-17e71dc502a6;384.29;0.01;BUY
2016-02-06T00:07:31.097000;2016-02-06T00:07:31.177000;2a3d57d3-16e9-49e0-aeec-8d67485d8652;384.29;0.01;BUY
2016-02-06T00:07:31.097000;2016-02-06T00:07:31.177000;ef64a970-3318-41bd-9c7a-fe39fa66c04e;384.3;0.32;BUY
2016-02-06T00:07:31.097000;2016-02-06T00:07:31.177000;1c41e47b-703c-4915-ab93-02ec9bbef890;384.31;0.208;BUY
2016-02-06T00:07:31.097000;2016-02-06T00:07:31.177000;1943505f-a97f-4428-8848-c4999e88ce74;384.31;0.01;BUY
2016-02-06T00:07:31.097000;2016-02-06T00:07:31.177000;d96a349d-6c51-44a3-92ea-826f184b88e0;384.31;0.10553;BUY
2016-02-06T00:08:01.140000;2016-02-06T00:08:01.160000;9252c79e-8648-4cf6-a128-658cb6fa218a;384.24;0.25;BUY
2016-02-06T00:08:01.140000;2016-02-06T00:08:01.177000;c3ad22d4-d571-47c3-90e9-502c8a0bb47a;384.24;0.153;BUY
2016-02-06T00:08:01.140000;2016-02-06T00:08:01.177000;9aa34773-967c-4140-afa6-40de7fb0b651;384.25;0.01;BUY
2016-02-06T00:08:01.140000;2016-02-06T00:08:01.177000;02f1ada8-f591-4013-98c4-850bf469e0b6;384.25;0.01;BUY
2016-02-06T00:08:01.140000;2016-02-06T00:08:01.177000;481db4ea-e263-413d-8b28-6e017580e913;384.27;0.01;BUY
2016-02-06T00:08:01.140000;2016-02-06T00:08:01.177000;39aee697-6d6c-4fe0-8286-142679ca10a7;384.27;0.135;BUY
2016-02-06T00:08:01.140000;2016-02-06T00:08:01.190000;e6fc441d-3735-4a18-a1e6-9c19f28a83d1;384.3;0.115;BUY
2016-02-06T00:08:01.140000;2016-02-06T00:08:01.190000;adfc8ae2-ca3f-435b-9e5d-ca5b50685a28;384.31;4.62703;BUY
2016-02-06T00:08:31.070000;2016-02-06T00:08:31.113000;a465438f-dc14-4737-b078-788f876c6fe6;384.22;0.01;SELL
2016-02-06T00:08:31.070000;2016-02-06T00:08:31.113000;749e0533-100a-4435-856f-72611f1784a8;384.21;0.0115;SELL
2016-02-06T00:08:31.070000;2016-02-06T00:08:31.113000;112520c8-56df-4476-bc5e-ddcfca09fc7b;384.2;0.01;SELL
2016-02-06T00:08:31.070000;2016-02-06T00:08:31.113000;221ddcb0-ecff-40e7-9a0f-131cb0743f4d;384.2;0.01;SELL
2016-02-06T00:08:31.070000;2016-02-06T00:08:31.113000;ee2c1639-5d0c-4eae-8804-9ea2985451b1;384.18;0.01;SELL
2016-02-06T00:08:31.070000;2016-02-06T00:08:31.113000;be46eea5-bb78-4b4c-bb6e-6a78d5dab16b;384.18;0.01;SELL
2016-02-06T00:08:31.073000;2016-02-06T00:08:31.130000;90e6a2f6-1b79-4367-bb33-a3cf55e83620;384.16;0.01;SELL
2016-02-06T00:08:31.073000;2016-02-06T00:08:31.130000;1d72c672-d131-4b8a-b642-072683a1d797;384.16;0.01;SELL
2016-02-06T00:08:31.073000;2016-02-06T00:08:31.130000;5a584014-cb1d-49f7-aa0d-45669e53dc8e;384.14;0.01;SELL
2016-02-06T00:08:31.073000;2016-02-06T00:08:31.130000;0f279ebb-b679-468e-b586-0edd7041b569;384.13;0.01;SELL
2016-02-06T00:08:31.073000;2016-02-06T00:08:31.130000;27fd2b45-6e78-4e67-bd74-595f70131b47;384.13;0.0187;SELL
2016-02-06T00:09:01.153000;2016-02-06T00:09:01.177000;886480fb-3ff7-4f9e-887a-a42c9c4e5109;384.18;0.01;SELL
2016-02-06T00:09:01.153000;2016-02-06T00:09:01.177000;9a3aaa4b-4544-4faf-88fe-f8f0b7544203;384.16;0.01;SELL
2016-02-06T00:09:01.153000;2016-02-06T00:09:01.177000;3d9e903f-22bd-449b-9dc1-3de21899f841;384.16;0.01;SELL
2016-02-06T00:09:01.153000;2016-02-06T00:09:01.223000;a796ea48-9943-49b9-b527-320864165e80;384.14;0.01;SELL
2016-02-06T00:09:01.153000;2016-02-06T00:09:01.223000;412eb590-e34e-4307-84fa-72528d5ab8c7;384.12;0.01;SELL
2016-02-06T00:09:01.153000;2016-02-06T00:09:01.223000;8dedf121-3972-4393-bf3d-ec51dd8a5f27;384.11;0.28;SELL
2016-02-06T00:09:01.153000;2016-02-06T00:09:01.223000;71e8ef68-636b-4885-8308-41c65b8ac14a;384.1;0.01;SELL
2016-02-06T00:09:01.153000;2016-02-06T00:09:01.223000;7d013b70-1134-4353-ae58-8ad818e39ac6;384.1;0.01;SELL
2016-02-06T00:09:01.153000;2016-02-06T00:09:01.223000;b006f3ff-2dd6-453c-aa5e-410430a9bafd;384.08;0.01;SELL
2016-02-06T00:09:01.157000;2016-02-06T00:09:01.223000;3ad2681c-0708-4a74-a8b4-32444f4c9fd0;384.08;0.01;SELL
2016-02-06T00:09:01.157000;2016-02-06T00:09:01.223000;470d8aa9-17c9-4ae5-9471-7216a48497b7;384.06;0.01;SELL
2016-02-06T00:09:01.157000;2016-02-06T00:09:01.223000;325178f3-0666-46bf-9d17-e2d06bd22387;384.06;0.01;SELL
2016-02-06T00:09:01.157000;2016-02-06T00:09:01.223000;d1491d9a-9252-42fe-a1cc-590b048d39f6;384.05;0.1;SELL
2016-02-06T00:09:01.157000;2016-02-06T00:09:01.223000;5181be80-9953-417a-9e3b-aa2ce8b414bf;384.04;0.01;SELL
2016-02-06T00:09:01.157000;2016-02-06T00:09:01.223000;14436081-c787-4e07-be91-19a642e80195;384.02;0.01;SELL
2016-02-06T00:09:01.157000;2016-02-06T00:09:01.223000;8fa993d8-6794-4686-a8e3-1830c15a6e19;384.02;0.01;SELL
2016-02-06T00:09:01.157000;2016-02-06T00:09:01.237000;15314d6b-34fd-42cc-b7c4-6d7a55a589d8;384.0;0.02533908;SELL
2016-02-06T00:09:01.157000;2016-02-06T00:09:01.237000;71cfeca2-ff20-4881-af82-90a9960134c4;383.98;0.01;SELL
2016-02-06T00:09:01.157000;2016-02-06T00:09:01.237000;e16f4b39-bf9e-4878-92b9-c29d066a6e38;383.96;0.01;SELL
2016-02-06T00:09:01.157000;2016-02-06T00:09:01.237000;8bc36e59-07f6-4d44-8dbd-43120f78026a;383.96;0.01;SELL
2016-02-06T00:09:01.157000;2016-02-06T00:09:01.237000;dda7b945-9f61-4c51-b85a-e4da61408099;383.94;0.01;SELL
2016-02-06T00:09:01.157000;2016-02-06T00:09:01.253000;8b8471df-a8fd-49b0-bd9c-9b02f7ab1834;383.94;0.01;SELL
2016-02-06T00:09:01.157000;2016-02-06T00:09:01.270000;df3c0845-56cf-44c8-9934-4ab7f72ab237;383.94;0.01;SELL
2016-02-06T00:09:01.157000;2016-02-06T00:09:01.270000;6b2e8bd2-1fcb-451a-bb19-79c30fcbce63;383.9;0.118;SELL
2016-02-06T00:09:01.157000;2016-02-06T00:09:01.270000;87ed1606-4ad9-4a54-8798-496636215f6c;383.86;0.11;SELL
2016-02-06T00:09:01.157000;2016-02-06T00:09:01.270000;e19bb4c0-c9d1-41dc-a2db-b675a931af10;383.83;0.093;SELL
2016-02-06T00:09:01.157000;2016-02-06T00:09:01.270000;f2ed60b7-8efa-4805-a5b5-49879e7ab588;383.82;0.116;SELL
2016-02-06T00:09:01.157000;2016-02-06T00:09:01.270000;3cf1f4d2-5c6a-4e0e-8dda-a62d8b271177;383.79;0.092;SELL
2016-02-06T00:09:01.157000;2016-02-06T00:09:01.270000;db111302-9979-49f2-8058-721936637acf;383.76;0.075;SELL
2016-02-06T00:09:01.157000;2016-02-06T00:09:01.270000;ef53e191-a1ed-4c67-8db7-cd8a71452aa0;383.73;0.01;SELL
2016-02-06T00:09:01.157000;2016-02-06T00:09:01.270000;35e77f76-a773-47d0-bffd-c208902100cc;383.73;0.04622092;SELL
2016-02-06T00:09:31.070000;2016-02-06T00:09:31.097000;de0dffab-07fb-4f13-9acf-8546cd8f4517;384.03;0.25;BUY
2016-02-06T00:09:31.070000;2016-02-06T00:09:31.097000;2f1421e2-7801-466a-94fb-e63c4aa51601;384.03;0.145;BUY
2016-02-06T00:09:31.070000;2016-02-06T00:09:31.097000;56b6e58a-da10-4ea8-aa3c-b554ecaf3628;384.09;0.01456;BUY
2016-02-06T00:09:57.613000;2016-02-06T00:09:57.643000;a8f472bd-5117-414a-9a8c-b8ba8229f55c;384.1;0.12492;BUY
2016-02-06T00:10:06.323000;2016-02-06T00:10:06.347000;f37ae53a-7837-43e5-97dd-e506320869b4;384.1;0.12492;BUY
2016-02-06T00:10:30.460000;2016-02-06T00:10:30.487000;24639494-2805-4569-9d1d-b41ddc619c4b;384.1;0.00016;BUY
2016-02-06T00:10:30.460000;2016-02-06T00:10:30.487000;03a2e81c-1c7e-4a03-b1c8-ba5bde81462e;384.1;0.101;BUY
2016-02-06T00:10:30.460000;2016-02-06T00:10:30.487000;99736794-66af-4d32-a56e-8621f1b159ae;384.1;0.21;BUY
2016-02-06T00:10:30.460000;2016-02-06T00:10:30.487000;d1d33352-5c6f-4164-a982-82d28ce81ba1;384.11;0.01;BUY
2016-02-06T00:10:30.460000;2016-02-06T00:10:30.520000;a8f951e3-2f93-4c07-9a9b-04e95b641263;384.11;0.01;BUY
2016-02-06T00:10:30.460000;2016-02-06T00:10:30.520000;e3cc5573-ed00-4f5f-bc72-74affc954b25;384.11;0.113;BUY
2016-02-06T00:10:30.460000;2016-02-06T00:10:30.520000;f72d1341-7a74-4bda-905a-922df9246d7a;384.12;0.01;BUY
2016-02-06T00:10:30.460000;2016-02-06T00:10:30.567000;16c39d8c-b34c-4501-8a92-457d1da671ad;384.12;0.01;BUY
2016-02-06T00:10:30.460000;2016-02-06T00:10:30.580000;b055f2b0-254c-4a5a-bc1b-992cb3e94607;384.13;0.01;BUY
2016-02-06T00:10:30.460000;2016-02-06T00:10:30.580000;b762083b-27bc-422d-8526-6b2a92aab6c3;384.13;0.01;BUY
2016-02-06T00:10:30.460000;2016-02-06T00:10:30.580000;f80a7ae0-038e-4010-942e-47ad6bbc7ece;384.15;0.01;BUY
2016-02-06T00:10:30.460000;2016-02-06T00:10:30.580000;2f18eb9f-9002-43fa-b48b-377fc63f0e2e;384.15;0.01;BUY
2016-02-06T00:10:30.463000;2016-02-06T00:10:30.580000;f41160fd-98ad-4288-ae3c-468119e17294;384.17;0.01;BUY
2016-02-06T00:10:30.463000;2016-02-06T00:10:30.580000;36673039-276b-48f2-a9f0-5cbc8471459b;384.19;0.134;BUY
2016-02-06T00:10:30.463000;2016-02-06T00:10:30.580000;81bc9757-025c-4629-9a4d-5f1b2e5db102;384.2;0.1;BUY
2016-02-06T00:10:30.463000;2016-02-06T00:10:30.580000;b08089c6-f7b2-4917-b554-26fd9033e51f;384.21;0.106;BUY
2016-02-06T00:10:30.463000;2016-02-06T00:10:30.580000;7a6ac3c9-b571-4033-9954-a137b8db6640;384.23;0.094;BUY
2016-02-06T00:10:30.463000;2016-02-06T00:10:30.580000;10265c49-b03f-4b14-a3f1-ae94f874fec7;384.25;0.01;BUY
2016-02-06T00:10:30.463000;2016-02-06T00:10:30.580000;09d59f02-981d-44d2-a13f-55ab9f5e5e53;384.25;0.01;BUY
2016-02-06T00:10:30.463000;2016-02-06T00:10:30.580000;256561bb-8df7-4508-a6c5-47915207b98f;384.25;0.02533908;BUY
2016-02-06T00:10:30.463000;2016-02-06T00:10:30.580000;45b78585-8030-4501-8b4d-a2a5b1a30ab6;384.27;0.01;BUY
2016-02-06T00:10:30.463000;2016-02-06T00:10:30.580000;3732a685-d84c-4c60-af93-19352637cd59;384.27;0.01;BUY
2016-02-06T00:10:30.463000;2016-02-06T00:10:30.580000;8dd9dd88-d34e-4307-ac06-6977a95bcf9f;384.27;0.072;BUY
2016-02-06T00:10:30.463000;2016-02-06T00:10:30.580000;7dd013ce-1210-4ff0-80c1-47230d4bb8a7;384.29;0.073;BUY
2016-02-06T00:10:30.463000;2016-02-06T00:10:30.580000;4573da69-8409-4512-af2d-a44cf927afb6;384.3;0.01;BUY
2016-02-06T00:10:30.463000;2016-02-06T00:10:30.580000;2914c696-384c-449d-8b64-73ff2b9c40ee;384.3;0.025;BUY
2016-02-06T00:10:30.463000;2016-02-06T00:10:30.580000;0cf4fb57-4fda-4377-bdec-e6e4e5a20afd;384.31;0.01;BUY
2016-02-06T00:10:30.463000;2016-02-06T00:10:30.580000;be49528c-46c9-4bf0-befa-83323d1d1750;384.32;0.01;BUY
2016-02-06T00:10:30.463000;2016-02-06T00:10:30.580000;d014bc34-d600-4604-9f70-6fb21df9d6c1;384.32;0.01;BUY
2016-02-06T00:10:30.463000;2016-02-06T00:10:30.580000;56d18c37-8119-49dd-a4a3-c6bd1c34bf7a;384.32;0.117;BUY
2016-02-06T00:10:30.463000;2016-02-06T00:10:30.580000;b09afc63-a34e-4814-a031-7754df8ab6a0;384.35;0.01733908;BUY
2016-02-06T00:10:30.467000;2016-02-06T00:10:30.580000;034f5e97-2e73-4eb9-b1a0-1cc9359a5c1c;384.35;0.073;BUY
2016-02-06T00:10:30.467000;2016-02-06T00:10:30.580000;4af545c6-cd7b-4ab9-9b5b-c51661f6f7a3;384.36;0.00746;BUY
2016-02-06T00:10:30.467000;2016-02-06T00:10:30.613000;6f3e81e3-944e-4c3e-8f23-957bc1438797;384.36;0.01;BUY
2016-02-06T00:10:30.467000;2016-02-06T00:10:30.613000;961b3935-387d-4e33-a793-1ff6923260af;384.38;0.111;BUY
2016-02-06T00:10:30.467000;2016-02-06T00:10:30.613000;13351354-c304-4e06-8491-802d54b71ec1;384.41;0.092;BUY
2016-02-06T00:10:30.467000;2016-02-06T00:10:30.613000;26b5a03a-933a-4361-b0bc-8b1dbee066c7;384.42;0.32;BUY
2016-02-06T00:10:30.467000;2016-02-06T00:10:30.613000;7d0fa0e1-4846-40ef-af05-057df4875c53;384.42;1.0;BUY
2016-02-06T00:10:30.467000;2016-02-06T00:10:30.660000;aca4810a-ef11-4836-9591-1ee2ef2708dd;384.43;0.01;BUY
2016-02-06T00:10:30.467000;2016-02-06T00:10:30.677000;2c978475-b04b-4a92-9560-c6109b2e5c2e;384.43;0.01;BUY
2016-02-06T00:10:30.467000;2016-02-06T00:10:30.677000;42610c4a-ca44-42a4-ba75-321a614cf224;384.44;0.097;BUY
2016-02-06T00:10:30.467000;2016-02-06T00:10:30.677000;ef4db4c6-ae0f-4b4f-b7e0-5751582ffcdf;384.45;0.01;BUY
2016-02-06T00:10:30.467000;2016-02-06T00:10:30.677000;1a16cd6f-4d71-4a60-967f-7f81ab0b91fa;384.45;0.02533876;BUY
2016-02-06T00:10:30.467000;2016-02-06T00:10:30.677000;ea27fa02-70fe-40fc-a9de-e47501276a0c;384.45;0.16;BUY
2016-02-06T00:10:30.467000;2016-02-06T00:10:30.677000;a25266b2-9559-4dd4-adfc-640e9db0d9e2;384.46;0.01;BUY
2016-02-06T00:10:30.467000;2016-02-06T00:10:30.677000;3ee3f59b-4442-4f7a-9830-45361c4d5fac;384.46;0.32;BUY
2016-02-06T00:10:30.467000;2016-02-06T00:10:30.677000;a0c7883f-92f0-4d6b-a56a-198e3fea7dab;384.47;0.01;BUY
2016-02-06T00:10:30.467000;2016-02-06T00:10:30.677000;7eda5b9e-a8fd-4ff8-9bf8-257279dc57f4;384.47;0.109;BUY
2016-02-06T00:10:30.467000;2016-02-06T00:10:30.677000;22c9038f-e76e-4ba7-bf16-31b46650fd54;384.48;1.12;BUY
2016-02-06T00:10:30.470000;2016-02-06T00:10:30.677000;d20677de-3b30-40dd-8123-141132db8e44;384.48;2.0;BUY
2016-02-06T00:10:30.470000;2016-02-06T00:10:30.677000;f20dc51f-c7f7-47c4-adb0-4dff9b6535c1;384.49;0.05;BUY
2016-02-06T00:10:30.470000;2016-02-06T00:10:30.677000;30a06a63-6ab0-45ee-a698-4eea8f1df01b;384.49;1.6;BUY
2016-02-06T00:10:30.470000;2016-02-06T00:10:30.677000;ce08dd77-ec71-4473-82bd-3978acd05e1a;384.5;0.113;BUY
2016-02-06T00:10:30.470000;2016-02-06T00:10:30.677000;a8349c3b-bca2-4042-a79b-03670fae11e7;384.5;1.6;BUY
2016-02-06T00:10:30.470000;2016-02-06T00:10:30.677000;d67c5028-42af-4b73-92dd-79e0c6b6b2b0;384.51;0.01;BUY
2016-02-06T00:10:30.470000;2016-02-06T00:10:30.677000;d14e2522-6a55-4ee6-a7ed-2885835ad644;384.51;0.01;BUY
2016-02-06T00:10:30.470000;2016-02-06T00:10:30.677000;00968074-15fa-42c7-b556-e01302a0a9ad;384.52;1.43745308;BUY
2016-02-06T00:10:31.760000;2016-02-06T00:10:31.783000;0a1cd09a-4d2e-4e9c-9174-822eaeaf7f5f;384.31;0.01;BUY
2016-02-06T00:10:31.760000;2016-02-06T00:10:31.783000;33342af9-da6c-4b65-8914-1609968f3330;384.33;0.01;BUY
2016-02-06T00:10:31.760000;2016-02-06T00:10:31.783000;4975df05-14ba-4f5f-bacc-9110b25eae8d;384.33;0.01;BUY
2016-02-06T00:10:31.760000;2016-02-06T00:10:31.783000;6ad8d02e-e979-4919-b00b-eccb072271a4;384.35;0.01;BUY
2016-02-06T00:10:31.760000;2016-02-06T00:10:31.800000;ffa298cd-b5d2-47e7-a394-f322823fe88e;384.35;0.01;BUY
2016-02-06T00:10:31.760000;2016-02-06T00:10:31.800000;bd13adbc-8706-48fb-bb2c-7385fd1e4230;384.37;0.06786;BUY
2016-02-06T00:11:01.180000;2016-02-06T00:11:01.190000;d8439e0c-8621-414e-b45d-d38e605f5b09;384.22;0.01;SELL
2016-02-06T00:11:01.180000;2016-02-06T00:11:01.207000;7e888daf-e026-47f4-8142-05c78feeeab8;384.2;0.0253392;SELL
2016-02-06T00:11:01.180000;2016-02-06T00:11:01.207000;5a4b295c-829c-40c7-b8b4-ffa087100fd6;384.16;0.01;SELL
2016-02-06T00:11:01.183000;2016-02-06T00:11:01.207000;bada0c75-609a-4683-ad97-5587309f54f2;384.11;0.1;SELL
2016-02-06T00:11:01.183000;2016-02-06T00:11:01.207000;a322f22d-5099-494b-addd-5f9ceb7a3a25;384.1;0.01;SELL
2016-02-06T00:11:01.183000;2016-02-06T00:11:01.207000;50a43111-bbcc-4787-817e-e778f0d748d9;384.1;0.39;SELL
2016-02-06T00:11:01.183000;2016-02-06T00:11:01.223000;f47de55c-466f-4f44-b7c9-2d6e2560c75b;384.08;0.01;SELL
2016-02-06T00:11:01.183000;2016-02-06T00:11:01.223000;32e382b1-8e8f-4baf-8531-822d9e164ed5;384.08;0.01;SELL
2016-02-06T00:11:01.183000;2016-02-06T00:11:01.223000;dbaf3505-2f1c-4df3-a490-30014ce5c240;384.07;0.075;SELL
2016-02-06T00:11:01.183000;2016-02-06T00:11:01.223000;120771e2-8d5d-4bbb-bd57-966acee3f170;384.06;0.01;SELL
2016-02-06T00:11:01.183000;2016-02-06T00:11:01.223000;828e3e22-ed10-4f0d-bb27-69a73cf3661f;384.06;0.01;SELL
2016-02-06T00:11:01.183000;2016-02-06T00:11:01.270000;720615ec-4554-47c8-9023-17364b9c9c9d;384.04;0.01;SELL
2016-02-06T00:11:01.183000;2016-02-06T00:11:01.283000;dd771ae0-76bf-4ca3-a920-48f0c108ec4c;384.04;0.01;SELL
2016-02-06T00:11:01.183000;2016-02-06T00:11:01.283000;206c7291-9358-45f5-b6c9-50b7fbbbe02e;384.04;0.102;SELL
2016-02-06T00:11:01.183000;2016-02-06T00:11:01.283000;3118b9c0-bc32-4a02-b785-80bba8e0bbaf;384.02;0.01;SELL
2016-02-06T00:11:01.183000;2016-02-06T00:11:01.283000;2ef04f08-14ff-4ace-a53b-0b09904a0ed0;384.02;0.01;SELL
2016-02-06T00:11:01.183000;2016-02-06T00:11:01.283000;447567f5-f1a5-4097-b0d4-4a4ce7ed9ca9;384.01;0.073;SELL
2016-02-06T00:11:01.183000;2016-02-06T00:11:01.283000;06e517fb-13e0-4829-86a5-52ae537bf3da;383.98;0.081;SELL
2016-02-06T00:11:01.183000;2016-02-06T00:11:01.283000;88b5d43c-3cd5-4ca0-b793-fc482eb214ea;383.87;0.01;SELL
2016-02-06T00:11:01.183000;2016-02-06T00:11:01.283000;f6a1b94f-d84f-4625-973c-1b441f4b2427;383.85;0.16;SELL
2016-02-06T00:11:01.183000;2016-02-06T00:11:01.283000;944dc774-2780-4bdf-ba27-782a7874c378;383.84;0.088;SELL
2016-02-06T00:11:01.183000;2016-02-06T00:11:01.300000;0e79603e-b4ee-4501-bcca-8ef72cf8129f;383.81;0.094;SELL
2016-02-06T00:11:01.183000;2016-02-06T00:11:01.300000;e00a3a35-f3fe-4394-858b-f42fde487824;383.8;0.085;SELL
2016-02-06T00:11:01.183000;2016-02-06T00:11:01.300000;84cfd097-66c8-4a2b-a8ed-778898273c48;383.8;0.16;SELL
2016-02-06T00:11:01.183000;2016-02-06T00:11:01.300000;afa0697e-6656-467f-b833-a880050c6be3;383.79;0.01;SELL
2016-02-06T00:11:01.183000;2016-02-06T00:11:01.300000;3134101e-720e-4ce4-9d59-b6ebc01dc5e8;383.78;0.64;SELL
2016-02-06T00:11:01.187000;2016-02-06T00:11:01.300000;969ed08e-ac16-4818-abcb-87f94630e2b0;383.77;0.01;SELL
2016-02-06T00:11:01.187000;2016-02-06T00:11:01.300000;3ba87f73-cd46-4fee-86a2-2c12107c48ea;383.77;0.01;SELL
2016-02-06T00:11:01.187000;2016-02-06T00:11:01.300000;c65c2b0c-22b6-4cc9-a9d1-7d6b46ca05c2;383.77;0.32;SELL
2016-02-06T00:11:01.187000;2016-02-06T00:11:01.300000;7a77050f-b8d7-4f86-87ae-d26f53f6e2a6;383.76;0.01;SELL
2016-02-06T00:11:01.187000;2016-02-06T00:11:01.300000;6810fd32-7077-42dc-be01-89b4fbe18410;383.76;0.1023708;SELL
2016-02-06T00:11:31.110000;2016-02-06T00:11:31.113000;7c4185c5-1276-46d8-aebb-f140f53856e2;384.23;0.01;BUY
2016-02-06T00:11:31.110000;2016-02-06T00:11:31.130000;50160669-71ec-41fb-ae06-3a2c6928e7a2;384.23;0.00983;BUY
2016-02-06T00:12:01.127000;2016-02-06T00:12:01.157000;8635187f-0b87-42aa-b129-e26f8f054903;384.23;0.3241;BUY
2016-02-06T00:12:55.113000;2016-02-06T00:12:55.140000;163e3dda-8fa6-4948-a711-e0be56ae2c13;384.23;0.05;BUY
2016-02-06T00:13:01.450000;2016-02-06T00:13:01.483000;547740ad-e4c5-4c7d-8792-614ba9807f34;384.23;0.01;BUY
2016-02-06T00:13:01.453000;2016-02-06T00:13:01.513000;2465dad0-7ccd-48ae-bee9-e9b5e013dbc0;384.23;0.01;BUY
2016-02-06T00:13:01.453000;2016-02-06T00:13:01.513000;53cafeb6-a07e-48b4-9229-7b7b46ab5a33;384.23;0.127;BUY
2016-02-06T00:13:01.453000;2016-02-06T00:13:01.513000;218c5e79-fe5f-45b8-a703-81e571415173;384.25;0.01;BUY
2016-02-06T00:13:01.453000;2016-02-06T00:13:01.513000;2eaee57c-d1d8-4208-b523-95d2c9611bb6;384.25;0.01;BUY
2016-02-06T00:13:01.453000;2016-02-06T00:13:01.513000;f8f950dd-2733-4d90-a143-e26516e00404;384.26;0.0853;BUY
2016-02-06T00:13:31.220000;2016-02-06T00:13:31.263000;d336b5ca-5614-4ca1-9b06-abbfafad0668;384.25;0.01;BUY
2016-02-06T00:13:31.220000;2016-02-06T00:13:31.263000;16d3cc92-c877-42ab-a538-9552c150d3b2;384.25;0.03125;BUY
2016-02-06T00:14:01.187000;2016-02-06T00:14:01.217000;e258b1bb-7fbf-454b-a9f3-e4c93472daa9;384.27;0.01;BUY
2016-02-06T00:14:01.190000;2016-02-06T00:14:01.233000;f6ca24ad-3fd4-44be-b1c0-530d25488797;384.27;0.095;BUY
2016-02-06T00:14:01.190000;2016-02-06T00:14:01.233000;4136ac39-7acd-4466-961b-90b31adbd162;384.27;0.01;BUY
2016-02-06T00:14:01.190000;2016-02-06T00:14:01.233000;bba17544-db7b-4db5-9798-a02a2c8800ce;384.27;0.01;BUY
2016-02-06T00:14:01.190000;2016-02-06T00:14:01.233000;806dfdb3-6cae-4aae-90ee-827ef0bdecd6;384.28;0.01;BUY
2016-02-06T00:14:01.190000;2016-02-06T00:14:01.250000;5b14ecc7-1ddb-4f71-9860-9e897398b9f2;384.29;0.01;BUY
2016-02-06T00:14:01.190000;2016-02-06T00:14:01.250000;7eee6d45-9ed0-4a22-89a9-eddafb0c666e;384.3;0.1056;BUY
2016-02-06T00:14:31.207000;2016-02-06T00:14:31.233000;2b71bb78-1b8a-4683-9872-64066d0b5130;384.28;0.01;BUY
2016-02-06T00:14:31.207000;2016-02-06T00:14:31.250000;358e5637-61a2-4ed1-bbad-b4e9f3a7ae41;384.28;0.01;BUY
2016-02-06T00:14:31.207000;2016-02-06T00:14:31.250000;25905ce2-67d0-41f9-824a-87caf01614b7;384.28;0.075;BUY
2016-02-06T00:14:31.207000;2016-02-06T00:14:31.250000;2f7f2924-40e9-4917-bfb4-ca77f2e9b4d7;384.31;0.01;BUY
2016-02-06T00:14:31.207000;2016-02-06T00:14:31.250000;416c6c82-ccc3-4818-af56-dabfcb1e40d0;384.33;0.098;BUY
2016-02-06T00:14:31.207000;2016-02-06T00:14:31.343000;7a70bd57-d2d1-409a-82a4-d0c105279a06;384.34;0.01;BUY
2016-02-06T00:14:31.207000;2016-02-06T00:14:31.343000;6b58a097-95ab-42bd-9090-c766fde3aab3;384.35;0.01;BUY
2016-02-06T00:14:31.207000;2016-02-06T00:14:31.343000;5d8a8d28-5ffa-43ef-8232-3063699be5ff;384.35;0.16;BUY
2016-02-06T00:14:31.207000;2016-02-06T00:14:31.343000;63b9afc7-6685-48f5-b841-243aa4b431a6;384.36;0.101;BUY
2016-02-06T00:14:31.207000;2016-02-06T00:14:31.343000;5bfb6e0b-c4ec-4730-b67d-e9d664b2ed30;384.38;0.32;BUY
2016-02-06T00:14:31.207000;2016-02-06T00:14:31.343000;ffa612fa-003a-4103-93de-778fcd04fe1a;384.39;0.127;BUY
2016-02-06T00:14:31.207000;2016-02-06T00:14:31.343000;89f76c79-2618-4330-ad5a-0beefc7e88ff;384.4;0.074;BUY
2016-02-06T00:15:01.113000;2016-02-06T00:15:01.157000;e8fa01d2-3541-40f7-b0c1-fb09681a385e;384.26;0.01;SELL
2016-02-06T00:15:01.113000;2016-02-06T00:15:01.170000;f8b309a4-0156-4ee2-825e-ed822733efb3;384.26;0.01;SELL
2016-02-06T00:15:01.113000;2016-02-06T00:15:01.170000;0919fe13-321a-475c-93d1-9004f0b78c6a;384.24;0.01;SELL
2016-02-06T00:15:01.113000;2016-02-06T00:15:01.170000;206057f4-5b83-463e-827d-7f745fd3783d;384.22;0.01;SELL
2016-02-06T00:15:01.113000;2016-02-06T00:15:01.170000;b230b33e-478f-475a-ae97-7dee8e9eff01;384.22;0.01;SELL
2016-02-06T00:15:01.113000;2016-02-06T00:15:01.170000;f63c1f05-05be-4ad5-81fc-3895c7838ca2;384.2;0.01;SELL
2016-02-06T00:15:01.113000;2016-02-06T00:15:01.170000;781a264d-c1ee-4b58-af97-b0ef72dd6c21;384.2;0.01;SELL
2016-02-06T00:15:01.113000;2016-02-06T00:15:01.187000;7ac0fc3a-fe36-43f7-af14-2f687842f57c;384.18;0.01;SELL
2016-02-06T00:15:01.113000;2016-02-06T00:15:01.187000;e7a8fbf4-f898-46dd-930d-d12612f4de96;384.16;0.01;SELL
2016-02-06T00:15:01.113000;2016-02-06T00:15:01.187000;a30e2620-8f99-4083-9a3e-5ff406fdf678;384.16;0.01;SELL
2016-02-06T00:15:01.113000;2016-02-06T00:15:01.187000;b35203e6-2309-454f-9e9d-30c689d746b0;384.14;0.01;SELL
2016-02-06T00:15:01.113000;2016-02-06T00:15:01.187000;a42d198a-00b8-46d4-9b17-1387a7224700;384.12;0.01;SELL
2016-02-06T00:15:01.113000;2016-02-06T00:15:01.187000;266c9c4c-f599-4fb8-9c42-c9b898232e58;384.12;0.01;SELL
2016-02-06T00:15:01.117000;2016-02-06T00:15:01.187000;67a6f294-260d-4a96-a360-735f7a9c8147;384.11;0.123;SELL
2016-02-06T00:15:01.117000;2016-02-06T00:15:01.203000;afd34274-3619-4553-89a0-acf1cb20bb9e;384.1;0.0253392;SELL
2016-02-06T00:15:01.117000;2016-02-06T00:15:01.217000;69928162-7c7c-42d3-85e3-64460e4f1185;384.08;0.077;SELL
2016-02-06T00:15:01.117000;2016-02-06T00:15:01.217000;49b880b0-465d-414e-845f-f6cd248dc02b;384.07;0.085;SELL
2016-02-06T00:15:01.117000;2016-02-06T00:15:01.217000;c4ebbb45-259e-4727-8104-2ab5a5fd15e1;384.07;0.01;SELL
2016-02-06T00:15:01.117000;2016-02-06T00:15:01.217000;d4cb1200-82b0-4c05-8051-d024da1cc7bf;384.06;0.101;SELL
2016-02-06T00:15:01.117000;2016-02-06T00:15:01.217000;45abbce8-047b-4b57-8910-c81ed004ae4f;384.05;0.098;SELL
2016-02-06T00:15:01.117000;2016-02-06T00:15:01.217000;b8a3f636-8f35-42f7-93d1-aa4a0387fe5f;384.02;0.097;SELL
2016-02-06T00:15:01.117000;2016-02-06T00:15:01.217000;799fcd2c-28aa-4f09-86dd-bc0853edbd12;383.99;0.115;SELL
2016-02-06T00:15:01.117000;2016-02-06T00:15:01.217000;3337ec4e-6bff-496b-a1f8-8beb92c234e2;383.96;0.088;SELL
2016-02-06T00:15:01.117000;2016-02-06T00:15:01.217000;68345632-3e33-4005-a6ed-fdf8e728e2d6;383.93;0.106;SELL
2016-02-06T00:15:01.117000;2016-02-06T00:15:01.250000;909755ca-bb42-4390-9be8-5968f9809780;383.91;0.01;SELL
2016-02-06T00:15:01.117000;2016-02-06T00:15:01.250000;ad66ec1c-4b2f-494c-afda-d6f288e12b59;383.9;0.083;SELL
2016-02-06T00:15:01.117000;2016-02-06T00:15:01.250000;7100c1b6-9050-4150-9da8-57bcbf78a3cc;383.89;0.3;SELL
2016-02-06T00:15:01.117000;2016-02-06T00:15:01.250000;57f2f0a5-cfc9-4843-974b-e9b53a889bc1;383.88;0.16;SELL
2016-02-06T00:15:01.117000;2016-02-06T00:15:01.250000;c2913d96-f777-415a-8daa-1aa55fe14ee3;383.87;0.101;SELL
2016-02-06T00:15:01.117000;2016-02-06T00:15:01.250000;0fc5626c-4fb2-43d1-9a4c-8d03f2bc09e9;383.87;0.16;SELL
2016-02-06T00:15:01.117000;2016-02-06T00:15:01.250000;9d0f5bc3-799e-4d61-9a68-430b9cc30fa8;383.86;1.0;SELL
2016-02-06T00:15:01.117000;2016-02-06T00:15:01.250000;a29fc064-a2a5-49a8-acf9-101b7c18f733;383.84;0.089;SELL
2016-02-06T00:15:01.117000;2016-02-06T00:15:01.250000;15f0bd9c-ba3f-42e9-aef0-588bd182550a;383.82;0.32;SELL
2016-02-06T00:15:01.117000;2016-02-06T00:15:01.263000;d897f942-df48-45db-93ea-c39715e1c9af;383.81;0.088;SELL
2016-02-06T00:15:01.117000;2016-02-06T00:15:01.263000;410d885b-470b-4e61-a73a-92819b2a3ef8;383.78;0.097;SELL
2016-02-06T00:15:01.117000;2016-02-06T00:15:01.263000;25e069b4-093d-4f9b-96d7-ef77a997b02e;383.77;1.76;SELL
2016-02-06T00:15:01.120000;2016-02-06T00:15:01.263000;112199d0-2667-4f02-87f7-76e795bd3455;383.76;0.01;SELL
2016-02-06T00:15:01.120000;2016-02-06T00:15:01.263000;21060647-4da3-4faf-a9dc-e13cf466516d;383.75;0.01;SELL
2016-02-06T00:15:01.120000;2016-02-06T00:15:01.263000;9237deea-f0d3-4786-8d77-c91acec182d8;383.75;0.01;SELL
2016-02-06T00:15:01.120000;2016-02-06T00:15:01.263000;aa24047c-cfb0-43a7-b43d-cc5e035c3c37;383.75;0.121;SELL
2016-02-06T00:15:01.120000;2016-02-06T00:15:01.280000;8db3d7d3-1a22-47e2-82fe-9fa616cf2636;383.75;2.24;SELL
2016-02-06T00:15:01.120000;2016-02-06T00:15:01.280000;18b8a35d-d73b-415c-835f-651edf6b0bd7;383.74;2.0;SELL
2016-02-06T00:15:01.120000;2016-02-06T00:15:01.280000;2051294f-4f88-4105-b776-859b4bcfab8b;383.74;0.16;SELL
2016-02-06T00:15:01.120000;2016-02-06T00:15:01.280000;514446f4-7478-445c-8a55-f305b4160139;383.73;0.01;SELL
2016-02-06T00:15:01.120000;2016-02-06T00:15:01.280000;50ba65da-ff33-4a56-81ac-005a060bfe1c;383.73;0.3;SELL
2016-02-06T00:15:01.120000;2016-02-06T00:15:01.280000;d47991ea-1556-4f69-afbd-b3ce08c50e61;383.73;0.16;SELL
2016-02-06T00:15:01.120000;2016-02-06T00:15:01.297000;a85e5566-ce04-47f6-9336-66e9ff2f7d59;383.72;0.095;SELL
2016-02-06T00:15:01.120000;2016-02-06T00:15:01.297000;5c7bf7b0-6e62-4c06-85c3-8a0527ed3759;383.7;1.28;SELL
2016-02-06T00:15:01.120000;2016-02-06T00:15:01.297000;e8b03cb9-bc61-4dda-836f-c4f2e7d05a2b;383.69;0.081;SELL
2016-02-06T00:15:01.120000;2016-02-06T00:15:01.297000;86dc99be-d702-46eb-ab6c-30c5858ce23a;383.67;1.74;SELL
2016-02-06T00:15:01.120000;2016-02-06T00:15:01.297000;7e3630d9-b901-4a2b-8f52-e419444ffac5;383.66;0.099;SELL
2016-02-06T00:15:01.120000;2016-02-06T00:15:01.313000;76fdc895-4cfc-4e67-88bc-b2ee7eb5b145;383.64;0.1039608;SELL
2016-02-06T00:15:31.867000;2016-02-06T00:15:31.907000;c2958c63-097d-41fa-86a6-f6a2bfefd5de;384.17;0.01;SELL
2016-02-06T00:15:31.867000;2016-02-06T00:15:31.907000;960fa0ac-bb94-4a41-a1e8-6cfabfa25f74;384.16;0.00137;SELL
2016-02-06T00:15:42.943000;2016-02-06T00:15:42.967000;ea8490b1-dbdd-42a4-ad69-e92184e220b9;384.19;0.011;SELL
2016-02-06T00:15:42.943000;2016-02-06T00:15:42.983000;7ebfaf4d-ef1d-42b6-b6a3-503a26f7869a;384.18;0.011;SELL
2016-02-06T00:15:42.943000;2016-02-06T00:15:42.983000;04cafe39-3379-4ba4-8783-2176abc35f82;384.17;0.011;SELL
2016-02-06T00:15:42.943000;2016-02-06T00:15:42.983000;0a25c171-a37b-4fbf-ab43-eafb12e0f226;384.16;0.00863;SELL
2016-02-06T00:15:42.943000;2016-02-06T00:15:42.983000;c85d22ec-8246-4b05-9167-bcd3f118c8fc;384.15;0.01;SELL
2016-02-06T00:15:42.943000;2016-02-06T00:15:42.983000;2b0dd803-2d02-4fbf-83b5-95a0319ee1ec;384.14;0.01;SELL
2016-02-06T00:15:42.943000;2016-02-06T00:15:43.000000;22d7e291-b86b-4b19-8688-c03719a87d06;384.12;0.01;SELL
2016-02-06T00:15:42.943000;2016-02-06T00:15:43.000000;cb5d0e10-f903-462d-998a-e3ce24476065;384.09;0.118;SELL
2016-02-06T00:15:42.943000;2016-02-06T00:15:43.000000;eef6e394-9dd5-4dd0-b8ba-ab5c21ad60a1;384.06;0.26;SELL
2016-02-06T00:15:42.943000;2016-02-06T00:15:43.000000;fc34d0d3-21ba-4fc7-90fc-414d1180f1d7;384.04;0.1;SELL
2016-02-06T00:15:42.947000;2016-02-06T00:15:43.000000;31b950c3-df7d-435e-b89d-f1157d790e6d;384.0;0.02533966;SELL
2016-02-06T00:15:42.947000;2016-02-06T00:15:43.030000;998d71d1-ad4f-40db-b07b-eb803457d08a;383.87;0.01;SELL
2016-02-06T00:15:42.947000;2016-02-06T00:15:43.030000;c2772a51-0963-453d-8307-b742d8046d8a;383.75;2.24;SELL
2016-02-06T00:15:42.947000;2016-02-06T00:15:43.030000;b1648b16-8edc-4ff9-90f5-283bb1f2093a;383.74;0.01;SELL
2016-02-06T00:15:42.947000;2016-02-06T00:15:43.030000;7f26fe10-ebb6-4fa7-b5bb-938858af61b3;383.67;3.84;SELL
2016-02-06T00:15:42.947000;2016-02-06T00:15:43.030000;cb58eaca-c606-478b-9246-9dccda5f4d8d;383.66;2.88;SELL
2016-02-06T00:15:42.947000;2016-02-06T00:15:43.030000;35f00ad3-ab30-4135-89e9-f1f8afb92695;383.65;2.0;SELL
2016-02-06T00:15:42.947000;2016-02-06T00:15:43.030000;1be65f9e-ca38-40a0-ae57-65e6ff72ade4;383.64;1.44503034;SELL
2016-02-06T00:15:58.200000;2016-02-06T00:15:58.217000;da8e9950-080f-4dea-8f1f-7b0e74518ac4;384.0;0.127;BUY
2016-02-06T00:16:01.313000;2016-02-06T00:16:01.343000;f04d8cac-4eb1-467d-b377-f5107c06758f;383.96;0.011;SELL
2016-02-06T00:16:01.313000;2016-02-06T00:16:01.360000;62b764f2-2b31-4d6b-9901-2073498e8390;383.95;0.011;SELL
2016-02-06T00:16:01.313000;2016-02-06T00:16:01.360000;8f1e4987-2b72-40ed-b5a9-452f0a363f3a;383.94;0.011;SELL
2016-02-06T00:16:01.313000;2016-02-06T00:16:01.360000;936a63fe-6e9c-49d2-b41a-975feff69fc3;383.93;0.01;SELL
2016-02-06T00:16:01.313000;2016-02-06T00:16:01.360000;29ef8d37-eb95-4658-b1eb-45d7f7a2b4d8;383.93;0.01;SELL
2016-02-06T00:16:01.313000;2016-02-06T00:16:01.360000;08950d98-f706-4521-bda4-3d239ae093b8;383.91;0.01;SELL
2016-02-06T00:16:01.313000;2016-02-06T00:16:01.373000;15c66515-5be2-4eba-b912-59225a3d432b;383.91;0.01;SELL
2016-02-06T00:16:01.313000;2016-02-06T00:16:01.373000;af85a39c-25f2-468c-b34c-4d698a4c609b;383.9;0.02533966;SELL
2016-02-06T00:16:01.313000;2016-02-06T00:16:01.373000;def2bd3b-5418-4b42-bf64-aea178542a81;383.89;0.01;SELL
2016-02-06T00:16:01.313000;2016-02-06T00:16:01.373000;7da6b2fc-6160-458b-9809-7f67c597dcc1;383.89;0.01;SELL
2016-02-06T00:16:01.313000;2016-02-06T00:16:01.373000;7062a4c9-4745-49e1-9535-9f32b7048aa9;383.87;0.00281034;SELL
2016-02-06T00:16:21.140000;2016-02-06T00:16:21.170000;72b9c571-8de7-4ac5-94e8-7d424f4ebf2e;383.98;0.01;BUY
2016-02-06T00:16:21.140000;2016-02-06T00:16:21.170000;1ea688e1-2379-4ad8-abfe-01af8f29e5d1;383.98;0.01;BUY
2016-02-06T00:16:21.140000;2016-02-06T00:16:21.203000;5471607c-67ee-4dd5-a980-c2d85c0a5e32;384.0;0.092;BUY
2016-02-06T00:16:31.867000;2016-02-06T00:16:31.890000;2f9ffcc9-bbe7-4c04-ab6a-e259673b8718;384.0;0.031;BUY
2016-02-06T00:16:31.867000;2016-02-06T00:16:31.890000;68a1959f-03af-40ee-98d2-5618be84c3fc;384.01;0.31;BUY
2016-02-06T00:16:31.867000;2016-02-06T00:16:31.907000;f120fffd-6389-4aeb-bc8a-2d61340af2bd;384.02;0.01;BUY
2016-02-06T00:16:31.867000;2016-02-06T00:16:31.907000;19b7dc77-e51d-4652-9e10-ef6c85ebb413;384.02;0.01;BUY
2016-02-06T00:16:31.867000;2016-02-06T00:16:31.907000;37b426ef-88aa-4c66-8019-78ae17b0b4c6;384.04;0.01;BUY
2016-02-06T00:16:31.867000;2016-02-06T00:16:31.907000;4ae1eec4-bd52-42f6-a443-19d7873ed706;384.06;0.01;BUY
2016-02-06T00:16:31.867000;2016-02-06T00:16:31.907000;fa4f1acc-8bf0-40da-acc4-640f35c01f0e;384.06;0.01;BUY
2016-02-06T00:16:31.867000;2016-02-06T00:16:31.920000;43196b07-5d3f-4b4e-9f23-2ad7d81f7a3e;384.08;0.01;BUY
2016-02-06T00:16:31.867000;2016-02-06T00:16:31.920000;78caed0a-c404-4753-8cdb-28ef4eccb901;384.08;0.01;BUY
2016-02-06T00:16:31.867000;2016-02-06T00:16:31.920000;640df5d0-a441-45c6-99f8-2ebd40b5e32e;384.1;0.01;BUY
2016-02-06T00:16:31.867000;2016-02-06T00:16:31.920000;a3cbc903-77bc-48b0-911e-f0e1f19cbdbd;384.1;0.01;BUY
2016-02-06T00:16:31.867000;2016-02-06T00:16:31.953000;71b09b32-b9a0-4b12-a703-56132644d502;384.12;0.01;BUY
2016-02-06T00:16:31.867000;2016-02-06T00:16:31.953000;2f3091e3-c7dd-4c15-8e01-8940ea5fd375;384.12;0.01;BUY
2016-02-06T00:16:31.867000;2016-02-06T00:16:31.953000;aafe6e9a-8cfe-4133-8a4d-c2367bf27571;384.14;0.01;BUY
2016-02-06T00:16:31.867000;2016-02-06T00:16:31.953000;ff714e01-bcf7-4cbc-8af2-acd534b74348;384.15;0.02533966;BUY
2016-02-06T00:16:31.870000;2016-02-06T00:16:31.967000;0908c380-4a27-46f8-a0a6-245f2e56e7cf;384.16;0.01;BUY
2016-02-06T00:16:31.870000;2016-02-06T00:16:31.967000;d2dad33f-44bb-4fe0-ad93-e17ee24e016a;384.16;0.01;BUY
2016-02-06T00:16:31.870000;2016-02-06T00:16:31.967000;f8bac64e-a5a6-448d-91ee-e8ac827744ce;384.16;0.01;BUY
2016-02-06T00:16:31.870000;2016-02-06T00:16:31.967000;de0e194b-ee53-44e8-8726-422c7705f41a;384.17;0.01;BUY
2016-02-06T00:16:31.870000;2016-02-06T00:16:31.967000;2c22a67f-d657-4f5a-9d9c-ac002f50f9ba;384.18;0.01;BUY
2016-02-06T00:16:31.870000;2016-02-06T00:16:31.967000;6346272c-3f30-41a1-ae68-b9180de9b0cc;384.18;0.01;BUY
2016-02-06T00:16:31.870000;2016-02-06T00:16:31.967000;b2f1bd2f-854f-408b-a8bb-de5ad502c161;384.19;0.16;BUY
2016-02-06T00:16:31.870000;2016-02-06T00:16:31.967000;fc01fefa-ed79-4e65-ac44-457621900cbd;384.2;0.01137;BUY
2016-02-06T00:16:31.870000;2016-02-06T00:16:31.983000;3fc11ec3-da35-41e3-9563-3c34c239c656;384.2;0.32;BUY
2016-02-06T00:16:31.870000;2016-02-06T00:16:31.983000;a5898ae8-e047-4a97-bb43-7fe70bf0e011;384.21;0.01;BUY
2016-02-06T00:16:31.870000;2016-02-06T00:16:31.983000;b199d639-40cf-4780-b3f4-230831532ad1;384.22;0.38221034;BUY
2016-02-06T00:16:35.107000;2016-02-06T00:16:35.140000;415db5af-1c12-4ad7-8c42-4b1167f65b37;384.11;0.01;BUY
2016-02-06T00:16:35.107000;2016-02-06T00:16:35.140000;eaec2d05-be6c-47ce-8d7b-c5b985649efc;384.13;0.01;BUY
2016-02-06T00:16:35.107000;2016-02-06T00:16:35.140000;21865a5a-4af9-454b-9850-daa2db04fdaa;384.13;0.01;BUY
2016-02-06T00:16:35.107000;2016-02-06T00:16:35.157000;e650831a-8e54-4ac4-b821-9ba546bc164e;384.14;0.11334367;BUY
2016-02-06T00:16:36.097000;2016-02-06T00:16:36.140000;5621103f-0db1-4998-b909-ae60b36c2b34;384.14;0.13665633;BUY
2016-02-06T00:16:36.097000;2016-02-06T00:16:36.140000;99fde6cb-9a8f-4c68-887b-44f53c9ac24c;384.15;0.00668734;BUY
2016-02-06T00:16:37.067000;2016-02-06T00:16:37.093000;22a84f49-2a9e-4f49-869c-d669103c5903;384.15;0.00331266;BUY
2016-02-06T00:16:37.067000;2016-02-06T00:16:37.093000;2b92f34a-d555-4d95-b112-6b77bfa49946;384.15;0.01;BUY
2016-02-06T00:16:37.067000;2016-02-06T00:16:37.110000;b1c569e9-e2eb-4742-9003-cc5bea641252;384.17;0.01;BUY
2016-02-06T00:16:37.067000;2016-02-06T00:16:37.110000;109bdca1-8cc1-4990-8b1c-3fc360870981;384.17;0.01;BUY
2016-02-06T00:16:37.067000;2016-02-06T00:16:37.110000;9a04a735-2650-44a7-aaf8-af4f87dedf5c;384.18;0.11003101;BUY
2016-02-06T00:16:42.643000;2016-02-06T00:16:42.670000;50423b2d-8fad-40e3-94f1-e778b3ee60eb;384.18;0.06;BUY
2016-02-06T00:17:01.293000;2016-02-06T00:17:01.327000;8cb440ab-5b0f-4781-906d-7fa3edc78959;384.19;0.01;BUY
2016-02-06T00:17:01.293000;2016-02-06T00:17:01.327000;b4cf6d6a-b04e-4906-824c-8bbfbc2adccf;384.19;0.01;BUY
2016-02-06T00:17:01.293000;2016-02-06T00:17:01.343000;3bee6bde-0b67-4d06-98ed-1b836a58ff60;384.2;0.23315;BUY
2016-02-06T00:17:32.653000;2016-02-06T00:17:32.687000;59346ebe-dd87-44a4-aea5-82dfcb19cb6c;384.17;0.25;BUY
2016-02-06T00:17:32.653000;2016-02-06T00:17:32.687000;ed9d5f10-71de-4ddb-87ba-37a87aec00af;384.21;0.092;BUY
2016-02-06T00:17:32.657000;2016-02-06T00:17:32.703000;b8f7a364-d78b-432d-be2b-f0f0efffc6d7;384.23;0.01;BUY
2016-02-06T00:17:32.657000;2016-02-06T00:17:32.703000;194d52a5-39b4-413a-9290-959989f9d358;384.24;0.099;BUY
2016-02-06T00:17:32.657000;2016-02-06T00:17:32.703000;72a5eb84-e843-4b5f-be02-0f256417fe99;384.25;0.01;BUY
2016-02-06T00:17:32.657000;2016-02-06T00:17:32.703000;53c0173c-7ae7-4f0c-b499-3bc201bef7f0;384.25;0.02533966;BUY
2016-02-06T00:17:32.657000;2016-02-06T00:17:32.703000;448c12cd-883d-47ab-bcda-2ce3c5d58daf;384.26;0.01;BUY
2016-02-06T00:17:32.657000;2016-02-06T00:17:32.703000;16d6b0a8-7351-4d85-936e-9ac6438fcabd;384.27;0.01;BUY
2016-02-06T00:17:32.657000;2016-02-06T00:17:32.703000;a354f4ac-18fb-49c9-a1b5-f69a2d0de478;384.28;0.114;BUY
2016-02-06T00:17:32.657000;2016-02-06T00:17:32.733000;2e09f7a2-58ee-43e6-92a4-1b556350c9ca;384.31;0.177;BUY
2016-02-06T00:17:32.657000;2016-02-06T00:17:32.733000;f3256165-9c4b-460e-b67e-880f11107ee1;384.32;0.1;BUY
2016-02-06T00:17:32.657000;2016-02-06T00:17:32.733000;a3414325-bd62-4a79-beab-0c0a76341c35;384.33;0.16;BUY
2016-02-06T00:17:32.657000;2016-02-06T00:17:32.733000;839fb8dc-d140-4e59-95ce-8d9e7ccb5e55;384.34;0.01;BUY
2016-02-06T00:17:32.657000;2016-02-06T00:17:32.733000;a400b70e-9090-4151-af28-2434ccf957b8;384.34;0.01;BUY
2016-02-06T00:17:32.657000;2016-02-06T00:17:32.733000;f609122c-6d3c-4acc-853f-bb088bab0b15;384.34;0.108;BUY
2016-02-06T00:17:32.657000;2016-02-06T00:17:32.733000;2dd2f65c-9ece-4f78-8712-5a6a9f349969;384.34;0.32;BUY
2016-02-06T00:17:32.657000;2016-02-06T00:17:32.733000;787e0b51-49a2-4b55-977e-4f9235ebe9df;384.35;0.0253392;BUY
2016-02-06T00:17:32.657000;2016-02-06T00:17:32.733000;6c66b495-2769-4566-aca4-f200be6f40e3;384.35;0.64;BUY
2016-02-06T00:17:32.657000;2016-02-06T00:17:32.733000;9fce3029-b475-4842-951e-5b2e2e53329d;384.36;0.01;BUY
2016-02-06T00:17:32.657000;2016-02-06T00:17:32.750000;4a15075a-23c7-4f3e-84bc-defb91fafd9a;384.36;0.39810114;BUY
2016-02-06T00:17:55.307000;2016-02-06T00:17:55.343000;a2d83698-6283-407c-b373-453d45b91c23;384.25;0.01;SELL
2016-02-06T00:17:55.307000;2016-02-06T00:17:55.343000;734e2b41-1d9a-4fe1-8b43-4761eacbdae3;384.24;0.011;SELL
2016-02-06T00:17:55.307000;2016-02-06T00:17:55.343000;cc3b5f85-64dd-411c-a695-411940efe40c;384.23;0.011;SELL
2016-02-06T00:17:55.307000;2016-02-06T00:17:55.343000;e9cdf33d-d699-4cb3-b138-8fa725c6620e;384.22;0.01;SELL
2016-02-06T00:18:02.610000;2016-02-06T00:18:02.623000;5d56bf38-2925-4003-ad3e-a3a546f0cd36;384.29;0.01;BUY
2016-02-06T00:18:02.610000;2016-02-06T00:18:02.657000;8dca1c6c-f3ce-4eee-beb5-026e6eb941a8;384.29;0.01;BUY
2016-02-06T00:18:02.610000;2016-02-06T00:18:02.657000;f0c2b31e-1241-46ca-887c-35394214b7ff;384.31;0.01;BUY
2016-02-06T00:18:02.610000;2016-02-06T00:18:02.657000;6edd516e-6f38-4197-8f99-e618da63973f;384.31;0.01;BUY
2016-02-06T00:18:02.610000;2016-02-06T00:18:02.657000;17c190aa-44e6-4b64-8904-4500b25cd645;384.34;0.25;BUY
2016-02-06T00:18:02.610000;2016-02-06T00:18:02.657000;f4297ccb-dd74-438d-b16b-0afc3caf80e1;384.35;0.16;BUY
2016-02-06T00:18:02.610000;2016-02-06T00:18:02.657000;344989bc-a2bf-419c-900f-e607655a75b1;384.37;0.1;BUY
2016-02-06T00:18:02.610000;2016-02-06T00:18:02.657000;9b55462d-1d06-451e-a5d2-a268dcbd9d37;384.37;0.09601;BUY
2016-02-06T00:18:20.267000;2016-02-06T00:18:20.280000;044d5668-bbb6-490b-ae69-ad6422aa10c1;384.29;0.01;SELL
2016-02-06T00:18:20.267000;2016-02-06T00:18:20.297000;9ac2b237-7690-435d-9759-000eb1a535a9;384.28;0.01;SELL
2016-02-06T00:18:20.267000;2016-02-06T00:18:20.297000;cc461b9b-584c-4b90-aab8-16c71de41510;384.27;0.01;SELL
2016-02-06T00:18:20.267000;2016-02-06T00:18:20.297000;65784121-1c28-447a-8a80-6a1a1906b930;384.26;0.01;SELL
2016-02-06T00:18:20.267000;2016-02-06T00:18:20.297000;d7ae2575-9a8d-4b29-8e01-d7d96eb528d5;384.26;0.01;SELL
2016-02-06T00:18:20.267000;2016-02-06T00:18:20.313000;a8eb3385-5bd7-4bab-956f-184f67eeedc3;384.24;0.01;SELL
2016-02-06T00:18:20.267000;2016-02-06T00:18:20.313000;d97fbe3b-162d-41ad-b2a5-5f5731de350b;384.24;0.01;SELL
2016-02-06T00:18:20.267000;2016-02-06T00:18:20.313000;6499cb53-c5f1-4786-912e-336589be019e;384.22;0.01;SELL
2016-02-06T00:18:20.267000;2016-02-06T00:18:20.313000;7258deda-1a40-462a-a267-38026f046971;384.22;0.01;SELL
2016-02-06T00:18:31.113000;2016-02-06T00:18:31.140000;ccf920cf-0c0d-489b-8bda-244256412939;384.3;0.01;BUY
2016-02-06T00:18:31.113000;2016-02-06T00:18:31.157000;e98cd05d-e8d4-4924-99a7-a16a357451f6;384.31;0.01;BUY
2016-02-06T00:18:31.113000;2016-02-06T00:18:31.157000;79100ed8-32db-4bfd-bd8d-ea20c2d1ac09;384.31;0.25;BUY
2016-02-06T00:18:31.113000;2016-02-06T00:18:31.157000;443a289c-fd56-4b65-802e-0f8bafb18164;384.33;0.032;BUY
2016-02-06T00:18:31.113000;2016-02-06T00:18:31.157000;5e06bc7a-17a0-4c70-a68e-81efc448d993;384.34;0.01;BUY
2016-02-06T00:18:31.113000;2016-02-06T00:18:31.157000;f965a898-4f3d-476b-8168-0d687551f219;384.34;0.01;BUY
2016-02-06T00:18:31.117000;2016-02-06T00:18:31.233000;9cf082da-31fb-46f7-ac8d-de783fea001f;384.36;0.87805;BUY
2016-02-06T00:18:42.203000;2016-02-06T00:18:42.217000;075a8a6a-94c4-4dc0-943a-0f4ae27724ae;384.25;0.01;SELL
2016-02-06T00:18:42.203000;2016-02-06T00:18:42.233000;905f560e-5394-4bd8-ac33-3699ae2705a6;384.24;0.01;SELL
2016-02-06T00:18:42.203000;2016-02-06T00:18:42.233000;5fe655e0-652b-4ee4-9a12-9d16985b67a5;384.24;0.01;SELL
2016-02-06T00:18:42.203000;2016-02-06T00:18:42.233000;d0fb4ee1-28c9-4a6f-adf5-c1ae68282018;384.24;0.01;SELL
2016-02-06T00:18:42.203000;2016-02-06T00:18:42.250000;2dcb4f54-62ff-49df-99f6-93b131e63166;384.23;0.01;SELL
2016-02-06T00:18:42.203000;2016-02-06T00:18:42.250000;412be3bf-3ecc-47c2-8540-87111ea5cd8a;384.22;0.01;SELL
2016-02-06T00:18:42.203000;2016-02-06T00:18:42.250000;7bedc04c-5555-41f7-a9c3-ad1d7df40f54;384.22;0.01;SELL
2016-02-06T00:19:01.120000;2016-02-06T00:19:01.140000;0acc8184-b152-4e0f-8e7e-73d958fcd400;384.21;0.01;BUY
2016-02-06T00:19:01.123000;2016-02-06T00:19:01.157000;0a19f418-1da4-45eb-bb07-ea64241511a2;384.21;0.01;BUY
2016-02-06T00:19:01.123000;2016-02-06T00:19:01.157000;3d5cc0bf-acf8-4bb5-baba-0e1715512f53;384.21;0.54613;BUY
2016-02-06T00:19:08.893000;2016-02-06T00:19:08.920000;15b09e51-75a1-4619-ad33-20e718dee2f8;384.2;0.01;SELL
2016-02-06T00:19:08.893000;2016-02-06T00:19:08.920000;0ef77ced-a96f-473f-8982-853687ff054e;384.2;0.01;SELL
2016-02-06T00:19:31.573000;2016-02-06T00:19:31.593000;9a23f5ee-92c6-4232-8406-793275b6b544;384.19;0.25;BUY
2016-02-06T00:19:31.573000;2016-02-06T00:19:31.610000;7ad6d85d-eeeb-40e9-b111-5141ca0e1db9;384.19;0.38658;BUY
2016-02-06T00:20:01.343000;2016-02-06T00:20:01.360000;3650af5d-24aa-41ed-a370-3889b84feef3;384.19;0.11613;BUY
2016-02-06T00:20:12.150000;2016-02-06T00:20:12.170000;b0978ba0-f322-4c9f-8ce3-83d401f64935;384.18;0.01;SELL
2016-02-06T00:20:12.150000;2016-02-06T00:20:12.187000;c9047155-1db9-417b-ad4b-04197a76b610;384.16;0.011;SELL
2016-02-06T00:20:12.150000;2016-02-06T00:20:12.187000;0e90e232-cb23-43c4-b620-08d69472ab1c;384.15;0.011;SELL
2016-02-06T00:20:12.153000;2016-02-06T00:20:12.187000;f5c4c240-9c7e-4b67-b85e-7c9a6b8b0853;384.14;0.011;SELL
2016-02-06T00:20:12.153000;2016-02-06T00:20:12.187000;767808cc-81c1-488d-9b4f-f123700c778f;384.13;0.011;SELL
2016-02-06T00:20:12.153000;2016-02-06T00:20:12.187000;24102643-5d39-4e63-8a8d-9c225c813ebd;384.12;0.011;SELL
2016-02-06T00:20:12.153000;2016-02-06T00:20:12.187000;b6f93f4d-94b0-4dd5-a818-d507dd64253c;384.11;0.011;SELL
2016-02-06T00:20:12.153000;2016-02-06T00:20:12.187000;87d7f8d2-e379-4b6e-8d4f-0afe3f4c32ec;384.1;0.02533996;SELL
2016-02-06T00:20:12.153000;2016-02-06T00:20:12.187000;673741af-d1f7-4c25-9f4b-573fba6a886a;384.09;0.07966004;SELL
2016-02-06T00:20:31.267000;2016-02-06T00:20:31.280000;801d0a88-e54b-4884-8e2b-6f91fc638b21;384.09;0.06368363;SELL
2016-02-06T00:20:31.267000;2016-02-06T00:20:31.280000;27f54054-2c8f-41e2-aabd-cc6d341cf86c;384.09;0.01;SELL
2016-02-06T00:20:31.267000;2016-02-06T00:20:31.313000;a20db0f1-6c8a-4298-988f-9f37a1268d91;384.04;0.01;SELL
2016-02-06T00:20:31.267000;2016-02-06T00:20:31.313000;3c90f920-a061-4185-b0d8-8fce4232006c;384.04;0.01;SELL
2016-02-06T00:20:31.267000;2016-02-06T00:20:31.313000;4d259890-2d06-4167-82ce-7ff941a5278e;384.02;0.01;SELL
2016-02-06T00:20:31.267000;2016-02-06T00:20:31.327000;8e2679c9-cb20-4911-9fd7-d0471aad5a3f;384.02;0.01;SELL
2016-02-06T00:20:31.267000;2016-02-06T00:20:31.327000;58fac587-3875-48d5-b717-9d698460cf52;384.0;0.14334367;SELL
2016-02-06T00:20:31.267000;2016-02-06T00:20:31.327000;fb05af5b-acdf-4fed-8d7d-ea771d1565a9;384.0;0.01;SELL
2016-02-06T00:20:31.267000;2016-02-06T00:20:31.327000;0503d8f0-8394-4925-a5e2-28bf0dca09ca;384.0;0.02533996;SELL
2016-02-06T00:20:31.267000;2016-02-06T00:20:31.327000;2a56bf25-d6e2-4791-8709-6fbdbdb43711;384.0;0.24;SELL
2016-02-06T00:20:31.267000;2016-02-06T00:20:31.327000;78628d57-a6df-436f-9869-56e4f7185db2;383.98;0.01;SELL
2016-02-06T00:20:31.267000;2016-02-06T00:20:31.327000;9d504bed-d707-4bf4-a413-aa67c56ec50b;383.98;0.01;SELL
2016-02-06T00:20:31.267000;2016-02-06T00:20:31.327000;b09e5ab5-23c9-43b4-a33b-c86a381d9050;383.96;0.01;SELL
2016-02-06T00:20:31.267000;2016-02-06T00:20:31.327000;fce4da93-e0f9-417c-a983-d8304293e14d;383.95;0.011;SELL
2016-02-06T00:20:31.267000;2016-02-06T00:20:31.327000;865f720c-cf14-4fb1-9a1d-1ad2d704bdd6;383.94;0.01;SELL
2016-02-06T00:20:31.267000;2016-02-06T00:20:31.327000;17f3a34d-2d10-474d-8003-1930d4ecabda;383.94;0.011;SELL
2016-02-06T00:20:31.267000;2016-02-06T00:20:31.327000;2239d5ad-4c54-4587-9fed-281b405a93ef;383.94;0.01;SELL
2016-02-06T00:20:31.267000;2016-02-06T00:20:31.327000;edf813db-5dad-4cfd-becf-0e22a123b532;383.93;0.011;SELL
2016-02-06T00:20:31.270000;2016-02-06T00:20:31.343000;d61cb012-2f8b-43f3-a0e1-cd3e52ba0252;383.92;0.011;SELL
2016-02-06T00:20:31.270000;2016-02-06T00:20:31.343000;9d20352c-28d6-4916-9123-b68b1020e85f;383.91;0.011;SELL
2016-02-06T00:20:31.270000;2016-02-06T00:20:31.343000;fbdc61af-bd35-4dc8-880e-9765b933507e;383.91;0.12439274;SELL
2016-02-06T00:20:43.223000;2016-02-06T00:20:43.233000;fc4b21bf-55ec-46d6-bb62-5e8c33909e18;384.04;0.01;SELL
2016-02-06T00:20:43.223000;2016-02-06T00:20:43.250000;dd8825f9-c71b-46fc-a0e9-36edc961b388;384.04;0.01;SELL
2016-02-06T00:20:43.223000;2016-02-06T00:20:43.250000;655073cb-b1b2-4bdc-94e1-d9a9d2ca57ee;384.02;0.01;SELL
2016-02-06T00:20:43.223000;2016-02-06T00:20:43.250000;cf18c813-fb66-47c9-9c85-241acb710d95;384.02;0.01;SELL
2016-02-06T00:21:01.313000;2016-02-06T00:21:01.327000;6f21e50a-973e-41a5-9cfa-94442b128159;383.94;0.01;SELL
2016-02-06T00:21:01.313000;2016-02-06T00:21:01.343000;d111a7c0-0a8e-49d1-a1bf-dbd768582950;383.94;0.4006;SELL
2016-02-06T00:21:31.363000;2016-02-06T00:21:31.390000;7dc688a3-20f8-494e-9990-8b267ec4142f;383.95;0.25;BUY
2016-02-06T00:21:31.363000;2016-02-06T00:21:31.407000;da4638bb-d44f-4e9b-a19c-fc25d334021c;383.98;0.24;BUY
2016-02-06T00:21:31.363000;2016-02-06T00:21:31.407000;b25e85a9-9fbe-4b04-aaf0-4daa0afa1996;384.0;0.12;BUY
2016-02-06T00:21:31.367000;2016-02-06T00:21:31.407000;fb14ef4e-f9d8-44c1-88e6-317d7bfa2624;384.09;0.48;BUY
2016-02-06T00:21:31.367000;2016-02-06T00:21:31.407000;3b5c25f4-ccd2-4365-98c7-250ac8e86856;384.1;0.01;BUY
2016-02-06T00:21:31.367000;2016-02-06T00:21:31.420000;ad6acb2a-5711-4f9f-8e98-7af474dd8176;384.1;0.01;BUY
2016-02-06T00:21:31.367000;2016-02-06T00:21:31.420000;436f6964-2cd0-411d-971b-3caa4176acd2;384.1;0.1;BUY
2016-02-06T00:21:31.367000;2016-02-06T00:21:31.437000;40b8e990-1ecd-43fb-a43f-f4e5ebd0e278;384.1;0.01;BUY
2016-02-06T00:21:31.367000;2016-02-06T00:21:31.437000;d7175760-5a6b-41f5-91eb-f955924333ad;384.11;0.64;BUY
2016-02-06T00:21:31.367000;2016-02-06T00:21:31.437000;8c06ab04-75f6-430a-86cc-e346347a05e2;384.12;0.01;BUY
2016-02-06T00:21:31.367000;2016-02-06T00:21:31.437000;49380893-82e8-4738-920d-1a4f564b5d06;384.12;0.01;BUY
2016-02-06T00:21:31.367000;2016-02-06T00:21:31.437000;8e5b60bb-2829-4c02-a5a6-8cc5d0a06b43;384.13;1.12;BUY
2016-02-06T00:21:31.367000;2016-02-06T00:21:31.437000;b1c80e4e-e1eb-4bd4-9ebc-3486cea09bfd;384.14;0.021;BUY
2016-02-06T00:21:31.367000;2016-02-06T00:21:31.437000;7c547e64-a854-4d5b-8cc0-c9613f027271;384.14;1.28;BUY
2016-02-06T00:21:31.367000;2016-02-06T00:21:31.437000;fde2620a-4368-4460-ab46-43f874214c85;384.15;0.05;BUY
2016-02-06T00:21:31.367000;2016-02-06T00:21:31.437000;63efcf63-f195-4e5e-b305-f6fa0bf50b15;384.15;1.92;BUY
2016-02-06T00:21:31.367000;2016-02-06T00:21:31.437000;8e40dbfc-105d-44dc-bca7-ba2ca7c3a85a;384.16;0.01;BUY
2016-02-06T00:21:31.367000;2016-02-06T00:21:31.453000;31ee2627-c2a0-47d0-b66f-c5e9795d359e;384.19;3.68;BUY
2016-02-06T00:21:31.367000;2016-02-06T00:21:31.453000;22720b73-f3c7-44b8-b8f5-189e4010e5d6;384.2;0.09;BUY
2016-02-06T00:21:31.367000;2016-02-06T00:21:31.453000;904f32b6-b8b7-4546-b4eb-5f1a67bc6777;384.22;4.32;BUY
2016-02-06T00:21:31.367000;2016-02-06T00:21:31.453000;87cdaee9-3ac8-4dc3-8be8-4ab5e29c53f5;384.23;3.902;BUY
2016-02-06T00:21:31.367000;2016-02-06T00:21:31.453000;77cfc345-ed8a-4d2c-8166-9e739cf70a89;384.24;0.32;BUY
2016-02-06T00:21:31.370000;2016-02-06T00:21:31.453000;7ab0530c-7776-4c7c-8768-83862e65c7c4;384.25;0.02533996;BUY
2016-02-06T00:21:31.370000;2016-02-06T00:21:31.453000;2b1cc904-6575-40ea-81b7-875037d55fe3;384.25;0.64;BUY
2016-02-06T00:21:31.370000;2016-02-06T00:21:31.467000;41736a35-2304-46b8-bf97-c41ca9810637;384.26;0.01;BUY
2016-02-06T00:21:31.370000;2016-02-06T00:21:31.483000;6f920fab-d391-4dde-9d61-54f1bd24aeec;384.26;1.12;BUY
2016-02-06T00:21:31.370000;2016-02-06T00:21:31.483000;34c1aaca-abf5-44ca-94a2-a605afe16aff;384.27;0.01;BUY
2016-02-06T00:21:31.370000;2016-02-06T00:21:31.483000;3d7beac2-69ed-4919-8911-41a017b67675;384.31;2.72;BUY
2016-02-06T00:21:31.370000;2016-02-06T00:21:31.483000;b99072f9-1d54-4a52-8aa1-178eaed3e536;384.32;0.01;BUY
2016-02-06T00:21:31.370000;2016-02-06T00:21:31.483000;d54789a6-47dc-4457-929e-eaf01f953769;384.32;2.4446;BUY
2016-02-06T00:21:31.370000;2016-02-06T00:21:31.483000;66a90775-2e9a-4dff-abaf-5d49483bb751;384.33;0.01;BUY
2016-02-06T00:21:31.370000;2016-02-06T00:21:31.483000;5687b3de-a007-47bd-a664-d4afc75116a0;384.33;0.01;BUY
2016-02-06T00:21:31.370000;2016-02-06T00:21:31.483000;9b8c81c9-7f68-46ed-bea8-68f6df0cabe1;384.33;3.84;BUY
2016-02-06T00:21:31.370000;2016-02-06T00:21:31.483000;45b19f50-b489-49f7-a8e6-68474b94e0e1;384.34;0.03;BUY
2016-02-06T00:21:31.370000;2016-02-06T00:21:31.483000;a3978d75-063a-48a6-8a4e-b238a6d3b48a;384.34;3.68;BUY
2016-02-06T00:21:31.370000;2016-02-06T00:21:31.483000;b31d8c2e-878c-402a-bbe9-199a73d67c91;384.35;0.02533996;BUY
2016-02-06T00:21:31.370000;2016-02-06T00:21:31.500000;cddd2903-e8a7-4979-9738-bf17425a18f9;384.37;5.12;BUY
2016-02-06T00:21:31.370000;2016-02-06T00:21:31.500000;dd559657-205c-4499-a046-65892301d4b9;384.38;0.01;BUY
2016-02-06T00:21:31.370000;2016-02-06T00:21:31.500000;f5131d89-94b5-48fa-9d58-e61e16a0e49d;384.38;0.01;BUY
2016-02-06T00:21:31.370000;2016-02-06T00:21:31.500000;b0e447aa-409e-49eb-ba37-7cf2fe9446d1;384.38;5.12;BUY
2016-02-06T00:21:31.370000;2016-02-06T00:21:31.500000;734f35db-0697-451c-a39b-cbbfaa106319;384.4;2.55900008;BUY
2016-02-06T00:21:55.467000;2016-02-06T00:21:55.500000;82652d0e-5998-4387-b323-c9f6288b2bf9;384.15;0.01;SELL
2016-02-06T00:21:55.467000;2016-02-06T00:21:55.500000;6d9855dc-45de-4899-a883-44f516ff98fe;384.14;0.01;SELL
2016-02-06T00:21:55.467000;2016-02-06T00:21:55.500000;0f18d9b3-8f7a-46d8-aedc-12cad7d44731;384.13;0.01;SELL
2016-02-06T00:21:55.470000;2016-02-06T00:21:55.500000;7e500647-3ad3-41c6-8e51-782ba7ad5669;384.12;0.01;SELL
2016-02-06T00:21:55.470000;2016-02-06T00:21:55.500000;53d465f1-1d5d-4dfb-8284-1d766e3fa1a2;384.12;0.034;SELL
2016-02-06T00:22:01.383000;2016-02-06T00:22:01.390000;1619ae8c-96fe-4d84-b1cb-e475196f3755;384.18;0.01;BUY
2016-02-06T00:22:01.383000;2016-02-06T00:22:01.407000;10f3795d-e813-445a-b7a5-7f65035f3742;384.18;0.01;BUY
2016-02-06T00:22:01.383000;2016-02-06T00:22:01.407000;6fda7400-4302-4d85-8036-3ecbb186138d;384.2;0.01;BUY
2016-02-06T00:22:01.383000;2016-02-06T00:22:01.407000;2f0f7b63-ee42-45f9-8d80-0bfdf7810e4d;384.21;0.16;BUY
2016-02-06T00:22:01.383000;2016-02-06T00:22:01.407000;af306696-ac41-4389-bc17-949ce359169b;384.22;0.01;BUY
2016-02-06T00:22:01.383000;2016-02-06T00:22:01.500000;396701a3-b704-4999-a40d-8b4c6cf01028;384.22;0.01;BUY
2016-02-06T00:22:01.383000;2016-02-06T00:22:01.500000;d4d5b02c-d040-4402-9de0-0e24e8df8188;384.22;0.32;BUY
2016-02-06T00:22:01.383000;2016-02-06T00:22:01.500000;ff2a995e-0065-494d-8e0a-b31ce724c5ce;384.23;4.59;BUY
2016-02-06T00:22:01.383000;2016-02-06T00:22:01.500000;9a2d737a-aa00-4ec7-8221-2764b829100c;384.24;0.01;BUY
2016-02-06T00:22:01.383000;2016-02-06T00:22:01.500000;78aea82a-3029-4f97-b68b-f012ff999fd0;384.24;0.01;BUY
2016-02-06T00:22:01.387000;2016-02-06T00:22:01.500000;fc3c8dcd-6e79-4821-a8a5-ec008f4256e3;384.26;0.01;BUY
2016-02-06T00:22:01.387000;2016-02-06T00:22:01.500000;94183b76-ae75-484f-9b0e-099cb0b0ea60;384.26;0.01;BUY
2016-02-06T00:22:01.387000;2016-02-06T00:22:01.500000;c9fe8fbb-60fc-4679-9f86-a9f0191ee41c;384.28;0.01;BUY
2016-02-06T00:22:01.387000;2016-02-06T00:22:01.500000;a2189fb8-aec0-4067-a3d3-bc0f0d87f684;384.3;0.48;BUY
2016-02-06T00:22:01.387000;2016-02-06T00:22:01.500000;d80f6aee-c489-4473-b6ef-8feebfb04c11;384.3;3.829;BUY
2016-02-06T00:22:01.387000;2016-02-06T00:22:01.500000;f4baaaf7-1325-4bd6-b360-82140a3d2426;384.31;0.1;BUY
2016-02-06T00:22:01.387000;2016-02-06T00:22:01.500000;e0166d1a-81e4-4c58-b686-04066d08bc8b;384.38;4.48;BUY
2016-02-06T00:22:01.387000;2016-02-06T00:22:01.500000;74c06a98-45d0-49d4-85de-5ffe5ea28a8a;384.4;1.6;BUY
2016-02-06T00:22:01.387000;2016-02-06T00:22:01.500000;20ff1290-6495-437c-b36e-1eb8ce801ce5;384.41;0.03463;BUY
2016-02-06T00:22:01.387000;2016-02-06T00:22:01.500000;9c8a1c4b-e50f-4050-b477-801c4fd3aae3;384.41;4.994;BUY
2016-02-06T00:22:01.387000;2016-02-06T00:22:01.500000;88ab09a5-10e7-4b39-848b-bcd5efe627cf;384.42;0.097;BUY
2016-02-06T00:22:01.387000;2016-02-06T00:22:01.500000;df673333-e3d9-454a-a6a0-911104a2dda8;384.45;0.0253392;BUY
2016-02-06T00:22:01.387000;2016-02-06T00:22:01.500000;a97b5366-3e3b-4b59-9e65-a37808e1e3e7;384.45;0.117;BUY
2016-02-06T00:22:01.387000;2016-02-06T00:22:01.500000;7b1c4946-6bd9-490f-bb34-4a446139d04d;384.48;0.077;BUY
2016-02-06T00:22:01.387000;2016-02-06T00:22:01.500000;3066f380-d8a1-489c-9fbb-c97fad4979eb;384.5;1.3041208;BUY
2016-02-06T00:22:09.823000;2016-02-06T00:22:09.843000;fe7b37f9-a919-4300-a811-98bf97322e15;384.26;0.01;SELL
2016-02-06T00:22:09.823000;2016-02-06T00:22:09.873000;a4a84669-d248-4256-a415-21755485d004;384.26;0.01;SELL
2016-02-06T00:22:09.823000;2016-02-06T00:22:09.873000;98e9356a-2769-45e9-91d0-53fefa2e6768;384.24;0.01;SELL
2016-02-06T00:22:09.827000;2016-02-06T00:22:09.873000;b98c878e-ab2f-422d-a3f9-ee8de25f32d7;384.24;0.01;SELL
2016-02-06T00:22:09.827000;2016-02-06T00:22:09.873000;fd660f25-84cb-4b9d-9ee3-2214abf5dd95;384.22;0.01;SELL
2016-02-06T00:22:09.827000;2016-02-06T00:22:09.873000;d98d28a7-c4ff-4c4b-89b6-d7a79cc743b7;384.22;0.01;SELL
2016-02-06T00:22:09.827000;2016-02-06T00:22:09.873000;b51d0cd2-4e19-4624-9a3d-ab842f49320a;384.2;0.02533996;SELL
2016-02-06T00:22:09.827000;2016-02-06T00:22:09.873000;9a2123b3-f2ec-4398-b1b7-b3fbab40fdb8;384.15;0.1;SELL
2016-02-06T00:22:09.827000;2016-02-06T00:22:09.873000;74a701a1-b041-4535-9243-7da0023fef3c;384.14;0.01;SELL
2016-02-06T00:22:09.827000;2016-02-06T00:22:09.873000;847b7fcd-9386-4fa4-945a-662b3ac406e6;384.14;0.01;SELL
2016-02-06T00:22:09.827000;2016-02-06T00:22:09.873000;a3560dec-1cbc-48d2-b69c-6fa49ce4b17d;384.13;0.38;SELL
2016-02-06T00:22:09.827000;2016-02-06T00:22:09.890000;321d4910-ae0a-4eac-a182-6d358f5a6fb4;384.1;0.01;SELL
2016-02-06T00:22:09.827000;2016-02-06T00:22:09.890000;70c50eec-1596-4da3-a01a-552f700c1efa;384.1;0.01;SELL
2016-02-06T00:22:09.827000;2016-02-06T00:22:09.890000;3425ccee-ded1-4f1f-9209-8ab51f802bae;384.08;0.01;SELL
2016-02-06T00:22:09.827000;2016-02-06T00:22:09.890000;a0d94ef4-139c-4ec8-90a6-ed983fb07f45;384.08;0.01;SELL
2016-02-06T00:22:09.827000;2016-02-06T00:22:09.890000;b7cc3827-14c1-429e-b3a2-55e0ec6f4a77;384.07;0.01;SELL
2016-02-06T00:22:09.827000;2016-02-06T00:22:09.907000;9158af87-3dbf-4928-b8cc-103806f6fcea;384.06;0.01;SELL
2016-02-06T00:22:09.827000;2016-02-06T00:22:09.907000;92bbfb05-20f8-435e-bc19-0db621d20d4c;384.06;0.01;SELL
2016-02-06T00:22:09.827000;2016-02-06T00:22:09.907000;2c5ee137-d476-4601-a938-6c02887482c4;384.04;0.01;SELL
2016-02-06T00:22:09.827000;2016-02-06T00:22:09.907000;52bb4b21-d5b3-4c87-9bed-720773e982a7;384.02;0.01;SELL
2016-02-06T00:22:09.827000;2016-02-06T00:22:09.937000;e7c27679-d66f-4e97-b212-ea4d85244ae7;384.02;0.01;SELL
2016-02-06T00:22:09.827000;2016-02-06T00:22:09.937000;3f7edb9a-6dd5-4006-a660-79791e119cbe;384.0;0.0115;SELL
2016-02-06T00:22:09.827000;2016-02-06T00:22:09.937000;a4f76449-9630-4ae4-9f1d-554f7fc71cc5;383.97;0.01;SELL
2016-02-06T00:22:09.827000;2016-02-06T00:22:09.937000;fd1cbcb1-0b2b-45dc-99bc-b32dae8a859b;383.96;0.01;SELL
2016-02-06T00:22:09.827000;2016-02-06T00:22:09.937000;748eaa06-a414-4745-bc94-8aee3d961711;383.96;0.16;SELL
2016-02-06T00:22:09.827000;2016-02-06T00:22:09.937000;36256b4b-85bc-4577-9f9b-9420d3e04051;383.95;0.01;SELL
2016-02-06T00:22:09.830000;2016-02-06T00:22:09.937000;0d8e109d-8b39-481a-bcaf-800c2b7e9117;383.94;0.64;SELL
2016-02-06T00:22:09.830000;2016-02-06T00:22:09.937000;662b11e5-26ec-4601-b20e-eefcf5124d9c;383.93;0.01;SELL
2016-02-06T00:22:09.830000;2016-02-06T00:22:09.937000;f70e0073-6d60-4abf-aa46-803b03db6c0d;383.93;1.0;SELL
2016-02-06T00:22:09.830000;2016-02-06T00:22:09.937000;98b59616-bcd4-4ad9-be9b-8ad8fcb409a0;383.92;0.01;SELL
2016-02-06T00:22:09.830000;2016-02-06T00:22:09.937000;b99953e7-7d76-4759-afc1-ebb588dc45b3;383.92;0.01;SELL
2016-02-06T00:22:09.830000;2016-02-06T00:22:09.937000;d569239e-1217-4efa-b741-ad8a78286d75;383.91;0.01895093;SELL
2016-02-06T00:22:09.830000;2016-02-06T00:22:09.937000;7527c8dc-0d62-4780-ad37-d5f1c8486ec3;383.9;0.011;SELL
2016-02-06T00:22:09.830000;2016-02-06T00:22:09.953000;c8636950-4799-4188-9446-697acbb90a60;383.9;0.0115;SELL
2016-02-06T00:22:09.830000;2016-02-06T00:22:09.953000;6dd62971-6018-4374-95e4-dccc3186c7ca;383.9;0.32;SELL
2016-02-06T00:22:09.830000;2016-02-06T00:22:09.953000;272be49a-d9ee-4054-a036-0f840309eeb9;383.89;0.01;SELL
2016-02-06T00:22:09.830000;2016-02-06T00:22:09.953000;82c73aa5-781e-40b7-98d7-21ce78984e0a;383.89;0.01;SELL
2016-02-06T00:22:09.830000;2016-02-06T00:22:09.953000;57afa468-622f-4a71-96a7-f558b519d7f9;383.89;2.0;SELL
2016-02-06T00:22:09.830000;2016-02-06T00:22:09.953000;b0cde221-36fc-49d2-8199-4bdd5c20b71c;383.88;0.32;SELL
2016-02-06T00:22:09.830000;2016-02-06T00:22:09.953000;11514e89-b2a4-4c94-aef6-29754bf5f1e0;383.87;0.00718966;SELL
2016-02-06T00:22:09.830000;2016-02-06T00:22:09.953000;2d1e060a-6407-4c48-90e1-a009f5b99bb6;383.86;0.108;SELL
2016-02-06T00:22:09.833000;2016-02-06T00:22:09.983000;f2fdc94b-fa8a-496d-becb-013589acd2b2;383.86;0.64;SELL
2016-02-06T00:22:09.833000;2016-02-06T00:22:09.983000;fc341327-267e-4029-a4fc-c708c8d79c63;383.85;0.01;SELL
2016-02-06T00:22:09.833000;2016-02-06T00:22:09.983000;0331ab2e-8a9a-482b-93ea-105f7b519490;383.85;0.01;SELL
2016-02-06T00:22:09.833000;2016-02-06T00:22:09.983000;8ea0752f-1ef0-44a4-8312-9c117097b636;383.84;0.32;SELL
2016-02-06T00:22:09.833000;2016-02-06T00:22:09.983000;17ac5a16-6515-4e88-9776-58473b4ec352;383.83;0.01;SELL
2016-02-06T00:22:09.833000;2016-02-06T00:22:09.983000;d060c98a-3d96-4b67-9530-5985309303a4;383.83;0.64;SELL
2016-02-06T00:22:09.833000;2016-02-06T00:22:09.983000;c7ce0200-0ee2-41ce-b217-f9d0fc430144;383.82;0.14334367;SELL
2016-02-06T00:22:09.833000;2016-02-06T00:22:09.983000;ef0dfe57-3ca5-4dd4-81bb-4a0700a431dd;383.82;0.64;SELL
2016-02-06T00:22:09.833000;2016-02-06T00:22:09.983000;264daa35-3610-4bfa-87f4-d803975687c4;383.81;0.01;SELL
2016-02-06T00:22:09.833000;2016-02-06T00:22:09.983000;edf3bbe0-6bb0-4660-b298-33bb425a11bb;383.81;0.01;SELL
2016-02-06T00:22:09.833000;2016-02-06T00:22:09.983000;4a04f75a-638b-4d97-a4e5-5a686a116d1f;383.81;0.082;SELL
2016-02-06T00:22:09.833000;2016-02-06T00:22:10.000000;b4443543-a83e-4287-b705-35d4e6b60703;383.8;0.96;SELL
2016-02-06T00:22:09.833000;2016-02-06T00:22:10.017000;194a79cc-563a-470b-9ab8-d04b8c2bf8c8;383.79;0.01;SELL
2016-02-06T00:22:09.833000;2016-02-06T00:22:10.017000;0032e727-08cc-4b9c-8ed6-101e4b3d5059;383.79;0.01;SELL
2016-02-06T00:22:09.833000;2016-02-06T00:22:10.017000;c4ca7803-2445-4389-898b-7700c07b71ec;383.78;1.28;SELL
2016-02-06T00:22:09.833000;2016-02-06T00:22:10.017000;b267970b-d5e7-453f-8d4e-a4c007963cb7;383.77;0.01;SELL
2016-02-06T00:22:09.833000;2016-02-06T00:22:10.017000;c42a664b-5b03-4418-bc57-cbb8e8a10dc4;383.77;0.01;SELL
2016-02-06T00:22:09.833000;2016-02-06T00:22:10.017000;0c58ed0f-e142-4f74-9e3d-d37074751df5;383.74;1.92;SELL
2016-02-06T00:22:09.833000;2016-02-06T00:22:10.017000;09896e6f-1b23-4c96-af57-bfd291410552;383.73;0.14334367;SELL
2016-02-06T00:22:09.833000;2016-02-06T00:22:10.017000;dfb9c2e2-5e4c-46d8-adf7-e58ecccd7851;383.67;2.72;SELL
2016-02-06T00:22:09.833000;2016-02-06T00:22:10.017000;9052eb2a-1c39-4064-8deb-909c0287b1e1;383.66;0.01;SELL
