time_exchange;time_coinpai;guid;price;base_amount;taker_side
2016-01-28T00:00:01.620000;2016-01-28T00:00:01.643000;86cf05ff-939f-4e86-ad50-093ac3e3781f;394.6;0.01;SELL
2016-01-28T00:00:01.620000;2016-01-28T00:00:01.660000;ab191a78-26f9-4d3f-bfc4-49e478ec876b;394.59;0.01;SELL
2016-01-28T00:00:01.620000;2016-01-28T00:00:01.660000;c7b06291-f22e-4866-9432-38ac93f6337a;394.55;0.25;SELL
2016-01-28T00:00:01.620000;2016-01-28T00:00:01.660000;4ea4d92c-84a9-4a3e-a75c-d4393d3b29be;394.55;0.23;SELL
2016-01-28T00:00:01.620000;2016-01-28T00:00:01.660000;fdac023d-fafc-4f36-9b53-41eb784f1e4d;394.52;0.01;SELL
2016-01-28T00:00:01.620000;2016-01-28T00:00:01.660000;531711a8-0ac4-4162-9a7f-0fa59284226b;394.52;0.01;SELL
2016-01-28T00:00:01.620000;2016-01-28T00:00:01.677000;edc47ee9-85cf-45a4-835e-2e483a8eb38d;394.52;0.01;SELL
2016-01-28T00:00:01.620000;2016-01-28T00:00:01.677000;3763a2ee-0359-4346-9d07-5ad7d0a74f3b;394.51;0.01;SELL
2016-01-28T00:00:01.620000;2016-01-28T00:00:01.740000;7709501b-8510-4082-ad68-c7c063cd04e1;394.51;0.01;SELL
2016-01-28T00:00:01.620000;2016-01-28T00:00:01.740000;64b2eec7-dbc9-4bc8-a600-b2fe726367e5;394.51;0.01;SELL
2016-01-28T00:00:01.620000;2016-01-28T00:00:01.740000;50803c8b-3181-488a-bb70-cebd460ee265;394.51;0.01;SELL
2016-01-28T00:00:01.623000;2016-01-28T00:00:01.740000;4711c792-2993-4a2c-a520-54367a729cda;394.51;0.01;SELL
2016-01-28T00:00:01.623000;2016-01-28T00:00:01.740000;a3e7a411-4847-470c-bfd2-444f101761fd;394.51;0.01;SELL
2016-01-28T00:00:01.623000;2016-01-28T00:00:01.740000;65e09cab-9b77-4223-8b1e-4b1e75ed3630;394.51;0.01;SELL
2016-01-28T00:00:01.623000;2016-01-28T00:00:01.753000;9cd4fd3a-2dc9-4393-94ac-2b7317cec8b8;394.5;0.01;SELL
2016-01-28T00:00:01.623000;2016-01-28T00:00:01.753000;6a86ad8b-49dd-49a0-865a-be2445a98db6;394.5;0.01;SELL
2016-01-28T00:00:01.623000;2016-01-28T00:00:01.753000;b09df8e0-45ff-45ac-82fd-7de6659ac4d7;394.5;0.01;SELL
2016-01-28T00:00:01.623000;2016-01-28T00:00:01.753000;2b1b5c0b-073b-40b3-a10e-fe29270d3b97;394.5;0.01;SELL
2016-01-28T00:00:01.623000;2016-01-28T00:00:01.753000;f1a37e2e-e9da-4eac-8742-a6e080646967;394.5;0.01;SELL
2016-01-28T00:00:01.623000;2016-01-28T00:00:01.753000;d5859da0-559c-43c4-9e69-be206be7e37d;394.5;0.01;SELL
2016-01-28T00:00:01.623000;2016-01-28T00:00:01.753000;f169db66-57a3-4f67-866c-feadfdee223a;394.5;0.01;SELL
2016-01-28T00:00:01.623000;2016-01-28T00:00:01.753000;867519b3-4929-4215-91d7-825922688d76;394.5;0.01;SELL
2016-01-28T00:00:01.623000;2016-01-28T00:00:01.753000;99d840bb-65ad-4c5c-ad42-db63b17991b0;394.5;0.01;SELL
2016-01-28T00:00:01.623000;2016-01-28T00:00:01.753000;c5057c40-bea9-461e-a4ff-a60a45e0d0f4;394.5;0.01;SELL
2016-01-28T00:00:01.623000;2016-01-28T00:00:01.753000;274ac530-a372-4c84-a582-1968f5ba7b47;394.5;0.01;SELL
2016-01-28T00:00:01.623000;2016-01-28T00:00:01.753000;32796564-a85d-4374-80b6-9d096887695d;394.5;0.01;SELL
2016-01-28T00:00:01.623000;2016-01-28T00:00:01.753000;2ce4c690-2bb1-430d-a761-9fa23e833696;394.49;0.01;SELL
2016-01-28T00:00:01.623000;2016-01-28T00:00:01.753000;65eea8cd-7973-4970-88d4-9fe344fb34a1;394.49;0.01;SELL
2016-01-28T00:00:01.623000;2016-01-28T00:00:01.753000;2fb1be53-c7eb-4236-b117-58afc2de9e49;394.49;0.01;SELL
2016-01-28T00:00:01.627000;2016-01-28T00:00:01.753000;55298351-c89b-4b94-973d-ea1b40bbd94f;394.49;0.01;SELL
2016-01-28T00:00:01.627000;2016-01-28T00:00:01.753000;c0102591-3fe0-4842-8641-d49dd6293974;394.49;0.077;SELL
2016-01-28T00:00:01.627000;2016-01-28T00:00:01.770000;52240fc3-1020-45f0-81bc-f28d51948f44;394.48;0.01;SELL
2016-01-28T00:00:01.627000;2016-01-28T00:00:01.770000;764403d9-cdc6-45e2-b95d-a95437669a01;394.48;0.01;SELL
2016-01-28T00:00:01.627000;2016-01-28T00:00:01.770000;7c128ec7-6320-40c3-9702-02324ab4ece3;394.48;0.01;SELL
2016-01-28T00:00:01.627000;2016-01-28T00:00:01.770000;74800ca0-814e-472d-9227-d0a87996bb99;394.48;0.01;SELL
2016-01-28T00:00:01.627000;2016-01-28T00:00:01.770000;779c971d-8a37-4728-9f80-afa306624a91;394.48;0.01;SELL
2016-01-28T00:00:01.627000;2016-01-28T00:00:01.770000;e5f07d0d-d8c5-4d6b-aea1-9763b39dc6b4;394.48;0.01;SELL
2016-01-28T00:00:01.627000;2016-01-28T00:00:01.770000;af3aba9f-442d-4d1a-85a9-3b7ec0ca0ad0;394.48;0.01;SELL
2016-01-28T00:00:01.627000;2016-01-28T00:00:01.817000;70ae05ac-dc3c-4101-adb8-4991e78cbf09;394.48;0.01;SELL
2016-01-28T00:00:01.627000;2016-01-28T00:00:01.833000;a6ad52c2-35b3-4697-9783-7af6306cc14f;394.48;0.01;SELL
2016-01-28T00:00:01.627000;2016-01-28T00:00:01.833000;520e2080-9cf3-4a70-b805-725b1d62c6b9;394.48;0.098;SELL
2016-01-28T00:00:01.627000;2016-01-28T00:00:01.833000;9b884007-2260-4ad0-9639-44df9fc90208;394.47;0.01;SELL
2016-01-28T00:00:01.627000;2016-01-28T00:00:01.833000;688a3a0e-9030-4c33-9cb2-477c9571718c;394.47;0.01;SELL
2016-01-28T00:00:01.627000;2016-01-28T00:00:01.833000;bdc80605-4284-41aa-83c3-1251d3bd6500;394.46;0.01;SELL
2016-01-28T00:00:01.627000;2016-01-28T00:00:01.833000;be0eeff8-7724-405a-862e-40e08d2715d7;394.46;0.01;SELL
2016-01-28T00:00:01.627000;2016-01-28T00:00:01.833000;88838ec8-4914-47c9-a853-48c592cd95cc;394.46;0.01;SELL
2016-01-28T00:00:01.630000;2016-01-28T00:00:01.833000;f710eaeb-99b2-4856-8487-ee64b55e825d;394.46;0.01;SELL
2016-01-28T00:00:01.630000;2016-01-28T00:00:01.833000;f3098a0c-2ac2-437d-b74d-64e3ee57cdc4;394.46;0.01;SELL
2016-01-28T00:00:01.630000;2016-01-28T00:00:01.833000;6075efc2-3e15-401e-bd4b-0a38c1c5e859;394.46;0.01;SELL
2016-01-28T00:00:01.630000;2016-01-28T00:00:01.833000;91f96ef7-dd25-4462-a0d6-9468dc03b7f7;394.45;0.01;SELL
2016-01-28T00:00:01.630000;2016-01-28T00:00:01.833000;5a3298b2-2128-4432-80a7-8760ff93010f;394.45;0.01;SELL
2016-01-28T00:00:01.630000;2016-01-28T00:00:01.833000;58b32d67-91c0-4a5c-860e-d396291567bb;394.45;0.01;SELL
2016-01-28T00:00:01.630000;2016-01-28T00:00:01.833000;418ef538-7cd9-4d6e-a8bc-169e2e022447;394.45;0.01;SELL
2016-01-28T00:00:01.630000;2016-01-28T00:00:01.833000;8fb064fb-a55d-4f53-9dc1-7b1e3cf0b866;394.45;0.01;SELL
2016-01-28T00:00:01.630000;2016-01-28T00:00:01.833000;15cfdd5e-4ef2-4e9c-920d-53d958993586;394.45;0.01;SELL
2016-01-28T00:00:01.630000;2016-01-28T00:00:01.833000;d4d5b3eb-d6f5-4372-9b0f-379014babfe3;394.45;0.01;SELL
2016-01-28T00:00:01.630000;2016-01-28T00:00:01.833000;059c0439-eb41-4a19-a2ee-9f764372a0bf;394.45;0.01;SELL
2016-01-28T00:00:01.630000;2016-01-28T00:00:01.833000;0cb79dbd-9e18-47f3-9dd4-94d4a8f21cc4;394.44;0.01;SELL
2016-01-28T00:00:01.630000;2016-01-28T00:00:01.833000;0c253409-4979-43e3-8395-e3f0b915bcf0;394.44;0.01;SELL
2016-01-28T00:00:01.630000;2016-01-28T00:00:01.833000;21d7534b-f38f-4719-a5e2-1a803d1d4edc;394.43;0.01;SELL
2016-01-28T00:00:01.630000;2016-01-28T00:00:01.833000;84b6a65b-e51a-4db2-80c9-76f47f2cfac4;394.43;0.01;SELL
2016-01-28T00:00:01.630000;2016-01-28T00:00:01.847000;89ac30ea-27f2-4c5e-be2f-5faeca460e19;394.43;0.079;SELL
2016-01-28T00:00:01.630000;2016-01-28T00:00:01.847000;f9825317-466d-4507-915e-be18a75dcc24;394.42;0.01;SELL
2016-01-28T00:00:01.633000;2016-01-28T00:00:01.847000;96f074bf-e914-42e1-9c15-b1b7cf8e9a88;394.42;0.077;SELL
2016-01-28T00:00:01.633000;2016-01-28T00:00:01.847000;65ddef2b-7893-418d-8e0c-79f1d3e714ba;394.37;0.01;SELL
2016-01-28T00:00:01.633000;2016-01-28T00:00:01.847000;b8d9fd63-f858-459a-876c-e315983b611f;394.37;0.01;SELL
2016-01-28T00:00:01.633000;2016-01-28T00:00:01.847000;0ff0ec11-6b0e-43a0-8c61-d5a6e5cb19c5;394.37;0.214;SELL
2016-01-28T00:00:01.633000;2016-01-28T00:00:01.847000;cf10f1bd-0048-4cc4-892e-016cc5056a4e;394.35;4.42066;SELL
2016-01-28T00:00:31.673000;2016-01-28T00:00:31.690000;a19fdd9c-785f-4146-8dfb-b3097dced4f5;394.51;0.13264;BUY
2016-01-28T00:01:01.557000;2016-01-28T00:01:01.567000;832a5856-5d88-44ea-8fdb-c01d68339c68;394.5;0.05749;BUY
2016-01-28T00:01:31.847000;2016-01-28T00:01:31.863000;eafb4142-0f47-4ccd-9f97-b4336cfc7bdd;394.54;0.8;BUY
2016-01-28T00:01:31.847000;2016-01-28T00:01:31.863000;ed59c0ba-ff8a-4740-a457-ec767fb1e19e;394.57;0.01;BUY
2016-01-28T00:01:31.847000;2016-01-28T00:01:31.863000;d9db9bc4-f04d-4e9f-897f-0c58c76418c2;394.57;0.01;BUY
2016-01-28T00:01:31.847000;2016-01-28T00:01:31.863000;85bc7f0b-ac60-456e-bf36-75d8856cd003;394.57;0.01;BUY
2016-01-28T00:01:31.847000;2016-01-28T00:01:31.940000;558327cb-a5c1-409a-b258-f8bf6fb6f657;394.58;0.01;BUY
2016-01-28T00:01:31.847000;2016-01-28T00:01:31.940000;9595ae5b-d588-4859-8a4e-fea64383746c;394.58;0.01;BUY
2016-01-28T00:01:31.847000;2016-01-28T00:01:31.940000;e545431d-bc99-4ce0-b7f8-3d9091ecd233;394.58;0.55583;BUY
2016-01-28T00:02:01.667000;2016-01-28T00:02:01.677000;2b4e1c06-31f0-4eb4-961e-a80474d48f76;394.49;0.25;SELL
2016-01-28T00:02:01.667000;2016-01-28T00:02:01.677000;ea1d4321-39ad-4934-9142-f5b7cefd23aa;394.45;0.01;SELL
2016-01-28T00:02:01.667000;2016-01-28T00:02:01.677000;f15ab7d5-fbd1-4c35-9c01-070f81253fa8;394.44;0.42;SELL
2016-01-28T00:02:01.667000;2016-01-28T00:02:01.690000;45e6bbe8-70e3-4365-8746-2503df3155d2;394.42;0.72558;SELL
2016-01-28T00:02:32.453000;2016-01-28T00:02:32.457000;0ce001e8-2d2d-414f-9355-ce7b94850f8f;394.55;1.84051;BUY
2016-01-28T00:03:01.530000;2016-01-28T00:03:01.537000;72892926-c4c3-4556-81b9-1d6edf9b0c1c;394.41;0.01;SELL
2016-01-28T00:03:01.530000;2016-01-28T00:03:01.550000;469e8cac-cab4-4583-b137-125173608f35;394.4;0.0125;SELL
2016-01-28T00:03:01.530000;2016-01-28T00:03:01.550000;a4fb90ae-1268-4a7a-907d-c583421cbd37;394.4;0.01;SELL
2016-01-28T00:03:01.530000;2016-01-28T00:03:01.550000;82584c9a-9f71-4b7d-8300-62fd589e931a;394.4;0.01;SELL
2016-01-28T00:03:01.533000;2016-01-28T00:03:01.550000;88d27831-5936-4c32-ac92-fa63ae1fc644;394.4;0.01;SELL
2016-01-28T00:03:01.533000;2016-01-28T00:03:01.567000;734a43b4-80b4-4b0e-9ac5-bfb67b68e0d9;394.4;0.01;SELL
2016-01-28T00:03:01.533000;2016-01-28T00:03:01.567000;82c9d574-6c95-4b4c-b63b-32da8722ac8d;394.4;0.01;SELL
2016-01-28T00:03:01.533000;2016-01-28T00:03:01.567000;3c5a60e8-1bbd-4ba9-a4b3-696116202223;394.39;0.32;SELL
2016-01-28T00:03:01.533000;2016-01-28T00:03:01.567000;46dc4c44-12d4-4a4c-a85b-2fc0d11d3d7f;394.36;0.077;SELL
2016-01-28T00:03:01.533000;2016-01-28T00:03:01.567000;e4f6159f-ff7b-41b3-8f3e-9b5157860062;394.34;0.129;SELL
2016-01-28T00:03:01.533000;2016-01-28T00:03:01.567000;45faa416-839c-431e-abdd-8cc3bb17c2fd;394.32;1.0;SELL
2016-01-28T00:03:01.533000;2016-01-28T00:03:01.567000;20822369-253f-4ba4-9108-b01d3bd36609;394.31;1.394;SELL
2016-01-28T00:04:00.460000;2016-01-28T00:04:00.503000;b73eab28-2b41-42fe-a617-85e85a290fa6;394.45;0.01;BUY
2016-01-28T00:04:00.460000;2016-01-28T00:04:00.517000;e5eba71f-49e4-4a68-b2e8-65a272bdc7a5;394.45;0.24;BUY
2016-01-28T00:04:01.533000;2016-01-28T00:04:01.597000;58e3927b-f3aa-4f4a-af07-c72d51a1b0b1;394.41;0.01;SELL
2016-01-28T00:04:01.533000;2016-01-28T00:04:01.597000;3ec8b68b-becc-4f7f-87fe-3930d2687e5a;394.41;0.094;SELL
2016-01-28T00:04:01.533000;2016-01-28T00:04:01.597000;870c0a1d-06fa-4c6e-9213-bd2835cf8ce9;394.38;0.936;SELL
2016-01-28T00:04:01.533000;2016-01-28T00:04:01.597000;7e0d52b5-b2c0-4b60-a079-2fdc2d73724e;394.37;0.75472;SELL
2016-01-28T00:04:31.750000;2016-01-28T00:04:31.800000;190a02c5-da5e-47e5-a844-5d0017049ecc;394.36;0.72473164;SELL
2016-01-28T00:04:31.750000;2016-01-28T00:04:31.813000;40bb9003-5656-41be-9aba-9f0414285f1e;394.36;0.208;SELL
2016-01-28T00:04:31.750000;2016-01-28T00:04:31.813000;a20911f0-4c31-4830-afed-706ae112e3a1;394.34;4.09067836;SELL
2016-01-28T00:05:01.620000;2016-01-28T00:05:01.660000;b930c7bb-311e-43fa-9ef4-7ed20eaedd2f;394.37;0.25;BUY
2016-01-28T00:05:01.620000;2016-01-28T00:05:01.673000;09e5339b-6b9e-4423-9cbd-35c9224fa5c5;394.41;0.13355;BUY
2016-01-28T00:06:00.553000;2016-01-28T00:06:00.597000;6ae99056-8940-4c61-8091-93d02927b7a1;394.43;0.18734;BUY
2016-01-28T00:06:01.680000;2016-01-28T00:06:01.720000;5a7c647a-0a07-4693-8bbe-5ea19e6eb4af;394.43;0.09266;BUY
2016-01-28T00:06:01.680000;2016-01-28T00:06:01.720000;5713b02c-3121-4a6e-81ac-04075bd5a8f4;394.44;0.06144;BUY
2016-01-28T00:06:05.010000;2016-01-28T00:06:05.050000;dde4399e-5515-4ab1-af71-27fe48c53cc1;394.44;0.25;BUY
2016-01-28T00:06:05.010000;2016-01-28T00:06:05.063000;8af012b5-75fc-41ed-8a28-21d460d00e2e;394.44;0.26582;BUY
2016-01-28T00:06:31.447000;2016-01-28T00:06:31.503000;eeb4b1f1-1b03-4ddd-a758-e197a31d91b4;394.43;0.42;BUY
2016-01-28T00:06:31.447000;2016-01-28T00:06:31.503000;4648a658-ac98-48ad-94c8-9d84297b2d75;394.43;0.21839;BUY
2016-01-28T00:06:33.327000;2016-01-28T00:06:33.360000;c15191bf-66a8-4973-8abd-baff7729b8ad;394.45;0.05016;BUY
2016-01-28T00:07:50.923000;2016-01-28T00:07:50.957000;a44514f9-2b36-421c-b076-55678909a049;394.44;0.15712;BUY
2016-01-28T00:08:01.470000;2016-01-28T00:08:01.503000;e0b57398-f50c-4819-8ec5-a74aec8cc7a1;394.44;0.09288;BUY
2016-01-28T00:08:01.470000;2016-01-28T00:08:01.533000;44cf8f34-ea38-4554-983f-fc5b58c15965;394.46;0.01;BUY
2016-01-28T00:08:01.470000;2016-01-28T00:08:01.533000;419d709b-ab8c-47fd-8cdd-563e96505f05;394.46;0.01;BUY
2016-01-28T00:08:01.473000;2016-01-28T00:08:01.550000;bc3bb3d3-4faa-4339-afe9-57d614da8338;394.48;0.01;BUY
2016-01-28T00:08:01.473000;2016-01-28T00:08:01.550000;dc6102df-bd47-4861-a735-789a0302b87f;394.48;0.01;BUY
2016-01-28T00:08:01.473000;2016-01-28T00:08:01.550000;badc965b-c791-48e7-9340-4ba320188d5c;394.49;0.01;BUY
2016-01-28T00:08:01.473000;2016-01-28T00:08:01.550000;d182fb83-9ec5-4eae-a7ea-a01adfe96dc7;394.5;0.01;BUY
2016-01-28T00:08:01.473000;2016-01-28T00:08:01.550000;fa24beba-352b-409c-955a-170b61908d28;394.5;0.43895;BUY
2016-01-28T00:08:31.367000;2016-01-28T00:08:31.393000;888a866a-d777-4bcd-877b-a660260a638e;394.5;0.22054;BUY
2016-01-28T00:08:31.367000;2016-01-28T00:08:31.410000;b5282bd3-910a-48a4-a01a-4c3e9d78e6c8;394.5;2.04636;BUY
2016-01-28T00:09:01.570000;2016-01-28T00:09:01.597000;2a42fb43-0813-4967-8e3e-433f58b7ecf3;394.41;0.177;SELL
2016-01-28T00:09:01.570000;2016-01-28T00:09:01.610000;496bfc96-9f3c-46b0-bc0a-2314547ccdce;394.4;0.5;SELL
2016-01-28T00:09:01.570000;2016-01-28T00:09:01.610000;134dcc42-c374-4905-a924-08aedd257611;394.4;0.25;SELL
2016-01-28T00:09:01.570000;2016-01-28T00:09:01.610000;8298f8c0-898b-44a8-8a81-73dc572e2be8;394.38;0.01;SELL
2016-01-28T00:09:01.570000;2016-01-28T00:09:01.610000;7eee10b5-bf8a-404e-8368-c8952070b861;394.38;0.00425;SELL
2016-01-28T00:09:21.870000;2016-01-28T00:09:21.893000;b9c60a58-44e1-4ff2-a297-3aef6028f877;394.54;0.1;BUY
2016-01-28T00:09:31.680000;2016-01-28T00:09:31.707000;0005b23a-b290-46b7-ac2b-4cc5fd011f7a;394.54;0.0891;BUY
2016-01-28T00:09:32.267000;2016-01-28T00:09:32.300000;17923ec7-7925-4547-90d6-a48305517cd0;394.54;0.35;BUY
2016-01-28T00:10:01.467000;2016-01-28T00:10:01.503000;600b7d3a-8447-47f9-8450-d35e9df914b1;394.56;0.25;BUY
2016-01-28T00:10:01.467000;2016-01-28T00:10:01.503000;d4616c52-9fe6-4c6d-9a4d-c2816a2cdb49;394.56;0.14;BUY
2016-01-28T00:10:01.467000;2016-01-28T00:10:01.503000;a9738bc6-6e89-4832-86c4-1913fb5a02e4;394.57;0.40925;BUY
2016-01-28T00:10:04.803000;2016-01-28T00:10:04.847000;99b8f089-adab-483a-92f3-5592422392e3;394.59;0.01;BUY
2016-01-28T00:10:04.807000;2016-01-28T00:10:04.847000;6c9068c2-15ba-4694-bf99-a9012e6346d9;394.59;0.01;BUY
2016-01-28T00:10:04.807000;2016-01-28T00:10:04.860000;99e4ac81-3e3b-44f0-a250-6997fb08b1cf;394.59;0.01;BUY
2016-01-28T00:10:04.807000;2016-01-28T00:10:04.860000;2908206a-d270-4456-8d91-71948e7b32a9;394.59;0.01;BUY
2016-01-28T00:10:04.807000;2016-01-28T00:10:04.860000;e16847b0-a10d-46fd-9bb5-1eb020388ca7;394.59;0.01;BUY
2016-01-28T00:10:04.807000;2016-01-28T00:10:04.860000;86b67a67-d25a-4880-a1ed-67342b1e8500;394.59;0.01;BUY
2016-01-28T00:10:04.807000;2016-01-28T00:10:04.877000;a0756f03-830e-4cda-86f3-082275feb676;394.59;0.01;BUY
2016-01-28T00:10:04.807000;2016-01-28T00:10:04.877000;ed9bdb7f-1275-4245-bf5d-c02394ec2a4e;394.59;0.01;BUY
2016-01-28T00:10:04.807000;2016-01-28T00:10:04.877000;64c8a8c7-e813-4e12-b165-07c2f038cf27;394.59;0.01;BUY
2016-01-28T00:10:04.807000;2016-01-28T00:10:04.877000;81eeaa95-90c6-4709-912c-d6c928fe10cc;394.59;0.01;BUY
2016-01-28T00:10:04.807000;2016-01-28T00:10:04.877000;10deb44b-86d0-499e-afa8-e8897042cdd6;394.59;0.01;BUY
2016-01-28T00:10:04.807000;2016-01-28T00:10:04.877000;697c4ee5-aece-4953-82ea-464dbba6c258;394.59;0.01;BUY
2016-01-28T00:10:04.807000;2016-01-28T00:10:04.877000;164e20d6-6a42-4b74-a8dd-717829bb808d;394.6;0.01;BUY
2016-01-28T00:10:04.807000;2016-01-28T00:10:04.877000;44ab133b-a6e3-407e-ba01-bc0ab1eae918;394.6;0.01;BUY
2016-01-28T00:10:04.807000;2016-01-28T00:10:04.893000;7e360345-c28b-4e1c-861c-98063f79f802;394.6;0.01;BUY
2016-01-28T00:10:04.807000;2016-01-28T00:10:04.893000;25f5634e-d038-4859-bc61-e6b9a43beab4;394.6;0.01;BUY
2016-01-28T00:10:04.807000;2016-01-28T00:10:04.893000;b5042545-7c31-41b1-99ed-1e2a9df4743c;394.6;0.01;BUY
2016-01-28T00:10:04.807000;2016-01-28T00:10:04.910000;c616e361-ddf5-4a9e-a993-e596c1fa2d81;394.6;0.03992;BUY
2016-01-28T00:10:20.987000;2016-01-28T00:10:21.017000;59296ce9-c5ef-440b-9f21-a69fabf01d66;394.51;0.84;BUY
2016-01-28T00:10:20.987000;2016-01-28T00:10:21.033000;a5a149c0-51eb-4804-9061-450d7f024e9a;394.52;1.71;BUY
2016-01-28T00:10:31.517000;2016-01-28T00:10:31.550000;e4f0b3e2-0fd6-485a-887b-8ed04aba4186;394.6;0.14;BUY
2016-01-28T00:10:31.517000;2016-01-28T00:10:31.550000;1110dcc4-ae8c-4cf6-bd15-d7a41726de15;394.61;0.01;BUY
2016-01-28T00:10:31.517000;2016-01-28T00:10:31.550000;844e3c9f-29a2-4986-a421-af569dfe4964;394.61;0.01;BUY
2016-01-28T00:10:31.517000;2016-01-28T00:10:31.550000;499d2af7-cf2a-4ba1-9522-3580e5567cb3;394.61;0.00222;BUY
2016-01-28T00:10:36.430000;2016-01-28T00:10:36.457000;513ba997-9546-4171-88ae-082279ea69d5;394.53;0.07;BUY
2016-01-28T00:10:40.853000;2016-01-28T00:10:40.877000;96e781ee-a7dd-4865-bd8d-6d4b05ab41b5;394.53;0.03918927;BUY
2016-01-28T00:11:01.333000;2016-01-28T00:11:01.377000;9973ebee-4b4e-4eca-8afd-25ab252d77bc;394.54;0.06;BUY
2016-01-28T00:11:01.670000;2016-01-28T00:11:01.690000;b80dc64d-dfbc-4830-9c38-ac0559cc571f;394.54;0.31;BUY
2016-01-28T00:11:01.670000;2016-01-28T00:11:01.707000;e00acbb6-ecbc-49ad-bb65-6b19b83db3a1;394.55;0.137;BUY
2016-01-28T00:11:01.670000;2016-01-28T00:11:01.707000;205e5681-3c76-4c06-b657-7442898db843;394.56;0.03306;BUY
2016-01-28T00:11:31.447000;2016-01-28T00:11:31.470000;dc3774b1-e743-490a-b6b2-d54c92e69ef0;394.58;0.37;SELL
2016-01-28T00:11:31.447000;2016-01-28T00:11:31.487000;b977d438-32d4-41ea-b4df-15ca2e17437d;394.56;0.25;SELL
2016-01-28T00:11:31.447000;2016-01-28T00:11:31.487000;a43d7f6f-1c56-4ad7-8e70-2df56892101b;394.47;1.82;SELL
2016-01-28T00:11:31.447000;2016-01-28T00:11:31.487000;135c5cf2-3959-4657-9068-0637b753c513;394.46;0.085;SELL
2016-01-28T00:11:31.447000;2016-01-28T00:11:31.487000;e33f26fa-eb4c-4990-bf5a-a98044e2b1a0;394.46;1.27604;SELL
2016-01-28T00:11:41.050000;2016-01-28T00:11:41.097000;098d2af3-b65b-4744-8dc3-57d9db746601;394.6;0.07;BUY
2016-01-28T00:12:01.617000;2016-01-28T00:12:01.643000;e93cc4c5-e74e-4796-b99f-48e3216dc3bb;394.52;0.14;SELL
2016-01-28T00:12:01.617000;2016-01-28T00:12:01.660000;b87bf0e1-bf6c-407c-8251-ab0df5149ccc;394.51;0.123;SELL
2016-01-28T00:12:01.617000;2016-01-28T00:12:01.660000;a466c7fb-c975-4b0b-987c-1ecd67c91fd8;394.51;0.0433;SELL
2016-01-28T00:12:31.397000;2016-01-28T00:12:31.423000;9a6e031a-da5d-49d8-b49b-544f796c5655;394.6;0.03;BUY
2016-01-28T00:12:31.397000;2016-01-28T00:12:31.440000;8f10d66a-3a49-4d23-b790-4b77286473b5;394.6;0.2;BUY
2016-01-28T00:12:31.397000;2016-01-28T00:12:31.440000;2e126945-6aaf-497e-ba6b-a7ed236e873b;394.61;0.00778;BUY
2016-01-28T00:12:31.397000;2016-01-28T00:12:31.440000;a1b7807c-d38d-4bcd-a841-3bcf31509d8c;394.61;0.01;BUY
2016-01-28T00:12:31.400000;2016-01-28T00:12:31.440000;0a1d00c1-27c0-4dad-9aa3-072804c0a64f;394.61;0.01;BUY
2016-01-28T00:12:31.400000;2016-01-28T00:12:31.533000;579b858c-3de3-4602-846e-014eb5b99f3b;394.61;0.01;BUY
2016-01-28T00:12:31.400000;2016-01-28T00:12:31.533000;add66f0d-e97c-4510-aa0f-0bf87ff17318;394.62;0.01;BUY
2016-01-28T00:12:31.400000;2016-01-28T00:12:31.533000;b80013ec-d49f-4582-bfd9-6feb63302487;394.62;0.01;BUY
2016-01-28T00:12:31.400000;2016-01-28T00:12:31.533000;566bd3fd-d3ca-4b3e-a81b-265c4e232dbf;394.62;0.01;BUY
2016-01-28T00:12:31.400000;2016-01-28T00:12:31.533000;e5d3d469-c35d-4f7a-afd3-59f284db7c90;394.62;0.01;BUY
2016-01-28T00:12:31.400000;2016-01-28T00:12:31.533000;77edbe97-ab23-4a94-941c-c408febbb357;394.62;0.01;BUY
2016-01-28T00:12:31.400000;2016-01-28T00:12:31.533000;91b4da51-ffbc-423d-b72f-5e27e704de2b;394.62;0.01;BUY
2016-01-28T00:12:31.400000;2016-01-28T00:12:31.533000;3062208e-1faa-45c2-880a-18041e4e4b04;394.62;0.01;BUY
2016-01-28T00:12:31.400000;2016-01-28T00:12:31.533000;2c36dfa1-dbea-4238-a990-428c4f7ceec4;394.62;0.04;BUY
2016-01-28T00:12:31.400000;2016-01-28T00:12:31.533000;411cb5b4-8408-40c8-a0e1-2ebe8458d2e2;394.63;0.01;BUY
2016-01-28T00:12:31.400000;2016-01-28T00:12:31.533000;da5dff7c-ae34-4b7e-80c6-794fa5330494;394.63;0.01;BUY
2016-01-28T00:12:31.400000;2016-01-28T00:12:31.533000;1f3a2de7-eadd-443e-b326-75674c07a86c;394.63;0.01;BUY
2016-01-28T00:12:31.400000;2016-01-28T00:12:31.533000;ab23aa42-6e4b-4b21-aada-7daf36e630e5;394.63;0.01;BUY
2016-01-28T00:12:31.400000;2016-01-28T00:12:31.533000;b6fe2e14-cad7-4412-88fa-5453af4b5e06;394.63;0.01;BUY
2016-01-28T00:12:31.400000;2016-01-28T00:12:31.533000;07a18911-81d8-4958-96f5-b7687d1d301b;394.63;0.01;BUY
2016-01-28T00:12:31.400000;2016-01-28T00:12:31.533000;7ed1383a-9610-42d8-a4ed-7633dea1761f;394.63;0.01;BUY
2016-01-28T00:12:31.400000;2016-01-28T00:12:31.533000;e6e38fc8-9755-492f-92fc-6a6fa413f232;394.63;0.01;BUY
2016-01-28T00:12:31.403000;2016-01-28T00:12:31.533000;5919bb73-5274-4aac-87b4-bb5b8d385be2;394.63;0.01;BUY
2016-01-28T00:12:31.403000;2016-01-28T00:12:31.533000;0a430a90-9ba9-41f3-b819-8bd8ec929036;394.63;0.01;BUY
2016-01-28T00:12:31.403000;2016-01-28T00:12:31.533000;d5c2756d-ce95-40cf-9d5f-82fa8ebd46fa;394.63;0.01;BUY
2016-01-28T00:12:31.403000;2016-01-28T00:12:31.533000;f1dfe157-b093-4d0c-b730-c1d89bda9fdb;394.63;0.01;BUY
2016-01-28T00:12:31.403000;2016-01-28T00:12:31.533000;5744f341-4112-4387-9503-ea3fc1bec88e;394.63;0.01;BUY
2016-01-28T00:12:31.403000;2016-01-28T00:12:31.533000;505419b0-0cd1-411b-8cb3-99f0dd0537bc;394.63;0.01;BUY
2016-01-28T00:12:31.403000;2016-01-28T00:12:31.533000;22c1a86b-4c84-4a59-a6fb-9089979aff1f;394.63;0.01;BUY
2016-01-28T00:12:31.403000;2016-01-28T00:12:31.533000;074251c3-b482-4a55-b3d9-f43b0c631b27;394.63;0.01;BUY
2016-01-28T00:12:31.403000;2016-01-28T00:12:31.550000;654f3dc7-3c8f-49d5-a1fa-7811f41fb49e;394.63;0.01;BUY
2016-01-28T00:12:31.403000;2016-01-28T00:12:31.550000;753f03e3-b276-4696-bca4-1c53c3cce47e;394.63;0.01;BUY
2016-01-28T00:12:31.403000;2016-01-28T00:12:31.550000;ac9d94cb-79cb-4b65-a7cc-827a99bf2dc9;394.63;0.01;BUY
2016-01-28T00:12:31.403000;2016-01-28T00:12:31.550000;13c8d472-71ca-4601-88ea-164abe132bb8;394.63;0.01;BUY
2016-01-28T00:12:31.403000;2016-01-28T00:12:31.550000;e7549e26-e55b-40d0-8783-172002b2d2c0;394.63;0.01;BUY
2016-01-28T00:12:31.403000;2016-01-28T00:12:31.550000;069b1da8-6de7-40b6-a532-38dda399f351;394.63;0.01;BUY
2016-01-28T00:12:31.403000;2016-01-28T00:12:31.550000;c4307c4a-e183-44e7-839f-17120eb3f105;394.63;0.01;BUY
2016-01-28T00:12:31.403000;2016-01-28T00:12:31.550000;c24307c1-3506-4eb6-9cb4-3a5448f44284;394.63;0.01;BUY
2016-01-28T00:12:31.403000;2016-01-28T00:12:31.550000;0e44ad2f-ad48-4004-9945-525c4f529e63;394.63;0.01;BUY
2016-01-28T00:12:31.403000;2016-01-28T00:12:31.613000;6e465d0f-5201-4d93-bd42-90ba0071f7bb;394.63;0.25;BUY
2016-01-28T00:12:31.407000;2016-01-28T00:12:31.627000;2b003772-dd80-406c-9def-25a5114ac8ca;394.63;0.093;BUY
2016-01-28T00:12:31.407000;2016-01-28T00:12:31.627000;cf23f0ef-df0a-4631-b110-a5289c0a6575;394.66;0.093;BUY
2016-01-28T00:12:31.407000;2016-01-28T00:12:31.627000;adbd896a-0647-46ea-abdb-132ebc94c76a;394.67;0.01;BUY
2016-01-28T00:12:31.407000;2016-01-28T00:12:31.627000;92182959-998c-41c4-a588-e75f25950ba3;394.68;0.01;BUY
2016-01-28T00:12:31.407000;2016-01-28T00:12:31.627000;4ccc2694-987f-4a76-92ad-ca1938acae13;394.68;0.073;BUY
2016-01-28T00:12:31.407000;2016-01-28T00:12:31.627000;1003877a-ddff-454d-a992-65c62670413c;394.69;0.096;BUY
2016-01-28T00:12:31.407000;2016-01-28T00:12:31.627000;f7e906dd-39f9-4703-9722-953f5d08afbf;394.7;0.107;BUY
2016-01-28T00:12:31.407000;2016-01-28T00:12:31.627000;5e1a9368-5558-4d40-9bd7-b02e3398690f;394.73;0.079;BUY
2016-01-28T00:12:31.407000;2016-01-28T00:12:31.627000;4249cb0a-9d5c-40f3-9f9b-7ee5833e7757;394.73;0.25032;BUY
2016-01-28T00:12:31.407000;2016-01-28T00:12:31.627000;4b017d8e-9a43-42d2-9e9d-e60cedc76745;394.75;1.0;BUY
2016-01-28T00:12:31.407000;2016-01-28T00:12:31.627000;256be181-ae1e-42e0-ba4b-430d62f43ddb;394.78;3.64;BUY
2016-01-28T00:12:31.407000;2016-01-28T00:12:31.627000;5bca0535-a934-46c5-ad07-d62d544b1bb7;394.78;2.0;BUY
2016-01-28T00:12:31.407000;2016-01-28T00:12:31.627000;26eac9b7-ada0-45a1-bebd-1eabc6947ca1;394.79;0.41133;BUY
2016-01-28T00:13:01.600000;2016-01-28T00:13:01.627000;2d3677cb-27c8-4239-a410-6bb7029c9665;394.63;0.01;SELL
2016-01-28T00:13:01.600000;2016-01-28T00:13:01.627000;2829539b-ad1b-45dd-9827-af6fad531a5c;394.61;0.01;SELL
2016-01-28T00:13:01.600000;2016-01-28T00:13:01.643000;8db0c311-16e7-4bff-8ff6-0fcad003b58c;394.58;0.26;SELL
2016-01-28T00:13:01.603000;2016-01-28T00:13:01.643000;b0e98fb4-f830-4b12-bca3-923f19955ff9;394.58;0.14;SELL
2016-01-28T00:13:01.603000;2016-01-28T00:13:01.643000;2793ab86-f700-437b-b94d-5097da4804a6;394.58;0.25;SELL
2016-01-28T00:13:01.603000;2016-01-28T00:13:01.643000;ccfe1b63-2e24-43b9-843d-e987812f8877;394.57;0.28;SELL
2016-01-28T00:13:01.603000;2016-01-28T00:13:01.643000;9acadf9f-5888-42ee-8f92-86655b6a17cd;394.56;0.01;SELL
2016-01-28T00:13:01.603000;2016-01-28T00:13:01.643000;94b0670a-307f-410c-a9cb-c70314614acf;394.55;0.84;SELL
2016-01-28T00:13:01.603000;2016-01-28T00:13:01.643000;dfb2eb63-e08f-4560-8642-2c14d8d784c5;394.54;0.6167;SELL
2016-01-28T00:13:17.137000;2016-01-28T00:13:17.160000;619b30d4-51a5-4eb0-b937-a76d92ea1f37;394.69;0.01;BUY
2016-01-28T00:13:17.137000;2016-01-28T00:13:17.173000;28c0d9d6-a04b-41a5-a17e-e47c44dad44d;394.69;0.06;BUY
2016-01-28T00:13:31.550000;2016-01-28T00:13:31.580000;181c1f1e-77be-4d33-b5a3-c80f86e91e02;394.67;0.12312;BUY
2016-01-28T00:14:01.417000;2016-01-28T00:14:01.440000;2049c118-b8de-47f3-be7b-74d2c7a0147e;394.57;0.01;SELL
2016-01-28T00:14:01.417000;2016-01-28T00:14:01.457000;3ccd8cd4-2981-4746-81e3-b8c54f80bd56;394.56;0.04;SELL
2016-01-28T00:14:01.417000;2016-01-28T00:14:01.457000;5f85e604-b676-46c5-b951-7d96e98de118;394.52;0.01;SELL
2016-01-28T00:14:01.417000;2016-01-28T00:14:01.457000;199b0e43-eaa3-4457-b986-d4043a78efc6;394.52;0.01;SELL
2016-01-28T00:14:01.417000;2016-01-28T00:14:01.457000;04d139f3-2ac6-4cc8-99c6-76982a13c378;394.52;0.01;SELL
2016-01-28T00:14:01.417000;2016-01-28T00:14:01.470000;a5a4a2ee-a230-43dd-812a-ab74d4bb1da6;394.52;0.01;SELL
2016-01-28T00:14:01.417000;2016-01-28T00:14:01.470000;f506e532-6541-481f-a515-d8f23617165f;394.52;0.01;SELL
2016-01-28T00:14:01.417000;2016-01-28T00:14:01.470000;aaee8a4f-1f4f-492f-b6bf-3ae038e7e03c;394.52;0.01;SELL
2016-01-28T00:14:01.417000;2016-01-28T00:14:01.470000;6f7721ae-e5be-479d-be17-41f88f35d29c;394.51;0.01;SELL
2016-01-28T00:14:01.417000;2016-01-28T00:14:01.470000;2dac8093-bb55-484a-90a2-6804c1fdd2c2;394.51;0.01;SELL
2016-01-28T00:14:01.417000;2016-01-28T00:14:01.470000;f44a8013-ad92-4560-8bca-60b2ce45a25a;394.51;0.01;SELL
2016-01-28T00:14:01.417000;2016-01-28T00:14:01.470000;acb113ca-57a2-41ec-8618-23413a3d1330;394.49;0.01;SELL
2016-01-28T00:14:01.420000;2016-01-28T00:14:01.470000;a65a7b2f-0b5b-447e-babd-d05b6dbe2bf7;394.49;0.10042;SELL
2016-01-28T00:14:14.113000;2016-01-28T00:14:14.143000;4dff318b-9303-46d4-9cd3-e1891ae52e63;394.51;0.05;SELL
2016-01-28T00:14:31.550000;2016-01-28T00:14:31.563000;aff214f6-0fe3-4d74-a2ce-523f096a8edb;394.6;0.27396;BUY
2016-01-28T00:15:31.550000;2016-01-28T00:15:31.580000;beb9de82-25d3-4412-ac40-773391ee794f;394.58;0.28;BUY
2016-01-28T00:15:31.550000;2016-01-28T00:15:31.580000;8a9483d7-510c-4bda-a01c-66f8ff349e56;394.59;0.04;BUY
2016-01-28T00:15:31.550000;2016-01-28T00:15:31.580000;ac163847-4621-44a8-9833-7a68d893977e;394.59;0.69913;BUY
2016-01-28T00:16:31.427000;2016-01-28T00:16:31.440000;80c3a248-f888-426c-8410-c6fe25eaeaba;394.49;0.01705;BUY
2016-01-28T00:17:31.353000;2016-01-28T00:17:31.377000;257dc6e2-f3ab-48fe-8322-d378484db2c9;394.5;0.28;BUY
2016-01-28T00:17:31.353000;2016-01-28T00:17:31.377000;1eb8ea5c-180d-4ac5-a90b-980e60cc9eb8;394.51;1.35943;BUY
2016-01-28T00:18:01.440000;2016-01-28T00:18:01.440000;a5d1172c-d06f-4b57-ad91-8d15b6977f94;394.46;0.01;SELL
2016-01-28T00:18:01.440000;2016-01-28T00:18:01.457000;5bd18592-bb53-4198-826b-41cd26134690;394.45;0.1;SELL
2016-01-28T00:18:01.440000;2016-01-28T00:18:01.457000;022ccaf1-75ec-49e5-ab61-8db36d15c937;394.42;0.01;SELL
2016-01-28T00:18:01.440000;2016-01-28T00:18:01.457000;f8a8e5cb-775b-4352-8847-396cd84c98a0;394.41;0.01;SELL
2016-01-28T00:18:01.440000;2016-01-28T00:18:01.470000;070db343-53ac-4f67-975d-eda8ff930361;394.41;0.01;SELL
2016-01-28T00:18:01.440000;2016-01-28T00:18:01.470000;0306b3f3-d277-4388-acb5-dd006cf933c5;394.41;0.01;SELL
2016-01-28T00:18:01.440000;2016-01-28T00:18:01.470000;56c76a7c-f83e-4fc1-a177-7f38764c5ede;394.41;0.01;SELL
2016-01-28T00:18:01.440000;2016-01-28T00:18:01.470000;be4587ed-168c-49c1-be5e-153f5ef5b0b1;394.41;0.01;SELL
2016-01-28T00:18:01.440000;2016-01-28T00:18:01.470000;a213aab3-9a97-40c8-884f-d0d4b67a8f31;394.41;0.01;SELL
2016-01-28T00:18:01.440000;2016-01-28T00:18:01.470000;4595ee70-fd23-4338-b82b-16fe1e93d2cf;394.41;0.04;SELL
2016-01-28T00:18:01.440000;2016-01-28T00:18:01.487000;075de4d5-1185-4669-b5ee-fcf1d42ba608;394.41;0.115;SELL
2016-01-28T00:18:01.440000;2016-01-28T00:18:01.487000;8f1d1b97-1b56-46a9-ba52-e1e611a2e7aa;394.41;0.08538;SELL
2016-01-28T00:18:31.467000;2016-01-28T00:18:31.540000;a7f9de33-4ed8-4a72-95ec-a06c60f7fbf4;394.46;0.22184;BUY
2016-01-28T00:19:01.493000;2016-01-28T00:19:01.553000;20eb5de1-5890-40f9-8bda-05279af4cb92;394.44;0.028;BUY
2016-01-28T00:19:31.467000;2016-01-28T00:19:31.523000;c97088bc-42d7-4eb4-84f0-ce8e5c0ff740;394.41;0.01;SELL
2016-01-28T00:19:31.467000;2016-01-28T00:19:31.540000;f189be30-a26c-449a-8138-ec536975b631;394.4;0.01;SELL
2016-01-28T00:19:31.467000;2016-01-28T00:19:31.540000;787eebac-cea5-47fd-8b93-b62d2a216939;394.4;0.01;SELL
2016-01-28T00:19:31.467000;2016-01-28T00:19:31.540000;54ca576f-d90d-4786-baab-c604403259de;394.4;0.00136;SELL
2016-01-28T00:20:01.460000;2016-01-28T00:20:01.507000;519952c1-c1dc-41f0-aeef-b9231c562fdb;394.4;0.00864;SELL
2016-01-28T00:20:01.460000;2016-01-28T00:20:01.523000;21ab1d74-8f35-4002-abeb-4ac25ac2ea7e;394.4;0.01;SELL
2016-01-28T00:20:01.460000;2016-01-28T00:20:01.523000;f22ecf37-0373-4d54-ae1f-c4497a4c817e;394.4;0.01;SELL
2016-01-28T00:20:01.460000;2016-01-28T00:20:01.523000;40bf0d01-bd78-4334-b9c2-3f479834fc70;394.4;0.01;SELL
2016-01-28T00:20:01.460000;2016-01-28T00:20:01.540000;2a218dd7-d08d-4815-b3b5-bd8ee533222b;394.4;0.01;SELL
2016-01-28T00:20:01.460000;2016-01-28T00:20:01.540000;05a7abfc-e643-46c5-bd52-40b58fed7103;394.4;0.01;SELL
2016-01-28T00:20:01.460000;2016-01-28T00:20:01.540000;04043b0c-fb48-401d-a0dd-eda92e8b1c4c;394.4;0.01;SELL
2016-01-28T00:20:01.460000;2016-01-28T00:20:01.570000;824e1e51-1e93-4e8b-9e27-ae93db084fbb;394.4;0.01;SELL
2016-01-28T00:20:01.460000;2016-01-28T00:20:01.587000;2fa79fa6-6b36-4ef3-90e8-08edba097583;394.4;0.01;SELL
2016-01-28T00:20:01.460000;2016-01-28T00:20:01.587000;21ebf571-82f3-4e47-922f-4a9e8cfb0320;394.4;0.01;SELL
2016-01-28T00:20:01.460000;2016-01-28T00:20:01.587000;2d198341-9221-4d70-961e-6ca6a36d86ab;394.4;0.01;SELL
2016-01-28T00:20:01.460000;2016-01-28T00:20:01.587000;c6f28831-bc74-4ecc-8a70-da899b32572d;394.4;0.0125;SELL
2016-01-28T00:20:01.460000;2016-01-28T00:20:01.587000;2fb24f6a-ed9d-412b-a5e7-3761c6045813;394.4;0.1;SELL
2016-01-28T00:20:01.460000;2016-01-28T00:20:01.587000;bdfdacee-9021-4b66-b7ad-e61c6b955ad7;394.39;0.01;SELL
2016-01-28T00:20:01.460000;2016-01-28T00:20:01.587000;2c5fac95-e0d5-46bf-9f0d-d71e650831cf;394.39;0.01;SELL
2016-01-28T00:20:01.460000;2016-01-28T00:20:01.587000;df5720ac-93e9-4665-acbe-4d118d1e655f;394.38;0.123;SELL
2016-01-28T00:20:01.460000;2016-01-28T00:20:01.587000;08f229e1-e1a7-4072-98ea-11dff364a2f7;394.35;0.078;SELL
2016-01-28T00:20:01.463000;2016-01-28T00:20:01.587000;3f44b885-6411-41d7-9985-375e44185170;394.33;0.70469;SELL
2016-01-28T00:21:01.703000;2016-01-28T00:21:01.757000;d9a642aa-bc28-4310-bf18-39dedd47899f;394.3;0.01;SELL
2016-01-28T00:21:01.703000;2016-01-28T00:21:01.773000;70b2a4e1-d43e-4bb1-985d-cee2707f8627;394.3;0.091;SELL
2016-01-28T00:21:01.703000;2016-01-28T00:21:01.773000;176e516d-31ac-41b9-b238-739010e5bed3;394.28;0.01;SELL
2016-01-28T00:21:01.703000;2016-01-28T00:21:01.773000;2b63f282-10c2-4253-801f-397b42fcd65f;394.27;0.081;SELL
2016-01-28T00:21:01.703000;2016-01-28T00:21:01.773000;7b21b0ce-fe99-49bc-8d9b-fc0499ccebaa;394.24;0.089;SELL
2016-01-28T00:21:01.703000;2016-01-28T00:21:01.773000;17ed19ac-2343-46cf-8eba-494bbb706ef7;394.19;0.073;SELL
2016-01-28T00:21:01.703000;2016-01-28T00:21:01.773000;c95a7444-c15b-4cc2-8bc9-0c2057b5299c;394.18;0.01;SELL
2016-01-28T00:21:01.703000;2016-01-28T00:21:01.773000;14fe7fe9-0181-4349-89b2-06552a7dbf22;394.18;0.122;SELL
2016-01-28T00:21:01.703000;2016-01-28T00:21:01.790000;596e8589-ee05-4543-9fca-8dd3bda9f0f1;394.18;3.78773;SELL
2016-01-28T00:21:31.500000;2016-01-28T00:21:31.553000;6a5135f7-8033-4d0f-acd5-c7027d3aae0a;394.33;0.13326;BUY
2016-01-28T00:21:42.337000;2016-01-28T00:21:42.383000;9fdbfcfc-e332-43e0-8e3d-67602d77cbbc;394.28;0.42;BUY
2016-01-28T00:21:42.337000;2016-01-28T00:21:42.400000;b5ade96f-eb18-4029-92b1-2e53f162c73b;394.28;0.25;BUY
2016-01-28T00:22:01.693000;2016-01-28T00:22:01.757000;9bc7f886-05d3-4709-bfc8-20f0b8687370;394.43;0.04;BUY
2016-01-28T00:22:01.693000;2016-01-28T00:22:01.757000;cf8ee58c-ff0e-4cc4-a654-dc64b3e5c5cb;394.43;0.25;BUY
2016-01-28T00:22:01.697000;2016-01-28T00:22:01.757000;15d0a081-9482-4947-b616-14b6c503a0a2;394.44;0.01;BUY
2016-01-28T00:22:01.697000;2016-01-28T00:22:01.757000;8eee78f5-aad2-4b2e-89f1-14c8cfaeca20;394.44;10.38564;BUY
2016-01-28T00:22:31.613000;2016-01-28T00:22:31.697000;35d7b4b5-77c4-4bf6-942d-c5208ce0745c;394.34;0.46608;SELL
2016-01-28T00:22:39.060000;2016-01-28T00:22:39.117000;51feba08-58f6-4b6a-a612-c4d8f63ef708;394.43;0.05;BUY
2016-01-28T00:22:52.510000;2016-01-28T00:22:52.553000;2e71615e-6430-4017-a911-8a39357fdf08;394.39;0.09;BUY
2016-01-28T00:22:59.093000;2016-01-28T00:22:59.150000;771a03a4-b776-4551-8a76-08a4da0e5d90;394.43;0.02;BUY
2016-01-28T00:23:01.447000;2016-01-28T00:23:01.493000;b172f756-b181-418b-b9a2-be57b9b3ed79;394.4;0.3;BUY
2016-01-28T00:23:01.447000;2016-01-28T00:23:01.507000;297d5442-b30c-438f-aff4-df5792fa8ad7;394.41;6.07989;BUY
2016-01-28T00:23:31.553000;2016-01-28T00:23:31.600000;e0ae9d59-f361-46c6-ba9e-7b9936990ff5;394.44;0.01;BUY
2016-01-28T00:23:31.553000;2016-01-28T00:23:31.617000;4337aa2c-10fe-41e3-936b-ca027d2b40f2;394.45;0.01;BUY
2016-01-28T00:23:31.553000;2016-01-28T00:23:31.617000;f84c83d0-1764-49df-af37-54e97ef4d1cc;394.45;0.01;BUY
2016-01-28T00:23:31.553000;2016-01-28T00:23:31.617000;202dd6b8-df1a-4af1-9cba-c032d7bda5fe;394.45;0.01;BUY
2016-01-28T00:23:31.553000;2016-01-28T00:23:31.617000;f99809de-4585-4426-9f07-45a041ce71a8;394.45;0.01;BUY
2016-01-28T00:23:31.553000;2016-01-28T00:23:31.617000;dd70c7dd-b921-48a2-b7e8-c474f78b08d5;394.45;0.01;BUY
2016-01-28T00:23:31.553000;2016-01-28T00:23:31.633000;f38ec389-d8b7-4fb0-98f4-8d89daff4447;394.45;0.01;BUY
2016-01-28T00:23:31.553000;2016-01-28T00:23:31.650000;da275831-1e5f-4ead-831c-ed71c243aa5a;394.45;0.01;BUY
2016-01-28T00:23:31.557000;2016-01-28T00:23:31.650000;1e466e52-756a-49e0-bc2e-64388dd60916;394.45;0.18;BUY
2016-01-28T00:23:31.557000;2016-01-28T00:23:31.650000;95c1cbd3-9c78-40d4-b6b0-86eadd945eb7;394.46;0.01;BUY
2016-01-28T00:23:31.557000;2016-01-28T00:23:31.650000;35226d98-8375-446f-a28e-7e25a91371a4;394.46;0.01;BUY
2016-01-28T00:23:31.557000;2016-01-28T00:23:31.650000;57cf84dd-4e39-4b6a-88f9-9cfc18614478;394.46;0.01;BUY
2016-01-28T00:23:31.557000;2016-01-28T00:23:31.697000;e7658186-fe89-42ae-acf2-468c5cb23cb2;394.46;0.01;BUY
2016-01-28T00:23:31.557000;2016-01-28T00:23:31.697000;164c2c5f-b792-4100-9f70-4eac6e3c221f;394.46;0.01;BUY
2016-01-28T00:23:31.557000;2016-01-28T00:23:31.697000;66a3d11a-409e-4a12-b658-3a2e89d81fac;394.46;0.01;BUY
2016-01-28T00:23:31.557000;2016-01-28T00:23:31.697000;a5691789-2d93-4beb-a00f-0768e916d9d4;394.46;0.01;BUY
2016-01-28T00:23:31.557000;2016-01-28T00:23:31.710000;436b0e71-426d-4735-a022-2daa974a8999;394.46;0.01;BUY
2016-01-28T00:23:31.557000;2016-01-28T00:23:31.710000;f12c46d1-563a-4b1b-a234-13faca91fd16;394.47;0.25;BUY
2016-01-28T00:23:31.557000;2016-01-28T00:23:31.710000;acd580f9-c371-4ad6-a182-10f198fade24;394.48;0.01;BUY
2016-01-28T00:23:31.557000;2016-01-28T00:23:31.710000;be6b3523-6d33-4f23-8088-efcc9bc4a951;394.49;0.01;BUY
2016-01-28T00:23:31.557000;2016-01-28T00:23:31.710000;3f3bfd4a-ff79-4f8d-9b87-2258a69fac33;394.49;4.91428;BUY
2016-01-28T00:24:01.537000;2016-01-28T00:24:01.587000;507c2fe8-14d3-4d6d-9e85-f8c50359d890;394.46;0.06263;SELL
2016-01-28T00:24:31.547000;2016-01-28T00:24:31.587000;c18680c5-a4c4-4805-afc4-864f420edf21;394.5;0.1;BUY
2016-01-28T00:24:31.547000;2016-01-28T00:24:31.600000;70c7cca9-d458-405d-b4fb-ec14ea79681f;394.53;0.01599;BUY
2016-01-28T00:25:01.550000;2016-01-28T00:25:01.587000;035cc45f-df18-4ee1-865d-5193597a16f4;394.59;0.04;BUY
2016-01-28T00:25:01.550000;2016-01-28T00:25:01.617000;c6985ea5-fa10-47dd-8a36-0abd4a5875e9;394.59;0.093;BUY
2016-01-28T00:25:01.550000;2016-01-28T00:25:01.617000;d3a8ed73-7721-4126-8949-3fc958addd1c;394.6;0.01;BUY
2016-01-28T00:25:01.550000;2016-01-28T00:25:01.617000;fe97199c-33ad-4be6-b5ef-a24a5f2f171e;394.6;0.04512;BUY
2016-01-28T00:25:32.457000;2016-01-28T00:25:32.507000;da3f7e35-909b-4ceb-851a-e0801102e0a5;394.64;0.01;BUY
2016-01-28T00:25:32.457000;2016-01-28T00:25:32.523000;ad681b49-e9b5-4f47-ab4e-d887e2965bb7;394.64;0.093;BUY
2016-01-28T00:25:32.457000;2016-01-28T00:25:32.523000;af60e737-46a6-4e9e-a6fb-3269adbc1e07;394.65;0.01;BUY
2016-01-28T00:25:32.460000;2016-01-28T00:25:32.540000;5c293372-6ebe-480f-adde-f25447cea0b8;394.67;0.093;BUY
2016-01-28T00:25:32.460000;2016-01-28T00:25:32.540000;6b662f54-6bfc-4826-ae5d-fe3d0b227aeb;394.7;0.097;BUY
2016-01-28T00:25:32.460000;2016-01-28T00:25:32.540000;289e0b12-0e3d-4b4e-9113-388b373f8dc4;394.71;0.01;BUY
2016-01-28T00:25:32.460000;2016-01-28T00:25:32.540000;6aa65d07-3f54-4e5e-883a-a3f4e8a6a7cb;394.73;0.118;BUY
2016-01-28T00:25:32.460000;2016-01-28T00:25:32.540000;d46bcc4e-7e58-49da-8797-c0c8fa968a82;394.76;0.113;BUY
2016-01-28T00:25:32.460000;2016-01-28T00:25:32.540000;1fc7034f-850b-40bd-9384-0abf3d6dfb9b;394.78;0.01;BUY
2016-01-28T00:25:32.460000;2016-01-28T00:25:32.553000;7bd343f1-9da4-43c4-aa24-0078393f4405;394.79;0.096;BUY
2016-01-28T00:25:32.460000;2016-01-28T00:25:32.553000;9b3d52f2-7be2-47d6-a5dc-512c85ceb291;394.8;0.1;BUY
2016-01-28T00:25:32.460000;2016-01-28T00:25:32.553000;5b3a30e4-345c-4272-87d3-4fb87a38cd38;394.82;0.01;BUY
2016-01-28T00:25:32.460000;2016-01-28T00:25:32.553000;e27b4054-851a-43a0-8f8a-daa3e98010fa;394.82;0.01;BUY
2016-01-28T00:25:32.460000;2016-01-28T00:25:32.553000;844b8ed7-1170-4196-bf00-cc5ba4f1c42a;394.82;0.01;BUY
2016-01-28T00:25:32.460000;2016-01-28T00:25:32.553000;fbe7385a-5ac3-4938-b502-63ec04150036;394.82;0.01;BUY
2016-01-28T00:25:32.460000;2016-01-28T00:25:32.553000;40262177-aa91-4411-9a5b-e4190aa7525c;394.82;0.01;BUY
2016-01-28T00:25:32.460000;2016-01-28T00:25:32.570000;fed1963b-b45d-4c5a-a8c4-a63c738b1ee1;394.82;0.01;BUY
2016-01-28T00:25:32.460000;2016-01-28T00:25:32.570000;2ce6ae8c-b840-4e83-b4ae-72ce77e93904;394.82;0.01;BUY
2016-01-28T00:25:32.460000;2016-01-28T00:25:32.570000;15d14a66-2298-4e5c-a642-3ac9785cba39;394.82;0.114;BUY
2016-01-28T00:25:32.460000;2016-01-28T00:25:32.570000;16a4780a-39e6-4683-969f-764ab2bc26b5;394.83;0.01;BUY
2016-01-28T00:25:32.463000;2016-01-28T00:25:32.570000;1ac7a475-cda3-4727-85ca-41f3479cd9e6;394.83;0.01;BUY
2016-01-28T00:25:32.463000;2016-01-28T00:25:32.617000;338b5ce1-1b3f-4995-9271-ac272c7266a0;394.83;0.01;BUY
2016-01-28T00:25:32.463000;2016-01-28T00:25:32.617000;82be8cd4-48d6-4c31-813e-de39dede89b4;394.84;0.01;BUY
2016-01-28T00:25:32.463000;2016-01-28T00:25:32.617000;83c737b9-4fae-476a-8742-8808242abc5a;394.84;0.01;BUY
2016-01-28T00:25:32.463000;2016-01-28T00:25:32.617000;2d7e88a0-3bf4-43e6-a95f-14cdc22802f1;394.85;0.01;BUY
2016-01-28T00:25:32.463000;2016-01-28T00:25:32.617000;fd97781a-40fc-4159-81d9-93be11efe9d4;394.85;0.01;BUY
2016-01-28T00:25:32.463000;2016-01-28T00:25:32.617000;e38b8118-3484-484c-8218-6fcfcda9e4e6;394.85;0.108;BUY
2016-01-28T00:25:32.463000;2016-01-28T00:25:32.617000;b6cc7fa1-be2e-45a0-abeb-1a0669b128da;394.85;0.28464;BUY
2016-01-28T00:26:02.053000;2016-01-28T00:26:02.087000;d3fe1b9e-0814-4794-931d-2f55462b9f1d;394.74;0.30235;BUY
2016-01-28T00:26:38.760000;2016-01-28T00:26:38.803000;ae802a3f-dd73-46ac-83a2-0e676d065add;394.73;0.01;SELL
2016-01-28T00:27:04.643000;2016-01-28T00:27:04.680000;de1fd8dd-a677-489b-83d1-a86e70d15749;394.64;0.01;SELL
2016-01-28T00:27:04.643000;2016-01-28T00:27:04.697000;1bdc0713-182f-46b9-8037-e374a3a97e46;394.63;0.01;SELL
2016-01-28T00:27:04.643000;2016-01-28T00:27:04.697000;7836f068-bf3b-4d25-9a8d-08555c749b0e;394.61;0.005;SELL
2016-01-28T00:28:01.713000;2016-01-28T00:28:01.743000;257fca2c-9a9a-468c-af7e-b96ebcab8b7f;394.6;0.01;SELL
2016-01-28T00:28:01.713000;2016-01-28T00:28:01.757000;f6b04a85-8aaa-400f-900e-b709a11f3deb;394.6;0.01;SELL
2016-01-28T00:28:01.713000;2016-01-28T00:28:01.757000;2232674e-fd4c-4c5c-a79b-7f5ec993eb2f;394.59;0.01;SELL
2016-01-28T00:28:01.713000;2016-01-28T00:28:01.757000;3634497a-d609-426a-bd68-91241934c66f;394.56;0.01;SELL
2016-01-28T00:28:01.713000;2016-01-28T00:28:01.757000;6502eefb-674d-4dcf-a632-61b9dae9e3f7;394.56;0.03569;SELL
2016-01-28T00:28:31.503000;2016-01-28T00:28:31.540000;e4028ad6-1847-463d-8f59-f9a31c2447b6;394.5;0.0125;SELL
2016-01-28T00:28:31.503000;2016-01-28T00:28:31.553000;99a1f665-0f68-4abf-bcd8-5880f4ac13ca;394.45;0.08;SELL
2016-01-28T00:28:31.503000;2016-01-28T00:28:31.570000;ecbc5bfd-4a3f-4933-b16e-8d271ba30508;394.45;0.25;SELL
2016-01-28T00:28:31.503000;2016-01-28T00:28:31.570000;4ede8a52-ae0e-4809-a3a7-8d93d08af9a8;394.4;0.25;SELL
2016-01-28T00:28:31.503000;2016-01-28T00:28:31.570000;33bbe9a8-f643-4729-bb8a-4cc2d9669a3a;394.39;0.8;SELL
2016-01-28T00:28:31.503000;2016-01-28T00:28:31.570000;2798d237-8bff-48e1-9da5-f9deadb592cc;394.38;0.28;SELL
2016-01-28T00:28:31.503000;2016-01-28T00:28:31.570000;1efd705d-79fb-4d57-a6fb-935402ea8a25;394.34;0.099;SELL
2016-01-28T00:28:31.503000;2016-01-28T00:28:31.570000;baa7d81b-0df8-44c0-bdbf-b9e1f7fca967;394.33;0.01;SELL
2016-01-28T00:28:31.503000;2016-01-28T00:28:31.570000;924c9d9b-df7f-4b39-a93e-6d34d29635fa;394.31;0.083;SELL
2016-01-28T00:28:31.503000;2016-01-28T00:28:31.570000;03ea4f89-3e0f-4ae2-a284-3e8f675b2d50;394.26;8.50448;SELL
2016-01-28T00:29:01.577000;2016-01-28T00:29:01.603000;26e6e9a5-4413-461e-9135-1ae0604fe780;394.4;0.37141;BUY
2016-01-28T00:29:31.427000;2016-01-28T00:29:31.460000;ad696eb7-9f01-4eae-8002-10e763f1182c;394.4;0.42672;BUY
2016-01-28T00:29:40.160000;2016-01-28T00:29:40.197000;d4e7bf43-3f21-41a4-aa1d-9dcfbe365833;394.39;0.01;SELL
2016-01-28T00:29:40.160000;2016-01-28T00:29:40.210000;2199760d-17b7-497d-a97f-425a6bbf068c;394.38;0.01;SELL
2016-01-28T00:29:40.160000;2016-01-28T00:29:40.210000;ce607019-d910-494b-90a8-89c2bb059ecc;394.36;0.005;SELL
2016-01-28T00:30:04.750000;2016-01-28T00:30:04.773000;85d3ce5e-045c-4d76-9bc7-c3613eda25fd;394.36;0.63875;BUY
2016-01-28T00:30:31.657000;2016-01-28T00:30:31.697000;441d39d8-a4b7-4ffb-9d6f-b8b9a84429dd;394.36;0.21;BUY
2016-01-28T00:30:31.657000;2016-01-28T00:30:31.697000;491f4c00-80b1-43de-8778-5aa8b1ca24fb;394.39;1.49636;BUY
2016-01-28T00:31:01.707000;2016-01-28T00:31:01.743000;3dcb02d0-b3aa-49dc-9126-bb21830b9774;394.36;0.25;BUY
2016-01-28T00:31:01.707000;2016-01-28T00:31:01.743000;c8fe910a-205f-4fc4-abe7-771fa19c9c70;394.39;0.25963;BUY
2016-01-28T00:31:31.693000;2016-01-28T00:31:31.710000;93a7242c-3b87-4c56-803f-61ad949923c0;394.36;0.24927;BUY
2016-01-28T00:32:01.707000;2016-01-28T00:32:01.743000;f22ce9ec-ecf0-4259-8ac3-6ea55826473b;394.35;0.01;SELL
2016-01-28T00:32:01.707000;2016-01-28T00:32:01.743000;76cac6ae-921b-4af1-8ce0-de3c5b88ddb3;394.24;1.0;SELL
2016-01-28T00:32:01.707000;2016-01-28T00:32:01.743000;586f4e95-55ee-4fff-9c74-f13463507911;394.24;0.25;SELL
2016-01-28T00:32:01.707000;2016-01-28T00:32:01.743000;c0d37520-43e5-4bbf-b802-d60eb38222c3;394.23;0.01;SELL
2016-01-28T00:32:01.707000;2016-01-28T00:32:01.743000;6f4a0295-2e83-4702-af57-04d8270e4a79;394.23;0.01;SELL
2016-01-28T00:32:01.707000;2016-01-28T00:32:01.757000;250ea0c8-df00-49a7-86d0-cf17a3eafd83;394.23;0.01;SELL
2016-01-28T00:32:01.707000;2016-01-28T00:32:01.757000;c5653fa7-10cd-40a2-a220-c778bc5ea6d2;394.23;0.53879;SELL
2016-01-28T00:32:30.177000;2016-01-28T00:32:30.210000;2c8f86a0-4fb4-4ec9-8b8c-c54c3f50c71b;394.29;0.025;SELL
2016-01-28T00:32:31.723000;2016-01-28T00:32:31.757000;b70ee7e7-c88d-436c-a740-9fe5ed397ee8;394.41;0.03041;BUY
2016-01-28T00:33:01.487000;2016-01-28T00:33:01.507000;4b88be8b-6594-4f28-9927-8bae64c2d58c;394.45;0.01;BUY
2016-01-28T00:33:01.487000;2016-01-28T00:33:01.540000;578a86de-3e8a-43fa-946c-77fecf997836;394.45;0.01;BUY
2016-01-28T00:33:01.487000;2016-01-28T00:33:01.540000;be0c3fc9-cd3e-4a39-ac2a-9952af016cd8;394.45;0.01;BUY
2016-01-28T00:33:01.487000;2016-01-28T00:33:01.540000;383c9bf1-1543-41b9-b395-5a1278a165c9;394.45;0.25;BUY
2016-01-28T00:33:01.487000;2016-01-28T00:33:01.540000;11d57ec0-44e7-4e2b-b3f3-f60c3bf2a15a;394.46;0.01;BUY
2016-01-28T00:33:01.487000;2016-01-28T00:33:01.540000;cc469295-66b8-41a9-b250-3bf5123d43cf;394.46;0.01;BUY
2016-01-28T00:33:01.487000;2016-01-28T00:33:01.540000;31d17e70-08c6-4769-bfd2-782262a65a06;394.46;0.01;BUY
2016-01-28T00:33:01.487000;2016-01-28T00:33:01.540000;5e4cf505-eff0-40f5-92a0-4355df2407fe;394.46;0.01;BUY
2016-01-28T00:33:01.487000;2016-01-28T00:33:01.540000;fc1a704f-08f0-4721-94aa-acdb536c4f13;394.46;0.01;BUY
2016-01-28T00:33:01.490000;2016-01-28T00:33:01.540000;d7ff80df-0da9-460d-b3f1-5994a9476b18;394.46;0.01;BUY
2016-01-28T00:33:01.490000;2016-01-28T00:33:01.557000;8c90bb14-e5a6-4ee3-aaa8-c554eaa3bb0b;394.46;0.01;BUY
2016-01-28T00:33:01.490000;2016-01-28T00:33:01.557000;83663253-571f-4fae-9b70-c68383c76037;394.46;0.09883;BUY
2016-01-28T00:33:31.480000;2016-01-28T00:33:31.507000;09ab0e4b-9ea1-45c6-a201-77dbca6293f3;394.32;0.01;SELL
2016-01-28T00:33:31.483000;2016-01-28T00:33:31.507000;b638c5bd-3ee1-41ec-aa89-cf025a17e8f8;394.26;0.48684;SELL
2016-01-28T00:34:01.560000;2016-01-28T00:34:01.603000;919cdbe1-54cd-4d37-9ea5-03fb34f214cf;394.4;0.01;BUY
2016-01-28T00:34:01.560000;2016-01-28T00:34:01.603000;e45b1964-14c4-4434-9c71-63df620df7f2;394.41;0.25;BUY
2016-01-28T00:34:01.560000;2016-01-28T00:34:01.603000;b521954d-e46a-4edc-9438-c5e899a54dd6;394.44;0.12421;BUY
2016-01-28T00:34:32.623000;2016-01-28T00:34:32.667000;78593f46-d238-4d19-b10c-b3ba2da8c9a7;394.38;0.26768;BUY
2016-01-28T00:35:01.590000;2016-01-28T00:35:01.620000;0add12b3-0126-4dc1-ba45-dcbcab491323;394.47;0.01;BUY
2016-01-28T00:35:01.590000;2016-01-28T00:35:01.633000;9a16341a-1e34-48dd-914f-dc9424ce50b6;394.47;0.01;BUY
2016-01-28T00:35:01.590000;2016-01-28T00:35:01.633000;988c9de8-003a-496d-a0bf-037e1cfa4ff0;394.49;0.01;BUY
2016-01-28T00:35:01.590000;2016-01-28T00:35:01.633000;b987cbcd-3e81-4a8e-816d-3c80d39ee9c2;394.49;0.01;BUY
2016-01-28T00:35:01.590000;2016-01-28T00:35:01.633000;4cc30b04-d469-4ead-8f5d-ca3be29d32f8;394.49;0.01;BUY
2016-01-28T00:35:01.590000;2016-01-28T00:35:01.633000;d3594a0a-be03-4a78-a278-7f7a047217e7;394.49;0.01;BUY
2016-01-28T00:35:01.590000;2016-01-28T00:35:01.650000;d015daf4-3ea6-4033-b629-16af60cd593f;394.49;0.01;BUY
2016-01-28T00:35:01.593000;2016-01-28T00:35:01.650000;17af406b-e296-4395-9045-e54b6954e715;394.49;0.01;BUY
2016-01-28T00:35:01.593000;2016-01-28T00:35:01.650000;3886c82b-23c5-4072-af47-2b6175da1161;394.5;0.01;BUY
2016-01-28T00:35:01.593000;2016-01-28T00:35:01.650000;39b2f046-91f6-41f2-8fc7-3af6f4e47b84;394.56;0.075;BUY
2016-01-28T00:35:01.593000;2016-01-28T00:35:01.650000;5c068f9f-77cb-48e1-bc9c-628c8e16a932;394.57;0.01;BUY
2016-01-28T00:35:01.593000;2016-01-28T00:35:01.650000;33171f2d-08fa-4f5a-b773-f73780990ebd;394.57;0.76937;BUY
2016-01-28T00:35:31.573000;2016-01-28T00:35:31.620000;f1fe59d8-3eff-4ad4-8148-06f9d633031d;394.5;0.01443;BUY
2016-01-28T00:35:35.480000;2016-01-28T00:35:35.510000;daea5d8d-451e-4916-8145-644c9dfb8ce7;394.48;0.242;BUY
2016-01-28T00:35:35.513000;2016-01-28T00:35:35.557000;1c4a5bba-db49-41f7-a758-926e16cea87d;394.47;0.45012;BUY
2016-01-28T00:35:37.900000;2016-01-28T00:35:37.947000;5da5803a-c860-4bb5-bb30-f71f24263a5e;394.39;0.01;SELL
2016-01-28T00:35:45.293000;2016-01-28T00:35:45.337000;95565f6e-cf29-4b9e-9c9d-6f9cb289f45a;394.38;0.01;SELL
2016-01-28T00:35:52.610000;2016-01-28T00:35:52.650000;4ab823e6-6626-408d-9924-8a3b03272cb2;394.36;0.01;SELL
2016-01-28T00:35:52.610000;2016-01-28T00:35:52.650000;284f9766-620b-4528-8cb9-1ada506b66c7;394.36;0.015;SELL
2016-01-28T00:36:00.227000;2016-01-28T00:36:00.260000;b5cbcbe2-527c-4ffb-a539-2bbd1a382e33;394.46;0.01;BUY
2016-01-28T00:36:00.227000;2016-01-28T00:36:00.260000;4cdf4e77-3004-4566-be33-ed9ceb02bd4c;394.46;1.82;BUY
2016-01-28T00:36:00.227000;2016-01-28T00:36:00.260000;0e415985-464b-4ed9-bae9-94b599c6cb40;394.47;4.81081;BUY
2016-01-28T00:36:01.563000;2016-01-28T00:36:01.603000;4e7c2147-e794-421f-b97a-f3842ab308a0;394.44;0.98;BUY
2016-01-28T00:36:01.563000;2016-01-28T00:36:01.603000;49545e7c-3365-4095-87a5-18c458242d6d;394.57;0.01;BUY
2016-01-28T00:36:01.563000;2016-01-28T00:36:01.603000;543d0b46-d98f-4cae-a99f-e3f132a6a266;394.6;0.01;BUY
2016-01-28T00:36:01.563000;2016-01-28T00:36:01.620000;facc58b7-43ee-41a0-986c-1b5d78e7246d;394.62;0.28;BUY
2016-01-28T00:36:01.563000;2016-01-28T00:36:01.620000;f0ff13aa-4ed2-458f-9208-3019cb09c632;394.62;0.25;BUY
2016-01-28T00:36:01.563000;2016-01-28T00:36:01.620000;1f6c38e5-1996-4f23-ad44-ef437cbcabf2;394.63;1.309;BUY
2016-01-28T00:36:01.567000;2016-01-28T00:36:01.620000;e68ce53e-fab2-47b0-b3ef-9aff88a7eb47;394.66;1.356;BUY
2016-01-28T00:36:01.567000;2016-01-28T00:36:01.620000;765f4113-03f1-4d76-af59-e6728bd952eb;394.71;0.01;BUY
2016-01-28T00:36:01.567000;2016-01-28T00:36:01.620000;f74d5d7d-b096-4026-ab2e-9b399ab3dbde;394.72;1.302;BUY
2016-01-28T00:36:01.567000;2016-01-28T00:36:01.620000;308acb2d-aae1-4591-b3ef-5bc36b0a483f;394.74;6.3;BUY
2016-01-28T00:36:01.567000;2016-01-28T00:36:01.633000;cac25695-7e7a-46bf-ac4d-df8489918aac;394.75;1.315;BUY
2016-01-28T00:36:01.567000;2016-01-28T00:36:01.633000;857dba2d-a7b8-4802-b564-54b04af36dc6;394.78;1.317;BUY
2016-01-28T00:36:01.567000;2016-01-28T00:36:01.633000;dbc89625-6cf1-406c-abc2-1d2172822b45;394.79;2.78;BUY
2016-01-28T00:36:01.567000;2016-01-28T00:36:01.633000;0403dd18-30e3-4513-bd9e-18ca5b7c419c;394.8;2.57;BUY
2016-01-28T00:36:01.567000;2016-01-28T00:36:01.633000;928ca529-4673-4769-8f5d-64154ad2efde;394.81;0.01;BUY
2016-01-28T00:36:01.567000;2016-01-28T00:36:01.633000;48cced12-88f4-48c8-bad0-0320a91e9ee7;394.81;0.01;BUY
2016-01-28T00:36:01.567000;2016-01-28T00:36:01.667000;d8b324a2-f8fc-4838-a64a-a243eccbe784;394.81;1.343;BUY
2016-01-28T00:36:01.567000;2016-01-28T00:36:01.667000;ecabc16e-0b26-4349-b41a-28a6538c1497;394.82;0.01;BUY
2016-01-28T00:36:01.567000;2016-01-28T00:36:01.667000;a041295b-16d1-4a4f-9605-908d67bcc1b1;394.82;16.76;BUY
2016-01-28T00:36:01.567000;2016-01-28T00:36:01.667000;61b05560-5266-4a3b-aed0-87b2204d0afd;394.83;0.01;BUY
2016-01-28T00:36:01.567000;2016-01-28T00:36:01.667000;18d55e75-14db-4819-95b4-80fbac3b0996;394.83;1.33;BUY
2016-01-28T00:36:01.567000;2016-01-28T00:36:01.667000;d0e51f8f-5794-4883-baee-295af9519737;394.84;1.327;BUY
2016-01-28T00:36:01.567000;2016-01-28T00:36:01.667000;e1c0defb-5b86-4825-a8ca-7e91b0c92b77;394.84;0.01;BUY
2016-01-28T00:36:01.567000;2016-01-28T00:36:01.680000;596a484e-d898-482d-9123-a796cde373cc;394.85;9.401;BUY
2016-01-28T00:36:08.883000;2016-01-28T00:36:08.917000;ba889aba-47fe-445b-b513-f32411cf3e78;394.73;0.1;BUY
2016-01-28T00:36:23.907000;2016-01-28T00:36:23.947000;4f44cf9c-f70e-45a5-99db-816482bcb4c7;394.64;0.01;SELL
2016-01-28T00:36:23.907000;2016-01-28T00:36:23.947000;250666b7-f0b7-47b6-a009-c8382d383645;394.63;0.01;SELL
2016-01-28T00:36:23.907000;2016-01-28T00:36:23.947000;d4b3f988-2fff-4738-8020-a042d1122895;394.61;0.01;SELL
2016-01-28T00:36:23.907000;2016-01-28T00:36:23.947000;2440fe2e-8cab-46c1-9eb4-30ffd087a6c2;394.61;0.17;SELL
2016-01-28T00:36:34.463000;2016-01-28T00:36:34.493000;6947c3b4-59e5-487d-9e62-7c436af6c204;394.64;0.859;BUY
2016-01-28T00:36:34.463000;2016-01-28T00:36:34.493000;b8f9ab13-e900-4ae1-827c-c17fce5f1e9f;394.65;0.78926;BUY
2016-01-28T00:36:48.447000;2016-01-28T00:36:48.477000;2f3453e0-ba3d-4af9-878f-5b860cdc0a24;394.54;0.18;SELL
2016-01-28T00:37:31.507000;2016-01-28T00:37:31.557000;dcdb7f72-d491-40a8-9d84-fc8e93e791dc;394.62;0.49506;BUY
2016-01-28T00:37:49.237000;2016-01-28T00:37:49.260000;b322317d-2834-404c-9e14-ac2015bfe539;394.69;0.01;BUY
2016-01-28T00:37:49.237000;2016-01-28T00:37:49.273000;8e3d6696-3db8-4cf3-8e1d-d3ce5e37d934;394.69;0.13;BUY
2016-01-28T00:38:01.617000;2016-01-28T00:38:01.633000;4b8a09d9-ca92-4cb5-84b9-89b5822427fa;394.67;0.33914;BUY
2016-01-28T00:38:04.793000;2016-01-28T00:38:04.823000;349a0b24-7068-49d2-9cd2-cae922afca68;394.66;0.2;BUY
2016-01-28T00:38:11.797000;2016-01-28T00:38:11.823000;4b776aed-5cc9-442e-ad96-02e8a4ef7908;394.61;0.01;SELL
2016-01-28T00:38:11.797000;2016-01-28T00:38:11.837000;7c03eeab-010e-43bf-855e-774af6de9e49;394.54;0.09;SELL
2016-01-28T00:38:17.277000;2016-01-28T00:38:17.307000;ccf30c6c-68ea-441c-b4d9-74bb2b8ec881;394.56;0.1;SELL
2016-01-28T00:38:31.783000;2016-01-28T00:38:31.807000;831d94fe-5b99-4ad2-bf7c-7ea46eeebec8;394.56;1.12;SELL
2016-01-28T00:38:31.783000;2016-01-28T00:38:31.837000;3a1a851d-3ee5-4133-b843-fbc5f28925b0;394.55;0.22103;SELL
2016-01-28T00:39:05.440000;2016-01-28T00:39:05.463000;aa9f112c-b055-4ef5-be80-28b63b07abd2;394.66;0.4535;BUY
2016-01-28T00:41:01.637000;2016-01-28T00:41:01.650000;acb92455-b6f6-487e-8983-a8fca8f3fc97;394.66;0.01093;BUY
2016-01-28T00:41:39.487000;2016-01-28T00:41:39.510000;271e4213-4879-49f6-b366-36969c4db39f;394.65;0.09401;BUY
2016-01-28T00:41:39.487000;2016-01-28T00:41:39.510000;acc1d4ea-781c-4caa-b206-6915d22213b9;394.65;0.25599;BUY
2016-01-28T00:41:46.080000;2016-01-28T00:41:46.103000;d923260d-9a09-4efc-a75e-568a2cc180b1;394.62;0.3;BUY
2016-01-28T00:41:51.267000;2016-01-28T00:41:51.273000;9e96b22b-a1ba-4e9d-a303-a7117068f7f7;394.6;0.0125;SELL
2016-01-28T00:41:51.267000;2016-01-28T00:41:51.307000;1cf25b2a-5d60-4d3f-b122-9a0a67e14f07;394.57;0.0875;SELL
2016-01-28T00:42:01.737000;2016-01-28T00:42:01.760000;9afa39d1-f603-43b2-be76-9087819c43b5;394.54;0.14;SELL
2016-01-28T00:42:01.737000;2016-01-28T00:42:01.760000;7f7d21d8-64af-4803-af3e-d8d2aee8bb35;394.53;0.01;SELL
2016-01-28T00:42:01.737000;2016-01-28T00:42:01.760000;55c1c600-1931-4120-8fe6-3aba29ecd9cb;394.53;0.25;SELL
2016-01-28T00:42:01.737000;2016-01-28T00:42:01.760000;ebd7da7e-5fa3-4443-b47f-88e4d31bb985;394.53;0.39654;SELL
2016-01-28T00:42:03.777000;2016-01-28T00:42:03.807000;b131daeb-1dd7-4f67-98cb-372ec2567e81;394.55;0.01;SELL
2016-01-28T00:42:07.503000;2016-01-28T00:42:07.523000;485afe7f-9510-4c49-90b3-845eeebb0ed3;394.53;0.01;SELL
2016-01-28T00:42:11.647000;2016-01-28T00:42:11.667000;52b83089-d50a-4d35-9cfb-c757d61e82a0;394.53;0.01;SELL
2016-01-28T00:42:19.033000;2016-01-28T00:42:19.057000;0b9dbd6d-c110-4458-b6fd-54f5898db9c3;394.54;0.01;SELL
2016-01-28T00:42:22.683000;2016-01-28T00:42:22.697000;c3c9fe94-841e-41e3-974f-6e8b7311940b;394.59;0.01;SELL
2016-01-28T00:42:31.493000;2016-01-28T00:42:31.510000;6f7ee52d-9e3a-402a-b13a-90c7146e9680;394.69;0.01;BUY
2016-01-28T00:42:31.493000;2016-01-28T00:42:31.523000;34ad7c4a-dbf3-4368-aa1a-b83b9df57ab9;394.7;0.1;BUY
2016-01-28T00:42:31.493000;2016-01-28T00:42:31.523000;c5d7b5df-14ed-4c07-8fc0-0ee15654c2af;394.71;0.01;BUY
2016-01-28T00:42:31.493000;2016-01-28T00:42:31.523000;f363bcfd-1d6d-4003-9edd-0ed7290c4b9b;394.71;0.25;BUY
2016-01-28T00:42:31.493000;2016-01-28T00:42:31.523000;42cc4186-e91f-4bba-9ae7-a1c7c949ca02;394.79;0.092;BUY
2016-01-28T00:42:31.493000;2016-01-28T00:42:31.523000;d3a9a3fd-4fbb-48e6-a137-d0659d382520;394.79;0.6039;BUY
2016-01-28T00:43:01.470000;2016-01-28T00:43:01.477000;d169aea9-dff1-476c-8edb-6f2022194392;394.65;0.32728;BUY
2016-01-28T00:43:31.447000;2016-01-28T00:43:31.447000;2559102a-c74a-4ab5-ae70-9b62c4d224b5;394.65;0.1042;BUY
2016-01-28T00:43:58.737000;2016-01-28T00:43:58.777000;07f35cfb-fb92-4673-9a04-1a6a13931d26;394.68;0.025;SELL
2016-01-28T00:44:01.567000;2016-01-28T00:44:01.573000;7f2eacf9-3c8a-4330-b448-7a59e49ef861;394.73;0.417;BUY
2016-01-28T00:44:01.567000;2016-01-28T00:44:01.587000;90c4eeb7-451f-4f31-b836-f1d2bf2a163b;394.75;0.25;BUY
2016-01-28T00:44:01.567000;2016-01-28T00:44:01.587000;fb1d4e35-9b45-45a5-a2e7-0d24d51753cd;394.76;0.21583;BUY
2016-01-28T00:44:03.013000;2016-01-28T00:44:03.027000;f38aa3cf-f3f2-4b04-a7a2-201af5f55124;394.68;0.025;SELL
2016-01-28T00:44:20.633000;2016-01-28T00:44:20.650000;1a082c11-f82c-40d8-840a-f9f3ac5321a5;394.73;0.13;BUY
2016-01-28T00:44:31.563000;2016-01-28T00:44:31.587000;5ca1b28f-0fc9-46bb-905d-21ee030f61a5;394.73;0.1;BUY
2016-01-28T00:44:31.563000;2016-01-28T00:44:31.587000;3a5a7609-f011-4771-b96b-43140d08149c;394.73;0.341;BUY
2016-01-28T00:44:31.563000;2016-01-28T00:44:31.587000;6e18a538-0839-46fc-9236-37bed67c85da;394.73;1.05428;BUY
2016-01-28T00:45:04.580000;2016-01-28T00:45:04.587000;530c3a53-2938-4f75-80cd-0348e38c168d;394.76;0.635;BUY
2016-01-28T00:45:04.580000;2016-01-28T00:45:04.603000;7e0cd73e-9422-4d25-95ea-a8a632251ded;394.79;0.648;BUY
2016-01-28T00:45:04.580000;2016-01-28T00:45:04.603000;a8a66541-b3f1-4b89-8598-0c9577e8e7cd;394.8;0.1;BUY
2016-01-28T00:45:04.580000;2016-01-28T00:45:04.603000;87c26c22-b4c4-4a1e-bd02-46385c09d923;394.8;0.01;BUY
2016-01-28T00:45:04.580000;2016-01-28T00:45:04.603000;4477c0a3-8375-4c73-af8d-53464c105348;394.8;0.21382;BUY
2016-01-28T00:45:31.600000;2016-01-28T00:45:31.603000;d664dd40-3f53-4e48-8571-5b0144f6ab09;394.8;0.532;BUY
2016-01-28T00:45:31.600000;2016-01-28T00:45:31.620000;e0613b81-b444-4718-b6f4-30e2353fbe4e;394.81;0.539;BUY
2016-01-28T00:45:31.600000;2016-01-28T00:45:31.620000;4d2467ee-2f22-429b-a2e5-bc724b6ac07e;394.82;0.01;BUY
2016-01-28T00:45:31.600000;2016-01-28T00:45:31.620000;2d205c56-d9f3-480e-9104-3caf6321f9fb;394.82;0.533;BUY
2016-01-28T00:45:31.600000;2016-01-28T00:45:31.620000;fedf5206-2c01-486f-a399-511b54fddadd;394.82;0.25;BUY
2016-01-28T00:45:31.600000;2016-01-28T00:45:31.633000;8f312ce6-e118-46e8-a34b-2018c26133db;394.82;0.01;BUY
2016-01-28T00:45:31.600000;2016-01-28T00:45:31.633000;7f32d7d6-afd0-4aeb-b376-f7fbbab0185d;394.84;2.24;BUY
2016-01-28T00:45:31.600000;2016-01-28T00:45:31.633000;37bf6ae4-b2b4-477c-b41c-91726d948b39;394.85;2.87499;BUY
2016-01-28T00:46:01.833000;2016-01-28T00:46:01.837000;cd21eadf-5828-43fb-8910-173d976891a2;394.8;0.16951;SELL
2016-01-28T00:46:06.323000;2016-01-28T00:46:06.337000;342c7a8c-d97f-4b82-a110-97eefbac973e;394.87;0.01;BUY
2016-01-28T00:46:06.327000;2016-01-28T00:46:06.353000;dd4276bf-e02e-4877-aa01-3095b9496c99;394.87;0.01;BUY
2016-01-28T00:46:06.327000;2016-01-28T00:46:06.353000;967d1287-8799-4770-86c4-b90f472b23cf;394.87;0.01;BUY
2016-01-28T00:46:06.327000;2016-01-28T00:46:06.353000;7396fd02-ab41-47af-a601-b5d7e92a8ad5;394.87;0.01;BUY
2016-01-28T00:46:06.327000;2016-01-28T00:46:06.353000;3761b5e8-6743-4765-800a-674366b97bd7;394.87;25.0;BUY
2016-01-28T00:46:06.327000;2016-01-28T00:46:06.353000;686eaf95-4e10-490c-9825-7cdd34fa2306;394.87;8.82681;BUY
2016-01-28T00:46:06.327000;2016-01-28T00:46:06.370000;026b3b0d-1c3c-4ea4-b398-afd15be8f69d;394.88;0.46;BUY
2016-01-28T00:46:06.327000;2016-01-28T00:46:06.370000;991a3fdb-9df1-45ba-8939-b54343e7e2fd;394.89;0.445;BUY
2016-01-28T00:46:06.327000;2016-01-28T00:46:06.370000;22a35775-074b-4e27-9347-763854a5fa6a;394.9;0.1;BUY
2016-01-28T00:46:06.327000;2016-01-28T00:46:06.370000;a673d4c5-68f9-4768-832f-a231b6a8e99e;394.92;0.473;BUY
2016-01-28T00:46:06.330000;2016-01-28T00:46:06.370000;e4fb09a0-0c9b-4d12-bcdc-b61d2d9dc51f;394.95;0.01;BUY
2016-01-28T00:46:06.330000;2016-01-28T00:46:06.370000;aedb5007-b15a-4e27-8e3f-32ea94aa4d84;394.95;0.453;BUY
2016-01-28T00:46:06.330000;2016-01-28T00:46:06.383000;e705e98c-9b31-4495-8453-a9c00b129745;394.96;0.01;BUY
2016-01-28T00:46:06.330000;2016-01-28T00:46:06.383000;913fa1b2-9009-45e7-9111-3b49a0a7d541;394.97;0.01;BUY
2016-01-28T00:46:06.330000;2016-01-28T00:46:06.383000;10115b2f-481d-4618-a8db-f27e6c23bf52;394.97;0.677;BUY
2016-01-28T00:46:06.330000;2016-01-28T00:46:06.400000;13526db3-d1ab-4a77-ae6f-5b6686603c3c;394.97;3.9931;BUY
2016-01-28T00:46:06.330000;2016-01-28T00:46:06.400000;71b67462-a699-40cf-9229-5b239ad937ae;394.99;13.3;BUY
2016-01-28T00:46:06.330000;2016-01-28T00:46:06.400000;b18a2314-43e1-49f0-a7ad-bcfd965c0ed8;395.0;2.50209;BUY
2016-01-28T00:46:23.720000;2016-01-28T00:46:23.727000;e50c9a63-2356-4f88-9689-80c467b6cbc3;395.0;1.0;BUY
2016-01-28T00:46:28.197000;2016-01-28T00:46:28.197000;45b27df8-8d56-459c-a0f1-444addd4046e;394.98;0.352;SELL
2016-01-28T00:46:45.063000;2016-01-28T00:46:45.057000;2186c817-d2af-4ff6-bf88-3f18f3d1142e;394.99;0.13;BUY
2016-01-28T00:47:01.587000;2016-01-28T00:47:01.587000;5f474edb-37c6-47d7-9140-6365fce4e8a0;395.0;0.24867;BUY
2016-01-28T00:47:31.540000;2016-01-28T00:47:31.540000;60ba56d6-3dc0-4e01-b672-43cdfb5c4912;394.99;0.4561;BUY
2016-01-28T00:48:32.407000;2016-01-28T00:48:32.400000;824198ff-b620-4791-ab56-8c926810bd51;394.99;0.0739;BUY
2016-01-28T00:48:32.407000;2016-01-28T00:48:32.417000;e3ca8b75-f10f-492a-9714-2d25f5f6dff2;395.0;1.05894;BUY
2016-01-28T00:49:01.727000;2016-01-28T00:49:01.790000;4f1c020d-abd5-47a3-b221-ab812e2762b2;395.0;0.0629;BUY
2016-01-28T00:49:31.537000;2016-01-28T00:49:31.587000;d537fdfa-e622-4128-9d34-1f5f437c864f;395.0;42.42364;BUY
2016-01-28T00:49:36.840000;2016-01-28T00:49:36.897000;c5a55562-bc48-49a5-ad80-f2caffa7abc0;395.0;0.025;BUY
2016-01-28T00:50:01.813000;2016-01-28T00:50:01.867000;45347986-0bfb-4e92-aa47-cb000f664997;395.0;0.68367;BUY
2016-01-28T00:50:31.567000;2016-01-28T00:50:31.617000;d8e1547c-9764-456e-9c30-57b385254009;395.0;0.45984;BUY
2016-01-28T00:51:01.750000;2016-01-28T00:51:01.803000;5301fccc-6f24-4519-91eb-24d3605b2d91;395.0;1.00513;BUY
2016-01-28T00:51:43.913000;2016-01-28T00:51:43.960000;4fbcc475-5048-4a89-aeee-243038b1d7e6;394.99;0.01;SELL
2016-01-28T00:52:01.523000;2016-01-28T00:52:01.570000;85db5b6f-f680-45a1-91be-2f0b6db51081;395.0;3.91514;BUY
2016-01-28T00:53:01.587000;2016-01-28T00:53:01.633000;6abf2c69-7574-46e3-9e5b-5fdadf036f6a;395.0;0.16576;BUY
2016-01-28T00:53:22.997000;2016-01-28T00:53:23.040000;c630e8be-4d80-4e70-a6b6-ece2ddf8700e;394.99;0.025;SELL
2016-01-28T00:53:31.950000;2016-01-28T00:53:31.993000;373cfc04-1899-48df-a8b6-1946c1ed7295;395.0;0.0749;BUY
2016-01-28T00:54:01.673000;2016-01-28T00:54:01.710000;a0394722-8d4e-4e1e-a662-a2b48fce266a;395.0;0.68285;BUY
2016-01-28T00:54:31.533000;2016-01-28T00:54:31.570000;6a18a9bd-275f-4969-8092-04965e9d7cb8;395.0;0.24216;BUY
2016-01-28T00:54:39.120000;2016-01-28T00:54:39.163000;9a9804fb-3588-4274-a0dd-bf55a50b252e;395.0;2.66495;BUY
2016-01-28T00:55:31.630000;2016-01-28T00:55:31.697000;1f4a0603-feab-4d5a-81c4-18166b1e2f32;395.0;0.18669;BUY
2016-01-28T00:56:01.587000;2016-01-28T00:56:01.617000;905bf55f-9a5e-462c-8704-224f9692b123;395.0;2.01267;BUY
2016-01-28T00:56:31.583000;2016-01-28T00:56:31.617000;e449a0cc-6d90-48ba-a9c1-5e82a5e335b8;395.0;0.83289;BUY
2016-01-28T00:57:05.770000;2016-01-28T00:57:05.803000;421f7fc2-9277-4a60-ac9e-5d289154835e;395.0;0.25622;BUY
2016-01-28T00:57:30.827000;2016-01-28T00:57:30.867000;e89a4aa4-bb0b-4372-81d4-e2faba621bfc;395.0;0.02;BUY
2016-01-28T00:57:32.580000;2016-01-28T00:57:32.617000;dbbd4746-94d7-4d64-8bc2-d15ec37b8ef2;395.0;0.42096;BUY
2016-01-28T00:58:01.593000;2016-01-28T00:58:01.633000;751ea16d-59fa-4892-95d2-9266715cacdd;395.0;0.39282;BUY
2016-01-28T00:58:25.817000;2016-01-28T00:58:25.850000;481af3ac-7643-4cf9-a075-eb72423b1a0e;394.99;0.01;SELL
2016-01-28T00:58:31.600000;2016-01-28T00:58:31.647000;58fa630c-8c4e-46cc-a0e7-ed9ae0afca62;395.0;1.00652;BUY
2016-01-28T00:59:01.537000;2016-01-28T00:59:01.570000;cb25240f-8be8-4926-b45b-23a19e0c411c;395.0;0.60281;BUY
2016-01-28T00:59:31.607000;2016-01-28T00:59:31.633000;432ccd21-223b-488c-a6f9-0b9b2c8ed963;395.0;0.06546;BUY
2016-01-28T01:00:01.903000;2016-01-28T01:00:01.930000;fdedd115-2773-4a42-b9e1-d5deab99111d;395.0;0.31762;BUY
2016-01-28T01:00:31.647000;2016-01-28T01:00:31.680000;dc339659-d0fa-416e-8efe-5b6e16ca6231;395.0;0.78008;BUY
2016-01-28T01:01:01.777000;2016-01-28T01:01:01.803000;0b1b8b79-4ee7-43c7-9cdd-2be2c778c1e4;395.0;2.07973;BUY
2016-01-28T01:01:03.587000;2016-01-28T01:01:03.600000;7d393697-3aaf-4b1b-837c-fa1145198ba8;395.0;0.01;BUY
2016-01-28T01:01:31.637000;2016-01-28T01:01:31.650000;3f63b28b-9cc5-46a9-b157-ffe4ab25c0b9;395.0;0.35323;BUY
2016-01-28T01:02:01.810000;2016-01-28T01:02:01.883000;8a87e981-9b4c-4139-b087-4bf5da78912e;394.99;0.215;SELL
2016-01-28T01:02:01.810000;2016-01-28T01:02:01.883000;e4ccbea6-9323-4de3-8992-94ee7517916b;394.99;0.133;SELL
2016-01-28T01:02:01.810000;2016-01-28T01:02:01.883000;94412af0-6ed7-42f8-9bbf-c7c3e55ea842;394.98;0.141;SELL
2016-01-28T01:02:01.810000;2016-01-28T01:02:01.883000;9407a297-7fa5-4d32-9e86-22e0793a0a82;394.97;0.42;SELL
2016-01-28T01:02:01.810000;2016-01-28T01:02:01.883000;a1bb9b94-41bc-4df2-9c92-f0e28e7a77a5;394.96;0.098;SELL
2016-01-28T01:02:01.810000;2016-01-28T01:02:01.913000;3ef62ee4-9d2a-416b-935e-635beb963740;394.96;0.79254;SELL
2016-01-28T01:02:31.653000;2016-01-28T01:02:31.680000;23de4f79-bd74-4e5d-8514-df24c58f8a4f;394.99;0.05607;SELL
2016-01-28T01:03:01.660000;2016-01-28T01:03:01.680000;0fcd6771-3c64-454c-8434-307cab7b98bc;394.99;0.19393;SELL
2016-01-28T01:03:01.660000;2016-01-28T01:03:01.697000;af76caa1-b171-4ff8-94ab-a5a8b021d9aa;394.99;1.031;SELL
2016-01-28T01:03:01.660000;2016-01-28T01:03:01.697000;32337cf2-131e-4f9c-b4f2-f3db325edfe5;394.99;0.595;SELL
2016-01-28T01:03:01.660000;2016-01-28T01:03:01.697000;4fd2ffb9-4062-4cf5-a196-644c0481f9b9;394.98;8.15568;SELL
2016-01-28T01:03:31.563000;2016-01-28T01:03:31.587000;581f1444-e862-4db3-a1aa-a4052fae2dd8;395.0;3.59676;BUY
2016-01-28T01:04:01.663000;2016-01-28T01:04:01.680000;553b1654-8016-439d-b210-6a18d85658cd;395.0;2.01001;BUY
2016-01-28T01:04:31.620000;2016-01-28T01:04:31.653000;1bdcdcda-d6bf-4710-940b-86463e4b7f2e;395.0;0.63024;BUY
2016-01-28T01:05:01.617000;2016-01-28T01:05:01.653000;791d660b-ad93-4aec-9a95-ace790658877;395.0;1.37541;BUY
2016-01-28T01:05:31.977000;2016-01-28T01:05:32.013000;9e735817-5828-49a1-9ee2-b7d0c7a92da8;394.99;0.25;SELL
2016-01-28T01:05:31.977000;2016-01-28T01:05:32.013000;2dd4b908-f288-42bb-aa93-4edb29e2f72b;394.99;0.249;SELL
2016-01-28T01:05:31.977000;2016-01-28T01:05:32.030000;3768fe91-f906-45a5-9482-b6de7c6689e0;394.96;2.287;SELL
2016-01-28T01:05:31.977000;2016-01-28T01:05:32.030000;e3037a39-a1d8-46ad-937e-825fa6598898;394.96;0.09;SELL
2016-01-28T01:05:31.977000;2016-01-28T01:05:32.030000;4dc4b228-1ccf-45c4-8b5b-2072ade5bd26;394.95;0.25;SELL
2016-01-28T01:05:31.977000;2016-01-28T01:05:32.030000;b00ae526-3c1e-41a8-9ab3-6c73ec38913f;394.93;1.20518;SELL
2016-01-28T01:06:01.577000;2016-01-28T01:06:01.607000;d6132925-2280-4047-9ac9-f44aaea5ecb5;394.95;1.0;BUY
2016-01-28T01:06:01.577000;2016-01-28T01:06:01.623000;aeb10575-e224-4a4d-a966-141b19a07acd;394.99;2.50346;BUY
2016-01-28T01:06:13.937000;2016-01-28T01:06:13.967000;1509a96d-9b19-427d-b473-48ad9437bef9;394.99;1.94e-06;BUY
2016-01-28T01:06:31.550000;2016-01-28T01:06:31.577000;cc3beb81-977a-4a64-8092-5055dd51a71c;394.99;0.02904;BUY
2016-01-28T01:07:01.573000;2016-01-28T01:07:01.607000;905fb3b5-7865-4282-af45-888bf81bcc84;394.94;0.25;SELL
2016-01-28T01:07:01.573000;2016-01-28T01:07:01.623000;fd99e065-064b-48e0-9fd2-9855aa8aed24;394.94;0.116;SELL
2016-01-28T01:07:01.573000;2016-01-28T01:07:01.623000;0e7e5a4b-c241-4523-9d94-ee072eb0374b;394.92;0.0088;SELL
2016-01-28T01:08:01.540000;2016-01-28T01:08:01.560000;f40633ea-a240-4c59-8373-10e9ff78f58e;395.0;0.24779;BUY
2016-01-28T01:08:31.587000;2016-01-28T01:08:31.607000;79c22425-eb29-449d-932a-b24dd897f0c0;394.93;0.03457;SELL
2016-01-28T01:09:01.627000;2016-01-28T01:09:01.653000;31d49f35-f768-4cf3-aa5e-fd30f8da6de8;395.0;1.70169;BUY
2016-01-28T01:09:31.513000;2016-01-28T01:09:31.547000;b23db099-3e00-4899-878c-5cebb3ca0351;394.93;0.21543;SELL
2016-01-28T01:09:31.513000;2016-01-28T01:09:31.547000;d3805299-e0f8-4233-8e23-21834e560ea3;394.93;0.00406;SELL
2016-01-28T01:10:02.017000;2016-01-28T01:10:02.030000;73cdaf51-884f-4fb7-ad73-616c1dc3f7b3;394.89;1.15307;BUY
2016-01-28T01:11:01.583000;2016-01-28T01:11:01.607000;ba4654b7-5ed8-4988-82dc-a20f73736901;394.86;0.66574;BUY
2016-01-28T01:11:31.520000;2016-01-28T01:11:31.547000;8d6896b8-d7f4-4fdb-83e6-da1fca904aa4;394.86;0.33426;BUY
2016-01-28T01:11:31.520000;2016-01-28T01:11:31.560000;8926818a-0374-44f3-8b89-b6cf14f77655;394.86;0.26988;BUY
2016-01-28T01:12:01.810000;2016-01-28T01:12:01.827000;cac08c06-7c2b-4d3c-9154-bae291fecb1f;394.86;2.14346;BUY
2016-01-28T01:12:07.243000;2016-01-28T01:12:07.263000;a289d161-f047-41a1-974b-19e2ff2a9cad;394.86;2.44266;BUY
2016-01-28T01:12:07.243000;2016-01-28T01:12:07.280000;c58265e6-d2d5-4a21-bc72-cb666bbd259c;394.88;0.08;BUY
2016-01-28T01:12:07.243000;2016-01-28T01:12:07.280000;fbc726a6-7fd6-423d-a435-5a7da2881f58;394.9;4.327;BUY
2016-01-28T01:12:31.540000;2016-01-28T01:12:31.560000;6eb16009-71e3-4c74-9094-117cd293b992;394.91;1.56;SELL
2016-01-28T01:12:31.540000;2016-01-28T01:12:31.560000;86e370fa-921d-4173-a8ae-2966d7e67440;394.88;1.50755;SELL
2016-01-28T01:13:01.697000;2016-01-28T01:13:01.717000;54b0d066-1203-47a6-9020-954c5c8a6853;394.96;0.07277;SELL
2016-01-28T01:13:31.520000;2016-01-28T01:13:31.530000;e259dc1f-447c-4c2f-8afe-e0cdacb30ad9;394.97;0.24295;BUY
2016-01-28T01:14:02.887000;2016-01-28T01:14:02.920000;faaf4975-ea0b-4a3a-8bc5-f368ed0f44ba;394.96;0.17723;SELL
2016-01-28T01:14:02.887000;2016-01-28T01:14:02.920000;d1a40c80-f9a7-4e98-8328-9ab1af89d79b;394.96;0.133;SELL
2016-01-28T01:14:02.887000;2016-01-28T01:14:02.920000;bba7c625-7a04-43c0-b70f-2a8a3f18f76b;394.93;0.128;SELL
2016-01-28T01:14:02.887000;2016-01-28T01:14:02.920000;3bf99dcb-4686-4dd7-9c44-2df40ff34c2e;394.92;0.25;SELL
2016-01-28T01:14:02.887000;2016-01-28T01:14:02.920000;e9f245dc-ce52-46d1-b003-dc920143e8f2;394.9;0.07318;SELL
2016-01-28T01:14:31.563000;2016-01-28T01:14:31.577000;4979530f-1f61-4937-8892-96f4b50b01fd;394.99;0.06514;BUY
2016-01-28T01:15:01.610000;2016-01-28T01:15:01.623000;2f57b544-774a-4212-b954-81256f7d1731;394.84;0.13572;SELL
2016-01-28T01:15:04.660000;2016-01-28T01:15:04.687000;c2df15ca-5883-49eb-8192-4e6e78905cad;394.85;0.09;BUY
2016-01-28T01:15:04.660000;2016-01-28T01:15:04.687000;6b5fee80-88ab-4f0d-85e6-562084cee943;394.86;0.16;BUY
2016-01-28T01:15:31.593000;2016-01-28T01:15:31.607000;ae4de905-88b5-40b8-b1ae-5a281d7c048a;394.81;0.25417;BUY
2016-01-28T01:16:01.543000;2016-01-28T01:16:01.547000;3a5022d2-24bb-4909-b8be-3c53fff300f1;394.8;0.1;SELL
2016-01-28T01:16:01.543000;2016-01-28T01:16:01.560000;0da3b2e6-fbca-41ae-9e24-c7f4d1dfbac8;394.75;0.01691;SELL
2016-01-28T01:16:31.577000;2016-01-28T01:16:31.593000;6bee488b-52b9-4096-9744-8a7e60ae1856;394.77;0.077;BUY
2016-01-28T01:17:02.557000;2016-01-28T01:17:02.560000;3ea8059b-b9dd-4152-9e55-321d88f6719c;394.76;0.01;SELL
2016-01-28T01:17:02.557000;2016-01-28T01:17:02.577000;a6fed962-ea46-497b-aa0b-cd822898bf1c;394.76;0.00023;SELL
2016-01-28T01:17:08.377000;2016-01-28T01:17:08.373000;b40e7ed8-91ee-437f-a7c7-7d761b00add4;394.77;0.3;BUY
2016-01-28T01:17:10.543000;2016-01-28T01:17:10.560000;8199198c-2523-46f5-b8cc-ffee84e98e0b;394.76;0.24977;SELL
2016-01-28T01:17:10.543000;2016-01-28T01:17:10.560000;48934a93-3113-4d50-bbf3-add4a9b6f574;394.75;0.05023;SELL
2016-01-28T01:17:31.740000;2016-01-28T01:17:31.750000;9532e488-f5c9-44dc-8a20-843a7be63480;394.75;0.03286;SELL
2016-01-28T01:17:31.740000;2016-01-28T01:17:31.763000;833f8850-9688-4655-9f91-73a24e04895a;394.7;0.0125;SELL
2016-01-28T01:17:31.740000;2016-01-28T01:17:31.763000;a9af11fc-2645-4376-b1dd-df2f1a1ea193;394.7;0.21904;SELL
2016-01-28T01:18:01.560000;2016-01-28T01:18:01.560000;647f991b-3a9d-432c-82ff-67291ad14937;394.69;1.58401;BUY
2016-01-28T01:18:03.593000;2016-01-28T01:18:03.593000;60207a69-84fd-41aa-aba7-d39bbc8b7d4b;394.68;0.01;SELL
2016-01-28T01:18:31.570000;2016-01-28T01:18:31.560000;95458679-4757-450b-abdc-cd67a9c2c659;394.61;0.25;SELL
2016-01-28T01:18:31.570000;2016-01-28T01:18:31.593000;3c003933-1957-43b5-9c07-8ab31db5121d;394.6;0.01;SELL
2016-01-28T01:18:31.570000;2016-01-28T01:18:31.593000;eaaa88c4-f85d-438a-b1b2-b3fbb9c3cad4;394.6;0.01;SELL
2016-01-28T01:18:31.570000;2016-01-28T01:18:31.593000;32e26f84-a0fc-4af4-83dd-48c416c02ffe;394.55;0.01;SELL
2016-01-28T01:18:31.570000;2016-01-28T01:18:31.593000;3e9118cf-35d5-4c4a-84e9-47b7e789cde8;394.55;0.02;SELL
2016-01-28T01:18:31.570000;2016-01-28T01:18:31.593000;24616ffb-8799-4eb7-901f-116f315badf6;394.52;0.09889;SELL
2016-01-28T01:19:01.873000;2016-01-28T01:19:01.873000;048f5bd8-591f-459c-b69e-fa2556451649;394.51;0.8916;BUY
2016-01-28T01:19:31.587000;2016-01-28T01:19:31.657000;8bdcbb62-eef5-4021-b607-00af9cb93179;394.5;0.1;SELL
2016-01-28T01:19:31.587000;2016-01-28T01:19:31.673000;1cf2c7c7-b7cc-4086-9dd3-bf829851f69e;394.5;0.1;SELL
2016-01-28T01:19:31.587000;2016-01-28T01:19:31.673000;b3e3775e-5c1e-4609-836a-5111a582e23d;394.5;0.116;SELL
2016-01-28T01:19:31.587000;2016-01-28T01:19:31.673000;d2536a9f-be51-43b5-a96a-77d6193f46bb;394.49;0.01;SELL
2016-01-28T01:19:31.587000;2016-01-28T01:19:31.687000;62134dab-bfd0-49a5-ab8e-3ca5dd81ebf2;394.49;0.01;SELL
2016-01-28T01:19:31.587000;2016-01-28T01:19:31.750000;95d23e71-feeb-42ed-8155-3af70fb65cba;394.49;0.01;SELL
2016-01-28T01:19:31.587000;2016-01-28T01:19:31.750000;0ca92bcc-4f3d-45c7-a93f-9fc24a511973;394.48;0.01;SELL
2016-01-28T01:19:31.587000;2016-01-28T01:19:31.767000;4396b756-46c9-42d8-b3d7-bfd1f9db6217;394.48;0.01;SELL
2016-01-28T01:19:31.587000;2016-01-28T01:19:31.767000;219ba132-efc4-4e1f-8e80-d71be5517aa4;394.48;0.01;SELL
2016-01-28T01:19:31.587000;2016-01-28T01:19:31.767000;baf93897-2593-4e6f-825d-97c60bfda6dd;394.48;0.01;SELL
2016-01-28T01:19:31.587000;2016-01-28T01:19:31.767000;bf8ac717-dcd7-4098-8b03-cc91d74ff21b;394.47;0.01;SELL
2016-01-28T01:19:31.587000;2016-01-28T01:19:31.767000;87359e87-56a9-42c6-99a2-df17ddb6d986;394.47;0.01;SELL
2016-01-28T01:19:31.590000;2016-01-28T01:19:31.767000;be716f3d-81e4-4a3f-9dd7-e6b9cfaa0959;394.47;0.088;SELL
2016-01-28T01:19:31.590000;2016-01-28T01:19:31.767000;3f4ca6e9-6527-4fec-9797-af21a4c8e8a3;394.46;0.25;SELL
2016-01-28T01:19:31.590000;2016-01-28T01:19:31.767000;da925a6d-2f47-4bb8-aa34-6d4d7ac3b5d4;394.45;0.02;SELL
2016-01-28T01:19:31.590000;2016-01-28T01:19:31.767000;51af88e3-7c6c-4f52-aa7a-ab093cbf0a8e;394.44;0.118;SELL
2016-01-28T01:19:31.590000;2016-01-28T01:19:31.767000;00f197c5-e1cc-4092-b4db-61d728ebfd0e;394.41;0.05;SELL
2016-01-28T01:19:31.590000;2016-01-28T01:19:31.767000;6313058c-8174-40f0-8e3d-b0cd6ec23c54;394.41;0.089;SELL
2016-01-28T01:19:31.590000;2016-01-28T01:19:31.767000;59303809-5ab7-4f39-abe6-7a1552051373;394.41;0.04;SELL
2016-01-28T01:19:31.590000;2016-01-28T01:19:31.767000;56c7eccf-bd92-47ea-8930-ec0af940574a;394.38;0.074;SELL
2016-01-28T01:19:31.590000;2016-01-28T01:19:31.767000;f017978d-46f2-4d0a-8edc-233819857fa4;394.36;0.01;SELL
2016-01-28T01:19:31.590000;2016-01-28T01:19:31.767000;9b8b387f-293e-4448-b15e-510460b0bd7b;394.35;0.02;SELL
2016-01-28T01:19:31.590000;2016-01-28T01:19:31.767000;bf5c41cf-09cf-48be-a4ac-a5be96b462f7;394.35;0.129;SELL
2016-01-28T01:19:31.590000;2016-01-28T01:19:31.767000;e8bde2dc-6849-4d34-9be5-8569b50813ff;394.34;0.01;SELL
2016-01-28T01:19:31.590000;2016-01-28T01:19:31.767000;5aec2c51-3bc8-421f-8a38-d84cfbaea1f8;394.33;0.2504;SELL
2016-01-28T01:19:31.590000;2016-01-28T01:19:31.767000;52bfbe68-7a75-4d05-a834-78d9bbd77948;394.32;0.01;SELL
2016-01-28T01:19:31.590000;2016-01-28T01:19:31.767000;0db94953-f483-455c-a34c-6c8ecdf96007;394.32;0.114;SELL
2016-01-28T01:19:31.590000;2016-01-28T01:19:31.780000;a13938a6-8bfe-4492-8688-6f17cfb48615;394.31;1.0;SELL
2016-01-28T01:19:31.590000;2016-01-28T01:19:31.780000;dc8a8817-0a3d-49ed-a646-f3fc25949c0c;394.3;2.0;SELL
2016-01-28T01:19:31.593000;2016-01-28T01:19:31.780000;0f5c04bc-e0b1-4ab7-bcd9-9978b24e345a;394.29;0.128;SELL
2016-01-28T01:19:31.593000;2016-01-28T01:19:31.843000;145ea5f9-e0e7-4844-90e3-a5684cd21aae;394.28;0.01;SELL
2016-01-28T01:19:31.593000;2016-01-28T01:19:31.860000;e3a64314-aead-4602-ae5e-419d0a7e64b2;394.26;0.126;SELL
2016-01-28T01:19:31.593000;2016-01-28T01:19:31.860000;9b75cfff-13b4-458a-9d2d-984f9f1ad7a5;394.25;0.01;SELL
2016-01-28T01:19:31.593000;2016-01-28T01:19:31.860000;25baa78a-ac0a-4a54-8def-dd35a019bdf2;394.25;0.01;SELL
2016-01-28T01:19:31.593000;2016-01-28T01:19:31.860000;78158dfa-c3fc-41e6-9d2f-e92be082a425;394.25;0.01;SELL
2016-01-28T01:19:31.593000;2016-01-28T01:19:31.860000;62eaabe0-2112-494c-b5ff-968e592baeaf;394.25;0.01;SELL
2016-01-28T01:19:31.593000;2016-01-28T01:19:31.860000;460118d0-a6d9-494a-8186-dc3c409cda44;394.25;0.02;SELL
2016-01-28T01:19:31.593000;2016-01-28T01:19:31.860000;6b4e8220-b53b-44d1-b4f5-74569abb5178;394.24;0.01;SELL
2016-01-28T01:19:31.593000;2016-01-28T01:19:31.860000;4728f555-532e-40f9-a709-b569bfac2906;394.24;0.01;SELL
2016-01-28T01:19:31.593000;2016-01-28T01:19:31.860000;e4c58e24-88fe-4a5d-bb98-4b653f920952;394.24;0.01;SELL
2016-01-28T01:19:31.593000;2016-01-28T01:19:31.860000;0991bb44-4b0f-4014-b30f-644d43be85c6;394.24;0.01;SELL
2016-01-28T01:19:31.593000;2016-01-28T01:19:31.860000;c4801fec-1e12-4347-b2c0-a3b32b9b24d3;394.23;0.01;SELL
2016-01-28T01:19:31.593000;2016-01-28T01:19:31.860000;b517f3e3-d9fb-4332-b986-39ce55c0cd43;394.23;0.01;SELL
2016-01-28T01:19:31.593000;2016-01-28T01:19:31.860000;716b8a91-cde0-4add-a95b-26f74c8a6a74;394.23;0.01;SELL
2016-01-28T01:19:31.593000;2016-01-28T01:19:31.860000;a3d63cd5-82c3-45e7-aea6-7aa106d634bf;394.23;0.01;SELL
2016-01-28T01:19:31.593000;2016-01-28T01:19:31.860000;3c7eba0d-6d35-4148-a57b-efc2d384dbef;394.23;0.01;SELL
2016-01-28T01:19:31.593000;2016-01-28T01:19:31.860000;e6b90246-1fcc-451c-a78d-b2db98dc20af;394.23;0.105;SELL
2016-01-28T01:19:31.597000;2016-01-28T01:19:31.860000;ac2eecc2-d97e-48ea-9141-7008543aa408;394.22;0.01;SELL
2016-01-28T01:19:31.597000;2016-01-28T01:19:31.860000;acbf84fb-c90d-4a6d-b085-108bb78262e1;394.22;0.01;SELL
2016-01-28T01:19:31.597000;2016-01-28T01:19:31.860000;46ceb1a3-a293-4c16-bfb0-d68afd359850;394.22;0.01;SELL
2016-01-28T01:19:31.597000;2016-01-28T01:19:31.860000;eaaf57e7-195f-4ab1-ae12-f91965b5fc6c;394.22;0.01;SELL
2016-01-28T01:19:31.597000;2016-01-28T01:19:31.860000;db2a3f8c-d60f-448b-8321-7548253cc808;394.22;0.01;SELL
2016-01-28T01:19:31.597000;2016-01-28T01:19:31.860000;a433e9dd-bc05-477a-be48-bfdc42ba6f85;394.22;0.01;SELL
2016-01-28T01:19:31.597000;2016-01-28T01:19:31.860000;fa6d5800-194a-4732-be7e-dddd4be08a0e;394.22;0.01;SELL
2016-01-28T01:19:31.597000;2016-01-28T01:19:31.860000;01536cab-f3fe-497d-a9a8-95d17f2d0e21;394.22;0.01;SELL
2016-01-28T01:19:31.597000;2016-01-28T01:19:31.860000;9d94b15d-89a7-4558-be4b-f99aae5ce4e2;394.22;0.01;SELL
2016-01-28T01:19:31.597000;2016-01-28T01:19:31.877000;f8b67730-84cc-4c40-b8ae-13a80f3cd534;394.22;0.01;SELL
2016-01-28T01:19:31.597000;2016-01-28T01:19:31.877000;51886ba4-273a-4b43-97a9-4a7d24b0c938;394.22;0.01;SELL
2016-01-28T01:19:31.597000;2016-01-28T01:19:31.877000;1f73a0ca-0fb6-44ee-a1d8-f2339bcb97be;394.22;0.01;SELL
2016-01-28T01:19:31.597000;2016-01-28T01:19:31.877000;0fa5c3b7-f6ae-4df0-ba6d-0a5525e68d7e;394.22;0.01;SELL
2016-01-28T01:19:31.597000;2016-01-28T01:19:31.923000;d3c2ca70-37a6-44cb-90aa-7dce9aa90d59;394.22;0.01;SELL
2016-01-28T01:19:31.597000;2016-01-28T01:19:31.923000;ff259a5a-6f09-4bbd-8c66-7b259cc7d054;394.22;0.01;SELL
2016-01-28T01:19:31.597000;2016-01-28T01:19:31.923000;cbec135b-668d-402d-a2dd-ac129b0e3fbb;394.21;0.01;SELL
2016-01-28T01:19:31.597000;2016-01-28T01:19:31.923000;1471254d-37ac-46fa-9c52-bc0cdd2c648d;394.21;0.01;SELL
2016-01-28T01:19:31.597000;2016-01-28T01:19:31.923000;0cff0229-f484-4bcf-ad0b-d0979551ddde;394.21;0.01;SELL
2016-01-28T01:19:31.600000;2016-01-28T01:19:31.923000;610a6add-c693-40cb-8676-a656443801b1;394.21;0.01;SELL
2016-01-28T01:19:31.600000;2016-01-28T01:19:31.923000;a774ab0a-d564-4bbf-95a0-456df292b79b;394.21;0.01;SELL
2016-01-28T01:19:31.600000;2016-01-28T01:19:31.923000;372d1461-88d1-4f1a-8561-84d2f13d0dae;394.2;0.01;SELL
2016-01-28T01:19:31.600000;2016-01-28T01:19:31.923000;c2004f22-587c-4b9d-9388-b726b77c0e61;394.2;0.01;SELL
2016-01-28T01:19:31.600000;2016-01-28T01:19:31.923000;a7f3ed5f-d87f-4092-86fe-5db7ace95f5b;394.2;0.01;SELL
2016-01-28T01:19:31.600000;2016-01-28T01:19:31.953000;51683561-e2cc-4ec0-8352-a40617c76e80;394.2;0.01;SELL
2016-01-28T01:19:31.600000;2016-01-28T01:19:31.953000;fa3285e8-c1ea-44bd-af5d-84478be321eb;394.2;0.126;SELL
2016-01-28T01:19:31.600000;2016-01-28T01:19:31.953000;32ce1765-d685-46f5-a04f-87550f872e30;394.19;0.01;SELL
2016-01-28T01:19:31.600000;2016-01-28T01:19:31.953000;6c0d5db1-4618-4f91-84da-bf8251a18cc4;394.19;0.01;SELL
2016-01-28T01:19:31.600000;2016-01-28T01:19:31.953000;d57b7185-5b38-4532-a57c-2ba7ea54f75e;394.19;0.01;SELL
2016-01-28T01:19:31.600000;2016-01-28T01:19:31.953000;30227af2-d88e-4bb4-85f1-a83a6533b031;394.19;0.01;SELL
2016-01-28T01:19:31.600000;2016-01-28T01:19:31.953000;a243aca3-ad0d-4ba9-ae5b-282a3f2f3c54;394.17;0.101;SELL
2016-01-28T01:19:31.600000;2016-01-28T01:19:31.953000;837f0610-b366-4be4-9623-4ce44ba74c46;394.15;0.02;SELL
2016-01-28T01:19:31.600000;2016-01-28T01:19:31.953000;ee13c2a1-5435-4642-8cc9-27c4d7affe4d;394.14;0.121;SELL
2016-01-28T01:19:31.600000;2016-01-28T01:19:31.953000;cff681ad-923a-48e5-9b15-a21dc3f8f283;394.11;0.08;SELL
2016-01-28T01:19:31.600000;2016-01-28T01:19:31.953000;632059b4-e2da-422e-8769-ec7da4b7454a;394.1;0.01;SELL
2016-01-28T01:19:31.600000;2016-01-28T01:19:31.953000;bc9445f6-3ba2-47c8-9a30-f6c51f7642e9;394.1;0.05;SELL
2016-01-28T01:19:31.600000;2016-01-28T01:19:31.953000;7f6b98e0-ba86-4a32-ac13-9eb9f3fd85aa;394.1;0.05;SELL
2016-01-28T01:19:31.603000;2016-01-28T01:19:31.953000;b7f92838-a1c8-4997-81f5-58c812ab8bc7;394.08;0.125;SELL
2016-01-28T01:19:31.603000;2016-01-28T01:19:31.953000;0895568d-ab32-46f9-bfab-10995eb12c9f;394.05;0.05;SELL
2016-01-28T01:19:31.603000;2016-01-28T01:19:31.953000;d3d7c6a5-164f-451e-81d6-8c31e30c9750;394.05;0.079;SELL
2016-01-28T01:19:31.603000;2016-01-28T01:19:31.970000;9f4e5440-87ee-402e-b79d-c281e1c953b4;394.02;0.05;SELL
2016-01-28T01:19:31.603000;2016-01-28T01:19:31.970000;1714e27e-0278-4cf1-b2c3-44f78c5aa5cd;394.02;0.092;SELL
2016-01-28T01:19:31.603000;2016-01-28T01:19:31.970000;612f7274-a659-43d1-9ccd-28dff9636306;394.01;2.0;SELL
2016-01-28T01:19:31.603000;2016-01-28T01:19:31.970000;ccb69985-1659-4097-8349-5e3b3be2d978;394.0;0.05;SELL
2016-01-28T01:19:31.603000;2016-01-28T01:19:31.970000;285b294f-c872-4c76-aa8d-14785e8815b3;394.0;0.05;SELL
2016-01-28T01:19:31.603000;2016-01-28T01:19:31.970000;89e3a391-d68d-417c-b29d-09028afee5da;394.0;0.05;SELL
2016-01-28T01:19:31.603000;2016-01-28T01:19:31.970000;75ee8585-a239-41a4-b7d6-bab0f1d82019;394.0;1.0;SELL
2016-01-28T01:19:31.603000;2016-01-28T01:19:31.970000;f14ab64d-7a18-4c89-b84b-79230c5fa22c;394.0;0.01;SELL
2016-01-28T01:19:31.603000;2016-01-28T01:19:32.030000;8f642f83-86b1-46ce-9607-229e6309610f;393.99;0.088;SELL
2016-01-28T01:19:31.603000;2016-01-28T01:19:32.047000;ee7b8570-edaf-4639-beff-c873c39d9304;393.98;0.39;SELL
2016-01-28T01:19:31.603000;2016-01-28T01:19:32.047000;738f9502-7f9f-4b50-978e-3ace109351e0;393.97;0.3;SELL
2016-01-28T01:19:31.603000;2016-01-28T01:19:32.047000;81fe773d-61c8-4318-aa98-1234b16a583f;393.96;0.129;SELL
2016-01-28T01:19:31.603000;2016-01-28T01:19:32.047000;a34034ad-abc9-44e9-b332-e4eeb33632ce;393.93;0.112;SELL
2016-01-28T01:19:31.603000;2016-01-28T01:19:32.047000;3274807d-d10d-4b99-8d5a-85b81245d4b0;393.9;0.05;SELL
2016-01-28T01:19:31.603000;2016-01-28T01:19:32.047000;6c400500-5ca1-4d13-9abe-deb5cbc108c0;393.87;0.01;SELL
2016-01-28T01:19:31.603000;2016-01-28T01:19:32.047000;7f9252cc-6d8e-49e5-96f9-54ad193bcf57;393.87;0.01;SELL
2016-01-28T01:19:31.607000;2016-01-28T01:19:32.047000;c4f70536-9e33-4f04-95cb-5fea0119ff01;393.86;0.01;SELL
2016-01-28T01:19:31.607000;2016-01-28T01:19:32.047000;178130d3-9e37-491c-bb3f-97169b92700d;393.85;0.01;SELL
2016-01-28T01:19:31.607000;2016-01-28T01:19:32.047000;2f39cd9e-f1e6-4105-b4c1-73234e240c6c;393.85;0.01;SELL
2016-01-28T01:19:31.607000;2016-01-28T01:19:32.047000;a13f385b-f87e-411d-a1c9-ffcb02d29414;393.85;0.01;SELL
2016-01-28T01:19:31.607000;2016-01-28T01:19:32.047000;da97da21-6943-465d-850a-d34ed0c77622;393.85;0.01;SELL
2016-01-28T01:19:31.607000;2016-01-28T01:19:32.047000;00de669b-fe9b-4d85-9eac-9452bad8345d;393.85;0.01;SELL
2016-01-28T01:19:31.607000;2016-01-28T01:19:32.047000;bc94dae9-54ba-4bdf-a673-00e2a2324501;393.85;0.01;SELL
2016-01-28T01:19:31.607000;2016-01-28T01:19:32.047000;9bc20a78-64c8-420a-a5f2-7ab8c57d0527;393.84;0.01;SELL
2016-01-28T01:19:31.607000;2016-01-28T01:19:32.047000;277be6fc-b9e5-428f-9563-6538c3790554;393.84;0.01;SELL
2016-01-28T01:19:31.607000;2016-01-28T01:19:32.047000;9c5d36da-0214-47c6-946d-93593803337b;393.84;0.01;SELL
2016-01-28T01:19:31.607000;2016-01-28T01:19:32.047000;727aa43a-17fd-4ef2-8f8d-27ffb3272a15;393.84;0.01;SELL
2016-01-28T01:19:31.607000;2016-01-28T01:19:32.047000;9e50d37a-a2ec-43bf-a79d-0f48e275d657;393.82;0.01;SELL
2016-01-28T01:19:31.607000;2016-01-28T01:19:32.047000;ec813869-b67e-4133-8775-a98a088298de;393.82;0.01;SELL
2016-01-28T01:19:31.607000;2016-01-28T01:19:32.047000;cef64479-9483-409e-81dd-a0780a3eb07d;393.82;0.01;SELL
2016-01-28T01:19:31.607000;2016-01-28T01:19:32.047000;63f7adef-f7d4-4f09-a5b0-f8e0b5c05392;393.79;0.01;SELL
2016-01-28T01:19:31.607000;2016-01-28T01:19:32.063000;93d52fab-5f51-41da-821b-b9aaf05d97b8;393.75;0.01;SELL
2016-01-28T01:19:31.607000;2016-01-28T01:19:32.063000;9c6b5415-b09b-4cbf-bfa6-87461b129b41;393.74;0.01;SELL
2016-01-28T01:19:31.607000;2016-01-28T01:19:32.063000;7c20d7d6-a6c8-418d-8509-47906b2fcf3c;393.7;0.02;SELL
2016-01-28T01:19:31.610000;2016-01-28T01:19:32.063000;c77e640a-eac3-4d32-ab83-13f1cf306466;393.7;0.05;SELL
2016-01-28T01:19:31.610000;2016-01-28T01:19:32.063000;0807bc57-c285-46d5-ae63-dcb09e57e71c;393.65;0.05;SELL
2016-01-28T01:19:31.610000;2016-01-28T01:19:32.063000;600fcf2a-d50e-4b63-ae1c-79d911001010;393.63;0.01;SELL
2016-01-28T01:19:31.610000;2016-01-28T01:19:32.063000;8e4d8f9f-7b35-40d0-87ce-39c37ecb97ba;393.62;0.05;SELL
2016-01-28T01:19:31.610000;2016-01-28T01:19:32.063000;b06937e3-d1e9-451f-8a93-425f6733fa82;393.61;0.01;SELL
2016-01-28T01:19:31.610000;2016-01-28T01:19:32.063000;63058615-80a5-4ab8-9e95-d3ecf15c233c;393.57;13.86121;SELL
2016-01-28T01:20:01.657000;2016-01-28T01:20:01.703000;8a96f6bb-203e-4e9a-a574-e7a6bda03a6f;394.41;0.05;BUY
2016-01-28T01:20:01.657000;2016-01-28T01:20:01.720000;91cfbda9-0f93-421a-85fe-ba311ecccacc;394.41;0.18006;BUY
2016-01-28T01:20:26.330000;2016-01-28T01:20:26.377000;7dac1b1e-2a46-4a74-a0f0-dddafc655a03;394.42;0.05;BUY
2016-01-28T01:20:31.930000;2016-01-28T01:20:32.000000;5ab68c72-8f48-44e5-a39f-e5b7102cc43c;394.4;0.01;SELL
2016-01-28T01:20:31.930000;2016-01-28T01:20:32.000000;bec5a55f-c353-4b28-af32-a1fddc4569f8;394.4;0.125;SELL
2016-01-28T01:20:31.930000;2016-01-28T01:20:32.000000;37b34abf-a969-435b-aaac-38de15817099;394.37;0.25;SELL
2016-01-28T01:20:31.930000;2016-01-28T01:20:32.000000;7b128643-dacf-4b07-8da3-a6b2e76400cd;394.37;0.077;SELL
2016-01-28T01:20:31.930000;2016-01-28T01:20:32.000000;7068a3c9-a27b-4716-b951-718be4272bf6;394.34;0.073;SELL
2016-01-28T01:20:31.930000;2016-01-28T01:20:32.000000;4be160e4-8612-49ba-ad33-e646aad78f5c;394.31;0.09711;SELL
2016-01-28T01:21:01.820000;2016-01-28T01:21:01.877000;cc9945d6-ebcd-4244-abc1-93a6776d9a74;394.32;1.46834;BUY
2016-01-28T01:21:33.587000;2016-01-28T01:21:33.627000;8c93c94c-177a-4b6c-9eff-f2b2cec754a9;394.28;0.75757;BUY
2016-01-28T01:22:01.747000;2016-01-28T01:22:01.780000;da9e3f9c-1186-4801-9ef2-d0308cd6f459;394.29;0.07653;BUY
2016-01-28T01:22:31.693000;2016-01-28T01:22:31.733000;2c518743-54bb-441b-9670-102877c50393;394.29;0.50722;BUY
2016-01-28T01:23:01.773000;2016-01-28T01:23:01.813000;dc0a2ad8-44ff-4f1d-b78a-ecc7ced58fc5;394.28;0.01;SELL
2016-01-28T01:23:01.773000;2016-01-28T01:23:01.830000;6879d7c3-5075-4a66-bdbe-672acdc4f98a;394.28;0.00085;SELL
2016-01-28T01:23:31.637000;2016-01-28T01:23:31.673000;a80aabbb-4866-4d60-8648-c90a30c28363;394.32;2.51781;BUY
2016-01-28T01:24:31.693000;2016-01-28T01:24:31.720000;9306625b-21b8-46a2-b7d9-959266894552;394.26;1.01676;BUY
2016-01-28T01:25:01.583000;2016-01-28T01:25:01.610000;9f067fb3-722e-482f-a32b-84b187507e64;394.22;0.01;SELL
2016-01-28T01:25:01.583000;2016-01-28T01:25:01.640000;e08f6790-9950-4c6c-9f45-498db69d130b;394.22;0.081;SELL
2016-01-28T01:25:01.583000;2016-01-28T01:25:01.640000;cb0d41de-358d-4717-9243-f5506de3e0f3;394.2;0.01;SELL
2016-01-28T01:25:01.583000;2016-01-28T01:25:01.640000;996166e3-e589-4bd7-aea5-9996124d0743;394.19;0.01;SELL
2016-01-28T01:25:01.583000;2016-01-28T01:25:01.640000;614e4fa4-dc80-41ce-839b-16fee6882d1f;394.19;0.01;SELL
2016-01-28T01:25:01.583000;2016-01-28T01:25:01.640000;a2c2cbcc-5654-4dcc-97b8-51fdfd710ae7;394.19;0.106;SELL
2016-01-28T01:25:01.583000;2016-01-28T01:25:01.657000;d1ea9e5c-4ad7-4635-b6d7-511c2d755939;394.18;0.01;SELL
2016-01-28T01:25:01.583000;2016-01-28T01:25:01.657000;71ce18b5-0ea8-4cb0-b878-62d4267d8ff0;394.18;0.01;SELL
2016-01-28T01:25:01.583000;2016-01-28T01:25:01.657000;ca622e7c-7b72-40a5-9e1c-74b6c0b6bd1e;394.16;0.091;SELL
2016-01-28T01:25:01.583000;2016-01-28T01:25:01.657000;291dd86f-cb8f-48c3-8cf4-f5892b343727;394.13;0.081;SELL
2016-01-28T01:25:01.583000;2016-01-28T01:25:01.673000;11c25f52-2438-43a0-adbc-2f5b2b58bbd2;394.1;0.098;SELL
2016-01-28T01:25:01.587000;2016-01-28T01:25:01.673000;efdcd222-8e37-4c7f-b49c-c3648d031231;394.08;0.01;SELL
2016-01-28T01:25:01.587000;2016-01-28T01:25:01.673000;a86858e7-ccdd-48d9-95cd-232ed3ca0675;394.07;0.079;SELL
2016-01-28T01:25:01.587000;2016-01-28T01:25:01.673000;fe4cd8c5-41ea-4f2e-84be-601698832d35;394.04;0.087;SELL
2016-01-28T01:25:01.587000;2016-01-28T01:25:01.673000;e21bace5-fb19-440e-86a1-d325a6782643;394.01;0.106;SELL
2016-01-28T01:25:01.587000;2016-01-28T01:25:01.703000;f1fed90b-5f0d-49f8-bd5a-a2f32a28c339;394.01;3.39209;SELL
2016-01-28T01:25:31.580000;2016-01-28T01:25:31.610000;47c4d2cd-49c2-4063-ac1f-37363b2cb09e;394.08;0.01;SELL
2016-01-28T01:25:31.580000;2016-01-28T01:25:31.627000;04c563f2-d115-48bc-b9c8-b9344af6660f;394.08;0.00169;SELL
2016-01-28T01:26:02.040000;2016-01-28T01:26:02.080000;2c83b13c-13c5-4979-b3c7-a2a7358686d3;394.11;0.14;BUY
2016-01-28T01:26:02.043000;2016-01-28T01:26:02.093000;195f9118-7cff-4ea7-a5c8-e2cc6bd1a7f0;394.12;0.01;BUY
2016-01-28T01:26:02.043000;2016-01-28T01:26:02.093000;bc5cc1ac-54e4-432c-89f8-8808118834fa;394.12;0.01;BUY
2016-01-28T01:26:02.043000;2016-01-28T01:26:02.093000;7a2213e3-88af-4ebe-908d-86331b3c7557;394.12;0.01;BUY
2016-01-28T01:26:02.043000;2016-01-28T01:26:02.093000;08af3c13-64f2-462d-ab0c-3776d6b9038a;394.12;0.01;BUY
2016-01-28T01:26:02.043000;2016-01-28T01:26:02.093000;cc8160bf-ebc6-43ee-8962-459c33438580;394.12;0.01;BUY
2016-01-28T01:26:02.043000;2016-01-28T01:26:02.093000;b543d764-efe3-4ec4-a1b1-e420d7d30ba3;394.12;0.01;BUY
2016-01-28T01:26:02.043000;2016-01-28T01:26:02.110000;754ed5ac-a367-4d9f-89e8-4e1fd433b542;394.12;0.01;BUY
2016-01-28T01:26:02.043000;2016-01-28T01:26:02.110000;94f13ae4-0d49-4c06-bcae-67b714e32b26;394.12;0.01;BUY
2016-01-28T01:26:02.043000;2016-01-28T01:26:02.110000;d19e1f3b-1b55-4bef-bbc7-fc5d526ab622;394.12;0.01;BUY
2016-01-28T01:26:02.043000;2016-01-28T01:26:02.110000;1cd1f190-e7fe-4376-95d8-e09e939a8a30;394.12;0.01;BUY
2016-01-28T01:26:02.043000;2016-01-28T01:26:02.127000;42255e9c-3d88-49d4-880c-b65291b89f15;394.12;0.01;BUY
2016-01-28T01:26:02.043000;2016-01-28T01:26:02.127000;e31235f3-b854-45d5-b8f3-ca7e99d65bec;394.12;0.01;BUY
2016-01-28T01:26:02.043000;2016-01-28T01:26:02.157000;ec13d44f-f12b-4e04-8df4-9de6dcab9045;394.12;0.01;BUY
2016-01-28T01:26:02.043000;2016-01-28T01:26:02.187000;1fbe2a07-2b1c-41dd-a9dd-f997a26e2cc6;394.12;0.01;BUY
2016-01-28T01:26:02.043000;2016-01-28T01:26:02.187000;30f48076-5f99-423d-993e-f32b6e44e421;394.12;0.01;BUY
2016-01-28T01:26:02.043000;2016-01-28T01:26:02.187000;a56835b0-4efc-451c-ae8b-4272dd48d704;394.12;0.01;BUY
2016-01-28T01:26:02.043000;2016-01-28T01:26:02.187000;98be062b-b09b-4caa-8c10-a90e896b5f51;394.12;0.702;BUY
2016-01-28T01:26:31.653000;2016-01-28T01:26:31.687000;9d6f497c-c9ab-4a33-bf15-ce33de1cb7a9;394.08;1.32864;BUY
2016-01-28T01:26:52.260000;2016-01-28T01:26:52.297000;3b948aa8-a375-47a0-ab8f-22970cfe29a2;394.11;0.41;BUY
2016-01-28T01:27:01.530000;2016-01-28T01:27:01.563000;0414dbc4-b84f-4167-b6fa-3a05d31f6cdc;394.11;0.84;BUY
2016-01-28T01:27:01.530000;2016-01-28T01:27:01.580000;1c582237-0fd3-4b89-8227-14d71d3aedf6;394.12;0.01;BUY
2016-01-28T01:27:01.530000;2016-01-28T01:27:01.580000;94aae400-465c-4c96-aabb-5483cf03b60b;394.12;5.1851;BUY
2016-01-28T01:28:06.343000;2016-01-28T01:28:06.377000;ad96fe61-0265-4f50-8ae2-e662546d228d;394.13;0.01;BUY
2016-01-28T01:28:06.343000;2016-01-28T01:28:06.390000;91a0f740-4819-4dd1-aa30-0a19a71541da;394.13;0.01;BUY
2016-01-28T01:28:06.343000;2016-01-28T01:28:06.390000;d178a0dc-aea9-4a5a-967e-5ef355246f78;394.13;0.01;BUY
2016-01-28T01:28:06.343000;2016-01-28T01:28:06.390000;05e2370e-c84d-4296-ba4a-4a7e8b94e472;394.13;0.01;BUY
2016-01-28T01:28:06.343000;2016-01-28T01:28:06.407000;5b67c056-1ef9-4807-83a5-e87bd1a5d84e;394.13;0.01;BUY
2016-01-28T01:28:06.343000;2016-01-28T01:28:06.407000;1dfd5c13-fe67-4fba-84dc-108bcb33c747;394.13;0.01;BUY
2016-01-28T01:28:06.343000;2016-01-28T01:28:06.453000;f3a5c144-e440-4552-b2de-7e0500c16374;394.13;0.01;BUY
2016-01-28T01:28:06.343000;2016-01-28T01:28:06.470000;c2af8351-198c-4636-9c8d-c80ea679a986;394.13;0.01;BUY
2016-01-28T01:28:06.343000;2016-01-28T01:28:06.470000;61bfc268-08e0-4256-a48d-ab83a23bf2ad;394.13;0.01;BUY
2016-01-28T01:28:06.343000;2016-01-28T01:28:06.470000;eae953dc-8c65-4ed9-aec4-a5956a7a975d;394.13;0.01;BUY
2016-01-28T01:28:06.343000;2016-01-28T01:28:06.470000;8e16a831-dfa5-4746-b1e2-0ac8cecec020;394.13;0.01;BUY
2016-01-28T01:28:06.343000;2016-01-28T01:28:06.470000;bc0210a0-3960-435a-acf2-554850ae8ceb;394.13;0.01;BUY
2016-01-28T01:28:06.343000;2016-01-28T01:28:06.470000;1934234a-405c-4667-b9c0-4df460d91e53;394.13;0.01;BUY
2016-01-28T01:28:06.347000;2016-01-28T01:28:06.470000;08595674-50b6-410c-932d-933cb49eec06;394.13;0.01;BUY
2016-01-28T01:28:06.347000;2016-01-28T01:28:06.470000;563eb579-08df-464b-b1b2-c0f4342959c2;394.13;0.01;BUY
2016-01-28T01:28:06.347000;2016-01-28T01:28:06.470000;4cbc6971-2920-4711-9d1b-1864733df445;394.13;0.01;BUY
2016-01-28T01:28:06.347000;2016-01-28T01:28:06.470000;9542ff8f-1161-46e2-b800-76c577853af4;394.13;0.01;BUY
2016-01-28T01:28:06.347000;2016-01-28T01:28:06.470000;250e07f5-4e70-487c-80a9-8cec7b45ad09;394.13;0.01;BUY
2016-01-28T01:28:06.347000;2016-01-28T01:28:06.470000;e8c48153-23dd-4b79-a9bd-d80ea300629e;394.13;0.01;BUY
2016-01-28T01:28:06.347000;2016-01-28T01:28:06.470000;b1d80138-4ddb-410d-851d-7443b6d5bf7b;394.13;0.01;BUY
2016-01-28T01:28:06.347000;2016-01-28T01:28:06.470000;5b0aa238-4af2-4c55-8fc7-4af7f40f2fbc;394.13;0.01;BUY
2016-01-28T01:28:06.347000;2016-01-28T01:28:06.470000;900c8002-6c07-4d7a-9598-f77b27b8900b;394.13;0.01;BUY
2016-01-28T01:28:06.347000;2016-01-28T01:28:06.470000;96862ac8-902f-4bbc-a790-654f43088a87;394.13;0.01;BUY
2016-01-28T01:28:06.347000;2016-01-28T01:28:06.470000;a3ea658b-2d9f-451a-a618-09a3044a3d53;394.13;0.01;BUY
2016-01-28T01:28:06.347000;2016-01-28T01:28:06.470000;c0be8bfe-0f49-4958-8f13-44c847b88ba7;394.13;0.01;BUY
2016-01-28T01:28:06.347000;2016-01-28T01:28:06.470000;dcd8bb62-fad2-4ab8-be25-596586e2f9aa;394.13;0.01;BUY
2016-01-28T01:28:06.347000;2016-01-28T01:28:06.470000;5cd81981-391f-4fec-90a7-a3d6c0a1942c;394.13;0.01;BUY
2016-01-28T01:28:31.583000;2016-01-28T01:28:31.610000;e2fd142b-7987-4936-a4c4-502ca042b6c7;394.13;0.01;BUY
2016-01-28T01:28:31.587000;2016-01-28T01:28:31.627000;6343db26-7289-4922-8399-ddaa613d6754;394.13;0.01;BUY
2016-01-28T01:28:31.587000;2016-01-28T01:28:31.627000;ca2c4ac5-9d04-493a-a953-8faa3a48ed23;394.13;0.01;BUY
2016-01-28T01:28:31.587000;2016-01-28T01:28:31.627000;68c24319-79c2-45f9-8d24-27ac8d538799;394.13;0.01;BUY
2016-01-28T01:28:31.587000;2016-01-28T01:28:31.627000;75bbb327-9284-4781-b5f3-12c74efae7b6;394.13;0.01;BUY
2016-01-28T01:28:31.587000;2016-01-28T01:28:31.720000;3660980c-8623-4840-a6aa-eae53209043a;394.13;0.01;BUY
2016-01-28T01:28:31.587000;2016-01-28T01:28:31.720000;c04e663f-dde5-422d-8c84-f82f38f43cc6;394.13;0.01;BUY
2016-01-28T01:28:31.587000;2016-01-28T01:28:31.720000;599307c7-e8c6-4781-aa0c-0b5838cc9182;394.13;0.01;BUY
2016-01-28T01:28:31.587000;2016-01-28T01:28:31.720000;0f464ecd-94d1-4d06-af8b-805b949e13c7;394.13;0.01;BUY
2016-01-28T01:28:31.587000;2016-01-28T01:28:31.720000;6e80c8f3-49dd-4cd2-85e6-9d29641bb457;394.13;0.01;BUY
2016-01-28T01:28:31.587000;2016-01-28T01:28:31.720000;7db330ea-6682-4dd6-aa1e-7b2f7fd66631;394.13;0.01;BUY
2016-01-28T01:28:31.587000;2016-01-28T01:28:31.720000;2a8ace96-fc6c-4eea-9dd2-7a91079982dc;394.13;0.01;BUY
2016-01-28T01:28:31.587000;2016-01-28T01:28:31.720000;7ca4ca78-5d5f-499c-b494-2f5b5176420b;394.13;0.01;BUY
2016-01-28T01:28:31.587000;2016-01-28T01:28:31.720000;938be242-885e-4e6b-8e90-226708535f03;394.13;0.01;BUY
2016-01-28T01:28:31.587000;2016-01-28T01:28:31.720000;b794c810-5438-469e-9f47-1643f613c28a;394.13;0.01;BUY
2016-01-28T01:28:31.587000;2016-01-28T01:28:31.720000;3485c5fb-c485-4f81-afa6-41e44fd481d8;394.13;0.01;BUY
2016-01-28T01:28:31.587000;2016-01-28T01:28:31.720000;d03c4aa8-1ecf-4556-ad53-0631f9952891;394.13;0.01;BUY
2016-01-28T01:28:31.587000;2016-01-28T01:28:31.720000;99aacb3f-906c-4c62-9e17-2580657b7961;394.13;0.01;BUY
2016-01-28T01:28:31.587000;2016-01-28T01:28:31.720000;13f14e20-59e2-4635-bd54-92d83a0f7e4e;394.13;0.01;BUY
2016-01-28T01:28:31.587000;2016-01-28T01:28:31.720000;beca044f-e64d-4018-87ff-9a29318e7278;394.13;0.01;BUY
2016-01-28T01:28:31.587000;2016-01-28T01:28:31.720000;dcf5a57c-80fb-42d9-bc36-3cebe4b522ae;394.13;0.01;BUY
2016-01-28T01:28:31.587000;2016-01-28T01:28:31.720000;c5b4eb1a-b01e-4189-a93c-973ea3e21e1c;394.13;0.01;BUY
2016-01-28T01:28:31.590000;2016-01-28T01:28:31.720000;de1d1596-2938-4a97-ac27-7c8ee2b5d447;394.13;0.01;BUY
2016-01-28T01:28:31.590000;2016-01-28T01:28:31.720000;1adf24b0-af80-40a1-b88a-f89dfc853925;394.13;0.01;BUY
2016-01-28T01:28:31.590000;2016-01-28T01:28:31.720000;4accd807-1121-4d64-a623-24ceb09ac1b4;394.13;0.01;BUY
2016-01-28T01:28:31.590000;2016-01-28T01:28:31.720000;f596f56e-f4ff-43b8-b951-5aa04b4b088c;394.13;0.01;BUY
2016-01-28T01:28:31.590000;2016-01-28T01:28:31.720000;6e7d0b7f-1ec2-4053-8ffc-39a62bfbb03a;394.13;0.01;BUY
2016-01-28T01:28:31.590000;2016-01-28T01:28:31.720000;209b6e09-70a9-4d96-be54-98d584c92ece;394.13;0.02;BUY
2016-01-28T01:28:31.590000;2016-01-28T01:28:31.720000;7ce379a6-738f-4fb0-8110-d13ce3c52984;394.14;0.01;BUY
2016-01-28T01:28:31.590000;2016-01-28T01:28:31.720000;0406f5c8-0db9-4652-98aa-2ea86e3fff24;394.14;0.01;BUY
2016-01-28T01:28:31.590000;2016-01-28T01:28:31.720000;c3e52a18-3d8a-4323-baaa-a24c6f020899;394.14;0.01;BUY
2016-01-28T01:28:31.590000;2016-01-28T01:28:31.720000;63fca3e1-91eb-484e-aeab-d92a89ee862a;394.14;0.01;BUY
