time_exchange;time_coinpai;guid;price;base_amount;taker_side
2016-01-28T00:00:05.000000;2016-01-28T00:00:05.000000;78cf5ecb-6883-438d-9c13-8151cf97a654;394.7;0.06;UNKNOWN
2016-01-28T00:00:05.000000;2016-01-28T00:00:05.000000;f0c80db6-1ee0-4a12-9337-f54b26dafaaa;394.7;1.54;UNKNOWN
2016-01-28T00:00:06.000000;2016-01-28T00:00:06.000000;f31ea3f6-d528-4389-9379-30bb5b1cce32;394.7;0.87529825;UNKNOWN
2016-01-28T00:01:23.000000;2016-01-28T00:01:23.000000;842f8876-12d6-4419-8af5-f84035281897;395.05;18.6892;UNKNOWN
2016-01-28T00:01:23.000000;2016-01-28T00:01:23.000000;9eb9394c-c7cd-4168-a5e9-c11e026b08ca;395.04;6.3108;UNKNOWN
2016-01-28T00:02:33.000000;2016-01-28T00:02:33.000000;0d07074f-6ff8-4dfd-9be2-6ddf510fe268;394.87;1.21;UNKNOWN
2016-01-28T00:02:37.000000;2016-01-28T00:02:37.000000;24812e7c-f1cb-4882-a48d-3c6afce6a275;394.89;0.61;UNKNOWN
2016-01-28T00:03:58.000000;2016-01-28T00:03:58.000000;85143005-97a2-409b-8c99-af7d123c0f41;394.9;0.99887108;UNKNOWN
2016-01-28T00:03:59.000000;2016-01-28T00:03:59.000000;6a132625-0a82-4caa-aa70-4442a4527973;394.91;0.41581172;UNKNOWN
2016-01-28T00:03:59.000000;2016-01-28T00:03:59.000000;a3f67459-54c4-4934-807b-ccba72d85f88;394.92;0.65877869;UNKNOWN
2016-01-28T00:04:00.000000;2016-01-28T00:04:00.000000;f696e214-7859-4913-b2a3-8ae94896df5d;394.92;0.22203382;UNKNOWN
2016-01-28T00:04:00.000000;2016-01-28T00:04:00.000000;e775556d-41d3-4cbf-9762-c78b04007bff;394.92;0.89215184;UNKNOWN
2016-01-28T00:04:00.000000;2016-01-28T00:04:00.000000;c71ff15f-315e-4fa8-bd2c-e7f566ec0f5d;394.92;1.07467462;UNKNOWN
2016-01-28T00:04:01.000000;2016-01-28T00:04:01.000000;11bba222-46f0-4487-bcd5-34d6ec319847;394.6;0.08924905;UNKNOWN
2016-01-28T00:04:02.000000;2016-01-28T00:04:02.000000;82ea1796-4fac-4771-b6d3-4633a099b1de;394.61;0.58280897;UNKNOWN
2016-01-28T00:04:56.000000;2016-01-28T00:04:56.000000;4faed455-871f-435e-bccb-686f0b8da2c4;394.65;0.24951411;UNKNOWN
2016-01-28T00:04:57.000000;2016-01-28T00:04:57.000000;86d33fb7-88d9-4694-b930-b0263716dd50;394.91;0.48241222;UNKNOWN
2016-01-28T00:04:59.000000;2016-01-28T00:04:59.000000;1043e8c1-fc7a-4d9b-b983-d37b74f1fc8a;394.9;1.88371499;UNKNOWN
2016-01-28T00:05:05.000000;2016-01-28T00:05:05.000000;8138e98d-eaff-4fe1-a3a9-22b774e18a6d;394.64;7.35903554;UNKNOWN
2016-01-28T00:05:06.000000;2016-01-28T00:05:06.000000;b9c11ba6-7867-4084-bb82-81b4a239805b;394.65;1.4109;UNKNOWN
2016-01-28T00:05:07.000000;2016-01-28T00:05:07.000000;ea25e3d6-b9d7-4806-a146-35dfbccda03e;394.65;1.13153461;UNKNOWN
2016-01-28T00:06:05.000000;2016-01-28T00:06:05.000000;36c44688-bc1e-4aa0-8e29-b6542c63d0a5;394.84;2.86483658;UNKNOWN
2016-01-28T00:06:12.000000;2016-01-28T00:06:12.000000;358bc5cc-ab89-4728-b837-744bf44c6135;394.71;0.17307776;UNKNOWN
2016-01-28T00:06:13.000000;2016-01-28T00:06:13.000000;e2e664df-6e44-40fa-ab1c-aeb512d9e287;394.71;0.10999959;UNKNOWN
2016-01-28T00:06:22.000000;2016-01-28T00:06:22.000000;b202d0c0-8fae-4183-bc09-b90cb243b04b;394.75;0.25101661;UNKNOWN
2016-01-28T00:08:05.000000;2016-01-28T00:08:05.000000;3f7d57e7-a7e2-4f64-876c-84a31efcb736;394.7;1.1;UNKNOWN
2016-01-28T00:10:22.000000;2016-01-28T00:10:22.000000;0fdad2b8-fae7-4cc4-87fb-68160febc6f5;395.02;0.5;UNKNOWN
2016-01-28T00:10:52.000000;2016-01-28T00:10:52.000000;52bd75b5-2ce1-4712-9791-2ed066318511;394.99;0.87994144;UNKNOWN
2016-01-28T00:11:24.000000;2016-01-28T00:11:24.000000;40d5120b-b95b-4047-ac72-9631cd45dd2d;394.88;0.09738106;UNKNOWN
2016-01-28T00:11:24.000000;2016-01-28T00:11:24.000000;8d676224-e1e2-4cd8-93d3-c356aefa7ee7;395.03;63.12733221;UNKNOWN
2016-01-28T00:12:18.000000;2016-01-28T00:12:18.000000;35139b9e-2015-4802-bc9e-2a14e52fd1cd;394.81;0.55626535;UNKNOWN
2016-01-28T00:13:09.000000;2016-01-28T00:13:09.000000;f13b23ab-d01c-47c4-afe4-ac57bd969de6;394.81;0.05;UNKNOWN
2016-01-28T00:14:05.000000;2016-01-28T00:14:05.000000;1368704d-4541-4c29-b2ca-7f332640191d;394.91;1.51183007;UNKNOWN
2016-01-28T00:14:08.000000;2016-01-28T00:14:08.000000;58d13119-9edf-46f5-aa58-e81dda3b94cd;394.91;0.05;UNKNOWN
2016-01-28T00:14:52.000000;2016-01-28T00:14:52.000000;80f9d3a6-e5a1-4067-aa0f-3b2b6c9d854f;394.71;0.25355278;UNKNOWN
2016-01-28T00:15:06.000000;2016-01-28T00:15:06.000000;afca36d5-ff72-4d83-a8d1-d1a71ec63f22;394.85;6.2981;UNKNOWN
2016-01-28T00:15:06.000000;2016-01-28T00:15:06.000000;e5f4971f-87a1-4684-b27a-40c606690cad;394.85;1.2605;UNKNOWN
2016-01-28T00:16:06.000000;2016-01-28T00:16:06.000000;35375672-30de-4160-8e56-49cadffc8d15;394.75;2.35205292;UNKNOWN
2016-01-28T00:18:05.000000;2016-01-28T00:18:05.000000;a24f94ad-ef60-451d-9b96-739e914c5c5e;394.78;2.35083188;UNKNOWN
2016-01-28T00:19:06.000000;2016-01-28T00:19:06.000000;6b72c644-6e6d-448e-9836-b3e0730cc405;394.78;1.3;UNKNOWN
2016-01-28T00:19:07.000000;2016-01-28T00:19:07.000000;52e7f6bb-37ab-4b37-914d-7fdad2a03e4b;394.99;0.2;UNKNOWN
2016-01-28T00:20:06.000000;2016-01-28T00:20:06.000000;1f2adc2f-e1b6-4300-ac3f-5fe255c56304;394.8;0.07876938;UNKNOWN
2016-01-28T00:22:05.000000;2016-01-28T00:22:05.000000;000c6d25-e6fd-439a-abea-2ba32446f820;394.91;0.201664;UNKNOWN
2016-01-28T00:24:53.000000;2016-01-28T00:24:53.000000;41777eb5-5da9-40a7-ba5e-97da978374bb;394.77;0.177433;UNKNOWN
2016-01-28T00:26:37.000000;2016-01-28T00:26:37.000000;85d49d4c-95d1-4d8b-b212-5595a1af39b5;394.78;4.6354;UNKNOWN
2016-01-28T00:28:05.000000;2016-01-28T00:28:05.000000;cb221b27-f847-4f99-b60c-dacc4204499c;394.68;0.01155437;UNKNOWN
2016-01-28T00:29:05.000000;2016-01-28T00:29:05.000000;5c6e91af-4293-4d0b-9db3-cc4a54ceca74;394.66;3.0;UNKNOWN
2016-01-28T00:29:05.000000;2016-01-28T00:29:05.000000;fc7e7dfc-35cd-41ba-baf5-c359f20c4456;394.68;1.98;UNKNOWN
2016-01-28T00:29:05.000000;2016-01-28T00:29:05.000000;22e903c4-c189-4877-b53d-310d6547d3b0;394.58;0.02;UNKNOWN
2016-01-28T00:29:18.000000;2016-01-28T00:29:18.000000;7031822e-79bc-4c9a-850c-7058b2fe706e;394.58;5.0;UNKNOWN
2016-01-28T00:29:22.000000;2016-01-28T00:29:22.000000;218ffb11-6ccc-4556-83e9-5992b0bfb9b4;394.74;0.83;UNKNOWN
2016-01-28T00:29:33.000000;2016-01-28T00:29:33.000000;471f4f31-3cef-4400-9fc8-1ea06b9c9f53;394.59;5.2;UNKNOWN
2016-01-28T00:31:08.000000;2016-01-28T00:31:08.000000;d16d4118-6619-42b1-9280-1c4f1e167450;394.63;0.75188502;UNKNOWN
2016-01-28T00:33:34.000000;2016-01-28T00:33:34.000000;5437b6e3-2008-483d-8514-9d5ebb4b7f6d;394.78;0.1;UNKNOWN
2016-01-28T00:34:05.000000;2016-01-28T00:34:05.000000;944df34a-1004-4d46-bf43-a5489712705b;394.66;0.83;UNKNOWN
2016-01-28T00:34:05.000000;2016-01-28T00:34:05.000000;8450ec3f-cb5d-4920-8136-438ccdd5433b;394.66;2.52362746;UNKNOWN
2016-01-28T00:34:05.000000;2016-01-28T00:34:05.000000;9b693a47-d722-42b9-913c-c808294f8bf7;394.62;1.34637254;UNKNOWN
2016-01-28T00:34:13.000000;2016-01-28T00:34:13.000000;500f37cf-8921-45a9-9d56-4d029e19c926;394.78;4.5;UNKNOWN
2016-01-28T00:34:44.000000;2016-01-28T00:34:44.000000;daa6787d-98bc-4128-8910-63572f0e15ce;394.79;0.71353069;UNKNOWN
2016-01-28T00:37:43.000000;2016-01-28T00:37:43.000000;050ff53e-2fbc-481f-826c-e3aeff42e952;394.61;1.212091;UNKNOWN
2016-01-28T00:37:43.000000;2016-01-28T00:37:43.000000;fd3a6a41-f03b-4532-b62a-6d80feaf0c25;394.72;0.056;UNKNOWN
2016-01-28T00:40:05.000000;2016-01-28T00:40:05.000000;0842ea4e-8fd0-43da-828e-909f81ae0a24;394.61;2.2;UNKNOWN
2016-01-28T00:41:05.000000;2016-01-28T00:41:05.000000;08d72f8e-acb5-4169-9916-09fd19b8ea9a;394.61;0.0803556;UNKNOWN
2016-01-28T00:42:16.000000;2016-01-28T00:42:16.000000;e508da07-5bd7-4e0b-94db-c73e7f129f80;394.7;0.056;UNKNOWN
2016-01-28T00:42:42.000000;2016-01-28T00:42:42.000000;e2fc54e1-f7e0-4118-afd2-6044a9f85041;394.78;4.9699;UNKNOWN
2016-01-28T00:43:05.000000;2016-01-28T00:43:05.000000;498a5f29-c942-4600-813e-f20b8a5f1845;394.61;0.2429867;UNKNOWN
2016-01-28T00:43:29.000000;2016-01-28T00:43:29.000000;0bb331b9-a580-448e-9aac-025467225ce3;394.78;3.0;UNKNOWN
2016-01-28T00:45:33.000000;2016-01-28T00:45:33.000000;1840f0e1-db16-4624-a524-5ad6c1d80972;394.79;1.0;UNKNOWN
2016-01-28T00:45:53.000000;2016-01-28T00:45:53.000000;f9a9eb45-af9f-4cbc-890c-99e91deb398e;394.79;1.59740203;UNKNOWN
2016-01-28T00:46:18.000000;2016-01-28T00:46:18.000000;ef8dad77-81db-4659-8979-74e7fc944105;394.79;1.59740203;UNKNOWN
2016-01-28T00:46:40.000000;2016-01-28T00:46:40.000000;9c7f5b6d-5dcd-4467-92f2-6ea4a910335d;394.79;0.5047;UNKNOWN
2016-01-28T00:46:41.000000;2016-01-28T00:46:41.000000;de987b25-7ce0-4540-aed4-32a594d6aaf3;395.37;2.36176762;UNKNOWN
2016-01-28T00:46:41.000000;2016-01-28T00:46:41.000000;808e83dd-17e2-49cd-ad48-824150afaaf6;394.9;0.10030092;UNKNOWN
2016-01-28T00:46:41.000000;2016-01-28T00:46:41.000000;f8c47b25-e1c1-4f3b-ae3a-86cab4d454e0;395.1;1.268;UNKNOWN
2016-01-28T00:46:41.000000;2016-01-28T00:46:41.000000;2bd8c51f-8928-4ef4-bc86-8eae24117ea9;395.36;15.9366;UNKNOWN
2016-01-28T00:46:41.000000;2016-01-28T00:46:41.000000;94a14824-0687-41bd-85fa-6fee624aadae;395.3;1.0;UNKNOWN
2016-01-28T00:46:41.000000;2016-01-28T00:46:41.000000;fe4b379d-f066-445f-b8ad-8629d0458f84;395.05;6.3108;UNKNOWN
2016-01-28T00:46:41.000000;2016-01-28T00:46:41.000000;9b23f529-d9f2-4a50-9c4b-d63644c9b02a;395.27;0.52;UNKNOWN
2016-01-28T00:46:41.000000;2016-01-28T00:46:41.000000;da231f92-d9ed-4f16-afec-7a20b0e29e9c;395.0;0.3;UNKNOWN
2016-01-28T00:46:41.000000;2016-01-28T00:46:41.000000;059566e0-2c06-4359-9466-ff37e495b689;394.79;2.20253146;UNKNOWN
2016-01-28T00:47:05.000000;2016-01-28T00:47:05.000000;491effd0-875f-44ee-9d6a-5f00cccba719;394.91;3.01537843;UNKNOWN
2016-01-28T00:47:11.000000;2016-01-28T00:47:11.000000;6fcaf03d-0fa8-4481-a80e-eff82dc34481;395.48;0.26101418;UNKNOWN
2016-01-28T00:47:12.000000;2016-01-28T00:47:12.000000;21ea513b-b8ec-420a-b911-9bd8df5163f8;395.47;0.26101418;UNKNOWN
2016-01-28T00:47:22.000000;2016-01-28T00:47:22.000000;14b7fd1c-6b19-4922-ac86-679e016d9141;395.0;0.10044781;UNKNOWN
2016-01-28T00:48:05.000000;2016-01-28T00:48:05.000000;6ade7808-a4df-49ce-882a-f42906619d57;395.07;4.30790397;UNKNOWN
2016-01-28T00:50:05.000000;2016-01-28T00:50:05.000000;59768de7-51e2-44c8-ad45-72893dd6b93e;395.12;0.4;UNKNOWN
2016-01-28T00:50:06.000000;2016-01-28T00:50:06.000000;388018bb-8c5f-460c-9c2c-01f638c3b7ef;395.12;0.10862;UNKNOWN
2016-01-28T00:52:50.000000;2016-01-28T00:52:50.000000;88e34caf-6e84-4472-8b53-812d7f8be22c;395.11;0.125;UNKNOWN
2016-01-28T00:53:51.000000;2016-01-28T00:53:51.000000;eadcdb94-83f8-4953-bad8-6e780e60aa90;395.11;0.1;UNKNOWN
2016-01-28T00:54:05.000000;2016-01-28T00:54:05.000000;5cfc92e6-10ff-4441-8bd5-ed67069ae932;395.11;0.03132;UNKNOWN
2016-01-28T00:55:13.000000;2016-01-28T00:55:13.000000;1e12afd5-ebcc-4227-b783-12eef28e28c9;395.11;0.25334741;UNKNOWN
2016-01-28T00:57:06.000000;2016-01-28T00:57:06.000000;1437a579-43c1-4c4e-8c9c-c2a6edec2f18;395.11;0.1;UNKNOWN
2016-01-28T00:59:05.000000;2016-01-28T00:59:05.000000;1920a221-2ec6-4e0e-acf2-b602419bd7db;395.11;0.91033259;UNKNOWN
2016-01-28T00:59:05.000000;2016-01-28T00:59:05.000000;b411ad29-fd8f-466a-8ea4-1c905387fd84;395.1;9.08966741;UNKNOWN
2016-01-28T00:59:06.000000;2016-01-28T00:59:06.000000;82774078-360b-4478-8f68-c87e7914a376;395.1;10.0;UNKNOWN
2016-01-28T00:59:07.000000;2016-01-28T00:59:07.000000;3dcbcd7d-e275-4fc6-9177-d5ddbfc0b8e3;395.1;3.376;UNKNOWN
2016-01-28T00:59:08.000000;2016-01-28T00:59:08.000000;c40294d2-e3fb-4655-be9f-15962c888a36;395.17;0.33632464;UNKNOWN
2016-01-28T01:00:06.000000;2016-01-28T01:00:06.000000;a60cadc4-ad01-46e2-9ba1-011c7cba6754;395.1;10.0;UNKNOWN
2016-01-28T01:00:06.000000;2016-01-28T01:00:06.000000;022da503-cd28-4248-9fc5-eece696ba292;395.1;2.56881658;UNKNOWN
2016-01-28T01:00:07.000000;2016-01-28T01:00:07.000000;fb88235f-caee-48f4-886a-d846c9533ae6;395.1;1.0;UNKNOWN
2016-01-28T01:00:58.000000;2016-01-28T01:00:58.000000;7cd43356-bea0-4a43-aaaa-471a4566e362;395.14;0.19;UNKNOWN
2016-01-28T01:01:05.000000;2016-01-28T01:01:05.000000;5dcb9921-c0ba-4bbf-884e-50941d9e118b;395.1;1.93571601;UNKNOWN
2016-01-28T01:01:05.000000;2016-01-28T01:01:05.000000;d79796f2-f399-404c-92bc-01bbb74bb1a4;395.1;0.10434648;UNKNOWN
2016-01-28T01:01:23.000000;2016-01-28T01:01:23.000000;618c4149-9856-4e0d-9b0c-b6f4819a9fb5;395.1;0.05024493;UNKNOWN
2016-01-28T01:02:43.000000;2016-01-28T01:02:43.000000;1186f7fd-2c03-4ecb-ac92-7d2b4cba51c1;395.1;0.05003738;UNKNOWN
2016-01-28T01:03:05.000000;2016-01-28T01:03:05.000000;f0b871eb-65ba-47ae-9457-d9d59c8e15c6;395.14;0.01;UNKNOWN
2016-01-28T01:03:33.000000;2016-01-28T01:03:33.000000;60e54d7b-ce0f-4a94-858f-17b95ff95e9a;395.1;2.36885835;UNKNOWN
2016-01-28T01:06:06.000000;2016-01-28T01:06:06.000000;02d23073-fd74-4066-8bc2-62952cbab99a;395.1;1.63736208;UNKNOWN
2016-01-28T01:06:54.000000;2016-01-28T01:06:54.000000;5e6d45be-badd-4b85-a876-b5092cd76990;395.1;0.3;UNKNOWN
2016-01-28T01:09:05.000000;2016-01-28T01:09:05.000000;146e1369-4298-4753-a64c-efa3dff792ac;395.1;0.01;UNKNOWN
2016-01-28T01:11:27.000000;2016-01-28T01:11:27.000000;9fa780b8-1071-4bfd-84e6-b6284c911130;395.1;0.12612455;UNKNOWN
2016-01-28T01:12:41.000000;2016-01-28T01:12:41.000000;d3675c81-7b9b-40eb-b1cc-3c724baf9ebc;395.1;20.00039989;UNKNOWN
2016-01-28T01:14:05.000000;2016-01-28T01:14:05.000000;de396f16-79e0-439b-8172-64a63c8a8448;395.1;0.1123067;UNKNOWN
2016-01-28T01:14:22.000000;2016-01-28T01:14:22.000000;16641c61-9262-4345-b82e-f862233f8e7a;395.1;0.05024218;UNKNOWN
2016-01-28T01:14:23.000000;2016-01-28T01:14:23.000000;43834fe1-b85a-4357-b82d-5320243490b4;395.1;0.0622;UNKNOWN
2016-01-28T01:14:55.000000;2016-01-28T01:14:55.000000;33618e43-72a3-49e8-a7ca-1a34a34496c3;394.61;1.0;UNKNOWN
2016-01-28T01:14:55.000000;2016-01-28T01:14:55.000000;604629e1-ea1c-4268-b070-393fabd120df;394.6;28.35212254;UNKNOWN
2016-01-28T01:14:55.000000;2016-01-28T01:14:55.000000;29aae002-93dc-4cfa-a294-422767f52591;395.1;0.12787746;UNKNOWN
2016-01-28T01:14:55.000000;2016-01-28T01:14:55.000000;2fee39bd-c4b6-4537-bb8e-fa74971ad4a3;394.64;0.52;UNKNOWN
2016-01-28T01:15:33.000000;2016-01-28T01:15:33.000000;cee6030c-cd5c-4535-b7c9-368963ba5610;394.65;0.8175884;UNKNOWN
2016-01-28T01:15:33.000000;2016-01-28T01:15:33.000000;0f911e32-f0ff-457f-8822-504ff387547a;394.6;19.1824116;UNKNOWN
2016-01-28T01:16:03.000000;2016-01-28T01:16:03.000000;f90a9225-34e5-4bbb-b8c0-96ca47985d6d;394.61;0.01849632;UNKNOWN
2016-01-28T01:16:31.000000;2016-01-28T01:16:31.000000;d316c134-64b7-4823-8dea-5e591cd60b8b;394.6;19.20020358;UNKNOWN
2016-01-28T01:16:31.000000;2016-01-28T01:16:31.000000;7c11c961-6d2b-4fed-bf84-bc41f870f7d3;394.61;0.79979642;UNKNOWN
2016-01-28T01:16:43.000000;2016-01-28T01:16:43.000000;4c98abed-ec4e-44ff-86aa-ab790be1f8cd;394.61;0.35387064;UNKNOWN
2016-01-28T01:16:52.000000;2016-01-28T01:16:52.000000;37372572-5c02-452e-a6e6-5d267b6c75cc;394.6;0.16233132;UNKNOWN
2016-01-28T01:17:06.000000;2016-01-28T01:17:06.000000;90565ce1-09ae-42b2-99e6-e790b4406e75;394.61;0.03;UNKNOWN
2016-01-28T01:17:28.000000;2016-01-28T01:17:28.000000;245980f9-392a-4dec-bbe0-1d90cca55324;394.6;0.1448939;UNKNOWN
2016-01-28T01:18:05.000000;2016-01-28T01:18:05.000000;1ebc83c5-9bef-4153-aecf-9a94a0d4eb6e;394.6;3.0;UNKNOWN
2016-01-28T01:18:25.000000;2016-01-28T01:18:25.000000;ace39afb-e74a-4e58-8049-9753c4bd37c5;394.6;0.06515147;UNKNOWN
2016-01-28T01:19:15.000000;2016-01-28T01:19:15.000000;8504791b-82d2-49bf-aa99-38b176eda8cb;394.61;4.0;UNKNOWN
2016-01-28T01:19:24.000000;2016-01-28T01:19:24.000000;57aad5a3-859e-4786-a2fd-9e4ad3db180a;394.6;0.02929675;UNKNOWN
2016-01-28T01:19:26.000000;2016-01-28T01:19:26.000000;ca8f29c3-8c96-4980-abce-79855089e64d;394.61;4.15;UNKNOWN
2016-01-28T01:21:06.000000;2016-01-28T01:21:06.000000;0862fe41-51bc-40a2-a155-c2449f193e27;394.6;10.0;UNKNOWN
2016-01-28T01:21:07.000000;2016-01-28T01:21:07.000000;955ba2d8-79cb-4908-ac7f-24f9195b8cf2;394.6;1.38201372;UNKNOWN
2016-01-28T01:21:08.000000;2016-01-28T01:21:08.000000;5e0f56db-f15d-4f30-96b4-1fc7dd12f08d;394.31;4.01832488;UNKNOWN
2016-01-28T01:21:08.000000;2016-01-28T01:21:08.000000;977b6ad5-edc7-4423-a807-5b188fe044cc;394.6;2.38167512;UNKNOWN
2016-01-28T01:21:51.000000;2016-01-28T01:21:51.000000;1e13f623-ae71-48ca-bd5a-5650e5eba70c;394.31;5.98167512;UNKNOWN
2016-01-28T01:22:05.000000;2016-01-28T01:22:05.000000;863456e2-3e69-4fcd-83d7-725d49710a97;394.15;0.07831473;UNKNOWN
2016-01-28T01:23:06.000000;2016-01-28T01:23:06.000000;a435d139-cf94-4a6e-ac98-fc440389419c;394.15;0.02208527;UNKNOWN
2016-01-28T01:23:06.000000;2016-01-28T01:23:06.000000;9976b3e6-f371-4454-b887-d35c22f1a633;393.86;0.5;UNKNOWN
2016-01-28T01:23:06.000000;2016-01-28T01:23:06.000000;cce19bae-0700-4385-9813-1ed1760aac95;393.85;1.07791473;UNKNOWN
2016-01-28T01:23:20.000000;2016-01-28T01:23:20.000000;b63c3bff-99f1-4b55-a548-59566b31b38f;394.49;0.47618704;UNKNOWN
2016-01-28T01:24:06.000000;2016-01-28T01:24:06.000000;2be55024-8624-414c-bd3c-c67d28943785;393.99;1.25599739;UNKNOWN
2016-01-28T01:24:42.000000;2016-01-28T01:24:42.000000;00ee6642-344d-4b6e-81b1-5f755f4a3bb2;393.81;0.5;UNKNOWN
2016-01-28T01:25:11.000000;2016-01-28T01:25:11.000000;f1213eb8-b530-4ce8-9b8f-57f7117bc9e7;393.85;0.5;UNKNOWN
2016-01-28T01:26:03.000000;2016-01-28T01:26:03.000000;1a93f30f-e47f-45e4-b8a0-ddc4ac97208b;393.91;5.65794645;UNKNOWN
2016-01-28T01:28:05.000000;2016-01-28T01:28:05.000000;bf0c1330-a311-46eb-8e15-74bf21d808a9;394.07;2.5;UNKNOWN
2016-01-28T01:29:06.000000;2016-01-28T01:29:06.000000;43e93be4-d5dd-47d1-8b9b-900e9b412f74;394.12;4.7;UNKNOWN
2016-01-28T01:29:43.000000;2016-01-28T01:29:43.000000;c89cb475-b251-449d-8c2e-b20f2435ab90;394.05;0.48882943;UNKNOWN
2016-01-28T01:31:05.000000;2016-01-28T01:31:05.000000;5048adfa-3c37-4c50-8441-1ee454a8c349;393.89;2.52748641;UNKNOWN
2016-01-28T01:31:05.000000;2016-01-28T01:31:05.000000;ed5b9b41-462e-4195-8ff5-02ad4fc378e2;393.86;0.34;UNKNOWN
2016-01-28T01:31:05.000000;2016-01-28T01:31:05.000000;49bab2ea-c824-4d80-8c64-022f730b6be4;393.83;2.04421365;UNKNOWN
2016-01-28T01:31:05.000000;2016-01-28T01:31:05.000000;a15e9dfc-5c84-4ffb-8342-b7741221513c;393.94;2.52748641;UNKNOWN
2016-01-28T01:31:05.000000;2016-01-28T01:31:05.000000;85731b0d-5912-4f6d-90a1-4e7038630879;394.04;2.0;UNKNOWN
2016-01-28T01:35:07.000000;2016-01-28T01:35:07.000000;6c95fa8a-10b8-4765-9f1b-05afb0b8d87d;393.68;4.69300328;UNKNOWN
2016-01-28T01:37:05.000000;2016-01-28T01:37:05.000000;4ca39e4d-c17b-4bc2-99fa-6a7ac6096dba;393.64;2.52806148;UNKNOWN
2016-01-28T01:37:05.000000;2016-01-28T01:37:05.000000;8f37ee9a-3332-4670-b4f8-bde8ca486285;393.68;2.52732672;UNKNOWN
2016-01-28T01:37:05.000000;2016-01-28T01:37:05.000000;582bc2d1-a280-4fd6-9d38-9c5f683bbcf6;393.7;1.0;UNKNOWN
2016-01-28T01:37:05.000000;2016-01-28T01:37:05.000000;25cf0d8b-9e74-44d8-9b61-e9444b7d9af3;393.72;2.16;UNKNOWN
2016-01-28T01:37:05.000000;2016-01-28T01:37:05.000000;9d963a11-faf1-4826-b2fc-defc11e53720;393.61;1.7846118;UNKNOWN
2016-01-28T01:38:06.000000;2016-01-28T01:38:06.000000;a1cd7057-826b-48fa-82f1-f98c9c942b5d;393.61;3.6;UNKNOWN
2016-01-28T01:38:07.000000;2016-01-28T01:38:07.000000;583fda4c-5130-4107-ba24-c9e77f46a7bd;393.99;3.01499962;UNKNOWN
2016-01-28T01:39:05.000000;2016-01-28T01:39:05.000000;4cfb965d-742a-442b-a7d2-4f2e82564ccd;393.42;0.23605157;UNKNOWN
2016-01-28T01:39:05.000000;2016-01-28T01:39:05.000000;17673793-e24b-4cc4-b6bc-f70d52f299a4;393.5;0.0131;UNKNOWN
2016-01-28T01:39:05.000000;2016-01-28T01:39:05.000000;c04a14a0-35bf-4593-b8ee-583ffff48526;393.61;1.92084843;UNKNOWN
2016-01-28T01:39:05.000000;2016-01-28T01:39:05.000000;f250eec8-0159-4e77-8e40-e8ac4b1ad34c;393.5;1.0;UNKNOWN
2016-01-28T01:39:15.000000;2016-01-28T01:39:15.000000;b69bd8be-c25f-48fb-a41a-29ff9a542528;393.3;1.0804;UNKNOWN
2016-01-28T01:39:15.000000;2016-01-28T01:39:15.000000;f9f4ff63-88b4-4ac1-acce-c97223ba4096;393.32;6.3196;UNKNOWN
2016-01-28T01:39:22.000000;2016-01-28T01:39:22.000000;660ebb69-10b3-4d9b-97f5-4c7318a4f2bd;393.3;1.25;UNKNOWN
2016-01-28T01:41:13.000000;2016-01-28T01:41:13.000000;bd2afdf8-ad0e-4576-93ac-0f9c704ee00a;393.65;2.54442178;UNKNOWN
2016-01-28T01:43:25.000000;2016-01-28T01:43:25.000000;2dbfb7fb-977f-4da3-b453-61f90ea49deb;394.09;0.1;UNKNOWN
2016-01-28T01:43:41.000000;2016-01-28T01:43:41.000000;8efc8272-4762-4ffa-9347-f9869b629ff6;393.77;0.0197;UNKNOWN
2016-01-28T01:44:05.000000;2016-01-28T01:44:05.000000;496387f8-f2fa-49fd-be02-f0801e2983e1;393.6;2.28660452;UNKNOWN
2016-01-28T01:44:06.000000;2016-01-28T01:44:06.000000;3bebe927-cec4-49dc-aa60-bfa4034feaa2;394.1;0.5;UNKNOWN
2016-01-28T01:45:00.000000;2016-01-28T01:45:00.000000;1c30f6d7-c54b-4bbf-a47c-d1c646513bd9;394.0;11.67993137;UNKNOWN
2016-01-28T01:45:00.000000;2016-01-28T01:45:00.000000;d51664c6-81ed-4f78-b1b3-bd7d4fcdb316;393.98;6.3451;UNKNOWN
2016-01-28T01:45:07.000000;2016-01-28T01:45:07.000000;a0078d64-86ec-4490-9cbe-8a116c671413;393.63;0.23635753;UNKNOWN
2016-01-28T01:46:05.000000;2016-01-28T01:46:05.000000;85294254-3c9d-4f76-a108-5d6dde46fc3d;393.62;0.5;UNKNOWN
2016-01-28T01:46:05.000000;2016-01-28T01:46:05.000000;ef03bae4-37d9-4928-89e1-e8465556c12d;393.61;3.0;UNKNOWN
2016-01-28T01:46:05.000000;2016-01-28T01:46:05.000000;0583af79-cec3-4fb8-ac3e-976b13c4d4da;393.6;6.5;UNKNOWN
2016-01-28T01:47:05.000000;2016-01-28T01:47:05.000000;f5018e8b-f932-439d-ac39-56bbb8dbff24;393.57;10.0;UNKNOWN
2016-01-28T01:47:06.000000;2016-01-28T01:47:06.000000;5a8014fd-71f2-4506-9a61-d5943b95e963;393.41;0.4;UNKNOWN
2016-01-28T01:47:23.000000;2016-01-28T01:47:23.000000;d11590d9-bbc8-4bdd-9344-a24bb480936a;393.41;0.18100912;UNKNOWN
2016-01-28T01:48:05.000000;2016-01-28T01:48:05.000000;abdf60a4-7c88-4f77-913e-5fc3be3be6a9;393.5;1.0;UNKNOWN
2016-01-28T01:48:05.000000;2016-01-28T01:48:05.000000;05e7930c-3b1d-4643-88c9-ef1452e56db2;393.41;9.0;UNKNOWN
2016-01-28T01:49:05.000000;2016-01-28T01:49:05.000000;7fe4555c-b20f-41b3-8f35-d04cf6e540e1;393.32;3.35900261;UNKNOWN
2016-01-28T01:49:05.000000;2016-01-28T01:49:05.000000;0fec9db1-615b-4e31-8fa7-4f850eeac201;393.42;0.16;UNKNOWN
2016-01-28T01:49:06.000000;2016-01-28T01:49:06.000000;cf6b239b-985f-488d-b2b7-07afc0147f86;393.32;1.006;UNKNOWN
2016-01-28T01:49:07.000000;2016-01-28T01:49:07.000000;2f5c12ce-c83d-4929-85b7-287dcd9c887d;393.32;5.80629874;UNKNOWN
2016-01-28T01:49:08.000000;2016-01-28T01:49:08.000000;1a7629a7-cdc0-40bd-8c66-4e37390244de;393.25;1.7178016;UNKNOWN
2016-01-28T01:49:08.000000;2016-01-28T01:49:08.000000;22aac0e3-42e7-49c3-abc4-e1595bcc61d0;393.3;1.0;UNKNOWN
2016-01-28T01:49:09.000000;2016-01-28T01:49:09.000000;9990eb24-5850-4089-8eba-9967b0d78d2b;393.83;3.0;UNKNOWN
2016-01-28T01:49:10.000000;2016-01-28T01:49:10.000000;78e33774-aa40-4c6b-b2b8-cd188a2f2b9c;393.82;0.03715803;UNKNOWN
2016-01-28T01:50:05.000000;2016-01-28T01:50:05.000000;e1ba3d5f-aa43-4a2a-b6d6-b4559ee8c033;393.36;3.0;UNKNOWN
2016-01-28T01:50:05.000000;2016-01-28T01:50:05.000000;23335525-32e5-46fb-bc9d-c99f5deca229;393.35;3.62967988;UNKNOWN
2016-01-28T01:50:05.000000;2016-01-28T01:50:05.000000;30f6455e-2618-402b-90cc-c4dd22ac9ca0;393.37;0.5;UNKNOWN
2016-01-28T01:50:23.000000;2016-01-28T01:50:23.000000;5ca5521f-75eb-4ef9-b451-991f390ba4da;393.32;0.069239;UNKNOWN
2016-01-28T01:51:02.000000;2016-01-28T01:51:02.000000;78a96c36-bcf1-4eb3-85a6-35cbf121a36c;393.5;0.09416274;UNKNOWN
2016-01-28T01:53:05.000000;2016-01-28T01:53:05.000000;8f02793f-4198-4b73-83e1-7422d278b3c7;393.32;0.930761;UNKNOWN
2016-01-28T01:53:05.000000;2016-01-28T01:53:05.000000;23af3409-bfbd-49c0-b7bc-d269d344529a;393.11;5.0;UNKNOWN
2016-01-28T01:53:05.000000;2016-01-28T01:53:05.000000;adf63e22-aa9b-4260-90a9-1e1834e56500;393.11;0.51710174;UNKNOWN
2016-01-28T01:53:05.000000;2016-01-28T01:53:05.000000;2a3312c3-1c63-429b-97b9-4ce0d1eb3f91;393.33;1.0;UNKNOWN
2016-01-28T01:53:05.000000;2016-01-28T01:53:05.000000;ff55628f-d050-4d7f-a51e-1c6a4bc983ba;393.3;1.0;UNKNOWN
2016-01-28T01:53:05.000000;2016-01-28T01:53:05.000000;2ba03b93-1718-4fa5-9f79-9d3f8cc17d5e;393.5;1.55213726;UNKNOWN
2016-01-28T01:53:06.000000;2016-01-28T01:53:06.000000;2a884687-7128-4cbb-9b4e-0fe731f4580e;393.1;0.01;UNKNOWN
2016-01-28T01:53:06.000000;2016-01-28T01:53:06.000000;df4ad2e5-a015-40a8-b9b8-848a0bba4ea3;393.1;0.15;UNKNOWN
2016-01-28T01:53:06.000000;2016-01-28T01:53:06.000000;cda6945c-1c22-43f9-a738-11f71a0df132;393.1;0.1;UNKNOWN
2016-01-28T01:53:06.000000;2016-01-28T01:53:06.000000;4b0590c5-4a88-4202-ba5b-38fdb5c02dd7;393.05;0.13253339;UNKNOWN
2016-01-28T01:53:21.000000;2016-01-28T01:53:21.000000;92535625-4265-4381-a02e-f6410625e084;392.96;10.0;UNKNOWN
2016-01-28T01:53:21.000000;2016-01-28T01:53:21.000000;898a216d-38e3-4f33-822c-48805cb79ffc;392.73;2.53094075;UNKNOWN
2016-01-28T01:53:21.000000;2016-01-28T01:53:21.000000;0ca1e8ce-20ab-4aff-a728-805fc8d9bca2;392.78;2.53094075;UNKNOWN
2016-01-28T01:53:21.000000;2016-01-28T01:53:21.000000;64e87f7e-7bc9-447a-9e18-f93732bcb08e;393.0;0.05;UNKNOWN
2016-01-28T01:53:21.000000;2016-01-28T01:53:21.000000;a6398425-4fb4-4577-99c8-062dfad0f9c8;392.97;2.53097278;UNKNOWN
2016-01-28T01:53:21.000000;2016-01-28T01:53:21.000000;b16a7df0-505e-443a-9866-7e080daf12f6;392.92;15.916;UNKNOWN
2016-01-28T01:53:21.000000;2016-01-28T01:53:21.000000;1bd38e6e-dbc1-4e44-aafb-1e59a9b91bc0;392.97;0.01;UNKNOWN
2016-01-28T01:53:21.000000;2016-01-28T01:53:21.000000;94bde815-1f28-4cc4-85ef-5bbe2f901045;392.92;20.0;UNKNOWN
2016-01-28T01:53:21.000000;2016-01-28T01:53:21.000000;d328daad-353c-433e-b9dc-f6b725da7211;392.55;16.2739;UNKNOWN
2016-01-28T01:53:21.000000;2016-01-28T01:53:21.000000;365c607f-c74e-4ea3-8168-1a843e5e334f;392.38;14.7195;UNKNOWN
2016-01-28T01:53:21.000000;2016-01-28T01:53:21.000000;89f00c95-a0b8-4cb3-becb-c265ac74a24b;392.92;2.53097278;UNKNOWN
2016-01-28T01:53:21.000000;2016-01-28T01:53:21.000000;b2e6301e-5bfc-4353-b043-940799265540;392.68;0.11746954;UNKNOWN
2016-01-28T01:53:21.000000;2016-01-28T01:53:21.000000;eca8f8c0-20fa-440d-a639-d88de4d1bb9a;392.4;0.2;UNKNOWN
2016-01-28T01:53:21.000000;2016-01-28T01:53:21.000000;5118fff0-98c7-4475-a9bf-6a5d638b0b54;392.41;10.1221;UNKNOWN
2016-01-28T01:53:21.000000;2016-01-28T01:53:21.000000;8f11ed04-a105-4b6f-9fe1-0842321063a5;392.64;2.53094075;UNKNOWN
2016-01-28T01:53:21.000000;2016-01-28T01:53:21.000000;6bfff5a3-f5fc-4754-9cc6-ddf2db4f1d18;392.87;10.0;UNKNOWN
2016-01-28T01:53:21.000000;2016-01-28T01:53:21.000000;6d5ec96c-4018-4ddf-9a7b-25ff0122a278;392.82;2.53097278;UNKNOWN
2016-01-28T01:53:21.000000;2016-01-28T01:53:21.000000;bf02c0dc-d12d-4e21-bc48-d1e424a93a88;392.3;0.1245;UNKNOWN
2016-01-28T01:53:21.000000;2016-01-28T01:53:21.000000;f67f6097-6e59-4fa3-a38a-bd733f6d2787;392.79;10.0;UNKNOWN
2016-01-28T01:53:21.000000;2016-01-28T01:53:21.000000;85766dd6-aed8-421e-a73f-9f19699f53ea;392.68;2.53094075;UNKNOWN
2016-01-28T01:53:21.000000;2016-01-28T01:53:21.000000;94cc4366-b647-4a90-9220-4e276d942754;392.75;15.6189;UNKNOWN
2016-01-28T01:53:21.000000;2016-01-28T01:53:21.000000;de4a7332-6b83-416d-95ea-eff84d5e02d0;392.87;2.53097278;UNKNOWN
2016-01-28T01:53:21.000000;2016-01-28T01:53:21.000000;0cdfc37d-2323-42d8-877d-c8a825f697db;392.91;42.0;UNKNOWN
2016-01-28T01:53:21.000000;2016-01-28T01:53:21.000000;f4ace0cf-edb8-481e-895a-90cd7b01875f;392.91;15.1789;UNKNOWN
2016-01-28T01:53:21.000000;2016-01-28T01:53:21.000000;1391f47e-237d-4be3-b3a2-5450fc6cc024;392.75;4.152937;UNKNOWN
2016-01-28T01:53:21.000000;2016-01-28T01:53:21.000000;183f24db-6bf2-4d1d-ae9d-efd46db8540c;392.67;3.33306;UNKNOWN
2016-01-28T01:53:21.000000;2016-01-28T01:53:21.000000;e5d6424f-58c0-4521-a546-a52869c8f7b0;393.0;0.8;UNKNOWN
2016-01-28T01:53:21.000000;2016-01-28T01:53:21.000000;a547d1ac-09e9-4d16-aa9d-6f7d1e3dd4df;393.0;1.0;UNKNOWN
2016-01-28T01:53:21.000000;2016-01-28T01:53:21.000000;77070012-b17a-4240-ba2b-003cb85c50b2;393.05;2.39859954;UNKNOWN
2016-01-28T01:53:21.000000;2016-01-28T01:53:21.000000;426e1543-5e20-4827-8d4c-5e6ab2b3c48b;392.97;17.1542;UNKNOWN
2016-01-28T01:53:21.000000;2016-01-28T01:53:21.000000;17212ae4-fbac-46da-a8a9-d5a212b748cf;393.0;2.53113293;UNKNOWN
2016-01-28T01:53:21.000000;2016-01-28T01:53:21.000000;14df09f0-6fe2-4eab-a678-c313d3291cc3;392.28;18.05114687;UNKNOWN
2016-01-28T01:53:29.000000;2016-01-28T01:53:29.000000;e8b9d1bf-e78f-4993-b1ba-86776d77c37f;392.39;0.5;UNKNOWN
2016-01-28T01:53:29.000000;2016-01-28T01:53:29.000000;648d1151-7876-48cd-8e47-4c316dfce723;392.39;2.2364;UNKNOWN
2016-01-28T01:53:29.000000;2016-01-28T01:53:29.000000;98d1f51a-8529-471b-84f5-0bcaeadaf2e9;392.39;13.1584;UNKNOWN
2016-01-28T01:53:29.000000;2016-01-28T01:53:29.000000;848c2d45-48c6-481c-b4b5-925e6747e2e3;392.42;5.0;UNKNOWN
2016-01-28T01:53:29.000000;2016-01-28T01:53:29.000000;2254d972-b2a8-41b1-b7d5-8b2ba79ecb1b;392.42;26.8416;UNKNOWN
2016-01-28T01:53:29.000000;2016-01-28T01:53:29.000000;ec83e9b7-1f16-461f-aa41-b6a4efa7a8ff;392.25;3.7636;UNKNOWN
2016-01-28T01:53:39.000000;2016-01-28T01:53:39.000000;9412e51f-205f-4409-94f6-f6fef7b1e4f0;392.38;1.438;UNKNOWN
2016-01-28T01:54:08.000000;2016-01-28T01:54:08.000000;99d1a786-7cec-4fc1-8ac3-5c340d51b6dd;393.18;6.7045;UNKNOWN
2016-01-28T01:54:08.000000;2016-01-28T01:54:08.000000;c99afb81-ac82-4299-b406-e3137bba88b9;392.96;6.2955;UNKNOWN
2016-01-28T01:54:08.000000;2016-01-28T01:54:08.000000;429137a7-2077-4484-b1d2-fb824ba23636;393.17;12.0;UNKNOWN
2016-01-28T01:55:00.000000;2016-01-28T01:55:00.000000;b4acd185-1597-4351-affa-bf98d32c12de;393.33;1.0;UNKNOWN
2016-01-28T01:55:05.000000;2016-01-28T01:55:05.000000;728cc85a-6ee7-4470-b99b-ae93edd040d3;392.91;1.0925;UNKNOWN
2016-01-28T01:55:05.000000;2016-01-28T01:55:05.000000;09ad50d0-35fd-4c09-8f3a-7a017908493e;393.27;1.0;UNKNOWN
2016-01-28T01:55:20.000000;2016-01-28T01:55:20.000000;023d1077-9d81-41d3-b22a-9c5fd94b466d;393.23;1.0;UNKNOWN
2016-01-28T01:55:53.000000;2016-01-28T01:55:53.000000;18f71c41-1d5d-4ee8-be01-4245472b24c3;393.18;3.05720824;UNKNOWN
2016-01-28T01:55:54.000000;2016-01-28T01:55:54.000000;ff6c5ebf-4db9-43d4-8b1e-6c08aacba1ed;393.46;1.63500141;UNKNOWN
2016-01-28T01:55:54.000000;2016-01-28T01:55:54.000000;9c63a9d0-af60-43b3-ba8f-193c5ed46440;393.42;2.53292806;UNKNOWN
2016-01-28T01:55:54.000000;2016-01-28T01:55:54.000000;09a1f4db-9ac2-41f4-ad85-7ae1aa0716cb;393.25;2.53334515;UNKNOWN
2016-01-28T01:55:54.000000;2016-01-28T01:55:54.000000;432723f5-7f30-4ddd-8064-65df64fa249c;393.23;2.53334515;UNKNOWN
2016-01-28T01:55:54.000000;2016-01-28T01:55:54.000000;a9d1f242-cbfd-4b5f-9236-0ed207ede740;393.34;2.53308847;UNKNOWN
2016-01-28T01:55:54.000000;2016-01-28T01:55:54.000000;2b6e55ba-6c5d-415c-aacd-a8f2a5edc0af;393.18;3.23229176;UNKNOWN
2016-01-28T01:56:05.000000;2016-01-28T01:56:05.000000;75b80663-a989-4de8-bb69-d47202d63f38;392.88;3.0;UNKNOWN
2016-01-28T01:56:05.000000;2016-01-28T01:56:05.000000;6a384ec0-1ed3-42b7-9730-4c0406ae6bb9;392.88;0.5;UNKNOWN
2016-01-28T01:56:05.000000;2016-01-28T01:56:05.000000;8228f841-0833-4420-9b9b-3b293606f701;393.21;0.1;UNKNOWN
2016-01-28T01:56:05.000000;2016-01-28T01:56:05.000000;b4eed7e5-0330-42f8-9ba4-1a4af9904133;392.88;1.4;UNKNOWN
2016-01-28T01:56:06.000000;2016-01-28T01:56:06.000000;bfef95bd-5481-4ba5-936a-18442a35165d;392.89;5.0;UNKNOWN
2016-01-28T01:56:18.000000;2016-01-28T01:56:18.000000;0caa9657-324c-4321-938b-a280aaa7caea;393.44;1.429;UNKNOWN
2016-01-28T01:57:55.000000;2016-01-28T01:57:55.000000;a5e86ec7-369d-4776-8a4b-ffc67c620ca8;393.0;1.0;UNKNOWN
2016-01-28T01:58:22.000000;2016-01-28T01:58:22.000000;b1974986-8229-4bdc-8d98-1e69ee6c8018;392.89;0.22;UNKNOWN
2016-01-28T01:58:22.000000;2016-01-28T01:58:22.000000;b5b9032d-29d9-4f90-b6b2-0201f935c21d;392.8;0.544473;UNKNOWN
2016-01-28T01:59:15.000000;2016-01-28T01:59:15.000000;1898f64b-7ddc-4ecc-aeb1-bdaaa922474b;393.6;0.01;UNKNOWN
2016-01-28T01:59:32.000000;2016-01-28T01:59:32.000000;b56b1bf8-3569-4c26-9321-5d0c8965baeb;393.14;0.12484168;UNKNOWN
2016-01-28T02:00:05.000000;2016-01-28T02:00:05.000000;3f682380-36ea-4b29-af1a-992be87e5ab8;393.13;8.0;UNKNOWN
2016-01-28T02:01:05.000000;2016-01-28T02:01:05.000000;7df3ae34-25ba-4c82-a8f3-0d018c488efe;393.15;1.18795024;UNKNOWN
2016-01-28T02:02:35.000000;2016-01-28T02:02:35.000000;14a1b845-bc12-497a-870a-0e9656698366;393.14;6.0;UNKNOWN
2016-01-28T02:02:48.000000;2016-01-28T02:02:48.000000;bfc9bf7e-319b-4eaf-a9ab-e715a3d917a1;393.4;0.0279;UNKNOWN
2016-01-28T02:03:05.000000;2016-01-28T02:03:05.000000;cef629d3-315e-4e8d-8347-f194c9bac0d3;392.97;1.0;UNKNOWN
2016-01-28T02:05:22.000000;2016-01-28T02:05:22.000000;936cc9ae-c5f2-4085-bc71-455fccec2b25;393.38;0.89100058;UNKNOWN
2016-01-28T02:07:03.000000;2016-01-28T02:07:03.000000;c60e7042-deae-4cf7-8b86-214a67be9384;393.53;0.25449391;UNKNOWN
2016-01-28T02:07:13.000000;2016-01-28T02:07:13.000000;c439841d-883d-4596-b66a-2baff27dbb79;393.53;0.50135301;UNKNOWN
2016-01-28T02:09:05.000000;2016-01-28T02:09:05.000000;f178ce31-380e-4720-bd77-d92e5851df4b;393.51;6.2741;UNKNOWN
2016-01-28T02:09:05.000000;2016-01-28T02:09:05.000000;1d7c97fc-da3c-48b0-a0f9-b46960042dc0;393.5;42.698;UNKNOWN
2016-01-28T02:09:05.000000;2016-01-28T02:09:05.000000;a30d2779-a25d-4430-af9b-89860eb6d412;393.73;1.0;UNKNOWN
2016-01-28T02:09:05.000000;2016-01-28T02:09:05.000000;4624105b-52aa-4022-8919-0ede80fc74a1;393.72;0.0279;UNKNOWN
2016-01-28T02:09:20.000000;2016-01-28T02:09:20.000000;d98a2aa2-b098-43c9-8135-a77449e3580d;393.5;0.5797531;UNKNOWN
2016-01-28T02:09:24.000000;2016-01-28T02:09:24.000000;77123202-4a08-42bb-bb28-1c5e934e0c1f;393.51;0.05093;UNKNOWN
2016-01-28T02:09:50.000000;2016-01-28T02:09:50.000000;f0288652-1388-42e6-a4b7-324937785c0c;393.51;0.13775345;UNKNOWN
2016-01-28T02:09:50.000000;2016-01-28T02:09:50.000000;c0ba402e-39f5-4d8b-b257-b70babb3e20b;393.51;1.86224655;UNKNOWN
2016-01-28T02:10:01.000000;2016-01-28T02:10:01.000000;c0e19d1e-733d-4f36-b0ff-f36f5da87636;393.5;6.7222469;UNKNOWN
2016-01-28T02:10:01.000000;2016-01-28T02:10:01.000000;9d154b66-e72a-460a-8da1-7131d8e371d3;393.51;6.2905;UNKNOWN
2016-01-28T02:10:05.000000;2016-01-28T02:10:05.000000;0894ae20-291d-42d8-97a2-a340b24948d2;393.4;2.7636;UNKNOWN
2016-01-28T02:10:05.000000;2016-01-28T02:10:05.000000;f6ba278f-6f89-46eb-b4ea-43912b64ca00;393.4;0.7364;UNKNOWN
2016-01-28T02:10:06.000000;2016-01-28T02:10:06.000000;2f046d75-f6d7-4f4c-a6a4-1d8386d42457;393.4;1.79086285;UNKNOWN
2016-01-28T02:10:06.000000;2016-01-28T02:10:06.000000;c420709c-8644-4a82-b835-77a463a0000d;393.4;0.60597129;UNKNOWN
2016-01-28T02:11:30.000000;2016-01-28T02:11:30.000000;102559b2-16cd-4e06-9b0c-07b0c2963bc8;393.39;0.02484;UNKNOWN
2016-01-28T02:13:05.000000;2016-01-28T02:13:05.000000;f6b5aa44-0148-4a11-9cbe-2be0c90fbbda;393.01;6.2932;UNKNOWN
2016-01-28T02:13:05.000000;2016-01-28T02:13:05.000000;e2d684bf-e347-4752-8979-14f8aa66ee84;393.01;0.3068;UNKNOWN
2016-01-28T02:13:17.000000;2016-01-28T02:13:17.000000;5eb1a0c0-dc28-4c0e-8060-b425868ac6e8;393.13;0.0302;UNKNOWN
2016-01-28T02:14:13.000000;2016-01-28T02:14:13.000000;678113fc-e1d2-428e-9773-228e8afb5112;393.07;1.0;UNKNOWN
2016-01-28T02:14:51.000000;2016-01-28T02:14:51.000000;25300f2c-dec6-4a75-89ef-00c0dac1be6f;393.0;0.1261;UNKNOWN
2016-01-28T02:15:05.000000;2016-01-28T02:15:05.000000;5ae3f219-dd31-4665-982e-fc1596a25c48;393.02;2.04212206;UNKNOWN
2016-01-28T02:15:06.000000;2016-01-28T02:15:06.000000;93e574e3-dca8-440c-94cb-f8ec54f15e7a;393.02;0.0503;UNKNOWN
2016-01-28T02:16:05.000000;2016-01-28T02:16:05.000000;69d201a0-d9d3-4757-86bf-c58c7bf2e853;393.0;0.02355;UNKNOWN
2016-01-28T02:16:06.000000;2016-01-28T02:16:06.000000;0656902a-dda9-4c5e-b437-3ffbd7379dea;393.0;0.0436362;UNKNOWN
2016-01-28T02:17:05.000000;2016-01-28T02:17:05.000000;889270b1-63bc-423e-ae1d-47bb406695b5;393.19;1.0;UNKNOWN
2016-01-28T02:17:24.000000;2016-01-28T02:17:24.000000;ef3dd1c0-f3c9-4c5b-ad6c-2bd9105a9c45;393.2;7.27105635;UNKNOWN
2016-01-28T02:18:48.000000;2016-01-28T02:18:48.000000;d2b67baf-36c8-4b57-adac-ba29c528e229;393.19;0.1576;UNKNOWN
2016-01-28T02:19:05.000000;2016-01-28T02:19:05.000000;fb42e2e4-66d2-40fc-b6c5-b8bd0da46244;393.12;1.524152;UNKNOWN
2016-01-28T02:19:05.000000;2016-01-28T02:19:05.000000;74b2e8f9-2177-4fd6-bd5b-53f88756cb12;393.17;0.075848;UNKNOWN
2016-01-28T02:19:06.000000;2016-01-28T02:19:06.000000;f8a00c1a-35b8-414e-903a-cec7733426c5;393.18;1.85903046;UNKNOWN
2016-01-28T02:20:05.000000;2016-01-28T02:20:05.000000;0d16df4b-696d-431c-aa1e-a9004a6d65dc;393.12;4.08910702;UNKNOWN
2016-01-28T02:20:05.000000;2016-01-28T02:20:05.000000;a29dbb53-23d1-483d-a40a-e7a4d90f83f2;393.17;0.32934;UNKNOWN
2016-01-28T02:22:26.000000;2016-01-28T02:22:26.000000;acfe209f-cea9-4305-8c7a-043ef92fff3c;393.17;6.3257;UNKNOWN
2016-01-28T02:22:26.000000;2016-01-28T02:22:26.000000;c49f468b-a05d-4799-8e2b-8d07dea885ef;393.2;5.3743;UNKNOWN
2016-01-28T02:23:06.000000;2016-01-28T02:23:06.000000;4a789d13-15df-45fa-b72d-638f41fd9b2e;392.96;9.1760862;UNKNOWN
2016-01-28T02:23:06.000000;2016-01-28T02:23:06.000000;957801db-829f-46f3-81c3-a5bc87c04a71;393.0;0.0172;UNKNOWN
2016-01-28T02:23:06.000000;2016-01-28T02:23:06.000000;4f608d3d-ef10-4872-919c-02e711c19d9d;393.0;0.8067138;UNKNOWN
2016-01-28T02:23:06.000000;2016-01-28T02:23:06.000000;589f75e3-49a4-4ed4-9ee4-446fb9a1d97f;392.96;0.8239138;UNKNOWN
2016-01-28T02:23:06.000000;2016-01-28T02:23:06.000000;cddcf86d-7464-49f4-bce3-42aaa568a704;392.87;2.70839595;UNKNOWN
2016-01-28T02:23:34.000000;2016-01-28T02:23:34.000000;cbd60266-debf-4428-b8af-ef607b644684;392.86;0.01;UNKNOWN
2016-01-28T02:24:05.000000;2016-01-28T02:24:05.000000;5bac0b65-b0fd-4dae-af46-6fc2f5ab48c0;392.88;4.83760143;UNKNOWN
2016-01-28T02:24:06.000000;2016-01-28T02:24:06.000000;50896867-14a5-4cfb-8e57-8e9a2b7ab655;392.87;0.8983;UNKNOWN
2016-01-28T02:24:33.000000;2016-01-28T02:24:33.000000;1e0b33ae-5754-497b-8fec-e69e19c717fa;392.88;0.02;UNKNOWN
2016-01-28T02:24:33.000000;2016-01-28T02:24:33.000000;ab44a9d6-d268-4abe-833a-0235cf54a40f;393.18;0.5;UNKNOWN
2016-01-28T02:24:33.000000;2016-01-28T02:24:33.000000;d9db8e64-4873-4107-9aa1-30b2c155528f;393.19;0.48;UNKNOWN
2016-01-28T02:26:05.000000;2016-01-28T02:26:05.000000;664ed806-4ad7-4a2d-b575-64327ec73929;393.01;0.499;UNKNOWN
2016-01-28T02:26:05.000000;2016-01-28T02:26:05.000000;5865832e-77bb-42b1-bd5b-fb4c7cbc7f19;392.91;1.57694283;UNKNOWN
2016-01-28T02:26:05.000000;2016-01-28T02:26:05.000000;7a664472-3936-4562-bd45-b3ff03910575;393.05;0.0109;UNKNOWN
2016-01-28T02:26:06.000000;2016-01-28T02:26:06.000000;a3021ef5-c815-4233-b449-363353262273;392.8;0.455527;UNKNOWN
2016-01-28T02:26:06.000000;2016-01-28T02:26:06.000000;94d9619e-043a-45b8-88d4-23af3d540b6e;392.8;0.1852;UNKNOWN
2016-01-28T02:26:06.000000;2016-01-28T02:26:06.000000;3ce38dab-85b7-4038-8fc9-1df8748f3e8b;392.8;4.66251085;UNKNOWN
2016-01-28T02:26:07.000000;2016-01-28T02:26:07.000000;0cd24711-100e-4bd4-bc76-ad707bd3c5df;393.17;0.89655275;UNKNOWN
2016-01-28T02:29:05.000000;2016-01-28T02:29:05.000000;d50b891b-ce9e-48bd-94ad-6c5baeb2f3b3;393.05;2.48875035;UNKNOWN
2016-01-28T02:32:05.000000;2016-01-28T02:32:05.000000;b0fe435c-5eb1-4a95-974a-b56570dd9268;393.06;0.99929106;UNKNOWN
2016-01-28T02:32:05.000000;2016-01-28T02:32:05.000000;657b03ee-6315-4638-ba76-d4f90b67ebcc;393.06;2.52850894;UNKNOWN
2016-01-28T02:32:37.000000;2016-01-28T02:32:37.000000;bb1a4afa-d162-4261-b97d-b327ccf80924;393.08;0.11382092;UNKNOWN
2016-01-28T02:33:19.000000;2016-01-28T02:33:19.000000;95089bd8-f9f6-4281-ab9f-8c2e97bdf093;393.0;0.3;UNKNOWN
2016-01-28T02:33:19.000000;2016-01-28T02:33:19.000000;f7f4f59b-e0a6-429e-a342-b765f38296ee;392.49;2.53058849;UNKNOWN
2016-01-28T02:33:19.000000;2016-01-28T02:33:19.000000;4537e99a-eb36-45df-94ce-ce847ab03ed0;393.05;5.01124965;UNKNOWN
2016-01-28T02:33:19.000000;2016-01-28T02:33:19.000000;91afdf0d-b7a7-4274-9905-80ab3000ba77;392.5;29.3638;UNKNOWN
2016-01-28T02:33:19.000000;2016-01-28T02:33:19.000000;ca73be59-9294-4018-bc33-bb710a58bf67;392.6;0.0503;UNKNOWN
2016-01-28T02:33:19.000000;2016-01-28T02:33:19.000000;9e2aa7c4-d37f-463c-b572-2c13b16e62a1;393.0;0.3;UNKNOWN
2016-01-28T02:33:19.000000;2016-01-28T02:33:19.000000;ef713a2e-a99b-4006-8f74-b63693a6818e;392.75;0.0150876;UNKNOWN
2016-01-28T02:33:19.000000;2016-01-28T02:33:19.000000;a1e2798e-791d-4d7b-847c-aca2b8cdb180;392.58;15.0178;UNKNOWN
2016-01-28T02:33:19.000000;2016-01-28T02:33:19.000000;393738e7-4dd1-42b4-80ca-d3809b54f4bf;392.45;2.53058849;UNKNOWN
2016-01-28T02:33:19.000000;2016-01-28T02:33:19.000000;fde4dd03-2416-476a-9f9d-8049bb7a7bfc;392.56;2.53106887;UNKNOWN
2016-01-28T02:33:19.000000;2016-01-28T02:33:19.000000;f5564d08-54ef-42eb-a1b7-73705551ea1f;392.41;11.2137125;UNKNOWN
2016-01-28T02:34:05.000000;2016-01-28T02:34:05.000000;5015508a-ef39-4ec1-a575-db016105b19d;392.25;9.26;UNKNOWN
2016-01-28T02:34:05.000000;2016-01-28T02:34:05.000000;7093aab0-3aa2-48e1-9f63-c2f61dde488f;392.25;0.35586226;UNKNOWN
2016-01-28T02:34:08.000000;2016-01-28T02:34:08.000000;51068212-3835-48c5-afb0-afffbc61abe0;392.25;1.5;UNKNOWN
2016-01-28T02:34:08.000000;2016-01-28T02:34:08.000000;8c236a76-4b0c-48a3-8e5b-9fbf950dade1;392.25;5.9;UNKNOWN
2016-01-28T02:34:11.000000;2016-01-28T02:34:11.000000;dc7e1085-03d3-408b-8b61-33a0961a64d0;392.25;4.22053774;UNKNOWN
2016-01-28T02:34:11.000000;2016-01-28T02:34:11.000000;bcbf4653-5f66-4220-a68f-1f29c0954c3b;392.25;2.04169951;UNKNOWN
2016-01-28T02:34:11.000000;2016-01-28T02:34:11.000000;dc1b314b-0944-4d94-be07-2976e860bc26;392.2;0.1497;UNKNOWN
2016-01-28T02:34:11.000000;2016-01-28T02:34:11.000000;ab49b47d-81a4-4153-bbdc-938e6514a6f8;392.25;2.73921996;UNKNOWN
2016-01-28T02:34:14.000000;2016-01-28T02:34:14.000000;5d1a61a5-9dc3-4628-920d-e0c9d0dc17ee;392.01;0.85;UNKNOWN
2016-01-28T02:34:14.000000;2016-01-28T02:34:14.000000;74be4509-10ef-4f22-afaf-33d259d74456;392.02;3.15;UNKNOWN
2016-01-28T02:34:15.000000;2016-01-28T02:34:15.000000;3e8b6ffd-a4c1-438c-bc9f-faa10e0ce55b;392.0;0.2;UNKNOWN
2016-01-28T02:34:15.000000;2016-01-28T02:34:15.000000;0d3b5e13-f3e9-40b7-8fa5-30482eb4b3e7;392.01;3.15;UNKNOWN
2016-01-28T02:34:15.000000;2016-01-28T02:34:15.000000;6cf24954-03c6-410e-974b-5c2a9e6de315;392.0;11.49767888;UNKNOWN
2016-01-28T02:34:17.000000;2016-01-28T02:34:17.000000;14cd3b75-aa79-4f9e-970a-a449e8b8235b;392.0;13.50232112;UNKNOWN
2016-01-28T02:34:17.000000;2016-01-28T02:34:17.000000;5f8ab185-e8b6-4857-aaf9-8fd957d5db73;392.0;11.49767888;UNKNOWN
2016-01-28T02:34:18.000000;2016-01-28T02:34:18.000000;8491ae58-976a-4bae-be77-970fc2bd4572;391.75;1.14767888;UNKNOWN
2016-01-28T02:34:18.000000;2016-01-28T02:34:18.000000;31f0bea8-bbea-4f9e-9715-cc24bdb21c9e;392.0;0.05;UNKNOWN
2016-01-28T02:34:18.000000;2016-01-28T02:34:18.000000;207aade5-fbc9-48b8-a3c6-dd5b4d2ddd34;391.99;0.3;UNKNOWN
2016-01-28T02:34:18.000000;2016-01-28T02:34:18.000000;7b80cf44-27da-478e-a261-4b6b692f982b;392.0;13.50232112;UNKNOWN
2016-01-28T02:34:18.000000;2016-01-28T02:34:18.000000;f233587b-11f1-421b-a702-4958a6466a9d;391.8;1.0;UNKNOWN
2016-01-28T02:34:19.000000;2016-01-28T02:34:19.000000;46fcf58c-fb75-424e-8a0f-617a29599bce;391.75;6.0;UNKNOWN
2016-01-28T02:34:19.000000;2016-01-28T02:34:19.000000;6cd07799-440d-4617-bdd0-f58405dfe692;391.75;5.95987448;UNKNOWN
2016-01-28T02:34:21.000000;2016-01-28T02:34:21.000000;a8ea627b-9bca-4cb9-badc-a10af858bcae;391.75;9.91;UNKNOWN
2016-01-28T02:34:22.000000;2016-01-28T02:34:22.000000;fa7e8823-5abc-4f07-b06a-994e123ee089;391.75;1.429;UNKNOWN
2016-01-28T02:34:24.000000;2016-01-28T02:34:24.000000;0db0657f-0368-41d8-8159-4ea9b7dee16a;391.75;0.55344664;UNKNOWN
2016-01-28T02:34:24.000000;2016-01-28T02:34:24.000000;07ab081c-69f7-4807-a7ec-5d7e5a71cb5e;391.67;0.5;UNKNOWN
2016-01-28T02:34:24.000000;2016-01-28T02:34:24.000000;debf80ba-e056-4e25-b5a3-e8a756f2bffd;391.58;24.94215796;UNKNOWN
2016-01-28T02:34:25.000000;2016-01-28T02:34:25.000000;0ff46abc-f5e7-439e-8802-5fa14216a8e7;391.58;0.0104895;UNKNOWN
2016-01-28T02:34:25.000000;2016-01-28T02:34:25.000000;4136f517-1ad6-4435-a3fe-878cf695d508;391.58;0.5;UNKNOWN
2016-01-28T02:34:25.000000;2016-01-28T02:34:25.000000;28f98d1b-06dc-4296-9fd9-a9c004fdf94e;391.58;0.5;UNKNOWN
2016-01-28T02:34:34.000000;2016-01-28T02:34:34.000000;d4237c73-8b7c-469f-9df9-5fe60e2e3a84;391.58;18.23;UNKNOWN
2016-01-28T02:34:37.000000;2016-01-28T02:34:37.000000;ad3a3215-92a8-4679-8556-2218d06794ed;391.58;7.81735254;UNKNOWN
2016-01-28T02:34:44.000000;2016-01-28T02:34:44.000000;7f3ebb0e-5677-4ee2-a8e4-2d603440d317;391.5;13.76;UNKNOWN
2016-01-28T02:34:45.000000;2016-01-28T02:34:45.000000;ceda322e-a30e-496b-87b6-31bc69f452aa;391.25;2.76;UNKNOWN
2016-01-28T02:34:45.000000;2016-01-28T02:34:45.000000;ba20c70b-5b82-4d45-a997-6780e9bd96a9;391.5;11.24;UNKNOWN
2016-01-28T02:34:45.000000;2016-01-28T02:34:45.000000;6754cf4c-752d-4ca0-beba-c6e97b8fc02f;391.25;0.04;UNKNOWN
2016-01-28T02:34:45.000000;2016-01-28T02:34:45.000000;2afb6df3-21be-4d32-9ff5-59413391f0d8;391.5;1.0;UNKNOWN
2016-01-28T02:34:49.000000;2016-01-28T02:34:49.000000;54cf9f53-218f-4eff-8789-53da7123634a;390.42;0.01;UNKNOWN
2016-01-28T02:34:49.000000;2016-01-28T02:34:49.000000;0446d816-5ae3-4c8e-a8d1-641c85b64c41;391.25;22.2;UNKNOWN
2016-01-28T02:34:49.000000;2016-01-28T02:34:49.000000;518ee8c8-178f-48de-abc5-49748ad9f9dc;391.0;0.05;UNKNOWN
2016-01-28T02:34:49.000000;2016-01-28T02:34:49.000000;3e7b67e1-64ef-4e25-a07d-dc10fc2226e9;391.0;0.01;UNKNOWN
2016-01-28T02:34:49.000000;2016-01-28T02:34:49.000000;60a80922-65c5-4462-97a0-a6d2f2712d8e;390.67;0.1;UNKNOWN
2016-01-28T02:34:49.000000;2016-01-28T02:34:49.000000;db3b83b9-b097-4aa1-8075-c6ca07c963ff;390.58;12.5;UNKNOWN
2016-01-28T02:34:49.000000;2016-01-28T02:34:49.000000;914fa1d1-65d1-4f54-99bf-bc146a245d62;390.87;0.0111;UNKNOWN
2016-01-28T02:34:49.000000;2016-01-28T02:34:49.000000;5e071f34-ad2b-4986-9200-b4ee63913ee5;391.0;0.1;UNKNOWN
2016-01-28T02:34:49.000000;2016-01-28T02:34:49.000000;55ebd2f0-e748-4f04-aef3-dcc8ae48bba2;391.0;1.0;UNKNOWN
2016-01-28T02:34:49.000000;2016-01-28T02:34:49.000000;71517c66-0827-4deb-888d-f74d2173403f;391.0;0.01;UNKNOWN
2016-01-28T02:34:49.000000;2016-01-28T02:34:49.000000;23170740-b53a-4363-ae24-2ca1e1025423;390.46;0.24416691;UNKNOWN
2016-01-28T02:34:49.000000;2016-01-28T02:34:49.000000;b751f971-aaed-463f-aa30-eda646eb5f62;390.46;0.15;UNKNOWN
2016-01-28T02:34:49.000000;2016-01-28T02:34:49.000000;79b75a93-bf13-47d9-8b4e-670e3b9fd379;390.41;2.40473309;UNKNOWN
2016-01-28T02:34:49.000000;2016-01-28T02:34:49.000000;85ca83ec-e195-4c63-b3ba-6f2a6edc3fdc;390.5;1.0;UNKNOWN
2016-01-28T02:34:49.000000;2016-01-28T02:34:49.000000;22d954fb-9ed0-4b9b-916b-b4bdc55a36f2;390.6;0.2;UNKNOWN
2016-01-28T02:34:49.000000;2016-01-28T02:34:49.000000;81896b93-1331-4105-b160-9adff527a7a2;390.55;0.01;UNKNOWN
2016-01-28T02:34:53.000000;2016-01-28T02:34:53.000000;2392151e-e06b-4dc4-9657-2a99e75a1b56;390.11;2.13589898;UNKNOWN
2016-01-28T02:34:53.000000;2016-01-28T02:34:53.000000;5773bea1-81cc-4b67-bd8f-b76ff1b668fc;390.4;25.0;UNKNOWN
2016-01-28T02:34:53.000000;2016-01-28T02:34:53.000000;0dbd1dfb-9436-4f4d-992f-87e070481b6d;390.15;2.54559802;UNKNOWN
2016-01-28T02:34:53.000000;2016-01-28T02:34:53.000000;b2b9cc44-7cad-4b6e-bd82-e3101bcaf4b4;390.11;5.0;UNKNOWN
2016-01-28T02:34:53.000000;2016-01-28T02:34:53.000000;14aca5f6-fcd2-4417-9570-5533d1bd3b9b;390.3;0.25;UNKNOWN
2016-01-28T02:34:53.000000;2016-01-28T02:34:53.000000;fa708e0c-d5fc-4c03-a018-2b070ae30966;390.24;0.068503;UNKNOWN
2016-01-28T02:34:56.000000;2016-01-28T02:34:56.000000;7b00b070-3925-40a9-b75c-3d491eaefdbb;390.03;0.9;UNKNOWN
2016-01-28T02:34:56.000000;2016-01-28T02:34:56.000000;7ce4130d-bd5d-42f6-8054-241b5bea1d15;390.05;0.25;UNKNOWN
2016-01-28T02:34:56.000000;2016-01-28T02:34:56.000000;6bcdc012-e3e3-4da5-98d6-f6d4febc48ee;390.0;2.457;UNKNOWN
2016-01-28T02:34:56.000000;2016-01-28T02:34:56.000000;67d43ab2-05a2-49ad-bdaa-0aeeaeb8501b;390.0;0.015;UNKNOWN
2016-01-28T02:34:56.000000;2016-01-28T02:34:56.000000;5e8a9478-0884-49d1-a014-bccb74e8dbd3;390.0;0.0144;UNKNOWN
2016-01-28T02:34:56.000000;2016-01-28T02:34:56.000000;39c3319e-a3bb-4063-abcd-a3866397e2c3;390.03;15.0;UNKNOWN
2016-01-28T02:34:56.000000;2016-01-28T02:34:56.000000;53a40ef7-b5df-4678-8725-06e4867b0d0c;390.0;0.1;UNKNOWN
2016-01-28T02:34:56.000000;2016-01-28T02:34:56.000000;1115a558-ea10-453c-8baf-3634fdc633a4;390.0;0.1;UNKNOWN
2016-01-28T02:34:56.000000;2016-01-28T02:34:56.000000;084a8467-ae4c-407b-89f8-edeb086866c7;390.0;0.1;UNKNOWN
2016-01-28T02:34:56.000000;2016-01-28T02:34:56.000000;036a4ab7-147d-441e-b4ea-86272a906c63;390.0;0.1;UNKNOWN
2016-01-28T02:34:56.000000;2016-01-28T02:34:56.000000;ea095f87-b9cb-4df4-ae0c-357b8125383a;390.0;0.3;UNKNOWN
2016-01-28T02:34:56.000000;2016-01-28T02:34:56.000000;716eb476-828c-4f8f-b761-89371ebf90b2;390.0;0.1;UNKNOWN
2016-01-28T02:34:56.000000;2016-01-28T02:34:56.000000;c509688e-cc79-4483-a53c-e7c21c46246f;390.0;0.0336;UNKNOWN
2016-01-28T02:34:56.000000;2016-01-28T02:34:56.000000;a943e661-4c80-43c5-b899-d6488a060562;390.0;0.03;UNKNOWN
2016-01-28T02:34:56.000000;2016-01-28T02:34:56.000000;0a396e17-c19d-4e01-af00-26ea9bd6ae69;390.0;0.5;UNKNOWN
2016-01-28T02:35:00.000000;2016-01-28T02:35:00.000000;9b05fb5f-b63b-4320-9902-bb68dbc25901;390.0;0.05;UNKNOWN
2016-01-28T02:35:00.000000;2016-01-28T02:35:00.000000;6aa1812f-debb-4666-9f0c-5fe49f0543a4;390.0;0.02229;UNKNOWN
2016-01-28T02:35:00.000000;2016-01-28T02:35:00.000000;107eefcb-e83d-4486-a3c5-b2f4c1b066b3;390.0;17.543;UNKNOWN
2016-01-28T02:35:00.000000;2016-01-28T02:35:00.000000;54c5cdec-9675-4ba1-b57a-22d96ae88e86;390.0;1.077;UNKNOWN
2016-01-28T02:35:00.000000;2016-01-28T02:35:00.000000;b9811507-1a1b-48f6-b2d1-1df61297d1d5;390.0;1.0;UNKNOWN
2016-01-28T02:35:00.000000;2016-01-28T02:35:00.000000;a5c8dee5-f451-4891-ab31-2e36793ac118;390.0;1.0;UNKNOWN
2016-01-28T02:35:00.000000;2016-01-28T02:35:00.000000;430de67b-6958-4eae-afb8-dba2449b8aed;390.0;0.1;UNKNOWN
2016-01-28T02:35:02.000000;2016-01-28T02:35:02.000000;5fb97aed-b970-43e5-8cc0-7644db467c6d;390.0;1.0;UNKNOWN
2016-01-28T02:35:03.000000;2016-01-28T02:35:03.000000;d8d81974-60fc-406f-a7f4-0e0785176362;389.8;2.54611653;UNKNOWN
2016-01-28T02:35:03.000000;2016-01-28T02:35:03.000000;5a2be782-148e-4922-8343-eb1b4e4ba4c3;389.84;2.54611653;UNKNOWN
2016-01-28T02:35:03.000000;2016-01-28T02:35:03.000000;de3ba693-9331-4b82-a30c-a22af8636d20;389.96;0.35;UNKNOWN
2016-01-28T02:35:03.000000;2016-01-28T02:35:03.000000;b08652ef-4bec-4cfd-bc41-bf9f282e8856;389.99;0.25477344;UNKNOWN
2016-01-28T02:35:03.000000;2016-01-28T02:35:03.000000;6c64d6ae-0edc-48a1-bc8e-526951b0b394;389.78;2.073;UNKNOWN
2016-01-28T02:35:03.000000;2016-01-28T02:35:03.000000;d51c33ee-6835-448d-a35d-d5e1dde1f699;389.83;0.9;UNKNOWN
2016-01-28T02:35:03.000000;2016-01-28T02:35:03.000000;9db9a121-6808-46fb-a074-202da252ef33;389.76;1.3299935;UNKNOWN
2016-01-28T02:35:05.000000;2016-01-28T02:35:05.000000;b9fbe9f9-76c0-4aad-a59c-713de2097bb7;389.76;1.21725801;UNKNOWN
2016-01-28T02:35:05.000000;2016-01-28T02:35:05.000000;94f3bb6d-4304-443f-a6ce-862fa92a7745;389.71;2.54725151;UNKNOWN
2016-01-28T02:35:05.000000;2016-01-28T02:35:05.000000;47d6d0e5-8293-4f22-a256-8110a75fb8cd;389.63;0.9;UNKNOWN
2016-01-28T02:35:05.000000;2016-01-28T02:35:05.000000;5be9144b-338d-40a5-8a22-2defce53bf12;389.66;0.277;UNKNOWN
2016-01-28T02:35:05.000000;2016-01-28T02:35:05.000000;3bae97b1-0105-4237-82db-2687b648b5e9;389.64;0.05;UNKNOWN
2016-01-28T02:35:05.000000;2016-01-28T02:35:05.000000;fccba5dc-5e6d-4c02-b5f7-7b69b4ae0f4e;389.58;18.77476268;UNKNOWN
2016-01-28T02:35:05.000000;2016-01-28T02:35:05.000000;46d1be59-ac7c-423a-a468-6e0e32f01761;389.58;1.5;UNKNOWN
2016-01-28T02:35:05.000000;2016-01-28T02:35:05.000000;a34fe146-b568-4d87-bc36-e9efb7d2e292;389.58;0.1;UNKNOWN
2016-01-28T02:35:05.000000;2016-01-28T02:35:05.000000;6b61858b-33d5-4e85-8082-7a6333863104;389.58;20.0;UNKNOWN
2016-01-28T02:35:08.000000;2016-01-28T02:35:08.000000;45032ea7-e916-4456-b65d-edd2ef7113ec;389.58;4.41849801;UNKNOWN
2016-01-28T02:35:10.000000;2016-01-28T02:35:10.000000;9919ef17-f100-4e50-a5fe-2ff49cc11bee;389.29;0.0166;UNKNOWN
2016-01-28T02:35:10.000000;2016-01-28T02:35:10.000000;84b40c8c-c482-4e92-98ef-b5508bd50e31;389.39;1.69530154;UNKNOWN
2016-01-28T02:35:10.000000;2016-01-28T02:35:10.000000;07cea2fa-720d-46ef-aa69-7ae8ba1ae7a0;389.04;0.07113441;UNKNOWN
2016-01-28T02:35:10.000000;2016-01-28T02:35:10.000000;8acec4d7-30a2-4bf0-8ae3-e687759b6d10;389.1;0.1024;UNKNOWN
2016-01-28T02:35:10.000000;2016-01-28T02:35:10.000000;5baefcb2-db68-4f60-9917-229b4edb6edf;389.43;2.55085772;UNKNOWN
2016-01-28T02:35:10.000000;2016-01-28T02:35:10.000000;c823d2d5-f4f8-499c-961a-6aae277f6d71;389.04;1.50074382;UNKNOWN
2016-01-28T02:35:10.000000;2016-01-28T02:35:10.000000;3610aa59-16fe-4b8e-964c-f1ba956caf6f;389.1;0.2;UNKNOWN
2016-01-28T02:35:10.000000;2016-01-28T02:35:10.000000;5f5f4063-dca1-4d99-b780-31d9d5486fee;389.1;0.0247;UNKNOWN
2016-01-28T02:35:10.000000;2016-01-28T02:35:10.000000;cd624c33-0f67-4bcb-b27e-e904b55e9c72;389.58;2.54725151;UNKNOWN
2016-01-28T02:35:10.000000;2016-01-28T02:35:10.000000;11ba1c3e-ef31-4c3b-b069-dfe693e7ea0f;389.38;7.3;UNKNOWN
2016-01-28T02:35:10.000000;2016-01-28T02:35:10.000000;8011aae0-2d71-4ec2-8d7f-dc091538b1be;389.58;7.20673931;UNKNOWN
2016-01-28T02:35:10.000000;2016-01-28T02:35:10.000000;e31e5587-ec42-4543-aefb-e65578318d17;389.39;0.85555618;UNKNOWN
2016-01-28T02:35:17.000000;2016-01-28T02:35:17.000000;1ea17e53-4f2e-47bd-9b36-967b3286fe9a;389.02;0.3;UNKNOWN
2016-01-28T02:35:17.000000;2016-01-28T02:35:17.000000;7ce98650-9f3d-4c0d-a397-12744a0ba78d;389.02;0.47825686;UNKNOWN
2016-01-28T02:35:18.000000;2016-01-28T02:35:18.000000;72ea76a4-9d2a-4a01-9fec-d6c366a4087d;389.0;0.5;UNKNOWN
2016-01-28T02:35:18.000000;2016-01-28T02:35:18.000000;a8828aee-25a9-4856-8d62-d29fd443807d;389.02;9.12174314;UNKNOWN
2016-01-28T02:35:18.000000;2016-01-28T02:35:18.000000;d93a5c9a-1903-4602-be25-2172b4aadc42;389.02;0.4;UNKNOWN
2016-01-28T02:35:18.000000;2016-01-28T02:35:18.000000;53323cb6-a85e-43da-b20c-22e8df07f065;389.0;1.0;UNKNOWN
2016-01-28T02:35:18.000000;2016-01-28T02:35:18.000000;2265e01a-50ed-40b8-8ca2-e998a85500e2;389.0;0.8455;UNKNOWN
2016-01-28T02:35:18.000000;2016-01-28T02:35:18.000000;fc4731a1-2603-4937-be7f-05d0dd90cdaf;389.0;1.25;UNKNOWN
2016-01-28T02:35:18.000000;2016-01-28T02:35:18.000000;113891c3-cf7d-4611-a22c-28f2ef95e14e;389.0;0.5;UNKNOWN
2016-01-28T02:35:18.000000;2016-01-28T02:35:18.000000;d5392d40-ff8d-41fc-b65b-97f8bf2f5cb6;389.0;0.026;UNKNOWN
2016-01-28T02:35:18.000000;2016-01-28T02:35:18.000000;625b69ea-2c1b-48a6-9491-631a8b459951;389.0;0.5;UNKNOWN
2016-01-28T02:35:18.000000;2016-01-28T02:35:18.000000;a78047bb-0aeb-45f8-9838-ec18a3c0abea;388.91;6.25675686;UNKNOWN
2016-01-28T02:35:20.000000;2016-01-28T02:35:20.000000;c1d11171-5f83-40da-ae09-4f5f0a79b2b7;387.0;10.9906;UNKNOWN
2016-01-28T02:35:20.000000;2016-01-28T02:35:20.000000;ad908387-534b-41d2-8d47-b10a1d635cd6;387.9;1.0;UNKNOWN
2016-01-28T02:35:20.000000;2016-01-28T02:35:20.000000;70ab422c-447d-47f3-8dae-df37b021af2b;387.89;0.27;UNKNOWN
2016-01-28T02:35:20.000000;2016-01-28T02:35:20.000000;2f09fffa-df12-46b3-8392-05b38c0cac93;388.0;3.0;UNKNOWN
2016-01-28T02:35:20.000000;2016-01-28T02:35:20.000000;56333548-3325-48fd-a2a6-13821b4ce76e;387.83;1.1977;UNKNOWN
2016-01-28T02:35:20.000000;2016-01-28T02:35:20.000000;9691521f-f0fa-4dec-91b9-0ac0429732b0;388.58;52.0;UNKNOWN
2016-01-28T02:35:20.000000;2016-01-28T02:35:20.000000;e8cfc0f1-d8e0-408d-8dc2-d6b507b41ba0;386.75;17.3536;UNKNOWN
2016-01-28T02:35:20.000000;2016-01-28T02:35:20.000000;e294e9e6-c30b-4637-9fb2-4467b65fe0c0;387.52;6.0;UNKNOWN
2016-01-28T02:35:20.000000;2016-01-28T02:35:20.000000;4b891e3b-0c62-4ce1-a9c4-ef19051db9f9;388.0;2.55751205;UNKNOWN
2016-01-28T02:35:20.000000;2016-01-28T02:35:20.000000;d05694e2-591f-4f1e-83d8-7c5647a5dc76;387.48;0.15;UNKNOWN
2016-01-28T02:35:20.000000;2016-01-28T02:35:20.000000;e0c37ef8-91ba-4829-b04b-faef5a9996fb;387.08;15.9619;UNKNOWN
2016-01-28T02:35:20.000000;2016-01-28T02:35:20.000000;caec142a-1fbe-43f0-9455-f2dc72e39224;388.0;0.5;UNKNOWN
2016-01-28T02:35:20.000000;2016-01-28T02:35:20.000000;668a190e-f6c3-4681-8ba5-f41d51ec5466;388.0;0.1036;UNKNOWN
2016-01-28T02:35:20.000000;2016-01-28T02:35:20.000000;b2f32d1e-a1fb-4195-9c51-d9511c56cf54;388.5;21.94885313;UNKNOWN
2016-01-28T02:35:20.000000;2016-01-28T02:35:20.000000;8a62ef46-443a-48da-82a5-b97b91396a8c;386.66;167.77410793;UNKNOWN
2016-01-28T02:35:20.000000;2016-01-28T02:35:20.000000;0e8a112b-94b2-4b66-bac8-90ebafc23e51;387.0;1.0;UNKNOWN
2016-01-28T02:35:20.000000;2016-01-28T02:35:20.000000;ec49a7fa-dac5-4b28-a8e1-10c4735bf04b;386.67;1.5;UNKNOWN
2016-01-28T02:35:20.000000;2016-01-28T02:35:20.000000;6630a5e1-cbec-4461-8eac-26e83c906882;387.97;0.4;UNKNOWN
2016-01-28T02:35:20.000000;2016-01-28T02:35:20.000000;29774eb3-92b7-4939-98f0-6027e9a017b0;387.81;16.0529;UNKNOWN
2016-01-28T02:35:20.000000;2016-01-28T02:35:20.000000;2841335a-0a64-4ba5-9d47-0544904aa19c;388.0;1.2479;UNKNOWN
2016-01-28T02:35:20.000000;2016-01-28T02:35:20.000000;95d9f0be-2474-48fa-82f2-b133e57f562a;387.99;15.166;UNKNOWN
2016-01-28T02:35:20.000000;2016-01-28T02:35:20.000000;a5e99037-b9eb-47be-ac7c-cc9eafbcdb6e;388.0;5.0;UNKNOWN
2016-01-28T02:35:20.000000;2016-01-28T02:35:20.000000;75bb88bc-1ebe-4f29-9bad-190813ba4d8c;388.0;0.2;UNKNOWN
2016-01-28T02:35:20.000000;2016-01-28T02:35:20.000000;71971fd2-1899-4375-9127-506650c69e0d;388.0;0.5;UNKNOWN
2016-01-28T02:35:20.000000;2016-01-28T02:35:20.000000;4dc529ce-3367-4417-a97c-b484d718e2ad;387.49;0.1;UNKNOWN
2016-01-28T02:35:20.000000;2016-01-28T02:35:20.000000;9b96d5af-5bdf-4f98-b19c-5ce0e18fcb0c;387.76;2.55731584;UNKNOWN
2016-01-28T02:35:20.000000;2016-01-28T02:35:20.000000;d71c3455-2001-4086-bbf9-689f1434340c;387.01;3.0;UNKNOWN
2016-01-28T02:35:20.000000;2016-01-28T02:35:20.000000;47c1ae5c-bdd5-4982-bd20-2e46c0a45c07;387.69;50.0;UNKNOWN
2016-01-28T02:35:20.000000;2016-01-28T02:35:20.000000;37dda308-9ca4-4895-a7ef-a0609e38a26f;386.9;17.3502;UNKNOWN
2016-01-28T02:35:20.000000;2016-01-28T02:35:20.000000;43dd7261-ef61-4853-acc3-37e1a293eca4;386.93;0.01;UNKNOWN
2016-01-28T02:35:20.000000;2016-01-28T02:35:20.000000;e26b0464-e617-41b8-9fd5-f5cafa3a8bee;387.0;2.0;UNKNOWN
2016-01-28T02:35:20.000000;2016-01-28T02:35:20.000000;b5bcad32-fbf6-41bd-a283-8ac8225713e1;388.13;0.9;UNKNOWN
2016-01-28T02:35:20.000000;2016-01-28T02:35:20.000000;2b8a932a-b533-4eb4-8e07-ed95e5bc928f;387.0;0.01;UNKNOWN
2016-01-28T02:35:20.000000;2016-01-28T02:35:20.000000;dc352ab3-485d-4b49-ada5-4bc96ce2532a;387.09;15.0;UNKNOWN
2016-01-28T02:35:20.000000;2016-01-28T02:35:20.000000;10926303-8b0e-445b-9c45-c13311456895;388.43;2.93;UNKNOWN
2016-01-28T02:35:20.000000;2016-01-28T02:35:20.000000;5ee69f91-f04a-4d3e-bdba-382627261b13;387.47;0.5;UNKNOWN
2016-01-28T02:35:20.000000;2016-01-28T02:35:20.000000;8e0778e8-4ef4-4abc-bfbf-d30b75fc205b;387.03;0.04078;UNKNOWN
2016-01-28T02:35:20.000000;2016-01-28T02:35:20.000000;68a6ee2c-34c6-4139-a468-10e1d74fd19b;387.63;15.1445;UNKNOWN
2016-01-28T02:35:20.000000;2016-01-28T02:35:20.000000;7de3cf6e-32d8-40f3-b4b0-d3214f8eba93;387.68;0.05;UNKNOWN
2016-01-28T02:35:20.000000;2016-01-28T02:35:20.000000;204abe7a-0ee0-44f5-abc5-185912a6c0ec;388.1;0.2;UNKNOWN
2016-01-28T02:35:20.000000;2016-01-28T02:35:20.000000;39f65bb9-eaf4-4e57-85d4-e4ecc1c790a7;387.0;0.3;UNKNOWN
2016-01-28T02:35:20.000000;2016-01-28T02:35:20.000000;d02eb6f3-f3d2-4aa9-b4dd-5f402aaf48a1;388.14;10.0;UNKNOWN
2016-01-28T02:35:20.000000;2016-01-28T02:35:20.000000;3341e280-0de1-4947-ad55-ab56a1898073;387.0;0.5;UNKNOWN
2016-01-28T02:35:20.000000;2016-01-28T02:35:20.000000;31e01d94-533e-4580-8f97-fe32e2ffb5e2;387.52;2.0;UNKNOWN
2016-01-28T02:35:20.000000;2016-01-28T02:35:20.000000;ebc9df76-3911-4114-b595-2b5f0bbfa3d9;388.13;2.55751205;UNKNOWN
2016-01-28T02:35:20.000000;2016-01-28T02:35:20.000000;c178421a-993c-4c9c-a413-f7f40073415c;388.38;0.011;UNKNOWN
2016-01-28T02:35:20.000000;2016-01-28T02:35:20.000000;e83c9242-5cb1-4c10-bc4a-26fe6287f390;387.28;1.01;UNKNOWN
2016-01-28T02:35:20.000000;2016-01-28T02:35:20.000000;d0d29133-2591-4734-aa40-38bf74d0f000;387.46;15.3448;UNKNOWN
2016-01-28T02:35:20.000000;2016-01-28T02:35:20.000000;a30d9d3b-6fc2-4ada-b01d-24508b7cd0c4;387.25;10.0;UNKNOWN
2016-01-28T02:35:20.000000;2016-01-28T02:35:20.000000;d01ac17b-b454-455d-8981-1930dd2cbffd;388.61;17.2407;UNKNOWN
2016-01-28T02:35:20.000000;2016-01-28T02:35:20.000000;4d1981ce-a3de-40ea-86c7-f2d1f905a040;388.52;0.05;UNKNOWN
2016-01-28T02:35:20.000000;2016-01-28T02:35:20.000000;0b569cae-388f-4d02-8658-beb50c906433;388.18;17.1767;UNKNOWN
2016-01-28T02:35:20.000000;2016-01-28T02:35:20.000000;675ce143-f274-4b55-b058-ec3aafae24cc;387.37;7.15;UNKNOWN
2016-01-28T02:35:20.000000;2016-01-28T02:35:20.000000;140d32da-41d8-4fc8-9474-38b09cf51477;388.34;16.7035;UNKNOWN
2016-01-28T02:35:20.000000;2016-01-28T02:35:20.000000;85cedb78-754a-4244-a7a2-0e14cb4457d2;387.27;16.257;UNKNOWN
2016-01-28T02:35:20.000000;2016-01-28T02:35:20.000000;00594af3-020d-45b8-9bef-7a3c415a4888;388.63;2.5551595;UNKNOWN
2016-01-28T02:35:20.000000;2016-01-28T02:35:20.000000;9bb47ade-79bd-41dd-b950-fe0f5252642a;388.14;0.5;UNKNOWN
2016-01-28T02:35:20.000000;2016-01-28T02:35:20.000000;a52dfc75-bd56-4317-b0ca-f197a0f8b06e;388.5;0.25;UNKNOWN
2016-01-28T02:35:20.000000;2016-01-28T02:35:20.000000;2c54f40a-2202-442e-ac63-bb18513c29cc;388.53;15.271;UNKNOWN
2016-01-28T02:35:20.000000;2016-01-28T02:35:20.000000;41af6bbb-527d-4e10-a8f4-f28428fc7c74;388.53;0.9;UNKNOWN
2016-01-28T02:35:20.000000;2016-01-28T02:35:20.000000;04d7f461-2cfa-4775-a011-182fe6086bce;388.68;2.5551595;UNKNOWN
2016-01-28T02:35:20.000000;2016-01-28T02:35:20.000000;d4ae951b-e54b-47e8-832e-a0f14105855f;388.6;10.0;UNKNOWN
2016-01-28T02:35:21.000000;2016-01-28T02:35:21.000000;b519878e-e7f7-4be2-a6c3-c76813346ad4;387.07;15.894;UNKNOWN
2016-01-28T02:35:21.000000;2016-01-28T02:35:21.000000;19e152c1-1c03-45c1-b21b-a106d20ce75e;386.67;2.106;UNKNOWN
2016-01-28T02:35:24.000000;2016-01-28T02:35:24.000000;ccf5c87d-1e22-401f-9d7f-728354c36355;389.09;0.1603566;UNKNOWN
2016-01-28T02:35:24.000000;2016-01-28T02:35:24.000000;ac13a176-6a3d-4ccc-966a-b02d07948128;389.03;3.8362;UNKNOWN
2016-01-28T02:35:24.000000;2016-01-28T02:35:24.000000;7a3332a8-2eeb-4676-ae84-a211e1d43f34;388.74;12.5;UNKNOWN
2016-01-28T02:35:27.000000;2016-01-28T02:35:27.000000;ca8c2191-b9ec-4bd5-9d40-bd632ad48cbc;387.5;0.56016385;UNKNOWN
2016-01-28T02:35:27.000000;2016-01-28T02:35:27.000000;b56cc3e0-b464-4255-926c-639d0977a883;387.5;2.0;UNKNOWN
2016-01-28T02:35:27.000000;2016-01-28T02:35:27.000000;db4522de-f78d-4a75-a12d-e0021d54d6ce;387.41;14.43983615;UNKNOWN
2016-01-28T02:35:29.000000;2016-01-28T02:35:29.000000;f35bbc56-231b-4aae-b6fc-93409d5a4d6c;386.66;2.0;UNKNOWN
2016-01-28T02:35:29.000000;2016-01-28T02:35:29.000000;208dc2fd-1a13-45cf-b725-3bd7c749be11;386.66;4.0;UNKNOWN
2016-01-28T02:35:29.000000;2016-01-28T02:35:29.000000;e47d3472-8dd2-4c64-91aa-b44784119dc3;386.66;50.0;UNKNOWN
2016-01-28T02:35:29.000000;2016-01-28T02:35:29.000000;96b07f3e-74b5-41ca-9a6f-ddb1964b3ac2;386.93;0.276;UNKNOWN
2016-01-28T02:35:29.000000;2016-01-28T02:35:29.000000;873b09f0-3081-4735-b8ab-43b4eee8b4c6;386.94;50.0;UNKNOWN
2016-01-28T02:35:29.000000;2016-01-28T02:35:29.000000;1fafe9c8-7a93-4617-80df-5a11562cbc31;387.47;1.741;UNKNOWN
2016-01-28T02:35:29.000000;2016-01-28T02:35:29.000000;09a145ee-d77f-4d35-a6c3-587a1b928765;386.93;0.253;UNKNOWN
2016-01-28T02:35:29.000000;2016-01-28T02:35:29.000000;3128cb3c-14e7-4f39-a7d5-c8c8a1496bad;386.95;20.0;UNKNOWN
2016-01-28T02:35:29.000000;2016-01-28T02:35:29.000000;f68dab3d-6b7b-47cb-9677-97642f3a91d1;388.04;0.025;UNKNOWN
2016-01-28T02:35:29.000000;2016-01-28T02:35:29.000000;0b810491-6f76-41be-9083-be3c77445eda;387.53;3.98;UNKNOWN
2016-01-28T02:35:29.000000;2016-01-28T02:35:29.000000;51ca3d3f-3527-4cb0-9952-91fd352cb350;387.5;0.682;UNKNOWN
2016-01-28T02:35:29.000000;2016-01-28T02:35:29.000000;a5cbdfad-6b5a-45ab-8c24-e51ae1febd21;387.5;0.724;UNKNOWN
2016-01-28T02:35:29.000000;2016-01-28T02:35:29.000000;b69d1485-bef5-41c3-959a-187587f119f8;386.95;16.6707;UNKNOWN
2016-01-28T02:35:29.000000;2016-01-28T02:35:29.000000;0d35af11-26ea-4c61-b470-0437cc605a3a;386.93;0.725;UNKNOWN
2016-01-28T02:35:29.000000;2016-01-28T02:35:29.000000;1f4df267-50b9-4039-8b87-69924eda251a;387.01;33.8;UNKNOWN
2016-01-28T02:35:29.000000;2016-01-28T02:35:29.000000;15ac965f-f90a-4920-989b-5b00a326492a;388.04;0.025;UNKNOWN
2016-01-28T02:35:29.000000;2016-01-28T02:35:29.000000;9a5fcc29-0d9a-4961-b182-ddbc1352d25f;387.47;13.849;UNKNOWN
2016-01-28T02:35:29.000000;2016-01-28T02:35:29.000000;b1c119c5-6ae9-4ee2-ae22-7b260d4fd877;387.5;0.74;UNKNOWN
2016-01-28T02:35:29.000000;2016-01-28T02:35:29.000000;18d10533-4b1a-4a38-9d2d-ea174b8f85e7;386.93;0.296;UNKNOWN
2016-01-28T02:35:29.000000;2016-01-28T02:35:29.000000;41f24af5-92fb-4510-b478-83d265527841;386.93;0.677;UNKNOWN
2016-01-28T02:35:29.000000;2016-01-28T02:35:29.000000;6e0dfced-36a8-49b8-8ed3-54b56f9db2dd;387.28;23.4;UNKNOWN
2016-01-28T02:35:29.000000;2016-01-28T02:35:29.000000;1338891a-4e81-4b5e-a461-5a4f3d664682;387.05;15.3054;UNKNOWN
2016-01-28T02:35:29.000000;2016-01-28T02:35:29.000000;059a84ac-931a-4d12-8688-c5558c448c25;386.93;0.673;UNKNOWN
2016-01-28T02:35:29.000000;2016-01-28T02:35:29.000000;e06e4efd-8790-4783-83e6-c232854a33ed;386.93;0.297;UNKNOWN
2016-01-28T02:35:29.000000;2016-01-28T02:35:29.000000;7895b3b2-9c04-4916-8c6a-34f4ac1a4bd7;386.93;0.274;UNKNOWN
2016-01-28T02:35:29.000000;2016-01-28T02:35:29.000000;7c83bce0-dc2d-4bcb-a7a5-5cdfa351fc61;386.93;0.357;UNKNOWN
2016-01-28T02:35:29.000000;2016-01-28T02:35:29.000000;ddfc2bc0-b91c-45b5-a495-f1136314775a;386.93;0.327;UNKNOWN
2016-01-28T02:35:29.000000;2016-01-28T02:35:29.000000;c2eb83c5-9b41-4be5-9d0b-c25de3b850b6;386.93;0.665;UNKNOWN
2016-01-28T02:35:29.000000;2016-01-28T02:35:29.000000;417d6876-cc89-49f8-afec-ba9dc0a3ce22;386.93;0.771;UNKNOWN
2016-01-28T02:35:29.000000;2016-01-28T02:35:29.000000;722abde1-81e7-4df8-b2e4-ce1eb071eb99;386.93;0.353;UNKNOWN
2016-01-28T02:35:29.000000;2016-01-28T02:35:29.000000;ee4b06d8-4aca-4dcc-ba16-7ad7c33e74c9;386.66;90.0;UNKNOWN
2016-01-28T02:35:29.000000;2016-01-28T02:35:29.000000;d217392a-ad06-4491-b187-125444e61b35;386.93;1.253;UNKNOWN
2016-01-28T02:35:29.000000;2016-01-28T02:35:29.000000;0224fc53-84e1-4958-bc3d-9ee76479f651;386.76;56.99;UNKNOWN
2016-01-28T02:35:29.000000;2016-01-28T02:35:29.000000;1246899b-9f92-4f25-a0be-fa0af1b10932;386.91;16.8532;UNKNOWN
2016-01-28T02:35:29.000000;2016-01-28T02:35:29.000000;3094be3b-ceb6-45e1-b267-29752028df88;386.74;15.1532;UNKNOWN
2016-01-28T02:35:29.000000;2016-01-28T02:35:29.000000;29ca186f-c521-4f43-8edf-fd7e0ed407ba;386.93;0.737;UNKNOWN
2016-01-28T02:35:29.000000;2016-01-28T02:35:29.000000;dbc5e5ba-d0eb-4245-98b6-c8ac8357bc03;386.93;0.719;UNKNOWN
2016-01-28T02:35:29.000000;2016-01-28T02:35:29.000000;c881b5d7-fb71-42c2-9c42-dabe0fd32499;386.93;0.684;UNKNOWN
2016-01-28T02:35:29.000000;2016-01-28T02:35:29.000000;ebd12820-af16-4e57-89c2-b87518b6f705;386.93;0.252;UNKNOWN
2016-01-28T02:35:29.000000;2016-01-28T02:35:29.000000;442c4a78-5037-4bd2-ae0f-20d87c353e8c;386.93;0.669;UNKNOWN
2016-01-28T02:35:29.000000;2016-01-28T02:35:29.000000;0ffdec00-be9f-44fd-a0a8-4d819efca135;386.66;126.1845;UNKNOWN
2016-01-28T02:35:29.000000;2016-01-28T02:35:29.000000;48240614-9969-4ebf-b43d-f6a5c1f082b3;386.93;0.75;UNKNOWN
2016-01-28T02:35:29.000000;2016-01-28T02:35:29.000000;16ab2b32-6448-4d8c-b34f-f1372106f771;386.67;12.894;UNKNOWN
2016-01-28T02:35:30.000000;2016-01-28T02:35:30.000000;53c2c9fa-ec54-4c68-b668-82c526bda0a4;387.23;7.748;UNKNOWN
2016-01-28T02:35:30.000000;2016-01-28T02:35:30.000000;6d9dd8f9-8b40-407d-9610-355c0e64282b;387.23;4.0;UNKNOWN
2016-01-28T02:35:30.000000;2016-01-28T02:35:30.000000;722e9901-5394-4447-a44d-9e6eb71daf8a;387.5;0.252;UNKNOWN
2016-01-28T02:35:30.000000;2016-01-28T02:35:30.000000;272f3888-4a66-424f-9e75-2728a231bd83;387.23;0.010921;UNKNOWN
2016-01-28T02:35:30.000000;2016-01-28T02:35:30.000000;0c562fe2-daf8-434d-910d-733a40283bae;387.23;2.0;UNKNOWN
2016-01-28T02:35:30.000000;2016-01-28T02:35:30.000000;09c6244c-e1a6-41e2-b7c3-a405696b1cff;387.23;3.0;UNKNOWN
2016-01-28T02:35:32.000000;2016-01-28T02:35:32.000000;1943d018-152e-446b-8a69-e7e476d6da58;388.4;0.982;UNKNOWN
2016-01-28T02:35:35.000000;2016-01-28T02:35:35.000000;5adc602d-c8e5-4b33-8323-406b9e7e2d58;387.98;0.011;UNKNOWN
2016-01-28T02:35:36.000000;2016-01-28T02:35:36.000000;ba89db79-aabe-4dae-838b-2eebbf9a4ce7;386.88;15.8699;UNKNOWN
2016-01-28T02:35:36.000000;2016-01-28T02:35:36.000000;be3ec037-47a0-4947-bcec-d30c2c47e88d;387.5;0.66;UNKNOWN
2016-01-28T02:35:36.000000;2016-01-28T02:35:36.000000;358ff621-8c62-445f-ba5f-af5d5cbc9f43;386.72;10.63580418;UNKNOWN
2016-01-28T02:35:36.000000;2016-01-28T02:35:36.000000;832b268e-76a1-4572-8ec8-d85eeb69bdbb;386.76;4.0;UNKNOWN
2016-01-28T02:35:36.000000;2016-01-28T02:35:36.000000;6a7d4abf-2de2-472e-b4b6-54a88168467c;387.37;0.5;UNKNOWN
2016-01-28T02:35:36.000000;2016-01-28T02:35:36.000000;96516b00-7851-4010-83bc-b3aefee47d43;386.83;2.56229582;UNKNOWN
2016-01-28T02:35:36.000000;2016-01-28T02:35:36.000000;a44917ad-e3b2-4ffb-b0bc-19194b104683;387.5;0.733;UNKNOWN
2016-01-28T02:35:36.000000;2016-01-28T02:35:36.000000;b5eabc4e-3832-4de6-8034-dd767e521f09;387.5;0.719;UNKNOWN
2016-01-28T02:35:36.000000;2016-01-28T02:35:36.000000;9754e1f7-3f60-470a-ae56-f9faa3c12c66;387.5;0.693;UNKNOWN
2016-01-28T02:35:36.000000;2016-01-28T02:35:36.000000;aa8011e8-fe58-4d51-8f09-5f47292e1122;387.5;0.671;UNKNOWN
2016-01-28T02:35:36.000000;2016-01-28T02:35:36.000000;0afc84e9-45b6-49cf-9777-9dcd2d6f1051;387.5;0.829;UNKNOWN
2016-01-28T02:35:36.000000;2016-01-28T02:35:36.000000;a7e3224c-d2a4-4fe7-af32-fb98556c648a;387.5;0.723;UNKNOWN
2016-01-28T02:35:36.000000;2016-01-28T02:35:36.000000;78e670ea-274e-4550-9a27-6c2ddf2ce35b;387.5;0.668;UNKNOWN
2016-01-28T02:35:36.000000;2016-01-28T02:35:36.000000;d31a63b8-b68c-45c7-af4f-1c0e276dc1d3;387.5;0.736;UNKNOWN
2016-01-28T02:35:37.000000;2016-01-28T02:35:37.000000;34ec0701-6152-4ed9-b73b-5ac9cf5f30a1;387.91;0.43021954;UNKNOWN
2016-01-28T02:35:37.000000;2016-01-28T02:35:37.000000;526c912a-4cbe-48dd-9de8-65076837318c;387.91;0.82491;UNKNOWN
2016-01-28T02:35:39.000000;2016-01-28T02:35:39.000000;c42ba4a7-f5f8-452e-beb2-8db34cbb74d1;387.54;6.0;UNKNOWN
2016-01-28T02:35:41.000000;2016-01-28T02:35:41.000000;11ac2db3-dc3c-4e43-b4b7-282f0bf798ed;387.61;0.3;UNKNOWN
2016-01-28T02:35:43.000000;2016-01-28T02:35:43.000000;9b68be02-9c44-4984-8537-f6c0d06785ae;387.86;0.0582;UNKNOWN
2016-01-28T02:35:44.000000;2016-01-28T02:35:44.000000;54597ae4-6257-4a39-bf94-f02158c7bad0;387.85;1.0;UNKNOWN
2016-01-28T02:35:46.000000;2016-01-28T02:35:46.000000;1177bd7e-ecec-4445-90f6-1d0feaa4514a;387.61;3.5733;UNKNOWN
2016-01-28T02:35:49.000000;2016-01-28T02:35:49.000000;461f8bae-2d6e-4703-98b6-45b82f90b1e5;387.71;1.09;UNKNOWN
2016-01-28T02:35:51.000000;2016-01-28T02:35:51.000000;ac9b8891-6097-4e20-bff2-76847afe6445;387.6;2.5;UNKNOWN
2016-01-28T02:35:51.000000;2016-01-28T02:35:51.000000;eec9eabd-7b1f-4ec1-801a-cf7096ab24b9;387.6;1.0011;UNKNOWN
2016-01-28T02:35:51.000000;2016-01-28T02:35:51.000000;e45c991f-32a1-45a2-b178-b0a2098251f3;387.69;1.0;UNKNOWN
2016-01-28T02:35:51.000000;2016-01-28T02:35:51.000000;0364d665-fcc1-4fe3-9801-52e2dbdcf32b;387.51;2.02782;UNKNOWN
2016-01-28T02:35:57.000000;2016-01-28T02:35:57.000000;2051de17-3e3c-4a8c-ad0e-87793c60a462;387.7;2.18749443;UNKNOWN
2016-01-28T02:35:57.000000;2016-01-28T02:35:57.000000;79b92358-466c-401a-8779-46ae4adce6b9;387.7;0.50320196;UNKNOWN
2016-01-28T02:36:00.000000;2016-01-28T02:36:00.000000;45a4f87f-1592-4154-a511-19ffd6a6e7c6;387.79;0.02;UNKNOWN
2016-01-28T02:36:02.000000;2016-01-28T02:36:02.000000;4307d757-ab8c-4d26-ab9f-8d6f88387777;387.76;1.0;UNKNOWN
2016-01-28T02:36:05.000000;2016-01-28T02:36:05.000000;0dc79e85-2ddb-4345-8e65-3aa70ed63f47;387.69;0.05;UNKNOWN
2016-01-28T02:36:06.000000;2016-01-28T02:36:06.000000;3c2dbe68-1f2b-424a-8e82-bf752b299e97;387.69;1.0;UNKNOWN
2016-01-28T02:36:09.000000;2016-01-28T02:36:09.000000;7fd229b6-3b96-4e36-a986-ff4272bc7123;387.69;0.26043628;UNKNOWN
2016-01-28T02:36:12.000000;2016-01-28T02:36:12.000000;1628ee0e-f5bd-4bbe-9bdc-5f2d085c7e01;387.7;0.069;UNKNOWN
2016-01-28T02:36:12.000000;2016-01-28T02:36:12.000000;ccba42e0-7df2-4c29-97f0-2359aa61eb3e;388.52;0.432;UNKNOWN
2016-01-28T02:36:12.000000;2016-01-28T02:36:12.000000;df8a8a6e-ad3d-4621-b5a8-6cd39e566b8e;387.69;1.0;UNKNOWN
2016-01-28T02:36:14.000000;2016-01-28T02:36:14.000000;30e11bf3-d57a-4427-8fa5-e53e7f84a97b;387.71;3.6351;UNKNOWN
2016-01-28T02:36:17.000000;2016-01-28T02:36:17.000000;8fb5ee1d-0fea-45a3-bbd8-14f713d2e0a2;388.0;1.87;UNKNOWN
2016-01-28T02:36:17.000000;2016-01-28T02:36:17.000000;415233aa-dbf4-4a96-ae49-dabf15e858fe;388.01;3.13;UNKNOWN
2016-01-28T02:36:17.000000;2016-01-28T02:36:17.000000;e6f63097-400e-47bd-80d7-ad28a546e9e2;388.52;5.9772;UNKNOWN
2016-01-28T02:36:18.000000;2016-01-28T02:36:18.000000;17f2a93a-139b-46af-9eab-fbe280e00517;388.0;0.977445;UNKNOWN
2016-01-28T02:36:27.000000;2016-01-28T02:36:27.000000;99767a06-066e-4670-9b07-29a59591c154;388.0;0.45573707;UNKNOWN
2016-01-28T02:36:31.000000;2016-01-28T02:36:31.000000;e5226f22-1601-4fc5-80ab-d8a0002da884;388.49;1.0;UNKNOWN
2016-01-28T02:36:33.000000;2016-01-28T02:36:33.000000;55495c9e-f8df-492a-a3a9-9dfb826b5a58;388.5;0.2;UNKNOWN
2016-01-28T02:36:34.000000;2016-01-28T02:36:34.000000;69745789-1ada-46a9-b4c6-0b26e6610190;388.71;2.55731584;UNKNOWN
2016-01-28T02:36:34.000000;2016-01-28T02:36:34.000000;cd241750-a60f-4b01-91fd-462ebc5a26fc;388.53;15.0;UNKNOWN
2016-01-28T02:36:36.000000;2016-01-28T02:36:36.000000;3a291a3c-ff10-4c36-b8c9-ab91da2659cb;388.73;2.03631729;UNKNOWN
2016-01-28T02:36:36.000000;2016-01-28T02:36:36.000000;64b508aa-be41-4acc-9e4c-3fa6965e2326;388.54;0.067;UNKNOWN
2016-01-28T02:36:37.000000;2016-01-28T02:36:37.000000;655cf208-3e6e-464e-8d82-65b4df677fbb;388.05;3.0;UNKNOWN
2016-01-28T02:36:37.000000;2016-01-28T02:36:37.000000;95a69a98-8bfd-493d-8cad-57f0500fa0d6;388.3;0.9131;UNKNOWN
2016-01-28T02:36:37.000000;2016-01-28T02:36:37.000000;bc52d3f1-5a3f-4cb9-8dcd-bc0bfbdd28ea;388.43;0.29791;UNKNOWN
2016-01-28T02:36:37.000000;2016-01-28T02:36:37.000000;44929d0f-073f-4a4b-bccc-9674646b998b;388.05;2.78899;UNKNOWN
2016-01-28T02:36:38.000000;2016-01-28T02:36:38.000000;bdcef7aa-bde8-482b-a180-ada08e4486b3;388.98;1.95058387;UNKNOWN
2016-01-28T02:36:38.000000;2016-01-28T02:36:38.000000;536f392d-f584-40f7-9fc3-c6a50acdd7e0;388.75;2.55731584;UNKNOWN
2016-01-28T02:36:40.000000;2016-01-28T02:36:40.000000;2c9bbf6c-549d-48c2-a48f-e85373d81bb4;388.45;0.5;UNKNOWN
2016-01-28T02:36:41.000000;2016-01-28T02:36:41.000000;660280c4-4453-4364-8ebc-8eafa3aa67fc;388.98;0.6;UNKNOWN
2016-01-28T02:36:45.000000;2016-01-28T02:36:45.000000;d9b10df0-0361-4dbe-8a21-239f91d65a1c;388.97;6.3678;UNKNOWN
2016-01-28T02:36:45.000000;2016-01-28T02:36:45.000000;83b92cc4-384d-471e-9f28-916c81cc6f3c;388.98;3.6322;UNKNOWN
2016-01-28T02:36:47.000000;2016-01-28T02:36:47.000000;112d591d-9038-4696-b3d6-c3e571f33989;389.68;18.7481;UNKNOWN
2016-01-28T02:36:47.000000;2016-01-28T02:36:47.000000;3c779778-5428-49f0-8854-b0d214957a4a;389.5;1.0;UNKNOWN
2016-01-28T02:36:47.000000;2016-01-28T02:36:47.000000;1939f0d2-7083-4f1b-9b06-69ab7ea17bff;389.69;18.0;UNKNOWN
2016-01-28T02:36:47.000000;2016-01-28T02:36:47.000000;1a9ea26b-2c25-43bf-9879-3598d7e13b4b;389.62;14.9202;UNKNOWN
2016-01-28T02:36:47.000000;2016-01-28T02:36:47.000000;724eb449-8124-404c-b23a-33aa6af50a69;389.07;2.55584522;UNKNOWN
2016-01-28T02:36:47.000000;2016-01-28T02:36:47.000000;61daee1d-7cbe-4e92-8089-f6623dd5618c;389.11;2.55584522;UNKNOWN
2016-01-28T02:36:47.000000;2016-01-28T02:36:47.000000;697f1e8a-2989-4fe6-aafd-79539781d24a;389.71;0.05;UNKNOWN
2016-01-28T02:36:47.000000;2016-01-28T02:36:47.000000;b6501f91-e3b8-44b1-aa60-73c0d55263a3;389.26;2.55431104;UNKNOWN
2016-01-28T02:36:47.000000;2016-01-28T02:36:47.000000;7701c37a-db35-449f-abfc-73eeee39358e;388.98;8.81721613;UNKNOWN
2016-01-28T02:36:47.000000;2016-01-28T02:36:47.000000;ea855aa4-18e1-4769-911c-23a03a87a9c6;390.18;6.92174624;UNKNOWN
2016-01-28T02:36:47.000000;2016-01-28T02:36:47.000000;9603a2c0-82a7-4035-8784-5f4eec2757e7;389.94;15.2813;UNKNOWN
2016-01-28T02:36:47.000000;2016-01-28T02:36:47.000000;3b97092d-c7c9-47ff-8fad-f2ffc1564ad6;389.9;4.0;UNKNOWN
2016-01-28T02:36:47.000000;2016-01-28T02:36:47.000000;522b5cf6-23fb-44ea-83f9-24572e910bd5;390.11;16.3952;UNKNOWN
2016-01-28T02:36:47.000000;2016-01-28T02:36:47.000000;3a2f046e-5200-4f63-8444-16e116bd202a;389.79;15.1405;UNKNOWN
2016-01-28T02:36:47.000000;2016-01-28T02:36:47.000000;954cb0d2-6b7a-40ca-897f-98d4528add1a;390.0;2.0;UNKNOWN
2016-01-28T02:36:55.000000;2016-01-28T02:36:55.000000;7efe97ed-b7da-47e0-a09c-956279c82deb;389.39;0.6372;UNKNOWN
2016-01-28T02:36:55.000000;2016-01-28T02:36:55.000000;b820baf3-5d81-49da-bc2b-7fda71365e85;389.4;6.3628;UNKNOWN
2016-01-28T02:37:01.000000;2016-01-28T02:37:01.000000;a5db1c82-265d-475c-ba4e-bb5084104553;389.19;3.0;UNKNOWN
2016-01-28T02:37:01.000000;2016-01-28T02:37:01.000000;74e18816-ba8c-480f-bebd-73a2ef33b237;389.19;6.5;UNKNOWN
2016-01-28T02:37:01.000000;2016-01-28T02:37:01.000000;19eb404b-c494-4f01-96dd-3ce1f2265bd8;389.19;0.5;UNKNOWN
2016-01-28T02:37:04.000000;2016-01-28T02:37:04.000000;f712fee3-62e8-4e03-920e-8c806f30b8e3;389.2;5.0;UNKNOWN
2016-01-28T02:37:04.000000;2016-01-28T02:37:04.000000;d8dbf882-fd10-43f3-bb86-308226575dac;389.64;1.0;UNKNOWN
2016-01-28T02:37:06.000000;2016-01-28T02:37:06.000000;1caddd20-3591-4231-b467-3d84aafc56b0;389.46;0.05;UNKNOWN
2016-01-28T02:37:06.000000;2016-01-28T02:37:06.000000;770904ed-6833-4a44-a812-93c995cdad42;389.38;9.95;UNKNOWN
2016-01-28T02:37:08.000000;2016-01-28T02:37:08.000000;af516e98-a282-4eaf-9d16-6ca80e853907;389.63;2.0;UNKNOWN
2016-01-28T02:37:11.000000;2016-01-28T02:37:11.000000;bf1bad62-0eb9-4309-9c1d-e44b1b662c40;389.38;5.0;UNKNOWN
2016-01-28T02:37:21.000000;2016-01-28T02:37:21.000000;cd4af706-8887-464a-9786-a048477c1db0;389.59;1.01672988;UNKNOWN
2016-01-28T02:37:28.000000;2016-01-28T02:37:28.000000;f32e3c78-bdd6-401f-9633-d6f20ba08b73;389.87;1.0;UNKNOWN
2016-01-28T02:37:43.000000;2016-01-28T02:37:43.000000;abd0c9f7-3458-426e-a570-90bccd57dc4c;389.8;0.1;UNKNOWN
2016-01-28T02:37:52.000000;2016-01-28T02:37:52.000000;9c6c8574-4407-4868-9999-e8bed7772e87;389.61;0.1;UNKNOWN
2016-01-28T02:38:06.000000;2016-01-28T02:38:06.000000;6e12891e-fc8f-4c5e-a9a6-78c255c2b44f;389.43;4.54053883;UNKNOWN
2016-01-28T02:38:06.000000;2016-01-28T02:38:06.000000;7ed2fcfe-0f56-4c9a-b930-f20ca5ddd45f;389.43;3.0;UNKNOWN
2016-01-28T02:38:06.000000;2016-01-28T02:38:06.000000;14021aac-e4f5-4439-98fc-568a531cbda3;389.59;0.57358012;UNKNOWN
2016-01-28T02:38:13.000000;2016-01-28T02:38:13.000000;62e87a44-872b-4054-a020-22fed97a8267;389.72;10.0;UNKNOWN
2016-01-28T02:38:17.000000;2016-01-28T02:38:17.000000;40c36acc-a1ec-4ec9-bc0a-05ec07cb4731;389.7;14.985;UNKNOWN
2016-01-28T02:38:19.000000;2016-01-28T02:38:19.000000;9fbb498e-a283-41bc-9a68-14ba36fef7bc;389.71;0.5;UNKNOWN
2016-01-28T02:38:25.000000;2016-01-28T02:38:25.000000;f3500752-a6fb-4804-896e-8ca420bccafc;389.71;1.0;UNKNOWN
2016-01-28T02:38:50.000000;2016-01-28T02:38:50.000000;1082ff76-cdcb-4dd2-9e23-9f0c7f3b96d2;389.7;35.015;UNKNOWN
2016-01-28T02:38:50.000000;2016-01-28T02:38:50.000000;920ebf0c-83fa-4a97-ad67-a25bb55479d1;389.7;11.8;UNKNOWN
2016-01-28T02:38:56.000000;2016-01-28T02:38:56.000000;ff2ece67-4c83-44ab-a862-4751e2ea9747;389.63;1.0;UNKNOWN
2016-01-28T02:38:58.000000;2016-01-28T02:38:58.000000;e93cfffb-79f0-4c29-a676-2c9c2b32fe33;389.31;3.0;UNKNOWN
2016-01-28T02:39:01.000000;2016-01-28T02:39:01.000000;43a3ee81-df76-4d81-a4b3-ea3117d1b393;389.32;1.0;UNKNOWN
2016-01-28T02:39:01.000000;2016-01-28T02:39:01.000000;a42e3711-4a46-4459-9815-38e68191a326;389.31;3.0;UNKNOWN
2016-01-28T02:39:05.000000;2016-01-28T02:39:05.000000;4b466465-4cb6-4c9d-be72-fc2bb0bd2def;389.35;0.02363487;UNKNOWN
2016-01-28T02:39:08.000000;2016-01-28T02:39:08.000000;bed75f6a-1d4a-455b-a3ea-19349073ada7;389.38;1.0;UNKNOWN
2016-01-28T02:39:27.000000;2016-01-28T02:39:27.000000;01dc0223-65a5-44e3-8b9f-f051c372a4db;389.31;1.52464811;UNKNOWN
2016-01-28T02:39:45.000000;2016-01-28T02:39:45.000000;497b450f-1761-4a72-be20-624d3f46ead3;389.43;0.5;UNKNOWN
2016-01-28T02:39:45.000000;2016-01-28T02:39:45.000000;9772bfeb-e86b-4c99-a8ae-1ca7188080cc;389.4;0.1;UNKNOWN
2016-01-28T02:39:45.000000;2016-01-28T02:39:45.000000;7f63a8b6-36cc-4974-b12f-5a5187fbcce4;389.44;0.4;UNKNOWN
2016-01-28T02:39:52.000000;2016-01-28T02:39:52.000000;88df10e4-749d-4ebe-868d-a53d4e949407;389.4;0.5;UNKNOWN
2016-01-28T02:39:52.000000;2016-01-28T02:39:52.000000;2f90e98e-589e-446a-ad39-146816be4d67;389.41;1.5;UNKNOWN
2016-01-28T02:40:26.000000;2016-01-28T02:40:26.000000;affef9bd-c816-4cb9-a744-779dd7e36646;389.65;2.76136863;UNKNOWN
2016-01-28T02:40:26.000000;2016-01-28T02:40:26.000000;52d3e386-2466-46ec-abc2-58379c32f05a;389.65;2.53;UNKNOWN
2016-01-28T02:40:30.000000;2016-01-28T02:40:30.000000;3a2e6a8c-c5a7-4e13-8c62-3c04a773a6b8;389.3;4.47;UNKNOWN
2016-01-28T02:40:30.000000;2016-01-28T02:40:30.000000;e6a68b2f-7379-4736-82a4-f72d195ef01d;388.36;19.6672;UNKNOWN
2016-01-28T02:40:30.000000;2016-01-28T02:40:30.000000;6545e550-8857-4a8f-9a0c-2b12c42e0d68;388.46;2.55167134;UNKNOWN
2016-01-28T02:40:30.000000;2016-01-28T02:40:30.000000;473937df-ca13-47b0-ac9f-d311e2afc921;389.05;0.5;UNKNOWN
2016-01-28T02:40:30.000000;2016-01-28T02:40:30.000000;6bab7b68-d92f-4a51-9d8a-59e8a5311ad9;388.0;0.11422386;UNKNOWN
2016-01-28T02:40:30.000000;2016-01-28T02:40:30.000000;7c066621-470a-4514-bab8-5ecce034008c;388.99;2.55017469;UNKNOWN
2016-01-28T02:40:30.000000;2016-01-28T02:40:30.000000;ed053392-d948-4bee-80c8-48ff3d125a0f;389.09;0.5;UNKNOWN
2016-01-28T02:40:30.000000;2016-01-28T02:40:30.000000;48d1f988-b5f5-415d-8aec-862405c4aa42;389.49;0.5;UNKNOWN
2016-01-28T02:40:30.000000;2016-01-28T02:40:30.000000;56cdd4ca-ce2b-4748-9401-2c2ab18deb59;389.42;30.0;UNKNOWN
2016-01-28T02:40:30.000000;2016-01-28T02:40:30.000000;61cda7b2-864d-4a38-9a6f-911cfc160e93;389.53;0.11829;UNKNOWN
2016-01-28T02:40:30.000000;2016-01-28T02:40:30.000000;df6ae723-8580-46be-a95c-0ff3ffeccf3c;389.01;1.01;UNKNOWN
2016-01-28T02:40:30.000000;2016-01-28T02:40:30.000000;8265213c-c866-4c3e-90b5-5010fe68fe16;389.47;6.3746;UNKNOWN
2016-01-28T02:40:30.000000;2016-01-28T02:40:30.000000;789f8fea-a72b-4a04-9eef-7d845776dfa5;389.48;3.0;UNKNOWN
2016-01-28T02:40:30.000000;2016-01-28T02:40:30.000000;33b780a7-b5d7-482a-88f9-837328d9af8a;389.48;6.0;UNKNOWN
2016-01-28T02:40:30.000000;2016-01-28T02:40:30.000000;77e8117e-aa5b-4295-9b85-ddc45c5baa18;389.31;6.7921;UNKNOWN
2016-01-28T02:40:30.000000;2016-01-28T02:40:30.000000;68c20d57-2c37-4078-ab0d-2313f6b83ef2;389.04;2.55017469;UNKNOWN
2016-01-28T02:40:30.000000;2016-01-28T02:40:30.000000;7267bbcc-3166-47dc-8913-da010fa60bee;389.4;50.0;UNKNOWN
2016-01-28T02:40:30.000000;2016-01-28T02:40:30.000000;4b4ade82-cb4e-4a1a-b566-4980d7284216;388.33;2.52;UNKNOWN
2016-01-28T02:40:30.000000;2016-01-28T02:40:30.000000;3814899d-e5fa-4f6d-8e9b-ba4c2b6fa9b2;388.54;2.55167134;UNKNOWN
2016-01-28T02:40:30.000000;2016-01-28T02:40:30.000000;4e6bb1ca-42df-4090-aa11-104ef69a5a1a;388.76;10.2054;UNKNOWN
2016-01-28T02:40:30.000000;2016-01-28T02:40:30.000000;e0efe2d4-4889-4966-97e6-4ec5671dda91;388.14;3.01;UNKNOWN
2016-01-28T02:40:30.000000;2016-01-28T02:40:30.000000;eb0158ef-3e9f-41eb-abb1-ae88338f9014;388.0;6.69681793;UNKNOWN
2016-01-28T02:40:30.000000;2016-01-28T02:40:30.000000;37ebf5ec-d281-4524-90db-643820004de8;388.48;2.55183413;UNKNOWN
2016-01-28T02:40:30.000000;2016-01-28T02:40:30.000000;343927a5-4933-4113-8eb4-d79b38faada8;388.93;2.55027224;UNKNOWN
2016-01-28T02:40:30.000000;2016-01-28T02:40:30.000000;eb25ebbd-157a-4af9-99d3-3ad54e2c2147;389.0;1.0;UNKNOWN
2016-01-28T02:40:30.000000;2016-01-28T02:40:30.000000;5d072835-9da3-44ab-b6a3-d6eb748c869f;389.0;2.0;UNKNOWN
2016-01-28T02:40:30.000000;2016-01-28T02:40:30.000000;f7bb4ce4-9173-4cdb-a2f2-7de3b699d683;388.41;2.55167134;UNKNOWN
2016-01-28T02:40:30.000000;2016-01-28T02:40:30.000000;2a330540-eb73-4406-a7b5-1da5862d4b93;388.72;2.55108549;UNKNOWN
2016-01-28T02:40:30.000000;2016-01-28T02:40:30.000000;d4e03d64-834b-4a31-bd4e-2fdb87266650;388.0;0.2;UNKNOWN
2016-01-28T02:40:30.000000;2016-01-28T02:40:30.000000;e3fe8911-9d48-4b0d-8c69-2c32cfd3ca4f;388.76;1.5;UNKNOWN
2016-01-28T02:40:30.000000;2016-01-28T02:40:30.000000;fed2bdaf-20d6-420c-b0f6-2402ff212254;388.25;1.35;UNKNOWN
2016-01-28T02:40:30.000000;2016-01-28T02:40:30.000000;c7b01873-4602-474a-bbe6-2aa272c3bf08;388.13;18.5046;UNKNOWN
2016-01-28T02:40:30.000000;2016-01-28T02:40:30.000000;a81385ce-83ff-46f0-b28f-e547608d9a99;388.67;2.55167134;UNKNOWN
2016-01-28T02:40:30.000000;2016-01-28T02:40:30.000000;94fd5f54-f5dc-4262-a04c-827bfdb0bbbd;388.56;2.55183413;UNKNOWN
2016-01-28T02:40:30.000000;2016-01-28T02:40:30.000000;faf127be-a32b-4463-b34c-36aad765314e;388.69;0.27;UNKNOWN
2016-01-28T02:40:30.000000;2016-01-28T02:40:30.000000;c152c81b-1288-4ec2-82c8-1a296510a4cd;388.75;19.8793;UNKNOWN
2016-01-28T02:40:30.000000;2016-01-28T02:40:30.000000;fddb008b-f072-435f-b01f-4d0738d5fed6;388.54;20.2108;UNKNOWN
2016-01-28T02:40:30.000000;2016-01-28T02:40:30.000000;34fe9a88-4f9d-4da7-80e6-33e933d3ca5d;388.55;2.0;UNKNOWN
2016-01-28T02:40:34.000000;2016-01-28T02:40:34.000000;6da9611d-c8b2-4cd9-9613-77294149e8b7;389.62;3.999;UNKNOWN
2016-01-28T02:40:35.000000;2016-01-28T02:40:35.000000;c1ff65ad-44a0-45bb-8d23-c12a98670311;389.61;8.0;UNKNOWN
2016-01-28T02:40:36.000000;2016-01-28T02:40:36.000000;01553826-5583-4163-b6f0-c4ba86e32eea;389.6;4.47;UNKNOWN
2016-01-28T02:40:37.000000;2016-01-28T02:40:37.000000;509fe884-6ee5-4ae1-bdd2-b07a5de39a89;388.75;1.09740203;UNKNOWN
2016-01-28T02:40:37.000000;2016-01-28T02:40:37.000000;0e4631ad-2097-4628-9800-16e27ec5282a;388.88;0.5;UNKNOWN
2016-01-28T02:40:44.000000;2016-01-28T02:40:44.000000;10b8fca9-048a-4ac6-a222-248cc8b73efb;388.77;0.2;UNKNOWN
2016-01-28T02:41:04.000000;2016-01-28T02:41:04.000000;2eff6316-9fc4-44a3-9405-8de7d78fc6d9;389.11;6.4111;UNKNOWN
2016-01-28T02:41:04.000000;2016-01-28T02:41:04.000000;2f026f0d-9efc-4a93-9a7f-fd89103fba76;389.1;0.5739;UNKNOWN
2016-01-28T02:41:04.000000;2016-01-28T02:41:04.000000;613d0f50-020e-41e0-a1ed-616914eb6c74;389.34;8.0;UNKNOWN
2016-01-28T02:41:05.000000;2016-01-28T02:41:05.000000;fdf0e9ad-2c84-4df4-8550-0d9c28180421;389.1;4.4261;UNKNOWN
2016-01-28T02:41:05.000000;2016-01-28T02:41:05.000000;fffe6857-d9a8-4c77-86db-453cd9c9f9fb;389.35;0.4261;UNKNOWN
2016-01-28T02:41:05.000000;2016-01-28T02:41:05.000000;1616060a-70bb-47cc-aef9-cba0e972e819;388.87;0.5739;UNKNOWN
2016-01-28T02:41:06.000000;2016-01-28T02:41:06.000000;3e11ace8-8e97-4edd-9555-11de7474c367;388.86;1.0136;UNKNOWN
2016-01-28T02:41:35.000000;2016-01-28T02:41:35.000000;7469bce3-534f-4991-bdf7-0c2f7ca0fc62;389.2;1.43469;UNKNOWN
2016-01-28T02:41:39.000000;2016-01-28T02:41:39.000000;994c82b2-20b5-4241-8eb0-2a9273953ecc;388.81;0.37;UNKNOWN
2016-01-28T02:41:41.000000;2016-01-28T02:41:41.000000;8e1137be-5013-425f-bef9-79694d5aad47;388.78;14.55;UNKNOWN
2016-01-28T02:41:47.000000;2016-01-28T02:41:47.000000;b8f6fb8b-72f8-4051-b2f1-cd069fa85ab4;388.79;6.26;UNKNOWN
2016-01-28T02:41:47.000000;2016-01-28T02:41:47.000000;c68c9950-0b22-4de5-b6ce-c796f4c0896b;388.8;3.74;UNKNOWN
2016-01-28T02:42:05.000000;2016-01-28T02:42:05.000000;bfafbfd5-eaed-4d27-a8ce-977055a021f2;388.77;0.09329835;UNKNOWN
2016-01-28T02:42:16.000000;2016-01-28T02:42:16.000000;20a7c454-3e46-489f-9661-a51e7512ea61;388.78;0.4481;UNKNOWN
2016-01-28T02:42:18.000000;2016-01-28T02:42:18.000000;d577d226-e6ce-4af8-8f9f-ca389930bf3b;388.78;1.0;UNKNOWN
2016-01-28T02:42:22.000000;2016-01-28T02:42:22.000000;dc0094bf-07ef-4470-afd2-e4547453daa6;388.77;2.0;UNKNOWN
2016-01-28T02:42:22.000000;2016-01-28T02:42:22.000000;7d1487cc-fc54-4303-a771-21b908e1c0b3;388.79;0.05;UNKNOWN
2016-01-28T02:42:22.000000;2016-01-28T02:42:22.000000;02491e97-5194-4b32-94ca-f0b61ff3b6b6;388.77;10.0;UNKNOWN
2016-01-28T02:42:22.000000;2016-01-28T02:42:22.000000;193f0751-2685-4c31-b05a-3a345cbe5992;388.77;0.20670165;UNKNOWN
2016-01-28T02:42:22.000000;2016-01-28T02:42:22.000000;0e3a7498-850e-490e-9838-2d19d3014ea3;388.78;20.81;UNKNOWN
2016-01-28T02:42:24.000000;2016-01-28T02:42:24.000000;19d0428a-da7b-4814-b80d-36b41e24d032;388.76;0.910455;UNKNOWN
2016-01-28T02:42:29.000000;2016-01-28T02:42:29.000000;2266acf3-1a0e-4b62-afa8-34f4c494ff06;388.32;9.6589006;UNKNOWN
2016-01-28T02:42:31.000000;2016-01-28T02:42:31.000000;fa7c1ac7-3318-481d-87fb-36d273350c44;388.66;0.182326;UNKNOWN
2016-01-28T02:42:38.000000;2016-01-28T02:42:38.000000;eef516ba-89bd-40ab-8fb6-d82d0e924037;388.32;7.82;UNKNOWN
2016-01-28T02:42:38.000000;2016-01-28T02:42:38.000000;2499e99c-0a41-4dc9-bd50-e382961a609a;388.33;0.18;UNKNOWN
2016-01-28T02:42:40.000000;2016-01-28T02:42:40.000000;068367c8-0532-4029-b136-5d808acdaed0;388.49;1.0;UNKNOWN
2016-01-28T02:42:40.000000;2016-01-28T02:42:40.000000;aa4fb944-9f54-4113-b6f3-6d4a75a2cd38;388.32;1.5;UNKNOWN
2016-01-28T02:42:44.000000;2016-01-28T02:42:44.000000;f5b19495-e58a-40bd-b80e-d228749c0cd0;388.33;1.0;UNKNOWN
2016-01-28T02:42:46.000000;2016-01-28T02:42:46.000000;5b48d86f-6846-4029-8b2b-6d3d60705079;388.33;1.0;UNKNOWN
2016-01-28T02:42:47.000000;2016-01-28T02:42:47.000000;33d50ebc-baac-4ce4-be1d-5c7310d7c28b;388.33;1.52;UNKNOWN
2016-01-28T02:42:47.000000;2016-01-28T02:42:47.000000;92f02824-c752-444c-a56f-cb22ef131f22;388.33;13.52927859;UNKNOWN
2016-01-28T02:42:48.000000;2016-01-28T02:42:48.000000;6ea135f9-7b83-4be0-940c-47f0c02d4db9;388.33;0.39386177;UNKNOWN
2016-01-28T02:42:48.000000;2016-01-28T02:42:48.000000;74d2193c-252c-46bd-841a-e927c1383b7f;388.32;0.1319804;UNKNOWN
2016-01-28T02:42:49.000000;2016-01-28T02:42:49.000000;7c629ab1-e109-4cfc-8391-29e2f43a393e;388.32;0.5480196;UNKNOWN
2016-01-28T02:42:49.000000;2016-01-28T02:42:49.000000;648b695d-9c87-4f3d-b019-26d218c8aa62;388.0;1.0;UNKNOWN
2016-01-28T02:42:49.000000;2016-01-28T02:42:49.000000;dfceec39-2b45-4048-a91a-ab7b72297b9e;388.3;0.42864597;UNKNOWN
2016-01-28T02:42:50.000000;2016-01-28T02:42:50.000000;9d6f41df-722a-46ff-94c8-cbb1c779c7f2;388.01;1.0;UNKNOWN
2016-01-28T02:42:50.000000;2016-01-28T02:42:50.000000;032641cb-bb2f-4db2-800b-cf8e319a5b53;388.0;1.5;UNKNOWN
2016-01-28T02:42:51.000000;2016-01-28T02:42:51.000000;1bdd9d20-106d-4453-845b-185798c3aea6;388.01;1.0;UNKNOWN
2016-01-28T02:42:51.000000;2016-01-28T02:42:51.000000;4cc78109-6f37-45f2-90fa-0c7c1f4174bf;388.01;0.7204506;UNKNOWN
2016-01-28T02:42:52.000000;2016-01-28T02:42:52.000000;f778f27f-cf33-406c-a2c4-8bd1232d9fbe;388.01;1.0;UNKNOWN
2016-01-28T02:42:53.000000;2016-01-28T02:42:53.000000;17202633-ae62-4323-a8c1-1ac6765d6996;388.01;13.6982494;UNKNOWN
2016-01-28T02:42:53.000000;2016-01-28T02:42:53.000000;c068ec4a-d3c8-4f14-9c02-bfe6eb42c360;388.0;0.2;UNKNOWN
2016-01-28T02:42:53.000000;2016-01-28T02:42:53.000000;4ab6483c-1e7c-4cd3-ba87-754c73871b41;388.0;0.9342;UNKNOWN
2016-01-28T02:42:53.000000;2016-01-28T02:42:53.000000;30977262-b027-4810-a008-3b8bc71a003e;388.0;0.09137614;UNKNOWN
2016-01-28T02:42:55.000000;2016-01-28T02:42:55.000000;abbf167d-fb5f-463b-a34b-6869cf7b326e;387.6;1.0;UNKNOWN
2016-01-28T02:42:58.000000;2016-01-28T02:42:58.000000;b940a46d-ec27-4520-b679-2ac0da7eb143;387.87;0.43912;UNKNOWN
2016-01-28T02:43:06.000000;2016-01-28T02:43:06.000000;a2f50391-b4ab-4544-84e2-4d463f79ee01;387.44;2.55551864;UNKNOWN
2016-01-28T02:43:06.000000;2016-01-28T02:43:06.000000;32f05a74-c020-480d-899f-8b96b169ed06;387.4;2.55551864;UNKNOWN
2016-01-28T02:43:06.000000;2016-01-28T02:43:06.000000;46a9a1fe-c770-4f7a-9ea1-e96306702a68;387.32;2.55715235;UNKNOWN
2016-01-28T02:43:06.000000;2016-01-28T02:43:06.000000;5ed6532e-4644-4330-95a1-fd8e96be3be8;387.0;0.2;UNKNOWN
2016-01-28T02:43:06.000000;2016-01-28T02:43:06.000000;2c3b27d0-f337-4667-bdca-c92c983272df;387.41;2.55597587;UNKNOWN
2016-01-28T02:43:06.000000;2016-01-28T02:43:06.000000;4b8997c7-409a-489c-a529-b62eb235e780;387.04;0.0119;UNKNOWN
2016-01-28T02:43:06.000000;2016-01-28T02:43:06.000000;54c650ef-9a04-4de8-bbc2-76bb212bc2a2;387.0;0.2;UNKNOWN
2016-01-28T02:43:06.000000;2016-01-28T02:43:06.000000;da8ff388-a8c4-49ba-beb8-6a0fb5668c9b;387.0;0.15;UNKNOWN
2016-01-28T02:43:06.000000;2016-01-28T02:43:06.000000;aa4e6bb3-3a09-47c6-9a11-f33956c576a0;387.51;0.05;UNKNOWN
2016-01-28T02:43:06.000000;2016-01-28T02:43:06.000000;d26c46f2-ac43-4056-96d2-aedcb7062c3d;387.6;1.5;UNKNOWN
2016-01-28T02:43:08.000000;2016-01-28T02:43:08.000000;670d8aff-40d4-4631-a49a-f2a7aabdfa66;386.88;1.76917209;UNKNOWN
2016-01-28T02:43:08.000000;2016-01-28T02:43:08.000000;119b11ef-8420-4907-aea9-d1dbd634e7a4;386.0;0.5;UNKNOWN
2016-01-28T02:43:08.000000;2016-01-28T02:43:08.000000;be6d9ac4-d14d-4e33-9a7e-90c8ec0cb43a;386.0;0.02;UNKNOWN
2016-01-28T02:43:08.000000;2016-01-28T02:43:08.000000;8735badc-436d-405f-8909-c516ee397181;386.6;0.1261;UNKNOWN
2016-01-28T02:43:08.000000;2016-01-28T02:43:08.000000;5ebb755b-2ae4-4bc4-a4cc-3e8354e521d4;386.02;2.0;UNKNOWN
2016-01-28T02:43:08.000000;2016-01-28T02:43:08.000000;76ed4e4f-e637-4c77-a2d5-548b90628806;386.53;0.26;UNKNOWN
2016-01-28T02:43:08.000000;2016-01-28T02:43:08.000000;66179509-9c05-4c6a-974a-6722ca6ed89f;386.43;0.05;UNKNOWN
2016-01-28T02:43:08.000000;2016-01-28T02:43:08.000000;37a4d982-99c0-4a94-bbf9-212ada227a89;386.0;0.9;UNKNOWN
2016-01-28T02:43:08.000000;2016-01-28T02:43:08.000000;647e1d8a-2678-4641-a0ca-5e1926411da4;386.88;0.79220491;UNKNOWN
2016-01-28T02:43:08.000000;2016-01-28T02:43:08.000000;5605ead2-9795-4e19-9d01-411fc8e7a99f;386.1;10.0;UNKNOWN
2016-01-28T02:43:08.000000;2016-01-28T02:43:08.000000;ed2feca0-101c-4a73-8f46-6555e389049d;386.58;5.0;UNKNOWN
2016-01-28T02:43:08.000000;2016-01-28T02:43:08.000000;3bbe33be-dabc-45ec-aded-a6f30bea2861;386.0;1.0;UNKNOWN
2016-01-28T02:43:08.000000;2016-01-28T02:43:08.000000;660d9e91-21ab-4f07-9288-9b6e7d56aab2;386.38;7.24;UNKNOWN
2016-01-28T02:43:08.000000;2016-01-28T02:43:08.000000;fbdf1b48-a2af-4d13-913a-93adcc296c0f;386.13;0.25749896;UNKNOWN
2016-01-28T02:43:08.000000;2016-01-28T02:43:08.000000;e428c939-1096-4b30-a432-d8bb2e585706;386.8;2.561377;UNKNOWN
2016-01-28T02:43:08.000000;2016-01-28T02:43:08.000000;0e2c20c9-734e-4c60-9fb5-28bc7521fa63;386.58;25.32545205;UNKNOWN
2016-01-28T02:43:08.000000;2016-01-28T02:43:08.000000;76a97059-1d19-4af8-8f73-6ef965784473;386.7;0.2;UNKNOWN
2016-01-28T02:43:08.000000;2016-01-28T02:43:08.000000;1e5e5708-332d-4917-9636-3ef23b545ecf;386.0;0.07;UNKNOWN
2016-01-28T02:43:08.000000;2016-01-28T02:43:08.000000;20d89ba8-64c6-4432-9620-71a6aa4c44d4;386.66;9.16067014;UNKNOWN
2016-01-28T02:43:08.000000;2016-01-28T02:43:08.000000;c36e523c-2677-43ca-8607-31d6de034e26;386.05;0.42;UNKNOWN
2016-01-28T02:43:08.000000;2016-01-28T02:43:08.000000;cc9c3062-fb88-456b-89a0-c0819634e042;386.0;0.01;UNKNOWN
2016-01-28T02:43:08.000000;2016-01-28T02:43:08.000000;70e224ce-253f-4a25-b1ed-f319770555fe;386.58;4.5149;UNKNOWN
2016-01-28T02:43:08.000000;2016-01-28T02:43:08.000000;ae40f933-ad7b-461e-b9f7-594bbbd80578;386.0;0.505;UNKNOWN
2016-01-28T02:43:08.000000;2016-01-28T02:43:08.000000;d6113b0d-844b-41dd-a53c-a6d33c6d28c9;386.52;2.0;UNKNOWN
2016-01-28T02:43:08.000000;2016-01-28T02:43:08.000000;d1dca620-0e45-4d89-a888-3e53c99a7321;386.34;0.0166;UNKNOWN
2016-01-28T02:43:08.000000;2016-01-28T02:43:08.000000;2188fb04-f8d8-450c-96bc-0d2d0f6f896c;386.0;23.44774899;UNKNOWN
2016-01-28T02:43:08.000000;2016-01-28T02:43:08.000000;6b06b412-317a-47aa-b01a-733f8a1978df;386.18;5.86975205;UNKNOWN
2016-01-28T02:43:08.000000;2016-01-28T02:43:08.000000;3ebd52f7-db57-4ec1-b16e-3da1d743eb52;386.19;5.87;UNKNOWN
2016-01-28T02:43:08.000000;2016-01-28T02:43:08.000000;01217b2d-3565-4294-b41c-c639dc7f052a;386.18;9.23794795;UNKNOWN
2016-01-28T02:43:08.000000;2016-01-28T02:43:08.000000;ebcd7fb8-ea8c-4f8e-af89-774851cd562c;386.0;0.5036906;UNKNOWN
2016-01-28T02:43:08.000000;2016-01-28T02:43:08.000000;6ec3993b-4f22-4bd3-be49-7b97530af516;386.58;17.15964795;UNKNOWN
2016-01-28T02:43:13.000000;2016-01-28T02:43:13.000000;6721a498-603b-4077-b502-307b38d5d25e;385.85;0.26101418;UNKNOWN
2016-01-28T02:43:13.000000;2016-01-28T02:43:13.000000;5d3120ce-cc88-4a13-b957-d4b7a9fae603;386.0;0.2;UNKNOWN
2016-01-28T02:43:13.000000;2016-01-28T02:43:13.000000;50264738-7cd0-4b38-aba7-64a7ee86ca0b;385.85;9.48218259;UNKNOWN
2016-01-28T02:43:13.000000;2016-01-28T02:43:13.000000;f5b878fc-bffb-4d1f-9ec4-b81b239d5cb6;385.9;0.069257;UNKNOWN
2016-01-28T02:43:13.000000;2016-01-28T02:43:13.000000;09a11017-84ab-42ee-a2ff-af8ff865a2c6;386.0;0.04856041;UNKNOWN
2016-01-28T02:43:13.000000;2016-01-28T02:43:13.000000;0cea6949-9f35-4dab-a0d3-f66408d899a9;386.0;1.0;UNKNOWN
2016-01-28T02:43:13.000000;2016-01-28T02:43:13.000000;4f245ec3-1884-4840-801e-ae17c00bba6c;386.0;0.2;UNKNOWN
2016-01-28T02:43:14.000000;2016-01-28T02:43:14.000000;53374d5b-cb1e-44c7-bf02-3af2dc2e39ad;386.03;2.5;UNKNOWN
2016-01-28T02:43:14.000000;2016-01-28T02:43:14.000000;14f13bcf-9c6e-4d53-baaf-753343cc356b;386.03;5.0;UNKNOWN
2016-01-28T02:43:15.000000;2016-01-28T02:43:15.000000;865d0e09-7c55-4d49-a172-f74e75cbb016;386.03;0.26101418;UNKNOWN
2016-01-28T02:43:19.000000;2016-01-28T02:43:19.000000;d18ebd71-ca7f-4fdd-afe8-cae6b514ff7c;386.44;2.0;UNKNOWN
2016-01-28T02:43:23.000000;2016-01-28T02:43:23.000000;bd93f1dc-7d41-4266-99ec-e1883f4919eb;386.03;10.0;UNKNOWN
2016-01-28T02:43:23.000000;2016-01-28T02:43:23.000000;f72411f3-37aa-42ee-bd96-0fa1c6080a27;386.03;17.23898582;UNKNOWN
2016-01-28T02:43:23.000000;2016-01-28T02:43:23.000000;124e9655-e9e0-4370-b25a-9c52ccbded0d;385.73;5.83801418;UNKNOWN
2016-01-28T02:43:23.000000;2016-01-28T02:43:23.000000;2bc7be2d-2cb6-42ee-9bf1-91452dbc7d5d;386.0;0.666;UNKNOWN
2016-01-28T02:43:23.000000;2016-01-28T02:43:23.000000;fc501190-33c0-4252-9fd0-2bb954dc4a7f;386.0;0.253;UNKNOWN
2016-01-28T02:43:23.000000;2016-01-28T02:43:23.000000;62b985c6-54ac-4a66-85c9-5e2edb622245;386.0;0.253;UNKNOWN
2016-01-28T02:43:23.000000;2016-01-28T02:43:23.000000;e06efafd-d2bb-4328-b8d4-e3a117afedd1;386.0;0.251;UNKNOWN
2016-01-28T02:43:23.000000;2016-01-28T02:43:23.000000;91bfe9ba-9d00-4b60-be5a-1d2cdac35c70;385.73;0.5;UNKNOWN
2016-01-28T02:43:24.000000;2016-01-28T02:43:24.000000;3c9ff965-f343-402e-ad7f-ba9d8da13862;385.52;2.0;UNKNOWN
2016-01-28T02:43:24.000000;2016-01-28T02:43:24.000000;2fef0ca6-1b36-4c88-b093-d0fe5d43871a;385.51;33.92741792;UNKNOWN
2016-01-28T02:43:24.000000;2016-01-28T02:43:24.000000;ce84ae6d-a0d8-440a-8f60-b6e831efaf24;385.73;7.31198582;UNKNOWN
2016-01-28T02:43:24.000000;2016-01-28T02:43:24.000000;71199914-d3bb-4af6-8ad0-9db333dfdad5;385.67;6.85;UNKNOWN
2016-01-28T02:43:24.000000;2016-01-28T02:43:24.000000;71f7a663-ac42-4da6-b035-e92111c99b49;385.57;12.0;UNKNOWN
2016-01-28T02:43:24.000000;2016-01-28T02:43:24.000000;736cdd5e-d816-4fa3-828c-80cd624f5050;385.68;0.01;UNKNOWN
2016-01-28T02:43:24.000000;2016-01-28T02:43:24.000000;763d6972-c641-49f2-8100-696b19c82405;385.71;2.94;UNKNOWN
2016-01-28T02:43:24.000000;2016-01-28T02:43:24.000000;ac844f75-90bd-4364-bf4e-cdd6a0b4e261;385.66;14.8235;UNKNOWN
2016-01-28T02:43:24.000000;2016-01-28T02:43:24.000000;d87c26c3-9706-4b0d-914f-2607fa9f090e;385.62;2.56854813;UNKNOWN
2016-01-28T02:43:24.000000;2016-01-28T02:43:24.000000;0154db58-bb6e-4982-9529-fadc64c112ff;385.67;15.0;UNKNOWN
2016-01-28T02:43:24.000000;2016-01-28T02:43:24.000000;0a41674e-3847-4a66-b4c3-cf3cf849c5f5;385.66;2.56854813;UNKNOWN
2016-01-28T02:43:25.000000;2016-01-28T02:43:25.000000;d6e26ecf-c68b-4500-affc-6b3eeccbf2d6;386.42;0.29999999;UNKNOWN
2016-01-28T02:43:25.000000;2016-01-28T02:43:25.000000;6242f53e-db34-4197-b7db-9d5dada516fe;385.74;4.47;UNKNOWN
2016-01-28T02:43:25.000000;2016-01-28T02:43:25.000000;5be1715a-2618-4069-804c-348dacff3f47;385.74;1.0;UNKNOWN
2016-01-28T02:43:26.000000;2016-01-28T02:43:26.000000;9fc096ca-8cf4-4129-b07d-1af1c44b708c;385.51;16.0;UNKNOWN
2016-01-28T02:43:26.000000;2016-01-28T02:43:26.000000;7da8fdb5-de4f-4516-9235-df6a03f626e0;385.51;10.0;UNKNOWN
2016-01-28T02:43:27.000000;2016-01-28T02:43:27.000000;31a3e43c-c092-4036-b735-7d5448bf6353;385.98;0.08;UNKNOWN
2016-01-28T02:43:28.000000;2016-01-28T02:43:28.000000;00f1e0e3-d69a-45f4-a09a-f0b365e5f21e;385.97;2.0;UNKNOWN
2016-01-28T02:43:29.000000;2016-01-28T02:43:29.000000;19946878-0210-4387-82f3-e31561e1e72b;385.38;2.57095845;UNKNOWN
2016-01-28T02:43:29.000000;2016-01-28T02:43:29.000000;52397776-d98d-4030-a9ca-68fe2286dea7;385.52;2.01;UNKNOWN
2016-01-28T02:43:29.000000;2016-01-28T02:43:29.000000;79671a63-654d-4e10-a9cd-90e71319d5e5;385.51;140.07258208;UNKNOWN
2016-01-28T02:43:29.000000;2016-01-28T02:43:29.000000;b4a495b0-b9a8-4b2d-9b51-c1ed397c2ff6;385.96;1.0;UNKNOWN
2016-01-28T02:43:29.000000;2016-01-28T02:43:29.000000;4bf94439-d2f0-400a-9f9f-21b6558893f1;385.38;41.185;UNKNOWN
