time_exchange;time_coinpai;guid;price;base_amount;taker_side
2016-01-17T00:00:02.000000;2016-01-17T00:00:02.000000;1512f785-be0d-44d3-af82-946cd7bbd00f;388.44;0.64274192;UNKNOWN
2016-01-17T00:00:02.000000;2016-01-17T00:00:02.000000;ea71f1dc-8052-49da-a62f-187a43128c43;388.44;0.70420719;UNKNOWN
2016-01-17T00:00:02.000000;2016-01-17T00:00:02.000000;f49e0816-99c9-4710-bd82-4d4f700a62e9;388.42;0.1;UNKNOWN
2016-01-17T00:00:02.000000;2016-01-17T00:00:02.000000;19d25569-cec1-4caf-8410-45553cc29be2;388.43;1.4089;UNKNOWN
2016-01-17T00:00:04.000000;2016-01-17T00:00:04.000000;7835cd0d-590e-4b8e-98ea-2ed76d79e228;388.44;0.10554666;UNKNOWN
2016-01-17T00:00:23.000000;2016-01-17T00:00:23.000000;f4a84f21-8cc7-480f-b4c7-50733965b5ea;388.45;0.21018;UNKNOWN
2016-01-17T00:00:27.000000;2016-01-17T00:00:27.000000;863b1de4-1d27-4d58-a288-6d6974e408ee;388.46;0.10482;UNKNOWN
2016-01-17T00:00:33.000000;2016-01-17T00:00:33.000000;96cf23fc-2b6b-4497-b7a7-3362754a59db;388.48;0.05226;UNKNOWN
2016-01-17T00:00:37.000000;2016-01-17T00:00:37.000000;7ac5a2bb-663e-4863-bfd8-e06d577c12e6;388.51;0.50098521;UNKNOWN
2016-01-17T00:00:39.000000;2016-01-17T00:00:39.000000;4358e896-22dc-4848-abe3-100ea95ceafe;387.73;21.998;UNKNOWN
2016-01-17T00:00:39.000000;2016-01-17T00:00:39.000000;9e42df6c-c595-432a-a2a2-b473930ac4f7;387.11;4.01;UNKNOWN
2016-01-17T00:00:39.000000;2016-01-17T00:00:39.000000;deaab691-68db-457f-8cdf-9c6d66f1685f;388.0;0.3028;UNKNOWN
2016-01-17T00:00:39.000000;2016-01-17T00:00:39.000000;fdb8a898-b59e-4398-b243-ae800bf243d3;387.84;30.3767;UNKNOWN
2016-01-17T00:00:39.000000;2016-01-17T00:00:39.000000;5a3fca6c-a7b6-48a7-b810-09cc010f96e4;388.0;2.3635;UNKNOWN
2016-01-17T00:00:39.000000;2016-01-17T00:00:39.000000;433cb762-5d1b-4f09-a655-584e7eba32ea;387.87;1.02;UNKNOWN
2016-01-17T00:00:39.000000;2016-01-17T00:00:39.000000;69eec148-4846-4e63-ab4f-bf844b6a9ee4;388.47;0.1;UNKNOWN
2016-01-17T00:00:39.000000;2016-01-17T00:00:39.000000;26530b4c-ecea-4e23-8be3-cbb500c3759d;388.2;0.8;UNKNOWN
2016-01-17T00:00:39.000000;2016-01-17T00:00:39.000000;b94fd11e-a7c8-4af1-920c-d737e8b31b36;387.86;10.2397;UNKNOWN
2016-01-17T00:00:39.000000;2016-01-17T00:00:39.000000;b01e6c4e-6d20-43ec-9d58-9e647ff1e326;387.02;2.58;UNKNOWN
2016-01-17T00:00:39.000000;2016-01-17T00:00:39.000000;adb933a1-426b-4616-a2a4-99bc40b009a4;388.4;5.23420869;UNKNOWN
2016-01-17T00:00:39.000000;2016-01-17T00:00:39.000000;d90afa58-da2c-4315-9957-a3d71dbf5cdd;387.1;2.58;UNKNOWN
2016-01-17T00:00:39.000000;2016-01-17T00:00:39.000000;8f97c234-8d79-4fc9-ad33-7c0223f7427d;388.49;0.1;UNKNOWN
2016-01-17T00:00:39.000000;2016-01-17T00:00:39.000000;33d5a1ab-a9c5-4d88-921a-84c1201d5f73;388.52;6.4294;UNKNOWN
2016-01-17T00:00:39.000000;2016-01-17T00:00:39.000000;995de697-8876-47bb-9015-9600a54ee37b;387.46;23.2809;UNKNOWN
2016-01-17T00:00:39.000000;2016-01-17T00:00:39.000000;5a09624c-6092-45eb-8d5e-ee5bef0a0ffa;387.2;8.21;UNKNOWN
2016-01-17T00:00:39.000000;2016-01-17T00:00:39.000000;327506c5-1460-41c3-bbc3-0ea420ec96a0;387.49;0.6;UNKNOWN
2016-01-17T00:00:39.000000;2016-01-17T00:00:39.000000;be377400-396d-4ad2-94ae-2c8f3842a890;387.29;3.0;UNKNOWN
2016-01-17T00:00:39.000000;2016-01-17T00:00:39.000000;cf5193db-fff5-4c82-9417-34125d528918;387.6;2.58;UNKNOWN
2016-01-17T00:00:39.000000;2016-01-17T00:00:39.000000;d72ff1b2-dedb-4f15-8b17-3ea125d43358;387.47;3.02;UNKNOWN
2016-01-17T00:00:39.000000;2016-01-17T00:00:39.000000;39c2c706-a0e8-40b7-b336-90524804165d;388.0;10.0;UNKNOWN
2016-01-17T00:00:39.000000;2016-01-17T00:00:39.000000;4236e679-5340-471c-85bf-f7868602d903;387.67;2.58;UNKNOWN
2016-01-17T00:00:39.000000;2016-01-17T00:00:39.000000;335b0e46-ea1b-4efd-8b52-30d9e9abda91;387.74;2.02;UNKNOWN
2016-01-17T00:00:39.000000;2016-01-17T00:00:39.000000;ad8a202e-1f46-4511-852b-a26acf137f82;387.66;0.05;UNKNOWN
2016-01-17T00:00:39.000000;2016-01-17T00:00:39.000000;e33125aa-5004-4a70-996a-928be6705523;387.28;0.04;UNKNOWN
2016-01-17T00:00:39.000000;2016-01-17T00:00:39.000000;10386b8e-059b-4239-b3a8-d94b2cba988e;387.83;2.58;UNKNOWN
2016-01-17T00:00:39.000000;2016-01-17T00:00:39.000000;ef4c1122-d2de-4db5-8419-1af0ad3a1d1b;387.73;2.58;UNKNOWN
2016-01-17T00:00:39.000000;2016-01-17T00:00:39.000000;254ef961-820e-443f-8221-fe6914a58a09;387.8;2.58;UNKNOWN
2016-01-17T00:00:39.000000;2016-01-17T00:00:39.000000;94a5fcd9-f136-4176-9921-ce5a149d1c12;387.47;11.79;UNKNOWN
2016-01-17T00:00:39.000000;2016-01-17T00:00:39.000000;9245629d-4117-4f3f-a5f5-ae8f45ec9336;387.19;22.8695;UNKNOWN
2016-01-17T00:00:39.000000;2016-01-17T00:00:39.000000;ae02c3b2-a6ca-4e57-9b28-80b2ae262841;387.2;0.05;UNKNOWN
2016-01-17T00:00:41.000000;2016-01-17T00:00:41.000000;51c8bc4d-8ebc-46b5-a8e6-7406d7c16437;387.0;2.0;UNKNOWN
2016-01-17T00:00:44.000000;2016-01-17T00:00:44.000000;d6214389-f9e6-4a23-914d-e4e6247cab82;387.0;1.41529131;UNKNOWN
2016-01-17T00:00:44.000000;2016-01-17T00:00:44.000000;a8e3d45a-6c98-43a3-85ae-e84e30e0446c;387.0;10.62;UNKNOWN
2016-01-17T00:01:05.000000;2016-01-17T00:01:05.000000;1ed019c2-f28b-4039-854b-fcbfc54bd9e5;388.08;0.57891765;UNKNOWN
2016-01-17T00:01:09.000000;2016-01-17T00:01:09.000000;a7c10f9a-de9e-4f4b-a96b-61a2dfe0a086;387.33;0.37;UNKNOWN
2016-01-17T00:01:09.000000;2016-01-17T00:01:09.000000;5b40c3df-4ad1-4992-8bcf-d5f76245d985;387.33;2.41;UNKNOWN
2016-01-17T00:01:17.000000;2016-01-17T00:01:17.000000;75977eff-fc67-465b-8afb-4840bbd2b275;387.37;0.1;UNKNOWN
2016-01-17T00:01:17.000000;2016-01-17T00:01:17.000000;ddebb2ba-82ec-427e-8b65-5ec61569ea0e;387.36;0.02800524;UNKNOWN
2016-01-17T00:01:18.000000;2016-01-17T00:01:18.000000;7fc63f26-80fc-43ff-9cf1-6147593f3a9c;388.01;0.5786912;UNKNOWN
2016-01-17T00:01:34.000000;2016-01-17T00:01:34.000000;a71be49f-6995-4267-bc6f-7f50ea715d06;387.93;0.05;UNKNOWN
2016-01-17T00:02:06.000000;2016-01-17T00:02:06.000000;41d24996-3aaf-4225-9647-3b7c478ef80d;387.39;0.01591168;UNKNOWN
2016-01-17T00:02:11.000000;2016-01-17T00:02:11.000000;76003823-7b38-4b4a-9cc1-02d5309c2e5b;387.39;4.25317642;UNKNOWN
2016-01-17T00:02:11.000000;2016-01-17T00:02:11.000000;e5dda6b8-0a3a-4b99-b6bc-6eb5eee9ea4f;387.4;0.1;UNKNOWN
2016-01-17T00:02:12.000000;2016-01-17T00:02:12.000000;5361511a-d2c5-4d66-bd21-52d3fffa14b9;387.39;1.5;UNKNOWN
2016-01-17T00:02:27.000000;2016-01-17T00:02:27.000000;e8d5d6b1-5854-4e85-8648-4a03271b5338;387.38;0.06979398;UNKNOWN
2016-01-17T00:03:04.000000;2016-01-17T00:03:04.000000;f17a859b-3bd7-4415-a894-c36d5e666500;387.2;0.1;UNKNOWN
2016-01-17T00:03:04.000000;2016-01-17T00:03:04.000000;9ef13414-7808-42e9-9e82-f5b76f3522fa;387.21;0.1;UNKNOWN
2016-01-17T00:03:04.000000;2016-01-17T00:03:04.000000;0b59302c-5453-49d2-8824-8facb4aeaf9a;387.29;0.1;UNKNOWN
2016-01-17T00:03:04.000000;2016-01-17T00:03:04.000000;33593666-b2c4-42cf-bce6-67074d4c7c8d;387.2;0.035;UNKNOWN
2016-01-17T00:03:26.000000;2016-01-17T00:03:26.000000;b8212835-984f-4cc2-84d0-e5ac82c76ef3;387.19;0.1;UNKNOWN
2016-01-17T00:03:26.000000;2016-01-17T00:03:26.000000;e1897b03-6958-4865-8a7f-f25c97d9e8f2;387.2;2.15;UNKNOWN
2016-01-17T00:03:27.000000;2016-01-17T00:03:27.000000;9e0873d5-94db-44d5-abe1-2a78725e19b7;387.2;3.0;UNKNOWN
2016-01-17T00:03:32.000000;2016-01-17T00:03:32.000000;ee570e2d-4ad6-4a62-913c-f834b88cec89;387.17;21.88;UNKNOWN
2016-01-17T00:04:10.000000;2016-01-17T00:04:10.000000;dc86f961-c751-4508-9500-232104e3795b;387.1;0.5;UNKNOWN
2016-01-17T00:04:10.000000;2016-01-17T00:04:10.000000;14de957c-f840-4e70-a3f2-51e5d9443814;387.12;0.29;UNKNOWN
2016-01-17T00:04:11.000000;2016-01-17T00:04:11.000000;dddf4d8b-1c2b-4865-a57d-b5e1651a1f83;387.12;0.14;UNKNOWN
2016-01-17T00:04:13.000000;2016-01-17T00:04:13.000000;50e2022f-f78f-4676-b6fb-8780fd5787b8;386.82;2.58;UNKNOWN
2016-01-17T00:04:13.000000;2016-01-17T00:04:13.000000;ed6d81ed-f7cf-4ab1-beaa-482a568deed9;386.69;3.0;UNKNOWN
2016-01-17T00:04:13.000000;2016-01-17T00:04:13.000000;281dcaca-42b1-46ef-abb8-60c0bf12a710;386.32;0.25258315;UNKNOWN
2016-01-17T00:04:13.000000;2016-01-17T00:04:13.000000;858da3ff-31cf-4bb3-b72e-8a189b1b4fb6;386.37;2.59;UNKNOWN
2016-01-17T00:04:13.000000;2016-01-17T00:04:13.000000;bec13f6c-d96f-4843-a4da-3ba15a505aaa;386.5;5.9;UNKNOWN
2016-01-17T00:04:13.000000;2016-01-17T00:04:13.000000;313b53e7-c49f-4917-b8dd-94bcce8d46cf;386.76;2.58;UNKNOWN
2016-01-17T00:04:13.000000;2016-01-17T00:04:13.000000;3c78cd75-4dca-43a9-8c9f-789334ef9795;387.04;0.1;UNKNOWN
2016-01-17T00:04:13.000000;2016-01-17T00:04:13.000000;032f380d-c3df-4a55-b174-f1016ddc4298;387.1;5.5;UNKNOWN
2016-01-17T00:04:13.000000;2016-01-17T00:04:13.000000;fb76c9f6-1723-4c9d-99c1-65eb9cd16d76;386.44;35.0;UNKNOWN
2016-01-17T00:04:13.000000;2016-01-17T00:04:13.000000;9c50f131-1d2b-48b2-9c1f-78b6fd042fab;386.36;0.05;UNKNOWN
2016-01-17T00:04:13.000000;2016-01-17T00:04:13.000000;aa50d44a-f93c-4225-8cbb-ce476803e9cf;386.37;19.6301;UNKNOWN
2016-01-17T00:04:13.000000;2016-01-17T00:04:13.000000;837a763a-e06d-45f1-9b1d-e9eb29b67c61;386.84;6.3921;UNKNOWN
2016-01-17T00:04:13.000000;2016-01-17T00:04:13.000000;512e4e99-f8c0-426e-9249-b4fe0f17b594;386.45;10.5621;UNKNOWN
2016-01-17T00:04:13.000000;2016-01-17T00:04:13.000000;92174d03-469d-4b71-af71-62b0bb27c7a2;386.99;0.3;UNKNOWN
2016-01-17T00:04:13.000000;2016-01-17T00:04:13.000000;91ac7f8a-ca83-41f0-bcad-9375600f6faf;386.0;9.893;UNKNOWN
2016-01-17T00:04:13.000000;2016-01-17T00:04:13.000000;afd8927c-a4b2-47cb-adf9-dd1e59b960fe;386.14;2.59;UNKNOWN
2016-01-17T00:04:13.000000;2016-01-17T00:04:13.000000;8cfaa556-6046-4cbf-a8da-072a1c407318;386.21;10.2745;UNKNOWN
2016-01-17T00:04:13.000000;2016-01-17T00:04:13.000000;86421612-ddd1-4ac1-93a8-451cef3b6262;386.2;1.01;UNKNOWN
2016-01-17T00:04:13.000000;2016-01-17T00:04:13.000000;67610221-7158-4f7b-b342-7b7621b438e1;386.2;2.59;UNKNOWN
2016-01-17T00:04:13.000000;2016-01-17T00:04:13.000000;cde212bd-ddb1-44fd-bea2-c7a174290d51;386.19;17.9785;UNKNOWN
2016-01-17T00:04:13.000000;2016-01-17T00:04:13.000000;bf708c42-0946-4ddf-b417-552f2d8658bd;386.27;2.59;UNKNOWN
2016-01-17T00:04:16.000000;2016-01-17T00:04:16.000000;12ab0b77-7a8d-4069-a9ea-2208dff8faa2;386.0;35.0;UNKNOWN
2016-01-17T00:04:17.000000;2016-01-17T00:04:17.000000;0844b20a-8f68-491a-91af-818a7e5f8e52;385.71;3.0;UNKNOWN
2016-01-17T00:04:17.000000;2016-01-17T00:04:17.000000;75fc2700-ac2a-4ad5-96b0-bf137e3c450a;385.71;1.0;UNKNOWN
2016-01-17T00:04:17.000000;2016-01-17T00:04:17.000000;8c9e90a2-adb0-48cb-8169-ac047ec3d698;385.71;3.0;UNKNOWN
2016-01-17T00:04:41.000000;2016-01-17T00:04:41.000000;478f4075-65d6-4664-9cf5-580bdec6acac;385.74;0.03;UNKNOWN
2016-01-17T00:04:45.000000;2016-01-17T00:04:45.000000;924f8fa5-d4e7-408c-8344-8b7f4dea84ea;385.75;0.1;UNKNOWN
2016-01-17T00:04:45.000000;2016-01-17T00:04:45.000000;16d81e22-5d35-4e5d-a760-48e6e3c7e9ca;385.74;0.0027;UNKNOWN
2016-01-17T00:04:45.000000;2016-01-17T00:04:45.000000;61cd1a0a-c300-4a96-94f3-df5a5b2028f6;385.72;3.6752594;UNKNOWN
2016-01-17T00:04:48.000000;2016-01-17T00:04:48.000000;579eeea6-c800-44ac-892e-0913a9146d5e;385.72;2.9;UNKNOWN
2016-01-17T00:04:48.000000;2016-01-17T00:04:48.000000;5d94fca6-dcef-4a71-8f4a-e52cae9d224a;385.75;0.1;UNKNOWN
2016-01-17T00:04:54.000000;2016-01-17T00:04:54.000000;4ca6fa73-f0b6-4daf-a684-34dd089c0e78;385.69;0.5;UNKNOWN
2016-01-17T00:05:05.000000;2016-01-17T00:05:05.000000;168a9312-2799-4419-ae3b-58af3e2bbae7;386.0;0.025;UNKNOWN
2016-01-17T00:05:05.000000;2016-01-17T00:05:05.000000;056560af-1c29-4e3a-a005-923a6a5c1c3e;385.75;0.01;UNKNOWN
2016-01-17T00:05:08.000000;2016-01-17T00:05:08.000000;90525ad7-f0e9-47dc-99e8-5195a64f65c5;386.0;0.1;UNKNOWN
2016-01-17T00:05:30.000000;2016-01-17T00:05:30.000000;8a336474-0ec0-469d-b1b8-a135d77239c9;386.0;15.0;UNKNOWN
2016-01-17T00:05:43.000000;2016-01-17T00:05:43.000000;8d94af85-7946-4ac4-8db9-42eb52659f84;386.0;7.5;UNKNOWN
2016-01-17T00:05:44.000000;2016-01-17T00:05:44.000000;cbc0f6a4-3505-42e8-a098-3b961493df17;385.76;3.5;UNKNOWN
2016-01-17T00:05:53.000000;2016-01-17T00:05:53.000000;ec84bbdd-3932-45f2-99cf-3718ad875d2c;386.0;0.5853;UNKNOWN
2016-01-17T00:06:01.000000;2016-01-17T00:06:01.000000;47a0f2ab-27e5-41e3-a02d-01c7aebb8f82;385.8;0.8771;UNKNOWN
2016-01-17T00:06:01.000000;2016-01-17T00:06:01.000000;760df198-ecf5-481a-a587-6e937d27c69f;385.81;6.4229;UNKNOWN
2016-01-17T00:06:01.000000;2016-01-17T00:06:01.000000;afbb67e8-78c5-4e0c-8b1a-64bf5c9a4c73;385.95;0.1;UNKNOWN
2016-01-17T00:06:01.000000;2016-01-17T00:06:01.000000;9d700373-e2f6-44f5-a675-823165dc32a3;385.81;0.1;UNKNOWN
2016-01-17T00:06:04.000000;2016-01-17T00:06:04.000000;471e07ba-f92d-429a-810c-50697c136113;386.0;0.035;UNKNOWN
2016-01-17T00:06:11.000000;2016-01-17T00:06:11.000000;d0a0eb18-f651-46de-979a-ec5acfaa7920;386.05;0.58868818;UNKNOWN
2016-01-17T00:06:35.000000;2016-01-17T00:06:35.000000;d898f38e-959c-48c2-a99b-8bdb51a41fc6;385.96;2.55;UNKNOWN
2016-01-17T00:06:47.000000;2016-01-17T00:06:47.000000;6507b1fd-d55e-4218-bde8-8a936bb08cf3;385.87;0.5;UNKNOWN
2016-01-17T00:06:47.000000;2016-01-17T00:06:47.000000;65c0855b-d940-47da-a5f4-5eef062d25f8;385.87;2.08402873;UNKNOWN
2016-01-17T00:06:57.000000;2016-01-17T00:06:57.000000;5fe95058-03ed-4491-9e7e-1f1a081cc2bb;386.19;0.9;UNKNOWN
2016-01-17T00:06:57.000000;2016-01-17T00:06:57.000000;fefc7dee-b556-4364-b27c-8fa5928a45f0;386.18;0.1;UNKNOWN
2016-01-17T00:07:24.000000;2016-01-17T00:07:24.000000;4c601364-30fc-45e9-838b-5ac9ebb38563;386.19;4.5044402;UNKNOWN
2016-01-17T00:07:54.000000;2016-01-17T00:07:54.000000;d9aae43d-51cf-4d42-8c76-cafba92bf327;386.2;0.3;UNKNOWN
2016-01-17T00:08:13.000000;2016-01-17T00:08:13.000000;dd488c63-e0ed-4f8a-8d82-40df689bcf23;386.2;10.0;UNKNOWN
2016-01-17T00:08:24.000000;2016-01-17T00:08:24.000000;34dc0e1f-a96b-4237-8bc7-d46647fc2b4c;386.2;0.97;UNKNOWN
2016-01-17T00:08:24.000000;2016-01-17T00:08:24.000000;08710d2f-9054-4123-9f10-9a9688a4a1a9;386.2;0.1;UNKNOWN
2016-01-17T00:08:30.000000;2016-01-17T00:08:30.000000;159b15ff-9f72-4cb3-9730-f3410265c3a5;386.2;1.75;UNKNOWN
2016-01-17T00:08:31.000000;2016-01-17T00:08:31.000000;98113e2a-bb55-4f1a-9ef0-1d625dccbc26;386.2;1.25;UNKNOWN
2016-01-17T00:08:33.000000;2016-01-17T00:08:33.000000;07bd171f-8ad0-4fb0-821b-55431e279e96;386.2;0.1;UNKNOWN
2016-01-17T00:08:36.000000;2016-01-17T00:08:36.000000;7c8f08b5-707f-4153-bdbf-4148ce638a19;386.2;4.0;UNKNOWN
2016-01-17T00:08:37.000000;2016-01-17T00:08:37.000000;f42a99dc-7ab9-4ee0-b165-b95c81e00ee1;386.2;0.1;UNKNOWN
2016-01-17T00:08:40.000000;2016-01-17T00:08:40.000000;1cc3a471-1347-44c1-978e-583089bfd3d2;386.2;0.1;UNKNOWN
2016-01-17T00:08:42.000000;2016-01-17T00:08:42.000000;16418726-54a4-4032-a029-bae169740b3b;386.2;0.1;UNKNOWN
2016-01-17T00:08:44.000000;2016-01-17T00:08:44.000000;b5bb71e3-e5da-4182-a0ae-5426ffb694c7;386.2;0.1;UNKNOWN
2016-01-17T00:08:47.000000;2016-01-17T00:08:47.000000;f8273b1c-136c-49c9-a958-f3b233a4aec4;386.2;0.1;UNKNOWN
2016-01-17T00:08:49.000000;2016-01-17T00:08:49.000000;62418f73-c53c-4029-b9f6-1b0d4c026adc;386.2;0.1;UNKNOWN
2016-01-17T00:08:51.000000;2016-01-17T00:08:51.000000;fcc4e758-46d0-40ee-90aa-a9d4d660d204;386.2;0.1;UNKNOWN
2016-01-17T00:08:53.000000;2016-01-17T00:08:53.000000;385e6665-213d-4d84-beed-19ea66f050c8;386.2;1.0;UNKNOWN
2016-01-17T00:08:53.000000;2016-01-17T00:08:53.000000;375c4c35-dc99-454c-80a5-5f60da7762bb;386.2;0.1;UNKNOWN
2016-01-17T00:08:55.000000;2016-01-17T00:08:55.000000;cd11d9c8-ff62-4d94-bd70-aa976bdaa92d;386.2;0.1;UNKNOWN
2016-01-17T00:08:59.000000;2016-01-17T00:08:59.000000;e7a2022b-b39a-4486-b416-02fab5d129d3;386.2;0.1;UNKNOWN
2016-01-17T00:08:59.000000;2016-01-17T00:08:59.000000;65ed3f1c-2ed0-4da6-a2a8-5e60e91e0b25;386.2;7.2;UNKNOWN
2016-01-17T00:09:00.000000;2016-01-17T00:09:00.000000;b1511691-9918-4b4b-99b5-6309fa0aca7d;386.2;4.88401685;UNKNOWN
2016-01-17T00:09:03.000000;2016-01-17T00:09:03.000000;c9b65d19-e353-444c-882a-c9bf16042f39;387.09;0.01029499;UNKNOWN
2016-01-17T00:09:07.000000;2016-01-17T00:09:07.000000;8e2a59d6-a49b-405a-9ca5-2acb126a62d7;387.08;0.04657605;UNKNOWN
2016-01-17T00:09:14.000000;2016-01-17T00:09:14.000000;e90101c4-cf3d-4ce7-bdd9-ab913cc40def;387.08;0.0186748;UNKNOWN
2016-01-17T00:09:23.000000;2016-01-17T00:09:23.000000;0c53af34-63bb-49d8-bc9c-b2c7a645f8ed;387.08;0.01;UNKNOWN
2016-01-17T00:09:27.000000;2016-01-17T00:09:27.000000;dc106cbd-1c84-454b-847e-9a01b3447547;387.08;0.25;UNKNOWN
2016-01-17T00:09:28.000000;2016-01-17T00:09:28.000000;797a35cc-58f4-46e7-b984-d0cf3f5f99c6;386.93;0.09312;UNKNOWN
2016-01-17T00:09:56.000000;2016-01-17T00:09:56.000000;e5f5df4d-1a69-4138-bbcd-f5b5ac3e2cc9;387.29;0.25;UNKNOWN
2016-01-17T00:09:56.000000;2016-01-17T00:09:56.000000;3c820883-a9b8-42d0-9fc0-780c9192f097;387.14;0.25;UNKNOWN
2016-01-17T00:10:17.000000;2016-01-17T00:10:17.000000;b37d8a9c-8b7c-4c1e-8429-bba365e95540;387.22;2.97735;UNKNOWN
2016-01-17T00:10:23.000000;2016-01-17T00:10:23.000000;9bf23a73-4c5a-4e14-91d4-64a591bf72ef;387.32;1.0;UNKNOWN
2016-01-17T00:10:42.000000;2016-01-17T00:10:42.000000;5ef1982d-a8cc-43d8-adff-c4a83eacb9a5;387.32;0.01;UNKNOWN
2016-01-17T00:10:55.000000;2016-01-17T00:10:55.000000;c541a5d4-bdf4-4851-a0cf-d2bcb56dbce8;387.32;1.0;UNKNOWN
2016-01-17T00:10:55.000000;2016-01-17T00:10:55.000000;d7cf7b7c-c8df-4a21-b558-dad654e68d6b;387.32;0.5;UNKNOWN
2016-01-17T00:10:59.000000;2016-01-17T00:10:59.000000;854c585f-4000-4da9-9a01-7137fdb30872;387.32;14.49;UNKNOWN
2016-01-17T00:10:59.000000;2016-01-17T00:10:59.000000;a959180a-228b-42af-9907-ec06020803db;387.33;10.5013088;UNKNOWN
2016-01-17T00:11:02.000000;2016-01-17T00:11:02.000000;20632285-a7f9-413d-a9fa-e582239df0f6;387.34;0.25;UNKNOWN
2016-01-17T00:11:16.000000;2016-01-17T00:11:16.000000;db239388-813a-4806-a799-9b35fa4f2f19;387.35;0.01;UNKNOWN
2016-01-17T00:11:17.000000;2016-01-17T00:11:17.000000;e69bf35f-633e-4296-84dd-df7dccf348f4;387.34;0.1;UNKNOWN
2016-01-17T00:11:25.000000;2016-01-17T00:11:25.000000;febdfe05-b8c9-49e3-b842-8dfde72e4494;387.35;0.1384;UNKNOWN
2016-01-17T00:11:25.000000;2016-01-17T00:11:25.000000;16535563-bbf4-40c9-8a91-983b3958a701;387.34;0.1;UNKNOWN
2016-01-17T00:11:26.000000;2016-01-17T00:11:26.000000;b3b68dc8-a787-4eee-aba5-c39ded893257;387.35;2.0;UNKNOWN
2016-01-17T00:11:53.000000;2016-01-17T00:11:53.000000;8bbb6e25-0434-46a6-b00b-ba60f7eb72c6;387.35;0.9;UNKNOWN
2016-01-17T00:11:53.000000;2016-01-17T00:11:53.000000;ff44924e-b9b4-4cee-b69d-511433ef2cc2;387.34;0.1;UNKNOWN
2016-01-17T00:11:54.000000;2016-01-17T00:11:54.000000;a10c02be-7a93-4c87-bd52-37aff2eea1ab;387.35;1.0;UNKNOWN
2016-01-17T00:12:05.000000;2016-01-17T00:12:05.000000;09a28384-ccd2-44a1-aeeb-4248f9d3c42a;387.36;2.59;UNKNOWN
2016-01-17T00:12:05.000000;2016-01-17T00:12:05.000000;026ee5d1-c68b-4f2d-8b8b-e51a27f97ff0;387.45;2.59;UNKNOWN
2016-01-17T00:12:05.000000;2016-01-17T00:12:05.000000;8f22f8a4-4218-4555-a40d-966b373f8b06;388.0;14.6584;UNKNOWN
2016-01-17T00:12:05.000000;2016-01-17T00:12:05.000000;1f70668b-d7e8-46d5-96ca-4dcd6fd1d642;388.0;0.2;UNKNOWN
2016-01-17T00:12:05.000000;2016-01-17T00:12:05.000000;fc1cde29-601b-419a-b56f-73ce46f8d940;387.51;2.59;UNKNOWN
2016-01-17T00:12:05.000000;2016-01-17T00:12:05.000000;ca0937bb-7900-4247-925e-e82702526bd5;387.92;2.58;UNKNOWN
2016-01-17T00:12:05.000000;2016-01-17T00:12:05.000000;03b906c8-760b-4c9e-8377-1a02359582d8;387.99;1.0;UNKNOWN
2016-01-17T00:12:05.000000;2016-01-17T00:12:05.000000;cce823fd-c470-4392-9b8f-f78e41aed6e1;387.52;2.59;UNKNOWN
2016-01-17T00:12:05.000000;2016-01-17T00:12:05.000000;a2d806e3-70f0-4e42-9d46-eed1654e5b1c;387.35;5.9516;UNKNOWN
2016-01-17T00:12:37.000000;2016-01-17T00:12:37.000000;ee0a9a0c-b6e6-4ae0-bdb4-5c341a69dff5;387.99;0.01;UNKNOWN
2016-01-17T00:13:13.000000;2016-01-17T00:13:13.000000;7be3ec70-2f7c-4611-8c72-af8b0808eb3a;387.99;6.4147;UNKNOWN
2016-01-17T00:13:13.000000;2016-01-17T00:13:13.000000;300300a2-4fcc-453d-af32-3ce3b5fae7f6;388.0;3.5853;UNKNOWN
2016-01-17T00:13:22.000000;2016-01-17T00:13:22.000000;6be21120-ed3f-4df8-8902-dc3c010ee5ff;388.0;0.1;UNKNOWN
2016-01-17T00:13:48.000000;2016-01-17T00:13:48.000000;8cb8513f-5207-4fe6-98b2-65d110e143f9;387.81;1.03;UNKNOWN
2016-01-17T00:13:48.000000;2016-01-17T00:13:48.000000;a6815fa7-c38c-4cd0-a89b-35b8a41affe1;387.85;0.15;UNKNOWN
2016-01-17T00:13:48.000000;2016-01-17T00:13:48.000000;380ffc84-3a34-4d94-a039-b06c84147864;387.84;0.07;UNKNOWN
2016-01-17T00:13:48.000000;2016-01-17T00:13:48.000000;51bf8bdc-dec9-4873-8a92-baecead7b4e8;387.84;0.07;UNKNOWN
2016-01-17T00:14:42.000000;2016-01-17T00:14:42.000000;f5ebaf09-9bcd-4d47-8757-4b56202d7a2c;387.98;6.3582;UNKNOWN
2016-01-17T00:14:42.000000;2016-01-17T00:14:42.000000;62194195-35c0-440f-8ea4-049d26304054;387.98;0.1;UNKNOWN
2016-01-17T00:14:42.000000;2016-01-17T00:14:42.000000;7a669bb7-b2ed-42dc-a5c5-d089eacceaac;387.98;0.1;UNKNOWN
2016-01-17T00:15:05.000000;2016-01-17T00:15:05.000000;70586fbd-03c5-4210-926a-ea1b2159fae4;387.98;1.0;UNKNOWN
2016-01-17T00:15:05.000000;2016-01-17T00:15:05.000000;19c12b24-8556-4369-bd2f-5d08727c3a2e;388.0;1.6563;UNKNOWN
2016-01-17T00:15:50.000000;2016-01-17T00:15:50.000000;75214260-8878-4c3c-b8e2-13d6a38c28b8;388.17;3.0;UNKNOWN
2016-01-17T00:15:51.000000;2016-01-17T00:15:51.000000;52c9d4be-45a2-4a40-8296-c8a75d5cd708;388.17;0.5;UNKNOWN
2016-01-17T00:15:51.000000;2016-01-17T00:15:51.000000;703a81a3-3d3a-485f-a057-b445f1f182c6;388.18;6.0;UNKNOWN
2016-01-17T00:15:51.000000;2016-01-17T00:15:51.000000;a60ffcf3-5689-4e23-b79c-d148598d2c00;388.17;6.3506;UNKNOWN
2016-01-17T00:15:51.000000;2016-01-17T00:15:51.000000;4c81f671-5399-4a75-9770-c6bf8493b309;388.19;0.1;UNKNOWN
2016-01-17T00:15:52.000000;2016-01-17T00:15:52.000000;726c7a66-344d-4a0b-ab83-89fe90c1513c;388.2;0.0923;UNKNOWN
2016-01-17T00:16:16.000000;2016-01-17T00:16:16.000000;120c75f0-7363-4f7b-a90e-077ad7a43012;388.05;0.04;UNKNOWN
2016-01-17T00:16:19.000000;2016-01-17T00:16:19.000000;87014d4c-0648-4cc1-91fd-3ef281bbf569;388.07;3.0;UNKNOWN
2016-01-17T00:16:19.000000;2016-01-17T00:16:19.000000;d1f1e308-de3e-4a00-95d8-8c3ec25c14e0;388.06;0.5;UNKNOWN
2016-01-17T00:16:19.000000;2016-01-17T00:16:19.000000;4fdb881c-24dd-4245-8c27-4fd2b880d989;388.08;1.0;UNKNOWN
2016-01-17T00:16:26.000000;2016-01-17T00:16:26.000000;16696d60-4f8f-4c6e-8b58-2622e78912b3;388.06;1.35;UNKNOWN
2016-01-17T00:16:39.000000;2016-01-17T00:16:39.000000;a5d33df2-89c1-4c0b-a443-ab523c74722c;388.06;0.01;UNKNOWN
2016-01-17T00:16:39.000000;2016-01-17T00:16:39.000000;5a90d2b6-d14d-42ad-9b41-ad22c86afa50;388.05;0.06;UNKNOWN
2016-01-17T00:16:49.000000;2016-01-17T00:16:49.000000;1bcea3fe-ef54-497a-85c0-f0c2ef6acf05;388.05;0.25;UNKNOWN
2016-01-17T00:16:56.000000;2016-01-17T00:16:56.000000;dd26bab3-46a1-4da0-9208-ebd152f7cbe3;388.05;1.503;UNKNOWN
2016-01-17T00:16:58.000000;2016-01-17T00:16:58.000000;1256c90f-508c-46ad-aa0c-947f4ddff3d5;388.05;0.02;UNKNOWN
2016-01-17T00:17:06.000000;2016-01-17T00:17:06.000000;12e71f00-6091-46ff-a4a7-c3b52c96ebfa;388.08;0.1;UNKNOWN
2016-01-17T00:17:06.000000;2016-01-17T00:17:06.000000;1df9f308-f730-42b6-9520-c652f7278b01;388.09;0.6577296;UNKNOWN
2016-01-17T00:17:11.000000;2016-01-17T00:17:11.000000;d6be2403-68bb-4989-8964-68c861373a6d;388.05;4.67191601;UNKNOWN
2016-01-17T00:17:28.000000;2016-01-17T00:17:28.000000;01c52c8b-343c-469e-8d72-d629751db6ea;388.05;1.0;UNKNOWN
2016-01-17T00:17:30.000000;2016-01-17T00:17:30.000000;a7c05c85-5bfd-4f9f-b8a9-e2ba24faca99;388.05;3.0;UNKNOWN
2016-01-17T00:17:48.000000;2016-01-17T00:17:48.000000;22045c37-7603-47ba-a031-b8baa7d60bcd;388.07;1.1;UNKNOWN
2016-01-17T00:17:48.000000;2016-01-17T00:17:48.000000;d7651dde-c1cc-4ff6-a2a0-9b12b888226a;388.06;0.1;UNKNOWN
2016-01-17T00:17:50.000000;2016-01-17T00:17:50.000000;8186c218-0b35-4a9d-b516-5a4bfe50e960;388.05;0.1;UNKNOWN
2016-01-17T00:17:52.000000;2016-01-17T00:17:52.000000;90512218-3ef8-40db-b892-ba7b7ad496cd;388.05;0.1;UNKNOWN
2016-01-17T00:17:54.000000;2016-01-17T00:17:54.000000;f5fb65d9-8314-4819-9f24-18ca9bf124b4;388.05;0.1;UNKNOWN
2016-01-17T00:17:58.000000;2016-01-17T00:17:58.000000;56a48231-21e9-409e-8632-043f054f251a;388.05;8.8873709;UNKNOWN
2016-01-17T00:17:58.000000;2016-01-17T00:17:58.000000;a6935001-8771-4fbc-9cb6-f97e0ea528a9;388.0;9.7294;UNKNOWN
2016-01-17T00:17:58.000000;2016-01-17T00:17:58.000000;814aa0ce-257f-440e-96eb-148a4e029eac;387.94;6.3504;UNKNOWN
2016-01-17T00:17:58.000000;2016-01-17T00:17:58.000000;ad12601c-3bdf-4f43-901c-09a6619433e4;387.5;14.05159463;UNKNOWN
2016-01-17T00:17:58.000000;2016-01-17T00:17:58.000000;8ac5c4c0-fb9a-44fc-9975-ce2daaecf2c1;387.93;1.0;UNKNOWN
2016-01-17T00:17:59.000000;2016-01-17T00:17:59.000000;27e5d790-198e-4321-bb9c-2e2cf9d79c2a;388.06;1.1;UNKNOWN
2016-01-17T00:17:59.000000;2016-01-17T00:17:59.000000;023b092e-2721-4a50-8151-dd89a3130135;388.05;0.1;UNKNOWN
2016-01-17T00:18:08.000000;2016-01-17T00:18:08.000000;10ab2448-c564-4834-aec0-5f35a750f794;387.5;2.0;UNKNOWN
2016-01-17T00:18:23.000000;2016-01-17T00:18:23.000000;53163133-cd82-4ca8-8897-2d1eca9bf1c6;387.25;0.12780632;UNKNOWN
2016-01-17T00:18:38.000000;2016-01-17T00:18:38.000000;f99f2b6b-b348-4f0a-9f9a-6dd10edf57b3;387.29;0.45;UNKNOWN
2016-01-17T00:18:53.000000;2016-01-17T00:18:53.000000;d71ca9d7-3955-4a91-be8b-2fcf7ce79a9c;387.31;0.5;UNKNOWN
2016-01-17T00:19:03.000000;2016-01-17T00:19:03.000000;7fb75997-5c4d-493d-b1bf-1aee39ce873d;387.5;2.438;UNKNOWN
2016-01-17T00:19:11.000000;2016-01-17T00:19:11.000000;713d43aa-613d-45e9-b0ed-ba98e6026f94;387.51;1.505;UNKNOWN
2016-01-17T00:19:51.000000;2016-01-17T00:19:51.000000;1bb2ffe0-a1ce-4d28-a5bb-a795611653dc;387.52;0.33453459;UNKNOWN
2016-01-17T00:20:07.000000;2016-01-17T00:20:07.000000;1f8d019a-9567-4db1-b683-2cfa07126d72;387.65;3.0;UNKNOWN
2016-01-17T00:20:07.000000;2016-01-17T00:20:07.000000;324637d7-c1a9-4123-9e45-94670b093d7e;387.65;0.5;UNKNOWN
2016-01-17T00:20:07.000000;2016-01-17T00:20:07.000000;1ae999fb-57f6-4bdb-9f03-f9ed928e27ac;387.65;0.1;UNKNOWN
2016-01-17T00:20:07.000000;2016-01-17T00:20:07.000000;37a96d54-1f84-4587-b4c7-c7a0309a18b2;387.7;0.87148513;UNKNOWN
2016-01-17T00:20:15.000000;2016-01-17T00:20:15.000000;4f8c504f-e95e-479e-b386-135e10abdccb;387.52;2.0;UNKNOWN
2016-01-17T00:20:20.000000;2016-01-17T00:20:20.000000;711e3c53-41e5-4385-b216-da1c934ed622;387.51;0.54;UNKNOWN
2016-01-17T00:20:27.000000;2016-01-17T00:20:27.000000;a4e6c4c7-496d-403a-8af1-2ffba26e6bf6;387.49;0.23;UNKNOWN
2016-01-17T00:20:28.000000;2016-01-17T00:20:28.000000;60e60378-0cd6-4958-a8e9-5065c28b3ce5;387.49;0.1;UNKNOWN
2016-01-17T00:21:26.000000;2016-01-17T00:21:26.000000;631f5232-5451-41a1-99b4-a6473be735f8;387.33;1.46;UNKNOWN
2016-01-17T00:21:37.000000;2016-01-17T00:21:37.000000;e2ae909e-6ce0-4ed7-b323-828bd72db12e;387.37;0.0225;UNKNOWN
2016-01-17T00:21:42.000000;2016-01-17T00:21:42.000000;6e7fefbb-d4b9-4682-9117-9684af63df93;387.35;0.1;UNKNOWN
2016-01-17T00:22:17.000000;2016-01-17T00:22:17.000000;8d38d138-26b8-4f41-ab8d-02a3d9d7c81e;387.35;0.34357825;UNKNOWN
2016-01-17T00:23:14.000000;2016-01-17T00:23:14.000000;709f51a3-4fcd-43cf-a05b-6ac080eb1f6b;387.24;0.01;UNKNOWN
2016-01-17T00:24:09.000000;2016-01-17T00:24:09.000000;e7d2cf1b-3e39-44cd-9340-676cb1a772a9;387.43;0.5;UNKNOWN
2016-01-17T00:24:09.000000;2016-01-17T00:24:09.000000;b20232ef-6f97-42d8-97cb-a34d4ab55424;387.43;0.1978;UNKNOWN
2016-01-17T00:24:17.000000;2016-01-17T00:24:17.000000;9581ad08-191a-4c04-899f-7e738db41e2d;387.23;0.82848;UNKNOWN
2016-01-17T00:24:48.000000;2016-01-17T00:24:48.000000;9d1bd720-2b5e-433e-b297-6cfffe47df4d;387.43;0.1;UNKNOWN
2016-01-17T00:24:48.000000;2016-01-17T00:24:48.000000;d535cf91-523d-4d0e-922d-ef18e5a5dedd;387.44;1.6;UNKNOWN
2016-01-17T00:27:05.000000;2016-01-17T00:27:05.000000;b09665f9-6e54-4400-82e8-5c05389f9e27;387.55;0.034523;UNKNOWN
2016-01-17T00:27:05.000000;2016-01-17T00:27:05.000000;0e04b134-0721-4750-baff-69c8f6ad2b31;387.55;0.1;UNKNOWN
2016-01-17T00:27:05.000000;2016-01-17T00:27:05.000000;c4b88dcd-cd72-49cf-b489-a228a6dfef9f;387.55;0.1;UNKNOWN
2016-01-17T00:27:28.000000;2016-01-17T00:27:28.000000;aacdf052-2a8c-485d-88cd-7fe8a1c1025e;387.55;0.03507;UNKNOWN
2016-01-17T00:28:13.000000;2016-01-17T00:28:13.000000;4f9a9bce-098c-4ddf-a225-cbff850cf148;387.56;0.025;UNKNOWN
2016-01-17T00:28:13.000000;2016-01-17T00:28:13.000000;f3f54924-867f-4705-98ca-acf9c163db8e;387.56;0.025;UNKNOWN
2016-01-17T00:28:13.000000;2016-01-17T00:28:13.000000;c8c63cb5-6d1e-488e-8053-a180a1b3d2ce;387.56;0.025;UNKNOWN
2016-01-17T00:28:13.000000;2016-01-17T00:28:13.000000;75b2374b-b64d-4dfe-9824-be77af622196;387.56;0.025;UNKNOWN
2016-01-17T00:28:13.000000;2016-01-17T00:28:13.000000;1a26336b-bb7c-4893-98e8-109161534771;387.66;2.59;UNKNOWN
2016-01-17T00:28:13.000000;2016-01-17T00:28:13.000000;b7cc6ab5-6320-4a2a-9dad-bdbe937f6972;387.56;0.025;UNKNOWN
2016-01-17T00:28:13.000000;2016-01-17T00:28:13.000000;4f367d54-3c1e-4585-8782-af443e79bf3e;387.67;0.085;UNKNOWN
2016-01-17T00:28:15.000000;2016-01-17T00:28:15.000000;f7ef7cd7-f9ff-48fc-a730-7f55bb0ac215;387.51;5.0;UNKNOWN
2016-01-17T00:28:23.000000;2016-01-17T00:28:23.000000;db0eb1c5-87b0-4549-aaf7-e8415b4a34b5;387.52;0.0304;UNKNOWN
2016-01-17T00:28:43.000000;2016-01-17T00:28:43.000000;1e246e92-4ed5-40d5-a4c5-b0f70e29d92b;387.66;0.03507;UNKNOWN
2016-01-17T00:29:48.000000;2016-01-17T00:29:48.000000;dddd7bf7-69ae-45b4-8b47-c3eb43ed304a;387.67;0.4351;UNKNOWN
2016-01-17T00:29:48.000000;2016-01-17T00:29:48.000000;113e0e2b-5e1a-4b86-af0f-121cc1f861a3;387.66;0.0649;UNKNOWN
2016-01-17T00:29:49.000000;2016-01-17T00:29:49.000000;9c5fa2fb-4b6f-4dc2-98a4-848079e7381d;387.65;6.57;UNKNOWN
2016-01-17T00:29:49.000000;2016-01-17T00:29:49.000000;1e77d44b-19e0-480b-820b-53a9c98eec48;387.65;11.9169;UNKNOWN
2016-01-17T00:29:49.000000;2016-01-17T00:29:49.000000;79befd19-73b6-476f-8c38-2c4d4517b903;387.65;3.43;UNKNOWN
2016-01-17T00:30:05.000000;2016-01-17T00:30:05.000000;c28081b2-1af8-44cd-8b6b-6c41ab938fa5;387.67;0.37918311;UNKNOWN
2016-01-17T00:31:05.000000;2016-01-17T00:31:05.000000;e23fcb76-210c-4ee1-af15-101a55a14dc5;387.5;3.52;UNKNOWN
2016-01-17T00:32:10.000000;2016-01-17T00:32:10.000000;d7d7e914-c2ec-45ce-b859-14c19396f67e;388.19;2.18926824;UNKNOWN
2016-01-17T00:32:10.000000;2016-01-17T00:32:10.000000;952ce5eb-1c2f-4782-8d76-e358f8689cb3;387.67;0.10071689;UNKNOWN
2016-01-17T00:32:10.000000;2016-01-17T00:32:10.000000;172ad225-89b0-4b9a-a9f5-e8216ed038f9;387.7;0.92851487;UNKNOWN
2016-01-17T00:32:10.000000;2016-01-17T00:32:10.000000;bd4d876a-78d9-4b49-9d44-ffc254c1599e;387.66;0.1;UNKNOWN
2016-01-17T00:32:10.000000;2016-01-17T00:32:10.000000;11bfcab5-010b-4260-8357-6bb3991508f5;387.67;0.2;UNKNOWN
2016-01-17T00:32:20.000000;2016-01-17T00:32:20.000000;5cf1157a-a4ff-478d-ad64-0c3dbad2d109;387.74;0.02;UNKNOWN
2016-01-17T00:32:20.000000;2016-01-17T00:32:20.000000;46c09983-82a6-43b2-865d-1101d06a2e86;387.74;0.059;UNKNOWN
2016-01-17T00:32:23.000000;2016-01-17T00:32:23.000000;ce5c88b1-01ec-4a2b-9d7e-80025be45892;387.74;1.3187;UNKNOWN
2016-01-17T00:32:25.000000;2016-01-17T00:32:25.000000;7b49af63-7e36-4531-aaf5-78d2779ea33a;387.74;4.42;UNKNOWN
2016-01-17T00:32:28.000000;2016-01-17T00:32:28.000000;ead79637-c9a5-4383-9ec9-a32f5dfcf8cc;387.74;0.02;UNKNOWN
2016-01-17T00:32:31.000000;2016-01-17T00:32:31.000000;1876ddc5-940b-4ca4-b459-e79de8eb9cc6;387.74;0.6588;UNKNOWN
2016-01-17T00:32:47.000000;2016-01-17T00:32:47.000000;c8851e3a-dbd9-42f0-bde8-4112fe56bc3d;388.38;0.05;UNKNOWN
2016-01-17T00:32:47.000000;2016-01-17T00:32:47.000000;c931e898-4f23-4ac6-a661-78757f9c4640;388.25;0.14637822;UNKNOWN
2016-01-17T00:32:47.000000;2016-01-17T00:32:47.000000;32f5c8a4-828e-4927-8237-b67aad8b5885;388.87;0.05362178;UNKNOWN
2016-01-17T00:32:59.000000;2016-01-17T00:32:59.000000;4ff9cfd2-688a-424a-8dde-636dbff8a844;388.88;0.1532;UNKNOWN
2016-01-17T00:32:59.000000;2016-01-17T00:32:59.000000;803b6aaa-7fb1-4d5b-9cce-7360f00397e9;388.87;0.19;UNKNOWN
2016-01-17T00:33:18.000000;2016-01-17T00:33:18.000000;f46b5891-e08e-49d5-854b-542a47ac18e5;388.72;0.924035;UNKNOWN
2016-01-17T00:33:22.000000;2016-01-17T00:33:22.000000;e0026725-a624-4e9a-bf76-33bbba7218df;388.94;0.075;UNKNOWN
2016-01-17T00:33:22.000000;2016-01-17T00:33:22.000000;d31b8eee-4e0b-4669-ad7b-33f2df1e3924;388.9;1.0;UNKNOWN
2016-01-17T00:33:22.000000;2016-01-17T00:33:22.000000;0169e0b4-405c-45c8-b132-42f980317874;388.95;8.5;UNKNOWN
2016-01-17T00:33:22.000000;2016-01-17T00:33:22.000000;0703475a-eb8c-42d1-9425-0baf14eeba0c;389.0;2.08652054;UNKNOWN
2016-01-17T00:33:22.000000;2016-01-17T00:33:22.000000;169260c5-737a-448f-ac78-fb093acefaf2;388.88;9.8468;UNKNOWN
2016-01-17T00:33:22.000000;2016-01-17T00:33:22.000000;34677103-926b-409e-a916-133b005d7043;388.87;6.3474;UNKNOWN
2016-01-17T00:33:22.000000;2016-01-17T00:33:22.000000;77c98f02-8af1-4679-a1cd-4fa99afc14b4;389.0;172.14427946;UNKNOWN
2016-01-17T00:33:28.000000;2016-01-17T00:33:28.000000;916f973b-4f99-49f8-92a1-50f7c75817e6;388.99;0.02;UNKNOWN
2016-01-17T00:33:38.000000;2016-01-17T00:33:38.000000;a4d21add-5fb1-4843-885e-d52595551989;388.99;0.039;UNKNOWN
2016-01-17T00:33:38.000000;2016-01-17T00:33:38.000000;d0c48570-be89-4bd9-94a2-607e77d5d9e9;389.0;0.461;UNKNOWN
2016-01-17T00:33:40.000000;2016-01-17T00:33:40.000000;a5db4510-123e-4378-a696-998b92a75685;389.0;20.0;UNKNOWN
2016-01-17T00:33:47.000000;2016-01-17T00:33:47.000000;816802ad-ede1-4a62-b73f-4d7c7ea4f3b6;389.22;0.05;UNKNOWN
2016-01-17T00:33:47.000000;2016-01-17T00:33:47.000000;511094d1-1a4d-472c-aa1d-b82bef077696;389.0;7.39472054;UNKNOWN
2016-01-17T00:33:47.000000;2016-01-17T00:33:47.000000;5ddb595c-c119-465b-ba21-85ef3bbdf92c;389.64;12.55527946;UNKNOWN
2016-01-17T00:33:48.000000;2016-01-17T00:33:48.000000;30790a0e-b49d-40e0-823c-1052fc1632b4;389.64;7.5;UNKNOWN
2016-01-17T00:33:49.000000;2016-01-17T00:33:49.000000;4827a933-fde6-48ab-afa7-bb7d782b027f;389.99;16.38527946;UNKNOWN
2016-01-17T00:33:49.000000;2016-01-17T00:33:49.000000;bf27a5d8-34d0-4834-8dad-c98cc343f1f2;389.8;0.05;UNKNOWN
2016-01-17T00:33:49.000000;2016-01-17T00:33:49.000000;a854c8f8-a28b-4537-bb3f-52683eb6f104;389.75;0.05;UNKNOWN
2016-01-17T00:33:49.000000;2016-01-17T00:33:49.000000;7a1ab308-3eb1-4b0c-8c68-e2a17091670e;389.64;0.94472054;UNKNOWN
2016-01-17T00:33:49.000000;2016-01-17T00:33:49.000000;86a938f7-dc38-4b67-8644-2ba4d927293c;389.77;2.57;UNKNOWN
2016-01-17T00:33:51.000000;2016-01-17T00:33:51.000000;7c6fb447-f660-4708-932e-b5239a070db9;390.18;0.25233057;UNKNOWN
2016-01-17T00:33:51.000000;2016-01-17T00:33:51.000000;55d3571d-0b99-4d06-80b5-a1f1aaa25036;390.15;2.57;UNKNOWN
2016-01-17T00:33:51.000000;2016-01-17T00:33:51.000000;189a2b61-bfad-4818-be37-b04bba377741;390.24;0.05;UNKNOWN
2016-01-17T00:33:51.000000;2016-01-17T00:33:51.000000;7e85e4c9-3344-4752-885c-060e11bab707;390.22;1.0;UNKNOWN
2016-01-17T00:33:51.000000;2016-01-17T00:33:51.000000;86939c41-466c-4bf0-b54e-bb8d3d3d8c8f;390.3;3.45766943;UNKNOWN
2016-01-17T00:33:51.000000;2016-01-17T00:33:51.000000;c70cd467-2b09-4804-b20c-fcbdc483235a;389.63;0.1;UNKNOWN
2016-01-17T00:33:51.000000;2016-01-17T00:33:51.000000;335bf582-bb04-4a81-a300-6d7f88aa9d7c;390.0;10.0;UNKNOWN
2016-01-17T00:33:51.000000;2016-01-17T00:33:51.000000;786fcec3-6d22-4166-838c-4f4409845a1a;390.08;2.57;UNKNOWN
2016-01-17T00:33:53.000000;2016-01-17T00:33:53.000000;7a21a5c9-2181-407b-9909-5af98a988493;389.98;0.37;UNKNOWN
2016-01-17T00:33:53.000000;2016-01-17T00:33:53.000000;6b93f4dc-ecbf-4c98-9783-c0db93f3abe8;389.98;19.63;UNKNOWN
2016-01-17T00:33:55.000000;2016-01-17T00:33:55.000000;e72d1a50-3625-43b3-9503-bb9fc58a931b;389.98;0.37;UNKNOWN
2016-01-17T00:33:55.000000;2016-01-17T00:33:55.000000;8ff88635-2d24-49d3-812d-13d831faee80;390.3;5.57233057;UNKNOWN
2016-01-17T00:33:55.000000;2016-01-17T00:33:55.000000;77f90ae3-9716-466e-a3a5-a7d0e1db574d;390.56;4.07276943;UNKNOWN
2016-01-17T00:33:55.000000;2016-01-17T00:33:55.000000;56792726-ff7f-4f66-9c66-17b6882cf932;390.49;2.5;UNKNOWN
2016-01-17T00:33:55.000000;2016-01-17T00:33:55.000000;3e237409-f10d-4b00-8d32-277cfce230a0;390.07;0.1;UNKNOWN
2016-01-17T00:33:55.000000;2016-01-17T00:33:55.000000;7a5042b2-505f-4016-8fc7-1049735767df;389.98;7.5829;UNKNOWN
2016-01-17T00:33:55.000000;2016-01-17T00:33:55.000000;05baccd2-e6fe-4442-84c4-0ecd794bb8ed;390.07;0.1;UNKNOWN
2016-01-17T00:33:55.000000;2016-01-17T00:33:55.000000;4f5250bd-92f6-4c4c-81db-40dcfe8c71db;390.56;0.4;UNKNOWN
2016-01-17T00:33:55.000000;2016-01-17T00:33:55.000000;3743290b-f5a6-438e-8518-a5caf1244464;390.31;0.072;UNKNOWN
2016-01-17T00:33:57.000000;2016-01-17T00:33:57.000000;1822f0f0-3416-42ab-8c7f-070ec5d848c9;390.21;1.0;UNKNOWN
2016-01-17T00:33:57.000000;2016-01-17T00:33:57.000000;b24ee837-5547-433e-99b8-5dedd74e3d92;390.23;0.05;UNKNOWN
2016-01-17T00:33:57.000000;2016-01-17T00:33:57.000000;bfd2aab3-d1ac-4da7-9a3c-d2e895d91329;390.65;2.5;UNKNOWN
2016-01-17T00:33:57.000000;2016-01-17T00:33:57.000000;ca964f19-4ee6-44b4-8beb-722183e00f3c;390.17;0.26;UNKNOWN
2016-01-17T00:33:57.000000;2016-01-17T00:33:57.000000;11deb777-010b-4466-8729-a96453d45f26;390.8;4.19;UNKNOWN
2016-01-17T00:33:57.000000;2016-01-17T00:33:57.000000;931f2897-c75f-43ee-9cca-dff33bc2ec5a;390.7;12.0;UNKNOWN
2016-01-17T00:34:02.000000;2016-01-17T00:34:02.000000;ce7ae938-c6d7-43f3-ab4c-15a789115bbb;390.54;4.0439;UNKNOWN
2016-01-17T00:34:02.000000;2016-01-17T00:34:02.000000;ad97fc78-eb09-419a-96db-14d06889237d;390.48;15.9561;UNKNOWN
2016-01-17T00:34:02.000000;2016-01-17T00:34:02.000000;cb388fc0-50be-41f9-94e1-ee66fc2cdea3;390.28;0.1;UNKNOWN
2016-01-17T00:34:02.000000;2016-01-17T00:34:02.000000;35661185-5e5e-4e64-b138-62a21e41bdb7;390.47;5.02;UNKNOWN
2016-01-17T00:34:03.000000;2016-01-17T00:34:03.000000;ea80d2f7-f9a8-4d1d-a430-f7236c9796da;390.8;11.6339;UNKNOWN
2016-01-17T00:34:03.000000;2016-01-17T00:34:03.000000;e5fb62a1-7e1a-4389-b37a-137c1f8b283c;390.79;3.17;UNKNOWN
2016-01-17T00:34:03.000000;2016-01-17T00:34:03.000000;f5648abb-919e-4642-b344-7c6f862dca44;390.54;5.1961;UNKNOWN
2016-01-17T00:34:05.000000;2016-01-17T00:34:05.000000;3fc0feff-7548-483a-8dfe-409bf28c46fe;390.8;20.0;UNKNOWN
2016-01-17T00:34:07.000000;2016-01-17T00:34:07.000000;9bd5a79c-e977-4489-8e8c-d4a50e09766f;390.47;6.3813;UNKNOWN
2016-01-17T00:34:07.000000;2016-01-17T00:34:07.000000;3a600560-6a6e-48d1-b6dd-db115efeb070;390.79;13.6187;UNKNOWN
2016-01-17T00:34:11.000000;2016-01-17T00:34:11.000000;ac40597b-b3cd-4707-ada7-7c6f22802e16;390.85;2.5;UNKNOWN
2016-01-17T00:34:11.000000;2016-01-17T00:34:11.000000;cd9c0942-e425-4890-baaf-82acc29e2acd;390.8;14.1761;UNKNOWN
2016-01-17T00:34:11.000000;2016-01-17T00:34:11.000000;9fc30dd0-9b9e-44f0-84c8-5dd8f11b1072;391.0;3.3239;UNKNOWN
2016-01-17T00:34:13.000000;2016-01-17T00:34:13.000000;cf96674a-92e4-4831-8cdd-a6487017464b;391.4;2.5;UNKNOWN
2016-01-17T00:34:13.000000;2016-01-17T00:34:13.000000;69578953-6fd4-4c18-aced-a37e3097a483;391.0;2.5;UNKNOWN
2016-01-17T00:34:13.000000;2016-01-17T00:34:13.000000;26af629a-5866-4448-a643-a756cb5a20ba;391.31;0.05;UNKNOWN
2016-01-17T00:34:13.000000;2016-01-17T00:34:13.000000;e9af87d3-b1d4-46b1-9010-79680716349f;391.0;2.85;UNKNOWN
2016-01-17T00:34:13.000000;2016-01-17T00:34:13.000000;52e4e398-ea06-41fc-ac96-a3f4dc90df54;391.21;2.17;UNKNOWN
2016-01-17T00:34:13.000000;2016-01-17T00:34:13.000000;bf0277d2-f543-4145-a97e-a4a81682277c;391.4;2.3239;UNKNOWN
2016-01-17T00:34:13.000000;2016-01-17T00:34:13.000000;2a3ddad0-0e90-4378-93ef-c6c5e09886a3;390.88;2.57;UNKNOWN
2016-01-17T00:34:13.000000;2016-01-17T00:34:13.000000;ce4236d9-48a6-4eda-93b9-e40b3fba7f66;391.2;2.5;UNKNOWN
2016-01-17T00:34:13.000000;2016-01-17T00:34:13.000000;b0efbb34-f707-4868-a6f5-4192b24279fa;391.0;1.0;UNKNOWN
2016-01-17T00:34:13.000000;2016-01-17T00:34:13.000000;d85009ec-3e2e-4063-aac9-3d8276a3991d;391.0;1.5361;UNKNOWN
2016-01-17T00:34:15.000000;2016-01-17T00:34:15.000000;399ade3f-55bf-4984-adbc-02e64e14fbdc;391.69;2.5;UNKNOWN
2016-01-17T00:34:15.000000;2016-01-17T00:34:15.000000;5f56df6d-4196-4936-abc7-28e458c002c2;391.49;2.5;UNKNOWN
2016-01-17T00:34:15.000000;2016-01-17T00:34:15.000000;47860a56-cbfd-48b3-a230-1d395d111800;391.65;12.0;UNKNOWN
2016-01-17T00:34:15.000000;2016-01-17T00:34:15.000000;068a89c5-6f0d-46fc-85cb-5d4ceace8dc4;391.93;2.5;UNKNOWN
2016-01-17T00:34:15.000000;2016-01-17T00:34:15.000000;c65cffed-4ceb-4253-8665-d25111850b21;391.53;0.5;UNKNOWN
2016-01-17T00:34:16.000000;2016-01-17T00:34:16.000000;d6e45cd7-f2e9-46c3-9a1b-1138f64f47e6;391.93;5.0;UNKNOWN
2016-01-17T00:34:16.000000;2016-01-17T00:34:16.000000;b4568f75-0a53-4f1e-8969-d51dfbb56f85;391.93;10.2641;UNKNOWN
2016-01-17T00:34:16.000000;2016-01-17T00:34:16.000000;b49db6ce-f2da-4911-a3d4-218edf0b97c8;391.94;9.7359;UNKNOWN
2016-01-17T00:34:19.000000;2016-01-17T00:34:19.000000;2adf48c8-9832-4f69-8af8-7657beba6cad;391.37;20.0;UNKNOWN
2016-01-17T00:34:22.000000;2016-01-17T00:34:22.000000;74831d47-8187-4bb2-8c58-3f6a6b195263;391.37;15.0;UNKNOWN
2016-01-17T00:34:22.000000;2016-01-17T00:34:22.000000;b86e2dda-2901-4689-807d-67c8d8b12ff7;391.64;0.01;UNKNOWN
2016-01-17T00:34:22.000000;2016-01-17T00:34:22.000000;a2927bb4-1255-4bf6-be42-6c5b6309f6ab;391.64;0.1;UNKNOWN
2016-01-17T00:34:22.000000;2016-01-17T00:34:22.000000;782dc49e-81c0-4aa8-8a5d-69c84d3dee50;391.64;4.89;UNKNOWN
2016-01-17T00:34:24.000000;2016-01-17T00:34:24.000000;3d30d82b-91a4-4376-81c7-174f18c85058;391.93;6.46;UNKNOWN
2016-01-17T00:34:24.000000;2016-01-17T00:34:24.000000;7c35746c-e8b6-4ae4-9668-a8af2c25b0e9;391.92;8.1;UNKNOWN
2016-01-17T00:34:24.000000;2016-01-17T00:34:24.000000;ae373496-11b0-4107-893d-bc593a05190a;392.0;4.3052853;UNKNOWN
2016-01-17T00:34:24.000000;2016-01-17T00:34:24.000000;ae4937c5-cd0a-4fec-8fac-2c68d752d0ba;392.0;0.5847147;UNKNOWN
2016-01-17T00:34:24.000000;2016-01-17T00:34:24.000000;1fbef415-752c-4719-a7d3-56ac81108444;391.64;0.55;UNKNOWN
2016-01-17T00:34:26.000000;2016-01-17T00:34:26.000000;55293e37-83c6-4613-a2aa-e0caedcd804f;392.15;0.05;UNKNOWN
2016-01-17T00:34:26.000000;2016-01-17T00:34:26.000000;d1c25cc6-b466-40aa-9328-62782893a191;392.23;3.2452853;UNKNOWN
2016-01-17T00:34:26.000000;2016-01-17T00:34:26.000000;73d69511-1b93-41b4-95df-4c62a6fabccc;392.05;1.0;UNKNOWN
2016-01-17T00:34:26.000000;2016-01-17T00:34:26.000000;2e9fadcb-47a1-4aab-9e22-2fb3db6d8858;392.21;10.01;UNKNOWN
2016-01-17T00:34:26.000000;2016-01-17T00:34:26.000000;1b391586-12c5-4eff-92ce-9515ca7f62df;392.0;5.6947147;UNKNOWN
2016-01-17T00:34:28.000000;2016-01-17T00:34:28.000000;128f991c-fe90-4a63-8304-2b0f3b3a89c9;392.2;10.0;UNKNOWN
2016-01-17T00:34:28.000000;2016-01-17T00:34:28.000000;957a79dc-c888-450e-9438-e5f40fe23a4a;391.8;10.0;UNKNOWN
2016-01-17T00:34:30.000000;2016-01-17T00:34:30.000000;7d96a9b4-7c32-448d-9459-293f8d76775e;391.0;1.0;UNKNOWN
2016-01-17T00:34:30.000000;2016-01-17T00:34:30.000000;7c89aa17-a851-456c-b60d-a8f348128d39;390.94;15.27516764;UNKNOWN
2016-01-17T00:34:30.000000;2016-01-17T00:34:30.000000;c13c4f7d-bc55-45ea-a985-b4faf2792691;391.99;0.09;UNKNOWN
2016-01-17T00:34:30.000000;2016-01-17T00:34:30.000000;e2035d00-4c59-4bc1-9ea0-284899b537ce;392.27;19.4139062;UNKNOWN
2016-01-17T00:34:30.000000;2016-01-17T00:34:30.000000;fd226892-e7c3-40df-9a93-334d7b1ecf8f;390.95;12.0;UNKNOWN
2016-01-17T00:34:30.000000;2016-01-17T00:34:30.000000;27318444-ba76-4454-95d6-cf593858c6cf;392.26;0.3960938;UNKNOWN
2016-01-17T00:34:30.000000;2016-01-17T00:34:30.000000;032b45d8-9b69-4524-aa5d-bfe69b71ed11;391.99;0.1;UNKNOWN
2016-01-17T00:34:31.000000;2016-01-17T00:34:31.000000;125bb63f-d978-47a7-9233-6f4bbb30c411;391.99;2.58;UNKNOWN
2016-01-17T00:34:32.000000;2016-01-17T00:34:32.000000;67970073-955c-4411-9311-af60d5a28138;392.22;7.65;UNKNOWN
2016-01-17T00:34:32.000000;2016-01-17T00:34:32.000000;f8ba0c25-f0a5-4697-b91e-546a83214e2c;391.99;2.25;UNKNOWN
2016-01-17T00:34:32.000000;2016-01-17T00:34:32.000000;fdde8123-bdea-476f-9a1a-61d1be84293a;392.2;4.1;UNKNOWN
2016-01-17T00:34:32.000000;2016-01-17T00:34:32.000000;9edc9098-7d47-469f-9413-f6645a8f86d1;392.4;5.0;UNKNOWN
2016-01-17T00:34:32.000000;2016-01-17T00:34:32.000000;b50003be-6ac7-44a4-bf98-6245e5387fc4;392.48;11.57;UNKNOWN
2016-01-17T00:34:32.000000;2016-01-17T00:34:32.000000;626db148-edd8-438f-903e-fff442a6806c;392.22;3.43;UNKNOWN
2016-01-17T00:34:32.000000;2016-01-17T00:34:32.000000;5b2a1a9f-d472-4ce3-8187-0da0b31cd048;391.01;0.063;UNKNOWN
2016-01-17T00:34:36.000000;2016-01-17T00:34:36.000000;9dcfbb83-7f5e-46e2-89ad-45fabf054b48;392.25;18.0;UNKNOWN
2016-01-17T00:34:36.000000;2016-01-17T00:34:36.000000;5a509357-d8f5-498e-8241-595a32057273;392.0;2.0;UNKNOWN
2016-01-17T00:34:38.000000;2016-01-17T00:34:38.000000;ac3e7a6d-5ee0-42a4-a5cf-12516e0a7f81;392.47;10.6021;UNKNOWN
2016-01-17T00:34:38.000000;2016-01-17T00:34:38.000000;0c136d5b-38bc-4ceb-9985-1c6cca70ed98;391.99;0.0979;UNKNOWN
2016-01-17T00:34:38.000000;2016-01-17T00:34:38.000000;e12020c0-5e1a-40d6-82b9-2cd44bc589d1;392.46;6.0;UNKNOWN
2016-01-17T00:34:38.000000;2016-01-17T00:34:38.000000;43810251-9dda-48bf-ac50-b193640067d7;392.26;0.1;UNKNOWN
2016-01-17T00:34:38.000000;2016-01-17T00:34:38.000000;8caad8a9-b058-4ab8-aa6c-cac65f7e6f2b;392.24;3.0;UNKNOWN
2016-01-17T00:34:38.000000;2016-01-17T00:34:38.000000;2d4829e4-0c4a-4627-9517-f073cd94e1d5;391.99;0.1;UNKNOWN
2016-01-17T00:34:38.000000;2016-01-17T00:34:38.000000;a2a1a178-4687-48c3-b055-fc3644d9100c;391.99;0.1;UNKNOWN
2016-01-17T00:34:39.000000;2016-01-17T00:34:39.000000;7fc3f1e3-2fb5-433b-bb54-ba467df73169;392.46;3.0;UNKNOWN
2016-01-17T00:34:39.000000;2016-01-17T00:34:39.000000;d12c3a31-90d4-4d7e-b1e9-94a2d4b3028f;392.47;6.1143;UNKNOWN
2016-01-17T00:34:39.000000;2016-01-17T00:34:39.000000;9dea5b79-675a-4947-8022-2e94a683401e;392.48;9.9896062;UNKNOWN
2016-01-17T00:34:39.000000;2016-01-17T00:34:39.000000;41ba5e48-b8e9-43be-bcb5-0181c9af7bf1;392.46;0.3960938;UNKNOWN
2016-01-17T00:34:39.000000;2016-01-17T00:34:39.000000;d65a5c98-52bb-4984-96ef-e691ac9327dc;392.46;0.5;UNKNOWN
2016-01-17T00:34:41.000000;2016-01-17T00:34:41.000000;7304495a-edde-4d3b-a407-ce7069af7cb1;392.48;10.0103938;UNKNOWN
2016-01-17T00:34:41.000000;2016-01-17T00:34:41.000000;3779a25c-bb37-4918-aa05-d8449564b738;392.49;8.9896062;UNKNOWN
2016-01-17T00:34:41.000000;2016-01-17T00:34:41.000000;7c8eedd4-2e87-47c2-9c29-e0c077cd74d1;391.99;1.0;UNKNOWN
2016-01-17T00:34:43.000000;2016-01-17T00:34:43.000000;f68af688-53c0-42da-9b75-44b9df741252;392.49;20.0;UNKNOWN
2016-01-17T00:34:44.000000;2016-01-17T00:34:44.000000;999ad7d9-005a-47ce-9a53-852261385752;392.5;5.9102;UNKNOWN
2016-01-17T00:34:44.000000;2016-01-17T00:34:44.000000;2a4775ef-58a0-4ae2-bec9-5e8111b96000;392.19;14.0;UNKNOWN
2016-01-17T00:34:44.000000;2016-01-17T00:34:44.000000;ab13f7a7-7a7c-4d97-8035-c75e58df2fe4;391.99;0.0898;UNKNOWN
2016-01-17T00:34:50.000000;2016-01-17T00:34:50.000000;32c32dcd-2f5d-4c50-9d0a-fd84e351730f;392.44;0.1;UNKNOWN
2016-01-17T00:34:50.000000;2016-01-17T00:34:50.000000;ca7b8152-9989-4e32-bb82-a743c8a5ab03;392.44;0.1;UNKNOWN
2016-01-17T00:34:50.000000;2016-01-17T00:34:50.000000;a892b0d3-b606-4776-9c8b-d4866dd658d1;392.5;19.7;UNKNOWN
2016-01-17T00:34:50.000000;2016-01-17T00:34:50.000000;bbff972b-da44-4978-88e3-acc341d86e03;392.45;0.1;UNKNOWN
2016-01-17T00:34:52.000000;2016-01-17T00:34:52.000000;029432c5-ba99-4e51-8dcd-ae3a8939148d;392.49;20.0;UNKNOWN
2016-01-17T00:34:53.000000;2016-01-17T00:34:53.000000;e9729e0d-1970-4087-b919-c94b1e8025da;392.5;0.3;UNKNOWN
2016-01-17T00:34:53.000000;2016-01-17T00:34:53.000000;ca1e1061-be86-4142-a830-b945515841f8;392.5;10.0;UNKNOWN
2016-01-17T00:34:53.000000;2016-01-17T00:34:53.000000;0fa7e71c-5682-497f-b679-17fa59426666;392.51;0.4153;UNKNOWN
2016-01-17T00:34:53.000000;2016-01-17T00:34:53.000000;7d2cb067-ab99-4dc7-a56e-a469503e275f;392.5;9.2847;UNKNOWN
2016-01-17T00:34:54.000000;2016-01-17T00:34:54.000000;b7baf1a4-4973-48be-9dfa-c7ae11bc6255;392.51;19.9;UNKNOWN
2016-01-17T00:34:54.000000;2016-01-17T00:34:54.000000;de246fca-4823-461a-b0fe-736eab58240c;392.45;0.1;UNKNOWN
2016-01-17T00:34:56.000000;2016-01-17T00:34:56.000000;f0dc68ef-2e2d-40ab-aba6-7685501160eb;392.77;0.01;UNKNOWN
2016-01-17T00:34:56.000000;2016-01-17T00:34:56.000000;4c12c797-e081-4fa1-ba07-93508cb23b40;392.76;0.05;UNKNOWN
2016-01-17T00:34:56.000000;2016-01-17T00:34:56.000000;8a67c17d-1d90-427d-aea2-01b28c58778c;392.51;0.8119;UNKNOWN
2016-01-17T00:34:56.000000;2016-01-17T00:34:56.000000;a93016d8-9847-4020-982b-a8d28c3951e8;392.56;0.05;UNKNOWN
2016-01-17T00:34:56.000000;2016-01-17T00:34:56.000000;3297ebfa-98d9-41e4-a60b-e30eb3453bba;392.56;0.05;UNKNOWN
2016-01-17T00:34:56.000000;2016-01-17T00:34:56.000000;f525508e-03f9-4cb6-b14e-8b0f25670992;392.68;0.011;UNKNOWN
2016-01-17T00:34:56.000000;2016-01-17T00:34:56.000000;3d853ded-2899-4a84-8fde-614bce407253;392.79;0.02;UNKNOWN
2016-01-17T00:34:56.000000;2016-01-17T00:34:56.000000;e717b32d-3ede-4b3c-9589-247d3131e82a;392.79;15.9471;UNKNOWN
2016-01-17T00:34:56.000000;2016-01-17T00:34:56.000000;4cc8cec6-61f8-437d-987c-000bc48820ff;392.56;0.05;UNKNOWN
2016-01-17T00:34:56.000000;2016-01-17T00:34:56.000000;38bd47ae-1225-43e6-9287-88c08df1435b;392.0;3.0;UNKNOWN
2016-01-17T00:34:56.000000;2016-01-17T00:34:56.000000;338b0802-3468-4fef-8ef1-da3878d4df95;391.28;0.19498503;UNKNOWN
2016-01-17T00:34:58.000000;2016-01-17T00:34:58.000000;c955590a-c75b-437b-9ca6-6153d25b7694;392.78;3.0;UNKNOWN
2016-01-17T00:34:58.000000;2016-01-17T00:34:58.000000;cd12a891-128a-4ad1-a358-cd1c0450cb19;392.8;5.8779;UNKNOWN
2016-01-17T00:34:58.000000;2016-01-17T00:34:58.000000;9b308d49-ede1-4b31-850c-b1ac96b7c397;392.79;5.1221;UNKNOWN
2016-01-17T00:34:58.000000;2016-01-17T00:34:58.000000;c4c31066-4c23-4d39-a482-4befbf05bc78;392.78;6.0;UNKNOWN
2016-01-17T00:34:59.000000;2016-01-17T00:34:59.000000;cadd6dbd-abe5-4192-a1d4-93c3bef0a472;392.51;6.0;UNKNOWN
2016-01-17T00:34:59.000000;2016-01-17T00:34:59.000000;08b6d6a0-3162-4701-91a0-29090d189a53;392.5;4.0;UNKNOWN
2016-01-17T00:35:01.000000;2016-01-17T00:35:01.000000;349db4dc-71dd-42ff-8118-3c89836e8ee3;392.8;4.1221;UNKNOWN
2016-01-17T00:35:01.000000;2016-01-17T00:35:01.000000;1788c074-1ee4-4086-9073-d9568b48455b;392.51;0.5;UNKNOWN
2016-01-17T00:35:01.000000;2016-01-17T00:35:01.000000;6f1e526a-ba65-4fcd-8284-4bdfac0566dd;392.51;0.5;UNKNOWN
2016-01-17T00:35:01.000000;2016-01-17T00:35:01.000000;c7ab707a-6379-4d31-a243-0adb537fd89f;392.8;15.8779;UNKNOWN
2016-01-17T00:35:03.000000;2016-01-17T00:35:03.000000;03e1a02f-5e83-40e4-bc10-e74048771be5;392.78;0.02;UNKNOWN
2016-01-17T00:35:03.000000;2016-01-17T00:35:03.000000;dbf5ba31-1784-483d-84dd-3bbca1e9e8b4;392.9;2.0548;UNKNOWN
2016-01-17T00:35:03.000000;2016-01-17T00:35:03.000000;e760480a-963a-42a1-9245-ac4f22e62551;392.9;4.0;UNKNOWN
2016-01-17T00:35:03.000000;2016-01-17T00:35:03.000000;dd384315-ec10-498d-b42e-e0462028c3d1;392.89;0.05;UNKNOWN
2016-01-17T00:35:03.000000;2016-01-17T00:35:03.000000;df4a0184-e993-4a9c-8796-11bd66d7d2c7;392.85;1.0;UNKNOWN
2016-01-17T00:35:03.000000;2016-01-17T00:35:03.000000;4ddcb1ec-94fa-4a20-9c2d-c1a849276d4a;392.79;0.1;UNKNOWN
2016-01-17T00:35:03.000000;2016-01-17T00:35:03.000000;e8491307-c17d-4ba6-9565-f6553bfeac38;392.8;0.08;UNKNOWN
2016-01-17T00:35:03.000000;2016-01-17T00:35:03.000000;0ee6794e-fea3-4fff-96b8-2765f6eeed62;392.9;10.0;UNKNOWN
2016-01-17T00:35:03.000000;2016-01-17T00:35:03.000000;664573a4-18c1-4296-8bf3-3651786610a8;392.8;2.8952;UNKNOWN
2016-01-17T00:35:05.000000;2016-01-17T00:35:05.000000;2f110882-15a3-48b4-8253-dbf90d8c8a43;393.0;0.227434;UNKNOWN
2016-01-17T00:35:05.000000;2016-01-17T00:35:05.000000;a605c0cc-d987-41a5-9692-300314868b63;392.9;2.9452;UNKNOWN
2016-01-17T00:35:05.000000;2016-01-17T00:35:05.000000;c8669da8-8f63-416a-9db6-9841c23a0e12;392.96;0.05;UNKNOWN
2016-01-17T00:35:05.000000;2016-01-17T00:35:05.000000;e27ccda2-cc86-47d1-9776-6e167404bb99;393.0;10.0;UNKNOWN
2016-01-17T00:35:05.000000;2016-01-17T00:35:05.000000;70ea8fad-47eb-4742-8298-ce83d8247f90;393.0;2.0;UNKNOWN
2016-01-17T00:35:05.000000;2016-01-17T00:35:05.000000;c6be1bc1-74ee-4357-b583-eb8e333091ab;392.53;0.02;UNKNOWN
2016-01-17T00:35:05.000000;2016-01-17T00:35:05.000000;c42f0b2a-21d2-4029-bd01-f580dfc6c51d;393.0;0.0048;UNKNOWN
2016-01-17T00:35:05.000000;2016-01-17T00:35:05.000000;3ea935c4-7a1c-4082-a902-261348147444;392.53;0.035;UNKNOWN
2016-01-17T00:35:05.000000;2016-01-17T00:35:05.000000;8d54fe7c-815f-4f0d-8f46-1fb3ef2ff5f9;393.0;5.0;UNKNOWN
2016-01-17T00:35:06.000000;2016-01-17T00:35:06.000000;6d85d6c2-ff18-437c-b2fd-2d6fb64de2d5;393.06;13.232234;UNKNOWN
2016-01-17T00:35:06.000000;2016-01-17T00:35:06.000000;dc6df13d-23e3-4fa1-88cf-a808b4a1e94b;393.03;5.0;UNKNOWN
2016-01-17T00:35:06.000000;2016-01-17T00:35:06.000000;f596ca4f-cb72-4bb8-8ed8-e7864bb57977;392.54;2.7;UNKNOWN
2016-01-17T00:35:06.000000;2016-01-17T00:35:06.000000;09a9145a-8e10-4e31-ba4d-6eb710fec232;393.0;1.767766;UNKNOWN
2016-01-17T00:35:07.000000;2016-01-17T00:35:07.000000;18074d95-e0c6-4dcb-9d69-8d99452f66ba;392.79;0.1;UNKNOWN
2016-01-17T00:35:07.000000;2016-01-17T00:35:07.000000;6d929a9f-ea2d-4eb9-8039-1bb419e0c7c3;393.06;10.762066;UNKNOWN
2016-01-17T00:35:07.000000;2016-01-17T00:35:07.000000;06ec17cc-463a-43c6-862a-01b87ed57af2;393.12;9.137934;UNKNOWN
2016-01-17T00:35:07.000000;2016-01-17T00:35:07.000000;d0c882ff-6b9a-473b-b906-f8ab9d83e343;392.54;0.07874852;UNKNOWN
2016-01-17T00:35:08.000000;2016-01-17T00:35:08.000000;04234eba-f565-48a6-9a98-c12973ad2f7f;392.54;1.03;UNKNOWN
2016-01-17T00:35:09.000000;2016-01-17T00:35:09.000000;87416fab-8d8d-4ee2-b365-9450a467e8c9;393.12;0.01;UNKNOWN
2016-01-17T00:35:13.000000;2016-01-17T00:35:13.000000;d584e721-8132-491e-9600-7b8081c9a028;392.56;6.3471;UNKNOWN
2016-01-17T00:35:13.000000;2016-01-17T00:35:13.000000;1d787f9d-f88d-4df1-b210-79b49080128b;392.55;0.041;UNKNOWN
2016-01-17T00:35:13.000000;2016-01-17T00:35:13.000000;de4ef0bf-ea2f-4a9e-828c-52bb303f420d;392.54;1.6119;UNKNOWN
2016-01-17T00:35:13.000000;2016-01-17T00:35:13.000000;2408a227-f488-4bb9-a0ca-a90b705da556;392.5;0.1134256;UNKNOWN
2016-01-17T00:35:20.000000;2016-01-17T00:35:20.000000;9005ea67-2ea0-4e0c-bbbf-6601f578f6b6;392.78;0.11398579;UNKNOWN
2016-01-17T00:35:23.000000;2016-01-17T00:35:23.000000;0780ebc2-8144-4f81-86f8-1a354ae8eb59;392.79;1.0;UNKNOWN
2016-01-17T00:35:32.000000;2016-01-17T00:35:32.000000;12b7f4a1-43bb-4e0c-9d51-ce5b58a93d2c;392.8;4.8;UNKNOWN
2016-01-17T00:35:33.000000;2016-01-17T00:35:33.000000;5029279d-2a43-4222-8222-6e2b619cd86a;392.78;4.88601421;UNKNOWN
2016-01-17T00:35:33.000000;2016-01-17T00:35:33.000000;cb97e778-8fd5-46cb-bb43-ab51dd5d05fb;392.8;1.5038;UNKNOWN
2016-01-17T00:35:35.000000;2016-01-17T00:35:35.000000;a9110959-79ba-4973-a888-01abb08487bf;392.5;0.177833;UNKNOWN
2016-01-17T00:35:39.000000;2016-01-17T00:35:39.000000;01230113-7ebf-4a30-b52c-40e9fa8f58ee;392.5;5.7;UNKNOWN
2016-01-17T00:35:43.000000;2016-01-17T00:35:43.000000;3e33fe2d-cac3-446f-88f5-498bf9f2cf27;392.5;0.0087414;UNKNOWN
2016-01-17T00:35:54.000000;2016-01-17T00:35:54.000000;8020341f-6fca-4382-bed7-322b744c022e;391.21;2.0822;UNKNOWN
2016-01-17T00:35:54.000000;2016-01-17T00:35:54.000000;e73fa05d-7bad-4a5c-ae7f-8bd0ca793fc4;391.31;0.05;UNKNOWN
2016-01-17T00:35:54.000000;2016-01-17T00:35:54.000000;d4bbda18-4787-4502-8a19-8d8831071e3e;391.32;6.0;UNKNOWN
2016-01-17T00:35:54.000000;2016-01-17T00:35:54.000000;0469e4eb-aa53-4712-9952-d68a6d130626;391.37;0.5;UNKNOWN
2016-01-17T00:35:54.000000;2016-01-17T00:35:54.000000;41af61ab-a4d5-4385-92ba-2c4457ffdd61;391.36;3.0;UNKNOWN
2016-01-17T00:35:54.000000;2016-01-17T00:35:54.000000;9ab5a5b8-95af-44a3-bb6f-ae06c28519c7;391.32;0.05;UNKNOWN
2016-01-17T00:35:54.000000;2016-01-17T00:35:54.000000;890dff23-651c-4608-a8d8-2cdbec0f4754;391.38;6.2678;UNKNOWN
2016-01-17T00:35:54.000000;2016-01-17T00:35:54.000000;80ca6da9-4003-4f17-9331-85e9d4e8a229;391.29;0.05;UNKNOWN
2016-01-17T00:35:54.000000;2016-01-17T00:35:54.000000;851aff2b-8aa2-4349-b22f-837285c52300;391.31;12.0;UNKNOWN
2016-01-17T00:35:58.000000;2016-01-17T00:35:58.000000;46cba7b4-5405-4d23-b68f-7b00da770da6;391.21;0.4778;UNKNOWN
2016-01-17T00:35:58.000000;2016-01-17T00:35:58.000000;ffbaf4b9-9bba-43e8-b3b1-22f745bdebca;391.14;0.5222;UNKNOWN
2016-01-17T00:36:03.000000;2016-01-17T00:36:03.000000;71618f71-6b4e-4963-a99b-29481c13bdb9;391.87;0.035;UNKNOWN
2016-01-17T00:36:07.000000;2016-01-17T00:36:07.000000;7404f353-0a05-43d2-8acd-25c6721ac2a5;391.87;0.05;UNKNOWN
2016-01-17T00:36:12.000000;2016-01-17T00:36:12.000000;4e2a2a68-ea2f-4b9d-b24f-2be6dc483cd0;391.87;0.2;UNKNOWN
2016-01-17T00:36:14.000000;2016-01-17T00:36:14.000000;320073e7-1178-489a-8aea-a67008186dcc;391.87;0.07;UNKNOWN
2016-01-17T00:36:16.000000;2016-01-17T00:36:16.000000;22988940-0628-4d0f-a29f-e276aa3a5c24;391.87;2.645;UNKNOWN
2016-01-17T00:36:16.000000;2016-01-17T00:36:16.000000;bfa21ead-5c13-49b3-b50c-3846e299ab35;391.87;1.905;UNKNOWN
2016-01-17T00:36:17.000000;2016-01-17T00:36:17.000000;5a63a963-0e29-4d42-9730-8fd7c3c45b90;391.87;0.1;UNKNOWN
2016-01-17T00:36:18.000000;2016-01-17T00:36:18.000000;7ab86658-b6eb-4f18-b365-697375fa72f6;391.87;1.995;UNKNOWN
2016-01-17T00:36:18.000000;2016-01-17T00:36:18.000000;64f28396-85dc-434c-a283-6e4563fe0e6e;391.23;4.605;UNKNOWN
2016-01-17T00:36:20.000000;2016-01-17T00:36:20.000000;2cd50b2e-5dcd-4ea7-832a-5d41728848f8;391.46;0.079365;UNKNOWN
2016-01-17T00:36:21.000000;2016-01-17T00:36:21.000000;95c6fcc2-e413-4187-bce4-e0666f4daf17;391.47;0.01;UNKNOWN
2016-01-17T00:36:21.000000;2016-01-17T00:36:21.000000;21199b55-daf7-4e04-a92c-4f1713e1a48e;391.46;3.99;UNKNOWN
2016-01-17T00:36:22.000000;2016-01-17T00:36:22.000000;4bfbc800-1dae-48a6-8f3c-062986fdade8;391.87;0.1742;UNKNOWN
2016-01-17T00:36:22.000000;2016-01-17T00:36:22.000000;6175ea41-182b-47f8-aedf-5a491d180033;391.87;0.1;UNKNOWN
2016-01-17T00:36:26.000000;2016-01-17T00:36:26.000000;fba6fc64-2a0f-4ce3-97d8-8075a2966226;391.47;1.0;UNKNOWN
2016-01-17T00:36:45.000000;2016-01-17T00:36:45.000000;6004524e-af19-4071-96fc-4bb243752474;391.24;1.0;UNKNOWN
2016-01-17T00:36:48.000000;2016-01-17T00:36:48.000000;664f7450-a2f7-4730-93ad-261ba2509990;391.03;0.05;UNKNOWN
2016-01-17T00:36:48.000000;2016-01-17T00:36:48.000000;020b7963-0cf8-4158-8ebd-3ec88f4c68e2;391.0;9.95;UNKNOWN
2016-01-17T00:36:55.000000;2016-01-17T00:36:55.000000;fc942e88-65af-408c-a5ea-87ac29bd3a99;391.19;0.25433673;UNKNOWN
2016-01-17T00:36:59.000000;2016-01-17T00:36:59.000000;0e3615f9-72af-4872-9397-11772534f6eb;391.01;2.15503533;UNKNOWN
2016-01-17T00:37:00.000000;2016-01-17T00:37:00.000000;1e3a27ac-6cd1-4c3e-8207-d21b49467866;391.01;0.109132;UNKNOWN
2016-01-17T00:37:02.000000;2016-01-17T00:37:02.000000;6657b238-abc7-4fb8-9d4c-d2c2fbaac5c6;391.0;25.0;UNKNOWN
2016-01-17T00:37:02.000000;2016-01-17T00:37:02.000000;f394be2a-d465-43c8-9131-bcd49ee60cb6;390.98;21.7407;UNKNOWN
2016-01-17T00:37:03.000000;2016-01-17T00:37:03.000000;0c86256f-38de-40f6-bfa8-da82b9246f83;390.96;1.0;UNKNOWN
2016-01-17T00:37:03.000000;2016-01-17T00:37:03.000000;e244e3bf-b3dd-458f-8241-ce1c925c2307;390.71;0.035;UNKNOWN
2016-01-17T00:37:09.000000;2016-01-17T00:37:09.000000;bd738df9-4f08-468d-9060-2d7181a56c35;390.72;45.8827;UNKNOWN
2016-01-17T00:37:09.000000;2016-01-17T00:37:09.000000;b7117d45-99e2-432c-8279-b19ca0ae1c1d;390.71;8.05;UNKNOWN
2016-01-17T00:37:09.000000;2016-01-17T00:37:09.000000;d632d66e-fd2c-4fc2-9d5f-a1213b2d4eec;390.72;0.56;UNKNOWN
2016-01-17T00:37:09.000000;2016-01-17T00:37:09.000000;44e081bf-891e-4255-8459-3edfe74ffe0a;390.7;19.1248;UNKNOWN
2016-01-17T00:37:09.000000;2016-01-17T00:37:09.000000;af0eb939-be33-4b17-83bf-29531d002d26;390.72;6.3825;UNKNOWN
2016-01-17T00:37:16.000000;2016-01-17T00:37:16.000000;7086fd8c-8e20-47df-9314-62f14fce59f0;390.49;0.05;UNKNOWN
2016-01-17T00:37:27.000000;2016-01-17T00:37:27.000000;e9b64764-667c-43fd-aec4-2e0136e03bb3;390.75;10.0;UNKNOWN
2016-01-17T00:37:27.000000;2016-01-17T00:37:27.000000;ceb82b14-9177-4c52-a49b-b5f7846f8f9a;390.75;0.01;UNKNOWN
2016-01-17T00:37:35.000000;2016-01-17T00:37:35.000000;40f0f3fe-a49c-438f-baa9-eae8a6fcfae5;390.77;1.0;UNKNOWN
2016-01-17T00:37:35.000000;2016-01-17T00:37:35.000000;4b4b3a00-8ba8-43cd-b44d-e1683abe9be3;390.8;1.0;UNKNOWN
2016-01-17T00:37:37.000000;2016-01-17T00:37:37.000000;8048a7dd-6756-4b67-b1b7-486bb66722a2;390.8;21.63;UNKNOWN
2016-01-17T00:37:39.000000;2016-01-17T00:37:39.000000;be63a4a1-e4e3-41d3-b076-7f9956f282fa;390.8;0.122105;UNKNOWN
2016-01-17T00:37:54.000000;2016-01-17T00:37:54.000000;12c0d52a-272e-4ffb-9938-c6f174987459;390.95;0.4;UNKNOWN
2016-01-17T00:37:54.000000;2016-01-17T00:37:54.000000;dc45ba46-47f5-42bf-9f47-f8ce91db04f5;390.94;0.1;UNKNOWN
2016-01-17T00:37:54.000000;2016-01-17T00:37:54.000000;ca981522-7c0c-4f1c-80a7-086c2b782f21;390.95;0.5;UNKNOWN
2016-01-17T00:37:55.000000;2016-01-17T00:37:55.000000;59954a5c-35d3-418b-942c-0e12dcaa4161;390.83;59.113;UNKNOWN
2016-01-17T00:37:55.000000;2016-01-17T00:37:55.000000;10e6296e-5ce8-4e71-9d81-f7dc5091214c;390.81;6.316;UNKNOWN
2016-01-17T00:37:57.000000;2016-01-17T00:37:57.000000;0f5c3c71-7637-45ea-b19a-bd989551c163;390.78;10.0;UNKNOWN
2016-01-17T00:38:02.000000;2016-01-17T00:38:02.000000;150c1b0a-6eda-42b2-8b81-2887b072f6a3;390.77;0.1;UNKNOWN
2016-01-17T00:38:22.000000;2016-01-17T00:38:22.000000;4ca63ae3-1d23-4c24-9f02-8ddddb583109;390.77;3.61018579;UNKNOWN
2016-01-17T00:38:33.000000;2016-01-17T00:38:33.000000;0522e0d4-5904-4116-80cb-3c7afe38053a;390.78;2.57;UNKNOWN
2016-01-17T00:38:33.000000;2016-01-17T00:38:33.000000;a1cb1a1b-962f-492c-bde7-215352f5192f;390.78;27.8303;UNKNOWN
2016-01-17T00:38:46.000000;2016-01-17T00:38:46.000000;1f81318f-d20f-4a56-932e-05a51d702ff2;390.8;0.1;UNKNOWN
2016-01-17T00:38:55.000000;2016-01-17T00:38:55.000000;27339bb4-2653-495a-a1b6-d67bcc722c01;390.8;0.1;UNKNOWN
2016-01-17T00:38:57.000000;2016-01-17T00:38:57.000000;a01c9296-45d5-4708-afe7-7325894f9465;390.8;0.1;UNKNOWN
2016-01-17T00:38:58.000000;2016-01-17T00:38:58.000000;70e07b43-ce0e-4f92-acfa-54682e15ea58;390.8;0.1;UNKNOWN
2016-01-17T00:39:04.000000;2016-01-17T00:39:04.000000;0b03c057-f882-4336-ad65-2d1d6c752271;390.8;5.0;UNKNOWN
2016-01-17T00:39:09.000000;2016-01-17T00:39:09.000000;59188c40-d113-434f-8ac2-0b06f886e18f;390.81;0.1;UNKNOWN
2016-01-17T00:39:16.000000;2016-01-17T00:39:16.000000;fbbdc104-ea9f-4a89-bdfe-324b557d16ba;390.81;0.05;UNKNOWN
2016-01-17T00:39:22.000000;2016-01-17T00:39:22.000000;0b686fff-7e94-4bac-a6d0-f13a611a4732;390.8;0.1;UNKNOWN
2016-01-17T00:39:26.000000;2016-01-17T00:39:26.000000;de5caff4-8360-48f1-aa02-403d2d08faee;391.09;0.5;UNKNOWN
2016-01-17T00:39:26.000000;2016-01-17T00:39:26.000000;736735bb-4794-4b34-be54-74a41eb328fb;391.1;0.2821;UNKNOWN
2016-01-17T00:39:26.000000;2016-01-17T00:39:26.000000;e8705071-f7fc-4aed-9d37-1063a92e7da8;390.81;0.22;UNKNOWN
2016-01-17T00:39:39.000000;2016-01-17T00:39:39.000000;00437dd2-257c-483a-b2f1-3a1b39051f4d;390.8;0.1;UNKNOWN
2016-01-17T00:39:59.000000;2016-01-17T00:39:59.000000;90417c62-27ab-43b4-954e-7754cc16ed3b;390.77;6.3699;UNKNOWN
2016-01-17T00:39:59.000000;2016-01-17T00:39:59.000000;6381d9a0-e5ef-4ea9-8db6-c7e9a8c26e1f;390.77;15.9665;UNKNOWN
2016-01-17T00:39:59.000000;2016-01-17T00:39:59.000000;0405e027-831a-4317-b1ba-a3e5f0905ff2;390.76;6.8273;UNKNOWN
2016-01-17T00:39:59.000000;2016-01-17T00:39:59.000000;859ae1b9-3e96-43cf-839b-be8d1b57676e;390.77;50.8363;UNKNOWN
2016-01-17T00:40:05.000000;2016-01-17T00:40:05.000000;a9305ea8-27c7-4edc-b7c2-0849d30decdd;390.77;0.37;UNKNOWN
2016-01-17T00:40:05.000000;2016-01-17T00:40:05.000000;376fc311-fbe6-4c37-ada3-c4e7f436338c;390.81;2.31;UNKNOWN
2016-01-17T00:40:05.000000;2016-01-17T00:40:05.000000;2049d46f-49a6-442a-a336-2144e3c97dac;390.77;0.1;UNKNOWN
2016-01-17T00:40:05.000000;2016-01-17T00:40:05.000000;dbd99501-62eb-4e3e-ba94-5ddb62a18181;390.79;0.37;UNKNOWN
2016-01-17T00:40:05.000000;2016-01-17T00:40:05.000000;9d10c8e7-826a-43dd-8c84-ef355f41dd9a;390.78;0.37;UNKNOWN
2016-01-17T00:40:05.000000;2016-01-17T00:40:05.000000;6dbf3a4b-642d-49f5-a542-36ab9f6ddad2;390.81;2.57;UNKNOWN
2016-01-17T00:40:05.000000;2016-01-17T00:40:05.000000;782cc40d-9c54-443e-a1ee-e06acd466e22;390.78;3.91;UNKNOWN
2016-01-17T00:40:09.000000;2016-01-17T00:40:09.000000;465f5bf0-25d2-4191-b80d-fc3c70f682e6;390.8;0.1;UNKNOWN
2016-01-17T00:40:12.000000;2016-01-17T00:40:12.000000;a7324032-5f09-4b77-be53-8a14e4ea8ab8;390.8;0.1;UNKNOWN
2016-01-17T00:40:26.000000;2016-01-17T00:40:26.000000;b8737fc6-a2ba-4a7c-89bc-69d38076349f;390.76;0.1;UNKNOWN
2016-01-17T00:40:27.000000;2016-01-17T00:40:27.000000;3597dd62-d0b3-4ab4-b741-f02acdc74783;390.8;0.2;UNKNOWN
2016-01-17T00:40:27.000000;2016-01-17T00:40:27.000000;d9892243-4761-40cf-82e6-eb71b8a7d03a;390.77;0.3;UNKNOWN
2016-01-17T00:40:31.000000;2016-01-17T00:40:31.000000;7939a534-2f50-4102-aef5-a21055189f78;390.76;1.0;UNKNOWN
2016-01-17T00:40:57.000000;2016-01-17T00:40:57.000000;142525d5-89dd-4b12-8994-14ab4a868913;390.77;0.1;UNKNOWN
2016-01-17T00:40:58.000000;2016-01-17T00:40:58.000000;7a8acf61-39aa-404f-a610-96d8fdeed2ae;390.77;1.0;UNKNOWN
2016-01-17T00:41:10.000000;2016-01-17T00:41:10.000000;67790ec5-f5dc-4a0d-a21c-a1f783c1fd31;390.77;0.1;UNKNOWN
2016-01-17T00:41:13.000000;2016-01-17T00:41:13.000000;2dc53d60-943a-47a8-ac13-339fc34f1c75;390.77;0.1;UNKNOWN
2016-01-17T00:41:14.000000;2016-01-17T00:41:14.000000;64f00e52-e8eb-4709-997f-6bc4b07a7c0a;390.78;0.5;UNKNOWN
2016-01-17T00:41:16.000000;2016-01-17T00:41:16.000000;68fd4c15-135d-4adb-9238-fdbad03ebe5e;390.77;0.1;UNKNOWN
2016-01-17T00:41:23.000000;2016-01-17T00:41:23.000000;2dbdec6c-df1c-491c-8d41-310a5301687f;390.77;0.1;UNKNOWN
2016-01-17T00:41:38.000000;2016-01-17T00:41:38.000000;809f0239-9976-4345-95c3-a6f4283ee150;390.77;0.775;UNKNOWN
2016-01-17T00:41:54.000000;2016-01-17T00:41:54.000000;aac22afe-635d-4843-b5f4-1d4accdf5ef4;390.77;1.0;UNKNOWN
2016-01-17T00:42:21.000000;2016-01-17T00:42:21.000000;a5cbea2f-7195-4377-8f95-d6f6c66234ad;390.78;2.57;UNKNOWN
2016-01-17T00:42:21.000000;2016-01-17T00:42:21.000000;5d803991-5be4-41ac-9071-f6d3eed870e2;390.78;1.03;UNKNOWN
2016-01-17T00:42:38.000000;2016-01-17T00:42:38.000000;691b05b1-cc8d-4bef-9840-4e54f7261d5a;390.77;0.1;UNKNOWN
2016-01-17T00:43:06.000000;2016-01-17T00:43:06.000000;33c67ed5-9183-4a89-b353-a11953094f8c;390.78;1.03;UNKNOWN
2016-01-17T00:43:06.000000;2016-01-17T00:43:06.000000;5880f594-6a11-4887-af90-d5a221f9d2b2;390.78;8.97;UNKNOWN
2016-01-17T00:43:40.000000;2016-01-17T00:43:40.000000;4c82af1e-9693-4f3a-8445-e34da38adf80;390.75;1.0;UNKNOWN
2016-01-17T00:43:40.000000;2016-01-17T00:43:40.000000;0c827dd9-2718-4ecc-bd6e-bbdd74b73d06;390.77;20.655;UNKNOWN
2016-01-17T00:43:40.000000;2016-01-17T00:43:40.000000;9b7a1642-5e6b-4315-a21d-0181aacd79df;390.77;6.3937;UNKNOWN
2016-01-17T00:43:40.000000;2016-01-17T00:43:40.000000;c7a112c0-1e79-4aee-acb9-687bb74e63e5;390.76;2.0727;UNKNOWN
2016-01-17T00:43:40.000000;2016-01-17T00:43:40.000000;c71ac432-e663-4898-98e2-1f8a4430a75d;390.63;19.8786;UNKNOWN
2016-01-17T00:44:05.000000;2016-01-17T00:44:05.000000;ad0a58c4-4378-46fb-99ab-5f647509c9ae;390.77;0.5;UNKNOWN
2016-01-17T00:44:05.000000;2016-01-17T00:44:05.000000;1697d76d-5a8c-4595-ba25-c4e0b074e3e4;390.78;1.032;UNKNOWN
2016-01-17T00:44:55.000000;2016-01-17T00:44:55.000000;cb7ee122-f384-4497-b4ee-2488317a889c;390.77;0.01;UNKNOWN
2016-01-17T00:45:04.000000;2016-01-17T00:45:04.000000;bd2109e1-8334-4983-84a6-70c4d0f1f306;390.43;12.5855;UNKNOWN
2016-01-17T00:45:04.000000;2016-01-17T00:45:04.000000;8d709a82-a2f0-4360-b4f0-1a499bd4fbcf;390.63;1.5667;UNKNOWN
2016-01-17T00:45:04.000000;2016-01-17T00:45:04.000000;c15cad50-9231-4ccd-b76f-e483b351a48b;390.46;0.05;UNKNOWN
2016-01-17T00:45:04.000000;2016-01-17T00:45:04.000000;4420b096-5bf4-412a-878e-82339599661b;390.47;0.011;UNKNOWN
2016-01-17T00:45:04.000000;2016-01-17T00:45:04.000000;e6a2c2ec-74b3-4cde-8373-3ffe72d2420a;390.64;6.3868;UNKNOWN
2016-01-17T00:45:06.000000;2016-01-17T00:45:06.000000;30af643a-6375-4eb6-839e-f22e5f3408b1;390.77;0.09;UNKNOWN
2016-01-17T00:45:06.000000;2016-01-17T00:45:06.000000;8cf75c65-b035-47e9-b369-0527e0bc28d2;390.77;0.1;UNKNOWN
2016-01-17T00:45:06.000000;2016-01-17T00:45:06.000000;0871cd4f-ca29-4846-8efa-db29220a6bf4;390.77;2.83062331;UNKNOWN
2016-01-17T00:45:09.000000;2016-01-17T00:45:09.000000;f3c39462-455b-4fa7-b0fe-9c7239437be0;390.77;6.0;UNKNOWN
2016-01-17T00:45:09.000000;2016-01-17T00:45:09.000000;73ce83bf-8e7b-4c7d-a665-d80f4d63e969;390.77;3.33062331;UNKNOWN
2016-01-17T00:45:09.000000;2016-01-17T00:45:09.000000;ecbb9b61-d1dc-4b40-a4f1-c1dc95b79b8b;390.77;0.16937669;UNKNOWN
2016-01-17T00:45:09.000000;2016-01-17T00:45:09.000000;31ef9060-9f86-4a80-ba32-b8917ce50808;390.76;0.5;UNKNOWN
2016-01-17T00:45:14.000000;2016-01-17T00:45:14.000000;44c927ff-cfa5-4c4b-8f5f-254bc5d074a4;390.25;1.0;UNKNOWN
2016-01-17T00:45:24.000000;2016-01-17T00:45:24.000000;0b9f1052-8afc-4a6d-a8f3-37b9e7390fa2;389.93;1.6004417;UNKNOWN
2016-01-17T00:45:28.000000;2016-01-17T00:45:28.000000;34481e25-5ff3-4649-a875-0df42f0d71b1;389.93;0.9695583;UNKNOWN
2016-01-17T00:45:28.000000;2016-01-17T00:45:28.000000;b92746a4-b383-4186-93d0-155298de43f1;389.92;0.0304417;UNKNOWN
2016-01-17T00:45:47.000000;2016-01-17T00:45:47.000000;32b46b62-ba6f-4b76-a6a8-91af933da2fc;390.52;0.01;UNKNOWN
2016-01-17T00:46:20.000000;2016-01-17T00:46:20.000000;1c50a2ed-2c04-4338-8f92-19f7be8ec9c7;389.56;0.2;UNKNOWN
2016-01-17T00:46:20.000000;2016-01-17T00:46:20.000000;116a4a83-c03c-4a48-bd28-6c439b4858de;389.61;0.05;UNKNOWN
2016-01-17T00:46:54.000000;2016-01-17T00:46:54.000000;aa8737a7-1117-4416-986f-f5db7f6f2906;390.14;0.01;UNKNOWN
2016-01-17T00:47:34.000000;2016-01-17T00:47:34.000000;a8770308-ec85-456c-b13f-df1fa21b32cc;389.86;0.1;UNKNOWN
2016-01-17T00:47:50.000000;2016-01-17T00:47:50.000000;35c7bb41-1645-4215-a7cb-dcad2953192f;389.63;0.12;UNKNOWN
2016-01-17T00:47:50.000000;2016-01-17T00:47:50.000000;c579f93b-e873-427f-9f0d-1f92601b8b79;389.62;0.08;UNKNOWN
2016-01-17T00:47:50.000000;2016-01-17T00:47:50.000000;f18275dd-191b-4244-b12a-2f8d66d2feff;389.62;0.5;UNKNOWN
2016-01-17T00:47:59.000000;2016-01-17T00:47:59.000000;0755b2da-e1eb-41eb-88c8-504d2eb4bf85;389.6;0.1;UNKNOWN
2016-01-17T00:49:05.000000;2016-01-17T00:49:05.000000;69586993-7026-4cd1-b15d-de4510145a68;389.62;0.03989011;UNKNOWN
2016-01-17T00:50:04.000000;2016-01-17T00:50:04.000000;b98328ec-e353-4209-8050-7735aff1bc31;389.8;0.2;UNKNOWN
2016-01-17T00:50:17.000000;2016-01-17T00:50:17.000000;ede93b58-7e2d-44b9-8892-a4d490205417;389.99;0.1;UNKNOWN
2016-01-17T00:50:17.000000;2016-01-17T00:50:17.000000;480d988d-e251-4dce-ab9c-5022e0c0604d;390.14;0.25;UNKNOWN
2016-01-17T00:50:17.000000;2016-01-17T00:50:17.000000;5bd5623d-ea4a-4c11-b4bf-f19b6589c3cb;390.0;3.995;UNKNOWN
2016-01-17T00:50:17.000000;2016-01-17T00:50:17.000000;cfef86a6-1778-45cf-8ae6-368c70b9b6f5;390.48;0.655;UNKNOWN
2016-01-17T00:50:38.000000;2016-01-17T00:50:38.000000;cd0f96bd-9192-4dc9-bc25-35622bf5ef14;390.5;1.0;UNKNOWN
2016-01-17T00:51:03.000000;2016-01-17T00:51:03.000000;23c4a995-7700-45f0-b722-9e7847a71c31;390.5;0.01;UNKNOWN
2016-01-17T00:51:35.000000;2016-01-17T00:51:35.000000;f3b4fe90-1a80-4f72-8b3d-d8ffbca72601;390.42;0.5;UNKNOWN
2016-01-17T00:52:27.000000;2016-01-17T00:52:27.000000;469079b2-0b4f-4190-9a46-893e978440c0;390.15;0.01;UNKNOWN
2016-01-17T00:52:42.000000;2016-01-17T00:52:42.000000;9ec9bc7f-90b4-4c57-9fde-68751a484cb1;390.5;0.02791306;UNKNOWN
2016-01-17T00:52:42.000000;2016-01-17T00:52:42.000000;5fd353f0-44ac-41a3-8668-2ddd35dad4ae;390.4;0.1;UNKNOWN
2016-01-17T00:54:13.000000;2016-01-17T00:54:13.000000;53abde59-f4de-411f-b17f-b6b0decfaf39;390.32;0.1;UNKNOWN
2016-01-17T00:54:19.000000;2016-01-17T00:54:19.000000;cf92680b-fed5-4092-a925-c3fd05a1ee49;390.32;10.0;UNKNOWN
2016-01-17T00:54:21.000000;2016-01-17T00:54:21.000000;518fdca0-928a-46ee-8dd5-1f72a2f2d25a;390.17;0.5;UNKNOWN
2016-01-17T00:54:21.000000;2016-01-17T00:54:21.000000;49a7b434-2a48-4ffc-889e-9a82a7c19cff;390.04;6.3323;UNKNOWN
2016-01-17T00:54:21.000000;2016-01-17T00:54:21.000000;5ecb6843-da6e-4600-b566-cc8d1fa524b1;390.04;0.776468;UNKNOWN
2016-01-17T00:54:30.000000;2016-01-17T00:54:30.000000;a5f076a1-61c2-4228-bbf1-459f7d078a3d;390.17;0.1;UNKNOWN
2016-01-17T00:54:30.000000;2016-01-17T00:54:30.000000;f3c3c9a5-58cf-44b9-b59b-4b2381c1b5ac;390.32;1.28389416;UNKNOWN
2016-01-17T00:54:59.000000;2016-01-17T00:54:59.000000;2f1ee946-f195-40d8-988a-46dd31b431b4;390.5;13.633;UNKNOWN
2016-01-17T00:54:59.000000;2016-01-17T00:54:59.000000;139458b2-7ac2-4e34-9c31-0c48f353e1b4;390.48;6.367;UNKNOWN
2016-01-17T00:55:07.000000;2016-01-17T00:55:07.000000;922a9638-afca-4288-9200-d569c8e1b573;390.5;0.3;UNKNOWN
2016-01-17T00:55:21.000000;2016-01-17T00:55:21.000000;15dca3f1-0213-4a11-a7a3-7179a491479e;390.5;5.0;UNKNOWN
2016-01-17T00:55:38.000000;2016-01-17T00:55:38.000000;030bf37a-d110-498f-aa2e-fed0c30aa7d9;390.86;0.11947647;UNKNOWN
2016-01-17T00:55:38.000000;2016-01-17T00:55:38.000000;a1c4504f-6df1-4d83-8aff-2688f558d33a;390.5;0.02908694;UNKNOWN
2016-01-17T00:55:44.000000;2016-01-17T00:55:44.000000;f0cb3e8a-5a64-44b2-8dbb-d25d9d679002;390.86;2.45052353;UNKNOWN
2016-01-17T00:55:44.000000;2016-01-17T00:55:44.000000;b1a0ff2f-67fb-4533-a4d1-001fbd579118;390.93;1.84947647;UNKNOWN
2016-01-17T00:55:47.000000;2016-01-17T00:55:47.000000;e65cadfd-43f4-4abb-a29f-35e4056949e9;391.05;1.27947647;UNKNOWN
2016-01-17T00:55:47.000000;2016-01-17T00:55:47.000000;870312df-8420-4c73-bfaf-ef0051cece46;390.93;0.72052353;UNKNOWN
2016-01-17T00:55:47.000000;2016-01-17T00:55:47.000000;a4c96f2d-c6ce-46ab-a5d5-88332f530d25;391.0;1.0;UNKNOWN
2016-01-17T00:55:50.000000;2016-01-17T00:55:50.000000;b2b9fd7b-eb27-4c05-8b9b-d4491266b539;391.05;0.4;UNKNOWN
2016-01-17T00:55:58.000000;2016-01-17T00:55:58.000000;931a99e1-fa29-4791-b31c-c46dde66a23d;391.1;0.2985;UNKNOWN
2016-01-17T00:55:58.000000;2016-01-17T00:55:58.000000;c417ea06-a022-4c67-a70a-8272cf8b7e9e;391.54;3.4915;UNKNOWN
2016-01-17T00:55:58.000000;2016-01-17T00:55:58.000000;ba906162-b655-4db0-80aa-5966b397fa4b;391.25;0.21;UNKNOWN
2016-01-17T00:56:04.000000;2016-01-17T00:56:04.000000;89083e59-25a8-4971-a928-5dc6c39faf78;390.62;0.1;UNKNOWN
2016-01-17T00:56:22.000000;2016-01-17T00:56:22.000000;46a1850a-fa8f-4ee0-ad10-8b14e3d3ab45;391.63;4.1209;UNKNOWN
2016-01-17T00:56:24.000000;2016-01-17T00:56:24.000000;4f9fa333-29ca-46d7-8024-5207188ed73f;391.63;8.3791;UNKNOWN
2016-01-17T00:56:24.000000;2016-01-17T00:56:24.000000;9c7ddd14-df81-4f4f-92b4-112b130f111d;391.64;0.05;UNKNOWN
2016-01-17T00:56:32.000000;2016-01-17T00:56:32.000000;7b16cf44-5f58-4836-ac48-786e10b67129;391.88;0.3;UNKNOWN
2016-01-17T00:56:37.000000;2016-01-17T00:56:37.000000;a1898a2d-621c-42c6-a02e-ce0acbe448d9;391.91;0.063;UNKNOWN
2016-01-17T00:56:40.000000;2016-01-17T00:56:40.000000;7cd85ec4-7e09-4b3a-84b9-7d8cf6fa8dea;391.92;0.05;UNKNOWN
2016-01-17T00:56:41.000000;2016-01-17T00:56:41.000000;49437f12-4584-47c8-ac17-8cc957b0e236;391.92;0.063;UNKNOWN
2016-01-17T00:56:41.000000;2016-01-17T00:56:41.000000;e2128dac-9a6b-40e6-9ff1-a6a804e715b0;392.0;0.05;UNKNOWN
2016-01-17T00:56:46.000000;2016-01-17T00:56:46.000000;5bc07ba4-fe88-448c-af70-34b3dce982dd;391.99;0.2081;UNKNOWN
2016-01-17T00:56:47.000000;2016-01-17T00:56:47.000000;59ea7586-7fe4-44a7-8bc0-d95db81a406b;392.0;0.95;UNKNOWN
2016-01-17T00:56:47.000000;2016-01-17T00:56:47.000000;4717ec54-30b2-49a5-89e5-ba1aa4421e93;391.99;0.02821744;UNKNOWN
2016-01-17T00:56:47.000000;2016-01-17T00:56:47.000000;75ba08b2-0da9-4555-82fa-545933566e3e;392.0;2.0;UNKNOWN
2016-01-17T00:56:47.000000;2016-01-17T00:56:47.000000;46aca45a-8d6f-4df7-8328-9997517a025e;392.14;0.03987378;UNKNOWN
2016-01-17T00:56:53.000000;2016-01-17T00:56:53.000000;ac0b2a4d-48f7-4382-95fa-72300cc5a1fb;392.14;0.21012622;UNKNOWN
2016-01-17T00:56:53.000000;2016-01-17T00:56:53.000000;92a49761-6ea0-4b27-9eb1-50a9cadb5078;392.59;0.026411;UNKNOWN
2016-01-17T00:56:53.000000;2016-01-17T00:56:53.000000;c43dacf8-2db8-4c7e-b4e0-746969addac0;392.99;6.3185;UNKNOWN
2016-01-17T00:56:53.000000;2016-01-17T00:56:53.000000;c69a73fc-98c1-4ed2-84f8-c9a26f7ef685;393.0;1.0;UNKNOWN
2016-01-17T00:56:53.000000;2016-01-17T00:56:53.000000;75c8340f-70b8-47a1-9f84-b1639b0cda2e;392.49;0.05;UNKNOWN
2016-01-17T00:56:53.000000;2016-01-17T00:56:53.000000;75a56a7c-50c1-4be9-a58c-ea3c9149a479;392.5;0.3;UNKNOWN
2016-01-17T00:56:53.000000;2016-01-17T00:56:53.000000;4ab60e58-5123-45b0-9102-ca760915d157;393.0;2.0;UNKNOWN
2016-01-17T00:56:53.000000;2016-01-17T00:56:53.000000;64746a0d-e578-4bd0-8dfa-2281e7b71bc9;393.14;0.25;UNKNOWN
2016-01-17T00:56:53.000000;2016-01-17T00:56:53.000000;bc502341-2198-4177-9817-8e043f0e98c5;393.0;1.0;UNKNOWN
2016-01-17T00:56:53.000000;2016-01-17T00:56:53.000000;e859210c-d0b0-4147-9e84-cb7992b0f8e3;393.2;0.02;UNKNOWN
2016-01-17T00:56:53.000000;2016-01-17T00:56:53.000000;94c7c85e-1ab0-4d6d-9914-2f9669397744;393.12;0.852066;UNKNOWN
2016-01-17T00:56:53.000000;2016-01-17T00:56:53.000000;da11329c-35f3-4d5d-86f9-5eb2d5752ef0;393.06;0.05;UNKNOWN
2016-01-17T00:56:53.000000;2016-01-17T00:56:53.000000;c07fc912-4c97-4eb5-b949-e24d77edb620;393.0;10.0;UNKNOWN
2016-01-17T00:56:53.000000;2016-01-17T00:56:53.000000;efa3c383-fa02-4e7e-bdae-08f228ff0f86;393.23;0.2;UNKNOWN
2016-01-17T00:56:53.000000;2016-01-17T00:56:53.000000;45fd9843-a0b9-4cbc-96fc-11220ea6e5a3;393.23;0.05;UNKNOWN
2016-01-17T00:56:53.000000;2016-01-17T00:56:53.000000;77faf4f1-cba6-44e3-b650-9e0aea1edbeb;393.23;0.5;UNKNOWN
2016-01-17T00:56:53.000000;2016-01-17T00:56:53.000000;544a9f07-a52a-4ee0-8eab-adc90bb04912;393.3;25.0;UNKNOWN
2016-01-17T00:56:53.000000;2016-01-17T00:56:53.000000;ffa7b984-7a2c-476d-a4a3-d0bf9eca08bb;393.23;0.1;UNKNOWN
2016-01-17T00:56:53.000000;2016-01-17T00:56:53.000000;37636b6f-4d03-4e70-91cc-989dea6dedc8;393.31;46.55339678;UNKNOWN
2016-01-17T00:56:53.000000;2016-01-17T00:56:53.000000;b5f8fd25-608d-4805-938c-aa3c4e2f1b90;393.27;10.0;UNKNOWN
2016-01-17T00:56:56.000000;2016-01-17T00:56:56.000000;e3e99058-7100-498e-a923-77fa69d6f07a;392.03;6.0;UNKNOWN
2016-01-17T00:56:56.000000;2016-01-17T00:56:56.000000;50858374-ce44-476b-bbaf-2592f657c296;392.02;0.797;UNKNOWN
2016-01-17T00:56:56.000000;2016-01-17T00:56:56.000000;d6c05702-5489-42d2-af4a-842bb9318268;392.03;0.5;UNKNOWN
2016-01-17T00:56:56.000000;2016-01-17T00:56:56.000000;e00179e8-f314-46a9-8378-0df1f56aa11e;392.03;0.086;UNKNOWN
2016-01-17T00:56:56.000000;2016-01-17T00:56:56.000000;4068d082-bc1e-49f6-a5b4-b973504f05e4;392.03;3.0;UNKNOWN
2016-01-17T00:57:00.000000;2016-01-17T00:57:00.000000;8afabd63-ba28-419d-bc50-0a618ba31aa4;392.04;3.0;UNKNOWN
2016-01-17T00:57:00.000000;2016-01-17T00:57:00.000000;f6561924-8608-4660-bbee-bb05db3cf698;392.03;0.1;UNKNOWN
2016-01-17T00:57:00.000000;2016-01-17T00:57:00.000000;4001bd11-68e8-494f-b63b-8a5196d6d7aa;392.05;0.5;UNKNOWN
2016-01-17T00:57:00.000000;2016-01-17T00:57:00.000000;845d8ba9-88a6-4a6d-965a-0f2b2db077b9;392.03;4.68;UNKNOWN
2016-01-17T00:57:00.000000;2016-01-17T00:57:00.000000;0b84bfc7-8e57-45b3-944e-d6d1174c15f5;392.36;22.40362351;UNKNOWN
2016-01-17T00:57:00.000000;2016-01-17T00:57:00.000000;9a464a96-3769-4327-b401-baf38f5b9f53;392.03;6.0;UNKNOWN
2016-01-17T00:57:00.000000;2016-01-17T00:57:00.000000;c76b92e4-ad96-49a7-a362-5aa950ad9aca;392.01;2.54;UNKNOWN
2016-01-17T00:57:00.000000;2016-01-17T00:57:00.000000;05c438c8-097f-4bd4-bb71-b3148765f4d1;392.04;6.3564;UNKNOWN
2016-01-17T00:57:00.000000;2016-01-17T00:57:00.000000;eb43ff98-19eb-4ee1-b082-548bd9d896cd;392.03;0.049;UNKNOWN
2016-01-17T00:57:00.000000;2016-01-17T00:57:00.000000;d508573a-4406-4d5c-8a2c-35371bdde55d;392.0;6.99;UNKNOWN
2016-01-17T00:57:02.000000;2016-01-17T00:57:02.000000;fe34e127-57f6-4eb3-86b6-65bf9857370b;392.0;2.55;UNKNOWN
2016-01-17T00:57:02.000000;2016-01-17T00:57:02.000000;27108b24-0e62-474a-a25e-e49e73264d8b;392.0;59.7;UNKNOWN
2016-01-17T00:57:03.000000;2016-01-17T00:57:03.000000;e489ee52-77d4-4f18-bad1-cf76c2490585;391.84;0.035;UNKNOWN
2016-01-17T00:57:07.000000;2016-01-17T00:57:07.000000;a36ee6ee-94ed-4b58-96e5-941665826a57;391.98;1.13430268;UNKNOWN
2016-01-17T00:57:12.000000;2016-01-17T00:57:12.000000;1f58654c-f336-4525-8404-5e479c58367e;392.0;0.1;UNKNOWN
2016-01-17T00:57:13.000000;2016-01-17T00:57:13.000000;74c8dae4-1841-4807-bc44-c933750f05e1;392.0;0.1;UNKNOWN
2016-01-17T00:57:14.000000;2016-01-17T00:57:14.000000;6e6c5cc6-653b-43f4-b98f-11bbe9d79543;392.0;0.1;UNKNOWN
2016-01-17T00:57:14.000000;2016-01-17T00:57:14.000000;fd51d2d8-5ad1-4412-bf21-a42b66b1c02d;392.0;0.1;UNKNOWN
2016-01-17T00:57:17.000000;2016-01-17T00:57:17.000000;f7c444e4-eb4f-4745-9a1f-072f8eee8333;392.0;0.1;UNKNOWN
2016-01-17T00:57:18.000000;2016-01-17T00:57:18.000000;30b3c81f-ff1d-4ead-9354-52ae4b59ff9e;392.0;0.1;UNKNOWN
2016-01-17T00:57:19.000000;2016-01-17T00:57:19.000000;b97ad8d3-ecfa-4254-92fc-6261081acefc;392.0;0.1;UNKNOWN
2016-01-17T00:57:21.000000;2016-01-17T00:57:21.000000;0c1561a3-fbe5-49c1-a3f3-a6c542585cd4;392.0;0.1;UNKNOWN
2016-01-17T00:57:22.000000;2016-01-17T00:57:22.000000;d4a89acd-aafb-4684-8ea5-30d11059976d;392.0;0.2038;UNKNOWN
2016-01-17T00:57:23.000000;2016-01-17T00:57:23.000000;34811349-ec6b-40c2-8131-d943ff54fc0e;392.0;0.1;UNKNOWN
2016-01-17T00:57:25.000000;2016-01-17T00:57:25.000000;63afbeff-b2ec-4d7b-be2c-0c9193790348;392.0;0.1;UNKNOWN
2016-01-17T00:57:28.000000;2016-01-17T00:57:28.000000;eb195a5f-31e4-4754-93b3-43308103298b;392.0;0.1;UNKNOWN
2016-01-17T00:57:30.000000;2016-01-17T00:57:30.000000;bc4df5f8-062b-4766-9bf6-faa3b1b470d8;392.0;0.1;UNKNOWN
2016-01-17T00:57:31.000000;2016-01-17T00:57:31.000000;f126b974-d12c-481a-953b-54c2daa27674;391.99;0.027;UNKNOWN
2016-01-17T00:57:31.000000;2016-01-17T00:57:31.000000;d452aa62-53ee-41f6-a778-8cc50015b3be;391.99;2.55;UNKNOWN
2016-01-17T00:57:31.000000;2016-01-17T00:57:31.000000;f083d5d4-4f48-40e0-978d-98b73565f45e;392.0;0.1;UNKNOWN
2016-01-17T00:57:33.000000;2016-01-17T00:57:33.000000;0a44da49-b7d5-4b6d-b985-f53df5d9eb82;392.0;0.1;UNKNOWN
2016-01-17T00:57:35.000000;2016-01-17T00:57:35.000000;90451b1d-c691-40f3-ac99-dc548352739f;392.0;0.1;UNKNOWN
2016-01-17T00:57:36.000000;2016-01-17T00:57:36.000000;069b624c-4986-45dd-b348-bfa9ce7e67c1;392.0;0.1;UNKNOWN
2016-01-17T00:57:38.000000;2016-01-17T00:57:38.000000;bfeef00d-16f7-4962-ad89-87aa734e04ac;392.0;0.1;UNKNOWN
2016-01-17T00:57:47.000000;2016-01-17T00:57:47.000000;f2344792-7c04-4b1d-b062-c0c8af698cdf;391.99;0.5;UNKNOWN
2016-01-17T00:57:47.000000;2016-01-17T00:57:47.000000;56924013-d0f0-4b22-bf6a-a7ad3027aeaf;391.99;2.05;UNKNOWN
2016-01-17T00:57:47.000000;2016-01-17T00:57:47.000000;8512fc6d-9f63-47ab-b986-35637c7c5b8d;391.99;2.55;UNKNOWN
2016-01-17T00:57:54.000000;2016-01-17T00:57:54.000000;f8c1172f-a58f-4697-99de-690a51772172;391.72;0.1;UNKNOWN
2016-01-17T00:57:54.000000;2016-01-17T00:57:54.000000;b18a9c7a-61b4-4420-9d3f-7f7691751606;391.71;0.1;UNKNOWN
2016-01-17T00:57:54.000000;2016-01-17T00:57:54.000000;87c03178-3d72-44f3-ae3b-e8cf47097b5e;391.71;0.25;UNKNOWN
2016-01-17T00:58:01.000000;2016-01-17T00:58:01.000000;d96fda5b-5002-4324-9bdf-7c90b468626b;391.72;0.025;UNKNOWN
2016-01-17T00:58:17.000000;2016-01-17T00:58:17.000000;12cb0ff3-4d7d-43e3-92e1-6e6293c106a4;391.88;0.67;UNKNOWN
2016-01-17T00:58:21.000000;2016-01-17T00:58:21.000000;0542cd67-4d72-4642-b72c-3ade0766ee43;391.73;2.71487378;UNKNOWN
2016-01-17T00:58:21.000000;2016-01-17T00:58:21.000000;4f467a99-70db-4156-b991-46265580d709;391.74;0.075;UNKNOWN
2016-01-17T00:58:21.000000;2016-01-17T00:58:21.000000;0b9ceed8-3a9c-46d9-9785-e462008a4376;391.74;0.1;UNKNOWN
2016-01-17T00:58:21.000000;2016-01-17T00:58:21.000000;890b9ea7-5fd7-4924-a7b8-e3984dd4d7b0;391.74;0.1;UNKNOWN
2016-01-17T00:58:27.000000;2016-01-17T00:58:27.000000;908d3782-43fe-42d1-99de-2c9d7879cc85;391.73;1.17512622;UNKNOWN
2016-01-17T00:58:33.000000;2016-01-17T00:58:33.000000;86ecfc01-c109-4707-b9c2-2b7c9be53b5c;390.59;0.998;UNKNOWN
2016-01-17T00:58:39.000000;2016-01-17T00:58:39.000000;c7e1ccc5-6cfe-4537-8a72-d773b2d08c08;390.94;0.217;UNKNOWN
2016-01-17T00:58:54.000000;2016-01-17T00:58:54.000000;b117615d-c7d2-4083-905c-6dca731bb05c;390.59;0.1;UNKNOWN
2016-01-17T00:58:54.000000;2016-01-17T00:58:54.000000;83300297-8e8a-436e-87fc-93e2a608a9c1;390.56;0.05;UNKNOWN
2016-01-17T00:58:54.000000;2016-01-17T00:58:54.000000;041f4a20-b8e2-4017-8783-4015472048f9;390.53;0.025;UNKNOWN
2016-01-17T00:58:54.000000;2016-01-17T00:58:54.000000;09a60375-b381-4c6a-8524-2eaa58013c81;390.59;0.1;UNKNOWN
2016-01-17T00:58:55.000000;2016-01-17T00:58:55.000000;8e1cff9e-e621-4603-a3d9-36dc245da0b1;390.41;2.78987378;UNKNOWN
2016-01-17T00:58:56.000000;2016-01-17T00:58:56.000000;a9f0edb7-121b-4ec7-b49b-6d421d33edf4;390.49;2.56;UNKNOWN
2016-01-17T00:59:07.000000;2016-01-17T00:59:07.000000;7064e053-23fd-48d8-8ea0-148465b59e76;390.48;0.08;UNKNOWN
2016-01-17T00:59:07.000000;2016-01-17T00:59:07.000000;6bf99ad3-a582-4700-bb70-71a6d4388c83;390.48;0.1;UNKNOWN
2016-01-17T00:59:07.000000;2016-01-17T00:59:07.000000;7ca8e170-3f74-48a2-a6fd-2f20640c60fa;390.49;2.38;UNKNOWN
2016-01-17T00:59:09.000000;2016-01-17T00:59:09.000000;d6d5e459-3461-4003-9fb1-2f0a33e3f7b0;390.49;2.0;UNKNOWN
2016-01-17T00:59:18.000000;2016-01-17T00:59:18.000000;04aef353-c9a9-44ac-9f08-f19c769ec3f8;390.49;2.0;UNKNOWN
2016-01-17T00:59:27.000000;2016-01-17T00:59:27.000000;99488386-fa4b-4ce8-9c23-4dff85771197;390.49;1.002;UNKNOWN
2016-01-17T00:59:28.000000;2016-01-17T00:59:28.000000;0b2267a1-7598-4d32-b459-8b4b04b5c249;390.49;0.02;UNKNOWN
2016-01-17T00:59:34.000000;2016-01-17T00:59:34.000000;6f33385b-3176-422a-beb5-2ee10a48e952;390.49;0.02;UNKNOWN
2016-01-17T00:59:35.000000;2016-01-17T00:59:35.000000;6e5dfaff-b321-40ae-8fc5-6dbda7d3eff1;391.94;2.56;UNKNOWN
2016-01-17T00:59:35.000000;2016-01-17T00:59:35.000000;63762428-f845-4847-a842-ffc8480951b0;391.3;18.0;UNKNOWN
2016-01-17T00:59:35.000000;2016-01-17T00:59:35.000000;ee6ff9e8-505a-49d0-a324-81686c6e6e68;391.99;2.56;UNKNOWN
2016-01-17T00:59:35.000000;2016-01-17T00:59:35.000000;ed6a5df3-aede-4699-874b-98c9bd4f4f0e;391.35;0.10876794;UNKNOWN
2016-01-17T00:59:35.000000;2016-01-17T00:59:35.000000;5601a097-b231-4632-93c2-3149a0ab3c9e;391.29;31.9758;UNKNOWN
2016-01-17T00:59:35.000000;2016-01-17T00:59:35.000000;7db0973e-a3bc-4ec2-8f24-59f2cbd849ce;392.0;19.94243206;UNKNOWN
2016-01-17T00:59:35.000000;2016-01-17T00:59:35.000000;6018925b-bc92-4f1c-8bba-3d331a363de0;390.49;3.128;UNKNOWN
2016-01-17T00:59:35.000000;2016-01-17T00:59:35.000000;898e279c-04d7-4ed5-a0dc-3b7113ad2718;391.29;12.0;UNKNOWN
2016-01-17T00:59:35.000000;2016-01-17T00:59:35.000000;682d1163-0f88-4bb8-ad0d-cb18e9b0f089;390.5;4.725;UNKNOWN
2016-01-17T00:59:35.000000;2016-01-17T00:59:35.000000;4d45a124-5141-40aa-bc88-cdefb06fb4c3;391.9;5.0;UNKNOWN
2016-01-17T00:59:36.000000;2016-01-17T00:59:36.000000;7b043be0-ac30-4e00-b84a-2797a87714ce;390.41;0.3;UNKNOWN
2016-01-17T00:59:36.000000;2016-01-17T00:59:36.000000;64a1d8f7-d8be-4ebf-b34a-c9b19cbd48d2;390.41;0.1;UNKNOWN
2016-01-17T00:59:36.000000;2016-01-17T00:59:36.000000;bda51939-697a-4d12-a880-4b8a4aaa359f;390.41;0.1;UNKNOWN
2016-01-17T00:59:37.000000;2016-01-17T00:59:37.000000;73a392fc-a9d2-4c4e-97f4-360e42102e19;390.41;0.1;UNKNOWN
2016-01-17T00:59:37.000000;2016-01-17T00:59:37.000000;4df26ac0-4a1f-41a8-a45d-b053713eb03a;390.4;0.11759201;UNKNOWN
2016-01-17T00:59:37.000000;2016-01-17T00:59:37.000000;7cfeb758-56d9-48e8-a8b5-1932caded2dc;390.41;2.26;UNKNOWN
2016-01-17T00:59:37.000000;2016-01-17T00:59:37.000000;c0e9746e-bc53-4c47-9592-0e5e311ed4ad;390.41;2.56;UNKNOWN
2016-01-17T01:00:06.000000;2016-01-17T01:00:06.000000;e6082768-60ee-4154-8051-4764977ee613;391.72;0.01510332;UNKNOWN
2016-01-17T01:00:23.000000;2016-01-17T01:00:23.000000;1bec325d-0d17-4a81-972a-916b64f0bce0;391.63;0.824;UNKNOWN
2016-01-17T01:00:52.000000;2016-01-17T01:00:52.000000;833d8c7f-8c1e-44a1-b466-4a8f9af49f13;390.7;0.42;UNKNOWN
2016-01-17T01:00:52.000000;2016-01-17T01:00:52.000000;00be83dc-c90e-4d3a-919d-11d9d148aea1;390.7;0.08;UNKNOWN
2016-01-17T01:00:56.000000;2016-01-17T01:00:56.000000;ecf07d47-7cdc-4045-8576-a6a1753ab075;390.71;0.14826629;UNKNOWN
2016-01-17T01:01:06.000000;2016-01-17T01:01:06.000000;cc26bfd5-054b-4097-ab67-fdd9b6e15448;390.76;0.022;UNKNOWN
2016-01-17T01:01:13.000000;2016-01-17T01:01:13.000000;9e0459e0-81fe-459c-8545-8a8551bfedcc;390.99;0.5;UNKNOWN
2016-01-17T01:01:34.000000;2016-01-17T01:01:34.000000;37c73e58-e162-4237-8982-e98e84c5ccf3;390.99;0.176;UNKNOWN
2016-01-17T01:01:34.000000;2016-01-17T01:01:34.000000;ae38f808-1897-44dd-b02a-76beace00d6e;390.98;0.1;UNKNOWN
2016-01-17T01:02:44.000000;2016-01-17T01:02:44.000000;5b2f169b-96b7-445b-99fd-eac52b94cb2c;390.98;0.1;UNKNOWN
2016-01-17T01:02:56.000000;2016-01-17T01:02:56.000000;334adafd-ca8d-47f4-a268-22550c6ed1f4;390.97;0.1;UNKNOWN
2016-01-17T01:03:14.000000;2016-01-17T01:03:14.000000;9722971f-3b85-4a3d-ab3e-db9b158a4a02;390.98;0.2491;UNKNOWN
2016-01-17T01:03:14.000000;2016-01-17T01:03:14.000000;53082570-0b85-48dd-b84e-eb151a94305b;391.0;10.0;UNKNOWN
2016-01-17T01:03:17.000000;2016-01-17T01:03:17.000000;2a5ba61e-3b8d-4416-9a71-4b881913a086;391.01;1.0;UNKNOWN
2016-01-17T01:04:51.000000;2016-01-17T01:04:51.000000;cb90dae9-6911-42b1-8cae-cf0437d5af6d;391.04;10.0;UNKNOWN
2016-01-17T01:04:51.000000;2016-01-17T01:04:51.000000;b578881b-f269-46cd-ad7e-887bcf0d778f;391.03;6.3308;UNKNOWN
2016-01-17T01:04:51.000000;2016-01-17T01:04:51.000000;32012c7a-8394-4318-adaf-66ea43c136b2;391.0;0.1392;UNKNOWN
2016-01-17T01:04:51.000000;2016-01-17T01:04:51.000000;89fd994f-7372-4721-b1a5-a09a8ebb8da3;391.01;3.53;UNKNOWN
2016-01-17T01:05:14.000000;2016-01-17T01:05:14.000000;ea361b80-ccd9-4ddf-9a3a-13d8dea57067;391.01;0.25344652;UNKNOWN
2016-01-17T01:05:48.000000;2016-01-17T01:05:48.000000;277aeae6-805a-413a-ab0f-d1d70d553670;391.01;1.59;UNKNOWN
2016-01-17T01:05:50.000000;2016-01-17T01:05:50.000000;078ed47d-8291-4178-8f42-ab06a78e0a21;391.01;1.65;UNKNOWN
2016-01-17T01:05:54.000000;2016-01-17T01:05:54.000000;9baf5228-e1ac-4c6d-b27a-1e459626d013;391.0;1.0;UNKNOWN
2016-01-17T01:05:55.000000;2016-01-17T01:05:55.000000;96f5c7b0-d8f9-4095-b2d1-bcca2c62df73;391.0;13.9363;UNKNOWN
2016-01-17T01:05:55.000000;2016-01-17T01:05:55.000000;0602b1d7-34f8-4029-acbe-fa3b5aa07026;391.0;2.859;UNKNOWN
2016-01-17T01:05:55.000000;2016-01-17T01:05:55.000000;c1b95e6b-e3cb-4d13-805c-df6878961c43;391.0;0.1;UNKNOWN
2016-01-17T01:05:55.000000;2016-01-17T01:05:55.000000;d99efede-2b70-43de-b450-db73279c26ad;391.0;13.69128459;UNKNOWN
2016-01-17T01:05:56.000000;2016-01-17T01:05:56.000000;e8cbcb24-8b97-417d-9415-35e54142e8ce;391.0;1.5;UNKNOWN
2016-01-17T01:05:57.000000;2016-01-17T01:05:57.000000;fc4176e9-3315-4887-a4da-2e27aed234bb;391.0;0.74;UNKNOWN
2016-01-17T01:05:59.000000;2016-01-17T01:05:59.000000;6029abce-fed0-48a2-a87f-bc15ebbc67c0;391.0;3.7;UNKNOWN
2016-01-17T01:05:59.000000;2016-01-17T01:05:59.000000;62133c6f-5756-4f3a-b8f1-5b805d871504;391.0;0.1;UNKNOWN
2016-01-17T01:06:00.000000;2016-01-17T01:06:00.000000;b68eac12-777f-40ae-b734-2a81d3dabbd2;391.0;0.1;UNKNOWN
2016-01-17T01:06:04.000000;2016-01-17T01:06:04.000000;5ab7a006-1594-4633-b298-2772068ca280;391.0;0.1;UNKNOWN
2016-01-17T01:06:06.000000;2016-01-17T01:06:06.000000;a91d7d70-a4e6-4745-908a-6d786d5ab390;391.0;0.1;UNKNOWN
2016-01-17T01:06:09.000000;2016-01-17T01:06:09.000000;e15bd64d-74f6-44a9-8a0e-7d56e7b6656e;391.0;21.2052;UNKNOWN
2016-01-17T01:06:11.000000;2016-01-17T01:06:11.000000;4bb2e515-2002-47ac-b549-3d2621804f2a;391.0;0.1;UNKNOWN
2016-01-17T01:06:12.000000;2016-01-17T01:06:12.000000;083ea583-c171-405a-bbdc-2f80e168bc78;391.0;0.1;UNKNOWN
2016-01-17T01:06:13.000000;2016-01-17T01:06:13.000000;70027cca-1af6-418b-a748-e0eb270566c6;391.01;1.21;UNKNOWN
2016-01-17T01:06:13.000000;2016-01-17T01:06:13.000000;a7f2e209-c26b-4296-b64b-ad33ceb8334b;391.01;1.1;UNKNOWN
2016-01-17T01:06:14.000000;2016-01-17T01:06:14.000000;50f99256-07d2-4f63-9eb5-d759e3baf0e4;391.0;0.1;UNKNOWN
2016-01-17T01:06:17.000000;2016-01-17T01:06:17.000000;7a882543-db6e-49b6-888f-e24bd77f8948;391.0;0.1;UNKNOWN
2016-01-17T01:06:19.000000;2016-01-17T01:06:19.000000;44c93014-edb6-4b6b-b18c-dea07b9a9020;391.0;0.07;UNKNOWN
2016-01-17T01:06:32.000000;2016-01-17T01:06:32.000000;b8fbfb6a-de03-4184-a40d-6b44af9dadb2;391.0;32.29351541;UNKNOWN
2016-01-17T01:06:32.000000;2016-01-17T01:06:32.000000;f554a06f-ea98-4952-851e-8fc1cc962159;390.98;7.67088459;UNKNOWN
2016-01-17T01:06:43.000000;2016-01-17T01:06:43.000000;01ef19a3-e71b-4e76-b6c0-9230ed681fa3;390.98;0.7;UNKNOWN
2016-01-17T01:06:47.000000;2016-01-17T01:06:47.000000;767c4cc3-5913-4955-b097-6beffab0e701;390.98;0.03;UNKNOWN
2016-01-17T01:06:55.000000;2016-01-17T01:06:55.000000;dfa1d426-d23f-4c8c-8fac-0cc3f8d0bd16;390.98;9.55431541;UNKNOWN
2016-01-17T01:06:55.000000;2016-01-17T01:06:55.000000;3a0d8d92-7ead-4ce3-ad90-70e01fdb6faf;390.98;8.459e-05;UNKNOWN
2016-01-17T01:06:58.000000;2016-01-17T01:06:58.000000;6f5d5e9d-7c5d-498c-8357-ec9452d2620c;389.83;12.0;UNKNOWN
2016-01-17T01:06:58.000000;2016-01-17T01:06:58.000000;b5709acc-29d5-4f36-80d9-ab356a281761;389.8;10.0;UNKNOWN
2016-01-17T01:06:58.000000;2016-01-17T01:06:58.000000;7055f355-7617-413f-816b-22a33a425b23;390.98;3.24991541;UNKNOWN
2016-01-17T01:06:58.000000;2016-01-17T01:06:58.000000;624914de-041d-4822-a075-dc113e241da1;390.17;0.05;UNKNOWN
2016-01-17T01:06:58.000000;2016-01-17T01:06:58.000000;459a1e2e-7cf2-4c85-96fb-1b753ec31433;389.82;18.0;UNKNOWN
2016-01-17T01:06:59.000000;2016-01-17T01:06:59.000000;46d4cc90-f173-41e8-b812-1174672cc8d5;389.8;13.68;UNKNOWN
2016-01-17T01:06:59.000000;2016-01-17T01:06:59.000000;40350f81-fcca-49e4-adb9-0dabab4e9cde;389.8;1.76;UNKNOWN
2016-01-17T01:07:00.000000;2016-01-17T01:07:00.000000;29ad2f80-499d-402f-a00f-552e9bc34f53;389.7;0.44;UNKNOWN
2016-01-17T01:07:00.000000;2016-01-17T01:07:00.000000;a93f501d-db15-485b-b117-4efed9c16c44;389.73;2.56;UNKNOWN
2016-01-17T01:07:03.000000;2016-01-17T01:07:03.000000;abb41800-96f1-4f0a-b294-9a11002c0b67;389.79;0.02322118;UNKNOWN
2016-01-17T01:07:09.000000;2016-01-17T01:07:09.000000;55c0f9e1-057c-4156-b125-867247f187a3;389.78;0.28201636;UNKNOWN
2016-01-17T01:07:16.000000;2016-01-17T01:07:16.000000;9a2d29de-f918-4c07-b02c-1d342b586b3f;389.7;9.56;UNKNOWN
2016-01-17T01:07:16.000000;2016-01-17T01:07:16.000000;9156a0ac-b570-494d-94be-f5b9e1b99791;389.75;0.1;UNKNOWN
2016-01-17T01:07:16.000000;2016-01-17T01:07:16.000000;d819b934-5b0b-4b00-a301-7d30faecd1c5;389.74;2.56;UNKNOWN
2016-01-17T01:07:16.000000;2016-01-17T01:07:16.000000;28339b07-3d1d-4a8f-be6c-4f831b21bf36;389.71;0.73;UNKNOWN
2016-01-17T01:07:16.000000;2016-01-17T01:07:16.000000;ee56572e-7544-4496-abb1-decab07dac95;389.71;0.37;UNKNOWN
2016-01-17T01:07:19.000000;2016-01-17T01:07:19.000000;7dfd8f95-7772-41af-8c7c-e2d0863dc668;389.76;0.011054;UNKNOWN
2016-01-17T01:07:28.000000;2016-01-17T01:07:28.000000;b48b440a-7532-4a3d-b13a-5311beb09edf;389.73;0.1;UNKNOWN
2016-01-17T01:07:28.000000;2016-01-17T01:07:28.000000;a6a11386-7c85-4df2-ab2d-6549b92269bf;389.74;1.4;UNKNOWN
2016-01-17T01:07:28.000000;2016-01-17T01:07:28.000000;4c8eb468-4aa3-404e-8e41-fec4870b0007;389.73;0.5;UNKNOWN
2016-01-17T01:07:29.000000;2016-01-17T01:07:29.000000;2979b2e7-2ffd-46df-b80b-cd8a14cdb009;389.74;0.02;UNKNOWN
2016-01-17T01:07:33.000000;2016-01-17T01:07:33.000000;5becc485-07c4-4af9-ad24-515ed88489c0;389.67;0.025;UNKNOWN
2016-01-17T01:07:34.000000;2016-01-17T01:07:34.000000;5c859eee-4e99-46a9-bf63-2ef19204cbfb;389.57;2.57;UNKNOWN
2016-01-17T01:07:34.000000;2016-01-17T01:07:34.000000;c997cc2f-b2dc-4d77-87a3-e13eba30a161;389.5;10.0;UNKNOWN
2016-01-17T01:07:34.000000;2016-01-17T01:07:34.000000;5545dae5-eae1-4b77-bc9a-d601acba8b34;389.54;0.01;UNKNOWN
2016-01-17T01:07:34.000000;2016-01-17T01:07:34.000000;0b61badc-facd-427b-8866-66badf74f692;389.65;3.31;UNKNOWN
2016-01-17T01:07:34.000000;2016-01-17T01:07:34.000000;26b88cb8-aa1a-4d37-b322-2a3f4b5d2e19;389.65;2.4;UNKNOWN
2016-01-17T01:07:34.000000;2016-01-17T01:07:34.000000;1ba6b3fc-5d33-458b-b233-74851066471f;389.67;0.345;UNKNOWN
2016-01-17T01:07:37.000000;2016-01-17T01:07:37.000000;9a020b82-9d77-4d43-9ac1-c756033d58db;389.5;0.025;UNKNOWN
2016-01-17T01:07:38.000000;2016-01-17T01:07:38.000000;580d1fa5-5c48-4d53-a387-caa0d5f96595;389.74;0.011048;UNKNOWN
2016-01-17T01:07:49.000000;2016-01-17T01:07:49.000000;3a0c69a6-b0fb-4cab-b4e5-50c9d552b170;389.63;0.1;UNKNOWN
2016-01-17T01:07:49.000000;2016-01-17T01:07:49.000000;c6fcfedb-ac5c-419e-9707-f8ee45bf063f;389.64;0.1;UNKNOWN
2016-01-17T01:07:55.000000;2016-01-17T01:07:55.000000;79881183-8a1f-44e6-8b88-5f17482a1e5b;389.74;0.5;UNKNOWN
2016-01-17T01:07:55.000000;2016-01-17T01:07:55.000000;fa27b919-8208-4c5c-9217-f43ef78ed49b;389.74;0.44;UNKNOWN
2016-01-17T01:07:56.000000;2016-01-17T01:07:56.000000;2e385f28-c4be-461a-97dd-c78a7eba813e;389.74;0.02218881;UNKNOWN
2016-01-17T01:08:03.000000;2016-01-17T01:08:03.000000;3ec2215d-14d2-492a-b6c7-62ce481d022d;389.75;0.02;UNKNOWN
2016-01-17T01:08:11.000000;2016-01-17T01:08:11.000000;c7891b1a-8c76-44f1-b61d-4a9957dfa970;389.8;5.8;UNKNOWN
2016-01-17T01:08:24.000000;2016-01-17T01:08:24.000000;38b827d3-a404-48b6-baa5-edbd043867ec;389.79;0.1;UNKNOWN
2016-01-17T01:08:27.000000;2016-01-17T01:08:27.000000;0ec1947d-44dc-4d09-9ecf-9a46dd932915;389.79;0.01;UNKNOWN
2016-01-17T01:08:42.000000;2016-01-17T01:08:42.000000;b3e0b1db-5c7f-4bae-b899-fa7e71ddd8ae;389.79;13.39;UNKNOWN
2016-01-17T01:08:56.000000;2016-01-17T01:08:56.000000;0b08f586-8257-4210-9e75-6785d51ae2d3;389.8;28.0;UNKNOWN
2016-01-17T01:09:14.000000;2016-01-17T01:09:14.000000;f0c62b69-fbe0-464d-af6d-fb5fbcbdd9f7;389.78;0.41902216;UNKNOWN
2016-01-17T01:09:14.000000;2016-01-17T01:09:14.000000;0301e0f6-f0fb-4b3a-807a-e038f7fb0f24;389.79;0.1;UNKNOWN
2016-01-17T01:11:19.000000;2016-01-17T01:11:19.000000;7ab9073c-ea79-495f-8496-b9509dbb44ff;390.45;0.37;UNKNOWN
2016-01-17T01:11:19.000000;2016-01-17T01:11:19.000000;92fa70d7-66f7-43c3-9077-f596e260e251;390.48;0.531;UNKNOWN
2016-01-17T01:11:19.000000;2016-01-17T01:11:19.000000;06ca43bd-6614-45d6-8dcc-57a05b9fdfdd;390.47;0.37;UNKNOWN
2016-01-17T01:11:30.000000;2016-01-17T01:11:30.000000;93262c09-7a69-4293-9bbc-8ade28a32c21;390.44;0.164;UNKNOWN
2016-01-17T01:11:35.000000;2016-01-17T01:11:35.000000;c19a1652-68e2-41b2-b050-0dbab5620608;390.22;0.025;UNKNOWN
2016-01-17T01:11:43.000000;2016-01-17T01:11:43.000000;2fea7c89-978d-4c30-b394-b6da75106855;390.22;0.37;UNKNOWN
2016-01-17T01:11:43.000000;2016-01-17T01:11:43.000000;686107f7-1020-43e6-9f41-a91aa0eeefec;390.08;0.07;UNKNOWN
2016-01-17T01:11:43.000000;2016-01-17T01:11:43.000000;d49d2fc8-1475-4b39-835e-9cd57b53635c;390.01;0.56;UNKNOWN
2016-01-17T01:11:53.000000;2016-01-17T01:11:53.000000;4af354bd-ef96-4835-9a8a-09ae7a19af7b;390.38;0.1;UNKNOWN
2016-01-17T01:13:02.000000;2016-01-17T01:13:02.000000;c50953ee-d5f8-4d8e-a7ad-d62cae825c68;390.56;0.215;UNKNOWN
2016-01-17T01:13:27.000000;2016-01-17T01:13:27.000000;babd5ee0-5cdb-4b83-b162-1b36caad5b58;390.03;0.12986682;UNKNOWN
2016-01-17T01:13:42.000000;2016-01-17T01:13:42.000000;6886763c-6377-4aac-b831-3b4e3acd67dc;390.46;0.5;UNKNOWN
2016-01-17T01:13:42.000000;2016-01-17T01:13:42.000000;9542ef77-3897-4fc2-aabd-a9627f1014dc;390.46;0.5;UNKNOWN
2016-01-17T01:13:47.000000;2016-01-17T01:13:47.000000;aec60b59-c520-4bb0-bf85-94d1db9eedb1;390.44;0.513;UNKNOWN
2016-01-17T01:14:32.000000;2016-01-17T01:14:32.000000;a012f2da-bfdc-4470-a705-fbea7e49b4e1;390.92;0.5;UNKNOWN
2016-01-17T01:14:32.000000;2016-01-17T01:14:32.000000;d57deea0-8d76-4eca-ac72-39c7c3b6dff6;390.92;0.5;UNKNOWN
2016-01-17T01:14:32.000000;2016-01-17T01:14:32.000000;be5704ea-11f9-4d71-ad57-1cf02541c281;390.54;0.37;UNKNOWN
2016-01-17T01:14:32.000000;2016-01-17T01:14:32.000000;41f92eb8-6ec5-4fb6-87dd-88146acba4fc;390.54;0.13;UNKNOWN
2016-01-17T01:17:05.000000;2016-01-17T01:17:05.000000;be467824-d500-4234-a896-3a07118a614a;391.06;2.26856823;UNKNOWN
2016-01-17T01:17:58.000000;2016-01-17T01:17:58.000000;0403ae3f-3d25-47ec-b7fc-e5d8c3f3630b;391.0;0.917;UNKNOWN
2016-01-17T01:19:09.000000;2016-01-17T01:19:09.000000;32037f70-295d-4d08-8a68-6fc2a7ae7ff2;391.04;0.5;UNKNOWN
2016-01-17T01:19:09.000000;2016-01-17T01:19:09.000000;fc36c8a4-0148-442c-897f-0e3d0c953f4a;391.05;0.35309475;UNKNOWN
2016-01-17T01:19:16.000000;2016-01-17T01:19:16.000000;3dd82509-33c7-4772-a794-c530aa421cd6;391.06;1.81209475;UNKNOWN
2016-01-17T01:19:16.000000;2016-01-17T01:19:16.000000;e249c115-ef9d-4cc0-ba69-41e19706b2f5;391.05;0.22690525;UNKNOWN
2016-01-17T01:19:16.000000;2016-01-17T01:19:16.000000;6f7b9873-d868-40cd-9439-7be50ca7d4a2;391.04;0.5;UNKNOWN
2016-01-17T01:19:43.000000;2016-01-17T01:19:43.000000;5b4cb798-ce44-4d25-afb0-a619566a76df;391.0;50.083;UNKNOWN
2016-01-17T01:19:43.000000;2016-01-17T01:19:43.000000;db6b7481-eb34-4523-87e7-ead04680beb6;391.01;5.05;UNKNOWN
2016-01-17T01:19:43.000000;2016-01-17T01:19:43.000000;8ac6393c-bc98-43bd-997a-c305d42074e0;391.01;6.3915;UNKNOWN
2016-01-17T01:20:25.000000;2016-01-17T01:20:25.000000;2ee021c1-fba3-4d3e-81b2-9b2ac83ae9ad;390.99;0.387;UNKNOWN
