time_exchange;time_coinpai;guid;price;base_amount;taker_side
2016-01-17T00:00:06.887000;2016-01-17T00:00:06.907000;3a4cb295-dd72-4bb2-bfb0-95e9a1ee6a52;388.7;0.3852;BUY
2016-01-17T00:00:06.890000;2016-01-17T00:00:06.920000;6eb604d2-301b-41ac-b6e1-353929f98707;388.7;0.162;BUY
2016-01-17T00:00:06.890000;2016-01-17T00:00:06.920000;509ac917-99b2-433a-b5cd-45d131d43e19;388.7;0.3;BUY
2016-01-17T00:00:06.890000;2016-01-17T00:00:06.920000;7d94ee44-8511-46d7-86df-68044c61df0a;388.72;0.2;BUY
2016-01-17T00:00:06.890000;2016-01-17T00:00:06.920000;c7d16743-7e66-449b-894f-362c72398216;388.75;0.267;BUY
2016-01-17T00:00:06.890000;2016-01-17T00:00:06.937000;5cc85b65-d11c-478e-93c0-d5daab7353a3;388.78;0.51;BUY
2016-01-17T00:00:06.890000;2016-01-17T00:00:06.937000;91722832-ed18-4039-a279-d98a56bf0d6b;388.79;6.42579;BUY
2016-01-17T00:00:06.890000;2016-01-17T00:00:06.953000;7eab848c-033a-459a-b645-3085b72c5fdd;388.8;0.257;BUY
2016-01-17T00:00:06.890000;2016-01-17T00:00:06.953000;0c205977-eed6-4e51-a9b8-06c97c0c2ccb;388.85;0.208;BUY
2016-01-17T00:00:06.890000;2016-01-17T00:00:06.953000;e4d248c4-89c8-4481-8c24-635a7cecbc69;388.89;0.01;BUY
2016-01-17T00:00:06.890000;2016-01-17T00:00:06.953000;8d61d473-734e-40e3-bd9b-001d49383139;388.9;0.01;BUY
2016-01-17T00:00:06.890000;2016-01-17T00:00:06.953000;b4c5b237-b55c-41ac-a081-aeb7dc3e71c5;388.9;0.221;BUY
2016-01-17T00:00:06.890000;2016-01-17T00:00:06.953000;777124cf-81be-4ce5-ace2-a3817409bd64;388.91;0.01;BUY
2016-01-17T00:00:06.890000;2016-01-17T00:00:06.953000;7068a24b-dc6c-4a7d-8bb6-0f19a491e719;388.92;0.01;BUY
2016-01-17T00:00:06.890000;2016-01-17T00:00:06.953000;26fc40ce-f682-45b1-90f6-73d78c68a9f9;388.92;0.0326;BUY
2016-01-17T00:00:06.890000;2016-01-17T00:00:06.983000;711a368e-7e7b-43f9-a35d-c90c0802b255;388.92;2.89621;BUY
2016-01-17T00:00:08.433000;2016-01-17T00:00:08.453000;39c6bad0-2a6a-4f5e-b3c2-f22687f22628;388.87;0.01;SELL
2016-01-17T00:00:08.433000;2016-01-17T00:00:08.470000;da226bec-2150-4a3d-bc81-b051c04f9cba;388.87;0.65;SELL
2016-01-17T00:00:08.433000;2016-01-17T00:00:08.470000;8fa1d9d5-b344-4680-a185-0cc63628c555;388.72;2.7;SELL
2016-01-17T00:00:08.433000;2016-01-17T00:00:08.470000;4ef2e9e2-5af6-4636-a133-0990fb2950c7;388.71;0.01;SELL
2016-01-17T00:00:08.433000;2016-01-17T00:00:08.470000;e0121940-fc93-4168-a10b-604c89b9d5b3;388.71;6.40215;SELL
2016-01-17T00:00:08.433000;2016-01-17T00:00:08.483000;0de8e463-4d15-47ea-808a-4cb798b3499f;388.7;0.01;SELL
2016-01-17T00:00:08.473000;2016-01-17T00:00:08.517000;430ee557-c418-420f-9574-6a9621e1be6f;388.7;0.31;BUY
2016-01-17T00:00:23.827000;2016-01-17T00:00:23.843000;611fb182-59c3-4ddc-968a-3d8b0116150e;388.69;0.19;SELL
2016-01-17T00:00:23.827000;2016-01-17T00:00:23.843000;7c281027-81a9-4da7-ab6a-f97cfef45493;388.69;0.059999;SELL
2016-01-17T00:00:28.650000;2016-01-17T00:00:28.657000;48c1128d-1446-478e-b40b-abaf103d3af0;388.69;0.249999;SELL
2016-01-17T00:00:30.440000;2016-01-17T00:00:30.470000;2b0bb47a-068f-4023-a849-a1f6c936143f;388.69;0.249999;SELL
2016-01-17T00:00:33.723000;2016-01-17T00:00:33.733000;0e70b039-e65a-43ac-8214-be79b4ff0e10;388.69;0.249999;SELL
2016-01-17T00:00:35.777000;2016-01-17T00:00:35.780000;737953d8-2547-4555-9bda-4b4f7fbb3a4d;388.69;0.249999;SELL
2016-01-17T00:00:36.720000;2016-01-17T00:00:36.733000;df07f3b4-8604-450d-b4fd-7376796d15b7;388.7;0.8942;BUY
2016-01-17T00:00:38.013000;2016-01-17T00:00:38.030000;45fde7e8-e98b-425c-b38b-e34ef18d5a13;388.69;0.124005;SELL
2016-01-17T00:00:41.630000;2016-01-17T00:00:41.640000;e45c1c70-8626-43e8-bd3a-6d04a9786311;388.68;9.821;SELL
2016-01-17T00:00:43.770000;2016-01-17T00:00:43.780000;495f58ce-84f7-4104-9471-4b4b7bef5aa4;388.69;0.125994;BUY
2016-01-17T00:00:43.770000;2016-01-17T00:00:43.797000;e634819a-9fad-42b2-a14a-f85e56617e2e;388.69;1.564006;BUY
2016-01-17T00:00:43.943000;2016-01-17T00:00:43.970000;34cbb517-5da4-4efa-8e4e-462c11bff851;388.68;1.679;SELL
2016-01-17T00:00:45.687000;2016-01-17T00:00:45.703000;5a336f1c-5d62-494d-9586-80a5b2b879c3;388.56;0.01;SELL
2016-01-17T00:00:46.467000;2016-01-17T00:00:46.470000;38720058-6477-4d58-b3f4-f4b162ba7b57;388.55;0.01;SELL
2016-01-17T00:00:46.467000;2016-01-17T00:00:46.483000;875a95cf-01a9-4cd7-84e4-e59798104399;388.54;0.01;SELL
2016-01-17T00:00:46.467000;2016-01-17T00:00:46.483000;94ddafb7-dc3c-46ed-b138-7c6ee4b91201;388.53;0.01;SELL
2016-01-17T00:00:46.467000;2016-01-17T00:00:46.483000;894541f2-0a1f-46f4-968d-df8fd0e758ee;388.52;0.01;SELL
2016-01-17T00:00:46.467000;2016-01-17T00:00:46.500000;bc17370c-8e46-48f3-90a3-f2d3191b3794;388.5;6.37319;SELL
2016-01-17T00:00:46.467000;2016-01-17T00:00:46.500000;6a1703b4-c6e6-4c3b-ab17-1ebdd04ee4d9;388.5;1.7;SELL
2016-01-17T00:00:50.223000;2016-01-17T00:00:50.233000;aec98539-a715-4bb3-ad70-5493d8a7047c;388.31;0.01;SELL
2016-01-17T00:00:52.830000;2016-01-17T00:00:52.843000;1aa9a26b-95d1-4da2-97c0-d670e2f51326;388.3;0.05;SELL
2016-01-17T00:00:57.187000;2016-01-17T00:00:57.203000;3191a947-036e-4a1f-9e6e-1926c797949a;388.18;0.01;SELL
2016-01-17T00:00:57.187000;2016-01-17T00:00:57.203000;bed25684-6b04-48b6-85e4-12f15fd3249b;388.17;0.01;SELL
2016-01-17T00:01:02.790000;2016-01-17T00:01:02.813000;9fa62608-ba4f-4b02-a23a-9d61922d8d34;388.14;0.01;SELL
2016-01-17T00:01:02.790000;2016-01-17T00:01:02.813000;7e4e3459-253b-4271-b2ed-32afd18ea074;388.13;0.01;SELL
2016-01-17T00:01:02.790000;2016-01-17T00:01:02.813000;cd6d83c4-c6b0-4b34-8f7a-62d5f7f40a5f;388.12;0.01;SELL
2016-01-17T00:01:02.790000;2016-01-17T00:01:02.813000;8448d9d2-2605-43e9-8ec2-e1312eca7d7f;388.11;0.01;SELL
2016-01-17T00:01:03.103000;2016-01-17T00:01:03.123000;21481fe3-9c93-4894-b553-bf8f4f718a7c;388.03;0.01;SELL
2016-01-17T00:01:03.103000;2016-01-17T00:01:03.123000;f044a29e-5b4a-40a9-8aa0-0309f56de51d;388.02;0.01;SELL
2016-01-17T00:01:03.103000;2016-01-17T00:01:03.123000;09cb50c1-d09c-46d6-b221-dbbe655efc3a;388.01;0.01;SELL
2016-01-17T00:01:03.103000;2016-01-17T00:01:03.123000;417f8dc6-02f0-4c44-b47d-fff18a95216b;388.0;0.219999;SELL
2016-01-17T00:01:05.653000;2016-01-17T00:01:05.670000;01714d9e-9127-4b4e-b6fa-58adca6357bc;388.0;0.249999;SELL
2016-01-17T00:01:07.707000;2016-01-17T00:01:07.720000;f362dc83-994b-416a-b5cb-6bd880716ab2;388.0;0.249999;SELL
2016-01-17T00:01:24.817000;2016-01-17T00:01:24.827000;755e6873-7d0b-43de-a844-8befde0a6042;388.0;0.07;SELL
2016-01-17T00:01:37.063000;2016-01-17T00:01:37.077000;62f32a2f-f42a-4944-a38d-b4a31a7aea56;388.01;2.1334;BUY
2016-01-17T00:02:06.873000;2016-01-17T00:02:06.890000;952db8bc-cda8-4b6b-9ed2-ed9ef2adb661;388.01;1.1167;BUY
2016-01-17T00:02:36.933000;2016-01-17T00:02:36.937000;371cc528-4a94-4646-9723-4ac3f514e45e;388.01;7.1499;BUY
2016-01-17T00:02:56.733000;2016-01-17T00:02:56.733000;46572ea7-7596-446a-8603-2439a65b16d9;388.0;0.210003;SELL
2016-01-17T00:02:56.733000;2016-01-17T00:02:56.750000;e040a14a-e6de-4717-8e09-ac40d9588262;388.0;2.27346794;SELL
2016-01-17T00:03:10.657000;2016-01-17T00:03:10.657000;21395ec9-9a4b-4a1d-86e9-21f8ddb67b21;388.01;0.5791;BUY
2016-01-17T00:03:37.567000;2016-01-17T00:03:37.577000;8bdb740e-ddc6-4a4f-909f-002f28785695;388.0;3.36653206;SELL
2016-01-17T00:03:37.567000;2016-01-17T00:03:37.577000;13ab3fb6-8e2b-4203-afe6-a93ed2967c4b;388.0;8.0;SELL
2016-01-17T00:03:37.567000;2016-01-17T00:03:37.577000;b796bb3a-1b3e-44d8-af3f-c8452c1d7e55;388.0;8.88;SELL
2016-01-17T00:03:37.567000;2016-01-17T00:03:37.593000;d084e63f-9701-400f-b868-f2d111e6553c;387.98;0.82336794;SELL
2016-01-17T00:04:07.120000;2016-01-17T00:04:07.123000;e64095ac-479d-4f1a-9aa7-a5c424776413;387.98;0.46663206;SELL
2016-01-17T00:04:07.203000;2016-01-17T00:04:07.220000;fc12f178-3e2b-44ec-b69a-6482ae79467e;387.99;0.324;BUY
2016-01-17T00:04:11.257000;2016-01-17T00:04:11.267000;25bbaf07-c9c1-47da-bbf7-47a8ec6bc623;387.95;0.1;SELL
2016-01-17T00:04:11.257000;2016-01-17T00:04:11.280000;25092dae-ab5e-4297-b477-786841acaa61;387.94;0.01;SELL
2016-01-17T00:04:11.257000;2016-01-17T00:04:11.280000;8d5d3360-51ae-4f95-aa13-773615c63d1e;387.76;0.01;SELL
2016-01-17T00:04:11.257000;2016-01-17T00:04:11.280000;782b940b-4d7c-4676-b140-745e529a3643;387.75;0.01;SELL
2016-01-17T00:04:11.257000;2016-01-17T00:04:11.280000;fb3e1e53-e8b6-48fd-89b7-d71d99976236;387.73;0.0528;SELL
2016-01-17T00:04:11.257000;2016-01-17T00:04:11.280000;ef803dc2-b918-4721-9400-a5467ec70b04;387.63;0.01;SELL
2016-01-17T00:04:11.257000;2016-01-17T00:04:11.280000;5382d84f-3533-4f4e-87a4-917be7e0563e;387.54;0.01;SELL
2016-01-17T00:04:11.260000;2016-01-17T00:04:11.280000;be518aac-e8ad-4f07-a9da-528af1c2ccc4;387.51;0.01;SELL
2016-01-17T00:04:11.343000;2016-01-17T00:04:11.343000;a824c1f8-c691-4fd2-8112-6a1d7e544379;387.45;0.0527;BUY
2016-01-17T00:04:17.573000;2016-01-17T00:04:17.577000;b67c887c-6469-476c-9d72-e7aa188955f2;387.41;0.01;SELL
2016-01-17T00:04:17.573000;2016-01-17T00:04:17.593000;1611f95d-8336-49cc-bc41-38eacae3c96b;387.41;0.25;SELL
2016-01-17T00:04:17.577000;2016-01-17T00:04:17.593000;c699a9f1-057b-43be-8976-032d5026fbac;387.4;3.0;SELL
2016-01-17T00:04:21.977000;2016-01-17T00:04:22.017000;e0063ec9-3c41-4dc0-8055-a5ef10a40d71;387.33;0.01;SELL
2016-01-17T00:04:29.480000;2016-01-17T00:04:29.483000;8ae45da9-a418-4ab5-80fd-59290b50c371;387.32;0.01;SELL
2016-01-17T00:04:29.480000;2016-01-17T00:04:29.500000;4083cd80-bb6a-40e8-9eca-204a6d7ed541;387.31;0.01;SELL
2016-01-17T00:04:29.480000;2016-01-17T00:04:29.500000;5452c92d-a461-474c-b485-57a40daaa716;387.29;0.01;SELL
2016-01-17T00:04:29.480000;2016-01-17T00:04:29.500000;9cef9a7c-9cc3-491e-9eb4-994a2cc7355a;387.29;0.25;SELL
2016-01-17T00:04:29.480000;2016-01-17T00:04:29.500000;dd9819a1-8eaf-40d4-97b6-f39693ea2929;387.28;0.01;SELL
2016-01-17T00:04:29.480000;2016-01-17T00:04:29.517000;b5730cc3-4083-4c41-9eef-f31c9c9a00c2;387.27;0.01;SELL
2016-01-17T00:04:37.797000;2016-01-17T00:04:37.797000;9b5ef6b5-eb8e-4cec-ba82-247c6ce51a0a;387.2;0.01;SELL
2016-01-17T00:04:37.797000;2016-01-17T00:04:37.813000;cd8895ee-410b-4046-833f-a93543ef8cd2;387.19;0.01;SELL
2016-01-17T00:04:37.797000;2016-01-17T00:04:37.813000;a2f7c95d-3092-4332-bc77-fcf0d12f4e94;387.12;0.01;SELL
2016-01-17T00:04:37.797000;2016-01-17T00:04:37.813000;afb1618e-ca88-4344-b246-444afde25256;387.01;0.01;SELL
2016-01-17T00:04:37.797000;2016-01-17T00:04:37.813000;c3768159-a5ee-4cce-b885-a87ebee51286;386.97;0.25;SELL
2016-01-17T00:04:37.797000;2016-01-17T00:04:37.827000;a531cad1-5491-4b58-b584-a2b4cbaa3b38;386.96;0.01;SELL
2016-01-17T00:04:37.797000;2016-01-17T00:04:37.827000;32d00a15-cedc-4c47-a1fa-356199a28465;386.94;0.01;SELL
2016-01-17T00:04:37.797000;2016-01-17T00:04:37.827000;4e24afa9-5b20-4462-939c-4e330b0e1460;386.93;0.01;SELL
2016-01-17T00:04:37.797000;2016-01-17T00:04:37.843000;1e62cebf-c2f9-471f-8c2a-bd5367bd149f;386.92;0.01;SELL
2016-01-17T00:04:37.797000;2016-01-17T00:04:37.843000;862fc89d-2adc-453f-a1ef-55ce17cadc0a;386.69;0.01;SELL
2016-01-17T00:04:37.797000;2016-01-17T00:04:37.843000;07ec3118-a5c0-41e1-9bdd-153bbe3da1ae;386.67;0.1;SELL
2016-01-17T00:04:37.797000;2016-01-17T00:04:37.843000;c21b6c3d-4e91-4890-9571-788c297dcfba;386.58;0.01;SELL
2016-01-17T00:04:37.797000;2016-01-17T00:04:37.843000;792e10a4-1a45-4a22-a37a-10dcf4c371ab;386.58;0.0005;SELL
2016-01-17T00:04:47.263000;2016-01-17T00:04:47.267000;c0a86731-f451-42c8-8cef-b20aefd072cf;386.64;0.01;SELL
2016-01-17T00:04:47.263000;2016-01-17T00:04:47.267000;c578799e-ca6a-4629-905e-f0959232cfae;386.63;0.01;SELL
2016-01-17T00:04:47.263000;2016-01-17T00:04:47.280000;c4a79448-33e9-4dd3-9cf7-7c0a93bf751d;386.62;0.01;SELL
2016-01-17T00:04:47.263000;2016-01-17T00:04:47.280000;bb83a82d-9a66-408e-9668-60350b54f381;386.59;0.01;SELL
2016-01-17T00:04:47.263000;2016-01-17T00:04:47.280000;dbaaafc0-0f03-4799-abc8-7a458519bf16;386.59;0.01;SELL
2016-01-17T00:04:47.263000;2016-01-17T00:04:47.280000;f0c1f6c9-2812-47cc-8f6a-d7f6bf0cbe44;386.58;0.0095;SELL
2016-01-17T00:04:47.263000;2016-01-17T00:04:47.297000;b50ff4b7-98ab-41a8-9adb-4cbc0d4cce89;386.54;3.0399;SELL
2016-01-17T00:04:47.263000;2016-01-17T00:04:47.297000;e74d5dd2-77d2-4ffd-bfda-1ba06da83c51;386.51;0.01;SELL
2016-01-17T00:04:47.263000;2016-01-17T00:04:47.297000;1d4b114a-4ab0-480e-a89a-c4837123c17c;386.51;0.01;SELL
2016-01-17T00:04:47.267000;2016-01-17T00:04:47.313000;189a3a74-66b5-4a32-b6ac-d9adbce85c9d;386.37;0.37622861;SELL
2016-01-17T00:04:47.267000;2016-01-17T00:04:47.313000;cfc596ea-eee0-4236-b12f-8cfcf871de9f;386.35;0.01;SELL
2016-01-17T00:04:47.267000;2016-01-17T00:04:47.313000;283a3bdc-674d-4ed2-973b-563e3a85fca3;386.3;0.089;SELL
2016-01-17T00:04:47.267000;2016-01-17T00:04:47.313000;8434c3b4-5210-4a77-881d-ac9fa063bcd1;386.28;0.01;SELL
2016-01-17T00:04:47.267000;2016-01-17T00:04:47.313000;817d685d-6b1c-4385-8bd9-c982bdf73c08;386.13;0.01;SELL
2016-01-17T00:04:47.267000;2016-01-17T00:04:47.313000;232320b7-7851-4fb7-b915-b53cc4b65378;386.0;0.01;SELL
2016-01-17T00:04:47.267000;2016-01-17T00:04:47.313000;61f630ca-b9f1-411e-b106-0defa565d46e;386.0;0.0315168;SELL
2016-01-17T00:04:47.267000;2016-01-17T00:04:47.327000;04dac48d-7a99-4833-9779-24f2d7548c93;385.9;0.01;SELL
2016-01-17T00:04:47.267000;2016-01-17T00:04:47.327000;319a5e4a-2466-41c2-a71b-1d52805e8d05;385.9;0.84;SELL
2016-01-17T00:04:47.267000;2016-01-17T00:04:47.327000;bff05dc3-c3ee-46fa-9dee-d89625743540;385.8;0.01;SELL
2016-01-17T00:04:47.267000;2016-01-17T00:04:47.327000;7a11389c-be8f-47b5-a191-ba0c3dd7c7ec;385.66;0.01;SELL
2016-01-17T00:04:47.267000;2016-01-17T00:04:47.343000;ba0d0a8b-61fc-4691-8ba6-b9643a122664;385.66;5.051;SELL
2016-01-17T00:04:47.267000;2016-01-17T00:04:47.343000;a166a5c9-14a5-4d16-a791-be62d3a78d62;385.63;5.432;SELL
2016-01-17T00:04:47.267000;2016-01-17T00:04:47.343000;19ca902b-c33e-44a3-af3d-19b4c020976b;385.56;0.01;SELL
2016-01-17T00:04:47.267000;2016-01-17T00:04:47.343000;5c4ed945-c2f1-4b5f-aeec-422e8276df92;385.41;0.127;SELL
2016-01-17T00:04:47.267000;2016-01-17T00:04:47.360000;bbc2e2d9-7da1-4d98-8003-95d65790350f;385.37;8.25;SELL
2016-01-17T00:04:47.267000;2016-01-17T00:04:47.360000;e7685b30-dade-4d33-a07b-6e656a1fba81;385.36;1.60385459;SELL
2016-01-17T00:05:01.533000;2016-01-17T00:05:01.530000;9762d498-bca6-4e09-a8b2-86a27a723831;386.36;0.01;BUY
2016-01-17T00:05:06.970000;2016-01-17T00:05:06.970000;c300fcf2-6c99-4ec9-968e-7df781c163aa;386.31;0.4527;BUY
2016-01-17T00:05:07.063000;2016-01-17T00:05:07.077000;b393efff-c5a2-4afe-8e30-4c29a540d873;386.15;1.0;SELL
2016-01-17T00:05:15.607000;2016-01-17T00:05:15.610000;07e38c19-5cd3-44eb-8b7c-c80aa537c2c4;386.23;0.01;SELL
2016-01-17T00:05:37.167000;2016-01-17T00:05:37.213000;12cf3e06-bf74-4a47-b818-9f17bdeadae1;386.23;0.05;BUY
2016-01-17T00:05:37.167000;2016-01-17T00:05:37.230000;551e3729-2a23-488e-b85f-4bc9ae5f8f84;386.23;0.8;BUY
2016-01-17T00:05:37.167000;2016-01-17T00:05:37.290000;e0f67db4-aba8-481e-8ea3-2bf62b88842b;386.23;0.155;BUY
2016-01-17T00:05:37.167000;2016-01-17T00:05:37.290000;af5ac971-15aa-40d2-8b27-a4148080eaf0;386.23;0.2529;BUY
2016-01-17T00:06:01.473000;2016-01-17T00:06:01.510000;b13c1714-de5f-446c-816f-b07a62e7efd8;386.23;0.01;BUY
2016-01-17T00:06:04.083000;2016-01-17T00:06:04.120000;6bd7e3be-f231-48c6-b844-10311288f865;386.22;0.01;SELL
2016-01-17T00:06:37.210000;2016-01-17T00:06:37.243000;6c0c298a-c0df-44d8-8482-eeb2ce120871;386.21;0.16;BUY
2016-01-17T00:06:37.210000;2016-01-17T00:06:37.260000;4c637f76-b4e3-48e5-a71f-12f9fd8a4665;386.21;26.5;BUY
2016-01-17T00:06:37.213000;2016-01-17T00:06:37.260000;9507f5b6-b581-4eec-9e06-06e682a7de23;386.21;1.01;BUY
2016-01-17T00:06:37.213000;2016-01-17T00:06:37.260000;76bc40c7-e7f4-4eab-a36e-3e4783e308d4;386.21;2.0991;BUY
2016-01-17T00:06:57.107000;2016-01-17T00:06:57.133000;7dca1bd5-c741-4c6c-8cc8-e46ae031deb1;386.22;0.11;SELL
2016-01-17T00:07:01.540000;2016-01-17T00:07:01.573000;b0894e2a-f205-4764-a2b6-160188f83f0c;386.23;0.01;BUY
2016-01-17T00:07:07.237000;2016-01-17T00:07:07.277000;615bbbeb-a528-4f42-aac0-bc7ba1b8e682;386.23;1.2471;BUY
2016-01-17T00:07:36.973000;2016-01-17T00:07:37.010000;cb8d09ef-e1a9-4558-8292-6cdbf0f288c8;386.23;4.7355;BUY
2016-01-17T00:08:01.733000;2016-01-17T00:08:01.760000;4de53387-dd85-4194-9a33-a2dcbb518b35;386.23;0.01;BUY
2016-01-17T00:08:09.070000;2016-01-17T00:08:09.103000;32c2f29f-89b0-44df-a4ff-0bd8cfc1cec8;386.23;2.8209;BUY
2016-01-17T00:08:13.250000;2016-01-17T00:08:13.290000;85b97dfd-2a80-4c6c-8983-28b73c4438b8;386.23;0.3;BUY
2016-01-17T00:08:19.857000;2016-01-17T00:08:19.883000;9b031a39-3732-4756-8cd7-2c5010128368;386.22;0.14;SELL
2016-01-17T00:08:19.857000;2016-01-17T00:08:19.900000;7d176070-d77c-4f20-8082-dc4ed3af998e;386.22;0.28347;SELL
2016-01-17T00:08:42.647000;2016-01-17T00:08:42.683000;111000ea-49ee-48d0-99bb-ca2418dfa5da;386.23;0.2;BUY
2016-01-17T00:08:46.353000;2016-01-17T00:08:46.383000;6796efdf-c3b5-41d7-99ca-8b3807b1f50a;386.23;0.1828;BUY
2016-01-17T00:09:01.663000;2016-01-17T00:09:01.697000;2752ac7f-79e7-406f-8543-0b95c4f5eb08;386.23;0.01;BUY
2016-01-17T00:09:07.090000;2016-01-17T00:09:07.120000;5de1260e-a09c-48c6-ab75-880477e64669;386.22;7.8016;SELL
2016-01-17T00:09:30.180000;2016-01-17T00:09:30.213000;7972819e-3f8b-4417-8f7a-7944046cd0b0;386.23;0.0475;BUY
2016-01-17T00:09:37.040000;2016-01-17T00:09:37.073000;8f3ad836-ef94-4e61-a66c-ef449a247f68;386.23;0.04;BUY
2016-01-17T00:10:00.813000;2016-01-17T00:10:00.853000;ff57a6ff-ab88-4807-a58d-cf094c97a5a7;386.4;0.01;BUY
2016-01-17T00:10:02.813000;2016-01-17T00:10:02.837000;0b0b3b36-936e-4ffd-8a51-9e03835f2417;386.5;0.01;BUY
2016-01-17T00:10:07.523000;2016-01-17T00:10:07.557000;9fafb651-b85d-49a7-ac7e-6c96624e98ba;386.5;0.19;BUY
2016-01-17T00:10:07.523000;2016-01-17T00:10:07.573000;3de62397-acf4-49e1-8441-ba122f0ebb02;386.61;0.01;BUY
2016-01-17T00:10:07.527000;2016-01-17T00:10:07.573000;a4d09d5d-3805-40eb-934c-c52065e60494;386.62;0.01;BUY
2016-01-17T00:10:07.527000;2016-01-17T00:10:07.573000;6385f90a-ea19-4658-ae46-1860c77f7cb9;386.63;0.01;BUY
2016-01-17T00:10:07.527000;2016-01-17T00:10:07.573000;6692ddad-efd2-40cc-a0ff-f1b70fd55d73;386.64;0.01;BUY
2016-01-17T00:10:07.527000;2016-01-17T00:10:07.573000;03c0d286-cbdc-4fdf-bfa1-02a78983bd44;386.72;0.0528;BUY
2016-01-17T00:10:07.527000;2016-01-17T00:10:07.587000;59c4d0d6-f10f-4365-aa2a-d7f3041f463a;386.76;0.01;BUY
2016-01-17T00:10:07.527000;2016-01-17T00:10:07.587000;7f191697-df9c-419f-a807-1b1bae546656;386.8;0.01;BUY
2016-01-17T00:10:07.527000;2016-01-17T00:10:07.587000;871a59df-c7ec-48fb-992c-34a845beb1a1;386.81;0.01;BUY
2016-01-17T00:10:07.527000;2016-01-17T00:10:07.603000;c370852b-3c12-4254-a71e-b729384ee51c;386.82;0.01;BUY
2016-01-17T00:10:07.527000;2016-01-17T00:10:07.603000;57150aeb-0de9-4ed5-9856-686041fc4360;386.82;0.101;BUY
2016-01-17T00:10:07.527000;2016-01-17T00:10:07.603000;be2a3f58-af88-4e95-8c18-28bb2daf88b4;386.86;0.38;BUY
2016-01-17T00:10:07.527000;2016-01-17T00:10:07.603000;a82b6467-84dc-44f8-bd16-f093b29258ca;386.94;0.101;BUY
2016-01-17T00:10:07.527000;2016-01-17T00:10:07.603000;91a6b1cd-b513-4e21-a92b-f30d433cda7c;386.99;0.01;BUY
2016-01-17T00:10:07.527000;2016-01-17T00:10:07.603000;4752939b-ee06-47ec-bdc0-afa7a96924bd;387.0;0.01;BUY
2016-01-17T00:10:07.527000;2016-01-17T00:10:07.620000;83a32563-4c23-414c-ac1a-18fbfb38e87c;387.06;0.01;BUY
2016-01-17T00:10:07.527000;2016-01-17T00:10:07.620000;5d5f19e4-c8dc-47b4-8851-f9e63d9e0ca9;387.07;0.01;BUY
2016-01-17T00:10:07.527000;2016-01-17T00:10:07.620000;ada8a3b3-9471-4176-9c71-5905edb7be60;387.2;0.01;BUY
2016-01-17T00:10:07.527000;2016-01-17T00:10:07.620000;7d1d9a96-6d89-4b23-981e-ab56b2784545;387.21;0.177;BUY
2016-01-17T00:10:07.527000;2016-01-17T00:10:07.620000;ed66906b-4e5a-48d0-b29f-07e32566d194;387.24;0.139;BUY
2016-01-17T00:10:07.527000;2016-01-17T00:10:07.633000;619cab64-2b1c-4de2-b537-8edd0a142873;387.32;0.2478;BUY
2016-01-17T00:10:28.793000;2016-01-17T00:10:28.823000;37e8e3ee-19a3-4273-97bc-bcb225770ed0;387.32;0.127;BUY
2016-01-17T00:10:31.767000;2016-01-17T00:10:31.790000;53087231-5eba-49c1-b3aa-ea033401b0ce;387.32;21.673;SELL
2016-01-17T00:10:31.767000;2016-01-17T00:10:31.790000;be6f1b77-4f94-460b-bbf4-a6a96679517c;387.32;5.577;SELL
2016-01-17T00:10:37.040000;2016-01-17T00:10:37.073000;701c94cf-5b34-47fd-8236-a944f91f2421;387.33;0.01;BUY
2016-01-17T00:10:37.040000;2016-01-17T00:10:37.073000;3af55605-80de-44b6-8699-a11c3a4c3cd5;387.33;0.113;BUY
2016-01-17T00:10:37.040000;2016-01-17T00:10:37.073000;664255fd-564c-4bf2-93be-0c4b4d57777b;387.38;0.117;BUY
2016-01-17T00:10:37.040000;2016-01-17T00:10:37.087000;d82e69f1-133f-4086-b2d5-3e5bd2bf4338;387.42;0.01;BUY
2016-01-17T00:10:37.040000;2016-01-17T00:10:37.087000;cb287603-539a-4436-b68d-49b32b393ee5;387.43;0.125;BUY
2016-01-17T00:10:37.040000;2016-01-17T00:10:37.087000;1c8d963f-ac2a-47aa-80a3-94525ea82425;387.45;0.1382;BUY
2016-01-17T00:10:41.980000;2016-01-17T00:10:42.010000;f5e94991-3099-424c-b859-c7f20239561e;387.34;6.5;SELL
2016-01-17T00:10:41.980000;2016-01-17T00:10:42.010000;e93b1ec7-2b4e-4568-9933-76cf8bd3c35e;387.33;4.05;SELL
2016-01-17T00:10:55.067000;2016-01-17T00:10:55.103000;43a27faf-c9d6-475b-8b58-f027cb4b6a19;387.33;0.25;BUY
2016-01-17T00:11:02.470000;2016-01-17T00:11:02.493000;46dc2b7a-f9c4-4393-833d-701a7851cd92;387.33;0.01;BUY
2016-01-17T00:11:10.957000;2016-01-17T00:11:10.980000;590d95d4-761f-4d65-8762-0ddd2110bd69;387.33;2.12393396;BUY
2016-01-17T00:11:37.740000;2016-01-17T00:11:37.760000;8e96d8e8-1cec-48ee-a0f4-93123735b557;387.32;0.1176;SELL
2016-01-17T00:12:01.603000;2016-01-17T00:12:01.620000;d62af6d8-44ac-481f-9ffd-8cb53b598edc;387.33;0.01;BUY
2016-01-17T00:12:07.587000;2016-01-17T00:12:07.603000;4746e9ce-3c53-4ab7-ba1a-fb964b90d1b0;387.33;0.0774;BUY
2016-01-17T00:13:01.340000;2016-01-17T00:13:01.370000;7babb812-2e75-4481-a73f-2e0cd409e2a6;387.33;0.01;BUY
2016-01-17T00:13:07.217000;2016-01-17T00:13:07.243000;d4225c45-e035-416d-af70-61c1c6b11a90;387.33;5.38;BUY
2016-01-17T00:14:01.507000;2016-01-17T00:14:01.527000;426f6dd5-a0ca-4c85-82c4-6e616760f616;387.33;0.01;BUY
2016-01-17T00:14:07.427000;2016-01-17T00:14:07.447000;3f53d9a7-fa8d-4148-8464-c1a4d2a13c1a;387.33;2.502;BUY
2016-01-17T00:14:14.507000;2016-01-17T00:14:14.527000;01cb7ef0-f1db-4ecb-a736-65e5ba1b7ff8;387.32;0.3224;SELL
2016-01-17T00:14:14.507000;2016-01-17T00:14:14.540000;fa7f14a3-c623-4154-b2ac-0a819760bff5;387.32;0.0076;SELL
2016-01-17T00:14:37.200000;2016-01-17T00:14:37.213000;cfbb3673-25d9-4c96-babf-5b94a330fef2;387.33;0.403;BUY
2016-01-17T00:15:07.273000;2016-01-17T00:15:07.290000;4168c5d4-fc5d-4356-85fd-6640d8a09736;387.33;0.3768;BUY
2016-01-17T00:15:37.140000;2016-01-17T00:15:37.150000;576796a3-bedb-4ed7-b332-d1db75d4b2da;387.33;2.9666;BUY
2016-01-17T00:16:01.093000;2016-01-17T00:16:01.103000;9ce400e6-f85d-434a-be2f-cee74f6ff2d5;387.33;0.33026604;BUY
2016-01-17T00:16:01.093000;2016-01-17T00:16:01.120000;d615efcc-4e3b-41d2-8f33-f42259ec83e8;387.44;6.43491;BUY
2016-01-17T00:16:01.093000;2016-01-17T00:16:01.120000;29a30ab7-3850-49e8-9a6a-401855373b72;387.45;0.4263;BUY
2016-01-17T00:16:01.093000;2016-01-17T00:16:01.137000;5c2089a5-8517-4ca3-9284-7253d40212fa;387.49;0.01;BUY
2016-01-17T00:16:01.093000;2016-01-17T00:16:01.137000;54918532-6e27-4bfb-a295-b89b570d4261;387.49;0.01;BUY
2016-01-17T00:16:01.093000;2016-01-17T00:16:01.137000;3feac464-fce8-4d4d-bf50-4493cd153eeb;387.5;0.01;BUY
2016-01-17T00:16:01.093000;2016-01-17T00:16:01.137000;7addb226-c873-4f7d-96e7-aae8e558e8ad;387.51;0.01;BUY
2016-01-17T00:16:01.097000;2016-01-17T00:16:01.137000;0fe02375-6ba3-4b08-b144-767c5e21739a;387.56;0.01;BUY
2016-01-17T00:16:01.097000;2016-01-17T00:16:01.150000;76e732fb-8ba4-4192-b706-60a2ffdf221a;387.56;0.0526;BUY
2016-01-17T00:16:01.097000;2016-01-17T00:16:01.150000;589320fa-ce55-405d-b1ef-dea7fe17f307;387.57;0.01;BUY
2016-01-17T00:16:01.097000;2016-01-17T00:16:01.150000;eda56392-ccb5-42a5-8ddf-dfb106e32d2e;387.59;0.01;BUY
2016-01-17T00:16:01.097000;2016-01-17T00:16:01.150000;88ef9e6b-8ba0-4e08-a120-5f05ea0ec160;387.6;0.01;BUY
2016-01-17T00:16:01.097000;2016-01-17T00:16:01.150000;319ad58c-7989-4f57-8fdd-236e70cfe58d;387.73;0.089;BUY
2016-01-17T00:16:01.097000;2016-01-17T00:16:01.197000;7203f83f-da19-43f7-b509-8cfea11f75bd;387.75;0.01;BUY
2016-01-17T00:16:01.097000;2016-01-17T00:16:01.213000;e60da705-5fba-4186-8e3b-090f83005b7f;387.76;0.01;BUY
2016-01-17T00:16:01.097000;2016-01-17T00:16:01.213000;9fdd130a-4651-4ad7-9533-816518f7970b;387.78;0.137;BUY
2016-01-17T00:16:01.097000;2016-01-17T00:16:01.213000;ff155809-8f1d-47a7-b044-5b6f60a18198;387.84;5.47;BUY
2016-01-17T00:16:01.097000;2016-01-17T00:16:01.213000;37ec9088-4cd2-48ba-b093-09df36db551e;387.86;0.083;BUY
2016-01-17T00:16:01.097000;2016-01-17T00:16:01.213000;03fb3e49-806d-4355-88e1-e43e3e83d184;387.9;0.01;BUY
2016-01-17T00:16:01.097000;2016-01-17T00:16:01.213000;db3d6257-9dc0-4b68-9da5-ffed422df2a5;387.91;0.01;BUY
2016-01-17T00:16:01.097000;2016-01-17T00:16:01.213000;4ef179f4-0a9a-42f4-afa6-419c3d558baa;387.94;0.01;BUY
2016-01-17T00:16:01.097000;2016-01-17T00:16:01.213000;4a2e86e9-9e6f-4984-97d3-c13d00f2aca1;387.99;0.01;BUY
2016-01-17T00:16:01.097000;2016-01-17T00:16:01.213000;76047652-402c-4121-b664-fb0165f34121;387.99;0.01;BUY
2016-01-17T00:16:01.100000;2016-01-17T00:16:01.213000;489ffa1e-4003-404c-a4c4-41b3d78960ba;388.0;0.01;BUY
2016-01-17T00:16:01.100000;2016-01-17T00:16:01.213000;11c6fce2-0ed2-4c46-b6a1-87aef490ca0b;388.01;0.282;BUY
2016-01-17T00:16:01.100000;2016-01-17T00:16:01.213000;0f064f4d-a995-4e5f-bc00-f0b0b899a685;388.01;0.3;BUY
2016-01-17T00:16:01.100000;2016-01-17T00:16:01.213000;7248e936-19fb-4790-86b7-87b10edee59b;388.05;0.03525396;BUY
2016-01-17T00:16:07.373000;2016-01-17T00:16:07.387000;49a2e545-bc2d-4983-a247-56fd89440426;388.15;0.1807;BUY
2016-01-17T00:16:35.163000;2016-01-17T00:16:35.183000;0f3fd530-5e2b-423a-8be6-c72b388e2004;388.13;0.08;BUY
2016-01-17T00:16:37.383000;2016-01-17T00:16:37.400000;14767500-7503-4a62-a677-e597c686bc52;388.13;0.046;BUY
2016-01-17T00:16:37.383000;2016-01-17T00:16:37.417000;5838a32c-8198-4a7a-b8b0-4d78be14bfad;388.13;0.37;BUY
2016-01-17T00:16:37.383000;2016-01-17T00:16:37.417000;5811e97d-aaae-480c-82c7-dac8c819e39f;388.14;0.0126;BUY
2016-01-17T00:16:49.820000;2016-01-17T00:16:49.837000;2283dfc1-e371-4510-9e09-bf6155d38eb2;388.13;0.28;SELL
2016-01-17T00:16:49.820000;2016-01-17T00:16:49.837000;efda495d-50f9-472c-9a82-e556967588c3;388.07;0.72;SELL
2016-01-17T00:17:02.840000;2016-01-17T00:17:02.853000;c5a9370f-e6ff-4a25-b54e-11b52118b552;388.0;0.01;SELL
2016-01-17T00:17:02.840000;2016-01-17T00:17:02.870000;9aef96c2-77d6-4dac-bd05-2135c1c1895e;387.99;0.01;SELL
2016-01-17T00:17:02.840000;2016-01-17T00:17:02.870000;db18508f-cd69-4f80-a4cd-4d1411bb04b7;387.98;0.01;SELL
2016-01-17T00:17:02.840000;2016-01-17T00:17:02.870000;798b8f1a-9269-4d2f-93b0-1369ad30deb8;387.89;0.15;SELL
2016-01-17T00:17:02.840000;2016-01-17T00:17:02.887000;80b55be4-d885-4251-8aa4-2c589743a548;387.88;0.32;SELL
2016-01-17T00:17:07.373000;2016-01-17T00:17:07.400000;b5d32d32-afc6-41b5-aa68-67e7b588263b;388.11;0.103;BUY
2016-01-17T00:17:07.373000;2016-01-17T00:17:07.400000;d676ab47-10fb-4371-9169-297d2eb005a5;388.12;6.348;BUY
2016-01-17T00:17:37.613000;2016-01-17T00:17:37.620000;e2b2d15d-bb9b-4e5d-ab55-15745264e984;388.1;0.092;BUY
2016-01-17T00:17:37.613000;2016-01-17T00:17:37.637000;5f8e4125-bdfe-4c66-b335-1833e37e1385;388.1;0.826;BUY
2016-01-17T00:18:07.607000;2016-01-17T00:18:07.620000;3f21065c-eae3-4d5a-946e-686ef211a0b3;388.1;0.1036;BUY
2016-01-17T00:18:37.320000;2016-01-17T00:18:37.323000;50ae1aa0-9284-4b36-aeb2-5ef54fda3155;388.1;1.6242;BUY
2016-01-17T00:19:07.727000;2016-01-17T00:19:07.730000;84913a4d-18d0-4d60-b800-99ac5e1fd9cd;388.1;3.6496;BUY
2016-01-17T00:19:31.373000;2016-01-17T00:19:31.370000;d5206e10-4860-4b36-bae7-09b972e52673;388.1;0.02;BUY
2016-01-17T00:19:37.367000;2016-01-17T00:19:37.370000;f1992319-03a9-420c-b360-615ad0ed1659;388.1;0.7442;BUY
2016-01-17T00:19:54.690000;2016-01-17T00:19:54.697000;277df832-c8cb-4a29-8b18-b0fe6dde9447;388.1;0.02675;BUY
2016-01-17T00:20:07.617000;2016-01-17T00:20:07.620000;88404570-a846-4417-93d8-6946be28c9ca;388.09;0.01315;SELL
2016-01-17T00:20:07.617000;2016-01-17T00:20:07.637000;e6a35452-2bcf-4a30-badd-809b7dc80315;388.09;0.0119;SELL
2016-01-17T00:20:07.617000;2016-01-17T00:20:07.637000;3865ad1c-627d-46ca-b9a3-c985ee6ee347;388.02;0.24;SELL
2016-01-17T00:20:07.617000;2016-01-17T00:20:07.637000;66185caf-2c9c-409e-bc53-6205b9de82bb;387.91;2.82005;SELL
2016-01-17T00:20:33.047000;2016-01-17T00:20:33.057000;425cc32f-a1ae-470f-9bcc-f3dc7edee49c;387.98;0.0175;BUY
2016-01-17T00:20:37.393000;2016-01-17T00:20:37.400000;c0af9a35-c967-4f5a-b999-48598e5eab94;387.94;0.01;SELL
2016-01-17T00:20:37.393000;2016-01-17T00:20:37.417000;42d08645-446b-4e80-85dc-001f123e0d1e;387.91;0.01;SELL
2016-01-17T00:20:37.393000;2016-01-17T00:20:37.417000;87a0942a-ef54-47c3-b905-92953300d39f;387.87;0.01;SELL
2016-01-17T00:20:37.397000;2016-01-17T00:20:37.417000;b8269b20-39e9-4883-8c38-84a3d8f3c39e;387.75;0.01;SELL
2016-01-17T00:20:37.397000;2016-01-17T00:20:37.417000;2d94ac25-2e7d-41bd-bcef-5bfa7d829b8f;387.75;0.25;SELL
2016-01-17T00:20:37.397000;2016-01-17T00:20:37.433000;28561711-e2c8-4f79-ad89-95203c694b5c;387.74;0.0526;SELL
2016-01-17T00:20:37.397000;2016-01-17T00:20:37.433000;e29737d4-242b-45b8-8c09-cfbe382f96b1;387.73;0.32;SELL
2016-01-17T00:20:37.397000;2016-01-17T00:20:37.433000;7603e2d5-d62c-4bfe-bd95-550c5591da91;387.72;1.3705;SELL
2016-01-17T00:21:11.433000;2016-01-17T00:21:11.477000;f4da0865-9458-4e6f-a200-32642f638b2b;387.73;0.5;BUY
2016-01-17T00:21:11.433000;2016-01-17T00:21:11.493000;09c3232a-6ea1-4c7f-853d-c52a02e0da04;387.79;0.103;BUY
2016-01-17T00:21:11.433000;2016-01-17T00:21:11.493000;489705b9-47cf-43d8-bad4-6fb89cb3d270;387.8;0.074;BUY
2016-01-17T00:21:11.433000;2016-01-17T00:21:11.493000;b58e8153-2675-47db-a4df-d92ad2a1f72b;387.8;0.464;BUY
2016-01-17T00:21:37.833000;2016-01-17T00:21:37.867000;1f039b97-9224-4fe9-82ae-7e6e29778fdc;387.75;5.18;BUY
2016-01-17T00:21:37.833000;2016-01-17T00:21:37.883000;859926fe-242d-4613-b75c-be975e4fc5ed;387.76;0.12;BUY
2016-01-17T00:21:37.833000;2016-01-17T00:21:37.883000;dd20678e-8022-438f-af0c-641b4f3a10c3;387.8;2.7467;BUY
2016-01-17T00:22:07.757000;2016-01-17T00:22:07.807000;4f87cca9-686b-4d44-b9b3-0b35091303de;387.78;0.104;BUY
2016-01-17T00:22:07.757000;2016-01-17T00:22:07.807000;63c548b7-417b-4ed8-bac6-32aad53aaf44;387.8;17.2533;BUY
2016-01-17T00:22:07.757000;2016-01-17T00:22:07.807000;80c695db-38cd-45bf-bb67-b0e009638fec;387.83;0.092;BUY
2016-01-17T00:22:07.757000;2016-01-17T00:22:07.807000;c7dd7ad7-67f2-4e22-a2ed-ecc757a30731;387.85;0.102;BUY
2016-01-17T00:22:07.757000;2016-01-17T00:22:07.807000;5c82f33b-df0e-4a45-a0f1-22207cb9eb83;387.88;0.128;BUY
2016-01-17T00:22:07.757000;2016-01-17T00:22:07.820000;5a5e29b1-aac3-4f82-8f60-98b70a5c4a31;387.91;6.42765;BUY
2016-01-17T00:22:07.757000;2016-01-17T00:22:07.820000;b34a9787-6af3-4974-926f-97bc914a7dc6;387.96;0.097;BUY
2016-01-17T00:22:07.757000;2016-01-17T00:22:07.820000;804a533c-daee-4ba0-b66f-a9d5a7557a82;387.96;0.0526;BUY
2016-01-17T00:22:07.757000;2016-01-17T00:22:07.820000;50dc43ae-9d31-4e43-9b91-4fffa5937554;388.0;0.25;BUY
2016-01-17T00:22:07.757000;2016-01-17T00:22:07.837000;c024fe17-712f-4ef9-a2a2-3c70b317d140;388.0;0.82025;BUY
2016-01-17T00:22:37.653000;2016-01-17T00:22:37.697000;46e32471-41c8-4095-8a61-71e256dcc2c1;387.76;0.7613;BUY
2016-01-17T00:22:46.767000;2016-01-17T00:22:46.807000;df79656e-3974-4ee0-b55f-b36ac6595f20;387.76;0.01;SELL
2016-01-17T00:22:46.767000;2016-01-17T00:22:46.820000;310476c1-b2c0-4790-bfc6-708b6a8fe46e;387.74;0.01;SELL
2016-01-17T00:23:07.570000;2016-01-17T00:23:07.617000;4ee9ef83-7cc6-4394-92e7-4ad0c8a6f1db;387.75;1.0349;BUY
2016-01-17T00:23:37.443000;2016-01-17T00:23:37.493000;80b1bcf3-ec12-452e-ba95-f6cdf8c188dd;387.75;0.2004;BUY
2016-01-17T00:23:47.923000;2016-01-17T00:23:47.963000;f5b522dd-e1bf-4e73-8444-9c507ff0a2d4;387.62;0.025;SELL
2016-01-17T00:24:07.630000;2016-01-17T00:24:07.667000;7fcd974b-3be0-41c5-ac0e-137666ba36a2;387.71;0.123;BUY
2016-01-17T00:24:07.630000;2016-01-17T00:24:07.680000;90419f3f-defb-4cb0-80f5-4d0e5ef7b952;387.74;0.111;BUY
2016-01-17T00:24:07.630000;2016-01-17T00:24:07.680000;eb80ad14-94e1-49e1-97c6-f069f9b0a3ce;387.75;0.9339;BUY
2016-01-17T00:24:37.793000;2016-01-17T00:24:37.820000;973d06e8-b05d-4a71-8787-59e8c797981c;387.73;0.115;BUY
2016-01-17T00:24:37.793000;2016-01-17T00:24:37.837000;8c2eba94-9e0a-4978-8e90-e20c3665a24b;387.75;0.34951455;BUY
2016-01-17T00:24:37.793000;2016-01-17T00:24:37.837000;7a00bc57-d28a-4083-896b-10c80c9b1339;387.76;0.085;BUY
2016-01-17T00:24:37.793000;2016-01-17T00:24:37.837000;fa6942af-ef55-4836-827a-bb1cbc7d2a8c;387.79;0.111;BUY
2016-01-17T00:24:37.793000;2016-01-17T00:24:37.837000;c3b5cb2b-ae7c-4d4c-9977-fafa20bb1a5a;387.89;0.03098545;BUY
2016-01-17T00:25:07.843000;2016-01-17T00:25:07.867000;3254b998-8416-4694-a80a-0e9e6b6c809b;387.66;0.2566;BUY
2016-01-17T00:25:37.670000;2016-01-17T00:25:37.713000;55200436-ecf7-4535-9753-c9340608068e;387.66;2.456;BUY
2016-01-17T00:25:59.270000;2016-01-17T00:25:59.307000;fc0493af-d4f1-4b00-9c44-9efbf9cc28d4;387.65;0.025;SELL
2016-01-17T00:26:07.993000;2016-01-17T00:26:08.023000;0b16be33-b815-4eaf-967c-6733a363a361;387.66;0.0342;BUY
2016-01-17T00:26:37.673000;2016-01-17T00:26:37.697000;b56fdef8-3a38-4c07-baea-9352457d23aa;387.66;3.0703;BUY
2016-01-17T00:27:07.573000;2016-01-17T00:27:07.603000;5c7daf0d-8641-4c1d-97dd-17d15186234a;387.66;1.0265;BUY
2016-01-17T00:27:37.977000;2016-01-17T00:27:38.010000;3bcab1bc-d0ac-48dd-99fc-e850d1ff9207;387.66;0.13775;BUY
2016-01-17T00:27:37.977000;2016-01-17T00:27:38.023000;c0699e16-0282-4dc4-b79d-1c10b2d2980a;387.92;0.3;BUY
2016-01-17T00:27:37.977000;2016-01-17T00:27:38.023000;558da3f5-bcdc-4e70-9058-264aa8b93c20;387.93;1.0;BUY
2016-01-17T00:27:37.977000;2016-01-17T00:27:38.023000;32a8de11-9d1b-46a9-b958-53d5fbe33245;387.94;0.01;BUY
2016-01-17T00:27:37.977000;2016-01-17T00:27:38.023000;806496fb-87ba-44b5-a755-423056ecbba3;387.98;0.45;BUY
2016-01-17T00:27:37.977000;2016-01-17T00:27:38.023000;d73ac4aa-2204-4bd6-9a3c-49f3df62d85c;387.99;1.33265;BUY
2016-01-17T00:27:45.000000;2016-01-17T00:27:45.023000;4afa429a-db94-4970-a5fc-b663b721d771;387.82;0.025;SELL
2016-01-17T00:28:08.433000;2016-01-17T00:28:08.463000;1807302e-c252-45b3-af6c-cf19d2bf966c;387.89;0.075;BUY
2016-01-17T00:28:08.433000;2016-01-17T00:28:08.477000;eae510a3-4e6c-4d70-ae5e-dcbd44e5fa01;387.9;0.9161;BUY
2016-01-17T00:28:38.030000;2016-01-17T00:28:38.057000;b05749f7-0c29-4353-8984-c7f09c134b9d;387.9;3.9853;BUY
2016-01-17T00:29:07.993000;2016-01-17T00:29:08.010000;24310bb5-cdbe-4b15-bdf5-8b2fba1f568c;387.89;0.2;SELL
2016-01-17T00:29:07.993000;2016-01-17T00:29:08.023000;915167b9-eca0-4d24-899b-0e337068865b;387.89;9.2458;SELL
2016-01-17T00:29:37.943000;2016-01-17T00:29:37.963000;15c5b512-89ee-43de-8d28-bb6bc02a001d;387.9;0.9264;BUY
2016-01-17T00:30:08.083000;2016-01-17T00:30:08.103000;5b94d6d4-c17a-4d7e-bd09-bc8407549fdd;387.9;1.6908;BUY
2016-01-17T00:30:18.017000;2016-01-17T00:30:18.040000;244e1d5e-a5ec-4063-8313-e7b73a439204;387.85;0.25;SELL
2016-01-17T00:30:18.017000;2016-01-17T00:30:18.040000;431b347e-a90d-41e3-a9b3-96e41405489d;387.75;0.00783365;SELL
2016-01-17T00:30:38.037000;2016-01-17T00:30:38.057000;a3e96429-5675-4040-b837-29a0770c8c94;387.9;0.327;BUY
2016-01-17T00:30:38.393000;2016-01-17T00:30:38.417000;abbf7020-e961-48e8-b91c-1d1315c2a4f0;387.9;3.4363;BUY
2016-01-17T00:30:55.053000;2016-01-17T00:30:55.070000;f2c5f3e5-608f-48d8-9c76-e3adeaae7b76;387.8;0.00084883;BUY
2016-01-17T00:31:08.157000;2016-01-17T00:31:08.180000;300601fc-4bed-425a-a682-18ad9f38d741;387.99;20.0;BUY
2016-01-17T00:31:08.157000;2016-01-17T00:31:08.197000;75873f03-06a9-4927-9e33-fe0b2bb7cad6;387.99;0.3;BUY
2016-01-17T00:31:08.157000;2016-01-17T00:31:08.197000;50cd1d27-81ee-4c64-81e5-b995359cd02b;388.11;0.21;BUY
2016-01-17T00:31:08.157000;2016-01-17T00:31:08.197000;e365e21e-9b0e-4e87-b785-a73dc56977a6;388.12;0.01;BUY
2016-01-17T00:31:08.157000;2016-01-17T00:31:08.197000;bc0d1516-0e30-4552-91dc-8c4c1c646c89;388.15;0.069299;BUY
2016-01-17T00:31:08.157000;2016-01-17T00:31:08.213000;63bd3f6d-1fa6-4850-9989-2382257f562f;388.16;0.229999;BUY
2016-01-17T00:31:08.157000;2016-01-17T00:31:08.213000;f994acd6-b631-4f57-a821-765097a97913;388.17;0.01;BUY
2016-01-17T00:31:08.157000;2016-01-17T00:31:08.213000;732efc03-34fc-414a-be42-c55de7b1954b;388.18;0.01;BUY
2016-01-17T00:31:08.157000;2016-01-17T00:31:08.213000;e8d2cc7d-ea6a-47ba-a796-48a35fc95185;388.21;0.01;BUY
2016-01-17T00:31:08.157000;2016-01-17T00:31:08.213000;385c0754-4c76-47e5-ad8c-7bd05dbaf85f;388.23;0.01;BUY
2016-01-17T00:31:08.157000;2016-01-17T00:31:08.227000;4a63f147-1015-401f-92a5-91ac4da4e96a;388.23;0.01;BUY
2016-01-17T00:31:08.157000;2016-01-17T00:31:08.227000;cd36c228-9966-4183-a5bb-473e9c0a12dd;388.27;0.01;BUY
2016-01-17T00:31:08.157000;2016-01-17T00:31:08.227000;a1aab2a2-9444-4a05-9710-b7523f85cb9b;388.3;0.199999;BUY
2016-01-17T00:31:08.160000;2016-01-17T00:31:08.227000;10a841b0-11f5-4a6e-b375-e361f4a46965;388.3;0.37529272;BUY
2016-01-17T00:31:08.160000;2016-01-17T00:31:08.227000;79d91075-78e7-4bdb-bcde-a2618533c54d;388.31;0.239999;BUY
2016-01-17T00:31:08.160000;2016-01-17T00:31:08.227000;1a81834b-2249-4f26-9385-a6d5b382b8ea;388.34;0.249999;BUY
2016-01-17T00:31:08.160000;2016-01-17T00:31:08.243000;b0f61733-66bb-462b-914f-04d351a3f2a9;388.35;0.01;BUY
2016-01-17T00:31:08.160000;2016-01-17T00:31:08.260000;538148af-e709-4055-b9b7-ff3182fd6a4a;388.35;0.01;BUY
2016-01-17T00:31:08.160000;2016-01-17T00:31:08.260000;e3884604-91fd-4b46-93b2-c212f6ef3d07;388.36;0.01;BUY
2016-01-17T00:31:08.160000;2016-01-17T00:31:08.260000;8a072de2-01d2-4231-ae35-2559fcc66684;388.4;3.0;BUY
2016-01-17T00:31:08.160000;2016-01-17T00:31:08.260000;f148cd0e-8e99-47cd-a003-19b69d93add7;388.42;0.01;BUY
2016-01-17T00:31:08.160000;2016-01-17T00:31:08.260000;d1c27412-016b-40fe-9fb4-a476e0008aa3;388.44;2.69691228;BUY
2016-01-17T00:31:16.077000;2016-01-17T00:31:16.103000;310c95cc-0cd8-4c0b-bd5f-cbdaa6636498;388.03;0.025;SELL
2016-01-17T00:31:34.493000;2016-01-17T00:31:34.510000;7de20d70-67ac-4a49-957d-72ba3e8cd20a;388.46;0.01;BUY
2016-01-17T00:31:34.493000;2016-01-17T00:31:34.523000;7626b8e8-b019-4cd2-b904-16496fc06bdb;388.5;0.01;BUY
2016-01-17T00:31:34.493000;2016-01-17T00:31:34.523000;709aa961-ba28-41cd-9d9b-f94db6276de4;388.5;0.0315168;BUY
2016-01-17T00:31:34.493000;2016-01-17T00:31:34.523000;f1973736-2a63-4507-bad1-88035250cc12;388.52;0.01;BUY
2016-01-17T00:31:34.493000;2016-01-17T00:31:34.540000;759b3fc9-d285-4ace-8f7f-489ca1cbd346;388.56;0.19457013;BUY
2016-01-17T00:31:39.817000;2016-01-17T00:31:39.853000;a6e69b45-33f3-4800-ad3d-0fcd3f5814b9;388.56;0.04542887;BUY
2016-01-17T00:31:39.817000;2016-01-17T00:31:39.853000;ce4f21fc-bec5-4fd2-98c0-1f2520ef2bce;388.6;0.01;BUY
2016-01-17T00:31:39.817000;2016-01-17T00:31:39.853000;ba8b595a-c1b6-48f8-b345-f5775e360825;388.61;0.00907113;BUY
2016-01-17T00:32:08.610000;2016-01-17T00:32:08.633000;b3089563-458b-4243-8099-7891dc1bc4c8;388.6;0.1014;BUY
2016-01-17T00:32:35.083000;2016-01-17T00:32:35.103000;19d5d0bd-a716-49d5-9b63-af10bf36175d;388.6;0.99;BUY
2016-01-17T00:32:38.163000;2016-01-17T00:32:38.180000;f50ff2b3-9133-438f-8701-5412b340f1ca;388.59;2.0406;BUY
2016-01-17T00:32:40.883000;2016-01-17T00:32:40.900000;6804f9fd-1f83-49fb-8e13-0d04e73edafb;388.55;0.025;SELL
2016-01-17T00:32:45.733000;2016-01-17T00:32:45.760000;f596a345-7fab-4405-95c5-c6b6e7a3338e;388.58;0.249999;SELL
2016-01-17T00:32:47.517000;2016-01-17T00:32:47.523000;041e3b01-3a8e-4b51-afd0-c599a32f14c7;388.58;0.249999;SELL
2016-01-17T00:32:57.600000;2016-01-17T00:32:57.620000;4cabd407-08ec-482d-8077-e985101f62e4;388.58;0.249999;SELL
2016-01-17T00:33:01.497000;2016-01-17T00:33:01.523000;f7f45f62-2652-41e3-9df9-f761935462bf;388.58;0.01;SELL
2016-01-17T00:33:08.510000;2016-01-17T00:33:08.523000;7cf1d58d-21af-41a4-965d-e600ee6d156a;388.59;0.249999;BUY
2016-01-17T00:33:08.510000;2016-01-17T00:33:08.540000;b8d98209-e169-4d34-bc4d-c0b03bcbe1f4;388.61;0.00092887;BUY
2016-01-17T00:33:08.510000;2016-01-17T00:33:08.540000;a6535a65-d72d-44f7-a064-dba7a379d5ff;388.62;0.01;BUY
2016-01-17T00:33:08.510000;2016-01-17T00:33:08.540000;cd9b039b-9fdb-4d99-a947-c84026222150;388.7;0.3;BUY
2016-01-17T00:33:08.510000;2016-01-17T00:33:08.540000;b3ddad57-f40b-424c-92d5-c6952dd95ceb;388.72;0.01;BUY
2016-01-17T00:33:08.513000;2016-01-17T00:33:08.557000;8a305fd7-1578-4191-a41b-4bd2183e4b73;388.74;0.01;BUY
2016-01-17T00:33:08.513000;2016-01-17T00:33:08.557000;0e970525-0e4a-4f8f-8b0e-e37daae3320d;388.74;0.01;BUY
2016-01-17T00:33:08.513000;2016-01-17T00:33:08.557000;6aa387d9-2521-43fc-a9a6-a2b4e8cf71c2;388.79;0.01;BUY
2016-01-17T00:33:08.513000;2016-01-17T00:33:08.557000;3b186d42-d384-4ae5-a871-cfb02cf663dc;388.87;0.8;BUY
2016-01-17T00:33:08.513000;2016-01-17T00:33:08.573000;d24c4bb2-0aac-483d-b468-9f6a82f87162;388.89;0.01;BUY
2016-01-17T00:33:08.513000;2016-01-17T00:33:08.573000;25383186-2ab9-4912-8853-849c43b0a790;388.9;0.01;BUY
2016-01-17T00:33:08.513000;2016-01-17T00:33:08.573000;8afa1221-e21f-4d88-b91b-5aacc01bc364;388.93;0.01;BUY
2016-01-17T00:33:08.513000;2016-01-17T00:33:08.573000;0b0ca13a-f230-48fd-a774-b85821277369;388.93;0.01;BUY
2016-01-17T00:33:08.513000;2016-01-17T00:33:08.587000;6e6ec721-7d96-4454-94aa-1ba2405fbbe8;388.93;0.01;BUY
2016-01-17T00:33:08.513000;2016-01-17T00:33:08.587000;803ad6d2-3ae0-4c2d-98ed-17b220b517e0;388.94;0.01;BUY
2016-01-17T00:33:08.513000;2016-01-17T00:33:08.587000;25f13045-baf6-4ddf-be58-51606df6c185;388.97;0.01;BUY
2016-01-17T00:33:08.513000;2016-01-17T00:33:08.587000;9b10b205-b6e4-4ab7-ad49-507ce0e0bf4b;388.98;0.01;BUY
2016-01-17T00:33:08.513000;2016-01-17T00:33:08.587000;432e7693-00c7-4214-9330-a55e88d02612;388.98;0.01;BUY
2016-01-17T00:33:08.513000;2016-01-17T00:33:08.587000;6094dd5a-bfca-469a-b3c9-6f6b9e111aa2;388.99;0.01;BUY
2016-01-17T00:33:08.513000;2016-01-17T00:33:08.587000;8b06803f-64cc-48d7-97df-4fed9dfdee8f;389.01;0.01;BUY
2016-01-17T00:33:08.513000;2016-01-17T00:33:08.587000;ab2e5761-8b41-425b-bba5-23700c2668b9;389.03;0.01;BUY
2016-01-17T00:33:08.513000;2016-01-17T00:33:08.633000;cb5cf38e-48de-44a5-b9b7-8a81d6ffa4a5;389.09;0.01;BUY
2016-01-17T00:33:08.517000;2016-01-17T00:33:08.633000;e60b3e29-612e-4098-9fe9-cdd2a3744e96;389.1;0.1;BUY
2016-01-17T00:33:08.517000;2016-01-17T00:33:08.633000;6f8148a6-9776-4882-bba9-ed2e505c33d6;389.1;0.39957213;BUY
2016-01-17T00:33:12.357000;2016-01-17T00:33:12.370000;d5edad3f-6061-46a9-9373-d6dac11eeef7;388.65;0.01;SELL
2016-01-17T00:33:12.357000;2016-01-17T00:33:12.383000;fd65592f-5258-4572-95a6-5f62cc625c7d;388.64;0.29;SELL
2016-01-17T00:33:38.213000;2016-01-17T00:33:38.243000;f47f2941-668a-43ee-b1b7-c6067968f863;389.08;0.01;BUY
2016-01-17T00:33:38.213000;2016-01-17T00:33:38.243000;9a4ad006-963d-4ec4-ae4f-5b73fe8a55c6;389.11;0.01;BUY
2016-01-17T00:33:38.217000;2016-01-17T00:33:38.243000;41cc3eb4-a1c8-4b85-a32e-dd3471a89141;389.13;0.01;BUY
2016-01-17T00:33:38.217000;2016-01-17T00:33:38.260000;17073e36-b4fb-4030-ac15-21fe03b9d460;389.15;0.01;BUY
2016-01-17T00:33:38.217000;2016-01-17T00:33:38.260000;6d5782c7-1142-4397-a750-c49318935df2;389.18;0.01;BUY
2016-01-17T00:33:38.217000;2016-01-17T00:33:38.260000;947156ea-7ed9-48d6-bd7c-c259455c329d;389.19;0.01;BUY
2016-01-17T00:33:38.217000;2016-01-17T00:33:38.260000;178bba56-9464-443e-bce3-e559afe02838;389.28;0.01;BUY
2016-01-17T00:33:38.217000;2016-01-17T00:33:38.273000;bd611c55-03b9-4db3-a91c-a01e550e4599;389.34;0.01;BUY
2016-01-17T00:33:38.217000;2016-01-17T00:33:38.273000;f41b3b88-c24c-4997-9909-a0c7910174dd;389.4;0.01;BUY
2016-01-17T00:33:38.217000;2016-01-17T00:33:38.273000;5b2f5719-4a7f-4a8b-8086-2d703bf742f7;389.4;2.6353;BUY
2016-01-17T00:34:01.500000;2016-01-17T00:34:01.510000;a8daeb50-a549-43de-9f9a-118697a5d720;389.45;0.01;SELL
2016-01-17T00:34:05.133000;2016-01-17T00:34:05.150000;6415c22b-57f9-4301-81f4-5cdb99912e61;389.45;0.025;SELL
2016-01-17T00:34:08.503000;2016-01-17T00:34:08.510000;ace5c7d0-e00a-41bf-af90-c75f34ac61bc;389.45;4.3;SELL
2016-01-17T00:34:08.503000;2016-01-17T00:34:08.523000;6e368f87-5121-439b-a499-39b0c5d8cd17;389.45;2.915;SELL
2016-01-17T00:34:08.503000;2016-01-17T00:34:08.523000;478a68fc-b417-494e-8df1-4c8689d86feb;389.45;0.24;SELL
2016-01-17T00:34:08.503000;2016-01-17T00:34:08.540000;fd942d11-9e53-4474-8906-41e7ed90395a;389.45;0.01;SELL
2016-01-17T00:34:08.503000;2016-01-17T00:34:08.540000;8c88eae3-4fc3-4799-88b5-03c538be2b5d;389.45;0.04;SELL
2016-01-17T00:34:08.503000;2016-01-17T00:34:08.540000;bf83dcc5-b7b5-4e55-837e-0f2985a9c052;389.45;1.0;SELL
2016-01-17T00:34:08.503000;2016-01-17T00:34:08.540000;bc28a125-ea36-41dc-98fb-58d41ec89e1a;389.36;6.37765;SELL
2016-01-17T00:34:08.503000;2016-01-17T00:34:08.557000;5e67cf78-f3f0-4597-9ae1-3b6ae654b27f;389.35;10.87425;SELL
2016-01-17T00:34:11.390000;2016-01-17T00:34:11.400000;cefd1ea3-7d19-4589-98e3-2937f3d62875;389.46;0.01;BUY
2016-01-17T00:34:11.390000;2016-01-17T00:34:11.417000;eb7be22d-8d66-408e-8b03-d5170cd136d4;389.47;0.01;BUY
2016-01-17T00:34:11.390000;2016-01-17T00:34:11.417000;211bc043-dafb-48a0-a451-c097314c2d88;389.49;0.01;BUY
2016-01-17T00:34:11.390000;2016-01-17T00:34:11.417000;f4bc8ded-740c-4ded-851a-dd7e62474cbf;389.5;0.03146518;BUY
2016-01-17T00:34:11.390000;2016-01-17T00:34:11.430000;1ed0b477-3583-4bcf-a3f2-6bfd6d28eb49;389.5;0.01;BUY
2016-01-17T00:34:11.390000;2016-01-17T00:34:11.430000;6411b13f-d762-405e-856d-5222300ed412;389.52;0.01;BUY
2016-01-17T00:34:11.390000;2016-01-17T00:34:11.430000;d405ee07-161f-4f47-9e28-9af2efd892e1;389.64;0.01;BUY
2016-01-17T00:34:11.390000;2016-01-17T00:34:11.430000;4c2c3783-4c18-4572-a6e6-b845c39e8453;389.65;0.01;BUY
2016-01-17T00:34:11.390000;2016-01-17T00:34:11.447000;1db610a6-fd39-4eb7-bb69-a54c0d45c57d;389.69;0.01;BUY
2016-01-17T00:34:13.803000;2016-01-17T00:34:13.823000;efb208e4-b134-412e-88ff-ba76f55ef68b;389.76;0.01;BUY
2016-01-17T00:34:13.803000;2016-01-17T00:34:13.837000;3a517d42-64c0-4f65-a0f6-7d232bae83da;389.77;0.01;BUY
2016-01-17T00:34:13.803000;2016-01-17T00:34:13.837000;11b328ef-8238-4be5-8676-88d266f34e70;389.79;0.01;BUY
2016-01-17T00:34:13.803000;2016-01-17T00:34:13.837000;7a6e300f-1ab2-4271-9b1f-4fc14aa3e33c;389.84;0.01;BUY
2016-01-17T00:34:14.910000;2016-01-17T00:34:14.930000;8794a5fb-60ae-4f3c-afec-9c34ef7de4d4;389.52;0.274;SELL
2016-01-17T00:34:16.127000;2016-01-17T00:34:16.133000;9c4a1adc-1a81-46f9-a114-9ae1d5df7de0;389.89;6.382;BUY
2016-01-17T00:34:16.127000;2016-01-17T00:34:16.150000;584e1f67-e11f-40bd-bdd8-2995370990cc;389.9;2.47;BUY
2016-01-17T00:34:18.440000;2016-01-17T00:34:18.447000;b234f35c-04e1-4c06-b382-cb0953d134d5;389.9;9.399;BUY
2016-01-17T00:34:21.427000;2016-01-17T00:34:21.447000;7517932a-97d0-4a7f-8f36-b282cb97cacd;389.9;9.443;BUY
2016-01-17T00:34:25.550000;2016-01-17T00:34:25.557000;3c869ed1-2930-451b-9955-10cfa415e108;389.9;0.39293237;BUY
2016-01-17T00:34:25.550000;2016-01-17T00:34:25.573000;29b13f03-d9ce-4b52-b922-cdf0a6824103;389.9;0.01;BUY
2016-01-17T00:34:25.550000;2016-01-17T00:34:25.573000;6cf6b53e-3fbb-4bca-bfa8-da486b4f7025;389.9;4.48548188;BUY
2016-01-17T00:34:27.743000;2016-01-17T00:34:27.760000;55799e45-a4ed-4391-bedb-0d2eb4db30db;389.9;3.51451812;BUY
2016-01-17T00:34:32.810000;2016-01-17T00:34:32.823000;af642470-b5a0-45c0-8662-cdd668c620ff;389.96;0.01;BUY
2016-01-17T00:34:34.257000;2016-01-17T00:34:34.273000;f151ea3d-04e6-4589-b009-e81da7a13375;390.0;0.01;BUY
2016-01-17T00:34:34.257000;2016-01-17T00:34:34.273000;ea9f8a54-1156-4eac-a38f-2640e8022954;390.0;0.25;BUY
2016-01-17T00:34:34.257000;2016-01-17T00:34:34.273000;ea0b78c4-858d-4d68-835f-ff379fe6bb1d;390.0;0.01;BUY
2016-01-17T00:34:34.257000;2016-01-17T00:34:34.273000;6d59c3a2-3ef3-4fd5-af45-474bc209339f;390.0;1.0;BUY
2016-01-17T00:34:38.250000;2016-01-17T00:34:38.273000;424f21ec-fd07-4429-8318-bd635942fab8;390.01;0.01;BUY
2016-01-17T00:34:38.250000;2016-01-17T00:34:38.273000;0e2aa0a4-93ac-4faf-b220-8aa833e31802;390.03;0.3165;BUY
2016-01-17T00:34:38.250000;2016-01-17T00:34:38.290000;6e2b6de3-5dfa-4ea7-9856-130cadc27b2a;390.04;0.01;BUY
2016-01-17T00:34:38.253000;2016-01-17T00:34:38.290000;9305235c-9835-41c1-9dc2-75f08adaafa0;390.13;0.01;BUY
2016-01-17T00:34:38.253000;2016-01-17T00:34:38.290000;e27d162d-87d7-4138-a959-81d8d0ae34cf;390.13;0.01;BUY
2016-01-17T00:34:38.253000;2016-01-17T00:34:38.290000;2ffd412d-d26e-4b78-b197-5a9e1afec978;390.15;0.01;BUY
2016-01-17T00:34:38.253000;2016-01-17T00:34:38.290000;ea5e82a6-7795-4a3c-a02f-81921e2b3615;390.19;0.01;BUY
2016-01-17T00:34:38.253000;2016-01-17T00:34:38.290000;475ad5a1-c6e4-440d-be0c-ccf7dd58de67;390.21;0.01;BUY
2016-01-17T00:34:38.253000;2016-01-17T00:34:38.307000;d6f2de59-ccad-40d2-9c38-637e846a4950;390.23;0.01;BUY
2016-01-17T00:34:38.253000;2016-01-17T00:34:38.307000;e178f022-9acc-4268-a8e9-eca541ae5163;390.24;0.37435915;BUY
2016-01-17T00:34:38.253000;2016-01-17T00:34:38.307000;bab77aca-43ef-4e6d-82ba-1791e3ed1df3;390.29;0.01;BUY
2016-01-17T00:34:38.253000;2016-01-17T00:34:38.307000;751a614b-fca2-4d9d-989b-792ece5f2201;390.29;0.3;BUY
2016-01-17T00:34:38.253000;2016-01-17T00:34:38.323000;1fc4773a-2248-403e-a184-28d855ffce2a;390.36;0.01;BUY
2016-01-17T00:34:38.253000;2016-01-17T00:34:38.323000;cb236ff1-396d-4e6d-8cff-1e31021cdf7c;390.39;0.01;BUY
2016-01-17T00:34:38.253000;2016-01-17T00:34:38.337000;602f0957-b2f4-4c68-a0bf-20c9b45551ba;390.43;0.01;BUY
2016-01-17T00:34:38.253000;2016-01-17T00:34:38.337000;56e4ce41-5c14-4fb2-aca7-e9a245b025dd;390.44;0.01;BUY
2016-01-17T00:34:38.253000;2016-01-17T00:34:38.337000;47983af1-0633-4b69-bc5f-c2bad101c678;390.46;0.01;BUY
2016-01-17T00:34:38.253000;2016-01-17T00:34:38.337000;16119a77-02df-4635-b32b-a70397abdb35;390.46;0.01;BUY
2016-01-17T00:34:38.253000;2016-01-17T00:34:38.337000;d646ed12-ef7b-423d-84dd-14cfb28a4ac3;390.48;0.01;BUY
2016-01-17T00:34:38.253000;2016-01-17T00:34:38.353000;8542c600-6ef6-42e9-b690-c5b815f0f603;390.49;0.01;BUY
2016-01-17T00:34:38.257000;2016-01-17T00:34:38.353000;5d26a202-2269-40da-b4a0-844f211219ca;390.5;0.01;BUY
2016-01-17T00:34:38.257000;2016-01-17T00:34:38.353000;9298ea5e-1ddf-46bf-b4ac-4ae5a426cb06;390.5;0.03146518;BUY
2016-01-17T00:34:38.257000;2016-01-17T00:34:38.370000;3a093bbb-c6b0-4aa2-b07e-4dcc174c7391;390.53;0.01;BUY
2016-01-17T00:34:38.257000;2016-01-17T00:34:38.370000;074ef418-37cd-4f69-a6d8-b7ea7cde9e17;390.59;0.111;BUY
2016-01-17T00:34:38.257000;2016-01-17T00:34:38.370000;80a2a400-df82-47c4-950c-2afae650cd1a;390.65;0.01;BUY
2016-01-17T00:34:38.257000;2016-01-17T00:34:38.370000;3e736737-93d9-4e0d-9ecb-d230c63bc731;390.66;0.01;BUY
2016-01-17T00:34:38.257000;2016-01-17T00:34:38.370000;bf70de15-cc04-44d9-bde5-fe8552c3f48a;390.66;0.01;BUY
2016-01-17T00:34:38.257000;2016-01-17T00:34:38.383000;8a93c94d-30d9-41c0-be20-bd131180c9b9;390.67;0.01;BUY
2016-01-17T00:34:38.257000;2016-01-17T00:34:38.383000;b4be4676-b82a-42af-9efa-e6b5d16dd128;390.67;0.01;BUY
2016-01-17T00:34:38.257000;2016-01-17T00:34:38.383000;bc04c42c-6ea0-4ee1-a7f7-b7123db8ab6a;390.68;0.01;BUY
2016-01-17T00:34:38.257000;2016-01-17T00:34:38.383000;b2bbf1f2-d981-404b-ac26-d20dcd80ee84;390.68;0.01;BUY
2016-01-17T00:34:38.257000;2016-01-17T00:34:38.383000;a1dda341-7634-4dd5-aea5-dd47930eb965;390.73;0.01;BUY
2016-01-17T00:34:38.257000;2016-01-17T00:34:38.400000;2c8ad29f-fa94-43b7-aeed-18b87fa135d6;390.77;0.01;BUY
2016-01-17T00:34:38.257000;2016-01-17T00:34:38.400000;c688c845-0e8a-4a43-8b84-bcde1a5e28d9;390.87;0.45608318;BUY
2016-01-17T00:34:38.257000;2016-01-17T00:34:38.400000;d33980f1-3af9-4181-9314-add686294bbf;390.89;0.01;BUY
2016-01-17T00:34:38.257000;2016-01-17T00:34:38.400000;41bd119d-2a21-4a72-b100-aa0b56bb3dae;390.93;0.01;BUY
2016-01-17T00:34:38.257000;2016-01-17T00:34:38.400000;2dd6b2fe-5364-4592-bd5f-78b02cab0725;390.94;0.01;BUY
2016-01-17T00:34:38.260000;2016-01-17T00:34:38.400000;19296b15-5187-401d-bc75-3bfdd5ec6270;390.94;0.01;BUY
2016-01-17T00:34:38.260000;2016-01-17T00:34:38.417000;40f9df8a-fe26-4a8f-823d-078473034c04;390.94;0.01;BUY
2016-01-17T00:34:38.260000;2016-01-17T00:34:38.417000;27146b02-4459-42c4-af1e-61945ae66569;390.96;0.01;BUY
2016-01-17T00:34:38.260000;2016-01-17T00:34:38.417000;543f3d7b-8cdf-465a-8047-dc38a8b7ee10;390.98;4.63589249;BUY
2016-01-17T00:34:40.930000;2016-01-17T00:34:40.947000;aa36b3e5-2536-4918-b4d5-e53c9dbc8177;390.98;0.3;BUY
2016-01-17T00:34:47.877000;2016-01-17T00:34:47.883000;455621a8-ecfa-4756-af4a-8c636aac31cc;390.84;0.249999;BUY
2016-01-17T00:34:50.047000;2016-01-17T00:34:50.057000;8e5c2425-a9b4-4920-bd46-fb34b1f7fd39;390.89;0.249999;BUY
2016-01-17T00:34:50.047000;2016-01-17T00:34:50.073000;bf89ff05-c4c7-430d-9685-5b83b6220661;390.98;0.55440751;BUY
2016-01-17T00:34:50.047000;2016-01-17T00:34:50.073000;0a969d27-d43c-4fe5-bb3f-07e9d16609b4;390.99;0.01;BUY
2016-01-17T00:34:50.047000;2016-01-17T00:34:50.073000;9a957a41-bcfb-4893-a7d1-df3553ec2ace;390.99;0.01;BUY
2016-01-17T00:34:50.047000;2016-01-17T00:34:50.087000;67928eef-82d5-4ef5-972b-5a429d540b80;391.0;0.46479729;BUY
2016-01-17T00:34:52.960000;2016-01-17T00:34:52.963000;ce866904-9994-4f13-8a31-72c938b9bc3a;390.97;0.249999;BUY
2016-01-17T00:34:59.237000;2016-01-17T00:34:59.243000;d516a1fe-7891-41f0-9757-1c6a36df59ea;390.99;1.06;BUY
2016-01-17T00:35:01.020000;2016-01-17T00:35:01.023000;1bfb1cab-6ac8-425a-b6db-01c803654486;390.99;7.8301;BUY
2016-01-17T00:35:02.200000;2016-01-17T00:35:02.213000;3cf20100-e491-4c2c-b18b-330e9bc5f439;390.98;0.01;SELL
2016-01-17T00:35:10.917000;2016-01-17T00:35:10.930000;ae98739c-5307-4b23-aeb4-907adf3643d8;390.99;3.50843739;BUY
2016-01-17T00:35:10.917000;2016-01-17T00:35:10.930000;134720c4-7aeb-4fd1-91f2-d475ab6c0bab;391.0;3.99156261;BUY
2016-01-17T00:35:11.637000;2016-01-17T00:35:11.650000;eb781896-dbf5-4225-a504-a5913ceb53f0;391.0;6.0;BUY
2016-01-17T00:35:11.893000;2016-01-17T00:35:11.900000;549ad5fc-c18d-43da-9ef4-488ad1bf3c9a;391.0;1.49271627;BUY
2016-01-17T00:35:12.507000;2016-01-17T00:35:12.510000;67da5e76-83e1-4522-98fa-e7c63993baef;391.0;4.9705;BUY
2016-01-17T00:35:13.040000;2016-01-17T00:35:13.073000;d04542ee-c3ca-4163-924f-6aa76c4ef11f;391.0;0.5;BUY
2016-01-17T00:35:14.663000;2016-01-17T00:35:14.667000;3241ce9b-9c0e-4e99-ae60-afc230ec0115;391.0;1.0;BUY
2016-01-17T00:35:37.477000;2016-01-17T00:35:37.477000;bce42673-c5de-49eb-aa93-55654ab78d55;390.99;0.025;SELL
2016-01-17T00:35:38.113000;2016-01-17T00:35:38.120000;55681dcf-ee98-42f0-b684-55014f681819;391.0;0.0843;BUY
2016-01-17T00:35:44.073000;2016-01-17T00:35:44.073000;3bd98a2b-23e3-4345-a0aa-75e8d1ecadb8;390.99;0.025;SELL
2016-01-17T00:35:46.817000;2016-01-17T00:35:46.823000;229e5823-943c-45f4-9117-eeb5a1a37299;390.99;0.025;SELL
2016-01-17T00:35:51.517000;2016-01-17T00:35:51.523000;910be920-9fcf-45cf-a42c-567868662a32;390.99;0.025;SELL
2016-01-17T00:35:56.687000;2016-01-17T00:35:56.733000;5469cc9d-abdc-4196-a121-73fa640f2a04;390.99;0.025;SELL
2016-01-17T00:35:59.807000;2016-01-17T00:35:59.843000;99be1a3a-8a15-4a7c-ba65-b1292af7b98d;390.99;0.025;SELL
2016-01-17T00:36:01.777000;2016-01-17T00:36:01.810000;9cd4db57-daa2-4da2-a910-db26a82e5625;390.99;0.01;SELL
2016-01-17T00:36:08.013000;2016-01-17T00:36:08.060000;6673d55d-cf7e-4624-85d7-1e53aa8badfd;391.0;2.001;BUY
2016-01-17T00:36:17.657000;2016-01-17T00:36:17.703000;55d4f9bb-9ce2-4a60-8c09-a96c1c239460;390.99;0.025;SELL
2016-01-17T00:36:21.303000;2016-01-17T00:36:21.343000;910dad31-0bdd-4a61-b383-cc218ad3a1b8;390.99;0.025;SELL
2016-01-17T00:36:23.990000;2016-01-17T00:36:24.030000;486c0119-fe38-4b3e-92d7-4a535ed8c6f1;390.99;0.025;SELL
2016-01-17T00:36:27.987000;2016-01-17T00:36:28.030000;01faf2a6-a72a-4960-ba5f-141955c6d01c;390.99;0.03;SELL
2016-01-17T00:36:36.117000;2016-01-17T00:36:36.153000;29ba6597-54c2-4f9c-86a3-3c9fba106c24;390.99;0.02;SELL
2016-01-17T00:36:38.237000;2016-01-17T00:36:38.280000;74e778bd-374f-402e-bc3b-e264de12eba2;390.99;0.2;SELL
2016-01-17T00:36:38.237000;2016-01-17T00:36:38.280000;32b5738c-bd99-4cdc-ac8d-3072598724ec;390.99;2.719;SELL
2016-01-17T00:36:38.240000;2016-01-17T00:36:38.297000;365e6df1-6474-424b-a0ca-561ed0569cef;390.98;1.267;SELL
2016-01-17T00:36:38.240000;2016-01-17T00:36:38.297000;9c5c13c5-fcb3-4717-9543-95606112ac2e;390.98;0.1639;SELL
2016-01-17T00:36:42.640000;2016-01-17T00:36:42.687000;7f0fda94-46d7-488f-b17c-56fdbe2e91a5;390.99;0.17;SELL
2016-01-17T00:36:49.347000;2016-01-17T00:36:49.390000;25482995-aaa3-43ce-bd13-140d9370db2c;390.99;0.08;SELL
2016-01-17T00:36:49.347000;2016-01-17T00:36:49.390000;4c3b51d3-e21c-4d77-9ad1-e0488bdf6091;390.99;0.94;SELL
2016-01-17T00:37:00.640000;2016-01-17T00:37:00.687000;6dbc8315-5821-4194-ad6a-ee00abbd889d;390.99;0.25;SELL
2016-01-17T00:37:00.640000;2016-01-17T00:37:00.687000;2bcf7131-92e5-41f7-b120-1b22dd196177;390.98;0.53;SELL
2016-01-17T00:37:01.617000;2016-01-17T00:37:01.653000;56d2cb18-8a5d-48a1-bb9c-12d185630f91;390.99;0.01;SELL
2016-01-17T00:37:03.253000;2016-01-17T00:37:03.297000;641ab226-b570-4897-beac-d0a172131688;390.99;0.17;SELL
2016-01-17T00:37:08.167000;2016-01-17T00:37:08.217000;207434ab-53ca-4cfc-8aa0-afaa25dcb24a;391.0;1.1629;BUY
2016-01-17T00:37:08.323000;2016-01-17T00:37:08.373000;d9e2ad77-7fa9-4e57-a662-5dc5e768d7c1;390.99;0.07;SELL
2016-01-17T00:37:15.550000;2016-01-17T00:37:15.593000;4cb297d6-e87b-459a-8f72-e2c51d363d70;390.98;0.234;SELL
2016-01-17T00:37:18.010000;2016-01-17T00:37:18.060000;49fd8c29-0a71-4669-895a-472736a9cc04;390.98;0.95;SELL
2016-01-17T00:37:21.267000;2016-01-17T00:37:21.310000;526a88a0-1e42-4b45-9835-fe6db2100a3b;390.98;8.06;BUY
2016-01-17T00:37:32.913000;2016-01-17T00:37:32.953000;35298549-f6ba-4f36-b880-40cd5afbc11a;390.96;0.01;SELL
2016-01-17T00:37:32.917000;2016-01-17T00:37:32.967000;3e508566-966f-4060-983b-9b0d243c846d;390.93;0.01;SELL
2016-01-17T00:37:32.917000;2016-01-17T00:37:32.967000;905f430f-5baf-44c9-9953-4a49456c5999;390.91;0.01;SELL
2016-01-17T00:37:32.917000;2016-01-17T00:37:32.967000;b26a7406-bcdd-4c77-a6d4-2c967588e79d;390.9;0.01;SELL
2016-01-17T00:37:32.917000;2016-01-17T00:37:32.983000;39d2ea42-c9d0-401b-af8f-1d049d21e594;390.9;0.25;SELL
2016-01-17T00:37:32.917000;2016-01-17T00:37:32.983000;59df70dc-f21e-4e32-beb3-addd446b0a69;390.89;0.01;SELL
2016-01-17T00:37:32.917000;2016-01-17T00:37:32.983000;4c369047-d6cb-4088-940a-1afe7d6cde07;390.88;0.7;SELL
2016-01-17T00:37:34.757000;2016-01-17T00:37:34.797000;c1c2b56f-d0c7-4d26-a2b2-18a255374f51;390.9;1.1048;BUY
2016-01-17T00:37:38.903000;2016-01-17T00:37:38.953000;b062239b-9ad5-4666-a059-ff291f46e524;390.92;0.39;BUY
2016-01-17T00:37:38.903000;2016-01-17T00:37:38.953000;91708a64-3b9e-4dd8-8589-6c62e6a0c2ce;390.97;10.95;BUY
2016-01-17T00:37:38.907000;2016-01-17T00:37:38.953000;9a576661-2bd3-4345-836d-53bad8c9ca3a;390.98;0.189;BUY
2016-01-17T00:37:38.907000;2016-01-17T00:37:38.953000;f4f8326b-f4a4-42c1-80e6-6fd1a1440928;390.98;5.5383;BUY
2016-01-17T00:37:46.963000;2016-01-17T00:37:47.000000;d24c770e-8bd0-4ac8-8ebf-bf2845791091;390.9;0.01;SELL
2016-01-17T00:37:46.963000;2016-01-17T00:37:47.013000;585dbf48-1e10-421a-b573-fcafbc7d5fa8;390.89;0.01;SELL
2016-01-17T00:37:46.963000;2016-01-17T00:37:47.013000;7212e32d-37f7-4073-9ba7-5ba6dd351a81;390.89;0.005;SELL
2016-01-17T00:37:50.970000;2016-01-17T00:37:51.013000;acdd7beb-ed6d-419c-8e60-d9449e782a50;390.9;0.01;SELL
2016-01-17T00:37:50.970000;2016-01-17T00:37:51.013000;7d3da232-65dc-45e6-b01d-5f26d58ca523;390.89;0.015;SELL
2016-01-17T00:38:01.903000;2016-01-17T00:38:01.937000;bd8e7e3f-831c-4c9e-80ec-347ded2972af;390.89;0.01;SELL
2016-01-17T00:38:08.163000;2016-01-17T00:38:08.203000;fc4b84f6-1ee9-4942-9477-f33c05212369;390.9;0.2804;BUY
2016-01-17T00:38:38.197000;2016-01-17T00:38:38.233000;57a60f05-c83c-4317-8f45-d112370098c7;390.9;1.2417;BUY
2016-01-17T00:38:47.083000;2016-01-17T00:38:47.123000;d302523e-3cbb-43c7-8835-1e1ac4bb1f38;390.89;0.22;SELL
2016-01-17T00:38:47.083000;2016-01-17T00:38:47.123000;66f296a7-532e-4553-be77-f0131adebead;390.88;0.5;SELL
2016-01-17T00:38:47.083000;2016-01-17T00:38:47.123000;487b2525-98d5-4d4a-b9c3-c50aca6e2d70;390.88;1.06;SELL
2016-01-17T00:38:47.083000;2016-01-17T00:38:47.140000;875e3cd0-11fb-439b-91aa-723236ed21ee;390.86;0.01;SELL
2016-01-17T00:38:47.083000;2016-01-17T00:38:47.153000;3a833bf4-1a38-4c75-9f98-81f959f601fe;390.84;0.01;SELL
2016-01-17T00:38:47.083000;2016-01-17T00:38:47.217000;3aaf7e66-6e3c-4c84-baa1-82a1e7bc7b82;390.82;0.01;SELL
2016-01-17T00:38:47.083000;2016-01-17T00:38:47.217000;a779a937-26a3-4b86-a59c-d1cfefd0febb;390.81;6.05;SELL
2016-01-17T00:38:47.083000;2016-01-17T00:38:47.217000;a7cbc7e5-fce6-4f53-b389-89157ab62cb9;390.8;0.01;SELL
2016-01-17T00:38:47.083000;2016-01-17T00:38:47.217000;2c12d0dc-869f-4163-a1e3-91e3c8ca6052;390.8;0.23;SELL
2016-01-17T00:38:47.083000;2016-01-17T00:38:47.217000;b11013d4-58d1-45c0-b594-9390bf4d0a9d;390.78;0.01;SELL
2016-01-17T00:38:47.083000;2016-01-17T00:38:47.217000;c804f460-1b51-491f-aa7c-05c334f232ec;390.77;6.33742;SELL
2016-01-17T00:38:47.083000;2016-01-17T00:38:47.217000;4cb69e87-46b9-4e54-a7f0-2d74c51248ab;390.74;0.01;SELL
2016-01-17T00:38:47.083000;2016-01-17T00:38:47.217000;8ec861df-6730-4561-8c6d-c9188e9cf7e8;390.74;0.476;SELL
2016-01-17T00:38:47.083000;2016-01-17T00:38:47.217000;076942d4-96a7-47f8-9d1d-e4e8b2226dcd;390.69;0.01;SELL
2016-01-17T00:38:47.083000;2016-01-17T00:38:47.217000;6b399b3a-aa58-4f40-9a48-604665f8a9d0;390.68;0.01;SELL
2016-01-17T00:38:47.083000;2016-01-17T00:38:47.217000;b362b0d5-0503-451a-be8e-91b7f569ac3a;390.67;0.0523;SELL
2016-01-17T00:38:47.083000;2016-01-17T00:38:47.217000;eba38e26-397c-48f3-a41a-79ad5c325ca8;390.55;1.426;SELL
2016-01-17T00:38:47.083000;2016-01-17T00:38:47.217000;beb5598c-a304-4f29-a939-d87d57fbc675;390.52;0.01;SELL
2016-01-17T00:38:47.550000;2016-01-17T00:38:47.593000;34df4462-e0e3-449a-a8e4-52fb9d4a2e6e;390.39;0.052;BUY
2016-01-17T00:38:57.510000;2016-01-17T00:38:57.547000;a7963c79-d850-48e6-b0a7-7102b92a86e7;390.36;0.25;SELL
2016-01-17T00:38:57.510000;2016-01-17T00:38:57.560000;fa117b51-9b18-4ab1-ae2e-233f1803fc64;390.36;0.08157417;SELL
2016-01-17T00:39:00.260000;2016-01-17T00:39:00.297000;75cfa6c5-cb2c-4565-b49f-400af60925dc;390.38;0.086;BUY
2016-01-17T00:39:01.543000;2016-01-17T00:39:01.577000;2f657069-8ce5-4f07-9f55-79860a7f52f2;390.36;0.01;SELL
2016-01-17T00:39:08.723000;2016-01-17T00:39:08.763000;89bb3984-7287-4295-b0ec-7eba5db35983;390.38;2.814;BUY
2016-01-17T00:39:08.723000;2016-01-17T00:39:08.780000;662876bf-af1e-4742-801e-fbdb92326ab4;390.39;1.5358;BUY
2016-01-17T00:39:22.477000;2016-01-17T00:39:22.513000;8cce6689-b56f-4f76-8068-9c1877928a3a;390.36;0.24;SELL
2016-01-17T00:39:22.477000;2016-01-17T00:39:22.530000;30b92689-c363-48af-9940-f0068dfbc6d0;390.36;0.081;SELL
2016-01-17T00:39:22.477000;2016-01-17T00:39:22.530000;efd5afb9-493e-4611-8029-ed5194442c77;390.35;0.01;SELL
2016-01-17T00:39:22.477000;2016-01-17T00:39:22.530000;44160bf9-8104-43d2-a503-649196597cb9;390.34;0.01;SELL
2016-01-17T00:39:22.477000;2016-01-17T00:39:22.577000;e1454643-7765-4920-b5e6-0fa3307e1309;390.33;0.01;SELL
2016-01-17T00:39:22.477000;2016-01-17T00:39:22.577000;26264d57-969e-4c89-b140-4261a0da86e3;390.32;0.01;SELL
2016-01-17T00:39:22.477000;2016-01-17T00:39:22.577000;68d79d61-009d-436e-b8fc-aa1f17cd0e11;390.31;0.092;SELL
2016-01-17T00:39:22.477000;2016-01-17T00:39:22.577000;4f32d0d0-1498-485b-90e2-58deec64b865;390.26;0.094;SELL
2016-01-17T00:39:22.477000;2016-01-17T00:39:22.577000;5f1052b7-8e9f-4b80-8677-5349b6296fc3;390.21;0.092;SELL
2016-01-17T00:39:22.477000;2016-01-17T00:39:22.577000;3b7fb5c7-f90a-42e6-9934-5263026bcc0d;390.16;0.074;SELL
2016-01-17T00:39:22.477000;2016-01-17T00:39:22.577000;169ea4aa-8161-4361-ba16-3464bce48183;390.06;6.37624;SELL
2016-01-17T00:39:22.480000;2016-01-17T00:39:22.577000;05970b4f-f0e5-4091-ad56-2fc56b976bf4;390.05;3.3;SELL
2016-01-17T00:39:22.480000;2016-01-17T00:39:22.577000;28338af5-df5d-4764-9629-832bdfa3f0b1;390.03;0.01;SELL
2016-01-17T00:39:22.480000;2016-01-17T00:39:22.577000;faa2e7dd-d7a2-47d8-a971-b47ed3d92602;390.03;4.316;SELL
2016-01-17T00:39:22.480000;2016-01-17T00:39:22.607000;93852fe3-fc57-4bc9-b23f-6c294fdc7a9a;390.03;3.07;SELL
2016-01-17T00:39:22.480000;2016-01-17T00:39:22.607000;a425c88b-6547-4abc-a506-fcce0ec243b7;390.02;0.01;SELL
2016-01-17T00:39:22.480000;2016-01-17T00:39:22.607000;c65ca2e6-18cc-4eb2-b698-71881799acc7;390.01;0.483;SELL
2016-01-17T00:39:22.480000;2016-01-17T00:39:22.607000;ebd75b35-261a-4525-83c0-94f2f0eca18c;390.0;1.72176;SELL
2016-01-17T00:39:50.853000;2016-01-17T00:39:50.890000;d16c2e96-0892-4bd8-bca5-2fb78fd2d14e;390.22;0.01;SELL
2016-01-17T00:39:50.853000;2016-01-17T00:39:50.907000;60315f27-8b5c-472f-82c2-43acfcb8ad9d;390.22;3.783;SELL
2016-01-17T00:40:01.857000;2016-01-17T00:40:01.907000;6ce986f8-80f6-4c4f-aaef-158437328923;390.3;0.01;SELL
2016-01-17T00:40:08.953000;2016-01-17T00:40:08.983000;b8fc0edf-50d4-4cdc-b32b-eb10ce1c8ceb;390.33;0.25;SELL
2016-01-17T00:40:08.953000;2016-01-17T00:40:09.000000;bc2700b5-2ab0-4faf-a64a-0ebd086a4d64;390.32;6.39526;SELL
2016-01-17T00:40:08.953000;2016-01-17T00:40:09.000000;338cbf69-6949-4849-b479-6f31b6d29d69;390.3;0.094;SELL
2016-01-17T00:40:08.957000;2016-01-17T00:40:09.000000;3e4bbb58-b6b4-4a2f-bf67-7f747788a9a2;390.25;0.01;SELL
2016-01-17T00:40:08.957000;2016-01-17T00:40:09.013000;4aa4371b-c95a-4617-9341-5a3edc0a5be5;390.25;0.072;SELL
2016-01-17T00:40:08.957000;2016-01-17T00:40:09.013000;15d94234-c3bf-44b2-9a42-f99be9f5d19e;390.24;0.01;SELL
2016-01-17T00:40:08.957000;2016-01-17T00:40:09.013000;fb23f7a5-67a9-4028-83cf-4d7c6aefc2d4;390.21;0.01;SELL
2016-01-17T00:40:08.957000;2016-01-17T00:40:09.013000;52025b91-1cda-4ef1-9386-dc648f64cfa6;390.2;0.01;SELL
2016-01-17T00:40:08.957000;2016-01-17T00:40:09.030000;e5b8d4cc-7b46-46a1-bdf6-2631cf864aa8;390.19;0.01;SELL
2016-01-17T00:40:08.957000;2016-01-17T00:40:09.030000;b23d3738-3b01-49bd-af4c-4c9c4c36f143;390.16;1.657;SELL
2016-01-17T00:40:08.957000;2016-01-17T00:40:09.030000;85b36f8c-abc3-40bc-9c77-5ec38bd62fdc;390.15;0.01;SELL
2016-01-17T00:40:08.957000;2016-01-17T00:40:09.047000;a1ac0628-db9e-4eec-83c6-5777ef11e450;390.14;0.01;SELL
2016-01-17T00:40:08.957000;2016-01-17T00:40:09.047000;f9cd92a8-8d93-4433-98d3-dc646c4f8d4a;390.09;0.01;SELL
2016-01-17T00:40:08.957000;2016-01-17T00:40:09.060000;3dabccc7-1fe8-4307-a394-13fbca765091;390.08;0.01;SELL
2016-01-17T00:40:08.957000;2016-01-17T00:40:09.060000;de408693-3a0b-4e60-b7ba-df0434dbfaac;390.06;0.876;SELL
2016-01-17T00:40:08.957000;2016-01-17T00:40:09.060000;66f0b152-0a77-4240-b844-b2712ada53b2;390.05;3.3;SELL
2016-01-17T00:40:08.957000;2016-01-17T00:40:09.060000;1e8bf42c-1f28-4ccf-b22c-5997b1ea209b;390.04;0.01;SELL
2016-01-17T00:40:08.960000;2016-01-17T00:40:09.060000;b80c4adb-d11f-417f-b6f4-c1552ed0cae2;390.04;0.01;SELL
2016-01-17T00:40:08.960000;2016-01-17T00:40:09.077000;1617ce37-357c-42cb-a77b-e81634a40424;390.04;0.104;SELL
2016-01-17T00:40:08.960000;2016-01-17T00:40:09.077000;6571e9d4-5c6a-475f-b00b-51d35e055a41;390.02;0.01;SELL
2016-01-17T00:40:08.960000;2016-01-17T00:40:09.077000;5665f930-82f4-46ec-a198-ca427e33a142;390.02;0.01;SELL
2016-01-17T00:40:08.960000;2016-01-17T00:40:09.093000;c00e9992-f0f9-4534-886f-078ec1ec31e7;390.0;0.0115;SELL
2016-01-17T00:40:08.960000;2016-01-17T00:40:09.093000;3f884326-a922-4b2f-a6d4-2cc3159f0b91;390.0;0.0115;SELL
2016-01-17T00:40:08.960000;2016-01-17T00:40:09.093000;c64e6422-b6db-40b1-b650-2e4aaee93f37;389.95;0.097;SELL
2016-01-17T00:40:08.960000;2016-01-17T00:40:09.093000;7ab1d65f-2638-499f-a4e0-d7b38186ee8c;389.9;0.125;SELL
2016-01-17T00:40:08.960000;2016-01-17T00:40:09.093000;40074ce0-4b22-418b-a3d6-236ea9f67f1f;389.88;0.01;SELL
2016-01-17T00:40:08.960000;2016-01-17T00:40:09.093000;c43b8d61-aa86-42cb-a980-87d26ef687d9;389.85;0.097;SELL
2016-01-17T00:40:09.053000;2016-01-17T00:40:09.123000;5d5d77ba-0302-427b-bb30-40347625a6f5;389.83;1.73;BUY
2016-01-17T00:40:09.307000;2016-01-17T00:40:09.343000;67ae9c15-895a-40a9-8893-13aeee7fc8ef;389.83;1.0659;BUY
2016-01-17T00:40:21.077000;2016-01-17T00:40:21.123000;777f7d38-efe8-4648-aa1a-7d32fd392744;389.82;0.3;SELL
2016-01-17T00:40:21.077000;2016-01-17T00:40:21.123000;90b9c14a-dbfe-431d-b33f-57ad7b29083c;389.82;1.7;SELL
2016-01-17T00:40:28.667000;2016-01-17T00:40:28.703000;17461c96-cdc8-4b07-87ed-c710de511a24;389.83;0.08;BUY
2016-01-17T00:40:38.560000;2016-01-17T00:40:38.593000;557bb885-9341-48cb-85b0-326c19b34f65;389.82;5.09;SELL
2016-01-17T00:40:38.560000;2016-01-17T00:40:38.593000;0db4ab3b-80b2-4d52-a6c2-3f92e902726c;389.82;2.034;SELL
2016-01-17T00:40:38.560000;2016-01-17T00:40:38.607000;1b122b1b-ee36-4708-aa8b-1b73e448f33e;389.82;7.1972;SELL
2016-01-17T00:41:01.717000;2016-01-17T00:41:01.750000;ff868612-28f9-43b9-b2b4-d8452ccf753d;389.8;0.01;SELL
2016-01-17T00:41:08.207000;2016-01-17T00:41:08.233000;a279fe27-6697-4962-a729-59ba025da3c7;389.83;1.0008;BUY
2016-01-17T00:41:38.090000;2016-01-17T00:41:38.123000;b5f7a7bd-61ed-4b66-8523-a90962590c32;389.83;2.5944;BUY
2016-01-17T00:42:01.510000;2016-01-17T00:42:01.530000;ae59a1b3-5f8f-413b-aa43-1b7cd4af237a;389.82;0.01;SELL
2016-01-17T00:42:08.297000;2016-01-17T00:42:08.327000;20bcc334-68b7-48a7-be90-32caf9eab489;389.83;0.1451;BUY
2016-01-17T00:42:46.550000;2016-01-17T00:42:46.577000;a6c81d98-d7c8-4e93-8bcb-d9eaa588c5c3;389.83;0.15354;BUY
2016-01-17T00:42:46.550000;2016-01-17T00:42:46.593000;f1f805cf-afe1-4878-9c5f-2df1930de774;389.83;0.65536;BUY
2016-01-17T00:43:02.333000;2016-01-17T00:43:02.357000;69a0c226-cc3b-4c4c-af36-1f3d6808d53d;389.82;0.01;SELL
2016-01-17T00:43:08.127000;2016-01-17T00:43:08.157000;f6887734-5b21-4089-b8fa-c50137f9371f;389.83;0.2147;BUY
2016-01-17T00:43:38.177000;2016-01-17T00:43:38.203000;79a20ace-e6da-4208-976a-06b1db29a4d7;389.83;0.6568;BUY
2016-01-17T00:44:01.397000;2016-01-17T00:44:01.420000;4200ed38-f4aa-44cf-a4fb-a99d70120d0b;389.82;0.01;SELL
2016-01-17T00:44:08.343000;2016-01-17T00:44:08.373000;df971b5b-427f-4b5a-b2fd-70bc141119c8;389.83;0.027;BUY
2016-01-17T00:44:38.237000;2016-01-17T00:44:38.250000;05ca34fc-8e07-4963-928f-d39b3e3a58d5;389.83;0.223;BUY
2016-01-17T00:44:38.237000;2016-01-17T00:44:38.263000;e4de6ae2-6231-4804-8561-e93e2074b84c;389.83;0.9801;BUY
2016-01-17T00:45:01.437000;2016-01-17T00:45:01.453000;3007cdfa-8735-4476-aa7d-c9516f69a66c;389.97;0.01;SELL
2016-01-17T00:45:10.813000;2016-01-17T00:45:10.827000;f530b8d0-91a2-4c4d-b723-7e9ca82da694;389.99;4.69;BUY
2016-01-17T00:45:10.813000;2016-01-17T00:45:10.843000;51330c9f-4742-49ae-9eb8-8c5c6a0b8cfb;390.0;0.01;BUY
2016-01-17T00:45:10.813000;2016-01-17T00:45:10.843000;017256eb-5c9b-47f4-bb68-87fac6c4554b;390.09;4.2142;BUY
2016-01-17T00:45:38.483000;2016-01-17T00:45:38.500000;5342190b-6f0c-4506-96ab-936979f2dc10;390.1;0.0888;BUY
2016-01-17T00:45:57.590000;2016-01-17T00:45:57.623000;be5ddad9-18e5-4c2a-ba0c-7f6599f0bb7a;390.12;6.36494;BUY
2016-01-17T00:45:57.593000;2016-01-17T00:45:57.623000;e9a33881-ea15-48ed-86b5-3e6fe1e44e2d;390.13;13.63506;BUY
2016-01-17T00:46:01.300000;2016-01-17T00:46:01.310000;efb35992-9778-439e-9672-4e5a4a5791ba;390.1;0.01;SELL
2016-01-17T00:46:08.540000;2016-01-17T00:46:08.560000;371f7f7f-ed31-4752-b950-d6acc79615cf;390.14;0.35;BUY
2016-01-17T00:46:08.540000;2016-01-17T00:46:08.577000;cb01f4ed-3b25-42d0-97e0-6be52d57ec61;390.16;0.3028;BUY
2016-01-17T00:46:20.637000;2016-01-17T00:46:20.657000;eac5810a-85a6-4ab3-87fe-9d5c807a1908;390.2;0.727;BUY
2016-01-17T00:46:34.483000;2016-01-17T00:46:34.500000;7532862d-6634-43dc-91b8-d33fa0b8759b;390.2;2.273;SELL
2016-01-17T00:46:34.483000;2016-01-17T00:46:34.513000;e1a99103-dbf7-440a-974a-42202ca28073;390.15;0.01;SELL
2016-01-17T00:46:34.483000;2016-01-17T00:46:34.513000;23998594-4665-4084-b2ad-0b9f53dcdff5;390.14;0.01;SELL
2016-01-17T00:46:34.483000;2016-01-17T00:46:34.513000;c0a10ede-3c28-4072-bdb3-8970499ac181;390.13;0.667;SELL
2016-01-17T00:46:38.500000;2016-01-17T00:46:38.530000;dc64c7a2-8b59-495d-a2bf-ac5916f09946;390.17;2.1;BUY
2016-01-17T00:46:38.500000;2016-01-17T00:46:38.530000;015411f0-b85c-4072-8d3b-efb8503360d9;390.18;0.927;BUY
2016-01-17T00:46:38.500000;2016-01-17T00:46:38.530000;1ff2725d-4a9b-44c3-b391-ff5ba52cee27;390.19;2.0765;BUY
2016-01-17T00:46:47.903000;2016-01-17T00:46:47.920000;8f81132a-e8a4-4a28-b11b-127427d5e6ba;390.14;0.25;SELL
2016-01-17T00:46:47.903000;2016-01-17T00:46:47.937000;0731267e-42ec-4bc5-be76-4ed432653f06;390.13;1.83;SELL
2016-01-17T00:47:01.527000;2016-01-17T00:47:01.547000;0ae0b456-490a-4b0f-a16c-b871fecaa388;390.13;0.01;SELL
2016-01-17T00:47:03.070000;2016-01-17T00:47:03.093000;d535e271-3177-413f-b428-cef953782e05;390.13;0.493;SELL
2016-01-17T00:47:03.070000;2016-01-17T00:47:03.093000;ab5117fa-b557-46be-8f23-b5ca16631667;390.13;2.007;SELL
2016-01-17T00:47:07.533000;2016-01-17T00:47:07.560000;a53df1ec-2afc-4a92-8a10-281a65e320e0;390.13;0.993;SELL
2016-01-17T00:47:07.533000;2016-01-17T00:47:07.560000;3c215435-02f8-4d1f-a6cf-1c71710ba48f;390.13;0.007;SELL
2016-01-17T00:47:08.613000;2016-01-17T00:47:08.623000;f7d9a653-5954-4a66-9d68-103c9afba627;390.13;0.00497;SELL
2016-01-17T00:47:08.613000;2016-01-17T00:47:08.640000;de26a88f-f4f5-4a77-af44-3a6962bc210d;390.0;0.20723;SELL
2016-01-17T00:47:44.333000;2016-01-17T00:47:44.343000;e1d166c4-cb98-40e4-ab01-b467b3192297;390.01;0.5206;BUY
2016-01-17T00:48:01.733000;2016-01-17T00:48:01.750000;3c5babf9-f883-4504-bd4b-2d6fd0d30d74;390.0;0.01;SELL
2016-01-17T00:48:08.590000;2016-01-17T00:48:08.610000;0569c677-ef2a-4bca-b9d1-141efd668532;390.01;0.6303;BUY
2016-01-17T00:48:40.783000;2016-01-17T00:48:40.797000;083468fd-b377-4b51-86de-06c805960c0e;390.01;4.3811;BUY
2016-01-17T00:48:40.783000;2016-01-17T00:48:40.810000;ed150dce-5e53-4816-b6de-2bb0ca7a4116;390.01;0.893;BUY
2016-01-17T00:48:40.783000;2016-01-17T00:48:40.810000;0a43f317-7a64-4d1d-b7d2-fee47fb42989;390.01;0.7582;BUY
2016-01-17T00:49:08.887000;2016-01-17T00:49:08.890000;fc25c2f5-6d22-4ff8-8b89-ee5ad05ce9c2;390.01;7.6517;BUY
2016-01-17T00:50:08.760000;2016-01-17T00:50:08.763000;5354976d-815f-4192-82c4-d9e0e038c9c2;390.0;0.78277;SELL
2016-01-17T00:50:08.763000;2016-01-17T00:50:08.780000;0729f1da-4fa1-4a7e-8c93-ca17cc6ca08c;390.0;1.0;SELL
2016-01-17T00:50:08.763000;2016-01-17T00:50:08.780000;46ad7915-5363-4e8b-95dd-78b15d43fda0;390.0;0.25;SELL
2016-01-17T00:50:08.763000;2016-01-17T00:50:08.780000;45872c88-8400-45a9-8c2c-7a422594da8e;390.0;0.34;SELL
2016-01-17T00:50:08.763000;2016-01-17T00:50:08.780000;4b64acd4-3470-493f-a4e1-68324da31f53;389.98;0.01;SELL
2016-01-17T00:50:08.763000;2016-01-17T00:50:08.797000;47254e48-7adb-43f5-914e-bae2a3f217b9;389.96;0.576;SELL
2016-01-17T00:50:08.763000;2016-01-17T00:50:08.797000;38165903-82c1-4033-80bd-87898139491c;389.9;0.0115;SELL
2016-01-17T00:50:08.763000;2016-01-17T00:50:08.797000;23c8be7e-4b35-494d-9068-b9772251b621;389.9;0.19863;SELL
2016-01-17T00:50:09.730000;2016-01-17T00:50:09.750000;af7f1962-52a7-43bb-91a7-1e0259af03eb;389.91;0.01;SELL
2016-01-17T00:50:09.730000;2016-01-17T00:50:09.750000;fd39cd20-d44c-4280-87e5-554a2da30260;389.91;0.01;SELL
2016-01-17T00:50:09.730000;2016-01-17T00:50:09.750000;950cf7ff-2112-46ee-b7bd-061675889539;389.88;0.116;SELL
2016-01-17T00:50:09.730000;2016-01-17T00:50:09.750000;7063bf8f-0450-425b-9d35-df70b2fb52a7;389.86;0.01;SELL
2016-01-17T00:50:09.730000;2016-01-17T00:50:09.750000;65716bde-05f9-4b3e-b1fd-4806037a8753;389.84;0.01;SELL
2016-01-17T00:50:09.730000;2016-01-17T00:50:09.750000;8f6cab3f-0090-4c5b-a7b3-5adbfa63af13;389.84;0.01;SELL
2016-01-17T00:50:23.883000;2016-01-17T00:50:23.890000;1af63f4a-34fe-449b-b8d7-8ab376638167;389.81;0.249999;SELL
2016-01-17T00:50:27.063000;2016-01-17T00:50:27.060000;5f2b7d3a-102f-435b-b542-dba3cba3bc8c;389.8;0.34255049;BUY
2016-01-17T00:50:39.367000;2016-01-17T00:50:39.373000;2b06fd76-66e7-456c-bcb4-607e074d379c;389.79;0.01;SELL
2016-01-17T00:50:39.367000;2016-01-17T00:50:39.390000;437e393f-60e0-42b2-9294-94e6932433eb;389.79;0.01;SELL
2016-01-17T00:50:44.840000;2016-01-17T00:50:44.843000;3e243358-0798-4025-bce4-91e85f0dfc32;389.71;0.2292;BUY
2016-01-17T00:51:09.187000;2016-01-17T00:51:09.227000;95db36b4-2a8e-41fa-8b60-2b426ef8c311;389.7;0.1231;SELL
2016-01-17T00:51:55.737000;2016-01-17T00:51:55.773000;08b6253d-f874-4ba6-8fb4-8c8849fb1b3b;389.71;0.000799;BUY
2016-01-17T00:51:55.737000;2016-01-17T00:51:55.790000;3cf7c601-f236-4c25-809d-5746a66bca72;389.71;0.249999;BUY
2016-01-17T00:51:55.737000;2016-01-17T00:51:55.790000;0200c464-297b-4f14-87b5-0198f48a776a;389.71;0.10560231;BUY
2016-01-17T00:52:08.643000;2016-01-17T00:52:08.680000;7319e3c5-e114-4955-a0af-56eba7de5b80;389.71;0.14439669;BUY
2016-01-17T00:52:08.643000;2016-01-17T00:52:08.697000;d0055adf-94f8-44ac-a1de-5e809c17ada7;389.79;0.27;BUY
2016-01-17T00:52:08.643000;2016-01-17T00:52:08.697000;1ca9d248-4c9f-4a7e-8494-060a527b909a;389.81;0.58800331;BUY
2016-01-17T00:52:15.167000;2016-01-17T00:52:15.210000;559893a4-6031-4de5-b876-71312c8d8019;389.81;2.03181024;BUY
2016-01-17T00:52:38.523000;2016-01-17T00:52:38.570000;3656c208-778d-4f1f-a06d-2e6b048dce74;389.79;0.25;SELL
2016-01-17T00:52:38.523000;2016-01-17T00:52:38.587000;4a2a3297-96ab-4f42-8259-38ee6cc10246;389.79;0.037;SELL
2016-01-17T00:53:00.957000;2016-01-17T00:53:00.993000;81b857bf-0540-4fad-80e8-f2f0c413b399;389.82;0.249999;BUY
2016-01-17T00:53:00.957000;2016-01-17T00:53:01.007000;fdd8347c-c419-4c0e-b6f1-69944b98bb36;389.83;0.249999;BUY
2016-01-17T00:53:00.957000;2016-01-17T00:53:01.007000;0ad62210-ddc4-4ff6-9b3a-91e0562e5114;389.84;0.083999;BUY
2016-01-17T00:53:00.957000;2016-01-17T00:53:01.007000;ef53e223-8268-4a59-91a0-a80a8b2559ad;389.96;0.191;BUY
2016-01-17T00:53:00.957000;2016-01-17T00:53:01.007000;11acf6b2-a83b-4070-b5b9-8365d2e88be8;389.99;6.355;BUY
2016-01-17T00:53:00.957000;2016-01-17T00:53:01.023000;c65ac7b5-7e6a-4c4a-9e2e-82d9d8a1a34c;390.0;0.979283;BUY
2016-01-17T00:53:09.107000;2016-01-17T00:53:09.147000;93b876bb-b8ed-416e-9250-588719727738;390.0;0.3134;BUY
2016-01-17T00:53:28.857000;2016-01-17T00:53:28.897000;f474910b-a1fc-4f32-adef-4c783a1edf89;389.98;0.11;SELL
2016-01-17T00:53:38.823000;2016-01-17T00:53:38.850000;951a35c7-81d0-47a0-ab8f-eddab6229b31;389.98;0.034;SELL
2016-01-17T00:53:42.007000;2016-01-17T00:53:42.053000;3a04430c-2160-462a-9723-f75a585442fd;389.98;0.106;SELL
2016-01-17T00:53:42.007000;2016-01-17T00:53:42.070000;eb05684a-a792-4ab5-a2b8-8bc0628691b4;389.98;0.11;SELL
2016-01-17T00:53:42.007000;2016-01-17T00:53:42.070000;d1e1e626-520c-44de-8f10-6929ee2119f4;389.96;0.182;SELL
2016-01-17T00:53:42.007000;2016-01-17T00:53:42.070000;ea68eb93-3dbb-4491-aad7-af480fc4ab48;389.92;0.081;SELL
2016-01-17T00:53:42.007000;2016-01-17T00:53:42.070000;be50f3bd-530f-44f1-8c4a-a6dae67fbe90;389.91;0.01;SELL
2016-01-17T00:53:42.007000;2016-01-17T00:53:42.070000;66aae7c6-2485-4dae-8d7f-d30e123e0a2e;389.91;0.077;SELL
2016-01-17T00:53:42.007000;2016-01-17T00:53:42.070000;cad6f62f-7d5f-4d78-ac81-3877edc95ea9;389.9;0.35;SELL
2016-01-17T00:53:42.007000;2016-01-17T00:53:42.087000;695a17f0-8456-4451-bcae-27ec6f4fccaf;389.89;0.01;SELL
2016-01-17T00:53:42.007000;2016-01-17T00:53:42.087000;10159bb0-934f-428e-a483-a8b0d90bdbc5;389.89;0.229;SELL
2016-01-17T00:53:42.007000;2016-01-17T00:53:42.150000;ca0e3806-38d0-4eda-b78e-a0f2a4b8ddf1;389.87;0.01;SELL
2016-01-17T00:53:42.007000;2016-01-17T00:53:42.150000;16a9657f-3b0e-4e5d-bd6e-719247c182d8;389.87;0.01;SELL
2016-01-17T00:53:42.007000;2016-01-17T00:53:42.150000;c2f6379d-a052-42d6-b287-6426d8fc7a1f;389.84;0.01;SELL
2016-01-17T00:53:42.007000;2016-01-17T00:53:42.150000;a0e9f5f4-dbc4-419a-be7b-dd83bebb807d;389.83;0.01;SELL
2016-01-17T00:53:42.010000;2016-01-17T00:53:42.150000;7d324172-e793-4d03-a5eb-09a1d35ffe01;389.82;1.05;SELL
2016-01-17T00:54:08.553000;2016-01-17T00:54:08.587000;3af3fdac-8eec-4bea-a69d-0143cb89fac7;389.82;1.4037;BUY
2016-01-17T00:54:39.063000;2016-01-17T00:54:39.100000;6f375633-83f2-4b6a-9b50-f9a03d2a872d;389.82;0.0263;BUY
2016-01-17T00:55:08.727000;2016-01-17T00:55:08.773000;d5a9e85f-a800-4d3c-afa3-b324f3c8b1e4;389.82;0.1263;BUY
2016-01-17T00:55:38.900000;2016-01-17T00:55:38.930000;df57f50e-2af4-492b-9d14-c221d67c3baa;389.82;0.0962;BUY
2016-01-17T00:56:08.633000;2016-01-17T00:56:08.663000;08586e17-84f5-46fe-99da-be51a6fc67b6;390.01;0.4497;BUY
2016-01-17T00:56:12.863000;2016-01-17T00:56:12.900000;40df5b34-c8a3-4bdf-bc74-86a2b79a5e13;390.01;0.852;BUY
2016-01-17T00:56:38.667000;2016-01-17T00:56:38.697000;6e09f653-6f7d-4018-925e-d40cc6895485;390.01;0.0002;BUY
2016-01-17T00:56:38.670000;2016-01-17T00:56:38.710000;01b2ad66-d307-4bf9-8db1-58225819393f;390.09;0.01;BUY
2016-01-17T00:56:38.670000;2016-01-17T00:56:38.710000;29b38b01-da40-4826-81f3-20456cceefb2;390.24;0.0523;BUY
2016-01-17T00:56:38.670000;2016-01-17T00:56:38.710000;451697b3-8d44-465e-bb4c-447743c352fa;390.27;0.01;BUY
2016-01-17T00:56:38.670000;2016-01-17T00:56:38.727000;38266472-858a-4040-8032-1a8a9989d089;390.31;0.01;BUY
2016-01-17T00:56:38.670000;2016-01-17T00:56:38.727000;ab8494a5-202d-41bc-af34-38360ccd7237;390.32;0.01;BUY
2016-01-17T00:56:38.670000;2016-01-17T00:56:38.727000;c2b0cb87-6f52-4526-a251-2f8cbb9456b0;390.33;0.01;BUY
2016-01-17T00:56:38.670000;2016-01-17T00:56:38.743000;5363c77f-dd86-4527-831f-f9d43ed7f8fb;390.34;0.01;BUY
2016-01-17T00:56:38.670000;2016-01-17T00:56:38.743000;c3a22721-deba-4429-8b1a-c16aadc62827;390.35;0.01;BUY
2016-01-17T00:56:38.670000;2016-01-17T00:56:38.743000;616c6bc0-f427-4ac5-bbe5-8a1460e411d5;390.36;0.01;BUY
2016-01-17T00:56:38.670000;2016-01-17T00:56:38.743000;9308b082-1ebe-49a2-92b9-ba8d41282b1a;390.39;0.9731;BUY
2016-01-17T00:56:42.107000;2016-01-17T00:56:42.150000;03183e7c-d34c-4fb4-8198-1a9af67499df;390.39;0.5;BUY
2016-01-17T00:56:47.330000;2016-01-17T00:56:47.367000;3cee6183-f28e-4da6-9d86-a57f7b4b1668;390.39;0.49738;BUY
2016-01-17T00:56:47.330000;2016-01-17T00:56:47.367000;7e8de4f8-1518-42c7-8c71-eb92cde7bc4b;390.39;0.00262;BUY
2016-01-17T00:56:52.970000;2016-01-17T00:56:53.007000;6c6a8e93-0985-4744-b8fc-822012ef3507;390.39;0.00738;BUY
2016-01-17T00:56:52.970000;2016-01-17T00:56:53.007000;ed883eee-f5f7-4708-927f-7d8bd74ce141;390.46;0.01;BUY
2016-01-17T00:56:52.970000;2016-01-17T00:56:53.023000;65b35c9f-dbfa-4ec2-82d2-03f6068572ef;390.5;0.01;BUY
2016-01-17T00:56:52.970000;2016-01-17T00:56:53.023000;300b319d-fb13-4888-85d0-a4c15fa24003;390.51;0.01;BUY
2016-01-17T00:56:52.970000;2016-01-17T00:56:53.023000;cbfe168a-9578-4d55-888d-7fb833ce0849;390.51;0.01;BUY
2016-01-17T00:56:52.970000;2016-01-17T00:56:53.023000;578fd7fe-9c60-4daf-8b91-6b7d4099f5ed;390.52;0.01;BUY
2016-01-17T00:56:52.973000;2016-01-17T00:56:53.053000;61e8d6d8-98eb-40fa-873e-788e2bca2ba1;390.52;0.01;BUY
2016-01-17T00:56:52.973000;2016-01-17T00:56:53.053000;25d6fd30-ab05-4758-bf12-edd30b431956;390.53;0.01;BUY
2016-01-17T00:56:52.973000;2016-01-17T00:56:53.053000;9971e155-e652-4031-ab97-65bcaf01f992;390.57;0.01;BUY
2016-01-17T00:56:52.973000;2016-01-17T00:56:53.053000;fa0d781a-ec30-4a35-b5a0-d936a8a6c0e8;390.61;0.0523;BUY
2016-01-17T00:56:52.973000;2016-01-17T00:56:53.053000;5e5e492e-cea6-4e6e-8cf8-9ca3aff2460e;390.62;0.01;BUY
2016-01-17T00:56:52.973000;2016-01-17T00:56:53.053000;38d0e0cc-a684-4783-b25c-f0e1e6983666;390.63;0.01;BUY
2016-01-17T00:56:52.973000;2016-01-17T00:56:53.053000;c21e4d46-36bd-44e6-8d3b-31b687c52ad6;390.68;0.01;BUY
2016-01-17T00:56:52.973000;2016-01-17T00:56:53.053000;e8e04e00-3dd6-47fd-aae1-d15b470ac2de;390.7;0.01;BUY
2016-01-17T00:56:52.973000;2016-01-17T00:56:53.070000;677e86bd-d61b-4435-9c3d-7c91c7d6ee53;390.73;0.01;BUY
2016-01-17T00:56:52.973000;2016-01-17T00:56:53.070000;7525ae4f-1803-4b36-9556-9a39b8d81390;390.77;0.01;BUY
2016-01-17T00:56:52.973000;2016-01-17T00:56:53.070000;239b2584-5dfa-4553-8a72-b8b9af80eda8;390.8;0.00032;BUY
2016-01-17T00:57:13.313000;2016-01-17T00:57:13.350000;5025945d-77f6-4c36-84b8-bcf3be262b7b;390.8;0.00968;BUY
2016-01-17T00:57:13.313000;2016-01-17T00:57:13.350000;611579fa-322d-4137-bd8c-bed60ba55d15;390.8;8.49032;BUY
2016-01-17T00:57:38.700000;2016-01-17T00:57:38.727000;77d8d990-8c30-4ccd-bd88-5592b4f6e11e;390.79;0.66;SELL
2016-01-17T00:57:38.700000;2016-01-17T00:57:38.743000;1237f961-d633-4fe5-892b-332ad10bd4ae;390.79;2.0;SELL
2016-01-17T00:57:38.700000;2016-01-17T00:57:38.743000;45fd39cd-e084-4037-8070-32d57ca17dcb;390.79;2.49;SELL
2016-01-17T00:58:01.333000;2016-01-17T00:58:01.350000;8e330cfc-8d3f-4fb3-ab2a-9bac8cfe1576;390.76;0.01;SELL
2016-01-17T00:58:08.717000;2016-01-17T00:58:08.743000;5d1e5bb8-836b-46a5-81ca-ff0a90d67e76;390.8;0.6375;BUY
2016-01-17T00:58:38.860000;2016-01-17T00:58:38.883000;05524e03-6c4a-4b22-9058-a40e644a597f;390.8;0.12218;BUY
2016-01-17T00:58:38.860000;2016-01-17T00:58:38.900000;4c88972d-b8db-4306-88e1-1afb5d8b4d1e;390.8;1.04;BUY
2016-01-17T00:58:38.860000;2016-01-17T00:58:38.900000;b7bbc6de-d219-41f2-b219-2c5d7715c9de;390.82;0.01;BUY
2016-01-17T00:58:38.860000;2016-01-17T00:58:38.913000;3a6b7e7f-25ce-49e1-bdd4-304260651ee2;390.82;0.01;BUY
2016-01-17T00:58:38.860000;2016-01-17T00:58:38.913000;45dc33ed-1c7c-4754-bed2-2e4b58e0a736;390.85;0.01;BUY
2016-01-17T00:58:38.860000;2016-01-17T00:58:38.913000;b2ef5af2-57e4-42f6-ae6c-7f77e56529cf;390.87;0.01;BUY
2016-01-17T00:58:38.860000;2016-01-17T00:58:38.913000;aa2ad8fc-7fd2-45b1-ac14-cd5383490e95;390.88;0.283;BUY
2016-01-17T00:58:38.860000;2016-01-17T00:58:38.913000;d6a47f20-89d9-4465-80c9-17507f9b4334;390.89;0.01;BUY
2016-01-17T00:58:38.860000;2016-01-17T00:58:38.913000;29bc9dd0-76f8-43d0-9e37-ae9263babea2;390.92;0.01;BUY
2016-01-17T00:58:38.860000;2016-01-17T00:58:38.960000;6a27d6fe-c3f2-401f-9e97-210bdb371138;390.94;0.09092;BUY
2016-01-17T00:58:52.950000;2016-01-17T00:58:52.977000;91e1f3bc-5a5c-40a8-a21a-ba4712bcc70a;390.83;0.01;SELL
2016-01-17T00:58:52.950000;2016-01-17T00:58:52.993000;0a74ee9b-2a7e-4932-929d-cc613b9af2a3;390.83;0.01;SELL
2016-01-17T00:58:56.193000;2016-01-17T00:58:56.210000;732e4c02-cf06-4130-a4bd-d5e1a95a6ac0;390.81;0.249999;SELL
2016-01-17T00:58:58.540000;2016-01-17T00:58:58.553000;12e46b71-af11-4a55-93dd-0d75ce23d691;390.8;0.01;SELL
2016-01-17T00:58:58.540000;2016-01-17T00:58:58.570000;097b139b-ff6b-43aa-b3a2-c896468fa141;390.8;0.01;SELL
2016-01-17T00:59:01.427000;2016-01-17T00:59:01.447000;593ab7e6-7b70-475b-90ed-fc9cfb1d4fc1;390.62;0.01;SELL
2016-01-17T00:59:01.573000;2016-01-17T00:59:01.600000;3727c9c0-f33b-42eb-8579-8bcdd69c35a1;390.61;0.01;SELL
2016-01-17T00:59:08.783000;2016-01-17T00:59:08.820000;79fddb6a-e2ec-4240-9339-b535102bf090;390.61;0.24;SELL
2016-01-17T00:59:08.783000;2016-01-17T00:59:08.820000;9bb9bc0a-1c45-4b62-83e1-6a833212dc4d;390.56;0.01;SELL
2016-01-17T00:59:08.783000;2016-01-17T00:59:08.820000;2680339f-9794-482c-8290-bbea7c8ba4c3;390.4;0.0522;SELL
2016-01-17T00:59:08.783000;2016-01-17T00:59:08.820000;070a459e-da32-489f-b0c8-6b97ed426533;390.39;0.01;SELL
2016-01-17T00:59:08.783000;2016-01-17T00:59:08.820000;5c73abd5-10f5-4546-a88b-a10faa2cff6e;390.37;0.102;SELL
2016-01-17T00:59:08.783000;2016-01-17T00:59:08.820000;e077a4a5-3e64-48d8-a728-7364d82291f3;390.25;0.01;SELL
2016-01-17T00:59:08.783000;2016-01-17T00:59:08.837000;5515a030-0bde-4723-8108-df349045fb70;390.25;0.0089;SELL
2016-01-17T00:59:39.297000;2016-01-17T00:59:39.320000;13dd3682-19ad-4a87-8e84-c1d9b0564eec;390.48;0.01;SELL
2016-01-17T00:59:39.297000;2016-01-17T00:59:39.337000;4d7caf71-dcb0-4e62-b8ef-dfcaa3f6cbb7;390.47;0.0302;SELL
2016-01-17T01:00:38.487000;2016-01-17T01:00:38.507000;787a4761-11b2-455f-b925-a77ea594d57e;390.55;0.025;SELL
2016-01-17T01:00:43.780000;2016-01-17T01:00:43.790000;69831de6-3e01-4005-b410-b0dc1603838c;390.56;0.8988;BUY
2016-01-17T01:01:08.923000;2016-01-17T01:01:08.947000;553f6055-f7b2-4ac9-b81f-04ea17df1dce;390.61;1.6007;BUY
2016-01-17T01:01:39.043000;2016-01-17T01:01:39.053000;8fd45bda-30c5-483b-a286-e3626b07a8f7;390.62;0.147159;BUY
2016-01-17T01:01:39.043000;2016-01-17T01:01:39.070000;b6b3f57f-6adb-4033-98c0-42f65b04bd45;390.65;0.229999;BUY
2016-01-17T01:01:39.043000;2016-01-17T01:01:39.070000;3e706442-bf78-4657-bb40-fd32c8c7997c;390.66;0.01;BUY
2016-01-17T01:01:39.043000;2016-01-17T01:01:39.070000;a5193af6-d75d-44df-9c6e-51dba59326ed;390.7;0.075;BUY
2016-01-17T01:01:39.043000;2016-01-17T01:01:39.087000;51309d9a-3d98-4bd2-a5e9-a77acf705468;390.76;0.089;BUY
2016-01-17T01:01:39.043000;2016-01-17T01:01:39.087000;198ef918-407c-414a-8f64-b1557921809e;390.81;0.126;BUY
2016-01-17T01:01:39.043000;2016-01-17T01:01:39.087000;1eaf0ab7-1c72-4836-8b42-b9be354b99f1;390.83;0.066442;BUY
2016-01-17T01:01:42.017000;2016-01-17T01:01:42.040000;a3b67967-aeab-422a-8cc7-fd56ae59d009;390.66;0.01;SELL
2016-01-17T01:01:42.017000;2016-01-17T01:01:42.040000;d40fca75-3f44-4cc3-beab-472580fe8561;390.65;0.49;SELL
2016-01-17T01:02:08.747000;2016-01-17T01:02:08.757000;be023356-f322-4d92-b8d2-bf401a7128bf;390.83;0.163557;BUY
2016-01-17T01:02:08.747000;2016-01-17T01:02:08.773000;c863633c-8ce1-4925-a97d-285987819f70;390.83;0.127;BUY
2016-01-17T01:02:08.747000;2016-01-17T01:02:08.773000;48a84f99-0556-4a7b-bb5e-ea1930afe132;390.84;0.01;BUY
2016-01-17T01:02:08.747000;2016-01-17T01:02:08.773000;c685dd28-7531-432d-96eb-25aff0154f19;390.85;0.249999;BUY
2016-01-17T01:02:08.747000;2016-01-17T01:02:08.790000;0829523e-68a4-499c-88c8-fa160a627fc8;390.87;0.01;BUY
2016-01-17T01:02:08.747000;2016-01-17T01:02:08.867000;749715c5-bb30-4808-ae11-1b78d97acffd;390.88;0.102;BUY
2016-01-17T01:02:08.747000;2016-01-17T01:02:08.867000;70d2f22e-e635-4a27-a3a9-702ecdff663b;390.89;5.994644;BUY
2016-01-17T01:02:36.303000;2016-01-17T01:02:36.320000;bbc0abef-2fb9-44f7-886e-daff336ea362;390.85;0.025;SELL
2016-01-17T01:02:38.910000;2016-01-17T01:02:38.930000;5ecb2afd-df8f-407f-ae5e-3aaddf5f8c3f;390.86;0.968;BUY
2016-01-17T01:02:38.910000;2016-01-17T01:02:38.930000;fcd1adb6-14db-4210-b37f-16553023fc58;390.89;0.6148;BUY
2016-01-17T01:03:08.890000;2016-01-17T01:03:08.900000;e92b8012-1f25-4004-9774-123501c8dacf;390.86;0.1491;BUY
2016-01-17T01:03:38.900000;2016-01-17T01:03:38.913000;aabe86af-57b6-4811-a5a5-341e2374db92;390.88;0.064;BUY
2016-01-17T01:04:09.273000;2016-01-17T01:04:09.290000;689eceb7-04b8-486b-aaa0-273aeb900cb0;390.85;0.225;SELL
2016-01-17T01:04:09.273000;2016-01-17T01:04:09.290000;bdbf4baf-071e-4471-86ed-a4d02a5830b1;390.85;0.66;SELL
2016-01-17T01:04:09.273000;2016-01-17T01:04:09.290000;74c0f505-00f9-45c7-8f90-52ab43bc0083;390.85;0.01;SELL
2016-01-17T01:04:09.273000;2016-01-17T01:04:09.290000;8e0a3ab8-a93c-48f5-83fe-792b5f28e5d1;390.85;0.04;SELL
2016-01-17T01:04:09.273000;2016-01-17T01:04:09.303000;38a49384-d4ef-473d-8a78-efc2232212c2;390.84;0.01;SELL
2016-01-17T01:04:09.277000;2016-01-17T01:04:09.320000;282b4aa6-f8b1-4e82-ad5a-a962a4ef39c6;390.82;0.1974;SELL
2016-01-17T01:04:38.503000;2016-01-17T01:04:38.507000;079e0e0d-bf96-4893-b4a2-f15861535715;390.84;0.71972356;BUY
2016-01-17T01:04:38.987000;2016-01-17T01:04:38.993000;1de96b2c-7606-4c25-96e7-52b742d3b1cc;390.84;0.14727644;BUY
2016-01-17T01:04:38.987000;2016-01-17T01:04:39.007000;b30b4f8d-f02c-4706-b7e7-fb34c3f6f820;390.86;2.49322356;BUY
2016-01-17T01:05:05.360000;2016-01-17T01:05:05.367000;1ac50035-40e3-40d1-ad65-1220cea4320e;390.83;0.25;SELL
2016-01-17T01:05:05.360000;2016-01-17T01:05:05.383000;589351ad-5914-4b27-92dd-6bf773b14136;390.82;0.01;SELL
2016-01-17T01:05:06.143000;2016-01-17T01:05:06.150000;774f70af-21d1-4077-ba2a-d212dff4ef58;390.83;0.25;SELL
2016-01-17T01:05:18.980000;2016-01-17T01:05:18.993000;4486d98c-3008-445d-8481-f63a7bffc75b;390.84;0.7189;BUY
2016-01-17T01:05:20.587000;2016-01-17T01:05:20.603000;fdc1296e-fe63-4ab4-8121-953660326c9c;390.83;0.25;SELL
2016-01-17T01:05:20.590000;2016-01-17T01:05:20.603000;9fbeb89d-7c43-44a3-97a4-12242167737b;390.83;1.28;SELL
2016-01-17T01:05:20.590000;2016-01-17T01:05:20.603000;ca359484-5c7c-48e1-b16a-a4e8ec5dc523;390.82;3.62;SELL
2016-01-17T01:05:39.847000;2016-01-17T01:05:39.853000;722fb7bd-9b0e-425e-b7de-4d35eed12338;390.84;0.796;BUY
2016-01-17T01:05:39.847000;2016-01-17T01:05:39.867000;39331fec-af0c-4cce-8139-32c0ebde6c1f;390.84;6.34697;BUY
2016-01-17T01:05:39.847000;2016-01-17T01:05:39.867000;c261f97b-e16b-44eb-a20a-dc5065109f5e;390.86;0.70677644;BUY
2016-01-17T01:05:39.847000;2016-01-17T01:05:39.867000;cb725431-3c98-4402-8172-6d20e9944a4c;390.89;0.89;BUY
2016-01-17T01:05:39.847000;2016-01-17T01:05:39.867000;a481a0c7-87bb-41f8-b1f0-10cc275328f5;390.94;0.879;BUY
2016-01-17T01:05:39.847000;2016-01-17T01:05:39.883000;1bb7c290-0073-4de4-bd7d-98e99b970444;390.95;0.586;BUY
2016-01-17T01:05:39.850000;2016-01-17T01:05:39.883000;84d2a725-6ec6-4892-bdb2-e5df1ea9526f;390.96;0.01;BUY
2016-01-17T01:05:39.850000;2016-01-17T01:05:39.900000;d23a4e78-8316-4f40-9422-586b2c15cc80;390.97;1.184;BUY
2016-01-17T01:05:39.850000;2016-01-17T01:05:39.900000;0356b5dd-24d4-4574-a7a1-53e8f98d6d1e;390.98;0.01;BUY
2016-01-17T01:05:39.850000;2016-01-17T01:05:39.900000;5cad4c89-f0c1-4e78-8379-44044ae3b380;390.98;0.0475;BUY
2016-01-17T01:05:39.850000;2016-01-17T01:05:39.900000;7a46eafb-9a55-41ba-bfc5-2faaa7a63462;390.98;0.5;BUY
2016-01-17T01:05:39.850000;2016-01-17T01:05:39.900000;7f2d8dae-00eb-444e-94ba-f288eac9c1a4;390.99;1.0;BUY
2016-01-17T01:05:39.850000;2016-01-17T01:05:39.913000;804dbf4c-1b49-4a45-b2ce-7438b51f7d43;390.99;2.66925356;BUY
2016-01-17T01:05:40.560000;2016-01-17T01:05:40.570000;941e30da-c5bf-4905-b040-9891aca00971;390.84;0.01;SELL
2016-01-17T01:05:40.560000;2016-01-17T01:05:40.570000;34682764-b3ab-4b1c-817b-9c9bd23c444c;390.84;0.01;SELL
2016-01-17T01:05:40.560000;2016-01-17T01:05:40.587000;e324fcf9-fa71-4fbd-8f60-08d9f9aca43c;390.83;0.25;SELL
2016-01-17T01:05:44.850000;2016-01-17T01:05:44.853000;c25b6441-6f2c-487e-9bf2-8c10d7eee739;390.79;0.01;SELL
2016-01-17T01:05:44.850000;2016-01-17T01:05:44.867000;37748043-c5b9-48b4-98b5-9117e704ce5a;390.73;0.25;SELL
2016-01-17T01:05:44.850000;2016-01-17T01:05:44.867000;c25b5adf-d550-47f1-91e9-f4709423e585;390.72;8.99;SELL
2016-01-17T01:05:55.210000;2016-01-17T01:05:55.243000;1b9548ad-d559-439c-9acc-1fbc463034cf;390.76;0.01;SELL
2016-01-17T01:05:55.210000;2016-01-17T01:05:55.257000;690819e0-8abb-4ae1-a300-d4e4f030db73;390.75;0.01;SELL
2016-01-17T01:05:55.210000;2016-01-17T01:05:55.257000;65d2e22f-8023-441d-bc98-fc6393867353;390.72;1.01;SELL
2016-01-17T01:05:55.210000;2016-01-17T01:05:55.257000;bafe430f-e1d8-4846-86ea-0ab1060fe562;390.68;0.01;SELL
2016-01-17T01:05:55.210000;2016-01-17T01:05:55.257000;872b13cf-5dc9-4fc6-9b77-994ba859589a;390.68;0.01;SELL
2016-01-17T01:05:55.213000;2016-01-17T01:05:55.257000;e470a0b7-f5cf-432e-b772-ba916c4af8d7;390.65;0.23;SELL
2016-01-17T01:05:55.213000;2016-01-17T01:05:55.257000;12bb7553-c706-4cdf-89ac-05d49add5b91;390.65;0.116;SELL
2016-01-17T01:05:55.213000;2016-01-17T01:05:55.257000;ede05da7-25bb-4563-a446-b2dd9ca5050c;390.62;0.01;SELL
2016-01-17T01:05:55.213000;2016-01-17T01:05:55.257000;55b9a041-3ddf-4c0d-beb3-3c75191e833e;390.62;0.01;SELL
2016-01-17T01:05:55.213000;2016-01-17T01:05:55.273000;bc3fa2e3-031a-4abf-9ded-48a375ae2043;390.57;0.079;SELL
2016-01-17T01:05:55.213000;2016-01-17T01:05:55.290000;f16f4b21-6c0a-4f8f-8a91-ec4de4d65313;390.53;0.0522;SELL
2016-01-17T01:05:55.213000;2016-01-17T01:05:55.290000;edcb043b-cc85-4986-9039-46a35a3135c7;390.51;0.01;SELL
2016-01-17T01:05:55.213000;2016-01-17T01:05:55.290000;93f4fe15-f5e7-4e2b-bede-8f79cf1f5f5c;390.46;2.113;SELL
2016-01-17T01:05:55.213000;2016-01-17T01:05:55.290000;18a0abb0-86e7-4455-a550-c3ef21654f94;390.45;0.263;SELL
2016-01-17T01:05:55.213000;2016-01-17T01:05:55.290000;7fdcf938-d4ee-4888-8132-55dca520fabc;390.4;0.01;SELL
2016-01-17T01:05:55.213000;2016-01-17T01:05:55.290000;315a9aa3-9eea-4a9f-9f99-fe5ee9dc987d;390.4;0.156;SELL
2016-01-17T01:05:55.213000;2016-01-17T01:05:55.290000;a058dbd2-a836-4995-bbd6-bc44b040e70d;390.35;0.01;SELL
2016-01-17T01:05:55.213000;2016-01-17T01:05:55.290000;52c39714-5c90-4ca4-b232-e2ef4f50f4a3;390.35;0.01;SELL
2016-01-17T01:05:55.213000;2016-01-17T01:05:55.290000;615ed013-1153-4594-b79b-134c185ed554;390.34;0.074;SELL
2016-01-17T01:05:55.213000;2016-01-17T01:05:55.290000;87edeba5-56e0-43ca-a687-012be8606551;390.29;0.01;SELL
2016-01-17T01:05:55.213000;2016-01-17T01:05:55.303000;0df858fd-eab4-4ac8-ac82-25bbd50236e9;390.29;0.117;SELL
2016-01-17T01:06:11.173000;2016-01-17T01:06:11.180000;64d6f5ab-1aa6-4648-b852-fb93bfd99521;390.26;0.3098;BUY
2016-01-17T01:06:11.173000;2016-01-17T01:06:11.197000;0d53c22e-056a-411b-94d4-bdad9b0f86d8;390.39;6.75;BUY
2016-01-17T01:06:11.173000;2016-01-17T01:06:11.197000;0dae5b90-41ca-49fe-a1e3-eebdbb09626c;390.4;0.8237;BUY
2016-01-17T01:06:37.637000;2016-01-17T01:06:37.677000;d6c86264-1b2e-4bae-a310-3a3e8e06173d;390.34;0.01;SELL
2016-01-17T01:06:37.637000;2016-01-17T01:06:37.690000;332d99d7-5468-4b06-a49b-64618443ab45;390.33;0.01;SELL
2016-01-17T01:06:37.637000;2016-01-17T01:06:37.690000;6ea5d4f8-b2dc-42eb-b175-cd9453e452a1;390.32;0.01;SELL
2016-01-17T01:06:37.637000;2016-01-17T01:06:37.690000;48e755ea-0933-480e-b7c6-87938d8808fd;390.26;0.01;SELL
2016-01-17T01:06:37.703000;2016-01-17T01:06:37.753000;103bfef1-e808-48ed-9cf9-594bfffff30d;390.26;0.081;BUY
2016-01-17T01:06:39.330000;2016-01-17T01:06:39.380000;465439a1-1de3-467e-8829-24f1efabe4ce;390.26;0.1284;BUY
2016-01-17T01:07:07.963000;2016-01-17T01:07:08.003000;c663e661-df4b-42d6-826c-640841b74739;390.25;2.47;SELL
2016-01-17T01:07:09.270000;2016-01-17T01:07:09.317000;0fb290b9-453f-4520-a18a-e10f7725b7d2;390.26;3.3806;BUY
2016-01-17T01:07:09.270000;2016-01-17T01:07:09.333000;4c9b9874-9a97-451d-878a-56754fa3703e;390.26;4.9178;BUY
2016-01-17T01:07:09.270000;2016-01-17T01:07:09.333000;aa707715-de9c-48fc-b950-ccaaf1c53e19;390.26;0.797;BUY
2016-01-17T01:07:09.270000;2016-01-17T01:07:09.333000;8820d180-e459-49bc-be76-48ef591593c2;390.26;0.42;BUY
2016-01-17T01:07:09.270000;2016-01-17T01:07:09.333000;4e0d2ea3-c203-4548-b891-7cdc57399719;390.26;0.09;BUY
2016-01-17T01:07:09.270000;2016-01-17T01:07:09.333000;0c577523-8128-4d17-b5e3-41bde6743f05;390.3;1.3559;BUY
2016-01-17T01:07:44.997000;2016-01-17T01:07:45.033000;9c34f9ce-a41e-4fd2-8106-5b8deb5ba520;390.27;0.1;BUY
2016-01-17T01:07:44.997000;2016-01-17T01:07:45.050000;ad7a140b-687f-4e40-8c82-325e6607cb5f;390.27;0.37;BUY
2016-01-17T01:07:44.997000;2016-01-17T01:07:45.050000;940b527e-5fc7-413b-a95a-1c960a8ac2b7;390.27;0.744;BUY
2016-01-17T01:07:44.997000;2016-01-17T01:07:45.050000;1b3ff24b-09d0-4b24-83d8-0235af7ef1af;390.27;0.37;BUY
2016-01-17T01:07:44.997000;2016-01-17T01:07:45.067000;67030e05-7443-4ca8-b16b-cf6d6b53f53b;390.27;0.03;BUY
2016-01-17T01:07:44.997000;2016-01-17T01:07:45.067000;3c90c1b6-1884-4390-b4c8-3267f690c79f;390.27;0.34;BUY
2016-01-17T01:07:44.997000;2016-01-17T01:07:45.067000;264ea875-36df-407a-b3bc-82b446d7d6b2;390.27;2.5;BUY
2016-01-17T01:07:44.997000;2016-01-17T01:07:45.083000;4f907d29-4ce3-4942-b989-4cd5968f95ae;390.27;6.40449;BUY
2016-01-17T01:07:44.997000;2016-01-17T01:07:45.083000;739cb90e-16cb-4bb2-bde7-5b32860ef598;390.29;0.40101;BUY
2016-01-17T01:07:57.410000;2016-01-17T01:07:57.457000;f8b5019d-8ae2-45a3-bb91-ac7ac26b0efb;390.26;0.01;SELL
2016-01-17T01:07:57.410000;2016-01-17T01:07:57.457000;37ed9c53-00b9-4ba9-8737-0cc5085ae052;390.26;0.25;SELL
2016-01-17T01:08:10.817000;2016-01-17T01:08:10.863000;10c588d4-71db-406c-8f38-d0967b3148dc;390.25;2.3093;SELL
2016-01-17T01:08:15.077000;2016-01-17T01:08:15.113000;909f349c-7253-4feb-b036-8363ab49b861;390.26;0.688;BUY
2016-01-17T01:08:15.080000;2016-01-17T01:08:15.130000;12afaa77-e6bd-4f21-b637-7533b8f66ec3;390.26;8.71042777;BUY
2016-01-17T01:08:18.610000;2016-01-17T01:08:18.643000;3398a849-9dfc-4234-b21e-e419e9d6d885;390.26;24.0;BUY
2016-01-17T01:08:31.673000;2016-01-17T01:08:31.723000;2fac5fa5-c842-4e89-ad2e-1b069cd59b19;390.25;2.5507;SELL
2016-01-17T01:08:31.673000;2016-01-17T01:08:31.723000;01a8ef1e-1055-40d2-85eb-5712687ccc9c;390.24;0.01;SELL
2016-01-17T01:08:31.677000;2016-01-17T01:08:31.723000;67551193-974c-4867-a50e-89142848452d;390.12;6.37436;SELL
2016-01-17T01:08:34.433000;2016-01-17T01:08:34.473000;a2fd16dc-6644-4a51-abd5-2d9b1614bc03;390.14;0.01;SELL
2016-01-17T01:08:34.437000;2016-01-17T01:08:34.487000;b51273e1-99d7-4061-962d-6e827c500aa3;390.12;0.01;SELL
2016-01-17T01:08:34.437000;2016-01-17T01:08:34.487000;617cb609-23ed-4848-b185-a4e54d67ac2b;390.11;0.586;SELL
2016-01-17T01:08:34.437000;2016-01-17T01:08:34.487000;94f0bd2f-06cd-4aea-a76b-7951def65141;390.01;0.01;SELL
2016-01-17T01:08:34.437000;2016-01-17T01:08:34.503000;614832b9-5f83-4b16-9150-aa5dc90f369d;390.0;0.0115;SELL
