time_exchange;time_coinpai;guid;price;base_amount;taker_side
2016-03-30T00:08:42.000000;2016-03-30T00:08:43.033000;a5821ef7-0a5d-4685-bb91-04419bb6edd4;11.615;14.34668771;BUY
2016-03-30T00:09:14.000000;2016-03-30T00:09:14.233000;4deecc29-517e-4883-bc8d-4c91516c9f6f;11.628;12.73723758;BUY
2016-03-30T00:13:27.000000;2016-03-30T00:13:27.383000;22169ac6-c64b-4bcc-843c-8e6fc5698edc;11.604;13.96671879;BUY
2016-03-30T00:13:27.000000;2016-03-30T00:13:28.217000;0b5298a9-fb1f-4293-bbd0-6e34cc3f867a;11.604;7.32639573;BUY
2016-03-30T00:13:29.000000;2016-03-30T00:13:29.047000;6f8d7a75-7c77-4acc-b8ba-7265cfdd9afe;11.604;7.32639573;BUY
2016-03-30T00:13:29.000000;2016-03-30T00:13:29.427000;6c9947be-f84d-44cd-8cb1-2249ca79382d;11.604;3.1071965;BUY
2016-03-30T00:34:54.000000;2016-03-30T00:34:54.913000;889bd21a-6527-4f96-943e-3e7f0d51aeaa;11.65;27.05684137;SELL
2016-03-30T00:34:55.000000;2016-03-30T00:34:55.790000;fd1be261-276b-40e0-8ed2-11ee9493bb82;11.65;22.94315832;SELL
2016-03-30T00:39:51.000000;2016-03-30T00:39:51.977000;ea60b8a4-fda8-41e9-8480-576108aa98ef;11.62;0.22594;SELL
2016-03-30T00:39:51.000000;2016-03-30T00:39:51.990000;b1444dc2-dc91-4777-a7b0-65c0b8f1e065;11.62;0.22594;SELL
2016-03-30T00:39:51.000000;2016-03-30T00:39:51.990000;942540a9-efea-4b73-ba1e-6cdff63f5338;11.62;0.22594;SELL
2016-03-30T00:39:51.000000;2016-03-30T00:39:52.027000;858e2dce-192d-48e4-badd-ca27caabe438;11.62;0.22594;SELL
2016-03-30T01:15:34.000000;2016-03-30T01:15:34.947000;3711df89-3aea-4f68-9e0b-95da9e8c22ff;11.604;9.2213;BUY
2016-03-30T02:42:55.000000;2016-03-30T02:42:55.800000;6d73c890-f0c4-4b0c-ae02-37506f67f932;11.568;0.11086848;SELL
2016-03-30T02:43:04.000000;2016-03-30T02:43:04.310000;11b23211-fb68-411e-a660-b175daaaee56;11.568;3.61406827;SELL
2016-03-30T02:43:19.000000;2016-03-30T02:43:19.747000;193db2dd-e70c-4c10-bf1d-7d6a0c180fdb;11.568;21.02;SELL
2016-03-30T02:43:44.000000;2016-03-30T02:43:45.043000;45a36706-4b95-463c-8e85-c1ab8dc2ab7f;11.568;26.39456325;SELL
2016-03-30T03:01:16.000000;2016-03-30T03:01:16.937000;7b6d9c16-8c03-4491-aa64-e00a67b2a69a;11.53;1.4;SELL
2016-03-30T03:01:36.000000;2016-03-30T03:01:36.700000;3f0cb6a6-7936-498a-a2bc-053b6e7dfdeb;11.53;0.999;SELL
2016-03-30T03:01:36.000000;2016-03-30T03:01:37.017000;e022f9b9-745d-49d3-96cf-509245b8f8ac;11.53;17.601;SELL
2016-03-30T03:01:36.000000;2016-03-30T03:01:37.027000;b88afead-bbb4-4d9f-bc56-a44de0ac1a8e;11.52;9.45584137;SELL
2016-03-30T03:01:46.000000;2016-03-30T03:01:46.550000;49939e57-5576-464c-ab8b-cd2b2f7636f1;11.52;3.71974143;SELL
2016-03-30T03:01:49.000000;2016-03-30T03:01:49.593000;e19f33d6-4f1f-4e62-9917-05bb5dfc4397;11.52;3.71974143;SELL
2016-03-30T03:01:53.000000;2016-03-30T03:01:53.593000;3b3e74a3-ff22-4ce5-a29c-c628ce5728bd;11.52;3.10467577;SELL
2016-03-30T03:02:12.000000;2016-03-30T03:02:12.687000;f35ae535-cabc-4ff1-a4aa-19165eabbd78;11.53;0.999;BUY
2016-03-30T03:02:15.000000;2016-03-30T03:02:15.673000;5d1cf1fa-e641-4632-8141-561ae82eaa5a;11.53;0.001;SELL
2016-03-30T03:02:15.000000;2016-03-30T03:02:15.680000;2e992ba0-9ec8-4118-ae33-b88fa981d14b;11.53;1.0;SELL
2016-03-30T03:02:30.000000;2016-03-30T03:02:30.270000;98dec5b8-bc52-465d-8564-b2a2ec521179;11.525;1.0;BUY
2016-03-30T03:02:41.000000;2016-03-30T03:02:41.623000;f03c4704-08e7-43f2-9b61-bb561ecce12c;11.525;1.0;BUY
2016-03-30T03:03:01.000000;2016-03-30T03:03:01.527000;8616fc5b-1747-4a25-8093-1a30094cd9f9;11.525;1.0;BUY
2016-03-30T03:03:08.000000;2016-03-30T03:03:08.090000;c6e8d68d-6302-4700-8c5d-99016bb10100;11.525;1.0;BUY
2016-03-30T03:03:13.000000;2016-03-30T03:03:13.180000;862ba81a-d8c7-4712-af58-078dbff40371;11.525;1.0;BUY
2016-03-30T03:03:31.000000;2016-03-30T03:03:31.283000;97c2e419-254b-45d9-87f1-c2a76172e34f;11.521;1.0;BUY
2016-03-30T03:03:32.000000;2016-03-30T03:03:32.507000;e921dd87-72a0-48e6-8607-8d73965aedab;11.5;20.0;SELL
2016-03-30T03:03:32.000000;2016-03-30T03:03:32.520000;1a193b27-c244-4ea0-9a9a-564c5fd93790;11.5;7.05684137;SELL
2016-03-30T03:03:32.000000;2016-03-30T03:03:32.553000;df9eadfb-f55a-425b-90d6-1d82722e4cad;11.5;21.05857397;SELL
2016-03-30T03:03:33.000000;2016-03-30T03:03:33.103000;b315b0f2-b6a5-43d4-be9b-622d9ae3b3ac;11.5;27.05684137;SELL
2016-03-30T03:03:35.000000;2016-03-30T03:03:35.050000;d5528beb-b19c-4022-83aa-fdb02ef7a1cf;11.518;1.0;BUY
2016-03-30T03:03:37.000000;2016-03-30T03:03:37.187000;a4f153e4-1539-4eb5-8bb9-b1ddb77ff38f;11.516;1.001;BUY
2016-03-30T03:03:37.000000;2016-03-30T03:03:37.193000;c48444ec-1603-4de1-be7a-c71e6c67bb20;11.516;1.001;BUY
2016-03-30T03:03:37.000000;2016-03-30T03:03:37.230000;e062b3e0-d7fa-404b-ba3f-97138e5306b1;11.517;7.998;SELL
2016-03-30T03:03:55.000000;2016-03-30T03:03:55.153000;92d09adf-d62f-4d41-8ba7-2346fadec9ad;11.516;1.0;SELL
2016-03-30T03:04:11.000000;2016-03-30T03:04:11.507000;4829428f-5da6-436c-940d-b01484a7e157;11.509;1.0;BUY
2016-03-30T03:04:29.000000;2016-03-30T03:04:29.783000;56cff7ea-7565-4b02-9b48-55535e42c80c;11.521;1.0;BUY
2016-03-30T03:04:42.000000;2016-03-30T03:04:42.640000;91385112-b61e-4d54-b775-14b59b7c97a5;11.521;1.001;BUY
2016-03-30T03:04:42.000000;2016-03-30T03:04:42.657000;4817a7c1-ac23-41b1-b7a8-ef4a5db45de4;11.522;8.999;BUY
2016-03-30T03:04:50.000000;2016-03-30T03:04:50.103000;81dfafe3-b78f-4143-87cf-36aa2a61049d;11.522;1.0;BUY
2016-03-30T03:05:02.000000;2016-03-30T03:05:02.880000;56a38421-da3a-4972-ba11-952b6953180d;11.522;0.999;BUY
2016-03-30T03:05:04.000000;2016-03-30T03:05:04.893000;4f69b463-fedd-49e6-9f66-51878d82017f;11.522;0.1147149;BUY
2016-03-30T03:05:08.000000;2016-03-30T03:05:08.067000;79593c48-904c-4c9f-b7b1-fe36816c0e7b;11.522;0.1147149;BUY
2016-03-30T03:05:09.000000;2016-03-30T03:05:09.163000;2f6aaf0e-7b7a-48ac-a43a-6c36962768d4;11.522;1.0;BUY
2016-03-30T03:05:10.000000;2016-03-30T03:05:10.313000;4380ca11-9be8-43ca-b487-94b5a8a56ee3;11.522;0.1147149;BUY
2016-03-30T03:05:11.000000;2016-03-30T03:05:12.003000;fda2dbc0-4b43-4bb5-85b2-baca57f8bf6e;11.522;0.7695702;BUY
2016-03-30T03:05:12.000000;2016-03-30T03:05:12.493000;60917155-a7df-42ed-a7c6-9440ad7265c0;11.522;0.1147149;BUY
2016-03-30T03:05:33.000000;2016-03-30T03:05:33.877000;8fafc62d-67ab-425e-a267-afad4473d882;11.522;1.0;BUY
2016-03-30T03:05:57.000000;2016-03-30T03:05:57.730000;0063ffa1-46d8-4e1b-8c82-da67aed814a5;11.522;1.0;BUY
2016-03-30T03:05:59.000000;2016-03-30T03:05:59.757000;760d8ade-0891-4c8e-8718-45adee3db9d2;11.522;8.35698;BUY
2016-03-30T03:10:19.000000;2016-03-30T03:10:19.717000;5c21c55f-f4d1-4524-8e6a-266fb8f66c0a;11.5;6.332295;SELL
2016-03-30T03:13:05.000000;2016-03-30T03:13:05.873000;4570bb74-896c-4c89-9c1a-2178e8ad1f49;11.514;1.0;BUY
2016-03-30T03:13:30.000000;2016-03-30T03:13:30.187000;316409ac-2f7c-481e-b2be-ad8f64bf0f94;11.514;1.0;BUY
2016-03-30T03:13:48.000000;2016-03-30T03:13:48.587000;80aaa10a-05d5-4de8-a3a1-9627a85be9b0;11.514;1.0;BUY
2016-03-30T03:14:06.000000;2016-03-30T03:14:06.917000;311ae15b-6a06-4bfb-8d98-652d9775ed62;11.514;1.0;BUY
2016-03-30T03:14:30.000000;2016-03-30T03:14:30.113000;ad96139b-d696-4b19-8132-edae9fc5cb49;11.514;1.0;BUY
2016-03-30T03:14:50.000000;2016-03-30T03:14:50.567000;a04b7811-b864-4bd5-b1ab-c16d356f93d2;11.514;1.0;BUY
2016-03-30T03:17:31.000000;2016-03-30T03:17:31.587000;babd12b8-99cc-4a87-983f-ed3db2c2bae9;11.51;5.21028;SELL
2016-03-30T03:20:18.000000;2016-03-30T03:20:18.873000;3b0f8589-93fd-4934-b727-16f44b2dac16;11.516;27.05684137;BUY
2016-03-30T03:21:52.000000;2016-03-30T03:21:52.717000;827c2c19-c0ab-4e5a-8bc5-732c4ae37769;11.51;1.02386182;SELL
2016-03-30T03:28:12.000000;2016-03-30T03:28:12.557000;1d08c207-621b-43f3-833f-2a09f03cbc97;11.51;4.38609477;SELL
2016-03-30T03:28:14.000000;2016-03-30T03:28:14.720000;d0ce5329-3450-488c-a640-b2348900a274;11.51;9.37976341;SELL
2016-03-30T03:28:14.000000;2016-03-30T03:28:14.760000;dfe62b6e-75f3-4045-8888-3453f110b6fc;11.5;17.67707796;SELL
2016-03-30T03:28:57.000000;2016-03-30T03:28:57.663000;ac240dca-cd9f-45a3-8d35-5a9aa24bb429;11.5;27.05684137;SELL
2016-03-30T03:28:58.000000;2016-03-30T03:28:58.710000;574d0ff8-365e-40ae-b36e-0001be907e33;11.5;27.05684137;SELL
2016-03-30T03:29:00.000000;2016-03-30T03:29:00.537000;c9065aac-203e-4451-81c6-52ffce03afed;11.5;27.05684137;SELL
2016-03-30T03:29:00.000000;2016-03-30T03:29:00.677000;432a26e5-6666-43fe-9456-dd5bc30698e7;11.5;27.05684137;SELL
2016-03-30T03:29:03.000000;2016-03-30T03:29:03.410000;1f73e3fb-3b78-4334-917f-198c11828607;11.5;27.05684137;SELL
2016-03-30T03:30:26.000000;2016-03-30T03:30:27.100000;88663ab1-cd19-4d89-a97f-62e0b1045846;11.5;0.46627655;SELL
2016-03-30T03:30:31.000000;2016-03-30T03:30:31.903000;7a41605c-ef3c-49f3-8c1a-083d714f83b0;11.5;0.67;SELL
2016-03-30T03:32:53.000000;2016-03-30T03:32:53.930000;d5b8c173-4c72-4089-be2a-417db23f5e40;11.5;2.2491067;SELL
2016-03-30T03:41:21.000000;2016-03-30T03:41:21.783000;ed742c35-fb07-4b66-80f3-b0f9e6b26bb2;11.575;2.032;BUY
2016-03-30T03:51:37.000000;2016-03-30T03:51:37.097000;93b99e1b-89b5-4cda-a62f-5c3269ab8db1;11.524;17.32729818;SELL
2016-03-30T04:08:50.000000;2016-03-30T04:08:51.057000;62c49145-c44d-4a8b-98bf-a86f041c88c3;11.502;51.3803;SELL
2016-03-30T04:08:53.000000;2016-03-30T04:08:53.107000;2c0096c5-16ff-4731-afce-c58cc4b36212;11.502;4.9;BUY
2016-03-30T04:09:02.000000;2016-03-30T04:09:02.133000;c092928a-48ca-4d1e-8ade-5c2cb3ee4a20;11.502;5.1164;BUY
2016-03-30T04:09:03.000000;2016-03-30T04:09:04.007000;38ed1ac1-5fc5-4210-bc56-2ba0a5d1961b;11.502;1.6;BUY
2016-03-30T04:09:06.000000;2016-03-30T04:09:06.250000;b04237ce-6acf-4f8e-a542-3547192abfd0;11.502;1.0;BUY
2016-03-30T04:09:11.000000;2016-03-30T04:09:11.827000;f5675017-9842-463f-9750-ebe1eb4dc089;11.502;27.05684137;BUY
2016-03-30T04:09:13.000000;2016-03-30T04:09:13.490000;ca82dbd3-8ecf-4b6c-92b7-2fc966531e79;11.502;27.08392508;BUY
2016-03-30T04:09:13.000000;2016-03-30T04:09:13.507000;68787832-f3b9-43cd-b349-6592487e2272;11.502;27.05684137;BUY
2016-03-30T04:09:14.000000;2016-03-30T04:09:14.167000;6dd14819-c737-4f90-9c0f-760094651e76;11.502;27.08392508;BUY
2016-03-30T04:09:14.000000;2016-03-30T04:09:14.507000;b51264fa-58ca-4faa-b3e4-c3674fa507fd;11.502;27.05684137;BUY
2016-03-30T04:09:15.000000;2016-03-30T04:09:15.267000;ee2c14b9-0025-4c51-ac97-e9ff4581cee7;11.502;27.05684137;BUY
2016-03-30T04:09:15.000000;2016-03-30T04:09:15.460000;315ba080-1913-4b86-ac05-fa0104df102a;11.502;36.13362278;BUY
2016-03-30T04:09:16.000000;2016-03-30T04:09:16.193000;87537877-e83f-402a-8b55-75c6121d047a;11.502;27.0839253;BUY
2016-03-30T04:09:16.000000;2016-03-30T04:09:16.563000;4d35b961-16dd-460a-a95d-d6086ff5d4fc;11.502;27.05684137;BUY
2016-03-30T04:09:17.000000;2016-03-30T04:09:17.563000;d2812f98-f751-47c6-b39d-fb070c57ca5b;11.502;27.05684137;BUY
2016-03-30T04:09:18.000000;2016-03-30T04:09:18.380000;ab675fae-5efd-4eb2-af1d-d022b0c616db;11.502;27.05684137;BUY
2016-03-30T04:09:32.000000;2016-03-30T04:09:32.147000;490c3e04-87cc-4292-8cd0-68b887e40c8c;11.502;27.05684137;BUY
2016-03-30T04:09:32.000000;2016-03-30T04:09:32.760000;21c28ce9-c65c-4e69-8277-478079674d5c;11.502;27.05684137;BUY
2016-03-30T04:09:33.000000;2016-03-30T04:09:33.700000;378560e1-422f-478d-8446-e33a48a364d6;11.502;27.05684137;BUY
2016-03-30T04:09:35.000000;2016-03-30T04:09:35.373000;a495d580-327d-449a-b1a8-cebaf208ae82;11.502;27.05684137;BUY
2016-03-30T04:10:47.000000;2016-03-30T04:10:47.237000;5a775109-626b-4179-a162-ce3403af802c;11.502;27.05684137;BUY
2016-03-30T04:10:48.000000;2016-03-30T04:10:48.367000;9184cfdf-0d98-471a-85c6-c6204e492f2f;11.502;27.05684137;BUY
2016-03-30T04:12:25.000000;2016-03-30T04:12:25.963000;4d57422a-162e-476a-9e2c-acac43c49fe6;11.502;13.08;BUY
2016-03-30T04:12:27.000000;2016-03-30T04:12:27.330000;440768b0-f360-46f2-bd2d-8ffe4799bead;11.502;13.08;BUY
2016-03-30T04:12:27.000000;2016-03-30T04:12:27.557000;3b33c596-8df8-4c74-a67d-7ece02762db6;11.502;13.09309308;BUY
2016-03-30T04:12:31.000000;2016-03-30T04:12:31.630000;6311bdab-c4a9-4abf-93db-fe43aefc279d;11.502;1.76656657;BUY
2016-03-30T04:12:32.000000;2016-03-30T04:12:32.967000;0bd543ed-9a0d-47d5-99d3-ec93f437c0ff;11.502;1.11111111;BUY
2016-03-30T04:12:36.000000;2016-03-30T04:12:36.800000;aaf6ffca-05a6-4b2f-8c7b-7a7c9c6638e8;11.502;27.05684137;BUY
2016-03-30T04:12:40.000000;2016-03-30T04:12:40.630000;2067a86f-35fd-4678-bc7a-d33b6b2347d9;11.502;27.05684137;BUY
2016-03-30T04:12:41.000000;2016-03-30T04:12:41.413000;b7960f72-0dc3-4dce-b28a-8930e25f3829;11.502;27.05684137;BUY
2016-03-30T04:12:42.000000;2016-03-30T04:12:42.177000;86db0118-e59f-4ac8-8920-754c26659517;11.502;0.1;BUY
2016-03-30T04:12:44.000000;2016-03-30T04:12:44.627000;f35d408b-14b9-40da-8c9d-54c8d0ae3acc;11.502;22.86286286;BUY
2016-03-30T04:12:45.000000;2016-03-30T04:12:45.513000;f7b06b5e-01cf-4222-a65e-ca6f75e992d1;11.502;27.05684137;BUY
2016-03-30T04:12:47.000000;2016-03-30T04:12:47.097000;4ae1d783-2abf-4184-8712-ac1d8f0870d8;11.502;0.2282;BUY
2016-03-30T04:12:53.000000;2016-03-30T04:12:54.090000;1ed46203-bf43-43be-8d73-4163e2bfdf04;11.502;6.46646647;BUY
2016-03-30T04:12:53.000000;2016-03-30T04:12:54.140000;c100689e-26e6-4ad9-a370-7510aaaab61c;11.502;27.0839253;BUY
2016-03-30T04:12:58.000000;2016-03-30T04:12:58.170000;b2a3cce5-7a0b-4ff0-8325-fc1ea8a5708c;11.502;2.10783307;BUY
2016-03-30T04:13:00.000000;2016-03-30T04:13:00.250000;ec44110b-345a-4b8b-aa55-87f4e8c9780f;11.502;2.10783307;BUY
2016-03-30T04:14:08.000000;2016-03-30T04:14:08.277000;61c0b756-7ee1-4787-849d-1684b5a4a9a8;11.502;1.78024234;BUY
2016-03-30T04:15:48.000000;2016-03-30T04:15:48.773000;480b79f9-37d6-4977-af85-f75e766ed200;11.502;27.05684137;BUY
2016-03-30T04:15:49.000000;2016-03-30T04:15:49.783000;6650a444-c970-413b-99f3-7ae53805ea4c;11.502;11.72801216;BUY
2016-03-30T04:15:50.000000;2016-03-30T04:15:50.653000;4d7da003-b0b6-4b4e-bb6c-08bdd52551c5;11.502;10.0419968;BUY
2016-03-30T04:15:54.000000;2016-03-30T04:15:54.897000;82aa9162-c7a1-40e5-bfdd-6f1299aeca7a;11.502;1.82182182;BUY
2016-03-30T04:15:55.000000;2016-03-30T04:15:56.037000;254fb066-ee12-409a-8cd3-d7cde04c28f3;11.502;22.84900809;BUY
2016-03-30T04:16:04.000000;2016-03-30T04:16:04.623000;cc4195e4-7e16-4afd-bfab-56a1120cc5e6;11.502;1.0;BUY
2016-03-30T04:16:09.000000;2016-03-30T04:16:09.757000;a7448d8f-7131-4a92-9a97-9bda7956460a;11.502;0.1;BUY
2016-03-30T04:16:17.000000;2016-03-30T04:16:17.423000;ace99369-92d4-4be6-9262-16cda63a73cc;11.502;22.86286286;BUY
2016-03-30T04:16:18.000000;2016-03-30T04:16:18.243000;2f09766c-7f86-4afb-8e75-657dc0dba898;11.502;4.22106243;BUY
2016-03-30T04:16:19.000000;2016-03-30T04:16:19.093000;fd1c6a71-5c9b-4c27-8d41-1dcf4b13012d;11.502;0.1;BUY
2016-03-30T04:16:22.000000;2016-03-30T04:16:22.660000;86508c57-516b-4868-ad7c-2c6ef2ca9008;11.502;2.70315863;BUY
2016-03-30T04:16:22.000000;2016-03-30T04:16:22.983000;31c2a7d8-c33e-406a-867c-e8507237008d;11.502;2.70586449;BUY
2016-03-30T04:16:23.000000;2016-03-30T04:16:23.847000;2f999a2e-206f-43d0-aa83-3432952c7244;11.502;2.70315863;BUY
2016-03-30T04:16:29.000000;2016-03-30T04:16:29.643000;9a9b863f-9e9d-413d-80cd-900a31f57575;11.502;1.0;BUY
2016-03-30T04:16:46.000000;2016-03-30T04:16:46.943000;bdaaf20c-ed1c-4114-bb63-2cb87051f2f0;11.502;20.03168256;BUY
2016-03-30T04:16:55.000000;2016-03-30T04:16:55.073000;cfebaf91-a0bc-425c-9c3e-33e4c97d6552;11.502;4.55675789;BUY
2016-03-30T04:16:58.000000;2016-03-30T04:16:58.087000;2cd6cf67-8797-41c8-8169-66924bc838d5;11.502;18.30123687;BUY
2016-03-30T04:18:14.000000;2016-03-30T04:18:14.327000;16dc9de7-19f3-47ba-aad7-9141dad470b5;11.518;17.0;SELL
2016-03-30T04:29:26.000000;2016-03-30T04:29:26.470000;7aeb772c-a071-4958-8794-c0d86250efc2;11.574;6.8;BUY
2016-03-30T04:29:26.000000;2016-03-30T04:29:26.483000;17630ab8-377d-4d46-a3bd-aa31609f3f4d;11.575;2.95975976;BUY
2016-03-30T04:36:54.000000;2016-03-30T04:36:54.247000;7633b78d-ca19-4eeb-96e9-f594705a4cda;11.57;10.0;BUY
2016-03-30T04:37:59.000000;2016-03-30T04:37:59.127000;c889e672-752a-4827-9c39-2cceb7e23539;11.57;10.0;BUY
2016-03-30T04:37:59.000000;2016-03-30T04:37:59.143000;dd6f9172-ca46-4f55-9006-3f97bcd0e19c;11.575;84.6692;BUY
2016-03-30T04:42:57.000000;2016-03-30T04:42:58.023000;c72054a5-483d-45e6-8c94-099de0438e08;11.575;22.15904024;BUY
2016-03-30T04:42:57.000000;2016-03-30T04:42:58.037000;c0ffb67a-518f-48ca-8e3b-2f0c08d564cc;11.58;7.93405285;BUY
2016-03-30T04:46:27.000000;2016-03-30T04:46:27.203000;efb31a75-d94c-4b6f-a02e-c9c30b5c2a4f;11.58;2.06594715;BUY
2016-03-30T04:46:27.000000;2016-03-30T04:46:27.210000;6f9a1658-0132-43b3-8dbe-5e6e88c9f2b4;11.616;51.1706;BUY
2016-03-30T04:46:27.000000;2016-03-30T04:46:27.210000;36da1c0f-1721-4251-b51c-c75b7cec1f53;11.617;0.85;BUY
2016-03-30T04:46:27.000000;2016-03-30T04:46:27.247000;6c974c0d-4a9c-4019-ab63-54318172399c;11.619;2.342021;BUY
2016-03-30T04:46:27.000000;2016-03-30T04:46:27.247000;9db4c7b9-14ac-40e3-990a-d1bed0c05051;11.62;10.0;BUY
2016-03-30T04:46:29.000000;2016-03-30T04:46:29.673000;be38e337-6d84-496f-bbe9-b3c40215a005;11.636;0.85;BUY
2016-03-30T04:46:30.000000;2016-03-30T04:46:30.917000;1937d270-46c4-4f5c-81aa-b5312e621c8a;11.65;4.04618509;BUY
2016-03-30T04:46:31.000000;2016-03-30T04:46:31.147000;c05fad76-6427-49d4-b136-68cd1dc7e58d;11.65;2.95381491;BUY
2016-03-30T04:46:31.000000;2016-03-30T04:46:31.160000;442a28b3-eae8-4600-9ed4-11776641136a;11.659;0.85;BUY
2016-03-30T04:46:31.000000;2016-03-30T04:46:31.953000;0ea5ce02-6d51-4354-adaa-e28a4aeef9a4;11.661;0.24237018;BUY
2016-03-30T04:46:32.000000;2016-03-30T04:46:32.087000;e959a8b5-d024-435c-a15f-febebb1c09a7;11.661;0.24237018;BUY
2016-03-30T04:46:33.000000;2016-03-30T04:46:33.380000;0e0fd34b-7077-4df4-95ef-22038f2bc74d;11.66;25.74375319;SELL
2016-03-30T04:46:33.000000;2016-03-30T04:46:33.383000;2c32adce-cabf-44ac-8c80-d4608786ba91;11.66;1.65624681;SELL
2016-03-30T04:46:33.000000;2016-03-30T04:46:33.707000;05d946be-f803-4b72-b120-22e503d299a8;11.661;0.36525964;BUY
2016-03-30T04:46:33.000000;2016-03-30T04:46:33.970000;5a4d355b-39f0-4d31-b330-b11b0373e0a6;11.661;1.09769;SELL
2016-03-30T05:05:05.000000;2016-03-30T05:05:05.957000;e4d082df-1a2f-4f6a-9482-04e2ce7dfb04;11.66;1.33553926;BUY
2016-03-30T05:05:06.000000;2016-03-30T05:05:06.437000;82d0f454-d658-4380-bcfd-ea4947f8296c;11.66;1.33553926;BUY
2016-03-30T05:10:09.000000;2016-03-30T05:10:09.820000;6bd4c474-2f75-4c37-aae8-2a75d1bfd6e6;11.66;4.44332665;BUY
2016-03-30T05:24:00.000000;2016-03-30T05:24:00.883000;d6eebf10-7ee5-4189-9a7c-84ad4639922c;11.648;15.16226914;BUY
2016-03-30T05:24:09.000000;2016-03-30T05:24:09.997000;30a9fa1f-1e2e-4c45-94b5-b42ab7d0a289;11.648;1.83773058;BUY
2016-03-30T05:24:35.000000;2016-03-30T05:24:35.877000;0b16b9b6-b409-4714-8d22-299a48c3f0c0;11.66;1.83773058;BUY
2016-03-30T05:31:32.000000;2016-03-30T05:31:32.393000;ca4ea0ec-e50c-49f0-8f81-2c616cfee994;11.66;3.33451958;BUY
2016-03-30T05:38:40.000000;2016-03-30T05:38:41.073000;921dc95a-67cf-4432-806d-ddb22764f7ab;11.66;7.71334467;BUY
2016-03-30T05:38:40.000000;2016-03-30T05:38:41.093000;26ae0596-31fe-4e39-bcb0-4861a55165cb;11.67;20.0;BUY
2016-03-30T05:38:40.000000;2016-03-30T05:38:41.100000;d6c429ef-47fa-4f91-8dfb-cc65f1905f2d;11.674;0.85;BUY
2016-03-30T05:38:40.000000;2016-03-30T05:38:41.130000;56935325-ce52-4523-aeb0-eb336db56b48;11.675;0.3503;BUY
2016-03-30T05:45:07.000000;2016-03-30T05:45:07.133000;33ac109f-c621-4d64-b982-139f03d75b9a;11.689;36.6486017;BUY
2016-03-30T05:45:07.000000;2016-03-30T05:45:07.140000;c798c1cb-7508-4e60-91c8-9dee72ad1f0e;11.689;14.3965983;BUY
2016-03-30T05:45:07.000000;2016-03-30T05:45:07.143000;b3dac7c2-c554-4906-81bd-253fe296e3ed;11.69;5.67428202;BUY
2016-03-30T05:45:08.000000;2016-03-30T05:45:08.530000;dee6a7a0-863b-4e99-b7ef-45f07c720f04;11.69;14.32571798;BUY
2016-03-30T05:45:10.000000;2016-03-30T05:45:10.947000;d92dba38-05d3-46e8-b800-38676005ac72;11.699;5.74516234;BUY
2016-03-30T05:45:11.000000;2016-03-30T05:45:11.257000;17aad746-fcc0-4831-9cb7-a3662ac2bb74;11.699;5.74516234;BUY
2016-03-30T05:47:53.000000;2016-03-30T05:47:53.730000;ac06f59e-442e-4ce4-96e4-5a8aab060f71;11.699;1.8874;BUY
2016-03-30T05:47:53.000000;2016-03-30T05:47:53.737000;fa0d1672-8f11-4f5c-a84d-1c3d9208b41e;11.7;39.42179976;BUY
2016-03-30T05:47:54.000000;2016-03-30T05:47:54.753000;7efe3e6f-1e3e-4509-b81c-3b56246d579d;11.7;41.30919976;BUY
2016-03-30T05:47:55.000000;2016-03-30T05:47:55.200000;dc8575f0-9e25-41e0-8ae9-0df4cb2b49ae;11.7;3.81896695;BUY
2016-03-30T05:47:55.000000;2016-03-30T05:47:55.257000;e01ccdaf-1afc-4a29-ba50-b3abb8cbcc60;11.7;37.49023282;BUY
2016-03-30T05:47:55.000000;2016-03-30T05:47:55.667000;6a235f31-1c6d-49d1-8971-5660a7f0453c;11.7;1.56918955;BUY
2016-03-30T06:04:09.000000;2016-03-30T06:04:09.787000;6bc66552-ee40-40fe-b037-3d1f00b2cccd;11.7;21.01601602;BUY
2016-03-30T06:04:13.000000;2016-03-30T06:04:14.030000;40ef4d11-90bd-4712-b2ef-d32d9b1c0b57;11.7;0.3;BUY
2016-03-30T06:04:41.000000;2016-03-30T06:04:41.720000;98b29602-7388-471a-a1c2-5dd81cdb904d;11.699;0.3;SELL
2016-03-30T06:08:18.000000;2016-03-30T06:08:18.487000;b1cc87da-fd8d-4a61-b021-7df68b5e7771;11.7;10.08564526;BUY
2016-03-30T06:08:18.000000;2016-03-30T06:08:18.707000;b0f07a9a-d9a1-4f55-bd4a-fea4abc7fcbb;11.7;28.6892624;BUY
2016-03-30T06:18:42.000000;2016-03-30T06:18:42.797000;c7cfe28f-1ed8-42ae-9084-f6e890a40fe9;11.696;0.16422;SELL
2016-03-30T06:30:30.000000;2016-03-30T06:30:30.483000;477b52f2-8110-4b1b-b06f-bdcdc4bb90d2;11.69;1.0;BUY
2016-03-30T06:31:37.000000;2016-03-30T06:31:37.450000;2511e69e-e0f6-4715-a5fc-5b7a6cba6094;11.69;39.0;BUY
2016-03-30T06:31:37.000000;2016-03-30T06:31:37.463000;b2417422-253b-4266-9cdb-b82c6987da4d;11.7;8.13451359;BUY
2016-03-30T06:34:56.000000;2016-03-30T06:34:56.530000;20aa6c8f-c055-4b35-bd67-e4b16fa301f5;11.7;36.6486017;BUY
2016-03-30T06:34:56.000000;2016-03-30T06:34:56.643000;899a4549-32d9-487b-a568-724cd709ee62;11.7;3.38838142;BUY
2016-03-30T06:35:08.000000;2016-03-30T06:35:08.213000;ea8e7ff5-f0a3-4b48-8be2-63e57d280326;11.7;1.22220558;BUY
2016-03-30T06:35:20.000000;2016-03-30T06:35:20.907000;f0be282b-3995-4694-a9c8-c8c1f4643986;11.7;89.21706656;BUY
2016-03-30T06:35:20.000000;2016-03-30T06:35:20.917000;7fa26335-92ee-4238-ab33-d091bb2d23a7;11.7;25.0;BUY
2016-03-30T06:35:20.000000;2016-03-30T06:35:20.923000;f838146b-39ae-453b-8832-a71703adaa96;11.702;0.85;BUY
2016-03-30T06:35:20.000000;2016-03-30T06:35:20.953000;6ca08d8a-34e5-4d2c-8109-0ba211921446;11.703;0.85;BUY
2016-03-30T06:35:20.000000;2016-03-30T06:35:20.953000;1a478dbc-3570-4b9f-adab-fa00045b8c7a;11.724;0.3503;BUY
2016-03-30T06:35:20.000000;2016-03-30T06:35:20.953000;da9d0553-bb63-4df8-a823-65d8d32a12ab;11.725;0.85;BUY
2016-03-30T06:35:20.000000;2016-03-30T06:35:20.953000;83d3b487-fad2-4d73-a858-57760d7f4730;11.73;0.1;BUY
2016-03-30T06:35:20.000000;2016-03-30T06:35:20.970000;f0caa96f-ea27-4de7-9cf9-dba1a6972a22;11.731;0.1;BUY
2016-03-30T06:35:20.000000;2016-03-30T06:35:20.993000;b01bacdf-fc3d-4498-8ee6-c8cc3ed0bdce;11.731;0.1;BUY
2016-03-30T06:35:20.000000;2016-03-30T06:35:20.993000;f618a1f0-c46f-4f64-81cf-aebcf15ae492;11.731;0.1;BUY
2016-03-30T06:35:20.000000;2016-03-30T06:35:20.997000;adca6f95-90ea-4cbc-b13c-0c6214d27259;11.751;0.1;BUY
2016-03-30T06:35:20.000000;2016-03-30T06:35:21.030000;23cfd9a8-59d6-4782-8363-d6d0196ede6e;11.761;0.1;BUY
2016-03-30T06:35:20.000000;2016-03-30T06:35:21.030000;035260f8-4971-4a17-9f97-6f822ca15a0d;11.766;2.321916;BUY
2016-03-30T06:35:20.000000;2016-03-30T06:35:21.030000;4e86216e-016f-471a-99e6-20929429ddee;11.797;0.1;BUY
2016-03-30T06:35:20.000000;2016-03-30T06:35:21.030000;806524b8-3d3c-4b99-a98e-bbbb1406e205;11.799;0.431;BUY
2016-03-30T06:35:20.000000;2016-03-30T06:35:21.030000;996b1e04-0caa-4542-91c5-73dde3d5c908;11.799;0.1;BUY
2016-03-30T06:35:20.000000;2016-03-30T06:35:21.030000;f58f66b5-cb0b-4bf6-b87b-1360e4a6e48c;11.822;12.049497;BUY
2016-03-30T06:35:20.000000;2016-03-30T06:35:21.030000;9c0ce376-bf4c-4313-96e5-f20d58d9d42f;11.84;4.0918;BUY
2016-03-30T06:35:20.000000;2016-03-30T06:35:21.037000;11a26773-7458-4b05-9962-e592a01a4362;11.84;13.185785;BUY
2016-03-30T06:35:20.000000;2016-03-30T06:35:21.067000;88d9361d-96fd-4e50-9d56-7cc29a653eff;11.847;0.3503;BUY
2016-03-30T06:35:20.000000;2016-03-30T06:35:21.067000;ce0baafa-1012-4b44-9480-34bfde36857d;11.847;39.61393544;BUY
2016-03-30T06:36:46.000000;2016-03-30T06:36:46.353000;52f7c59e-ad2c-4641-965d-8963c4903b81;11.788;3.828022;SELL
2016-03-30T06:36:46.000000;2016-03-30T06:36:46.370000;f95b7861-53d3-4e51-8dae-6c65d746d841;11.788;15.65994562;SELL
2016-03-30T06:36:47.000000;2016-03-30T06:36:47.467000;85a30f02-d5a2-41b4-a0a4-df24a44336e4;11.788;19.48796762;SELL
2016-03-30T06:38:32.000000;2016-03-30T06:38:32.853000;40da1e5e-4b5f-4b20-b6da-f401610f31eb;11.825;1.5603;BUY
2016-03-30T06:44:35.000000;2016-03-30T06:44:35.520000;5afd482c-cbe5-4692-ad16-8c79cda61cc8;11.85;1.0;BUY
2016-03-30T06:44:35.000000;2016-03-30T06:44:35.533000;00a89d7d-aa3f-4043-adbb-18c6e08e9579;11.85;19.02102102;BUY
2016-03-30T06:44:37.000000;2016-03-30T06:44:37.490000;bf8de2ac-ee93-4ba0-9e30-9b74cc528114;11.85;25.12042759;BUY
2016-03-30T06:44:37.000000;2016-03-30T06:44:37.847000;64ade927-1e09-44e7-a57a-7501b8898efc;11.85;16.93078349;BUY
2016-03-30T06:44:37.000000;2016-03-30T06:44:38.037000;7646c3cb-8f06-4adc-8116-f77a87dfe24a;11.85;36.6486017;BUY
2016-03-30T06:44:40.000000;2016-03-30T06:44:40.793000;565efef1-97ac-42e5-a016-cc8730a26127;11.85;36.6486017;BUY
2016-03-30T06:44:40.000000;2016-03-30T06:44:40.810000;a8923b54-07e6-4fdc-9047-c15582442550;11.85;4.61729002;BUY
2016-03-30T06:44:49.000000;2016-03-30T06:44:49.303000;4d2579d4-8b1c-4ad7-b62e-084e4b8b086e;11.85;1.0;BUY
2016-03-30T06:45:10.000000;2016-03-30T06:45:10.693000;c024fdec-5052-4d4e-9e48-af02e26198a4;11.85;23.59359359;BUY
2016-03-30T06:45:16.000000;2016-03-30T06:45:16.903000;50b56666-116c-4261-8fc3-f74857917b33;11.85;6.41968089;BUY
2016-03-30T06:45:16.000000;2016-03-30T06:45:16.907000;5e0eca7a-511d-4694-bbd6-ba733191dbd8;11.854;0.3503;BUY
2016-03-30T06:45:46.000000;2016-03-30T06:45:47.150000;e941978b-8b66-482e-9908-3788f5f4b426;11.883;0.54181;BUY
2016-03-30T06:46:43.000000;2016-03-30T06:46:43.163000;1a2904be-da7b-45a9-90a4-37fa2c495f6d;11.87;0.33941988;SELL
2016-03-30T06:47:14.000000;2016-03-30T06:47:14.247000;48ef4434-3521-43ff-9880-78b440e3fb70;11.9;0.1;BUY
2016-03-30T06:47:14.000000;2016-03-30T06:47:14.257000;6276b3ec-2027-4104-ab20-1b9ea3d4d170;11.9;21.7799183;BUY
2016-03-30T06:47:53.000000;2016-03-30T06:47:53.693000;a3c2c067-b428-4302-b419-95878f2f6bd0;11.9;25.0;BUY
2016-03-30T06:47:54.000000;2016-03-30T06:47:54.813000;243879f0-5344-489f-bfc7-f287cc164d36;11.9;3.2200817;BUY
2016-03-30T06:47:54.000000;2016-03-30T06:47:54.820000;ef54786d-6bf1-4b77-9033-b8cf35d92a98;11.9;6.80996836;BUY
2016-03-30T06:48:55.000000;2016-03-30T06:48:55.563000;4746b87c-956d-434e-8449-39e945e9efb0;11.9;5.40696394;BUY
2016-03-30T06:48:55.000000;2016-03-30T06:48:55.570000;3956ba41-1bdd-4467-95b0-ab4d2ca653d4;11.924;3.820381;BUY
2016-03-30T06:48:55.000000;2016-03-30T06:48:55.580000;49449e1e-b752-4b7b-a823-d84af6bab1fa;11.941;50.0;BUY
2016-03-30T06:48:55.000000;2016-03-30T06:48:55.610000;b2eb4703-9be4-46fe-8458-f4666b92b555;11.974;7.74;BUY
2016-03-30T06:48:55.000000;2016-03-30T06:48:55.610000;0c5355bf-e7f2-4b4d-a634-c029f95376b9;11.999;6.730095;BUY
2016-03-30T06:48:55.000000;2016-03-30T06:48:55.610000;6b9868f3-048d-42a1-9040-0c4f41704b62;12.0;50.0;BUY
2016-03-30T06:48:55.000000;2016-03-30T06:48:55.610000;4e8a37b9-a77e-442f-82e8-bfcfd61d1148;12.0;0.2;BUY
2016-03-30T06:48:55.000000;2016-03-30T06:48:55.610000;53856c1f-9ad2-4c02-b753-055453f30445;12.0;3.2;BUY
2016-03-30T06:48:55.000000;2016-03-30T06:48:55.623000;baa64f58-f740-4869-ba8a-b2b224cfc13b;12.0;6.9;BUY
2016-03-30T06:48:55.000000;2016-03-30T06:48:55.647000;83555aef-6e57-4b5f-a8a8-e454b32c20f7;12.0;31.5806;BUY
2016-03-30T06:48:55.000000;2016-03-30T06:48:55.647000;6a0fd78a-5ac5-4947-a497-beb8ae23eccd;12.0;0.1288418;BUY
2016-03-30T06:48:55.000000;2016-03-30T06:48:55.647000;da3216ff-8971-4c87-b961-2bf4e7d9491f;12.0;0.1;BUY
2016-03-30T06:48:55.000000;2016-03-30T06:48:55.647000;9f7298a8-5534-40ab-a5fe-2ba0f8ff91ce;12.0;2.0;BUY
2016-03-30T06:48:55.000000;2016-03-30T06:48:55.647000;8f136645-7d0b-4428-88b2-c1f5c5159224;12.0;10.0;BUY
2016-03-30T06:48:55.000000;2016-03-30T06:48:55.660000;6d29f49d-c34f-4a1e-a473-c423aad8dde0;12.0;82.759899;BUY
2016-03-30T06:48:55.000000;2016-03-30T06:48:55.683000;2626f4f8-11da-4031-8bd9-13db81711aaa;12.05;2.0;BUY
2016-03-30T06:48:55.000000;2016-03-30T06:48:55.683000;f89833e9-fee2-42d5-a283-ab72722476a8;12.089;51.63190912;BUY
2016-03-30T06:49:00.000000;2016-03-30T06:49:00.430000;c834aa27-51a0-4459-b178-c4b5ba6eac94;11.999;0.20855905;BUY
2016-03-30T06:49:36.000000;2016-03-30T06:49:37.013000;18d33193-4df0-46a9-8db4-21d72e61f76c;12.04;8.34636276;BUY
2016-03-30T06:49:36.000000;2016-03-30T06:49:37.027000;42ef6fdb-031e-4fca-bd43-1c5c60b1842e;12.04;0.69608479;BUY
2016-03-30T06:50:02.000000;2016-03-30T06:50:02.353000;01acad3a-6ff0-4060-a098-b3b0dd29e10e;11.871;0.88822;SELL
2016-03-30T06:51:41.000000;2016-03-30T06:51:41.203000;0ac789f6-b746-4e6a-994b-e34a600dff64;11.871;0.44411;SELL
2016-03-30T06:51:57.000000;2016-03-30T06:51:57.067000;dff8b9be-9fd0-4070-9ed8-0427ea780451;11.871;0.11103;SELL
2016-03-30T07:00:13.000000;2016-03-30T07:00:14.043000;60e313f6-e60d-4864-bfe9-4194e53e7956;11.9;1.0173;SELL
2016-03-30T07:00:40.000000;2016-03-30T07:00:40.523000;49e4c98c-a4be-4e53-9dac-9548aba087cc;11.9;1.05539242;SELL
2016-03-30T07:01:24.000000;2016-03-30T07:01:24.287000;c819ca01-938c-4885-8ed3-4da25ce78cfc;11.9;28.1335393;SELL
2016-03-30T07:03:36.000000;2016-03-30T07:03:36.237000;deb7b722-dcae-4d5e-bd90-604f717ab09b;11.913;0.8251314;SELL
2016-03-30T07:03:36.000000;2016-03-30T07:03:36.250000;669055ed-b37e-42ae-83ee-01d9cb4dce56;11.912;49.551;SELL
2016-03-30T07:03:41.000000;2016-03-30T07:03:41.253000;393094d2-727e-4c81-a8aa-91f56ea4402e;11.9;145.79376828;SELL
2016-03-30T07:05:30.000000;2016-03-30T07:05:30.970000;9329de26-da07-443d-9b76-91ef11d51072;11.917;1.0;BUY
2016-03-30T07:05:42.000000;2016-03-30T07:05:42.540000;3ec654c7-2b55-407a-a0d3-c76786e5d5a2;11.906;2.0;BUY
2016-03-30T07:05:43.000000;2016-03-30T07:05:43.643000;94118e3f-3eb8-4cfb-a8a8-5121f7094104;11.812;2.64873659;SELL
2016-03-30T07:05:44.000000;2016-03-30T07:05:44.667000;658c0a75-15ff-4258-b14a-55e673c5d6f4;11.812;1.17928541;SELL
2016-03-30T07:05:45.000000;2016-03-30T07:05:45.513000;3cf98ef5-6a07-49cf-9bf5-be7327c0c4b5;11.812;1.249;BUY
2016-03-30T07:05:45.000000;2016-03-30T07:05:45.590000;c242dcdf-398d-400b-92b2-75908b921c3a;11.776;0.1;SELL
2016-03-30T07:05:45.000000;2016-03-30T07:05:45.593000;3fb48e56-e323-4378-ae61-07e4a4507bc6;11.758;1.36945118;SELL
2016-03-30T07:05:45.000000;2016-03-30T07:05:45.903000;935cf3dd-7115-44a9-a167-61afe376d679;11.758;0.97541182;SELL
2016-03-30T07:05:45.000000;2016-03-30T07:05:45.910000;6e6a5cb5-ca66-4a9c-8a2c-3fedbb6e7278;11.758;8.972768;SELL
2016-03-30T07:05:45.000000;2016-03-30T07:05:45.910000;b41d53a3-b221-4a0e-8664-f55d8120e5b8;11.702;10.05182018;SELL
2016-03-30T07:05:46.000000;2016-03-30T07:05:46.220000;a428f6ff-0a9a-4803-acf5-063b29b65934;11.901;1.0;BUY
2016-03-30T07:05:51.000000;2016-03-30T07:05:51.187000;ceb4849f-65a6-4334-8618-8a22d9bfef4c;11.896;1.0;BUY
2016-03-30T07:06:05.000000;2016-03-30T07:06:06.040000;d6f66a67-11d9-4dec-a451-02506353f6eb;11.881;1.0;BUY
2016-03-30T07:06:29.000000;2016-03-30T07:06:29.223000;fd3d0d8a-9de8-489a-85ff-3a42c8d69c61;11.864;1.0;BUY
2016-03-30T07:06:42.000000;2016-03-30T07:06:42.560000;de5d6d04-4392-407b-951a-3133893109a9;11.864;2.0;BUY
2016-03-30T07:06:48.000000;2016-03-30T07:06:48.597000;a99a680a-a6a4-4d3b-abf2-5825f29d77d2;11.864;1.0;BUY
2016-03-30T07:07:06.000000;2016-03-30T07:07:06.777000;04c8c30b-1f61-45bc-a026-bc2515d7578e;11.857;1.0;BUY
2016-03-30T07:07:12.000000;2016-03-30T07:07:12.683000;2b94cad3-d40b-4356-ad2d-775e16f70d66;11.857;2.0;BUY
2016-03-30T07:19:21.000000;2016-03-30T07:19:21.980000;3d5dd79d-a528-47ff-8b4a-72bbfc9ff870;11.847;5.1934;BUY
2016-03-30T07:19:42.000000;2016-03-30T07:19:42.353000;a147c7da-3387-4071-96fd-3a5247305348;11.848;27.3947341;BUY
2016-03-30T07:19:53.000000;2016-03-30T07:19:53.247000;5464f3eb-ec43-4944-992b-76e2feb1626a;11.848;18.3039039;BUY
2016-03-30T07:19:54.000000;2016-03-30T07:19:54.750000;bca893be-aa48-4d6b-a5b3-7cfeafda79e1;11.848;27.3947341;BUY
2016-03-30T07:22:04.000000;2016-03-30T07:22:04.427000;0e69d404-c312-4fb8-ac29-3ce718a4d91f;11.848;22.9250844;BUY
2016-03-30T07:22:04.000000;2016-03-30T07:22:04.550000;899f2aab-e5af-409b-be49-b2cdfdfc6ec9;11.848;4.46964951;BUY
2016-03-30T07:22:04.000000;2016-03-30T07:22:04.907000;e1f5c1fc-a652-4305-bdfc-cff028352203;11.848;2.47728555;BUY
2016-03-30T07:22:05.000000;2016-03-30T07:22:05.610000;2046c62c-b5b2-45ca-b49a-ccf6a4600f1b;11.848;4.46964951;BUY
2016-03-30T07:22:06.000000;2016-03-30T07:22:06.803000;03433323-b1db-4b4b-9ab8-28452a7c4ad3;11.848;2.47728555;BUY
2016-03-30T07:27:40.000000;2016-03-30T07:27:40.487000;c86401c1-d619-4d90-ac23-3b9f5c4ba48d;11.842;17.35553707;BUY
2016-03-30T07:31:03.000000;2016-03-30T07:31:03.237000;a0376ca3-d88a-4f0f-a123-532802320eb3;11.844;27.36660857;BUY
2016-03-30T07:31:04.000000;2016-03-30T07:31:04.373000;11ee92cd-47df-430b-a699-4afc4b1e7c1a;11.844;27.36660857;BUY
2016-03-30T07:35:00.000000;2016-03-30T07:35:00.363000;a3b47aed-abe6-4679-9dea-cef2162dc19f;11.844;19.1495;BUY
2016-03-30T07:35:35.000000;2016-03-30T07:35:35.430000;04ca7efe-e87c-4a89-a7a5-8034bfa4c395;11.844;27.36660857;BUY
2016-03-30T07:35:35.000000;2016-03-30T07:35:35.763000;cca545f9-9839-4dee-82d6-1753c172cd3c;11.844;2.1226933;BUY
2016-03-30T07:35:39.000000;2016-03-30T07:35:39.797000;3253f27f-daa7-4b82-96b9-b3334b02c4ff;11.819;17.35553707;BUY
2016-03-30T07:39:42.000000;2016-03-30T07:39:42.203000;b87b358a-a6e8-4ce1-9453-e6c7d507368c;11.819;1.00100065;BUY
2016-03-30T07:39:42.000000;2016-03-30T07:39:42.973000;eb78e7a6-c232-4c8d-ad05-57194d8f1c55;11.819;1.00100065;BUY
2016-03-30T07:40:02.000000;2016-03-30T07:40:02.700000;feeeaec5-8ec1-43e7-88b2-bae61eac14cc;11.819;27.36660845;BUY
2016-03-30T07:40:05.000000;2016-03-30T07:40:05.730000;57fd07c8-9e2c-4b29-8e19-44603bd044f5;11.819;3.9628723;BUY
2016-03-30T07:40:08.000000;2016-03-30T07:40:08.263000;b7c0b5b7-306f-457b-b885-884538b6b804;11.819;8.71753109;BUY
2016-03-30T07:40:18.000000;2016-03-30T07:40:19.287000;f3ee4652-2846-4a20-864a-39f1f0b2d135;11.819;15.02818978;BUY
2016-03-30T07:44:32.000000;2016-03-30T07:44:32.853000;fa950acd-718b-42e4-8649-7e4344befa62;11.844;12.33798099;BUY
2016-03-30T07:49:02.000000;2016-03-30T07:49:02.590000;c2cc1d89-3ac2-47ce-83e6-1b701c1d5063;11.836;6.83157215;BUY
2016-03-30T07:49:02.000000;2016-03-30T07:49:02.617000;78462569-03f2-4d7d-96ab-7ae637a02f54;11.836;43.26472785;BUY
2016-03-30T07:49:03.000000;2016-03-30T07:49:03.197000;0754a089-d360-4eb8-b42a-c341f0a773c2;11.878;7.224329;BUY
2016-03-30T07:49:03.000000;2016-03-30T07:49:03.210000;effc6c21-2168-46a9-ad1c-7f770b27bcbb;11.878;17.64042383;BUY
2016-03-30T07:49:03.000000;2016-03-30T07:49:03.243000;3e2158f7-4a62-434a-b90a-f3f47b22862f;11.878;27.36660857;BUY
2016-03-30T07:49:03.000000;2016-03-30T07:49:03.860000;875d4f5d-8b09-4784-9a41-43ad4b97dca1;11.811;0.3503;SELL
2016-03-30T07:49:03.000000;2016-03-30T07:49:03.863000;f1266d30-538d-4959-b93a-33f664ccab18;11.801;0.4555;SELL
2016-03-30T07:49:06.000000;2016-03-30T07:49:06.587000;854bafae-3bfb-4260-8c2c-2b5164178442;11.877;8.373087;BUY
2016-03-30T07:49:08.000000;2016-03-30T07:49:08.300000;f743e689-e3c4-4609-be1e-c5f4017c896d;11.878;0.73757162;BUY
2016-03-30T07:49:08.000000;2016-03-30T07:49:08.903000;4b97afcb-0c94-48ae-b30b-018e36429a2a;11.878;0.73757162;BUY
2016-03-30T07:52:11.000000;2016-03-30T07:52:11.750000;c48f2889-71d1-433a-adb9-d14e5e2821de;11.801;0.8;SELL
2016-03-30T07:56:37.000000;2016-03-30T07:56:37.890000;623324c5-bb3b-4f88-82fe-1b084cecc358;11.788;0.3232;SELL
2016-03-30T07:56:52.000000;2016-03-30T07:56:52.463000;770da699-33b7-4ca1-9e25-377776354e4b;11.8;0.129;SELL
2016-03-30T08:08:03.000000;2016-03-30T08:08:03.200000;29c246ee-7d0f-41d2-85ac-20b078eb714d;11.831;6.5256433;BUY
2016-03-30T08:08:39.000000;2016-03-30T08:08:39.997000;994e03e6-4476-4050-b872-4aacedba938e;11.831;27.36660856;BUY
2016-03-30T08:10:41.000000;2016-03-30T08:10:42.023000;b4c5c3d4-5be5-40c2-b4fe-6d0b66643cdc;11.831;16.60284814;BUY
2016-03-30T08:13:31.000000;2016-03-30T08:13:31.400000;f2afc0d9-5a0b-4893-b512-18c8e5f1c377;11.929;8.7637;BUY
2016-03-30T08:13:31.000000;2016-03-30T08:13:31.413000;293631d0-e144-4c6b-8046-d38af45be103;11.93;25.0;BUY
2016-03-30T08:13:31.000000;2016-03-30T08:13:31.423000;da6fcdcb-c3d5-4727-aba2-4d2759232cf8;11.948;3.820381;BUY
2016-03-30T08:13:31.000000;2016-03-30T08:13:31.450000;a209acbf-8c7f-4258-a7ee-e16af9214e5d;11.948;9.059518;BUY
2016-03-30T08:13:31.000000;2016-03-30T08:13:31.450000;802bdf6f-e19e-4d8c-b9d8-fb34f7787882;11.949;2.29133;BUY
2016-03-30T08:13:31.000000;2016-03-30T08:13:31.450000;0c2aef41-76b2-4394-9f2b-895870058854;12.039;0.1;BUY
2016-03-30T08:13:31.000000;2016-03-30T08:13:31.453000;6370c980-da63-4a19-bcc1-09d5777dbdb0;12.04;154.423;BUY
2016-03-30T08:13:31.000000;2016-03-30T08:13:31.487000;00d1e847-e750-4384-9f30-198baa99a04b;12.041;0.3503;BUY
2016-03-30T08:13:31.000000;2016-03-30T08:13:31.487000;9dbfa350-db63-46ed-8022-4d0aa28db7b0;12.073;105.46;BUY
2016-03-30T08:13:31.000000;2016-03-30T08:13:31.487000;e64f8f38-c1d6-43a9-90ab-3dcf57b00527;12.073;35.00599697;BUY
2016-03-30T08:13:31.000000;2016-03-30T08:13:31.487000;524f9dbd-a4be-476c-9492-a668540fe6cb;12.074;118.213864;BUY
2016-03-30T08:13:31.000000;2016-03-30T08:13:31.487000;4544d399-3514-4351-9686-053a66559b3d;12.074;341.063906;BUY
2016-03-30T08:13:31.000000;2016-03-30T08:13:31.973000;53c67038-65fe-4781-965f-03ed8320cc74;12.08;33.3;SELL
2016-03-30T08:13:31.000000;2016-03-30T08:13:32.010000;234432c5-7ad1-4e20-9004-5d86e2f84d52;12.08;0.3503;SELL
2016-03-30T08:13:32.000000;2016-03-30T08:13:32.347000;5e28e8b7-58b2-4da1-b129-181c05dc0243;12.08;8.21562976;SELL
2016-03-30T08:13:32.000000;2016-03-30T08:13:32.637000;711198f0-23d5-4b5c-bc9c-e27c36bce840;12.08;84.01439274;SELL
2016-03-30T08:13:33.000000;2016-03-30T08:13:33.053000;db6cc3c8-b250-41cb-9b93-36f3939c9ca3;12.08;7.06892164;SELL
2016-03-30T08:13:34.000000;2016-03-30T08:13:34.077000;f7773749-3b0f-44f4-a745-1ce1d4f7e829;12.08;7.06892141;SELL
2016-03-30T08:13:34.000000;2016-03-30T08:13:34.110000;38194882-c7f7-44c8-be51-7dad995d2334;12.08;26.85582416;SELL
2016-03-30T08:13:34.000000;2016-03-30T08:13:34.180000;a739f289-16e6-4a23-a4c9-338f08356c2a;12.08;27.33924196;SELL
2016-03-30T08:13:34.000000;2016-03-30T08:13:34.287000;6a373333-c046-4a9c-86bb-f37cfd6cbda6;12.08;2.23477236;SELL
2016-03-30T08:15:10.000000;2016-03-30T08:15:10.233000;99c8dd36-2274-47eb-9a06-a779dadb0910;11.99;3.757875;BUY
2016-03-30T08:15:12.000000;2016-03-30T08:15:12.777000;ab1020db-3ef1-4c9f-8cad-f56f8b774ad7;11.99;18.50974479;BUY
2016-03-30T08:15:12.000000;2016-03-30T08:15:12.777000;381e29f9-4ed1-4c0a-a078-db1a9522bf7d;11.991;101.53;BUY
2016-03-30T08:15:13.000000;2016-03-30T08:15:13.413000;5c5e6021-d74f-4931-ac95-6070fb731e6a;12.0;54.12936183;SELL
2016-03-30T08:15:13.000000;2016-03-30T08:15:13.470000;ffa587c7-bbaf-4458-b3a9-6bf569516cbb;12.0;1.68305;SELL
2016-03-30T08:15:13.000000;2016-03-30T08:15:13.483000;d0daa835-f51d-4144-9998-e3b86fa0401a;12.0;33.3;SELL
2016-03-30T08:15:13.000000;2016-03-30T08:15:13.823000;c70e6cb9-0626-4cc8-af70-cd223d474367;12.0;54.12936183;SELL
2016-03-30T08:15:14.000000;2016-03-30T08:15:14.150000;ca8aeb51-06c7-4d7f-a42d-1dc0d0a07b9a;12.0;22.26800501;SELL
2016-03-30T08:15:14.000000;2016-03-30T08:15:14.743000;0def21ce-53af-405a-a6fa-956c7fb87d4b;12.0;92.27;SELL
2016-03-30T08:15:15.000000;2016-03-30T08:15:15.583000;7d3d746e-6ce0-4055-8e42-16bd272ae999;12.0;15.2855646;SELL
2016-03-30T08:15:15.000000;2016-03-30T08:15:15.710000;9a282fc8-7502-4a24-b8ea-500d59f592d5;12.0;0.30898876;SELL
2016-03-30T08:15:15.000000;2016-03-30T08:15:15.910000;746514b4-dc71-4a20-a25e-eead2685d749;12.0;606.58592318;SELL
2016-03-30T08:17:18.000000;2016-03-30T08:17:19.113000;ad52cdab-4459-4521-ad00-27fe82ded2d7;11.893;3.987745;SELL
2016-03-30T08:21:25.000000;2016-03-30T08:21:25.063000;19e09658-9f15-4a3b-b51e-b0b649d99b70;11.822;2.278206;SELL
2016-03-30T08:23:28.000000;2016-03-30T08:23:28.093000;5d541de5-2fd8-4058-9c79-26429ef38f67;11.822;7.0;SELL
2016-03-30T08:32:41.000000;2016-03-30T08:32:41.467000;fbd69e79-c741-434d-b931-3db572a95cfa;11.812;6.62847277;SELL
2016-03-30T08:45:54.000000;2016-03-30T08:45:55.030000;be28a724-c57b-4f16-8558-91b91e306764;11.81;7.0;SELL
2016-03-30T08:45:54.000000;2016-03-30T08:45:55.040000;ec5aa8ba-962e-46db-b2b8-3734ce31151e;11.803;2.96255625;SELL
2016-03-30T08:50:11.000000;2016-03-30T08:50:11.167000;f92a100c-30c8-4d16-a8c7-55ea5e6c0bed;11.924;33.08214324;BUY
2016-03-30T08:50:11.000000;2016-03-30T08:50:11.170000;bc8239cd-2b2e-4b03-9d8e-9355347c2623;11.936;0.3503;BUY
2016-03-30T08:50:11.000000;2016-03-30T08:50:11.423000;4e06513c-1cfb-4e64-bf5a-3ce12979c9c6;11.959;33.08214324;SELL
2016-03-30T08:50:11.000000;2016-03-30T08:50:11.517000;06e5cec7-16a0-44a4-8093-7f9b9d18f185;11.959;11.98051888;SELL
2016-03-30T08:50:11.000000;2016-03-30T08:50:11.763000;6c6e7cf3-5f5a-49d8-ab58-aff4cd616d2b;11.959;11.2566839;SELL
2016-03-30T08:50:11.000000;2016-03-30T08:50:12.070000;34fddd2d-be98-4b2e-812b-ccf09ffe4844;11.959;1.46826311;SELL
2016-03-30T08:50:11.000000;2016-03-30T08:50:12.127000;8f2a7c24-9828-4876-9c95-6b20c5a1a51d;11.959;14.85584341;SELL
2016-03-30T08:50:11.000000;2016-03-30T08:50:12.157000;d422be7c-2eeb-4824-aaed-01c6a69ab8e4;11.959;16.56137319;SELL
2016-03-30T08:50:11.000000;2016-03-30T08:50:12.180000;750c7b7f-8835-4e4f-a5d8-1cabbd6437bf;11.959;0.3503;SELL
2016-03-30T08:50:11.000000;2016-03-30T08:50:12.250000;8c7eddc6-0663-45f7-a9ee-99ad40c523df;11.959;27.01243103;SELL
2016-03-30T08:57:57.000000;2016-03-30T08:57:57.187000;274ef701-241f-4090-a16e-d46b97bbe15a;11.767;4.232155;SELL
2016-03-30T09:00:37.000000;2016-03-30T09:00:37.590000;0e08fa07-7842-423f-b9bb-a26737abacfd;11.848;0.4744;BUY
2016-03-30T09:16:00.000000;2016-03-30T09:16:00.933000;ce205394-6a28-4151-a923-0ece01cccd9c;11.798;5.0;SELL
2016-03-30T09:18:45.000000;2016-03-30T09:18:45.250000;be871c09-63b2-4a48-922b-0de981710a00;11.799;7.53900957;SELL
2016-03-30T09:41:28.000000;2016-03-30T09:41:28.983000;0d2e1306-b5ef-44cc-b1b2-3685124cd559;11.867;25.0;BUY
2016-03-30T10:20:00.000000;2016-03-30T10:20:00.730000;af81a302-90d0-4b24-8789-c25cbf35aa7a;11.96;5.0;BUY
2016-03-30T10:32:55.000000;2016-03-30T10:32:55.057000;dd56aad3-9a54-45b4-91a7-fc09163086f9;11.91;2.0;SELL
2016-03-30T10:38:48.000000;2016-03-30T10:38:48.683000;7bff9fdf-9e97-446e-b048-14c32a79713b;11.91;3.74237776;SELL
2016-03-30T10:38:53.000000;2016-03-30T10:38:53.520000;d8545c78-71b0-4456-8d46-6c70468420a7;11.91;3.74237776;SELL
2016-03-30T10:38:59.000000;2016-03-30T10:38:59.663000;9afec245-59d1-4947-9e7f-1546091e57f0;11.91;0.51524448;SELL
2016-03-30T10:39:06.000000;2016-03-30T10:39:06.173000;c85ab726-e6bb-497c-90f3-d112250b1474;11.9;4.0;SELL
2016-03-30T10:39:59.000000;2016-03-30T10:39:59.487000;500c8844-3c96-4faf-8e16-0c5a52f2def6;11.9;1.05474;SELL
2016-03-30T10:40:43.000000;2016-03-30T10:40:43.487000;8ce99b71-a769-4a92-8f89-a327c50e2b91;11.9;4.94526;SELL
2016-03-30T10:46:29.000000;2016-03-30T10:46:29.550000;2c5a7af0-b094-4bb5-b889-1023a8c33b6e;11.876;1.0;BUY
2016-03-30T10:46:44.000000;2016-03-30T10:46:44.783000;cb54098e-f7fe-4ac1-83a7-a196393b84b5;11.876;0.3;BUY
2016-03-30T10:55:06.000000;2016-03-30T10:55:06.657000;e160038c-0eb5-40c1-8809-cf0b106f3f23;11.8;18.2490288;SELL
2016-03-30T10:57:11.000000;2016-03-30T10:57:11.517000;995a3528-3f45-4df3-a97a-dd1396ea419d;11.8;0.13721;SELL
2016-03-30T11:04:08.000000;2016-03-30T11:04:08.350000;0c7e1498-f8b9-4bd7-bbdc-3fdd25501694;11.831;10.0;BUY
2016-03-30T11:04:12.000000;2016-03-30T11:04:12.710000;4fcca45d-532c-424d-b8e5-a2431165338e;11.831;10.0;BUY
2016-03-30T11:06:26.000000;2016-03-30T11:06:26.210000;44201d3c-49f5-4c16-9025-8afe0afbdc52;11.831;19.79827862;BUY
2016-03-30T11:07:03.000000;2016-03-30T11:07:03.360000;781db6fd-46e4-4f09-b3d3-d0356756807b;11.831;5.20172117;BUY
2016-03-30T11:46:05.000000;2016-03-30T11:46:05.713000;ba2ac03d-4dc7-4ea2-83b4-328a3c0d47d6;11.8;1.0;SELL
2016-03-30T11:46:07.000000;2016-03-30T11:46:07.803000;679e4c58-2a68-471f-af95-75afab03abfa;11.8;0.6137612;SELL
2016-03-30T11:48:24.000000;2016-03-30T11:48:24.167000;8541711a-8de2-4e79-99bf-807b1afebe79;11.8;0.3862388;BUY
2016-03-30T11:48:24.000000;2016-03-30T11:48:24.973000;b3f6e103-9726-4409-9f5a-6b1d0184bd11;11.871;0.3862388;BUY
2016-03-30T11:49:40.000000;2016-03-30T11:49:40.633000;85016ba0-05d0-44ca-bf3d-9609ddf0ec2c;11.871;6.3179;BUY
2016-03-30T11:55:32.000000;2016-03-30T11:55:32.253000;a533b441-fb9f-4a32-8f97-872bb946199a;11.81;0.3862388;SELL
2016-03-30T11:55:32.000000;2016-03-30T11:55:32.270000;c0fedd90-a1d9-4ab8-b3c9-32e612f9663c;11.809;0.3862388;SELL
2016-03-30T11:55:32.000000;2016-03-30T11:55:32.277000;846c16d6-2d9c-4535-810d-d655007feb6d;11.807;0.28040119;SELL
2016-03-30T11:59:43.000000;2016-03-30T11:59:44.033000;2a2281f1-2ea4-4faf-bcda-2c4272996ff2;11.807;5.0;BUY
2016-03-30T12:06:21.000000;2016-03-30T12:06:21.333000;21516664-63a8-46ba-958d-8154b4ca7fd4;11.843;200.0;SELL
2016-03-30T12:06:21.000000;2016-03-30T12:06:21.337000;0c6776aa-d445-487c-86c4-716738d8fede;11.843;5.6;SELL
2016-03-30T12:06:21.000000;2016-03-30T12:06:21.343000;eb100aba-7609-487a-9d57-0401ebfcecdb;11.842;50.1694;SELL
2016-03-30T12:06:21.000000;2016-03-30T12:06:21.373000;8fa8df2a-e480-4f7e-baeb-65ca017ec641;11.835;13.19439145;SELL
2016-03-30T12:06:21.000000;2016-03-30T12:06:21.373000;9acb5041-a731-4127-a186-c660c8c92578;11.834;2.278206;SELL
2016-03-30T12:06:21.000000;2016-03-30T12:06:21.373000;33aa81f5-e3d1-41dd-8dd3-c944021d149e;11.808;0.10583761;SELL
2016-03-30T12:06:21.000000;2016-03-30T12:06:21.373000;25f6cc9f-93c0-435a-aa94-dc5a353cea42;11.758;0.1;SELL
2016-03-30T12:06:21.000000;2016-03-30T12:06:21.373000;375863d9-1b78-4dc5-b6f0-b07273e0b6ad;11.744;0.3503;SELL
2016-03-30T12:06:21.000000;2016-03-30T12:06:21.407000;8225b536-efc6-4021-8c80-b28fde3771bb;11.744;10.156831;SELL
2016-03-30T12:06:21.000000;2016-03-30T12:06:21.420000;d781c835-b1c7-417d-849f-96f57296554a;11.743;31.61270653;SELL
2016-03-30T12:13:47.000000;2016-03-30T12:13:47.667000;3e5ef272-44ad-4ee3-bba1-87a912bd47cd;11.899;4.94526;BUY
2016-03-30T12:13:47.000000;2016-03-30T12:13:47.680000;d1d54155-acd3-4638-b327-98f004202bab;11.9;0.9050998;BUY
2016-03-30T12:13:49.000000;2016-03-30T12:13:49.463000;eb671f03-6397-4728-81e7-b654c851f70b;11.9;1.19453358;BUY
2016-03-30T12:13:49.000000;2016-03-30T12:13:49.473000;f8b396f9-11a2-4eef-9aa9-bd927e814646;11.9;5.0;BUY
2016-03-30T12:13:49.000000;2016-03-30T12:13:49.487000;c279d57a-b1b1-40ab-b3e6-dad3dd90c227;11.9;5.0;BUY
2016-03-30T12:14:21.000000;2016-03-30T12:14:21.673000;8eefcf94-cfa2-4f31-baba-14c9e86ec0fa;11.92;2.0;BUY
2016-03-30T12:14:21.000000;2016-03-30T12:14:21.677000;f53d562f-8cb9-45a0-a730-14252f00319c;11.92;0.3503;BUY
2016-03-30T12:14:23.000000;2016-03-30T12:14:23.273000;ea661fbd-14f6-44e1-9b8f-c7ace68a00d0;11.92;2.21833678;BUY
2016-03-30T12:14:30.000000;2016-03-30T12:14:30.747000;12337e44-8828-4080-8fb9-5dd140741898;11.92;7.43136322;BUY
2016-03-30T12:14:30.000000;2016-03-30T12:14:30.757000;90fafae0-e375-4129-b37a-ded81c061ccb;11.923;0.3503;BUY
2016-03-30T12:15:12.000000;2016-03-30T12:15:12.350000;c170e656-5f67-4e55-a31f-bafe090a7fed;11.979;5.6;BUY
2016-03-30T12:15:12.000000;2016-03-30T12:15:12.370000;2bc6ba91-a1cb-4115-9452-90efdacde02a;11.98;2.0;BUY
2016-03-30T12:15:12.000000;2016-03-30T12:15:12.373000;b55fc19f-84e2-40ea-aba8-ed3a6daeee1b;11.98;10.0;BUY
2016-03-30T12:15:12.000000;2016-03-30T12:15:12.407000;36bd8136-df4f-4336-8165-97cd64e4330e;11.98;2.278878;BUY
2016-03-30T12:15:12.000000;2016-03-30T12:15:12.407000;82210be1-a58f-43ef-bac4-499c4b464cfc;12.0;0.5481974;BUY
2016-03-30T12:15:12.000000;2016-03-30T12:15:12.407000;fa0ce2a2-9906-458a-9071-17e8588e1a71;12.0;1.0;BUY
2016-03-30T12:15:12.000000;2016-03-30T12:15:12.407000;a85de444-8722-4b3e-8469-b159f5b0d1fc;12.03;1.03326457;BUY
2016-03-30T12:15:12.000000;2016-03-30T12:15:12.407000;962cf157-e4d4-4992-83cc-e098cfeabc84;12.04;1.0;BUY
2016-03-30T12:15:12.000000;2016-03-30T12:15:12.407000;9fa6f66a-537d-4dc9-a2d1-b41c3477e1d2;12.04;9.621252;BUY
2016-03-30T12:15:12.000000;2016-03-30T12:15:12.410000;d81040f2-6805-442e-808d-f3a624d91e98;12.042;11.953866;BUY
2016-03-30T12:15:12.000000;2016-03-30T12:15:12.443000;2a340e8d-a0dd-433a-ae4a-54aedffa6321;12.051;78.59;BUY
2016-03-30T12:15:12.000000;2016-03-30T12:15:12.443000;469c2039-cf50-4871-86cb-0861bc4e5c35;12.051;44.073;BUY
2016-03-30T12:15:12.000000;2016-03-30T12:15:12.457000;456699cf-1bd3-489c-9533-e0ec3b711638;12.051;103.851132;BUY
2016-03-30T12:15:12.000000;2016-03-30T12:15:12.480000;731ae6a8-547e-40fb-89f0-9b87f147c957;12.07;36.13217982;BUY
2016-03-30T12:18:01.000000;2016-03-30T12:18:01.447000;5ab38a58-5247-4c11-b426-dc5d3d9bbb5a;11.991;3.777917;SELL
2016-03-30T12:24:37.000000;2016-03-30T12:24:37.457000;ddcbbe94-0b21-40a0-aa75-6092c024c46d;11.972;16.66605135;SELL
2016-03-30T13:29:37.000000;2016-03-30T13:29:37.730000;4e026246-46aa-4a75-a07a-bb1e30b2a2d3;12.0;3.92305948;SELL
2016-03-30T13:32:37.000000;2016-03-30T13:32:37.600000;32f46a29-cdc8-43b9-8f73-fa1322d409fd;12.0;1.0009102;SELL
2016-03-30T13:41:41.000000;2016-03-30T13:41:41.293000;19e8182c-e080-4a49-a4ac-ca03ee0bf91d;12.0;2.6;SELL
2016-03-30T13:42:00.000000;2016-03-30T13:42:00.977000;6b66f639-42be-42fb-928f-d266724ef1fc;12.0;1.998;SELL
2016-03-30T13:42:01.000000;2016-03-30T13:42:01.827000;ff1e7b46-384d-40ef-b78e-2274767162cd;12.0;1.998;SELL
2016-03-30T13:42:18.000000;2016-03-30T13:42:18.370000;35b5316f-bc58-4e01-bbee-3d1a2978a557;12.0;3.48003032;SELL
2016-03-30T13:48:12.000000;2016-03-30T13:48:12.100000;19613269-4b92-47d6-85b3-ddd88b76bfbe;12.03;5.0;SELL
2016-03-30T13:48:45.000000;2016-03-30T13:48:45.423000;d463348d-0233-4fb7-8ec8-c8b5b0ba4354;12.035;0.1489;BUY
2016-03-30T13:53:34.000000;2016-03-30T13:53:35.020000;4ea6fefc-6fbf-49cc-97b5-b51fd70035e8;11.946;50.1523;SELL
2016-03-30T13:54:14.000000;2016-03-30T13:54:14.383000;9e8010f6-4bbe-4384-83b3-61578a36fb69;11.918;2.204813;SELL
2016-03-30T13:54:14.000000;2016-03-30T13:54:14.393000;b8d636b1-8aaf-457c-86de-3f14f3e0bfa4;11.918;50.1352;SELL
2016-03-30T13:58:01.000000;2016-03-30T13:58:01.657000;3b4317c4-72f4-4527-a0b7-91474010f1ce;11.91;1.05385;SELL
2016-03-30T13:59:18.000000;2016-03-30T13:59:18.233000;a6c75b85-9c4f-4f28-bc34-1a8dd83deab3;11.91;0.26346;SELL
2016-03-30T14:06:10.000000;2016-03-30T14:06:10.360000;adbc82d9-e80f-4d48-8a62-d746c8f6b62b;11.91;8.68269;SELL
2016-03-30T14:10:36.000000;2016-03-30T14:10:36.627000;69150411-f443-4481-8a5d-641d4f1e5dac;11.87;10.0;SELL
2016-03-30T14:10:44.000000;2016-03-30T14:10:44.463000;1bca8251-7849-41d0-81f8-ce55573db186;11.865;4.009013;SELL
2016-03-30T14:18:20.000000;2016-03-30T14:18:20.720000;d00eed07-c68e-4225-a1e3-390a11574d0c;11.758;2.33398668;BUY
2016-03-30T14:18:20.000000;2016-03-30T14:18:21.040000;4b299c26-2a07-4773-ab4f-346ce78368a3;11.758;17.89389793;BUY
2016-03-30T14:18:22.000000;2016-03-30T14:18:22.607000;6718e2c1-747c-453d-9982-93131d315297;11.758;6.8830185;BUY
2016-03-30T14:18:22.000000;2016-03-30T14:18:22.883000;3cfbc344-4430-435d-a587-fb5ce5db83c9;11.758;0.88733133;BUY
2016-03-30T14:18:23.000000;2016-03-30T14:18:23.420000;5a4397a8-3052-4b06-81ad-c078099aa736;11.758;6.88990911;BUY
2016-03-30T14:18:24.000000;2016-03-30T14:18:24.077000;23b8088a-5ce1-4ea6-91f9-4a46b115a2a2;11.758;8.8214046;BUY
2016-03-30T14:18:24.000000;2016-03-30T14:18:24.090000;2b8454b1-5144-4633-afc8-6b2b0c485536;11.758;0.88733133;BUY
2016-03-30T14:18:24.000000;2016-03-30T14:18:24.347000;03334aea-051a-4a71-b8d4-b4151cc3910a;11.758;6.88990911;BUY
2016-03-30T14:18:24.000000;2016-03-30T14:18:24.423000;91636ce5-99c7-4c5d-b551-d503a398759e;11.758;6.89680559;BUY
2016-03-30T14:18:24.000000;2016-03-30T14:18:24.877000;a33f49e9-a99c-4483-8a72-398e67e67178;11.758;17.89389793;BUY
2016-03-30T14:18:24.000000;2016-03-30T14:18:24.900000;e46984a5-aa9a-436b-af95-66b809b08d25;11.758;2.33398668;BUY
2016-03-30T14:19:04.000000;2016-03-30T14:19:04.980000;5ea36cd1-7663-4b0b-87b8-0aa5b4d1860b;11.758;7.2;BUY
2016-03-30T14:19:14.000000;2016-03-30T14:19:14.513000;6bdb78bc-7c4c-42ac-a389-e5b1381c90cb;11.758;2.5;BUY
2016-03-30T14:19:31.000000;2016-03-30T14:19:31.280000;df271373-3dea-4806-86c4-4965a105f2ef;11.758;8.8214046;BUY
2016-03-30T14:19:31.000000;2016-03-30T14:19:31.523000;0d778714-f515-42bc-8588-fcba234c3454;11.758;19.92119672;BUY
2016-03-30T14:19:31.000000;2016-03-30T14:19:31.807000;03f16e64-e336-4b15-be6d-77a5f371ee3a;11.758;13.280798;BUY
2016-03-30T14:19:31.000000;2016-03-30T14:19:31.967000;3c0ce332-da92-454e-8c79-3251fdb19056;11.758;19.921197;BUY
2016-03-30T14:19:32.000000;2016-03-30T14:19:32.120000;4c5cabd4-36b0-4747-a1de-ed0bf39e5b8f;11.758;4.74392489;BUY
2016-03-30T14:20:18.000000;2016-03-30T14:20:19.023000;bb4bcb6b-3991-464b-ae7c-6489ac5540df;11.826;0.81220904;BUY
2016-03-30T14:20:20.000000;2016-03-30T14:20:20.547000;627be671-a8fd-4f09-bf34-bb3e9eb0063f;11.826;0.18779096;SELL
2016-03-30T14:20:29.000000;2016-03-30T14:20:29.913000;7eddee39-005c-4bd9-85d4-bb27a91c0fd9;11.827;1.0;BUY
2016-03-30T14:20:49.000000;2016-03-30T14:20:49.203000;1fa23135-6423-43ab-a0d4-85db4b41585b;11.823;2.0;BUY
2016-03-30T14:21:19.000000;2016-03-30T14:21:19.320000;e814f62d-e5e2-49aa-88eb-372298753c8b;11.823;2.0;BUY
2016-03-30T14:21:49.000000;2016-03-30T14:21:49.843000;5941c9e0-8c35-40da-9645-16e3a29bcfeb;11.823;2.0;BUY
2016-03-30T14:22:20.000000;2016-03-30T14:22:20.087000;01585c04-f260-4b4e-9a38-cdf6b0bb35c6;11.823;2.0;BUY
2016-03-30T14:22:50.000000;2016-03-30T14:22:50.407000;c3751cf9-cd25-4b09-b6a3-47dad590914b;11.823;2.0;BUY
2016-03-30T14:23:20.000000;2016-03-30T14:23:20.417000;9b421ed0-db47-455f-bfcd-41102f67f17a;11.822;2.0;BUY
2016-03-30T14:23:49.000000;2016-03-30T14:23:49.943000;34475fc9-506b-4962-818f-248081903376;11.822;2.0;BUY
2016-03-30T14:24:19.000000;2016-03-30T14:24:19.967000;1236b5c6-7559-47fb-b52d-fa4495010953;11.823;2.0;BUY
2016-03-30T14:24:49.000000;2016-03-30T14:24:50.033000;3aeaf2de-9aa5-40ae-899b-2bc1be47b4cd;11.822;2.0;BUY
2016-03-30T14:25:49.000000;2016-03-30T14:25:49.913000;6f5e202f-b33d-4ebd-810b-bb86257589eb;11.822;2.0;BUY
2016-03-30T14:26:19.000000;2016-03-30T14:26:19.247000;79d68074-0938-4b16-917b-7dde59546384;11.822;1.7;BUY
2016-03-30T14:26:19.000000;2016-03-30T14:26:19.257000;c3ddd830-41f3-4b7b-bc2c-40d96335adb0;11.823;0.3;BUY
2016-03-30T14:26:49.000000;2016-03-30T14:26:49.983000;21c6a57e-8c86-49b7-8973-48a7205fad91;11.823;2.0;BUY
2016-03-30T14:27:21.000000;2016-03-30T14:27:21.867000;3b99b4b0-4279-4d70-85b1-63c18890f662;11.823;2.0;BUY
2016-03-30T14:29:50.000000;2016-03-30T14:29:50.210000;e4756945-2be8-46bc-a8f1-4251b9a680e2;11.823;2.0;BUY
2016-03-30T14:30:19.000000;2016-03-30T14:30:19.860000;97a2a5f7-59d9-435d-a754-3a5dd849005c;11.823;2.0;BUY
2016-03-30T14:30:50.000000;2016-03-30T14:30:50.363000;b375daa8-5f3e-4d04-9e28-0b37fd0d2c16;11.823;2.0;BUY
2016-03-30T14:33:10.000000;2016-03-30T14:33:10.170000;3177b655-f253-4a09-a0d7-84f715c49631;11.823;19.81167507;BUY
2016-03-30T14:34:00.000000;2016-03-30T14:34:00.273000;7dbcd04c-f2b9-4f68-8ee3-52623c636aeb;11.792;3.4;SELL
2016-03-30T14:34:00.000000;2016-03-30T14:34:00.280000;6d7d6f3e-99b6-4189-99c6-b5d705c6293c;11.791;4.15630078;SELL
2016-03-30T14:53:46.000000;2016-03-30T14:53:47.007000;85b1bec5-1265-43b8-a6d9-9f4299e0dbd5;11.948;3.0;BUY
2016-03-30T15:12:44.000000;2016-03-30T15:12:45.017000;6de17f55-f21a-4e31-a41c-195cf7979b91;11.8;7.5;SELL
2016-03-30T15:13:50.000000;2016-03-30T15:13:51.033000;9284423f-35b2-499e-879e-77c5b007e40a;11.8;14.00266051;SELL
2016-03-30T15:13:52.000000;2016-03-30T15:13:52.643000;2a3cf472-5f1e-4086-a806-cb60bfcb7c31;11.8;14.00266051;SELL
2016-03-30T15:13:53.000000;2016-03-30T15:13:53.810000;aa5c30bd-52a4-4d6d-a759-c7fdacfeaa7c;11.8;14.00266051;SELL
2016-03-30T15:13:59.000000;2016-03-30T15:13:59.077000;d0ebe63b-b12a-41dd-b925-d94ef40f8e43;11.8;1.808307;SELL
2016-03-30T15:13:59.000000;2016-03-30T15:13:59.620000;1ee9aa63-3eb8-41e5-98c1-39800b8b793c;11.8;2.66536646;SELL
2016-03-30T15:14:01.000000;2016-03-30T15:14:01.277000;b30887a8-d185-43ae-95c5-99825e633cc0;11.8;2.66536646;SELL
2016-03-30T15:14:01.000000;2016-03-30T15:14:01.977000;600ef058-30e5-49d4-94da-34a4971c92ca;11.8;29.74627098;SELL
2016-03-30T15:14:31.000000;2016-03-30T15:14:31.517000;88a169f4-b186-48c7-b4df-bc409bdf4e34;11.8;13.24677404;SELL
2016-03-30T15:14:33.000000;2016-03-30T15:14:33.763000;fdba4685-f151-4a2e-837c-4f23f67678eb;11.8;0.35993353;SELL
2016-03-30T15:15:51.000000;2016-03-30T15:15:51.293000;9f9b30af-0b45-4178-baee-3b114ae732a0;11.774;0.13325;SELL
2016-03-30T15:27:22.000000;2016-03-30T15:27:22.097000;489552d1-5509-4008-b255-c987c220b6b6;11.774;15.04402188;SELL
2016-03-30T15:27:22.000000;2016-03-30T15:27:22.107000;3399a898-2db8-4c83-b67b-ed85972b1a8b;11.773;4.87043117;SELL
2016-03-30T16:07:34.000000;2016-03-30T16:07:34.677000;2939a861-f259-469e-b228-c60198217cba;11.797;13.24657464;BUY
2016-03-30T16:07:34.000000;2016-03-30T16:07:34.893000;80125428-a300-47c4-b911-7890790d6cb8;11.797;0.0001994;BUY
2016-03-30T16:24:56.000000;2016-03-30T16:24:56.800000;50be8001-940d-4968-9ed9-df64cd7352c2;11.898;0.4;BUY
2016-03-30T16:27:31.000000;2016-03-30T16:27:31.420000;92d1367c-a556-4fb5-a515-cf49cc5dac7a;11.899;30.0158;BUY
2016-03-30T16:45:57.000000;2016-03-30T16:45:57.483000;f5c64b75-eb4b-4f49-b1b9-0ba6feb0606c;11.899;19.68513609;BUY
2016-03-30T16:45:57.000000;2016-03-30T16:45:57.677000;9308d1a4-fd20-4beb-ab36-a2ffaa69dc51;11.899;9.08800864;BUY
2016-03-30T16:45:57.000000;2016-03-30T16:45:57.690000;d457d6fc-5cf0-4ac1-9c5a-f93b16d93edf;11.899;69.67473262;BUY
2016-03-30T16:45:57.000000;2016-03-30T16:45:57.847000;c6865377-8b83-4fbb-95ae-5f19c887c625;11.899;19.68513609;BUY
2016-03-30T16:45:59.000000;2016-03-30T16:45:59.503000;bf6e4087-6e15-4ded-a321-75a39253d8ca;11.899;9.08800864;BUY
2016-03-30T16:45:59.000000;2016-03-30T16:45:59.640000;46d5bbf4-04a2-4aaa-bbdb-2f4b1c1f7c9c;11.899;19.68513609;BUY
2016-03-30T16:46:00.000000;2016-03-30T16:46:00.053000;bcea51f8-1d4c-43ce-bce2-525e4925bcdb;11.899;19.68513585;BUY
2016-03-30T16:46:01.000000;2016-03-30T16:46:01.503000;226a06ec-ace3-44e1-bb03-5a3b5868ff0b;11.899;2.56540598;BUY
2016-03-30T16:57:57.000000;2016-03-30T16:57:57.473000;c0d8ea6d-0e61-484e-8c0d-0c4b75a17d26;11.993;17.1354;BUY
2016-03-30T16:58:59.000000;2016-03-30T16:58:59.493000;16fd8f54-eb31-4819-943e-ce83d638edde;11.993;7.26546281;BUY
2016-03-30T16:58:59.000000;2016-03-30T16:58:59.497000;4375421c-35dd-41fb-b95e-ca0978f3748a;11.994;2.261444;BUY
2016-03-30T16:58:59.000000;2016-03-30T16:58:59.510000;7afe26bd-a96b-4ea1-91ad-e91ee4546c24;12.0;10.0;BUY
2016-03-30T16:58:59.000000;2016-03-30T16:58:59.933000;90d7dc44-e4d6-4aa7-b569-47ad7ad40346;12.0;7.26546281;SELL
2016-03-30T16:58:59.000000;2016-03-30T16:59:00.000000;66796323-3f93-4cc0-a5e6-dcfd8b31433e;12.0;7.26546281;SELL
2016-03-30T16:59:00.000000;2016-03-30T16:59:01.003000;c9a1cd6c-2486-4e19-8a35-c337ba586499;12.0;7.26546281;SELL
2016-03-30T16:59:03.000000;2016-03-30T16:59:03.403000;bc177597-9edc-4385-8af4-6532c35c9e7f;12.0;7.02273555;SELL
2016-03-30T16:59:04.000000;2016-03-30T16:59:04.560000;70779a56-dec9-4c2f-84dd-0e34df3bceeb;12.0;7.02273555;SELL
2016-03-30T16:59:07.000000;2016-03-30T16:59:07.760000;bc57af89-195e-4e6d-85ad-c05bd618e1c4;12.0;19.51945279;SELL
2016-03-30T16:59:08.000000;2016-03-30T16:59:08.450000;fcb308ee-248b-4aa2-98d0-98bce70e9eaa;12.0;19.51945279;SELL
2016-03-30T16:59:08.000000;2016-03-30T16:59:08.940000;8c7977f2-eaff-414b-9396-7abbc4172ab7;12.0;5.59232808;SELL
2016-03-30T16:59:16.000000;2016-03-30T16:59:16.807000;bb9a8ecc-8142-4baf-b955-e5a5f382294a;11.915;6.50124702;SELL
2016-03-30T17:49:14.000000;2016-03-30T17:49:14.933000;496a94a4-a6cb-4fea-a554-d08d3665dcdc;12.0;20.0;BUY
2016-03-30T17:49:14.000000;2016-03-30T17:49:14.943000;06877ea9-bde4-4314-b812-1fb85db09c1b;12.01;15.21216466;BUY
2016-03-30T17:50:56.000000;2016-03-30T17:50:56.980000;fa713503-9faf-450a-bf57-cbec4340c57d;11.99;1.96756;SELL
2016-03-30T17:53:01.000000;2016-03-30T17:53:01.533000;aaebcb0d-e990-4705-b09e-12a1d9c7bb14;11.994;0.5;SELL
2016-03-30T17:53:01.000000;2016-03-30T17:53:01.547000;678aec5e-79b0-4f41-8dca-267eee922af0;11.993;0.74085;SELL
2016-03-30T17:59:20.000000;2016-03-30T17:59:21.120000;4c9ace03-f08b-459f-bd06-4f634c13a8b7;11.972;0.3925804;SELL
2016-03-30T18:06:19.000000;2016-03-30T18:06:19.817000;3582ae35-4cdd-4385-97bb-932362e8531a;11.999;0.3439;BUY
2016-03-30T18:07:03.000000;2016-03-30T18:07:03.420000;840ff773-9a9a-4ad5-939a-7717eafa350b;11.999;0.2;BUY
2016-03-30T18:07:03.000000;2016-03-30T18:07:03.423000;898101d0-4bc2-4dce-acfa-1cff547f06e2;12.0;0.84156;BUY
2016-03-30T18:09:58.000000;2016-03-30T18:09:58.223000;7c84c951-2a00-47d9-b531-ff8d4e5997cc;12.0;19.15844;BUY
2016-03-30T18:09:59.000000;2016-03-30T18:10:00.003000;4dfa140e-5a16-4a1a-9ffc-0a565dfa8046;12.01;9.78783534;BUY
2016-03-30T18:14:08.000000;2016-03-30T18:14:08.547000;ea899f92-f183-4d8f-b577-75d5113e4d6e;12.032;0.1;BUY
2016-03-30T18:17:21.000000;2016-03-30T18:17:21.913000;e26842c3-a480-4e0e-aa49-af53982dcf19;12.028;0.851748;SELL
2016-03-30T18:17:21.000000;2016-03-30T18:17:21.923000;38070c03-8587-43c3-bea8-6fb626abfecc;12.028;1.22589853;SELL
2016-03-30T18:17:50.000000;2016-03-30T18:17:50.577000;b8563b64-2990-4baa-b458-c87b2d8014f0;12.018;2.2;SELL
2016-03-30T18:17:50.000000;2016-03-30T18:17:50.583000;f9d2563e-0bd0-4f99-93a6-40f3d982a984;12.016;0.43231;SELL
2016-03-30T18:23:17.000000;2016-03-30T18:23:17.947000;c720c1c8-48d0-4136-abc8-6419a233cdd7;12.032;0.29218782;BUY
2016-03-30T18:23:17.000000;2016-03-30T18:23:17.977000;40c1466e-a689-4f69-bc96-8242b8839fef;12.05;9.73786224;BUY
2016-03-30T18:23:42.000000;2016-03-30T18:23:42.390000;5017ee2a-2795-4bba-874e-25658f654dd3;12.05;0.26213776;BUY
2016-03-30T18:23:42.000000;2016-03-30T18:23:42.403000;cf1f08fa-842a-4d2a-ae70-4b76d877e486;12.075;3.4;BUY
2016-03-30T18:23:42.000000;2016-03-30T18:23:42.413000;bc4c803b-d63a-42c6-bc8a-8bb6a354f735;12.076;7.771387;BUY
2016-03-30T18:23:42.000000;2016-03-30T18:23:42.443000;077ca2de-450c-4e43-82a4-15a67fb81e47;12.09;279.27942018;BUY
2016-03-30T18:23:42.000000;2016-03-30T18:23:42.443000;de0007d9-cd22-4634-8a2d-fce2189feba6;12.09;42.0885;BUY
2016-03-30T18:23:42.000000;2016-03-30T18:23:42.443000;a5036deb-d522-4760-8dd9-ee3cf761826f;12.099;49.0545;BUY
2016-03-30T18:23:42.000000;2016-03-30T18:23:42.443000;7dd01ce6-96eb-44ce-9b65-744332490f90;12.1;0.1;BUY
2016-03-30T18:23:42.000000;2016-03-30T18:23:42.480000;ee21ad38-397c-4f29-a85c-4cff3a6be9d9;12.1;10.0;BUY
2016-03-30T18:23:42.000000;2016-03-30T18:23:42.480000;715acd40-b0c6-42c1-b9e8-f63b24b7c938;12.1;0.44;BUY
2016-03-30T18:23:42.000000;2016-03-30T18:23:42.480000;ce2f2dc6-de8a-40da-bac9-3be9fb316273;12.1;307.03973448;BUY
2016-03-30T18:23:50.000000;2016-03-30T18:23:50.953000;0cba20b1-9ea6-4182-a722-687c1a11709f;12.1;1.0;SELL
2016-03-30T18:23:53.000000;2016-03-30T18:23:53.310000;e0ebe84f-114f-47e6-9a7d-43a42fd60b88;12.1;2.0;SELL
2016-03-30T18:24:02.000000;2016-03-30T18:24:02.827000;027ead6a-568f-485f-8ec7-1cc47ffded42;12.1;161.53677;SELL
2016-03-30T18:25:30.000000;2016-03-30T18:25:30.843000;57d3fa0c-d878-4eca-8152-33cacd7134ff;12.1;11.31454;SELL
2016-03-30T18:26:42.000000;2016-03-30T18:26:42.713000;e0445f9f-f29a-4f71-9004-9ede3e69c40f;12.101;0.69466998;SELL
2016-03-30T18:27:16.000000;2016-03-30T18:27:16.330000;27530887-8d2e-4b01-af4e-847d5d0a3a01;12.125;6.8799;BUY
2016-03-30T18:28:11.000000;2016-03-30T18:28:11.610000;8beb5c18-c6b5-4ff4-b247-b4ec26bd2867;12.125;6.3757;BUY
2016-03-30T18:35:48.000000;2016-03-30T18:35:48.627000;2f35753b-1a67-4912-9b6d-d3f06524f8ce;12.125;35.21216466;BUY
2016-03-30T18:40:10.000000;2016-03-30T18:40:10.220000;c66109d4-2714-469a-b0d4-2b154aa7c448;12.08;27.660543;SELL
2016-03-30T18:40:17.000000;2016-03-30T18:40:17.210000;9d942951-b5fd-407c-8665-5aec3fb8b505;12.08;28.753157;SELL
2016-03-30T18:44:13.000000;2016-03-30T18:44:13.250000;17b3a2a6-c023-42c9-af2d-2eedad86eb9d;12.106;27.52715959;BUY
2016-03-30T18:47:32.000000;2016-03-30T18:47:32.370000;6c3f25bc-a05a-4322-b8b4-832b1e86a333;12.13;27.52715959;BUY
2016-03-30T18:47:32.000000;2016-03-30T18:47:32.430000;63f81e47-98df-4348-aa81-590f47d791ff;12.13;28.88654041;BUY
2016-03-30T18:53:49.000000;2016-03-30T18:53:49.903000;42242aa1-e95b-489c-9fee-053bd4043b3a;12.15;25.0;BUY
2016-03-30T18:53:49.000000;2016-03-30T18:53:49.917000;38ec6e17-32b6-4b0b-a080-a5b817b2cba3;12.15;5.27676942;BUY
2016-03-30T18:54:37.000000;2016-03-30T18:54:37.730000;66981524-0a5b-4e49-a41f-d65c87aa86b9;12.11;1.0;SELL
2016-03-30T18:54:37.000000;2016-03-30T18:54:37.733000;f033ff1e-aa4e-4221-be0f-d98436d257c9;12.109;17.80169738;SELL
2016-03-30T19:00:49.000000;2016-03-30T19:00:49.790000;99eab6c2-0cdd-4211-9e8a-beb3b53280d1;12.13;2.99999992;BUY
2016-03-30T19:04:55.000000;2016-03-30T19:04:55.440000;4b12e46d-d3c3-4ff8-908d-62c46b4ae83c;12.1;20.41461463;SELL
2016-03-30T19:04:57.000000;2016-03-30T19:04:57.140000;ca329ecf-aaa0-4e84-a072-5b5d81ab1b61;12.1;5.0;SELL
2016-03-30T19:04:57.000000;2016-03-30T19:04:57.520000;9480b5de-8851-402a-8b0e-3f79200370b2;12.1;7.42156701;SELL
2016-03-30T19:04:58.000000;2016-03-30T19:04:58.833000;26d2c3ab-29a3-416b-aabd-d34069dfb29c;12.1;7.19354267;SELL
2016-03-30T19:05:03.000000;2016-03-30T19:05:03.397000;cf6f6af0-01b2-4461-8db5-179ee2a0789d;12.1;20.42443593;SELL
2016-03-30T19:05:05.000000;2016-03-30T19:05:05.233000;9572d41f-b883-4847-82f3-73830f872144;12.1;1.23164791;SELL
2016-03-30T19:05:05.000000;2016-03-30T19:05:05.970000;2c18ed3c-3803-4cff-8e3f-fa01a08d85a4;12.1;19.2068346;SELL
2016-03-30T19:05:07.000000;2016-03-30T19:05:07.670000;0b5002d1-cd1f-46f3-805e-632b8a6bd7ea;12.1;20.42443593;SELL
2016-03-30T19:05:08.000000;2016-03-30T19:05:08.457000;9b8ed1ae-41fe-4d0b-9519-82f6ec0dd92b;12.1;1.18156701;SELL
2016-03-30T19:05:25.000000;2016-03-30T19:05:25.820000;719ebba8-6a4f-40b2-bc74-f274cc5870e2;12.1;49.4258;SELL
2016-03-30T19:05:27.000000;2016-03-30T19:05:27.370000;0ba9d449-f849-4c86-a8cd-4b815325c6ef;12.1;30.53780781;SELL
2016-03-30T19:06:43.000000;2016-03-30T19:06:43.227000;86b05529-f12d-47da-8d9b-9bead8051aa0;12.1;17.5377465;SELL
2016-03-30T19:11:40.000000;2016-03-30T19:11:40.260000;16699682-a697-468e-a3d3-183c5f830fe0;12.041;43.3;SELL
2016-03-30T19:13:08.000000;2016-03-30T19:13:08.870000;4b3bb598-9fe3-43ec-a8a6-1aa55d2d8a55;12.04;3.2137189;SELL
2016-03-30T19:13:51.000000;2016-03-30T19:13:51.980000;7255e8e9-9ec0-41a8-889e-eac52f9043dc;12.04;0.5441561;SELL
2016-03-30T19:17:33.000000;2016-03-30T19:17:33.310000;4dec6809-fd97-4188-b9c9-b111cc82f34d;11.999;0.3928731;SELL
2016-03-30T19:26:32.000000;2016-03-30T19:26:32.130000;eb96f850-d4bc-49d8-a2da-1568ab5a9d0a;12.055;2.59975;BUY
2016-03-30T19:27:28.000000;2016-03-30T19:27:28.370000;2af9c741-508d-4b51-89ee-8c96420ec0ae;12.055;49.3683;BUY
2016-03-30T19:27:28.000000;2016-03-30T19:27:28.387000;5967c6d3-1b8d-46cb-bb3d-232f211862bf;12.056;2.250999;BUY
2016-03-30T19:27:28.000000;2016-03-30T19:27:28.390000;c282f843-cef7-42b9-bf70-40667d544c5b;12.059;0.39248023;BUY
2016-03-30T19:27:28.000000;2016-03-30T19:27:28.883000;2379331a-6ad0-47e7-b986-e68f8f3432ed;12.1;48.77598894;SELL
2016-03-30T19:27:28.000000;2016-03-30T19:27:28.943000;144072de-c282-44d2-abad-40ab77bf6ec7;12.1;0.26572026;SELL
2016-03-30T19:27:29.000000;2016-03-30T19:27:29.197000;554f46d0-a1ae-4a59-bd03-a60df911b46e;12.1;29.8;SELL
2016-03-30T19:27:29.000000;2016-03-30T19:27:29.440000;b4beb188-6696-448f-a10a-832f22923730;12.1;31.33180235;SELL
2016-03-30T19:27:29.000000;2016-03-30T19:27:29.450000;61932c3d-8cf7-4ee6-8567-afa09c1d5d01;12.1;0.26572026;SELL
2016-03-30T19:27:40.000000;2016-03-30T19:27:40.750000;e71d35a6-63a6-4968-b6cd-a564b0eb7dca;12.1;10.0;SELL
2016-03-30T19:27:51.000000;2016-03-30T19:27:51.773000;9b8a7cf1-7b59-47c9-96df-aad717108009;12.1;33.1;SELL
2016-03-30T19:31:42.000000;2016-03-30T19:31:43.007000;234533a2-453e-4c53-9cec-5fdc8785f331;12.107;0.8991;BUY
2016-03-30T19:31:42.000000;2016-03-30T19:31:43.013000;5e5d3256-d342-4df9-8895-05160ccdbdc6;12.108;49.03;BUY
2016-03-30T19:43:32.000000;2016-03-30T19:43:32.227000;c955c037-2f1f-4538-8f2c-98d130abb9ec;12.1;20.0;SELL
2016-03-30T20:09:35.000000;2016-03-30T20:09:35.877000;9d13487a-a99e-4d68-a687-989d879086d2;12.149;26.02175389;BUY
2016-03-30T20:09:35.000000;2016-03-30T20:09:35.893000;f4cdef8d-889b-4462-94e3-c7a74488c758;12.15;4.72323058;BUY
2016-03-30T20:09:35.000000;2016-03-30T20:09:35.907000;64a95ce4-f498-47d1-b872-85953979fb46;12.15;20.0;BUY
2016-03-30T20:09:35.000000;2016-03-30T20:09:35.930000;26fc3aac-7923-4291-88c0-afa9279bfaa8;12.179;4.35151372;BUY
2016-03-30T20:09:35.000000;2016-03-30T20:09:35.933000;8b653f89-46b8-443e-a0e9-a28c2fab2b85;12.179;12.791261;BUY
2016-03-30T20:09:35.000000;2016-03-30T20:09:35.933000;62dd24d9-749f-47c9-9e3f-01f611117839;12.18;72.44;BUY
2016-03-30T20:09:35.000000;2016-03-30T20:09:35.933000;c3e7184d-7cf7-4036-af92-7b55435caa28;12.18;3.99024863;BUY
2016-03-30T20:09:35.000000;2016-03-30T20:09:35.933000;caab7443-5b78-431d-9958-db7498e54615;12.18;90.614174;BUY
2016-03-30T20:09:35.000000;2016-03-30T20:09:35.933000;57cd626b-d6c0-4dc2-ac60-0020ba70f021;12.182;3.750373;BUY
2016-03-30T20:09:35.000000;2016-03-30T20:09:35.933000;3b8027b4-5bcf-4bc4-b192-fb38a1ac1fe5;12.2;0.1;BUY
2016-03-30T20:09:35.000000;2016-03-30T20:09:35.933000;da1124c6-30e1-48aa-ae77-352014849f20;12.2;25.0;BUY
2016-03-30T20:09:35.000000;2016-03-30T20:09:35.937000;f1d7e1ee-25c5-4859-86f1-5b9d7663a509;12.2;10.0;BUY
2016-03-30T20:09:35.000000;2016-03-30T20:09:35.970000;b8688f5e-3970-4a90-92a6-76b047919e45;12.2;38.529;BUY
2016-03-30T20:09:35.000000;2016-03-30T20:09:35.970000;aa126bd3-49d7-4f64-8cf4-d98af2996c17;12.23;100.0;BUY
2016-03-30T20:09:35.000000;2016-03-30T20:09:35.973000;38c80abb-4083-4592-9a97-d911b3f7868e;12.249;92.983;BUY
2016-03-30T20:09:35.000000;2016-03-30T20:09:36.007000;0e6931de-f4d6-4ae4-b3a9-d226047fbe09;12.25;2.0;BUY
2016-03-30T20:09:35.000000;2016-03-30T20:09:36.270000;541bafd2-e735-4bb1-b239-a6be1991c287;12.25;25.0;BUY
2016-03-30T20:09:35.000000;2016-03-30T20:09:36.297000;b9050f99-71ad-4b41-a1bf-78d381daeacb;12.25;10.0;BUY
2016-03-30T20:09:35.000000;2016-03-30T20:09:36.297000;98cf7b17-b8dc-4172-ae18-bedbcb0fb286;12.3;97.70544518;BUY
2016-03-30T20:10:41.000000;2016-03-30T20:10:41.350000;33819280-63ed-4406-9d37-d5807bcb764c;12.189;3.71759129;SELL
2016-03-30T20:10:41.000000;2016-03-30T20:10:41.647000;cedbeece-f139-4c58-8932-fd1dde43373c;12.189;0.00019971;SELL
2016-03-30T20:16:15.000000;2016-03-30T20:16:15.097000;7dac553f-898d-4f62-996b-46f7ca96f180;12.167;2.4682013;BUY
2016-03-30T20:16:15.000000;2016-03-30T20:16:15.103000;37d1e36a-fe86-48e6-b2a5-b175d81b2575;12.168;47.7467987;BUY
2016-03-30T20:43:47.000000;2016-03-30T20:43:47.937000;93078944-7caf-40d5-8cf4-dc63e96f7e39;12.077;0.3941339;SELL
2016-03-30T20:43:47.000000;2016-03-30T20:43:47.963000;76410af5-b439-464a-80e9-9c5b7dd90ee5;12.07;16.38153221;SELL
2016-03-30T20:46:44.000000;2016-03-30T20:46:44.753000;3ad807ae-57b3-4856-9d06-88565639f6b9;12.171;61.75;BUY
2016-03-30T20:46:44.000000;2016-03-30T20:46:44.777000;7d0b60e9-43b0-42aa-a0d6-e151c0ac9da3;12.171;4.95142568;BUY
2016-03-30T20:46:44.000000;2016-03-30T20:46:44.790000;896c9601-24b6-423b-a25d-764ffa9638aa;12.172;3.71759129;BUY
2016-03-30T20:46:44.000000;2016-03-30T20:46:44.790000;9c2a4067-a64e-46bb-b34a-00ef25097bf2;12.172;30.44282403;BUY
2016-03-30T20:46:44.000000;2016-03-30T20:46:44.790000;a1f86d06-2064-464a-aa01-8eeb8ad58fb0;12.172;3.717791;BUY
2016-03-30T20:46:44.000000;2016-03-30T20:46:44.790000;bfa12ed1-5970-4361-bc37-45efef858860;12.172;2.5582366;BUY
2016-03-30T20:46:46.000000;2016-03-30T20:46:46.687000;e33d4d22-32fd-497d-aa3b-d0115a89bf1e;12.173;6.13976785;SELL
2016-03-30T20:46:47.000000;2016-03-30T20:46:47.107000;1f275c4e-4ba5-48df-8162-2a964194676e;12.173;6.13976785;SELL
2016-03-30T20:46:56.000000;2016-03-30T20:46:56.293000;37919f49-0d39-4b43-801f-b1ffb56f4f44;12.173;2.0;SELL
2016-03-30T20:46:59.000000;2016-03-30T20:46:59.320000;63fe7cff-4dfb-4072-8a5b-842e7f353b70;12.173;30.44282403;SELL
2016-03-30T20:47:02.000000;2016-03-30T20:47:02.537000;8b9e1e01-f1a1-4dc6-98cc-048f9d430a7b;12.173;8.13977167;SELL
2016-03-30T20:48:55.000000;2016-03-30T20:48:55.860000;a8878d3d-b349-40de-b845-d0bc3fe4bcc3;12.162;13.5328;BUY
2016-03-30T20:53:25.000000;2016-03-30T20:53:25.253000;e161bff7-b747-435e-b52f-1420cd8aa28d;12.173;7.992;BUY
2016-03-30T20:53:25.000000;2016-03-30T20:53:25.257000;8e2facbb-e6d0-4808-b9b5-8b6ffff35e1a;12.173;8.13977167;BUY
2016-03-30T20:53:25.000000;2016-03-30T20:53:25.290000;727833cd-0209-4c77-9928-d47d116926c3;12.173;8.13977167;BUY
2016-03-30T20:53:25.000000;2016-03-30T20:53:25.290000;86e0d979-47a7-40b9-9fda-c26435fb46c8;12.174;2.232144;BUY
2016-03-30T20:53:25.000000;2016-03-30T20:53:25.290000;80f9f3a8-327b-495d-ba52-f92a7716dd0e;12.19;25.0;BUY
2016-03-30T20:53:25.000000;2016-03-30T20:53:25.290000;7b266697-3600-43e0-b13f-bdfe4ae5bd79;12.19;7.732964;BUY
2016-03-30T20:53:25.000000;2016-03-30T20:53:25.290000;65f901eb-c2d6-438e-9552-e0b6a37a7fa2;12.196;64.73;BUY
2016-03-30T20:53:25.000000;2016-03-30T20:53:25.290000;f952c557-e5f0-4bb5-b014-a5f25d02e7fa;12.198;0.39373977;BUY
2016-03-30T20:53:25.000000;2016-03-30T20:53:25.293000;a6185f23-925c-430e-a9a1-0a1c3e9a17fa;12.2;25.0;BUY
2016-03-30T20:53:25.000000;2016-03-30T20:53:25.293000;77ee2fb3-1606-412e-a050-f731769941c6;12.2;0.63960889;BUY
2016-03-30T20:54:29.000000;2016-03-30T20:54:29.370000;4563a241-936c-4e41-9296-849ac30da3f0;12.234;5.0;BUY
2016-03-30T21:04:05.000000;2016-03-30T21:04:06.193000;d2ed9a88-007e-4fab-af1c-446e70e9f5b9;12.222;0.685;BUY
2016-03-30T21:08:56.000000;2016-03-30T21:08:56.190000;e25d777c-a404-438a-9187-9e6a0e8fbcad;12.07;10.03825415;SELL
2016-03-30T21:08:59.000000;2016-03-30T21:08:59.657000;84850313-7b16-4058-ae98-f800e8bddd2a;12.07;10.272;SELL
2016-03-30T21:09:01.000000;2016-03-30T21:09:01.560000;61a24516-2161-42a4-9ff4-06c1a313209d;12.07;10.272;SELL
2016-03-30T21:11:01.000000;2016-03-30T21:11:01.660000;f9d55fab-7aac-44a0-b467-8d84c2ef6100;12.07;9.73041364;SELL
2016-03-30T21:11:03.000000;2016-03-30T21:11:03.243000;7f32dda5-4df8-4c84-a2b9-c5a7656fb6a5;12.063;0.39775839;SELL
2016-03-30T21:12:19.000000;2016-03-30T21:12:19.177000;085db6ea-1a1c-4bca-979f-9f47dc0149c2;12.06;0.3501;SELL
2016-03-30T21:12:19.000000;2016-03-30T21:12:19.203000;634a0ff8-62db-4d4e-bf1a-083f58ce689e;12.06;3.595109;SELL
2016-03-30T21:27:11.000000;2016-03-30T21:27:11.083000;178e34c6-4d88-40bd-bc0a-4c456899600d;12.05;3.1587;BUY
2016-03-30T21:31:54.000000;2016-03-30T21:31:54.680000;35a38eaf-f933-41b9-8d11-2b3916fec38e;12.0;0.9659;SELL
2016-03-30T21:33:17.000000;2016-03-30T21:33:17.460000;b655f1f1-152a-4bd3-be2a-e18f204056da;11.955;9.65698581;SELL
2016-03-30T21:56:28.000000;2016-03-30T21:56:28.893000;a8323491-c9cf-4369-949b-2f86ec850c5d;11.932;4.187012;SELL
2016-03-30T22:12:02.000000;2016-03-30T22:12:02.463000;f30b4050-5937-4a23-9f35-edd2da1e80ea;11.89;0.1;SELL
2016-03-30T22:12:02.000000;2016-03-30T22:12:02.477000;0e06fa8e-ca81-41da-912a-1ed6c3e64fb8;11.86;0.1;SELL
2016-03-30T22:12:02.000000;2016-03-30T22:12:02.477000;334e53b5-7a3a-44fa-9ecb-a7efc8c442e8;11.85;0.1;SELL
2016-03-30T22:12:02.000000;2016-03-30T22:12:02.517000;59a034f0-ef4c-4dc8-be4d-d8a28ed520fa;11.849;0.55748101;SELL
2016-03-30T22:12:02.000000;2016-03-30T22:12:02.517000;abd18b91-3af6-4762-9fae-fbbf9f632fa8;11.848;0.13535539;SELL
2016-03-30T22:28:10.000000;2016-03-30T22:28:10.720000;8635b68c-de46-48df-83c1-5a96340547a5;11.989;0.834;BUY
2016-03-30T22:59:50.000000;2016-03-30T22:59:50.193000;1a62c517-463f-450f-bef1-d56e7ced5dd8;11.894;2.8639512;SELL
2016-03-30T23:03:57.000000;2016-03-30T23:03:57.337000;6e5b2bf1-4285-4f39-ae4f-e3a49bab2f13;11.894;2.86395104;SELL
2016-03-30T23:04:04.000000;2016-03-30T23:04:04.160000;8e4d2891-4f7e-4764-9e80-2d3d8283e452;11.894;2.86395134;SELL
2016-03-30T23:04:05.000000;2016-03-30T23:04:05.093000;680d9958-f328-4028-8fdb-78bb4aecbc7d;11.894;2.86395134;SELL
2016-03-30T23:04:05.000000;2016-03-30T23:04:05.830000;d8180d7b-ba81-4dd3-8117-8d848aeafcf8;11.894;2.86395134;SELL
2016-03-30T23:04:57.000000;2016-03-30T23:04:57.477000;a9985712-241d-45e0-8830-c7c8c442e528;11.894;4.29592687;SELL
2016-03-30T23:05:59.000000;2016-03-30T23:06:00.030000;fabacd73-d1a8-4efe-b665-7b055cd05590;11.894;4.29592687;SELL
2016-03-30T23:06:00.000000;2016-03-30T23:06:00.937000;677c0535-4997-47e0-b514-075a168e3c98;11.894;4.29592653;SELL
2016-03-30T23:10:01.000000;2016-03-30T23:10:01.353000;e7e723ec-10d4-4476-aaf9-305ff648f1b5;11.848;1.53420861;SELL
