time_exchange;time_coinpai;guid;price;base_amount;taker_side
2016-03-30T00:00:00.927000;2016-03-30T00:00:00.957000;7d95358b-7887-433a-9a95-296fe6db5553;416.4;0.23777;BUY
2016-03-30T00:00:04.560000;2016-03-30T00:00:04.597000;0ee3f183-e6fb-442b-aa14-39caa9178b4b;416.4;0.04844299;BUY
2016-03-30T00:00:04.560000;2016-03-30T00:00:04.613000;be4a2988-cde7-4b29-8059-c077fb88afc1;416.4;0.05045701;BUY
2016-03-30T00:00:09.470000;2016-03-30T00:00:09.503000;ee9f17db-e88e-452a-9ff1-b531ec2151a0;416.4;0.44954299;BUY
2016-03-30T00:00:09.470000;2016-03-30T00:00:09.520000;400fe232-2336-48f4-bedd-ba0a7473dde2;416.4;0.01;BUY
2016-03-30T00:00:32.350000;2016-03-30T00:00:32.380000;8960786c-ee7c-48b8-ad4f-4ff7223e904c;416.4;0.61173;SELL
2016-03-30T00:01:28.057000;2016-03-30T00:01:28.083000;6dd5ac56-d259-4afc-94a8-6b16d5cfabb4;416.4;0.14972701;SELL
2016-03-30T00:01:28.057000;2016-03-30T00:01:28.113000;2f3a4a75-35e2-4d31-805f-4c1576863756;416.4;0.01;SELL
2016-03-30T00:01:28.057000;2016-03-30T00:01:28.113000;fc13f553-5213-41ec-a505-a039ad4a6deb;416.4;0.07627299;SELL
2016-03-30T00:01:31.037000;2016-03-30T00:01:31.067000;ca574123-1215-4b6c-b667-d064ba83d989;416.41;0.01;BUY
2016-03-30T00:01:31.037000;2016-03-30T00:01:31.083000;c06415c4-4544-4960-b244-f90298fe74d9;416.41;0.235;BUY
2016-03-30T00:01:31.037000;2016-03-30T00:01:31.083000;9b333063-7882-4226-8234-fbec5ba84369;416.41;0.236;BUY
2016-03-30T00:01:31.040000;2016-03-30T00:01:31.083000;6586b307-c5f0-4fed-b089-e1826122168a;416.41;0.235;BUY
2016-03-30T00:01:31.040000;2016-03-30T00:01:31.143000;332ab677-7852-482e-a8cf-372c731646d2;416.41;1.44219;BUY
2016-03-30T00:02:01.913000;2016-03-30T00:02:01.943000;876a9467-2792-4d3e-ae1c-509d4aa78c35;416.41;0.90349;BUY
2016-03-30T00:02:33.123000;2016-03-30T00:02:33.160000;31757754-ef18-4e62-9a92-4e9abfc9ef2e;416.41;0.47832;BUY
2016-03-30T00:02:33.127000;2016-03-30T00:02:33.160000;59c4c86c-7334-4baa-bc61-968d1d64142f;416.41;0.01;BUY
2016-03-30T00:02:33.127000;2016-03-30T00:02:33.160000;671b2eaf-3b0b-4c3b-867a-4085856ff986;416.41;0.01099;BUY
2016-03-30T00:02:58.917000;2016-03-30T00:02:58.943000;2ca0330a-376c-44b5-ad9b-0617481f0ec5;416.4;0.4869;SELL
2016-03-30T00:02:58.920000;2016-03-30T00:02:58.957000;f70745e9-326c-45bd-ac6d-7895032959d0;416.4;0.28;SELL
2016-03-30T00:02:58.930000;2016-03-30T00:02:58.990000;a23bb514-917b-4bad-8144-77649340b03a;416.4;0.01998861;SELL
2016-03-30T00:02:58.967000;2016-03-30T00:02:59.020000;fc1bf124-b0e3-4c9c-8037-b0b4d81ad5bd;416.4;0.36711139;SELL
2016-03-30T00:03:00.807000;2016-03-30T00:03:00.833000;14e77d52-b19f-4c69-9e64-e2e199405e94;416.41;0.0311;BUY
2016-03-30T00:03:00.807000;2016-03-30T00:03:00.847000;dcc10e0d-7bdf-4eb0-b4b1-1c661d5442fd;416.41;0.0364;BUY
2016-03-30T00:03:00.807000;2016-03-30T00:03:00.847000;ab1574f6-d646-4aa1-a572-a15d76d400fb;416.41;0.0341;BUY
2016-03-30T00:03:00.807000;2016-03-30T00:03:00.847000;5711e66b-3ed5-447d-8c4b-cfa64f73f550;416.41;0.126;BUY
2016-03-30T00:03:00.810000;2016-03-30T00:03:00.897000;77c035a0-53bf-4404-acc9-ed7148ff2c55;416.41;0.01;BUY
2016-03-30T00:03:00.810000;2016-03-30T00:03:00.910000;b60e734e-e5c0-4c47-9ccb-69195fc17785;416.41;0.0503;BUY
2016-03-30T00:03:00.810000;2016-03-30T00:03:00.910000;fba7ba57-d7f9-4e75-a8c3-9866b9082a1c;416.41;0.236;BUY
2016-03-30T00:03:00.810000;2016-03-30T00:03:00.910000;bf4a16bf-db55-47b1-8308-5020c186f899;416.41;0.09443;BUY
2016-03-30T00:03:30.873000;2016-03-30T00:03:30.897000;c4637f46-2689-4eb5-a02b-124d7144a16e;416.41;0.14057;BUY
2016-03-30T00:03:30.873000;2016-03-30T00:03:30.910000;2c412b16-85bc-44df-9ba9-9bc11ac6bbe4;416.41;0.51952;BUY
2016-03-30T00:04:00.893000;2016-03-30T00:04:00.910000;99280a8a-38d8-47f9-93c9-722f8736a8b4;416.4;0.36015;SELL
2016-03-30T00:04:30.907000;2016-03-30T00:04:30.927000;32bd5864-78be-4f6b-ab9c-2f05ae40be38;416.4;2.32108;SELL
2016-03-30T00:04:48.997000;2016-03-30T00:04:49.020000;7eb97d5c-d48c-4169-b07d-6388e0641039;416.4;0.02350871;SELL
2016-03-30T00:05:00.917000;2016-03-30T00:05:00.957000;bb7bbb88-ec62-4576-8eed-0284bbbfe79e;416.41;0.05944;BUY
2016-03-30T00:05:30.867000;2016-03-30T00:05:30.897000;e9ec1162-55dd-489e-b53f-3f742b22f1c2;416.41;0.23777;BUY
2016-03-30T00:06:01.060000;2016-03-30T00:06:01.083000;7975ae60-44fd-4889-ad13-2f8fea284564;416.41;0.46017;BUY
2016-03-30T00:07:04.790000;2016-03-30T00:07:04.823000;32191214-bcfe-4bf3-a463-e07dcaf8b6fc;416.4;0.23315;BUY
2016-03-30T00:07:32.437000;2016-03-30T00:07:32.480000;2c98587b-e4b2-4b71-ba2a-b1c274908ea7;416.4;0.236;BUY
2016-03-30T00:07:32.437000;2016-03-30T00:07:32.493000;8f165642-3605-4300-9e50-8b734a967a99;416.4;0.235;BUY
2016-03-30T00:07:32.440000;2016-03-30T00:07:32.493000;ef633440-4ea6-401b-9767-af52584466bd;416.4;0.19237;BUY
2016-03-30T00:07:33.507000;2016-03-30T00:07:33.557000;34809475-8655-43d8-940d-f9fc3794ef43;416.39;0.01;SELL
2016-03-30T00:07:33.507000;2016-03-30T00:07:33.573000;c8ada048-a4e0-4b6d-a551-e5f381e0e76c;416.39;0.01;SELL
2016-03-30T00:07:33.507000;2016-03-30T00:07:33.573000;81aa891f-e0c2-46d7-b85d-8bef86bbbb8e;416.39;10.95;SELL
2016-03-30T00:07:33.507000;2016-03-30T00:07:33.573000;5b4ebb27-4a07-411f-a645-109b9bdc6f31;416.31;0.396;SELL
2016-03-30T00:07:33.507000;2016-03-30T00:07:33.587000;31bdda96-f10c-4866-a2ab-c775e61891da;416.3;0.0125;SELL
2016-03-30T00:07:33.507000;2016-03-30T00:07:33.587000;5922e87c-a62c-4fde-8d30-2e2a24fae846;416.29;0.5;SELL
2016-03-30T00:07:33.507000;2016-03-30T00:07:33.587000;18d56a9a-9ac7-48f7-9b9d-c469215e89d5;416.29;0.5;SELL
2016-03-30T00:07:33.507000;2016-03-30T00:07:33.587000;7a07a1c1-eff1-4d44-8555-31ec20144376;416.29;0.5;SELL
2016-03-30T00:07:33.507000;2016-03-30T00:07:33.587000;bcefee44-1fda-4d3d-affc-abf9514e6148;416.29;0.5;SELL
2016-03-30T00:07:33.507000;2016-03-30T00:07:33.603000;5b0d78b1-ee5b-4cab-a1aa-d29194ea1a66;416.29;0.5;SELL
2016-03-30T00:07:33.507000;2016-03-30T00:07:33.603000;7de4d4c9-3133-4113-bef5-07a1a8df5637;416.29;0.5;SELL
2016-03-30T00:07:33.507000;2016-03-30T00:07:33.603000;24a7353d-97b9-4edb-8b01-a07020586e9c;416.29;0.5;SELL
2016-03-30T00:07:33.507000;2016-03-30T00:07:33.620000;5650b43b-69aa-4e43-a20e-e9e9dc9bd8fb;416.29;0.5;SELL
2016-03-30T00:07:33.507000;2016-03-30T00:07:33.620000;77b946c0-c014-4d37-a52b-01d68fcc304a;416.29;0.01;SELL
2016-03-30T00:07:33.507000;2016-03-30T00:07:33.620000;da502a0e-e11c-4c5f-afe0-a4cacc1602bd;416.28;0.5;SELL
2016-03-30T00:07:33.507000;2016-03-30T00:07:33.620000;624e8e00-4f45-43fd-a122-670209b23174;416.28;0.5;SELL
2016-03-30T00:07:33.510000;2016-03-30T00:07:33.620000;d0d79bec-42c5-4e22-adf4-cdba6317e37f;416.28;0.5;SELL
2016-03-30T00:07:33.510000;2016-03-30T00:07:33.650000;a3afe7fa-e99c-4ff9-af42-98e8eca18faf;416.28;0.5;SELL
2016-03-30T00:07:33.510000;2016-03-30T00:07:33.650000;cea80562-8215-4d62-b518-63bd2ab5bcd3;416.28;0.5;SELL
2016-03-30T00:07:33.510000;2016-03-30T00:07:33.650000;8b97d0a4-0503-4b5e-8533-d6d45b3fa4fc;416.28;0.43;SELL
2016-03-30T00:07:33.510000;2016-03-30T00:07:33.650000;49282006-9147-4ecc-b6b7-10a99ff02812;416.28;0.5;SELL
2016-03-30T00:07:33.510000;2016-03-30T00:07:33.650000;dea4df6d-fe9f-40e9-9c1b-38a2f3701450;416.27;0.5;SELL
2016-03-30T00:07:33.510000;2016-03-30T00:07:33.650000;bc00ff49-3a81-4bfa-a5b3-40adffa6ee34;416.27;0.35;SELL
2016-03-30T00:07:33.510000;2016-03-30T00:07:33.650000;e5e82458-ef38-42b9-b1bc-948bb4282942;416.23;0.409;SELL
2016-03-30T00:07:33.510000;2016-03-30T00:07:33.650000;759250bd-6d4b-4684-9c5f-e0a042deeb92;416.21;0.01;SELL
2016-03-30T00:07:33.510000;2016-03-30T00:07:33.650000;e7114b7d-e78e-4165-8a66-b77bc8e39290;416.19;0.01;SELL
2016-03-30T00:07:33.510000;2016-03-30T00:07:33.650000;37d4ba93-723f-495f-a5b2-32d8bdc46fc4;416.18;0.44;SELL
2016-03-30T00:07:33.510000;2016-03-30T00:07:33.650000;2912fee3-bd2d-4959-ae51-68fb33b7a20e;416.16;0.5;SELL
2016-03-30T00:07:33.510000;2016-03-30T00:07:33.650000;bde79bc8-d9b3-4cdd-9830-95ac2d5f3def;416.16;0.5;SELL
2016-03-30T00:07:33.510000;2016-03-30T00:07:33.650000;191bee22-cf84-4879-920f-d721a89d3192;416.15;0.01;SELL
2016-03-30T00:07:33.510000;2016-03-30T00:07:33.650000;76968f07-f440-46d3-8183-2897a22f84be;416.13;0.425;SELL
2016-03-30T00:07:33.510000;2016-03-30T00:07:33.667000;59768fca-3530-48cf-bc59-44fa2f6e836b;416.09;0.5;SELL
2016-03-30T00:07:33.510000;2016-03-30T00:07:33.667000;5dff62e1-8f5f-4a2e-b652-591acde3d397;416.09;0.5;SELL
2016-03-30T00:07:33.510000;2016-03-30T00:07:33.667000;550f0b88-a749-454b-af12-878de3efcb3d;416.09;0.01;SELL
2016-03-30T00:07:33.510000;2016-03-30T00:07:33.667000;c2d11fd0-275f-4087-91ed-20719457abb0;416.08;0.5;SELL
2016-03-30T00:07:33.510000;2016-03-30T00:07:33.667000;2b4d4882-637b-45f0-9300-e05d668030ba;416.08;0.5;SELL
2016-03-30T00:07:33.510000;2016-03-30T00:07:33.667000;a8fb6440-267a-494f-929b-b846e2687ecd;416.07;0.423;SELL
2016-03-30T00:07:33.513000;2016-03-30T00:07:33.680000;465c106d-26d0-466e-9c6a-8dd6d62e2f0f;416.04;0.5;SELL
2016-03-30T00:07:33.513000;2016-03-30T00:07:33.680000;9ede0471-03d6-497e-9a59-acfdbaa5a870;416.02;0.377;SELL
2016-03-30T00:07:33.513000;2016-03-30T00:07:33.680000;51208b47-c9fc-444a-9ac6-1720fa0c82e6;415.97;0.5;SELL
2016-03-30T00:07:33.513000;2016-03-30T00:07:33.680000;402f4772-02b4-43df-9d54-a566412cb83b;415.97;0.399;SELL
2016-03-30T00:07:33.513000;2016-03-30T00:07:33.680000;13cb3945-8460-4f1c-a2d1-1bab44b60467;415.92;0.429;SELL
2016-03-30T00:07:33.513000;2016-03-30T00:07:33.680000;d013d716-4be9-4991-972f-f292eca4b9d5;415.9;0.016;SELL
2016-03-30T00:07:33.513000;2016-03-30T00:07:33.680000;215940b1-90cc-4011-8a53-d87251668604;415.89;0.01;SELL
2016-03-30T00:07:33.513000;2016-03-30T00:07:33.713000;b072d567-e972-45ea-a52e-75a900e8f5d7;415.87;0.412;SELL
2016-03-30T00:07:33.513000;2016-03-30T00:07:33.713000;eec94b78-0010-48c4-a603-34de8bba4daf;415.82;0.384;SELL
2016-03-30T00:07:33.513000;2016-03-30T00:07:33.713000;44b178d1-4c47-4f83-8ba2-656d27067bf8;415.77;0.394;SELL
2016-03-30T00:07:33.513000;2016-03-30T00:07:33.713000;2a974d6a-3330-4179-8d92-1b956f76ee41;415.75;0.5;SELL
2016-03-30T00:07:33.513000;2016-03-30T00:07:33.713000;0b360fc3-b742-4156-985b-2227e367a827;415.72;0.389;SELL
2016-03-30T00:07:33.513000;2016-03-30T00:07:33.713000;5750e0c5-e41a-4a76-accb-c76b49c0fe54;415.68;0.01;SELL
2016-03-30T00:07:33.513000;2016-03-30T00:07:33.713000;8df25972-5a2f-4793-8bfa-8d443cceeff3;415.67;0.425;SELL
2016-03-30T00:07:33.513000;2016-03-30T00:07:33.730000;05d3c605-e80d-4fa8-a794-1a1997656607;415.63;0.5;SELL
2016-03-30T00:07:33.513000;2016-03-30T00:07:33.730000;b1dd203a-b919-43d1-a3c0-f06a671d191c;415.62;0.5;SELL
2016-03-30T00:07:33.513000;2016-03-30T00:07:33.730000;4dcab230-20b3-46d1-b9e3-dc28356df80f;415.62;0.403;SELL
2016-03-30T00:07:33.513000;2016-03-30T00:07:33.730000;dfbe2fd2-c2c9-4e69-83be-4c4a4966745a;415.57;0.023;SELL
2016-03-30T00:07:33.513000;2016-03-30T00:07:33.730000;a548da6b-febf-4aea-81fd-9e471716c24f;415.57;0.398;SELL
2016-03-30T00:07:33.513000;2016-03-30T00:07:33.730000;c65aba5c-1149-40db-991e-a11c3c999a4b;415.52;0.425;SELL
2016-03-30T00:07:33.513000;2016-03-30T00:07:33.730000;23f22ad3-4f29-4040-802b-b792c5be4e47;415.51;0.5;SELL
2016-03-30T00:07:33.517000;2016-03-30T00:07:33.730000;d1e80496-a44f-41fb-b31b-9bbc5d4a4e6d;415.51;0.5;SELL
2016-03-30T00:07:33.517000;2016-03-30T00:07:33.730000;ccfc9f5b-3521-42e7-b32b-9935bfc0d423;415.5;0.5;SELL
2016-03-30T00:07:33.517000;2016-03-30T00:07:33.730000;0b899607-3fa8-4769-917f-156cb71c2be3;415.48;0.01;SELL
2016-03-30T00:07:33.517000;2016-03-30T00:07:33.743000;1b2cb09d-10f1-485b-902b-19a48802a838;415.47;0.414;SELL
2016-03-30T00:07:33.517000;2016-03-30T00:07:33.743000;d300cbec-186e-40c1-804d-8ae7e30b1627;415.42;0.378;SELL
2016-03-30T00:07:33.517000;2016-03-30T00:07:33.743000;020702ab-ffd9-46b4-abcc-55d43a3424aa;415.41;0.5;SELL
2016-03-30T00:07:33.517000;2016-03-30T00:07:33.743000;32ab0253-7351-4828-acd4-6cad9743464e;415.4;0.02003492;SELL
2016-03-30T00:07:33.517000;2016-03-30T00:07:33.777000;77deefc9-51a3-4a04-8d7d-6962c15072ef;415.39;0.5;SELL
2016-03-30T00:07:33.517000;2016-03-30T00:07:33.777000;0ed032df-9047-4df1-8aa0-e682bf23d3b4;415.39;0.5;SELL
2016-03-30T00:07:33.517000;2016-03-30T00:07:33.777000;0334e782-08e7-4e97-a109-bd86e1a4843a;415.39;0.5;SELL
2016-03-30T00:07:33.517000;2016-03-30T00:07:33.777000;71dfabae-c173-4af0-9282-86ffd244a118;415.39;0.5;SELL
2016-03-30T00:07:33.517000;2016-03-30T00:07:33.777000;ca3a8930-b4c6-4b32-8e1a-9d7dd688dd9e;415.33;0.5;SELL
2016-03-30T00:07:33.517000;2016-03-30T00:07:33.777000;a8872239-6f28-45f8-9fce-4d9998adba9e;415.31;0.02;SELL
2016-03-30T00:07:33.517000;2016-03-30T00:07:33.777000;e5f81615-c482-484c-a028-14199a6d81ab;415.3;0.02003493;SELL
2016-03-30T00:07:33.517000;2016-03-30T00:07:33.777000;983b2ca0-f6e1-470f-b3b2-7b75c5b8897c;415.3;7.2;SELL
2016-03-30T00:07:33.517000;2016-03-30T00:07:33.777000;80eb61b0-843b-46e2-85ee-3162c093a387;415.29;0.01;SELL
2016-03-30T00:07:33.517000;2016-03-30T00:07:33.777000;d3a25f7e-57d4-4b91-a3ec-1622772f06f5;415.24;7.4;SELL
2016-03-30T00:07:33.517000;2016-03-30T00:07:33.777000;03f018d4-1e5a-4830-80f5-0e4e94306d64;415.23;2.493;SELL
2016-03-30T00:07:33.600000;2016-03-30T00:07:33.790000;7ca3d5e0-91f2-4629-a2de-a6c40e0355d3;415.23;0.35;BUY
2016-03-30T00:07:33.610000;2016-03-30T00:07:33.823000;a3ab5353-3a64-4cb0-8c4f-7d53a231cbde;415.23;0.35;BUY
2016-03-30T00:07:33.743000;2016-03-30T00:07:33.823000;d51a5c9b-77d5-49be-870e-badee68fa560;415.23;0.35;BUY
2016-03-30T00:07:33.747000;2016-03-30T00:07:33.823000;97df4378-afdb-4520-a857-fc4f567a73fa;415.23;0.35;BUY
2016-03-30T00:08:00.490000;2016-03-30T00:08:00.527000;37e654e3-657c-473f-bb79-cbba96fc259b;415.22;0.236;BUY
2016-03-30T00:08:00.490000;2016-03-30T00:08:00.540000;a931dc23-1552-4d4e-9821-132931498efe;415.22;0.236;BUY
2016-03-30T00:08:00.493000;2016-03-30T00:08:00.540000;3fd41823-4e2b-4459-9f86-e640f86e8e30;415.22;0.236;BUY
2016-03-30T00:08:00.493000;2016-03-30T00:08:00.540000;1e8f76b4-a15b-4f9d-9a30-e8fc89ffda34;415.22;0.235;BUY
2016-03-30T00:08:00.493000;2016-03-30T00:08:00.557000;d43f0f80-a900-4d88-9a3d-aced59ea1bb0;415.22;0.235;BUY
2016-03-30T00:08:00.493000;2016-03-30T00:08:00.557000;2bb67e8e-6bab-4961-80bd-81fe6e0c15b0;415.22;0.235;BUY
2016-03-30T00:08:00.493000;2016-03-30T00:08:00.557000;46b51cfb-0f65-4f7f-b8e3-6aa638634985;415.22;0.236;BUY
2016-03-30T00:08:00.493000;2016-03-30T00:08:00.557000;ba284dd2-5265-4964-b25e-31150e572d6c;415.22;0.236;BUY
2016-03-30T00:08:00.493000;2016-03-30T00:08:00.557000;93f5f348-d9cc-49cf-95a6-c59227d4dd31;415.22;0.236;BUY
2016-03-30T00:08:00.493000;2016-03-30T00:08:00.557000;66a35faa-75a0-40be-8c84-361ae6d720da;415.22;0.236;BUY
2016-03-30T00:08:00.493000;2016-03-30T00:08:00.557000;82f62bfb-4476-4137-a6c2-6009df114f95;415.22;0.236;BUY
2016-03-30T00:08:00.493000;2016-03-30T00:08:00.557000;212b94b9-629b-4eb5-ba66-e2c22faadb04;415.22;0.235;BUY
2016-03-30T00:08:00.493000;2016-03-30T00:08:00.573000;37093bd0-7993-47f6-999b-0f91e9687136;415.22;0.235;BUY
2016-03-30T00:08:00.493000;2016-03-30T00:08:00.573000;956a848f-0b4d-4be1-9bef-43d4525dafaf;415.22;0.239;BUY
2016-03-30T00:08:00.493000;2016-03-30T00:08:00.573000;6bd1ea1c-997f-441a-acfc-652577b77c17;415.22;0.235;BUY
2016-03-30T00:08:00.493000;2016-03-30T00:08:00.573000;c7ebc28a-3bde-484c-babd-8ddcd816fe65;415.22;0.239;BUY
2016-03-30T00:08:00.493000;2016-03-30T00:08:00.573000;29699de5-d905-41a7-b954-6761d9ffae40;415.22;0.238;BUY
2016-03-30T00:08:00.493000;2016-03-30T00:08:00.573000;38e986e7-9baf-40a7-b2bd-422e5211e839;415.22;0.236;BUY
2016-03-30T00:08:00.493000;2016-03-30T00:08:00.573000;1060f86f-bade-4096-ae8f-c8786f626352;415.22;0.01;BUY
2016-03-30T00:08:00.493000;2016-03-30T00:08:00.587000;ba3b35f0-6a1d-43a3-a6a3-58e8201bd638;415.22;0.237;BUY
2016-03-30T00:08:00.493000;2016-03-30T00:08:00.587000;ea35534c-8c12-44eb-8c60-6f46d7202f0b;415.22;0.236;BUY
2016-03-30T00:08:00.493000;2016-03-30T00:08:00.587000;95395c70-946a-4a3d-a514-0bb01a025314;415.22;0.236;BUY
2016-03-30T00:08:00.493000;2016-03-30T00:08:00.587000;40b9351c-f999-4709-bfa3-16f9a4fbe22b;415.22;0.239;BUY
2016-03-30T00:08:00.493000;2016-03-30T00:08:00.587000;7d6e1840-4973-4f62-852e-16db48538e2f;415.22;0.08332;BUY
2016-03-30T00:08:01.123000;2016-03-30T00:08:01.150000;5055eb1d-735f-4655-b0cd-0927b2609165;415.22;0.15768;BUY
2016-03-30T00:08:01.123000;2016-03-30T00:08:01.183000;250ad36e-3d64-433c-8981-60af7231c375;415.22;0.238;BUY
2016-03-30T00:08:01.123000;2016-03-30T00:08:01.183000;cb1d59e9-ac64-4448-91f3-86d7b0786a97;415.22;0.1289;BUY
2016-03-30T00:08:31.517000;2016-03-30T00:08:31.557000;67d22456-4cda-4b44-abdb-fde625363ec3;415.21;0.088;SELL
2016-03-30T00:08:31.517000;2016-03-30T00:08:31.557000;17673342-c6be-4235-9537-54ff2642163e;415.21;0.025;SELL
2016-03-30T00:08:31.517000;2016-03-30T00:08:31.573000;1d2db397-5299-495a-851f-19c346e24525;415.21;0.0201;SELL
2016-03-30T00:08:31.517000;2016-03-30T00:08:31.573000;ca5f1635-f717-4f6d-9395-3778563435b7;415.21;0.0178;SELL
2016-03-30T00:08:31.517000;2016-03-30T00:08:31.573000;bc9c9609-9154-4471-915c-7cd74fe783cf;415.21;0.01;SELL
2016-03-30T00:08:31.520000;2016-03-30T00:08:31.573000;c3cf6540-0c2c-49ad-a1c4-bbfa4cde09f1;415.2;0.1;SELL
2016-03-30T00:08:31.520000;2016-03-30T00:08:31.573000;3819322c-85b5-4a92-9d3c-1ee4156a909a;415.2;0.02003542;SELL
2016-03-30T00:08:31.520000;2016-03-30T00:08:31.587000;980c6019-c783-410a-b652-70650b7bb2e4;415.18;0.20013;SELL
2016-03-30T00:08:31.520000;2016-03-30T00:08:31.587000;5378342f-d544-4ef8-a992-7ffbd340cc80;415.17;0.01;SELL
2016-03-30T00:08:31.520000;2016-03-30T00:08:31.587000;f1b64f6d-5fb8-43fe-8536-9bc2243180da;415.16;0.11;SELL
2016-03-30T00:08:31.520000;2016-03-30T00:08:31.587000;91278e6b-9f89-4397-ad51-29aebc495805;415.15;0.90437458;SELL
2016-03-30T00:08:45.537000;2016-03-30T00:08:45.573000;0bcb641a-0161-44ce-8afb-201fe1708803;415.19;9.179e-05;BUY
2016-03-30T00:09:00.900000;2016-03-30T00:09:00.933000;4258f147-87a7-407b-aa8f-ec77705c6f09;415.19;0.01520821;BUY
2016-03-30T00:09:00.900000;2016-03-30T00:09:00.947000;ae01eb72-94b1-4b94-aa92-4e14696eba1c;415.19;0.1081;BUY
2016-03-30T00:09:00.900000;2016-03-30T00:09:00.947000;d5135cfe-7673-480d-897e-03b15864408d;415.19;0.24;BUY
2016-03-30T00:09:00.900000;2016-03-30T00:09:00.947000;a099daff-838b-43f5-8116-b1556820a5da;415.19;0.17337179;BUY
2016-03-30T00:10:03.457000;2016-03-30T00:10:03.480000;c879b846-bda4-4ab0-b7e8-08c81a456657;415.19;0.01086;BUY
2016-03-30T00:10:03.610000;2016-03-30T00:10:03.633000;087c76ef-d090-40de-bfcd-01a9d21315b4;415.18;0.01;SELL
2016-03-30T00:10:03.610000;2016-03-30T00:10:03.650000;7753a1a4-29c0-4815-8446-e23a44ba6534;415.18;0.483452;SELL
2016-03-30T00:10:03.610000;2016-03-30T00:10:03.650000;12c87ea8-3819-49e7-8037-251d7f271b8b;415.17;0.01;SELL
2016-03-30T00:10:03.610000;2016-03-30T00:10:03.650000;c9535621-2209-4077-92e1-5db3dab872ab;415.17;0.01;SELL
2016-03-30T00:10:03.613000;2016-03-30T00:10:03.650000;da9e1e83-32a8-4607-88e6-646b4cc674be;415.16;0.01;SELL
2016-03-30T00:10:03.613000;2016-03-30T00:10:03.650000;84725e04-d8c7-45d7-9f4c-b01489edf485;415.14;0.120848;SELL
2016-03-30T00:10:30.910000;2016-03-30T00:10:30.933000;b19e38bb-7842-4264-9026-3051340538a2;415.19;0.05476821;BUY
2016-03-30T00:10:30.910000;2016-03-30T00:10:30.947000;517fd708-5a92-4187-9a30-659e38a55606;415.19;0.10024179;BUY
2016-03-30T00:11:00.990000;2016-03-30T00:11:01.010000;91e7bd0a-2eb5-4048-b5b2-f18e9021f941;415.19;0.13575821;BUY
2016-03-30T00:11:00.990000;2016-03-30T00:11:01.040000;71b8e563-3d8c-4867-a37f-86493b2d6f20;415.19;0.236;BUY
2016-03-30T00:11:00.990000;2016-03-30T00:11:01.040000;b8780482-b8e7-476e-8f57-14dbd5538fbb;415.19;0.01;BUY
2016-03-30T00:11:00.990000;2016-03-30T00:11:01.040000;fcb5bc04-38e1-42d7-940d-0ddafcd0a78a;415.19;0.272;BUY
2016-03-30T00:11:00.990000;2016-03-30T00:11:01.040000;b0396f56-31a9-4dda-b72f-e04516b41c62;415.19;0.0216;BUY
2016-03-30T00:11:00.990000;2016-03-30T00:11:01.120000;759d8e41-16bc-46f4-a025-cc198fcb1c32;415.23;0.52888179;BUY
2016-03-30T00:11:30.967000;2016-03-30T00:11:30.993000;ef3724a3-f3f2-444e-be4a-224dfbd3a5d0;415.22;0.35112;BUY
2016-03-30T00:12:02.710000;2016-03-30T00:12:02.730000;595854c9-c605-463c-8080-a17f4a4b7149;415.22;0.01;BUY
2016-03-30T00:12:02.710000;2016-03-30T00:12:02.760000;ac66ea26-e016-4f24-902b-36f269577cb1;415.22;0.103;BUY
2016-03-30T00:12:02.710000;2016-03-30T00:12:02.760000;f1834fe1-2bb6-4baa-922d-56b8d3b974d8;415.27;0.48311;BUY
2016-03-30T00:12:31.040000;2016-03-30T00:12:31.057000;3a3bdca1-8f4a-4d4d-8925-d25907570d13;415.27;0.01689;BUY
2016-03-30T00:12:31.040000;2016-03-30T00:12:31.087000;fee8b84c-ef83-43ce-bbd7-ae3ac8b2ed74;415.27;0.14;BUY
2016-03-30T00:12:31.040000;2016-03-30T00:12:31.087000;a5a39e68-f5f0-4041-8828-95c45084995e;415.27;0.01;BUY
2016-03-30T00:12:31.040000;2016-03-30T00:12:31.087000;d1c46e74-ba9f-4a93-91b7-db21bf4f2788;415.3;0.01;BUY
2016-03-30T00:12:31.040000;2016-03-30T00:12:31.087000;2fbb8136-1650-4a6b-a3af-c5723caee4fa;415.31;0.5;BUY
2016-03-30T00:12:31.040000;2016-03-30T00:12:31.150000;fa1de8f0-079e-476a-8996-7d18cf1a547d;415.31;0.31124;BUY
2016-03-30T00:13:01.403000;2016-03-30T00:13:01.433000;f12db0ae-83f3-4eba-b0b3-f6e194534212;415.28;0.27468;BUY
2016-03-30T00:13:31.377000;2016-03-30T00:13:31.400000;45668f96-cafb-4fe2-89ec-b69b5abfb997;415.28;0.08642;BUY
2016-03-30T00:14:31.187000;2016-03-30T00:14:31.197000;cb72d19b-cfee-404e-a8bd-d0489c306f35;415.28;2.41855;BUY
2016-03-30T00:15:31.260000;2016-03-30T00:15:31.277000;83087643-f34c-4834-aed0-db549e30e180;415.28;0.28098;BUY
2016-03-30T00:16:01.017000;2016-03-30T00:16:01.027000;5e36fb01-1eb2-475b-93d7-015b78d2aa87;415.28;0.27587973;BUY
2016-03-30T00:16:01.017000;2016-03-30T00:16:01.040000;2fdd7e14-3382-4cee-a906-b7c77a87c05c;415.28;0.258;BUY
2016-03-30T00:16:01.017000;2016-03-30T00:16:01.040000;f218f8b4-d08a-4a44-985a-b67c2e394736;415.28;0.327;BUY
2016-03-30T00:16:01.017000;2016-03-30T00:16:01.040000;c91378da-13a3-453f-abdf-f4e2c95790ce;415.31;0.17142027;BUY
2016-03-30T00:16:31.050000;2016-03-30T00:16:31.057000;fe8ad10f-66b1-421b-b7a7-df46f764c529;415.31;0.01733973;BUY
2016-03-30T00:16:31.050000;2016-03-30T00:16:31.087000;063998ce-9b10-4324-83fb-be8ed427bd55;415.31;0.01;BUY
2016-03-30T00:16:31.050000;2016-03-30T00:16:31.120000;bfed32e9-f037-4ded-8c8a-4ecfb7ccc1d4;415.31;0.5;BUY
2016-03-30T00:16:31.050000;2016-03-30T00:16:31.120000;e24fc138-9ecf-4a6f-b603-4a80d354caec;415.31;0.109;BUY
2016-03-30T00:16:31.053000;2016-03-30T00:16:31.120000;5a63e2c3-24c7-46ac-80e0-97515e47a3bf;415.34;0.5;BUY
2016-03-30T00:16:31.053000;2016-03-30T00:16:31.120000;9cd59fbf-8a75-4245-ba2f-fcf13717782b;415.34;0.01;BUY
2016-03-30T00:16:31.053000;2016-03-30T00:16:31.120000;777b966f-cfe6-43a2-94f4-39a113960ee4;415.34;0.5;BUY
2016-03-30T00:16:31.053000;2016-03-30T00:16:31.120000;f7a7b1bb-229c-4a75-b15f-69c76a6b6794;415.35;0.01;BUY
2016-03-30T00:16:31.053000;2016-03-30T00:16:31.120000;2ac0157f-c76b-4631-a4db-cd072cdddeba;415.35;0.5;BUY
2016-03-30T00:16:31.053000;2016-03-30T00:16:31.120000;98d7ffb4-f059-423b-afda-0e4966aa7027;415.35;0.01;BUY
2016-03-30T00:16:31.053000;2016-03-30T00:16:31.120000;2932e3fa-7fc5-40e0-a987-c63b0d58c655;415.36;0.11473027;BUY
2016-03-30T00:17:01.133000;2016-03-30T00:17:01.137000;074cf21d-c071-4ed5-af04-db6f43df107f;415.39;0.5;BUY
2016-03-30T00:17:01.133000;2016-03-30T00:17:01.167000;4747aa1f-4d25-4915-aa3d-bf82fffde608;415.39;0.11985;BUY
2016-03-30T00:17:31.163000;2016-03-30T00:17:31.167000;e66468c5-541f-4432-b50b-549347480eb0;415.39;0.542;BUY
2016-03-30T00:17:31.163000;2016-03-30T00:17:31.197000;87e01929-342c-4ea4-8f10-d3ededdff7df;415.4;0.5;BUY
2016-03-30T00:17:31.163000;2016-03-30T00:17:31.197000;ceb6d3cb-3945-4aa3-9d60-b9ae81f7261c;415.4;0.5;BUY
2016-03-30T00:17:31.163000;2016-03-30T00:17:31.197000;a411ab12-437c-4115-9f75-27ec77a6d7dd;415.4;0.5;BUY
2016-03-30T00:17:31.163000;2016-03-30T00:17:31.197000;8d331253-b815-4d67-a6f9-82fc05489071;415.4;0.27825;BUY
2016-03-30T00:18:01.110000;2016-03-30T00:18:01.120000;906c7b31-4559-41b0-bdb3-566b7c4adbbc;415.4;0.22175;BUY
2016-03-30T00:18:01.110000;2016-03-30T00:18:01.137000;fdaea464-44dd-4b07-a50a-edd79ea73708;415.4;0.06903;BUY
2016-03-30T00:18:31.347000;2016-03-30T00:18:31.353000;9915f468-ce70-4b9d-a12b-4b9874262755;415.42;0.388;BUY
2016-03-30T00:18:31.347000;2016-03-30T00:18:31.353000;8669ea51-6291-4964-b45b-9bee29ce7b4a;415.43;0.19595;BUY
2016-03-30T00:19:01.217000;2016-03-30T00:19:01.213000;75bc214c-c2f4-45b9-bd7b-623a9123be90;415.43;0.14883;BUY
2016-03-30T00:19:11.343000;2016-03-30T00:19:11.337000;bf24e5d0-a160-44f8-8c3b-7b403a0655fb;415.43;0.15522;BUY
2016-03-30T00:19:11.343000;2016-03-30T00:19:11.353000;3856c0e8-1b13-4274-a4e0-73321e149e4d;415.43;0.170057;BUY
2016-03-30T00:19:15.473000;2016-03-30T00:19:15.480000;361699fd-6b8b-4e52-ae79-2fb0e38c5fc5;415.42;0.04712612;SELL
2016-03-30T00:19:31.060000;2016-03-30T00:19:31.073000;d41702a6-2e39-42f8-b328-66e5a4910d14;415.42;0.00287388;SELL
2016-03-30T00:19:31.060000;2016-03-30T00:19:31.087000;4d20841e-862f-4d51-a640-cb53a20c9f09;415.42;0.01;SELL
2016-03-30T00:19:31.060000;2016-03-30T00:19:31.087000;006df39a-8a1e-4a51-ba36-a1fbc56c96a0;415.42;0.01;SELL
2016-03-30T00:19:31.060000;2016-03-30T00:19:31.087000;be310ea8-44e5-48a4-9a15-c056fbfc0e3e;415.4;0.0125;SELL
2016-03-30T00:19:31.060000;2016-03-30T00:19:31.087000;a7405d53-a4a9-44af-8cbc-cba6836973fb;415.35;0.01;SELL
2016-03-30T00:19:31.063000;2016-03-30T00:19:31.103000;4ef909ab-6adb-494b-80e4-8254fa072c1b;415.34;0.01;SELL
2016-03-30T00:19:31.063000;2016-03-30T00:19:31.103000;ab1c7883-2c6a-418b-867d-a69e1f37a638;415.34;0.01;SELL
2016-03-30T00:19:31.063000;2016-03-30T00:19:31.103000;0456cacf-a90c-451b-84bc-47a0b039fccd;415.33;0.01;SELL
2016-03-30T00:19:31.063000;2016-03-30T00:19:31.103000;4f7cf812-d693-41fc-bf1e-6037f54d76e3;415.32;0.01;SELL
2016-03-30T00:19:31.063000;2016-03-30T00:19:31.167000;5a59e338-7cbd-4c27-af75-75e6cd0b07c1;415.32;0.01;SELL
2016-03-30T00:19:31.063000;2016-03-30T00:19:31.167000;1eac2c02-c122-47e3-81ea-4fe6b66a74bc;415.31;0.01;SELL
2016-03-30T00:19:31.063000;2016-03-30T00:19:31.167000;d835b466-9fc1-472d-8084-8636a2515b89;415.31;0.5;SELL
2016-03-30T00:19:31.063000;2016-03-30T00:19:31.167000;bbe4d332-6744-4e5f-a586-bee9cc0e7f40;415.31;0.5;SELL
2016-03-30T00:19:31.063000;2016-03-30T00:19:31.167000;15a79c9f-9b96-495b-bd7b-dd4376f6bd45;415.29;0.66832612;SELL
2016-03-30T00:20:05.380000;2016-03-30T00:20:05.387000;350bb404-2201-4334-a44c-007e234364d5;415.4;0.2728;BUY
2016-03-30T00:20:05.380000;2016-03-30T00:20:05.400000;9b1608ff-6b20-4ddc-8133-827ed180b1d6;415.4;0.06733;BUY
2016-03-30T00:20:31.257000;2016-03-30T00:20:31.260000;4967ec5d-2910-40a7-aa1d-8aeabc268395;415.37;0.01;SELL
2016-03-30T00:20:31.257000;2016-03-30T00:20:31.290000;e9376a09-ce3d-442f-9f82-cee8d3c05974;415.37;0.01;SELL
2016-03-30T00:20:31.257000;2016-03-30T00:20:31.290000;77b07b8a-c3f2-4237-ac63-166cee755704;415.36;0.01;SELL
2016-03-30T00:20:31.257000;2016-03-30T00:20:31.290000;c31ee59b-67f8-4add-adc1-d92120c83653;415.35;0.01;SELL
2016-03-30T00:20:31.257000;2016-03-30T00:20:31.290000;e6971148-51bb-4729-b2c9-463bc9def10b;415.28;0.14022;SELL
2016-03-30T00:21:05.917000;2016-03-30T00:21:05.917000;76be70bb-d4c6-4a50-aa93-6561b94d2d65;415.3;1.59389;BUY
2016-03-30T00:21:32.200000;2016-03-30T00:21:32.197000;913d8db6-416f-4164-b5ba-4f28ac9c0168;415.3;0.502;BUY
2016-03-30T00:21:32.200000;2016-03-30T00:21:32.213000;7abf7a1e-85f2-4903-af83-25de6274c409;415.3;0.01;BUY
2016-03-30T00:21:32.203000;2016-03-30T00:21:32.213000;8b607d25-e34d-48c4-9596-57a500a8b426;415.3;0.236;BUY
2016-03-30T00:21:32.203000;2016-03-30T00:21:32.213000;bd416f26-1bda-4a02-9c8b-f14215c2eab2;415.3;0.238;BUY
2016-03-30T00:21:32.203000;2016-03-30T00:21:32.230000;f6e2f35a-6941-4f7c-8f11-ed657536cf26;415.3;0.17049;BUY
2016-03-30T00:21:58.943000;2016-03-30T00:21:59.190000;e12b958f-43c6-4263-b7df-d9fc6f721381;415.29;0.01;SELL
2016-03-30T00:21:58.943000;2016-03-30T00:21:59.207000;00502032-72f7-428b-8065-29e802aa5687;415.29;0.01;SELL
2016-03-30T00:21:58.943000;2016-03-30T00:21:59.207000;b8daa13f-978a-434f-8c9f-bd8b2d9152de;415.29;0.01;SELL
2016-03-30T00:21:58.943000;2016-03-30T00:21:59.207000;1afeb584-7c14-4d56-90c8-31d8cb2dbd32;415.28;0.35978;SELL
2016-03-30T00:21:58.943000;2016-03-30T00:21:59.220000;273c7001-abe3-49db-baf3-ae39f28d1665;415.28;0.5;SELL
2016-03-30T00:21:58.943000;2016-03-30T00:21:59.220000;c29b44f7-1aac-4785-af84-135e3f5c10fd;415.27;0.5;SELL
2016-03-30T00:22:01.640000;2016-03-30T00:22:01.877000;f503a9a8-fb89-4973-a4e2-18d3e7e289eb;415.26;0.22947;SELL
2016-03-30T00:22:04.230000;2016-03-30T00:22:04.470000;bba7f439-523a-4f6a-9ebb-29d9fce18d8f;415.26;0.2;SELL
2016-03-30T00:22:06.653000;2016-03-30T00:22:06.893000;c1381223-0e3f-4055-ad74-6000f434f48a;415.26;0.2;SELL
2016-03-30T00:22:07.590000;2016-03-30T00:22:07.830000;dc20f543-cbdb-40fd-8fc5-f7becd651dea;415.26;0.237;SELL
2016-03-30T00:22:08.350000;2016-03-30T00:22:08.580000;07870a83-2135-4a19-9dbb-4431713b0c19;415.26;1.13353;SELL
2016-03-30T00:22:08.350000;2016-03-30T00:22:08.597000;c9178d2d-f6e2-4f8d-a52f-bc435ae793c0;415.24;0.5;SELL
2016-03-30T00:22:09.067000;2016-03-30T00:22:09.300000;2f0aa6c8-8fe9-4f32-b401-86dffb194411;415.22;0.01;SELL
2016-03-30T00:22:09.067000;2016-03-30T00:22:09.330000;8ba62e02-3a27-46af-a4ab-90ae1386a6bd;415.19;0.19;SELL
2016-03-30T00:22:11.430000;2016-03-30T00:22:11.673000;6ec627ff-7f55-482f-bc09-51e45466aa74;415.19;0.2;SELL
2016-03-30T00:22:13.803000;2016-03-30T00:22:14.033000;ef1a70b7-d49d-457f-9e52-31e437fc97ad;415.19;0.11;SELL
2016-03-30T00:22:13.803000;2016-03-30T00:22:14.063000;bd36abce-d66b-45d8-af65-f4dab3843a11;415.19;0.09;SELL
2016-03-30T00:22:15.980000;2016-03-30T00:22:16.220000;dbb72a3d-d584-4b14-8feb-d5f722ea54e1;415.19;0.2;SELL
2016-03-30T00:22:18.137000;2016-03-30T00:22:18.377000;80c92ef4-7aa7-4072-9f8a-33f827ba1353;415.19;0.2;SELL
2016-03-30T00:22:20.277000;2016-03-30T00:22:20.517000;a6f5d082-90d1-47b1-a9a7-188e0ac65fc4;415.19;0.01;SELL
2016-03-30T00:22:20.277000;2016-03-30T00:22:20.533000;d7aa4b7d-df4b-4016-a3f0-b80492cad0ee;415.18;0.19;SELL
2016-03-30T00:22:22.413000;2016-03-30T00:22:22.657000;2b952428-d2c9-4e9d-81d1-03469ccbf388;415.18;0.2;SELL
2016-03-30T00:22:24.563000;2016-03-30T00:22:24.800000;1c26e71c-f2a8-4cb8-8152-a729badb9b14;415.18;0.11;SELL
2016-03-30T00:22:24.563000;2016-03-30T00:22:24.813000;dcac9e9f-43c6-41ac-afa2-8943d9fb36a8;415.17;0.09;SELL
2016-03-30T00:22:26.700000;2016-03-30T00:22:26.940000;45a211c3-e78e-4d01-bdfc-587cdcb83c0c;415.17;0.2;SELL
2016-03-30T00:22:28.840000;2016-03-30T00:22:29.080000;8d55a4d4-30dd-4dfd-9339-7557ab1d5d56;415.17;0.2;SELL
2016-03-30T00:22:30.977000;2016-03-30T00:22:31.220000;fdd4fdba-e8d5-4e38-a745-c593c76e063a;415.17;0.01;SELL
2016-03-30T00:22:30.977000;2016-03-30T00:22:31.237000;b6305829-d3d1-488d-904d-5434a9c5447d;415.16;0.19;SELL
2016-03-30T00:22:31.170000;2016-03-30T00:22:31.410000;4f04394f-e1cc-4eb7-ac17-fe1afab59d61;415.18;0.05778;BUY
2016-03-30T00:22:33.123000;2016-03-30T00:22:33.360000;eaee7f55-6357-4e40-bb03-8901a12b7a66;415.16;0.2;SELL
2016-03-30T00:22:35.503000;2016-03-30T00:22:35.783000;62d12e23-da57-41f3-8895-dfed76bf2996;415.16;0.11;SELL
2016-03-30T00:22:35.503000;2016-03-30T00:22:35.783000;2f90953e-7566-4b6b-853c-0fb6cf294227;415.16;0.09;SELL
2016-03-30T00:22:37.890000;2016-03-30T00:22:38.127000;98244141-2fcd-4459-b9c0-b8b311b83542;415.16;0.2;SELL
2016-03-30T00:22:40.253000;2016-03-30T00:22:40.487000;077c0295-1709-463e-b07a-cbd6ca5a5ce7;415.16;0.2;SELL
2016-03-30T00:22:42.383000;2016-03-30T00:22:42.627000;a7620d04-46aa-4cd1-afe7-8e67562145fd;415.16;0.01;SELL
2016-03-30T00:22:42.383000;2016-03-30T00:22:42.627000;ea323830-e649-4bd2-b302-5a97db060ada;415.16;0.19;SELL
2016-03-30T00:22:44.517000;2016-03-30T00:22:44.753000;5911a2c6-0ed9-4b65-a1b1-00225bf9a3c8;415.16;0.2;SELL
2016-03-30T00:22:46.660000;2016-03-30T00:22:46.893000;ce3b163f-3fca-4f49-a004-17d88ef8f95f;415.16;0.11;SELL
2016-03-30T00:22:46.660000;2016-03-30T00:22:46.910000;49c727df-3159-4822-9397-76fb014fafd7;415.16;0.09;SELL
2016-03-30T00:22:48.803000;2016-03-30T00:22:49.033000;02344598-1417-4a83-a8ab-e9ef2e33b895;415.16;0.2109;SELL
2016-03-30T00:23:01.143000;2016-03-30T00:23:01.377000;4e94d325-b9fa-49d3-86cb-1d1d89ecfe69;415.17;0.46839;BUY
2016-03-30T00:23:16.180000;2016-03-30T00:23:16.423000;40936c16-8a9c-4f42-8fa1-f36a84706079;415.16;0.1991;SELL
2016-03-30T00:23:16.180000;2016-03-30T00:23:16.440000;39e4d255-64a9-4ea5-bbcf-22d3c5c2c0cc;415.16;0.0379;SELL
2016-03-30T00:24:06.663000;2016-03-30T00:24:06.893000;c3cada85-b35a-4c93-9364-81aa9105590d;415.17;0.3935;BUY
2016-03-30T00:24:31.110000;2016-03-30T00:24:31.347000;44a40025-e841-40e1-955f-d36495ff915d;415.16;0.24178;SELL
2016-03-30T00:24:55.663000;2016-03-30T00:24:55.893000;cd579615-720e-45ee-9986-e1377a9c8191;415.16;0.22032;SELL
2016-03-30T00:24:55.663000;2016-03-30T00:24:55.910000;65ce72b6-47ba-48e1-b320-d3b3b13a3333;415.15;0.5;SELL
2016-03-30T00:24:55.663000;2016-03-30T00:24:55.910000;150437c3-4e0f-4b59-aac3-3c60420c3444;415.14;1.050952;SELL
2016-03-30T00:24:55.663000;2016-03-30T00:24:55.910000;e89d6659-96f8-4c86-9155-4516902da1be;415.12;4.228728;SELL
2016-03-30T00:25:01.153000;2016-03-30T00:25:01.393000;2ba0f54c-0307-42da-83ef-2fcb01ebbf9b;415.14;1.17886;BUY
2016-03-30T00:25:33.737000;2016-03-30T00:25:33.970000;502e7137-0285-48d1-93e4-8d2969d074fb;415.14;1.58514;BUY
2016-03-30T00:25:33.740000;2016-03-30T00:25:33.987000;88942021-d69c-404f-b960-bd3cb966b6e0;415.14;0.27772;BUY
2016-03-30T00:26:01.393000;2016-03-30T00:26:01.627000;1ac6705b-c482-4c69-8398-6d7716754584;415.13;0.01;SELL
2016-03-30T00:26:01.393000;2016-03-30T00:26:01.643000;a7dfaa62-ce7f-4d7a-a0bb-77973c5d8767;415.13;0.00723;SELL
2016-03-30T00:26:31.097000;2016-03-30T00:26:31.330000;63d76f01-7507-4587-9b0a-15247e09ed43;415.14;0.09553;BUY
2016-03-30T00:26:50.320000;2016-03-30T00:26:50.550000;7c4af03e-9f65-4814-9d38-ed5b15a4d0de;415.13;0.00277;SELL
2016-03-30T00:26:50.320000;2016-03-30T00:26:50.563000;6a8fa7a3-4806-4064-9966-d3dc4c7862d5;415.13;0.021;SELL
2016-03-30T00:26:50.320000;2016-03-30T00:26:50.563000;8534bab2-06eb-4251-80df-2d0a91905bb2;415.13;0.0206;SELL
2016-03-30T00:27:01.377000;2016-03-30T00:27:01.597000;e8fd8d6d-cdb7-434f-8966-14553c76b97d;415.13;2.25428;BUY
2016-03-30T00:27:03.423000;2016-03-30T00:27:03.660000;f10db273-df71-43d2-a26e-0a1e646adaa6;415.13;0.01;BUY
2016-03-30T00:27:33.643000;2016-03-30T00:27:33.860000;75cb8891-88e2-4476-850e-c9f097761e6e;415.13;0.3157;BUY
2016-03-30T00:28:01.187000;2016-03-30T00:28:01.410000;c60bc3d0-23d9-4fd4-b2b4-5a14a4c1c28b;415.12;0.02409;SELL
2016-03-30T00:29:02.097000;2016-03-30T00:29:02.313000;19d05e78-ef2d-4a42-a23f-c4e5683d75e7;415.13;0.01;BUY
2016-03-30T00:29:04.573000;2016-03-30T00:29:04.800000;76de68d0-28c5-4c43-8840-92746b0470e8;415.13;0.53662;BUY
2016-03-30T00:29:31.187000;2016-03-30T00:29:31.410000;2abfa891-5e96-4c7b-907b-f404e284ba46;415.13;0.1401;BUY
2016-03-30T00:30:01.537000;2016-03-30T00:30:01.753000;bd7b2901-3c63-4e84-b3f0-8b4be1932cad;415.13;0.83557;BUY
2016-03-30T00:30:28.103000;2016-03-30T00:30:28.313000;f7e8e3ef-648c-4b17-8f20-569a7ed1b54c;415.13;0.0962;BUY
2016-03-30T00:30:28.117000;2016-03-30T00:30:28.347000;e1b93c13-9a8d-46f2-b4c1-5ac309c992f3;415.13;0.272202;BUY
2016-03-30T00:30:28.130000;2016-03-30T00:30:28.363000;576174b3-e72c-48c9-af37-271e66626afd;415.13;0.024;BUY
2016-03-30T00:30:28.137000;2016-03-30T00:30:28.377000;2b6fd2f7-52cb-4314-9ab8-91ee3deac2e4;415.13;0.2904;BUY
2016-03-30T00:30:28.163000;2016-03-30T00:30:28.393000;3dd0723c-9a43-4247-a657-b7f88452dec1;415.13;0.17538877;BUY
2016-03-30T00:30:28.163000;2016-03-30T00:30:28.393000;5291771c-0bbb-4dbe-80a4-c0164fdc2310;415.13;0.05180923;BUY
2016-03-30T00:30:33.727000;2016-03-30T00:30:33.940000;ec2e4a83-02cb-4ba1-a6df-fabefb13fff2;415.13;0.01;BUY
2016-03-30T00:30:33.727000;2016-03-30T00:30:33.957000;cf007fc0-8c8d-42a9-9526-0dec09ab2e3c;415.13;0.236;BUY
2016-03-30T00:30:33.727000;2016-03-30T00:30:33.957000;fd21e38f-086a-443a-8094-e9af52dd8802;415.13;0.239;BUY
2016-03-30T00:30:33.727000;2016-03-30T00:30:33.957000;6761cc10-2897-4deb-a655-32be3748c2d1;415.13;0.236;BUY
2016-03-30T00:30:33.727000;2016-03-30T00:30:33.957000;110e4731-fa5d-4a08-8aad-b782ae6794ee;415.13;0.236;BUY
2016-03-30T00:30:33.727000;2016-03-30T00:30:34.050000;19ae4292-02c3-487f-8ace-10ae26ea9b2a;415.13;0.02047;BUY
2016-03-30T00:30:38.367000;2016-03-30T00:30:38.580000;63da9a5d-e8f2-457a-ac3d-8d3bfb20c09c;415.13;0.02347826;BUY
2016-03-30T00:31:01.247000;2016-03-30T00:31:01.457000;3dc263e4-6782-4d5b-adee-ea6fa8c777c6;415.13;0.18994;BUY
2016-03-30T00:31:31.097000;2016-03-30T00:31:31.313000;7da48683-9f58-4c13-b5cf-2da793971eaf;415.13;0.2385;BUY
2016-03-30T00:32:01.187000;2016-03-30T00:32:01.410000;4809c790-6fd4-4384-81f5-503f0bac3c8f;415.13;0.12361174;BUY
2016-03-30T00:32:01.187000;2016-03-30T00:32:01.423000;b1239c5a-fa17-42ea-8a31-1ee6bfe95466;415.13;0.238;BUY
2016-03-30T00:32:01.187000;2016-03-30T00:32:01.423000;b5c59953-b699-446b-b98c-cd3af52a3dc9;415.13;0.594;BUY
2016-03-30T00:32:01.187000;2016-03-30T00:32:01.423000;6cabf790-c92b-42b7-9824-44c0ca3e7f4f;415.13;0.597;BUY
2016-03-30T00:32:01.187000;2016-03-30T00:32:01.423000;290d11bc-cef1-42a7-894c-d4a57493a289;415.13;0.236;BUY
2016-03-30T00:32:01.187000;2016-03-30T00:32:01.517000;b374f695-77c6-43a4-afb0-fd7cf32a9bbf;415.13;0.235;BUY
2016-03-30T00:32:01.190000;2016-03-30T00:32:01.517000;e20a9455-0680-4332-9260-026f9e61f183;415.13;0.23442826;BUY
2016-03-30T00:32:31.100000;2016-03-30T00:32:31.313000;b23742e0-1316-4c0c-900b-f59c0a55c1d2;415.13;0.00257174;BUY
2016-03-30T00:32:31.100000;2016-03-30T00:32:31.330000;dac56a96-09d3-4d43-9c68-1fb64ac62acc;415.13;0.236;BUY
2016-03-30T00:32:31.100000;2016-03-30T00:32:31.330000;29512bdd-8276-41d4-af57-14f29fc1a360;415.13;0.24;BUY
2016-03-30T00:32:31.100000;2016-03-30T00:32:31.330000;bb46c85a-7c8f-4104-a6e3-579c43283f3f;415.13;0.236;BUY
2016-03-30T00:32:31.100000;2016-03-30T00:32:31.330000;9bd1a5f3-592b-4269-a9cc-03f187c3304a;415.13;0.07439826;BUY
2016-03-30T00:33:05.797000;2016-03-30T00:33:06.003000;48d78341-5139-4d94-bbc6-443ac85031dc;415.12;0.249999;SELL
2016-03-30T00:33:06.547000;2016-03-30T00:33:06.767000;f7d839f6-ab42-4fa6-af06-b3d449aafd49;415.13;0.16160174;BUY
2016-03-30T00:33:06.547000;2016-03-30T00:33:06.767000;eb697bb3-b395-430d-8e3d-b506163a9e6a;415.13;0.236;BUY
2016-03-30T00:33:06.547000;2016-03-30T00:33:06.783000;5cf2043e-35f9-404f-8a2c-fd633f632971;415.13;0.237;BUY
2016-03-30T00:33:06.547000;2016-03-30T00:33:06.783000;7c56a558-d917-4af3-abb1-939d7771b5ad;415.13;0.236;BUY
2016-03-30T00:33:06.547000;2016-03-30T00:33:06.783000;e1e6a766-0d99-4a9e-9125-da46ba92e328;415.13;0.236;BUY
2016-03-30T00:33:06.547000;2016-03-30T00:33:06.783000;d4acb641-b8af-4a4d-83a4-fe2b20bb5b59;415.13;0.04255826;BUY
2016-03-30T00:33:09.160000;2016-03-30T00:33:09.377000;d8eaca39-278a-4233-80cf-baf780829732;415.12;0.249999;SELL
2016-03-30T00:33:13.570000;2016-03-30T00:33:13.783000;dba18b6f-be6b-472f-b811-b1b1df5beaea;415.12;0.247184;SELL
2016-03-30T00:33:16.733000;2016-03-30T00:33:16.970000;9fd6c7d1-5ad3-4942-ab0a-7d11cc0e8010;415.11;0.249999;SELL
2016-03-30T00:33:17.510000;2016-03-30T00:33:17.720000;ea2e600e-327f-422e-bcd4-0f882c6a9c9d;415.11;0.250001;SELL
2016-03-30T00:33:17.510000;2016-03-30T00:33:17.753000;2742c8f4-46b2-4974-9344-fae7498ac0ec;415.1;0.02001108;SELL
2016-03-30T00:33:17.510000;2016-03-30T00:33:17.753000;2bc2dea9-3c66-4881-8613-ec94689b29b5;415.1;0.5;SELL
2016-03-30T00:33:17.510000;2016-03-30T00:33:17.753000;052e01bc-bfb2-4ee8-bdd5-f8e4f22107b4;415.1;0.5;SELL
2016-03-30T00:33:17.510000;2016-03-30T00:33:17.753000;9f1946b6-0bd5-4e32-bd0b-bc7419a59b50;415.07;0.01;SELL
2016-03-30T00:33:17.510000;2016-03-30T00:33:17.830000;27ae56db-b051-42c5-914c-5376cf3186d1;415.07;0.5;SELL
2016-03-30T00:33:17.510000;2016-03-30T00:33:17.830000;792a67f2-90ed-4853-a037-d2d55742675c;415.07;0.5;SELL
2016-03-30T00:33:17.510000;2016-03-30T00:33:17.830000;e938d38a-a000-4b41-9e55-2f731909e498;415.07;0.5;SELL
2016-03-30T00:33:17.510000;2016-03-30T00:33:17.830000;7ca6bc03-b659-40a0-83df-15970bd7e633;415.07;0.5;SELL
2016-03-30T00:33:17.510000;2016-03-30T00:33:17.830000;873278b3-6da6-471b-b021-d833ef49a7a7;415.07;0.01;SELL
2016-03-30T00:33:17.510000;2016-03-30T00:33:17.830000;13502a45-070b-40b9-9974-bc127b353b7e;415.04;0.5;SELL
2016-03-30T00:33:17.510000;2016-03-30T00:33:17.830000;07501ec0-4b0c-4d8f-a96f-41254b12496c;415.04;0.20998792;SELL
2016-03-30T00:33:19.560000;2016-03-30T00:33:19.767000;9a61a53f-a107-4dd4-a92c-4c9a0519db2f;415.05;0.01;SELL
2016-03-30T00:33:19.560000;2016-03-30T00:33:19.783000;11109231-0235-427e-af1e-c975579e5b47;415.05;0.01;SELL
2016-03-30T00:33:23.827000;2016-03-30T00:33:24.033000;cfc57c36-514d-473c-9a7e-d13d09e6f417;415.04;0.249999;SELL
2016-03-30T00:33:25.537000;2016-03-30T00:33:25.753000;6624c10c-c477-4506-9265-10fec1112dc3;415.04;0.04001308;SELL
2016-03-30T00:33:25.537000;2016-03-30T00:33:25.753000;069f7601-fb7f-4a8f-bcb8-96e0532fe916;415.04;0.19798692;SELL
2016-03-30T00:33:26.357000;2016-03-30T00:33:26.563000;5556f545-0587-48ed-877a-e9a554ea703c;415.04;0.249999;SELL
2016-03-30T00:33:31.567000;2016-03-30T00:33:31.783000;667e93ea-8a9b-45dd-b60e-b4557be74eac;415.04;0.05201408;SELL
2016-03-30T00:33:31.567000;2016-03-30T00:33:31.800000;5495e09f-cd49-4933-ac57-e69700073351;415.04;0.19798492;SELL
2016-03-30T00:33:34.623000;2016-03-30T00:33:34.830000;bc1bb4fa-e8a7-4cc1-98d3-a4c07846462f;415.04;0.249999;SELL
2016-03-30T00:33:38.213000;2016-03-30T00:33:38.423000;5c4ccd58-2b17-48ed-a0fe-660020cde4df;415.04;0.05201608;SELL
2016-03-30T00:33:38.213000;2016-03-30T00:33:38.440000;9f20ff91-4fac-4b2c-acdc-86776ea567c0;415.03;0.5;SELL
2016-03-30T00:33:38.213000;2016-03-30T00:33:38.440000;1549f567-b4ba-4ebd-ae8f-4ccb9e3bd1cd;415.02;0.19011392;SELL
2016-03-30T00:33:38.797000;2016-03-30T00:33:39.003000;087b1459-b0fc-4687-a80b-584f4e39cce8;415.02;0.249999;SELL
2016-03-30T00:33:41.557000;2016-03-30T00:33:41.767000;7abf83ee-6049-434c-8cc8-d46302dbbb9d;415.02;0.05988708;SELL
2016-03-30T00:33:41.560000;2016-03-30T00:33:41.783000;280e6502-d0c1-4f0b-bc36-7051863e7e59;415.02;0.19011192;SELL
2016-03-30T00:33:43.457000;2016-03-30T00:33:43.673000;c2e720eb-6289-467f-a773-d7b527d99532;415.03;0.016;BUY
2016-03-30T00:33:43.467000;2016-03-30T00:33:43.690000;f83ffaa8-b870-4025-8602-c909629a4ab1;415.03;0.034;BUY
2016-03-30T00:33:44.497000;2016-03-30T00:33:44.707000;e62d25f0-5154-4e39-ad03-7972d20db18f;415.02;0.249999;SELL
2016-03-30T00:33:47.350000;2016-03-30T00:33:47.563000;fc87d3c8-c7ba-4d29-b3cd-570faf9f8d34;415.02;0.05988908;SELL
2016-03-30T00:33:47.350000;2016-03-30T00:33:47.597000;97d364bf-2185-4372-bf81-519abc7077fe;415.02;0.19010992;SELL
2016-03-30T00:33:50.607000;2016-03-30T00:33:50.813000;8be735b9-f78b-4b7f-8c36-9c44a81dd5ad;415.02;0.249999;SELL
2016-03-30T00:33:54.107000;2016-03-30T00:33:54.313000;26de7e57-0ed9-427c-958e-92f8f4c359e2;415.02;0.05989108;SELL
2016-03-30T00:33:59.830000;2016-03-30T00:34:00.033000;1240ce4c-0d8c-4b21-aaaa-f9dfe8275aa5;415.01;0.248249;SELL
2016-03-30T00:34:01.180000;2016-03-30T00:34:01.410000;eb04f222-e283-44c9-aaca-7527b022cca3;415.02;0.51568;BUY
2016-03-30T00:34:01.863000;2016-03-30T00:34:02.080000;38fbc1c0-1259-4bdd-953a-2c70e7b8b1a0;415.02;0.01;BUY
2016-03-30T00:34:14.580000;2016-03-30T00:34:14.783000;50991bbb-35f4-41a3-977f-9e1ad6455caa;415.01;0.03;SELL
2016-03-30T00:34:31.150000;2016-03-30T00:34:31.363000;7823a4bf-0873-4ddc-a1ee-e005f5a9fd3d;415.02;0.4482;BUY
2016-03-30T00:34:36.663000;2016-03-30T00:34:36.877000;7543a475-6e9b-4b75-8470-9633d758e75c;415.01;0.221751;SELL
2016-03-30T00:34:36.663000;2016-03-30T00:34:36.893000;46221bee-db48-42cd-81e9-6c6c2a6b0615;415.01;0.016249;SELL
2016-03-30T00:34:42.960000;2016-03-30T00:34:43.173000;5b6397b7-8a7e-4db3-a89f-1849a723c202;415.02;0.36199392;BUY
2016-03-30T00:34:42.960000;2016-03-30T00:34:43.190000;62c3a6ec-aed0-4983-9756-920c64127dd5;415.02;0.249999;BUY
2016-03-30T00:34:42.960000;2016-03-30T00:34:43.190000;a99f929b-4f14-4733-9284-c5bf09894e62;415.02;0.43;BUY
2016-03-30T00:34:42.960000;2016-03-30T00:34:43.190000;924d0559-6873-474e-bb61-a0421788ce8b;415.02;0.01;BUY
2016-03-30T00:34:42.960000;2016-03-30T00:34:43.190000;0b695eda-d580-4ffb-9e9d-3b566a16f4cc;415.02;0.236;BUY
2016-03-30T00:34:42.963000;2016-03-30T00:34:43.283000;3fbbfd98-f071-457f-b6d2-9c38fdccd9ec;415.02;0.236;BUY
2016-03-30T00:34:42.963000;2016-03-30T00:34:43.283000;2a11c835-2d43-430e-8acd-d7ef000e0a82;415.02;0.238;BUY
2016-03-30T00:34:42.963000;2016-03-30T00:34:43.283000;ba25de6a-b6ee-43d2-81c7-ea8c559db228;415.02;0.17941158;BUY
2016-03-30T00:35:01.827000;2016-03-30T00:35:02.033000;3acd74b3-b80b-4ee9-82d6-cf3fc84958e3;415.02;0.01;BUY
2016-03-30T00:35:08.890000;2016-03-30T00:35:09.097000;183c69ec-4c55-41ea-9692-8a38d3694d0c;415.02;0.04658842;BUY
2016-03-30T00:35:08.893000;2016-03-30T00:35:09.113000;99dd56e2-8fd1-440f-acae-14282a036a13;415.02;0.21192158;BUY
2016-03-30T00:35:31.200000;2016-03-30T00:35:31.410000;1fa753d6-26ae-464b-8b72-455772823d81;415.01;0.02892;SELL
2016-03-30T00:36:01.223000;2016-03-30T00:36:01.423000;51619c83-5ef7-4388-bf96-172cdb7bd0e1;415.02;0.02507842;BUY
2016-03-30T00:36:01.223000;2016-03-30T00:36:01.440000;c90a9811-973c-4270-a569-429c26ced823;415.02;0.235;BUY
2016-03-30T00:36:01.223000;2016-03-30T00:36:01.440000;fbee5b6d-97b1-4f83-b3b2-066984ae6f72;415.02;0.236;BUY
2016-03-30T00:36:01.223000;2016-03-30T00:36:01.440000;0bcf4c00-d205-477d-81e9-2d421147c2b8;415.02;0.24;BUY
2016-03-30T00:36:01.223000;2016-03-30T00:36:01.457000;70cf169f-d106-4c99-9c6f-f41ea4515b7c;415.02;0.236;BUY
2016-03-30T00:36:01.223000;2016-03-30T00:36:01.517000;0d2f6724-e1ae-4c3f-8add-f30de9587258;415.02;0.235;BUY
2016-03-30T00:36:01.223000;2016-03-30T00:36:01.533000;26f27d97-7a0f-4f74-b088-60ddac116bb0;415.02;0.19644174;BUY
2016-03-30T00:36:01.223000;2016-03-30T00:36:01.533000;1f8fb8d6-a7cf-4ef6-832e-5c240ef75fb9;415.02;0.236;BUY
2016-03-30T00:36:01.223000;2016-03-30T00:36:01.533000;1ba1f887-0491-4937-8037-365677b0ec76;415.02;0.239;BUY
2016-03-30T00:36:01.223000;2016-03-30T00:36:01.533000;e1c0822d-8a5f-4f80-9a4d-da23b7a1d50b;415.02;0.236;BUY
2016-03-30T00:36:01.223000;2016-03-30T00:36:01.533000;3601f8a4-a9d1-47b1-8128-c3aba7119d39;415.02;0.55041984;BUY
2016-03-30T00:36:32.020000;2016-03-30T00:36:32.220000;6d407b08-9035-4d99-bb47-bd6c7e918fbb;415.01;0.18192;SELL
2016-03-30T00:37:01.243000;2016-03-30T00:37:01.457000;34f722e5-4aaf-4995-a7e3-8d33e31fc8d2;415.01;0.24962;SELL
2016-03-30T00:37:31.187000;2016-03-30T00:37:31.147000;34f5eb23-24f0-4609-be54-4f8c9ef88681;415.02;0.04758016;BUY
2016-03-30T00:37:31.187000;2016-03-30T00:37:31.163000;49098da1-1c6e-4e9f-bf60-b4707ff41821;415.02;0.593;BUY
2016-03-30T00:37:31.187000;2016-03-30T00:37:31.163000;58682f8c-b968-4e3a-9e23-0c058cba361f;415.02;0.236;BUY
2016-03-30T00:37:31.187000;2016-03-30T00:37:31.163000;9ca2646f-67f6-4c97-bbb2-80269f762d90;415.02;0.595;BUY
2016-03-30T00:37:31.187000;2016-03-30T00:37:31.163000;0648ef29-debd-41bd-a5e3-d34ae2abadfa;415.02;0.34871984;BUY
2016-03-30T00:38:29.383000;2016-03-30T00:38:29.350000;876b4801-e5c8-4522-8270-28bc642bebe5;415.02;0.03;BUY
2016-03-30T00:39:11.830000;2016-03-30T00:39:11.773000;824dfc32-f73e-4126-ad52-038edebe609a;415.02;0.01104;BUY
2016-03-30T00:45:01.000000;2016-03-30T00:45:00.943000;bfb50ed4-c913-4a9e-92dc-100625b4e86e;415.01;0.023291;SELL
2016-03-30T00:45:01.003000;2016-03-30T00:45:00.960000;78c9d44b-1db4-4b77-95a8-4a5c8cf99b6c;415.01;0.5;SELL
2016-03-30T00:45:01.003000;2016-03-30T00:45:00.960000;6f292529-4d89-4ad2-9439-c08ed3f4f8b5;415.01;0.5;SELL
2016-03-30T00:45:01.003000;2016-03-30T00:45:00.960000;1e6c3278-bb90-440d-a06d-4b963598e930;415.01;0.5;SELL
2016-03-30T00:45:01.003000;2016-03-30T00:45:00.960000;31f8db94-a692-4bfc-8c9b-a99bc79d1b23;415.01;0.5;SELL
2016-03-30T00:45:01.003000;2016-03-30T00:45:01.023000;db50146d-f330-4a4a-91a3-914f1d43f921;415.01;0.5;SELL
2016-03-30T00:45:01.003000;2016-03-30T00:45:01.023000;c9a4d6f8-b887-425f-bc9d-4fbe4ca2e54d;415.01;0.408699;SELL
2016-03-30T00:45:33.200000;2016-03-30T00:45:33.147000;c4e7ca41-f3d9-4653-b48b-e9465678adaf;415.02;0.20724016;BUY
2016-03-30T00:45:33.200000;2016-03-30T00:45:33.147000;3d052444-3378-421b-9824-ac96f0aeee46;415.02;0.239;BUY
2016-03-30T00:45:33.200000;2016-03-30T00:45:33.163000;55486025-bf34-4f19-9ac4-ad9b9c97a3e3;415.02;0.236;BUY
2016-03-30T00:45:33.200000;2016-03-30T00:45:33.227000;f747365d-46c3-4666-aa1d-cb8860b7f6c8;415.02;0.236;BUY
2016-03-30T00:45:33.200000;2016-03-30T00:45:33.240000;00905722-796e-4bf5-bf54-0ec9e8da6810;415.02;0.236;BUY
2016-03-30T00:45:33.200000;2016-03-30T00:45:33.240000;98f4ade3-0db5-4214-9ff3-cac0f5e4b49a;415.02;0.236;BUY
2016-03-30T00:45:33.200000;2016-03-30T00:45:33.240000;f2bb58a4-86a3-4410-9257-e6734a823a30;415.02;0.241;BUY
2016-03-30T00:45:33.200000;2016-03-30T00:45:33.240000;9aadfa02-2910-42ba-b704-c80fabadf98c;415.02;0.236;BUY
2016-03-30T00:45:33.200000;2016-03-30T00:45:33.240000;738cfde5-9438-4d52-a3e5-dccbf135d64d;415.02;0.239;BUY
2016-03-30T00:45:33.203000;2016-03-30T00:45:33.240000;8a371e77-fcd7-4152-a45a-6fd3008e2d4c;415.02;0.24;BUY
2016-03-30T00:45:33.203000;2016-03-30T00:45:33.240000;b1ac2dee-f573-495c-aaba-f7ca43b168e2;415.02;0.236;BUY
2016-03-30T00:45:33.203000;2016-03-30T00:45:33.240000;b55ad4be-f920-4b32-9c30-87e5ee659228;415.02;0.06450999;BUY
2016-03-30T00:45:33.203000;2016-03-30T00:45:33.240000;978d59eb-69af-4409-8c23-b39f48641908;415.02;0.236;BUY
2016-03-30T00:45:33.203000;2016-03-30T00:45:33.240000;0f40f38b-b97d-487e-80b3-7d8906a0d1f4;415.02;0.236;BUY
2016-03-30T00:45:33.203000;2016-03-30T00:45:33.240000;9968be70-3549-4c3a-97ac-88ba36700906;415.02;0.199;BUY
2016-03-30T00:45:33.203000;2016-03-30T00:45:33.240000;daa72f14-2ff0-410a-aa22-ab47d9c62d4e;415.02;0.3;BUY
2016-03-30T00:45:33.203000;2016-03-30T00:45:33.240000;6c0012bc-e963-4502-88d3-6333a8025856;415.02;0.01;BUY
2016-03-30T00:45:33.203000;2016-03-30T00:45:33.240000;b6428563-ced5-4579-894f-feee602eb045;415.02;0.06079985;BUY
2016-03-30T00:46:02.597000;2016-03-30T00:46:02.540000;b5f340d5-3640-4e85-82f3-587cf2e8331a;415.01;0.091301;SELL
2016-03-30T00:46:02.597000;2016-03-30T00:46:02.553000;048761a4-1bc6-4574-b608-f24e2fc3f0c6;415.01;0.5;SELL
2016-03-30T00:46:02.597000;2016-03-30T00:46:02.553000;625ef423-dbdd-4905-ae0f-c55fdc6880fe;415.01;0.01;SELL
2016-03-30T00:46:02.597000;2016-03-30T00:46:02.553000;4745f3d8-0dfd-4da8-be11-d28c2c076962;415.01;0.0599;SELL
2016-03-30T00:46:02.600000;2016-03-30T00:46:02.553000;840864e8-fbac-4143-8e9d-4ad4547513e1;415.01;0.0644;SELL
2016-03-30T00:46:02.600000;2016-03-30T00:46:02.633000;6ac2697f-17cd-433a-870e-1b6d87ab3e6f;415.01;0.0644;SELL
2016-03-30T00:46:02.600000;2016-03-30T00:46:02.633000;5900abde-9e2d-434f-bb81-ceabc7d145fc;415.01;0.0588;SELL
2016-03-30T00:46:02.600000;2016-03-30T00:46:02.633000;e2dda94b-2825-4155-a44f-57c5bfd582a7;415.01;0.01;SELL
2016-03-30T00:46:02.600000;2016-03-30T00:46:02.633000;66c2b7bf-6daa-40c6-87fa-3a14cbe3565f;415.01;0.0582;SELL
2016-03-30T00:46:02.600000;2016-03-30T00:46:02.633000;e68746d6-db15-4b0c-8975-5f587e119322;415.01;0.0732;SELL
2016-03-30T00:46:02.600000;2016-03-30T00:46:02.633000;14eda5f2-e607-468e-9b73-78029376b0db;415.01;0.296559;SELL
2016-03-30T00:46:30.957000;2016-03-30T00:46:30.897000;37373846-86c7-4741-90a4-b8e51f53e633;415.02;0.17520015;BUY
2016-03-30T00:46:30.957000;2016-03-30T00:46:30.913000;b801f71f-40e5-4d3b-8767-6ac6d5ab2d9e;415.02;0.236;BUY
2016-03-30T00:46:30.957000;2016-03-30T00:46:30.913000;7a6ba45f-6ffd-4551-93d4-ecf21d5f86f8;415.02;0.236;BUY
2016-03-30T00:46:30.957000;2016-03-30T00:46:30.913000;c3393869-96e2-4348-bed2-7b16ef73a640;415.02;0.236;BUY
2016-03-30T00:46:30.957000;2016-03-30T00:46:30.930000;ed276e04-a1ac-4f4f-9459-3b6fcee708b1;415.02;0.239;BUY
2016-03-30T00:46:30.957000;2016-03-30T00:46:30.990000;4c35dba5-27cd-48b1-b104-6e03e4690dd3;415.02;0.236;BUY
2016-03-30T00:46:30.957000;2016-03-30T00:46:30.990000;f9acf42a-c9c4-4ac5-965b-0bcfb3b925c8;415.02;0.238;BUY
2016-03-30T00:46:30.957000;2016-03-30T00:46:30.990000;595f1816-722b-4fcb-ae55-8e53f95e3d71;415.02;0.14236985;BUY
2016-03-30T00:47:31.063000;2016-03-30T00:47:30.990000;838f857a-9109-4b3f-b88b-e1175be3f326;415.02;0.09763015;BUY
2016-03-30T00:47:31.067000;2016-03-30T00:47:31.007000;a9504151-24d8-4e52-9cb2-adaac8b0b79e;415.02;0.16478985;BUY
2016-03-30T00:48:00.867000;2016-03-30T00:48:00.790000;854bb958-35e3-4a53-bd23-ff7a018e6f5c;415.02;0.01169;BUY
2016-03-30T00:48:20.330000;2016-03-30T00:48:20.257000;ec28c048-0244-438d-85e0-0cb83aa12ad4;415.02;0.026;BUY
2016-03-30T00:48:20.347000;2016-03-30T00:48:20.273000;b3d6c7e0-783d-416b-b832-20c677bc9d9c;415.02;0.024;BUY
2016-03-30T00:48:30.913000;2016-03-30T00:48:30.837000;dfa027d5-ad17-4f5c-ba7e-8bd1e084aeac;415.02;0.01152015;BUY
2016-03-30T00:48:30.913000;2016-03-30T00:48:30.850000;cf74665d-e7bc-4b0b-9dca-ae4d1b798b39;415.02;0.237;BUY
2016-03-30T00:48:30.913000;2016-03-30T00:48:30.850000;532a86b9-354e-4422-84dd-509b23d426e1;415.02;0.237;BUY
2016-03-30T00:48:30.913000;2016-03-30T00:48:30.850000;b6e48070-d2e8-4f42-9c48-87cd2992737b;415.02;0.237;BUY
2016-03-30T00:48:30.913000;2016-03-30T00:48:30.867000;da295691-4d6c-449e-9ac3-e9e55fcef4ef;415.02;0.15867985;BUY
2016-03-30T00:48:34.297000;2016-03-30T00:48:34.227000;bff48213-aa20-4421-a428-452bae18fe01;415.01;0.13734099;SELL
2016-03-30T00:48:38.683000;2016-03-30T00:48:38.617000;ed86cdf6-6642-46e8-8286-cff8f00f7e7a;415.0;0.249999;SELL
2016-03-30T00:49:01.033000;2016-03-30T00:49:00.960000;e7265100-3265-4253-b1bc-97a052472a14;415.01;0.11265801;BUY
2016-03-30T00:49:01.033000;2016-03-30T00:49:00.977000;1f317771-4b74-4183-a395-886c617bd975;415.01;0.20948199;BUY
2016-03-30T00:49:19.347000;2016-03-30T00:49:19.273000;c0b19879-cba7-4b46-b954-267f6f32cd28;415.0;0.249999;SELL
2016-03-30T00:49:37.603000;2016-03-30T00:49:37.540000;aabbc809-c52f-4759-bbbf-a510dca2022a;415.01;0.09065;BUY
2016-03-30T00:50:01.460000;2016-03-30T00:50:01.383000;6be001ea-b6fa-4f02-a0ca-cc7a2afe7482;415.01;0.05642;BUY
2016-03-30T00:50:01.470000;2016-03-30T00:50:01.397000;84b0ae3d-a3f0-49da-8016-199f8ac789c5;415.01;0.05838;BUY
2016-03-30T00:50:01.473000;2016-03-30T00:50:01.413000;065f7113-2ea4-4fba-a90a-cf77ee8aad9d;415.01;0.01;BUY
2016-03-30T00:50:01.513000;2016-03-30T00:50:01.443000;064c3f71-9a9c-466e-aeb7-aca42fda4b2a;415.01;0.05088;BUY
2016-03-30T00:50:01.530000;2016-03-30T00:50:01.460000;ffed54f8-30e2-4757-aded-13a5aad1b2df;415.01;0.0312;BUY
2016-03-30T00:50:01.540000;2016-03-30T00:50:01.490000;527ce99b-cf7b-4433-ac59-94e3a0d3569f;415.01;0.3;BUY
2016-03-30T00:50:01.550000;2016-03-30T00:50:01.490000;df0cc432-39fd-4f44-bb17-b9ef9871e2d4;415.01;0.02;BUY
2016-03-30T00:50:31.320000;2016-03-30T00:50:31.240000;8b100ae9-2feb-4e7f-8362-7b5154df87c7;415.0;0.99705;SELL
2016-03-30T00:51:04.843000;2016-03-30T00:51:04.773000;08cacbae-3048-4f89-8fdf-4b021dcdeec9;415.01;0.463;BUY
2016-03-30T00:51:04.843000;2016-03-30T00:51:04.790000;aa483cbf-a55a-4917-8207-815947040f87;415.01;0.01414;BUY
2016-03-30T00:51:33.073000;2016-03-30T00:51:32.990000;6074ddfa-9f7a-4f0e-9442-17a2338f69a9;415.01;0.16219;BUY
2016-03-30T00:52:01.043000;2016-03-30T00:52:00.960000;921d6207-f778-485c-a6e6-9a0e64bf6299;415.01;1.57457;BUY
2016-03-30T00:52:30.983000;2016-03-30T00:52:31.027000;7272117f-c9f8-4a7f-b34e-37dddf589235;415.01;0.01;BUY
2016-03-30T00:52:30.983000;2016-03-30T00:52:31.040000;42890e0b-5073-4c43-8fe5-2676b07cdad1;415.01;0.15;BUY
2016-03-30T00:52:30.983000;2016-03-30T00:52:31.040000;1e2f1e34-0897-4280-bac0-8539ad0df1d1;415.01;0.15;BUY
2016-03-30T00:52:30.983000;2016-03-30T00:52:31.040000;8cdbe7c9-6ac2-4688-a067-c91c81c7e5a3;415.01;0.05;BUY
2016-03-30T00:52:30.983000;2016-03-30T00:52:31.040000;3270d302-fe45-4b80-b916-52928c1ec167;415.01;0.05;BUY
2016-03-30T00:52:30.983000;2016-03-30T00:52:31.133000;6ef56524-48dd-40ec-9350-bc15adc18398;415.01;0.05;BUY
2016-03-30T00:52:30.983000;2016-03-30T00:52:31.133000;00b4390c-8796-47f7-8c3e-495cc6df679b;415.01;0.15;BUY
2016-03-30T00:52:30.983000;2016-03-30T00:52:31.133000;be5db100-932d-48c1-ad4e-5a2ca55f252d;415.01;0.05;BUY
2016-03-30T00:52:30.983000;2016-03-30T00:52:31.133000;7c0a791f-606d-4ae9-b3d2-b857ab3910bb;415.01;0.04244;BUY
2016-03-30T00:53:00.997000;2016-03-30T00:53:01.057000;281a8a2b-feb2-4652-9822-f0315c45f9b0;415.01;0.00756;BUY
2016-03-30T00:53:00.997000;2016-03-30T00:53:01.073000;773b0ab2-f4db-4bce-99e5-780af587d4a8;415.01;0.05;BUY
2016-03-30T00:53:00.997000;2016-03-30T00:53:01.073000;477caa02-d717-49de-b257-e50e987119ab;415.01;0.05;BUY
2016-03-30T00:53:00.997000;2016-03-30T00:53:01.073000;e386be78-7e99-467d-9465-e8986d5d9d27;415.01;0.05;BUY
2016-03-30T00:53:00.997000;2016-03-30T00:53:01.073000;3c8882fb-f427-4138-8861-390f7ed4049a;415.01;0.15;BUY
2016-03-30T00:53:00.997000;2016-03-30T00:53:01.150000;47e66c45-dda3-45e5-ac46-12459a5bcf83;415.01;0.15;BUY
2016-03-30T00:53:00.997000;2016-03-30T00:53:01.150000;ce9121f9-52bb-4c01-bc31-9a364be6ccf5;415.01;0.05;BUY
2016-03-30T00:53:00.997000;2016-03-30T00:53:01.150000;f36f5ed8-0986-4021-8a9b-a80369780e2f;415.01;0.15;BUY
2016-03-30T00:53:00.997000;2016-03-30T00:53:01.150000;27c7251d-5fad-4576-8fbf-c9700b76a5d5;415.01;0.27379456;BUY
2016-03-30T00:53:00.997000;2016-03-30T00:53:01.150000;88b89a6b-1cd4-4087-95b3-f271becbf4ae;415.01;0.15;BUY
2016-03-30T00:53:00.997000;2016-03-30T00:53:01.150000;3b9d1731-187a-47fa-a7f4-53b0ef38b193;415.01;0.15;BUY
2016-03-30T00:53:00.997000;2016-03-30T00:53:01.150000;787f8239-35e3-4c67-b7a0-99e45202038a;415.01;0.05;BUY
2016-03-30T00:53:00.997000;2016-03-30T00:53:01.150000;6a964a6e-ceb4-40ca-892a-c87b98935af1;415.01;0.15;BUY
2016-03-30T00:53:00.997000;2016-03-30T00:53:01.150000;e7a613f9-70b8-46c9-8809-6df7c179fdb6;415.01;0.05;BUY
2016-03-30T00:53:00.997000;2016-03-30T00:53:01.150000;221175f0-8a34-4255-b351-0fbac6352e3b;415.01;0.05;BUY
2016-03-30T00:53:00.997000;2016-03-30T00:53:01.150000;9c2e4aa8-87c4-45ea-8ed7-6fb7e9ed018d;415.01;0.15;BUY
2016-03-30T00:53:00.997000;2016-03-30T00:53:01.150000;3b6936fd-ae71-436a-bcec-552f2dff6b84;415.01;0.05;BUY
2016-03-30T00:53:00.997000;2016-03-30T00:53:01.150000;e34b2802-dabe-4921-bb09-e6ebf0785097;415.01;0.05;BUY
2016-03-30T00:53:00.997000;2016-03-30T00:53:01.150000;d5b5b1c6-7096-49d9-9499-65b34cc7bc0f;415.01;0.15;BUY
2016-03-30T00:53:00.997000;2016-03-30T00:53:01.150000;e49f8ee0-6c09-4fdc-87dc-fcb3cf119d4a;415.01;0.237;BUY
2016-03-30T00:53:00.997000;2016-03-30T00:53:01.150000;2fade438-d90b-4413-acfd-9c8418e4f630;415.01;0.07832014;BUY
2016-03-30T00:53:01.000000;2016-03-30T00:53:01.150000;bcbd8a69-a361-430b-98da-291e061d81df;415.01;0.236;BUY
2016-03-30T00:53:01.000000;2016-03-30T00:53:01.150000;979ef031-6894-42a9-a923-0e91a9c2f669;415.01;0.241;BUY
2016-03-30T00:53:01.000000;2016-03-30T00:53:01.150000;5951aea5-2515-467c-98f0-0713c16459c7;415.01;0.24;BUY
2016-03-30T00:53:01.000000;2016-03-30T00:53:01.150000;c2a43cd5-e486-4e0e-ab49-014485d7197f;415.01;0.237;BUY
2016-03-30T00:53:01.000000;2016-03-30T00:53:01.150000;dfb3177d-345f-41c8-9fb1-abf9c797fd84;415.01;0.24;BUY
2016-03-30T00:53:01.000000;2016-03-30T00:53:01.150000;2e094152-41da-4962-aac3-0fbdeda82246;415.01;0.235;BUY
2016-03-30T00:53:01.000000;2016-03-30T00:53:01.150000;586846df-6056-484c-b407-3e5d332c1eab;415.01;0.237;BUY
2016-03-30T00:53:01.000000;2016-03-30T00:53:01.150000;ee6eca35-66ba-4fb3-a269-b4362f7d3047;415.01;0.23;BUY
2016-03-30T00:53:01.000000;2016-03-30T00:53:01.150000;d26006b1-6fe4-45b5-897e-a892a019590e;415.01;0.24;BUY
2016-03-30T00:53:01.000000;2016-03-30T00:53:01.150000;882f69d1-5b96-4b0b-bc0b-418d7f49014e;415.01;0.239;BUY
2016-03-30T00:53:01.000000;2016-03-30T00:53:01.150000;17bc970a-8351-4439-b27f-52f18c88dfac;415.01;0.241;BUY
2016-03-30T00:53:01.000000;2016-03-30T00:53:01.150000;91d550f1-fe51-4099-aae7-593cca47e55c;415.01;0.237;BUY
2016-03-30T00:53:01.000000;2016-03-30T00:53:01.150000;284983c1-af57-42ab-bd0c-fa7cfed2fdff;415.01;0.2;BUY
2016-03-30T00:53:01.000000;2016-03-30T00:53:01.180000;de624483-989c-4018-b171-d6ae77759c65;415.01;0.239;BUY
2016-03-30T00:53:01.000000;2016-03-30T00:53:01.180000;e56d5214-1574-4417-8ce9-22762b60da7e;415.01;0.239;BUY
2016-03-30T00:53:01.000000;2016-03-30T00:53:01.180000;f956e566-f76d-4783-bef3-a6777e381182;415.01;0.237;BUY
2016-03-30T00:53:01.000000;2016-03-30T00:53:01.243000;378007d1-22c8-4c9a-8ff6-c783d1a18cde;415.01;0.239;BUY
2016-03-30T00:53:01.000000;2016-03-30T00:53:01.243000;97dd6e04-43f7-4806-8c5e-02ee4c05d34c;415.01;0.15;BUY
2016-03-30T00:53:01.003000;2016-03-30T00:53:01.243000;e1caa554-acc9-4d80-885b-b79669015da8;415.01;0.104;BUY
2016-03-30T00:53:01.003000;2016-03-30T00:53:01.243000;c836e356-2877-42d2-aa79-138f3317157a;415.01;0.236;BUY
2016-03-30T00:53:01.003000;2016-03-30T00:53:01.243000;51cd7210-2e94-48e0-a314-6bc0d3784f00;415.01;0.236;BUY
2016-03-30T00:53:01.003000;2016-03-30T00:53:01.243000;a05de5bb-b7fa-4429-8c73-bd1116ae33fb;415.01;0.236;BUY
2016-03-30T00:53:01.003000;2016-03-30T00:53:01.243000;c729903b-ebcd-4907-b66a-d79f883d00bb;415.01;0.236;BUY
2016-03-30T00:53:01.003000;2016-03-30T00:53:01.243000;fc581e0c-0538-463c-a12b-e7b1f4c67dfc;415.01;0.236;BUY
2016-03-30T00:53:01.003000;2016-03-30T00:53:01.243000;e62e8957-17a1-4097-8138-aca56614caac;415.01;0.236;BUY
2016-03-30T00:53:01.003000;2016-03-30T00:53:01.243000;c809d19e-db9f-431f-a543-ba30c5a4b0b0;415.01;0.43;BUY
2016-03-30T00:53:01.003000;2016-03-30T00:53:01.243000;fd3f37e1-5673-497a-bac9-6d1537f9603a;415.01;0.236;BUY
2016-03-30T00:53:01.003000;2016-03-30T00:53:01.243000;105551d4-5ee6-4f76-9802-43744512eba3;415.01;0.236;BUY
2016-03-30T00:53:01.003000;2016-03-30T00:53:01.243000;9b1d595f-83e6-465c-8a6c-662da21145a2;415.01;0.237;BUY
2016-03-30T00:53:01.003000;2016-03-30T00:53:01.243000;6bb770fc-63f5-4191-be70-ba5580c56355;415.01;0.236;BUY
2016-03-30T00:53:01.003000;2016-03-30T00:53:01.243000;40c4d911-bfdc-4887-8e3e-b01a22124f6a;415.01;0.2;BUY
2016-03-30T00:53:01.003000;2016-03-30T00:53:01.243000;9feed0b6-3eec-4d51-affa-ce4a62fef434;415.01;2.7959753;BUY
2016-03-30T00:53:30.983000;2016-03-30T00:53:31.027000;5b417373-6d72-4754-9ce9-ee6133c571cf;415.01;0.4;BUY
2016-03-30T00:53:30.983000;2016-03-30T00:53:31.040000;86389430-cf4a-4d7f-a249-64bfdc389d96;415.02;0.01;BUY
2016-03-30T00:53:30.983000;2016-03-30T00:53:31.040000;5c7767a5-845c-499a-852d-05131da85251;415.04;0.1957;BUY
2016-03-30T00:54:01.233000;2016-03-30T00:54:01.277000;29c4dcbb-f590-49e9-a763-8f55c77b5cb1;415.03;0.05;SELL
2016-03-30T00:54:01.233000;2016-03-30T00:54:01.290000;494a0b0d-5721-4014-8ae4-f55d911e8905;415.03;0.0474;SELL
2016-03-30T00:54:01.233000;2016-03-30T00:54:01.290000;dd5836d4-6772-4e56-9406-20126d638091;415.03;0.0451;SELL
2016-03-30T00:54:01.233000;2016-03-30T00:54:01.290000;129790a1-0833-422b-b1f9-b38cef666f7c;415.03;0.01;SELL
2016-03-30T00:54:01.233000;2016-03-30T00:54:01.290000;3e290da6-4291-48de-9ed5-ef5da4597bf0;415.03;0.0284;SELL
2016-03-30T00:54:01.233000;2016-03-30T00:54:01.290000;ddfc55bf-36f0-416d-bec8-fbd794034c4b;415.03;0.0326;SELL
2016-03-30T00:54:01.233000;2016-03-30T00:54:01.307000;79b44d2c-d219-4714-9c9b-8bf476c46ccf;415.03;0.0322;SELL
2016-03-30T00:54:01.233000;2016-03-30T00:54:01.307000;42d486e4-1e6c-40b3-9c07-752c2e3a02b4;415.03;0.01;SELL
2016-03-30T00:54:01.233000;2016-03-30T00:54:01.307000;f1e0e503-122b-481c-8e2c-0666189b2d41;415.03;0.0461;SELL
2016-03-30T00:54:01.233000;2016-03-30T00:54:01.307000;1394e818-ede6-46cd-a78a-0935b487c224;415.03;0.0347;SELL
2016-03-30T00:54:01.233000;2016-03-30T00:54:01.307000;dff7987b-a9aa-4c90-8225-d77ec5d111ba;415.03;0.0332;SELL
2016-03-30T00:54:01.233000;2016-03-30T00:54:01.307000;24bdcf02-c47f-4525-bdb5-d2475819757e;415.03;0.0373;SELL
2016-03-30T00:54:01.233000;2016-03-30T00:54:01.323000;630cb03b-e17b-4f09-9a2a-36b22d872e13;415.03;0.0435;SELL
2016-03-30T00:54:01.233000;2016-03-30T00:54:01.323000;958e6aa0-134b-41d3-9b3a-cd25fa88c5b8;415.03;0.0313;SELL
2016-03-30T00:54:01.233000;2016-03-30T00:54:01.323000;e92be691-5dee-427d-842a-f8239f66b78a;415.01;0.0414;SELL
2016-03-30T00:54:01.237000;2016-03-30T00:54:01.370000;57b3315f-4f75-4b54-9eae-ed88aede3d9d;415.0;0.78743;SELL
2016-03-30T00:54:31.033000;2016-03-30T00:54:31.073000;cc04fb17-d308-413b-a2c6-6ecf4d7dd2d0;415.04;0.413;BUY
2016-03-30T00:54:31.033000;2016-03-30T00:54:31.087000;3e2fa66f-ea1d-46b7-9351-f85b17f3e9ff;415.04;0.01;BUY
2016-03-30T00:54:31.033000;2016-03-30T00:54:31.087000;3155b801-09fe-4c01-86cd-aa4e5de4d2e8;415.04;2.4874;BUY
2016-03-30T00:55:01.403000;2016-03-30T00:55:01.447000;bf3a8acf-1077-4d78-b83c-41dcd1112ae2;415.04;0.62026;BUY
2016-03-30T00:55:31.380000;2016-03-30T00:55:31.417000;2c33da75-3a68-47e7-b704-ff0d0a2efac8;415.04;0.35223;BUY
2016-03-30T00:56:35.003000;2016-03-30T00:56:35.040000;878ddb7a-ebc9-4d3d-b22d-4fc4096db39a;415.04;0.18697;BUY
2016-03-30T00:57:01.297000;2016-03-30T00:57:01.337000;4549551b-58a6-4e31-8294-5f9b1b094b59;415.04;0.2147;BUY
2016-03-30T00:57:04.053000;2016-03-30T00:57:04.087000;28a76648-d526-45ef-86b6-4a352dd26244;415.04;0.05;BUY
2016-03-30T00:57:31.080000;2016-03-30T00:57:31.120000;8710f677-3de4-4259-98e6-b4029019b9b7;415.04;0.02312;BUY
2016-03-30T00:58:01.010000;2016-03-30T00:58:01.040000;5b2259de-b3fd-4a0e-b814-fc37f2046b31;415.04;0.06532;BUY
2016-03-30T00:58:01.010000;2016-03-30T00:58:01.057000;75c393ee-9d99-4599-b8d5-ae0e1116892d;415.04;0.237;BUY
2016-03-30T00:58:01.010000;2016-03-30T00:58:01.057000;38205477-0089-4f06-ab18-02f9090ed476;415.04;2.418;BUY
2016-03-30T00:58:01.010000;2016-03-30T00:58:01.057000;00693a4e-f24e-4852-9408-7b3aaf19d2ca;415.04;0.18271;BUY
2016-03-30T00:58:30.997000;2016-03-30T00:58:31.040000;b7f6c6fb-35bb-4525-b07d-cf5390efd3ba;415.03;0.01;SELL
2016-03-30T00:58:30.997000;2016-03-30T00:58:31.040000;e5a511a2-e576-4cba-9089-61084eca2f11;415.03;0.01;SELL
2016-03-30T00:58:30.997000;2016-03-30T00:58:31.057000;1f44d382-ff37-48ae-9401-04c9dbb73d1c;415.03;0.22395;SELL
2016-03-30T00:59:01.533000;2016-03-30T00:59:01.557000;53e5d501-705f-49be-a1f5-9d1270584f37;415.04;0.25;BUY
2016-03-30T00:59:01.533000;2016-03-30T00:59:01.587000;c98048ca-e3fa-47b7-a717-d1d906f72a10;415.04;0.25;BUY
2016-03-30T00:59:01.533000;2016-03-30T00:59:01.587000;f7a4c7a0-1c4a-4a87-9f1d-a933aa4eaddd;415.04;0.25;BUY
2016-03-30T00:59:01.533000;2016-03-30T00:59:01.587000;ae95e712-050b-4447-b41c-3021de863028;415.04;0.237;BUY
2016-03-30T00:59:01.533000;2016-03-30T00:59:01.587000;794dfec1-d1c3-478c-9039-3ce0dd61598a;415.04;0.236;BUY
2016-03-30T00:59:01.533000;2016-03-30T00:59:01.587000;64be7f77-95f1-4e71-89fd-6e2aa5cd93a1;415.04;0.02977;BUY
2016-03-30T00:59:31.033000;2016-03-30T00:59:31.057000;d36b44fc-a468-4bb9-8e4a-a38dc356bc15;415.04;0.20723;BUY
2016-03-30T00:59:31.033000;2016-03-30T00:59:31.073000;31536b83-9f97-4fde-a658-158abcbca37f;415.04;0.237;BUY
2016-03-30T00:59:31.033000;2016-03-30T00:59:31.073000;575a2726-01ab-4353-b0f0-149f0a836c0c;415.04;0.236;BUY
2016-03-30T00:59:31.033000;2016-03-30T00:59:31.073000;0bbcc4b8-fab3-4b48-9ad8-094c0536d136;415.04;0.01;BUY
2016-03-30T00:59:31.033000;2016-03-30T00:59:31.087000;ede9f642-32b2-46d5-94ed-f44d96bff0d2;415.04;0.25;BUY
2016-03-30T00:59:31.037000;2016-03-30T00:59:31.167000;1b85a38f-9bcf-43e4-9d97-b6bfbca9d156;415.04;0.35;BUY
2016-03-30T00:59:31.037000;2016-03-30T00:59:31.167000;df16347f-5335-4ef9-9015-930c9185289b;415.04;0.65462;BUY
2016-03-30T01:00:01.303000;2016-03-30T01:00:01.323000;8a5d1391-342d-4abe-a5da-c192fd0e0fd6;415.03;1.50292;SELL
2016-03-30T01:00:18.307000;2016-03-30T01:00:18.337000;d5a5e827-a5b1-464c-8315-cab4e6ed79df;415.04;0.02216;BUY
2016-03-30T01:00:18.310000;2016-03-30T01:00:18.353000;1f99149d-bf4e-409e-884c-be6955a38c88;415.04;0.04784;BUY
2016-03-30T01:00:31.127000;2016-03-30T01:00:31.150000;456879b7-b1f8-4b74-ac50-0e2e4059fac7;415.04;0.18;BUY
2016-03-30T01:00:31.130000;2016-03-30T01:00:31.180000;0209c706-7522-4d09-9d59-e59b1541e52d;415.04;0.237;BUY
2016-03-30T01:00:31.130000;2016-03-30T01:00:31.180000;5b46f1e3-5106-42f3-ad5e-b8c8536df78b;415.04;0.237;BUY
2016-03-30T01:00:31.130000;2016-03-30T01:00:31.180000;e5d6374b-3cd9-4cbb-9a29-21b28188ddf3;415.04;0.2;BUY
2016-03-30T01:00:31.130000;2016-03-30T01:00:31.197000;517141e6-c2f2-453a-ac36-324206f934cb;415.04;0.16869;BUY
2016-03-30T01:01:01.260000;2016-03-30T01:01:01.290000;74fbab80-6f30-48fd-ad51-a63a212a09f0;415.04;0.06731;BUY
2016-03-30T01:01:01.263000;2016-03-30T01:01:01.307000;34c0a2c4-afd8-4643-b75a-3d0604cfe7e1;415.04;0.237;BUY
2016-03-30T01:01:01.263000;2016-03-30T01:01:01.307000;ad316284-1a55-49fc-83de-627655b917a9;415.04;0.236;BUY
2016-03-30T01:01:01.263000;2016-03-30T01:01:01.307000;207a02be-fe3e-419c-b7fd-124056e00c61;415.04;0.237;BUY
2016-03-30T01:01:01.263000;2016-03-30T01:01:01.307000;40e50be1-fd67-4ec8-bb91-029d1c652442;415.04;0.25;BUY
2016-03-30T01:01:01.263000;2016-03-30T01:01:01.307000;9559ca19-539a-4488-89a2-2ebbb240bcce;415.04;0.03837;BUY
2016-03-30T01:01:31.140000;2016-03-30T01:01:31.167000;4713b10e-5c43-4bb4-a33f-ef5171e7b51c;415.04;0.21163;BUY
2016-03-30T01:01:31.140000;2016-03-30T01:01:31.180000;1d3afc98-cafb-4cf5-9c68-b4cce2de2995;415.04;0.25;BUY
2016-03-30T01:01:31.140000;2016-03-30T01:01:31.180000;d84e768b-e6a3-45a1-a1cc-bfb77496b307;415.04;0.11089;BUY
2016-03-30T01:02:01.077000;2016-03-30T01:02:01.103000;8b760ebe-53a2-4e41-8750-de50182302ce;415.03;0.01344;SELL
2016-03-30T01:02:31.037000;2016-03-30T01:02:31.057000;90df4818-cc76-41fa-86b2-5f433d2524cd;415.04;0.13911;BUY
2016-03-30T01:02:31.037000;2016-03-30T01:02:31.073000;54bafc1b-aa7e-4109-9f66-b50e1230a36b;415.04;0.11137;BUY
2016-03-30T01:03:01.033000;2016-03-30T01:03:01.057000;6a3b5137-4caf-4e30-ae00-569a5b5d3887;415.03;0.22269;SELL
2016-03-30T01:03:01.037000;2016-03-30T01:03:01.073000;0122eb02-a9b4-47b8-b622-c6454223fbd1;415.03;0.01;SELL
2016-03-30T01:03:01.037000;2016-03-30T01:03:01.073000;34f82f95-4e7d-4b06-ba44-e23f06e811df;415.03;0.01;SELL
2016-03-30T01:03:01.037000;2016-03-30T01:03:01.073000;3b22e8d3-b4b1-476d-a83f-ab29f3082a22;415.02;0.02;SELL
2016-03-30T01:03:01.037000;2016-03-30T01:03:01.073000;dc9537bf-f527-4607-80f5-edcff322cd3e;415.0;2.715522;SELL
2016-03-30T01:03:01.037000;2016-03-30T01:03:01.167000;76e6aa37-b601-4dbc-8255-3bf0df9012ac;415.0;0.01;SELL
2016-03-30T01:03:01.037000;2016-03-30T01:03:01.167000;124d0711-78b8-4f75-b0ab-c274853803ea;415.0;0.09016083;SELL
2016-03-30T01:03:01.037000;2016-03-30T01:03:01.167000;62944425-c9dd-4b03-9233-fd9df2fa9734;415.0;0.02001084;SELL
2016-03-30T01:03:01.037000;2016-03-30T01:03:01.167000;a8abe34b-1596-4ee0-8004-69c08fb9de9c;415.0;0.5;SELL
2016-03-30T01:03:01.037000;2016-03-30T01:03:01.167000;51184ba8-5e36-4f9a-8755-bc8a03672a3f;415.0;0.1;SELL
2016-03-30T01:03:01.037000;2016-03-30T01:03:01.167000;51878d96-35c7-4fd1-b122-de5fb91bc252;415.0;0.0125;SELL
2016-03-30T01:03:01.037000;2016-03-30T01:03:01.167000;9b34e6ad-f016-463d-b087-683ffcea667d;414.97;0.126;SELL
2016-03-30T01:03:01.037000;2016-03-30T01:03:01.167000;0dd51992-0227-4d7f-b027-20ac0f80d76b;414.93;0.01;SELL
2016-03-30T01:03:01.037000;2016-03-30T01:03:01.167000;b22bf50b-b654-45c2-82c9-68c51397d5c0;414.92;0.07855411;SELL
2016-03-30T01:03:01.037000;2016-03-30T01:03:01.167000;67ae2403-ad7a-4ba8-8d3a-6648130e5dad;414.92;0.5;SELL
2016-03-30T01:03:01.037000;2016-03-30T01:03:01.167000;d15decff-8933-4ed5-913c-789b96933a3b;414.92;0.117;SELL
2016-03-30T01:03:01.037000;2016-03-30T01:03:01.167000;aedefb9d-1e39-491a-ad99-32d81b398cc2;414.91;0.01;SELL
2016-03-30T01:03:01.037000;2016-03-30T01:03:01.167000;c390f22c-8b5f-4f0a-996b-0a0cc09141f4;414.9;0.02001085;SELL
2016-03-30T01:03:01.037000;2016-03-30T01:03:01.167000;f620ab58-70d8-4e09-a004-0d72021a24b9;414.9;0.31865764;SELL
2016-03-30T01:03:01.037000;2016-03-30T01:03:01.167000;c2abb4aa-ca15-4277-8b1c-c116713a7828;414.9;0.5;SELL
2016-03-30T01:03:01.037000;2016-03-30T01:03:01.167000;5cbf35d1-8dc9-4871-880e-682ca1e98d09;414.9;0.5;SELL
2016-03-30T01:03:01.037000;2016-03-30T01:03:01.167000;00aa1021-69b1-4f18-a1fb-5a206b79b055;414.9;0.5;SELL
2016-03-30T01:03:01.037000;2016-03-30T01:03:01.167000;4fd718e1-11ef-416c-b0a3-add90f4acf17;414.9;0.35;SELL
2016-03-30T01:03:01.040000;2016-03-30T01:03:01.167000;3859e58d-1d73-4307-b6b8-4c41b3a6156d;414.88;0.01949369;SELL
2016-03-30T01:03:01.040000;2016-03-30T01:03:01.167000;4015696a-d832-4d1c-8e19-30e37a5679b8;414.87;0.2099066;SELL
2016-03-30T01:03:01.040000;2016-03-30T01:03:01.167000;bf949d0a-509f-48ce-b5df-1442eae44f45;414.87;0.076;SELL
2016-03-30T01:03:01.040000;2016-03-30T01:03:01.167000;d34e3ca6-b787-47d9-8e24-277c2cb8dec6;414.86;0.18203926;SELL
2016-03-30T01:03:01.040000;2016-03-30T01:03:01.167000;9563401c-25c4-4caa-a82c-d601d975ccce;414.85;0.02;SELL
2016-03-30T01:03:01.040000;2016-03-30T01:03:01.167000;876c250f-dae4-4619-8407-b85eb6c13243;414.85;0.01;SELL
2016-03-30T01:03:01.040000;2016-03-30T01:03:01.167000;bad5251b-8327-4f1d-8cf2-1f03280d7234;414.83;0.01;SELL
2016-03-30T01:03:01.040000;2016-03-30T01:03:01.167000;f7770238-86f2-47df-a3c9-28649660cbad;414.82;0.51549279;SELL
2016-03-30T01:03:01.040000;2016-03-30T01:03:01.167000;186b25ff-50d5-45e4-8716-7c3400eb18aa;414.82;0.092;SELL
2016-03-30T01:03:01.040000;2016-03-30T01:03:01.167000;27e350be-65a8-4e0c-bf45-b5077c269303;414.81;0.51550281;SELL
2016-03-30T01:03:01.040000;2016-03-30T01:03:01.167000;48ac60ab-0ede-43b9-8ea7-f1fe7e7005cf;414.8;0.1;SELL
2016-03-30T01:03:01.040000;2016-03-30T01:03:01.167000;ec2533a2-47a7-4011-8771-be992ab27d4a;414.8;0.02001085;SELL
2016-03-30T01:03:01.040000;2016-03-30T01:03:01.167000;f72fb1e1-aa9c-4304-82f2-863d57f67343;414.77;0.121;SELL
2016-03-30T01:03:01.040000;2016-03-30T01:03:01.167000;3b302b09-2cb8-432b-a68b-cf252f6d3f4b;414.73;0.01;SELL
2016-03-30T01:03:01.040000;2016-03-30T01:03:01.180000;85651ec1-c304-46ab-b0c7-50c023f7635d;414.72;0.122;SELL
2016-03-30T01:03:01.040000;2016-03-30T01:03:01.243000;f25d28a7-3f7a-4783-954a-560400f035a9;414.7;0.02003498;SELL
2016-03-30T01:03:01.040000;2016-03-30T01:03:01.260000;40917cc1-d0db-441f-828f-ea7da19d1892;414.67;0.076;SELL
2016-03-30T01:03:01.040000;2016-03-30T01:03:01.260000;fb7fecc2-ac77-4026-bba4-5823c8c226cd;414.66;0.20017;SELL
2016-03-30T01:03:01.040000;2016-03-30T01:03:01.260000;84fe14dd-cb50-4411-80f3-d0b4f671e101;414.62;0.124;SELL
2016-03-30T01:03:01.040000;2016-03-30T01:03:01.260000;ed0955e2-0f4f-4315-933d-64b725da8843;414.6;0.1;SELL
2016-03-30T01:03:01.040000;2016-03-30T01:03:01.260000;dab8298a-98dd-4d67-a66b-d6fdaca647d1;414.6;0.02001085;SELL
2016-03-30T01:03:01.043000;2016-03-30T01:03:01.260000;9a39be42-3707-4331-ace9-d7c373d03640;414.58;0.01897342;SELL
2016-03-30T01:03:01.043000;2016-03-30T01:03:01.260000;8a7dba6b-75ba-4087-b85e-686d7b9092d7;414.58;0.8;SELL
2016-03-30T01:03:01.043000;2016-03-30T01:03:01.260000;0dee29d6-038b-48c7-afda-0559ce6bef49;414.57;0.126;SELL
2016-03-30T01:03:01.043000;2016-03-30T01:03:01.260000;4f756429-ee50-4623-b282-e97fa5417ac1;414.56;2.2;SELL
2016-03-30T01:03:01.043000;2016-03-30T01:03:01.260000;159b5720-b02b-484f-9320-ecb05e08682d;414.55;0.8;SELL
2016-03-30T01:03:01.043000;2016-03-30T01:03:01.260000;9427b302-74df-4130-809f-c92b496e1611;414.54;1.8;SELL
2016-03-30T01:03:01.043000;2016-03-30T01:03:01.260000;23e93340-d9c3-4386-a703-1a07e16c9989;414.53;0.04262312;SELL
2016-03-30T01:03:01.043000;2016-03-30T01:03:01.260000;85f8e631-12fa-4cbb-8bfe-84b562b231a6;414.53;0.01057588;SELL
2016-03-30T01:03:01.043000;2016-03-30T01:03:01.260000;47563c6c-fd3c-4efd-bfe4-b1f646b81a8b;414.53;0.01057588;SELL
2016-03-30T01:03:01.043000;2016-03-30T01:03:01.260000;94318e77-0051-421c-a76e-6b75d5daac40;414.53;1.6;SELL
2016-03-30T01:03:01.043000;2016-03-30T01:03:01.260000;2b1b98b0-45ef-49f6-ad54-69c90378666e;414.52;0.093;SELL
2016-03-30T01:03:01.043000;2016-03-30T01:03:01.260000;08ba6b0f-aa77-4cba-947f-453e57175834;414.51;2.4;SELL
2016-03-30T01:03:01.043000;2016-03-30T01:03:01.260000;b100ebf4-c21c-48a4-8e3f-2251af54bdd4;414.5;0.02001086;SELL
2016-03-30T01:03:01.043000;2016-03-30T01:03:01.260000;c48b44e4-b7c5-4399-a5f7-1978f743a7da;414.5;0.09021387;SELL
2016-03-30T01:03:01.043000;2016-03-30T01:03:01.260000;37205890-e6d3-4e59-a2de-60d2854d7529;414.49;2.2;SELL
2016-03-30T01:03:01.043000;2016-03-30T01:03:01.260000;16d22f3a-f4aa-47b6-bd37-0bb0f4942892;414.48;0.04398887;SELL
2016-03-30T01:04:02.077000;2016-03-30T01:04:02.087000;4189f280-a647-4f6a-9a63-c178347a527f;414.9;0.01;BUY
2016-03-30T01:04:15.737000;2016-03-30T01:04:15.743000;b0ab0d0a-ea9c-44e4-8748-d203ee8e68e9;414.9;0.27177733;BUY
2016-03-30T01:04:31.137000;2016-03-30T01:04:31.150000;72c7c26b-3743-4259-b9b6-65f5cbb48f15;414.9;2.65746;BUY
2016-03-30T01:05:02.877000;2016-03-30T01:05:02.900000;aa971a02-865d-42a7-96e5-aca7c44513c3;414.9;0.421;BUY
2016-03-30T01:05:02.880000;2016-03-30T01:05:02.917000;ac3fa4f4-8f1d-4d6a-8f55-16074e554167;414.9;0.01;BUY
2016-03-30T01:05:02.880000;2016-03-30T01:05:02.917000;968646de-713f-4b18-bea1-fbf97254306a;414.9;0.237;BUY
2016-03-30T01:05:02.880000;2016-03-30T01:05:02.917000;1685a234-2bee-47d1-84d4-026baa06e08b;414.9;0.25;BUY
2016-03-30T01:05:02.880000;2016-03-30T01:05:02.917000;d0978f79-9ed4-4bf2-825d-dbc75b27ea32;414.9;0.25;BUY
2016-03-30T01:05:02.880000;2016-03-30T01:05:02.917000;aa5d827f-55f3-4173-b999-8b8302a2f818;414.9;0.13863;BUY
2016-03-30T01:05:02.880000;2016-03-30T01:05:02.933000;8d65a298-4925-47b5-9e3b-f98b52d4eecd;414.9;0.25;BUY
2016-03-30T01:05:02.880000;2016-03-30T01:05:02.933000;5a8485db-9373-4e96-9dd7-c3cc575eeb04;414.9;0.25;BUY
2016-03-30T01:05:02.880000;2016-03-30T01:05:02.933000;5cd02306-8910-47d6-b6d7-92fc1010b699;414.9;0.242;BUY
2016-03-30T01:05:02.880000;2016-03-30T01:05:02.933000;9a3334ec-5246-4653-9b17-3a6b1df0d5ae;414.9;0.35;BUY
2016-03-30T01:05:02.880000;2016-03-30T01:05:02.933000;5f3847c5-047d-45d7-99e0-68b4fc4b1b23;414.9;0.236;BUY
2016-03-30T01:05:02.880000;2016-03-30T01:05:02.933000;328f3734-cd35-4d96-b084-045beb7b40c8;414.9;0.242;BUY
2016-03-30T01:05:02.880000;2016-03-30T01:05:02.933000;dce1d2e7-8ed4-40aa-87f0-b800cf1f9ccb;414.9;0.24;BUY
2016-03-30T01:05:02.880000;2016-03-30T01:05:02.947000;9a3d2cd1-6136-43e6-a1e4-cef4f8f56a80;414.9;0.238;BUY
2016-03-30T01:05:02.880000;2016-03-30T01:05:02.963000;b1faa7f2-525a-4034-9767-bbe574387ef1;414.9;0.239;BUY
2016-03-30T01:05:02.880000;2016-03-30T01:05:02.963000;eb94e763-e0ee-4b0c-b808-89a380a750c6;414.9;0.237;BUY
2016-03-30T01:05:02.880000;2016-03-30T01:05:02.963000;7a490424-0790-4932-afcd-e9df21be7ed9;414.9;0.237;BUY
2016-03-30T01:05:02.880000;2016-03-30T01:05:02.963000;96812ab1-4cc5-47cc-8728-a272b9ad331f;414.9;0.238;BUY
2016-03-30T01:05:02.880000;2016-03-30T01:05:02.963000;1a31824a-e6c9-4959-bc03-e4f48eb3dbc0;414.9;0.237;BUY
2016-03-30T01:05:02.880000;2016-03-30T01:05:02.963000;1464a851-c724-45f3-b0bb-58fcb2a50437;414.9;0.237;BUY
2016-03-30T01:05:02.880000;2016-03-30T01:05:02.963000;e38dd0d2-ccd3-4a1c-a4cb-fdfa796e19de;414.9;0.237;BUY
2016-03-30T01:05:02.880000;2016-03-30T01:05:02.963000;83de457b-d442-4d79-af12-f2ea07cdd674;414.9;0.237;BUY
2016-03-30T01:05:02.880000;2016-03-30T01:05:02.993000;82568e4c-8232-4591-96b9-ed9900bec834;414.9;0.237;BUY
2016-03-30T01:05:02.880000;2016-03-30T01:05:03.010000;a9d620c6-8d2e-4d1c-bda2-e3be3be4c4a5;414.9;0.237;BUY
2016-03-30T01:05:02.883000;2016-03-30T01:05:03.010000;7c2c95d1-f2fc-492c-8f77-b505fd47cba5;414.9;0.236;BUY
2016-03-30T01:05:02.883000;2016-03-30T01:05:03.010000;784dd393-0436-44ed-bfc0-0c061bcd2706;414.9;0.237;BUY
2016-03-30T01:05:02.883000;2016-03-30T01:05:03.010000;39e71650-0ddb-4f94-b3f1-cff7aa83bd6f;414.9;0.237;BUY
2016-03-30T01:05:02.883000;2016-03-30T01:05:03.010000;8c2a977c-5626-4340-b640-d0136b82de1a;414.9;0.237;BUY
2016-03-30T01:05:02.883000;2016-03-30T01:05:03.010000;f0f4c00c-2380-4da9-80b3-7e4ba4eca080;414.9;0.35;BUY
2016-03-30T01:05:02.883000;2016-03-30T01:05:03.010000;56265e5f-0d28-4bca-a6f8-53a1a35ce836;414.9;0.238;BUY
2016-03-30T01:05:02.883000;2016-03-30T01:05:03.010000;4830c5b6-dc7d-4372-8d26-5f05c920e2d2;414.9;0.35;BUY
2016-03-30T01:05:02.883000;2016-03-30T01:05:03.010000;e9e4527a-0878-45c1-9915-916ae741dab8;414.9;0.02444;BUY
2016-03-30T01:05:36.710000;2016-03-30T01:05:36.730000;f819b810-31d1-4c90-b8dd-907045b1c91c;414.9;0.21477;BUY
2016-03-30T01:06:01.070000;2016-03-30T01:06:01.087000;7c4b6dbf-38fa-4286-a45c-eaeba4c96971;414.9;0.13523;BUY
2016-03-30T01:06:01.070000;2016-03-30T01:06:01.103000;9b17b7fa-38ce-4d81-b906-d0f6c9006a3d;414.9;0.04376;BUY
2016-03-30T01:06:33.223000;2016-03-30T01:06:33.230000;a387c479-79d1-4a92-bffd-6b40540d20b5;414.89;0.01;SELL
2016-03-30T01:06:33.223000;2016-03-30T01:06:33.277000;deee2d9c-7cd3-4845-8514-615ad132c9de;414.87;0.01;SELL
2016-03-30T01:06:33.223000;2016-03-30T01:06:33.277000;fc168913-1b77-4775-8c09-a0bef208b1d0;414.86;0.01;SELL
2016-03-30T01:06:33.223000;2016-03-30T01:06:33.277000;81c20ffb-4728-47b5-a90b-4119464c5804;414.85;0.01;SELL
2016-03-30T01:06:33.223000;2016-03-30T01:06:33.277000;0acb8162-0b6b-4cfb-a2ad-a911c1431d97;414.84;0.02;SELL
2016-03-30T01:06:33.223000;2016-03-30T01:06:33.337000;fb278aee-4b92-4e2c-bf0b-7dba051b60a8;414.83;0.113;SELL
2016-03-30T01:06:33.223000;2016-03-30T01:06:33.353000;48617687-7f32-4544-a077-c81d22281e1e;414.78;0.108;SELL
2016-03-30T01:06:33.223000;2016-03-30T01:06:33.353000;badb9208-eec9-4b78-ad49-2f3120537545;414.73;0.108;SELL
2016-03-30T01:06:33.223000;2016-03-30T01:06:33.353000;44e99376-18f4-4fe0-b1e5-d3df874a8370;414.72;0.01;SELL
2016-03-30T01:06:33.223000;2016-03-30T01:06:33.353000;f2212eb9-2f11-4c4c-b111-4ced6d251274;414.68;0.104;SELL
2016-03-30T01:06:33.223000;2016-03-30T01:06:33.353000;1d1d827c-ac90-41f8-be0b-2c4d4d7fe086;414.63;0.76495;SELL
2016-03-30T01:06:35.397000;2016-03-30T01:06:35.417000;f788b900-4710-4092-922e-fc2820b31344;414.84;0.02;SELL
2016-03-30T01:06:35.397000;2016-03-30T01:06:35.417000;e4be8ec8-9059-4389-92d2-2ec02f5d6e46;414.73;0.067;SELL
2016-03-30T01:06:46.507000;2016-03-30T01:06:46.527000;22c27b5e-d031-405e-921c-9aa6ea090499;414.81;0.03;BUY
2016-03-30T01:07:01.047000;2016-03-30T01:07:01.057000;d837e76d-54c8-46cb-a295-4dab8ff7e677;414.77;0.01;BUY
2016-03-30T01:07:01.047000;2016-03-30T01:07:01.073000;3150b960-446a-48f7-b0f3-6277c791c775;414.77;1.33626;BUY
2016-03-30T01:07:14.737000;2016-03-30T01:07:14.743000;71aaf2c1-0b78-45b8-a715-25fb413b402c;414.77;0.01;BUY
2016-03-30T01:07:31.080000;2016-03-30T01:07:31.087000;21cc8588-ad62-44e2-be5f-169c3c0da8bf;414.76;0.0163;SELL
2016-03-30T01:07:31.083000;2016-03-30T01:07:31.103000;9052fa58-5ef3-40f5-ac0a-ba23d5903e90;414.76;0.0393;SELL
2016-03-30T01:07:31.083000;2016-03-30T01:07:31.103000;1c78b0f8-546d-4ae6-bc97-3413a84629a1;414.76;0.0342;SELL
2016-03-30T01:07:31.083000;2016-03-30T01:07:31.103000;640e386d-8875-4ca7-aa24-8be1be968953;414.76;0.0295;SELL
2016-03-30T01:07:31.083000;2016-03-30T01:07:31.103000;89748fe4-6d31-4ee9-8650-a570b8771a7c;414.76;0.0196;SELL
2016-03-30T01:07:31.083000;2016-03-30T01:07:31.197000;85078244-69b8-4fec-a7a7-5c068dfbc81b;414.76;0.0173;SELL
2016-03-30T01:07:31.083000;2016-03-30T01:07:31.197000;72a63867-34eb-490d-89f1-33e4117dd7f4;414.76;0.0228;SELL
2016-03-30T01:07:31.083000;2016-03-30T01:07:31.197000;fa6b75c4-9257-4173-ac87-a1787223e3d4;414.76;0.0235;SELL
2016-03-30T01:07:31.083000;2016-03-30T01:07:31.197000;562ee722-19d7-4133-9120-308ade051501;414.76;0.0235;SELL
2016-03-30T01:07:31.083000;2016-03-30T01:07:31.197000;f0af6fde-64c7-4303-a380-216492f22f68;414.76;0.0168;SELL
2016-03-30T01:07:31.083000;2016-03-30T01:07:31.197000;bce2a237-9ba4-4dfb-90fa-067b1c57fb9a;414.75;0.01;SELL
2016-03-30T01:07:31.083000;2016-03-30T01:07:31.197000;0b3d4cda-56dc-4afd-8e94-815d7ac1863d;414.73;0.01;SELL
2016-03-30T01:07:31.083000;2016-03-30T01:07:31.197000;5e31170e-7003-4f21-a70c-69309291642b;414.72;0.01;SELL
2016-03-30T01:07:31.083000;2016-03-30T01:07:31.197000;a8bb7377-f8be-467a-9d9a-714b6947a859;414.72;0.08;SELL
2016-03-30T01:07:31.083000;2016-03-30T01:07:31.197000;c2cf50f9-de7a-462e-b15b-6b1201478ac2;414.67;0.078;SELL
2016-03-30T01:07:31.083000;2016-03-30T01:07:31.197000;79395d90-eb75-4cbf-866f-e7b13d05add8;414.64;0.02;SELL
2016-03-30T01:07:31.083000;2016-03-30T01:07:31.197000;b7068644-690e-4cf5-9df2-c7ae1a6f0b5f;414.64;7.19166;SELL
2016-03-30T01:07:31.083000;2016-03-30T01:07:31.197000;82d62b25-ba41-4a57-acdf-9c384e42ea0f;414.62;0.126;SELL
2016-03-30T01:07:31.083000;2016-03-30T01:07:31.197000;6bd16f1a-55b8-4681-83ac-90c47f1e93a3;414.57;0.077;SELL
2016-03-30T01:07:31.083000;2016-03-30T01:07:31.197000;f791ce8b-7707-49fa-9d08-8dd151fd38fe;414.53;2.987;SELL
2016-03-30T01:07:31.083000;2016-03-30T01:07:31.197000;314e6f91-bb35-410e-b353-3066ed620591;414.52;0.105;SELL
2016-03-30T01:07:31.083000;2016-03-30T01:07:31.197000;4563c811-9311-4ffb-95de-ede6a6e7a2d1;414.49;2.592;SELL
2016-03-30T01:07:31.087000;2016-03-30T01:07:31.197000;474db553-b72c-453a-8a8d-c97e9993f3ec;414.48;0.60593026;SELL
2016-03-30T01:07:31.087000;2016-03-30T01:07:31.197000;60106a84-13bb-4483-84bd-5fa0c39e1e3f;414.48;0.17180256;SELL
2016-03-30T01:07:31.087000;2016-03-30T01:07:31.197000;466666bd-d6f1-46ff-8d82-67b03e06d0ad;414.48;1.63339718;SELL
2016-03-30T01:08:01.267000;2016-03-30T01:08:01.323000;9999b72a-f759-4d54-92af-5a1a3bb69a47;414.69;0.30999;BUY
2016-03-30T01:08:31.620000;2016-03-30T01:08:31.667000;0b1e9370-f59f-473c-ae9d-3aea5a3daaab;414.66;0.01;SELL
2016-03-30T01:08:31.620000;2016-03-30T01:08:31.683000;d7419a9a-9b5e-4f14-b2f9-8daa75f5424e;414.64;0.02;SELL
2016-03-30T01:08:31.623000;2016-03-30T01:08:31.683000;454cbecc-2563-4597-ac20-324bc02a074c;414.62;0.119;SELL
2016-03-30T01:08:31.623000;2016-03-30T01:08:31.683000;f7e53ce4-976e-42e9-80b0-7b1458353a0a;414.57;0.075;SELL
2016-03-30T01:08:31.623000;2016-03-30T01:08:31.683000;e8dcfae6-59a9-4913-9dfa-4f3beb8bd0e9;414.48;0.36660282;SELL
2016-03-30T01:08:31.623000;2016-03-30T01:08:31.683000;10c19b71-8392-4c8b-bd64-cde38067aa34;414.48;0.117;SELL
2016-03-30T01:08:31.623000;2016-03-30T01:08:31.700000;3bb58654-9ec4-4a82-8eb5-6024a7c7e051;414.46;0.01;SELL
2016-03-30T01:08:31.623000;2016-03-30T01:08:31.700000;86ab76c2-870b-4c10-8418-573bf0f2e2d9;414.44;0.19206718;SELL
2016-03-30T01:09:01.160000;2016-03-30T01:09:01.217000;8cb67947-3bed-4767-a34d-37c1622bd924;414.64;0.02;SELL
2016-03-30T01:09:01.160000;2016-03-30T01:09:01.230000;3cf22abc-b5be-40b0-bc14-3ccba84b8104;414.58;0.111;SELL
2016-03-30T01:09:01.160000;2016-03-30T01:09:01.230000;6b65d822-f4be-4ca7-9951-7cbcb531cd81;414.54;0.01;SELL
2016-03-30T01:09:01.160000;2016-03-30T01:09:01.230000;21995bab-74b1-4fd4-bb22-48ef3f17a8bd;414.53;0.085;SELL
2016-03-30T01:09:01.160000;2016-03-30T01:09:01.230000;0e9a239f-aaf7-44fe-aa66-30b492f30290;414.49;0.01;SELL
2016-03-30T01:09:01.160000;2016-03-30T01:09:01.323000;8d5b7ea4-cb63-4a30-80d5-237b52b7f968;414.49;0.35;SELL
2016-03-30T01:09:01.160000;2016-03-30T01:09:01.323000;56766a2c-576e-48bc-8b92-187762ff68e1;414.48;0.108;SELL
2016-03-30T01:09:01.160000;2016-03-30T01:09:01.323000;417cb967-7f56-4e53-8c8d-9057b5f9ffad;414.43;0.085;SELL
2016-03-30T01:09:01.160000;2016-03-30T01:09:01.323000;05bd54d5-f99e-48dd-b297-79b7c7e764ec;414.43;2.567;SELL
2016-03-30T01:09:01.160000;2016-03-30T01:09:01.323000;310ec182-4d3f-48f2-894e-ef088553a5cd;414.4;0.1;SELL
2016-03-30T01:09:01.160000;2016-03-30T01:09:01.323000;4623c11a-d46b-44e7-8f96-c8e99378c1ae;414.4;0.02001086;SELL
2016-03-30T01:09:01.163000;2016-03-30T01:09:01.323000;f1a6429a-ee40-4bf0-841b-83fd5b8c7b32;414.39;0.07649965;SELL
2016-03-30T01:09:01.163000;2016-03-30T01:09:01.323000;94712e52-22a7-4f8e-b938-431bbe804dfb;414.39;0.02;SELL
2016-03-30T01:09:01.163000;2016-03-30T01:09:01.323000;379d44a3-8f20-45a5-af49-0ac27eb6954c;414.39;0.31811949;SELL
2016-03-30T01:09:32.650000;2016-03-30T01:09:32.700000;0588d75b-e692-48a0-8e01-7b9fe5e8d723;414.58;0.01;BUY
2016-03-30T01:09:32.650000;2016-03-30T01:09:32.717000;2149d1d3-6123-43b6-b770-191b1f219176;414.58;0.01177;BUY
2016-03-30T01:10:01.617000;2016-03-30T01:10:01.670000;b5f8b680-ea38-4de0-b3ef-7d7b41367837;414.58;0.48823;BUY
2016-03-30T01:10:01.620000;2016-03-30T01:10:01.683000;f6a9e1c4-8e16-4c8c-b8d9-44b6f67b2db3;414.58;0.35;BUY
2016-03-30T01:10:01.620000;2016-03-30T01:10:01.683000;6b34ad0f-d773-4bb2-bfbf-560aab9ca996;414.58;0.35;BUY
2016-03-30T01:10:01.620000;2016-03-30T01:10:01.683000;257bb016-e7a3-4613-a682-d3cd360054da;414.58;0.05059;BUY
2016-03-30T01:10:02.323000;2016-03-30T01:10:02.370000;bbb3193f-2792-472d-8140-75e65ccfb32b;414.58;0.01;BUY
2016-03-30T01:10:39.057000;2016-03-30T01:10:39.107000;825209e2-f116-4a21-b3a7-cc7dd3d38af3;414.58;0.28941;BUY
2016-03-30T01:10:39.057000;2016-03-30T01:10:39.137000;0cbe8ad7-d5db-4aaf-9874-2735acd1debd;414.58;0.5;BUY
2016-03-30T01:10:39.057000;2016-03-30T01:10:39.137000;f35be79b-55e9-474c-aa01-1631637d71ff;414.58;0.5;BUY
2016-03-30T01:10:39.057000;2016-03-30T01:10:39.137000;97480984-797d-4f93-afa8-2e05d1366d0a;414.58;0.34;BUY
2016-03-30T01:10:39.057000;2016-03-30T01:10:39.137000;725487d6-9140-417d-9034-2fec42b52dd9;414.58;0.07901;BUY
2016-03-30T01:11:01.823000;2016-03-30T01:11:01.870000;5dd16cc4-78f3-46b5-93db-4f4f92bc57d6;414.58;0.27099;BUY
2016-03-30T01:11:01.823000;2016-03-30T01:11:01.887000;68bb4630-c1f2-44ed-b992-85858ea7ee00;414.58;0.21859;BUY
2016-03-30T01:11:31.097000;2016-03-30T01:11:31.137000;941a1f33-c4b4-4a60-9041-41ef66548ba3;414.58;0.28141;BUY
2016-03-30T01:11:31.100000;2016-03-30T01:11:31.153000;ae330ece-ac0e-4291-9f56-9345b3ee55f9;414.58;0.19623;BUY
2016-03-30T01:11:35.443000;2016-03-30T01:11:35.497000;87f475bc-6e33-48f4-a621-83fd52dc5e4a;414.58;0.01147133;BUY
2016-03-30T01:11:35.447000;2016-03-30T01:11:35.513000;83370c4a-f307-4442-b013-7251e9997205;414.58;0.02852867;BUY
2016-03-30T01:12:01.060000;2016-03-30T01:12:01.107000;ff64a171-62f5-4274-8c64-3950fbce213f;414.58;0.11377;BUY
2016-03-30T01:12:01.060000;2016-03-30T01:12:01.120000;5b3ffe2a-2985-4444-9f4d-e94e365493bc;414.58;0.35;BUY
2016-03-30T01:12:01.060000;2016-03-30T01:12:01.120000;62d0e620-5cac-444a-b2e7-4624b576a4d2;414.58;0.01;BUY
2016-03-30T01:12:01.060000;2016-03-30T01:12:01.120000;b433d78a-6f61-4322-87d6-4693e5907f23;414.58;0.5;BUY
2016-03-30T01:12:01.060000;2016-03-30T01:12:01.120000;4edd63a1-96da-41bb-b6bb-cb2f48666c14;414.58;0.17698;BUY
2016-03-30T01:12:31.903000;2016-03-30T01:12:31.950000;59ef479d-a1ba-45ab-9479-6d2da2c40962;414.57;0.0199;SELL
2016-03-30T01:12:31.903000;2016-03-30T01:12:31.967000;162acf7e-090a-44e2-a9a6-cb7bc1be411c;414.57;0.0215;SELL
2016-03-30T01:12:31.903000;2016-03-30T01:12:31.967000;08f18750-6ff6-4af2-b3cf-1c4e703a60c6;414.57;0.0177;SELL
2016-03-30T01:12:31.903000;2016-03-30T01:12:31.967000;f35aea44-fb2d-43e8-8d41-493f9c382c0d;414.57;0.0308;SELL
2016-03-30T01:12:31.903000;2016-03-30T01:12:31.967000;f1bd5ccf-f4e3-437b-8da0-af7a0553c4ca;414.55;0.01;SELL
2016-03-30T01:12:31.903000;2016-03-30T01:12:32.043000;c9c8d004-0736-4a0d-b80d-af47d14b4517;414.55;0.51983;SELL
2016-03-30T01:13:01.427000;2016-03-30T01:13:01.467000;c0b2eff8-d0ec-4c62-9bcc-775fe8ffd360;414.58;0.28499;BUY
2016-03-30T01:13:54.873000;2016-03-30T01:13:54.920000;e975a3a6-9052-40bf-a0cc-147d78b80370;414.58;0.03;BUY
2016-03-30T01:14:01.063000;2016-03-30T01:14:01.107000;585c692e-21ee-4667-8de8-d9df1d4edbed;414.58;0.00803;BUY
2016-03-30T01:14:01.063000;2016-03-30T01:14:01.120000;2e8bb0c8-2652-4e4b-9878-29c374bfb943;414.58;0.24843;BUY
2016-03-30T01:14:13.770000;2016-03-30T01:14:13.810000;56b2e504-e288-417c-8fa7-3e4f92ab6e25;414.58;0.02726017;BUY
2016-03-30T01:14:31.130000;2016-03-30T01:14:31.170000;43c9077c-2f02-4848-9473-a4615569c165;414.57;0.06074;SELL
2016-03-30T01:15:01.127000;2016-03-30T01:15:01.170000;0b384fdc-5e55-4c36-8592-5390e247ce4b;414.58;0.22430983;BUY
2016-03-30T01:15:01.127000;2016-03-30T01:15:01.183000;f62e08a3-3679-4f41-b940-7ed520b6747f;414.58;0.238;BUY
2016-03-30T01:15:01.127000;2016-03-30T01:15:01.183000;a68e9ea3-28cd-4eeb-8821-6a671358a46f;414.58;0.237;BUY
2016-03-30T01:15:01.127000;2016-03-30T01:15:01.183000;a37d1892-8cb7-4d18-9633-0814a67688eb;414.58;0.24;BUY
2016-03-30T01:15:01.127000;2016-03-30T01:15:01.183000;dfce3b97-44f7-4c3d-8ba4-6516000ddcff;414.58;0.239;BUY
2016-03-30T01:15:01.127000;2016-03-30T01:15:01.200000;2180e348-f3d1-4ac7-8fd1-e88f7cf1c732;414.58;0.237;BUY
2016-03-30T01:15:01.127000;2016-03-30T01:15:01.200000;a5a5a58f-f78d-403d-b7e1-7a3275b64ed6;414.58;0.239;BUY
2016-03-30T01:15:01.127000;2016-03-30T01:15:01.200000;c70d7e09-b23f-4d60-b1f1-e4bd00158725;414.58;0.5;BUY
2016-03-30T01:15:01.127000;2016-03-30T01:15:01.200000;9e90a087-5664-415c-93de-54cd3a8e41c5;414.58;0.5;BUY
2016-03-30T01:15:01.127000;2016-03-30T01:15:01.200000;3344e45b-a58a-4fe1-ab43-4a0343772b3a;414.58;0.30499017;BUY
2016-03-30T01:15:15.613000;2016-03-30T01:15:15.653000;985837f6-1172-46c8-86d2-8e1e55e76642;414.58;0.075;BUY
2016-03-30T01:15:15.627000;2016-03-30T01:15:15.683000;848a9205-ca03-4585-89af-e834b211357a;414.58;0.0425;BUY
2016-03-30T01:15:15.640000;2016-03-30T01:15:15.683000;62a7ee18-9663-4147-bf6e-34633dcf9f2c;414.58;0.01778057;BUY
2016-03-30T01:15:15.660000;2016-03-30T01:15:15.700000;a12598a3-04af-4b71-a46d-49c8b2c097cf;414.58;0.05972926;BUY
2016-03-30T01:15:15.660000;2016-03-30T01:15:15.717000;43e2fa3b-205f-48a6-a155-4b66a0a90b26;414.58;0.00027074;BUY
2016-03-30T01:15:15.670000;2016-03-30T01:15:15.717000;0fdcd3eb-0126-4de3-a62b-5695a3ab6167;414.58;0.05676;BUY
2016-03-30T01:15:29.390000;2016-03-30T01:15:29.420000;e407868a-be70-4276-9eaf-a7a3507bc26b;414.58;0.03;BUY
2016-03-30T01:15:31.143000;2016-03-30T01:15:31.183000;a36119cb-79dc-4916-b7b9-012e8db35b2a;414.58;0.16494;BUY
2016-03-30T01:16:01.060000;2016-03-30T01:16:01.090000;79a06eb2-7557-4ae2-98c7-36baddc91ddd;414.57;0.26;SELL
2016-03-30T01:17:01.107000;2016-03-30T01:17:01.137000;df647b54-7222-4fc9-9ae7-ff1222112e24;414.57;0.14371;SELL
2016-03-30T01:17:04.423000;2016-03-30T01:17:04.467000;13bee274-240a-49f3-b2a6-40dd9bf58243;414.58;0.05;BUY
2016-03-30T01:17:04.430000;2016-03-30T01:17:04.467000;6c1da023-1867-4e41-ad43-bb602bbd0834;414.58;0.05460328;BUY
2016-03-30T01:17:33.697000;2016-03-30T01:17:33.730000;1c095cb6-d686-404e-b326-c2e8e62defd1;414.58;0.14342598;BUY
2016-03-30T01:17:33.697000;2016-03-30T01:17:33.730000;f0f5d2a8-6a51-415f-be14-71628b643f67;414.58;0.01;BUY
2016-03-30T01:17:33.697000;2016-03-30T01:17:33.730000;30ad54a1-21ee-4d7a-a25b-b60537552ef7;414.58;0.5;BUY
2016-03-30T01:17:33.697000;2016-03-30T01:17:33.730000;c6df9416-3079-4c25-a39a-8a3514f3dfb4;414.58;0.5;BUY
2016-03-30T01:17:33.697000;2016-03-30T01:17:33.763000;2205d657-b1da-43e6-bc30-e82dc88d58b7;414.58;0.18657402;BUY
2016-03-30T01:18:01.180000;2016-03-30T01:18:01.217000;ddfc6b69-ebbf-45d0-b664-f4807c817ae2;414.58;0.31342598;BUY
2016-03-30T01:18:01.180000;2016-03-30T01:18:01.230000;293007c8-206e-4985-8a53-0230fd7ad7b5;414.58;0.5;BUY
2016-03-30T01:18:01.180000;2016-03-30T01:18:01.230000;a88f37c7-c3c8-4077-b13c-10d6043e5efd;414.58;0.16381402;BUY
2016-03-30T01:18:23.330000;2016-03-30T01:18:23.357000;55959e0b-ca48-435d-9916-9c9f63e02bdb;414.58;0.00183418;BUY
2016-03-30T01:18:31.227000;2016-03-30T01:18:31.263000;6cc87581-ff13-4dcf-bbac-838b56c1f21c;414.58;0.3343518;BUY
2016-03-30T01:18:31.227000;2016-03-30T01:18:31.277000;7ccc8534-9d4d-48d3-af59-9b505b633fa7;414.58;0.5;BUY
2016-03-30T01:18:31.227000;2016-03-30T01:18:31.277000;2396df2d-07b9-4ae8-a4a3-999915829acf;414.58;0.1209282;BUY
2016-03-30T01:19:31.203000;2016-03-30T01:19:31.230000;f242b8a0-50d5-4fca-a063-b15c353838f3;414.51;0.01213;BUY
2016-03-30T01:20:01.193000;2016-03-30T01:20:01.217000;7de294ed-69e7-4dbe-b993-eb060ff397ea;414.49;0.02;SELL
2016-03-30T01:20:01.193000;2016-03-30T01:20:01.230000;1388de66-1a0a-45c7-baa0-0052930bad46;414.49;0.01;SELL
2016-03-30T01:20:01.193000;2016-03-30T01:20:01.230000;e11b1711-2378-4fba-bc7d-acf9377ea2f0;414.42;1.93114;SELL
2016-03-30T01:20:31.150000;2016-03-30T01:20:31.170000;c1923c95-b8f7-41f5-950c-f68d54378ebd;414.4;0.01036;SELL
2016-03-30T01:21:00.670000;2016-03-30T01:21:00.700000;95265652-19de-4acc-986c-3b17e30c6a34;414.41;0.01;BUY
2016-03-30T01:21:00.670000;2016-03-30T01:21:00.717000;dd7894c4-9204-45bf-ac59-546e4b74b3df;414.41;0.5;BUY
2016-03-30T01:21:00.670000;2016-03-30T01:21:00.717000;a7fd27a7-d4ec-4f40-ad97-c4ff68a98bce;414.41;1.0;BUY
2016-03-30T01:21:00.670000;2016-03-30T01:21:00.717000;b1409a45-d4aa-437f-831d-90fcb3bc525e;414.41;0.077;BUY
2016-03-30T01:21:00.670000;2016-03-30T01:21:00.717000;334813e2-004c-4da5-b095-400e199e7a50;414.41;0.5;BUY
2016-03-30T01:21:00.670000;2016-03-30T01:21:00.777000;6ca90891-64fd-4d3d-99ce-3179b26c1ec2;414.41;1.0;BUY
2016-03-30T01:21:00.670000;2016-03-30T01:21:00.793000;bee14afb-d131-4775-be10-91c752cfeb74;414.41;1.0;BUY
2016-03-30T01:21:00.670000;2016-03-30T01:21:00.793000;14e114a9-fe44-43fe-895d-e3013e868209;414.41;0.5;BUY
2016-03-30T01:21:00.670000;2016-03-30T01:21:00.793000;029a1947-3037-42ae-8176-ff9807dcaa3c;414.41;0.5;BUY
2016-03-30T01:21:00.670000;2016-03-30T01:21:00.793000;2d66ca76-16f3-4e25-bdb1-fae32d4aa9ec;414.41;0.1521;BUY
2016-03-30T01:21:01.090000;2016-03-30T01:21:01.107000;deb36bd2-4a27-4eb8-a01a-e52d2a248374;414.41;0.16123;BUY
2016-03-30T01:21:03.053000;2016-03-30T01:21:03.073000;87e486a3-fdfc-4bdb-98b7-b24b28aa6b89;414.41;0.012934;BUY
2016-03-30T01:21:03.090000;2016-03-30T01:21:03.107000;76284795-2edb-46dc-9c3a-4551bbb41b6b;414.41;0.017066;BUY
2016-03-30T01:21:31.260000;2016-03-30T01:21:31.277000;2a7e0255-538d-4d2d-91a3-e8290bf92c9f;414.41;0.65667;BUY
2016-03-30T01:21:31.260000;2016-03-30T01:21:31.293000;db19e1ed-6fdf-47c2-8733-5c18b2f7075f;414.41;1.0;BUY
2016-03-30T01:21:31.260000;2016-03-30T01:21:31.293000;14a1cd64-9790-4455-87b8-a69843af6c95;414.41;0.5;BUY
2016-03-30T01:21:31.260000;2016-03-30T01:21:31.293000;dd181799-e277-4080-82f6-ebd2d8179441;414.41;0.5;BUY
2016-03-30T01:21:31.260000;2016-03-30T01:21:31.293000;9e17d5ea-44c4-475a-85a0-bffae6644745;414.41;0.29607;BUY
2016-03-30T01:22:01.247000;2016-03-30T01:22:01.263000;66bdda97-c8ae-42b8-93b6-c166ecdbf70f;414.39;0.35723;SELL
2016-03-30T01:22:31.613000;2016-03-30T01:22:31.637000;5bc890e8-73fa-4d28-bf86-4fb37c8c2b54;414.38;0.0346;BUY
2016-03-30T01:22:31.617000;2016-03-30T01:22:31.653000;837916db-adba-482d-9d3c-731c472823c0;414.38;0.0324;BUY
2016-03-30T01:22:31.617000;2016-03-30T01:22:31.653000;054e20ce-a298-4008-9ad0-b8399df30390;414.38;0.0183;BUY
2016-03-30T01:22:31.617000;2016-03-30T01:22:31.653000;32d67b6c-a6c0-41b3-b8d2-b74ae0b43880;414.38;0.018;BUY
2016-03-30T01:22:31.617000;2016-03-30T01:22:31.653000;abc10e09-ab3f-4041-8fd0-e669ad73d1fe;414.38;0.1170718;BUY
2016-03-30T01:22:31.617000;2016-03-30T01:22:31.730000;adf5fefc-42e5-41ce-921c-0b305c8b33ba;414.38;0.16600939;BUY
2016-03-30T01:22:31.617000;2016-03-30T01:22:31.730000;345a3f62-ca8c-4577-b7d2-458a60ea296f;414.38;0.0165;BUY
2016-03-30T01:22:31.617000;2016-03-30T01:22:31.747000;b5881c94-e120-4e15-897f-d5528fe5dd17;414.38;0.21352266;BUY
2016-03-30T01:22:31.617000;2016-03-30T01:22:31.747000;11a7bb53-ad65-41db-859f-ea297f1f12a2;414.39;0.0344;BUY
2016-03-30T01:22:31.617000;2016-03-30T01:22:31.747000;ed247a80-a13f-4dd2-aaf5-fd9fe55c91ea;414.4;0.0476;BUY
2016-03-30T01:22:31.617000;2016-03-30T01:22:31.747000;58dcc8a6-6ca9-4197-81fd-030acd67bf02;414.4;0.0484;BUY
2016-03-30T01:22:31.617000;2016-03-30T01:22:31.747000;9bf40fd2-9a9a-4936-8b7c-6f1e89c23ff0;414.4;0.044;BUY
2016-03-30T01:22:31.617000;2016-03-30T01:22:31.747000;d29e6222-9ef7-40c7-b261-12b71c0ad56c;414.4;0.042;BUY
2016-03-30T01:22:31.617000;2016-03-30T01:22:31.747000;ee2b97cc-8e9d-4eeb-8f6e-2c5ef74a4b3b;414.4;0.0381;BUY
2016-03-30T01:22:31.617000;2016-03-30T01:22:31.747000;bd1054ef-0c9c-42ce-9539-ec10948bcc89;414.4;0.0534;BUY
2016-03-30T01:22:31.617000;2016-03-30T01:22:31.747000;6c673583-7541-4aa1-b14c-478cbea8225c;414.4;0.0267;BUY
2016-03-30T01:22:31.617000;2016-03-30T01:22:31.747000;24728fa6-1574-4a61-99c0-6df348d64f07;414.4;0.00850615;BUY
2016-03-30T01:22:43.533000;2016-03-30T01:22:43.543000;530d23a5-2764-427b-b683-c14ca4e68437;414.38;0.0202;BUY
2016-03-30T01:22:43.533000;2016-03-30T01:22:43.560000;0a7c7fd7-ef6b-4350-b938-1473a0d4e9b8;414.38;0.0044;BUY
2016-03-30T01:22:43.537000;2016-03-30T01:22:43.573000;ee38d772-449f-4400-b749-62ad13ee2a07;414.38;0.065;BUY
2016-03-30T01:23:01.937000;2016-03-30T01:23:02.077000;d50b3555-d453-42f2-972a-956b476dafbb;414.36;0.0663;BUY
2016-03-30T01:23:01.937000;2016-03-30T01:23:02.090000;78fb7687-7d62-4824-ab08-58dcb6780fb9;414.37;0.47125;BUY
2016-03-30T01:23:12.260000;2016-03-30T01:23:12.403000;07965e03-6995-465e-88a6-8d22953017a4;414.34;0.01;SELL
