time_exchange;time_coinpai;guid;price;base_amount;taker_side
2016-03-30T00:00:02.000000;2016-03-30T00:00:02.000000;5a4b543e-5728-4ddb-ace6-01930b0f0d40;415.87;0.36597633;UNKNOWN
2016-03-30T00:00:33.000000;2016-03-30T00:00:33.000000;b830b4af-22ef-4e1f-8deb-4f906349d202;415.91;0.04764625;UNKNOWN
2016-03-30T00:02:18.000000;2016-03-30T00:02:18.000000;54f7c0da-0cd3-4433-b6aa-82326720c983;415.91;5.92375375;UNKNOWN
2016-03-30T00:02:18.000000;2016-03-30T00:02:18.000000;3238e84d-4d37-46b2-ba88-d6ce9ecc8848;415.91;1.5281;UNKNOWN
2016-03-30T00:02:18.000000;2016-03-30T00:02:18.000000;4c9129c3-1948-457f-85af-685cbdbad35f;415.8;1.20041465;UNKNOWN
2016-03-30T00:02:18.000000;2016-03-30T00:02:18.000000;a3f2d960-6866-4f73-9232-7ab5bdcb48a8;415.8;1.0;UNKNOWN
2016-03-30T00:02:31.000000;2016-03-30T00:02:31.000000;ecd95dfe-c679-47aa-8348-62c0fc2e4dd9;415.21;0.3477316;UNKNOWN
2016-03-30T00:02:32.000000;2016-03-30T00:02:32.000000;0b84183b-d2a3-4694-b8a7-1df0f15b3fea;415.4;0.3477316;UNKNOWN
2016-03-30T00:02:32.000000;2016-03-30T00:02:32.000000;c8379905-7886-4eeb-a003-be41e4d853e2;415.8;0.0022684;UNKNOWN
2016-03-30T00:03:24.000000;2016-03-30T00:03:24.000000;4392ee2f-b40b-42d7-a3fc-23593704d9eb;415.8;0.2;UNKNOWN
2016-03-30T00:03:24.000000;2016-03-30T00:03:24.000000;36b8332f-8724-48ce-bded-298c44570324;415.52;1.8815;UNKNOWN
2016-03-30T00:04:04.000000;2016-03-30T00:04:04.000000;2f6e9ea6-9877-4265-9740-2c3d09c19147;415.38;0.46991529;UNKNOWN
2016-03-30T00:07:11.000000;2016-03-30T00:07:11.000000;e373589a-3890-43e6-a9b9-cae79a371583;415.62;0.06;UNKNOWN
2016-03-30T00:07:30.000000;2016-03-30T00:07:30.000000;889f31f5-2693-4cb8-90ac-8ae0dc0cdf0d;415.62;0.14;UNKNOWN
2016-03-30T00:07:30.000000;2016-03-30T00:07:30.000000;7ac987ca-312b-4031-9bf8-73f8a72ea5f9;415.4;5.51;UNKNOWN
2016-03-30T00:07:36.000000;2016-03-30T00:07:36.000000;e17bfb17-30e8-4c9b-9e16-c937015ab004;415.58;0.40041581;UNKNOWN
2016-03-30T00:08:12.000000;2016-03-30T00:08:12.000000;003f6c7d-c8ff-4c5e-b4cf-469654e9058d;415.21;0.11855666;UNKNOWN
2016-03-30T00:09:14.000000;2016-03-30T00:09:14.000000;af29bb34-22b5-4c10-be85-0cbeab05c6a5;415.54;0.3564244;UNKNOWN
2016-03-30T00:09:16.000000;2016-03-30T00:09:16.000000;e057e035-d8cc-4b19-a94b-f27a1d2ce63c;415.55;0.2128488;UNKNOWN
2016-03-30T00:09:16.000000;2016-03-30T00:09:16.000000;0f3f6566-0e17-4a95-b721-a50110d517eb;415.54;0.1435756;UNKNOWN
2016-03-30T00:09:54.000000;2016-03-30T00:09:54.000000;6281ffb3-4948-4742-8cc0-61f645746b57;415.24;2.0;UNKNOWN
2016-03-30T00:10:14.000000;2016-03-30T00:10:14.000000;c4d93cef-a821-44a7-b97d-1b8c8c5e6bed;415.24;1.0;UNKNOWN
2016-03-30T00:10:24.000000;2016-03-30T00:10:24.000000;40c1803d-b4e2-40fc-981e-626824749560;415.24;4.9348;UNKNOWN
2016-03-30T00:10:24.000000;2016-03-30T00:10:24.000000;39b8cace-3eaa-4aa0-b509-f3ca683e3d63;415.43;4.9117789;UNKNOWN
2016-03-30T00:10:24.000000;2016-03-30T00:10:24.000000;33b29106-7ac5-4b4f-8fe5-4486e15ea87f;415.24;0.1534211;UNKNOWN
2016-03-30T00:12:44.000000;2016-03-30T00:12:44.000000;82994837-9fef-49a3-a781-9272c35f9606;415.23;0.48262606;UNKNOWN
2016-03-30T00:12:45.000000;2016-03-30T00:12:45.000000;60f6e9fc-db2f-4b5b-8401-bd239815d24b;415.23;0.24133044;UNKNOWN
2016-03-30T00:13:04.000000;2016-03-30T00:13:04.000000;0871b155-04c8-47d7-b14d-4788f48e3995;415.24;0.07;UNKNOWN
2016-03-30T00:13:27.000000;2016-03-30T00:13:27.000000;42d52bd6-1d8a-49e2-bd5c-839614ce636a;415.26;0.39067581;UNKNOWN
2016-03-30T00:13:27.000000;2016-03-30T00:13:27.000000;9c0eb4f7-f91f-4ebf-9d1e-f404088c4d1f;415.26;0.20493328;UNKNOWN
2016-03-30T00:13:29.000000;2016-03-30T00:13:29.000000;d733ea7f-d66b-474b-9970-2bfc11a4f6b3;415.26;0.08691422;UNKNOWN
2016-03-30T00:15:25.000000;2016-03-30T00:15:25.000000;54c08e4a-765b-4a2c-a902-3f1a6dff1db4;415.21;3.0;UNKNOWN
2016-03-30T00:17:03.000000;2016-03-30T00:17:03.000000;5dc435fd-9637-4a9a-97f1-6ded18f73fab;415.21;0.02;UNKNOWN
2016-03-30T00:18:44.000000;2016-03-30T00:18:44.000000;c5fd14a0-4609-4075-88a4-05ae64dfee8f;415.21;0.0627444;UNKNOWN
2016-03-30T00:19:47.000000;2016-03-30T00:19:47.000000;c8968d9e-821b-43bd-b629-26508407648e;415.2;1.5403444;UNKNOWN
2016-03-30T00:19:47.000000;2016-03-30T00:19:47.000000;bfb9b85e-215d-44c6-84d7-a1758c9be4a8;415.2;0.16;UNKNOWN
2016-03-30T00:19:47.000000;2016-03-30T00:19:47.000000;e5662d7f-c40a-4d2c-be46-f9042b80c9cc;415.21;1.3668;UNKNOWN
2016-03-30T00:19:47.000000;2016-03-30T00:19:47.000000;cb4227ef-27d5-4453-bd8b-52473d130b21;415.21;5.9328556;UNKNOWN
2016-03-30T00:19:52.000000;2016-03-30T00:19:52.000000;63f9c22f-9268-4d6b-9ac1-69d31d26482b;415.0;0.82;UNKNOWN
2016-03-30T00:19:52.000000;2016-03-30T00:19:52.000000;d4d17c14-1fac-42fc-b6e6-1ee4e8bfbb95;415.15;2.0;UNKNOWN
2016-03-30T00:19:52.000000;2016-03-30T00:19:52.000000;5fb2c37b-1b38-4e26-9fb4-f7da16b61880;415.15;2.18;UNKNOWN
2016-03-30T00:19:56.000000;2016-03-30T00:19:56.000000;92e1982f-46bd-4693-a5ea-fb8b50e6a385;415.0;11.93247022;UNKNOWN
2016-03-30T00:19:56.000000;2016-03-30T00:19:56.000000;7d580b98-aa16-4cc6-9497-a8501bcf6123;415.0;10.63556144;UNKNOWN
2016-03-30T00:20:12.000000;2016-03-30T00:20:12.000000;1cf954b0-aa51-42b5-9140-be1d3776b18e;415.01;3.98185624;UNKNOWN
2016-03-30T00:20:27.000000;2016-03-30T00:20:27.000000;5e652074-0592-4bbd-bf93-fc6d6b305c98;415.0;4.36443856;UNKNOWN
2016-03-30T00:20:27.000000;2016-03-30T00:20:27.000000;042c767f-0b85-45f9-8106-5a02a0136549;414.91;5.9389;UNKNOWN
2016-03-30T00:20:29.000000;2016-03-30T00:20:29.000000;e741ac68-3da4-4c65-9262-f9ca349b9b3e;414.9;50.0;UNKNOWN
2016-03-30T00:20:42.000000;2016-03-30T00:20:42.000000;b0fd7dcd-85dc-4d2b-bb1e-b8be08d55c30;414.85;4.68634672;UNKNOWN
2016-03-30T00:20:42.000000;2016-03-30T00:20:42.000000;d5e9ba7c-1df8-4a3b-a5f5-ab49257a2241;414.9;16.0;UNKNOWN
2016-03-30T00:20:42.000000;2016-03-30T00:20:42.000000;2d2cc238-bdf0-46c2-bc80-301f7d48f3b7;414.85;4.31365328;UNKNOWN
2016-03-30T00:20:54.000000;2016-03-30T00:20:54.000000;6e34d54b-6624-48ff-87b0-e4dd1b51355d;414.82;4.56014672;UNKNOWN
2016-03-30T00:20:54.000000;2016-03-30T00:20:54.000000;d604ebf5-4df5-4420-ba75-dfdadb30fb26;414.85;5.31365328;UNKNOWN
2016-03-30T00:20:54.000000;2016-03-30T00:20:54.000000;2218c9c3-9f7d-484d-bc9c-de4fb9fd3d0d;414.85;9.56014672;UNKNOWN
2016-03-30T00:20:54.000000;2016-03-30T00:20:54.000000;7e194b1b-4d34-45c5-8420-f05810449244;414.85;10.0;UNKNOWN
2016-03-30T00:20:54.000000;2016-03-30T00:20:54.000000;3c97db9e-3798-47fb-90ea-69657501885f;414.85;0.43985328;UNKNOWN
2016-03-30T00:20:54.000000;2016-03-30T00:20:54.000000;5482881b-d3bb-4556-9a15-56124a804707;414.85;10.0;UNKNOWN
2016-03-30T00:20:58.000000;2016-03-30T00:20:58.000000;13ad3172-0ae3-40d4-a441-6a9afac21e29;414.7;0.2903;UNKNOWN
2016-03-30T00:20:58.000000;2016-03-30T00:20:58.000000;baab3a84-8f12-47cb-8d6a-0c2ece689c09;414.81;4.4;UNKNOWN
2016-03-30T00:20:58.000000;2016-03-30T00:20:58.000000;774fd6b9-35c7-46b2-ba21-96705fba2940;414.77;10.0;UNKNOWN
2016-03-30T00:21:00.000000;2016-03-30T00:21:00.000000;39137ee6-b9e8-4137-8656-c8dc45ee65fb;414.7;2.0;UNKNOWN
2016-03-30T00:21:00.000000;2016-03-30T00:21:00.000000;e4120c66-138f-4c57-8e49-8a18aff09790;414.7;0.2097;UNKNOWN
2016-03-30T00:21:00.000000;2016-03-30T00:21:00.000000;3522bae0-6e51-4415-8704-a944744c24d5;414.51;0.9411;UNKNOWN
2016-03-30T00:21:00.000000;2016-03-30T00:21:00.000000;cf010bc4-acc1-40fe-819e-a1237e77c5ae;414.52;15.8492;UNKNOWN
2016-03-30T00:21:07.000000;2016-03-30T00:21:07.000000;df70b1cb-608b-4b36-ab76-3bea706a0945;414.5;0.87828806;UNKNOWN
2016-03-30T00:21:12.000000;2016-03-30T00:21:12.000000;2a885fa7-8af6-4870-b19e-87859ba3c6dd;414.5;4.66241245;UNKNOWN
2016-03-30T00:21:18.000000;2016-03-30T00:21:18.000000;4327e8a9-4eef-4611-8fd8-3913444d475e;414.79;0.690307;UNKNOWN
2016-03-30T00:21:46.000000;2016-03-30T00:21:46.000000;7188ca9f-dd09-4931-b744-091cc6fe0384;414.79;0.11392422;UNKNOWN
2016-03-30T00:21:46.000000;2016-03-30T00:21:46.000000;50b2ee0b-f0c5-482d-83c1-103e23f283f4;414.52;1.88607578;UNKNOWN
2016-03-30T00:21:52.000000;2016-03-30T00:21:52.000000;81392657-8ce6-40ef-a188-08964cbdeb38;414.79;0.11392422;UNKNOWN
2016-03-30T00:21:53.000000;2016-03-30T00:21:53.000000;8496086c-a37a-4e82-82d4-8f9fd8d7ddda;414.5;15.0;UNKNOWN
2016-03-30T00:21:56.000000;2016-03-30T00:21:56.000000;7e374d8c-f1c5-4791-a4dd-1f2898234087;414.5;2.0;UNKNOWN
2016-03-30T00:21:59.000000;2016-03-30T00:21:59.000000;01ebfe33-3273-44fd-8065-90feda54cd0e;414.5;25.0;UNKNOWN
2016-03-30T00:22:01.000000;2016-03-30T00:22:01.000000;45f02554-23d0-4423-b4ef-84013146c407;414.5;15.0;UNKNOWN
2016-03-30T00:22:06.000000;2016-03-30T00:22:06.000000;277b57ce-6bae-43b5-bd88-13a3eefefdcc;414.5;15.0;UNKNOWN
2016-03-30T00:22:08.000000;2016-03-30T00:22:08.000000;a19ce472-a5f1-46a3-8872-a2d81a120459;414.59;0.2;UNKNOWN
2016-03-30T00:22:12.000000;2016-03-30T00:22:12.000000;436a60d8-a706-44fa-afb7-ab1d2dd74536;414.5;0.15388598;UNKNOWN
2016-03-30T00:22:12.000000;2016-03-30T00:22:12.000000;c2e306c8-e65b-4bcd-8a78-f2f324c6a49f;414.5;15.0;UNKNOWN
2016-03-30T00:22:17.000000;2016-03-30T00:22:17.000000;4ce7460b-ebe3-439b-90cc-390234f0ec7d;414.52;5.0;UNKNOWN
2016-03-30T00:22:18.000000;2016-03-30T00:22:18.000000;d1edf652-d367-41f6-8f83-207ddd498d2f;414.5;5.0;UNKNOWN
2016-03-30T00:22:21.000000;2016-03-30T00:22:21.000000;683825c6-39d7-4574-97cd-7a10aaabeba8;414.5;0.16;UNKNOWN
2016-03-30T00:22:21.000000;2016-03-30T00:22:21.000000;a35a0350-a490-4229-9ea1-d4d19d75c5e3;414.5;1.0;UNKNOWN
2016-03-30T00:22:27.000000;2016-03-30T00:22:27.000000;3fdb335c-668c-4f8f-b5cc-ab927bd383c5;414.5;1.5;UNKNOWN
2016-03-30T00:23:00.000000;2016-03-30T00:23:00.000000;df069f46-d319-4b66-82c9-d4a69cdeae6f;414.5;0.0241569;UNKNOWN
2016-03-30T00:23:16.000000;2016-03-30T00:23:16.000000;bd28f5d9-ec0e-4c86-91e1-2696135de4f2;414.52;4.70499671;UNKNOWN
2016-03-30T00:23:16.000000;2016-03-30T00:23:16.000000;7992807c-8a15-4316-b5cc-7e918c9f7f11;414.52;4.71053747;UNKNOWN
2016-03-30T00:23:16.000000;2016-03-30T00:23:16.000000;671f6939-01ea-467c-8f27-85a3e5a44ff0;414.52;4.70532878;UNKNOWN
2016-03-30T00:23:16.000000;2016-03-30T00:23:16.000000;a0cc051a-c56a-482f-a499-ec6e54106cf8;414.52;4.70499671;UNKNOWN
2016-03-30T00:23:16.000000;2016-03-30T00:23:16.000000;3cd5a4f8-b793-4e9b-ae32-da547a05798f;414.52;4.70499671;UNKNOWN
2016-03-30T00:23:16.000000;2016-03-30T00:23:16.000000;83323ac8-2810-4823-ad8f-2fe61d75821d;414.52;5.959;UNKNOWN
2016-03-30T00:23:16.000000;2016-03-30T00:23:16.000000;05d19736-04ed-4c60-b646-ced7abe17d8b;414.52;4.70532878;UNKNOWN
2016-03-30T00:23:16.000000;2016-03-30T00:23:16.000000;8a91d309-d490-401a-abd2-bca25677f09a;414.52;4.70577163;UNKNOWN
2016-03-30T00:23:16.000000;2016-03-30T00:23:16.000000;99684a93-9573-415e-9343-95a163d49b6c;414.52;4.70577163;UNKNOWN
2016-03-30T00:23:17.000000;2016-03-30T00:23:17.000000;bd84cef4-1441-4fa2-a255-e946357a980e;414.52;6.39327158;UNKNOWN
2016-03-30T00:23:17.000000;2016-03-30T00:23:17.000000;30cf9b3a-664c-4a27-b040-a34e6c625eca;414.5;21.10472842;UNKNOWN
2016-03-30T00:23:33.000000;2016-03-30T00:23:33.000000;542a30a6-7c8e-448a-8495-0d12f1b77511;414.5;0.58873222;UNKNOWN
2016-03-30T00:23:59.000000;2016-03-30T00:23:59.000000;8f169299-0a9a-4f41-bfe9-c56ff629b300;414.51;5.0;UNKNOWN
2016-03-30T00:24:44.000000;2016-03-30T00:24:44.000000;b8dc59bb-2396-404a-80c4-c7ee3e72fd38;414.5;15.0;UNKNOWN
2016-03-30T00:25:09.000000;2016-03-30T00:25:09.000000;315f9bf6-c868-46fd-a085-c5d8fb7c5e08;414.5;0.45930219;UNKNOWN
2016-03-30T00:25:18.000000;2016-03-30T00:25:18.000000;b36f9086-311c-4578-b1a5-d7ac750c2735;414.5;0.07005198;UNKNOWN
2016-03-30T00:26:08.000000;2016-03-30T00:26:08.000000;783b8a58-46c1-4f9e-bb5f-d838e11a4788;414.5;100.0;UNKNOWN
2016-03-30T00:26:44.000000;2016-03-30T00:26:44.000000;c5658acb-0404-463d-829f-3b191cbe5aa9;414.5;7.88607578;UNKNOWN
2016-03-30T00:26:55.000000;2016-03-30T00:26:55.000000;95841f72-e683-4678-a4e0-145b89f6b351;414.51;1.135;UNKNOWN
2016-03-30T00:27:04.000000;2016-03-30T00:27:04.000000;6f29e916-2523-4eb3-a7db-719e03523cc7;414.5;39.73109131;UNKNOWN
2016-03-30T00:27:07.000000;2016-03-30T00:27:07.000000;65c26c3d-ae99-4d0d-a05b-69f07b9a3afc;414.5;3.0;UNKNOWN
2016-03-30T00:28:20.000000;2016-03-30T00:28:20.000000;5411a862-5b00-4cbf-b226-a4ae0bb46cb7;414.55;0.07493877;UNKNOWN
2016-03-30T00:29:13.000000;2016-03-30T00:29:13.000000;7892e462-c1ca-4273-8f3c-ff4d9565fa51;414.6;4.0;UNKNOWN
2016-03-30T00:29:14.000000;2016-03-30T00:29:14.000000;f2538755-48c9-4ced-89b9-ab05e2a57dda;414.6;10.0;UNKNOWN
2016-03-30T00:29:25.000000;2016-03-30T00:29:25.000000;e577a3a8-9ad2-406b-92be-92d54a8a27a0;414.53;0.04834759;UNKNOWN
2016-03-30T00:30:12.000000;2016-03-30T00:30:12.000000;0baea172-155b-46f2-868a-1e0dfa208f3e;414.54;2.40529309;UNKNOWN
2016-03-30T00:33:00.000000;2016-03-30T00:33:00.000000;222c5d59-8e7f-4669-9a3e-67b39c83e233;414.52;0.01487984;UNKNOWN
2016-03-30T00:33:09.000000;2016-03-30T00:33:09.000000;6db97b1b-a14d-478e-9b5e-2c810c46b1ff;414.5;0.27823793;UNKNOWN
2016-03-30T00:33:09.000000;2016-03-30T00:33:09.000000;85ba33ad-6993-4db5-834a-6990e606d48f;414.51;0.08;UNKNOWN
2016-03-30T00:34:43.000000;2016-03-30T00:34:43.000000;89b494d8-23ad-472d-b590-072d96c3c1e5;414.5;2.0;UNKNOWN
2016-03-30T00:34:49.000000;2016-03-30T00:34:49.000000;cccd6107-4c95-431b-8e54-ec4aa8883099;414.5;2.0;UNKNOWN
2016-03-30T00:34:54.000000;2016-03-30T00:34:54.000000;f59f19de-284e-417d-9988-b548f7d0eefe;414.51;0.64418351;UNKNOWN
2016-03-30T00:34:54.000000;2016-03-30T00:34:54.000000;d5389b89-a38e-457b-882c-a502c01d48fe;414.51;0.7596849;UNKNOWN
2016-03-30T00:34:55.000000;2016-03-30T00:34:55.000000;8cccb38a-db30-4cfd-abde-4e8f3fae792e;414.51;0.7596849;UNKNOWN
2016-03-30T00:34:56.000000;2016-03-30T00:34:56.000000;98f6576e-b07c-4ddd-8bcc-21d0b0071c6f;414.51;0.64482833;UNKNOWN
2016-03-30T00:35:16.000000;2016-03-30T00:35:16.000000;76b84661-9669-4d00-9701-92e8abe4a0b3;414.5;2.0;UNKNOWN
2016-03-30T00:35:50.000000;2016-03-30T00:35:50.000000;787e7f19-b7f5-4ec3-ab21-bc6e0be810d7;414.5;0.02528177;UNKNOWN
2016-03-30T00:36:09.000000;2016-03-30T00:36:09.000000;88224ecf-513c-494c-8a61-8ad62293b48b;414.5;3.0;UNKNOWN
2016-03-30T00:37:33.000000;2016-03-30T00:37:33.000000;8d283333-08b3-4f8c-a12d-4edea68fce2d;414.51;55.6747;UNKNOWN
2016-03-30T00:38:50.000000;2016-03-30T00:38:50.000000;776b44aa-602d-4bc3-9eed-e8f6a89c81a9;414.51;0.1;UNKNOWN
2016-03-30T00:39:51.000000;2016-03-30T00:39:51.000000;b7d11a73-bad5-4892-aab3-d507db6b7ee5;414.71;0.02529765;UNKNOWN
2016-03-30T00:41:24.000000;2016-03-30T00:41:24.000000;f8adfd73-8ed7-4383-8bb0-b5819285431b;414.55;0.244155;UNKNOWN
2016-03-30T00:42:18.000000;2016-03-30T00:42:18.000000;28beb491-cfcb-424c-b7da-4ec923d55245;414.84;1.021;UNKNOWN
2016-03-30T00:42:44.000000;2016-03-30T00:42:44.000000;3b79a4bc-a529-4006-b2a0-8622e6d31a95;414.68;1.91708842;UNKNOWN
2016-03-30T00:42:44.000000;2016-03-30T00:42:44.000000;a5f8fb33-24c7-439b-ad3e-990d20dd6452;414.69;0.5;UNKNOWN
2016-03-30T00:45:05.000000;2016-03-30T00:45:05.000000;78b6f9d8-11c2-496c-aa02-c28e30cb61d4;414.86;2.00888171;UNKNOWN
2016-03-30T00:45:05.000000;2016-03-30T00:45:05.000000;0c5f9984-b9a3-4ab2-8621-fc9a10f681a9;414.84;0.164;UNKNOWN
2016-03-30T00:46:52.000000;2016-03-30T00:46:52.000000;cc3402e8-a09b-49f1-a235-0ce22c72a498;414.7;0.03213796;UNKNOWN
2016-03-30T00:47:24.000000;2016-03-30T00:47:24.000000;421573c6-0699-424d-a4f3-ee391f164452;414.7;0.202;UNKNOWN
2016-03-30T00:48:41.000000;2016-03-30T00:48:41.000000;e2ab8fc5-b466-4cc3-a760-02dde8900c5b;414.7;1.35;UNKNOWN
2016-03-30T00:48:51.000000;2016-03-30T00:48:51.000000;21230f83-4783-467d-95c1-6e500fadf68e;414.56;0.2;UNKNOWN
2016-03-30T00:49:51.000000;2016-03-30T00:49:51.000000;599053fa-670b-4c27-8d0d-56fd4d8637fb;414.7;0.6;UNKNOWN
2016-03-30T00:49:51.000000;2016-03-30T00:49:51.000000;781ca911-606a-4de5-8b4f-4f493886af25;414.58;2.4;UNKNOWN
2016-03-30T00:51:32.000000;2016-03-30T00:51:32.000000;d87a47b5-8437-416b-80eb-699bb53c7ee6;414.54;0.04832428;UNKNOWN
2016-03-30T00:53:00.000000;2016-03-30T00:53:00.000000;9681f7c9-de17-406c-a7e3-999b5aed8966;414.54;0.55110948;UNKNOWN
2016-03-30T00:54:04.000000;2016-03-30T00:54:04.000000;e0e2eb1b-ad56-4ba6-a403-578145699fa6;414.67;0.072993;UNKNOWN
2016-03-30T00:54:20.000000;2016-03-30T00:54:20.000000;f87d7264-8fe3-4aca-a0b3-2925447e934f;414.67;0.0241;UNKNOWN
2016-03-30T00:56:44.000000;2016-03-30T00:56:44.000000;8d22f3c5-4559-437d-8b9f-84a244458a05;414.67;0.09907193;UNKNOWN
2016-03-30T00:59:10.000000;2016-03-30T00:59:10.000000;6f29d720-75a5-4738-8f5f-c94c6e42ac79;414.5;0.01122352;UNKNOWN
2016-03-30T00:59:10.000000;2016-03-30T00:59:10.000000;44ceeccd-7e3a-460b-adfe-04ff8bbc2889;414.67;0.20383507;UNKNOWN
2016-03-30T01:03:39.000000;2016-03-30T01:03:39.000000;88c5c6b6-6fe7-42fe-8559-b01059b132ae;414.68;0.2156;UNKNOWN
2016-03-30T01:03:55.000000;2016-03-30T01:03:55.000000;017361a5-c993-49c6-90b5-3d498931d2af;414.68;0.2559;UNKNOWN
2016-03-30T01:04:17.000000;2016-03-30T01:04:17.000000;2ddfad1d-daeb-4583-a92f-d7644e44bf88;414.51;5.9828;UNKNOWN
2016-03-30T01:04:17.000000;2016-03-30T01:04:17.000000;85eab8d7-e7b4-4136-b178-f459b5c2c027;414.65;1.5;UNKNOWN
2016-03-30T01:04:17.000000;2016-03-30T01:04:17.000000;349ba1b7-3fba-4080-8861-c7e4fbba7cee;414.5;12.3172;UNKNOWN
2016-03-30T01:04:17.000000;2016-03-30T01:04:17.000000;15c94ba9-2c55-4b23-9e63-c857bb92d9b8;414.67;0.2;UNKNOWN
2016-03-30T01:04:59.000000;2016-03-30T01:04:59.000000;b6392336-1170-4c75-b02c-f1cbe5dae21e;414.56;0.087;UNKNOWN
2016-03-30T01:07:02.000000;2016-03-30T01:07:02.000000;035f02fc-7559-447d-afe2-8ca63dd6514a;414.72;12.0;UNKNOWN
2016-03-30T01:08:53.000000;2016-03-30T01:08:53.000000;728b484e-c763-47cb-97a7-724b1e52f23a;414.53;0.25552899;UNKNOWN
2016-03-30T01:09:57.000000;2016-03-30T01:09:57.000000;655e3be5-6a0e-4b00-b537-5024354ebe5b;414.81;0.02;UNKNOWN
2016-03-30T01:10:16.000000;2016-03-30T01:10:16.000000;646f0e71-017f-435f-8139-af7d7547625c;414.72;0.2405;UNKNOWN
2016-03-30T01:10:45.000000;2016-03-30T01:10:45.000000;68b1873e-2a7e-4b45-af15-06fa4c07405d;414.8;0.11331232;UNKNOWN
2016-03-30T01:10:46.000000;2016-03-30T01:10:46.000000;c0a99ced-675c-4aef-8cfa-3f8725592191;414.8;0.0849884;UNKNOWN
2016-03-30T01:10:48.000000;2016-03-30T01:10:48.000000;a32eac5f-6f52-4917-bb45-52b38e5edefa;414.8;0.09624273;UNKNOWN
2016-03-30T01:10:56.000000;2016-03-30T01:10:56.000000;ef5b89a8-bd92-4798-b822-ac0556d8a04b;414.8;0.56186579;UNKNOWN
2016-03-30T01:11:00.000000;2016-03-30T01:11:00.000000;901513f2-0fa2-4797-a04f-8b09cd6930c8;414.8;1.14359076;UNKNOWN
2016-03-30T01:11:00.000000;2016-03-30T01:11:00.000000;2cf86904-0de0-49f1-99c1-e0d3a1f9ca79;414.72;0.54775914;UNKNOWN
2016-03-30T01:12:15.000000;2016-03-30T01:12:15.000000;a3d18e8a-2b4d-4893-bfc5-0adc9bda5112;414.71;2.19424285;UNKNOWN
2016-03-30T01:15:05.000000;2016-03-30T01:15:05.000000;85c3a216-4c49-44ae-acf6-ef390074975e;414.9;0.05888171;UNKNOWN
2016-03-30T01:15:05.000000;2016-03-30T01:15:05.000000;3b7efcf5-e994-40e8-a9ed-28cf3876c41f;414.86;0.94111829;UNKNOWN
2016-03-30T01:17:36.000000;2016-03-30T01:17:36.000000;4ae55580-c57b-4e4a-b6e7-73b0df3689ab;414.99;0.45999547;UNKNOWN
2016-03-30T01:17:36.000000;2016-03-30T01:17:36.000000;313cc4ee-92ec-4c7a-a068-f9f829e948b4;414.9;0.54000453;UNKNOWN
2016-03-30T01:18:06.000000;2016-03-30T01:18:06.000000;5e2c74d2-3740-48c0-878d-0b014664f96d;414.99;0.24;UNKNOWN
2016-03-30T01:18:20.000000;2016-03-30T01:18:20.000000;b3269dbe-b76f-4c80-80ad-edeae6284a21;414.75;0.011;UNKNOWN
2016-03-30T01:18:20.000000;2016-03-30T01:18:20.000000;3aa929ad-463c-4f8c-ba5d-622d09c92369;414.71;0.08926079;UNKNOWN
2016-03-30T01:19:00.000000;2016-03-30T01:19:00.000000;207b1582-9c1a-4773-b726-bbfd55a2296f;414.71;0.04251498;UNKNOWN
2016-03-30T01:19:01.000000;2016-03-30T01:19:01.000000;64be3581-b8b6-4da1-b1ac-4d012f6c3587;414.71;0.06154624;UNKNOWN
2016-03-30T01:19:02.000000;2016-03-30T01:19:02.000000;96c92a8d-3559-4783-983c-4382019a385b;414.71;0.04616154;UNKNOWN
2016-03-30T01:19:03.000000;2016-03-30T01:19:03.000000;e180c8e0-a45f-4d1e-a1aa-33979242d2d8;414.71;0.03462113;UNKNOWN
2016-03-30T01:20:37.000000;2016-03-30T01:20:37.000000;1d075eb0-042b-4c91-9653-210eacc67c71;414.77;0.25;UNKNOWN
2016-03-30T01:22:20.000000;2016-03-30T01:22:20.000000;d2d3bebc-a679-44e1-8c78-3675f91a69ad;414.71;0.23892076;UNKNOWN
2016-03-30T01:23:15.000000;2016-03-30T01:23:15.000000;ceb6747d-8623-431e-8a00-57253a3636e6;414.77;1.0;UNKNOWN
2016-03-30T01:25:38.000000;2016-03-30T01:25:38.000000;4a515f16-4a55-45f0-bd8f-69a543e548dc;414.71;0.0105;UNKNOWN
2016-03-30T01:27:24.000000;2016-03-30T01:27:24.000000;e2586113-17ad-419e-b2b0-e815cdf11ec7;414.71;0.02388746;UNKNOWN
2016-03-30T01:27:32.000000;2016-03-30T01:27:32.000000;9beee806-6260-421b-8693-e8adc1703c9b;414.71;0.24161557;UNKNOWN
2016-03-30T01:28:20.000000;2016-03-30T01:28:20.000000;bb363941-027d-4f8d-8ff5-51942254c774;414.71;0.01672868;UNKNOWN
2016-03-30T01:28:20.000000;2016-03-30T01:28:20.000000;3028c319-ff0a-4f54-ac51-1c0799f8cc39;414.7;0.04367521;UNKNOWN
2016-03-30T01:29:24.000000;2016-03-30T01:29:24.000000;12df5a1c-1b75-4823-9797-f5d5b9c845dd;414.7;0.09906238;UNKNOWN
2016-03-30T01:32:14.000000;2016-03-30T01:32:14.000000;556b4450-91e4-49e4-add3-ee3746ae1238;414.7;0.10726241;UNKNOWN
2016-03-30T01:32:14.000000;2016-03-30T01:32:14.000000;63c402c7-3907-433f-ad4a-50daf2d03013;414.61;4.89273759;UNKNOWN
2016-03-30T01:32:22.000000;2016-03-30T01:32:22.000000;aeb0a2e3-a636-46c2-9ca4-c6ff46984f42;414.61;0.10029427;UNKNOWN
2016-03-30T01:32:52.000000;2016-03-30T01:32:52.000000;29d64bf1-d90e-45d0-bd40-7f16b2f174e4;414.61;0.2371;UNKNOWN
2016-03-30T01:33:05.000000;2016-03-30T01:33:05.000000;fc98ad05-13d9-400c-a94d-1ca1c3387ca9;414.77;3.77560577;UNKNOWN
2016-03-30T01:33:05.000000;2016-03-30T01:33:05.000000;dac96d87-824c-4a2e-b975-84fa35b155ab;414.75;0.5;UNKNOWN
2016-03-30T01:33:05.000000;2016-03-30T01:33:05.000000;96e5d49f-381d-4cf7-b3e9-98211e6fa791;414.76;3.0;UNKNOWN
2016-03-30T01:34:20.000000;2016-03-30T01:34:20.000000;e1912a1a-eefc-4599-9132-351f5022bde5;415.11;0.01862967;UNKNOWN
2016-03-30T01:34:53.000000;2016-03-30T01:34:53.000000;4429e570-c47a-4e8b-a2d8-6eb3af7863e1;414.63;0.26125349;UNKNOWN
2016-03-30T01:35:05.000000;2016-03-30T01:35:05.000000;3f864642-c36e-4f76-919d-7aad87a4c2b5;415.04;3.67187694;UNKNOWN
2016-03-30T01:35:05.000000;2016-03-30T01:35:05.000000;a0fa14d8-72d6-4c06-bb6d-e2658bb4dc83;414.69;0.69808077;UNKNOWN
2016-03-30T01:39:42.000000;2016-03-30T01:39:42.000000;54514128-e069-4f90-9eba-2b2c9942c301;415.11;0.5207;UNKNOWN
2016-03-30T01:41:05.000000;2016-03-30T01:41:05.000000;1320d5e9-2111-4f27-9d94-9099b554780a;415.02;0.0387556;UNKNOWN
2016-03-30T01:44:05.000000;2016-03-30T01:44:05.000000;941b8612-b527-438a-b635-fbb7bbe73c65;415.0;0.0715855;UNKNOWN
2016-03-30T01:48:20.000000;2016-03-30T01:48:20.000000;285c3e9c-222f-4d93-bfb6-e2cb6a147df8;415.0;0.14331443;UNKNOWN
2016-03-30T01:48:20.000000;2016-03-30T01:48:20.000000;0151feb9-1a25-4e62-9c01-adb1f7c5050b;415.0;0.23897264;UNKNOWN
2016-03-30T01:56:47.000000;2016-03-30T01:56:47.000000;77ecc2c8-95c1-4657-aed5-f5b685599b8a;415.03;5.0;UNKNOWN
2016-03-30T01:56:55.000000;2016-03-30T01:56:55.000000;457cde18-17e4-4b47-bf4d-24d9cb4f9037;415.28;5.0;UNKNOWN
2016-03-30T01:57:08.000000;2016-03-30T01:57:08.000000;3c250cb1-cc80-4268-b704-b7775c70fb58;415.39;1.0;UNKNOWN
2016-03-30T01:57:10.000000;2016-03-30T01:57:10.000000;e4bdb715-e70f-40d8-a781-99e0e6a038e2;415.39;1.0;UNKNOWN
2016-03-30T01:57:12.000000;2016-03-30T01:57:12.000000;5807d6ff-20d9-40ea-b86e-f62db2e5db17;415.39;1.0;UNKNOWN
2016-03-30T01:57:14.000000;2016-03-30T01:57:14.000000;88f6f2cb-0db8-42ec-9b6f-b34d96361255;415.39;1.0;UNKNOWN
2016-03-30T01:57:16.000000;2016-03-30T01:57:16.000000;dbf11de4-0751-4fc1-abd8-275a53a6ae26;415.39;0.30295914;UNKNOWN
2016-03-30T01:57:16.000000;2016-03-30T01:57:16.000000;bb73cf51-81ee-4f78-afb2-3151146f33a4;415.39;0.69704086;UNKNOWN
2016-03-30T01:57:18.000000;2016-03-30T01:57:18.000000;7ccb3b5a-6509-426b-bd7c-053b9460b883;415.39;1.0;UNKNOWN
2016-03-30T01:57:20.000000;2016-03-30T01:57:20.000000;e2e80634-d0c7-4678-8b9c-0e8a62db3a52;415.39;1.0;UNKNOWN
2016-03-30T01:57:21.000000;2016-03-30T01:57:21.000000;dd201dc5-459a-4ea4-b9dd-099e453a095c;415.39;1.0;UNKNOWN
2016-03-30T01:57:24.000000;2016-03-30T01:57:24.000000;9475fed5-4e39-45cb-8f4e-eced84e9fa1f;415.39;1.0;UNKNOWN
2016-03-30T01:57:26.000000;2016-03-30T01:57:26.000000;2c626269-61d0-4aba-9730-ab5e40d59505;415.39;1.0;UNKNOWN
2016-03-30T01:57:39.000000;2016-03-30T01:57:39.000000;07ef629f-b2a7-49dd-ac68-8f50af6123ae;415.38;1.0;UNKNOWN
2016-03-30T01:57:41.000000;2016-03-30T01:57:41.000000;ed320b06-7e44-42ab-a486-c7d492d67285;415.38;1.0;UNKNOWN
2016-03-30T01:57:43.000000;2016-03-30T01:57:43.000000;685e53ae-5df5-44bc-8ba6-8ebea845a2b2;415.38;1.0;UNKNOWN
2016-03-30T01:57:45.000000;2016-03-30T01:57:45.000000;40e21319-c7ec-45e6-95ed-286fc292c923;415.38;1.0;UNKNOWN
2016-03-30T01:57:45.000000;2016-03-30T01:57:45.000000;5bbe0a3a-189c-4302-9673-67d73ad5357b;415.38;0.12001095;UNKNOWN
2016-03-30T01:57:51.000000;2016-03-30T01:57:51.000000;0af2e851-a92a-4791-9298-04893f634a0f;415.38;0.08994821;UNKNOWN
2016-03-30T01:57:55.000000;2016-03-30T01:57:55.000000;cb1f9b79-b3ef-4eab-9925-b54d9d521997;415.38;0.06741618;UNKNOWN
2016-03-30T01:58:02.000000;2016-03-30T01:58:02.000000;64e7eba4-dc32-4981-a4aa-aef5693e681a;415.38;0.05052843;UNKNOWN
2016-03-30T01:58:05.000000;2016-03-30T01:58:05.000000;f5924c99-0b90-4ab1-a2cb-47838dea0bbe;415.38;0.03787106;UNKNOWN
2016-03-30T01:58:11.000000;2016-03-30T01:58:11.000000;a481e403-7d13-41a0-8fce-cda5a2c05dbe;415.38;0.02838436;UNKNOWN
2016-03-30T01:58:17.000000;2016-03-30T01:58:17.000000;f54531c8-01b1-4caa-aa54-d366753af47f;415.38;0.02127408;UNKNOWN
2016-03-30T01:58:20.000000;2016-03-30T01:58:20.000000;7c79dac8-c14c-4078-9a19-d8d76865819d;415.38;0.01594492;UNKNOWN
2016-03-30T01:58:27.000000;2016-03-30T01:58:27.000000;0f004e01-b703-4324-ba32-bd85d4d94326;415.26;0.01195417;UNKNOWN
2016-03-30T02:01:44.000000;2016-03-30T02:01:44.000000;18976f06-0d73-4c3b-8190-7ae4b3342bd2;415.0;0.54612743;UNKNOWN
2016-03-30T02:01:44.000000;2016-03-30T02:01:44.000000;b92313f6-1e1f-4c17-bdb2-14b374ab3e01;415.0;1.0;UNKNOWN
2016-03-30T02:01:44.000000;2016-03-30T02:01:44.000000;15a80488-4597-4a8f-833e-b01de251af3a;415.0;1.21387257;UNKNOWN
2016-03-30T02:01:44.000000;2016-03-30T02:01:44.000000;d488fd69-7be8-43c6-9a33-e9de75a1dda4;415.01;0.24;UNKNOWN
2016-03-30T02:01:47.000000;2016-03-30T02:01:47.000000;11015bbf-6304-4900-9880-e4f71e1b21ab;415.15;2.0042;UNKNOWN
2016-03-30T02:03:05.000000;2016-03-30T02:03:05.000000;99b9d1be-ea17-4ac8-9a4f-bb47c06d4f3a;415.0;0.27119344;UNKNOWN
2016-03-30T02:04:06.000000;2016-03-30T02:04:06.000000;897bc742-877c-43ce-bc7c-4e20146465ab;415.03;0.6328;UNKNOWN
2016-03-30T02:04:53.000000;2016-03-30T02:04:53.000000;3e61766a-3d51-4e06-98a5-3632a4dd5b0e;415.01;0.9418;UNKNOWN
2016-03-30T02:05:07.000000;2016-03-30T02:05:07.000000;0d693b3e-0f91-489d-a850-2fca7b44139c;415.0;0.10169;UNKNOWN
2016-03-30T02:08:04.000000;2016-03-30T02:08:04.000000;17c26611-d230-47a8-8cbc-fc3f8b2b29a0;415.01;0.2;UNKNOWN
2016-03-30T02:08:04.000000;2016-03-30T02:08:04.000000;697576fb-f2e9-44c4-83a5-b53848a9869c;415.01;0.15;UNKNOWN
2016-03-30T02:08:57.000000;2016-03-30T02:08:57.000000;8b6ef98d-f45a-4cbf-9ec9-f5dde51e92fd;415.01;0.05;UNKNOWN
2016-03-30T02:08:57.000000;2016-03-30T02:08:57.000000;42c526ef-fd85-4f5f-a70d-59a9486b01db;415.01;0.01530248;UNKNOWN
2016-03-30T02:08:58.000000;2016-03-30T02:08:58.000000;f7279952-c437-4681-bdd0-861497d1deee;415.01;0.06523718;UNKNOWN
2016-03-30T02:09:00.000000;2016-03-30T02:09:00.000000;36920ac3-ad17-46ce-bc56-6ead3666d9e5;415.01;0.05021556;UNKNOWN
2016-03-30T02:09:01.000000;2016-03-30T02:09:01.000000;06f052cd-2d5b-4cad-b4a3-3204921d770e;415.01;0.05021556;UNKNOWN
2016-03-30T02:09:25.000000;2016-03-30T02:09:25.000000;1a9dcb6d-9cc5-4ab1-8d9e-3f534ff32497;415.0;0.09215554;UNKNOWN
2016-03-30T02:09:34.000000;2016-03-30T02:09:34.000000;5eaf7017-a26a-4944-9979-af749927ea5c;414.99;0.2505;UNKNOWN
2016-03-30T02:10:01.000000;2016-03-30T02:10:01.000000;62d0b83e-7e22-4d1b-b9dc-fd8f8e9ef71c;414.84;0.05;UNKNOWN
2016-03-30T02:10:53.000000;2016-03-30T02:10:53.000000;aa20866d-d3a8-4a40-9188-9df102940084;414.84;0.5;UNKNOWN
2016-03-30T02:12:20.000000;2016-03-30T02:12:20.000000;3914fc74-6819-4d7d-a285-7f1cc5dc50db;414.61;0.08454891;UNKNOWN
2016-03-30T02:18:06.000000;2016-03-30T02:18:06.000000;c239ac30-e8d6-4a7d-ad2b-24687c21ef2a;414.85;7.31;UNKNOWN
2016-03-30T02:19:07.000000;2016-03-30T02:19:07.000000;74f45492-0e4a-4e29-8860-1ccdded1bf83;414.97;0.80784633;UNKNOWN
2016-03-30T02:19:53.000000;2016-03-30T02:19:53.000000;e5188e4f-5049-4136-a249-f990cb123e4f;415.22;5.74919058;UNKNOWN
2016-03-30T02:19:53.000000;2016-03-30T02:19:53.000000;1469a8b5-b54d-40bb-8c27-cacac3583d73;415.01;0.01902922;UNKNOWN
2016-03-30T02:19:53.000000;2016-03-30T02:19:53.000000;7801cc15-63ab-400f-b6c9-aa6fc1b4efc9;414.97;0.0517802;UNKNOWN
2016-03-30T02:19:53.000000;2016-03-30T02:19:53.000000;64ebc1fb-58b3-4f76-ac45-b6c778153619;415.21;4.18;UNKNOWN
2016-03-30T02:20:09.000000;2016-03-30T02:20:09.000000;37656738-b5d5-4246-86dd-581adc9d2620;414.83;0.52733028;UNKNOWN
2016-03-30T02:20:09.000000;2016-03-30T02:20:09.000000;7c76ea32-8c91-473d-880d-bc2398b17882;414.83;5.9485;UNKNOWN
2016-03-30T02:20:23.000000;2016-03-30T02:20:23.000000;dcc81401-279f-4a66-bd28-080e2194ae55;414.91;0.15029066;UNKNOWN
2016-03-30T02:20:27.000000;2016-03-30T02:20:27.000000;c69d8880-c8b0-4545-9a82-55ec864379be;414.93;0.04954306;UNKNOWN
2016-03-30T02:22:06.000000;2016-03-30T02:22:06.000000;7864cd84-6177-4913-857e-516457086a35;415.3;0.29333708;UNKNOWN
2016-03-30T02:23:05.000000;2016-03-30T02:23:05.000000;cb36e2f3-e3d6-4f2f-9627-fea317b098a4;415.57;0.06053;UNKNOWN
2016-03-30T02:23:11.000000;2016-03-30T02:23:11.000000;dc8972c7-acd0-43d4-b6ed-8ac8de6b0746;415.57;0.04555851;UNKNOWN
2016-03-30T02:23:32.000000;2016-03-30T02:23:32.000000;13de75ca-41d9-445b-a96b-d7f0b81150b9;415.4;1.2;UNKNOWN
2016-03-30T02:24:58.000000;2016-03-30T02:24:58.000000;9d319ed6-df2d-49e6-9025-e8abebcec10c;415.41;0.01005969;UNKNOWN
2016-03-30T02:26:20.000000;2016-03-30T02:26:20.000000;10d79527-5b78-479b-b056-0e4555b1ecee;415.4;0.09645189;UNKNOWN
2016-03-30T02:29:05.000000;2016-03-30T02:29:05.000000;e14a5224-8aad-4b71-93db-b0386f09723d;415.42;0.03858245;UNKNOWN
2016-03-30T02:29:32.000000;2016-03-30T02:29:32.000000;aa63e4b1-170d-4802-907b-504a6b67ec4a;415.4;0.04842588;UNKNOWN
2016-03-30T02:30:05.000000;2016-03-30T02:30:05.000000;2bedda20-0f2c-48ca-9448-ebab00335ec1;415.5;0.328438;UNKNOWN
2016-03-30T02:31:06.000000;2016-03-30T02:31:06.000000;1fbe2b61-21a9-46f1-9df6-fe7325a8ffc0;415.5;2.671562;UNKNOWN
2016-03-30T02:31:06.000000;2016-03-30T02:31:06.000000;6b8aa464-27ca-4cc6-879b-2119d4bbb7e1;415.75;0.01;UNKNOWN
2016-03-30T02:31:09.000000;2016-03-30T02:31:09.000000;508c520c-6938-48b3-89a1-0b335022c6da;415.8;10.02;UNKNOWN
2016-03-30T02:31:16.000000;2016-03-30T02:31:16.000000;eaed428d-1192-4b37-a2a3-eba6df470a0a;415.97;3.65;UNKNOWN
2016-03-30T02:31:22.000000;2016-03-30T02:31:22.000000;e3b22478-dfa8-4eb2-9f67-4b38cb4d7b00;415.99;2.95;UNKNOWN
2016-03-30T02:33:06.000000;2016-03-30T02:33:06.000000;ac00999e-1c34-4f39-ac43-ac12b8bea890;415.82;0.024;UNKNOWN
2016-03-30T02:33:10.000000;2016-03-30T02:33:10.000000;97cc0ebe-3c15-4eb8-8a92-039889a95eff;415.99;0.0773652;UNKNOWN
2016-03-30T02:34:01.000000;2016-03-30T02:34:01.000000;9ffa2c3f-f903-405f-a796-744219e7e26f;415.99;0.0843;UNKNOWN
2016-03-30T02:34:57.000000;2016-03-30T02:34:57.000000;315948e0-f9ec-4539-87b3-9a5f626670fb;415.74;0.1;UNKNOWN
2016-03-30T02:38:16.000000;2016-03-30T02:38:16.000000;d45c79e1-f162-47e2-bf2a-8d471837b3f9;415.8;0.1;UNKNOWN
2016-03-30T02:41:24.000000;2016-03-30T02:41:24.000000;548444ec-bf34-494c-9344-0556e5c1993f;415.8;0.04944406;UNKNOWN
2016-03-30T02:41:30.000000;2016-03-30T02:41:30.000000;5ccf10b5-f768-465d-a32e-86589788634c;415.8;4.85055594;UNKNOWN
2016-03-30T02:41:30.000000;2016-03-30T02:41:30.000000;8af42cb4-57fd-4a44-9041-14443d0d462a;415.74;5.14944406;UNKNOWN
2016-03-30T02:42:05.000000;2016-03-30T02:42:05.000000;415d7b68-1caa-4e98-98c4-3fdcdd09fa3f;415.26;7.5094;UNKNOWN
2016-03-30T02:42:05.000000;2016-03-30T02:42:05.000000;a4cb9d98-f9a9-47c0-bcbd-01d805277b56;415.25;0.5;UNKNOWN
2016-03-30T02:43:04.000000;2016-03-30T02:43:04.000000;dbc00fb8-6f4f-4de2-aabd-53aaf87d0d19;415.29;0.10057004;UNKNOWN
2016-03-30T02:43:19.000000;2016-03-30T02:43:19.000000;43e34d34-8c57-4118-bfac-9308f6d3ba28;415.29;0.58493149;UNKNOWN
2016-03-30T02:43:21.000000;2016-03-30T02:43:21.000000;f824071b-0500-4e0a-ba6a-13ce43c0167f;415.29;0.58493149;UNKNOWN
2016-03-30T02:43:33.000000;2016-03-30T02:43:33.000000;b8aabf0e-c10e-47b5-a5b7-8dc96e460f3e;415.19;0.48272157;UNKNOWN
2016-03-30T02:46:20.000000;2016-03-30T02:46:20.000000;f9a2188b-af5a-4497-981b-7cbc13d78b51;415.23;0.2;UNKNOWN
2016-03-30T02:46:52.000000;2016-03-30T02:46:52.000000;6995db4d-591a-4a17-816e-cd3358b5ebe6;415.32;0.05307352;UNKNOWN
2016-03-30T02:48:05.000000;2016-03-30T02:48:05.000000;5f7a8698-b338-412a-be4a-18b5ed06b697;415.33;0.09977357;UNKNOWN
2016-03-30T02:51:31.000000;2016-03-30T02:51:31.000000;2df21ce1-89de-47e7-be6c-5a3d687fe163;415.58;1.0251;UNKNOWN
2016-03-30T02:52:32.000000;2016-03-30T02:52:32.000000;31da7761-0281-48d1-9433-f8d6ece19c26;415.62;17.009;UNKNOWN
2016-03-30T02:52:32.000000;2016-03-30T02:52:32.000000;dee236d9-0f8c-4402-a4b6-752d25014f7a;415.72;12.6083;UNKNOWN
2016-03-30T02:52:32.000000;2016-03-30T02:52:32.000000;d6bd02a6-d3da-4df8-a592-637b5df73520;415.53;5.0;UNKNOWN
2016-03-30T02:52:32.000000;2016-03-30T02:52:32.000000;4c878adc-4cda-47ea-b961-9bad03243495;415.58;11.0065;UNKNOWN
2016-03-30T02:52:32.000000;2016-03-30T02:52:32.000000;7e8020f8-0652-4f7c-ac74-34fa96378e54;415.83;1.9762;UNKNOWN
2016-03-30T02:52:32.000000;2016-03-30T02:52:32.000000;63dd92f8-7f91-4aee-9578-8b900c675fe7;415.64;2.4;UNKNOWN
2016-03-30T02:54:05.000000;2016-03-30T02:54:05.000000;69471132-cbc2-4335-a109-882c03ac2bf8;415.44;0.20829669;UNKNOWN
2016-03-30T02:56:19.000000;2016-03-30T02:56:19.000000;0c430e77-28e4-4fde-b1ac-661fba07f1e0;415.6;0.37334772;UNKNOWN
2016-03-30T02:57:24.000000;2016-03-30T02:57:24.000000;a477706c-08c4-4044-966f-00599aca40d7;415.46;0.15651702;UNKNOWN
2016-03-30T02:58:20.000000;2016-03-30T02:58:20.000000;5f03be3f-9caf-404b-b4ec-cbddad00b505;415.46;0.02611;UNKNOWN
2016-03-30T02:58:36.000000;2016-03-30T02:58:36.000000;debd6aa3-f0b1-4951-aadd-9c2289ac3836;415.46;0.25323837;UNKNOWN
2016-03-30T03:01:16.000000;2016-03-30T03:01:16.000000;52e5039f-adb1-4766-aaf2-277bc412a001;415.52;0.03880886;UNKNOWN
2016-03-30T03:01:24.000000;2016-03-30T03:01:24.000000;1b702b54-4488-48a3-8758-f986a630a681;415.43;0.47712804;UNKNOWN
2016-03-30T03:01:36.000000;2016-03-30T03:01:36.000000;540bc7c0-f55a-4b9c-ac11-5ba4472d5545;415.52;0.02769289;UNKNOWN
2016-03-30T03:01:36.000000;2016-03-30T03:01:36.000000;89c13c0c-1203-4236-bfed-b1ae780e44fb;415.52;0.74980494;UNKNOWN
2016-03-30T03:01:37.000000;2016-03-30T03:01:37.000000;5e9e81dc-b7ac-42e4-8ae8-e3bc7375ae09;415.52;0.02769289;UNKNOWN
2016-03-30T03:01:46.000000;2016-03-30T03:01:46.000000;7ed40343-9798-4e88-b130-ee00332b3d21;415.52;0.10271512;UNKNOWN
2016-03-30T03:01:49.000000;2016-03-30T03:01:49.000000;946886bd-3f0b-4326-8cd6-29db1e1835c9;415.52;0.10271512;UNKNOWN
2016-03-30T03:01:53.000000;2016-03-30T03:01:53.000000;8f640574-34a3-4722-9744-15a7e0aec1d3;415.52;0.085731;UNKNOWN
2016-03-30T03:02:15.000000;2016-03-30T03:02:15.000000;6114ae58-d590-4442-a4e7-0921b9bf9c9c;415.52;0.02774833;UNKNOWN
2016-03-30T03:02:16.000000;2016-03-30T03:02:16.000000;a05aa5aa-5c74-4ede-8077-e4d2e5d926bb;415.52;0.02774833;UNKNOWN
2016-03-30T03:02:17.000000;2016-03-30T03:02:17.000000;d8c96651-c983-46fb-8d83-c00e2d988179;415.52;0.02774833;UNKNOWN
2016-03-30T03:03:04.000000;2016-03-30T03:03:04.000000;c984b41f-6d61-415a-a7ec-1319ac39034a;415.52;0.01;UNKNOWN
2016-03-30T03:03:29.000000;2016-03-30T03:03:29.000000;16a36c8c-5d62-451a-9dd9-cd4f71267cc1;415.52;0.0104661;UNKNOWN
2016-03-30T03:03:31.000000;2016-03-30T03:03:31.000000;9fe1a2ee-ad84-4e41-b404-a0a75b8b753c;415.52;0.0277267;UNKNOWN
2016-03-30T03:03:32.000000;2016-03-30T03:03:32.000000;1ee90511-1811-4daf-b9f6-a601d23f62fb;415.52;0.0277267;UNKNOWN
2016-03-30T03:03:35.000000;2016-03-30T03:03:35.000000;a0ea5e1c-b1c0-49f0-825f-82538452d19f;415.52;0.02771948;UNKNOWN
2016-03-30T03:03:37.000000;2016-03-30T03:03:37.000000;2f8b57ba-cd39-4452-82e5-9eda4132b81b;415.52;0.22166193;UNKNOWN
2016-03-30T03:03:39.000000;2016-03-30T03:03:39.000000;88de5384-0900-419c-a696-59396f313744;415.52;0.02774238;UNKNOWN
2016-03-30T03:03:55.000000;2016-03-30T03:03:55.000000;b0f6a152-bae5-446c-8b20-83efa2e88e95;415.52;0.02771467;UNKNOWN
2016-03-30T03:04:11.000000;2016-03-30T03:04:11.000000;10128d65-75e3-4397-b6ba-cdda938d5031;415.52;0.02769782;UNKNOWN
2016-03-30T03:09:00.000000;2016-03-30T03:09:00.000000;8b534a8f-54b3-4c80-ab1f-8ac46825bd98;415.7;2.5696;UNKNOWN
2016-03-30T03:10:19.000000;2016-03-30T03:10:19.000000;222aa2b2-20f7-4a53-baec-9bc1e114179e;415.7;0.17500257;UNKNOWN
2016-03-30T03:10:36.000000;2016-03-30T03:10:36.000000;8bc34662-6589-419f-a256-89da078dc7c1;415.7;2.51687064;UNKNOWN
2016-03-30T03:10:54.000000;2016-03-30T03:10:54.000000;7393a944-61bd-40c2-a959-7da913d74930;415.9;1.9;UNKNOWN
2016-03-30T03:10:54.000000;2016-03-30T03:10:54.000000;c38ec526-a843-4442-9c2c-700565da4d0d;415.9;0.1;UNKNOWN
2016-03-30T03:11:10.000000;2016-03-30T03:11:10.000000;c153c838-eae7-4609-842a-00a35d2cba7c;415.8;1.0;UNKNOWN
2016-03-30T03:13:06.000000;2016-03-30T03:13:06.000000;4de3e901-f774-4ebe-90f7-5c5c01443f09;415.73;0.077128;UNKNOWN
2016-03-30T03:16:27.000000;2016-03-30T03:16:27.000000;dfa59821-f262-4b9b-9c18-ee9789ab435a;415.74;0.1;UNKNOWN
2016-03-30T03:17:05.000000;2016-03-30T03:17:05.000000;2bb55454-49e1-4863-b40c-c565240187ab;415.68;0.07997052;UNKNOWN
2016-03-30T03:17:06.000000;2016-03-30T03:17:06.000000;0f8df32f-6c6a-4b9f-a9cc-ec0be65609a8;415.72;9.98775912;UNKNOWN
2016-03-30T03:17:31.000000;2016-03-30T03:17:31.000000;a6863a19-6274-41eb-aec6-c906dc366d45;415.8;0.14408454;UNKNOWN
2016-03-30T03:20:18.000000;2016-03-30T03:20:18.000000;2214b709-f6f2-4ef2-a173-81933bab8bc0;415.55;0.34132844;UNKNOWN
2016-03-30T03:20:18.000000;2016-03-30T03:20:18.000000;1d779ab7-9110-4a6b-ae16-fc8f46d8285b;415.57;0.40921974;UNKNOWN
2016-03-30T03:20:35.000000;2016-03-30T03:20:35.000000;c6bd6228-9a74-422f-95c9-3fc2fb78f86c;415.55;0.61632844;UNKNOWN
2016-03-30T03:26:26.000000;2016-03-30T03:26:26.000000;4ea15dc7-855f-4952-b1fc-a89712adf186;415.62;0.05;UNKNOWN
2016-03-30T03:26:26.000000;2016-03-30T03:26:26.000000;ba4eda3b-d6f3-4531-9be4-4228d13e134c;415.61;0.5;UNKNOWN
2016-03-30T03:28:12.000000;2016-03-30T03:28:12.000000;3f1e7c06-102b-4eb3-914a-9b5270e5d226;415.42;0.12140355;UNKNOWN
2016-03-30T03:28:14.000000;2016-03-30T03:28:14.000000;75a138a5-b893-49fa-b087-f2320ce97763;415.43;0.7484775;UNKNOWN
2016-03-30T03:28:58.000000;2016-03-30T03:28:58.000000;710e36d4-9c46-4e97-96a2-4f76b1dd4150;415.7;0.74850535;UNKNOWN
2016-03-30T03:29:00.000000;2016-03-30T03:29:00.000000;5a6ed35a-d909-4adc-a9e2-0fcc1cd41a7e;415.7;0.74775684;UNKNOWN
2016-03-30T03:29:00.000000;2016-03-30T03:29:00.000000;1f6ca97a-8021-4167-ad64-572fa01b6fc9;415.7;0.74775684;UNKNOWN
2016-03-30T03:29:01.000000;2016-03-30T03:29:01.000000;e3b0ac0f-cad5-452f-9a36-836ac3622305;415.7;0.74850535;UNKNOWN
2016-03-30T03:29:02.000000;2016-03-30T03:29:02.000000;3edf8b7d-2621-45ad-a846-c1f199803b03;415.7;0.74775684;UNKNOWN
2016-03-30T03:29:03.000000;2016-03-30T03:29:03.000000;5a0766dd-9d8a-4c68-a15d-967f0dba0ff0;415.7;0.74850535;UNKNOWN
2016-03-30T03:30:53.000000;2016-03-30T03:30:53.000000;79c6795f-b700-4395-b3df-0b36592d8051;415.34;0.23842047;UNKNOWN
2016-03-30T03:33:26.000000;2016-03-30T03:33:26.000000;e5f01b15-85c5-447a-a1dd-b680fe3034a2;415.61;0.5;UNKNOWN
2016-03-30T03:35:14.000000;2016-03-30T03:35:14.000000;f881f8d7-3faa-4cd0-a699-65c00e4eb72a;415.09;0.08580504;UNKNOWN
2016-03-30T03:35:15.000000;2016-03-30T03:35:15.000000;fceb1cb4-7e43-4496-b5f1-192f6b7e5367;415.1;0.08580772;UNKNOWN
2016-03-30T03:35:15.000000;2016-03-30T03:35:15.000000;27736fb7-e155-427f-8b49-8d56c9cb96db;415.1;0.08580504;UNKNOWN
2016-03-30T03:35:18.000000;2016-03-30T03:35:18.000000;aeb93a64-cde6-4ae1-a7c0-f45d64a30a79;415.56;2.4;UNKNOWN
2016-03-30T03:35:18.000000;2016-03-30T03:35:18.000000;d24cf624-cda1-4242-b59e-7f566c71cea0;415.56;9.85591546;UNKNOWN
2016-03-30T03:35:18.000000;2016-03-30T03:35:18.000000;cd81867d-0280-4b8a-954d-3f032d7f32d1;415.7;13.3377;UNKNOWN
2016-03-30T03:35:18.000000;2016-03-30T03:35:18.000000;84ce58db-73e4-41a2-ae16-267b42db791b;415.83;11.15541221;UNKNOWN
2016-03-30T03:35:18.000000;2016-03-30T03:35:18.000000;234e57ad-ae59-4b7c-bdaa-a74346a4b48a;415.74;0.065124;UNKNOWN
2016-03-30T03:35:18.000000;2016-03-30T03:35:18.000000;9ed14779-4a56-45ff-95aa-00e560d20877;415.81;14.3105;UNKNOWN
2016-03-30T03:35:18.000000;2016-03-30T03:35:18.000000;90fb0977-adc9-4d95-b59c-cef1686dee81;415.81;3.87534833;UNKNOWN
2016-03-30T03:35:47.000000;2016-03-30T03:35:47.000000;4c3a77fc-e765-403f-8f72-86078a2f5ce2;415.54;5.0;UNKNOWN
2016-03-30T03:36:43.000000;2016-03-30T03:36:43.000000;8bcbda14-4d16-4ef0-be9b-c16821217f7b;415.22;0.27411662;UNKNOWN
2016-03-30T03:37:39.000000;2016-03-30T03:37:39.000000;611a8a1e-8433-4eeb-ba2b-360e1b932970;415.54;0.3;UNKNOWN
2016-03-30T03:38:05.000000;2016-03-30T03:38:05.000000;4828cf55-c71d-4a17-9267-3ef24ae9263b;415.36;0.03864262;UNKNOWN
2016-03-30T03:38:06.000000;2016-03-30T03:38:06.000000;0ec0e9c3-a447-4d89-99b8-85501dba7fcc;415.54;1.0288;UNKNOWN
2016-03-30T03:38:49.000000;2016-03-30T03:38:49.000000;6866f37f-b528-4c0b-b49c-d79ee8c2a1f3;415.39;0.02144195;UNKNOWN
2016-03-30T03:39:05.000000;2016-03-30T03:39:05.000000;8c10c9e6-e55f-4566-83b3-d6c0d92f8a0b;415.54;0.22;UNKNOWN
2016-03-30T03:40:27.000000;2016-03-30T03:40:27.000000;e3c99da2-a9a5-439a-b280-87d6f1d3d89a;415.27;0.5;UNKNOWN
2016-03-30T03:40:27.000000;2016-03-30T03:40:27.000000;5d4cbdd0-153f-46d8-8f56-060725fef47f;415.27;3.0;UNKNOWN
2016-03-30T03:40:27.000000;2016-03-30T03:40:27.000000;7b528e89-cfe1-482e-8f8f-696ee28866f9;415.26;15.06;UNKNOWN
2016-03-30T03:40:29.000000;2016-03-30T03:40:29.000000;b9dccd0e-5e83-43d8-b3b8-ea514a43e54c;415.24;0.5;UNKNOWN
2016-03-30T03:41:05.000000;2016-03-30T03:41:05.000000;c3a320d8-6221-4a44-81ea-c7bee3c5b3c0;415.19;0.0447;UNKNOWN
2016-03-30T03:42:58.000000;2016-03-30T03:42:58.000000;f00efa48-5df5-40e0-ba88-3294aeef6e0c;415.29;0.16282605;UNKNOWN
2016-03-30T03:44:47.000000;2016-03-30T03:44:47.000000;697cd2e1-96a4-4d69-bcbb-c08eb098c877;415.51;2.4;UNKNOWN
2016-03-30T03:44:47.000000;2016-03-30T03:44:47.000000;b21fe1fb-670b-4fb9-9fa7-69df95c3273c;415.51;12.6;UNKNOWN
2016-03-30T03:45:04.000000;2016-03-30T03:45:04.000000;18eeceee-5da0-4f9e-8936-8ab313ac430e;415.51;0.065114;UNKNOWN
2016-03-30T03:45:04.000000;2016-03-30T03:45:04.000000;53177344-1298-4ee5-b7b1-3a9a86456c9f;415.54;0.434886;UNKNOWN
2016-03-30T03:45:14.000000;2016-03-30T03:45:14.000000;cc109179-3d30-4cb6-8d32-fe43631935eb;415.13;0.03653358;UNKNOWN
2016-03-30T03:45:17.000000;2016-03-30T03:45:17.000000;2f8a65d9-47bd-4f03-bf38-c95db109fe7a;415.14;0.18798891;UNKNOWN
2016-03-30T03:47:13.000000;2016-03-30T03:47:13.000000;5d05dd2d-7ea4-40df-a712-b8f62562f4e9;415.02;3.0;UNKNOWN
2016-03-30T03:47:13.000000;2016-03-30T03:47:13.000000;8ceee9ac-e19e-4605-bc6d-8804601eefc6;415.01;0.08687064;UNKNOWN
2016-03-30T03:47:13.000000;2016-03-30T03:47:13.000000;6a1ad28b-476e-4898-83c3-ea3a24fc0b06;415.11;0.46;UNKNOWN
2016-03-30T03:47:13.000000;2016-03-30T03:47:13.000000;fc8469e6-0b29-4326-b621-23740f7de84e;415.2;0.99;UNKNOWN
2016-03-30T03:47:13.000000;2016-03-30T03:47:13.000000;735bb7d2-f006-468a-b5bb-64ab19442787;415.12;0.98;UNKNOWN
2016-03-30T03:47:23.000000;2016-03-30T03:47:23.000000;6251baa4-0143-46e2-ab94-7ea5c687622f;415.08;0.18646099;UNKNOWN
2016-03-30T03:47:24.000000;2016-03-30T03:47:24.000000;f48a144a-91a6-44e5-9cbb-4f6068a695f2;415.09;0.22914;UNKNOWN
2016-03-30T03:48:16.000000;2016-03-30T03:48:16.000000;e9ce4b71-cbe8-4908-98f4-e6489ea827a6;415.43;12.9875;UNKNOWN
2016-03-30T03:48:16.000000;2016-03-30T03:48:16.000000;a12e466c-24cf-4c63-8dc7-fbbdbbace3d6;415.39;0.5;UNKNOWN
2016-03-30T03:48:16.000000;2016-03-30T03:48:16.000000;a06daa06-7e91-463b-8e82-298528da9870;415.55;4.642964;UNKNOWN
2016-03-30T03:48:16.000000;2016-03-30T03:48:16.000000;157534af-1b7b-40ed-aab5-5d520aff022e;415.41;6.0;UNKNOWN
2016-03-30T03:48:16.000000;2016-03-30T03:48:16.000000;2bf38105-6092-4484-8de7-05c1af1ad513;415.54;20.3881;UNKNOWN
2016-03-30T03:48:16.000000;2016-03-30T03:48:16.000000;79f2d3e7-d02f-490c-99a8-f160a91b26c5;415.54;2.4;UNKNOWN
2016-03-30T03:48:16.000000;2016-03-30T03:48:16.000000;c93c971f-3597-4361-9d4e-d6abe03cd4ac;415.4;3.0;UNKNOWN
2016-03-30T03:48:16.000000;2016-03-30T03:48:16.000000;023bc30e-6cbd-4f99-820a-8fe79bdc5a1b;415.54;0.016314;UNKNOWN
2016-03-30T03:48:16.000000;2016-03-30T03:48:16.000000;9cd26af6-21ae-4377-8e6e-8196589d27e6;415.44;0.065122;UNKNOWN
2016-03-30T03:48:39.000000;2016-03-30T03:48:39.000000;9dccdc13-1573-41d6-a897-9a5ff8387d8e;415.67;15.0;UNKNOWN
2016-03-30T03:49:05.000000;2016-03-30T03:49:05.000000;5d7514f1-1811-4829-84ce-906f3916765d;415.23;0.04628999;UNKNOWN
2016-03-30T03:49:17.000000;2016-03-30T03:49:17.000000;6010426e-173e-445e-ba34-be32d3e8c5da;415.23;0.45371001;UNKNOWN
2016-03-30T03:51:26.000000;2016-03-30T03:51:26.000000;d5c14abe-cbd4-4f05-a2d8-f6621c25d42d;415.2;0.0775443;UNKNOWN
2016-03-30T03:51:27.000000;2016-03-30T03:51:27.000000;e1bde5b4-3783-4b9b-8782-6f21f3fac689;415.2;0.0775443;UNKNOWN
2016-03-30T03:51:38.000000;2016-03-30T03:51:38.000000;aa95696c-4d3f-4f21-90f8-ff45ee45f351;415.2;0.118641;UNKNOWN
2016-03-30T03:51:40.000000;2016-03-30T03:51:40.000000;4dda1412-080e-4da4-9156-a969f780f8d8;415.2;0.15021668;UNKNOWN
2016-03-30T03:51:41.000000;2016-03-30T03:51:41.000000;1d327d0a-bf81-47bc-bfab-b66e55e61da8;415.2;0.03158101;UNKNOWN
2016-03-30T03:51:44.000000;2016-03-30T03:51:44.000000;2aff6e51-ef5b-4d43-809e-8fd53d295b08;415.2;0.15021668;UNKNOWN
2016-03-30T03:52:06.000000;2016-03-30T03:52:06.000000;7534219b-cf02-4e33-aa2f-0366fc0deaec;415.2;5.9705;UNKNOWN
2016-03-30T03:52:06.000000;2016-03-30T03:52:06.000000;4a881728-7a3a-4144-b0e1-9e368e489272;415.2;0.99;UNKNOWN
2016-03-30T03:52:06.000000;2016-03-30T03:52:06.000000;c2831010-3ac3-47f5-85fa-5929ed0d5d00;415.2;1.39425603;UNKNOWN
2016-03-30T03:52:07.000000;2016-03-30T03:52:07.000000;fc4ded8a-9195-4c92-800d-bcd9b279135f;415.19;0.0775443;UNKNOWN
2016-03-30T03:53:20.000000;2016-03-30T03:53:20.000000;b838cef5-0613-4b06-a113-9e241f3dcfbb;415.16;1.19;UNKNOWN
2016-03-30T03:55:12.000000;2016-03-30T03:55:12.000000;03241f56-6c90-4e71-96b0-a40ce61b6f76;415.2;0.065115;UNKNOWN
2016-03-30T03:55:12.000000;2016-03-30T03:55:12.000000;d8968aa4-a9c2-45c8-848e-ada03d31637e;415.52;2.794885;UNKNOWN
2016-03-30T03:55:25.000000;2016-03-30T03:55:25.000000;3fa94846-0b58-4dc7-83fb-f5d4eb7be3de;415.24;0.24138275;UNKNOWN
2016-03-30T03:55:50.000000;2016-03-30T03:55:50.000000;7215687c-6340-441e-acee-4fb6d6a9c22e;415.36;0.13256286;UNKNOWN
2016-03-30T03:56:06.000000;2016-03-30T03:56:06.000000;ba916f8b-63a4-49cb-b33d-c38aa4c984b2;415.35;0.04992096;UNKNOWN
2016-03-30T03:56:16.000000;2016-03-30T03:56:16.000000;cbe685c8-686d-48b3-ae7f-a3ab9d9bf9f7;415.38;0.13952117;UNKNOWN
2016-03-30T03:56:25.000000;2016-03-30T03:56:25.000000;70f1cee9-ab33-4907-ab10-af61bad2220a;415.38;0.14983592;UNKNOWN
2016-03-30T03:56:32.000000;2016-03-30T03:56:32.000000;420fd1b1-b2ee-4b01-bc76-98e561db4f85;415.38;0.01743205;UNKNOWN
2016-03-30T03:56:48.000000;2016-03-30T03:56:48.000000;26f264af-5973-40cb-a41c-f669eb32b19c;415.38;0.08037623;UNKNOWN
2016-03-30T03:56:53.000000;2016-03-30T03:56:53.000000;120813d6-4dd4-4df2-b114-c570ebb2bdff;415.38;0.13360076;UNKNOWN
2016-03-30T03:57:01.000000;2016-03-30T03:57:01.000000;1eb629cb-4f6f-4816-9b0c-612a1a3bffa4;415.37;0.01396953;UNKNOWN
2016-03-30T03:57:11.000000;2016-03-30T03:57:11.000000;ab62ba26-4f4b-4ba1-b07b-1084ba2f7e5f;415.38;0.04561694;UNKNOWN
2016-03-30T03:57:19.000000;2016-03-30T03:57:19.000000;07675c5b-264a-40e4-bc40-a3c8155e981f;415.36;0.15618478;UNKNOWN
2016-03-30T03:57:34.000000;2016-03-30T03:57:34.000000;2e4a8301-d094-4a2b-b079-5499f6c9d834;415.36;0.03208244;UNKNOWN
2016-03-30T03:57:53.000000;2016-03-30T03:57:53.000000;3b1ed0e4-580b-4aa6-9c95-ae84c2281b70;415.36;0.1868839;UNKNOWN
2016-03-30T03:57:56.000000;2016-03-30T03:57:56.000000;2c88f3d8-d281-40f1-bba8-4fbaeee7da13;415.36;0.08069514;UNKNOWN
2016-03-30T03:58:07.000000;2016-03-30T03:58:07.000000;2f297aae-bd91-4401-897c-16bfa871cda7;415.36;0.06497308;UNKNOWN
2016-03-30T03:58:21.000000;2016-03-30T03:58:21.000000;c60b8173-4fdd-48fe-8cfa-8945261ba817;415.36;0.16057699;UNKNOWN
2016-03-30T03:58:24.000000;2016-03-30T03:58:24.000000;ee13f4e6-35bd-4bfe-9308-661964550015;415.36;0.05753749;UNKNOWN
2016-03-30T03:58:29.000000;2016-03-30T03:58:29.000000;2f7cb74b-2c24-4482-8821-5d9b9c67fe2c;415.36;0.05827888;UNKNOWN
2016-03-30T03:58:43.000000;2016-03-30T03:58:43.000000;9729284e-6a99-45ae-8f61-d5fc53d5b1c7;415.37;0.12112907;UNKNOWN
2016-03-30T03:58:47.000000;2016-03-30T03:58:47.000000;c0588690-5ea9-409d-8f85-b464471ed045;415.38;0.07161165;UNKNOWN
2016-03-30T03:58:58.000000;2016-03-30T03:58:58.000000;4f27d413-d1c9-40d4-8bb7-95574ff6084d;415.36;0.07063236;UNKNOWN
2016-03-30T03:59:13.000000;2016-03-30T03:59:13.000000;5586849d-f43f-4037-8f1d-324955a1cd06;415.36;0.20860437;UNKNOWN
2016-03-30T03:59:22.000000;2016-03-30T03:59:22.000000;2aca4e22-98aa-4e95-bbb6-6793ce90eff5;415.36;0.06890784;UNKNOWN
2016-03-30T03:59:34.000000;2016-03-30T03:59:34.000000;9a3a70d2-2444-4b2c-a95a-8bc05d04d1c1;415.36;0.08305146;UNKNOWN
2016-03-30T03:59:44.000000;2016-03-30T03:59:44.000000;49d4de8a-4686-4ffe-8350-407f1626fbf7;415.36;0.15141213;UNKNOWN
2016-03-30T03:59:54.000000;2016-03-30T03:59:54.000000;6647bbf3-342e-4a35-83d1-2168d5d985e1;415.36;0.01034172;UNKNOWN
2016-03-30T04:00:02.000000;2016-03-30T04:00:02.000000;e3af3ac2-99bb-4ecb-aa06-c0c25a5034fb;415.36;0.36605172;UNKNOWN
2016-03-30T04:00:06.000000;2016-03-30T04:00:06.000000;7b06e82d-3cd8-43cc-bdd4-5d8ff09ba225;415.38;0.3;UNKNOWN
2016-03-30T04:00:07.000000;2016-03-30T04:00:07.000000;5b1dd803-5800-4795-adbc-eb460f13327f;415.36;0.13643711;UNKNOWN
2016-03-30T04:00:34.000000;2016-03-30T04:00:34.000000;c44277fd-7f4f-4a66-b6e1-d2b7d5e202ed;415.38;0.2;UNKNOWN
2016-03-30T04:04:07.000000;2016-03-30T04:04:07.000000;fc951365-f38f-487f-969f-d667dc40cc36;415.35;0.0370858;UNKNOWN
2016-03-30T04:05:57.000000;2016-03-30T04:05:57.000000;e1d5e989-a15b-44a4-b60c-49cf4efb8c23;415.38;0.065106;UNKNOWN
2016-03-30T04:09:11.000000;2016-03-30T04:09:11.000000;b89f5ec0-70ba-4914-bebb-323a21864c95;415.77;0.74925874;UNKNOWN
2016-03-30T04:09:13.000000;2016-03-30T04:09:13.000000;0b943f27-143d-4d3c-b7b7-1200ac68fa1c;415.77;0.74925874;UNKNOWN
2016-03-30T04:09:13.000000;2016-03-30T04:09:13.000000;33c336ed-da39-4099-ac2e-86b2a80aa599;415.77;0.74925874;UNKNOWN
2016-03-30T04:09:14.000000;2016-03-30T04:09:14.000000;5278308a-ecde-4eff-b0a4-6e3d4e9041f5;415.77;0.06749786;UNKNOWN
2016-03-30T04:09:14.000000;2016-03-30T04:09:14.000000;4ab1e43a-aa27-477e-b49f-e0d5dff135e2;415.77;0.93316348;UNKNOWN
2016-03-30T04:09:14.000000;2016-03-30T04:09:14.000000;2cada108-43da-4813-92e4-450729486c81;415.77;0.74925874;UNKNOWN
2016-03-30T04:09:14.000000;2016-03-30T04:09:14.000000;a05d9f11-c65b-4b71-ad98-8a981ed7a1a1;415.77;0.74925874;UNKNOWN
2016-03-30T04:09:15.000000;2016-03-30T04:09:15.000000;7ee3f3ee-074f-4774-9050-27c5043df99b;415.77;0.74925874;UNKNOWN
2016-03-30T04:09:16.000000;2016-03-30T04:09:16.000000;113563ed-521f-4455-816d-a6f4bca8d5e8;415.77;0.74925874;UNKNOWN
2016-03-30T04:09:16.000000;2016-03-30T04:09:16.000000;58578c38-1aa3-46f7-97e3-48e4d1649207;415.77;0.75000875;UNKNOWN
2016-03-30T04:09:17.000000;2016-03-30T04:09:17.000000;a9259566-9c28-4acc-b70a-b9b9070cc49a;415.77;0.74925874;UNKNOWN
2016-03-30T04:09:25.000000;2016-03-30T04:09:25.000000;48c15bad-595e-4541-867e-73454006e18e;415.78;0.3367;UNKNOWN
2016-03-30T04:09:34.000000;2016-03-30T04:09:34.000000;862889ff-34d0-4b54-bace-6152be3d3bbd;415.77;0.74925874;UNKNOWN
2016-03-30T04:09:35.000000;2016-03-30T04:09:35.000000;b83982ea-74be-46d0-99f6-b8b03b88f29d;415.77;0.74925874;UNKNOWN
2016-03-30T04:09:35.000000;2016-03-30T04:09:35.000000;c24f7d0e-7f38-4aad-aa21-27ad5669f840;415.77;0.74925874;UNKNOWN
2016-03-30T04:10:58.000000;2016-03-30T04:10:58.000000;faa993c5-5ca5-4671-b2c7-02a6f2ef4889;415.78;0.088577;UNKNOWN
2016-03-30T04:12:25.000000;2016-03-30T04:12:25.000000;f22e93e1-15c2-43eb-b2af-46e4bce93557;415.72;0.36225526;UNKNOWN
2016-03-30T04:12:31.000000;2016-03-30T04:12:31.000000;3ddc6bf4-a6dc-42e7-bdf7-69bec3d5b6a1;415.72;0.04892569;UNKNOWN
2016-03-30T04:12:32.000000;2016-03-30T04:12:32.000000;e4f039df-563e-4aea-83b7-7a9041b3b60f;415.72;0.03077261;UNKNOWN
2016-03-30T04:12:38.000000;2016-03-30T04:12:38.000000;564e74b5-6bef-412b-a8c2-b4eec748d835;415.7;0.63322559;UNKNOWN
2016-03-30T04:12:40.000000;2016-03-30T04:12:40.000000;0ea08b9e-0f29-466f-a6c6-e834f8d9bb09;415.7;0.74938491;UNKNOWN
2016-03-30T04:12:42.000000;2016-03-30T04:12:42.000000;c9d4d024-eb2f-494d-93c0-91f6eee527d5;415.7;0.74938491;UNKNOWN
2016-03-30T04:12:44.000000;2016-03-30T04:12:44.000000;177b9c6f-adf1-461e-a9d4-d6000680a439;415.7;0.74938491;UNKNOWN
2016-03-30T04:12:47.000000;2016-03-30T04:12:47.000000;403cd892-a6c7-43c0-bfc5-8c3640c1a316;415.7;0.75013504;UNKNOWN
2016-03-30T04:12:53.000000;2016-03-30T04:12:53.000000;f68599f9-0d60-4dc6-a488-f804acf2c010;415.7;0.74938491;UNKNOWN
2016-03-30T04:12:53.000000;2016-03-30T04:12:53.000000;475aee72-3435-44de-8ba8-116ab052ec87;415.7;0.1790997;UNKNOWN
2016-03-30T04:12:55.000000;2016-03-30T04:12:55.000000;b7cd90f6-cf40-4c2c-adc5-964cfaca7752;415.7;0.05837999;UNKNOWN
2016-03-30T04:12:58.000000;2016-03-30T04:12:58.000000;c4957447-1ce7-430b-bd7f-daea1d56406c;415.7;0.1790997;UNKNOWN
2016-03-30T04:12:58.000000;2016-03-30T04:12:58.000000;0a53388a-d3ed-49e5-93b0-b806ca55b8a7;415.7;0.1790997;UNKNOWN
2016-03-30T04:13:32.000000;2016-03-30T04:13:32.000000;5380eca3-d0ed-4525-ae6a-cc0b25cf85aa;415.69;0.05302628;UNKNOWN
2016-03-30T04:14:06.000000;2016-03-30T04:14:06.000000;d6b740b1-b08d-4113-b681-1bf36250b68a;415.71;10.0;UNKNOWN
2016-03-30T04:14:08.000000;2016-03-30T04:14:08.000000;bc55f122-f685-4cfa-9799-34bee6284b9c;415.69;0.049308;UNKNOWN
2016-03-30T04:14:26.000000;2016-03-30T04:14:26.000000;353e8101-b672-4d34-afd8-15f751ab5b20;415.69;0.15563561;UNKNOWN
2016-03-30T04:14:26.000000;2016-03-30T04:14:26.000000;ea99575a-9da9-46d4-8575-2da72a5fe0e2;415.69;0.10517204;UNKNOWN
2016-03-30T04:15:24.000000;2016-03-30T04:15:24.000000;d2990ef0-538e-46c7-85e2-834eacfd1277;415.69;0.0506099;UNKNOWN
2016-03-30T04:15:49.000000;2016-03-30T04:15:49.000000;9575d222-9600-437f-85ed-853332b61389;415.69;0.74940294;UNKNOWN
2016-03-30T04:15:50.000000;2016-03-30T04:15:50.000000;22152ae2-6cd5-49a9-aa94-98345596e06a;415.69;0.27813675;UNKNOWN
2016-03-30T04:15:53.000000;2016-03-30T04:15:53.000000;386d1977-78de-4025-bac3-3ecf733e5b7b;415.69;0.63285708;UNKNOWN
2016-03-30T04:15:54.000000;2016-03-30T04:15:54.000000;8efe7a08-b554-4b8c-8f5b-88a55183b10f;415.69;0.05045964;UNKNOWN
2016-03-30T04:16:04.000000;2016-03-30T04:16:04.000000;f480091b-3ec6-4e2b-966c-a10af272b056;415.69;0.1;UNKNOWN
2016-03-30T04:16:05.000000;2016-03-30T04:16:05.000000;49efd28b-cc36-4f87-95d6-b636734d1b80;415.7;0.72657152;UNKNOWN
2016-03-30T04:16:05.000000;2016-03-30T04:16:05.000000;686a6905-c12f-4fb6-a3b0-0167657869d4;415.69;0.74940294;UNKNOWN
2016-03-30T04:16:17.000000;2016-03-30T04:16:17.000000;9ec631cf-843d-4d3b-baad-55da5865325a;415.71;0.63321036;UNKNOWN
2016-03-30T04:16:18.000000;2016-03-30T04:16:18.000000;d39375f9-c57d-454d-b1e4-1a87c90ad814;415.71;0.11690664;UNKNOWN
2016-03-30T04:16:22.000000;2016-03-30T04:16:22.000000;b54d6e2c-fae3-4931-ae85-f99ff58cb69e;415.71;0.07494168;UNKNOWN
2016-03-30T04:16:46.000000;2016-03-30T04:16:46.000000;93d618ad-5bc9-46f7-b7b9-7b4d050402f1;415.71;0.55479793;UNKNOWN
2016-03-30T04:16:54.000000;2016-03-30T04:16:54.000000;ea6aa924-6f37-45ea-a03d-739384934ac9;415.71;0.12620406;UNKNOWN
2016-03-30T04:16:57.000000;2016-03-30T04:16:57.000000;2f2cfefa-75c4-412e-b8e8-b84e010f0811;415.71;0.50687146;UNKNOWN
2016-03-30T04:18:05.000000;2016-03-30T04:18:05.000000;a24b80d9-18df-42ba-87de-9ec8763e9094;415.71;0.185;UNKNOWN
2016-03-30T04:18:11.000000;2016-03-30T04:18:11.000000;fe4013a3-ca41-4305-a99c-4ba24e08ddc8;415.71;0.185;UNKNOWN
2016-03-30T04:18:20.000000;2016-03-30T04:18:20.000000;824e0ced-81b6-481c-ac9f-48e641d233ae;415.71;0.02660722;UNKNOWN
2016-03-30T04:18:31.000000;2016-03-30T04:18:31.000000;3191a9aa-5d4a-45ae-8fa1-bd5dab9e5fc4;415.71;0.032;UNKNOWN
2016-03-30T04:18:35.000000;2016-03-30T04:18:35.000000;6d723596-e476-4614-a35a-fe784ef198fb;415.71;0.064;UNKNOWN
2016-03-30T04:18:41.000000;2016-03-30T04:18:41.000000;c3ebf4a5-3de2-4289-ab35-433734f64797;415.71;0.185;UNKNOWN
2016-03-30T04:18:43.000000;2016-03-30T04:18:43.000000;dd0ffdf6-1afa-44c1-b1e2-92f9363c9bdb;415.78;0.160171;UNKNOWN
2016-03-30T04:18:43.000000;2016-03-30T04:18:43.000000;cae6dedc-bd80-4137-9318-fb1bd46e63f6;415.78;0.139829;UNKNOWN
2016-03-30T04:18:53.000000;2016-03-30T04:18:53.000000;d3a7ee37-b7d5-4d0e-afab-1645b495bcd0;415.79;0.15;UNKNOWN
2016-03-30T04:19:01.000000;2016-03-30T04:19:01.000000;9f8a5ee7-c8e3-4eb6-954d-f0e65447d793;415.73;0.185;UNKNOWN
2016-03-30T04:19:06.000000;2016-03-30T04:19:06.000000;193cf7d2-de3f-4612-ba80-b108aacee89a;415.73;0.185;UNKNOWN
2016-03-30T04:19:11.000000;2016-03-30T04:19:11.000000;fb986156-6e43-4c60-b7d9-5f751babaadd;415.73;0.185;UNKNOWN
2016-03-30T04:19:19.000000;2016-03-30T04:19:19.000000;873ef31c-39a9-4808-8e39-89ef629de2ca;415.73;0.185;UNKNOWN
2016-03-30T04:19:25.000000;2016-03-30T04:19:25.000000;dc1e942f-884e-475a-81e7-3b9ec8aeb987;415.73;0.185;UNKNOWN
2016-03-30T04:19:30.000000;2016-03-30T04:19:30.000000;db5ee1e8-7c4a-4233-b037-78a7b1ceafb7;415.73;0.185;UNKNOWN
2016-03-30T04:19:35.000000;2016-03-30T04:19:35.000000;4ab0d325-bf89-4ff4-adc2-dff88475a35d;415.73;0.185;UNKNOWN
2016-03-30T04:19:37.000000;2016-03-30T04:19:37.000000;dcec11de-84a8-4881-9158-bb3851722e7a;415.73;3.595;UNKNOWN
2016-03-30T04:19:37.000000;2016-03-30T04:19:37.000000;849d2112-b745-478e-884a-46bf0abddf7a;415.73;0.405;UNKNOWN
2016-03-30T04:19:45.000000;2016-03-30T04:19:45.000000;778ec3ea-5f41-41e8-aec5-7c5b2495ee71;415.69;0.185;UNKNOWN
2016-03-30T04:19:51.000000;2016-03-30T04:19:51.000000;b4b665a0-4b8d-4fb0-8ee1-05089770acb0;415.69;0.151;UNKNOWN
2016-03-30T04:19:56.000000;2016-03-30T04:19:56.000000;b11e4b9e-25b6-437a-9fd9-690b8ee0c4e9;415.69;0.032;UNKNOWN
2016-03-30T04:20:02.000000;2016-03-30T04:20:02.000000;7fb92ab2-d400-4da2-b187-fca9b3dedf78;415.69;0.15;UNKNOWN
2016-03-30T04:20:06.000000;2016-03-30T04:20:06.000000;ed002d38-b72b-46e1-86ca-f756f5adffa9;415.69;0.185;UNKNOWN
2016-03-30T04:20:11.000000;2016-03-30T04:20:11.000000;e1614b58-9d73-49b1-a56d-e392f6458c4a;415.69;0.185;UNKNOWN
2016-03-30T04:20:15.000000;2016-03-30T04:20:15.000000;d3ea6679-657d-45e6-991f-259c82f122f9;415.69;0.063;UNKNOWN
2016-03-30T04:20:20.000000;2016-03-30T04:20:20.000000;43d35564-e725-42bf-bf72-4feb84c79354;415.69;0.959;UNKNOWN
2016-03-30T04:20:20.000000;2016-03-30T04:20:20.000000;c86f6be9-e94e-43c9-b56b-a2dfcec6f9b4;415.69;0.09;UNKNOWN
2016-03-30T04:20:20.000000;2016-03-30T04:20:20.000000;decc5701-a0c1-465c-a26a-ee8f0edd0197;415.69;0.246;UNKNOWN
2016-03-30T04:20:25.000000;2016-03-30T04:20:25.000000;7e3a7f78-f7fd-43f3-b394-383f880df1b0;415.69;0.1;UNKNOWN
2016-03-30T04:20:30.000000;2016-03-30T04:20:30.000000;e3733f8a-bc15-4a16-bc44-c3e22e381bee;415.69;0.185;UNKNOWN
2016-03-30T04:20:34.000000;2016-03-30T04:20:34.000000;8a0dd991-db00-4d98-88a2-545410e0c8b5;415.69;0.183;UNKNOWN
2016-03-30T04:21:02.000000;2016-03-30T04:21:02.000000;b46ca9c7-3d8e-49e2-986f-2fd963affcfb;415.73;0.032;UNKNOWN
2016-03-30T04:21:27.000000;2016-03-30T04:21:27.000000;c4da47ca-74e0-4795-b770-7baf5e3b33b6;415.8;0.4;UNKNOWN
2016-03-30T04:21:48.000000;2016-03-30T04:21:48.000000;91815f7a-65d7-4b49-ae97-9b6cf41fe93f;415.8;0.05;UNKNOWN
2016-03-30T04:22:06.000000;2016-03-30T04:22:06.000000;d24f2df9-e610-4ef7-ae2c-54b704a2c7e3;415.8;2.42;UNKNOWN
2016-03-30T04:25:11.000000;2016-03-30T04:25:11.000000;0fdb5e61-2cbe-413a-b430-c6b3997d3b52;415.73;0.122;UNKNOWN
2016-03-30T04:25:17.000000;2016-03-30T04:25:17.000000;29124f73-601c-48d6-9e73-3dd8a88f9871;415.73;0.032;UNKNOWN
2016-03-30T04:25:22.000000;2016-03-30T04:25:22.000000;a8f7fc05-0e76-4cb7-9dca-9bd6bca216b3;415.73;0.185;UNKNOWN
2016-03-30T04:25:26.000000;2016-03-30T04:25:26.000000;c171cd6d-b5e4-4599-8320-f95d6a79ea53;415.73;0.185;UNKNOWN
2016-03-30T04:25:39.000000;2016-03-30T04:25:39.000000;846ad32b-0044-4ee4-98fe-bf2ec3c2468d;415.73;0.184;UNKNOWN
2016-03-30T04:25:44.000000;2016-03-30T04:25:44.000000;ccab0969-3cc5-4ac3-a22d-075da8d70998;415.73;0.185;UNKNOWN
2016-03-30T04:25:54.000000;2016-03-30T04:25:54.000000;9fc37017-c3f7-40a2-ae73-82aa8444fe6b;415.73;0.185;UNKNOWN
2016-03-30T04:26:04.000000;2016-03-30T04:26:04.000000;8864afcf-b29b-443c-85e6-8cf8d68683fc;415.73;0.095;UNKNOWN
2016-03-30T04:26:15.000000;2016-03-30T04:26:15.000000;71af992c-63da-4854-947e-bf6a14dd1a23;415.73;0.185;UNKNOWN
2016-03-30T04:26:22.000000;2016-03-30T04:26:22.000000;452d3f83-148a-4ca8-b0b9-95864997a6b9;415.73;0.181;UNKNOWN
2016-03-30T04:26:25.000000;2016-03-30T04:26:25.000000;f9b75e40-97ae-4582-93ce-3ee0feac021d;415.73;0.185;UNKNOWN
2016-03-30T04:26:31.000000;2016-03-30T04:26:31.000000;60bf30a7-8a8c-4ef2-adb0-21f3fbab8b28;415.73;0.185;UNKNOWN
2016-03-30T04:26:41.000000;2016-03-30T04:26:41.000000;17993b02-593b-4a32-9377-d9428b67ad6d;415.73;0.185;UNKNOWN
2016-03-30T04:26:46.000000;2016-03-30T04:26:46.000000;6a42f994-0dd8-427f-8182-996ec105e721;415.73;0.03;UNKNOWN
2016-03-30T04:26:49.000000;2016-03-30T04:26:49.000000;dce52ce0-2648-411e-8841-c322b608a0cf;415.73;0.185;UNKNOWN
2016-03-30T04:26:54.000000;2016-03-30T04:26:54.000000;b01b8823-fa75-4838-8f49-6000e1221754;415.73;0.059;UNKNOWN
2016-03-30T04:26:59.000000;2016-03-30T04:26:59.000000;f1063057-2e63-43e3-bed0-ed4ad3ce7035;415.73;0.025;UNKNOWN
2016-03-30T04:29:26.000000;2016-03-30T04:29:26.000000;22d50d15-4224-4cdf-857c-8df6f8c24570;415.77;0.27198283;UNKNOWN
2016-03-30T04:29:45.000000;2016-03-30T04:29:45.000000;982e01cc-5ef7-4172-9fe7-1714bfa8956c;415.84;2.5;UNKNOWN
2016-03-30T04:29:45.000000;2016-03-30T04:29:45.000000;35c7bb97-c0c8-4959-aded-b393596d6100;415.8;5.13;UNKNOWN
2016-03-30T04:29:45.000000;2016-03-30T04:29:45.000000;3bf2f01b-a77f-4cf1-b575-a2955ebe3619;415.8;4.16;UNKNOWN
2016-03-30T04:29:45.000000;2016-03-30T04:29:45.000000;db8a9a4a-458e-40a5-97ec-9c7ca5d814b8;415.85;3.21;UNKNOWN
2016-03-30T04:36:32.000000;2016-03-30T04:36:32.000000;98cad5b6-2a75-4e86-8ffb-281dce39a33a;415.8;1.88150469;UNKNOWN
2016-03-30T04:36:51.000000;2016-03-30T04:36:51.000000;efbe8c89-795b-4bd0-b25a-c52f14550e63;415.77;0.17821956;UNKNOWN
2016-03-30T04:41:58.000000;2016-03-30T04:41:58.000000;fda52127-4958-4a62-bbcc-74b00a304e6a;415.77;0.01509;UNKNOWN
2016-03-30T04:42:57.000000;2016-03-30T04:42:57.000000;cb3d23c4-6452-481a-a289-837ac79b8a08;415.77;0.83872318;UNKNOWN
2016-03-30T04:45:00.000000;2016-03-30T04:45:00.000000;71f86829-0ac4-4693-b93c-9da0abcd244b;415.8;0.604889;UNKNOWN
2016-03-30T04:45:06.000000;2016-03-30T04:45:06.000000;4f24892a-63d4-4a9f-9474-caffdd8a1f7a;415.8;1.0859;UNKNOWN
2016-03-30T04:45:06.000000;2016-03-30T04:45:06.000000;ffb52dd4-41c7-44cc-b3f7-36f480159c5b;415.84;5.20978042;UNKNOWN
2016-03-30T04:45:06.000000;2016-03-30T04:45:06.000000;0f43d349-b1fe-40f2-aea5-3ce81c7e5e43;415.8;3.695111;UNKNOWN
2016-03-30T04:46:26.000000;2016-03-30T04:46:26.000000;15782a6a-257d-4caa-bdd1-c694e7c25b6e;415.77;0.05759822;UNKNOWN
2016-03-30T04:46:26.000000;2016-03-30T04:46:26.000000;d2d9b144-9f15-45ce-ba05-2959b3d3333d;415.77;1.8577101;UNKNOWN
2016-03-30T04:46:27.000000;2016-03-30T04:46:27.000000;1df9d5c5-503a-4b2f-be27-01704d8ec4c9;415.68;0.11309607;UNKNOWN
2016-03-30T04:46:27.000000;2016-03-30T04:46:27.000000;f65871d6-65a4-499f-afa7-150d3cc3fb73;415.77;0.66265894;UNKNOWN
2016-03-30T04:46:28.000000;2016-03-30T04:46:28.000000;aeaf1892-39c5-463e-9c53-e1b478f58913;415.68;0.25593271;UNKNOWN
2016-03-30T04:46:28.000000;2016-03-30T04:46:28.000000;a98a1c3a-0ac2-437e-8096-b0ba47ab012d;415.68;0.86688217;UNKNOWN
2016-03-30T04:46:29.000000;2016-03-30T04:46:29.000000;a4a116a9-f2e2-480c-9941-ff57975c44a5;415.68;0.11307158;UNKNOWN
2016-03-30T04:46:29.000000;2016-03-30T04:46:29.000000;a405bafc-2f0a-4689-bb20-39d3dbba205f;415.68;0.01474846;UNKNOWN
2016-03-30T04:46:30.000000;2016-03-30T04:46:30.000000;b1865ec2-3bf0-4c48-990d-249e6f10bf9d;415.68;0.11309607;UNKNOWN
2016-03-30T04:46:32.000000;2016-03-30T04:46:32.000000;961221c3-807f-40aa-9f41-75b3236364cb;415.66;0.71978335;UNKNOWN
2016-03-30T04:46:32.000000;2016-03-30T04:46:32.000000;0ecb54d2-f3a6-44ca-86b8-913bbef91dd2;415.66;0.09388478;UNKNOWN
2016-03-30T04:48:30.000000;2016-03-30T04:48:30.000000;5b091105-aa35-49b4-adb6-9a21d2bc301a;415.83;0.05765595;UNKNOWN
2016-03-30T04:52:20.000000;2016-03-30T04:52:20.000000;4531ef32-6b8d-493d-80a0-8e8dca6f51e6;415.83;0.02650613;UNKNOWN
2016-03-30T04:53:10.000000;2016-03-30T04:53:10.000000;d64b4d4b-7ab5-4cf5-8342-fbb7b75523fc;415.83;1.21165386;UNKNOWN
2016-03-30T04:54:20.000000;2016-03-30T04:54:20.000000;a6624648-9b53-4d2c-a03d-b305458c4932;415.84;0.2;UNKNOWN
2016-03-30T04:55:01.000000;2016-03-30T04:55:01.000000;38604ec4-f73c-4a5b-9a0a-ce68fe992453;415.83;0.02891578;UNKNOWN
2016-03-30T04:56:01.000000;2016-03-30T04:56:01.000000;f94c2ba7-3441-4e43-86ca-13793b5e1b87;415.83;2.0;UNKNOWN
2016-03-30T04:56:47.000000;2016-03-30T04:56:47.000000;461e9710-f204-45c9-ac88-770ede9338fc;415.84;0.2882;UNKNOWN
2016-03-30T04:59:24.000000;2016-03-30T04:59:24.000000;557a8e2c-f7fb-4695-afbd-0143878db5fe;415.83;0.09729319;UNKNOWN
2016-03-30T05:01:05.000000;2016-03-30T05:01:05.000000;4edd00bc-2673-4a43-9f61-df9923533f86;415.83;0.14657937;UNKNOWN
2016-03-30T05:01:14.000000;2016-03-30T05:01:14.000000;d981477b-32f3-4a79-805c-36378e82bb4d;415.83;0.73919572;UNKNOWN
2016-03-30T05:01:14.000000;2016-03-30T05:01:14.000000;b118902a-9b8a-4baa-b67d-cafb87c68768;415.68;6.0016;UNKNOWN
2016-03-30T05:01:14.000000;2016-03-30T05:01:14.000000;1fb17898-6a92-4d0b-a74c-95df4523ea1b;415.49;3.25920428;UNKNOWN
2016-03-30T05:02:20.000000;2016-03-30T05:02:20.000000;307e9cfa-dde7-4908-b0b7-70ed181ecb92;415.72;0.03855437;UNKNOWN
2016-03-30T05:03:10.000000;2016-03-30T05:03:10.000000;df01d3e6-63d5-419b-a68d-6cd730e1cfe6;415.77;0.96;UNKNOWN
2016-03-30T05:03:10.000000;2016-03-30T05:03:10.000000;d8168aa0-daa9-401d-bcb5-0d53ebc42399;415.67;4.04;UNKNOWN
2016-03-30T05:03:59.000000;2016-03-30T05:03:59.000000;37bfaf30-4df6-4aeb-90ae-ce5bca81ef3c;415.84;0.3809;UNKNOWN
2016-03-30T05:06:58.000000;2016-03-30T05:06:58.000000;8eb2d07c-1d54-4353-b634-933e3eaa9f05;415.7;0.01529;UNKNOWN
2016-03-30T05:09:56.000000;2016-03-30T05:09:56.000000;4f98fe0a-0fd5-4cfc-971f-ea792fd3f663;415.63;0.05061843;UNKNOWN
2016-03-30T05:10:09.000000;2016-03-30T05:10:09.000000;b7540f81-3fdf-4e1e-8abf-849a13b6e059;415.63;0.12477696;UNKNOWN
2016-03-30T05:10:11.000000;2016-03-30T05:10:11.000000;d4ce6ef8-ca28-4137-badb-3129f384ac93;415.63;0.12477696;UNKNOWN
2016-03-30T05:10:12.000000;2016-03-30T05:10:12.000000;6f8299a8-62b8-4fc1-a278-8b8ce930cf3f;415.63;0.12477696;UNKNOWN
2016-03-30T05:11:05.000000;2016-03-30T05:11:05.000000;dbe7c8a2-bf52-467a-9f4d-b6b17c539b6f;415.65;0.15445017;UNKNOWN
2016-03-30T05:12:38.000000;2016-03-30T05:12:38.000000;3b8d532f-2516-41b7-83f2-bca9c55e4418;415.63;1.4008985;UNKNOWN
2016-03-30T05:13:59.000000;2016-03-30T05:13:59.000000;3be5503d-1a6f-4d33-90ed-369828d5082f;415.45;1.0;UNKNOWN
2016-03-30T05:15:51.000000;2016-03-30T05:15:51.000000;bafb1aff-966f-49c4-b8a4-ba2d8693e97e;415.45;0.02912715;UNKNOWN
2016-03-30T05:24:00.000000;2016-03-30T05:24:00.000000;e08b804f-f5ef-4418-b39c-67074526f206;415.73;0.4547;UNKNOWN
2016-03-30T05:24:09.000000;2016-03-30T05:24:09.000000;a3ec1cd6-0d6a-4b80-8e25-2f94a5b637b5;415.69;0.05149483;UNKNOWN
2016-03-30T05:24:10.000000;2016-03-30T05:24:10.000000;fcfc0b77-034c-4b5a-aa5f-ef7e4c038a63;415.69;0.05154637;UNKNOWN
2016-03-30T05:24:10.000000;2016-03-30T05:24:10.000000;105315c5-8593-4899-8d54-f22094e27f58;415.69;0.05149483;UNKNOWN
2016-03-30T05:26:42.000000;2016-03-30T05:26:42.000000;bfadd356-0de0-4533-bc16-a5e5b4d8f0de;415.68;0.48188045;UNKNOWN
2016-03-30T05:26:43.000000;2016-03-30T05:26:43.000000;3cec0be5-d440-4e06-aa76-ffe5b8459b36;415.68;4.0;UNKNOWN
2016-03-30T05:28:17.000000;2016-03-30T05:28:17.000000;10fe7234-3b07-4b82-a0c6-ef33a4416927;415.81;0.09155989;UNKNOWN
2016-03-30T05:28:17.000000;2016-03-30T05:28:17.000000;5e9a7589-e3e8-404c-82fc-69736b7d14ba;415.85;6.79;UNKNOWN
2016-03-30T05:28:17.000000;2016-03-30T05:28:17.000000;455f7b61-a5cc-4208-a724-ad23fb448464;415.84;3.42111958;UNKNOWN
2016-03-30T05:28:18.000000;2016-03-30T05:28:18.000000;f47a9dde-74b5-43ee-bcb6-80f3ea4a742d;415.9;0.02780708;UNKNOWN
2016-03-30T05:29:08.000000;2016-03-30T05:29:08.000000;a1cad4ea-8dbc-46c1-89d3-71bb9a8f2e97;415.97;7.7535;UNKNOWN
2016-03-30T05:30:45.000000;2016-03-30T05:30:45.000000;1069f5de-c149-4fc7-9d1d-820fbe2489e5;415.97;0.39531739;UNKNOWN
2016-03-30T05:30:45.000000;2016-03-30T05:30:45.000000;03dbbaf1-29b1-4648-811a-2412e22a41f2;415.96;0.08518261;UNKNOWN
2016-03-30T05:31:29.000000;2016-03-30T05:31:29.000000;0582619c-95dd-40fd-8605-daf15e1f7f54;415.93;0.08518881;UNKNOWN
2016-03-30T05:31:31.000000;2016-03-30T05:31:31.000000;5983206e-01d6-48fd-9f7a-b05633d33069;415.93;0.09357203;UNKNOWN
2016-03-30T05:32:26.000000;2016-03-30T05:32:26.000000;0f53463a-968e-489f-9fff-9bed673dc99a;415.97;0.04744;UNKNOWN
2016-03-30T05:32:33.000000;2016-03-30T05:32:33.000000;1329a87e-6bf3-48fb-8860-749c38008a1f;415.93;0.5;UNKNOWN
2016-03-30T05:33:09.000000;2016-03-30T05:33:09.000000;e2865927-43b7-473f-abca-e992bed5810f;415.93;0.1;UNKNOWN
2016-03-30T05:33:24.000000;2016-03-30T05:33:24.000000;8d6b15d7-5730-4960-975b-749f6f9f0a04;415.93;0.05962664;UNKNOWN
2016-03-30T05:34:00.000000;2016-03-30T05:34:00.000000;581b988e-6200-41a0-9d52-18ca73b78465;415.93;0.16161252;UNKNOWN
2016-03-30T05:37:05.000000;2016-03-30T05:37:05.000000;4854f3a7-b399-410d-a749-b36681d73782;415.83;0.01;UNKNOWN
2016-03-30T05:37:31.000000;2016-03-30T05:37:31.000000;d00c8db7-9ec7-4a2b-823f-cc5497c6493e;415.93;1.07538748;UNKNOWN
2016-03-30T05:38:10.000000;2016-03-30T05:38:10.000000;86d1654d-c1f3-473b-81da-49973bedc9a8;415.93;1.0;UNKNOWN
2016-03-30T05:38:26.000000;2016-03-30T05:38:26.000000;c1929273-0513-4a59-b8bd-2404e4d76412;415.93;0.92461252;UNKNOWN
2016-03-30T05:38:26.000000;2016-03-30T05:38:26.000000;af44f53a-ea2b-486c-9e95-bd686e702667;415.83;0.07538748;UNKNOWN
2016-03-30T05:38:40.000000;2016-03-30T05:38:40.000000;2dbd1c94-3917-4255-a2d1-e65edc3f2968;415.96;0.79096244;UNKNOWN
2016-03-30T05:38:59.000000;2016-03-30T05:38:59.000000;66b6bd6a-7f4d-4568-a121-bf97dba28385;415.83;5.425;UNKNOWN
2016-03-30T05:39:05.000000;2016-03-30T05:39:05.000000;6e4854f6-847a-4c60-bbfe-6fb67823b851;415.62;0.16151175;UNKNOWN
2016-03-30T05:45:07.000000;2016-03-30T05:45:07.000000;494479f1-b3f9-4d5e-9244-2b384ca7d30e;415.73;0.56492119;UNKNOWN
2016-03-30T05:45:07.000000;2016-03-30T05:45:07.000000;dfeed002-f32e-461e-a144-6c7f1abd15bc;415.73;0.53149793;UNKNOWN
2016-03-30T05:45:07.000000;2016-03-30T05:45:07.000000;3bf64571-aaaf-49f4-a816-6094007ce523;415.73;0.5;UNKNOWN
2016-03-30T05:45:57.000000;2016-03-30T05:45:57.000000;3f4562be-f4ae-4b77-96c6-a21c3ee92efd;415.82;0.24;UNKNOWN
2016-03-30T05:46:21.000000;2016-03-30T05:46:21.000000;de8ee3c8-7563-400a-95d4-2a2f160fa46a;415.75;1.22939349;UNKNOWN
2016-03-30T05:46:30.000000;2016-03-30T05:46:30.000000;e46406a6-3d90-4c77-8943-7f2f2f8e3b08;415.82;0.091;UNKNOWN
2016-03-30T05:46:30.000000;2016-03-30T05:46:30.000000;bdb140b4-3f04-48d5-856d-a0e003efe23c;415.96;0.38976923;UNKNOWN
2016-03-30T05:47:53.000000;2016-03-30T05:47:53.000000;d3b106cb-39b4-4641-a389-13138896dcd6;415.66;1.16393097;UNKNOWN
2016-03-30T05:47:54.000000;2016-03-30T05:47:54.000000;a8615154-2dd3-40a5-ae3f-29fb09f56353;415.66;1.16393552;UNKNOWN
2016-03-30T05:47:55.000000;2016-03-30T05:47:55.000000;ce28bda3-83c2-4e1b-8921-46bbfa071e21;415.66;0.1076039;UNKNOWN
2016-03-30T05:47:55.000000;2016-03-30T05:47:55.000000;5dac5e01-01cb-4753-a364-643feb0d3619;415.66;0.04421377;UNKNOWN
2016-03-30T05:47:55.000000;2016-03-30T05:47:55.000000;709d35db-1167-4393-b644-62526e8adfcf;415.66;1.05632706;UNKNOWN
2016-03-30T05:49:16.000000;2016-03-30T05:49:16.000000;2d93469c-6b11-4e8d-ac2a-9798b2adc790;415.6;0.09643231;UNKNOWN
2016-03-30T05:52:12.000000;2016-03-30T05:52:12.000000;9d583e83-6403-46dd-943b-7753e1cd701e;415.88;0.07228248;UNKNOWN
2016-03-30T05:52:36.000000;2016-03-30T05:52:36.000000;af07f1ce-c1eb-4adb-a53c-67d95fd74ca1;415.88;2.5;UNKNOWN
2016-03-30T05:52:51.000000;2016-03-30T05:52:51.000000;18133129-07c2-48e6-aaa7-dab44b1e7c3e;415.61;2.5;UNKNOWN
2016-03-30T05:55:04.000000;2016-03-30T05:55:04.000000;ed53b3e7-85e8-4647-b452-a06268ff81c2;415.97;0.82934728;UNKNOWN
2016-03-30T05:55:04.000000;2016-03-30T05:55:04.000000;d3a90804-74dd-49ec-b9bc-15094bec5163;415.97;2.80374261;UNKNOWN
2016-03-30T05:55:05.000000;2016-03-30T05:55:05.000000;beb4208f-d582-4161-8a74-0f8967edbc7c;416.0;0.03577;UNKNOWN
2016-03-30T05:58:05.000000;2016-03-30T05:58:05.000000;9f7bc228-49c0-40fd-908e-4b0c8ee4232a;415.93;0.97964804;UNKNOWN
2016-03-30T05:58:05.000000;2016-03-30T05:58:05.000000;2247b3ce-578f-4a6d-b60e-852ef3044991;415.92;1.2;UNKNOWN
2016-03-30T06:00:05.000000;2016-03-30T06:00:05.000000;2bae6656-7d88-42c9-8815-c7600916c32f;415.96;0.02395669;UNKNOWN
2016-03-30T06:01:29.000000;2016-03-30T06:01:29.000000;fc1e0668-90c9-4c38-84b1-a8b2546aa640;415.66;0.59210047;UNKNOWN
2016-03-30T06:06:44.000000;2016-03-30T06:06:44.000000;1bfd5b53-5b39-4ebe-843c-920a4bc504b3;415.7;0.26242636;UNKNOWN
2016-03-30T06:06:45.000000;2016-03-30T06:06:45.000000;408b4a73-df1e-4d84-a5c4-44ac353a9069;415.7;0.05061965;UNKNOWN
2016-03-30T06:08:18.000000;2016-03-30T06:08:18.000000;b907d0c5-8c87-4413-90e1-22383fe01e98;415.7;0.28388523;UNKNOWN
2016-03-30T06:08:19.000000;2016-03-30T06:08:19.000000;f3ee3ce0-25dd-448a-bb00-9a11082ccaee;415.66;0.80832652;UNKNOWN
2016-03-30T06:08:20.000000;2016-03-30T06:08:20.000000;66d10405-33af-4dd7-a676-c617a04ef5e8;415.66;0.80832652;UNKNOWN
2016-03-30T06:10:34.000000;2016-03-30T06:10:34.000000;603de6df-312c-4a97-ab7a-f19cc7964c0b;415.44;5.9278;UNKNOWN
2016-03-30T06:10:34.000000;2016-03-30T06:10:34.000000;defc6632-804b-439b-8865-2b1fe4f4b3d8;415.43;5.94;UNKNOWN
2016-03-30T06:10:34.000000;2016-03-30T06:10:34.000000;9b4dbdf8-ae1e-48ee-a2ad-585f1c44fb8b;415.6;0.0104364;UNKNOWN
2016-03-30T06:10:34.000000;2016-03-30T06:10:34.000000;667bf18a-ca25-44a5-b6f6-3ac796779832;415.41;0.12173205;UNKNOWN
2016-03-30T06:10:41.000000;2016-03-30T06:10:41.000000;93eb175e-c82e-443a-b359-b72b17ea094f;415.41;0.5;UNKNOWN
2016-03-30T06:15:05.000000;2016-03-30T06:15:05.000000;cf24fa43-4c66-49a2-95b9-e26bd6f1a2a8;415.43;0.33487216;UNKNOWN
2016-03-30T06:15:06.000000;2016-03-30T06:15:06.000000;42ec3324-c94c-44a8-9341-80ef4ff57bed;415.43;3.0;UNKNOWN
2016-03-30T06:16:38.000000;2016-03-30T06:16:38.000000;fe1408d1-320b-406b-a9d0-0f55014bd649;415.51;0.301;UNKNOWN
2016-03-30T06:16:38.000000;2016-03-30T06:16:38.000000;ad93b62a-d331-44dc-8dcc-c3b7aaf0912c;415.52;1.0726;UNKNOWN
2016-03-30T06:17:00.000000;2016-03-30T06:17:00.000000;c87787f6-9854-4c9d-bd5f-a4d0bb867921;415.42;0.22910391;UNKNOWN
2016-03-30T06:17:34.000000;2016-03-30T06:17:34.000000;781e1592-617a-4f45-85b1-9191fe099ff8;415.08;2.0401;UNKNOWN
2016-03-30T06:17:34.000000;2016-03-30T06:17:34.000000;dbadc25e-d1c5-4001-b6c3-c599c6e331ac;415.4;10.0;UNKNOWN
2016-03-30T06:17:34.000000;2016-03-30T06:17:34.000000;01e7c3ef-16ce-4ecd-b99b-ad66c6a4dce9;415.39;2.0;UNKNOWN
2016-03-30T06:17:34.000000;2016-03-30T06:17:34.000000;c073cd8b-1ab5-475c-9842-613311b709c8;415.09;5.9599;UNKNOWN
2016-03-30T06:17:54.000000;2016-03-30T06:17:54.000000;588f14d0-3f02-47be-9fa2-2670a6f17b06;415.08;2.14;UNKNOWN
2016-03-30T06:17:54.000000;2016-03-30T06:17:54.000000;5fc68175-cc0f-40ae-8211-f8b1d8d5bfce;415.05;7.86;UNKNOWN
2016-03-30T06:17:59.000000;2016-03-30T06:17:59.000000;01ee77cc-353c-4a9f-943c-fbe4f18a59be;415.0;1.1;UNKNOWN
2016-03-30T06:17:59.000000;2016-03-30T06:17:59.000000;7e3d68a8-b6ce-40c5-b3ee-d4947438c1bd;415.05;3.14;UNKNOWN
2016-03-30T06:17:59.000000;2016-03-30T06:17:59.000000;d655b33a-3909-40db-8e3d-ebe3218c9d8f;415.07;1.62;UNKNOWN
2016-03-30T06:18:06.000000;2016-03-30T06:18:06.000000;9b3fceee-d0d5-4636-b354-66bdc847535f;414.86;0.5;UNKNOWN
2016-03-30T06:18:22.000000;2016-03-30T06:18:22.000000;7363305c-a322-4d1d-a4f5-1723741fedbe;414.61;7.761161;UNKNOWN
2016-03-30T06:18:22.000000;2016-03-30T06:18:22.000000;1550b433-88e9-40d5-a167-2bfb47dc772e;414.67;0.017839;UNKNOWN
2016-03-30T06:18:22.000000;2016-03-30T06:18:22.000000;6bb45401-a9b5-4a0c-bd89-c28ee35eff2a;414.68;0.011;UNKNOWN
2016-03-30T06:18:22.000000;2016-03-30T06:18:22.000000;085e725c-f0c4-4e94-a2a8-4c70a60a1f63;414.8;1.0;UNKNOWN
2016-03-30T06:18:22.000000;2016-03-30T06:18:22.000000;9a97676d-095d-4beb-976b-5ea9333e74ea;414.87;1.21;UNKNOWN
2016-03-30T06:18:23.000000;2016-03-30T06:18:23.000000;75cbd0dd-7d66-4847-a775-d9391daf7cad;414.93;0.302;UNKNOWN
2016-03-30T06:19:01.000000;2016-03-30T06:19:01.000000;a6762fba-2a59-426f-95c4-974a950d7d93;414.63;11.96032527;UNKNOWN
2016-03-30T06:19:01.000000;2016-03-30T06:19:01.000000;82586c07-bc91-4289-b558-f9c9bf3c99b4;414.63;20.80377723;UNKNOWN
2016-03-30T06:19:16.000000;2016-03-30T06:19:16.000000;53f3ec5d-713b-48d1-b26b-39d5a14c71cc;414.61;1.0577822;UNKNOWN
2016-03-30T06:19:30.000000;2016-03-30T06:19:30.000000;c580ad35-ad2c-48dc-acfa-fa5e603d9089;414.61;5.68;UNKNOWN
2016-03-30T06:19:30.000000;2016-03-30T06:19:30.000000;7b80f4c6-1789-4b01-9ab1-a6b124803f26;414.5;2.20112397;UNKNOWN
2016-03-30T06:19:30.000000;2016-03-30T06:19:30.000000;6b3d2eae-8444-4817-be99-126cbb77b2d7;414.61;1.25887603;UNKNOWN
2016-03-30T06:19:36.000000;2016-03-30T06:19:36.000000;08bd4feb-a0fd-437b-b4f4-bef6d67ebd62;414.5;1.32286956;UNKNOWN
2016-03-30T06:19:36.000000;2016-03-30T06:19:36.000000;1e90bb41-0a74-4bf8-a7a1-008f527f45da;414.5;0.5;UNKNOWN
2016-03-30T06:21:06.000000;2016-03-30T06:21:06.000000;e48964a8-0cbf-4a1b-965b-287913846ee5;414.5;4.77375914;UNKNOWN
2016-03-30T06:21:22.000000;2016-03-30T06:21:22.000000;a12146aa-ac97-463a-a1bd-3d757574ecb0;414.5;30.0;UNKNOWN
2016-03-30T06:21:58.000000;2016-03-30T06:21:58.000000;0c11c905-2292-4655-8d39-87b6d2af2681;414.44;0.03;UNKNOWN
2016-03-30T06:21:58.000000;2016-03-30T06:21:58.000000;958735db-8730-4a0e-a5f0-365292affeb2;414.23;0.2;UNKNOWN
2016-03-30T06:21:58.000000;2016-03-30T06:21:58.000000;fa9b6618-1afe-49a6-b9bb-c23a9941ccb3;414.12;0.01;UNKNOWN
2016-03-30T06:21:58.000000;2016-03-30T06:21:58.000000;24108e05-3e72-4342-b0ac-995ad2be26eb;414.0;36.84383187;UNKNOWN
2016-03-30T06:21:58.000000;2016-03-30T06:21:58.000000;7eb76254-81d0-4458-b0ed-f0a04c81878d;414.01;0.2;UNKNOWN
2016-03-30T06:21:58.000000;2016-03-30T06:21:58.000000;6cc2230c-cee2-480d-9c5f-64c21f84ea9b;414.04;7.9292;UNKNOWN
2016-03-30T06:21:58.000000;2016-03-30T06:21:58.000000;71643cc2-f734-492c-b25f-935bbe5df132;414.0;1.0;UNKNOWN
2016-03-30T06:21:58.000000;2016-03-30T06:21:58.000000;1f898c2a-7e22-430a-abdc-fe4d574c69d0;414.0;1.0;UNKNOWN
2016-03-30T06:21:58.000000;2016-03-30T06:21:58.000000;064b6b5f-9f7e-4326-8ed1-abcf4ec6d470;414.4;10.0;UNKNOWN
2016-03-30T06:21:58.000000;2016-03-30T06:21:58.000000;ab256463-1ff0-4957-bb47-f1c970ea0cc2;414.5;93.22824252;UNKNOWN
2016-03-30T06:21:58.000000;2016-03-30T06:21:58.000000;9c04aef5-868c-4699-a7ce-11da3ca2ed51;414.03;10.0;UNKNOWN
2016-03-30T06:22:12.000000;2016-03-30T06:22:12.000000;dd312b7d-945d-41ec-953f-c0f5a183b88e;414.0;0.5;UNKNOWN
2016-03-30T06:22:12.000000;2016-03-30T06:22:12.000000;931eb150-005b-410c-a0f4-5ef365af44ce;414.0;2.5;UNKNOWN
2016-03-30T06:23:06.000000;2016-03-30T06:23:06.000000;3fd6b698-e484-444f-957c-82261ea199f3;414.27;0.5;UNKNOWN
2016-03-30T06:23:06.000000;2016-03-30T06:23:06.000000;53618507-c6b4-4f38-a1a9-585e3ece6712;414.28;0.7;UNKNOWN
2016-03-30T06:24:00.000000;2016-03-30T06:24:00.000000;f289191c-6812-4854-bf0b-10297903b27b;414.04;0.1;UNKNOWN
2016-03-30T06:25:05.000000;2016-03-30T06:25:05.000000;118ebca1-c823-4d41-8ea2-45cb18048b0e;414.51;0.66;UNKNOWN
2016-03-30T06:29:33.000000;2016-03-30T06:29:33.000000;b6f53336-25dc-499a-8fa1-e2bf9f7e1b38;414.01;0.03569855;UNKNOWN
2016-03-30T06:31:37.000000;2016-03-30T06:31:37.000000;6acc95fe-d4e6-4822-b7a0-67b86d5e6449;414.02;1.33237632;UNKNOWN
2016-03-30T06:31:46.000000;2016-03-30T06:31:46.000000;00e06cf9-ca4c-4b01-be18-a630fcc5333c;414.0;60.15616813;UNKNOWN
2016-03-30T06:31:46.000000;2016-03-30T06:31:46.000000;f10d59f5-5c05-4837-928a-44a0e9cd6515;414.01;2.0;UNKNOWN
2016-03-30T06:31:46.000000;2016-03-30T06:31:46.000000;034db631-eaee-49d1-a71d-4862da2e1f90;414.0;10.0;UNKNOWN
2016-03-30T06:31:46.000000;2016-03-30T06:31:46.000000;25b774d9-80b6-4250-be30-bad189806389;414.02;1.8;UNKNOWN
2016-03-30T06:32:04.000000;2016-03-30T06:32:04.000000;f8e21f8b-368c-4280-a920-5c827e4548bc;413.92;0.01220027;UNKNOWN
2016-03-30T06:32:06.000000;2016-03-30T06:32:06.000000;1cf9d51f-d32e-4ca1-9798-5186e14c6009;413.98;0.2;UNKNOWN
2016-03-30T06:32:06.000000;2016-03-30T06:32:06.000000;e5700bfb-5c2f-4d55-be8b-64843ede37c4;413.91;0.32220027;UNKNOWN
2016-03-30T06:32:06.000000;2016-03-30T06:32:06.000000;8dffe56f-ce23-4b5d-9bf1-53625e7359ef;413.92;0.08779973;UNKNOWN
2016-03-30T06:33:05.000000;2016-03-30T06:33:05.000000;e87931cb-0117-400a-9aba-5e4d752cb4c2;413.91;1.30447539;UNKNOWN
2016-03-30T06:34:02.000000;2016-03-30T06:34:02.000000;27f6e6e6-cd99-4612-baf7-03b3bfce97e4;413.9;5.238;UNKNOWN
2016-03-30T06:34:12.000000;2016-03-30T06:34:12.000000;06105dbe-29f6-4387-aaf0-65180c2a1e4b;413.9;2.22029098;UNKNOWN
2016-03-30T06:34:12.000000;2016-03-30T06:34:12.000000;b23fe0a7-c5e7-440c-bb33-cebf211439b3;413.88;10.27970902;UNKNOWN
2016-03-30T06:34:34.000000;2016-03-30T06:34:34.000000;0eaa8036-bd01-4706-9f91-1aa1c169365b;413.91;0.68;UNKNOWN
2016-03-30T06:34:55.000000;2016-03-30T06:34:55.000000;ac5cb7fd-9eef-441e-bb9e-0b2a3870252d;413.88;1.0370587;UNKNOWN
2016-03-30T06:34:56.000000;2016-03-30T06:34:56.000000;ca8a476f-3088-43e6-adeb-0df71d82f61d;413.88;0.09588225;UNKNOWN
2016-03-30T06:35:08.000000;2016-03-30T06:35:08.000000;a359e81d-5dd6-4acb-9d5a-98edc816a6cf;413.88;0.03458519;UNKNOWN
2016-03-30T06:35:22.000000;2016-03-30T06:35:22.000000;664d4f52-ce18-467a-af1b-d41b326c63a8;413.9;0.11207545;UNKNOWN
2016-03-30T06:35:24.000000;2016-03-30T06:35:24.000000;727fa8eb-32c7-4597-ae75-e7903b0ae425;413.88;0.05257778;UNKNOWN
2016-03-30T06:35:25.000000;2016-03-30T06:35:25.000000;281b25a5-a579-499f-8bb2-e6dd15004502;413.9;0.0103;UNKNOWN
2016-03-30T06:35:40.000000;2016-03-30T06:35:40.000000;369ff14b-4b99-4a83-b800-9a35daf9c805;413.88;0.72626528;UNKNOWN
2016-03-30T06:36:29.000000;2016-03-30T06:36:29.000000;efbafc40-9ed9-4d4d-9864-97be40d4159e;413.88;0.07;UNKNOWN
2016-03-30T06:36:29.000000;2016-03-30T06:36:29.000000;9e40e252-6560-419d-8ee5-bae901721741;413.85;0.3;UNKNOWN
2016-03-30T06:36:29.000000;2016-03-30T06:36:29.000000;a520cac5-a2b8-4124-972a-b45510c8e045;413.88;4.65542178;UNKNOWN
2016-03-30T06:36:29.000000;2016-03-30T06:36:29.000000;c3589530-3638-4ab9-8fac-52aef6fbc02a;413.75;0.1;UNKNOWN
2016-03-30T06:36:29.000000;2016-03-30T06:36:29.000000;b5dd81b3-9f9e-478d-9070-832401ea399f;413.8;2.0;UNKNOWN
2016-03-30T06:36:29.000000;2016-03-30T06:36:29.000000;a1a26648-24f8-49c5-966a-c7a622c71d3a;413.81;0.011;UNKNOWN
2016-03-30T06:36:29.000000;2016-03-30T06:36:29.000000;1791805e-3bb1-4ee1-98bb-27082828303b;413.5;85.71307822;UNKNOWN
2016-03-30T06:36:29.000000;2016-03-30T06:36:29.000000;d6536a24-deb2-4159-a374-74737c778424;413.55;0.42;UNKNOWN
2016-03-30T06:36:29.000000;2016-03-30T06:36:29.000000;2b2fac29-e6a1-4df9-83fb-1bc7bb723d9e;413.85;0.33;UNKNOWN
2016-03-30T06:36:29.000000;2016-03-30T06:36:29.000000;53bfa171-059a-49a1-8536-c12deb70e017;413.8;0.33;UNKNOWN
2016-03-30T06:36:29.000000;2016-03-30T06:36:29.000000;1cfae849-38a7-4f40-b7ed-590039ab0cfc;413.51;4.16;UNKNOWN
2016-03-30T06:36:29.000000;2016-03-30T06:36:29.000000;4a42e90e-b401-424e-b23d-9efd114f3a1b;413.59;1.4823;UNKNOWN
2016-03-30T06:36:29.000000;2016-03-30T06:36:29.000000;93d22bad-33c9-4396-8536-2255858aed8e;413.51;0.0982;UNKNOWN
2016-03-30T06:36:29.000000;2016-03-30T06:36:29.000000;269259d0-00cf-472c-a487-5a90a29621ea;413.56;0.33;UNKNOWN
2016-03-30T06:36:32.000000;2016-03-30T06:36:32.000000;6ebf587e-87cb-4f4c-a810-1452a67459b8;413.5;0.5;UNKNOWN
2016-03-30T06:36:32.000000;2016-03-30T06:36:32.000000;b8a055c3-3652-45ff-9817-91b812851b4f;413.5;1.96096007;UNKNOWN
2016-03-30T06:36:41.000000;2016-03-30T06:36:41.000000;5d528d3b-af32-4f64-be52-00628e7e25bf;413.5;2.0;UNKNOWN
2016-03-30T06:36:41.000000;2016-03-30T06:36:41.000000;4da5ff34-9de5-435e-ba41-1a3ba48a7176;413.5;11.82596171;UNKNOWN
2016-03-30T06:36:41.000000;2016-03-30T06:36:41.000000;be0e2791-e23e-477c-a58c-8f96132422a2;413.5;5.0;UNKNOWN
2016-03-30T06:36:41.000000;2016-03-30T06:36:41.000000;296ab7fd-bbc5-4061-95d8-714613b28be8;413.11;7.9913;UNKNOWN
2016-03-30T06:36:41.000000;2016-03-30T06:36:41.000000;3dcf72c1-8842-47aa-9fbf-6abc2e5095d4;413.06;0.55559588;UNKNOWN
2016-03-30T06:36:41.000000;2016-03-30T06:36:41.000000;f531beaf-19b5-4072-9369-1e222e784e71;413.5;0.22;UNKNOWN
2016-03-30T06:36:41.000000;2016-03-30T06:36:41.000000;c34e370d-fdbe-4d07-b301-b86bb1eddd7b;413.05;5.20684241;UNKNOWN
2016-03-30T06:36:41.000000;2016-03-30T06:36:41.000000;cc5c5260-7809-4bee-965a-34e0b0e6c9a3;413.5;2.2003;UNKNOWN
2016-03-30T06:36:45.000000;2016-03-30T06:36:45.000000;315ff997-0a7d-4e4d-8c6c-63d8d7186e68;413.05;2.94441757;UNKNOWN
2016-03-30T06:36:45.000000;2016-03-30T06:36:45.000000;30574959-820c-402a-98a4-5bb18aa93451;413.07;0.55558243;UNKNOWN
2016-03-30T06:36:45.000000;2016-03-30T06:36:45.000000;5fac661a-6ac3-418b-be15-eb2c7e873359;413.05;0.5;UNKNOWN
2016-03-30T06:37:07.000000;2016-03-30T06:37:07.000000;bc6c787a-3caa-46e8-ad00-2bfd45a6bbaf;412.89;0.01;UNKNOWN
2016-03-30T06:37:07.000000;2016-03-30T06:37:07.000000;99f92f61-6f27-439b-90b9-a17c354f7153;412.52;8.90395998;UNKNOWN
2016-03-30T06:37:07.000000;2016-03-30T06:37:07.000000;4c27031f-22f4-467c-b6f8-341b46d8fd4e;413.0;1.0;UNKNOWN
2016-03-30T06:37:07.000000;2016-03-30T06:37:07.000000;500d4d9a-1b57-47f3-a16a-6e33954c9059;413.0;10.0;UNKNOWN
2016-03-30T06:37:07.000000;2016-03-30T06:37:07.000000;03f419ec-c872-40d9-99e2-1e10dfff24e5;413.05;1.34874002;UNKNOWN
2016-03-30T06:37:07.000000;2016-03-30T06:37:07.000000;c759771c-feaf-4eea-8f78-db99074e4d4b;412.81;0.0103;UNKNOWN
2016-03-30T06:37:07.000000;2016-03-30T06:37:07.000000;5d27d995-4089-4d34-8a96-12fb556f6a61;413.0;2.0;UNKNOWN
2016-03-30T06:37:07.000000;2016-03-30T06:37:07.000000;272d9d46-db87-498a-be87-a808c48fcaed;412.55;12.83;UNKNOWN
2016-03-30T06:37:07.000000;2016-03-30T06:37:07.000000;68b9ff45-9549-45cc-bb0d-dfaaa3ed9fe6;412.67;0.07;UNKNOWN
2016-03-30T06:37:07.000000;2016-03-30T06:37:07.000000;f8fd134e-3630-488d-aa39-f84fb759c3ac;413.0;1.8;UNKNOWN
2016-03-30T06:37:07.000000;2016-03-30T06:37:07.000000;70a6299d-8f38-48ec-8dcc-36f3c922609c;413.05;2.027;UNKNOWN
2016-03-30T06:37:12.000000;2016-03-30T06:37:12.000000;b18bfc05-3cbf-4f97-9b43-bd5ddf238104;412.87;0.01;UNKNOWN
2016-03-30T06:37:12.000000;2016-03-30T06:37:12.000000;6b8d4fbd-3ace-4a43-9a49-9237f3dc33fc;412.51;19.99;UNKNOWN
2016-03-30T06:37:14.000000;2016-03-30T06:37:14.000000;4594320e-060a-49b6-85b9-7821e879f29a;412.51;5.27140312;UNKNOWN
2016-03-30T06:37:14.000000;2016-03-30T06:37:14.000000;72788555-9f78-4f4d-940e-4777038a77b2;412.51;0.5;UNKNOWN
2016-03-30T06:37:14.000000;2016-03-30T06:37:14.000000;4ce9b27b-a693-4963-a582-aeff4acb449a;412.51;3.23859688;UNKNOWN
2016-03-30T06:37:14.000000;2016-03-30T06:37:14.000000;890ffe50-da65-43d9-bedc-4c1730104a26;412.5;0.25;UNKNOWN
2016-03-30T06:37:14.000000;2016-03-30T06:37:14.000000;cfde9919-30e3-4624-b58a-2d9b2d0faa41;412.5;0.01140312;UNKNOWN
2016-03-30T06:37:20.000000;2016-03-30T06:37:20.000000;75e876ff-5aba-407e-9d88-c7f540e57379;412.5;4.48859688;UNKNOWN
2016-03-30T06:37:20.000000;2016-03-30T06:37:20.000000;99a3f46e-7761-4a94-a22a-c9ca99a9cf20;412.5;0.5;UNKNOWN
2016-03-30T06:37:20.000000;2016-03-30T06:37:20.000000;c4515e35-27bb-430a-9890-88bb795c5caa;412.4;0.51140312;UNKNOWN
2016-03-30T06:37:39.000000;2016-03-30T06:37:39.000000;5a1a7978-b069-40c4-8538-d599591e9fde;412.55;0.2;UNKNOWN
2016-03-30T06:37:48.000000;2016-03-30T06:37:48.000000;bf641083-c3e4-475f-9305-97cc0900c165;412.89;13.5;UNKNOWN
2016-03-30T06:37:48.000000;2016-03-30T06:37:48.000000;be3787d3-5c3f-4988-9461-06f0580a87ed;412.88;12.0;UNKNOWN
2016-03-30T06:37:48.000000;2016-03-30T06:37:48.000000;c42bdbae-1d96-4f92-b3a0-07a0c0a8d060;412.88;0.5;UNKNOWN
2016-03-30T06:37:48.000000;2016-03-30T06:37:48.000000;0a7d2544-6066-4862-94a5-49e6ef8911ff;412.88;6.0;UNKNOWN
2016-03-30T06:37:48.000000;2016-03-30T06:37:48.000000;465fefa2-62cc-4a5e-a748-c96a3afca82a;412.88;3.0;UNKNOWN
2016-03-30T06:38:12.000000;2016-03-30T06:38:12.000000;a326b13e-c7ec-4ceb-8626-ef54bcc160b5;412.55;0.0874;UNKNOWN
2016-03-30T06:38:17.000000;2016-03-30T06:38:17.000000;221f88e3-ea62-441e-8203-6ac3868373ca;412.87;0.01872258;UNKNOWN
2016-03-30T06:38:33.000000;2016-03-30T06:38:33.000000;6f9e0662-b7f9-4f8d-a9d2-9b93953067d1;412.86;0.04468959;UNKNOWN
2016-03-30T06:38:47.000000;2016-03-30T06:38:47.000000;3a5a949c-a8f5-4aea-a3a1-e6ffd65b7ba5;412.6;0.5;UNKNOWN
2016-03-30T06:39:31.000000;2016-03-30T06:39:31.000000;e292dafc-2c88-41a4-bdc6-705042aa0ccd;412.55;9.8874;UNKNOWN
2016-03-30T06:39:31.000000;2016-03-30T06:39:31.000000;cb38ff82-cb13-459b-ae4f-89ef601351bf;412.55;0.1126;UNKNOWN
2016-03-30T06:40:05.000000;2016-03-30T06:40:05.000000;d69f6a89-f74f-47eb-9d03-8f87fd2ab85e;412.8;0.21904948;UNKNOWN
2016-03-30T06:41:01.000000;2016-03-30T06:41:01.000000;ecea2c81-0d3a-401d-be69-424392eac34e;412.55;9.35859498;UNKNOWN
2016-03-30T06:41:01.000000;2016-03-30T06:41:01.000000;1377bd7e-c183-4e3b-a847-6445c1a72d24;412.64;4.71486834;UNKNOWN
2016-03-30T06:41:01.000000;2016-03-30T06:41:01.000000;ae244668-ea65-496a-a9e8-91e3369682ec;412.68;13.0559;UNKNOWN
2016-03-30T06:41:01.000000;2016-03-30T06:41:01.000000;b610ae84-9a05-4307-9a88-2d7bb6f5f6ac;412.76;3.62;UNKNOWN
2016-03-30T06:41:01.000000;2016-03-30T06:41:01.000000;911aad1f-a923-448f-a97f-9808353b4783;412.77;33.4589;UNKNOWN
2016-03-30T06:41:01.000000;2016-03-30T06:41:01.000000;ee1c54fc-cbeb-4f8e-b024-20e56138b4af;412.6;4.71486834;UNKNOWN
2016-03-30T06:41:01.000000;2016-03-30T06:41:01.000000;1c918b26-2947-490a-af48-86b8cffe5a7d;412.56;4.71486834;UNKNOWN
2016-03-30T06:41:01.000000;2016-03-30T06:41:01.000000;f4e0a61d-0315-4fce-ac83-b8fc91dc44aa;412.77;6.012;UNKNOWN
2016-03-30T06:41:06.000000;2016-03-30T06:41:06.000000;6048ba9e-dee8-4d4e-b963-d7056e6b839f;412.8;0.2;UNKNOWN
2016-03-30T06:41:24.000000;2016-03-30T06:41:24.000000;22e874e5-ed97-4683-8bfa-683dab6f8571;412.8;0.58095052;UNKNOWN
2016-03-30T06:41:24.000000;2016-03-30T06:41:24.000000;9d8478a1-c4de-4467-b052-45d014ba5843;412.8;2.39878948;UNKNOWN
2016-03-30T06:42:01.000000;2016-03-30T06:42:01.000000;a50c1b75-7317-49ae-a6b5-3743238bc91f;412.8;0.1;UNKNOWN
2016-03-30T06:42:14.000000;2016-03-30T06:42:14.000000;14e3fb3a-a03e-46ca-a4d9-e808795b393d;412.8;4.14421052;UNKNOWN
2016-03-30T06:42:25.000000;2016-03-30T06:42:25.000000;0e5f4e18-0bec-4c40-8853-4ec1cd021983;413.7;0.22717231;UNKNOWN
2016-03-30T06:42:25.000000;2016-03-30T06:42:25.000000;7d965ad5-bcde-43ef-89eb-a64cf5c061dc;413.05;0.77282769;UNKNOWN
2016-03-30T06:42:49.000000;2016-03-30T06:42:49.000000;b6c4b264-72f5-4300-8408-eca69b76b79e;413.49;3.0;UNKNOWN
2016-03-30T06:43:00.000000;2016-03-30T06:43:00.000000;069371ce-9aa7-4e6b-b3d5-9ecf6de1dbce;413.58;0.5;UNKNOWN
2016-03-30T06:43:07.000000;2016-03-30T06:43:07.000000;d62faa5b-d280-4e58-a632-f6c8b5ed0679;413.4;0.1;UNKNOWN
2016-03-30T06:43:16.000000;2016-03-30T06:43:16.000000;13b6b484-87f4-4392-99d7-d57dc642057f;413.4;0.03;UNKNOWN
2016-03-30T06:43:24.000000;2016-03-30T06:43:24.000000;431ecdf4-9ee8-49b5-8ee7-51be3605e5cf;413.23;0.09738328;UNKNOWN
2016-03-30T06:44:11.000000;2016-03-30T06:44:11.000000;d09c015f-1436-4bf6-9229-78454a07ccc3;413.4;0.38792455;UNKNOWN
2016-03-30T06:44:33.000000;2016-03-30T06:44:33.000000;53f6f743-759a-4396-b918-6a948f5822dd;413.25;0.5;UNKNOWN
2016-03-30T06:44:33.000000;2016-03-30T06:44:33.000000;bc9090bf-fea5-4fc5-9e3b-012d2063736d;413.24;0.07463349;UNKNOWN
2016-03-30T06:44:37.000000;2016-03-30T06:44:37.000000;716c78fe-e918-4b51-a5e8-b3bc72895876;413.25;0.5;UNKNOWN
2016-03-30T06:44:37.000000;2016-03-30T06:44:37.000000;c23ab36e-e3e5-4dc5-a9b4-6e3ebe489c23;413.24;0.22105808;UNKNOWN
2016-03-30T06:44:39.000000;2016-03-30T06:44:39.000000;40ea93f5-3f29-4359-8c9e-23fdd95aa530;413.25;0.5;UNKNOWN
2016-03-30T06:44:40.000000;2016-03-30T06:44:40.000000;5e83e284-5acb-4795-887e-c9be258e7c3b;413.24;0.22105808;UNKNOWN
2016-03-30T06:44:40.000000;2016-03-30T06:44:40.000000;45be608a-d9ea-4a94-a9e8-e7bb55a79534;413.24;0.22105808;UNKNOWN
2016-03-30T06:44:50.000000;2016-03-30T06:44:50.000000;d34832dc-8669-414a-8c5b-7157580eac64;413.34;0.02;UNKNOWN
2016-03-30T06:44:56.000000;2016-03-30T06:44:56.000000;50825bea-f879-4546-ad00-fe0cd9ee36f4;413.34;0.02;UNKNOWN
2016-03-30T06:45:10.000000;2016-03-30T06:45:10.000000;2843b07f-c5a9-479c-afbb-974352362615;413.24;0.17723102;UNKNOWN
2016-03-30T06:45:10.000000;2016-03-30T06:45:10.000000;64ffca99-7259-41e0-b48e-926e9765b73e;413.25;0.5;UNKNOWN
2016-03-30T06:45:16.000000;2016-03-30T06:45:16.000000;9ab37064-97ba-4d49-bc8f-c8aa2012af8b;413.25;0.19432783;UNKNOWN
2016-03-30T06:45:46.000000;2016-03-30T06:45:46.000000;e356f884-6639-4977-a1f4-af1489f4fe78;413.28;0.0155942;UNKNOWN
2016-03-30T06:46:24.000000;2016-03-30T06:46:24.000000;881f9737-07b2-4900-9fa5-d3020ebf5e1b;413.15;0.5;UNKNOWN
2016-03-30T06:46:24.000000;2016-03-30T06:46:24.000000;75f666d1-3043-4354-b34c-e83e429ebcf3;413.14;0.23691013;UNKNOWN
2016-03-30T06:47:14.000000;2016-03-30T06:47:14.000000;19865568-32cf-429d-ae74-2f5e2773eb89;412.96;0.73586948;UNKNOWN
2016-03-30T06:47:14.000000;2016-03-30T06:47:14.000000;9aa372ca-e498-480e-85a6-1bf88db07a31;412.96;0.63113052;UNKNOWN
2016-03-30T06:47:14.000000;2016-03-30T06:47:14.000000;051b6886-d6b6-45a3-bcac-5aac84d31e45;412.95;0.71036042;UNKNOWN
2016-03-30T06:47:30.000000;2016-03-30T06:47:30.000000;8e45e404-2ee2-4277-aba5-6683e4f30a05;412.96;0.66;UNKNOWN
2016-03-30T06:47:48.000000;2016-03-30T06:47:48.000000;8c87f780-4108-4e9c-a86f-3b040bb6e27e;413.34;0.1;UNKNOWN
2016-03-30T06:47:54.000000;2016-03-30T06:47:54.000000;c9c96e9e-e9d4-4858-8dab-998578cb6bc2;412.95;0.28932576;UNKNOWN
2016-03-30T06:49:37.000000;2016-03-30T06:49:37.000000;6d0035bd-4b4e-41fd-85e1-51f6626a01cf;413.34;0.99;UNKNOWN
2016-03-30T06:49:37.000000;2016-03-30T06:49:37.000000;cfc72262-7f3c-497a-aa25-a0d5e59be384;413.17;2.0;UNKNOWN
2016-03-30T06:49:50.000000;2016-03-30T06:49:50.000000;86a35062-536b-44e1-b9ee-89af66fdc3fc;413.34;0.13;UNKNOWN
2016-03-30T06:49:50.000000;2016-03-30T06:49:50.000000;3ed3b708-bc07-4ddc-9782-f3e6e93a4008;413.34;0.87;UNKNOWN
2016-03-30T06:50:04.000000;2016-03-30T06:50:04.000000;0226f87b-5411-4ccf-9b7b-0c978db48778;413.34;0.02537;UNKNOWN
2016-03-30T06:50:52.000000;2016-03-30T06:50:52.000000;7ee2616f-0955-4da9-8c86-f543b8a16936;413.11;1.0;UNKNOWN
2016-03-30T06:54:12.000000;2016-03-30T06:54:12.000000;bad51774-d797-4066-8ba2-7434fdce3742;412.99;2.99;UNKNOWN
2016-03-30T06:57:24.000000;2016-03-30T06:57:24.000000;e9bd86a1-7207-4049-903e-99cdb96aaaa6;413.0;0.0242418;UNKNOWN
2016-03-30T06:57:31.000000;2016-03-30T06:57:31.000000;345f7cae-8bb8-45ce-8302-e0619c5572e2;413.0;0.2131025;UNKNOWN
2016-03-30T06:59:53.000000;2016-03-30T06:59:53.000000;79f0d898-dac7-4e89-b022-3dadc225a1a7;413.23;2.99;UNKNOWN
2016-03-30T07:00:29.000000;2016-03-30T07:00:29.000000;00168858-18a1-4150-81c6-e2068c39e8b2;413.18;2.99;UNKNOWN
2016-03-30T07:00:40.000000;2016-03-30T07:00:40.000000;bd57de70-7e62-47ea-bf93-be20d6db20a6;413.23;0.03036229;UNKNOWN
2016-03-30T07:00:56.000000;2016-03-30T07:00:56.000000;d1975697-676c-42f2-8996-7dc594dba2e6;412.54;11.50415099;UNKNOWN
2016-03-30T07:00:56.000000;2016-03-30T07:00:56.000000;eb0e378d-738a-48b0-b224-b023a8186db8;412.77;1.0;UNKNOWN
2016-03-30T07:00:56.000000;2016-03-30T07:00:56.000000;3d29449e-f8f2-438c-b718-8982d0990635;412.55;4.24;UNKNOWN
2016-03-30T07:00:56.000000;2016-03-30T07:00:56.000000;d3a5ef1c-44cd-4727-8373-fed8f7830240;412.75;8.06644244;UNKNOWN
2016-03-30T07:00:56.000000;2016-03-30T07:00:56.000000;525e9aa6-8ae9-4129-979b-28d7b3a5ea6d;412.6;1.0;UNKNOWN
2016-03-30T07:00:56.000000;2016-03-30T07:00:56.000000;ef688b3d-3b44-43cf-8160-2046bf6d8ed3;412.8;1.245;UNKNOWN
2016-03-30T07:00:56.000000;2016-03-30T07:00:56.000000;a3ed8354-3b85-43cc-9ed4-fb67fb19add9;413.18;4.01;UNKNOWN
2016-03-30T07:00:56.000000;2016-03-30T07:00:56.000000;8e68b39b-4b23-476b-af40-f4550fc0712c;412.81;0.93440657;UNKNOWN
2016-03-30T07:00:56.000000;2016-03-30T07:00:56.000000;131a9145-d23c-43e9-90dc-f8247b7093b8;413.05;3.0;UNKNOWN
2016-03-30T07:01:12.000000;2016-03-30T07:01:12.000000;b009fedd-969a-4e37-85a3-175355364fee;412.54;6.0;UNKNOWN
2016-03-30T07:01:17.000000;2016-03-30T07:01:17.000000;dffe789d-0cb1-419d-bbfb-5ebca1d0450f;412.0;12.45415099;UNKNOWN
2016-03-30T07:01:17.000000;2016-03-30T07:01:17.000000;6a2a49c3-0426-4f55-b97c-98d3721f3025;412.0;0.2;UNKNOWN
2016-03-30T07:01:17.000000;2016-03-30T07:01:17.000000;1da25601-7f50-4a72-ac20-5c1672851a4c;412.15;1.0;UNKNOWN
2016-03-30T07:01:17.000000;2016-03-30T07:01:17.000000;e3ab9901-8229-4d5a-a069-28d3a656cc76;412.05;3.0;UNKNOWN
2016-03-30T07:01:17.000000;2016-03-30T07:01:17.000000;8da9abfc-9c2e-4cf0-941f-ad83196d2352;412.05;10.0;UNKNOWN
2016-03-30T07:01:17.000000;2016-03-30T07:01:17.000000;517f34b4-ec3e-4258-8846-f12939a0acd5;412.01;29.0;UNKNOWN
2016-03-30T07:01:17.000000;2016-03-30T07:01:17.000000;c2678617-73f7-44c0-9dfe-7028c4997cd6;412.5;0.2;UNKNOWN
2016-03-30T07:01:17.000000;2016-03-30T07:01:17.000000;483dd623-c45f-484d-9f23-91711564d290;412.25;0.1;UNKNOWN
2016-03-30T07:01:17.000000;2016-03-30T07:01:17.000000;6e885f94-f947-465e-b348-8542718b57b6;412.54;32.49584901;UNKNOWN
2016-03-30T07:01:17.000000;2016-03-30T07:01:17.000000;0e4b779a-56ad-46f6-8ec4-b8c7b3335bde;412.2;5.0;UNKNOWN
2016-03-30T07:01:17.000000;2016-03-30T07:01:17.000000;82b40ab5-f45f-4449-828e-9ff3b6186eaa;412.1;0.3;UNKNOWN
2016-03-30T07:01:17.000000;2016-03-30T07:01:17.000000;2b78544c-0435-41b3-8301-96bfc6b4884d;412.0;1.0;UNKNOWN
2016-03-30T07:01:17.000000;2016-03-30T07:01:17.000000;a74299b4-c4af-4893-804e-5e468d3d52c8;412.26;0.25;UNKNOWN
2016-03-30T07:01:17.000000;2016-03-30T07:01:17.000000;7ccba226-06ea-48a0-a0eb-1e7923802ddd;412.12;5.0;UNKNOWN
2016-03-30T07:01:20.000000;2016-03-30T07:01:20.000000;15653ac3-9adf-4996-94f9-258080c664bd;412.0;11.94584901;UNKNOWN
2016-03-30T07:01:20.000000;2016-03-30T07:01:20.000000;2d450610-f1f3-4ded-85a0-cba696e70127;412.0;0.1;UNKNOWN
2016-03-30T07:01:20.000000;2016-03-30T07:01:20.000000;fde2798d-b92d-4c56-a8d1-6aba9c0fa25c;412.0;0.5;UNKNOWN
2016-03-30T07:01:20.000000;2016-03-30T07:01:20.000000;0a6126bc-6356-49d9-9011-0dac8350cab6;412.0;1.0;UNKNOWN
2016-03-30T07:01:20.000000;2016-03-30T07:01:20.000000;52cf6b1e-8497-4e4c-8b2a-df55787d715c;411.51;0.5;UNKNOWN
2016-03-30T07:01:20.000000;2016-03-30T07:01:20.000000;07d185ed-3f90-4a76-b3c1-ba7c9d94b940;411.55;13.281;UNKNOWN
2016-03-30T07:01:20.000000;2016-03-30T07:01:20.000000;bd234500-3e22-47d0-aa21-91bc2f562853;411.9;0.02;UNKNOWN
2016-03-30T07:01:20.000000;2016-03-30T07:01:20.000000;da48867e-88de-47fe-a54d-2bf69484de4e;412.0;1.0;UNKNOWN
2016-03-30T07:01:20.000000;2016-03-30T07:01:20.000000;5b5106c8-0477-45a7-bb4d-6fd89888b84b;411.52;11.7472;UNKNOWN
2016-03-30T07:01:20.000000;2016-03-30T07:01:20.000000;dc65dfc9-c32a-4663-bf14-076b0d2ea824;411.51;25.00435099;UNKNOWN
2016-03-30T07:01:20.000000;2016-03-30T07:01:20.000000;7afd06eb-8da4-4a7a-8807-2ef87069b376;412.0;10.0;UNKNOWN
2016-03-30T07:01:20.000000;2016-03-30T07:01:20.000000;621d581d-8677-4c42-ae5d-8b1b0e2932e6;411.6;0.01;UNKNOWN
2016-03-30T07:01:20.000000;2016-03-30T07:01:20.000000;d71f0eaf-e726-4ea6-84ad-a605c8c7ae1c;411.52;0.26;UNKNOWN
2016-03-30T07:01:20.000000;2016-03-30T07:01:20.000000;4cb87b15-bbe3-415e-a548-addef7dc9615;412.0;0.7316;UNKNOWN
