time_exchange;time_coinpai;guid;price;base_amount;taker_side
2016-02-16T00:00:05.000000;2016-02-16T00:00:05.000000;86116318-0b57-4d78-acc3-6dbfa36185c3;400.08;0.78612706;UNKNOWN
2016-02-16T00:00:23.000000;2016-02-16T00:00:23.000000;f7f3aecc-fab7-4504-b4da-c29c82474c71;400.12;0.1999;UNKNOWN
2016-02-16T00:00:23.000000;2016-02-16T00:00:23.000000;ea51afd4-d367-4c18-a157-0566b34a2df0;400.11;0.05;UNKNOWN
2016-02-16T00:00:32.000000;2016-02-16T00:00:32.000000;57b4e753-2eca-407f-9682-822f9bd59ebe;400.47;0.26;UNKNOWN
2016-02-16T00:00:32.000000;2016-02-16T00:00:32.000000;b867d754-0579-441c-80b6-24c338966078;400.39;0.26;UNKNOWN
2016-02-16T00:00:32.000000;2016-02-16T00:00:32.000000;9ea69b82-7e81-4080-a561-3ad3b961de6d;400.32;0.0387;UNKNOWN
2016-02-16T00:00:32.000000;2016-02-16T00:00:32.000000;31e022b2-250b-4ac4-b3dc-e1e2cc0ea388;400.12;0.0001;UNKNOWN
2016-02-16T00:00:32.000000;2016-02-16T00:00:32.000000;a00fb566-18a5-4639-9cb4-31df509c4ddd;400.5;6.9729;UNKNOWN
2016-02-16T00:01:11.000000;2016-02-16T00:01:11.000000;ce8de3c5-abdf-45bf-af08-90b86a6c5af0;400.65;3.0149;UNKNOWN
2016-02-16T00:01:11.000000;2016-02-16T00:01:11.000000;4aaddb8c-6494-4a58-ab91-15d0b5c3e05f;400.65;0.05;UNKNOWN
2016-02-16T00:01:11.000000;2016-02-16T00:01:11.000000;249b3282-0808-4fd2-87d3-bb9048feff7a;400.61;12.2916;UNKNOWN
2016-02-16T00:01:11.000000;2016-02-16T00:01:11.000000;16b28bbd-31c4-45fc-b643-4e5b42e62947;400.59;4.6435;UNKNOWN
2016-02-16T00:01:11.000000;2016-02-16T00:01:11.000000;69f3e546-0e7b-49ef-b117-4ec4d6a8efd9;400.65;5.0;UNKNOWN
2016-02-16T00:01:12.000000;2016-02-16T00:01:12.000000;e3546c1c-6ad4-48c3-b30e-f9c686ecacd3;400.65;0.6766;UNKNOWN
2016-02-16T00:01:15.000000;2016-02-16T00:01:15.000000;62ee494f-59b2-44ad-812d-90b993185b44;400.65;2.0;UNKNOWN
2016-02-16T00:01:15.000000;2016-02-16T00:01:15.000000;1e388bf9-e359-4394-8ea1-969754d4a945;400.65;0.1;UNKNOWN
2016-02-16T00:01:15.000000;2016-02-16T00:01:15.000000;3f5d6098-791b-44bc-8e61-ff8040c94a2d;400.76;5.0;UNKNOWN
2016-02-16T00:01:15.000000;2016-02-16T00:01:15.000000;9ef5f1ac-de05-4c1a-8e99-98847f9b3b8a;400.65;4.3085;UNKNOWN
2016-02-16T00:01:15.000000;2016-02-16T00:01:15.000000;c45040b7-e770-4136-93c8-37d9bf84231b;401.0;8.65927318;UNKNOWN
2016-02-16T00:01:15.000000;2016-02-16T00:01:15.000000;a378e013-3cdf-4751-af74-0551484a66a0;400.7;3.0;UNKNOWN
2016-02-16T00:01:15.000000;2016-02-16T00:01:15.000000;6530f067-35ac-4d0b-a6db-603298691916;400.69;3.92222682;UNKNOWN
2016-02-16T00:01:15.000000;2016-02-16T00:01:15.000000;04842cc0-1453-4a4a-b2af-19077aca2682;400.68;0.01;UNKNOWN
2016-02-16T00:01:21.000000;2016-02-16T00:01:21.000000;1e53f9f5-c30c-4155-8338-108f3985efb0;400.55;0.01364028;UNKNOWN
2016-02-16T00:01:22.000000;2016-02-16T00:01:22.000000;69f8656a-8c46-4f34-a499-0b100d4aac3e;401.0;0.07;UNKNOWN
2016-02-16T00:01:35.000000;2016-02-16T00:01:35.000000;b5c0deb6-12ab-4fa8-b41f-5a4d75595a1f;400.98;2.0;UNKNOWN
2016-02-16T00:01:37.000000;2016-02-16T00:01:37.000000;aa7ffaff-65f3-44b6-9242-97f3d8e3575c;400.99;5.11;UNKNOWN
2016-02-16T00:01:37.000000;2016-02-16T00:01:37.000000;975321b3-d7e7-4d94-8660-b82de414f1b2;401.33;3.57040845;UNKNOWN
2016-02-16T00:01:37.000000;2016-02-16T00:01:37.000000;a13e1340-e48a-482b-b6a4-8db26b4719d9;401.0;2.0;UNKNOWN
2016-02-16T00:01:37.000000;2016-02-16T00:01:37.000000;851c8c4c-09c7-4c03-8f8f-e4bd2da5559b;401.26;3.57040845;UNKNOWN
2016-02-16T00:01:37.000000;2016-02-16T00:01:37.000000;c8e9ca48-f8e4-4e28-93c2-380aa762b3c9;401.0;1.09072682;UNKNOWN
2016-02-16T00:01:37.000000;2016-02-16T00:01:37.000000;24ee0a96-f99e-4777-8836-77979c2c1418;401.32;0.27;UNKNOWN
2016-02-16T00:01:37.000000;2016-02-16T00:01:37.000000;2f520f8e-4074-4b68-bb7f-a37681c7d593;401.1;0.1;UNKNOWN
2016-02-16T00:01:37.000000;2016-02-16T00:01:37.000000;1cd053b1-7c3b-457c-816a-06c05da6605e;401.1;0.89;UNKNOWN
2016-02-16T00:01:37.000000;2016-02-16T00:01:37.000000;bdf34c02-e53f-480f-84fc-f02c36095413;401.0;1.0;UNKNOWN
2016-02-16T00:01:41.000000;2016-02-16T00:01:41.000000;b0119e6e-d526-47c2-89f2-b95d834ea8b4;401.39;2.525;UNKNOWN
2016-02-16T00:01:42.000000;2016-02-16T00:01:42.000000;2e522980-fc37-4fa4-80d6-3fd913e0d2de;401.39;1.04545095;UNKNOWN
2016-02-16T00:01:42.000000;2016-02-16T00:01:42.000000;b467caf9-3eb9-4638-b90a-b10205e6f1e6;401.46;0.95454905;UNKNOWN
2016-02-16T00:02:12.000000;2016-02-16T00:02:12.000000;6f4d6637-ed80-4b37-9578-4bc307b0a76a;401.38;3e-05;UNKNOWN
2016-02-16T00:02:14.000000;2016-02-16T00:02:14.000000;62f8f877-27f6-4135-9e30-e17f9c4886af;401.46;9.04545095;UNKNOWN
2016-02-16T00:02:14.000000;2016-02-16T00:02:14.000000;62e72de6-21eb-4acd-b48e-81283186488a;401.5;0.9549862;UNKNOWN
2016-02-16T00:02:14.000000;2016-02-16T00:02:14.000000;19455e31-0662-4dcd-b492-33619da23d1a;401.4;0.7039;UNKNOWN
2016-02-16T00:02:14.000000;2016-02-16T00:02:14.000000;f51601fe-4cc7-4106-9b74-af2936ae5a27;401.39;0.05;UNKNOWN
2016-02-16T00:02:14.000000;2016-02-16T00:02:14.000000;bb4e8b34-a556-4081-b2a9-811790aa7019;401.51;1.40406285;UNKNOWN
2016-02-16T00:02:22.000000;2016-02-16T00:02:22.000000;6680498a-bf85-451c-be29-d3399c78cdad;401.48;0.55785977;UNKNOWN
2016-02-16T00:03:32.000000;2016-02-16T00:03:32.000000;94d947c2-194f-4597-bf79-b748b7a7b260;401.52;0.13502373;UNKNOWN
2016-02-16T00:03:52.000000;2016-02-16T00:03:52.000000;34958167-44ae-4270-8446-a22077a28682;401.53;0.1249;UNKNOWN
2016-02-16T00:03:52.000000;2016-02-16T00:03:52.000000;0ac4cfa0-f03f-41c6-bc19-5e78e629cb70;401.8;0.25449207;UNKNOWN
2016-02-16T00:03:52.000000;2016-02-16T00:03:52.000000;493d4c1e-8c66-4a12-bde3-6a34b1d8654b;401.8;0.1;UNKNOWN
2016-02-16T00:03:52.000000;2016-02-16T00:03:52.000000;c313c1db-cb6a-41b5-b6f6-b13ce029b9a9;401.83;3.56781828;UNKNOWN
2016-02-16T00:03:52.000000;2016-02-16T00:03:52.000000;6322a1c9-11ec-4a99-b8da-2d0edd0fe5a5;401.88;5.13561671;UNKNOWN
2016-02-16T00:03:59.000000;2016-02-16T00:03:59.000000;831bb125-fd09-4caf-ac39-10faab9d6d59;401.85;0.15;UNKNOWN
2016-02-16T00:04:28.000000;2016-02-16T00:04:28.000000;07f9a11d-97cc-46c0-8821-63055df9e53d;401.54;0.03;UNKNOWN
2016-02-16T00:04:41.000000;2016-02-16T00:04:41.000000;ff54958c-cda8-48ba-843b-ffbe80492df5;401.43;1.0;UNKNOWN
2016-02-16T00:05:05.000000;2016-02-16T00:05:05.000000;d1efaea2-1194-4b24-b077-fa81746bfe3b;401.45;2.0;UNKNOWN
2016-02-16T00:05:22.000000;2016-02-16T00:05:22.000000;bd0022be-e30a-420d-b263-af79eec8d260;401.15;0.02732408;UNKNOWN
2016-02-16T00:06:58.000000;2016-02-16T00:06:58.000000;aeabca96-8b57-42eb-9412-504f5dc23ff7;401.88;2.0;UNKNOWN
2016-02-16T00:07:13.000000;2016-02-16T00:07:13.000000;5780af0c-03d7-493b-ad24-9b3a2f06e3fb;401.6;2.0;UNKNOWN
2016-02-16T00:07:30.000000;2016-02-16T00:07:30.000000;a78b871c-65b5-4a27-90fc-dceccfe12250;401.89;5.0;UNKNOWN
2016-02-16T00:07:30.000000;2016-02-16T00:07:30.000000;212f9144-9c58-40e3-bed2-765800a74d81;401.6;8.0;UNKNOWN
2016-02-16T00:07:30.000000;2016-02-16T00:07:30.000000;68e49d7e-beb6-46eb-ac80-3233b9eac961;401.88;6.1894;UNKNOWN
2016-02-16T00:07:30.000000;2016-02-16T00:07:30.000000;5c3b95de-671f-43d3-93fb-b656334c244e;402.0;0.25;UNKNOWN
2016-02-16T00:07:30.000000;2016-02-16T00:07:30.000000;32302e96-3c51-4239-a770-1f15e75c02d3;402.0;0.045;UNKNOWN
2016-02-16T00:07:30.000000;2016-02-16T00:07:30.000000;90cde945-aa3d-43ba-8650-370e0557c505;402.0;0.5156;UNKNOWN
2016-02-16T00:07:33.000000;2016-02-16T00:07:33.000000;729b12f5-703d-414d-a570-1434123720e5;401.6;4.11013;UNKNOWN
2016-02-16T00:07:34.000000;2016-02-16T00:07:34.000000;572dcee6-d165-4728-9440-d569b666bc3c;402.0;0.7086;UNKNOWN
2016-02-16T00:07:45.000000;2016-02-16T00:07:45.000000;c8d467d5-0058-44e5-a78d-d64777f9199a;402.0;4.0;UNKNOWN
2016-02-16T00:08:10.000000;2016-02-16T00:08:10.000000;89544413-1389-4fef-9e0c-b4ce835599a5;402.0;4.7758;UNKNOWN
2016-02-16T00:08:10.000000;2016-02-16T00:08:10.000000;c79ee71f-a83a-4775-a84e-523381518f96;402.0;0.5;UNKNOWN
2016-02-16T00:08:25.000000;2016-02-16T00:08:25.000000;05a0655f-864a-4dbc-aa09-a145d69a16a2;401.99;0.04589315;UNKNOWN
2016-02-16T00:10:30.000000;2016-02-16T00:10:30.000000;4b0470c8-8baf-41ee-b7b3-e062ad8d7649;402.0;0.43990949;UNKNOWN
2016-02-16T00:10:30.000000;2016-02-16T00:10:30.000000;59f7cf36-7745-4c20-8242-9abf53e980bd;402.0;1.0;UNKNOWN
2016-02-16T00:11:27.000000;2016-02-16T00:11:27.000000;7c03ef6f-ce14-4274-be6c-db9417accdcd;402.0;0.3;UNKNOWN
2016-02-16T00:12:06.000000;2016-02-16T00:12:06.000000;ebc5a83b-dcc7-4551-91ca-a7df02ddd5ba;402.0;0.5;UNKNOWN
2016-02-16T00:12:06.000000;2016-02-16T00:12:06.000000;b3586cd6-e2de-4b54-a9ee-909ebb2161db;402.0;29.26009051;UNKNOWN
2016-02-16T00:13:37.000000;2016-02-16T00:13:37.000000;ceae35a2-ea45-433f-bc0b-81dd71d9f518;402.0;0.12;UNKNOWN
2016-02-16T00:14:05.000000;2016-02-16T00:14:05.000000;d12fad83-2c63-4e33-badf-3845eb665f4d;402.0;0.32706228;UNKNOWN
2016-02-16T00:14:05.000000;2016-02-16T00:14:05.000000;def7703d-5f4b-40b6-9c83-fa7072b03a01;402.0;0.11990949;UNKNOWN
2016-02-16T00:15:04.000000;2016-02-16T00:15:04.000000;86acb160-4155-4ef9-b457-a8ead414ac04;401.9;2.5765;UNKNOWN
2016-02-16T00:15:04.000000;2016-02-16T00:15:04.000000;d1d1cb48-ee4c-43cb-8137-8f89c79f5534;401.99;0.035;UNKNOWN
2016-02-16T00:15:04.000000;2016-02-16T00:15:04.000000;0a54ac5f-2e1d-4634-a9b3-76dfddae1305;401.99;0.1;UNKNOWN
2016-02-16T00:15:04.000000;2016-02-16T00:15:04.000000;c0b84809-e1ba-4c31-9293-adb8cc742e29;401.99;0.3485;UNKNOWN
2016-02-16T00:18:03.000000;2016-02-16T00:18:03.000000;e4338d60-6c29-4704-946a-a6a40ddd1481;401.93;1.0;UNKNOWN
2016-02-16T00:18:10.000000;2016-02-16T00:18:10.000000;845b13b0-6a63-4a55-85e6-b831707fe11f;401.9;0.28;UNKNOWN
2016-02-16T00:18:25.000000;2016-02-16T00:18:25.000000;b134c01f-3655-4978-8d26-04ed6eaa117e;401.93;0.0244;UNKNOWN
2016-02-16T00:19:06.000000;2016-02-16T00:19:06.000000;f3fca62e-5fe2-42db-bc22-7a716e0e9b9c;401.93;0.5;UNKNOWN
2016-02-16T00:20:00.000000;2016-02-16T00:20:00.000000;b9a0e738-2670-4e06-8cfa-d6bb6b26aa87;401.93;0.5;UNKNOWN
2016-02-16T00:20:23.000000;2016-02-16T00:20:23.000000;824785fc-6373-4d89-b133-12478ab296bc;401.9;0.04926229;UNKNOWN
2016-02-16T00:20:24.000000;2016-02-16T00:20:24.000000;2ec06010-1f8e-4111-a1dd-49de171f048a;401.93;0.25;UNKNOWN
2016-02-16T00:20:28.000000;2016-02-16T00:20:28.000000;56e5ee95-8c2b-49d7-825d-847be1778837;401.9;0.0523041;UNKNOWN
2016-02-16T00:20:46.000000;2016-02-16T00:20:46.000000;8819825f-73e9-4a57-afb1-41fd0e4ec716;401.9;0.3282;UNKNOWN
2016-02-16T00:21:29.000000;2016-02-16T00:21:29.000000;a83a3ab4-3eee-4129-8fa6-6c79bc6e6834;402.06;18.9;UNKNOWN
2016-02-16T00:21:29.000000;2016-02-16T00:21:29.000000;7b4591b3-944d-445b-acf7-4c922091a5f1;402.0;0.1;UNKNOWN
2016-02-16T00:21:29.000000;2016-02-16T00:21:29.000000;c8a8a414-6cba-452d-be94-e122fa1b342d;402.03;1.0;UNKNOWN
2016-02-16T00:21:45.000000;2016-02-16T00:21:45.000000;35d9a531-44de-4c7a-975d-905a6423c83d;402.07;0.11860172;UNKNOWN
2016-02-16T00:21:45.000000;2016-02-16T00:21:45.000000;e753bf3b-0c7d-467c-b189-4ef48fe537d3;402.29;6.1835;UNKNOWN
2016-02-16T00:21:45.000000;2016-02-16T00:21:45.000000;dc303c12-0c32-43fd-9030-2356aebcaa9e;402.06;2.2386619;UNKNOWN
2016-02-16T00:21:45.000000;2016-02-16T00:21:45.000000;4be3bf0d-d3fe-4a1c-949e-afbd900fb2a1;402.3;0.59923638;UNKNOWN
2016-02-16T00:21:45.000000;2016-02-16T00:21:45.000000;83535fc3-3b47-4ef9-81a4-01b3d9c7d328;402.11;0.09;UNKNOWN
2016-02-16T00:21:49.000000;2016-02-16T00:21:49.000000;62fd5cf8-0f2e-4e53-aa20-0fafe01c9a1d;402.3;5.03;UNKNOWN
2016-02-16T00:21:49.000000;2016-02-16T00:21:49.000000;5be02503-4b3b-4581-83ab-213001ff518e;402.29;4.2;UNKNOWN
2016-02-16T00:21:51.000000;2016-02-16T00:21:51.000000;9994a3a1-81f6-4341-bc2d-d39614c8d2d4;402.3;0.07076362;UNKNOWN
2016-02-16T00:21:51.000000;2016-02-16T00:21:51.000000;4f39dbc7-a57a-409a-a651-923e1c049717;402.48;0.2;UNKNOWN
2016-02-16T00:21:51.000000;2016-02-16T00:21:51.000000;ef5f0f4b-87eb-4132-8cdf-a695da89fb0c;402.47;0.499356;UNKNOWN
2016-02-16T00:21:51.000000;2016-02-16T00:21:51.000000;23c70d85-0fb6-4230-9f7a-339af9f111d8;402.48;0.1;UNKNOWN
2016-02-16T00:21:51.000000;2016-02-16T00:21:51.000000;4257c6bd-5e30-4346-8680-04544cbf7d05;402.49;1.02988038;UNKNOWN
2016-02-16T00:21:51.000000;2016-02-16T00:21:51.000000;62c72818-9936-445c-8e6f-2b99533d70c8;402.48;0.1;UNKNOWN
2016-02-16T00:21:53.000000;2016-02-16T00:21:53.000000;79c19edb-30a2-4b22-a598-855ba1ef4bf0;402.0;0.37048743;UNKNOWN
2016-02-16T00:22:24.000000;2016-02-16T00:22:24.000000;ed30edc5-da7e-43a7-8885-969a9297e4cc;402.46;1.294;UNKNOWN
2016-02-16T00:22:46.000000;2016-02-16T00:22:46.000000;d5dea1da-c3f6-4324-8d10-02cba5885540;402.49;2.0;UNKNOWN
2016-02-16T00:25:05.000000;2016-02-16T00:25:05.000000;15a659dc-4146-4997-afe2-95a47024918f;402.49;5.0;UNKNOWN
2016-02-16T00:25:12.000000;2016-02-16T00:25:12.000000;9bd50240-aae4-499c-adda-ab5384258a95;402.49;2.73318455;UNKNOWN
2016-02-16T00:25:12.000000;2016-02-16T00:25:12.000000;59c18fe6-9352-40ba-92c9-5b90b5d58c6c;402.48;0.0452;UNKNOWN
2016-02-16T00:26:03.000000;2016-02-16T00:26:03.000000;7e93dd88-cf9b-4add-927d-3b2f9a325726;402.37;0.0455;UNKNOWN
2016-02-16T00:26:21.000000;2016-02-16T00:26:21.000000;62bccd5a-795d-4b88-bbc1-6fb0a2f58285;402.4;0.5;UNKNOWN
2016-02-16T00:26:21.000000;2016-02-16T00:26:21.000000;259d6a73-9beb-40b4-809f-e672d64cb202;402.41;0.5;UNKNOWN
2016-02-16T00:26:40.000000;2016-02-16T00:26:40.000000;e7398553-30fd-458f-914e-a014629d5964;402.5;3.0;UNKNOWN
2016-02-16T00:27:10.000000;2016-02-16T00:27:10.000000;06406961-f95c-4017-a981-c340f6a353c0;402.32;0.024;UNKNOWN
2016-02-16T00:27:10.000000;2016-02-16T00:27:10.000000;a37cfe78-0c24-4536-9cec-650049a7b4bf;402.14;0.5;UNKNOWN
2016-02-16T00:27:10.000000;2016-02-16T00:27:10.000000;e47a4d8a-321e-42f0-9d8e-dad5109026f6;402.14;3.0;UNKNOWN
2016-02-16T00:27:10.000000;2016-02-16T00:27:10.000000;bd8232fa-5f0d-478b-9b04-a1cafd5bd644;402.13;1.476;UNKNOWN
2016-02-16T00:28:11.000000;2016-02-16T00:28:11.000000;9a4df4b7-8862-448f-ba0e-2d06e4ffa289;402.45;5.0;UNKNOWN
2016-02-16T00:29:11.000000;2016-02-16T00:29:11.000000;c8a0452e-fcdb-4384-9cfa-0b2b25f2f6fc;402.48;0.0392;UNKNOWN
2016-02-16T00:29:35.000000;2016-02-16T00:29:35.000000;44faff97-2d60-4f5a-9e40-6ff42c9d265e;402.49;3.25;UNKNOWN
2016-02-16T00:29:35.000000;2016-02-16T00:29:35.000000;8e7f449d-c677-4cde-9802-0bd4824c60bb;402.48;1.75;UNKNOWN
2016-02-16T00:29:36.000000;2016-02-16T00:29:36.000000;0e793ea8-e0c3-4e34-b14b-2dc9788c10e0;401.96;0.03;UNKNOWN
2016-02-16T00:29:45.000000;2016-02-16T00:29:45.000000;37ba8872-6803-4775-92cd-4917772b8149;402.47;1.0;UNKNOWN
2016-02-16T00:30:10.000000;2016-02-16T00:30:10.000000;71a2d2f3-6a2f-49f5-875f-6204eff619a9;402.49;2.0;UNKNOWN
2016-02-16T00:30:21.000000;2016-02-16T00:30:21.000000;99d246cc-957b-4abd-8196-1343ad96425a;402.49;3.0;UNKNOWN
2016-02-16T00:30:53.000000;2016-02-16T00:30:53.000000;ef3c154c-f617-4a13-817b-b09dc4f0ba62;401.92;0.12450881;UNKNOWN
2016-02-16T00:31:21.000000;2016-02-16T00:31:21.000000;7e268010-a341-4937-8b49-3d163ccb6ae4;402.3;0.5;UNKNOWN
2016-02-16T00:31:21.000000;2016-02-16T00:31:21.000000;ebd72505-6276-4ad9-8cd6-8e191207fd04;402.3;1.05578199;UNKNOWN
2016-02-16T00:33:40.000000;2016-02-16T00:33:40.000000;70a9ca72-53e0-4af5-ba5e-b8e47f9bc899;402.42;6.1601;UNKNOWN
2016-02-16T00:33:59.000000;2016-02-16T00:33:59.000000;e43ce4fc-1204-495a-98bd-79f94f144c15;402.42;3.0;UNKNOWN
2016-02-16T00:34:51.000000;2016-02-16T00:34:51.000000;95955916-5bfc-4c59-a0c2-f34ab1f61999;402.19;1.55578199;UNKNOWN
2016-02-16T00:34:53.000000;2016-02-16T00:34:53.000000;07ff037a-079e-434d-a955-4aeb417c2b3a;402.2;0.125;UNKNOWN
2016-02-16T00:35:12.000000;2016-02-16T00:35:12.000000;4c2d83d7-d1f9-4fd4-8555-ab70d63b4109;402.09;0.27361986;UNKNOWN
2016-02-16T00:36:17.000000;2016-02-16T00:36:17.000000;d0057012-7523-47ac-b5ab-ba6a21aacd37;402.42;4.0;UNKNOWN
2016-02-16T00:36:33.000000;2016-02-16T00:36:33.000000;ee228e04-fc13-44cc-ae14-6e1197566260;402.09;0.5;UNKNOWN
2016-02-16T00:37:16.000000;2016-02-16T00:37:16.000000;231b38f3-a8ac-44a2-a1ad-770ce90525a0;402.35;0.5;UNKNOWN
2016-02-16T00:38:32.000000;2016-02-16T00:38:32.000000;026dda05-fcf6-4bc1-bbf9-214ebeef12a2;401.98;0.7341;UNKNOWN
2016-02-16T00:38:32.000000;2016-02-16T00:38:32.000000;951a3b0b-56d1-4b62-a4f2-9d80e53f9926;401.74;3.01105515;UNKNOWN
2016-02-16T00:38:32.000000;2016-02-16T00:38:32.000000;674bdcce-aebd-4e7c-93ac-b9888f6e1d32;401.9;1.71373361;UNKNOWN
2016-02-16T00:38:32.000000;2016-02-16T00:38:32.000000;7b7c23f4-8146-48d5-b549-233ecd787fbd;402.02;3.0;UNKNOWN
2016-02-16T00:38:32.000000;2016-02-16T00:38:32.000000;0b448ba4-e089-4a0d-b7f3-4a75b0ec2c4d;401.81;3.55521847;UNKNOWN
2016-02-16T00:38:32.000000;2016-02-16T00:38:32.000000;ff75ecc9-9a86-4c07-a8b8-5e6ebcc760d0;402.04;0.87537157;UNKNOWN
2016-02-16T00:38:32.000000;2016-02-16T00:38:32.000000;4701b0ef-7ed5-419e-aa81-60deb20f48db;401.9;3.5552606;UNKNOWN
2016-02-16T00:38:32.000000;2016-02-16T00:38:32.000000;62cd70f2-ceec-45a5-87ad-af50872aa682;401.94;3.5552606;UNKNOWN
2016-02-16T00:39:52.000000;2016-02-16T00:39:52.000000;f39c8b7d-0ee6-4fc6-90f3-3f321c76626c;401.42;0.2;UNKNOWN
2016-02-16T00:39:52.000000;2016-02-16T00:39:52.000000;ba3f80f2-0c84-46ed-b58b-6a9fb427ab9b;401.28;0.8;UNKNOWN
2016-02-16T00:39:53.000000;2016-02-16T00:39:53.000000;08e722eb-fac7-4d68-b438-634d3f87a938;401.29;0.09757562;UNKNOWN
2016-02-16T00:40:57.000000;2016-02-16T00:40:57.000000;2b3e1880-225c-4207-878d-22b497ca0f5e;401.26;0.25;UNKNOWN
2016-02-16T00:42:36.000000;2016-02-16T00:42:36.000000;da63f0e8-8646-4baf-8524-3cf04bd15d99;401.21;3.55855001;UNKNOWN
2016-02-16T00:42:36.000000;2016-02-16T00:42:36.000000;8e245219-8445-45c9-964c-34aa81567474;401.28;3.55753723;UNKNOWN
2016-02-16T00:42:36.000000;2016-02-16T00:42:36.000000;0ac735eb-7af3-4f2a-8f04-3940247bbeb0;401.14;3.55855001;UNKNOWN
2016-02-16T00:42:36.000000;2016-02-16T00:42:36.000000;49ad58e6-7ffe-485d-9a6f-5029b7f50dab;401.14;9.32536275;UNKNOWN
2016-02-16T00:43:12.000000;2016-02-16T00:43:12.000000;e0f10606-7e6c-494a-90b1-85276febcf03;401.07;0.11969519;UNKNOWN
2016-02-16T00:43:37.000000;2016-02-16T00:43:37.000000;1d09d1b5-d34f-405e-9434-eef12b5f2378;401.0;0.02494768;UNKNOWN
2016-02-16T00:43:52.000000;2016-02-16T00:43:52.000000;c4647b0e-87d6-4d1c-b4a8-8eb11accd8e7;401.01;0.06235367;UNKNOWN
2016-02-16T00:48:06.000000;2016-02-16T00:48:06.000000;f830b422-bbd2-4e09-ac32-7d64f0fb9f71;401.67;2.94968409;UNKNOWN
2016-02-16T00:48:52.000000;2016-02-16T00:48:52.000000;53da3671-9bb2-4267-97d7-42ad857fdc12;401.2;0.0984909;UNKNOWN
2016-02-16T00:48:52.000000;2016-02-16T00:48:52.000000;70509d5a-335f-477f-8e7a-f2aefd85d077;401.2;0.5;UNKNOWN
2016-02-16T00:50:04.000000;2016-02-16T00:50:04.000000;346df701-c9d0-43b8-afd1-00e13ef55583;401.85;0.18;UNKNOWN
2016-02-16T00:50:04.000000;2016-02-16T00:50:04.000000;f82b8c3e-2a92-4137-a05e-d18f4882c2ff;401.89;0.07;UNKNOWN
2016-02-16T00:50:54.000000;2016-02-16T00:50:54.000000;40546c7a-f3f8-4031-84c5-167652461ce3;401.71;1.0;UNKNOWN
2016-02-16T00:51:27.000000;2016-02-16T00:51:27.000000;25b120a2-8016-4567-930f-aef05ae8d2b0;401.89;2.0;UNKNOWN
2016-02-16T00:52:39.000000;2016-02-16T00:52:39.000000;eb456aac-c8a9-46d3-851b-016ab5a1d823;401.93;0.25;UNKNOWN
2016-02-16T00:52:43.000000;2016-02-16T00:52:43.000000;0f3e8c67-314a-4676-b2ca-675695f9c3b0;401.93;0.25;UNKNOWN
2016-02-16T00:52:44.000000;2016-02-16T00:52:44.000000;4fd69af9-e535-42f3-8880-ca73473a53a5;401.93;0.25;UNKNOWN
2016-02-16T00:53:05.000000;2016-02-16T00:53:05.000000;0d8a0c71-410c-4e86-b88b-d47e0bbaa70c;401.83;0.01;UNKNOWN
2016-02-16T00:53:37.000000;2016-02-16T00:53:37.000000;aeed1247-5b2f-47cc-81f7-3f1a84e8bc3f;401.92;1.33172028;UNKNOWN
2016-02-16T00:54:59.000000;2016-02-16T00:54:59.000000;58e41f23-1aef-47ee-a719-a6c507c9b878;401.7;1.0;UNKNOWN
2016-02-16T00:57:04.000000;2016-02-16T00:57:04.000000;1069ec87-f310-44e4-beaa-cbb9e5afa29e;402.05;1.54925024;UNKNOWN
2016-02-16T00:58:12.000000;2016-02-16T00:58:12.000000;469c48b2-b0e9-4f1e-93cd-48638343df60;402.08;6.2045;UNKNOWN
2016-02-16T00:58:35.000000;2016-02-16T00:58:35.000000;93fba0c6-7e48-4dba-822f-4b0b9a6d818c;402.09;5.0;UNKNOWN
2016-02-16T00:58:35.000000;2016-02-16T00:58:35.000000;13920b69-b2c9-402a-befc-b14c98c33e93;402.09;5.0;UNKNOWN
2016-02-16T00:58:35.000000;2016-02-16T00:58:35.000000;79346294-fd6b-40a3-8e93-d43147bb6428;402.18;0.5;UNKNOWN
2016-02-16T00:58:35.000000;2016-02-16T00:58:35.000000;3efa87a7-b74e-46d4-80f5-2588c3094239;402.09;2.2;UNKNOWN
2016-02-16T00:58:35.000000;2016-02-16T00:58:35.000000;c531e684-9778-4cf8-8928-3a91c5a537c5;402.09;5.0;UNKNOWN
2016-02-16T00:58:35.000000;2016-02-16T00:58:35.000000;359d893a-f3dc-46b0-ae3e-ab6e4aa66f7d;402.31;2.3;UNKNOWN
2016-02-16T00:58:38.000000;2016-02-16T00:58:38.000000;327189f7-a847-4f78-a223-b59f3b72b56b;402.1;5.0;UNKNOWN
2016-02-16T00:58:38.000000;2016-02-16T00:58:38.000000;b3dedde8-6e53-404a-9b6f-56bdd2a8f754;402.1;5.0;UNKNOWN
2016-02-16T00:58:42.000000;2016-02-16T00:58:42.000000;a293a163-8855-4b09-a916-2f6bcf757cd2;402.3;1.8739;UNKNOWN
2016-02-16T00:58:56.000000;2016-02-16T00:58:56.000000;8e3f903a-15fc-4f2d-9bad-dccb93f6294a;402.32;0.3618;UNKNOWN
2016-02-16T00:58:58.000000;2016-02-16T00:58:58.000000;96146d7c-5e73-4870-b518-af63ea6bc871;402.31;2.0;UNKNOWN
2016-02-16T00:59:08.000000;2016-02-16T00:59:08.000000;430da283-d753-4e4b-b047-7129a4b001a2;402.32;0.4846;UNKNOWN
2016-02-16T00:59:20.000000;2016-02-16T00:59:20.000000;861f786c-c631-47dc-b076-d84cc3e79d53;402.32;2.0;UNKNOWN
2016-02-16T01:01:32.000000;2016-02-16T01:01:32.000000;580445c6-012f-44fe-9a43-a6626dbc4a42;402.35;0.34;UNKNOWN
2016-02-16T01:01:32.000000;2016-02-16T01:01:32.000000;dd89b9ee-48b4-434c-b067-0533f64c7c32;402.35;0.2;UNKNOWN
2016-02-16T01:02:01.000000;2016-02-16T01:02:01.000000;53eaab81-0509-4957-a2da-66ec6f0afcb0;402.36;0.78;UNKNOWN
2016-02-16T01:03:22.000000;2016-02-16T01:03:22.000000;1b298847-0862-43f6-8dc7-02e7eff9ef6e;401.93;9.8065;UNKNOWN
2016-02-16T01:03:22.000000;2016-02-16T01:03:22.000000;12467e1f-4e82-48ba-8bf2-f32249daf1d4;402.35;0.1555;UNKNOWN
2016-02-16T01:03:22.000000;2016-02-16T01:03:22.000000;5db2ffc2-26d3-414e-a2cd-9138e3ff4fec;402.34;0.038;UNKNOWN
2016-02-16T01:03:30.000000;2016-02-16T01:03:30.000000;a5bdc18d-9448-4dc3-8730-0bee3587df7f;402.27;0.025;UNKNOWN
2016-02-16T01:03:51.000000;2016-02-16T01:03:51.000000;b1db6d84-99ca-4984-845f-ef4efc677926;401.64;7.62;UNKNOWN
2016-02-16T01:03:54.000000;2016-02-16T01:03:54.000000;3c929607-9096-4622-a176-c22c8a2c9550;401.44;2.0;UNKNOWN
2016-02-16T01:04:04.000000;2016-02-16T01:04:04.000000;6492d7f8-d31b-4fd6-ae3c-db7cf3ee5227;401.6;3.55382866;UNKNOWN
2016-02-16T01:05:38.000000;2016-02-16T01:05:38.000000;c3c29adb-f31a-4d40-9b62-eef4b52aaf44;401.45;0.02;UNKNOWN
2016-02-16T01:07:18.000000;2016-02-16T01:07:18.000000;037aa85e-5852-463e-b1ab-693ca7202311;401.42;0.12724465;UNKNOWN
2016-02-16T01:07:36.000000;2016-02-16T01:07:36.000000;d6ba5e26-de28-4ed6-b96b-e537b33da76a;401.41;1.46;UNKNOWN
2016-02-16T01:08:28.000000;2016-02-16T01:08:28.000000;bbd23f4a-6372-4cf4-a1a9-adba6c7fa66c;401.41;1.69;UNKNOWN
2016-02-16T01:08:31.000000;2016-02-16T01:08:31.000000;b27e7105-e57d-49ce-b4da-ecf49ecfb835;401.41;0.39;UNKNOWN
2016-02-16T01:08:33.000000;2016-02-16T01:08:33.000000;755ade03-30de-440e-81b2-316da07435fb;401.41;0.05486166;UNKNOWN
2016-02-16T01:08:34.000000;2016-02-16T01:08:34.000000;cb99e171-2695-4e51-b7aa-077da919eedb;401.41;1.29;UNKNOWN
2016-02-16T01:08:43.000000;2016-02-16T01:08:43.000000;bc27b33c-bc4a-4f40-a822-65c4da759e58;401.42;5.831;UNKNOWN
2016-02-16T01:08:43.000000;2016-02-16T01:08:43.000000;77890616-0264-40ac-acf1-ca83f33985a4;401.42;0.169;UNKNOWN
2016-02-16T01:09:05.000000;2016-02-16T01:09:05.000000;95ce9af7-a3c0-4295-b971-55f85b6538a6;401.42;0.36986808;UNKNOWN
2016-02-16T01:10:31.000000;2016-02-16T01:10:31.000000;0129b2b5-297a-420f-9a61-a47e2f59f750;400.77;7.22;UNKNOWN
2016-02-16T01:10:31.000000;2016-02-16T01:10:31.000000;13904a9c-ccf5-48eb-aa1e-2718d2d3ccbd;401.01;0.5;UNKNOWN
2016-02-16T01:10:31.000000;2016-02-16T01:10:31.000000;9b1e0144-af39-4585-94b0-e6601772fbe3;401.41;0.24173834;UNKNOWN
2016-02-16T01:10:31.000000;2016-02-16T01:10:31.000000;279dddc4-8811-4e6b-8143-3ca77b0b5ba0;400.86;12.0;UNKNOWN
2016-02-16T01:10:31.000000;2016-02-16T01:10:31.000000;48bda72c-2a14-43dd-9861-aecd325bee2b;400.91;0.2;UNKNOWN
2016-02-16T01:10:31.000000;2016-02-16T01:10:31.000000;2170926c-5a9e-4f7e-b526-0b1573228b6b;400.77;2.76320934;UNKNOWN
2016-02-16T01:10:31.000000;2016-02-16T01:10:31.000000;fcc9ac59-96a3-42f0-a8fc-05027e595e97;401.0;0.1;UNKNOWN
2016-02-16T01:10:31.000000;2016-02-16T01:10:31.000000;395a0297-42fe-444d-a1fb-365563e54f4d;401.0;1.97505232;UNKNOWN
2016-02-16T01:11:21.000000;2016-02-16T01:11:21.000000;bef9a09f-ec96-46a5-9888-4ae2de80be92;400.55;5.0;UNKNOWN
2016-02-16T01:11:24.000000;2016-02-16T01:11:24.000000;f9d72dc8-4228-4fc4-a31d-003f111f487d;401.03;0.1;UNKNOWN
2016-02-16T01:11:24.000000;2016-02-16T01:11:24.000000;f36bc282-da72-4572-a9ab-00cba0bdfbb3;401.03;0.1;UNKNOWN
2016-02-16T01:11:35.000000;2016-02-16T01:11:35.000000;a6b388b9-705d-494d-8805-2c187138b0fc;400.62;3.36;UNKNOWN
2016-02-16T01:11:35.000000;2016-02-16T01:11:35.000000;000c3306-8353-426b-8332-8c73ec56115a;401.04;1.34;UNKNOWN
2016-02-16T01:11:35.000000;2016-02-16T01:11:35.000000;4d6ed358-cfe4-48b3-92a3-0c1c470b29e8;401.03;0.3;UNKNOWN
2016-02-16T01:14:41.000000;2016-02-16T01:14:41.000000;d698b02b-5489-459b-945e-b4f11576ba14;400.51;4.36;UNKNOWN
2016-02-16T01:14:42.000000;2016-02-16T01:14:42.000000;6f9071f9-dd9d-4922-b09a-c6860a1adf27;400.51;0.05498632;UNKNOWN
2016-02-16T01:14:44.000000;2016-02-16T01:14:44.000000;6e4c7783-9f9a-4471-87b8-c4468d796384;400.51;0.73;UNKNOWN
2016-02-16T01:15:02.000000;2016-02-16T01:15:02.000000;bea11a96-02ad-476d-b943-76a59aa9d4b0;400.51;0.38;UNKNOWN
2016-02-16T01:15:33.000000;2016-02-16T01:15:33.000000;eb849435-9e1d-42f1-94d4-417ce6cca8e5;400.51;0.02749316;UNKNOWN
2016-02-16T01:19:05.000000;2016-02-16T01:19:05.000000;4399c2d9-1542-40d9-8713-a7d23bb99d09;400.5;5.0;UNKNOWN
2016-02-16T01:19:16.000000;2016-02-16T01:19:16.000000;50a4cc2e-2a06-40b9-8e36-903eabb996ea;400.51;0.4;UNKNOWN
2016-02-16T01:19:59.000000;2016-02-16T01:19:59.000000;45b152ff-489a-47cf-b79e-cfec58004f0a;400.51;0.092072;UNKNOWN
2016-02-16T01:19:59.000000;2016-02-16T01:19:59.000000;998dc4ab-1959-42c8-82de-f353b1709bd2;400.5;19.907928;UNKNOWN
2016-02-16T01:20:45.000000;2016-02-16T01:20:45.000000;ebb17092-be32-466d-952b-7b818c9a4ff1;400.52;0.8;UNKNOWN
2016-02-16T01:21:22.000000;2016-02-16T01:21:22.000000;81d81056-064c-4636-b731-24eca49c7513;400.5;0.04916662;UNKNOWN
2016-02-16T01:21:41.000000;2016-02-16T01:21:41.000000;a617a037-5f25-4fcc-ba29-7ea03f67ed69;400.5;3.0;UNKNOWN
2016-02-16T01:22:34.000000;2016-02-16T01:22:34.000000;1dc6827c-a108-4172-a1ac-4b64dbc294e8;400.52;0.967;UNKNOWN
2016-02-16T01:22:34.000000;2016-02-16T01:22:34.000000;3dbf1f2a-ec42-4253-a293-fcf2880ea9a0;400.51;0.033;UNKNOWN
2016-02-16T01:22:37.000000;2016-02-16T01:22:37.000000;ab90e4e7-182d-472e-ab68-5ae7750ebfc6;400.37;0.01;UNKNOWN
2016-02-16T01:22:37.000000;2016-02-16T01:22:37.000000;44ae077e-a4d2-43fc-9d4f-e88792b68d29;400.3;2.41669462;UNKNOWN
2016-02-16T01:22:37.000000;2016-02-16T01:22:37.000000;3939655e-26a3-47f7-87cb-eccc1436b161;400.5;12.07330538;UNKNOWN
2016-02-16T01:22:37.000000;2016-02-16T01:22:37.000000;afe42a12-6d2d-4bbf-9db5-e79e252bbc72;400.48;0.5;UNKNOWN
2016-02-16T01:23:05.000000;2016-02-16T01:23:05.000000;6f1a4f18-f213-47d0-9f2b-2b27c89f42f3;400.3;0.62330538;UNKNOWN
2016-02-16T01:23:05.000000;2016-02-16T01:23:05.000000;c9443700-c67b-4d79-b3a6-4a0f0671075e;400.22;0.60949729;UNKNOWN
2016-02-16T01:23:42.000000;2016-02-16T01:23:42.000000;e17d7dcf-858f-4350-9abb-bdd239dccd8f;400.22;0.38985871;UNKNOWN
2016-02-16T01:23:42.000000;2016-02-16T01:23:42.000000;0938f630-fc31-4119-a61d-b4828b78df87;400.1;0.0676;UNKNOWN
2016-02-16T01:23:42.000000;2016-02-16T01:23:42.000000;35de85d3-e94c-4ac2-8fc7-a9ff413a6863;400.01;0.01724095;UNKNOWN
2016-02-16T01:23:45.000000;2016-02-16T01:23:45.000000;e8a3cf0b-39a4-46d2-bd24-f903f20eb867;400.0;3.51;UNKNOWN
2016-02-16T01:23:49.000000;2016-02-16T01:23:49.000000;6067da8a-99f6-4454-91d0-6e5831a79728;400.0;1.99;UNKNOWN
2016-02-16T01:23:52.000000;2016-02-16T01:23:52.000000;1adab330-83f8-4b42-b43c-0ad93b62c076;400.0;10.51;UNKNOWN
2016-02-16T01:23:59.000000;2016-02-16T01:23:59.000000;66b9f3aa-9e85-4fb0-a7f3-c124fcc3af71;400.0;0.88;UNKNOWN
2016-02-16T01:24:01.000000;2016-02-16T01:24:01.000000;b15748eb-da96-4ccf-84c0-4e164eeeaf10;400.0;30.6;UNKNOWN
2016-02-16T01:24:08.000000;2016-02-16T01:24:08.000000;0e51d1a8-bcda-4ec7-996c-3c503d9c24b6;400.0;12.51;UNKNOWN
2016-02-16T01:24:08.000000;2016-02-16T01:24:08.000000;ea4b8a1a-c6d4-4c90-af31-aa75f01430d9;400.0;3.0;UNKNOWN
2016-02-16T01:24:13.000000;2016-02-16T01:24:13.000000;a2aa000d-79f3-44c2-a6d2-b507b8273a78;399.85;4.00620981;UNKNOWN
2016-02-16T01:24:13.000000;2016-02-16T01:24:13.000000;a3987e1c-7033-4910-bcdf-3b7bba48f478;399.86;0.99379019;UNKNOWN
2016-02-16T01:24:18.000000;2016-02-16T01:24:18.000000;13743f4c-cdb5-41a1-bb5a-fad6cbf459a6;399.91;1.0;UNKNOWN
2016-02-16T01:25:22.000000;2016-02-16T01:25:22.000000;c4ffc62d-2200-41c4-985f-fdb8a205d231;399.84;0.0246069;UNKNOWN
2016-02-16T01:25:27.000000;2016-02-16T01:25:27.000000;4506eeb4-8a2a-4474-993a-a3314c084d53;399.5;0.2;UNKNOWN
2016-02-16T01:25:27.000000;2016-02-16T01:25:27.000000;caadc9e1-2aaf-4737-87df-0cbf7cf5ab9d;399.84;0.90538644;UNKNOWN
2016-02-16T01:25:27.000000;2016-02-16T01:25:27.000000;4f9cdacf-5a25-4c21-98ac-529b50a4c557;399.37;0.02;UNKNOWN
2016-02-16T01:25:27.000000;2016-02-16T01:25:27.000000;e44d48b3-6be6-434d-a451-02353e62db0d;399.83;0.4;UNKNOWN
2016-02-16T01:25:27.000000;2016-02-16T01:25:27.000000;9715364e-b103-4790-b2a4-75a1386d78d0;399.23;2.87461356;UNKNOWN
2016-02-16T01:25:27.000000;2016-02-16T01:25:27.000000;38891878-c453-4ada-b3ef-b6647a386288;399.59;0.5;UNKNOWN
2016-02-16T01:25:27.000000;2016-02-16T01:25:27.000000;11101ca6-daf1-4065-a3c3-a36ee92b3de6;399.59;0.1;UNKNOWN
2016-02-16T01:25:33.000000;2016-02-16T01:25:33.000000;25179718-7aa1-4244-b70b-6e3be9fdede1;399.1;6.4018;UNKNOWN
2016-02-16T01:25:33.000000;2016-02-16T01:25:33.000000;73a9a386-dd36-437d-b900-41a7eabaa96b;399.21;0.0982;UNKNOWN
2016-02-16T01:26:07.000000;2016-02-16T01:26:07.000000;d7dc7c0f-3b2c-4751-8831-bfa50d0b37e9;399.76;0.5;UNKNOWN
2016-02-16T01:26:07.000000;2016-02-16T01:26:07.000000;9b1b3150-85ee-432a-b438-1165a8f2cfb3;399.77;3.0;UNKNOWN
2016-02-16T01:26:07.000000;2016-02-16T01:26:07.000000;54785cf4-af73-477b-ae6d-1e0f6b8100ae;399.83;0.2808;UNKNOWN
2016-02-16T01:26:07.000000;2016-02-16T01:26:07.000000;2a27a48e-d251-4ef2-882d-ba84268e1607;399.76;6.1872;UNKNOWN
2016-02-16T01:26:07.000000;2016-02-16T01:26:07.000000;8ae6ce5f-19b9-49d8-9a44-f1d8633cda55;399.79;0.032;UNKNOWN
2016-02-16T01:26:10.000000;2016-02-16T01:26:10.000000;742b29db-acf4-4639-b7c8-6845225e3299;399.83;2.0;UNKNOWN
2016-02-16T01:26:14.000000;2016-02-16T01:26:14.000000;d7eaf76d-27b9-4a46-a35f-126b3aa1035a;399.88;3.57969596;UNKNOWN
2016-02-16T01:26:14.000000;2016-02-16T01:26:14.000000;6255d4b7-058b-45c5-8323-0fe96999f347;399.97;3.57978139;UNKNOWN
2016-02-16T01:26:14.000000;2016-02-16T01:26:14.000000;742d5ab9-0039-472b-be4a-699fe9c40525;400.03;1.54162669;UNKNOWN
2016-02-16T01:26:14.000000;2016-02-16T01:26:14.000000;a2f495ed-cf62-4b97-a2a9-592ee952c7dc;399.83;1.29889596;UNKNOWN
2016-02-16T01:26:20.000000;2016-02-16T01:26:20.000000;d8f9c79b-0e67-4e13-b7ef-1533ba3bfab4;399.96;3.57918347;UNKNOWN
2016-02-16T01:26:20.000000;2016-02-16T01:26:20.000000;a4974516-b27f-4cf0-a613-d3c2e4b8e3ff;399.82;0.5;UNKNOWN
2016-02-16T01:26:20.000000;2016-02-16T01:26:20.000000;7aa3610d-5bc5-41f0-9566-aaff1946b794;400.03;2.0381547;UNKNOWN
2016-02-16T01:26:20.000000;2016-02-16T01:26:20.000000;751602ef-f885-49ce-b449-5286830ab653;399.87;3.0;UNKNOWN
2016-02-16T01:26:20.000000;2016-02-16T01:26:20.000000;cac32f6c-ec1e-4216-a954-6e9590ee2dcb;400.03;0.88266183;UNKNOWN
2016-02-16T01:26:21.000000;2016-02-16T01:26:21.000000;1a6d397b-8172-436b-bf7a-d2b170593491;400.07;6.0;UNKNOWN
2016-02-16T01:26:21.000000;2016-02-16T01:26:21.000000;ade08e89-c862-4e9c-a420-4b4c63528cd4;400.07;1.30347836;UNKNOWN
2016-02-16T01:26:21.000000;2016-02-16T01:26:21.000000;0ad593ee-da5e-4293-8b09-eb86b99e51f7;400.03;2.69652164;UNKNOWN
2016-02-16T01:26:27.000000;2016-02-16T01:26:27.000000;75aa9cf8-b357-4e8a-9774-de9046dc8c8f;399.86;0.5;UNKNOWN
2016-02-16T01:26:27.000000;2016-02-16T01:26:27.000000;c5d87ad3-108b-4bcc-983f-fdbfed89667e;400.07;3.2759;UNKNOWN
2016-02-16T01:26:27.000000;2016-02-16T01:26:27.000000;cb206e61-2509-4de4-b020-e492f12caa03;399.94;6.2241;UNKNOWN
2016-02-16T01:26:33.000000;2016-02-16T01:26:33.000000;8d686dff-1c79-441f-a9ac-0ab204e753b8;400.29;6.42064572;UNKNOWN
2016-02-16T01:26:33.000000;2016-02-16T01:26:33.000000;45b2fa6d-6311-4bec-bcab-73946b68727e;400.29;3.57935428;UNKNOWN
2016-02-16T01:26:40.000000;2016-02-16T01:26:40.000000;ee1f3c46-b3fc-4561-a85f-437aadf82d90;400.31;0.1;UNKNOWN
2016-02-16T01:26:40.000000;2016-02-16T01:26:40.000000;49e0ed90-61c3-45e8-840f-58d4fbdf5b2d;400.56;3.57811624;UNKNOWN
2016-02-16T01:26:40.000000;2016-02-16T01:26:40.000000;f6439d00-9771-4101-a35e-d560790cab03;400.44;0.1;UNKNOWN
2016-02-16T01:26:40.000000;2016-02-16T01:26:40.000000;27b41f82-f027-407f-a964-5bf644760b23;400.56;6.02188376;UNKNOWN
2016-02-16T01:26:40.000000;2016-02-16T01:26:40.000000;5f9119c7-518e-4aa0-9310-2936ea1994f3;400.51;0.2;UNKNOWN
2016-02-16T01:26:47.000000;2016-02-16T01:26:47.000000;164489be-4d6e-46f9-8241-16a276ff2631;400.78;0.26000404;UNKNOWN
2016-02-16T01:26:47.000000;2016-02-16T01:26:47.000000;a2501f8d-c828-4812-8dbf-fba068213977;400.38;3.57969596;UNKNOWN
2016-02-16T01:26:47.000000;2016-02-16T01:26:47.000000;462050bf-1542-4ac9-ab9c-255afd6665a5;400.37;6.1603;UNKNOWN
2016-02-16T01:26:56.000000;2016-02-16T01:26:56.000000;8bb1cc16-b43c-49c1-8cb3-88588b048864;400.77;6.0;UNKNOWN
2016-02-16T01:26:56.000000;2016-02-16T01:26:56.000000;2ad58dec-df45-4b2c-a06f-57fde43e1f81;400.92;0.5;UNKNOWN
2016-02-16T01:26:56.000000;2016-02-16T01:26:56.000000;443e307e-e666-41a0-bc96-991e001c675f;400.76;3.0;UNKNOWN
2016-02-16T01:26:56.000000;2016-02-16T01:26:56.000000;363508a9-1910-4c00-994f-722c961fa242;400.76;0.5;UNKNOWN
2016-02-16T01:27:05.000000;2016-02-16T01:27:05.000000;dbb476b4-76c7-477e-95ad-7b327737b1b1;400.91;6.22094463;UNKNOWN
2016-02-16T01:27:05.000000;2016-02-16T01:27:05.000000;6aeb1e67-da6b-4e0f-8a42-5d800e590aef;400.55;0.1;UNKNOWN
2016-02-16T01:27:05.000000;2016-02-16T01:27:05.000000;e578c180-d315-4c94-a48a-97c4dda7f016;400.55;0.1;UNKNOWN
2016-02-16T01:27:05.000000;2016-02-16T01:27:05.000000;43c55d10-a41b-4718-8d51-2bdd64c646d8;400.56;3.57905537;UNKNOWN
2016-02-16T01:27:12.000000;2016-02-16T01:27:12.000000;1da583d9-7377-42cb-aa16-230b141757e4;401.08;1.2846;UNKNOWN
2016-02-16T01:27:12.000000;2016-02-16T01:27:12.000000;736e75ec-942d-4a35-98be-77a6cc05e13c;401.08;2.5;UNKNOWN
2016-02-16T01:27:12.000000;2016-02-16T01:27:12.000000;c955061b-f056-448c-bf5f-e2fb9b7b536a;401.07;6.2154;UNKNOWN
2016-02-16T01:27:17.000000;2016-02-16T01:27:17.000000;c61b5312-eed6-4405-924d-1c3f46b909e8;401.06;0.9;UNKNOWN
2016-02-16T01:27:17.000000;2016-02-16T01:27:17.000000;4f831d91-8be7-409e-9c41-5bb0b05afdc3;400.91;0.1;UNKNOWN
2016-02-16T01:27:19.000000;2016-02-16T01:27:19.000000;b65cd905-abe7-4b78-a23f-8035de47b615;401.09;0.5;UNKNOWN
2016-02-16T01:27:19.000000;2016-02-16T01:27:19.000000;b8ced9c9-bfc2-4f34-a36c-434ce426fbeb;401.04;0.5;UNKNOWN
2016-02-16T01:27:19.000000;2016-02-16T01:27:19.000000;c89dc215-1961-4b52-b262-c287902446e9;401.04;3.0;UNKNOWN
2016-02-16T01:27:19.000000;2016-02-16T01:27:19.000000;4ecab7d3-c344-4784-8bb9-820cce2aa0e4;401.09;6.0;UNKNOWN
2016-02-16T01:27:26.000000;2016-02-16T01:27:26.000000;27bd7277-550f-4f03-ad67-02adc886ea5f;401.09;7.01;UNKNOWN
2016-02-16T01:27:26.000000;2016-02-16T01:27:26.000000;31677e58-2661-498f-bacd-48eb53363ae0;401.1;2.99;UNKNOWN
2016-02-16T01:27:27.000000;2016-02-16T01:27:27.000000;eb3a7cd6-4322-46cf-a3e8-6b0b72341076;400.35;1.05777866;UNKNOWN
2016-02-16T01:27:35.000000;2016-02-16T01:27:35.000000;6c29a784-1f4c-4905-adac-331a8fe3378b;401.04;3.8471;UNKNOWN
2016-02-16T01:27:35.000000;2016-02-16T01:27:35.000000;1f2e3b90-e535-4b88-bce4-7c01faff2702;401.02;6.1529;UNKNOWN
2016-02-16T01:27:40.000000;2016-02-16T01:27:40.000000;3a34f37d-a967-43e2-8014-b830606194b3;401.08;0.5;UNKNOWN
2016-02-16T01:27:40.000000;2016-02-16T01:27:40.000000;79bb8c05-47f7-43de-8e22-aa928e4420ca;401.21;9.5;UNKNOWN
2016-02-16T01:27:47.000000;2016-02-16T01:27:47.000000;5fc265fb-490b-4cb9-a98d-26a6259737d4;401.22;0.1;UNKNOWN
2016-02-16T01:27:47.000000;2016-02-16T01:27:47.000000;be19e7fc-3955-4f99-88ca-d066aeb18a49;401.24;6.83;UNKNOWN
2016-02-16T01:27:47.000000;2016-02-16T01:27:47.000000;5ccf00c3-0a91-4236-a1ee-291e5f225790;401.4;3.07;UNKNOWN
2016-02-16T01:27:54.000000;2016-02-16T01:27:54.000000;3adf9849-554f-4c93-b625-823e327585de;401.36;2.78;UNKNOWN
2016-02-16T01:27:54.000000;2016-02-16T01:27:54.000000;1e1c77f7-a8ef-4957-8833-88539a5c4a41;401.36;7.22;UNKNOWN
2016-02-16T01:28:00.000000;2016-02-16T01:28:00.000000;a07ce30b-722a-4f68-b838-3b1de0fa40ed;401.22;0.5;UNKNOWN
2016-02-16T01:28:00.000000;2016-02-16T01:28:00.000000;8dcf2b29-09de-4b4e-b211-f8cb2b7bded7;401.22;0.1;UNKNOWN
2016-02-16T01:28:00.000000;2016-02-16T01:28:00.000000;683eb437-9fd6-4ad1-aa78-f691dd978c6e;401.37;9.4;UNKNOWN
2016-02-16T01:28:05.000000;2016-02-16T01:28:05.000000;37e05eee-1493-4d8e-8a0f-4ccf734e402d;401.57;0.02475186;UNKNOWN
2016-02-16T01:28:06.000000;2016-02-16T01:28:06.000000;846028f6-e8a6-4709-9431-73103a3a7b08;401.71;0.22207483;UNKNOWN
2016-02-16T01:28:07.000000;2016-02-16T01:28:07.000000;5255d28b-009d-4d27-a291-6d80e7833367;401.71;10.0;UNKNOWN
2016-02-16T01:28:15.000000;2016-02-16T01:28:15.000000;1aaf97db-304c-4972-8c86-472d9cafd1d6;401.72;4.83417483;UNKNOWN
2016-02-16T01:28:15.000000;2016-02-16T01:28:15.000000;45bb96ff-d7a3-411d-9136-683e53207408;401.71;5.16582517;UNKNOWN
2016-02-16T01:28:21.000000;2016-02-16T01:28:21.000000;3ec381ff-a7e7-47e8-a57f-b8dd6ad7e5f9;401.71;4.13;UNKNOWN
2016-02-16T01:28:21.000000;2016-02-16T01:28:21.000000;6c97d96f-4200-4507-b3b0-e0aefaf274cf;401.57;0.5;UNKNOWN
2016-02-16T01:28:21.000000;2016-02-16T01:28:21.000000;38d1000c-6e36-4186-b768-164c10428931;401.71;5.37;UNKNOWN
2016-02-16T01:28:29.000000;2016-02-16T01:28:29.000000;328a3b8f-8359-43b7-9c51-0d63dd165446;401.71;6.8951;UNKNOWN
2016-02-16T01:28:29.000000;2016-02-16T01:28:29.000000;bfa92ff8-8402-4ee3-8b06-2d0dc08d0a60;401.72;0.1;UNKNOWN
2016-02-16T01:28:29.000000;2016-02-16T01:28:29.000000;1315fd26-69a9-4585-a5de-533d33b0b24e;401.72;1.43582517;UNKNOWN
2016-02-16T01:28:29.000000;2016-02-16T01:28:29.000000;5ebe021a-163a-4bad-937b-d55bb4aa8cce;401.73;1.56907483;UNKNOWN
2016-02-16T01:28:36.000000;2016-02-16T01:28:36.000000;21bb5434-ebc5-40db-9624-e2b7a1949bc7;401.71;0.1;UNKNOWN
2016-02-16T01:28:36.000000;2016-02-16T01:28:36.000000;bb6802e2-5547-4d19-aa91-44d1e00c69c1;401.71;0.1;UNKNOWN
2016-02-16T01:28:36.000000;2016-02-16T01:28:36.000000;ea0c218d-c5ac-4474-acc8-18a73015acdc;401.73;8.93;UNKNOWN
2016-02-16T01:28:36.000000;2016-02-16T01:28:36.000000;713f9b67-7f9d-4bea-a302-44ed3ee3448b;401.71;0.37;UNKNOWN
2016-02-16T01:28:36.000000;2016-02-16T01:28:36.000000;e10acc5f-abbf-44ca-bc40-bb620146d552;401.71;0.5;UNKNOWN
2016-02-16T01:28:42.000000;2016-02-16T01:28:42.000000;076fbd04-8e4e-473c-9f38-0bdddca5e8a8;401.87;4.3;UNKNOWN
2016-02-16T01:28:42.000000;2016-02-16T01:28:42.000000;5b0ffb91-aebf-4186-9d9e-5a67b68ee96a;401.87;5.7;UNKNOWN
2016-02-16T01:28:49.000000;2016-02-16T01:28:49.000000;655814d7-a6db-4a63-913b-71fe255631fa;401.99;3.03;UNKNOWN
2016-02-16T01:28:49.000000;2016-02-16T01:28:49.000000;1ea898d3-3253-4066-853f-a6c3be6a787d;401.99;6.97;UNKNOWN
2016-02-16T01:28:55.000000;2016-02-16T01:28:55.000000;bbb41322-b3b7-4d4c-86e2-edcad075ae84;401.99;0.5;UNKNOWN
2016-02-16T01:28:55.000000;2016-02-16T01:28:55.000000;6736753b-edcf-4a44-9c6a-3451e2b68ca0;401.87;3.57666583;UNKNOWN
2016-02-16T01:28:55.000000;2016-02-16T01:28:55.000000;3208a86b-2bba-407b-a9fb-db61f7da9e08;402.0;2.24666834;UNKNOWN
2016-02-16T01:28:55.000000;2016-02-16T01:28:55.000000;43066b55-4d89-4547-9ad6-277c8edb9864;401.87;3.57666583;UNKNOWN
2016-02-16T01:28:55.000000;2016-02-16T01:28:55.000000;6f9bdc81-3142-4b60-ae9b-ffa572bf2764;401.99;0.1;UNKNOWN
2016-02-16T01:29:04.000000;2016-02-16T01:29:04.000000;49f71746-d160-43b8-a69e-b3d4eb40a43a;401.87;3.57649527;UNKNOWN
2016-02-16T01:29:04.000000;2016-02-16T01:29:04.000000;ede19ed3-f8c5-43a3-90f7-25ced328f331;401.87;2.84700946;UNKNOWN
2016-02-16T01:29:04.000000;2016-02-16T01:29:04.000000;77cfc498-b80d-4fcb-8a0b-4f3fe9c282ea;401.87;3.57649527;UNKNOWN
2016-02-16T01:29:11.000000;2016-02-16T01:29:11.000000;6ddb17c1-d790-4458-a28f-a668de135d6f;401.86;10.0;UNKNOWN
2016-02-16T01:30:06.000000;2016-02-16T01:30:06.000000;69372a44-e934-471a-920f-28cabfcbb9d1;401.64;0.433;UNKNOWN
2016-02-16T01:32:03.000000;2016-02-16T01:32:03.000000;f844db87-b590-4bc3-b00e-0a8cdbc708fd;400.86;0.02492904;UNKNOWN
2016-02-16T01:32:05.000000;2016-02-16T01:32:05.000000;c8d5024d-3149-400f-ba59-e8fbd779a1e1;400.87;0.14909113;UNKNOWN
2016-02-16T01:33:42.000000;2016-02-16T01:33:42.000000;b6866bd5-01da-4f72-b598-7bbaacdabeae;401.11;0.7525;UNKNOWN
2016-02-16T01:33:42.000000;2016-02-16T01:33:42.000000;c0ce9f17-66aa-43d3-8eda-135afa6e5929;401.11;0.5;UNKNOWN
2016-02-16T01:34:05.000000;2016-02-16T01:34:05.000000;1be77fa5-cf16-4008-b81e-ba92f1d827d2;401.47;0.37044755;UNKNOWN
2016-02-16T01:35:34.000000;2016-02-16T01:35:34.000000;826acd24-f465-41c2-aad5-da9c08ad199a;401.29;0.5;UNKNOWN
2016-02-16T01:35:34.000000;2016-02-16T01:35:34.000000;50835ef8-0c54-4124-afdd-a0cd357f2b3e;401.29;6.0;UNKNOWN
2016-02-16T01:35:34.000000;2016-02-16T01:35:34.000000;336b9ad3-db12-48c8-9bc6-784a337ebf73;401.3;13.2;UNKNOWN
2016-02-16T01:35:34.000000;2016-02-16T01:35:34.000000;e241aea0-21c6-47cf-85b0-b12bf268fd9c;401.29;3.0;UNKNOWN
2016-02-16T01:35:34.000000;2016-02-16T01:35:34.000000;4571000c-aa6d-413e-bb6e-a26c81761bd8;401.31;6.1595;UNKNOWN
2016-02-16T01:35:43.000000;2016-02-16T01:35:43.000000;8f46680d-7056-4d38-8238-0c8b2f58d726;401.22;1.0;UNKNOWN
2016-02-16T01:36:53.000000;2016-02-16T01:36:53.000000;7a6963e0-389f-4867-a15e-2ffb110af4dd;401.02;13.4622;UNKNOWN
2016-02-16T01:36:53.000000;2016-02-16T01:36:53.000000;6cadd6a8-1712-4dd3-8b2b-5f3b931dcac7;401.11;6.1925;UNKNOWN
2016-02-16T01:37:01.000000;2016-02-16T01:37:01.000000;5c0003c3-9544-48d6-8d81-052562811d13;400.63;0.02;UNKNOWN
2016-02-16T01:37:15.000000;2016-02-16T01:37:15.000000;c4d52146-4786-447f-8bd7-3e36f98eb023;400.65;6.177;UNKNOWN
2016-02-16T01:37:15.000000;2016-02-16T01:37:15.000000;1bb0a2e3-9255-4c1a-80ec-b035c2376edc;400.65;14.8475;UNKNOWN
2016-02-16T01:37:23.000000;2016-02-16T01:37:23.000000;31724d73-8a08-421f-bedb-227a26051c30;400.97;2.3;UNKNOWN
2016-02-16T01:38:05.000000;2016-02-16T01:38:05.000000;db95954f-1b19-4dee-baf6-86b0a5c60c4b;400.64;0.7;UNKNOWN
2016-02-16T01:39:05.000000;2016-02-16T01:39:05.000000;ba5c09fb-d2f9-45de-821f-6c82fa790eeb;400.68;0.73747781;UNKNOWN
2016-02-16T01:40:02.000000;2016-02-16T01:40:02.000000;494eb347-6f9d-4974-a0fa-82260ce3b05f;400.79;1.522388;UNKNOWN
2016-02-16T01:41:07.000000;2016-02-16T01:41:07.000000;794c5d84-41f2-4c0d-ac94-79a6951b67a2;400.85;0.2;UNKNOWN
2016-02-16T01:42:06.000000;2016-02-16T01:42:06.000000;83ab4f71-721e-47ea-9ea2-2fde53037159;400.47;0.08993134;UNKNOWN
2016-02-16T01:42:22.000000;2016-02-16T01:42:22.000000;ef1bf1ff-1427-4385-ab64-efe3c494769a;400.44;0.28034948;UNKNOWN
2016-02-16T01:43:22.000000;2016-02-16T01:43:22.000000;c811fd9a-832f-4a95-9a9b-df304cd22d0a;400.5;0.02457606;UNKNOWN
2016-02-16T01:44:17.000000;2016-02-16T01:44:17.000000;e98063c5-b75f-4f4f-bb98-edffb90aa411;400.63;0.03;UNKNOWN
2016-02-16T01:46:00.000000;2016-02-16T01:46:00.000000;bd6c68be-d37a-412d-9de0-3432bbeec834;400.62;0.01;UNKNOWN
2016-02-16T01:46:05.000000;2016-02-16T01:46:05.000000;bf9ecf59-7453-472b-aff9-1b56c12567a8;400.61;0.2;UNKNOWN
2016-02-16T01:46:05.000000;2016-02-16T01:46:05.000000;afe5571e-aabf-4b2e-b635-a1275dfa1c70;400.45;0.0469;UNKNOWN
2016-02-16T01:46:05.000000;2016-02-16T01:46:05.000000;5eea137e-ffc6-4f1b-b674-7969bb3847b3;400.45;3.19914324;UNKNOWN
2016-02-16T01:46:05.000000;2016-02-16T01:46:05.000000;db6dfb95-45be-4681-8d43-d9deb3a9f65a;400.5;0.8;UNKNOWN
2016-02-16T01:46:26.000000;2016-02-16T01:46:26.000000;22ed29a6-1335-471a-911e-9096fb13dc76;400.6;0.01;UNKNOWN
2016-02-16T01:46:35.000000;2016-02-16T01:46:35.000000;49630bce-576b-4dcb-83ff-2c4f12cd3015;400.6;5.0;UNKNOWN
2016-02-16T01:50:22.000000;2016-02-16T01:50:22.000000;cd75d8ba-f970-415a-8d7d-1832b7a029f2;400.59;0.08108905;UNKNOWN
2016-02-16T01:50:41.000000;2016-02-16T01:50:41.000000;973a92c5-f322-4f5d-b614-bb2c4afc9130;400.6;0.3249;UNKNOWN
2016-02-16T01:50:45.000000;2016-02-16T01:50:45.000000;93b17955-9362-4d24-9a7f-6a9b056265f2;399.98;3.57427948;UNKNOWN
2016-02-16T01:50:45.000000;2016-02-16T01:50:45.000000;3f92295e-00cd-4209-9be7-974a4d9a5b30;400.35;0.2;UNKNOWN
2016-02-16T01:50:45.000000;2016-02-16T01:50:45.000000;535ed449-ed1f-47c3-b1f4-8ecef1271bf0;400.59;0.2;UNKNOWN
2016-02-16T01:50:45.000000;2016-02-16T01:50:45.000000;d495a777-b2a1-4735-8941-4656835fdd25;400.59;0.31891095;UNKNOWN
2016-02-16T01:50:45.000000;2016-02-16T01:50:45.000000;8eea3850-58e4-4c56-a785-54d60778be63;400.15;3.57389626;UNKNOWN
2016-02-16T01:50:45.000000;2016-02-16T01:50:45.000000;00dccd9c-43fb-4492-9aae-ec835d819f97;400.08;3.57389626;UNKNOWN
2016-02-16T01:50:45.000000;2016-02-16T01:50:45.000000;0ea3c7c4-f95c-480e-8842-e15a14dce193;400.44;2.68995052;UNKNOWN
2016-02-16T01:50:45.000000;2016-02-16T01:50:45.000000;4cc0a3e1-a8e7-4999-b6cf-9a34993b2599;400.1;0.0878;UNKNOWN
2016-02-16T01:50:45.000000;2016-02-16T01:50:45.000000;dfc02bd4-5c14-44dc-b714-c3e7ac4d5c9f;399.91;0.78126653;UNKNOWN
2016-02-16T01:51:28.000000;2016-02-16T01:51:28.000000;e0b77e76-a3b9-4393-bfc3-7b89a938c490;399.91;0.2;UNKNOWN
2016-02-16T01:53:13.000000;2016-02-16T01:53:13.000000;931e4e37-c61f-4686-acb0-84d0216ebffc;399.81;0.05006881;UNKNOWN
2016-02-16T01:53:29.000000;2016-02-16T01:53:29.000000;4c3f6903-b147-4ee0-9005-12c26390a9c5;399.84;0.12528966;UNKNOWN
2016-02-16T01:53:35.000000;2016-02-16T01:53:35.000000;4598133e-8546-4bfa-898b-c0009227491b;399.92;0.5;UNKNOWN
2016-02-16T01:55:05.000000;2016-02-16T01:55:05.000000;27587320-7c7e-4ef5-a15c-b8889b4f153b;400.03;0.24;UNKNOWN
2016-02-16T01:55:14.000000;2016-02-16T01:55:14.000000;a8f9c2bb-7884-4519-b6f4-927527c6d12f;400.01;0.7;UNKNOWN
2016-02-16T01:57:05.000000;2016-02-16T01:57:05.000000;cedb878d-9910-4c0e-b28d-ce064f8af070;400.67;0.12368278;UNKNOWN
2016-02-16T01:59:33.000000;2016-02-16T01:59:33.000000;2abd0506-0a60-45ba-9b00-fbdb21c1cb28;400.01;6.85608136;UNKNOWN
2016-02-16T02:00:04.000000;2016-02-16T02:00:04.000000;0393c117-c78c-449a-a6e6-ec006c8875ad;400.47;0.77655098;UNKNOWN
2016-02-16T02:00:28.000000;2016-02-16T02:00:28.000000;028b1e54-6f94-44e2-9438-43ec84691150;400.32;0.01;UNKNOWN
2016-02-16T02:04:05.000000;2016-02-16T02:04:05.000000;7a5d3da4-a366-41cf-bd46-72bbb0505473;400.64;1.1;UNKNOWN
2016-02-16T02:04:39.000000;2016-02-16T02:04:39.000000;ad218fda-0e6e-45b2-bc0f-81d3d5df96bd;400.94;0.058925;UNKNOWN
2016-02-16T02:04:39.000000;2016-02-16T02:04:39.000000;f032cc8e-a033-46e9-946f-6f08fce48fa0;400.94;0.1;UNKNOWN
2016-02-16T02:04:39.000000;2016-02-16T02:04:39.000000;664b8baa-8161-4a2f-8dc3-96a2dc7da111;400.98;6.1542;UNKNOWN
2016-02-16T02:04:39.000000;2016-02-16T02:04:39.000000;344f1452-0a8b-488c-8967-c87e1184573f;400.99;7.12;UNKNOWN
2016-02-16T02:04:39.000000;2016-02-16T02:04:39.000000;22015a58-5a1f-4a76-9b0e-4c58c3245ff3;400.81;0.01;UNKNOWN
2016-02-16T02:04:39.000000;2016-02-16T02:04:39.000000;94c86f10-c8f4-444d-8094-aa5ab893085f;401.0;19.356875;UNKNOWN
2016-02-16T02:04:39.000000;2016-02-16T02:04:39.000000;45a34380-5095-4838-bd5c-6b4cf7736954;400.95;0.2;UNKNOWN
2016-02-16T02:04:44.000000;2016-02-16T02:04:44.000000;94d6a4ff-c9b4-4c75-9340-1fb9b5a7abef;401.0;33.0;UNKNOWN
2016-02-16T02:04:46.000000;2016-02-16T02:04:46.000000;9a94cd94-4164-4788-aaeb-bca0b3a6de0a;401.0;33.0;UNKNOWN
2016-02-16T02:04:48.000000;2016-02-16T02:04:48.000000;a1a3e3a0-b7db-49a5-b556-c641ac63defc;401.0;14.642625;UNKNOWN
2016-02-16T02:04:48.000000;2016-02-16T02:04:48.000000;485f211c-55b7-49c3-b0f8-b946d04bc696;401.0;0.5525;UNKNOWN
2016-02-16T02:04:52.000000;2016-02-16T02:04:52.000000;7fdc129b-0ac2-4405-8f83-29f7bcc491d6;401.01;0.02748492;UNKNOWN
2016-02-16T02:04:57.000000;2016-02-16T02:04:57.000000;a68a1348-9ce7-4300-9950-0cec4ba34451;401.07;3.57568534;UNKNOWN
2016-02-16T02:05:06.000000;2016-02-16T02:05:06.000000;d79ed7d4-4c61-4198-8a88-e2aee11d526e;401.21;0.1;UNKNOWN
2016-02-16T02:05:06.000000;2016-02-16T02:05:06.000000;db7cc142-5348-4cf6-83b5-b74463981326;401.21;0.5;UNKNOWN
2016-02-16T02:05:06.000000;2016-02-16T02:05:06.000000;97ce136b-a91f-491f-86d5-bd302d34e324;401.21;0.1;UNKNOWN
2016-02-16T02:05:06.000000;2016-02-16T02:05:06.000000;abbbf916-2e20-46e7-aca9-8fc73ee9c734;401.21;0.134874;UNKNOWN
2016-02-16T02:05:13.000000;2016-02-16T02:05:13.000000;f0672784-56cb-4a11-bbf9-9b978b46d591;401.45;1.5;UNKNOWN
2016-02-16T02:05:20.000000;2016-02-16T02:05:20.000000;594128ab-1a7f-44a0-a5eb-155eb9181008;401.36;0.56326258;UNKNOWN
2016-02-16T02:05:30.000000;2016-02-16T02:05:30.000000;3053f557-183b-4202-9cd0-c2c1437a2d5b;401.5;1.0;UNKNOWN
2016-02-16T02:05:44.000000;2016-02-16T02:05:44.000000;6d2a717a-eab2-4167-8d7c-059b8dddf102;401.5;20.0;UNKNOWN
2016-02-16T02:05:44.000000;2016-02-16T02:05:44.000000;582e8c66-22fa-4f18-8e43-ba355f5448e8;401.49;6.1823;UNKNOWN
2016-02-16T02:06:05.000000;2016-02-16T02:06:05.000000;b8d011bc-9143-4609-8fc0-535f16b7306a;401.5;0.01;UNKNOWN
2016-02-16T02:06:22.000000;2016-02-16T02:06:22.000000;92637688-ecf4-4d0b-952e-2b09f29d11c0;401.57;0.0992;UNKNOWN
2016-02-16T02:06:27.000000;2016-02-16T02:06:27.000000;1ed3fbd2-276f-403e-9622-4ce2bb92ad5b;401.57;0.0992;UNKNOWN
2016-02-16T02:07:37.000000;2016-02-16T02:07:37.000000;a843cf69-4072-4a34-9f1a-5e13b64b3815;401.52;5.0;UNKNOWN
2016-02-16T02:07:58.000000;2016-02-16T02:07:58.000000;1d71fe7f-e003-4716-b8e4-5875ef90ac96;401.52;0.23;UNKNOWN
2016-02-16T02:08:09.000000;2016-02-16T02:08:09.000000;3a410ec2-3863-426f-9157-659f27956e3c;401.52;0.02;UNKNOWN
2016-02-16T02:12:40.000000;2016-02-16T02:12:40.000000;61ad981e-0773-4e73-b2f9-4f6f66672658;401.52;1.1;UNKNOWN
2016-02-16T02:12:42.000000;2016-02-16T02:12:42.000000;64884154-cb48-4ec8-943c-ac6c6d24a9f9;401.52;0.6;UNKNOWN
2016-02-16T02:12:47.000000;2016-02-16T02:12:47.000000;4d0461f9-4c70-4e21-9941-d6f89dd92723;401.51;0.0654702;UNKNOWN
2016-02-16T02:13:05.000000;2016-02-16T02:13:05.000000;3c31037a-8cc3-4306-b547-811e10951458;401.51;1.86;UNKNOWN
2016-02-16T02:13:42.000000;2016-02-16T02:13:42.000000;875bafe3-ef56-4bfe-90bf-cf002b742c07;401.52;1.87402399;UNKNOWN
2016-02-16T02:13:42.000000;2016-02-16T02:13:42.000000;f5596112-072e-43d5-813e-88184784c90e;401.52;3.12597601;UNKNOWN
2016-02-16T02:14:05.000000;2016-02-16T02:14:05.000000;452dfb00-3b89-40a5-a7a4-3a467c359211;401.52;0.36941263;UNKNOWN
2016-02-16T02:15:38.000000;2016-02-16T02:15:38.000000;711f9fac-1916-4610-9924-ded88cbd5df4;401.52;3.5769217;UNKNOWN
2016-02-16T02:15:38.000000;2016-02-16T02:15:38.000000;ca33711f-1d54-40d9-9d0e-d4e89ec8f6a1;401.52;3.57479058;UNKNOWN
2016-02-16T02:15:38.000000;2016-02-16T02:15:38.000000;b9c0d2a5-d028-4974-9cdf-53bf8cb2dd8a;401.52;3.57470538;UNKNOWN
2016-02-16T02:15:38.000000;2016-02-16T02:15:38.000000;c87e6238-4e33-470a-bc66-ced4f48a59b9;401.53;1.6913;UNKNOWN
2016-02-16T02:15:38.000000;2016-02-16T02:15:38.000000;4145bcb0-f41d-4628-bbaa-41b57e949dde;401.52;6.2133;UNKNOWN
2016-02-16T02:15:38.000000;2016-02-16T02:15:38.000000;cbbff0f3-1d90-44bd-a038-c2f6b1ef8436;401.52;3.20414306;UNKNOWN
2016-02-16T02:15:39.000000;2016-02-16T02:15:39.000000;7ca7223a-bdc8-42a0-8b38-d1ba29c0b546;401.55;0.5;UNKNOWN
2016-02-16T02:15:41.000000;2016-02-16T02:15:41.000000;35c79cfd-9bc6-4fbb-a3ad-5432bffd2d3c;401.53;2.22;UNKNOWN
2016-02-16T02:15:41.000000;2016-02-16T02:15:41.000000;3e2046b9-e738-4052-b298-f7f9b93b96cc;401.54;6.97;UNKNOWN
2016-02-16T02:15:43.000000;2016-02-16T02:15:43.000000;8dfed739-fa3e-48b8-8690-e4879e69811a;401.97;12.0;UNKNOWN
2016-02-16T02:15:43.000000;2016-02-16T02:15:43.000000;df6df245-bd28-47ac-9a97-56784a46ea45;401.97;6.0;UNKNOWN
2016-02-16T02:15:43.000000;2016-02-16T02:15:43.000000;6f26b198-b0e4-49ac-9f65-f16aab206708;401.55;3.07513139;UNKNOWN
2016-02-16T02:15:43.000000;2016-02-16T02:15:43.000000;1d3ca50e-cbfc-44e2-94a7-94c34e26a05e;401.96;0.1;UNKNOWN
2016-02-16T02:15:43.000000;2016-02-16T02:15:43.000000;bcc2788b-8792-4f0c-bc4c-0e642b6686ec;401.98;9.52379361;UNKNOWN
2016-02-16T02:15:43.000000;2016-02-16T02:15:43.000000;a48c8ed8-0769-4803-9de4-e26df99ed84a;401.94;0.041075;UNKNOWN
2016-02-16T02:16:08.000000;2016-02-16T02:16:08.000000;b9bde83e-4c58-4eac-92ef-bbbaa64d9aa2;401.74;3.57402399;UNKNOWN
2016-02-16T02:16:08.000000;2016-02-16T02:16:08.000000;190f9897-7e05-4fe4-b88f-8e48fa8676eb;401.73;6.1573;UNKNOWN
2016-02-16T02:16:08.000000;2016-02-16T02:16:08.000000;0a1ba3cb-dd90-46f1-acfe-01b3d3de1642;401.8;0.26867601;UNKNOWN
2016-02-16T02:16:26.000000;2016-02-16T02:16:26.000000;893c0e4f-13be-4578-9272-786ac242a74e;401.8;3.57410915;UNKNOWN
2016-02-16T02:16:26.000000;2016-02-16T02:16:26.000000;a3537a23-57e6-4a9f-bfbf-06e04165cb78;401.79;6.2128;UNKNOWN
2016-02-16T02:18:40.000000;2016-02-16T02:18:40.000000;0454b05d-eae5-413e-b226-1d1495d5c46a;401.68;5.0;UNKNOWN
2016-02-16T02:19:23.000000;2016-02-16T02:19:23.000000;01201363-f96d-4fcb-852b-3d9f33b5483c;401.62;0.13235049;UNKNOWN
2016-02-16T02:20:11.000000;2016-02-16T02:20:11.000000;b934f1b3-072f-4bcc-8ba1-2a3964cba09c;401.71;0.01;UNKNOWN
2016-02-16T02:26:05.000000;2016-02-16T02:26:05.000000;4486cd32-ce65-4bac-b5ae-a4fa58649b33;401.57;5.0;UNKNOWN
2016-02-16T02:26:13.000000;2016-02-16T02:26:13.000000;3a3e1280-b207-40e3-8b9b-0c3298a9a81f;401.58;0.74703427;UNKNOWN
2016-02-16T02:26:17.000000;2016-02-16T02:26:17.000000;4e2c2727-8cc6-497d-b570-815c30bc5623;401.58;0.74736888;UNKNOWN
2016-02-16T02:27:05.000000;2016-02-16T02:27:05.000000;fa903e18-2df4-415c-bbce-337a3cf5af99;401.73;0.73749295;UNKNOWN
2016-02-16T02:27:06.000000;2016-02-16T02:27:06.000000;771cc0d8-e73c-40a5-b6a3-e6f1397beeed;401.73;3.6898245;UNKNOWN
2016-02-16T02:27:22.000000;2016-02-16T02:27:22.000000;3bdce828-1fa7-47d8-8278-4711bf3b59a7;401.57;0.045;UNKNOWN
2016-02-16T02:28:12.000000;2016-02-16T02:28:12.000000;bd9083a0-97ac-486d-aca4-10467f4d90cd;401.58;1.5;UNKNOWN
2016-02-16T02:30:22.000000;2016-02-16T02:30:22.000000;8929fc14-09ab-4b7d-ab68-52ecb2886600;401.58;0.06201153;UNKNOWN
2016-02-16T02:31:14.000000;2016-02-16T02:31:14.000000;0c0354d1-934b-42b8-91c8-75d3fce6cf7f;401.96;6.2021;UNKNOWN
2016-02-16T02:31:14.000000;2016-02-16T02:31:14.000000;4c5032a4-8880-41e4-b379-19ae3fca43a8;401.97;13.7979;UNKNOWN
2016-02-16T02:31:39.000000;2016-02-16T02:31:39.000000;458a54ae-074c-4dd3-b979-46c26c1dcfa8;402.18;3.57223658;UNKNOWN
2016-02-16T02:31:39.000000;2016-02-16T02:31:39.000000;51d8db9d-de1f-48c4-9619-d074d58d96f1;402.0;0.03;UNKNOWN
2016-02-16T02:31:39.000000;2016-02-16T02:31:39.000000;acf80257-4435-4746-ba30-995a5f8b5957;402.02;0.2;UNKNOWN
2016-02-16T02:31:39.000000;2016-02-16T02:31:39.000000;44d55c8e-b569-4d64-a933-1940e5e0dd1f;402.15;0.464545;UNKNOWN
2016-02-16T02:31:39.000000;2016-02-16T02:31:39.000000;ca507332-d612-45c3-8b72-a8f4c13fe8cc;402.06;6.2017;UNKNOWN
2016-02-16T02:31:39.000000;2016-02-16T02:31:39.000000;8fba86fb-3cee-4f57-b067-79cf7174bc79;402.12;3.57202391;UNKNOWN
2016-02-16T02:31:39.000000;2016-02-16T02:31:39.000000;2a1b4d65-bf2f-4299-b72d-a627a9567f9b;402.07;3.57202391;UNKNOWN
2016-02-16T02:31:39.000000;2016-02-16T02:31:39.000000;59d4d4c4-3ab9-43b0-b5d9-153f04d3af71;402.24;2.3874706;UNKNOWN
2016-02-16T02:33:05.000000;2016-02-16T02:33:05.000000;f12f24a6-6988-4bda-b310-5e4659357c69;401.88;2.80909684;UNKNOWN
2016-02-16T02:36:36.000000;2016-02-16T02:36:36.000000;7aede9a5-becf-4e77-a37a-f7ff97e9ba6e;402.2;0.3466;UNKNOWN
2016-02-16T02:36:36.000000;2016-02-16T02:36:36.000000;96b33ef1-5296-4819-b344-751346e8f22a;402.24;0.27871224;UNKNOWN
2016-02-16T02:36:36.000000;2016-02-16T02:36:36.000000;6ac9e0f5-cd06-4ca9-a78c-a6e72a9fe698;402.0;0.02;UNKNOWN
2016-02-16T02:38:59.000000;2016-02-16T02:38:59.000000;50fb19ac-7da9-42c7-9e22-6a2df8c908cd;401.4;11.8045;UNKNOWN
2016-02-16T02:38:59.000000;2016-02-16T02:38:59.000000;30af32cb-c05f-4f6d-bb9a-9be925c7a0b8;401.7;0.9;UNKNOWN
2016-02-16T02:38:59.000000;2016-02-16T02:38:59.000000;75402c32-6bb6-4593-a6d0-aa90cab5e4f2;401.58;6.215;UNKNOWN
2016-02-16T02:38:59.000000;2016-02-16T02:38:59.000000;78e69e55-3dc4-41fc-aaf3-ef5e2b96c682;401.57;1.0805;UNKNOWN
2016-02-16T02:39:05.000000;2016-02-16T02:39:05.000000;04585c2d-6c95-425c-8dd4-3e5f1fb1bc8f;401.75;0.25;UNKNOWN
2016-02-16T02:39:44.000000;2016-02-16T02:39:44.000000;6d3e72cb-3b54-4dd8-ae50-93a5e51f821d;400.96;0.51;UNKNOWN
2016-02-16T02:39:44.000000;2016-02-16T02:39:44.000000;3caf1fe5-c23f-4612-bf74-68bdfb5fc9a9;401.01;0.5;UNKNOWN
2016-02-16T02:39:44.000000;2016-02-16T02:39:44.000000;1113cc90-e793-46c6-8228-ed6449095fbd;401.38;0.2;UNKNOWN
2016-02-16T02:39:44.000000;2016-02-16T02:39:44.000000;5163ea5e-23e9-4458-87c7-02afd716768c;401.0;0.9;UNKNOWN
2016-02-16T02:39:47.000000;2016-02-16T02:39:47.000000;88d50e65-16ee-409c-9f56-e88148232602;401.01;0.5;UNKNOWN
2016-02-16T02:39:57.000000;2016-02-16T02:39:57.000000;06159efd-0f22-4bb9-bbdc-68d8856b9cd1;400.64;1.22;UNKNOWN
2016-02-16T02:40:08.000000;2016-02-16T02:40:08.000000;4befbfbf-f384-4f64-954a-8648b6703770;400.64;2.14;UNKNOWN
2016-02-16T02:41:21.000000;2016-02-16T02:41:21.000000;66f2dac2-723e-4e68-8da7-bee5ce37cfbc;400.72;0.25;UNKNOWN
2016-02-16T02:46:05.000000;2016-02-16T02:46:05.000000;327473cd-888c-4463-a100-bac83d42db1f;401.13;8.0;UNKNOWN
2016-02-16T02:47:46.000000;2016-02-16T02:47:46.000000;abf2a8ff-717f-4c7d-a508-5e7a8f75da83;401.24;0.75468776;UNKNOWN
2016-02-16T02:47:47.000000;2016-02-16T02:47:47.000000;6a4ccec4-3119-4a4b-b967-960e2cea4677;401.24;2.63933026;UNKNOWN
2016-02-16T02:49:01.000000;2016-02-16T02:49:01.000000;3fde31f6-f9d5-49ca-b37a-7c696768de87;401.24;0.198;UNKNOWN
2016-02-16T02:51:05.000000;2016-02-16T02:51:05.000000;fb04a198-ba90-4305-b3e2-3b69300f132b;400.99;1.67;UNKNOWN
2016-02-16T02:53:16.000000;2016-02-16T02:53:16.000000;ad1961db-f030-4b7a-a502-341192885348;401.24;0.62032814;UNKNOWN
2016-02-16T02:53:16.000000;2016-02-16T02:53:16.000000;883d8dda-2aa1-4a77-820c-0ba057a5d38b;400.92;0.39477186;UNKNOWN
2016-02-16T02:54:32.000000;2016-02-16T02:54:32.000000;f2d81383-71dc-48aa-bef4-745ab47bdfdf;401.23;0.144884;UNKNOWN
2016-02-16T02:55:42.000000;2016-02-16T02:55:42.000000;bdeba0e9-b97c-4189-90c9-93b39b339082;401.03;0.24968221;UNKNOWN
2016-02-16T02:57:05.000000;2016-02-16T02:57:05.000000;386bd5d0-9e7f-4aa7-b992-586407f2917f;401.23;1.8456491;UNKNOWN
2016-02-16T02:57:37.000000;2016-02-16T02:57:37.000000;c39ea6d5-22ea-4be8-a40d-96b16c4a5b7d;401.22;0.01;UNKNOWN
2016-02-16T02:58:05.000000;2016-02-16T02:58:05.000000;57a1752b-6459-4feb-8d39-61f69003f9f7;401.23;0.01594525;UNKNOWN
2016-02-16T03:01:22.000000;2016-02-16T03:01:22.000000;741ec62e-0916-40e9-ac90-e0526abf1f5a;401.22;0.24674908;UNKNOWN
2016-02-16T03:08:02.000000;2016-02-16T03:08:02.000000;6cdb10e4-57ec-4e6d-a523-ee182f97c852;401.22;0.04241318;UNKNOWN
2016-02-16T03:09:02.000000;2016-02-16T03:09:02.000000;fbe9e485-3c8c-41d5-be46-d5fff0b6afac;401.23;0.25;UNKNOWN
2016-02-16T03:11:07.000000;2016-02-16T03:11:07.000000;a2ace15e-a736-4bd0-a6ce-562f5165d479;401.25;2.51124297;UNKNOWN
2016-02-16T03:11:07.000000;2016-02-16T03:11:07.000000;49c06ab2-3843-4383-b8b0-79045cc12d88;401.25;2.0;UNKNOWN
2016-02-16T03:12:43.000000;2016-02-16T03:12:43.000000;6ec44d0c-863b-4dc4-b097-265552ba1b38;401.26;0.04511243;UNKNOWN
2016-02-16T03:13:43.000000;2016-02-16T03:13:43.000000;5d7a4731-5f3d-40bc-9f6e-2c1874c2f31c;401.26;7.95488757;UNKNOWN
2016-02-16T03:13:45.000000;2016-02-16T03:13:45.000000;11b24523-0a4d-4cef-8087-fe1ef22eb5a4;401.75;0.2;UNKNOWN
2016-02-16T03:13:45.000000;2016-02-16T03:13:45.000000;e98065f0-d96c-4e1c-8d9e-ae9ea98803c1;401.75;5.0;UNKNOWN
2016-02-16T03:13:45.000000;2016-02-16T03:13:45.000000;3ca11b06-cd04-4222-bd0f-4a74b96cf86d;401.8;5.0;UNKNOWN
2016-02-16T03:13:45.000000;2016-02-16T03:13:45.000000;f473c776-02f8-4d69-b05e-3e7837f2473e;401.84;0.1;UNKNOWN
2016-02-16T03:13:45.000000;2016-02-16T03:13:45.000000;22b2686a-6689-4400-bba5-acd8735fa01e;401.85;4.59;UNKNOWN
2016-02-16T03:13:45.000000;2016-02-16T03:13:45.000000;f3a6d108-8b88-45f8-888c-98c375c80ff8;401.67;0.01;UNKNOWN
2016-02-16T03:13:45.000000;2016-02-16T03:13:45.000000;0c86af18-20fa-4424-8bb3-b1ebf569c3ed;401.84;0.1;UNKNOWN
2016-02-16T03:14:04.000000;2016-02-16T03:14:04.000000;cf4a7662-7a3a-4a83-aaf5-a68f07eb70e5;401.85;0.41;UNKNOWN
2016-02-16T03:14:04.000000;2016-02-16T03:14:04.000000;28de2093-75f9-4e53-a42f-4ce3e2138050;401.96;0.5;UNKNOWN
2016-02-16T03:14:04.000000;2016-02-16T03:14:04.000000;07759470-5256-4a47-84e9-89bec3e40494;401.99;12.8575;UNKNOWN
2016-02-16T03:14:04.000000;2016-02-16T03:14:04.000000;8584ca71-7e4f-4643-93a0-e26f7fea9f92;401.72;0.2;UNKNOWN
2016-02-16T03:14:04.000000;2016-02-16T03:14:04.000000;1ca504b6-b476-416c-b81f-ba80fc62e84f;401.99;6.1325;UNKNOWN
2016-02-16T03:14:04.000000;2016-02-16T03:14:04.000000;5280286f-14a2-4b94-b581-929a4f2eb7a2;401.75;0.1;UNKNOWN
2016-02-16T03:14:04.000000;2016-02-16T03:14:04.000000;353d032d-2a86-43aa-99fb-6e278737ae75;401.99;0.07421517;UNKNOWN
2016-02-16T03:14:24.000000;2016-02-16T03:14:24.000000;b72ab4a5-183c-4404-b05c-e299f2ab304c;401.69;0.51651266;UNKNOWN
2016-02-16T03:15:14.000000;2016-02-16T03:15:14.000000;b7186803-fa7b-43c5-ab36-100fbf7d3955;401.97;15.06;UNKNOWN
2016-02-16T03:15:34.000000;2016-02-16T03:15:34.000000;5cca46db-9ac1-4a08-b609-7f3d80dff32f;401.99;20.0;UNKNOWN
2016-02-16T03:17:13.000000;2016-02-16T03:17:13.000000;a9acfb1b-7c82-4819-bfbb-491cd7affbb6;401.99;0.25662861;UNKNOWN
2016-02-16T03:18:23.000000;2016-02-16T03:18:23.000000;9fc84cfe-b15e-404d-9847-fd2dc6a0983e;402.0;20.0;UNKNOWN
2016-02-16T03:19:05.000000;2016-02-16T03:19:05.000000;f5c0ae74-e6c5-4c96-af3b-cb72b97f3e13;402.0;0.12533019;UNKNOWN
2016-02-16T03:19:33.000000;2016-02-16T03:19:33.000000;fae719d5-7fe4-4583-8204-970bb303273f;401.99;0.04;UNKNOWN
2016-02-16T03:21:05.000000;2016-02-16T03:21:05.000000;97be5514-8766-4154-a14e-14d107d0c34c;401.99;1.7;UNKNOWN
2016-02-16T03:22:05.000000;2016-02-16T03:22:05.000000;c224aebb-7a43-449e-9e59-0ec245428425;402.0;0.2;UNKNOWN
2016-02-16T03:22:06.000000;2016-02-16T03:22:06.000000;8894ca89-b8a1-4637-9391-4b403f55fa98;401.99;2.0;UNKNOWN
2016-02-16T03:23:05.000000;2016-02-16T03:23:05.000000;551f096a-b603-4bdd-9276-6d174fd9ba01;401.99;4.69626565;UNKNOWN
2016-02-16T03:24:25.000000;2016-02-16T03:24:25.000000;86d3a7c9-cfb4-4762-ac4f-2eb1e803da3b;402.0;1.0;UNKNOWN
2016-02-16T03:27:43.000000;2016-02-16T03:27:43.000000;fc881499-3495-4a25-8b53-ecb33fd4da11;401.99;0.5;UNKNOWN
2016-02-16T03:28:05.000000;2016-02-16T03:28:05.000000;5cb5e933-1921-4158-8516-774f52d78323;401.99;4.09603474;UNKNOWN
2016-02-16T03:29:05.000000;2016-02-16T03:29:05.000000;c81516d4-efcd-46e6-b811-3c64d62c0098;402.0;0.07374039;UNKNOWN
2016-02-16T03:29:26.000000;2016-02-16T03:29:26.000000;99bfa01c-6b64-439b-8c30-24c5595c2c15;402.0;3.57491837;UNKNOWN
2016-02-16T03:29:26.000000;2016-02-16T03:29:26.000000;99c62a7b-d433-4cda-a7a3-517d1590aeaa;402.0;12.8035;UNKNOWN
2016-02-16T03:29:26.000000;2016-02-16T03:29:26.000000;dfe80a60-6a1b-48b0-8ac3-b74d1d630402;402.01;3.57491837;UNKNOWN
2016-02-16T03:29:26.000000;2016-02-16T03:29:26.000000;68ecfd76-edb9-4895-aa44-d07ec8a5987e;402.0;3.57491837;UNKNOWN
2016-02-16T03:29:26.000000;2016-02-16T03:29:26.000000;7b16ad8f-fdf0-48f1-83b0-2c9500a2e77e;402.0;6.1573;UNKNOWN
2016-02-16T03:29:26.000000;2016-02-16T03:29:26.000000;18c17a18-5b5e-432f-8b05-059da0fe5487;402.06;3.57491837;UNKNOWN
2016-02-16T03:29:26.000000;2016-02-16T03:29:26.000000;dc38ead0-7b9e-47dd-b742-0fa9e77cbce1;402.0;54.72952434;UNKNOWN
2016-02-16T03:29:26.000000;2016-02-16T03:29:26.000000;39b80bb4-a895-460e-8a77-07d3241c55f4;402.0;0.2;UNKNOWN
2016-02-16T03:29:26.000000;2016-02-16T03:29:26.000000;fe69fd2b-a033-4ce1-807e-020fd8c766a0;402.12;3.57491837;UNKNOWN
2016-02-16T03:29:26.000000;2016-02-16T03:29:26.000000;4dbd9184-ab3e-4c71-9ef9-42ebb3bce265;402.23;2.26489825;UNKNOWN
2016-02-16T03:29:26.000000;2016-02-16T03:29:26.000000;768a83cd-0a65-49da-bb7b-297e41b061ab;402.11;0.01;UNKNOWN
2016-02-16T03:29:26.000000;2016-02-16T03:29:26.000000;9ef6f6d2-a0e8-469a-89d1-92d9e3f39687;402.18;3.57491837;UNKNOWN
2016-02-16T03:29:26.000000;2016-02-16T03:29:26.000000;06dce019-c6a7-495c-af90-572e45410cf5;402.1;0.01;UNKNOWN
2016-02-16T03:29:26.000000;2016-02-16T03:29:26.000000;d24a2f80-9e30-4f3d-8710-9e24a7c2d74d;402.2;0.01;UNKNOWN
2016-02-16T03:29:26.000000;2016-02-16T03:29:26.000000;c2c04756-3d8f-41e1-9648-50b11e712361;402.22;1.0;UNKNOWN
2016-02-16T03:29:26.000000;2016-02-16T03:29:26.000000;e2cad642-4dea-4d12-9cb5-352069d45370;402.23;2.0;UNKNOWN
2016-02-16T03:29:26.000000;2016-02-16T03:29:26.000000;f20c1f0e-7448-4450-8237-b10bc5c56e12;402.23;1.0;UNKNOWN
2016-02-16T03:29:33.000000;2016-02-16T03:29:33.000000;45701e54-d8bc-465e-81be-97ba3896ae5e;402.0;0.03735171;UNKNOWN
2016-02-16T03:29:43.000000;2016-02-16T03:29:43.000000;99261f41-5cc8-410d-a9a9-da1cf0b88051;402.21;0.23600227;UNKNOWN
2016-02-16T03:30:23.000000;2016-02-16T03:30:23.000000;33f18678-4bb2-4422-8d45-0904b1259f35;402.06;0.58959259;UNKNOWN
2016-02-16T03:33:56.000000;2016-02-16T03:33:56.000000;f084760f-fed8-453d-84f9-fe2c1ee30c49;402.41;0.01722371;UNKNOWN
2016-02-16T03:33:56.000000;2016-02-16T03:33:56.000000;3e13808a-797f-4b8e-ada1-af4c7b31fbf2;402.43;3.57419432;UNKNOWN
2016-02-16T03:33:56.000000;2016-02-16T03:33:56.000000;1df6f444-3a60-491d-a8c5-80d807088ece;402.01;0.2;UNKNOWN
2016-02-16T03:33:56.000000;2016-02-16T03:33:56.000000;52cda1af-eb99-48c5-b660-099b7f7ad09a;402.37;0.01;UNKNOWN
2016-02-16T03:33:56.000000;2016-02-16T03:33:56.000000;a834c420-fd9a-4894-bef3-27dda1b724ac;402.4;0.05668441;UNKNOWN
2016-02-16T03:33:56.000000;2016-02-16T03:33:56.000000;7a51b048-529e-40a0-9744-c8a7daf9f5ea;402.32;3.57419432;UNKNOWN
2016-02-16T03:33:56.000000;2016-02-16T03:33:56.000000;c53b3726-977c-48d8-a47d-47839af89994;402.24;6.2114;UNKNOWN
2016-02-16T03:33:56.000000;2016-02-16T03:33:56.000000;8c8ddb37-312f-4cb8-b8f7-1237c719b795;402.25;1.0;UNKNOWN
2016-02-16T03:33:56.000000;2016-02-16T03:33:56.000000;4bea6f7e-6310-4e68-a104-6989a6bb7f9d;402.45;3.57449242;UNKNOWN
2016-02-16T03:33:56.000000;2016-02-16T03:33:56.000000;b30ba867-10cd-4e06-871d-89366153a692;402.49;20.0;UNKNOWN
2016-02-16T03:33:56.000000;2016-02-16T03:33:56.000000;c89e103d-897b-41d1-a1e0-6ce9645f162c;402.5;36.1449184;UNKNOWN
2016-02-16T03:33:56.000000;2016-02-16T03:33:56.000000;ec7b14aa-e2a4-46d4-997c-61030b7a38fe;402.4;0.01;UNKNOWN
2016-02-16T03:33:56.000000;2016-02-16T03:33:56.000000;3c745511-0062-4a13-8229-2ad66c22cc0e;402.25;1.6;UNKNOWN
2016-02-16T03:33:56.000000;2016-02-16T03:33:56.000000;17e19d9d-6840-4596-bcd7-9a1f91978efa;402.43;20.4424;UNKNOWN
2016-02-16T03:33:56.000000;2016-02-16T03:33:56.000000;596df056-2c25-4906-a618-b4a146992445;402.3;0.01;UNKNOWN
2016-02-16T03:33:56.000000;2016-02-16T03:33:56.000000;7a3f8189-a86a-4b54-adfb-5a0037224e9b;402.34;3.57449242;UNKNOWN
2016-02-16T03:34:26.000000;2016-02-16T03:34:26.000000;0e7f7fde-6933-4533-8de5-02760cdfd88e;402.49;4.0;UNKNOWN
2016-02-16T03:34:38.000000;2016-02-16T03:34:38.000000;497ed0e5-9a1a-4ebb-8b50-8aef0a17c2b9;402.42;0.2;UNKNOWN
2016-02-16T03:34:49.000000;2016-02-16T03:34:49.000000;2c1ec8bf-cb7b-40c3-9d52-6851fa6c39f7;402.49;4.0;UNKNOWN
2016-02-16T03:35:42.000000;2016-02-16T03:35:42.000000;35dad038-9ba1-4803-a0bc-af6436063031;402.19;0.1245;UNKNOWN
2016-02-16T03:35:58.000000;2016-02-16T03:35:58.000000;3fe43817-dd37-4490-9b6f-352c6db3d9df;402.26;0.199;UNKNOWN
2016-02-16T03:37:40.000000;2016-02-16T03:37:40.000000;88a14ad3-a78f-4b07-9504-d5e0770b8d4e;402.1;0.5;UNKNOWN
2016-02-16T03:39:05.000000;2016-02-16T03:39:05.000000;b34ac555-2857-4f8d-8a37-171a3f3537e4;402.11;0.5;UNKNOWN
2016-02-16T03:39:07.000000;2016-02-16T03:39:07.000000;b20cf823-aaf8-4b2d-abcc-ed2ceb00479b;402.11;0.073559;UNKNOWN
2016-02-16T03:41:55.000000;2016-02-16T03:41:55.000000;69f320f4-5f01-4d77-8ef7-6efc5c6fbc6f;402.11;0.32807827;UNKNOWN
2016-02-16T03:44:05.000000;2016-02-16T03:44:05.000000;2917cd10-ecfc-4d43-9021-81648d4b0108;402.11;0.03683732;UNKNOWN
2016-02-16T03:47:48.000000;2016-02-16T03:47:48.000000;7664a29d-1395-4507-8525-7f4612dd32b1;402.0;0.02739057;UNKNOWN
2016-02-16T03:50:00.000000;2016-02-16T03:50:00.000000;d16e1472-cf42-4322-93e4-f240c0f07191;402.0;6.2107;UNKNOWN
2016-02-16T03:50:00.000000;2016-02-16T03:50:00.000000;684ed574-884d-4ccc-8a5a-eda08642d5e1;402.0;0.27260943;UNKNOWN
2016-02-16T03:50:00.000000;2016-02-16T03:50:00.000000;c13c2c52-60b4-46a4-b34b-7886e6b6e4b8;402.0;24.66;UNKNOWN
2016-02-16T03:50:40.000000;2016-02-16T03:50:40.000000;abc9a711-0676-449a-ad87-7272fd3374a3;402.0;0.46459057;UNKNOWN
2016-02-16T03:50:40.000000;2016-02-16T03:50:40.000000;9140889d-20d6-4844-a629-0f337510c0fa;402.0;0.03540943;UNKNOWN
2016-02-16T03:52:05.000000;2016-02-16T03:52:05.000000;88b8c4a6-f648-4be3-bc97-e54721284644;402.0;0.24842869;UNKNOWN
2016-02-16T03:56:43.000000;2016-02-16T03:56:43.000000;9a86e089-edf5-452e-8d3f-c766bf9f34a1;402.0;9.6;UNKNOWN
2016-02-16T03:58:30.000000;2016-02-16T03:58:30.000000;6e36c7d9-320d-42f9-a2f0-6c00ef2c65aa;401.99;1.3;UNKNOWN
2016-02-16T04:00:34.000000;2016-02-16T04:00:34.000000;2f4274aa-4672-47e0-b77e-90d427a5c325;401.6;0.01;UNKNOWN
2016-02-16T04:00:34.000000;2016-02-16T04:00:34.000000;fc3ab997-e83c-4bdd-a9c2-d6246505e103;401.99;0.2;UNKNOWN
2016-02-16T04:00:34.000000;2016-02-16T04:00:34.000000;0966057c-29dd-4524-821a-26f137590162;401.99;0.2;UNKNOWN
2016-02-16T04:00:34.000000;2016-02-16T04:00:34.000000;98d8de19-2f9e-44e4-9624-dea3d59e4183;401.7;0.01;UNKNOWN
2016-02-16T04:00:34.000000;2016-02-16T04:00:34.000000;061952fb-9979-4819-96db-76dd71fe79d6;401.49;0.128929;UNKNOWN
2016-02-16T04:00:34.000000;2016-02-16T04:00:34.000000;d1bcd751-ae4d-420a-ad6e-39232a71142d;401.5;0.01;UNKNOWN
2016-02-16T04:00:34.000000;2016-02-16T04:00:34.000000;eced95dd-f93d-4382-99c9-87c1ff4bd7ab;401.99;13.411071;UNKNOWN
2016-02-16T04:00:34.000000;2016-02-16T04:00:34.000000;9c49cbd7-acc1-462d-bfdb-6283ee49eecd;401.9;0.01;UNKNOWN
2016-02-16T04:00:34.000000;2016-02-16T04:00:34.000000;4166daac-6835-430d-b6ac-a8cb8e1de324;401.67;0.01;UNKNOWN
2016-02-16T04:00:34.000000;2016-02-16T04:00:34.000000;080156ca-cc2d-4c9f-92a2-8d5713438192;401.8;0.01;UNKNOWN
2016-02-16T04:00:39.000000;2016-02-16T04:00:39.000000;3265681a-5198-4981-b68e-f1946f8bf5dd;401.4;0.01;UNKNOWN
2016-02-16T04:00:39.000000;2016-02-16T04:00:39.000000;4979172d-9f1a-4c9d-96e6-a8c72dc4c312;401.43;0.01718232;UNKNOWN
2016-02-16T04:00:39.000000;2016-02-16T04:00:39.000000;3770b8d9-c397-457a-a4b3-b47beee6c59a;401.31;0.5;UNKNOWN
2016-02-16T04:00:39.000000;2016-02-16T04:00:39.000000;5bd7e73d-ed16-405a-a131-6b1b4605b0a2;401.49;0.071071;UNKNOWN
2016-02-16T04:00:39.000000;2016-02-16T04:00:39.000000;57644791-3448-4beb-901f-dae3c3212f74;401.31;0.40074668;UNKNOWN
2016-02-16T04:00:56.000000;2016-02-16T04:00:56.000000;b8dae8a9-49de-467e-a8d6-54e9949aa9bf;401.69;0.2;UNKNOWN
2016-02-16T04:01:17.000000;2016-02-16T04:01:17.000000;7356ac54-9078-4fa2-9b3b-9d9b6d0e4e11;401.68;0.112;UNKNOWN
2016-02-16T04:01:17.000000;2016-02-16T04:01:17.000000;adf7e159-e2fe-441e-835a-8b2951561cdb;401.68;0.2;UNKNOWN
2016-02-16T04:01:44.000000;2016-02-16T04:01:44.000000;a3822513-3df9-4cde-8e13-af558ed3ddff;401.53;6.1414;UNKNOWN
2016-02-16T04:02:05.000000;2016-02-16T04:02:05.000000;27ffa30d-dbd4-4fbc-822e-86bac41d7314;401.49;3.0;UNKNOWN
2016-02-16T04:02:05.000000;2016-02-16T04:02:05.000000;9ebb89d3-7405-4124-a16b-a8b56f006913;401.49;0.36070555;UNKNOWN
2016-02-16T04:02:05.000000;2016-02-16T04:02:05.000000;62daf04d-b9b3-4b66-a3f5-144705d95e9e;401.49;0.5;UNKNOWN
2016-02-16T04:02:05.000000;2016-02-16T04:02:05.000000;fdfd753f-4864-4ffb-9e28-54816156c067;401.49;2.85;UNKNOWN
2016-02-16T04:02:08.000000;2016-02-16T04:02:08.000000;2aa26c66-75cb-440c-b891-77960eabd585;401.51;3.0;UNKNOWN
2016-02-16T04:02:08.000000;2016-02-16T04:02:08.000000;772b68a3-25b6-440d-abcd-fc5c6f449470;401.5;4.0;UNKNOWN
2016-02-16T04:02:50.000000;2016-02-16T04:02:50.000000;95f22657-4978-4f9d-b8ae-db8355595e6f;401.68;4.0127;UNKNOWN
2016-02-16T04:04:05.000000;2016-02-16T04:04:05.000000;b75e7933-f4a6-4b7c-85bd-a95059d39452;401.67;0.17;UNKNOWN
2016-02-16T04:04:57.000000;2016-02-16T04:04:57.000000;7aa779b0-bd66-4e9c-ae8b-c66373bb8bf2;401.52;0.5;UNKNOWN
2016-02-16T04:04:57.000000;2016-02-16T04:04:57.000000;3aa28c29-9035-4edd-8173-71168a3325a5;401.67;0.185;UNKNOWN
2016-02-16T04:04:57.000000;2016-02-16T04:04:57.000000;9b67ff90-ebaf-47ac-8844-af7f09c85189;401.52;3.0;UNKNOWN
2016-02-16T04:04:57.000000;2016-02-16T04:04:57.000000;20fac552-78df-41cd-a155-1f3c1edee8cf;401.2;0.01;UNKNOWN
2016-02-16T04:04:57.000000;2016-02-16T04:04:57.000000;7934f07f-f0ca-4a76-b4a3-833c1d32b68a;401.51;6.1542;UNKNOWN
2016-02-16T04:04:57.000000;2016-02-16T04:04:57.000000;f5741bda-a81b-4a79-aeaa-af0ccec10584;401.26;3.57381111;UNKNOWN
2016-02-16T04:04:57.000000;2016-02-16T04:04:57.000000;02d2877a-d629-4958-855b-a708547a60a2;401.19;3.57381111;UNKNOWN
2016-02-16T04:04:57.000000;2016-02-16T04:04:57.000000;0f194720-2ded-43d7-acf1-770045fed56c;401.12;2.99119923;UNKNOWN
2016-02-16T04:04:57.000000;2016-02-16T04:04:57.000000;5eafc61e-c33a-49da-bf06-7131abbe515c;401.23;0.01;UNKNOWN
2016-02-16T04:04:57.000000;2016-02-16T04:04:57.000000;24621b59-baf7-49ac-87f7-83593dcd44ad;401.3;0.01;UNKNOWN
2016-02-16T04:05:33.000000;2016-02-16T04:05:33.000000;3ee20d10-5007-4f47-891c-168d3b2fe159;401.33;0.7;UNKNOWN
2016-02-16T04:06:07.000000;2016-02-16T04:06:07.000000;c62f1f5f-213e-4d5c-ad34-1aeb206a5d87;401.14;0.07476294;UNKNOWN
2016-02-16T04:06:29.000000;2016-02-16T04:06:29.000000;d5e0fa25-7dce-4b4a-97b8-8d3adc2b614e;401.18;0.973;UNKNOWN
2016-02-16T04:07:05.000000;2016-02-16T04:07:05.000000;9897a741-4797-49fa-8564-5aa675db91d8;401.33;0.24836082;UNKNOWN
2016-02-16T04:07:11.000000;2016-02-16T04:07:11.000000;b9ab235b-f7b4-4f9b-a600-cb93c7a64793;401.17;0.175;UNKNOWN
2016-02-16T04:07:55.000000;2016-02-16T04:07:55.000000;3b32f912-b29f-4a14-94b4-5bff4815cb52;401.12;1.314259;UNKNOWN
2016-02-16T04:08:08.000000;2016-02-16T04:08:08.000000;3bb2b847-b44f-4785-b09c-f723975f8880;401.12;0.32778921;UNKNOWN
2016-02-16T04:08:38.000000;2016-02-16T04:08:38.000000;0783925d-1dec-4821-a5d7-d4cc2c4534a5;401.12;1.314259;UNKNOWN
2016-02-16T04:09:05.000000;2016-02-16T04:09:05.000000;3c833b14-ec76-44e3-bde4-ebef75e6ddb2;401.17;0.5161827;UNKNOWN
2016-02-16T04:09:21.000000;2016-02-16T04:09:21.000000;ffaa6098-ee8a-4002-869a-9488ad88c333;401.16;1.314259;UNKNOWN
2016-02-16T04:10:05.000000;2016-02-16T04:10:05.000000;0db2aaf6-8b16-4f44-b33e-de04c39a9090;401.16;0.94735668;UNKNOWN
2016-02-16T04:10:05.000000;2016-02-16T04:10:05.000000;a868ec84-5cd2-41a9-acc5-44ecfd0aabd0;401.16;1.314259;UNKNOWN
2016-02-16T04:10:13.000000;2016-02-16T04:10:13.000000;184b145e-4bc2-48d5-ace8-79036aefa336;401.16;0.05489586;UNKNOWN
2016-02-16T04:11:22.000000;2016-02-16T04:11:22.000000;9602e342-c36d-4662-9498-03c3488396a0;401.72;13.9767;UNKNOWN
2016-02-16T04:11:22.000000;2016-02-16T04:11:22.000000;3f5e2726-3021-4e4a-af98-ff5b10b3e48c;401.17;0.6230763;UNKNOWN
2016-02-16T04:11:22.000000;2016-02-16T04:11:22.000000;e8d3d1f2-afd4-4510-adff-d75ebcfc13d8;401.8;9.4002237;UNKNOWN
2016-02-16T04:11:22.000000;2016-02-16T04:11:22.000000;b2805291-08bc-4bed-8f2a-2d629b3a615f;401.8;1.0;UNKNOWN
2016-02-16T04:11:27.000000;2016-02-16T04:11:27.000000;c4a0d5a4-b187-41ac-8795-94200a7f0a39;401.41;1.314259;UNKNOWN
2016-02-16T04:11:53.000000;2016-02-16T04:11:53.000000;937e1ac2-5cb0-40d8-b822-b078cc03a57a;401.6;0.10979172;UNKNOWN
2016-02-16T04:12:10.000000;2016-02-16T04:12:10.000000;e684013c-2101-4ce2-b3b0-a9e7a78d9896;401.56;1.314259;UNKNOWN
2016-02-16T04:12:32.000000;2016-02-16T04:12:32.000000;9a1cc8ac-41d1-44cc-a9f5-d645a79e65cd;401.92;0.03;UNKNOWN
2016-02-16T04:12:52.000000;2016-02-16T04:12:52.000000;d15970b5-a70f-414e-a3b8-af21685d97e7;401.66;0.5;UNKNOWN
2016-02-16T04:13:07.000000;2016-02-16T04:13:07.000000;a963d92e-1927-46e8-8648-6f8cc5aa1c4d;401.55;1.314259;UNKNOWN
2016-02-16T04:13:38.000000;2016-02-16T04:13:38.000000;83de6d73-4c3d-407b-9520-3b21b71aebdf;401.66;1.314259;UNKNOWN
2016-02-16T04:15:05.000000;2016-02-16T04:15:05.000000;d38b66f4-4c75-4298-aea3-e7b5eaab75e3;401.22;1.0;UNKNOWN
2016-02-16T04:15:12.000000;2016-02-16T04:15:12.000000;460a4970-3ac8-45f7-ba4a-cda38143f499;401.23;1.314259;UNKNOWN
2016-02-16T04:15:55.000000;2016-02-16T04:15:55.000000;a1c64141-bd80-448e-9de6-1fceaa648237;401.17;1.314259;UNKNOWN
2016-02-16T04:16:39.000000;2016-02-16T04:16:39.000000;cd5622ae-ba4c-48e4-96a6-83546f97a192;401.22;1.314259;UNKNOWN
2016-02-16T04:17:05.000000;2016-02-16T04:17:05.000000;8df99274-8ee0-4aa0-bcdd-79005c8b6cca;401.23;0.10293096;UNKNOWN
2016-02-16T04:17:22.000000;2016-02-16T04:17:22.000000;643b3492-02c1-41eb-b022-52d02656d1c6;401.23;1.314259;UNKNOWN
2016-02-16T04:19:04.000000;2016-02-16T04:19:04.000000;9027531e-7ab3-4f35-859a-34908af5e77e;401.11;0.15145506;UNKNOWN
2016-02-16T04:19:04.000000;2016-02-16T04:19:04.000000;6cf600cc-96fd-4677-a8e4-842c4065e04a;401.36;0.4;UNKNOWN
2016-02-16T04:19:04.000000;2016-02-16T04:19:04.000000;83727033-5f6a-4442-b5d2-f8f905169e62;401.23;0.24854494;UNKNOWN
2016-02-16T04:20:05.000000;2016-02-16T04:20:05.000000;e751a3b7-5a68-4ded-84f7-3cc0e68e42de;401.24;1.47606378;UNKNOWN
2016-02-16T04:20:11.000000;2016-02-16T04:20:11.000000;a3f9ab54-a6fb-44b1-b3f6-6b2e958e8f6b;401.1;0.01;UNKNOWN
2016-02-16T04:20:11.000000;2016-02-16T04:20:11.000000;ead33c81-4b90-4352-9a7b-90cd587909c7;401.1;0.01;UNKNOWN
2016-02-16T04:20:11.000000;2016-02-16T04:20:11.000000;9d517daf-8f86-45fa-bec5-99e7a5acac9a;401.1;1.0;UNKNOWN
2016-02-16T04:20:12.000000;2016-02-16T04:20:12.000000;5ef25270-4dae-4884-946a-611371ebf60e;401.1;0.294259;UNKNOWN
2016-02-16T04:20:55.000000;2016-02-16T04:20:55.000000;0d527a88-b428-4201-8e29-df0147c166c4;401.09;1.314259;UNKNOWN
2016-02-16T04:21:05.000000;2016-02-16T04:21:05.000000;fc12ed61-1aee-448a-8e70-badbf31e7e64;401.09;0.3132415;UNKNOWN
2016-02-16T04:21:38.000000;2016-02-16T04:21:38.000000;06def64a-4cc9-41e1-adf1-dec909498cc8;401.09;1.314259;UNKNOWN
2016-02-16T04:23:27.000000;2016-02-16T04:23:27.000000;2f4a2a3d-ec0b-43aa-86d6-95b062194c4c;401.09;0.02844073;UNKNOWN
2016-02-16T04:27:05.000000;2016-02-16T04:27:05.000000;eb759082-7844-487f-9c9d-092de4d63e29;401.03;1.10170183;UNKNOWN
2016-02-16T04:27:05.000000;2016-02-16T04:27:05.000000;0b38c208-2464-4de9-ab89-e3546704b6db;401.09;0.02979977;UNKNOWN
2016-02-16T04:27:05.000000;2016-02-16T04:27:05.000000;4ab57b23-dc98-42f6-ac01-fc3e923e7b3e;401.09;0.2;UNKNOWN
2016-02-16T04:27:43.000000;2016-02-16T04:27:43.000000;797a89d4-f06e-4dea-9792-d9949615f7cc;400.48;0.0184287;UNKNOWN
2016-02-16T04:27:43.000000;2016-02-16T04:27:43.000000;a2aece94-f779-4864-963a-41bcf2335e25;400.73;0.2;UNKNOWN
2016-02-16T04:27:43.000000;2016-02-16T04:27:43.000000;9d59e449-e73e-4940-b4e8-6d9ff703e50e;400.91;0.01;UNKNOWN
2016-02-16T04:27:43.000000;2016-02-16T04:27:43.000000;994d70b8-a030-4afb-8b7e-36c0f81b3e28;400.3;1.5;UNKNOWN
2016-02-16T04:27:43.000000;2016-02-16T04:27:43.000000;7d474bbf-0709-494a-888f-966aaa1919a0;400.33;0.25;UNKNOWN
2016-02-16T04:27:43.000000;2016-02-16T04:27:43.000000;4a1a2707-4cdd-4fd8-967c-ceaf4b1599c4;400.77;0.02;UNKNOWN
2016-02-16T04:27:43.000000;2016-02-16T04:27:43.000000;f0daaee3-0d73-45c2-883c-d3216b22e058;400.62;0.945562;UNKNOWN
2016-02-16T04:27:43.000000;2016-02-16T04:27:43.000000;6a9a18bd-fc9d-4da6-9d88-a1d38d138a45;400.44;0.745901;UNKNOWN
2016-02-16T04:27:43.000000;2016-02-16T04:27:43.000000;46846fb5-03ab-4db4-9244-b3e8bcd87df9;400.87;0.01;UNKNOWN
2016-02-16T04:27:43.000000;2016-02-16T04:27:43.000000;b08189a5-02e9-47c6-84f6-35f97126ac3e;401.03;26.89829817;UNKNOWN
2016-02-16T04:27:43.000000;2016-02-16T04:27:43.000000;c3e0a607-ce88-4ac6-a552-ce578f1ae630;401.01;0.01;UNKNOWN
2016-02-16T04:27:43.000000;2016-02-16T04:27:43.000000;1ec05b27-6c71-4fee-a123-a6916c394d41;400.57;0.04;UNKNOWN
2016-02-16T04:27:43.000000;2016-02-16T04:27:43.000000;171caeca-2e85-42da-9602-b37857b54d4c;400.92;6.2241;UNKNOWN
2016-02-16T04:27:43.000000;2016-02-16T04:27:43.000000;299d950a-ec94-456f-a9d3-53697d43f182;401.03;0.2;UNKNOWN
2016-02-16T04:27:50.000000;2016-02-16T04:27:50.000000;f7916f18-1122-452a-b240-9828215bf3f8;400.18;7.1;UNKNOWN
2016-02-16T04:28:27.000000;2016-02-16T04:28:27.000000;2607074a-a8c2-477f-b696-75cc5719d76b;400.18;0.02;UNKNOWN
2016-02-16T04:28:27.000000;2016-02-16T04:28:27.000000;b98d475e-254d-4bc8-925d-717a5a41594e;400.18;0.0299;UNKNOWN
2016-02-16T04:28:56.000000;2016-02-16T04:28:56.000000;76606251-7063-49cd-b4be-a9a6c6af4537;400.19;1.6;UNKNOWN
2016-02-16T04:28:56.000000;2016-02-16T04:28:56.000000;95629e10-ff9a-4e5e-b20e-1db36996f5cf;400.2;8.4;UNKNOWN
2016-02-16T04:29:01.000000;2016-02-16T04:29:01.000000;9387b8c9-a856-4624-8da5-cbc59e004e12;400.18;0.323618;UNKNOWN
2016-02-16T04:29:04.000000;2016-02-16T04:29:04.000000;94e36070-ef05-4c56-b923-499717ff01e5;400.18;9.009359;UNKNOWN
2016-02-16T04:29:04.000000;2016-02-16T04:29:04.000000;79342318-a31e-48ac-9995-b8559230a84a;400.18;0.990641;UNKNOWN
2016-02-16T04:29:11.000000;2016-02-16T04:29:11.000000;67e79b89-5a6e-4bf3-9a01-2930ba68437a;400.25;7.239359;UNKNOWN
2016-02-16T04:29:11.000000;2016-02-16T04:29:11.000000;9e02384a-70f0-4d4e-b3db-602c044b8a3b;400.18;2.760641;UNKNOWN
2016-02-16T04:29:20.000000;2016-02-16T04:29:20.000000;a27a3d0e-98cc-4ce3-addd-ef8552ca57c8;400.25;10.0;UNKNOWN
2016-02-16T04:29:27.000000;2016-02-16T04:29:27.000000;cfcc1782-3e55-43c9-b8db-10f3cedc0563;400.25;10.0;UNKNOWN
2016-02-16T04:29:37.000000;2016-02-16T04:29:37.000000;c699d9e3-b527-45ae-9bb0-4ab173a0c21e;400.25;10.0;UNKNOWN
2016-02-16T04:29:44.000000;2016-02-16T04:29:44.000000;1b863825-afcc-4c5e-8713-1f1353a67565;400.25;8.784481;UNKNOWN
2016-02-16T04:29:44.000000;2016-02-16T04:29:44.000000;2d8bf25c-7e24-48df-958f-e0e30b4dbc9b;400.17;0.08;UNKNOWN
2016-02-16T04:29:44.000000;2016-02-16T04:29:44.000000;8bda2b74-abd7-4adc-ae40-90fa7d5d6c5e;400.17;0.01874;UNKNOWN
2016-02-16T04:29:44.000000;2016-02-16T04:29:44.000000;76b5fae7-8957-46e3-b6f7-c437db8f95df;400.17;1.215519;UNKNOWN
2016-02-16T04:29:52.000000;2016-02-16T04:29:52.000000;7e2ce50c-4cfa-406b-bc4b-55bc51021d6d;400.25;10.0;UNKNOWN
2016-02-16T04:29:59.000000;2016-02-16T04:29:59.000000;d4936eb8-e876-40eb-bd98-a85df86bb45a;400.25;10.0;UNKNOWN
2016-02-16T04:30:06.000000;2016-02-16T04:30:06.000000;f2e7bf61-8688-44fa-b8fb-3e5271097f61;400.25;1.25;UNKNOWN
2016-02-16T04:30:07.000000;2016-02-16T04:30:07.000000;06bb6a1a-c6c7-45ad-a27e-620d130eec9a;400.25;10.0;UNKNOWN
2016-02-16T04:30:14.000000;2016-02-16T04:30:14.000000;e606c8cd-a92e-43e0-b99f-fde4f418066f;400.25;10.0;UNKNOWN
2016-02-16T04:30:21.000000;2016-02-16T04:30:21.000000;3b1d2c58-e2d2-4c55-ad25-55e101ba66e2;400.25;10.0;UNKNOWN
2016-02-16T04:30:22.000000;2016-02-16T04:30:22.000000;ca9bc466-58a3-41c0-8ba8-a1abfe42dbbe;400.24;0.24676734;UNKNOWN
2016-02-16T04:30:28.000000;2016-02-16T04:30:28.000000;93e0bff7-88d6-4a9b-a36a-bb294528de47;400.18;1.314259;UNKNOWN
2016-02-16T04:30:32.000000;2016-02-16T04:30:32.000000;d40682bf-4a48-4306-9dc3-42984ccff16c;400.25;10.0;UNKNOWN
2016-02-16T04:30:39.000000;2016-02-16T04:30:39.000000;0483cc4d-a483-4cac-a024-98f00b63b204;400.47;0.1;UNKNOWN
2016-02-16T04:30:39.000000;2016-02-16T04:30:39.000000;fcd7f65e-4087-4ec9-bee7-d695bab8aa64;400.25;5.65387013;UNKNOWN
2016-02-16T04:30:39.000000;2016-02-16T04:30:39.000000;d5fbcbc6-92c9-4bfa-9167-f444c154acf1;400.77;4.24612987;UNKNOWN
2016-02-16T04:30:47.000000;2016-02-16T04:30:47.000000;230efa6a-55a6-4e0d-b4ee-8c0400090fee;400.78;0.5;UNKNOWN
2016-02-16T04:30:47.000000;2016-02-16T04:30:47.000000;e557fbbd-856c-450f-8dcd-0001187245cf;400.78;0.5;UNKNOWN
2016-02-16T04:30:47.000000;2016-02-16T04:30:47.000000;e88c36d3-3ebb-4216-bab7-fb40147585a4;401.01;8.9;UNKNOWN
2016-02-16T04:30:47.000000;2016-02-16T04:30:47.000000;9e51584f-7f8c-4f01-a18b-889cc9c05974;400.78;0.1;UNKNOWN
2016-02-16T04:30:55.000000;2016-02-16T04:30:55.000000;f2c7c731-0d58-4ebb-ae48-9f2156fb4b16;401.09;1.314259;UNKNOWN
2016-02-16T04:30:55.000000;2016-02-16T04:30:55.000000;9fe44e9e-0da3-487e-98c5-77f43d8d77fb;401.03;1.314259;UNKNOWN
2016-02-16T04:30:55.000000;2016-02-16T04:30:55.000000;bc81e114-4d52-4164-9f4a-63776d4418af;401.01;0.1;UNKNOWN
2016-02-16T04:30:55.000000;2016-02-16T04:30:55.000000;484b2b73-dffc-48bb-a982-458049f41a5a;401.01;0.5;UNKNOWN
2016-02-16T04:30:55.000000;2016-02-16T04:30:55.000000;84f69df7-6474-4ffa-bf6f-4272ffaea7b0;401.16;0.011482;UNKNOWN
2016-02-16T04:30:55.000000;2016-02-16T04:30:55.000000;b8c27747-8052-4c51-9267-90ff58ee60f9;401.01;0.1;UNKNOWN
2016-02-16T04:31:01.000000;2016-02-16T04:31:01.000000;5d327303-056a-4705-b4a7-2a6782b9cd9e;401.16;0.03;UNKNOWN
2016-02-16T04:31:01.000000;2016-02-16T04:31:01.000000;e837dfb3-f702-4ddc-912f-2326590c23ae;401.01;0.5;UNKNOWN
2016-02-16T04:31:11.000000;2016-02-16T04:31:11.000000;748e2c55-125d-4c55-88e9-f1e48180efd8;400.75;1.314259;UNKNOWN
2016-02-16T04:31:11.000000;2016-02-16T04:31:11.000000;7fc3947d-1d57-4b33-9e38-892ee3614410;401.22;3.584829;UNKNOWN
2016-02-16T04:31:11.000000;2016-02-16T04:31:11.000000;3adad4b4-d554-4a2d-8864-8af9d495d7f3;401.28;1.601824;UNKNOWN
2016-02-16T04:31:11.000000;2016-02-16T04:31:11.000000;c31dcfce-a179-4400-bf44-e510a0a3d0a2;401.16;3.543347;UNKNOWN
2016-02-16T04:31:19.000000;2016-02-16T04:31:19.000000;40db9507-0179-419c-8171-79a6d75cd6ef;401.17;1.56;UNKNOWN
2016-02-16T04:31:19.000000;2016-02-16T04:31:19.000000;ea2ff9d5-b876-47b6-aeeb-8c38bc4b412d;401.27;1.88;UNKNOWN
2016-02-16T04:31:27.000000;2016-02-16T04:31:27.000000;5cba7a50-5532-4466-8582-144b763e983c;401.26;0.25;UNKNOWN
2016-02-16T04:31:27.000000;2016-02-16T04:31:27.000000;eaf33fe0-1f0e-48f2-a25a-cfe46834d3e6;401.25;3.0;UNKNOWN
2016-02-16T04:31:27.000000;2016-02-16T04:31:27.000000;34824c8a-0a66-4783-8ca1-e1fc0869c752;401.24;0.5;UNKNOWN
2016-02-16T04:31:34.000000;2016-02-16T04:31:34.000000;0925132c-99eb-4c35-9386-a3f1580b908f;401.21;0.49;UNKNOWN
2016-02-16T04:31:40.000000;2016-02-16T04:31:40.000000;db32ca08-32f5-4bec-b699-5c414337c5b6;401.2;6.1787;UNKNOWN
2016-02-16T04:31:40.000000;2016-02-16T04:31:40.000000;2f468692-c666-4053-905d-4bd2875c6ee1;401.21;3.58744395;UNKNOWN
2016-02-16T04:31:40.000000;2016-02-16T04:31:40.000000;b67ad9ac-f2f6-4b5a-a1e5-c61ae2c3c499;401.26;0.23385605;UNKNOWN
2016-02-16T04:31:48.000000;2016-02-16T04:31:48.000000;b03f6b7b-cd5c-4898-9436-069feaac9f96;401.21;1.66;UNKNOWN
2016-02-16T04:31:54.000000;2016-02-16T04:31:54.000000;13138eec-2168-42ff-92d3-330001ff6332;401.21;0.62255605;UNKNOWN
2016-02-16T04:31:54.000000;2016-02-16T04:31:54.000000;850adcff-9ad5-4adb-a188-e7223a3e198e;401.21;1.92744395;UNKNOWN
2016-02-16T04:31:54.000000;2016-02-16T04:31:54.000000;d3d9e4c6-a31f-40db-8911-8ebf2979919e;400.64;1.314259;UNKNOWN
2016-02-16T04:31:56.000000;2016-02-16T04:31:56.000000;1a733925-2f52-45a2-a3a2-a74a3ad1752b;401.21;1.98;UNKNOWN
2016-02-16T04:32:02.000000;2016-02-16T04:32:02.000000;f1473d10-e957-4886-b0b9-14732439faad;401.2;0.17;UNKNOWN
2016-02-16T04:32:09.000000;2016-02-16T04:32:09.000000;d91a48eb-670c-4aee-9854-652a6ecf64fd;401.21;0.43095605;UNKNOWN
2016-02-16T04:32:09.000000;2016-02-16T04:32:09.000000;d1652166-6302-4871-bd2d-097153b44a30;401.21;3.58744395;UNKNOWN
2016-02-16T04:32:09.000000;2016-02-16T04:32:09.000000;ee472d67-e73b-4d0f-a835-6c9d2d26a4e9;401.2;5.9816;UNKNOWN
2016-02-16T04:32:16.000000;2016-02-16T04:32:16.000000;f5f263f1-7567-4e68-91f8-03a90e07ad28;401.25;3.58744395;UNKNOWN
2016-02-16T04:32:16.000000;2016-02-16T04:32:16.000000;1876bcca-023b-4b7a-9fec-28628b731ca4;401.29;2.8249405;UNKNOWN
2016-02-16T04:32:16.000000;2016-02-16T04:32:16.000000;6920f0b9-4b09-48f4-9bcc-5d70c8ecf87c;401.2;3.58761555;UNKNOWN
2016-02-16T04:36:01.000000;2016-02-16T04:36:01.000000;2486cba2-bf2a-4f1d-82c2-924f0c944323;400.63;0.386729;UNKNOWN
2016-02-16T04:36:07.000000;2016-02-16T04:36:07.000000;5d165488-979d-4b48-882e-1b50f998936d;400.61;1.314259;UNKNOWN
2016-02-16T04:37:05.000000;2016-02-16T04:37:05.000000;52a26c28-b637-4c81-be4b-fb70a26c8926;400.58;0.25366848;UNKNOWN
2016-02-16T04:37:27.000000;2016-02-16T04:37:27.000000;88573c03-ea4c-4239-9b42-e279094105b1;400.55;0.06221736;UNKNOWN
2016-02-16T04:42:05.000000;2016-02-16T04:42:05.000000;603241d5-308a-4fe3-97d6-bd70c43aed94;400.51;0.05;UNKNOWN
2016-02-16T04:42:10.000000;2016-02-16T04:42:10.000000;bd7400c2-149c-42f3-ac69-54f37bcb40a3;400.5;1.314259;UNKNOWN
2016-02-16T04:42:54.000000;2016-02-16T04:42:54.000000;9e37f793-6f14-4298-bb75-61e623a7a16d;400.5;1.314259;UNKNOWN
2016-02-16T04:43:05.000000;2016-02-16T04:43:05.000000;e27c2e72-a77a-465e-9b66-a754ee66e1a7;400.5;2.36978092;UNKNOWN
2016-02-16T04:43:50.000000;2016-02-16T04:43:50.000000;1ec9966a-ac64-45c7-85d6-2a036a652be4;400.5;1.0;UNKNOWN
2016-02-16T04:44:05.000000;2016-02-16T04:44:05.000000;2c1fc18c-6589-40f6-91a0-b1f9d3b45c89;400.58;1.06059052;UNKNOWN
2016-02-16T04:44:05.000000;2016-02-16T04:44:05.000000;d6ce477c-38ac-48ff-9c6d-f6e1ce91e5fa;400.57;1.314259;UNKNOWN
2016-02-16T04:44:05.000000;2016-02-16T04:44:05.000000;edef36dc-57f3-4cda-b4de-d08e4c0b58a1;400.63;0.92753;UNKNOWN
2016-02-16T04:44:05.000000;2016-02-16T04:44:05.000000;a1790173-8af7-4a52-8ce3-2b5f856ca0e1;400.51;1.33;UNKNOWN
2016-02-16T04:44:05.000000;2016-02-16T04:44:05.000000;37328ad0-6b01-4424-93cf-20a4413a1686;400.68;2.76230902;UNKNOWN
2016-02-16T04:44:10.000000;2016-02-16T04:44:10.000000;68687de0-7ec0-4e4e-9d41-e7e797b8873b;400.5;1.314259;UNKNOWN
2016-02-16T04:44:53.000000;2016-02-16T04:44:53.000000;9b913014-2a63-4096-8f1c-0af01c855280;400.5;1.314259;UNKNOWN
2016-02-16T04:45:05.000000;2016-02-16T04:45:05.000000;7a20d7ba-abea-4cdc-8caf-6437106ecb07;400.5;3.2322;UNKNOWN
2016-02-16T04:46:22.000000;2016-02-16T04:46:22.000000;56c81366-2c3c-408d-8c3e-25a42f9e7a4c;400.5;0.07498134;UNKNOWN
2016-02-16T04:49:07.000000;2016-02-16T04:49:07.000000;d525b1b4-c900-4235-b59b-930a9bb01d18;400.73;0.7401;UNKNOWN
2016-02-16T04:49:07.000000;2016-02-16T04:49:07.000000;06824d61-40f3-4490-a11d-1fc1bc91a02b;400.79;4.14111859;UNKNOWN
2016-02-16T04:49:14.000000;2016-02-16T04:49:14.000000;6adb331b-e6e5-4dce-90fe-5b8faa82b737;400.55;1.314259;UNKNOWN
2016-02-16T04:49:58.000000;2016-02-16T04:49:58.000000;ebc94bf2-7276-4c5b-a5f9-72bd6d9dc97b;400.61;1.314259;UNKNOWN
2016-02-16T04:50:17.000000;2016-02-16T04:50:17.000000;bf8183e3-ab54-4f3a-928e-a8dd28c1a97c;400.6;0.2987517;UNKNOWN
2016-02-16T04:50:41.000000;2016-02-16T04:50:41.000000;2029f01f-96ab-4dff-8403-ce9a9f523c13;400.6;1.314259;UNKNOWN
2016-02-16T04:50:59.000000;2016-02-16T04:50:59.000000;d9acc6b5-85df-47b0-bb2d-091e1a1afd33;400.87;0.25;UNKNOWN
2016-02-16T04:51:05.000000;2016-02-16T04:51:05.000000;21667cb0-041f-4e87-86d5-481b9390ca59;400.6;1.4291;UNKNOWN
2016-02-16T04:51:35.000000;2016-02-16T04:51:35.000000;1114736d-a40b-4743-bd94-acc408fce8fb;400.88;0.3;UNKNOWN
2016-02-16T04:51:45.000000;2016-02-16T04:51:45.000000;2e700ad1-1535-465b-974c-5073e71c9eb8;400.6;1.314259;UNKNOWN
2016-02-16T04:51:50.000000;2016-02-16T04:51:50.000000;f9041f05-aa90-41e6-bbbc-53abad6bc205;400.88;0.59133431;UNKNOWN
2016-02-16T04:51:50.000000;2016-02-16T04:51:50.000000;34ccb7ff-f6be-4701-b982-a00b2d593ce9;400.88;0.5;UNKNOWN
2016-02-16T04:52:05.000000;2016-02-16T04:52:05.000000;5722e30d-6c2f-4b9f-b0f9-016881eab1f1;400.86;0.5;UNKNOWN
2016-02-16T04:52:05.000000;2016-02-16T04:52:05.000000;9198b432-961a-4337-9ab4-c4bb723e5f87;400.87;1.0;UNKNOWN
2016-02-16T04:52:05.000000;2016-02-16T04:52:05.000000;f30ce986-c745-45ea-9899-32dfdc72643c;400.87;1.09138876;UNKNOWN
2016-02-16T04:52:23.000000;2016-02-16T04:52:23.000000;ca5570de-142b-4467-b896-bd664d6219ea;400.9;1.09145794;UNKNOWN
2016-02-16T04:52:28.000000;2016-02-16T04:52:28.000000;62abb699-675f-4cd4-9bb7-1a0f316e832a;400.6;1.314259;UNKNOWN
2016-02-16T04:52:38.000000;2016-02-16T04:52:38.000000;d81102bc-9ba9-47f8-a3da-e2a2301c485c;400.89;1.09129459;UNKNOWN
2016-02-16T04:53:11.000000;2016-02-16T04:53:11.000000;0424beb4-c309-437b-b454-dd0c2c1d1af0;400.6;1.314259;UNKNOWN
2016-02-16T04:53:22.000000;2016-02-16T04:53:22.000000;c4957c48-1181-43e3-8809-7cd6f02fd6a2;400.6;0.09880446;UNKNOWN
2016-02-16T04:54:05.000000;2016-02-16T04:54:05.000000;32233051-d6db-4bca-9b5b-e8baac066771;400.6;1.314259;UNKNOWN
2016-02-16T04:54:05.000000;2016-02-16T04:54:05.000000;5199a1e2-cc0f-4952-951e-ede051f90e35;400.86;6.06384912;UNKNOWN
2016-02-16T04:54:05.000000;2016-02-16T04:54:05.000000;f0702bce-a1dc-413e-a82d-7804678158fc;400.9;1.47588841;UNKNOWN
2016-02-16T04:54:37.000000;2016-02-16T04:54:37.000000;c3679010-6404-4848-b79c-8dd674aef1ac;400.65;0.814259;UNKNOWN
2016-02-16T04:54:37.000000;2016-02-16T04:54:37.000000;96f0db9a-6dc0-4574-b054-f43317ea5781;400.66;0.5;UNKNOWN
2016-02-16T04:55:21.000000;2016-02-16T04:55:21.000000;f1ac7164-858d-4a25-8cb9-a38ef087a546;400.73;1.314259;UNKNOWN
2016-02-16T04:56:04.000000;2016-02-16T04:56:04.000000;8418ae0b-1b8d-4e72-b58e-aa801ff6f8e7;400.73;1.314259;UNKNOWN
2016-02-16T04:56:05.000000;2016-02-16T04:56:05.000000;c3398ffd-44d6-40e3-9b3e-9e1de462dfbf;400.72;0.0784125;UNKNOWN
2016-02-16T04:56:48.000000;2016-02-16T04:56:48.000000;15aeddd5-56a1-4cc6-9c92-c0cfeb8b1b95;400.73;1.314259;UNKNOWN
2016-02-16T04:57:31.000000;2016-02-16T04:57:31.000000;deb45285-2e1d-4dd3-a07d-4373944e712a;400.75;0.814259;UNKNOWN
2016-02-16T04:57:31.000000;2016-02-16T04:57:31.000000;88887586-0535-46e5-bb2b-43835079380a;400.75;0.5;UNKNOWN
2016-02-16T04:58:15.000000;2016-02-16T04:58:15.000000;d1cbd7aa-16da-435a-92c2-de0d17041584;400.72;0.9215875;UNKNOWN
2016-02-16T04:58:39.000000;2016-02-16T04:58:39.000000;9b96684c-f2b1-497d-8096-ff379dae76fd;400.54;0.814259;UNKNOWN
2016-02-16T04:58:39.000000;2016-02-16T04:58:39.000000;adfada8d-8674-4288-8bbe-b0099a9ab30e;400.54;0.5;UNKNOWN
2016-02-16T04:59:05.000000;2016-02-16T04:59:05.000000;b27237f5-0cf7-409b-a3ae-c7fe65845873;400.72;0.3926715;UNKNOWN
2016-02-16T04:59:05.000000;2016-02-16T04:59:05.000000;f3c0ed25-72eb-4f89-925e-614f6ccb4682;400.8;2.6073285;UNKNOWN
2016-02-16T04:59:07.000000;2016-02-16T04:59:07.000000;5c9d530e-f7d4-41fa-a1d7-f2c3129a9bd4;400.8;5.16599828;UNKNOWN
2016-02-16T05:02:22.000000;2016-02-16T05:02:22.000000;cf03b836-74f4-4773-b67b-7b0e8c798fae;400.51;0.184778;UNKNOWN
2016-02-16T05:03:59.000000;2016-02-16T05:03:59.000000;18d403a4-3e39-4619-9d72-2a81f585ce75;400.58;1.0;UNKNOWN
2016-02-16T05:03:59.000000;2016-02-16T05:03:59.000000;bca386ec-6342-4906-9489-d7cc7bff73e3;400.56;1.0;UNKNOWN
2016-02-16T05:03:59.000000;2016-02-16T05:03:59.000000;42a92411-b35b-430c-a08f-7217ec81e34f;400.58;6.1802;UNKNOWN
2016-02-16T05:03:59.000000;2016-02-16T05:03:59.000000;7813683d-d645-487b-803e-2b02155e27bf;400.5;1.0498;UNKNOWN
2016-02-16T05:04:04.000000;2016-02-16T05:04:04.000000;039a8db0-73c6-4454-8aaf-98e21d8e303b;400.5;1.4717;UNKNOWN
2016-02-16T05:04:05.000000;2016-02-16T05:04:05.000000;8ee555ce-748d-4371-b6a1-6ab5205c2b90;400.77;0.36993041;UNKNOWN
2016-02-16T05:04:18.000000;2016-02-16T05:04:18.000000;9557f939-80f4-4788-ac4a-f51841e65116;400.5;0.54450174;UNKNOWN
2016-02-16T05:04:18.000000;2016-02-16T05:04:18.000000;627e05a4-47ab-40e4-8e7c-357ac14774d3;400.28;6.0;UNKNOWN
2016-02-16T05:04:18.000000;2016-02-16T05:04:18.000000;dde0380a-21a1-4978-80cf-58a80195ccef;400.28;0.45020895;UNKNOWN
2016-02-16T05:04:37.000000;2016-02-16T05:04:37.000000;ab96452e-d609-4cac-98d7-a03e631d8dc3;400.68;0.4326;UNKNOWN
2016-02-16T05:04:50.000000;2016-02-16T05:04:50.000000;bb3d5288-1990-4adb-87e8-0e5fd5792ed3;400.64;0.4003;UNKNOWN
2016-02-16T05:05:05.000000;2016-02-16T05:05:05.000000;87f5b690-b65a-45dd-b3f3-4b9f2c0ad280;400.27;2.5;UNKNOWN
2016-02-16T05:05:14.000000;2016-02-16T05:05:14.000000;a144ccf8-ac8c-419e-bfdb-fa14ae28c7ec;400.53;0.3498;UNKNOWN
2016-02-16T05:05:18.000000;2016-02-16T05:05:18.000000;047cfbd2-f0f5-4434-9af4-3784adcb5113;400.17;1.5;UNKNOWN
2016-02-16T05:05:46.000000;2016-02-16T05:05:46.000000;79f27c87-ffc4-4515-a893-9caadfd16c4d;400.43;0.3964;UNKNOWN
2016-02-16T05:05:54.000000;2016-02-16T05:05:54.000000;29a8cf4b-8f86-4168-90ea-2ae8738114f6;400.53;0.01517615;UNKNOWN
2016-02-16T05:05:54.000000;2016-02-16T05:05:54.000000;0814691b-6885-4d91-a418-870a16a41919;400.54;2.385e-05;UNKNOWN
2016-02-16T05:06:02.000000;2016-02-16T05:06:02.000000;e0f30999-6574-4295-bb78-4585c8cfdc39;400.57;0.3837;UNKNOWN
2016-02-16T05:07:01.000000;2016-02-16T05:07:01.000000;1def2b09-a952-4624-b42c-52a0b8889ba2;400.54;0.3919;UNKNOWN
2016-02-16T05:07:05.000000;2016-02-16T05:07:05.000000;452f670c-351d-4a86-be18-04f63aae0bbe;400.77;3.62536513;UNKNOWN
2016-02-16T05:07:05.000000;2016-02-16T05:07:05.000000;b59cb204-e881-4d25-b032-fbb1101907e4;400.77;0.81422033;UNKNOWN
2016-02-16T05:08:25.000000;2016-02-16T05:08:25.000000;1a1381e8-6bf1-4395-bbf0-248c32ec2941;400.59;0.3924;UNKNOWN
2016-02-16T05:08:39.000000;2016-02-16T05:08:39.000000;52eaf94b-9c76-47d8-a6a0-1b03a2f9881c;400.59;0.3963;UNKNOWN
2016-02-16T05:08:50.000000;2016-02-16T05:08:50.000000;487ac102-e4a4-4796-a142-97a98c3ec1c8;400.22;0.5;UNKNOWN
2016-02-16T05:08:50.000000;2016-02-16T05:08:50.000000;0aa1e06f-003a-4f2a-804d-2b98d647b2da;400.2;6.0;UNKNOWN
2016-02-16T05:08:50.000000;2016-02-16T05:08:50.000000;0a1a03d6-9c6f-4d30-a3af-0a47f304eb7b;400.01;6.2054;UNKNOWN
2016-02-16T05:08:50.000000;2016-02-16T05:08:50.000000;606aaa9d-e8be-4e65-8a03-06aca897865f;400.17;3.5859431;UNKNOWN
2016-02-16T05:08:50.000000;2016-02-16T05:08:50.000000;cca86f26-9415-4555-a059-217474786412;400.12;3.58530027;UNKNOWN
2016-02-16T05:08:50.000000;2016-02-16T05:08:50.000000;b26c00da-6249-4efa-b762-f618c0631232;400.18;15.0;UNKNOWN
2016-02-16T05:08:50.000000;2016-02-16T05:08:50.000000;117c3023-ad61-4376-ad3e-7a1852896b1c;400.06;3.58530027;UNKNOWN
2016-02-16T05:08:50.000000;2016-02-16T05:08:50.000000;8489c65e-e152-486e-bf8c-060581aa1bbe;400.01;7.12;UNKNOWN
2016-02-16T05:08:50.000000;2016-02-16T05:08:50.000000;8018db48-beac-4b63-9009-45fdc8353073;400.59;0.3993;UNKNOWN
2016-02-16T05:08:50.000000;2016-02-16T05:08:50.000000;377c9d63-67c3-4d69-befb-f41390901868;400.19;12.0;UNKNOWN
2016-02-16T05:08:50.000000;2016-02-16T05:08:50.000000;36ec72bd-a0fd-4bf5-8134-3dc25a5bf195;400.21;3.0;UNKNOWN
2016-02-16T05:08:50.000000;2016-02-16T05:08:50.000000;d74a4821-40d0-451c-aec5-c53e8225447d;400.0;14.0484;UNKNOWN
2016-02-16T05:08:50.000000;2016-02-16T05:08:50.000000;4ffadcf8-71a8-4087-8960-161befb0fc3f;400.15;3.5859431;UNKNOWN
2016-02-16T05:08:50.000000;2016-02-16T05:08:50.000000;89fe3aa3-498b-4ae6-b050-b27a14f196a3;400.0;0.1;UNKNOWN
2016-02-16T05:08:59.000000;2016-02-16T05:08:59.000000;35cb7c44-644a-4e4c-88a6-13134b190318;400.0;0.4006;UNKNOWN
2016-02-16T05:09:08.000000;2016-02-16T05:09:08.000000;b6732086-fb59-4741-8792-d511533acc1b;400.0;0.4021;UNKNOWN
2016-02-16T05:09:13.000000;2016-02-16T05:09:13.000000;ed017a52-7e5b-4a1a-b403-907739f2a5b9;399.99;3.58542882;UNKNOWN
2016-02-16T05:09:13.000000;2016-02-16T05:09:13.000000;ab58e40c-bd2d-4c77-8bf8-acf5e034264f;399.99;0.2;UNKNOWN
2016-02-16T05:09:13.000000;2016-02-16T05:09:13.000000;7a774943-6b4a-480b-a132-a61449349a7b;399.88;3.58542882;UNKNOWN
2016-02-16T05:09:13.000000;2016-02-16T05:09:13.000000;4d379902-1093-4c49-a61b-04bb86d6e52e;399.99;0.05005;UNKNOWN
2016-02-16T05:09:13.000000;2016-02-16T05:09:13.000000;5aa6079c-95ce-4035-b82a-9d7b9e1ad5bf;399.76;1.21231188;UNKNOWN
2016-02-16T05:09:13.000000;2016-02-16T05:09:13.000000;60410fb8-7a55-4c10-93d3-280d1ae43a3d;399.82;3.58542882;UNKNOWN
2016-02-16T05:09:13.000000;2016-02-16T05:09:13.000000;25f560c0-1075-44bb-8420-259bc1a4f7de;399.83;6.1993;UNKNOWN
2016-02-16T05:09:13.000000;2016-02-16T05:09:13.000000;97da44fa-ded8-4846-9a28-dcdb021efdfd;399.94;3.58542882;UNKNOWN
2016-02-16T05:09:13.000000;2016-02-16T05:09:13.000000;155a1551-72e9-4f0f-ab50-c6c8783b0d31;399.81;0.0878;UNKNOWN
2016-02-16T05:09:21.000000;2016-02-16T05:09:21.000000;b7f79bed-2c57-43c5-8435-fcca361a7987;400.0;0.3973;UNKNOWN
2016-02-16T05:09:46.000000;2016-02-16T05:09:46.000000;68c8f905-7a90-4367-94f5-bc90d3268846;400.0;0.4006;UNKNOWN
2016-02-16T05:09:51.000000;2016-02-16T05:09:51.000000;6ed447e9-cf7e-4d0f-bfa9-49c3999f4c47;399.99;0.2;UNKNOWN
