time_exchange;time_coinpai;guid;price;base_amount;taker_side
2016-02-16T00:00:04.037000;2016-02-16T00:00:04.050000;ae230eb9-474a-42a1-9239-5cbfe1a39312;398.94;2.014;SELL
2016-02-16T00:00:04.037000;2016-02-16T00:00:04.067000;96ddbb8d-6a55-44ab-8805-ee1581ba0097;398.92;2.081;SELL
2016-02-16T00:00:04.037000;2016-02-16T00:00:04.067000;6f7759b5-97e9-4ba7-a463-6bb4729cf364;398.9;2.127;SELL
2016-02-16T00:00:04.040000;2016-02-16T00:00:04.067000;64cc24ec-f7dd-4c68-a0b8-4f394d1e0d93;398.88;2.09;SELL
2016-02-16T00:00:04.040000;2016-02-16T00:00:04.067000;cc7cc088-4814-4446-9ca4-8df221dc7fb6;398.87;0.24;SELL
2016-02-16T00:00:04.040000;2016-02-16T00:00:04.143000;960b70b0-7831-49a0-b86b-c0d8c2e1c05a;398.87;0.117;SELL
2016-02-16T00:00:04.040000;2016-02-16T00:00:04.143000;7d930ca2-c4b5-4ddd-9fd1-b7a16c2aaca5;398.86;2.078;SELL
2016-02-16T00:00:04.040000;2016-02-16T00:00:04.143000;8cbad67c-72e8-4c6d-be93-1037153cc906;398.84;2.122;SELL
2016-02-16T00:00:04.040000;2016-02-16T00:00:04.143000;50a3f547-190a-417c-9302-6ecf156bc0b4;398.82;2.124;SELL
2016-02-16T00:00:04.040000;2016-02-16T00:00:04.143000;72dceb34-b868-444f-b790-b7d2c2169ec6;398.8;2.126;SELL
2016-02-16T00:00:04.040000;2016-02-16T00:00:04.160000;211103bc-3e87-45a9-a576-d829b2fbcba8;398.77;2.058;SELL
2016-02-16T00:00:04.040000;2016-02-16T00:00:04.160000;51ba8ae8-fb44-427d-9359-5c74a8b5203b;398.75;1.906;SELL
2016-02-16T00:00:04.040000;2016-02-16T00:00:04.160000;6a899eb1-e4f5-4d09-8a36-78833a198272;398.73;1.817;SELL
2016-02-16T00:00:04.040000;2016-02-16T00:00:04.160000;4e218f06-7819-4d16-825d-3f1b335b3d5b;398.71;1.773;SELL
2016-02-16T00:00:04.040000;2016-02-16T00:00:04.160000;53074084-6c27-4f7f-aaf8-01e15465eda6;398.7;0.01;SELL
2016-02-16T00:00:04.040000;2016-02-16T00:00:04.160000;08cff7a4-eb68-4d83-aae1-5056646ecf6a;398.69;0.954;SELL
2016-02-16T00:00:04.040000;2016-02-16T00:00:04.160000;2cc60fb8-301b-48e5-9fac-4431eb893dc0;398.65;0.795;SELL
2016-02-16T00:00:04.040000;2016-02-16T00:00:04.160000;db9b4f60-cf09-470b-93b7-e2788bfef374;398.62;0.085;SELL
2016-02-16T00:00:04.040000;2016-02-16T00:00:04.160000;2d193778-854b-4003-ac02-aaa268fddfe9;398.61;0.115;SELL
2016-02-16T00:00:04.043000;2016-02-16T00:00:04.160000;e91c88bc-f4a0-490d-a41c-9261c6489ec5;398.6;0.234;SELL
2016-02-16T00:00:04.043000;2016-02-16T00:00:04.160000;6eb51c8a-219c-49a8-b9ac-7bceac40496f;398.59;0.236;SELL
2016-02-16T00:00:04.043000;2016-02-16T00:00:04.160000;b9193235-bc0b-49bc-89e3-166bae05ddb8;398.58;0.311;SELL
2016-02-16T00:00:04.043000;2016-02-16T00:00:04.160000;c8d2f6e8-31ea-4658-9ab0-d2d50962816e;398.52;2.565;SELL
2016-02-16T00:00:04.043000;2016-02-16T00:00:04.160000;940e9a45-f3a6-40c9-8a46-722db377f1ad;398.5;0.0115;SELL
2016-02-16T00:00:04.043000;2016-02-16T00:00:04.177000;7d565909-8d3f-4811-b075-89553a614bc5;398.49;0.01;SELL
2016-02-16T00:00:04.043000;2016-02-16T00:00:04.177000;5d6e17d5-826c-40d9-9de0-3fb1e84ed021;398.42;0.40875831;SELL
2016-02-16T00:00:04.043000;2016-02-16T00:00:04.177000;43a1a10e-bbba-4716-9f41-4e2be5938d0c;398.4;0.01170655;SELL
2016-02-16T00:00:04.043000;2016-02-16T00:00:04.177000;c8c0feb4-ee0e-4ed6-ab52-0c9723f5eaca;398.4;4.0;SELL
2016-02-16T00:00:04.043000;2016-02-16T00:00:04.177000;143f1fe5-ee08-4a9e-8803-4161e64df705;398.39;0.011;SELL
2016-02-16T00:00:04.043000;2016-02-16T00:00:04.177000;1dd8d80f-0a7a-4cb5-b616-b0258dabc3a0;398.39;0.011;SELL
2016-02-16T00:00:04.043000;2016-02-16T00:00:04.177000;20c01dac-f812-4cfe-bb1f-1ddf28fddbbe;398.39;10.51;SELL
2016-02-16T00:00:04.043000;2016-02-16T00:00:04.190000;ec6257e5-a250-4846-859c-a691117600f5;398.38;3.00272781;SELL
2016-02-16T00:00:32.327000;2016-02-16T00:00:32.347000;dcf8dbda-5922-4ebc-9172-541d0493b892;398.91;0.12753;BUY
2016-02-16T00:01:44.530000;2016-02-16T00:01:44.537000;2a03c884-4b89-4a47-b193-4102c376862c;398.91;0.12247;BUY
2016-02-16T00:01:48.497000;2016-02-16T00:01:48.503000;c33f6cc8-d2be-4b76-b9c0-4a3eab2d8156;398.93;0.01;BUY
2016-02-16T00:01:48.497000;2016-02-16T00:01:48.503000;4e91b00c-01b0-421e-a96c-22c084647a0b;398.93;0.01170655;BUY
2016-02-16T00:01:50.617000;2016-02-16T00:01:50.630000;c249f532-abfc-43a3-87d4-1eb7b3030026;398.94;0.01;BUY
2016-02-16T00:01:50.617000;2016-02-16T00:01:50.643000;81919af5-6802-41f0-9467-89ae7b5e0533;398.95;0.00487;BUY
2016-02-16T00:01:54.163000;2016-02-16T00:01:54.177000;cbd194fb-c509-4fe6-bd6b-c0e014afb184;398.96;0.011;BUY
2016-02-16T00:01:54.163000;2016-02-16T00:01:54.177000;a5da86e5-03b4-4c3c-81b6-57838cd9fc50;398.96;0.011;BUY
2016-02-16T00:02:01.603000;2016-02-16T00:02:01.613000;db0092e6-097e-4c40-a755-7bc2171f5c87;398.97;0.011;BUY
2016-02-16T00:02:01.603000;2016-02-16T00:02:01.630000;5aa94421-e077-42f3-88e0-0d8bc716e65f;398.97;0.011;BUY
2016-02-16T00:02:01.603000;2016-02-16T00:02:01.630000;32263fe4-8f8c-4bf4-8b65-9ecc315fd486;399.0;0.19029;BUY
2016-02-16T00:02:16.120000;2016-02-16T00:02:16.130000;01b6a465-9751-4b38-94d7-1a4bee7c8c63;399.0;4.761;BUY
2016-02-16T00:02:31.907000;2016-02-16T00:02:31.910000;1d803d88-8208-434f-ac63-39e3e800920a;399.0;0.8237;BUY
2016-02-16T00:02:36.533000;2016-02-16T00:02:36.537000;240962d1-31dc-424e-a872-cdea6a60e14f;399.0;0.64889;BUY
2016-02-16T00:02:36.533000;2016-02-16T00:02:36.550000;f283cfe8-f0bf-4e87-9482-a1fc1b71a520;399.0;0.01;BUY
2016-02-16T00:02:44.460000;2016-02-16T00:02:44.473000;bc38bd02-dedf-4b69-a6d9-3ffe1417430c;399.03;0.01;BUY
2016-02-16T00:02:51.977000;2016-02-16T00:02:51.987000;1edd10d3-a64a-4ffd-9a61-4b27ec291d21;399.09;0.01;BUY
2016-02-16T00:02:51.977000;2016-02-16T00:02:52.003000;02d29144-aca1-4d1c-ab69-642e7c3707a9;399.1;0.011;BUY
2016-02-16T00:02:51.977000;2016-02-16T00:02:52.003000;6274f6f0-9ff6-409c-acea-5f6437e01b88;399.1;0.01171601;BUY
2016-02-16T00:02:51.977000;2016-02-16T00:02:52.003000;6467583c-33b0-4e42-9a52-8ac64b1500cd;399.17;0.00728399;BUY
2016-02-16T00:03:24.947000;2016-02-16T00:03:24.957000;15e5e0a3-26d9-4d5d-8420-782671157dac;399.17;3.83291601;BUY
2016-02-16T00:03:24.947000;2016-02-16T00:03:24.957000;e1b5504c-d8a9-4861-b694-7494219262ea;399.18;2.20708399;BUY
2016-02-16T00:03:31.953000;2016-02-16T00:03:31.957000;4e40461f-c493-42dd-95ec-d9f5ead07217;399.18;0.25406;BUY
2016-02-16T00:04:02.107000;2016-02-16T00:04:02.113000;ce8cf0af-1f17-4651-b53a-d95d71b83202;399.18;2.21428;BUY
2016-02-16T00:04:31.637000;2016-02-16T00:04:31.643000;9ad40bb6-151b-4432-a4ab-41bdf27a6f36;399.18;0.02938;BUY
2016-02-16T00:05:33.313000;2016-02-16T00:05:33.317000;8387987b-0708-4fe4-aad5-f177ea8dd5b4;399.18;2.98686;BUY
2016-02-16T00:06:06.213000;2016-02-16T00:06:06.223000;bfb4c619-31d2-4221-a16d-f4bb688ca36e;399.18;0.49867;BUY
2016-02-16T00:06:31.887000;2016-02-16T00:06:31.880000;c7673f87-c094-4e87-b314-4db5feb19644;399.18;0.09504;BUY
2016-02-16T00:06:33.677000;2016-02-16T00:06:33.677000;55ce47da-4c27-4f2f-b2cd-83be642d23b2;399.18;0.98770014;BUY
2016-02-16T00:06:36.180000;2016-02-16T00:06:36.177000;36402b34-f1c3-4a6e-b90d-2e8ec46855aa;399.18;30.0;BUY
2016-02-16T00:06:59.590000;2016-02-16T00:06:59.583000;fbf96929-7892-457d-8974-757d5e01a47e;399.18;5.959;BUY
2016-02-16T00:07:02.357000;2016-02-16T00:07:02.363000;eee77be8-fffe-4bf0-a98a-034eef79e336;399.18;0.42783;BUY
2016-02-16T00:07:10.813000;2016-02-16T00:07:10.800000;d55da487-4987-47d7-b3e3-b22b815eaa9e;399.18;10.0;BUY
2016-02-16T00:07:23.133000;2016-02-16T00:07:23.143000;1fafa8ba-311e-4a44-a076-d58519a2cf17;399.18;0.01;BUY
2016-02-16T00:07:28.753000;2016-02-16T00:07:28.753000;153816af-9cee-4f62-b3c4-e474f068137a;399.18;0.33009587;BUY
2016-02-16T00:07:31.583000;2016-02-16T00:07:31.583000;252b41ee-3ef7-4cd7-84a0-02a737e48bb7;399.2;1.95402454;BUY
2016-02-16T00:07:31.793000;2016-02-16T00:07:31.800000;f220f2ac-0a59-45b3-a9f0-a4216eae3dac;399.27;0.01;BUY
2016-02-16T00:07:31.793000;2016-02-16T00:07:31.800000;623bf352-2ffa-43f7-9c40-b14e5126a494;399.27;0.01;BUY
2016-02-16T00:07:31.793000;2016-02-16T00:07:31.800000;e59a9387-9ce7-4345-a730-59a137d7ec36;399.27;0.01;BUY
2016-02-16T00:07:31.793000;2016-02-16T00:07:31.817000;25476ed0-24e0-44c8-addd-78381eab368a;399.28;0.01;BUY
2016-02-16T00:07:31.793000;2016-02-16T00:07:31.817000;d8b6762b-0a08-4a70-a4f3-0e8dce44aca7;399.28;0.01;BUY
2016-02-16T00:07:31.793000;2016-02-16T00:07:31.817000;76333b9d-b051-428c-9421-fa8321fa77e0;399.29;0.01;BUY
2016-02-16T00:07:31.793000;2016-02-16T00:07:31.833000;ed54fde0-c230-42a7-8cd7-bd65f60e3ed3;399.3;0.02;BUY
2016-02-16T00:07:31.797000;2016-02-16T00:07:31.833000;eea14fce-eb50-4d37-a9d8-71ccce85743e;399.3;0.01172262;BUY
2016-02-16T00:07:31.797000;2016-02-16T00:07:31.833000;3dd9958d-0302-48e3-82fe-53529c25927f;399.32;0.05;BUY
2016-02-16T00:07:31.797000;2016-02-16T00:07:31.833000;cb78cbe5-7792-4477-81dc-1a8f45229ebd;399.33;0.01;BUY
2016-02-16T00:07:31.797000;2016-02-16T00:07:31.833000;fdd40a93-719b-4a00-a4e2-fa8dae5403c5;399.44;0.042;BUY
2016-02-16T00:07:31.797000;2016-02-16T00:07:31.833000;2b60f7bf-3ada-4c72-ab2b-997e8c386edc;399.47;0.01;BUY
2016-02-16T00:07:31.797000;2016-02-16T00:07:31.847000;f12b5e27-41b0-43dd-b683-0dd68c51bed2;399.49;1.0;BUY
2016-02-16T00:07:31.797000;2016-02-16T00:07:31.847000;b78301bd-ea11-49d0-ad9a-ee9641ad2dfd;399.5;0.01168305;BUY
2016-02-16T00:07:31.797000;2016-02-16T00:07:31.847000;ec47fd2a-de16-4723-a3d2-b5153f06705b;399.5;0.25485433;BUY
2016-02-16T00:08:01.780000;2016-02-16T00:08:01.787000;b71223e2-759d-4d71-a261-1ab0f1b9dfa3;399.49;0.011;BUY
2016-02-16T00:08:01.780000;2016-02-16T00:08:01.787000;5b98e827-cfb3-4849-9689-60002e623693;399.49;0.011;BUY
2016-02-16T00:08:01.780000;2016-02-16T00:08:01.817000;e3bd7ce5-21d3-44b1-89c3-19a330c4bdeb;399.5;0.02222201;BUY
2016-02-16T00:08:01.780000;2016-02-16T00:08:01.817000;9b2a2f65-3d3e-4a83-b65c-b620a0d89072;399.54;0.05;BUY
2016-02-16T00:08:01.780000;2016-02-16T00:08:01.817000;ed62fbde-69cf-4eab-894a-ab69723612f8;399.55;0.01;BUY
2016-02-16T00:08:01.780000;2016-02-16T00:08:01.817000;1efb28e0-706a-475f-b326-61f8d86429a2;399.56;0.01;BUY
2016-02-16T00:08:01.780000;2016-02-16T00:08:01.833000;4cf740ad-ea87-4a10-90ce-8f1f847f8fc5;399.56;0.05;BUY
2016-02-16T00:08:01.780000;2016-02-16T00:08:01.833000;a9f870f9-72cd-4374-be8a-2d2e83652b73;399.57;0.01;BUY
2016-02-16T00:08:01.783000;2016-02-16T00:08:01.833000;609e54ff-f3cd-4acd-936f-5f274a113d88;399.61;0.01;BUY
2016-02-16T00:08:01.783000;2016-02-16T00:08:01.833000;300523fc-0edf-486b-81fb-49f1b0419add;399.62;0.01;BUY
2016-02-16T00:08:01.783000;2016-02-16T00:08:01.833000;67f18eda-55f6-45ac-9c28-8cfb044e1a06;399.63;0.01;BUY
2016-02-16T00:08:01.783000;2016-02-16T00:08:01.833000;71aec6bd-5222-46f9-b4c5-e744dc2fa852;399.63;0.05;BUY
2016-02-16T00:08:01.783000;2016-02-16T00:08:01.833000;2f05bae6-7354-4822-9ac0-3b25a9081274;399.64;0.01;BUY
2016-02-16T00:08:01.783000;2016-02-16T00:08:01.833000;c03b433f-dc40-43dd-91cf-f5d25df3575f;399.67;0.01;BUY
2016-02-16T00:08:01.783000;2016-02-16T00:08:01.847000;c43598f0-0ce6-4e18-8f82-8ea970f420f3;399.7;0.01168305;BUY
2016-02-16T00:08:01.783000;2016-02-16T00:08:01.847000;e7567f61-8260-4909-bafe-c5c2aa7b10aa;399.74;0.01005494;BUY
2016-02-16T00:08:31.380000;2016-02-16T00:08:31.380000;e77faad5-b7ab-4b63-a918-e809bc0c0888;399.74;0.00994506;BUY
2016-02-16T00:08:31.380000;2016-02-16T00:08:31.393000;988394f5-3846-4ed2-81cc-f8d713434222;399.74;0.016;BUY
2016-02-16T00:08:31.380000;2016-02-16T00:08:31.393000;6e549e41-9877-4bc5-b18c-d5b8ff61b375;399.8;0.01;BUY
2016-02-16T00:08:31.380000;2016-02-16T00:08:31.410000;bf691f2b-1073-4a10-9b52-eff13468aad0;399.81;0.01;BUY
2016-02-16T00:08:31.380000;2016-02-16T00:08:31.410000;03248030-6850-46ec-8f62-1422dc8ce144;399.82;0.01;BUY
2016-02-16T00:08:31.380000;2016-02-16T00:08:31.410000;ee6207b2-b164-43ef-af76-e0b49a7b58d4;399.86;0.01;BUY
2016-02-16T00:08:31.380000;2016-02-16T00:08:31.410000;1d3155fc-672c-4a89-9caa-34286b516b76;399.87;0.01;BUY
2016-02-16T00:08:31.380000;2016-02-16T00:08:31.410000;85ba2afd-36e2-4d35-b3e3-6203c6841e6e;399.88;0.01;BUY
2016-02-16T00:08:31.380000;2016-02-16T00:08:31.457000;4a31b587-c7b3-4ea3-bf2a-59276f612c79;399.89;0.011;BUY
2016-02-16T00:08:31.380000;2016-02-16T00:08:31.473000;57eb04ff-bb0b-4df1-b967-b1bc48ea3cb2;399.89;0.01;BUY
2016-02-16T00:08:31.383000;2016-02-16T00:08:31.473000;d161251f-9580-4bd3-82f1-7f5c37e09922;399.9;0.01168305;BUY
2016-02-16T00:08:31.383000;2016-02-16T00:08:31.473000;a7960215-da78-429a-afa7-6432f15c566a;399.91;0.01;BUY
2016-02-16T00:08:31.383000;2016-02-16T00:08:31.473000;4d08e7ad-0cc0-4a42-9cdf-b80d3168d16f;399.92;0.01;BUY
2016-02-16T00:08:31.383000;2016-02-16T00:08:31.473000;93fe8e2f-366c-44ee-bbd5-c3b8f48e2400;399.94;0.011;BUY
2016-02-16T00:08:31.383000;2016-02-16T00:08:31.473000;78b2e8be-b631-4ffa-b7d6-ceeb2eadd3d4;399.94;0.011;BUY
2016-02-16T00:08:31.383000;2016-02-16T00:08:31.473000;b1db63fc-655d-4f7b-b90f-b80fe894459c;399.95;0.01;BUY
2016-02-16T00:08:31.383000;2016-02-16T00:08:31.473000;bd7a368c-0aba-4a5d-ac28-e475ac8a9542;399.95;0.105;BUY
2016-02-16T00:08:31.383000;2016-02-16T00:08:31.473000;68f04aaf-3e68-4ce6-a82b-059a78e3b294;399.98;0.01;BUY
2016-02-16T00:08:31.383000;2016-02-16T00:08:31.473000;3a7535a4-0d56-4133-9134-dceb2f9c4d43;399.98;0.011;BUY
2016-02-16T00:08:31.383000;2016-02-16T00:08:31.473000;abab8df7-cc40-4d26-8a9e-1d305c7a0f91;399.99;0.01;BUY
2016-02-16T00:08:31.383000;2016-02-16T00:08:31.473000;cd788fdd-861c-4f27-a639-c78040c72889;400.0;0.01;BUY
2016-02-16T00:08:31.383000;2016-02-16T00:08:31.473000;a1dc5f4d-5e24-40b1-8eb1-48c2dbad78c5;400.0;0.011;BUY
2016-02-16T00:08:31.383000;2016-02-16T00:08:31.473000;4462b07f-608d-4b7b-af96-502264c96265;400.0;0.01;BUY
2016-02-16T00:08:31.383000;2016-02-16T00:08:31.473000;16b7e936-a260-4f3b-946e-13c0265784c8;400.0;0.25;BUY
2016-02-16T00:08:31.383000;2016-02-16T00:08:31.490000;f0e17a87-d0be-4c65-96e7-72bc10cf8544;400.0;0.01003;BUY
2016-02-16T00:08:31.383000;2016-02-16T00:08:31.490000;f3f78ed2-a443-49ae-8918-cf541d6a19ed;400.0;0.2;BUY
2016-02-16T00:08:31.383000;2016-02-16T00:08:31.490000;4a961485-a6f2-4ad7-8975-db04fee9316d;400.0;0.128;BUY
2016-02-16T00:08:31.383000;2016-02-16T00:08:31.503000;feb6b135-e303-42fc-9805-92945bfde71b;400.01;0.01;BUY
2016-02-16T00:08:31.383000;2016-02-16T00:08:31.503000;d14b2e3e-ef8a-4a3a-a40f-e810cb348b3a;400.01;0.016;BUY
2016-02-16T00:08:31.387000;2016-02-16T00:08:31.503000;3e1cec1f-a83a-4010-8860-c5ba3bd5effd;400.01;0.03834189;BUY
2016-02-16T00:08:51.613000;2016-02-16T00:08:51.597000;febdf660-caa6-4c05-9697-cc91307a09e0;400.01;0.2056883;BUY
2016-02-16T00:08:51.627000;2016-02-16T00:08:51.630000;de50c20a-b9eb-470f-9fb4-a193ad96a81a;400.01;0.0343117;BUY
2016-02-16T00:09:16.537000;2016-02-16T00:09:16.537000;614edfae-bd51-497d-bd65-dd1cdee194eb;400.0;0.94807;SELL
2016-02-16T00:09:32.727000;2016-02-16T00:09:32.723000;e62b2464-e522-4b63-a429-e76f765227e5;400.01;0.53365811;BUY
2016-02-16T00:09:32.727000;2016-02-16T00:09:32.740000;1d6b821b-8857-4a55-b50a-04981a6ead79;400.03;0.01;BUY
2016-02-16T00:09:32.727000;2016-02-16T00:09:32.740000;ba4b73a6-7220-4c58-b486-d84390b27565;400.03;0.05;BUY
2016-02-16T00:09:32.727000;2016-02-16T00:09:32.740000;db8b41d2-b92e-4401-ac4d-68021a7fb47e;400.03;0.05;BUY
2016-02-16T00:09:32.727000;2016-02-16T00:09:32.753000;7e68b596-070a-40dd-ad31-5283366bd45d;400.03;0.018;BUY
2016-02-16T00:09:32.727000;2016-02-16T00:09:32.770000;7d6a026d-da94-4f88-bd04-7e5b5c34e1e1;400.04;0.00350189;BUY
2016-02-16T00:10:02.427000;2016-02-16T00:10:02.410000;77dfb0f0-4a31-4288-9676-d83fe1c1e925;400.04;0.00649811;BUY
2016-02-16T00:10:02.427000;2016-02-16T00:10:02.427000;38f7fb3b-109b-4de8-aceb-ecb58b122f5f;400.05;0.01;BUY
2016-02-16T00:10:02.427000;2016-02-16T00:10:02.427000;404754f0-5b8a-408f-80a0-b3af0e1deb98;400.05;0.01;BUY
2016-02-16T00:10:02.427000;2016-02-16T00:10:02.427000;85aeaf90-4cdd-496d-88af-0c8bb7694ee7;400.06;0.01;BUY
2016-02-16T00:10:02.427000;2016-02-16T00:10:02.440000;9a46eb94-cb76-469a-bd2b-bf2a44c74004;400.06;0.011;BUY
2016-02-16T00:10:02.427000;2016-02-16T00:10:02.473000;25f797da-bf83-4025-a302-becbb8b664fa;400.06;0.01;BUY
2016-02-16T00:10:02.427000;2016-02-16T00:10:02.473000;84cc99c3-7bd4-4432-845d-8c48f19db418;400.06;0.01;BUY
2016-02-16T00:10:02.427000;2016-02-16T00:10:02.473000;1561c340-c809-48ff-9866-ec91975adf32;400.07;0.01;BUY
2016-02-16T00:10:02.427000;2016-02-16T00:10:02.473000;6c31c69b-6602-4937-ac4a-486f7f921a83;400.08;0.01;BUY
2016-02-16T00:10:02.427000;2016-02-16T00:10:02.473000;582687d5-c721-4c3e-8211-3572ab72f58d;400.09;0.01;BUY
2016-02-16T00:10:02.427000;2016-02-16T00:10:02.473000;477313d2-8bcf-4493-b241-0b5f07b00f6e;400.09;0.111;BUY
2016-02-16T00:10:02.427000;2016-02-16T00:10:02.473000;f861f903-679b-41f2-9c37-e79bd896fc6b;400.1;0.01;BUY
2016-02-16T00:10:02.427000;2016-02-16T00:10:02.503000;7aeca57c-230c-4f65-b9c0-a23d6605f2ba;400.1;0.01168305;BUY
2016-02-16T00:10:02.427000;2016-02-16T00:10:02.520000;e87a3ff5-f483-4204-8d77-6bb03f77ca07;400.1;0.37423229;BUY
2016-02-16T00:10:02.427000;2016-02-16T00:10:02.520000;ed54b9ff-ac29-461d-8e10-280b28ff8425;400.14;0.01;BUY
2016-02-16T00:10:02.427000;2016-02-16T00:10:02.520000;ee006a1a-7ac0-40e5-bfbd-b439784bed62;400.14;0.096;BUY
2016-02-16T00:10:02.430000;2016-02-16T00:10:02.520000;7f5590bd-9774-4e26-9547-d1001fb53019;400.18;0.02;BUY
2016-02-16T00:10:02.430000;2016-02-16T00:10:02.520000;7161af22-812e-4cfd-a847-5dc8bfa97182;400.19;0.01;BUY
2016-02-16T00:10:02.430000;2016-02-16T00:10:02.520000;9c612f46-2003-491c-8ea2-0657519df346;400.19;0.04206655;BUY
2016-02-16T00:10:32.990000;2016-02-16T00:10:32.990000;6c777b73-3df9-4c96-a81f-d2a5a7a2ac2a;400.17;0.018;SELL
2016-02-16T00:10:32.990000;2016-02-16T00:10:32.990000;9b2775a0-d3a4-4287-a029-0bd54fa371c9;400.16;0.019;SELL
2016-02-16T00:10:32.990000;2016-02-16T00:10:32.990000;b446368f-7cff-4601-a7ae-01eb92286473;400.15;0.019;SELL
2016-02-16T00:10:32.990000;2016-02-16T00:10:33.020000;1ecea660-771b-4ceb-b120-e8f454ecdebf;400.14;0.019;SELL
2016-02-16T00:10:32.990000;2016-02-16T00:10:33.020000;c1111a1c-5928-4aea-9211-abb1a5fad066;400.13;0.019;SELL
2016-02-16T00:10:32.990000;2016-02-16T00:10:33.020000;d888a59c-d414-490b-b21c-37faf7c1e7a6;400.12;0.019;SELL
2016-02-16T00:10:32.990000;2016-02-16T00:10:33.020000;993b8526-c497-44f3-bfc6-cceb2c7bba1b;400.09;0.24;SELL
2016-02-16T00:10:32.990000;2016-02-16T00:10:33.020000;69f95991-3137-43b3-ada2-4235b1f52173;400.08;0.05;SELL
2016-02-16T00:10:32.990000;2016-02-16T00:10:33.020000;7b9f27f3-0859-4e39-9b3d-2c49ae80ee11;400.04;0.48;SELL
2016-02-16T00:10:32.990000;2016-02-16T00:10:33.020000;c14cdb11-edb0-46bc-857a-96abee0bf76c;400.03;0.491;SELL
2016-02-16T00:10:32.990000;2016-02-16T00:10:33.050000;8b4b5cf1-c7ad-464f-9f9c-9066ee395518;400.02;0.011;SELL
2016-02-16T00:10:32.990000;2016-02-16T00:10:33.050000;de47d409-9c3a-4646-8c18-d67f4b524bf3;400.02;0.24;SELL
2016-02-16T00:10:32.990000;2016-02-16T00:10:33.050000;9e318194-83c9-450c-a929-659eb4f52e46;400.01;0.601;SELL
2016-02-16T00:10:32.990000;2016-02-16T00:10:33.050000;eaecd4ff-f3fc-4d8f-b718-e38b4f620b3d;400.0;2.05193;SELL
2016-02-16T00:10:32.990000;2016-02-16T00:10:33.050000;f1ae8dce-752e-4546-be68-a7d4a7be2ac2;400.0;0.0213;SELL
2016-02-16T00:10:32.990000;2016-02-16T00:10:33.067000;bf2e9c34-e4b3-49d9-9742-8ca3be92353d;399.99;0.761;SELL
2016-02-16T00:10:32.990000;2016-02-16T00:10:33.067000;a766bec6-7204-4616-b64c-0708637468c8;399.94;0.116;SELL
2016-02-16T00:10:32.993000;2016-02-16T00:10:33.083000;c045dabf-1079-4c62-b58f-870b33106d57;399.92;0.315;SELL
2016-02-16T00:10:32.993000;2016-02-16T00:10:33.083000;8da6b00f-45fb-43d8-aca2-607469741e26;399.91;0.393;SELL
2016-02-16T00:10:32.993000;2016-02-16T00:10:33.083000;d51f86a9-1621-40f2-9718-7badc3e85d2d;399.91;0.01;SELL
2016-02-16T00:10:32.993000;2016-02-16T00:10:33.083000;4b24a538-9bd5-42d9-8ed1-7df889e6d928;399.89;0.359;SELL
2016-02-16T00:10:32.993000;2016-02-16T00:10:33.083000;82a5a50f-1c8d-452a-9008-a1fb3b589af8;399.88;0.011;SELL
2016-02-16T00:10:32.993000;2016-02-16T00:10:33.083000;55a4b821-46b7-47fd-88da-ada7f7cfb557;399.88;0.011;SELL
2016-02-16T00:10:32.993000;2016-02-16T00:10:33.083000;c5d7f1e8-9dbd-40ad-ad5a-f2b150128e20;399.81;0.1;SELL
2016-02-16T00:10:32.993000;2016-02-16T00:10:33.083000;7d581621-4d4b-4d7a-8c58-6493ca41cb34;399.76;0.011;SELL
2016-02-16T00:10:32.993000;2016-02-16T00:10:33.097000;82ffbc25-c6ab-46ea-a24a-d648ce00b719;399.75;0.011;SELL
2016-02-16T00:10:32.993000;2016-02-16T00:10:33.097000;512e2d62-92e4-4093-97cc-109899171eca;399.75;0.011;SELL
2016-02-16T00:10:32.993000;2016-02-16T00:10:33.097000;efdd1238-8913-4205-847f-51617d20cd31;399.73;0.548;SELL
2016-02-16T00:10:32.993000;2016-02-16T00:10:33.097000;f6a58b4d-ea21-49fa-84a2-572311b6836f;399.73;0.01;SELL
2016-02-16T00:10:32.993000;2016-02-16T00:10:33.113000;d287b3b1-88b3-4386-b733-fe7e39946c35;399.72;1.421;SELL
2016-02-16T00:10:32.993000;2016-02-16T00:10:33.113000;fd939303-75e6-4e3b-8ff4-d5ad1d5493d8;399.67;0.01;SELL
2016-02-16T00:10:32.993000;2016-02-16T00:10:33.113000;eab4a8b2-6ffb-4a63-ac19-5bf64533e50b;399.6;0.0117067;SELL
2016-02-16T00:10:32.993000;2016-02-16T00:10:33.113000;368b5dfb-01eb-44d5-a5fa-772021b480fb;399.57;0.805;SELL
2016-02-16T00:10:32.993000;2016-02-16T00:10:33.113000;058570f8-19ab-4e52-be10-b9e4f2d06b46;399.57;0.05;SELL
2016-02-16T00:10:32.993000;2016-02-16T00:10:33.130000;5bc8a45a-77dc-4dca-90df-e21688d45e86;399.53;0.24;SELL
2016-02-16T00:10:32.993000;2016-02-16T00:10:33.130000;155ed697-d2fb-4fb2-b1c5-523a1be8265c;399.52;0.01;SELL
2016-02-16T00:10:32.993000;2016-02-16T00:10:33.130000;6cfd8791-cd3d-4db3-94d1-3f16ca8cf6ed;399.52;0.72;SELL
2016-02-16T00:10:32.997000;2016-02-16T00:10:33.130000;5236c2e4-6139-41fa-b410-47d87cb84868;399.51;0.01;SELL
2016-02-16T00:10:32.997000;2016-02-16T00:10:33.130000;7f0342dd-1126-46a2-a7c5-5cea5561005f;399.51;0.1459633;SELL
2016-02-16T00:11:01.877000;2016-02-16T00:11:01.880000;f0987620-5ccc-4482-9e1b-b3dae2d77543;400.17;0.013;BUY
2016-02-16T00:11:01.877000;2016-02-16T00:11:01.880000;65aa9dda-9dbd-421d-bbd1-f522486cfbca;400.17;0.094;BUY
2016-02-16T00:11:01.877000;2016-02-16T00:11:01.880000;f27e3bff-8707-4f3a-a59f-266172617bd1;400.18;0.05;BUY
2016-02-16T00:11:01.877000;2016-02-16T00:11:01.893000;24a791c7-d134-4158-bd0b-8f04d918cdaa;400.19;0.011;BUY
2016-02-16T00:11:01.877000;2016-02-16T00:11:01.893000;fe52def7-ff84-4d14-b71e-2122ecd2164d;400.19;0.011;BUY
2016-02-16T00:11:01.877000;2016-02-16T00:11:01.893000;6f88c4c9-2338-4dc6-a47d-7dcf17aa7c11;400.19;0.0117067;BUY
2016-02-16T00:11:01.877000;2016-02-16T00:11:01.910000;5b509d22-c4fb-49e9-b59f-8d50a5c472eb;400.2;0.01;BUY
2016-02-16T00:11:01.877000;2016-02-16T00:11:01.910000;883556c9-3048-49d1-b5da-362cc3371b44;400.21;0.01;BUY
2016-02-16T00:11:01.880000;2016-02-16T00:11:01.910000;f5bfded9-4b45-42a9-b334-b96448e92bb8;400.21;0.011;BUY
2016-02-16T00:11:01.880000;2016-02-16T00:11:01.910000;e2f79355-26ca-4916-b640-5e1f05a4d54f;400.22;0.01;BUY
2016-02-16T00:11:01.880000;2016-02-16T00:11:01.910000;feed936e-9533-442f-87da-1cb1386f50f7;400.22;0.011;BUY
2016-02-16T00:11:01.880000;2016-02-16T00:11:01.927000;d22f0d00-2471-4ef2-80b4-7e997152b415;400.22;0.076;BUY
2016-02-16T00:11:01.880000;2016-02-16T00:11:01.927000;e84531d4-3a3c-4de5-b6f0-f0047008db80;400.23;0.011;BUY
2016-02-16T00:11:01.880000;2016-02-16T00:11:01.927000;d9e254f2-bd00-49f4-ac62-26b83f13301f;400.23;0.011;BUY
2016-02-16T00:11:01.880000;2016-02-16T00:11:01.927000;1c5ff428-dc3b-48d2-8944-ab30af9b39f3;400.24;0.115;BUY
2016-02-16T00:11:01.880000;2016-02-16T00:11:01.940000;68ef6216-3ed2-4b5d-bcbc-5f54ff94157b;400.29;0.117;BUY
2016-02-16T00:11:01.880000;2016-02-16T00:11:01.940000;64b9e4cb-f0fa-4e88-88bb-77246dccfc65;400.3;0.01;BUY
2016-02-16T00:11:01.880000;2016-02-16T00:11:01.940000;e1c02e05-137b-4f10-9219-7586d86f613e;400.3;0.01168305;BUY
2016-02-16T00:11:01.880000;2016-02-16T00:11:01.940000;9a989226-b6c4-4385-b4bb-9dc6e536ae87;400.34;0.09;BUY
2016-02-16T00:11:01.880000;2016-02-16T00:11:01.940000;a94e0fd7-6149-48e8-9802-ee2c58754383;400.38;0.24;BUY
2016-02-16T00:11:01.880000;2016-02-16T00:11:01.957000;69a2abd8-bf50-4325-a045-79c3decbb044;400.39;0.01;BUY
2016-02-16T00:11:01.880000;2016-02-16T00:11:01.957000;063e9683-1950-44e2-a8df-e4000973a83f;400.39;0.114;BUY
2016-02-16T00:11:01.880000;2016-02-16T00:11:01.957000;7f056e8c-ec2a-4c0d-a4c8-78c64df15d4b;400.39;0.23670025;BUY
2016-02-16T00:11:31.740000;2016-02-16T00:11:31.800000;6acf5391-31dc-4e9e-87d4-c57a2abc4015;400.32;0.1041;BUY
2016-02-16T00:12:02.183000;2016-02-16T00:12:02.223000;87d244a3-c4a3-4616-a35e-437123cb277b;400.3;0.275;BUY
2016-02-16T00:12:02.183000;2016-02-16T00:12:02.253000;b4e6581f-1eee-4d36-86ab-f846c5fd340c;400.35;0.344;BUY
2016-02-16T00:12:02.183000;2016-02-16T00:12:02.253000;18378c12-68be-4265-ab2e-28608729b589;400.4;0.01;BUY
2016-02-16T00:12:02.183000;2016-02-16T00:12:02.253000;e046c00d-a0a3-4927-90a5-17672106aadd;400.4;0.00328;BUY
2016-02-16T00:12:32.143000;2016-02-16T00:12:32.190000;6aabcbfc-352a-4dbf-9c30-03dd3306a6d1;400.17;0.017;SELL
2016-02-16T00:12:32.143000;2016-02-16T00:12:32.207000;0b0414dc-3e34-4dce-a076-08a07b8bc69c;400.16;0.017;SELL
2016-02-16T00:12:32.143000;2016-02-16T00:12:32.207000;e482fc07-f521-431f-aa36-6aa7baa3255e;400.15;0.017;SELL
2016-02-16T00:12:32.143000;2016-02-16T00:12:32.207000;b365802c-98f8-439c-b6a2-fac30f4c8f72;400.14;0.018;SELL
2016-02-16T00:12:32.143000;2016-02-16T00:12:32.223000;843eab62-37c3-41cb-805a-8a47110788d3;400.13;0.018;SELL
2016-02-16T00:12:32.143000;2016-02-16T00:12:32.223000;55ad5c0e-1cbd-4b7b-9af4-213e5e98be03;400.12;0.018;SELL
2016-02-16T00:12:32.143000;2016-02-16T00:12:32.223000;12245a84-90ee-4f20-9382-f52ae4cfdfa3;400.11;0.018;SELL
2016-02-16T00:12:32.143000;2016-02-16T00:12:32.223000;cfc42932-bb2c-4e3c-b167-2c72e47cb791;400.1;0.018;SELL
2016-02-16T00:12:32.143000;2016-02-16T00:12:32.253000;45a77dc2-794b-466b-8f6d-791f66ed3deb;400.09;0.011;SELL
2016-02-16T00:12:32.143000;2016-02-16T00:12:32.253000;d1eb4d2f-3f22-4efb-ab48-cbbf0e98b081;400.09;0.011;SELL
2016-02-16T00:12:32.143000;2016-02-16T00:12:32.253000;67772504-bd10-4742-b551-407bfd682024;400.08;0.011;SELL
2016-02-16T00:12:32.147000;2016-02-16T00:12:32.270000;e96f9b7c-daee-4408-a8d6-f6e5d7edd20d;400.07;0.011;SELL
2016-02-16T00:12:32.147000;2016-02-16T00:12:32.270000;50e166f8-d426-4acf-ad79-9c2df8b91e32;400.07;0.011;SELL
2016-02-16T00:12:32.147000;2016-02-16T00:12:32.270000;2432525d-c085-4aa1-85e0-1b35afe20247;400.06;0.011;SELL
2016-02-16T00:12:32.147000;2016-02-16T00:12:32.270000;17111fbb-1290-4960-91d7-a6b7ca9b17a2;400.04;0.018;SELL
2016-02-16T00:12:32.147000;2016-02-16T00:12:32.270000;5542f17f-6826-4119-b497-cd699d2a6077;400.03;0.018;SELL
2016-02-16T00:12:32.147000;2016-02-16T00:12:32.270000;6e095833-14a0-46a9-807b-78eef438de9f;400.02;0.018;SELL
2016-02-16T00:12:32.147000;2016-02-16T00:12:32.283000;dc716980-7b9b-4701-8556-8ac20dcdc67f;400.01;0.24;SELL
2016-02-16T00:12:32.147000;2016-02-16T00:12:32.300000;3c92aea9-b725-42df-b30a-1b912c99d988;400.0;0.0115;SELL
2016-02-16T00:12:32.147000;2016-02-16T00:12:32.300000;f745b905-20f4-4560-8c75-212d02719a49;399.93;0.96;SELL
2016-02-16T00:12:32.147000;2016-02-16T00:12:32.300000;4a11ae01-5c8f-4c54-9d94-1c78fa9a73e6;399.92;0.01;SELL
2016-02-16T00:12:32.147000;2016-02-16T00:12:32.300000;017c7098-e32d-4329-8ba2-4396d4267bbf;399.92;1.0;SELL
2016-02-16T00:12:32.147000;2016-02-16T00:12:32.347000;15bc1a99-5433-45a1-bf12-eb2f85a171a0;399.9;0.09;SELL
2016-02-16T00:12:32.147000;2016-02-16T00:12:32.363000;f30b06a0-cc6e-4806-8aad-3fc4e63090a9;399.89;0.103;SELL
2016-02-16T00:12:32.147000;2016-02-16T00:12:32.363000;1c075507-0940-4ef6-a56b-a08de09b0f91;399.89;0.48;SELL
2016-02-16T00:12:32.147000;2016-02-16T00:12:32.363000;1d755f4e-8e48-4de6-bcb9-dda7e7c92de2;399.88;0.089;SELL
2016-02-16T00:12:32.147000;2016-02-16T00:12:32.363000;33ab523e-fe00-4fe6-bd57-d3ff5af07311;399.87;0.72;SELL
2016-02-16T00:12:32.147000;2016-02-16T00:12:32.377000;71f1faee-4421-4ea0-877f-bdfcaee632e6;399.86;0.103;SELL
2016-02-16T00:12:32.147000;2016-02-16T00:12:32.377000;a5e85eb6-2d3e-4f9d-9e2d-930c730b3939;399.85;0.96;SELL
2016-02-16T00:12:32.147000;2016-02-16T00:12:32.377000;23b273c3-6748-4de1-a80a-d9d24b3ee699;399.84;0.094;SELL
2016-02-16T00:12:32.150000;2016-02-16T00:12:32.377000;7151167e-b2ed-4063-8a8c-89681db53652;399.84;0.96;SELL
2016-02-16T00:12:32.150000;2016-02-16T00:12:32.377000;20c0f289-0e8f-4b04-9a90-5d83ba01032f;399.83;0.111;SELL
2016-02-16T00:12:32.150000;2016-02-16T00:12:32.377000;b9202642-d4db-4e68-af46-667622ccffa5;399.82;2.0;SELL
2016-02-16T00:12:32.150000;2016-02-16T00:12:32.377000;18d1bc14-61c7-4e66-a7de-af396407fc90;399.81;1.2;SELL
2016-02-16T00:12:32.150000;2016-02-16T00:12:32.377000;b31a1f26-4820-4009-96d5-5d3b1cab412b;399.8;0.0117067;SELL
2016-02-16T00:12:32.150000;2016-02-16T00:12:32.377000;80ae06d5-149f-4eb3-b48f-7f5cfe6227ab;399.79;1.68;SELL
2016-02-16T00:12:32.150000;2016-02-16T00:12:32.377000;14a04b82-9191-4cb9-bcfc-99516e65cc40;399.78;0.114;SELL
2016-02-16T00:12:32.150000;2016-02-16T00:12:32.377000;c6cc8dce-e7d4-4a90-9731-0a53b1b36984;399.74;2.4;SELL
2016-02-16T00:12:32.150000;2016-02-16T00:12:32.377000;a123bc13-9ac8-4324-a976-192b1f80d77a;399.73;2.612;SELL
2016-02-16T00:12:32.150000;2016-02-16T00:12:32.377000;6989b3b4-ed08-4d57-9f65-fa11049cd871;399.7;0.01;SELL
2016-02-16T00:12:32.150000;2016-02-16T00:12:32.377000;2f0d57a7-7df9-437e-b58a-8bd9aef0014b;399.69;0.114;SELL
2016-02-16T00:12:32.150000;2016-02-16T00:12:32.377000;c5df2f54-7a03-41c9-91bf-637166d151c7;399.66;0.124;SELL
2016-02-16T00:12:32.150000;2016-02-16T00:12:32.377000;02135aac-63ee-4442-bde6-a5dd06928bfd;399.61;1.2;SELL
2016-02-16T00:12:32.150000;2016-02-16T00:12:32.410000;6ff849ed-97d4-4b8b-9af7-e50305bfe265;399.6;0.0117067;SELL
2016-02-16T00:12:32.150000;2016-02-16T00:12:32.410000;52cbc898-8734-4cae-a39d-8aef5ed9c3b8;399.58;1.92;SELL
2016-02-16T00:12:32.150000;2016-02-16T00:12:32.410000;fc5cccb2-577b-47e1-96b2-eb6319155b3a;399.57;2.049;SELL
2016-02-16T00:12:32.150000;2016-02-16T00:12:32.410000;1b362712-58f7-4264-aa9a-1c81da301753;399.48;1.2;SELL
2016-02-16T00:12:32.150000;2016-02-16T00:12:32.410000;01fdb7e1-2551-4432-a2fe-8b0d7d818996;399.47;0.01;SELL
2016-02-16T00:12:32.150000;2016-02-16T00:12:32.410000;e4fb473b-712e-40bb-906c-80de98eefda2;399.47;1.68;SELL
2016-02-16T00:12:32.150000;2016-02-16T00:12:32.440000;07cd6431-fbb7-48ee-8614-033643b39b46;399.46;0.011;SELL
2016-02-16T00:12:32.153000;2016-02-16T00:12:32.440000;0b4127e1-1c78-4575-aae0-58137529c97f;399.46;2.16;SELL
2016-02-16T00:12:32.153000;2016-02-16T00:12:32.457000;2496fedf-3fc8-4660-bcaf-c05365cf649d;399.45;0.011;SELL
2016-02-16T00:12:32.153000;2016-02-16T00:12:32.457000;004f4fdf-e9d7-42c2-86ed-47ec9fe5f7f6;399.45;2.64;SELL
2016-02-16T00:12:32.153000;2016-02-16T00:12:32.457000;45b10109-e79b-458f-8787-5f81378f8263;399.44;0.19;SELL
2016-02-16T00:12:32.153000;2016-02-16T00:12:32.457000;65c09cbf-a7c6-4916-af35-3148a3f7138e;399.44;2.4;SELL
2016-02-16T00:12:32.153000;2016-02-16T00:12:32.457000;0bd81245-bc52-4b2d-a704-d1edc5e1c825;399.43;0.701;SELL
2016-02-16T00:12:32.153000;2016-02-16T00:12:32.457000;9013a1c8-b496-49c1-9359-d2f686aa35c3;399.43;0.182;SELL
2016-02-16T00:12:32.153000;2016-02-16T00:12:32.457000;cbc3165b-e2a0-4092-b4ee-c5126d320a03;399.35;2.88;SELL
2016-02-16T00:12:32.153000;2016-02-16T00:12:32.457000;0561c6a4-af13-40ac-b096-7c676f1fda07;399.34;0.01;SELL
2016-02-16T00:12:32.153000;2016-02-16T00:12:32.457000;452d5841-064d-4d67-b11f-f7b75132ceeb;399.3;1.0919066;SELL
2016-02-16T00:13:31.877000;2016-02-16T00:13:31.910000;9674d8d5-44aa-497a-ad66-aa06064f2dc6;400.0;0.01;BUY
2016-02-16T00:13:31.877000;2016-02-16T00:13:31.940000;c0c10ec2-98dd-4264-a2f1-65c9562f0c3c;400.08;0.02224;BUY
2016-02-16T00:14:02.080000;2016-02-16T00:14:02.127000;e6234ab9-ce32-47f0-885d-bec0d1b63e89;399.84;0.01;SELL
2016-02-16T00:14:02.080000;2016-02-16T00:14:02.127000;43e09a83-94e9-4a82-9fd3-97ffe8695705;399.68;0.24;SELL
2016-02-16T00:14:02.080000;2016-02-16T00:14:02.143000;e88f617d-cfdd-441f-a9b1-c2d4561e729b;399.67;0.01;SELL
2016-02-16T00:14:02.080000;2016-02-16T00:14:02.143000;dddd6b4f-887c-47bb-a709-0fd6bd039fcb;399.61;0.48;SELL
2016-02-16T00:14:02.080000;2016-02-16T00:14:02.143000;7e4f58ef-5fa9-4ac1-8f22-a56439da4175;399.6;0.01169362;SELL
2016-02-16T00:14:02.080000;2016-02-16T00:14:02.143000;fa3f8920-3330-453c-a2fb-fefcd2f499bf;399.56;0.27583638;SELL
2016-02-16T00:14:31.970000;2016-02-16T00:14:32.020000;b71f0f68-42ac-4dbb-871f-7b0fcd8242bd;400.03;0.61734;BUY
2016-02-16T00:14:53.767000;2016-02-16T00:14:53.800000;7cf18a4b-48d8-464f-a8ad-c6affbe884d4;400.02;0.05709;BUY
2016-02-16T00:14:53.797000;2016-02-16T00:14:53.847000;9b7f0525-c97c-4668-8de3-79ba04cc7e3d;400.02;0.06915;BUY
2016-02-16T00:15:03.073000;2016-02-16T00:15:03.127000;1bc8628b-e2c5-4e2a-90fd-b3c6ee6404ca;399.99;1.04056;BUY
2016-02-16T00:15:31.780000;2016-02-16T00:15:31.817000;68607eb7-ee94-4c7f-9828-7fa5fb8402fd;400.01;2.61267;BUY
2016-02-16T00:16:01.980000;2016-02-16T00:16:02.033000;71845966-a8b2-4b1e-b923-1fa77f96878c;399.64;0.01;SELL
2016-02-16T00:16:01.980000;2016-02-16T00:16:02.033000;47042717-bcc1-440e-9861-3fbeba657f84;399.6;0.485;SELL
2016-02-16T00:16:01.980000;2016-02-16T00:16:02.033000;a93e85de-34a9-4664-b826-58c93ad17c4f;399.55;0.01;SELL
2016-02-16T00:16:01.980000;2016-02-16T00:16:02.033000;0cb8ffb5-8728-46f7-bd42-a976c60506ba;399.51;0.24;SELL
2016-02-16T00:16:01.980000;2016-02-16T00:16:02.033000;937e9f7d-311f-45d3-b80a-61a4dcdcceaa;399.5;0.0115;SELL
2016-02-16T00:16:01.980000;2016-02-16T00:16:02.050000;e27e9463-0e77-419a-acfd-cb284288a20b;399.43;1.8063;SELL
2016-02-16T00:16:07.760000;2016-02-16T00:16:07.800000;77331e48-1664-4902-b0cc-1d8f7f7c365d;399.92;0.25;BUY
2016-02-16T00:16:07.760000;2016-02-16T00:16:07.817000;633bfd29-5e82-49bc-af17-c591e618fd3e;399.93;0.04931049;BUY
2016-02-16T00:16:21.203000;2016-02-16T00:16:21.253000;bb366f18-8c1e-4649-a229-e808447c247e;399.9;0.02621;BUY
2016-02-16T00:17:01.737000;2016-02-16T00:17:01.783000;817f310a-f837-42bc-a550-223529503733;399.53;0.25112;SELL
2016-02-16T00:18:02.670000;2016-02-16T00:18:02.690000;ec1ed07f-d245-4cf7-b379-f18bbb269dfe;399.72;0.19;SELL
2016-02-16T00:18:02.670000;2016-02-16T00:18:02.707000;399fa01a-64d6-4157-bf8a-0805cd5b7e5a;399.51;0.19471;SELL
2016-02-16T00:18:31.827000;2016-02-16T00:18:31.880000;eed29b9f-1214-412d-b1f9-dc1b6f07ffe7;399.57;0.02606;SELL
2016-02-16T00:19:08.003000;2016-02-16T00:19:08.033000;4da13c19-dc2a-4c47-ac15-35fa21acfe52;399.87;2.56757;BUY
2016-02-16T00:19:32.647000;2016-02-16T00:19:32.677000;1fba26dc-72db-4d25-b942-712431cd200b;399.89;0.66177;BUY
2016-02-16T00:20:05.710000;2016-02-16T00:20:05.723000;7ccf3002-4cdd-4f1a-b235-4de7294930ed;399.89;1.01375;BUY
2016-02-16T00:20:32.557000;2016-02-16T00:20:32.580000;880c6830-f9d3-4226-a7df-56e869bf6aa0;399.5;0.24737;SELL
2016-02-16T00:21:00.220000;2016-02-16T00:21:00.253000;7c368f4c-9a42-4af8-b280-b9f04e0abf53;399.9;0.05;BUY
2016-02-16T00:21:05.627000;2016-02-16T00:21:05.643000;d59d9daa-7805-47d5-901e-798eaf66b5df;399.87;0.33156;BUY
2016-02-16T00:21:32.440000;2016-02-16T00:21:32.457000;37b8fc0b-aaf3-4fb6-994e-fec52719b502;399.73;1.2;SELL
2016-02-16T00:21:32.440000;2016-02-16T00:21:32.473000;ab802c31-cb9f-43d7-b7f5-81d49b00bdde;399.72;2.2964;SELL
2016-02-16T00:22:03.347000;2016-02-16T00:22:03.363000;ab57ca1e-5f5e-4be8-8ca9-224ce406af80;399.87;0.931;SELL
2016-02-16T00:22:04.287000;2016-02-16T00:22:04.300000;4842576f-0c09-4a09-a3b1-8fe6bce2c6a7;399.91;0.5268;BUY
2016-02-16T00:22:32.007000;2016-02-16T00:22:32.020000;f6c42355-8671-4e70-b901-ba4243d67839;399.92;0.87206;BUY
2016-02-16T00:22:32.207000;2016-02-16T00:22:32.223000;b935b1d7-33ae-42c2-a195-ee0f11b0ec10;399.88;0.24;SELL
2016-02-16T00:22:56.227000;2016-02-16T00:22:56.237000;9b151617-f97d-417f-9326-d8e192ee8aa3;399.87;1.386;SELL
2016-02-16T00:22:56.227000;2016-02-16T00:22:56.253000;de10519e-605c-4be8-8077-c1c197f6733d;399.87;0.357;SELL
2016-02-16T00:22:59.123000;2016-02-16T00:22:59.143000;f7ed8efc-909a-4588-8f1f-f6729b86c15c;399.88;1.563;SELL
2016-02-16T00:22:59.127000;2016-02-16T00:22:59.143000;57d2fc95-63df-42b1-9739-3ec74a4d042f;399.87;0.113;SELL
2016-02-16T00:23:02.463000;2016-02-16T00:23:02.473000;67f08b59-da0d-4ebc-b574-26aa0037790b;399.9;0.1412;BUY
2016-02-16T00:23:02.547000;2016-02-16T00:23:02.550000;c7ea5bf9-b229-40df-bdd3-0c0d6b5b1783;399.87;1.559;SELL
2016-02-16T00:23:05.827000;2016-02-16T00:23:05.847000;d0390d0b-377a-464e-bb04-dd7ec4ee795e;399.88;0.24;SELL
2016-02-16T00:23:05.827000;2016-02-16T00:23:05.863000;d5b27ceb-9c65-469e-af66-281b81795e32;399.87;1.203;SELL
2016-02-16T00:23:18.317000;2016-02-16T00:23:18.333000;a78c62cb-2ef5-4018-9bde-bab663047d16;399.88;1.453;SELL
2016-02-16T00:23:32.453000;2016-02-16T00:23:32.473000;14ba4e96-2b6d-4af9-9666-fa820b7aa7f8;399.73;0.72;SELL
2016-02-16T00:23:32.453000;2016-02-16T00:23:32.487000;3400a960-b137-4496-8e64-9af1af05af79;399.72;0.21346;SELL
2016-02-16T00:24:02.207000;2016-02-16T00:24:02.223000;066ba947-696d-4f2f-b6b9-e8555f27ebb0;399.88;0.2356;BUY
2016-02-16T00:24:13.640000;2016-02-16T00:24:13.643000;8cac70c7-47d7-4997-ae06-a89a4738c7f7;399.92;0.02;BUY
2016-02-16T00:24:32.810000;2016-02-16T00:24:32.833000;26616bcc-da46-46f6-8c50-9546dddbc0ee;399.73;0.48;SELL
2016-02-16T00:24:32.810000;2016-02-16T00:24:32.833000;064e4a22-0a6b-4506-8dc8-aead9de2c2d1;399.72;0.15482;SELL
2016-02-16T00:24:50.200000;2016-02-16T00:24:50.207000;9c31dd6a-e3b1-430d-aacc-8f4216477964;399.87;0.24;BUY
2016-02-16T00:25:32.733000;2016-02-16T00:25:32.753000;04803348-cb11-4cff-bf38-8bbc18c76a20;399.94;0.01;BUY
2016-02-16T00:25:32.733000;2016-02-16T00:25:32.753000;328ffa9f-c25e-46b3-a71e-bd1fd121f97c;399.94;0.01;BUY
2016-02-16T00:25:32.733000;2016-02-16T00:25:32.753000;2c48976b-718c-4440-92e6-ba1c9e745d78;400.0;0.47747;BUY
2016-02-16T00:26:02.497000;2016-02-16T00:26:02.520000;4ba179c2-4920-4214-a19b-b1edf9582987;399.99;0.25;BUY
2016-02-16T00:26:02.497000;2016-02-16T00:26:02.520000;97c20c7e-cb09-4900-98a0-30e211fe6529;400.0;0.86755;BUY
2016-02-16T00:26:16.477000;2016-02-16T00:26:16.487000;2e810b3d-2586-44b8-90fa-30c3f84f2c2e;400.0;0.08;BUY
2016-02-16T00:26:38.820000;2016-02-16T00:26:38.887000;47c4e5c7-cdc2-46f9-9653-08c6a1f078d3;400.0;0.57498;BUY
2016-02-16T00:26:38.820000;2016-02-16T00:26:38.887000;7cceaf3c-dc4c-43c0-b9d6-eaf61985cacb;400.04;0.01;BUY
2016-02-16T00:26:38.820000;2016-02-16T00:26:38.887000;d7b75cf8-07cf-41fc-894b-1bc9eed802ef;400.05;0.01;BUY
2016-02-16T00:26:38.820000;2016-02-16T00:26:38.887000;3fa2ce22-3f40-4933-81de-cbbef26f1b91;400.09;0.045;BUY
2016-02-16T00:26:38.820000;2016-02-16T00:26:38.887000;80dccdfc-7743-4710-96c7-eb79bcea6951;400.1;0.01169362;BUY
2016-02-16T00:26:38.820000;2016-02-16T00:26:38.903000;ff6ad632-3c05-40d8-9d6b-88552a9cee93;400.14;0.462;BUY
2016-02-16T00:26:38.820000;2016-02-16T00:26:38.903000;328b7a70-88dc-4c60-9e75-29942b3eaac5;400.19;0.428;BUY
2016-02-16T00:26:38.820000;2016-02-16T00:26:38.903000;a04195ed-6ec5-407b-8f4f-8d8cbedb18a6;400.24;0.07029638;BUY
2016-02-16T00:27:03.083000;2016-02-16T00:27:03.137000;7cb3390c-c14f-4635-b70a-4813197568f5;400.07;0.134;BUY
2016-02-16T00:27:03.083000;2016-02-16T00:27:03.137000;2c9b04f9-ab7c-4614-a598-f3f3b587d5ed;400.08;0.00852;BUY
2016-02-16T00:27:47.180000;2016-02-16T00:27:47.217000;a79439ca-6a8d-4349-81a0-4016be45fc50;400.05;0.237;BUY
2016-02-16T00:28:02.697000;2016-02-16T00:28:02.730000;9e2d285d-8efd-4c4a-a57b-21e769492415;400.02;0.01;SELL
2016-02-16T00:28:02.697000;2016-02-16T00:28:02.747000;02ca009e-138e-4986-825f-b635423bb914;400.02;0.984;SELL
2016-02-16T00:28:02.697000;2016-02-16T00:28:02.747000;fd4b6327-1291-410f-bd9e-671023cd02db;400.0;0.08788;SELL
2016-02-16T00:28:27.650000;2016-02-16T00:28:27.700000;03a060d4-34be-495e-a461-d8c6adafb0ce;399.99;0.12457416;SELL
2016-02-16T00:28:32.653000;2016-02-16T00:28:32.700000;bfcc3b63-67cc-4c38-bdda-ad168b248ca4;399.99;0.0611;SELL
2016-02-16T00:29:02.343000;2016-02-16T00:29:02.387000;2c90d316-bba7-4147-96ce-66008c7a19f4;400.02;0.25;BUY
2016-02-16T00:29:02.347000;2016-02-16T00:29:02.387000;54d9ebc6-fb6d-43c6-a27b-589b4fd4c5d0;400.03;0.05;BUY
2016-02-16T00:29:02.347000;2016-02-16T00:29:02.387000;be4fc2cf-21f0-4fbc-b3fe-945f303b64ad;400.12;0.69347;BUY
2016-02-16T00:29:03.917000;2016-02-16T00:29:03.950000;25e79bb9-00b0-4239-8147-4397a97af812;400.12;0.50653;BUY
2016-02-16T00:29:03.917000;2016-02-16T00:29:03.967000;fc6ab063-51b8-4e2d-9d01-f67ac3ca328f;400.13;0.264;BUY
2016-02-16T00:29:03.917000;2016-02-16T00:29:03.967000;e5e36bcc-338e-4551-b64f-dc930930a46b;400.16;0.78179348;BUY
2016-02-16T00:29:32.600000;2016-02-16T00:29:32.637000;46bd8dbc-b9b0-42e3-b794-756b9298c832;400.01;0.497;BUY
2016-02-16T00:30:03.540000;2016-02-16T00:30:03.573000;7a300c84-a8b7-4ff8-9d15-7c6e43e2fc4f;399.99;0.37579;SELL
2016-02-16T00:30:32.857000;2016-02-16T00:30:32.887000;3e584b27-4307-47b6-8a1c-90c0d93b5599;400.0;0.04253;BUY
2016-02-16T00:31:03.070000;2016-02-16T00:31:03.123000;d2f29cca-2f44-445d-bd8b-c20f3ec04b67;400.0;0.06697;BUY
2016-02-16T00:31:33.843000;2016-02-16T00:31:33.873000;745a5968-e1c9-400b-9c4d-d7677fa6682b;400.0;0.101;BUY
2016-02-16T00:32:02.667000;2016-02-16T00:32:02.700000;c3e8c4e6-e35f-4966-bdfd-13877f7b83d4;400.0;0.0395;BUY
2016-02-16T00:32:02.667000;2016-02-16T00:32:02.700000;39584e9f-a1fc-4581-a7bd-658d08ae62db;400.0;1.11685;BUY
2016-02-16T00:32:33.130000;2016-02-16T00:32:33.153000;4d5d2c1c-79b3-4c93-b582-6e0c85fdab4d;400.0;0.12495;BUY
2016-02-16T00:32:35.180000;2016-02-16T00:32:35.217000;3a0b4a9b-c2d1-407d-ba01-5e835fea4993;399.99;0.01;SELL
2016-02-16T00:33:03.177000;2016-02-16T00:33:03.217000;526d00c3-929d-4e3f-91f1-d2941f729930;400.0;0.47531;BUY
2016-02-16T00:33:41.327000;2016-02-16T00:33:41.357000;d730040b-5204-4177-83fa-450daee6647b;400.01;0.1382;BUY
2016-02-16T00:33:41.357000;2016-02-16T00:33:41.387000;f08706ab-dbc6-4619-bb0b-e6e878f8d9ac;400.01;0.21132846;BUY
2016-02-16T00:33:53.930000;2016-02-16T00:33:53.950000;76505986-5891-4378-bd09-977ef86e15c5;400.01;0.02;BUY
2016-02-16T00:34:44.947000;2016-02-16T00:34:44.967000;5ff4565d-f73f-4ae9-b1fc-b2141bdeeffb;400.01;0.38202;BUY
2016-02-16T00:35:02.770000;2016-02-16T00:35:02.810000;08e50b91-3089-4015-a45a-65f926e51e74;399.99;3.42853584;SELL
2016-02-16T00:35:02.770000;2016-02-16T00:35:02.810000;6fac93ce-ff6d-4e60-b6b9-7888fb57eaa6;399.95;0.879;SELL
2016-02-16T00:35:02.770000;2016-02-16T00:35:02.810000;e78afa2f-1cf6-46e9-9018-30f35f46e590;399.9;0.01;SELL
2016-02-16T00:35:02.770000;2016-02-16T00:35:02.827000;c9a5344c-8771-48d6-9269-2664ad1e318b;399.9;0.844;SELL
2016-02-16T00:35:02.770000;2016-02-16T00:35:02.827000;2cd7bb45-22ed-4889-9e4b-1b16221e22aa;399.88;0.87;SELL
2016-02-16T00:35:02.770000;2016-02-16T00:35:02.827000;d1408d13-e27d-4466-8a70-ea41e71e3ca7;399.85;0.837;SELL
2016-02-16T00:35:02.770000;2016-02-16T00:35:02.827000;c0a79b26-377c-4887-b803-9d40cab6f2c7;399.83;0.851;SELL
2016-02-16T00:35:02.770000;2016-02-16T00:35:02.827000;bec3c74f-8649-4c8a-a724-ff610293b640;399.82;0.19815416;SELL
2016-02-16T00:35:10.493000;2016-02-16T00:35:10.527000;7080a6f7-f85e-4e6d-85b3-74446475d4dc;399.93;0.35;BUY
2016-02-16T00:35:33.177000;2016-02-16T00:35:33.200000;e1ea7dd8-5bb2-4f2d-9928-b1ef4a270452;399.79;0.01;SELL
2016-02-16T00:35:33.177000;2016-02-16T00:35:33.217000;66998c72-6e54-40eb-be11-f8197ded4048;399.75;0.111;SELL
2016-02-16T00:35:33.177000;2016-02-16T00:35:33.217000;556258ee-71f7-4ad2-bd71-a65943f2ad5b;399.71;0.01;SELL
2016-02-16T00:35:33.177000;2016-02-16T00:35:33.230000;b8479d50-ab91-4621-a71f-c33b1eec80c8;399.7;0.126;SELL
2016-02-16T00:35:33.177000;2016-02-16T00:35:33.230000;be02af2b-9fc8-46b1-a5a9-d020352a78f6;399.69;0.087;SELL
2016-02-16T00:35:33.180000;2016-02-16T00:35:33.230000;6fc77ef4-19db-4ebb-b9f3-e6afc7daa5d4;399.64;0.079;SELL
2016-02-16T00:35:33.180000;2016-02-16T00:35:33.230000;b671ba87-3e22-4032-91ed-fa51fdb2e705;399.6;0.01169572;SELL
2016-02-16T00:35:33.180000;2016-02-16T00:35:33.230000;a2d0cc8e-1dfc-4726-9410-09ba1ffa5294;399.6;0.071;SELL
2016-02-16T00:35:33.180000;2016-02-16T00:35:33.230000;49772246-d8ee-40f1-bb0c-bc432413e027;399.59;0.106;SELL
2016-02-16T00:35:33.180000;2016-02-16T00:35:33.277000;4ca6a1a6-124a-40ba-b29f-55f99e3654ee;399.57;2.615;SELL
2016-02-16T00:35:33.180000;2016-02-16T00:35:33.277000;b81ddde7-79d4-4e8f-843e-f56af886715d;399.55;0.842;SELL
2016-02-16T00:35:33.180000;2016-02-16T00:35:33.277000;8ee20c96-a21a-45d6-a60d-d878586587fd;399.5;0.877;SELL
2016-02-16T00:35:33.180000;2016-02-16T00:35:33.277000;7bdaf8b4-264c-4e0c-a77b-32405cabd14b;399.49;0.01;SELL
2016-02-16T00:35:33.180000;2016-02-16T00:35:33.277000;48aa0321-c4e9-41c4-8001-0d0434a05355;399.47;0.01;SELL
2016-02-16T00:35:33.180000;2016-02-16T00:35:33.277000;5f0b6665-d73f-4971-a93e-e98615dfd6f0;399.45;0.03314428;SELL
2016-02-16T00:36:32.533000;2016-02-16T00:36:32.560000;ed90d642-74c4-4cb2-9403-bd486c8d6484;399.63;0.25;BUY
2016-02-16T00:36:32.533000;2016-02-16T00:36:32.560000;9739471b-e6de-47bf-b79f-e0ab3f93fcd1;399.72;0.1116;BUY
2016-02-16T00:36:32.533000;2016-02-16T00:36:32.590000;2aaa1316-ccb5-466c-b272-08835d7b4365;399.78;0.087;BUY
2016-02-16T00:36:32.533000;2016-02-16T00:36:32.590000;c2fb4c6c-cf61-491e-a854-d84b326cca4e;399.81;0.48;BUY
2016-02-16T00:36:32.533000;2016-02-16T00:36:32.590000;5fcf4ac3-cd55-4da5-8fc3-1fe130b91d31;399.82;0.01;BUY
2016-02-16T00:36:32.533000;2016-02-16T00:36:32.590000;ba632abe-dd26-4f7d-bfbc-58cd46fab469;399.82;0.48;BUY
2016-02-16T00:36:32.533000;2016-02-16T00:36:32.607000;355b2f99-7c5c-43a8-bf16-200021a8e993;399.83;0.1;BUY
2016-02-16T00:36:32.533000;2016-02-16T00:36:32.607000;5cb9d1f8-f54b-4eac-932b-c927aa525c91;399.83;0.09475;BUY
2016-02-16T00:37:06.870000;2016-02-16T00:37:06.903000;015adc5e-c513-487d-b0cd-43179aab0223;399.57;0.01;SELL
2016-02-16T00:37:06.870000;2016-02-16T00:37:06.903000;d7acaa33-7d5e-456c-8968-4094f1240072;399.56;0.11531;SELL
2016-02-16T00:37:32.250000;2016-02-16T00:37:32.277000;4991298b-664b-4bcf-94d1-8afb75091e9f;399.6;1.2;SELL
2016-02-16T00:37:32.250000;2016-02-16T00:37:32.277000;00e1e396-e412-49e3-9846-31001327a667;399.59;0.72;SELL
2016-02-16T00:37:32.250000;2016-02-16T00:37:32.293000;9eec83a7-aa52-4ddd-b0ad-da7d32d97d27;399.59;0.545;SELL
2016-02-16T00:37:32.250000;2016-02-16T00:37:32.293000;deb90845-c4da-467d-9998-b13377b3e14f;399.58;2.589;SELL
2016-02-16T00:37:32.250000;2016-02-16T00:37:32.293000;926d5090-8351-4686-bf6a-66842c3dfe0a;399.54;0.847;SELL
2016-02-16T00:37:32.250000;2016-02-16T00:37:32.293000;07396286-6b35-44dc-bb4f-805f56fa8261;399.53;0.138;SELL
2016-02-16T00:37:32.250000;2016-02-16T00:37:32.293000;382a1549-736c-47e4-bfc4-f4ad5130f47e;399.52;0.01;SELL
2016-02-16T00:37:32.250000;2016-02-16T00:37:32.293000;77339636-0fa4-4743-ad80-b36f5f2f8dfb;399.48;0.96;SELL
2016-02-16T00:37:32.253000;2016-02-16T00:37:32.293000;ab9f58d9-95d1-4997-92ea-52f272f1faec;399.47;0.899;SELL
2016-02-16T00:37:32.253000;2016-02-16T00:37:32.310000;ae9c0b2e-a570-4d79-842f-6ac72cd669f8;399.46;0.24;SELL
2016-02-16T00:37:32.253000;2016-02-16T00:37:32.310000;eea7bb0a-aaee-4a6b-90f4-ffea9ac0dbff;399.45;0.702;SELL
2016-02-16T00:37:32.253000;2016-02-16T00:37:32.310000;744abd3a-4f92-4382-9cd8-b7ec3c7614ed;399.44;0.681;SELL
2016-02-16T00:37:32.253000;2016-02-16T00:37:32.310000;15b61947-76b6-483f-bd71-549287cbaf7b;399.43;2.01481;SELL
2016-02-16T00:38:01.810000;2016-02-16T00:38:01.840000;a393a5a8-c681-4915-ac7b-7a49c5f769e7;399.61;0.4976;BUY
2016-02-16T00:38:32.393000;2016-02-16T00:38:32.403000;91f05d9d-4e81-4dd9-8050-f8d9668e9cc8;399.47;0.25028;BUY
2016-02-16T00:39:32.037000;2016-02-16T00:39:32.060000;9d9d8550-cd5d-4124-97fb-f01e2de51464;399.47;0.21972;BUY
2016-02-16T00:39:32.037000;2016-02-16T00:39:32.060000;8652806b-ef61-4a46-8b36-54d4757d1ca0;399.47;0.03471;BUY
2016-02-16T00:39:40.193000;2016-02-16T00:39:40.200000;2ee1705c-13c5-4d6e-9deb-700ff2c433eb;399.42;0.35;BUY
2016-02-16T00:40:28.253000;2016-02-16T00:40:28.263000;c4a63bc7-c934-4b4f-82bf-b7eba0387299;399.42;0.18;BUY
2016-02-16T00:40:36.107000;2016-02-16T00:40:36.123000;bb3acce6-b89c-491c-8deb-ba727e75b844;399.42;1.07173;BUY
2016-02-16T00:41:01.727000;2016-02-16T00:41:01.730000;914d0a50-f42c-4f69-8993-27cfd6bcf956;399.42;0.49697;BUY
2016-02-16T00:41:32.023000;2016-02-16T00:41:32.030000;8cc88e73-22e9-4bd5-8b05-73151b15f704;399.41;0.01;SELL
2016-02-16T00:41:32.023000;2016-02-16T00:41:32.043000;2ca270f0-9645-4faf-b557-9a3388e5425d;399.4;0.01169362;SELL
2016-02-16T00:41:32.023000;2016-02-16T00:41:32.043000;a60356a8-338d-4094-bc7b-ef19cd87d84f;399.29;0.011;SELL
2016-02-16T00:41:32.023000;2016-02-16T00:41:32.060000;b7c0f49f-d01b-46c2-b5e7-a5af2ff06cb8;399.28;0.07060638;SELL
2016-02-16T00:42:04.160000;2016-02-16T00:42:04.203000;6b9d7ba8-fd32-4708-8d29-eb57c2768bbb;399.36;0.397;BUY
2016-02-16T00:42:04.160000;2016-02-16T00:42:04.203000;71fd64fe-e802-470c-b522-1d94b95ac8b5;399.37;0.603;BUY
2016-02-16T00:42:04.160000;2016-02-16T00:42:04.237000;e7ba31c4-50c9-4df2-9c76-2719d8bcb365;399.38;0.731;BUY
2016-02-16T00:42:04.160000;2016-02-16T00:42:04.237000;ea2ce1b3-2701-48a7-977e-2071ae536a01;399.39;0.463;BUY
2016-02-16T00:42:04.160000;2016-02-16T00:42:04.237000;a3a63969-3001-4103-9dc8-2041b063c050;399.4;0.681;BUY
2016-02-16T00:42:04.160000;2016-02-16T00:42:04.237000;2eee90ed-968a-4bb9-809d-954e94fcbb6a;399.41;0.011;BUY
2016-02-16T00:42:04.160000;2016-02-16T00:42:04.237000;449cfedd-a1f3-4c22-a8c5-6fbc13e0a82c;399.41;1.068;BUY
2016-02-16T00:42:04.160000;2016-02-16T00:42:04.237000;4d31027e-1b72-4d47-a644-2763722757e4;399.42;0.31406;BUY
2016-02-16T00:42:11.030000;2016-02-16T00:42:11.063000;aacef8b4-c13f-4636-aab3-a9343381676a;399.43;0.25;BUY
2016-02-16T00:42:11.030000;2016-02-16T00:42:11.080000;45191f29-ded2-4f7a-8ee8-651720396059;399.43;0.396;BUY
2016-02-16T00:42:11.033000;2016-02-16T00:42:11.080000;d03b26ba-3775-426c-b0f3-e8efc32a4140;399.44;0.701;BUY
2016-02-16T00:42:11.033000;2016-02-16T00:42:11.080000;e764b817-1673-4e8d-aab0-b48f110021fe;399.45;0.515;BUY
2016-02-16T00:42:11.033000;2016-02-16T00:42:11.110000;4f8012d9-f4cd-4c26-818c-2a114f7dd304;399.46;0.845;BUY
2016-02-16T00:42:11.033000;2016-02-16T00:42:11.110000;1a979a4a-a42b-437f-b22a-b2a572a74aea;399.47;0.44857346;BUY
2016-02-16T00:42:11.997000;2016-02-16T00:42:12.033000;ec252701-13f7-49c1-b7a4-a84a46a736da;399.47;0.737;BUY
2016-02-16T00:42:11.997000;2016-02-16T00:42:12.063000;231ac60c-e647-411f-8192-007104e3ec74;399.48;0.988;BUY
2016-02-16T00:42:11.997000;2016-02-16T00:42:12.063000;8192f52e-a1e1-4344-a285-04f87c07e568;399.49;0.514;BUY
2016-02-16T00:42:11.997000;2016-02-16T00:42:12.063000;9bfda523-f913-47ec-b59e-8d826c277453;399.5;0.58;BUY
2016-02-16T00:42:11.997000;2016-02-16T00:42:12.063000;b77f01cc-626e-49b8-a8e8-b1b19a41770b;399.52;0.33657346;BUY
2016-02-16T00:42:12.257000;2016-02-16T00:42:12.297000;c4c19b83-f7a3-414f-90ee-0659ddfd19a4;399.52;0.07342654;BUY
2016-02-16T00:42:12.257000;2016-02-16T00:42:12.313000;1c819453-0818-4486-8ef0-c61547a01cb3;399.57;0.413;BUY
2016-02-16T00:42:12.257000;2016-02-16T00:42:12.313000;c66627a5-b7f2-45aa-896b-a1bf7e30a8f9;399.59;0.01;BUY
2016-02-16T00:42:12.257000;2016-02-16T00:42:12.330000;7f92bdd9-a26c-47a3-a62e-fe45b4917611;399.62;0.457;BUY
2016-02-16T00:42:12.257000;2016-02-16T00:42:12.330000;23506ad6-710b-456d-8d50-64aaac520ce5;399.67;0.465;BUY
2016-02-16T00:42:12.543000;2016-02-16T00:42:12.580000;d3a5ea64-ecbf-423f-818f-667884f17389;399.69;3.15557346;BUY
2016-02-16T00:42:32.283000;2016-02-16T00:42:32.330000;199bb465-6e94-4fc9-abc4-d640cf526f97;399.69;0.22759;BUY
2016-02-16T00:43:02.073000;2016-02-16T00:43:02.110000;ffc52408-0d04-4547-a6af-cc09fac47255;399.68;1.73714692;SELL
2016-02-16T00:43:02.073000;2016-02-16T00:43:02.127000;4fdbace9-cf72-4063-a1a9-99d05fb8456f;399.48;0.01;SELL
2016-02-16T00:43:02.073000;2016-02-16T00:43:02.127000;243a2ad6-5c7f-43a1-bd71-4d6f5136f832;399.43;0.1118;SELL
2016-02-16T00:43:02.073000;2016-02-16T00:43:02.127000;f6015081-1f5a-4ee1-909c-e348226fc8b3;399.43;0.417;SELL
2016-02-16T00:43:02.073000;2016-02-16T00:43:02.143000;76f4398d-bc0b-487d-9285-459922624146;399.42;0.12437308;SELL
2016-02-16T00:43:32.133000;2016-02-16T00:43:32.173000;2c93dba9-9233-4922-a473-7dd12803d52f;399.45;0.25;BUY
2016-02-16T00:43:32.133000;2016-02-16T00:43:32.173000;e7942fc0-8ff6-4dba-89ea-a71e20cef934;399.45;0.06187;BUY
2016-02-16T00:43:52.750000;2016-02-16T00:43:52.783000;22c541a5-14ca-48a7-a06c-c7db7bc65f91;399.44;0.07;BUY
2016-02-16T00:44:02.297000;2016-02-16T00:44:02.347000;7b0e4c8d-83d6-4d35-9b81-f15f5620aa75;399.43;0.01;SELL
2016-02-16T00:44:02.297000;2016-02-16T00:44:02.360000;f98a3bdd-ff39-4d2f-ae14-830a639a26aa;399.42;3.03120038;SELL
2016-02-16T00:44:02.297000;2016-02-16T00:44:02.360000;adb1a3a1-b448-455f-9543-110ba63b493e;399.34;2.0;SELL
2016-02-16T00:44:02.297000;2016-02-16T00:44:02.360000;fbb38557-b28b-439b-8d19-d42031b57838;399.33;3.15557346;SELL
2016-02-16T00:44:02.300000;2016-02-16T00:44:02.393000;b25cfe17-ac85-48e7-a078-0426b74ee482;399.32;0.777;SELL
2016-02-16T00:44:02.300000;2016-02-16T00:44:02.393000;ab02b93c-c51c-4e2b-a4d2-0dd394bfebbb;399.29;0.011;SELL
2016-02-16T00:44:02.300000;2016-02-16T00:44:02.393000;dcfa1e0d-b74a-4370-afdb-0a2269c0dd01;399.27;0.751;SELL
2016-02-16T00:44:02.300000;2016-02-16T00:44:02.393000;bdd1454c-656f-475e-8245-7de9efa3ba80;399.26;0.01;SELL
2016-02-16T00:44:02.300000;2016-02-16T00:44:02.393000;f3189264-3d9a-4b38-9899-1f4d9d28314f;399.24;0.011;SELL
2016-02-16T00:44:02.300000;2016-02-16T00:44:02.393000;3a22c704-882b-44ed-856a-bbe7c87daede;399.24;3.15557346;SELL
2016-02-16T00:44:02.300000;2016-02-16T00:44:02.393000;6ae41df7-5b5d-4e3d-bf23-be652de11d4e;399.23;0.011;SELL
2016-02-16T00:44:02.300000;2016-02-16T00:44:02.407000;6e494155-016c-48b2-840b-5c97d48ef30e;399.22;0.011;SELL
2016-02-16T00:44:02.300000;2016-02-16T00:44:02.407000;a718e59d-93db-403f-87bb-2495025d981e;399.22;0.011;SELL
2016-02-16T00:44:02.300000;2016-02-16T00:44:02.423000;be424907-8217-4ce7-b8df-dbf4b2dc7502;399.22;0.746;SELL
2016-02-16T00:44:02.300000;2016-02-16T00:44:02.423000;6240315d-f878-47ec-af81-1c93f3db93d5;399.21;0.011;SELL
2016-02-16T00:44:02.300000;2016-02-16T00:44:02.423000;57d64cbe-1874-46f1-a680-ad9dd83ab47c;399.2;0.011;SELL
2016-02-16T00:44:02.300000;2016-02-16T00:44:02.423000;c198a17b-a279-4cc1-9728-544eb94397d5;399.2;0.011;SELL
2016-02-16T00:44:02.300000;2016-02-16T00:44:02.423000;e568aa06-bd2f-4560-a29d-ea2d19e6bf3b;399.2;0.01169517;SELL
2016-02-16T00:44:02.300000;2016-02-16T00:44:02.423000;90e5d4b5-ef20-473f-b452-cfc8b20e57a3;399.19;0.011;SELL
2016-02-16T00:44:02.300000;2016-02-16T00:44:02.440000;ba8edab3-38f9-4fb4-ab1e-2e462cde6087;399.18;0.011;SELL
2016-02-16T00:44:02.300000;2016-02-16T00:44:02.440000;3cdf63af-9084-4947-86d0-bd2267692d7d;399.18;0.011;SELL
2016-02-16T00:44:02.300000;2016-02-16T00:44:02.440000;e6abd04c-7f04-473f-bc6f-aa4f582842a6;399.18;0.02;SELL
2016-02-16T00:44:02.300000;2016-02-16T00:44:02.440000;78961b53-71a5-4b0c-8157-6cb9232ac3b6;399.17;0.011;SELL
2016-02-16T00:44:02.300000;2016-02-16T00:44:02.440000;33890a77-3706-4fe8-b48f-ef4e5905a439;399.17;0.011;SELL
2016-02-16T00:44:02.300000;2016-02-16T00:44:02.440000;8351bf36-365d-47e4-89dc-4d89e56fb1b6;399.15;3.15557346;SELL
2016-02-16T00:44:02.300000;2016-02-16T00:44:02.440000;a9f692ce-f313-4975-807f-14a0625ebe50;399.13;0.745;SELL
2016-02-16T00:44:02.300000;2016-02-16T00:44:02.440000;904f7cf4-f2c0-4ea9-93ca-3b2338c1c609;399.12;0.01;SELL
2016-02-16T00:44:02.303000;2016-02-16T00:44:02.453000;30409cdb-879a-4656-9f75-7013de5afd6c;399.08;0.773;SELL
2016-02-16T00:44:02.303000;2016-02-16T00:44:02.453000;aa67f966-63a3-4130-92ab-7c64a54e3000;399.06;3.15557346;SELL
2016-02-16T00:44:02.303000;2016-02-16T00:44:02.453000;e3bb85e4-2fff-4a8b-a94f-652ab168b61b;399.04;0.749;SELL
2016-02-16T00:44:02.303000;2016-02-16T00:44:02.453000;7094a27b-6908-4feb-9168-ff14bc32380b;399.03;0.789;SELL
2016-02-16T00:44:02.303000;2016-02-16T00:44:02.453000;62ba77dc-8f67-419d-aef7-8e7de46582e0;399.0;0.01;SELL
2016-02-16T00:44:02.303000;2016-02-16T00:44:02.453000;10796b12-b058-41bb-b495-71181521ea05;399.0;0.01170345;SELL
2016-02-16T00:44:02.303000;2016-02-16T00:44:02.453000;ad2613ea-3e88-49fa-a03a-f29d875a1b8a;398.98;0.51574716;SELL
2016-02-16T00:44:45.573000;2016-02-16T00:44:45.610000;b3074b4e-e5bf-498c-826e-789c931d3ca7;399.17;0.01;SELL
2016-02-16T00:45:32.670000;2016-02-16T00:45:32.703000;2cb1e8c8-7d1c-49e7-8c7d-faec97d2d6bb;399.27;0.25;BUY
2016-02-16T00:45:32.670000;2016-02-16T00:45:32.720000;e9636d26-c0af-4f14-9fc6-667a120b1d9f;399.35;0.011;BUY
2016-02-16T00:45:32.670000;2016-02-16T00:45:32.720000;7065f6c4-32a9-4e38-8b03-8a63c18238b0;399.35;0.011;BUY
2016-02-16T00:45:32.670000;2016-02-16T00:45:32.720000;00423962-b704-46aa-a378-37e4ab928e9d;399.35;0.01;BUY
2016-02-16T00:45:32.670000;2016-02-16T00:45:32.750000;b17e6445-9b3b-49d0-b803-5b594fac1547;399.36;0.011;BUY
2016-02-16T00:45:32.670000;2016-02-16T00:45:32.767000;b8251810-0481-42e1-aaa6-760b902718ed;399.37;0.011;BUY
2016-02-16T00:45:32.670000;2016-02-16T00:45:32.767000;a7b0ea60-dc97-4328-b048-84d560ea8eb0;399.37;0.72;BUY
2016-02-16T00:45:32.670000;2016-02-16T00:45:32.767000;884284cb-9f05-4cee-bbd7-5cbfe0a7537a;399.38;0.011;BUY
2016-02-16T00:45:32.670000;2016-02-16T00:45:32.767000;0a07c251-466f-47b7-8278-1b322d815a5f;399.38;0.011;BUY
2016-02-16T00:45:32.670000;2016-02-16T00:45:32.767000;6e8f9646-e14d-456e-8a4a-e0bf47f6398e;399.38;0.24;BUY
2016-02-16T00:45:32.670000;2016-02-16T00:45:32.767000;aa929376-c16a-43b6-94d6-41fa880666a5;399.39;0.011;BUY
2016-02-16T00:45:32.670000;2016-02-16T00:45:32.767000;144dd536-943b-4714-82c1-16da29ff2746;399.39;0.48;BUY
2016-02-16T00:45:32.670000;2016-02-16T00:45:32.767000;931514cd-e781-4d8c-bd02-979b0ca55371;399.39;0.146;BUY
2016-02-16T00:45:32.670000;2016-02-16T00:45:32.767000;74a53a12-de68-4332-a69b-a252c6adbee9;399.4;0.011;BUY
2016-02-16T00:45:32.670000;2016-02-16T00:45:32.767000;3204970a-29d7-4cba-a747-1a6134c2d13b;399.4;0.11982;BUY
2016-02-16T00:45:53.563000;2016-02-16T00:45:53.597000;f3a8b8d7-2967-458b-b86c-8eec8621ee0f;399.31;0.08;BUY
2016-02-16T00:46:03.220000;2016-02-16T00:46:03.250000;f2a01ac2-42bd-46ee-8f2c-633b2ccb87ec;399.33;0.14143;BUY
2016-02-16T00:46:32.913000;2016-02-16T00:46:32.953000;bb2eaabc-13b7-429f-a46f-98cb1180395b;399.35;0.208;BUY
2016-02-16T00:46:32.913000;2016-02-16T00:46:32.953000;219b40ce-74a0-4324-859d-564108d2a76f;399.4;0.148;BUY
2016-02-16T00:46:32.913000;2016-02-16T00:46:32.953000;081394dd-5672-4001-b05b-0c17730b9aed;399.41;0.011;BUY
2016-02-16T00:46:32.913000;2016-02-16T00:46:32.953000;6e9fccad-5cf4-4509-b1e4-64381df3b8c8;399.41;0.011;BUY
2016-02-16T00:46:32.913000;2016-02-16T00:46:32.970000;68efc272-f67a-4e61-9fa1-2bc15dbeedae;399.41;0.23031;BUY
2016-02-16T00:47:13.143000;2016-02-16T00:47:13.190000;fc1ce238-9973-4b54-98e8-fb637ca611c0;399.42;0.011;BUY
2016-02-16T00:47:13.143000;2016-02-16T00:47:13.190000;873e6b43-76b8-4dcf-ba00-129d3e1a304c;399.42;0.011;BUY
2016-02-16T00:47:13.143000;2016-02-16T00:47:13.190000;739d30cb-197f-4c6f-b366-319e808596f5;399.43;0.01;BUY
2016-02-16T00:47:13.143000;2016-02-16T00:47:13.190000;09a12a61-9458-430d-8164-866ecec6ed0d;399.43;0.011;BUY
2016-02-16T00:47:13.143000;2016-02-16T00:47:13.190000;0461c092-e82a-49b1-936f-ea4fc94d3184;399.44;0.01;BUY
2016-02-16T00:47:13.143000;2016-02-16T00:47:13.203000;ac8c8c92-7421-41df-ac0d-9a9bee37671a;399.49;0.48;BUY
2016-02-16T00:47:13.143000;2016-02-16T00:47:13.203000;ae6eda3c-76be-47dd-8b92-6eba53dd3c51;399.5;0.01170345;BUY
2016-02-16T00:47:13.143000;2016-02-16T00:47:13.203000;dae00c70-2264-4760-ac19-f0463b65a2c1;399.52;0.084;BUY
2016-02-16T00:47:13.143000;2016-02-16T00:47:13.203000;57e0128c-4d98-4164-9670-3458fd54af7a;399.53;0.86667655;BUY
2016-02-16T00:47:41.223000;2016-02-16T00:47:41.250000;d9c79a2c-4b8d-4c23-8812-95d86b0bfe48;399.43;0.0266;BUY
2016-02-16T00:48:02.857000;2016-02-16T00:48:02.893000;ca7258c0-04d2-4ee3-a278-3f1eed415d1a;399.28;0.241;BUY
2016-02-16T00:48:02.857000;2016-02-16T00:48:02.907000;877bad48-bfdb-4a7f-bb1a-375f47fb4b53;399.29;0.36;BUY
2016-02-16T00:48:02.857000;2016-02-16T00:48:02.923000;0713688f-3ba3-46f0-b7b3-bb00b3ba3360;399.3;0.617;BUY
2016-02-16T00:48:02.857000;2016-02-16T00:48:02.923000;48534d63-f58a-4315-91f3-4e1df0f64d70;399.31;0.511;BUY
2016-02-16T00:48:02.857000;2016-02-16T00:48:02.923000;7ae10e00-096a-41e9-ad18-de4f48f2ee36;399.32;0.737;BUY
2016-02-16T00:48:02.857000;2016-02-16T00:48:02.923000;912441ee-b1ed-4d2d-a232-5faefbcf8108;399.33;0.524;BUY
2016-02-16T00:48:02.857000;2016-02-16T00:48:02.923000;3021acb5-1d95-42df-b889-8634836e2984;399.34;0.865;BUY
2016-02-16T00:48:02.857000;2016-02-16T00:48:02.923000;72837b03-dadd-4d1f-bb2c-6252dbf79f34;399.36;0.962;BUY
2016-02-16T00:48:02.857000;2016-02-16T00:48:02.940000;d945efb4-16ea-4961-82bb-aabd07e8a467;399.37;0.637;BUY
2016-02-16T00:48:02.857000;2016-02-16T00:48:02.940000;1a302cb5-de1b-414b-b7f4-9bb95b03974c;399.38;0.834;BUY
2016-02-16T00:48:02.860000;2016-02-16T00:48:02.940000;fb49c1be-2900-499e-8ba7-24bcf22c9b45;399.39;0.581;BUY
2016-02-16T00:48:02.860000;2016-02-16T00:48:02.953000;da5f228a-4754-4e94-931b-4797eb8261e3;399.4;0.732;BUY
2016-02-16T00:48:02.860000;2016-02-16T00:48:02.953000;7ff7610a-29fc-4e11-a993-53949a6c8b7c;399.42;0.576;BUY
2016-02-16T00:48:02.860000;2016-02-16T00:48:02.953000;43558543-f0b5-4aaa-9c6d-dc6aaa18cbb9;399.44;0.178;BUY
2016-02-16T00:48:02.860000;2016-02-16T00:48:02.953000;4751d27a-946d-4c9c-a934-25cb0f27bcdc;399.49;0.18455;BUY
2016-02-16T00:48:19.647000;2016-02-16T00:48:19.673000;59533650-3007-42e8-879c-835a0a658dd8;399.28;0.071;SELL
2016-02-16T00:48:19.647000;2016-02-16T00:48:19.690000;7dcc4b53-6b99-4ae9-8c88-0ba92da8fe81;399.27;0.124;SELL
2016-02-16T00:48:19.647000;2016-02-16T00:48:19.690000;fde97527-8ab8-443b-a861-fb4d80f01913;399.26;0.094;SELL
2016-02-16T00:48:19.647000;2016-02-16T00:48:19.690000;113908fd-622d-4e93-b5f3-e825ac7affc9;399.25;0.124;SELL
2016-02-16T00:48:19.647000;2016-02-16T00:48:19.690000;5ab52eee-288d-442f-b0a6-e592f1873b18;399.24;0.011;SELL
2016-02-16T00:48:19.647000;2016-02-16T00:48:19.720000;164f8186-7442-4e45-a0d8-a183a9465ff8;399.24;0.123;SELL
2016-02-16T00:48:19.647000;2016-02-16T00:48:19.720000;1dc95cc4-0a5a-4668-b478-708cc9a25931;399.22;0.011;SELL
2016-02-16T00:48:19.647000;2016-02-16T00:48:19.720000;31e7bf17-63b6-4c56-9249-ba3df80c9298;399.22;0.011;SELL
2016-02-16T00:48:19.647000;2016-02-16T00:48:19.720000;28824223-47bd-4637-bd12-04d727e9ed90;399.21;0.086;SELL
2016-02-16T00:48:19.650000;2016-02-16T00:48:19.720000;388cb550-4dda-47ac-9847-f6c6dde33e8b;399.2;0.101;SELL
2016-02-16T00:48:19.650000;2016-02-16T00:48:19.720000;d2db9c15-1a11-42d8-9674-4a2a3a1dbf3d;399.16;0.093;SELL
2016-02-16T00:48:19.650000;2016-02-16T00:48:19.720000;7c1d6f0b-e651-40a7-a2ba-2b4240942c55;399.15;0.011;SELL
2016-02-16T00:48:19.650000;2016-02-16T00:48:19.720000;b9a91adf-91ee-4004-990d-b55d3f927a0c;399.14;0.011;SELL
2016-02-16T00:48:19.650000;2016-02-16T00:48:19.737000;4e952a29-5232-47bf-9ffd-6f1a0e5c5c54;399.11;0.011;SELL
2016-02-16T00:48:19.650000;2016-02-16T00:48:19.737000;62f0b56d-c81c-4052-9e97-d8b50c3996e4;399.1;0.011;SELL
2016-02-16T00:48:19.650000;2016-02-16T00:48:19.737000;df18eb61-b0f9-4165-9172-bc912cc198e5;399.1;0.01;SELL
2016-02-16T00:48:19.650000;2016-02-16T00:48:19.737000;da1af1c1-9655-41d2-aab0-fb737dd264fc;399.09;0.011;SELL
2016-02-16T00:48:19.650000;2016-02-16T00:48:19.737000;a272c8a8-0b76-4476-93f4-9df56e3c612c;399.09;0.011;SELL
2016-02-16T00:48:19.650000;2016-02-16T00:48:19.737000;dc58927a-5d5b-48a0-9c24-576667d4aea4;399.08;0.011;SELL
2016-02-16T00:48:19.650000;2016-02-16T00:48:19.750000;0f0eb1aa-7aec-46bd-b34e-7ec33f99b9d2;399.07;0.011;SELL
2016-02-16T00:48:19.650000;2016-02-16T00:48:19.750000;011880e6-5cbc-46e9-9c3d-7a798eef7fbf;399.07;0.053;SELL
2016-02-16T00:48:22.630000;2016-02-16T00:48:22.657000;1348c039-5195-43ff-aa19-b16c25e4c023;399.15;0.01;SELL
2016-02-16T00:48:22.630000;2016-02-16T00:48:22.673000;65d83846-e8d6-4f57-bae9-4171a32a347b;399.14;0.081;SELL
2016-02-16T00:48:22.630000;2016-02-16T00:48:22.690000;c0419cf9-311d-4fde-8ee7-0e13cc8deceb;399.13;0.01;SELL
2016-02-16T00:48:22.630000;2016-02-16T00:48:22.690000;5a60af39-5220-412f-8fe5-de3261ddb933;399.13;0.117;SELL
2016-02-16T00:48:22.630000;2016-02-16T00:48:22.690000;bb017cd4-c012-4fd1-8234-e3e892aa3f09;399.06;0.011;SELL
2016-02-16T00:48:22.630000;2016-02-16T00:48:22.690000;deaa416c-0a5f-46a9-a27c-98c70c7f95b7;399.06;0.011;SELL
2016-02-16T00:48:22.630000;2016-02-16T00:48:22.690000;e8feef66-27da-4124-a902-11af66caf3f1;399.04;0.083;SELL
2016-02-16T00:48:22.630000;2016-02-16T00:48:22.690000;f1e9a16b-9482-4276-89d8-36466245c4fd;399.02;0.106;SELL
2016-02-16T00:48:22.630000;2016-02-16T00:48:22.690000;c9bc672b-a051-4dc2-a11a-53692ad0ab65;399.01;0.24;SELL
2016-02-16T00:48:22.630000;2016-02-16T00:48:22.703000;5f92dd18-83fe-417e-83bc-a77f8f030968;399.0;0.0117077;SELL
2016-02-16T00:48:22.630000;2016-02-16T00:48:22.720000;3aa455a6-0c49-42c2-9741-ab121c7b3009;399.0;0.24;SELL
2016-02-16T00:48:22.630000;2016-02-16T00:48:22.720000;6eb10e6d-77c1-4dc2-92e3-b2de7c7633bb;398.99;0.077;SELL
2016-02-16T00:48:22.630000;2016-02-16T00:48:22.720000;600d8950-2f6e-4113-9b28-6d4edb8ae302;398.99;0.0022923;SELL
2016-02-16T00:48:24.677000;2016-02-16T00:48:24.737000;ee7c58e9-4184-4bb6-8742-e5502e645213;398.99;0.4777077;SELL
2016-02-16T00:48:24.677000;2016-02-16T00:48:24.737000;5472d51b-5334-481a-834a-cffb853c1987;398.98;0.5222923;SELL
2016-02-16T00:48:27.660000;2016-02-16T00:48:27.690000;13745df0-c9fc-4c26-b63f-e0481856b645;399.01;0.01;SELL
2016-02-16T00:48:27.660000;2016-02-16T00:48:27.703000;2352bee9-569d-47d1-b38b-e641bd74add1;399.01;0.48;SELL
2016-02-16T00:48:27.660000;2016-02-16T00:48:27.720000;7fef5020-0515-4347-9e47-af5bab0898ab;399.0;0.515;SELL
2016-02-16T00:48:27.660000;2016-02-16T00:48:27.720000;a8f52e52-5632-493a-864b-8c00b47f53d1;398.99;0.72;SELL
2016-02-16T00:48:27.660000;2016-02-16T00:48:27.720000;d3b6ffbd-52ba-43f3-b097-101d76dbecc2;398.98;1.275;SELL
2016-02-16T00:48:33.823000;2016-02-16T00:48:33.847000;857afd9b-6693-4ad8-b0d3-df9ae7e0e83e;399.01;0.24;SELL
2016-02-16T00:48:33.823000;2016-02-16T00:48:33.860000;c839e41f-c183-4cb7-b381-16910c4f7fce;399.0;0.283;SELL
2016-02-16T00:48:33.823000;2016-02-16T00:48:33.877000;0e0e9f5e-6b1c-49bb-8616-a4947c1fcf37;398.99;0.48;SELL
2016-02-16T00:48:33.823000;2016-02-16T00:48:33.877000;97e09b83-4111-4506-8070-1cd6db843fec;398.98;0.907;SELL
2016-02-16T00:48:33.823000;2016-02-16T00:48:33.877000;fefe6859-3fa1-4463-a8b8-9b0193cb2072;398.97;1.09;SELL
2016-02-16T00:48:36.300000;2016-02-16T00:48:36.330000;f7a82d47-3684-412c-b173-fa5319a699ae;398.98;0.536;SELL
2016-02-16T00:48:36.300000;2016-02-16T00:48:36.347000;b84cfe0f-c8a9-480c-b734-80143381ca37;398.98;0.24;SELL
2016-02-16T00:48:36.300000;2016-02-16T00:48:36.347000;2afbab12-593c-4b18-9156-94fbc47b19da;398.97;1.224;SELL
2016-02-16T00:48:39.077000;2016-02-16T00:48:39.097000;e3ac22ce-cea6-42da-8382-83634220eed0;398.97;0.84157346;SELL
2016-02-16T00:48:39.077000;2016-02-16T00:48:39.110000;f4a545a6-4646-401b-944f-895bca9ea47b;398.97;0.15842654;SELL
2016-02-16T00:48:42.323000;2016-02-16T00:48:42.347000;2002791c-94bb-4503-a053-c05b168df60d;398.9;0.017;SELL
2016-02-16T00:48:42.323000;2016-02-16T00:48:42.347000;52f53335-7f2d-427f-8465-ee470c3d5296;398.9;0.09;SELL
2016-02-16T00:48:42.323000;2016-02-16T00:48:42.360000;2706bf8b-7864-498a-8a43-518c3e470b9e;398.88;0.01;SELL
2016-02-16T00:48:42.323000;2016-02-16T00:48:42.377000;112d9352-56d3-43c9-9c15-35778fbc2c30;398.86;0.72;SELL
2016-02-16T00:48:42.323000;2016-02-16T00:48:42.377000;fcd767d0-c242-4f32-8383-789735ec4847;398.85;0.017;SELL
2016-02-16T00:48:42.323000;2016-02-16T00:48:42.377000;c0b2454c-a16a-4348-bc1c-0baa4b80d7ff;398.85;0.088;SELL
2016-02-16T00:48:42.323000;2016-02-16T00:48:42.377000;f35422fc-dc80-4a2b-9222-ffaa752c93bc;398.83;0.72;SELL
2016-02-16T00:48:42.323000;2016-02-16T00:48:42.377000;a394747b-8634-466b-af46-fa8f5e59588d;398.82;0.017;SELL
2016-02-16T00:48:42.323000;2016-02-16T00:48:42.377000;6c5f25c7-16a5-4e8b-9794-e968cdfc63bb;398.82;1.321;SELL
2016-02-16T00:48:50.650000;2016-02-16T00:48:50.690000;a542870a-7e97-4c3e-9214-a31d8dc66cff;398.86;0.24;SELL
2016-02-16T00:48:50.650000;2016-02-16T00:48:50.690000;1801e342-cfc1-4667-9e66-93875e8b3b3d;398.85;0.111;SELL
2016-02-16T00:48:50.650000;2016-02-16T00:48:50.720000;f492d17d-59e5-48f4-bccb-cebcda22121f;398.83;0.24;SELL
2016-02-16T00:48:50.650000;2016-02-16T00:48:50.720000;ff87eac5-d9b7-4e94-bcdf-fec335f3d223;398.82;0.409;SELL
2016-02-16T00:49:02.327000;2016-02-16T00:49:02.347000;29130f49-5a48-4520-9f1d-faf6b1eb49f9;399.18;0.24;BUY
2016-02-16T00:49:02.327000;2016-02-16T00:49:02.360000;c88b6787-85b5-4665-a11f-09c816a8ab43;399.19;0.05;BUY
2016-02-16T00:49:02.327000;2016-02-16T00:49:02.377000;bff4c16a-9d8a-486f-94c4-2a3761753da2;399.21;0.01;BUY
2016-02-16T00:49:02.327000;2016-02-16T00:49:02.377000;e64aad0e-99cb-4c97-9f30-17d9eb72263d;399.24;0.19951;BUY
2016-02-16T00:49:32.373000;2016-02-16T00:49:32.393000;cd18a3ef-5449-4647-a352-02dc110f8b4d;399.25;0.01;BUY
2016-02-16T00:49:32.373000;2016-02-16T00:49:32.407000;55f4b214-14d3-454e-b2d6-0627e8d4f845;399.26;0.011;BUY
2016-02-16T00:49:32.373000;2016-02-16T00:49:32.423000;1e8dede6-cb9b-4f1e-af79-e18440999f47;399.26;0.011;BUY
2016-02-16T00:49:32.373000;2016-02-16T00:49:32.423000;5f416d67-34d1-49d1-b43f-b29401447965;399.27;0.011;BUY
2016-02-16T00:49:32.373000;2016-02-16T00:49:32.423000;3ccb4a49-1b5f-4f86-a367-f5ac188a7ae7;399.28;0.011;BUY
2016-02-16T00:49:32.373000;2016-02-16T00:49:32.423000;4b5d549a-6e23-48af-939a-9a02268cf64c;399.29;0.011;BUY
2016-02-16T00:49:32.373000;2016-02-16T00:49:32.423000;cc757ac0-3e4b-4acd-93a7-65fa3fce6d06;399.29;0.011;BUY
2016-02-16T00:49:32.373000;2016-02-16T00:49:32.423000;a174b39d-77d3-45e7-9eda-5c3286d37bb4;399.3;0.011;BUY
2016-02-16T00:49:32.373000;2016-02-16T00:49:32.423000;6cfebae3-216f-436b-be13-b4c4ae94b9e6;399.31;0.011;BUY
2016-02-16T00:49:32.373000;2016-02-16T00:49:32.440000;640ad9d7-65b2-4a23-b3f2-087f315f27f9;399.31;0.01;BUY
2016-02-16T00:49:32.373000;2016-02-16T00:49:32.453000;28a7378c-fe1d-47f7-a8e1-dd027add79c0;399.32;0.011;BUY
2016-02-16T00:49:32.373000;2016-02-16T00:49:32.453000;762f172c-0ada-4917-9f25-16ba78a067c5;399.32;0.011;BUY
2016-02-16T00:49:32.373000;2016-02-16T00:49:32.453000;f3618cbc-a13c-41e7-aabc-9009f104adc7;399.33;0.011;BUY
2016-02-16T00:49:32.373000;2016-02-16T00:49:32.453000;7562f310-3516-480d-9af2-f86310f695fa;399.33;0.011;BUY
2016-02-16T00:49:32.373000;2016-02-16T00:49:32.453000;2e2e0479-a294-41ab-a439-b75c4314f75e;399.33;0.01;BUY
2016-02-16T00:49:32.373000;2016-02-16T00:49:32.470000;6e86c937-d1b7-4732-abb3-74781cb0a5a3;399.34;0.01;BUY
2016-02-16T00:49:32.373000;2016-02-16T00:49:32.470000;14cf2492-9b91-439c-a093-6bbf27436024;399.34;0.011;BUY
2016-02-16T00:49:32.377000;2016-02-16T00:49:32.470000;99a1052e-a718-4488-92ad-ce748ccff977;399.47;0.06513;BUY
2016-02-16T00:50:02.730000;2016-02-16T00:50:02.753000;3b14d0c7-6dfb-4b22-9e58-2d89cde6e79e;399.5;0.0117077;BUY
2016-02-16T00:50:02.730000;2016-02-16T00:50:02.767000;73dd25e6-d9e3-45ef-805b-d99ce300c3f0;399.5;0.1207423;BUY
2016-02-16T00:50:25.503000;2016-02-16T00:50:25.517000;67f4ae18-c3d4-4c93-85b0-22ded1a24bfa;399.3;0.72;SELL
2016-02-16T00:50:25.503000;2016-02-16T00:50:25.563000;556aa2ff-f322-453e-97aa-d685f101da9e;399.29;0.72;SELL
2016-02-16T00:50:25.503000;2016-02-16T00:50:25.563000;6226bdec-0054-4d68-bf91-113b8775c4b0;399.29;0.01;SELL
2016-02-16T00:50:25.503000;2016-02-16T00:50:25.563000;a9092c47-9915-4fb5-a1fb-21b9d870a7ed;399.28;0.099;SELL
2016-02-16T00:50:25.503000;2016-02-16T00:50:25.563000;cfd5adbd-833e-4ce3-947a-fcc15c32e028;399.21;0.09725067;SELL
2016-02-16T00:50:58.587000;2016-02-16T00:50:58.627000;53f0471b-d57c-4b5b-a397-dc83a9d94703;399.61;0.01;BUY
2016-02-16T00:50:58.590000;2016-02-16T00:50:58.627000;81990856-5792-4278-acfc-c219898acaaa;399.68;0.01;BUY
2016-02-16T00:50:58.590000;2016-02-16T00:50:58.627000;c1c61e6e-600d-4831-8f08-d696b57527ab;399.7;0.01169517;BUY
2016-02-16T00:50:58.590000;2016-02-16T00:50:58.627000;5fa99976-4d5e-4ecb-993f-460bada685ee;399.73;0.24;BUY
2016-02-16T00:50:58.590000;2016-02-16T00:50:58.643000;3f253ce9-e82b-484f-b597-07a825ca1751;399.74;0.01;BUY
2016-02-16T00:50:58.590000;2016-02-16T00:50:58.643000;62cdcae0-745b-4e0e-bbb3-10195c452f78;399.74;0.15510483;BUY
2016-02-16T00:50:58.977000;2016-02-16T00:50:59.003000;92cb30b9-c661-42df-b315-17c2fb3e09da;399.74;0.31722;BUY
2016-02-16T00:50:59.097000;2016-02-16T00:50:59.127000;62c8a210-bb54-496f-b435-b23ff8e77ad7;399.74;0.00767517;BUY
2016-02-16T00:50:59.097000;2016-02-16T00:50:59.127000;b801c1d8-5ff3-49c2-a5ca-669b59de7677;399.75;0.01;BUY
2016-02-16T00:50:59.097000;2016-02-16T00:50:59.127000;79016ae9-4d0d-4e64-8b7b-39c0d1e35637;399.75;0.1118;BUY
2016-02-16T00:50:59.097000;2016-02-16T00:50:59.143000;1c2f0a37-b99c-4794-a799-98090bd9a855;399.77;0.06252483;BUY
2016-02-16T00:50:59.387000;2016-02-16T00:50:59.423000;13d58f26-bcec-4885-bcae-05ce938bd665;399.76;0.25;BUY
2016-02-16T00:50:59.387000;2016-02-16T00:50:59.423000;83f73234-0749-45a5-885c-ad8da4b67cc2;399.77;0.038;BUY
2016-02-16T00:50:59.720000;2016-02-16T00:50:59.737000;55648468-8513-4de0-80ff-39d82352accc;399.76;0.0288;BUY
2016-02-16T00:50:59.737000;2016-02-16T00:50:59.767000;f6ad5b07-e64f-46cc-9f1a-11d9a9b22e9e;399.76;0.143;BUY
2016-02-16T00:50:59.833000;2016-02-16T00:50:59.877000;7873d281-4005-4b06-b8e7-5ee04b37bea8;399.76;0.0782;BUY
2016-02-16T00:50:59.833000;2016-02-16T00:50:59.877000;ab0152cf-84bb-4baf-a251-60e230aad9ba;399.84;0.4418;BUY
2016-02-16T00:51:00.097000;2016-02-16T00:51:00.127000;d8c217f0-b84c-4a7b-a4ef-a118f98c4617;399.75;0.14;BUY
2016-02-16T00:51:00.417000;2016-02-16T00:51:00.453000;29f630ea-836f-4432-83ce-f7a136a822b5;399.79;0.17439;BUY
2016-02-16T00:51:01.160000;2016-02-16T00:51:01.173000;244c211e-77f3-4aa6-899b-dcc0b9b8b750;399.79;2.4;BUY
2016-02-16T00:51:01.160000;2016-02-16T00:51:01.190000;0961ec7a-4f8a-4046-94c5-9c09a65638a6;399.8;0.886;BUY
2016-02-16T00:51:01.160000;2016-02-16T00:51:01.190000;1bd6e16d-2eca-430b-a254-463b6eb47dc3;399.85;1.036;BUY
2016-02-16T00:51:01.160000;2016-02-16T00:51:01.190000;8df560d5-dacd-445e-a9eb-fae30cefcaa4;399.88;1.86917;BUY
2016-02-16T00:51:02.480000;2016-02-16T00:51:02.503000;04b8585f-200a-4eec-8209-e033e7105ff2;399.37;0.772;SELL
2016-02-16T00:51:02.480000;2016-02-16T00:51:02.517000;cc3e44d4-cc1e-40a8-91d7-85dd7fbb9562;399.36;3.12;SELL
2016-02-16T00:51:02.480000;2016-02-16T00:51:02.533000;5bf60ff2-136b-494f-addb-b3f80dca674a;399.35;0.883;SELL
2016-02-16T00:51:02.480000;2016-02-16T00:51:02.533000;a2bc9c7f-7c76-48dd-9349-8b705b611167;399.35;0.01;SELL
2016-02-16T00:51:02.480000;2016-02-16T00:51:02.533000;698f6969-4679-425e-a50f-7da1b86cdb12;399.35;0.01;SELL
2016-02-16T00:51:02.480000;2016-02-16T00:51:02.533000;5c317813-430e-4916-a681-2ccde19b3e7a;399.35;0.01;SELL
2016-02-16T00:51:02.480000;2016-02-16T00:51:02.533000;4b21fc20-eb7f-4758-b498-5ec97d5f1356;399.34;2.4;SELL
2016-02-16T00:51:02.480000;2016-02-16T00:51:02.550000;f66dc31e-e9e1-42f5-9b00-c44c97b638f8;399.33;0.926;SELL
2016-02-16T00:51:02.480000;2016-02-16T00:51:02.550000;63b2c94f-9c44-48b4-86a7-56e180c73254;399.33;1.92;SELL
2016-02-16T00:51:02.480000;2016-02-16T00:51:02.550000;519bd69d-1cd0-412b-bcda-09e71aeca874;399.3;1.92;SELL
2016-02-16T00:51:02.480000;2016-02-16T00:51:02.550000;7d5b9ff5-1dda-405b-bab2-d4193b95de5e;399.29;0.503;SELL
2016-02-16T00:51:02.483000;2016-02-16T00:51:02.563000;ae5f0a67-a6b8-491d-a6da-a61181d1cefb;399.25;2.4;SELL
2016-02-16T00:51:02.483000;2016-02-16T00:51:02.563000;b55b00ca-e1a5-45ab-9c96-4bbacd943ec4;399.24;0.408;SELL
2016-02-16T00:51:02.483000;2016-02-16T00:51:02.563000;8f630b8a-8d12-4c26-bfc3-73dfe1b6af63;399.23;0.57045;SELL
2016-02-16T00:51:33.573000;2016-02-16T00:51:33.610000;8c093fab-407b-4533-a275-287e43d7b6ef;399.44;0.72;BUY
2016-02-16T00:51:33.573000;2016-02-16T00:51:33.610000;2e87256b-9e2c-4c68-bc90-f497223b1f67;399.45;0.65696;BUY
2016-02-16T00:52:32.580000;2016-02-16T00:52:32.597000;ed6d1879-5d52-4a0d-8efc-3fb3285975ed;399.51;0.70258;BUY
2016-02-16T00:53:33.623000;2016-02-16T00:53:33.643000;f76161cd-6fae-4849-92b5-9fa15634dfb3;399.51;0.24;BUY
2016-02-16T00:53:33.623000;2016-02-16T00:53:33.690000;6e2cf7f3-e43d-437a-afa9-f55bf810593f;399.52;0.272;BUY
2016-02-16T00:53:33.623000;2016-02-16T00:53:33.690000;6ee33e2a-ffe2-442b-9c90-a3d940d3d5fc;399.57;0.281;BUY
2016-02-16T00:53:33.623000;2016-02-16T00:53:33.690000;9593ab00-f351-4cdf-b1fd-857f2d4a2238;399.61;0.48;BUY
2016-02-16T00:53:33.623000;2016-02-16T00:53:33.690000;7ff845e6-89c0-4c01-97a1-1e7441e6287b;399.62;0.263;BUY
2016-02-16T00:53:33.623000;2016-02-16T00:53:33.703000;a3eb0920-8918-4a7b-a6ce-c519590def5d;399.65;0.96;BUY
2016-02-16T00:53:33.623000;2016-02-16T00:53:33.703000;7cf0e125-eb1e-4b70-8ec3-876f8b2b425a;399.66;0.229;BUY
2016-02-16T00:53:33.623000;2016-02-16T00:53:33.703000;670a71ea-dc45-45d4-8c09-5b317f88bdc8;399.66;0.96;BUY
2016-02-16T00:53:33.623000;2016-02-16T00:53:33.703000;5ad008c0-b38b-4400-85b8-3508c93fefc1;399.67;0.268;BUY
2016-02-16T00:53:33.623000;2016-02-16T00:53:33.703000;a0e909ec-4bdc-4b87-b4c0-2a2b6e8a35c6;399.74;2.4;BUY
2016-02-16T00:53:33.623000;2016-02-16T00:53:33.720000;5e8d51b0-c1f2-4816-a120-0df9933e3dc1;399.75;0.183;BUY
2016-02-16T00:53:33.623000;2016-02-16T00:53:33.720000;4a6935e6-7963-471c-b72d-1e4a0f59cc0e;399.82;3.36;BUY
2016-02-16T00:53:33.623000;2016-02-16T00:53:33.720000;0d20f343-316d-4e51-979a-75feb3f4c2ec;399.84;1.68;BUY
2016-02-16T00:53:33.623000;2016-02-16T00:53:33.720000;63d18bb1-8c76-448f-a875-39a5c00f4d52;399.85;0.01;BUY
2016-02-16T00:53:33.623000;2016-02-16T00:53:33.753000;ddf9cdd4-d016-492d-9823-b70b703666ef;399.88;0.25145;BUY
2016-02-16T00:54:03.337000;2016-02-16T00:54:03.347000;9c6bded3-c383-4ca8-858d-17d870c8e70b;399.62;0.05073;BUY
2016-02-16T00:54:04.607000;2016-02-16T00:54:04.610000;960cfc18-c3c4-4484-980a-30e6c758accd;399.62;0.12;BUY
2016-02-16T00:55:02.023000;2016-02-16T00:55:02.033000;5c64167b-62d2-460d-9783-b503f1f22e7f;399.55;0.01;SELL
2016-02-16T00:55:02.023000;2016-02-16T00:55:02.050000;bad7b9b4-7798-4a95-b9a5-6e601be4925c;399.4;0.08;SELL
2016-02-16T00:55:02.023000;2016-02-16T00:55:02.050000;2c5810d9-0f25-4b3d-add6-6ff4fa7be3c5;399.35;0.108;SELL
2016-02-16T00:55:02.023000;2016-02-16T00:55:02.063000;baeae94f-02c0-4b4c-a36e-2f54dea66d6d;399.31;0.01;SELL
2016-02-16T00:55:02.023000;2016-02-16T00:55:02.063000;2d1a1354-9cde-45d2-8c6f-3a3bfda73746;399.3;0.074;SELL
2016-02-16T00:55:02.023000;2016-02-16T00:55:02.063000;b0baa0c7-6873-4326-b4b4-efae252e6d20;399.26;0.24;SELL
2016-02-16T00:55:02.023000;2016-02-16T00:55:02.063000;6e2cccff-2a51-499c-8411-e08957eff863;399.25;0.073;SELL
2016-02-16T00:55:02.023000;2016-02-16T00:55:02.063000;f468a7b9-489f-4f1d-afb3-4c75ed01a8c6;399.21;0.27033;SELL
2016-02-16T00:55:31.800000;2016-02-16T00:55:31.830000;b1df5194-23f3-44dd-bbc0-3cea9e2f0fce;399.55;0.115;BUY
2016-02-16T00:55:31.800000;2016-02-16T00:55:31.830000;4395b70d-95ee-4858-aa17-73f6812550af;399.56;0.01;BUY
2016-02-16T00:55:31.800000;2016-02-16T00:55:31.847000;3115f199-c78f-4df5-bd94-35831fea57c4;399.6;0.078;BUY
2016-02-16T00:55:31.800000;2016-02-16T00:55:31.847000;20b736ab-bc9b-4acd-bb14-2645003cbfde;399.64;0.09745;BUY
2016-02-16T00:55:54.007000;2016-02-16T00:55:54.017000;c3e27b1b-9f8f-436e-8986-94e7f37e7699;399.6;0.185;BUY
2016-02-16T00:55:54.007000;2016-02-16T00:55:54.050000;31edad6e-e293-412b-b0b0-782bed13015e;399.64;0.115;BUY
2016-02-16T00:56:01.653000;2016-02-16T00:56:01.673000;5e2b4614-cb67-4fb8-adcd-17066eb71935;399.62;0.241;BUY
2016-02-16T00:56:01.653000;2016-02-16T00:56:01.690000;0aa817b9-b765-483d-bb07-f0f06352a767;399.62;0.24;BUY
2016-02-16T00:56:01.653000;2016-02-16T00:56:01.690000;0d1ed43b-77e0-40e9-aa8b-35277880796d;399.63;0.247;BUY
2016-02-16T00:56:01.653000;2016-02-16T00:56:01.690000;d4707c21-8ccd-477f-9cbe-8462cedd98a7;399.67;0.79802;BUY
2016-02-16T00:56:31.853000;2016-02-16T00:56:31.860000;8cd2a943-2275-4013-ac84-735b97732ee4;399.58;0.17;BUY
2016-02-16T00:56:31.853000;2016-02-16T00:56:31.877000;1a6a5b6f-912c-498e-a283-b749d3269d77;399.62;0.24;BUY
2016-02-16T00:56:31.853000;2016-02-16T00:56:31.893000;0b08c0c4-63a2-47f8-9731-2a04ffa9ba6e;399.63;0.192;BUY
2016-02-16T00:56:31.853000;2016-02-16T00:56:31.893000;c8412801-d802-4c23-871b-2c01021275d5;399.67;0.96;BUY
2016-02-16T00:56:31.853000;2016-02-16T00:56:31.893000;678863fa-a81a-43b8-ba4b-23fedd3ce20c;399.68;0.11249;BUY
2016-02-16T00:57:03.040000;2016-02-16T00:57:03.050000;2622f460-4a27-4980-837f-0846b262b42e;399.54;0.07459;BUY
2016-02-16T00:57:12.447000;2016-02-16T00:57:12.513000;20b6f6c5-edd1-4600-aaa8-34e8392cfa31;399.58;0.1443117;BUY
2016-02-16T00:57:31.677000;2016-02-16T00:57:31.730000;2fc36ad6-b7a6-4a44-8fc8-fa8414757c1d;399.63;0.32081;BUY
2016-02-16T00:58:07.687000;2016-02-16T00:58:07.763000;48d64ef6-8983-4b23-9695-24ca86cac0c6;399.73;0.01;BUY
2016-02-16T00:58:31.980000;2016-02-16T00:58:32.043000;5d98d7d4-bd39-4b80-b235-add684ca09e8;399.83;0.598;BUY
2016-02-16T00:58:31.980000;2016-02-16T00:58:32.060000;a7d501d9-dc70-4e24-8a0f-05244ee905d8;399.84;0.59;BUY
2016-02-16T00:58:31.980000;2016-02-16T00:58:32.073000;0dd2a44b-d60e-4197-92e6-148dac4a5adb;399.85;0.609;BUY
2016-02-16T00:58:31.980000;2016-02-16T00:58:32.073000;d8599f2b-f4bf-4a55-a756-c132d75f2339;399.86;0.62;BUY
2016-02-16T00:58:31.980000;2016-02-16T00:58:32.073000;b437085f-c87c-49bb-b535-4d03873b4c2a;399.87;0.65122;BUY
2016-02-16T00:58:59.437000;2016-02-16T00:58:59.497000;2e4011ad-96dd-496b-8d88-90a1d36e65bb;399.83;0.01;SELL
2016-02-16T00:59:02.233000;2016-02-16T00:59:02.277000;e3b0a065-7014-4bf5-a3df-0620977a17db;399.85;0.48;SELL
2016-02-16T00:59:02.233000;2016-02-16T00:59:02.293000;5ad23939-f29a-4538-a9ba-8f7719dad2e3;399.84;0.273;SELL
2016-02-16T00:59:02.233000;2016-02-16T00:59:02.293000;10491071-cdc1-4992-a4dc-4b79807ce1cb;399.84;0.02013;SELL
2016-02-16T00:59:31.697000;2016-02-16T00:59:31.747000;dca42048-aef4-49e7-972d-1ebd3c1e76a0;399.89;0.01;BUY
2016-02-16T00:59:31.697000;2016-02-16T00:59:31.747000;8be39812-4edb-416e-8383-561620d52994;399.9;0.01169362;BUY
2016-02-16T00:59:31.697000;2016-02-16T00:59:31.777000;b07527d7-40bb-49d7-9de3-ccc0f43f2859;399.97;0.01;BUY
2016-02-16T00:59:31.697000;2016-02-16T00:59:31.793000;b241510b-b99b-4928-9635-629e7c700bd1;400.0;0.01;BUY
2016-02-16T00:59:31.697000;2016-02-16T00:59:31.793000;6849f82d-9cc7-4c1c-bce5-a397eedb4e8e;400.01;0.28410638;BUY
2016-02-16T01:03:53.277000;2016-02-16T01:03:53.323000;7667fdee-b959-4ea8-8136-7da081bee9c7;400.01;8.104e-05;BUY
2016-02-16T01:04:20.217000;2016-02-16T01:04:20.247000;c0cd98ae-63d3-4e09-bb6d-de6c6ea4e4cd;400.01;0.21;BUY
2016-02-16T01:04:23.773000;2016-02-16T01:04:23.823000;f1774045-7be6-4a8e-be82-1579c7c9a514;400.0;0.5;SELL
2016-02-16T01:04:49.427000;2016-02-16T01:04:49.467000;b9fedaa4-1600-4b86-9d14-b186d8630596;399.96;0.01;SELL
2016-02-16T01:04:49.430000;2016-02-16T01:04:49.480000;974c27e2-befb-4abc-b5e8-7344cda8dda4;399.7;0.01;SELL
2016-02-16T01:04:49.430000;2016-02-16T01:04:49.513000;665a2a0c-1444-42a9-a355-d710a3604e95;399.56;0.139;SELL
2016-02-16T01:04:49.430000;2016-02-16T01:04:49.513000;f2bf42d1-95c4-46f2-983e-aac5b82b699e;399.51;0.124;SELL
2016-02-16T01:04:49.430000;2016-02-16T01:04:49.513000;0033c9f9-6e4c-4466-bba2-978951a8a1a6;399.5;0.01;SELL
2016-02-16T01:04:49.430000;2016-02-16T01:04:49.513000;8fa53e19-d3d3-44c5-99db-a732cf4693ee;399.47;0.01;SELL
2016-02-16T01:04:49.430000;2016-02-16T01:04:49.513000;27b08908-d2db-4105-8eef-eb1fe36cb7ec;399.46;0.108;SELL
2016-02-16T01:04:49.430000;2016-02-16T01:04:49.513000;9b885343-d33b-422a-8190-0e8e308b5265;399.45;0.011;SELL
2016-02-16T01:04:49.430000;2016-02-16T01:04:49.513000;ca362543-c481-4914-8e36-d21518fde04f;399.44;0.011;SELL
2016-02-16T01:04:49.430000;2016-02-16T01:04:49.513000;8792a83d-f469-4e75-b11f-6f79a2357b48;399.44;0.011;SELL
2016-02-16T01:04:49.430000;2016-02-16T01:04:49.527000;9498b431-f36f-4c76-a446-fdb1ae168fac;399.44;0.01;SELL
2016-02-16T01:04:49.430000;2016-02-16T01:04:49.527000;f4809ad9-0170-4471-81c2-65a0937d383f;399.43;0.011;SELL
2016-02-16T01:04:49.430000;2016-02-16T01:04:49.527000;b26e01c3-57e5-47cc-b652-20cbcf7fe366;399.42;0.011;SELL
2016-02-16T01:04:49.430000;2016-02-16T01:04:49.527000;93c4ae09-cabc-444b-9504-59f8615de83a;399.41;0.009;SELL
2016-02-16T01:05:03.620000;2016-02-16T01:05:03.653000;ea98339a-9d3e-4d61-b932-1bf2b3ea38ed;399.49;0.01;SELL
2016-02-16T01:05:03.620000;2016-02-16T01:05:03.670000;a25e6ec6-081b-4c48-94af-e808085bf000;399.48;0.01;SELL
2016-02-16T01:05:03.620000;2016-02-16T01:05:03.670000;a3aef91c-1dd1-44df-89fa-943e57b023e0;399.44;0.122;SELL
2016-02-16T01:05:03.620000;2016-02-16T01:05:03.700000;83b970ce-b7bb-4ce2-a540-c89a13d01b59;399.41;0.002;SELL
2016-02-16T01:05:03.653000;2016-02-16T01:05:03.730000;09007f52-bee4-4e70-87aa-0c9677196f5a;399.4;0.011;SELL
2016-02-16T01:05:03.653000;2016-02-16T01:05:03.730000;c2129cdd-fb08-4fd2-92ec-dd989d5b1cef;399.4;0.01170288;SELL
2016-02-16T01:05:03.653000;2016-02-16T01:05:03.730000;54a3f20e-a095-4d43-9845-ec22db6a186b;399.39;0.00329712;SELL
2016-02-16T01:06:33.093000;2016-02-16T01:06:33.137000;ce63f244-058d-4a5b-86ae-6270e88be074;399.39;0.00770288;SELL
2016-02-16T01:06:33.093000;2016-02-16T01:06:33.153000;2233cf16-c5d7-47b8-aa5a-dd32f06f2354;399.39;0.075;SELL
2016-02-16T01:06:33.093000;2016-02-16T01:06:33.153000;29eec0c8-49e4-4c40-a942-87e3857332ea;399.38;0.011;SELL
2016-02-16T01:06:33.093000;2016-02-16T01:06:33.183000;a4094d59-5f1f-4952-95ab-965b5a0c42ba;399.38;0.011;SELL
2016-02-16T01:06:33.093000;2016-02-16T01:06:33.200000;dec6e055-2d83-4df6-898f-f61e85814c10;399.37;0.011;SELL
2016-02-16T01:06:33.097000;2016-02-16T01:06:33.230000;a51b7696-0bfe-4d45-b755-e02ff58ffc0c;399.36;0.011;SELL
2016-02-16T01:06:33.097000;2016-02-16T01:06:33.230000;4b4d8326-4631-4fc3-b9fa-56b1f5718c2e;399.36;0.011;SELL
2016-02-16T01:06:33.097000;2016-02-16T01:06:33.230000;32c62a7f-c5b7-4574-b7c1-bff57c57b7be;399.35;0.01;SELL
2016-02-16T01:06:33.097000;2016-02-16T01:06:33.230000;c359a846-ac4d-4555-9bc5-b7c13a64d0e6;399.34;0.098;SELL
2016-02-16T01:06:33.097000;2016-02-16T01:06:33.230000;1e0ca986-5de4-4c0a-9e45-14f8f2115895;399.29;0.079;SELL
2016-02-16T01:06:33.097000;2016-02-16T01:06:33.247000;9263619e-9bb6-402d-b213-12754c39fdee;399.24;0.097;SELL
2016-02-16T01:06:33.097000;2016-02-16T01:06:33.247000;c6ea7956-c127-4f40-90e4-60687f6d5679;399.22;0.011;SELL
2016-02-16T01:06:33.097000;2016-02-16T01:06:33.247000;360d3327-d46d-4f1e-8f9a-340251c25a15;399.22;0.011;SELL
2016-02-16T01:06:33.097000;2016-02-16T01:06:33.247000;4eab1abb-b990-4ff6-85a4-e9e9143b77f9;399.2;0.011;SELL
2016-02-16T01:06:33.097000;2016-02-16T01:06:33.247000;57a017ec-7465-4784-8f87-919b48406209;399.2;0.0117077;SELL
2016-02-16T01:06:33.097000;2016-02-16T01:06:33.247000;8a7c5241-994e-4c41-b4f5-83cc3db1789d;399.19;0.011;SELL
2016-02-16T01:06:33.097000;2016-02-16T01:06:33.247000;5cc53056-3a48-4473-88a5-515a4c97929b;399.19;0.104;SELL
2016-02-16T01:06:33.097000;2016-02-16T01:06:33.247000;43056c17-8578-49bd-ae2b-8a9ed3ba6bec;399.18;0.011;SELL
2016-02-16T01:06:33.097000;2016-02-16T01:06:33.247000;13064c34-f607-402e-9fc0-55202dbd3f7b;399.17;0.011;SELL
2016-02-16T01:06:33.097000;2016-02-16T01:06:33.247000;7e14d3e3-c298-4929-b5b8-a4680a09352e;399.16;0.011;SELL
2016-02-16T01:06:33.097000;2016-02-16T01:06:33.263000;83991c3c-93e7-4ca2-b75e-c2b9e150aaa2;399.16;0.011;SELL
2016-02-16T01:06:33.097000;2016-02-16T01:06:33.263000;73a7b9f7-2ab4-41d0-bc51-c68a030ff08b;399.15;0.011;SELL
2016-02-16T01:06:33.100000;2016-02-16T01:06:33.263000;7901acdf-ad9e-41b6-b5c0-83477d923833;399.14;0.011;SELL
2016-02-16T01:06:33.100000;2016-02-16T01:06:33.263000;6aa255a5-00dd-4f17-aff2-3a655412f6b5;399.14;0.011;SELL
2016-02-16T01:06:33.100000;2016-02-16T01:06:33.263000;9b90a15d-a074-4ef3-bbf6-e4d9ec77043b;399.14;0.01;SELL
2016-02-16T01:06:33.100000;2016-02-16T01:06:33.263000;57a3a3b6-3eba-4845-b03c-8db6ea59e5e0;399.14;0.08;SELL
2016-02-16T01:06:33.100000;2016-02-16T01:06:33.263000;3f83b8fd-8199-471f-9533-d82eb2bb8cc4;399.13;0.011;SELL
2016-02-16T01:06:33.100000;2016-02-16T01:06:33.277000;494cf1d2-e292-4800-9936-ff79a6bea0e5;399.12;0.011;SELL
2016-02-16T01:06:33.100000;2016-02-16T01:06:33.277000;5ba3b533-6dc7-4c5a-90d9-20b31584d95f;399.12;0.011;SELL
2016-02-16T01:06:33.100000;2016-02-16T01:06:33.277000;2d15154f-8e68-4b9f-bea1-3891309426fa;399.11;0.011;SELL
2016-02-16T01:06:33.100000;2016-02-16T01:06:33.277000;002b0f7d-734c-4609-aae4-c7a0f85a275e;399.09;0.109;SELL
2016-02-16T01:06:33.100000;2016-02-16T01:06:33.277000;ba3f37ba-b064-4dbd-bd01-63fbdadecb32;399.04;0.114;SELL
2016-02-16T01:06:33.100000;2016-02-16T01:06:33.323000;35a25af4-6326-4258-af19-00d7e91c8dbf;399.0;0.0115;SELL
2016-02-16T01:06:33.100000;2016-02-16T01:06:33.340000;68f3f879-6628-4f4f-bcf9-bed5e2c16a51;399.0;0.01169524;SELL
2016-02-16T01:06:33.100000;2016-02-16T01:06:33.340000;e38728c7-0154-4dc6-80c1-12ce44c36c3d;398.99;0.094;SELL
2016-02-16T01:06:33.100000;2016-02-16T01:06:33.340000;3cf9abbf-24d4-4c58-a01a-859e1fc86b2d;398.94;0.092;SELL
2016-02-16T01:06:33.100000;2016-02-16T01:06:33.340000;79772f8e-720e-4bad-8543-7b1e5fc044fe;398.93;0.01;SELL
2016-02-16T01:06:33.103000;2016-02-16T01:06:33.340000;f87270c0-08b8-4b23-8c5c-6c41959f0ed2;398.9;0.24;SELL
2016-02-16T01:06:33.103000;2016-02-16T01:06:33.340000;0f85f9d5-96e6-49ae-aa02-fa70df7b0a4b;398.89;0.084;SELL
2016-02-16T01:06:33.103000;2016-02-16T01:06:33.340000;ec78d1ef-903b-4ad7-b9b6-a0c98709ff81;398.89;0.24;SELL
2016-02-16T01:06:33.103000;2016-02-16T01:06:33.340000;55cc7ac4-0a72-4e83-bebd-5e951997c679;398.88;1.0;SELL
2016-02-16T01:06:33.103000;2016-02-16T01:06:33.340000;16e0597a-eff8-46a3-9aff-a43a15facb1d;398.85;2.0;SELL
2016-02-16T01:06:33.103000;2016-02-16T01:06:33.340000;869f0ecb-32ea-4f6a-b920-c965f0b3198a;398.84;0.107;SELL
2016-02-16T01:06:33.103000;2016-02-16T01:06:33.340000;1cb7e013-b252-4222-aa8f-fe906e203832;398.83;0.11215;SELL
2016-02-16T01:06:33.103000;2016-02-16T01:06:33.340000;b5317526-0634-4730-acf4-e4472c0cb572;398.82;2.724;SELL
2016-02-16T01:06:33.103000;2016-02-16T01:06:33.340000;00acd4e0-27cc-44b7-8e58-90c91ba532e5;398.79;0.016;SELL
2016-02-16T01:06:33.103000;2016-02-16T01:06:33.340000;fb4e7b0f-98aa-4d23-bc43-33150ade7884;398.79;0.077;SELL
2016-02-16T01:06:33.103000;2016-02-16T01:06:33.357000;3bfe7cac-423a-4a24-a7ff-9f04c8ceaf53;398.74;0.02;SELL
2016-02-16T01:06:33.103000;2016-02-16T01:06:33.357000;e7ae83db-4d37-445f-a28a-fe3844b74d11;398.74;0.106;SELL
2016-02-16T01:06:33.103000;2016-02-16T01:06:33.357000;66f20e52-c1c9-4e46-a896-91d4bffb3366;398.73;0.016;SELL
2016-02-16T01:06:33.103000;2016-02-16T01:06:33.357000;1e9ae581-8962-4d78-95c1-cf0b816d0c26;398.71;0.016;SELL
2016-02-16T01:06:33.103000;2016-02-16T01:06:33.357000;068f2f48-da5d-4419-bb2f-cec6b4d96859;398.7;0.01;SELL
2016-02-16T01:06:33.103000;2016-02-16T01:06:33.373000;311bd65c-3c55-47e1-a1bc-1dcc02c398e4;398.69;0.12;SELL
2016-02-16T01:06:33.103000;2016-02-16T01:06:33.373000;19dac1d2-a005-49eb-b5d9-f218b21dc086;398.68;0.016;SELL
2016-02-16T01:06:33.107000;2016-02-16T01:06:33.373000;2522d942-409d-42a3-8831-a087ac4d9eea;398.67;2.59;SELL
2016-02-16T01:06:33.107000;2016-02-16T01:06:33.373000;0a2772c5-ddc8-4fd9-8546-4c76e1990fa8;398.64;0.014;SELL
2016-02-16T01:06:33.107000;2016-02-16T01:06:33.373000;86136d6c-23d2-44ee-bf0f-177bf2ad41b7;398.64;0.01;SELL
2016-02-16T01:06:33.107000;2016-02-16T01:06:33.387000;e8fee62d-5a75-4211-bd03-717996a0e53f;398.64;0.081;SELL
2016-02-16T01:06:33.107000;2016-02-16T01:06:33.420000;7d6f0ee6-3236-4bcd-a792-115b5390c496;398.61;0.014;SELL
2016-02-16T01:06:33.107000;2016-02-16T01:06:33.433000;db83730d-4999-494d-8de7-9f44b3575dd0;398.59;0.128;SELL
2016-02-16T01:06:33.107000;2016-02-16T01:06:33.433000;9194347a-be3a-4ed3-afd1-5d3006775092;398.58;0.013;SELL
2016-02-16T01:06:33.107000;2016-02-16T01:06:33.433000;5a750585-33e5-4c83-95c2-3f0669d33a05;398.55;0.013;SELL
2016-02-16T01:06:33.107000;2016-02-16T01:06:33.433000;09ce95d3-cec9-483d-8495-3e3072fc0979;398.54;0.013;SELL
2016-02-16T01:06:33.107000;2016-02-16T01:06:33.433000;a539caa0-1333-4298-825e-dcc008e6ba3c;398.54;0.012;SELL
2016-02-16T01:06:33.107000;2016-02-16T01:06:33.433000;a32c84e9-73bd-42ee-8122-82ceba53fb6b;398.54;0.084;SELL
2016-02-16T01:06:33.107000;2016-02-16T01:06:33.433000;800e6019-d005-47b0-80f1-74f51a2fa773;398.53;2.62;SELL
2016-02-16T01:06:33.107000;2016-02-16T01:06:33.433000;76ade414-78bd-4b08-a001-764f414107cd;398.53;0.016;SELL
2016-02-16T01:06:33.107000;2016-02-16T01:06:33.433000;7af4ec1b-a0e2-40c0-9515-26e7981cccd1;398.52;0.013;SELL
2016-02-16T01:06:33.107000;2016-02-16T01:06:33.450000;49f7b2db-7af8-44db-ad3d-8823f1add840;398.51;0.013;SELL
2016-02-16T01:06:33.107000;2016-02-16T01:06:33.450000;f42a1b24-a837-42d1-83c1-ddd0a1f1062c;398.51;0.012;SELL
2016-02-16T01:06:33.107000;2016-02-16T01:06:33.450000;ac4250c2-964e-4fcc-8b46-31a641a75159;398.5;0.012;SELL
2016-02-16T01:06:33.107000;2016-02-16T01:06:33.450000;ef9e7e02-1db6-464d-8270-c630d7492cc5;398.5;0.01;SELL
2016-02-16T01:06:33.110000;2016-02-16T01:06:33.450000;8604ce8a-defe-46b6-bdbc-7b57bf56eee1;398.49;0.013;SELL
2016-02-16T01:06:33.110000;2016-02-16T01:06:33.450000;c4ff785e-5e69-4aee-adb1-9c3e14fcf733;398.49;0.106;SELL
2016-02-16T01:06:33.110000;2016-02-16T01:06:33.450000;bd1d8866-c03d-49a6-a29a-5345b7126c5f;398.48;0.013;SELL
2016-02-16T01:06:33.110000;2016-02-16T01:06:33.450000;ab2598b9-ed6b-45db-82ac-b069f75282e8;398.48;0.012;SELL
2016-02-16T01:06:33.110000;2016-02-16T01:06:33.467000;89786ab9-239d-4abb-98c4-10ec603c9be1;398.47;0.014;SELL
2016-02-16T01:06:33.110000;2016-02-16T01:06:33.467000;1768065c-84ba-43f6-b0e1-9be5ae17c18a;398.47;0.012;SELL
2016-02-16T01:06:33.110000;2016-02-16T01:06:33.467000;df37f946-87d5-4acd-b405-b3a87f49fe08;398.46;0.013;SELL
2016-02-16T01:06:33.110000;2016-02-16T01:06:33.467000;702e7963-4dec-4a9e-a5f0-87080d406afb;398.45;0.012;SELL
2016-02-16T01:06:33.110000;2016-02-16T01:06:33.467000;342f1c2d-8053-4276-83f8-f51089f4d23c;398.44;0.014;SELL
2016-02-16T01:06:33.110000;2016-02-16T01:06:33.467000;3022fc79-03b4-423d-b5d5-caf46e47248e;398.44;0.093;SELL
2016-02-16T01:06:33.110000;2016-02-16T01:06:33.467000;eaaffa94-f235-4617-bd6a-840111cb6fe3;398.42;0.013;SELL
2016-02-16T01:06:33.110000;2016-02-16T01:06:33.467000;97381e3d-76f4-4535-a527-5300d692d81b;398.42;0.012;SELL
2016-02-16T01:06:33.110000;2016-02-16T01:06:33.467000;b24597d3-0d4e-4ddb-bef1-203c73fd6b56;398.4;0.011;SELL
2016-02-16T01:06:33.110000;2016-02-16T01:06:33.467000;eab55adb-1027-46f1-84a4-9d12da3b95a8;398.39;0.013;SELL
2016-02-16T01:06:33.110000;2016-02-16T01:06:33.467000;da0f7d38-4f2f-4276-b410-f822beaf65a5;398.39;0.013;SELL
2016-02-16T01:06:33.110000;2016-02-16T01:06:33.497000;d1109378-8d60-4d93-9d9a-6c6f336b8379;398.39;0.012;SELL
2016-02-16T01:06:33.110000;2016-02-16T01:06:33.513000;513f32e7-82ff-4378-90b8-11678a9bfe8d;398.39;0.012;SELL
2016-02-16T01:06:33.110000;2016-02-16T01:06:33.513000;b86426d6-c981-4c57-b0f6-5b8387dc6d8c;398.38;0.013;SELL
2016-02-16T01:06:33.110000;2016-02-16T01:06:33.513000;4e5a1340-a9d6-4c77-9be2-f00340aafaf2;398.38;0.011;SELL
2016-02-16T01:06:33.113000;2016-02-16T01:06:33.513000;1ecf842a-c29b-470d-a37b-4703357db222;398.37;1.27288418;SELL
2016-02-16T01:06:35.227000;2016-02-16T01:06:35.277000;e6ba436f-4b27-49ec-97d0-09f9c1183826;399.34;0.01;BUY
2016-02-16T01:06:38.170000;2016-02-16T01:06:38.200000;199ffa76-dd11-42c5-9794-fc2461ad4393;399.03;0.01;SELL
2016-02-16T01:06:45.983000;2016-02-16T01:06:46.027000;6028d177-15a8-428d-b6b9-7eb416db3c83;399.21;0.02175078;BUY
2016-02-16T01:06:47.983000;2016-02-16T01:06:48.013000;7e6160ff-2132-4143-852c-0c1394336159;399.18;0.01;BUY
2016-02-16T01:06:48.430000;2016-02-16T01:06:48.467000;9dad4fb3-f4ea-45b4-a572-934caf38d794;399.17;0.27;BUY
2016-02-16T01:07:03.447000;2016-02-16T01:07:03.480000;97959117-c96d-4e48-8426-b1d96edef629;399.06;0.05;BUY
2016-02-16T01:07:16.557000;2016-02-16T01:07:16.590000;ba0c9b18-043d-4eaf-8a40-b47dbd4b6fd0;399.03;0.12;SELL
2016-02-16T01:07:16.557000;2016-02-16T01:07:16.607000;a82a6937-1519-46b5-a591-cf20f87f90a4;398.98;0.115;SELL
2016-02-16T01:07:16.557000;2016-02-16T01:07:16.623000;69d39c65-44cc-42fc-ab13-ad40b8d008f3;398.94;0.01;SELL
2016-02-16T01:07:16.557000;2016-02-16T01:07:16.623000;05d6e316-afd9-4661-bb2e-f1b3d911b4ef;398.93;0.075;SELL
2016-02-16T01:07:16.557000;2016-02-16T01:07:16.623000;fe74f84c-1805-4595-93a1-cede8f50eb6e;398.88;0.094;SELL
2016-02-16T01:07:16.557000;2016-02-16T01:07:16.623000;68dd2dfd-21d4-40b4-8326-854d0525e954;398.83;0.086;SELL
2016-02-16T01:07:36.840000;2016-02-16T01:07:36.873000;ab342329-b2ac-49ec-ab61-3f004552f17b;398.96;0.231;BUY
2016-02-16T01:07:37.027000;2016-02-16T01:07:37.073000;58877256-89f2-4a3a-ae4d-6d6005ee7b35;398.96;0.019;BUY
2016-02-16T01:07:37.027000;2016-02-16T01:07:37.073000;34ab61e4-7303-4a19-aa33-ff80f62e87fa;398.97;0.05;BUY
2016-02-16T01:07:37.027000;2016-02-16T01:07:37.090000;160d4c5a-e54e-4398-b82f-a81abb776a7e;398.98;0.05;BUY
2016-02-16T01:07:37.027000;2016-02-16T01:07:37.090000;d68a0119-24d8-4ebe-a563-1e1a2214ca48;399.0;0.01;BUY
2016-02-16T01:07:37.027000;2016-02-16T01:07:37.107000;7da9eb5e-5aae-492e-81f2-29a8e8ff2a65;399.04;0.05;BUY
2016-02-16T01:07:37.027000;2016-02-16T01:07:37.107000;7857e923-7dd9-479f-a5df-b409cc577ee5;399.04;0.05;BUY
2016-02-16T01:07:37.030000;2016-02-16T01:07:37.107000;ab7d1930-5c74-45a9-b706-6be1fa8ea903;399.05;0.05;BUY
2016-02-16T01:07:37.030000;2016-02-16T01:07:37.123000;c9abecf5-863b-4321-bf09-72de80d6c8dc;399.07;0.05;BUY
2016-02-16T01:07:37.030000;2016-02-16T01:07:37.123000;0b612ad6-c305-43d7-8076-7b2329ba04f6;399.08;0.05;BUY
2016-02-16T01:07:37.030000;2016-02-16T01:07:37.123000;714dfab6-348a-4f6d-a9e6-4d6ebf231251;399.09;0.05;BUY
2016-02-16T01:07:37.030000;2016-02-16T01:07:37.137000;268eda67-7647-46ca-9373-9df17683a515;399.12;0.01;BUY
2016-02-16T01:07:37.030000;2016-02-16T01:07:37.137000;b195abd8-e6b2-4957-8413-f4269be41101;399.2;0.48;BUY
2016-02-16T01:07:37.030000;2016-02-16T01:07:37.153000;3b87024d-0f79-49b3-9243-7918e838e325;399.21;0.109;BUY
2016-02-16T01:07:37.030000;2016-02-16T01:07:37.153000;00a22f6e-d7ed-4f02-a1a4-9c8b1fa1c61b;399.21;0.24;BUY
2016-02-16T01:07:37.030000;2016-02-16T01:07:37.153000;7c7c6eea-e9bf-4ae3-a6d8-25d9d85f4c38;399.22;0.011;BUY
2016-02-16T01:07:37.030000;2016-02-16T01:07:37.153000;075f1597-ef8f-4243-8d8a-b8f48a2b28dc;399.22;0.48;BUY
2016-02-16T01:07:37.030000;2016-02-16T01:07:37.153000;1cff915a-9bf6-48e2-b4f1-262ae5e57f7b;399.23;0.011;BUY
2016-02-16T01:07:37.030000;2016-02-16T01:07:37.153000;cba0193a-05fb-4b05-b224-dda80fa20c24;399.23;0.01;BUY
2016-02-16T01:07:37.030000;2016-02-16T01:07:37.170000;684f8bfd-f78e-442d-bffe-8bcb0f870ede;399.23;0.72;BUY
2016-02-16T01:07:37.033000;2016-02-16T01:07:37.170000;3d0ca756-e3cf-48c9-9c2a-6b6c2fa2b68b;399.24;0.011;BUY
2016-02-16T01:07:37.033000;2016-02-16T01:07:37.170000;f265131b-fb52-4c58-9187-f1b1c7e7ca49;399.24;0.01;BUY
2016-02-16T01:07:37.033000;2016-02-16T01:07:37.170000;438e656f-b0b5-42f3-9a90-534d8b18d10b;399.24;0.72;BUY
2016-02-16T01:07:37.033000;2016-02-16T01:07:37.170000;f63cee9b-8e3b-45c3-81bf-c487b50f236b;399.25;0.011;BUY
2016-02-16T01:07:37.033000;2016-02-16T01:07:37.183000;dd2b03d6-ac8e-4877-b088-f35897cc3faf;399.25;0.96;BUY
2016-02-16T01:07:37.033000;2016-02-16T01:07:37.183000;8213be89-0c2e-462f-a89a-6a7fc9ea7ec8;399.26;0.011;BUY
2016-02-16T01:07:37.033000;2016-02-16T01:07:37.183000;6c01ba4d-8de9-47ae-8391-01b6b86fe704;399.26;0.011;BUY
2016-02-16T01:07:37.033000;2016-02-16T01:07:37.183000;f8fb202c-e6a0-4b2a-afe8-7d6fcc660f2d;399.26;0.11215;BUY
2016-02-16T01:07:37.033000;2016-02-16T01:07:37.183000;d98209b0-6dbb-4614-bed0-425c92f31ca0;399.26;0.084;BUY
2016-02-16T01:07:37.033000;2016-02-16T01:07:37.183000;8d71c810-be42-482c-a9e9-a9d6b01b48d8;399.27;0.011;BUY
2016-02-16T01:07:37.033000;2016-02-16T01:07:37.183000;9a020ca2-6667-41d1-a750-0b15485e59cc;399.27;0.24;BUY
2016-02-16T01:07:37.033000;2016-02-16T01:07:37.183000;7f55ef72-1f36-4d18-a30d-b853b90ea776;399.28;0.011;BUY
2016-02-16T01:07:37.033000;2016-02-16T01:07:37.200000;330ceff2-c2c3-42b4-9227-ccf0cd3faa45;399.28;0.011;BUY
2016-02-16T01:07:37.033000;2016-02-16T01:07:37.217000;15cd62b7-7af1-4f01-bb18-946731dc17ab;399.28;0.24;BUY
2016-02-16T01:07:37.033000;2016-02-16T01:07:37.217000;f2ccef08-6705-4d94-a69e-a81df1c7cd3a;399.29;0.011;BUY
2016-02-16T01:07:37.033000;2016-02-16T01:07:37.217000;eaed3323-44c2-4d13-9856-e0ca0b3076cc;399.29;0.011;BUY
2016-02-16T01:07:37.037000;2016-02-16T01:07:37.217000;4cbc859f-ea56-42b7-9a75-ab968edb76ca;399.29;0.72;BUY
