time_exchange;time_coinpai;guid;price;base_amount;taker_side
2016-03-12T00:01:43.000000;2016-03-12T00:01:43.000000;496ebaa1-b58e-48e9-8a7c-83bec6b7b068;420.49;1.0;UNKNOWN
2016-03-12T00:01:50.000000;2016-03-12T00:01:50.000000;0ef0a53d-a3da-4b42-8cbc-30a12fe6ee8a;420.48;1.0;UNKNOWN
2016-03-12T00:01:55.000000;2016-03-12T00:01:55.000000;2d72d920-59f6-44a5-a38c-51d71c30363f;420.48;1.0;UNKNOWN
2016-03-12T00:02:00.000000;2016-03-12T00:02:00.000000;8d6810bc-b002-4349-960a-0b42fe503a94;420.48;1.0;UNKNOWN
2016-03-12T00:02:08.000000;2016-03-12T00:02:08.000000;788943b5-6b08-4c60-87d3-0f08b2a0524b;420.49;1.0;UNKNOWN
2016-03-12T00:02:24.000000;2016-03-12T00:02:24.000000;2d417123-ee60-4e85-96f7-cb38b95a8b98;420.49;1.0;UNKNOWN
2016-03-12T00:02:30.000000;2016-03-12T00:02:30.000000;9f6ec1ad-4cc2-4954-a95f-97d6b2e708a3;420.49;1.0;UNKNOWN
2016-03-12T00:02:37.000000;2016-03-12T00:02:37.000000;da3e48ee-df5b-47ab-8c85-bd31b35a0fb0;420.49;1.0;UNKNOWN
2016-03-12T00:02:44.000000;2016-03-12T00:02:44.000000;e6301285-ea46-40ad-9a7b-075eab09da15;420.49;1.0;UNKNOWN
2016-03-12T00:02:50.000000;2016-03-12T00:02:50.000000;3c38f1d6-4195-4d5e-8aba-bb65c1ceceed;420.49;0.2496;UNKNOWN
2016-03-12T00:02:50.000000;2016-03-12T00:02:50.000000;181c007b-2367-4c86-b6c1-c967742edfbe;420.49;0.7504;UNKNOWN
2016-03-12T00:02:55.000000;2016-03-12T00:02:55.000000;9b636001-39da-4b42-ad80-5efbc6efb99b;420.5;1.0;UNKNOWN
2016-03-12T00:03:50.000000;2016-03-12T00:03:50.000000;f4ec74cf-37d5-45d0-81d4-4a0612d1c5ca;420.5;1.0;UNKNOWN
2016-03-12T00:03:59.000000;2016-03-12T00:03:59.000000;5a62f5f3-19d7-49c3-820d-472250943ed7;420.5;1.0;UNKNOWN
2016-03-12T00:04:05.000000;2016-03-12T00:04:05.000000;960dcac8-f2bb-4b14-930e-540028178ac6;420.5;1.0;UNKNOWN
2016-03-12T00:04:06.000000;2016-03-12T00:04:06.000000;e4285909-9930-440c-931d-448287e0fa9e;420.5;1.0;UNKNOWN
2016-03-12T00:04:13.000000;2016-03-12T00:04:13.000000;be99e3f4-f6ae-4059-a5e2-af1e87764e34;420.5;1.0;UNKNOWN
2016-03-12T00:04:23.000000;2016-03-12T00:04:23.000000;0c03abdd-5f2c-492a-bcce-fc1e673e48bd;420.5;1.0;UNKNOWN
2016-03-12T00:04:31.000000;2016-03-12T00:04:31.000000;c327219d-2cee-43f8-a7a3-beb3d80f49be;420.5;1.0;UNKNOWN
2016-03-12T00:04:39.000000;2016-03-12T00:04:39.000000;89266256-468d-40b4-8c95-a37425ddb69c;420.5;1.0;UNKNOWN
2016-03-12T00:05:26.000000;2016-03-12T00:05:26.000000;f924fd5a-9148-414e-8822-211ec553693f;420.5;1.0;UNKNOWN
2016-03-12T00:06:21.000000;2016-03-12T00:06:21.000000;4dca844e-a7de-48b1-8675-3f6b9939fdb5;420.5;1.0;UNKNOWN
2016-03-12T00:07:23.000000;2016-03-12T00:07:23.000000;8556179c-8805-401c-ad35-6fa3bc3961c2;420.5;0.5;UNKNOWN
2016-03-12T00:07:34.000000;2016-03-12T00:07:34.000000;ea636119-6d7c-42b5-9098-fdaa3295a434;420.5;1.0;UNKNOWN
2016-03-12T00:08:00.000000;2016-03-12T00:08:00.000000;d7c43490-5fdd-4e78-a21a-3b1459e89cd1;420.5;1.0;UNKNOWN
2016-03-12T00:08:08.000000;2016-03-12T00:08:08.000000;5284c8f3-bbd4-4dd6-b62f-6d5f34bb96b6;420.5;1.0;UNKNOWN
2016-03-12T00:08:13.000000;2016-03-12T00:08:13.000000;dd072f29-b3e2-4594-bd37-dbeb15bc2d21;420.5;1.0;UNKNOWN
2016-03-12T00:08:18.000000;2016-03-12T00:08:18.000000;c7499d30-79b2-4a62-b3b1-f522c3299ef5;420.5;1.0;UNKNOWN
2016-03-12T00:08:26.000000;2016-03-12T00:08:26.000000;3825172d-cfea-4a42-af6d-dc6bbdcb6a96;420.5;1.0;UNKNOWN
2016-03-12T00:08:32.000000;2016-03-12T00:08:32.000000;debb4042-f370-4a96-a898-a9f9a71afb18;420.5;1.0;UNKNOWN
2016-03-12T00:08:38.000000;2016-03-12T00:08:38.000000;0d9ffe7c-3e9b-4d9d-8cba-f0e4e4b089f6;420.5;1.0;UNKNOWN
2016-03-12T00:08:43.000000;2016-03-12T00:08:43.000000;cee44e12-92c5-403a-b6d3-4162f909670d;420.5;1.0;UNKNOWN
2016-03-12T00:08:51.000000;2016-03-12T00:08:51.000000;d759c2fc-a7e8-4a46-bb2d-30f8d5c353cb;420.5;1.0;UNKNOWN
2016-03-12T00:09:00.000000;2016-03-12T00:09:00.000000;ab0831d4-3431-45f7-bcd1-59299e2e00db;420.5;1.0;UNKNOWN
2016-03-12T00:09:04.000000;2016-03-12T00:09:04.000000;7e30ccce-7f40-4412-814f-b39d3e7150f6;420.5;1.0;UNKNOWN
2016-03-12T00:09:09.000000;2016-03-12T00:09:09.000000;3d6f76a3-e351-497d-b0a1-c7c59150e331;420.5;1.0;UNKNOWN
2016-03-12T00:09:14.000000;2016-03-12T00:09:14.000000;083989bb-b43b-44b8-9383-16415b534221;420.5;1.0;UNKNOWN
2016-03-12T00:09:20.000000;2016-03-12T00:09:20.000000;61a8d6f7-31b5-487e-a882-4663e318857b;420.5;1.0;UNKNOWN
2016-03-12T00:09:25.000000;2016-03-12T00:09:25.000000;0025d0dd-b6e0-4c82-96be-acce3abdb731;420.5;1.0;UNKNOWN
2016-03-12T00:09:44.000000;2016-03-12T00:09:44.000000;90da6d21-5142-4165-aef5-eb99b4b5f482;420.5;1.0;UNKNOWN
2016-03-12T00:09:58.000000;2016-03-12T00:09:58.000000;1612b3d1-c5f3-49e9-b9c3-1e01a1aea1e6;420.5;1.0;UNKNOWN
2016-03-12T00:10:05.000000;2016-03-12T00:10:05.000000;2281caed-90fd-4590-ba7f-0c991e981761;420.5;1.0;UNKNOWN
2016-03-12T00:10:25.000000;2016-03-12T00:10:25.000000;6cb5f7a5-9a1d-4c53-b62f-ff36e30a2ec0;420.5;1.0;UNKNOWN
2016-03-12T00:11:11.000000;2016-03-12T00:11:11.000000;780e3f6e-4306-4ab8-a6fe-044bbd1415cd;420.49;0.5;UNKNOWN
2016-03-12T00:11:35.000000;2016-03-12T00:11:35.000000;17a68c55-7c5d-42b9-b0dd-7c27d3a4af87;420.49;0.01;UNKNOWN
2016-03-12T00:11:41.000000;2016-03-12T00:11:41.000000;4fb3e570-dca4-40f8-b16b-c04a12dd9ed8;420.49;0.5;UNKNOWN
2016-03-12T00:12:12.000000;2016-03-12T00:12:12.000000;d207e02d-5eff-42da-b5b7-a1baa674002b;420.49;0.5;UNKNOWN
2016-03-12T00:12:27.000000;2016-03-12T00:12:27.000000;2594aafa-6ebe-473b-9285-bbf74fac7804;420.47;3.71178;UNKNOWN
2016-03-12T00:12:27.000000;2016-03-12T00:12:27.000000;d86222f2-fb7b-4d03-bcc2-f89b5eb5f35a;420.47;0.01;UNKNOWN
2016-03-12T00:12:27.000000;2016-03-12T00:12:27.000000;82190ba7-f7df-4677-8b48-3945d9752722;420.46;0.5;UNKNOWN
2016-03-12T00:12:27.000000;2016-03-12T00:12:27.000000;5ee958ab-2f87-41aa-9a81-b033bce042b4;420.46;3.0;UNKNOWN
2016-03-12T00:12:32.000000;2016-03-12T00:12:32.000000;217e5ce2-c2ba-499c-95ed-ed15fe71d1ca;420.46;2.61811;UNKNOWN
2016-03-12T00:12:42.000000;2016-03-12T00:12:42.000000;42f10aad-a73c-44f0-8aa8-848e4bdaf296;420.44;0.5;UNKNOWN
2016-03-12T00:12:46.000000;2016-03-12T00:12:46.000000;2f14c865-7bce-455b-9e2a-178776acad3c;420.44;10.4854;UNKNOWN
2016-03-12T00:12:47.000000;2016-03-12T00:12:47.000000;fde77628-211d-4b92-b9ef-3412f8d96898;420.4;0.03581645;UNKNOWN
2016-03-12T00:13:36.000000;2016-03-12T00:13:36.000000;1ad1f2a0-ff9a-43a3-98b1-2f4574f46641;420.39;0.03209698;UNKNOWN
2016-03-12T00:16:57.000000;2016-03-12T00:16:57.000000;91440b8e-270a-4eae-9944-28b57c077090;420.39;12.2148;UNKNOWN
2016-03-12T00:16:57.000000;2016-03-12T00:16:57.000000;20d28c1c-c63d-4920-8feb-e4ef1dc76999;420.39;5.84940302;UNKNOWN
2016-03-12T00:17:06.000000;2016-03-12T00:17:06.000000;2f4b1dfe-a334-48be-8cfa-9dddb46a4310;420.37;0.63601684;UNKNOWN
2016-03-12T00:17:49.000000;2016-03-12T00:17:49.000000;ebff8df1-544f-4e5e-9737-d2fd2c8a7901;420.22;0.03124554;UNKNOWN
2016-03-12T00:20:56.000000;2016-03-12T00:20:56.000000;7cde476e-24c8-4ff7-9dc3-7f11158f6402;420.22;1.2379192;UNKNOWN
2016-03-12T00:25:18.000000;2016-03-12T00:25:18.000000;d772e7e7-bc68-4de4-a1c0-98f45dff4149;420.22;0.3564179;UNKNOWN
2016-03-12T00:29:13.000000;2016-03-12T00:29:13.000000;f80fdc5f-53af-4705-83dd-da64edbd6266;420.22;1.0;UNKNOWN
2016-03-12T00:39:38.000000;2016-03-12T00:39:38.000000;ca1fb545-fcb8-4417-93d1-3afb490f9884;420.23;22.12458053;UNKNOWN
2016-03-12T00:39:50.000000;2016-03-12T00:39:50.000000;163d63a8-d75d-489b-92e0-4bca74508b4c;420.49;0.3;UNKNOWN
2016-03-12T00:39:50.000000;2016-03-12T00:39:50.000000;badcb527-e24d-4059-af68-a0341bdc18b1;420.49;0.2;UNKNOWN
2016-03-12T00:42:27.000000;2016-03-12T00:42:27.000000;2160bea2-7f1c-479e-a2eb-dde25e43041e;420.48;0.18;UNKNOWN
2016-03-12T00:42:27.000000;2016-03-12T00:42:27.000000;e3c7c60b-f1ca-4625-b973-f02a9d775289;420.49;0.3;UNKNOWN
2016-03-12T00:42:27.000000;2016-03-12T00:42:27.000000;8256bdcf-09a3-4a03-bd80-8ac75f0ba776;420.49;0.2;UNKNOWN
2016-03-12T00:42:27.000000;2016-03-12T00:42:27.000000;d4216efd-64ed-4b8a-9a8d-af248c5ced31;420.49;0.2;UNKNOWN
2016-03-12T00:42:27.000000;2016-03-12T00:42:27.000000;7d0c5077-091f-41ad-806c-b5ec2076ab6c;420.49;0.2;UNKNOWN
2016-03-12T00:44:50.000000;2016-03-12T00:44:50.000000;699254e9-150f-49b7-b209-a31d09e2acec;420.5;17.0;UNKNOWN
2016-03-12T00:46:24.000000;2016-03-12T00:46:24.000000;74853de9-93f9-47cb-9a7b-de077cc30c52;420.5;0.1723;UNKNOWN
2016-03-12T00:48:06.000000;2016-03-12T00:48:06.000000;dae6497a-7fd7-4114-aaba-96d238bcd999;420.49;0.11;UNKNOWN
2016-03-12T00:48:06.000000;2016-03-12T00:48:06.000000;0eff4618-e7d8-43dc-9344-35aa345cdabc;420.49;3.359;UNKNOWN
2016-03-12T00:48:06.000000;2016-03-12T00:48:06.000000;528f32a1-bcc3-4268-b462-ba06326c936e;420.49;0.3;UNKNOWN
2016-03-12T00:48:06.000000;2016-03-12T00:48:06.000000;a06b2a31-c996-4291-8a46-1e331484d873;420.49;0.2;UNKNOWN
2016-03-12T00:48:18.000000;2016-03-12T00:48:18.000000;94ecb690-dee9-479b-9536-f0a98611ae29;420.5;1.97;UNKNOWN
2016-03-12T00:48:18.000000;2016-03-12T00:48:18.000000;eac55aca-0ec1-4baf-af8e-69609a8e4910;420.49;5.45;UNKNOWN
2016-03-12T00:48:18.000000;2016-03-12T00:48:18.000000;b538e4d8-e5ea-49a5-aaba-d44e79bb1a9e;420.5;18.224473;UNKNOWN
2016-03-12T00:48:27.000000;2016-03-12T00:48:27.000000;69d13206-e29f-41e7-b86b-2a913fd82b91;420.54;0.52231424;UNKNOWN
2016-03-12T00:49:06.000000;2016-03-12T00:49:06.000000;29eb4778-54c0-484d-ba5b-971856de97a4;420.55;1.0;UNKNOWN
2016-03-12T00:57:06.000000;2016-03-12T00:57:06.000000;03d266e8-3c84-43ad-bc37-8ead75f8e844;420.55;0.29;UNKNOWN
2016-03-12T00:57:38.000000;2016-03-12T00:57:38.000000;1219150b-8570-474b-9247-f9a7c33fb4ce;420.55;0.5;UNKNOWN
2016-03-12T00:58:10.000000;2016-03-12T00:58:10.000000;8154d3f4-32e6-45f6-b25a-b5adee8772d6;420.54;0.03339;UNKNOWN
2016-03-12T00:58:14.000000;2016-03-12T00:58:14.000000;f0657004-0174-4249-9fda-62b90f3e5589;420.54;0.035821;UNKNOWN
2016-03-12T00:58:17.000000;2016-03-12T00:58:17.000000;bb6ce54e-9ef1-4fce-b123-ca883a5e9539;420.54;0.215302;UNKNOWN
2016-03-12T00:59:11.000000;2016-03-12T00:59:11.000000;1a2b5db0-0bb8-4fd2-937a-436bb5cdf6e9;420.54;0.4119624;UNKNOWN
2016-03-12T00:59:51.000000;2016-03-12T00:59:51.000000;c9fb1077-b889-4f39-8fb7-23d5f513132c;420.54;0.14027;UNKNOWN
2016-03-12T01:00:29.000000;2016-03-12T01:00:29.000000;680b2bcc-c986-45ad-a52f-abbd8a06397d;420.54;7.73587805;UNKNOWN
2016-03-12T01:01:28.000000;2016-03-12T01:01:28.000000;d144e748-5fa6-4dce-912c-02a5c3049204;420.54;0.016932;UNKNOWN
2016-03-12T01:03:08.000000;2016-03-12T01:03:08.000000;cd1b3ee1-da63-450d-99a1-a4d66febbc41;420.54;0.111447;UNKNOWN
2016-03-12T01:03:12.000000;2016-03-12T01:03:12.000000;9537a169-c0c1-45e9-a82b-1c761ca3b46a;420.54;0.071621;UNKNOWN
2016-03-12T01:03:12.000000;2016-03-12T01:03:12.000000;7bc58913-7231-46e3-a671-59f8182cf053;420.54;0.000116;UNKNOWN
2016-03-12T01:03:20.000000;2016-03-12T01:03:20.000000;e30ec1c7-7876-4bf0-b045-ac453a0bec93;420.55;0.51663818;UNKNOWN
2016-03-12T01:03:42.000000;2016-03-12T01:03:42.000000;5b4529ad-7ebf-4a65-be70-86be8a83105a;420.79;0.4;UNKNOWN
2016-03-12T01:03:50.000000;2016-03-12T01:03:50.000000;38de78a0-400a-4f7a-adb1-22ef3e38bf8d;420.64;0.199884;UNKNOWN
2016-03-12T01:04:47.000000;2016-03-12T01:04:47.000000;21564e5b-6104-4056-a878-85b30ac34939;420.57;0.027827;UNKNOWN
2016-03-12T01:05:33.000000;2016-03-12T01:05:33.000000;a22ebf6f-215c-451b-ba48-0a469774208b;420.57;0.142115;UNKNOWN
2016-03-12T01:05:39.000000;2016-03-12T01:05:39.000000;3f451698-5c94-4872-8859-507eae358bad;420.57;0.012;UNKNOWN
2016-03-12T01:06:09.000000;2016-03-12T01:06:09.000000;7fa3a11d-b11e-42b7-b4a0-ae390e61da4e;420.6;1.0;UNKNOWN
2016-03-12T01:08:20.000000;2016-03-12T01:08:20.000000;68e566af-61bd-491c-8925-358eb94e36e3;420.57;0.189058;UNKNOWN
2016-03-12T01:08:20.000000;2016-03-12T01:08:20.000000;96ef9f3d-4f96-4429-8b5f-8ab4661ff48a;420.4;4.34754729;UNKNOWN
2016-03-12T01:08:20.000000;2016-03-12T01:08:20.000000;34450024-1244-4bcd-ab3c-64d762ae49db;420.54;0.4;UNKNOWN
2016-03-12T01:08:20.000000;2016-03-12T01:08:20.000000;429fb297-b39a-46ec-aafa-08bd1bf55f54;420.48;0.3;UNKNOWN
2016-03-12T01:08:21.000000;2016-03-12T01:08:21.000000;3e70f90f-4bc1-4436-9571-e9f7c321c591;420.38;0.02618302;UNKNOWN
2016-03-12T01:08:21.000000;2016-03-12T01:08:21.000000;5febdd90-d2e5-4646-8e45-1a49f4beee72;420.38;1.42816508;UNKNOWN
2016-03-12T01:08:21.000000;2016-03-12T01:08:21.000000;1842bbf2-1c53-420c-b0a3-525e429d687a;420.38;0.03534234;UNKNOWN
2016-03-12T01:08:22.000000;2016-03-12T01:08:22.000000;9184a8e8-c1bd-4ff4-a183-296d1604e39e;420.38;0.25948087;UNKNOWN
2016-03-12T01:08:22.000000;2016-03-12T01:08:22.000000;fe64617f-f07d-4d19-94b2-d86e968668ab;420.38;0.476;UNKNOWN
2016-03-12T01:08:22.000000;2016-03-12T01:08:22.000000;6a0aa030-1080-4832-bf4e-913997109a80;420.38;0.13576668;UNKNOWN
2016-03-12T01:08:22.000000;2016-03-12T01:08:22.000000;d24d77fd-a0a7-43bd-8031-cff96db9bfec;420.38;0.05474632;UNKNOWN
2016-03-12T01:08:23.000000;2016-03-12T01:08:23.000000;effd14d0-ae5c-41e3-bb78-b803147cdfbe;420.38;0.23805584;UNKNOWN
2016-03-12T01:08:23.000000;2016-03-12T01:08:23.000000;893cf284-b771-4b4a-9a4a-d88173cbb07e;420.38;0.82373074;UNKNOWN
2016-03-12T01:08:23.000000;2016-03-12T01:08:23.000000;2cd58ab0-bf4a-4663-8508-1d5c078d3acb;420.38;0.14997518;UNKNOWN
2016-03-12T01:08:23.000000;2016-03-12T01:08:23.000000;ae45b41b-d655-4f2c-8239-6e7111e51585;420.38;0.18859918;UNKNOWN
2016-03-12T01:09:45.000000;2016-03-12T01:09:45.000000;2ceab627-e166-448f-8f30-bd34d665a4ab;420.4;0.3599;UNKNOWN
2016-03-12T01:11:30.000000;2016-03-12T01:11:30.000000;77065e88-a281-43eb-8aac-d59802c2b4a7;420.7;0.07976957;UNKNOWN
2016-03-12T01:12:03.000000;2016-03-12T01:12:03.000000;79d2de6e-08b6-4a71-ac84-095d98a50bc1;420.7;0.07141675;UNKNOWN
2016-03-12T01:16:59.000000;2016-03-12T01:16:59.000000;95d72c63-3b43-4caa-98d1-8bea4faebf5f;420.82;0.23786914;UNKNOWN
2016-03-12T01:17:38.000000;2016-03-12T01:17:38.000000;a1e8d910-e190-4245-bb09-d4dd447730dc;420.82;0.05946728;UNKNOWN
2016-03-12T01:21:14.000000;2016-03-12T01:21:14.000000;0c50044c-aeec-4191-9a44-08a5a8dbdd5c;420.7;0.21144642;UNKNOWN
2016-03-12T01:21:14.000000;2016-03-12T01:21:14.000000;8503a333-813e-4501-9b5b-85cb1f58a033;420.82;0.00266358;UNKNOWN
2016-03-12T01:22:06.000000;2016-03-12T01:22:06.000000;c19f68b8-e6ac-4e10-8655-d1f2826481a1;420.97;0.01387;UNKNOWN
2016-03-12T01:22:50.000000;2016-03-12T01:22:50.000000;aa99b4ca-4613-4689-8c08-979844ac6b55;421.0;3.8789;UNKNOWN
2016-03-12T01:22:50.000000;2016-03-12T01:22:50.000000;ef31d91b-dd47-4edc-bb64-195c4fb29635;420.99;7.98;UNKNOWN
2016-03-12T01:23:14.000000;2016-03-12T01:23:14.000000;99f0758b-d46e-4340-bc50-f6d0c38aafb8;420.99;0.096825;UNKNOWN
2016-03-12T01:23:14.000000;2016-03-12T01:23:14.000000;08a49e3a-f7a2-455c-a91e-d2eab4132c19;420.99;0.03568037;UNKNOWN
2016-03-12T01:23:33.000000;2016-03-12T01:23:33.000000;4fb0d183-d3c3-495e-8845-0a7466a97016;421.0;100.0;UNKNOWN
2016-03-12T01:23:54.000000;2016-03-12T01:23:54.000000;acb06a61-8c92-4206-bf95-7fce76000e51;421.0;11.8586;UNKNOWN
2016-03-12T01:23:54.000000;2016-03-12T01:23:54.000000;6b357fa0-7931-412d-867a-fbc24e6ca6c4;420.99;9.35775216;UNKNOWN
2016-03-12T01:23:54.000000;2016-03-12T01:23:54.000000;c7b8559c-4212-4df2-aa15-7948db49c64b;420.99;0.15362463;UNKNOWN
2016-03-12T01:24:02.000000;2016-03-12T01:24:02.000000;82e2b141-c71a-42c4-a012-4b9b9275b2f5;421.0;11.8586;UNKNOWN
2016-03-12T01:24:03.000000;2016-03-12T01:24:03.000000;7907e55c-f5f8-4244-9598-935b1fe1533f;421.0;1.6602;UNKNOWN
2016-03-12T01:24:06.000000;2016-03-12T01:24:06.000000;745085c1-76e8-45f8-92a6-9b0e6e7af26a;421.0;0.25;UNKNOWN
2016-03-12T01:24:10.000000;2016-03-12T01:24:10.000000;80ef0dfe-3ead-4507-8d1b-d814380167fd;421.0;0.4269;UNKNOWN
2016-03-12T01:24:18.000000;2016-03-12T01:24:18.000000;498e3bc8-7eb9-4442-99dd-84aa0e2a13a2;421.1;0.01;UNKNOWN
2016-03-12T01:24:18.000000;2016-03-12T01:24:18.000000;ec6ae6d6-d3ba-4fb7-abc0-cb1958f3eaaf;421.0;0.01;UNKNOWN
2016-03-12T01:24:18.000000;2016-03-12T01:24:18.000000;906f82a6-55c6-4463-bb28-8f9ed2006d65;421.2;0.01;UNKNOWN
2016-03-12T01:24:18.000000;2016-03-12T01:24:18.000000;d5eff3e4-f5da-4abb-864f-71455abc4d59;421.4;0.01;UNKNOWN
2016-03-12T01:24:18.000000;2016-03-12T01:24:18.000000;0fb1b59c-649c-4130-93b7-462eab2d12be;421.0;0.2155;UNKNOWN
2016-03-12T01:24:18.000000;2016-03-12T01:24:18.000000;d72da7e9-9026-467a-bfc0-f1cbcfe64139;421.3;0.01;UNKNOWN
2016-03-12T01:24:18.000000;2016-03-12T01:24:18.000000;f9a29d08-b923-4fb5-91f0-1e349b1cfd8c;421.0;0.5;UNKNOWN
2016-03-12T01:26:29.000000;2016-03-12T01:26:29.000000;59136cf6-6cee-46e6-9683-800abf57de5f;421.51;3.0;UNKNOWN
2016-03-12T01:26:29.000000;2016-03-12T01:26:29.000000;59489b4e-3b8c-4570-ad08-d5c3f173f3b3;421.58;0.2997;UNKNOWN
2016-03-12T01:26:29.000000;2016-03-12T01:26:29.000000;0746a1ae-659d-4ab8-bd1d-189ad0e20d91;421.48;5.919;UNKNOWN
2016-03-12T01:26:29.000000;2016-03-12T01:26:29.000000;cb5c22ec-e885-4179-b757-eb7c1c45a233;421.5;0.01;UNKNOWN
2016-03-12T01:26:29.000000;2016-03-12T01:26:29.000000;19f09887-bc65-4f3e-baef-7fffd4c059ec;421.81;0.8344;UNKNOWN
2016-03-12T01:26:29.000000;2016-03-12T01:26:29.000000;f8c54e48-3d65-4376-a822-31b97b83004c;421.6;0.01;UNKNOWN
2016-03-12T01:26:29.000000;2016-03-12T01:26:29.000000;7e7b5c1b-bede-4650-8167-5a385f6ae961;421.7;0.01;UNKNOWN
2016-03-12T01:26:29.000000;2016-03-12T01:26:29.000000;6b16c184-f435-4278-8d2d-b35b36fce964;421.8;0.01;UNKNOWN
2016-03-12T01:26:29.000000;2016-03-12T01:26:29.000000;dbd60245-f42c-4a9a-9b54-673cdecaecd8;421.8;1.0;UNKNOWN
2016-03-12T01:27:51.000000;2016-03-12T01:27:51.000000;54e737c8-1df3-474b-b0a5-517f41a44273;421.3;0.02503;UNKNOWN
2016-03-12T01:28:42.000000;2016-03-12T01:28:42.000000;d57d54f3-8e50-4ec6-80de-b8abcb108fb4;421.3;0.17347133;UNKNOWN
2016-03-12T01:29:05.000000;2016-03-12T01:29:05.000000;0d1591ff-b60b-46e7-9d2f-df0e64143ba6;421.09;0.02504;UNKNOWN
2016-03-12T01:29:14.000000;2016-03-12T01:29:14.000000;1043200c-5dc0-4766-9960-fb10bee08156;421.09;0.046352;UNKNOWN
2016-03-12T01:29:15.000000;2016-03-12T01:29:15.000000;de77d016-c130-46f3-959a-27fa63db5539;421.09;0.0711945;UNKNOWN
2016-03-12T01:29:20.000000;2016-03-12T01:29:20.000000;cc3e60f6-ed52-4f73-8f60-442c68dd7567;421.09;0.08234798;UNKNOWN
2016-03-12T01:29:24.000000;2016-03-12T01:29:24.000000;8a380ae8-6389-401e-9a38-dfe32751259f;421.09;0.18096354;UNKNOWN
2016-03-12T01:29:29.000000;2016-03-12T01:29:29.000000;eea3d7cf-2cc4-42b6-8b16-6572d4b3a350;421.09;0.63230584;UNKNOWN
2016-03-12T01:29:49.000000;2016-03-12T01:29:49.000000;fdaaccd7-9862-4f58-a762-3cc3c35e4b05;421.09;0.19824019;UNKNOWN
2016-03-12T01:30:18.000000;2016-03-12T01:30:18.000000;67d352b4-50fa-49b1-8d5c-c25ee9d519e4;421.01;1.03244631;UNKNOWN
2016-03-12T01:30:18.000000;2016-03-12T01:30:18.000000;6c25da00-1e01-4796-9fa5-83f21353a364;421.02;5.8579;UNKNOWN
2016-03-12T01:31:40.000000;2016-03-12T01:31:40.000000;674f783a-5138-42a7-9ca0-3016ee1d8397;421.01;0.01482;UNKNOWN
2016-03-12T01:32:39.000000;2016-03-12T01:32:39.000000;c783c456-ce21-464f-b50c-118ba9ae1056;421.03;5.8839;UNKNOWN
2016-03-12T01:32:50.000000;2016-03-12T01:32:50.000000;86bd4cc3-607a-45d4-959a-16b7c608e37a;421.79;0.02;UNKNOWN
2016-03-12T01:32:55.000000;2016-03-12T01:32:55.000000;61faf494-837a-47a1-b195-37f9bb40bef1;421.19;6.0;UNKNOWN
2016-03-12T01:32:55.000000;2016-03-12T01:32:55.000000;671b21b2-fa2e-4060-92d2-7bf56df6efb9;421.18;4.3442;UNKNOWN
2016-03-12T01:32:55.000000;2016-03-12T01:32:55.000000;c1bb4d21-6ff4-4bd4-8bcd-2166b178718b;421.2;5.8508;UNKNOWN
2016-03-12T01:32:55.000000;2016-03-12T01:32:55.000000;ccbbe0c6-6675-413a-98a8-49f6172807c3;421.19;3.0;UNKNOWN
2016-03-12T01:32:55.000000;2016-03-12T01:32:55.000000;db3866e6-38fe-4ab9-ba8d-d2728aba024b;421.19;0.5;UNKNOWN
2016-03-12T01:33:13.000000;2016-03-12T01:33:13.000000;76bdc712-36d1-45d9-b28a-cf302aff75d1;421.37;0.02;UNKNOWN
2016-03-12T01:33:23.000000;2016-03-12T01:33:23.000000;3a53e66f-472c-43fc-bdcc-722e015a6bc5;421.29;0.02;UNKNOWN
2016-03-12T01:33:36.000000;2016-03-12T01:33:36.000000;822d280f-8ec5-42ac-a94d-04d049dd9c1e;421.25;0.02;UNKNOWN
2016-03-12T01:33:46.000000;2016-03-12T01:33:46.000000;1f1f7072-c38a-410f-b06b-9e3b02174091;421.23;0.02;UNKNOWN
2016-03-12T01:34:06.000000;2016-03-12T01:34:06.000000;1fa5f040-5855-44c0-827b-c79512afccde;421.19;0.02;UNKNOWN
2016-03-12T01:34:21.000000;2016-03-12T01:34:21.000000;40883b0c-a01a-4755-b50b-36b589182838;421.06;0.02;UNKNOWN
2016-03-12T01:36:27.000000;2016-03-12T01:36:27.000000;c638d139-3f73-469a-8c54-651356a05247;420.99;0.27;UNKNOWN
2016-03-12T01:36:27.000000;2016-03-12T01:36:27.000000;c47ce09b-9ca5-450e-b67b-89e64bc7fac2;420.88;0.2180105;UNKNOWN
2016-03-12T01:37:15.000000;2016-03-12T01:37:15.000000;d682d102-1f08-4d51-8e24-f4597e858a83;420.85;0.3527;UNKNOWN
2016-03-12T01:37:31.000000;2016-03-12T01:37:31.000000;a9ef01fe-f0c2-4996-8a91-ece482fee215;420.85;0.3683;UNKNOWN
2016-03-12T01:38:06.000000;2016-03-12T01:38:06.000000;5a2bf898-270b-4701-b447-9792c69640fb;420.7;0.03930144;UNKNOWN
2016-03-12T01:38:16.000000;2016-03-12T01:38:16.000000;04d04d1e-6b05-404c-b384-b3ff90688322;420.83;0.4224;UNKNOWN
2016-03-12T01:38:55.000000;2016-03-12T01:38:55.000000;1e96b2f0-5fcf-40c1-8b72-87f7e17d402b;420.85;0.367;UNKNOWN
2016-03-12T01:38:58.000000;2016-03-12T01:38:58.000000;3db2ef83-44b5-4f29-bdec-7d1662b12c06;420.71;0.54707547;UNKNOWN
2016-03-12T01:39:00.000000;2016-03-12T01:39:00.000000;b35c9dbc-c565-47fa-be20-df9cacf67223;420.85;5.5206;UNKNOWN
2016-03-12T01:39:39.000000;2016-03-12T01:39:39.000000;0c79fb04-6707-4837-95b3-ed19d9581fb6;421.09;0.54707547;UNKNOWN
2016-03-12T01:40:12.000000;2016-03-12T01:40:12.000000;56435bf4-dcfc-4110-9156-a30a69b9636c;421.36;0.06;UNKNOWN
2016-03-12T01:40:42.000000;2016-03-12T01:40:42.000000;7429095d-9869-478b-ab08-c34bc098342b;421.14;0.34500045;UNKNOWN
2016-03-12T01:42:10.000000;2016-03-12T01:42:10.000000;48abba31-2ac6-4dfb-bc42-5e421e33ed59;421.25;0.14259612;UNKNOWN
2016-03-12T01:42:12.000000;2016-03-12T01:42:12.000000;82de6266-6251-402f-a6c4-c8e73a94fa61;421.26;0.1392411;UNKNOWN
2016-03-12T01:44:25.000000;2016-03-12T01:44:25.000000;2820e9d2-9cf2-49c5-91a5-3654994fc8d9;421.3;0.024421;UNKNOWN
2016-03-12T01:44:28.000000;2016-03-12T01:44:28.000000;f18d37d5-1a3d-4c96-89d3-20462b8c4b2c;421.28;0.026137;UNKNOWN
2016-03-12T01:44:44.000000;2016-03-12T01:44:44.000000;3c3c9b1c-f712-4306-8b9b-4245c4c91a39;421.28;0.03963284;UNKNOWN
2016-03-12T01:45:32.000000;2016-03-12T01:45:32.000000;24539cc1-9245-458f-bf0f-5ad40d4a3cd1;421.28;0.27410973;UNKNOWN
2016-03-12T01:46:23.000000;2016-03-12T01:46:23.000000;36ca6378-84b2-462e-94c7-df207e3bc8c3;421.28;1.67;UNKNOWN
2016-03-12T01:46:30.000000;2016-03-12T01:46:30.000000;0755e252-8d2f-48cf-843e-da6b311c2dff;421.31;0.02;UNKNOWN
2016-03-12T01:47:02.000000;2016-03-12T01:47:02.000000;a311fda4-f0a5-45cf-aea1-ca6fffa5262b;421.31;0.0189;UNKNOWN
2016-03-12T01:48:25.000000;2016-03-12T01:48:25.000000;899b893d-e3e1-4364-a244-63da3ee96160;421.31;0.46018;UNKNOWN
2016-03-12T01:51:51.000000;2016-03-12T01:51:51.000000;6e90f36e-3bd1-438d-8c02-63020b90bacc;421.26;0.515329;UNKNOWN
2016-03-12T01:54:33.000000;2016-03-12T01:54:33.000000;9eefd9d4-252b-4c35-82ea-dc35c3a81f94;421.25;5.0;UNKNOWN
2016-03-12T01:55:03.000000;2016-03-12T01:55:03.000000;404b4530-1716-440b-b7ae-d489a1e64201;421.16;0.499;UNKNOWN
2016-03-12T01:56:26.000000;2016-03-12T01:56:26.000000;6874ed21-0421-43b9-bb53-8ff66cc5598c;421.1;7.57372953;UNKNOWN
2016-03-12T01:57:54.000000;2016-03-12T01:57:54.000000;eb5281c9-1c6f-4add-a3ed-a5754c5f49de;421.1;0.03801;UNKNOWN
2016-03-12T01:57:58.000000;2016-03-12T01:57:58.000000;680b6dfb-7cbe-4370-8eb8-6dba6f835f8b;421.1;0.036076;UNKNOWN
2016-03-12T01:58:01.000000;2016-03-12T01:58:01.000000;58d750cd-34a9-4a73-a5b2-0d58809657b6;421.1;0.031729;UNKNOWN
2016-03-12T02:03:01.000000;2016-03-12T02:03:01.000000;6f9e5a7b-c3d3-435f-8a47-745c0b8220eb;421.1;0.014667;UNKNOWN
2016-03-12T02:03:19.000000;2016-03-12T02:03:19.000000;bf99d856-3172-4011-80b2-6313530a0a2e;421.1;19.36733887;UNKNOWN
2016-03-12T02:04:37.000000;2016-03-12T02:04:37.000000;4a2ce71c-a3c2-4acd-98f3-1ab9303b8086;421.1;0.015491;UNKNOWN
2016-03-12T02:06:00.000000;2016-03-12T02:06:00.000000;07a365df-fa87-4e9c-91ac-2f9f7247f5d3;421.1;0.92830855;UNKNOWN
2016-03-12T02:06:14.000000;2016-03-12T02:06:14.000000;0daec6dc-3ce8-4a1e-b17f-6e410e594856;421.1;0.12847748;UNKNOWN
2016-03-12T02:06:16.000000;2016-03-12T02:06:16.000000;7eca8ea0-398f-4868-a037-eb8c7a86ac25;421.1;3.0;UNKNOWN
2016-03-12T02:07:06.000000;2016-03-12T02:07:06.000000;58c2c26c-b748-4229-8c36-f70a67df7d9b;421.11;0.686;UNKNOWN
2016-03-12T02:07:48.000000;2016-03-12T02:07:48.000000;aef66237-1fc2-4694-a13a-f9ec84b98ab7;421.1;2.60513326;UNKNOWN
2016-03-12T02:08:21.000000;2016-03-12T02:08:21.000000;6600eba9-c048-4713-b4e2-e7484cb96f0c;421.1;1.00404169;UNKNOWN
2016-03-12T02:08:44.000000;2016-03-12T02:08:44.000000;3b197692-ddae-4d2b-aa29-6e2b5942593b;421.1;7.25699762;UNKNOWN
2016-03-12T02:08:51.000000;2016-03-12T02:08:51.000000;3f505cb6-4845-44b9-86e0-1dd77fb3d06d;420.3;0.01;UNKNOWN
2016-03-12T02:08:51.000000;2016-03-12T02:08:51.000000;a46ee338-d1a5-4c5e-975b-5f9704e1b5ea;420.1;0.01;UNKNOWN
2016-03-12T02:08:51.000000;2016-03-12T02:08:51.000000;3110d8f3-f4c0-40e2-91ce-3c34a2f8ae13;419.3;0.01;UNKNOWN
2016-03-12T02:08:51.000000;2016-03-12T02:08:51.000000;4b8499f8-08ee-4741-a2e4-1728027ac9a8;419.04;13.4837;UNKNOWN
2016-03-12T02:08:51.000000;2016-03-12T02:08:51.000000;1ccaa466-81fc-4725-b32f-33e340be17aa;420.2;0.01;UNKNOWN
2016-03-12T02:08:51.000000;2016-03-12T02:08:51.000000;2138ab7f-fc7c-4615-8a5a-5682e99949b4;419.0;40.0;UNKNOWN
2016-03-12T02:08:51.000000;2016-03-12T02:08:51.000000;27ebfd2a-eea3-410b-91f9-5fc0619cd1fa;419.0;5.0;UNKNOWN
2016-03-12T02:08:51.000000;2016-03-12T02:08:51.000000;11ff425f-df7c-472e-be16-378faef4d66f;419.0;6.87783217;UNKNOWN
2016-03-12T02:08:51.000000;2016-03-12T02:08:51.000000;2bd05f3b-0360-43d2-afe8-a7e336f3e11d;419.1;5.0;UNKNOWN
2016-03-12T02:08:51.000000;2016-03-12T02:08:51.000000;c40069d4-87ff-4d9c-b77a-5816fb5b620e;419.1;0.01;UNKNOWN
2016-03-12T02:08:51.000000;2016-03-12T02:08:51.000000;bd2fbdf2-95dd-4d3b-8bcc-5926fd8ea27e;419.0;0.01;UNKNOWN
2016-03-12T02:08:51.000000;2016-03-12T02:08:51.000000;dea99448-a13b-4e55-b236-dd4d0bc07203;418.9;0.01;UNKNOWN
2016-03-12T02:08:51.000000;2016-03-12T02:08:51.000000;7f7cc273-6913-4c1b-9c84-d18d8f8dfe6a;419.7;0.01;UNKNOWN
2016-03-12T02:08:51.000000;2016-03-12T02:08:51.000000;afcf156f-0c1d-4b34-89a3-d89c987e9a79;418.92;8.8;UNKNOWN
2016-03-12T02:08:51.000000;2016-03-12T02:08:51.000000;f95cea90-e460-41b7-b43c-7dde09fae0ac;419.18;12.11;UNKNOWN
2016-03-12T02:08:51.000000;2016-03-12T02:08:51.000000;148351fd-bb76-40fc-9069-0c7ee84e6799;419.6;0.01;UNKNOWN
2016-03-12T02:08:51.000000;2016-03-12T02:08:51.000000;bd101f2c-a505-43d3-835b-183913785edb;419.9;0.01;UNKNOWN
2016-03-12T02:08:51.000000;2016-03-12T02:08:51.000000;00160f34-b00d-4327-964a-e4d0095e9656;418.91;12.9249;UNKNOWN
2016-03-12T02:08:51.000000;2016-03-12T02:08:51.000000;22bb9ba0-e19f-4fd4-b24e-ae7646a3db5d;418.9;5.0;UNKNOWN
2016-03-12T02:08:51.000000;2016-03-12T02:08:51.000000;191c6bac-79ed-4016-8245-3ef2a49b0bc2;420.22;0.02;UNKNOWN
2016-03-12T02:08:51.000000;2016-03-12T02:08:51.000000;e053a45b-9506-4f8c-b512-07cc7deec29d;418.91;2.26;UNKNOWN
2016-03-12T02:08:51.000000;2016-03-12T02:08:51.000000;d0e53fdc-fc15-4143-b2a8-bc417ffdb565;420.7;1.26069856;UNKNOWN
2016-03-12T02:08:51.000000;2016-03-12T02:08:51.000000;24bd3e5b-bbb1-4275-b719-32b75a89b42f;418.89;0.452;UNKNOWN
2016-03-12T02:08:51.000000;2016-03-12T02:08:51.000000;0235af82-afd9-494b-8171-c578babdae0d;418.76;3.93346927;UNKNOWN
2016-03-12T02:08:51.000000;2016-03-12T02:08:51.000000;5f386eb4-7304-422c-b34e-009acb1ff113;420.0;0.01;UNKNOWN
2016-03-12T02:08:51.000000;2016-03-12T02:08:51.000000;bd227094-1b72-454f-b066-ae36fcc3d175;420.22;0.2;UNKNOWN
2016-03-12T02:08:51.000000;2016-03-12T02:08:51.000000;3e6561d9-4d2b-4ce5-bef2-e0e4d27991b5;418.89;4.53;UNKNOWN
2016-03-12T02:08:51.000000;2016-03-12T02:08:51.000000;b449b566-af02-4dd1-847f-de39eccb2b47;418.77;20.02;UNKNOWN
2016-03-12T02:08:51.000000;2016-03-12T02:08:51.000000;46801031-ac8f-416b-93c4-c1bd2c79fbb2;419.2;0.01;UNKNOWN
2016-03-12T02:08:51.000000;2016-03-12T02:08:51.000000;e72361e6-ba05-43a7-ad5e-bd96b28e2524;419.4;0.01;UNKNOWN
2016-03-12T02:08:51.000000;2016-03-12T02:08:51.000000;c2522324-7d4b-464d-950c-b4212bc96910;418.8;0.01;UNKNOWN
2016-03-12T02:08:51.000000;2016-03-12T02:08:51.000000;814c08cd-1b78-4337-8dcf-2ed78aeedbdc;419.75;12.0069;UNKNOWN
2016-03-12T02:08:51.000000;2016-03-12T02:08:51.000000;0d6c1fc2-ab04-4d1c-af0a-77499c7eba25;419.82;6.0;UNKNOWN
2016-03-12T02:08:51.000000;2016-03-12T02:08:51.000000;9be8ce4c-9aef-4738-abd8-880f732ed01c;418.81;0.25;UNKNOWN
2016-03-12T02:08:51.000000;2016-03-12T02:08:51.000000;74149bf3-d48f-44e9-87ae-d5c921740eaa;419.8;0.01;UNKNOWN
2016-03-12T02:08:51.000000;2016-03-12T02:08:51.000000;f93a2886-517a-4061-b593-696cbb774d60;419.8;11.9109;UNKNOWN
2016-03-12T02:08:51.000000;2016-03-12T02:08:51.000000;ee82770a-8d52-40d6-bb3f-acffa342d45f;419.78;8.21;UNKNOWN
2016-03-12T02:08:51.000000;2016-03-12T02:08:51.000000;924d3337-4294-4657-b790-c0c0bfc567cd;419.78;12.0;UNKNOWN
2016-03-12T02:08:51.000000;2016-03-12T02:08:51.000000;9fe47451-c94e-4cc6-847a-582191637adb;418.88;45.0;UNKNOWN
2016-03-12T02:08:51.000000;2016-03-12T02:08:51.000000;9f4b5370-eed0-4d0a-8c7d-7384e0853e70;418.8;5.0;UNKNOWN
2016-03-12T02:08:51.000000;2016-03-12T02:08:51.000000;039d9779-fe46-4ff9-9a34-c309b3b0fd08;419.32;11.6807;UNKNOWN
2016-03-12T02:08:51.000000;2016-03-12T02:08:51.000000;fcafaf0d-e4f2-4ef2-a8a9-491e30cb49fe;419.5;0.01;UNKNOWN
2016-03-12T02:08:51.000000;2016-03-12T02:08:51.000000;fca1e12f-8065-427b-b1e4-c32c20b16fc6;419.47;12.8718;UNKNOWN
2016-03-12T02:08:51.000000;2016-03-12T02:08:51.000000;88f3ad44-e846-496f-aadc-ce28476d85c1;419.48;18.0;UNKNOWN
2016-03-12T02:08:51.000000;2016-03-12T02:08:51.000000;44e54231-19e8-4eb6-9ab4-882185337a8e;418.79;0.2;UNKNOWN
2016-03-12T02:08:51.000000;2016-03-12T02:08:51.000000;e5970f36-c048-4b55-bccb-aa323ea04e46;419.6;5.65;UNKNOWN
2016-03-12T02:08:51.000000;2016-03-12T02:08:51.000000;2328164b-cca4-4784-bc36-b70a14d4e8ea;419.59;12.3871;UNKNOWN
2016-03-12T02:09:03.000000;2016-03-12T02:09:03.000000;41bc2196-ab5a-4b30-9a63-05f7cf0db0c3;419.85;0.06048957;UNKNOWN
2016-03-12T02:09:06.000000;2016-03-12T02:09:06.000000;f8da5ae4-c522-4033-80ad-8efdc0b0ba3c;419.92;3.0;UNKNOWN
2016-03-12T02:09:07.000000;2016-03-12T02:09:07.000000;92b8d8e8-ac21-4225-b0ae-dc04f8a24a6e;419.94;15.0;UNKNOWN
2016-03-12T02:09:35.000000;2016-03-12T02:09:35.000000;7f8faf24-c73f-493d-a353-140b47f13051;419.85;11.44831043;UNKNOWN
2016-03-12T02:09:35.000000;2016-03-12T02:09:35.000000;d55d6202-19ab-4d00-b0bc-e8d650c58d3f;419.74;4.32633444;UNKNOWN
2016-03-12T02:09:35.000000;2016-03-12T02:09:35.000000;5b0569e9-5728-4714-a8c8-4124b6fcec65;419.87;8.57;UNKNOWN
2016-03-12T02:09:35.000000;2016-03-12T02:09:35.000000;e79fe906-e95c-4398-a30e-83628e895c59;419.96;9.73;UNKNOWN
2016-03-12T02:09:35.000000;2016-03-12T02:09:35.000000;7a45458b-409d-4c2c-b455-6d0b3db41d71;419.95;0.189626;UNKNOWN
2016-03-12T02:10:52.000000;2016-03-12T02:10:52.000000;6b9b9fb4-1ca1-42b7-accd-e972571c5e14;419.8;10.0;UNKNOWN
2016-03-12T02:11:33.000000;2016-03-12T02:11:33.000000;0e7a8999-67e0-4497-a241-1ee0aef012e6;419.54;14.4846;UNKNOWN
2016-03-12T02:11:33.000000;2016-03-12T02:11:33.000000;00b186ad-f30d-4984-9f79-d5a1d6991c66;419.55;10.01;UNKNOWN
2016-03-12T02:11:33.000000;2016-03-12T02:11:33.000000;ff763821-9edb-4ab6-9dfd-a06db2914d29;419.15;2.53;UNKNOWN
2016-03-12T02:11:33.000000;2016-03-12T02:11:33.000000;57f8d29b-b810-49d1-b80a-301fa00774d1;419.12;3.6762;UNKNOWN
2016-03-12T02:11:33.000000;2016-03-12T02:11:33.000000;ae8366d7-4e6a-494a-9abc-849365e65f9f;419.2;11.4412;UNKNOWN
2016-03-12T02:11:33.000000;2016-03-12T02:11:33.000000;f4b54685-d6a6-4dcc-87ec-c1f8a12263ef;419.11;11.4;UNKNOWN
2016-03-12T02:11:33.000000;2016-03-12T02:11:33.000000;5e191176-ec9e-42e4-a8a2-1ec5520778f7;419.2;6.07;UNKNOWN
2016-03-12T02:11:33.000000;2016-03-12T02:11:33.000000;69d80bbf-c059-49b0-9e8c-521b98dc5dee;419.03;13.537;UNKNOWN
2016-03-12T02:11:33.000000;2016-03-12T02:11:33.000000;654a080a-4639-4f77-95fb-7ed8d06ae550;418.88;14.26;UNKNOWN
2016-03-12T02:11:33.000000;2016-03-12T02:11:33.000000;1dab35c3-c9d5-4d6e-9d18-77f95a298ef2;418.87;8.1038;UNKNOWN
2016-03-12T02:11:33.000000;2016-03-12T02:11:33.000000;e55892fa-eeea-49a0-8359-8ba358d90a9f;419.1;25.0;UNKNOWN
2016-03-12T02:11:33.000000;2016-03-12T02:11:33.000000;08d3aa3c-9a5d-421b-8ed1-a83e0a15a539;419.14;12.9872;UNKNOWN
2016-03-12T02:11:38.000000;2016-03-12T02:11:38.000000;3c9aa65e-faee-4146-9533-d469907a653b;419.11;2.0;UNKNOWN
2016-03-12T02:11:39.000000;2016-03-12T02:11:39.000000;ccbf0eb6-4409-4ebd-9717-a88263e7a4c2;419.11;2.0;UNKNOWN
2016-03-12T02:12:06.000000;2016-03-12T02:12:06.000000;72de551a-c753-48e1-8ae6-8d2be58d2aaf;419.11;0.06536656;UNKNOWN
2016-03-12T02:12:28.000000;2016-03-12T02:12:28.000000;e8fbad46-a0ac-4d00-9011-5828c045d10b;419.12;1.25941239;UNKNOWN
2016-03-12T02:12:56.000000;2016-03-12T02:12:56.000000;3dced4ed-4819-4efe-93d6-25077f7db2f9;419.22;0.014214;UNKNOWN
2016-03-12T02:13:26.000000;2016-03-12T02:13:26.000000;e27db0d5-f9ed-4e8c-aa81-ba2c4f6de860;419.22;2.80863;UNKNOWN
2016-03-12T02:14:14.000000;2016-03-12T02:14:14.000000;9be809c0-0a25-4fcb-9717-212ad61fb663;419.32;0.011259;UNKNOWN
2016-03-12T02:15:07.000000;2016-03-12T02:15:07.000000;d2f6daac-0780-47ef-b750-00fae91d7698;419.38;8.96797778;UNKNOWN
2016-03-12T02:15:14.000000;2016-03-12T02:15:14.000000;07556560-f7ae-40a7-9c26-7102527815ea;419.62;0.3883;UNKNOWN
2016-03-12T02:16:08.000000;2016-03-12T02:16:08.000000;c532fae9-2d55-47e2-94dd-56ef3cc080be;419.04;0.010072;UNKNOWN
2016-03-12T02:16:12.000000;2016-03-12T02:16:12.000000;32620fa7-c871-41d6-9e1b-5999766ea409;419.48;0.013282;UNKNOWN
2016-03-12T02:16:30.000000;2016-03-12T02:16:30.000000;a6cccf12-aaf3-429b-8b96-42300c35f829;419.49;0.1;UNKNOWN
2016-03-12T02:18:06.000000;2016-03-12T02:18:06.000000;cfdfe098-ae21-471f-8d5f-114bf696d0f0;419.04;0.1;UNKNOWN
2016-03-12T02:18:06.000000;2016-03-12T02:18:06.000000;9623b5ed-6882-4f00-8638-9ff0a38d1a0c;419.0;12.8143;UNKNOWN
2016-03-12T02:18:06.000000;2016-03-12T02:18:06.000000;6b6d9a24-354a-44cf-bf71-cc38288c5720;419.19;1.86;UNKNOWN
2016-03-12T02:18:06.000000;2016-03-12T02:18:06.000000;cdc91995-af73-4091-9d40-d973ff0da9d4;419.18;12.4974;UNKNOWN
2016-03-12T02:18:06.000000;2016-03-12T02:18:06.000000;307df076-2066-417f-a1f7-56b870a8b1c7;418.9;2.51190906;UNKNOWN
2016-03-12T02:18:06.000000;2016-03-12T02:18:06.000000;d6fa4de1-dfee-44ad-a6ad-7da0326b1026;419.01;5.84;UNKNOWN
2016-03-12T02:19:17.000000;2016-03-12T02:19:17.000000;03cd6887-5560-4649-8e5c-e9ed27d81599;418.73;0.4;UNKNOWN
2016-03-12T02:19:17.000000;2016-03-12T02:19:17.000000;b869610e-7131-4143-acc9-660ab4f9b957;418.6;5.0;UNKNOWN
2016-03-12T02:19:17.000000;2016-03-12T02:19:17.000000;b80cd747-e2f2-46e3-b6b5-d5266a8da29c;418.6;0.01;UNKNOWN
2016-03-12T02:19:17.000000;2016-03-12T02:19:17.000000;17762a5a-bd43-4bc7-9a4e-72cb0ea35214;418.56;5.80663054;UNKNOWN
2016-03-12T02:19:17.000000;2016-03-12T02:19:17.000000;ccc37769-fab4-40f4-8527-88c3cf13414e;418.7;5.0;UNKNOWN
2016-03-12T02:19:17.000000;2016-03-12T02:19:17.000000;876103dc-5416-45dc-9676-e04cb559d72c;418.89;1.77336946;UNKNOWN
2016-03-12T02:19:17.000000;2016-03-12T02:19:17.000000;b26862c9-7ca6-4b3a-b314-695267cf1b2a;418.7;0.01;UNKNOWN
2016-03-12T02:19:48.000000;2016-03-12T02:19:48.000000;15b89bb1-4f9d-4783-89a2-c676bdece43c;419.16;12.0;UNKNOWN
2016-03-12T02:19:50.000000;2016-03-12T02:19:50.000000;d0aed2df-1de7-44df-8b0a-5da06711a2c2;419.16;0.14;UNKNOWN
2016-03-12T02:19:58.000000;2016-03-12T02:19:58.000000;89d8018e-7ddf-4d35-b444-62363417a58a;418.5;0.4853;UNKNOWN
2016-03-12T02:19:58.000000;2016-03-12T02:19:58.000000;f70be66a-ac6c-4e22-9db1-1812815376a4;418.5;0.58;UNKNOWN
2016-03-12T02:19:58.000000;2016-03-12T02:19:58.000000;a42d376d-4920-4bc8-aff8-b79d6f4fc19f;418.52;4.50013339;UNKNOWN
2016-03-12T02:19:58.000000;2016-03-12T02:19:58.000000;d6e03ab7-01a5-4a14-b35e-8452bbbc3225;418.52;0.38986661;UNKNOWN
2016-03-12T02:19:58.000000;2016-03-12T02:19:58.000000;2710ceec-d2ab-4314-bb3e-2c8ca0cb966b;418.5;5.0;UNKNOWN
2016-03-12T02:19:58.000000;2016-03-12T02:19:58.000000;8cecc12b-026b-46cb-a448-346137941f52;418.54;0.49986661;UNKNOWN
2016-03-12T02:19:58.000000;2016-03-12T02:19:58.000000;4ce1949f-8e91-40c1-a51b-30b7888dd2bd;418.5;0.04964172;UNKNOWN
2016-03-12T02:19:58.000000;2016-03-12T02:19:58.000000;8780a612-bf13-4a61-91b5-574c763e2538;418.5;5.0;UNKNOWN
2016-03-12T02:19:58.000000;2016-03-12T02:19:58.000000;c41e3a92-9799-4b3f-a610-942acee789fb;418.51;13.98;UNKNOWN
2016-03-12T02:19:58.000000;2016-03-12T02:19:58.000000;9e45fed9-436a-45e6-87ae-d9d2843dfbe7;418.5;2.0;UNKNOWN
2016-03-12T02:19:58.000000;2016-03-12T02:19:58.000000;d3ed2ec5-8d78-4c55-ac8a-6bcd9c8e630f;418.5;0.01;UNKNOWN
2016-03-12T02:19:58.000000;2016-03-12T02:19:58.000000;0f61ef0a-c8c1-414b-a230-22b96e781f23;418.5;2.17333339;UNKNOWN
2016-03-12T02:19:58.000000;2016-03-12T02:19:58.000000;5cfae280-b765-40f9-ae54-0e3a402875ab;418.5;5.0;UNKNOWN
2016-03-12T02:19:58.000000;2016-03-12T02:19:58.000000;7cf42797-9343-4045-9093-e06a5a9bcd1b;418.5;0.0668;UNKNOWN
2016-03-12T02:20:01.000000;2016-03-12T02:20:01.000000;0551bb10-781e-42f1-af50-fb80a7365bdf;418.55;5.0;UNKNOWN
2016-03-12T02:20:05.000000;2016-03-12T02:20:05.000000;4a2b537c-9a7e-4ade-84ab-8065783d28cd;418.55;4.0855276;UNKNOWN
2016-03-12T02:20:18.000000;2016-03-12T02:20:18.000000;a2e31714-5efe-4121-ada4-881ad75f1a4e;418.97;3.0;UNKNOWN
2016-03-12T02:20:18.000000;2016-03-12T02:20:18.000000;d5e274b8-aa03-436e-99b6-75a3cfb2389c;418.98;1.7398;UNKNOWN
2016-03-12T02:20:26.000000;2016-03-12T02:20:26.000000;4e1e00ce-98c4-4cf1-9046-91337982a64a;418.96;0.28542812;UNKNOWN
2016-03-12T02:20:29.000000;2016-03-12T02:20:29.000000;79968109-754d-48d7-85f5-192b8bc40dd8;418.41;7.9473;UNKNOWN
2016-03-12T02:20:29.000000;2016-03-12T02:20:29.000000;050b1d11-720d-4491-ad69-9bbd4651417b;418.75;9.94;UNKNOWN
2016-03-12T02:20:29.000000;2016-03-12T02:20:29.000000;ab550fec-c9c1-424c-b405-310fc0d1b5a0;418.55;4.4686724;UNKNOWN
2016-03-12T02:20:29.000000;2016-03-12T02:20:29.000000;06c4d1b3-07fc-4d28-af3e-024c5ba27902;418.74;10.5753;UNKNOWN
2016-03-12T02:20:29.000000;2016-03-12T02:20:29.000000;63b51db9-246f-4fac-bc0f-b98f5579aaa1;418.61;1.67;UNKNOWN
2016-03-12T02:20:29.000000;2016-03-12T02:20:29.000000;f6c1caf4-3e23-40b5-ae92-957b3fae99a0;418.53;11.8217;UNKNOWN
2016-03-12T02:20:29.000000;2016-03-12T02:20:29.000000;6d95a322-c0eb-40cd-8889-2defd456d6eb;418.5;10.29172489;UNKNOWN
2016-03-12T02:20:29.000000;2016-03-12T02:20:29.000000;1ecf2bb1-baed-4dc9-9fb4-7fc13a361eee;418.74;11.2141;UNKNOWN
2016-03-12T02:20:29.000000;2016-03-12T02:20:29.000000;0bb74ad5-c6db-44c8-92b4-4472e9d8476b;418.4;0.01;UNKNOWN
2016-03-12T02:20:29.000000;2016-03-12T02:20:29.000000;60d73349-3aee-44b5-a0a4-ab2619568208;418.39;7.06120271;UNKNOWN
2016-03-12T02:20:29.000000;2016-03-12T02:20:29.000000;a174ded0-4ae8-4557-84ab-811c36263fad;418.4;5.0;UNKNOWN
2016-03-12T02:20:33.000000;2016-03-12T02:20:33.000000;62cbf88a-3f52-40a2-9080-a64dc917a91f;418.94;0.01027524;UNKNOWN
2016-03-12T02:20:37.000000;2016-03-12T02:20:37.000000;1122c036-ed36-4eb6-936c-1db28ede328a;418.92;0.49314671;UNKNOWN
2016-03-12T02:20:41.000000;2016-03-12T02:20:41.000000;4c4fe67b-783b-44b2-9a69-1cd8bde7e890;418.39;2.0;UNKNOWN
2016-03-12T02:20:41.000000;2016-03-12T02:20:41.000000;50a06c47-467a-4bd8-80c5-32635615f52a;418.39;0.26;UNKNOWN
2016-03-12T02:20:42.000000;2016-03-12T02:20:42.000000;411a42d9-5290-46a3-a45a-64daed31442f;418.9;0.01022531;UNKNOWN
2016-03-12T02:20:47.000000;2016-03-12T02:20:47.000000;997121d7-bab1-48b3-9c8e-0503ad1837aa;418.86;0.01060984;UNKNOWN
2016-03-12T02:20:51.000000;2016-03-12T02:20:51.000000;42d22702-c932-42e1-85cd-da65cc6d3fec;418.81;0.38071772;UNKNOWN
2016-03-12T02:20:53.000000;2016-03-12T02:20:53.000000;587716a0-47d9-4e54-b384-1a7abdbf18d1;418.8;5.9125;UNKNOWN
2016-03-12T02:20:53.000000;2016-03-12T02:20:53.000000;daf38cca-bb90-44d3-8455-90fab109fc15;419.1;4.0875;UNKNOWN
2016-03-12T02:20:57.000000;2016-03-12T02:20:57.000000;37db3ba4-56e0-4f5f-9526-6e58fbafe869;419.16;0.0897528;UNKNOWN
2016-03-12T02:21:00.000000;2016-03-12T02:21:00.000000;d82d2bcc-59f3-4204-80d8-d00a0153be6a;419.0;80.0;UNKNOWN
2016-03-12T02:21:01.000000;2016-03-12T02:21:01.000000;f307b855-245c-443c-acdd-27cd481aacb0;419.09;0.49263882;UNKNOWN
2016-03-12T02:21:09.000000;2016-03-12T02:21:09.000000;1acc8c66-ad2c-42ba-aba8-d8e80c990662;419.16;0.8174472;UNKNOWN
2016-03-12T02:21:09.000000;2016-03-12T02:21:09.000000;e5e33fee-b17f-4052-82b5-4ce2daee5139;419.4;0.6825528;UNKNOWN
2016-03-12T02:21:18.000000;2016-03-12T02:21:18.000000;c3519439-b3e2-4bff-b2df-9ee924e1bbfb;419.42;1.46447;UNKNOWN
2016-03-12T02:21:21.000000;2016-03-12T02:21:21.000000;c5389161-a182-4956-b63b-ffe10f20d9bd;419.37;0.29031498;UNKNOWN
2016-03-12T02:21:24.000000;2016-03-12T02:21:24.000000;1dbbc2a9-c09c-42f9-a12c-0211dfac68ce;419.0;0.98238903;UNKNOWN
2016-03-12T02:21:29.000000;2016-03-12T02:21:29.000000;7f24d20c-5df7-4fb9-a89d-581b75c4693b;419.14;0.49071678;UNKNOWN
2016-03-12T02:21:34.000000;2016-03-12T02:21:34.000000;35df0f7a-617e-4d25-b0a7-46813d6ac8a9;419.34;0.013588;UNKNOWN
2016-03-12T02:21:39.000000;2016-03-12T02:21:39.000000;7ad8c054-01aa-4b05-af33-ecc1b4727ab1;419.34;0.49894486;UNKNOWN
2016-03-12T02:21:45.000000;2016-03-12T02:21:45.000000;587d8806-3b28-4749-bc69-1356ef47d06a;419.31;0.01;UNKNOWN
2016-03-12T02:21:50.000000;2016-03-12T02:21:50.000000;0eca721a-5b57-4e56-8f73-0d2d749ecd16;419.31;0.42266784;UNKNOWN
2016-03-12T02:21:55.000000;2016-03-12T02:21:55.000000;61af58b8-f1d4-4cd7-a1e6-7f0fae3ec286;419.29;0.08726153;UNKNOWN
2016-03-12T02:22:05.000000;2016-03-12T02:22:05.000000;40d25f50-1ffe-4fc1-a594-cb6fb9ef2031;419.28;0.49820154;UNKNOWN
2016-03-12T02:22:10.000000;2016-03-12T02:22:10.000000;83f8e571-a206-4145-94e5-5013457c03a3;419.47;0.38843344;UNKNOWN
2016-03-12T02:22:15.000000;2016-03-12T02:22:15.000000;58333295-955c-40c2-a08d-57c5ee9cf4e0;419.46;0.08986245;UNKNOWN
2016-03-12T02:22:34.000000;2016-03-12T02:22:34.000000;cfdb0201-f3b0-4605-8cc2-026b104e45b1;419.47;0.01;UNKNOWN
2016-03-12T02:22:40.000000;2016-03-12T02:22:40.000000;4d08852d-b8ea-4db1-80e6-6ca586753eb2;419.46;0.49148354;UNKNOWN
2016-03-12T02:22:45.000000;2016-03-12T02:22:45.000000;41c6d5d9-8fd5-45e3-8bb5-77a2b27b7b4d;419.45;0.01;UNKNOWN
2016-03-12T02:22:55.000000;2016-03-12T02:22:55.000000;2a72ad31-662a-4690-8cb4-d40e650dd927;419.45;0.49596206;UNKNOWN
2016-03-12T02:22:59.000000;2016-03-12T02:22:59.000000;005a256a-873e-4bd2-9f5e-5297e07d95bf;419.43;0.37840476;UNKNOWN
2016-03-12T02:23:04.000000;2016-03-12T02:23:04.000000;d0c05e77-ec1d-4a1f-bd0c-ed35fa965aec;419.41;0.08294197;UNKNOWN
2016-03-12T02:23:14.000000;2016-03-12T02:23:14.000000;a197570e-b6a1-48a0-a8a5-5d62842e76cd;419.38;0.20918678;UNKNOWN
2016-03-12T02:23:19.000000;2016-03-12T02:23:19.000000;daa2648f-38e3-423c-bf2f-c4dfb83453c6;419.4;0.01;UNKNOWN
2016-03-12T02:24:05.000000;2016-03-12T02:24:05.000000;0724e7b5-5144-4747-81b1-68cb3a9bbe16;419.27;0.07082609;UNKNOWN
2016-03-12T02:26:35.000000;2016-03-12T02:26:35.000000;6f0b0310-2e6f-403d-96b0-5348239a77e2;419.26;0.1;UNKNOWN
2016-03-12T02:26:54.000000;2016-03-12T02:26:54.000000;b365e07f-07fb-43dc-b76f-d72e77fe7a77;419.02;0.63230656;UNKNOWN
2016-03-12T02:26:59.000000;2016-03-12T02:26:59.000000;b2b6db09-0847-4b60-aaa1-1709642701c8;419.19;0.07181432;UNKNOWN
2016-03-12T02:27:05.000000;2016-03-12T02:27:05.000000;95a4c3aa-619a-4f56-84ca-e740f717f768;419.02;6.28465349;UNKNOWN
2016-03-12T02:27:06.000000;2016-03-12T02:27:06.000000;571613b4-55c6-41c1-9dfe-fa671675abf2;419.19;0.17999999;UNKNOWN
2016-03-12T02:27:07.000000;2016-03-12T02:27:07.000000;04b214ca-b637-4ac7-b57f-751855a33cb2;419.02;3.53733119;UNKNOWN
2016-03-12T02:27:18.000000;2016-03-12T02:27:18.000000;07d2b735-f312-4538-9787-c41236a0697d;419.18;0.01;UNKNOWN
2016-03-12T02:27:20.000000;2016-03-12T02:27:20.000000;93a8a6a9-481c-4244-915d-7f84bae20693;419.34;0.01;UNKNOWN
2016-03-12T02:27:23.000000;2016-03-12T02:27:23.000000;d72d1731-9eb2-4ef5-bb91-8798b21d0bc2;419.32;0.01;UNKNOWN
2016-03-12T02:27:25.000000;2016-03-12T02:27:25.000000;e2dc4bb4-c0cc-43b4-b67b-2a4e5d1336bc;419.31;0.01;UNKNOWN
2016-03-12T02:28:06.000000;2016-03-12T02:28:06.000000;07ed40c2-dd1c-4355-8a80-45ee993f1872;419.13;0.013519;UNKNOWN
2016-03-12T02:28:11.000000;2016-03-12T02:28:11.000000;dc562e89-d961-4626-86bf-ce5b11c41363;419.13;0.018597;UNKNOWN
2016-03-12T02:29:05.000000;2016-03-12T02:29:05.000000;1b0354b9-3495-4340-a177-b56efb90c4ed;419.09;3.5;UNKNOWN
2016-03-12T02:29:07.000000;2016-03-12T02:29:07.000000;e50d9c40-af6c-438e-b7e5-5773fd7351da;419.07;1.15732361;UNKNOWN
2016-03-12T02:30:06.000000;2016-03-12T02:30:06.000000;50c15913-254e-41a5-9bd5-e1f5d5cd6481;419.14;10.46377264;UNKNOWN
2016-03-12T02:30:06.000000;2016-03-12T02:30:06.000000;e4fd1112-e696-4885-a71e-688e063fa09f;419.1;10.36928372;UNKNOWN
2016-03-12T02:30:06.000000;2016-03-12T02:30:06.000000;4c2e1705-2c96-4e15-82d1-54e437aa489f;419.14;3.69622736;UNKNOWN
2016-03-12T02:30:07.000000;2016-03-12T02:30:07.000000;24598806-a957-41ba-b01f-e29c48e3fb03;419.1;3.96224883;UNKNOWN
2016-03-12T02:30:07.000000;2016-03-12T02:30:07.000000;3937d3f4-e0a6-44df-ae03-69f1bbdf4abe;419.1;2.53594605;UNKNOWN
2016-03-12T02:30:07.000000;2016-03-12T02:30:07.000000;a74197d9-4fbb-409d-ad4b-ff0143bcb58c;419.1;2.70031411;UNKNOWN
2016-03-12T02:30:07.000000;2016-03-12T02:30:07.000000;d41a7851-3b30-4dcf-9ea6-058416cc538b;419.1;1.0658567;UNKNOWN
2016-03-12T02:30:07.000000;2016-03-12T02:30:07.000000;1cbf0829-cd16-4bfa-bcd5-55c33bce7399;419.1;17.75185635;UNKNOWN
2016-03-12T02:30:07.000000;2016-03-12T02:30:07.000000;e5b8b497-717b-4a51-aaad-cdb35fb9cbe6;419.1;8.7386315;UNKNOWN
2016-03-12T02:30:07.000000;2016-03-12T02:30:07.000000;07baca6d-6926-4097-8578-529c8188a271;419.1;5.55981803;UNKNOWN
2016-03-12T02:30:08.000000;2016-03-12T02:30:08.000000;d1fe3867-c6b5-466d-acc2-521ccf7ac549;419.1;0.97426561;UNKNOWN
2016-03-12T02:31:07.000000;2016-03-12T02:31:07.000000;f926724a-b3c9-4058-8daa-f089756bf6f6;419.1;40.0;UNKNOWN
2016-03-12T02:31:23.000000;2016-03-12T02:31:23.000000;e9313032-1714-4cce-93c6-5a5b5fcb19b9;419.1;0.55758398;UNKNOWN
2016-03-12T02:31:23.000000;2016-03-12T02:31:23.000000;aa1392f0-f542-4cad-9468-416f34b5593a;419.1;0.011;UNKNOWN
2016-03-12T02:32:15.000000;2016-03-12T02:32:15.000000;dc15e483-9173-4091-a823-443d2c0b5fda;419.19;2.93044284;UNKNOWN
2016-03-12T02:32:17.000000;2016-03-12T02:32:17.000000;7bad74fa-56c2-495c-95e9-0b6ff142b08a;419.21;1.08955716;UNKNOWN
2016-03-12T02:32:18.000000;2016-03-12T02:32:18.000000;7f03ab4e-68d1-4ca1-985c-3a3f3f891858;419.23;4.97;UNKNOWN
2016-03-12T02:33:01.000000;2016-03-12T02:33:01.000000;2df794dc-257b-47e7-b7ee-f0d770a43c95;419.11;0.018872;UNKNOWN
2016-03-12T02:36:22.000000;2016-03-12T02:36:22.000000;dd75a992-c734-4174-a908-7ffa71bc54b5;419.35;1.0;UNKNOWN
2016-03-12T02:36:26.000000;2016-03-12T02:36:26.000000;092b4ccc-e226-49f3-b510-fa54e89ea894;419.43;0.5;UNKNOWN
2016-03-12T02:36:47.000000;2016-03-12T02:36:47.000000;af284cdd-d55d-42d0-825c-50cb449a088d;419.3;9.97844342;UNKNOWN
2016-03-12T02:36:47.000000;2016-03-12T02:36:47.000000;0a2ebe8b-4f18-41e1-be63-de1f3efa0b73;419.36;13.8379;UNKNOWN
2016-03-12T02:38:02.000000;2016-03-12T02:38:02.000000;c16a28f9-e808-4dfa-bd83-70db430293d0;419.31;0.01506002;UNKNOWN
2016-03-12T02:38:07.000000;2016-03-12T02:38:07.000000;b12eb248-b859-47f5-9719-7a1e62bb34db;419.31;0.29174153;UNKNOWN
2016-03-12T02:38:14.000000;2016-03-12T02:38:14.000000;fd8b61e2-c2dd-42b3-b8a7-e8f95be08d26;419.31;0.01;UNKNOWN
2016-03-12T02:38:20.000000;2016-03-12T02:38:20.000000;860c48ed-1ac1-4166-a5b5-aaccf90f4059;419.31;0.49698023;UNKNOWN
2016-03-12T02:38:25.000000;2016-03-12T02:38:25.000000;bf4c62e0-f0fc-46f4-9441-4c870b94b308;419.31;0.01;UNKNOWN
2016-03-12T02:38:30.000000;2016-03-12T02:38:30.000000;38b7caa3-70bb-45df-94b9-aa4a447281a8;419.31;0.4963367;UNKNOWN
2016-03-12T02:38:35.000000;2016-03-12T02:38:35.000000;53cfaf72-a9e4-48e5-a37d-dd6f6099873f;419.31;0.01;UNKNOWN
2016-03-12T02:38:40.000000;2016-03-12T02:38:40.000000;d6681e09-e7b9-436b-9339-e40b815ec06d;419.31;0.42502929;UNKNOWN
2016-03-12T02:38:45.000000;2016-03-12T02:38:45.000000;e2b22e54-41d4-4f1f-a066-965fe7410b29;419.31;0.08388931;UNKNOWN
2016-03-12T02:38:55.000000;2016-03-12T02:38:55.000000;6229ee90-e8d9-4fe0-8a38-1f464112c204;419.31;0.01;UNKNOWN
2016-03-12T02:39:06.000000;2016-03-12T02:39:06.000000;1d9b13e3-27d5-4f21-8973-a67c7a263a25;419.31;0.78847116;UNKNOWN
2016-03-12T02:39:16.000000;2016-03-12T02:39:16.000000;c4a47f3c-a585-4bc6-8eb7-5b42c6e5f28f;419.34;0.01539854;UNKNOWN
2016-03-12T02:40:17.000000;2016-03-12T02:40:17.000000;d1505aa8-9a51-4af9-8f69-bb12b6defac4;419.44;0.49209565;UNKNOWN
2016-03-12T02:40:23.000000;2016-03-12T02:40:23.000000;17d205b6-8daf-4263-b9a0-0a028f955ab5;419.35;0.01087775;UNKNOWN
2016-03-12T02:40:28.000000;2016-03-12T02:40:28.000000;2e0ead79-b051-4a2e-a963-2c9b6b2eaaa5;419.35;0.42804979;UNKNOWN
2016-03-12T02:40:34.000000;2016-03-12T02:40:34.000000;63622464-4a62-4aaa-9368-4d9602f533a2;419.31;0.08793262;UNKNOWN
2016-03-12T02:40:38.000000;2016-03-12T02:40:38.000000;5f99f697-e149-42d6-b64d-280cea05d0fc;419.34;0.28620877;UNKNOWN
2016-03-12T02:40:43.000000;2016-03-12T02:40:43.000000;f754c938-fde0-4659-a398-0172ad4cdbec;419.35;0.01160396;UNKNOWN
2016-03-12T02:40:48.000000;2016-03-12T02:40:48.000000;25d021a8-9b8c-415b-93fa-f9e8758ff3cc;419.35;0.01802152;UNKNOWN
2016-03-12T02:40:54.000000;2016-03-12T02:40:54.000000;5aaad461-3bc6-462c-86e6-44e66e873cf8;419.35;0.49626158;UNKNOWN
2016-03-12T02:40:59.000000;2016-03-12T02:40:59.000000;b1669f88-3b95-4abf-b726-17f1d7560e7d;419.35;0.42144029;UNKNOWN
2016-03-12T02:41:04.000000;2016-03-12T02:41:04.000000;8e7ad167-09cd-4f34-ade5-9291abcdeddc;419.35;0.08315494;UNKNOWN
2016-03-12T02:41:09.000000;2016-03-12T02:41:09.000000;e8263a73-ac04-42f2-9919-efc2cb8224b1;419.35;0.28799857;UNKNOWN
2016-03-12T02:41:15.000000;2016-03-12T02:41:15.000000;eab5287c-3a8a-41a4-ad25-8da990cc70a0;419.35;0.02174737;UNKNOWN
2016-03-12T02:41:20.000000;2016-03-12T02:41:20.000000;a691ea0b-08e5-43a6-b1a3-4105ae783960;419.35;0.49190966;UNKNOWN
2016-03-12T02:41:26.000000;2016-03-12T02:41:26.000000;526ddd76-0c8b-46fb-adda-02765209f06d;419.34;0.01;UNKNOWN
2016-03-12T02:41:31.000000;2016-03-12T02:41:31.000000;8b0aa4d8-f096-45b1-80b9-307612df8f9e;419.34;0.49973398;UNKNOWN
2016-03-12T02:41:36.000000;2016-03-12T02:41:36.000000;8f66e92b-f673-4595-b93e-9169d10d5d5e;419.34;0.01;UNKNOWN
2016-03-12T02:41:42.000000;2016-03-12T02:41:42.000000;8eed4458-b650-4491-bc87-0645a92e15ee;419.34;0.40803494;UNKNOWN
2016-03-12T02:41:47.000000;2016-03-12T02:41:47.000000;7e6b7bfc-7128-4abc-a8b6-db8a263f2725;419.34;0.08826063;UNKNOWN
2016-03-12T02:41:53.000000;2016-03-12T02:41:53.000000;78e8b510-73dd-493c-beba-b41aa961baad;419.33;0.01260666;UNKNOWN
2016-03-12T02:41:58.000000;2016-03-12T02:41:58.000000;64834bf8-6972-42bf-87d6-227099f19e30;419.33;0.28316608;UNKNOWN
2016-03-12T02:42:03.000000;2016-03-12T02:42:03.000000;b1a447b0-6cb3-4909-b062-c31487f8870d;419.33;0.01695081;UNKNOWN
2016-03-12T02:42:05.000000;2016-03-12T02:42:05.000000;8e7cdca2-fc99-420e-a01e-c93ab73bcbfe;419.33;0.42585407;UNKNOWN
2016-03-12T02:42:08.000000;2016-03-12T02:42:08.000000;be224280-d253-4114-a340-3f19450a21d1;419.33;0.49952935;UNKNOWN
2016-03-12T02:42:14.000000;2016-03-12T02:42:14.000000;4b2fbddc-2b1c-42ee-ba18-bf265bde5722;419.33;0.39034217;UNKNOWN
2016-03-12T02:42:21.000000;2016-03-12T02:42:21.000000;d4891ee7-0523-49d8-a15e-256025dc950a;419.33;0.08367306;UNKNOWN
2016-03-12T02:43:11.000000;2016-03-12T02:43:11.000000;7fcffecb-0e2f-4703-9a6e-04d006a25dc3;419.33;12.6178778;UNKNOWN
2016-03-12T02:43:11.000000;2016-03-12T02:43:11.000000;be8abd84-2508-49eb-a10a-a6f74b17f2f5;419.35;2.1516222;UNKNOWN
2016-03-12T02:43:27.000000;2016-03-12T02:43:27.000000;a6b242e5-7a1d-494e-9b3d-cffcace7bf1d;419.35;0.49549629;UNKNOWN
2016-03-12T02:43:32.000000;2016-03-12T02:43:32.000000;e30fc865-a75c-4f49-a821-8818d71f0aef;419.35;0.01;UNKNOWN
2016-03-12T02:43:37.000000;2016-03-12T02:43:37.000000;6351a7ea-7f19-45dc-ac02-f9cf34f919b1;419.35;0.01592486;UNKNOWN
2016-03-12T02:43:42.000000;2016-03-12T02:43:42.000000;3b5eb53b-1a2a-41ce-8d38-25b0830b9deb;419.35;0.49604832;UNKNOWN
2016-03-12T02:43:47.000000;2016-03-12T02:43:47.000000;6f65bd8b-3cb8-4d90-a54f-a02579b564ca;419.35;0.42363179;UNKNOWN
2016-03-12T02:43:52.000000;2016-03-12T02:43:52.000000;19a8e825-8ead-4a70-8eab-b6bd83b2fd66;419.35;0.08521945;UNKNOWN
2016-03-12T02:43:58.000000;2016-03-12T02:43:58.000000;0323eb5f-d8cf-40fe-afe2-80af38da5a58;419.35;0.2857913;UNKNOWN
2016-03-12T02:44:04.000000;2016-03-12T02:44:04.000000;bc55680b-5150-431f-9d8b-8f7dc26aee04;419.35;0.01;UNKNOWN
2016-03-12T02:44:06.000000;2016-03-12T02:44:06.000000;8d8081fe-c798-46d6-bf7a-0f0bd1dade8a;419.35;3.18861219;UNKNOWN
2016-03-12T02:44:09.000000;2016-03-12T02:44:09.000000;5af710d0-73af-46c9-9ef3-997ebd093534;419.35;0.01;UNKNOWN
2016-03-12T02:44:14.000000;2016-03-12T02:44:14.000000;9cf41463-5b6b-489b-b3fc-0786c408bec4;419.35;0.49495241;UNKNOWN
2016-03-12T02:44:20.000000;2016-03-12T02:44:20.000000;16da3dd2-eb0e-4507-b7f8-8e889ab0ea6d;419.35;0.01;UNKNOWN
2016-03-12T02:44:26.000000;2016-03-12T02:44:26.000000;f9e29c43-d59f-40d1-9d6e-174f3c3c3c34;419.35;0.01561256;UNKNOWN
2016-03-12T02:44:32.000000;2016-03-12T02:44:32.000000;32d275d4-efce-4685-9448-b4f768d3aded;419.35;0.4929852;UNKNOWN
2016-03-12T02:44:37.000000;2016-03-12T02:44:37.000000;e50f5c49-bbee-420b-ac56-8f5ca6ef2bdf;419.35;0.40645074;UNKNOWN
2016-03-12T02:44:43.000000;2016-03-12T02:44:43.000000;48f9303a-9301-40c1-8d19-88dcda702ca3;419.35;0.08220631;UNKNOWN
2016-03-12T02:44:47.000000;2016-03-12T02:44:47.000000;72792092-0cce-458a-8b1d-62a76b9c60bd;419.35;0.21413221;UNKNOWN
2016-03-12T02:44:53.000000;2016-03-12T02:44:53.000000;5c6e895c-7556-4e1b-b4a5-cd196cd05e03;419.35;0.01067545;UNKNOWN
2016-03-12T02:45:14.000000;2016-03-12T02:45:14.000000;ad17a9ce-8325-476a-a930-d7406f5cb6e9;419.32;2.653845;UNKNOWN
2016-03-12T02:47:17.000000;2016-03-12T02:47:17.000000;8e58e78c-c5b0-4d11-91b5-4a04763e074c;419.33;5.938;UNKNOWN
2016-03-12T02:47:17.000000;2016-03-12T02:47:17.000000;28779e00-0738-4a93-aa84-9e583cd7c4f0;419.33;14.062;UNKNOWN
2016-03-12T02:48:27.000000;2016-03-12T02:48:27.000000;61270563-89fd-4906-9845-eb297a1d0e18;419.3;0.1;UNKNOWN
2016-03-12T02:48:27.000000;2016-03-12T02:48:27.000000;2323b908-03af-4f90-a070-06a5a37afd9c;419.3;0.09302738;UNKNOWN
2016-03-12T02:48:27.000000;2016-03-12T02:48:27.000000;53f56f20-9feb-4955-b8fd-fc4cc6898c49;419.3;0.5;UNKNOWN
2016-03-12T02:48:27.000000;2016-03-12T02:48:27.000000;e86a8dd1-6148-4728-9fff-a4af4c01f769;419.22;0.01252;UNKNOWN
2016-03-12T02:48:27.000000;2016-03-12T02:48:27.000000;5bcdab7c-0f89-4a07-90b8-7211d82e40fc;419.11;0.101128;UNKNOWN
2016-03-12T02:48:27.000000;2016-03-12T02:48:27.000000;03b5f39b-454f-4907-973f-14279cb37060;419.02;9.19332462;UNKNOWN
2016-03-12T02:48:34.000000;2016-03-12T02:48:34.000000;9c6e8bf2-5349-4835-bb66-d74b173707cd;419.12;1.634582;UNKNOWN
2016-03-12T02:48:39.000000;2016-03-12T02:48:39.000000;abdae7fa-cc7b-4227-b61a-4a6f955bc779;419.02;1.428182;UNKNOWN
2016-03-12T02:48:39.000000;2016-03-12T02:48:39.000000;c2ba0d47-dc22-4402-adfc-46c0c92d5d4d;419.12;8.571818;UNKNOWN
2016-03-12T02:48:49.000000;2016-03-12T02:48:49.000000;6501eabc-8b6a-4a52-91fa-aa3e81ed3f9f;418.9;5.0;UNKNOWN
2016-03-12T02:48:49.000000;2016-03-12T02:48:49.000000;f1889e55-2ffb-473e-b0b4-c27e90da328f;419.02;2.75890214;UNKNOWN
2016-03-12T02:48:49.000000;2016-03-12T02:48:49.000000;1fad7e22-f259-4258-a7a5-f8da6179c6df;418.8;2.24109786;UNKNOWN
2016-03-12T02:49:05.000000;2016-03-12T02:49:05.000000;9ea8cabf-599f-414c-803e-e3a6aaed3ef3;418.8;2.75890214;UNKNOWN
2016-03-12T02:49:05.000000;2016-03-12T02:49:05.000000;5e7460e4-78b7-4910-90dd-6cdda20206a3;418.7;5.0;UNKNOWN
2016-03-12T02:49:05.000000;2016-03-12T02:49:05.000000;af0c891e-9895-48f1-90b8-14d2075fdba4;419.12;0.07;UNKNOWN
2016-03-12T02:49:05.000000;2016-03-12T02:49:05.000000;3e61a6c9-9ba1-4ee4-837e-ac981666bdb3;418.6;0.48439786;UNKNOWN
2016-03-12T02:49:05.000000;2016-03-12T02:49:05.000000;949d3c0f-466c-47c5-9c3a-b783d8e6e96b;418.7;1.7567;UNKNOWN
2016-03-12T02:49:07.000000;2016-03-12T02:49:07.000000;47336099-c348-4ce6-80be-43f1bc2c5e3c;418.6;4.12;UNKNOWN
2016-03-12T02:49:07.000000;2016-03-12T02:49:07.000000;da84f1ea-9802-4922-ac73-53120de9ace3;418.71;1.32;UNKNOWN
2016-03-12T02:49:07.000000;2016-03-12T02:49:07.000000;1ec07175-dd3a-4613-819d-683b41408c96;418.61;4.56;UNKNOWN
2016-03-12T02:49:09.000000;2016-03-12T02:49:09.000000;60c0abcf-b844-4f5b-8619-2399c390e50e;418.6;5.39560214;UNKNOWN
2016-03-12T02:49:09.000000;2016-03-12T02:49:09.000000;221abbab-cdec-4b32-9a08-8a6dca12fc50;418.5;4.60439786;UNKNOWN
2016-03-12T02:49:10.000000;2016-03-12T02:49:10.000000;e97cd3f3-3208-414d-ad86-96349fd5964d;418.42;5.66;UNKNOWN
2016-03-12T02:49:10.000000;2016-03-12T02:49:10.000000;17c020c2-5b40-4c63-86ea-8c61c94205f1;418.5;0.39560214;UNKNOWN
2016-03-12T02:49:10.000000;2016-03-12T02:49:10.000000;87c25816-1bbc-41e4-b48a-d645f2ce19e2;418.61;4.56;UNKNOWN
2016-03-12T02:49:10.000000;2016-03-12T02:49:10.000000;be7d80ce-844b-4bad-a6e7-8b73cf70a0aa;418.71;1.32;UNKNOWN
2016-03-12T02:49:10.000000;2016-03-12T02:49:10.000000;cbca1883-55a9-4bda-b438-21174d511396;418.41;0.274;UNKNOWN
2016-03-12T02:49:10.000000;2016-03-12T02:49:10.000000;0a7d2201-b581-4ca3-a0d4-70487b490442;418.41;3.67039786;UNKNOWN
2016-03-12T02:49:10.000000;2016-03-12T02:49:10.000000;9421aa6b-218e-42fd-bf22-febcae11b70f;418.41;4.12;UNKNOWN
2016-03-12T02:49:20.000000;2016-03-12T02:49:20.000000;44e95885-17ed-4b8c-afec-0a67db6e2964;418.66;7.5;UNKNOWN
2016-03-12T02:49:34.000000;2016-03-12T02:49:34.000000;75d46b85-9b76-4405-a89c-18194d20bf3b;418.89;5.9062;UNKNOWN
2016-03-12T02:49:34.000000;2016-03-12T02:49:34.000000;c4785525-a84e-4907-8229-ccd0dde7d5b6;418.88;0.5;UNKNOWN
2016-03-12T02:49:34.000000;2016-03-12T02:49:34.000000;6848ce94-b9a0-40e0-b989-91c3eff2463c;418.9;4.5281;UNKNOWN
2016-03-12T02:49:34.000000;2016-03-12T02:49:34.000000;cef10f11-077e-424f-a49a-4aa4fd71f22d;418.88;3.0;UNKNOWN
2016-03-12T02:49:39.000000;2016-03-12T02:49:39.000000;b0caf061-b398-43d0-90f4-3d73bf6b4142;418.66;2.26;UNKNOWN
2016-03-12T02:49:46.000000;2016-03-12T02:49:46.000000;c7e0d96b-3073-4312-b7c4-06dccdc9df51;418.84;0.5;UNKNOWN
2016-03-12T02:49:46.000000;2016-03-12T02:49:46.000000;6d55f87f-287f-44dd-90ed-b48e18931cd3;418.85;1.2433;UNKNOWN
2016-03-12T02:49:51.000000;2016-03-12T02:49:51.000000;1d42e75f-96da-4c5b-a6a1-32bdcbf5c94d;418.74;2.0;UNKNOWN
2016-03-12T02:50:23.000000;2016-03-12T02:50:23.000000;635477e4-da50-4302-a8ab-05e8a36b4ddb;418.95;0.04;UNKNOWN
2016-03-12T02:50:27.000000;2016-03-12T02:50:27.000000;367c38c7-bb69-4750-81d6-7f54b692fb45;418.95;0.04;UNKNOWN
2016-03-12T02:50:28.000000;2016-03-12T02:50:28.000000;ca7e53c3-c7db-458c-882a-9f03c2c0bff1;419.13;0.0328;UNKNOWN
2016-03-12T02:50:30.000000;2016-03-12T02:50:30.000000;b4cef450-861b-4009-9287-f77fc64ac99c;418.94;0.04;UNKNOWN
2016-03-12T02:50:33.000000;2016-03-12T02:50:33.000000;edeab6e8-56b8-4683-b2f6-ee3269a2d26f;419.13;0.04;UNKNOWN
2016-03-12T02:50:36.000000;2016-03-12T02:50:36.000000;7884c1c8-3920-4754-8432-ba75c14f7385;418.75;0.1;UNKNOWN
2016-03-12T02:50:59.000000;2016-03-12T02:50:59.000000;c89d6297-b862-4112-88d0-8752621c3f91;418.68;0.5;UNKNOWN
2016-03-12T02:51:08.000000;2016-03-12T02:51:08.000000;42dcd6de-749d-48dc-8db0-2d7158f02bbf;418.68;0.5;UNKNOWN
2016-03-12T02:51:17.000000;2016-03-12T02:51:17.000000;4d072cfd-cfc7-4971-8e14-f66aeafcaf5e;418.92;3.1926;UNKNOWN
2016-03-12T02:51:26.000000;2016-03-12T02:51:26.000000;96a39f21-a390-4946-b56c-3afe0ad9e5bf;418.78;0.1532;UNKNOWN
2016-03-12T02:51:37.000000;2016-03-12T02:51:37.000000;c2214826-4940-46b8-911e-9061fb3b7f3c;418.7;0.120736;UNKNOWN
2016-03-12T02:51:37.000000;2016-03-12T02:51:37.000000;c60e0621-d367-4c13-a111-33234d1c3cf6;418.93;0.292064;UNKNOWN
2016-03-12T02:51:47.000000;2016-03-12T02:51:47.000000;92559349-0a2c-460f-950e-fcf56e9801d0;418.68;0.705052;UNKNOWN
2016-03-12T02:51:53.000000;2016-03-12T02:51:53.000000;ddd1640e-188e-4871-ae20-f99d477a9235;418.91;0.2846;UNKNOWN
2016-03-12T02:51:59.000000;2016-03-12T02:51:59.000000;f16caf4b-089d-4f7e-9d8b-f7877d4133c1;418.86;9.0;UNKNOWN
2016-03-12T02:52:03.000000;2016-03-12T02:52:03.000000;a4996f8c-2878-4e9e-a09b-028e48840bac;418.9;0.5;UNKNOWN
2016-03-12T02:52:03.000000;2016-03-12T02:52:03.000000;c84c750a-4d65-4dd9-98c3-e1a58a0d3ce9;418.9;2.3345;UNKNOWN
2016-03-12T02:52:05.000000;2016-03-12T02:52:05.000000;5092b76e-9534-499a-bb0f-d08cdc252b87;418.9;0.5;UNKNOWN
2016-03-12T02:52:05.000000;2016-03-12T02:52:05.000000;ae6baa4e-5820-4c93-814f-46cad5459407;418.91;0.32270069;UNKNOWN
2016-03-12T02:52:05.000000;2016-03-12T02:52:05.000000;c8245312-dbe5-4d53-8332-7ff09475ab87;418.9;0.6655;UNKNOWN
2016-03-12T02:52:09.000000;2016-03-12T02:52:09.000000;ec8d3949-d6de-438d-ab6b-4e207d17e03a;418.91;0.04;UNKNOWN
2016-03-12T02:52:14.000000;2016-03-12T02:52:14.000000;b229daeb-98c0-4c19-8acc-9ed99572707a;418.91;5.30959931;UNKNOWN
2016-03-12T02:52:48.000000;2016-03-12T02:52:48.000000;e724d6df-70f3-4734-9db2-c1ee16b79991;419.13;0.344648;UNKNOWN
2016-03-12T02:55:05.000000;2016-03-12T02:55:05.000000;51c8b9e9-43fa-4503-b09f-933b81208fb1;419.13;2.65479966;UNKNOWN
2016-03-12T02:55:13.000000;2016-03-12T02:55:13.000000;74894401-9080-4059-8bcd-c5569e22eae4;418.42;0.21149631;UNKNOWN
2016-03-12T02:55:13.000000;2016-03-12T02:55:13.000000;4bdbf8c0-6720-4976-a2ae-6b2f3e0809ef;418.42;8.77532848;UNKNOWN
2016-03-12T02:55:13.000000;2016-03-12T02:55:13.000000;cc12db63-5a52-4cdb-8bdf-1a4f40d86a8d;418.42;0.18987429;UNKNOWN
2016-03-12T02:55:13.000000;2016-03-12T02:55:13.000000;2b77cfcb-2676-43e8-b2a6-38cec470012b;418.42;0.0420092;UNKNOWN
2016-03-12T02:55:13.000000;2016-03-12T02:55:13.000000;b26836c6-a360-4d34-970b-abb2439cb9fc;418.55;13.5011;UNKNOWN
2016-03-12T02:55:13.000000;2016-03-12T02:55:13.000000;67f5e337-1ebc-4d59-977e-f71bdf642205;419.12;12.7417;UNKNOWN
2016-03-12T02:55:13.000000;2016-03-12T02:55:13.000000;8b8d1944-d72d-440d-b2ed-25807d48914e;418.42;0.20202664;UNKNOWN
2016-03-12T02:55:13.000000;2016-03-12T02:55:13.000000;78e08b8c-5cfc-4068-8269-274519b6f1e4;418.6;4.0;UNKNOWN
2016-03-12T02:55:13.000000;2016-03-12T02:55:13.000000;bda3a600-851a-4a06-8177-c7c4d4246ef4;418.42;0.11991582;UNKNOWN
2016-03-12T02:55:13.000000;2016-03-12T02:55:13.000000;a61374d9-5e0f-4ec6-b1b0-080383472ef5;419.12;0.1999;UNKNOWN
2016-03-12T02:55:25.000000;2016-03-12T02:55:25.000000;d8725990-0cb0-4025-abb6-338466b2fbc8;418.63;0.48796888;UNKNOWN
2016-03-12T02:55:53.000000;2016-03-12T02:55:53.000000;4958c532-e093-4e2a-84ad-b41058adc620;419.31;12.7681;UNKNOWN
2016-03-12T02:55:53.000000;2016-03-12T02:55:53.000000;81321969-35dc-47fa-be2a-902d39901668;419.15;6.0;UNKNOWN
2016-03-12T02:55:53.000000;2016-03-12T02:55:53.000000;0e84c1ba-895a-43b8-b0f6-08bfe0df48be;418.95;3.0;UNKNOWN
2016-03-12T02:55:53.000000;2016-03-12T02:55:53.000000;4844d0b8-a0fa-4712-97be-7f3f3b666d3c;419.44;12.5931;UNKNOWN
2016-03-12T02:55:53.000000;2016-03-12T02:55:53.000000;1ca6a189-1456-4c4e-82c4-c6697f3651ce;419.16;12.0;UNKNOWN
2016-03-12T02:55:53.000000;2016-03-12T02:55:53.000000;c975de5c-cec9-411d-a054-efe8607a6fd3;418.87;0.5;UNKNOWN
2016-03-12T02:55:53.000000;2016-03-12T02:55:53.000000;0d4ab615-2943-42b5-a40a-9baa580336a8;419.17;13.5532;UNKNOWN
2016-03-12T02:55:53.000000;2016-03-12T02:55:53.000000;9d34b45f-8345-49d1-aac1-eab25fbb8a79;419.48;0.47;UNKNOWN
2016-03-12T02:55:53.000000;2016-03-12T02:55:53.000000;de554d10-2cee-46cf-bac1-b370e1cef6af;418.94;5.9028;UNKNOWN
2016-03-12T02:56:20.000000;2016-03-12T02:56:20.000000;1df21040-b623-4ba2-baf1-df5c40fa2f19;419.72;1.506;UNKNOWN
2016-03-12T02:56:46.000000;2016-03-12T02:56:46.000000;71c981e0-0671-40ca-a31a-d4483c03339b;419.5;0.02550629;UNKNOWN
2016-03-12T02:56:56.000000;2016-03-12T02:56:56.000000;d4d8268d-bad4-4d18-8355-3140e3e218cd;419.5;0.01402859;UNKNOWN
2016-03-12T02:57:02.000000;2016-03-12T02:57:02.000000;fc0b240c-3c6a-4531-840e-e8a0130fc417;419.54;0.49115902;UNKNOWN
2016-03-12T02:57:07.000000;2016-03-12T02:57:07.000000;46e7dbf8-0402-4f3d-b943-5c98a56372e1;419.52;0.49805832;UNKNOWN
2016-03-12T02:57:11.000000;2016-03-12T02:57:11.000000;06899405-5e0e-4246-9608-bbcf9eba16d0;419.52;0.14676911;UNKNOWN
2016-03-12T02:57:12.000000;2016-03-12T02:57:12.000000;0dd096fc-6116-47d2-afda-6d3f1df15fd8;419.52;0.01;UNKNOWN
2016-03-12T02:57:12.000000;2016-03-12T02:57:12.000000;c6cf3c06-0ac2-4424-8b99-0d903d70bd12;419.52;0.0956466;UNKNOWN
2016-03-12T02:57:13.000000;2016-03-12T02:57:13.000000;a1cb1134-18c1-4024-a2d3-bf44052e0af3;419.52;0.14676911;UNKNOWN
2016-03-12T02:57:18.000000;2016-03-12T02:57:18.000000;be6bbd19-c054-4a33-9630-19040531f160;419.51;0.01;UNKNOWN
2016-03-12T02:57:34.000000;2016-03-12T02:57:34.000000;043dc5b0-a41d-43c2-9e3f-34143051bc46;419.5;0.05194583;UNKNOWN
2016-03-12T02:57:40.000000;2016-03-12T02:57:40.000000;8fef5bbc-094f-4882-89d9-951023c10670;419.51;0.09564164;UNKNOWN
2016-03-12T02:57:41.000000;2016-03-12T02:57:41.000000;d3192012-439f-41d4-bb42-3e221e1e7834;419.51;0.09564164;UNKNOWN
2016-03-12T02:57:42.000000;2016-03-12T02:57:42.000000;59db3b77-8dfd-4f94-9571-2564ae9e4069;419.51;0.09564164;UNKNOWN
2016-03-12T02:57:43.000000;2016-03-12T02:57:43.000000;78d6bea5-3b93-442b-9e49-a6594a5a0093;419.51;0.0722214;UNKNOWN
2016-03-12T02:57:43.000000;2016-03-12T02:57:43.000000;5304627a-6339-4110-9b5c-9c9e545c7458;419.51;0.09563936;UNKNOWN
2016-03-12T02:57:45.000000;2016-03-12T02:57:45.000000;7063072a-cf02-4521-9aba-3ba56da40bad;419.51;0.0722214;UNKNOWN
2016-03-12T02:57:47.000000;2016-03-12T02:57:47.000000;53811356-17e4-412c-aaf8-e2e32cd02120;419.51;0.0722214;UNKNOWN
2016-03-12T03:01:12.000000;2016-03-12T03:01:12.000000;31752cc6-d0c8-4c9c-8aa2-8797468a5156;419.17;3.0;UNKNOWN
2016-03-12T03:01:12.000000;2016-03-12T03:01:12.000000;6af90ed6-b295-48d9-a663-52f94c05ab70;419.16;0.5;UNKNOWN
2016-03-12T03:01:12.000000;2016-03-12T03:01:12.000000;e347bbbb-3254-4203-83e4-544845370c17;419.18;6.0;UNKNOWN
2016-03-12T03:01:12.000000;2016-03-12T03:01:12.000000;02bef38f-9ea0-4386-8a96-aa5b74d371ab;419.15;5.9283;UNKNOWN
2016-03-12T03:01:12.000000;2016-03-12T03:01:12.000000;363efd6b-44c8-452a-96b4-1ce60cafd9fd;419.18;11.5717;UNKNOWN
2016-03-12T03:01:54.000000;2016-03-12T03:01:54.000000;1e8aa216-cf7a-4ebc-bfd6-00386bf86bac;419.22;0.97647;UNKNOWN
2016-03-12T03:01:54.000000;2016-03-12T03:01:54.000000;c0754d2f-93d1-4e29-bdbb-dc21a3bd53c0;418.94;0.02353;UNKNOWN
2016-03-12T03:02:23.000000;2016-03-12T03:02:23.000000;98f9f704-03c7-4409-ab58-f1214b8681ff;419.11;0.09572835;UNKNOWN
2016-03-12T03:02:24.000000;2016-03-12T03:02:24.000000;ed83b874-e92c-494c-91e4-56438f5adfa5;419.11;0.09572835;UNKNOWN
2016-03-12T03:02:25.000000;2016-03-12T03:02:25.000000;388abf6c-dbd4-4e10-873b-67a119affe5d;419.11;0.09573292;UNKNOWN
2016-03-12T03:02:26.000000;2016-03-12T03:02:26.000000;af520110-3adc-49d0-935d-4d20f4c27460;419.11;0.09573292;UNKNOWN
2016-03-12T03:03:18.000000;2016-03-12T03:03:18.000000;891d3a18-d06d-4526-8456-5d956b427394;419.03;0.017923;UNKNOWN
2016-03-12T03:03:24.000000;2016-03-12T03:03:24.000000;41501bc4-a6dc-4ebc-905e-11eb9b3e16b7;419.14;0.01026536;UNKNOWN
2016-03-12T03:03:24.000000;2016-03-12T03:03:24.000000;2d1e6f02-531d-461e-8a4f-df9d97260064;419.13;0.013741;UNKNOWN
2016-03-12T03:03:50.000000;2016-03-12T03:03:50.000000;a2aa416f-b69a-4a2f-a09b-3379e3988e8c;419.13;0.03989993;UNKNOWN
2016-03-12T03:05:52.000000;2016-03-12T03:05:52.000000;17f602d4-ed2d-4520-ac8a-48a8d70686b8;419.16;0.08051;UNKNOWN
2016-03-12T03:06:42.000000;2016-03-12T03:06:42.000000;53927320-bd25-462d-a091-92a1099d3dcd;419.16;0.010423;UNKNOWN
2016-03-12T03:07:29.000000;2016-03-12T03:07:29.000000;9c8d0577-ffd5-43b7-9acb-65e9c5a440d1;419.16;0.25625384;UNKNOWN
2016-03-12T03:08:06.000000;2016-03-12T03:08:06.000000;893c85c7-c4f5-447a-b52b-62c16ecddefb;419.17;0.08692777;UNKNOWN
2016-03-12T03:08:06.000000;2016-03-12T03:08:06.000000;3cee46e7-0589-4d02-bb98-a73ab830e8b3;419.17;3.45319349;UNKNOWN
2016-03-12T03:08:23.000000;2016-03-12T03:08:23.000000;ffd36ca3-422b-4fbd-87f1-7963b8c7cf76;419.16;0.01;UNKNOWN
2016-03-12T03:09:05.000000;2016-03-12T03:09:05.000000;e2832008-3b6f-40de-9542-b1cba4ce37f6;419.17;12.29;UNKNOWN
2016-03-12T03:09:05.000000;2016-03-12T03:09:05.000000;dde36195-3b2a-4353-a45a-95447411adca;419.0;19.03969404;UNKNOWN
2016-03-12T03:09:05.000000;2016-03-12T03:09:05.000000;336c078f-6213-4311-908e-c4d0aff82532;419.12;0.0227079;UNKNOWN
2016-03-12T03:09:05.000000;2016-03-12T03:09:05.000000;55319277-7166-4859-853f-6d325f9900d8;419.12;0.0047849;UNKNOWN
2016-03-12T03:09:05.000000;2016-03-12T03:09:05.000000;e65b9759-94c3-436f-bee6-997c839ad8ea;419.16;3.64281316;UNKNOWN
2016-03-12T03:09:19.000000;2016-03-12T03:09:19.000000;6cd667ff-98e4-4a32-9735-283c3c363e44;418.55;0.010366;UNKNOWN
2016-03-12T03:10:33.000000;2016-03-12T03:10:33.000000;db13b92e-89f0-4bc1-afc4-4576e417c4df;418.55;4.989634;UNKNOWN
2016-03-12T03:10:40.000000;2016-03-12T03:10:40.000000;9a2fa7b5-fa55-4feb-a3ad-e8ab4f89f4e8;418.52;1.0;UNKNOWN
2016-03-12T03:10:46.000000;2016-03-12T03:10:46.000000;4c55cd93-3fb7-48b8-81f1-7faad9ac4e59;418.4;0.02244578;UNKNOWN
2016-03-12T03:10:46.000000;2016-03-12T03:10:46.000000;d7a3a7e3-75f5-44d4-afa4-0687574b5948;418.52;0.5;UNKNOWN
2016-03-12T03:10:46.000000;2016-03-12T03:10:46.000000;547363ac-0156-4fe8-ad84-585d2feac15b;418.4;0.47755422;UNKNOWN
2016-03-12T03:11:12.000000;2016-03-12T03:11:12.000000;d42839f5-0196-48ce-8fd0-74cf017a5774;418.47;0.181;UNKNOWN
2016-03-12T03:11:15.000000;2016-03-12T03:11:15.000000;a30c56b1-dd66-46a0-91c0-a993a07372e9;418.45;0.271;UNKNOWN
2016-03-12T03:11:31.000000;2016-03-12T03:11:31.000000;c9b8c324-b5b1-4ab3-a059-64a671f14919;418.45;0.181;UNKNOWN
2016-03-12T03:11:42.000000;2016-03-12T03:11:42.000000;21a396de-38de-4696-9ac0-8aa4d744897d;418.41;0.181;UNKNOWN
2016-03-12T03:11:44.000000;2016-03-12T03:11:44.000000;a4a83430-ebab-49dd-aa66-a5be245a72a4;418.41;0.271;UNKNOWN
2016-03-12T03:12:05.000000;2016-03-12T03:12:05.000000;7bae42d2-e64e-41f1-9632-f894e14b9d95;418.41;0.1;UNKNOWN
2016-03-12T03:12:07.000000;2016-03-12T03:12:07.000000;288ae7ef-941a-4207-b91a-0349bdcc60b8;418.4;2.62888439;UNKNOWN
2016-03-12T03:12:10.000000;2016-03-12T03:12:10.000000;985cdb7e-008e-421b-b56d-269fcd0f87b5;418.4;20.9435;UNKNOWN
2016-03-12T03:12:15.000000;2016-03-12T03:12:15.000000;4942609b-6334-48be-a5c0-f8b6e7ef6740;418.4;1.0;UNKNOWN
2016-03-12T03:12:16.000000;2016-03-12T03:12:16.000000;18fcdbbc-faed-4bde-a3be-d9bd4e87286e;418.3;0.012;UNKNOWN
2016-03-12T03:12:16.000000;2016-03-12T03:12:16.000000;e951f867-b29d-4d7c-9ec0-81c2ed9d7cb4;418.11;0.05919543;UNKNOWN
2016-03-12T03:12:16.000000;2016-03-12T03:12:16.000000;5efd7b08-aca3-4f9e-ad92-8a5d952a38d5;418.0;0.16084318;UNKNOWN
2016-03-12T03:12:16.000000;2016-03-12T03:12:16.000000;f12ec2c0-0a0f-41bf-a6ea-fe5483fa18ae;418.0;0.01;UNKNOWN
2016-03-12T03:12:16.000000;2016-03-12T03:12:16.000000;d28fd904-36d6-4764-bf83-a9765fb49e0b;418.4;12.28956139;UNKNOWN
2016-03-12T03:12:16.000000;2016-03-12T03:12:16.000000;8b888e79-442f-4326-a7af-f8f24205390a;418.3;0.01;UNKNOWN
2016-03-12T03:12:16.000000;2016-03-12T03:12:16.000000;c5044c55-8d88-489f-86bc-92f1e888f533;418.1;0.01;UNKNOWN
2016-03-12T03:12:16.000000;2016-03-12T03:12:16.000000;cab76b88-618e-4b18-b4b1-90839769e4ba;418.0;2.4258;UNKNOWN
2016-03-12T03:12:16.000000;2016-03-12T03:12:16.000000;9b6d06aa-1425-4228-9fa1-d56764153b48;418.2;0.01;UNKNOWN
2016-03-12T03:12:16.000000;2016-03-12T03:12:16.000000;30cf8545-78b9-4ec5-a8de-f9c9e2f0fca7;418.0;0.0126;UNKNOWN
2016-03-12T03:12:19.000000;2016-03-12T03:12:19.000000;f649aa04-4285-4474-8fd0-af64ba8c4695;418.14;0.181;UNKNOWN
2016-03-12T03:12:19.000000;2016-03-12T03:12:19.000000;90c6195b-5231-4a29-a155-6a1f780794cb;418.14;0.272;UNKNOWN
2016-03-12T03:12:27.000000;2016-03-12T03:12:27.000000;2aacf62f-598d-482b-bfca-d3c449e2d8b1;418.0;0.03915682;UNKNOWN
2016-03-12T03:12:27.000000;2016-03-12T03:12:27.000000;1e9e4d70-f5ab-4e50-a57c-a042e8b9dbf7;417.96;1.94301918;UNKNOWN
2016-03-12T03:12:27.000000;2016-03-12T03:12:27.000000;482148a1-b355-47b0-ba95-5c67d2db41d3;417.66;1.0;UNKNOWN
2016-03-12T03:12:27.000000;2016-03-12T03:12:27.000000;00c75d71-e289-41e3-8aba-267fa898422b;417.96;0.6409584;UNKNOWN
2016-03-12T03:12:27.000000;2016-03-12T03:12:27.000000;5c8501cd-7cdd-4ffc-b250-c2bb6313fb11;417.96;0.017824;UNKNOWN
2016-03-12T03:12:27.000000;2016-03-12T03:12:27.000000;15f0da1e-e35c-4602-88c7-19e2e7a462c5;418.0;13.41474318;UNKNOWN
2016-03-12T03:12:27.000000;2016-03-12T03:12:27.000000;4cc3b34a-7737-4432-853d-eab2d8705ec1;417.9;0.01;UNKNOWN
2016-03-12T03:12:27.000000;2016-03-12T03:12:27.000000;2b8ebb0d-8e77-4213-bd31-7dd1233c49f2;417.66;13.56202936;UNKNOWN
2016-03-12T03:12:27.000000;2016-03-12T03:12:27.000000;9dbd382a-7919-418d-a5c1-e42b81add3ae;417.96;3.0;UNKNOWN
2016-03-12T03:12:27.000000;2016-03-12T03:12:27.000000;18a5a032-6e39-42af-bdd0-e0a7630b2b11;417.7;0.28461477;UNKNOWN
2016-03-12T03:12:27.000000;2016-03-12T03:12:27.000000;5396b5c8-c848-4e27-b6c9-1642c2a98329;417.96;0.49966655;UNKNOWN
2016-03-12T03:12:27.000000;2016-03-12T03:12:27.000000;baed0642-2a51-46bf-a41f-0e76472d57f7;418.0;0.03915682;UNKNOWN
2016-03-12T03:12:27.000000;2016-03-12T03:12:27.000000;f037ebbb-357a-4ee7-89b0-03526d9289af;418.0;0.1;UNKNOWN
2016-03-12T03:12:27.000000;2016-03-12T03:12:27.000000;6b7374c5-2360-44ef-88f8-b1b9a42ba16c;417.7;3.0;UNKNOWN
2016-03-12T03:12:27.000000;2016-03-12T03:12:27.000000;5de977eb-ea68-4196-bb8a-f9b70df5c7fe;417.96;2.52335587;UNKNOWN
2016-03-12T03:12:27.000000;2016-03-12T03:12:27.000000;72a0d1de-d56a-4dc0-8465-295267e75861;417.7;0.01;UNKNOWN
2016-03-12T03:12:27.000000;2016-03-12T03:12:27.000000;198f7f98-02c7-4098-885b-ee18a8c75e47;417.8;0.01;UNKNOWN
2016-03-12T03:12:27.000000;2016-03-12T03:12:27.000000;69246ec0-aaff-486a-975a-594abb2fc819;417.96;0.893;UNKNOWN
2016-03-12T03:12:27.000000;2016-03-12T03:12:27.000000;9f60caad-bf90-46a4-b51a-c3801a20871c;417.86;0.1;UNKNOWN
2016-03-12T03:12:27.000000;2016-03-12T03:12:27.000000;7971a6c5-5aa2-4398-8b34-3904288952e6;417.71;0.5;UNKNOWN
2016-03-12T03:12:30.000000;2016-03-12T03:12:30.000000;0ca105f7-08d0-44cc-8031-f49e137df26e;417.5;3.0;UNKNOWN
2016-03-12T03:12:30.000000;2016-03-12T03:12:30.000000;b7dad1fa-76f9-436a-9ad4-5131f1d84670;417.6;0.7207;UNKNOWN
2016-03-12T03:12:30.000000;2016-03-12T03:12:30.000000;6220505d-6ff0-4dad-b4a2-f9e8c8ec484f;417.5;4.0;UNKNOWN
2016-03-12T03:12:30.000000;2016-03-12T03:12:30.000000;5eb6f18b-c1e5-4e4f-b1f3-36a6d0a94f22;417.66;2.41552328;UNKNOWN
2016-03-12T03:12:30.000000;2016-03-12T03:12:30.000000;6699e8b8-273e-407a-ac6e-db7b5d3cde5d;417.6;0.01;UNKNOWN
2016-03-12T03:12:30.000000;2016-03-12T03:12:30.000000;f201a10c-8d1f-413b-b069-e349302750f1;417.5;0.01;UNKNOWN
2016-03-12T03:12:30.000000;2016-03-12T03:12:30.000000;d8fc892c-f8e2-4f61-8c94-587b016d8737;417.5;4.19377672;UNKNOWN
2016-03-12T03:12:30.000000;2016-03-12T03:12:30.000000;6f1542d5-570d-4910-9944-77e74d3d5989;417.61;0.6;UNKNOWN
2016-03-12T03:12:30.000000;2016-03-12T03:12:30.000000;f7d61bfa-bc61-4a39-ae4b-0627d058227e;417.5;0.1;UNKNOWN
2016-03-12T03:12:31.000000;2016-03-12T03:12:31.000000;fb248240-7ad2-468e-bc04-69149627cb19;417.59;0.32;UNKNOWN
2016-03-12T03:12:34.000000;2016-03-12T03:12:34.000000;b0e7dcd1-ce03-4946-87e9-697c3b1676f4;417.58;0.35;UNKNOWN
2016-03-12T03:12:35.000000;2016-03-12T03:12:35.000000;e022fce0-5066-401e-841a-5e745974f410;417.5;10.0;UNKNOWN
2016-03-12T03:12:35.000000;2016-03-12T03:12:35.000000;1b7fab0c-f7bd-4800-b9f2-429ca3afe409;417.5;2.80622328;UNKNOWN
2016-03-12T03:12:35.000000;2016-03-12T03:12:35.000000;6b2a83f8-ad3d-4a4c-82ae-6cfd7e396706;417.5;0.89377672;UNKNOWN
2016-03-12T03:12:36.000000;2016-03-12T03:12:36.000000;6a567efb-40a3-42d2-94df-483627f83caf;417.5;11.89377672;UNKNOWN
2016-03-12T03:12:36.000000;2016-03-12T03:12:36.000000;48caf95f-3939-4c0d-a6d7-7e1f6f84ba86;417.5;1.35622328;UNKNOWN
2016-03-12T03:12:36.000000;2016-03-12T03:12:36.000000;259c0d54-a1bf-42e0-907b-898908b679c2;417.5;2.0;UNKNOWN
2016-03-12T03:12:36.000000;2016-03-12T03:12:36.000000;38d3e020-7e34-47af-a1f5-d2f2525ed031;417.5;4.64377672;UNKNOWN
2016-03-12T03:12:36.000000;2016-03-12T03:12:36.000000;3f4692e5-2107-4f00-ab94-9c4e26239b43;417.5;0.10622328;UNKNOWN
2016-03-12T03:12:38.000000;2016-03-12T03:12:38.000000;e6261516-8d57-4522-8ece-d940fc445bf2;417.57;0.3358;UNKNOWN
2016-03-12T03:12:50.000000;2016-03-12T03:12:50.000000;c6e6913b-1c28-4799-b7a4-f44ccab11a99;417.51;0.36;UNKNOWN
2016-03-12T03:12:50.000000;2016-03-12T03:12:50.000000;3966ea21-5dca-4739-aad8-f421cbb1467b;417.5;14.64;UNKNOWN
2016-03-12T03:12:57.000000;2016-03-12T03:12:57.000000;178bd328-fac8-4e8e-a351-92089062d5aa;417.51;0.09609692;UNKNOWN
2016-03-12T03:13:03.000000;2016-03-12T03:13:03.000000;ecac5092-f71a-4810-ab0a-dd6bc291ebfb;417.51;0.025;UNKNOWN
2016-03-12T03:13:06.000000;2016-03-12T03:13:06.000000;bfb998f8-41be-4420-90fc-8ee4d0f85af6;417.51;0.2259;UNKNOWN
2016-03-12T03:13:10.000000;2016-03-12T03:13:10.000000;1d3fb3bb-fdab-4982-adf5-b1d58eac7c43;417.5;2.5;UNKNOWN
2016-03-12T03:13:10.000000;2016-03-12T03:13:10.000000;12175ac8-b62b-43e8-801e-678fc584341f;417.5;0.1;UNKNOWN
2016-03-12T03:13:12.000000;2016-03-12T03:13:12.000000;b8592210-bb5e-46c3-b89c-158c3fc623a9;417.51;16.61300308;UNKNOWN
2016-03-12T03:13:12.000000;2016-03-12T03:13:12.000000;9e99e001-f210-444e-83f5-e2246f654f89;417.59;12.47929692;UNKNOWN
2016-03-12T03:13:12.000000;2016-03-12T03:13:12.000000;97cd3b97-0e49-4927-afed-1fad93c0d84d;417.51;5.9077;UNKNOWN
2016-03-12T03:13:15.000000;2016-03-12T03:13:15.000000;28bd8feb-dbf5-4e2a-ba48-814f8b48c2ab;417.5;0.181;UNKNOWN
2016-03-12T03:13:15.000000;2016-03-12T03:13:15.000000;a12ac023-b201-42fc-8302-512880fac0f6;417.5;0.95625;UNKNOWN
2016-03-12T03:13:17.000000;2016-03-12T03:13:17.000000;5178638b-dda7-4659-8623-221f148eb90b;417.21;1.40543242;UNKNOWN
2016-03-12T03:13:17.000000;2016-03-12T03:13:17.000000;0bbe770d-7214-426b-87fd-8e24d1627147;417.3;0.01;UNKNOWN
2016-03-12T03:13:17.000000;2016-03-12T03:13:17.000000;ce5373fe-7349-4af1-a578-111c9c91ec5c;417.24;0.12;UNKNOWN
2016-03-12T03:13:17.000000;2016-03-12T03:13:17.000000;60ef2964-171c-478a-8d8b-28ee3bfcf6ca;417.4;0.01;UNKNOWN
2016-03-12T03:13:17.000000;2016-03-12T03:13:17.000000;187e84e2-702c-4d13-8c72-ab7f35737d33;417.34;0.63896758;UNKNOWN
2016-03-12T03:13:17.000000;2016-03-12T03:13:17.000000;8824aca2-4ffc-4d59-94a8-60fa0086e5f8;417.21;0.25;UNKNOWN
2016-03-12T03:13:17.000000;2016-03-12T03:13:17.000000;80740382-3c80-43dd-9587-c1481fb9b947;417.39;0.1;UNKNOWN
2016-03-12T03:13:18.000000;2016-03-12T03:13:18.000000;fbf08e96-6766-4429-833e-a572254b69b6;417.48;3.0;UNKNOWN
2016-03-12T03:13:19.000000;2016-03-12T03:13:19.000000;0fb9bab9-644d-4ba2-94fa-4f0c452cdb6f;417.5;1.63725;UNKNOWN
2016-03-12T03:13:19.000000;2016-03-12T03:13:19.000000;40b2b454-ebf0-4df0-a1a9-5cfc3f201b95;417.5;2.36275;UNKNOWN
2016-03-12T03:13:25.000000;2016-03-12T03:13:25.000000;a82de5ab-424a-497b-a4ba-b0a825d15ab3;417.21;0.10308759;UNKNOWN
2016-03-12T03:13:25.000000;2016-03-12T03:13:25.000000;0ca0d3a7-8818-4578-81b3-30644cf77b42;417.22;0.38;UNKNOWN
2016-03-12T03:13:37.000000;2016-03-12T03:13:37.000000;f86903c7-79ee-418e-9370-15a39717cf1f;417.2;10.0;UNKNOWN
2016-03-12T03:13:37.000000;2016-03-12T03:13:37.000000;3acbd8d4-c56a-470c-a848-0888517f0aeb;417.2;0.01;UNKNOWN
2016-03-12T03:13:37.000000;2016-03-12T03:13:37.000000;2ebcbab9-c4d3-434d-a0a8-dd50f4cbe3ab;417.21;0.26484945;UNKNOWN
2016-03-12T03:13:37.000000;2016-03-12T03:13:37.000000;37e9ad21-9924-4b05-8410-8e8648537ffa;417.21;5.9519;UNKNOWN
2016-03-12T03:13:42.000000;2016-03-12T03:13:42.000000;2c4cf23d-3099-447e-b64d-d056555c3a18;417.0;0.82387743;UNKNOWN
2016-03-12T03:13:42.000000;2016-03-12T03:13:42.000000;c5eb2285-5f32-4373-bb51-e5ee95996c69;417.21;0.2196;UNKNOWN
2016-03-12T03:13:42.000000;2016-03-12T03:13:42.000000;22fc5aed-ad5f-46cd-b665-3624b50c899e;417.04;0.01009;UNKNOWN
2016-03-12T03:13:42.000000;2016-03-12T03:13:42.000000;23b8c228-c3ba-4d6e-a14e-3ce951d895cb;417.1;0.01;UNKNOWN
2016-03-12T03:13:42.000000;2016-03-12T03:13:42.000000;f58d57ed-6ed8-442c-ade1-f28d1e7c3d9b;417.0;1.1049;UNKNOWN
2016-03-12T03:13:42.000000;2016-03-12T03:13:42.000000;48d0333c-f917-4806-b165-02083f2dbf51;417.0;0.01;UNKNOWN
2016-03-12T03:13:42.000000;2016-03-12T03:13:42.000000;330d79d2-2dd8-4161-b0e5-bf2ef274bb77;417.0;2.0;UNKNOWN
2016-03-12T03:13:42.000000;2016-03-12T03:13:42.000000;a34e8077-4bf3-4d87-8fd7-d3847ee58ca6;417.15;0.6;UNKNOWN
2016-03-12T03:13:42.000000;2016-03-12T03:13:42.000000;b8a61c94-efac-44d9-9a75-880af63e0f19;417.0;0.0211;UNKNOWN
2016-03-12T03:13:42.000000;2016-03-12T03:13:42.000000;3410228a-c9da-4ade-a89b-a6343c9ac078;416.9;0.01;UNKNOWN
2016-03-12T03:13:42.000000;2016-03-12T03:13:42.000000;36807468-4b39-4788-a93c-08625ca69ca0;416.88;0.09;UNKNOWN
2016-03-12T03:13:48.000000;2016-03-12T03:13:48.000000;8d6555b5-f83b-4b54-b4ce-7665a895e77f;416.67;0.1;UNKNOWN
2016-03-12T03:13:48.000000;2016-03-12T03:13:48.000000;e3c94aa3-70a9-4563-b544-53933765c0a6;416.6;0.01;UNKNOWN
2016-03-12T03:13:48.000000;2016-03-12T03:13:48.000000;20bc9fb1-5347-42ce-9d9e-b6f49aa67323;416.6;2.0;UNKNOWN
2016-03-12T03:13:48.000000;2016-03-12T03:13:48.000000;7e3a1ae3-f584-4c83-b0b4-5897f795dffd;416.61;0.44257069;UNKNOWN
2016-03-12T03:13:48.000000;2016-03-12T03:13:48.000000;96967b84-ae49-4abc-a738-a385a4525d27;416.55;2.0;UNKNOWN
2016-03-12T03:13:48.000000;2016-03-12T03:13:48.000000;1532797b-0407-4edc-9672-c36b8cbc5106;416.55;5.73617069;UNKNOWN
2016-03-12T03:13:48.000000;2016-03-12T03:13:48.000000;01f859c3-23b6-4bf9-87cc-ed8e369feca5;416.55;2.0;UNKNOWN
2016-03-12T03:13:48.000000;2016-03-12T03:13:48.000000;071e520b-3f01-44f7-bfa0-d2c569057235;416.7;0.01;UNKNOWN
2016-03-12T03:13:48.000000;2016-03-12T03:13:48.000000;d7872b9e-9f91-46bc-8979-edc2de26e168;416.68;0.5;UNKNOWN
2016-03-12T03:13:48.000000;2016-03-12T03:13:48.000000;b77fd0dd-8a23-419e-b701-3a00be04ae2d;416.57;14.5564;UNKNOWN
2016-03-12T03:13:48.000000;2016-03-12T03:13:48.000000;33169362-766c-4f16-8a37-fe88ed980ea7;416.89;16.63;UNKNOWN
2016-03-12T03:13:48.000000;2016-03-12T03:13:48.000000;94e51ea5-3ae7-4f7f-9478-0fba5ee6de8f;416.61;0.69742931;UNKNOWN
2016-03-12T03:13:48.000000;2016-03-12T03:13:48.000000;652f08a1-c8c3-41b3-b64c-1fe9efa7a1c4;416.88;0.91;UNKNOWN
2016-03-12T03:13:48.000000;2016-03-12T03:13:48.000000;79392819-ba74-46be-b821-9166d0eecb9e;416.72;7.9397;UNKNOWN
2016-03-12T03:13:48.000000;2016-03-12T03:13:48.000000;53d925fc-baac-4513-8727-7b1a0a241fc4;416.8;0.01;UNKNOWN
2016-03-12T03:13:48.000000;2016-03-12T03:13:48.000000;6ada20c8-414e-47bc-a874-9f8bec50d516;416.69;2.6;UNKNOWN
2016-03-12T03:13:48.000000;2016-03-12T03:13:48.000000;485d93c8-0dd6-4305-ad6b-dcdab43ecf94;416.89;2.0;UNKNOWN
2016-03-12T03:13:48.000000;2016-03-12T03:13:48.000000;ef110947-c158-481f-869b-70bae2f2c945;416.7;5.0;UNKNOWN
2016-03-12T03:14:02.000000;2016-03-12T03:14:02.000000;c5f77a8f-0857-4807-8b36-c914dcbb8000;416.98;0.2;UNKNOWN
2016-03-12T03:14:02.000000;2016-03-12T03:14:02.000000;75291c0a-b345-419e-acac-1f9e8897333e;416.41;0.018785;UNKNOWN
2016-03-12T03:14:02.000000;2016-03-12T03:14:02.000000;48acc891-51e3-46b3-8703-cd5c5daef405;416.89;0.08920994;UNKNOWN
2016-03-12T03:14:02.000000;2016-03-12T03:14:02.000000;40f5ee70-f997-4642-8e03-a14ef467a0f3;416.72;5.9058;UNKNOWN
2016-03-12T03:14:02.000000;2016-03-12T03:14:02.000000;55c5b9b5-c906-4c64-a10a-cb346b7f845b;416.5;0.01;UNKNOWN
2016-03-12T03:14:02.000000;2016-03-12T03:14:02.000000;a39c6f06-e9ed-46b3-9b5b-22434b150a1e;416.89;0.09303189;UNKNOWN
2016-03-12T03:14:02.000000;2016-03-12T03:14:02.000000;b8233db4-e8bf-4eef-9fbd-6afdd0d0d73c;416.5;10.0;UNKNOWN
2016-03-12T03:14:02.000000;2016-03-12T03:14:02.000000;e9795d2f-071c-4982-b37c-c5aeb05c6bd9;416.41;7.3003;UNKNOWN
2016-03-12T03:14:02.000000;2016-03-12T03:14:02.000000;f78c56db-db7b-4b8c-8343-e5f38ef63734;416.5;1.0;UNKNOWN
2016-03-12T03:14:24.000000;2016-03-12T03:14:24.000000;73216848-c673-45d6-aa34-ec7cf9844210;416.5;32.8808;UNKNOWN
2016-03-12T03:14:24.000000;2016-03-12T03:14:24.000000;e5126725-ffa8-4664-8e74-d2246d1f37fc;416.56;16.1741449;UNKNOWN
2016-03-12T03:14:24.000000;2016-03-12T03:14:24.000000;f3c26ba7-deca-4435-b699-0aa6889e8d11;416.56;11.2182;UNKNOWN
2016-03-12T03:14:30.000000;2016-03-12T03:14:30.000000;e7202d1c-d99e-4a10-bead-55defb299cbd;416.5;2.0;UNKNOWN
2016-03-12T03:14:34.000000;2016-03-12T03:14:34.000000;b4f3cf1f-a10f-4160-8878-d36246071497;416.5;15.1192;UNKNOWN
2016-03-12T03:14:34.000000;2016-03-12T03:14:34.000000;ee6d60d4-3c87-4feb-8177-2e3edfcf8b64;416.32;3.8128;UNKNOWN
2016-03-12T03:14:36.000000;2016-03-12T03:14:36.000000;218a288f-e361-4533-94c7-7921aae84d4d;416.26;16.2625;UNKNOWN
2016-03-12T03:14:36.000000;2016-03-12T03:14:36.000000;162d28a4-4e8c-4d57-98e3-692012be7663;416.2;1.8346;UNKNOWN
2016-03-12T03:14:36.000000;2016-03-12T03:14:36.000000;c88d3285-3628-4639-8a06-0516695d7932;416.24;0.14;UNKNOWN
2016-03-12T03:14:36.000000;2016-03-12T03:14:36.000000;fd486425-ad7c-4e22-b9d2-077bc8ba4cb2;416.2;15.6129;UNKNOWN
2016-03-12T03:14:36.000000;2016-03-12T03:14:36.000000;83391298-198d-4c95-b4c0-1556ec2159db;416.3;10.0;UNKNOWN
2016-03-12T03:14:36.000000;2016-03-12T03:14:36.000000;1cbfd2fd-ea01-4ce3-b97a-2f229a06209d;416.26;2.0;UNKNOWN
2016-03-12T03:14:36.000000;2016-03-12T03:14:36.000000;b2a7a543-17e6-4c33-9874-76212263ec6e;416.2;14.0;UNKNOWN
2016-03-12T03:14:36.000000;2016-03-12T03:14:36.000000;259e9aa0-88c1-4641-addb-5c212ddd2a6e;416.21;0.15;UNKNOWN
2016-03-12T03:14:42.000000;2016-03-12T03:14:42.000000;aed5106c-eb9a-4ae7-80fd-8265c836489e;416.0;0.42721388;UNKNOWN
2016-03-12T03:14:42.000000;2016-03-12T03:14:42.000000;70dd504e-8f16-46aa-a95f-004e54dc9eba;416.2;8.1654;UNKNOWN
2016-03-12T03:14:42.000000;2016-03-12T03:14:42.000000;3d78766b-a7c3-4856-a77f-0745bad3eeb3;416.05;0.24138612;UNKNOWN
2016-03-12T03:14:42.000000;2016-03-12T03:14:42.000000;768aea05-7b0a-4465-8e6f-285713cd0323;416.11;1.0;UNKNOWN
2016-03-12T03:14:42.000000;2016-03-12T03:14:42.000000;a7db18eb-f039-47e4-943b-f086a650a69f;416.1;10.0;UNKNOWN
2016-03-12T03:14:42.000000;2016-03-12T03:14:42.000000;9cce8d73-ca7f-4256-bfe9-86f3b371f264;416.02;0.166;UNKNOWN
2016-03-12T03:14:49.000000;2016-03-12T03:14:49.000000;8b530baa-d1f3-40c3-b365-3566753db657;416.1;0.5;UNKNOWN
2016-03-12T03:15:01.000000;2016-03-12T03:15:01.000000;e27e84f8-57d3-4226-b66d-6a1f4101cbfc;416.26;0.1002;UNKNOWN
2016-03-12T03:15:02.000000;2016-03-12T03:15:02.000000;6e2c0259-a2d5-452b-9e42-4349a74aa224;416.26;0.025;UNKNOWN
2016-03-12T03:15:17.000000;2016-03-12T03:15:17.000000;ab8b04c6-697d-468e-9779-94dadb6bba37;416.18;1.0;UNKNOWN
2016-03-12T03:15:17.000000;2016-03-12T03:15:17.000000;008166ff-639a-48c2-879c-b7157cc62626;416.11;5.9976;UNKNOWN
2016-03-12T03:15:17.000000;2016-03-12T03:15:17.000000;0735cd44-0235-41f7-ab06-447ff0da7e81;416.1;5.288;UNKNOWN
2016-03-12T03:15:30.000000;2016-03-12T03:15:30.000000;49a342f4-a05a-4735-b62c-332161d144e4;416.26;0.07447745;UNKNOWN
2016-03-12T03:15:33.000000;2016-03-12T03:15:33.000000;24407774-ab99-415e-be8d-dad9994200ad;416.1;0.08;UNKNOWN
2016-03-12T03:15:40.000000;2016-03-12T03:15:40.000000;d0ca0863-5c27-4bee-aae4-a9d76a9f3b7b;415.27;2.0;UNKNOWN
2016-03-12T03:15:40.000000;2016-03-12T03:15:40.000000;b7c6662e-5827-4ad1-8d4e-ede68d1e0093;415.27;10.0;UNKNOWN
2016-03-12T03:15:40.000000;2016-03-12T03:15:40.000000;613063bd-c095-4b8c-9cd0-70bf4c38c9e8;415.88;14.5942;UNKNOWN
2016-03-12T03:15:40.000000;2016-03-12T03:15:40.000000;b2ac9bdd-d43a-4bb1-9140-071c378094a0;416.0;0.3;UNKNOWN
2016-03-12T03:15:40.000000;2016-03-12T03:15:40.000000;f24cd0d8-af00-47c7-8f14-5f30604221ae;416.1;5.9176;UNKNOWN
2016-03-12T03:15:40.000000;2016-03-12T03:15:40.000000;13b1e8e5-7228-4437-822b-b2c5b7ac71c9;416.18;1.0;UNKNOWN
2016-03-12T03:15:40.000000;2016-03-12T03:15:40.000000;8e9e2326-8952-4aeb-a92e-3c41ea6e4c2c;415.5;18.0;UNKNOWN
2016-03-12T03:15:40.000000;2016-03-12T03:15:40.000000;7146374a-49d8-4354-93a1-1dcc17cdd3c6;416.0;0.2;UNKNOWN
2016-03-12T03:15:40.000000;2016-03-12T03:15:40.000000;fe635a53-329c-45e2-a3ad-805694bac37e;416.0;0.7232;UNKNOWN
2016-03-12T03:15:40.000000;2016-03-12T03:15:40.000000;fa8afade-e013-4afb-8db7-606b6a8cd269;415.24;0.16;UNKNOWN
2016-03-12T03:15:40.000000;2016-03-12T03:15:40.000000;1f9ae0b4-b3f9-4314-906a-f12455e8ed51;415.5;10.0;UNKNOWN
2016-03-12T03:15:40.000000;2016-03-12T03:15:40.000000;0b84034f-df9a-409a-ae9c-48dfbf04a9b3;416.0;49.57278612;UNKNOWN
2016-03-12T03:15:40.000000;2016-03-12T03:15:40.000000;032ef93a-641a-4bc5-8609-271b5843069e;415.5;1.0;UNKNOWN
2016-03-12T03:15:40.000000;2016-03-12T03:15:40.000000;a21d70f0-9650-450b-87fd-055ef23ea786;415.78;0.02271252;UNKNOWN
2016-03-12T03:15:40.000000;2016-03-12T03:15:40.000000;a30217af-c0a1-4534-9a72-296f3b387caf;415.67;0.0498;UNKNOWN
2016-03-12T03:15:40.000000;2016-03-12T03:15:40.000000;3c8cfdd6-fda8-4dbc-a8b4-1f0603ef648c;416.0;1.0;UNKNOWN
2016-03-12T03:15:40.000000;2016-03-12T03:15:40.000000;bea108c3-2dcd-4bad-ae07-f1e67d3b6586;415.6;0.03;UNKNOWN
2016-03-12T03:15:40.000000;2016-03-12T03:15:40.000000;7017c959-b188-41a9-861a-b9333a0303db;415.81;23.4517;UNKNOWN
2016-03-12T03:15:40.000000;2016-03-12T03:15:40.000000;2ac020cd-b2f7-4902-a214-321ca87925d8;415.55;14.354;UNKNOWN
2016-03-12T03:15:40.000000;2016-03-12T03:15:40.000000;e9338dc9-9812-4507-97b8-a702b535304f;415.72;15.6848;UNKNOWN
2016-03-12T03:15:40.000000;2016-03-12T03:15:40.000000;dac826e0-4a26-4c1a-ac14-57541ba8a491;415.73;0.095;UNKNOWN
2016-03-12T03:15:40.000000;2016-03-12T03:15:40.000000;e9f72e92-ed1a-4860-9f06-f34b9e7f553c;415.8;1.0;UNKNOWN
2016-03-12T03:15:40.000000;2016-03-12T03:15:40.000000;706117fa-d9af-498b-be21-b990af2bb7fb;415.5;0.4813;UNKNOWN
2016-03-12T03:15:40.000000;2016-03-12T03:15:40.000000;5c651c7e-219c-48d9-a4b7-1379bfc6828f;415.38;15.4454;UNKNOWN
2016-03-12T03:15:40.000000;2016-03-12T03:15:40.000000;2c0e698c-885c-42e9-abdf-68fc670cd99b;415.34;0.14141204;UNKNOWN
2016-03-12T03:15:40.000000;2016-03-12T03:15:40.000000;62a98dd5-bbf7-4222-b6af-223845b3f47a;415.22;22.77414435;UNKNOWN
2016-03-12T03:15:45.000000;2016-03-12T03:15:45.000000;115ccfbd-e50d-4430-8015-a1b9ca833224;415.18;1.0;UNKNOWN
2016-03-12T03:15:45.000000;2016-03-12T03:15:45.000000;a18d1208-9303-46f3-aea9-3e694b0e3bb7;415.2;0.0123;UNKNOWN
2016-03-12T03:15:45.000000;2016-03-12T03:15:45.000000;bd786d66-d977-4482-831c-5ec29a407196;415.22;9.1468;UNKNOWN
2016-03-12T03:15:45.000000;2016-03-12T03:15:45.000000;ac7bd689-6ae8-4568-973b-4c8d6911d351;415.22;1.0;UNKNOWN
2016-03-12T03:15:45.000000;2016-03-12T03:15:45.000000;f6f62714-6ae7-4b9d-b0ae-62c4d8390b75;415.19;6.66;UNKNOWN
2016-03-12T03:15:45.000000;2016-03-12T03:15:45.000000;b5b28d09-8b8b-4e1b-ba52-7ab18e755b4f;415.22;0.10331057;UNKNOWN
2016-03-12T03:15:45.000000;2016-03-12T03:15:45.000000;6058bdf6-e278-465a-b556-4c92ea1148c5;415.93;15.8532;UNKNOWN
2016-03-12T03:15:45.000000;2016-03-12T03:15:45.000000;47886ece-4bc2-4976-aa5a-19cedf0052c4;415.22;1.0;UNKNOWN
2016-03-12T03:15:45.000000;2016-03-12T03:15:45.000000;c7c13021-f3c9-40a9-b5f6-e74966f0ed0c;415.22;15.97574508;UNKNOWN
2016-03-12T03:15:45.000000;2016-03-12T03:15:45.000000;76be0500-f2ee-4c94-9395-82b6b9d63638;415.18;3.76074508;UNKNOWN
2016-03-12T03:15:45.000000;2016-03-12T03:15:45.000000;e0d4aa5a-9a4e-4d9d-a55e-09a06b71ea63;415.18;9.85195492;UNKNOWN
2016-03-12T03:15:46.000000;2016-03-12T03:15:46.000000;6b8cbd78-ed45-4e93-b05e-5635590812e4;415.14;6.84;UNKNOWN
2016-03-12T03:15:46.000000;2016-03-12T03:15:46.000000;d1e14a5f-efbd-4fa5-96fa-21bdd80dc2b7;415.13;14.3826;UNKNOWN
2016-03-12T03:15:46.000000;2016-03-12T03:15:46.000000;683c6700-fca7-4355-b2bd-d7bc28a53cbb;415.07;6.18;UNKNOWN
2016-03-12T03:15:46.000000;2016-03-12T03:15:46.000000;889290b1-928c-4b35-963d-d3f735593e2c;415.13;0.6174;UNKNOWN
2016-03-12T03:15:46.000000;2016-03-12T03:15:46.000000;e427cab7-c1ff-4a16-a360-3459448674c9;415.1;0.1;UNKNOWN
2016-03-12T03:15:46.000000;2016-03-12T03:15:46.000000;8b2e2aff-81d6-4db3-8110-c0a63ff5bc65;415.06;3.3233;UNKNOWN
2016-03-12T03:15:46.000000;2016-03-12T03:15:46.000000;851f64c7-df90-47c9-a322-e97513517173;415.12;0.5141;UNKNOWN
2016-03-12T03:15:46.000000;2016-03-12T03:15:46.000000;78ed1451-6d86-416e-8a5a-9d02d5ed8bfd;415.1;0.5;UNKNOWN
2016-03-12T03:15:47.000000;2016-03-12T03:15:47.000000;84b7319d-d740-4871-9ee0-8c069b1b6a2c;415.18;0.4;UNKNOWN
2016-03-12T03:15:48.000000;2016-03-12T03:15:48.000000;fcc9e33a-c2eb-4e19-bb64-8931140aa8e2;415.0;0.04161;UNKNOWN
2016-03-12T03:15:49.000000;2016-03-12T03:15:49.000000;e8185ee2-3bb3-41db-af34-9a166ddf965a;415.18;0.0455;UNKNOWN
2016-03-12T03:15:54.000000;2016-03-12T03:15:54.000000;4a5b2d8b-c712-4027-8c5e-89af2a34d220;415.16;0.01262;UNKNOWN
2016-03-12T03:15:54.000000;2016-03-12T03:15:54.000000;6b108d6d-8b21-4c13-a662-837ce28948de;415.07;2.94411655;UNKNOWN
2016-03-12T03:15:56.000000;2016-03-12T03:15:56.000000;f2a5bb4e-12a6-4b64-a974-de3c72b5094d;415.16;0.48738;UNKNOWN
2016-03-12T03:15:56.000000;2016-03-12T03:15:56.000000;7aba9b6e-36d3-4a35-844e-bd94df05d04c;415.17;1.72262;UNKNOWN
2016-03-12T03:15:57.000000;2016-03-12T03:15:57.000000;fe677412-be9a-4b7b-b72b-c0c219dc5b69;415.0;1.0;UNKNOWN
2016-03-12T03:15:57.000000;2016-03-12T03:15:57.000000;db5db1c0-a3fa-4468-81f7-c0a4530dadab;415.0;0.25;UNKNOWN
2016-03-12T03:15:57.000000;2016-03-12T03:15:57.000000;b3b849b8-e274-49b0-acea-47196c5a3f4d;415.07;9.18808345;UNKNOWN
2016-03-12T03:15:57.000000;2016-03-12T03:15:57.000000;2ecc3b12-b94f-4cc0-a2c7-3613677f89a7;415.0;38.09352655;UNKNOWN
2016-03-12T03:15:57.000000;2016-03-12T03:15:57.000000;1b13b0f3-0445-4293-8b47-db00bbd5d67c;415.01;0.41;UNKNOWN
2016-03-12T03:15:57.000000;2016-03-12T03:15:57.000000;d27d0fc6-5039-44b5-9f23-ef79c7cbcd19;415.0;0.95839;UNKNOWN
2016-03-12T03:15:57.000000;2016-03-12T03:15:57.000000;a3f9bc4c-7172-4726-a46d-d16a2f99fbf0;415.0;0.1;UNKNOWN
2016-03-12T03:16:04.000000;2016-03-12T03:16:04.000000;20de855b-3f86-40bd-bd68-b35ea3be93f8;415.18;1.0;UNKNOWN
2016-03-12T03:16:05.000000;2016-03-12T03:16:05.000000;6c402407-5159-4bfa-bb62-2f7e933bb5bd;415.0;5.98785;UNKNOWN
2016-03-12T03:16:05.000000;2016-03-12T03:16:05.000000;689656d3-c41c-4658-8e35-e8b494eedbc4;415.0;11.90647345;UNKNOWN
2016-03-12T03:16:05.000000;2016-03-12T03:16:05.000000;a6fab29a-eba8-41bc-b4da-22df09bdb814;415.0;0.1;UNKNOWN
2016-03-12T03:16:05.000000;2016-03-12T03:16:05.000000;f093132b-252b-4041-8819-e386fea69552;415.01;0.41;UNKNOWN
2016-03-12T03:16:05.000000;2016-03-12T03:16:05.000000;6ee57026-e0fa-4ab2-9076-6dfb1641ff42;415.01;0.4;UNKNOWN
2016-03-12T03:16:05.000000;2016-03-12T03:16:05.000000;f21a4c34-2e91-4986-975e-f7f97a140092;415.0;5.0;UNKNOWN
2016-03-12T03:16:07.000000;2016-03-12T03:16:07.000000;7eb71039-a5ca-4ae0-958a-72e0d6d6f9e8;415.18;0.025;UNKNOWN
2016-03-12T03:16:09.000000;2016-03-12T03:16:09.000000;26138939-921b-49a0-9056-74b487d6cde0;415.18;3.044;UNKNOWN
2016-03-12T03:16:11.000000;2016-03-12T03:16:11.000000;08f84673-3121-4564-8e45-4a1f36164964;415.18;0.1;UNKNOWN
2016-03-12T03:16:17.000000;2016-03-12T03:16:17.000000;647f2400-e10f-4399-853b-7c962de856d9;415.0;6.107648;UNKNOWN
2016-03-12T03:16:17.000000;2016-03-12T03:16:17.000000;13fc33e4-6414-4b5e-add6-069edbf6edec;415.02;9.0;UNKNOWN
2016-03-12T03:16:17.000000;2016-03-12T03:16:17.000000;e0d0f729-5f9f-4f37-8374-0de267f341c7;415.01;0.41;UNKNOWN
2016-03-12T03:16:27.000000;2016-03-12T03:16:27.000000;4023fdaa-222f-4c83-8599-b82f730d8bd0;415.07;0.98042261;UNKNOWN
2016-03-12T03:16:33.000000;2016-03-12T03:16:33.000000;432c5504-5eec-4d08-ab1d-169b1b81bb9f;415.02;1.38231;UNKNOWN
2016-03-12T03:16:33.000000;2016-03-12T03:16:33.000000;4c6f219c-c48a-4526-8874-5f6406e70eea;415.0;5.98785;UNKNOWN
2016-03-12T03:16:33.000000;2016-03-12T03:16:33.000000;23cf2e19-551d-4524-9a3a-949cd788fa30;415.07;10.88987739;UNKNOWN
2016-03-12T03:16:34.000000;2016-03-12T03:16:34.000000;2a74cdc9-aab5-470d-8d5f-a7b2ca0fbc11;415.18;1.0;UNKNOWN
2016-03-12T03:16:35.000000;2016-03-12T03:16:35.000000;d2196d30-99f5-4fda-9f81-f0d153b9287d;415.18;0.0725;UNKNOWN
2016-03-12T03:16:47.000000;2016-03-12T03:16:47.000000;5aa502ad-8c15-438e-94ec-e21d9ceccca1;415.04;0.83714181;UNKNOWN
2016-03-12T03:16:47.000000;2016-03-12T03:16:47.000000;ab8c027a-4e19-428e-87df-5c09286079a8;415.08;0.062;UNKNOWN
2016-03-12T03:16:47.000000;2016-03-12T03:16:47.000000;069f28c6-3de9-4407-b093-1f3cb34c8a9d;415.05;34.5272;UNKNOWN
2016-03-12T03:16:47.000000;2016-03-12T03:16:47.000000;f707e86b-3b69-4032-8e31-8cc846c56ad3;415.18;3.5;UNKNOWN
2016-03-12T03:16:47.000000;2016-03-12T03:16:47.000000;76ccd9b5-6a61-4ac7-b62e-b0edd821613c;415.04;2.16285819;UNKNOWN
2016-03-12T03:16:48.000000;2016-03-12T03:16:48.000000;11c46ff2-3143-479a-9c50-4c4bb82d9928;415.05;0.69133;UNKNOWN
2016-03-12T03:16:59.000000;2016-03-12T03:16:59.000000;06d998c5-b29f-40ad-bbbc-38f6f55f0422;414.5;13.0;UNKNOWN
2016-03-12T03:16:59.000000;2016-03-12T03:16:59.000000;871c6672-ff06-42b7-ad6d-410fcc9ab306;414.62;9.847;UNKNOWN
2016-03-12T03:16:59.000000;2016-03-12T03:16:59.000000;bb08470b-7c55-4026-b0bb-67cc6a10845c;414.31;0.24;UNKNOWN
2016-03-12T03:16:59.000000;2016-03-12T03:16:59.000000;424ff1d2-eb90-44ba-a5d0-c4b9e70cfee3;414.27;13.3134;UNKNOWN
2016-03-12T03:16:59.000000;2016-03-12T03:16:59.000000;d2aee125-2555-48cb-8216-89b65b84412c;414.24;0.18;UNKNOWN
2016-03-12T03:16:59.000000;2016-03-12T03:16:59.000000;d25545e6-d574-409a-b2c3-e0f0b95cd975;414.12;3.92657009;UNKNOWN
2016-03-12T03:16:59.000000;2016-03-12T03:16:59.000000;3cf6f959-124d-4fcb-a450-99ae226d5f15;414.29;0.01;UNKNOWN
2016-03-12T03:16:59.000000;2016-03-12T03:16:59.000000;fb2b4cb2-250a-48d5-a2fb-1a8ac65d6798;414.86;0.019798;UNKNOWN
2016-03-12T03:16:59.000000;2016-03-12T03:16:59.000000;4e13d57d-de8b-4451-82d6-6f68f04e5ca6;415.0;0.4277;UNKNOWN
2016-03-12T03:16:59.000000;2016-03-12T03:16:59.000000;e1fd01b0-0edb-4dd8-a5b4-81ee5f7daa57;414.75;13.5748;UNKNOWN
2016-03-12T03:16:59.000000;2016-03-12T03:16:59.000000;63e93b1a-da73-40d7-b276-60e435b90d3d;414.6;2.3;UNKNOWN
2016-03-12T03:16:59.000000;2016-03-12T03:16:59.000000;751d0e97-14fc-4fdb-8d4b-6b21aa555238;415.04;12.8497;UNKNOWN
2016-03-12T03:16:59.000000;2016-03-12T03:16:59.000000;2a0aa4df-bffb-481a-a60e-ecf01752c463;414.46;11.7465;UNKNOWN
2016-03-12T03:16:59.000000;2016-03-12T03:16:59.000000;93418b74-0348-4bde-86cf-690fdb61b41d;414.34;30.0;UNKNOWN
2016-03-12T03:16:59.000000;2016-03-12T03:16:59.000000;dae82843-dd2e-4893-9dd2-92d73791f527;415.0;3.5;UNKNOWN
2016-03-12T03:16:59.000000;2016-03-12T03:16:59.000000;0224c0cd-a380-47a6-96d3-1f0873b70234;414.61;11.9641;UNKNOWN
2016-03-12T03:16:59.000000;2016-03-12T03:16:59.000000;02881f79-fa22-4bb5-82ad-b0f677bde50e;414.89;14.1499;UNKNOWN
2016-03-12T03:16:59.000000;2016-03-12T03:16:59.000000;e441e5e6-7e84-4ae8-9dd4-9273b88b1cb4;415.0;1.0;UNKNOWN
2016-03-12T03:16:59.000000;2016-03-12T03:16:59.000000;c547c0ba-0a22-42af-9d8e-8024eb41dc19;414.81;0.1;UNKNOWN
2016-03-12T03:16:59.000000;2016-03-12T03:16:59.000000;0830fdaa-113c-45df-828b-66a9daae8dd1;415.0;33.5521;UNKNOWN
2016-03-12T03:16:59.000000;2016-03-12T03:16:59.000000;3d2ea675-c8ba-4750-b8c3-6a80ebe212a5;414.43;1.0;UNKNOWN
2016-03-12T03:16:59.000000;2016-03-12T03:16:59.000000;1319f01b-1c65-48e7-b51f-06ba6760915b;415.0;11.816652;UNKNOWN
2016-03-12T03:16:59.000000;2016-03-12T03:16:59.000000;f9e24da6-85ff-4272-a80a-ce8c6881d241;415.0;0.06015;UNKNOWN
2016-03-12T03:16:59.000000;2016-03-12T03:16:59.000000;08a76f6f-2c45-4de2-b954-116690392de7;415.12;12.7103;UNKNOWN
2016-03-12T03:16:59.000000;2016-03-12T03:16:59.000000;8d083787-92d3-4c65-bdfc-acd0107155ab;415.0;1.0;UNKNOWN
2016-03-12T03:16:59.000000;2016-03-12T03:16:59.000000;8f7275df-c05e-4c1d-b199-f697f5e9814f;414.16;12.5283;UNKNOWN
2016-03-12T03:16:59.000000;2016-03-12T03:16:59.000000;022b3725-80ef-4690-8dbb-21e1ee4df15f;414.17;0.163731;UNKNOWN
2016-03-12T03:17:03.000000;2016-03-12T03:17:03.000000;8ca459dd-e1f8-4725-b3ab-ede6fb8b8b67;415.31;0.08168962;UNKNOWN
2016-03-12T03:17:05.000000;2016-03-12T03:17:05.000000;fafda2c3-31c3-47e8-af37-dc9a854a61ec;415.29;2.0;UNKNOWN
2016-03-12T03:17:05.000000;2016-03-12T03:17:05.000000;73c186e6-6555-4ece-b425-3261f56d277b;415.15;0.3;UNKNOWN
2016-03-12T03:17:06.000000;2016-03-12T03:17:06.000000;0d611cc2-a8e4-488f-9b16-23f4e2c8a959;415.3;2.0;UNKNOWN
2016-03-12T03:17:07.000000;2016-03-12T03:17:07.000000;acbabbd5-b08c-491f-b7fb-f771172b63c0;415.61;0.025;UNKNOWN
2016-03-12T03:17:08.000000;2016-03-12T03:17:08.000000;9cd85cd6-e63d-4ba9-9516-c82cccfe404f;415.76;0.42765656;UNKNOWN
