time_exchange;time_coinpai;guid;price;base_amount;taker_side
2016-03-12T00:00:01.790000;2016-03-12T00:00:01.800000;01160b0f-5f9f-4ede-8909-fd2598d524c9;419.48;0.01;SELL
2016-03-12T00:00:01.790000;2016-03-12T00:00:01.817000;3dd8e119-7555-4d7f-8448-767027a3ef5c;419.47;0.01;SELL
2016-03-12T00:00:01.790000;2016-03-12T00:00:01.817000;3d2afad0-f185-4f69-9c3e-5542fe957ab1;419.47;0.099;SELL
2016-03-12T00:00:01.790000;2016-03-12T00:00:01.817000;074c90f3-ce75-421b-9cdc-053d158b80e2;419.46;0.297427;SELL
2016-03-12T00:00:01.790000;2016-03-12T00:00:01.817000;a6c3e2eb-4d14-4baa-8584-b5b5e98d7549;419.44;0.08852;SELL
2016-03-12T00:00:01.790000;2016-03-12T00:00:01.833000;25d0aa9a-2a81-4673-ab43-666fdc7701bf;419.42;0.111;SELL
2016-03-12T00:00:01.793000;2016-03-12T00:00:01.833000;5fb1b0cd-582a-472b-9199-184c00970813;419.41;0.04617;SELL
2016-03-12T00:00:01.793000;2016-03-12T00:00:01.833000;87d5b60b-1d19-410f-992c-7fd86e2dd4f4;419.4;7.742233;SELL
2016-03-12T00:00:30.863000;2016-03-12T00:00:30.863000;a8b33621-0d01-43d5-b55f-a524fd61e8a0;419.53;0.07665506;BUY
2016-03-12T00:00:30.863000;2016-03-12T00:00:30.897000;a175f642-532f-4cfe-a828-59ad9e42edea;419.53;0.15;BUY
2016-03-12T00:00:30.863000;2016-03-12T00:00:30.897000;ddfb6cfe-3d8d-4cf1-8a7a-bedd56fb6bcb;419.53;0.05;BUY
2016-03-12T00:00:30.863000;2016-03-12T00:00:30.897000;9f3a33d7-90ad-4d29-9598-2b2d91609256;419.54;0.127003;BUY
2016-03-12T00:00:30.863000;2016-03-12T00:00:30.897000;1ead0633-4cec-450c-9931-530c9a0eb99f;419.55;0.1368465;BUY
2016-03-12T00:00:30.863000;2016-03-12T00:00:30.973000;a2b3d0b0-54ba-41a6-a7f4-d7eec0091590;419.56;0.1140368;BUY
2016-03-12T00:00:30.863000;2016-03-12T00:00:30.973000;af907cbe-36a0-4246-9993-88e182b92e89;419.57;0.0561675;BUY
2016-03-12T00:00:30.867000;2016-03-12T00:00:30.973000;92de96a6-fd36-41ac-8fba-01aaf73b8898;419.6;0.111;BUY
2016-03-12T00:00:30.867000;2016-03-12T00:00:30.973000;8d7796a6-5207-4d16-8892-80e9d0c56546;419.61;0.01;BUY
2016-03-12T00:00:30.867000;2016-03-12T00:00:30.973000;6f4b5bab-0e18-4a85-ae4b-eb0130eee70a;419.65;0.089;BUY
2016-03-12T00:00:30.867000;2016-03-12T00:00:30.973000;712c36bc-a5f1-4df4-8706-dc0c7b233545;419.65;0.01;BUY
2016-03-12T00:00:30.867000;2016-03-12T00:00:30.973000;da3c22da-ac32-4aff-aa47-22849fd15f8b;419.7;0.108;BUY
2016-03-12T00:00:30.867000;2016-03-12T00:00:30.973000;f8eb213e-d959-498c-98c8-244a33876720;419.7;0.2;BUY
2016-03-12T00:00:30.867000;2016-03-12T00:00:30.973000;ef931067-2a81-40af-9945-26aed78bb141;419.71;0.05629114;BUY
2016-03-12T00:00:34.297000;2016-03-12T00:00:34.363000;bed3cfaa-0a24-46ad-9db2-b5aa4ab1a79a;419.41;0.12;SELL
2016-03-12T00:01:01.183000;2016-03-12T00:01:01.193000;bec5ffec-feb0-4a87-942c-6f79a4197aa9;419.65;0.294;BUY
2016-03-12T00:01:01.183000;2016-03-12T00:01:01.207000;87d29bd8-e74e-45ce-9cc6-46c79ff9edbd;419.66;1.25;BUY
2016-03-12T00:01:01.183000;2016-03-12T00:01:01.207000;30017c88-acb9-415f-845a-2741d4ad197f;419.67;0.26;BUY
2016-03-12T00:01:01.183000;2016-03-12T00:01:01.207000;5bd682ac-5959-4880-9bf3-c545121c8a61;419.68;0.18713;BUY
2016-03-12T00:01:31.063000;2016-03-12T00:01:31.083000;6837da0a-44f7-46e0-be8c-796b9732d115;419.68;0.61347;BUY
2016-03-12T00:02:00.800000;2016-03-12T00:02:00.800000;049207cd-4498-45a0-a7de-07fa8485b2e6;419.65;0.07172;BUY
2016-03-12T00:02:30.887000;2016-03-12T00:02:30.880000;f72ecaf6-7ee9-426d-8e57-f9a8b5fa82b5;419.51;0.072;SELL
2016-03-12T00:02:30.887000;2016-03-12T00:02:30.897000;4b4c63f9-2994-4139-a978-e1e2c2f9a864;419.51;0.28;SELL
2016-03-12T00:02:30.887000;2016-03-12T00:02:30.897000;e5ff5778-41cb-46ba-ac28-cfbbd9f4365a;419.5;0.0115;SELL
2016-03-12T00:02:30.887000;2016-03-12T00:02:30.910000;2c07a17a-266b-43f6-9335-96d556e10e52;419.49;0.1894944;SELL
2016-03-12T00:02:30.887000;2016-03-12T00:02:30.910000;342a29d5-08c3-4ca6-ad48-01f1244ebb17;419.48;0.09971047;SELL
2016-03-12T00:02:30.887000;2016-03-12T00:02:30.910000;2df4e557-47b6-4ddb-ab3a-7482b1f2f470;419.47;0.468861;SELL
2016-03-12T00:02:30.887000;2016-03-12T00:02:30.973000;8115e17e-bff6-41cf-8479-373f91fb10ec;419.46;0.114;SELL
2016-03-12T00:02:30.887000;2016-03-12T00:02:30.990000;8f039cae-740e-4bda-be87-8f08bebfbe88;419.45;0.20532756;SELL
2016-03-12T00:02:30.890000;2016-03-12T00:02:30.990000;befd4f93-ce50-4aef-8a82-c3cc4b60bce1;419.44;0.087835;SELL
2016-03-12T00:02:30.890000;2016-03-12T00:02:30.990000;3f59019b-e47c-4dce-b0ac-34feaeea6776;419.43;0.19618;SELL
2016-03-12T00:02:30.890000;2016-03-12T00:02:30.990000;673eaa1f-1b50-4797-898a-9898dcaedbc8;419.42;0.06322157;SELL
2016-03-12T00:03:00.973000;2016-03-12T00:03:00.973000;dcecd7ec-a18e-41f4-9aca-c1aa99e52c46;419.43;0.43;SELL
2016-03-12T00:03:00.973000;2016-03-12T00:03:00.990000;bc0bc442-5513-4c26-be75-c13beff67a26;419.43;0.114;SELL
2016-03-12T00:03:00.973000;2016-03-12T00:03:00.990000;2fb5318a-e464-4b1c-ad01-033fba945009;419.42;0.02734783;SELL
2016-03-12T00:03:00.973000;2016-03-12T00:03:00.990000;c52553c8-5790-487d-b793-7c0eca36977a;419.41;0.08526;SELL
2016-03-12T00:03:00.973000;2016-03-12T00:03:01.003000;443fcae6-4438-41c7-8ed9-b5e766940a9e;419.4;0.0884;SELL
2016-03-12T00:03:00.973000;2016-03-12T00:03:01.003000;ec911008-d73b-4428-be4d-5e9705ba6701;419.39;0.59268689;SELL
2016-03-12T00:03:00.973000;2016-03-12T00:03:01.003000;c2bc15e4-f060-42b4-a15c-13bfbecdcee7;419.38;0.29661;SELL
2016-03-12T00:03:00.973000;2016-03-12T00:03:01.003000;c5e2b9c7-fc8e-458b-ae02-c2efaf1105df;419.37;0.093;SELL
2016-03-12T00:03:00.973000;2016-03-12T00:03:01.003000;73408875-3ec6-4e69-b9d8-a9d8445452f9;419.35;0.01;SELL
2016-03-12T00:03:00.973000;2016-03-12T00:03:01.003000;c2a5c9be-1de6-4027-bafa-14944b2b0a86;419.32;0.126;SELL
2016-03-12T00:03:00.977000;2016-03-12T00:03:01.037000;9dd10c70-cfb0-40dd-8fc3-52613f1deed5;419.3;0.4134879;SELL
2016-03-12T00:03:00.977000;2016-03-12T00:03:01.037000;9488d9b2-7cd2-4273-ae69-d045a8eeb6d4;419.28;0.2;SELL
2016-03-12T00:03:00.977000;2016-03-12T00:03:01.037000;5a926fd0-56f7-48e9-b6df-df3d181810b1;419.27;1.25;SELL
2016-03-12T00:03:00.977000;2016-03-12T00:03:01.037000;cbaad272-2808-41e4-90c2-233c0c54040a;419.26;0.125;SELL
2016-03-12T00:03:00.977000;2016-03-12T00:03:01.037000;1e717db6-b586-4f39-ade1-fd949445035f;419.26;0.5;SELL
2016-03-12T00:03:00.977000;2016-03-12T00:03:01.037000;cfedebfa-208d-4024-87ef-ecf9c9140f5e;419.25;0.05;SELL
2016-03-12T00:03:00.977000;2016-03-12T00:03:01.050000;78d395a6-b614-4be2-82e0-a71b3ce49ff8;419.21;2.11831738;SELL
2016-03-12T00:03:31.990000;2016-03-12T00:03:31.990000;cdf9a927-0fd5-4587-b976-f6d8fd0cb421;419.54;0.292;BUY
2016-03-12T00:03:31.990000;2016-03-12T00:03:32.020000;b3c2ac22-ce75-4331-9d59-6604bdc55d09;419.54;0.18;BUY
2016-03-12T00:03:31.990000;2016-03-12T00:03:32.020000;1f6a47a1-6ea9-49ad-986b-d1471180b31e;419.55;0.47421;BUY
2016-03-12T00:04:00.880000;2016-03-12T00:04:00.880000;748d2f16-ecce-4da1-b66a-79176735f818;419.5;0.05;BUY
2016-03-12T00:04:00.880000;2016-03-12T00:04:00.897000;7ae09f5d-959c-40cb-95f7-23be62df0390;419.51;0.13569746;BUY
2016-03-12T00:04:00.880000;2016-03-12T00:04:00.897000;765f3732-8790-412c-bce9-9d1923b1b64f;419.52;0.07619605;BUY
2016-03-12T00:04:00.880000;2016-03-12T00:04:00.897000;0de27a69-1688-42ae-874e-720361b01549;419.55;7.268023;BUY
2016-03-12T00:04:00.880000;2016-03-12T00:04:00.897000;0767b600-08b4-4bb0-85fb-47bb68dfead3;419.56;0.1440539;BUY
2016-03-12T00:04:00.880000;2016-03-12T00:04:00.990000;d0cd06a2-8a01-47f6-bdcc-633b25e20fb6;419.56;0.122;BUY
2016-03-12T00:04:00.883000;2016-03-12T00:04:00.990000;6edc9bf7-55f2-4595-931f-eaeace3eb11e;419.57;0.175577;BUY
2016-03-12T00:04:00.883000;2016-03-12T00:04:00.990000;1bc82f1b-06a0-4167-b3cb-663c1c6c0d56;419.58;0.01;BUY
2016-03-12T00:04:00.883000;2016-03-12T00:04:00.990000;34996fec-445e-47f1-8289-30df1daff764;419.6;0.16679756;BUY
2016-03-12T00:04:00.883000;2016-03-12T00:04:00.990000;c4058e27-4036-42c4-b82e-94534fae9bc1;419.69;0.75;BUY
2016-03-12T00:04:00.883000;2016-03-12T00:04:00.990000;a3ce9ed5-c65a-4a49-9568-7e194b1d88f8;419.7;0.5062446;BUY
2016-03-12T00:04:00.883000;2016-03-12T00:04:00.990000;3931a6ab-e960-48d3-b414-0cf3641b5f0b;419.71;0.75;BUY
2016-03-12T00:04:00.883000;2016-03-12T00:04:00.990000;2b207acd-d1c0-4eb7-99da-f358cb178b24;419.72;0.2;BUY
2016-03-12T00:04:00.883000;2016-03-12T00:04:00.990000;3f02e6a3-6654-463e-ae75-6d10ddd5794d;419.74;2.0;BUY
2016-03-12T00:04:00.883000;2016-03-12T00:04:00.990000;6c016c18-da98-46c9-8fc5-1df8b5a661be;419.75;0.05;BUY
2016-03-12T00:04:00.883000;2016-03-12T00:04:00.990000;ab2b274d-f68d-4be7-a301-c3bdb6706cc0;419.75;0.5;BUY
2016-03-12T00:04:00.883000;2016-03-12T00:04:00.990000;88dd773d-bb00-4b05-ad1d-f57b57da3cc6;419.75;0.01;BUY
2016-03-12T00:04:00.883000;2016-03-12T00:04:00.990000;012e746b-3ec0-4257-be32-b75c944c2ba3;419.76;1.0;BUY
2016-03-12T00:04:00.883000;2016-03-12T00:04:00.990000;ea268af4-06e0-431b-984a-2bb638621af8;419.77;0.01;BUY
2016-03-12T00:04:00.883000;2016-03-12T00:04:00.990000;9b538490-58d7-4da5-b0a6-f8c9c96d7482;419.77;0.05;BUY
2016-03-12T00:04:00.883000;2016-03-12T00:04:00.990000;7bec1a51-d472-4164-acac-0a6087dc990c;419.77;1.0;BUY
2016-03-12T00:04:00.887000;2016-03-12T00:04:00.990000;c9b3384b-f403-4598-bb9c-43c2bb751a9f;419.78;0.04;BUY
2016-03-12T00:04:00.887000;2016-03-12T00:04:00.990000;6871b4c4-13d0-4be4-98de-7c08f7e81c05;419.78;0.75;BUY
2016-03-12T00:04:00.887000;2016-03-12T00:04:00.990000;a930f1ac-694b-4921-9d50-1b3596c05b4f;419.79;7.08616;BUY
2016-03-12T00:04:00.887000;2016-03-12T00:04:00.990000;b21bdfc7-6249-4aee-8215-9a11b7e719cc;419.82;0.04;BUY
2016-03-12T00:04:00.887000;2016-03-12T00:04:00.990000;423a7805-15ce-4c6b-a250-15d6ea6598b1;419.83;0.01;BUY
2016-03-12T00:04:00.887000;2016-03-12T00:04:00.990000;e4857fe4-f546-4fd2-af95-243fee556fa2;419.85;0.01;BUY
2016-03-12T00:04:00.887000;2016-03-12T00:04:00.990000;d9cf7b9f-a6e0-4422-9895-9e00e0710258;419.85;0.273;BUY
2016-03-12T00:04:00.887000;2016-03-12T00:04:00.990000;ad69e0a4-1642-479b-947c-b8acf86b2eec;419.86;0.01;BUY
2016-03-12T00:04:00.887000;2016-03-12T00:04:00.990000;b11bba64-e616-4e4b-ba3a-dbfb3789b6f0;419.86;0.04;BUY
2016-03-12T00:04:00.887000;2016-03-12T00:04:00.990000;f75b0d24-85b3-47e5-b71c-968453a6c127;419.87;0.01;BUY
2016-03-12T00:04:00.887000;2016-03-12T00:04:00.990000;d196323c-0e0b-4ac6-8475-bc7ccedfe2a6;419.87;0.05;BUY
2016-03-12T00:04:00.887000;2016-03-12T00:04:01.003000;47bb181e-0cb4-4034-8242-ca972e652834;419.87;0.29845043;BUY
2016-03-12T00:04:31.143000;2016-03-12T00:04:31.200000;8cc9b729-a90e-4692-a4a6-e24171ce3c81;419.59;0.01508;SELL
2016-03-12T00:04:32.350000;2016-03-12T00:04:32.387000;12e41637-d351-4395-bf95-325a4048964b;419.69;0.072046;BUY
2016-03-12T00:04:32.350000;2016-03-12T00:04:32.403000;122f4ed2-cd27-41fb-ab34-41ff214fe504;419.69;0.14;BUY
2016-03-12T00:04:32.353000;2016-03-12T00:04:32.403000;a287cafa-1ac3-4103-a7cf-fcbc30b0cde7;419.7;0.0248441;BUY
2016-03-12T00:04:32.353000;2016-03-12T00:04:32.403000;d8ed041a-24f8-4ece-99da-ec8731f48523;419.71;0.048;BUY
2016-03-12T00:04:32.353000;2016-03-12T00:04:32.403000;ca7a70ba-ee4e-4f5e-bc19-a42a0b072a34;419.83;0.7151099;BUY
2016-03-12T00:05:03.617000;2016-03-12T00:05:03.653000;946cef50-b8dc-4375-b0ee-b37774d3ddad;419.6;0.01;SELL
2016-03-12T00:05:03.617000;2016-03-12T00:05:03.670000;5478f89a-344d-4fba-a8c7-ea2e34bfaea1;419.59;0.19195834;SELL
2016-03-12T00:05:03.617000;2016-03-12T00:05:03.670000;71f459e9-1a28-48f8-8473-95c28a6ca438;419.58;0.219803;SELL
2016-03-12T00:05:03.617000;2016-03-12T00:05:03.687000;826da709-5ebb-40d8-823e-1e526f03690f;419.57;0.22672;SELL
2016-03-12T00:05:03.617000;2016-03-12T00:05:03.687000;a8fbdf54-6144-418c-a3f4-bd5c13f5cbf2;419.56;0.06611866;SELL
2016-03-12T00:05:31.013000;2016-03-12T00:05:31.060000;056cde25-89e3-4aa9-94ec-ade6b91db804;419.68;0.244;BUY
2016-03-12T00:05:31.013000;2016-03-12T00:05:31.060000;3445b361-9b7a-46c0-80a4-e53b07b4b93a;419.71;4.128;BUY
2016-03-12T00:05:31.013000;2016-03-12T00:05:31.060000;4a0b215b-631b-4c54-b56d-7c9a7426af4d;419.72;0.11;BUY
2016-03-12T00:05:31.013000;2016-03-12T00:05:31.060000;2403058b-ad3a-4f78-b1e8-597028ef51c4;419.73;0.16685;BUY
2016-03-12T00:05:31.013000;2016-03-12T00:05:31.060000;4856bb09-0f33-4e06-a858-8af895c3beae;419.73;0.38942;BUY
2016-03-12T00:05:32.983000;2016-03-12T00:05:33.030000;2860ee86-6282-44f1-b458-4a3fa6533520;419.72;0.60845;BUY
2016-03-12T00:06:31.240000;2016-03-12T00:06:31.263000;c6a4856c-4541-41dd-9246-2bbd34ecc85d;419.74;0.29275167;BUY
2016-03-12T00:06:31.240000;2016-03-12T00:06:31.263000;179f88f8-dc4e-459a-94ca-b00ce3280915;419.75;0.1299405;BUY
2016-03-12T00:06:31.240000;2016-03-12T00:06:31.280000;e7b03d75-b679-4abd-b545-9e2acd46101e;419.77;0.09647783;BUY
2016-03-12T00:06:44.303000;2016-03-12T00:06:44.340000;a79762ef-8f05-4206-82fc-6a195248b7d8;419.69;0.066428;BUY
2016-03-12T00:06:44.303000;2016-03-12T00:06:44.340000;ab57497e-d229-4e7c-997a-43b27633840b;419.71;0.115;BUY
2016-03-12T00:06:44.303000;2016-03-12T00:06:44.340000;e4d3012c-1115-4e48-a2c2-88eede9cc69f;419.78;0.01;BUY
2016-03-12T00:06:44.303000;2016-03-12T00:06:44.357000;f8ad4ea3-0406-4b76-b23b-91a608556a33;419.78;0.408572;BUY
2016-03-12T00:06:44.340000;2016-03-12T00:06:44.387000;e6fcd308-c131-4361-93f3-e4da0d18d26d;419.77;0.4;BUY
2016-03-12T00:07:01.287000;2016-03-12T00:07:01.327000;5ed7a027-8247-44d9-9cbd-41fee2ae1328;419.61;0.01;SELL
2016-03-12T00:07:01.287000;2016-03-12T00:07:01.327000;e1058df5-a933-4ec2-b645-81e51efb12e7;419.6;0.00422;SELL
2016-03-12T00:07:31.283000;2016-03-12T00:07:31.327000;388b40e4-6571-406d-a3c4-9d5c7323446b;419.7;0.1110927;BUY
2016-03-12T00:07:31.283000;2016-03-12T00:07:31.327000;7618bc43-9a63-4de0-8931-688d3fa04d61;419.71;0.0542;BUY
2016-03-12T00:07:31.283000;2016-03-12T00:07:31.327000;23049d2a-8fa8-4af1-bc35-d9b4ad5c528e;419.73;0.178;BUY
2016-03-12T00:07:31.283000;2016-03-12T00:07:31.327000;91d1bc04-6b9c-4231-b53b-587b80b64872;419.78;0.178;BUY
2016-03-12T00:07:31.283000;2016-03-12T00:07:31.327000;d584dedd-076f-4e89-a0a6-faa2e35b40b4;419.79;0.0921973;BUY
2016-03-12T00:08:01.237000;2016-03-12T00:08:01.280000;a39fff47-2f37-4321-8246-35c0648a553e;419.58;0.01;SELL
2016-03-12T00:08:01.237000;2016-03-12T00:08:01.280000;2f06540e-d513-42cd-8318-ec6f845aa834;419.58;0.084;SELL
2016-03-12T00:08:01.237000;2016-03-12T00:08:01.280000;14cb4132-3c09-4533-846d-62be28015fcf;419.57;0.19505304;SELL
2016-03-12T00:08:01.240000;2016-03-12T00:08:01.293000;59aaacf9-e548-4a11-95fe-be07a9d41732;419.57;0.17;SELL
2016-03-12T00:08:01.240000;2016-03-12T00:08:01.293000;60ce0b78-7691-4568-9e03-14340a518178;419.55;0.147;SELL
2016-03-12T00:08:01.240000;2016-03-12T00:08:01.293000;4e5661a6-5098-42ed-9816-5ebc3f0dc8ca;419.52;0.01;SELL
2016-03-12T00:08:01.240000;2016-03-12T00:08:01.293000;50276498-96cc-4298-be81-934f1e2e9370;419.51;0.243589;SELL
2016-03-12T00:08:01.240000;2016-03-12T00:08:01.293000;44288cf5-d2e9-4aa0-9ec7-31658d8d7779;419.5;0.05;SELL
2016-03-12T00:08:01.240000;2016-03-12T00:08:01.293000;2badfe5b-f772-46f8-8576-0570730f14c7;419.5;0.0115;SELL
2016-03-12T00:08:01.240000;2016-03-12T00:08:01.293000;8b80361c-bf46-47c0-8207-454872a87bd4;419.5;0.09;SELL
2016-03-12T00:08:01.240000;2016-03-12T00:08:01.293000;a09fadfd-e898-403e-8b4c-9ffff24dc586;419.48;0.04124;SELL
2016-03-12T00:08:01.240000;2016-03-12T00:08:01.293000;dc8c4f8c-36e3-4630-89d4-b249518234ce;419.46;2.75;SELL
2016-03-12T00:08:01.240000;2016-03-12T00:08:01.310000;f7bf0a40-64f5-42c4-9bdc-feac8c2053a4;419.45;0.102;SELL
2016-03-12T00:08:01.240000;2016-03-12T00:08:01.310000;47cb994d-8063-4bcf-89f8-4b9a4180899c;419.41;4.25;SELL
2016-03-12T00:08:01.240000;2016-03-12T00:08:01.310000;6fedabbf-109e-440a-bbcc-803d37faf924;419.4;0.091;SELL
2016-03-12T00:08:01.240000;2016-03-12T00:08:01.310000;e963d1a7-cdb4-43f3-b4b1-65771f046514;419.4;0.2;SELL
2016-03-12T00:08:01.240000;2016-03-12T00:08:01.340000;ae729835-9007-4068-86b3-a1ec9c69a629;419.29;3.50885796;SELL
2016-03-12T00:08:31.853000;2016-03-12T00:08:31.887000;7e0fea97-5fab-4931-9abd-a4441136a02e;419.5;0.01;BUY
2016-03-12T00:08:31.853000;2016-03-12T00:08:31.903000;f932961a-1c8f-46b3-ad16-d426edd97880;419.51;0.1449221;BUY
2016-03-12T00:08:31.853000;2016-03-12T00:08:31.903000;54b916c4-5cf3-4a56-aa62-8b9122bdc674;419.56;0.27;BUY
2016-03-12T00:08:31.853000;2016-03-12T00:08:31.903000;09ec9b29-8b83-43eb-9cc7-b72387f6fabc;419.63;0.1699779;BUY
2016-03-12T00:09:31.000000;2016-03-12T00:09:31.030000;5f5fe69d-5575-4320-8547-f84dc8af3e9d;419.71;0.01;BUY
2016-03-12T00:09:31.000000;2016-03-12T00:09:31.043000;e217e1fc-de68-4665-9c19-4a2e6e868504;419.72;0.13253;BUY
2016-03-12T00:09:31.000000;2016-03-12T00:09:31.043000;6fbfa7d8-eff9-469d-9566-61d740b085d9;419.75;0.01;BUY
2016-03-12T00:09:31.000000;2016-03-12T00:09:31.043000;d4c4c813-06b8-456d-8c85-11846e5bcda6;419.75;0.01;BUY
2016-03-12T00:09:31.000000;2016-03-12T00:09:31.043000;8b62773b-9191-4cf6-bed3-dded29f8e455;419.75;0.05;BUY
2016-03-12T00:09:31.000000;2016-03-12T00:09:31.043000;ea9cb87b-9da8-41ed-a332-454f4ec221e8;419.76;0.049;BUY
2016-03-12T00:09:31.000000;2016-03-12T00:09:31.060000;3aba5477-dec3-4104-8931-9605414b04a8;419.77;0.055234;BUY
2016-03-12T00:09:31.000000;2016-03-12T00:09:31.060000;2bfde607-c207-4b00-9bfd-539d81d45c94;419.79;0.01;BUY
2016-03-12T00:09:31.000000;2016-03-12T00:09:31.060000;329fa7b9-34ca-4239-8d9f-04773cb729cb;419.79;5.512006;BUY
2016-03-12T00:10:02.460000;2016-03-12T00:10:02.483000;6e02fa86-567d-4c5d-89b8-997124fb5433;419.7;0.01;SELL
2016-03-12T00:10:02.460000;2016-03-12T00:10:02.497000;e50f559f-2eae-456a-bd72-5c017dd45817;419.69;0.01021;SELL
2016-03-12T00:10:02.460000;2016-03-12T00:10:02.497000;ddf5064e-2769-4c80-aba4-e51d80391bd5;419.68;0.06881145;SELL
2016-03-12T00:10:02.460000;2016-03-12T00:10:02.497000;8c1489b4-6f16-4e69-9806-bc0ab1450456;419.68;0.03012855;SELL
2016-03-12T00:10:31.363000;2016-03-12T00:10:31.387000;8577a012-7600-4a8f-bf62-040666340192;419.72;2.21876;BUY
2016-03-12T00:11:00.933000;2016-03-12T00:11:00.950000;e48e6351-1d50-41c0-81ff-53e6f219fa78;419.7;0.14966;BUY
2016-03-12T00:11:31.227000;2016-03-12T00:11:31.247000;b69ee793-beb5-4774-a178-b08bc645274f;419.69;1.8873;BUY
2016-03-12T00:12:00.660000;2016-03-12T00:12:00.670000;61bac254-4d65-4a75-90b2-75f2192a33f0;419.7;0.07014789;BUY
2016-03-12T00:12:00.663000;2016-03-12T00:12:00.687000;63c9f402-cc96-43ab-ab27-f241e79ec814;419.71;4.609;BUY
2016-03-12T00:12:00.663000;2016-03-12T00:12:00.687000;7f564e78-9df5-43f7-b573-0dc4437a24da;419.72;0.03907;BUY
2016-03-12T00:12:00.663000;2016-03-12T00:12:00.687000;35612dd3-f36e-4187-9637-235b6839b482;419.73;0.95708211;BUY
2016-03-12T00:12:01.047000;2016-03-12T00:12:01.060000;cbcac6f8-14ad-4299-9418-1afcb4ac6924;419.74;7.08422;BUY
2016-03-12T00:12:01.047000;2016-03-12T00:12:01.077000;b103edf9-4f13-4165-94a9-487b2fdb26b1;419.76;0.247;BUY
2016-03-12T00:12:01.047000;2016-03-12T00:12:01.077000;8e02e93b-ae16-4905-ae27-8a59a1872c32;419.85;0.233;BUY
2016-03-12T00:12:01.047000;2016-03-12T00:12:01.077000;7fbde1e7-e1e4-4f14-b3e3-b1f4e9e5456d;419.88;2.43578;BUY
2016-03-12T00:12:30.953000;2016-03-12T00:12:30.967000;1795e93d-9148-4469-87b9-b02abccad092;419.87;0.05374528;BUY
2016-03-12T00:12:30.953000;2016-03-12T00:12:30.983000;3e6dbfc5-31a8-4a5e-b97b-15b0100a18da;419.87;1.42067472;BUY
2016-03-12T00:13:30.897000;2016-03-12T00:13:30.903000;3863803a-8b85-4f92-9aa9-b4c865dede04;419.72;0.593;SELL
2016-03-12T00:13:30.897000;2016-03-12T00:13:30.920000;62aa4140-e79b-4888-844b-29be35c8fac5;419.72;0.18;SELL
2016-03-12T00:13:30.897000;2016-03-12T00:13:30.920000;cfdeedcc-4767-49f7-8b42-127df85b8d76;419.71;8.64;SELL
2016-03-12T00:13:30.897000;2016-03-12T00:13:30.920000;bce98ccb-3407-4c95-87eb-c98ddc39f798;419.7;0.1807;SELL
2016-03-12T00:13:30.897000;2016-03-12T00:13:30.920000;1c08898d-25c0-4232-abae-abff7aeaeda6;419.69;0.06000583;SELL
2016-03-12T00:13:30.897000;2016-03-12T00:13:31.013000;7a64b05e-04e8-4022-ac7c-b78fae5a81a2;419.68;0.0631607;SELL
2016-03-12T00:13:30.897000;2016-03-12T00:13:31.013000;0fd82910-adb9-4227-beb1-49efa9133106;419.67;0.618;SELL
2016-03-12T00:13:30.897000;2016-03-12T00:13:31.013000;00764fc7-6905-4fc7-8cd3-62ad1e32e5ce;419.62;0.234056;SELL
2016-03-12T00:13:30.900000;2016-03-12T00:13:31.013000;91f6121a-81d9-4d80-8cb3-5088729c4a21;419.62;0.587;SELL
2016-03-12T00:13:30.900000;2016-03-12T00:13:31.013000;5b2ee169-ca57-4d14-91a5-d5118fcdaa26;419.6;0.98844747;SELL
2016-03-12T00:14:31.047000;2016-03-12T00:14:31.060000;fa6eea50-71a6-4291-aa0f-93fe67b4c487;419.71;0.05;SELL
2016-03-12T00:14:31.047000;2016-03-12T00:14:31.077000;e18057a3-de3e-4d7a-8999-17c772f55a9c;419.68;0.0955784;SELL
2016-03-12T00:14:31.047000;2016-03-12T00:14:31.077000;9f8f46ad-89e4-400a-9c56-47136c42c6d3;419.67;0.078;SELL
2016-03-12T00:14:31.047000;2016-03-12T00:14:31.077000;85ec23c9-d53a-45f2-b60f-4d86eb1f75fd;419.63;0.2339095;SELL
2016-03-12T00:14:31.047000;2016-03-12T00:14:31.077000;75a90bca-efdf-447b-8a21-8e2138687cbf;419.62;0.079;SELL
2016-03-12T00:14:31.047000;2016-03-12T00:14:31.077000;5d9f06d0-4832-4efc-ae31-8eebdbd3b6d1;419.55;0.26;SELL
2016-03-12T00:14:31.047000;2016-03-12T00:14:31.090000;77bb7bcb-e507-4ff1-92f4-65355485bf59;419.54;0.09158213;SELL
2016-03-12T00:14:31.047000;2016-03-12T00:14:31.090000;eef08e1b-3a55-4f4a-bf77-c375d6d83e11;419.53;0.20831322;SELL
2016-03-12T00:14:31.047000;2016-03-12T00:14:31.090000;76569f2d-68e4-4411-a747-a547de5a1369;419.52;0.095;SELL
2016-03-12T00:14:31.050000;2016-03-12T00:14:31.107000;ce830c0a-a491-4777-b4ef-b023ac0c018c;419.52;0.14347675;SELL
2016-03-12T00:15:01.177000;2016-03-12T00:15:01.187000;9ca270fb-1acd-488a-af3f-c57a85d57436;419.66;0.1185;BUY
2016-03-12T00:15:32.487000;2016-03-12T00:15:32.483000;a6855127-4bcf-4c9d-aa95-359aeff17b67;419.66;0.46;BUY
2016-03-12T00:15:32.487000;2016-03-12T00:15:32.497000;cccd6ffc-1273-4ae3-89e7-d4cee7bc0e9f;419.67;0.023177;BUY
2016-03-12T00:15:32.487000;2016-03-12T00:15:32.497000;18fe8a3d-3fd3-44b9-bde7-0172ce95fc95;419.68;0.108042;BUY
2016-03-12T00:15:32.487000;2016-03-12T00:15:32.497000;dd7ab828-0b90-47d2-af80-4da966ea6942;419.69;0.24;BUY
2016-03-12T00:15:32.487000;2016-03-12T00:15:32.497000;2efae919-9ad0-4743-ab47-21d1df9e0174;419.69;1.0;BUY
2016-03-12T00:15:32.487000;2016-03-12T00:15:32.497000;40e72b70-106d-44f2-ae30-2f43341a39ec;419.7;0.110179;BUY
2016-03-12T00:15:32.487000;2016-03-12T00:15:32.513000;466eeae2-c43c-4249-9cac-56194cdccfbe;419.7;0.276162;BUY
2016-03-12T00:16:31.250000;2016-03-12T00:16:31.263000;a9e40427-e051-4210-a595-f98ca9a7eef3;419.68;0.05;BUY
2016-03-12T00:16:31.250000;2016-03-12T00:16:31.263000;a52009ab-116e-4658-9e9d-7420f5f1d1d9;419.68;0.17;BUY
2016-03-12T00:16:31.250000;2016-03-12T00:16:31.263000;863c1bdc-d4ac-428d-9826-1bd11e9d9ec5;419.69;0.03913;BUY
2016-03-12T00:17:31.593000;2016-03-12T00:17:31.623000;77c08aaa-63bf-4b71-af49-b7ff2cd1780a;419.6;0.01;SELL
2016-03-12T00:17:31.593000;2016-03-12T00:17:31.623000;0895e41b-79ee-4fdb-9d84-01ed080fd62f;419.59;0.07378;SELL
2016-03-12T00:18:01.007000;2016-03-12T00:18:01.013000;7cc81fca-8940-47db-90bd-b7806d7c0d7e;419.59;0.01622;SELL
2016-03-12T00:18:01.007000;2016-03-12T00:18:01.013000;134874cd-479f-4358-b007-c043da1de481;419.58;0.107445;SELL
2016-03-12T00:18:01.010000;2016-03-12T00:18:01.030000;07178a15-67da-46ad-bcd4-dd7fce3d4082;419.56;0.1015;SELL
2016-03-12T00:18:01.010000;2016-03-12T00:18:01.030000;930d1a38-8f6e-495e-908c-5b2c9574609d;419.55;0.04794;SELL
2016-03-12T00:18:01.010000;2016-03-12T00:18:01.030000;30f01d86-8678-428b-aaaa-b80e8e98f612;419.55;0.093;SELL
2016-03-12T00:18:01.010000;2016-03-12T00:18:01.030000;31f0f0e3-77d5-4607-be3a-864458aa1e5e;419.5;0.0115;SELL
2016-03-12T00:18:01.010000;2016-03-12T00:18:01.043000;9e52628c-af23-4f3e-9555-64c5408356ee;419.5;0.945615;SELL
2016-03-12T00:19:02.600000;2016-03-12T00:19:02.593000;e1bd3974-224a-4f98-8ee3-ff12e1044d75;419.59;1.63572;BUY
2016-03-12T00:19:31.293000;2016-03-12T00:19:31.343000;e31e4dd9-9f9b-4c9d-ad40-a21dbbf2f28f;419.6;0.05958;BUY
2016-03-12T00:20:01.473000;2016-03-12T00:20:01.497000;7e98dbb9-2174-4ac7-9e25-4e48b74ec51d;419.61;0.069914;BUY
2016-03-12T00:20:01.477000;2016-03-12T00:20:01.513000;ada7190a-c386-4b55-8a9b-8d8a42d1f3a6;419.62;0.079508;BUY
2016-03-12T00:20:01.477000;2016-03-12T00:20:01.513000;96e2d1b5-41ae-4551-9400-be5c26eb68aa;419.63;0.1366242;BUY
2016-03-12T00:20:01.477000;2016-03-12T00:20:01.513000;0c14e9ce-4f9d-4450-9458-4f8f04d004dc;419.64;0.05430422;BUY
2016-03-12T00:20:01.477000;2016-03-12T00:20:01.513000;3cd7a976-d8f4-479a-a78f-e75c8fa5245f;419.69;0.1488577;BUY
2016-03-12T00:20:01.477000;2016-03-12T00:20:01.607000;c41b9a4a-4e2e-40b8-99ed-8ad627210376;419.73;0.01;BUY
2016-03-12T00:20:01.477000;2016-03-12T00:20:01.607000;4c80413d-1512-4460-bd20-f401f1bd8a5b;419.74;0.0519603;BUY
2016-03-12T00:20:01.477000;2016-03-12T00:20:01.607000;d963cc73-fa34-4560-b05c-327e367002a2;419.74;0.084;BUY
2016-03-12T00:20:01.477000;2016-03-12T00:20:01.607000;1256a2c8-75a5-40d4-93bd-82dd1ca99e60;419.75;0.01;BUY
2016-03-12T00:20:01.477000;2016-03-12T00:20:01.607000;883b54bd-9d3e-42bf-a285-b41e6436506f;419.83;0.18675158;BUY
2016-03-12T00:20:31.353000;2016-03-12T00:20:31.373000;252c8047-11ff-45cd-810e-311f163f2414;419.88;0.01;BUY
2016-03-12T00:20:31.357000;2016-03-12T00:20:31.403000;8bfee087-5145-40bc-918a-e39a4290667a;419.88;0.24379;BUY
2016-03-12T00:20:44.490000;2016-03-12T00:20:44.530000;d59c0ffd-8249-4122-b286-f43e42c64ba6;419.7;0.01;SELL
2016-03-12T00:21:01.690000;2016-03-12T00:21:01.717000;180173b3-008c-4885-9185-7242fed543c3;419.7;0.19;BUY
2016-03-12T00:21:01.690000;2016-03-12T00:21:01.733000;843f720f-1212-4355-9b88-900f78ca0842;419.71;0.33221;BUY
2016-03-12T00:21:01.690000;2016-03-12T00:21:01.733000;af2ec421-9b08-4a2f-bd64-39233b694fc5;419.72;0.125057;BUY
2016-03-12T00:21:01.690000;2016-03-12T00:21:01.733000;0c5455ea-eb28-499e-bc82-d898f9d9eb27;419.73;0.073716;BUY
2016-03-12T00:21:01.690000;2016-03-12T00:21:01.733000;31eb4975-9491-4dad-b438-5cd78221ac0e;419.74;0.054576;BUY
2016-03-12T00:21:01.690000;2016-03-12T00:21:01.733000;5ec63f0f-c7ac-449a-9c7e-6f366cf4ef84;419.8;0.681221;BUY
2016-03-12T00:21:31.013000;2016-03-12T00:21:31.030000;7405d3ea-36e7-4038-af00-83a97e1f25c0;419.88;0.01;BUY
2016-03-12T00:21:31.013000;2016-03-12T00:21:31.043000;100f4056-7722-4a36-b6b4-9a604ec2bb22;419.89;0.414474;BUY
2016-03-12T00:21:31.013000;2016-03-12T00:21:31.043000;414c38d8-b394-4cbc-a0ba-02bf80faa8cc;419.9;0.04;BUY
2016-03-12T00:21:31.013000;2016-03-12T00:21:31.043000;7170d626-d5b2-4851-931b-2b7b5c2172e8;419.9;0.02;BUY
2016-03-12T00:21:31.013000;2016-03-12T00:21:31.077000;fbddbd24-601e-4c16-9a2c-0d27e787a3f6;419.91;0.0463;BUY
2016-03-12T00:21:31.013000;2016-03-12T00:21:31.093000;33a38619-dd40-496e-9e17-ddb2ece908d9;419.92;0.943496;BUY
2016-03-12T00:22:01.390000;2016-03-12T00:22:01.403000;10bf47af-88c2-42b2-98cb-6ec29d1f518b;419.94;0.04;BUY
2016-03-12T00:22:01.390000;2016-03-12T00:22:01.420000;bfc44e8b-64fa-42c1-9234-a08776230109;419.94;0.04;BUY
2016-03-12T00:22:01.390000;2016-03-12T00:22:01.420000;8b3eb687-c4dd-4f44-9317-ebd39adaea10;419.94;0.01;BUY
2016-03-12T00:22:01.393000;2016-03-12T00:22:01.420000;af78ff90-4b64-4170-bb47-7222df1657ec;419.94;0.02;BUY
2016-03-12T00:22:01.393000;2016-03-12T00:22:01.497000;75a6981f-503c-4c8c-8e2a-24394f8d1b41;419.95;0.01;BUY
2016-03-12T00:22:01.393000;2016-03-12T00:22:01.497000;90790a4e-86d6-43c7-8f32-22b485b8548f;419.96;0.01075573;BUY
2016-03-12T00:22:01.393000;2016-03-12T00:22:01.497000;87278766-6685-43f1-8900-b062d62d8873;419.96;0.01075573;BUY
2016-03-12T00:22:01.393000;2016-03-12T00:22:01.497000;859b1adf-e43f-41fe-9a13-8d68f1cce064;419.97;0.01;BUY
2016-03-12T00:22:01.393000;2016-03-12T00:22:01.497000;2ff127ee-5eb1-4b0c-8f8f-bf0170cbac99;419.97;0.05;BUY
2016-03-12T00:22:01.393000;2016-03-12T00:22:01.497000;67c3d1a4-748f-44f7-8ffc-19089e523ad8;419.97;2.62794854;BUY
2016-03-12T00:22:30.990000;2016-03-12T00:22:30.997000;28a42cc3-a9d4-4427-b933-a9fa5e484401;419.98;0.02341;BUY
2016-03-12T00:22:37.883000;2016-03-12T00:22:37.903000;b793e4f1-e79a-4778-b832-a317b7598138;419.85;0.2;SELL
2016-03-12T00:23:01.503000;2016-03-12T00:23:01.513000;25ceab0c-030c-473d-aa08-b66399f835c0;419.86;0.08548;BUY
2016-03-12T00:23:32.273000;2016-03-12T00:23:32.280000;734ec507-5c63-40fc-8418-1136d74d8d21;419.85;0.78726172;SELL
2016-03-12T00:23:32.273000;2016-03-12T00:23:32.297000;66696ab4-d7cb-49b4-94fc-c9e181662dd7;419.85;0.41542828;SELL
2016-03-12T00:24:00.997000;2016-03-12T00:24:01.013000;6de0cc04-7fa7-45a0-af64-536f2978876a;419.86;0.04201;BUY
2016-03-12T00:25:01.153000;2016-03-12T00:25:01.170000;1437cbaa-f2bf-4af9-9ce7-37d286094c2b;419.86;0.07251;BUY
2016-03-12T00:25:01.153000;2016-03-12T00:25:01.187000;87f6aca4-fa0d-42e2-bdf0-4c07c8316ac9;419.87;0.1152;BUY
2016-03-12T00:25:01.153000;2016-03-12T00:25:01.187000;fba08405-d699-4ddc-8451-d0ee90a0fb68;419.88;0.0852675;BUY
2016-03-12T00:25:01.153000;2016-03-12T00:25:01.187000;cc4b6b41-2915-46c3-ae3d-42e41e3c5ce1;419.89;0.08685788;BUY
2016-03-12T00:25:01.153000;2016-03-12T00:25:01.187000;4ea20f83-47da-43cd-907a-5a8e415b0bb4;419.89;2.45163462;BUY
2016-03-12T00:25:30.997000;2016-03-12T00:25:31.013000;0a5e1e9e-2d27-46e3-a65e-cdb03581e81f;419.83;0.586834;SELL
2016-03-12T00:25:30.997000;2016-03-12T00:25:31.030000;143ac930-51ae-4d66-96c1-1d5e79a9f7c7;419.83;0.02848092;SELL
2016-03-12T00:25:30.997000;2016-03-12T00:25:31.030000;68a0ceab-195e-45fb-9a8a-d97464309e19;419.82;0.172;SELL
2016-03-12T00:25:30.997000;2016-03-12T00:25:31.030000;34e35769-4fa3-4698-832e-e98c8a4d0a08;419.81;0.2113368;SELL
2016-03-12T00:25:30.997000;2016-03-12T00:25:31.093000;c3309a72-c832-473b-b398-d32b877ec448;419.8;0.11680173;SELL
2016-03-12T00:25:30.997000;2016-03-12T00:25:31.093000;d8be54a5-9b7e-42c1-b60c-81d9349a0ad6;419.8;0.13;SELL
2016-03-12T00:25:30.997000;2016-03-12T00:25:31.093000;73a09861-eba4-4b75-a4fb-89ed2386ba30;419.79;0.1353782;SELL
2016-03-12T00:25:30.997000;2016-03-12T00:25:31.093000;a51d9ff4-a82a-4cc1-a98c-7903668cbc3a;419.79;0.03;SELL
2016-03-12T00:25:30.997000;2016-03-12T00:25:31.093000;6da7a57d-ccc1-4cd0-8f6c-8afc82284fb4;419.79;0.01;SELL
2016-03-12T00:25:30.997000;2016-03-12T00:25:31.093000;e61657de-027b-4ff4-898f-456f35a5b5ec;419.78;0.09329835;SELL
2016-03-12T00:26:00.957000;2016-03-12T00:26:00.983000;995d457c-7f73-458b-968f-0a0eb78f0542;419.85;0.324;BUY
2016-03-12T00:26:00.957000;2016-03-12T00:26:00.983000;af0a8756-e64d-43cd-8623-9594626d6730;419.86;7.08583;BUY
2016-03-12T00:26:00.957000;2016-03-12T00:26:00.983000;0d5e9090-4e89-460a-9ab4-fb4c45a6f72f;419.88;0.29464648;BUY
2016-03-12T00:26:00.957000;2016-03-12T00:26:00.997000;5c431398-37ee-4e75-8c1c-e4b33cd961ec;419.89;9.54836538;BUY
2016-03-12T00:26:00.957000;2016-03-12T00:26:01.060000;8dd5702a-1699-438b-8082-e0a091ec7461;419.9;0.08250597;BUY
2016-03-12T00:26:00.957000;2016-03-12T00:26:01.077000;b08cc650-8bbd-48d1-890c-8a3e227c2ea6;419.91;0.06459312;BUY
2016-03-12T00:26:00.957000;2016-03-12T00:26:01.077000;8ac9225a-da34-4017-bd1f-e522c1ab5365;419.91;0.295;BUY
2016-03-12T00:26:00.957000;2016-03-12T00:26:01.077000;22898b1a-aaa2-46a7-aba2-5dcb58a0714d;419.92;0.14393007;BUY
2016-03-12T00:26:00.957000;2016-03-12T00:26:01.077000;bfd1caf4-11ab-4df3-822f-91edcbb9322e;419.94;4.728;BUY
2016-03-12T00:26:00.957000;2016-03-12T00:26:01.077000;e9fbec30-cee7-4f36-b5a6-03d6d95091e2;419.96;0.299;BUY
2016-03-12T00:26:00.957000;2016-03-12T00:26:01.077000;f87355a1-e548-44c4-bcdf-2dc2d7f87baf;419.98;0.01659;BUY
2016-03-12T00:26:00.957000;2016-03-12T00:26:01.077000;1886b6a9-60b7-4e84-b175-3325fc3e2b9e;419.98;0.86;BUY
2016-03-12T00:26:00.960000;2016-03-12T00:26:01.077000;98b1683b-e9e7-4273-b4a0-23a6c1d58f6d;420.0;0.01;BUY
2016-03-12T00:26:00.960000;2016-03-12T00:26:01.077000;908c97ab-8017-4a58-835e-b8d4ae9db373;420.0;0.05;BUY
2016-03-12T00:26:00.960000;2016-03-12T00:26:01.077000;7506e3a1-808d-4d76-a234-909a7c2eb5c4;420.0;1.0;BUY
2016-03-12T00:26:00.960000;2016-03-12T00:26:01.077000;cafa1341-9d6b-4d71-aced-e7daeb016d72;420.0;0.03;BUY
2016-03-12T00:26:00.960000;2016-03-12T00:26:01.077000;401afbd3-981a-4cb9-b2cb-b9474ed3945c;420.0;0.29825;BUY
2016-03-12T00:26:00.960000;2016-03-12T00:26:01.077000;7ec34646-2a0c-4b77-8b48-b8fc714765f1;420.0;0.02;BUY
2016-03-12T00:26:00.960000;2016-03-12T00:26:01.077000;10244307-e842-44cb-a51f-517f9101e894;420.0;0.1;BUY
2016-03-12T00:26:00.960000;2016-03-12T00:26:01.077000;48fdd249-94cc-45bf-af18-e19d47befc16;420.01;0.347;BUY
2016-03-12T00:26:00.960000;2016-03-12T00:26:01.077000;042396b9-1520-4fa5-8361-c8f21d14189f;420.02;0.04;BUY
2016-03-12T00:26:00.960000;2016-03-12T00:26:01.077000;beb7e83f-359c-4389-9936-0c6a06a049ac;420.02;0.05;BUY
2016-03-12T00:26:00.960000;2016-03-12T00:26:01.077000;0decf391-d371-4492-81c0-c8f40329e04e;420.05;4.148;BUY
2016-03-12T00:26:00.960000;2016-03-12T00:26:01.077000;88436ee3-5880-401f-a4b9-d4d5ea65cfc7;420.06;0.04;BUY
2016-03-12T00:26:00.960000;2016-03-12T00:26:01.077000;a814ad21-9e36-47b8-b0bc-dd60997eec35;420.06;0.2;BUY
2016-03-12T00:26:00.960000;2016-03-12T00:26:01.077000;1413c22b-3122-447e-a8a3-25fbb4a405f4;420.07;0.05;BUY
2016-03-12T00:26:00.960000;2016-03-12T00:26:01.077000;4718ea0b-68f6-47c8-b3c4-2dcd3fe6c605;420.07;0.01;BUY
2016-03-12T00:26:00.960000;2016-03-12T00:26:01.077000;0d8c5679-bd5c-47c6-9462-eed20fd0c1db;420.09;0.01;BUY
2016-03-12T00:26:00.960000;2016-03-12T00:26:01.093000;260189b4-034f-4e06-a381-47731ebdedac;420.1;0.04;BUY
2016-03-12T00:26:00.960000;2016-03-12T00:26:01.093000;40ec83ea-3cca-42df-b550-49749de16a60;420.1;0.01;BUY
2016-03-12T00:26:00.963000;2016-03-12T00:26:01.093000;f9612750-7e1a-48cc-91c4-20c3ef8c18c6;420.1;0.344;BUY
2016-03-12T00:26:00.963000;2016-03-12T00:26:01.093000;f5c22beb-5de3-44d2-9794-f9ee02633785;420.12;0.01;BUY
2016-03-12T00:26:00.963000;2016-03-12T00:26:01.093000;b50cdbff-70c9-46e3-a203-97c3f4a8a955;420.12;0.01;BUY
2016-03-12T00:26:00.963000;2016-03-12T00:26:01.153000;a0226076-e10b-4c5c-bac6-181e4ba7772c;420.13;0.01;BUY
2016-03-12T00:26:00.963000;2016-03-12T00:26:01.153000;062a5386-6b40-47fc-872a-49d461180bb1;420.14;0.04;BUY
2016-03-12T00:26:00.963000;2016-03-12T00:26:01.153000;292a6bc5-1ccd-4fb3-9339-4a944f76c4c1;420.15;0.291;BUY
2016-03-12T00:26:00.963000;2016-03-12T00:26:01.153000;a7a6f221-b587-442e-afc7-98e31c14e6c5;420.15;4.0;BUY
2016-03-12T00:26:00.963000;2016-03-12T00:26:01.153000;c70bcd16-6074-4015-82c0-d0d85f2ff35e;420.16;0.133;BUY
2016-03-12T00:26:00.963000;2016-03-12T00:26:01.153000;2745ec05-6f7c-4fbe-85c2-22721d28df1d;420.17;0.05;BUY
2016-03-12T00:26:00.963000;2016-03-12T00:26:01.153000;fe2b243f-3e89-4183-b44b-4a9c59ab7e78;420.18;0.04;BUY
2016-03-12T00:26:00.963000;2016-03-12T00:26:01.153000;1dce8d6b-5b3b-4e38-ba3d-3135133f07a9;420.2;0.5;BUY
2016-03-12T00:26:00.963000;2016-03-12T00:26:01.153000;09ea3ad7-3215-49ef-97cc-cb0bcf69f3f9;420.2;4.639;BUY
2016-03-12T00:26:00.963000;2016-03-12T00:26:01.153000;5c666750-bb6d-4315-9883-a93f3d7f6a69;420.21;0.0735;BUY
2016-03-12T00:26:00.963000;2016-03-12T00:26:01.153000;2914f090-f3d7-4d28-ac3c-1296e9b0a9c6;420.22;0.04;BUY
2016-03-12T00:26:00.963000;2016-03-12T00:26:01.153000;9f8e61cd-ca55-4cd3-851f-f9f79a257766;420.25;0.05;BUY
2016-03-12T00:26:00.963000;2016-03-12T00:26:01.153000;276768ac-9ac9-4e23-80fc-b7226fa8f680;420.26;0.04;BUY
2016-03-12T00:26:00.963000;2016-03-12T00:26:01.153000;f400739e-728a-4253-a9f3-34874c962741;420.26;1.25;BUY
2016-03-12T00:26:00.963000;2016-03-12T00:26:01.153000;3b286ff7-3dfa-40f4-87a0-6272e17fce11;420.27;0.05;BUY
2016-03-12T00:26:00.963000;2016-03-12T00:26:01.153000;7bdb4bfd-f666-41dc-99e7-1a21258b96fc;420.29;2.53;BUY
2016-03-12T00:26:00.967000;2016-03-12T00:26:01.153000;ec7a714e-308d-4be0-a36b-c8ec12891c86;420.3;0.01;BUY
2016-03-12T00:26:00.967000;2016-03-12T00:26:01.153000;9bd2ddea-0351-45a8-8690-a53c2b40b8c8;420.3;0.04;BUY
2016-03-12T00:26:00.967000;2016-03-12T00:26:01.153000;0e72bd1d-15e9-479c-ae83-2a8bea98792e;420.3;5.65378898;BUY
2016-03-12T00:26:31.407000;2016-03-12T00:26:31.437000;c1e71c01-6671-4f60-9cd9-a4d96b1c05b6;420.07;0.36449;BUY
2016-03-12T00:26:31.407000;2016-03-12T00:26:31.437000;83541d58-fddc-4cdd-9adb-139d0acb4e2b;420.07;0.11;BUY
2016-03-12T00:26:31.407000;2016-03-12T00:26:31.437000;4c65c68c-f57b-4ec3-8443-81032e3d8cf1;420.08;0.130131;BUY
2016-03-12T00:26:31.407000;2016-03-12T00:26:31.437000;4d437642-85e5-4e58-876a-ceef21e37e57;420.12;0.097;BUY
2016-03-12T00:26:31.407000;2016-03-12T00:26:31.437000;116952d0-615d-436d-be0f-0a2067b047bb;420.15;0.02;BUY
2016-03-12T00:26:31.407000;2016-03-12T00:26:31.450000;6ea416ea-2a05-4aa1-a77d-8894300fbc6c;420.17;1.25;BUY
2016-03-12T00:26:31.407000;2016-03-12T00:26:31.450000;ff073a22-08a0-43a2-9233-3d337b8c1e7f;420.18;2.0;BUY
2016-03-12T00:26:31.407000;2016-03-12T00:26:31.450000;e0d7baf0-ed01-4833-8a55-fb86715f033e;420.19;4.142;BUY
2016-03-12T00:26:31.407000;2016-03-12T00:26:31.450000;537e7c27-f1dc-49b6-8640-81fe0091b8a8;420.2;3.901789;BUY
2016-03-12T00:26:34.987000;2016-03-12T00:26:34.997000;082cf3da-3624-431d-8f8b-1db0a57165ee;420.05;0.2;SELL
2016-03-12T00:26:39.787000;2016-03-12T00:26:39.797000;774f15b6-4cb4-4fa8-b9e3-7c93de3c2745;420.06;0.3;SELL
2016-03-12T00:27:01.130000;2016-03-12T00:27:01.140000;9f9154d1-b609-407c-8b3f-423d95fce407;420.05;1.0;SELL
2016-03-12T00:27:01.130000;2016-03-12T00:27:01.153000;c9c3cec4-caae-4e86-85a9-8a18114ccede;420.05;0.295;SELL
2016-03-12T00:27:01.130000;2016-03-12T00:27:01.153000;94c2b6e0-5b43-4ad9-94f8-e30b09a40cf5;420.04;0.08775065;SELL
2016-03-12T00:27:01.130000;2016-03-12T00:27:01.153000;ad73a40e-7655-4229-8a22-20075ac65b36;420.03;0.50934935;SELL
2016-03-12T00:27:30.980000;2016-03-12T00:27:30.983000;287a16ca-b9b9-4842-ad28-6864e9d0d454;420.07;0.2;BUY
2016-03-12T00:27:30.980000;2016-03-12T00:27:30.997000;4ed9eb71-334a-49bf-8537-f991816683e3;420.08;0.108177;BUY
2016-03-12T00:27:30.980000;2016-03-12T00:27:30.997000;bd98d61a-d63a-4e4b-aacb-5148dc890dab;420.09;0.160333;BUY
2016-03-12T00:27:30.980000;2016-03-12T00:27:30.997000;025590aa-a433-45ec-8049-7a0118ae54c5;420.1;0.2432071;BUY
2016-03-12T00:27:30.980000;2016-03-12T00:27:30.997000;eba7d63d-dfa7-4139-964b-2c1812aac5dd;420.13;0.0405529;BUY
2016-03-12T00:28:01.080000;2016-03-12T00:28:01.077000;cf5bf2c9-8f64-49f2-85eb-6898cfb05c94;420.19;0.78497;BUY
2016-03-12T00:28:31.483000;2016-03-12T00:28:31.483000;495c3328-11d4-416e-a578-b19f500b9321;420.06;0.25;SELL
2016-03-12T00:28:31.487000;2016-03-12T00:28:31.497000;a9af8c0d-10c6-4cf6-a8b4-c3e88f85acff;420.05;0.1885;SELL
2016-03-12T00:28:31.487000;2016-03-12T00:28:31.497000;7abd8651-a629-4159-81ba-c859903f8263;420.04;0.03742056;SELL
2016-03-12T00:28:31.487000;2016-03-12T00:28:31.497000;01ab9d2b-4204-4463-b926-deef8c333b00;420.03;0.1907054;SELL
2016-03-12T00:28:31.487000;2016-03-12T00:28:31.497000;1cdb6994-e0e6-418d-a5ef-6c60119cc40a;420.03;0.104;SELL
2016-03-12T00:28:31.487000;2016-03-12T00:28:31.513000;d0c57837-733f-4a34-83e5-8fa8f8ed40fd;420.02;0.082609;SELL
2016-03-12T00:28:31.487000;2016-03-12T00:28:31.530000;828888c3-cf96-4085-9067-51f753fd6e44;420.01;0.08995785;SELL
2016-03-12T00:28:31.487000;2016-03-12T00:28:31.530000;2a91a80d-5d70-49ca-ab04-86ff7b901ec3;420.01;5.06056719;SELL
2016-03-12T00:28:43.380000;2016-03-12T00:28:43.373000;2e4d5d83-7ff9-4144-820b-3f64a7ca883a;420.03;0.01;SELL
2016-03-12T00:28:43.380000;2016-03-12T00:28:43.390000;c14f19c9-775e-4fc1-a3e4-8ca4ec76c4ae;420.02;0.01;SELL
2016-03-12T00:28:43.380000;2016-03-12T00:28:43.390000;3ac81b57-0bc5-4814-969a-60bb2cc32510;420.02;0.18;SELL
2016-03-12T00:29:30.990000;2016-03-12T00:29:30.983000;beb331d0-7e18-4b33-b6bb-65b1833f25c3;420.04;0.4;BUY
2016-03-12T00:29:30.990000;2016-03-12T00:29:31.013000;73b3c472-1601-47d5-8498-3d0784565e1b;420.05;0.127525;BUY
2016-03-12T00:29:30.990000;2016-03-12T00:29:31.013000;20202ea0-6784-4eaf-aabc-79d9c93dfe06;420.06;0.118261;BUY
2016-03-12T00:29:30.990000;2016-03-12T00:29:31.013000;c358f4f7-5c23-47b0-8faa-6ed18e3e186f;420.08;0.0605719;BUY
2016-03-12T00:29:30.990000;2016-03-12T00:29:31.013000;c4ed0eb5-95c3-4da2-8906-c39416368746;420.1;0.142;BUY
2016-03-12T00:29:30.990000;2016-03-12T00:29:31.093000;69b6b52f-e095-4726-b9fd-c6b44cdf9df3;420.11;0.2023623;BUY
2016-03-12T00:29:30.990000;2016-03-12T00:29:31.093000;99cfcdcc-0cca-44f6-9ab6-c0bf3ffcd272;420.11;0.0806798;BUY
2016-03-12T00:30:01.487000;2016-03-12T00:30:01.483000;9d7c49ef-6a3b-4dac-8e26-676403f2202c;420.02;0.07;SELL
2016-03-12T00:30:01.487000;2016-03-12T00:30:01.513000;4d630d6d-4430-4383-a8a6-0aa0fcaf930f;420.01;0.47036276;SELL
2016-03-12T00:30:01.487000;2016-03-12T00:30:01.513000;705bbe96-fc20-472a-8df4-02fedda0370d;420.01;0.131;SELL
2016-03-12T00:30:01.487000;2016-03-12T00:30:01.513000;ef527986-619f-4e3e-ada2-394026c8ea14;420.0;0.0574877;SELL
2016-03-12T00:30:01.487000;2016-03-12T00:30:01.513000;b7acb966-5977-49d7-9d52-ecffd4d74033;419.99;0.10397954;SELL
2016-03-12T00:30:31.373000;2016-03-12T00:30:31.373000;7872556c-bbdd-435d-afda-648034ee1639;419.98;0.10638067;SELL
2016-03-12T00:30:31.373000;2016-03-12T00:30:31.390000;ab70eada-0509-4ca1-9083-6f069a8fbbbd;419.97;0.1892545;SELL
2016-03-12T00:30:31.373000;2016-03-12T00:30:31.390000;c40afb19-5580-4aeb-8ae2-fee8ccb0bdbe;419.97;0.102;SELL
2016-03-12T00:30:31.373000;2016-03-12T00:30:31.390000;7cf59d52-6dda-4eca-b920-1a1bccdf5c53;419.96;0.11954676;SELL
2016-03-12T00:30:31.373000;2016-03-12T00:30:31.390000;ac85516c-c01f-4475-8b14-829b6966a478;419.95;0.12177711;SELL
2016-03-12T00:30:31.373000;2016-03-12T00:30:31.403000;1687d75a-3445-45fe-a18b-7949af43934e;419.94;0.1344;SELL
2016-03-12T00:30:31.373000;2016-03-12T00:30:31.403000;3e52c0cb-46a4-451c-bac7-8dbd22a7f6b1;419.93;0.01;SELL
2016-03-12T00:30:31.373000;2016-03-12T00:30:31.403000;696ca369-ec4c-4d6b-9237-805a82030462;419.89;0.17;SELL
2016-03-12T00:30:31.373000;2016-03-12T00:30:31.403000;b8b9a744-1bc9-469f-9bc7-8e98be8eda2c;419.89;0.096;SELL
2016-03-12T00:30:31.373000;2016-03-12T00:30:31.403000;ab147345-ed39-4634-a4c9-25606662f238;419.89;0.47188096;SELL
2016-03-12T00:30:43.277000;2016-03-12T00:30:43.263000;1b993886-e5c4-456a-9f9d-becd0bca7229;419.99;0.0485;BUY
2016-03-12T00:31:02.070000;2016-03-12T00:31:02.060000;be8fa239-11dc-457f-8cc8-80a1f3bee856;419.97;0.2;BUY
2016-03-12T00:31:02.070000;2016-03-12T00:31:02.093000;90dd11ff-2f5b-41ff-bb39-20a7da611a46;419.99;0.29501;BUY
2016-03-12T00:32:01.087000;2016-03-12T00:32:01.077000;c66c6c8d-2ddc-4b5a-ada0-c17ed4fb7bd9;419.99;0.67197;BUY
2016-03-12T00:32:31.210000;2016-03-12T00:32:31.200000;ed7791a0-1047-4d6a-9327-c32b9de75be4;419.99;0.02384;BUY
2016-03-12T00:33:01.037000;2016-03-12T00:33:01.030000;89f3350a-6e1d-4f59-b3f7-5a46e1a74ce0;419.99;0.21616;BUY
2016-03-12T00:33:01.037000;2016-03-12T00:33:01.047000;ca14f2b0-3ba2-4790-9723-0bbfbe89afea;420.0;0.153561;BUY
2016-03-12T00:33:01.037000;2016-03-12T00:33:01.047000;3f789584-f3df-4dbb-841e-4c3db446a552;420.01;0.1375987;BUY
2016-03-12T00:33:01.037000;2016-03-12T00:33:01.047000;abb71647-52d9-4209-b7f0-5aa1b940908d;420.03;0.091912;BUY
2016-03-12T00:33:01.037000;2016-03-12T00:33:01.047000;c44820da-4861-4f78-90eb-f9be54dd46f3;420.03;0.0480183;BUY
2016-03-12T00:34:01.107000;2016-03-12T00:34:01.093000;83eddfb9-927a-4b3d-85a3-5c121c3193ca;420.07;0.09759473;BUY
2016-03-12T00:34:01.107000;2016-03-12T00:34:01.107000;fab4b6fc-6a68-4c87-a1a1-f63e14b6edc2;420.08;0.11;BUY
2016-03-12T00:34:01.107000;2016-03-12T00:34:01.107000;eaf9aff9-80e6-4148-ba6f-570c0d4cdb03;420.09;0.16664053;BUY
2016-03-12T00:34:01.107000;2016-03-12T00:34:01.107000;390cbb5d-fb23-47ea-9e7c-d515ac04de78;420.1;0.1633619;BUY
2016-03-12T00:34:01.107000;2016-03-12T00:34:01.107000;5ef517c5-c1ca-4c1a-85c1-9af836624857;420.11;3.03956284;BUY
2016-03-12T00:34:31.500000;2016-03-12T00:34:31.500000;5dcdff66-332a-4bcf-aa78-a03f06828075;419.98;0.04428;SELL
2016-03-12T00:35:01.957000;2016-03-12T00:35:01.983000;b1b3835d-c91e-470e-8672-07e25407a8c5;420.15;0.01;BUY
2016-03-12T00:35:01.957000;2016-03-12T00:35:02.000000;1df9f9f0-6e61-4bf8-b23e-040d7f91505f;420.15;0.21624;BUY
2016-03-12T00:35:30.977000;2016-03-12T00:35:31.000000;35527249-c987-4ca7-8fe0-8b338c391f34;420.14;0.253;BUY
2016-03-12T00:35:30.977000;2016-03-12T00:35:31.013000;b56a5cbe-3723-46c9-bf44-94afb38a8016;420.15;0.147;BUY
2016-03-12T00:36:01.087000;2016-03-12T00:36:01.123000;2628f77d-0d40-412a-9d1e-95e63737ff4e;420.16;0.01;BUY
2016-03-12T00:36:01.087000;2016-03-12T00:36:01.123000;0a789104-7dd9-40c8-a833-38cf5fd92703;420.16;0.01;BUY
2016-03-12T00:36:01.087000;2016-03-12T00:36:01.123000;9bc211d2-ba77-450c-9d1b-dd7ab4e1623a;420.17;0.248085;BUY
2016-03-12T00:36:01.087000;2016-03-12T00:36:01.187000;3f371bfe-0f37-4e2b-b863-6712089aabd7;420.18;0.0761732;BUY
2016-03-12T00:36:01.087000;2016-03-12T00:36:01.203000;4a9e3600-a84a-45ce-846c-a7f2590b31e1;420.18;2.2171718;BUY
2016-03-12T00:36:31.617000;2016-03-12T00:36:31.657000;12f171a8-fa54-4fe2-b8d0-fa80a7b01a53;420.21;0.097414;BUY
2016-03-12T00:36:31.617000;2016-03-12T00:36:31.657000;6d00af4b-6d21-477b-b37f-394f370b037e;420.23;0.073546;BUY
2016-03-12T00:36:31.617000;2016-03-12T00:36:31.657000;2c66eaf6-66c5-47cd-9a8f-51ecee6959d9;420.24;0.116133;BUY
2016-03-12T00:36:31.617000;2016-03-12T00:36:31.657000;1b4de384-91cc-4e0b-a0b8-0103413664e8;420.27;2.128977;BUY
2016-03-12T00:37:01.027000;2016-03-12T00:37:01.047000;f673347c-b3a5-4a9e-b3aa-ff9a6e22dc36;420.1;0.2;BUY
2016-03-12T00:37:01.027000;2016-03-12T00:37:01.063000;72aacd16-ca2b-4ac0-89c8-d159c8ad7096;420.25;0.25;BUY
2016-03-12T00:37:01.027000;2016-03-12T00:37:01.063000;02da88dd-231a-458e-8dfe-539172ad193e;420.26;0.01;BUY
2016-03-12T00:37:01.027000;2016-03-12T00:37:01.063000;dacc440d-a7ba-44c7-b796-d0af9b6f3658;420.27;0.17002;BUY
2016-03-12T00:37:31.103000;2016-03-12T00:37:31.123000;98a6e12b-da4c-4740-9ea2-846280b492be;420.27;0.225;BUY
2016-03-12T00:37:31.103000;2016-03-12T00:37:31.140000;2c0e8528-a234-406a-9a9d-8306951cdcef;420.28;1.0;BUY
2016-03-12T00:37:31.103000;2016-03-12T00:37:31.140000;d116d093-0b8a-4330-8da7-622d90beefb7;420.28;0.71093;BUY
2016-03-12T00:38:03.343000;2016-03-12T00:38:03.360000;b6980a03-0ed3-49fc-a82a-cc04b30920b1;420.31;0.01;BUY
2016-03-12T00:38:03.343000;2016-03-12T00:38:03.390000;8a2a5305-eb7c-4650-9d78-5f4fd81f5c08;420.32;0.2468504;BUY
2016-03-12T00:38:03.343000;2016-03-12T00:38:03.390000;b1d150bc-fd9f-4c0e-8d65-97dd49649bb9;420.33;0.01;BUY
2016-03-12T00:38:03.343000;2016-03-12T00:38:03.390000;56482277-bc23-46d2-9e0e-3b0dc1f1af3b;420.35;0.01;BUY
2016-03-12T00:38:03.343000;2016-03-12T00:38:03.390000;6bb09af5-e818-4f3b-a541-bf8de6b1ba2d;420.35;0.3251596;BUY
2016-03-12T00:38:31.537000;2016-03-12T00:38:31.563000;1a69d924-708c-4ef8-ba36-6018daa63ca0;420.18;0.03;SELL
2016-03-12T00:38:40.620000;2016-03-12T00:38:40.640000;8125d1a1-7287-4e7f-a34a-99464d157db4;420.21;0.0115;BUY
2016-03-12T00:39:01.470000;2016-03-12T00:39:01.500000;8e6779ec-2d49-4791-896e-f012827f0a02;420.17;0.189;BUY
2016-03-12T00:39:01.470000;2016-03-12T00:39:01.517000;8495c5c3-f79c-4de5-a0f9-b451e34e35c4;420.34;0.01;BUY
2016-03-12T00:39:01.470000;2016-03-12T00:39:01.517000;2e163815-501f-45ab-9f0d-e0cd6a81309e;420.36;0.5;BUY
2016-03-12T00:39:01.470000;2016-03-12T00:39:01.517000;48940cb0-b6be-4e7d-a371-b5abac80a6d8;420.37;0.01;BUY
2016-03-12T00:39:01.470000;2016-03-12T00:39:01.517000;f86b8358-b159-4fef-8de0-4616a5749c53;420.37;0.02;BUY
2016-03-12T00:39:01.470000;2016-03-12T00:39:01.517000;f6e60210-cccb-4766-aedb-501741c9e780;420.37;0.05;BUY
2016-03-12T00:39:01.470000;2016-03-12T00:39:01.517000;239e336f-9d25-47ca-a980-6f2877b7524d;420.4;1.0;BUY
2016-03-12T00:39:01.470000;2016-03-12T00:39:01.517000;0ffeb4b9-221e-4073-bf3b-c5478dff711c;420.41;0.62092;BUY
2016-03-12T00:39:31.473000;2016-03-12T00:39:31.500000;2bc09a39-1176-4799-8964-f5544954c49d;420.43;0.08611844;BUY
2016-03-12T00:39:31.473000;2016-03-12T00:39:31.500000;bba4edbf-8988-4c8e-8f6c-5aada300cfe6;420.46;0.01;BUY
2016-03-12T00:39:31.477000;2016-03-12T00:39:31.500000;05235d4a-f653-43ea-a069-2fc8e5994dfd;420.47;0.05;BUY
2016-03-12T00:39:31.477000;2016-03-12T00:39:31.517000;cb4d2f4e-4a70-4177-9bda-6de8b29237a0;420.48;0.01;BUY
2016-03-12T00:39:31.477000;2016-03-12T00:39:31.517000;6bdc5e37-8b75-40a1-b405-ef23c624560a;420.5;0.01;BUY
2016-03-12T00:39:31.477000;2016-03-12T00:39:31.517000;7000d922-240b-49ef-903d-956f615abac1;420.5;0.025;BUY
2016-03-12T00:39:31.477000;2016-03-12T00:39:31.517000;35351f04-1903-4c04-b11c-8ac9e643890e;420.5;0.01;BUY
2016-03-12T00:39:31.477000;2016-03-12T00:39:31.517000;6f6d66ec-d037-4429-b139-0502d10fe4b0;420.5;0.20093784;BUY
2016-03-12T00:39:31.477000;2016-03-12T00:39:31.517000;a32b000b-e8de-4cb2-946e-ece68e21a500;420.5;0.05;BUY
2016-03-12T00:39:31.477000;2016-03-12T00:39:31.530000;e40cd543-db77-4102-87d9-b72a277f760f;420.5;0.01;BUY
2016-03-12T00:39:31.477000;2016-03-12T00:39:31.530000;eac19cb5-a92d-4274-a833-31022765882f;420.52;0.01;BUY
2016-03-12T00:39:31.477000;2016-03-12T00:39:31.530000;cdd97d7c-d0bd-4208-8ddc-db0e192414be;420.54;0.04120372;BUY
2016-03-12T00:39:35.213000;2016-03-12T00:39:35.233000;53d27201-0c50-4afb-8782-b739400f7c5d;420.27;0.2;SELL
2016-03-12T00:40:01.603000;2016-03-12T00:40:01.623000;fcd22869-41b7-40b8-8403-f4c499ec7e67;420.44;0.25;SELL
2016-03-12T00:40:01.603000;2016-03-12T00:40:01.640000;14779d26-ccd3-4673-9336-7de55e5160b5;420.43;0.482;SELL
2016-03-12T00:40:01.603000;2016-03-12T00:40:01.640000;2c3027d0-2652-44f1-b3b9-4b04ab86aa3c;420.42;1.0;SELL
2016-03-12T00:40:01.603000;2016-03-12T00:40:01.640000;c71b20d4-a03d-4362-9f2e-7ebac125d9da;420.41;0.42;SELL
2016-03-12T00:40:01.603000;2016-03-12T00:40:01.640000;ff3b2a49-2fd2-487d-ae1b-39122638813b;420.4;0.026472;SELL
2016-03-12T00:40:01.603000;2016-03-12T00:40:01.640000;999e9166-5676-4faf-8815-48f3b323987c;420.39;2.0;SELL
2016-03-12T00:40:01.603000;2016-03-12T00:40:01.657000;87f4595d-5f60-4a97-b16f-648c63230332;420.38;0.01813524;SELL
2016-03-12T00:40:01.603000;2016-03-12T00:40:01.657000;f915b071-e0d0-4d17-8112-918b711508f4;420.33;1.80339276;SELL
2016-03-12T00:40:06.177000;2016-03-12T00:40:06.203000;4440edba-3461-4405-b1ff-489aa6e97c75;420.34;0.3;SELL
2016-03-12T00:40:07.340000;2016-03-12T00:40:07.360000;0a292ae5-0eb4-4e50-9d8c-694bd2b374f3;420.35;0.2;SELL
2016-03-12T00:40:31.153000;2016-03-12T00:40:31.170000;aa4539f3-e560-4499-863a-df134a48c011;420.55;0.01;BUY
2016-03-12T00:40:31.153000;2016-03-12T00:40:31.187000;9056b2fa-2b9b-4f83-8232-ee19dda472f6;420.55;0.09493;BUY
2016-03-12T00:41:01.067000;2016-03-12T00:41:01.077000;4493ce02-e211-40d9-b3af-99a0c9a4217a;420.55;0.01;BUY
2016-03-12T00:41:31.057000;2016-03-12T00:41:31.077000;0819c17f-c2a4-42d8-aaac-433b8876c261;420.4;0.542;SELL
2016-03-12T00:41:31.057000;2016-03-12T00:41:31.077000;f6263e5a-942a-44ff-bac9-8244fb849d62;420.39;0.02433;SELL
2016-03-12T00:42:01.150000;2016-03-12T00:42:01.157000;98fdfb73-fd4b-4bac-a21e-c0a556c17dbe;420.55;0.06881;BUY
2016-03-12T00:42:31.033000;2016-03-12T00:42:31.047000;181befb0-b396-4951-aa23-21bd76b20845;420.53;0.268;BUY
2016-03-12T00:42:31.033000;2016-03-12T00:42:31.063000;5b65c02e-35c0-445b-a496-4b4d3bd27e92;420.54;0.29428;BUY
2016-03-12T00:42:52.633000;2016-03-12T00:42:52.640000;f1913331-2a02-49a7-9bad-411f582a0a53;420.41;0.25;SELL
2016-03-12T00:42:52.633000;2016-03-12T00:42:52.657000;2e811d9f-a996-447c-a429-3c2ef83d75b9;420.4;0.02603046;SELL
2016-03-12T00:43:31.110000;2016-03-12T00:43:31.123000;6b2e605d-a522-4f4c-80d8-eafdbeeac16e;420.41;0.0897;SELL
2016-03-12T00:44:01.067000;2016-03-12T00:44:01.077000;77bbb013-7ba9-44c8-b6d3-c73febb756a9;420.42;0.3;BUY
2016-03-12T00:44:01.067000;2016-03-12T00:44:01.077000;d2df2f35-9c90-4d32-8db9-57e0f8b06f62;420.42;0.11;BUY
2016-03-12T00:44:01.067000;2016-03-12T00:44:01.093000;f3f97777-cbab-47e2-adce-df1c0b83aabb;420.43;0.033049;BUY
2016-03-12T00:44:01.067000;2016-03-12T00:44:01.110000;d6963130-6271-458f-b560-b9ba97447018;420.44;0.0350037;BUY
2016-03-12T00:44:01.067000;2016-03-12T00:44:01.110000;b37a40d1-2582-44e1-aa52-d185852eb267;420.47;0.083;BUY
2016-03-12T00:44:01.067000;2016-03-12T00:44:01.123000;b3f12254-34e6-4d12-974a-6a3e833fab92;420.5;0.01;BUY
2016-03-12T00:44:01.067000;2016-03-12T00:44:01.123000;6cbcf42e-0e05-4736-80a1-e7216b5da985;420.5;4.8516973;BUY
2016-03-12T00:44:34.127000;2016-03-12T00:44:34.123000;cb3f9f69-3b1b-466c-89c1-d0949f690190;420.44;0.29;BUY
2016-03-12T00:44:34.127000;2016-03-12T00:44:34.140000;96fbe925-b531-43be-aa89-1e1a7000f149;420.45;0.10108624;BUY
2016-03-12T00:44:34.127000;2016-03-12T00:44:34.140000;8a93059f-5621-437b-ab62-e49e3386a745;420.48;0.092;BUY
2016-03-12T00:44:34.127000;2016-03-12T00:44:34.157000;8f5ee361-9b76-4c7f-9a7a-f5558d8d098f;420.52;0.67117376;BUY
2016-03-12T00:45:06.697000;2016-03-12T00:45:06.703000;f683951e-04d4-4165-9dae-c1a3e109621a;420.43;0.25;SELL
2016-03-12T00:45:06.697000;2016-03-12T00:45:06.717000;6e6d177b-e49e-41ed-83d0-5810cd38f061;420.42;0.29626;SELL
2016-03-12T00:45:20.047000;2016-03-12T00:45:20.063000;92cfeb1b-0a25-4f34-a987-8c6ef8b003dd;420.41;0.01;SELL
2016-03-12T00:45:31.660000;2016-03-12T00:45:31.670000;0eb94a99-96ca-4c41-8a1d-2dc7b3984bd2;420.53;0.1;BUY
2016-03-12T00:45:31.660000;2016-03-12T00:45:31.687000;dd08bfca-f01e-4823-ab75-bbadf7d80e47;420.55;0.40926;BUY
2016-03-12T00:45:31.660000;2016-03-12T00:45:31.687000;5ec72649-aacd-4bfb-9b26-4902af611349;420.55;0.02;BUY
2016-03-12T00:45:31.660000;2016-03-12T00:45:31.687000;f8638fe6-2d3c-4e40-9c33-8293c1964386;420.55;0.1885;BUY
2016-03-12T00:45:31.660000;2016-03-12T00:45:31.703000;ce3792b7-df76-4e28-8208-cb91a22129d2;420.56;0.37103435;BUY
2016-03-12T00:45:31.660000;2016-03-12T00:45:31.703000;1bd2fd85-8629-4837-87d3-ede7f845f09a;420.56;0.01;BUY
2016-03-12T00:45:31.660000;2016-03-12T00:45:31.703000;fca98753-84fc-4e19-8671-58acdab73ccb;420.56;1.93862565;BUY
2016-03-12T00:46:01.117000;2016-03-12T00:46:01.123000;d673e9de-35f4-4741-af7b-2060705884e3;420.55;0.27;BUY
2016-03-12T00:46:01.117000;2016-03-12T00:46:01.140000;d4ca96a1-cd96-4faa-9fba-9dfdc552b93d;420.56;2.03437435;BUY
2016-03-12T00:46:01.117000;2016-03-12T00:46:01.140000;14ad91a4-d3aa-4e35-adba-239a0a355a6a;420.57;0.05;BUY
2016-03-12T00:46:01.117000;2016-03-12T00:46:01.140000;24e6cb8d-b9df-44ec-bff5-3086e8d4df39;420.57;0.01;BUY
2016-03-12T00:46:01.117000;2016-03-12T00:46:01.140000;ed2788af-5f4f-4e8c-a9f8-4feca0e726c8;420.58;0.01;BUY
2016-03-12T00:46:01.117000;2016-03-12T00:46:01.250000;67ea1d61-61fe-4cc7-94df-cd826d1771ea;420.59;0.12;BUY
2016-03-12T00:46:01.117000;2016-03-12T00:46:01.250000;d5797cdc-641e-4319-a41e-8564467a2b9c;420.6;0.09490565;BUY
2016-03-12T00:46:31.643000;2016-03-12T00:46:31.670000;ac9e0c0a-456b-4061-9ddc-734cb0a18eda;420.6;0.1;BUY
2016-03-12T00:46:31.643000;2016-03-12T00:46:31.670000;984c1fe5-c518-4ee8-bca3-d31aca6ba7de;420.62;0.28159;BUY
2016-03-12T00:46:32.807000;2016-03-12T00:46:32.813000;c95c5057-d3aa-46c3-a05f-388022ceb25e;420.49;0.2;SELL
2016-03-12T00:47:02.700000;2016-03-12T00:47:02.703000;d2d1fad1-330b-42ba-9c0d-4daaaf908168;420.51;0.72635;SELL
2016-03-12T00:48:01.293000;2016-03-12T00:48:01.313000;90853bcf-e041-4bb7-b028-5866ccdd18c9;420.53;0.01;SELL
2016-03-12T00:48:01.293000;2016-03-12T00:48:01.313000;b850b9a8-fab6-40b9-86be-560c8d471f6d;420.52;0.04466;SELL
2016-03-12T00:48:29.017000;2016-03-12T00:48:29.017000;7c7be145-0bcb-400e-9a70-3276fefda373;420.54;0.2;BUY
2016-03-12T00:49:02.653000;2016-03-12T00:49:02.640000;e4c76816-1ef0-458a-ab34-647178f6ca08;420.51;0.02438;SELL
2016-03-12T00:49:31.170000;2016-03-12T00:49:31.157000;2babca3e-1e90-4856-986f-333b9c1610ac;420.51;0.02108;SELL
2016-03-12T00:50:01.703000;2016-03-12T00:50:01.730000;221b33f1-257f-4995-9ec5-836cdaaa2e05;420.51;0.53165;SELL
2016-03-12T00:50:08.277000;2016-03-12T00:50:08.310000;6c27c5c5-b17d-45b1-884a-6a1a57adf817;420.52;0.039;BUY
2016-03-12T00:50:26.640000;2016-03-12T00:50:26.667000;e955a5e6-0db8-403e-9601-d4fadd7bfb22;420.52;0.009939;BUY
2016-03-12T00:50:31.080000;2016-03-12T00:50:31.120000;33196023-96cd-4d28-90f3-665b89e8268b;420.52;0.151061;BUY
2016-03-12T00:50:31.080000;2016-03-12T00:50:31.137000;8d103cde-16b9-40d6-b737-4dd108b442a7;420.52;0.1;BUY
2016-03-12T00:50:31.080000;2016-03-12T00:50:31.137000;c3a7b60b-7422-4a3c-9a92-b9a2906005bd;420.52;0.2;BUY
2016-03-12T00:50:31.080000;2016-03-12T00:50:31.137000;b43e4654-6215-4c14-9f84-87e462794f74;420.53;0.098499;BUY
2016-03-12T00:51:31.060000;2016-03-12T00:51:31.090000;d45b0b50-3e85-41c6-996b-c2cf9573b11a;420.53;0.301501;BUY
2016-03-12T00:51:31.060000;2016-03-12T00:51:31.107000;007e6ad5-bab3-4ab7-8455-aba23389c088;420.6;0.0999;BUY
2016-03-12T00:51:31.060000;2016-03-12T00:51:31.107000;8ba3d7df-35da-4bf6-9b68-421bfe453dd1;420.62;0.088;BUY
2016-03-12T00:51:31.060000;2016-03-12T00:51:31.107000;55740178-5060-4a34-83ac-962d5286907a;420.66;0.01;BUY
2016-03-12T00:51:31.060000;2016-03-12T00:51:31.107000;7374c113-9c7e-45fd-8dd9-a4d97c394fe4;420.66;0.01;BUY
2016-03-12T00:51:31.060000;2016-03-12T00:51:31.183000;beec6fcd-7afc-4da9-8b68-349d14609614;420.66;0.01;BUY
2016-03-12T00:51:31.063000;2016-03-12T00:51:31.183000;66e53eec-6bf3-43a1-8797-42509ee34f5d;420.66;2.305249;BUY
2016-03-12T00:52:01.700000;2016-03-12T00:52:01.747000;ccce004b-294d-4062-ad2b-928ab6384dea;420.67;0.04795;BUY
2016-03-12T00:52:31.123000;2016-03-12T00:52:31.153000;ca163c26-c210-414a-8587-bd7ac40d9905;420.65;0.261;BUY
2016-03-12T00:52:31.123000;2016-03-12T00:52:31.167000;a8db0ffe-afbc-4f50-bdde-11400e8797ab;420.67;0.00205;BUY
2016-03-12T00:52:31.123000;2016-03-12T00:52:31.167000;c4dc1bd2-b49e-47c3-92fe-934335cd8eff;420.67;4.089;BUY
2016-03-12T00:52:31.123000;2016-03-12T00:52:31.167000;ea0a8e3b-7e30-4abb-97db-944c8e1764bf;420.69;2.70632;BUY
2016-03-12T00:53:01.203000;2016-03-12T00:53:01.230000;220d5163-5c5a-46d7-89dc-c5af989a6d1f;420.71;0.02341;BUY
2016-03-12T00:53:31.457000;2016-03-12T00:53:31.480000;19509fc6-602c-4cdc-9ced-79c0e48fab36;420.55;0.06464512;SELL
2016-03-12T00:53:31.457000;2016-03-12T00:53:31.497000;8664943a-2aac-44c1-ad73-43afecf57d4c;420.54;0.08302;SELL
2016-03-12T00:53:31.460000;2016-03-12T00:53:31.497000;c165412a-f11d-4a2f-956e-19d14d8deabc;420.54;0.103;SELL
2016-03-12T00:53:31.460000;2016-03-12T00:53:31.497000;40836555-a632-4e17-b324-5dde5bbea3b0;420.53;0.11400488;SELL
2016-03-12T00:54:01.233000;2016-03-12T00:54:01.263000;94f88a08-2df6-47d6-a7f0-891e43627561;420.68;0.256;BUY
2016-03-12T00:54:01.233000;2016-03-12T00:54:01.277000;600d83f7-06dc-432a-bb8a-3e439a7957de;420.71;0.18559;BUY
2016-03-12T00:54:01.237000;2016-03-12T00:54:01.277000;78ca7e56-054d-459a-b18d-e8ea3e53502b;420.73;0.4669;BUY
2016-03-12T00:54:31.070000;2016-03-12T00:54:31.090000;4ebded7f-9a3d-473d-a55e-fc4d6e9faa3a;420.58;0.591;SELL
2016-03-12T00:54:31.070000;2016-03-12T00:54:31.107000;93e5b22a-6230-42e9-8118-7f79bc735338;420.57;0.99508;SELL
2016-03-12T00:55:05.030000;2016-03-12T00:55:05.060000;eb67365f-af31-4843-ba7c-55922afb7efc;420.56;0.571;SELL
2016-03-12T00:55:05.030000;2016-03-12T00:55:05.060000;93680e47-0d3a-418d-99bf-89c44900805e;420.56;3.7831;SELL
2016-03-12T00:55:31.287000;2016-03-12T00:55:31.310000;b1be7af2-f533-4b38-ac1a-e4863e5e4d4c;420.66;0.305;BUY
2016-03-12T00:55:31.287000;2016-03-12T00:55:31.323000;121c249e-4a17-4095-bcc2-6304dc145023;420.67;0.054628;BUY
2016-03-12T00:55:31.287000;2016-03-12T00:55:31.323000;cfb8acc3-1c47-425b-a9eb-64a0bda43025;420.68;7.10268;BUY
2016-03-12T00:55:31.287000;2016-03-12T00:55:31.323000;9ebd626c-0652-4e79-9c8b-3966c8b09873;420.71;0.1083;BUY
2016-03-12T00:55:31.290000;2016-03-12T00:55:31.323000;2fccdbb5-9a04-496e-a262-a897c7e174dc;420.71;0.041632;BUY
2016-03-12T00:56:01.073000;2016-03-12T00:56:01.090000;f3ebf205-6338-4fcd-a818-4e60bb1aef43;420.72;0.23532;BUY
2016-03-12T00:56:34.733000;2016-03-12T00:56:34.747000;6a8e7734-94a3-4da1-a46a-92dfa2810100;420.57;0.093547;SELL
2016-03-12T00:56:34.733000;2016-03-12T00:56:34.777000;8aa9a1ec-32aa-40a3-934e-3f9137af69df;420.56;0.0459;SELL
2016-03-12T00:56:34.733000;2016-03-12T00:56:34.777000;6ed9bf6e-3107-4cec-a45e-43bbdc7348df;420.55;0.07437138;SELL
2016-03-12T00:56:34.733000;2016-03-12T00:56:34.793000;4d26986e-ea4f-4228-b673-9941c88faf73;420.54;0.260878;SELL
2016-03-12T00:56:34.733000;2016-03-12T00:56:34.793000;921658f6-b65c-4278-bb16-220eef0dcb12;420.54;0.16;SELL
2016-03-12T00:56:34.733000;2016-03-12T00:56:34.793000;7fce6497-edfb-47b5-95c5-7afbf2f804c9;420.53;0.093618;SELL
2016-03-12T00:56:34.733000;2016-03-12T00:56:34.793000;95c9b422-09fe-47ed-8ff1-df1d3e840e32;420.53;2.26173562;SELL
2016-03-12T00:57:01.227000;2016-03-12T00:57:01.263000;59b9459c-55c2-4e4f-823a-470b3e904870;420.53;0.01;SELL
2016-03-12T00:57:01.227000;2016-03-12T00:57:01.263000;6fe7dffa-94a5-4c27-8aa7-0a57d4150b31;420.52;0.16238;SELL
2016-03-12T00:57:01.227000;2016-03-12T00:57:01.263000;84d95b7c-73df-4e10-ae5c-09a12008c2e2;420.52;0.116;SELL
2016-03-12T00:57:01.227000;2016-03-12T00:57:01.263000;f99af0ca-9871-4757-8f03-7967110c53dd;420.51;0.046;SELL
2016-03-12T00:57:01.227000;2016-03-12T00:57:01.277000;95de497d-5c8d-4d8b-bdfa-8642e229cb03;420.5;0.0115;SELL
2016-03-12T00:57:01.230000;2016-03-12T00:57:01.277000;b426add6-4b07-4a17-96a1-7a25f635192c;420.5;0.73377;SELL
2016-03-12T00:57:31.187000;2016-03-12T00:57:31.200000;94468c78-59f3-4ed9-92d1-e70d0f20e953;420.64;0.08365807;BUY
2016-03-12T00:57:31.187000;2016-03-12T00:57:31.230000;776318df-eca7-423a-a090-8ef279dc4b25;420.64;0.15173193;BUY
2016-03-12T00:58:31.310000;2016-03-12T00:58:31.323000;6ed6b92f-bb6b-48f7-9138-e5121cbbe9ee;420.52;0.115;SELL
2016-03-12T00:58:31.310000;2016-03-12T00:58:31.357000;73c1ef5b-10bd-4619-8a67-189cd0abd855;420.52;0.14;SELL
2016-03-12T00:58:31.310000;2016-03-12T00:58:31.357000;d82c927f-907f-4d3a-8a10-a88aacfb0dc5;420.51;0.035;SELL
2016-03-12T00:58:31.310000;2016-03-12T00:58:31.357000;87e93b25-36b7-498b-a01d-b1cbd6516809;420.5;2.96441;SELL
2016-03-12T00:59:02.987000;2016-03-12T00:59:02.997000;44ba8450-1a33-421f-90a2-bd12057fee56;420.63;0.04707;BUY
2016-03-12T00:59:31.330000;2016-03-12T00:59:31.340000;2deca7ea-cce8-4eb7-bb76-d68d9b9968b0;420.59;0.12242;BUY
2016-03-12T01:00:01.770000;2016-03-12T01:00:01.777000;124ea279-ebac-4da7-95d3-9118eda5842a;420.62;0.08200303;BUY
2016-03-12T01:00:01.770000;2016-03-12T01:00:01.793000;8651106a-ec60-47ec-9701-8f9c8007f0cd;420.64;0.03567697;BUY
2016-03-12T01:00:31.857000;2016-03-12T01:00:31.857000;ae81789a-c393-4138-8def-cb7a4b480ec6;420.54;0.17;SELL
2016-03-12T01:00:31.857000;2016-03-12T01:00:31.870000;c70d29e9-fa87-43dd-8a57-385376d56eb0;420.53;0.09688;SELL
2016-03-12T01:00:45.987000;2016-03-12T01:00:45.997000;8affab11-e65b-4afe-815a-ce16082d35ee;420.53;0.01326734;SELL
2016-03-12T01:01:01.630000;2016-03-12T01:01:01.637000;c7a8fbc3-a675-4798-9462-3d3a704ead4d;420.62;0.58846;BUY
2016-03-12T01:01:05.613000;2016-03-12T01:01:05.620000;207cf19b-b50c-4d6f-8345-c54681d75a92;420.53;0.22308;SELL
2016-03-12T01:01:31.123000;2016-03-12T01:01:31.120000;0bcc1057-310a-4438-b44b-db7df7787520;420.54;0.2408;SELL
2016-03-12T01:01:54.270000;2016-03-12T01:01:54.277000;8e0d90ba-fc05-4060-a169-0b97198b5667;420.54;0.0092;SELL
2016-03-12T01:01:54.270000;2016-03-12T01:01:54.293000;ad9dd350-c5c0-4226-99c6-987b0f7d60a1;420.54;0.0877;SELL
2016-03-12T01:02:31.360000;2016-03-12T01:02:31.370000;1ab29709-f70e-4a92-acdb-d1aef1d566ca;420.53;0.25;SELL
2016-03-12T01:02:31.363000;2016-03-12T01:02:31.387000;2875f45d-0ddc-4a83-8c3d-0faa19dcefee;420.52;0.06262;SELL
2016-03-12T01:02:31.363000;2016-03-12T01:02:31.387000;5f41e639-6b33-4675-a48a-dfa41bafd96c;420.52;0.07;SELL
2016-03-12T01:02:31.363000;2016-03-12T01:02:31.387000;abe04943-721f-4b4e-9ebf-afe26dbc49cf;420.51;0.1087869;SELL
2016-03-12T01:02:31.363000;2016-03-12T01:02:31.387000;7555bfa1-4971-40ba-a952-82dc93670642;420.5;0.0972;SELL
2016-03-12T01:02:31.363000;2016-03-12T01:02:31.387000;41075b00-0334-4445-a0fb-6fc8decf176d;420.49;0.09031298;SELL
2016-03-12T01:02:31.363000;2016-03-12T01:02:31.403000;ebaec2b7-2f91-4628-af17-538468edd09e;420.48;6.29609012;SELL
2016-03-12T01:03:01.157000;2016-03-12T01:03:01.153000;320b4f70-20c6-4d23-bec1-c92b6a47b1eb;420.48;0.23624;SELL
2016-03-12T01:04:01.173000;2016-03-12T01:04:01.170000;3ce5d859-4930-4619-943d-33f82efcdc8f;420.48;0.01376;SELL
2016-03-12T01:04:01.173000;2016-03-12T01:04:01.183000;d627e676-e6e0-4ad5-a14e-dcf9fcda59b4;420.47;0.126;SELL
2016-03-12T01:04:01.173000;2016-03-12T01:04:01.183000;4a6b3d7a-836f-47c8-b05a-663f9e608870;420.46;0.05566593;SELL
2016-03-12T01:04:01.173000;2016-03-12T01:04:01.183000;f9334957-309d-4150-ab0e-2d38b0d38c95;420.45;0.08;SELL
2016-03-12T01:04:01.173000;2016-03-12T01:04:01.183000;21c1a9f3-5ffb-4a44-b64b-ddf76fbce7c3;420.44;0.013;SELL
2016-03-12T01:04:01.173000;2016-03-12T01:04:01.277000;fc64abca-0417-41f1-80fd-668e44452e47;420.43;0.10137507;SELL
2016-03-12T01:04:01.173000;2016-03-12T01:04:01.277000;0376b9ec-10be-480d-91ef-afd0c7e7a46f;420.42;0.112;SELL
2016-03-12T01:04:01.173000;2016-03-12T01:04:01.277000;b1775eb3-403d-4b83-82b5-424e13542e2d;420.37;0.059249;SELL
2016-03-12T01:04:05.630000;2016-03-12T01:04:05.620000;680f2cc3-9f9b-46f6-b63f-d78b42d64bc4;420.41;0.01;SELL
2016-03-12T01:04:05.633000;2016-03-12T01:04:05.637000;a517b529-0581-4eb9-8f36-0a223e0480ea;420.4;0.01;SELL
2016-03-12T01:04:05.633000;2016-03-12T01:04:05.637000;0c5e8875-e30f-4929-87a6-d4f2fa804782;420.4;0.102;SELL
2016-03-12T01:04:06.773000;2016-03-12T01:04:06.793000;ca99f751-34c9-4c78-b71c-d3225e452d0b;420.34;0.01;SELL
2016-03-12T01:04:06.773000;2016-03-12T01:04:06.793000;a13ae985-40fb-4ec7-b096-daece22dc0f6;420.33;0.01;SELL
2016-03-12T01:04:31.117000;2016-03-12T01:04:31.107000;3baf461b-7e50-4981-ad24-71b9c686faac;420.32;0.25;SELL
2016-03-12T01:04:31.117000;2016-03-12T01:04:31.120000;dc7ea197-1645-4d6b-91e5-fe9b90e8e440;420.31;0.078;SELL
2016-03-12T01:04:31.117000;2016-03-12T01:04:31.120000;52926973-36e0-47bd-8f83-84875d9ca0b6;420.3;0.02885;SELL
2016-03-12T01:04:32.767000;2016-03-12T01:04:32.763000;01be6700-b968-41f0-94e6-c541c08be19a;420.31;0.25;SELL
2016-03-12T01:04:34.093000;2016-03-12T01:04:34.090000;8b29ee4b-6c06-4f28-aca1-195bdf745446;420.31;2.373e-05;BUY
2016-03-12T01:05:01.167000;2016-03-12T01:05:01.170000;cc3ffff0-1899-4a71-b5a9-bf641b399ceb;420.31;0.12997627;BUY
2016-03-12T01:05:01.167000;2016-03-12T01:05:01.183000;88285123-d06d-410f-a480-a4fcc5d6e1b6;420.31;0.10557373;BUY
2016-03-12T01:05:31.220000;2016-03-12T01:05:31.173000;83be6b44-697d-4b42-81bd-6697ab35a87d;420.31;0.14342627;BUY
2016-03-12T01:05:31.220000;2016-03-12T01:05:31.190000;d710a11c-cb8d-4dac-8dac-c1e9302c5198;420.31;6.22358373;BUY
2016-03-12T01:06:01.087000;2016-03-12T01:06:01.033000;973546f0-ca20-4ebb-b0af-67579f11f616;420.3;0.02344;SELL
2016-03-12T01:06:31.047000;2016-03-12T01:06:31.003000;388d2d90-7a7a-4c9d-b2f3-d21cf4bf1006;420.31;1.31346;BUY
2016-03-12T01:07:01.287000;2016-03-12T01:07:01.237000;cebd922b-f6da-405c-bcbb-b4d6ef85bfa9;420.3;2.30197;SELL
2016-03-12T01:07:31.257000;2016-03-12T01:07:31.220000;b2c7b7e3-58d3-4c4a-a7ab-45891c4e313c;420.3;0.33656;SELL
2016-03-12T01:08:01.213000;2016-03-12T01:08:01.160000;ddb206bd-150a-42b0-9823-54720258e001;420.31;1.07714;BUY
2016-03-12T01:08:01.217000;2016-03-12T01:08:01.190000;cc43fe27-6b1a-4691-96b2-4e3fa81a092b;420.32;0.133073;BUY
2016-03-12T01:08:01.217000;2016-03-12T01:08:01.190000;4f26be13-03c2-4740-a800-6816f2937590;420.33;0.0404555;BUY
2016-03-12T01:08:01.217000;2016-03-12T01:08:01.190000;be35e85b-5fae-431e-b22e-ea998d336deb;420.34;0.0602012;BUY
2016-03-12T01:08:01.217000;2016-03-12T01:08:01.190000;45d3fe82-191d-4a4d-a57e-fb76c14ca288;420.35;0.11751171;BUY
2016-03-12T01:08:01.217000;2016-03-12T01:08:01.190000;211ec5fc-f64c-4ec8-a362-50960da459d7;420.36;0.10125859;BUY
2016-03-12T01:09:31.553000;2016-03-12T01:09:31.503000;220e83db-286e-42ab-837c-097ce1c38f1a;420.38;0.061726;BUY
2016-03-12T01:09:31.557000;2016-03-12T01:09:31.520000;4b1a0b50-ff4c-4efa-a944-fb279fbb1c9d;420.38;0.18;BUY
2016-03-12T01:09:31.557000;2016-03-12T01:09:31.520000;37e1c8d9-4773-4e0b-be39-1cc50f5eb28d;420.39;0.0864207;BUY
2016-03-12T01:09:31.557000;2016-03-12T01:09:31.520000;e15e5fdb-13dc-4d6e-8b58-148639687b44;420.4;0.3660533;BUY
2016-03-12T01:09:37.410000;2016-03-12T01:09:37.363000;81335db6-035b-4de0-ada3-114167038848;420.4;0.01186377;BUY
2016-03-12T01:10:01.263000;2016-03-12T01:10:01.207000;0807e8b9-97f3-45c5-95fd-a364fab78245;420.36;0.69988;SELL
2016-03-12T01:10:33.277000;2016-03-12T01:10:33.220000;4a9c26f9-e181-426c-a05f-6be95a6f8525;420.41;0.468414;BUY
2016-03-12T01:10:33.277000;2016-03-12T01:10:33.237000;44a89932-d71e-4c2f-b54f-fac7c637b917;420.42;0.035146;BUY
2016-03-12T01:10:34.023000;2016-03-12T01:10:33.970000;d45775a5-cc5f-4350-8439-524e01ee1e10;420.43;0.00132618;BUY
2016-03-12T01:11:01.150000;2016-03-12T01:11:01.097000;887da784-1e1a-4e7e-8d94-16a9cbda57ec;420.45;0.90085;SELL
2016-03-12T01:11:31.123000;2016-03-12T01:11:31.067000;11580ff9-f472-4b33-b1c0-b41af0e91e06;420.47;0.01;BUY
2016-03-12T01:11:31.123000;2016-03-12T01:11:31.080000;9795b22f-216c-4b7f-b3cc-d0010ab98a91;420.48;0.098922;BUY
2016-03-12T01:11:31.123000;2016-03-12T01:11:31.080000;b0920a55-c0e1-4b4f-9c51-02a6cbcab381;420.49;0.07953444;BUY
2016-03-12T01:11:31.123000;2016-03-12T01:11:31.097000;bee5008d-d918-4a8a-b98f-48c92407b7f1;420.5;0.01;BUY
2016-03-12T01:11:31.123000;2016-03-12T01:11:31.097000;8f56a0b0-32bc-4710-a51c-7eb5a2ca6643;420.51;0.01;BUY
2016-03-12T01:11:31.123000;2016-03-12T01:11:31.097000;4c827df3-8e5d-445d-988d-62e7a05e0cec;420.52;0.02137101;BUY
2016-03-12T01:11:31.123000;2016-03-12T01:11:31.113000;47a1129b-2599-411a-93a7-faa2718346b0;420.53;0.01;BUY
2016-03-12T01:11:31.123000;2016-03-12T01:11:31.113000;7dbdad46-e070-40d2-9008-528a6b18ce88;420.54;0.01;BUY
2016-03-12T01:11:31.123000;2016-03-12T01:11:31.113000;ee85558f-b6c2-42a3-9ebc-b44af939988f;420.57;0.08;BUY
2016-03-12T01:11:31.123000;2016-03-12T01:11:31.113000;92819204-bf1b-45f7-ba03-f7e8d93d0d61;420.62;0.117;BUY
2016-03-12T01:11:31.123000;2016-03-12T01:11:31.113000;e0f4f10f-649e-4130-9f05-32c5f412615f;420.66;0.01;BUY
2016-03-12T01:11:31.123000;2016-03-12T01:11:31.127000;136f0e51-cb83-40ee-894e-eac5b0a70f40;420.7;0.117;BUY
2016-03-12T01:11:31.123000;2016-03-12T01:11:31.127000;34abbe14-6162-4963-ba75-c108084e9156;420.72;0.2;BUY
2016-03-12T01:11:31.123000;2016-03-12T01:11:31.127000;248c1275-2164-4067-8430-a33b1fbfe904;420.74;0.01;BUY
2016-03-12T01:11:31.123000;2016-03-12T01:11:31.127000;94eabf8d-44a8-46a5-b4c9-6298cf7e1d4d;420.75;0.01;BUY
2016-03-12T01:11:31.127000;2016-03-12T01:11:31.127000;a4a4d772-1202-450a-8461-d95a1273386a;420.75;0.05;BUY
2016-03-12T01:11:31.127000;2016-03-12T01:11:31.127000;66c3e850-64a5-45e9-a31f-a2d035db46c6;420.75;0.07;BUY
2016-03-12T01:11:31.127000;2016-03-12T01:11:31.127000;98d79191-0b16-45df-bb70-8cf626c8ecfe;420.76;0.74369255;BUY
2016-03-12T01:11:34.760000;2016-03-12T01:11:34.707000;ac86c9fd-5793-4a13-9707-22fb6f20f6f6;420.52;0.01321368;SELL
2016-03-12T01:12:31.543000;2016-03-12T01:12:31.487000;b6c2efbc-1d30-4ad7-aaa0-5c86c3499b45;420.62;8.97;SELL
2016-03-12T01:12:31.543000;2016-03-12T01:12:31.487000;ebdd0bbc-325c-4f39-ba19-664a360c97fb;420.62;6.59954;SELL
2016-03-12T01:12:47.797000;2016-03-12T01:12:47.737000;60d74fcd-8224-480b-ae73-24237270c38d;420.63;0.01314434;BUY
2016-03-12T01:13:01.230000;2016-03-12T01:13:01.173000;573d2d06-1687-48d6-9ac8-f83c2f1255d6;420.63;0.21416;BUY
2016-03-12T01:13:31.277000;2016-03-12T01:13:31.223000;694afea7-6e2b-4551-a497-c3dedacc9dbb;420.63;0.07269566;BUY
2016-03-12T01:13:31.277000;2016-03-12T01:13:31.223000;ef085921-b90e-4c27-a647-cee7e4644eea;420.67;0.277;BUY
2016-03-12T01:13:31.277000;2016-03-12T01:13:31.223000;5e342fe5-c133-44fa-bb39-99f8a0c71d14;420.68;0.00333434;BUY
2016-03-12T01:14:01.557000;2016-03-12T01:14:01.487000;df0d9def-989b-4615-84e3-43a4827331de;420.68;0.313;BUY
2016-03-12T01:14:01.557000;2016-03-12T01:14:01.487000;9ea06c34-42cc-4731-94a9-897936a13b32;420.73;0.0983;BUY
2016-03-12T01:14:31.727000;2016-03-12T01:14:31.660000;c3c7d835-6da1-4795-8133-22626d3df12a;420.66;0.070458;BUY
2016-03-12T01:14:31.727000;2016-03-12T01:14:31.673000;7858ead9-5a03-4cc7-88a4-ce7c601bf803;420.67;0.248;BUY
2016-03-12T01:14:31.727000;2016-03-12T01:14:31.673000;8009c404-f7bc-4278-8da1-b70bbd8e36fa;420.68;0.078695;BUY
2016-03-12T01:14:31.727000;2016-03-12T01:14:31.673000;6acc6d34-6d7a-47e0-a6df-83ba4b6eeb25;420.71;0.073577;BUY
2016-03-12T01:15:01.557000;2016-03-12T01:15:01.487000;1021dbc5-7ad1-443c-a91e-77921073ccaa;420.68;4.00532;BUY
2016-03-12T01:15:31.423000;2016-03-12T01:15:31.347000;998aaee9-eb1f-4671-9c4f-0d8cb30160ee;420.7;0.198077;BUY
2016-03-12T01:15:31.423000;2016-03-12T01:15:31.363000;487ac656-b01f-4d6d-b0eb-9f3e2c46f7b7;420.71;0.25;BUY
2016-03-12T01:15:31.423000;2016-03-12T01:15:31.363000;5b4cdfea-44bd-4d22-a865-aadb62561f46;420.76;1.0;BUY
2016-03-12T01:15:31.423000;2016-03-12T01:15:31.363000;1975a510-150d-4d47-90d6-948dc05815b0;420.77;0.01;BUY
2016-03-12T01:15:31.423000;2016-03-12T01:15:31.363000;8072a49f-fbe5-440c-ad60-29ebfa9cb640;420.77;0.05;BUY
2016-03-12T01:15:31.427000;2016-03-12T01:15:31.377000;e4d4ccac-d866-47fd-95ea-35cc9ac6d331;420.77;1.938863;BUY
2016-03-12T01:16:08.637000;2016-03-12T01:16:08.567000;1e244fe1-70e2-463b-a2f9-d44c085712d3;420.62;0.21;SELL
2016-03-12T01:16:08.637000;2016-03-12T01:16:08.580000;1c128fcc-0f4c-4536-89f0-b2640f0c3423;420.62;0.119;SELL
2016-03-12T01:16:08.637000;2016-03-12T01:16:08.580000;767dc513-468d-42c9-9c2b-4d1d4f0457e5;420.61;0.04666;SELL
2016-03-12T01:16:08.637000;2016-03-12T01:16:08.580000;f911de2b-023c-4865-806f-675b28dd4bd6;420.6;0.37489749;SELL
2016-03-12T01:16:08.637000;2016-03-12T01:16:08.580000;191c9d2e-bf26-4b06-990a-a5beead06e3b;420.59;0.074171;SELL
2016-03-12T01:16:08.637000;2016-03-12T01:16:08.580000;60f352ef-2945-49b3-88a4-bba9a9de552c;420.58;0.3728369;SELL
2016-03-12T01:16:08.637000;2016-03-12T01:16:08.580000;90e86198-bd99-45ea-9c17-cccb12b5c843;420.57;0.09780461;SELL
2016-03-12T01:16:31.750000;2016-03-12T01:16:31.673000;23cc4a3d-acbc-4d07-abe0-160b4d738381;420.65;0.97649;BUY
2016-03-12T01:17:02.413000;2016-03-12T01:17:02.330000;640228f1-d096-47ec-9954-42bea42bed8a;420.64;0.04707;BUY
2016-03-12T01:17:35.293000;2016-03-12T01:17:35.223000;21b8a9af-75e7-4984-a14a-a738e8d92ece;420.61;2.76088;BUY
2016-03-12T01:18:01.503000;2016-03-12T01:18:01.423000;dd8cda51-bc98-4e8a-a7fb-dd7871599d6b;420.63;0.39;BUY
2016-03-12T01:18:01.503000;2016-03-12T01:18:01.457000;05a0e588-e796-4b2a-884e-75b364ef7ce6;420.63;0.11;BUY
2016-03-12T01:18:01.503000;2016-03-12T01:18:01.457000;d3ae09c0-9673-466c-97f2-60616d059b53;420.63;0.252;BUY
2016-03-12T01:18:01.503000;2016-03-12T01:18:01.457000;3b1250b5-af6b-4c6e-948b-008053871c7f;420.64;0.10089561;BUY
2016-03-12T01:18:01.503000;2016-03-12T01:18:01.457000;b9ba5eb5-c0b6-4af4-9c9f-c547c2425906;420.65;0.02458;BUY
2016-03-12T01:18:01.503000;2016-03-12T01:18:01.457000;edd8d17b-1aaf-40c1-8312-0e058446c921;420.67;0.13666435;BUY
2016-03-12T01:18:01.503000;2016-03-12T01:18:01.457000;3dd4c20e-2f13-474a-8452-1eb6790a812c;420.69;0.07325;BUY
2016-03-12T01:18:01.503000;2016-03-12T01:18:01.473000;3d2a011e-6116-4bca-85f4-4788441e0f2d;420.76;0.32483004;BUY
2016-03-12T01:18:31.423000;2016-03-12T01:18:31.363000;e08c81c8-2f53-495a-ad72-7fd129906170;420.64;0.05200037;BUY
2016-03-12T01:18:31.423000;2016-03-12T01:18:31.363000;8a60d6bb-c312-4da4-8277-b30243a81d66;420.65;0.0317065;BUY
2016-03-12T01:18:31.423000;2016-03-12T01:18:31.363000;22a7fa35-810a-40f6-bbe5-f3b2466c56c6;420.66;0.4075684;BUY
2016-03-12T01:18:31.427000;2016-03-12T01:18:31.363000;7e795f18-c000-4364-a81c-488fd2eae958;420.67;0.0629399;BUY
2016-03-12T01:18:31.427000;2016-03-12T01:18:31.363000;85ce9672-88bb-4b7c-8032-3bf5043bc72e;420.77;0.10578483;BUY
2016-03-12T01:19:01.373000;2016-03-12T01:19:01.300000;1833db99-5e10-46cb-9b54-a4c556743e64;420.65;0.17651;BUY
2016-03-12T01:19:31.390000;2016-03-12T01:19:31.317000;f1b21268-17bb-42bf-8652-89de0ab5fca3;420.67;0.06195781;BUY
2016-03-12T01:19:31.390000;2016-03-12T01:19:31.330000;80475036-67db-48e5-a6a0-13efdb907cfc;420.71;0.04863636;BUY
2016-03-12T01:19:31.390000;2016-03-12T01:19:31.330000;e2871d14-91a4-43f7-821a-673238afd6c7;420.74;0.234;BUY
2016-03-12T01:19:31.390000;2016-03-12T01:19:31.330000;d5fe4c57-2e82-475b-a2f4-f68b076e1d8d;420.78;1.0;BUY
2016-03-12T01:19:31.390000;2016-03-12T01:19:31.330000;77847463-5dfd-47a4-8483-f93a13b2dd9c;420.79;0.01;BUY
2016-03-12T01:19:31.393000;2016-03-12T01:19:31.347000;36b06e28-a59d-47b4-b56b-c593a2b575d6;420.79;1.25;BUY
2016-03-12T01:19:31.393000;2016-03-12T01:19:31.347000;098155dd-0131-4178-a3a5-381e946b3e7f;420.8;0.02;BUY
2016-03-12T01:19:31.393000;2016-03-12T01:19:31.347000;a909c9a7-e3dd-423f-a5c6-975b63187fb8;420.8;0.37540583;BUY
2016-03-12T01:19:40.003000;2016-03-12T01:19:39.927000;14f5ca8d-8bed-41b6-a9d6-5a94dbbc6903;420.65;0.01314434;SELL
2016-03-12T01:20:01.567000;2016-03-12T01:20:01.487000;9de2202e-35f4-4891-a8e4-9f943244cf49;420.79;0.205;BUY
2016-03-12T01:20:01.567000;2016-03-12T01:20:01.503000;247ad94e-7b3d-4eef-978d-1f5c972378d2;420.8;0.18323;BUY
2016-03-12T01:21:01.947000;2016-03-12T01:21:01.850000;1f8804e5-80e3-49f8-9e20-515e00e6b201;420.8;0.03306;BUY
2016-03-12T01:21:31.357000;2016-03-12T01:21:31.257000;8cbafa0e-b0b7-4a0e-a15c-e3ebbc55801a;420.68;0.3;BUY
2016-03-12T01:21:31.360000;2016-03-12T01:21:31.270000;d34db23c-9d3f-4a7e-8251-3fe683570887;420.79;0.211;BUY
2016-03-12T01:21:31.360000;2016-03-12T01:21:31.270000;579ef369-7aa5-4301-b9a0-3ca42cce32d8;420.8;0.05560417;BUY
2016-03-12T01:21:31.360000;2016-03-12T01:21:31.270000;a0fb92f4-3da1-42bb-8f10-73e69a4800cd;420.8;0.90397583;BUY
2016-03-12T01:22:01.600000;2016-03-12T01:22:01.507000;10b68611-f373-44e4-9d67-7dbcfa9f9871;420.79;0.01188241;SELL
2016-03-12T01:22:01.600000;2016-03-12T01:22:01.520000;1405e712-9a58-45e3-92f7-1c946e320a60;420.79;0.25;SELL
2016-03-12T01:22:01.600000;2016-03-12T01:22:01.520000;f0d072d1-1d07-4b13-aae8-8781794bde5e;420.78;0.04101;SELL
2016-03-12T01:22:01.600000;2016-03-12T01:22:01.520000;ac7733e9-607d-4370-be03-9678c27e7a9f;420.78;0.095;SELL
2016-03-12T01:22:01.600000;2016-03-12T01:22:01.520000;61e40ed9-96b4-49c9-9378-ae1a5fc75e50;420.77;0.04298;SELL
2016-03-12T01:22:01.600000;2016-03-12T01:22:01.600000;da8541e5-ab04-4fd0-b715-5ddf73876c06;420.74;0.05598759;SELL
2016-03-12T01:22:34.033000;2016-03-12T01:22:33.927000;af429d28-bd71-49fa-aa00-4c4075e08d3c;420.75;0.12547;SELL
2016-03-12T01:23:01.680000;2016-03-12T01:23:01.567000;702d2787-0a5d-4406-b757-a1f200eacfed;420.8;1.73455417;BUY
2016-03-12T01:23:01.680000;2016-03-12T01:23:01.600000;8552e8b8-4449-4c8b-af84-64b726112e48;420.81;0.10460088;BUY
2016-03-12T01:23:01.680000;2016-03-12T01:23:01.600000;3cf013f7-65fb-4723-bb0d-ed673a299fd2;420.85;0.195;BUY
2016-03-12T01:23:01.680000;2016-03-12T01:23:01.600000;036a32e2-a60e-4359-a638-38da28258661;420.86;0.01;BUY
2016-03-12T01:23:01.680000;2016-03-12T01:23:01.600000;c51ec006-fdb8-49a6-ae48-37cd4e871297;420.87;0.05;BUY
2016-03-12T01:23:01.680000;2016-03-12T01:23:01.600000;00766305-5913-4822-b465-99d37e6d0b00;420.9;0.188;BUY
2016-03-12T01:23:01.680000;2016-03-12T01:23:01.600000;d4702189-2c4e-4c58-9025-d6d2520d113b;420.91;0.31299495;BUY
2016-03-12T01:23:18.103000;2016-03-12T01:23:17.990000;36ab02cc-b35c-4667-ab22-2f89e6659e20;420.92;0.01;BUY
2016-03-12T01:23:31.523000;2016-03-12T01:23:31.410000;a8cc6235-95af-42b6-902b-2adf84438c41;420.92;0.58805;BUY
2016-03-12T01:24:01.407000;2016-03-12T01:24:01.303000;b765b6f0-e3ed-4eaa-8ced-4945bb2144b3;420.92;0.71541;BUY
2016-03-12T01:24:01.410000;2016-03-12T01:24:01.317000;8f79ffef-5d1d-49f9-b297-5c61684cfe4f;420.93;0.01;BUY
2016-03-12T01:24:01.410000;2016-03-12T01:24:01.317000;a6c93735-c572-4892-8623-c8771b22f0ea;420.95;0.01;BUY
2016-03-12T01:24:01.410000;2016-03-12T01:24:01.317000;9d0c43aa-c666-445b-96f1-a076f83d4f7f;420.96;0.193;BUY
2016-03-12T01:24:01.410000;2016-03-12T01:24:01.317000;f517e305-24da-4f64-a361-f95f973db45c;420.97;0.05;BUY
2016-03-12T01:24:01.410000;2016-03-12T01:24:01.350000;2ca3a15e-1fed-4da1-b777-127e84f8754a;420.97;0.24;BUY
2016-03-12T01:24:01.410000;2016-03-12T01:24:01.350000;0f53591c-225b-4429-8b69-149345ea115b;420.97;1.0;BUY
2016-03-12T01:24:01.410000;2016-03-12T01:24:01.350000;36c9440d-5235-4910-a206-19c958cab60b;420.98;0.125;BUY
2016-03-12T01:24:01.410000;2016-03-12T01:24:01.350000;2444ea69-2ac1-4b3a-9207-4f3d5d0f362f;420.99;0.125;BUY
2016-03-12T01:24:01.410000;2016-03-12T01:24:01.350000;97248d7f-721c-4fa7-bbc4-76fe7d0e32a0;420.99;0.01;BUY
2016-03-12T01:24:01.410000;2016-03-12T01:24:01.350000;45a06d3f-a417-4414-ac2c-006bb2fdc8d7;420.99;0.1;BUY
2016-03-12T01:24:01.410000;2016-03-12T01:24:01.350000;ae90a2ad-d84a-4b5b-8749-ca296557d343;420.99;0.7074;BUY
2016-03-12T01:24:01.410000;2016-03-12T01:24:01.350000;084a9f39-5f74-4127-b0c7-bd794aa0c09f;421.0;0.1;BUY
2016-03-12T01:24:01.410000;2016-03-12T01:24:01.397000;a0fbf1bb-4534-482a-8198-4d6451c4e108;421.0;0.05;BUY
2016-03-12T01:24:01.410000;2016-03-12T01:24:01.410000;6aafded5-5650-4e92-ad5f-0702a01dedad;421.0;0.01;BUY
2016-03-12T01:24:01.410000;2016-03-12T01:24:01.410000;6462a78c-afdc-4888-94d3-3401daa42e3b;421.0;0.1;BUY
2016-03-12T01:24:01.410000;2016-03-12T01:24:01.410000;3742dcba-ef39-4896-abed-136e0dc01737;421.0;6.41777;BUY
2016-03-12T01:25:01.827000;2016-03-12T01:25:01.710000;77095b3a-ebfb-4017-b5ba-f00730bb1e81;420.87;0.1294;BUY
2016-03-12T01:25:24.953000;2016-03-12T01:25:24.850000;36db24cf-29c6-4aa9-b2df-2ed814253a44;420.87;0.1406;BUY
2016-03-12T01:25:24.957000;2016-03-12T01:25:24.863000;5abcbe91-3dd6-4a96-9564-0f35edd6900e;421.0;0.09578842;BUY
2016-03-12T01:25:33.580000;2016-03-12T01:25:33.490000;037ab62b-3f55-4168-9121-e963e4945c5e;420.94;0.25;SELL
2016-03-12T01:25:33.580000;2016-03-12T01:25:33.520000;122a425f-c79b-4d84-a959-62707a0ae725;420.94;6.51075;SELL
2016-03-12T01:26:01.550000;2016-03-12T01:26:01.427000;7982deaf-3fae-49ea-ab74-fa101c09cc17;421.0;0.68673;BUY
2016-03-12T01:26:31.537000;2016-03-12T01:26:31.427000;f7ac3752-83c1-4a21-bdf2-1386d53da6ae;420.99;0.05227;SELL
2016-03-12T01:26:54.773000;2016-03-12T01:26:54.663000;c3f0a830-cb84-4541-82eb-1f0514ff712e;421.0;0.01306791;BUY
2016-03-12T01:27:06.640000;2016-03-12T01:27:06.537000;dc922509-b5a8-40b9-917b-f3d08307696e;421.0;5.2915;BUY
2016-03-12T01:27:31.797000;2016-03-12T01:27:31.677000;348f625d-10ec-4c7e-875d-c9da9ed240ec;421.0;0.75256;BUY
2016-03-12T01:28:01.430000;2016-03-12T01:28:01.317000;ed5df682-bd93-4cea-a910-671cb389129a;421.0;0.54258367;BUY
2016-03-12T01:28:01.430000;2016-03-12T01:28:01.333000;6c51ec95-200a-4e3d-aac8-991ebfa9b95a;421.0;0.05;BUY
2016-03-12T01:28:01.430000;2016-03-12T01:28:01.333000;f77baf63-5895-4c3d-9fcf-db2fd4a56dd6;421.0;4.0;BUY
2016-03-12T01:28:01.433000;2016-03-12T01:28:01.333000;252cf6e6-57fb-48e1-b5ad-d33e3fc9e263;421.0;0.01;BUY
2016-03-12T01:28:01.433000;2016-03-12T01:28:01.333000;b2bf8637-1543-48f4-9f8c-4c28d029d6dd;421.05;0.01;BUY
2016-03-12T01:28:01.433000;2016-03-12T01:28:01.413000;9780ecf4-06e8-4663-a00a-3f368657d32b;421.07;0.05;BUY
2016-03-12T01:28:01.433000;2016-03-12T01:28:01.413000;85b6d7bc-a104-47cb-8654-c7067b34a963;421.09;0.01;BUY
2016-03-12T01:28:01.433000;2016-03-12T01:28:01.413000;2c32819f-ce9d-4c7b-9cb1-6977a329ee1f;421.09;0.01;BUY
2016-03-12T01:28:01.433000;2016-03-12T01:28:01.413000;a115aea3-4efd-4a67-bcef-7d68da8d6873;421.1;0.01916557;BUY
2016-03-12T01:28:01.433000;2016-03-12T01:28:01.427000;129d0d6a-64f3-417f-92c2-cda76f398b76;421.14;0.01;BUY
2016-03-12T01:28:01.433000;2016-03-12T01:28:01.427000;9a5c4c31-df7f-40c1-aaca-c437d8cce662;421.14;3.26574076;BUY
2016-03-12T01:29:33.767000;2016-03-12T01:29:33.647000;aff1b59c-14f6-4ded-89ed-73b2f9443f06;421.15;0.04;BUY
2016-03-12T01:29:33.767000;2016-03-12T01:29:33.663000;0ae9483c-00c1-4b8e-9607-38532e41f384;421.17;0.01;BUY
2016-03-12T01:29:33.767000;2016-03-12T01:29:33.663000;7a947574-6b5e-4a6a-8b89-e5b17d9b2417;421.17;0.05;BUY
2016-03-12T01:29:33.767000;2016-03-12T01:29:33.663000;77bfe4ed-5808-4eaf-8e28-0cf505fd11bf;421.2;0.01;BUY
2016-03-12T01:29:33.767000;2016-03-12T01:29:33.663000;d27bb1f5-9971-4188-9a53-c11912e9a4db;421.21;0.0105;BUY
2016-03-12T01:29:33.767000;2016-03-12T01:29:33.757000;4f72fed2-18a9-41f5-9ec8-e319f4b88902;421.22;0.02;BUY
2016-03-12T01:29:33.767000;2016-03-12T01:29:33.757000;1df963a0-caa0-4988-8cc4-3222271fe854;421.25;0.01;BUY
2016-03-12T01:29:33.767000;2016-03-12T01:29:33.757000;fef496ee-8ea9-4092-abe1-1ac6d7a10d15;421.25;0.01;BUY
2016-03-12T01:29:33.767000;2016-03-12T01:29:33.757000;73d2aed4-6b47-4037-8aac-a945605c1c1e;421.25;0.05;BUY
2016-03-12T01:29:33.770000;2016-03-12T01:29:33.757000;1208b1e1-e8cc-4dc7-a924-f79ebc4eb2ca;421.27;0.05;BUY
2016-03-12T01:29:33.770000;2016-03-12T01:29:33.757000;059f4019-0dbd-45cf-a357-4730805ee929;421.28;4.105;BUY
2016-03-12T01:29:33.770000;2016-03-12T01:29:33.757000;99af336f-5bae-4f02-a874-d604d0ea4610;421.29;0.01;BUY
2016-03-12T01:29:33.770000;2016-03-12T01:29:33.757000;5276ab63-d81c-4fe0-9fb2-686289607ee3;421.29;1.62906;BUY
2016-03-12T01:30:01.470000;2016-03-12T01:30:01.350000;6ea493e0-3c92-44a9-8a02-3893eaddb78f;421.3;0.01916557;BUY
2016-03-12T01:30:01.470000;2016-03-12T01:30:01.363000;56929f8b-947d-4bc9-ad8f-72769ecb2074;421.3;0.70943443;BUY
2016-03-12T01:30:31.713000;2016-03-12T01:30:31.583000;bda69ea9-c137-4e06-bf99-b9c0da4688e6;421.3;0.2;BUY
2016-03-12T01:30:31.713000;2016-03-12T01:30:31.600000;28a9b642-c9e5-4b19-bea6-0d8e5bbc431a;421.3;6.69034;BUY
2016-03-12T01:31:02.593000;2016-03-12T01:31:02.473000;3d13b8d4-aad8-4782-a705-260b57d79ac6;421.29;0.25;SELL
2016-03-12T01:31:02.593000;2016-03-12T01:31:02.473000;b0f42ff0-9cd3-402a-aa33-a5c63d934bea;421.28;0.10681732;SELL
2016-03-12T01:31:02.593000;2016-03-12T01:31:02.473000;88331431-2b27-4f7d-81a1-cc3de7de48a0;421.27;0.04800758;SELL
2016-03-12T01:31:02.593000;2016-03-12T01:31:02.490000;7f1d1334-d448-456f-a212-7e2e430d7f4c;421.26;0.11628733;SELL
2016-03-12T01:31:02.593000;2016-03-12T01:31:02.490000;5a574dac-a8ee-45d7-b4ae-3d7754e93da3;421.25;0.0115;SELL
2016-03-12T01:31:02.593000;2016-03-12T01:31:02.490000;d88c7034-697c-46f6-b1f0-87020d3f6456;421.24;0.13238219;SELL
2016-03-12T01:31:02.593000;2016-03-12T01:31:02.490000;d78e434c-9639-45fe-b95e-10f99f88f109;421.22;0.15085174;SELL
2016-03-12T01:31:02.593000;2016-03-12T01:31:02.490000;573cd042-d688-43af-9f37-81a0b59771b9;421.21;0.09467789;SELL
2016-03-12T01:31:02.593000;2016-03-12T01:31:02.490000;5bf6115b-294c-42dc-934f-b60839989f2b;421.21;0.096;SELL
2016-03-12T01:31:02.593000;2016-03-12T01:31:02.507000;da9bdae3-8f7b-4055-8dd0-f937ef43b5cd;421.16;0.075;SELL
2016-03-12T01:31:02.593000;2016-03-12T01:31:02.507000;fd7cb3d8-20a1-48de-86e0-8fc159bf3281;421.15;0.01942595;SELL
2016-03-12T01:31:31.990000;2016-03-12T01:31:31.863000;8f902aaf-861d-4239-a07f-a463ce43463a;421.13;0.2374;SELL
2016-03-12T01:32:01.477000;2016-03-12T01:32:01.350000;cabda144-1141-474a-a096-13e115384b44;421.14;0.12189;BUY
2016-03-12T01:32:31.703000;2016-03-12T01:32:31.567000;5274792f-7854-4a4a-8904-64b87dede428;421.13;0.0126;SELL
2016-03-12T01:32:31.707000;2016-03-12T01:32:31.583000;9ad847c0-8342-4582-a020-4c414e261c4f;421.11;0.03537;SELL
2016-03-12T01:33:11.637000;2016-03-12T01:33:11.507000;9fb87baa-b1ae-4d23-9575-4ffbcb8c8300;421.14;2.83302742;BUY
2016-03-12T01:33:11.637000;2016-03-12T01:33:11.520000;7108b735-06c7-4fd9-abae-c84fd7519a26;421.15;0.00936258;BUY
2016-03-12T01:33:39.590000;2016-03-12T01:33:39.460000;e5cae3ab-ee26-4d40-82e5-545465904bac;421.12;0.25;SELL
2016-03-12T01:33:39.590000;2016-03-12T01:33:39.473000;3c034670-73b6-4ede-af37-e202f76aef5e;421.12;0.093;SELL
2016-03-12T01:33:39.590000;2016-03-12T01:33:39.473000;2139f1ce-4c50-4b8d-a286-f0fd900568ae;421.11;0.08567438;SELL
2016-03-12T01:33:39.590000;2016-03-12T01:33:39.473000;1759ce02-6efc-4a79-9f6f-0aa9a59032b6;421.1;0.12035;SELL
2016-03-12T01:33:39.590000;2016-03-12T01:33:39.507000;073844bf-9f81-4b5f-8c11-2af30b17e241;421.09;0.14495531;SELL
2016-03-12T01:33:39.590000;2016-03-12T01:33:39.567000;0b2fbe68-7da9-49a2-83f0-54837084e221;421.08;0.4;SELL
2016-03-12T01:33:39.590000;2016-03-12T01:33:39.567000;44aac5d4-2d5e-4e77-9cdd-3bf6754026e5;421.08;0.01;SELL
2016-03-12T01:33:39.590000;2016-03-12T01:33:39.567000;7edcd203-1cb9-4c25-9d89-70978f6448fc;421.07;0.05;SELL
2016-03-12T01:33:39.590000;2016-03-12T01:33:39.567000;c42a8115-1a2f-4cf0-a3e7-e96e58d4d796;421.07;0.087;SELL
2016-03-12T01:33:39.590000;2016-03-12T01:33:39.567000;4fe4c169-7128-4036-9afd-4d955b1a1d2f;421.06;0.13210168;SELL
2016-03-12T01:33:39.590000;2016-03-12T01:33:39.567000;ad245734-73cb-4bef-a151-c11d590d5fea;421.05;0.135753;SELL
2016-03-12T01:33:39.590000;2016-03-12T01:33:39.567000;abd72af3-8c86-475f-a938-8f5c809800d2;421.05;0.01;SELL
2016-03-12T01:33:39.590000;2016-03-12T01:33:39.567000;38f52e57-8c22-4a39-ada2-c6bcb507c70b;421.04;1.0;SELL
2016-03-12T01:33:39.590000;2016-03-12T01:33:39.567000;59ee4d7f-8b5f-4892-9da8-706d49ed7d05;421.03;7.09218;SELL
2016-03-12T01:33:39.593000;2016-03-12T01:33:39.567000;8fa98a36-c7f4-4bdc-a8cf-90b362b6a2ea;421.02;0.51202;SELL
2016-03-12T01:33:39.593000;2016-03-12T01:33:39.567000;773e5cc3-8162-4861-b9c9-3da1de7e18d7;421.02;0.116;SELL
2016-03-12T01:33:39.593000;2016-03-12T01:33:39.567000;21c05986-d289-400e-8a38-b84f71750f19;421.01;0.1213435;SELL
2016-03-12T01:33:39.593000;2016-03-12T01:33:39.567000;fb5c6e61-716f-4eb5-960d-0e8d5f77fafe;420.99;0.26;SELL
2016-03-12T01:33:39.593000;2016-03-12T01:33:39.567000;4a14c5a7-b916-4d0d-92f3-8a11ab882079;420.97;0.05;SELL
2016-03-12T01:33:39.593000;2016-03-12T01:33:39.567000;697acbb1-ab2f-4925-823c-e902b4688a20;420.96;0.01;SELL
2016-03-12T01:33:39.593000;2016-03-12T01:33:39.567000;7b03215e-d83e-4cda-9334-51ad6defcd8c;420.95;0.125;SELL
2016-03-12T01:33:39.593000;2016-03-12T01:33:39.567000;7d9c6e06-cbd2-4519-8b42-e2c7421a1323;420.89;0.2;SELL
2016-03-12T01:33:39.593000;2016-03-12T01:33:39.567000;4a745083-08c9-4a64-9baf-1e78ca0376bd;420.87;0.05;SELL
2016-03-12T01:33:39.593000;2016-03-12T01:33:39.567000;2bdf5c7f-001a-4220-8ecc-c68c5a90ec66;420.84;1.0;SELL
2016-03-12T01:33:39.593000;2016-03-12T01:33:39.567000;3781caba-9c9f-4037-b452-797fe511a9b2;420.83;0.116;SELL
2016-03-12T01:33:39.593000;2016-03-12T01:33:39.567000;98ae3b4a-23c4-488d-93e1-5c8ed7e5522e;420.79;5.25;SELL
2016-03-12T01:33:39.593000;2016-03-12T01:33:39.567000;6e9fbcce-f331-4aa5-9ee8-f1639033f38a;420.78;0.136;SELL
2016-03-12T01:33:39.593000;2016-03-12T01:33:39.567000;47467dbf-a075-44a0-82b4-200d7b7cb3f3;420.76;3.75;SELL
2016-03-12T01:33:39.593000;2016-03-12T01:33:39.567000;9e1bead6-cbba-45bf-9f94-c4dda38da6a3;420.75;0.0115;SELL
2016-03-12T01:33:39.597000;2016-03-12T01:33:39.567000;41959653-defd-4fd9-8e97-5c417471aa64;420.74;3.0;SELL
2016-03-12T01:33:39.597000;2016-03-12T01:33:39.567000;3129f97a-0d81-42a9-bbba-464bed65b137;420.73;0.125;SELL
2016-03-12T01:33:39.597000;2016-03-12T01:33:39.583000;c6475a93-6fde-49d6-ad60-b4bf503e747b;420.69;4.75;SELL
2016-03-12T01:33:39.597000;2016-03-12T01:33:39.583000;2877f1ca-7fdc-4232-8bad-62892777c381;420.68;0.01;SELL
2016-03-12T01:33:39.597000;2016-03-12T01:33:39.583000;00668b89-7a86-4e65-9308-70e4a23d7dd9;420.68;0.12;SELL
2016-03-12T01:33:39.597000;2016-03-12T01:33:39.647000;12afd81f-a357-4c4d-9e13-ee837eabeac1;420.68;0.56760512;SELL
2016-03-12T01:33:55.117000;2016-03-12T01:33:54.990000;0fdffcca-6089-46cf-9a28-36a9ae486e94;421.15;0.33;BUY
2016-03-12T01:33:55.117000;2016-03-12T01:33:54.990000;af9dbe9c-2b0b-4867-ad2a-6f10dbd70b2b;421.16;0.01;BUY
2016-03-12T01:33:55.117000;2016-03-12T01:33:54.990000;07167948-15ff-4cf4-bba0-dd89d7028fb2;421.17;3.719;BUY
2016-03-12T01:33:55.117000;2016-03-12T01:33:55.007000;48997d7e-2630-4299-8545-84a71394d30b;421.18;0.05;BUY
2016-03-12T01:33:55.117000;2016-03-12T01:33:55.007000;23711871-78d3-476b-b7b2-2c27a7fd2236;421.19;0.01693701;BUY
2016-03-12T01:34:01.527000;2016-03-12T01:34:01.397000;5d196fea-89cf-4840-95b8-78538030d0f7;421.07;0.25;SELL
2016-03-12T01:34:01.527000;2016-03-12T01:34:01.413000;f061ea4b-91de-4ee0-9206-ac3fe977cb46;421.05;0.5362;SELL
2016-03-12T01:35:01.467000;2016-03-12T01:35:01.333000;978890a7-e151-4c9a-aa87-2117cd2ce8aa;421.11;0.02078773;BUY
2016-03-12T01:35:01.467000;2016-03-12T01:35:01.350000;bfeeda59-ccd9-44fe-8bd2-f9e8ec57fbcc;421.12;0.04974227;BUY
2016-03-12T01:35:31.950000;2016-03-12T01:35:31.970000;89a64533-5185-43a4-9888-b036c4c2d3b4;421.12;8.22812;BUY
2016-03-12T01:36:01.443000;2016-03-12T01:36:01.470000;30dd40dd-b01d-474b-a69c-d97ec030fddc;421.14;0.1354;BUY
2016-03-12T01:36:01.443000;2016-03-12T01:36:01.487000;1a2129a0-3ea5-453a-a8eb-29e47d21a4cd;421.15;0.21607;BUY
2016-03-12T01:36:31.427000;2016-03-12T01:36:31.457000;524ac91d-f436-4091-9fd6-6d31cfdd304c;421.06;0.25;SELL
2016-03-12T01:36:31.427000;2016-03-12T01:36:31.470000;142d5782-9fe1-446b-b3ae-1cbbfdc2c479;421.05;0.63909;SELL
2016-03-12T01:37:01.613000;2016-03-12T01:37:01.643000;1d699bd4-770f-4c5a-8ca5-7724a5e17b8c;421.05;0.01766;SELL
2016-03-12T01:37:31.423000;2016-03-12T01:37:31.457000;2670ed98-195f-4b78-bde5-fd1f2581676b;421.06;0.27422916;BUY
2016-03-12T01:37:31.433000;2016-03-12T01:37:31.470000;9287539d-2061-4647-af85-a15b2c9192f6;421.06;0.63293;BUY
2016-03-12T01:38:01.897000;2016-03-12T01:38:01.923000;e35a5ba5-87d3-4110-a9a5-d5fa261125dc;421.08;3.37691;BUY
2016-03-12T01:38:31.757000;2016-03-12T01:38:31.783000;0a91ff34-de56-4fee-ab59-0af53a2978ef;421.05;2.09242;SELL
2016-03-12T01:39:01.503000;2016-03-12T01:39:01.517000;c58a5bd1-1de8-490f-a9cb-d92c8759b85b;421.05;4.07463;SELL
2016-03-12T01:39:01.503000;2016-03-12T01:39:01.550000;17cef5e2-e696-4094-be55-17a87d366d61;421.04;0.020623;SELL
2016-03-12T01:39:01.503000;2016-03-12T01:39:01.550000;24dc1bf8-7271-4dad-b98e-5fadbdf542b7;421.03;0.039854;SELL
2016-03-12T01:39:01.503000;2016-03-12T01:39:01.550000;4c1f5874-8bb0-4b72-918b-cc4bc9281ca5;421.03;0.566;SELL
2016-03-12T01:39:01.503000;2016-03-12T01:39:01.550000;15ac5dab-f1ef-4445-b1d1-7298b87f5cde;421.02;0.0603823;SELL
2016-03-12T01:39:01.503000;2016-03-12T01:39:01.627000;09b7cb92-246c-4bf0-b6b7-bfe2decf2086;421.01;0.26;SELL
2016-03-12T01:39:01.503000;2016-03-12T01:39:01.627000;6e9fba5b-7e4d-49d2-b493-7f4be8fa1d93;421.0;0.13462797;SELL
2016-03-12T01:39:01.503000;2016-03-12T01:39:01.627000;fde0fdfc-56f5-49e8-a535-68b345d8a597;420.99;0.01;SELL
2016-03-12T01:39:01.503000;2016-03-12T01:39:01.627000;ecddbd6a-f681-4425-86c8-3d23f6877cd7;420.98;0.61;SELL
2016-03-12T01:39:01.503000;2016-03-12T01:39:01.627000;8ac556d2-ccc4-4a66-b06d-db0419c4d153;420.95;0.17;SELL
2016-03-12T01:39:01.503000;2016-03-12T01:39:01.627000;37ba6840-89e0-4196-afe1-ab071a74f12b;420.93;0.573;SELL
2016-03-12T01:39:01.503000;2016-03-12T01:39:01.627000;abf0ed8a-baa5-4f34-980f-7bc0ae0f6c9a;420.91;0.01;SELL
2016-03-12T01:39:01.503000;2016-03-12T01:39:01.627000;d01632ae-9728-4d9c-a198-4a1416575afc;420.88;0.606;SELL
2016-03-12T01:39:01.503000;2016-03-12T01:39:01.627000;ad6e5b34-e1a8-4e47-8acb-9c6f91a90f7a;420.83;0.579;SELL
2016-03-12T01:39:01.503000;2016-03-12T01:39:01.627000;af1b2a98-ebc7-4a4e-8856-595c03cfd908;420.81;0.2;SELL
2016-03-12T01:39:01.507000;2016-03-12T01:39:01.627000;f47a5393-db48-4bb9-92f7-efc4917385db;420.78;0.581;SELL
2016-03-12T01:39:01.507000;2016-03-12T01:39:01.627000;a79d1d2d-d182-465d-a339-224108dddad4;420.73;0.601;SELL
2016-03-12T01:39:01.507000;2016-03-12T01:39:01.627000;8d6a6115-cc64-4c60-8d1c-524b1509d3c4;420.68;0.616;SELL
2016-03-12T01:39:01.507000;2016-03-12T01:39:01.627000;1c0cda09-5222-41b7-b48c-9fd524c3f4a3;420.66;0.01;SELL
2016-03-12T01:39:01.507000;2016-03-12T01:39:01.627000;6fd1cc12-54a0-4d40-b6dc-0d2a66f9ddf2;420.63;0.19898273;SELL
2016-03-12T01:39:31.467000;2016-03-12T01:39:31.487000;142d81eb-a044-4298-ab91-53bbef901775;420.83;1.78905;BUY
2016-03-12T01:40:05.977000;2016-03-12T01:40:06.003000;037ec487-62a3-4ef3-9500-606c9f744dd0;420.84;0.25;SELL
2016-03-12T01:40:05.977000;2016-03-12T01:40:06.003000;f0cc0266-61a0-45d3-9312-2dc0811d34e6;420.84;7.09282;SELL
2016-03-12T01:40:05.977000;2016-03-12T01:40:06.017000;b80e564e-66f2-4cf7-81ce-b72758f72cad;420.84;0.01;SELL
2016-03-12T01:40:05.977000;2016-03-12T01:40:06.017000;172b76e8-e8fb-4bd6-a7a1-4250a4b4fe84;420.83;0.18203;SELL
2016-03-12T01:40:13.180000;2016-03-12T01:40:13.220000;4b7d905e-c10e-412f-b2cc-38331fcf949d;420.84;0.01306791;SELL
2016-03-12T01:40:32.213000;2016-03-12T01:40:32.237000;c2797c46-a437-46b8-a414-bbf5c6979ced;420.85;0.08542807;BUY
2016-03-12T01:40:32.213000;2016-03-12T01:40:32.237000;caac4f84-0dc6-4d3d-b61e-dfde3d25b34a;420.86;0.2498409;BUY
2016-03-12T01:40:32.217000;2016-03-12T01:40:32.253000;1d375589-6175-421c-8123-08a1aae3fbbd;420.88;0.0590794;BUY
2016-03-12T01:40:32.217000;2016-03-12T01:40:32.253000;5f5a3127-e69c-40ce-96c3-bdef4d6aef6a;420.89;0.13376485;BUY
2016-03-12T01:40:32.217000;2016-03-12T01:40:32.253000;71154472-2864-469a-a171-4094d6903ca9;420.92;0.109;BUY
2016-03-12T01:40:32.217000;2016-03-12T01:40:32.253000;be84e1d3-57fe-4428-aad2-794ce64d610c;420.97;5.75656678;BUY
2016-03-12T01:40:35.693000;2016-03-12T01:40:35.720000;70979871-cf34-4161-bd5e-f5f5d43b9afb;421.06;0.01;BUY
2016-03-12T01:40:35.693000;2016-03-12T01:40:35.720000;559a4a7c-6b6a-481e-b6d9-b05a9d43b500;421.07;0.05052158;BUY
2016-03-12T01:40:35.693000;2016-03-12T01:40:35.720000;20db61c5-915d-4148-905f-8850408a7144;421.11;0.93947842;BUY
2016-03-12T01:41:01.693000;2016-03-12T01:41:01.720000;428ca712-e3cc-4e77-988b-fd11fbf3f954;420.98;0.02445687;BUY
2016-03-12T01:41:01.693000;2016-03-12T01:41:01.753000;e4dd825d-76bb-4815-8854-879d3b1c6e13;420.99;0.02258313;BUY
2016-03-12T01:41:31.547000;2016-03-12T01:41:31.563000;5976e3b1-2d5e-4a05-9d92-401c277e35bf;420.99;0.070166;BUY
2016-03-12T01:41:31.547000;2016-03-12T01:41:31.563000;20b81afe-197e-4439-a524-eb4f9383879b;420.99;0.08;BUY
2016-03-12T01:41:31.547000;2016-03-12T01:41:31.563000;688cb657-8348-4e78-9820-4f86dec21a70;421.0;0.014474;BUY
2016-03-12T01:42:01.723000;2016-03-12T01:42:01.753000;08f5bf86-cf2e-44fb-9008-92b2e6cb13db;420.95;0.02636;SELL
2016-03-12T01:42:31.433000;2016-03-12T01:42:31.440000;69b19311-5112-4df3-a5cd-7392df88c7e3;421.04;0.060408;BUY
2016-03-12T01:42:31.433000;2016-03-12T01:42:31.457000;0b1552fb-106e-473e-b927-47b234636b05;421.05;0.13601439;BUY
2016-03-12T01:42:31.433000;2016-03-12T01:42:31.457000;fa93da8d-c279-4e58-b49b-26ac1686d372;421.06;0.221148;BUY
2016-03-12T01:42:31.433000;2016-03-12T01:42:31.457000;99fb13b9-90a6-4583-bfe5-e73b6ae3d36b;421.12;0.18133961;BUY
2016-03-12T01:42:35.763000;2016-03-12T01:42:35.767000;097a719b-9e85-4773-9214-acfd343651b6;421.12;0.98747521;BUY
2016-03-12T01:43:01.367000;2016-03-12T01:43:01.377000;88278c06-0a69-446f-8837-7a5ecf52c153;421.04;0.25;SELL
2016-03-12T01:43:01.367000;2016-03-12T01:43:01.393000;0a4aa9c3-9fcd-4531-beb6-d8d459eb859b;421.03;0.5;SELL
2016-03-12T01:43:01.367000;2016-03-12T01:43:01.393000;2970e735-1397-4163-821e-c3358e0d9bb2;421.02;0.05;SELL
2016-03-12T01:43:01.367000;2016-03-12T01:43:01.393000;5ffc193d-5050-41ee-8e2b-521e3b207572;420.98;1.75298;SELL
2016-03-12T01:43:06.190000;2016-03-12T01:43:06.207000;f00d9b8e-b858-4276-b536-77d568825907;421.12;0.16;BUY
2016-03-12T01:43:10.643000;2016-03-12T01:43:10.660000;80c880c7-d593-49c9-bb86-5257e0afd41e;421.03;0.04741449;SELL
2016-03-12T01:43:42.743000;2016-03-12T01:43:42.753000;f7255ce6-607a-4974-965d-ba35c5081fb5;421.12;0.01299409;BUY
2016-03-12T01:44:00.597000;2016-03-12T01:44:00.597000;b63bd9bb-e377-45fb-8e0f-a918b92f7c23;421.04;0.25;SELL
2016-03-12T01:44:00.597000;2016-03-12T01:44:00.627000;9be10c83-647e-4ef4-92c2-3e83b1b38da0;421.04;0.05;SELL
2016-03-12T01:44:00.597000;2016-03-12T01:44:00.627000;9f786112-fed3-4e7a-9a1b-e5b8144f0934;421.04;0.09;SELL
2016-03-12T01:44:00.597000;2016-03-12T01:44:00.660000;91e2bbe0-275f-409f-a43c-eb1b71bae60c;421.03;0.0991674;SELL
2016-03-12T01:44:00.597000;2016-03-12T01:44:00.673000;6b8c908e-5dff-461a-985e-ec6f54f95714;421.02;0.02602;SELL
2016-03-12T01:44:00.597000;2016-03-12T01:44:00.673000;47728116-ac57-4a70-948f-5fa3a97abc16;421.01;0.0914183;SELL
2016-03-12T01:44:00.597000;2016-03-12T01:44:00.673000;5dbe4f57-04e0-4f9f-90ae-3545fca5b661;421.0;0.064971;SELL
2016-03-12T01:44:00.597000;2016-03-12T01:44:00.673000;71047764-dc97-4d5f-a8e9-decfb66279c4;420.99;0.109;SELL
2016-03-12T01:44:00.597000;2016-03-12T01:44:00.673000;d97072ba-0b19-4908-97b3-9617f5abb5e5;420.98;0.09763;SELL
2016-03-12T01:44:00.597000;2016-03-12T01:44:00.690000;e8cd8418-06e8-432f-be12-92db54b8a6ee;420.96;0.10926851;SELL
2016-03-12T01:44:03.863000;2016-03-12T01:44:03.877000;f5ed87ef-ac92-4f11-a33f-fdd6e2b5ee53;420.98;0.01;SELL
2016-03-12T01:44:03.863000;2016-03-12T01:44:03.877000;ef157fa9-daba-4ce8-a27e-1ce2d59bd73e;420.98;0.05;SELL
2016-03-12T01:44:03.863000;2016-03-12T01:44:03.877000;4055c1cc-8604-42b5-beed-2d9048ddda9a;420.97;0.25;SELL
