time_exchange;time_coinpai;guid;price;base_amount;taker_side
2016-02-14T00:00:02.263000;2016-02-14T00:00:02.297000;7464931b-c812-4a68-8ecc-b3e3cf808160;391.0;0.44579;BUY
2016-02-14T00:00:32.410000;2016-02-14T00:00:32.437000;b19dc0ce-73cc-4b6b-a6d0-ffd7ef04e879;391.0;1.86884;BUY
2016-02-14T00:01:03.427000;2016-02-14T00:01:03.453000;1c6b42ca-2dd0-4239-9fec-be3df308c554;391.0;2.052;BUY
2016-02-14T00:01:03.427000;2016-02-14T00:01:03.470000;6f1fdcb8-9af6-4beb-b3ba-edf7c83c0550;391.0;1.6159;BUY
2016-02-14T00:01:32.397000;2016-02-14T00:01:32.423000;5d2f2d09-549b-4d72-a117-01de96bd4349;391.0;0.38262;BUY
2016-02-14T00:02:19.473000;2016-02-14T00:02:19.500000;a7eba92c-9e60-445d-89be-cd828cb5d06f;391.0;0.1;BUY
2016-02-14T00:02:32.163000;2016-02-14T00:02:32.187000;43d95de9-db84-47c0-b2f1-01d26bd5acdf;391.01;0.00996;BUY
2016-02-14T00:02:32.163000;2016-02-14T00:02:32.187000;f6bcc70c-35b9-4cb8-8484-3afa50b81fa2;391.01;0.01;BUY
2016-02-14T00:02:32.163000;2016-02-14T00:02:32.220000;4b67399a-e9f6-4206-8d4b-ffd8a5093110;391.01;0.01;BUY
2016-02-14T00:02:32.163000;2016-02-14T00:02:32.220000;a2c10fab-8987-4731-a15b-17bcbc4a8f48;391.02;0.01;BUY
2016-02-14T00:02:32.163000;2016-02-14T00:02:32.220000;3932c0f5-ef28-4775-b947-1039cb380735;391.02;0.01;BUY
2016-02-14T00:02:32.163000;2016-02-14T00:02:32.220000;5bdfc161-150b-4d3b-a4aa-d96f9d5686e0;391.03;0.01;BUY
2016-02-14T00:02:32.163000;2016-02-14T00:02:32.220000;bf3c8b3e-60c6-465e-8ad1-628d0b18203d;391.03;0.01;BUY
2016-02-14T00:02:32.163000;2016-02-14T00:02:32.220000;cfe1702f-4096-42ef-a2d1-8751a747a959;391.03;0.01;BUY
2016-02-14T00:02:32.163000;2016-02-14T00:02:32.220000;17632964-6f89-4a33-a9a8-3f0e80d32958;391.05;0.01;BUY
2016-02-14T00:02:32.163000;2016-02-14T00:02:32.233000;103dbee5-44fe-49c9-8049-9dd901a8be98;391.06;0.01;BUY
2016-02-14T00:02:32.163000;2016-02-14T00:02:32.233000;641c84c5-40c8-4154-bc57-d0e7547ce061;391.06;0.02;BUY
2016-02-14T00:02:32.163000;2016-02-14T00:02:32.233000;da500cc0-f42a-4c8e-9ee9-385b6fbad925;391.07;0.01;BUY
2016-02-14T00:02:32.163000;2016-02-14T00:02:32.233000;f774e6e6-806c-4537-acce-6672cc108ea7;391.08;0.01;BUY
2016-02-14T00:02:32.163000;2016-02-14T00:02:32.250000;5bf0794d-68a1-486e-8d96-8a0243c19664;391.09;0.01;BUY
2016-02-14T00:02:32.163000;2016-02-14T00:02:32.250000;5214db99-0464-4e5c-a940-b2d12c75f7c4;391.1;0.01;BUY
2016-02-14T00:02:32.163000;2016-02-14T00:02:32.250000;d941c4cb-a32d-4eaa-b361-32176c81416a;391.1;0.38;BUY
2016-02-14T00:02:32.163000;2016-02-14T00:02:32.267000;fc5bb6e9-d887-4a70-afe1-f83863b50e84;391.11;0.01;BUY
2016-02-14T00:02:32.163000;2016-02-14T00:02:32.267000;4f172e11-4b3a-4181-a952-8986a750fe93;391.11;0.095;BUY
2016-02-14T00:02:32.167000;2016-02-14T00:02:32.267000;4a7c65b2-f929-4140-b780-9751352f37c3;391.11;0.76;BUY
2016-02-14T00:02:32.167000;2016-02-14T00:02:32.267000;bd1cf238-b203-41eb-8d5a-7441c40088dc;391.12;0.01;BUY
2016-02-14T00:02:32.167000;2016-02-14T00:02:32.267000;5cdf088c-8e09-4a39-8eaa-ceabb0005728;391.12;0.01433;BUY
2016-02-14T00:02:50.450000;2016-02-14T00:02:50.470000;bd0a4555-878f-4ac4-b671-069525cb2f8f;391.13;0.01;BUY
2016-02-14T00:02:50.450000;2016-02-14T00:02:50.483000;f04303a8-664d-4fbe-9ab7-0e1cfacc70d4;391.15;0.01;BUY
2016-02-14T00:02:50.450000;2016-02-14T00:02:50.483000;e5814f14-c2d3-4752-af9f-d6db8d6dee38;391.16;0.01;BUY
2016-02-14T00:02:50.450000;2016-02-14T00:02:50.483000;41b9c0a8-6536-4da3-9d1f-df6d114934bb;391.18;0.01;BUY
2016-02-14T00:02:50.450000;2016-02-14T00:02:50.517000;0134475b-7cc8-425d-9595-898ddd88242e;391.18;0.01;BUY
2016-02-14T00:02:50.450000;2016-02-14T00:02:50.517000;6717bbea-f47d-4a55-88b2-f0c0f26df4a8;391.2;0.01;BUY
2016-02-14T00:02:50.450000;2016-02-14T00:02:50.517000;f575a904-6243-4c3a-bfd9-9b276e5098f2;391.2;0.01;BUY
2016-02-14T00:02:50.450000;2016-02-14T00:02:50.517000;27bc753d-0308-4e1b-9d0a-9d1397f884e3;391.2;0.112;BUY
2016-02-14T00:02:50.450000;2016-02-14T00:02:50.517000;20ce1f29-7c37-4308-922e-16145cd18381;391.21;0.0105;BUY
2016-02-14T00:02:50.450000;2016-02-14T00:02:50.517000;707f16e0-465f-4665-a759-f0397faeba4d;391.22;0.01;BUY
2016-02-14T00:02:50.453000;2016-02-14T00:02:50.517000;89ec410a-314d-4b4e-a368-a4d210706ddb;391.24;0.01;BUY
2016-02-14T00:02:50.453000;2016-02-14T00:02:50.530000;5eaa20bd-98b9-424e-92b6-d5b2d3091907;391.25;0.115;BUY
2016-02-14T00:02:50.453000;2016-02-14T00:02:50.530000;89c05c34-3554-468f-9435-91ace67b71a7;391.29;0.01;BUY
2016-02-14T00:02:50.453000;2016-02-14T00:02:50.530000;60ec9050-350b-48c7-bec2-1baa0e868148;391.3;0.01;BUY
2016-02-14T00:02:50.453000;2016-02-14T00:02:50.530000;bc18b150-1a1e-4e0e-be45-e39f643fa9d5;391.3;0.107;BUY
2016-02-14T00:02:50.453000;2016-02-14T00:02:50.530000;167754e5-d279-4946-bde7-2acb1d3f9723;391.3;5.5455;BUY
2016-02-14T00:02:54.233000;2016-02-14T00:02:54.267000;9a77eaec-a824-41e6-8784-4dc769b9d3c4;391.3;0.03188;BUY
2016-02-14T00:02:54.233000;2016-02-14T00:02:54.267000;08d20a13-32f0-4a2c-a19a-b95731d52756;391.36;0.083;BUY
2016-02-14T00:02:54.233000;2016-02-14T00:02:54.280000;57a300ee-aabe-453b-8702-d528b3c294cb;391.39;0.01;BUY
2016-02-14T00:02:54.233000;2016-02-14T00:02:54.280000;de344e61-e915-43d8-9084-c4b324f2571a;391.41;0.091;BUY
2016-02-14T00:02:54.233000;2016-02-14T00:02:54.280000;5c9b57d1-8b63-41e9-9b8c-9bcc13524637;391.48;0.08412;BUY
2016-02-14T00:02:55.157000;2016-02-14T00:02:55.187000;22c4fc2c-943a-4c9f-9ad2-36cdc27279f5;391.4;0.125;BUY
2016-02-14T00:02:55.157000;2016-02-14T00:02:55.187000;d0d7ee98-739a-4d47-bde6-9f2866c93c0b;391.49;4.18;BUY
2016-02-14T00:02:55.157000;2016-02-14T00:02:55.187000;55c3c8f3-052d-4358-ba8a-71c3386fb187;391.5;0.01;BUY
2016-02-14T00:02:55.157000;2016-02-14T00:02:55.187000;aa98bf48-389c-452a-9873-0734a9ea3b72;391.5;0.21216;BUY
2016-02-14T00:02:55.157000;2016-02-14T00:02:55.220000;7dd80215-75be-4d39-85e2-ea1a99ed18cb;391.5;2.155;BUY
2016-02-14T00:02:55.157000;2016-02-14T00:02:55.220000;516e7b9a-0b49-41a2-a8c7-b43b9a2072f5;391.5;2.09;BUY
2016-02-14T00:02:55.157000;2016-02-14T00:02:55.220000;cf2a53d4-8f7a-40c6-9d84-51bcdf18b91f;391.51;1.957;BUY
2016-02-14T00:02:55.157000;2016-02-14T00:02:55.220000;adfa32bc-8101-4123-a617-4e35614e516a;391.53;2.28;BUY
2016-02-14T00:02:55.157000;2016-02-14T00:02:55.220000;fef64c9b-efe4-4f0d-826b-74a2b668424a;391.55;2.17;BUY
2016-02-14T00:02:55.160000;2016-02-14T00:02:55.220000;c92a7880-2f4c-4786-815d-c6e6261b5e72;391.57;0.01;BUY
2016-02-14T00:02:55.160000;2016-02-14T00:02:55.233000;1fc83111-bd8a-4b13-9e36-47360da2f13b;391.59;0.95;BUY
2016-02-14T00:02:55.160000;2016-02-14T00:02:55.233000;22a0887a-6909-476b-a123-5417fb228088;391.6;2.157;BUY
2016-02-14T00:02:55.160000;2016-02-14T00:02:55.233000;34b8050b-dfe7-44aa-b873-3d1bcb9304a3;391.61;1.33;BUY
2016-02-14T00:02:55.160000;2016-02-14T00:02:55.233000;b56540ad-0ec4-426f-b0be-a98099145336;391.62;1.927;BUY
2016-02-14T00:02:55.160000;2016-02-14T00:02:55.233000;835f91ca-c66c-471b-978a-64e95e38ea2b;391.65;2.182;BUY
2016-02-14T00:02:55.160000;2016-02-14T00:02:55.233000;68f787a6-24c0-4f53-a75a-3f2ed501a8eb;391.67;1.52;BUY
2016-02-14T00:02:55.160000;2016-02-14T00:02:55.233000;ee2d352d-474f-4c21-b10e-d1972139b459;391.68;0.02709238;BUY
2016-02-14T00:02:55.160000;2016-02-14T00:02:55.233000;f1fe7ff8-55cb-4f9d-a25f-faaefdd10e2e;391.69;1.52;BUY
2016-02-14T00:02:55.160000;2016-02-14T00:02:55.233000;c82500ff-da25-4d77-8afe-ad412113e3bd;391.7;0.01;BUY
2016-02-14T00:02:55.160000;2016-02-14T00:02:55.233000;d19c05e5-a7cc-4ebf-a98b-5dd6c7ab96c1;391.7;2.162;BUY
2016-02-14T00:02:55.160000;2016-02-14T00:02:55.267000;df468527-a9be-4c67-bb4e-824ef65f92cb;391.73;1.02574762;BUY
2016-02-14T00:03:31.820000;2016-02-14T00:03:31.843000;a8c19a88-6490-4bf4-bacf-e11024fae539;391.65;0.07847;SELL
2016-02-14T00:04:01.907000;2016-02-14T00:04:01.937000;0451c806-c3da-424e-9e85-19b7ebed79e8;391.86;1.051;BUY
2016-02-14T00:04:01.907000;2016-02-14T00:04:01.937000;11404289-fa5c-49c5-bb82-3b303ea84de9;391.88;1.937;BUY
2016-02-14T00:04:01.907000;2016-02-14T00:04:01.937000;1c29bb8e-6a7d-474a-b149-67483e820fe8;391.94;0.0122;BUY
2016-02-14T00:04:18.370000;2016-02-14T00:04:18.390000;1400d195-ffa2-42c2-b3c7-eab36227e40f;391.99;0.02;BUY
2016-02-14T00:04:18.370000;2016-02-14T00:04:18.423000;de4c086c-4d4b-459d-9022-0ddfc4e69b6e;392.0;0.01002;BUY
2016-02-14T00:04:18.370000;2016-02-14T00:04:18.423000;db286ab7-1d76-4eb7-9715-99808e640a04;392.01;0.098;BUY
2016-02-14T00:04:18.373000;2016-02-14T00:04:18.423000;b282d1cd-7e97-4c8b-a69f-f57198c82328;392.04;0.097;BUY
2016-02-14T00:04:18.373000;2016-02-14T00:04:18.423000;236e9be3-4c1c-4407-a2d3-a785b04d024e;392.09;0.088;BUY
2016-02-14T00:04:18.373000;2016-02-14T00:04:18.423000;0d841b34-5da3-4a5f-a8ff-4160d36f9bff;392.1;0.5;BUY
2016-02-14T00:04:18.373000;2016-02-14T00:04:18.423000;e85f9ebb-f084-42e0-a08c-1fa1f7572221;392.14;0.076;BUY
2016-02-14T00:04:18.373000;2016-02-14T00:04:18.437000;8edb77f4-6557-4546-90da-1fcb0a3bff60;392.18;2.15;BUY
2016-02-14T00:04:18.373000;2016-02-14T00:04:18.437000;782c37b2-4af3-4cef-a978-6148107a52ef;392.19;0.37792991;BUY
2016-02-14T00:04:18.373000;2016-02-14T00:04:18.437000;4362f43f-6241-4869-ba33-731183f43171;392.19;0.091;BUY
2016-02-14T00:04:18.373000;2016-02-14T00:04:18.437000;38ac14d0-8f14-4522-b90c-37b62c78fef7;392.21;0.0105;BUY
2016-02-14T00:04:18.373000;2016-02-14T00:04:18.437000;b38ecc6b-ceba-4db4-b6cd-0e029d249443;392.28;1.948;BUY
2016-02-14T00:04:18.373000;2016-02-14T00:04:18.437000;74eef9e1-2352-410d-8f13-7f0ab61793f4;392.29;1.71542214;BUY
2016-02-14T00:04:21.837000;2016-02-14T00:04:21.860000;4b024716-3b08-4f2c-b06a-f2e422516a4b;392.04;0.01;SELL
2016-02-14T00:04:21.837000;2016-02-14T00:04:21.877000;ffa81ad2-7561-4af1-b9af-bdf0f18f34eb;392.03;7.57749;SELL
2016-02-14T00:04:21.837000;2016-02-14T00:04:21.877000;7164e2d5-b774-4249-bcca-b61c9bb7faa3;392.03;1.114;SELL
2016-02-14T00:04:31.847000;2016-02-14T00:04:31.860000;427bbe5c-5ebb-4ff0-9ec9-919145faeaf4;392.28;0.01;BUY
2016-02-14T00:04:31.847000;2016-02-14T00:04:31.877000;58c69ce3-4d3f-4960-9d6a-528e7a04edea;392.29;0.0445;BUY
2016-02-14T00:04:31.847000;2016-02-14T00:04:31.877000;f2b327b3-f409-4f3e-8e0b-945884d2fec2;392.29;0.076;BUY
2016-02-14T00:04:31.847000;2016-02-14T00:04:31.877000;329fa80c-65c6-480b-87d1-e33ddb80e3f2;392.34;0.106;BUY
2016-02-14T00:04:31.847000;2016-02-14T00:04:31.877000;f78a5cee-dbb7-44f9-9803-17f2059a8aaf;392.38;0.01653;BUY
2016-02-14T00:04:32.023000;2016-02-14T00:04:32.063000;eaded2d9-f794-498e-871a-88ec790c7fe4;392.18;0.01;SELL
2016-02-14T00:04:32.023000;2016-02-14T00:04:32.063000;c3477a65-0b62-40b8-a57c-aefeeb9b7fec;392.18;0.88;SELL
2016-02-14T00:04:32.023000;2016-02-14T00:04:32.063000;22c691c4-72fc-43c5-a89c-d49eda3f1604;392.17;0.148;SELL
2016-02-14T00:04:32.810000;2016-02-14T00:04:32.827000;d9722307-beb5-4940-a72c-6788295daf4b;392.37;0.01;BUY
2016-02-14T00:04:32.810000;2016-02-14T00:04:32.843000;1a2e27c7-9427-4518-8376-6c6ade17564c;392.39;0.111;BUY
2016-02-14T00:04:32.810000;2016-02-14T00:04:32.843000;0bd2c8d7-13b5-4734-be5d-a7e560b258af;392.43;0.097;BUY
2016-02-14T00:04:32.810000;2016-02-14T00:04:32.843000;30a1bfb2-705f-4b24-8ff7-cc55166fc8ed;392.46;0.982;BUY
2016-02-14T00:04:40.180000;2016-02-14T00:04:40.220000;c2d9d34a-a38c-480f-a483-3935b100318b;392.45;0.36;BUY
2016-02-14T00:04:41.883000;2016-02-14T00:04:41.907000;25eb37c2-629d-4750-9b1a-6a98472b093a;392.32;0.01;SELL
2016-02-14T00:04:41.887000;2016-02-14T00:04:41.923000;6b3f3150-9480-4bf2-ad94-c8932956312d;392.31;0.01;SELL
2016-02-14T00:04:41.887000;2016-02-14T00:04:41.923000;77981fda-22c5-4eb8-a1c4-f81db5148583;392.3;1.0915;SELL
2016-02-14T00:04:41.887000;2016-02-14T00:04:41.923000;38d21ce8-fac1-4ed4-b086-7c9eb1dfd398;392.3;0.56;SELL
2016-02-14T00:04:45.680000;2016-02-14T00:04:45.703000;44880de1-c6f8-40a3-b5be-a5ad0415257b;392.4;1.236;BUY
2016-02-14T00:04:45.680000;2016-02-14T00:04:45.703000;3bc09de7-97ca-4f55-a74e-c18fbc108de0;392.41;0.764;BUY
2016-02-14T00:04:51.910000;2016-02-14T00:04:51.937000;a91322d2-f00a-45a2-893b-283b0cfb037e;392.38;1.52;SELL
2016-02-14T00:04:52.490000;2016-02-14T00:04:52.517000;f3e7a9f5-4165-491f-a324-e68125835223;392.41;0.019;SELL
2016-02-14T00:04:52.593000;2016-02-14T00:04:52.627000;2db241af-5cc3-4314-9237-fe52db386e8e;392.41;0.55326863;BUY
2016-02-14T00:04:56.887000;2016-02-14T00:04:56.923000;a67347e7-eeab-4d43-8234-2401571f84ea;392.44;1.19;SELL
2016-02-14T00:05:02.153000;2016-02-14T00:05:02.173000;97e5bf68-238f-4950-8e7b-6ae9001d6938;392.49;0.01;BUY
2016-02-14T00:05:02.153000;2016-02-14T00:05:02.203000;39ec1ad9-fe69-4a5b-a0d0-5becf97f0762;392.5;0.21754775;BUY
2016-02-14T00:05:02.153000;2016-02-14T00:05:02.203000;d76ecde0-ec84-4e47-8ca8-ee2b08b2b3bf;392.5;0.01;BUY
2016-02-14T00:05:02.153000;2016-02-14T00:05:02.203000;c334992f-6db9-459a-8137-9e0ec6bd883f;392.52;0.01;BUY
2016-02-14T00:05:02.153000;2016-02-14T00:05:02.203000;c48a4796-e88d-4158-9cd9-b221169dafe7;392.54;0.096;BUY
2016-02-14T00:05:02.153000;2016-02-14T00:05:02.203000;8b2320e3-42b6-4d8e-bb98-fd36d60be147;392.57;0.16623225;BUY
2016-02-14T00:05:30.397000;2016-02-14T00:05:30.407000;00b80069-5b03-49b7-8522-bab5013297f0;392.57;0.1;BUY
2016-02-14T00:05:32.680000;2016-02-14T00:05:32.720000;4a4e70d0-9d5a-4dd6-a63a-d5942c94010b;392.57;0.06076775;BUY
2016-02-14T00:05:32.680000;2016-02-14T00:05:32.720000;cac0ac94-d90d-4047-aec9-c5f8eacfc689;392.61;0.019;BUY
2016-02-14T00:05:32.680000;2016-02-14T00:05:32.720000;83cd0b4a-396e-4c19-93db-e5164e2aadba;393.0;1.0;BUY
2016-02-14T00:05:32.680000;2016-02-14T00:05:32.720000;0b7c65e7-58b3-4c46-8b56-0666a299e5b3;393.0;0.01003;BUY
2016-02-14T00:05:32.683000;2016-02-14T00:05:32.720000;f8b1d8b2-9d05-452b-9c62-4a2d583910da;393.0;0.25;BUY
2016-02-14T00:05:32.683000;2016-02-14T00:05:32.720000;1c7c52ba-4ac2-45d2-9296-36e8088be9bc;393.05;0.106;BUY
2016-02-14T00:05:32.683000;2016-02-14T00:05:32.750000;5855b83d-170a-4c81-a653-7594af64a73a;393.1;0.073;BUY
2016-02-14T00:05:32.683000;2016-02-14T00:05:32.750000;bdb8e421-c0f9-40bc-a737-5bd1bb0f20e9;393.21;0.0105;BUY
2016-02-14T00:05:32.683000;2016-02-14T00:05:32.750000;f5b84ac1-6512-4b51-8446-c3c86586f024;393.28;0.302;BUY
2016-02-14T00:05:32.683000;2016-02-14T00:05:32.750000;9d9bfb8a-6eec-4a16-8583-edee6279a747;393.29;0.6;BUY
2016-02-14T00:05:32.683000;2016-02-14T00:05:32.750000;f7f40fa0-9720-41c8-80bc-cfb92e951867;393.3;1.0;BUY
2016-02-14T00:05:32.683000;2016-02-14T00:05:32.750000;a4d4fa2b-655a-4fee-ba65-d48fdb5893df;393.4;0.01;BUY
2016-02-14T00:05:32.683000;2016-02-14T00:05:32.750000;87ffdfd6-a09f-461d-9ac0-dc9234fc67ea;393.41;0.01;BUY
2016-02-14T00:05:32.683000;2016-02-14T00:05:32.767000;288ba5e9-38c2-4ffc-b325-49de47436dcd;393.42;0.01;BUY
2016-02-14T00:05:32.683000;2016-02-14T00:05:32.767000;3fe13454-36f2-4c6e-b384-f588187a0716;393.43;0.01;BUY
2016-02-14T00:05:32.683000;2016-02-14T00:05:32.767000;13cd534c-5292-416d-a349-d4a9ecd58a24;393.43;0.01;BUY
2016-02-14T00:05:32.683000;2016-02-14T00:05:32.767000;033966c7-4533-4b6b-b400-19fa068f0a55;393.5;0.21754775;BUY
2016-02-14T00:05:32.683000;2016-02-14T00:05:32.767000;94a073fc-363a-46dd-8da1-10f6e664bc1b;393.96;2.0;BUY
2016-02-14T00:05:32.683000;2016-02-14T00:05:32.767000;f40056f4-c011-4f86-9e05-91479ac485f6;393.99;9.5;BUY
2016-02-14T00:05:32.683000;2016-02-14T00:05:32.767000;7e622eab-7635-44ac-9866-cd77f42498dc;394.0;0.01003;BUY
2016-02-14T00:05:32.683000;2016-02-14T00:05:32.767000;f437e5ed-14ae-4c7e-8b6d-2a82f1fccf9e;394.06;4.0;BUY
2016-02-14T00:05:32.683000;2016-02-14T00:05:32.780000;a09c060f-7fa9-4467-80e4-96dc71417e00;394.07;4.5871445;BUY
2016-02-14T00:05:37.063000;2016-02-14T00:05:37.077000;a2f72bad-1491-42bf-a825-79bf4da2f9d8;393.01;1.969;SELL
2016-02-14T00:05:37.063000;2016-02-14T00:05:37.093000;88d71197-054a-4e4e-936f-395a3705eb7a;393.01;1.40129233;SELL
2016-02-14T00:05:43.037000;2016-02-14T00:05:43.063000;3373e769-2641-4249-a493-afd1c520f856;394.07;0.1;BUY
2016-02-14T00:06:02.073000;2016-02-14T00:06:02.093000;a091b7c8-e925-44d3-be4d-981c7b9b47e0;394.06;0.03510235;SELL
2016-02-14T00:06:02.280000;2016-02-14T00:06:02.297000;826bf8af-7137-45f0-ae25-2ee62f834f69;394.07;1.113;BUY
2016-02-14T00:06:02.280000;2016-02-14T00:06:02.313000;8b47f9d4-6b60-41d4-b59d-8f8466847df2;394.07;2.31;BUY
2016-02-14T00:06:02.280000;2016-02-14T00:06:02.313000;d5f9c25e-b1ab-4242-beae-4ff73c489e68;394.11;2.085;BUY
2016-02-14T00:06:02.280000;2016-02-14T00:06:02.313000;b48f447a-991c-40d5-95b6-c08205c8d602;394.12;1.102;BUY
2016-02-14T00:06:02.280000;2016-02-14T00:06:02.313000;2fd1f218-b29d-4737-bc69-80d5efae58e0;394.17;1.16;BUY
2016-02-14T00:06:02.280000;2016-02-14T00:06:02.313000;968fc83a-4552-4641-944a-fdc278ee9591;394.2;1.962;BUY
2016-02-14T00:06:02.280000;2016-02-14T00:06:02.313000;4c3afa18-71bc-4c02-a42d-156ec29b5974;394.21;0.0105;BUY
2016-02-14T00:06:02.280000;2016-02-14T00:06:02.313000;f69d229e-e40a-40ea-8bc0-b55421a5d484;394.22;1.146;BUY
2016-02-14T00:06:02.280000;2016-02-14T00:06:02.327000;cf84f54a-bcbd-429f-b18e-c39861ca6589;394.27;1.166;BUY
2016-02-14T00:06:02.283000;2016-02-14T00:06:02.327000;1ca3b782-f9c5-476f-96f3-1de9b76456e5;394.29;0.1992;BUY
2016-02-14T00:06:05.907000;2016-02-14T00:06:05.923000;d9fb9487-5a16-4877-ba8f-8d8e3c253bd2;394.15;0.37698979;SELL
2016-02-14T00:06:23.123000;2016-02-14T00:06:23.140000;c7f7e0b5-0272-4b17-8bda-7af36552c08a;394.16;1.14;BUY
2016-02-14T00:06:23.123000;2016-02-14T00:06:23.157000;2af0dd30-15c5-4301-96d3-a5aefbb6a87b;394.16;1.06;BUY
2016-02-14T00:06:32.110000;2016-02-14T00:06:32.127000;8c77cbe5-fa98-4a6c-b5bc-0dcfc76b8668;394.17;2.452;BUY
2016-02-14T00:06:32.110000;2016-02-14T00:06:32.127000;a884554c-fc51-42ae-8adf-a8b42e808cf7;394.17;0.4195;BUY
2016-02-14T00:07:02.390000;2016-02-14T00:07:02.407000;fc132021-d51d-49b0-8e9f-084425c483cc;394.19;0.73919;BUY
2016-02-14T00:07:18.120000;2016-02-14T00:07:18.157000;d8d38a0b-3e63-45cb-b52e-494ead82da8d;394.18;0.25;SELL
2016-02-14T00:07:18.120000;2016-02-14T00:07:18.157000;5e3ea0a5-9fcb-4792-85ef-46591a98d94d;394.18;0.02;SELL
2016-02-14T00:07:18.120000;2016-02-14T00:07:18.157000;b754fece-744e-48bd-8a39-27f302885f8b;394.18;0.3;SELL
2016-02-14T00:07:18.120000;2016-02-14T00:07:18.157000;8e76cd43-158c-4391-bbe7-e05d8f4e684b;394.18;4.765;SELL
2016-02-14T00:07:23.157000;2016-02-14T00:07:23.173000;e9582887-682c-4ce9-9fea-828d8ff5cd9b;394.18;1.35;SELL
2016-02-14T00:07:23.670000;2016-02-14T00:07:23.687000;8d0a7e02-1ec3-4e4f-a21a-ad99db26c3ea;394.18;1.021;SELL
2016-02-14T00:07:25.413000;2016-02-14T00:07:25.423000;facc65ac-15cf-4ce1-a4c6-33a3faec9d47;394.18;0.329;SELL
2016-02-14T00:07:27.570000;2016-02-14T00:07:27.593000;0453de53-6e99-49d4-b6bc-3886608eac9c;394.15;0.01;SELL
2016-02-14T00:07:27.570000;2016-02-14T00:07:27.593000;35fde3ae-6e56-4cb0-a966-410dd4b6e2ca;394.14;0.01;SELL
2016-02-14T00:07:27.570000;2016-02-14T00:07:27.593000;0cd779bf-21c7-404a-938b-a952b51208a3;394.14;0.25;SELL
2016-02-14T00:07:27.570000;2016-02-14T00:07:27.593000;d5d3f54d-53ec-45fb-b2c1-05eb7b7bee3c;394.12;0.01;SELL
2016-02-14T00:07:29.873000;2016-02-14T00:07:29.890000;636e63ae-3fcb-4bf3-a257-ece7dfae2fab;394.12;0.01;SELL
2016-02-14T00:07:29.873000;2016-02-14T00:07:29.907000;a62fbfd7-4f96-4044-92f1-c3ce5ff1a0f5;394.12;0.25;SELL
2016-02-14T00:07:29.873000;2016-02-14T00:07:29.907000;2df43397-cb89-4c23-8099-ea70bf7ae928;394.11;0.01;SELL
2016-02-14T00:07:29.873000;2016-02-14T00:07:29.907000;c2e97ca5-bd74-4b9f-bfcd-5d6059bf31b7;394.11;0.37;SELL
2016-02-14T00:07:29.873000;2016-02-14T00:07:29.907000;7881091c-dceb-4211-8c14-01fbcf94e84f;394.1;0.01;SELL
2016-02-14T00:07:29.873000;2016-02-14T00:07:29.907000;f4ca03fa-3ea2-46ab-93df-27995c0cf0ce;394.1;3.793;SELL
2016-02-14T00:07:32.100000;2016-02-14T00:07:32.110000;ce9b9f7c-70c1-4c44-8419-e70617451b68;394.12;0.25;SELL
2016-02-14T00:07:32.100000;2016-02-14T00:07:32.110000;a68dd9a3-ee9a-47af-8e2e-c5f0047b747b;394.11;0.38;SELL
2016-02-14T00:07:32.100000;2016-02-14T00:07:32.127000;e8086d37-a1d1-4bc9-a5d6-b0ae192f0f5f;394.1;5.131;SELL
2016-02-14T00:07:32.310000;2016-02-14T00:07:32.327000;9c513794-3bc3-40e0-9b7d-a22f0bc4a251;394.13;0.16879;BUY
2016-02-14T00:07:34.480000;2016-02-14T00:07:34.500000;0cc98872-9771-4972-b338-e8e0308ba756;394.11;0.25;SELL
2016-02-14T00:07:34.480000;2016-02-14T00:07:34.500000;e0d5f5c5-2a58-479c-8f03-f7f9590be9b0;394.1;0.97;SELL
2016-02-14T00:07:34.480000;2016-02-14T00:07:34.500000;3fc26935-a7f1-4fd3-b23d-b5f23a12f508;394.08;0.01;SELL
2016-02-14T00:07:34.480000;2016-02-14T00:07:34.500000;82e2cba9-23f8-4f2c-9fa6-98f7c58b4e47;394.07;0.01;SELL
2016-02-14T00:07:34.480000;2016-02-14T00:07:34.500000;e885b0dd-a41c-49ef-87fc-d7f8931414e6;394.02;3.126;SELL
2016-02-14T00:07:36.683000;2016-02-14T00:07:36.687000;b97a0135-f4e9-4866-8a18-7341e3db2dcf;394.03;0.01;SELL
2016-02-14T00:07:36.683000;2016-02-14T00:07:36.703000;f8758802-c943-4cf4-ad3f-cb5184567f93;394.02;1.36;SELL
2016-02-14T00:07:36.683000;2016-02-14T00:07:36.703000;859cfa2c-7f90-48a1-8cab-c77ba8a83ca0;394.0;0.01;SELL
2016-02-14T00:07:36.683000;2016-02-14T00:07:36.703000;9821b8c5-7c71-4daf-9c84-f92b8ce0c3c6;394.0;0.0115;SELL
2016-02-14T00:07:36.683000;2016-02-14T00:07:36.703000;facd981b-080a-4241-a75f-9b2a0ef5f2e6;393.92;0.01;SELL
2016-02-14T00:07:36.683000;2016-02-14T00:07:36.703000;f2d30647-600f-4d9b-8eee-edfbc8fe995b;393.81;1.71;SELL
2016-02-14T00:07:38.907000;2016-02-14T00:07:38.937000;4bc5c7ae-56e8-4233-8b7a-f3cc4f0abbe0;394.03;0.25;SELL
2016-02-14T00:07:38.910000;2016-02-14T00:07:38.937000;80382bca-0071-40e1-bf39-b8c83e102ac3;394.02;1.36;SELL
2016-02-14T00:07:38.910000;2016-02-14T00:07:38.937000;72bb8eb3-86a8-4f5d-8019-cb25d86f1eeb;393.93;0.01;SELL
2016-02-14T00:07:38.910000;2016-02-14T00:07:38.937000;2ab5ba2f-5c3e-4ab6-8dd0-65ddb1679249;393.8;0.01;SELL
2016-02-14T00:07:38.910000;2016-02-14T00:07:38.937000;7174f783-495f-49f7-9c86-453b7a065f27;393.8;0.02;SELL
2016-02-14T00:07:38.910000;2016-02-14T00:07:38.937000;05771d42-5547-463a-bc85-68afac008de5;393.73;4.066;SELL
2016-02-14T00:07:42.340000;2016-02-14T00:07:42.360000;c815af53-1459-451c-bb99-3e7a702e741b;393.74;0.71;SELL
2016-02-14T00:07:44.513000;2016-02-14T00:07:44.517000;3e37f42f-1568-4c28-abe6-364966987161;393.71;2.0;BUY
2016-02-14T00:07:44.630000;2016-02-14T00:07:44.640000;dfee876c-9e01-4c88-a1b8-60d868402352;393.7;0.01;SELL
2016-02-14T00:07:44.630000;2016-02-14T00:07:44.657000;1c1386e8-0227-40f6-a531-267fb8e057bd;393.68;0.01;SELL
2016-02-14T00:07:44.630000;2016-02-14T00:07:44.657000;83e11cae-69f1-4aba-a923-ed7c7c566027;393.6;0.01;SELL
2016-02-14T00:07:46.910000;2016-02-14T00:07:46.937000;e503c648-6f84-4fe9-95bd-3cc3dba9b901;393.48;0.01;SELL
2016-02-14T00:07:46.910000;2016-02-14T00:07:46.937000;a6c58092-1d31-4d6a-8768-d5e5a3f4e86f;393.44;0.25;SELL
2016-02-14T00:07:46.910000;2016-02-14T00:07:46.937000;0ba8eefa-6392-4a83-a99f-67c15bba5ab1;393.42;0.01;SELL
2016-02-14T00:07:46.910000;2016-02-14T00:07:46.937000;2a3fb097-4002-4376-9357-2ba11aa31b9f;393.42;0.02;SELL
2016-02-14T00:07:49.157000;2016-02-14T00:07:49.173000;127694d6-f9eb-4f3c-9b69-f933562e63b1;393.4;0.01;SELL
2016-02-14T00:07:51.567000;2016-02-14T00:07:51.577000;1b7d40e0-a938-4534-a594-e3a335ceb807;393.37;0.01;SELL
2016-02-14T00:07:51.567000;2016-02-14T00:07:51.593000;b24ea5ee-8f02-4216-a68e-8466fc0f692e;393.34;0.01;SELL
2016-02-14T00:07:51.567000;2016-02-14T00:07:51.593000;969b2187-00e7-47d7-b9d6-c0cb6bd5a695;393.32;0.25;SELL
2016-02-14T00:07:51.567000;2016-02-14T00:07:51.593000;2b3e6014-8201-4959-996e-4de78d427854;393.31;0.74;SELL
2016-02-14T00:07:51.567000;2016-02-14T00:07:51.593000;a515da6b-0bf9-488f-ace7-9904b279379a;393.16;0.01;SELL
2016-02-14T00:07:51.567000;2016-02-14T00:07:51.593000;f5359782-a0fd-418a-8143-78c693b55616;393.13;0.018;SELL
2016-02-14T00:07:51.567000;2016-02-14T00:07:51.610000;34946f80-b5ad-4f12-8cdd-fa8915c705ea;393.13;0.018;SELL
2016-02-14T00:07:51.567000;2016-02-14T00:07:51.610000;1d93ab4b-589f-4c57-af3c-c38cd1675505;393.13;0.018;SELL
2016-02-14T00:07:51.567000;2016-02-14T00:07:51.610000;e01a9dac-d4ff-44d7-bd69-8d9000752b8d;393.12;0.018;SELL
2016-02-14T00:07:51.567000;2016-02-14T00:07:51.610000;26ca74c8-0569-411b-b3da-cf70c2234de4;393.11;0.018;SELL
2016-02-14T00:07:51.567000;2016-02-14T00:07:51.610000;cf44fb48-fa7d-4c3e-8dd5-a257c0e9a181;393.1;0.018;SELL
2016-02-14T00:07:51.567000;2016-02-14T00:07:51.640000;1849f79a-54b1-4d54-a416-b8483ec892dd;393.1;0.018;SELL
2016-02-14T00:07:51.567000;2016-02-14T00:07:51.640000;0cd7c0de-c084-4571-85a0-0f1740c6beba;393.1;0.018;SELL
2016-02-14T00:07:51.567000;2016-02-14T00:07:51.640000;24470bc1-e3ec-4a26-8843-3e9fdef319f5;393.09;0.019;SELL
2016-02-14T00:07:51.567000;2016-02-14T00:07:51.640000;0e944bae-e828-42ec-94bb-b657dea6e782;393.09;0.018;SELL
2016-02-14T00:07:51.570000;2016-02-14T00:07:51.640000;5dc2d79e-af8d-4194-8d15-2e8958159ee1;393.08;0.018;SELL
2016-02-14T00:07:51.570000;2016-02-14T00:07:51.640000;8d273f96-0d0a-48b5-a416-a329069116c2;393.08;0.018;SELL
2016-02-14T00:07:51.570000;2016-02-14T00:07:51.640000;7ef39cb9-558f-4f20-8baf-6cc7ba9757cb;393.07;0.019;SELL
2016-02-14T00:07:51.570000;2016-02-14T00:07:51.657000;fd4d3b74-6a46-421b-bd64-f03e97722567;393.07;0.018;SELL
2016-02-14T00:07:51.570000;2016-02-14T00:07:51.657000;bfb76d9d-1e6c-4d9c-ba35-248dfc331347;393.07;0.01;SELL
2016-02-14T00:07:51.570000;2016-02-14T00:07:51.657000;ebe84056-fec0-442f-820d-0012c57663f5;393.05;0.017;SELL
2016-02-14T00:07:51.570000;2016-02-14T00:07:51.657000;a31198ed-f2cb-4d0f-b7e2-4e5e1c6a6726;393.04;0.018;SELL
2016-02-14T00:07:51.570000;2016-02-14T00:07:51.673000;3c590deb-2a29-485b-8c27-9fdc242b273b;393.04;0.02;SELL
2016-02-14T00:07:51.570000;2016-02-14T00:07:51.673000;52d7bf71-3494-4e91-998f-c4f3105484a9;393.03;0.82111;SELL
2016-02-14T00:08:02.357000;2016-02-14T00:08:02.360000;b1ca604b-04f8-435d-9126-6635a78b5bf3;393.06;0.017;SELL
2016-02-14T00:08:02.357000;2016-02-14T00:08:02.377000;bda4457f-b0ff-4eaa-be4d-dd22789a562c;393.05;0.017;SELL
2016-02-14T00:08:02.357000;2016-02-14T00:08:02.377000;4aea07c4-1ed4-4fde-a5cb-6d25f90f56f9;393.05;0.1355;SELL
2016-02-14T00:08:12.580000;2016-02-14T00:08:12.593000;69a54d95-8f4c-4a57-b2eb-dfe92b35507f;393.05;0.1145;SELL
2016-02-14T00:08:12.580000;2016-02-14T00:08:12.593000;441d4e64-d1b2-4a5b-9f8d-b4010f1acb90;393.04;0.01;SELL
2016-02-14T00:08:12.580000;2016-02-14T00:08:12.610000;76e6e9d3-0b89-421e-b9fc-56dd54b7cd8c;393.04;0.017;SELL
2016-02-14T00:08:12.580000;2016-02-14T00:08:12.610000;b5cf9177-7fb4-4d40-b690-4f6ec2f99355;393.02;0.017;SELL
2016-02-14T00:08:12.580000;2016-02-14T00:08:12.610000;e015b720-b48a-4aa9-a321-1d6e2d303caf;393.02;0.56;SELL
2016-02-14T00:08:12.580000;2016-02-14T00:08:12.610000;dd6b74d4-9641-43b4-a909-454055e433d9;393.0;0.21679046;SELL
2016-02-14T00:08:12.580000;2016-02-14T00:08:12.610000;21e16b0b-8559-4efe-9b37-3d2ba4911e50;393.0;0.017;SELL
2016-02-14T00:08:12.580000;2016-02-14T00:08:12.627000;715c6647-b714-4f34-8350-6c309beaa65e;393.0;0.01;SELL
2016-02-14T00:08:12.580000;2016-02-14T00:08:12.627000;4df3b19d-4dfa-46ca-88c8-d9722eb643ce;392.93;0.01;SELL
2016-02-14T00:08:12.580000;2016-02-14T00:08:12.627000;f03f7718-1c05-484b-a2f1-ff0cc0abc222;392.8;0.01;SELL
2016-02-14T00:08:12.580000;2016-02-14T00:08:12.627000;753bd3ff-cb3e-44ec-8685-841ebb45c83e;392.71;0.01;SELL
2016-02-14T00:08:12.580000;2016-02-14T00:08:12.627000;49ce06e0-40ba-4432-b1f1-12f7a1b88f3e;392.66;0.02;SELL
2016-02-14T00:08:12.580000;2016-02-14T00:08:12.640000;907c7f4e-2452-42fd-bb39-6c5f716daca2;392.61;0.096;SELL
2016-02-14T00:08:12.580000;2016-02-14T00:08:12.640000;6191e34c-072e-4f2f-b871-ec8eef31e62f;392.59;0.32687914;SELL
2016-02-14T00:08:27.017000;2016-02-14T00:08:27.017000;9e9ed82b-fb0a-443e-ac94-a920d3f27d77;392.61;0.03;BUY
2016-02-14T00:08:31.740000;2016-02-14T00:08:31.750000;39ab1a55-e77d-4dc6-9433-be93e8e38172;392.6;0.01;SELL
2016-02-14T00:08:31.740000;2016-02-14T00:08:31.767000;dc27282a-5dc7-4f25-bfd5-1faee187a742;392.6;0.01;SELL
2016-02-14T00:08:31.740000;2016-02-14T00:08:31.767000;73101869-c868-4e0c-8160-f15f55e581fd;392.6;0.64943;SELL
2016-02-14T00:09:01.933000;2016-02-14T00:09:01.937000;d94979f7-29a8-4f49-a0b1-cbae28b78dfc;392.6;3.37927;SELL
2016-02-14T00:09:01.933000;2016-02-14T00:09:01.953000;b981fd22-8ead-46df-af32-350149834542;392.6;0.62781;SELL
2016-02-14T00:09:05.630000;2016-02-14T00:09:05.627000;187bc45b-e34a-4aae-94c3-f217704f699d;392.6;2.27;SELL
2016-02-14T00:09:31.677000;2016-02-14T00:09:31.673000;3b7af7be-bce7-4bdd-a027-eaa35899c7a5;392.6;2.18676;SELL
2016-02-14T00:10:02.267000;2016-02-14T00:10:02.267000;c28b1aa3-b806-4299-bdbf-d1bb9e456904;392.61;0.25528;BUY
2016-02-14T00:10:02.267000;2016-02-14T00:10:02.280000;26934fc4-62fe-4c5c-8532-eea0b19f46c1;392.61;0.5395;BUY
2016-02-14T00:10:31.857000;2016-02-14T00:10:31.877000;16670c36-2f00-4c70-a0f8-11f83718f2c3;392.61;1.10131;BUY
2016-02-14T00:10:59.693000;2016-02-14T00:10:59.703000;a6b93397-bb89-4105-8790-e2b586f9b66f;392.61;0.14519;BUY
2016-02-14T00:10:59.697000;2016-02-14T00:10:59.703000;d14e8cf3-e622-4d57-8ec8-cab465f90a1b;392.61;0.3;BUY
2016-02-14T00:10:59.697000;2016-02-14T00:10:59.720000;8b90adf6-9c4b-40ad-96a5-24e1f69fc876;392.74;0.05481;BUY
2016-02-14T00:11:01.593000;2016-02-14T00:11:01.593000;8b8ed2dc-caaf-4543-b4c7-758af09c5ff6;392.78;0.01;BUY
2016-02-14T00:11:01.593000;2016-02-14T00:11:01.610000;2a2d89ac-61d6-4960-a5ee-6dee2ed2a555;392.82;0.087;BUY
2016-02-14T00:11:01.593000;2016-02-14T00:11:01.610000;5e0e24a9-d88b-4cfe-856b-e52f726e42e0;392.89;0.183;BUY
2016-02-14T00:11:01.917000;2016-02-14T00:11:01.923000;aacf7da9-cc3f-4c4b-bc03-8dfb61e416ab;392.89;0.3925;BUY
2016-02-14T00:12:01.877000;2016-02-14T00:12:01.920000;374110a3-2b2c-423a-817b-3706ba7ae6db;392.88;0.19695;SELL
2016-02-14T00:13:01.777000;2016-02-14T00:13:01.810000;e1f559ce-8ebc-4601-bfc2-5bee60b88e1f;392.89;0.954;BUY
2016-02-14T00:13:01.777000;2016-02-14T00:13:01.827000;ac601609-d89c-4807-b79e-7c3f93033e84;392.89;0.36106;BUY
2016-02-14T00:13:31.810000;2016-02-14T00:13:31.840000;6365c10e-0c78-4c56-940f-185e4a6f9248;392.89;0.92977;BUY
2016-02-14T00:13:31.987000;2016-02-14T00:13:32.030000;b2b42c7c-f228-49d5-ad76-64ac90e8258e;392.89;0.49966049;BUY
2016-02-14T00:13:35.157000;2016-02-14T00:13:35.217000;b03f7cba-c088-4512-8336-886481c69c62;392.89;0.05331678;BUY
2016-02-14T00:14:01.840000;2016-02-14T00:14:01.873000;3f6b6472-d058-497e-bdb0-573517d6d2e9;392.89;0.38297;BUY
2016-02-14T00:14:32.037000;2016-02-14T00:14:32.077000;142ea3f3-a6d6-41d5-bd98-4104284502b3;392.89;0.56371322;BUY
2016-02-14T00:14:32.037000;2016-02-14T00:14:32.090000;5fdcbc99-4b1b-4f7f-97c1-223c1d4d6909;392.89;0.42939678;BUY
2016-02-14T00:16:04.723000;2016-02-14T00:16:04.763000;03ff6fb9-07a1-4813-ac1e-bd3fead34352;392.88;0.0094;SELL
2016-02-14T00:17:51.497000;2016-02-14T00:17:51.530000;0522a57d-e388-48ca-87af-67700b24d7a9;392.89;0.14;BUY
2016-02-14T00:17:55.857000;2016-02-14T00:17:55.887000;ec462ab6-5bea-4f12-a856-596c315d713f;392.89;0.2;BUY
2016-02-14T00:17:59.560000;2016-02-14T00:17:59.590000;15a5d276-d759-4760-a507-a1159cc8c004;392.89;0.23060322;BUY
2016-02-14T00:17:59.560000;2016-02-14T00:17:59.607000;fe144637-4252-4c29-93a4-37992d9b47ef;392.89;0.06939678;BUY
2016-02-14T00:18:12.143000;2016-02-14T00:18:12.170000;862c2f46-91de-431c-a2b1-5aca50c80784;392.89;3.22468273;BUY
2016-02-14T00:18:12.143000;2016-02-14T00:18:12.183000;0422755f-aff4-4911-9f56-c63c74120a49;392.9;1.77531727;BUY
2016-02-14T00:18:34.540000;2016-02-14T00:18:34.560000;0a74c05b-9dc3-49b9-bc77-19f3ab3bb49f;392.9;0.72468273;BUY
2016-02-14T00:18:55.377000;2016-02-14T00:18:55.403000;462416f2-1a23-46a2-8f68-736db3e34020;393.05;0.01;BUY
2016-02-14T00:18:55.377000;2016-02-14T00:18:55.420000;5be55c8c-4ac2-4fdb-b019-e6a37046f51b;393.05;0.05;BUY
2016-02-14T00:18:55.377000;2016-02-14T00:18:55.420000;710c363b-668d-468c-bea3-02e8234e07ad;393.08;0.04;BUY
2016-02-14T00:18:58.993000;2016-02-14T00:18:59.030000;b4257b12-c7e6-4ad4-918a-03b5d30dbe19;393.08;0.01;BUY
2016-02-14T00:18:58.993000;2016-02-14T00:18:59.030000;af454d87-8ca7-4ed7-8389-f88c8a22ae6d;393.09;0.05;BUY
2016-02-14T00:18:58.993000;2016-02-14T00:18:59.030000;a8bc6efa-ca1a-4580-a939-638216be1dff;393.1;0.05;BUY
2016-02-14T00:18:58.993000;2016-02-14T00:18:59.043000;cee2b7da-233e-422a-bd8b-b35f3c3e4fad;393.1;0.01;BUY
2016-02-14T00:18:58.993000;2016-02-14T00:18:59.043000;818fc675-a733-43cf-82ed-27b3fdd11480;393.11;0.05;BUY
2016-02-14T00:18:58.993000;2016-02-14T00:18:59.043000;c7d86688-9a31-4b65-94d4-ee9f2295b630;393.11;0.023;BUY
2016-02-14T00:18:58.993000;2016-02-14T00:18:59.043000;737da820-31a9-47c1-b818-dc1f7b76e301;393.11;0.01;BUY
2016-02-14T00:18:58.993000;2016-02-14T00:18:59.043000;19e60d3e-658e-4663-bc7a-afd81582558a;393.22;0.01;BUY
2016-02-14T00:18:58.993000;2016-02-14T00:18:59.060000;c3c59a57-75da-4b93-acb4-839d9a7c08cd;393.3;0.01;BUY
2016-02-14T00:18:58.993000;2016-02-14T00:18:59.060000;b1dc1ae6-8cba-46eb-ba4b-1ae12a058aaa;393.3;0.077;BUY
2016-02-14T00:20:23.470000;2016-02-14T00:20:23.483000;e8b4856c-e254-40ab-b5ec-06ffcca1e612;393.41;0.01;BUY
2016-02-14T00:20:23.470000;2016-02-14T00:20:23.497000;de15739c-437a-4f5f-b254-a3f583cd00ca;393.41;0.01;BUY
2016-02-14T00:20:23.470000;2016-02-14T00:20:23.497000;7bde5574-5994-40cf-826f-1820dd3c6a36;393.41;0.073;BUY
2016-02-14T00:20:50.267000;2016-02-14T00:20:50.280000;6ca7bc6c-0760-4d6c-a85d-e61350a3685e;393.45;0.02383463;SELL
2016-02-14T00:21:32.097000;2016-02-14T00:21:32.107000;068ce835-c636-4f3e-8f4f-a3e9e0bd4069;393.45;0.02369408;SELL
2016-02-14T00:22:36.113000;2016-02-14T00:22:36.123000;a3aa2fe5-3e1f-4301-9b1f-ee4af99cdaa3;393.45;0.20247129;SELL
2016-02-14T00:22:36.113000;2016-02-14T00:22:36.137000;40f0eb92-fca8-468a-be49-ea322f9bc753;393.45;2.303;SELL
2016-02-14T00:22:36.113000;2016-02-14T00:22:36.137000;b7251779-9955-4254-bb5d-ce9ad9e7352f;393.45;2.65652871;SELL
2016-02-14T00:23:31.787000;2016-02-14T00:23:31.793000;a12702e2-2da9-425b-af10-fcc820c7b5d6;393.46;0.05;BUY
2016-02-14T00:23:31.787000;2016-02-14T00:23:31.827000;819c720b-7f9d-4254-bed5-33e7003ac943;393.46;0.05;BUY
2016-02-14T00:23:31.787000;2016-02-14T00:23:31.827000;865ba172-8c72-4fe2-9b33-f1cde5103ea8;393.46;2.793;BUY
2016-02-14T00:23:31.787000;2016-02-14T00:23:31.827000;8de79936-3029-4ddf-9bd5-e7f5e3a994f9;393.46;1.83786;BUY
2016-02-14T00:24:00.683000;2016-02-14T00:24:00.717000;e2e91dfe-b092-4146-8549-28c5c42ed949;393.46;0.143;BUY
2016-02-14T00:24:00.683000;2016-02-14T00:24:00.733000;042896ac-08de-4944-b182-141fe47133fe;393.46;0.923;BUY
2016-02-14T00:24:00.683000;2016-02-14T00:24:00.733000;fd8ce206-871c-4907-a44e-4ec6d6b90660;393.46;2.801;BUY
2016-02-14T00:24:00.683000;2016-02-14T00:24:00.733000;376ab7cf-ca8e-461a-ade7-e417f9b4acae;393.46;4.75;BUY
2016-02-14T00:24:00.683000;2016-02-14T00:24:00.733000;cd76ad92-f8a6-45e4-828b-742e0237475e;393.47;7.57746;BUY
2016-02-14T00:24:00.683000;2016-02-14T00:24:00.733000;6f527586-a649-42ec-9589-e28dcc8279d1;393.48;1.97007259;BUY
2016-02-14T00:24:02.053000;2016-02-14T00:24:02.060000;d9a9b412-140e-493a-b44c-ae9eb636d060;393.49;0.68081;BUY
2016-02-14T00:24:32.000000;2016-02-14T00:24:32.013000;d0c95ac0-c184-4a2e-b362-b02e7a5a7e75;393.46;0.879;BUY
2016-02-14T00:24:32.000000;2016-02-14T00:24:32.030000;234deeb5-77c2-4d40-a663-4fe88d418c8e;393.48;0.878;BUY
2016-02-14T00:24:32.000000;2016-02-14T00:24:32.030000;a6e22e76-42d4-4254-be0e-b68fbf78d36e;393.49;0.17704;BUY
2016-02-14T00:25:01.623000;2016-02-14T00:25:01.623000;38596642-2d5d-4ba6-b24e-1b1b0aba545e;393.47;0.65216;BUY
2016-02-14T00:25:31.953000;2016-02-14T00:25:31.967000;13d1cc8f-d931-4bf9-9ce7-82fb8730affb;393.46;0.32899;BUY
2016-02-14T00:26:02.167000;2016-02-14T00:26:02.187000;cac7e14a-f87c-4651-a424-753b6cc4f788;393.46;0.743;BUY
2016-02-14T00:26:02.167000;2016-02-14T00:26:02.187000;a203ff97-eee2-44b5-bad0-ad6c5cb7d688;393.5;0.01;BUY
2016-02-14T00:26:02.167000;2016-02-14T00:26:02.187000;7b1e1007-3b08-46e1-8f83-0c207a8decdd;393.5;2.71917;BUY
2016-02-14T00:26:31.980000;2016-02-14T00:26:31.983000;9fa684ed-ac44-453b-a571-22ae25ddf31d;393.46;0.37;SELL
2016-02-14T00:26:31.980000;2016-02-14T00:26:31.997000;97453556-69ce-461d-ac2b-e3fba4958c85;393.46;0.25;SELL
2016-02-14T00:26:31.980000;2016-02-14T00:26:31.997000;4b803a57-a567-4ab2-bccf-61f8bccc8901;393.46;1.40825;SELL
2016-02-14T00:26:35.563000;2016-02-14T00:26:35.577000;5e21cea9-f479-4f14-ade3-26d39d93f493;393.46;0.723;SELL
2016-02-14T00:26:38.510000;2016-02-14T00:26:38.567000;662969c4-4dae-44dd-9df7-8966e0228beb;393.46;0.686;SELL
2016-02-14T00:27:01.877000;2016-02-14T00:27:01.927000;33d296b9-f331-443e-8631-3d8b9d49abc3;393.46;0.642;BUY
2016-02-14T00:27:01.877000;2016-02-14T00:27:01.927000;89736b34-b778-498f-a931-77b84244c4db;393.46;1.79091;BUY
2016-02-14T00:27:16.880000;2016-02-14T00:27:16.927000;b5911c30-cc35-47e1-9c19-b353d8fb278c;393.45;1.04347129;SELL
2016-02-14T00:27:16.883000;2016-02-14T00:27:16.940000;2696d972-977c-4d3f-ae10-e170f4da9561;393.45;0.0115;SELL
2016-02-14T00:27:25.310000;2016-02-14T00:27:25.363000;853007fe-51b9-4822-bce0-00360d869196;393.36;0.015;SELL
2016-02-14T00:27:32.163000;2016-02-14T00:27:32.207000;74ad9005-4985-40c7-8311-16c7906e78cf;393.36;0.0643;BUY
2016-02-14T00:27:48.640000;2016-02-14T00:27:48.690000;8f8e516e-97eb-4218-8d68-aa9d671ae14b;393.36;0.018;BUY
2016-02-14T00:27:59.813000;2016-02-14T00:27:59.847000;69e18f6f-24d7-4085-bd1b-02a73a658a81;393.35;0.015;SELL
2016-02-14T00:27:59.813000;2016-02-14T00:27:59.863000;6675c490-af22-4dbf-84ca-f3e6acf5ce32;393.35;0.015;SELL
2016-02-14T00:28:02.470000;2016-02-14T00:28:02.503000;62aa6f45-8ca4-49b0-af98-4ac373110fbf;393.35;1.37;BUY
2016-02-14T00:28:02.470000;2016-02-14T00:28:02.520000;9cde8c87-dc1f-4e06-943d-d12c8b48f284;393.35;0.04629;BUY
2016-02-14T00:28:12.907000;2016-02-14T00:28:12.940000;e3f359fc-483e-43ad-a9e8-a84b30a2be5c;393.35;0.13195816;BUY
2016-02-14T00:28:12.920000;2016-02-14T00:28:12.957000;61267aa6-1f07-426e-88b7-e24e4aebf977;393.35;0.045;BUY
2016-02-14T00:28:12.943000;2016-02-14T00:28:12.990000;3b74c632-f585-4ec7-b36c-e6fa2232ed9f;393.35;0.18304184;BUY
2016-02-14T00:28:32.307000;2016-02-14T00:28:32.333000;2a935fd4-8ff6-4583-ba45-0911cdeec7d7;393.35;2.64956;BUY
2016-02-14T00:28:55.783000;2016-02-14T00:28:55.817000;e335df00-8c58-4fe1-a1b4-da60924aebd1;393.34;0.015;SELL
2016-02-14T00:28:55.783000;2016-02-14T00:28:55.847000;df0b5d75-6340-4945-a417-46695a66daf9;393.34;0.015;SELL
2016-02-14T00:28:55.783000;2016-02-14T00:28:55.847000;790eeaa3-0d9b-4f94-8276-203871ffcf10;393.33;0.015;SELL
2016-02-14T00:28:55.783000;2016-02-14T00:28:55.847000;0097f607-5608-4078-9d3d-793d0d9e1e9c;393.32;0.015;SELL
2016-02-14T00:28:55.783000;2016-02-14T00:28:55.847000;24286a40-1853-4238-98fb-59337793a9e3;393.32;0.015;SELL
2016-02-14T00:28:55.783000;2016-02-14T00:28:55.847000;3d5a6e1f-6268-4120-accb-05cf18aaf4ad;393.31;0.015;SELL
2016-02-14T00:28:55.783000;2016-02-14T00:28:55.847000;40e9dc70-ca5f-42db-8e4c-ed04e733e970;393.31;0.015;SELL
2016-02-14T00:28:55.783000;2016-02-14T00:28:55.847000;db12149e-cb1a-4d40-9762-c35e4b1d79e8;393.3;0.015;SELL
2016-02-14T00:28:55.783000;2016-02-14T00:28:55.847000;b37b87e9-e5c1-470f-8ed2-d5f8d76a6a1c;393.29;0.015;SELL
2016-02-14T00:28:55.783000;2016-02-14T00:28:55.880000;efe74ef0-986a-4408-b23b-4fe38e623de4;393.28;0.015;SELL
2016-02-14T00:28:55.783000;2016-02-14T00:28:55.880000;cda15d77-6822-49ae-92d2-00c70c0e85fa;393.28;0.015;SELL
2016-02-14T00:28:55.787000;2016-02-14T00:28:55.880000;5200b244-1416-4739-9f4f-06c3406d62bb;393.27;0.015;SELL
2016-02-14T00:28:55.787000;2016-02-14T00:28:55.880000;e6d92f0d-3046-47ea-a008-ba539baf6780;393.27;0.015;SELL
2016-02-14T00:28:55.787000;2016-02-14T00:28:55.893000;fa5ec34f-5f97-4de6-ae97-b89e2645faf4;393.26;0.01;SELL
2016-02-14T00:28:55.787000;2016-02-14T00:28:55.893000;7b4d997b-e7cd-4022-bab3-0c524d0feebb;393.21;0.32;SELL
2016-02-14T00:28:55.787000;2016-02-14T00:28:55.893000;a6f0630e-773a-4702-9249-f9a65885600b;393.21;0.122;SELL
2016-02-14T00:28:55.787000;2016-02-14T00:28:55.893000;786763bd-dfce-47a7-a893-65c970253353;393.2;0.01;SELL
2016-02-14T00:28:55.787000;2016-02-14T00:28:55.893000;df989902-203c-4f0f-a340-c0f425196281;393.17;0.343;SELL
2016-02-14T00:29:01.810000;2016-02-14T00:29:01.847000;22427d88-4088-414d-b066-c6c8c7c6041b;393.24;3.49756;BUY
2016-02-14T00:29:27.923000;2016-02-14T00:29:27.973000;37e2a66f-b053-4b3f-8393-ebaef1510007;393.25;1.05331678;SELL
2016-02-14T00:29:31.867000;2016-02-14T00:29:31.910000;0befa50f-5ccb-4f39-a73a-260878abfe7c;393.25;0.0307;SELL
2016-02-14T00:30:06.923000;2016-02-14T00:30:06.973000;e23e2570-2014-4827-8c72-2fcbf2bd0851;393.28;0.015;BUY
2016-02-14T00:30:06.923000;2016-02-14T00:30:06.973000;112e6a4a-135d-4828-8937-7f8d6dee0865;393.29;0.015;BUY
2016-02-14T00:30:06.927000;2016-02-14T00:30:06.973000;e4c38f13-9104-4302-a217-1fc082ac42a0;393.3;0.007;BUY
2016-02-14T00:30:25.640000;2016-02-14T00:30:25.677000;737c37ca-81a6-4e2a-b4a0-924abc7a0ccc;393.27;0.016;SELL
2016-02-14T00:30:25.640000;2016-02-14T00:30:25.690000;1dd3ec26-4cd2-46ba-8593-6a75719f904e;393.27;0.12;SELL
2016-02-14T00:30:25.640000;2016-02-14T00:30:25.690000;1f3b7c37-2813-4cf4-bf3a-22b13b10b1a3;393.27;0.238;SELL
2016-02-14T00:30:26.710000;2016-02-14T00:30:26.740000;a01574db-0be2-4109-95bd-0742d5adf236;393.27;0.13;SELL
2016-02-14T00:30:31.853000;2016-02-14T00:30:31.880000;df0ea240-5974-4253-a50e-d8e2764c43dd;393.28;0.1;BUY
2016-02-14T00:30:31.853000;2016-02-14T00:30:31.893000;c52d2e50-c47e-48bf-bb96-d531eaae275f;393.3;0.008;BUY
2016-02-14T00:30:31.853000;2016-02-14T00:30:31.893000;36684584-f1fb-4212-aa84-57af656d2286;393.3;0.015;BUY
2016-02-14T00:30:31.853000;2016-02-14T00:30:31.893000;7a1c9650-2a8d-4fc4-acc2-800a6b7bdaaf;393.3;0.13014;BUY
2016-02-14T00:30:58.537000;2016-02-14T00:30:58.567000;9c0c7306-dc58-49d4-81ec-8c7a35c6def6;393.3;0.017;BUY
2016-02-14T00:30:58.537000;2016-02-14T00:30:58.583000;ffb354ce-50be-4396-8409-7d95cf030654;393.3;0.37;BUY
2016-02-14T00:30:58.537000;2016-02-14T00:30:58.583000;7e844db4-73bf-466c-be7c-58be1d2a4026;393.31;0.015;BUY
2016-02-14T00:30:58.537000;2016-02-14T00:30:58.583000;2e7066f1-5c7f-4862-a3b3-9dd98df19664;393.31;0.015;BUY
2016-02-14T00:30:58.537000;2016-02-14T00:30:58.583000;255438d7-69ad-4bc5-8c37-b7e103948896;393.32;0.015;BUY
2016-02-14T00:30:58.537000;2016-02-14T00:30:58.677000;94f12c18-f1f0-4d09-8946-099391770abf;393.32;0.015;BUY
2016-02-14T00:30:58.537000;2016-02-14T00:30:58.677000;d00a07e2-07c3-4c53-963d-4ba93210140a;393.33;0.015;BUY
2016-02-14T00:30:58.537000;2016-02-14T00:30:58.677000;62fcd84a-80c1-4609-89a9-5b5ae1f2df53;393.34;0.015;BUY
2016-02-14T00:30:58.537000;2016-02-14T00:30:58.677000;48ce86b0-c2dc-4334-b89e-5317b8616814;393.34;0.015;BUY
2016-02-14T00:30:58.537000;2016-02-14T00:30:58.677000;f92d57ef-022b-490d-bfb7-0b5846c8278b;393.35;0.082;BUY
2016-02-14T00:30:58.537000;2016-02-14T00:30:58.677000;c58bb722-ba15-4649-9ae5-ca0ec3fdfa4d;393.38;0.113;BUY
2016-02-14T00:30:58.537000;2016-02-14T00:30:58.677000;bdd6ac99-6b57-418f-886a-bf10c8821715;393.4;0.36236728;BUY
2016-02-14T00:31:32.107000;2016-02-14T00:31:32.143000;c897c8a6-42c7-4f81-8d60-e2b9b2c6acb1;393.37;0.015;BUY
2016-02-14T00:31:32.107000;2016-02-14T00:31:32.143000;162a6531-f0c8-4a36-b0f0-1cd5cf86c72d;393.38;0.015;BUY
2016-02-14T00:31:32.110000;2016-02-14T00:31:32.143000;9ae0617f-3652-4624-a9ca-4f7c3228769d;393.38;0.015;BUY
2016-02-14T00:31:32.110000;2016-02-14T00:31:32.143000;1ff67cf4-f365-4ef5-8daa-70d4b184a03c;393.4;0.04774;BUY
2016-02-14T00:32:02.390000;2016-02-14T00:32:02.427000;888d1e42-b3b2-43a5-a30f-09a36e7de7d9;393.39;0.015;SELL
2016-02-14T00:32:02.390000;2016-02-14T00:32:02.427000;ad11aaf3-cb37-46b9-b467-fd2663449132;393.39;0.0005;SELL
2016-02-14T00:32:31.983000;2016-02-14T00:32:32.003000;92a57eb4-f4d5-4e6d-bfdc-8e268a786216;393.4;0.98059974;BUY
2016-02-14T00:32:31.983000;2016-02-14T00:32:32.020000;8d8d74a2-38ac-41f1-91a8-44ce80d3d420;393.4;0.015;BUY
2016-02-14T00:32:31.983000;2016-02-14T00:32:32.020000;938c47aa-8164-49c0-8c55-028e3cec4dba;393.44;0.01;BUY
2016-02-14T00:32:31.983000;2016-02-14T00:32:32.020000;c8e7b643-af09-4dab-9534-8ea6121f5a73;393.49;1.14;BUY
2016-02-14T00:32:31.983000;2016-02-14T00:32:32.020000;e31c7675-66b5-461b-be5d-3740bb2646be;393.5;0.01;BUY
2016-02-14T00:32:31.987000;2016-02-14T00:32:32.020000;f846d2ec-5a40-43ca-b5fa-4f8c5c36cd9b;393.5;1.52;BUY
2016-02-14T00:32:31.987000;2016-02-14T00:32:32.050000;7bf745f5-1c0b-4745-aea9-a83413a260bc;393.5;0.254;BUY
2016-02-14T00:32:31.987000;2016-02-14T00:32:32.050000;b30fa510-a9e0-410e-882c-a9b78a4eb0f0;393.51;0.05508026;BUY
2016-02-14T00:33:03.147000;2016-02-14T00:33:03.177000;84a7345c-fa17-4db7-bf43-3def17ea3730;393.49;0.1396;SELL
2016-02-14T00:33:31.823000;2016-02-14T00:33:31.863000;2e0785f0-d338-455e-b7e9-7a7d58b28dcc;393.49;0.4974;SELL
2016-02-14T00:33:51.087000;2016-02-14T00:33:51.113000;63b0e00c-7dd6-4a47-8442-13c51ad053e7;393.5;0.015;BUY
2016-02-14T00:33:51.087000;2016-02-14T00:33:51.130000;a53d0c62-f8c0-4e9a-90d7-549f18fcb50a;393.5;0.015;BUY
2016-02-14T00:33:51.087000;2016-02-14T00:33:51.130000;0804a15e-0bf9-47ec-85a3-89b89385f5cc;393.52;0.01;BUY
2016-02-14T00:33:51.087000;2016-02-14T00:33:51.130000;e36bb8d2-e0fa-48de-afa4-569363180300;393.55;0.01;BUY
2016-02-14T00:33:51.087000;2016-02-14T00:33:51.130000;560ed48a-1f9d-410c-81b9-439f110a877b;393.6;0.01;BUY
2016-02-14T00:33:51.087000;2016-02-14T00:33:51.130000;a08aa162-804b-48ba-8605-ba2cf1ec7ff3;393.66;0.01;BUY
2016-02-14T00:33:51.087000;2016-02-14T00:33:51.207000;da6d9983-481a-491d-8ac0-cb5456607a3e;393.66;0.02;BUY
2016-02-14T00:33:51.087000;2016-02-14T00:33:51.207000;1a083c6a-4dec-40d1-806f-d2be3202d07e;393.68;0.09;BUY
2016-02-14T00:33:51.087000;2016-02-14T00:33:51.207000;71263310-559f-40be-b597-fca1ddcf0bd2;393.7;0.01;BUY
2016-02-14T00:33:51.087000;2016-02-14T00:33:51.207000;18126e6c-2a59-4ac5-b7cb-a614038318a1;393.72;0.01;BUY
2016-02-14T00:33:55.077000;2016-02-14T00:33:55.097000;41cd6c93-fe4e-4b30-9988-48713ff9f019;393.87;1.33;BUY
2016-02-14T00:33:55.077000;2016-02-14T00:33:55.097000;f72f46e8-ab0f-4cc4-b4ce-00fce16d881b;393.88;0.01;BUY
2016-02-14T00:33:55.077000;2016-02-14T00:33:55.130000;7b655a31-4cba-4d2f-acc6-71b0a458efe1;393.89;1.9;BUY
2016-02-14T00:33:55.077000;2016-02-14T00:33:55.130000;6b605195-c89c-4037-888d-498a1cdac138;393.9;0.01;BUY
2016-02-14T00:33:55.077000;2016-02-14T00:33:55.130000;bd4d31db-72bc-4894-89ae-f984d497bea4;393.91;2.6;BUY
2016-02-14T00:34:01.883000;2016-02-14T00:34:01.910000;13f1683e-9c37-4e6a-aefb-2affb4a42778;393.73;1.10526;BUY
2016-02-14T00:35:00.270000;2016-02-14T00:35:00.287000;80951f7a-9c9f-466c-ad0d-ae50d18205c7;394.0;0.46;BUY
2016-02-14T00:35:00.270000;2016-02-14T00:35:00.300000;96e79027-4122-4e19-ad86-17265926d7d6;394.04;0.02;BUY
2016-02-14T00:35:00.270000;2016-02-14T00:35:00.300000;068db842-fe46-43b4-878e-330e3ba07618;394.1;0.01;BUY
2016-02-14T00:35:00.270000;2016-02-14T00:35:00.300000;832600d1-544f-4583-b46f-e5796e86b286;394.1;0.01;BUY
2016-02-14T00:35:00.270000;2016-02-14T00:35:00.300000;cc608050-c7c4-495b-b34b-dfda4cd872c4;394.11;0.01;BUY
2016-02-14T00:35:00.270000;2016-02-14T00:35:00.300000;850a8755-3cb5-4187-9733-fe2c3f717769;394.11;0.121;BUY
2016-02-14T00:35:00.270000;2016-02-14T00:35:00.317000;b5fa6163-61b6-4c3c-ac4e-3b816ea81419;394.16;0.141;BUY
2016-02-14T00:35:00.270000;2016-02-14T00:35:00.317000;36f040f7-aa1e-48ef-9fe0-3f508c1edd8d;394.18;1.2595527;BUY
2016-02-14T00:35:31.490000;2016-02-14T00:35:31.520000;cb414280-e259-47bd-bd6c-9edda541f4b6;394.18;0.024;SELL
2016-02-14T00:35:31.490000;2016-02-14T00:35:31.520000;6fdc0f74-b506-4875-993e-39d36077163d;394.13;0.02952;SELL
2016-02-14T00:35:42.807000;2016-02-14T00:35:42.833000;39014e9d-f400-4263-afc1-e767d82a193d;394.13;0.19;SELL
2016-02-14T00:35:53.787000;2016-02-14T00:35:53.800000;192eeb89-6ee8-415e-8267-358c0f1f0e43;394.13;0.01;BUY
2016-02-14T00:36:02.323000;2016-02-14T00:36:02.347000;c2872724-1cd8-44b7-9ce1-00eefac39722;394.13;0.84936728;BUY
2016-02-14T00:36:02.323000;2016-02-14T00:36:02.347000;54d89090-7eb8-4f7b-aba1-f2ed4d32b9f4;394.18;2.444;BUY
2016-02-14T00:36:02.323000;2016-02-14T00:36:02.363000;3a2841a3-cbe9-4c24-a220-fbe878ae7697;394.19;7.18187205;BUY
2016-02-14T00:36:02.323000;2016-02-14T00:36:02.363000;936fcf08-75f0-4492-8c1b-93a7f89632e4;394.21;0.01;BUY
2016-02-14T00:36:02.323000;2016-02-14T00:36:02.363000;905fdbfa-944c-4a85-87e6-90997d747e5c;394.23;0.57878067;BUY
2016-02-14T00:36:31.813000;2016-02-14T00:36:31.833000;21f0e416-ddab-405b-8f4d-5867bd558862;394.16;0.027;SELL
2016-02-14T00:36:31.813000;2016-02-14T00:36:31.847000;70a282e4-974b-424c-a108-d879f8f7f85c;394.16;0.101;SELL
2016-02-14T00:36:31.813000;2016-02-14T00:36:31.847000;b02056c3-69ea-4cb6-b20b-33edee14655f;394.15;0.027;SELL
2016-02-14T00:36:31.813000;2016-02-14T00:36:31.847000;93e44182-4536-4d3a-b41a-d94b27b921c9;394.14;0.028;SELL
2016-02-14T00:36:31.813000;2016-02-14T00:36:31.847000;686a0171-55ed-4a5b-b4b6-4793eada2ad7;394.12;0.028;SELL
2016-02-14T00:36:31.817000;2016-02-14T00:36:31.927000;6243ed33-289d-4a87-8496-d33d044f8b56;394.11;0.028;SELL
2016-02-14T00:36:31.817000;2016-02-14T00:36:31.927000;eb56542b-6572-4fe8-ba3a-4ce601879294;394.11;0.082;SELL
2016-02-14T00:36:31.817000;2016-02-14T00:36:31.927000;8a50dfc5-9c7a-4aea-968c-6c1d33717628;394.1;0.028;SELL
2016-02-14T00:36:31.817000;2016-02-14T00:36:31.927000;7475c5aa-575a-482a-9b70-b4d5b40c1b6c;394.06;0.099;SELL
2016-02-14T00:36:31.817000;2016-02-14T00:36:31.927000;46d96b66-23ac-4cd8-aac5-6bf74f80598f;394.01;0.04917;SELL
2016-02-14T00:36:36.190000;2016-02-14T00:36:36.207000;8a32e906-9afb-48ea-930b-db1721c2a856;394.04;0.027;SELL
2016-02-14T00:36:36.190000;2016-02-14T00:36:36.223000;6e24a364-9d52-45d7-a825-c762dd590d77;394.04;0.073;SELL
2016-02-14T00:36:36.190000;2016-02-14T00:36:36.223000;e0cf2995-b561-406d-af05-c6f730fa37e7;394.04;0.36;SELL
2016-02-14T00:36:36.190000;2016-02-14T00:36:36.223000;76ec72f8-6cab-40f4-96a9-f3f2a70640b6;394.03;0.027;SELL
2016-02-14T00:36:36.190000;2016-02-14T00:36:36.223000;d7eb0493-c544-4d54-80f5-4d4aafdd64be;394.02;0.027;SELL
2016-02-14T00:36:36.190000;2016-02-14T00:36:36.317000;1b02bb77-626f-466c-bf83-25075143fb54;394.0;0.0115;SELL
2016-02-14T00:36:36.190000;2016-02-14T00:36:36.317000;7e0524ce-753d-4a6e-b194-4587e08df445;393.99;0.013;SELL
2016-02-14T00:36:36.193000;2016-02-14T00:36:36.317000;9fb1a04a-d948-40b0-8baf-92c46d471734;393.99;0.097;SELL
2016-02-14T00:36:36.193000;2016-02-14T00:36:36.317000;2036bff4-3973-4c9c-919d-76ba565dc8ea;393.91;0.128;SELL
2016-02-14T00:36:36.193000;2016-02-14T00:36:36.317000;55f0b9d4-916a-4724-9faa-ae45485d81c1;393.88;0.01;SELL
2016-02-14T00:36:36.193000;2016-02-14T00:36:36.317000;d17d701b-d938-4c3d-a25f-d05f0aa46154;393.87;0.7467;SELL
2016-02-14T00:36:36.193000;2016-02-14T00:36:36.317000;d43f2799-1e66-402e-ab06-0a9a0827a0fa;393.86;0.124;SELL
2016-02-14T00:36:36.193000;2016-02-14T00:36:36.317000;3dd37d06-4fd6-46a7-b336-07ec79363ec4;393.81;0.12;SELL
2016-02-14T00:36:36.193000;2016-02-14T00:36:36.317000;dccb5847-0e8a-4f8a-b170-d526d09f0911;393.77;0.013;SELL
2016-02-14T00:36:36.193000;2016-02-14T00:36:36.317000;44f0026d-cf84-4e64-88c5-cc2e3dd1bf0b;393.77;0.19;SELL
2016-02-14T00:36:36.193000;2016-02-14T00:36:36.317000;3bab0938-927d-46b8-afbc-cbd42ee54050;393.76;0.013;SELL
2016-02-14T00:36:36.193000;2016-02-14T00:36:36.317000;dc4ccb1c-f5f5-486b-8092-a4bc55ba341d;393.76;0.106;SELL
2016-02-14T00:36:36.193000;2016-02-14T00:36:36.317000;2356364d-e615-40c1-9015-ec24d879a236;393.76;0.19;SELL
2016-02-14T00:36:36.193000;2016-02-14T00:36:36.317000;92646c25-f9da-4383-80dd-2b3c53c5ac18;393.75;0.014;SELL
2016-02-14T00:36:36.193000;2016-02-14T00:36:36.317000;c3e7937f-cb09-40b0-8314-d59f425be718;393.72;0.1868;SELL
2016-02-14T00:37:06.157000;2016-02-14T00:37:06.160000;8e2abbdc-4c19-4141-8fba-6ec7fb813cbf;394.11;0.01;BUY
2016-02-14T00:37:32.367000;2016-02-14T00:37:32.380000;87af4092-ef2f-471f-a5bb-79e5bc3abea1;394.03;1.10977;SELL
2016-02-14T00:38:02.210000;2016-02-14T00:38:02.240000;0b7fa40f-4713-4d1a-8b12-aab15357e427;394.11;0.04;BUY
2016-02-14T00:38:02.210000;2016-02-14T00:38:02.240000;e08cb632-e382-45fe-858e-45efb301402e;394.12;0.05;BUY
2016-02-14T00:38:02.210000;2016-02-14T00:38:02.240000;a463a44f-b3c8-40f9-a53b-20cacfd80033;394.13;0.05;BUY
2016-02-14T00:38:02.210000;2016-02-14T00:38:02.240000;51f6ffd3-8b36-47cc-9b7f-64e087e5e4cc;394.15;0.01;BUY
2016-02-14T00:38:02.210000;2016-02-14T00:38:02.240000;3369f0a0-53f8-4d4d-a76f-b8e0789c5d54;394.22;0.05;BUY
2016-02-14T00:38:02.210000;2016-02-14T00:38:02.253000;afa0a40b-7421-4cee-9eeb-422ce58073fc;394.23;0.22;BUY
2016-02-14T00:38:02.210000;2016-02-14T00:38:02.253000;41105bfe-2e5c-4b77-b372-42f0868591a7;394.25;0.01;BUY
2016-02-14T00:38:02.210000;2016-02-14T00:38:02.270000;f721a450-cb20-4f84-a141-c59c14cba37e;394.26;0.01;BUY
2016-02-14T00:38:02.213000;2016-02-14T00:38:02.270000;c60c4370-245f-471f-bffb-71628970d285;394.28;0.01;BUY
2016-02-14T00:38:02.213000;2016-02-14T00:38:02.270000;17a3e78a-e5f0-47cb-8a03-f180d3e1321b;394.28;0.024;BUY
2016-02-14T00:38:02.213000;2016-02-14T00:38:02.270000;c2a9503f-fa65-466b-91e9-9fce55eb1ebc;394.28;0.05;BUY
2016-02-14T00:38:02.213000;2016-02-14T00:38:02.270000;9196049e-dcd6-465c-9093-15e316dd661e;394.28;0.05;BUY
2016-02-14T00:38:02.213000;2016-02-14T00:38:02.287000;1d974d21-bbb3-464b-ab55-851abac40433;394.29;0.01;BUY
2016-02-14T00:38:02.213000;2016-02-14T00:38:02.300000;e301254f-9d4f-48db-8c1a-3a793449f4fc;394.3;0.01;BUY
2016-02-14T00:38:02.213000;2016-02-14T00:38:02.300000;86c735ce-3c1d-4fd7-8d31-4cdda2cb4e07;394.3;0.01;BUY
2016-02-14T00:38:02.213000;2016-02-14T00:38:02.300000;c4adc586-383a-495c-a6fb-1954e155e786;394.3;0.01;BUY
2016-02-14T00:38:02.213000;2016-02-14T00:38:02.300000;6cd355d6-2d88-45ed-97e1-26e72a55a2f2;394.32;0.01;BUY
2016-02-14T00:38:02.213000;2016-02-14T00:38:02.300000;83c10f01-3a8b-4654-a9af-3b1d0c742231;394.33;0.01;BUY
2016-02-14T00:38:02.213000;2016-02-14T00:38:02.300000;eef98859-e7a6-40b7-919b-0e1a153cf2e2;394.33;1.57363;BUY
2016-02-14T00:38:31.827000;2016-02-14T00:38:31.833000;39367ecc-c421-4eed-8986-e049f9b6e7b1;394.33;0.6008;BUY
2016-02-14T00:39:02.310000;2016-02-14T00:39:02.317000;712827c7-757c-45f5-b934-a9d7d58d353a;394.33;0.103;BUY
2016-02-14T00:39:31.473000;2016-02-14T00:39:31.473000;0b754d71-d820-4e7e-8682-788d9ca4c209;394.33;0.01569;BUY
2016-02-14T00:40:02.157000;2016-02-14T00:40:02.177000;a77ebbcb-b3f4-4977-b977-bb88a8a159af;394.33;2.10233;BUY
2016-02-14T00:40:14.407000;2016-02-14T00:40:14.410000;29275b77-77b3-486b-b4e7-4005e4e5fd6a;394.33;25.60455;BUY
2016-02-14T00:40:14.407000;2016-02-14T00:40:14.427000;1a8e8bf5-1302-4248-8740-a3d5ebed01ec;394.33;1.39545;BUY
2016-02-14T00:40:31.547000;2016-02-14T00:40:31.567000;ca94b3ff-254b-45f6-934d-32ddd524765a;394.33;0.60455;BUY
2016-02-14T00:40:31.547000;2016-02-14T00:40:31.567000;5e484906-b425-4555-a2e2-6cdb3a790181;394.42;0.02;BUY
2016-02-14T00:40:31.547000;2016-02-14T00:40:31.567000;1fae72cc-7e26-47ad-bad9-60caf222b74e;394.5;0.01;BUY
2016-02-14T00:40:31.547000;2016-02-14T00:40:31.583000;eecf1640-be01-46a3-94f5-6d2cc4d59203;394.58;0.01053;BUY
2016-02-14T00:40:57.953000;2016-02-14T00:40:57.973000;3afbbc8d-0898-4bee-b924-f09e8d5b9555;394.61;0.5095;BUY
2016-02-14T00:40:57.953000;2016-02-14T00:40:57.990000;5d7055f8-81d0-4a1f-87ba-b2cb5c72cf9e;394.72;0.53535489;BUY
2016-02-14T00:41:02.083000;2016-02-14T00:41:02.083000;4704e0a2-40e5-4af9-9538-94b751616b97;394.74;0.1026;BUY
2016-02-14T00:41:13.330000;2016-02-14T00:41:13.333000;665ad7fd-1fa0-4ccf-bf57-d150904faacf;394.76;0.36;BUY
2016-02-14T00:41:32.760000;2016-02-14T00:41:32.770000;64c3c6c2-b558-4ede-b347-616a3d95f6f6;394.72;0.024;SELL
2016-02-14T00:41:32.763000;2016-02-14T00:41:32.787000;594a0f19-f9ca-4e43-86a6-3fcfa83fdb40;394.71;0.024;SELL
2016-02-14T00:41:32.763000;2016-02-14T00:41:32.787000;1f94427e-a4f8-441a-abc3-8bde0bb90ab8;394.7;0.01;SELL
2016-02-14T00:41:32.763000;2016-02-14T00:41:32.787000;5e600c42-ef7b-4c3d-8300-12d9220b5dac;394.7;0.024;SELL
2016-02-14T00:41:32.763000;2016-02-14T00:41:32.787000;fb80e76f-ccd5-48be-b9d6-a9d3e3ee3c91;394.7;0.07;SELL
2016-02-14T00:41:32.763000;2016-02-14T00:41:32.863000;83f4caa1-411a-4b81-b724-6291f747ba4d;394.7;0.0115;SELL
2016-02-14T00:41:32.763000;2016-02-14T00:41:32.863000;3ad6f761-54b0-4706-835b-e0ab78a7020b;394.69;0.01;SELL
2016-02-14T00:41:32.763000;2016-02-14T00:41:32.863000;2381d36f-3238-40db-b8df-f6ea98c919f9;394.69;0.124;SELL
2016-02-14T00:41:32.763000;2016-02-14T00:41:32.863000;de169839-d249-4f6a-bbb8-d33b7a0e2c53;394.68;0.01;SELL
2016-02-14T00:41:32.763000;2016-02-14T00:41:32.863000;534b165a-1347-4177-8226-ec3194126ab4;394.68;0.072;SELL
2016-02-14T00:41:32.763000;2016-02-14T00:41:32.880000;e564769b-9831-4ce2-b80a-4471ce3c36ee;394.67;0.092;SELL
2016-02-14T00:41:32.763000;2016-02-14T00:41:32.880000;0dbd9913-3060-4cf8-bb05-2fb001dd4724;394.66;0.107;SELL
2016-02-14T00:41:32.763000;2016-02-14T00:41:32.880000;3afa7996-b7d5-438d-8361-9b0867177d74;394.65;0.104;SELL
2016-02-14T00:41:32.763000;2016-02-14T00:41:32.880000;fb6aa0cb-5ec1-4d8d-8d0b-c158a49f8b3c;394.63;0.117;SELL
2016-02-14T00:41:32.763000;2016-02-14T00:41:32.880000;694573f8-9508-4061-86d9-16ba31d078cc;394.62;0.086;SELL
2016-02-14T00:41:32.763000;2016-02-14T00:41:32.880000;d56e7810-20f8-4459-92d5-747ee6c58b42;394.61;0.082;SELL
2016-02-14T00:41:32.763000;2016-02-14T00:41:32.880000;5461bcfa-c3bf-46d9-a902-6eee6c5f385f;394.6;0.024;SELL
2016-02-14T00:41:32.763000;2016-02-14T00:41:32.880000;fa68fd47-f6b3-4653-9b83-d74c8157588c;394.6;0.0344;SELL
2016-02-14T00:41:35.610000;2016-02-14T00:41:35.613000;e372f89c-1145-4918-9b2e-c0e56c64a378;394.75;0.01;SELL
2016-02-14T00:41:42.740000;2016-02-14T00:41:42.787000;1eb9dba2-f35c-44ee-b67b-4393db4e28b3;394.75;0.014;SELL
2016-02-14T00:41:53.337000;2016-02-14T00:41:53.497000;1c301c12-39f1-4a87-a774-57b3ac862708;394.75;0.14403509;BUY
2016-02-14T00:42:02.597000;2016-02-14T00:42:02.763000;5543c815-535d-4d8d-9b1c-da7e76f8ae27;394.74;0.024;SELL
2016-02-14T00:42:02.597000;2016-02-14T00:42:02.763000;81e163bf-72fa-4682-b504-6bc7833130b7;394.74;0.134;SELL
2016-02-14T00:42:02.597000;2016-02-14T00:42:02.763000;06db9658-2b64-46ee-9bf4-4e8e9dcaac37;394.73;0.024;SELL
2016-02-14T00:42:02.597000;2016-02-14T00:42:02.777000;39a41eab-82fa-47d7-8aad-10941273239e;394.7;0.0846;SELL
2016-02-14T00:42:03.700000;2016-02-14T00:42:03.857000;c60dc3fc-07e9-42d8-a30e-d1dedea86790;394.75;0.38496491;BUY
2016-02-14T00:42:03.700000;2016-02-14T00:42:03.857000;467e83c6-9059-4693-885c-c5fc550370e4;394.75;99.61503509;BUY
2016-02-14T00:42:06.583000;2016-02-14T00:42:06.730000;7e721297-29e6-46a4-8507-1e75f75d328d;394.75;0.38496491;BUY
2016-02-14T00:42:06.583000;2016-02-14T00:42:06.747000;a9ffe1b7-4d82-4c94-9e52-4c0a5fe3c452;394.77;0.01678817;BUY
2016-02-14T00:42:07.557000;2016-02-14T00:42:07.700000;6d2c4720-5296-4c37-b9c6-0ab02cb2a0ed;394.77;0.40175308;BUY
2016-02-14T00:42:07.820000;2016-02-14T00:42:07.967000;cfb2f74a-8574-4987-bf89-63344742af9f;394.77;0.03632998;BUY
2016-02-14T00:42:07.820000;2016-02-14T00:42:07.980000;05bdcd5e-a72e-4d90-9a66-cdec90e677ac;394.8;0.02;BUY
2016-02-14T00:42:07.820000;2016-02-14T00:42:07.980000;57551929-1f01-4182-87ad-42b1a89042f6;394.83;0.05;BUY
2016-02-14T00:42:07.823000;2016-02-14T00:42:07.980000;f357a8af-95df-415e-a2e5-5d4211ec221d;394.84;0.05;BUY
2016-02-14T00:42:07.823000;2016-02-14T00:42:07.980000;28eb5755-fab1-4ac6-a0d1-cf6af1dacb35;394.86;0.01;BUY
2016-02-14T00:42:07.823000;2016-02-14T00:42:07.980000;0671a585-dd9e-4459-842b-1e77bb370098;394.87;0.01;BUY
2016-02-14T00:42:07.823000;2016-02-14T00:42:08.013000;2893fe65-bc65-4b8e-b00b-338d68caf321;394.88;0.2254231;BUY
2016-02-14T00:42:08.210000;2016-02-14T00:42:08.357000;9e2964b1-e074-4cc2-abbe-32e644d8ffb4;394.88;0.40175308;BUY
2016-02-14T00:42:08.477000;2016-02-14T00:42:08.620000;4272c66b-01c2-487a-a49c-f9a4143ed0c1;394.88;0.40175308;BUY
2016-02-14T00:42:57.047000;2016-02-14T00:42:57.200000;0852c60b-7e55-4ca6-a61b-b20829b2442a;394.86;0.023;SELL
2016-02-14T00:42:57.047000;2016-02-14T00:42:57.217000;90ef6d0a-655e-4c25-9ef8-9e3af12f03d7;394.86;0.105;SELL
2016-02-14T00:42:57.047000;2016-02-14T00:42:57.217000;b361d998-b292-402b-b1d7-4e2bccc90600;394.83;0.002;SELL
2016-02-14T00:43:02.057000;2016-02-14T00:43:02.200000;6dc8e4fc-3281-412f-ba0e-d12fd4b80a92;394.87;0.048;BUY
2016-02-14T00:43:02.057000;2016-02-14T00:43:02.217000;be18bc6e-6ce2-45b6-9831-6af6b6beae84;394.88;0.55708;BUY
2016-02-14T00:43:11.363000;2016-02-14T00:43:11.513000;1f7d90c2-0cd1-40b0-ba9d-17954308deeb;394.87;0.05;BUY
2016-02-14T00:43:32.000000;2016-02-14T00:43:32.153000;39fd68fc-8a88-4e71-950f-ad3313c527bc;394.88;0.41399074;BUY
2016-02-14T00:43:32.000000;2016-02-14T00:43:32.153000;af2f8cdd-ed1d-4eef-96a9-9366bc85287c;394.88;0.01;BUY
2016-02-14T00:43:32.000000;2016-02-14T00:43:32.153000;b0335161-b111-4e31-9fb5-a26ea2dd0cde;394.88;0.02;BUY
2016-02-14T00:43:32.000000;2016-02-14T00:43:32.153000;f5f24cc8-5e8d-4a05-9058-f9b188cfa499;394.89;0.14626926;BUY
2016-02-14T00:44:02.173000;2016-02-14T00:44:02.323000;19d54aad-8083-43fa-ba58-08cc357ae904;394.93;0.02;BUY
2016-02-14T00:44:02.173000;2016-02-14T00:44:02.340000;a0dc91f8-bc90-4fc0-b60a-6184d5900278;394.97;0.01345;BUY
2016-02-14T00:44:26.233000;2016-02-14T00:44:26.370000;2b6482b5-7f36-41ea-a392-92a1d7672d71;394.97;0.022;SELL
2016-02-14T00:44:26.233000;2016-02-14T00:44:26.403000;78dca3e0-f894-487e-ae95-393365fe0f54;394.97;0.112;SELL
2016-02-14T00:44:26.233000;2016-02-14T00:44:26.403000;5f91c6d8-68c4-4e2b-beaf-669cfddc297f;394.97;0.91085489;SELL
2016-02-14T00:44:33.307000;2016-02-14T00:44:33.450000;1ac8b381-cec8-4b0b-850e-15608d397c99;394.97;0.05128;SELL
2016-02-14T00:45:02.633000;2016-02-14T00:45:02.777000;2de9e125-4251-44f8-ac23-5a00ca6433d2;394.98;0.1;BUY
2016-02-14T00:45:02.633000;2016-02-14T00:45:02.793000;9f4b5201-7a50-434f-a8fe-c490b8d6eef1;394.98;0.1449904;BUY
2016-02-14T00:45:02.633000;2016-02-14T00:45:02.793000;ba613e76-5d82-4965-ac53-c4123d1ea044;394.99;0.9214096;BUY
2016-02-14T00:45:31.893000;2016-02-14T00:45:32.027000;898bdb6f-6c9a-4a25-86ca-78c80453dbc9;394.97;0.23929;SELL
2016-02-14T00:45:34.163000;2016-02-14T00:45:34.310000;43665f56-c32b-4e74-8754-83f28930dbf9;394.98;0.021;SELL
2016-02-14T00:45:34.163000;2016-02-14T00:45:34.323000;231aa958-23a7-401e-99ed-72308e568495;394.97;0.029;SELL
2016-02-14T00:45:49.490000;2016-02-14T00:45:49.620000;b4a0fcbb-d8a4-4a2b-aac0-a6dee2495c3b;394.98;0.617;BUY
2016-02-14T00:46:30.907000;2016-02-14T00:46:31.043000;636880d5-b2e3-4f74-bab6-514b59aba784;394.99;0.01;BUY
2016-02-14T00:46:31.860000;2016-02-14T00:46:31.997000;216402bd-dd59-4e5d-b527-ba408e168c08;394.99;0.11042;BUY
2016-02-14T00:47:02.150000;2016-02-14T00:47:02.293000;d799d901-1812-4271-a2b2-29f2ac09ae3f;394.99;4.9581704;BUY
2016-02-14T00:47:02.150000;2016-02-14T00:47:02.310000;e3b0f422-687f-4d34-8c1f-53251a489d04;394.99;0.01082;BUY
2016-02-14T00:47:02.150000;2016-02-14T00:47:02.310000;40100e90-4f5b-479d-873a-0aef86dabb3e;394.99;1.0;BUY
2016-02-14T00:47:02.150000;2016-02-14T00:47:02.323000;756cef09-5a17-4aaf-a89b-35aa01a6a72d;394.99;0.232;BUY
2016-02-14T00:47:02.150000;2016-02-14T00:47:02.323000;0cabcf65-fc55-4553-a17f-c94c101572dc;395.0;2.0;BUY
2016-02-14T00:47:02.150000;2016-02-14T00:47:02.387000;5bb10b34-1a01-444f-8356-979ba1fa97f5;395.0;0.01;BUY
2016-02-14T00:47:02.150000;2016-02-14T00:47:02.387000;93d93adf-b2fb-4a6f-9abc-08f7aace2cbb;395.0;10.0;BUY
2016-02-14T00:47:02.150000;2016-02-14T00:47:02.387000;f057c3ad-6b38-4dc7-bbdb-6ea526d7be47;395.0;0.5;BUY
2016-02-14T00:47:02.150000;2016-02-14T00:47:02.403000;90c760c3-8b0c-4eed-8a2d-1f4c92a695da;395.0;0.21;BUY
2016-02-14T00:47:02.150000;2016-02-14T00:47:02.403000;7a992f3a-5f85-42a5-b179-5e2692fe927b;395.0;0.01;BUY
2016-02-14T00:47:02.150000;2016-02-14T00:47:02.403000;e87553f4-5511-4ce1-b80c-19df87f5f299;395.06;0.023;BUY
2016-02-14T00:47:02.150000;2016-02-14T00:47:02.403000;3069d957-3d58-40bb-a72a-c4af1c172847;395.06;0.022;BUY
2016-02-14T00:47:02.150000;2016-02-14T00:47:02.403000;2db51b5f-30b0-48bc-b61d-57662380fc5a;395.09;0.6;BUY
2016-02-14T00:47:02.150000;2016-02-14T00:47:02.403000;1a8cfaa1-b43c-44a6-a759-0db15e4bc0fc;395.13;0.583;BUY
2016-02-14T00:47:02.150000;2016-02-14T00:47:02.403000;42fd8292-f90d-4ab2-89ba-b238ff3821dd;395.16;0.589;BUY
2016-02-14T00:47:02.150000;2016-02-14T00:47:02.403000;ee5c85d0-df09-4218-884e-cb0ba10c4ec4;395.18;0.02;BUY
2016-02-14T00:47:02.150000;2016-02-14T00:47:02.403000;afadc067-70b8-4c28-a696-4820e1f3513d;395.19;0.021;BUY
2016-02-14T00:47:02.153000;2016-02-14T00:47:02.403000;309053d5-18a0-4354-a81e-36a35bd397fc;395.2;0.0113;BUY
2016-02-14T00:47:02.153000;2016-02-14T00:47:02.403000;c6f0886f-5f14-4639-a6d4-e6fe23d3fa94;395.2;0.0113;BUY
2016-02-14T00:47:02.153000;2016-02-14T00:47:02.403000;277a1fcb-865a-42f5-93a4-4dd2efce9ce9;395.21;0.0105;BUY
2016-02-14T00:47:02.153000;2016-02-14T00:47:02.403000;fdb45ffe-5c42-4d42-9a0b-bff067c22e60;395.21;0.633;BUY
2016-02-14T00:47:02.153000;2016-02-14T00:47:02.403000;cdc79a09-d346-41b3-a91c-30994d280837;395.26;0.61;BUY
2016-02-14T00:47:02.153000;2016-02-14T00:47:02.403000;138f14e2-96d3-43a0-84e7-064d2f0cadbc;395.31;0.62;BUY
2016-02-14T00:47:02.153000;2016-02-14T00:47:02.403000;e2e8f875-17ec-4692-953c-681078db2c7a;395.36;0.609;BUY
2016-02-14T00:47:02.153000;2016-02-14T00:47:02.403000;cc0a2b29-32fd-43e3-b078-6f34eb19c7f4;395.38;2.09;BUY
2016-02-14T00:47:02.153000;2016-02-14T00:47:02.403000;dc7d53be-ec6d-478b-875f-88ff0a692752;395.41;0.605;BUY
2016-02-14T00:47:02.153000;2016-02-14T00:47:02.403000;91c3290a-8449-4f62-b805-cc7d9f29cf6c;395.45;1.52;BUY
2016-02-14T00:47:02.153000;2016-02-14T00:47:02.403000;da8b7df2-e47a-4544-836c-c1bcf56e748c;395.46;0.626;BUY
2016-02-14T00:47:02.153000;2016-02-14T00:47:02.403000;6c17d589-3d21-4234-8beb-e22d6c4978a6;395.49;4.18;BUY
2016-02-14T00:47:02.153000;2016-02-14T00:47:02.403000;f51d39bf-2cc5-4a92-83de-f4c82a92410d;395.5;0.21679046;BUY
2016-02-14T00:47:02.153000;2016-02-14T00:47:02.403000;38a0b047-4916-4b46-b11f-6300cd81a13c;395.5;3.99;BUY
2016-02-14T00:47:02.153000;2016-02-14T00:47:02.403000;e9505b96-3b26-4245-9e3c-3b51ecc3208e;395.51;0.584;BUY
2016-02-14T00:47:02.153000;2016-02-14T00:47:02.403000;1fea7513-5826-4f84-9d7d-932e22d1a85f;395.51;3.42;BUY
2016-02-14T00:47:02.153000;2016-02-14T00:47:02.403000;e46316be-b501-4088-a929-4300ac462da5;395.52;2.118;BUY
2016-02-14T00:47:02.157000;2016-02-14T00:47:02.403000;e488a7d0-ab6b-407f-b5f6-52f7da654887;395.54;7.35611914;BUY
2016-02-14T00:47:18.997000;2016-02-14T00:47:19.153000;a8c2c6ba-0ff9-4dcd-a2ca-907c67a629fe;395.38;0.20183241;BUY
2016-02-14T00:47:25.077000;2016-02-14T00:47:25.217000;6bd261a9-eddb-4328-837c-a3a18618e831;395.25;0.01;SELL
2016-02-14T00:47:31.850000;2016-02-14T00:47:31.980000;6315d512-2fc9-4e06-aef1-2f0bd89b793b;395.35;0.293;BUY
2016-02-14T00:47:31.850000;2016-02-14T00:47:31.997000;a56be467-11bd-4914-bde9-5c6eee25c0f0;395.4;0.279;BUY
2016-02-14T00:47:31.850000;2016-02-14T00:47:31.997000;d6195ce5-b0ea-462e-a003-cb5ebe187d54;395.44;2.826;BUY
2016-02-14T00:47:31.850000;2016-02-14T00:47:31.997000;bd6c70d9-0cf9-4e78-b871-b0860ba52f52;395.45;0.307;BUY
2016-02-14T00:47:31.850000;2016-02-14T00:47:31.997000;48b6c0a0-8d37-4f74-aca3-33a84176c057;395.5;1.09183;BUY
2016-02-14T00:48:01.803000;2016-02-14T00:48:01.950000;2b2ba789-bade-4b95-85a2-88485ffaa33f;395.4;0.19907;BUY
2016-02-14T00:48:12.933000;2016-02-14T00:48:13.073000;94184609-246e-4ae8-9a38-1f29af35e500;395.4;0.281;BUY
2016-02-14T00:48:12.937000;2016-02-14T00:48:13.073000;8236aff9-4ec6-469f-941b-28d56bc6f5a5;395.41;2.734;BUY
2016-02-14T00:48:12.937000;2016-02-14T00:48:13.090000;d007716f-4232-49b3-b58e-16e7d97edc43;395.42;6.985;BUY
2016-02-14T00:48:16.163000;2016-02-14T00:48:16.293000;e8584e56-bf18-4194-bee8-4f1ff88de060;395.42;0.27;BUY
2016-02-14T00:48:16.163000;2016-02-14T00:48:16.310000;7deef2f3-3ea8-43ad-a3ca-7a48da14b763;395.47;0.233;BUY
2016-02-14T00:48:16.163000;2016-02-14T00:48:16.310000;7368284d-ca1b-4511-be19-d0dd6bd8ed1b;395.49;0.01;BUY
2016-02-14T00:48:16.163000;2016-02-14T00:48:16.310000;939cf636-59b5-44be-8b77-aece9dcfe6e0;395.49;0.5251985;BUY
2016-02-14T00:48:32.243000;2016-02-14T00:48:32.373000;67e18de0-82f6-4986-9554-5615ccf45c74;395.48;0.1904;BUY
2016-02-14T00:48:49.270000;2016-02-14T00:48:49.403000;3d959934-b7c6-47e8-a66d-596bd08cfb45;395.49;0.14881;BUY
2016-02-14T00:48:50.550000;2016-02-14T00:48:50.683000;5da96d1b-6d6a-4431-903b-845ff45b5197;395.49;0.14;BUY
2016-02-14T00:49:02.127000;2016-02-14T00:49:02.263000;684386db-30c3-4bad-b4ad-65bee5f81034;395.49;0.198;BUY
2016-02-14T00:49:02.127000;2016-02-14T00:49:02.277000;b0b79bb5-c788-4829-8d06-0bf9b5c628b9;395.5;0.55892;BUY
2016-02-14T00:49:38.583000;2016-02-14T00:49:38.717000;d6baa758-cd78-489f-ad98-8f5c2fa442a5;395.53;0.2;SELL
2016-02-14T00:50:02.083000;2016-02-14T00:50:02.230000;e7d896f1-c77d-48ef-863d-7d24726f7d76;395.61;0.104;BUY
2016-02-14T00:50:02.083000;2016-02-14T00:50:02.230000;25f05c36-0149-4f2a-b3c7-d3342686f190;395.64;2.168;BUY
2016-02-14T00:50:02.083000;2016-02-14T00:50:02.230000;1ace66c3-ef6a-4ae9-b36b-5e56bbd73cd0;395.66;2.377;BUY
2016-02-14T00:50:02.083000;2016-02-14T00:50:02.230000;e6692fec-ad4c-4aa9-8327-63a66dec9c76;395.66;0.207;BUY
2016-02-14T00:50:02.083000;2016-02-14T00:50:02.293000;0031916f-2e7b-469e-90bc-a66b1fd04a57;395.7;5.50284;BUY
2016-02-14T00:50:25.317000;2016-02-14T00:50:25.450000;f7dafb8f-60b0-4015-9f51-a104ec1084b8;395.68;0.01;BUY
2016-02-14T00:50:34.870000;2016-02-14T00:50:35.013000;f8418b15-143d-4c52-a806-7643ffafc2d2;395.7;0.018;SELL
2016-02-14T00:50:34.870000;2016-02-14T00:50:35.013000;bd8bbd9d-3b92-47fc-9b16-b6e8f6fff234;395.69;0.018;SELL
2016-02-14T00:50:34.870000;2016-02-14T00:50:35.027000;98ea047a-805d-4fc7-bb31-0fea1f8f0203;395.67;2.52059;SELL
2016-02-14T00:50:43.097000;2016-02-14T00:50:43.230000;d6575f18-6d25-4d69-bc7d-5ee90b4c15b0;395.67;0.87941;SELL
2016-02-14T00:50:43.097000;2016-02-14T00:50:43.230000;9d7f944e-de58-4a22-819f-c35c72e0cbb5;395.67;0.02;SELL
2016-02-14T00:50:43.097000;2016-02-14T00:50:43.230000;7329c924-70da-44eb-b5c6-d390a5792cdd;395.67;0.13;SELL
2016-02-14T00:51:25.390000;2016-02-14T00:51:25.513000;a7355864-464d-46ca-87e3-21509c2bcb1b;395.67;0.0087885;BUY
2016-02-14T00:51:31.917000;2016-02-14T00:51:32.043000;51bf597c-31e2-4925-92e7-13a1c8904b6d;395.77;0.121;BUY
2016-02-14T00:51:31.917000;2016-02-14T00:51:32.060000;445721f1-7bfb-46b8-b0f5-3e6723b97e38;395.78;0.01694;BUY
2016-02-14T00:51:50.713000;2016-02-14T00:51:50.840000;4822283f-93d8-4097-aa9f-ad73fc656127;395.8;0.01;BUY
2016-02-14T00:51:50.713000;2016-02-14T00:51:50.857000;953acad9-79ab-4b8e-8c1f-dab65a8a0e26;395.86;0.09;BUY
2016-02-14T00:51:50.713000;2016-02-14T00:51:50.857000;1ea67674-8bf2-40ec-971f-fe601fbebbd0;395.93;0.1;BUY
2016-02-14T00:52:02.097000;2016-02-14T00:52:02.217000;85040e50-0b70-49d7-ae63-cb7123b680e3;395.91;0.19;BUY
2016-02-14T00:52:02.097000;2016-02-14T00:52:02.247000;f32583b4-4a14-4773-9c33-31861900a77b;395.92;0.159;BUY
2016-02-14T00:52:02.097000;2016-02-14T00:52:02.247000;856d28b8-34ad-4bfe-8edd-31ce24184d17;395.93;0.30337;BUY
2016-02-14T00:52:12.160000;2016-02-14T00:52:12.293000;2115de63-2af0-4072-a690-ccdaa4777875;395.94;0.036;BUY
2016-02-14T00:52:12.160000;2016-02-14T00:52:12.310000;6a6aa6e0-4c62-4e50-8ff4-69a49d384e0b;395.99;0.064;BUY
2016-02-14T00:52:18.923000;2016-02-14T00:52:19.043000;a01e3380-5e95-41cb-bbb3-a789e8119f2a;396.0;0.01;BUY
2016-02-14T00:52:31.793000;2016-02-14T00:52:31.920000;77906adc-b922-4ac4-82c0-764becce27ec;395.98;0.22802;SELL
2016-02-14T00:52:33.263000;2016-02-14T00:52:33.387000;dcb19330-5b77-4fa0-9f49-aaaa0ae3bafd;396.0;0.01;BUY
2016-02-14T00:53:00.647000;2016-02-14T00:53:00.763000;3498eb82-6f84-49db-b373-f3a200f8945f;396.0;1.0;BUY
2016-02-14T00:53:03.630000;2016-02-14T00:53:03.763000;80f99874-d0b2-414e-90c2-6a622f8f9e27;396.0;0.52794574;BUY
2016-02-14T00:53:03.630000;2016-02-14T00:53:03.777000;5d0cc9b4-c2fc-4c8f-baa4-3b0862177436;396.0;0.2;BUY
2016-02-14T00:53:03.630000;2016-02-14T00:53:03.777000;0ded209d-b9bf-465b-914e-8e39fa5575fd;396.0;0.01;BUY
2016-02-14T00:53:03.630000;2016-02-14T00:53:03.777000;7a54c491-3da1-4ff5-8724-63b4676297f5;396.0;0.01;BUY
2016-02-14T00:53:03.630000;2016-02-14T00:53:03.777000;99ad64c0-0214-4b65-851f-12c989b83e43;396.0;0.01;BUY
2016-02-14T00:53:03.630000;2016-02-14T00:53:03.777000;38d39f97-5b22-4c16-930a-d861333cd2d5;396.02;0.01;BUY
2016-02-14T00:53:03.630000;2016-02-14T00:53:03.857000;06a1427b-b4b1-46fc-b23d-8ebb9ce54d6f;396.1;0.01;BUY
2016-02-14T00:53:03.630000;2016-02-14T00:53:03.857000;b3172143-ae5f-450f-8ae8-0fb5672b4078;396.12;0.131;BUY
2016-02-14T00:53:03.630000;2016-02-14T00:53:03.857000;c7890bc2-66fa-4dd8-abde-210108fbe6dc;396.13;0.12338319;BUY
2016-02-14T00:53:03.777000;2016-02-14T00:53:03.920000;84296c67-bd48-43a4-be2e-2da40b6caa1d;396.13;0.1141;BUY
2016-02-14T00:53:15.793000;2016-02-14T00:53:15.933000;11c688cb-4244-40c7-bd61-4614c52075f1;396.05;0.01;BUY
2016-02-14T00:53:15.793000;2016-02-14T00:53:15.933000;657b1f03-803e-4b4a-8947-0fa469eb13b4;396.13;0.13856881;BUY
2016-02-14T00:53:15.797000;2016-02-14T00:53:15.933000;8a701ae5-e293-4c61-8e2e-f0d63d9db56a;396.14;0.01;BUY
2016-02-14T00:53:15.797000;2016-02-14T00:53:15.950000;27764457-52ff-4bae-b23e-d9c3a906036c;396.15;0.01;BUY
2016-02-14T00:53:15.797000;2016-02-14T00:53:15.950000;ad03768e-66f4-4881-905b-ab9d387556b1;396.2;0.0115;BUY
2016-02-14T00:53:15.797000;2016-02-14T00:53:15.950000;af2f9fcf-d5e7-4ab9-9c2f-051f25756b83;396.2;0.01993119;BUY
2016-02-14T00:53:36.317000;2016-02-14T00:53:36.450000;afbde077-bcc4-414f-bfc5-2de8fd0dac2b;396.18;0.7726;SELL
2016-02-14T00:53:48.360000;2016-02-14T00:53:48.497000;9bf37fff-2bf9-4b4e-9f92-609b36aabda2;396.2;0.04606881;BUY
2016-02-14T00:53:48.360000;2016-02-14T00:53:48.497000;de55028c-d3da-4d52-a16b-11f4bddbc632;396.21;0.00393119;BUY
2016-02-14T00:53:57.477000;2016-02-14T00:53:57.590000;c21904f6-ba60-4085-bf63-fbf0f8909255;396.21;0.00656881;BUY
2016-02-14T00:53:57.477000;2016-02-14T00:53:57.590000;6e60fd21-dc7f-4b21-8b15-d3662b02eb26;396.21;0.00343119;BUY
2016-02-14T00:54:02.020000;2016-02-14T00:54:02.137000;8ea1e5a1-5663-469e-8a05-81e3ccdd9208;396.21;0.50098;BUY
2016-02-14T00:54:33.057000;2016-02-14T00:54:33.170000;ea299c98-56e6-4ce5-b79b-c316dcd4b972;396.21;16.75;BUY
2016-02-14T00:55:03.667000;2016-02-14T00:55:03.793000;6e5cfcf1-7a9b-4528-94f4-80608451ceb8;396.21;0.87661;BUY
2016-02-14T00:55:05.423000;2016-02-14T00:55:05.543000;84b3577c-feab-4c89-8198-47e1b76ff1b6;396.21;0.01;BUY
2016-02-14T00:55:24.980000;2016-02-14T00:55:25.107000;adba84b9-227b-498b-a051-b18b9a644260;396.21;0.85897881;BUY
2016-02-14T00:55:24.980000;2016-02-14T00:55:25.123000;bd563cdf-ede4-49ee-8f34-f22f658ed1eb;396.21;0.123;BUY
2016-02-14T00:55:24.980000;2016-02-14T00:55:25.123000;3c446210-5143-4c1b-8b5c-03058277ad1a;396.21;2.522;BUY
2016-02-14T00:55:24.980000;2016-02-14T00:55:25.123000;8bb2e2e9-3492-4cb0-adb4-2384ccc3b8c7;396.21;0.07;BUY
2016-02-14T00:55:24.980000;2016-02-14T00:55:25.123000;6bdcac59-b9c6-4f6f-96a1-7d2015c47ba4;396.21;7.55615;BUY
2016-02-14T00:55:24.980000;2016-02-14T00:55:25.137000;045938b5-a402-48d1-b765-ec96a144ba5e;396.23;0.01;BUY
2016-02-14T00:55:24.980000;2016-02-14T00:55:25.137000;f22f1955-821e-4a36-8bcc-188139679d33;396.24;0.125;BUY
2016-02-14T00:55:24.980000;2016-02-14T00:55:25.137000;503e32ac-921d-48fe-938f-5b874ccf4e73;396.26;0.164;BUY
2016-02-14T00:55:24.980000;2016-02-14T00:55:25.137000;55db0206-4285-424e-9c78-ed880d9cb733;396.3;0.01;BUY
2016-02-14T00:55:24.980000;2016-02-14T00:55:25.137000;6382726d-f543-4a2c-90b7-bfa1f2204282;396.31;0.147;BUY
2016-02-14T00:55:24.980000;2016-02-14T00:55:25.153000;2879dc0b-91ab-4aa9-92f6-37c5562f3cb1;396.31;2.697;BUY
2016-02-14T00:55:24.980000;2016-02-14T00:55:25.153000;4f8ae2fa-31d3-43a3-aa1a-bf25ae25510e;396.33;0.19;BUY
2016-02-14T00:55:24.980000;2016-02-14T00:55:25.153000;71552aec-ba06-4d02-983f-1af9b888f9d9;396.34;0.01;BUY
2016-02-14T00:55:24.983000;2016-02-14T00:55:25.170000;b1289faf-592e-4caf-affa-e55f3c6a5a51;396.34;2.66;BUY
2016-02-14T00:55:24.983000;2016-02-14T00:55:25.170000;c3384434-116b-4510-90eb-5e7856841508;396.35;0.01;BUY
2016-02-14T00:55:24.983000;2016-02-14T00:55:25.170000;ffc58a9a-9518-46f4-9417-94ea2cb0b098;396.35;2.56;BUY
2016-02-14T00:55:24.983000;2016-02-14T00:55:25.170000;dbde9ed6-4bea-4d13-8227-fdf68b9135d3;396.35;3.04;BUY
2016-02-14T00:55:24.983000;2016-02-14T00:55:25.170000;00cefe7b-873a-47db-8a1c-376d7f5decd8;396.36;0.131;BUY
2016-02-14T00:55:24.983000;2016-02-14T00:55:25.170000;da06fae3-15d3-45ae-bb52-c942893f787c;396.39;3.04;BUY
2016-02-14T00:55:24.983000;2016-02-14T00:55:25.200000;87009652-9775-49ca-a752-a937936210f9;396.4;0.01;BUY
2016-02-14T00:55:24.983000;2016-02-14T00:55:25.217000;2d08c22b-43d9-4473-a4d8-0a820a3fc332;396.4;0.01;BUY
2016-02-14T00:55:24.983000;2016-02-14T00:55:25.217000;e6d3174a-c660-4635-aa78-b4d1272862f9;396.4;3.04;BUY
2016-02-14T00:55:24.983000;2016-02-14T00:55:25.217000;58f0f6b0-0379-47c5-b972-664494f47bcf;396.41;0.162;BUY
2016-02-14T00:55:24.983000;2016-02-14T00:55:25.217000;1d370e1c-40c9-4ddc-8644-0287f59d4bb9;396.42;3.04;BUY
2016-02-14T00:55:24.983000;2016-02-14T00:55:25.217000;6a135093-7a08-499e-8052-774bb78dde2d;396.43;0.01;BUY
2016-02-14T00:55:24.983000;2016-02-14T00:55:25.217000;58527fb8-4440-40bb-9b4b-b3ccce7576d9;396.43;0.01;BUY
2016-02-14T00:55:24.983000;2016-02-14T00:55:25.217000;00f0cd84-dc9b-4584-81a4-be962b399ea1;396.44;6.27;BUY
2016-02-14T00:55:24.983000;2016-02-14T00:55:25.217000;7a71172c-2a9f-4958-8372-9826ae9934e3;396.45;2.37;BUY
2016-02-14T00:55:24.983000;2016-02-14T00:55:25.217000;f01ea318-fcd5-42f7-9ed6-be463b0c204b;396.45;13.81;BUY
2016-02-14T00:55:24.983000;2016-02-14T00:55:25.217000;007ddf68-528c-43f4-8293-1b828c0271fe;396.46;0.13;BUY
2016-02-14T00:55:24.987000;2016-02-14T00:55:25.217000;3ee7679b-f3d9-4348-976f-4f63f6d0bd1a;396.5;0.03407354;BUY
2016-02-14T00:55:24.987000;2016-02-14T00:55:25.217000;d4fa5ece-1292-49fb-8665-52077fa33aa6;396.51;0.134;BUY
2016-02-14T00:55:24.987000;2016-02-14T00:55:25.217000;c1214007-3e18-4f32-80ef-5c03363ba534;396.52;0.01;BUY
2016-02-14T00:55:24.987000;2016-02-14T00:55:25.217000;2966c399-7781-4f44-b732-2334dd4086e0;396.52;0.01;BUY
2016-02-14T00:55:24.987000;2016-02-14T00:55:25.217000;0a1d5178-03eb-411f-aa33-8e21b34bdf08;396.53;0.01;BUY
2016-02-14T00:55:24.987000;2016-02-14T00:55:25.217000;bfcede5b-9769-4976-8876-c6039d6d3446;396.53;0.01;BUY
2016-02-14T00:55:24.987000;2016-02-14T00:55:25.217000;2faa97ff-0f9e-49b7-b9b8-4200a53eb47f;396.56;0.172;BUY
2016-02-14T00:55:24.987000;2016-02-14T00:55:25.230000;778db9ae-1a1e-4b30-be96-d9f4dc26dd02;396.58;0.01;BUY
2016-02-14T00:55:24.987000;2016-02-14T00:55:25.230000;8243baab-614f-48dd-acf0-7d93632597c6;396.58;2.362;BUY
2016-02-14T00:55:24.987000;2016-02-14T00:55:25.230000;db5b582d-6ed7-49e8-80a2-27ac11d32c95;396.59;4.47;BUY
2016-02-14T00:55:24.987000;2016-02-14T00:55:25.230000;1a9be0c2-36e6-4622-8d3b-a3a6c7d69ecf;396.6;0.01;BUY
2016-02-14T00:55:24.987000;2016-02-14T00:55:25.230000;fcd02136-236a-4f98-bc9d-94cff556512e;396.61;0.01;BUY
2016-02-14T00:55:24.987000;2016-02-14T00:55:25.230000;a256a46e-45db-46e2-83a0-bb203bf60ae9;396.61;0.169;BUY
2016-02-14T00:55:24.987000;2016-02-14T00:55:25.230000;e958f0a9-8a5d-4aa4-9b46-bb851ea442bb;396.62;0.01;BUY
2016-02-14T00:55:24.987000;2016-02-14T00:55:25.247000;a308d2df-916f-4754-83aa-8bcc8aa418b7;396.63;0.01;BUY
2016-02-14T00:55:24.987000;2016-02-14T00:55:25.247000;ebdee66f-846a-4182-916b-b8bf8d6caf69;396.63;0.01;BUY
2016-02-14T00:55:24.987000;2016-02-14T00:55:25.247000;c04fdf5b-1f56-411c-873b-6ca0fa81b923;396.64;0.01;BUY
2016-02-14T00:55:24.990000;2016-02-14T00:55:25.247000;cba28937-0fb8-4fd7-a01b-ddb083d425ec;396.64;0.01;BUY
2016-02-14T00:55:24.990000;2016-02-14T00:55:25.247000;a8f27457-f3f4-4e52-94fb-866a2934ff4b;396.66;0.14;BUY
2016-02-14T00:55:24.990000;2016-02-14T00:55:25.247000;19e40d75-7e30-4ab1-bafa-33e08a059927;396.67;0.02;BUY
2016-02-14T00:55:24.990000;2016-02-14T00:55:25.247000;cc213dea-890b-4b18-84b4-40ea66c18d28;396.68;7.98;BUY
2016-02-14T00:55:24.990000;2016-02-14T00:55:25.247000;315ecc20-bb5e-45b5-b990-c676393ed47e;396.69;0.01;BUY
2016-02-14T00:55:24.990000;2016-02-14T00:55:25.263000;9aa9fe35-dcbd-4df8-9371-70e42f1d38dc;396.7;7.98;BUY
2016-02-14T00:55:24.990000;2016-02-14T00:55:25.263000;b263bf58-1efb-49e7-80a8-051e5ad0fd48;396.71;0.167;BUY
2016-02-14T00:55:24.990000;2016-02-14T00:55:25.263000;4451bb01-a0f1-4401-a7ae-30bc4689875c;396.71;1.45579765;BUY
2016-02-14T00:55:31.813000;2016-02-14T00:55:31.933000;ca9320f5-20cf-401c-bf2f-4c8dd2850774;396.28;0.01;SELL
2016-02-14T00:55:31.813000;2016-02-14T00:55:31.950000;b55dc960-2333-44d6-b21e-b95315375ded;396.28;0.02;SELL
2016-02-14T00:55:31.813000;2016-02-14T00:55:31.967000;6eec29a2-f691-4bb4-aa66-0c1c4113c521;396.27;0.25;SELL
2016-02-14T00:55:31.813000;2016-02-14T00:55:31.967000;9daa4846-5965-4585-9db9-8344843dc8b2;396.21;3.61666;SELL
2016-02-14T00:55:39.857000;2016-02-14T00:55:39.980000;a8bdb003-4166-4f01-8ddf-88a4cb57a269;396.31;0.01;SELL
2016-02-14T00:55:50.840000;2016-02-14T00:55:50.950000;d90c6f99-5a20-4b7b-965a-ac0b49aa2bf7;396.31;0.005;SELL
2016-02-14T00:55:50.840000;2016-02-14T00:55:50.967000;35c97be9-f7cd-43e4-be92-b68353810f9d;396.3;0.015;SELL
2016-02-14T00:55:50.840000;2016-02-14T00:55:50.967000;1171ef5f-7bec-45b2-9503-e08cc539ab85;396.29;0.015;SELL
2016-02-14T00:55:50.840000;2016-02-14T00:55:50.967000;897c933a-ffff-43d1-bfff-c900dfd8f359;396.24;0.165;SELL
2016-02-14T00:56:02.347000;2016-02-14T00:56:02.467000;5bcdc006-ca70-4e92-92b5-ae6819f9e2ed;396.27;0.089;BUY
2016-02-14T00:56:02.347000;2016-02-14T00:56:02.467000;eef2482f-d760-4817-bcae-fd8a40b7d54b;396.27;0.96273;BUY
2016-02-14T00:56:17.290000;2016-02-14T00:56:17.420000;66efcb98-d2fc-4925-ad77-9b4b6c8ec511;396.26;0.015;SELL
2016-02-14T00:56:18.947000;2016-02-14T00:56:19.077000;a47bf5b2-d117-45af-ad1c-059601af0e8b;396.26;0.5637885;BUY
2016-02-14T00:56:18.947000;2016-02-14T00:56:19.077000;d4e0448b-4316-4097-9a11-b87f10a90019;396.26;0.128;BUY
2016-02-14T00:56:18.947000;2016-02-14T00:56:19.077000;8c7c77ae-dd46-440f-9de9-cd26ce3eb177;396.26;7.5413;BUY
2016-02-14T00:56:18.947000;2016-02-14T00:56:19.077000;81a8aff6-b606-46b4-87a4-dc53fb52b260;396.26;7.9723;BUY
2016-02-14T00:56:32.147000;2016-02-14T00:56:32.263000;e1c1ffec-26fb-45be-92b0-fe3940377069;396.28;3.9619;BUY
2016-02-14T00:56:32.147000;2016-02-14T00:56:32.263000;43bdc7d4-403d-4f96-bf22-a1bb3222d0ed;396.28;0.127;BUY
2016-02-14T00:56:32.147000;2016-02-14T00:56:32.263000;7f2439f4-dd0b-485e-b7f6-581d76dc8f57;396.31;2.543;BUY
2016-02-14T00:56:32.147000;2016-02-14T00:56:32.263000;60864faa-dc75-45b9-aa65-76a1c4e1d9bb;396.33;0.103;BUY
2016-02-14T00:56:32.147000;2016-02-14T00:56:32.277000;95b82341-8f7e-4178-b1ec-7aa8404a41a8;396.34;0.80913;BUY
2016-02-14T00:57:31.813000;2016-02-14T00:57:31.843000;83556bf5-a7bc-4bb6-90fe-9c396eabe35e;396.35;0.25;SELL
2016-02-14T00:57:31.813000;2016-02-14T00:57:31.860000;9e2d9fa3-a070-4f38-865c-0d1119534f06;396.35;0.37294;SELL
2016-02-14T00:58:02.133000;2016-02-14T00:58:02.173000;034b62f1-e2ba-456b-b756-cd0dc6e0c9cd;396.44;0.25;SELL
2016-02-14T00:58:02.133000;2016-02-14T00:58:02.173000;98a60604-952b-4230-bd53-bd0ff143e92d;396.4;0.01;SELL
2016-02-14T00:58:02.133000;2016-02-14T00:58:02.173000;0279b6da-d219-4ded-ac8b-5ee5f752693e;396.37;0.014;SELL
2016-02-14T00:58:02.133000;2016-02-14T00:58:02.187000;c197ed2f-1e97-41e0-b78b-0d52b9cf1852;396.36;0.014;SELL
2016-02-14T00:58:02.133000;2016-02-14T00:58:02.203000;79c4bcc5-bb67-4df7-b890-3fdf0ceb0266;396.36;0.075;SELL
2016-02-14T00:58:02.133000;2016-02-14T00:58:02.203000;13baea81-1436-4cf7-95a8-6d76d85cc2e1;396.35;0.19;SELL
2016-02-14T00:58:02.133000;2016-02-14T00:58:02.203000;735758f4-0892-42fa-8cfd-e3ecca00aa42;396.34;0.014;SELL
2016-02-14T00:58:02.133000;2016-02-14T00:58:02.203000;4f00801a-7e8f-440d-8c57-886beabf5ea7;396.34;0.25602;SELL
2016-02-14T00:58:06.920000;2016-02-14T00:58:06.970000;d2022457-c527-4d9d-83ac-34a03d33dfd8;396.43;0.095;BUY
2016-02-14T00:58:06.920000;2016-02-14T00:58:06.970000;d66cf9d0-d528-4bb1-97f9-f66317029619;396.44;0.095;BUY
2016-02-14T00:58:08.277000;2016-02-14T00:58:08.313000;0ac8c710-b99a-4734-84f0-2b2981d305ab;396.44;0.51;BUY
2016-02-14T00:58:32.473000;2016-02-14T00:58:32.500000;d83506c0-d9d7-4877-9859-811cc7ecee79;396.4;1.03881;BUY
2016-02-14T00:59:32.350000;2016-02-14T00:59:32.407000;4a7bcc43-605a-4865-ad43-d5996a2613a2;396.39;0.014;SELL
2016-02-14T00:59:32.350000;2016-02-14T00:59:32.407000;1cb95e3e-547a-49fe-9326-a3c6d4aba54d;396.39;0.1;SELL
2016-02-14T00:59:32.350000;2016-02-14T00:59:32.407000;2e8fa8f8-a645-4151-a6c4-5cb68a19062c;396.39;0.14;SELL
2016-02-14T00:59:32.350000;2016-02-14T00:59:32.407000;d3e1dc8a-652c-45fc-a264-16adf96c9850;396.39;0.0543;SELL
2016-02-14T00:59:32.353000;2016-02-14T00:59:32.407000;c8c93f7c-ca0b-4481-947a-e0821cd7699b;396.39;3.6903;SELL
2016-02-14T01:00:02.767000;2016-02-14T01:00:02.797000;c2ccc611-9ee7-49f0-9070-c157d43592a9;396.39;0.22482;SELL
2016-02-14T01:00:30.260000;2016-02-14T01:00:30.280000;274fe1a7-db3a-45d4-8ac7-b3499245fe05;396.39;3.08488;SELL
2016-02-14T01:00:32.243000;2016-02-14T01:00:32.280000;0d92a4cf-7875-4b68-8150-da8fc06fa5b4;396.39;0.083;BUY
2016-02-14T01:00:32.243000;2016-02-14T01:00:32.280000;b837229e-ae93-4ccd-9359-ff3dc4acb3e9;396.39;3.94194;BUY
2016-02-14T01:00:49.337000;2016-02-14T01:00:49.377000;c9340181-6c13-4b2e-86ff-866ef0eb11cc;396.38;0.014;SELL
2016-02-14T01:00:49.337000;2016-02-14T01:00:49.377000;9f17abb5-726c-43e4-bb5e-e8b34e651381;396.37;0.014;SELL
2016-02-14T01:00:49.337000;2016-02-14T01:00:49.377000;e5e18225-738e-4b30-8e19-5194ff01c817;396.34;0.01;SELL
2016-02-14T01:00:51.673000;2016-02-14T01:00:51.703000;2daf86f4-2453-460c-86ca-f4e64a725c84;396.32;0.015;SELL
2016-02-14T01:00:51.673000;2016-02-14T01:00:51.703000;437c2570-1f36-4298-8b08-d25983fa5ee8;396.31;0.015;SELL
2016-02-14T01:00:51.673000;2016-02-14T01:00:51.703000;43d65369-b85d-4a05-8893-cd06ea6a9831;396.31;0.015;SELL
2016-02-14T01:00:51.673000;2016-02-14T01:00:51.720000;7bb5454b-308c-4459-8861-9ef62c575fcf;396.3;0.0115;SELL
2016-02-14T01:00:51.673000;2016-02-14T01:00:51.720000;c559bd23-2678-45da-8ba5-f4b9c9815ead;396.29;0.014;SELL
2016-02-14T01:00:53.927000;2016-02-14T01:00:53.970000;c56887f1-aca7-42fa-8de9-02bfcd4cb288;396.29;0.027;SELL
2016-02-14T01:00:53.927000;2016-02-14T01:00:53.983000;61a33a73-e91f-4bb3-83bd-8bb3d1793fcb;396.28;0.014;SELL
2016-02-14T01:00:53.930000;2016-02-14T01:00:53.983000;9f14ad55-d320-43a7-b830-cd229a3d3a3b;396.25;0.015;SELL
2016-02-14T01:01:02.473000;2016-02-14T01:01:02.500000;4fb4e892-11fe-40f9-a906-c8911986da68;396.24;2.602;BUY
2016-02-14T01:01:02.473000;2016-02-14T01:01:02.500000;7354a8fc-bd11-445f-ae6b-0132ff6aed46;396.24;0.09;BUY
2016-02-14T01:01:02.473000;2016-02-14T01:01:02.500000;0c8e6f6e-9ed7-401d-90d2-7cc07fd63f8d;396.24;0.081;BUY
2016-02-14T01:01:02.473000;2016-02-14T01:01:02.517000;20a78ae2-0845-4307-b26b-7c36ab2f1121;396.26;3.8;BUY
2016-02-14T01:01:02.473000;2016-02-14T01:01:02.517000;9b24bcc1-3b5e-43b9-b706-721b19b456b4;396.27;0.015;BUY
2016-02-14T01:01:02.473000;2016-02-14T01:01:02.517000;72b46c11-942c-491e-b17e-00afe21c9aa8;396.27;0.015;BUY
2016-02-14T01:01:02.473000;2016-02-14T01:01:02.517000;9697469e-9454-4c53-861e-9ba64962533c;396.27;5.13;BUY
2016-02-14T01:01:02.473000;2016-02-14T01:01:02.517000;92f4b208-bdae-45bf-8061-09af6c84ab30;396.28;0.015;BUY
2016-02-14T01:01:02.473000;2016-02-14T01:01:02.517000;019c56a6-9e77-4345-9a33-57b31f37c5ed;396.28;3.2526;BUY
2016-02-14T01:01:07.127000;2016-02-14T01:01:07.157000;4a2980e1-cdce-4be1-9068-d2b1c9b9750d;396.23;0.015;SELL
2016-02-14T01:01:07.127000;2016-02-14T01:01:07.173000;fc3cce0e-4ee0-4f35-a1a1-f94bafadb757;396.22;0.015;SELL
2016-02-14T01:01:07.127000;2016-02-14T01:01:07.173000;6f939936-0f2d-4c1f-af92-4ec574bb261b;396.21;0.015;SELL
2016-02-14T01:01:07.127000;2016-02-14T01:01:07.173000;ffd191da-8428-4af0-bf9c-c24862c65d43;396.2;0.016;SELL
2016-02-14T01:01:07.127000;2016-02-14T01:01:07.173000;d6c13783-1cd0-4dee-a9d2-85a5ac2b42b3;396.2;0.01;SELL
2016-02-14T01:01:07.127000;2016-02-14T01:01:07.187000;64d602be-48fa-4c38-b483-57d0f6b7eb9d;396.19;0.016;SELL
2016-02-14T01:01:07.127000;2016-02-14T01:01:07.187000;67c01106-e9b4-4dd0-acc0-476137419e84;396.17;0.016;SELL
2016-02-14T01:01:07.127000;2016-02-14T01:01:07.187000;abce9c42-7491-438f-9b4c-c383689e9d2a;396.16;0.016;SELL
2016-02-14T01:01:07.127000;2016-02-14T01:01:07.187000;2a3519a3-fd0c-4054-bfe6-691d4b2858fe;396.15;0.016;SELL
2016-02-14T01:01:07.127000;2016-02-14T01:01:07.187000;83b5ccaf-0ff5-4b5e-8c0c-888d7bdab906;396.13;0.05;SELL
2016-02-14T01:01:07.127000;2016-02-14T01:01:07.187000;fc8c084c-3db8-475e-982d-4edf7da0bae0;396.11;0.01;SELL
2016-02-14T01:01:07.127000;2016-02-14T01:01:07.187000;be8d10e7-5780-4f3f-80cd-17cb89039377;396.0;0.005;SELL
2016-02-14T01:01:19.130000;2016-02-14T01:01:19.157000;d14b97fd-ed53-43d9-b02e-50df42060469;396.1;0.1;BUY
2016-02-14T01:01:21.630000;2016-02-14T01:01:21.657000;857c9f92-398a-433c-92b6-9aee12f9d2ae;396.1;1.0;BUY
2016-02-14T01:01:44.493000;2016-02-14T01:01:44.517000;f618392d-6436-4b86-b469-94612931e1e7;396.09;0.015;SELL
2016-02-14T01:01:44.493000;2016-02-14T01:01:44.530000;85ab7064-2483-4192-a478-afbf8383dcc2;396.08;0.015;SELL
2016-02-14T01:01:44.493000;2016-02-14T01:01:44.530000;fbbab20e-e406-470f-84c2-cb62e8c1b7f6;396.07;0.015;SELL
2016-02-14T01:01:44.493000;2016-02-14T01:01:44.530000;ea238e2b-8b3d-442d-af6d-2be6400fa848;396.07;0.25;SELL
2016-02-14T01:01:44.493000;2016-02-14T01:01:44.530000;43ee1469-2e4e-412b-b40b-82907f94d22e;396.06;0.015;SELL
2016-02-14T01:01:44.493000;2016-02-14T01:01:44.627000;265f1ab8-698c-4da2-8503-286a7553ebda;396.06;0.015;SELL
2016-02-14T01:01:44.493000;2016-02-14T01:01:44.627000;e7959905-4250-4855-ba93-20ad8d0a3990;396.06;0.103;SELL
2016-02-14T01:01:44.493000;2016-02-14T01:01:44.627000;9cc9297c-3fad-4a79-b33a-34dff1cee549;396.05;0.015;SELL
2016-02-14T01:01:44.493000;2016-02-14T01:01:44.627000;b2bf4ea5-1774-4a6d-b92a-ae1c3c91a2b8;396.05;0.092;SELL
2016-02-14T01:01:44.493000;2016-02-14T01:01:44.627000;db4e9001-f7de-4543-a7af-f8c4122396f9;396.04;0.015;SELL
2016-02-14T01:01:44.497000;2016-02-14T01:01:44.627000;cc967f24-7fc9-4760-b924-563d8852e418;396.04;0.104;SELL
2016-02-14T01:01:44.497000;2016-02-14T01:01:44.627000;df4186e5-a81b-4e4c-a3b4-1496152d27cd;396.03;0.015;SELL
2016-02-14T01:01:44.497000;2016-02-14T01:01:44.627000;6c610bea-c5b4-4490-9af3-d00976fe2e4a;396.02;0.015;SELL
2016-02-14T01:01:44.497000;2016-02-14T01:01:44.627000;ee0e4586-2fe4-4585-a594-6a2aba777809;396.02;0.015;SELL
2016-02-14T01:01:44.497000;2016-02-14T01:01:44.627000;4a19d3c3-14e4-4bfc-84bf-85cf752d6d85;396.01;0.015;SELL
2016-02-14T01:01:44.497000;2016-02-14T01:01:44.627000;e0c2a410-e2fd-454e-84e9-1bf273793c3c;396.01;0.015;SELL
2016-02-14T01:01:44.497000;2016-02-14T01:01:44.627000;4cabc3c2-33a0-4477-b9d1-b872d3a2acd2;396.0;0.005;SELL
2016-02-14T01:01:44.497000;2016-02-14T01:01:44.627000;fe1902d4-216f-4ed4-b7dd-0cab983805ef;396.0;0.074;SELL
2016-02-14T01:01:44.497000;2016-02-14T01:01:44.627000;fe828d27-3d91-41e7-b7de-2dda75d2df25;395.99;0.017;SELL
2016-02-14T01:01:44.497000;2016-02-14T01:01:44.627000;af34c344-251d-4ce8-b33d-ef0f2e47ea01;395.95;0.11;SELL
2016-02-14T01:01:44.497000;2016-02-14T01:01:44.627000;ef52ebaa-70ad-4f7a-bf8a-fa740a7ce545;395.93;0.05;SELL
2016-02-14T01:02:06.257000;2016-02-14T01:02:06.297000;72411ea1-2f1d-4db4-9f3f-45857d0f9ebe;395.92;0.116;BUY
2016-02-14T01:02:06.257000;2016-02-14T01:02:06.297000;ca8dd291-6186-4977-bc16-8d8d00c3e261;395.96;0.95;BUY
2016-02-14T01:02:06.257000;2016-02-14T01:02:06.297000;947e4bf9-c921-4ae0-b0fa-6a09a8f4d955;395.97;0.096;BUY
2016-02-14T01:02:06.257000;2016-02-14T01:02:06.297000;607d1c13-91a6-4f6c-808a-d66cede03761;396.0;0.92669;BUY
2016-02-14T01:02:13.737000;2016-02-14T01:02:13.767000;8de42abe-2caa-41ee-ba8d-245643bf2f67;395.93;0.01;SELL
2016-02-14T01:02:13.737000;2016-02-14T01:02:13.767000;0d7e076f-b90f-43a3-adf8-5a53853023c8;395.92;0.01;SELL
2016-02-14T01:02:13.737000;2016-02-14T01:02:13.767000;2e50b737-58a9-4bac-8c7c-4e33e0457358;395.92;0.00856792;SELL
2016-02-14T01:02:20.733000;2016-02-14T01:02:20.767000;a0d86ccf-bc1f-4a4b-9238-105d28e72182;395.94;0.05;BUY
2016-02-14T01:02:32.270000;2016-02-14T01:02:32.297000;b5060ab8-98c8-47f1-8f05-22aeda518d64;395.93;2.35504;BUY
2016-02-14T01:03:01.960000;2016-02-14T01:03:01.983000;7fc29db7-f251-4c4e-afda-94bd61b097b3;395.93;0.16293;BUY
2016-02-14T01:03:14.487000;2016-02-14T01:03:14.517000;d14e2966-1965-4fd1-8829-7f6dd53fa01d;395.92;0.00643208;SELL
2016-02-14T01:03:16.493000;2016-02-14T01:03:16.517000;fa6e68d6-b744-445a-b54d-07f5f89086cb;395.91;0.25;SELL
2016-02-14T01:03:16.603000;2016-02-14T01:03:16.627000;495cfdde-3142-44f8-a204-8149c4594071;395.9;0.124;SELL
2016-02-14T01:03:33.200000;2016-02-14T01:03:33.250000;2b71992b-0086-4368-aa0a-d19ebd7a0e16;395.9;0.206;SELL
2016-02-14T01:03:33.200000;2016-02-14T01:03:33.267000;48b8c721-4249-467e-a201-925aefca200a;395.89;0.01;SELL
2016-02-14T01:03:33.200000;2016-02-14T01:03:33.267000;27d54818-d1d8-40da-a19d-ddab1de820c2;395.89;0.02;SELL
2016-02-14T01:03:33.203000;2016-02-14T01:03:33.267000;0cdbde8e-de56-4536-a219-0ea93c175832;395.86;0.017;SELL
2016-02-14T01:03:33.203000;2016-02-14T01:03:33.267000;870103c0-8ef3-4ca2-a248-df174288afb2;395.85;0.017;SELL
2016-02-14T01:03:33.203000;2016-02-14T01:03:33.267000;05ce314d-cc06-4485-bf57-b4455415ecd9;395.85;0.122;SELL
2016-02-14T01:03:33.203000;2016-02-14T01:03:33.267000;96f1ed7e-b0f6-4abe-bc85-7e3275d409a5;395.84;0.017;SELL
2016-02-14T01:03:33.203000;2016-02-14T01:03:33.267000;7c6a59b9-4e47-4b8c-be58-538919f57d92;395.84;0.103;SELL
2016-02-14T01:03:33.203000;2016-02-14T01:03:33.267000;3b344da2-8300-4661-8527-d1a928a68337;395.8;0.027;SELL
2016-02-14T01:03:33.203000;2016-02-14T01:03:33.267000;2d3c5eeb-f5f3-4e8e-93e3-7f2532afc655;395.8;0.01;SELL
2016-02-14T01:03:33.203000;2016-02-14T01:03:33.313000;31b5c6d2-f54c-47c2-8f26-02582dd0a75e;395.79;0.101;SELL
2016-02-14T01:03:33.203000;2016-02-14T01:03:33.313000;324f2971-ce0d-44ac-803b-c97078a072dc;395.78;0.017;SELL
2016-02-14T01:03:33.203000;2016-02-14T01:03:33.313000;3bf2674c-5a41-4f83-863b-f57b45e4749f;395.78;0.027;SELL
2016-02-14T01:03:33.207000;2016-02-14T01:03:33.313000;4f3598cc-3371-4a13-bb0c-676cebba7e43;395.77;0.017;SELL
2016-02-14T01:03:33.207000;2016-02-14T01:03:33.313000;ba923150-928c-4232-80d3-dca6eb8a8e0d;395.76;0.017;SELL
2016-02-14T01:03:33.207000;2016-02-14T01:03:33.313000;50e6838c-90ca-40c3-bf5e-b9712c7c96ee;395.76;0.027;SELL
2016-02-14T01:03:33.207000;2016-02-14T01:03:33.313000;8926ca20-a93b-4f17-b0c2-9b8d678e0fff;395.75;0.01;SELL
2016-02-14T01:03:33.207000;2016-02-14T01:03:33.313000;55eb74a6-f9b3-42d3-90ef-16a7eb3559c5;395.74;0.093;SELL
2016-02-14T01:03:33.207000;2016-02-14T01:03:33.313000;cc86d338-e51c-48cb-8520-cb6fd9326917;395.74;0.26;SELL
2016-02-14T01:03:33.207000;2016-02-14T01:03:33.313000;272d229d-0b2b-4562-b3fc-bbef0354fcfc;395.73;0.017;SELL
2016-02-14T01:03:33.207000;2016-02-14T01:03:33.313000;11da1932-e21a-4c8b-b782-b80bdc8d063f;395.73;0.01;SELL
2016-02-14T01:03:33.207000;2016-02-14T01:03:33.313000;b91f8667-da76-451d-9264-9c7ce3448c49;395.72;0.017;SELL
2016-02-14T01:03:33.207000;2016-02-14T01:03:33.313000;47ca4280-a0e5-43ad-9484-085f83adf6fc;395.71;0.017;SELL
2016-02-14T01:03:33.210000;2016-02-14T01:03:33.313000;7118f06b-41c6-4b1e-bd74-3de7e02cb27c;395.69;0.099;SELL
2016-02-14T01:03:33.210000;2016-02-14T01:03:33.313000;2e103e31-42c6-4aa5-8da2-29ccdc987fd2;395.68;0.075;SELL
2016-02-14T01:03:33.210000;2016-02-14T01:03:33.313000;ab4c99e5-d36d-471c-9684-8c727bdbe42e;395.64;0.018;SELL
2016-02-14T01:03:33.210000;2016-02-14T01:03:33.313000;0ccf2418-a8c0-4765-9bdf-2a61c54053a8;395.64;0.103;SELL
2016-02-14T01:03:33.210000;2016-02-14T01:03:33.313000;0094fba1-b1c2-487e-87d8-9aa89199812d;395.63;0.018;SELL
2016-02-14T01:03:33.210000;2016-02-14T01:03:33.313000;cdc4b703-84e8-40f6-bd33-a0ad95e14c4f;395.63;0.05;SELL
2016-02-14T01:03:33.210000;2016-02-14T01:03:33.343000;d3bb033c-6835-4475-a347-0b1e16cf2e19;395.63;0.108;SELL
2016-02-14T01:03:33.210000;2016-02-14T01:03:33.343000;634f0e80-8d8d-4f70-baf5-c7231c4a335f;395.62;0.018;SELL
2016-02-14T01:03:33.210000;2016-02-14T01:03:33.343000;4634f305-c050-4f5e-8e38-e0b32331493d;395.62;0.02;SELL
2016-02-14T01:03:33.210000;2016-02-14T01:03:33.343000;ed3696ff-20b9-4918-b88b-bfe031a138b9;395.6;0.02;SELL
2016-02-14T01:03:33.213000;2016-02-14T01:03:33.343000;aa84af0c-255e-465a-acd5-4aa9003f3e70;395.6;0.01;SELL
2016-02-14T01:03:33.213000;2016-02-14T01:03:33.343000;04fa6034-49af-40f6-9217-5f4166249e5f;395.58;0.102;SELL
2016-02-14T01:03:33.213000;2016-02-14T01:03:33.343000;9b1bee97-9f31-4598-94a5-7362d755e8ba;395.57;0.018;SELL
2016-02-14T01:03:33.213000;2016-02-14T01:03:33.360000;2eb743c3-c852-4ca3-b39a-b9b1af3f14dd;395.57;0.02;SELL
2016-02-14T01:03:33.213000;2016-02-14T01:03:33.377000;c38224d2-fbb0-4116-b388-a9610c90af35;395.57;0.19;SELL
2016-02-14T01:03:33.213000;2016-02-14T01:03:33.377000;0c09ad82-e495-457d-93e4-505291886577;395.56;0.018;SELL
2016-02-14T01:03:33.213000;2016-02-14T01:03:33.377000;a1671312-a0b0-4570-b64f-906e2bc5fc0f;395.55;1.0;SELL
2016-02-14T01:03:33.213000;2016-02-14T01:03:33.377000;385f1368-5e25-425a-9a74-2dfc26093f6b;395.54;0.95;SELL
2016-02-14T01:03:33.213000;2016-02-14T01:03:33.377000;1af96fdb-8272-41fa-8931-a9e27f352858;395.53;0.099;SELL
2016-02-14T01:03:33.213000;2016-02-14T01:03:33.377000;fd8c76b7-728a-48d2-a843-e83a9442dbec;395.52;0.027;SELL
2016-02-14T01:03:33.213000;2016-02-14T01:03:33.377000;53be90d7-2db1-4bc3-a476-8abba1cf410f;395.52;0.36463;SELL
2016-02-14T01:04:06.330000;2016-02-14T01:04:06.360000;095b553d-090f-4080-859a-0e70c5b31fda;395.85;0.05;BUY
2016-02-14T01:04:06.330000;2016-02-14T01:04:06.377000;4c4a6b09-3418-4032-97ba-008b39f76637;395.85;0.05;BUY
2016-02-14T01:04:06.330000;2016-02-14T01:04:06.377000;ea99965e-3776-43c6-bd31-77e71d2cda51;395.85;0.011;BUY
2016-02-14T01:04:06.330000;2016-02-14T01:04:06.377000;8bd1a739-4ba1-43c2-824a-84066970933e;395.85;0.1265;BUY
2016-02-14T01:04:19.067000;2016-02-14T01:04:19.080000;06aa0cc7-7323-48a3-8a97-09d6592aab30;395.85;0.025;SELL
2016-02-14T01:04:19.067000;2016-02-14T01:04:19.093000;eee8cad0-cdb7-4ce6-9cb4-669cd3f83370;395.84;0.25;SELL
2016-02-14T01:04:19.067000;2016-02-14T01:04:19.093000;e592e181-bff6-4f80-af7a-eb430de02fc8;395.84;0.01;SELL
2016-02-14T01:04:19.067000;2016-02-14T01:04:19.093000;c5e83d97-1dbf-439e-97a7-d6b061cf32a5;395.83;0.015;SELL
2016-02-14T01:04:19.067000;2016-02-14T01:04:19.093000;d30134f6-61ef-42fe-98b1-aedbe0ca8950;395.83;0.015;SELL
2016-02-14T01:04:19.070000;2016-02-14T01:04:19.127000;0c460568-4da3-40b7-b511-4459a23c064a;395.83;0.104;SELL
2016-02-14T01:04:19.070000;2016-02-14T01:04:19.127000;0d045b22-71d7-4603-b926-143ce4c5aa8a;395.82;0.015;SELL
2016-02-14T01:04:19.070000;2016-02-14T01:04:19.127000;3cecc438-f50a-4d3c-9124-2879350346ff;395.81;0.015;SELL
2016-02-14T01:04:19.070000;2016-02-14T01:04:19.127000;dca780f3-afec-46e8-ae25-5b7dcb2ad282;395.81;0.015;SELL
2016-02-14T01:04:19.070000;2016-02-14T01:04:19.127000;2686917c-b920-4b3d-8f90-e12bec4c116a;395.78;0.046;SELL
2016-02-14T01:04:32.767000;2016-02-14T01:04:32.783000;24a921cb-9ea4-4efd-8888-802cd25674e7;395.83;1.37634;BUY
2016-02-14T01:04:36.217000;2016-02-14T01:04:36.233000;ca0561f9-662f-4310-8c72-a87ff819dc1b;395.81;0.024;SELL
2016-02-14T01:04:36.217000;2016-02-14T01:04:36.250000;5226acb2-3cc7-4b51-b525-3a5abc32f787;395.8;0.015;SELL
2016-02-14T01:04:36.217000;2016-02-14T01:04:36.250000;41659435-06a9-4828-9072-3b042c71a18b;395.8;0.25;SELL
2016-02-14T01:05:02.473000;2016-02-14T01:05:02.483000;e0bc1ce0-cc55-4588-abda-b863c3d20bf8;395.79;0.015;SELL
2016-02-14T01:05:02.473000;2016-02-14T01:05:02.517000;48b47910-86c9-43c1-a4e1-41d2dcb7045e;395.78;0.015;SELL
2016-02-14T01:05:02.473000;2016-02-14T01:05:02.517000;98fc66b7-5847-41a5-9e91-8ac96f192c4a;395.78;0.015;SELL
2016-02-14T01:05:02.473000;2016-02-14T01:05:02.517000;45389ba0-7254-4d47-b423-9350b0d86705;395.77;0.015;SELL
2016-02-14T01:05:02.477000;2016-02-14T01:05:02.547000;864902ae-5ab0-4f47-a47f-e60be0435af4;395.74;0.113;SELL
2016-02-14T01:05:02.477000;2016-02-14T01:05:02.563000;9413a7eb-4642-48e7-9c53-fa06ffe31d97;395.71;0.092;SELL
2016-02-14T01:05:02.477000;2016-02-14T01:05:02.563000;a1ce3892-46a2-473f-b321-0daffba75033;395.68;0.01;SELL
2016-02-14T01:05:02.477000;2016-02-14T01:05:02.563000;22770f8d-a6f1-422f-8b79-97e6e3db04d4;395.66;0.123;SELL
2016-02-14T01:05:02.477000;2016-02-14T01:05:02.563000;22935976-ffe4-45d1-83d1-67c9eee091e1;395.61;0.124;SELL
