time_exchange;time_coinpai;guid;price;base_amount;taker_side
2016-02-14T00:00:03.000000;2016-02-14T00:00:03.000000;0056bd75-04f8-4a65-ab1d-a6cb7e0c852a;392.99;0.5;UNKNOWN
2016-02-14T00:00:10.000000;2016-02-14T00:00:10.000000;baf70d89-f20d-4417-a80b-2afd06e52d9d;392.99;2.0;UNKNOWN
2016-02-14T00:00:18.000000;2016-02-14T00:00:18.000000;53dbf3e6-94dd-49ba-9703-9d796194c581;392.99;0.02;UNKNOWN
2016-02-14T00:00:18.000000;2016-02-14T00:00:18.000000;1e45544d-7bd7-48b3-8729-aaa410149c84;392.99;2.8709516;UNKNOWN
2016-02-14T00:00:18.000000;2016-02-14T00:00:18.000000;0b29d39a-8b1e-46bb-97a3-e1bf6af34746;392.99;1.0290484;UNKNOWN
2016-02-14T00:00:31.000000;2016-02-14T00:00:31.000000;625d2ef6-1283-4292-8bfe-eb62759b97ae;392.99;17.0;UNKNOWN
2016-02-14T00:00:45.000000;2016-02-14T00:00:45.000000;f56ceeae-4eb5-4565-b283-0d8016579499;392.98;0.126;UNKNOWN
2016-02-14T00:00:45.000000;2016-02-14T00:00:45.000000;6b74c9ba-8e56-44da-9367-85fea3cf85cd;392.98;0.034;UNKNOWN
2016-02-14T00:00:45.000000;2016-02-14T00:00:45.000000;a4a1f0b1-a8dc-4563-a5ae-4865c30a30ad;392.93;0.84;UNKNOWN
2016-02-14T00:00:59.000000;2016-02-14T00:00:59.000000;d98f6058-e8ad-4d88-9455-b359c0ec7027;393.0;15.0;UNKNOWN
2016-02-14T00:01:02.000000;2016-02-14T00:01:02.000000;bc0050f6-465e-494f-9097-ca145ff74801;392.98;0.3;UNKNOWN
2016-02-14T00:01:05.000000;2016-02-14T00:01:05.000000;8ddb8485-3d0f-4cdd-9ec1-fe34601ae300;393.0;0.03;UNKNOWN
2016-02-14T00:01:07.000000;2016-02-14T00:01:07.000000;1bf47928-a2fb-429d-a294-86bb64d9b741;392.98;23.0;UNKNOWN
2016-02-14T00:01:20.000000;2016-02-14T00:01:20.000000;a2f91f83-35cc-4fbb-9e90-6d95f0fb3e17;393.0;9.5168;UNKNOWN
2016-02-14T00:01:21.000000;2016-02-14T00:01:21.000000;095a9694-f053-4281-a63b-ce6649f9e9ea;393.0;3.5;UNKNOWN
2016-02-14T00:01:23.000000;2016-02-14T00:01:23.000000;77bacc99-350f-4521-99d2-bd19d2cac7c1;393.0;12.48291637;UNKNOWN
2016-02-14T00:01:32.000000;2016-02-14T00:01:32.000000;6b4aa0b2-47c4-4b05-9876-0d46f48b3462;392.98;3.64697301;UNKNOWN
2016-02-14T00:01:32.000000;2016-02-14T00:01:32.000000;bfc92a5b-2bf6-4378-9c7e-22c448a8e89d;392.98;3.64692868;UNKNOWN
2016-02-14T00:01:32.000000;2016-02-14T00:01:32.000000;67066e2d-3d7a-43a4-ae2e-39306973e7d3;392.98;3.64484619;UNKNOWN
2016-02-14T00:01:32.000000;2016-02-14T00:01:32.000000;d0bc786e-b77e-4f7d-bb15-3082fa3b9c4b;392.98;3.64484619;UNKNOWN
2016-02-14T00:01:32.000000;2016-02-14T00:01:32.000000;080ce5cf-7ea4-44e5-8746-88d68daf9517;392.98;3.64697301;UNKNOWN
2016-02-14T00:01:32.000000;2016-02-14T00:01:32.000000;bf0c86c4-a789-4616-9b79-3506e861444f;392.98;3.64697301;UNKNOWN
2016-02-14T00:01:32.000000;2016-02-14T00:01:32.000000;7573a9c8-7d27-4e62-9946-f24a25670da8;392.98;3.12245991;UNKNOWN
2016-02-14T00:01:35.000000;2016-02-14T00:01:35.000000;21ea6b1a-45b3-4cc0-808d-5ee42ee26eae;392.99;0.1;UNKNOWN
2016-02-14T00:01:46.000000;2016-02-14T00:01:46.000000;4e5f7b92-e4c0-49a3-9710-ee13bc9c865c;392.97;2.0;UNKNOWN
2016-02-14T00:01:58.000000;2016-02-14T00:01:58.000000;39b3ec45-af48-4215-a220-9cb3d2dbd0b9;393.0;0.25;UNKNOWN
2016-02-14T00:01:58.000000;2016-02-14T00:01:58.000000;08050749-af8a-4bc9-92cb-c6c42d68e5ba;393.0;0.1;UNKNOWN
2016-02-14T00:01:58.000000;2016-02-14T00:01:58.000000;8d0882e4-2864-4a36-8ccf-3ff3ffcb967e;393.0;20.0;UNKNOWN
2016-02-14T00:01:58.000000;2016-02-14T00:01:58.000000;b126fa8f-0630-4db3-aeda-31644433871c;392.99;23.2;UNKNOWN
2016-02-14T00:01:58.000000;2016-02-14T00:01:58.000000;668c93e9-eb17-4768-a1d5-16b813aa0b41;393.0;0.148;UNKNOWN
2016-02-14T00:01:58.000000;2016-02-14T00:01:58.000000;876c5470-f456-4d9c-b55c-3454f0314365;393.0;3.0;UNKNOWN
2016-02-14T00:01:58.000000;2016-02-14T00:01:58.000000;ce452b77-3828-406a-8c40-8e5ef95ff752;393.0;112.59801122;UNKNOWN
2016-02-14T00:01:58.000000;2016-02-14T00:01:58.000000;2351d49b-656f-41b3-ad94-3793d37d7363;392.99;6.3258;UNKNOWN
2016-02-14T00:02:06.000000;2016-02-14T00:02:06.000000;0f1c0c7c-607d-4544-9b2a-520d57872b6c;393.1;1.0;UNKNOWN
2016-02-14T00:02:06.000000;2016-02-14T00:02:06.000000;20097062-43e9-44ac-856c-3db6e700fa63;393.05;0.04;UNKNOWN
2016-02-14T00:02:06.000000;2016-02-14T00:02:06.000000;362c1d70-751e-428d-93b2-86d183976216;393.19;4.46;UNKNOWN
2016-02-14T00:02:13.000000;2016-02-14T00:02:13.000000;98df5836-01e9-42cc-bd03-3d2b60800fcf;393.19;1.26;UNKNOWN
2016-02-14T00:02:15.000000;2016-02-14T00:02:15.000000;0e8e1299-2a4b-4142-aea4-6e048c9c4485;393.18;5.55;UNKNOWN
2016-02-14T00:02:25.000000;2016-02-14T00:02:25.000000;2c99cd7b-bd1d-412d-8913-7c65c779ddba;393.19;0.01;UNKNOWN
2016-02-14T00:02:25.000000;2016-02-14T00:02:25.000000;18c68a50-6940-46eb-b9eb-53a9aa1f735a;393.19;0.01;UNKNOWN
2016-02-14T00:02:26.000000;2016-02-14T00:02:26.000000;4f947814-b903-4a67-a208-54436e5e36fc;393.19;0.01;UNKNOWN
2016-02-14T00:02:26.000000;2016-02-14T00:02:26.000000;9c06ce47-b8b4-4653-a082-96e6c8f614c6;393.19;0.01;UNKNOWN
2016-02-14T00:02:29.000000;2016-02-14T00:02:29.000000;2e07b338-c34f-460d-9f5a-3dd7c57f9d84;393.19;4.24;UNKNOWN
2016-02-14T00:02:31.000000;2016-02-14T00:02:31.000000;cc118910-995b-4a28-94d2-f422a41f172d;393.21;0.04;UNKNOWN
2016-02-14T00:02:31.000000;2016-02-14T00:02:31.000000;ec86dd4a-edfe-45cd-a8f7-86d46a8577f1;393.2;0.01;UNKNOWN
2016-02-14T00:02:39.000000;2016-02-14T00:02:39.000000;63102440-4ead-4f1c-b04c-6c353ccf7252;393.21;0.01;UNKNOWN
2016-02-14T00:02:44.000000;2016-02-14T00:02:44.000000;2365c88e-35d5-4a00-85af-1ddcabdd8889;393.2;0.01;UNKNOWN
2016-02-14T00:02:44.000000;2016-02-14T00:02:44.000000;2e1071ff-f973-4eed-8a7a-bf207a31a1f0;393.2;0.00102267;UNKNOWN
2016-02-14T00:02:52.000000;2016-02-14T00:02:52.000000;55190f95-14ce-4995-a9cc-9b57215c8667;393.4;0.25;UNKNOWN
2016-02-14T00:02:52.000000;2016-02-14T00:02:52.000000;92d07e17-8a1d-4848-907a-7486af1e3d6d;393.42;4.65;UNKNOWN
2016-02-14T00:02:52.000000;2016-02-14T00:02:52.000000;15927cfb-3d3b-4de9-8238-3045aaa5bc2b;393.21;0.1;UNKNOWN
2016-02-14T00:02:56.000000;2016-02-14T00:02:56.000000;295e1756-30e9-4f21-9b40-cc6890a74d63;393.43;3.0;UNKNOWN
2016-02-14T00:02:58.000000;2016-02-14T00:02:58.000000;339237d6-397c-4d2d-b35b-23dd04f19c5d;393.42;0.01;UNKNOWN
2016-02-14T00:02:58.000000;2016-02-14T00:02:58.000000;a85af3a7-f761-4c00-8240-8116bf002fab;393.43;0.01;UNKNOWN
2016-02-14T00:02:59.000000;2016-02-14T00:02:59.000000;6ee39834-676b-4cb1-8614-beecbf4ab472;393.42;0.01;UNKNOWN
2016-02-14T00:03:00.000000;2016-02-14T00:03:00.000000;fca61ecf-d98f-4ff9-b391-c706fcdb6178;393.42;0.01;UNKNOWN
2016-02-14T00:03:02.000000;2016-02-14T00:03:02.000000;ba2c160e-5cde-4c88-bb96-bcca4c23810f;393.43;1.99;UNKNOWN
2016-02-14T00:03:11.000000;2016-02-14T00:03:11.000000;90982606-1dba-438a-8a4d-56e60485f40d;393.45;3.9;UNKNOWN
2016-02-14T00:03:14.000000;2016-02-14T00:03:14.000000;19fe3ca9-9560-404c-8d1f-e23e58d64db0;393.45;0.1;UNKNOWN
2016-02-14T00:03:15.000000;2016-02-14T00:03:15.000000;a124ed81-51c6-4f80-9acd-08f9087d5a2c;393.45;0.01;UNKNOWN
2016-02-14T00:03:15.000000;2016-02-14T00:03:15.000000;5feaa802-85a8-4fe6-9398-efea9d49c61a;393.45;0.01;UNKNOWN
2016-02-14T00:03:16.000000;2016-02-14T00:03:16.000000;79e45291-5f83-49bd-a19d-1664c8d8d079;393.45;0.01;UNKNOWN
2016-02-14T00:03:17.000000;2016-02-14T00:03:17.000000;3df08c6f-b933-406b-b6d1-657418e58997;393.45;0.01;UNKNOWN
2016-02-14T00:03:17.000000;2016-02-14T00:03:17.000000;29788db9-3667-4919-93ec-0513f13bfaeb;393.45;0.01;UNKNOWN
2016-02-14T00:03:18.000000;2016-02-14T00:03:18.000000;d555777f-e481-4579-aceb-96dbce279736;393.45;0.01;UNKNOWN
2016-02-14T00:03:26.000000;2016-02-14T00:03:26.000000;31f2dd3c-4cae-4cfa-a2cf-5683603523c7;393.44;0.3;UNKNOWN
2016-02-14T00:03:26.000000;2016-02-14T00:03:26.000000;80c8e460-50cf-410d-8316-a940b94c6986;393.44;0.088;UNKNOWN
2016-02-14T00:03:26.000000;2016-02-14T00:03:26.000000;25784048-9024-4117-a4cf-e0ed3805cfad;393.45;4.489;UNKNOWN
2016-02-14T00:03:26.000000;2016-02-14T00:03:26.000000;26721fff-127b-4dc2-bd3e-6ee86dbbf949;393.44;0.123;UNKNOWN
2016-02-14T00:03:34.000000;2016-02-14T00:03:34.000000;2bbd62bb-99b1-46f7-824a-6b2b7aabea58;393.43;0.1;UNKNOWN
2016-02-14T00:03:36.000000;2016-02-14T00:03:36.000000;cc4057a6-d8ae-411d-93df-443be3dcf9dd;393.43;0.94959066;UNKNOWN
2016-02-14T00:03:49.000000;2016-02-14T00:03:49.000000;593376c6-24bc-422b-8a14-193e422bbcd1;393.45;1.0;UNKNOWN
2016-02-14T00:03:51.000000;2016-02-14T00:03:51.000000;88c333d1-9afd-43b6-8c1b-09161f7bee63;393.72;2.6868;UNKNOWN
2016-02-14T00:03:51.000000;2016-02-14T00:03:51.000000;2d544e94-5460-4bfc-9a1e-18d5f3f53066;393.55;0.1;UNKNOWN
2016-02-14T00:03:51.000000;2016-02-14T00:03:51.000000;5f5fa879-528a-4b6b-ae99-a0312f8d8fa8;393.6;0.1;UNKNOWN
2016-02-14T00:03:51.000000;2016-02-14T00:03:51.000000;8b075a18-de80-4b07-8ce6-aec12be0c74f;393.62;0.4622;UNKNOWN
2016-02-14T00:03:51.000000;2016-02-14T00:03:51.000000;482aab2e-2279-4e8e-9cb4-5aaf058d6afc;393.45;9.451;UNKNOWN
2016-02-14T00:03:53.000000;2016-02-14T00:03:53.000000;a5fd7bf6-3b1f-4ef8-b7a1-b4aa11d33d63;393.74;0.01;UNKNOWN
2016-02-14T00:03:54.000000;2016-02-14T00:03:54.000000;db69e6dc-5be0-4c0e-b422-755aa2d738fa;393.74;0.01;UNKNOWN
2016-02-14T00:03:54.000000;2016-02-14T00:03:54.000000;29477e86-7e67-4d81-b81d-151818ba5de9;393.89;0.04;UNKNOWN
2016-02-14T00:03:55.000000;2016-02-14T00:03:55.000000;e379ac03-b5ce-4930-a2ea-cf74e8e4bfe0;393.89;0.01;UNKNOWN
2016-02-14T00:03:56.000000;2016-02-14T00:03:56.000000;a47e9938-3593-49e6-af9e-f8b1e29cd579;393.92;0.05416178;UNKNOWN
2016-02-14T00:03:56.000000;2016-02-14T00:03:56.000000;245d0496-567e-41b1-927a-7ac3eba16db8;393.89;0.20655005;UNKNOWN
2016-02-14T00:03:58.000000;2016-02-14T00:03:58.000000;1e9b57a3-93b7-4ba2-a18d-7a4f3addf519;393.91;0.01;UNKNOWN
2016-02-14T00:04:01.000000;2016-02-14T00:04:01.000000;24b598a8-188b-4aec-98f7-1458e7b49bd0;393.91;0.01;UNKNOWN
2016-02-14T00:04:03.000000;2016-02-14T00:04:03.000000;03902e1d-9eaa-45d2-9a6a-642f50323a3c;394.0;0.04;UNKNOWN
2016-02-14T00:04:03.000000;2016-02-14T00:04:03.000000;d95a0f52-880a-4461-97e0-b024c9141be9;394.09;4.22778873;UNKNOWN
2016-02-14T00:04:03.000000;2016-02-14T00:04:03.000000;1fdf95e6-ff6d-404f-aaec-ca8a5ad02317;394.1;23.18960378;UNKNOWN
2016-02-14T00:04:03.000000;2016-02-14T00:04:03.000000;1adc1a4c-509e-4c73-b6fb-9ec9aeeb6d31;394.0;0.1;UNKNOWN
2016-02-14T00:04:03.000000;2016-02-14T00:04:03.000000;dcf4d7d9-4431-47a1-9752-c842519ad5c8;394.04;0.061;UNKNOWN
2016-02-14T00:04:03.000000;2016-02-14T00:04:03.000000;5fb95cad-5158-4658-aa8f-534a7610fb59;393.92;0.068826;UNKNOWN
2016-02-14T00:04:03.000000;2016-02-14T00:04:03.000000;0457c2f9-6e70-4e5c-91e0-49fac8315794;394.0;7.0;UNKNOWN
2016-02-14T00:04:03.000000;2016-02-14T00:04:03.000000;bb75aca9-7e1a-4019-be05-9900cbd5fa15;394.0;0.25;UNKNOWN
2016-02-14T00:04:03.000000;2016-02-14T00:04:03.000000;ffc3e203-d2d4-47af-9307-69a241fcf29e;393.91;6.2558;UNKNOWN
2016-02-14T00:04:03.000000;2016-02-14T00:04:03.000000;7f5b0374-3e43-4cd1-a3d7-a026d6b3bbfb;393.99;1.0;UNKNOWN
2016-02-14T00:04:03.000000;2016-02-14T00:04:03.000000;2f971abb-e8a7-41f0-9d1c-ae99ad1aaf60;394.0;0.1;UNKNOWN
2016-02-14T00:04:03.000000;2016-02-14T00:04:03.000000;27863867-a270-4a69-a1b6-41f2803be6ed;394.0;15.0;UNKNOWN
2016-02-14T00:04:03.000000;2016-02-14T00:04:03.000000;0e33d5a4-6c8f-40bc-9ac3-9370efe312f4;394.06;14.8295;UNKNOWN
2016-02-14T00:04:03.000000;2016-02-14T00:04:03.000000;e6091936-ed8f-4e11-8a9b-d62111f469a1;394.0;0.01;UNKNOWN
2016-02-14T00:04:03.000000;2016-02-14T00:04:03.000000;b1b25e12-c4d8-42ac-9249-5859315f89b4;394.0;0.15;UNKNOWN
2016-02-14T00:04:03.000000;2016-02-14T00:04:03.000000;c1135b69-4f61-4ef0-b189-6fb058306404;393.95;0.04;UNKNOWN
2016-02-14T00:04:03.000000;2016-02-14T00:04:03.000000;e4b820f4-ba64-47d3-86a8-f8c036e1d0e4;394.0;1.0;UNKNOWN
2016-02-14T00:04:04.000000;2016-02-14T00:04:04.000000;86aeba6a-1b59-4d89-9cdc-1b86a360a389;393.55;0.05;UNKNOWN
2016-02-14T00:04:05.000000;2016-02-14T00:04:05.000000;f6afcc04-d0c9-477b-b324-d85e660ef8c8;394.07;0.01;UNKNOWN
2016-02-14T00:04:08.000000;2016-02-14T00:04:08.000000;4356e225-1d0d-40bf-89aa-a7f5bfee3359;394.07;0.1;UNKNOWN
2016-02-14T00:04:09.000000;2016-02-14T00:04:09.000000;a25a01cb-0107-4fb3-b516-0de10714098d;394.07;0.98295398;UNKNOWN
2016-02-14T00:04:09.000000;2016-02-14T00:04:09.000000;8b4d8ab7-369d-4f2b-b70a-b89efb10daa9;394.09;0.14545398;UNKNOWN
2016-02-14T00:04:09.000000;2016-02-14T00:04:09.000000;29f6e454-583e-4efd-b1dc-be8a5051c85d;394.07;1.35454602;UNKNOWN
2016-02-14T00:04:09.000000;2016-02-14T00:04:09.000000;44c44a59-7f2d-4b3d-97ad-79c13ea9c04d;394.07;10.0;UNKNOWN
2016-02-14T00:04:09.000000;2016-02-14T00:04:09.000000;5e66e616-d2e6-4bb1-9a14-77ce2584140e;394.07;2.0;UNKNOWN
2016-02-14T00:04:12.000000;2016-02-14T00:04:12.000000;b7626d9a-d968-48d2-827c-7aa5f03f3d3d;394.1;0.1;UNKNOWN
2016-02-14T00:04:15.000000;2016-02-14T00:04:15.000000;fc5d4167-8e53-45a4-9a65-b37cf5211c8b;394.1;40.0;UNKNOWN
2016-02-14T00:04:19.000000;2016-02-14T00:04:19.000000;68a1b742-6ccf-468f-838f-658f8dba7a97;394.1;0.05;UNKNOWN
2016-02-14T00:04:21.000000;2016-02-14T00:04:21.000000;bb7b3d45-352a-459d-a329-3b27fd8a129f;394.1;5.0;UNKNOWN
2016-02-14T00:04:22.000000;2016-02-14T00:04:22.000000;ae34a681-0ec7-4ebc-aaa9-43b6ba71652d;394.1;0.1;UNKNOWN
2016-02-14T00:04:22.000000;2016-02-14T00:04:22.000000;b69f5858-b19c-4870-ad72-9d2d59932455;394.1;3.25;UNKNOWN
2016-02-14T00:04:22.000000;2016-02-14T00:04:22.000000;17a74dbf-d152-4fba-9a77-587c36ef385f;394.1;10.0;UNKNOWN
2016-02-14T00:04:23.000000;2016-02-14T00:04:23.000000;5ca9bc64-e7f1-4469-a8fd-84dd752c36f3;394.1;0.1;UNKNOWN
2016-02-14T00:04:29.000000;2016-02-14T00:04:29.000000;016db9f6-8190-43ba-85e0-1aff3bdd1111;394.03;1.9279702;UNKNOWN
2016-02-14T00:04:29.000000;2016-02-14T00:04:29.000000;9ca5fdb3-c4fc-46ce-8986-ab528b3ffe2b;394.1;0.01;UNKNOWN
2016-02-14T00:04:30.000000;2016-02-14T00:04:30.000000;e6e32d5f-d7f1-4593-acbb-2c9c31ff16dc;394.1;0.01;UNKNOWN
2016-02-14T00:04:30.000000;2016-02-14T00:04:30.000000;b8b67740-03a6-4382-8715-03988ac42fe2;394.1;0.01;UNKNOWN
2016-02-14T00:04:31.000000;2016-02-14T00:04:31.000000;09151ece-2597-423a-8cff-2ef57d277b6b;394.1;0.01;UNKNOWN
2016-02-14T00:04:35.000000;2016-02-14T00:04:35.000000;15b54a97-be47-4898-9852-d35381a38fe2;394.1;10.0;UNKNOWN
2016-02-14T00:04:39.000000;2016-02-14T00:04:39.000000;5d724b86-a6eb-45a1-b13f-60bee772ba66;394.1;8.16039622;UNKNOWN
2016-02-14T00:04:39.000000;2016-02-14T00:04:39.000000;4d0c0872-cd62-4494-a326-c0258d7c4931;394.16;0.05;UNKNOWN
2016-02-14T00:04:39.000000;2016-02-14T00:04:39.000000;4a22e1ab-ae16-45af-b7ba-7f8b53da7aa1;394.25;5.78960378;UNKNOWN
2016-02-14T00:04:39.000000;2016-02-14T00:04:39.000000;70ee0353-0405-4ffe-80c2-bc41264593ad;394.1;0.01;UNKNOWN
2016-02-14T00:04:43.000000;2016-02-14T00:04:43.000000;09c275f0-7bc5-4f39-a22f-e8b3eb4a9290;394.26;0.01;UNKNOWN
2016-02-14T00:04:43.000000;2016-02-14T00:04:43.000000;ec3b05f8-8943-47f5-a6b9-e266b6606251;394.26;0.01;UNKNOWN
2016-02-14T00:04:46.000000;2016-02-14T00:04:46.000000;73d9056e-860b-4677-9d8f-e229dcacef59;394.26;0.01;UNKNOWN
2016-02-14T00:04:47.000000;2016-02-14T00:04:47.000000;0f7845d3-62bc-4575-b8b0-6ba7282e7920;394.26;0.01;UNKNOWN
2016-02-14T00:04:48.000000;2016-02-14T00:04:48.000000;c3523360-fc4f-48ed-8248-2ac6da029a91;394.26;0.01;UNKNOWN
2016-02-14T00:04:49.000000;2016-02-14T00:04:49.000000;93b2eb44-3255-47e1-8797-9bdcac89477b;394.26;0.05;UNKNOWN
2016-02-14T00:04:50.000000;2016-02-14T00:04:50.000000;964da3f3-1cd0-4c6b-a225-bd84716dece1;394.2;0.1465;UNKNOWN
2016-02-14T00:04:50.000000;2016-02-14T00:04:50.000000;ca34931e-7515-492d-84e2-4dd5626b9886;394.26;0.2589;UNKNOWN
2016-02-14T00:05:00.000000;2016-02-14T00:05:00.000000;c4d87033-b167-411d-8532-3128e84cea14;394.96;0.01;UNKNOWN
2016-02-14T00:05:00.000000;2016-02-14T00:05:00.000000;c3d6e6cf-d216-4d86-9c5a-255d983cf1da;394.68;47.0304;UNKNOWN
2016-02-14T00:05:00.000000;2016-02-14T00:05:00.000000;4e05a260-77a3-4beb-b608-b9d9efee0297;394.42;3.0;UNKNOWN
2016-02-14T00:05:00.000000;2016-02-14T00:05:00.000000;113dd205-6a8e-4c94-95cb-98f5f7aa25cf;394.7;3.0;UNKNOWN
2016-02-14T00:05:00.000000;2016-02-14T00:05:00.000000;550442f3-c5b4-4a59-ab88-4d9e70456f55;394.99;3.57089183;UNKNOWN
2016-02-14T00:05:00.000000;2016-02-14T00:05:00.000000;4604c96f-3dbc-4034-8657-eeedfd19a392;394.44;0.25;UNKNOWN
2016-02-14T00:05:00.000000;2016-02-14T00:05:00.000000;2751c34b-5675-4ed1-83fe-63e56a7da8a4;394.65;0.01;UNKNOWN
2016-02-14T00:05:00.000000;2016-02-14T00:05:00.000000;c963b764-9b9c-4ede-a599-0900afe51180;394.53;14.5324;UNKNOWN
2016-02-14T00:05:00.000000;2016-02-14T00:05:00.000000;43a55055-a0af-4a78-be94-1f9fa35107e2;394.26;0.6611;UNKNOWN
2016-02-14T00:05:00.000000;2016-02-14T00:05:00.000000;ae41f727-90ef-435f-ba5f-eb88328f8e32;394.45;0.05;UNKNOWN
2016-02-14T00:05:00.000000;2016-02-14T00:05:00.000000;e51837a1-daeb-48b3-811e-64e5411c3282;394.85;0.04;UNKNOWN
2016-02-14T00:05:00.000000;2016-02-14T00:05:00.000000;b2325a27-cafd-4a0b-9192-ab953c31d644;394.98;0.099;UNKNOWN
2016-02-14T00:05:00.000000;2016-02-14T00:05:00.000000;02a679de-49c2-40de-b581-8117498e340b;394.86;16.1419;UNKNOWN
2016-02-14T00:05:00.000000;2016-02-14T00:05:00.000000;a214d6b5-164b-40bf-a22e-9242ab683e9d;394.71;14.6101;UNKNOWN
2016-02-14T00:05:00.000000;2016-02-14T00:05:00.000000;42de5dfa-00f8-48ef-a022-a46276956b81;395.0;0.5;UNKNOWN
2016-02-14T00:05:00.000000;2016-02-14T00:05:00.000000;f08d2f91-066c-4777-9fa6-a728cb8ef94c;394.99;3.0;UNKNOWN
2016-02-14T00:05:00.000000;2016-02-14T00:05:00.000000;aecc919f-8ca1-41d2-90ec-e1a6cb9c4d39;395.0;50.0;UNKNOWN
2016-02-14T00:05:00.000000;2016-02-14T00:05:00.000000;8015d401-f738-4d78-a855-a4d4ec08e44e;395.0;0.02;UNKNOWN
2016-02-14T00:05:00.000000;2016-02-14T00:05:00.000000;f8076222-8017-4048-b3db-71cf9e0393e9;394.99;4.2236119;UNKNOWN
2016-02-14T00:05:00.000000;2016-02-14T00:05:00.000000;6d798ca6-963e-4a92-bdb6-8868b6d9dda7;395.0;1.5;UNKNOWN
2016-02-14T00:05:00.000000;2016-02-14T00:05:00.000000;39aa7a07-2305-4d28-a6e7-b9d9507988b6;395.0;21.0;UNKNOWN
2016-02-14T00:05:00.000000;2016-02-14T00:05:00.000000;c7584117-8aa8-4942-8649-1f46dbf00de5;395.0;4.0;UNKNOWN
2016-02-14T00:05:00.000000;2016-02-14T00:05:00.000000;cdd613ba-f245-4b16-9099-aefb9b563b64;395.0;5.0;UNKNOWN
2016-02-14T00:05:00.000000;2016-02-14T00:05:00.000000;aac24b94-f205-4afc-9e00-4c60ce7e4141;395.0;0.03;UNKNOWN
2016-02-14T00:05:00.000000;2016-02-14T00:05:00.000000;412944dc-5f0b-4310-bbd9-3236ff5593ba;395.0;50.0;UNKNOWN
2016-02-14T00:05:00.000000;2016-02-14T00:05:00.000000;a9deb49f-55fb-4a67-bb02-5df9a1a5a1f5;395.0;10.0;UNKNOWN
2016-02-14T00:05:00.000000;2016-02-14T00:05:00.000000;b249a0cd-71b0-4e6c-98c4-4a0536c8b8ee;395.0;0.5;UNKNOWN
2016-02-14T00:05:00.000000;2016-02-14T00:05:00.000000;ae5190e7-58fb-43f8-9755-bafaebc15216;395.0;0.1;UNKNOWN
2016-02-14T00:05:00.000000;2016-02-14T00:05:00.000000;07b97426-bea0-4202-8064-33d57586a4ea;395.0;11.21073432;UNKNOWN
2016-02-14T00:05:00.000000;2016-02-14T00:05:00.000000;dd402aaf-be17-4dc3-8180-02b6df92b2e4;395.0;0.01;UNKNOWN
2016-02-14T00:05:00.000000;2016-02-14T00:05:00.000000;184feb8d-c3bb-4af4-af75-6409e14f26e5;395.0;1.2;UNKNOWN
2016-02-14T00:05:00.000000;2016-02-14T00:05:00.000000;79d2ad1b-0168-4cfd-b3e2-5ca256c3f1c6;395.0;0.01;UNKNOWN
2016-02-14T00:05:00.000000;2016-02-14T00:05:00.000000;729ab170-7752-4ba6-bef9-53a6cbfcbeef;395.0;0.8186794;UNKNOWN
2016-02-14T00:05:00.000000;2016-02-14T00:05:00.000000;2cad3f97-10e1-452f-a132-77c2a057cc4f;395.0;0.1;UNKNOWN
2016-02-14T00:05:00.000000;2016-02-14T00:05:00.000000;19b7882d-3218-48b1-8c56-ae9ab1db2835;395.0;0.4;UNKNOWN
2016-02-14T00:05:00.000000;2016-02-14T00:05:00.000000;194954d9-68e0-4a8e-a439-501d790e087a;395.0;0.1;UNKNOWN
2016-02-14T00:05:00.000000;2016-02-14T00:05:00.000000;e7535fcf-0b0d-4200-89e2-f63dce282e2d;395.0;0.06;UNKNOWN
2016-02-14T00:05:00.000000;2016-02-14T00:05:00.000000;703ac99b-eab4-46e8-9fc2-9950c7bb3524;395.0;0.25;UNKNOWN
2016-02-14T00:05:00.000000;2016-02-14T00:05:00.000000;3981ad88-a501-4fd5-9f0d-290303b7a20e;395.0;0.25;UNKNOWN
2016-02-14T00:05:00.000000;2016-02-14T00:05:00.000000;5136d481-acf3-4d14-9a80-c81b0075e007;395.0;0.0648;UNKNOWN
2016-02-14T00:05:00.000000;2016-02-14T00:05:00.000000;1600a832-d0db-450e-b67d-b3d80d4637ed;395.0;7.60231102;UNKNOWN
2016-02-14T00:05:00.000000;2016-02-14T00:05:00.000000;cd26a145-a436-44d1-b8fc-93aeaf524541;395.0;5.0;UNKNOWN
2016-02-14T00:05:06.000000;2016-02-14T00:05:06.000000;f8a7f4fb-1a32-4885-9f34-acf8367afe8c;395.49;0.05;UNKNOWN
2016-02-14T00:05:06.000000;2016-02-14T00:05:06.000000;2f5f0ccf-4d4d-4440-8b72-a385988875d2;395.49;0.46366094;UNKNOWN
2016-02-14T00:05:06.000000;2016-02-14T00:05:06.000000;dae048f9-3563-4894-86e2-522b0553f4ac;395.49;0.04352968;UNKNOWN
2016-02-14T00:05:06.000000;2016-02-14T00:05:06.000000;1836e3ac-db20-4403-bf93-ad2bf52d3bc3;395.49;3.5;UNKNOWN
2016-02-14T00:05:06.000000;2016-02-14T00:05:06.000000;749c8582-35c1-4ddd-8d3f-1bd2c3ba9079;395.5;5.0;UNKNOWN
2016-02-14T00:05:06.000000;2016-02-14T00:05:06.000000;212316d4-6448-45be-aea2-1d88a2344ec4;395.05;0.01102687;UNKNOWN
2016-02-14T00:05:06.000000;2016-02-14T00:05:06.000000;2ad9508e-48a1-4e81-a8b4-8835b020c311;395.51;8.49280938;UNKNOWN
2016-02-14T00:05:06.000000;2016-02-14T00:05:06.000000;1358905b-6cc3-4f22-a390-7d21af4dc0b8;395.49;5.0;UNKNOWN
2016-02-14T00:05:06.000000;2016-02-14T00:05:06.000000;1b73ce0f-37fd-4d25-b6c2-0e16457e46a6;395.1;0.16;UNKNOWN
2016-02-14T00:05:06.000000;2016-02-14T00:05:06.000000;fceea068-0c9f-4dee-82cd-8fc9aa89c208;395.37;13.7238;UNKNOWN
2016-02-14T00:05:06.000000;2016-02-14T00:05:06.000000;49a5aa0b-5c4a-4c04-8d39-98739f482445;395.35;0.01;UNKNOWN
2016-02-14T00:05:06.000000;2016-02-14T00:05:06.000000;fd448df5-2fe0-47e8-9d97-1dc53adb18a9;395.49;0.5;UNKNOWN
2016-02-14T00:05:06.000000;2016-02-14T00:05:06.000000;dc4c0287-efee-4854-baee-d4df1073293a;395.48;0.0478;UNKNOWN
2016-02-14T00:05:06.000000;2016-02-14T00:05:06.000000;ec170f25-6fe5-4c5a-9f2f-87d72e421baf;395.29;0.022;UNKNOWN
2016-02-14T00:05:06.000000;2016-02-14T00:05:06.000000;51eaaacc-0835-40ef-b42e-755d8e1aef41;395.49;5.0;UNKNOWN
2016-02-14T00:05:06.000000;2016-02-14T00:05:06.000000;3730c76f-975b-4091-b4ec-a1c7a3a105f3;395.49;8.02033906;UNKNOWN
2016-02-14T00:05:06.000000;2016-02-14T00:05:06.000000;273138a8-56ac-432f-9c6a-d69718c1ecb1;395.48;3.01606094;UNKNOWN
2016-02-14T00:05:07.000000;2016-02-14T00:05:07.000000;281f899c-00c6-404d-b359-8bba7b032eb9;395.03;0.01;UNKNOWN
2016-02-14T00:05:07.000000;2016-02-14T00:05:07.000000;e5fc8ca0-813c-4e9a-a10e-299c2b04ae8d;395.06;0.01;UNKNOWN
2016-02-14T00:05:09.000000;2016-02-14T00:05:09.000000;32f4e494-baa3-4f8e-aef0-7f9e930fab60;395.07;0.01;UNKNOWN
2016-02-14T00:05:09.000000;2016-02-14T00:05:09.000000;94bba8e2-8726-4f41-bb59-b5e8512ed5f5;395.07;0.01;UNKNOWN
2016-02-14T00:05:11.000000;2016-02-14T00:05:11.000000;c46f7a31-1628-4c14-93b7-ce3525a32dc8;395.58;0.05;UNKNOWN
2016-02-14T00:05:11.000000;2016-02-14T00:05:11.000000;92d534e8-20bd-418d-95e0-1a73fc3f8ca6;395.56;0.01;UNKNOWN
2016-02-14T00:05:11.000000;2016-02-14T00:05:11.000000;9e2c7514-29dc-4df7-b2ac-dc68a8d962c2;395.57;0.09;UNKNOWN
2016-02-14T00:05:12.000000;2016-02-14T00:05:12.000000;94154950-74a3-4901-824b-05a44056f3ad;395.81;7.74522275;UNKNOWN
2016-02-14T00:05:12.000000;2016-02-14T00:05:12.000000;f6cc8e1f-1471-4cee-a2b5-ba30cab1f84c;395.87;0.01;UNKNOWN
2016-02-14T00:05:12.000000;2016-02-14T00:05:12.000000;87a3884f-40d3-4219-8f27-67d96e2c31ae;395.81;7.49027725;UNKNOWN
2016-02-14T00:05:12.000000;2016-02-14T00:05:12.000000;f68f4b03-7be4-49e6-8fc0-902421ee8545;395.58;2.95;UNKNOWN
2016-02-14T00:05:12.000000;2016-02-14T00:05:12.000000;6c4d24dc-cd97-436b-bd64-150da61c145c;395.94;7.24477725;UNKNOWN
2016-02-14T00:05:12.000000;2016-02-14T00:05:12.000000;48cc41f4-3a74-4c48-bc18-ed8aa8d67b25;395.79;0.022;UNKNOWN
2016-02-14T00:05:12.000000;2016-02-14T00:05:12.000000;4bf9c0c8-2a6e-4365-951d-70f726bb7205;395.76;0.01;UNKNOWN
2016-02-14T00:05:12.000000;2016-02-14T00:05:12.000000;92a0f3aa-6235-4757-8ee3-80ea79c38340;395.64;0.02370619;UNKNOWN
2016-02-14T00:05:13.000000;2016-02-14T00:05:13.000000;9c56d54c-15c3-48d8-a236-b641ce9c901d;395.94;0.05;UNKNOWN
2016-02-14T00:05:14.000000;2016-02-14T00:05:14.000000;04e41600-fa74-47a9-b401-5eab1b81f688;395.95;0.03433026;UNKNOWN
2016-02-14T00:05:14.000000;2016-02-14T00:05:14.000000;b57b6d94-2d5d-4a7e-9143-be5d069f7b09;395.8;0.01566974;UNKNOWN
2016-02-14T00:05:18.000000;2016-02-14T00:05:18.000000;9bd27729-37e2-4dec-8d87-f9597c857e46;395.95;1.14;UNKNOWN
2016-02-14T00:05:18.000000;2016-02-14T00:05:18.000000;db2e2b5c-6112-4ab1-b2a5-c0b0be2cdfdb;395.17;0.06068;UNKNOWN
2016-02-14T00:05:25.000000;2016-02-14T00:05:25.000000;aaf4ea9e-c7fb-42f6-801a-b439d02f9ed6;395.94;0.05;UNKNOWN
2016-02-14T00:05:25.000000;2016-02-14T00:05:25.000000;93c80b6f-1085-4cdd-a17c-d6d7d5ad3a03;395.5;2.5854767;UNKNOWN
2016-02-14T00:05:27.000000;2016-02-14T00:05:27.000000;1907b2c5-4c42-4b9f-9b25-389da1abef33;395.52;0.01;UNKNOWN
2016-02-14T00:05:27.000000;2016-02-14T00:05:27.000000;e3763a97-6e65-4cd8-984b-a4d56827a899;395.51;0.5;UNKNOWN
2016-02-14T00:05:27.000000;2016-02-14T00:05:27.000000;7a322a60-8ebb-4563-ba25-ffc9a3fac482;395.52;0.01;UNKNOWN
2016-02-14T00:05:29.000000;2016-02-14T00:05:29.000000;11d1f3fa-0dc4-4e16-a24b-087749c999cb;395.55;0.13;UNKNOWN
2016-02-14T00:05:29.000000;2016-02-14T00:05:29.000000;2aa86afe-3272-458d-b268-8c853000fac1;395.55;0.01;UNKNOWN
2016-02-14T00:05:29.000000;2016-02-14T00:05:29.000000;85716a94-53b0-42a4-9b99-90cbfbc46eff;395.55;0.01;UNKNOWN
2016-02-14T00:05:30.000000;2016-02-14T00:05:30.000000;14b76381-59a8-4a2b-84be-5731f587524d;395.57;0.02;UNKNOWN
2016-02-14T00:05:31.000000;2016-02-14T00:05:31.000000;847a3163-659e-461f-9440-eea142607fbe;395.58;0.01;UNKNOWN
2016-02-14T00:05:31.000000;2016-02-14T00:05:31.000000;ecaa664e-c275-4a11-b2fb-fb89182f5267;395.58;0.14;UNKNOWN
2016-02-14T00:05:31.000000;2016-02-14T00:05:31.000000;4e63fcc2-3dbb-4bc5-8b0c-17084e28507a;395.58;2.5;UNKNOWN
2016-02-14T00:05:32.000000;2016-02-14T00:05:32.000000;b57bcc36-751f-44f0-97e5-4d70adbb7b27;395.6;0.01;UNKNOWN
2016-02-14T00:05:34.000000;2016-02-14T00:05:34.000000;65f31920-0742-4a92-8010-76752907695c;395.79;0.078;UNKNOWN
2016-02-14T00:05:34.000000;2016-02-14T00:05:34.000000;f58cfeac-52ec-45ec-a939-0e2ee543ebae;395.61;0.022;UNKNOWN
2016-02-14T00:05:34.000000;2016-02-14T00:05:34.000000;71b0ecf0-fcaa-4d5b-a456-da49bbc26579;395.6;0.01;UNKNOWN
2016-02-14T00:05:36.000000;2016-02-14T00:05:36.000000;b9636544-c5e5-4655-8cb5-f0e84d1d11ce;395.8;0.1;UNKNOWN
2016-02-14T00:05:39.000000;2016-02-14T00:05:39.000000;2148138e-6d33-43c6-8267-2caf86d8aa63;395.67;0.01;UNKNOWN
2016-02-14T00:05:40.000000;2016-02-14T00:05:40.000000;389b85a0-fdee-4149-9675-15d8adf9df23;395.93;1.0;UNKNOWN
2016-02-14T00:05:42.000000;2016-02-14T00:05:42.000000;8b98a966-b059-4462-99a4-be032c725b03;395.91;0.0197;UNKNOWN
2016-02-14T00:05:46.000000;2016-02-14T00:05:46.000000;54a3a7f9-f833-4fd0-823c-cf8dce616459;395.94;0.69;UNKNOWN
2016-02-14T00:05:47.000000;2016-02-14T00:05:47.000000;9f8366c5-9a79-4d36-a481-799df9e7e3c4;396.0;0.05;UNKNOWN
2016-02-14T00:05:47.000000;2016-02-14T00:05:47.000000;05cae0fa-79c5-44bf-b405-30d73b337dc5;395.94;0.01;UNKNOWN
2016-02-14T00:05:47.000000;2016-02-14T00:05:47.000000;40b1cb5e-a510-460f-b68a-98b177705ded;395.95;1.86566974;UNKNOWN
2016-02-14T00:05:48.000000;2016-02-14T00:05:48.000000;0a919d48-791b-472c-9d05-8014ce0acf12;395.94;0.01;UNKNOWN
2016-02-14T00:05:48.000000;2016-02-14T00:05:48.000000;29bee7bb-ded4-4df9-85a9-1a1dcf05aab5;395.94;0.01;UNKNOWN
2016-02-14T00:05:49.000000;2016-02-14T00:05:49.000000;9e007d1b-00a9-4778-ac61-7b053b7d5809;395.94;0.01;UNKNOWN
2016-02-14T00:05:51.000000;2016-02-14T00:05:51.000000;d5ed0c89-5ba1-4721-8c37-4dc7e00fa3d8;395.94;0.01;UNKNOWN
2016-02-14T00:05:52.000000;2016-02-14T00:05:52.000000;2b5e6620-1e59-461a-8fb8-ec8c67ee410d;395.94;0.01;UNKNOWN
2016-02-14T00:05:52.000000;2016-02-14T00:05:52.000000;df298471-28d0-48c3-bbdc-efacd7115ac6;395.94;0.028;UNKNOWN
2016-02-14T00:05:54.000000;2016-02-14T00:05:54.000000;4e54ccbe-0fb4-4e3b-9bb8-86beb67277ae;395.94;0.06985;UNKNOWN
2016-02-14T00:05:54.000000;2016-02-14T00:05:54.000000;d5a1bb9c-e06c-49ec-84cd-742114a5ff21;395.94;0.01;UNKNOWN
2016-02-14T00:05:55.000000;2016-02-14T00:05:55.000000;73f74207-b602-4a29-aee6-234ec36792fe;395.94;0.01111287;UNKNOWN
2016-02-14T00:05:55.000000;2016-02-14T00:05:55.000000;11f5f00b-3324-4e16-9f95-795f02587ab4;395.94;0.64110348;UNKNOWN
2016-02-14T00:05:56.000000;2016-02-14T00:05:56.000000;e1a47d16-622a-49a0-8ca4-49fb61039359;395.94;1.0;UNKNOWN
2016-02-14T00:05:57.000000;2016-02-14T00:05:57.000000;cc9cfd56-dcc3-4772-8330-372c4e2a6d9a;395.94;0.01;UNKNOWN
2016-02-14T00:05:57.000000;2016-02-14T00:05:57.000000;a0c05911-10a3-4aea-8e83-bf12e53b83f6;395.94;0.028;UNKNOWN
2016-02-14T00:05:58.000000;2016-02-14T00:05:58.000000;26b03e9f-09b5-4480-9c00-6412f6d839bf;395.94;3.06;UNKNOWN
2016-02-14T00:06:01.000000;2016-02-14T00:06:01.000000;427d9a40-9be5-4f89-afc9-5afee6489026;395.94;0.028;UNKNOWN
2016-02-14T00:06:01.000000;2016-02-14T00:06:01.000000;fb22812b-542f-4bea-a462-e2f8480d7494;395.94;0.1;UNKNOWN
2016-02-14T00:06:02.000000;2016-02-14T00:06:02.000000;80efd3ce-522d-4f79-9267-d18dead6d50d;395.94;0.22;UNKNOWN
2016-02-14T00:06:02.000000;2016-02-14T00:06:02.000000;8a8b81dc-c714-497b-9861-410f886916a9;395.94;0.02;UNKNOWN
2016-02-14T00:06:06.000000;2016-02-14T00:06:06.000000;eaab9c55-6532-42f5-a216-384e412185e2;395.95;3.0;UNKNOWN
2016-02-14T00:06:06.000000;2016-02-14T00:06:06.000000;32226482-0c62-4bb8-a809-1e797b3d27aa;395.95;1.0;UNKNOWN
2016-02-14T00:06:06.000000;2016-02-14T00:06:06.000000;4cdf3568-276e-4179-a1be-53106abd7efe;395.94;0.01;UNKNOWN
2016-02-14T00:06:06.000000;2016-02-14T00:06:06.000000;b5cf417d-c72b-47fc-8dbf-b9d5705ccd96;395.94;0.028;UNKNOWN
2016-02-14T00:06:08.000000;2016-02-14T00:06:08.000000;6d343894-7bff-407f-849f-a74af622dafc;395.94;0.01;UNKNOWN
2016-02-14T00:06:10.000000;2016-02-14T00:06:10.000000;d6e02b8a-8b4e-4ccf-8030-29759fce7c2e;395.95;8.0;UNKNOWN
2016-02-14T00:06:11.000000;2016-02-14T00:06:11.000000;b5057493-a4a9-4bda-b13d-6225a601e3fb;395.94;0.01;UNKNOWN
2016-02-14T00:06:13.000000;2016-02-14T00:06:13.000000;c01ffb65-b6ec-4d3d-afab-84a4b2c2f110;395.94;0.01;UNKNOWN
2016-02-14T00:06:16.000000;2016-02-14T00:06:16.000000;406c64ef-0d2f-4880-9a14-2da2cf199bc1;395.61;0.1;UNKNOWN
2016-02-14T00:06:16.000000;2016-02-14T00:06:16.000000;a111004d-a41d-48ed-a104-d144be3dc8ab;395.21;7.5;UNKNOWN
2016-02-14T00:06:16.000000;2016-02-14T00:06:16.000000;7cb4adc7-5cf5-47aa-9f7e-fb6a32362306;395.63;0.9;UNKNOWN
2016-02-14T00:06:16.000000;2016-02-14T00:06:16.000000;a02ab95f-7e8e-4ca7-ac7f-216a01c83505;395.92;7.72863;UNKNOWN
2016-02-14T00:06:16.000000;2016-02-14T00:06:16.000000;f7415a9a-2251-4f3b-9f76-a9b1531dde8d;395.94;7.35909;UNKNOWN
2016-02-14T00:06:16.000000;2016-02-14T00:06:16.000000;aadc0dc5-deb4-42e0-aa6a-dab787c3cce6;395.73;6.3102;UNKNOWN
2016-02-14T00:06:16.000000;2016-02-14T00:06:16.000000;f191a46c-20de-4d3f-862f-253dc96518a3;395.93;0.1;UNKNOWN
2016-02-14T00:06:16.000000;2016-02-14T00:06:16.000000;9497cdb6-5fb6-4012-9b28-0be348df0948;395.2;0.01;UNKNOWN
2016-02-14T00:06:16.000000;2016-02-14T00:06:16.000000;4012d4d8-c3f5-4780-842f-d9b889f446ee;395.61;0.1;UNKNOWN
2016-02-14T00:06:16.000000;2016-02-14T00:06:16.000000;aa08c3c6-6870-40e6-ae35-243f17ffe862;395.2;48.43801852;UNKNOWN
2016-02-14T00:06:16.000000;2016-02-14T00:06:16.000000;6837345f-f1e3-4e15-a36b-98b068425c1f;395.42;3.62231345;UNKNOWN
2016-02-14T00:06:16.000000;2016-02-14T00:06:16.000000;6fd488b7-e45c-4908-8779-bb870e48ff49;395.94;10.36593365;UNKNOWN
2016-02-14T00:06:16.000000;2016-02-14T00:06:16.000000;c53e6ffc-e14e-458b-885c-3ef3ddb74e54;395.72;8.2;UNKNOWN
2016-02-14T00:06:16.000000;2016-02-14T00:06:16.000000;fde4b84b-37d0-450e-86ad-20d0da6e1bec;395.49;11.7311;UNKNOWN
2016-02-14T00:06:16.000000;2016-02-14T00:06:16.000000;99897e1a-7870-42de-a357-ad2c96fbcc91;395.33;3.62231345;UNKNOWN
2016-02-14T00:06:16.000000;2016-02-14T00:06:16.000000;6479d045-1d46-4bc0-b83e-cb8054b6007b;395.34;18.0;UNKNOWN
2016-02-14T00:06:16.000000;2016-02-14T00:06:16.000000;47f37eb8-34dc-4270-9b76-c65adec950d9;395.61;0.1;UNKNOWN
2016-02-14T00:06:16.000000;2016-02-14T00:06:16.000000;ea75ef6c-5b07-4507-a192-6f58d67a5b6a;395.39;12.0;UNKNOWN
2016-02-14T00:06:16.000000;2016-02-14T00:06:16.000000;530b4bc1-9813-4bc8-b4d1-09ad4ae4527d;395.61;0.1;UNKNOWN
2016-02-14T00:06:16.000000;2016-02-14T00:06:16.000000;629cc59e-b793-4370-b217-1340e2bc0b5e;395.61;0.1;UNKNOWN
2016-02-14T00:06:16.000000;2016-02-14T00:06:16.000000;d10ec5e4-0582-4109-83c3-91e49b3e3c6c;395.25;3.62240093;UNKNOWN
2016-02-14T00:06:18.000000;2016-02-14T00:06:18.000000;7172bb6f-fcc4-4d29-b1ea-7a2b0a2ebfb0;395.64;0.05;UNKNOWN
2016-02-14T00:06:20.000000;2016-02-14T00:06:20.000000;9e2ead07-5d6d-4ab5-b370-7327b93ee889;395.2;0.01;UNKNOWN
2016-02-14T00:06:26.000000;2016-02-14T00:06:26.000000;00e6e4cd-31bc-416c-8d48-2117e214bbe5;395.64;0.811;UNKNOWN
2016-02-14T00:06:32.000000;2016-02-14T00:06:32.000000;12d6455c-ff71-4ca4-8c19-7312c52bfe37;395.63;2.1937;UNKNOWN
2016-02-14T00:06:32.000000;2016-02-14T00:06:32.000000;b87c3eae-12a2-462d-8b8c-83fcea28a6d7;395.78;3.70063813;UNKNOWN
2016-02-14T00:06:32.000000;2016-02-14T00:06:32.000000;fceeeeee-c687-48a0-b2c0-9e71e272160e;395.78;1.62262258;UNKNOWN
2016-02-14T00:06:33.000000;2016-02-14T00:06:33.000000;fc7180ce-bf28-4ffa-8365-3865f926b62a;395.63;1.0;UNKNOWN
2016-02-14T00:06:34.000000;2016-02-14T00:06:34.000000;15142440-1817-4d59-9dc9-f97020c1c9a3;395.78;1.0;UNKNOWN
2016-02-14T00:06:35.000000;2016-02-14T00:06:35.000000;e86fd59c-ad25-456c-a8d3-9b8f99394b17;395.78;1.0;UNKNOWN
2016-02-14T00:06:35.000000;2016-02-14T00:06:35.000000;a6e63bf1-d0ab-49a0-92ab-49bfc49cfe8b;395.78;0.727;UNKNOWN
2016-02-14T00:06:38.000000;2016-02-14T00:06:38.000000;00f30ed4-1199-4682-8fc3-9a058e9f524e;395.63;0.01064449;UNKNOWN
2016-02-14T00:06:46.000000;2016-02-14T00:06:46.000000;413e8816-89fe-413e-b19d-85687d21227d;395.75;0.5;UNKNOWN
2016-02-14T00:06:47.000000;2016-02-14T00:06:47.000000;b3e12412-8612-4533-a540-e17284418675;395.78;1.5;UNKNOWN
2016-02-14T00:06:47.000000;2016-02-14T00:06:47.000000;8699391f-1319-43a2-8048-d3b6b85a0353;395.78;20.9656;UNKNOWN
2016-02-14T00:06:47.000000;2016-02-14T00:06:47.000000;e640098a-78d0-4041-b6d7-934fe2a21f63;395.75;0.5;UNKNOWN
2016-02-14T00:06:50.000000;2016-02-14T00:06:50.000000;bc3ce2fd-5df8-4646-94cb-1470456e4e38;395.63;5.0;UNKNOWN
2016-02-14T00:06:52.000000;2016-02-14T00:06:52.000000;2d8c607d-c854-41ff-98fa-175cc950467f;395.77;1.0;UNKNOWN
2016-02-14T00:06:55.000000;2016-02-14T00:06:55.000000;4e882bba-07ed-4895-92a6-0df6c2ff8b4b;395.74;1.0;UNKNOWN
2016-02-14T00:07:05.000000;2016-02-14T00:07:05.000000;febca9f2-da18-4e3c-8537-2a1c40b98902;395.62;0.05;UNKNOWN
2016-02-14T00:07:06.000000;2016-02-14T00:07:06.000000;a7f3121a-3c2a-4cdc-8b68-183ba2a69ac2;395.62;8.30786;UNKNOWN
2016-02-14T00:07:06.000000;2016-02-14T00:07:06.000000;d5472cc0-e819-4f06-9f9f-f9355f0c73e0;395.51;10.5853;UNKNOWN
2016-02-14T00:07:11.000000;2016-02-14T00:07:11.000000;bac6a5e2-9e89-4350-b3e5-5ef824d66c1a;395.42;0.01048;UNKNOWN
2016-02-14T00:07:17.000000;2016-02-14T00:07:17.000000;2483237c-0213-42a6-946b-b47fe41a49ee;395.27;8.2;UNKNOWN
2016-02-14T00:07:17.000000;2016-02-14T00:07:17.000000;6076b862-92a4-4e06-8d2c-e8bc407928f3;395.0;77.07367;UNKNOWN
2016-02-14T00:07:17.000000;2016-02-14T00:07:17.000000;5ed497fd-0b1f-48fc-bd27-35b714e2c5cd;395.42;7.22633;UNKNOWN
2016-02-14T00:07:17.000000;2016-02-14T00:07:17.000000;965e71ab-4716-41de-acd5-54c13f6babc4;395.01;7.5;UNKNOWN
2016-02-14T00:07:21.000000;2016-02-14T00:07:21.000000;789189f1-700f-49a2-a9f7-616d38298588;395.0;0.01;UNKNOWN
2016-02-14T00:07:28.000000;2016-02-14T00:07:28.000000;c3dfaf6d-600d-426e-a2b3-888ca198268b;395.0;12.96040153;UNKNOWN
2016-02-14T00:07:32.000000;2016-02-14T00:07:32.000000;7697bcec-19ba-4e90-832e-aaf641d65d11;394.75;3.06;UNKNOWN
2016-02-14T00:07:32.000000;2016-02-14T00:07:32.000000;9b0c305d-6e08-40bb-a4e7-8e163544bd52;394.56;7.51;UNKNOWN
2016-02-14T00:07:32.000000;2016-02-14T00:07:32.000000;dd122ded-b1ac-4093-a2be-21a6c481b6f8;394.55;3.34692253;UNKNOWN
2016-02-14T00:07:36.000000;2016-02-14T00:07:36.000000;e3dcd110-132f-40e9-a8e9-07f2ddccdc24;394.55;2.0;UNKNOWN
2016-02-14T00:07:39.000000;2016-02-14T00:07:39.000000;6624440a-6dc2-400c-8665-ee2a60412fb5;394.55;2.0;UNKNOWN
2016-02-14T00:07:41.000000;2016-02-14T00:07:41.000000;84066fc8-dde0-4ba4-bcd3-5f575410b4bd;394.37;0.58472253;UNKNOWN
2016-02-14T00:07:41.000000;2016-02-14T00:07:41.000000;1355466f-3bf9-4403-8775-d9f70d455b0d;394.53;1.7622;UNKNOWN
2016-02-14T00:07:41.000000;2016-02-14T00:07:41.000000;5c864aeb-a60f-46c5-84a9-e8e5dc1801cd;394.55;17.65307747;UNKNOWN
2016-02-14T00:07:42.000000;2016-02-14T00:07:42.000000;0c760984-34ba-463f-8c2e-f80500c912cd;394.37;0.72527747;UNKNOWN
2016-02-14T00:07:42.000000;2016-02-14T00:07:42.000000;4879b82b-2f44-493a-92b5-30487f616448;393.8;1.20082253;UNKNOWN
2016-02-14T00:07:42.000000;2016-02-14T00:07:42.000000;8c56ff13-38ba-4fa9-a269-175ac6e44644;394.26;0.0739;UNKNOWN
2016-02-14T00:07:44.000000;2016-02-14T00:07:44.000000;9629aa6e-8612-4a60-b803-54f2ff85ffb5;394.38;7.07966;UNKNOWN
2016-02-14T00:07:44.000000;2016-02-14T00:07:44.000000;6ea265f7-be02-453d-830c-690387c32521;394.15;0.63;UNKNOWN
2016-02-14T00:07:44.000000;2016-02-14T00:07:44.000000;83f1fd28-b5c6-4d3f-a007-86333286fa3e;394.0;0.5;UNKNOWN
2016-02-14T00:07:44.000000;2016-02-14T00:07:44.000000;e42fa693-9f94-4ee3-ac3b-82d371ff98a6;393.8;6.73537747;UNKNOWN
2016-02-14T00:07:46.000000;2016-02-14T00:07:46.000000;8f335924-45b0-4236-b61a-87b1dcb43f9a;394.16;0.02023921;UNKNOWN
2016-02-14T00:08:00.000000;2016-02-14T00:08:00.000000;995c0d36-a19f-4ef4-834f-71c82bf0f979;393.65;3.0;UNKNOWN
2016-02-14T00:08:12.000000;2016-02-14T00:08:12.000000;9a8af80c-5dfb-48cb-857f-086bf585d5a1;393.74;1.0;UNKNOWN
2016-02-14T00:08:13.000000;2016-02-14T00:08:13.000000;31a0036d-14dc-4248-895d-78a3270b326e;393.75;6.0;UNKNOWN
2016-02-14T00:08:13.000000;2016-02-14T00:08:13.000000;164ff1f9-dac7-4f98-9620-e8316d439800;393.84;6.2951;UNKNOWN
2016-02-14T00:08:13.000000;2016-02-14T00:08:13.000000;2e23e564-475f-4361-9019-e9628829ba33;394.0;5.2499;UNKNOWN
2016-02-14T00:08:13.000000;2016-02-14T00:08:13.000000;296cf7e4-f504-4c12-8c2a-67780ff576fe;393.89;0.125;UNKNOWN
2016-02-14T00:08:13.000000;2016-02-14T00:08:13.000000;897f344f-aad8-4894-b1f2-7928d4d416b8;393.75;3.0;UNKNOWN
2016-02-14T00:08:13.000000;2016-02-14T00:08:13.000000;4fae1c5b-6513-4854-ad87-9a82b056f3a0;393.74;13.68;UNKNOWN
2016-02-14T00:08:13.000000;2016-02-14T00:08:13.000000;572cd341-a368-492c-93ed-0449bb982f42;393.75;0.5;UNKNOWN
2016-02-14T00:08:17.000000;2016-02-14T00:08:17.000000;f6e0e027-75d9-4143-9d91-f77525c2e49a;393.77;1.0;UNKNOWN
2016-02-14T00:08:17.000000;2016-02-14T00:08:17.000000;511d18a7-46e3-4e40-b372-65834817348e;393.71;0.02;UNKNOWN
2016-02-14T00:08:22.000000;2016-02-14T00:08:22.000000;6eca3a2f-1a16-4285-9823-4075c7e76b61;393.75;0.1;UNKNOWN
2016-02-14T00:08:27.000000;2016-02-14T00:08:27.000000;82ec1468-dd5d-4c78-99a8-3cc834016fd1;393.73;0.15;UNKNOWN
2016-02-14T00:08:36.000000;2016-02-14T00:08:36.000000;c60ba4cb-3c23-4856-aa06-8d068c34f649;393.73;1.0;UNKNOWN
2016-02-14T00:08:37.000000;2016-02-14T00:08:37.000000;70eb1b62-edb8-492f-8bc6-6b58267cd9b0;393.72;0.02;UNKNOWN
2016-02-14T00:08:38.000000;2016-02-14T00:08:38.000000;bb367acc-6b21-4623-9b3e-fe87f3010b7a;393.73;0.02;UNKNOWN
2016-02-14T00:08:52.000000;2016-02-14T00:08:52.000000;1588b0a0-c9e4-4430-99ae-569d4980efad;393.72;0.5;UNKNOWN
2016-02-14T00:08:52.000000;2016-02-14T00:08:52.000000;01201a0d-ecb5-441f-b05a-7bf22887e11c;393.72;11.0;UNKNOWN
2016-02-14T00:08:54.000000;2016-02-14T00:08:54.000000;a4d21e75-f381-40e0-a49a-fd4b9776c57c;393.73;0.09;UNKNOWN
2016-02-14T00:08:55.000000;2016-02-14T00:08:55.000000;b0ce4cc6-ba8c-49b1-9cb0-561541b019da;393.73;1.0;UNKNOWN
2016-02-14T00:08:57.000000;2016-02-14T00:08:57.000000;819fa2f6-fc4e-499d-80d3-16d8e4953159;393.73;2.5;UNKNOWN
2016-02-14T00:08:57.000000;2016-02-14T00:08:57.000000;255b3bb6-c5be-4d0b-a61d-706a86d844e4;393.72;0.022;UNKNOWN
2016-02-14T00:08:59.000000;2016-02-14T00:08:59.000000;9dd9ae1e-01d8-440e-92ff-0925e009be34;393.73;2.5;UNKNOWN
2016-02-14T00:09:01.000000;2016-02-14T00:09:01.000000;96dc774e-c960-4b07-af5c-99902059b9df;393.73;0.51449;UNKNOWN
2016-02-14T00:09:01.000000;2016-02-14T00:09:01.000000;7e973a10-e634-46d3-b404-4f542bac885d;393.75;1.98551;UNKNOWN
2016-02-14T00:09:02.000000;2016-02-14T00:09:02.000000;4829038e-dd7e-4fc8-97b2-609f54521836;393.75;0.05;UNKNOWN
2016-02-14T00:09:03.000000;2016-02-14T00:09:03.000000;d65a6967-facf-46a1-b0aa-01a71fa46282;393.75;2.5;UNKNOWN
2016-02-14T00:09:04.000000;2016-02-14T00:09:04.000000;7772ed54-269a-4654-b12b-7a4a946dca4c;393.75;2.5;UNKNOWN
2016-02-14T00:09:10.000000;2016-02-14T00:09:10.000000;cd3151f2-c012-4159-bcc9-a0e91f4bf8ac;393.75;2.6;UNKNOWN
2016-02-14T00:09:22.000000;2016-02-14T00:09:22.000000;0e425a7f-e3fd-482b-9ccd-66243d340078;393.75;1.0;UNKNOWN
2016-02-14T00:09:24.000000;2016-02-14T00:09:24.000000;5b1fcf5c-cff4-42e4-a5ee-0d747693dc86;393.74;3.48718291;UNKNOWN
2016-02-14T00:09:32.000000;2016-02-14T00:09:32.000000;35b3601a-0d2f-4a75-b5f8-eb7833ddefae;393.75;0.92;UNKNOWN
2016-02-14T00:09:52.000000;2016-02-14T00:09:52.000000;636eff23-4a78-4080-90e1-05132cc80e44;393.75;0.01;UNKNOWN
2016-02-14T00:09:52.000000;2016-02-14T00:09:52.000000;c7731acb-eb3d-4520-82d2-c3c0f092dac3;393.75;25.52343547;UNKNOWN
2016-02-14T00:09:52.000000;2016-02-14T00:09:52.000000;46b616b0-e128-4bdd-a58d-98924a46fbfa;393.75;0.01;UNKNOWN
2016-02-14T00:10:12.000000;2016-02-14T00:10:12.000000;33699880-f758-4515-93cb-2576b3947025;393.77;0.01;UNKNOWN
2016-02-14T00:10:17.000000;2016-02-14T00:10:17.000000;ef744627-484a-4f2c-af21-ff32f2e4ac7a;393.8;0.01;UNKNOWN
2016-02-14T00:10:17.000000;2016-02-14T00:10:17.000000;3150767b-ab66-442c-80d6-f8742a0643ac;393.78;0.01;UNKNOWN
2016-02-14T00:10:24.000000;2016-02-14T00:10:24.000000;5385b25b-f2c4-419e-977e-ae1db58edda3;394.5;1.98;UNKNOWN
2016-02-14T00:10:24.000000;2016-02-14T00:10:24.000000;d62ab6ed-36f2-4a9e-9727-fdd6d13e2f2f;394.0;0.02;UNKNOWN
2016-02-14T00:10:38.000000;2016-02-14T00:10:38.000000;bf71034c-92e0-44cc-87fe-94149e64a78f;394.47;1.5;UNKNOWN
2016-02-14T00:10:55.000000;2016-02-14T00:10:55.000000;d59d898f-b4a0-4cfb-bcb8-399d81b21970;394.27;2.0;UNKNOWN
2016-02-14T00:11:00.000000;2016-02-14T00:11:00.000000;0044ba1c-eca9-4915-8dbe-ddeb292df50c;394.26;0.05;UNKNOWN
2016-02-14T00:11:17.000000;2016-02-14T00:11:17.000000;70aa2717-cc8f-4be8-a543-78fca43e5d57;394.27;0.2;UNKNOWN
2016-02-14T00:11:17.000000;2016-02-14T00:11:17.000000;042fe92a-7142-471a-bf8b-9d267098e059;394.27;0.1;UNKNOWN
2016-02-14T00:11:28.000000;2016-02-14T00:11:28.000000;459aed7a-0fa6-4a95-ad09-01f0a0b36011;394.27;1.0;UNKNOWN
2016-02-14T00:11:31.000000;2016-02-14T00:11:31.000000;3067b094-a801-4e13-b3a0-b02dfcf6ce75;394.26;0.054;UNKNOWN
2016-02-14T00:11:31.000000;2016-02-14T00:11:31.000000;8601e86a-e66a-461a-87ea-7301589d90ea;394.05;0.02;UNKNOWN
2016-02-14T00:11:31.000000;2016-02-14T00:11:31.000000;450f994b-1259-4a51-836c-1b76c6857b5f;394.0;0.4011;UNKNOWN
2016-02-14T00:11:31.000000;2016-02-14T00:11:31.000000;4c69cf23-8537-486e-a04d-70abd344f108;394.26;0.0249;UNKNOWN
2016-02-14T00:11:40.000000;2016-02-14T00:11:40.000000;6adb37b5-801a-4f6f-9990-4d23f96c21e5;394.0;10.0;UNKNOWN
2016-02-14T00:11:52.000000;2016-02-14T00:11:52.000000;60007302-4af5-4796-9fdd-084699c2d49c;394.0;10.0;UNKNOWN
2016-02-14T00:12:04.000000;2016-02-14T00:12:04.000000;2fd3b743-28c5-4a57-a7f2-0ee14b4ca355;394.05;0.3;UNKNOWN
2016-02-14T00:12:35.000000;2016-02-14T00:12:35.000000;a3b22786-e880-4d15-8186-39bafa2815e9;394.0;17.214007;UNKNOWN
2016-02-14T00:12:35.000000;2016-02-14T00:12:35.000000;9d0f66d0-b835-458e-83dd-f9b08c4675c1;394.05;8.58459;UNKNOWN
2016-02-14T00:13:12.000000;2016-02-14T00:13:12.000000;1e9e53d5-297c-4360-8cad-24479d397958;394.08;0.81;UNKNOWN
2016-02-14T00:13:12.000000;2016-02-14T00:13:12.000000;772d794c-0bbc-4152-9f41-7a7620a8b3db;394.02;0.19;UNKNOWN
2016-02-14T00:13:40.000000;2016-02-14T00:13:40.000000;d226786e-cb85-46c1-867b-c03101a83a2b;394.0;0.025;UNKNOWN
2016-02-14T00:13:57.000000;2016-02-14T00:13:57.000000;af50fd74-add0-4d45-9443-ef8ebe0c4d48;394.52;1.0;UNKNOWN
2016-02-14T00:14:10.000000;2016-02-14T00:14:10.000000;8ad4764c-2f84-480b-9b1b-6aa4eb87099a;394.22;0.025;UNKNOWN
2016-02-14T00:14:16.000000;2016-02-14T00:14:16.000000;9877e7a3-e836-48a6-95e7-8b1d3a616968;394.59;0.4;UNKNOWN
2016-02-14T00:14:40.000000;2016-02-14T00:14:40.000000;08d6b12b-4e9c-4a6e-b05e-22881c0a4ebb;394.61;1.2;UNKNOWN
2016-02-14T00:14:40.000000;2016-02-14T00:14:40.000000;3350642e-9d1c-4afe-9cae-17dbd321ee56;394.22;0.025;UNKNOWN
2016-02-14T00:14:46.000000;2016-02-14T00:14:46.000000;c54d194f-efe7-4b80-9730-087c93e3e318;394.51;0.5;UNKNOWN
2016-02-14T00:15:01.000000;2016-02-14T00:15:01.000000;0b7f2d06-f4de-4149-bbf0-5e6f121dc012;394.87;1.10608367;UNKNOWN
2016-02-14T00:15:01.000000;2016-02-14T00:15:01.000000;b0c78217-26b5-4633-be4f-8fb4319e4627;394.69;3.63870123;UNKNOWN
2016-02-14T00:15:01.000000;2016-02-14T00:15:01.000000;0cbec95f-764c-42f6-9e66-ef0745f03ffa;394.87;0.5;UNKNOWN
2016-02-14T00:15:01.000000;2016-02-14T00:15:01.000000;c8505835-f53a-4afd-8805-26f707c02122;394.72;3.63909847;UNKNOWN
2016-02-14T00:15:01.000000;2016-02-14T00:15:01.000000;92aa3a94-7381-4873-8804-38f052e33f73;394.87;5.15599607;UNKNOWN
2016-02-14T00:15:01.000000;2016-02-14T00:15:01.000000;2284614f-b04e-452c-abb1-c22c11c26ed8;394.69;3.63870123;UNKNOWN
2016-02-14T00:15:01.000000;2016-02-14T00:15:01.000000;7a6ecb5d-e0f0-40a8-92db-3de0e166ba26;394.67;6.3021;UNKNOWN
2016-02-14T00:15:02.000000;2016-02-14T00:15:02.000000;04d38bd9-be2b-4840-92be-d21cb2c80a28;394.88;0.5;UNKNOWN
2016-02-14T00:15:04.000000;2016-02-14T00:15:04.000000;3dd2a9c8-6fc6-4ac1-8737-f5ed49470486;394.35;0.1;UNKNOWN
2016-02-14T00:15:07.000000;2016-02-14T00:15:07.000000;e1ce4234-683a-4cc6-8fd0-ce1ce7d448a9;394.89;1.56090153;UNKNOWN
2016-02-14T00:15:07.000000;2016-02-14T00:15:07.000000;cce2fc3e-2d77-4138-8e0f-b59c0f0f0750;394.88;3.13909847;UNKNOWN
2016-02-14T00:15:10.000000;2016-02-14T00:15:10.000000;957d5ffb-a944-4292-9973-e81354c531ef;394.88;1.0;UNKNOWN
2016-02-14T00:15:30.000000;2016-02-14T00:15:30.000000;9f7f5c4d-9696-4ea8-a05b-74477d0e39c8;394.98;6.2552;UNKNOWN
2016-02-14T00:15:30.000000;2016-02-14T00:15:30.000000;d031d0f7-acf7-494a-bb90-b862d5ac5122;394.95;0.04;UNKNOWN
2016-02-14T00:15:30.000000;2016-02-14T00:15:30.000000;6c6f7eff-404f-4b6b-a146-c84b501628e9;394.99;15.6981075;UNKNOWN
2016-02-14T00:15:36.000000;2016-02-14T00:15:36.000000;4bbe0ec8-16bf-4085-9228-91f56a17da82;394.56;0.01000953;UNKNOWN
2016-02-14T00:15:59.000000;2016-02-14T00:15:59.000000;4ea298c7-79e6-4682-b690-1628fa65a140;394.99;1.0;UNKNOWN
2016-02-14T00:16:01.000000;2016-02-14T00:16:01.000000;07d7dabd-b374-4fc0-a664-dce6fc2fc922;394.98;1.0;UNKNOWN
2016-02-14T00:16:10.000000;2016-02-14T00:16:10.000000;15a6187a-a658-46b9-80af-9298d60516ad;394.56;0.025;UNKNOWN
2016-02-14T00:16:14.000000;2016-02-14T00:16:14.000000;863c2335-cebe-485a-955e-3f7058daf76c;394.57;0.4;UNKNOWN
2016-02-14T00:16:15.000000;2016-02-14T00:16:15.000000;6daaf310-6a4b-479a-a8bf-66994dc5424f;394.57;1.0;UNKNOWN
2016-02-14T00:16:33.000000;2016-02-14T00:16:33.000000;5ba15d3c-6da6-4f7c-9645-b8794033dbc7;395.0;0.25;UNKNOWN
2016-02-14T00:16:33.000000;2016-02-14T00:16:33.000000;93cafa72-09c2-49e6-aeea-20cd988f6fde;394.93;6.2599;UNKNOWN
2016-02-14T00:16:33.000000;2016-02-14T00:16:33.000000;50c9c015-cf10-48dc-9c84-b402ccfd83f2;395.05;2.6101;UNKNOWN
2016-02-14T00:16:33.000000;2016-02-14T00:16:33.000000;038623b6-2339-481b-96f3-df0652bbd75b;395.04;0.28;UNKNOWN
2016-02-14T00:16:33.000000;2016-02-14T00:16:33.000000;8b32a009-5148-4b1e-bb44-c1ca1628f1c0;394.57;0.6;UNKNOWN
2016-02-14T00:17:10.000000;2016-02-14T00:17:10.000000;5f686038-4f51-4aa9-957b-cba21a8a2b80;394.57;0.025;UNKNOWN
2016-02-14T00:17:40.000000;2016-02-14T00:17:40.000000;bbd32cfc-b83c-4034-a323-d94bd255fa46;394.57;0.025;UNKNOWN
2016-02-14T00:18:06.000000;2016-02-14T00:18:06.000000;96ee9253-2f3c-42c6-87f3-291356470fa9;394.57;5.4746;UNKNOWN
2016-02-14T00:18:06.000000;2016-02-14T00:18:06.000000;5808ff02-bc4c-44df-8cd2-66abf733b902;394.57;10.5254;UNKNOWN
2016-02-14T00:18:09.000000;2016-02-14T00:18:09.000000;79844e01-fd2c-4b04-a921-9f840a78ad91;394.57;0.066;UNKNOWN
2016-02-14T00:18:09.000000;2016-02-14T00:18:09.000000;4415c917-a23e-4b07-bee3-06231bc12e8d;394.57;0.0806;UNKNOWN
2016-02-14T00:18:11.000000;2016-02-14T00:18:11.000000;391609e6-537b-4672-a320-e084b2165d28;394.57;0.025;UNKNOWN
2016-02-14T00:18:25.000000;2016-02-14T00:18:25.000000;f586227a-2999-467b-9d16-9c4a9df2a994;394.58;0.3;UNKNOWN
2016-02-14T00:18:51.000000;2016-02-14T00:18:51.000000;28992e4b-4098-4e3c-94b9-07d0064c798f;394.58;0.01;UNKNOWN
2016-02-14T00:19:11.000000;2016-02-14T00:19:11.000000;967d7e85-e2c0-4eb7-bc4f-7e397b21be82;394.57;0.022;UNKNOWN
2016-02-14T00:19:11.000000;2016-02-14T00:19:11.000000;937b64a1-8995-405b-aa4f-5dad0aa91949;394.57;15.0;UNKNOWN
2016-02-14T00:19:11.000000;2016-02-14T00:19:11.000000;afb29e42-bc40-4165-a759-8e45bce4a5ce;394.22;3.63429319;UNKNOWN
2016-02-14T00:19:11.000000;2016-02-14T00:19:11.000000;37cad749-a2c0-43c3-88cb-fd3f04b033e5;394.26;0.0749;UNKNOWN
2016-02-14T00:19:11.000000;2016-02-14T00:19:11.000000;7a034c68-b1e0-4bf4-bbcc-9b7f886a7a6d;394.14;18.0529;UNKNOWN
2016-02-14T00:19:11.000000;2016-02-14T00:19:11.000000;76dc4185-9b18-4dc2-af27-7a45e42b4888;393.98;3.63429319;UNKNOWN
2016-02-14T00:19:11.000000;2016-02-14T00:19:11.000000;bb2b2780-31a6-4ff7-a5cd-8ca192a9cb6c;394.57;32.11;UNKNOWN
2016-02-14T00:19:11.000000;2016-02-14T00:19:11.000000;9dbdf3a4-8c7c-4fb0-b2bb-c995be511b39;394.06;3.63429319;UNKNOWN
2016-02-14T00:19:11.000000;2016-02-14T00:19:11.000000;ce940dd4-90eb-4fd0-b010-d656d0a3d15e;394.15;7.51;UNKNOWN
2016-02-14T00:19:11.000000;2016-02-14T00:19:11.000000;acdae0d1-81c7-4cdd-b6fd-851bd4c52363;394.0;32.209893;UNKNOWN
2016-02-14T00:19:11.000000;2016-02-14T00:19:11.000000;b2d010c0-811c-440c-bb6f-3b3c2061b676;393.98;6.66768424;UNKNOWN
2016-02-14T00:19:11.000000;2016-02-14T00:19:11.000000;c307f8dc-7120-4551-a3ce-c7e0c510e35e;394.01;0.03;UNKNOWN
2016-02-14T00:19:11.000000;2016-02-14T00:19:11.000000;66d85273-0b53-4976-baae-2fdadeab4d0b;394.0;0.15;UNKNOWN
2016-02-14T00:19:11.000000;2016-02-14T00:19:11.000000;f5724990-05ba-4700-9f70-59b5b04e9601;394.14;3.63429319;UNKNOWN
2016-02-14T00:19:11.000000;2016-02-14T00:19:11.000000;d630685d-82d8-42a7-b387-f724c76e885c;394.58;6.2888;UNKNOWN
2016-02-14T00:19:11.000000;2016-02-14T00:19:11.000000;268b259c-bd48-4e52-afee-d163594489ba;394.57;9.46417;UNKNOWN
2016-02-14T00:19:11.000000;2016-02-14T00:19:11.000000;0c90e13a-1545-4b42-b282-4a5abbb42437;394.57;7.88248;UNKNOWN
2016-02-14T00:19:18.000000;2016-02-14T00:19:18.000000;22d39f14-3a3d-4e82-9752-03dd905af730;393.98;0.01;UNKNOWN
2016-02-14T00:19:20.000000;2016-02-14T00:19:20.000000;a69c8957-c7de-4094-9adc-1fba8b11bad2;393.98;20.0;UNKNOWN
2016-02-14T00:19:24.000000;2016-02-14T00:19:24.000000;3b370bd9-3fb3-48fc-bb2e-c5ce12b0be8b;394.26;10.0584;UNKNOWN
2016-02-14T00:19:24.000000;2016-02-14T00:19:24.000000;a152fadb-5bcc-4691-beda-5331c4990295;394.26;11.4823;UNKNOWN
2016-02-14T00:19:52.000000;2016-02-14T00:19:52.000000;131a517e-f2d4-4143-bd4f-4fd12fd07b4b;394.0;8.4593;UNKNOWN
2016-02-14T00:20:00.000000;2016-02-14T00:20:00.000000;bd6d0c3a-e9c6-43ee-abc5-3dc6508977da;394.21;0.4;UNKNOWN
2016-02-14T00:20:22.000000;2016-02-14T00:20:22.000000;882fc3b7-8706-4ca7-afa0-d1df907564b4;394.21;0.54235591;UNKNOWN
2016-02-14T00:21:00.000000;2016-02-14T00:21:00.000000;0a5d5ec9-b014-4ef8-bec0-39c287f91c02;394.33;5.0;UNKNOWN
2016-02-14T00:21:10.000000;2016-02-14T00:21:10.000000;9514b14d-40bb-4424-b4e3-f0e7bb131cd8;394.33;3.59569;UNKNOWN
2016-02-14T00:21:10.000000;2016-02-14T00:21:10.000000;9ffb1921-5622-4125-98c4-55e139f52579;394.33;6.40431;UNKNOWN
2016-02-14T00:21:27.000000;2016-02-14T00:21:27.000000;aa69059e-1fed-4338-b31f-0860c8acb504;394.4;10.0;UNKNOWN
2016-02-14T00:21:44.000000;2016-02-14T00:21:44.000000;cb61cd7b-fd17-433a-b568-82cfd272790a;394.11;0.0749;UNKNOWN
2016-02-14T00:21:44.000000;2016-02-14T00:21:44.000000;2ae3c79c-1dd2-4c90-90d4-eefca6c46dbe;394.1;11.78807;UNKNOWN
2016-02-14T00:21:44.000000;2016-02-14T00:21:44.000000;0c4ab6d8-b048-48f1-a262-468229ddf252;394.33;3.52703;UNKNOWN
2016-02-14T00:21:46.000000;2016-02-14T00:21:46.000000;02e0af70-33fb-49c9-9a4c-83821e6a1f26;394.1;3.17226;UNKNOWN
2016-02-14T00:21:48.000000;2016-02-14T00:21:48.000000;c74494a8-0cf4-40ff-bfce-ef8dc4e3dd28;394.42;0.02;UNKNOWN
2016-02-14T00:21:48.000000;2016-02-14T00:21:48.000000;c5150ba4-91e6-4f4a-a330-ac401ec03180;394.43;0.259406;UNKNOWN
2016-02-14T00:21:52.000000;2016-02-14T00:21:52.000000;3ec1e3e5-92ab-4d93-8052-150ad0155fe3;393.95;3.07;UNKNOWN
2016-02-14T00:21:52.000000;2016-02-14T00:21:52.000000;9c8be98a-606b-417a-a434-2c4625105380;394.1;5.03967;UNKNOWN
2016-02-14T00:21:52.000000;2016-02-14T00:21:52.000000;abebd58a-ff46-4b5b-8743-8fa08dfcbeae;393.91;1.89033;UNKNOWN
2016-02-14T00:21:54.000000;2016-02-14T00:21:54.000000;b40fe375-eb5b-4850-b1b7-a04fe0c02871;393.73;2.0;UNKNOWN
2016-02-14T00:21:59.000000;2016-02-14T00:21:59.000000;cc1f7672-ee2a-45fc-a138-ca33fc2ee72d;393.96;2.984;UNKNOWN
2016-02-14T00:21:59.000000;2016-02-14T00:21:59.000000;4a68fe13-d48c-4a79-9c91-3e0bff6103f8;394.09;7.016;UNKNOWN
2016-02-14T00:22:04.000000;2016-02-14T00:22:04.000000;eab43a56-0557-4c86-8f07-3f9c30d0bc97;393.96;6.72495;UNKNOWN
2016-02-14T00:22:04.000000;2016-02-14T00:22:04.000000;0da8ac36-c14b-4fec-8519-5bae0cc3c43e;393.72;0.4;UNKNOWN
2016-02-14T00:22:04.000000;2016-02-14T00:22:04.000000;bd3db6dd-3694-4414-b64e-a36708b31065;393.65;2.77505;UNKNOWN
2016-02-14T00:22:04.000000;2016-02-14T00:22:04.000000;c36e4fc7-beef-4d80-a950-783cd387a968;393.71;0.1;UNKNOWN
2016-02-14T00:22:06.000000;2016-02-14T00:22:06.000000;e333f98f-cd99-4d9a-96fc-b1a949caf2c4;393.64;10.0;UNKNOWN
2016-02-14T00:22:07.000000;2016-02-14T00:22:07.000000;c281f37b-2533-4f28-940b-591c2534eb36;393.64;5.555;UNKNOWN
2016-02-14T00:22:07.000000;2016-02-14T00:22:07.000000;ea975d16-3277-4b67-8a9b-fbc4bbcfca18;393.64;0.09;UNKNOWN
2016-02-14T00:22:07.000000;2016-02-14T00:22:07.000000;3cbbc845-2b70-4b2b-91dc-ae93ad60602d;393.62;3.6;UNKNOWN
2016-02-14T00:22:07.000000;2016-02-14T00:22:07.000000;3c8d22cc-6261-48be-944b-47d67542c8d7;393.57;0.845;UNKNOWN
2016-02-14T00:22:10.000000;2016-02-14T00:22:10.000000;17c3e1dd-a6e4-44f7-9463-51449c618f09;393.53;3.63755411;UNKNOWN
2016-02-14T00:22:10.000000;2016-02-14T00:22:10.000000;0a11c3fe-47dc-4e73-a48a-9bd0de94e07c;393.5;0.5;UNKNOWN
2016-02-14T00:22:10.000000;2016-02-14T00:22:10.000000;d54db1f9-51d8-4ea2-a059-808fcaf32b82;393.45;5.86244589;UNKNOWN
2016-02-14T00:22:10.000000;2016-02-14T00:22:10.000000;2be8b408-d028-44e7-b562-13cba5f21c3b;393.45;0.01;UNKNOWN
2016-02-14T00:22:11.000000;2016-02-14T00:22:11.000000;88de06f3-15be-462e-9ff7-41cc5c07daa4;393.41;0.1073;UNKNOWN
2016-02-14T00:22:11.000000;2016-02-14T00:22:11.000000;105a1343-5750-47ae-9908-7a2436b78af6;393.37;4.29473655;UNKNOWN
2016-02-14T00:22:11.000000;2016-02-14T00:22:11.000000;7f0b08af-4f4b-4960-9e98-3e8a31624bfc;393.44;3.63755411;UNKNOWN
2016-02-14T00:22:11.000000;2016-02-14T00:22:11.000000;171d6037-89be-4fb6-89d7-b4b1e85fa9cb;393.43;1.96040934;UNKNOWN
2016-02-14T00:22:18.000000;2016-02-14T00:22:18.000000;9aa06d78-6c48-4427-bb27-13e18cd9f758;393.37;4.7;UNKNOWN
2016-02-14T00:23:06.000000;2016-02-14T00:23:06.000000;756c8c97-e3b2-487c-9752-36ab42c26d46;393.31;0.12044998;UNKNOWN
2016-02-14T00:23:07.000000;2016-02-14T00:23:07.000000;1a0be582-406a-417c-8b0e-f1d40a93976c;393.3;0.02;UNKNOWN
2016-02-14T00:23:09.000000;2016-02-14T00:23:09.000000;a7463c96-303f-4f53-a7f3-4982868a968d;393.74;3.0;UNKNOWN
2016-02-14T00:23:09.000000;2016-02-14T00:23:09.000000;e9d9a7b8-1399-4c01-9e05-beafa45ec531;393.74;1.22044998;UNKNOWN
2016-02-14T00:23:09.000000;2016-02-14T00:23:09.000000;f5573a21-d812-493b-9851-6d6e21108229;393.31;0.77955002;UNKNOWN
2016-02-14T00:24:14.000000;2016-02-14T00:24:14.000000;b8ee264f-8c64-4989-ae37-73593dc6b423;393.98;0.0100798;UNKNOWN
2016-02-14T00:24:19.000000;2016-02-14T00:24:19.000000;be1756f0-f865-4491-80ab-814faac0f422;393.98;0.05;UNKNOWN
2016-02-14T00:24:29.000000;2016-02-14T00:24:29.000000;5f017e3d-82b2-4bdc-bced-97a440f75fcc;394.24;0.96;UNKNOWN
2016-02-14T00:24:56.000000;2016-02-14T00:24:56.000000;13530c2a-8202-4e88-aa6f-ee486b55e3ef;394.25;1.72;UNKNOWN
2016-02-14T00:25:54.000000;2016-02-14T00:25:54.000000;ff01b308-9c21-4f74-ba27-f77a0ea7338f;394.16;2.05;UNKNOWN
2016-02-14T00:26:14.000000;2016-02-14T00:26:14.000000;e06e4215-93a8-47e1-aee8-904ba8c13f24;394.17;0.1273;UNKNOWN
2016-02-14T00:26:38.000000;2016-02-14T00:26:38.000000;2bcc869d-d109-456e-8567-b2cc1e2f6193;394.16;0.0135;UNKNOWN
2016-02-14T00:26:45.000000;2016-02-14T00:26:45.000000;e83e34e1-bd9f-4f66-aec7-bceefff043f2;394.11;0.0749;UNKNOWN
2016-02-14T00:26:45.000000;2016-02-14T00:26:45.000000;35749da8-e1d6-429d-951e-8cb4a1d1986c;394.0;5.0;UNKNOWN
2016-02-14T00:26:50.000000;2016-02-14T00:26:50.000000;3ccb6006-d4bf-4e35-a967-6a190efbc3f9;393.41;0.01;UNKNOWN
2016-02-14T00:26:51.000000;2016-02-14T00:26:51.000000;220e0c97-fa06-4201-aa25-51fa8d98cdf8;393.35;0.9027;UNKNOWN
2016-02-14T00:26:51.000000;2016-02-14T00:26:51.000000;87b0e5e6-d3e0-44fe-ace6-7571f79639aa;393.41;0.0973;UNKNOWN
2016-02-14T00:27:16.000000;2016-02-14T00:27:16.000000;14dc674a-c466-43b1-9aea-e9993c3f7c5e;393.74;7.52076;UNKNOWN
2016-02-14T00:27:16.000000;2016-02-14T00:27:16.000000;28484ad1-8e7d-498e-bb2b-05e649c1a644;393.1;0.025;UNKNOWN
2016-02-14T00:27:16.000000;2016-02-14T00:27:16.000000;6783c434-5719-41d3-9738-09add5110c23;393.16;19.7593;UNKNOWN
2016-02-14T00:27:16.000000;2016-02-14T00:27:16.000000;1a47c795-6186-4073-8e95-34addd4cd63b;393.3;0.143;UNKNOWN
2016-02-14T00:27:16.000000;2016-02-14T00:27:16.000000;c66cd6f7-687f-41ac-947c-6c614aa79c08;393.3;9.98;UNKNOWN
2016-02-14T00:27:16.000000;2016-02-14T00:27:16.000000;9f6ad285-07e1-4e89-95ca-b17d416b484d;393.74;7.82354;UNKNOWN
2016-02-14T00:27:16.000000;2016-02-14T00:27:16.000000;f5cf1dcd-7268-499b-b7bf-121bbae6a646;393.06;4.7484;UNKNOWN
2016-02-14T00:27:17.000000;2016-02-14T00:27:17.000000;fcf01160-d523-417d-81b8-b2a87327ca20;393.06;3.2165;UNKNOWN
2016-02-14T00:27:17.000000;2016-02-14T00:27:17.000000;1ed797f6-9e7a-484d-84f1-3dc370639563;393.01;0.65;UNKNOWN
2016-02-14T00:27:17.000000;2016-02-14T00:27:17.000000;805153f7-37b4-4be5-9eda-a1a0da701e4a;393.01;5.0;UNKNOWN
2016-02-14T00:27:17.000000;2016-02-14T00:27:17.000000;764d0d65-a39a-4b8c-b773-398308da31ee;393.0;6.0586;UNKNOWN
2016-02-14T00:27:37.000000;2016-02-14T00:27:37.000000;e9f1774b-b2b1-425d-b6ea-7e65b457628f;393.71;3.5;UNKNOWN
2016-02-14T00:27:37.000000;2016-02-14T00:27:37.000000;f05976eb-8ed7-40af-b12f-e32c95b73000;393.69;0.5;UNKNOWN
2016-02-14T00:27:40.000000;2016-02-14T00:27:40.000000;84730a3f-6497-4d15-86df-ffc6e9314616;393.94;0.5;UNKNOWN
2016-02-14T00:27:40.000000;2016-02-14T00:27:40.000000;82a1dfa2-6eb1-46f3-ae5e-8f9532f9af90;393.69;3.0;UNKNOWN
2016-02-14T00:27:40.000000;2016-02-14T00:27:40.000000;cc2e7ee3-a773-43e8-87c4-5d118fa9d05b;393.69;0.5;UNKNOWN
2016-02-14T00:27:56.000000;2016-02-14T00:27:56.000000;33739935-eef3-4bd8-94e8-acd67110cb04;393.84;2.96151;UNKNOWN
2016-02-14T00:28:10.000000;2016-02-14T00:28:10.000000;758c8155-0c62-45ee-a0c3-80817bd7eb87;393.91;1.0;UNKNOWN
2016-02-14T00:29:34.000000;2016-02-14T00:29:34.000000;15c2b4f5-1f7b-4a45-8b49-78e6aee75407;394.0;1.87;UNKNOWN
2016-02-14T00:30:41.000000;2016-02-14T00:30:41.000000;a16de703-c640-4925-8c7c-83f5db28abe7;394.0;3.13;UNKNOWN
2016-02-14T00:32:29.000000;2016-02-14T00:32:29.000000;9877df68-0a71-409f-93ad-4f33f0fc9c06;394.0;46.87;UNKNOWN
2016-02-14T00:32:54.000000;2016-02-14T00:32:54.000000;f2667949-d2d3-4a75-9f65-43a21aa09397;394.37;0.5;UNKNOWN
2016-02-14T00:33:11.000000;2016-02-14T00:33:11.000000;d66313c0-8f3b-499a-ad3a-7d7676f17ed9;394.53;10.0;UNKNOWN
2016-02-14T00:33:53.000000;2016-02-14T00:33:53.000000;0ffa2588-80ea-4c2c-9ac4-0d327e7b1766;395.17;3.63777465;UNKNOWN
2016-02-14T00:33:53.000000;2016-02-14T00:33:53.000000;aff98347-6c89-4288-a1bb-3d092df8f619;394.75;0.04;UNKNOWN
2016-02-14T00:33:53.000000;2016-02-14T00:33:53.000000;f6de9bb6-cc8b-47c5-bffc-70e1c91c50c5;394.9;5.0;UNKNOWN
2016-02-14T00:33:53.000000;2016-02-14T00:33:53.000000;d00a78e4-a8b2-4d31-ac60-71ed90752411;395.96;7.13;UNKNOWN
2016-02-14T00:33:53.000000;2016-02-14T00:33:53.000000;318b06dd-68c3-4255-ad41-e914abb1edd7;395.0;50.0;UNKNOWN
2016-02-14T00:33:53.000000;2016-02-14T00:33:53.000000;7a39b6f3-df4e-4fd6-9e34-a82cb8e3a6fb;395.79;1.0;UNKNOWN
2016-02-14T00:33:53.000000;2016-02-14T00:33:53.000000;949f89a5-c0c8-4daa-8dd9-0363f79278ff;395.39;3.63773054;UNKNOWN
2016-02-14T00:33:53.000000;2016-02-14T00:33:53.000000;077712fb-4780-4bba-b5cb-21040edfb926;394.58;15.645;UNKNOWN
2016-02-14T00:33:53.000000;2016-02-14T00:33:53.000000;e0067e7b-a418-4c06-af8e-903d966ec9b0;395.0;10.30179374;UNKNOWN
2016-02-14T00:33:53.000000;2016-02-14T00:33:53.000000;a71ec9a7-3e02-4d3c-aef7-555e96550220;394.94;3.63773054;UNKNOWN
2016-02-14T00:33:53.000000;2016-02-14T00:33:53.000000;17ce5df4-7426-4031-9547-0ed98df7f49d;395.32;3.63773054;UNKNOWN
2016-02-14T00:33:53.000000;2016-02-14T00:33:53.000000;2d4b7543-3ece-439a-8e62-d46a80dff8d2;394.69;3.63777465;UNKNOWN
2016-02-14T00:33:53.000000;2016-02-14T00:33:53.000000;55946a6b-a4b4-4ecd-859e-91c0a9ab5e07;395.27;1.66;UNKNOWN
2016-02-14T00:33:53.000000;2016-02-14T00:33:53.000000;7d63d17d-f749-4670-93f2-4c169eaec5e0;394.99;5.11616008;UNKNOWN
2016-02-14T00:33:53.000000;2016-02-14T00:33:53.000000;7974bc3f-1c6b-45d7-ac76-fe646065a85f;394.59;5.8;UNKNOWN
2016-02-14T00:33:53.000000;2016-02-14T00:33:53.000000;180b4e8a-32cf-4a28-9782-212f3fc20529;394.86;3.63773054;UNKNOWN
2016-02-14T00:33:53.000000;2016-02-14T00:33:53.000000;6e8bb82d-38d6-4b38-9f11-7c1e98c1a224;395.25;3.63777465;UNKNOWN
2016-02-14T00:33:53.000000;2016-02-14T00:33:53.000000;3ee904d0-fa54-4918-9983-63a17c12d9da;395.02;3.63773054;UNKNOWN
2016-02-14T00:33:53.000000;2016-02-14T00:33:53.000000;719a2d2a-19c2-4253-8b0c-a904f61e77b5;395.0;0.1823346;UNKNOWN
2016-02-14T00:33:53.000000;2016-02-14T00:33:53.000000;d8bc4076-e247-435c-af69-cd35c7401620;395.13;3.06;UNKNOWN
2016-02-14T00:33:53.000000;2016-02-14T00:33:53.000000;fb091c90-47a2-4d5f-8288-64a2ffaa2a87;395.0;0.25;UNKNOWN
2016-02-14T00:33:53.000000;2016-02-14T00:33:53.000000;6a8d45e1-aa0b-4604-8c9b-979bd6b5fbee;395.1;3.63773054;UNKNOWN
2016-02-14T00:33:53.000000;2016-02-14T00:33:53.000000;9f983a3b-700b-400b-bd18-84548dda9a81;395.23;0.1;UNKNOWN
2016-02-14T00:33:53.000000;2016-02-14T00:33:53.000000;046b3a02-f908-44f1-a0ed-d8083bc6d68e;395.5;1.2999;UNKNOWN
2016-02-14T00:33:53.000000;2016-02-14T00:33:53.000000;822dbbfa-6fc5-4fdb-8ce4-dc925c467bf8;396.0;50.0;UNKNOWN
2016-02-14T00:33:53.000000;2016-02-14T00:33:53.000000;e96de70b-f4b5-47eb-9fd3-695ce1b1e2fc;395.49;1.66;UNKNOWN
2016-02-14T00:33:53.000000;2016-02-14T00:33:53.000000;ad33c15c-0d58-46cf-a3a7-b7cdccc5bc71;394.78;3.63777465;UNKNOWN
2016-02-14T00:33:53.000000;2016-02-14T00:33:53.000000;92928233-f767-4080-9ea5-84c4c53ccac0;394.6;5.0;UNKNOWN
2016-02-14T00:33:53.000000;2016-02-14T00:33:53.000000;e0d758a1-4618-410a-9d6b-a9c0253b2b98;396.0;25.0;UNKNOWN
2016-02-14T00:33:53.000000;2016-02-14T00:33:53.000000;8fb661b9-a2bb-4886-866d-bbf7ed886f6c;395.99;5.79740643;UNKNOWN
2016-02-14T00:33:53.000000;2016-02-14T00:33:53.000000;dabdefca-3b71-4bda-88cc-403b3c429e9e;396.0;10.0;UNKNOWN
2016-02-14T00:33:53.000000;2016-02-14T00:33:53.000000;7d05af81-1d92-4768-88f9-6e884f5d71a8;396.0;0.25;UNKNOWN
2016-02-14T00:33:53.000000;2016-02-14T00:33:53.000000;23df7368-1d57-4a72-a3d9-b69cd7980247;395.99;5.0;UNKNOWN
2016-02-14T00:33:53.000000;2016-02-14T00:33:53.000000;4064ff8e-8cef-4fe7-892a-c9d8269d5dbc;396.0;5.0;UNKNOWN
2016-02-14T00:33:53.000000;2016-02-14T00:33:53.000000;2df27485-7e5c-4e28-aaeb-5bdd7cb8b20d;396.0;11.95;UNKNOWN
2016-02-14T00:33:53.000000;2016-02-14T00:33:53.000000;7a5abd80-1776-445d-899a-b57cc4869c32;395.98;4.92;UNKNOWN
2016-02-14T00:33:53.000000;2016-02-14T00:33:53.000000;d1eba1ea-d2ff-45d2-98c1-303077235082;395.97;15.645;UNKNOWN
2016-02-14T00:33:53.000000;2016-02-14T00:33:53.000000;32633f1c-bc10-498a-b888-36d842586cd7;395.95;0.3;UNKNOWN
2016-02-14T00:33:53.000000;2016-02-14T00:33:53.000000;13fe4d98-a043-4d52-b525-3d29a46c388a;396.0;0.13;UNKNOWN
2016-02-14T00:33:53.000000;2016-02-14T00:33:53.000000;8831c65a-41da-41c8-bf2b-e8ab6b4d9161;396.0;0.1;UNKNOWN
2016-02-14T00:33:53.000000;2016-02-14T00:33:53.000000;be17a273-a3b1-4527-bf7b-9d4daccc903b;396.0;2.5;UNKNOWN
2016-02-14T00:33:53.000000;2016-02-14T00:33:53.000000;88536f15-a17d-425f-a41e-90a0d25e3343;396.0;0.1;UNKNOWN
2016-02-14T00:33:55.000000;2016-02-14T00:33:55.000000;1d6ec703-885a-40cb-94ba-4e0bd0e7f9a5;396.0;13.68492331;UNKNOWN
2016-02-14T00:34:01.000000;2016-02-14T00:34:01.000000;f01288f6-5a9c-479a-ad04-bff9874a11d2;394.57;0.2;UNKNOWN
2016-02-14T00:34:07.000000;2016-02-14T00:34:07.000000;a2732fea-fbfd-4bba-b711-cb1330a3ca1c;394.57;0.05;UNKNOWN
2016-02-14T00:34:17.000000;2016-02-14T00:34:17.000000;13fb1d36-8e7a-43a6-b239-05d27975616d;395.4;1.0;UNKNOWN
2016-02-14T00:34:21.000000;2016-02-14T00:34:21.000000;b4192b06-551d-4ab5-8213-c0afb9343494;394.6;1.01641283;UNKNOWN
2016-02-14T00:34:34.000000;2016-02-14T00:34:34.000000;53c1f43a-fc75-4080-af66-2480e0915cd0;395.4;0.02020885;UNKNOWN
2016-02-14T00:34:34.000000;2016-02-14T00:34:34.000000;67a41c9a-ca90-41ac-b679-7223aeff7525;395.4;8.14097;UNKNOWN
2016-02-14T00:34:34.000000;2016-02-14T00:34:34.000000;0f5c2b55-91dd-43e4-b210-657211b90c9f;395.4;8.90493;UNKNOWN
2016-02-14T00:34:53.000000;2016-02-14T00:34:53.000000;70d93598-e092-4b26-a523-14ba447ff68d;395.15;0.5;UNKNOWN
2016-02-14T00:35:01.000000;2016-02-14T00:35:01.000000;6d78fd08-e5bb-4f30-8b54-0169508a8125;395.15;14.5;UNKNOWN
2016-02-14T00:35:12.000000;2016-02-14T00:35:12.000000;a05f0f49-0731-44d9-9a9d-a9917dfa59d0;395.38;0.08;UNKNOWN
2016-02-14T00:35:39.000000;2016-02-14T00:35:39.000000;5906fe4d-f35d-4f8b-9574-c19f19c549ca;395.44;0.5;UNKNOWN
2016-02-14T00:35:39.000000;2016-02-14T00:35:39.000000;8999e7d6-410b-455f-a843-98d40bd67e11;395.43;1.02;UNKNOWN
2016-02-14T00:35:46.000000;2016-02-14T00:35:46.000000;d6002abe-2fc9-42ba-8899-e80998c51c61;395.09;3.0;UNKNOWN
2016-02-14T00:35:46.000000;2016-02-14T00:35:46.000000;2b8b48fd-e244-4f7e-94ca-efc2537e8b57;395.11;7.17357;UNKNOWN
2016-02-14T00:35:46.000000;2016-02-14T00:35:46.000000;4cab4e61-bc2a-4b16-a34b-3ea7da7aeddc;395.08;0.5;UNKNOWN
2016-02-14T00:35:46.000000;2016-02-14T00:35:46.000000;0ad44feb-c926-4605-a201-477f3633cc04;395.1;6.0;UNKNOWN
2016-02-14T00:36:05.000000;2016-02-14T00:36:05.000000;2fb36025-0e22-4288-aa90-9f0751244683;395.46;0.58;UNKNOWN
2016-02-14T00:36:05.000000;2016-02-14T00:36:05.000000;fba06bf1-a3f4-455c-aace-9364c41d3c19;395.45;0.5;UNKNOWN
2016-02-14T00:36:05.000000;2016-02-14T00:36:05.000000;430534cd-69a9-45f2-b301-c94538e02b13;394.75;0.05;UNKNOWN
2016-02-14T00:36:05.000000;2016-02-14T00:36:05.000000;0426638b-37f0-474c-8baf-7b3798975b70;395.46;3.0;UNKNOWN
2016-02-14T00:36:10.000000;2016-02-14T00:36:10.000000;c059b131-1a68-49d2-8e5c-7b377784206d;395.45;0.5;UNKNOWN
2016-02-14T00:36:10.000000;2016-02-14T00:36:10.000000;21540f17-5387-4745-9798-a1d4aae44df4;395.19;9.94396;UNKNOWN
2016-02-14T00:36:14.000000;2016-02-14T00:36:14.000000;dc35be48-1758-461b-9af0-d6c0d69f4340;395.45;0.5;UNKNOWN
2016-02-14T00:36:33.000000;2016-02-14T00:36:33.000000;982a469d-5e69-4016-bf92-ce694d15f25b;395.45;0.5;UNKNOWN
2016-02-14T00:37:00.000000;2016-02-14T00:37:00.000000;97c7b453-0874-48ca-8ca0-adca4fa4e324;395.46;0.025;UNKNOWN
2016-02-14T00:37:01.000000;2016-02-14T00:37:01.000000;38cf4fc4-9bc6-497e-af66-9d0a3feff572;395.6;0.11362981;UNKNOWN
2016-02-14T00:37:22.000000;2016-02-14T00:37:22.000000;9adb7791-6a86-472d-aa97-149ffa0b81da;395.61;1.9932;UNKNOWN
2016-02-14T00:37:32.000000;2016-02-14T00:37:32.000000;9eba3c26-5421-4eb2-a54d-d05ce6da3245;395.47;0.0499;UNKNOWN
2016-02-14T00:37:54.000000;2016-02-14T00:37:54.000000;8ba98786-3ebd-4cee-89d6-c77b4e2766d9;395.52;15.39;UNKNOWN
2016-02-14T00:37:56.000000;2016-02-14T00:37:56.000000;d0a59f20-70e7-4be3-ad24-f4dfe4e1df7c;395.62;0.01;UNKNOWN
2016-02-14T00:38:00.000000;2016-02-14T00:38:00.000000;36952f5c-62d1-4e0c-ae00-5c47a68df634;395.6;27.467;UNKNOWN
2016-02-14T00:38:00.000000;2016-02-14T00:38:00.000000;6c715072-0c56-4eae-960a-098d04178c41;395.62;6.0;UNKNOWN
2016-02-14T00:38:00.000000;2016-02-14T00:38:00.000000;e6e4a60e-dce6-4f45-bc55-3296af675154;395.67;0.11;UNKNOWN
2016-02-14T00:38:00.000000;2016-02-14T00:38:00.000000;8ea0bdfd-e522-41cc-86cf-fba0504d29a4;395.59;0.5;UNKNOWN
2016-02-14T00:38:00.000000;2016-02-14T00:38:00.000000;4fbd26ef-7f8d-47d2-acb5-3a05c5822b15;395.7;11.4104;UNKNOWN
2016-02-14T00:38:00.000000;2016-02-14T00:38:00.000000;ddf051c9-3280-469f-9ae5-b90e91ff0eb0;395.59;3.0;UNKNOWN
2016-02-14T00:38:00.000000;2016-02-14T00:38:00.000000;f5e35f2c-8094-4355-a52c-c07b53806d1d;395.63;19.8396;UNKNOWN
2016-02-14T00:38:00.000000;2016-02-14T00:38:00.000000;430983ff-11b0-4aaf-be29-da0e22f50ef1;395.6;11.673;UNKNOWN
2016-02-14T00:38:58.000000;2016-02-14T00:38:58.000000;072a4421-3a40-41de-a07a-3311fe315413;395.5;5.0;UNKNOWN
2016-02-14T00:40:10.000000;2016-02-14T00:40:10.000000;68839032-f7a2-4a8c-9033-72fdc8b34ed3;395.66;8.3;UNKNOWN
2016-02-14T00:40:10.000000;2016-02-14T00:40:10.000000;c00d9eb1-0e06-45cb-a23c-9abb8536efdf;395.66;0.013;UNKNOWN
2016-02-14T00:40:10.000000;2016-02-14T00:40:10.000000;bc8b007c-dd3f-4336-80ef-a841eebd2b34;395.51;5.445835;UNKNOWN
2016-02-14T00:41:03.000000;2016-02-14T00:41:03.000000;55f6a9cc-866f-4644-9ae5-bba71afa2851;395.66;1.0;UNKNOWN
2016-02-14T00:41:14.000000;2016-02-14T00:41:14.000000;4c02c8bc-d752-46ff-8e6f-273f1b9e3e68;395.66;1.0;UNKNOWN
2016-02-14T00:41:15.000000;2016-02-14T00:41:15.000000;3b2bfbd2-e893-4a2d-a38f-1b4069b5d8d8;395.66;1.0;UNKNOWN
2016-02-14T00:41:41.000000;2016-02-14T00:41:41.000000;7c2b9df8-0448-4e9e-a3cd-178ba679a2dd;395.85;17.8023;UNKNOWN
2016-02-14T00:41:41.000000;2016-02-14T00:41:41.000000;f5ed7d78-7068-4bce-8c46-5609c49498ff;395.67;0.11;UNKNOWN
2016-02-14T00:41:41.000000;2016-02-14T00:41:41.000000;436ed56e-961c-4a13-a3c5-bcfd4e8b0dac;395.99;16.237;UNKNOWN
2016-02-14T00:41:41.000000;2016-02-14T00:41:41.000000;ed52f6f3-b534-4829-b675-a6f7a7078a6b;395.7;5.0;UNKNOWN
2016-02-14T00:41:41.000000;2016-02-14T00:41:41.000000;37e6ff15-3c10-47d6-8e49-a2dbfb26e016;395.75;1.0;UNKNOWN
2016-02-14T00:41:41.000000;2016-02-14T00:41:41.000000;3de0ff9d-ac1b-447f-8e13-aadee906532d;396.0;15.0;UNKNOWN
2016-02-14T00:41:44.000000;2016-02-14T00:41:44.000000;33de5dd5-2758-4462-aa2d-edaaa847adc9;396.0;0.11;UNKNOWN
2016-02-14T00:41:47.000000;2016-02-14T00:41:47.000000;6c9c624a-86b1-4a6d-a88e-a8eac9341e86;396.05;3.12236;UNKNOWN
2016-02-14T00:41:47.000000;2016-02-14T00:41:47.000000;c986d3d5-0ffa-4a83-b733-db86ed618436;396.01;0.0499;UNKNOWN
2016-02-14T00:41:50.000000;2016-02-14T00:41:50.000000;7e7b76d0-df60-4189-98dd-36f3f44a90f5;396.0;37.0;UNKNOWN
2016-02-14T00:42:10.000000;2016-02-14T00:42:10.000000;105de329-87c9-4a3e-a8ed-d16841c13eef;396.01;0.1;UNKNOWN
2016-02-14T00:42:14.000000;2016-02-14T00:42:14.000000;bb9b2d6d-f632-424f-9236-ba837e68fdf4;396.01;5.369741;UNKNOWN
2016-02-14T00:42:16.000000;2016-02-14T00:42:16.000000;983d97d0-b9b1-4396-b63e-49ca5e495247;396.01;10.0;UNKNOWN
2016-02-14T00:42:23.000000;2016-02-14T00:42:23.000000;527b7a38-f664-43d9-9d78-a40f10019ae9;396.0;0.35295565;UNKNOWN
2016-02-14T00:42:23.000000;2016-02-14T00:42:23.000000;0b74c119-6de9-419a-b027-25a3f3c87503;396.01;0.175259;UNKNOWN
2016-02-14T00:42:29.000000;2016-02-14T00:42:29.000000;c18b8c4f-4fe5-4f9d-83b1-003b41bc5116;396.0;0.02;UNKNOWN
2016-02-14T00:42:31.000000;2016-02-14T00:42:31.000000;b63c62dd-72ce-4611-95a3-fc4becf5424a;396.0;5.0;UNKNOWN
2016-02-14T00:42:48.000000;2016-02-14T00:42:48.000000;ae99e46e-9c66-493d-a3ce-a330938f66ad;396.0;0.5;UNKNOWN
2016-02-14T00:43:01.000000;2016-02-14T00:43:01.000000;765950a7-d086-4c38-bb3f-d99378a8a10f;396.0;8.6819758;UNKNOWN
2016-02-14T00:43:05.000000;2016-02-14T00:43:05.000000;59074a62-eb82-479f-ae01-34f37947daff;396.0;0.05180005;UNKNOWN
2016-02-14T00:43:23.000000;2016-02-14T00:43:23.000000;ea9a8bc2-df82-45f4-9587-668efc0cc9bc;396.0;0.03574;UNKNOWN
2016-02-14T00:43:27.000000;2016-02-14T00:43:27.000000;c6321caa-27e7-4361-8b2f-3910fdd4f4fe;396.0;5.0;UNKNOWN
2016-02-14T00:43:27.000000;2016-02-14T00:43:27.000000;e99c024c-05e1-4025-95e5-3ceb7618a3e2;396.0;43.0982285;UNKNOWN
2016-02-14T00:43:29.000000;2016-02-14T00:43:29.000000;b247ab10-c2f9-4f9f-8a12-9506a9385912;396.01;3.63284088;UNKNOWN
2016-02-14T00:43:29.000000;2016-02-14T00:43:29.000000;1b57d5e9-64cc-4452-8f18-1eb2d12e96df;396.17;0.1;UNKNOWN
2016-02-14T00:43:29.000000;2016-02-14T00:43:29.000000;173fb095-e3dc-42bc-aba3-94961b0df9e4;396.0;12.0;UNKNOWN
2016-02-14T00:43:29.000000;2016-02-14T00:43:29.000000;3b675170-7bdb-4e88-8be1-2bd3db8a8810;396.0;1.9017715;UNKNOWN
2016-02-14T00:43:29.000000;2016-02-14T00:43:29.000000;d0dcb98f-7b39-4ded-98c7-edb41f509604;396.0;3.0;UNKNOWN
2016-02-14T00:43:29.000000;2016-02-14T00:43:29.000000;a284be7e-7e90-484a-b916-b127d3b66b43;396.06;16.7675;UNKNOWN
2016-02-14T00:43:29.000000;2016-02-14T00:43:29.000000;39c32cf1-ce7d-46f2-aa69-ad7192a4c710;396.06;3.63297286;UNKNOWN
2016-02-14T00:43:29.000000;2016-02-14T00:43:29.000000;b579be03-5474-4e64-994d-a5c3e7d7ebf6;396.0;6.0;UNKNOWN
2016-02-14T00:43:29.000000;2016-02-14T00:43:29.000000;d3ef5022-2b4f-4a80-9692-3d9daa2dbad1;396.0;25.8668;UNKNOWN
2016-02-14T00:43:29.000000;2016-02-14T00:43:29.000000;3b20f000-8b1c-4b6a-a5af-4b4d1c2e9cbe;395.99;0.5;UNKNOWN
2016-02-14T00:43:29.000000;2016-02-14T00:43:29.000000;859f464d-021e-4068-b427-91fbcc049fb1;396.2;3.63297286;UNKNOWN
2016-02-14T00:43:29.000000;2016-02-14T00:43:29.000000;7e486738-9f89-442a-8298-5809d940bd5c;395.85;16.8396;UNKNOWN
2016-02-14T00:43:29.000000;2016-02-14T00:43:29.000000;1e52cc3b-6127-43f3-8dba-3e881716a624;396.15;3.63284088;UNKNOWN
2016-02-14T00:43:29.000000;2016-02-14T00:43:29.000000;6431b760-f9a0-4c25-9323-70d3350c2ed7;396.2;2.37270102;UNKNOWN
2016-02-14T00:43:29.000000;2016-02-14T00:43:29.000000;0fef88fb-361b-4a51-b03c-b0ed5828f2a6;396.19;0.12;UNKNOWN
2016-02-14T00:43:38.000000;2016-02-14T00:43:38.000000;ed9f519d-340a-4bf1-b52d-d91e692b38d9;396.19;4.0;UNKNOWN
2016-02-14T00:43:49.000000;2016-02-14T00:43:49.000000;37c4632c-025c-4be4-8e5a-35b8940d58d7;396.4;1.0;UNKNOWN
2016-02-14T00:43:49.000000;2016-02-14T00:43:49.000000;19b7ec05-4fcb-4c00-a81b-bf49a18b0be2;396.33;3.63253296;UNKNOWN
2016-02-14T00:43:49.000000;2016-02-14T00:43:49.000000;97ed625e-6599-42f1-9dd6-6642f46bad91;396.2;14.50493898;UNKNOWN
2016-02-14T00:43:49.000000;2016-02-14T00:43:49.000000;7489141a-2847-4b68-932c-5ed703a7b435;396.32;3.63253296;UNKNOWN
2016-02-14T00:43:49.000000;2016-02-14T00:43:49.000000;4f560ff7-d46c-4137-8e14-52d4a8dcd812;396.25;19.1673;UNKNOWN
2016-02-14T00:43:49.000000;2016-02-14T00:43:49.000000;c782b83e-4d5d-4931-b63b-5f95711388e6;396.19;0.11;UNKNOWN
2016-02-14T00:43:49.000000;2016-02-14T00:43:49.000000;5e8c97c1-02c7-4162-9c90-6978cf2a79b1;396.4;3.63253296;UNKNOWN
2016-02-14T00:43:49.000000;2016-02-14T00:43:49.000000;4c6289db-cb64-4acc-bb28-40bfe0b8f812;396.19;12.3504;UNKNOWN
2016-02-14T00:43:49.000000;2016-02-14T00:43:49.000000;1d4256ed-0c8c-45d1-936f-f7b824738dd3;396.1;1.0575506;UNKNOWN
2016-02-14T00:43:49.000000;2016-02-14T00:43:49.000000;ff91f67e-96b0-436c-92c2-74b5889fad11;396.24;1.0;UNKNOWN
2016-02-14T00:43:49.000000;2016-02-14T00:43:49.000000;99450bd7-d8bb-4c18-b6ae-51ca51cc452a;396.4;0.2;UNKNOWN
2016-02-14T00:43:51.000000;2016-02-14T00:43:51.000000;c8e554ad-2fa3-45c0-9861-df955b70953d;396.41;0.0499;UNKNOWN
2016-02-14T00:43:51.000000;2016-02-14T00:43:51.000000;121248db-f815-4c25-bfe3-36594eb45066;396.41;23.69;UNKNOWN
2016-02-14T00:43:51.000000;2016-02-14T00:43:51.000000;c26be5ed-9203-40ef-bfc7-2055c020ec0b;396.43;1.2601;UNKNOWN
2016-02-14T00:43:55.000000;2016-02-14T00:43:55.000000;057399e5-a8fb-464c-8b8f-07cfea11ec1d;396.43;9.90615528;UNKNOWN
2016-02-14T00:43:57.000000;2016-02-14T00:43:57.000000;71f5b274-664f-4f56-8160-d4a9cd3fb89e;396.4;0.01069785;UNKNOWN
2016-02-14T00:44:07.000000;2016-02-14T00:44:07.000000;16620bd8-49a5-4136-bb26-36b9560396d2;396.4;0.02;UNKNOWN
2016-02-14T00:44:10.000000;2016-02-14T00:44:10.000000;033c666d-52a2-44a0-b836-d7d7d0f4a375;396.41;0.05;UNKNOWN
2016-02-14T00:44:12.000000;2016-02-14T00:44:12.000000;0e2f786f-7b14-49b4-b70b-a82cb13bad62;396.41;0.05;UNKNOWN
2016-02-14T00:44:29.000000;2016-02-14T00:44:29.000000;fcdb0c5b-adb5-44fa-a78c-c72c2ed22afd;396.4;0.02;UNKNOWN
2016-02-14T00:44:35.000000;2016-02-14T00:44:35.000000;f59ff73e-50e5-4dd5-9645-07e78a05d8a7;396.4;1.0;UNKNOWN
2016-02-14T00:44:56.000000;2016-02-14T00:44:56.000000;3e8a4689-905b-4550-b859-511e1f87c1a3;396.4;0.11;UNKNOWN
2016-02-14T00:45:09.000000;2016-02-14T00:45:09.000000;9abf2a7b-8cad-450a-b1ed-91dc7b7db757;396.41;0.9;UNKNOWN
2016-02-14T00:45:09.000000;2016-02-14T00:45:09.000000;dedea1f0-12ca-49bc-8325-d9b4f08c5265;396.41;10.3304;UNKNOWN
2016-02-14T00:45:10.000000;2016-02-14T00:45:10.000000;a1b09839-3185-4213-8f06-d73646d88b30;396.4;1.0;UNKNOWN
2016-02-14T00:45:13.000000;2016-02-14T00:45:13.000000;9814a013-aaff-4b68-ae71-d89eaa774b05;396.4;37.55151369;UNKNOWN
2016-02-14T00:45:19.000000;2016-02-14T00:45:19.000000;08d34939-1db0-4513-b2d9-4f70ec40ff44;395.66;0.01;UNKNOWN
2016-02-14T00:45:21.000000;2016-02-14T00:45:21.000000;4c702b58-5c2f-494c-9989-706bfb856e08;395.66;0.50674794;UNKNOWN
2016-02-14T00:46:21.000000;2016-02-14T00:46:21.000000;dad49162-e741-4fda-afa5-ee9dbdc5ec50;396.01;0.0499;UNKNOWN
2016-02-14T00:46:27.000000;2016-02-14T00:46:27.000000;cfb69f04-0ffd-4e74-8bcc-ac62e924f5fd;396.25;0.0439;UNKNOWN
2016-02-14T00:46:27.000000;2016-02-14T00:46:27.000000;f25cda04-33ad-4c3b-9f60-70c49ad8fdd5;396.26;0.18723133;UNKNOWN
2016-02-14T00:46:35.000000;2016-02-14T00:46:35.000000;4f641ec3-d88e-49d6-b40f-5ff997e0f318;396.08;0.5;UNKNOWN
2016-02-14T00:46:35.000000;2016-02-14T00:46:35.000000;b2206444-12bc-4c43-ba0f-9307bb07f14b;396.0;0.5;UNKNOWN
2016-02-14T00:46:54.000000;2016-02-14T00:46:54.000000;b97a0282-661a-4465-b441-ab6ca5d11f8e;396.24;0.1;UNKNOWN
2016-02-14T00:48:17.000000;2016-02-14T00:48:17.000000;6b7afe74-7a2e-4df3-ba5d-0d85ad028b8d;396.02;0.399;UNKNOWN
2016-02-14T00:48:19.000000;2016-02-14T00:48:19.000000;35165b74-2c71-4f2e-aae8-ee854c203932;396.02;1.0;UNKNOWN
2016-02-14T00:48:31.000000;2016-02-14T00:48:31.000000;adecaa23-491b-401d-8c34-edfbf4394786;396.02;1.0;UNKNOWN
2016-02-14T00:48:32.000000;2016-02-14T00:48:32.000000;44516733-9cb4-4060-ac54-391da58707d7;396.03;0.0499;UNKNOWN
2016-02-14T00:48:32.000000;2016-02-14T00:48:32.000000;b6626f44-cc35-4a53-a865-7139cdba2051;396.43;0.0501;UNKNOWN
2016-02-14T00:48:39.000000;2016-02-14T00:48:39.000000;0a15d513-3974-450e-9a06-cd50c7c0e077;396.01;0.609;UNKNOWN
2016-02-14T00:48:39.000000;2016-02-14T00:48:39.000000;9b521934-b20b-49ba-827e-c8c37b67bc99;396.03;23.67;UNKNOWN
2016-02-14T00:48:39.000000;2016-02-14T00:48:39.000000;737e2b7c-2e88-4da1-a6e4-b90d29de0f36;396.02;0.2273;UNKNOWN
2016-02-14T00:48:39.000000;2016-02-14T00:48:39.000000;fa0b0a51-73bd-443b-ab96-f8a172e2f3e6;396.0;137.9607;UNKNOWN
2016-02-14T00:48:39.000000;2016-02-14T00:48:39.000000;3ecdd199-760f-47e6-9052-d38af54dd710;396.01;0.033;UNKNOWN
2016-02-14T00:48:40.000000;2016-02-14T00:48:40.000000;10377934-00c0-4e83-bc48-ccefbebfd7b6;396.43;0.1;UNKNOWN
2016-02-14T00:48:43.000000;2016-02-14T00:48:43.000000;3bf96b07-2694-4142-b507-4125b05f9890;396.0;1.0;UNKNOWN
2016-02-14T00:48:47.000000;2016-02-14T00:48:47.000000;602da9ed-11a0-4436-a136-974853fe1943;396.0;10.0;UNKNOWN
2016-02-14T00:48:51.000000;2016-02-14T00:48:51.000000;1ba7a7cf-8147-43d2-b931-4fdae93501ce;396.0;0.01503025;UNKNOWN
2016-02-14T00:48:59.000000;2016-02-14T00:48:59.000000;033744e2-e506-41ae-a237-3127acfc82d8;396.0;0.3;UNKNOWN
2016-02-14T00:49:06.000000;2016-02-14T00:49:06.000000;d2205d00-db10-4027-aa2d-957a6b8a7263;396.0;1.0;UNKNOWN
2016-02-14T00:49:10.000000;2016-02-14T00:49:10.000000;93010a6a-2f4d-4534-a743-bf24d34fa531;396.48;6.63;UNKNOWN
2016-02-14T00:49:10.000000;2016-02-14T00:49:10.000000;cda5752f-f393-4e27-984f-e4ca9cb511a5;396.44;0.25;UNKNOWN
2016-02-14T00:49:10.000000;2016-02-14T00:49:10.000000;6220fe60-41f3-4cc2-bf9f-06d32589ab38;396.42;0.1;UNKNOWN
2016-02-14T00:49:10.000000;2016-02-14T00:49:10.000000;880a2fef-64a1-41ef-9946-4d010bd5107e;396.38;23.72;UNKNOWN
2016-02-14T00:49:10.000000;2016-02-14T00:49:10.000000;c9878214-1608-429d-a2bb-fd3530359bd7;396.47;0.3;UNKNOWN
2016-02-14T00:49:10.000000;2016-02-14T00:49:10.000000;a329edf5-55fa-4b65-8821-1509e6f7aae8;396.49;18.0;UNKNOWN
2016-02-14T00:49:10.000000;2016-02-14T00:49:10.000000;507ee92b-f7ac-4579-b8d0-6901cb231b5e;396.39;1.0;UNKNOWN
2016-02-14T00:49:17.000000;2016-02-14T00:49:17.000000;2091ee83-f03f-43b2-b738-f20e055598e6;396.5;2.5;UNKNOWN
2016-02-14T00:49:17.000000;2016-02-14T00:49:17.000000;376b8583-3314-4b1a-858c-4377c9fd8e88;396.5;47.5;UNKNOWN
2016-02-14T00:49:32.000000;2016-02-14T00:49:32.000000;a1c6a092-0a3a-4102-b1f4-05b3b86de73d;396.49;0.1;UNKNOWN
2016-02-14T00:49:32.000000;2016-02-14T00:49:32.000000;7e43a798-1bd5-43aa-82c9-6bb0a8c88ef1;396.5;33.0;UNKNOWN
2016-02-14T00:49:32.000000;2016-02-14T00:49:32.000000;bd543e3c-3a1a-4129-b0f2-e9f41af7a979;396.5;2.5;UNKNOWN
2016-02-14T00:49:39.000000;2016-02-14T00:49:39.000000;6c3573e0-2031-4f16-97d8-893df7f25bb3;396.48;25.0;UNKNOWN
2016-02-14T00:49:45.000000;2016-02-14T00:49:45.000000;0a36fb25-4efe-4775-b057-57f1ffdfdf4d;396.14;2.6;UNKNOWN
2016-02-14T00:50:25.000000;2016-02-14T00:50:25.000000;ad455f63-7252-4000-a7eb-b6ca2f3f0fff;396.49;0.1;UNKNOWN
2016-02-14T00:50:25.000000;2016-02-14T00:50:25.000000;52db03d3-7d42-4f9f-b01d-ce813498681f;396.5;0.4;UNKNOWN
2016-02-14T00:50:37.000000;2016-02-14T00:50:37.000000;08b94f65-3e55-44ac-985d-c25837d414e2;396.31;0.0499;UNKNOWN
2016-02-14T00:50:45.000000;2016-02-14T00:50:45.000000;1e9583bf-fb1b-4d43-9ccb-d45ca081bf35;396.33;0.01;UNKNOWN
2016-02-14T00:51:01.000000;2016-02-14T00:51:01.000000;34ad68ed-c72e-487c-8787-364307ea638b;396.36;0.1;UNKNOWN
2016-02-14T00:51:22.000000;2016-02-14T00:51:22.000000;bf869784-7720-443f-87c6-9e059b70c039;396.5;0.1084;UNKNOWN
2016-02-14T00:51:34.000000;2016-02-14T00:51:34.000000;8cfee5c8-8ebc-42b9-812f-2d7ecaa646bc;396.5;0.02;UNKNOWN
2016-02-14T00:51:47.000000;2016-02-14T00:51:47.000000;62b88157-3be3-480f-be53-6538c57b8298;396.5;0.51;UNKNOWN
2016-02-14T00:52:03.000000;2016-02-14T00:52:03.000000;a5d3e6c4-fe08-486c-a325-96c46c30a429;396.46;1.08;UNKNOWN
2016-02-14T00:52:07.000000;2016-02-14T00:52:07.000000;281da0bc-c535-4551-a242-c6c1cfccbbfd;397.0;2.18893039;UNKNOWN
2016-02-14T00:52:07.000000;2016-02-14T00:52:07.000000;3ee26f79-36d1-40cc-b07d-58d0caae95a1;396.99;3.41925254;UNKNOWN
2016-02-14T00:52:07.000000;2016-02-14T00:52:07.000000;24b3bb91-c951-48ea-ad2b-8c776670992c;397.0;0.01;UNKNOWN
2016-02-14T00:52:07.000000;2016-02-14T00:52:07.000000;3e7f02c3-6555-4fc2-a1a4-efce3802ead1;396.5;3.9616;UNKNOWN
2016-02-14T00:52:07.000000;2016-02-14T00:52:07.000000;fe70865f-7f87-4eb4-8293-59d8101bce24;396.98;3.62840314;UNKNOWN
2016-02-14T00:52:07.000000;2016-02-14T00:52:07.000000;07b15a46-4d97-485f-8075-2ccb6fa3e229;396.96;2.0;UNKNOWN
2016-02-14T00:52:07.000000;2016-02-14T00:52:07.000000;96a73015-5792-4255-95c2-8fe776f22e04;396.59;0.01451393;UNKNOWN
2016-02-14T00:52:07.000000;2016-02-14T00:52:07.000000;fd509ef2-e00e-4549-a73c-81909d4272be;397.0;0.1;UNKNOWN
2016-02-14T00:52:07.000000;2016-02-14T00:52:07.000000;3c1870fe-182b-42f6-b8d6-97804b863699;396.61;0.0673;UNKNOWN
2016-02-14T00:52:09.000000;2016-02-14T00:52:09.000000;6949333d-423e-4c19-b267-24ec50eadb7d;396.37;0.05;UNKNOWN
2016-02-14T00:52:11.000000;2016-02-14T00:52:11.000000;d1ebb914-52d4-4ca4-bcb2-1d4b72f8c6bd;396.97;0.33;UNKNOWN
2016-02-14T00:52:11.000000;2016-02-14T00:52:11.000000;975af44c-75ab-4f57-b4a1-a3a9d04d25c5;396.97;1.20097172;UNKNOWN
2016-02-14T00:52:14.000000;2016-02-14T00:52:14.000000;fa704d37-f904-4432-80a6-bca34529a2bd;396.97;1.2038;UNKNOWN
2016-02-14T00:52:31.000000;2016-02-14T00:52:31.000000;9cd9cc66-aa98-46e7-9ab3-6181ab5ac5c2;397.0;0.31106961;UNKNOWN
2016-02-14T00:52:31.000000;2016-02-14T00:52:31.000000;cd8e9585-cc98-46cb-ac0e-a3334db098b4;397.0;0.03893039;UNKNOWN
2016-02-14T00:52:31.000000;2016-02-14T00:52:31.000000;9a1c9491-5e11-4a40-80da-da6c830e80a5;397.0;0.03;UNKNOWN
2016-02-14T00:52:38.000000;2016-02-14T00:52:38.000000;e4af6f53-33c2-4ca7-927f-2bda3d57ed64;397.0;2.5;UNKNOWN
2016-02-14T00:52:41.000000;2016-02-14T00:52:41.000000;6da3e51a-1c9c-4602-bed9-613887fa1774;397.0;3.5;UNKNOWN
2016-02-14T00:52:41.000000;2016-02-14T00:52:41.000000;6ae6a3f8-364c-4281-affc-d238d4977482;397.0;7.43106961;UNKNOWN
2016-02-14T00:52:41.000000;2016-02-14T00:52:41.000000;40aa45b5-e992-494f-af40-f9a4a634ced2;397.0;3.99247321;UNKNOWN
2016-02-14T00:52:41.000000;2016-02-14T00:52:41.000000;66ddd674-f97f-4000-83ad-902e73372f09;396.75;0.0499;UNKNOWN
2016-02-14T00:52:53.000000;2016-02-14T00:52:53.000000;c530929f-0c1a-4cef-8315-d775d6e0bad9;397.0;6.0;UNKNOWN
2016-02-14T00:52:53.000000;2016-02-14T00:52:53.000000;bdae019f-ec0a-44a4-9346-ff36d3561917;397.0;0.25;UNKNOWN
2016-02-14T00:52:53.000000;2016-02-14T00:52:53.000000;9ecc474c-92d6-42d9-aaee-c59bd4fba110;397.0;73.00752679;UNKNOWN
2016-02-14T00:52:56.000000;2016-02-14T00:52:56.000000;386cfe8a-48f8-4ff7-aa72-cc4134d7f56d;396.82;0.1;UNKNOWN
2016-02-14T00:53:04.000000;2016-02-14T00:53:04.000000;54d5de61-19eb-4956-b3f5-e2ee6ae25da3;397.0;0.1;UNKNOWN
2016-02-14T00:53:05.000000;2016-02-14T00:53:05.000000;b712699b-30ae-4122-b82d-b68da2a0e91c;396.9;1.22923663;UNKNOWN
2016-02-14T00:53:06.000000;2016-02-14T00:53:06.000000;82b6cf13-300e-4d98-8c4c-6270d73392a1;397.0;0.04;UNKNOWN
2016-02-14T00:53:06.000000;2016-02-14T00:53:06.000000;8e8dc3ad-53d7-4394-ae38-0f22a6f9d26b;397.01;0.18426373;UNKNOWN
2016-02-14T00:53:15.000000;2016-02-14T00:53:15.000000;a2b867d0-c8eb-4d5d-bc1b-ddeb5ce842f9;396.78;0.019438;UNKNOWN
2016-02-14T00:53:15.000000;2016-02-14T00:53:15.000000;c767f60d-46e9-4814-96fd-28ddd7f3b245;396.77;1.975221;UNKNOWN
2016-02-14T00:53:15.000000;2016-02-14T00:53:15.000000;73dcfd2b-fdbb-4a8a-8e64-a0f8218ed722;396.81;0.0218;UNKNOWN
2016-02-14T00:53:17.000000;2016-02-14T00:53:17.000000;90323c1d-4e8c-42ba-938a-15a3c29bb892;397.0;0.009;UNKNOWN
2016-02-14T00:53:21.000000;2016-02-14T00:53:21.000000;1b7da658-5ff7-4efc-a6bd-fa9e357b5d1e;396.74;0.70104594;UNKNOWN
2016-02-14T00:53:24.000000;2016-02-14T00:53:24.000000;aed65895-b65e-46d0-a3d2-ad34a0538bfd;397.13;0.0305;UNKNOWN
2016-02-14T00:53:24.000000;2016-02-14T00:53:24.000000;7b6cb92e-ae42-4bb8-8b2d-ebb2f2293018;397.01;0.06573627;UNKNOWN
2016-02-14T00:53:24.000000;2016-02-14T00:53:24.000000;02dd509a-aedc-47ae-9dc2-60a4f01ddbec;397.1;26.38;UNKNOWN
2016-02-14T00:53:24.000000;2016-02-14T00:53:24.000000;a5d51b66-30b2-4af7-9301-b84e649b728c;397.11;0.068357;UNKNOWN
2016-02-14T00:53:24.000000;2016-02-14T00:53:24.000000;c64d8824-c09b-40b9-8c58-ff6cad296db7;397.0;0.13;UNKNOWN
2016-02-14T00:53:24.000000;2016-02-14T00:53:24.000000;26e56776-b364-4c08-b5c3-9f404e937908;397.08;3.4;UNKNOWN
2016-02-14T00:53:24.000000;2016-02-14T00:53:24.000000;503f5d98-ae88-4467-9852-915a50659109;397.0;5.101;UNKNOWN
2016-02-14T00:53:24.000000;2016-02-14T00:53:24.000000;ba352115-5f48-4977-afd8-e379cd87e18e;397.14;0.03005158;UNKNOWN
2016-02-14T00:53:24.000000;2016-02-14T00:53:24.000000;f8a4d8f3-33a7-4079-8b95-9ae1da111f49;397.18;29.9;UNKNOWN
2016-02-14T00:53:31.000000;2016-02-14T00:53:31.000000;5c47090a-fd91-48ae-b8e4-dd3a24fee664;397.17;0.05;UNKNOWN
2016-02-14T00:53:46.000000;2016-02-14T00:53:46.000000;bbe7ccb5-944d-423e-af69-cac7742ce324;397.18;2.23;UNKNOWN
2016-02-14T00:53:46.000000;2016-02-14T00:53:46.000000;11190c8d-599e-4a90-8a9b-8c8759d16a8c;397.4;0.03;UNKNOWN
2016-02-14T00:53:46.000000;2016-02-14T00:53:46.000000;11593f56-979d-4f37-808a-527a00defc5e;397.17;0.14;UNKNOWN
2016-02-14T00:53:46.000000;2016-02-14T00:53:46.000000;2be1aa61-fa32-4bd7-a53d-98c1455c6483;397.17;0.5;UNKNOWN
2016-02-14T00:53:46.000000;2016-02-14T00:53:46.000000;9d389de1-50a3-4409-8a50-aaaa19568573;397.2;0.03;UNKNOWN
2016-02-14T00:53:46.000000;2016-02-14T00:53:46.000000;b5b088e3-fff6-4d81-b028-2bd6986bcd5e;397.21;0.01;UNKNOWN
2016-02-14T00:53:46.000000;2016-02-14T00:53:46.000000;7c4aa0e1-e282-4a42-99f7-d0b736207879;397.46;1.09;UNKNOWN
2016-02-14T00:53:46.000000;2016-02-14T00:53:46.000000;0a5dc449-51b7-44b9-8e2d-c4a31650882f;397.3;1.55;UNKNOWN
2016-02-14T00:53:46.000000;2016-02-14T00:53:46.000000;12f52e0a-fcb2-44e9-a6cf-b7ea0084748a;397.18;0.1;UNKNOWN
2016-02-14T00:53:46.000000;2016-02-14T00:53:46.000000;9073501e-56dd-40ee-9a74-fcceaf858798;397.44;0.25;UNKNOWN
2016-02-14T00:53:46.000000;2016-02-14T00:53:46.000000;68ed3aff-795d-4054-a89b-347d18c223c4;397.5;49.07;UNKNOWN
2016-02-14T00:53:46.000000;2016-02-14T00:53:46.000000;a8ea87ad-acd9-40a2-8ea7-b7b1714841a1;397.4;25.0;UNKNOWN
2016-02-14T00:54:06.000000;2016-02-14T00:54:06.000000;2ba60618-fa42-4bec-b886-45d36455635f;397.0;0.07353714;UNKNOWN
2016-02-14T00:54:42.000000;2016-02-14T00:54:42.000000;0c72e0fc-2da5-4143-85f2-d985533b2a3d;396.51;0.0499;UNKNOWN
2016-02-14T00:56:31.000000;2016-02-14T00:56:31.000000;a1175809-ca39-40a8-8867-5d9395ca459b;396.5;1.0;UNKNOWN
2016-02-14T00:56:50.000000;2016-02-14T00:56:50.000000;75b6e8a0-ec09-44c3-b7eb-4a9255a2fd87;396.49;0.0218;UNKNOWN
2016-02-14T00:56:50.000000;2016-02-14T00:56:50.000000;2edb87c4-2fb8-4ada-933a-d7c5108fef4f;396.25;0.36008046;UNKNOWN
2016-02-14T00:56:50.000000;2016-02-14T00:56:50.000000;3afe5bc1-b279-45f5-9085-042fbf47379b;396.49;3.61811954;UNKNOWN
2016-02-14T00:56:53.000000;2016-02-14T00:56:53.000000;acd073e1-39c7-4668-ad92-645a1eeb111e;396.54;1.0;UNKNOWN
2016-02-14T00:56:53.000000;2016-02-14T00:56:53.000000;b39fdf66-fffd-4af7-b375-2de8a943443f;396.88;25.0;UNKNOWN
2016-02-14T00:57:04.000000;2016-02-14T00:57:04.000000;5d66b81c-fac7-4ab9-ae04-8992df5ade3b;396.88;0.4332298;UNKNOWN
2016-02-14T00:57:07.000000;2016-02-14T00:57:07.000000;3bbdd970-645b-4e8a-95cb-b5229305fc1a;396.88;2.3;UNKNOWN
2016-02-14T00:57:12.000000;2016-02-14T00:57:12.000000;ad734f12-d7cd-43e1-838e-f35821687752;396.89;0.0499;UNKNOWN
2016-02-14T00:57:12.000000;2016-02-14T00:57:12.000000;8f46a5a0-f608-4ec1-821a-d27031def4f9;396.89;5.292e-05;UNKNOWN
2016-02-14T00:57:12.000000;2016-02-14T00:57:12.000000;4a57aabd-3c43-4871-87d0-5292997d82b0;396.89;1.0;UNKNOWN
2016-02-14T00:57:13.000000;2016-02-14T00:57:13.000000;b0831023-1705-4f83-af04-fbcaa0303e57;396.88;0.2;UNKNOWN
2016-02-14T00:57:20.000000;2016-02-14T00:57:20.000000;6e7efce2-b958-4a46-b3c5-53768d665363;396.88;4.4;UNKNOWN
2016-02-14T00:57:26.000000;2016-02-14T00:57:26.000000;afacc3d6-6829-4f9b-9d2b-0ccd859896dd;396.88;20.0;UNKNOWN
2016-02-14T00:57:29.000000;2016-02-14T00:57:29.000000;ace4ec6d-a080-4733-9902-045b969fbb1d;396.88;4.0;UNKNOWN
2016-02-14T00:57:32.000000;2016-02-14T00:57:32.000000;6d26d2f2-8dde-429c-861a-9aa4065d3a1c;396.88;20.0;UNKNOWN
2016-02-14T00:57:33.000000;2016-02-14T00:57:33.000000;f56a8353-961c-4132-b32a-d6164c7556c9;396.88;0.06985;UNKNOWN
2016-02-14T00:57:37.000000;2016-02-14T00:57:37.000000;e5249b4e-8c30-4de4-8539-f87885bb98db;396.89;0.13;UNKNOWN
2016-02-14T00:57:38.000000;2016-02-14T00:57:38.000000;86a3bfb6-3e0a-490c-812e-80082cdb2085;396.89;20.0;UNKNOWN
2016-02-14T00:57:45.000000;2016-02-14T00:57:45.000000;2dc18b2c-6143-4150-8a55-01b4e43bbe58;396.89;20.0;UNKNOWN
2016-02-14T00:57:50.000000;2016-02-14T00:57:50.000000;53902fab-7f01-4748-8b9e-19884ae0bf9c;396.89;3.6298519;UNKNOWN
2016-02-14T00:57:51.000000;2016-02-14T00:57:51.000000;ca7a8c21-e517-4740-b36d-c2acb1e55f26;396.89;20.0;UNKNOWN
2016-02-14T00:57:51.000000;2016-02-14T00:57:51.000000;d57d72eb-7a24-4071-9c61-b2a40ff87677;396.89;3.6298519;UNKNOWN
2016-02-14T00:57:56.000000;2016-02-14T00:57:56.000000;b0f2e0a7-3c19-4361-b803-52e6d741e35a;396.9;0.1;UNKNOWN
2016-02-14T00:57:57.000000;2016-02-14T00:57:57.000000;30bab4c0-a0fd-4577-b209-fcba355ce2c6;396.89;20.0;UNKNOWN
2016-02-14T00:58:04.000000;2016-02-14T00:58:04.000000;f71f0496-55d7-48b4-b02d-5325d6a6e8e3;396.88;4.4897038;UNKNOWN
2016-02-14T00:58:04.000000;2016-02-14T00:58:04.000000;c557778d-a410-4cf2-88ef-a5aa023a35dd;396.89;0.1;UNKNOWN
2016-02-14T00:58:04.000000;2016-02-14T00:58:04.000000;f3b4d456-b806-4f2e-833d-7a24b070efcd;396.89;12.5102962;UNKNOWN
2016-02-14T00:58:05.000000;2016-02-14T00:58:05.000000;bf88fd46-90c0-499e-a27c-13fef664b3b6;396.9;0.1;UNKNOWN
2016-02-14T00:58:46.000000;2016-02-14T00:58:46.000000;3f3db980-6f04-4edb-92ad-8a498341bd13;396.88;0.5;UNKNOWN
2016-02-14T00:59:10.000000;2016-02-14T00:59:10.000000;9db839db-6adb-48af-810a-3a3bcd680951;396.12;3.62362604;UNKNOWN
2016-02-14T00:59:10.000000;2016-02-14T00:59:10.000000;97d1d19c-90a8-408c-8430-5aea050d174b;396.0;64.68637778;UNKNOWN
2016-02-14T00:59:10.000000;2016-02-14T00:59:10.000000;190e3b93-cb59-4175-8ba5-4398908308e3;396.88;17.6072164;UNKNOWN
2016-02-14T00:59:10.000000;2016-02-14T00:59:10.000000;e34d1271-9c18-459b-bf64-19f8ae63df33;396.11;3.62428269;UNKNOWN
2016-02-14T00:59:10.000000;2016-02-14T00:59:10.000000;57fcb034-cbc0-4e85-9318-9bf611066dec;396.25;4.63991954;UNKNOWN
2016-02-14T00:59:10.000000;2016-02-14T00:59:10.000000;b8d20c8a-3cb0-41ad-86c7-1fba6c2ee3b2;396.01;8.5;UNKNOWN
2016-02-14T00:59:10.000000;2016-02-14T00:59:10.000000;b4d358bb-ab60-49a4-b9ff-99cf318c389e;396.38;0.1;UNKNOWN
2016-02-14T00:59:14.000000;2016-02-14T00:59:14.000000;24eef871-ff38-4fce-9f37-cd2cd04c7c06;396.0;0.02657;UNKNOWN
2016-02-14T00:59:16.000000;2016-02-14T00:59:16.000000;0f47706d-165c-4e5d-9d3c-68662ecf73e2;396.0;0.01;UNKNOWN
2016-02-14T00:59:21.000000;2016-02-14T00:59:21.000000;9d0c64c2-2bb6-49dc-8cdb-d38190e5f279;396.0;1.0;UNKNOWN
2016-02-14T00:59:25.000000;2016-02-14T00:59:25.000000;cf32f7ed-17b0-4806-98e7-14d6d1ab6f63;396.0;1.5;UNKNOWN
2016-02-14T00:59:25.000000;2016-02-14T00:59:25.000000;de195ca6-056b-4565-9ffc-0d927ff27997;396.01;0.5;UNKNOWN
2016-02-14T00:59:25.000000;2016-02-14T00:59:25.000000;354e957c-4062-4fe4-a0b2-368490ad26a3;396.01;3.0;UNKNOWN
2016-02-14T00:59:30.000000;2016-02-14T00:59:30.000000;37088397-7435-42d2-9ec5-6043ee16d558;396.01;20.0;UNKNOWN
2016-02-14T00:59:33.000000;2016-02-14T00:59:33.000000;37788eb8-6e09-4d0d-9ee5-327fb120bf48;396.54;1.0;UNKNOWN
2016-02-14T00:59:39.000000;2016-02-14T00:59:39.000000;33b1366c-03e3-42c9-b0ac-6cb432528738;396.55;0.185;UNKNOWN
2016-02-14T00:59:55.000000;2016-02-14T00:59:55.000000;b2d4ad38-74a8-4cba-92f2-eeadc9ab4e72;396.54;13.93788592;UNKNOWN
2016-02-14T00:59:55.000000;2016-02-14T00:59:55.000000;b181dc15-8516-403e-9aa8-eeb2cac82ab0;396.55;3.555;UNKNOWN
2016-02-14T01:00:03.000000;2016-02-14T01:00:03.000000;d3381bb2-b774-45c8-a4f7-18b3d4133067;396.6;0.19;UNKNOWN
2016-02-14T01:00:18.000000;2016-02-14T01:00:18.000000;1176c840-0a95-4e6e-bd23-d7ac3bcec897;396.59;0.83235889;UNKNOWN
2016-02-14T01:00:30.000000;2016-02-14T01:00:30.000000;d138b399-5f14-49a2-a69a-9eb6d70254ac;396.54;28.3162;UNKNOWN
2016-02-14T01:00:36.000000;2016-02-14T01:00:36.000000;b5da3e63-2336-4a88-92d9-1faf689cfe3b;396.54;0.025;UNKNOWN
2016-02-14T01:00:44.000000;2016-02-14T01:00:44.000000;f410042c-9e6b-4671-a628-1e49470f795f;396.54;0.01;UNKNOWN
2016-02-14T01:00:46.000000;2016-02-14T01:00:46.000000;0153bd87-54c4-45fc-8d36-1844da82f115;396.54;35.7315;UNKNOWN
2016-02-14T01:00:48.000000;2016-02-14T01:00:48.000000;16e1f9f8-6575-4c68-89d4-1576266f8ee3;396.54;0.97941408;UNKNOWN
2016-02-14T01:00:48.000000;2016-02-14T01:00:48.000000;4453a443-4584-4f54-ae16-ac2e04e81c8d;396.0;11.50058592;UNKNOWN
2016-02-14T01:00:48.000000;2016-02-14T01:00:48.000000;6ad3ee54-758e-40d9-b4b9-998b188da545;396.01;7.52;UNKNOWN
2016-02-14T01:00:51.000000;2016-02-14T01:00:51.000000;e61930b2-d1cc-4614-b33f-51e959b2a68c;396.0;2.0;UNKNOWN
2016-02-14T01:01:33.000000;2016-02-14T01:01:33.000000;45533d6d-ea71-479e-8eef-d8f933c2b371;396.0;0.25;UNKNOWN
2016-02-14T01:01:42.000000;2016-02-14T01:01:42.000000;2eeb4844-3411-47a8-b705-84cdd4cea470;396.0;1.7;UNKNOWN
2016-02-14T01:01:52.000000;2016-02-14T01:01:52.000000;f1dd5137-d491-4a32-9b79-50e538d0bf34;396.0;23.0;UNKNOWN
2016-02-14T01:02:23.000000;2016-02-14T01:02:23.000000;3f2e2a96-5507-4b14-af89-f8cca347a8fa;396.0;1.0;UNKNOWN
2016-02-14T01:02:32.000000;2016-02-14T01:02:32.000000;0c0b9413-0269-4119-908b-503982a1e66f;396.0;10.0;UNKNOWN
2016-02-14T01:02:45.000000;2016-02-14T01:02:45.000000;7f55801c-6243-4a96-aa5b-fc48b4aa4bcb;396.01;30.0;UNKNOWN
2016-02-14T01:02:57.000000;2016-02-14T01:02:57.000000;d2141ec6-a1b7-483f-afa1-5d0a4dea5da5;396.0;6.0;UNKNOWN
2016-02-14T01:02:58.000000;2016-02-14T01:02:58.000000;228aa8b9-2845-43b2-85ae-4b76aad9beb1;396.0;0.3;UNKNOWN
2016-02-14T01:02:58.000000;2016-02-14T01:02:58.000000;55ce98b0-7b0a-45d4-b0b3-6a0b279b8c62;396.0;4.55073605;UNKNOWN
2016-02-14T01:02:58.000000;2016-02-14T01:02:58.000000;d211b8cb-d490-416d-bad1-53ac8dc74049;396.0;0.129;UNKNOWN
2016-02-14T01:02:58.000000;2016-02-14T01:02:58.000000;6afa8b34-f849-471e-83d2-29fa8a8d2c5c;396.0;0.025;UNKNOWN
2016-02-14T01:03:08.000000;2016-02-14T01:03:08.000000;afae2e9d-baa6-49b8-bfe0-a72008140205;395.99;2.0;UNKNOWN
2016-02-14T01:03:12.000000;2016-02-14T01:03:12.000000;a01aadec-cc40-4eea-aa4f-aa93fc6a862e;395.94;0.02;UNKNOWN
2016-02-14T01:03:20.000000;2016-02-14T01:03:20.000000;5f89b797-c6e9-4f7c-8cf2-e31cb0b6c641;395.94;2.0;UNKNOWN
2016-02-14T01:03:22.000000;2016-02-14T01:03:22.000000;8dfb5fcf-ab08-4cc5-9999-710bb1cb9132;395.95;0.0315;UNKNOWN
2016-02-14T01:03:56.000000;2016-02-14T01:03:56.000000;b4ae4ba9-0294-4a3c-836e-b53038b43880;395.95;4.0;UNKNOWN
2016-02-14T01:04:01.000000;2016-02-14T01:04:01.000000;19597e61-3121-4c17-a5fb-2f155fd4a4f6;395.94;1.0;UNKNOWN
2016-02-14T01:04:19.000000;2016-02-14T01:04:19.000000;f4adb7ff-58c9-4527-9681-f0cfccc8a026;395.94;0.1;UNKNOWN
2016-02-14T01:04:24.000000;2016-02-14T01:04:24.000000;039d4988-2db3-4ff1-a9a4-cee58d029164;395.94;0.01023544;UNKNOWN
2016-02-14T01:04:37.000000;2016-02-14T01:04:37.000000;be3a3b13-8ae7-40b1-853d-9be30dc4e8e1;395.94;0.49430998;UNKNOWN
2016-02-14T01:04:39.000000;2016-02-14T01:04:39.000000;d4bee542-8f3d-476f-8a3f-9a9bd035e95b;395.7;1.7;UNKNOWN
2016-02-14T01:05:04.000000;2016-02-14T01:05:04.000000;5d93e43a-536c-4b67-b327-d29c78fe584a;395.7;0.02;UNKNOWN
2016-02-14T01:05:04.000000;2016-02-14T01:05:04.000000;2eb6f246-d386-422e-9505-925fbfc7f3db;395.7;1.90743794;UNKNOWN
2016-02-14T01:06:48.000000;2016-02-14T01:06:48.000000;4a5a3422-0fc9-4a75-ac39-c53a1c8c9c91;395.64;0.8572081;UNKNOWN
2016-02-14T01:06:49.000000;2016-02-14T01:06:49.000000;91bd3636-7dda-4bef-88cf-8fe47d761386;395.64;0.85782455;UNKNOWN
2016-02-14T01:06:49.000000;2016-02-14T01:06:49.000000;365e6e7d-a70f-4583-9b0f-d5dfdeb78bfb;395.64;0.85732164;UNKNOWN
2016-02-14T01:06:49.000000;2016-02-14T01:06:49.000000;db16f12c-610f-4504-a5a3-0d583082dfaa;395.64;0.21883229;UNKNOWN
2016-02-14T01:06:50.000000;2016-02-14T01:06:50.000000;ee289fcd-b4f4-44fc-be61-2563cbadf5b5;395.64;0.11433113;UNKNOWN
2016-02-14T01:06:50.000000;2016-02-14T01:06:50.000000;139d81d2-cfde-4536-8084-f6269220955b;395.64;0.09896491;UNKNOWN
2016-02-14T01:06:51.000000;2016-02-14T01:06:51.000000;9b72d663-3b09-481d-b87e-53e1bf9ee839;395.64;0.8859643;UNKNOWN
2016-02-14T01:06:52.000000;2016-02-14T01:06:52.000000;66d7f44b-e6d5-40db-813c-042671acbea9;395.64;0.64000111;UNKNOWN
2016-02-14T01:06:53.000000;2016-02-14T01:06:53.000000;6f60afd2-4e0c-4000-9720-2e6e94ad4796;395.64;0.08362714;UNKNOWN
2016-02-14T01:06:53.000000;2016-02-14T01:06:53.000000;5957ade1-f08f-4e62-bfeb-1db859075b1a;395.64;0.09510551;UNKNOWN
2016-02-14T01:06:53.000000;2016-02-14T01:06:53.000000;bfebe14c-3286-4c8c-8ef7-0668b732a68d;395.64;0.114966;UNKNOWN
2016-02-14T01:06:53.000000;2016-02-14T01:06:53.000000;ebd723cb-1f58-4f0b-8a25-e317336bf433;395.64;0.85259953;UNKNOWN
2016-02-14T01:06:54.000000;2016-02-14T01:06:54.000000;67fc569f-9b7f-449e-81d4-e90192445d27;395.64;0.91189361;UNKNOWN
2016-02-14T01:06:54.000000;2016-02-14T01:06:54.000000;eec4f84b-28cf-4dba-aae8-ca41dae195e6;395.64;1.41249004;UNKNOWN
2016-02-14T01:06:55.000000;2016-02-14T01:06:55.000000;0524d77f-df68-4d3a-b03b-05950b5a3a7e;395.64;0.26199187;UNKNOWN
2016-02-14T01:06:55.000000;2016-02-14T01:06:55.000000;812f3b78-5a37-43e1-a0ea-10bdb4d3ca6f;395.64;0.93386674;UNKNOWN
2016-02-14T01:06:55.000000;2016-02-14T01:06:55.000000;caa9c56c-938b-4914-99b5-5ce6d8d5f993;395.64;0.46615286;UNKNOWN
