time_exchange;time_coinpai;guid;price;base_amount;taker_side
2016-04-02T00:00:31.350000;2016-04-02T00:00:31.403000;0a5257ef-9975-497f-a32f-a099b2a3bd39;417.68;0.05050446;BUY
2016-04-02T00:00:31.353000;2016-04-02T00:00:31.417000;248d49c6-da27-4e29-a0ac-dc1411d2dd3c;417.68;0.11976539;BUY
2016-04-02T00:00:31.353000;2016-04-02T00:00:31.417000;2c5eca9d-3f2e-4640-87ff-1c5e7bdab1af;417.7;0.01;BUY
2016-04-02T00:00:31.353000;2016-04-02T00:00:31.433000;896f0e9f-6707-4ac8-a546-8b287d6eef9b;417.7;0.01;BUY
2016-04-02T00:00:31.353000;2016-04-02T00:00:31.433000;4565c544-8f70-453a-8e3e-47faa54d5498;417.7;0.05;BUY
2016-04-02T00:00:31.353000;2016-04-02T00:00:31.510000;ded98914-b1ba-44f4-b364-4491cc75968c;417.71;0.01;BUY
2016-04-02T00:00:31.353000;2016-04-02T00:00:31.510000;ef40a705-439d-4b69-befc-481730e05e55;417.71;0.82709432;BUY
2016-04-02T00:00:31.353000;2016-04-02T00:00:31.510000;c1428d7d-6b5d-4384-83b7-e1744c53f0e5;417.71;0.20677358;BUY
2016-04-02T00:00:31.353000;2016-04-02T00:00:31.510000;974e3954-8db7-4d65-b486-7088aae19cd0;417.71;0.0516934;BUY
2016-04-02T00:00:31.353000;2016-04-02T00:00:31.510000;a195eb6f-0d73-41af-a9d5-543c2cf7bff2;417.71;0.01292335;BUY
2016-04-02T00:00:31.353000;2016-04-02T00:00:31.510000;dae46035-ae1f-4f3c-9c6b-c9cb797ccc17;417.71;0.04898229;BUY
2016-04-02T00:00:31.353000;2016-04-02T00:00:31.510000;bdcbcc90-08e9-41fc-afea-330b1aa2d1d5;417.71;0.02580593;BUY
2016-04-02T00:00:31.353000;2016-04-02T00:00:31.510000;503141e0-4af4-4caa-ba63-f231b875e9b7;417.72;0.01;BUY
2016-04-02T00:00:31.353000;2016-04-02T00:00:31.510000;38176d42-477c-46fd-ae5d-3661bf83f052;417.72;1.0;BUY
2016-04-02T00:00:31.353000;2016-04-02T00:00:31.510000;81e5628e-f526-40d6-9ee9-79f80be4ed17;417.74;0.01;BUY
2016-04-02T00:00:31.353000;2016-04-02T00:00:31.510000;1322d33c-7d7a-461e-8bc9-57c0630b095e;417.74;0.07303639;BUY
2016-04-02T00:00:31.353000;2016-04-02T00:00:31.510000;84c4ecb5-adb1-417d-ba8f-5483de43bb45;417.74;0.21064138;BUY
2016-04-02T00:00:31.353000;2016-04-02T00:00:31.510000;5631f4e5-4ec1-4ead-8459-41cc1b31e48e;417.75;0.08972166;BUY
2016-04-02T00:00:31.353000;2016-04-02T00:00:31.510000;b80ca735-9ef8-455f-9b74-2e86bac561ff;417.75;0.01;BUY
2016-04-02T00:00:31.353000;2016-04-02T00:00:31.510000;0ae37d4e-f498-4ccd-98fb-534f188a1ae5;417.75;0.01094351;BUY
2016-04-02T00:00:31.353000;2016-04-02T00:00:31.510000;4c55de8c-601d-4206-9521-ab44eff78304;417.75;0.1;BUY
2016-04-02T00:00:31.353000;2016-04-02T00:00:31.510000;a105cb0b-6220-4069-82db-139bed834be1;417.76;0.85461434;BUY
2016-04-02T00:01:03.117000;2016-04-02T00:01:03.167000;e86e3e80-11af-4996-a36c-587503806d61;417.76;0.13738566;BUY
2016-04-02T00:01:03.117000;2016-04-02T00:01:03.183000;5baa8ba7-f895-48cd-905b-5a514be5e8a5;417.76;0.01;BUY
2016-04-02T00:01:03.120000;2016-04-02T00:01:03.183000;c2e2f89b-4821-44db-9195-ddba3bb70167;417.78;0.01;BUY
2016-04-02T00:01:03.120000;2016-04-02T00:01:03.183000;a1eec812-8132-4a42-8918-0ff909c3f51d;417.79;0.01;BUY
2016-04-02T00:01:03.120000;2016-04-02T00:01:03.200000;6ca76575-5796-457f-9773-82793893e0cd;417.79;0.0297986;BUY
2016-04-02T00:01:03.120000;2016-04-02T00:01:03.200000;37eb51b9-dc3a-40b8-9718-9e9398ace11c;417.79;0.01;BUY
2016-04-02T00:01:03.120000;2016-04-02T00:01:03.200000;cd252414-8aca-43d7-b4aa-73a1fcef4636;417.79;0.02;BUY
2016-04-02T00:01:03.120000;2016-04-02T00:01:03.200000;b214ce6a-2a46-4ac3-82e5-3559f57c8e45;417.8;0.1;BUY
2016-04-02T00:01:03.120000;2016-04-02T00:01:03.277000;2f05cbdc-479f-453d-a168-7b6b0082d976;417.8;0.01;BUY
2016-04-02T00:01:03.120000;2016-04-02T00:01:03.277000;8611e70c-d360-4684-ae09-7479bf53d821;417.8;0.01;BUY
2016-04-02T00:01:03.120000;2016-04-02T00:01:03.277000;ee1fc56c-dcf8-4884-b374-d674f229ad5b;417.81;0.01;BUY
2016-04-02T00:01:03.120000;2016-04-02T00:01:03.277000;4844b905-3f3d-495e-b485-1f0dd668afed;417.83;0.06897452;BUY
2016-04-02T00:01:03.120000;2016-04-02T00:01:03.277000;f111e8af-62b4-4f10-b645-c023ec96cfb8;417.83;0.01;BUY
2016-04-02T00:01:03.120000;2016-04-02T00:01:03.277000;316ba410-e70a-48f9-90a8-356d0a6040e8;417.86;0.02;BUY
2016-04-02T00:01:03.120000;2016-04-02T00:01:03.277000;7352e7dd-924e-4abf-932e-7a6cdaa9f44e;417.89;0.01063;BUY
2016-04-02T00:01:03.120000;2016-04-02T00:01:03.277000;5fc96ed7-2f70-41d5-add5-cd26c9620e6a;417.9;0.82350726;BUY
2016-04-02T00:01:03.120000;2016-04-02T00:01:03.277000;9e5c8afd-c484-47f2-94fc-69b3ca443295;417.9;0.20587682;BUY
2016-04-02T00:01:03.120000;2016-04-02T00:01:03.277000;5ee4758f-465a-46c6-89e5-f7c1b3b34ef0;417.9;0.01;BUY
2016-04-02T00:01:03.120000;2016-04-02T00:01:03.277000;52e8ea1c-1b90-4ea2-af64-f4b386b457ee;417.91;0.20587682;BUY
2016-04-02T00:01:03.120000;2016-04-02T00:01:03.277000;9a6391c9-160c-4d39-be84-a646ef6bc472;417.91;0.088;BUY
2016-04-02T00:01:03.120000;2016-04-02T00:01:03.277000;866e18e5-3ef5-42fa-b052-f4d482a2cc1b;417.91;0.25;BUY
2016-04-02T00:01:03.120000;2016-04-02T00:01:03.277000;7124bd3e-f71b-4724-a41f-398531450779;417.92;0.89147863;BUY
2016-04-02T00:01:03.120000;2016-04-02T00:01:03.277000;d2962f44-3ab1-4f15-a28f-ca89da251631;417.92;0.22286966;BUY
2016-04-02T00:01:03.123000;2016-04-02T00:01:03.277000;4567afc7-1ba3-4dec-be9e-8ce80cb6d345;417.92;0.05571741;BUY
2016-04-02T00:01:03.123000;2016-04-02T00:01:03.277000;28ef23a2-bee8-40b2-8fb5-e1afde0c260c;417.95;0.01;BUY
2016-04-02T00:01:03.123000;2016-04-02T00:01:03.277000;9eac9da7-3ea3-4e36-ad02-6d3f1846a5ce;417.95;0.01;BUY
2016-04-02T00:01:03.123000;2016-04-02T00:01:03.277000;eb6d9bc2-b34b-44a3-b67d-f0942bb09f61;417.96;0.02073462;BUY
2016-04-02T00:01:31.617000;2016-04-02T00:01:31.667000;bafbac30-d2a3-4f10-be0a-6cd67ea83d7a;417.79;0.02;BUY
2016-04-02T00:01:31.620000;2016-04-02T00:01:31.683000;b7e5f046-6b70-4a6e-ae6a-e88fc7bb1e14;417.95;0.076;BUY
2016-04-02T00:01:31.620000;2016-04-02T00:01:31.683000;630740bb-3ec0-43e9-9417-7af0f7618fd4;417.96;0.00226538;BUY
2016-04-02T00:01:31.620000;2016-04-02T00:01:31.683000;8f57999a-bca7-4913-88f4-8a0fc1b5a370;417.99;0.01724363;BUY
2016-04-02T00:01:31.620000;2016-04-02T00:01:31.700000;9f733f56-2ead-4fc4-a8b2-51c2e39cd773;417.99;0.5;BUY
2016-04-02T00:01:31.620000;2016-04-02T00:01:31.777000;69443340-5643-4c28-8718-5dbf87516397;418.0;0.04024138;BUY
2016-04-02T00:01:31.620000;2016-04-02T00:01:31.777000;2472bf87-587e-41b3-b91c-48d5fcb84ed4;418.0;0.1;BUY
2016-04-02T00:01:31.620000;2016-04-02T00:01:31.777000;5bf6702a-f964-4ae1-84ae-85e9ba7d4e77;418.0;0.01;BUY
2016-04-02T00:01:31.620000;2016-04-02T00:01:31.777000;1d3e1bf6-e90e-4f17-b516-5f864a9867cc;418.0;1.0;BUY
2016-04-02T00:01:31.620000;2016-04-02T00:01:31.777000;0a3387e3-2723-4430-b085-151c8eaac6aa;418.0;0.35146961;BUY
2016-04-02T00:01:46.753000;2016-04-02T00:01:46.807000;1b2a46b6-fb58-43c6-8b92-dfcc9ba9bcbd;417.99;0.0684;SELL
2016-04-02T00:01:46.753000;2016-04-02T00:01:46.807000;3aa3499b-8c21-459a-8df6-8c43ffdd08e8;417.99;0.2016;SELL
2016-04-02T00:01:49.183000;2016-04-02T00:01:49.230000;e14cf611-d2a3-48b3-95e3-f13772434848;417.99;0.23671192;SELL
2016-04-02T00:01:49.183000;2016-04-02T00:01:49.247000;b1aea632-1b19-4400-a39d-c0ce85633165;417.99;0.03328808;SELL
2016-04-02T00:02:01.313000;2016-04-02T00:02:01.357000;32d03a4d-a5a9-4608-bf52-a38d83c6b237;418.0;0.36233;BUY
2016-04-02T00:02:11.497000;2016-04-02T00:02:11.543000;2b24ea00-cb7c-4359-bba8-737d237e8d44;418.0;0.0127;BUY
2016-04-02T00:02:11.523000;2016-04-02T00:02:11.573000;79ee1e42-f0d1-40d7-972b-2b12b148019e;418.0;0.0132;BUY
2016-04-02T00:02:11.537000;2016-04-02T00:02:11.590000;ec230c9e-5f3f-4b7c-8b29-058a13d87756;418.0;0.012;BUY
2016-04-02T00:02:11.543000;2016-04-02T00:02:11.590000;75e4cdfb-d2a7-4904-8afc-68d1a3981159;418.0;0.0127;BUY
2016-04-02T00:02:11.563000;2016-04-02T00:02:11.607000;9e8d8568-8261-46ee-832e-572995027375;418.0;0.0312;BUY
2016-04-02T00:02:11.570000;2016-04-02T00:02:11.637000;36fd9b16-35e0-4221-9756-13a2064d1f8d;418.0;0.20440039;BUY
2016-04-02T00:02:11.570000;2016-04-02T00:02:11.637000;1bdae749-b876-4f55-9f6a-c00aab18341b;418.0;0.01559961;BUY
2016-04-02T00:02:11.590000;2016-04-02T00:02:11.637000;4dfd7f32-8161-430d-b038-05a5182d6509;418.0;0.01440039;BUY
2016-04-02T00:02:11.590000;2016-04-02T00:02:11.637000;db6706b6-d212-40ca-b96c-b783100bd395;418.0;0.03;BUY
2016-04-02T00:02:11.590000;2016-04-02T00:02:11.653000;dbfd1221-975b-4a57-99b6-daeb6302a7f2;418.0;0.01169961;BUY
2016-04-02T00:02:31.500000;2016-04-02T00:02:31.543000;a1116dfc-7a74-44f6-bbbf-7fe7987f0fd4;418.0;0.94433;BUY
2016-04-02T00:03:04.777000;2016-04-02T00:03:04.823000;604a8ffe-6fd3-48f6-b1f5-9f692459d6c9;418.0;2.04397039;BUY
2016-04-02T00:03:04.777000;2016-04-02T00:03:04.840000;26336cc4-add6-4cbf-9ef5-6e042a202221;418.0;0.01;BUY
2016-04-02T00:03:04.777000;2016-04-02T00:03:04.840000;5f389eed-c76e-4a8b-9d32-63fcff819592;418.0;0.2;BUY
2016-04-02T00:03:04.777000;2016-04-02T00:03:04.857000;20e208f3-27d5-4544-9b3e-958b913217d3;418.0;0.03;BUY
2016-04-02T00:03:04.777000;2016-04-02T00:03:04.857000;609d32c2-e646-4e66-a63a-3b98703577aa;418.0;0.01094351;BUY
2016-04-02T00:03:04.777000;2016-04-02T00:03:04.857000;515bd25c-a28e-4b54-83f7-508491af51cc;418.0;0.05;BUY
2016-04-02T00:03:04.777000;2016-04-02T00:03:04.857000;e5124096-bfb0-4c07-9760-35b04195a8a3;418.0;1.1920061;BUY
2016-04-02T00:03:31.477000;2016-04-02T00:03:31.527000;f1be5732-1036-4dc6-94d7-204b4838d7c0;418.0;0.09474;BUY
2016-04-02T00:04:34.420000;2016-04-02T00:04:34.463000;daf1f69d-b79b-409f-bf9b-430370cdb5ac;418.0;2.08698;BUY
2016-04-02T00:05:01.390000;2016-04-02T00:05:01.433000;8a4d66f8-7932-4587-b715-3d907e4d3bb0;418.0;0.4979;BUY
2016-04-02T00:05:31.453000;2016-04-02T00:05:31.480000;46aab6e8-17a3-4dc9-9a78-bca508868716;418.0;0.58916;BUY
2016-04-02T00:06:01.550000;2016-04-02T00:06:01.590000;c5a2acf6-99a9-42b5-951a-0bbc693dd8dd;418.0;2.36866;BUY
2016-04-02T00:06:31.347000;2016-04-02T00:06:31.387000;250db56a-bb3e-4eff-93d4-a3c3ca2c87f4;418.0;0.73546;BUY
2016-04-02T00:07:01.530000;2016-04-02T00:07:01.560000;5cd9bff9-4afd-4430-9f4a-dc4004bfae5e;418.0;0.49742;BUY
2016-04-02T00:08:01.470000;2016-04-02T00:08:01.497000;529298be-a0bc-400d-a57d-3a9a79a20afb;417.99;0.01;SELL
2016-04-02T00:08:01.470000;2016-04-02T00:08:01.510000;4fdc9d5a-397c-4e79-baf3-b1d105be8c93;417.99;0.21;SELL
2016-04-02T00:08:01.470000;2016-04-02T00:08:01.510000;98d3bce1-e3bd-4aaa-933f-5a0c1272bd0f;417.88;0.096;SELL
2016-04-02T00:08:01.470000;2016-04-02T00:08:01.527000;de16fb92-37fa-47b7-a103-ea136dc78dc9;417.87;0.68421;SELL
2016-04-02T00:08:11.697000;2016-04-02T00:08:11.730000;44647b2b-6ca9-493d-ad1f-decf721d3ef5;417.85;0.24;SELL
2016-04-02T00:08:12.847000;2016-04-02T00:08:12.870000;ede5e9e1-4e66-464e-ae67-282a66434d22;417.85;0.358;SELL
2016-04-02T00:09:01.663000;2016-04-02T00:09:01.683000;8f2e8428-57fb-4c86-a6b6-c957f4870cfa;417.85;0.074;BUY
2016-04-02T00:09:01.663000;2016-04-02T00:09:01.713000;55eeb44f-dc33-4fd9-aaba-da25b67c9221;417.85;0.04446;BUY
2016-04-02T00:09:32.353000;2016-04-02T00:09:32.387000;a6cac2b7-5ec3-482c-8c9f-0609063ec5fe;417.85;0.24;BUY
2016-04-02T00:09:32.353000;2016-04-02T00:09:32.403000;0647c918-93be-4716-ba6d-8a0659c82edf;417.85;0.2339;BUY
2016-04-02T00:10:33.863000;2016-04-02T00:10:33.940000;f676beef-2097-4469-83b6-7ef5f81d0850;417.84;0.01;SELL
2016-04-02T00:10:33.863000;2016-04-02T00:10:33.940000;7edd322d-bab5-46be-a4c6-179311b6b861;417.84;0.0125;SELL
2016-04-02T00:10:33.863000;2016-04-02T00:10:33.940000;4335b8e9-c7df-4737-a977-a3e747f484e3;417.82;0.114;SELL
2016-04-02T00:10:33.863000;2016-04-02T00:10:33.940000;1cb98ae1-0642-4fd6-bd48-bb263ad73a54;417.8;0.0125;SELL
2016-04-02T00:10:33.863000;2016-04-02T00:10:33.940000;d630bf93-b31c-42df-8569-20c94bf0190c;417.79;0.02;SELL
2016-04-02T00:10:33.863000;2016-04-02T00:10:33.940000;bda7b0cb-b90f-48f2-9d0a-f46e4a0e32eb;417.77;0.103;SELL
2016-04-02T00:10:33.863000;2016-04-02T00:10:33.940000;4c75ca6e-5bf9-4937-ba89-2ce2b26a6ee0;417.77;0.35;SELL
2016-04-02T00:10:33.863000;2016-04-02T00:10:33.940000;241bb56b-774c-46b6-87ee-312257e222d9;417.75;0.01123146;SELL
2016-04-02T00:10:33.863000;2016-04-02T00:10:33.957000;aa65746b-f3f6-4620-a4e3-08fe5454e6b2;417.72;0.079;SELL
2016-04-02T00:10:33.863000;2016-04-02T00:10:33.957000;257af065-81aa-4ab2-9f62-01699048e3af;417.72;0.21834854;SELL
2016-04-02T00:11:01.557000;2016-04-02T00:11:01.597000;444b3520-f5ed-4a2c-aa25-cda28c910cbe;417.7;0.01;SELL
2016-04-02T00:11:01.557000;2016-04-02T00:11:01.613000;74d05ecf-4c72-47d9-afde-02a47fab45ef;417.7;0.125;SELL
2016-04-02T00:11:01.557000;2016-04-02T00:11:01.613000;e08c6208-0080-43b8-8ffd-c76828c605ec;417.69;0.01;SELL
2016-04-02T00:11:01.557000;2016-04-02T00:11:01.613000;4eb2c1de-a61a-40b7-a781-cab9b981b4f7;417.65;0.078;SELL
2016-04-02T00:11:01.557000;2016-04-02T00:11:01.630000;b1c046aa-b6c4-42bd-8660-047bec11e012;417.6;0.05004;SELL
2016-04-02T00:11:01.557000;2016-04-02T00:11:01.630000;bb400d27-c59b-4823-a22f-6259aaa10aed;417.6;0.118;SELL
2016-04-02T00:11:01.557000;2016-04-02T00:11:01.723000;340d3108-c108-452e-a1ef-f10df6a64ae9;417.59;0.013;SELL
2016-04-02T00:11:01.557000;2016-04-02T00:11:01.723000;e5550881-d7bf-40b7-a30d-f8040abf91db;417.58;0.17471;SELL
2016-04-02T00:11:31.567000;2016-04-02T00:11:31.613000;5076c769-dcfc-4255-863b-967e6ef1a1e4;417.58;0.02529;SELL
2016-04-02T00:11:31.567000;2016-04-02T00:11:31.630000;a073569d-3070-475c-9640-f96d46199b79;417.58;0.078;SELL
2016-04-02T00:11:31.570000;2016-04-02T00:11:31.643000;52a29faa-1805-412c-ae4f-b50eb09f96ee;417.58;0.01;SELL
2016-04-02T00:11:31.570000;2016-04-02T00:11:31.643000;12686677-e686-4c89-8e81-83c56f561609;417.56;0.01;SELL
2016-04-02T00:11:31.570000;2016-04-02T00:11:31.643000;b6483c87-d52d-4b26-91c1-003eea0f849b;417.53;0.127;SELL
2016-04-02T00:11:31.570000;2016-04-02T00:11:31.723000;145d38db-42bf-4aea-9dda-29206ec043f5;417.51;0.69575;SELL
2016-04-02T00:11:40.643000;2016-04-02T00:11:40.690000;9f102fb8-73c7-4e0f-975c-8566e8f970a7;417.55;0.01;BUY
2016-04-02T00:11:58.947000;2016-04-02T00:11:58.987000;0237b7ad-dd66-43f6-8e70-e22907182e74;417.55;0.0369;BUY
2016-04-02T00:11:58.947000;2016-04-02T00:11:59.020000;c94c8e74-5840-4e71-adb4-b98f80e71e3b;417.55;0.0292;BUY
2016-04-02T00:11:58.947000;2016-04-02T00:11:59.020000;331c1f2d-f2f7-48fe-b866-b2c5abaebd43;417.55;0.0259;BUY
2016-04-02T00:11:58.947000;2016-04-02T00:11:59.020000;52bd4b1a-90ab-419c-8db3-9181f5e8f67d;417.55;0.0261;BUY
2016-04-02T00:11:58.947000;2016-04-02T00:11:59.020000;a9a4544b-4f8a-41d7-9089-bd526cb4342c;417.55;0.0221;BUY
2016-04-02T00:11:58.947000;2016-04-02T00:11:59.020000;fdf02753-ebc1-40eb-b3dc-4ee66a91a8f7;417.55;0.0322;BUY
2016-04-02T00:11:58.947000;2016-04-02T00:11:59.037000;a79a8444-6e1e-4e6c-a044-3cd058c58e1b;417.55;0.0544;BUY
2016-04-02T00:11:58.947000;2016-04-02T00:11:59.037000;7c6e2dca-17b3-4e25-b4be-57fbfc882898;417.55;0.0528;BUY
2016-04-02T00:11:58.947000;2016-04-02T00:11:59.037000;511c5350-2a2b-446b-827e-4656dc87f587;417.55;0.0196;BUY
2016-04-02T00:11:59.000000;2016-04-02T00:11:59.083000;06dffe8a-779c-43a6-8263-fe079d068c20;417.55;0.0211;BUY
2016-04-02T00:11:59.000000;2016-04-02T00:11:59.097000;a25e064a-793e-46ff-9ede-30cecfddca95;417.57;0.0261;BUY
2016-04-02T00:11:59.000000;2016-04-02T00:11:59.097000;10feb607-869f-47e5-925a-078dca9f794d;417.59;0.0316;BUY
2016-04-02T00:11:59.000000;2016-04-02T00:11:59.097000;8be6a9c8-2863-4f3d-bf91-08414ad25a09;417.59;0.0329;BUY
2016-04-02T00:11:59.000000;2016-04-02T00:11:59.097000;6d77002c-cb4e-4e30-b2e4-ad3d415d3cb0;417.59;0.00098;BUY
2016-04-02T00:11:59.013000;2016-04-02T00:11:59.097000;517f1f7a-8d59-41c6-a168-59decd329743;417.59;0.02832;BUY
2016-04-02T00:11:59.013000;2016-04-02T00:11:59.097000;c9e5a4df-0d06-438b-88ae-da1af34ea754;417.6;0.01;BUY
2016-04-02T00:11:59.013000;2016-04-02T00:11:59.097000;9f9b9f1b-cc40-4a44-afae-9acb40decff9;417.67;0.02658;BUY
2016-04-02T00:12:01.913000;2016-04-02T00:12:01.973000;fc73c3d2-42cc-41ac-a94a-065c32984896;417.55;0.0546;BUY
2016-04-02T00:12:01.913000;2016-04-02T00:12:01.973000;13970097-635e-4736-9ab9-ac4838726a60;417.55;0.0601;BUY
2016-04-02T00:12:01.913000;2016-04-02T00:12:01.973000;99ce6fba-40cb-4acc-8e4c-651eb38e3028;417.75;1.68573;BUY
2016-04-02T00:12:31.627000;2016-04-02T00:12:31.677000;b475b54b-94aa-40ed-832f-c67e9a96ecb9;417.54;0.01;SELL
2016-04-02T00:12:31.627000;2016-04-02T00:12:31.677000;b7a11a6b-243d-4f16-b99a-600c66127e13;417.54;0.707;SELL
2016-04-02T00:12:31.627000;2016-04-02T00:12:31.677000;4147c1ee-0e38-4ab2-ac1e-468cb591807a;417.54;3.83188;SELL
2016-04-02T00:13:06.337000;2016-04-02T00:13:06.380000;732f3f62-7190-409e-ba8d-89ab58eb428b;417.75;0.92357;SELL
2016-04-02T00:13:31.917000;2016-04-02T00:13:31.957000;de7ead12-11e0-4d68-8266-712ca40edb54;417.76;0.016;BUY
2016-04-02T00:13:31.917000;2016-04-02T00:13:31.990000;30a5c301-a819-419b-88f6-6199cb45d250;417.79;0.01;BUY
2016-04-02T00:13:31.917000;2016-04-02T00:13:31.990000;6e5d61d6-fc1d-4ff1-a11c-5362c733a240;417.85;0.01;BUY
2016-04-02T00:13:31.917000;2016-04-02T00:13:31.990000;40e9eb96-78ca-4696-9cb6-bec09645bb39;417.85;0.01139;BUY
2016-04-02T00:13:45.047000;2016-04-02T00:13:45.083000;b4ef0c4d-b5b3-4799-b155-4e7bb4b74ad0;417.76;0.019;BUY
2016-04-02T00:13:45.047000;2016-04-02T00:13:45.097000;b004ad24-2c90-47a1-8a86-9b9a4e33f88f;417.76;0.0165;BUY
2016-04-02T00:13:45.047000;2016-04-02T00:13:45.113000;32d40736-5442-41ed-b1fd-d39cf296be2b;417.76;0.0214;BUY
2016-04-02T00:13:45.047000;2016-04-02T00:13:45.113000;4ab75c9d-1b18-4a5b-9dc8-43af0693a1b3;417.76;0.0233;BUY
2016-04-02T00:13:45.047000;2016-04-02T00:13:45.113000;bbd25b0c-660c-461d-9bac-07f4d05bcc82;417.76;0.0268;BUY
2016-04-02T00:13:45.047000;2016-04-02T00:13:45.190000;0b658b49-ba8d-46ec-a170-738d384198ad;417.8;0.073;BUY
2016-04-02T00:13:45.327000;2016-04-02T00:13:45.393000;6c1b4d77-37d8-4c96-b127-a2efaf4a0045;417.76;0.0181;BUY
2016-04-02T00:14:01.943000;2016-04-02T00:14:01.990000;4a4fa880-14e8-405e-bf2e-2e562af70f86;417.88;0.03549;SELL
2016-04-02T00:14:31.440000;2016-04-02T00:14:31.490000;a38af507-7229-49b9-b3cf-241ec3f62cd2;417.91;0.01;BUY
2016-04-02T00:14:31.440000;2016-04-02T00:14:31.503000;bd0b458f-d447-4edd-acac-bfcf2010d44d;417.91;0.105;BUY
2016-04-02T00:14:31.440000;2016-04-02T00:14:31.503000;54919af4-af57-4376-ab27-2f23dd321067;417.92;0.01;BUY
2016-04-02T00:14:31.440000;2016-04-02T00:14:31.503000;d5146d55-e1d5-463a-b816-c3303c6c8c93;417.93;0.01;BUY
2016-04-02T00:14:31.440000;2016-04-02T00:14:31.503000;586ee942-645c-42bd-a432-145af4667653;417.94;0.2;BUY
2016-04-02T00:14:31.443000;2016-04-02T00:14:31.520000;46c49531-28cf-4832-aa7e-c628a25c99c1;417.96;0.09;BUY
2016-04-02T00:14:31.443000;2016-04-02T00:14:31.520000;28b3c9ba-5dbe-4d7c-9e2c-4b6ec2f1e99b;417.97;0.05004;BUY
2016-04-02T00:14:31.443000;2016-04-02T00:14:31.520000;767cd25c-3845-49ef-9bea-cae12a743366;417.97;0.40648;BUY
2016-04-02T00:15:01.507000;2016-04-02T00:15:01.550000;261faf2f-04e5-4b42-b5fd-24076051ec6a;417.96;0.01;SELL
2016-04-02T00:15:01.507000;2016-04-02T00:15:01.567000;5891fef4-82a0-4d7e-9a72-0038a547ca64;417.96;0.01;SELL
2016-04-02T00:15:01.507000;2016-04-02T00:15:01.583000;ff0d9ecb-7e03-4eb7-9284-eaeee020c468;417.88;5.25451;SELL
2016-04-02T00:15:01.507000;2016-04-02T00:15:01.583000;0413e63a-430a-4a16-8ad5-395ca1aca89b;417.81;0.01;SELL
2016-04-02T00:15:01.507000;2016-04-02T00:15:01.583000;aa110d36-faae-4d4e-9465-f67558d146e0;417.8;0.0125;SELL
2016-04-02T00:15:01.507000;2016-04-02T00:15:01.643000;ff45bb25-1526-4a10-ad7d-6650761d6dee;417.8;0.25;SELL
2016-04-02T00:15:01.507000;2016-04-02T00:15:01.643000;c121aa53-fca0-4208-b4c8-e1de34e58ead;417.78;0.115;SELL
2016-04-02T00:15:01.507000;2016-04-02T00:15:01.643000;382a8517-dfff-4242-826b-ca4adf215ba5;417.75;0.0500664;SELL
2016-04-02T00:15:01.507000;2016-04-02T00:15:01.643000;43b99f45-7975-47ff-b77c-caa14062a97b;417.74;0.01;SELL
2016-04-02T00:15:01.507000;2016-04-02T00:15:01.643000;02f5ed1a-08ea-48e5-9232-ddb974ef21dc;417.73;0.09;SELL
2016-04-02T00:15:01.510000;2016-04-02T00:15:01.643000;8b54e980-c19d-4f96-812a-539926cfc5c6;417.71;0.013;SELL
2016-04-02T00:15:01.510000;2016-04-02T00:15:01.643000;08e08693-4e8c-490e-98db-97b06fbfe695;417.66;2.6349036;SELL
2016-04-02T00:15:31.527000;2016-04-02T00:15:31.567000;d706f5e2-6fb3-41ce-be28-7bfaa2d3f54e;417.8;0.43505;SELL
2016-04-02T00:16:05.187000;2016-04-02T00:16:05.223000;a5f7d898-e056-48ee-8029-b7dd005dd9ee;417.9;0.01;BUY
2016-04-02T00:16:05.190000;2016-04-02T00:16:05.240000;9e54351b-637d-47fb-842c-41d775bcd100;417.9;0.00907;BUY
2016-04-02T00:17:01.447000;2016-04-02T00:17:01.490000;d8bd7066-9db4-414f-8450-d4c10fa660e6;417.89;0.2;SELL
2016-04-02T00:17:01.447000;2016-04-02T00:17:01.490000;4a72ecaa-587d-448f-9dc4-25cf53723c7a;417.89;0.01;SELL
2016-04-02T00:17:01.447000;2016-04-02T00:17:01.490000;8d291239-5bb4-43c0-98b9-5caadf581319;417.85;0.29178;SELL
2016-04-02T00:17:31.790000;2016-04-02T00:17:31.817000;151dae22-58fe-41db-a55e-f84f569dc582;417.9;0.01;BUY
2016-04-02T00:17:31.790000;2016-04-02T00:17:31.817000;20b7410b-a19c-4fe6-968e-916528a33f66;417.9;0.22;BUY
2016-04-02T00:17:31.790000;2016-04-02T00:17:31.847000;d77d70a6-a2de-4108-892d-1cf6a3f7117e;417.9;0.125;BUY
2016-04-02T00:17:31.790000;2016-04-02T00:17:31.863000;d790fa65-921f-4991-8ae5-81f0c3f8d560;417.95;0.13419;BUY
2016-04-02T00:18:01.403000;2016-04-02T00:18:01.427000;b5e69d70-5684-4afc-8040-72df8551609b;417.96;0.01;BUY
2016-04-02T00:18:01.403000;2016-04-02T00:18:01.473000;ecc57af0-4e33-4b31-9d30-b1b2cee43f4b;417.97;0.01;BUY
2016-04-02T00:18:01.403000;2016-04-02T00:18:01.473000;2350457a-9e98-4160-ab5e-88f0fed361c7;417.97;0.097;BUY
2016-04-02T00:18:01.403000;2016-04-02T00:18:01.473000;a769805c-c697-43ff-b38c-8c5cca35e149;417.98;0.01;BUY
2016-04-02T00:18:01.403000;2016-04-02T00:18:01.473000;05bed57a-3b02-4c0f-832d-f2d482bca752;417.98;0.35;BUY
2016-04-02T00:18:01.403000;2016-04-02T00:18:01.537000;c83e843f-a89f-4980-b0e5-d9f07e7d565b;417.98;0.35;BUY
2016-04-02T00:18:01.403000;2016-04-02T00:18:01.537000;8b908e91-a91e-421a-a645-e061cec71dc2;417.99;1.96769;BUY
2016-04-02T00:18:01.640000;2016-04-02T00:18:01.660000;d919bb30-9b8c-4ded-9b63-ca8685362589;417.97;0.0395;SELL
2016-04-02T00:18:31.443000;2016-04-02T00:18:31.473000;22f5afa5-a995-499a-9bd1-f10df53fc31f;417.98;0.23688;BUY
2016-04-02T00:19:01.417000;2016-04-02T00:19:01.440000;29ddde51-9a1d-42b5-8644-b954d0149b40;417.98;3.351;SELL
2016-04-02T00:19:01.417000;2016-04-02T00:19:01.457000;5b8c42c3-696a-496f-9866-59d6cd54a91d;417.97;0.235;SELL
2016-04-02T00:19:01.417000;2016-04-02T00:19:01.473000;915615b5-3d77-4be5-8bce-cedbb0d881cf;417.97;0.01;SELL
2016-04-02T00:19:01.423000;2016-04-02T00:19:01.473000;aa09f94e-e6f7-4c72-8944-d7e3e652b3cd;417.96;1.51423;SELL
2016-04-02T00:19:31.927000;2016-04-02T00:19:31.943000;b6f8753c-5f0f-4961-94db-3a928d27f0bd;417.98;0.0208;SELL
2016-04-02T00:19:31.927000;2016-04-02T00:19:31.973000;d8080556-457a-4e9f-bae5-95730e36a81b;417.98;0.0299;SELL
2016-04-02T00:19:31.927000;2016-04-02T00:19:31.973000;e4174c6f-919b-4ee1-bcb1-0f6b149763b4;417.98;0.18707;SELL
2016-04-02T00:19:32.153000;2016-04-02T00:19:32.177000;5b623cfa-6361-4638-8edf-7a3622ccd23f;417.98;2.68995;SELL
2016-04-02T00:19:34.487000;2016-04-02T00:19:34.503000;3bd2cfaf-71e6-4383-95be-79ec214028aa;417.99;5.03231;BUY
2016-04-02T00:19:36.730000;2016-04-02T00:19:36.753000;8cbf9797-bc8c-4d34-b559-7a9a4ca8bdf9;418.0;6.247;BUY
2016-04-02T00:19:39.223000;2016-04-02T00:19:39.240000;9f575efd-3f1d-4dc0-a309-06561256e404;418.0;5.079;BUY
2016-04-02T00:19:41.390000;2016-04-02T00:19:41.410000;a77d0778-974f-4961-b414-d8e9125669df;418.0;0.6116739;BUY
2016-04-02T00:19:41.390000;2016-04-02T00:19:41.427000;0b16790e-bde8-4786-8eb6-4e8227e35568;418.0;0.5;BUY
2016-04-02T00:19:41.390000;2016-04-02T00:19:41.443000;25d3100b-c8fb-4a1f-92a4-376a512998b9;418.0;0.01;BUY
2016-04-02T00:19:41.390000;2016-04-02T00:19:41.443000;6c9fc819-8f35-4433-b773-358c2780b767;418.0;0.01;BUY
2016-04-02T00:19:41.390000;2016-04-02T00:19:41.443000;2232dc2c-3d18-462c-9338-ce4b504f5cdc;418.0;0.1;BUY
2016-04-02T00:19:41.393000;2016-04-02T00:19:41.520000;6c087636-7505-4a41-98bc-8f34c8f081b2;418.0;1.0;BUY
2016-04-02T00:19:41.393000;2016-04-02T00:19:41.520000;8a1da2fa-c522-4576-9ddb-8c7225330ea8;418.0;1.0;BUY
2016-04-02T00:19:41.393000;2016-04-02T00:19:41.520000;bc21a901-5f45-403f-9512-65b4752bb9ad;418.0;0.02;BUY
2016-04-02T00:19:41.393000;2016-04-02T00:19:41.520000;4cd3f010-75fa-4569-bb69-27f876e41901;418.0;1.5933261;BUY
2016-04-02T00:19:52.427000;2016-04-02T00:19:52.443000;d0344995-338e-4a0e-998f-6d9d5d78b8eb;418.0;6.20851549;BUY
2016-04-02T00:19:54.690000;2016-04-02T00:19:54.707000;3da7f114-8823-4eee-afc8-e13ff085c41c;418.02;0.01;BUY
2016-04-02T00:19:54.690000;2016-04-02T00:19:54.753000;09dc42ae-9098-42cb-a007-210e955562fe;418.02;1.0;BUY
2016-04-02T00:19:54.690000;2016-04-02T00:19:54.753000;b74a86de-74ad-4227-b9ef-c3959f12e01b;418.03;4.87895758;BUY
2016-04-02T00:19:54.690000;2016-04-02T00:19:54.753000;8753ea5c-18ec-4740-9f07-346db96c5820;418.03;0.77804242;BUY
2016-04-02T00:19:57.073000;2016-04-02T00:19:57.097000;977c7b6b-1ae0-413f-b9c5-c57737417b7d;418.03;3.84390974;BUY
2016-04-02T00:20:01.700000;2016-04-02T00:20:01.723000;af631df5-56f1-44bf-b999-b4ac7ac43937;418.04;0.652;SELL
2016-04-02T00:20:01.700000;2016-04-02T00:20:01.753000;e060a5c5-d84d-465b-8f0f-12b9fab5c781;418.04;1.04;SELL
2016-04-02T00:20:01.700000;2016-04-02T00:20:01.770000;32105951-fe67-4af7-87d9-8dd52d8aa737;418.04;0.8;SELL
2016-04-02T00:20:01.700000;2016-04-02T00:20:01.770000;839b00ff-9a68-44c7-9d76-bc42a85efd46;418.04;4.66155;SELL
2016-04-02T00:20:09.900000;2016-04-02T00:20:09.927000;8a4aaae1-6c0f-4d79-a445-2aca8a54313d;418.05;1.0;BUY
2016-04-02T00:20:12.080000;2016-04-02T00:20:12.097000;01d8667f-c6f9-4d1b-abb6-e732c785d8a7;418.09;0.023;BUY
2016-04-02T00:20:12.080000;2016-04-02T00:20:12.113000;d5ca9805-bc83-41ac-b368-d787386c7bfd;418.1;0.01;BUY
2016-04-02T00:20:12.080000;2016-04-02T00:20:12.130000;cc10c0bd-e3a2-4107-83eb-b94e14c9320a;418.13;0.01;BUY
2016-04-02T00:20:12.080000;2016-04-02T00:20:12.130000;6a70904a-2ec7-45cf-92c2-06382aaac98a;418.14;0.01400054;BUY
2016-04-02T00:20:14.430000;2016-04-02T00:20:14.457000;0a1689bb-9e6a-45b0-806e-2e6585d477ee;418.17;0.01;BUY
2016-04-02T00:20:14.430000;2016-04-02T00:20:14.473000;367c16ae-486d-40c3-a5a1-79efd4887fd0;418.2;0.01;BUY
2016-04-02T00:20:14.430000;2016-04-02T00:20:14.490000;3ad4531a-f934-4009-b518-86024ecccc72;418.2;0.01;BUY
2016-04-02T00:20:14.430000;2016-04-02T00:20:14.490000;ba2b202f-8def-4cc9-8235-f465c0a79d9d;418.21;0.03154632;BUY
2016-04-02T00:20:14.430000;2016-04-02T00:20:14.490000;629df99c-7d89-4330-bd49-59802491c042;418.22;1.0;BUY
2016-04-02T00:20:14.430000;2016-04-02T00:20:14.490000;146fe0e4-7c4a-41be-8439-3eb5e6b8b3f5;418.24;0.2;BUY
2016-04-02T00:20:14.430000;2016-04-02T00:20:14.503000;30777db4-6f3a-40e2-b193-84883586b9a4;418.25;0.08972166;BUY
2016-04-02T00:20:14.430000;2016-04-02T00:20:14.503000;10d44d6e-030a-4cc5-9958-71fb79b1606b;418.25;0.01092412;BUY
2016-04-02T00:20:14.430000;2016-04-02T00:20:14.503000;f7805bf2-5231-4821-8272-44f28cb2d5c2;418.25;0.59903;BUY
2016-04-02T00:20:14.430000;2016-04-02T00:20:14.503000;b6c093e9-b2c8-4db6-8444-1731e33271b4;418.3;0.25010419;BUY
2016-04-02T00:20:14.430000;2016-04-02T00:20:14.503000;878aa853-6ebb-4c38-a0cc-023c0b05c55a;418.3;0.01;BUY
2016-04-02T00:20:14.430000;2016-04-02T00:20:14.503000;159d3c54-1825-41a5-b52b-2b9e5fd2053a;418.3;0.01;BUY
2016-04-02T00:20:14.430000;2016-04-02T00:20:14.503000;e3b195f4-b67b-4079-99eb-3ef5db192c3b;418.32;0.01034378;BUY
2016-04-02T00:20:14.430000;2016-04-02T00:20:14.567000;b5b919d9-666a-4067-a028-fa40af403552;418.32;0.0629;BUY
2016-04-02T00:20:14.430000;2016-04-02T00:20:14.567000;ea3aa4c1-c192-4d8f-9ed4-c9dbab58dd87;418.32;0.4843;BUY
2016-04-02T00:20:14.430000;2016-04-02T00:20:14.567000;64f1b999-84be-46af-a58e-46bc1f052177;418.33;0.01;BUY
2016-04-02T00:20:20.723000;2016-04-02T00:20:20.740000;289fcf59-45bf-43e2-91c6-f6f42b4a1533;418.36;0.21989743;BUY
2016-04-02T00:20:20.723000;2016-04-02T00:20:20.770000;81bc2e80-c729-4e3e-96e9-8b9be761bb37;418.37;0.01;BUY
2016-04-02T00:20:20.723000;2016-04-02T00:20:20.787000;29b2d36e-c0c1-4315-93ce-7a509ce71e6a;418.38;0.01;BUY
2016-04-02T00:20:20.723000;2016-04-02T00:20:20.787000;b1960bb3-b226-4ba0-ad69-fb4a942d9206;418.4;0.01;BUY
2016-04-02T00:20:20.723000;2016-04-02T00:20:20.787000;98cf2014-c519-41de-bebe-7af77cc2e2b4;418.4;0.01;BUY
2016-04-02T00:20:20.723000;2016-04-02T00:20:20.787000;c17faa54-b394-4d5b-b002-82862c6c3ada;418.43;0.01;BUY
2016-04-02T00:20:20.723000;2016-04-02T00:20:20.863000;71fa3582-8747-436a-822e-d98f1ad76e94;418.43;2.58878794;BUY
2016-04-02T00:20:20.723000;2016-04-02T00:20:20.863000;3e089a6e-eb26-462c-97d5-34453e3e9203;418.43;0.01;BUY
2016-04-02T00:20:20.723000;2016-04-02T00:20:20.863000;12477e75-a7d6-4931-bd28-1c5b9dd4013f;418.47;0.01;BUY
2016-04-02T00:20:20.723000;2016-04-02T00:20:20.863000;96586fef-8f3d-46b3-8cc8-afc02e95e76f;418.47;0.37208456;BUY
2016-04-02T00:20:20.723000;2016-04-02T00:20:20.863000;7ec02fb9-5344-4f6f-b508-d01124d399d2;418.48;0.01;BUY
2016-04-02T00:20:20.727000;2016-04-02T00:20:20.863000;9f9c6f21-45c8-44ce-be6b-5703ea29fbf9;418.49;0.8;BUY
2016-04-02T00:20:20.727000;2016-04-02T00:20:20.863000;c2036097-5423-410b-b869-d99626d84fa4;418.5;0.29137703;BUY
2016-04-02T00:20:20.727000;2016-04-02T00:20:20.863000;7b6f9e8d-905c-45d8-9758-463fde6d79a1;418.5;2.45385304;BUY
2016-04-02T00:20:22.997000;2016-04-02T00:20:23.037000;0afc59e6-18ab-4e1b-835f-7e0037ce055e;418.5;6.129;BUY
2016-04-02T00:20:50.727000;2016-04-02T00:20:50.740000;c48046f9-322e-4b3f-88e7-cced05f35d8a;418.5;0.10404696;BUY
2016-04-02T00:20:50.727000;2016-04-02T00:20:50.753000;1089566d-6789-4097-a498-326bccc42597;418.5;1.01089306;BUY
2016-04-02T00:20:50.727000;2016-04-02T00:20:50.753000;1a02926e-0fad-41bd-85d9-e8c92b7d95a7;418.5;0.25272326;BUY
2016-04-02T00:20:50.727000;2016-04-02T00:20:50.770000;ec55395e-038f-4bdc-8059-2ae983128453;418.5;0.06318082;BUY
2016-04-02T00:20:50.727000;2016-04-02T00:20:50.770000;161723a3-33b3-4642-9454-348dafc414fe;418.5;0.0157952;BUY
2016-04-02T00:20:50.727000;2016-04-02T00:20:50.833000;842e6172-8376-4354-aa65-24a9bbf7fecc;418.5;0.075;BUY
2016-04-02T00:20:50.727000;2016-04-02T00:20:50.847000;9e04d0fd-8240-40d5-8ccd-4daebb66bc4e;418.5;0.27;BUY
2016-04-02T00:20:50.727000;2016-04-02T00:20:50.847000;e1abb80e-3705-4f8f-aba2-7c950a2deaa1;418.5;0.01;BUY
2016-04-02T00:20:50.727000;2016-04-02T00:20:50.847000;2e303145-d798-495f-988b-487781fe7f1c;418.5;0.01123146;BUY
2016-04-02T00:20:52.773000;2016-04-02T00:20:52.800000;ad1ca2f2-cca7-4c5b-86b9-833e331b04a6;418.51;0.01;BUY
2016-04-02T00:20:52.773000;2016-04-02T00:20:52.833000;26761235-67b9-46a1-9c27-bb0c2997f20c;418.53;0.01;BUY
2016-04-02T00:20:52.773000;2016-04-02T00:20:52.833000;61f5e745-4d49-4c9e-b55e-e945ee2cf03d;418.53;0.01;BUY
2016-04-02T00:20:52.773000;2016-04-02T00:20:52.833000;b574c763-0ec6-4b17-9707-f95086735737;418.54;0.01;BUY
2016-04-02T00:20:52.773000;2016-04-02T00:20:52.833000;a5e2376b-2f20-4a0f-afbb-2c324efb3c63;418.54;0.03642052;BUY
2016-04-02T00:20:52.773000;2016-04-02T00:20:52.833000;88f2cda6-5987-433c-8e33-d91dabec23ea;418.55;0.01;BUY
2016-04-02T00:20:52.773000;2016-04-02T00:20:52.833000;c59da55a-0c26-43e3-952a-fb5a0f97acfb;418.56;0.01;BUY
2016-04-02T00:20:52.773000;2016-04-02T00:20:52.833000;0c1bfc01-71d3-4aec-b71a-2376e340b467;418.56;0.1;BUY
2016-04-02T00:20:52.773000;2016-04-02T00:20:52.880000;8b034771-70de-4256-b5b7-6dfe7b8cc45c;418.58;0.01;BUY
2016-04-02T00:20:52.773000;2016-04-02T00:20:52.880000;d0fff7e3-5bce-400c-a96c-955e7e234dd2;418.59;0.032;BUY
2016-04-02T00:20:53.747000;2016-04-02T00:20:53.787000;419ba457-9f04-45cb-93b2-d03ca1fdf4be;418.6;0.03;BUY
2016-04-02T00:20:53.747000;2016-04-02T00:20:53.787000;f7e34771-a221-4e56-8551-3a871f7b45a5;418.6;0.01;BUY
2016-04-02T00:20:53.747000;2016-04-02T00:20:53.787000;77d94a33-61ea-49ad-aacb-92b60b1c2c1a;418.6;0.01;BUY
2016-04-02T00:20:53.747000;2016-04-02T00:20:53.787000;562f1e62-24bf-481a-89ca-011d7ded134b;418.6;1.95;BUY
2016-04-02T00:20:55.673000;2016-04-02T00:20:55.707000;5ae86fe9-8d28-4b56-be0a-eb85f70ca9d7;418.6;12.3;BUY
2016-04-02T00:20:55.673000;2016-04-02T00:20:55.707000;ae9e3ea6-8979-4e9f-bf62-9844f4c69422;418.6;0.01;BUY
2016-04-02T00:20:55.673000;2016-04-02T00:20:55.707000;c3787916-3191-46b1-9fa3-b7d5a7720868;418.61;0.25162722;BUY
2016-04-02T00:20:55.673000;2016-04-02T00:20:55.707000;fb440a75-1255-4e8e-a890-961000f61fb1;418.62;0.01;BUY
2016-04-02T00:20:55.673000;2016-04-02T00:20:55.723000;09211f5d-438c-4baa-b985-e44308f8ea71;418.63;0.01;BUY
2016-04-02T00:20:55.673000;2016-04-02T00:20:55.723000;00f0b786-5725-4bee-b663-0e769f32365e;418.64;0.01;BUY
2016-04-02T00:20:55.673000;2016-04-02T00:20:55.753000;af95da0d-5a71-4fb6-baa9-7cef207f75cc;418.65;1.00650888;BUY
2016-04-02T00:20:55.673000;2016-04-02T00:20:55.753000;26c52c30-016c-4849-ad67-e6b05acb821f;418.65;0.035;BUY
2016-04-02T00:20:55.673000;2016-04-02T00:20:55.753000;b68b4e59-7de7-4b76-b820-369b05f07926;418.66;0.01;BUY
2016-04-02T00:20:55.673000;2016-04-02T00:20:55.753000;026ae62f-116d-417a-8f7c-60678b31743d;418.66;0.2468639;BUY
2016-04-02T00:20:57.013000;2016-04-02T00:20:57.037000;1a079f30-da28-4a42-99f4-9aee01ae3f68;418.66;0.00476332;BUY
2016-04-02T00:20:57.013000;2016-04-02T00:20:57.050000;de5b3756-5716-4e15-be48-a2030133e054;418.67;0.01;BUY
2016-04-02T00:20:57.013000;2016-04-02T00:20:57.067000;8f52f6a8-f179-4cc5-9993-5ed53abf51ef;418.68;0.01;BUY
2016-04-02T00:20:57.013000;2016-04-02T00:20:57.083000;013d7faf-e7b6-4758-8862-d1d41e48ccd6;418.69;0.01;BUY
2016-04-02T00:20:57.013000;2016-04-02T00:20:57.083000;ab0a6184-067e-4574-bffc-018567011907;418.7;0.01;BUY
2016-04-02T00:20:57.013000;2016-04-02T00:20:57.083000;1337f57e-5219-4c65-8faf-f1265d4ada1b;418.7;0.01;BUY
2016-04-02T00:20:57.013000;2016-04-02T00:20:57.083000;dafe0f0f-d46d-480e-b7e1-1226be39ed2b;418.71;0.122;BUY
2016-04-02T00:20:57.013000;2016-04-02T00:20:57.083000;40e42e17-789e-49ad-9672-dc8de04f1782;418.72;0.02;BUY
2016-04-02T00:20:57.013000;2016-04-02T00:20:57.083000;c2669134-955f-41f2-9ba5-f0b61199b3d8;418.72;0.01;BUY
2016-04-02T00:20:57.013000;2016-04-02T00:20:57.083000;39fcd966-845e-4000-87cb-650f219a4277;418.73;0.6337;BUY
2016-04-02T00:20:57.017000;2016-04-02T00:20:57.083000;f0ad21a2-695a-4b93-bfa7-124c53762d8f;418.73;0.01;BUY
2016-04-02T00:20:57.017000;2016-04-02T00:20:57.097000;4a4aaddd-edd9-4b82-a865-0c9678879fa2;418.74;0.01;BUY
2016-04-02T00:20:57.017000;2016-04-02T00:20:57.097000;75bb2457-18f7-4319-8620-b07e5e892ea7;418.75;0.08972166;BUY
2016-04-02T00:20:57.017000;2016-04-02T00:20:57.097000;1eddfe8c-e9bc-4044-acc9-08442aed6a8b;418.75;0.01;BUY
2016-04-02T00:20:59.387000;2016-04-02T00:20:59.410000;53b81694-61e4-44e9-8a5f-aa37ec58c013;418.76;0.01;BUY
2016-04-02T00:20:59.387000;2016-04-02T00:20:59.427000;a1bf42a2-30ee-4422-9321-6d64200a7b1f;418.77;0.01;BUY
2016-04-02T00:20:59.387000;2016-04-02T00:20:59.427000;da05c94c-8ce9-405f-9882-24592a416a36;418.78;0.01;BUY
2016-04-02T00:20:59.387000;2016-04-02T00:20:59.457000;6e724ebb-697d-4dc8-acbc-c75f157dad0b;418.79;0.01;BUY
2016-04-02T00:20:59.387000;2016-04-02T00:20:59.457000;e0d19ef3-8a7e-4d26-b2a4-ced68a742a14;418.79;0.01;BUY
2016-04-02T00:20:59.387000;2016-04-02T00:20:59.457000;383b6179-426c-4199-b697-117702ab208b;418.8;0.1;BUY
2016-04-02T00:20:59.387000;2016-04-02T00:20:59.457000;4088629c-4290-4b39-a502-c74dd49c1716;418.8;0.01;BUY
2016-04-02T00:20:59.387000;2016-04-02T00:20:59.457000;6c51b9af-2077-48e8-b9f3-29cbbcd24352;418.8;0.01;BUY
2016-04-02T00:20:59.387000;2016-04-02T00:20:59.457000;0c7ad7f2-2fc8-42a1-8131-ba10e14cfbff;418.81;0.01;BUY
2016-04-02T00:20:59.387000;2016-04-02T00:20:59.457000;908a25c6-5d86-4719-8715-7a931f1ca822;418.81;0.122;BUY
2016-04-02T00:20:59.387000;2016-04-02T00:20:59.457000;2877c15a-f096-441f-8a9a-f0ee9b9af0f6;418.83;0.01;BUY
2016-04-02T00:20:59.387000;2016-04-02T00:20:59.457000;a74337e5-be20-44ad-8e7e-35c17d8ec863;418.85;0.01;BUY
2016-04-02T00:20:59.390000;2016-04-02T00:20:59.473000;638cb8a2-fb72-47d4-bbaf-e6d85d2596ac;418.87;0.01;BUY
2016-04-02T00:20:59.390000;2016-04-02T00:20:59.473000;5de4d245-cc68-43b1-a9c7-7fa7c48a1a84;418.87;0.01;BUY
2016-04-02T00:20:59.390000;2016-04-02T00:20:59.473000;47ae68e6-75a4-4627-bc22-5e369e087307;418.89;0.01;BUY
2016-04-02T00:20:59.390000;2016-04-02T00:20:59.490000;89ebc504-9821-47cb-b537-6106d0d2d371;418.89;3.0;BUY
2016-04-02T00:20:59.390000;2016-04-02T00:20:59.490000;2447887b-aa76-420e-8800-3ce25a57c924;418.9;2.732;BUY
2016-04-02T00:21:01.740000;2016-04-02T00:21:01.770000;8d143286-7735-4b5b-b5a2-d448e7420f2b;418.9;6.13;BUY
2016-04-02T00:21:02.467000;2016-04-02T00:21:02.503000;8e5a8df3-bb11-4cbf-af0f-e1e21b5ff77e;418.9;15.0;BUY
2016-04-02T00:21:08.147000;2016-04-02T00:21:08.160000;5bcb1fee-0c0d-488e-bb9a-d944012dc40b;418.9;0.41236;BUY
2016-04-02T00:21:08.150000;2016-04-02T00:21:08.193000;3d757d74-d2d2-435b-8136-ccc63a2ba278;418.9;0.49848797;BUY
2016-04-02T00:21:08.153000;2016-04-02T00:21:08.207000;83a2130c-7ba5-4f15-b736-7586eeacf540;418.9;0.04079278;BUY
2016-04-02T00:21:11.410000;2016-04-02T00:21:11.427000;cc4e8ce4-ab14-48d6-a625-e9b472086729;418.9;7.143;BUY
2016-04-02T00:21:14.837000;2016-04-02T00:21:14.847000;a710e243-a0b2-4905-947d-ffe0c5df2e5b;418.9;20.96;BUY
2016-04-02T00:21:16.560000;2016-04-02T00:21:16.583000;ad773375-0052-4ff8-9435-aa348f802fa0;418.9;7.363;BUY
2016-04-02T00:21:19.803000;2016-04-02T00:21:19.833000;f0f1d0f8-9b1f-49f1-b037-4442f35a1bc2;418.9;8.0;BUY
2016-04-02T00:21:22.883000;2016-04-02T00:21:22.893000;8eaeec97-0154-4d2e-9e43-2ccb355ec991;418.9;25.0;BUY
2016-04-02T00:21:24.900000;2016-04-02T00:21:24.927000;482bc78e-f46a-4d26-9180-1f28819f0f19;418.9;5.0;BUY
2016-04-02T00:21:32.123000;2016-04-02T00:21:32.143000;64668a54-db79-4d5e-8fe3-6a032653f7ff;418.9;0.36441306;BUY
2016-04-02T00:21:32.143000;2016-04-02T00:21:32.177000;0429b91f-afd0-490d-a4de-36a0d05f1efe;418.9;0.11;BUY
2016-04-02T00:21:32.167000;2016-04-02T00:21:32.193000;0bcc2426-5ef2-41c3-b3bb-e525eadcb1e3;418.9;0.27156;BUY
2016-04-02T00:21:32.183000;2016-04-02T00:21:32.223000;d3cad7e8-83f0-4a40-ad8f-0f037e6b9cdb;418.9;0.11905305;BUY
2016-04-02T00:21:32.193000;2016-04-02T00:21:32.253000;500d8471-6413-4770-8761-d1eb5a16aefd;418.9;0.29653389;BUY
2016-04-02T00:21:36.113000;2016-04-02T00:21:36.130000;debbd6b3-e2b8-46c7-b0a2-81a9b9f3b5ab;418.9;0.55879925;BUY
2016-04-02T00:21:36.113000;2016-04-02T00:21:36.143000;cb67ecf9-3359-4a48-bdbd-74620df6ae77;418.9;0.01;BUY
2016-04-02T00:21:38.473000;2016-04-02T00:21:38.490000;99ffed6e-ab0f-47c0-8865-c7d917accd7a;418.91;0.01;BUY
2016-04-02T00:21:38.473000;2016-04-02T00:21:38.583000;befa9c79-3d93-44d1-8b7a-53679d212174;418.91;0.01;BUY
2016-04-02T00:21:38.473000;2016-04-02T00:21:38.583000;6e8c54f1-7179-4b67-9565-63dce678b0a7;418.93;0.01;BUY
2016-04-02T00:21:38.473000;2016-04-02T00:21:38.583000;21e71244-394d-40b7-977a-b8ccf0937e01;418.94;0.01;BUY
2016-04-02T00:21:38.473000;2016-04-02T00:21:38.583000;d4195f6f-b342-405a-ba8d-1cd7724b0f11;418.95;0.01;BUY
2016-04-02T00:21:38.473000;2016-04-02T00:21:38.583000;dfc8498f-42a1-4078-982d-202fc97c9d94;418.95;0.01;BUY
2016-04-02T00:21:40.393000;2016-04-02T00:21:40.410000;c368a4b2-fb91-4cb5-b13d-c8af63a7a968;418.97;0.01;BUY
2016-04-02T00:21:40.393000;2016-04-02T00:21:40.427000;edbe1079-5028-48fe-aa8d-14c67a1e43a4;418.98;0.0071;BUY
2016-04-02T00:21:40.400000;2016-04-02T00:21:40.427000;bc15036a-9b3f-4462-b7ca-24b8cf3b68e5;418.98;0.0029;BUY
2016-04-02T00:21:40.400000;2016-04-02T00:21:40.427000;aec2941f-5d3b-4dbc-811e-96fa0f20fe19;418.99;0.0091;BUY
2016-04-02T00:21:40.407000;2016-04-02T00:21:40.443000;fd16a9b0-36fd-438a-b0c1-ae30813e9b0c;418.99;0.0009;BUY
2016-04-02T00:21:40.407000;2016-04-02T00:21:40.443000;805b436e-dcb1-4df8-9df5-7607a858c163;418.99;0.01;BUY
2016-04-02T00:21:40.407000;2016-04-02T00:21:40.443000;efe1292f-2c96-4f73-964b-110219cb0de9;418.99;0.01;BUY
2016-04-02T00:21:40.407000;2016-04-02T00:21:40.443000;abb289d0-a02c-4a71-b643-2c36df76cc02;419.0;0.00085;BUY
2016-04-02T00:21:40.433000;2016-04-02T00:21:40.520000;377815bd-3968-430f-9cb3-fe34470588e5;419.0;0.07756163;BUY
2016-04-02T00:21:40.433000;2016-04-02T00:21:40.520000;0c4d7087-93ab-414f-93b9-aea8a818b4b8;419.0;0.01158837;BUY
2016-04-02T00:21:44.387000;2016-04-02T00:21:44.393000;0bcf376b-33f6-442c-92ca-01338f65682f;419.0;0.12341163;BUY
2016-04-02T00:21:44.387000;2016-04-02T00:21:44.427000;a8b45ae9-2d52-4554-a60f-88bfbe51b242;419.0;0.1;BUY
2016-04-02T00:21:44.387000;2016-04-02T00:21:44.443000;e45daf98-d652-4bc7-80c9-1d18d367258f;419.0;0.01;BUY
2016-04-02T00:21:44.387000;2016-04-02T00:21:44.443000;2d61b680-05ee-4656-920d-cc3cc0990df1;419.0;0.09729532;BUY
2016-04-02T00:21:44.403000;2016-04-02T00:21:44.443000;06e68112-4f9a-448a-b5ef-499af9ce88f0;419.0;0.25417191;BUY
2016-04-02T00:21:52.663000;2016-04-02T00:21:52.693000;785bc0c4-1aef-414e-878f-212bbafcaa0f;419.0;0.01;BUY
2016-04-02T00:21:53.087000;2016-04-02T00:21:53.130000;df6bf0d9-730d-4b6b-867f-b66303bad511;419.0;0.01;BUY
2016-04-02T00:21:55.067000;2016-04-02T00:21:55.097000;5e7f1ed0-ab13-4d9a-bfcf-5582edd95d96;419.0;0.01;BUY
2016-04-02T00:21:57.080000;2016-04-02T00:21:57.113000;e7cc7cbd-83b8-4039-b9ad-9ca38c7bfee3;419.0;0.01;BUY
2016-04-02T00:21:58.090000;2016-04-02T00:21:58.130000;dcfbf166-982f-4ce2-8d77-9ac86d4129a2;419.0;0.01;BUY
2016-04-02T00:21:59.107000;2016-04-02T00:21:59.130000;5745ae03-518f-4051-9983-da88c0a44d9b;419.0;0.01;BUY
2016-04-02T00:22:01.617000;2016-04-02T00:22:01.630000;73650d7c-e7f3-46c3-90dd-af1ac078cf4e;419.0;0.01;BUY
2016-04-02T00:22:01.627000;2016-04-02T00:22:01.643000;8aec2f51-1047-4d75-b000-8a3166307bd8;419.0;0.23353277;BUY
2016-04-02T00:22:01.627000;2016-04-02T00:22:01.677000;04c8bd5e-563a-4a9c-992f-69ac82028275;419.0;0.47430723;BUY
2016-04-02T00:22:01.737000;2016-04-02T00:22:01.753000;246922fe-45a5-49f0-befe-7ac619d4615d;419.0;0.01;BUY
2016-04-02T00:22:02.877000;2016-04-02T00:22:02.893000;68d5c75b-e489-4428-afc2-647824032570;419.0;0.01;BUY
2016-04-02T00:22:31.567000;2016-04-02T00:22:31.583000;9b7815a0-f3d1-4003-9c76-21d9e4915498;419.0;0.50569277;BUY
2016-04-02T00:22:31.567000;2016-04-02T00:22:31.597000;2d39ca7d-f951-4e64-9740-3a76eeb1738a;419.0;0.01;BUY
2016-04-02T00:22:31.567000;2016-04-02T00:22:31.613000;6ec16198-8be1-426e-9d91-b8e81d258cbd;419.0;1.0;BUY
2016-04-02T00:22:31.567000;2016-04-02T00:22:31.613000;94065e9e-2a99-4152-8c48-bda9d0ee7aae;419.0;0.89935723;BUY
2016-04-02T00:23:01.397000;2016-04-02T00:23:01.410000;0e29e3cb-a506-4476-9489-585c48d64f90;418.99;0.43027;SELL
2016-04-02T00:23:31.437000;2016-04-02T00:23:31.443000;a9d341f8-6d5e-4dc9-863e-f7f1cbdcddf1;419.0;0.10064277;BUY
2016-04-02T00:23:31.437000;2016-04-02T00:23:31.457000;0129d4c5-a8a6-40fd-bc02-0250a1185b81;419.0;0.34832723;BUY
2016-04-02T00:24:01.393000;2016-04-02T00:24:01.410000;fa13dde7-34db-449c-a8c7-eface7f346b8;419.0;0.22447;BUY
2016-04-02T00:24:12.733000;2016-04-02T00:24:12.740000;f9801748-0e8b-4d5b-a401-78d97b7f118d;419.0;0.42720277;BUY
2016-04-02T00:24:12.733000;2016-04-02T00:24:12.770000;0f3e107f-6f37-4908-92ad-0f67ada613fa;419.0;0.01;BUY
2016-04-02T00:24:12.733000;2016-04-02T00:24:12.770000;6fa4a152-6bfe-4993-bb05-2485d0893c53;419.0;0.44;BUY
2016-04-02T00:24:12.733000;2016-04-02T00:24:12.770000;0631853e-d004-4905-a1a6-2fa6268815a9;419.0;0.02;BUY
2016-04-02T00:24:12.733000;2016-04-02T00:24:12.787000;17685754-7544-4aa7-aaff-4a7b4d228e33;419.0;0.02;BUY
2016-04-02T00:24:12.737000;2016-04-02T00:24:12.787000;0f51ac15-4eeb-49ca-89e4-492650aedda3;419.0;0.18;BUY
2016-04-02T00:24:12.737000;2016-04-02T00:24:12.787000;c3b36034-e67b-45ee-a06c-2188f5d5da89;419.01;0.124;BUY
2016-04-02T00:24:12.737000;2016-04-02T00:24:12.787000;a3356418-9fdf-4da4-a804-238046b87667;419.01;0.2;BUY
2016-04-02T00:24:12.737000;2016-04-02T00:24:12.800000;6a379837-5f5a-4c7b-8669-5191f0447128;419.01;0.2;BUY
2016-04-02T00:24:12.737000;2016-04-02T00:24:12.800000;b2f1edf0-b01d-46c2-8846-b02ba49132a6;419.01;0.1;BUY
2016-04-02T00:24:12.737000;2016-04-02T00:24:12.800000;47c7b63c-34ea-4a32-8d74-5402387eb610;419.01;0.01;BUY
2016-04-02T00:24:12.737000;2016-04-02T00:24:12.800000;84d25120-eedf-46b4-88c5-32b6f40416f9;419.01;0.01;BUY
2016-04-02T00:24:12.737000;2016-04-02T00:24:12.800000;beec33ed-b9cc-44bb-8c10-984807380d80;419.01;0.05281321;BUY
2016-04-02T00:24:13.103000;2016-04-02T00:24:13.143000;4c9ca8a8-86ad-46b9-a861-ae668e90d7c9;419.0;0.09;BUY
2016-04-02T00:24:33.787000;2016-04-02T00:24:33.800000;92200ccd-df7d-4132-9d8b-f7efb64bca8d;419.02;0.015;BUY
2016-04-02T00:24:33.787000;2016-04-02T00:24:33.817000;07713918-7b8d-4108-95a1-68973cffd165;419.03;0.005;BUY
2016-04-02T00:24:33.827000;2016-04-02T00:24:33.833000;797a311c-f35b-4f83-b292-aa40a3d1e104;419.01;2.01756;SELL
2016-04-02T00:24:38.710000;2016-04-02T00:24:38.740000;8730bb56-6acd-4884-87b7-4bc0e3373074;419.03;0.005;BUY
2016-04-02T00:24:38.710000;2016-04-02T00:24:38.753000;c9ca4e36-79f3-401f-a7fa-7315791a24eb;419.04;0.01;BUY
2016-04-02T00:24:38.710000;2016-04-02T00:24:38.753000;29cf5cf8-1d15-4168-a2fc-dee62342ae9a;419.04;0.02;BUY
2016-04-02T00:24:38.710000;2016-04-02T00:24:38.753000;0c66ef3e-193c-49fd-bca4-6e087785034d;419.06;0.0938;BUY
2016-04-02T00:24:51.767000;2016-04-02T00:24:51.770000;ccbe3eba-3647-46b2-9320-91764510755a;419.06;0.1256;BUY
2016-04-02T00:24:51.810000;2016-04-02T00:24:51.817000;d06cf0dc-9f34-48e6-978f-63f6dc29b9c0;419.06;0.01;BUY
2016-04-02T00:24:53.190000;2016-04-02T00:24:53.223000;9a637da6-f44a-4cc9-b61b-271b570355ef;419.06;0.21529054;BUY
2016-04-02T00:24:53.190000;2016-04-02T00:24:53.223000;6c2d1c58-f779-4017-a580-8cf330b062cd;419.06;0.01;BUY
2016-04-02T00:24:53.193000;2016-04-02T00:24:53.223000;aa9203a4-ac06-4525-8038-be9d4761b560;419.06;0.01;BUY
2016-04-02T00:24:58.153000;2016-04-02T00:24:58.160000;7af87e5b-57dc-4b9d-b8b2-ce9fd1511e69;419.07;0.01;BUY
2016-04-02T00:25:00.350000;2016-04-02T00:25:00.363000;96d4b647-2853-491f-94db-f2636b012807;419.08;0.01;BUY
2016-04-02T00:25:01.527000;2016-04-02T00:25:01.567000;a7d40249-793d-4515-9967-51563d43f0ac;419.1;0.01;BUY
2016-04-02T00:25:01.527000;2016-04-02T00:25:01.567000;45686f7b-3293-4ddf-b3b5-1532fd9daf13;419.1;0.01;BUY
2016-04-02T00:25:01.527000;2016-04-02T00:25:01.567000;a5ec3203-2431-4ce6-a713-8a39ec1eddd6;419.11;0.01;BUY
2016-04-02T00:25:01.527000;2016-04-02T00:25:01.567000;d682bb68-bd1c-4a38-8cc3-c4a0c05c2c47;419.12;0.01;BUY
2016-04-02T00:25:01.527000;2016-04-02T00:25:01.583000;dd305fe3-e5ef-4d75-b11e-55bd553fed8b;419.14;0.01;BUY
2016-04-02T00:25:01.530000;2016-04-02T00:25:01.583000;7c9c14a3-5d55-4cb7-bfab-4243a0c25743;419.14;0.01;BUY
2016-04-02T00:25:01.530000;2016-04-02T00:25:01.583000;d88cf422-e88c-47d6-b92a-aa489f5ef8f6;419.15;0.02;BUY
2016-04-02T00:25:01.530000;2016-04-02T00:25:01.597000;79604820-1362-4ace-aa1d-4445a2850ee7;419.15;0.01;BUY
2016-04-02T00:25:01.530000;2016-04-02T00:25:01.597000;805cfbf0-4008-4017-8b9e-4784439a395d;419.16;0.01;BUY
2016-04-02T00:25:01.530000;2016-04-02T00:25:01.597000;a8670bf7-a245-4fee-acda-a333c87aa9e5;419.16;0.01;BUY
2016-04-02T00:25:01.530000;2016-04-02T00:25:01.597000;b01ab2da-a64a-4711-98ad-7bddda7a8614;419.18;0.01;BUY
2016-04-02T00:25:01.530000;2016-04-02T00:25:01.613000;12674d00-e17c-4bc8-ab72-9de3349ef5ae;419.2;0.01;BUY
2016-04-02T00:25:01.530000;2016-04-02T00:25:01.613000;cc0dcdce-72ca-45da-9bc0-a0320a498cd7;419.2;0.01;BUY
2016-04-02T00:25:01.530000;2016-04-02T00:25:01.613000;c4b6503b-cdaa-490d-8762-86062f4047fd;419.2;0.01;BUY
2016-04-02T00:25:01.530000;2016-04-02T00:25:01.613000;9daadeac-7b3f-444e-b01e-7c5fcadbaf61;419.2;0.025;BUY
2016-04-02T00:25:01.530000;2016-04-02T00:25:01.613000;dfebaa72-7a23-48bf-86ec-0b8066586a8b;419.22;0.01;BUY
2016-04-02T00:25:01.530000;2016-04-02T00:25:01.613000;2e42604c-b091-4c0a-a8ff-995e16ae4b6c;419.24;0.01;BUY
2016-04-02T00:25:01.530000;2016-04-02T00:25:01.613000;e52c5134-2c8d-4f98-844d-36d46dcfe333;419.25;0.07735;BUY
2016-04-02T00:25:04.640000;2016-04-02T00:25:04.660000;4a1b7f70-c777-466c-9274-a75af31a3746;419.19;0.025;BUY
2016-04-02T00:25:04.640000;2016-04-02T00:25:04.660000;3ebf538f-e2d8-4b37-9807-bb4930f03c49;419.25;0.01230733;BUY
2016-04-02T00:25:04.640000;2016-04-02T00:25:04.660000;7dea671a-fbdf-4b46-a4d9-fd060537c5b2;419.26;0.01;BUY
2016-04-02T00:25:04.640000;2016-04-02T00:25:04.677000;9fb20f19-8cb7-4e2f-bd5d-a59196fd1353;419.28;0.01;BUY
2016-04-02T00:25:04.640000;2016-04-02T00:25:04.677000;6e76d0b4-c158-42e4-9709-abc6961e3276;419.29;0.01;BUY
2016-04-02T00:25:04.640000;2016-04-02T00:25:04.677000;efaa655b-45eb-4a1a-bf76-0046c6eac28d;419.3;0.01;BUY
2016-04-02T00:25:04.640000;2016-04-02T00:25:04.677000;3cb49b47-5e31-4b32-8a0f-946dc241d83a;419.3;0.01;BUY
2016-04-02T00:25:04.640000;2016-04-02T00:25:04.677000;4c00e901-cd82-49e0-bea3-0f924f559276;419.33;0.02;BUY
2016-04-02T00:25:04.640000;2016-04-02T00:25:04.693000;896e0693-1562-4400-8fda-3ae20d097bdf;419.34;0.07081267;BUY
2016-04-02T00:25:04.647000;2016-04-02T00:25:04.693000;08fdc6ed-4e64-4fb4-af39-d1ed71058f09;419.34;0.03188;BUY
2016-04-02T00:25:32.103000;2016-04-02T00:25:32.113000;dc403538-3f9b-4750-bf11-0e11468e54c1;419.34;0.08415;BUY
2016-04-02T00:26:03.603000;2016-04-02T00:26:03.670000;0c5a5f98-2963-42f0-b11a-2f3841982d1d;419.34;1.69833;BUY
2016-04-02T00:26:12.307000;2016-04-02T00:26:12.373000;d4a7e001-193e-4c9a-a4a9-066c4e68bb94;419.34;1.11482733;BUY
2016-04-02T00:26:12.307000;2016-04-02T00:26:12.390000;cde9e3b8-9afe-4d26-baf3-ba2d4bf27e9c;419.34;0.01;BUY
2016-04-02T00:26:21.490000;2016-04-02T00:26:21.560000;48afed96-4787-46be-b392-f3b2937cbedd;419.4;0.01;BUY
2016-04-02T00:26:21.490000;2016-04-02T00:26:21.577000;0550025d-96f7-4031-8dfb-5ac5c55abb43;419.4;0.01;BUY
2016-04-02T00:26:25.087000;2016-04-02T00:26:25.153000;b62a7d7d-76e3-4ae2-86b3-edfe393df4ca;419.43;0.01;BUY
2016-04-02T00:26:25.087000;2016-04-02T00:26:25.170000;7e72e916-aeab-450c-9ac9-862af1fd9595;419.44;0.01;BUY
2016-04-02T00:26:27.343000;2016-04-02T00:26:27.420000;ce693a73-80ca-418e-a004-fb94a16913fd;419.48;0.125;BUY
2016-04-02T00:26:27.347000;2016-04-02T00:26:27.420000;c7f2f50c-3922-404b-bde7-5206c8607486;419.5;0.29121267;BUY
2016-04-02T00:26:27.347000;2016-04-02T00:26:27.420000;09c7c0e9-819b-4e9a-ad93-1f6679dc1700;419.5;1.5;BUY
2016-04-02T00:26:27.347000;2016-04-02T00:26:27.437000;828d4974-b6f5-498a-8382-b6afb9b7a5fa;419.5;0.01;BUY
2016-04-02T00:26:32.950000;2016-04-02T00:26:33.013000;39f9cd6b-515d-4bde-aafd-517aa7b75067;419.52;0.08254;SELL
2016-04-02T00:26:33.300000;2016-04-02T00:26:33.373000;79f8957b-1d63-4217-a8ae-82e1ee76dd48;419.53;0.01;BUY
2016-04-02T00:26:33.303000;2016-04-02T00:26:33.373000;be0ba1f2-bf0f-4b9e-a94c-7b13eba7b4a1;419.53;0.01;BUY
2016-04-02T00:26:33.303000;2016-04-02T00:26:33.390000;c91305b4-b326-4451-b824-fe4a76d622f4;419.55;1.0;BUY
2016-04-02T00:26:33.303000;2016-04-02T00:26:33.390000;c0cc7212-2435-4e87-a97b-bf8770eadea7;419.55;0.01;BUY
2016-04-02T00:26:38.757000;2016-04-02T00:26:38.810000;aa6dde65-942d-4de9-a708-a28ade28d621;419.57;0.01;BUY
2016-04-02T00:26:38.757000;2016-04-02T00:26:38.827000;30c9f57a-540e-4001-a8c4-61e13898acb9;419.57;0.01;BUY
2016-04-02T00:26:41.160000;2016-04-02T00:26:41.217000;9312f89c-e767-42ec-94b4-7aa9e4725e6d;419.58;0.02;BUY
2016-04-02T00:26:41.160000;2016-04-02T00:26:41.233000;6a97f04b-2dd8-4007-b595-2d19aa7751ee;419.6;0.01;BUY
2016-04-02T00:26:41.160000;2016-04-02T00:26:41.233000;62fefb4e-b93b-418a-87f2-01aafb4f673f;419.6;0.01;BUY
2016-04-02T00:26:41.160000;2016-04-02T00:26:41.233000;5058e00f-31a7-4d7a-a485-534e82880e6f;419.66;0.01;BUY
2016-04-02T00:26:41.160000;2016-04-02T00:26:41.263000;1260472b-6e1a-4e77-ada3-2c99451854ab;419.67;0.01;BUY
2016-04-02T00:27:01.747000;2016-04-02T00:27:01.810000;908be6b4-3713-46fb-99af-4e093e329892;419.7;0.01;BUY
2016-04-02T00:27:01.747000;2016-04-02T00:27:01.827000;dae405e2-c1ec-4b49-af17-8864fece7e58;419.73;0.01;BUY
2016-04-02T00:27:01.747000;2016-04-02T00:27:01.843000;9b21d647-4c16-4f24-996c-90b079b63095;419.75;0.08947294;BUY
2016-04-02T00:27:01.747000;2016-04-02T00:27:01.843000;7e8f44a5-b9a7-4db0-8421-554665bbbef8;419.75;0.05;BUY
2016-04-02T00:27:01.747000;2016-04-02T00:27:01.843000;b6d892c8-c991-4168-bdf9-20740ce6cb10;419.79;0.225;BUY
2016-04-02T00:27:01.747000;2016-04-02T00:27:01.843000;d244cbca-a7eb-421e-9517-9bf4719d16d9;419.8;0.1;BUY
2016-04-02T00:27:01.747000;2016-04-02T00:27:01.843000;4e922d6e-924d-447a-abec-861d3d8d6251;419.8;1.0;BUY
2016-04-02T00:27:01.747000;2016-04-02T00:27:01.843000;c3f57e91-6227-485f-9729-db4ca7231a8c;419.8;0.01;BUY
2016-04-02T00:27:01.747000;2016-04-02T00:27:01.843000;7d3fdf53-ee5b-4143-9454-7ebade8e0570;419.8;0.01;BUY
2016-04-02T00:27:01.747000;2016-04-02T00:27:01.903000;4b306b15-e9e4-44ed-9ad5-0db07e892814;419.82;0.206;BUY
2016-04-02T00:27:01.747000;2016-04-02T00:27:01.903000;b62c3233-e18c-4ff2-8aee-699e29b27846;419.82;0.90238706;BUY
2016-04-02T00:27:06.270000;2016-04-02T00:27:06.327000;8a7f6e15-48ae-4d13-a177-c5d2de315e50;419.82;1.93477675;BUY
2016-04-02T00:27:55.897000;2016-04-02T00:27:55.953000;9efd2bbd-1b04-4d82-8cfe-4c0f62ac82c9;419.82;0.19;BUY
2016-04-02T00:28:02.137000;2016-04-02T00:28:02.217000;9abaec32-8bed-4a83-9864-e740ee8ae820;419.82;1.17655;BUY
2016-04-02T00:28:31.507000;2016-04-02T00:28:31.560000;c7527e40-0e1e-4480-ac34-b9cb5566734c;419.81;0.30476;SELL
2016-04-02T00:29:00.547000;2016-04-02T00:29:00.607000;6b237a99-1b62-4211-bc45-f2bc9a77d716;419.82;0.1;BUY
2016-04-02T00:29:01.547000;2016-04-02T00:29:01.607000;99983e81-c78a-44fa-9f7e-2769498030dc;419.82;0.30746;BUY
2016-04-02T00:29:31.603000;2016-04-02T00:29:31.653000;ee0e163f-0710-49b5-9050-2496fe178dbf;419.82;0.14608;BUY
2016-04-02T00:29:39.567000;2016-04-02T00:29:39.607000;82e5c620-e540-463b-92d6-0d233e199448;419.82;0.09;BUY
2016-04-02T00:30:02.013000;2016-04-02T00:30:02.060000;f93b3f29-420b-4b43-8b8f-57d840b13189;419.82;1.38483619;BUY
2016-04-02T00:30:02.013000;2016-04-02T00:30:02.077000;74c267f8-45a2-4a34-9b70-5296d5d0447a;419.82;0.15;BUY
2016-04-02T00:30:02.013000;2016-04-02T00:30:02.077000;2a56f5c3-b9dc-4280-9990-93156dcd9fc0;419.83;0.01;BUY
2016-04-02T00:30:02.013000;2016-04-02T00:30:02.093000;f006e07b-8b97-424b-8559-e68f6163d194;419.84;0.01;BUY
2016-04-02T00:30:02.013000;2016-04-02T00:30:02.093000;619e2e18-0df9-4b7b-b1aa-bb8dcc68711f;419.85;0.58661381;BUY
2016-04-02T00:30:31.560000;2016-04-02T00:30:31.607000;af97b6ae-2864-4ce6-bdda-dcd8a3a43b0b;419.85;1.35376;BUY
2016-04-02T00:31:02.787000;2016-04-02T00:31:02.827000;57acc757-268d-4311-b1ec-7de8b4e02dcd;419.85;0.47806;BUY
2016-04-02T00:31:31.540000;2016-04-02T00:31:31.593000;a2274af7-938b-443f-824d-e1059df1e7a2;419.85;0.21224;BUY
2016-04-02T00:32:06.997000;2016-04-02T00:32:07.047000;a430a711-ec71-48ed-8437-862c7b7156ce;419.85;0.36932619;BUY
2016-04-02T00:32:07.000000;2016-04-02T00:32:07.060000;65235ae5-7830-4f5e-8ba1-6aea3b712093;419.88;0.01;BUY
2016-04-02T00:32:07.000000;2016-04-02T00:32:07.077000;62d63d38-dc5b-4e9d-9580-a1f58f282f12;419.89;0.01;BUY
2016-04-02T00:32:07.000000;2016-04-02T00:32:07.077000;704fc4bd-c027-4096-ab90-a2955f14e152;419.91;0.01;BUY
2016-04-02T00:32:07.000000;2016-04-02T00:32:07.123000;da32f779-662c-4035-a5c2-640cfb9acd88;419.95;0.03;BUY
2016-04-02T00:32:07.000000;2016-04-02T00:32:07.123000;11074a9e-8cd2-4f2d-8a20-5012d82c7807;419.95;0.01;BUY
2016-04-02T00:32:07.000000;2016-04-02T00:32:07.123000;1f754659-d07a-4ca8-89e5-07510fc52d45;419.95;0.26997381;BUY
2016-04-02T00:32:31.507000;2016-04-02T00:32:31.547000;ba3b9c85-08ba-4b5c-a8ae-0c9279d8b2d3;419.95;0.30752;BUY
2016-04-02T00:32:37.430000;2016-04-02T00:32:37.483000;34d8588c-4574-415e-a7fb-12c454867e78;419.95;0.17536594;BUY
2016-04-02T00:32:37.430000;2016-04-02T00:32:37.500000;f07aa6b4-7687-4459-95ec-64df1019e048;419.96;0.01;BUY
2016-04-02T00:32:37.430000;2016-04-02T00:32:37.500000;c72bfaba-f061-4969-b581-86b04f6d26bb;419.96;0.01;BUY
2016-04-02T00:32:37.430000;2016-04-02T00:32:37.513000;61503699-5b10-4cf6-864e-35d70fde76d5;419.97;0.01;BUY
2016-04-02T00:32:37.430000;2016-04-02T00:32:37.513000;21fdf469-4307-4156-a987-7b9af84f3a1f;419.98;0.01;BUY
2016-04-02T00:32:37.430000;2016-04-02T00:32:37.593000;07e9dbe8-aeea-4051-9e22-6de30d4fcdb9;419.98;0.01;BUY
2016-04-02T00:32:37.430000;2016-04-02T00:32:37.593000;d6a56a07-c197-4009-bfc8-2db391cac139;419.99;0.01;BUY
2016-04-02T00:32:39.860000;2016-04-02T00:32:39.907000;d4e86621-8c3e-44cd-aca8-447b34129f7c;419.99;3.0;SELL
2016-04-02T00:33:04.080000;2016-04-02T00:33:04.123000;096eb764-da66-48ff-8399-f0a34702d79e;420.0;0.36;BUY
2016-04-02T00:33:04.080000;2016-04-02T00:33:04.140000;ca37e20c-56eb-4202-856f-84bfd62c669f;420.0;0.02428;BUY
2016-04-02T00:33:31.520000;2016-04-02T00:33:31.560000;05511e74-16d9-45de-b3f8-4b657ed7717d;419.99;2.62521;SELL
2016-04-02T00:34:01.550000;2016-04-02T00:34:01.593000;4d2e67a0-fac3-4776-b4b6-64a3aa367d0a;420.0;0.89481;BUY
2016-04-02T00:34:10.503000;2016-04-02T00:34:10.547000;25de3f09-fa12-4460-8cbe-a922f395f2a1;420.0;0.012;BUY
2016-04-02T00:34:10.517000;2016-04-02T00:34:10.560000;9e4bcccc-c182-482f-8444-f837421b3fd5;420.0;0.01799257;BUY
2016-04-02T00:34:10.560000;2016-04-02T00:34:10.593000;163f0f49-e2b5-46da-951a-59a79d4efb22;420.0;0.02158993;BUY
2016-04-02T00:34:10.677000;2016-04-02T00:34:10.717000;a9def8ae-0e32-485d-8b48-5bd8c7939bd7;420.0;0.13085;BUY
2016-04-02T00:34:10.687000;2016-04-02T00:34:10.733000;dbc99527-ec29-41d2-a286-2659c7a7cc62;420.0;0.0764;BUY
2016-04-02T00:34:10.690000;2016-04-02T00:34:10.750000;c967a3f8-6b58-496e-bd9e-b92ee121cab2;420.0;0.5511;BUY
2016-04-02T00:34:10.833000;2016-04-02T00:34:10.873000;63f5bdc9-26ac-4b45-a88e-e626b7877256;420.0;0.0275;BUY
2016-04-02T00:34:10.870000;2016-04-02T00:34:10.907000;1c571c9a-617c-4582-865c-c2be731b6e28;420.0;0.0725675;BUY
2016-04-02T00:34:31.523000;2016-04-02T00:34:31.560000;c781d813-fb45-4dbd-8cae-98a45bbfeb28;419.99;0.35131;SELL
2016-04-02T00:35:01.517000;2016-04-02T00:35:01.560000;ce3644bd-4622-4209-a3b1-0d40e894bbcd;419.99;0.13528;SELL
2016-04-02T00:36:01.580000;2016-04-02T00:36:01.623000;6bc84c91-5434-486b-b2b8-739e8ebc9bae;420.0;0.17091;BUY
2016-04-02T00:36:01.583000;2016-04-02T00:36:01.640000;6eeb8f8a-644c-4c0a-b50b-f84e65b25b8b;420.0;0.02385334;BUY
2016-04-02T00:36:01.583000;2016-04-02T00:36:01.640000;06d02871-54b7-4f32-bd4f-58a282fe2abf;420.0;0.1;BUY
2016-04-02T00:36:01.583000;2016-04-02T00:36:01.657000;510eb7e9-e80d-4994-93e5-a8be16aa334a;420.0;0.02;BUY
2016-04-02T00:36:01.583000;2016-04-02T00:36:01.657000;2739f048-a0d5-4870-b700-4b4c172b6649;420.0;0.5;BUY
2016-04-02T00:36:01.583000;2016-04-02T00:36:01.657000;8c47ec38-5a0a-4bd6-95e8-7b6f8abd931f;420.0;0.01;BUY
2016-04-02T00:36:01.583000;2016-04-02T00:36:01.657000;c85504ce-8a47-4a15-9f63-95d06f9adac2;420.0;0.22801666;BUY
2016-04-02T00:36:30.927000;2016-04-02T00:36:30.967000;7e234b5d-bf15-495e-acca-b68777a37b64;419.99;1.57951;SELL
2016-04-02T00:37:02.337000;2016-04-02T00:37:02.373000;ad258347-2841-41d7-b5b8-eb2062e68f62;420.0;0.37198334;BUY
2016-04-02T00:37:02.337000;2016-04-02T00:37:02.390000;00da3ffd-4367-42c6-ad43-808f1d4d38a1;420.0;0.125;BUY
2016-04-02T00:37:02.337000;2016-04-02T00:37:02.390000;ee4c10ea-b014-4688-9cf1-9a217d59fc2c;420.0;0.05;BUY
2016-04-02T00:37:02.337000;2016-04-02T00:37:02.407000;4565c98c-0612-4b41-86dd-cb0581fb0ad9;420.0;0.08951666;BUY
2016-04-02T00:37:31.830000;2016-04-02T00:37:31.857000;8338afb4-c4f2-4ad5-87c1-c5ca0eceb4ea;419.99;8.65601;SELL
2016-04-02T00:38:05.563000;2016-04-02T00:38:05.607000;9917cf22-e3f0-498c-964b-12d8caf975b1;419.99;0.5;SELL
2016-04-02T00:38:30.780000;2016-04-02T00:38:30.810000;e8fb1e45-5aca-4195-8089-a79216149163;420.0;0.04762;BUY
2016-04-02T00:39:08.480000;2016-04-02T00:39:08.500000;99ff27ba-2b97-4caf-b428-ea7b6ed1dbf1;420.0;2.35739;BUY
2016-04-02T00:39:10.103000;2016-04-02T00:39:10.123000;f4aef437-25cf-4b77-a741-5c7e7dd5453a;419.99;1.8;SELL
2016-04-02T00:39:30.727000;2016-04-02T00:39:30.750000;e8787ef0-e8cd-4f68-ad51-faa54589a0c8;419.99;0.05084;SELL
2016-04-02T00:40:00.820000;2016-04-02T00:40:00.843000;1f77c275-51a1-4a85-816f-4903959436bc;420.0;0.03488;BUY
2016-04-02T00:40:27.520000;2016-04-02T00:40:27.547000;8da23494-1df7-43a9-92a1-9ac9b6dd55db;420.0;0.00879789;BUY
2016-04-02T00:40:30.783000;2016-04-02T00:40:30.810000;e6038bac-da82-49f7-a553-1f5197271adf;419.99;0.05794;SELL
2016-04-02T00:41:30.783000;2016-04-02T00:41:30.930000;62578fef-8bf1-4c89-a17b-0d0a60204e93;420.0;0.23574;BUY
2016-04-02T00:42:00.617000;2016-04-02T00:42:00.757000;faf09aa4-323c-413e-b46b-69f51254e317;420.0;0.36538;BUY
2016-04-02T00:43:03.917000;2016-04-02T00:43:04.053000;ce77b491-6e3c-41e9-a7af-fd3e20dd39f6;420.0;2.63084;BUY
2016-04-02T00:43:30.910000;2016-04-02T00:43:31.037000;caa5d372-7b6f-4d6f-a230-0a15bfa3900b;420.0;0.11904;BUY
2016-04-02T00:44:00.677000;2016-04-02T00:44:00.803000;d1e0132d-f6ee-4a2f-96cc-b01c1fe37d02;419.99;0.93421;SELL
2016-04-02T00:44:30.777000;2016-04-02T00:44:30.897000;ca15d560-5982-4fe4-bb4f-b15729691028;420.0;0.3536;BUY
2016-04-02T00:44:39.397000;2016-04-02T00:44:39.537000;f273741a-0961-4053-9614-e99cc6af62f7;420.0;0.02812;BUY
2016-04-02T00:45:01.093000;2016-04-02T00:45:01.227000;8bc582ae-cf1a-4616-9564-179b6ec5e30d;419.99;0.01216;SELL
2016-04-02T00:45:30.883000;2016-04-02T00:45:31.007000;02a7c527-7a24-46de-a725-819a89cd6680;420.0;8.72907545;BUY
2016-04-02T00:45:30.883000;2016-04-02T00:45:31.023000;2046770f-7c74-4f8c-a250-ba42a6ad9125;420.0;0.03331455;BUY
2016-04-02T00:45:33.703000;2016-04-02T00:45:33.837000;a98c0e2a-9079-4cef-81e9-ba85c35fa8b4;420.0;0.01;BUY
2016-04-02T00:46:00.827000;2016-04-02T00:46:00.960000;18ddcb66-3a5d-4b80-b12b-77c927f7dd92;420.0;0.11089;BUY
2016-04-02T00:46:30.800000;2016-04-02T00:46:30.930000;36cc84e8-5a48-460c-a08b-b865a709aac6;420.0;0.05893;BUY
2016-04-02T00:46:34.190000;2016-04-02T00:46:34.320000;0bf97196-82bc-4b53-8efb-b39da9121221;420.0;0.16188;BUY
2016-04-02T00:46:34.197000;2016-04-02T00:46:34.337000;54193af5-ffea-4587-9e76-912651c0e3e8;420.0;0.09812;BUY
2016-04-02T00:47:00.877000;2016-04-02T00:47:01.007000;50a330ed-77b4-44cb-bda7-e271db77c5a0;420.0;0.35744;BUY
2016-04-02T00:47:30.720000;2016-04-02T00:47:30.850000;67186fbd-fdce-4edd-8479-d69a742f0a4f;420.0;0.05893;BUY
2016-04-02T00:47:57.477000;2016-04-02T00:47:57.600000;84075df6-717d-4751-8269-0dcf6a58a579;419.99;5.0;SELL
2016-04-02T00:48:04.627000;2016-04-02T00:48:04.757000;79dd5750-be44-4311-b063-a447c31b12ea;420.0;0.05893;BUY
2016-04-02T00:48:30.810000;2016-04-02T00:48:30.930000;d6319236-c320-46a0-b3bf-f303e8fa6f66;420.0;0.05156545;BUY
2016-04-02T00:48:30.810000;2016-04-02T00:48:30.960000;ae0c764a-9066-4efd-aa81-f727b497e658;420.0;0.03;BUY
2016-04-02T00:48:30.810000;2016-04-02T00:48:30.960000;59ad86fc-48a3-4e74-b743-19a69e0a39d9;420.0;0.171;BUY
2016-04-02T00:48:30.810000;2016-04-02T00:48:30.977000;3d0c00fb-adb7-4cde-a3a9-26a455fce07c;420.0;0.05662455;BUY
2016-04-02T00:49:00.767000;2016-04-02T00:49:00.883000;650fc47a-fac0-4147-bd36-c4419d8f4ed3;420.0;0.94337545;BUY
2016-04-02T00:49:00.767000;2016-04-02T00:49:00.897000;2d907c33-0fe8-49dd-98dd-6343197f2db2;420.0;1.0;BUY
2016-04-02T00:49:00.767000;2016-04-02T00:49:00.897000;ceea6e4b-bfc1-463a-80cc-fa1e70e821e7;420.0;0.41400455;BUY
2016-04-02T00:49:06.567000;2016-04-02T00:49:06.710000;3d924d96-5e33-45ed-b274-3611fbb063d8;420.0;0.04501875;BUY
2016-04-02T00:49:06.600000;2016-04-02T00:49:06.757000;4279142f-0829-402e-be53-a6cf03e9c2af;420.0;0.058116;BUY
2016-04-02T00:49:06.777000;2016-04-02T00:49:06.913000;3663c5e2-0536-4979-b36c-4c6aaa944430;420.0;0.4828607;BUY
2016-04-02T00:49:06.777000;2016-04-02T00:49:06.913000;9b09d15b-8fae-48e0-a3fb-5a6c906d8e5a;420.0;0.01166174;BUY
2016-04-02T00:49:06.777000;2016-04-02T00:49:06.913000;e257bb9a-a306-4d8e-a46e-adcbef509aa7;420.0;0.02693756;BUY
2016-04-02T00:49:07.047000;2016-04-02T00:49:07.163000;f556bc97-ff27-48b3-b4c2-41ccb4e46c97;420.0;0.31065455;BUY
2016-04-02T00:49:07.050000;2016-04-02T00:49:07.180000;9140b6ab-3939-4b3b-9ce1-1618e3f1065f;420.0;0.036;BUY
2016-04-02T00:49:07.157000;2016-04-02T00:49:07.273000;1f66cf03-2621-4fe0-85d5-6fd4093300c2;420.0;0.04837099;BUY
2016-04-02T00:49:07.300000;2016-04-02T00:49:07.430000;00897fc2-49d8-4552-b96f-6479dd9d6799;420.0;0.04079278;BUY
2016-04-02T00:49:07.467000;2016-04-02T00:49:07.617000;ed2de38e-2dd4-4260-a7db-58bf1c0f4905;420.0;1.16958693;BUY
2016-04-02T00:49:32.513000;2016-04-02T00:49:32.663000;5d045699-ff73-4b69-8731-2ff61bda09d6;419.99;1.06216406;SELL
2016-04-02T00:49:32.513000;2016-04-02T00:49:32.663000;568a13d4-0a38-45b0-a82e-4abd1998ef45;419.99;0.2;SELL
2016-04-02T00:49:32.513000;2016-04-02T00:49:32.663000;fbdf8611-b699-4464-9089-fd82c3b6f153;419.99;0.199;SELL
2016-04-02T00:49:32.513000;2016-04-02T00:49:32.663000;0f04ad3b-9060-4457-9d2b-0612c6041a8c;419.99;0.2;SELL
2016-04-02T00:49:32.513000;2016-04-02T00:49:32.727000;2d48e0ed-5e9d-4540-8d14-96a82adbb12f;419.99;0.2;SELL
2016-04-02T00:49:32.513000;2016-04-02T00:49:32.740000;7806b13b-f2aa-4f4b-947b-3c2b33fb8411;419.99;0.01;SELL
2016-04-02T00:49:32.513000;2016-04-02T00:49:32.740000;fa49260d-986f-40b9-85f2-5c088c088dec;419.99;0.2;SELL
2016-04-02T00:49:32.513000;2016-04-02T00:49:32.740000;4bbb723d-8ee7-4a7c-affa-b9890bd350d1;419.99;0.53;SELL
2016-04-02T00:49:32.513000;2016-04-02T00:49:32.740000;73f1a23a-9be1-4904-a3a1-5e52cd1550d6;419.99;0.012;SELL
2016-04-02T00:49:32.513000;2016-04-02T00:49:32.740000;1b2e0761-5f4b-45c3-85f6-73bf5d520775;419.99;0.025;SELL
2016-04-02T00:49:32.513000;2016-04-02T00:49:32.740000;90927fe2-821e-441c-af47-e2c3f658a5e4;419.99;0.011;SELL
2016-04-02T00:49:32.513000;2016-04-02T00:49:32.740000;29662e11-c50a-4d37-878f-4babdf678200;419.99;1.01599594;SELL
2016-04-02T00:49:52.480000;2016-04-02T00:49:52.617000;d6c838a1-2499-4d67-809f-9c7c5e6ee1a5;419.99;0.54;SELL
2016-04-02T00:49:52.480000;2016-04-02T00:49:52.647000;94b42cab-7d51-4739-a4e3-865d528b8153;419.98;0.0125;SELL
2016-04-02T00:49:55.813000;2016-04-02T00:49:55.943000;e0677ebc-a007-4102-8c69-22fbecd6b216;419.88;0.01;SELL
2016-04-02T00:49:58.060000;2016-04-02T00:49:58.180000;43948535-8391-4a8d-92c9-afea2456d503;419.88;0.01;SELL
2016-04-02T00:49:58.060000;2016-04-02T00:49:58.193000;6e0f033f-4c3c-49ce-8229-08e88a93e417;419.87;0.01;SELL
2016-04-02T00:49:58.060000;2016-04-02T00:49:58.210000;35aacd18-aa39-42b4-a09f-85c6d65c3594;419.86;0.01;SELL
2016-04-02T00:49:58.060000;2016-04-02T00:49:58.210000;bda99149-4935-4f78-ba8d-eec22f963be9;419.85;0.01;SELL
2016-04-02T00:49:58.060000;2016-04-02T00:49:58.210000;b25fa888-a09c-4473-8118-8535ebaa5405;419.84;0.01;SELL
2016-04-02T00:49:58.060000;2016-04-02T00:49:58.210000;78e7efb1-15fe-4eed-b50b-f1797a5dc291;419.84;0.55;SELL
2016-04-02T00:49:58.060000;2016-04-02T00:49:58.210000;760bbf04-2d31-414f-8d12-545b971f4efb;419.83;0.35;SELL
2016-04-02T00:50:00.353000;2016-04-02T00:50:00.477000;e3e8b7da-f539-440f-aea1-60a9bb274a9d;419.84;0.55;BUY
2016-04-02T00:50:01.283000;2016-04-02T00:50:01.413000;67e143a1-b1ec-48ff-864d-efabd63a1edc;419.84;0.4366;BUY
2016-04-02T00:50:05.927000;2016-04-02T00:50:06.040000;d9d5b930-2c79-491e-85fd-3450543b535f;419.84;0.38;BUY
2016-04-02T00:50:09.770000;2016-04-02T00:50:09.897000;18260fb0-1bd5-4a75-b548-aa00701e6953;419.84;0.38;BUY
2016-04-02T00:50:30.823000;2016-04-02T00:50:30.943000;8dee8c49-f602-4217-8009-348b0a44e0e6;419.83;0.01;SELL
2016-04-02T00:50:30.823000;2016-04-02T00:50:30.960000;8c27a544-38a7-4287-85c3-d1c22a9c3e7c;419.83;0.01964;SELL
2016-04-02T00:50:31.803000;2016-04-02T00:50:31.913000;07157b21-1ec1-42ae-b6a2-6cf3b47462eb;419.84;0.38;BUY
2016-04-02T00:50:34.657000;2016-04-02T00:50:34.773000;85e35000-507f-4958-a8db-83cca95dbc62;419.84;0.38;BUY
2016-04-02T00:50:41.987000;2016-04-02T00:50:42.100000;7002f66e-58b8-4877-a9ac-ca0db00f06bf;419.84;0.38;BUY
2016-04-02T00:50:45.117000;2016-04-02T00:50:45.227000;1dc50f10-07bb-4551-935a-c9cabc7b9200;419.84;0.38;BUY
2016-04-02T00:50:48.430000;2016-04-02T00:50:48.540000;a5d00915-20d1-4ace-863b-0c5e4374aac6;419.84;0.34;BUY
2016-04-02T00:50:52.340000;2016-04-02T00:50:52.460000;9ef670ae-b88b-4a82-8ba8-dabccacf91cb;419.84;0.34;BUY
2016-04-02T00:51:01.050000;2016-04-02T00:51:01.180000;03c40431-10b0-4ecc-bd63-8031ae368c34;419.84;0.34;BUY
2016-04-02T00:51:05.573000;2016-04-02T00:51:05.680000;dddb14cb-e960-4ff0-91ff-72deef7fe53f;419.84;0.074;BUY
2016-04-02T00:51:05.573000;2016-04-02T00:51:05.693000;0831d5e5-bbed-4258-95a1-6c3164ffa232;419.84;0.266;BUY
2016-04-02T00:51:10.727000;2016-04-02T00:51:10.837000;b7312500-bbdb-4a99-9e83-194450e4c620;419.84;0.34;BUY
2016-04-02T00:51:30.833000;2016-04-02T00:51:30.943000;d3954168-28ed-4cc8-942e-0f4d73d970a9;419.84;0.14066;BUY
2016-04-02T00:52:00.837000;2016-04-02T00:52:00.960000;159f893d-286d-48ce-a72f-ca3c85b840df;419.84;0.01934;BUY
2016-04-02T00:52:00.837000;2016-04-02T00:52:00.990000;c2d53366-5c6d-4989-ab95-60c1fa284915;419.84;0.05913802;BUY
2016-04-02T00:52:00.837000;2016-04-02T00:52:00.990000;550e25e9-d671-4fe2-b04b-ef6f55a6ef9d;419.84;0.272;BUY
2016-04-02T00:52:00.837000;2016-04-02T00:52:00.990000;bad849a8-4faf-40bc-ad65-87aba0aaa93b;419.84;1.61868198;BUY
2016-04-02T00:52:21.017000;2016-04-02T00:52:21.133000;58897bf8-e2dc-4be6-b2dc-056d8fff307e;419.86;3.089;BUY
2016-04-02T00:52:21.017000;2016-04-02T00:52:21.133000;a0b8a97d-75dc-4aa3-8c46-d4a7ab12c763;419.89;0.498;BUY
2016-04-02T00:52:21.017000;2016-04-02T00:52:21.147000;313e6cfc-4adb-430a-af04-c1eabc6ffbb2;419.93;0.864;BUY
2016-04-02T00:52:31.317000;2016-04-02T00:52:31.430000;5ad721c7-d794-41b1-ac4d-a27eb1e8c33a;419.95;0.513;BUY
2016-04-02T00:52:31.317000;2016-04-02T00:52:31.443000;073a1b3c-9c6e-401c-a734-015e26bc19fb;419.95;0.01525;BUY
2016-04-02T00:53:01.003000;2016-04-02T00:53:01.117000;045e78d3-1dd5-486a-86fa-fc176d004ea6;419.94;0.22581;SELL
2016-04-02T00:53:30.823000;2016-04-02T00:53:30.930000;916706ca-1a24-46ad-b2d8-bdd608fc4280;419.95;0.524;BUY
2016-04-02T00:53:30.823000;2016-04-02T00:53:30.943000;715a392f-3b8c-43e0-b9f6-38317fef0ffd;419.96;0.01;BUY
2016-04-02T00:53:30.823000;2016-04-02T00:53:30.943000;179eb3fd-5f7b-4405-8f9c-7c7b105d7e21;419.96;2.80439;BUY
2016-04-02T00:53:37.677000;2016-04-02T00:53:37.790000;90247ecc-eb29-49b0-9cc0-3608f5cb2438;419.96;0.07;BUY
2016-04-02T00:53:53.503000;2016-04-02T00:53:53.617000;d5d8fccf-c06f-40ad-a1cc-99cc00d37f5f;419.96;0.01662;BUY
2016-04-02T00:55:00.930000;2016-04-02T00:55:01.040000;a5ab5466-4cfb-4f6a-9abb-afb2fd3d6d13;419.96;0.10899;BUY
2016-04-02T00:55:00.930000;2016-04-02T00:55:01.053000;346972ef-0cb4-4b0f-b472-83647dfc3d39;419.98;0.01;BUY
2016-04-02T00:55:00.930000;2016-04-02T00:55:01.053000;a85a9690-06a3-4bea-8537-b432393eab29;419.98;0.24238;BUY
2016-04-02T00:55:30.897000;2016-04-02T00:55:31.007000;613d62b3-261a-464d-a091-9f3aaa6eeb89;419.98;0.4756;BUY
2016-04-02T00:56:31.100000;2016-04-02T00:56:31.183000;4399d3c9-1217-4273-9e9c-0c8cde8abe50;419.98;0.37611;BUY
2016-04-02T00:56:31.100000;2016-04-02T00:56:31.200000;4d4c6768-c6e1-4ae0-9f12-a0312b6447c6;419.99;0.01;BUY
2016-04-02T00:56:31.100000;2016-04-02T00:56:31.200000;453c375d-228e-462f-9eb5-266f0eaf277a;419.99;0.42812;BUY
2016-04-02T00:57:00.867000;2016-04-02T00:57:00.933000;f1275ed0-722f-4aac-8d11-de83146c0d69;419.98;0.17931;SELL
2016-04-02T00:57:31.007000;2016-04-02T00:57:31.073000;ad5c6781-d4b3-4526-a182-5629d33c8313;419.99;0.05893;BUY
2016-04-02T00:57:43.943000;2016-04-02T00:57:43.997000;9a1180e8-0a8f-4d3b-8b40-11d35485dd34;419.99;0.01295;BUY
2016-04-02T00:57:43.947000;2016-04-02T00:57:44.027000;92eca467-d227-41ae-8a02-1d5d97f36508;419.99;0.0181;BUY
2016-04-02T00:57:43.947000;2016-04-02T00:57:44.043000;1a0e3851-cb8b-4df3-8ed9-d2311fec5597;420.0;0.29895;BUY
2016-04-02T00:57:52.217000;2016-04-02T00:57:52.277000;2b5c0512-5a3e-4e7f-bbec-5b2337425de1;420.0;0.0987964;BUY
2016-04-02T00:58:01.220000;2016-04-02T00:58:01.277000;088ab3ed-a006-4788-a460-377e98a4a271;420.0;0.39713;BUY
2016-04-02T00:58:08.940000;2016-04-02T00:58:08.997000;3b143c53-709b-475a-af41-fad1ec6f8d36;419.99;0.3;SELL
2016-04-02T00:59:02.080000;2016-04-02T00:59:02.137000;b0a963cb-d8da-4bf7-a7ba-a8011ff825ed;420.0;0.23119;BUY
2016-04-02T00:59:30.920000;2016-04-02T00:59:30.980000;d1aaad0d-578b-4f97-959a-54ef753c08d8;420.0;0.6715;BUY
2016-04-02T01:00:02.260000;2016-04-02T01:00:02.307000;91047671-483d-45b5-89ce-d00da20cada5;419.99;0.20774;SELL
2016-04-02T01:00:04.410000;2016-04-02T01:00:04.463000;0436302c-5810-40c0-930b-f5fd4d50bf2a;420.0;7.4208;BUY
2016-04-02T01:00:26.383000;2016-04-02T01:00:26.433000;32e10a96-4d4a-4d5a-bebd-28621896d6a0;420.0;0.0143;BUY
2016-04-02T01:00:26.433000;2016-04-02T01:00:26.480000;2c4b377a-358f-4fe8-a0ed-00cb4e58e028;420.0;0.1657;BUY
2016-04-02T01:00:31.177000;2016-04-02T01:00:31.230000;2522f697-1688-40d2-a32b-6b840ec17639;420.0;1.03044;BUY
2016-04-02T01:00:46.827000;2016-04-02T01:00:46.870000;3b8cca7b-0ce4-43e8-9092-d4789c38aaea;419.99;0.01;SELL
2016-04-02T01:00:46.827000;2016-04-02T01:00:46.887000;7504e7cd-aee1-45d8-ac6f-a8fcc4e943ab;419.99;0.0887964;SELL
2016-04-02T01:02:00.957000;2016-04-02T01:02:01.010000;306012aa-86a8-4c72-9cdc-da54a25e21f3;420.0;0.55398;BUY
2016-04-02T01:02:33.770000;2016-04-02T01:02:33.807000;a2380830-346e-45fb-ab36-8c60f909d6d6;419.99;5.83714;SELL
2016-04-02T01:03:01.020000;2016-04-02T01:03:01.057000;0eb6068c-1953-45eb-afce-577cbfd1e73c;420.0;0.10607;BUY
2016-04-02T01:04:01.263000;2016-04-02T01:04:01.307000;029d174f-c13b-4b52-ac03-625a5473173e;419.99;0.2;SELL
2016-04-02T01:04:01.263000;2016-04-02T01:04:01.353000;b9c974c7-edb5-4b2c-bffe-5dd4b97c4088;419.99;0.2;SELL
2016-04-02T01:04:01.263000;2016-04-02T01:04:01.353000;7b3507a3-a2cc-422a-b5ba-1890640466c4;419.99;0.2;SELL
2016-04-02T01:04:01.267000;2016-04-02T01:04:01.353000;d5825a2a-79f7-4a85-a34e-ae064e9c3f7a;419.99;0.01;SELL
2016-04-02T01:04:01.267000;2016-04-02T01:04:01.353000;37e3e15e-c9db-4087-b5e3-a856b256355d;419.99;0.275;SELL
2016-04-02T01:04:01.267000;2016-04-02T01:04:01.353000;c4a3226e-6726-498d-988e-ffc8e80f71d4;419.99;1.18486;SELL
2016-04-02T01:04:04.340000;2016-04-02T01:04:04.387000;a8ff6b0b-e0af-4081-9479-82733b0c18a4;419.99;0.07522634;SELL
2016-04-02T01:04:31.057000;2016-04-02T01:04:31.090000;87427688-22a4-4dcd-bfe6-a983ae884c90;420.0;5.0;BUY
2016-04-02T01:05:01.700000;2016-04-02T01:05:01.730000;1802dad6-ccde-41d6-be0b-d38301584eda;420.0;0.4984;BUY
2016-04-02T01:05:28.113000;2016-04-02T01:05:28.153000;2de1f40e-b76c-4c90-8feb-366242e7866f;420.0;5.308;BUY
2016-04-02T01:05:31.223000;2016-04-02T01:05:31.260000;db156e24-5094-4d9b-bed8-ac8645df26a9;420.0;1.57240079;BUY
2016-04-02T01:05:31.223000;2016-04-02T01:05:31.277000;90dbf7e6-7f8a-49c1-9baf-b14ccdbf566b;420.0;0.05800921;BUY
2016-04-02T01:05:33.857000;2016-04-02T01:05:33.887000;608ca2eb-b3dd-4f1a-a2b0-ed500fee5f34;420.0;0.94199079;BUY
2016-04-02T01:05:33.857000;2016-04-02T01:05:33.917000;592bcba8-42e0-45a1-9439-cd7f4738ec20;420.0;0.1;BUY
2016-04-02T01:05:33.857000;2016-04-02T01:05:33.917000;28104670-e138-4b8b-9b73-14196c67bb2b;420.0;0.1;BUY
2016-04-02T01:05:33.857000;2016-04-02T01:05:33.917000;8245d5e1-3ba6-4323-95db-fafed63ada91;420.0;0.09532;BUY
2016-04-02T01:05:33.857000;2016-04-02T01:05:33.917000;dcaa00ab-a70d-4b14-9ae8-7f69cd07337c;420.0;1.0;BUY
2016-04-02T01:05:33.857000;2016-04-02T01:05:33.917000;a3f2f4f7-81d7-4078-8d73-8c46fc8baf93;420.0;1.0;BUY
2016-04-02T01:05:33.857000;2016-04-02T01:05:33.980000;f1bd7335-854e-4c39-a0cb-36a6429e0ba3;420.0;0.01;BUY
2016-04-02T01:05:33.857000;2016-04-02T01:05:33.997000;95a38f37-dd52-4274-9d1a-5d9203fec2df;420.0;1.0;BUY
2016-04-02T01:05:33.857000;2016-04-02T01:05:33.997000;46ab409a-d4d7-428f-a526-992217c39f6a;420.0;7.88992901;BUY
2016-04-02T01:05:35.740000;2016-04-02T01:05:35.793000;7ebd3e20-6676-4378-8890-005995bffb4d;420.0;5.309;BUY
2016-04-02T01:05:43.010000;2016-04-02T01:05:43.057000;a529a887-1170-4697-a4bb-8228da03ea54;420.0;6.765;BUY
2016-04-02T01:05:49.490000;2016-04-02T01:05:49.543000;18385692-6299-435f-8005-7c5ed02f6f7d;420.0;0.03607099;BUY
2016-04-02T01:05:49.490000;2016-04-02T01:05:49.557000;5b584fed-d488-42ed-ad31-b002d394aa22;420.0;0.056;BUY
2016-04-02T01:05:49.490000;2016-04-02T01:05:49.557000;0c5dcce3-c1bd-44b5-97f2-ae13a33dda6c;420.0;0.01;BUY
2016-04-02T01:05:49.490000;2016-04-02T01:05:49.557000;9ef76488-4488-4c54-9ad1-627a55eabc41;420.0;0.02;BUY
2016-04-02T01:05:49.490000;2016-04-02T01:05:49.573000;456a92ba-d5d4-412b-b71b-ef3597dec6c4;420.0;0.01;BUY
2016-04-02T01:05:51.693000;2016-04-02T01:05:51.730000;fbc09172-4aff-4b49-b4d7-75b9264ef55f;420.01;0.02;BUY
2016-04-02T01:05:51.693000;2016-04-02T01:05:51.760000;23e18a99-71e8-4e79-8d53-4345533c5c96;420.01;0.01;BUY
2016-04-02T01:05:51.697000;2016-04-02T01:05:51.760000;8e7466f9-e4c0-49bc-973d-907f517eb09d;420.01;0.01;BUY
2016-04-02T01:05:51.697000;2016-04-02T01:05:51.760000;0d4f943b-39d9-41b7-ad21-4df6a9a3da4f;420.02;0.01;BUY
2016-04-02T01:05:51.697000;2016-04-02T01:05:51.760000;dd311809-bacf-464d-b4dd-f1b9876795f6;420.02;0.01;BUY
2016-04-02T01:05:51.697000;2016-04-02T01:05:51.840000;50af79d3-1c35-4ff6-811b-f2bb3167092b;420.03;0.01;BUY
2016-04-02T01:05:53.947000;2016-04-02T01:05:53.997000;a28d46b1-0941-410c-8555-3e742dd3ddaf;420.04;0.01;BUY
2016-04-02T01:05:53.947000;2016-04-02T01:05:54.027000;1cb45d6f-bc22-4aea-8423-9869b50361b7;420.05;0.02;BUY
2016-04-02T01:05:53.947000;2016-04-02T01:05:54.027000;846e8025-6346-40d5-87ad-7d6d5412a11e;420.1;0.01;BUY
2016-04-02T01:05:53.947000;2016-04-02T01:05:54.027000;6b5ac74a-9eeb-48ac-b8a1-aab075ba84b7;420.1;0.01;BUY
2016-04-02T01:05:56.217000;2016-04-02T01:05:56.247000;09827c98-090d-447d-8567-e02a96238b92;420.13;0.01;BUY
2016-04-02T01:05:56.217000;2016-04-02T01:05:56.277000;1d0834cc-479d-4849-a682-f281bb3bad59;420.13;0.01;BUY
2016-04-02T01:05:56.217000;2016-04-02T01:05:56.293000;b6071d32-cee8-4d0f-a822-8ec834d26393;420.14;0.01;BUY
2016-04-02T01:05:56.217000;2016-04-02T01:05:56.293000;0cd34bce-c179-4dbd-8d5a-d2b535e3ad49;420.14;0.01;BUY
2016-04-02T01:05:59.020000;2016-04-02T01:05:59.073000;dd08748e-2ddf-41af-b605-2aee5d2470e1;420.16;0.01;BUY
2016-04-02T01:05:59.020000;2016-04-02T01:05:59.090000;901175fe-7481-4846-91e6-3c7431df6db4;420.16;0.01;BUY
2016-04-02T01:05:59.020000;2016-04-02T01:05:59.090000;27297a0f-97b7-414a-a9ca-30b6aa1981c1;420.16;0.01;BUY
2016-04-02T01:05:59.020000;2016-04-02T01:05:59.090000;ce0efd47-b547-49b7-8881-21ceda7e2991;420.16;0.01;BUY
2016-04-02T01:05:59.020000;2016-04-02T01:05:59.137000;c9d66cfa-c10a-474a-ae43-061d59dea84d;420.16;0.01;BUY
2016-04-02T01:05:59.020000;2016-04-02T01:05:59.137000;8df60639-abe9-4a00-97e6-7704682cb4dc;420.16;0.01;BUY
2016-04-02T01:05:59.020000;2016-04-02T01:05:59.137000;35533f17-5c0e-4471-8caf-7a707e0c4f97;420.16;0.01;BUY
2016-04-02T01:06:01.033000;2016-04-02T01:06:01.073000;d986e96e-145d-4efe-ab9e-c833ea62a138;420.17;0.01;BUY
2016-04-02T01:06:01.037000;2016-04-02T01:06:01.103000;47550be5-2f2a-49ff-82e5-630858d18c71;420.19;0.01;BUY
2016-04-02T01:06:01.037000;2016-04-02T01:06:01.120000;15716e1e-8b27-4045-9510-5c91d9fb8847;420.19;0.01;BUY
2016-04-02T01:06:01.037000;2016-04-02T01:06:01.120000;ba91a59a-c13b-4b33-9dcb-1f95b7c46db7;420.2;0.01;BUY
2016-04-02T01:06:01.037000;2016-04-02T01:06:01.120000;c6ec81b5-1e2b-41c7-b9b8-a4c7d566f855;420.2;0.01;BUY
2016-04-02T01:06:01.037000;2016-04-02T01:06:01.183000;24108c27-b049-49fd-ab6f-4001e6f7c673;420.21;0.01;BUY
2016-04-02T01:06:01.037000;2016-04-02T01:06:01.200000;46023123-eb72-4732-81a9-ccf086fff355;420.22;0.01;BUY
2016-04-02T01:06:01.037000;2016-04-02T01:06:01.200000;e51b82af-857e-4775-afa1-64824f2f0cfd;420.23;0.01;BUY
2016-04-02T01:06:01.037000;2016-04-02T01:06:01.200000;56abf952-c114-4378-ba5e-1ed552bc39c1;420.25;0.08951223;BUY
2016-04-02T01:06:01.037000;2016-04-02T01:06:01.200000;93dbeb6c-1cab-4144-922b-50e5139b9440;420.25;0.01;BUY
2016-04-02T01:06:01.037000;2016-04-02T01:06:01.200000;9a76e50d-6a32-4e61-8233-41b66c6bbe53;420.27;0.01;BUY
2016-04-02T01:06:01.037000;2016-04-02T01:06:01.200000;bd88fdb1-824d-4e24-b1c8-c3f528436ce6;420.27;0.01;BUY
2016-04-02T01:06:01.037000;2016-04-02T01:06:01.200000;3752d06c-7128-483f-a012-1764c273c836;420.28;0.01;BUY
2016-04-02T01:06:01.037000;2016-04-02T01:06:01.200000;c7add096-af55-4685-8091-b82318ce5775;420.29;0.01;BUY
2016-04-02T01:06:01.037000;2016-04-02T01:06:01.200000;4f1bd5d6-82a3-4ce0-af7c-ac5a9ae97164;420.31;0.01;BUY
2016-04-02T01:06:01.037000;2016-04-02T01:06:01.213000;f78138f3-d5f4-4e0f-b87b-fba8676dba00;420.32;0.01;BUY
2016-04-02T01:06:01.040000;2016-04-02T01:06:01.213000;8e2d1574-d528-44ee-b11e-d54eca7a509d;420.34;0.01;BUY
2016-04-02T01:06:01.040000;2016-04-02T01:06:01.213000;a1d3d80d-a1b8-4529-a924-ce02d4b415bf;420.34;0.01;BUY
2016-04-02T01:06:01.040000;2016-04-02T01:06:01.213000;122fc52e-77a6-40fc-837c-440fa3cfaf88;420.34;0.01;BUY
2016-04-02T01:06:01.040000;2016-04-02T01:06:01.213000;f4716572-1ec9-41f3-99ba-b0b7656fe6d6;420.35;0.01;BUY
2016-04-02T01:06:01.040000;2016-04-02T01:06:01.230000;477157f4-be22-4968-87eb-a8b59dd2e2e2;420.35;0.01;BUY
2016-04-02T01:06:01.040000;2016-04-02T01:06:01.230000;cd8481ca-18b6-4105-888c-7ca19801e76f;420.35;0.01;BUY
2016-04-02T01:06:01.040000;2016-04-02T01:06:01.230000;21b8569a-b1be-401c-b7ba-42c06826b4e2;420.35;0.01;BUY
2016-04-02T01:06:01.040000;2016-04-02T01:06:01.230000;a5da538c-9f5e-4ae9-96fe-96985ad2f60d;420.36;0.01;BUY
2016-04-02T01:06:01.040000;2016-04-02T01:06:01.230000;e7e7b629-f757-44ce-876c-f61aa447e0dd;420.39;0.01;BUY
2016-04-02T01:06:01.040000;2016-04-02T01:06:01.247000;0a394539-03bc-41fa-80f6-af0e01a94c2e;420.4;0.01;BUY
2016-04-02T01:06:01.040000;2016-04-02T01:06:01.247000;6e90dc3a-10a3-4424-b4fa-f27ffecc0ea5;420.4;0.01;BUY
2016-04-02T01:06:01.040000;2016-04-02T01:06:01.247000;5b3bc3aa-6836-47c2-9283-ac4e56eb45e3;420.42;0.01;BUY
2016-04-02T01:06:01.040000;2016-04-02T01:06:01.247000;fc010d50-e78b-4cb7-ae1b-2fd889fdd8c9;420.44;0.01;BUY
2016-04-02T01:06:01.040000;2016-04-02T01:06:01.247000;36d78c92-c9c4-4bd3-a07f-dabad125267f;420.44;0.02;BUY
2016-04-02T01:06:01.040000;2016-04-02T01:06:01.247000;08b0c890-4dee-48f7-b5d1-b6ab8750c4a7;420.44;0.01;BUY
2016-04-02T01:06:01.040000;2016-04-02T01:06:01.247000;c1d40af3-7fee-4a94-90e9-11b78be36138;420.45;0.013;BUY
2016-04-02T01:06:01.043000;2016-04-02T01:06:01.247000;9b1c19b6-cab2-4a17-9159-0e248dfeee5d;420.46;0.01;BUY
2016-04-02T01:06:01.043000;2016-04-02T01:06:01.247000;48d1a91c-2002-48be-acdc-8dfe03337887;420.47;0.01;BUY
2016-04-02T01:06:01.043000;2016-04-02T01:06:01.247000;7b5224df-3202-45e9-aa1a-1d376bbe9cc4;420.47;0.01;BUY
2016-04-02T01:06:01.043000;2016-04-02T01:06:01.260000;6ef962b3-f918-489b-8a76-405e684ffcd6;420.48;0.01;BUY
2016-04-02T01:06:01.043000;2016-04-02T01:06:01.260000;517019f3-6336-410e-991b-66df866b2ad8;420.48;0.01;BUY
2016-04-02T01:06:01.043000;2016-04-02T01:06:01.260000;5c225883-8367-4650-a0f8-1df8b5a32bba;420.48;0.01;BUY
2016-04-02T01:06:01.043000;2016-04-02T01:06:01.260000;dbb58323-3f16-4261-9b88-b6eeba540ba4;420.49;2.0;BUY
2016-04-02T01:06:01.043000;2016-04-02T01:06:01.260000;05337f01-ce4c-45d4-a10c-2a4967175653;420.5;0.29083734;BUY
2016-04-02T01:06:01.043000;2016-04-02T01:06:01.277000;f8019bfc-e55e-4128-a242-7f58d0bf3858;420.5;1.94964043;BUY
2016-04-02T01:06:01.043000;2016-04-02T01:06:01.277000;a20b2b6e-e2fd-4fd6-9f6a-aa015853af6b;420.5;0.05731889;BUY
2016-04-02T01:06:32.183000;2016-04-02T01:06:32.213000;c5c41930-386b-411a-98c0-0ee7bb689e9b;420.5;0.74891;BUY
2016-04-02T01:07:01.167000;2016-04-02T01:07:01.200000;69cb0a52-8354-41d1-88cb-3e85b20c9e91;420.5;0.518;BUY
2016-04-02T01:07:31.073000;2016-04-02T01:07:31.107000;822eb2b8-ed9d-4967-8c2a-41e23f5e6ec2;420.5;0.113;BUY
2016-04-02T01:07:38.693000;2016-04-02T01:07:38.730000;5d9c1e75-9d9e-4b44-b96f-a16ca115437b;420.5;0.1092;BUY
2016-04-02T01:07:38.710000;2016-04-02T01:07:38.760000;ba03720a-2392-4181-af46-657dc067f069;420.5;0.8008;BUY
2016-04-02T01:08:01.070000;2016-04-02T01:08:01.090000;f63298d1-704a-4820-a2eb-18da6851fc63;420.5;0.74291;BUY
2016-04-02T01:08:32.287000;2016-04-02T01:08:32.323000;271aa62c-695d-43a8-a25f-5651d366d594;420.49;2.0;SELL
2016-04-02T01:08:32.287000;2016-04-02T01:08:32.357000;5aa3b9b3-61f1-4412-a6d3-9ab0d37992c9;420.49;2.74146;SELL
2016-04-02T01:09:02.457000;2016-04-02T01:09:02.480000;948174b6-7fff-4949-8296-cb2fdfa8f526;420.5;0.9336;BUY
2016-04-02T01:09:39.643000;2016-04-02T01:09:39.667000;a492e8c8-c915-421b-a600-ad788be0c36a;420.5;0.29646;BUY
2016-04-02T01:10:31.120000;2016-04-02T01:10:31.137000;3f4050e0-6be1-48cf-af30-64f58af34746;420.5;0.93945;BUY
2016-04-02T01:11:02.720000;2016-04-02T01:11:02.747000;a7889222-69bf-4f83-8715-aeaa573633d4;420.5;0.97467;BUY
2016-04-02T01:11:35.253000;2016-04-02T01:11:35.310000;0e8d8cbf-1383-4fe5-a3c7-8ab9fba3156b;420.5;4.72379;BUY
2016-04-02T01:12:01.183000;2016-04-02T01:12:01.230000;a392644c-b25c-44fb-bcd6-a0600cd13284;420.49;0.72;SELL
2016-04-02T01:12:01.183000;2016-04-02T01:12:01.247000;aad7cc2e-bb50-4a49-acc5-67e912713e5d;420.49;0.01;SELL
2016-04-02T01:12:01.183000;2016-04-02T01:12:01.260000;862eaae2-10b6-44f1-9e06-e9118cf96858;420.49;0.066;SELL
2016-04-02T01:12:01.183000;2016-04-02T01:12:01.260000;dd3ee134-e8b6-4bfc-9c16-addb4e67785d;420.49;0.0125;SELL
2016-04-02T01:12:01.183000;2016-04-02T01:12:01.260000;e56d3264-4fd2-4c18-bad1-0686a60a7abe;420.49;0.8939;SELL
2016-04-02T01:12:28.593000;2016-04-02T01:12:28.637000;17bdd49a-53ea-45f4-b4f1-18ccac1d118e;420.49;0.58050272;SELL
2016-04-02T01:13:01.253000;2016-04-02T01:13:01.310000;c7b378e9-12b4-4826-be04-3484f27a06ff;420.49;1.11559728;SELL
2016-04-02T01:13:01.253000;2016-04-02T01:13:01.323000;14e997e4-ea15-4bd5-ae5c-c1fc1f85307f;420.49;0.154;SELL
2016-04-02T01:13:01.253000;2016-04-02T01:13:01.340000;e90a9346-9695-487e-9c39-4b479e40ac78;420.49;0.056;SELL
2016-04-02T01:13:01.253000;2016-04-02T01:13:01.340000;5fd4e07e-53f6-4a36-9040-ac41fef4494f;420.49;0.16;SELL
2016-04-02T01:13:01.253000;2016-04-02T01:13:01.340000;825b06ff-cdb5-4199-b613-1f932a1f19c0;420.49;2.00113272;SELL
2016-04-02T01:13:32.053000;2016-04-02T01:13:32.107000;be9c21ec-43f9-454a-94cc-e2bb6b092ac5;420.5;1.17729;BUY
2016-04-02T01:14:01.507000;2016-04-02T01:14:01.543000;610293e4-75f5-4c57-a739-d6c3adf2ddbe;420.49;0.08739;SELL
2016-04-02T01:15:39.963000;2016-04-02T01:15:40.010000;0ec302fb-efc2-4150-a17e-3eb29531152d;420.49;1.68455;SELL
2016-04-02T01:16:01.173000;2016-04-02T01:16:01.213000;f9e1955d-fcb3-43c8-95a0-582a62e4b7b6;420.5;0.36;BUY
2016-04-02T01:16:31.210000;2016-04-02T01:16:31.247000;c2cf5c7a-909a-43db-8773-9217389c9c5d;420.5;1.76887;BUY
2016-04-02T01:17:01.237000;2016-04-02T01:17:01.277000;afc6cdba-110e-4247-931d-6bbc45cea780;420.5;1.33032;BUY
2016-04-02T01:17:31.120000;2016-04-02T01:17:31.153000;b20f6f1b-62ef-492e-a56c-c9f25dbe0962;420.5;1.0;BUY
2016-04-02T01:18:31.093000;2016-04-02T01:18:31.120000;1d10dbbb-2028-45e3-bf80-b8047583b6bf;420.5;3.94183;BUY
2016-04-02T01:19:04.537000;2016-04-02T01:19:04.560000;76eec0f3-809c-464a-8ba2-ea6915b508f4;420.5;1.23546;BUY
2016-04-02T01:19:32.260000;2016-04-02T01:19:32.293000;c55a2458-cc2a-4aef-b12e-0a58385ad660;420.5;0.8055;BUY
2016-04-02T01:20:02.300000;2016-04-02T01:20:02.323000;9b881be0-8109-4ef1-afeb-15695a46f39d;420.5;1.31151;BUY
2016-04-02T01:20:31.783000;2016-04-02T01:20:31.810000;93f59ed1-3720-43e8-9f65-19e7b8afa472;420.5;0.23546;BUY
2016-04-02T01:21:01.213000;2016-04-02T01:21:01.247000;cdb12842-aed3-4cb7-804e-40676b0fabd7;420.5;0.025;BUY
2016-04-02T01:21:31.250000;2016-04-02T01:21:31.310000;de3e9f44-2477-4150-8fc3-a846749aac7b;420.49;0.03111;SELL
2016-04-02T01:22:01.190000;2016-04-02T01:22:01.213000;5aa4dc87-32e0-4009-b660-1b5a3951ac38;420.5;2.48761;BUY
2016-04-02T01:22:31.460000;2016-04-02T01:22:31.480000;4bacaf89-d3b8-46b1-9a86-ebf2447aba72;420.5;0.12739;BUY
2016-04-02T01:23:01.263000;2016-04-02T01:23:01.293000;8dfb42ee-3f9c-4d94-b050-2bbf41e0f1b3;420.5;0.32601;BUY
2016-04-02T01:23:31.250000;2016-04-02T01:23:31.277000;8bbf7c7d-424d-46af-9c1b-69e26eabe79d;420.5;1.22724;BUY
2016-04-02T01:24:01.200000;2016-04-02T01:24:01.217000;e7f152a2-0564-4133-9b32-1f4e8a0765ab;420.5;25.65033;BUY
2016-04-02T01:24:34.163000;2016-04-02T01:24:34.183000;9aa065d1-4e58-4950-b8a0-2ae13c804bb7;420.5;0.32546;BUY
2016-04-02T01:25:01.570000;2016-04-02T01:25:01.607000;92d99a93-abbd-4f1d-b32a-1d379f9c73f4;420.49;4.18212;SELL
2016-04-02T01:25:31.287000;2016-04-02T01:25:31.310000;e6d61ad6-d8d5-4a6e-b617-a80a71efa95f;420.5;3.10791;BUY
2016-04-02T01:26:10.383000;2016-04-02T01:26:10.403000;adef7bb1-b014-462f-9267-18af71db9e14;420.49;0.05334;SELL
2016-04-02T01:26:11.300000;2016-04-02T01:26:11.310000;c753cacd-636c-49a1-a147-224750b5061d;420.49;0.2728;SELL
2016-04-02T01:26:31.167000;2016-04-02T01:26:31.183000;3cc2f04d-27c6-4c4f-ad6d-b5910e1b2c70;420.49;9.64063;SELL
2016-04-02T01:26:31.167000;2016-04-02T01:26:31.200000;9c37666d-5f0a-436a-bfa6-f5ffb8ce5c8f;420.49;0.01;SELL
2016-04-02T01:26:31.167000;2016-04-02T01:26:31.217000;71ffe16f-3c79-4205-a0e6-ddfe4043d63e;420.46;0.01;SELL
2016-04-02T01:26:31.167000;2016-04-02T01:26:31.217000;cf39a163-c700-45f0-aa65-faaa604c0301;420.45;0.01;SELL
2016-04-02T01:26:31.167000;2016-04-02T01:26:31.217000;a686f3c9-5ced-4937-8219-8d65a177cafb;420.45;0.0125;SELL
2016-04-02T01:26:31.167000;2016-04-02T01:26:31.293000;89867406-a115-42d6-9787-e73d030ca25b;420.44;0.8;SELL
2016-04-02T01:26:31.167000;2016-04-02T01:26:31.293000;b09194a0-f307-430e-9cb3-45286c75fed1;420.43;0.35;SELL
2016-04-02T01:26:31.170000;2016-04-02T01:26:31.293000;ddd45578-c37b-435c-ac0b-de62ea50a3a1;420.34;0.01;SELL
2016-04-02T01:26:31.170000;2016-04-02T01:26:31.293000;48b665ea-8b86-4e10-8d52-f8ffca23dc83;420.33;0.01;SELL
2016-04-02T01:26:31.170000;2016-04-02T01:26:31.293000;b67b4380-5d7e-40e5-a228-2ec8551e57a5;420.32;0.685;SELL
2016-04-02T01:26:31.170000;2016-04-02T01:26:31.293000;c1e74ca6-e3f8-4e2e-8dd0-59b3f2bf3796;420.31;0.01;SELL
2016-04-02T01:26:31.170000;2016-04-02T01:26:31.293000;039e54ad-b7d1-434c-99d0-04e83308c42e;420.29;0.02;SELL
2016-04-02T01:26:31.170000;2016-04-02T01:26:31.293000;e97fd1df-9146-40b8-bb95-4990410e59b8;420.27;0.5555;SELL
2016-04-02T01:27:01.313000;2016-04-02T01:27:01.377000;910dfcb2-6d03-4aaa-bfe2-8a8609591613;420.34;0.27041;BUY
2016-04-02T01:27:31.307000;2016-04-02T01:27:31.347000;b5333a10-5c8a-448d-93ca-5893be9cd93f;420.34;0.584;BUY
2016-04-02T01:27:31.307000;2016-04-02T01:27:31.377000;a34fbc5a-bae5-4abd-accc-b822e8b1c98e;420.34;0.36931;BUY
2016-04-02T01:28:01.387000;2016-04-02T01:28:01.440000;8ff42783-c896-4088-a9b6-f0b0af841447;420.34;0.1062;BUY
2016-04-02T01:28:32.060000;2016-04-02T01:28:32.113000;3e2eb162-6288-40d6-9023-a5d55ee6c78f;420.34;0.2252;BUY
2016-04-02T01:28:43.113000;2016-04-02T01:28:43.160000;58524522-62a0-46bf-b820-0fa06085fe7f;420.33;0.01;SELL
2016-04-02T01:28:43.113000;2016-04-02T01:28:43.173000;2339e9e8-ebbd-465b-8d44-1b8232ffa132;420.3;0.01;SELL
2016-04-02T01:28:43.113000;2016-04-02T01:28:43.190000;66cc0a77-3d1e-4a80-aba0-5e7c52d24ee2;420.25;0.01115635;SELL
2016-04-02T01:28:43.113000;2016-04-02T01:28:43.190000;67a631b8-2cdd-4b5e-bce1-7c1d444ee498;420.25;2.42626487;SELL
2016-04-02T01:29:04.073000;2016-04-02T01:29:04.113000;0ac3b0a0-bb7e-4375-9605-7b09ca0c8d22;420.24;0.3133;SELL
2016-04-02T01:29:36.607000;2016-04-02T01:29:36.660000;6ee7882b-290c-4e3a-a867-6fa8f6e3bd52;420.25;0.01882266;BUY
2016-04-02T01:29:40.283000;2016-04-02T01:29:40.330000;0683f9f3-a3af-4fbd-88d5-791bdb165924;420.25;0.03124374;BUY
2016-04-02T01:29:40.283000;2016-04-02T01:29:40.347000;6f0c76c7-ba6d-4b81-9b26-bd1e13dcbab6;420.25;0.68745626;BUY
2016-04-02T01:30:01.317000;2016-04-02T01:30:01.363000;efaa4856-3a63-4ec3-9070-ffe8d2de1bac;420.24;0.08523;BUY
2016-04-02T01:31:01.227000;2016-04-02T01:31:01.270000;d89cd706-7b5d-410e-89a2-28bd561fd4d4;420.2;0.01;SELL
2016-04-02T01:31:01.227000;2016-04-02T01:31:01.283000;b13917a7-fbe8-4fc2-bc8e-0ceb27ee38d1;420.2;0.01;SELL
2016-04-02T01:31:01.227000;2016-04-02T01:31:01.300000;53dc0014-0c30-493c-bd78-434f42b580ad;420.2;0.083;SELL
2016-04-02T01:31:01.227000;2016-04-02T01:31:01.300000;711776b8-1306-4151-9dc7-f873530d6f12;420.2;1.00901;SELL
2016-04-02T01:31:04.970000;2016-04-02T01:31:05.003000;2d9e3bcf-a826-4a25-a3b1-daee11f8a8a0;420.21;0.2;BUY
2016-04-02T01:31:32.760000;2016-04-02T01:31:32.800000;ff1c0a17-0ebe-4e4a-8004-76ec7b4630ec;420.21;0.49946;BUY
2016-04-02T01:32:01.260000;2016-04-02T01:32:01.300000;931ee025-01b8-432e-bc2a-8968fc6b5245;420.21;0.16556;BUY
2016-04-02T01:32:24.583000;2016-04-02T01:32:24.643000;4d32f8d5-5908-4edc-aba7-85855ce1e9c9;420.21;0.028;BUY
2016-04-02T01:32:24.763000;2016-04-02T01:32:24.817000;cac30f2a-f821-4670-bb39-0c9d6140157d;420.21;0.06;BUY
2016-04-02T01:32:24.880000;2016-04-02T01:32:24.910000;9069738f-f242-47c6-8867-2caa78352d29;420.21;0.02436;BUY
2016-04-02T01:32:25.197000;2016-04-02T01:32:25.237000;7c42a4e5-0c59-469b-ae8b-070a89d76cbf;420.21;0.02004;BUY
2016-04-02T01:32:34.897000;2016-04-02T01:32:34.940000;5057a6de-ca7c-4121-a0e1-2fe7045d8a27;420.2;0.01;SELL
2016-04-02T01:32:34.897000;2016-04-02T01:32:34.957000;acf26489-fd7d-4d72-96be-ce9355696460;420.2;0.091;SELL
2016-04-02T01:32:34.897000;2016-04-02T01:32:34.973000;b9ce45ab-0296-4358-b1a3-8ce87ef5a3bc;420.2;1.3511;SELL
2016-04-02T01:32:34.897000;2016-04-02T01:32:34.973000;be35d781-e470-4bad-a67a-bf944ef7b232;420.19;0.01;SELL
2016-04-02T01:32:34.897000;2016-04-02T01:32:34.973000;1b69dde2-aec7-4c5f-8b84-40836db97810;420.15;0.432;SELL
2016-04-02T01:32:34.897000;2016-04-02T01:32:34.973000;101b86e3-d3f7-4be4-92c2-0960f14d2cb9;420.14;0.01;SELL
2016-04-02T01:32:34.897000;2016-04-02T01:32:34.973000;150984be-6efc-439f-aa51-478ba7b92430;420.1;0.317;SELL
2016-04-02T01:32:34.897000;2016-04-02T01:32:35.003000;4135533e-4096-43b9-9c5e-3a7d30930d80;420.1;0.35;SELL
2016-04-02T01:32:34.897000;2016-04-02T01:32:35.003000;3f32b9fc-df86-4546-95e1-f4079a790963;420.06;7.11048;SELL
2016-04-02T01:32:34.897000;2016-04-02T01:32:35.003000;c492422a-d02f-4e1a-8e3f-400a0800dfe3;420.05;0.01;SELL
2016-04-02T01:32:34.897000;2016-04-02T01:32:35.003000;d860948a-837c-4848-b340-7e429f6da325;420.05;0.314;SELL
2016-04-02T01:32:34.897000;2016-04-02T01:32:35.003000;c265c97f-69d7-4791-95a2-a0e03f751ee4;420.01;0.02;SELL
2016-04-02T01:32:34.897000;2016-04-02T01:32:35.003000;b2edfda7-6fae-4fa0-b20c-6abca7884fa4;420.0;0.01116964;SELL
2016-04-02T01:32:34.897000;2016-04-02T01:32:35.003000;61b9644b-65e0-497e-8469-4ca95693cc34;420.0;0.02001071;SELL
2016-04-02T01:32:34.897000;2016-04-02T01:32:35.003000;9f53ff88-d33e-4201-8135-df220d093139;420.0;0.333;SELL
2016-04-02T01:32:34.897000;2016-04-02T01:32:35.003000;1a1ec73e-af22-45fe-9bf9-4667b10ae942;419.99;0.2;SELL
2016-04-02T01:32:34.900000;2016-04-02T01:32:35.003000;ebad0af8-031f-48fb-a008-bc5ceb06a6fc;419.99;0.2;SELL
2016-04-02T01:32:34.900000;2016-04-02T01:32:35.050000;9da91136-0be3-40c3-b019-81bc4eb155cb;419.99;0.083;SELL
2016-04-02T01:32:34.900000;2016-04-02T01:32:35.050000;76ef7013-b278-42de-b81b-d40d326c6eb4;419.99;0.125;SELL
2016-04-02T01:32:34.900000;2016-04-02T01:32:35.050000;95b6c4b1-1ff4-4be0-88f7-ec0350164a33;419.95;0.050102;SELL
2016-04-02T01:32:34.900000;2016-04-02T01:32:35.050000;860df7c8-b514-4129-ba03-a55683b773e4;419.95;0.013;SELL
2016-04-02T01:32:34.900000;2016-04-02T01:32:35.050000;711dde84-f042-46bf-88cb-acffacc0dfa2;419.95;0.363;SELL
2016-04-02T01:32:34.900000;2016-04-02T01:32:35.050000;af0b8d62-3985-4684-b22b-3d96858a7486;419.9;0.01;SELL
2016-04-02T01:32:34.900000;2016-04-02T01:32:35.050000;e22b66a0-2bc7-489f-8281-fe1e3ae61e7b;419.9;0.02001072;SELL
2016-04-02T01:32:34.900000;2016-04-02T01:32:35.050000;fea0ee89-740a-4262-b1a5-e6d8cce7b116;419.87;0.112;SELL
2016-04-02T01:32:34.900000;2016-04-02T01:32:35.050000;415bb7f1-ec7b-4162-b2ce-8ff318cd285f;419.85;4.2746;SELL
2016-04-02T01:32:34.900000;2016-04-02T01:32:35.050000;f8400e7c-3564-4bde-bfe1-97bce3d1c0ea;419.82;0.076;SELL
2016-04-02T01:32:34.900000;2016-04-02T01:32:35.067000;d7d5d9ca-6f9e-4360-b012-9503b803014d;419.8;0.02001072;SELL
2016-04-02T01:32:34.900000;2016-04-02T01:32:35.067000;b94f9747-909a-4882-bcaa-efaf94ac70ea;419.75;0.01115635;SELL
2016-04-02T01:32:34.900000;2016-04-02T01:32:35.067000;d6d82150-deb4-42a0-b471-8c717bdea508;419.75;0.367;SELL
2016-04-02T01:32:34.900000;2016-04-02T01:32:35.067000;f0a2d4eb-5195-4513-b631-492395eeea00;419.74;0.713;SELL
2016-04-02T01:32:34.900000;2016-04-02T01:32:35.067000;daeb18f9-6b47-4fdf-97b3-609e1288e36a;419.71;0.016;SELL
2016-04-02T01:32:34.900000;2016-04-02T01:32:35.097000;1646cb0b-da78-4966-b4ac-3a82acd6d0c8;419.7;0.02001096;SELL
2016-04-02T01:32:34.900000;2016-04-02T01:32:35.097000;c6395945-bcc3-455f-aab6-bb92b9c70898;419.7;0.01;SELL
2016-04-02T01:32:34.900000;2016-04-02T01:32:35.097000;a6c2814d-5f7e-4d6e-9344-c6bf95ed5eef;419.7;0.01;SELL
2016-04-02T01:32:34.900000;2016-04-02T01:32:35.097000;b41f6476-0a7b-4e1b-a837-8c19b4d7a52b;419.69;0.721;SELL
2016-04-02T01:32:34.900000;2016-04-02T01:32:35.097000;745ff320-161c-4f0e-a488-8b3b98c95c5d;419.67;0.01;SELL
2016-04-02T01:32:34.900000;2016-04-02T01:32:35.097000;781cb514-4778-44b3-b1de-9cfb5d37d960;419.64;0.706;SELL
2016-04-02T01:32:34.903000;2016-04-02T01:32:35.097000;bd0d7dea-33d7-4b1d-9e60-1fc458b34c87;419.64;0.2;SELL
2016-04-02T01:32:34.903000;2016-04-02T01:32:35.113000;5548d691-1788-4238-9ccb-eb7dc6c396d9;419.61;2.967;SELL
2016-04-02T01:32:34.903000;2016-04-02T01:32:35.113000;1945f3af-f103-4208-9a40-2860597d8f88;419.6;0.02001072;SELL
2016-04-02T01:32:34.903000;2016-04-02T01:32:35.113000;e7b7ea0d-fb7b-45d8-aa90-5d65ddd98a9c;419.59;0.674;SELL
2016-04-02T01:32:34.903000;2016-04-02T01:32:35.113000;2acd3f26-53cd-4678-9d6d-079dedf41c9e;419.53;0.01;SELL
2016-04-02T01:32:34.903000;2016-04-02T01:32:35.127000;c7a2419d-9714-4361-9f53-3c5577f2567f;419.53;0.2;SELL
2016-04-02T01:32:34.903000;2016-04-02T01:32:35.127000;2012b935-7133-46fd-be58-e9c87904ab3c;419.52;0.15;SELL
2016-04-02T01:32:34.903000;2016-04-02T01:32:35.127000;514e3b35-f34e-4c78-8f07-48b7c24e2c22;419.5;0.02001073;SELL
2016-04-02T01:32:34.903000;2016-04-02T01:32:35.127000;e2df73a8-bcb7-41ac-be9b-e9c80302f02c;419.48;0.5;SELL
2016-04-02T01:32:34.903000;2016-04-02T01:32:35.127000;d7a29993-5bee-40de-ab24-2546f13fe1b6;419.48;0.49179745;SELL
2016-04-02T01:33:01.590000;2016-04-02T01:33:01.627000;22b7c972-b7b2-44de-91b3-4f0e6ed987f7;420.18;0.01;BUY
2016-04-02T01:33:01.590000;2016-04-02T01:33:01.643000;21d845bd-a823-45c2-a95c-b5fc28f23811;420.18;0.012;BUY
2016-04-02T01:33:01.590000;2016-04-02T01:33:01.643000;be31400e-9583-4879-ac34-0b9e6dab4ddc;420.19;0.01;BUY
2016-04-02T01:33:01.590000;2016-04-02T01:33:01.643000;1ddff992-a747-4e01-ace0-995110e2b370;420.2;0.01;BUY
2016-04-02T01:33:01.590000;2016-04-02T01:33:01.707000;137e4cd8-9d19-4d5a-ac59-454d8d1fd1d5;420.2;0.35;BUY
2016-04-02T01:33:01.590000;2016-04-02T01:33:01.723000;014f93f5-0750-4c47-aafa-64b39c45296c;420.21;0.56673;BUY
2016-04-02T01:33:31.433000;2016-04-02T01:33:31.487000;d5773f8d-fdc3-4f87-87dc-5c65efac44d1;420.2;0.62205;BUY
2016-04-02T01:34:01.313000;2016-04-02T01:34:01.363000;ce49da01-8abb-4ce9-913b-9aca06b3d522;420.16;0.01;SELL
2016-04-02T01:34:01.313000;2016-04-02T01:34:01.363000;8930522b-86e9-4dd2-a9a5-eefda57434cc;420.16;0.01;SELL
2016-04-02T01:34:01.313000;2016-04-02T01:34:01.377000;f2a79d28-6a71-4d36-96ef-30811dcf04a7;420.15;0.01;SELL
2016-04-02T01:34:01.313000;2016-04-02T01:34:01.377000;dce610e6-b350-4c64-8a83-c52cdbe67056;420.15;0.35;SELL
2016-04-02T01:34:01.313000;2016-04-02T01:34:01.377000;d8e581b9-2076-4eec-8009-92661ede8931;420.07;8.25;SELL
2016-04-02T01:34:01.313000;2016-04-02T01:34:01.377000;51c5f1fe-1e90-4a4f-9da3-2541b3b93ca2;420.07;0.35;SELL
2016-04-02T01:34:01.313000;2016-04-02T01:34:01.377000;1522d7cc-ced0-40b5-8433-1c6fcdea687c;420.02;0.124;SELL
2016-04-02T01:34:01.317000;2016-04-02T01:34:01.393000;97bfa8d9-667b-4349-bb6c-05bd6319c464;420.01;0.02;SELL
2016-04-02T01:34:01.317000;2016-04-02T01:34:01.393000;5dfea835-4df4-4eaf-b7f3-e97891611e58;420.01;0.01;SELL
2016-04-02T01:34:01.317000;2016-04-02T01:34:01.393000;f2d0f63e-6106-4e9c-bd63-13fd07fd4aae;419.91;0.015;SELL
2016-04-02T01:34:01.317000;2016-04-02T01:34:01.393000;08ab5f44-3a8b-4c88-8143-33613572f24c;419.89;0.01;SELL
2016-04-02T01:34:01.317000;2016-04-02T01:34:01.393000;7d5d26e6-e221-4ee9-8a05-8f674edddfb7;419.75;0.01;SELL
2016-04-02T01:34:01.317000;2016-04-02T01:34:01.427000;4943b659-de1f-41f9-9f70-6b9f97240462;419.72;2.2;SELL
2016-04-02T01:34:01.317000;2016-04-02T01:34:01.427000;53708fbd-5346-4e8e-88c5-265263fc2469;419.71;0.49788373;SELL
2016-04-02T01:34:01.317000;2016-04-02T01:34:01.427000;b23102b9-280e-4eb5-a6f0-02cce74baa5f;419.7;2.2;SELL
2016-04-02T01:34:01.317000;2016-04-02T01:34:01.427000;0be7fa4d-5ac9-4c80-abf4-01856d6bfeb5;419.69;0.01;SELL
2016-04-02T01:34:01.317000;2016-04-02T01:34:01.427000;65edf95f-b876-4dab-be05-b7d3d04b6303;419.69;1.4;SELL
