time_exchange;time_coinpai;guid;price;base_amount;taker_side
2016-04-02T00:25:29.000000;2016-04-02T00:25:29.133000;20422cb7-dc7b-445a-aef2-e0d656d74956;11.651;2.323911;SELL
2016-04-02T00:25:29.000000;2016-04-02T00:25:29.143000;15a1b058-1969-4808-bbaa-4f35effee12d;11.65;3.5144;SELL
2016-04-02T00:30:02.000000;2016-04-02T00:30:03.013000;a52b7069-c47f-468c-ab9a-7867ff83410d;11.674;1.0;BUY
2016-04-02T00:32:31.000000;2016-04-02T00:32:31.970000;1eb38118-0f77-455b-85e7-0c32cb3a8693;11.631;0.11331;SELL
2016-04-02T00:37:27.000000;2016-04-02T00:37:27.667000;ab697c4f-6553-416f-8da5-6017f2c56d1b;11.621;2.210601;SELL
2016-04-02T00:37:27.000000;2016-04-02T00:37:27.677000;438a1892-747b-4321-9335-ed34af7fc5d6;11.621;2.323911;SELL
2016-04-02T00:37:27.000000;2016-04-02T00:37:27.680000;e40af4d3-5bbe-4134-b2e1-62e1ee80d911;11.62;50.0;SELL
2016-04-02T00:37:27.000000;2016-04-02T00:37:27.713000;c390bd97-c2c6-4541-b60c-10cd9243632e;11.601;7.1999;SELL
2016-04-02T00:37:27.000000;2016-04-02T00:37:27.713000;d42f5acd-4ce7-44db-9730-7bd3018f3026;11.6;118.82267896;SELL
2016-04-02T00:41:34.000000;2016-04-02T00:41:34.727000;b14b85a2-9794-47e6-ac6a-a829b8a86644;11.635;40.4541;BUY
2016-04-02T00:41:35.000000;2016-04-02T00:41:35.600000;2223e6f0-39c7-4a35-bb6d-f0efe0ea33ec;11.596;0.47432149;SELL
2016-04-02T00:41:35.000000;2016-04-02T00:41:35.607000;9cd72dcc-1210-4b8b-9b09-b20ed792665f;11.59;16.79560789;SELL
2016-04-02T00:44:26.000000;2016-04-02T00:44:26.500000;4dc1be31-b749-4fc7-8078-e92dc499fc54;11.633;44.2065;BUY
2016-04-02T00:48:08.000000;2016-04-02T00:48:08.910000;7c032006-e50b-4784-9bbd-4c0ca76427c3;11.627;2.0;BUY
2016-04-02T00:52:05.000000;2016-04-02T00:52:05.067000;5fad6fa5-0045-40b3-b09e-a2d72b2e2508;11.59;3.20439211;SELL
2016-04-02T01:15:54.000000;2016-04-02T01:15:54.763000;5d6cc78e-7da6-45a6-b082-4c0180d68f52;11.599;21.8051;BUY
2016-04-02T01:19:41.000000;2016-04-02T01:19:41.490000;35862e38-ea89-4b79-bc86-e7126a1382e4;11.56;0.44950205;SELL
2016-04-02T01:19:42.000000;2016-04-02T01:19:42.430000;652456bf-eebf-4a37-90cf-6db68e33397f;11.56;0.44950205;SELL
2016-04-02T01:19:42.000000;2016-04-02T01:19:42.443000;b1d96f23-b5c2-48db-88c3-7dbd2da2bb8b;11.56;0.44950205;SELL
2016-04-02T01:19:42.000000;2016-04-02T01:19:42.490000;ef17877e-2e71-410a-91d5-613ba38ab9d8;11.56;0.54949795;SELL
2016-04-02T01:19:44.000000;2016-04-02T01:19:44.053000;a90f2a2e-b229-4602-8b81-48a45088087c;11.56;0.44950205;SELL
2016-04-02T01:19:44.000000;2016-04-02T01:19:44.237000;4597c2c3-0608-4314-a2df-689202d54752;11.56;0.44950205;SELL
2016-04-02T01:19:44.000000;2016-04-02T01:19:44.497000;6fa44228-b147-4ad5-9838-d4af542b9f16;11.56;0.44950205;SELL
2016-04-02T01:19:44.000000;2016-04-02T01:19:44.507000;40e92715-271e-4b11-a016-67de9b37a84b;11.56;0.44950205;SELL
2016-04-02T01:19:46.000000;2016-04-02T01:19:46.617000;097b1949-b89d-4853-b661-f4c7e00e38df;11.56;0.44950205;SELL
2016-04-02T01:21:52.000000;2016-04-02T01:21:52.203000;d201b692-8eca-4e55-8c53-f388ce68a1bd;11.56;2.699712;SELL
2016-04-02T01:23:55.000000;2016-04-02T01:23:55.173000;4b323833-96fc-45b9-9f7e-46f57f34ee67;11.56;19.490288;SELL
2016-04-02T01:24:22.000000;2016-04-02T01:24:22.083000;c031197c-ed5b-41a9-b42f-bf8b5f36f730;11.56;1.73481176;SELL
2016-04-02T01:24:30.000000;2016-04-02T01:24:30.813000;39624aad-c7da-4578-a76b-0e40a5e6a60d;11.56;1.92967389;SELL
2016-04-02T01:34:50.000000;2016-04-02T01:34:50.353000;0001a72d-a524-4851-b139-a389705b43cb;11.55;11.03927127;BUY
2016-04-02T01:36:13.000000;2016-04-02T01:36:13.763000;b91ce8fd-d974-476b-b604-d07ad8874567;11.55;15.0;BUY
2016-04-02T01:37:06.000000;2016-04-02T01:37:06.797000;2c94a6d7-a92a-4eb5-b71b-258fb8d49036;11.568;4.06127659;BUY
2016-04-02T02:04:33.000000;2016-04-02T02:04:33.233000;e71442c7-32ef-454f-94ca-10af904ed5b6;11.561;2.329114;BUY
2016-04-02T02:04:33.000000;2016-04-02T02:04:33.240000;489285fb-7d11-4da2-9a17-6080b7d30b7b;11.666;0.3503;BUY
2016-04-02T02:04:33.000000;2016-04-02T02:04:33.240000;f5a19909-be84-4db6-8ac7-c60ffeba4168;11.708;6.62096775;BUY
2016-04-02T02:13:53.000000;2016-04-02T02:13:53.270000;e4f872a0-5cd0-4313-a0ed-8173c6fa7ab2;11.522;11.301249;SELL
2016-04-02T02:55:22.000000;2016-04-02T02:55:22.973000;cc0f9da4-5635-4708-9045-ca2e0185075a;11.52;6.4496426;SELL
2016-04-02T02:55:45.000000;2016-04-02T02:55:45.283000;09799b64-2c0d-4206-b56f-d3ebed38d2f8;11.52;20.48699212;SELL
2016-04-02T03:03:46.000000;2016-04-02T03:03:46.110000;3d097ad4-e925-4641-ac9d-fd301763042c;11.52;1.06799264;SELL
2016-04-02T03:03:46.000000;2016-04-02T03:03:46.953000;73280a1f-a058-45a9-be13-75fc0ef2cb31;11.52;1.06799266;SELL
2016-04-02T03:03:48.000000;2016-04-02T03:03:48.853000;9c667256-2f98-41e2-bd94-5dac42b4470d;11.52;0.92737998;SELL
2016-04-02T03:07:29.000000;2016-04-02T03:07:29.367000;774ffbf6-f01c-4fc1-a0d8-0eacc908f489;11.511;18.1293;SELL
2016-04-02T03:18:24.000000;2016-04-02T03:18:24.170000;ebcce2cd-2816-49e7-9ee9-42454f05d040;11.501;14.9611007;SELL
2016-04-02T03:18:24.000000;2016-04-02T03:18:24.563000;818c9414-9d6b-4e94-9377-8e48411f48c4;11.501;8.5366993;SELL
2016-04-02T03:18:24.000000;2016-04-02T03:18:24.573000;1c6b1a44-f6d4-4a39-a133-73b915c25025;11.5;50.0;SELL
2016-04-02T03:18:24.000000;2016-04-02T03:18:24.583000;3b79a8db-ed73-4c9c-bb47-d8efbbbcdb9f;11.491;2.5;SELL
2016-04-02T03:18:24.000000;2016-04-02T03:18:24.583000;82cf8c02-ef20-473a-9de2-8cd9ba38c8b0;11.49;15.86842222;SELL
2016-04-02T03:32:04.000000;2016-04-02T03:32:04.733000;a868035e-9ffc-4bb0-b06c-27a97d74a024;11.49;14.449952;SELL
2016-04-02T03:48:44.000000;2016-04-02T03:48:44.483000;01581bf0-89a2-433d-be97-f2d9f11a282b;11.49;32.21403456;SELL
2016-04-02T03:48:46.000000;2016-04-02T03:48:46.793000;6c7b29ea-0cef-429a-acec-c5479b076aae;11.49;32.21521668;SELL
2016-04-02T03:48:54.000000;2016-04-02T03:48:54.370000;602f4a3b-2757-4789-8513-b276c32795fe;11.49;1.04708714;SELL
2016-04-02T03:49:56.000000;2016-04-02T03:49:56.443000;48bc3308-e803-409f-83ef-3665b597cfb4;11.49;32.23887738;SELL
2016-04-02T03:49:56.000000;2016-04-02T03:49:56.980000;5a87b2ad-ed5a-412a-b95f-dd084187d640;11.49;32.23769352;SELL
2016-04-02T03:49:57.000000;2016-04-02T03:49:57.520000;88bc9fe1-0445-461b-8fbe-87662e8e1ef0;11.49;32.23769352;SELL
2016-04-02T03:49:58.000000;2016-04-02T03:49:58.170000;53b11aa4-b9b5-4f18-a20b-cc6cef54898e;11.49;0.58759636;SELL
2016-04-02T03:49:59.000000;2016-04-02T03:49:59.167000;0170eac9-64dc-43be-b9b8-75657fe253e1;11.49;0.58759636;SELL
2016-04-02T03:55:19.000000;2016-04-02T03:55:19.287000;e90e77b9-773f-4ced-b527-964fdc7b9ed0;11.49;3.42874251;SELL
2016-04-02T03:58:44.000000;2016-04-02T03:58:44.890000;91db9010-61af-4bc3-aced-660d09e234d0;11.49;32.67234437;SELL
2016-04-02T03:58:57.000000;2016-04-02T03:58:58.047000;b347ee4b-17f8-4300-80cb-018639e2f84c;11.49;29.81474338;SELL
2016-04-02T06:03:58.000000;2016-04-02T06:03:58.563000;fc516064-bf70-4d42-a40d-1bb6b7cd5942;11.513;32.70939223;BUY
2016-04-02T06:03:58.000000;2016-04-02T06:03:58.573000;f3453351-8ab6-4c02-95f7-51b97e703a04;11.514;2.334542;BUY
2016-04-02T06:03:58.000000;2016-04-02T06:03:58.577000;d056b99e-a6ce-40b9-940b-a7c661dc0dc7;11.548;0.85;BUY
2016-04-02T06:03:58.000000;2016-04-02T06:03:58.610000;689c1405-ff9e-469f-bf7b-4d2a3207effd;11.569;2.5;BUY
2016-04-02T06:03:58.000000;2016-04-02T06:03:58.610000;94a6f53d-2c5b-4b68-bb81-42b4cc0f6e1a;11.57;10.0;BUY
2016-04-02T06:03:58.000000;2016-04-02T06:03:58.803000;4f40d5d5-8bb6-48d8-8300-537f7cc029ba;11.603;0.3503;BUY
2016-04-02T06:03:58.000000;2016-04-02T06:03:58.813000;8cc77d7f-4fd0-46c6-9ac7-26f21a8406e0;11.692;1.25576577;BUY
2016-04-02T06:04:21.000000;2016-04-02T06:04:21.223000;c7336a12-ef22-4b1b-8014-1bdd0f3bb9a5;11.512;32.71223356;BUY
2016-04-02T06:04:21.000000;2016-04-02T06:04:21.223000;df8f230a-a740-4845-99ae-ebf42cd6691a;11.605;0.3503;BUY
2016-04-02T06:04:21.000000;2016-04-02T06:04:21.263000;8e4d7e93-489e-4924-902c-01236d618021;11.692;0.93746644;BUY
2016-04-02T06:12:50.000000;2016-04-02T06:12:50.733000;4d217ec0-dab3-4d00-8066-65ab6d1f0fe7;11.45;13.09260442;SELL
2016-04-02T06:52:02.000000;2016-04-02T06:52:02.460000;ee611374-65af-49bf-97a3-208a0c90d453;11.451;0.4;SELL
2016-04-02T06:52:02.000000;2016-04-02T06:52:02.473000;c29776b7-b5f1-4783-89ed-3a55ee08d5fb;11.45;393.6;SELL
2016-04-02T06:52:24.000000;2016-04-02T06:52:24.500000;202e52aa-264b-438a-8599-14029ab6c355;11.534;0.1;BUY
2016-04-02T06:52:24.000000;2016-04-02T06:52:24.503000;3747ac1b-18b0-4943-8de8-627ce1e61f53;11.534;0.3;BUY
2016-04-02T06:52:24.000000;2016-04-02T06:52:24.513000;f7c7cb8c-33bf-4c02-b6f9-654bb67b447a;11.535;2.355892;BUY
2016-04-02T06:52:24.000000;2016-04-02T06:52:24.540000;a64eb8e9-6e37-484f-bad9-46afa46cbd7b;11.581;31.81765207;BUY
2016-04-02T06:52:24.000000;2016-04-02T06:52:24.540000;7cd0f487-4040-4ab6-9557-8f3a4c977a1f;11.581;9.423568;BUY
2016-04-02T06:52:24.000000;2016-04-02T06:52:24.540000;6cff9945-c354-4214-9629-299c57f49d9a;11.598;0.3503;BUY
2016-04-02T06:52:24.000000;2016-04-02T06:52:24.547000;b9faa034-32a9-4398-a58d-b868834f871d;11.65;97.064;BUY
2016-04-02T06:52:24.000000;2016-04-02T06:52:24.577000;28554ff2-7912-4310-8d2d-99854e56d1b8;11.651;98.36;BUY
2016-04-02T06:52:24.000000;2016-04-02T06:52:24.577000;4b3092d8-ded8-433d-a185-38e58b9cd80f;11.651;60.6135;BUY
2016-04-02T06:52:24.000000;2016-04-02T06:52:24.577000;10f7771a-b7bd-4a14-947b-1cd834a0ebdf;11.67;23.4978;BUY
2016-04-02T06:52:24.000000;2016-04-02T06:52:24.577000;fd36d8fb-3ff7-42a3-8a2d-0726f145a7bb;11.692;0.47940275;BUY
2016-04-02T06:52:24.000000;2016-04-02T06:52:24.590000;0e8b7e84-a06a-4287-94b0-f4a64f4bc23e;11.708;35.63788518;BUY
2016-04-02T07:50:49.000000;2016-04-02T07:50:49.203000;3838097b-19ae-4e36-ada9-3758eb1f4813;11.45;1.0;SELL
2016-04-02T07:56:11.000000;2016-04-02T07:56:11.670000;56e75609-e5b2-47c1-ad4b-02bb52d065d2;11.45;21.49155325;SELL
2016-04-02T07:56:12.000000;2016-04-02T07:56:12.173000;194e0e31-0663-4927-b971-dbdf5f9542ce;11.45;21.48838165;SELL
2016-04-02T07:56:15.000000;2016-04-02T07:56:15.173000;d684bd3d-f3ad-48bc-89aa-1ad0a523eb9b;11.45;21.48441846;SELL
2016-04-02T07:56:15.000000;2016-04-02T07:56:16.090000;e7cab859-b08e-4f21-aaf4-090ae41c8701;11.45;21.55438474;SELL
2016-04-02T07:56:17.000000;2016-04-02T07:56:17.703000;bb1ef86b-10e3-4cee-8875-3ad688745844;11.45;21.54340751;SELL
2016-04-02T07:56:18.000000;2016-04-02T07:56:18.563000;3462b10a-138b-4dd6-89a8-742c38695d93;11.45;21.55438474;SELL
2016-04-02T07:56:19.000000;2016-04-02T07:56:19.620000;a11b0d1b-3ed2-48bd-800c-69e10cf8d7df;11.45;21.54340751;SELL
2016-04-02T07:56:20.000000;2016-04-02T07:56:20.287000;57cef8f4-4055-41b6-8397-6be222ee65c9;11.45;21.54340751;SELL
2016-04-02T07:56:20.000000;2016-04-02T07:56:20.553000;3775b287-a85a-4204-b058-cf0edb168c2c;11.45;9.8;SELL
2016-04-02T07:56:20.000000;2016-04-02T07:56:20.593000;0e3c0997-9d9d-4d4a-9fae-63d5bf78c53f;11.45;21.54340751;SELL
2016-04-02T07:56:22.000000;2016-04-02T07:56:22.820000;c95c34b4-d6c3-4eaf-ac0d-8f289c024ad2;11.45;21.54340751;SELL
2016-04-02T07:56:25.000000;2016-04-02T07:56:25.553000;8ece831c-f71c-4b87-a5e0-94cdfb8fe3ef;11.45;21.54261117;SELL
2016-04-02T07:58:53.000000;2016-04-02T07:58:53.530000;78b4ede8-9004-4b93-a2b5-05d4f4ccaf88;11.45;21.46011194;SELL
2016-04-02T07:59:06.000000;2016-04-02T07:59:06.887000;61d464c1-2910-443d-818e-37ce5cf6acbf;11.45;0.54949795;SELL
2016-04-02T07:59:07.000000;2016-04-02T07:59:07.417000;ad724e24-1837-4af2-8249-e220092c51ec;11.45;0.54949795;SELL
2016-04-02T07:59:59.000000;2016-04-02T07:59:59.707000;43ba207a-7626-4aa2-a7b0-d9ddf449c1de;11.45;0.36760778;SELL
2016-04-02T07:59:59.000000;2016-04-02T07:59:59.713000;2f2e6a36-43b4-42ab-a30c-f36a80a48ef2;11.45;0.18189816;SELL
2016-04-02T08:01:21.000000;2016-04-02T08:01:21.690000;6dc62191-5cc4-4a3e-8bbc-6ea111533f92;11.45;0.53363975;SELL
2016-04-02T08:01:22.000000;2016-04-02T08:01:22.757000;3df6f464-9145-4f83-aa65-8a3b6caf9a4e;11.45;0.36802741;SELL
2016-04-02T08:01:27.000000;2016-04-02T08:01:27.060000;9c51f438-e7b1-4e86-a46a-21ba3b1aad8e;11.45;0.36802741;SELL
2016-04-02T08:01:34.000000;2016-04-02T08:01:34.530000;84309010-587f-4cd1-8002-7d689a204c33;11.45;3.3807447;SELL
2016-04-02T08:04:37.000000;2016-04-02T08:04:37.703000;807dcc8c-f865-4959-8d8f-017bebd6c1ad;11.45;21.48780547;SELL
2016-04-02T08:04:37.000000;2016-04-02T08:04:37.717000;2622b175-9e8b-4c3f-a86d-582557bdfa75;11.45;21.49176752;SELL
2016-04-02T08:04:40.000000;2016-04-02T08:04:40.113000;6e8a280e-e730-4316-9a30-887e7a77456a;11.45;21.49176752;SELL
2016-04-02T08:04:51.000000;2016-04-02T08:04:51.867000;0364ba9c-13f1-48fe-92c8-3d6bbea8979f;11.45;21.48780547;SELL
2016-04-02T08:04:55.000000;2016-04-02T08:04:55.513000;3c338dc1-c7f3-408d-9825-80464d6b0b2e;11.45;21.48780547;SELL
2016-04-02T08:05:51.000000;2016-04-02T08:05:51.790000;f0ba1e1e-bc83-4e22-a63f-6d1809ee3034;11.482;8.5996;BUY
2016-04-02T08:09:54.000000;2016-04-02T08:09:54.530000;ca4866f0-dbfd-4b01-bd22-a7346f736c43;11.45;4.95894853;SELL
2016-04-02T08:56:52.000000;2016-04-02T08:56:52.770000;427374a1-92da-4d23-99de-29e633cc3063;11.45;2.11627465;SELL
2016-04-02T09:00:34.000000;2016-04-02T09:00:35.027000;46839f6d-d8c9-47e2-9526-880e365648fa;11.45;2.72307457;SELL
2016-04-02T09:00:38.000000;2016-04-02T09:00:38.993000;48b01648-fd0d-46c4-9af3-6ab6af8135a5;11.45;1.33595528;SELL
2016-04-02T09:00:56.000000;2016-04-02T09:00:56.933000;21d7dd69-fa07-452d-a5de-fa48b35f6a28;11.45;0.96169982;SELL
2016-04-02T09:07:27.000000;2016-04-02T09:07:28.013000;80f4b015-de69-4929-a49a-38ec99aec196;11.45;5.51876829;SELL
2016-04-02T10:33:46.000000;2016-04-02T10:33:46.303000;38b3292e-f14a-4837-b0f4-15d4d30ad81b;11.511;0.25;BUY
2016-04-02T10:38:44.000000;2016-04-02T10:38:44.230000;573c84c0-c29f-4f8d-9355-9c9bd3ec4005;11.451;0.1;SELL
2016-04-02T10:59:09.000000;2016-04-02T10:59:09.237000;19845b29-823e-4e20-83e9-a4e6c297d347;11.45;0.54950594;SELL
2016-04-02T11:14:31.000000;2016-04-02T11:14:31.283000;b1b2cc63-b14e-4a5e-bfaa-034bd92dc428;11.451;10.79251523;SELL
2016-04-02T11:19:38.000000;2016-04-02T11:19:38.990000;a145ab94-9cbe-4e03-a8ee-647fc5606386;11.45;9.45049406;SELL
2016-04-02T11:19:38.000000;2016-04-02T11:19:39.007000;36fbfa0b-2500-438b-b322-d28d74a553bd;11.45;3.40765143;SELL
2016-04-02T11:19:39.000000;2016-04-02T11:19:39.683000;83559db4-28ba-4d5f-9783-34325f9145b8;11.45;12.85814549;SELL
2016-04-02T11:19:40.000000;2016-04-02T11:19:40.190000;66475196-6831-492d-b959-462742be24dc;11.45;6.32838121;SELL
2016-04-02T11:33:34.000000;2016-04-02T11:33:34.697000;6b9f90ab-80e5-4047-9532-b463f1907534;11.46;0.5;BUY
2016-04-02T11:59:51.000000;2016-04-02T11:59:51.790000;1ea65de1-aa7a-452a-8460-1f2e32b7b83c;11.496;0.54950594;BUY
2016-04-02T11:59:51.000000;2016-04-02T11:59:51.800000;3df2b6f9-efa2-4d57-8b87-573b8e77dd24;11.497;2.353637;BUY
2016-04-02T11:59:51.000000;2016-04-02T11:59:51.817000;ef23d33d-360c-438d-9333-b2640e97034f;11.511;12.30863955;BUY
2016-04-02T11:59:51.000000;2016-04-02T11:59:51.840000;b40a0fd5-c50d-4bec-bbf0-588a28771ac7;11.512;0.54950043;BUY
2016-04-02T11:59:51.000000;2016-04-02T11:59:51.840000;d7bd8298-d3df-410d-af06-b27d8352c594;11.565;0.1;BUY
2016-04-02T11:59:51.000000;2016-04-02T11:59:51.840000;e7292db9-c7a6-49f3-987c-077b77129370;11.565;0.1;BUY
2016-04-02T11:59:51.000000;2016-04-02T11:59:51.840000;104f23cb-a497-4e03-9321-d671b1c6d72d;11.565;0.1;BUY
2016-04-02T11:59:51.000000;2016-04-02T11:59:51.840000;35e0ef22-50a2-482c-b17a-020e6aaba684;11.573;0.3503;BUY
2016-04-02T11:59:51.000000;2016-04-02T11:59:51.860000;4e2df0f9-86ba-44f4-974f-f3ef163e6354;11.6;8.5824008;BUY
2016-04-02T11:59:51.000000;2016-04-02T11:59:51.877000;ad4c858c-d1d4-404f-89c8-77deb260f0a8;11.6;35.98924154;BUY
2016-04-02T11:59:52.000000;2016-04-02T11:59:52.513000;8b767a73-363d-4706-991f-9e08cf8988d2;11.61;0.01677474;SELL
2016-04-02T11:59:57.000000;2016-04-02T11:59:57.743000;61703697-a185-44c2-a802-329d05debfdc;11.45;0.3503;SELL
2016-04-02T13:00:46.000000;2016-04-02T13:00:46.340000;88759cab-32ad-46e0-a750-a1fba43e8da1;11.55;0.36435569;SELL
2016-04-02T13:00:49.000000;2016-04-02T13:00:49.340000;a1acc64a-fea0-4d3a-a270-c9107dccfd0a;11.55;0.36435569;SELL
2016-04-02T13:00:50.000000;2016-04-02T13:00:50.733000;e6e7a68f-3da2-4329-8f82-66d3d61e1e6a;11.55;0.36435569;SELL
2016-04-02T13:04:31.000000;2016-04-02T13:04:31.937000;cddb964a-608e-4ece-adb3-91664901e791;11.55;0.90693293;SELL
2016-04-02T13:07:09.000000;2016-04-02T13:07:09.277000;00c72a23-8a22-4a65-ad72-79d844a1898b;11.573;2.0;BUY
2016-04-02T15:00:19.000000;2016-04-02T15:00:19.817000;a5ef98e8-49fe-43b3-9b32-5cb7f3b3778a;11.52;0.7289236;BUY
2016-04-02T15:00:19.000000;2016-04-02T15:00:19.830000;7e0ff485-be65-4b4e-9dda-775f695b8ff6;11.521;51.4824;BUY
2016-04-02T15:00:19.000000;2016-04-02T15:00:19.837000;cd7839ae-8d11-473a-a709-2a6b08d4fb66;11.525;12.12921321;BUY
2016-04-02T15:00:19.000000;2016-04-02T15:00:19.867000;5bc3dc38-fa59-41a1-bde9-fb747c58e0ca;11.526;2.34863;BUY
2016-04-02T15:00:19.000000;2016-04-02T15:00:19.867000;af7f787c-e7f9-41bd-a6fc-62471fc2b5af;11.573;0.1;BUY
2016-04-02T15:00:19.000000;2016-04-02T15:00:19.867000;37b144bd-8895-4184-aaf5-e3448c98917f;11.573;0.1;BUY
2016-04-02T15:00:19.000000;2016-04-02T15:00:19.867000;02fc14cb-3e04-467c-8784-f4a7b6436698;11.587;0.1;BUY
2016-04-02T15:00:19.000000;2016-04-02T15:00:19.870000;9e20b6a7-e1d6-4791-9804-2f9424ebfc71;11.587;0.1;BUY
2016-04-02T15:00:19.000000;2016-04-02T15:00:19.870000;9353b343-f172-4f1a-b622-087b5e4cd655;11.594;12.85814549;BUY
2016-04-02T15:00:19.000000;2016-04-02T15:00:19.907000;075322a3-cc2b-4376-ac5b-062c73c193f0;11.595;0.1;BUY
2016-04-02T15:00:19.000000;2016-04-02T15:00:19.907000;d9b9c92c-8d80-464b-956d-17c9bd1c068c;11.617;0.1;BUY
2016-04-02T15:00:19.000000;2016-04-02T15:00:19.907000;b460d5eb-6506-44f1-b974-0add6682c864;11.618;0.1;BUY
2016-04-02T15:00:19.000000;2016-04-02T15:00:19.907000;45084275-e6b5-4c1c-84a7-9231798cd327;11.685;15.7526877;BUY
2016-04-02T15:01:05.000000;2016-04-02T15:01:05.610000;118ec0ff-365b-4933-8ad0-0346c8f68489;11.65;6.0386761;SELL
2016-04-02T15:01:06.000000;2016-04-02T15:01:06.637000;36dc0093-588e-484d-86ec-ec03b5e96958;11.65;6.08095216;SELL
2016-04-02T15:01:07.000000;2016-04-02T15:01:07.187000;708563e1-fa43-4943-8cd1-a6b778b3a94b;11.65;10.4;SELL
2016-04-02T15:01:07.000000;2016-04-02T15:01:07.263000;3d7ec776-4471-4da1-8ab9-012d8da7fa16;11.65;27.48037174;SELL
2016-04-02T15:01:10.000000;2016-04-02T15:01:10.443000;d3fa966f-be25-42d8-ad90-1b1d01f86ed1;11.501;16.48095216;SELL
2016-04-02T15:01:38.000000;2016-04-02T15:01:38.350000;7b5ce4c6-5985-4f97-9f3a-eb85af253f35;11.55;17.63445465;SELL
2016-04-02T15:01:38.000000;2016-04-02T15:01:38.420000;6ff1435e-c795-4a5e-9b4a-8f7445eabe2a;11.55;23.10421575;SELL
2016-04-02T15:01:38.000000;2016-04-02T15:01:38.460000;d8676fe0-1c77-4ea5-8350-ddfc1570f95c;11.55;3.01359335;SELL
2016-04-02T15:01:38.000000;2016-04-02T15:01:38.493000;24b2d45b-61f3-4b89-b28a-21f08c4b6a18;11.55;6.24773625;SELL
2016-04-02T15:01:39.000000;2016-04-02T15:01:39.113000;2c371a86-accf-43a0-adf6-5ce15264245f;11.5;6.61040924;SELL
2016-04-02T15:09:25.000000;2016-04-02T15:09:25.530000;44b6ae24-e3a1-428f-8d67-7a02d7375c90;11.48;2.35735926;SELL
2016-04-02T15:09:45.000000;2016-04-02T15:09:45.593000;95274d48-b298-484d-a622-6c05865765e3;11.48;0.36571428;SELL
2016-04-02T15:09:46.000000;2016-04-02T15:09:46.610000;7a4b2f29-58a0-4603-8555-e701e186cfbd;11.48;0.36571428;SELL
2016-04-02T15:10:14.000000;2016-04-02T15:10:14.990000;aa206f7d-3e8c-4d60-a3b3-951e3ea1a331;11.48;1.91121218;SELL
2016-04-02T15:10:30.000000;2016-04-02T15:10:30.890000;c438625c-30cc-4358-9156-60fbad4ea2dd;11.47;1.01552124;SELL
2016-04-02T15:10:33.000000;2016-04-02T15:10:33.427000;e8fe55f2-05ff-42df-91f0-9fdf88e2449d;11.47;3.98447876;SELL
2016-04-02T15:10:36.000000;2016-04-02T15:10:36.563000;7bcdf306-36af-44f5-8fc6-d730cc718d7b;11.461;1.01552124;SELL
2016-04-02T15:28:26.000000;2016-04-02T15:28:26.610000;c445375e-e067-4587-bd03-7e713a404804;11.461;3.34707876;SELL
2016-04-02T15:28:26.000000;2016-04-02T15:28:26.973000;be441334-cb4f-4724-ace2-c11ea5ab22ee;11.454;0.1;SELL
2016-04-02T15:28:26.000000;2016-04-02T15:28:26.990000;ddc03ada-7216-4029-881f-2933ea4f3201;11.451;0.1;SELL
2016-04-02T15:28:26.000000;2016-04-02T15:28:27.000000;b0ae57e4-8282-4bfa-9a4a-421d2156ae2e;11.451;3.0;SELL
2016-04-02T15:28:26.000000;2016-04-02T15:28:27.027000;0a80a8ba-f11d-403b-b819-363850777b69;11.45;27.05552187;SELL
2016-04-02T15:28:26.000000;2016-04-02T15:28:27.027000;ef0dff6a-3b0a-417e-90d9-7e375ae62d50;11.436;50.37217022;SELL
2016-04-02T16:05:39.000000;2016-04-02T16:05:39.197000;4dcba094-b80e-45e2-ad9a-72b836835375;11.466;0.162867;BUY
2016-04-02T16:30:46.000000;2016-04-02T16:30:46.473000;7aca01a2-13bf-4e02-b7b3-0780e9432839;11.477;0.16909;SELL
2016-04-02T16:30:48.000000;2016-04-02T16:30:48.943000;315271ed-aba8-4e6b-9e2d-9cb1bfcb8c17;11.477;0.174497;BUY
2016-04-02T16:31:04.000000;2016-04-02T16:31:04.973000;4c9a3175-d996-4aef-b98a-8850b89fe354;11.478;0.170456;SELL
2016-04-02T16:31:05.000000;2016-04-02T16:31:05.737000;744bf1bc-eff6-4d74-b916-a40194a3fe9a;11.478;0.162439;BUY
2016-04-02T16:31:39.000000;2016-04-02T16:31:39.540000;92667560-6352-4bb5-adc5-008e2263b5c0;11.483;0.17099;SELL
2016-04-02T16:31:51.000000;2016-04-02T16:31:51.617000;6ce53e18-9111-4abc-9c2c-4a757c56ee2d;11.484;0.171017;SELL
2016-04-02T16:31:59.000000;2016-04-02T16:31:59.707000;7e61ca8f-0eb9-4b4a-83a9-26c5b422e8b7;11.484;0.174326;SELL
2016-04-02T16:32:20.000000;2016-04-02T16:32:20.057000;cac155d1-e9a8-4cd8-a44d-ce9cbaa6aeec;11.486;0.166092;SELL
2016-04-02T16:33:23.000000;2016-04-02T16:33:23.317000;d44579e6-51ea-4074-828d-9141a90c9652;11.457;0.161853;SELL
2016-04-02T16:33:23.000000;2016-04-02T16:33:23.827000;f3ef959d-0bec-4399-b047-5e47507afd89;11.453;0.164777;SELL
2016-04-02T16:33:24.000000;2016-04-02T16:33:24.157000;38f42200-46a1-4f99-a936-0148268a0df5;11.444;0.22816582;SELL
2016-04-02T16:40:36.000000;2016-04-02T16:40:36.793000;480f1505-3847-4302-b58e-0de68df0ed22;11.515;0.17217;BUY
2016-04-02T16:40:50.000000;2016-04-02T16:40:50.867000;15b9d280-0f83-41f5-8046-53b87e1122a7;11.515;0.169485;BUY
2016-04-02T16:41:05.000000;2016-04-02T16:41:05.560000;b14e914e-fb0c-4409-a91a-f8abfc2c2e9a;11.515;0.173587;BUY
2016-04-02T16:41:20.000000;2016-04-02T16:41:20.653000;d6c65728-4f0d-4d80-be1c-662a1c791fb5;11.515;0.152373;BUY
2016-04-02T16:41:27.000000;2016-04-02T16:41:27.217000;7f774d14-7c10-4665-afa7-153bbbc4bbfd;11.515;0.165538;BUY
2016-04-02T16:41:39.000000;2016-04-02T16:41:39.127000;3a092c32-8d48-4d91-a9a1-1f83d7d55426;11.515;0.168754;BUY
2016-04-02T16:49:27.000000;2016-04-02T16:49:27.347000;f675eb92-cd3a-4dce-bd0d-b096da17f92c;11.51;0.79671017;BUY
2016-04-02T16:49:45.000000;2016-04-02T16:49:45.680000;919406f3-f9f8-4d55-b758-157c4386ca8b;11.534;0.158014;BUY
2016-04-02T16:50:14.000000;2016-04-02T16:50:14.873000;17a0dadd-103c-43ef-9498-2f3ebd10dd3f;11.534;0.167625;BUY
2016-04-02T16:52:30.000000;2016-04-02T16:52:30.793000;120a2819-d453-4663-949f-4659696e6461;11.546;0.1;BUY
2016-04-02T16:52:30.000000;2016-04-02T16:52:30.807000;587546bb-bb04-43e9-9187-45903355d630;11.546;0.071923;BUY
2016-04-02T16:52:44.000000;2016-04-02T16:52:44.270000;a5a058b8-e43e-497f-b099-92a3a5a39324;11.546;0.028077;BUY
2016-04-02T16:58:18.000000;2016-04-02T16:58:18.787000;4b869284-24f3-4b48-aa3c-f2d2ed5f5a03;11.55;0.169137;BUY
2016-04-02T16:58:26.000000;2016-04-02T16:58:27.250000;186652e9-c5e6-4933-8d92-673aa28ca636;11.55;0.171698;BUY
2016-04-02T17:02:14.000000;2016-04-02T17:02:14.280000;aec588a6-41dd-4a79-9920-87917268e928;11.55;3.173565;BUY
2016-04-02T17:02:14.000000;2016-04-02T17:02:14.293000;27d4ac37-f5d5-433b-bf9e-671de8cbecfe;11.55;1.215635;BUY
2016-04-02T17:04:12.000000;2016-04-02T17:04:12.673000;2989a23f-7936-42ce-b046-246fc4837ae9;11.543;0.164198;SELL
2016-04-02T17:04:53.000000;2016-04-02T17:04:53.287000;6a02f85a-3aa0-4048-94df-73a43ffe2436;11.54;0.17011;SELL
2016-04-02T17:06:24.000000;2016-04-02T17:06:24.637000;f972f00a-ebed-4f93-b80a-5681cf9ed71c;11.542;0.16862;BUY
2016-04-02T17:06:34.000000;2016-04-02T17:06:35.037000;acf39c40-2b4a-4566-8452-ea94b7aa857c;11.541;0.17175;BUY
2016-04-02T17:06:40.000000;2016-04-02T17:06:40.320000;1ae16c25-5c27-4638-88e9-1b618de643a3;11.541;0.170065;SELL
2016-04-02T17:06:57.000000;2016-04-02T17:06:57.050000;e049ea86-5fe2-4900-9c3b-cbc12305e3f3;11.54;0.171482;BUY
2016-04-02T17:07:14.000000;2016-04-02T17:07:14.553000;017db48c-ddae-4daf-8208-cdc2af433639;11.541;0.164162;BUY
2016-04-02T17:07:31.000000;2016-04-02T17:07:31.060000;a31ab625-1b44-4714-ab1d-3d75bf8ddb12;11.541;0.149784;BUY
2016-04-02T17:07:41.000000;2016-04-02T17:07:41.880000;e1ceabad-0032-479b-8304-060ad9c6c187;11.542;0.1687;BUY
2016-04-02T17:11:22.000000;2016-04-02T17:11:22.883000;699e86df-1f10-483c-a6f4-5a91cb8a19ad;11.53;0.16537;SELL
2016-04-02T17:11:22.000000;2016-04-02T17:11:22.903000;04f29dd3-a2dd-426b-aa8a-0f118aed5703;11.51;4.20328983;SELL
2016-04-02T17:11:22.000000;2016-04-02T17:11:22.907000;93e4a5fa-01f2-4531-b2a8-ecefaeb90b12;11.51;0.3266;SELL
2016-04-02T17:11:55.000000;2016-04-02T17:11:55.490000;2e3a12e5-26f2-4fce-ad48-0604b146ff58;11.522;0.170322;SELL
2016-04-02T17:11:55.000000;2016-04-02T17:11:55.490000;26a4dc3b-c3b0-45ad-876a-ff8cb7c2f89e;11.522;0.029678;SELL
2016-04-02T17:15:07.000000;2016-04-02T17:15:07.560000;eb857a64-1044-45cf-85fd-63419f11550b;11.535;1.2317;BUY
2016-04-02T17:16:01.000000;2016-04-02T17:16:01.453000;69195dba-9092-4093-b0f3-dd659d2093e6;11.534;0.162797;BUY
2016-04-02T17:16:16.000000;2016-04-02T17:16:16.753000;24ab9431-a669-499d-b578-a7f9f1e07183;11.534;0.166647;BUY
2016-04-02T17:16:24.000000;2016-04-02T17:16:24.787000;6c806dd1-1805-4922-8ce5-d36468a95a76;11.534;0.160396;BUY
2016-04-02T17:24:28.000000;2016-04-02T17:24:28.973000;742fe978-f553-4436-afd5-0e43e45c9acf;11.528;0.157934;BUY
2016-04-02T17:24:48.000000;2016-04-02T17:24:48.970000;4d591839-8459-403d-8cf5-bd927fa14a5d;11.528;0.16957;BUY
2016-04-02T17:24:57.000000;2016-04-02T17:24:57.820000;426403ca-f984-4938-a474-b39ba6dd5b18;11.528;0.168929;BUY
2016-04-02T17:25:09.000000;2016-04-02T17:25:09.790000;fb414e85-f406-45f2-a659-5a7043b6ffc1;11.528;0.165013;BUY
2016-04-02T17:25:15.000000;2016-04-02T17:25:15.367000;2e309ea4-6837-45b1-be4d-f054f12569ce;11.528;0.168004;BUY
2016-04-02T17:25:25.000000;2016-04-02T17:25:25.090000;8eeeb37a-5348-4aab-afe0-a91162268b72;11.528;0.167047;BUY
2016-04-02T17:25:39.000000;2016-04-02T17:25:39.343000;13474eda-eec7-4147-abae-045cd3a9362c;11.528;0.157837;BUY
2016-04-02T17:31:41.000000;2016-04-02T17:31:41.510000;65d1e626-ebce-4813-be05-ad142565c172;11.521;0.166832;SELL
2016-04-02T17:31:41.000000;2016-04-02T17:31:41.523000;a785c502-4243-4825-bfa3-2708745efc54;11.513;0.168333;SELL
2016-04-02T17:31:41.000000;2016-04-02T17:31:41.650000;313e9386-26c6-4113-9681-55fc89c086b2;11.513;0.164392;BUY
2016-04-02T17:33:45.000000;2016-04-02T17:33:45.630000;537b1b9b-7683-44f7-9b44-14288bc5b03b;11.528;0.157258;BUY
2016-04-02T17:34:15.000000;2016-04-02T17:34:15.843000;7d136676-7e24-471d-8441-9c123744bd45;11.528;0.159584;BUY
2016-04-02T17:34:26.000000;2016-04-02T17:34:26.427000;1e58bec9-f278-4023-9fe4-88643900aa4b;11.528;0.156641;BUY
2016-04-02T17:34:37.000000;2016-04-02T17:34:37.643000;1c844bca-d2e7-4aed-b37c-0a8da70e3857;11.528;0.166907;BUY
2016-04-02T17:34:50.000000;2016-04-02T17:34:50.480000;245e58f1-4bda-4293-be45-8ab9b47baef9;11.528;0.168279;BUY
2016-04-02T17:42:42.000000;2016-04-02T17:42:42.703000;483e1ad5-74bb-4479-ba19-13a52a40caf7;11.528;0.166533;BUY
2016-04-02T17:42:50.000000;2016-04-02T17:42:50.797000;420f3f50-bafb-4a89-97b0-02717965f10c;11.527;0.164759;BUY
2016-04-02T17:42:53.000000;2016-04-02T17:42:53.980000;0f57bd7f-fc98-4b36-b8b0-db6e26b05f08;11.526;0.164515;BUY
2016-04-02T17:43:20.000000;2016-04-02T17:43:20.627000;9581fb39-1c44-41b0-8995-8e97a34f364a;11.526;0.161502;BUY
2016-04-02T17:43:36.000000;2016-04-02T17:43:36.333000;445f5df9-f039-46a6-b0d5-186cae3f4cb7;11.526;0.164291;BUY
2016-04-02T17:43:46.000000;2016-04-02T17:43:46.880000;3011ae15-354c-4d66-9497-42cfb04b59cd;11.526;0.166992;BUY
2016-04-02T17:43:52.000000;2016-04-02T17:43:52.920000;95a14457-cd64-461b-bc37-1d6db7291e1e;11.526;0.16625;BUY
2016-04-02T17:49:02.000000;2016-04-02T17:49:02.510000;e2a68a14-3343-4924-a8ba-b182f4b1d9bd;11.521;2.0;BUY
2016-04-02T17:49:08.000000;2016-04-02T17:49:08.743000;6d992f24-504e-453d-9020-d7ba37b2d87f;11.521;5.0;BUY
2016-04-02T17:51:14.000000;2016-04-02T17:51:14.363000;182745cf-0cf8-4632-b0c4-8f66730e3e25;11.521;0.16586;BUY
2016-04-02T17:51:19.000000;2016-04-02T17:51:19.780000;c1926827-683a-44d4-98c4-5c566e761ee6;11.521;0.165486;BUY
2016-04-02T17:51:27.000000;2016-04-02T17:51:27.773000;5a0112de-067d-4cfb-aaaf-50bddabd3acd;11.521;0.166149;BUY
2016-04-02T17:51:31.000000;2016-04-02T17:51:31.783000;d8f9f0c2-21a6-47d8-ae0d-3e02ebf10604;11.521;0.161297;BUY
2016-04-02T17:51:42.000000;2016-04-02T17:51:42.367000;186afe7c-35b0-405e-8267-45c2f0facd4c;11.521;0.162964;BUY
2016-04-02T17:56:59.000000;2016-04-02T17:56:59.190000;2fdb09e1-8255-4578-88a1-cd0f9daea6c3;11.52;10.0;SELL
2016-04-02T17:57:16.000000;2016-04-02T17:57:16.510000;75580e43-41bb-48f4-9952-bbc12ca63c59;11.519;0.156892;SELL
2016-04-02T17:57:16.000000;2016-04-02T17:57:16.517000;f4ba0e7d-2c3a-41bc-9d8b-b5f455d81414;11.51;9.843108;SELL
2016-04-02T17:59:50.000000;2016-04-02T17:59:50.873000;a64edc53-0aab-4cb1-a20e-56726c9ca289;11.542;0.15443;BUY
2016-04-02T18:08:04.000000;2016-04-02T18:08:04.790000;73decfeb-340d-49c9-a1ce-676b355c00d0;11.54;0.160162;BUY
2016-04-02T18:08:39.000000;2016-04-02T18:08:39.917000;658999ba-45d4-49c7-8adf-8f3065059257;11.54;0.164879;BUY
2016-04-02T18:08:48.000000;2016-04-02T18:08:48.787000;ffddca22-bf1f-49db-a5f2-e1e2a6a3ccac;11.54;0.161494;BUY
2016-04-02T18:09:02.000000;2016-04-02T18:09:02.487000;8b697c1d-52eb-44af-be45-8b53eb453728;11.54;0.159799;BUY
2016-04-02T18:16:44.000000;2016-04-02T18:16:44.117000;96f24bb5-aaae-4b43-a1c5-dd2adaa41dfc;11.54;0.163642;BUY
2016-04-02T18:23:46.000000;2016-04-02T18:23:46.313000;aca5070c-6bba-4c8e-a3d5-390af3c349c5;11.567;0.158907;SELL
2016-04-02T18:24:35.000000;2016-04-02T18:24:35.230000;9c3631f0-92ed-473e-bfa0-45e9c8a7f5ed;11.565;0.154389;SELL
2016-04-02T18:24:43.000000;2016-04-02T18:24:43.197000;b2ac0418-99b0-4b48-8e09-10772a5d80ad;11.565;0.161771;BUY
2016-04-02T18:24:54.000000;2016-04-02T18:24:54.393000;9a612210-1713-4735-bb8a-5cc88365ca55;11.565;0.160714;BUY
2016-04-02T18:25:25.000000;2016-04-02T18:25:25.863000;73307f73-fab6-45bf-be91-2a0da8275b36;11.575;0.162335;BUY
2016-04-02T18:25:37.000000;2016-04-02T18:25:37.750000;352741bd-cead-4519-9738-7d671ab71026;11.574;0.162522;BUY
2016-04-02T18:25:52.000000;2016-04-02T18:25:52.533000;2dc7f514-c667-4f4b-831a-d6a06af01090;11.57;0.16334;BUY
2016-04-02T18:33:24.000000;2016-04-02T18:33:24.567000;01b592a6-c668-4447-905e-571caa0e45b7;11.555;0.155515;SELL
2016-04-02T18:33:28.000000;2016-04-02T18:33:28.767000;53f1def8-1c5d-414f-913d-e9a2e973c62c;11.555;0.15133;BUY
2016-04-02T18:41:12.000000;2016-04-02T18:41:12.273000;4cd5e474-f769-48f4-9e7a-d264ce5049fe;11.551;0.157862;BUY
2016-04-02T18:41:59.000000;2016-04-02T18:41:59.563000;ca0ae33a-d6ef-46ad-934f-24362e80eb30;11.551;0.163456;BUY
2016-04-02T18:42:06.000000;2016-04-02T18:42:06.757000;7258e4a7-085d-4e28-a37a-ba70819be761;11.551;0.163528;BUY
2016-04-02T18:42:16.000000;2016-04-02T18:42:16.820000;4967e21e-b6c4-49b5-a86c-8c677ac6620f;11.551;0.163378;BUY
2016-04-02T18:42:28.000000;2016-04-02T18:42:28.793000;cc33b7e1-24dc-442e-9df8-dbe984f28dc4;11.551;0.15916;BUY
2016-04-02T18:42:36.000000;2016-04-02T18:42:36.813000;397f3dc4-f96c-4b27-870d-fd8e8627ab33;11.551;0.162877;BUY
2016-04-02T18:42:47.000000;2016-04-02T18:42:47.577000;bd606b48-c52a-4318-96a3-ea29d27d0f1d;11.551;0.16279;BUY
2016-04-02T18:48:04.000000;2016-04-02T18:48:04.907000;74742a6a-a41b-4afe-952a-e131d0cbc3ac;11.568;0.162456;SELL
2016-04-02T18:48:44.000000;2016-04-02T18:48:44.957000;540534a2-cf97-4544-8fea-c2a7428d7265;11.555;0.1605;SELL
2016-04-02T18:50:24.000000;2016-04-02T18:50:24.800000;faae4ed6-22d6-42a6-87f0-6f3ffaffcba6;11.552;0.152395;BUY
2016-04-02T18:51:15.000000;2016-04-02T18:51:15.817000;f319f8a5-d142-4e45-bad5-9b10f47423a8;11.552;0.159761;BUY
2016-04-02T18:51:20.000000;2016-04-02T18:51:20.093000;4b658521-15aa-49bd-aebe-1bf05a816df3;11.552;0.158719;BUY
2016-04-02T18:51:23.000000;2016-04-02T18:51:23.843000;fb4eedd4-1bee-4a13-bc94-d6d9c2b942f4;11.552;0.155106;BUY
2016-04-02T18:51:30.000000;2016-04-02T18:51:30.903000;e053d688-65f8-458b-8ab7-4e1eafcedf77;11.552;0.159861;BUY
2016-04-02T18:51:38.000000;2016-04-02T18:51:38.630000;8e03b54f-2c4f-49b0-a749-8e9f5ba8c313;11.552;0.161674;BUY
2016-04-02T18:55:41.000000;2016-04-02T18:55:41.047000;e2d65c8f-8d12-46d9-b4f3-5dc3221bb77a;11.56;0.1;SELL
2016-04-02T18:56:37.000000;2016-04-02T18:56:37.173000;0e311e1d-2c79-48b0-8f56-412cf7ea2b8e;11.555;0.1;BUY
2016-04-02T18:56:42.000000;2016-04-02T18:56:42.627000;0f784e0d-55e0-4736-bef7-6c4f756350e9;11.555;0.1;BUY
2016-04-02T18:56:54.000000;2016-04-02T18:56:54.277000;04abbbf0-2bd6-43e0-8c8b-d92bff75c8fc;11.575;0.1;BUY
2016-04-02T18:57:05.000000;2016-04-02T18:57:06.010000;52c9f774-f117-4243-b1c9-ce137bd27dee;11.569;0.1;BUY
2016-04-02T18:57:11.000000;2016-04-02T18:57:11.863000;21c4d967-37c6-4051-9b68-8095ecf7edc6;11.567;0.1;BUY
2016-04-02T18:57:31.000000;2016-04-02T18:57:31.920000;f9124e0b-bea2-4df5-a704-f1a7d3e8ea3d;11.57;0.151574;SELL
2016-04-02T18:57:45.000000;2016-04-02T18:57:45.687000;0e944edd-728b-4790-886b-cd15edbf9712;11.57;0.160793;SELL
2016-04-02T18:57:49.000000;2016-04-02T18:57:50.010000;e48dae28-dcd5-4ea6-99f3-cef381d5604b;11.58;0.1;BUY
2016-04-02T18:58:00.000000;2016-04-02T18:58:00.297000;88faf741-01ed-4a8e-9228-3e76a45bda54;11.569;0.156686;SELL
2016-04-02T18:58:06.000000;2016-04-02T18:58:06.250000;ff8ed041-801e-4206-b80f-630bade39bc2;11.569;0.151275;SELL
2016-04-02T18:58:13.000000;2016-04-02T18:58:13.867000;fc3fc2b3-3103-46e8-998e-d183484fbce9;11.565;0.157632;SELL
2016-04-02T18:58:20.000000;2016-04-02T18:58:20.897000;42e0e15c-3c36-4a52-9eb3-487927082875;11.564;0.159672;BUY
2016-04-02T18:58:28.000000;2016-04-02T18:58:28.927000;67336cae-71ed-4d72-98a6-c67ae153365e;11.58;0.159661;BUY
2016-04-02T18:58:41.000000;2016-04-02T18:58:41.920000;9a98a6e6-69cc-48c6-a133-07ac2a83d707;11.58;0.155292;BUY
2016-04-02T18:58:55.000000;2016-04-02T18:58:55.547000;d2e03d1d-36a8-4ae3-b7b2-72d422f01ff1;11.581;0.158723;SELL
2016-04-02T18:59:03.000000;2016-04-02T18:59:03.547000;0a4b284e-35d4-4d99-8455-f64fd11b012c;11.58;0.151305;SELL
2016-04-02T18:59:07.000000;2016-04-02T18:59:07.587000;65cc04cb-2526-42de-96fb-3edb31364e34;11.579;0.1;BUY
2016-04-02T18:59:18.000000;2016-04-02T18:59:18.957000;f02d2933-91dc-469d-bf76-df18f5751755;11.582;0.152199;BUY
2016-04-02T19:00:10.000000;2016-04-02T19:00:10.837000;f164f4f7-ec42-4f7a-b5a3-96c6b9191648;11.582;0.153017;BUY
2016-04-02T19:00:19.000000;2016-04-02T19:00:19.603000;6c393fd4-bafb-4b53-a674-99851d91408c;11.582;0.161032;BUY
2016-04-02T19:00:20.000000;2016-04-02T19:00:20.427000;94dcaf8d-8e86-467e-9bfe-9fea4ceff4e1;11.57;0.1;SELL
2016-04-02T19:00:32.000000;2016-04-02T19:00:33.007000;39b44e0e-4de3-4f4b-a111-27d30c707af6;11.576;0.158152;BUY
2016-04-02T19:00:50.000000;2016-04-02T19:00:51.037000;369f173e-457c-4ab9-a132-ccf5080410bc;11.581;0.2;BUY
2016-04-02T19:01:06.000000;2016-04-02T19:01:06.097000;87beb11f-79bf-4b10-b312-efd15e1a4850;11.57;0.1;SELL
2016-04-02T19:01:32.000000;2016-04-02T19:01:32.970000;a27a5200-7481-4cfd-968d-d3f49340115b;11.566;0.5;BUY
2016-04-02T19:02:00.000000;2016-04-02T19:02:00.977000;aa7b912b-12c1-4f14-b14a-d1f1a6d44116;11.57;0.1;SELL
2016-04-02T19:02:03.000000;2016-04-02T19:02:03.867000;44e1984d-f0c0-41c2-ab2a-6210e6a18954;11.57;0.1;BUY
2016-04-02T19:02:28.000000;2016-04-02T19:02:28.263000;7ba367b2-6e5b-4613-a2f5-d675cf79fc10;11.582;1.0;BUY
2016-04-02T19:02:34.000000;2016-04-02T19:02:34.240000;cd3df688-e0ac-43cb-be19-14cd9da65733;11.582;1.0;BUY
2016-04-02T19:04:41.000000;2016-04-02T19:04:41.717000;9e4a9afd-489b-44d7-9969-79897ed59e14;11.56;0.1;SELL
2016-04-02T19:04:41.000000;2016-04-02T19:04:41.727000;fcfc4cde-c2ea-4a72-865d-4f4f227d9376;11.558;0.155954;SELL
2016-04-02T19:04:41.000000;2016-04-02T19:04:41.813000;d16adf12-7a33-47b0-a30e-25f0860ca067;11.55;0.1;SELL
2016-04-02T19:04:41.000000;2016-04-02T19:04:41.820000;d4fc93d6-5759-4b3a-80f9-0f5297764b65;11.55;0.1;SELL
2016-04-02T19:04:41.000000;2016-04-02T19:04:41.833000;7589e2bc-0826-47ca-a1c1-b64d88c82d81;11.55;0.1;SELL
2016-04-02T19:04:41.000000;2016-04-02T19:04:42.080000;1e7a8c24-0d57-4f71-9988-5e6f37dd14df;11.54;0.1;SELL
2016-04-02T19:04:44.000000;2016-04-02T19:04:44.037000;1d0aac6e-e929-4908-a352-28ea35c7a650;11.558;0.154965;SELL
2016-04-02T19:04:44.000000;2016-04-02T19:04:44.833000;accbf410-0c04-4bc7-b581-0ea4a9b9bec1;11.49;0.4;SELL
2016-04-02T19:04:45.000000;2016-04-02T19:04:45.490000;cb53ad76-b208-40ef-8c4e-71da061892e8;11.49;0.4;SELL
2016-04-02T19:04:53.000000;2016-04-02T19:04:53.753000;4560de25-3b53-4068-9048-d0eb02afdb47;11.532;0.144283;SELL
2016-04-02T19:05:05.000000;2016-04-02T19:05:05.747000;0e2e3179-c11e-4f83-824e-f2b243868dc7;11.552;12.85814549;BUY
2016-04-02T19:05:05.000000;2016-04-02T19:05:05.753000;74df535e-7f80-41f1-82e7-38790285a72e;11.553;0.255954;BUY
2016-04-02T19:05:05.000000;2016-04-02T19:05:05.763000;90eadadc-24e7-4fd8-8fd2-18f7f4941173;11.553;6.88590051;BUY
2016-04-02T19:05:07.000000;2016-04-02T19:05:07.743000;14accf03-4f44-4dab-828b-6dbb66b1014d;11.526;0.153836;SELL
2016-04-02T19:05:16.000000;2016-04-02T19:05:16.677000;1bd04962-78e5-4cb4-8493-817a56287cc9;11.55;6.90399514;BUY
2016-04-02T19:05:16.000000;2016-04-02T19:05:16.690000;fe9c46b9-753e-45ec-ba00-4d59ff44fcf0;11.55;0.8;BUY
2016-04-02T19:05:16.000000;2016-04-02T19:05:16.850000;4d4bd76f-3b90-4688-8d21-71d1dde240ea;11.568;3.14007172;SELL
2016-04-02T19:05:20.000000;2016-04-02T19:05:20.190000;0b51eadf-5bde-468b-9658-b1824ec32a24;11.56;0.150388;SELL
2016-04-02T19:05:53.000000;2016-04-02T19:05:53.233000;e1282010-6d0a-4e75-b6d1-42c0479eb865;11.541;0.156461;SELL
2016-04-02T19:05:55.000000;2016-04-02T19:05:55.627000;659494ab-c248-4b43-8439-02959fafdae9;11.546;0.151878;SELL
2016-04-02T19:06:21.000000;2016-04-02T19:06:21.857000;4a4a2c95-8695-4687-aada-140866976667;11.547;0.154632;SELL
2016-04-02T19:06:29.000000;2016-04-02T19:06:29.237000;d6271f38-b49b-4ac8-b53f-dd76e6196643;11.551;0.151657;SELL
2016-04-02T19:06:35.000000;2016-04-02T19:06:35.937000;dbb6f750-e58c-4cd8-9299-296a27c26b10;11.549;0.149634;BUY
2016-04-02T19:07:00.000000;2016-04-02T19:07:00.673000;cffc0914-00f4-4d09-a58e-2a5b1c1a137e;11.582;16.52861471;BUY
2016-04-02T19:09:47.000000;2016-04-02T19:09:47.797000;328f696b-2d84-4ead-9fa8-48bab177488a;11.566;0.152612;SELL
2016-04-02T19:09:47.000000;2016-04-02T19:09:47.810000;fffcb924-dd6f-42df-8bf2-41af2d00d951;11.495;51.2909;SELL
2016-04-02T19:09:47.000000;2016-04-02T19:09:47.813000;b0ee7c3c-8e0f-464c-9330-ab17a51c4b94;11.492;12.85814549;SELL
2016-04-02T19:09:47.000000;2016-04-02T19:09:47.847000;fd787450-371f-40f7-a388-b7025e5a2103;11.491;2.292981;SELL
2016-04-02T19:09:47.000000;2016-04-02T19:09:48.030000;dc048297-5ff6-4c63-8e23-7ffdd34054c1;11.466;0.1;SELL
2016-04-02T19:09:47.000000;2016-04-02T19:09:48.040000;7d26d0fc-6dce-4f41-b8b2-175329ef30f1;11.45;0.1;SELL
2016-04-02T19:09:47.000000;2016-04-02T19:09:48.050000;363a4070-a689-486f-a189-61f90c69d7e9;11.445;2.5;SELL
2016-04-02T19:09:47.000000;2016-04-02T19:09:48.077000;1b42bb24-a520-4c46-a7db-977cd0c54845;11.444;0.25241903;SELL
2016-04-02T19:09:47.000000;2016-04-02T19:09:48.077000;a8d82ddc-113a-465b-ba66-61e747417f31;11.435;0.1;SELL
2016-04-02T19:09:47.000000;2016-04-02T19:09:48.077000;8dd66ee1-0c10-482e-b1bd-40e1a2632395;11.434;0.1;SELL
2016-04-02T19:09:47.000000;2016-04-02T19:09:48.080000;c687a827-66b6-4ced-9dd2-616b20022575;11.427;0.1;SELL
2016-04-02T19:09:47.000000;2016-04-02T19:09:48.113000;b3db39a4-7725-43fa-94e3-4c75854544e5;11.426;0.15294248;SELL
2016-04-02T19:09:51.000000;2016-04-02T19:09:51.153000;4cd5340d-a1a8-4902-8af5-979341616822;11.582;35.39028529;BUY
2016-04-02T19:09:51.000000;2016-04-02T19:09:51.160000;3365dda0-620a-4eca-a8d0-677815d36276;11.583;4.3626;BUY
2016-04-02T19:09:51.000000;2016-04-02T19:09:51.163000;79700b04-a6ed-4ef0-83e2-c658860d7710;11.59;30.24711471;BUY
2016-04-02T19:10:00.000000;2016-04-02T19:10:00.273000;4a9b9b5b-2857-4ece-8a1f-8b70e1c3a33c;11.581;0.149586;BUY
2016-04-02T19:12:19.000000;2016-04-02T19:12:19.123000;c04df25f-3dbd-4e04-a916-275d506ed7c9;11.572;2.5;BUY
2016-04-02T19:12:19.000000;2016-04-02T19:12:19.137000;292841ed-79e1-4068-8715-429a088adddd;11.572;8.515302;BUY
2016-04-02T19:12:19.000000;2016-04-02T19:12:19.140000;5de7d70b-0357-497e-8d74-c9f595cfb1a3;11.599;12.85814549;BUY
2016-04-02T19:12:19.000000;2016-04-02T19:12:19.173000;dcb31e37-7c5d-49a8-9cc2-cd00d2a00def;11.6;2.343543;BUY
2016-04-02T19:12:19.000000;2016-04-02T19:12:19.173000;9f635bf5-d68e-436b-bb02-29c2ec119a04;11.601;97.62;BUY
2016-04-02T19:12:19.000000;2016-04-02T19:12:19.173000;254f67e7-af9f-444c-b344-4509585bcd61;11.607;0.1;BUY
2016-04-02T19:12:19.000000;2016-04-02T19:12:19.173000;3ff90250-7c01-4049-9bce-6c246cb51905;11.607;0.1;BUY
2016-04-02T19:12:19.000000;2016-04-02T19:12:19.173000;32261762-23ed-4fe2-9214-f44eb9a9b92b;11.626;75.96300951;BUY
2016-04-02T19:12:33.000000;2016-04-02T19:12:33.230000;2153aa96-7f8d-4280-bb43-73db889a08e9;11.594;51.7012;BUY
2016-04-02T19:12:33.000000;2016-04-02T19:12:33.230000;5e1459dc-36fc-418b-be34-4ac17f1f4f12;11.598;12.85814549;BUY
2016-04-02T19:12:33.000000;2016-04-02T19:12:33.247000;6dc1fa69-af40-4054-b23a-34c7df4b1ebe;11.599;5.44065451;BUY
2016-04-02T19:13:08.000000;2016-04-02T19:13:08.773000;5ba1e516-fbad-4863-93db-1d804f3b3e99;11.589;0.157289;SELL
2016-04-02T19:13:56.000000;2016-04-02T19:13:56.847000;2e4b1858-d316-45ed-9fd0-4cd4ba858cc3;11.593;0.155323;BUY
2016-04-02T19:14:01.000000;2016-04-02T19:14:01.640000;64b969e8-29ea-4c67-93f6-6179741236a7;11.591;0.152799;BUY
2016-04-02T19:14:22.000000;2016-04-02T19:14:22.657000;a330507d-2ad3-4176-879e-baf470a0ea95;11.59;0.14713;BUY
2016-04-02T19:14:48.000000;2016-04-02T19:14:48.143000;27fee579-68c3-457c-8a12-6d3b84b6882a;11.59;11.991295;BUY
2016-04-02T19:14:48.000000;2016-04-02T19:14:48.153000;c456ffe7-f828-49e0-9a57-019d86434f1f;11.59;8.008705;BUY
2016-04-02T19:15:03.000000;2016-04-02T19:15:03.087000;cd429fe0-b8c2-44bc-974c-449329f14fe5;11.59;0.153688;BUY
2016-04-02T19:15:15.000000;2016-04-02T19:15:15.610000;88f03fd7-a6b4-476b-b525-8a9b27e43bfd;11.591;0.154098;BUY
2016-04-02T19:18:13.000000;2016-04-02T19:18:13.813000;7cd12f55-2593-45b5-be4b-edecd41d2e03;11.591;99.693103;BUY
2016-04-02T19:18:13.000000;2016-04-02T19:18:13.830000;99e1c9cb-02a1-4ad9-8488-e5ef75242a23;11.591;1.0;BUY
2016-04-02T19:18:13.000000;2016-04-02T19:18:13.837000;e887d40b-b7e7-4744-acc0-0f3f80da2376;11.592;1.0;BUY
2016-04-02T19:18:13.000000;2016-04-02T19:18:13.867000;ba1887d2-495b-45ff-bb4c-6a7ec0ca10c1;11.595;2.333132;BUY
2016-04-02T19:18:14.000000;2016-04-02T19:18:14.777000;8c2602f2-6714-442d-b3f0-4d09cb610a47;11.61;0.70757705;SELL
2016-04-02T19:18:14.000000;2016-04-02T19:18:14.817000;e4407d39-59d3-4132-b3d1-3cf5cdd33705;11.61;0.39143387;SELL
2016-04-02T19:18:14.000000;2016-04-02T19:18:14.903000;2931b005-0fbc-49fc-94c4-49e57cf98bf4;11.61;1.09901093;SELL
2016-04-02T19:18:15.000000;2016-04-02T19:18:15.067000;e87f27cc-41ff-4ac2-a7c7-7625cb607e7a;11.61;1.09901093;SELL
2016-04-02T19:18:17.000000;2016-04-02T19:18:17.207000;d404f343-7fdd-44c7-9b09-1cc33f3238a2;11.61;0.39143387;SELL
2016-04-02T19:18:17.000000;2016-04-02T19:18:17.660000;8474fcb8-d18e-4257-bdf2-257a21254726;11.61;1.09901093;SELL
2016-04-02T19:18:18.000000;2016-04-02T19:18:18.767000;43a95476-e580-4975-9a16-79b25854150b;11.61;1.09901093;SELL
2016-04-02T19:18:20.000000;2016-04-02T19:18:20.330000;0b4e2232-6a01-4317-a454-fba8041a4d4a;11.61;1.80478114;SELL
2016-04-02T19:18:35.000000;2016-04-02T19:18:35.647000;630f7418-f5c0-4c9b-913f-1c58e5b2ace7;11.61;1.10011104;SELL
2016-04-02T19:18:35.000000;2016-04-02T19:18:35.677000;6e7cae51-d6c1-4d87-8e50-b0800cb0c5cc;11.61;1.10011104;SELL
2016-04-02T19:18:35.000000;2016-04-02T19:18:35.803000;8551dd4d-7b49-41ca-8122-d32f60043605;11.61;0.70828534;SELL
2016-04-02T19:18:36.000000;2016-04-02T19:18:36.617000;549b8f8b-9d96-41db-9c57-f493ea58f444;11.61;5.37398793;SELL
2016-04-02T19:18:39.000000;2016-04-02T19:18:39.070000;d5dbab13-f884-4e40-948a-f7570b2c1981;11.609;0.152593;SELL
2016-04-02T19:18:46.000000;2016-04-02T19:18:46.543000;e0c50677-94b1-43d8-a2fc-71df8d537609;11.609;0.149701;BUY
2016-04-02T19:18:56.000000;2016-04-02T19:18:56.723000;a33737c7-5ec3-4c06-b33e-4a16a6ebed50;11.594;0.150269;SELL
2016-04-02T19:19:12.000000;2016-04-02T19:19:12.583000;7ed81bda-7ccd-4596-a28d-b9e2e72b0b1c;11.594;0.155395;SELL
2016-04-02T19:19:13.000000;2016-04-02T19:19:13.097000;937ff5ee-3646-4e3f-ac5e-6847777d5219;11.513;0.10032734;SELL
2016-04-02T19:20:19.000000;2016-04-02T19:20:20.020000;42878213-5ef0-4de3-b29e-1b6824d3dbf0;11.61;2.90850742;BUY
2016-04-02T19:20:19.000000;2016-04-02T19:20:20.030000;1d80f7bd-c668-4b2a-b0e1-9b3298d66fca;11.615;0.09149258;BUY
2016-04-02T19:24:26.000000;2016-04-02T19:24:26.253000;6f8b4a28-ba29-49ae-83dc-62eefc67351b;11.611;1.0;BUY
2016-04-02T19:29:49.000000;2016-04-02T19:29:49.633000;d0e1553c-c3ca-4a35-878c-ca6f7c1f1114;11.61;0.3501;BUY
2016-04-02T19:29:50.000000;2016-04-02T19:29:50.517000;1b3e23d2-48ab-4ed2-ba9e-9b934814a47d;11.609;0.99924805;BUY
2016-04-02T19:29:50.000000;2016-04-02T19:29:50.523000;6542d162-3a69-48e9-bb8a-7b9250c69d0d;11.611;4.51542493;BUY
2016-04-02T19:29:50.000000;2016-04-02T19:29:50.650000;bb1ff8fa-91fd-4ef2-a537-3e9cbc78f364;11.611;22.52504596;BUY
2016-04-02T19:29:51.000000;2016-04-02T19:29:51.227000;650abe08-68a0-4907-ba24-7e91db90bcab;11.611;22.52504596;BUY
2016-04-02T19:29:51.000000;2016-04-02T19:29:51.510000;c710da05-33cb-4828-8d22-f43f099d1012;11.611;0.3501;BUY
2016-04-02T19:30:06.000000;2016-04-02T19:30:06.363000;146ebcd4-1978-410b-a699-40272cb484e7;11.611;12.87101651;BUY
2016-04-02T19:30:06.000000;2016-04-02T19:30:06.517000;d9e3d157-eca8-4307-9a76-3f3ea79bf6f3;11.611;28.55576664;BUY
2016-04-02T19:30:10.000000;2016-04-02T19:30:10.253000;b711670f-5eea-458f-af48-63b95ac61ac1;11.615;0.00850742;BUY
2016-04-02T19:30:10.000000;2016-04-02T19:30:10.267000;b92113a2-ed6f-41ae-802e-eca0a9e4a75d;11.643;0.1;BUY
2016-04-02T19:30:10.000000;2016-04-02T19:30:10.283000;eda9525b-7f62-4b58-ac3b-70c7654efe09;11.65;12.76250909;BUY
2016-04-02T19:30:32.000000;2016-04-02T19:30:32.500000;ab96a931-153b-4cb2-a8f1-71804281af4c;11.65;1.62713531;BUY
2016-04-02T19:30:32.000000;2016-04-02T19:30:32.513000;5e5d3d0e-d72a-4ab7-bb17-47d6e9c61fd0;11.65;0.1;BUY
2016-04-02T19:30:48.000000;2016-04-02T19:30:48.647000;c6f775f7-397e-4666-ad3e-f384430873bb;11.665;0.1;BUY
2016-04-02T19:33:20.000000;2016-04-02T19:33:20.410000;303d5e27-311f-4c11-8579-4af01a56594a;11.69;0.11274;SELL
2016-04-02T19:33:44.000000;2016-04-02T19:33:44.443000;6b2c0f39-bcd8-4a86-85e0-0af9ac166634;11.69;1.88726;SELL
2016-04-02T19:33:44.000000;2016-04-02T19:33:44.450000;94571d12-d999-4526-bdd6-76390242bb60;11.68;2.0;SELL
2016-04-02T19:34:06.000000;2016-04-02T19:34:06.347000;e4863090-61e4-40de-a8a8-a7ea2e88f1d3;11.67;0.13444;SELL
2016-04-02T19:36:48.000000;2016-04-02T19:36:49.033000;36eb568d-3c01-45f5-86e4-ccd80e6ef050;11.681;12.87101651;BUY
2016-04-02T19:36:55.000000;2016-04-02T19:36:55.987000;35650d96-95e6-474a-bba6-84640efae49a;11.681;12.87101651;BUY
2016-04-02T19:36:56.000000;2016-04-02T19:36:56.583000;b85561d8-da46-491c-b68a-6439bdcf5bdf;11.67;1.00477102;SELL
2016-04-02T20:24:58.000000;2016-04-02T20:24:58.307000;8ada01a0-51cc-4f62-b0ab-5d4d3aa10abc;11.65;50.0;SELL
2016-04-02T20:53:48.000000;2016-04-02T20:53:48.213000;b106dc76-e935-4ad7-9819-cdab9d72497f;11.681;0.55055055;BUY
2016-04-02T20:54:52.000000;2016-04-02T20:54:52.970000;7c601531-89fb-4a05-af5f-2d1476910c39;11.681;10.01001001;BUY
2016-04-02T20:57:39.000000;2016-04-02T20:57:39.410000;3c5fe30f-498c-4146-badc-a19f71629d4e;11.616;0.92112884;SELL
2016-04-02T20:59:12.000000;2016-04-02T20:59:12.957000;061bc824-a3a9-41de-9314-13342cae7d43;11.681;0.6215617;BUY
2016-04-02T20:59:15.000000;2016-04-02T20:59:15.447000;2da75910-a6aa-419c-a594-514c8c301820;11.681;0.6215617;BUY
2016-04-02T21:04:26.000000;2016-04-02T21:04:26.257000;43b3b5f7-19be-4a36-a33a-5e8d73ddd7bd;11.681;20.86779058;BUY
2016-04-02T21:19:37.000000;2016-04-02T21:19:37.063000;d6ec00c9-4dd0-4bb4-992c-550d456a6319;11.616;20.84692279;SELL
2016-04-02T21:21:33.000000;2016-04-02T21:21:33.817000;6e5f8576-c5b2-477a-b761-59ce31a237b3;11.615;9.98285166;SELL
2016-04-02T21:21:35.000000;2016-04-02T21:21:35.793000;ceb22569-7692-4eb9-853e-42c7fa53128c;11.615;10.86407113;SELL
2016-04-02T21:30:52.000000;2016-04-02T21:30:52.963000;9a62400c-27ba-4870-a516-99cb0a23d9d3;11.611;0.4959612;SELL
2016-04-02T21:34:19.000000;2016-04-02T21:34:19.630000;583d5267-2bc8-46d8-a5a1-306b34bbcfa9;11.611;20.35096159;SELL
2016-04-02T21:34:24.000000;2016-04-02T21:34:24.217000;cb08c689-cb74-4b8a-a367-1f90190dad78;11.61;0.3501;SELL
2016-04-02T21:34:24.000000;2016-04-02T21:34:24.230000;178b37c7-abcc-4a0d-b31d-0792cdf7c399;11.61;0.155091;SELL
2016-04-02T21:34:31.000000;2016-04-02T21:34:31.837000;15384f8e-58bb-4dde-b4e4-30d1404c3e25;11.609;0.157605;BUY
2016-04-02T21:34:44.000000;2016-04-02T21:34:44.307000;a15ef512-6d3e-49d9-b3c2-8d670633b6ba;11.609;0.156579;BUY
2016-04-02T21:35:37.000000;2016-04-02T21:35:37.043000;7f78059a-828b-40d6-952f-8330cf723666;11.609;0.156251;BUY
2016-04-02T21:35:48.000000;2016-04-02T21:35:48.137000;9a192272-227b-49e4-893f-8baf97f9958b;11.609;0.158089;BUY
2016-04-02T21:36:57.000000;2016-04-02T21:36:57.210000;3bdaaacb-abdf-4472-b28a-bb20a5f2a134;11.593;0.14838;SELL
2016-04-02T21:37:01.000000;2016-04-02T21:37:01.863000;58c07a57-69f2-411c-855e-5c71119e8040;11.593;0.151646;BUY
2016-04-02T21:42:44.000000;2016-04-02T21:42:44.870000;649747b4-d2fb-46a2-aa34-32970f68738d;11.593;0.155023;BUY
2016-04-02T21:43:48.000000;2016-04-02T21:43:48.477000;7bd02012-31ab-409e-8ca2-2870692d22b3;11.593;0.02553585;BUY
2016-04-02T21:50:04.000000;2016-04-02T21:50:04.937000;dfb0fee0-5940-4c26-919f-f6233ade203c;11.609;0.152425;BUY
2016-04-02T21:50:16.000000;2016-04-02T21:50:17.003000;51ecb9ce-e6fb-4cfd-8953-25c926866954;11.609;0.152461;BUY
2016-04-02T21:57:42.000000;2016-04-02T21:57:42.717000;34473cd5-88cd-459c-b9a8-5a5b086e88df;11.609;0.15385;BUY
2016-04-02T22:01:49.000000;2016-04-02T22:01:50.630000;4466838a-9b62-417d-a04a-ce0b0a1a1aa3;11.672;0.65985757;BUY
2016-04-02T22:29:21.000000;2016-04-02T22:29:22.007000;ea698445-ef8b-498d-b839-aa4f30f539f0;11.676;2.335449;BUY
2016-04-02T22:29:21.000000;2016-04-02T22:29:22.013000;d64798d8-5928-4dc0-b697-89bfa7602c32;11.681;0.664551;BUY
2016-04-02T22:37:16.000000;2016-04-02T22:37:16.400000;f51695fa-6a91-423c-823b-6b9107be38ea;11.681;30.15436444;BUY
2016-04-02T22:37:16.000000;2016-04-02T22:37:16.410000;6e2ca671-0f0f-49f5-afe7-b68c363e597b;11.7;1.0;BUY
2016-04-02T22:37:16.000000;2016-04-02T22:37:16.410000;6ccb73b0-ebde-46e2-8b60-89e31a639815;11.71;0.84563556;BUY
2016-04-02T22:37:35.000000;2016-04-02T22:37:35.137000;2756996d-a568-4218-89d9-604596f2f858;11.71;15.15436444;BUY
2016-04-02T22:37:35.000000;2016-04-02T22:37:35.147000;8475f353-2389-41da-a119-d6dcbf739cea;11.715;0.1;BUY
2016-04-02T22:37:35.000000;2016-04-02T22:37:35.157000;8b111cb2-397f-484f-96a1-9ceae07bcfda;11.726;0.1;BUY
2016-04-02T22:37:35.000000;2016-04-02T22:37:35.177000;92e0c1e7-2f50-457b-8fc9-b1679519c281;11.727;0.1;BUY
2016-04-02T22:37:35.000000;2016-04-02T22:37:35.177000;4719795c-2160-4880-be6f-2cebec951d54;11.727;0.1;BUY
2016-04-02T22:37:35.000000;2016-04-02T22:37:35.177000;f2b0d819-3d21-43f6-a8a0-85845b244a2f;11.765;0.44563556;BUY
2016-04-02T22:37:45.000000;2016-04-02T22:37:45.617000;2fb9b7bb-8504-4aad-a015-a2c745cc80b8;11.761;8.46714753;BUY
2016-04-02T23:09:06.000000;2016-04-02T23:09:06.980000;ebfe5677-36b9-4312-b346-b6d306e0ba07;11.611;0.65853785;SELL
2016-04-02T23:55:53.000000;2016-04-02T23:55:53.480000;09ab7564-2e2b-437a-b3a1-80e3483d0084;11.658;0.1;BUY
