time_exchange;time_coinpai;guid;price;base_amount;taker_side
2016-03-21T00:00:04.000000;2016-03-21T00:00:04.000000;2828d9b2-836c-41fd-835f-58da7f87b03c;410.81;0.232;UNKNOWN
2016-03-21T00:00:04.000000;2016-03-21T00:00:04.000000;8b6bf5ce-f4ee-4c01-be61-84f159242d22;410.81;0.5;UNKNOWN
2016-03-21T00:00:04.000000;2016-03-21T00:00:04.000000;358fe639-e993-4fc2-8ad5-c0f2d4fa62ad;411.14;0.0317192;UNKNOWN
2016-03-21T00:00:16.000000;2016-03-21T00:00:16.000000;551277e2-e416-4405-bde3-b82809d969e7;411.08;0.02;UNKNOWN
2016-03-21T00:00:33.000000;2016-03-21T00:00:33.000000;a607f760-2a1c-4380-94ab-5d19d526e8b0;410.79;0.732;UNKNOWN
2016-03-21T00:01:06.000000;2016-03-21T00:01:06.000000;2dfcd747-df7d-4551-afa3-c1c633b91d51;410.92;0.01527;UNKNOWN
2016-03-21T00:01:13.000000;2016-03-21T00:01:13.000000;c8aa9387-aeea-4bdb-bfaf-078da45ada1c;410.66;0.042905;UNKNOWN
2016-03-21T00:01:17.000000;2016-03-21T00:01:17.000000;bc62fbd4-0248-4d8b-937e-8a8a76b0e9a1;410.66;6.0082;UNKNOWN
2016-03-21T00:01:34.000000;2016-03-21T00:01:34.000000;5e992313-1304-4515-8f17-c89648fceb1f;410.6;6.0776;UNKNOWN
2016-03-21T00:01:46.000000;2016-03-21T00:01:46.000000;64294a07-4e84-4760-af42-2fe50f6ac642;410.6;0.13633212;UNKNOWN
2016-03-21T00:01:46.000000;2016-03-21T00:01:46.000000;903f901a-af6c-495e-aa6f-7f0333c74586;410.6;0.06807556;UNKNOWN
2016-03-21T00:01:46.000000;2016-03-21T00:01:46.000000;017ea8ea-6f6e-4222-9837-a99848e64509;410.6;3.9224;UNKNOWN
2016-03-21T00:01:46.000000;2016-03-21T00:01:46.000000;7368c008-6ebb-4203-955a-53f4ba6a11bb;410.6;0.04277011;UNKNOWN
2016-03-21T00:01:46.000000;2016-03-21T00:01:46.000000;46762f5d-c6a4-4e9e-b66a-a66ada652465;410.6;0.89537701;UNKNOWN
2016-03-21T00:01:46.000000;2016-03-21T00:01:46.000000;2ef2b9fe-ad1a-4ccd-82f0-063548535917;410.6;0.04575977;UNKNOWN
2016-03-21T00:01:46.000000;2016-03-21T00:01:46.000000;b57e3a3e-0d39-4ecb-9db3-73555899b3c1;410.6;0.42836578;UNKNOWN
2016-03-21T00:01:46.000000;2016-03-21T00:01:46.000000;ce8898ef-ae81-4b4a-8c3a-18ca45731b2d;410.6;0.03617609;UNKNOWN
2016-03-21T00:01:46.000000;2016-03-21T00:01:46.000000;e6c5b04f-edc6-4b4d-b800-c04304753a88;410.52;1.71725251;UNKNOWN
2016-03-21T00:01:46.000000;2016-03-21T00:01:46.000000;9d2b8fc7-a9e6-4987-a352-d8acde54ae9d;410.58;0.182;UNKNOWN
2016-03-21T00:01:46.000000;2016-03-21T00:01:46.000000;5e347d0e-429b-482d-9f9a-3666d9c1e8fa;410.6;0.24241021;UNKNOWN
2016-03-21T00:01:46.000000;2016-03-21T00:01:46.000000;e9424604-311d-4ea8-8b54-6cd4d9604b95;410.52;0.12556084;UNKNOWN
2016-03-21T00:02:55.000000;2016-03-21T00:02:55.000000;7b4fb30d-b43f-4559-9218-d4367441cec9;410.52;0.051178;UNKNOWN
2016-03-21T00:03:10.000000;2016-03-21T00:03:10.000000;4f7371b8-a930-4bfc-b9ff-6478afb46911;410.52;0.1;UNKNOWN
2016-03-21T00:03:37.000000;2016-03-21T00:03:37.000000;c4a727c3-0d80-4ab0-abb2-7d9dc646fe80;410.53;0.01;UNKNOWN
2016-03-21T00:03:37.000000;2016-03-21T00:03:37.000000;e11e4d18-5180-4e86-bab7-1f18bf658055;410.81;3.99;UNKNOWN
2016-03-21T00:04:42.000000;2016-03-21T00:04:42.000000;d63cc4db-f6ea-42ba-8a8d-b40506905bd7;410.7;0.012;UNKNOWN
2016-03-21T00:04:45.000000;2016-03-21T00:04:45.000000;3b3fb068-43ee-4f03-903d-8c7c7167ad0a;410.68;0.111822;UNKNOWN
2016-03-21T00:06:16.000000;2016-03-21T00:06:16.000000;78bf69ea-849a-454c-8510-be9357592e70;410.52;5.779095;UNKNOWN
2016-03-21T00:06:16.000000;2016-03-21T00:06:16.000000;bdf9b02a-50f8-4337-be51-5deadaf03c20;410.75;0.012;UNKNOWN
2016-03-21T00:06:20.000000;2016-03-21T00:06:20.000000;3690f42a-89e0-4694-86f4-bfdc247648d0;410.52;0.023273;UNKNOWN
2016-03-21T00:06:30.000000;2016-03-21T00:06:30.000000;05911279-8f96-4c62-bb86-d60ab6e84b64;410.72;0.02734139;UNKNOWN
2016-03-21T00:06:32.000000;2016-03-21T00:06:32.000000;334b3990-ae0b-4a2e-bb53-24b37fc90b5f;410.72;0.23299746;UNKNOWN
2016-03-21T00:07:56.000000;2016-03-21T00:07:56.000000;242b70a3-b462-4cf4-a5bd-c6181f0ddfda;410.52;0.010977;UNKNOWN
2016-03-21T00:08:38.000000;2016-03-21T00:08:38.000000;af11fac5-2734-4be7-8f50-04fb23d48e6e;410.54;0.044513;UNKNOWN
2016-03-21T00:10:08.000000;2016-03-21T00:10:08.000000;b1011b98-02c7-4176-8a91-290e97eaaaae;410.52;2.31822449;UNKNOWN
2016-03-21T00:10:08.000000;2016-03-21T00:10:08.000000;ee2b2287-c2bb-43ee-a01a-9567bb135d50;410.42;5.18177551;UNKNOWN
2016-03-21T00:10:09.000000;2016-03-21T00:10:09.000000;72ffa433-60d9-4720-8e22-572897914c21;410.43;7.5;UNKNOWN
2016-03-21T00:10:10.000000;2016-03-21T00:10:10.000000;98803c76-bec3-4bf6-b457-f6a64a316ca0;410.42;5.74;UNKNOWN
2016-03-21T00:10:23.000000;2016-03-21T00:10:23.000000;48e50a53-d250-45ed-87b1-e8141467b4cf;410.42;1.42268;UNKNOWN
2016-03-21T00:10:23.000000;2016-03-21T00:10:23.000000;3950fd55-9002-44aa-9a81-f8b39a15368d;410.42;0.96732;UNKNOWN
2016-03-21T00:10:29.000000;2016-03-21T00:10:29.000000;4fa9a89f-1542-438f-b35a-0aabe475f973;410.43;2.790412;UNKNOWN
2016-03-21T00:12:06.000000;2016-03-21T00:12:06.000000;66ef2402-f9fa-4c48-8b71-12904e0d5747;410.63;0.03;UNKNOWN
2016-03-21T00:14:43.000000;2016-03-21T00:14:43.000000;cacf6c9f-7ef3-4fbd-8671-9a2a1cf62930;410.68;4.534831;UNKNOWN
2016-03-21T00:14:51.000000;2016-03-21T00:14:51.000000;456e1b41-520f-4552-a9fd-c0688d8cf684;410.69;0.25;UNKNOWN
2016-03-21T00:14:51.000000;2016-03-21T00:14:51.000000;2ba57a62-993c-4d9b-80d2-3d047c9eb0c0;410.69;0.86650795;UNKNOWN
2016-03-21T00:14:59.000000;2016-03-21T00:14:59.000000;15ffbee4-5419-4379-83ab-83f90e739d65;410.68;1.453992;UNKNOWN
2016-03-21T00:14:59.000000;2016-03-21T00:14:59.000000;7ff7c541-4536-4502-ac3a-80bd78c819b5;410.68;3.515169;UNKNOWN
2016-03-21T00:15:09.000000;2016-03-21T00:15:09.000000;b93666ae-5bf8-47b5-8c42-16f4763d6bff;410.79;0.19621724;UNKNOWN
2016-03-21T00:15:18.000000;2016-03-21T00:15:18.000000;40acf779-897b-47a1-b18a-2a7d8a3aa075;410.79;1.1;UNKNOWN
2016-03-21T00:15:18.000000;2016-03-21T00:15:18.000000;140fd0e9-e996-4dd0-a95f-61b7d9eff505;410.93;0.1;UNKNOWN
2016-03-21T00:15:20.000000;2016-03-21T00:15:20.000000;2a32e283-2b0d-4e0f-8bd5-64f9f5c4a2a8;410.93;0.1;UNKNOWN
2016-03-21T00:15:29.000000;2016-03-21T00:15:29.000000;0f59a1e0-c944-433f-b7ed-f7551e182488;410.94;0.1;UNKNOWN
2016-03-21T00:15:38.000000;2016-03-21T00:15:38.000000;e9604564-7fa7-4034-be90-77d22b15c171;410.92;0.02377991;UNKNOWN
2016-03-21T00:15:42.000000;2016-03-21T00:15:42.000000;8ec2f72d-ca61-40aa-a321-20d486ebf62a;410.92;0.17392196;UNKNOWN
2016-03-21T00:15:44.000000;2016-03-21T00:15:44.000000;f0edd806-977d-47fe-9afb-9d40dbbb7ea5;410.93;0.1;UNKNOWN
2016-03-21T00:15:46.000000;2016-03-21T00:15:46.000000;22eaf68e-34bc-43b0-b118-634bfdabe6ec;410.92;0.13929106;UNKNOWN
2016-03-21T00:15:50.000000;2016-03-21T00:15:50.000000;f6d49e2b-8743-4cdd-9193-90929632d5df;410.92;0.08390857;UNKNOWN
2016-03-21T00:15:58.000000;2016-03-21T00:15:58.000000;48825a96-9c36-4f69-9eb1-fb229f409d82;410.92;0.1427852;UNKNOWN
2016-03-21T00:16:14.000000;2016-03-21T00:16:14.000000;ed7bbf44-4b4d-46a5-b4e5-f3fbb6ccdb1b;410.79;0.07161225;UNKNOWN
2016-03-21T00:16:18.000000;2016-03-21T00:16:18.000000;74bb1ae6-d236-4028-a992-25f32aa92ec8;410.79;0.17784901;UNKNOWN
2016-03-21T00:16:22.000000;2016-03-21T00:16:22.000000;b997254e-1333-4c66-85ad-e789c25d8ab5;410.79;0.65798024;UNKNOWN
2016-03-21T00:16:27.000000;2016-03-21T00:16:27.000000;84e139ee-d59e-4539-8167-6d6604df3a95;410.79;0.03220387;UNKNOWN
2016-03-21T00:16:38.000000;2016-03-21T00:16:38.000000;6460d46c-b349-4d78-9e9c-b41fa6e2e0ad;410.79;0.07331693;UNKNOWN
2016-03-21T00:16:41.000000;2016-03-21T00:16:41.000000;3d9d424b-88b8-4423-80f2-90a8483c2ad8;410.79;0.68880881;UNKNOWN
2016-03-21T00:18:07.000000;2016-03-21T00:18:07.000000;18c608a1-dc8a-4592-a41d-b5b83fa4e368;410.91;0.01;UNKNOWN
2016-03-21T00:19:29.000000;2016-03-21T00:19:29.000000;3a900848-fe1c-4aa8-8da3-5800f3d2baf1;410.83;0.121852;UNKNOWN
2016-03-21T00:19:29.000000;2016-03-21T00:19:29.000000;390fd979-3a55-471b-825f-804fb75b2d5c;410.91;12.244;UNKNOWN
2016-03-21T00:20:05.000000;2016-03-21T00:20:05.000000;99df1d6e-adab-4066-8791-9d04cbf3f483;410.94;0.15;UNKNOWN
2016-03-21T00:20:05.000000;2016-03-21T00:20:05.000000;8ec9106b-5bcd-4b1a-9a64-a80618b2eb97;411.0;0.85363219;UNKNOWN
2016-03-21T00:21:31.000000;2016-03-21T00:21:31.000000;08110b5b-b5bb-4d4d-9cb8-464ea1f07ac3;410.96;0.123;UNKNOWN
2016-03-21T00:22:06.000000;2016-03-21T00:22:06.000000;0722e947-daf6-4a8c-b302-62e8d7af458c;410.96;0.73530929;UNKNOWN
2016-03-21T00:23:08.000000;2016-03-21T00:23:08.000000;5788267e-75c4-41a3-87c6-5c67b427ba8d;410.76;0.18082745;UNKNOWN
2016-03-21T00:23:45.000000;2016-03-21T00:23:45.000000;6aef5f3a-0ee2-4d24-8c6b-6313586ef071;410.76;6.64;UNKNOWN
2016-03-21T00:23:59.000000;2016-03-21T00:23:59.000000;bb9a5b3e-657b-4b27-bb70-b70a1eb9ae36;410.7;2.0;UNKNOWN
2016-03-21T00:23:59.000000;2016-03-21T00:23:59.000000;f008f275-4e6f-4c49-a118-475a0a0217ab;410.63;7.33661245;UNKNOWN
2016-03-21T00:23:59.000000;2016-03-21T00:23:59.000000;37de2d34-41a5-4db9-93d0-4b6641e150c9;410.76;1.45917255;UNKNOWN
2016-03-21T00:25:06.000000;2016-03-21T00:25:06.000000;124846bc-0a09-43fd-9388-09d1b011c871;410.55;0.02424622;UNKNOWN
2016-03-21T00:25:07.000000;2016-03-21T00:25:07.000000;2136cab1-13ce-4242-b460-3a2e0a3abeca;410.66;0.04824622;UNKNOWN
2016-03-21T00:25:07.000000;2016-03-21T00:25:07.000000;d8f660cc-e366-4249-95d0-ef788f5bb55c;410.63;0.25;UNKNOWN
2016-03-21T00:25:07.000000;2016-03-21T00:25:07.000000;c5e37008-340c-438a-9b4f-f5ef147c33da;410.55;0.15875378;UNKNOWN
2016-03-21T00:25:07.000000;2016-03-21T00:25:07.000000;06ca6219-512c-41e1-8336-f212dc6aed3e;410.56;0.243;UNKNOWN
2016-03-21T00:26:04.000000;2016-03-21T00:26:04.000000;2dab3a40-a1eb-4e4d-b112-ef86ff987381;410.53;0.1;UNKNOWN
2016-03-21T00:26:04.000000;2016-03-21T00:26:04.000000;25f23f46-5e51-4caa-9bf1-eecafd9cefd7;410.5;0.01;UNKNOWN
2016-03-21T00:26:04.000000;2016-03-21T00:26:04.000000;d0afb9b2-28ca-4638-a786-f27d11d5ca7a;410.4;0.1307608;UNKNOWN
2016-03-21T00:27:23.000000;2016-03-21T00:27:23.000000;5fe46a1b-d0ab-4343-9da9-0f296d599b30;410.4;0.05131089;UNKNOWN
2016-03-21T00:28:04.000000;2016-03-21T00:28:04.000000;fba46db8-94ee-45d8-bd56-c354b1d35ff7;410.32;0.03090229;UNKNOWN
2016-03-21T00:28:04.000000;2016-03-21T00:28:04.000000;39281d6d-4b87-4a74-8348-16522c96ef33;410.4;0.01792831;UNKNOWN
2016-03-21T00:28:10.000000;2016-03-21T00:28:10.000000;77c70bb9-9e98-4d0d-98c1-051440b97c5f;410.32;3.279133;UNKNOWN
2016-03-21T00:28:16.000000;2016-03-21T00:28:16.000000;5b155fc0-4190-49cc-b710-a0bf77b3992e;410.35;0.25;UNKNOWN
2016-03-21T00:29:48.000000;2016-03-21T00:29:48.000000;23c2c7b2-45bc-4bc4-8db6-01be1d65342d;410.35;1.0335;UNKNOWN
2016-03-21T00:30:05.000000;2016-03-21T00:30:05.000000;7cf8e6a5-87eb-4fb8-984a-00f01b751252;410.27;0.53706098;UNKNOWN
2016-03-21T00:30:05.000000;2016-03-21T00:30:05.000000;e3c3ad00-ab29-4e1b-99b9-ca532d83a3fc;410.3;0.5;UNKNOWN
2016-03-21T00:30:06.000000;2016-03-21T00:30:06.000000;2f387fe1-2460-4da1-a24d-9acef87062a7;410.35;0.157;UNKNOWN
2016-03-21T00:30:06.000000;2016-03-21T00:30:06.000000;d3f48468-420e-447d-ad70-0b15ad1c6c5a;410.34;0.243;UNKNOWN
2016-03-21T00:31:39.000000;2016-03-21T00:31:39.000000;b6d652bf-bb14-45bb-92f7-2610bd01d216;410.24;7.0;UNKNOWN
2016-03-21T00:32:16.000000;2016-03-21T00:32:16.000000;032049b1-994e-40a5-9934-a191f3b12912;410.24;1.1;UNKNOWN
2016-03-21T00:32:16.000000;2016-03-21T00:32:16.000000;aded932c-0afa-4485-82b4-7efce44c8079;410.13;7.742385;UNKNOWN
2016-03-21T00:32:26.000000;2016-03-21T00:32:26.000000;13db312e-90b3-446c-bdf7-bddc0f3bc44c;410.14;6.57913068;UNKNOWN
2016-03-21T00:33:16.000000;2016-03-21T00:33:16.000000;3c04938e-4ea5-4ffe-b0ac-2c7e0bf87abb;410.21;0.04651;UNKNOWN
2016-03-21T00:33:39.000000;2016-03-21T00:33:39.000000;f090f571-20aa-47e2-9843-88a53c92b6ed;410.14;0.13457929;UNKNOWN
2016-03-21T00:35:06.000000;2016-03-21T00:35:06.000000;add88a6a-70a5-42fd-9d90-866261f64769;410.36;0.6;UNKNOWN
2016-03-21T00:36:05.000000;2016-03-21T00:36:05.000000;0d17f6de-0c57-4301-b58d-db31bfc0512d;410.21;9.054927;UNKNOWN
2016-03-21T00:36:10.000000;2016-03-21T00:36:10.000000;6996bced-e09a-4dfb-a723-283598efb0a8;410.25;0.5;UNKNOWN
2016-03-21T00:36:10.000000;2016-03-21T00:36:10.000000;a954eae6-4dd0-4274-b032-f3b370a1ce8c;410.25;2.132066;UNKNOWN
2016-03-21T00:36:17.000000;2016-03-21T00:36:17.000000;36706753-e5df-4c27-949f-6e058d2c4ffa;410.25;8.06;UNKNOWN
2016-03-21T00:36:28.000000;2016-03-21T00:36:28.000000;ab23abde-0845-434a-979c-8f3348673629;410.25;3.116599;UNKNOWN
2016-03-21T00:36:40.000000;2016-03-21T00:36:40.000000;b9683f42-0fa6-41c1-80de-5a8b166b8249;410.25;5.833401;UNKNOWN
2016-03-21T00:36:40.000000;2016-03-21T00:36:40.000000;742d158b-28e0-46e4-84ed-59299a6ba319;410.24;14.761733;UNKNOWN
2016-03-21T00:39:05.000000;2016-03-21T00:39:05.000000;5ef43ce5-7c0c-4d8b-b159-b989404408ec;410.29;0.1;UNKNOWN
2016-03-21T00:40:49.000000;2016-03-21T00:40:49.000000;c58725d2-dd47-4239-889a-d156160f6790;410.26;6.7201;UNKNOWN
2016-03-21T00:41:06.000000;2016-03-21T00:41:06.000000;a962af80-8994-41f1-9aed-e9e742a765f5;410.27;2.859662;UNKNOWN
2016-03-21T00:41:14.000000;2016-03-21T00:41:14.000000;1b9f6721-22de-4157-b1a9-2e837849ac1e;410.27;1.19698626;UNKNOWN
2016-03-21T00:43:27.000000;2016-03-21T00:43:27.000000;6ab7720b-b882-4d87-b23e-5d20f6071f7b;410.27;4.77;UNKNOWN
2016-03-21T00:43:48.000000;2016-03-21T00:43:48.000000;cdf632ef-568a-489e-958c-54f3bd97a359;410.28;6.0108;UNKNOWN
2016-03-21T00:43:58.000000;2016-03-21T00:43:58.000000;5c6edb81-292b-4b32-8c1d-043f70350cca;410.35;0.49509726;UNKNOWN
2016-03-21T00:44:06.000000;2016-03-21T00:44:06.000000;98230d13-dfc6-48e6-9a75-83bccd9ab0ed;410.35;0.23470491;UNKNOWN
2016-03-21T00:44:58.000000;2016-03-21T00:44:58.000000;f60608fd-85e1-4003-97f2-2cc65d2d2f69;410.36;4.0;UNKNOWN
2016-03-21T00:45:02.000000;2016-03-21T00:45:02.000000;20f6c75f-d73a-42fa-9118-d6fd056b050b;410.35;3.990254;UNKNOWN
2016-03-21T00:45:26.000000;2016-03-21T00:45:26.000000;e3d9a75f-d5c2-4cb2-a726-de9cf1ae6238;410.35;0.201017;UNKNOWN
2016-03-21T00:45:29.000000;2016-03-21T00:45:29.000000;4e4f602f-46e6-4856-ab1f-4547588b76fd;410.35;0.403167;UNKNOWN
2016-03-21T00:46:28.000000;2016-03-21T00:46:28.000000;b9dac1e6-ec02-419d-a55c-89455d8db83a;410.37;0.06104569;UNKNOWN
2016-03-21T00:48:03.000000;2016-03-21T00:48:03.000000;bdccfe27-3e31-4eba-9e82-9a4809894fa3;410.36;0.731172;UNKNOWN
2016-03-21T00:48:36.000000;2016-03-21T00:48:36.000000;e4224578-febc-4407-8c5e-054440d7cee0;410.36;6.0544;UNKNOWN
2016-03-21T00:48:51.000000;2016-03-21T00:48:51.000000;641dc18e-5c22-4fde-8c99-6a4b10b18b35;410.35;0.056493;UNKNOWN
2016-03-21T00:48:58.000000;2016-03-21T00:48:58.000000;b4df8fc2-53b4-4c85-84e8-2ad1d66c4ddb;410.35;1.943507;UNKNOWN
2016-03-21T00:49:08.000000;2016-03-21T00:49:08.000000;018d04d3-44cd-478b-aca6-c78e6af5c6dd;410.24;0.21940539;UNKNOWN
2016-03-21T00:49:10.000000;2016-03-21T00:49:10.000000;4ac66aff-e1a9-40ac-b84a-9c0517fce3be;410.25;8.82;UNKNOWN
2016-03-21T00:49:35.000000;2016-03-21T00:49:35.000000;efd53e50-dd3f-4bd8-adef-39fd2ec34ebf;410.24;2.0;UNKNOWN
2016-03-21T00:49:35.000000;2016-03-21T00:49:35.000000;04690e69-e1ea-454b-b2d3-05937dd7c959;410.24;0.01;UNKNOWN
2016-03-21T00:49:35.000000;2016-03-21T00:49:35.000000;955267b7-1f01-454f-8434-1c7cd6935cd0;410.24;5.64070084;UNKNOWN
2016-03-21T00:49:35.000000;2016-03-21T00:49:35.000000;04bbd9f2-43a0-42ec-8566-e798c706c348;410.19;3.15958316;UNKNOWN
2016-03-21T00:50:30.000000;2016-03-21T00:50:30.000000;099ae054-8fc7-4a13-9132-026ebd0881d1;410.2;0.081225;UNKNOWN
2016-03-21T00:50:38.000000;2016-03-21T00:50:38.000000;478f6217-1b0b-4521-8167-fbf6e4d27a1f;410.14;0.064417;UNKNOWN
2016-03-21T00:52:17.000000;2016-03-21T00:52:17.000000;fdcb0430-a37a-4499-879b-14dbead3dd38;410.15;0.059827;UNKNOWN
2016-03-21T00:52:35.000000;2016-03-21T00:52:35.000000;02282acc-b351-4b7f-aee2-db3b7fa9385e;410.15;0.05130338;UNKNOWN
2016-03-21T00:52:49.000000;2016-03-21T00:52:49.000000;d668dfb0-cec0-4cc5-859d-054b2a3a63d2;410.15;0.158649;UNKNOWN
2016-03-21T00:52:59.000000;2016-03-21T00:52:59.000000;d1c29fd7-ae42-40ec-8140-fe0be95ad96d;410.15;0.0622833;UNKNOWN
2016-03-21T00:54:08.000000;2016-03-21T00:54:08.000000;1bf84e77-ef48-4334-b0c1-d75aaa871faa;410.15;4.66793732;UNKNOWN
2016-03-21T00:54:08.000000;2016-03-21T00:54:08.000000;dc1b457c-4d36-428e-bd8f-8dfe1d9ed9a9;410.14;7.31244368;UNKNOWN
2016-03-21T00:55:08.000000;2016-03-21T00:55:08.000000;9819aef9-0ce1-425f-8ae7-367c7068455f;410.13;0.06028454;UNKNOWN
2016-03-21T00:55:33.000000;2016-03-21T00:55:33.000000;12c98803-1921-484c-98f8-4801d9b4067e;410.29;0.12;UNKNOWN
2016-03-21T00:58:29.000000;2016-03-21T00:58:29.000000;b7615c33-179f-4b43-a0a6-01eb272731f6;410.16;0.01;UNKNOWN
2016-03-21T00:58:29.000000;2016-03-21T00:58:29.000000;f10a7718-768f-4301-b00e-6a3b268b787a;410.13;0.06329234;UNKNOWN
2016-03-21T00:58:40.000000;2016-03-21T00:58:40.000000;d1677a41-58b9-4de6-b219-901a4acff13e;410.13;1.021697;UNKNOWN
2016-03-21T01:00:12.000000;2016-03-21T01:00:12.000000;f538a0f4-104c-4c78-a0de-ea8b7d54c78f;410.18;0.0742;UNKNOWN
2016-03-21T01:01:43.000000;2016-03-21T01:01:43.000000;4e5a52f4-e5d8-4ba9-b50b-6e05ce3b6083;410.25;0.0203;UNKNOWN
2016-03-21T01:01:54.000000;2016-03-21T01:01:54.000000;2759e4ae-bd54-490b-9645-c02c7a3ee826;410.25;0.0203;UNKNOWN
2016-03-21T01:02:50.000000;2016-03-21T01:02:50.000000;dd36d053-ed01-4bc0-8529-70561ea9b2e6;410.25;5.984773;UNKNOWN
2016-03-21T01:03:39.000000;2016-03-21T01:03:39.000000;ef84e34d-387d-48d4-a7ac-800115db6b87;410.26;0.029966;UNKNOWN
2016-03-21T01:04:11.000000;2016-03-21T01:04:11.000000;65057a4f-c368-4402-b69a-30d7d565c96d;410.35;0.73352474;UNKNOWN
2016-03-21T01:04:26.000000;2016-03-21T01:04:26.000000;279f582d-063b-4d0d-9b84-bea908a068a3;410.38;0.19986866;UNKNOWN
2016-03-21T01:04:27.000000;2016-03-21T01:04:27.000000;c4d22ac3-ea8f-4b5e-82fc-41adc87da357;410.39;0.19986866;UNKNOWN
2016-03-21T01:05:16.000000;2016-03-21T01:05:16.000000;e3b2ad22-3980-4d64-b056-d7dc1a23e37d;410.29;0.04776814;UNKNOWN
2016-03-21T01:05:22.000000;2016-03-21T01:05:22.000000;99770838-4f7e-43bc-a22e-3d93a190873c;410.3;0.010385;UNKNOWN
2016-03-21T01:05:23.000000;2016-03-21T01:05:23.000000;7ff2e5c6-a7b0-4a72-ae4a-38e448972613;410.3;0.072526;UNKNOWN
2016-03-21T01:05:37.000000;2016-03-21T01:05:37.000000;a0e3779c-9968-41ea-acfa-9f5c7bbae47d;410.29;0.83361451;UNKNOWN
2016-03-21T01:06:25.000000;2016-03-21T01:06:25.000000;cd408207-5afa-4769-812e-afe95ebdfcb3;410.26;3.91;UNKNOWN
2016-03-21T01:06:58.000000;2016-03-21T01:06:58.000000;cc704961-2fe4-486f-8d22-e52fb24f1248;410.25;2.31;UNKNOWN
2016-03-21T01:06:58.000000;2016-03-21T01:06:58.000000;526cbd5d-e573-4b49-93e5-722a96678964;410.25;8.56;UNKNOWN
2016-03-21T01:06:58.000000;2016-03-21T01:06:58.000000;a0b8bd9f-d5b0-41a8-acbd-b006bc0a280c;410.25;0.01;UNKNOWN
2016-03-21T01:06:58.000000;2016-03-21T01:06:58.000000;9347eb65-f779-4091-b3ad-1de0ad97e729;410.22;1.770085;UNKNOWN
2016-03-21T01:07:05.000000;2016-03-21T01:07:05.000000;59604be8-a64e-4739-97e3-da943f76256f;410.19;0.018294;UNKNOWN
2016-03-21T01:08:32.000000;2016-03-21T01:08:32.000000;546ca387-7246-4c39-9b55-89bf0b9c92f5;410.21;0.01;UNKNOWN
2016-03-21T01:08:37.000000;2016-03-21T01:08:37.000000;fb10a6ca-0d41-42e9-8ee0-3ce8af89c746;410.2;0.011529;UNKNOWN
2016-03-21T01:09:08.000000;2016-03-21T01:09:08.000000;83e3cc90-056d-4073-87d8-0f761dfaea73;410.19;0.01137507;UNKNOWN
2016-03-21T01:09:08.000000;2016-03-21T01:09:08.000000;5c5c1e2b-3db9-4626-b8dd-db773d4d9f88;410.2;0.037471;UNKNOWN
2016-03-21T01:09:22.000000;2016-03-21T01:09:22.000000;211808a0-4c85-4206-a251-4e21eee7929e;410.2;0.24817601;UNKNOWN
2016-03-21T01:09:40.000000;2016-03-21T01:09:40.000000;6357063a-871f-4df9-9bab-46ca49b7ee66;410.2;0.30534008;UNKNOWN
2016-03-21T01:10:19.000000;2016-03-21T01:10:19.000000;3443efb5-1e81-4d14-800e-e9badf8cd053;410.14;0.016803;UNKNOWN
2016-03-21T01:10:21.000000;2016-03-21T01:10:21.000000;a1ad959b-81d4-4e8b-9711-0c2fb907078a;410.14;0.01;UNKNOWN
2016-03-21T01:10:55.000000;2016-03-21T01:10:55.000000;67cc8d6e-99f0-4883-9142-dfce5a4f55ee;410.15;0.026458;UNKNOWN
2016-03-21T01:11:07.000000;2016-03-21T01:11:07.000000;df3dc8c3-4082-4e35-9ba1-8fec93a99e33;410.15;4.07;UNKNOWN
2016-03-21T01:11:14.000000;2016-03-21T01:11:14.000000;4883ff2d-426f-4f7b-9e96-4a3beb081768;410.14;4.350644;UNKNOWN
2016-03-21T01:11:18.000000;2016-03-21T01:11:18.000000;78a74e26-be41-422a-a8e0-bba51bb20ef3;410.14;0.055989;UNKNOWN
2016-03-21T01:13:05.000000;2016-03-21T01:13:05.000000;b8a4d4f3-8745-49f4-8c8b-44e0c174c11a;410.33;0.25702278;UNKNOWN
2016-03-21T01:14:03.000000;2016-03-21T01:14:03.000000;aab0a0f1-b527-4b40-82d8-ea03de0cca12;410.16;0.04819393;UNKNOWN
2016-03-21T01:15:06.000000;2016-03-21T01:15:06.000000;dff36005-2b41-42a2-bd04-8ed545f0ae9e;410.28;0.04;UNKNOWN
2016-03-21T01:15:23.000000;2016-03-21T01:15:23.000000;9da45071-99d5-4cf5-aa26-d3528483acc1;410.28;3.0;UNKNOWN
2016-03-21T01:16:03.000000;2016-03-21T01:16:03.000000;4b9626db-2c05-4c74-8e6f-034c31b8ce04;410.48;0.1;UNKNOWN
2016-03-21T01:16:10.000000;2016-03-21T01:16:10.000000;6200f637-d95b-411c-a189-6bc5822a69c4;410.41;5.63;UNKNOWN
2016-03-21T01:16:51.000000;2016-03-21T01:16:51.000000;6bbcf661-b292-4a20-a52d-a9db5f911adc;410.41;0.01;UNKNOWN
2016-03-21T01:16:55.000000;2016-03-21T01:16:55.000000;acf65f74-fdf1-4bc3-8eb4-71be1d87c348;410.41;0.01;UNKNOWN
2016-03-21T01:17:08.000000;2016-03-21T01:17:08.000000;b0249b5b-17d3-441e-8632-ba1e4657d132;410.41;0.97661209;UNKNOWN
2016-03-21T01:20:35.000000;2016-03-21T01:20:35.000000;74587504-1050-4c64-b0eb-e734544435b4;410.13;6.01469;UNKNOWN
2016-03-21T01:21:41.000000;2016-03-21T01:21:41.000000;d9e47d6c-00b7-42f2-ad12-f7b652bbe4b5;410.27;1.0;UNKNOWN
2016-03-21T01:21:51.000000;2016-03-21T01:21:51.000000;890373d1-e004-4a5c-b93f-6394d5e8a78a;410.27;0.01;UNKNOWN
2016-03-21T01:21:57.000000;2016-03-21T01:21:57.000000;28c7e208-0a02-4380-b7b0-3a830bda51cd;410.27;0.01;UNKNOWN
2016-03-21T01:22:59.000000;2016-03-21T01:22:59.000000;ec68e866-9ef6-4df7-875b-e4d7e91698e7;410.13;0.04301971;UNKNOWN
2016-03-21T01:22:59.000000;2016-03-21T01:22:59.000000;46dde262-23a7-4e49-a71d-475cda1f5029;410.14;0.01;UNKNOWN
2016-03-21T01:24:03.000000;2016-03-21T01:24:03.000000;d135bf20-27c0-47ec-967d-58c18bc037f2;410.13;0.1294863;UNKNOWN
2016-03-21T01:24:03.000000;2016-03-21T01:24:03.000000;57fc01ac-1cd9-49dc-9971-9587eae134f1;410.13;0.09261178;UNKNOWN
2016-03-21T01:24:03.000000;2016-03-21T01:24:03.000000;e897dfa3-d6cd-41c3-bc9d-dc75eab59444;410.16;0.01;UNKNOWN
2016-03-21T01:25:04.000000;2016-03-21T01:25:04.000000;d9fc20eb-cfde-461d-af43-ff20af09f77e;410.13;1.065916;UNKNOWN
2016-03-21T01:25:33.000000;2016-03-21T01:25:33.000000;0e4ea91d-faec-4ee8-b30a-e1a086b21e3e;410.13;0.01;UNKNOWN
2016-03-21T01:25:39.000000;2016-03-21T01:25:39.000000;7cdf8891-57a3-4341-add7-d2a79778c198;410.13;0.82988432;UNKNOWN
2016-03-21T01:25:39.000000;2016-03-21T01:25:39.000000;6a7a09a5-4a07-4c7f-92db-67ec8998eeba;410.13;0.91611568;UNKNOWN
2016-03-21T01:25:40.000000;2016-03-21T01:25:40.000000;67c72017-bb43-42c8-b618-4592d9c71f35;410.13;0.01;UNKNOWN
2016-03-21T01:25:44.000000;2016-03-21T01:25:44.000000;ac49d9d5-e2a2-4119-b3e0-6f068ca2b9fc;410.13;0.01;UNKNOWN
2016-03-21T01:25:50.000000;2016-03-21T01:25:50.000000;a16bec7d-a9eb-4759-9c75-16e62f7e34bf;410.13;0.01;UNKNOWN
2016-03-21T01:26:03.000000;2016-03-21T01:26:03.000000;ed065ba6-8ede-4f20-ac63-56104ddd6048;410.1;0.10094932;UNKNOWN
2016-03-21T01:26:03.000000;2016-03-21T01:26:03.000000;b7c5ce3d-dad4-4d74-8e45-dd3854e5737f;410.13;0.14011568;UNKNOWN
2016-03-21T01:26:23.000000;2016-03-21T01:26:23.000000;21eedc50-eda9-49d6-898a-321fec391933;410.1;0.89905068;UNKNOWN
2016-03-21T01:26:28.000000;2016-03-21T01:26:28.000000;d2703c17-d7ca-4e35-ad16-b6106027ce92;410.01;0.0361437;UNKNOWN
2016-03-21T01:26:32.000000;2016-03-21T01:26:32.000000;e2504ae1-4668-4fed-9328-e2a37abb5c53;410.01;0.01;UNKNOWN
2016-03-21T01:26:51.000000;2016-03-21T01:26:51.000000;47636b72-d928-44ad-a5bd-8f132142b6bf;410.01;1.0;UNKNOWN
2016-03-21T01:27:24.000000;2016-03-21T01:27:24.000000;54f7eab8-68d3-41fa-af48-32878f649c3d;410.01;1.053;UNKNOWN
2016-03-21T01:28:06.000000;2016-03-21T01:28:06.000000;2d34bdb1-0a0c-4028-9f1f-55cdaebad95c;410.14;0.01;UNKNOWN
2016-03-21T01:28:06.000000;2016-03-21T01:28:06.000000;bb283485-7cf5-4cf0-a1da-b89bd12b8742;410.16;0.0625023;UNKNOWN
2016-03-21T01:29:15.000000;2016-03-21T01:29:15.000000;2839c6d5-6fb6-4f1c-8997-df3711259b8c;410.01;0.18331378;UNKNOWN
2016-03-21T01:29:15.000000;2016-03-21T01:29:15.000000;f7dda17c-d473-4981-89ae-55ab85f0eb3d;410.03;0.061;UNKNOWN
2016-03-21T01:29:27.000000;2016-03-21T01:29:27.000000;3416ccef-8483-4a78-95c4-0360d8c0855a;410.02;7.09;UNKNOWN
2016-03-21T01:29:31.000000;2016-03-21T01:29:31.000000;be6e0a94-a360-457a-84bc-e24ce885b2d5;410.02;3.570572;UNKNOWN
2016-03-21T01:29:37.000000;2016-03-21T01:29:37.000000;80cc95aa-1867-4d08-b905-01bab11c1f4b;410.02;1.862909;UNKNOWN
2016-03-21T01:32:03.000000;2016-03-21T01:32:03.000000;5263d89c-c625-4242-a39c-1e84f0d40cd2;410.02;0.29524436;UNKNOWN
2016-03-21T01:33:48.000000;2016-03-21T01:33:48.000000;8858d562-7c2a-4058-b660-e6f49a830e8f;410.01;0.81668622;UNKNOWN
2016-03-21T01:33:48.000000;2016-03-21T01:33:48.000000;af2e7cae-88a4-47c1-bf06-a045d8ce3c91;410.01;4.84027078;UNKNOWN
2016-03-21T01:35:55.000000;2016-03-21T01:35:55.000000;ddc5fdcc-3297-4e0e-ab07-c7df88d01c5f;410.01;0.48968761;UNKNOWN
2016-03-21T01:36:34.000000;2016-03-21T01:36:34.000000;ba420550-fe06-4eb5-9e1b-d69089bb706d;410.0;3.9;UNKNOWN
2016-03-21T01:36:34.000000;2016-03-21T01:36:34.000000;e57e0747-bc66-4953-8c1e-ce412d1ef9d2;410.01;2.0;UNKNOWN
2016-03-21T01:36:34.000000;2016-03-21T01:36:34.000000;5cf296c4-7b4e-4278-b205-17190a45de1f;410.0;10.06995839;UNKNOWN
2016-03-21T01:36:34.000000;2016-03-21T01:36:34.000000;ea7cada6-f7bf-42db-be66-cecae2a661f9;410.01;2.73004161;UNKNOWN
2016-03-21T01:36:34.000000;2016-03-21T01:36:34.000000;936575a7-8ece-4e4e-9bd4-51703bf62736;410.0;1.0;UNKNOWN
2016-03-21T01:36:45.000000;2016-03-21T01:36:45.000000;2310ea78-2852-4fb6-bf62-5508b4a38033;410.0;5.0;UNKNOWN
2016-03-21T01:37:05.000000;2016-03-21T01:37:05.000000;71938c6b-8877-4515-b592-de86839b6311;410.01;3.0;UNKNOWN
2016-03-21T01:38:01.000000;2016-03-21T01:38:01.000000;2446b0cb-44e1-4ce1-8ff2-f411146fa7d7;409.61;4.6;UNKNOWN
2016-03-21T01:38:01.000000;2016-03-21T01:38:01.000000;5b2db532-9284-4178-b6a4-9b5d33bcccbb;409.61;3.41034864;UNKNOWN
2016-03-21T01:38:01.000000;2016-03-21T01:38:01.000000;41f86377-1901-467d-8da7-5b341e084149;409.75;0.055;UNKNOWN
2016-03-21T01:38:01.000000;2016-03-21T01:38:01.000000;4e20f4d1-2198-479d-af80-757a10b18fbe;409.7;2.0;UNKNOWN
2016-03-21T01:38:01.000000;2016-03-21T01:38:01.000000;3d018eab-0aa4-48e9-af1d-32480c2aa6e1;409.79;5.3;UNKNOWN
2016-03-21T01:38:01.000000;2016-03-21T01:38:01.000000;4da7c8bc-a9ae-4a59-b4e7-899e10d2899b;409.69;0.01;UNKNOWN
2016-03-21T01:38:01.000000;2016-03-21T01:38:01.000000;e9b82c09-7f6e-4caa-839c-46bcd0e7128d;410.0;0.48720836;UNKNOWN
2016-03-21T01:38:01.000000;2016-03-21T01:38:01.000000;7aa6e22a-f477-44c8-903c-729579a0652f;410.0;0.01;UNKNOWN
2016-03-21T01:38:03.000000;2016-03-21T01:38:03.000000;4ef323fd-38c4-420c-b283-506f0be82359;409.61;0.09775409;UNKNOWN
2016-03-21T01:38:20.000000;2016-03-21T01:38:20.000000;24582e4d-6cdf-46eb-90d3-681226856fa9;409.61;0.2419473;UNKNOWN
2016-03-21T01:38:54.000000;2016-03-21T01:38:54.000000;9947efde-ebeb-470b-914a-0926601e0c9d;409.61;0.242;UNKNOWN
2016-03-21T01:38:54.000000;2016-03-21T01:38:54.000000;044a4d4f-3625-4df0-b618-1c704b969afc;409.61;0.242;UNKNOWN
2016-03-21T01:38:54.000000;2016-03-21T01:38:54.000000;70e26d15-0757-4d1f-a44c-ef201fb135ae;409.61;0.242;UNKNOWN
2016-03-21T01:38:54.000000;2016-03-21T01:38:54.000000;64725214-dc83-4fd0-80fc-a2561131d853;409.61;0.242;UNKNOWN
2016-03-21T01:38:54.000000;2016-03-21T01:38:54.000000;172264f4-8249-48ee-822c-e7b23917cb31;409.61;1.612;UNKNOWN
2016-03-21T01:38:54.000000;2016-03-21T01:38:54.000000;98411cb5-a741-4418-af52-e2b7e3ab930c;409.61;0.242;UNKNOWN
2016-03-21T01:38:54.000000;2016-03-21T01:38:54.000000;0d28d7a8-9b0f-44d6-8c06-c0fc106ee2f2;409.61;0.242;UNKNOWN
2016-03-21T01:38:54.000000;2016-03-21T01:38:54.000000;5d5d4b72-ae18-40d4-bf55-891ed52fff7c;409.61;0.242;UNKNOWN
2016-03-21T01:38:54.000000;2016-03-21T01:38:54.000000;2fd10770-d8d6-4cfa-863a-671289e12524;409.61;0.242;UNKNOWN
2016-03-21T01:38:54.000000;2016-03-21T01:38:54.000000;0245d50a-d30a-4ed8-ad70-cc12ae2bd3e4;409.61;0.242;UNKNOWN
2016-03-21T01:38:54.000000;2016-03-21T01:38:54.000000;3006517f-1b16-433f-80fc-cb1f2c83b721;409.61;0.242;UNKNOWN
2016-03-21T01:38:54.000000;2016-03-21T01:38:54.000000;b5957d0e-713e-4a19-8578-02463f0037b7;409.61;0.242;UNKNOWN
2016-03-21T01:38:54.000000;2016-03-21T01:38:54.000000;6ea95081-7eba-478d-92cf-50a729b4f0b9;409.61;0.242;UNKNOWN
2016-03-21T01:38:54.000000;2016-03-21T01:38:54.000000;0114a745-3e48-4cf6-bed7-ff0cf10dcf9d;409.61;0.242;UNKNOWN
2016-03-21T01:38:54.000000;2016-03-21T01:38:54.000000;ba81f0ee-f02a-4a5a-8079-8dbf6a1ed002;409.61;0.242;UNKNOWN
2016-03-21T01:40:14.000000;2016-03-21T01:40:14.000000;e29991d6-6716-49a6-8859-0fc53b38addb;409.64;0.01;UNKNOWN
2016-03-21T01:41:08.000000;2016-03-21T01:41:08.000000;e99c11a2-184e-4ee7-824b-7830ca8c7443;409.62;0.0563669;UNKNOWN
2016-03-21T01:41:08.000000;2016-03-21T01:41:08.000000;2e63aea0-d943-4d0d-a437-bb5c73d73179;409.62;0.01;UNKNOWN
2016-03-21T01:42:27.000000;2016-03-21T01:42:27.000000;176659f9-2780-46ca-ae7e-e5486ca076ab;409.61;8.21;UNKNOWN
2016-03-21T01:42:32.000000;2016-03-21T01:42:32.000000;eed9a0d8-6569-448d-8abd-50d1e2e31459;409.61;0.69670597;UNKNOWN
2016-03-21T01:42:32.000000;2016-03-21T01:42:32.000000;5ba52b60-22d2-472c-9d45-50557dbee80a;409.61;0.651736;UNKNOWN
2016-03-21T01:42:33.000000;2016-03-21T01:42:33.000000;e7fac70a-cdaf-44cd-83e1-dfc84ab712eb;409.6;7.662372;UNKNOWN
2016-03-21T01:43:05.000000;2016-03-21T01:43:05.000000;ce41ef5c-a517-4711-9b5e-ca3c8ca4c211;409.61;0.43498224;UNKNOWN
2016-03-21T01:43:22.000000;2016-03-21T01:43:22.000000;9b5de98a-0142-417d-b1e4-36ab4d1981f9;409.6;7.337628;UNKNOWN
2016-03-21T01:43:22.000000;2016-03-21T01:43:22.000000;d16841b6-5dcc-40ab-ad36-5128ff3085e7;409.47;0.25553787;UNKNOWN
2016-03-21T01:43:22.000000;2016-03-21T01:43:22.000000;ada142ec-1162-4eae-b3bf-5bbfeb1ccc72;409.4;4.12483413;UNKNOWN
2016-03-21T01:43:22.000000;2016-03-21T01:43:22.000000;b6c18125-807c-40f4-bf9d-202674f75f8d;409.55;0.5;UNKNOWN
2016-03-21T01:43:22.000000;2016-03-21T01:43:22.000000;be6e1c4a-a1a6-4612-af56-70ca15b88006;409.5;0.072;UNKNOWN
2016-03-21T01:43:29.000000;2016-03-21T01:43:29.000000;c3de05d1-0f18-47c7-9af9-4210a17e674e;409.3;0.5;UNKNOWN
2016-03-21T01:43:29.000000;2016-03-21T01:43:29.000000;cde72fbd-5e5c-44d8-a6d9-8cd939b0181d;409.3;0.045;UNKNOWN
2016-03-21T01:43:30.000000;2016-03-21T01:43:30.000000;2125f57b-1889-4a05-8dfa-ff976b6a2654;409.3;2.455;UNKNOWN
2016-03-21T01:43:30.000000;2016-03-21T01:43:30.000000;9dbaf452-1d8b-44f7-96b3-591ecffaf887;409.3;9.835;UNKNOWN
2016-03-21T01:43:39.000000;2016-03-21T01:43:39.000000;440da84b-cbf7-4cd5-b4a3-0a3d8741b143;409.28;0.01;UNKNOWN
2016-03-21T01:43:39.000000;2016-03-21T01:43:39.000000;aec6e9b5-d3ac-4165-a094-50f9543857b6;409.26;12.28;UNKNOWN
2016-03-21T01:43:43.000000;2016-03-21T01:43:43.000000;78e155f6-e677-477e-9e9e-de65624d769f;409.25;12.29;UNKNOWN
2016-03-21T01:43:55.000000;2016-03-21T01:43:55.000000;ebebf654-2a8f-4a12-83d6-059d1b021889;409.12;1.0;UNKNOWN
2016-03-21T01:43:55.000000;2016-03-21T01:43:55.000000;a9a528e7-9219-4e46-9667-77cef99b62b0;409.11;0.01704037;UNKNOWN
2016-03-21T01:43:55.000000;2016-03-21T01:43:55.000000;85088f0b-99ea-443b-a043-3db9357194f4;409.25;1.185;UNKNOWN
2016-03-21T01:43:55.000000;2016-03-21T01:43:55.000000;808beb38-12e1-4539-99a3-9832bf6d3baa;409.14;14.3146;UNKNOWN
2016-03-21T01:43:55.000000;2016-03-21T01:43:55.000000;16c0151e-8ef1-4230-9f54-9226c75998fa;409.11;3.48335963;UNKNOWN
2016-03-21T01:44:35.000000;2016-03-21T01:44:35.000000;f1874e8d-3a70-4746-9fd6-7e833743c9cc;409.63;3.5;UNKNOWN
2016-03-21T01:44:48.000000;2016-03-21T01:44:48.000000;bba7b3d5-def4-431d-8edc-6e71cfdc6472;409.6;3.7;UNKNOWN
2016-03-21T01:46:02.000000;2016-03-21T01:46:02.000000;e7cf2178-764b-44a3-91dd-3ccbdbb77223;409.29;0.20074314;UNKNOWN
2016-03-21T01:46:41.000000;2016-03-21T01:46:41.000000;37f0773d-14aa-4956-bc9a-7a5c6c329f9f;409.29;0.02;UNKNOWN
2016-03-21T01:46:42.000000;2016-03-21T01:46:42.000000;64e2a514-c9e6-485a-a4e9-6712c80a28da;409.29;1.557582;UNKNOWN
2016-03-21T01:47:14.000000;2016-03-21T01:47:14.000000;2fb1c2ab-353f-4e52-96ed-9a1fada13d4a;409.29;1.32167486;UNKNOWN
2016-03-21T01:47:14.000000;2016-03-21T01:47:14.000000;1d019f25-0584-460a-ad76-b4f1a27d4381;409.29;0.1;UNKNOWN
2016-03-21T01:47:14.000000;2016-03-21T01:47:14.000000;c1115006-1cb9-4d94-bfd6-5b1a23b0dc0b;409.29;0.03880829;UNKNOWN
2016-03-21T01:47:43.000000;2016-03-21T01:47:43.000000;1d630ad9-cc0e-4122-85da-d0a1120909ea;409.1;0.5;UNKNOWN
2016-03-21T01:47:43.000000;2016-03-21T01:47:43.000000;cd08a257-954e-4dd4-9188-f206e56f6dcb;409.1;1.0;UNKNOWN
2016-03-21T01:48:05.000000;2016-03-21T01:48:05.000000;9086f165-4357-49fa-a546-eaabed89c995;409.1;0.243;UNKNOWN
2016-03-21T01:48:05.000000;2016-03-21T01:48:05.000000;3111012d-3e3b-4290-b49b-f8981d9c281b;409.1;3.514;UNKNOWN
2016-03-21T01:48:05.000000;2016-03-21T01:48:05.000000;a6577e4d-f85b-4b7f-935e-adf923a5c49f;409.1;0.243;UNKNOWN
2016-03-21T01:48:06.000000;2016-03-21T01:48:06.000000;60d4892c-8042-4782-a4ee-bc8f92147128;409.2;0.0242207;UNKNOWN
2016-03-21T01:48:39.000000;2016-03-21T01:48:39.000000;5ee9f6ba-c088-4d47-9669-b0cdd88312e8;409.11;0.243;UNKNOWN
2016-03-21T01:48:39.000000;2016-03-21T01:48:39.000000;48fca8b7-e5bd-4c9c-b6d3-5983448936a4;409.11;0.243;UNKNOWN
2016-03-21T01:48:39.000000;2016-03-21T01:48:39.000000;4889c967-e51a-4b93-8fcb-b5c3bf6405ac;409.11;0.243;UNKNOWN
2016-03-21T01:48:39.000000;2016-03-21T01:48:39.000000;0069b1f2-5530-4866-b9a9-122d18ebe3c1;409.11;0.243;UNKNOWN
2016-03-21T01:48:39.000000;2016-03-21T01:48:39.000000;fc2a55d6-cd23-4196-9a51-1ca10771de67;409.11;0.243;UNKNOWN
2016-03-21T01:48:39.000000;2016-03-21T01:48:39.000000;6b3adb79-8e54-42dd-8ae8-110c57b3aa16;409.11;0.243;UNKNOWN
2016-03-21T01:48:39.000000;2016-03-21T01:48:39.000000;5ff4215f-2f77-4702-9c41-5ef13e984f93;409.11;0.243;UNKNOWN
2016-03-21T01:48:39.000000;2016-03-21T01:48:39.000000;7fe118ff-6f22-4251-9bc4-0b64479d56e3;409.11;0.243;UNKNOWN
2016-03-21T01:48:39.000000;2016-03-21T01:48:39.000000;07bd033c-0247-43f6-8c29-9ce4a11bbea6;409.11;0.07770469;UNKNOWN
2016-03-21T01:49:54.000000;2016-03-21T01:49:54.000000;9f6a714a-e512-4e74-b4ae-e0b7e870e371;409.29;0.1227;UNKNOWN
2016-03-21T01:50:05.000000;2016-03-21T01:50:05.000000;908b3487-1187-4b07-b484-fa0eeb963e66;409.29;0.03684884;UNKNOWN
2016-03-21T01:50:54.000000;2016-03-21T01:50:54.000000;26e85ac5-8da5-436b-8ea4-92924e7be9a8;409.18;0.242;UNKNOWN
2016-03-21T01:50:54.000000;2016-03-21T01:50:54.000000;75a30d2e-94c6-4bf4-9513-a084075a5de7;409.18;0.243;UNKNOWN
2016-03-21T01:50:54.000000;2016-03-21T01:50:54.000000;b86a5bad-8ba3-4585-875a-4ad76381986d;409.18;0.243;UNKNOWN
2016-03-21T01:50:54.000000;2016-03-21T01:50:54.000000;2b664fa2-7e74-4b35-87da-a2560fad3ffd;409.18;0.242;UNKNOWN
2016-03-21T01:50:54.000000;2016-03-21T01:50:54.000000;34829b4a-f3ec-4ffb-8cfd-cd36cb3a70f1;409.18;0.242;UNKNOWN
2016-03-21T01:50:54.000000;2016-03-21T01:50:54.000000;68850a22-28f1-459d-9170-2abe2a2eacc0;409.18;0.243;UNKNOWN
2016-03-21T01:50:54.000000;2016-03-21T01:50:54.000000;162b0f97-95a8-43aa-8557-4ec861ed90d0;409.18;0.243;UNKNOWN
2016-03-21T01:50:54.000000;2016-03-21T01:50:54.000000;19eee73e-feec-42b3-93ef-6d4e427df90c;409.18;0.243;UNKNOWN
2016-03-21T01:50:54.000000;2016-03-21T01:50:54.000000;29a2f4cb-7be1-4d62-8d24-695413d29a2b;409.18;0.243;UNKNOWN
2016-03-21T01:50:54.000000;2016-03-21T01:50:54.000000;54e857da-a45b-4e09-8e07-f46f44743e41;409.18;0.243;UNKNOWN
2016-03-21T01:50:54.000000;2016-03-21T01:50:54.000000;1830a6f7-72f2-40be-829f-d58b7bf83c41;409.18;0.182021;UNKNOWN
2016-03-21T01:55:04.000000;2016-03-21T01:55:04.000000;a53c65bb-1e79-4406-a189-3003e7a909ca;409.18;0.060979;UNKNOWN
2016-03-21T01:55:04.000000;2016-03-21T01:55:04.000000;9aa7793e-4d20-49e3-a1a5-482ff4dc3021;409.18;4.013647;UNKNOWN
2016-03-21T01:55:04.000000;2016-03-21T01:55:04.000000;06883c1f-ed4e-42e3-a9b5-a3ff4f140dfa;409.18;0.243;UNKNOWN
2016-03-21T01:57:05.000000;2016-03-21T01:57:05.000000;50dff0f9-b3d4-4b44-97b5-deba8392f802;409.26;9.0;UNKNOWN
2016-03-21T01:58:43.000000;2016-03-21T01:58:43.000000;e6c67d5c-f43b-4f43-89f3-f85950ed48e3;409.13;1.03450874;UNKNOWN
2016-03-21T01:59:35.000000;2016-03-21T01:59:35.000000;762a4341-63a1-4c2c-a8ac-29e6c59bea22;409.13;7.28549126;UNKNOWN
2016-03-21T01:59:35.000000;2016-03-21T01:59:35.000000;89fca7cb-aff7-4e50-998c-5045821786bb;409.12;0.09667874;UNKNOWN
2016-03-21T02:02:05.000000;2016-03-21T02:02:05.000000;448da851-bc9e-4a24-8276-2b35ada11053;409.13;0.22076907;UNKNOWN
2016-03-21T02:02:10.000000;2016-03-21T02:02:10.000000;d3f0d58d-4411-4c2c-b939-5fab0fb3bed0;408.98;7.64910666;UNKNOWN
2016-03-21T02:02:10.000000;2016-03-21T02:02:10.000000;f08202f6-bf30-4dc7-b586-ca3ec963b37d;409.0;0.5;UNKNOWN
2016-03-21T02:02:10.000000;2016-03-21T02:02:10.000000;9c1d400c-faba-4f66-8211-1850bb8cca75;409.0;0.5;UNKNOWN
2016-03-21T02:02:10.000000;2016-03-21T02:02:10.000000;1eb6c38f-e397-4969-b11a-318d843b6e21;409.0;1.82089334;UNKNOWN
2016-03-21T02:02:10.000000;2016-03-21T02:02:10.000000;1ace391f-5032-4a80-b75c-43c57688a6b3;409.0;0.03;UNKNOWN
2016-03-21T02:02:16.000000;2016-03-21T02:02:16.000000;25feee15-759c-4404-af1f-9f10e1d5e7f4;408.88;0.02209;UNKNOWN
2016-03-21T02:02:16.000000;2016-03-21T02:02:16.000000;b95fbd7b-a89b-4080-8b08-982a7e8b6543;408.88;0.01;UNKNOWN
2016-03-21T02:02:16.000000;2016-03-21T02:02:16.000000;cb7b4fe4-c920-4e84-a4e7-5c73a4c072c8;408.86;6.87769068;UNKNOWN
2016-03-21T02:02:41.000000;2016-03-21T02:02:41.000000;9c7e38e1-fb77-4330-8549-47bdd29be12e;408.86;0.76946261;UNKNOWN
2016-03-21T02:03:03.000000;2016-03-21T02:03:03.000000;857f00f8-d069-4543-951c-e06d0011616b;408.86;0.10547886;UNKNOWN
2016-03-21T02:03:09.000000;2016-03-21T02:03:09.000000;ef69bee3-ff9a-448a-9d00-4fb31ebbb6d1;408.86;0.10547886;UNKNOWN
2016-03-21T02:03:10.000000;2016-03-21T02:03:10.000000;b0555446-20bb-4dcc-bbd1-b71709aa95f5;408.86;0.50994055;UNKNOWN
2016-03-21T02:03:24.000000;2016-03-21T02:03:24.000000;90bd2b3c-6f2a-4397-bd1e-8d437c2f48c9;408.87;1.20589583;UNKNOWN
2016-03-21T02:03:27.000000;2016-03-21T02:03:27.000000;6d104a2e-613f-4075-945b-3e80a9e44800;408.87;0.55195063;UNKNOWN
2016-03-21T02:04:06.000000;2016-03-21T02:04:06.000000;a15fa39c-75a7-4356-83b0-9a39b808f12a;408.88;2.058824;UNKNOWN
2016-03-21T02:04:35.000000;2016-03-21T02:04:35.000000;2099e666-d9bf-49e5-9cff-abadad090216;408.88;0.05146525;UNKNOWN
2016-03-21T02:04:59.000000;2016-03-21T02:04:59.000000;bbb07ed3-92ba-401c-b5a5-07872387fe02;408.76;0.5;UNKNOWN
2016-03-21T02:04:59.000000;2016-03-21T02:04:59.000000;94a840b4-dede-41de-af02-a4b1ad95a595;408.7;2.0;UNKNOWN
2016-03-21T02:04:59.000000;2016-03-21T02:04:59.000000;ca52a6c4-5b69-446a-a7d3-fa48420fd0fc;408.88;1.84;UNKNOWN
2016-03-21T02:05:04.000000;2016-03-21T02:05:04.000000;b53422f1-2e3f-4ced-9696-6225e668d8d4;408.55;1.25;UNKNOWN
2016-03-21T02:05:04.000000;2016-03-21T02:05:04.000000;a655668a-4245-4e99-ab75-5a62f088d5ea;408.31;3.76617914;UNKNOWN
2016-03-21T02:05:04.000000;2016-03-21T02:05:04.000000;c64b2d01-6ec9-4aa8-baba-0a6ce4dc2667;408.57;5.0;UNKNOWN
2016-03-21T02:05:04.000000;2016-03-21T02:05:04.000000;35270f94-78a0-47e3-b00f-bcb3b6fe9d46;408.56;6.0226;UNKNOWN
2016-03-21T02:05:04.000000;2016-03-21T02:05:04.000000;a42a9f7f-996a-4180-b370-4a5be2cd597f;408.4;31.63194844;UNKNOWN
2016-03-21T02:05:04.000000;2016-03-21T02:05:04.000000;aa4e842c-8bbd-428f-baf6-9ea6e6ca9276;408.39;13.4552;UNKNOWN
2016-03-21T02:05:04.000000;2016-03-21T02:05:04.000000;e32843c2-3c7a-412d-b076-70856cc75d2c;408.3;2.96107242;UNKNOWN
2016-03-21T02:05:04.000000;2016-03-21T02:05:04.000000;c8e8cc17-3117-489b-8172-875c1ad2648f;408.59;0.183;UNKNOWN
2016-03-21T02:05:04.000000;2016-03-21T02:05:04.000000;72535365-afd4-4536-92c5-8a60a920e358;408.35;2.0;UNKNOWN
2016-03-21T02:05:04.000000;2016-03-21T02:05:04.000000;ba268b6f-882a-46ab-b053-d562dea7a723;408.29;0.1;UNKNOWN
2016-03-21T02:05:04.000000;2016-03-21T02:05:04.000000;ad06c096-e033-4c25-b0b5-6a892b8f9ac6;408.26;3.84300776;UNKNOWN
2016-03-21T02:05:04.000000;2016-03-21T02:05:04.000000;e523d785-9aaf-48ef-9f71-ceddb24e030f;408.3;17.05699224;UNKNOWN
2016-03-21T02:05:05.000000;2016-03-21T02:05:05.000000;4907ebc7-d6d9-4915-8d18-fb7f146cdde3;408.13;4.97783;UNKNOWN
2016-03-21T02:05:05.000000;2016-03-21T02:05:05.000000;062605af-526f-4220-93f3-046562cd8a97;408.25;0.02217;UNKNOWN
2016-03-21T02:05:05.000000;2016-03-21T02:05:05.000000;d6eca91c-b2c6-4563-a57c-d2f29aa962e8;408.13;0.5;UNKNOWN
2016-03-21T02:06:08.000000;2016-03-21T02:06:08.000000;073ca1c3-2d7b-4dac-9e74-fadec4cc8944;408.1;0.03;UNKNOWN
2016-03-21T02:06:08.000000;2016-03-21T02:06:08.000000;f33c0e3c-4ec1-4beb-ad91-bd77140e4031;408.11;0.061;UNKNOWN
2016-03-21T02:06:08.000000;2016-03-21T02:06:08.000000;ebb65ebe-5ec0-465f-8cf0-b80db82c90f9;408.03;1.772464;UNKNOWN
2016-03-21T02:06:25.000000;2016-03-21T02:06:25.000000;0f10e535-e16e-49c7-b6d5-bbfdff76ef63;408.4;0.00994055;UNKNOWN
2016-03-21T02:07:05.000000;2016-03-21T02:07:05.000000;4f53c512-b474-4376-93dd-5276303947dc;408.4;0.2;UNKNOWN
2016-03-21T02:07:06.000000;2016-03-21T02:07:06.000000;6ad058f9-99c8-494b-8da7-f9efda4ea597;408.4;0.04843905;UNKNOWN
2016-03-21T02:07:57.000000;2016-03-21T02:07:57.000000;1118bcf2-2eef-441b-91e5-e965255c27c1;408.38;0.0358;UNKNOWN
2016-03-21T02:08:36.000000;2016-03-21T02:08:36.000000;d523f01f-da24-43d1-9a8b-94cda9125c5f;408.14;11.427836;UNKNOWN
2016-03-21T02:08:47.000000;2016-03-21T02:08:47.000000;c7fd4d0f-e567-4460-b802-d020cd97ef2a;408.1;7.8238821;UNKNOWN
2016-03-21T02:08:47.000000;2016-03-21T02:08:47.000000;a6adb7b4-f2e6-4fb0-ba50-421fc87813c6;408.13;0.62;UNKNOWN
2016-03-21T02:11:41.000000;2016-03-21T02:11:41.000000;a2113554-7dba-4eaf-baa1-12cea7d6df45;408.21;1.0;UNKNOWN
2016-03-21T02:13:05.000000;2016-03-21T02:13:05.000000;50e278f1-f27e-4c7d-9fbc-cfbfa47a0cc1;408.21;1.47438663;UNKNOWN
2016-03-21T02:13:06.000000;2016-03-21T02:13:06.000000;52f3b537-ab6a-4f26-b681-c4984920c9b0;408.2;0.11855;UNKNOWN
2016-03-21T02:13:06.000000;2016-03-21T02:13:06.000000;ca4bc508-5b48-484f-a859-94e7b3f2e99f;408.15;6.548651;UNKNOWN
2016-03-21T02:13:06.000000;2016-03-21T02:13:06.000000;c1df2834-7931-42b8-86a3-68d966e6db94;408.21;0.6539272;UNKNOWN
2016-03-21T02:13:06.000000;2016-03-21T02:13:06.000000;8986455a-3d3c-43c3-808b-28d423ea5e84;408.19;0.061;UNKNOWN
2016-03-21T02:14:05.000000;2016-03-21T02:14:05.000000;bdd7662d-5b80-4ef6-91a8-2eacb429217f;408.15;0.5;UNKNOWN
2016-03-21T02:16:05.000000;2016-03-21T02:16:05.000000;98df14af-31ec-40d0-947c-b18596f1512a;408.16;0.1;UNKNOWN
2016-03-21T02:16:12.000000;2016-03-21T02:16:12.000000;91d3d9db-4b21-484c-8e74-fe1caf6f2cf8;408.14;0.20817046;UNKNOWN
2016-03-21T02:17:16.000000;2016-03-21T02:17:16.000000;8fa0fd29-f473-4f05-a828-8ed37c4510b7;408.05;0.46;UNKNOWN
2016-03-21T02:17:16.000000;2016-03-21T02:17:16.000000;2217989d-6784-4425-a660-231ac55130ca;408.01;0.603706;UNKNOWN
2016-03-21T02:17:16.000000;2016-03-21T02:17:16.000000;e16808fa-6cf8-4c36-aca1-678f0e29570d;408.09;0.061;UNKNOWN
2016-03-21T02:17:16.000000;2016-03-21T02:17:16.000000;bd669fa4-eb5b-4228-ba9d-aa9d721e3071;408.09;1.763;UNKNOWN
2016-03-21T02:17:16.000000;2016-03-21T02:17:16.000000;c38ea5e9-c1ff-4091-8161-1d4c36eae5ba;408.07;3.0;UNKNOWN
2016-03-21T02:17:16.000000;2016-03-21T02:17:16.000000;f30189f0-589c-4ca9-b14a-3901ae63d9fb;408.08;0.183;UNKNOWN
2016-03-21T02:18:59.000000;2016-03-21T02:18:59.000000;351aee29-c96c-4f43-8a56-b2974f639bf2;408.08;0.46;UNKNOWN
2016-03-21T02:18:59.000000;2016-03-21T02:18:59.000000;0f1ddcc0-8d97-4585-95fe-42d7046cb260;408.05;2.035;UNKNOWN
2016-03-21T02:19:20.000000;2016-03-21T02:19:20.000000;22c52bfd-c68d-4bfd-906a-435df7233861;408.06;24.54;UNKNOWN
2016-03-21T02:19:20.000000;2016-03-21T02:19:20.000000;70423e98-cf39-47b8-9a69-9ce791740c74;408.08;0.46;UNKNOWN
2016-03-21T02:19:29.000000;2016-03-21T02:19:29.000000;9e16df99-805d-4400-be82-1fdd3183daa6;408.14;11.5;UNKNOWN
2016-03-21T02:19:29.000000;2016-03-21T02:19:29.000000;140bd131-c18f-48e0-8f1a-c5a9d4d5da58;408.13;3.0;UNKNOWN
2016-03-21T02:19:29.000000;2016-03-21T02:19:29.000000;1a172ceb-2f52-408d-96e3-2b2c75bb3b44;408.12;0.5;UNKNOWN
2016-03-21T02:20:06.000000;2016-03-21T02:20:06.000000;524be185-5122-4104-8ef2-faa4f4ac09b6;408.16;0.05;UNKNOWN
2016-03-21T02:21:01.000000;2016-03-21T02:21:01.000000;ee31f89c-8bc5-4570-8aef-b435c4fb4a0a;408.1;0.006836;UNKNOWN
2016-03-21T02:21:30.000000;2016-03-21T02:21:30.000000;b52bb605-36e8-46f6-b6c1-04f136dd96d2;408.04;9.296709;UNKNOWN
2016-03-21T02:21:30.000000;2016-03-21T02:21:30.000000;fd3c0b50-89f4-4b37-91fc-bc9c31ffa842;408.1;2.993164;UNKNOWN
2016-03-21T02:21:39.000000;2016-03-21T02:21:39.000000;83c8c620-5936-404f-bda3-25ba746807fd;408.06;1.81015066;UNKNOWN
2016-03-21T02:22:05.000000;2016-03-21T02:22:05.000000;365c0798-e86a-40d6-b51a-7f675078dcdf;408.63;0.2;UNKNOWN
2016-03-21T02:23:08.000000;2016-03-21T02:23:08.000000;95aa0d0b-edc1-4d3b-91ae-d3f0207e1999;408.11;1.799034;UNKNOWN
2016-03-21T02:24:27.000000;2016-03-21T02:24:27.000000;a73c577c-1241-496b-8fa7-0bf2035d8ec6;408.29;6.0611;UNKNOWN
2016-03-21T02:24:27.000000;2016-03-21T02:24:27.000000;b9d57e3a-11d4-4b15-8243-82834acd568c;408.73;6.0;UNKNOWN
2016-03-21T02:24:27.000000;2016-03-21T02:24:27.000000;082c2e5a-410b-4b4e-86c8-cb5a241d7a59;408.74;1.653997;UNKNOWN
2016-03-21T02:24:27.000000;2016-03-21T02:24:27.000000;b1660e0a-9ab3-48bf-abf1-f9ccd891c994;408.72;1.284903;UNKNOWN
2016-03-21T02:24:44.000000;2016-03-21T02:24:44.000000;93f09614-07fc-47ee-a460-578f0604de71;408.16;0.0245547;UNKNOWN
2016-03-21T02:25:57.000000;2016-03-21T02:25:57.000000;6e5a6e1d-644d-4f21-ab41-4767dce65867;408.15;17.086912;UNKNOWN
2016-03-21T02:25:57.000000;2016-03-21T02:25:57.000000;10309f15-c76a-4213-8157-7a0deb3dc09c;408.17;3.0;UNKNOWN
2016-03-21T02:25:57.000000;2016-03-21T02:25:57.000000;caa81715-a829-4a1b-8553-2e8a4e0eb2f0;408.17;0.5;UNKNOWN
2016-03-21T02:28:03.000000;2016-03-21T02:28:03.000000;3cbf274f-3bfb-4773-b523-db08c573c25c;408.01;0.060676;UNKNOWN
2016-03-21T02:28:49.000000;2016-03-21T02:28:49.000000;e4086e82-e8d5-4607-a86e-6bd9a2951404;408.03;0.04910099;UNKNOWN
2016-03-21T02:29:02.000000;2016-03-21T02:29:02.000000;4acaa7f4-eba3-4a9b-93c5-a2f834eae666;408.27;0.01;UNKNOWN
2016-03-21T02:29:18.000000;2016-03-21T02:29:18.000000;2c558400-79e2-4ed4-9364-e7159680448e;408.27;0.01;UNKNOWN
2016-03-21T02:30:05.000000;2016-03-21T02:30:05.000000;a350ae34-d034-497a-8fd4-5b1c0fae94fd;408.03;0.77633462;UNKNOWN
2016-03-21T02:30:14.000000;2016-03-21T02:30:14.000000;d0d626f4-7f7b-442b-a296-b5ac8a7f519b;408.01;0.69613447;UNKNOWN
2016-03-21T02:30:16.000000;2016-03-21T02:30:16.000000;582dc538-05c7-41e4-bf8e-ba0e5ae635e1;408.0;1.0;UNKNOWN
2016-03-21T02:30:16.000000;2016-03-21T02:30:16.000000;7800ba23-cf9d-4c8f-ac83-cd3caefdabc4;407.9;1.0;UNKNOWN
2016-03-21T02:30:16.000000;2016-03-21T02:30:16.000000;1599b068-1a29-4368-bdb1-6a7ae5860e22;408.0;3.2975;UNKNOWN
2016-03-21T02:30:16.000000;2016-03-21T02:30:16.000000;2017aa04-fa98-419f-9179-a5416634ea7c;407.86;10.212633;UNKNOWN
2016-03-21T02:30:17.000000;2016-03-21T02:30:17.000000;81022606-fd4f-468d-9602-d93cc19b8a03;407.81;0.01;UNKNOWN
2016-03-21T02:30:17.000000;2016-03-21T02:30:17.000000;f9dd5f6e-a86e-4c0b-a430-1b4e4fdfd0ca;407.73;3.0;UNKNOWN
2016-03-21T02:30:17.000000;2016-03-21T02:30:17.000000;e3062d43-2ee3-4cd2-ac81-d1d0930e5c23;407.73;0.399;UNKNOWN
2016-03-21T02:30:17.000000;2016-03-21T02:30:17.000000;b8cd09f0-df08-406c-8a08-ec9e2f2bf3e7;407.85;0.03;UNKNOWN
2016-03-21T02:30:17.000000;2016-03-21T02:30:17.000000;1b9bd5ef-49e2-4e53-a9ce-8e3e154ec3c2;407.73;2.0;UNKNOWN
2016-03-21T02:30:17.000000;2016-03-21T02:30:17.000000;3fd8c2bc-bf88-4bb2-8d7b-24e368e11873;407.73;10.0;UNKNOWN
2016-03-21T02:30:17.000000;2016-03-21T02:30:17.000000;5f2e346a-f28a-4ec5-a100-225df5d7aa7a;407.73;0.061;UNKNOWN
2016-03-21T02:30:23.000000;2016-03-21T02:30:23.000000;cca621bb-cb1c-45ef-98a7-d70585ada6cd;407.72;0.55;UNKNOWN
2016-03-21T02:30:23.000000;2016-03-21T02:30:23.000000;c1309ed8-618a-4ffc-8a55-f0216d174a90;407.73;9.45;UNKNOWN
2016-03-21T02:31:39.000000;2016-03-21T02:31:39.000000;7ab8ee40-72f2-4756-825d-0b04ecde4f6d;407.74;0.245;UNKNOWN
2016-03-21T02:31:39.000000;2016-03-21T02:31:39.000000;c625ad71-de18-4224-aea9-92606ce96ba1;407.73;0.32;UNKNOWN
2016-03-21T02:31:39.000000;2016-03-21T02:31:39.000000;84f8bab4-325b-43b3-ab16-71ba974bcf7d;407.73;0.01558492;UNKNOWN
2016-03-21T02:32:24.000000;2016-03-21T02:32:24.000000;74f901c5-128e-4791-a18e-aeb35aaf6cb3;407.9;3.7789;UNKNOWN
2016-03-21T02:33:05.000000;2016-03-21T02:33:05.000000;ca11b5d0-b9e0-42e8-a53b-255c5c18a8ff;407.99;0.22129736;UNKNOWN
2016-03-21T02:33:06.000000;2016-03-21T02:33:06.000000;146c2b1b-9e0a-4f42-a2e8-4001cdc64f71;407.99;0.18451458;UNKNOWN
2016-03-21T02:34:49.000000;2016-03-21T02:34:49.000000;997fba91-788e-4f04-9688-aa9f650476b3;408.04;9.187194;UNKNOWN
2016-03-21T02:38:05.000000;2016-03-21T02:38:05.000000;af787b32-7526-4bcf-973a-bb10daf300a9;408.18;0.08;UNKNOWN
2016-03-21T02:38:08.000000;2016-03-21T02:38:08.000000;7d213fa2-7f29-4d4e-adf5-edfae66880dc;408.18;0.05028286;UNKNOWN
2016-03-21T02:38:27.000000;2016-03-21T02:38:27.000000;8044c7c9-48c5-411c-82c8-e0caf7222a01;408.29;0.1;UNKNOWN
2016-03-21T02:38:57.000000;2016-03-21T02:38:57.000000;82cd1478-3a77-4fae-a2e4-26a345f7b102;408.18;3.0;UNKNOWN
2016-03-21T02:38:57.000000;2016-03-21T02:38:57.000000;07ea59f6-1c03-44b0-b8f7-e4d0bc356ad2;408.15;2.113839;UNKNOWN
2016-03-21T02:38:57.000000;2016-03-21T02:38:57.000000;37e58a9c-beab-4750-b1f1-9cd3140c63df;408.19;0.5;UNKNOWN
2016-03-21T02:38:57.000000;2016-03-21T02:38:57.000000;113db513-d8e8-40a4-b2f5-6921f2e15dc7;408.15;6.0;UNKNOWN
2016-03-21T02:39:58.000000;2016-03-21T02:39:58.000000;f76c6e7c-4f9f-434f-87ff-786ba85ece97;408.03;0.64825173;UNKNOWN
2016-03-21T02:39:58.000000;2016-03-21T02:39:58.000000;29ca403a-118e-43b4-bab7-a50a957dc090;408.13;1.98441508;UNKNOWN
2016-03-21T02:40:27.000000;2016-03-21T02:40:27.000000;f481869f-76a1-4f4d-9e3a-852dedd18dc5;408.17;0.0773465;UNKNOWN
2016-03-21T02:40:49.000000;2016-03-21T02:40:49.000000;67539f35-adc9-4fc3-a3fa-f0c0061f9940;408.12;0.03782656;UNKNOWN
2016-03-21T02:40:52.000000;2016-03-21T02:40:52.000000;e0cfc85b-0e57-42b6-9f42-8166f2780e55;408.12;0.52978158;UNKNOWN
2016-03-21T02:40:53.000000;2016-03-21T02:40:53.000000;cd791f21-a0a4-4bb9-ae17-c62fcea290f1;408.12;0.04082228;UNKNOWN
2016-03-21T02:41:08.000000;2016-03-21T02:41:08.000000;d08fe7aa-6ca0-4791-b4b9-78bf4b6e56b0;408.03;0.07347;UNKNOWN
2016-03-21T02:41:39.000000;2016-03-21T02:41:39.000000;166413f0-a1db-45d9-b638-ac29611cde97;408.03;0.52786151;UNKNOWN
2016-03-21T02:41:46.000000;2016-03-21T02:41:46.000000;b458cdd2-3d33-447f-b946-aa5dabeccc30;408.08;0.19;UNKNOWN
2016-03-21T02:43:01.000000;2016-03-21T02:43:01.000000;9f70283d-c269-4ffc-ba4a-9c00cf93e508;408.05;0.702648;UNKNOWN
2016-03-21T02:43:09.000000;2016-03-21T02:43:09.000000;df7cf3d9-0032-4808-abb5-75b2bedaf476;408.05;6.374699;UNKNOWN
2016-03-21T02:47:16.000000;2016-03-21T02:47:16.000000;cdbfeefe-af88-47d8-89fa-348281a7cb5d;408.05;0.05005;UNKNOWN
2016-03-21T02:47:44.000000;2016-03-21T02:47:44.000000;2568a3e0-df7d-4ba3-88d8-9fa89f03308d;407.9;0.5;UNKNOWN
2016-03-21T02:47:44.000000;2016-03-21T02:47:44.000000;bb305f73-b2ba-4e30-babb-3b86c0bcf4c8;407.87;1.338633;UNKNOWN
2016-03-21T02:47:44.000000;2016-03-21T02:47:44.000000;775b0d2b-3491-41ab-8f6c-215809d03996;408.0;1.0;UNKNOWN
2016-03-21T02:47:44.000000;2016-03-21T02:47:44.000000;07921b58-2c70-4d2d-ac4d-75c8e66d219f;408.04;1.13;UNKNOWN
2016-03-21T02:47:44.000000;2016-03-21T02:47:44.000000;5c0b53e7-30c8-4745-896a-d6c3d38df623;407.97;12.1401;UNKNOWN
2016-03-21T02:48:05.000000;2016-03-21T02:48:05.000000;ec4465ed-2930-43c7-b7d5-a2bd3266094c;407.98;0.04992412;UNKNOWN
2016-03-21T02:49:21.000000;2016-03-21T02:49:21.000000;44dcb465-b6fb-4867-8378-70ff174f2b61;407.98;0.77194839;UNKNOWN
2016-03-21T02:49:24.000000;2016-03-21T02:49:24.000000;9c53931f-ae17-4f61-92fe-693b2a86195c;407.98;5.37812749;UNKNOWN
2016-03-21T02:50:05.000000;2016-03-21T02:50:05.000000;0666fcf4-73de-4e3f-8e00-46f2c8696864;408.29;0.73765;UNKNOWN
2016-03-21T02:50:21.000000;2016-03-21T02:50:21.000000;44900916-4df6-4caa-bb8f-925e8c8cb95a;408.29;0.1006;UNKNOWN
2016-03-21T02:50:28.000000;2016-03-21T02:50:28.000000;3f2fe624-27c4-4dba-9cf0-27e715618d22;408.25;3.90643;UNKNOWN
2016-03-21T02:50:50.000000;2016-03-21T02:50:50.000000;d1d38777-6224-44f3-8805-389e81315fb3;408.25;0.344931;UNKNOWN
2016-03-21T02:51:43.000000;2016-03-21T02:51:43.000000;3c3216d1-f158-4a2a-906a-704999d37457;408.25;5.748639;UNKNOWN
2016-03-21T02:51:43.000000;2016-03-21T02:51:43.000000;838601c7-9b5d-4765-a8d1-a70132278eaf;408.25;0.86663282;UNKNOWN
2016-03-21T02:52:01.000000;2016-03-21T02:52:01.000000;0ff502a0-685c-4f00-b5fa-d1fe83d3c879;408.29;1.83175;UNKNOWN
2016-03-21T02:52:01.000000;2016-03-21T02:52:01.000000;f6803e1e-52f0-48ad-b0a0-c8c8cef1d2e4;408.25;6.1107;UNKNOWN
2016-03-21T02:52:01.000000;2016-03-21T02:52:01.000000;3fcbd3fc-3196-40e0-a998-05b859675915;408.3;6.97355;UNKNOWN
2016-03-21T02:52:03.000000;2016-03-21T02:52:03.000000;94cebd55-bc1a-47a8-90c6-5612fc057118;408.26;12.7249;UNKNOWN
2016-03-21T02:52:17.000000;2016-03-21T02:52:17.000000;5adfc1ee-b0ad-4151-8e79-94e7b2b91ac9;408.15;13.0367;UNKNOWN
2016-03-21T02:52:17.000000;2016-03-21T02:52:17.000000;b4af3efc-f9af-41cb-a81d-cfcd7369d128;408.14;0.600811;UNKNOWN
2016-03-21T02:54:03.000000;2016-03-21T02:54:03.000000;12d4bad1-44eb-43c9-96cd-b1fa2f5277d2;408.15;0.03641837;UNKNOWN
2016-03-21T02:54:06.000000;2016-03-21T02:54:06.000000;4024addd-3644-4e15-8347-bf20994832bc;408.04;0.623639;UNKNOWN
2016-03-21T02:54:06.000000;2016-03-21T02:54:06.000000;42cee3d0-f564-49e7-ae0f-a3fa9c9b3054;408.04;8.41277937;UNKNOWN
2016-03-21T02:54:06.000000;2016-03-21T02:54:06.000000;1e4fba13-43dd-40b5-a376-3ef1f1cf7c94;408.15;0.96358163;UNKNOWN
2016-03-21T02:54:14.000000;2016-03-21T02:54:14.000000;42991c15-5426-41a4-9b93-2db2a5f2a321;408.31;1.32;UNKNOWN
2016-03-21T02:55:07.000000;2016-03-21T02:55:07.000000;e1267577-28dc-4000-8095-84727f39e96b;408.28;2.0;UNKNOWN
2016-03-21T02:56:15.000000;2016-03-21T02:56:15.000000;e8b7cf9f-9558-4f27-a09a-f1f5acdb5728;408.02;1.98;UNKNOWN
2016-03-21T02:56:25.000000;2016-03-21T02:56:25.000000;fd3a5a1d-624f-422c-89e2-8b33c6d98a42;408.02;1.02;UNKNOWN
2016-03-21T02:56:25.000000;2016-03-21T02:56:25.000000;62418ab4-688a-481a-a0d1-d08d3ac414b5;407.98;7.005388;UNKNOWN
2016-03-21T02:56:25.000000;2016-03-21T02:56:25.000000;49be7669-971f-473d-907a-d3b675b65cea;408.0;8.07;UNKNOWN
2016-03-21T02:58:08.000000;2016-03-21T02:58:08.000000;a13b5e08-c4c0-4351-875c-110f2633d9da;408.22;0.0264;UNKNOWN
2016-03-21T03:00:06.000000;2016-03-21T03:00:06.000000;03a4fd26-b09b-4a1e-acd2-2c877f7a06d0;408.04;0.01105983;UNKNOWN
2016-03-21T03:00:56.000000;2016-03-21T03:00:56.000000;958e5aa0-d206-4ea2-b816-87c0f15dd112;408.0;5.018222;UNKNOWN
2016-03-21T03:01:19.000000;2016-03-21T03:01:19.000000;4a5a8471-b9b8-4205-9bae-c4a35ae63f22;408.0;3.0;UNKNOWN
2016-03-21T03:02:18.000000;2016-03-21T03:02:18.000000;6db52419-e468-4288-9a40-b0d668e5b4fe;408.0;0.382403;UNKNOWN
2016-03-21T03:03:01.000000;2016-03-21T03:03:01.000000;37ea7952-b3fa-41df-86f8-1ae3736807cb;408.04;0.1002;UNKNOWN
2016-03-21T03:03:47.000000;2016-03-21T03:03:47.000000;6f7cf5a0-d812-4fdc-a383-f64b9520a444;408.0;0.58926464;UNKNOWN
2016-03-21T03:04:49.000000;2016-03-21T03:04:49.000000;6610d1af-2c6a-466b-88ca-1960fe9ab7ae;408.03;0.017819;UNKNOWN
2016-03-21T03:05:05.000000;2016-03-21T03:05:05.000000;226a3e40-31e6-4f2b-b7dd-23ef815eee0e;408.01;0.06351556;UNKNOWN
2016-03-21T03:05:19.000000;2016-03-21T03:05:19.000000;69ea0e5e-2a8e-4825-8fad-0445158f6813;408.0;8.02247;UNKNOWN
2016-03-21T03:05:48.000000;2016-03-21T03:05:48.000000;e74bccf7-eb67-423a-9676-e7b13a1de8a6;408.01;0.7945;UNKNOWN
2016-03-21T03:06:29.000000;2016-03-21T03:06:29.000000;cee40c18-36fe-49ff-be69-cec0b51cd531;408.01;0.013306;UNKNOWN
2016-03-21T03:06:37.000000;2016-03-21T03:06:37.000000;2a19b9f0-7b40-49aa-acfb-1ad2779c14e8;408.01;0.016997;UNKNOWN
2016-03-21T03:07:18.000000;2016-03-21T03:07:18.000000;0f772a02-517c-447e-8f3d-efd925daf1ab;408.04;0.1959465;UNKNOWN
2016-03-21T03:08:06.000000;2016-03-21T03:08:06.000000;a8edf439-f1f4-4822-8dd1-278fbe2af4d5;408.04;0.03118542;UNKNOWN
2016-03-21T03:08:06.000000;2016-03-21T03:08:06.000000;80d14e0d-3e16-4015-a2d0-0fa685a747bc;408.02;0.020321;UNKNOWN
2016-03-21T03:09:08.000000;2016-03-21T03:09:08.000000;d8f9cc16-2b87-41b2-a9e7-5447f7850b96;408.01;0.8;UNKNOWN
2016-03-21T03:09:15.000000;2016-03-21T03:09:15.000000;9c368b61-c2f3-4b71-ae5d-2cc0ec28d9c6;408.01;0.8;UNKNOWN
2016-03-21T03:09:16.000000;2016-03-21T03:09:16.000000;0f299148-dd8d-4008-93bf-33c1f0ddbbe5;408.01;0.8;UNKNOWN
2016-03-21T03:09:40.000000;2016-03-21T03:09:40.000000;77d2264b-4cd8-4795-a03b-feaa27d6302f;408.0;1.415817;UNKNOWN
2016-03-21T03:09:44.000000;2016-03-21T03:09:44.000000;7082e38a-5861-4971-99be-2ed51c427f6c;408.01;0.018699;UNKNOWN
2016-03-21T03:09:47.000000;2016-03-21T03:09:47.000000;f5061e6b-bb74-44cc-ae66-6c8e11413436;408.01;0.016996;UNKNOWN
2016-03-21T03:10:05.000000;2016-03-21T03:10:05.000000;72022fd2-b7a7-4fff-9f49-160647ab7756;408.02;0.36895931;UNKNOWN
2016-03-21T03:10:06.000000;2016-03-21T03:10:06.000000;6ce146cc-372e-4888-92ba-d56cb765d4f5;408.02;0.13273357;UNKNOWN
2016-03-21T03:10:07.000000;2016-03-21T03:10:07.000000;2a4735f8-163d-4a0c-a2f7-f9b981f588cf;408.02;0.02;UNKNOWN
2016-03-21T03:13:18.000000;2016-03-21T03:13:18.000000;0eeaf22a-bfb8-4077-8069-c54a6b14f3db;408.01;0.56;UNKNOWN
2016-03-21T03:13:59.000000;2016-03-21T03:13:59.000000;e3cc0532-79cd-47bc-ad88-44eebc920a2d;408.0;1.57182336;UNKNOWN
2016-03-21T03:13:59.000000;2016-03-21T03:13:59.000000;020b607c-b053-4022-93bc-40d7afb32fe6;407.96;0.06573;UNKNOWN
2016-03-21T03:13:59.000000;2016-03-21T03:13:59.000000;7b86457b-7184-4f20-925e-dfde18a49683;407.73;1.00789864;UNKNOWN
2016-03-21T03:13:59.000000;2016-03-21T03:13:59.000000;d6dc631f-5e68-4fe2-ae72-7f7366da9c3c;407.81;0.5;UNKNOWN
2016-03-21T03:15:55.000000;2016-03-21T03:15:55.000000;8cf23260-6be0-4ac9-9d00-aa51396ed148;407.74;0.04911663;UNKNOWN
2016-03-21T03:16:03.000000;2016-03-21T03:16:03.000000;0bcc87e8-d006-45c2-b3f9-6260f4d9c26a;407.78;0.1;UNKNOWN
2016-03-21T03:16:30.000000;2016-03-21T03:16:30.000000;6204d65f-21ca-42ab-a07c-d96aec5476d5;407.79;0.01904479;UNKNOWN
2016-03-21T03:17:23.000000;2016-03-21T03:17:23.000000;5c8a5d8e-3c96-48b0-9046-3d1dd9ba3872;407.74;0.31946958;UNKNOWN
2016-03-21T03:18:15.000000;2016-03-21T03:18:15.000000;795e91f8-c674-4ed5-b66c-ac311d494ca4;407.72;15.98492764;UNKNOWN
2016-03-21T03:18:15.000000;2016-03-21T03:18:15.000000;1f603a4a-9ee1-4870-a6a1-c38598788604;407.73;1.99210136;UNKNOWN
2016-03-21T03:20:04.000000;2016-03-21T03:20:04.000000;05e44727-cc0b-4a51-b16a-0bc329b1babd;407.77;0.03;UNKNOWN
2016-03-21T03:22:05.000000;2016-03-21T03:22:05.000000;13d25ffd-8005-415b-8b2e-4a59a8612bd8;407.75;0.2;UNKNOWN
2016-03-21T03:22:24.000000;2016-03-21T03:22:24.000000;dc4fcbbc-13a6-46b1-8b30-4d13b9311f58;407.73;0.49;UNKNOWN
2016-03-21T03:22:24.000000;2016-03-21T03:22:24.000000;03d81b93-b994-42e4-84fa-0819f549db2f;407.74;0.01;UNKNOWN
2016-03-21T03:22:24.000000;2016-03-21T03:22:24.000000;7e4c106a-7f45-4fc6-a636-43608c3435f9;407.7;1.90349064;UNKNOWN
2016-03-21T03:22:24.000000;2016-03-21T03:22:24.000000;390fee82-cf60-4209-8df8-cd7e6a7f5959;407.72;3.94067236;UNKNOWN
2016-03-21T03:22:24.000000;2016-03-21T03:22:24.000000;1c8e6aa4-0d89-4924-83f7-dcb3ce4f0d47;407.7;1.9065;UNKNOWN
2016-03-21T03:22:29.000000;2016-03-21T03:22:29.000000;3c49efa8-418b-4df8-bbfb-591f3c18bbcb;407.73;0.49;UNKNOWN
2016-03-21T03:22:41.000000;2016-03-21T03:22:41.000000;f42ab549-f39f-42c8-9321-b88b36481a1f;407.73;0.49;UNKNOWN
2016-03-21T03:22:50.000000;2016-03-21T03:22:50.000000;f985a2bb-0961-4b78-b840-3393c90a86d1;407.73;0.49;UNKNOWN
2016-03-21T03:23:00.000000;2016-03-21T03:23:00.000000;f4b9d4d6-6735-4330-b939-c318a2ba4809;407.73;0.49;UNKNOWN
2016-03-21T03:23:09.000000;2016-03-21T03:23:09.000000;cabacbcc-0b6f-49ab-87d4-ba5bbc38b473;407.7;0.0242;UNKNOWN
2016-03-21T03:23:47.000000;2016-03-21T03:23:47.000000;0aeed19a-f1a9-4ec7-8038-e3f26177f401;407.73;0.02540897;UNKNOWN
2016-03-21T03:25:27.000000;2016-03-21T03:25:27.000000;ab6e6d3a-edf7-4532-8bdc-b02d1026c115;407.73;0.011043;UNKNOWN
2016-03-21T03:25:35.000000;2016-03-21T03:25:35.000000;261b6b38-97b7-4bb1-b483-51b42a6d3de5;407.73;0.311048;UNKNOWN
2016-03-21T03:25:36.000000;2016-03-21T03:25:36.000000;3601a3d2-90b8-4b48-85e0-45d90bc647e9;407.73;0.06406307;UNKNOWN
2016-03-21T03:26:35.000000;2016-03-21T03:26:35.000000;65ec95ff-5334-4631-b0c6-0064a221cb43;407.71;5.0;UNKNOWN
2016-03-21T03:26:37.000000;2016-03-21T03:26:37.000000;ff663c26-0ae8-4af0-819b-e5cb2e814a62;407.5;4.23866664;UNKNOWN
2016-03-21T03:26:37.000000;2016-03-21T03:26:37.000000;28293f09-01d9-4022-bdf9-d4180a38623f;407.67;0.066293;UNKNOWN
2016-03-21T03:26:37.000000;2016-03-21T03:26:37.000000;7e84068a-098d-43cf-9a94-8568a780194a;407.7;0.07230936;UNKNOWN
2016-03-21T03:26:37.000000;2016-03-21T03:26:37.000000;d56ddaa2-aed5-4cbb-bfaa-a81fb34c5529;407.5;0.26;UNKNOWN
2016-03-21T03:26:58.000000;2016-03-21T03:26:58.000000;4179db64-f1a8-48c7-926b-324907c07da9;407.62;0.02271415;UNKNOWN
2016-03-21T03:27:00.000000;2016-03-21T03:27:00.000000;af1309ef-eaa2-4d68-8631-c46267ee69cf;407.62;0.01261978;UNKNOWN
2016-03-21T03:27:02.000000;2016-03-21T03:27:02.000000;c351a5dd-ce17-4e2d-bdf1-42eb8eee556b;407.5;0.5;UNKNOWN
2016-03-21T03:27:09.000000;2016-03-21T03:27:09.000000;25d20a4f-9fee-499a-92b8-673ff7c30e63;407.5;0.01529995;UNKNOWN
2016-03-21T03:27:30.000000;2016-03-21T03:27:30.000000;97b1353a-8389-4507-90e2-91534f864fea;407.56;2.0;UNKNOWN
2016-03-21T03:28:05.000000;2016-03-21T03:28:05.000000;0b4f747a-6ba8-44c5-9013-8e9b987c0896;407.59;0.22168309;UNKNOWN
2016-03-21T03:28:28.000000;2016-03-21T03:28:28.000000;f602ba1b-cdaa-4c9c-83c0-906b6f6edec0;407.56;0.01104;UNKNOWN
2016-03-21T03:28:28.000000;2016-03-21T03:28:28.000000;10e545af-bc50-4ac4-bcb9-95f29651285a;407.51;0.00172338;UNKNOWN
2016-03-21T03:28:29.000000;2016-03-21T03:28:29.000000;1503b231-df77-4f79-8615-6e5fcfd3626e;407.51;0.41106815;UNKNOWN
2016-03-21T03:28:32.000000;2016-03-21T03:28:32.000000;5ad7dd5a-8ba0-4d1b-ab99-fc8146c7091f;407.51;0.77948864;UNKNOWN
2016-03-21T03:28:34.000000;2016-03-21T03:28:34.000000;788bc824-bbfe-4396-baff-ef072ca99dc1;407.51;0.07723149;UNKNOWN
2016-03-21T03:28:34.000000;2016-03-21T03:28:34.000000;3eff4e59-8231-4b0a-be87-184575df366d;407.51;0.45219114;UNKNOWN
2016-03-21T03:28:34.000000;2016-03-21T03:28:34.000000;86b84d87-9df4-4136-ac28-b698f73e2236;407.5;0.13073499;UNKNOWN
2016-03-21T03:28:34.000000;2016-03-21T03:28:34.000000;70c73594-222a-449e-b062-41bb5deba135;407.51;0.022095;UNKNOWN
2016-03-21T03:28:37.000000;2016-03-21T03:28:37.000000;13feb8d5-bd50-4344-a590-dc726245a602;407.58;0.50877485;UNKNOWN
2016-03-21T03:28:37.000000;2016-03-21T03:28:37.000000;e2be8511-8f04-4e8f-92b2-8c83e6667436;407.51;0.227971;UNKNOWN
2016-03-21T03:28:37.000000;2016-03-21T03:28:37.000000;823fe275-a381-4cef-84c1-e2b67ccb4432;407.5;0.11529842;UNKNOWN
2016-03-21T03:28:37.000000;2016-03-21T03:28:37.000000;9845f9ae-6c9b-4b2f-a5e7-bc2b228d696d;407.5;0.11267258;UNKNOWN
2016-03-21T03:28:37.000000;2016-03-21T03:28:37.000000;ae27abba-d15a-4dd8-9cbc-03be77137968;407.51;0.20555925;UNKNOWN
2016-03-21T03:28:37.000000;2016-03-21T03:28:37.000000;ae92ed5e-6501-405a-b484-63ae572c2925;407.51;0.0256949;UNKNOWN
2016-03-21T03:28:38.000000;2016-03-21T03:28:38.000000;4552177c-9873-4d22-acea-ab709499db8b;407.5;0.20654785;UNKNOWN
2016-03-21T03:28:38.000000;2016-03-21T03:28:38.000000;73d286c5-c291-4a87-836d-bcfbc7be9d1d;407.5;0.20637299;UNKNOWN
2016-03-21T03:28:40.000000;2016-03-21T03:28:40.000000;1969ff2e-e738-4b5b-9b80-9c86510fff0c;407.5;0.47440658;UNKNOWN
2016-03-21T03:28:44.000000;2016-03-21T03:28:44.000000;b4a4e132-90cb-455b-8b37-90b375ee8849;407.31;0.33710798;UNKNOWN
2016-03-21T03:28:45.000000;2016-03-21T03:28:45.000000;a979eb40-513c-4d67-9ba3-c6b5f6d7fbbc;407.31;0.0433938;UNKNOWN
2016-03-21T03:28:45.000000;2016-03-21T03:28:45.000000;ded100ab-6c97-43ae-8f3b-14d4c2e0240d;407.31;0.0256949;UNKNOWN
2016-03-21T03:28:48.000000;2016-03-21T03:28:48.000000;b576a94b-e0af-4bd8-8ded-7606f6bc670a;407.31;0.2066442;UNKNOWN
2016-03-21T03:28:49.000000;2016-03-21T03:28:49.000000;35f26e4c-9986-4d31-b59f-401eb837f5a7;407.06;10.8199;UNKNOWN
2016-03-21T03:28:49.000000;2016-03-21T03:28:49.000000;10a7746b-9e2a-4995-af93-2b16ad1863b7;407.31;7.70715912;UNKNOWN
2016-03-21T03:28:49.000000;2016-03-21T03:28:49.000000;a4b970c9-b6df-4eba-ae43-6951c7060294;407.29;0.1;UNKNOWN
2016-03-21T03:28:49.000000;2016-03-21T03:28:49.000000;88f952ee-02c0-41f1-b1b1-a11049c431d4;407.05;6.02911674;UNKNOWN
2016-03-21T03:28:49.000000;2016-03-21T03:28:49.000000;59fe7503-2301-4d10-a99d-c65e72e81a09;407.06;3.16049978;UNKNOWN
2016-03-21T03:28:49.000000;2016-03-21T03:28:49.000000;5927b71e-71ce-491b-9361-97f417f4bd15;407.27;0.02211;UNKNOWN
2016-03-21T03:28:56.000000;2016-03-21T03:28:56.000000;2cbcccc2-19f7-4922-a9e4-721c688c7710;407.5;0.01;UNKNOWN
2016-03-21T03:28:56.000000;2016-03-21T03:28:56.000000;6306392d-dbd6-42d6-a399-db3d4b54e09f;407.31;0.78367783;UNKNOWN
2016-03-21T03:28:56.000000;2016-03-21T03:28:56.000000;ba53676a-24f7-40fa-8f22-2a013168e887;407.07;0.3966397;UNKNOWN
2016-03-21T03:28:56.000000;2016-03-21T03:28:56.000000;c6e3ef0e-442e-48b6-ae3d-5e59add09594;407.53;0.17532217;UNKNOWN
2016-03-21T03:28:57.000000;2016-03-21T03:28:57.000000;976a3b02-27a0-4123-bd8f-31ce0d3471d1;407.3;0.5;UNKNOWN
2016-03-21T03:28:58.000000;2016-03-21T03:28:58.000000;33802a20-8dbc-4612-b360-7df3a8a0266a;407.3;0.78367783;UNKNOWN
2016-03-21T03:29:02.000000;2016-03-21T03:29:02.000000;a32fce7d-176f-4197-9776-dcd0fb6ff2da;407.08;0.02;UNKNOWN
2016-03-21T03:29:04.000000;2016-03-21T03:29:04.000000;bae2baba-72b9-44f8-938b-2e69a3a8491c;407.3;0.07769233;UNKNOWN
2016-03-21T03:29:04.000000;2016-03-21T03:29:04.000000;e6887c8c-c1d0-404a-92e7-d1e8a744f840;407.3;0.38562145;UNKNOWN
2016-03-21T03:29:04.000000;2016-03-21T03:29:04.000000;771e5a43-6fa1-4043-ad5e-e9cbbba1354b;407.08;0.34022277;UNKNOWN
2016-03-21T03:29:07.000000;2016-03-21T03:29:07.000000;60f98740-b5ee-4b60-9e81-10731a94e220;407.3;0.27930473;UNKNOWN
2016-03-21T03:29:07.000000;2016-03-21T03:29:07.000000;5621df5d-cb71-435b-af19-f80f4bd904e1;407.3;0.23665965;UNKNOWN
2016-03-21T03:29:07.000000;2016-03-21T03:29:07.000000;45b3c8a5-b54f-4b69-b784-2ad8fa8fc64b;407.3;0.68049907;UNKNOWN
2016-03-21T03:29:08.000000;2016-03-21T03:29:08.000000;fcf91c97-a735-45bb-87b0-8aac333bdab1;407.15;0.59839415;UNKNOWN
2016-03-21T03:29:13.000000;2016-03-21T03:29:13.000000;762f8f90-390b-49d2-be73-dac90656a6bf;407.07;0.20165627;UNKNOWN
2016-03-21T03:29:13.000000;2016-03-21T03:29:13.000000;2959ab8e-2e12-400a-a96d-181d44dc3f80;407.07;0.10004155;UNKNOWN
2016-03-21T03:29:13.000000;2016-03-21T03:29:13.000000;0daa3750-eb04-4328-af6b-fee411a90719;407.2;1.89648225;UNKNOWN
2016-03-21T03:29:13.000000;2016-03-21T03:29:13.000000;590bcc7f-ee48-46c0-aa64-749722fab34f;407.15;0.10351775;UNKNOWN
2016-03-21T03:29:14.000000;2016-03-21T03:29:14.000000;693c4e5e-17be-4b07-9f40-5807237d0854;407.07;0.10004155;UNKNOWN
2016-03-21T03:29:23.000000;2016-03-21T03:29:23.000000;f19ae1e1-e783-4794-b5f8-e6d7f4f9e8dc;407.19;2.0;UNKNOWN
2016-03-21T03:29:27.000000;2016-03-21T03:29:27.000000;ed540739-208a-414f-b62f-2aed2f55e8d1;407.2;0.5;UNKNOWN
2016-03-21T03:29:50.000000;2016-03-21T03:29:50.000000;ed1c3d5b-6fdf-4a90-a79f-0450b457695e;407.36;2.0;UNKNOWN
2016-03-21T03:29:57.000000;2016-03-21T03:29:57.000000;41de673a-d01e-4619-b223-b55ac0da649e;407.77;0.5;UNKNOWN
2016-03-21T03:30:04.000000;2016-03-21T03:30:04.000000;57af6759-af84-4a21-b8fd-bcd15695d7e7;407.74;0.01;UNKNOWN
2016-03-21T03:30:13.000000;2016-03-21T03:30:13.000000;62bc8cb4-da1e-4333-a1bf-d8a2a9665c33;407.36;0.12;UNKNOWN
2016-03-21T03:30:29.000000;2016-03-21T03:30:29.000000;e88e7a47-6b26-436a-8861-1c1566889673;407.36;0.03956006;UNKNOWN
2016-03-21T03:30:29.000000;2016-03-21T03:30:29.000000;781fafcd-c123-42cc-98b2-b9a4789a1838;407.36;0.03961815;UNKNOWN
2016-03-21T03:30:33.000000;2016-03-21T03:30:33.000000;a52fedc4-c448-4521-82d3-091396206774;407.36;0.10351775;UNKNOWN
2016-03-21T03:30:33.000000;2016-03-21T03:30:33.000000;bbf1fdbc-370f-4d97-9f48-c02eb0f8d29a;407.36;0.03961815;UNKNOWN
2016-03-21T03:31:01.000000;2016-03-21T03:31:01.000000;4a6af41b-b93b-4965-a1d6-4b3ca1eb012b;407.37;0.02;UNKNOWN
2016-03-21T03:31:06.000000;2016-03-21T03:31:06.000000;2f484be9-f209-4c4b-a6eb-f5d85bdfac09;407.37;15.0;UNKNOWN
2016-03-21T03:31:07.000000;2016-03-21T03:31:07.000000;6b0e1fc3-2d54-4295-a1b9-33f32fa0c99b;407.36;1.10742791;UNKNOWN
2016-03-21T03:31:07.000000;2016-03-21T03:31:07.000000;46a02884-94dd-4a4f-8585-720b6c5d1b74;407.2;0.02;UNKNOWN
2016-03-21T03:31:07.000000;2016-03-21T03:31:07.000000;7f14e24d-aaa0-4380-a181-011d98fb17c1;407.01;0.50845909;UNKNOWN
2016-03-21T03:31:07.000000;2016-03-21T03:31:07.000000;b43f4d61-5434-478a-9590-6c1a8176e2a6;407.36;0.02;UNKNOWN
2016-03-21T03:32:04.000000;2016-03-21T03:32:04.000000;d4db4fb9-5a86-4797-a3d8-05e008c4f4de;407.03;0.7287;UNKNOWN
2016-03-21T03:32:05.000000;2016-03-21T03:32:05.000000;a9f28cc7-7a16-4c1b-9c44-d8da8a4f9f7d;407.12;0.02;UNKNOWN
2016-03-21T03:32:30.000000;2016-03-21T03:32:30.000000;3b9dc147-e85d-41b8-b058-2f590cca9e9a;407.09;0.02;UNKNOWN
2016-03-21T03:33:01.000000;2016-03-21T03:33:01.000000;062ca946-03b1-45bf-8977-d962d2fe3092;407.09;0.3308;UNKNOWN
2016-03-21T03:33:02.000000;2016-03-21T03:33:02.000000;d2660023-ba1a-4953-99dd-1fc1db356625;407.09;0.02;UNKNOWN
2016-03-21T03:33:13.000000;2016-03-21T03:33:13.000000;d8c46644-3807-4d3e-8d21-f031cf5079d4;407.09;0.7332;UNKNOWN
2016-03-21T03:33:29.000000;2016-03-21T03:33:29.000000;4bad2d45-aba0-4c99-88aa-8f3119bf2c12;407.09;0.3662;UNKNOWN
2016-03-21T03:33:39.000000;2016-03-21T03:33:39.000000;f727840b-ca67-4f21-90bd-be137227e2a3;407.09;0.1845;UNKNOWN
2016-03-21T03:33:44.000000;2016-03-21T03:33:44.000000;17ae8bbd-34f2-4e7f-b807-00f4ded77b00;407.13;0.19;UNKNOWN
2016-03-21T03:34:02.000000;2016-03-21T03:34:02.000000;e1f1d66e-bb9f-4331-8dfe-e5742ebd7d52;407.18;2.807;UNKNOWN
2016-03-21T03:34:05.000000;2016-03-21T03:34:05.000000;005927af-1e99-436b-a3e9-01548069deea;407.16;0.04324785;UNKNOWN
2016-03-21T03:35:30.000000;2016-03-21T03:35:30.000000;1a96560c-94ec-4b15-844a-c45c0a4bfd5c;407.31;9.517849;UNKNOWN
2016-03-21T03:36:14.000000;2016-03-21T03:36:14.000000;1f616310-cb1f-4f05-8d70-cdb8e7ca6fd8;407.3;1.4958;UNKNOWN
2016-03-21T03:36:20.000000;2016-03-21T03:36:20.000000;9635c8cb-a1a3-4a97-b9e2-68519c0d1c6f;407.86;2.5;UNKNOWN
2016-03-21T03:36:20.000000;2016-03-21T03:36:20.000000;f5e77964-43fe-45fc-9963-b3b5147a4a82;407.86;0.5;UNKNOWN
2016-03-21T03:36:39.000000;2016-03-21T03:36:39.000000;22b320a9-a634-49cc-923a-4ff944d90051;407.87;3.0;UNKNOWN
2016-03-21T03:36:54.000000;2016-03-21T03:36:54.000000;646ac6de-984c-4dc3-b34c-fe9e6311a932;407.88;3.0;UNKNOWN
2016-03-21T03:38:09.000000;2016-03-21T03:38:09.000000;3ea3ecfe-183c-4e67-a08f-e6300b571410;407.6;0.06500299;UNKNOWN
2016-03-21T03:38:13.000000;2016-03-21T03:38:13.000000;ba2d2255-0966-496f-ab59-bb6aa84c7328;407.61;0.05239914;UNKNOWN
2016-03-21T03:38:18.000000;2016-03-21T03:38:18.000000;43010f80-3d97-450b-8a36-62ecab9694e0;407.61;0.17989183;UNKNOWN
2016-03-21T03:38:22.000000;2016-03-21T03:38:22.000000;937c219f-f596-4235-becc-a4dbc3dfae6f;407.61;0.6929914;UNKNOWN
2016-03-21T03:38:48.000000;2016-03-21T03:38:48.000000;86644c3c-8084-4f1f-8b0c-8a36c2e881fc;407.62;0.17281531;UNKNOWN
2016-03-21T03:39:07.000000;2016-03-21T03:39:07.000000;83dbe5f4-6460-4d7d-baae-3dc02462cfff;407.79;0.14760028;UNKNOWN
2016-03-21T03:39:40.000000;2016-03-21T03:39:40.000000;a9062097-0a09-4f2e-bfe2-4377c97eed35;407.51;5.143891;UNKNOWN
2016-03-21T03:40:59.000000;2016-03-21T03:40:59.000000;f44e097a-454a-41c0-961b-492f49388b5a;407.6;0.12294527;UNKNOWN
2016-03-21T03:41:11.000000;2016-03-21T03:41:11.000000;a4cf3ac0-f975-448f-9c53-db04afb28873;407.6;1.0;UNKNOWN
2016-03-21T03:41:14.000000;2016-03-21T03:41:14.000000;69283ca7-7d44-428a-889d-e13a66ff1d5e;407.6;1.0;UNKNOWN
2016-03-21T03:41:15.000000;2016-03-21T03:41:15.000000;3975f994-9b88-4e19-ac39-2f458706579b;407.6;1.0;UNKNOWN
2016-03-21T03:41:39.000000;2016-03-21T03:41:39.000000;6e875cc1-99c0-4851-9f71-cba4a2f4d9f4;407.58;0.05;UNKNOWN
2016-03-21T03:43:46.000000;2016-03-21T03:43:46.000000;dc7bab7d-1aa4-45b6-b913-951c7a08d2a0;407.65;1.0;UNKNOWN
2016-03-21T03:43:46.000000;2016-03-21T03:43:46.000000;de1128ea-3787-49bb-9ab5-c27d9be09c9a;407.64;0.2;UNKNOWN
2016-03-21T03:43:46.000000;2016-03-21T03:43:46.000000;1c8cf5d7-bb27-433c-baae-4970017aab4c;407.78;5.62733863;UNKNOWN
2016-03-21T03:43:46.000000;2016-03-21T03:43:46.000000;58867300-898e-4e8e-b13f-6654cbaa9080;407.66;6.1092;UNKNOWN
2016-03-21T03:43:46.000000;2016-03-21T03:43:46.000000;d54c7df9-abc1-4b4e-9e4d-17b3b20d99d2;407.64;0.3;UNKNOWN
2016-03-21T03:44:03.000000;2016-03-21T03:44:03.000000;8c25ca74-d774-4d49-a4d1-d6ca38b15765;407.65;0.04908;UNKNOWN
2016-03-21T03:44:11.000000;2016-03-21T03:44:11.000000;f223e056-e8c5-4ef3-b2df-bda81e8bbe6b;407.64;4.66296;UNKNOWN
2016-03-21T03:45:34.000000;2016-03-21T03:45:34.000000;cdf2e704-d5ef-4755-a5e5-cfb318fc18fa;407.7;0.14998323;UNKNOWN
2016-03-21T03:45:37.000000;2016-03-21T03:45:37.000000;9d36b6b5-5b57-4c78-b6f3-17ccc8e70caf;407.7;0.04900791;UNKNOWN
2016-03-21T03:45:41.000000;2016-03-21T03:45:41.000000;2c66a14c-96b3-4bcb-86ed-07d64b9c6664;407.7;0.01100886;UNKNOWN
2016-03-21T03:46:36.000000;2016-03-21T03:46:36.000000;f2f92307-8c52-4b38-8021-3a20440e79d8;407.7;1.0;UNKNOWN
2016-03-21T03:48:15.000000;2016-03-21T03:48:15.000000;61aa9ed8-d960-4848-b82f-c332c4ef65a7;407.99;1.79;UNKNOWN
2016-03-21T03:48:26.000000;2016-03-21T03:48:26.000000;01ee77e0-e013-47de-af0f-8ab1f07bc030;407.84;12.5095;UNKNOWN
2016-03-21T03:48:26.000000;2016-03-21T03:48:26.000000;fd559347-e26e-4c71-803f-e406aa20c878;407.83;3.548183;UNKNOWN
2016-03-21T03:49:52.000000;2016-03-21T03:49:52.000000;a65d89f0-6d81-43fe-8447-ec818395c776;407.75;0.49209233;UNKNOWN
2016-03-21T03:49:55.000000;2016-03-21T03:49:55.000000;15877efe-f584-4a5d-828b-74aa157ffb0b;407.75;0.13259943;UNKNOWN
2016-03-21T03:50:19.000000;2016-03-21T03:50:19.000000;7371aa14-9ff2-4494-ab3d-1d7d94ac1529;407.78;0.0945;UNKNOWN
2016-03-21T03:52:06.000000;2016-03-21T03:52:06.000000;853d5c2a-d926-4239-9997-1b7c8faa3693;407.79;0.28500871;UNKNOWN
2016-03-21T03:52:17.000000;2016-03-21T03:52:17.000000;085c7a2c-db01-4e60-b78c-8b03903c14cb;407.59;8.24;UNKNOWN
2016-03-21T03:52:17.000000;2016-03-21T03:52:17.000000;45687713-b61f-4bf7-8485-3b4569174af9;407.75;1.37530824;UNKNOWN
2016-03-21T03:52:17.000000;2016-03-21T03:52:17.000000;03affe8d-6c1a-47fe-817d-f753ce6e4ded;407.71;0.25;UNKNOWN
2016-03-21T03:52:22.000000;2016-03-21T03:52:22.000000;5e9cca55-8544-400b-9953-ed3ce2c064a1;407.59;0.061;UNKNOWN
2016-03-21T03:52:25.000000;2016-03-21T03:52:25.000000;2824963e-2566-41e1-84d5-3f915ed20501;407.59;10.0;UNKNOWN
2016-03-21T03:52:38.000000;2016-03-21T03:52:38.000000;de15030c-b5e7-4e86-934e-6eb7286598cd;407.55;1.966346;UNKNOWN
2016-03-21T03:54:57.000000;2016-03-21T03:54:57.000000;8ef27572-5d0a-4830-b9ce-c1ddcf0a295e;407.42;1.75176397;UNKNOWN
2016-03-21T03:54:57.000000;2016-03-21T03:54:57.000000;a361a2e1-3389-4f28-b73a-7ece6088bada;407.51;8.73;UNKNOWN
2016-03-21T03:54:57.000000;2016-03-21T03:54:57.000000;a802a434-b40f-47ea-a603-e31774aabb44;407.54;6.0936;UNKNOWN
2016-03-21T03:54:57.000000;2016-03-21T03:54:57.000000;369a07df-dd56-46ee-b4aa-b0cb179976cd;407.53;3.0;UNKNOWN
2016-03-21T03:54:57.000000;2016-03-21T03:54:57.000000;80f20cf2-bf4c-4316-bdb3-8521c573f4b9;407.55;1.033654;UNKNOWN
2016-03-21T03:54:57.000000;2016-03-21T03:54:57.000000;6293d5c0-a374-4d1c-984d-d3f60b0c1c3d;407.5;30.482151;UNKNOWN
2016-03-21T03:55:21.000000;2016-03-21T03:55:21.000000;923d86b8-dd61-44f0-91fc-3d764770f6dc;407.29;6.0;UNKNOWN
2016-03-21T03:55:39.000000;2016-03-21T03:55:39.000000;ad44bb30-6cbe-4bb2-a6b1-4085d132e723;407.23;1.18568361;UNKNOWN
2016-03-21T03:57:08.000000;2016-03-21T03:57:08.000000;593eb08a-af75-4610-a17e-ae6d9e89b954;407.23;7.340068;UNKNOWN
2016-03-21T03:57:15.000000;2016-03-21T03:57:15.000000;c7656e0b-8499-4b72-84e5-edae943be447;407.44;3.0;UNKNOWN
2016-03-21T03:57:15.000000;2016-03-21T03:57:15.000000;dfbd4ced-c2a5-46e1-8383-2b7122c945a3;407.42;6.0768;UNKNOWN
2016-03-21T03:57:15.000000;2016-03-21T03:57:15.000000;69cb0391-97af-4ae5-a8ce-b3fec35f8f8e;407.43;0.5;UNKNOWN
2016-03-21T04:00:04.000000;2016-03-21T04:00:04.000000;661b97d0-6454-4e72-a642-a622642e13d5;407.51;0.03165576;UNKNOWN
2016-03-21T04:00:08.000000;2016-03-21T04:00:08.000000;993df38f-7d65-4f9e-afc7-41edfe097cef;407.5;0.19491283;UNKNOWN
2016-03-21T04:00:08.000000;2016-03-21T04:00:08.000000;f3bfa831-726a-4e76-93d3-4604d55a3ff8;407.51;0.21334424;UNKNOWN
2016-03-21T04:00:08.000000;2016-03-21T04:00:08.000000;fea6ab36-f39d-4c5a-ace8-d64291ce4e04;407.5;2.5;UNKNOWN
2016-03-21T04:00:12.000000;2016-03-21T04:00:12.000000;7aed4137-8c93-41a2-92e6-7bb5c7e8266d;407.47;0.1848194;UNKNOWN
2016-03-21T04:00:16.000000;2016-03-21T04:00:16.000000;b79dce61-960a-4395-97d4-e98240469b23;407.43;3.3167442;UNKNOWN
2016-03-21T04:00:16.000000;2016-03-21T04:00:16.000000;b0d17529-d21a-41d4-9e07-abd058b5b4f2;407.47;0.2383806;UNKNOWN
2016-03-21T04:01:40.000000;2016-03-21T04:01:40.000000;749dc1c1-4e32-4cc1-bd62-ec1355f14602;407.24;2.795189;UNKNOWN
2016-03-21T04:01:40.000000;2016-03-21T04:01:40.000000;57282488-4728-4583-b556-dbaeb706cc0e;407.32;1.0;UNKNOWN
2016-03-21T04:02:57.000000;2016-03-21T04:02:57.000000;0c3671e4-34cd-4dec-abef-baf5be96c4d9;407.23;0.01;UNKNOWN
2016-03-21T04:03:08.000000;2016-03-21T04:03:08.000000;d73a3d8b-ff8e-4014-af19-79c08f9b099d;407.24;0.02;UNKNOWN
2016-03-21T04:03:25.000000;2016-03-21T04:03:25.000000;b737f412-c131-42a9-9fc9-b566ad128ee6;407.39;0.0201;UNKNOWN
2016-03-21T04:04:03.000000;2016-03-21T04:04:03.000000;b50af643-bcf0-4d79-af24-fcc0c5778490;407.26;0.04804426;UNKNOWN
2016-03-21T04:04:03.000000;2016-03-21T04:04:03.000000;016b0c22-f701-4af1-a304-87a7353d8ab4;407.27;0.061;UNKNOWN
2016-03-21T04:04:07.000000;2016-03-21T04:04:07.000000;a0d5759f-56a1-4401-b5c1-aaeb51c3bbc8;407.26;0.14972341;UNKNOWN
2016-03-21T04:04:12.000000;2016-03-21T04:04:12.000000;3ac5d831-0f82-4a82-be1c-ba894c6a595f;407.26;0.14972341;UNKNOWN
2016-03-21T04:04:15.000000;2016-03-21T04:04:15.000000;2ae7000f-c6e1-4929-866e-1b2c49a77fda;407.26;0.63782956;UNKNOWN
2016-03-21T04:04:16.000000;2016-03-21T04:04:16.000000;86f38cc0-0370-4654-9d41-47a78ab1742b;407.26;0.14972341;UNKNOWN
2016-03-21T04:04:17.000000;2016-03-21T04:04:17.000000;9b1cc8c1-4904-49af-883a-82fe8a5bfc23;407.26;0.02589059;UNKNOWN
2016-03-21T04:04:17.000000;2016-03-21T04:04:17.000000;e9268feb-fc25-487c-afe6-3c43f9683da5;407.26;0.19849459;UNKNOWN
2016-03-21T04:04:21.000000;2016-03-21T04:04:21.000000;172cf43c-d460-4f5b-9e44-c0ed8fd12162;407.26;0.13075185;UNKNOWN
2016-03-21T04:04:47.000000;2016-03-21T04:04:47.000000;b34669a8-bfca-4019-9aeb-c8b8bb058f7c;407.26;0.78581942;UNKNOWN
2016-03-21T04:04:48.000000;2016-03-21T04:04:48.000000;1cdac85a-f122-430d-b0f1-10ac84e07c4f;407.26;0.1109113;UNKNOWN
2016-03-21T04:05:09.000000;2016-03-21T04:05:09.000000;0e8590db-558f-42ef-8586-88e780b212da;407.39;4.8;UNKNOWN
2016-03-21T04:06:14.000000;2016-03-21T04:06:14.000000;5df698fa-4d08-407d-9f98-062cd1fedb8b;407.26;21.583651;UNKNOWN
2016-03-21T04:06:45.000000;2016-03-21T04:06:45.000000;0ce44113-b9d0-4118-93bd-db70e09d09ee;407.23;0.01;UNKNOWN
2016-03-21T04:06:45.000000;2016-03-21T04:06:45.000000;b95837f4-9332-466e-b89e-7ba959d8de2a;407.23;0.45365699;UNKNOWN
2016-03-21T04:06:47.000000;2016-03-21T04:06:47.000000;de8d680a-cbda-4a85-bb17-bc3d2258752b;407.23;0.01;UNKNOWN
2016-03-21T04:07:00.000000;2016-03-21T04:07:00.000000;ccc290bc-5faa-4182-82f9-71470f401120;407.24;0.78;UNKNOWN
2016-03-21T04:07:04.000000;2016-03-21T04:07:04.000000;7850a411-f07f-422e-b232-5d23b055d42e;407.36;0.5;UNKNOWN
2016-03-21T04:07:04.000000;2016-03-21T04:07:04.000000;ccd501e6-f912-41a7-9a37-2a620c8a022e;407.38;0.38;UNKNOWN
2016-03-21T04:07:04.000000;2016-03-21T04:07:04.000000;9168370c-de3f-4e55-bf82-80a0b94059e1;407.37;3.0;UNKNOWN
2016-03-21T04:07:42.000000;2016-03-21T04:07:42.000000;5c158f4e-7994-4c6c-b3c0-af8c42df1600;407.39;1.1559;UNKNOWN
2016-03-21T04:08:00.000000;2016-03-21T04:08:00.000000;e4a8e64a-1fcb-4ac0-9b50-f58803be431f;407.39;0.5715;UNKNOWN
2016-03-21T04:09:49.000000;2016-03-21T04:09:49.000000;fa188456-bde9-4be9-aece-ccb978c6ae39;406.4;4.77885833;UNKNOWN
2016-03-21T04:09:49.000000;2016-03-21T04:09:49.000000;105553c9-ac43-444a-a71d-6e066f1a0731;406.22;4.77885833;UNKNOWN
2016-03-21T04:09:49.000000;2016-03-21T04:09:49.000000;6c396705-36ee-4459-9930-f14fae5b3976;406.24;12.1103;UNKNOWN
2016-03-21T04:09:49.000000;2016-03-21T04:09:49.000000;a2c03fe1-71a7-4978-baf2-1801a9c29d0b;406.24;0.136455;UNKNOWN
2016-03-21T04:09:49.000000;2016-03-21T04:09:49.000000;d8b9c374-8b59-4d08-ae02-687aae23327d;406.4;13.0373;UNKNOWN
2016-03-21T04:09:49.000000;2016-03-21T04:09:49.000000;5cee9e91-8d26-4ca5-a3d3-f14cf45de825;406.6;40.0;UNKNOWN
2016-03-21T04:09:49.000000;2016-03-21T04:09:49.000000;cfa01aee-ad5e-4a2c-ba75-c0ce79a95bb4;406.55;1.13;UNKNOWN
2016-03-21T04:09:49.000000;2016-03-21T04:09:49.000000;748fefc6-80a9-4c65-b2a3-00278a771c9c;406.22;0.25451636;UNKNOWN
2016-03-21T04:09:49.000000;2016-03-21T04:09:49.000000;b0213eb9-701b-45a1-a997-769aca5b5d78;406.01;3.0;UNKNOWN
2016-03-21T04:09:49.000000;2016-03-21T04:09:49.000000;c32a4a94-9a50-4029-8fb0-c79d6d0fdc30;406.0;1.0;UNKNOWN
2016-03-21T04:09:49.000000;2016-03-21T04:09:49.000000;cb30df08-6ec6-42b0-944c-01aa345ec4d5;406.0;10.2726;UNKNOWN
2016-03-21T04:09:49.000000;2016-03-21T04:09:49.000000;5e497472-f70c-4cdd-af04-8f52088a2d90;406.12;13.9128;UNKNOWN
2016-03-21T04:09:49.000000;2016-03-21T04:09:49.000000;b18744cc-003f-4ce0-b669-dae242939db3;406.12;4.77885833;UNKNOWN
2016-03-21T04:09:49.000000;2016-03-21T04:09:49.000000;8e4b3c75-7586-4f7e-b52d-77ea80887841;406.13;3.0141;UNKNOWN
2016-03-21T04:09:49.000000;2016-03-21T04:09:49.000000;4ddffb91-3a16-4ca8-952a-05cf5b7e4436;406.15;4.77885833;UNKNOWN
2016-03-21T04:09:49.000000;2016-03-21T04:09:49.000000;ec1d808e-9a07-4bf0-aab9-6c279f1e8b90;406.07;4.77857288;UNKNOWN
2016-03-21T04:09:49.000000;2016-03-21T04:09:49.000000;75d48326-5070-4c69-9864-cd935b12cd5f;406.0;30.0;UNKNOWN
2016-03-21T04:09:49.000000;2016-03-21T04:09:49.000000;9bc50b8a-188d-48bf-bd05-b1a895299c3a;406.0;0.02;UNKNOWN
2016-03-21T04:09:49.000000;2016-03-21T04:09:49.000000;ed407e9c-16f8-403a-ab6a-99d8d7347150;406.02;0.18954885;UNKNOWN
2016-03-21T04:09:49.000000;2016-03-21T04:09:49.000000;e8d45c0f-6b6d-42ea-b3f5-628d9f68e300;406.0;0.06343927;UNKNOWN
2016-03-21T04:09:49.000000;2016-03-21T04:09:49.000000;964c4cf1-0f46-40da-8ca0-884de8797055;406.0;0.305;UNKNOWN
2016-03-21T04:09:49.000000;2016-03-21T04:09:49.000000;e7a3dbef-701c-4388-b3c4-7034e56ac80a;406.57;13.507;UNKNOWN
2016-03-21T04:09:49.000000;2016-03-21T04:09:49.000000;5b4dfae9-3bba-4399-a735-22c1d6aee94c;406.66;2.0;UNKNOWN
2016-03-21T04:09:49.000000;2016-03-21T04:09:49.000000;14569042-3376-48ab-8848-d750c2d8ba0a;407.21;19.0;UNKNOWN
2016-03-21T04:09:49.000000;2016-03-21T04:09:49.000000;e905ff13-428e-488a-9173-28cc5d72ac63;407.29;13.6637;UNKNOWN
2016-03-21T04:09:49.000000;2016-03-21T04:09:49.000000;0758dcf3-389c-4340-b9e4-48d3cbe39803;406.5;5.0;UNKNOWN
2016-03-21T04:09:49.000000;2016-03-21T04:09:49.000000;f9692f8c-c96a-4e7f-ae75-eccdf4b4fb8b;407.0;1.0;UNKNOWN
2016-03-21T04:09:49.000000;2016-03-21T04:09:49.000000;7d6ece9b-4c8b-440c-a8c9-e4f65ac5588e;407.23;1.52634301;UNKNOWN
2016-03-21T04:09:49.000000;2016-03-21T04:09:49.000000;f400a78c-7a99-4f9f-bfee-3ebb4cfe8ba4;407.22;40.0;UNKNOWN
2016-03-21T04:09:49.000000;2016-03-21T04:09:49.000000;f30766d7-9d94-4de2-b89f-17d750c796eb;407.26;25.6793;UNKNOWN
2016-03-21T04:09:49.000000;2016-03-21T04:09:49.000000;027cc940-1038-4e45-a801-e27c343d268d;406.61;2.68776145;UNKNOWN
2016-03-21T04:09:49.000000;2016-03-21T04:09:49.000000;2c00f76c-b327-4ac6-b13a-0c20942730ed;407.0;0.2;UNKNOWN
2016-03-21T04:09:49.000000;2016-03-21T04:09:49.000000;c753e202-6ceb-47ef-8931-e1ee1d62f0b5;407.0;1.0;UNKNOWN
2016-03-21T04:09:49.000000;2016-03-21T04:09:49.000000;081f6231-3547-471e-be42-ef9262a2d2a1;407.0;0.2;UNKNOWN
2016-03-21T04:09:49.000000;2016-03-21T04:09:49.000000;1d504578-2c4d-461e-ab9f-3f53361252db;407.12;13.2238;UNKNOWN
2016-03-21T04:09:49.000000;2016-03-21T04:09:49.000000;dc423c43-066f-4232-a721-ff7d4cd8d537;406.99;2.62945861;UNKNOWN
2016-03-21T04:09:49.000000;2016-03-21T04:09:49.000000;89d98049-9a63-4a18-9b5c-9b91cacef1f0;406.63;5.0536;UNKNOWN
2016-03-21T04:09:49.000000;2016-03-21T04:09:49.000000;b5486ad3-8e3d-4315-94b2-d06cc84004ba;406.65;0.02;UNKNOWN
2016-03-21T04:09:49.000000;2016-03-21T04:09:49.000000;77daaf81-eea4-4afd-826c-9a3859e58acb;406.7;2.0;UNKNOWN
2016-03-21T04:09:49.000000;2016-03-21T04:09:49.000000;bbabf058-c147-400d-a7a2-4552395fc3a2;406.86;13.5912;UNKNOWN
2016-03-21T04:09:49.000000;2016-03-21T04:09:49.000000;a33d7963-c27e-4c1c-ad6d-93bd6d0b61e7;406.8;0.68830225;UNKNOWN
2016-03-21T04:09:49.000000;2016-03-21T04:09:49.000000;8b0b1fb3-ca04-485c-9ef0-2cbde60619db;406.98;12.9301;UNKNOWN
2016-03-21T04:09:49.000000;2016-03-21T04:09:49.000000;cd2f5b4d-1696-4f2f-afb2-810955a6da7a;406.72;12.272;UNKNOWN
2016-03-21T04:10:03.000000;2016-03-21T04:10:03.000000;a78c3b25-7fc9-4b70-8756-6131d2c51fbd;406.42;15.48423062;UNKNOWN
2016-03-21T04:10:03.000000;2016-03-21T04:10:03.000000;1259dec9-03f4-478f-8165-e5c888c8df8d;406.42;2.56386938;UNKNOWN
2016-03-21T04:10:03.000000;2016-03-21T04:10:03.000000;80a5de7f-636a-4ddb-9701-0eed8f9d9091;406.42;1.0;UNKNOWN
2016-03-21T04:10:03.000000;2016-03-21T04:10:03.000000;ab594c83-c3c2-426f-b340-32787a372df3;406.42;0.5;UNKNOWN
2016-03-21T04:10:03.000000;2016-03-21T04:10:03.000000;13dd3e55-30f5-4e4c-9bd6-f105fcd0b494;406.42;0.4;UNKNOWN
2016-03-21T04:10:03.000000;2016-03-21T04:10:03.000000;fea33842-65c6-449c-86a0-c2abefde06f4;406.42;1.0;UNKNOWN
2016-03-21T04:10:03.000000;2016-03-21T04:10:03.000000;ba267878-990f-4af8-acbb-6fe161b5a6c5;406.42;0.5;UNKNOWN
2016-03-21T04:10:03.000000;2016-03-21T04:10:03.000000;852343a6-f00b-4816-a18a-a999e34c7848;406.42;5.0;UNKNOWN
2016-03-21T04:10:03.000000;2016-03-21T04:10:03.000000;4d08caad-1777-4b61-8310-ab6f2f8643dc;406.41;23.11576938;UNKNOWN
2016-03-21T04:10:41.000000;2016-03-21T04:10:41.000000;034e1782-4c95-4ce9-8fdc-be50e6247a2b;406.72;0.56632632;UNKNOWN
2016-03-21T04:11:55.000000;2016-03-21T04:11:55.000000;ed0104ff-d7d6-45c1-b826-6d145f264b74;406.81;0.06159507;UNKNOWN
2016-03-21T04:12:05.000000;2016-03-21T04:12:05.000000;2e9c0f84-58a8-4a5a-8d45-9ffdb2560255;406.96;0.25825573;UNKNOWN
2016-03-21T04:13:16.000000;2016-03-21T04:13:16.000000;b46c30e0-80dd-447f-9fb5-a47e33e16406;406.97;6.0;UNKNOWN
2016-03-21T04:14:55.000000;2016-03-21T04:14:55.000000;d9324929-c39c-4d9c-8d2b-bb41a44cb697;407.36;0.04443959;UNKNOWN
2016-03-21T04:14:59.000000;2016-03-21T04:14:59.000000;0788ef1e-e131-4f26-a4b4-fab22531d8bd;407.36;0.11541627;UNKNOWN
2016-03-21T04:15:04.000000;2016-03-21T04:15:04.000000;4a4c14d1-aba5-4fa0-8dbe-762b389985a8;407.36;0.11541627;UNKNOWN
2016-03-21T04:15:08.000000;2016-03-21T04:15:08.000000;4b460206-51c4-419a-b6ed-c12db71caba1;407.36;0.11541627;UNKNOWN
2016-03-21T04:15:13.000000;2016-03-21T04:15:13.000000;b12904fc-cb03-4492-8ee9-9548eaf0c85e;407.36;0.10951809;UNKNOWN
2016-03-21T04:16:04.000000;2016-03-21T04:16:04.000000;ec7bbd88-cb20-4531-abc4-031783fc0918;407.38;0.1;UNKNOWN
2016-03-21T04:16:05.000000;2016-03-21T04:16:05.000000;e15c9a4a-5a2b-4974-84c6-3f13e3aaf9e5;407.38;0.03698092;UNKNOWN
2016-03-21T04:16:06.000000;2016-03-21T04:16:06.000000;87e88cd6-d5b6-40da-9c74-41d053144925;407.39;0.16891291;UNKNOWN
2016-03-21T04:16:06.000000;2016-03-21T04:16:06.000000;2737b2d1-1446-42b9-a0a9-700ce41b16ef;407.38;0.05256793;UNKNOWN
2016-03-21T04:16:09.000000;2016-03-21T04:16:09.000000;6e14444b-6227-4cfa-8e16-7fdb0270de19;407.39;0.03;UNKNOWN
2016-03-21T04:16:11.000000;2016-03-21T04:16:11.000000;b53d72ea-d0b8-4ff1-adbe-f09d688878ee;407.39;1.0;UNKNOWN
2016-03-21T04:19:05.000000;2016-03-21T04:19:05.000000;10343b6a-fdb3-4fb4-b111-02b92143116b;407.39;0.01476539;UNKNOWN
2016-03-21T04:19:46.000000;2016-03-21T04:19:46.000000;cafbd256-dd1c-4568-9901-7c7746d8b1ab;407.37;1.0;UNKNOWN
2016-03-21T04:19:46.000000;2016-03-21T04:19:46.000000;8f85f494-234e-48e0-bf40-28353f4c6f20;407.36;42.92323168;UNKNOWN
2016-03-21T04:19:46.000000;2016-03-21T04:19:46.000000;2f4002af-183d-49ca-a70e-cbe1507e1cbf;407.37;6.0858;UNKNOWN
2016-03-21T04:19:50.000000;2016-03-21T04:19:50.000000;c29b9727-1f1a-41ee-a27b-d611ef9ad3a2;407.39;0.7944929;UNKNOWN
2016-03-21T04:21:56.000000;2016-03-21T04:21:56.000000;53a851da-82d4-4be6-abac-5a1cee8f9147;407.36;5.0;UNKNOWN
2016-03-21T04:22:04.000000;2016-03-21T04:22:04.000000;132e0265-3f84-48e3-b1be-e8d7d194aa08;407.39;0.2;UNKNOWN
2016-03-21T04:22:04.000000;2016-03-21T04:22:04.000000;64724a39-3203-4515-9817-c0afbb5935bc;407.36;5.0;UNKNOWN
2016-03-21T04:22:44.000000;2016-03-21T04:22:44.000000;624a5dc9-b888-4178-95f0-381feaad93d3;407.39;0.04071033;UNKNOWN
2016-03-21T04:23:04.000000;2016-03-21T04:23:04.000000;f2b00c37-79f8-4cfa-ade8-89110ece02ce;407.36;5.0;UNKNOWN
2016-03-21T04:23:05.000000;2016-03-21T04:23:05.000000;9acfe71c-dbeb-4229-b233-26b0bbb0d96f;407.36;0.39336394;UNKNOWN
2016-03-21T04:23:11.000000;2016-03-21T04:23:11.000000;8d042c95-4a69-4ab5-9c07-a6e9b9648ec2;407.36;5.0;UNKNOWN
2016-03-21T04:23:30.000000;2016-03-21T04:23:30.000000;c46f3f6e-b137-4c77-92bc-1be84bb14290;407.36;5.0;UNKNOWN
2016-03-21T04:23:49.000000;2016-03-21T04:23:49.000000;54745472-1fa3-4c25-8388-ff18f4a5bc61;407.36;5.0;UNKNOWN
2016-03-21T04:23:56.000000;2016-03-21T04:23:56.000000;6370eaba-f0aa-4c15-9261-df9dd991cbdd;407.36;5.0;UNKNOWN
2016-03-21T04:24:03.000000;2016-03-21T04:24:03.000000;ffd56359-0c57-42d3-8400-da3035e64133;407.36;0.20907879;UNKNOWN
2016-03-21T04:24:05.000000;2016-03-21T04:24:05.000000;8ab8919a-f084-45be-ac90-51830909ac58;407.39;0.59149198;UNKNOWN
2016-03-21T04:24:07.000000;2016-03-21T04:24:07.000000;1c6782df-a552-424e-9abe-1491ee110f76;407.39;1.5;UNKNOWN
2016-03-21T04:24:42.000000;2016-03-21T04:24:42.000000;18eda5b5-2307-417d-8ffe-12f9ace76345;407.36;1.0;UNKNOWN
2016-03-21T04:26:03.000000;2016-03-21T04:26:03.000000;14a1313d-9e27-4604-b93c-fd7b6d9b3b77;407.37;0.24459176;UNKNOWN
2016-03-21T04:27:01.000000;2016-03-21T04:27:01.000000;aa168068-244f-4586-afcf-3de9b7ff6f75;407.39;0.2814407;UNKNOWN
2016-03-21T04:27:01.000000;2016-03-21T04:27:01.000000;35052757-1431-4372-b991-6ec83790d6fb;407.39;0.02803307;UNKNOWN
2016-03-21T04:27:32.000000;2016-03-21T04:27:32.000000;3d2f418b-0f19-455d-92fb-b94f99cb2b6b;407.39;0.03212581;UNKNOWN
2016-03-21T04:28:50.000000;2016-03-21T04:28:50.000000;63a7b5e5-32d4-4ec8-82fb-5a959fd7b90a;407.37;5.9824;UNKNOWN
2016-03-21T04:29:06.000000;2016-03-21T04:29:06.000000;15c12aaa-8826-4cd4-b4bc-631443671a6d;407.39;0.05551447;UNKNOWN
2016-03-21T04:29:07.000000;2016-03-21T04:29:07.000000;71fd21b2-985f-4d11-b8a6-a953f5c3f2cb;407.47;4.06;UNKNOWN
2016-03-21T04:29:07.000000;2016-03-21T04:29:07.000000;8959f64d-9dc5-49fa-bf97-fbbd515ed0b9;407.4;3.94;UNKNOWN
2016-03-21T04:29:16.000000;2016-03-21T04:29:16.000000;1d9e14ff-ac85-4bcc-bb00-121eb2fb8f2c;407.36;0.02459689;UNKNOWN
2016-03-21T04:31:37.000000;2016-03-21T04:31:37.000000;1923e2fe-cdc1-49cd-8eba-3055fbd437b7;407.37;0.263;UNKNOWN
2016-03-21T04:34:01.000000;2016-03-21T04:34:01.000000;c5fdc2b3-6889-4b93-8fb8-c40ab5d4142e;407.39;0.19108393;UNKNOWN
2016-03-21T04:35:01.000000;2016-03-21T04:35:01.000000;2df11fd6-8919-4248-86ac-936b1815816e;407.59;0.01659504;UNKNOWN
2016-03-21T04:35:05.000000;2016-03-21T04:35:05.000000;19b35b01-06b2-4421-a758-6eadce427306;407.59;1.0;UNKNOWN
2016-03-21T04:35:39.000000;2016-03-21T04:35:39.000000;a1106d56-f5e8-4291-96dd-19d87e953bb8;407.59;0.02;UNKNOWN
2016-03-21T04:35:48.000000;2016-03-21T04:35:48.000000;59604f44-ac9c-475b-9a41-70e7598c8e28;407.59;0.06958173;UNKNOWN
2016-03-21T04:36:07.000000;2016-03-21T04:36:07.000000;fe42d4b1-c2b4-4c47-b810-2d10fd35277b;407.59;0.02;UNKNOWN
2016-03-21T04:36:19.000000;2016-03-21T04:36:19.000000;c87e1cab-1ec2-46d3-9877-76d483af7cbd;407.45;0.5;UNKNOWN
2016-03-21T04:36:19.000000;2016-03-21T04:36:19.000000;6d9f770a-7d0b-4edc-b3a2-fe8a05c49bf1;407.44;0.72960364;UNKNOWN
2016-03-21T04:36:22.000000;2016-03-21T04:36:22.000000;9bf29305-92bf-4c71-ba28-1d521fabe527;407.58;0.02;UNKNOWN
2016-03-21T04:36:57.000000;2016-03-21T04:36:57.000000;932bac43-711a-4ba5-8422-f71761799014;407.58;0.02;UNKNOWN
2016-03-21T04:37:11.000000;2016-03-21T04:37:11.000000;7d930d13-445b-4378-a6b3-4158b2b6618b;407.58;0.02;UNKNOWN
2016-03-21T04:37:18.000000;2016-03-21T04:37:18.000000;47d45a92-d1b0-4e2b-a5b9-72b850a47c66;407.44;0.3593197;UNKNOWN
2016-03-21T04:37:18.000000;2016-03-21T04:37:18.000000;263d554e-9b8d-4177-b855-754c5c2acd80;407.45;0.5;UNKNOWN
2016-03-21T04:37:20.000000;2016-03-21T04:37:20.000000;6c8ad09a-162e-4dc2-8e51-2901a1c5b7a1;407.59;0.01;UNKNOWN
2016-03-21T04:37:20.000000;2016-03-21T04:37:20.000000;a34a21d2-3605-4ce2-868c-f0ea8071baa4;407.44;0.18822132;UNKNOWN
2016-03-21T04:37:20.000000;2016-03-21T04:37:20.000000;7618353d-e3cc-434f-b0fc-bce59658a3ef;407.45;0.5;UNKNOWN
2016-03-21T04:37:34.000000;2016-03-21T04:37:34.000000;a455ec1b-c1ec-488d-b844-56ede398bede;407.58;0.02;UNKNOWN
2016-03-21T04:37:59.000000;2016-03-21T04:37:59.000000;0c360717-b5a2-4fa2-b3c5-ceb95c13d77b;407.58;0.02;UNKNOWN
2016-03-21T04:38:28.000000;2016-03-21T04:38:28.000000;a4b4ad61-c701-4180-9ff5-d4a15e3e09ce;407.58;0.02;UNKNOWN
2016-03-21T04:38:39.000000;2016-03-21T04:38:39.000000;236777f1-5c9c-4b1b-93fd-00973f917cc5;407.58;0.0157;UNKNOWN
2016-03-21T04:39:20.000000;2016-03-21T04:39:20.000000;73f01238-1cbe-4a97-b879-2aebdfe21aa5;407.58;0.02;UNKNOWN
2016-03-21T04:40:06.000000;2016-03-21T04:40:06.000000;30bf91fc-1283-4c15-8655-8f8674681eff;407.58;0.01;UNKNOWN
2016-03-21T04:40:28.000000;2016-03-21T04:40:28.000000;d3dcd392-2d06-4a56-9f9a-d86d2e5c171b;407.58;0.02;UNKNOWN
2016-03-21T04:40:37.000000;2016-03-21T04:40:37.000000;67b96d63-f8d6-44cf-acac-a950b58e800c;407.58;0.02;UNKNOWN
2016-03-21T04:40:39.000000;2016-03-21T04:40:39.000000;d9de1dc7-e613-48c1-9488-711a3abd17ea;407.58;0.01;UNKNOWN
2016-03-21T04:40:56.000000;2016-03-21T04:40:56.000000;a6669d47-2f73-438e-a523-f5f041e6565c;407.58;0.02;UNKNOWN
2016-03-21T04:41:07.000000;2016-03-21T04:41:07.000000;7464650a-6c10-4c49-a942-c62b68ae12a4;407.58;0.01;UNKNOWN
2016-03-21T04:41:26.000000;2016-03-21T04:41:26.000000;a16ad077-9fe0-4bed-a03a-45f16a488ec3;407.58;0.02;UNKNOWN
2016-03-21T04:41:42.000000;2016-03-21T04:41:42.000000;c75aca0c-093c-4eac-acdb-78561d7b5290;407.58;0.02;UNKNOWN
2016-03-21T04:42:00.000000;2016-03-21T04:42:00.000000;08371403-91ab-4b86-8bdf-956b2177b3b2;407.58;0.02;UNKNOWN
2016-03-21T04:42:12.000000;2016-03-21T04:42:12.000000;5e06fe07-3088-446e-83f2-396e5f12b954;407.59;0.02;UNKNOWN
2016-03-21T04:42:26.000000;2016-03-21T04:42:26.000000;313e886e-4e75-4e83-9ea7-c88231e53895;407.59;0.02;UNKNOWN
2016-03-21T04:42:42.000000;2016-03-21T04:42:42.000000;bdfbbd31-051b-41d4-b5fd-321b2f534322;407.59;0.05734959;UNKNOWN
2016-03-21T04:42:48.000000;2016-03-21T04:42:48.000000;844398ae-a9f2-4f7a-a277-e5638181c96a;407.59;0.01;UNKNOWN
2016-03-21T04:43:27.000000;2016-03-21T04:43:27.000000;561a118c-d142-445f-8dcb-c4bfe59771d4;407.59;0.019;UNKNOWN
2016-03-21T04:43:53.000000;2016-03-21T04:43:53.000000;276929cf-ba92-4307-bf70-2476ce5f8047;407.58;0.01;UNKNOWN
2016-03-21T04:44:52.000000;2016-03-21T04:44:52.000000;aaf41852-9457-4c4b-b07e-23892b559861;407.58;0.02;UNKNOWN
2016-03-21T04:45:05.000000;2016-03-21T04:45:05.000000;8c557302-3d1d-4f4e-8c7e-2d4bdbcf9a33;407.59;0.5;UNKNOWN
2016-03-21T04:46:04.000000;2016-03-21T04:46:04.000000;39480cd7-9761-4fac-a89e-cee4ff85fafc;407.44;0.09099514;UNKNOWN
2016-03-21T04:46:38.000000;2016-03-21T04:46:38.000000;c7d3a61c-e862-431c-93f7-4aaaed87fd34;407.42;0.02;UNKNOWN
2016-03-21T04:46:40.000000;2016-03-21T04:46:40.000000;424beb99-c069-4bbc-a11f-0d6f3670eec5;407.47;0.02;UNKNOWN
2016-03-21T04:46:53.000000;2016-03-21T04:46:53.000000;5bae613b-7fcd-4cd8-9750-73a24e7a505d;407.47;0.01;UNKNOWN
2016-03-21T04:47:14.000000;2016-03-21T04:47:14.000000;951f9869-458f-4000-8472-851f89953f8a;407.58;0.01046781;UNKNOWN
2016-03-21T04:47:14.000000;2016-03-21T04:47:14.000000;07beb86c-0de7-48ce-a226-3475deb327f9;407.47;0.00953219;UNKNOWN
2016-03-21T04:47:26.000000;2016-03-21T04:47:26.000000;c6682e7e-fd7d-4bcf-8944-19f012d56dc9;407.54;0.02;UNKNOWN
2016-03-21T04:47:36.000000;2016-03-21T04:47:36.000000;9a74c594-1a32-4887-8f64-632cc0f2cfff;407.52;0.02;UNKNOWN
2016-03-21T04:48:16.000000;2016-03-21T04:48:16.000000;80da0cf8-9692-4665-b61b-37c33db1625b;407.52;0.02;UNKNOWN
2016-03-21T04:48:36.000000;2016-03-21T04:48:36.000000;4fe32f0f-3cfd-4b2c-a5fe-f31760ea4917;407.59;0.02;UNKNOWN
2016-03-21T04:49:01.000000;2016-03-21T04:49:01.000000;5d62c51d-7aa0-44b8-8ae5-e835a26f1f76;407.58;0.01;UNKNOWN
2016-03-21T04:50:21.000000;2016-03-21T04:50:21.000000;11ed2c53-581a-48a8-b6e7-605e84e24ef5;407.59;0.019;UNKNOWN
2016-03-21T04:50:30.000000;2016-03-21T04:50:30.000000;8c999b50-32f8-4c24-8501-5c974f9cb64a;407.59;0.02;UNKNOWN
2016-03-21T04:50:48.000000;2016-03-21T04:50:48.000000;8825cdd1-0f0c-443e-8406-91c0d6e6b90d;407.51;0.02;UNKNOWN
2016-03-21T04:51:02.000000;2016-03-21T04:51:02.000000;6af1a724-dd6c-4f95-bac0-54e70060a098;407.57;0.02;UNKNOWN
2016-03-21T04:51:05.000000;2016-03-21T04:51:05.000000;c42d7b0e-5404-4a02-8cdd-047f90380e06;407.53;0.5;UNKNOWN
2016-03-21T04:51:05.000000;2016-03-21T04:51:05.000000;6fb9676d-5baf-40c5-a1c3-fb6a059790bc;407.52;0.18831496;UNKNOWN
2016-03-21T04:51:13.000000;2016-03-21T04:51:13.000000;fbc3e94b-276e-43e6-84cc-1536c59d6503;407.54;0.01;UNKNOWN
2016-03-21T04:51:15.000000;2016-03-21T04:51:15.000000;61830724-98ce-4ca7-b862-fc51539ab2e1;407.52;0.227254;UNKNOWN
2016-03-21T04:51:28.000000;2016-03-21T04:51:28.000000;6b3780e6-a8d0-41e4-a940-f8430289759c;407.59;0.01;UNKNOWN
2016-03-21T04:51:39.000000;2016-03-21T04:51:39.000000;6ee93191-f1f4-42b6-8671-21b05b534161;407.59;0.02;UNKNOWN
2016-03-21T04:52:02.000000;2016-03-21T04:52:02.000000;9b7f9205-eac8-48c2-85ba-f3d20ff211d9;407.59;0.14885537;UNKNOWN
2016-03-21T04:52:04.000000;2016-03-21T04:52:04.000000;b9248838-5a4e-4eff-8a9d-4eff851569ae;407.59;0.05967743;UNKNOWN
2016-03-21T04:52:10.000000;2016-03-21T04:52:10.000000;8cbbe1a6-c3ca-4dd7-85d0-d01238897b01;407.59;0.02;UNKNOWN
2016-03-21T04:52:50.000000;2016-03-21T04:52:50.000000;fe84c22c-08e9-4fcc-98a5-7c23b263fdc6;407.51;0.245;UNKNOWN
2016-03-21T04:52:55.000000;2016-03-21T04:52:55.000000;3285d5e1-94e1-4e4a-9e28-eb08b0988d0e;407.51;0.01;UNKNOWN
2016-03-21T04:53:07.000000;2016-03-21T04:53:07.000000;e9812046-9114-4a45-b303-efeae63b7e61;407.59;0.03410278;UNKNOWN
2016-03-21T04:53:09.000000;2016-03-21T04:53:09.000000;9c606bff-7be6-42b6-8a5e-c1165a6987b4;407.59;0.03410278;UNKNOWN
2016-03-21T04:53:15.000000;2016-03-21T04:53:15.000000;f5f8cd7e-26e3-4dda-ba4c-e5f917ae474f;407.59;0.02;UNKNOWN
2016-03-21T04:53:28.000000;2016-03-21T04:53:28.000000;0fbf3c57-a6dc-4dfa-8c5b-e9877f691438;407.59;0.02;UNKNOWN
2016-03-21T04:53:42.000000;2016-03-21T04:53:42.000000;91123fe8-e6d9-4002-8fff-1c8ffebfa989;407.59;0.02;UNKNOWN
2016-03-21T04:53:53.000000;2016-03-21T04:53:53.000000;8165f139-6817-4172-9fb2-b206af3a9e7c;407.59;0.02;UNKNOWN
2016-03-21T04:54:14.000000;2016-03-21T04:54:14.000000;44b6b7ec-77e3-4951-b4c8-3c07f42324f0;407.57;0.02;UNKNOWN
2016-03-21T04:54:25.000000;2016-03-21T04:54:25.000000;f4289f4d-f954-495a-9ab5-0dc32cea6cec;407.54;0.02;UNKNOWN
2016-03-21T04:54:33.000000;2016-03-21T04:54:33.000000;7bed6202-4f5b-41d9-988f-cf4533c170c7;407.53;0.269283;UNKNOWN
2016-03-21T04:54:48.000000;2016-03-21T04:54:48.000000;45a0061a-d210-4708-80de-7584bb2db8dd;407.59;0.0127;UNKNOWN
2016-03-21T04:55:29.000000;2016-03-21T04:55:29.000000;a477bcdd-3e9b-4cc1-8ebc-996eb8d907a1;407.59;0.01;UNKNOWN
2016-03-21T04:55:39.000000;2016-03-21T04:55:39.000000;65d9def5-5e9b-49dd-aaf1-9a7eab7b2ded;407.59;0.02;UNKNOWN
2016-03-21T04:56:05.000000;2016-03-21T04:56:05.000000;72f8f07e-ec67-4e27-b47f-a0ffbbb3255e;407.55;0.184;UNKNOWN
2016-03-21T04:56:05.000000;2016-03-21T04:56:05.000000;4073f346-db30-4c6a-b69f-1b0a260efe55;407.54;0.02689078;UNKNOWN
