time_exchange;time_coinpai;guid;price;base_amount;taker_side
2016-03-21T00:00:03.043000;2016-03-21T00:00:03.107000;e7e611a7-6f0b-434a-ab77-61d464b7bd6b;411.25;0.01;SELL
2016-03-21T00:00:03.043000;2016-03-21T00:00:03.107000;b283d927-66ad-4ee4-bf89-7e29636d601c;411.25;0.02;SELL
2016-03-21T00:00:03.043000;2016-03-21T00:00:03.107000;ff3a24cd-d738-4d31-806b-242a1fdb3382;411.25;0.072;SELL
2016-03-21T00:00:03.043000;2016-03-21T00:00:03.107000;d03fa8d5-2737-452d-8c4d-6df08069748b;411.24;0.01;SELL
2016-03-21T00:00:03.043000;2016-03-21T00:00:03.123000;c92891f2-d368-4c6d-a143-daeef52929e8;411.23;0.01;SELL
2016-03-21T00:00:03.043000;2016-03-21T00:00:03.123000;8f05c12b-947d-41df-b759-2a257d95c72a;411.23;3.585;SELL
2016-03-21T00:00:03.043000;2016-03-21T00:00:03.123000;0fc6a2d7-325d-43b9-845a-4982d0ef928f;411.17;0.02;SELL
2016-03-21T00:00:03.043000;2016-03-21T00:00:03.123000;faa62513-f570-4acb-9d39-3c94efd48066;411.17;3.432;SELL
2016-03-21T00:00:03.043000;2016-03-21T00:00:03.123000;d4dfd4e8-d2d5-4efb-8de4-db054ff9276e;411.17;0.104;SELL
2016-03-21T00:00:03.043000;2016-03-21T00:00:03.140000;393c35dd-5a17-483b-acc6-f452e800a53b;411.16;2.737;SELL
2016-03-21T00:00:05.190000;2016-03-21T00:00:05.250000;682081fc-2a94-4779-8b0a-0bc74b46ad08;411.26;0.01698333;BUY
2016-03-21T00:00:06.630000;2016-03-21T00:00:06.703000;0fb9eca0-e878-493d-b1fa-56a2cfa812e6;411.28;0.25;BUY
2016-03-21T00:00:06.630000;2016-03-21T00:00:06.703000;17695850-4e7c-4729-be03-2af2d4717130;411.29;0.8;BUY
2016-03-21T00:00:06.630000;2016-03-21T00:00:06.703000;125b7fb9-6358-478e-bb7b-c1537ba3ab1f;411.3;0.02369;BUY
2016-03-21T00:00:31.817000;2016-03-21T00:00:31.857000;83604174-f4b8-4fee-a443-4b1dd452417f;411.25;0.02;SELL
2016-03-21T00:00:31.817000;2016-03-21T00:00:31.890000;6222befb-3885-4e5b-ae50-292b344689fd;411.22;0.104;SELL
2016-03-21T00:00:31.817000;2016-03-21T00:00:31.890000;39bc0985-9aea-4cfd-8721-83f7e0027c9a;411.21;0.085;SELL
2016-03-21T00:00:31.817000;2016-03-21T00:00:31.890000;c0221954-66f7-48dc-bf23-f92167bc8833;411.15;0.075;SELL
2016-03-21T00:00:31.817000;2016-03-21T00:00:31.890000;7d7e920c-b574-4d6e-8b12-9616fba68032;411.11;0.01;SELL
2016-03-21T00:00:31.817000;2016-03-21T00:00:31.953000;1a8b5021-9a37-422d-938b-d8f160730d77;411.1;0.03;SELL
2016-03-21T00:00:31.817000;2016-03-21T00:00:31.967000;a00adb5e-13cc-4e16-a6a6-1869ae33154f;411.1;0.07574;SELL
2016-03-21T00:01:02.353000;2016-03-21T00:01:02.420000;c95d70ad-c434-4f8c-bc59-836c8b0b63d9;411.12;0.01;SELL
2016-03-21T00:01:02.353000;2016-03-21T00:01:02.420000;ab51b551-c8db-42f2-8447-a7be4b8e6a80;411.11;0.094;SELL
2016-03-21T00:01:02.353000;2016-03-21T00:01:02.420000;b25b3dc7-3cd4-4cea-bc8f-63b44f776733;411.1;0.099;SELL
2016-03-21T00:01:02.353000;2016-03-21T00:01:02.437000;91192c73-12cf-495c-b01f-e82817235b29;411.09;0.62385;SELL
2016-03-21T00:01:27.907000;2016-03-21T00:01:27.967000;c89bd9de-66a8-4b68-b7d8-c3271433a4f7;411.06;0.23796;BUY
2016-03-21T00:01:31.887000;2016-03-21T00:01:31.937000;e2b42581-69d2-4a9a-805b-8c4be2ea4c3d;411.05;0.03;SELL
2016-03-21T00:01:31.887000;2016-03-21T00:01:31.953000;acb642ea-69d5-4ec7-b985-f930ec8b3402;411.05;0.02;SELL
2016-03-21T00:01:31.887000;2016-03-21T00:01:31.967000;307a4936-e6b4-43c2-bc4b-dd096f6ed19f;411.01;3.54744035;SELL
2016-03-21T00:01:31.887000;2016-03-21T00:01:31.983000;c89bdaa3-400d-473e-b7da-dbf0f710840b;411.01;0.115;SELL
2016-03-21T00:01:31.887000;2016-03-21T00:01:31.983000;6628f449-dfb3-4c49-b5db-b4acc90a87e5;411.0;0.01;SELL
2016-03-21T00:01:31.887000;2016-03-21T00:01:31.983000;0dcd79e1-d0f1-4099-9ac9-5f249d655cec;411.0;0.26351564;SELL
2016-03-21T00:01:31.890000;2016-03-21T00:01:31.983000;3a1dd232-36f1-4f42-a380-cefe295d8d1c;411.0;0.34188401;SELL
2016-03-21T00:02:01.427000;2016-03-21T00:02:01.467000;1cccc756-5012-4d59-9eaa-3f9b58198bdd;411.07;0.2342;BUY
2016-03-21T00:02:01.863000;2016-03-21T00:02:01.920000;ffea3daa-877d-4a0a-9bd1-08cf3c5597af;411.07;0.0158;BUY
2016-03-21T00:02:01.863000;2016-03-21T00:02:01.920000;39c1196f-323c-4d65-a843-04e6d4b126d7;411.07;0.00184333;BUY
2016-03-21T00:02:31.497000;2016-03-21T00:02:31.547000;df53a590-519b-4478-9f6b-f7826ad972c3;411.06;0.25;BUY
2016-03-21T00:02:31.497000;2016-03-21T00:02:31.560000;a612ec83-8f8a-4d87-9cd7-5de517a51300;411.06;0.11129;BUY
2016-03-21T00:03:01.643000;2016-03-21T00:03:01.687000;2900400b-59bc-4889-afe2-97e845d25352;411.05;0.02;SELL
2016-03-21T00:03:01.643000;2016-03-21T00:03:01.703000;b8c82f7f-78c2-4b74-8d97-b3aa1e09e541;411.0;0.08;SELL
2016-03-21T00:03:34.517000;2016-03-21T00:03:34.560000;4f5e4a68-a904-4b9b-8fb9-80f2968158cc;411.01;0.25;BUY
2016-03-21T00:03:34.517000;2016-03-21T00:03:34.577000;d1a11141-fd7d-4b9c-81ae-ec33b815236a;411.02;0.10985;BUY
2016-03-21T00:04:01.630000;2016-03-21T00:04:01.670000;d1b1af62-6c82-424a-a67b-62962b148097;411.0;6.18076;SELL
2016-03-21T00:04:01.913000;2016-03-21T00:04:01.953000;407efb66-2098-43b8-a2dc-1ff415cf4f0d;411.01;0.01648333;BUY
2016-03-21T00:04:31.657000;2016-03-21T00:04:31.687000;123a6c3e-43d0-460b-a5be-f282c0a634d0;411.01;0.23351667;BUY
2016-03-21T00:04:31.657000;2016-03-21T00:04:31.717000;7e428d4c-f2a2-49de-8813-7980212f785f;411.02;0.128;BUY
2016-03-21T00:04:31.657000;2016-03-21T00:04:31.717000;930d90f5-c8f1-4957-a3ce-900cac03d7c7;411.05;0.01;BUY
2016-03-21T00:04:31.657000;2016-03-21T00:04:31.717000;89a27842-a5f0-4fdd-b593-d651c8262a53;411.07;0.084;BUY
2016-03-21T00:04:31.657000;2016-03-21T00:04:31.733000;25c70c77-35a2-42ff-83ed-2f665f74b016;411.13;0.079;BUY
2016-03-21T00:04:31.657000;2016-03-21T00:04:31.733000;ced9193e-8d2f-408e-8a48-14ddace971c7;411.13;0.09175333;BUY
2016-03-21T00:05:02.660000;2016-03-21T00:05:02.703000;1ad5a12a-d7ee-43f1-9f57-61a9aa0d0306;411.12;0.25;BUY
2016-03-21T00:05:02.660000;2016-03-21T00:05:02.703000;072c5976-64d7-4d17-b1a9-6cb5830fedd9;411.12;0.02215;BUY
2016-03-21T00:05:32.460000;2016-03-21T00:05:32.500000;cf524922-0ce2-4f76-9875-1c4f2df65ec0;411.12;0.21672;BUY
2016-03-21T00:05:50.110000;2016-03-21T00:05:50.157000;13baeaa3-4ca3-41fd-ac4c-d590580a8f01;411.01;7.29564;SELL
2016-03-21T00:05:50.110000;2016-03-21T00:05:50.157000;5e04a43b-1bf3-4984-8093-e603f6f82ea9;411.0;17.70436;SELL
2016-03-21T00:06:01.480000;2016-03-21T00:06:01.513000;243eb508-69c6-4bbf-ac24-6dbf5c6a2950;411.11;0.539;BUY
2016-03-21T00:06:01.480000;2016-03-21T00:06:01.530000;248dd3e3-bf74-4404-9650-97bb5fa100e4;411.12;0.089;BUY
2016-03-21T00:06:01.480000;2016-03-21T00:06:01.530000;6f7b0c9d-0763-43ab-9f42-08eda4ade529;411.13;0.15824667;BUY
2016-03-21T00:06:01.480000;2016-03-21T00:06:01.530000;8f091b85-8490-4b06-9310-748125fb1645;411.17;0.12;BUY
2016-03-21T00:06:01.480000;2016-03-21T00:06:01.547000;96e2a0d5-3e0f-47e1-9108-5a39889ce7bc;411.2;0.03;BUY
2016-03-21T00:06:01.480000;2016-03-21T00:06:01.547000;fd3b7eab-4fd6-4b2a-ae1c-8c7d9f0de89a;411.21;0.25;BUY
2016-03-21T00:06:01.480000;2016-03-21T00:06:01.547000;c4f3ecef-99ac-4be4-bc59-7577c9366785;411.22;0.122;BUY
2016-03-21T00:06:01.480000;2016-03-21T00:06:01.547000;5f9ebb0e-c905-4ab9-bcac-7fa6d2cae202;411.22;0.05;BUY
2016-03-21T00:06:01.480000;2016-03-21T00:06:01.547000;25d1525b-251b-4b42-ad27-38d6b0024ea7;411.25;0.03;BUY
2016-03-21T00:06:01.480000;2016-03-21T00:06:01.560000;d68a2515-cc5a-459e-8a34-ab29bcc7babb;411.25;0.01;BUY
2016-03-21T00:06:01.480000;2016-03-21T00:06:01.560000;8f331b15-9551-4724-87c0-fb47ce23b4e2;411.27;0.099;BUY
2016-03-21T00:06:01.480000;2016-03-21T00:06:01.577000;e6ab2c00-918d-417b-81da-84d4509f9cd6;411.3;0.00631;BUY
2016-03-21T00:06:01.480000;2016-03-21T00:06:01.577000;2e61019f-eada-4db2-864a-b107aad18c07;411.3;0.01;BUY
2016-03-21T00:06:01.480000;2016-03-21T00:06:01.577000;d8356a94-1a8a-4a11-8646-9ad6e2624d47;411.32;0.1;BUY
2016-03-21T00:06:01.480000;2016-03-21T00:06:01.593000;67b7f557-5de7-4e5a-992e-1ef6dcbc36fd;411.34;0.01;BUY
2016-03-21T00:06:01.480000;2016-03-21T00:06:01.593000;af38e2b9-2209-40dc-8dc0-38ff1049faa3;411.35;0.03;BUY
2016-03-21T00:06:01.480000;2016-03-21T00:06:01.610000;93bc3b69-4a3e-4c50-a5e8-0d77189e9798;411.37;0.116;BUY
2016-03-21T00:06:01.480000;2016-03-21T00:06:01.610000;8f32360a-57d1-4bbd-9feb-64d80ec2e57b;411.4;0.03;BUY
2016-03-21T00:06:01.480000;2016-03-21T00:06:01.610000;5795dea8-cc24-4c61-9822-6f79e5b1d19a;411.41;0.01;BUY
2016-03-21T00:06:01.483000;2016-03-21T00:06:01.610000;532f0e19-1c30-4346-9ad5-29dd922e9ade;411.42;0.01;BUY
2016-03-21T00:06:01.483000;2016-03-21T00:06:01.610000;924175b7-ed04-4a7d-b8b2-012f05797c97;411.42;0.10694333;BUY
2016-03-21T00:07:04.373000;2016-03-21T00:07:04.420000;39523a67-d81b-4ff4-9814-351c896c1028;411.35;0.01;SELL
2016-03-21T00:07:04.373000;2016-03-21T00:07:04.420000;e6adf9f9-343a-4035-abff-3e10c3d987fb;411.34;0.00479;SELL
2016-03-21T00:08:01.470000;2016-03-21T00:08:01.500000;1c32b3c1-2945-49f6-a1c7-03c72c49ddfb;411.36;0.25;BUY
2016-03-21T00:08:01.470000;2016-03-21T00:08:01.500000;91099572-9305-490d-8703-5e72ed83d38c;411.36;2.10801;BUY
2016-03-21T00:09:02.370000;2016-03-21T00:09:02.407000;5d6d5ef9-b1ee-48c8-ade8-342314479ca2;411.4;0.25;BUY
2016-03-21T00:09:02.370000;2016-03-21T00:09:02.407000;cc9f159e-7fd5-433c-a597-24c4c178e958;411.43;0.01;BUY
2016-03-21T00:09:02.370000;2016-03-21T00:09:02.420000;4b74f963-ed61-4c47-b070-a2dcb8ddfc25;411.43;0.087;BUY
2016-03-21T00:09:02.370000;2016-03-21T00:09:02.420000;fd0d03bd-f87e-4acb-ab17-ec2bf8902cc9;411.45;0.01397;BUY
2016-03-21T00:09:05.277000;2016-03-21T00:09:05.313000;29f5e11b-b918-473d-a076-a927f0d991fb;411.45;0.01603;BUY
2016-03-21T00:09:05.280000;2016-03-21T00:09:05.313000;05db5117-fda1-4274-9966-fa08404ef91d;411.46;0.05897;BUY
2016-03-21T00:09:05.510000;2016-03-21T00:09:05.547000;80ce9802-e786-42a6-9593-ecf11ba130f0;411.46;0.0238;BUY
2016-03-21T00:09:05.907000;2016-03-21T00:09:05.953000;2b335a67-f7d5-49d7-b868-5beb606848c1;411.46;0.16723;BUY
2016-03-21T00:09:05.907000;2016-03-21T00:09:05.953000;df7560dc-1a5c-4629-af49-3da9bfa0fa26;411.48;0.02163251;BUY
2016-03-21T00:09:05.910000;2016-03-21T00:09:05.953000;19a6913a-2328-468a-b283-efa1f5d762e7;411.48;0.0429233;BUY
2016-03-21T00:09:05.917000;2016-03-21T00:09:05.953000;ff4403ef-d1e3-44ca-afb8-db200a7ae55c;411.48;0.05944419;BUY
2016-03-21T00:09:05.917000;2016-03-21T00:09:05.953000;25001205-9ca4-435f-92b4-8f38e35f23e5;411.5;0.03;BUY
2016-03-21T00:09:05.917000;2016-03-21T00:09:05.953000;4b0d00f0-062c-463a-88a6-98d827e17eb1;411.5;0.01;BUY
2016-03-21T00:09:05.917000;2016-03-21T00:09:05.953000;ad07f2df-6d34-428f-a1c9-4aa53d567331;411.53;0.122;BUY
2016-03-21T00:09:05.917000;2016-03-21T00:09:05.967000;aba041d9-1a1a-4bd6-a362-817cc9110d54;411.53;0.01;BUY
2016-03-21T00:09:05.917000;2016-03-21T00:09:05.967000;bda4e1bc-36ce-4cc4-949c-57a833a569cb;411.55;0.03;BUY
2016-03-21T00:09:05.917000;2016-03-21T00:09:05.983000;bcb59e6d-6cf0-407e-b782-2450e8df9da3;411.58;0.128;BUY
2016-03-21T00:09:05.917000;2016-03-21T00:09:05.983000;b46816df-c808-455b-b668-528858fcb2ed;411.58;0.10240581;BUY
2016-03-21T00:09:06.363000;2016-03-21T00:09:06.407000;e94ef50d-aec8-4050-bfda-7cf133fd8a66;411.57;0.096;BUY
2016-03-21T00:09:06.377000;2016-03-21T00:09:06.420000;dffac361-654c-4139-9124-bc05ea305bfd;411.57;0.304;BUY
2016-03-21T00:09:06.377000;2016-03-21T00:09:06.420000;54a2e8ba-d87b-4c57-9d4d-79691631b0b4;411.58;0.296;BUY
2016-03-21T00:09:06.383000;2016-03-21T00:09:06.420000;6eb3db84-f25c-4c9a-91a8-5a8f4a0806c2;411.58;0.10159419;BUY
2016-03-21T00:09:06.387000;2016-03-21T00:09:06.437000;732c8563-763c-4ce0-8a45-200ee75f8a67;411.6;0.03;BUY
2016-03-21T00:09:06.387000;2016-03-21T00:09:06.437000;af810843-0ce3-42de-b6e6-702fba34ed46;411.63;0.105;BUY
2016-03-21T00:09:06.387000;2016-03-21T00:09:06.437000;f531a025-e889-4a86-ab78-50d951699d94;411.64;0.24497;BUY
2016-03-21T00:09:31.653000;2016-03-21T00:09:31.670000;72534dd9-b85a-4b02-b976-3cadba64431d;411.64;0.79419;BUY
2016-03-21T00:09:44.053000;2016-03-21T00:09:44.077000;05b3df9a-b26e-4a4d-8187-54576f83e584;411.46;0.01;SELL
2016-03-21T00:09:44.053000;2016-03-21T00:09:44.093000;33d616b8-762d-4715-b9f2-e170b5b9290f;411.45;0.03;SELL
2016-03-21T00:09:44.053000;2016-03-21T00:09:44.093000;c0d0bf73-00af-414b-a6e8-bee9827b22bd;411.45;0.123;SELL
2016-03-21T00:10:03.120000;2016-03-21T00:10:03.157000;4d732b4d-b511-40f0-b392-6d69b3ca2dbe;411.51;0.05;BUY
2016-03-21T00:10:03.407000;2016-03-21T00:10:03.437000;b4e9f60a-af1e-4607-a9ee-67213ffcb632;411.51;0.0445;BUY
2016-03-21T00:10:03.420000;2016-03-21T00:10:03.453000;797daa3a-e1d0-4e74-bd1e-bd7f3e58074c;411.51;0.0655;BUY
2016-03-21T00:10:03.423000;2016-03-21T00:10:03.453000;1bca6a86-7cad-41a2-bf7b-e62a64794e79;411.51;0.09;BUY
2016-03-21T00:10:03.423000;2016-03-21T00:10:03.453000;379432d5-dc61-4670-822d-eb8d63ed49b5;411.51;0.39;BUY
2016-03-21T00:10:26.137000;2016-03-21T00:10:26.157000;4afc0c63-1bd9-4b6e-a7ba-2defdaa2fc77;411.44;0.01;SELL
2016-03-21T00:10:26.327000;2016-03-21T00:10:26.360000;d511fc6e-03da-4e6e-8d3b-2c029e95154c;411.43;0.114;BUY
2016-03-21T00:10:26.327000;2016-03-21T00:10:26.360000;d72e9318-3758-4b84-b6f0-188d52d8ca4f;411.43;2.81;BUY
2016-03-21T00:10:31.680000;2016-03-21T00:10:31.703000;71829e93-3c47-4d46-9ea2-44c592790756;411.5;0.076;SELL
2016-03-21T00:10:31.680000;2016-03-21T00:10:31.717000;b75b2830-0758-4cb7-ade1-f549c53bd8c7;411.4;0.03;SELL
2016-03-21T00:10:31.680000;2016-03-21T00:10:31.717000;6fdd9fa5-e678-4939-bce9-ded7c5d31d5f;411.35;0.03;SELL
2016-03-21T00:10:31.680000;2016-03-21T00:10:31.717000;4b15eca7-0d3f-4c73-a6f4-ee1f8a4ba932;411.35;2.0;SELL
2016-03-21T00:10:31.680000;2016-03-21T00:10:31.717000;44dc64c2-a40c-46f4-be9e-cb60f5981dcb;411.34;0.00521;SELL
2016-03-21T00:10:31.680000;2016-03-21T00:10:31.733000;d0fc0f7a-7f37-43e1-9ddd-94576057f084;411.33;0.01;SELL
2016-03-21T00:10:31.680000;2016-03-21T00:10:31.733000;2a968bcf-9d7d-4a6f-9694-5ac6cd9735c6;411.33;0.49646157;SELL
2016-03-21T00:10:31.680000;2016-03-21T00:10:31.733000;ad9536b6-455f-4392-859d-00d626ea4e8b;411.33;0.05;SELL
2016-03-21T00:10:31.680000;2016-03-21T00:10:31.733000;c948d21b-31e9-400a-86ba-d52cc7d6d11a;411.32;0.8;SELL
2016-03-21T00:10:31.680000;2016-03-21T00:10:31.733000;2d0afd05-b0ec-4292-bf1e-0f124c760a30;411.32;0.73587843;SELL
2016-03-21T00:10:58.083000;2016-03-21T00:10:58.110000;5f8e30ea-8286-48d7-b302-e384a769c4be;411.41;0.25;BUY
2016-03-21T00:10:58.083000;2016-03-21T00:10:58.110000;7743bc9b-a1c1-4a5c-9aff-1f6b9812e623;411.44;0.25;BUY
2016-03-21T00:11:01.707000;2016-03-21T00:11:01.733000;852efb10-f031-4dc8-aab7-342058861a4d;411.5;0.03;BUY
2016-03-21T00:11:01.707000;2016-03-21T00:11:01.733000;2883b6ae-7fbc-48bc-8061-af5935209927;411.5;0.01191;BUY
2016-03-21T00:11:11.023000;2016-03-21T00:11:11.063000;3a6ee402-c30f-4266-a1c5-f5a38499c858;411.46;0.114;SELL
2016-03-21T00:11:31.810000;2016-03-21T00:11:31.827000;f904756d-0693-4b44-a634-8fa563e3ae63;411.5;0.23809;BUY
2016-03-21T00:11:31.810000;2016-03-21T00:11:31.827000;1d939870-39dd-4c37-a124-584fca9f0826;411.51;0.05529;BUY
2016-03-21T00:11:54.970000;2016-03-21T00:11:54.983000;c4d39a93-e125-456a-a7e5-6e38c36ea7c1;411.47;0.05970535;SELL
2016-03-21T00:11:54.970000;2016-03-21T00:11:55.000000;e191f3a3-b62d-4344-a5b3-5d063966a5ac;411.46;0.04929465;SELL
2016-03-21T00:12:01.393000;2016-03-21T00:12:01.420000;4703802a-9f38-4af4-b95a-4786a52350b6;411.5;0.25;BUY
2016-03-21T00:12:01.393000;2016-03-21T00:12:01.437000;6f6be08f-7fa9-4eb3-8518-327a15890402;411.51;0.44471;BUY
2016-03-21T00:12:01.393000;2016-03-21T00:12:01.437000;427df212-8358-4106-ac8b-b37a44d4c1a7;411.52;3.437;BUY
2016-03-21T00:12:01.393000;2016-03-21T00:12:01.437000;60ffc714-660e-45ea-bbd1-08cf7bbe1098;411.52;0.01;BUY
2016-03-21T00:12:01.393000;2016-03-21T00:12:01.437000;284be6e8-4641-40f7-9f72-94bab2dcea9f;411.55;0.03;BUY
2016-03-21T00:12:01.393000;2016-03-21T00:12:01.437000;a3124f9a-d848-409d-afbc-0b1197e486c7;411.6;0.02538;BUY
2016-03-21T00:12:34.130000;2016-03-21T00:12:34.317000;9a94e4f8-ebe3-475e-9d73-7065041879e8;411.56;0.25;BUY
2016-03-21T00:12:34.130000;2016-03-21T00:12:34.333000;bfca7989-03af-416c-af3c-af4c0e6eb93d;411.6;0.00462;BUY
2016-03-21T00:12:34.130000;2016-03-21T00:12:34.333000;3500298f-fb89-42ce-aa34-2a7b4d95e98f;411.63;0.6;BUY
2016-03-21T00:12:34.130000;2016-03-21T00:12:34.363000;7d3b1307-f62f-406a-887f-3dad7cdda7d5;411.64;0.01;BUY
2016-03-21T00:12:34.130000;2016-03-21T00:12:34.363000;e58e4695-2b1b-4fa7-b23e-2c77da1620f1;411.64;0.4;BUY
2016-03-21T00:12:34.130000;2016-03-21T00:12:34.363000;692e2c78-b84b-4e12-a75a-c2a652107671;411.65;0.03;BUY
2016-03-21T00:12:34.130000;2016-03-21T00:12:34.363000;3a82c0dd-cb96-4dfc-b8c5-5f4ece6a3e1c;411.65;0.5;BUY
2016-03-21T00:12:34.130000;2016-03-21T00:12:34.363000;4dd807d0-a36b-4dd5-9ba3-25f5217745ef;411.66;2.0;BUY
2016-03-21T00:12:34.130000;2016-03-21T00:12:34.363000;1875a3a4-9679-495b-8b73-222f9571f8d8;411.66;0.05;BUY
2016-03-21T00:12:34.130000;2016-03-21T00:12:34.363000;182e94c3-ed83-4bee-8f8b-54fb4c1a7f25;411.67;0.96712;BUY
2016-03-21T00:12:36.683000;2016-03-21T00:12:36.880000;7abafe2c-882e-4072-a770-6bec3a5a2ea1;411.66;0.03;BUY
2016-03-21T00:12:36.720000;2016-03-21T00:12:36.927000;8bbf0f4d-e9b1-40e9-9078-5ec2bbea0af2;411.66;0.02;BUY
2016-03-21T00:12:46.020000;2016-03-21T00:12:46.223000;ce59eccc-85c6-4495-8c5a-f4110e793758;411.52;0.01;SELL
2016-03-21T00:12:46.020000;2016-03-21T00:12:46.223000;ba0963fb-c52b-4b94-af9b-8557b317f5f2;411.52;0.103;SELL
2016-03-21T00:13:01.723000;2016-03-21T00:13:01.927000;987efc7c-4285-4299-824c-83eeefd15302;411.64;0.33083;BUY
2016-03-21T00:13:31.430000;2016-03-21T00:13:31.613000;a689575c-c1e8-4bba-bf9f-321c3003143a;411.68;1.0;BUY
2016-03-21T00:13:31.430000;2016-03-21T00:13:31.630000;fd2245d7-576c-4531-a9b1-ac30a47d2929;411.69;0.4;BUY
2016-03-21T00:13:31.430000;2016-03-21T00:13:31.630000;ac284234-94da-4c04-bef3-120ff5f04880;411.69;0.1;BUY
2016-03-21T00:13:31.430000;2016-03-21T00:13:31.630000;33abadb3-a703-4902-93e3-b91840bad990;411.7;0.03;BUY
2016-03-21T00:13:31.430000;2016-03-21T00:13:31.660000;edacc2f5-6c39-4349-b498-76a3d0aea9b9;411.7;0.01;BUY
2016-03-21T00:13:31.430000;2016-03-21T00:13:31.660000;700a8f10-2efa-4eab-8528-25bdbbcf1f0d;411.71;0.26667;BUY
2016-03-21T00:13:49.917000;2016-03-21T00:13:50.100000;e6fc9b97-6fe0-48f3-a185-ad594a4584ab;411.6;0.01;SELL
2016-03-21T00:13:49.917000;2016-03-21T00:13:50.130000;00ce6107-636c-4a9f-af89-9fd628d4a2fc;411.59;0.183;SELL
2016-03-21T00:14:01.550000;2016-03-21T00:14:01.740000;68758951-6cc1-4c1d-8703-8d089ce14c62;411.75;0.03;BUY
2016-03-21T00:14:01.550000;2016-03-21T00:14:01.740000;e0cf010f-be14-4864-b08d-0a774727ca30;411.78;0.01;BUY
2016-03-21T00:14:01.550000;2016-03-21T00:14:01.753000;941506d3-d219-4cb3-bb88-121274e4095a;411.8;0.03;BUY
2016-03-21T00:14:01.550000;2016-03-21T00:14:01.753000;2faf3a71-66c9-4183-9f35-3d668724bb1f;411.81;0.5;BUY
2016-03-21T00:14:01.550000;2016-03-21T00:14:01.753000;409b34e3-52ba-4669-a9e3-ab46f7c7bb3f;411.83;0.25;BUY
2016-03-21T00:14:01.550000;2016-03-21T00:14:01.787000;2eb453a5-8000-4df9-a60d-78b7ef07fa96;411.85;0.03;BUY
2016-03-21T00:14:01.550000;2016-03-21T00:14:01.787000;97b99a87-b1fd-4739-ba19-c62a6ffd933d;411.87;0.2;BUY
2016-03-21T00:14:01.550000;2016-03-21T00:14:01.787000;d3b140e7-da24-4025-8125-623c5e39e488;411.88;0.04058;BUY
2016-03-21T00:14:10.080000;2016-03-21T00:14:10.270000;e7f3f635-3d93-4203-a8bc-3c3b9bec2d9a;411.89;0.03;BUY
2016-03-21T00:14:10.147000;2016-03-21T00:14:10.333000;a21cd2c4-2adb-403a-a2d6-06f86967bd62;411.89;0.03952735;BUY
2016-03-21T00:14:10.150000;2016-03-21T00:14:10.350000;13b30471-d8a6-4974-a2f2-d9cb7293c702;411.89;0.48915;BUY
2016-03-21T00:14:10.170000;2016-03-21T00:14:10.380000;b4904fb5-a9ff-42e3-a317-7847962ad39f;411.89;0.09;BUY
2016-03-21T00:14:10.233000;2016-03-21T00:14:10.427000;acc47ec0-8136-4da8-b5dd-ae7964185c42;411.89;0.04922306;BUY
2016-03-21T00:14:10.420000;2016-03-21T00:14:10.613000;3ef1abf2-5110-4e9a-9469-90d9fa41f0c8;411.89;0.2053;BUY
2016-03-21T00:14:10.673000;2016-03-21T00:14:10.863000;f5ff525a-573e-41e2-b38e-9501ecf6f840;411.89;0.088;BUY
2016-03-21T00:14:11.317000;2016-03-21T00:14:11.503000;47ca5104-1115-4b33-8514-b37b476c8593;411.89;0.23853137;BUY
2016-03-21T00:14:31.480000;2016-03-21T00:14:31.660000;fc627aa9-3689-4ad4-a6c6-85972d7a081f;411.89;0.4;BUY
2016-03-21T00:14:31.480000;2016-03-21T00:14:31.693000;1bd640bf-196c-4e7f-97b4-4fb7d07376cf;411.9;0.03;BUY
2016-03-21T00:14:31.480000;2016-03-21T00:14:31.693000;ba0c07c9-fc0e-4fe8-9271-4c36efe49010;411.9;0.00043;BUY
2016-03-21T00:14:58.200000;2016-03-21T00:14:58.397000;b29ae0cc-43e1-42d7-834d-693c3e3c41b0;411.83;0.079;SELL
2016-03-21T00:16:09.817000;2016-03-21T00:16:10.003000;12f3cfb1-b14a-4958-852c-4359d156fbe1;411.75;0.0115;SELL
2016-03-21T00:16:09.817000;2016-03-21T00:16:10.003000;40541d81-c5e5-4648-b3de-dca956b444b8;411.75;0.0595;SELL
2016-03-21T00:16:25.423000;2016-03-21T00:16:25.613000;2bcd2146-ed46-4f8d-ba27-0869fa03dda7;411.92;0.02;BUY
2016-03-21T00:16:31.827000;2016-03-21T00:16:32.020000;5a7f59cd-6259-44dd-9a72-eeb19e084a78;411.75;0.03;SELL
2016-03-21T00:16:31.830000;2016-03-21T00:16:32.020000;ad9c4f3e-4083-471b-af68-5f5960628a03;411.75;3.00755;SELL
2016-03-21T00:17:01.600000;2016-03-21T00:17:01.787000;a13ba4d1-3dc1-4471-b91e-1c227e0d77f0;411.87;0.25;BUY
2016-03-21T00:17:01.600000;2016-03-21T00:17:01.803000;fd9e2e11-6bf8-4258-9845-2eb3e9d65e7c;411.9;0.03;BUY
2016-03-21T00:17:01.600000;2016-03-21T00:17:01.803000;aedbe6db-0d5b-4f73-9cd0-25a3c1d1b7da;411.93;0.01;BUY
2016-03-21T00:17:01.600000;2016-03-21T00:17:01.803000;8f6cba86-ce2e-4adc-82af-9aa5377c7738;411.94;0.01;BUY
2016-03-21T00:17:01.600000;2016-03-21T00:17:01.803000;34edf0da-2e93-4c0b-b389-663d327f70c4;411.95;0.01;BUY
2016-03-21T00:17:01.600000;2016-03-21T00:17:01.803000;2aab1e50-a251-450d-b4f1-a3ee7b23caf0;411.95;0.01211;BUY
2016-03-21T00:17:31.913000;2016-03-21T00:17:32.113000;896c4434-8746-40e9-9c41-9db5bcea7d3d;411.94;0.16944;BUY
2016-03-21T00:18:02.433000;2016-03-21T00:18:02.613000;d163db2b-089c-4011-b649-54af8c42b10b;411.94;0.5;BUY
2016-03-21T00:18:02.433000;2016-03-21T00:18:02.630000;0663fb93-0fa4-4173-9521-1d6835893d57;411.95;0.01789;BUY
2016-03-21T00:18:02.433000;2016-03-21T00:18:02.630000;b0128a9a-05a1-4bf2-9fad-4aa5f2a89089;411.95;0.01;BUY
2016-03-21T00:18:02.433000;2016-03-21T00:18:02.630000;b5376eae-ba46-4299-9c73-ec085da45286;411.95;0.19311;BUY
2016-03-21T00:18:31.780000;2016-03-21T00:18:31.957000;0b15ac83-5f41-4326-8516-8d1160162e47;411.96;0.01;BUY
2016-03-21T00:18:31.780000;2016-03-21T00:18:31.957000;8518b516-17f7-451e-91d4-9ac4fae4c16d;411.99;0.47064;BUY
2016-03-21T00:20:01.670000;2016-03-21T00:20:01.850000;15b5e9d3-d578-4fc4-981d-f7c1e8d97ff5;412.0;0.03;BUY
2016-03-21T00:20:01.670000;2016-03-21T00:20:01.850000;3d612e19-27e0-48b6-becb-db7f31a60fad;412.0;0.01;BUY
2016-03-21T00:20:01.670000;2016-03-21T00:20:01.863000;1686d7af-c7a8-4cc9-bfef-1ca1a795dfec;412.02;0.13991;BUY
2016-03-21T00:20:33.403000;2016-03-21T00:20:33.600000;1a3a39d1-721f-4805-9401-50cde4965ae4;411.9;0.02603;SELL
2016-03-21T00:21:01.627000;2016-03-21T00:21:01.803000;d4667651-275f-434b-ab93-b8c53eecf588;412.05;0.03;BUY
2016-03-21T00:21:01.627000;2016-03-21T00:21:01.817000;2c03388f-ae33-45f5-b987-067e892894bd;412.1;0.03;BUY
2016-03-21T00:21:01.627000;2016-03-21T00:21:01.817000;dd2e0af6-137f-42cd-9240-2f5f77066579;412.12;0.01;BUY
2016-03-21T00:21:01.627000;2016-03-21T00:21:01.817000;6f4a2e53-b587-4ccb-88b5-179b26e417d5;412.12;0.01;BUY
2016-03-21T00:21:01.627000;2016-03-21T00:21:01.817000;d87dc76a-31e7-4ccc-9855-da00e8a523e7;412.13;0.01;BUY
2016-03-21T00:21:01.627000;2016-03-21T00:21:01.817000;c9bde24f-6466-4fd0-b438-047f2e35be27;412.13;0.15029;BUY
2016-03-21T00:21:31.570000;2016-03-21T00:21:31.740000;158f9219-d155-4dd9-af05-18bb2483e008;412.08;0.13838;BUY
2016-03-21T00:22:02.350000;2016-03-21T00:22:02.520000;584e2e60-cc3d-4ea7-9955-4fc11b3a33c7;412.08;0.58054;BUY
2016-03-21T00:23:31.943000;2016-03-21T00:23:32.113000;4dc84469-ce5b-4a99-b4c9-e87fa9d03b77;412.01;0.01;SELL
2016-03-21T00:23:31.943000;2016-03-21T00:23:32.113000;65ddeead-a844-49de-889d-e17cbc9310ba;412.0;0.0115;SELL
2016-03-21T00:23:31.943000;2016-03-21T00:23:32.113000;4c8b5627-16c9-48f0-a4df-e7fd06196de8;411.96;0.24809;SELL
2016-03-21T00:24:01.800000;2016-03-21T00:24:01.957000;3657f0b9-a36d-4897-85b0-b78123baa158;412.06;0.48055;BUY
2016-03-21T00:24:22.790000;2016-03-21T00:24:23.350000;ecd994a5-fd7f-480a-928d-71978fef1690;411.96;0.00191;SELL
2016-03-21T00:24:22.790000;2016-03-21T00:24:23.350000;fb6441ef-8005-4240-8839-64875f2fe00c;411.96;0.02;SELL
2016-03-21T00:24:22.790000;2016-03-21T00:24:23.350000;edea3617-3a5f-41e6-8d40-09c4fe4292c9;411.95;0.03;SELL
2016-03-21T00:24:22.790000;2016-03-21T00:24:23.350000;9c61ab6c-0b1e-42e4-be46-75226fc9a890;411.9;0.22397;SELL
2016-03-21T00:24:22.790000;2016-03-21T00:24:23.350000;ba781cfa-2fd5-46d5-83ea-0006f10db455;411.9;0.03;SELL
2016-03-21T00:24:22.790000;2016-03-21T00:24:23.350000;f3067d16-2977-4ddf-9ee1-2afb0ccfc58f;411.85;0.03;SELL
2016-03-21T00:24:22.790000;2016-03-21T00:24:23.350000;3bbb56e5-bbca-417d-a860-8f5f2708d144;411.8;0.03;SELL
2016-03-21T00:24:22.790000;2016-03-21T00:24:23.350000;e92f1262-6c87-447c-ac44-02bb38f9da7f;411.8;0.05;SELL
2016-03-21T00:24:22.790000;2016-03-21T00:24:23.350000;d5a0dd30-56b9-4ac5-9f03-4456e4522617;411.75;0.03;SELL
2016-03-21T00:24:22.790000;2016-03-21T00:24:23.363000;9823a52d-6fcc-4f54-9a83-82fe7b39f4d7;411.75;0.0115;SELL
2016-03-21T00:24:22.793000;2016-03-21T00:24:23.363000;993e8adc-9ba1-4659-a910-29183ac2d225;411.73;0.01;SELL
2016-03-21T00:24:22.793000;2016-03-21T00:24:23.363000;b15693e3-fe8b-4a26-89a8-765dce49712b;411.7;0.03;SELL
2016-03-21T00:24:22.793000;2016-03-21T00:24:23.363000;60d75c6b-b2a8-474c-aa7f-a8e9630c2f6b;411.65;0.03;SELL
2016-03-21T00:24:22.793000;2016-03-21T00:24:23.363000;3f41d35e-8f59-4850-a6b9-b2d05cb7e6bd;411.64;0.5;SELL
2016-03-21T00:24:22.793000;2016-03-21T00:24:23.363000;78270639-b292-4704-9761-a9c32d63ade7;411.63;0.25;SELL
2016-03-21T00:24:22.793000;2016-03-21T00:24:23.363000;e0f59db7-20c5-42f1-88a4-abbc4d0595a2;411.61;0.4;SELL
2016-03-21T00:24:22.793000;2016-03-21T00:24:23.363000;dcc6216a-7300-46a8-a183-b0f9b0b68b32;411.6;0.03;SELL
2016-03-21T00:24:22.793000;2016-03-21T00:24:23.363000;d86bfba4-8633-4c88-8d31-cda876da7eb0;411.6;0.4;SELL
2016-03-21T00:24:22.793000;2016-03-21T00:24:23.363000;7a899d95-6469-4adc-91fd-2e08c4b4a68e;411.59;0.03112;SELL
2016-03-21T00:24:32.260000;2016-03-21T00:24:32.427000;15cbaf74-9cac-4bc3-a832-7e01544750c4;411.62;0.01;SELL
2016-03-21T00:24:32.260000;2016-03-21T00:24:32.443000;187386f2-bab3-41e1-8895-b5ce4f3630b9;411.61;0.01;SELL
2016-03-21T00:24:32.260000;2016-03-21T00:24:32.443000;978b02bc-62b2-4134-8720-1cfcea1ac596;411.59;0.03588;SELL
2016-03-21T00:24:32.260000;2016-03-21T00:24:32.443000;3a19c366-167f-4368-8a38-e468cf9b865b;411.55;0.03;SELL
2016-03-21T00:24:32.260000;2016-03-21T00:24:32.443000;4d4c542e-5b07-4d31-89f2-7c1d79b2d020;411.51;0.01;SELL
2016-03-21T00:24:32.260000;2016-03-21T00:24:32.443000;97b18470-9cb7-4387-99bf-f4759b9fa47a;411.5;0.03;SELL
2016-03-21T00:24:32.260000;2016-03-21T00:24:32.443000;2e2b72a1-c61f-4cd7-8cf7-61a669786a02;411.48;1.0;SELL
2016-03-21T00:24:32.260000;2016-03-21T00:24:32.443000;7b8d6ba7-437f-4050-8074-69c997550245;411.47;0.12617;SELL
2016-03-21T00:24:33.990000;2016-03-21T00:24:34.160000;017d5b6d-6ef3-4702-a89d-14ae0cfe271e;411.62;0.07;BUY
2016-03-21T00:24:54.200000;2016-03-21T00:24:54.363000;ee0129f3-2c94-42aa-9942-48465d43b9ae;411.51;0.01515;BUY
2016-03-21T00:24:54.427000;2016-03-21T00:24:54.600000;ba50d02a-ccf7-4866-812e-fcfd15ff0a5d;411.51;0.01985;BUY
2016-03-21T00:25:02.063000;2016-03-21T00:25:02.223000;3b3435e5-99b8-4d07-b301-69a8a84f31e4;411.5;0.19564;BUY
2016-03-21T00:25:31.967000;2016-03-21T00:25:32.130000;e170293d-9639-4a71-adab-1bff2deee7b4;411.48;0.01;SELL
2016-03-21T00:25:31.967000;2016-03-21T00:25:32.147000;f82962c1-bacf-4ad2-bf1c-1128556a0fdf;411.46;2.33670535;SELL
2016-03-21T00:25:31.967000;2016-03-21T00:25:32.147000;32b74fac-f104-4ed3-aad5-58aba0cb6db3;411.45;0.03;SELL
2016-03-21T00:25:31.967000;2016-03-21T00:25:32.147000;9a3d2d87-7768-48ce-9f96-aa33d2af4272;411.4;0.03;SELL
2016-03-21T00:25:31.967000;2016-03-21T00:25:32.147000;5cc4ea7a-5f78-4f11-880f-ccada53a9fca;411.36;0.04772465;SELL
2016-03-21T00:26:02.027000;2016-03-21T00:26:02.193000;3ac61dd3-177d-4f8b-8148-76585161ec45;411.53;1.62418;BUY
2016-03-21T00:26:31.707000;2016-03-21T00:26:31.863000;2fec2a88-9da5-46d2-81eb-d86958cbedf2;411.53;0.47578;BUY
2016-03-21T00:27:03.723000;2016-03-21T00:27:03.880000;10bda0ac-8d86-48cc-ab95-f75c9c80e322;411.54;1.6;BUY
2016-03-21T00:27:03.723000;2016-03-21T00:27:03.897000;f2077c9b-3e20-4da3-a408-af8d6cfd2d4f;411.55;0.03;BUY
2016-03-21T00:27:03.723000;2016-03-21T00:27:03.897000;bc11f414-2380-44b3-a271-e8b417568fdf;411.55;2.78;BUY
2016-03-21T00:27:03.723000;2016-03-21T00:27:03.897000;a7eda243-61a5-404c-adeb-76fbcf43b234;411.59;0.065;BUY
2016-03-21T00:27:31.510000;2016-03-21T00:27:31.570000;356819b4-b325-471a-b461-260f1665870b;411.41;0.25;SELL
2016-03-21T00:27:31.513000;2016-03-21T00:27:31.600000;b4954cd0-e10f-4940-baac-756c2ce630cd;411.4;0.03;SELL
2016-03-21T00:27:31.513000;2016-03-21T00:27:31.600000;faa4152e-2c21-459b-9428-f1eb7298ed5c;411.35;3.0;SELL
2016-03-21T00:27:31.513000;2016-03-21T00:27:31.600000;bc91a8a3-8df2-40c5-97ea-f98285527ae1;411.35;0.03;SELL
2016-03-21T00:27:31.513000;2016-03-21T00:27:31.600000;e0d45987-7cf8-4364-b4e5-c38cbb203e6c;411.3;0.03;SELL
2016-03-21T00:27:31.513000;2016-03-21T00:27:31.600000;f84d5052-5995-4717-9896-b51d38fe0545;411.26;0.01;SELL
2016-03-21T00:27:31.513000;2016-03-21T00:27:31.663000;811eb7ae-0dcb-47c5-bc83-5f595c7ce44c;411.25;0.03;SELL
2016-03-21T00:27:31.513000;2016-03-21T00:27:31.680000;aebf26ba-738d-496f-988b-ca332a9a8ea9;411.22;0.25;SELL
2016-03-21T00:27:31.513000;2016-03-21T00:27:31.680000;67f016d5-707c-40d2-9ae4-4270a17d4604;411.2;0.03;SELL
2016-03-21T00:27:31.513000;2016-03-21T00:27:31.680000;0e62faa4-5b9b-4d73-946b-eb28e8ad161f;411.2;0.25;SELL
2016-03-21T00:27:31.513000;2016-03-21T00:27:31.680000;46d27ae6-7752-4fe3-836e-c49e18152749;411.19;0.5;SELL
2016-03-21T00:27:31.513000;2016-03-21T00:27:31.680000;086a9868-851d-404c-8150-51e746fdf7af;411.18;2.0;SELL
2016-03-21T00:27:31.513000;2016-03-21T00:27:31.680000;9c9eca2c-652b-43a1-b60b-ee389c2683eb;411.17;0.59;SELL
2016-03-21T00:27:43.090000;2016-03-21T00:27:43.147000;dfbcf341-4aea-477d-8546-fde644e76ca3;411.33;0.03;BUY
2016-03-21T00:28:06.670000;2016-03-21T00:28:06.757000;62b494c7-2215-45d8-8a72-78aa62fd2101;411.17;0.01;SELL
2016-03-21T00:28:06.670000;2016-03-21T00:28:06.757000;4dc6bc66-a350-4fe4-9dd8-0b1741d200b7;411.16;0.45608;SELL
2016-03-21T00:28:42.407000;2016-03-21T00:28:42.460000;aee1e7b3-d2e0-40ef-a058-efeee3a52488;411.34;0.02;BUY
2016-03-21T00:29:01.637000;2016-03-21T00:29:01.710000;044863d9-5b9b-4243-9d4c-5cc533c8d9cb;411.15;0.03;SELL
2016-03-21T00:29:01.637000;2016-03-21T00:29:01.710000;747101a1-088a-4d98-9144-ffeb2cb266c2;411.15;0.27;SELL
2016-03-21T00:29:01.637000;2016-03-21T00:29:01.710000;7a93360a-34be-42f3-a57e-14930264a919;411.15;0.46547;SELL
2016-03-21T00:29:31.707000;2016-03-21T00:29:31.757000;0dacb39b-ebc4-4ff7-b08e-bb4494028725;411.29;0.61174;BUY
2016-03-21T00:30:32.020000;2016-03-21T00:30:32.070000;b7f7fd04-b248-4799-a6fd-047dab847253;411.13;0.19266;BUY
2016-03-21T00:30:45.983000;2016-03-21T00:30:46.040000;22d0b89f-bf5e-4135-8a30-a914bfa857b1;411.13;0.34;BUY
2016-03-21T00:31:01.573000;2016-03-21T00:31:01.633000;3a44a615-0ef6-416b-9e43-f9f735befd46;411.13;0.52857;BUY
2016-03-21T00:31:32.513000;2016-03-21T00:31:32.570000;23163c40-4446-4bb1-a6f6-6c9ff0b7e948;411.12;0.01;SELL
2016-03-21T00:31:32.513000;2016-03-21T00:31:32.587000;4cf605b3-e847-487d-a305-863218ae1488;411.11;0.13186;SELL
2016-03-21T00:32:02.327000;2016-03-21T00:32:02.383000;6a5f432f-e781-4a6c-b6b7-db7af8250ebe;411.12;0.224;BUY
2016-03-21T00:32:02.423000;2016-03-21T00:32:02.477000;da4d8291-3017-43cf-8791-cc9594cbc535;411.12;0.026;BUY
2016-03-21T00:32:02.427000;2016-03-21T00:32:02.493000;d2eea748-4755-4847-9066-634aa1567334;411.12;0.05;BUY
2016-03-21T00:32:02.427000;2016-03-21T00:32:02.493000;bf2d7dc0-afbd-4494-8db4-fa4b215909a5;411.12;0.04;BUY
2016-03-21T00:32:31.673000;2016-03-21T00:32:31.727000;07c677b3-799a-4596-b988-ed218a79e653;411.11;0.27154;SELL
2016-03-21T00:33:05.247000;2016-03-21T00:33:05.290000;dbe20ffa-ffc1-4958-a1cb-b220788f17a3;411.11;0.01531;SELL
2016-03-21T00:33:25.013000;2016-03-21T00:33:25.070000;bd1bf817-7b76-4e59-8e80-06a780d5c087;411.13;2.67050106;BUY
2016-03-21T00:33:25.280000;2016-03-21T00:33:25.320000;46bd58d0-8a35-45d5-accd-62d37638e2dd;411.13;2.67050106;BUY
2016-03-21T00:33:26.263000;2016-03-21T00:33:26.303000;3ce951f0-3156-41b3-bfff-66861e22ef7e;411.13;2.67050106;BUY
2016-03-21T00:33:27.233000;2016-03-21T00:33:27.273000;17d28caa-e7e9-4f43-89d5-84075e8324a8;411.13;2.67050106;BUY
2016-03-21T00:33:27.497000;2016-03-21T00:33:27.540000;262069ea-7948-44e1-879b-53bb5dbd6f76;411.13;0.25676576;BUY
2016-03-21T00:33:27.497000;2016-03-21T00:33:27.553000;d097debb-972b-4c8d-91af-2d61c28c86aa;411.23;0.25;BUY
2016-03-21T00:33:27.497000;2016-03-21T00:33:27.553000;25d46076-f58f-431c-bec1-428ab7653f6e;411.25;0.01;BUY
2016-03-21T00:33:27.497000;2016-03-21T00:33:27.553000;45b5d539-ff63-4386-a0d7-7726222d93e5;411.25;2.1537353;BUY
2016-03-21T00:33:28.367000;2016-03-21T00:33:28.413000;8adb8b2b-97b6-4964-8a43-7233fa94fcef;411.25;0.221;BUY
2016-03-21T00:33:28.393000;2016-03-21T00:33:28.460000;9d50df96-3f68-48d3-81bd-826aa18a4a54;411.25;0.119;BUY
2016-03-21T00:33:31.847000;2016-03-21T00:33:31.897000;e2f3b4a6-e3f2-4600-a4a5-b0e7d64ac2f9;411.11;0.33354;SELL
2016-03-21T00:33:43.810000;2016-03-21T00:33:43.850000;769e00d4-da97-4a5e-bf41-5a0e57cef487;411.12;0.01;SELL
2016-03-21T00:33:43.810000;2016-03-21T00:33:43.867000;1fd0d278-2be7-4bb8-8756-fda09c061350;411.11;0.0015;SELL
2016-03-21T00:34:01.963000;2016-03-21T00:34:02.023000;9d3b2aba-ec08-4024-876d-cab816c5e033;411.24;0.02739;BUY
2016-03-21T00:34:31.513000;2016-03-21T00:34:31.570000;a7d30e4e-10c4-43fa-a8c8-25f0cb0fdb63;411.24;0.24449;BUY
2016-03-21T00:35:32.123000;2016-03-21T00:35:32.180000;8dc0bb93-cc18-4ffb-8071-fcd104c5dabc;411.11;0.13286;SELL
2016-03-21T00:36:01.617000;2016-03-21T00:36:01.647000;cb0cc5d8-4603-4de7-887c-596fb3a56c06;411.11;1.67604;SELL
2016-03-21T00:36:31.537000;2016-03-21T00:36:31.570000;f7633a47-2af9-49f4-b235-11dd9805c19c;411.11;0.15144;SELL
2016-03-21T00:37:02.020000;2016-03-21T00:37:02.053000;bc2e8344-43bc-4615-9d40-44f2f9092a32;411.23;0.25;BUY
2016-03-21T00:37:02.020000;2016-03-21T00:37:02.070000;a6201c84-b668-497a-9ee6-2e9b9d1fdc1f;411.27;0.25;BUY
2016-03-21T00:37:02.020000;2016-03-21T00:37:02.070000;b5d0f7f9-de90-4a6c-b628-5f52f1a02f8d;411.3;0.03;BUY
2016-03-21T00:37:02.020000;2016-03-21T00:37:02.070000;126be325-e50a-4810-b17f-7cd9c8cf6816;411.3;0.01;BUY
2016-03-21T00:37:02.020000;2016-03-21T00:37:02.070000;48489214-06b2-4bc7-b1db-3cac0887c748;411.34;0.10404;BUY
2016-03-21T00:37:30.920000;2016-03-21T00:37:30.960000;901ff159-402c-4915-802a-60f44e233cd4;411.35;0.03;BUY
2016-03-21T00:37:30.920000;2016-03-21T00:37:30.977000;7255a43d-c50f-471a-8104-405b5ed0fdc9;411.35;0.01;BUY
2016-03-21T00:37:30.920000;2016-03-21T00:37:30.977000;5d3d5f3b-1c2f-4c2f-a527-a5b23b151751;411.35;0.01;BUY
2016-03-21T00:37:30.920000;2016-03-21T00:37:30.977000;a9d8433a-f362-46b6-8bb1-71ba3f1f9447;411.39;1.25897;BUY
2016-03-21T00:38:01.463000;2016-03-21T00:38:01.507000;3bedb39e-279b-4faa-8efc-2a90094421cf;411.4;0.03;BUY
2016-03-21T00:38:01.463000;2016-03-21T00:38:01.507000;48ce8795-8294-484c-8ed1-dd1bd9dca211;411.45;0.03;BUY
2016-03-21T00:38:01.463000;2016-03-21T00:38:01.507000;0ef832fd-afc5-4ea2-b414-f5764b649159;411.49;0.12048;BUY
2016-03-21T00:38:33.103000;2016-03-21T00:38:33.147000;0f7d91ad-aa5d-4a48-a415-6eabc1ca7d17;411.38;0.36113;BUY
2016-03-21T00:38:45.013000;2016-03-21T00:38:45.070000;dbc0eb64-bfb7-4eba-9301-d484d2e3210e;411.3;0.03;SELL
2016-03-21T00:38:45.017000;2016-03-21T00:38:45.070000;2f046a21-4afe-4a5f-83f1-71c2c52e3513;411.25;0.0115;SELL
2016-03-21T00:38:45.017000;2016-03-21T00:38:45.070000;edafa95f-a5c5-4328-9280-1e59d88e13a6;411.25;0.03;SELL
2016-03-21T00:38:45.017000;2016-03-21T00:38:45.087000;5b103d22-444e-408b-a2f7-7dddcabcb06e;411.2;0.03;SELL
2016-03-21T00:38:45.017000;2016-03-21T00:38:45.087000;04be86ee-f06f-4bc3-ba8b-aa1ea83d8207;411.17;0.5;SELL
2016-03-21T00:38:45.017000;2016-03-21T00:38:45.087000;7577f216-6e55-4e99-8cb9-4f4e155ce10b;411.16;0.6;SELL
2016-03-21T00:38:45.017000;2016-03-21T00:38:45.087000;a00d9fd0-50b3-4e6b-b8ed-744a897405b2;411.16;0.05;SELL
2016-03-21T00:38:45.017000;2016-03-21T00:38:45.087000;b3f99a72-5f38-4444-8857-4e51ca809d2c;411.15;0.03;SELL
2016-03-21T00:38:45.017000;2016-03-21T00:38:45.087000;47f4bbae-be87-4cf1-ad37-60bfc2f50e25;411.14;0.8;SELL
2016-03-21T00:38:45.017000;2016-03-21T00:38:45.087000;5e91871b-aa54-44e5-8c97-06d0327b9db2;411.12;0.8;SELL
2016-03-21T00:38:45.017000;2016-03-21T00:38:45.087000;89ffd306-4b71-454d-98ca-59e7f800947b;411.11;2.28591;SELL
2016-03-21T00:38:45.017000;2016-03-21T00:38:45.100000;aa66ed40-07f9-414d-bfc6-bde4ca83ccf0;411.1;0.03;SELL
2016-03-21T00:38:45.017000;2016-03-21T00:38:45.100000;aef5b318-a926-4062-9f0f-60051d43f15f;411.09;0.01;SELL
2016-03-21T00:38:45.017000;2016-03-21T00:38:45.100000;2fd5ff02-60d8-4818-83d2-b2a516ead8c4;411.08;0.02;SELL
2016-03-21T00:38:45.017000;2016-03-21T00:38:45.100000;c5be5ba6-d383-4c8b-a823-84d6b45a915f;411.07;0.95567619;SELL
2016-03-21T00:39:01.180000;2016-03-21T00:39:01.210000;5426059d-df16-4ea7-a7fa-98089b1ce2b8;411.25;0.03;BUY
2016-03-21T00:39:01.180000;2016-03-21T00:39:01.210000;5660940b-0e8c-46ff-873c-ca15c7410168;411.3;0.03;BUY
2016-03-21T00:39:01.180000;2016-03-21T00:39:01.227000;d28dbea2-900e-485d-bf83-279e07f6139f;411.35;0.03;BUY
2016-03-21T00:39:01.180000;2016-03-21T00:39:01.227000;915518f2-729d-4720-b414-65ccb4c0ecc3;411.4;0.03;BUY
2016-03-21T00:39:01.180000;2016-03-21T00:39:01.227000;6a3dd846-81e4-4b62-951e-4749637f0e8e;411.41;0.4;BUY
2016-03-21T00:39:01.180000;2016-03-21T00:39:01.227000;ef88cf96-c608-497a-8ab3-347da18c52ce;411.44;0.0584;BUY
2016-03-21T00:39:31.237000;2016-03-21T00:39:31.257000;da90aba9-77fa-4714-8456-1527d8532245;411.15;0.03;SELL
2016-03-21T00:39:31.237000;2016-03-21T00:39:31.273000;cb447fb7-9526-4c20-be1f-488ef66d6cfd;411.15;1.342;SELL
2016-03-21T00:40:01.270000;2016-03-21T00:40:01.303000;25e71ef3-84d1-4318-ad86-a5eca99fcc24;411.18;0.12039;BUY
2016-03-21T00:40:30.870000;2016-03-21T00:40:30.897000;616e7cec-75d9-4fe2-b738-a1fbcb9e5302;411.18;0.12961;BUY
2016-03-21T00:40:30.870000;2016-03-21T00:40:30.897000;754cd097-c002-4a4d-8ae0-1657a630d131;411.19;0.25;BUY
2016-03-21T00:40:30.870000;2016-03-21T00:40:30.913000;72b72d55-1bff-4272-aaf6-7446966fc508;411.3;0.03;BUY
2016-03-21T00:40:30.870000;2016-03-21T00:40:30.913000;de7f6794-d632-4866-9cee-d6db38353571;411.44;0.05753;BUY
2016-03-21T00:41:01.070000;2016-03-21T00:41:01.100000;54d9d5d6-e64d-4b57-84a9-a90041f75d9a;411.45;0.02257;BUY
2016-03-21T00:41:31.667000;2016-03-21T00:41:31.697000;ac66ec0f-393d-4ac4-8099-331f8a149204;411.16;0.01;SELL
2016-03-21T00:41:31.667000;2016-03-21T00:41:31.710000;0b3b3b33-5b5c-4ce7-a8f7-cf821f7d1272;411.16;1.0;SELL
2016-03-21T00:41:31.667000;2016-03-21T00:41:31.710000;ea38fde6-a8fc-413e-bd6c-458579606ec6;411.15;0.03;SELL
2016-03-21T00:41:31.667000;2016-03-21T00:41:31.710000;02589ad4-97ad-4134-a2f0-66a3089e9cec;411.15;3.75;SELL
2016-03-21T00:41:31.667000;2016-03-21T00:41:31.710000;d63da43e-d822-4395-b86b-1a514cd5dc24;411.13;0.01;SELL
2016-03-21T00:41:31.667000;2016-03-21T00:41:31.743000;fd7f510a-3d00-42e6-8e46-24fffb3bb045;411.12;0.5;SELL
2016-03-21T00:41:31.667000;2016-03-21T00:41:31.743000;93cf5a06-01c4-4ebf-aea2-a7fbe48a0368;411.1;0.03;SELL
2016-03-21T00:41:31.667000;2016-03-21T00:41:31.743000;3c3510fc-3aa8-45f1-b1fd-13e0f6d56c28;411.1;0.4;SELL
2016-03-21T00:41:31.667000;2016-03-21T00:41:31.743000;86f69975-b044-4c9c-9bff-8d59c769ce2a;411.09;0.02;SELL
2016-03-21T00:41:31.670000;2016-03-21T00:41:31.743000;76ce8131-192b-4e6e-b9d5-a4653732cdb8;411.08;0.4;SELL
2016-03-21T00:41:31.670000;2016-03-21T00:41:31.743000;09d38ca1-de42-4996-b71b-497bcdc223ff;411.07;1.71482487;SELL
2016-03-21T00:41:31.670000;2016-03-21T00:41:31.757000;a569d738-6cd1-4010-a3a2-d0e18f33c211;411.05;0.03;SELL
2016-03-21T00:41:31.670000;2016-03-21T00:41:31.757000;a0b77c18-5c31-4cb4-91ae-f5aebd17e8e9;411.04;1.2;SELL
2016-03-21T00:41:31.670000;2016-03-21T00:41:31.757000;c18a0433-59ac-46ef-8c52-a94222e95118;411.03;0.25;SELL
2016-03-21T00:41:31.670000;2016-03-21T00:41:31.757000;8863c252-a14c-4a93-b338-c8803488b166;411.01;1.8;SELL
2016-03-21T00:41:31.670000;2016-03-21T00:41:31.773000;011e4c23-1ee4-43e4-a425-c871cb5188ac;411.0;0.69299599;SELL
2016-03-21T00:41:31.670000;2016-03-21T00:41:31.773000;0cb73092-a375-455c-b856-f0e3feaff75e;411.0;0.03;SELL
2016-03-21T00:41:31.670000;2016-03-21T00:41:31.773000;58cfee8a-6724-4cd5-8a02-1c7e07db1caa;411.0;4.0;SELL
2016-03-21T00:41:31.670000;2016-03-21T00:41:31.773000;19059fed-f717-44e1-a211-98aef8fdd846;411.0;0.08124051;SELL
2016-03-21T00:41:31.670000;2016-03-21T00:41:31.773000;94e4d5bf-b12a-41ef-a6c0-cbb4e2fc1ae2;411.0;0.207;SELL
2016-03-21T00:41:31.670000;2016-03-21T00:41:31.790000;d4b7de6e-bdab-4b21-a189-20178c185b1e;411.0;0.0115;SELL
2016-03-21T00:41:31.670000;2016-03-21T00:41:31.790000;22d90724-a4d9-4e07-ad5d-a5553313f642;410.99;0.01838492;SELL
2016-03-21T00:41:31.670000;2016-03-21T00:41:31.803000;19e27df8-18e6-45b6-ba70-5b6ff9de9482;410.99;0.25;SELL
2016-03-21T00:41:31.670000;2016-03-21T00:41:31.803000;5fac1fd2-a16e-40f3-99e1-6cdb7e204644;410.99;0.25;SELL
2016-03-21T00:41:31.670000;2016-03-21T00:41:31.803000;aefa24d3-6307-4550-bde7-7cc515be2020;410.98;2.67050106;SELL
2016-03-21T00:41:31.670000;2016-03-21T00:41:31.803000;c09f5015-a934-4c75-ab57-4462765ad7cd;410.97;0.25;SELL
2016-03-21T00:41:31.670000;2016-03-21T00:41:31.803000;402b79cc-4762-4039-bc5c-a00ed2a86ef0;410.96;0.01;SELL
2016-03-21T00:41:31.670000;2016-03-21T00:41:31.803000;c2cce2e8-1a3f-4697-84d5-111b16f213e2;410.95;0.33893408;SELL
2016-03-21T00:41:31.673000;2016-03-21T00:41:31.803000;be58553e-c49d-424b-a37b-4df7e4d4cc04;410.95;0.03;SELL
2016-03-21T00:41:31.673000;2016-03-21T00:41:31.803000;6563b889-dd1e-4994-b7be-f044af4e6c5d;410.95;0.25;SELL
2016-03-21T00:41:31.673000;2016-03-21T00:41:31.803000;c60c6a01-1b6f-412b-95ee-837ab1d02651;410.94;0.04008617;SELL
2016-03-21T00:41:31.673000;2016-03-21T00:41:31.803000;14b3f78c-3ea3-4cbf-a83f-a6fffa3115d4;410.9;0.03;SELL
2016-03-21T00:41:31.673000;2016-03-21T00:41:31.820000;ea4e0ca4-7dc7-4bd3-82f8-9ac9f9086fe5;410.9;0.05;SELL
2016-03-21T00:41:31.673000;2016-03-21T00:41:31.820000;b639c23a-9707-47e5-8d26-438cbbe8ff7b;410.89;0.06045566;SELL
2016-03-21T00:41:31.673000;2016-03-21T00:41:31.820000;06f4395d-f66a-4ba3-9644-67d606aa29d2;410.89;0.25;SELL
2016-03-21T00:41:31.673000;2016-03-21T00:41:31.820000;537f9305-d962-4410-a0f0-61dbf50ede76;410.89;2.67050106;SELL
2016-03-21T00:41:31.673000;2016-03-21T00:41:31.820000;ab622656-d88f-4312-8ed6-591f17de3f66;410.88;0.01184344;SELL
2016-03-21T00:41:31.673000;2016-03-21T00:41:31.837000;acdc8311-ef54-49ba-8724-308f1782bf1b;410.85;0.03;SELL
2016-03-21T00:41:31.673000;2016-03-21T00:41:31.837000;4d9b02d7-c6c8-4cbb-a885-d83414ff7543;410.82;0.01210349;SELL
2016-03-21T00:41:31.673000;2016-03-21T00:41:31.837000;a6fda495-0474-45cd-a0dc-3e3f6a025764;410.81;0.01210378;SELL
2016-03-21T00:41:31.673000;2016-03-21T00:41:31.837000;6b7d1a85-401a-4185-9230-d34cebe0929d;410.81;1.16752497;SELL
2016-03-21T00:42:02.510000;2016-03-21T00:42:02.540000;fe757e89-2c88-4a02-85a4-9c54fc1b8972;410.96;0.01;SELL
2016-03-21T00:42:02.510000;2016-03-21T00:42:02.553000;69dbd466-499e-477d-af5e-8252031b72d8;410.95;0.01;SELL
2016-03-21T00:42:02.510000;2016-03-21T00:42:02.553000;3bffb94d-d3b6-4524-8f2e-406da0b351e4;410.89;0.02;SELL
2016-03-21T00:42:02.510000;2016-03-21T00:42:02.553000;2c047632-fe5c-4e19-a6de-5e35a1f150f7;410.8;0.44907075;SELL
2016-03-21T00:42:02.510000;2016-03-21T00:42:02.553000;06c1dd8a-3aa7-4404-8b80-dd4233e799e9;410.8;0.03;SELL
2016-03-21T00:42:02.510000;2016-03-21T00:42:02.553000;62d49dd8-66de-42e1-8ff0-a8aa1da1cbd4;410.8;0.38139925;SELL
2016-03-21T00:42:31.483000;2016-03-21T00:42:31.507000;4152bb80-bafd-4ac6-ae61-1d848e7fdcee;410.92;0.24088;BUY
2016-03-21T00:43:01.793000;2016-03-21T00:43:01.847000;d4fde101-df5b-40ee-b313-17696df4dbfd;410.92;0.00912;BUY
2016-03-21T00:43:04.117000;2016-03-21T00:43:04.177000;29aeba18-b72b-41d1-b7b8-1b9d175c20a8;410.92;0.00088;SELL
2016-03-21T00:43:04.117000;2016-03-21T00:43:04.177000;8bc63a4c-3824-4c05-b614-ac190df39727;410.8;1.44902;SELL
2016-03-21T00:43:31.280000;2016-03-21T00:43:31.330000;d2a7037b-b820-43ff-bdb8-6734f65a661a;410.95;0.03;BUY
2016-03-21T00:43:31.280000;2016-03-21T00:43:31.347000;6ea9381f-9aba-48f3-a235-f84d04c624f6;411.0;0.03;BUY
2016-03-21T00:43:31.280000;2016-03-21T00:43:31.347000;ce00734e-10d8-4120-8002-217a39ee5335;411.04;0.4;BUY
2016-03-21T00:43:31.280000;2016-03-21T00:43:31.347000;5c07e9d8-24f5-42b4-82cc-2521ae3ed8be;411.05;0.03;BUY
2016-03-21T00:43:31.280000;2016-03-21T00:43:31.347000;1b406cef-4817-4dd2-b018-3a6270e943bb;411.09;0.24296;BUY
2016-03-21T00:44:01.510000;2016-03-21T00:44:01.550000;3f13a58a-b520-4959-ae8e-ffa6d5fd5995;411.0;0.01;BUY
2016-03-21T00:44:01.510000;2016-03-21T00:44:01.567000;15dffa74-fca8-4852-89cb-fac649cd430d;411.1;0.03;BUY
2016-03-21T00:44:01.513000;2016-03-21T00:44:01.567000;a6cd9df7-a14d-4ece-88c6-24c05243b583;411.13;0.01;BUY
2016-03-21T00:44:01.513000;2016-03-21T00:44:01.567000;2480f088-728a-43ea-8dfc-be52efd88bcd;411.14;0.01;BUY
2016-03-21T00:44:01.513000;2016-03-21T00:44:01.567000;cb77bd9d-ba1f-45e8-b39d-8ff7b024468d;411.15;0.03;BUY
2016-03-21T00:44:01.513000;2016-03-21T00:44:01.580000;71a7a386-a4aa-4c08-b9be-a249fba0b999;411.19;0.15088;BUY
2016-03-21T00:44:31.047000;2016-03-21T00:44:31.097000;3fbd5cee-5f30-43b8-98ad-08d777d39e93;411.19;0.04912;BUY
2016-03-21T00:44:31.047000;2016-03-21T00:44:31.113000;e8ac9f94-e5e3-43b4-be23-e901cb9dc128;411.2;0.03;BUY
2016-03-21T00:44:31.047000;2016-03-21T00:44:31.113000;a50ecb48-6a8c-45f1-832b-500ca4eed0d9;411.24;0.1467;BUY
2016-03-21T00:45:02.200000;2016-03-21T00:45:02.253000;23f6e2f5-eb9b-4043-b1fc-0f21059941ca;411.05;0.01743;SELL
2016-03-21T00:45:31.200000;2016-03-21T00:45:31.253000;49454922-fb86-430b-b454-ea959da07ae6;411.17;0.25;BUY
2016-03-21T00:45:31.200000;2016-03-21T00:45:31.253000;a2116578-a22c-4028-8bb2-58751b5cb5a3;411.25;0.03;BUY
2016-03-21T00:45:31.200000;2016-03-21T00:45:31.270000;f96db25f-c1ce-4d90-b06e-e425f8b1bd63;411.25;0.01;BUY
2016-03-21T00:45:31.200000;2016-03-21T00:45:31.270000;7a5106e3-1c5b-4f5d-b4f6-d9cb5330294f;411.29;0.2;BUY
2016-03-21T00:45:31.203000;2016-03-21T00:45:31.270000;3f045de4-6e00-43ba-a5d2-2fce2e9ba913;411.3;0.03;BUY
2016-03-21T00:45:31.203000;2016-03-21T00:45:31.283000;4fa81862-8fe6-45dd-a840-bc3c6a7fa9fe;411.37;0.5;BUY
2016-03-21T00:45:31.203000;2016-03-21T00:45:31.283000;54e05dd7-b6cf-4482-9954-7599b91ff0fc;411.38;1.31495;BUY
2016-03-21T00:46:01.137000;2016-03-21T00:46:01.177000;214ca2e6-b2e7-4f82-b5c6-e43faa4b6804;411.37;0.0913;BUY
2016-03-21T00:46:01.137000;2016-03-21T00:46:01.190000;64b1aa3b-8b36-40d9-a941-d7b847807428;411.39;0.45553;BUY
2016-03-21T00:46:31.467000;2016-03-21T00:46:31.503000;ba289752-18bf-4d81-af20-99467a22529d;411.41;0.01;BUY
2016-03-21T00:46:31.467000;2016-03-21T00:46:31.520000;96977828-6efa-4906-b0d7-1ec37467e65f;411.42;0.01;BUY
2016-03-21T00:46:31.467000;2016-03-21T00:46:31.520000;3a198bc7-5baf-4cc9-85ea-85cba990a3d7;411.42;0.01;BUY
2016-03-21T00:46:31.467000;2016-03-21T00:46:31.520000;215bcf79-4bdf-48bb-9d24-61135965e2e5;411.44;0.4;BUY
2016-03-21T00:46:31.467000;2016-03-21T00:46:31.520000;fe541ae9-af10-469f-83dc-65ffc5b110ae;411.45;0.00743;BUY
2016-03-21T00:46:31.467000;2016-03-21T00:46:31.520000;38bcfa24-3ff7-4f9e-8e22-0ded640f37e2;411.46;0.05302;BUY
2016-03-21T00:47:18.747000;2016-03-21T00:47:18.783000;9b8a4de6-d151-4f8a-b8ce-4ccc32ba643d;411.48;0.0475;BUY
2016-03-21T00:47:18.833000;2016-03-21T00:47:18.880000;ecbb0ecc-c07e-4171-903d-8a81d31c06b4;411.48;0.2925;BUY
2016-03-21T00:47:30.947000;2016-03-21T00:47:30.987000;0e87ee7f-bc63-4a6b-b01a-d633640abe93;411.48;0.48192;BUY
2016-03-21T00:47:33.737000;2016-03-21T00:47:33.770000;396224de-8a51-4fe2-882b-7b870b8fdcc9;411.48;0.11808;BUY
2016-03-21T00:47:33.737000;2016-03-21T00:47:33.783000;2731622e-c84f-4165-a9ac-5582d0dc497a;411.49;0.01;BUY
2016-03-21T00:47:33.737000;2016-03-21T00:47:33.783000;20066ca7-8d99-44dd-9a3d-790eee5a02bb;411.49;0.4;BUY
2016-03-21T00:47:33.737000;2016-03-21T00:47:33.800000;0992fb42-c291-463d-a8d3-43d624758579;411.5;0.03;BUY
2016-03-21T00:47:33.737000;2016-03-21T00:47:33.800000;73723cc8-f0d1-4eaa-9191-542d89a87f02;411.51;0.8;BUY
2016-03-21T00:47:33.737000;2016-03-21T00:47:33.817000;343ae2f1-6ca1-4bfc-b0c8-14e55d929e61;411.52;0.101;BUY
2016-03-21T00:47:33.737000;2016-03-21T00:47:33.817000;ebbb7112-4df5-4000-8c80-faa3ca0b2e4c;411.52;0.4;BUY
2016-03-21T00:47:33.737000;2016-03-21T00:47:33.817000;56b028d1-d50e-43fe-a8e8-d3b4a369148b;411.53;1.171;BUY
2016-03-21T00:47:33.737000;2016-03-21T00:47:33.817000;0f43e23d-c670-4087-87d6-673db32d8c5c;411.54;0.01;BUY
2016-03-21T00:47:33.737000;2016-03-21T00:47:33.833000;cf4389a3-0c45-49be-b4d2-061ef6d24b36;411.55;0.03;BUY
2016-03-21T00:47:33.737000;2016-03-21T00:47:33.833000;20b09173-f391-43c1-883d-af97e14a3f0f;411.58;0.5;BUY
2016-03-21T00:47:33.737000;2016-03-21T00:47:33.833000;c5ea1f5e-4306-478f-91cb-1694b4cac511;411.58;0.05;BUY
2016-03-21T00:47:33.737000;2016-03-21T00:47:33.833000;dff4209c-07b0-41ee-afa1-d5e24e2de2c9;411.59;0.4;BUY
2016-03-21T00:47:33.740000;2016-03-21T00:47:33.833000;d7f87e12-5553-4e14-a389-86543a64e288;411.6;0.03;BUY
2016-03-21T00:47:33.740000;2016-03-21T00:47:33.833000;219d1504-2971-4d36-971d-3734e3222ff3;411.63;0.94992;BUY
2016-03-21T00:47:41.917000;2016-03-21T00:47:41.973000;8d880a71-725a-40c8-830b-5145d912df82;411.45;0.03;SELL
2016-03-21T00:47:41.917000;2016-03-21T00:47:41.987000;9393aa27-67a4-40a5-a350-68072197cf3c;411.45;0.05;SELL
2016-03-21T00:47:41.917000;2016-03-21T00:47:41.987000;a0943b45-12e2-41d7-b31a-8ef737debdb0;411.4;0.03;SELL
2016-03-21T00:47:41.917000;2016-03-21T00:47:41.987000;566ac2f9-04d0-436c-bb34-59279b8503b5;411.4;0.05;SELL
2016-03-21T00:47:41.917000;2016-03-21T00:47:41.987000;a73b74d6-45b8-4d95-b172-7c3f9da8e859;411.35;0.03;SELL
2016-03-21T00:47:41.917000;2016-03-21T00:47:42.020000;e609df09-da9d-4aff-99f6-4cc3d6f7a190;411.35;0.05;SELL
2016-03-21T00:47:41.917000;2016-03-21T00:47:42.020000;551c73df-09f2-4d1a-80c5-ea70a2ee1b5e;411.3;0.03;SELL
2016-03-21T00:47:41.917000;2016-03-21T00:47:42.020000;f4638f0a-aedf-4fc8-9bc0-a6b169e03020;411.3;0.05;SELL
2016-03-21T00:47:41.917000;2016-03-21T00:47:42.020000;77b9d94a-932c-40ab-95ff-74d54eb7bad3;411.27;0.01;SELL
2016-03-21T00:47:41.917000;2016-03-21T00:47:42.020000;108f4f02-7a0b-40a4-a5fa-830e3969644b;411.27;0.05;SELL
2016-03-21T00:47:41.917000;2016-03-21T00:47:42.020000;beda338c-0c7a-4a37-b19c-826614d4e797;411.25;0.0115;SELL
2016-03-21T00:47:41.917000;2016-03-21T00:47:42.020000;659227d2-c462-4905-b87b-bd9d6712c8c5;411.17;0.5;SELL
2016-03-21T00:47:41.917000;2016-03-21T00:47:42.033000;84407131-5274-4a51-ba90-00707ad93eba;411.16;7.2;SELL
2016-03-21T00:47:41.917000;2016-03-21T00:47:42.033000;cea0a30e-6d4c-43fa-866c-da765c942308;411.15;0.03;SELL
2016-03-21T00:47:41.920000;2016-03-21T00:47:42.033000;4aa71dca-d593-4b13-83fa-f11495a2b2da;411.12;0.4;SELL
2016-03-21T00:47:41.920000;2016-03-21T00:47:42.033000;2d721a82-a419-4a78-9d69-92849ab85890;411.11;0.01;SELL
2016-03-21T00:47:41.920000;2016-03-21T00:47:42.033000;5f5d4427-c9e1-4ff6-b612-82ffe6ce3dbb;411.11;0.6;SELL
2016-03-21T00:47:41.920000;2016-03-21T00:47:42.050000;6cb6bb19-a20a-4e9f-b2bd-e3f66e968016;411.1;0.03;SELL
2016-03-21T00:47:41.920000;2016-03-21T00:47:42.050000;57cd4fd6-06d3-4ec6-88e7-2ffeba548c90;411.1;0.0913;SELL
2016-03-21T00:47:41.920000;2016-03-21T00:47:42.050000;b8af3181-73df-4f3f-bb5a-b4132c9279cf;411.06;5.0;SELL
2016-03-21T00:47:41.920000;2016-03-21T00:47:42.067000;ee0811c3-3ba4-429d-a5fb-22efb7a053a5;411.05;0.01257;SELL
2016-03-21T00:47:41.920000;2016-03-21T00:47:42.067000;93cb592c-a39d-4033-9d10-d464e252c8e4;411.01;3.4;SELL
2016-03-21T00:47:41.920000;2016-03-21T00:47:42.067000;085841ea-13e2-427f-be65-f62fab0f359f;411.0;0.03;SELL
2016-03-21T00:47:41.920000;2016-03-21T00:47:42.067000;74f668c4-1fa3-4748-b196-b8016cc926eb;411.0;0.0115;SELL
2016-03-21T00:47:41.920000;2016-03-21T00:47:42.067000;9092bd0f-7259-4a81-9638-d1ea172fa79a;410.96;3.4;SELL
2016-03-21T00:47:41.920000;2016-03-21T00:47:42.083000;f7145d69-aaf6-4727-8128-e273bcc8b824;410.95;0.03;SELL
2016-03-21T00:47:41.920000;2016-03-21T00:47:42.083000;07a260f6-ae31-4144-9183-fe4284b5ed05;410.95;0.01;SELL
2016-03-21T00:47:41.920000;2016-03-21T00:47:42.083000;0fff8fb1-bc58-4614-87e4-aeaf2e28c4da;410.94;1.2;SELL
2016-03-21T00:47:41.920000;2016-03-21T00:47:42.083000;adc1c17d-6380-4134-a3dc-27d0d08161e5;410.93;0.25;SELL
2016-03-21T00:47:41.920000;2016-03-21T00:47:42.083000;99232f2c-65f6-4157-99bb-4f5783119bda;410.93;7.26101;SELL
2016-03-21T00:47:41.920000;2016-03-21T00:47:42.083000;26bda498-e5bc-4123-8e82-c8572789c460;410.9;0.03;SELL
2016-03-21T00:47:41.920000;2016-03-21T00:47:42.097000;78015303-0e76-42c5-9f36-934a5e6e7e45;410.85;0.03;SELL
2016-03-21T00:47:41.920000;2016-03-21T00:47:42.097000;4ba1b084-53f7-44a0-ad38-b12d71505e39;410.81;3.412;SELL
2016-03-21T00:47:41.923000;2016-03-21T00:47:42.097000;894c55ae-d247-423c-908c-c84f0e78c41f;410.8;0.84008181;SELL
2016-03-21T00:47:41.923000;2016-03-21T00:47:42.097000;f5fd58ce-d9f6-4473-a734-08963c47de3e;410.8;0.03;SELL
2016-03-21T00:47:41.923000;2016-03-21T00:47:42.113000;23ed6576-8d20-42de-9cdb-9a42662f2a1d;410.76;0.02;SELL
2016-03-21T00:47:41.923000;2016-03-21T00:47:42.113000;6a613f89-6bb6-4e0f-a92c-5341e210e479;410.75;0.02111469;SELL
2016-03-21T00:47:41.923000;2016-03-21T00:47:42.113000;70e4aedf-c413-4fbd-bc92-772652eb63e1;410.75;0.03;SELL
2016-03-21T00:47:41.923000;2016-03-21T00:47:42.113000;8f2ade0a-94fe-4600-ac2d-f4a83255767d;410.74;0.08068153;SELL
2016-03-21T00:47:41.923000;2016-03-21T00:47:42.113000;99abf0c6-beea-4caf-9f7e-90d9c9ba79ee;410.74;0.02001893;SELL
2016-03-21T00:47:41.923000;2016-03-21T00:47:42.113000;5b661529-a8ae-49fe-90b0-0c59dce6b7e8;410.73;0.010025;SELL
2016-03-21T00:47:41.923000;2016-03-21T00:47:42.113000;861b6e20-a6c1-4f47-9889-7a5b4e9b4957;410.72;0.02;SELL
2016-03-21T00:47:41.923000;2016-03-21T00:47:42.130000;d4721543-cdcb-4e3e-8f63-4a036e5c8ae9;410.71;2.67050106;SELL
2016-03-21T00:47:41.923000;2016-03-21T00:47:42.130000;d6c0cf4c-b602-4a15-b31c-e3d59e1de3c2;410.7;0.03;SELL
2016-03-21T00:47:41.923000;2016-03-21T00:47:42.130000;09041dd5-ba5e-4ae8-b1b1-99d56bb2215f;410.69;0.01;SELL
2016-03-21T00:47:41.923000;2016-03-21T00:47:42.130000;9ad0eb0f-19f6-40e1-941f-ebe8f274ecc4;410.69;15.0;SELL
2016-03-21T00:47:41.923000;2016-03-21T00:47:42.130000;948c15b0-e894-4c99-8ba9-fd7c431bc54b;410.68;0.12810218;SELL
2016-03-21T00:47:41.923000;2016-03-21T00:47:42.143000;5a6388eb-acc6-4931-8e87-f663c9b3fcf2;410.68;0.03178549;SELL
2016-03-21T00:47:41.923000;2016-03-21T00:47:42.143000;7a3e59f7-801f-42f6-bde3-2f3ef9d0aee9;410.68;0.25;SELL
2016-03-21T00:47:41.923000;2016-03-21T00:47:42.143000;52bc4d9e-4e9e-423d-b422-e9cae1655ce7;410.67;3.329;SELL
2016-03-21T00:47:41.923000;2016-03-21T00:47:42.160000;2b67a572-7dab-49c2-b4bb-03cc023e798b;410.66;0.2625;SELL
2016-03-21T00:47:41.927000;2016-03-21T00:47:42.160000;c22690c1-7a2e-437a-9b80-3fd977c27f62;410.65;0.03;SELL
2016-03-21T00:47:41.927000;2016-03-21T00:47:42.160000;099e0444-32f8-461d-9131-3cf61b8eaf01;410.61;0.04880445;SELL
2016-03-21T00:47:41.927000;2016-03-21T00:47:42.160000;36520ade-c1f4-407f-98ab-9b7c407e3e7a;410.6;0.03;SELL
2016-03-21T00:47:41.927000;2016-03-21T00:47:42.177000;b531e299-cc70-4a6d-8fbd-f43b287bcd90;410.55;7.0;SELL
2016-03-21T00:47:41.927000;2016-03-21T00:47:42.177000;0747a05b-2e63-4556-94a3-8385002e1de3;410.55;0.03;SELL
2016-03-21T00:47:41.927000;2016-03-21T00:47:42.177000;6d734086-7704-4aaa-a427-b85e71481b29;410.52;0.01;SELL
2016-03-21T00:47:41.927000;2016-03-21T00:47:42.177000;745b3f17-af3c-4579-9f70-3ef83e583bf9;410.52;4.149;SELL
2016-03-21T00:47:41.927000;2016-03-21T00:47:42.177000;04a484a1-0094-4ba7-8968-fe2cd9d34ff0;410.5;0.17;SELL
2016-03-21T00:47:41.927000;2016-03-21T00:47:42.177000;8e2e0bcc-d04c-4bac-9ca2-12b68cdd2dee;410.5;0.03;SELL
2016-03-21T00:47:41.927000;2016-03-21T00:47:42.190000;6f7ee5be-11cc-4587-8da9-d46ae45af7a2;410.5;0.08138712;SELL
2016-03-21T00:47:41.927000;2016-03-21T00:47:42.190000;b4a369ee-4435-41ee-b4e4-5ac885c5df2c;410.47;0.01226153;SELL
2016-03-21T00:47:41.927000;2016-03-21T00:47:42.190000;5ffbd578-9e29-4d5a-89f5-abc8af26d0c3;410.46;0.5;SELL
2016-03-21T00:47:41.927000;2016-03-21T00:47:42.207000;d2b7a7c1-6c35-4f93-a00c-c11bc8b01aa8;410.45;0.03;SELL
2016-03-21T00:47:41.927000;2016-03-21T00:47:42.207000;3b47f196-97b5-41dd-a4d9-2a37a5fe6ab4;410.4;0.03;SELL
2016-03-21T00:47:41.927000;2016-03-21T00:47:42.207000;55e83f29-3515-4b43-b68f-7cc0fcb1b50e;410.38;3.58;SELL
2016-03-21T00:47:41.927000;2016-03-21T00:47:42.207000;c5207173-15d3-441e-ad21-9566abe5f66f;410.35;0.03;SELL
2016-03-21T00:47:41.927000;2016-03-21T00:47:42.207000;57371511-bec4-4402-aeb2-b4ecc494a91d;410.32;0.01604163;SELL
2016-03-21T00:47:41.927000;2016-03-21T00:47:42.223000;41c7d9af-40c0-46d5-b200-cdd23c1383fe;410.3;0.2;SELL
2016-03-21T00:47:41.927000;2016-03-21T00:47:42.223000;3edfa16f-5dde-4655-98e9-bf50ae5780ec;410.3;0.03;SELL
2016-03-21T00:47:41.930000;2016-03-21T00:47:42.223000;861e38e1-a806-4160-8bac-0c36c26a58a9;410.3;0.01;SELL
2016-03-21T00:47:41.930000;2016-03-21T00:47:42.223000;2938d210-92ef-41a1-896b-3a403754ebc9;410.28;9.73407;SELL
2016-03-21T00:47:41.930000;2016-03-21T00:47:42.223000;380075d4-97d4-492f-b104-d45ba3c2fa57;410.27;1.0;SELL
2016-03-21T00:47:41.930000;2016-03-21T00:47:42.237000;a288ce1e-812b-4287-baab-e7180946b953;410.26;0.11150831;SELL
2016-03-21T00:47:41.930000;2016-03-21T00:47:42.237000;b4b3fbd6-bef7-40f1-8eb0-f114fa29affc;410.26;0.01776957;SELL
2016-03-21T00:47:41.930000;2016-03-21T00:47:42.237000;bd6e20ce-02ea-4a54-83ab-921f15971abf;410.25;3.527;SELL
2016-03-21T00:47:41.930000;2016-03-21T00:47:42.237000;d620ffec-7666-4754-869d-27dbd5fdb308;410.25;0.02251108;SELL
2016-03-21T00:47:41.930000;2016-03-21T00:47:42.237000;3fbb2bf8-3ae2-4513-a741-6280de4e34dc;410.25;0.03;SELL
2016-03-21T00:47:41.930000;2016-03-21T00:47:42.237000;f44107b2-ec32-4777-8cbe-cb1178208d5e;410.24;0.01677067;SELL
2016-03-21T00:47:41.930000;2016-03-21T00:47:42.237000;99fabc3c-3e83-4086-937b-6c8644beba84;410.2;0.37576096;SELL
2016-03-21T00:47:41.930000;2016-03-21T00:47:42.270000;b4a3a10d-e2a5-417b-8f53-dc93b21cefb4;410.2;0.03;SELL
2016-03-21T00:47:41.930000;2016-03-21T00:47:42.270000;3adec3a7-309b-4726-9752-13716667e463;410.15;0.03;SELL
2016-03-21T00:47:41.930000;2016-03-21T00:47:42.270000;a4b78293-ba2f-463d-86cf-4d8246ec4b50;410.14;0.01450148;SELL
2016-03-21T00:47:41.930000;2016-03-21T00:47:42.270000;e1065661-a455-4046-92c1-a1d7e0169bce;410.11;3.322;SELL
2016-03-21T00:47:41.930000;2016-03-21T00:47:42.270000;5d0af2ce-3187-4fa9-9e50-3fe02770bad6;410.11;5.0;SELL
2016-03-21T00:47:41.930000;2016-03-21T00:47:42.270000;ca90d149-7181-4f30-acee-5ccd82f577d0;410.1;0.03207884;SELL
2016-03-21T00:47:41.930000;2016-03-21T00:47:42.283000;6d37adc1-5879-4e0a-8453-31e8e93fb080;410.1;0.03;SELL
2016-03-21T00:47:41.930000;2016-03-21T00:47:42.283000;bb61671c-608f-4567-a8fc-233cc714e345;410.06;0.01;SELL
2016-03-21T00:47:41.930000;2016-03-21T00:47:42.283000;76858d4d-4013-4061-85dc-646ead07842b;410.05;0.03;SELL
2016-03-21T00:47:41.933000;2016-03-21T00:47:42.283000;dd08fb27-c9d9-439e-a7a1-18885883eac8;410.01;1.0;SELL
2016-03-21T00:47:41.933000;2016-03-21T00:47:42.283000;faf28732-01cc-418e-96a4-04749ddb4ba7;410.01;0.02585349;SELL
2016-03-21T00:47:41.933000;2016-03-21T00:47:42.300000;cbd9dd0b-1534-4d72-a42d-4a98d511eb24;410.0;0.01;SELL
2016-03-21T00:47:41.933000;2016-03-21T00:47:42.300000;a7c6034d-78c3-456f-8c84-5d001f017db7;410.0;0.09878899;SELL
2016-03-21T00:47:41.933000;2016-03-21T00:47:42.300000;fc9c1d7f-cc9f-4e2a-97b7-b355891d7be9;410.0;0.0245118;SELL
2016-03-21T00:47:41.933000;2016-03-21T00:47:42.300000;8a337bfe-cdae-4ecf-b402-63eadf96ccc1;410.0;0.0101;SELL
2016-03-21T00:47:41.933000;2016-03-21T00:47:42.300000;df776d9f-1041-4ec7-a305-7a887c964cec;410.0;0.1;SELL
2016-03-21T00:47:41.933000;2016-03-21T00:47:42.300000;917daefb-3aca-41e8-b128-3f5d3088af91;410.0;0.028;SELL
2016-03-21T00:47:41.933000;2016-03-21T00:47:42.317000;dae76c45-c0fd-4bba-9f36-d19ad4d78d35;410.0;0.05;SELL
2016-03-21T00:47:41.933000;2016-03-21T00:47:42.317000;da4f7af5-b30a-4367-957c-55bd96b69e22;410.0;0.2634592;SELL
2016-03-21T00:47:41.933000;2016-03-21T00:47:42.317000;1f5f8ab5-f886-4470-b8b9-f77f397f14b5;410.0;0.03;SELL
2016-03-21T00:47:41.933000;2016-03-21T00:47:42.317000;6e978976-e7d4-41b5-af82-84442f98ed84;410.0;0.38313019;SELL
2016-03-21T00:47:43.087000;2016-03-21T00:47:43.130000;ea32aec6-9b05-49bd-a1df-10cb465ce5da;411.3;0.05;SELL
2016-03-21T00:48:01.233000;2016-03-21T00:48:01.270000;69677979-840c-4973-9e7a-ec0e565040fa;411.14;0.01;SELL
2016-03-21T00:48:01.233000;2016-03-21T00:48:01.283000;2900637e-08de-4601-a907-87eaf91618d6;411.1;0.03;SELL
2016-03-21T00:48:01.233000;2016-03-21T00:48:01.283000;fac0b5a0-d8b3-430c-8eae-8292991155db;411.05;0.03;SELL
2016-03-21T00:48:01.233000;2016-03-21T00:48:01.283000;9966da19-f8fa-47d3-95b0-6b839ce54bdf;411.0;0.03;SELL
2016-03-21T00:48:01.233000;2016-03-21T00:48:01.283000;e2b4a481-2083-4e26-9561-738981b304b7;410.95;0.03;SELL
2016-03-21T00:48:01.233000;2016-03-21T00:48:01.300000;370c0f40-d2f1-4bc9-bca4-3451a6985c87;410.9;0.03;SELL
2016-03-21T00:48:01.233000;2016-03-21T00:48:01.300000;86bb00f7-4191-4668-8e96-16af4779eb10;410.89;0.01;SELL
2016-03-21T00:48:01.233000;2016-03-21T00:48:01.300000;5311f472-201d-4c05-a588-76010d39e5a5;410.85;0.03;SELL
2016-03-21T00:48:01.233000;2016-03-21T00:48:01.300000;d419ff4d-494e-4104-8d6f-cc8279464d22;410.8;0.03;SELL
2016-03-21T00:48:01.233000;2016-03-21T00:48:01.300000;e708f8c5-bc3d-415c-8af3-a26f2825c078;410.75;0.03;SELL
2016-03-21T00:48:01.233000;2016-03-21T00:48:01.300000;7e9e5732-0cd5-428f-95c5-f5a313fc307b;410.73;0.01;SELL
2016-03-21T00:48:01.233000;2016-03-21T00:48:01.317000;c96100e0-ab85-478d-a088-743d5397b3fe;410.72;0.02;SELL
2016-03-21T00:48:01.233000;2016-03-21T00:48:01.317000;07cefae1-92d7-4065-8c2a-82c3e934cbd3;410.7;0.03;SELL
2016-03-21T00:48:01.233000;2016-03-21T00:48:01.317000;a94a27c1-32ad-47dd-994a-58c1e54c04b1;410.65;0.02069;SELL
2016-03-21T00:49:01.233000;2016-03-21T00:49:01.270000;89de7731-e063-403d-8a02-0b1a4de0e3fe;410.85;0.03;BUY
2016-03-21T00:49:01.233000;2016-03-21T00:49:01.270000;e13ca793-bab2-4f7b-80e0-91253a6bdecf;410.9;0.03;BUY
2016-03-21T00:49:01.233000;2016-03-21T00:49:01.270000;4cd66136-d0a8-4e28-b8d4-9c98786aec87;410.94;0.01;BUY
2016-03-21T00:49:01.233000;2016-03-21T00:49:01.300000;b73208e8-ccbc-4251-a7cc-7640f086e774;410.94;0.15;BUY
2016-03-21T00:49:01.233000;2016-03-21T00:49:01.300000;9ec475ed-31af-4e7a-885b-c969fafef858;410.95;0.03;BUY
2016-03-21T00:49:01.233000;2016-03-21T00:49:01.300000;d94f73ee-11a1-4989-b3e3-8027bb331476;410.95;0.03008;BUY
2016-03-21T00:49:01.813000;2016-03-21T00:49:01.863000;5136cfad-3560-4e12-ad24-8eac2a33c726;410.94;0.01;BUY
2016-03-21T00:49:31.440000;2016-03-21T00:49:31.487000;689b674a-cd86-4585-8565-b17b194cecb5;411.0;0.03;BUY
2016-03-21T00:49:31.440000;2016-03-21T00:49:31.503000;2378dea9-b72d-4964-9853-26cb8b6a736b;411.04;1.8;BUY
2016-03-21T00:49:31.440000;2016-03-21T00:49:31.503000;02162624-dc50-479b-baf4-f678b5df574e;411.05;0.03;BUY
2016-03-21T00:49:31.440000;2016-03-21T00:49:31.503000;5ff47e80-8cb1-45f5-893a-2ff7bb7c71f2;411.09;2.2;BUY
2016-03-21T00:49:31.440000;2016-03-21T00:49:31.503000;94678be5-11e7-4413-870b-c4f849d7282a;411.1;0.03;BUY
2016-03-21T00:49:31.440000;2016-03-21T00:49:31.520000;09875939-b843-4dca-a128-fefb660171a7;411.1;0.5;BUY
2016-03-21T00:49:31.440000;2016-03-21T00:49:31.520000;d3c7b580-5095-41bb-a945-5eca4335c4d2;411.1;0.05;BUY
2016-03-21T00:49:31.440000;2016-03-21T00:49:31.520000;e883d6ce-e62a-44aa-b7a6-833ba268ef0b;411.11;0.01;BUY
2016-03-21T00:49:31.443000;2016-03-21T00:49:31.520000;ef07fb34-1e68-4e24-a478-a9cea43dac64;411.11;2.207;BUY
2016-03-21T00:49:31.443000;2016-03-21T00:49:31.533000;af42f35e-9906-4732-a64d-f602511047ec;411.12;0.01;BUY
2016-03-21T00:49:31.443000;2016-03-21T00:49:31.533000;8d829ecc-38c4-482b-8f17-5a33b13f18c1;411.15;0.03;BUY
2016-03-21T00:49:31.443000;2016-03-21T00:49:31.533000;fa65b12e-1c95-48c8-b13f-326604b7cdaf;411.15;0.03;BUY
2016-03-21T00:49:31.443000;2016-03-21T00:49:31.533000;6a61e571-9c98-4bef-9f1c-59705fe1c549;411.19;0.4;BUY
2016-03-21T00:49:31.443000;2016-03-21T00:49:31.533000;4e11ae54-3947-4648-8f98-35723edc7d47;411.2;0.03;BUY
2016-03-21T00:49:31.443000;2016-03-21T00:49:31.550000;dae74344-7493-4177-8137-50d47b45ea66;411.2;0.03;BUY
2016-03-21T00:49:31.447000;2016-03-21T00:49:31.550000;c14fe3cd-bae3-4f5b-a4f1-ee516f2d81fc;411.23;1.6;BUY
2016-03-21T00:49:31.447000;2016-03-21T00:49:31.550000;af8cf5b4-9811-46da-a4cd-60c8e12f3ef9;411.24;3.631;BUY
2016-03-21T00:49:31.447000;2016-03-21T00:49:31.550000;bb1d94f1-caaf-4049-b159-231026f14a42;411.25;0.03;BUY
2016-03-21T00:49:31.447000;2016-03-21T00:49:31.567000;fd92fd21-9d0d-417a-b09d-afb4cb69fc08;411.25;0.03;BUY
2016-03-21T00:49:31.447000;2016-03-21T00:49:31.567000;26d1ce28-9c02-4a67-9a27-aa59eca6870b;411.25;0.01;BUY
2016-03-21T00:49:31.447000;2016-03-21T00:49:31.567000;e0b5b51c-9b88-461d-a6c1-2a783a8c1cc6;411.3;0.03;BUY
2016-03-21T00:49:31.447000;2016-03-21T00:49:31.583000;a1ed3609-b283-4e88-9556-2b7d31451125;411.31;0.03;BUY
2016-03-21T00:49:31.447000;2016-03-21T00:49:31.583000;c6a80b50-f351-4100-b8ca-aa18b0ac2ce1;411.31;0.03;BUY
2016-03-21T00:49:31.447000;2016-03-21T00:49:31.583000;991c277c-51a2-4ab1-aad2-e8112c1008b5;411.31;0.03;BUY
2016-03-21T00:49:31.447000;2016-03-21T00:49:31.583000;6806f177-7392-4e1a-a428-63e7ec219ddb;411.31;0.03;BUY
2016-03-21T00:49:31.447000;2016-03-21T00:49:31.583000;7ac7dd49-881a-4620-bc9c-252726a9c5e3;411.31;0.03;BUY
2016-03-21T00:49:31.447000;2016-03-21T00:49:31.583000;8216791e-a5ed-43c6-9cee-4831ce85ec3a;411.31;0.03;BUY
2016-03-21T00:49:31.447000;2016-03-21T00:49:31.583000;855a4d6f-3612-4566-b309-97b5d6264276;411.31;0.03;BUY
2016-03-21T00:49:31.447000;2016-03-21T00:49:31.597000;ba0b3342-da5b-4803-bb62-5eaefb43bfe0;411.31;0.03;BUY
2016-03-21T00:49:31.447000;2016-03-21T00:49:31.597000;8517eabf-ea3e-4ee3-a9bc-8a8ed4e42c05;411.31;0.03;BUY
2016-03-21T00:49:31.447000;2016-03-21T00:49:31.597000;27991ada-6a1b-474f-9738-6229b502ed7e;411.31;0.03;BUY
2016-03-21T00:49:31.447000;2016-03-21T00:49:31.597000;c02cc7ff-4330-4020-98bc-42dda7209ca5;411.31;0.03;BUY
2016-03-21T00:49:31.447000;2016-03-21T00:49:31.597000;ca59b749-177e-44ff-80c9-5f4c4b39649a;411.31;0.03;BUY
2016-03-21T00:49:31.447000;2016-03-21T00:49:31.630000;f49a9a99-6c41-4e9d-9dd2-eea07f3b1f27;411.31;0.03;BUY
2016-03-21T00:49:31.447000;2016-03-21T00:49:31.630000;46d08f4e-b3ee-4e9e-9cc8-229b9c3711f6;411.31;0.03;BUY
2016-03-21T00:49:31.447000;2016-03-21T00:49:31.630000;97aa2420-ba00-428d-8ce3-e17a0fcb86ee;411.31;0.03;BUY
2016-03-21T00:49:31.447000;2016-03-21T00:49:31.630000;184a5086-c2cb-434b-af24-db84edc9306b;411.31;0.03;BUY
2016-03-21T00:49:31.450000;2016-03-21T00:49:31.630000;5abc293c-1b9c-4712-b0c6-b6c5849b7f00;411.31;0.03;BUY
2016-03-21T00:49:31.450000;2016-03-21T00:49:31.643000;f2d5b625-a47c-478a-9e9a-683a8dfc32a7;411.31;0.03;BUY
2016-03-21T00:49:31.450000;2016-03-21T00:49:31.643000;1d5c7bbe-9ea2-4fed-b099-9e4c1be75be4;411.31;0.03;BUY
2016-03-21T00:49:31.450000;2016-03-21T00:49:31.643000;2a8bb09c-c78a-4c6e-ae65-800739394b0d;411.31;0.03;BUY
2016-03-21T00:49:31.450000;2016-03-21T00:49:31.643000;095fe5c2-9279-457b-b192-a19ec351d4fd;411.37;0.01;BUY
2016-03-21T00:49:31.450000;2016-03-21T00:49:31.643000;ab282716-7391-491e-a41c-0a1c344ba50d;411.37;0.01666668;BUY
2016-03-21T00:49:31.450000;2016-03-21T00:49:31.643000;fc684ec8-82d7-4d67-9211-ddd1d3805d8c;411.38;1.2;BUY
2016-03-21T00:49:31.450000;2016-03-21T00:49:31.643000;c0cd979e-549b-4541-96aa-d880da84cf08;411.39;3.266;BUY
2016-03-21T00:49:31.450000;2016-03-21T00:49:31.660000;4a5e510a-5709-4a00-947a-81dced41edbd;411.45;0.03;BUY
2016-03-21T00:49:31.450000;2016-03-21T00:49:31.660000;08298c6b-8a1a-402a-bc0e-1ecd62a604a3;411.48;0.01;BUY
2016-03-21T00:49:31.450000;2016-03-21T00:49:31.660000;b0ceb507-e564-4558-94b5-a92ff0cc837b;411.49;0.01;BUY
2016-03-21T00:49:31.450000;2016-03-21T00:49:31.660000;4306ca45-5fda-41f2-acf0-909899a9fc12;411.49;0.0913;BUY
2016-03-21T00:49:31.450000;2016-03-21T00:49:31.660000;1edda8a3-a2ea-4348-b8e8-b6ba1a4b7c4d;411.5;0.01;BUY
2016-03-21T00:49:31.450000;2016-03-21T00:49:31.677000;c39efcd5-bcb7-41ff-a4ab-5807d9988823;411.5;0.03;BUY
2016-03-21T00:49:31.450000;2016-03-21T00:49:31.677000;864bf3e7-569e-47f3-8901-142b0eea7ff6;411.5;0.01;BUY
2016-03-21T00:49:31.450000;2016-03-21T00:49:31.677000;6992e64b-69fa-4d17-988b-afecd3955544;411.5;0.01;BUY
2016-03-21T00:49:31.450000;2016-03-21T00:49:31.677000;deee1b02-effa-42bf-a0a1-6e7d6b324660;411.5;0.2;BUY
2016-03-21T00:49:31.453000;2016-03-21T00:49:31.677000;83bfa61f-e7dc-4ecc-92fa-5114dd47e9c4;411.51;0.01;BUY
2016-03-21T00:49:31.453000;2016-03-21T00:49:31.677000;3b18a087-49b7-4081-bd8f-6b189b408f3f;411.51;0.4;BUY
2016-03-21T00:49:31.453000;2016-03-21T00:49:31.677000;11e4d5da-1dcd-4379-b746-f8d6c1471293;411.52;0.01;BUY
2016-03-21T00:49:31.453000;2016-03-21T00:49:31.690000;7c1992d9-c91c-4a3a-84d7-d14581905700;411.53;0.01;BUY
2016-03-21T00:49:31.453000;2016-03-21T00:49:31.690000;1d1b6c8a-1dd5-4c9d-96ef-cb3d33ea5b80;411.53;0.4;BUY
2016-03-21T00:49:31.453000;2016-03-21T00:49:31.690000;c5b2f35f-afdf-4278-9a24-726a2a8bc262;411.54;2.2;BUY
2016-03-21T00:49:31.453000;2016-03-21T00:49:31.690000;778c828e-45d6-478f-a731-b1e85a1978fe;411.55;0.03;BUY
2016-03-21T00:49:31.453000;2016-03-21T00:49:31.690000;21382d19-746b-4b0a-ac9b-8eab6ba90009;411.6;0.03;BUY
2016-03-21T00:49:31.453000;2016-03-21T00:49:31.723000;49d12f22-33bf-46dc-8d0c-c1fafbfe19d4;411.6;0.24109712;BUY
2016-03-21T00:49:31.453000;2016-03-21T00:49:31.723000;202d1c85-8d8a-45d9-9dc8-386b5aa29fc7;411.61;0.01677067;BUY
2016-03-21T00:49:31.453000;2016-03-21T00:49:31.723000;c8efe6d4-dca3-4017-9685-7042bad5dfe3;411.65;0.03;BUY
2016-03-21T00:49:31.453000;2016-03-21T00:49:31.723000;7cc6e120-01cf-4c00-bfcd-b0a01a08dd97;411.65;0.25;BUY
2016-03-21T00:49:31.453000;2016-03-21T00:49:31.723000;d5b5545d-37ad-471d-8d62-318b56aac350;411.66;0.01;BUY
2016-03-21T00:49:31.453000;2016-03-21T00:49:31.737000;9ade2caf-539b-4444-8710-f782ed18d8e4;411.68;2.43833553;BUY
2016-03-21T00:49:58.243000;2016-03-21T00:49:58.270000;65ae35fa-34b2-41ad-92ee-8af4325043f0;411.53;0.03;BUY
2016-03-21T00:50:01.593000;2016-03-21T00:50:01.630000;d3e9f2fe-d77e-462d-8a11-78643d57994d;411.5;0.03;SELL
2016-03-21T00:50:01.593000;2016-03-21T00:50:01.643000;cb439e18-9950-4b2a-8403-26dd6123e0af;411.46;0.01;SELL
2016-03-21T00:50:01.593000;2016-03-21T00:50:01.643000;e1a70e34-d263-442a-9ed6-e0f6ef4a164a;411.45;0.03;SELL
2016-03-21T00:50:01.593000;2016-03-21T00:50:01.643000;f3bb3c16-a55c-4ff3-bd64-11f12ef615fa;411.4;0.03;SELL
2016-03-21T00:50:01.593000;2016-03-21T00:50:01.660000;2e12d03c-c355-4389-a0b7-279e57d1764a;411.35;0.03;SELL
2016-03-21T00:50:01.593000;2016-03-21T00:50:01.660000;4aa7def1-5e82-434b-98e2-badaa69eb5e2;411.32;0.01;SELL
2016-03-21T00:50:01.593000;2016-03-21T00:50:01.660000;47bd0e02-9385-4b86-80da-160ae7f39441;411.3;0.03;SELL
2016-03-21T00:50:01.593000;2016-03-21T00:50:01.660000;0296bad6-65f1-4142-a8aa-7d74dc7a8102;411.25;0.05;SELL
2016-03-21T00:50:01.593000;2016-03-21T00:50:01.660000;43de7616-5d4b-4077-ac6e-e7baec1ef203;411.16;0.01;SELL
2016-03-21T00:50:01.593000;2016-03-21T00:50:01.660000;d9721618-a325-453d-b667-a74a484a9eaa;411.15;0.03;SELL
2016-03-21T00:50:01.593000;2016-03-21T00:50:01.677000;211632e8-46b5-436f-8496-c478bf80c240;411.1;0.03;SELL
2016-03-21T00:50:01.593000;2016-03-21T00:50:01.677000;967148ad-8e48-4d44-bb0d-d0ac540bd73c;411.07;0.5;SELL
2016-03-21T00:50:01.593000;2016-03-21T00:50:01.677000;3791be5a-6f36-49f7-85e7-1f228dac272b;411.06;0.16981;SELL
2016-03-21T00:50:33.210000;2016-03-21T00:50:33.253000;092a50b7-2cc5-4a9b-bb66-7d344800d35b;411.05;0.03;SELL
2016-03-21T00:50:33.210000;2016-03-21T00:50:33.253000;87dc70e7-39ae-4180-8963-c8c06ef19dd6;411.0;0.01858;SELL
2016-03-21T00:50:57.057000;2016-03-21T00:50:57.083000;83a4d815-dc36-4fec-83bc-c045ce8db8b1;411.06;0.01;SELL
2016-03-21T00:50:57.060000;2016-03-21T00:50:57.097000;feb56dea-d3b4-418f-9271-d0cb7a69f813;411.05;0.01;SELL
2016-03-21T00:50:57.060000;2016-03-21T00:50:57.097000;fabdb433-72c8-493d-9fdc-6c308851c99b;411.0;0.01142;SELL
2016-03-21T00:50:57.060000;2016-03-21T00:50:57.097000;21361707-cef4-4e68-af87-98dd3d0a3874;411.0;0.09;SELL
2016-03-21T00:50:57.060000;2016-03-21T00:50:57.097000;25deb316-7426-4b04-9aa5-42b0b8faf25e;411.0;0.0115;SELL
2016-03-21T00:50:57.060000;2016-03-21T00:50:57.097000;389c397e-f9c1-4ddc-a1d1-5463d9147265;410.95;0.03;SELL
2016-03-21T00:50:57.060000;2016-03-21T00:50:57.113000;f8ee1271-36b5-4436-8c49-43b9b233b2dd;410.9;0.03;SELL
2016-03-21T00:50:57.060000;2016-03-21T00:50:57.113000;040c5506-28ac-4756-b6a4-5838b5fe47da;410.88;0.01;SELL
2016-03-21T00:50:57.060000;2016-03-21T00:50:57.113000;a96796e3-3a32-461d-931a-66d3a60c7a56;410.85;0.03;SELL
2016-03-21T00:50:57.060000;2016-03-21T00:50:57.113000;0361ba45-8cf7-4ac5-9bec-72319d3796a9;410.8;0.03;SELL
2016-03-21T00:50:57.060000;2016-03-21T00:50:57.113000;76aae780-af56-497f-a335-8cd62ca8f748;410.75;0.03;SELL
2016-03-21T00:50:57.060000;2016-03-21T00:50:57.130000;bbbd4985-bd97-4633-af16-e2b8f888179b;410.73;0.01;SELL
2016-03-21T00:50:57.060000;2016-03-21T00:50:57.130000;544d27d7-295c-4098-b644-7149dd6f401b;410.7;0.03;SELL
2016-03-21T00:50:57.060000;2016-03-21T00:50:57.130000;69124b9b-4c6d-448c-b098-3595d31a7eed;410.65;0.00931;SELL
2016-03-21T00:51:31.013000;2016-03-21T00:51:31.050000;7760e9fb-178f-4752-a0d7-1f1fbe9aa9d0;410.8;0.03;BUY
2016-03-21T00:51:31.017000;2016-03-21T00:51:31.050000;8848b660-f629-42a9-b078-216ce8f45e61;410.85;0.03;BUY
2016-03-21T00:51:31.017000;2016-03-21T00:51:31.050000;f0c52900-2ed3-459f-8a9c-72e4f494f0c2;410.89;0.33679;BUY
2016-03-21T00:52:01.990000;2016-03-21T00:52:02.020000;0e7fb91c-17ba-4162-843b-33337fbd76e1;410.77;0.34944;BUY
2016-03-21T00:52:26.710000;2016-03-21T00:52:26.737000;7559524a-ee97-4f87-be64-753b54d4ebd0;410.75;0.01;SELL
2016-03-21T00:52:26.710000;2016-03-21T00:52:26.737000;f7462e05-1be9-435c-8462-df4ec1cc08e3;410.74;0.01;SELL
2016-03-21T00:52:26.710000;2016-03-21T00:52:26.770000;624127f8-3685-417d-98bd-77b100dffc64;410.7;0.03;SELL
2016-03-21T00:52:26.710000;2016-03-21T00:52:26.770000;fe6a054c-ed0a-4dd6-a5aa-abc85f063b22;410.65;0.03;SELL
2016-03-21T00:52:26.710000;2016-03-21T00:52:26.770000;dc8b365d-52c7-4301-980a-32403ad0cb78;410.65;0.25;SELL
2016-03-21T00:52:30.950000;2016-03-21T00:52:30.973000;edbfea73-0543-4a4a-97eb-287c96b091c6;410.62;0.01923;SELL
2016-03-21T00:53:07.150000;2016-03-21T00:53:07.177000;a36b9e26-7933-4201-9835-37f8fe0d10cd;410.79;1.36;BUY
2016-03-21T00:53:33.193000;2016-03-21T00:53:33.207000;bca19f91-10a9-4aac-bcbc-d99e667f53c7;410.79;0.7544;BUY
2016-03-21T00:54:31.263000;2016-03-21T00:54:31.287000;d5afc063-ba74-4c88-a2d1-3eba63e56101;410.79;0.06661;BUY
2016-03-21T00:55:01.283000;2016-03-21T00:55:01.300000;a6773a9c-1f2e-48d4-bc2c-2d304d0fc019;410.79;0.2;BUY
2016-03-21T00:55:01.283000;2016-03-21T00:55:01.333000;705e3831-c7df-4406-b7da-d25fffe496c4;410.8;0.03;BUY
2016-03-21T00:55:01.283000;2016-03-21T00:55:01.333000;0d7177fc-0e31-4805-a2ed-472d7cc7cba9;410.83;0.5;BUY
2016-03-21T00:55:01.283000;2016-03-21T00:55:01.333000;06a42039-b3d3-485d-a4a0-b61329a0e9ba;410.84;0.2;BUY
2016-03-21T00:55:01.283000;2016-03-21T00:55:01.333000;a63b5602-0fdf-4c53-b3f2-7d2aacf779af;410.85;0.03;BUY
2016-03-21T00:55:01.283000;2016-03-21T00:55:01.333000;5145811e-5f96-44fb-bb3d-f83a5d2e399d;410.88;0.4;BUY
2016-03-21T00:55:01.283000;2016-03-21T00:55:01.333000;deb0b2b3-9414-47f3-bf2a-4d37bec29ca6;410.89;0.25;BUY
2016-03-21T00:55:01.283000;2016-03-21T00:55:01.347000;2ca6ea15-4b96-4968-bb90-f472db8dd0b7;410.9;0.03;BUY
2016-03-21T00:55:01.283000;2016-03-21T00:55:01.347000;a637b248-7489-4c29-b8c8-ca0afc99e234;410.92;0.01;BUY
2016-03-21T00:55:01.283000;2016-03-21T00:55:01.347000;ec6666d0-98f8-4fcb-87b0-4ad4ab436dea;410.93;0.01;BUY
2016-03-21T00:55:01.283000;2016-03-21T00:55:01.347000;aad0cb4d-6f00-492d-8886-8b6866dd900c;410.95;0.03;BUY
2016-03-21T00:55:01.283000;2016-03-21T00:55:01.347000;768dfd36-c785-4261-93e0-a8661f826a91;410.96;0.01;BUY
2016-03-21T00:55:01.283000;2016-03-21T00:55:01.347000;58d6fd8e-7c35-48ed-9f23-08c54f6249b8;410.96;0.01923;BUY
2016-03-21T00:55:01.287000;2016-03-21T00:55:01.363000;821a418b-bbb4-4adf-ac41-7c37a86fadc2;411.0;0.03;BUY
2016-03-21T00:55:01.287000;2016-03-21T00:55:01.363000;15ec2de1-8d1d-49c7-8be9-58969a4766f4;411.0;0.01;BUY
2016-03-21T00:55:01.287000;2016-03-21T00:55:01.363000;45d5caa5-eaa5-423c-af9e-85f267946655;411.05;0.03;BUY
2016-03-21T00:55:01.287000;2016-03-21T00:55:01.363000;547cabc9-a89f-435e-9781-f3e79e4349d9;411.09;0.18946;BUY
2016-03-21T00:56:31.303000;2016-03-21T00:56:31.317000;ab624184-0fe1-4038-a8c1-ffbe3f8f9efb;410.97;0.25;SELL
2016-03-21T00:56:31.303000;2016-03-21T00:56:31.333000;3e20a3b8-592f-4784-a8ca-ab288e13c433;410.97;0.05;SELL
2016-03-21T00:56:31.303000;2016-03-21T00:56:31.333000;c3b84001-6705-462b-a16b-407dcc800721;410.93;7.18452;SELL
2016-03-21T00:57:01.227000;2016-03-21T00:57:01.237000;6b432999-0d0f-4fea-8724-5beff3fc0dd2;411.07;0.60573;BUY
2016-03-21T00:57:31.127000;2016-03-21T00:57:31.143000;5ea367aa-bc66-4ba1-b55c-e9a44d85278d;411.09;0.03593;BUY
2016-03-21T00:58:01.780000;2016-03-21T00:58:01.827000;ba193f86-da45-4540-8614-f74cca215672;410.92;0.01034;BUY
2016-03-21T00:58:01.780000;2016-03-21T00:58:01.827000;f0d8ead4-53cc-432a-84ba-35bbd9c1e13a;410.96;0.05076;BUY
2016-03-21T00:58:31.210000;2016-03-21T00:58:31.263000;aefef153-a32b-444e-a30b-9949bd48b1c1;410.92;0.01;BUY
2016-03-21T00:58:31.213000;2016-03-21T00:58:31.280000;9b606e87-5d35-459d-8e63-cca5c65d341a;410.96;0.6;BUY
2016-03-21T00:58:31.213000;2016-03-21T00:58:31.280000;e27a8352-33cf-45a0-9006-a6fae41cd431;410.97;0.83541;BUY
2016-03-21T00:59:01.313000;2016-03-21T00:59:01.390000;0412ed91-3059-4a5f-9458-fad7d6af50c7;411.08;0.025;BUY
2016-03-21T00:59:18.620000;2016-03-21T00:59:18.670000;c6ac5a50-0d2f-49a7-932a-97ceee8d3c51;411.08;0.0687;BUY
2016-03-21T00:59:18.643000;2016-03-21T00:59:18.700000;154a47ae-27f7-4956-947d-20666d895dd9;411.08;0.1563;BUY
2016-03-21T00:59:18.643000;2016-03-21T00:59:18.700000;e4f5d3d6-6a54-4875-812c-e757263c2319;411.08;0.01;BUY
2016-03-21T00:59:18.643000;2016-03-21T00:59:18.700000;e247efe2-d06f-4ce0-9cc7-54c489846ada;411.08;0.035;BUY
2016-03-21T00:59:31.283000;2016-03-21T00:59:31.327000;719cf67d-61a8-43cd-a93a-4d0c0ae0fc7b;411.09;0.05;BUY
2016-03-21T00:59:31.283000;2016-03-21T00:59:31.343000;076aa247-aa8a-4941-a303-0ccd98e5e5d3;411.1;0.00079;BUY
2016-03-21T01:00:01.850000;2016-03-21T01:00:01.920000;18af1ace-3306-40c0-b02b-cd5e34060350;411.1;0.02921;BUY
2016-03-21T01:00:01.850000;2016-03-21T01:00:01.920000;3f98f821-3573-4837-ae02-20574dff6b4f;411.11;0.01;BUY
2016-03-21T01:00:01.850000;2016-03-21T01:00:01.920000;96b48375-e439-444e-bcce-4b16d4eb067f;411.15;0.03;BUY
2016-03-21T01:00:01.850000;2016-03-21T01:00:01.920000;42608b5b-3663-42f8-9563-dbb64496d8f8;411.19;0.5;BUY
2016-03-21T01:00:01.850000;2016-03-21T01:00:01.920000;381453de-2339-4a33-9d53-8a0441e36157;411.19;0.22032;BUY
2016-03-21T01:00:04.380000;2016-03-21T01:00:04.420000;05896438-979d-42fe-ba04-9d305cd106db;411.0;0.03;SELL
2016-03-21T01:00:04.380000;2016-03-21T01:00:04.437000;dadd8616-2e25-4e3d-afde-2d0613a6b6d9;411.0;0.07;SELL
2016-03-21T01:00:31.553000;2016-03-21T01:00:31.593000;e9ae8492-9318-49bf-a2cf-331ae4e3b165;411.15;0.03;BUY
2016-03-21T01:00:31.553000;2016-03-21T01:00:31.623000;7120b404-9d5c-40ad-9bbe-1934ced60fe5;411.19;0.01;BUY
2016-03-21T01:00:31.553000;2016-03-21T01:00:31.623000;3e920280-85a9-43e5-960f-da92864a0f16;411.2;0.03;BUY
2016-03-21T01:00:31.553000;2016-03-21T01:00:31.623000;71422064-ed9d-4c98-9118-6f64c409afe6;411.21;0.17161;BUY
2016-03-21T01:00:34.363000;2016-03-21T01:00:34.420000;e5f835e3-89a8-4a5b-b09a-b53087cbffd7;411.21;0.07839;BUY
2016-03-21T01:00:34.363000;2016-03-21T01:00:34.420000;d801c863-7866-4922-8c90-8ec01fe2e27b;411.21;0.05;BUY
2016-03-21T01:00:34.363000;2016-03-21T01:00:34.420000;09d892af-97ec-418c-9051-57be7bc4b0a7;411.23;0.01;BUY
2016-03-21T01:00:34.363000;2016-03-21T01:00:34.420000;388dba27-692a-4da9-be61-df9f0fe8ca78;411.24;0.01;BUY
2016-03-21T01:00:34.363000;2016-03-21T01:00:34.420000;1e3bdbf2-c740-4a14-b798-f242962cc9b5;411.25;0.03;BUY
2016-03-21T01:00:34.363000;2016-03-21T01:00:34.420000;2a9a2394-1765-4082-869b-c70fca2e40e5;411.25;0.00063815;BUY
2016-03-21T01:01:01.610000;2016-03-21T01:01:01.670000;e792c985-2464-41bc-83fe-6a1309fd6a14;411.11;0.01;SELL
2016-03-21T01:01:01.613000;2016-03-21T01:01:01.670000;aaa9cd54-cbd0-4484-8328-4d622d030e85;411.06;0.14354;SELL
2016-03-21T01:02:03.137000;2016-03-21T01:02:03.187000;706a2d2b-a0a6-4204-ae25-01c495de3213;411.18;0.25;BUY
2016-03-21T01:02:03.137000;2016-03-21T01:02:03.187000;7704c0e1-17d7-4ade-b97e-711ccc3409d1;411.24;0.4;BUY
2016-03-21T01:02:03.137000;2016-03-21T01:02:03.200000;9927dd0f-cc60-4102-a650-99fe7eada516;411.25;0.00936185;BUY
2016-03-21T01:02:03.137000;2016-03-21T01:02:03.200000;cc87f205-4de3-4eab-aa25-77c230e1e750;411.26;0.4;BUY
2016-03-21T01:02:03.137000;2016-03-21T01:02:03.200000;bd9d0123-f822-433e-8c2d-85c4302c6400;411.27;0.18040815;BUY
2016-03-21T01:02:32.140000;2016-03-21T01:02:32.187000;f9ff905f-f96e-47e2-9cbf-c0f437f57566;411.1;0.03;SELL
2016-03-21T01:02:32.140000;2016-03-21T01:02:32.187000;6ebc4551-f9ae-4750-ad7c-dc147723c784;411.05;0.03;SELL
2016-03-21T01:02:32.140000;2016-03-21T01:02:32.187000;8293d247-ccc4-4684-b91f-539fd4869319;411.0;0.03;SELL
2016-03-21T01:02:32.140000;2016-03-21T01:02:32.187000;c28119a5-d4cb-42c8-95a5-2103368715c8;411.0;0.0115;SELL
2016-03-21T01:02:32.140000;2016-03-21T01:02:32.200000;43e9eb2d-b3e3-46e6-94b5-6498764e267f;410.95;0.03;SELL
2016-03-21T01:02:32.140000;2016-03-21T01:02:32.200000;ca457f02-7a66-4f0e-ad1b-5a5bcb2d3531;410.95;0.0685;SELL
2016-03-21T01:03:01.447000;2016-03-21T01:03:01.497000;8b5e552a-3adc-4582-9a49-35af3a4e1f10;411.1;0.03;BUY
2016-03-21T01:03:01.447000;2016-03-21T01:03:01.497000;70fd4bb8-6984-4abd-9c3c-b24f8e5ffb4e;411.1;0.05;BUY
2016-03-21T01:03:01.447000;2016-03-21T01:03:01.497000;adc9d2af-5c07-458d-ac76-03a77f3fcf74;411.1;0.05;BUY
2016-03-21T01:03:01.450000;2016-03-21T01:03:01.513000;35071a2a-73a5-4d89-9110-dde35c97170d;411.15;0.03;BUY
2016-03-21T01:03:01.450000;2016-03-21T01:03:01.513000;0f4376b5-98c6-4ee3-97bc-664e03fabc1d;411.15;0.05;BUY
2016-03-21T01:03:01.450000;2016-03-21T01:03:01.513000;8628cf9b-38fe-484f-8e30-18687f66e993;411.2;0.03;BUY
2016-03-21T01:03:01.450000;2016-03-21T01:03:01.513000;6279f497-c6af-4c35-bee5-0b91f5a9a136;411.25;0.03;BUY
2016-03-21T01:03:01.450000;2016-03-21T01:03:01.513000;caad54a9-cc89-4937-928c-dcd73f6a6484;411.25;0.05;BUY
2016-03-21T01:03:01.450000;2016-03-21T01:03:01.530000;b757e6c1-1897-475b-b13c-e7c671449fed;411.29;0.01;BUY
2016-03-21T01:03:01.450000;2016-03-21T01:03:01.530000;4e01cf7c-fa15-4945-8d02-9d4ee08eecae;411.29;0.05;BUY
2016-03-21T01:03:01.453000;2016-03-21T01:03:01.530000;14c17a77-dc19-45b0-b1eb-5536f1cdd4f0;411.3;0.03;BUY
2016-03-21T01:03:01.453000;2016-03-21T01:03:01.530000;073b7799-451f-4851-9f8f-5c807aacb2b7;411.42;0.5;BUY
2016-03-21T01:03:01.453000;2016-03-21T01:03:01.530000;9920fb69-a7f3-4bc4-a4d1-339c0a9110c8;411.43;1.3308;BUY
2016-03-21T01:03:31.490000;2016-03-21T01:03:31.530000;03eca3e8-0246-4515-b0d1-886b3a659721;411.35;0.01179;BUY
2016-03-21T01:04:01.653000;2016-03-21T01:04:01.700000;35916efd-0e9f-42a3-a8fd-6ca8f1325a1d;411.41;0.5;BUY
2016-03-21T01:04:01.653000;2016-03-21T01:04:01.700000;91b67ca5-9ad9-4594-88a5-008cec7c0ed8;411.42;0.92608;BUY
2016-03-21T01:04:13.353000;2016-03-21T01:04:13.390000;5c42f52d-535b-4e87-97b6-cd206d6faa03;411.44;0.09;BUY
2016-03-21T01:04:32.213000;2016-03-21T01:04:32.263000;959ba6d8-4036-40ef-a0b1-7852a42ac275;411.43;0.15858;BUY
2016-03-21T01:04:40.523000;2016-03-21T01:04:40.560000;731409d5-2c57-4e0a-8e53-374e74cbbc33;411.42;0.04;BUY
2016-03-21T01:05:01.717000;2016-03-21T01:05:01.763000;dc9f9604-d3bb-4aa2-b6d8-f52ba49a9339;411.38;1.73977;BUY
2016-03-21T01:05:31.470000;2016-03-21T01:05:31.513000;415a736c-530d-4957-ab1c-5f111c5a3006;411.39;0.30523;BUY
2016-03-21T01:06:02.583000;2016-03-21T01:06:02.623000;c39b6fe0-d3c7-4645-9d6a-f71ebc3c9353;411.4;0.19251;BUY
2016-03-21T01:06:31.603000;2016-03-21T01:06:31.653000;0225498b-633e-4296-b6dc-ac74d294c073;411.31;0.01;SELL
2016-03-21T01:06:31.603000;2016-03-21T01:06:31.653000;a920dfd3-6941-4b30-b489-40bb024921ed;411.3;0.25;SELL
2016-03-21T01:06:31.603000;2016-03-21T01:06:31.653000;a34572e0-f5e1-46d7-b61a-4c702de4ed51;411.15;0.03;SELL
2016-03-21T01:06:31.603000;2016-03-21T01:06:31.653000;f3bab166-22b1-46a0-8328-709f0d23686a;411.15;0.24;SELL
2016-03-21T01:06:31.603000;2016-03-21T01:06:31.653000;87cd5f1c-2914-41e4-af71-8854a3e266e7;411.15;0.05;SELL
2016-03-21T01:06:31.603000;2016-03-21T01:06:31.670000;589232a5-a564-4ae7-89b0-60b41622b849;411.1;0.03;SELL
2016-03-21T01:06:31.603000;2016-03-21T01:06:31.670000;7875127b-5f79-437d-a5e6-c5ec85132a9d;411.1;0.05;SELL
2016-03-21T01:06:31.607000;2016-03-21T01:06:31.670000;5fbf1624-f512-4413-8f58-784a468bc055;411.06;0.01;SELL
2016-03-21T01:06:31.607000;2016-03-21T01:06:31.670000;17c23cac-83bb-4bce-96cc-e9ef4db66e8e;411.06;0.05;SELL
2016-03-21T01:06:31.607000;2016-03-21T01:06:31.670000;112b07f0-5c05-4dfc-ae37-253cc16bdee5;411.06;0.05;SELL
2016-03-21T01:06:31.607000;2016-03-21T01:06:31.670000;f7c94dda-c42f-47cc-99a0-99faf5903edb;411.05;0.03;SELL
2016-03-21T01:06:31.607000;2016-03-21T01:06:31.670000;b91e9c43-d3c9-4736-b091-25ecbda79f5c;411.0;0.03;SELL
2016-03-21T01:06:31.607000;2016-03-21T01:06:31.687000;ab3b72d5-77f9-4408-810f-f0d287421495;411.0;0.0115;SELL
2016-03-21T01:06:31.607000;2016-03-21T01:06:31.687000;7cdb8d73-7c2b-4a48-8e5c-5e8a884bf4b6;410.95;0.03;SELL
2016-03-21T01:06:31.607000;2016-03-21T01:06:31.687000;c8f8eccb-d00e-411e-ac86-19bd04e2692e;410.94;0.1785;SELL
2016-03-21T01:07:31.317000;2016-03-21T01:07:31.343000;692031f5-b619-4f8e-af4b-b67b7aff3d90;411.2;0.03;BUY
2016-03-21T01:07:31.317000;2016-03-21T01:07:31.357000;81e00697-bb98-47a9-9970-83d233c8a657;411.23;0.86983;BUY
2016-03-21T01:08:01.570000;2016-03-21T01:08:01.593000;50599818-b54c-4a59-af87-08e70d6ba0ec;411.07;0.25;BUY
2016-03-21T01:08:01.570000;2016-03-21T01:08:01.607000;1d35010c-1e70-4cd7-b919-ea8985dce496;411.08;0.36582;BUY
2016-03-21T01:08:31.560000;2016-03-21T01:08:31.593000;66e5df97-f712-4439-9803-7975f2337860;411.1;0.03;BUY
2016-03-21T01:08:31.560000;2016-03-21T01:08:31.607000;fbba58e8-77f7-4912-91c2-c8c13610f597;411.1;0.242;BUY
2016-03-21T01:08:31.560000;2016-03-21T01:08:31.607000;4f0ba439-cd71-4116-9b63-2d197129b5f7;411.1;0.191;BUY
2016-03-21T01:09:01.440000;2016-03-21T01:09:01.467000;825c18b1-3d17-4ca8-9773-4424bc0a5075;411.06;0.01;SELL
2016-03-21T01:09:01.443000;2016-03-21T01:09:01.467000;799f1372-4f51-476a-bc4d-0054c4221737;411.05;0.03;SELL
2016-03-21T01:09:01.443000;2016-03-21T01:09:01.467000;137d4334-de5d-43a0-9bb1-0b40859e7b3a;411.0;0.03;SELL
2016-03-21T01:09:01.443000;2016-03-21T01:09:01.500000;549d61b6-6238-41a2-a004-09b0cd8f2227;410.96;0.07742;SELL
2016-03-21T01:09:59.453000;2016-03-21T01:09:59.670000;6fec87ba-7084-4953-ba7e-85881ac09e02;411.09;0.242;BUY
2016-03-21T01:09:59.453000;2016-03-21T01:09:59.700000;eb59b90c-be60-46bc-bd9a-4fcbf4cd05f9;411.09;0.148;BUY
2016-03-21T01:10:01.750000;2016-03-21T01:10:01.763000;5cd73287-5212-4d0d-80b7-80cf9796c92d;410.96;0.05306;SELL
2016-03-21T01:10:32.440000;2016-03-21T01:10:32.483000;20e79db5-7dde-407c-8288-99ba3ed9c46a;410.96;0.11952;SELL
2016-03-21T01:10:32.440000;2016-03-21T01:10:32.483000;53fa54e3-fa25-407d-9ec8-4f214211ded3;410.95;0.03;SELL
2016-03-21T01:10:32.440000;2016-03-21T01:10:32.483000;e832e56f-380e-4199-be30-86d842e832ea;410.94;0.0715;SELL
2016-03-21T01:10:32.440000;2016-03-21T01:10:32.483000;e837c110-a99a-43d6-a3f1-35f458b6a74c;410.9;0.03;SELL
2016-03-21T01:10:32.440000;2016-03-21T01:10:32.483000;1745280c-34a3-451d-b73b-81c9781c6b82;410.9;0.01;SELL
2016-03-21T01:10:32.440000;2016-03-21T01:10:32.483000;809279c3-c2a3-4c04-b030-94077a375c66;410.85;0.03;SELL
2016-03-21T01:10:32.440000;2016-03-21T01:10:32.500000;0a2c3807-c0bd-432e-9add-125f4496b016;410.84;0.25;SELL
2016-03-21T01:10:32.443000;2016-03-21T01:10:32.500000;c4f6f2a5-60a8-4dac-9d13-dbc81469a5c3;410.8;0.03;SELL
2016-03-21T01:10:32.443000;2016-03-21T01:10:32.500000;0c366e49-6d52-4d3b-82ab-74f0fd7a8275;410.75;0.03;SELL
2016-03-21T01:10:32.443000;2016-03-21T01:10:32.500000;df31aa84-fc25-41e8-b87a-9433fa9996a5;410.7;0.03;SELL
2016-03-21T01:10:32.443000;2016-03-21T01:10:32.500000;68d11fd3-24f0-46be-915f-ce9f333f8d7b;410.7;0.09329;SELL
2016-03-21T01:10:32.443000;2016-03-21T01:10:32.513000;055027e3-05d5-4278-81cf-3da2a37561c3;410.69;0.4;SELL
2016-03-21T01:10:32.443000;2016-03-21T01:10:32.513000;deaa51d9-a183-43c9-91c4-130ec3127bc3;410.68;0.5;SELL
2016-03-21T01:10:32.443000;2016-03-21T01:10:32.513000;0b76b6e1-128e-46f9-b530-6deacada0d66;410.67;0.01;SELL
2016-03-21T01:10:32.443000;2016-03-21T01:10:32.513000;13fc3561-6bce-4a1e-8afd-803ae52db173;410.67;0.1931;SELL
2016-03-21T01:10:32.443000;2016-03-21T01:10:32.513000;7513f27d-95c9-49c2-ba39-6b5cf9c5725b;410.67;0.38825;SELL
2016-03-21T01:11:32.783000;2016-03-21T01:11:32.810000;34a2e1c8-8714-4543-9b37-3f09d5367baa;410.84;0.2;BUY
2016-03-21T01:11:32.783000;2016-03-21T01:11:32.827000;f78ab199-6adb-4254-b770-7a203829a193;410.85;0.03;BUY
2016-03-21T01:11:32.783000;2016-03-21T01:11:32.827000;45aff26f-e4f3-4897-8a4d-60b3f8d7d944;410.89;0.4;BUY
2016-03-21T01:11:32.783000;2016-03-21T01:11:32.827000;48e00b4a-1075-40c8-8261-be3614f1d251;410.9;0.03;BUY
2016-03-21T01:11:32.783000;2016-03-21T01:11:32.827000;a08bb0ed-212f-4a06-be89-3a176763d713;410.94;0.2;BUY
2016-03-21T01:11:32.783000;2016-03-21T01:11:32.827000;c0d55d7d-d1ea-423c-b131-57e51b114a50;410.94;0.05;BUY
2016-03-21T01:11:32.783000;2016-03-21T01:11:32.827000;66ec7c79-4102-4cb5-b66a-aa0258d15423;410.95;0.03;BUY
2016-03-21T01:11:32.783000;2016-03-21T01:11:32.843000;2e6b8bd0-d739-4cf3-bd47-59010c09206f;410.98;0.1;BUY
2016-03-21T01:11:32.783000;2016-03-21T01:11:32.843000;817fbd9c-621c-4569-8cee-30aeaa09857b;410.99;0.6;BUY
2016-03-21T01:11:32.783000;2016-03-21T01:11:32.843000;a02e79fb-b024-48a5-81dd-d319e9d85319;411.0;0.03;BUY
2016-03-21T01:11:32.783000;2016-03-21T01:11:32.843000;1b2a4c50-0ff5-497f-b66c-f4b04de1b5db;411.04;0.2;BUY
2016-03-21T01:11:32.783000;2016-03-21T01:11:32.843000;a085175c-d8e6-4f8b-b7f8-773c21391040;411.05;0.03;BUY
2016-03-21T01:11:32.787000;2016-03-21T01:11:32.857000;2fda597c-9ce0-40d1-bf7f-7f19ddf36e6f;411.06;0.01;BUY
2016-03-21T01:11:32.787000;2016-03-21T01:11:32.857000;d2c5aea7-c8cf-4dd7-8cb4-8bd2e49227fc;411.09;0.2;BUY
2016-03-21T01:11:32.787000;2016-03-21T01:11:32.857000;29a3f69c-aeed-4c4a-8072-c6d3faf88694;411.1;0.03;BUY
2016-03-21T01:11:32.787000;2016-03-21T01:11:32.857000;4e2b55e2-d99a-48c8-8d64-221a0667b264;411.13;0.01;BUY
2016-03-21T01:11:32.787000;2016-03-21T01:11:32.857000;88046811-0d5c-4d3e-b228-f5ee98b7d7bc;411.14;0.2;BUY
2016-03-21T01:11:32.787000;2016-03-21T01:11:32.857000;6eaf40d2-66ad-44b3-996a-dcc96ca9c02f;411.15;0.03;BUY
2016-03-21T01:11:32.787000;2016-03-21T01:11:32.873000;50435d20-97b9-4dd0-a31c-83bd054279f2;411.15;0.03;BUY
2016-03-21T01:11:32.787000;2016-03-21T01:11:32.873000;c6a26e94-4f8c-4382-a541-d7b6f2b4ace6;411.18;0.5;BUY
2016-03-21T01:11:32.787000;2016-03-21T01:11:32.873000;2fe6ff10-414c-4276-a6fc-fe40cc67f238;411.19;2.2;BUY
2016-03-21T01:11:32.787000;2016-03-21T01:11:32.873000;7761f9ab-37b0-4682-9a59-769bda65af2d;411.2;0.25;BUY
2016-03-21T01:11:32.787000;2016-03-21T01:11:32.890000;1430035e-d6ac-44d6-9ced-312795fdc390;411.2;0.03;BUY
2016-03-21T01:11:32.787000;2016-03-21T01:11:32.890000;90d7f1a1-5d24-4069-84ed-88791b6d0ef5;411.23;1.60321;BUY
2016-03-21T01:12:01.543000;2016-03-21T01:12:01.577000;b0aef9ae-8b87-4514-8393-4ccfa82f0918;411.24;0.01;BUY
2016-03-21T01:12:01.543000;2016-03-21T01:12:01.577000;917ec156-4b59-49f3-971a-8070c29fbfce;411.25;0.03;BUY
2016-03-21T01:12:01.543000;2016-03-21T01:12:01.577000;7b7949a2-f959-4c67-a731-93202ef9a781;411.25;0.01;BUY
2016-03-21T01:12:01.543000;2016-03-21T01:12:01.577000;f83a6c21-c660-4135-acf6-ffb22c879e59;411.28;0.3;BUY
2016-03-21T01:12:01.543000;2016-03-21T01:12:01.577000;d39e7d2b-fae0-4f1b-98a4-26cebd7206e4;411.29;0.01;BUY
2016-03-21T01:12:01.543000;2016-03-21T01:12:01.577000;d757af65-16ae-45ab-9a2f-ff2c7acddc50;411.3;0.03;BUY
2016-03-21T01:12:01.543000;2016-03-21T01:12:01.577000;19d5334f-bbb3-48a5-828a-416cf67c12f9;411.34;0.8;BUY
2016-03-21T01:12:01.543000;2016-03-21T01:12:01.577000;4c6ef5ae-6d52-4b45-8796-058764d88ed9;411.35;0.01478;BUY
2016-03-21T01:12:31.373000;2016-03-21T01:12:31.390000;ed279856-ee9b-49f4-8d4f-645300289384;411.15;0.03;SELL
2016-03-21T01:12:31.373000;2016-03-21T01:12:31.403000;76076771-d064-4c60-ad53-a2f262d13e66;411.11;0.25;SELL
2016-03-21T01:12:31.373000;2016-03-21T01:12:31.403000;a6a6704f-5ca2-411b-9500-9a6c9d66aca4;411.1;0.03;SELL
2016-03-21T01:12:31.373000;2016-03-21T01:12:31.403000;54bbed3f-8558-4e0c-ac3b-628f7791fc43;411.06;0.3;SELL
2016-03-21T01:12:31.373000;2016-03-21T01:12:31.403000;0d1c1199-c1d3-4fc9-a2da-855b8daf5a64;411.05;0.39;SELL
2016-03-21T01:13:01.710000;2016-03-21T01:13:01.717000;9d2d8db7-ae03-4f96-b2bd-1d766ac8db2d;410.96;0.01;SELL
2016-03-21T01:13:01.710000;2016-03-21T01:13:01.717000;c86dafe0-b7e1-4ac4-bc71-17e7eb055045;410.95;0.03;SELL
2016-03-21T01:13:01.710000;2016-03-21T01:13:01.733000;2849a4f7-8835-4c58-a1b2-af2d16663d08;410.93;0.3;SELL
2016-03-21T01:13:01.710000;2016-03-21T01:13:01.733000;c507b2e6-3982-44ed-9397-1504d1b14388;410.91;0.4879;SELL
2016-03-21T01:13:31.670000;2016-03-21T01:13:31.723000;5e17a379-aa13-4a30-b039-c0a94d168945;411.09;0.1997;BUY
2016-03-21T01:15:01.630000;2016-03-21T01:15:01.673000;d0901ae8-3814-4c2b-a2fe-c6beed684ec3;410.97;0.25;SELL
2016-03-21T01:15:01.630000;2016-03-21T01:15:01.707000;09fbaae8-105a-42eb-bb5c-d36646f4712b;410.9;0.03;SELL
2016-03-21T01:15:01.630000;2016-03-21T01:15:01.707000;91350994-3083-48c4-90f3-ba06b5c5ec5c;410.87;0.01;SELL
2016-03-21T01:15:01.630000;2016-03-21T01:15:01.707000;5267e336-ac06-43cf-8b69-ca6f499b02fc;410.85;0.03;SELL
2016-03-21T01:15:01.630000;2016-03-21T01:15:01.707000;eae650f9-c47c-442d-9cbf-c5ff9dd648c0;410.8;0.03;SELL
2016-03-21T01:15:01.630000;2016-03-21T01:15:01.707000;decd0064-081c-4b11-a275-0228a6d9ce8c;410.76;0.3;SELL
2016-03-21T01:15:01.630000;2016-03-21T01:15:01.707000;4ff45a7d-32eb-4c95-bcf5-3cb827261a20;410.75;0.03;SELL
2016-03-21T01:15:01.630000;2016-03-21T01:15:01.707000;70c90bf3-cc18-42ca-9fa1-0b65ef6de95b;410.74;7.29602;SELL
2016-03-21T01:15:01.630000;2016-03-21T01:15:01.723000;faaa9898-0410-433f-8b69-a0fd51f0db74;410.71;0.01;SELL
2016-03-21T01:15:01.630000;2016-03-21T01:15:01.723000;0fbc597d-ade3-4290-9279-3bd1852394d8;410.7;0.03;SELL
2016-03-21T01:15:01.633000;2016-03-21T01:15:01.723000;b9ecf3b3-955e-4694-881f-ba2e0a88476a;410.69;0.02;SELL
2016-03-21T01:15:01.633000;2016-03-21T01:15:01.723000;203c9bd1-3bbf-4d06-bfea-932c74c3431e;410.69;0.076;SELL
2016-03-21T01:15:01.633000;2016-03-21T01:15:01.723000;b3ebb6e5-5dba-42a5-84af-a5c52d89f02a;410.65;0.03;SELL
2016-03-21T01:15:01.633000;2016-03-21T01:15:01.723000;b8ffec5b-9c4e-4c84-9eaf-0426b0f618f1;410.63;1.61391;SELL
2016-03-21T01:15:31.727000;2016-03-21T01:15:31.770000;d43bf785-3461-4709-a6d8-fbc1847a355d;410.8;0.03;BUY
2016-03-21T01:15:31.727000;2016-03-21T01:15:31.783000;ce747c71-6ee8-4398-8547-3f83597ece7a;410.8;0.083;BUY
2016-03-21T01:15:31.727000;2016-03-21T01:15:31.783000;7faed8f7-6d02-472c-89c3-e3e379521ddc;410.85;0.03;BUY
2016-03-21T01:15:31.727000;2016-03-21T01:15:31.783000;42928714-e8a0-45db-8d05-9a9d75725aca;410.85;0.096;BUY
2016-03-21T01:15:31.727000;2016-03-21T01:15:31.783000;1651cec4-6eea-4aab-af5a-340f828ca582;410.9;0.03;BUY
2016-03-21T01:15:31.727000;2016-03-21T01:15:31.783000;34652a7b-2da0-4f33-8fcd-1a0c5250776e;410.9;0.124;BUY
2016-03-21T01:15:31.727000;2016-03-21T01:15:31.817000;78bf2c24-f6cc-42e4-9f4d-2bcadd656776;410.95;0.03;BUY
2016-03-21T01:15:31.727000;2016-03-21T01:15:31.817000;75b5ec07-ef7f-4f12-b999-7203f3e4181d;410.95;0.073;BUY
2016-03-21T01:15:31.727000;2016-03-21T01:15:31.817000;18192635-8ce0-4030-b3cd-5f830a94d703;410.96;0.1931;BUY
2016-03-21T01:15:31.727000;2016-03-21T01:15:31.817000;c041cadd-421d-41e0-8d01-17dc6a679afa;411.0;0.03;BUY
2016-03-21T01:15:31.727000;2016-03-21T01:15:31.817000;9d48a934-e0bb-4ac1-b808-c7fee151e49f;411.0;0.091;BUY
2016-03-21T01:15:31.727000;2016-03-21T01:15:31.817000;3f1f2574-7c4e-46d2-9b6f-a8af1a341fd8;411.01;0.01;BUY
2016-03-21T01:15:31.727000;2016-03-21T01:15:31.817000;87053889-5a6b-482a-9e81-969de0ad4553;411.05;0.03;BUY
2016-03-21T01:15:31.727000;2016-03-21T01:15:31.830000;049680e4-3273-4747-ae0c-1f40110917a2;411.05;0.081;BUY
2016-03-21T01:15:31.727000;2016-03-21T01:15:31.830000;650d0fda-eaa6-4458-a1f5-7e97eb45e440;411.05;0.14938;BUY
2016-03-21T01:16:01.817000;2016-03-21T01:16:01.863000;5d17872d-b0c4-478c-b859-773e3bfbf7ea;411.05;0.01;BUY
2016-03-21T01:16:02.177000;2016-03-21T01:16:02.223000;4c657dad-e711-47c1-9c3a-27af843abcc3;411.05;0.24;BUY
2016-03-21T01:16:02.177000;2016-03-21T01:16:02.237000;b44c1b12-6698-4645-b650-d2bfcb808124;411.05;0.394;BUY
2016-03-21T01:16:02.177000;2016-03-21T01:16:02.237000;ec270958-1c43-4952-9a68-11c20ff79caf;411.07;0.04014;BUY
2016-03-21T01:16:31.607000;2016-03-21T01:16:31.660000;f6cad7de-2d19-4332-bf67-46677352accd;410.93;0.246;SELL
2016-03-21T01:16:31.607000;2016-03-21T01:16:31.660000;ba435aff-111a-493b-8bc7-80ecb51694d9;410.9;0.03;SELL
2016-03-21T01:16:31.607000;2016-03-21T01:16:31.660000;f655d0dc-a6f7-407c-bfa6-023db1f90700;410.88;4.924;SELL
2016-03-21T01:17:33.673000;2016-03-21T01:17:33.723000;70d412d2-9af3-4a89-ac71-3f1e10ec1beb;410.93;0.1001;SELL
2016-03-21T01:17:33.673000;2016-03-21T01:17:33.723000;75817aa0-42e5-46c9-854d-bd4297545411;410.9;0.09513;SELL
2016-03-21T01:18:02.693000;2016-03-21T01:18:02.723000;446a543f-d088-4e73-a4e4-e5659e9e8bb9;411.02;0.25;BUY
2016-03-21T01:18:02.693000;2016-03-21T01:18:02.737000;83f527b8-26e2-4e1e-96d2-e0e3e772f164;411.02;0.098;BUY
2016-03-21T01:18:02.693000;2016-03-21T01:18:02.753000;a02a83b1-50c9-4412-a539-74e8bd20b74b;411.05;0.03;BUY
2016-03-21T01:18:02.693000;2016-03-21T01:18:02.753000;cbcda9c3-a43e-4437-84b9-c06ee87f2417;411.07;0.21086;BUY
2016-03-21T01:18:02.693000;2016-03-21T01:18:02.753000;b80c1968-f153-4ffb-833f-e5f308c269ed;411.07;0.242;BUY
2016-03-21T01:18:02.693000;2016-03-21T01:18:02.753000;016cfb68-b9ca-47e6-aef2-966861d71523;411.07;0.242;BUY
2016-03-21T01:18:02.693000;2016-03-21T01:18:02.770000;a6b3b859-5623-48a2-9dfa-9ff0f33b7b0f;411.07;0.242;BUY
2016-03-21T01:18:02.693000;2016-03-21T01:18:02.770000;2d4dd003-fcb4-4b4e-94e2-de6656bf3b7f;411.07;0.242;BUY
2016-03-21T01:18:02.693000;2016-03-21T01:18:02.770000;9e850970-0876-4270-8725-5b3f0519ec19;411.07;0.242;BUY
2016-03-21T01:18:02.693000;2016-03-21T01:18:02.770000;6f30e798-19f1-47cb-84e1-b7412fdb39f9;411.07;0.089;BUY
2016-03-21T01:18:02.693000;2016-03-21T01:18:02.783000;ab76b9a1-d113-425e-a56b-37b66d0e2737;411.09;0.26675;BUY
2016-03-21T01:18:37.653000;2016-03-21T01:18:37.690000;24833961-f34e-4ef7-95b0-3eafdb858586;410.98;1.54982;BUY
2016-03-21T01:19:01.567000;2016-03-21T01:19:01.613000;19a867aa-57f7-4aa9-a9b9-34fc4d32a8a3;410.9;0.03;SELL
2016-03-21T01:19:01.567000;2016-03-21T01:19:01.613000;8ecc70ad-2143-4a35-9301-b3a259c89874;410.85;0.03;SELL
2016-03-21T01:19:01.567000;2016-03-21T01:19:01.613000;1cde3105-7039-41f1-94fd-ca480e33ea0c;410.81;0.25076;SELL
2016-03-21T01:19:25.607000;2016-03-21T01:19:25.643000;e6ff8044-9288-4c21-80df-ba172f3195f0;411.0;0.03;BUY
2016-03-21T01:19:25.610000;2016-03-21T01:19:25.643000;1f54f2f0-afc7-490d-95b2-6c605dd04195;411.0;0.164;BUY
