time_exchange;time_coinpai;guid;price;base_amount;taker_side
2016-01-16T00:00:00.000000;2016-01-16T00:00:00.000000;35afba8d-f0a1-4685-9605-818f462148e9;359.16;0.1;UNKNOWN
2016-01-16T00:00:01.000000;2016-01-16T00:00:01.000000;12995975-9aab-4010-a8f5-13efaf624a0d;360.44;3.0;UNKNOWN
2016-01-16T00:00:01.000000;2016-01-16T00:00:01.000000;4cda4e16-614f-4b90-b905-2e5291ddf09e;360.5;27.0;UNKNOWN
2016-01-16T00:00:01.000000;2016-01-16T00:00:01.000000;f9a24110-39ed-47f4-b5d4-991e7e496de6;360.89;0.1;UNKNOWN
2016-01-16T00:00:01.000000;2016-01-16T00:00:01.000000;ceed77a0-0b82-46a5-b7a5-3fe4bd27a7d6;359.99;0.5;UNKNOWN
2016-01-16T00:00:01.000000;2016-01-16T00:00:01.000000;a15b3e1b-1f20-4012-846d-cdc8a23c660d;359.98;6.7942;UNKNOWN
2016-01-16T00:00:01.000000;2016-01-16T00:00:01.000000;26547d68-c9cd-45d4-9e15-7e071a02d1f0;361.07;0.02;UNKNOWN
2016-01-16T00:00:01.000000;2016-01-16T00:00:01.000000;9bc3a9aa-36b6-4df1-978b-5eaeca2f310b;360.44;6.0;UNKNOWN
2016-01-16T00:00:01.000000;2016-01-16T00:00:01.000000;6329c70f-eb3d-4ee2-80e6-d8c5b1b80bf6;360.43;12.6;UNKNOWN
2016-01-16T00:00:01.000000;2016-01-16T00:00:01.000000;8f4d310f-b0ef-4d32-8477-9549ea4001c6;359.99;21.91;UNKNOWN
2016-01-16T00:00:01.000000;2016-01-16T00:00:01.000000;310fb8e5-0d0c-467d-8ee1-d0946bee1881;360.83;2.7927;UNKNOWN
2016-01-16T00:00:01.000000;2016-01-16T00:00:01.000000;c98c53e5-8ef5-494a-b8ce-ea5f644165bf;360.45;1.4;UNKNOWN
2016-01-16T00:00:01.000000;2016-01-16T00:00:01.000000;d69e0289-82c7-4125-b1a0-ae0a0fc219a5;361.0;0.01;UNKNOWN
2016-01-16T00:00:01.000000;2016-01-16T00:00:01.000000;5420fe16-7355-4094-b3ec-07cb643f84b4;361.57;2.0;UNKNOWN
2016-01-16T00:00:01.000000;2016-01-16T00:00:01.000000;53c755b2-e88c-4a31-91a6-a6d4925f80ee;361.07;36.3106;UNKNOWN
2016-01-16T00:00:01.000000;2016-01-16T00:00:01.000000;5689bc88-bb57-4f5a-9bb4-868b004ba774;361.25;0.05;UNKNOWN
2016-01-16T00:00:01.000000;2016-01-16T00:00:01.000000;d833aba7-adfc-4ec7-8ed9-d59457c46623;361.25;0.05;UNKNOWN
2016-01-16T00:00:01.000000;2016-01-16T00:00:01.000000;8af7d0cc-fa32-4bbc-87fe-f8f5b4f8a035;361.27;21.42387268;UNKNOWN
2016-01-16T00:00:01.000000;2016-01-16T00:00:01.000000;af33c3b5-e41f-4be5-ac5e-d3020540a437;361.58;16.32992732;UNKNOWN
2016-01-16T00:00:01.000000;2016-01-16T00:00:01.000000;0c28be72-fa33-4e43-a1bd-2773f515d544;361.26;1.01;UNKNOWN
2016-01-16T00:00:01.000000;2016-01-16T00:00:01.000000;2dfdb21f-a4da-4673-9ea1-95eefd6e2833;361.26;4.3;UNKNOWN
2016-01-16T00:00:01.000000;2016-01-16T00:00:01.000000;62489210-a0d5-4677-90e5-252b16d61501;361.26;36.3987;UNKNOWN
2016-01-16T00:00:03.000000;2016-01-16T00:00:03.000000;5312fb46-df09-441f-848a-f5ddfe3891b9;359.16;1.24832778;UNKNOWN
2016-01-16T00:00:03.000000;2016-01-16T00:00:03.000000;1df2c7b4-74bd-4e14-86cc-921f595aff76;359.17;0.06;UNKNOWN
2016-01-16T00:00:03.000000;2016-01-16T00:00:03.000000;7faf9d08-b362-4db5-9a91-ae11a68f0d04;359.03;1.6;UNKNOWN
2016-01-16T00:00:03.000000;2016-01-16T00:00:03.000000;455982e4-05dd-4192-abf6-95fcd1f8366b;359.03;0.06;UNKNOWN
2016-01-16T00:00:03.000000;2016-01-16T00:00:03.000000;df55aaa6-c639-4b3d-8fab-1859f321c2b2;359.01;1.76876478;UNKNOWN
2016-01-16T00:00:04.000000;2016-01-16T00:00:04.000000;cf029fac-2112-4396-a6c2-939442f75d76;359.01;2.13123522;UNKNOWN
2016-01-16T00:00:04.000000;2016-01-16T00:00:04.000000;d1e1ebc4-6b8b-4e09-925b-1011d752ab67;358.9;0.1;UNKNOWN
2016-01-16T00:00:04.000000;2016-01-16T00:00:04.000000;493dd7fd-ce96-4d0c-9628-14aa7082b6e2;359.0;8.56;UNKNOWN
2016-01-16T00:00:04.000000;2016-01-16T00:00:04.000000;503080d3-b7d2-4a11-8448-ffe8c0fb8342;359.01;3.27;UNKNOWN
2016-01-16T00:00:04.000000;2016-01-16T00:00:04.000000;bb4ba922-d077-435a-8a7a-2d610d77ebfd;359.02;0.7734952;UNKNOWN
2016-01-16T00:00:04.000000;2016-01-16T00:00:04.000000;01677262-1b37-44ee-acc8-a67ebca8fc68;358.53;2.46876478;UNKNOWN
2016-01-16T00:00:04.000000;2016-01-16T00:00:04.000000;d8a03d59-1f9f-4b34-a1a0-4e4a7ce2baf0;359.02;1.93918531;UNKNOWN
2016-01-16T00:00:04.000000;2016-01-16T00:00:04.000000;f82f69a0-95c1-401e-9767-c4e64bcfed59;358.87;5.47;UNKNOWN
2016-01-16T00:00:04.000000;2016-01-16T00:00:04.000000;e604d3fb-8d78-48cf-a340-a2ec9504fa35;359.02;2.00081469;UNKNOWN
2016-01-16T00:00:08.000000;2016-01-16T00:00:08.000000;e1ba907d-7b62-4d58-b7c7-0f3590fa8df0;359.02;0.06;UNKNOWN
2016-01-16T00:00:10.000000;2016-01-16T00:00:10.000000;18187810-f92d-4d7b-bfb5-ad4d88e8cc9d;359.02;0.34078484;UNKNOWN
2016-01-16T00:00:10.000000;2016-01-16T00:00:10.000000;89d00c56-ad94-43d8-b917-54119b27cee5;359.16;1.16127548;UNKNOWN
2016-01-16T00:00:10.000000;2016-01-16T00:00:10.000000;d991c647-9b31-4a80-8429-5c07c3b2e74f;359.97;0.19358774;UNKNOWN
2016-01-16T00:00:10.000000;2016-01-16T00:00:10.000000;69e3bef1-880f-4067-9417-0ead9bd7e84f;359.97;2.80641226;UNKNOWN
2016-01-16T00:00:10.000000;2016-01-16T00:00:10.000000;aad32d3a-0ee0-4377-8c1f-7bf6874429d0;359.99;1.4;UNKNOWN
2016-01-16T00:00:10.000000;2016-01-16T00:00:10.000000;b92d140e-fd77-4133-9a3d-e247c2339314;360.41;1.01;UNKNOWN
2016-01-16T00:00:10.000000;2016-01-16T00:00:10.000000;79ad5f26-c47f-4a1d-bd15-394a12e5bb8f;360.45;0.3;UNKNOWN
2016-01-16T00:00:11.000000;2016-01-16T00:00:11.000000;d7479a81-e9cb-47a0-bc92-317fe6c6cca7;360.88;29.5414;UNKNOWN
2016-01-16T00:00:11.000000;2016-01-16T00:00:11.000000;0f173805-dec3-498b-ab33-4116e94feab9;360.45;6.16241274;UNKNOWN
2016-01-16T00:00:11.000000;2016-01-16T00:00:11.000000;1608e696-0367-4c6d-aa7b-da5e0553c6af;360.45;5.96087604;UNKNOWN
2016-01-16T00:00:11.000000;2016-01-16T00:00:11.000000;9d2fe8e3-6e03-4752-bfc2-58ea4eb2ded8;360.45;4.86867955;UNKNOWN
2016-01-16T00:00:11.000000;2016-01-16T00:00:11.000000;4813a9d1-c298-481b-96db-68f4d50d4cfd;361.04;80.54402332;UNKNOWN
2016-01-16T00:00:11.000000;2016-01-16T00:00:11.000000;0c2a6760-2918-48ea-8c71-f418e0989ef2;360.82;3.0;UNKNOWN
2016-01-16T00:00:11.000000;2016-01-16T00:00:11.000000;0e0db392-6cdd-4feb-a524-b2f96ba214c9;360.45;10.37319201;UNKNOWN
2016-01-16T00:00:11.000000;2016-01-16T00:00:11.000000;4b671375-c4eb-4174-a2c1-67529cc58971;360.45;9.09081634;UNKNOWN
2016-01-16T00:00:12.000000;2016-01-16T00:00:12.000000;23ca3194-547c-4fb1-b9f6-387398cc2250;361.25;17.06;UNKNOWN
2016-01-16T00:00:12.000000;2016-01-16T00:00:12.000000;39f42b24-85aa-4d13-90d8-a6ab72e2c22c;360.87;0.06;UNKNOWN
2016-01-16T00:00:12.000000;2016-01-16T00:00:12.000000;59493492-86f7-4a9d-acfc-a19e558d5767;361.69;0.2136;UNKNOWN
2016-01-16T00:00:12.000000;2016-01-16T00:00:12.000000;7342957c-0e0b-4b64-93d0-a491d4e1f369;361.06;2.94;UNKNOWN
2016-01-16T00:00:12.000000;2016-01-16T00:00:12.000000;1ccc2662-e04a-48c5-9287-dcdc989777c4;361.57;12.6;UNKNOWN
2016-01-16T00:00:12.000000;2016-01-16T00:00:12.000000;c6271b72-e64d-4727-b0a8-cfe84224ec5f;362.0;8.0;UNKNOWN
2016-01-16T00:00:12.000000;2016-01-16T00:00:12.000000;7518e13b-185f-4c41-8473-7d384c4402ea;362.04;0.0448325;UNKNOWN
2016-01-16T00:00:12.000000;2016-01-16T00:00:12.000000;a9e2611d-05ea-4051-8d7c-a08e9208b163;361.84;0.05;UNKNOWN
2016-01-16T00:00:14.000000;2016-01-16T00:00:14.000000;d055a3a1-04b7-4d82-89ff-a5de39e70a83;360.79;2.0;UNKNOWN
2016-01-16T00:00:14.000000;2016-01-16T00:00:14.000000;76f1bfcd-d711-48ee-922d-99566d0ce36a;360.5;3.0;UNKNOWN
2016-01-16T00:00:14.000000;2016-01-16T00:00:14.000000;b5f500ed-2ae1-4804-b377-31f7d8180b65;360.5;4.86177426;UNKNOWN
2016-01-16T00:00:15.000000;2016-01-16T00:00:15.000000;75dadc96-773a-46c2-9cd2-7e40abb95ccb;360.5;35.93794769;UNKNOWN
2016-01-16T00:00:15.000000;2016-01-16T00:00:15.000000;17067ba2-d233-42ce-b363-61a935a14a58;360.5;25.04760702;UNKNOWN
2016-01-16T00:00:15.000000;2016-01-16T00:00:15.000000;d35e911f-3399-489b-88cf-b8f704cc7f63;360.5;4.06205231;UNKNOWN
2016-01-16T00:00:18.000000;2016-01-16T00:00:18.000000;a28308f8-9643-4985-b8ac-568830968fc7;360.5;9.65;UNKNOWN
2016-01-16T00:00:18.000000;2016-01-16T00:00:18.000000;39567742-870a-4dec-b947-8018d25c27bd;360.79;0.06;UNKNOWN
2016-01-16T00:00:21.000000;2016-01-16T00:00:21.000000;ae80f8d5-4d59-48b0-9189-0cc9df386856;360.5;5.32974449;UNKNOWN
2016-01-16T00:00:21.000000;2016-01-16T00:00:21.000000;dda15494-3233-405c-bf2a-d6b485b1bf75;360.78;3.0;UNKNOWN
2016-01-16T00:00:21.000000;2016-01-16T00:00:21.000000;bb09dc68-811c-4b4e-8dca-2a3c159ff384;360.5;0.02805587;UNKNOWN
2016-01-16T00:00:21.000000;2016-01-16T00:00:21.000000;3dcdbb5c-9a8b-41cb-a444-a1132c0db9d3;362.03;6.8219;UNKNOWN
2016-01-16T00:00:21.000000;2016-01-16T00:00:21.000000;dae16887-8f11-4d73-916b-a24b9f6a73af;362.06;3.1681;UNKNOWN
2016-01-16T00:00:21.000000;2016-01-16T00:00:21.000000;a9928d72-0b00-4e01-b670-71561bf6fb44;362.06;2.53251653;UNKNOWN
2016-01-16T00:00:21.000000;2016-01-16T00:00:21.000000;0b03bcab-fd54-46cc-85cb-d65ea3fadeb5;360.5;2.87835691;UNKNOWN
2016-01-16T00:00:21.000000;2016-01-16T00:00:21.000000;b612e78d-f161-4a3d-b373-c1682368d0c7;362.04;3.4851675;UNKNOWN
2016-01-16T00:00:21.000000;2016-01-16T00:00:21.000000;e4a0b4f3-95d6-4586-978e-8eccba930c0f;360.5;1.0;UNKNOWN
2016-01-16T00:00:22.000000;2016-01-16T00:00:22.000000;9fa87efe-b34c-4f71-ad39-e5399be31038;360.51;2.2;UNKNOWN
2016-01-16T00:00:22.000000;2016-01-16T00:00:22.000000;d35aae43-4476-4d0e-9125-81a0f929fbc6;360.5;12.3;UNKNOWN
2016-01-16T00:00:22.000000;2016-01-16T00:00:22.000000;d0edfcf5-f257-4948-9bf2-071b53484563;362.06;0.01;UNKNOWN
2016-01-16T00:00:22.000000;2016-01-16T00:00:22.000000;ea388775-56c1-493d-9fc0-edf8a676f61b;360.51;0.5;UNKNOWN
2016-01-16T00:00:22.000000;2016-01-16T00:00:22.000000;0fe5b984-b53b-440a-8b86-7c7822ec6db4;360.51;0.8;UNKNOWN
2016-01-16T00:00:23.000000;2016-01-16T00:00:23.000000;e05af59f-7e8e-4c74-b3e2-f1cdf85e508a;362.06;9.3219;UNKNOWN
2016-01-16T00:00:23.000000;2016-01-16T00:00:23.000000;4d2c6c80-33b5-46b5-9a0b-8782d318315c;362.27;1.0;UNKNOWN
2016-01-16T00:00:23.000000;2016-01-16T00:00:23.000000;5c7888f9-8138-4c7b-9490-59649c941a14;362.03;3.0;UNKNOWN
2016-01-16T00:00:23.000000;2016-01-16T00:00:23.000000;7b147e5c-f5b0-4bd4-aebe-018de302e567;362.43;0.1;UNKNOWN
2016-01-16T00:00:23.000000;2016-01-16T00:00:23.000000;656b5e0c-6b41-4255-9739-1b230fff917e;362.4;0.02;UNKNOWN
2016-01-16T00:00:23.000000;2016-01-16T00:00:23.000000;0e4b8900-bd9a-43ed-81e2-a33974f49e4d;362.37;1.0;UNKNOWN
2016-01-16T00:00:23.000000;2016-01-16T00:00:23.000000;3758661a-b12a-4e69-bea9-3815e70da0b3;362.09;0.073937;UNKNOWN
2016-01-16T00:00:23.000000;2016-01-16T00:00:23.000000;418d35b5-472b-478a-bd5b-504140f57ae6;362.38;19.49605739;UNKNOWN
2016-01-16T00:00:23.000000;2016-01-16T00:00:23.000000;eb97765e-04ac-4c7a-8be5-8f05bf1d193c;362.59;15.98810561;UNKNOWN
2016-01-16T00:00:23.000000;2016-01-16T00:00:23.000000;67b05b6f-2cdb-4118-843a-aeb6ddbff1f4;360.5;10.0;UNKNOWN
2016-01-16T00:00:27.000000;2016-01-16T00:00:27.000000;8e8afe93-635f-4e68-9e70-a0b93f8a1d26;362.66;3.51659;UNKNOWN
2016-01-16T00:00:27.000000;2016-01-16T00:00:27.000000;56d81e7b-d1d8-466c-8bbe-6a75792c404f;360.78;0.06;UNKNOWN
2016-01-16T00:00:27.000000;2016-01-16T00:00:27.000000;835cd909-2139-4e17-ac1e-314b2d89449d;362.03;0.5;UNKNOWN
2016-01-16T00:00:27.000000;2016-01-16T00:00:27.000000;64f34125-19a3-40d3-bb8a-df6bc0b9fabf;360.82;14.24;UNKNOWN
2016-01-16T00:00:27.000000;2016-01-16T00:00:27.000000;70fac101-a838-4b33-8d8d-788a72488be9;362.59;7.87582354;UNKNOWN
2016-01-16T00:00:27.000000;2016-01-16T00:00:27.000000;c30e9dc2-7b02-40a8-8792-9f1bd753301f;362.58;0.34417646;UNKNOWN
2016-01-16T00:00:27.000000;2016-01-16T00:00:27.000000;4ebbda12-b526-4613-bfaf-aec6ccd46912;360.51;35.0;UNKNOWN
2016-01-16T00:00:27.000000;2016-01-16T00:00:27.000000;3c6909f3-d076-45e1-9730-4ac1199ef6f7;361.99;0.5;UNKNOWN
2016-01-16T00:00:27.000000;2016-01-16T00:00:27.000000;7c3b3b8a-eab4-4a9c-bdd4-4947156d18d2;361.57;5.76;UNKNOWN
2016-01-16T00:00:27.000000;2016-01-16T00:00:27.000000;52e8c54d-1e46-454d-b41d-7ba99d6c5435;362.66;3.92341;UNKNOWN
2016-01-16T00:00:27.000000;2016-01-16T00:00:27.000000;10a7426e-ec63-467e-a7cf-0022a42d7fe3;360.79;0.09368872;UNKNOWN
2016-01-16T00:00:27.000000;2016-01-16T00:00:27.000000;5004f1a2-fbcb-45d6-a4cf-5f9e8847ca6a;362.03;10.98;UNKNOWN
2016-01-16T00:00:27.000000;2016-01-16T00:00:27.000000;3af481e5-008d-40dd-8c88-2a0fc6155308;361.19;0.3;UNKNOWN
2016-01-16T00:00:27.000000;2016-01-16T00:00:27.000000;96eed530-6bec-49d1-aa3a-2ed19f6302ab;362.05;6.0;UNKNOWN
2016-01-16T00:00:28.000000;2016-01-16T00:00:28.000000;adc74631-f991-4c0e-87af-4bb141fb17e6;360.8;0.90631128;UNKNOWN
2016-01-16T00:00:28.000000;2016-01-16T00:00:28.000000;8f532d78-ce32-469a-9e5c-4d6dbbcb648a;360.51;10.0;UNKNOWN
2016-01-16T00:00:31.000000;2016-01-16T00:00:31.000000;5e07e633-7c78-4896-b450-58999cffb39e;360.5;5.85178309;UNKNOWN
2016-01-16T00:00:31.000000;2016-01-16T00:00:31.000000;8540a446-4530-4acf-b922-4bf22ea2c60a;360.5;1.0;UNKNOWN
2016-01-16T00:00:31.000000;2016-01-16T00:00:31.000000;31373ddf-3888-4f5a-9aa3-3c6197a7be94;360.5;10.53821691;UNKNOWN
2016-01-16T00:00:32.000000;2016-01-16T00:00:32.000000;c0cd47f4-2844-45c2-b25f-1dc77f827b60;362.02;0.5;UNKNOWN
2016-01-16T00:00:32.000000;2016-01-16T00:00:32.000000;07e3fafa-f075-4da1-afa4-67c0fae1b1fd;362.05;1.4;UNKNOWN
2016-01-16T00:00:32.000000;2016-01-16T00:00:32.000000;d76ccdda-47b1-4727-9783-2602c775af4e;362.05;0.06;UNKNOWN
2016-01-16T00:00:34.000000;2016-01-16T00:00:34.000000;b264eded-a43d-4600-bf9d-2343a255ba5a;362.05;0.19465008;UNKNOWN
2016-01-16T00:00:35.000000;2016-01-16T00:00:35.000000;8b5d2d98-7a76-42a7-99a2-94a784f9c1ac;362.05;2.13;UNKNOWN
2016-01-16T00:00:37.000000;2016-01-16T00:00:37.000000;da3445f2-b1b6-4971-afbe-505a9a9ca50c;362.05;0.06;UNKNOWN
2016-01-16T00:00:37.000000;2016-01-16T00:00:37.000000;b4766d2f-7591-4242-8af3-e5a6ed971538;362.06;1.0;UNKNOWN
2016-01-16T00:00:41.000000;2016-01-16T00:00:41.000000;41f2f6e8-2799-4a2a-aae1-03b1f9660ac2;360.51;0.35457148;UNKNOWN
2016-01-16T00:00:41.000000;2016-01-16T00:00:41.000000;1651488d-4243-4afc-a1b2-d69a222b8c69;360.5;9.59542852;UNKNOWN
2016-01-16T00:00:41.000000;2016-01-16T00:00:41.000000;f90014cc-6987-4404-8f73-dd6d92092f74;360.59;0.05;UNKNOWN
2016-01-16T00:00:42.000000;2016-01-16T00:00:42.000000;fe70aeb1-27d3-4ad0-856d-a982b58a0b4c;360.51;1.4;UNKNOWN
2016-01-16T00:00:42.000000;2016-01-16T00:00:42.000000;eec2d7af-0a50-4fcf-a944-4524dd94054a;360.51;0.07719722;UNKNOWN
2016-01-16T00:00:43.000000;2016-01-16T00:00:43.000000;cff492cc-8d64-4e1e-bdd1-e45ad4d80301;362.1;1.3;UNKNOWN
2016-01-16T00:00:43.000000;2016-01-16T00:00:43.000000;37e4fc24-df23-4aee-a1bc-a178cd0cc3d0;362.1;2.0;UNKNOWN
2016-01-16T00:00:43.000000;2016-01-16T00:00:43.000000;0be908d0-efc0-4b39-9a4b-d1d41fd557b7;362.1;19.7;UNKNOWN
2016-01-16T00:00:43.000000;2016-01-16T00:00:43.000000;dd00ceba-8224-454d-9760-0a19e4f01cce;362.07;0.3;UNKNOWN
2016-01-16T00:00:44.000000;2016-01-16T00:00:44.000000;38ef6c51-08bc-4cdf-baf0-f6bbda0e4ec1;361.68;0.2;UNKNOWN
2016-01-16T00:00:48.000000;2016-01-16T00:00:48.000000;531bccb5-bcde-4854-b6af-642b915870f5;361.68;25.83368872;UNKNOWN
2016-01-16T00:00:48.000000;2016-01-16T00:00:48.000000;ac1deb19-8cb3-421d-8052-b498adc87d2b;360.52;0.0938477;UNKNOWN
2016-01-16T00:00:49.000000;2016-01-16T00:00:49.000000;7f89464e-7f5e-406a-a1a6-e3d2e5f2badc;362.07;0.3;UNKNOWN
2016-01-16T00:00:50.000000;2016-01-16T00:00:50.000000;6f88a689-75c8-4fe7-8a11-9d33d9d6bf00;362.08;0.5;UNKNOWN
2016-01-16T00:00:50.000000;2016-01-16T00:00:50.000000;25107412-1285-4841-932b-fa6818aacb28;362.09;13.5;UNKNOWN
2016-01-16T00:00:50.000000;2016-01-16T00:00:50.000000;7df9ecdb-e988-4f09-93ed-55b99d88831e;362.09;6.0;UNKNOWN
2016-01-16T00:00:53.000000;2016-01-16T00:00:53.000000;a43c6a72-86c5-4526-a355-a1ed6799bbfb;361.67;0.106;UNKNOWN
2016-01-16T00:01:03.000000;2016-01-16T00:01:03.000000;dc10ef59-cd96-4a53-b7b5-703a1e6a1387;361.53;0.144;UNKNOWN
2016-01-16T00:01:04.000000;2016-01-16T00:01:04.000000;4437ea2c-fd39-4456-919d-061da03cbfb2;360.75;1.4;UNKNOWN
2016-01-16T00:01:05.000000;2016-01-16T00:01:05.000000;700a1524-f3f8-4668-999b-8e9b92a21de3;360.55;0.19;UNKNOWN
2016-01-16T00:01:05.000000;2016-01-16T00:01:05.000000;7a04b260-a177-4a5e-8ae0-b939b5be55ee;360.54;0.7273;UNKNOWN
2016-01-16T00:01:05.000000;2016-01-16T00:01:05.000000;6fac17f6-f3c5-4e9f-902f-9e118112f1af;360.75;8.6;UNKNOWN
2016-01-16T00:01:05.000000;2016-01-16T00:01:05.000000;cfb0662e-43a6-4e79-acd7-4aceed2b2c00;360.55;0.5;UNKNOWN
2016-01-16T00:01:05.000000;2016-01-16T00:01:05.000000;d2a2abdc-04f8-4b87-9c1e-7569fe9f4076;360.55;0.06;UNKNOWN
2016-01-16T00:01:05.000000;2016-01-16T00:01:05.000000;8d2fd0dc-af3b-448a-a600-ccb60fe27e67;360.69;21.86;UNKNOWN
2016-01-16T00:01:05.000000;2016-01-16T00:01:05.000000;47c530db-1cb4-49e0-bd8d-73867e0a4261;360.67;68.0627;UNKNOWN
2016-01-16T00:01:07.000000;2016-01-16T00:01:07.000000;5404c7fe-7e96-41ee-9e81-fa7f3d266ab0;360.54;2.0;UNKNOWN
2016-01-16T00:01:08.000000;2016-01-16T00:01:08.000000;4ceb8b48-1b37-4fed-931e-c8a94e1e0626;361.53;0.21;UNKNOWN
2016-01-16T00:01:12.000000;2016-01-16T00:01:12.000000;f0ae257d-ec80-47f1-9486-3edc7545b1fc;360.54;2.0;UNKNOWN
2016-01-16T00:01:12.000000;2016-01-16T00:01:12.000000;f80e2863-59c5-461c-a4bb-d6d165a5f84b;360.55;3.0;UNKNOWN
2016-01-16T00:01:12.000000;2016-01-16T00:01:12.000000;4b81a2e8-e43e-4539-a936-13cc057931d4;360.55;0.5;UNKNOWN
2016-01-16T00:01:12.000000;2016-01-16T00:01:12.000000;48d5339d-cbef-4bc7-a645-072e3a8b4e1a;360.54;1.5;UNKNOWN
2016-01-16T00:01:13.000000;2016-01-16T00:01:13.000000;12474654-ddd7-4276-b1b4-e24638b33fcc;361.52;5.0;UNKNOWN
2016-01-16T00:01:13.000000;2016-01-16T00:01:13.000000;ce8ff27e-5dda-4242-89e9-70c62734819e;361.51;35.0;UNKNOWN
2016-01-16T00:01:14.000000;2016-01-16T00:01:14.000000;814c1d80-d223-4e7b-95c0-d9af1582aa53;361.53;1.0254;UNKNOWN
2016-01-16T00:01:14.000000;2016-01-16T00:01:14.000000;0ff6aecf-bf68-489c-a68a-808f2092b835;360.6;0.13701274;UNKNOWN
2016-01-16T00:01:14.000000;2016-01-16T00:01:14.000000;d3958f6a-34e5-4b0d-b2f4-6d1a882f332f;361.52;1.8546;UNKNOWN
2016-01-16T00:01:14.000000;2016-01-16T00:01:14.000000;fe94ad57-eefd-4636-b34c-4883426bccf4;360.67;5.0;UNKNOWN
2016-01-16T00:01:17.000000;2016-01-16T00:01:17.000000;0ec7f57e-495a-45b6-b1a1-12bb377bb9d1;361.53;1.39;UNKNOWN
2016-01-16T00:01:17.000000;2016-01-16T00:01:17.000000;e3d045e5-8602-47e6-a9f4-3be68a1a5fae;361.58;0.36;UNKNOWN
2016-01-16T00:01:22.000000;2016-01-16T00:01:22.000000;6bfea19b-5c5e-45ff-8df0-6e682c36e890;361.99;17.34;UNKNOWN
2016-01-16T00:01:22.000000;2016-01-16T00:01:22.000000;fbd3b21a-9e47-4ed2-b0c0-62d1f574e622;361.99;32.66;UNKNOWN
2016-01-16T00:01:23.000000;2016-01-16T00:01:23.000000;f25dbd01-2bfc-4a9c-8022-7d728e0dd59d;361.99;1.0;UNKNOWN
2016-01-16T00:01:24.000000;2016-01-16T00:01:24.000000;0359608e-5f31-40ef-8a2f-a00558e4b982;361.51;0.209;UNKNOWN
2016-01-16T00:01:24.000000;2016-01-16T00:01:24.000000;080de38a-5fe9-43fc-988d-7b27d1aa7610;360.62;1.791;UNKNOWN
2016-01-16T00:01:29.000000;2016-01-16T00:01:29.000000;eead4e6f-d147-47b1-b251-1d656f2bd4c3;361.98;0.5;UNKNOWN
2016-01-16T00:01:29.000000;2016-01-16T00:01:29.000000;daef9c29-0eea-43cf-8dbe-907dd661cd1f;362.0;1.0;UNKNOWN
2016-01-16T00:01:29.000000;2016-01-16T00:01:29.000000;5ef9e442-b156-4da0-9b43-cfb745e225cf;361.99;1.2265;UNKNOWN
2016-01-16T00:01:29.000000;2016-01-16T00:01:29.000000;38a66e4a-a278-4b00-bf2f-81995398158c;362.0;0.25;UNKNOWN
2016-01-16T00:01:29.000000;2016-01-16T00:01:29.000000;402b312d-062b-4eb3-ad3c-1b706b4bca74;361.98;0.17;UNKNOWN
2016-01-16T00:01:29.000000;2016-01-16T00:01:29.000000;b9ef3a25-a999-4e56-bbca-c4098331d2bc;361.99;0.1635;UNKNOWN
2016-01-16T00:01:31.000000;2016-01-16T00:01:31.000000;c2a6a61d-7f94-4275-a4f4-40958cd1f91d;362.0;6.8718;UNKNOWN
2016-01-16T00:01:32.000000;2016-01-16T00:01:32.000000;0f43ade8-0c67-4017-8a79-3907c5b66943;362.0;3.0;UNKNOWN
2016-01-16T00:01:32.000000;2016-01-16T00:01:32.000000;30f008c5-6a39-4913-9e39-c6a42199d98d;362.0;3.5;UNKNOWN
2016-01-16T00:01:40.000000;2016-01-16T00:01:40.000000;6cca962d-846b-4a4d-86af-a18dff8c425a;362.58;36.8877;UNKNOWN
2016-01-16T00:01:40.000000;2016-01-16T00:01:40.000000;4853ea5b-dc98-489b-b694-64835f9c7361;362.55;0.04;UNKNOWN
2016-01-16T00:01:40.000000;2016-01-16T00:01:40.000000;cc0eff3b-4cdd-4fce-9395-c811c1ea2746;362.56;0.05;UNKNOWN
2016-01-16T00:01:40.000000;2016-01-16T00:01:40.000000;b765941e-3f82-4d86-92a7-8e78e4d14841;362.66;8.447404;UNKNOWN
2016-01-16T00:01:40.000000;2016-01-16T00:01:40.000000;61d455a5-5f25-4929-9f03-7a3d0630b1f0;362.01;0.01;UNKNOWN
2016-01-16T00:01:40.000000;2016-01-16T00:01:40.000000;d0aeb254-4bee-4fbe-848b-10d4ca3322c3;362.32;0.074896;UNKNOWN
2016-01-16T00:01:40.000000;2016-01-16T00:01:40.000000;5ebab6c0-bf07-490a-ad27-a5be4f50b167;362.07;3.5;UNKNOWN
2016-01-16T00:01:40.000000;2016-01-16T00:01:40.000000;ead9d821-83fe-4ea0-a018-1282d4c4c9a2;362.28;1.0;UNKNOWN
2016-01-16T00:01:41.000000;2016-01-16T00:01:41.000000;3fa851e0-e668-4263-8ada-957b27eced5b;362.01;0.05;UNKNOWN
2016-01-16T00:01:41.000000;2016-01-16T00:01:41.000000;93e3278d-545e-4753-a619-dbc56b8bac07;362.0;14.95;UNKNOWN
2016-01-16T00:01:41.000000;2016-01-16T00:01:41.000000;7801ac66-fe01-49c5-808d-39be59b565ed;362.66;5.59064084;UNKNOWN
2016-01-16T00:01:48.000000;2016-01-16T00:01:48.000000;2f9da005-01e8-4104-a6c8-5ac1e176b2a2;362.57;0.01144394;UNKNOWN
2016-01-16T00:01:49.000000;2016-01-16T00:01:49.000000;6c1481e7-abd3-4e06-82c6-5483c8422a2d;362.99;0.05;UNKNOWN
2016-01-16T00:01:49.000000;2016-01-16T00:01:49.000000;cc3d0281-05bc-4590-b078-5be0a1c46ec6;363.0;22.23835722;UNKNOWN
2016-01-16T00:01:49.000000;2016-01-16T00:01:49.000000;01f9d24e-1786-47df-95bd-933b148c76b7;363.1;10.68328672;UNKNOWN
2016-01-16T00:01:49.000000;2016-01-16T00:01:49.000000;4b5997ed-2bec-4e47-84b9-a9ce242584f1;362.8;1.0;UNKNOWN
2016-01-16T00:01:49.000000;2016-01-16T00:01:49.000000;5bb9829b-3f8f-4344-b96a-1a2580c257c5;362.57;34.34255606;UNKNOWN
2016-01-16T00:01:49.000000;2016-01-16T00:01:49.000000;34053943-c2a2-49d4-b3be-4d58fc2ce226;362.67;1.0;UNKNOWN
2016-01-16T00:01:49.000000;2016-01-16T00:01:49.000000;a985f100-d0d7-49c0-9444-db3020cada93;362.8;13.65744394;UNKNOWN
2016-01-16T00:01:49.000000;2016-01-16T00:01:49.000000;be241d74-37f2-409d-b79f-efeb7f5f8092;362.8;17.02835606;UNKNOWN
2016-01-16T00:01:52.000000;2016-01-16T00:01:52.000000;7fc77f60-d68f-42dc-8ec8-f46da5f8d75a;362.57;1.39;UNKNOWN
2016-01-16T00:01:54.000000;2016-01-16T00:01:54.000000;1bbbd2c4-191d-4558-bdd6-85edb1625288;363.1;4.0;UNKNOWN
2016-01-16T00:01:54.000000;2016-01-16T00:01:54.000000;2500d9d6-7152-4493-b364-fcf0b973672f;363.1;0.03;UNKNOWN
2016-01-16T00:01:56.000000;2016-01-16T00:01:56.000000;22016af1-69bd-47e4-ab89-14351884e542;363.55;0.04018751;UNKNOWN
2016-01-16T00:01:59.000000;2016-01-16T00:01:59.000000;d2fcac21-a8fd-4c13-a9f2-01c345976325;363.75;0.05;UNKNOWN
2016-01-16T00:01:59.000000;2016-01-16T00:01:59.000000;de3aab77-daec-4c36-b63d-7ae6bad3280d;364.0;10.0;UNKNOWN
2016-01-16T00:01:59.000000;2016-01-16T00:01:59.000000;ba69ee55-e5cf-4bf7-9e53-86fbe834aa0f;363.93;0.2766056;UNKNOWN
2016-01-16T00:01:59.000000;2016-01-16T00:01:59.000000;c2d28fe0-f82b-4ed2-bb10-87e1958b2151;363.83;0.05;UNKNOWN
2016-01-16T00:01:59.000000;2016-01-16T00:01:59.000000;655554ea-fecd-40d8-8c9f-8c6f0941d6b4;363.83;0.05;UNKNOWN
2016-01-16T00:01:59.000000;2016-01-16T00:01:59.000000;4a6ebb72-22de-4c73-810f-a2d74395bd39;364.09;21.86358191;UNKNOWN
2016-01-16T00:01:59.000000;2016-01-16T00:01:59.000000;7f548230-62cb-4a48-a7bf-cdb954f16a9e;364.0;2.0;UNKNOWN
2016-01-16T00:01:59.000000;2016-01-16T00:01:59.000000;26fbb37d-d6c9-47e9-a6d0-43578f6cc3f5;363.75;0.05;UNKNOWN
2016-01-16T00:01:59.000000;2016-01-16T00:01:59.000000;c071c730-924c-4ab1-b8fb-fdfe649e9384;363.75;0.05;UNKNOWN
2016-01-16T00:01:59.000000;2016-01-16T00:01:59.000000;0b429a6f-9fcd-402f-a3e7-4b290cf81ee3;363.55;2.95981249;UNKNOWN
2016-01-16T00:01:59.000000;2016-01-16T00:01:59.000000;4f13af0b-de1f-4d1e-aeb6-7d88d80013cb;363.84;12.6;UNKNOWN
2016-01-16T00:01:59.000000;2016-01-16T00:01:59.000000;cfaea3ef-35cd-4c64-a9d2-ed9f21297373;363.75;0.05;UNKNOWN
2016-01-16T00:02:00.000000;2016-01-16T00:02:00.000000;2aabfff8-9088-4867-874d-28b58fe8cf11;363.0;1.0;UNKNOWN
2016-01-16T00:02:02.000000;2016-01-16T00:02:02.000000;e08f0fba-8a8b-4b28-9755-b964640c5388;364.09;13.78491178;UNKNOWN
2016-01-16T00:02:04.000000;2016-01-16T00:02:04.000000;2428a6e8-288f-4770-aa0c-b1a6d5ee0f3b;364.58;16.52;UNKNOWN
2016-01-16T00:02:04.000000;2016-01-16T00:02:04.000000;8f31b3cc-e35d-4612-b561-3ee0738485b3;364.64;18.0938;UNKNOWN
2016-01-16T00:02:04.000000;2016-01-16T00:02:04.000000;533ef217-8894-401d-94c8-bcdca9efbf33;364.56;35.0;UNKNOWN
2016-01-16T00:02:04.000000;2016-01-16T00:02:04.000000;3ade152c-5d7e-4b58-9c55-8b90e68285ef;364.59;36.2189;UNKNOWN
2016-01-16T00:02:04.000000;2016-01-16T00:02:04.000000;30c71c5a-6a15-4787-aed5-3b1f49d3f8f6;364.21;30.1673;UNKNOWN
2016-01-16T00:02:05.000000;2016-01-16T00:02:05.000000;0958ba79-491d-4d68-b9ce-9795540db1bb;363.02;0.94;UNKNOWN
2016-01-16T00:02:05.000000;2016-01-16T00:02:05.000000;8c7b8cfd-ed81-4588-b480-ff9051414614;363.03;0.06;UNKNOWN
2016-01-16T00:02:14.000000;2016-01-16T00:02:14.000000;21d470bf-c508-4083-984b-6db1395ed118;364.0;0.996;UNKNOWN
2016-01-16T00:02:14.000000;2016-01-16T00:02:14.000000;6e287020-3fb3-4f6f-88f5-7e15605ef49f;364.21;3.15;UNKNOWN
2016-01-16T00:02:14.000000;2016-01-16T00:02:14.000000;0c552f5c-3ae2-48c4-901a-153516424187;364.6;8.979674;UNKNOWN
2016-01-16T00:02:14.000000;2016-01-16T00:02:14.000000;fadd5de6-9063-4774-a38b-3fb1524e710e;364.2;36.7999;UNKNOWN
2016-01-16T00:02:14.000000;2016-01-16T00:02:14.000000;aa75f547-0a96-417e-ba60-37090c60fe82;364.17;0.074426;UNKNOWN
2016-01-16T00:02:15.000000;2016-01-16T00:02:15.000000;a289d69f-050a-487b-8af5-a9b9d537daa3;364.6;0.06;UNKNOWN
2016-01-16T00:02:21.000000;2016-01-16T00:02:21.000000;7ee094fd-692d-40f9-97c6-eb0464098f6e;364.99;4.357;UNKNOWN
2016-01-16T00:02:21.000000;2016-01-16T00:02:21.000000;ed03ddf9-cb2c-4329-a2f0-5630bfc3da48;364.79;0.02;UNKNOWN
2016-01-16T00:02:21.000000;2016-01-16T00:02:21.000000;ca1f76b4-21c5-4aa3-ae2f-3f323f0694f2;364.6;1.38;UNKNOWN
2016-01-16T00:02:21.000000;2016-01-16T00:02:21.000000;a6395605-9071-4760-ad19-a9421ba6e4fe;364.94;0.05;UNKNOWN
2016-01-16T00:02:21.000000;2016-01-16T00:02:21.000000;88028525-a608-4059-8033-629ce4a19bb4;364.63;0.06;UNKNOWN
2016-01-16T00:02:21.000000;2016-01-16T00:02:21.000000;41f33b9f-879c-45f6-a00d-e7efb65a2509;364.63;0.06;UNKNOWN
2016-01-16T00:02:21.000000;2016-01-16T00:02:21.000000;3bd7d6fa-eec8-4e73-803f-ef2ca70815de;364.77;12.5;UNKNOWN
2016-01-16T00:02:21.000000;2016-01-16T00:02:21.000000;bb576ebb-80b8-46e3-9cc2-242dd30ca174;363.31;0.063;UNKNOWN
2016-01-16T00:02:22.000000;2016-01-16T00:02:22.000000;c03c324f-7aac-465f-bfa8-ac3c792f1004;364.99;0.2647;UNKNOWN
2016-01-16T00:02:25.000000;2016-01-16T00:02:25.000000;19247a2a-9e86-4bea-8f39-00b0fd5d5384;365.0;9.5;UNKNOWN
2016-01-16T00:02:25.000000;2016-01-16T00:02:25.000000;aaf7123e-8cf0-4d5e-a925-d581bff3babc;365.0;0.5;UNKNOWN
2016-01-16T00:02:26.000000;2016-01-16T00:02:26.000000;6f913977-d9b1-4091-b71d-cc34534bff33;365.35;0.05;UNKNOWN
2016-01-16T00:02:26.000000;2016-01-16T00:02:26.000000;39252a78-b8d8-4940-9389-f72f54c5dfdf;365.1;15.4987;UNKNOWN
2016-01-16T00:02:26.000000;2016-01-16T00:02:26.000000;cc259765-091e-4b7f-8238-c9ba70846df2;365.1;21.5;UNKNOWN
2016-01-16T00:02:26.000000;2016-01-16T00:02:26.000000;d264abb5-d2a0-4adf-a3d2-69cf337ad434;365.0;3.0;UNKNOWN
2016-01-16T00:02:26.000000;2016-01-16T00:02:26.000000;7b24e607-7cda-409b-9b3c-f68b098bb034;365.0;0.5;UNKNOWN
2016-01-16T00:02:26.000000;2016-01-16T00:02:26.000000;283d50a1-6d5b-498d-83d1-a0d22f43ddce;365.3;0.313;UNKNOWN
2016-01-16T00:02:26.000000;2016-01-16T00:02:26.000000;0556da8b-0a67-45fc-a59c-3e79e55fe5c4;365.49;13.14739;UNKNOWN
2016-01-16T00:02:26.000000;2016-01-16T00:02:26.000000;c2da240f-1748-4302-a271-ac95f7087b39;365.29;14.4013;UNKNOWN
2016-01-16T00:02:28.000000;2016-01-16T00:02:28.000000;a45ede7e-76a8-4bc7-a357-aa701ed24185;365.5;5.68358925;UNKNOWN
2016-01-16T00:02:28.000000;2016-01-16T00:02:28.000000;c6eadd8a-c5aa-4bf8-a81d-3fdc1f29077b;365.5;0.06;UNKNOWN
2016-01-16T00:02:30.000000;2016-01-16T00:02:30.000000;202516bf-5968-4bfa-b67f-8825c2c63d9f;365.99;3.94;UNKNOWN
2016-01-16T00:02:30.000000;2016-01-16T00:02:30.000000;604a5155-53a0-49a1-888b-1d9990b2c89b;365.67;0.4995;UNKNOWN
2016-01-16T00:02:30.000000;2016-01-16T00:02:30.000000;0bc993ec-bf29-4604-9543-bfafa5ca9ff5;365.5;17.25641075;UNKNOWN
2016-01-16T00:02:30.000000;2016-01-16T00:02:30.000000;61cc9fb9-1109-4e60-9082-cc9f09abcd98;365.79;0.05;UNKNOWN
2016-01-16T00:02:30.000000;2016-01-16T00:02:30.000000;5999082c-705d-4431-8bd3-4f30b4c3d99c;366.0;5.0;UNKNOWN
2016-01-16T00:02:30.000000;2016-01-16T00:02:30.000000;6c1c7c1f-1b48-4665-8fe1-cdd2bc33cfbd;366.12;16.06;UNKNOWN
2016-01-16T00:02:30.000000;2016-01-16T00:02:30.000000;71f4b3af-b398-468d-aa6e-bd4a78c9ff8c;366.0;10.0;UNKNOWN
2016-01-16T00:02:30.000000;2016-01-16T00:02:30.000000;cdd3e8a1-6478-47ea-91fe-1cb9ce058336;366.13;17.19408925;UNKNOWN
2016-01-16T00:02:32.000000;2016-01-16T00:02:32.000000;14105863-2a99-4a75-8ea4-f21d7421e4c7;366.2;0.02;UNKNOWN
2016-01-16T00:02:32.000000;2016-01-16T00:02:32.000000;e917cef1-e01d-4920-a514-610ca4719d0c;366.28;0.08;UNKNOWN
2016-01-16T00:02:32.000000;2016-01-16T00:02:32.000000;b379819b-6e6a-4378-ab7c-fc55b894168b;364.82;0.732;UNKNOWN
2016-01-16T00:02:32.000000;2016-01-16T00:02:32.000000;24f0f108-77df-495a-82fc-dbf38b25c779;366.28;10.0;UNKNOWN
2016-01-16T00:02:33.000000;2016-01-16T00:02:33.000000;448efeca-ce60-4ec5-bffe-7ae269305400;366.28;1.92;UNKNOWN
2016-01-16T00:02:33.000000;2016-01-16T00:02:33.000000;3c5fe89d-775f-4a63-95f0-8c2e61369caf;366.39;3.17;UNKNOWN
2016-01-16T00:02:33.000000;2016-01-16T00:02:33.000000;19af1b84-4ae0-47ec-acee-180e4a4455ed;366.65;0.4;UNKNOWN
2016-01-16T00:02:33.000000;2016-01-16T00:02:33.000000;51b0edb9-6a73-46f5-b36c-7ed041d7809e;366.29;0.02;UNKNOWN
2016-01-16T00:02:33.000000;2016-01-16T00:02:33.000000;0ab880fe-660d-4fc0-ad6b-00da122c039e;366.65;4.3165;UNKNOWN
2016-01-16T00:02:33.000000;2016-01-16T00:02:33.000000;4f0549b7-906e-498f-9008-395fb05496d1;366.63;0.05;UNKNOWN
2016-01-16T00:02:33.000000;2016-01-16T00:02:33.000000;44c0ec93-e15e-44e1-9899-47233ac04640;366.45;1.0;UNKNOWN
2016-01-16T00:02:35.000000;2016-01-16T00:02:35.000000;03fb6a1e-180a-4096-a426-1bafdaa834b7;366.64;2.028;UNKNOWN
2016-01-16T00:02:35.000000;2016-01-16T00:02:35.000000;2139bc53-562b-48f8-970c-2f140af45612;366.64;12.0;UNKNOWN
2016-01-16T00:02:35.000000;2016-01-16T00:02:35.000000;ff286866-3cbc-43e7-8bd4-87e39253d9f7;366.33;0.01;UNKNOWN
2016-01-16T00:02:35.000000;2016-01-16T00:02:35.000000;77254fd0-9b1c-4a95-abc9-3af775effe8b;366.0;9.96;UNKNOWN
2016-01-16T00:02:35.000000;2016-01-16T00:02:35.000000;de335f44-c149-4412-bdf8-837bd4d3f467;365.89;1.002;UNKNOWN
2016-01-16T00:02:35.000000;2016-01-16T00:02:35.000000;7cc95c74-ee44-4356-9f34-fe8c004fae0b;364.82;0.08391426;UNKNOWN
2016-01-16T00:02:36.000000;2016-01-16T00:02:36.000000;bfb68908-4b16-4eae-849e-0ee40b53b91c;364.83;1.9699091;UNKNOWN
2016-01-16T00:02:36.000000;2016-01-16T00:02:36.000000;403b8c0d-b028-46b7-a8f3-fc813731e88b;364.83;0.09594977;UNKNOWN
2016-01-16T00:02:36.000000;2016-01-16T00:02:36.000000;e4b1b614-288b-43f5-816f-75945a5db50d;364.83;0.5;UNKNOWN
2016-01-16T00:02:36.000000;2016-01-16T00:02:36.000000;0013bd70-bf1d-4b19-8b7b-957115673805;364.83;3.0;UNKNOWN
2016-01-16T00:02:37.000000;2016-01-16T00:02:37.000000;6d4d6573-b399-46fd-897b-a2fdca22d1d8;366.14;33.3056;UNKNOWN
2016-01-16T00:02:37.000000;2016-01-16T00:02:37.000000;dbf2b8cf-7efb-4259-acd3-03d771613528;365.74;1.38;UNKNOWN
2016-01-16T00:02:37.000000;2016-01-16T00:02:37.000000;2c38a20c-9aa2-4a47-b49f-3a454da2b7bd;366.64;12.9144;UNKNOWN
2016-01-16T00:02:37.000000;2016-01-16T00:02:37.000000;f48f72fb-361c-4ed8-a736-96adccfa2d40;365.0;2.4;UNKNOWN
2016-01-16T00:02:37.000000;2016-01-16T00:02:37.000000;073d999a-35df-4a2f-aaf8-1ce8c5ec6233;364.83;0.0120353;UNKNOWN
2016-01-16T00:02:38.000000;2016-01-16T00:02:38.000000;48d67e5d-99bb-49dc-901c-6deda26d0141;364.83;0.03444928;UNKNOWN
2016-01-16T00:02:39.000000;2016-01-16T00:02:39.000000;5fbc88bb-aaa7-406a-a803-461e65c56d20;364.83;0.08391426;UNKNOWN
2016-01-16T00:02:39.000000;2016-01-16T00:02:39.000000;aa4e1d62-7da2-4152-82dd-3bf6219eccb7;366.13;2.02;UNKNOWN
2016-01-16T00:02:39.000000;2016-01-16T00:02:39.000000;7a713814-6988-49a1-89e8-95a74e9a8dfb;366.63;12.0;UNKNOWN
2016-01-16T00:02:40.000000;2016-01-16T00:02:40.000000;1efb4da6-3fbb-4ca6-8c5a-93fabfd0d693;364.84;0.01203537;UNKNOWN
2016-01-16T00:02:47.000000;2016-01-16T00:02:47.000000;18cc51d2-13ba-4640-be31-08bafd6a56e6;366.62;0.1;UNKNOWN
2016-01-16T00:02:48.000000;2016-01-16T00:02:48.000000;e94fbf22-8b74-45a8-afe4-17e9ac1e8e5e;366.62;0.10767517;UNKNOWN
2016-01-16T00:02:48.000000;2016-01-16T00:02:48.000000;55bcabb9-b5bb-4f97-bce3-6e31f9e9c390;366.62;0.53784875;UNKNOWN
2016-01-16T00:02:49.000000;2016-01-16T00:02:49.000000;2d7ae0f4-d191-4719-8545-62f1ba6770d8;366.62;0.01;UNKNOWN
2016-01-16T00:02:50.000000;2016-01-16T00:02:50.000000;81d7655d-1279-4cf3-b793-d920fe214b66;366.62;0.01;UNKNOWN
2016-01-16T00:02:50.000000;2016-01-16T00:02:50.000000;65fb9a97-74c4-4800-bb17-8cdec588026a;366.62;0.10767515;UNKNOWN
2016-01-16T00:02:51.000000;2016-01-16T00:02:51.000000;a553cfe4-c0af-4b27-a1d4-8c8e9f7e1c7f;366.62;0.01837751;UNKNOWN
2016-01-16T00:02:51.000000;2016-01-16T00:02:51.000000;438c1198-65fe-4e24-9ac4-19cae830e702;366.62;0.1;UNKNOWN
2016-01-16T00:02:52.000000;2016-01-16T00:02:52.000000;0b390080-fa8e-4dfd-a9da-701414458f74;366.63;0.06;UNKNOWN
2016-01-16T00:02:55.000000;2016-01-16T00:02:55.000000;4dbf0fda-90d0-4bcc-b6a1-809c53ade68f;365.55;0.03;UNKNOWN
2016-01-16T00:02:55.000000;2016-01-16T00:02:55.000000;b597324a-067f-4637-8245-ea43e0984b9b;366.62;0.1;UNKNOWN
2016-01-16T00:02:55.000000;2016-01-16T00:02:55.000000;a1a4ca98-bfcf-4b58-91b6-6afc1746f7d5;365.98;2.98;UNKNOWN
2016-01-16T00:02:55.000000;2016-01-16T00:02:55.000000;35782d5e-80fa-411d-9c32-20994fd05692;365.12;3.001;UNKNOWN
2016-01-16T00:02:55.000000;2016-01-16T00:02:55.000000;e2af13b8-decf-498a-9c26-39697d88f0c2;366.62;14.25842342;UNKNOWN
2016-01-16T00:02:59.000000;2016-01-16T00:02:59.000000;eba1157c-4f0e-46d9-876f-cdb006e9096e;365.27;1.37;UNKNOWN
2016-01-16T00:02:59.000000;2016-01-16T00:02:59.000000;7bf0aa50-ac20-4c78-b778-380cfc0668a8;365.14;1.63;UNKNOWN
2016-01-16T00:03:02.000000;2016-01-16T00:03:02.000000;884b2340-a5fe-4b20-b477-12a571bf6ac5;366.63;4.3514;UNKNOWN
2016-01-16T00:03:04.000000;2016-01-16T00:03:04.000000;4bc11e11-d838-4163-ae19-32c0a52c02ca;365.17;1.46937622;UNKNOWN
2016-01-16T00:03:04.000000;2016-01-16T00:03:04.000000;1dbe83ed-5be5-415b-a89a-b7487c8ae746;365.17;4.1986971;UNKNOWN
2016-01-16T00:03:06.000000;2016-01-16T00:03:06.000000;30cb6549-0465-4525-9fea-e5a6fb1bcd12;367.16;35.5632;UNKNOWN
2016-01-16T00:03:06.000000;2016-01-16T00:03:06.000000;0388c405-cc07-447d-bdca-381d0680bea9;367.0;3.0;UNKNOWN
2016-01-16T00:03:06.000000;2016-01-16T00:03:06.000000;9e48375c-48c0-426d-865c-7a6368b6fe48;367.36;4.71667;UNKNOWN
2016-01-16T00:03:06.000000;2016-01-16T00:03:06.000000;28adcbf0-eddc-4f5d-bf69-99d2bbf509fe;366.77;1.37;UNKNOWN
2016-01-16T00:03:06.000000;2016-01-16T00:03:06.000000;45ed03ad-87a2-47aa-8da3-c6530d4bd49c;366.63;3.92013;UNKNOWN
2016-01-16T00:03:06.000000;2016-01-16T00:03:06.000000;cf85b634-5316-4b54-90c4-5222d7c2b81f;366.77;1.38;UNKNOWN
2016-01-16T00:03:06.000000;2016-01-16T00:03:06.000000;0b9b6812-8db5-4323-8e2c-cfdde15e43ba;366.77;0.05;UNKNOWN
2016-01-16T00:03:08.000000;2016-01-16T00:03:08.000000;65ad32ff-df0f-4a60-baf5-a47a1981666d;366.44;0.207;UNKNOWN
2016-01-16T00:03:08.000000;2016-01-16T00:03:08.000000;077d219f-390b-41f2-97f8-302ac9f7435d;365.18;0.4;UNKNOWN
2016-01-16T00:03:09.000000;2016-01-16T00:03:09.000000;6c6d7aaa-ab43-4039-b5d1-ad481386da5a;366.44;0.5;UNKNOWN
2016-01-16T00:03:10.000000;2016-01-16T00:03:10.000000;7069be8c-1ae7-46e5-90fa-9715ba346bc4;366.44;0.5;UNKNOWN
2016-01-16T00:03:25.000000;2016-01-16T00:03:25.000000;869d6b3f-3f90-469b-9214-708e02544c0a;366.43;0.28549;UNKNOWN
2016-01-16T00:03:25.000000;2016-01-16T00:03:25.000000;115080e3-cefa-499f-b39e-00d0775861bf;366.44;0.163;UNKNOWN
2016-01-16T00:03:25.000000;2016-01-16T00:03:25.000000;5b0edff9-e6bb-4f3b-bd6f-aef095c7845a;366.7;2.75413632;UNKNOWN
2016-01-16T00:03:29.000000;2016-01-16T00:03:29.000000;bd070035-b87e-4672-945b-170a77631bc5;367.89;2.02;UNKNOWN
2016-01-16T00:03:29.000000;2016-01-16T00:03:29.000000;a12349c1-57d1-4924-9c19-a9c2c0608893;367.0;5.0;UNKNOWN
2016-01-16T00:03:29.000000;2016-01-16T00:03:29.000000;893aff2c-3065-495e-a883-b08739144f10;367.61;0.05;UNKNOWN
2016-01-16T00:03:29.000000;2016-01-16T00:03:29.000000;29e7b025-9fd6-4a13-9e13-a7eb0bab2c0b;366.69;0.06;UNKNOWN
2016-01-16T00:03:29.000000;2016-01-16T00:03:29.000000;a8acf6a7-d750-48a2-b467-163a7f5751c1;367.9;21.26983438;UNKNOWN
2016-01-16T00:03:29.000000;2016-01-16T00:03:29.000000;2ddc2a47-b956-4a8f-b13f-da8b3cfb0701;367.37;0.2111;UNKNOWN
2016-01-16T00:03:29.000000;2016-01-16T00:03:29.000000;6738339d-396a-4ef5-8aa8-6a57526fb327;365.66;0.5;UNKNOWN
2016-01-16T00:03:29.000000;2016-01-16T00:03:29.000000;a242df1f-a308-4269-8ba6-7b4de3827bdf;365.65;1.25;UNKNOWN
2016-01-16T00:03:29.000000;2016-01-16T00:03:29.000000;7d257975-e4b2-463c-a229-c293018d8f3c;367.0;2.5;UNKNOWN
2016-01-16T00:03:29.000000;2016-01-16T00:03:29.000000;198bfbe6-7e6c-4020-a794-08ffae97a7bd;366.7;32.24586368;UNKNOWN
2016-01-16T00:03:29.000000;2016-01-16T00:03:29.000000;4d3e358d-1cbc-4f12-9eb8-860e70dd371f;367.64;1.02;UNKNOWN
2016-01-16T00:03:29.000000;2016-01-16T00:03:29.000000;bb86602d-969e-40ed-88be-338f535f978f;367.57;0.2738618;UNKNOWN
2016-01-16T00:03:29.000000;2016-01-16T00:03:29.000000;ffdc4758-cdc4-48bb-aec3-a87ed78c756a;367.38;7.5049;UNKNOWN
2016-01-16T00:03:29.000000;2016-01-16T00:03:29.000000;d8f338c6-c745-44e2-b0df-8c3777913018;367.65;24.495;UNKNOWN
2016-01-16T00:03:29.000000;2016-01-16T00:03:29.000000;8471d1c5-0bc6-49f7-b779-cdb8fa91915d;367.76;0.1;UNKNOWN
2016-01-16T00:03:33.000000;2016-01-16T00:03:33.000000;aac2f4de-f40d-4ffa-8997-306cac0b8546;367.9;0.03161879;UNKNOWN
2016-01-16T00:03:34.000000;2016-01-16T00:03:34.000000;e34c275b-0c52-4268-b1d9-44c70dd05f1d;368.0;5.20145317;UNKNOWN
2016-01-16T00:03:34.000000;2016-01-16T00:03:34.000000;e3867186-d412-46f8-be5e-a872120e492d;367.9;3.69854683;UNKNOWN
2016-01-16T00:03:34.000000;2016-01-16T00:03:34.000000;388f084c-16a4-4904-aa29-4798f1bdab90;368.0;0.5;UNKNOWN
2016-01-16T00:03:35.000000;2016-01-16T00:03:35.000000;392274e0-b9d8-4e11-8417-3f832e518f69;366.69;1.38;UNKNOWN
2016-01-16T00:03:35.000000;2016-01-16T00:03:35.000000;262697e1-ef7b-4e43-b4ca-87372a5be1b3;366.7;2.27703537;UNKNOWN
2016-01-16T00:03:35.000000;2016-01-16T00:03:35.000000;2629f81d-f052-4448-97e6-ac3eeccfb203;366.71;3.78796463;UNKNOWN
2016-01-16T00:03:35.000000;2016-01-16T00:03:35.000000;545ce17b-27c1-4741-95bb-17306afe8882;366.7;1.20296463;UNKNOWN
2016-01-16T00:03:35.000000;2016-01-16T00:03:35.000000;54ed670d-6127-4494-b526-5dd250520336;366.43;0.17703537;UNKNOWN
2016-01-16T00:03:37.000000;2016-01-16T00:03:37.000000;f22fd362-d7f3-4fe4-baae-56e117895e20;365.67;3.0;UNKNOWN
2016-01-16T00:03:37.000000;2016-01-16T00:03:37.000000;f93f5685-82fc-4373-9803-342a5984a5b7;365.66;23.62186533;UNKNOWN
2016-01-16T00:03:37.000000;2016-01-16T00:03:37.000000;045b0a12-d141-419d-955c-d3ff98670712;366.7;13.05296463;UNKNOWN
2016-01-16T00:03:42.000000;2016-01-16T00:03:42.000000;52e66523-acbd-4841-b4b3-104f9c257522;366.72;3.0;UNKNOWN
2016-01-16T00:03:42.000000;2016-01-16T00:03:42.000000;9dca1d73-0b13-499c-ae1d-ddfddc2a8fca;365.69;16.7396281;UNKNOWN
2016-01-16T00:03:42.000000;2016-01-16T00:03:42.000000;0d62c24b-6b45-4d23-91d9-8f592c0c049c;366.71;0.06;UNKNOWN
2016-01-16T00:03:42.000000;2016-01-16T00:03:42.000000;a6a9b76c-96f7-4235-89e5-213f40eae17d;366.7;0.209;UNKNOWN
2016-01-16T00:03:52.000000;2016-01-16T00:03:52.000000;ed9d2b9f-be8a-417a-ab68-47efdcbe86e1;366.84;0.1;UNKNOWN
2016-01-16T00:03:59.000000;2016-01-16T00:03:59.000000;dc9e2bcf-cbc9-4958-994d-88f72b1fe0f5;366.35;0.11171161;UNKNOWN
2016-01-16T00:03:59.000000;2016-01-16T00:03:59.000000;999967fe-1008-4872-a0ff-281f11a326d2;366.3;0.181;UNKNOWN
2016-01-16T00:03:59.000000;2016-01-16T00:03:59.000000;64d63b30-292d-45ed-aac5-e4dc47cebc90;366.22;0.4907622;UNKNOWN
2016-01-16T00:03:59.000000;2016-01-16T00:03:59.000000;f46da71e-9b16-440f-a0a9-ecd11307195d;366.26;0.1363;UNKNOWN
2016-01-16T00:04:00.000000;2016-01-16T00:04:00.000000;e2b8cf69-2fb8-467d-bef8-a7be5ba1413b;365.64;0.15977381;UNKNOWN
2016-01-16T00:04:00.000000;2016-01-16T00:04:00.000000;36a7fcfa-e2dd-4d4f-80fd-f00b6866170d;366.63;1.08022619;UNKNOWN
2016-01-16T00:04:00.000000;2016-01-16T00:04:00.000000;995fd747-97fd-4523-9bc4-e3d70f6315f4;365.74;0.06;UNKNOWN
2016-01-16T00:04:07.000000;2016-01-16T00:04:07.000000;569bd64b-5ffc-444e-931b-85a9b2f42a85;365.65;0.06;UNKNOWN
2016-01-16T00:04:07.000000;2016-01-16T00:04:07.000000;701ba114-ba86-4749-95db-c3b8334859fa;365.65;0.01100624;UNKNOWN
2016-01-16T00:04:07.000000;2016-01-16T00:04:07.000000;824cc041-dabe-460b-8d2b-5fbfe964cce2;365.65;0.06;UNKNOWN
2016-01-16T00:04:16.000000;2016-01-16T00:04:16.000000;14dde2a2-9e85-4763-9c69-cf16fe5a109d;366.68;11.7;UNKNOWN
2016-01-16T00:04:16.000000;2016-01-16T00:04:16.000000;a12c947c-08eb-4280-bdee-17e279d267fc;366.12;0.3;UNKNOWN
2016-01-16T00:04:20.000000;2016-01-16T00:04:20.000000;6d93c1af-4de4-4c76-8c9a-1423b4ea7b16;366.81;3.0;UNKNOWN
2016-01-16T00:04:22.000000;2016-01-16T00:04:22.000000;60ade47c-d8c2-4890-a48d-07878fdb4581;366.01;0.06;UNKNOWN
2016-01-16T00:04:22.000000;2016-01-16T00:04:22.000000;0440981c-a808-44e0-b9c5-dfebad6ac276;366.0;0.94;UNKNOWN
2016-01-16T00:04:25.000000;2016-01-16T00:04:25.000000;7e6eece9-577a-45ea-ad78-484e7987cf42;366.3;0.2196324;UNKNOWN
2016-01-16T00:04:26.000000;2016-01-16T00:04:26.000000;026b6a3a-06f0-4131-a934-e65ace170d3b;366.0;13.06;UNKNOWN
2016-01-16T00:04:26.000000;2016-01-16T00:04:26.000000;0b53dab5-bda1-4eb6-b55e-8c425bb6b5db;365.65;0.96;UNKNOWN
2016-01-16T00:04:28.000000;2016-01-16T00:04:28.000000;aacccda4-04f8-478a-8136-b74fc050c854;365.65;2.0;UNKNOWN
2016-01-16T00:04:31.000000;2016-01-16T00:04:31.000000;f7600881-9bed-47fa-857e-be6b49a678da;365.99;20.0;UNKNOWN
2016-01-16T00:04:34.000000;2016-01-16T00:04:34.000000;19750268-abef-4899-abbb-ea30e5580bd0;365.11;1.5873292;UNKNOWN
2016-01-16T00:04:34.000000;2016-01-16T00:04:34.000000;cb7adc50-9288-44cf-b2c4-27982dd503d0;365.12;0.06;UNKNOWN
2016-01-16T00:04:35.000000;2016-01-16T00:04:35.000000;c72de437-852c-461a-8e67-087354936288;365.99;0.208;UNKNOWN
2016-01-16T00:04:37.000000;2016-01-16T00:04:37.000000;18de8f9c-9898-4812-b995-b01937d37d60;365.11;15.0;UNKNOWN
2016-01-16T00:04:39.000000;2016-01-16T00:04:39.000000;8627f271-4b36-42f3-a48f-8873c9c44fdf;366.0;4.0;UNKNOWN
2016-01-16T00:04:39.000000;2016-01-16T00:04:39.000000;2cef3f89-d770-43b6-ae9d-d82c3638b076;365.99;1.652;UNKNOWN
2016-01-16T00:04:41.000000;2016-01-16T00:04:41.000000;2e15cec0-dfdb-41d9-9741-0db157dc81d2;366.0;0.3;UNKNOWN
2016-01-16T00:04:41.000000;2016-01-16T00:04:41.000000;a73ed31e-5e75-41ac-80ee-19fdb694b8b5;366.0;1.38;UNKNOWN
2016-01-16T00:04:44.000000;2016-01-16T00:04:44.000000;9bee1ad5-c906-4730-8f8f-b920b58ebe0a;366.0;40.0;UNKNOWN
2016-01-16T00:04:44.000000;2016-01-16T00:04:44.000000;c12da34a-a65e-4010-8c36-5b38e644f3d2;366.07;4.2446;UNKNOWN
2016-01-16T00:04:44.000000;2016-01-16T00:04:44.000000;f8abfbbf-7252-45a6-9216-090e8f6e6696;366.05;0.1554;UNKNOWN
2016-01-16T00:04:45.000000;2016-01-16T00:04:45.000000;9d220d86-e279-4f52-b048-a33075d29ca0;366.0;4.86;UNKNOWN
2016-01-16T00:04:50.000000;2016-01-16T00:04:50.000000;435d7a98-cbf7-4d65-982d-ebe637472205;366.0;0.30655897;UNKNOWN
2016-01-16T00:04:50.000000;2016-01-16T00:04:50.000000;26b41038-fae0-4972-a941-7b435ecec33a;366.0;10.0;UNKNOWN
2016-01-16T00:04:51.000000;2016-01-16T00:04:51.000000;430e636d-15f6-49ba-ae32-852282be5a1c;366.02;0.22;UNKNOWN
2016-01-16T00:04:52.000000;2016-01-16T00:04:52.000000;a8a6cb4b-3f42-4265-b3a5-d0256fe52f8e;366.0;11.02;UNKNOWN
2016-01-16T00:04:53.000000;2016-01-16T00:04:53.000000;d5e426cd-bd06-469f-9a8f-b85b9c0c9f68;366.0;5.0;UNKNOWN
2016-01-16T00:04:54.000000;2016-01-16T00:04:54.000000;f9e3d6b0-b4ab-455e-a1c2-8bb742f473ea;366.0;0.99;UNKNOWN
2016-01-16T00:04:55.000000;2016-01-16T00:04:55.000000;e5cdceb2-448e-416b-9fee-fda121e53c08;366.47;0.52;UNKNOWN
2016-01-16T00:04:55.000000;2016-01-16T00:04:55.000000;ae3880ef-f55f-40c0-bfcf-c33614e6acf6;366.02;0.08;UNKNOWN
2016-01-16T00:04:55.000000;2016-01-16T00:04:55.000000;233fa2e5-7d87-4c21-a416-c49e229a32a8;366.0;0.07578199;UNKNOWN
2016-01-16T00:05:03.000000;2016-01-16T00:05:03.000000;5b603935-494f-424f-aef4-74c9d2677b04;366.0;4.9;UNKNOWN
2016-01-16T00:05:03.000000;2016-01-16T00:05:03.000000;e15046af-53e0-4cc5-a3ab-c54fc00ad1a9;366.01;0.35457148;UNKNOWN
2016-01-16T00:05:07.000000;2016-01-16T00:05:07.000000;c65d0c40-1162-4055-8091-598f166d655d;366.0;0.01618156;UNKNOWN
2016-01-16T00:05:11.000000;2016-01-16T00:05:11.000000;d08346a5-856a-45b5-8a86-f4ab900cbc17;366.0;5.0;UNKNOWN
2016-01-16T00:05:14.000000;2016-01-16T00:05:14.000000;fcc4e414-4106-4fe1-8d7b-d65a9dca2c9b;366.0;7.79;UNKNOWN
2016-01-16T00:05:14.000000;2016-01-16T00:05:14.000000;c4edf62c-c063-4d35-a605-279176f32f7a;366.0;8.0;UNKNOWN
2016-01-16T00:05:14.000000;2016-01-16T00:05:14.000000;ef0c0ad1-cf4a-4070-a7ff-7c69f1f98e09;366.0;10.0;UNKNOWN
2016-01-16T00:05:15.000000;2016-01-16T00:05:15.000000;cdbacd89-e483-4ce6-98fc-4799f1940861;366.06;0.1485;UNKNOWN
2016-01-16T00:05:15.000000;2016-01-16T00:05:15.000000;69641db4-1b6c-4d11-8700-909b1b3ea417;366.01;3.0379;UNKNOWN
2016-01-16T00:05:15.000000;2016-01-16T00:05:15.000000;67d31617-be0c-452b-9d88-025f194c4511;366.01;35.0;UNKNOWN
2016-01-16T00:05:15.000000;2016-01-16T00:05:15.000000;ae23f014-013d-46c9-a272-94911c4e64aa;366.09;0.1726;UNKNOWN
2016-01-16T00:05:15.000000;2016-01-16T00:05:15.000000;690df3f7-9394-4e1a-9aaf-3e38acf342b9;366.1;11.641;UNKNOWN
2016-01-16T00:05:16.000000;2016-01-16T00:05:16.000000;a419fec0-fc4a-4265-aae3-7eba9c564e91;366.0;0.07607899;UNKNOWN
2016-01-16T00:05:17.000000;2016-01-16T00:05:17.000000;d06dce04-c88d-4198-a006-68005277200d;366.0;0.07385105;UNKNOWN
2016-01-16T00:05:17.000000;2016-01-16T00:05:17.000000;c916dc33-f967-4db6-a517-4a2518d00470;366.0;2.0;UNKNOWN
2016-01-16T00:05:17.000000;2016-01-16T00:05:17.000000;fe3038e2-a60f-4a48-92b7-3927a8d494cc;366.0;1.2;UNKNOWN
2016-01-16T00:05:18.000000;2016-01-16T00:05:18.000000;57eb5fcd-da32-4bec-8ac8-d525aa2f7cb3;366.0;0.4;UNKNOWN
2016-01-16T00:05:19.000000;2016-01-16T00:05:19.000000;86f17f92-ca71-459e-91a9-de86948788ec;366.01;0.04137837;UNKNOWN
2016-01-16T00:05:19.000000;2016-01-16T00:05:19.000000;243f0bf6-7440-4dcc-83fa-05ddafc61914;366.01;0.3;UNKNOWN
2016-01-16T00:05:21.000000;2016-01-16T00:05:21.000000;231473e8-cd73-4d58-b5cf-b3e5627c3bd9;366.01;0.07385105;UNKNOWN
2016-01-16T00:05:21.000000;2016-01-16T00:05:21.000000;5fc11adc-a86a-4336-8a95-e21fcb37470a;366.01;0.04137837;UNKNOWN
2016-01-16T00:05:21.000000;2016-01-16T00:05:21.000000;5d3c0bc1-6f73-4ac6-bc98-5ef1b2e99608;366.01;0.8;UNKNOWN
2016-01-16T00:05:22.000000;2016-01-16T00:05:22.000000;59734e84-1b89-4a68-9d18-d066f6c0b905;366.01;1.0;UNKNOWN
2016-01-16T00:05:23.000000;2016-01-16T00:05:23.000000;81817a82-7efd-4122-a79d-c52fb1282c20;366.01;3.4467498;UNKNOWN
2016-01-16T00:05:24.000000;2016-01-16T00:05:24.000000;92ab6b27-3e3e-4230-bbe8-850d99a4797c;366.01;8.33104241;UNKNOWN
2016-01-16T00:05:24.000000;2016-01-16T00:05:24.000000;637aac9d-dcc6-402b-abdc-3d938462bff4;366.01;6.7918;UNKNOWN
2016-01-16T00:05:24.000000;2016-01-16T00:05:24.000000;83993e14-fd7e-4b96-ab3f-e81b2b15b710;366.0;19.87715759;UNKNOWN
2016-01-16T00:05:25.000000;2016-01-16T00:05:25.000000;24a4074f-02e9-4d28-9d15-ca71a96f498d;366.0;1.0;UNKNOWN
2016-01-16T00:05:26.000000;2016-01-16T00:05:26.000000;a25b2bc2-406b-4468-9c5f-f676007d1b70;366.0;1.33;UNKNOWN
2016-01-16T00:05:26.000000;2016-01-16T00:05:26.000000;b376d0a0-100c-4432-a4c7-991a84ee8dac;366.0;8.286;UNKNOWN
2016-01-16T00:05:26.000000;2016-01-16T00:05:26.000000;66257d71-f5ed-412d-bc0d-fd23c14e3d1b;366.0;0.03294799;UNKNOWN
2016-01-16T00:05:26.000000;2016-01-16T00:05:26.000000;dedec79b-43a9-428a-9c85-fe109b75a708;366.0;0.2989;UNKNOWN
2016-01-16T00:05:27.000000;2016-01-16T00:05:27.000000;0aebb1ca-6347-4066-b02d-05d434b66144;366.0;20.0;UNKNOWN
2016-01-16T00:05:29.000000;2016-01-16T00:05:29.000000;eb57cc37-37aa-4710-bb34-d9dc2e907f85;366.0;40.0;UNKNOWN
2016-01-16T00:05:30.000000;2016-01-16T00:05:30.000000;c6c49abc-ae64-4c39-8a6c-01c3c881e483;366.0;3.5452;UNKNOWN
2016-01-16T00:05:30.000000;2016-01-16T00:05:30.000000;ca685a1d-3e7e-426a-9b83-814f7bae7d0c;366.0;72.0368;UNKNOWN
2016-01-16T00:05:33.000000;2016-01-16T00:05:33.000000;d5bdd4fc-f99b-48f3-ae7d-b375311e5203;366.0;22.0;UNKNOWN
2016-01-16T00:05:33.000000;2016-01-16T00:05:33.000000;439b5c52-e76c-4488-bc73-8de1de1ea407;366.0;4.0;UNKNOWN
2016-01-16T00:05:33.000000;2016-01-16T00:05:33.000000;702c7eb6-6c34-4410-a3e4-c97ff7442e86;366.0;7.57264186;UNKNOWN
2016-01-16T00:05:35.000000;2016-01-16T00:05:35.000000;a5be19e3-0481-45dd-a18b-f437f5656832;366.0;1.903;UNKNOWN
2016-01-16T00:05:35.000000;2016-01-16T00:05:35.000000;33d9a507-169c-424d-98c8-b436aa99a5ca;366.0;2.103;UNKNOWN
2016-01-16T00:05:35.000000;2016-01-16T00:05:35.000000;459b1eae-592b-4399-9fde-a52f215a2bea;366.0;1.05;UNKNOWN
2016-01-16T00:05:36.000000;2016-01-16T00:05:36.000000;c1cd094c-0710-42d0-858d-85bf2af9a5a3;366.0;57.4803;UNKNOWN
2016-01-16T00:05:37.000000;2016-01-16T00:05:37.000000;b07b921b-c676-4ee6-b3a9-38373c1419f0;366.0;0.03302199;UNKNOWN
2016-01-16T00:05:38.000000;2016-01-16T00:05:38.000000;8ebf80ac-8a50-4ab4-b0e1-6e8b62846962;366.0;0.06;UNKNOWN
2016-01-16T00:05:39.000000;2016-01-16T00:05:39.000000;fb0414f4-1be4-45d3-bc43-26eb4426e77a;366.0;37.37067801;UNKNOWN
2016-01-16T00:05:47.000000;2016-01-16T00:05:47.000000;15c3827d-486c-4ea1-87fc-48a8d1a0b153;365.11;6.7713;UNKNOWN
2016-01-16T00:05:47.000000;2016-01-16T00:05:47.000000;1af1c369-6962-4f84-86db-81915b682fb1;365.1;7.2287;UNKNOWN
2016-01-16T00:05:50.000000;2016-01-16T00:05:50.000000;333605a2-92fb-4091-846a-8d32a8e00f9a;365.1;30.0;UNKNOWN
2016-01-16T00:05:54.000000;2016-01-16T00:05:54.000000;4738f7c8-92c4-47fe-b235-5717fcd561a9;365.1;2.5;UNKNOWN
2016-01-16T00:05:57.000000;2016-01-16T00:05:57.000000;dbfe8754-2ae0-4eac-9e56-06be71858acf;364.34;0.04;UNKNOWN
2016-01-16T00:05:57.000000;2016-01-16T00:05:57.000000;f9224e34-0a70-46db-94a0-78ab9b9a02fa;365.1;10.77;UNKNOWN
2016-01-16T00:05:57.000000;2016-01-16T00:05:57.000000;e5026b88-2835-4cc4-94d5-4533748af3b0;364.97;0.05;UNKNOWN
2016-01-16T00:05:57.000000;2016-01-16T00:05:57.000000;d313bf76-21c4-4d77-9e93-8890d96312ba;364.75;1.38;UNKNOWN
2016-01-16T00:05:57.000000;2016-01-16T00:05:57.000000;6548f0de-a11a-4867-baa8-15b0924948e0;364.6;1.38;UNKNOWN
2016-01-16T00:05:57.000000;2016-01-16T00:05:57.000000;67ea4494-3743-4cee-8d31-f992cc3e7890;364.03;3.0;UNKNOWN
2016-01-16T00:05:57.000000;2016-01-16T00:05:57.000000;8c7e5d40-a712-495f-b3dc-311bad6eab58;364.81;0.05;UNKNOWN
2016-01-16T00:05:57.000000;2016-01-16T00:05:57.000000;ba958107-a931-4c84-93db-84c648113edc;364.03;1.33;UNKNOWN
2016-01-16T00:06:01.000000;2016-01-16T00:06:01.000000;51996e41-495b-415a-863f-5bd41e1ad453;364.78;0.5;UNKNOWN
2016-01-16T00:06:08.000000;2016-01-16T00:06:08.000000;e15f355e-95ca-43a5-99f9-c015c19877b3;364.8;0.66;UNKNOWN
2016-01-16T00:06:10.000000;2016-01-16T00:06:10.000000;b4591a2d-7f25-4a5a-8ce9-2649e183782c;364.8;3.0;UNKNOWN
2016-01-16T00:06:16.000000;2016-01-16T00:06:16.000000;a17bbb0d-82d0-43bf-9f29-c82b60ce4577;365.12;0.05;UNKNOWN
2016-01-16T00:06:20.000000;2016-01-16T00:06:20.000000;9648efa8-78a2-4382-a8a2-6420e1249407;365.0;1.5;UNKNOWN
2016-01-16T00:06:21.000000;2016-01-16T00:06:21.000000;c751a940-3171-4ef7-9db0-da16c0a6eea6;365.17;1.38;UNKNOWN
2016-01-16T00:06:21.000000;2016-01-16T00:06:21.000000;f74103eb-40fe-4c1f-85cd-f6039a5f81fb;365.12;1.33;UNKNOWN
2016-01-16T00:06:21.000000;2016-01-16T00:06:21.000000;64d9f6a2-f7e8-41bf-8b03-628323590431;365.59;9.576;UNKNOWN
2016-01-16T00:06:21.000000;2016-01-16T00:06:21.000000;4e596542-5009-4a6a-842d-bf36b50d136c;365.21;0.214;UNKNOWN
2016-01-16T00:06:24.000000;2016-01-16T00:06:24.000000;79554b6e-0dfa-455a-99b0-21cc950f29db;365.02;0.3;UNKNOWN
2016-01-16T00:06:26.000000;2016-01-16T00:06:26.000000;f9846750-712a-4514-8b03-07c20c13e064;365.59;0.424;UNKNOWN
2016-01-16T00:06:26.000000;2016-01-16T00:06:26.000000;c94a71c1-2d49-4ee0-8951-1231ac9e86be;365.6;1.576;UNKNOWN
2016-01-16T00:06:27.000000;2016-01-16T00:06:27.000000;2e205f65-719d-40f1-9ac7-7a2af176d135;365.02;0.4;UNKNOWN
2016-01-16T00:06:42.000000;2016-01-16T00:06:42.000000;6fd40752-0f5a-4ab8-973c-bab732f3ac6a;365.03;0.06;UNKNOWN
2016-01-16T00:07:01.000000;2016-01-16T00:07:01.000000;aabedbb3-4c03-4ceb-af1e-4e3e8400324f;365.0;0.02;UNKNOWN
2016-01-16T00:07:05.000000;2016-01-16T00:07:05.000000;e0677e71-7940-435f-86d6-d973f3a18c18;365.02;2.0;UNKNOWN
2016-01-16T00:07:11.000000;2016-01-16T00:07:11.000000;fd977ad7-2f48-4caf-9bda-93257a3a4310;365.0;0.44;UNKNOWN
2016-01-16T00:07:11.000000;2016-01-16T00:07:11.000000;71451180-360c-496c-b711-2d1e1dd0e29a;365.01;0.06;UNKNOWN
2016-01-16T00:07:11.000000;2016-01-16T00:07:11.000000;5fb5d4cf-7368-413c-b558-095d2c48e170;365.0;1.0;UNKNOWN
2016-01-16T00:07:21.000000;2016-01-16T00:07:21.000000;7e638c4e-540e-40c4-b2ed-cc2b2ba84c4e;365.01;0.27892904;UNKNOWN
2016-01-16T00:07:21.000000;2016-01-16T00:07:21.000000;e821a113-0c5a-4204-93fc-76cfb2ad5b79;365.01;0.06;UNKNOWN
2016-01-16T00:07:24.000000;2016-01-16T00:07:24.000000;2e558b1a-51c7-4979-ac9e-9982ff9cbf0d;365.02;0.3;UNKNOWN
2016-01-16T00:07:24.000000;2016-01-16T00:07:24.000000;6419c489-1635-4d20-9bcc-1476cfd2e6a7;365.02;1.39;UNKNOWN
2016-01-16T00:07:24.000000;2016-01-16T00:07:24.000000;a794645e-3ff8-41f9-a52a-ea6567eeed6d;365.02;0.31;UNKNOWN
2016-01-16T00:07:25.000000;2016-01-16T00:07:25.000000;a0fa8b01-bfad-4a8a-9c8a-846f59906160;365.02;1.39;UNKNOWN
2016-01-16T00:07:25.000000;2016-01-16T00:07:25.000000;3dd1d5ec-f836-4a41-abf8-ac5d09ddec78;365.02;1.39;UNKNOWN
2016-01-16T00:07:25.000000;2016-01-16T00:07:25.000000;fa1907e6-4aca-4dbb-ae40-0d238f039822;365.02;1.08;UNKNOWN
2016-01-16T00:07:25.000000;2016-01-16T00:07:25.000000;4365a28b-cef5-4ae6-bb55-1c94a797cf1e;365.12;6.351;UNKNOWN
2016-01-16T00:07:25.000000;2016-01-16T00:07:25.000000;cf55e87a-9c70-481b-9b33-3bc80e49a412;365.11;1.289;UNKNOWN
2016-01-16T00:07:25.000000;2016-01-16T00:07:25.000000;259437c3-a187-4c2e-9399-0db24eee0d7c;365.03;1.0;UNKNOWN
2016-01-16T00:07:26.000000;2016-01-16T00:07:26.000000;465177dd-b9de-474e-a319-341e2b038b4e;365.01;1.0;UNKNOWN
2016-01-16T00:07:29.000000;2016-01-16T00:07:29.000000;66da30b7-f07a-4edc-ac91-474af3b282a1;365.12;1.0;UNKNOWN
2016-01-16T00:07:30.000000;2016-01-16T00:07:30.000000;a2673672-748e-4c72-be1d-1681be9ec037;365.01;0.07436088;UNKNOWN
2016-01-16T00:07:32.000000;2016-01-16T00:07:32.000000;cbd9afcd-5971-479a-8ebe-747e2b80b2cc;365.12;13.75128453;UNKNOWN
2016-01-16T00:07:32.000000;2016-01-16T00:07:32.000000;3fa9962f-0af5-424e-844f-ab8113d5ca63;365.11;0.11170273;UNKNOWN
2016-01-16T00:07:34.000000;2016-01-16T00:07:34.000000;5ccdd17c-e8c3-4bd4-836d-30646e9dfbb0;365.01;0.03735984;UNKNOWN
2016-01-16T00:07:44.000000;2016-01-16T00:07:44.000000;74c07f8f-8c83-45ea-a6cb-a8008a8c5841;365.12;8.89771547;UNKNOWN
2016-01-16T00:07:56.000000;2016-01-16T00:07:56.000000;382791b2-78a6-4561-9acd-fb8e779423e8;365.59;0.063;UNKNOWN
2016-01-16T00:07:56.000000;2016-01-16T00:07:56.000000;c5ba86ad-7324-4260-bf45-e82d614a72c1;365.59;1.017;UNKNOWN
2016-01-16T00:07:56.000000;2016-01-16T00:07:56.000000;9d6b32c3-91ed-44ca-8c78-1276a82381ba;365.5;1.0;UNKNOWN
2016-01-16T00:07:58.000000;2016-01-16T00:07:58.000000;39be7297-e1d1-4ef4-b3c8-5a760e9a1d9c;365.94;0.426063;UNKNOWN
2016-01-16T00:07:58.000000;2016-01-16T00:07:58.000000;7183dd7a-da3d-4d83-9101-bf03bb853b07;365.9;0.073937;UNKNOWN
2016-01-16T00:08:05.000000;2016-01-16T00:08:05.000000;74764085-2769-4503-8701-6bd896a8a469;365.1;0.0939;UNKNOWN
2016-01-16T00:08:05.000000;2016-01-16T00:08:05.000000;8ac06e6c-f450-4028-9794-317dbe07a0b2;365.14;18.37;UNKNOWN
2016-01-16T00:08:05.000000;2016-01-16T00:08:05.000000;28567813-4dcc-42c2-b359-730cd10ae2ba;365.15;6.7974;UNKNOWN
2016-01-16T00:08:11.000000;2016-01-16T00:08:11.000000;6681585a-f588-4e4e-8e6d-950a4a8f1fc3;365.49;0.3599;UNKNOWN
2016-01-16T00:08:11.000000;2016-01-16T00:08:11.000000;a7250f22-6776-4b3d-b4e2-b37bfd43808b;365.1;15.3587;UNKNOWN
2016-01-16T00:08:11.000000;2016-01-16T00:08:11.000000;33542fbd-3d24-446e-8561-c83e07295a86;365.62;22.7814;UNKNOWN
2016-01-16T00:08:11.000000;2016-01-16T00:08:11.000000;ea72d61d-3629-466e-b48c-5629127c32ea;365.1;1.0;UNKNOWN
2016-01-16T00:08:11.000000;2016-01-16T00:08:11.000000;0709f594-1ac9-4591-afad-a98af430ba20;365.1;8.38;UNKNOWN
2016-01-16T00:08:30.000000;2016-01-16T00:08:30.000000;355ebbcd-e185-4233-bf8e-496a6265091c;365.96;1.38;UNKNOWN
2016-01-16T00:08:30.000000;2016-01-16T00:08:30.000000;34452cd1-2795-4586-9a7f-be105007c6a6;365.81;0.06;UNKNOWN
2016-01-16T00:08:30.000000;2016-01-16T00:08:30.000000;040df693-aa99-4e2c-98da-1eab66420561;365.79;0.01;UNKNOWN
2016-01-16T00:08:30.000000;2016-01-16T00:08:30.000000;1d585af7-dfdd-4165-b6a8-3cadde8bb3cd;365.79;0.890059;UNKNOWN
2016-01-16T00:08:30.000000;2016-01-16T00:08:30.000000;d49e6e1e-b835-4a9a-92ff-d64899ae2f96;365.85;0.06;UNKNOWN
2016-01-16T00:08:30.000000;2016-01-16T00:08:30.000000;1ff2e6d3-f228-44b3-a0dc-66a47f43599c;365.96;25.099941;UNKNOWN
2016-01-16T00:08:52.000000;2016-01-16T00:08:52.000000;8243402a-b389-408f-ab0c-ced8d9d44bbc;365.49;0.06;UNKNOWN
2016-01-16T00:08:52.000000;2016-01-16T00:08:52.000000;15f3503d-718c-4f11-8f0c-b7fb8af9a586;365.23;0.3;UNKNOWN
2016-01-16T00:08:52.000000;2016-01-16T00:08:52.000000;07f395c6-f5ca-4a90-83a1-f02d71bff2ca;365.49;28.5736;UNKNOWN
2016-01-16T00:08:52.000000;2016-01-16T00:08:52.000000;0182ce21-1655-4e77-af3d-d63303a522b0;365.5;1.49649428;UNKNOWN
2016-01-16T00:08:53.000000;2016-01-16T00:08:53.000000;b219ac93-af95-4dcc-bc17-245007b876f9;365.22;2.0;UNKNOWN
2016-01-16T00:09:09.000000;2016-01-16T00:09:09.000000;7c6fb685-8712-4d25-ab30-feb0c79d112f;365.01;6.8313;UNKNOWN
2016-01-16T00:09:09.000000;2016-01-16T00:09:09.000000;f2dbe41b-fa7b-48af-bb4b-f67d5fcc2cdd;365.0;0.02;UNKNOWN
2016-01-16T00:09:09.000000;2016-01-16T00:09:09.000000;5e31d346-87f4-475e-8974-e3ec2406f44b;365.0;10.54;UNKNOWN
2016-01-16T00:09:10.000000;2016-01-16T00:09:10.000000;68ec678f-3a70-40c5-b4a3-6325ad2b6777;365.0;2.0;UNKNOWN
2016-01-16T00:09:22.000000;2016-01-16T00:09:22.000000;dbe93f1e-fe97-4f42-abac-a94d36f8cbd2;363.87;3.0;UNKNOWN
2016-01-16T00:09:22.000000;2016-01-16T00:09:22.000000;e761c3be-b6ed-4e04-bda0-5f7a57adc669;363.97;0.05;UNKNOWN
2016-01-16T00:09:22.000000;2016-01-16T00:09:22.000000;b8fe3cd3-0f2f-48a1-a8f4-1205242db05b;364.83;1.38;UNKNOWN
2016-01-16T00:09:22.000000;2016-01-16T00:09:22.000000;26c78b1b-ebee-4824-b782-0a0cb3dfa0a9;363.86;5.56367565;UNKNOWN
2016-01-16T00:09:22.000000;2016-01-16T00:09:22.000000;d55b89d6-f632-4afb-bcf5-64eada8a02e6;363.93;0.27632435;UNKNOWN
2016-01-16T00:09:22.000000;2016-01-16T00:09:22.000000;577f9237-ad8b-4fe2-adae-438239f343c2;364.72;1.38;UNKNOWN
2016-01-16T00:09:22.000000;2016-01-16T00:09:22.000000;0cf6bccd-5115-4466-8490-a8a42e75154b;364.74;1.38;UNKNOWN
2016-01-16T00:09:23.000000;2016-01-16T00:09:23.000000;a43cb2c7-ac0b-404a-a09f-576b75eed882;363.87;2.0757825;UNKNOWN
2016-01-16T00:09:23.000000;2016-01-16T00:09:23.000000;5ba5d9d7-5061-4d2c-b6ab-9753d9c4301a;363.87;0.9242175;UNKNOWN
2016-01-16T00:09:23.000000;2016-01-16T00:09:23.000000;c0059f3a-0943-4de1-bea5-def3292b7ee1;363.86;1.9757825;UNKNOWN
2016-01-16T00:09:41.000000;2016-01-16T00:09:41.000000;fb1861ef-dd5a-4cc1-8121-0cf98c511fc6;363.62;12.6;UNKNOWN
2016-01-16T00:09:41.000000;2016-01-16T00:09:41.000000;9588149c-8e14-4ba7-8599-a3dc3c1b1cfd;363.8;0.02;UNKNOWN
2016-01-16T00:09:41.000000;2016-01-16T00:09:41.000000;c4534f05-92d0-4ca4-874a-81baabf33f22;363.52;6.36;UNKNOWN
2016-01-16T00:09:41.000000;2016-01-16T00:09:41.000000;80c6631c-1976-4a06-9ff9-9055dbcc1859;363.51;13.45;UNKNOWN
2016-01-16T00:09:41.000000;2016-01-16T00:09:41.000000;547185ed-24b5-42d8-83db-c8b8595f67dd;363.5;14.92622064;UNKNOWN
2016-01-16T00:09:41.000000;2016-01-16T00:09:41.000000;e6e8a777-4531-4f16-b84d-a4b373641782;363.81;6.7747;UNKNOWN
2016-01-16T00:09:41.000000;2016-01-16T00:09:41.000000;856ad819-7d25-4448-8c19-946918981a0a;363.51;0.5;UNKNOWN
2016-01-16T00:09:41.000000;2016-01-16T00:09:41.000000;5be65f2e-0893-4be0-9562-d38275fc37b9;363.5;4.5;UNKNOWN
2016-01-16T00:09:54.000000;2016-01-16T00:09:54.000000;77289051-8111-4a9c-b1c8-d22f17c181aa;363.44;2.63622064;UNKNOWN
2016-01-16T00:09:54.000000;2016-01-16T00:09:54.000000;e025b7cb-973b-431a-8fbd-a715debfe6a9;363.5;10.07377936;UNKNOWN
2016-01-16T00:09:56.000000;2016-01-16T00:09:56.000000;be80c812-460c-451e-b60a-8cfa0fd6e621;363.47;0.1198;UNKNOWN
2016-01-16T00:09:56.000000;2016-01-16T00:09:56.000000;26e44604-5386-46ee-be42-c7cd39f1300d;363.44;0.920865;UNKNOWN
2016-01-16T00:10:00.000000;2016-01-16T00:10:00.000000;9b643064-89d8-42b7-ae3c-49b0ced665a2;362.88;0.04;UNKNOWN
2016-01-16T00:10:00.000000;2016-01-16T00:10:00.000000;49126196-bc07-409d-8d51-9c96c7776d36;362.84;3.89178564;UNKNOWN
2016-01-16T00:10:00.000000;2016-01-16T00:10:00.000000;8f9e78ef-c675-402e-941d-86ef43cb43f3;363.0;25.0;UNKNOWN
2016-01-16T00:10:00.000000;2016-01-16T00:10:00.000000;90ed278a-f329-4b96-81b3-d73bb826c50d;363.44;1.44291436;UNKNOWN
2016-01-16T00:10:00.000000;2016-01-16T00:10:00.000000;cd1a3b07-441b-4791-898c-0ab93b7b7919;363.13;0.05;UNKNOWN
2016-01-16T00:10:00.000000;2016-01-16T00:10:00.000000;7c8fcd07-ccbb-4652-9a57-2ccd0caccfb1;363.35;0.184;UNKNOWN
2016-01-16T00:10:04.000000;2016-01-16T00:10:04.000000;a801f457-644f-4437-ba5a-863897be7f21;363.45;2.0;UNKNOWN
2016-01-16T00:10:07.000000;2016-01-16T00:10:07.000000;8e4d01eb-f3d1-4934-be56-c1cd8fd71c9f;362.28;1.05178564;UNKNOWN
2016-01-16T00:10:07.000000;2016-01-16T00:10:07.000000;190a67bd-a75b-47fd-9eb6-c3744c92a86f;362.29;0.05;UNKNOWN
2016-01-16T00:10:07.000000;2016-01-16T00:10:07.000000;e05a3841-a4bb-4a5a-88a5-56b19c912706;362.29;1.39;UNKNOWN
2016-01-16T00:10:07.000000;2016-01-16T00:10:07.000000;962a9ba6-e22b-49bc-8f38-ccb972121b84;362.42;0.01;UNKNOWN
2016-01-16T00:10:07.000000;2016-01-16T00:10:07.000000;2e98271f-194c-457b-8d7d-8c0f289cff29;362.84;6.10821436;UNKNOWN
2016-01-16T00:10:07.000000;2016-01-16T00:10:07.000000;c0f283c0-e8e1-40ab-9983-c54b1d987b52;362.42;1.39;UNKNOWN
2016-01-16T00:10:09.000000;2016-01-16T00:10:09.000000;47a22d06-06c4-4a9a-bcf6-08b13538e0a4;363.48;0.2695;UNKNOWN
2016-01-16T00:10:09.000000;2016-01-16T00:10:09.000000;627184d8-4e8f-4fff-8f40-c06db96e3bed;363.48;0.825;UNKNOWN
2016-01-16T00:10:10.000000;2016-01-16T00:10:10.000000;fce6730f-fdc2-49c4-a2cc-20d453f8fbb1;363.47;0.5;UNKNOWN
2016-01-16T00:10:10.000000;2016-01-16T00:10:10.000000;d5c929cd-8bd3-4705-9b7e-fefd0ff7672a;363.48;0.09;UNKNOWN
2016-01-16T00:10:13.000000;2016-01-16T00:10:13.000000;ba806da5-4529-4ba8-8f4a-34e94d6b704b;363.47;5.0;UNKNOWN
2016-01-16T00:10:13.000000;2016-01-16T00:10:13.000000;c8269dae-8aae-4b85-a694-8f6856d6fcec;363.47;13.42;UNKNOWN
2016-01-16T00:10:13.000000;2016-01-16T00:10:13.000000;31986b9f-dcbf-4ef2-9a2f-5b0d7a746a05;363.47;0.24622433;UNKNOWN
2016-01-16T00:10:14.000000;2016-01-16T00:10:14.000000;44c8d36b-7641-4ca4-abd4-d3c53ca78c85;362.83;0.1009;UNKNOWN
2016-01-16T00:10:14.000000;2016-01-16T00:10:14.000000;147b4c17-384a-4c06-8586-58f5d696d776;362.85;6.10821436;UNKNOWN
2016-01-16T00:10:15.000000;2016-01-16T00:10:15.000000;10c3e350-f2d2-41db-b745-0ae31f96d1fc;361.72;1.35;UNKNOWN
2016-01-16T00:10:15.000000;2016-01-16T00:10:15.000000;7cd82435-f1e4-48a8-aa79-1a6ca43ad08b;362.08;0.05;UNKNOWN
2016-01-16T00:10:17.000000;2016-01-16T00:10:17.000000;78a4f717-456c-4cc0-9726-eab82d7e6805;362.2;0.70138564;UNKNOWN
2016-01-16T00:10:20.000000;2016-01-16T00:10:20.000000;4d53e4ed-ecb5-46b2-965e-00f1a444f6fd;361.7;2.70138564;UNKNOWN
2016-01-16T00:10:20.000000;2016-01-16T00:10:20.000000;26df259b-3bef-4511-b753-65e8d148b735;362.2;9.29861436;UNKNOWN
2016-01-16T00:10:25.000000;2016-01-16T00:10:25.000000;e2961a47-9328-4f58-87e6-b5b93831a22a;361.73;4.0;UNKNOWN
2016-01-16T00:10:28.000000;2016-01-16T00:10:28.000000;061a7242-8b74-4c19-acba-3434422bd9a5;363.43;6.553;UNKNOWN
2016-01-16T00:10:28.000000;2016-01-16T00:10:28.000000;80d48878-eac8-4a01-8a82-7b292f470a67;362.7;0.05;UNKNOWN
2016-01-16T00:10:28.000000;2016-01-16T00:10:28.000000;858f970f-5425-47c7-a7af-395b6655e5f3;363.43;1.02;UNKNOWN
2016-01-16T00:10:40.000000;2016-01-16T00:10:40.000000;17c089c2-0fb7-45e7-bc04-d49be4542ed9;362.2;5.6852091;UNKNOWN
2016-01-16T00:10:44.000000;2016-01-16T00:10:44.000000;4a6a1b25-f2d9-4344-a0e9-6d42e8214081;361.22;2.67;UNKNOWN
2016-01-16T00:10:44.000000;2016-01-16T00:10:44.000000;90a3f77b-2063-45c3-bdd9-20787fc2d29f;361.4;0.02;UNKNOWN
2016-01-16T00:10:44.000000;2016-01-16T00:10:44.000000;fa14af3e-7ede-4880-9f4b-e893829afcbe;361.8;0.018;UNKNOWN
2016-01-16T00:10:44.000000;2016-01-16T00:10:44.000000;461bf746-88c6-45fd-a5e5-8a51475995ae;361.5;5.0;UNKNOWN
2016-01-16T00:10:44.000000;2016-01-16T00:10:44.000000;201d878a-d231-4cc6-b6cd-40833ba74aa5;361.24;0.05;UNKNOWN
2016-01-16T00:10:44.000000;2016-01-16T00:10:44.000000;5ac350c0-a23e-4f0c-b267-4ae6aa8d16de;361.44;5.0;UNKNOWN
2016-01-16T00:10:44.000000;2016-01-16T00:10:44.000000;53ddd292-118c-46d9-907a-8ffc33291843;361.22;12.6;UNKNOWN
2016-01-16T00:10:44.000000;2016-01-16T00:10:44.000000;224d9598-419b-444c-bc53-b74c1cfb8a13;362.2;4.3147909;UNKNOWN
2016-01-16T00:10:47.000000;2016-01-16T00:10:47.000000;9589fccd-edc6-4af8-9547-1ce9bbd55f8c;362.18;0.3;UNKNOWN
2016-01-16T00:10:51.000000;2016-01-16T00:10:51.000000;bb906053-bf7c-40af-b7b9-ec71a145d4fc;362.18;0.33;UNKNOWN
2016-01-16T00:10:51.000000;2016-01-16T00:10:51.000000;a6c2c204-0dd0-4d44-a2c2-76d7654d5d3a;362.17;0.06;UNKNOWN
2016-01-16T00:10:51.000000;2016-01-16T00:10:51.000000;d88ae0b2-00d5-4da3-a635-294c0f297d21;362.18;2.94;UNKNOWN
2016-01-16T00:10:52.000000;2016-01-16T00:10:52.000000;e730b921-362e-49b6-995c-a1e84cafc01c;361.24;1.31558085;UNKNOWN
2016-01-16T00:10:52.000000;2016-01-16T00:10:52.000000;1f55b256-7e06-4a40-8c3f-7ed60c06d29e;362.2;3.24;UNKNOWN
2016-01-16T00:10:53.000000;2016-01-16T00:10:53.000000;bf7c6cd9-449f-4d49-9aa9-d497e2692cf7;361.65;0.06;UNKNOWN
2016-01-16T00:11:02.000000;2016-01-16T00:11:02.000000;5896920e-58a3-4674-8ec6-070f472a5bf8;361.25;10.0;UNKNOWN
2016-01-16T00:11:03.000000;2016-01-16T00:11:03.000000;31f0d6b1-2075-4aea-8003-453d7276eec9;361.65;0.021;UNKNOWN
2016-01-16T00:11:05.000000;2016-01-16T00:11:05.000000;27b8f454-fcad-4525-a44b-63fc07761bed;361.6;1.0;UNKNOWN
2016-01-16T00:11:06.000000;2016-01-16T00:11:06.000000;25ee8be2-ef8d-4fec-80d7-02fbd34cf4eb;362.17;0.094;UNKNOWN
2016-01-16T00:11:06.000000;2016-01-16T00:11:06.000000;7441f23a-e086-4893-b87c-26e06554a349;361.65;0.219;UNKNOWN
2016-01-16T00:11:07.000000;2016-01-16T00:11:07.000000;6ffddf0e-7b72-46ba-a7fe-ae3ee249095e;362.17;1.296;UNKNOWN
2016-01-16T00:11:07.000000;2016-01-16T00:11:07.000000;1b9b2ef4-9c52-4ff2-8686-39bcf434d27b;363.38;1.4;UNKNOWN
2016-01-16T00:11:07.000000;2016-01-16T00:11:07.000000;201c3815-94b4-417b-96b0-322e0caf741a;362.94;0.10119457;UNKNOWN
2016-01-16T00:11:07.000000;2016-01-16T00:11:07.000000;947dea41-0962-4012-ad49-e982cdf56c4c;363.37;0.45;UNKNOWN
2016-01-16T00:11:07.000000;2016-01-16T00:11:07.000000;b9c9eda3-c235-4f66-9a8e-ddcd0e679001;363.21;0.05;UNKNOWN
2016-01-16T00:11:07.000000;2016-01-16T00:11:07.000000;a2b37f89-bcd1-40dc-b9c9-ddb5668c0b64;363.0;1.8;UNKNOWN
2016-01-16T00:11:07.000000;2016-01-16T00:11:07.000000;f8f305d5-a9e9-4988-a851-29d8cfdb26da;363.4;5.38280543;UNKNOWN
2016-01-16T00:11:07.000000;2016-01-16T00:11:07.000000;12934cf1-9d49-462c-a369-97c1ef260a8a;363.39;2.02;UNKNOWN
2016-01-16T00:11:09.000000;2016-01-16T00:11:09.000000;bc960951-6f33-4d08-9c9a-f0b2860d7148;361.61;0.90903098;UNKNOWN
2016-01-16T00:11:09.000000;2016-01-16T00:11:09.000000;0d3843f6-379d-4a5b-9971-f11fd48c06ed;361.61;18.0;UNKNOWN
2016-01-16T00:11:09.000000;2016-01-16T00:11:09.000000;24cbe5c0-5248-4671-99b6-7fb2d42404d9;361.61;6.8473;UNKNOWN
2016-01-16T00:11:09.000000;2016-01-16T00:11:09.000000;8c6fd03e-db63-4a81-80fa-6ecb68fdc340;361.61;12.0;UNKNOWN
2016-01-16T00:11:09.000000;2016-01-16T00:11:09.000000;7e8928fb-4529-46a7-be07-7012a37f1fb8;361.7;0.219;UNKNOWN
2016-01-16T00:11:13.000000;2016-01-16T00:11:13.000000;4147fe1c-0c95-4bea-8b2d-67682b271ac6;361.63;0.27207922;UNKNOWN
2016-01-16T00:11:15.000000;2016-01-16T00:11:15.000000;943575a8-2a6a-4f21-a905-3d4819cc8818;361.65;0.081;UNKNOWN
2016-01-16T00:11:15.000000;2016-01-16T00:11:15.000000;22641c06-b574-4ec5-84f3-9f80ea83ce87;361.63;1.919;UNKNOWN
2016-01-16T00:11:17.000000;2016-01-16T00:11:17.000000;35c7cc4e-26e6-45e9-818d-7181301e72d1;362.4;6.8741;UNKNOWN
2016-01-16T00:11:17.000000;2016-01-16T00:11:17.000000;e6fd6d6c-a0ce-44bb-878c-eb7986fb38c0;362.0;3.0;UNKNOWN
2016-01-16T00:11:29.000000;2016-01-16T00:11:29.000000;d09b6982-b542-485b-ac9b-412028d36658;363.4;1.5;UNKNOWN
2016-01-16T00:11:29.000000;2016-01-16T00:11:29.000000;04b8da8d-355d-4fcd-9b67-6babc70030c0;363.36;0.5;UNKNOWN
2016-01-16T00:11:34.000000;2016-01-16T00:11:34.000000;97349adc-6488-4fc0-a1f4-1a9f55ba1189;362.45;0.22;UNKNOWN
2016-01-16T00:11:44.000000;2016-01-16T00:11:44.000000;15d8d6f8-05b9-4e82-9c41-638372e1ddcd;363.34;0.077;UNKNOWN
2016-01-16T00:11:49.000000;2016-01-16T00:11:49.000000;502e4ffb-8bec-4115-b4bd-955bfe4e95f0;363.34;2.4559;UNKNOWN
2016-01-16T00:11:55.000000;2016-01-16T00:11:55.000000;1a20633c-b380-4d47-a21d-48cd22a197a6;363.4;2.0;UNKNOWN
2016-01-16T00:11:55.000000;2016-01-16T00:11:55.000000;1fc0b772-e6f6-40f9-a965-93414c32ff0d;363.4;0.19;UNKNOWN
2016-01-16T00:11:58.000000;2016-01-16T00:11:58.000000;b37e4b6a-7608-4b50-9c0a-0965e132ca84;363.39;3.0;UNKNOWN
2016-01-16T00:12:00.000000;2016-01-16T00:12:00.000000;12503956-73e2-4dd2-aee0-47db8caa1fa7;363.4;0.49;UNKNOWN
2016-01-16T00:12:01.000000;2016-01-16T00:12:01.000000;7e0f9760-817a-4322-9c36-1f8abe1db9cd;363.4;0.43719457;UNKNOWN
2016-01-16T00:12:01.000000;2016-01-16T00:12:01.000000;de09dfb6-8ac6-47a4-a615-0c4474508217;363.74;6.0;UNKNOWN
2016-01-16T00:12:01.000000;2016-01-16T00:12:01.000000;048e1aaa-fb32-4f32-9696-136a552f129b;363.45;5.0;UNKNOWN
2016-01-16T00:12:05.000000;2016-01-16T00:12:05.000000;b54563c0-d4a1-4c96-a4c3-f4a5aee52bba;363.75;0.6774;UNKNOWN
2016-01-16T00:12:07.000000;2016-01-16T00:12:07.000000;48942c9d-2ed0-48b7-89ac-c540832df0dc;363.9;1.0;UNKNOWN
2016-01-16T00:12:07.000000;2016-01-16T00:12:07.000000;fc8dd715-5124-47a1-9c75-f10a3d21728d;363.89;6.8562;UNKNOWN
2016-01-16T00:12:07.000000;2016-01-16T00:12:07.000000;548bb207-e627-4e6e-8aa9-87a213246db6;364.0;2.1438;UNKNOWN
2016-01-16T00:12:10.000000;2016-01-16T00:12:10.000000;10716f24-6aa9-4002-9cb2-641a49d9529f;364.0;5.6062;UNKNOWN
2016-01-16T00:12:13.000000;2016-01-16T00:12:13.000000;300b0238-80b2-4812-ae4f-9e635c79c6c8;364.21;2.11150088;UNKNOWN
2016-01-16T00:12:13.000000;2016-01-16T00:12:13.000000;1a509c23-c78e-435d-9c9e-b0d13c83dbb2;364.05;0.05;UNKNOWN
2016-01-16T00:12:18.000000;2016-01-16T00:12:18.000000;1bbf7ba9-9895-4f0a-b634-722789cac284;364.21;0.54;UNKNOWN
2016-01-16T00:12:20.000000;2016-01-16T00:12:20.000000;c04757a6-6f08-4b50-8abd-9a2a30b96987;364.26;0.03150088;UNKNOWN
2016-01-16T00:12:20.000000;2016-01-16T00:12:20.000000;b0d72ddf-f9a9-48ee-b797-b344cbd0cfd9;364.21;0.41849912;UNKNOWN
2016-01-16T00:12:28.000000;2016-01-16T00:12:28.000000;63014be0-1cbc-43f9-bb28-7e775f6b27cb;364.26;0.01;UNKNOWN
2016-01-16T00:12:30.000000;2016-01-16T00:12:30.000000;2d61cfca-1314-4a76-be9d-06a422b7c199;364.59;0.00150088;UNKNOWN
2016-01-16T00:12:30.000000;2016-01-16T00:12:30.000000;b2deb2f2-7d6d-4a0d-9109-c17c0708cf97;364.26;0.12163587;UNKNOWN
2016-01-16T00:12:30.000000;2016-01-16T00:12:30.000000;4fb2dc39-da7e-4426-9461-3c625b28f5bb;364.26;0.00849912;UNKNOWN
2016-01-16T00:12:33.000000;2016-01-16T00:12:33.000000;5fc521a3-2ede-4ad9-bbf0-193f48c809ff;364.27;0.06;UNKNOWN
2016-01-16T00:12:35.000000;2016-01-16T00:12:35.000000;74d2d5d9-787a-4003-ad89-917baeadc90e;364.59;0.25;UNKNOWN
2016-01-16T00:12:35.000000;2016-01-16T00:12:35.000000;1535556e-e4ae-4f14-b272-fc5368991d5f;364.27;0.06;UNKNOWN
2016-01-16T00:12:36.000000;2016-01-16T00:12:36.000000;a2f59790-be77-47d6-b886-3ba649c9f319;365.03;1.35220088;UNKNOWN
2016-01-16T00:12:36.000000;2016-01-16T00:12:36.000000;3725577a-5aaf-4da7-a258-262b1d5e6e6c;364.59;6.58779912;UNKNOWN
2016-01-16T00:12:36.000000;2016-01-16T00:12:36.000000;d95dc983-181d-403c-8f0b-5e9dfe563dda;364.6;0.04;UNKNOWN
2016-01-16T00:12:36.000000;2016-01-16T00:12:36.000000;4fb9b4e6-89fd-47de-8766-8354bef4eb22;364.6;0.02;UNKNOWN
2016-01-16T00:12:39.000000;2016-01-16T00:12:39.000000;e3eb7e85-1b9b-4549-8749-fe917ffb1954;364.6;0.06;UNKNOWN
2016-01-16T00:12:40.000000;2016-01-16T00:12:40.000000;863dd8b4-ba50-4e9a-91af-f284e2136670;365.03;4.0;UNKNOWN
2016-01-16T00:12:42.000000;2016-01-16T00:12:42.000000;c586dade-f0d2-44dd-aba6-20424b770054;364.61;0.06;UNKNOWN
2016-01-16T00:13:02.000000;2016-01-16T00:13:02.000000;5ebb44e1-06d4-4a1e-b046-422d63c77998;365.02;0.208;UNKNOWN
2016-01-16T00:13:03.000000;2016-01-16T00:13:03.000000;61748a4a-124a-48f1-93c5-17ee1b3955d0;365.1;0.16254553;UNKNOWN
2016-01-16T00:13:03.000000;2016-01-16T00:13:03.000000;9b262319-e7cd-4bd7-a580-26fcae7f7001;365.02;0.777739;UNKNOWN
2016-01-16T00:13:03.000000;2016-01-16T00:13:03.000000;b3c5c514-15c4-4dab-9b93-f3bb5f9306b9;365.1;10.97771547;UNKNOWN
2016-01-16T00:13:03.000000;2016-01-16T00:13:03.000000;1df13dc9-aefa-41ec-9fd8-3325f8506359;365.04;0.582;UNKNOWN
2016-01-16T00:13:14.000000;2016-01-16T00:13:14.000000;8415dc4b-0c22-4481-9355-61102d47687f;365.09;0.94;UNKNOWN
2016-01-16T00:13:14.000000;2016-01-16T00:13:14.000000;50faf367-7e2c-4210-b9ae-c41c404250e4;365.09;0.06;UNKNOWN
2016-01-16T00:13:15.000000;2016-01-16T00:13:15.000000;8c22d371-2ecc-4a10-bbfb-bc8bf0badd28;365.09;2.66;UNKNOWN
2016-01-16T00:13:16.000000;2016-01-16T00:13:16.000000;afe2f768-fbdd-4ace-a17d-84d1f9716461;365.04;5.0;UNKNOWN
2016-01-16T00:13:19.000000;2016-01-16T00:13:19.000000;a5dad52d-b3d7-47fc-b809-6cbcf60d8294;365.09;5.567197;UNKNOWN
2016-01-16T00:13:19.000000;2016-01-16T00:13:19.000000;fb3cd1af-f7ea-4f81-b0da-64320b4a1331;365.09;0.832803;UNKNOWN
2016-01-16T00:13:19.000000;2016-01-16T00:13:19.000000;8b9f1012-5692-4ae1-99ab-6241b4c2114f;365.08;0.1;UNKNOWN
2016-01-16T00:13:19.000000;2016-01-16T00:13:19.000000;0fb4399b-21f7-43ee-bae1-40fcc58effba;365.08;0.832803;UNKNOWN
2016-01-16T00:13:20.000000;2016-01-16T00:13:20.000000;439f9b23-161f-455f-972c-e227754b5988;365.09;0.06;UNKNOWN
2016-01-16T00:13:24.000000;2016-01-16T00:13:24.000000;91d344c6-26d2-45d7-a7b4-f1a56f775405;365.1;0.19;UNKNOWN
2016-01-16T00:13:24.000000;2016-01-16T00:13:24.000000;477f15fa-8ffe-4432-9185-a6728c32ebd0;365.11;0.05;UNKNOWN
2016-01-16T00:13:24.000000;2016-01-16T00:13:24.000000;c92307e8-570f-454c-a76e-94b4a78a3e95;365.1;1.0;UNKNOWN
2016-01-16T00:13:24.000000;2016-01-16T00:13:24.000000;229e2ed9-749c-400a-a764-4f3ff69779b9;365.1;0.64745447;UNKNOWN
2016-01-16T00:13:24.000000;2016-01-16T00:13:24.000000;f50b7daf-1da9-48d9-9de9-676cfa376605;365.18;0.5;UNKNOWN
2016-01-16T00:13:25.000000;2016-01-16T00:13:25.000000;7b28a450-0830-4114-9d04-06a2039929bf;365.18;0.9376;UNKNOWN
2016-01-16T00:13:25.000000;2016-01-16T00:13:25.000000;1f64e748-3b0b-4262-b0a3-134dd464e113;365.24;4.04;UNKNOWN
2016-01-16T00:13:25.000000;2016-01-16T00:13:25.000000;7f61f34d-abb8-4a14-a706-e8151c6acc8d;365.23;5.96;UNKNOWN
2016-01-16T00:13:26.000000;2016-01-16T00:13:26.000000;ac4cbffc-a366-45dc-ae81-448ab0122e95;365.19;0.06;UNKNOWN
2016-01-16T00:13:26.000000;2016-01-16T00:13:26.000000;33e01749-3155-4153-8c3d-8e0143e4a4fd;365.19;0.06;UNKNOWN
2016-01-16T00:13:27.000000;2016-01-16T00:13:27.000000;62e5a293-2b86-478b-9439-8fa12c5c17e5;366.0;1.0;UNKNOWN
2016-01-16T00:13:27.000000;2016-01-16T00:13:27.000000;4125f64a-5c75-4493-9f02-457dc9edbd06;366.0;0.018;UNKNOWN
2016-01-16T00:13:27.000000;2016-01-16T00:13:27.000000;690de9c2-0d6e-4e72-9771-0ee5d968a405;365.24;11.944;UNKNOWN
2016-01-16T00:13:27.000000;2016-01-16T00:13:27.000000;c026d788-57f5-49a8-925c-c258f15eb9ba;365.95;0.05;UNKNOWN
2016-01-16T00:13:27.000000;2016-01-16T00:13:27.000000;d2945980-ea8e-457a-999e-2622a1d8a46d;366.0;0.04323499;UNKNOWN
2016-01-16T00:13:27.000000;2016-01-16T00:13:27.000000;824852a6-1ee6-4fc9-af45-5b9555c8ddd4;365.8;1.0;UNKNOWN
2016-01-16T00:13:27.000000;2016-01-16T00:13:27.000000;56ddd9e0-b9c6-4143-ad5e-5141d357c127;366.0;0.04317806;UNKNOWN
2016-01-16T00:13:28.000000;2016-01-16T00:13:28.000000;2ff47cff-be0b-4dd4-8d0b-5c7b4fcbe8cb;366.0;1.0;UNKNOWN
2016-01-16T00:13:28.000000;2016-01-16T00:13:28.000000;9b36e183-5757-4ef8-a27d-41e60fb3afce;366.0;0.06;UNKNOWN
2016-01-16T00:13:31.000000;2016-01-16T00:13:31.000000;aade2e5f-0286-4230-8065-4ca13c417302;366.3;1.38;UNKNOWN
2016-01-16T00:13:31.000000;2016-01-16T00:13:31.000000;4e6af022-6e94-4ae5-ab4c-63b553505c42;366.08;1.38;UNKNOWN
2016-01-16T00:13:31.000000;2016-01-16T00:13:31.000000;26741ff2-a8b4-4cb7-9125-d33dc9d94614;366.0;0.06;UNKNOWN
2016-01-16T00:13:31.000000;2016-01-16T00:13:31.000000;cfc3f9f6-fd9e-43c2-923d-7255f4864f60;366.01;1.38;UNKNOWN
2016-01-16T00:13:32.000000;2016-01-16T00:13:32.000000;bbdfb907-fe88-4bc8-95d2-49ae7ba7124c;366.33;0.11;UNKNOWN
2016-01-16T00:13:32.000000;2016-01-16T00:13:32.000000;91540722-8bf1-4063-854c-2e2ae4ccf2e2;366.0;0.8276;UNKNOWN
2016-01-16T00:13:33.000000;2016-01-16T00:13:33.000000;9369128f-d5bb-4571-af37-4d70b5239fc1;366.34;0.1;UNKNOWN
2016-01-16T00:13:34.000000;2016-01-16T00:13:34.000000;49cc18b8-2c84-4b4a-bd55-8ceffacffc53;366.38;2.0;UNKNOWN
2016-01-16T00:13:35.000000;2016-01-16T00:13:35.000000;c088d30b-b0d0-4571-9ca6-5fe320ad1a9b;366.0;0.074094;UNKNOWN
2016-01-16T00:13:35.000000;2016-01-16T00:13:35.000000;263e630e-2cda-43fd-8e65-16c34df823d5;366.0;5.0;UNKNOWN
2016-01-16T00:13:36.000000;2016-01-16T00:13:36.000000;2c48dfda-201f-40b1-809a-abf2d6ab47bf;366.36;0.1;UNKNOWN
2016-01-16T00:13:37.000000;2016-01-16T00:13:37.000000;b8de6971-97a6-498c-bf43-6cfedc5e401a;366.38;4.0;UNKNOWN
2016-01-16T00:13:39.000000;2016-01-16T00:13:39.000000;02871f0f-73b9-4afd-9865-6f19570bd5a4;366.38;5.553001;UNKNOWN
2016-01-16T00:13:39.000000;2016-01-16T00:13:39.000000;1e21cf3f-3a62-423f-b9a2-3edd4fbd7257;366.37;0.946999;UNKNOWN
2016-01-16T00:13:39.000000;2016-01-16T00:13:39.000000;8fa87499-37b4-4ca5-952c-8f89389efeea;366.37;4.3;UNKNOWN
2016-01-16T00:13:41.000000;2016-01-16T00:13:41.000000;3ad30d36-3aaf-4283-8aa4-a57ad5f21ba6;366.38;0.017;UNKNOWN
2016-01-16T00:13:42.000000;2016-01-16T00:13:42.000000;3421de48-5ee0-417e-bf1e-16fa56a020d3;366.37;0.06;UNKNOWN
2016-01-16T00:13:42.000000;2016-01-16T00:13:42.000000;83946325-0fd9-4c7c-a44b-d5e898798c94;366.37;1.64503974;UNKNOWN
2016-01-16T00:13:42.000000;2016-01-16T00:13:42.000000;4e39ffe3-9c64-48e7-b83f-777c91fe82f5;366.37;1.9;UNKNOWN
2016-01-16T00:13:44.000000;2016-01-16T00:13:44.000000;b37acb3d-7713-4d0f-9ca6-b0e4d8c7cd4a;366.37;0.69496026;UNKNOWN
2016-01-16T00:13:45.000000;2016-01-16T00:13:45.000000;7b004296-fe99-47f1-95c5-20f6bbfda4d5;366.38;2.0;UNKNOWN
2016-01-16T00:13:46.000000;2016-01-16T00:13:46.000000;f0ddfb50-a0b3-4d69-813e-abb62061dd10;366.37;1.57;UNKNOWN
2016-01-16T00:13:46.000000;2016-01-16T00:13:46.000000;b2ed9d3f-3022-48f4-9d43-bd7b74ee1edb;366.38;2.74;UNKNOWN
2016-01-16T00:13:46.000000;2016-01-16T00:13:46.000000;d1451ebd-06ed-4e55-9f77-0549af8344aa;366.37;0.06;UNKNOWN
2016-01-16T00:13:48.000000;2016-01-16T00:13:48.000000;6208e744-89d6-4ac7-a632-79f3f42e586e;366.37;0.946999;UNKNOWN
2016-01-16T00:13:48.000000;2016-01-16T00:13:48.000000;c8cf37c2-dd6a-4e59-bee1-cfcd9906db6d;366.4;16.16;UNKNOWN
2016-01-16T00:13:48.000000;2016-01-16T00:13:48.000000;33e41c7e-3672-437c-a327-c497e964c998;366.39;3.09;UNKNOWN
2016-01-16T00:13:49.000000;2016-01-16T00:13:49.000000;da2dbd95-03cb-4e3c-bd96-fe02cec1050f;366.38;4.31;UNKNOWN
2016-01-16T00:13:51.000000;2016-01-16T00:13:51.000000;5d0f1e08-bf2c-4678-91d3-3bc86442ae96;366.4;0.45;UNKNOWN
2016-01-16T00:13:51.000000;2016-01-16T00:13:51.000000;8c347fee-6334-4659-9dca-a5da3cf94296;366.4;0.01;UNKNOWN
2016-01-16T00:13:51.000000;2016-01-16T00:13:51.000000;6207f12e-f15e-4763-8058-54f3ccf5c5be;366.38;7.06123522;UNKNOWN
2016-01-16T00:13:51.000000;2016-01-16T00:13:51.000000;ce4c53a9-0977-47c6-81ce-a7c55278533b;366.38;4.31;UNKNOWN
2016-01-16T00:13:51.000000;2016-01-16T00:13:51.000000;ffe6f7d3-e969-45f9-8b2f-7c932aee845d;366.38;0.48876478;UNKNOWN
2016-01-16T00:13:51.000000;2016-01-16T00:13:51.000000;9129ed45-b02f-43ca-a550-b9b6ec22244f;366.38;0.06;UNKNOWN
2016-01-16T00:13:51.000000;2016-01-16T00:13:51.000000;71ad7bd6-5b20-4f59-9a0b-e611b29ee0cb;366.37;2.51594478;UNKNOWN
2016-01-16T00:13:53.000000;2016-01-16T00:13:53.000000;b4bedcdb-d219-4ba3-a9dd-1a29179fd8b8;366.39;4.31;UNKNOWN
2016-01-16T00:13:54.000000;2016-01-16T00:13:54.000000;5f66ef3c-f27e-4a8b-a02b-028d1e9b32fe;366.4;0.43;UNKNOWN
2016-01-16T00:13:55.000000;2016-01-16T00:13:55.000000;1080221e-3f74-4ab2-9bd9-2207f4e5b260;366.39;0.12;UNKNOWN
2016-01-16T00:13:55.000000;2016-01-16T00:13:55.000000;34d2073e-a939-4cf5-a270-558fd50af86e;366.4;7.0;UNKNOWN
2016-01-16T00:13:59.000000;2016-01-16T00:13:59.000000;8c3e344d-3bf8-401f-a390-790810c2f5fb;366.39;5.0;UNKNOWN
2016-01-16T00:14:01.000000;2016-01-16T00:14:01.000000;55053422-5590-4597-b9ae-997235871d9d;366.39;0.06;UNKNOWN
2016-01-16T00:14:06.000000;2016-01-16T00:14:06.000000;d5bfc0ca-43d2-472d-a260-bce28e7ecdd1;366.4;0.06;UNKNOWN
2016-01-16T00:14:06.000000;2016-01-16T00:14:06.000000;a7ba9d44-71f1-4773-b807-6616bb08700e;366.39;0.06;UNKNOWN
2016-01-16T00:14:06.000000;2016-01-16T00:14:06.000000;1b26657c-6aba-45dd-9d06-aad78f8fb381;366.39;3.01;UNKNOWN
2016-01-16T00:14:08.000000;2016-01-16T00:14:08.000000;eb5ca4bd-4782-4bcc-9362-7ab4d5883ed7;366.4;0.2;UNKNOWN
2016-01-16T00:14:08.000000;2016-01-16T00:14:08.000000;8f335a9f-b95b-4567-b205-64a21f206359;366.4;0.573749;UNKNOWN
2016-01-16T00:14:08.000000;2016-01-16T00:14:08.000000;07f1addd-b689-4dd0-96cb-773f216edde1;366.4;0.17302761;UNKNOWN
2016-01-16T00:14:08.000000;2016-01-16T00:14:08.000000;1db355ec-5df0-49fc-b53a-d84f81d08a1a;366.4;0.2;UNKNOWN
2016-01-16T00:14:10.000000;2016-01-16T00:14:10.000000;699609c7-ea67-4469-b1a3-cb42db17fe7f;366.39;1.0;UNKNOWN
2016-01-16T00:14:11.000000;2016-01-16T00:14:11.000000;cfeb60bf-a4ae-43f4-a5ee-35dc877532dc;366.79;0.05;UNKNOWN
2016-01-16T00:14:11.000000;2016-01-16T00:14:11.000000;3c05ab5c-0c9a-4c5d-8652-b6c539c8464e;367.0;0.02;UNKNOWN
2016-01-16T00:14:11.000000;2016-01-16T00:14:11.000000;564e8a2e-6ccc-4b60-90a5-36e67df1f72f;366.99;0.04;UNKNOWN
2016-01-16T00:14:11.000000;2016-01-16T00:14:11.000000;6afbae82-de9e-4aee-a5f0-c3182445ee42;366.9;0.5;UNKNOWN
2016-01-16T00:14:11.000000;2016-01-16T00:14:11.000000;581bec77-195b-4439-87e8-1a806854d1d2;366.95;0.05;UNKNOWN
2016-01-16T00:14:11.000000;2016-01-16T00:14:11.000000;4f508ef7-07ee-4dd9-9c4f-2159afc78b56;366.97;1.0;UNKNOWN
2016-01-16T00:14:11.000000;2016-01-16T00:14:11.000000;89bc7d67-fca1-4009-8db7-4b75a0c89f27;366.88;0.5;UNKNOWN
2016-01-16T00:14:11.000000;2016-01-16T00:14:11.000000;a84381d5-8c77-4737-b51e-3c9047fc333f;366.47;0.48;UNKNOWN
2016-01-16T00:14:11.000000;2016-01-16T00:14:11.000000;67ac6c15-01ee-4fea-b3e0-e114c5eca692;367.24;0.228;UNKNOWN
2016-01-16T00:14:11.000000;2016-01-16T00:14:11.000000;bd8b3d12-c923-4aa2-b48d-d63c3f3ef321;367.24;4.53694513;UNKNOWN
2016-01-16T00:14:11.000000;2016-01-16T00:14:11.000000;bec00fe6-44bd-4143-8c13-2c706ba66ec0;367.0;0.25;UNKNOWN
2016-01-16T00:14:11.000000;2016-01-16T00:14:11.000000;83e61e4f-907f-482a-998a-11a618b48bb5;367.24;0.2;UNKNOWN
2016-01-16T00:14:11.000000;2016-01-16T00:14:11.000000;09671471-d8fa-4620-9c4d-7c244f907f7b;366.5;1.0;UNKNOWN
2016-01-16T00:14:11.000000;2016-01-16T00:14:11.000000;47af9e58-bb4e-49ac-ad9f-a5d33b28ced6;366.4;14.74322339;UNKNOWN
2016-01-16T00:14:11.000000;2016-01-16T00:14:11.000000;c55cc367-c241-4471-9eef-1cfaf7f5d523;367.0;1.0;UNKNOWN
2016-01-16T00:14:11.000000;2016-01-16T00:14:11.000000;230db6ac-55aa-4baa-8da9-4554bcec5f60;366.4;2.0;UNKNOWN
2016-01-16T00:14:11.000000;2016-01-16T00:14:11.000000;da958642-317b-4236-a143-08015c25f873;367.0;5.0;UNKNOWN
2016-01-16T00:14:12.000000;2016-01-16T00:14:12.000000;de7b8f3c-e2f0-41a3-8a66-af6c3c2d78e6;366.4;1.90507661;UNKNOWN
2016-01-16T00:14:13.000000;2016-01-16T00:14:13.000000;311fec10-f682-4bc9-a5a1-ec67bcb781b4;367.23;0.8;UNKNOWN
2016-01-16T00:14:13.000000;2016-01-16T00:14:13.000000;d2cae887-17c5-4b68-9141-754fb6624408;366.41;0.1;UNKNOWN
2016-01-16T00:14:14.000000;2016-01-16T00:14:14.000000;eebb6594-263a-458f-9f27-5f02a8367f87;367.01;0.02438339;UNKNOWN
2016-01-16T00:14:15.000000;2016-01-16T00:14:15.000000;1cc2b891-dfb5-4bab-829d-ea72930ad374;367.24;1.0;UNKNOWN
2016-01-16T00:14:17.000000;2016-01-16T00:14:17.000000;764ac2ab-884e-41af-8ed1-9880c31c1f6f;367.01;1.54;UNKNOWN
2016-01-16T00:14:20.000000;2016-01-16T00:14:20.000000;fa4c0439-0eea-483a-872b-4f3d38366a34;367.24;2.0;UNKNOWN
2016-01-16T00:14:22.000000;2016-01-16T00:14:22.000000;fd368e36-056e-4fda-a6cf-48a5f36c72f5;367.24;0.2;UNKNOWN
2016-01-16T00:14:23.000000;2016-01-16T00:14:23.000000;f8ae8c54-701e-4243-8c23-fd6cdeab877a;367.5;0.46192815;UNKNOWN
2016-01-16T00:14:23.000000;2016-01-16T00:14:23.000000;10052bfa-cab4-4592-b90c-58c0d6f69f80;367.73;0.1;UNKNOWN
2016-01-16T00:14:23.000000;2016-01-16T00:14:23.000000;80b07e66-1f4d-4a05-a030-307be8dff501;367.87;0.79764043;UNKNOWN
2016-01-16T00:14:23.000000;2016-01-16T00:14:23.000000;ab33c540-5170-4649-b356-d959006c5c12;367.5;0.25;UNKNOWN
2016-01-16T00:14:23.000000;2016-01-16T00:14:23.000000;ed642ee8-edec-4bde-8ba4-4ec366b1e446;367.23;0.02438339;UNKNOWN
2016-01-16T00:14:23.000000;2016-01-16T00:14:23.000000;4e6246e7-aeca-44b7-820f-e8b4938c6102;367.27;1.0;UNKNOWN
2016-01-16T00:14:23.000000;2016-01-16T00:14:23.000000;afddeddf-62e1-4c04-822d-4023aff1b124;367.5;0.03;UNKNOWN
2016-01-16T00:14:23.000000;2016-01-16T00:14:23.000000;7d5000f8-6e25-45d2-89d8-87f9dd826159;367.57;0.27604803;UNKNOWN
2016-01-16T00:14:23.000000;2016-01-16T00:14:23.000000;f285e1ef-a31b-4e7d-8567-64106b58ba8c;367.04;0.25;UNKNOWN
2016-01-16T00:14:23.000000;2016-01-16T00:14:23.000000;1913aea0-a7b9-48ed-8615-4611b00605c2;367.69;0.06;UNKNOWN
2016-01-16T00:14:25.000000;2016-01-16T00:14:25.000000;d58a6ce5-3b29-421b-81b9-9aad8424fabe;367.87;0.5;UNKNOWN
2016-01-16T00:14:28.000000;2016-01-16T00:14:28.000000;b558177d-29df-4447-ac44-9deefbb533f4;367.06;4.87;UNKNOWN
2016-01-16T00:14:28.000000;2016-01-16T00:14:28.000000;300bfd47-2b21-41ae-a33b-38c7f472508e;367.05;0.13;UNKNOWN
2016-01-16T00:14:32.000000;2016-01-16T00:14:32.000000;0c457fbd-bd90-41af-8892-9fd50015b154;367.05;0.02761991;UNKNOWN
2016-01-16T00:14:36.000000;2016-01-16T00:14:36.000000;031bf608-ac2e-48ed-bfd1-1ca93469d709;367.02;6.8066;UNKNOWN
2016-01-16T00:14:36.000000;2016-01-16T00:14:36.000000;719181b6-38b1-4924-94c0-9b193479f2fe;367.07;0.52561661;UNKNOWN
2016-01-16T00:14:36.000000;2016-01-16T00:14:36.000000;1e8bd604-dea3-45c2-a676-beb2fbcf8f30;367.04;1.37;UNKNOWN
2016-01-16T00:14:36.000000;2016-01-16T00:14:36.000000;d63a3fa8-ac99-43f2-b77d-6bc6da358f6c;367.0;16.0;UNKNOWN
2016-01-16T00:14:36.000000;2016-01-16T00:14:36.000000;20534dac-67e1-40f1-b843-d518974b5be8;367.85;0.2;UNKNOWN
2016-01-16T00:14:36.000000;2016-01-16T00:14:36.000000;1cd25761-c6eb-4055-8392-df88c9403b75;367.0;1.0;UNKNOWN
2016-01-16T00:14:41.000000;2016-01-16T00:14:41.000000;8ec4b46c-aaa6-4ad0-993e-55a68a00ff8b;366.45;1.37;UNKNOWN
2016-01-16T00:14:45.000000;2016-01-16T00:14:45.000000;4768c6a2-90a8-4959-be2f-3d8187148652;366.44;0.1;UNKNOWN
2016-01-16T00:14:47.000000;2016-01-16T00:14:47.000000;ea74f232-a6c8-4c5b-865d-5d0f69bc5b32;366.44;15.0;UNKNOWN
2016-01-16T00:14:49.000000;2016-01-16T00:14:49.000000;ab11b374-589d-42a1-9365-a210f0a38657;367.56;2.08473322;UNKNOWN
2016-01-16T00:14:49.000000;2016-01-16T00:14:49.000000;d9705dd6-71b0-4efd-a0b0-1195bdd62f83;366.45;0.57078339;UNKNOWN
2016-01-16T00:14:49.000000;2016-01-16T00:14:49.000000;0d77735c-ab1f-4172-802a-1ab431dbcf75;366.44;6.81;UNKNOWN
2016-01-16T00:14:49.000000;2016-01-16T00:14:49.000000;458e0abf-aa15-42a8-83f0-8f89d39ee02e;366.44;0.02438339;UNKNOWN
2016-01-16T00:15:15.000000;2016-01-16T00:15:15.000000;196c31e9-d6c0-4999-bd0e-6e1642dac7c1;367.02;0.05;UNKNOWN
2016-01-16T00:15:16.000000;2016-01-16T00:15:16.000000;233ad340-28be-4d51-b2e6-c1ce1ec38cb1;367.02;1.10132774;UNKNOWN
2016-01-16T00:15:17.000000;2016-01-16T00:15:17.000000;2712f8dd-b839-4cf9-9188-620d820015c3;367.02;1.0;UNKNOWN
2016-01-16T00:15:23.000000;2016-01-16T00:15:23.000000;47bcdac7-f803-457c-b843-4e17b5f1c853;367.53;0.0477;UNKNOWN
2016-01-16T00:15:23.000000;2016-01-16T00:15:23.000000;82ad5efb-b633-4197-a093-07644754bdf8;367.54;0.433;UNKNOWN
2016-01-16T00:15:23.000000;2016-01-16T00:15:23.000000;4338d6f7-dd16-4907-b11f-7782f0830543;367.53;0.5;UNKNOWN
2016-01-16T00:15:23.000000;2016-01-16T00:15:23.000000;c9f5bd52-3144-4e0b-a5aa-f4e973d8cb20;367.02;1.0;UNKNOWN
2016-01-16T00:15:38.000000;2016-01-16T00:15:38.000000;1520c4a7-d6fd-472d-a1bd-59bbe436f869;367.05;0.2;UNKNOWN
2016-01-16T00:15:43.000000;2016-01-16T00:15:43.000000;7f7ee9ec-b5c7-4d89-9122-1e78d6b86e91;367.28;0.34004954;UNKNOWN
2016-01-16T00:15:44.000000;2016-01-16T00:15:44.000000;067f6a9d-6aa3-426b-a7f0-254ec0499000;367.27;2.08473322;UNKNOWN
2016-01-16T00:15:44.000000;2016-01-16T00:15:44.000000;6f1bc1ee-83a6-425a-b644-0508e3204474;367.28;6.47505046;UNKNOWN
2016-01-16T00:15:44.000000;2016-01-16T00:15:44.000000;1911bc72-53ac-4266-938b-fa0df62d002a;367.0;1.0;UNKNOWN
2016-01-16T00:15:44.000000;2016-01-16T00:15:44.000000;3dfea12f-aaaf-4862-a2d6-1403cd016e17;367.26;3.0;UNKNOWN
2016-01-16T00:15:44.000000;2016-01-16T00:15:44.000000;618a57a3-5da8-434f-b6c4-14e56c5440d2;367.04;1.37;UNKNOWN
2016-01-16T00:15:44.000000;2016-01-16T00:15:44.000000;1083d424-e5eb-4fa3-98aa-c0864d577e5c;367.05;1.37;UNKNOWN
2016-01-16T00:15:44.000000;2016-01-16T00:15:44.000000;85fc1bdf-02dc-4718-b381-2a142526acc9;367.04;1.37;UNKNOWN
2016-01-16T00:15:44.000000;2016-01-16T00:15:44.000000;09150887-b715-4961-8d13-699c4baab07a;367.0;1.56;UNKNOWN
2016-01-16T00:15:44.000000;2016-01-16T00:15:44.000000;7683d472-e236-4831-a9f0-a57702d50ac9;367.05;1.37;UNKNOWN
2016-01-16T00:15:44.000000;2016-01-16T00:15:44.000000;a99ad1a7-12f5-4c00-ae45-d41f60b0889f;367.0;30.40021632;UNKNOWN
2016-01-16T00:15:56.000000;2016-01-16T00:15:56.000000;3e429aa8-9b98-4d85-9132-4d5c5e47a9ae;367.0;3.0;UNKNOWN
2016-01-16T00:15:56.000000;2016-01-16T00:15:56.000000;094ce441-7b11-45ac-87fa-83de0a653dd0;367.0;1.0;UNKNOWN
2016-01-16T00:16:03.000000;2016-01-16T00:16:03.000000;196888bf-89eb-4ab6-bbd1-ed4741ff205e;367.0;0.035;UNKNOWN
2016-01-16T00:16:06.000000;2016-01-16T00:16:06.000000;39756d67-aae1-47ab-9ac4-108f5fad0d80;367.0;0.3248;UNKNOWN
2016-01-16T00:16:11.000000;2016-01-16T00:16:11.000000;690db460-6801-4954-9abe-7ce0e75cc4b4;367.0;1.68571551;UNKNOWN
2016-01-16T00:16:20.000000;2016-01-16T00:16:20.000000;4e0d7f62-ea3a-4614-8b4b-874098264212;367.03;1.47;UNKNOWN
2016-01-16T00:16:22.000000;2016-01-16T00:16:22.000000;6949dd5d-10ea-4e0e-af5a-39d0a217c850;367.04;0.1488;UNKNOWN
2016-01-16T00:16:34.000000;2016-01-16T00:16:34.000000;912e1497-9aab-4f79-84c7-f7f7f7b78119;367.01;5.0;UNKNOWN
2016-01-16T00:16:36.000000;2016-01-16T00:16:36.000000;d3953e22-e20c-4ff9-82f7-1737b488a88c;367.04;1.5;UNKNOWN
2016-01-16T00:16:45.000000;2016-01-16T00:16:45.000000;cbbcfe3f-125d-4782-a56a-a66dd07955b8;367.55;5.0;UNKNOWN
2016-01-16T00:16:45.000000;2016-01-16T00:16:45.000000;0589365a-51c6-41b1-ae7e-717e4ce4af73;367.4;6.7846;UNKNOWN
2016-01-16T00:16:45.000000;2016-01-16T00:16:45.000000;c8966144-094f-4976-a9d1-803f3bd84a81;367.04;3.3512;UNKNOWN
2016-01-16T00:16:45.000000;2016-01-16T00:16:45.000000;4f481279-3f78-4856-9713-6b1968656506;367.55;5.0;UNKNOWN
2016-01-16T00:16:45.000000;2016-01-16T00:16:45.000000;118d7988-ab91-4468-928c-09f8cff58d11;367.43;1.13;UNKNOWN
2016-01-16T00:16:45.000000;2016-01-16T00:16:45.000000;52dbc28f-3314-4d1f-8e53-94fe0231fc23;367.6;1.0;UNKNOWN
2016-01-16T00:16:45.000000;2016-01-16T00:16:45.000000;a644439b-6296-4c75-b937-148bd9d96c71;367.8;0.01;UNKNOWN
2016-01-16T00:16:45.000000;2016-01-16T00:16:45.000000;dfc7b829-67a3-45f7-997b-ca89d1112c02;367.54;1.567;UNKNOWN
2016-01-16T00:16:45.000000;2016-01-16T00:16:45.000000;e16a687e-c261-47e5-8b0c-e44a81245f9e;367.85;6.1572;UNKNOWN
2016-01-16T00:16:58.000000;2016-01-16T00:16:58.000000;96a92497-6f5b-4ce5-ad31-69c79b9baaba;367.01;1.37;UNKNOWN
2016-01-16T00:16:58.000000;2016-01-16T00:16:58.000000;89fb5cdd-c3ba-4d86-a4ca-32598b8269e7;367.02;6.7422;UNKNOWN
2016-01-16T00:16:58.000000;2016-01-16T00:16:58.000000;3fff6d0f-6a73-4d6d-9f80-64db4e68fb8d;367.02;1.37;UNKNOWN
2016-01-16T00:16:58.000000;2016-01-16T00:16:58.000000;a589fae5-0194-4c84-a19d-0eb9b68bf9cc;367.01;0.5178;UNKNOWN
2016-01-16T00:17:05.000000;2016-01-16T00:17:05.000000;b31f1ae7-f3a4-4c2e-9386-a0f32dbb132e;366.54;3.0;UNKNOWN
2016-01-16T00:17:05.000000;2016-01-16T00:17:05.000000;fc289a3c-5c39-47f3-8491-02055b606951;366.54;0.5;UNKNOWN
2016-01-16T00:17:05.000000;2016-01-16T00:17:05.000000;9516e23c-742e-4256-97ca-c64c5ef61e3d;366.54;7.0437;UNKNOWN
2016-01-16T00:17:05.000000;2016-01-16T00:17:05.000000;9bff41e2-3024-4e68-abd5-44569654f468;366.54;6.0;UNKNOWN
2016-01-16T00:17:10.000000;2016-01-16T00:17:10.000000;01107d17-91e4-4988-aeea-0a0b81f2273d;366.53;20.0;UNKNOWN
2016-01-16T00:17:11.000000;2016-01-16T00:17:11.000000;c3260db5-de71-45e1-9e31-c79ac6da673b;366.53;5.0;UNKNOWN
2016-01-16T00:17:13.000000;2016-01-16T00:17:13.000000;545e8c75-100e-49a2-8c33-9797d6494aa3;368.99;0.5;UNKNOWN
2016-01-16T00:17:13.000000;2016-01-16T00:17:13.000000;9943d6a7-b7fa-42bc-a581-a53ece894448;368.67;15.84;UNKNOWN
2016-01-16T00:17:13.000000;2016-01-16T00:17:13.000000;6cee3c76-f499-48fc-bbc2-59b74fc69179;368.92;0.06;UNKNOWN
2016-01-16T00:17:13.000000;2016-01-16T00:17:13.000000;e92d0ef4-0502-49ed-a3b2-21f01824bc18;368.76;0.04;UNKNOWN
2016-01-16T00:17:13.000000;2016-01-16T00:17:13.000000;78f041ce-4c47-4207-92e3-76bf4d920e11;368.42;1.37;UNKNOWN
2016-01-16T00:17:13.000000;2016-01-16T00:17:13.000000;c4a50570-7cc2-433c-ba33-4b958b184839;367.99;2.02;UNKNOWN
2016-01-16T00:17:13.000000;2016-01-16T00:17:13.000000;f671cc8f-5b11-49c9-9d98-304943032d15;368.83;1.37;UNKNOWN
2016-01-16T00:17:13.000000;2016-01-16T00:17:13.000000;d772f086-ad9c-4f61-a32c-c18808a1ab80;369.0;3.5;UNKNOWN
2016-01-16T00:17:13.000000;2016-01-16T00:17:13.000000;caea5e26-75f2-4e9d-a2f1-4f42500bb69c;368.99;0.5;UNKNOWN
2016-01-16T00:17:13.000000;2016-01-16T00:17:13.000000;cb77e17f-764c-4c7a-b434-92db01291865;369.0;5.0;UNKNOWN
2016-01-16T00:17:13.000000;2016-01-16T00:17:13.000000;bf63927b-5d54-47ae-be7f-ef7e87509bb0;369.15;0.414;UNKNOWN
2016-01-16T00:17:13.000000;2016-01-16T00:17:13.000000;9106cab7-d41d-4a94-86e8-b76b95bcd6f8;369.09;0.04;UNKNOWN
2016-01-16T00:17:13.000000;2016-01-16T00:17:13.000000;516bc037-9c96-4832-be15-b9340ad56ea8;369.18;35.527;UNKNOWN
2016-01-16T00:17:13.000000;2016-01-16T00:17:13.000000;901dec76-cc2e-4649-9438-b5c0224319d2;369.17;5.0;UNKNOWN
2016-01-16T00:17:13.000000;2016-01-16T00:17:13.000000;61ed99f5-c245-4430-b842-759deca53de0;369.14;23.98;UNKNOWN
2016-01-16T00:17:13.000000;2016-01-16T00:17:13.000000;10b8afe0-538d-4e86-a05b-38062d1d944e;368.67;10.0;UNKNOWN
2016-01-16T00:17:13.000000;2016-01-16T00:17:13.000000;fded52f1-528d-4111-a845-2dd4284f6f90;368.68;34.7458;UNKNOWN
2016-01-16T00:17:13.000000;2016-01-16T00:17:13.000000;c43d64a0-724f-43ae-b7f5-7470ff8a3304;368.66;4.02;UNKNOWN
2016-01-16T00:17:13.000000;2016-01-16T00:17:13.000000;f0dd4fe3-7d32-43f0-a6f2-571295a98524;368.56;4.16;UNKNOWN
2016-01-16T00:17:13.000000;2016-01-16T00:17:13.000000;26d592d6-1b30-4ff4-a13e-f98f45783d57;367.21;0.5;UNKNOWN
2016-01-16T00:17:13.000000;2016-01-16T00:17:13.000000;0700e641-a003-41fc-a93b-22909395fbe7;367.3;21.19252846;UNKNOWN
2016-01-16T00:17:13.000000;2016-01-16T00:17:13.000000;074e45ea-7914-4505-8c3d-a2b954e32173;367.22;6.7908;UNKNOWN
2016-01-16T00:17:13.000000;2016-01-16T00:17:13.000000;b3ef197c-7b19-4678-8e9a-9c7fb7064cf0;367.29;18.0;UNKNOWN
2016-01-16T00:17:13.000000;2016-01-16T00:17:13.000000;b388e386-1663-4988-9f86-879ae7436622;367.29;12.0;UNKNOWN
2016-01-16T00:17:13.000000;2016-01-16T00:17:13.000000;6f876fda-d242-4564-b2bc-49461217a8a3;367.21;6.0;UNKNOWN
2016-01-16T00:17:13.000000;2016-01-16T00:17:13.000000;386c945b-ffdf-4fab-97e0-2439bd2776f3;367.21;5.0;UNKNOWN
2016-01-16T00:17:13.000000;2016-01-16T00:17:13.000000;23e9cccf-a342-4274-86ee-bca19195dca8;367.66;1.37;UNKNOWN
2016-01-16T00:17:13.000000;2016-01-16T00:17:13.000000;84bec795-f50c-4a91-b467-6840465aecfb;368.0;0.1;UNKNOWN
2016-01-16T00:17:13.000000;2016-01-16T00:17:13.000000;696f2135-3eaf-4958-a170-db68c1ac3b29;367.8;8.0;UNKNOWN
2016-01-16T00:17:13.000000;2016-01-16T00:17:13.000000;37d093cb-fcb6-402d-905c-a98a7af5282f;367.57;1.37;UNKNOWN
2016-01-16T00:17:13.000000;2016-01-16T00:17:13.000000;b6ee451f-1010-4dc4-b79f-d337e7809720;368.59;2.99;UNKNOWN
2016-01-16T00:17:13.000000;2016-01-16T00:17:13.000000;0e0bedb3-0eb1-4317-96c2-88165ddea1e1;367.79;10.8046;UNKNOWN
2016-01-16T00:17:13.000000;2016-01-16T00:17:13.000000;4c39de20-b4cd-4222-b666-3fc023d664a4;368.0;4.29854683;UNKNOWN
2016-01-16T00:17:13.000000;2016-01-16T00:17:13.000000;ec30d7ae-f05a-42c6-b738-067e5a82020e;367.86;1.02;UNKNOWN
2016-01-16T00:17:13.000000;2016-01-16T00:17:13.000000;f101959d-bdd0-4f82-bed3-b5b9d7a3f32d;367.87;2.84486796;UNKNOWN
2016-01-16T00:17:13.000000;2016-01-16T00:17:13.000000;97640b7f-0a61-4040-812c-6c0ec012c21d;368.18;0.011;UNKNOWN
2016-01-16T00:17:13.000000;2016-01-16T00:17:13.000000;9d42ef32-df4c-4468-bea1-6395edf754c3;368.19;0.458;UNKNOWN
2016-01-16T00:17:13.000000;2016-01-16T00:17:13.000000;69b65195-ceb0-4a82-a501-1664554d4d74;368.2;0.02;UNKNOWN
2016-01-16T00:17:13.000000;2016-01-16T00:17:13.000000;669818d3-8647-4581-b823-8c3805e7c15c;368.53;1.37;UNKNOWN
2016-01-16T00:17:13.000000;2016-01-16T00:17:13.000000;04603dbc-4b89-4fcf-b1c3-245e16c4a3a8;368.2;25.0;UNKNOWN
2016-01-16T00:17:13.000000;2016-01-16T00:17:13.000000;592a27dd-fccf-471b-9230-9941b9719bea;368.39;3.02;UNKNOWN
2016-01-16T00:17:13.000000;2016-01-16T00:17:13.000000;e2de9506-7d2c-4af8-8148-52585908b99f;368.27;1.0;UNKNOWN
2016-01-16T00:17:13.000000;2016-01-16T00:17:13.000000;211d422c-0c9f-4b20-97f2-85288b88ef80;368.33;1.37;UNKNOWN
2016-01-16T00:17:13.000000;2016-01-16T00:17:13.000000;6decda60-b385-42ab-bdc6-653d668271b8;368.36;0.05;UNKNOWN
2016-01-16T00:17:13.000000;2016-01-16T00:17:13.000000;83fb3e1c-5f82-4f27-8299-72929b93dcae;368.33;29.8819;UNKNOWN
2016-01-16T00:17:18.000000;2016-01-16T00:17:18.000000;b8062505-6015-48d8-999d-ebad04a9b2d0;366.55;0.01240037;UNKNOWN
2016-01-16T00:17:19.000000;2016-01-16T00:17:19.000000;4df1f289-2777-4dfe-948c-dc12b4c962b9;366.55;0.01240037;UNKNOWN
2016-01-16T00:17:27.000000;2016-01-16T00:17:27.000000;1ae63af8-3e71-45d9-ae98-9957f0612386;367.16;0.1;UNKNOWN
2016-01-16T00:17:27.000000;2016-01-16T00:17:27.000000;06822f16-e659-48c2-98f1-73abd888f7c1;366.65;33.5632;UNKNOWN
2016-01-16T00:17:28.000000;2016-01-16T00:17:28.000000;fa68f6d7-6cfd-4fb4-ba64-a829045a7dcd;367.0;0.7537;UNKNOWN
2016-01-16T00:17:31.000000;2016-01-16T00:17:31.000000;c0091462-826a-48c7-bf21-5c6b3f722fc1;367.0;0.01483973;UNKNOWN
2016-01-16T00:17:33.000000;2016-01-16T00:17:33.000000;6b51fe5b-aa57-45bb-b53a-92b12a7fa342;367.0;0.01483973;UNKNOWN
2016-01-16T00:17:35.000000;2016-01-16T00:17:35.000000;2329880f-f289-4022-ab48-9be80d435da4;367.0;0.01483852;UNKNOWN
2016-01-16T00:17:43.000000;2016-01-16T00:17:43.000000;16015896-59f8-4470-8da2-148c299c3344;367.16;0.962;UNKNOWN
2016-01-16T00:17:49.000000;2016-01-16T00:17:49.000000;61eb14ee-6404-4293-aec1-afcaa7b1cf42;367.03;0.07047397;UNKNOWN
2016-01-16T00:17:50.000000;2016-01-16T00:17:50.000000;cf32eded-6cde-4498-8dba-ccf3b0ff46b4;367.03;0.7;UNKNOWN
2016-01-16T00:17:50.000000;2016-01-16T00:17:50.000000;9278aea1-daa3-4af8-ad7d-8453c427deaf;367.03;0.070633;UNKNOWN
2016-01-16T00:17:52.000000;2016-01-16T00:17:52.000000;88061a44-c3ba-47a6-8502-1f45766e5536;367.05;0.07047013;UNKNOWN
2016-01-16T00:18:03.000000;2016-01-16T00:18:03.000000;95da1654-f4d5-4914-b103-eb06d382690a;367.15;1.14260014;UNKNOWN
2016-01-16T00:18:03.000000;2016-01-16T00:18:03.000000;92c8b68d-663b-4879-a2f9-5c7763b8872b;367.09;0.06631959;UNKNOWN
2016-01-16T00:18:12.000000;2016-01-16T00:18:12.000000;6cd3afd9-e5e6-4564-b340-870cc4a3ef36;367.66;19.0729;UNKNOWN
