time_exchange;time_coinpai;guid;price;base_amount;taker_side
2016-03-04T00:02:07.000000;2016-03-04T00:02:07.000000;e8987e49-87ae-416e-aa95-e103516e5dda;420.57;3.49;UNKNOWN
2016-03-04T00:02:07.000000;2016-03-04T00:02:07.000000;5451a9ba-c399-4b66-9c2b-90e18054edbb;420.56;4.12397026;UNKNOWN
2016-03-04T00:02:07.000000;2016-03-04T00:02:07.000000;02897927-ce28-45db-83bd-4d71f0921f98;420.19;0.87602974;UNKNOWN
2016-03-04T00:02:09.000000;2016-03-04T00:02:09.000000;43536820-1b70-46e9-a730-3710b7d06da7;420.19;0.11248518;UNKNOWN
2016-03-04T00:02:13.000000;2016-03-04T00:02:13.000000;5d2928a5-f30e-43df-8b6c-6fae56ddbf18;420.56;0.12;UNKNOWN
2016-03-04T00:02:13.000000;2016-03-04T00:02:13.000000;209865c7-8f52-4f66-897d-054abfcb1106;420.58;2.0;UNKNOWN
2016-03-04T00:02:13.000000;2016-03-04T00:02:13.000000;b7c19544-a1ca-4433-be99-7663aebb4a28;420.57;1.51;UNKNOWN
2016-03-04T00:02:13.000000;2016-03-04T00:02:13.000000;1dca7ccf-f2d0-4e92-8bb6-e218ce458773;420.64;2.37;UNKNOWN
2016-03-04T00:03:42.000000;2016-03-04T00:03:42.000000;188713d8-d13e-4805-a0be-99681a31d182;420.51;5.0;UNKNOWN
2016-03-04T00:03:54.000000;2016-03-04T00:03:54.000000;f81fef7e-294d-4d25-ad77-508f6a4f2441;420.51;3.34292;UNKNOWN
2016-03-04T00:04:06.000000;2016-03-04T00:04:06.000000;967b2836-7e42-4827-8bb6-44517f1d2fa5;420.17;0.04605271;UNKNOWN
2016-03-04T00:05:59.000000;2016-03-04T00:05:59.000000;4307b7ab-5e67-4515-93f1-b883f2900b16;420.51;0.4;UNKNOWN
2016-03-04T00:10:24.000000;2016-03-04T00:10:24.000000;2bbf07ef-e523-4509-b95f-f0bfc4bbac5a;420.51;0.42805165;UNKNOWN
2016-03-04T00:12:53.000000;2016-03-04T00:12:53.000000;24a6aa60-b195-4b95-ac03-ad08aabd7475;420.51;0.1275;UNKNOWN
2016-03-04T00:14:24.000000;2016-03-04T00:14:24.000000;6f507858-0024-48c9-95a7-34ea70e26952;420.51;1.44301042;UNKNOWN
2016-03-04T00:14:24.000000;2016-03-04T00:14:24.000000;38240e37-b3c2-4537-9b8d-a4e7e9d61c36;420.51;0.70152835;UNKNOWN
2016-03-04T00:15:06.000000;2016-03-04T00:15:06.000000;59f3ca64-92f6-4bea-a470-cc0a66032db8;420.55;4.90301042;UNKNOWN
2016-03-04T00:15:06.000000;2016-03-04T00:15:06.000000;5d948998-4856-4380-bd37-83a508a9541a;420.51;0.79698958;UNKNOWN
2016-03-04T00:15:44.000000;2016-03-04T00:15:44.000000;242e5e57-fcdf-4756-a633-296d8de352b4;420.55;5.0;UNKNOWN
2016-03-04T00:16:07.000000;2016-03-04T00:16:07.000000;52bb29fe-6953-422f-afd1-9a7ed54ba72f;420.55;0.09698958;UNKNOWN
2016-03-04T00:16:07.000000;2016-03-04T00:16:07.000000;9fe13062-1ec0-4e7c-ab4f-9b4523beb17c;420.57;4.90301042;UNKNOWN
2016-03-04T00:16:14.000000;2016-03-04T00:16:14.000000;557bfdcb-e051-42b2-91e8-ec68a9862748;420.57;0.09698958;UNKNOWN
2016-03-04T00:16:14.000000;2016-03-04T00:16:14.000000;151c6179-2d19-407b-a395-b7e75e93665e;420.57;4.90301042;UNKNOWN
2016-03-04T00:16:48.000000;2016-03-04T00:16:48.000000;69b72e50-fef0-4a31-9da8-780f354fae8e;420.56;0.47835506;UNKNOWN
2016-03-04T00:19:08.000000;2016-03-04T00:19:08.000000;a2f634d1-4a9e-46e8-966b-a029214320ee;420.56;0.11843638;UNKNOWN
2016-03-04T00:19:34.000000;2016-03-04T00:19:34.000000;310d4b02-56fd-45b8-bd91-a9e6782dba2e;420.56;3.581258;UNKNOWN
2016-03-04T00:19:47.000000;2016-03-04T00:19:47.000000;8a438046-7d01-4e6c-b1c6-93f0dfda0005;420.56;5.9014;UNKNOWN
2016-03-04T00:19:47.000000;2016-03-04T00:19:47.000000;bc7951fb-4715-4998-8540-14336a9e979a;420.56;8.93418165;UNKNOWN
2016-03-04T00:22:37.000000;2016-03-04T00:22:37.000000;0f6f0fae-6081-43c6-ab2e-f0171da12de8;420.57;0.09698958;UNKNOWN
2016-03-04T00:23:08.000000;2016-03-04T00:23:08.000000;92e17e73-9510-4685-a604-fa96d27634d3;421.26;0.5;UNKNOWN
2016-03-04T00:23:08.000000;2016-03-04T00:23:08.000000;23adea61-1b50-47a8-8004-03e2c8068b22;421.27;0.5616823;UNKNOWN
2016-03-04T00:24:48.000000;2016-03-04T00:24:48.000000;a5716c8d-5b58-4376-87ea-1f495fad18a8;421.05;0.03551332;UNKNOWN
2016-03-04T00:25:19.000000;2016-03-04T00:25:19.000000;b77fb383-0194-4118-9ac2-031c82917ba6;421.22;5.8672;UNKNOWN
2016-03-04T00:25:23.000000;2016-03-04T00:25:23.000000;0a68e0c6-8ff9-48a7-bd54-50b838c22bea;420.92;0.17;UNKNOWN
2016-03-04T00:25:54.000000;2016-03-04T00:25:54.000000;f6084622-2a35-4522-9620-d525fd68298d;421.21;3.3182784;UNKNOWN
2016-03-04T00:26:00.000000;2016-03-04T00:26:00.000000;964a61a3-0b81-4386-9364-69568273731c;421.22;5.9075;UNKNOWN
2016-03-04T00:26:14.000000;2016-03-04T00:26:14.000000;b7774eb1-09fc-44f4-9987-df6542866fb3;421.21;0.09;UNKNOWN
2016-03-04T00:26:15.000000;2016-03-04T00:26:15.000000;99ed03e1-881a-4041-97bf-f10199ea4d07;421.22;1.24032981;UNKNOWN
2016-03-04T00:26:28.000000;2016-03-04T00:26:28.000000;cb3ee468-e3bd-47b8-8ec7-c5ca26af179f;421.28;0.0166;UNKNOWN
2016-03-04T00:27:14.000000;2016-03-04T00:27:14.000000;02ba64da-26d1-48ce-941e-4af04800de5e;421.49;0.09;UNKNOWN
2016-03-04T00:28:10.000000;2016-03-04T00:28:10.000000;5ee746ff-8a35-46c0-a0b3-7d5bdae5b7b9;421.5;0.02474805;UNKNOWN
2016-03-04T00:29:22.000000;2016-03-04T00:29:22.000000;6437362b-6310-4d44-a5b6-5956eb1242a8;421.5;0.12372328;UNKNOWN
2016-03-04T00:29:24.000000;2016-03-04T00:29:24.000000;862c45e2-a8d3-4e6e-9661-fe120cb34764;421.51;0.1;UNKNOWN
2016-03-04T00:29:41.000000;2016-03-04T00:29:41.000000;42058bc7-f8e8-4815-a8e5-e461f4075126;421.53;0.4;UNKNOWN
2016-03-04T00:30:02.000000;2016-03-04T00:30:02.000000;589374df-4223-4407-bf02-ddb7503a6c23;421.8;2.9751;UNKNOWN
2016-03-04T00:31:16.000000;2016-03-04T00:31:16.000000;2f5ab51c-8a6d-4cbe-8e54-c94aefe2464f;421.64;2.97;UNKNOWN
2016-03-04T00:37:05.000000;2016-03-04T00:37:05.000000;96bc852f-b8a6-4db3-b881-74beea08fa21;421.63;2.23898716;UNKNOWN
2016-03-04T00:38:31.000000;2016-03-04T00:38:31.000000;4d3248d1-7e0c-4cb8-b261-f5aecdabb96b;421.41;0.04164967;UNKNOWN
2016-03-04T00:41:03.000000;2016-03-04T00:41:03.000000;444790df-0d2c-4a7e-980a-8ed648cab022;421.18;4.0;UNKNOWN
2016-03-04T00:41:06.000000;2016-03-04T00:41:06.000000;bfcaca9e-a710-4a51-873d-e73e2160714b;421.02;0.811;UNKNOWN
2016-03-04T00:41:06.000000;2016-03-04T00:41:06.000000;4616db03-cc00-46b1-96c3-6014141cfc20;420.9;9.189;UNKNOWN
2016-03-04T00:41:07.000000;2016-03-04T00:41:07.000000;27d85cc7-d6eb-4fa3-8d31-0d90a24103b2;420.9;0.18886026;UNKNOWN
2016-03-04T00:41:33.000000;2016-03-04T00:41:33.000000;9aa2a014-f0dc-4b7a-a164-b3ce0669d864;420.9;14.0822;UNKNOWN
2016-03-04T00:41:33.000000;2016-03-04T00:41:33.000000;3fb26747-0468-46ce-9df6-718dac0fb296;420.97;5.9178;UNKNOWN
2016-03-04T00:41:41.000000;2016-03-04T00:41:41.000000;1de6a1e2-398f-48bc-93f2-b681444ffe8b;420.9;0.55028492;UNKNOWN
2016-03-04T00:41:41.000000;2016-03-04T00:41:41.000000;5d5b7fe6-8e3e-4c64-a062-e7f94d8acdfd;420.91;0.53;UNKNOWN
2016-03-04T00:42:06.000000;2016-03-04T00:42:06.000000;ac72e0d7-abb3-471a-b067-1f588988858a;420.93;3.29116408;UNKNOWN
2016-03-04T00:42:06.000000;2016-03-04T00:42:06.000000;5f31f946-e4fb-43b8-b2a0-030c6e875ca3;420.95;0.5;UNKNOWN
2016-03-04T00:42:06.000000;2016-03-04T00:42:06.000000;519887e4-3df2-4a76-a2c9-18253f73b797;420.94;3.0;UNKNOWN
2016-03-04T00:42:35.000000;2016-03-04T00:42:35.000000;0cbd9bea-e18f-4f30-9c3f-6da34aedf5cd;421.08;0.27733389;UNKNOWN
2016-03-04T00:45:08.000000;2016-03-04T00:45:08.000000;2551f802-1df3-4d0a-a2f1-283f71e8fb44;421.09;2.12080981;UNKNOWN
2016-03-04T00:46:23.000000;2016-03-04T00:46:23.000000;7092a152-47a7-4eb5-8050-3aab9aaa0849;420.91;0.09;UNKNOWN
2016-03-04T00:48:06.000000;2016-03-04T00:48:06.000000;afea8e75-3f7c-43cb-b5bf-11de28307474;420.98;0.12489999;UNKNOWN
2016-03-04T00:49:30.000000;2016-03-04T00:49:30.000000;87ad2302-c730-4e40-9210-76f74336899a;420.9;0.39;UNKNOWN
2016-03-04T00:50:08.000000;2016-03-04T00:50:08.000000;845ff150-eda9-4854-ad1d-b2042cf6691c;420.91;3.0;UNKNOWN
2016-03-04T00:50:13.000000;2016-03-04T00:50:13.000000;74441174-61e8-4e9c-9d1b-d7e49b8c493f;421.0;0.4;UNKNOWN
2016-03-04T00:53:05.000000;2016-03-04T00:53:05.000000;1ff4d55a-bfa8-4d5f-9a79-879f62795b0c;420.67;1.0;UNKNOWN
2016-03-04T00:59:30.000000;2016-03-04T00:59:30.000000;a21b3593-6923-4b2d-9abf-8a1c1d2ab3c8;420.65;2.37744;UNKNOWN
2016-03-04T01:08:06.000000;2016-03-04T01:08:06.000000;388c54a0-c1e7-49c5-8838-3cc2b5bebdfb;420.99;0.7;UNKNOWN
2016-03-04T01:08:06.000000;2016-03-04T01:08:06.000000;ecc48256-9d02-4c66-841f-79fa56cb7e09;421.06;0.84;UNKNOWN
2016-03-04T01:08:49.000000;2016-03-04T01:08:49.000000;b2cbacbd-1ac1-44c3-a55c-6a96e225af89;421.08;1.31;UNKNOWN
2016-03-04T01:11:57.000000;2016-03-04T01:11:57.000000;32bfa845-aabe-43d7-805c-4fddd0228a09;421.2;1.03810483;UNKNOWN
2016-03-04T01:12:08.000000;2016-03-04T01:12:08.000000;5385611d-b205-483d-a966-16217cf7f08a;421.2;0.2599381;UNKNOWN
2016-03-04T01:12:50.000000;2016-03-04T01:12:50.000000;cf4cfcc2-f079-413c-b071-400de4199d40;421.2;4.63045707;UNKNOWN
2016-03-04T01:14:21.000000;2016-03-04T01:14:21.000000;2ef9d930-4640-4bb3-b445-d0f783650b05;420.7;0.1;UNKNOWN
2016-03-04T01:14:51.000000;2016-03-04T01:14:51.000000;6b641f36-44e1-44ac-9502-af19b6ed681a;420.99;0.7;UNKNOWN
2016-03-04T01:14:51.000000;2016-03-04T01:14:51.000000;776fc20f-7215-45ce-8f97-056140a62d19;421.06;5.3159;UNKNOWN
2016-03-04T01:14:51.000000;2016-03-04T01:14:51.000000;f8d5eabc-5b7f-452d-b804-a7f0e5a80c0b;420.83;5.8751;UNKNOWN
2016-03-04T01:19:11.000000;2016-03-04T01:19:11.000000;ccac56d5-0474-41b4-b7c7-d319d7fb8517;421.0;5.8491;UNKNOWN
2016-03-04T01:19:11.000000;2016-03-04T01:19:11.000000;27d908df-1ce8-46ec-90b4-a6cb0db8e0db;421.0;0.5;UNKNOWN
2016-03-04T01:19:17.000000;2016-03-04T01:19:17.000000;2a56564e-2bb1-4c43-b47c-1f2c8d37c32b;420.99;3.49817512;UNKNOWN
2016-03-04T01:19:18.000000;2016-03-04T01:19:18.000000;c62b3f7c-3e8e-4887-b654-d612a6377068;420.99;2.55182488;UNKNOWN
2016-03-04T01:19:18.000000;2016-03-04T01:19:18.000000;dc63f59c-c2d1-45f0-b752-9f410952619b;421.0;0.94635024;UNKNOWN
2016-03-04T01:19:24.000000;2016-03-04T01:19:24.000000;e03712b5-093c-409e-bd6b-0f718f14dc14;421.0;0.25;UNKNOWN
2016-03-04T01:19:32.000000;2016-03-04T01:19:32.000000;beaf9644-e6e0-412c-8066-348beb30d7ef;421.0;3.49817512;UNKNOWN
2016-03-04T01:19:33.000000;2016-03-04T01:19:33.000000;a65c9175-ef14-4137-b44e-39e73cbb434b;421.0;3.49817512;UNKNOWN
2016-03-04T01:20:23.000000;2016-03-04T01:20:23.000000;8e862591-e18f-46f9-8316-ef4682b39bab;420.95;1.8;UNKNOWN
2016-03-04T01:21:22.000000;2016-03-04T01:21:22.000000;fab1749c-fb88-4909-a4dc-b3fedd58c301;421.0;11.25;UNKNOWN
2016-03-04T01:22:34.000000;2016-03-04T01:22:34.000000;0affa5f2-0ae5-49a6-a7f2-aa776a6c4683;421.2;55.17180048;UNKNOWN
2016-03-04T01:22:34.000000;2016-03-04T01:22:34.000000;43225fb4-571b-4b07-9312-68e45182c144;421.18;0.62;UNKNOWN
2016-03-04T01:22:34.000000;2016-03-04T01:22:34.000000;daa2753e-54c8-442a-ab0c-8264efae68dd;421.0;4.20819952;UNKNOWN
2016-03-04T01:26:52.000000;2016-03-04T01:26:52.000000;3dbe5427-6bbd-46f3-9d59-318a5272529a;421.19;0.84;UNKNOWN
2016-03-04T01:26:52.000000;2016-03-04T01:26:52.000000;c03e435f-60d5-4a33-9119-f063537784c1;421.2;5.0863;UNKNOWN
2016-03-04T01:27:05.000000;2016-03-04T01:27:05.000000;87fa720a-52a9-4369-bb99-b3ce4dca9d24;421.16;0.5;UNKNOWN
2016-03-04T01:27:05.000000;2016-03-04T01:27:05.000000;3fa6c5f9-b375-4682-be31-eb8b6461a3fc;421.17;17.12;UNKNOWN
2016-03-04T01:27:05.000000;2016-03-04T01:27:05.000000;f2417c5e-8d71-4eef-a057-278966e7f6e1;421.05;3.50091024;UNKNOWN
2016-03-04T01:27:05.000000;2016-03-04T01:27:05.000000;af55106f-778e-4ff3-996c-d4a475d5e5eb;421.05;3.87908976;UNKNOWN
2016-03-04T01:27:16.000000;2016-03-04T01:27:16.000000;420a17c8-fe48-43ab-85c2-e8c02e90d0d7;421.2;20.0;UNKNOWN
2016-03-04T01:28:46.000000;2016-03-04T01:28:46.000000;f7686492-b810-4afb-b688-cee292c0e76f;421.2;25.11144245;UNKNOWN
2016-03-04T01:28:51.000000;2016-03-04T01:28:51.000000;6b4edc3f-52f8-4a3e-8bff-1017d201e15e;421.6;5.9318;UNKNOWN
2016-03-04T01:28:52.000000;2016-03-04T01:28:52.000000;d2b14f18-1bce-473b-847e-cc7ee2bd6555;421.6;0.18;UNKNOWN
2016-03-04T01:29:05.000000;2016-03-04T01:29:05.000000;f2e60a38-9646-4f8f-af77-b2d39fe093ba;421.73;0.21;UNKNOWN
2016-03-04T01:29:05.000000;2016-03-04T01:29:05.000000;0228175b-ea12-4aac-a7ff-276458785efa;421.89;0.945;UNKNOWN
2016-03-04T01:29:06.000000;2016-03-04T01:29:06.000000;9d3a4ac2-7ba0-4e64-8b83-5f3d338f605e;421.9;0.21;UNKNOWN
2016-03-04T01:29:11.000000;2016-03-04T01:29:11.000000;1ffaa82f-fe08-4a22-a4de-e082e3fa70e0;421.91;0.22;UNKNOWN
2016-03-04T01:31:35.000000;2016-03-04T01:31:35.000000;41196eb6-cb5d-4d11-9922-151e01630096;421.9;0.11;UNKNOWN
2016-03-04T01:31:50.000000;2016-03-04T01:31:50.000000;8a55077d-844a-4885-9b49-0062b1210104;421.9;0.064;UNKNOWN
2016-03-04T01:32:07.000000;2016-03-04T01:32:07.000000;5535d826-eae7-4148-bd61-e42faa6d70a4;421.9;0.09;UNKNOWN
2016-03-04T01:32:21.000000;2016-03-04T01:32:21.000000;f4f259a6-3cc1-4fd0-8728-0053885f4a26;421.91;4.819;UNKNOWN
2016-03-04T01:32:21.000000;2016-03-04T01:32:21.000000;0a191629-8fa4-4922-a567-98b944fe5c46;421.91;0.181;UNKNOWN
2016-03-04T01:32:36.000000;2016-03-04T01:32:36.000000;7b018694-bd3e-486a-9e0b-a7b91fc5cdd6;422.0;0.011034;UNKNOWN
2016-03-04T01:32:36.000000;2016-03-04T01:32:36.000000;1d600b36-8204-4f0a-b82a-7f902763d7f9;422.01;2.688966;UNKNOWN
2016-03-04T01:32:36.000000;2016-03-04T01:32:36.000000;3c30777c-1a1c-437b-9084-af9064c9040a;421.99;12.3;UNKNOWN
2016-03-04T01:32:39.000000;2016-03-04T01:32:39.000000;64333211-6048-411a-962f-5a0b68f07dfb;422.26;0.08;UNKNOWN
2016-03-04T01:32:55.000000;2016-03-04T01:32:55.000000;38b82995-7bca-4221-814f-9cac4aa0b525;422.23;5.0;UNKNOWN
2016-03-04T01:35:14.000000;2016-03-04T01:35:14.000000;afc194dd-8e1d-4ac9-b348-5092f23feb70;422.2;2.0;UNKNOWN
2016-03-04T01:35:14.000000;2016-03-04T01:35:14.000000;6f67d589-0a59-402e-9bac-dc747494117e;422.21;3.0;UNKNOWN
2016-03-04T01:35:51.000000;2016-03-04T01:35:51.000000;a0d4cd86-c3b7-418f-b689-e088cdc246f7;422.0;40.0;UNKNOWN
2016-03-04T01:35:52.000000;2016-03-04T01:35:52.000000;a0227d9a-ea2a-418d-8f0f-709cb50eae38;422.0;0.02;UNKNOWN
2016-03-04T01:35:57.000000;2016-03-04T01:35:57.000000;8f81e481-2334-4962-a385-12e5b4d5cf1f;421.9;0.27;UNKNOWN
2016-03-04T01:36:38.000000;2016-03-04T01:36:38.000000;62647854-ae81-4802-a524-9f5870a86408;422.0;3.0;UNKNOWN
2016-03-04T01:36:57.000000;2016-03-04T01:36:57.000000;25e9a398-6660-4555-aa4e-576eede4ac67;421.9;0.034;UNKNOWN
2016-03-04T01:36:57.000000;2016-03-04T01:36:57.000000;82919af5-d2ce-4df3-9b31-893ad3794759;421.91;0.5;UNKNOWN
2016-03-04T01:37:06.000000;2016-03-04T01:37:06.000000;71d6c7a4-e90f-4c9c-b293-d4410db2ea1d;421.77;1.3109156;UNKNOWN
2016-03-04T01:37:06.000000;2016-03-04T01:37:06.000000;fe98b18c-1f3d-47e0-ad4b-833bd175b944;421.9;2.432;UNKNOWN
2016-03-04T01:40:06.000000;2016-03-04T01:40:06.000000;83b1ee8d-f9a5-4b10-be80-729502e1fe2c;421.9;0.91;UNKNOWN
2016-03-04T01:42:40.000000;2016-03-04T01:42:40.000000;d0d5e91e-c558-413a-94c5-e8318a86bba0;421.9;8.0;UNKNOWN
2016-03-04T01:43:17.000000;2016-03-04T01:43:17.000000;deec0049-0075-4001-95d0-a9f0794c373f;421.9;10.09;UNKNOWN
2016-03-04T01:43:36.000000;2016-03-04T01:43:36.000000;72856979-a40f-4866-a3c7-b6673da6163f;421.79;0.60780025;UNKNOWN
2016-03-04T01:43:46.000000;2016-03-04T01:43:46.000000;123957cd-777a-47a4-ba09-01cef892e0b1;421.15;3.49727795;UNKNOWN
2016-03-04T01:43:46.000000;2016-03-04T01:43:46.000000;88dab3e6-73ca-4dd9-9e11-119e34fd1f79;421.1;3.49727795;UNKNOWN
2016-03-04T01:43:46.000000;2016-03-04T01:43:46.000000;fe82cb3f-4fd9-4169-a85e-9baabd6d7352;421.28;3.49727795;UNKNOWN
2016-03-04T01:43:46.000000;2016-03-04T01:43:46.000000;07fa51fd-6166-42dd-812d-ea7c1e031ade;421.23;13.433;UNKNOWN
2016-03-04T01:43:46.000000;2016-03-04T01:43:46.000000;aecc7e3c-9105-4c2b-bd9c-1aba512ad560;421.43;17.14;UNKNOWN
2016-03-04T01:43:46.000000;2016-03-04T01:43:46.000000;f0e71526-0651-49ad-bf54-04ff671ee6fc;421.42;3.49727795;UNKNOWN
2016-03-04T01:43:46.000000;2016-03-04T01:43:46.000000;03abfa2d-bc11-4bd2-a8a6-8f071961feff;421.06;0.945;UNKNOWN
2016-03-04T01:43:46.000000;2016-03-04T01:43:46.000000;d29dccc6-30cf-4926-9837-d2832dafd1e8;421.14;15.065;UNKNOWN
2016-03-04T01:43:46.000000;2016-03-04T01:43:46.000000;ac9d6fdb-ba03-431e-9850-71b8d1f57921;421.37;3.49727795;UNKNOWN
2016-03-04T01:43:46.000000;2016-03-04T01:43:46.000000;5b329386-a34c-4b63-b3fd-a3f94ab5e28c;421.19;3.49727795;UNKNOWN
2016-03-04T01:43:46.000000;2016-03-04T01:43:46.000000;c963a7f2-eeee-49f9-a176-287dba229adc;421.14;0.945;UNKNOWN
2016-03-04T01:43:46.000000;2016-03-04T01:43:46.000000;28f9bbaf-ebbd-4a4d-b33b-af9cc2990750;421.23;3.49727795;UNKNOWN
2016-03-04T01:43:46.000000;2016-03-04T01:43:46.000000;c57729ed-58d1-4b0e-a4c3-1d6cf9888b76;421.06;3.49727795;UNKNOWN
2016-03-04T01:43:46.000000;2016-03-04T01:43:46.000000;4651fe46-6221-4e53-96b3-a35ae51901ec;421.01;3.49727795;UNKNOWN
2016-03-04T01:43:46.000000;2016-03-04T01:43:46.000000;cb6bf5b6-6012-4180-9a44-f6164668bc22;421.0;214.4992205;UNKNOWN
2016-03-04T01:43:46.000000;2016-03-04T01:43:46.000000;54e4094a-3d93-4760-9fc1-32fa0311fef3;421.32;3.49727795;UNKNOWN
2016-03-04T01:44:05.000000;2016-03-04T01:44:05.000000;de895220-4c9a-4436-8f1e-8418a210dd6b;420.81;9.4992205;UNKNOWN
2016-03-04T01:44:05.000000;2016-03-04T01:44:05.000000;a475e2a0-4b1b-434c-abb8-0b65d05f5d57;420.83;0.945;UNKNOWN
2016-03-04T01:44:05.000000;2016-03-04T01:44:05.000000;a6fab91b-8007-4468-aa57-0627e34e8740;420.91;0.945;UNKNOWN
2016-03-04T01:44:05.000000;2016-03-04T01:44:05.000000;d6619cf7-2a73-4985-abae-32a0eaacacc2;421.0;35.5007795;UNKNOWN
2016-03-04T01:44:15.000000;2016-03-04T01:44:15.000000;c97d005a-ca54-4ff9-9465-39d9fecfff03;421.49;0.05;UNKNOWN
2016-03-04T01:45:05.000000;2016-03-04T01:45:05.000000;38c3576d-e9ff-4a88-b1f9-f23a53b6686b;420.99;5.93571198;UNKNOWN
2016-03-04T01:45:05.000000;2016-03-04T01:45:05.000000;e8eefe37-dd46-4234-9c7f-1f9525954be4;420.99;0.5;UNKNOWN
2016-03-04T01:45:05.000000;2016-03-04T01:45:05.000000;84dff716-b07f-44d0-9cc0-e15fdb6b363b;420.99;3.0;UNKNOWN
2016-03-04T01:45:45.000000;2016-03-04T01:45:45.000000;795f89b6-574d-4498-8d51-dfb1774db9fc;421.5;0.75;UNKNOWN
2016-03-04T01:47:31.000000;2016-03-04T01:47:31.000000;08446fc5-955d-464d-b7d9-53a786573eee;421.39;0.5;UNKNOWN
2016-03-04T01:47:31.000000;2016-03-04T01:47:31.000000;3198b32e-ad81-4126-941d-a983cff969c7;421.39;0.5;UNKNOWN
2016-03-04T01:47:44.000000;2016-03-04T01:47:44.000000;67a3a507-2fe2-44cd-9cc5-079c24074f66;421.5;0.35639425;UNKNOWN
2016-03-04T01:48:05.000000;2016-03-04T01:48:05.000000;38d7fb4e-62f0-40b5-8720-e069a5171b92;421.97;0.945;UNKNOWN
2016-03-04T01:48:05.000000;2016-03-04T01:48:05.000000;5e11afeb-0b20-4be3-ad00-5bc30305696f;421.96;7.9606;UNKNOWN
2016-03-04T01:48:05.000000;2016-03-04T01:48:05.000000;8721bcac-2585-4dac-8de8-19457f002971;421.6;5.9266;UNKNOWN
2016-03-04T01:49:38.000000;2016-03-04T01:49:38.000000;fd5f6c27-93dd-4225-89db-9b813414ec2c;422.02;3.59482981;UNKNOWN
2016-03-04T01:49:38.000000;2016-03-04T01:49:38.000000;f32068f4-a98a-410d-b064-cf2f4ec0a276;421.99;0.5;UNKNOWN
2016-03-04T01:49:38.000000;2016-03-04T01:49:38.000000;e6a50464-1462-4282-ac6c-0d6f1acad1e1;422.0;5.9202;UNKNOWN
2016-03-04T01:49:38.000000;2016-03-04T01:49:38.000000;8a531505-d1e8-48c1-aeb3-fdf8614433f3;421.99;3.0;UNKNOWN
2016-03-04T01:50:43.000000;2016-03-04T01:50:43.000000;95e3aa5c-ed43-4dac-9449-79c2cf748c06;422.03;0.273;UNKNOWN
2016-03-04T01:51:16.000000;2016-03-04T01:51:16.000000;a128ddea-bb95-452b-b540-f59f535ee2fe;421.96;0.5;UNKNOWN
2016-03-04T01:51:16.000000;2016-03-04T01:51:16.000000;5f8aae8c-dca2-4b79-9e5c-cabcd0c2cf92;421.97;8.41;UNKNOWN
2016-03-04T01:51:16.000000;2016-03-04T01:51:16.000000;2644f408-43f1-4733-a4d1-7ac999af3edc;421.96;5.8618;UNKNOWN
2016-03-04T01:52:13.000000;2016-03-04T01:52:13.000000;edbd3424-b34d-4bef-bc40-e6bce76f3ac5;422.23;0.08111149;UNKNOWN
2016-03-04T01:53:18.000000;2016-03-04T01:53:18.000000;4bff6b7d-f6c4-491b-8614-604116eeae2e;422.22;5.8521;UNKNOWN
2016-03-04T01:53:21.000000;2016-03-04T01:53:21.000000;def6633a-4c66-43c1-9438-eb7d056a84a5;422.38;0.36888851;UNKNOWN
2016-03-04T01:53:41.000000;2016-03-04T01:53:41.000000;f20c4813-adfb-4068-ba28-8b7059b800e5;422.5;0.945;UNKNOWN
2016-03-04T01:53:41.000000;2016-03-04T01:53:41.000000;302e713e-3ccb-478f-8452-ea78ddfb0a4b;422.5;7.9606;UNKNOWN
2016-03-04T01:53:41.000000;2016-03-04T01:53:41.000000;23c9b211-b0c1-4201-8779-fac2fb4ee3a9;422.49;0.51;UNKNOWN
2016-03-04T01:54:02.000000;2016-03-04T01:54:02.000000;dffe73ae-9ca2-4626-b4b0-945d012db010;422.51;0.1;UNKNOWN
2016-03-04T01:54:02.000000;2016-03-04T01:54:02.000000;22c7377f-64e7-4b68-b02b-091fb7d62f07;422.59;0.0534;UNKNOWN
2016-03-04T01:54:02.000000;2016-03-04T01:54:02.000000;41d82144-70b7-4d0e-a108-c27b212b16cb;422.55;5.0;UNKNOWN
2016-03-04T01:54:02.000000;2016-03-04T01:54:02.000000;7adc5fef-fcd3-4b35-991d-b8a776224509;422.51;0.2;UNKNOWN
2016-03-04T01:56:06.000000;2016-03-04T01:56:06.000000;372ae231-0842-4fdc-8941-771b69d43927;422.58;11.78137762;UNKNOWN
2016-03-04T01:56:53.000000;2016-03-04T01:56:53.000000;19397779-1a71-4b74-a6ce-2cb45c6bd177;422.59;0.02;UNKNOWN
2016-03-04T01:57:03.000000;2016-03-04T01:57:03.000000;e752f2f7-0a18-4456-b373-27f154a78b41;422.6;0.46487313;UNKNOWN
2016-03-04T01:57:03.000000;2016-03-04T01:57:03.000000;dd5fc123-ee79-4572-84a5-2c5cbcb3426c;422.59;2.7666;UNKNOWN
2016-03-04T01:57:05.000000;2016-03-04T01:57:05.000000;421984d0-3674-4611-ab99-ae0ff9fac98e;422.66;2.56983724;UNKNOWN
2016-03-04T01:57:05.000000;2016-03-04T01:57:05.000000;33aa8aa1-9ccd-44ab-91d6-c51ff2e9fd6e;422.64;3.49422288;UNKNOWN
2016-03-04T01:57:05.000000;2016-03-04T01:57:05.000000;83bd3f8b-5c5f-49dd-a374-4888ddadaff9;422.6;0.03512687;UNKNOWN
2016-03-04T01:57:06.000000;2016-03-04T01:57:06.000000;213c6ae0-2e1d-41ff-8625-b71bbfbcd4cf;422.63;0.10409726;UNKNOWN
2016-03-04T01:57:10.000000;2016-03-04T01:57:10.000000;07440bc5-cbde-4f83-aaf3-ac233cfbe244;422.73;0.11000945;UNKNOWN
2016-03-04T01:57:12.000000;2016-03-04T01:57:12.000000;cf5ddba8-44dd-4080-aed5-98537ebb16a3;423.04;3.49353114;UNKNOWN
2016-03-04T01:57:12.000000;2016-03-04T01:57:12.000000;284a6d62-1cb1-4774-ab9c-46eb711ad3a2;423.0;1.0;UNKNOWN
2016-03-04T01:57:12.000000;2016-03-04T01:57:12.000000;5682b9db-f7ca-49c8-8e5c-3784a081ce5e;423.14;10.50549077;UNKNOWN
2016-03-04T01:57:12.000000;2016-03-04T01:57:12.000000;a263395b-76a5-4d64-b341-073112c75ae5;422.72;1.95;UNKNOWN
2016-03-04T01:57:12.000000;2016-03-04T01:57:12.000000;a50f3e06-a6ac-4baa-aec7-e6eb3ff29150;422.8;3.49397871;UNKNOWN
2016-03-04T01:57:12.000000;2016-03-04T01:57:12.000000;8cd275fa-2646-428f-a5dd-73f4e011713b;423.0;3.0025;UNKNOWN
2016-03-04T01:57:12.000000;2016-03-04T01:57:12.000000;e6a80676-59ea-4650-b807-8254e02b4739;423.04;0.945;UNKNOWN
2016-03-04T01:57:12.000000;2016-03-04T01:57:12.000000;01027c35-fbc0-4450-ad52-eff3b0377d8c;422.72;5.9818;UNKNOWN
2016-03-04T01:57:12.000000;2016-03-04T01:57:12.000000;64c77278-0ff5-4663-aed7-3af787fb2f20;422.75;3.49438569;UNKNOWN
2016-03-04T01:57:12.000000;2016-03-04T01:57:12.000000;096eb925-203f-4fa5-8609-f9f8abf71944;422.73;3.38364375;UNKNOWN
2016-03-04T01:57:12.000000;2016-03-04T01:57:12.000000;2de213f9-2bea-4649-85b1-2c024a058f43;422.84;3.4940194;UNKNOWN
2016-03-04T01:57:12.000000;2016-03-04T01:57:12.000000;0e83d95a-bb6b-4954-a702-4d9f187bcb35;422.81;0.945;UNKNOWN
2016-03-04T01:57:12.000000;2016-03-04T01:57:12.000000;3cfe2533-be3a-45ef-b53e-f1dba34ea559;422.86;0.25;UNKNOWN
2016-03-04T01:57:12.000000;2016-03-04T01:57:12.000000;f722172b-c94d-4134-87bd-d1ce4f9fb52a;423.0;0.4;UNKNOWN
2016-03-04T01:57:12.000000;2016-03-04T01:57:12.000000;70e72ec2-d065-499c-a010-d21ba0c1d9b5;422.89;3.4940194;UNKNOWN
2016-03-04T01:57:12.000000;2016-03-04T01:57:12.000000;24cfa43b-7d92-45f6-9e57-ad396b79981a;422.88;0.945;UNKNOWN
2016-03-04T01:57:12.000000;2016-03-04T01:57:12.000000;370625e3-2d1c-4661-8262-6cdf8cbdef6e;423.0;1.0;UNKNOWN
2016-03-04T01:57:12.000000;2016-03-04T01:57:12.000000;49b82376-13ac-43e3-a0f4-3fba8809a51c;422.99;3.49353114;UNKNOWN
2016-03-04T01:57:12.000000;2016-03-04T01:57:12.000000;4836d35d-cf49-48b8-bab2-1bebd93dbcde;422.94;6.0;UNKNOWN
2016-03-04T01:57:12.000000;2016-03-04T01:57:12.000000;34f7f600-a2f3-48fa-87a1-f02aea6ff405;422.96;0.945;UNKNOWN
2016-03-04T01:57:12.000000;2016-03-04T01:57:12.000000;980baab6-e9f4-453c-b91e-13fc3da489e8;422.99;13.4531;UNKNOWN
2016-03-04T01:57:12.000000;2016-03-04T01:57:12.000000;c6c94f43-2da2-4a50-aa87-22591badaade;423.0;0.3;UNKNOWN
2016-03-04T01:57:31.000000;2016-03-04T01:57:31.000000;a1bae6fb-d27e-40a2-9985-bb91af364c6c;423.17;0.1;UNKNOWN
2016-03-04T01:57:31.000000;2016-03-04T01:57:31.000000;b1857733-56eb-44fa-bb86-cec2a92e1106;423.03;3.49426358;UNKNOWN
2016-03-04T01:57:31.000000;2016-03-04T01:57:31.000000;15e9173b-f150-45f3-8527-a63a06eaf0f6;423.02;0.1;UNKNOWN
2016-03-04T01:57:31.000000;2016-03-04T01:57:31.000000;a2983831-6eb9-4858-b2a8-633bcc03a6b8;423.25;1.09343642;UNKNOWN
2016-03-04T01:57:31.000000;2016-03-04T01:57:31.000000;dfa3e400-0a5b-4bbd-b370-925c0103148f;423.25;0.84;UNKNOWN
2016-03-04T01:57:31.000000;2016-03-04T01:57:31.000000;a79d9a50-c31e-453a-a508-06a6528f642e;423.02;2.3123;UNKNOWN
2016-03-04T01:57:31.000000;2016-03-04T01:57:31.000000;5439336b-69da-45af-bfba-245ea80893cc;423.02;0.5;UNKNOWN
2016-03-04T01:57:45.000000;2016-03-04T01:57:45.000000;860abeb5-2d5e-4e58-b21d-b0d250583b94;423.01;2.8123;UNKNOWN
2016-03-04T01:58:10.000000;2016-03-04T01:58:10.000000;93b6640d-0003-4c70-b441-b7cde04b6c20;423.12;0.4;UNKNOWN
2016-03-04T01:58:11.000000;2016-03-04T01:58:11.000000;05d6f1d3-36e2-4007-ab80-78ff2e7e69ff;423.12;0.5;UNKNOWN
2016-03-04T01:58:44.000000;2016-03-04T01:58:44.000000;d0dacdfc-10de-4ba4-bff5-c7b929b45ffb;423.03;47.8733;UNKNOWN
2016-03-04T01:58:44.000000;2016-03-04T01:58:44.000000;93641906-7334-4966-b71e-bbfa8bbeccd0;423.12;11.24;UNKNOWN
2016-03-04T01:58:44.000000;2016-03-04T01:58:44.000000;828e080a-8c06-436e-a409-13edf9b22584;423.1;5.8867;UNKNOWN
2016-03-04T01:58:54.000000;2016-03-04T01:58:54.000000;ffc5f99e-272c-4af2-986e-60cca396b232;423.19;0.5;UNKNOWN
2016-03-04T01:58:54.000000;2016-03-04T01:58:54.000000;fc00e698-3a8e-4424-bf00-7a56d4d11837;423.2;1.01;UNKNOWN
2016-03-04T01:58:54.000000;2016-03-04T01:58:54.000000;1b376f25-6b24-4da0-b46b-4da517abdb3e;423.19;3.0;UNKNOWN
2016-03-04T01:59:27.000000;2016-03-04T01:59:27.000000;8de36afa-f4e2-4119-9c5b-08012205f8cb;423.24;0.1666;UNKNOWN
2016-03-04T01:59:45.000000;2016-03-04T01:59:45.000000;121be52e-847d-4a22-bff2-e20d7b849ef9;423.25;15.021;UNKNOWN
2016-03-04T01:59:45.000000;2016-03-04T01:59:45.000000;f37a375f-f21b-45cf-9a62-a7145671ed98;423.24;4.3434;UNKNOWN
2016-03-04T01:59:45.000000;2016-03-04T01:59:45.000000;856cf78f-b8c0-48ee-b475-7d411c40e93d;423.08;0.60564268;UNKNOWN
2016-03-04T01:59:45.000000;2016-03-04T01:59:45.000000;0d5c605e-a0a8-49dc-bae5-bd2a3d2c4c6a;423.25;5.6566;UNKNOWN
2016-03-04T01:59:51.000000;2016-03-04T01:59:51.000000;b8f28888-4161-44f9-a6df-721a5dc0e405;423.25;27.38896358;UNKNOWN
2016-03-04T01:59:56.000000;2016-03-04T01:59:56.000000;330b5a82-c8c1-465b-9b8c-48f112f2f634;423.13;0.02996421;UNKNOWN
2016-03-04T02:00:06.000000;2016-03-04T02:00:06.000000;b3c5243a-eaca-40e6-a5a7-370a6a3d61bf;423.8;0.945;UNKNOWN
2016-03-04T02:00:06.000000;2016-03-04T02:00:06.000000;d8c0405c-14b1-4522-bd16-65617db5d7d4;423.72;0.945;UNKNOWN
2016-03-04T02:00:06.000000;2016-03-04T02:00:06.000000;3e78edee-17e6-4cf2-8176-130ece0b72d3;423.76;4.15959423;UNKNOWN
2016-03-04T02:00:06.000000;2016-03-04T02:00:06.000000;c77ad263-1a35-4085-a91a-7de791b5b26d;423.9;0.07;UNKNOWN
2016-03-04T02:00:06.000000;2016-03-04T02:00:06.000000;d1d2a187-e139-4691-ac80-e429b382d4fb;423.65;16.3572;UNKNOWN
2016-03-04T02:00:06.000000;2016-03-04T02:00:06.000000;0d28772d-fc83-458c-8ebc-255589b5cf54;423.58;1.07343463;UNKNOWN
2016-03-04T02:00:06.000000;2016-03-04T02:00:06.000000;41de90d6-946a-4b65-b6b1-793064c6783b;423.76;1.02271654;UNKNOWN
2016-03-04T02:00:06.000000;2016-03-04T02:00:06.000000;1952e864-ad43-41b2-8f7d-444558def121;423.79;0.17;UNKNOWN
2016-03-04T02:00:06.000000;2016-03-04T02:00:06.000000;7db3563d-c03f-4969-a37d-7df752aef300;423.76;2.13036606;UNKNOWN
2016-03-04T02:00:06.000000;2016-03-04T02:00:06.000000;11429736-8a47-4c3e-8486-69b75f8d4f01;423.76;5.98177726;UNKNOWN
2016-03-04T02:00:06.000000;2016-03-04T02:00:06.000000;df1176c4-cff4-48a6-9f97-0467a55633ea;423.76;6.18426874;UNKNOWN
2016-03-04T02:00:06.000000;2016-03-04T02:00:06.000000;16ee4dca-fad7-499a-b59d-c6d9ad06d056;423.76;9.76906526;UNKNOWN
2016-03-04T02:00:06.000000;2016-03-04T02:00:06.000000;fc753f17-aa18-41f7-aaf6-97b11ff2cb45;423.76;2.56827868;UNKNOWN
2016-03-04T02:00:06.000000;2016-03-04T02:00:06.000000;22f091c9-ccde-4c22-987e-7b2706846a33;423.76;3.18393323;UNKNOWN
2016-03-04T02:00:06.000000;2016-03-04T02:00:06.000000;e7e6ba45-ef09-4331-8826-9b1d88f9c7f9;423.35;3.50065033;UNKNOWN
2016-03-04T02:00:06.000000;2016-03-04T02:00:06.000000;6a387c93-617d-4c61-a70f-beb2f930107c;423.83;7.32;UNKNOWN
2016-03-04T02:00:06.000000;2016-03-04T02:00:06.000000;6d9513ca-b176-46e2-af68-9cc74be91c91;423.83;2.34634545;UNKNOWN
2016-03-04T02:00:06.000000;2016-03-04T02:00:06.000000;8ae5b684-b8e2-482d-9501-38cfea66616b;423.87;0.945;UNKNOWN
2016-03-04T02:00:06.000000;2016-03-04T02:00:06.000000;b7b820b3-3cd4-4e1e-8e14-4afaf4949ef3;423.83;4.88365455;UNKNOWN
2016-03-04T02:00:06.000000;2016-03-04T02:00:06.000000;4f175ca4-9c01-4d55-b046-bedb26afe77e;423.9;5.10229459;UNKNOWN
2016-03-04T02:00:06.000000;2016-03-04T02:00:06.000000;394a5799-7188-48d9-a13b-acf5561e6f84;423.85;0.32;UNKNOWN
2016-03-04T02:00:06.000000;2016-03-04T02:00:06.000000;0bf32303-a447-4aa7-b24c-c7e539b1116b;423.84;13.78044965;UNKNOWN
2016-03-04T02:00:06.000000;2016-03-04T02:00:06.000000;74609790-6e7a-470c-81a4-d3b7785cc3d6;423.84;2.27535035;UNKNOWN
2016-03-04T02:00:06.000000;2016-03-04T02:00:06.000000;6d7dd8aa-7ccc-4145-8afb-9da09ac683ba;423.35;2.32854967;UNKNOWN
2016-03-04T02:00:06.000000;2016-03-04T02:00:06.000000;11dfb9aa-1ea1-4462-9830-711708857d68;423.9;2.35876935;UNKNOWN
2016-03-04T02:00:06.000000;2016-03-04T02:00:06.000000;cb139268-5353-4ae2-8a2e-182e60e95b84;423.9;5.2381107;UNKNOWN
2016-03-04T02:00:06.000000;2016-03-04T02:00:06.000000;791a0f58-1b2f-47d2-bb57-99e09f4df5aa;423.95;0.945;UNKNOWN
2016-03-04T02:00:06.000000;2016-03-04T02:00:06.000000;c256910d-e481-4ce9-84dd-39c57685254d;423.9;2.30082536;UNKNOWN
2016-03-04T02:00:06.000000;2016-03-04T02:00:06.000000;691401a8-fd17-4d8b-9622-583ec1ca5e94;423.63;3.49084816;UNKNOWN
2016-03-04T02:00:06.000000;2016-03-04T02:00:06.000000;d0d0f0d0-0ac9-47eb-866a-4e04cd289bd1;423.57;11.95;UNKNOWN
2016-03-04T02:00:06.000000;2016-03-04T02:00:06.000000;5b7109b5-b298-4abd-88cb-adfca06ac311;423.36;4.27941307;UNKNOWN
2016-03-04T02:00:06.000000;2016-03-04T02:00:06.000000;a6d5bfa0-1f15-4209-a930-cc9b39496628;423.99;2.88257893;UNKNOWN
2016-03-04T02:00:06.000000;2016-03-04T02:00:06.000000;1d27cad9-26f0-4ad2-9b55-eb313789fe89;423.99;0.77836733;UNKNOWN
2016-03-04T02:00:06.000000;2016-03-04T02:00:06.000000;41ff1aa9-73cc-49e4-9ef3-e9dd216ee3ac;423.91;0.999;UNKNOWN
2016-03-04T02:00:06.000000;2016-03-04T02:00:06.000000;bed5d53b-6eac-4f64-887b-a8e65a0b1d9c;423.99;0.93201818;UNKNOWN
2016-03-04T02:00:06.000000;2016-03-04T02:00:06.000000;73977a93-fe89-46b1-903f-71d66675db82;423.58;2.41753539;UNKNOWN
2016-03-04T02:00:06.000000;2016-03-04T02:00:06.000000;7dc497c4-03eb-4701-b698-e952ef035cc0;423.5;0.3;UNKNOWN
2016-03-04T02:00:06.000000;2016-03-04T02:00:06.000000;94201893-44cb-4793-81c5-1b13a037e244;423.53;0.1;UNKNOWN
2016-03-04T02:00:06.000000;2016-03-04T02:00:06.000000;0af089cb-7cc6-4bb7-84f5-d4e4a30e232d;423.34;0.5;UNKNOWN
2016-03-04T02:00:06.000000;2016-03-04T02:00:06.000000;3404fce8-1334-48e5-80da-840ca44af359;423.39;0.25;UNKNOWN
2016-03-04T02:00:06.000000;2016-03-04T02:00:06.000000;e1dccfc7-631a-428d-aac6-6f220d4a2671;423.5;5.1273248;UNKNOWN
2016-03-04T02:00:06.000000;2016-03-04T02:00:06.000000;5d7f60d2-e95e-41b1-9315-923e4029a310;423.51;3.49097002;UNKNOWN
2016-03-04T02:00:06.000000;2016-03-04T02:00:06.000000;f0105976-a231-4961-a747-86b115bf2a1b;423.36;0.72058693;UNKNOWN
2016-03-04T02:00:07.000000;2016-03-04T02:00:07.000000;3ef82c8f-df8f-4370-9626-b95537ec01e6;423.99;1.31429098;UNKNOWN
2016-03-04T02:00:24.000000;2016-03-04T02:00:24.000000;da9d0e7c-3294-46bc-a4e9-307d8b4788f0;423.66;10.947;UNKNOWN
2016-03-04T02:00:35.000000;2016-03-04T02:00:35.000000;d26efd1d-fb38-40bf-bd7f-7b5fdea7bc9c;423.28;0.5;UNKNOWN
2016-03-04T02:00:35.000000;2016-03-04T02:00:35.000000;de8d4939-59b8-4155-9ed2-631bedfd6d83;423.29;0.5;UNKNOWN
2016-03-04T02:00:41.000000;2016-03-04T02:00:41.000000;1e6ed99d-6b92-4547-9082-3c3f73bfd024;423.85;11.2018;UNKNOWN
2016-03-04T02:00:41.000000;2016-03-04T02:00:41.000000;3a741ebb-a438-444e-af75-d292749bdd80;423.79;0.2;UNKNOWN
2016-03-04T02:00:41.000000;2016-03-04T02:00:41.000000;63f6e3d9-f400-4c24-94a6-97bd8e665915;423.85;3.0;UNKNOWN
2016-03-04T02:00:41.000000;2016-03-04T02:00:41.000000;230887e4-0cef-4288-bd67-08de05d7d8df;423.85;0.5;UNKNOWN
2016-03-04T02:00:45.000000;2016-03-04T02:00:45.000000;37953065-436f-4c9e-aa0b-d81ba84b627a;423.32;3.0;UNKNOWN
2016-03-04T02:00:45.000000;2016-03-04T02:00:45.000000;6eb4dfdc-0487-4523-a65b-f4edd4ec5e42;423.33;0.5;UNKNOWN
2016-03-04T02:00:45.000000;2016-03-04T02:00:45.000000;413db554-53bc-40ff-988d-2deda3dd4026;423.1;8.50160759;UNKNOWN
2016-03-04T02:00:45.000000;2016-03-04T02:00:45.000000;2b28d197-5d98-4a59-9ab3-0d0edbfe3056;423.19;6.0;UNKNOWN
2016-03-04T02:00:45.000000;2016-03-04T02:00:45.000000;eeb28780-d0b5-4f7b-ac12-d32c13384979;423.25;0.01;UNKNOWN
2016-03-04T02:00:45.000000;2016-03-04T02:00:45.000000;d81607bc-3ecc-44b3-9000-27fa846a77c5;423.11;11.7722;UNKNOWN
2016-03-04T02:00:45.000000;2016-03-04T02:00:45.000000;676fe4cc-9354-46a3-aedc-0f4bdaa94252;423.33;5.8941;UNKNOWN
2016-03-04T02:00:45.000000;2016-03-04T02:00:45.000000;56af4495-41ea-4132-98df-c5b8e49a54f1;423.13;0.01;UNKNOWN
2016-03-04T02:00:45.000000;2016-03-04T02:00:45.000000;3efa17f9-5c77-4fb1-b562-0eec532442f6;423.13;0.0136;UNKNOWN
2016-03-04T02:00:52.000000;2016-03-04T02:00:52.000000;a00781ca-bf4d-48a4-a95f-7643f1179539;423.66;9.4034;UNKNOWN
2016-03-04T02:00:52.000000;2016-03-04T02:00:52.000000;aef3f448-2978-4bf7-b165-da0c26b2656b;423.66;5.8749;UNKNOWN
2016-03-04T02:00:58.000000;2016-03-04T02:00:58.000000;c9591ce2-ad72-4a4f-8694-0fe7f4b7b1f3;423.84;1.0;UNKNOWN
2016-03-04T02:01:07.000000;2016-03-04T02:01:07.000000;80fa89a9-c7f5-48cf-ae6e-bde3d89baf15;423.11;0.03794682;UNKNOWN
2016-03-04T02:01:11.000000;2016-03-04T02:01:11.000000;0943547d-db3a-4a73-affa-1996f4fa19f2;423.11;0.02990859;UNKNOWN
2016-03-04T02:01:16.000000;2016-03-04T02:01:16.000000;9c9ed023-f73f-45a5-843b-35f8100f1a03;423.11;0.1953022;UNKNOWN
2016-03-04T02:01:27.000000;2016-03-04T02:01:27.000000;85f0f058-bda3-4c5b-8786-c234f092c8fe;423.11;0.65561502;UNKNOWN
2016-03-04T02:01:30.000000;2016-03-04T02:01:30.000000;d853b60c-536d-475e-a02e-2637ac3649f7;423.51;3.0;UNKNOWN
2016-03-04T02:01:30.000000;2016-03-04T02:01:30.000000;ecbee242-2cc9-467a-af1f-f96108b21a13;423.53;0.1182;UNKNOWN
2016-03-04T02:01:30.000000;2016-03-04T02:01:30.000000;d84e03f0-d81c-43db-90e0-76cb96f4ff3d;423.52;5.9041;UNKNOWN
2016-03-04T02:01:30.000000;2016-03-04T02:01:30.000000;e47cdaab-84fc-4455-a369-9deea94689cb;423.51;0.5;UNKNOWN
2016-03-04T02:01:31.000000;2016-03-04T02:01:31.000000;2a69fec0-5931-462c-b8a7-ddccece9b251;423.11;0.02538698;UNKNOWN
2016-03-04T02:01:35.000000;2016-03-04T02:01:35.000000;b83536ad-fa21-42f2-8fc8-970382d7bb28;423.11;0.10618802;UNKNOWN
2016-03-04T02:01:43.000000;2016-03-04T02:01:43.000000;d8ec4eb9-de8f-4ab8-a922-228f7af32828;423.11;0.02297348;UNKNOWN
2016-03-04T02:01:47.000000;2016-03-04T02:01:47.000000;e7a719ca-bb67-4e29-816b-bc529b7084d6;423.11;0.50039436;UNKNOWN
2016-03-04T02:01:47.000000;2016-03-04T02:01:47.000000;abec3e70-ee67-47e7-a611-68bccfa73188;423.11;0.17825548;UNKNOWN
2016-03-04T02:01:52.000000;2016-03-04T02:01:52.000000;04ff35c1-2284-4f2f-9a26-bb40c60d980b;423.11;0.03443706;UNKNOWN
2016-03-04T02:01:56.000000;2016-03-04T02:01:56.000000;38596436-d7a3-4796-a986-730b0b9a00ba;423.11;0.07849334;UNKNOWN
2016-03-04T02:02:01.000000;2016-03-04T02:02:01.000000;307e4d9a-26f0-4df2-9332-322d69538d03;423.11;0.039;UNKNOWN
2016-03-04T02:02:07.000000;2016-03-04T02:02:07.000000;e1c0de14-1877-4726-a302-7ce2184d0152;423.13;0.012;UNKNOWN
2016-03-04T02:02:13.000000;2016-03-04T02:02:13.000000;b4b2c4fc-02ed-4cef-ae25-976052c2a346;423.13;2.5;UNKNOWN
2016-03-04T02:02:21.000000;2016-03-04T02:02:21.000000;b287badc-91f5-4078-859a-e66c74a54085;423.08;0.38144183;UNKNOWN
2016-03-04T02:02:24.000000;2016-03-04T02:02:24.000000;573fa309-ab15-46b7-9f1b-ae18f7f3885c;423.08;0.64618274;UNKNOWN
2016-03-04T02:02:26.000000;2016-03-04T02:02:26.000000;a6dee06d-d29b-4c59-9a03-bd55053edd89;423.31;0.01;UNKNOWN
2016-03-04T02:02:29.000000;2016-03-04T02:02:29.000000;f19fb333-747f-4e8f-b178-f7a52529db4a;423.11;0.11091753;UNKNOWN
2016-03-04T02:02:33.000000;2016-03-04T02:02:33.000000;83969d4a-bdfa-441c-bf54-94aa4671d2f1;423.11;0.07199014;UNKNOWN
2016-03-04T02:02:37.000000;2016-03-04T02:02:37.000000;1a983177-49ab-4c75-8366-41255096bbff;423.12;0.07197684;UNKNOWN
2016-03-04T02:02:41.000000;2016-03-04T02:02:41.000000;bc7fd481-63ce-4328-b21a-86a318a1e3c2;423.12;0.15606155;UNKNOWN
2016-03-04T02:02:44.000000;2016-03-04T02:02:44.000000;d38f21a7-2f1f-4446-b13b-bd311311e7cc;423.12;0.65604675;UNKNOWN
2016-03-04T02:02:51.000000;2016-03-04T02:02:51.000000;d01b6f73-cdcb-47d1-a28b-5a1e83e7363a;423.12;0.62232307;UNKNOWN
2016-03-04T02:02:56.000000;2016-03-04T02:02:56.000000;6f0cd069-e084-4122-ab8f-65659f22e46f;423.12;0.13560514;UNKNOWN
2016-03-04T02:03:04.000000;2016-03-04T02:03:04.000000;1248f36c-7c4d-4647-8629-e87f2a51887b;423.12;0.07213148;UNKNOWN
2016-03-04T02:03:09.000000;2016-03-04T02:03:09.000000;b342e1b5-5029-4429-9827-0483ee5eb9d4;423.12;0.01878058;UNKNOWN
2016-03-04T02:03:09.000000;2016-03-04T02:03:09.000000;2181cbcd-2f8c-4f19-a4b0-918f5cb607b0;423.05;0.12580464;UNKNOWN
2016-03-04T02:03:13.000000;2016-03-04T02:03:13.000000;1c88213c-8731-4512-b096-3bc7da008a55;423.05;0.01136363;UNKNOWN
2016-03-04T02:03:16.000000;2016-03-04T02:03:16.000000;eae349ac-1448-435c-bdb3-6ce62f51b617;423.05;0.07898183;UNKNOWN
2016-03-04T02:03:20.000000;2016-03-04T02:03:20.000000;18d54673-763d-47c4-bb61-e2b3fa3cf3b2;423.03;0.18108004;UNKNOWN
2016-03-04T02:03:23.000000;2016-03-04T02:03:23.000000;35742fce-6452-4252-8749-39f4206514f6;423.03;0.65464229;UNKNOWN
2016-03-04T02:03:28.000000;2016-03-04T02:03:28.000000;b9813790-e11d-4ad3-bd30-052cb6386b42;423.03;0.16644235;UNKNOWN
2016-03-04T02:03:33.000000;2016-03-04T02:03:33.000000;f7aa8f81-edad-43f1-b716-9bfc14aa48f3;423.03;0.67979143;UNKNOWN
2016-03-04T02:03:38.000000;2016-03-04T02:03:38.000000;6885fd6b-f6d2-41bf-b5c9-f97ffed09e32;423.03;0.0293638;UNKNOWN
2016-03-04T02:03:41.000000;2016-03-04T02:03:41.000000;68ec032e-9eea-45d3-876e-1c77589d6164;423.03;0.66807833;UNKNOWN
2016-03-04T02:03:46.000000;2016-03-04T02:03:46.000000;fcf18614-77d0-4fa4-a622-0bd448fc65b4;423.03;0.18692834;UNKNOWN
2016-03-04T02:04:22.000000;2016-03-04T02:04:22.000000;d09177a6-d721-454b-bdbd-d9ea738774b9;423.03;0.07659928;UNKNOWN
2016-03-04T02:04:35.000000;2016-03-04T02:04:35.000000;7a7c255b-1390-45c9-98d2-5ad70cbcee1f;423.03;32.58824245;UNKNOWN
2016-03-04T02:04:39.000000;2016-03-04T02:04:39.000000;ce3ad8b5-7bce-476d-9cf0-fe6d96662a5c;423.03;0.16687874;UNKNOWN
2016-03-04T02:04:43.000000;2016-03-04T02:04:43.000000;db761bd3-83f6-459c-9822-5f63106b660b;423.03;0.6262743;UNKNOWN
2016-03-04T02:04:47.000000;2016-03-04T02:04:47.000000;34207437-c7b8-4b06-8491-5a7ca18e12d9;423.03;0.18629859;UNKNOWN
2016-03-04T02:04:51.000000;2016-03-04T02:04:51.000000;96fde605-7f1c-4b87-be4c-f2fe7233b251;423.03;10.0;UNKNOWN
2016-03-04T02:04:51.000000;2016-03-04T02:04:51.000000;21512d48-389a-4fcd-9f17-166918a38561;423.03;0.06599354;UNKNOWN
2016-03-04T02:04:51.000000;2016-03-04T02:04:51.000000;e3aaea64-450a-4616-a543-bf0503fedebb;423.03;0.0945;UNKNOWN
2016-03-04T02:04:52.000000;2016-03-04T02:04:52.000000;7ed41f7d-d14d-4c8b-a04f-50ed90fc56cc;423.03;0.0945;UNKNOWN
2016-03-04T02:04:52.000000;2016-03-04T02:04:52.000000;6dd35610-a327-4ca2-af01-d43f592c3dd9;423.03;0.0945;UNKNOWN
2016-03-04T02:04:55.000000;2016-03-04T02:04:55.000000;e5874d9e-0d4d-44bd-b17c-592aa0e778c2;423.03;0.07764474;UNKNOWN
2016-03-04T02:04:56.000000;2016-03-04T02:04:56.000000;da196d79-5adf-4298-a4a3-92127ab1941e;423.03;0.0945;UNKNOWN
2016-03-04T02:04:57.000000;2016-03-04T02:04:57.000000;7515ee5e-6358-46e8-b793-08320f1ceaec;423.03;0.0945;UNKNOWN
2016-03-04T02:04:58.000000;2016-03-04T02:04:58.000000;0161fdd9-cb80-4361-a750-409cb27a2258;423.03;0.0945;UNKNOWN
2016-03-04T02:04:59.000000;2016-03-04T02:04:59.000000;8e2ddfce-36f5-4f23-9f15-05f4af483d8e;423.03;0.0945;UNKNOWN
2016-03-04T02:05:03.000000;2016-03-04T02:05:03.000000;f4eb9ab0-469d-4b10-b515-5b50df579deb;423.03;0.0945;UNKNOWN
2016-03-04T02:05:03.000000;2016-03-04T02:05:03.000000;b53710b2-3df3-4d49-8515-c598c5c0f078;423.03;0.0945;UNKNOWN
2016-03-04T02:05:04.000000;2016-03-04T02:05:04.000000;c46513c2-edbd-464f-b754-88da4121bfc6;423.03;0.0945;UNKNOWN
2016-03-04T02:05:04.000000;2016-03-04T02:05:04.000000;05dbe716-b091-49e3-89c3-d6f4dfdd1a3e;423.03;0.0945;UNKNOWN
2016-03-04T02:05:05.000000;2016-03-04T02:05:05.000000;b89ece61-3bbc-472c-8c6e-25077e84474a;423.03;0.0945;UNKNOWN
2016-03-04T02:05:05.000000;2016-03-04T02:05:05.000000;7ca2ab53-3a93-4b50-868e-e77a9baf88f9;423.03;0.01294438;UNKNOWN
2016-03-04T02:05:05.000000;2016-03-04T02:05:05.000000;94428bf3-f9c1-4ae3-8c4b-a4a82907f64e;423.03;1.49576549;UNKNOWN
2016-03-04T02:05:06.000000;2016-03-04T02:05:06.000000;af38ed27-1d12-4386-8cdf-cdb87a6cdd10;423.03;0.0945;UNKNOWN
2016-03-04T02:05:08.000000;2016-03-04T02:05:08.000000;7d2ef08e-c5ae-40e0-bd6a-272f3b369708;423.03;0.03639395;UNKNOWN
2016-03-04T02:05:08.000000;2016-03-04T02:05:08.000000;a90c091e-5ad8-4419-973a-46bbcc75f852;423.03;0.0945;UNKNOWN
2016-03-04T02:05:09.000000;2016-03-04T02:05:09.000000;f570935e-35b2-4431-ae71-b5350d83a03a;423.03;0.0945;UNKNOWN
2016-03-04T02:05:10.000000;2016-03-04T02:05:10.000000;725359a5-d746-427d-a2f2-777e91f82c19;423.03;0.0945;UNKNOWN
2016-03-04T02:05:10.000000;2016-03-04T02:05:10.000000;19edd8d5-1999-4f22-8975-04de4361e0c2;423.03;0.0945;UNKNOWN
2016-03-04T02:05:11.000000;2016-03-04T02:05:11.000000;9cc3ef1c-7041-4894-a2e1-df19c1f332d3;423.03;0.0945;UNKNOWN
2016-03-04T02:05:11.000000;2016-03-04T02:05:11.000000;c5067465-4285-4a36-95f4-e8fe9fc96a9e;423.03;0.0945;UNKNOWN
2016-03-04T02:05:12.000000;2016-03-04T02:05:12.000000;ce931cc2-96cd-43d8-a1f2-5e433e95b3c2;423.03;0.0945;UNKNOWN
2016-03-04T02:05:12.000000;2016-03-04T02:05:12.000000;4fadfe11-3110-4aec-8efe-22d98812bc53;423.03;0.12396944;UNKNOWN
2016-03-04T02:05:15.000000;2016-03-04T02:05:15.000000;4a4e57e4-6aa7-4f3a-bb10-b63ed7282f0b;423.03;0.0945;UNKNOWN
2016-03-04T02:05:16.000000;2016-03-04T02:05:16.000000;87111432-edf7-4e85-a4e7-0a1a6a0f7ba7;423.03;3.0;UNKNOWN
2016-03-04T02:05:16.000000;2016-03-04T02:05:16.000000;3941cddf-f60b-49ac-a75a-c937ec097be2;423.03;0.0945;UNKNOWN
2016-03-04T02:05:16.000000;2016-03-04T02:05:16.000000;30977cf6-4d61-4f4e-883c-dd10880c683c;423.03;0.68728377;UNKNOWN
2016-03-04T02:05:17.000000;2016-03-04T02:05:17.000000;c622a115-b6b5-4783-b572-a89b0e183377;423.03;0.0945;UNKNOWN
2016-03-04T02:05:17.000000;2016-03-04T02:05:17.000000;44a6f4e1-b02c-4c9e-a25f-66d2f9f9019b;423.03;0.0945;UNKNOWN
2016-03-04T02:05:18.000000;2016-03-04T02:05:18.000000;8b6a5c18-a407-4e78-97b8-ca8a5c93f037;423.03;0.0945;UNKNOWN
2016-03-04T02:05:20.000000;2016-03-04T02:05:20.000000;ec03ae72-c585-4201-82a3-f6ff338706c8;423.03;0.0945;UNKNOWN
2016-03-04T02:05:21.000000;2016-03-04T02:05:21.000000;c4d93d59-2a50-4bf3-8c3c-f65065bc7bbf;423.03;0.12029122;UNKNOWN
2016-03-04T02:05:21.000000;2016-03-04T02:05:21.000000;8cc2d217-5897-4d69-8074-f37ef2aee2f2;423.03;0.0945;UNKNOWN
2016-03-04T02:05:21.000000;2016-03-04T02:05:21.000000;cb9081b8-f243-43ea-b252-641f3439090b;423.03;0.0945;UNKNOWN
2016-03-04T02:05:22.000000;2016-03-04T02:05:22.000000;e2af4e3b-2600-413f-b26d-068bf66c73c4;423.03;0.0945;UNKNOWN
2016-03-04T02:05:23.000000;2016-03-04T02:05:23.000000;0efcb346-da3a-4ed3-807f-ccc8771eddaa;423.03;0.0945;UNKNOWN
2016-03-04T02:05:24.000000;2016-03-04T02:05:24.000000;aeec3f15-9b4b-439f-acf3-43ffbbbb4b0e;423.03;0.04908379;UNKNOWN
2016-03-04T02:05:25.000000;2016-03-04T02:05:25.000000;a7b332b2-2081-4ccb-9c94-24eece3f71b1;423.03;2.0;UNKNOWN
2016-03-04T02:05:25.000000;2016-03-04T02:05:25.000000;9c6b41ea-63f9-44a0-aba6-c5073a737ee4;423.03;0.0945;UNKNOWN
2016-03-04T02:05:25.000000;2016-03-04T02:05:25.000000;da5a78a0-cd4e-45d4-8d59-a7a99316ac50;423.03;0.0945;UNKNOWN
2016-03-04T02:05:26.000000;2016-03-04T02:05:26.000000;c96829e1-1a65-4e9b-804a-acb4ab045094;423.03;0.0945;UNKNOWN
2016-03-04T02:05:26.000000;2016-03-04T02:05:26.000000;58cf07d4-e8fb-4eb2-82da-82a3a6ea4c8c;423.03;0.0945;UNKNOWN
2016-03-04T02:05:26.000000;2016-03-04T02:05:26.000000;37264306-7178-4fc4-90fb-66dc5fc28bbb;423.03;0.0945;UNKNOWN
2016-03-04T02:05:28.000000;2016-03-04T02:05:28.000000;30e8a4d5-4d45-44b2-a3fa-027dfb5819db;423.03;0.07327393;UNKNOWN
2016-03-04T02:05:29.000000;2016-03-04T02:05:29.000000;3413fc1d-ddd3-4e2e-870d-ff0cb36a5fab;423.03;0.0945;UNKNOWN
2016-03-04T02:05:30.000000;2016-03-04T02:05:30.000000;ad3f5da9-1906-4ec5-a92c-22f66e194a8e;423.03;0.0945;UNKNOWN
2016-03-04T02:05:31.000000;2016-03-04T02:05:31.000000;18cc6afa-af39-4f35-a7b0-4ccbb7610491;423.03;0.0945;UNKNOWN
2016-03-04T02:05:31.000000;2016-03-04T02:05:31.000000;e4d902f9-c56e-4eb6-80fc-98355b38b7d1;423.03;0.0945;UNKNOWN
2016-03-04T02:05:36.000000;2016-03-04T02:05:36.000000;1df08a31-db59-4532-a8d2-4c8ed8e9598e;423.03;0.06243534;UNKNOWN
2016-03-04T02:05:38.000000;2016-03-04T02:05:38.000000;e935e4df-13d3-45e3-b06d-598e91325662;423.03;0.0945;UNKNOWN
2016-03-04T02:05:39.000000;2016-03-04T02:05:39.000000;145eafad-e1a2-422f-86e2-7ddf676a4a36;423.03;0.0945;UNKNOWN
2016-03-04T02:05:40.000000;2016-03-04T02:05:40.000000;9c628b20-4be1-4011-87d3-c43c802bac9a;423.03;0.0945;UNKNOWN
2016-03-04T02:05:41.000000;2016-03-04T02:05:41.000000;bd1f2689-f01d-40c1-97c0-74e431e3c3f2;423.03;0.0945;UNKNOWN
2016-03-04T02:05:42.000000;2016-03-04T02:05:42.000000;89e08878-ac46-4fd3-9b95-5097ea80df7b;423.03;0.0945;UNKNOWN
2016-03-04T02:05:43.000000;2016-03-04T02:05:43.000000;6b258740-99a4-445a-8210-20f9d25f9433;423.03;0.16765595;UNKNOWN
2016-03-04T02:05:44.000000;2016-03-04T02:05:44.000000;c04f6a76-058e-4d3c-93d5-4fe7a56eadaf;423.03;0.0945;UNKNOWN
2016-03-04T02:05:46.000000;2016-03-04T02:05:46.000000;20795a8c-5f27-48f3-832c-accbb2260677;423.03;0.0945;UNKNOWN
2016-03-04T02:05:47.000000;2016-03-04T02:05:47.000000;e6bdc362-d09b-4cb3-a6b7-5039bd810110;423.03;0.0945;UNKNOWN
2016-03-04T02:05:47.000000;2016-03-04T02:05:47.000000;1944d2b1-834b-4c35-9109-c37a30373b0d;423.03;0.675871;UNKNOWN
2016-03-04T02:05:48.000000;2016-03-04T02:05:48.000000;4c26e149-df67-469c-816a-e4a5b28b364b;423.03;0.47896811;UNKNOWN
2016-03-04T02:05:50.000000;2016-03-04T02:05:50.000000;7ef82c36-91c2-4f89-b4eb-57c67d70d334;423.03;0.1225504;UNKNOWN
2016-03-04T02:05:54.000000;2016-03-04T02:05:54.000000;3ea6aa60-5566-48b1-9ec4-704484b7851f;423.03;0.01268305;UNKNOWN
2016-03-04T02:05:57.000000;2016-03-04T02:05:57.000000;7edb683c-6107-41a8-b005-fae1ab97ba2a;423.03;0.02382065;UNKNOWN
2016-03-04T02:05:58.000000;2016-03-04T02:05:58.000000;2d4f0e89-50bb-488e-938c-1be5591ecd66;423.03;0.02;UNKNOWN
2016-03-04T02:06:01.000000;2016-03-04T02:06:01.000000;b97e3e34-c7ed-4987-9fff-f228ff763257;423.03;0.16281025;UNKNOWN
2016-03-04T02:06:05.000000;2016-03-04T02:06:05.000000;03041485-ac89-4f6d-9f7e-e359e87536f2;423.03;0.64505398;UNKNOWN
2016-03-04T02:06:09.000000;2016-03-04T02:06:09.000000;2647e36d-f663-4095-88d6-9f823fa4f05b;423.03;0.08097112;UNKNOWN
2016-03-04T02:06:10.000000;2016-03-04T02:06:10.000000;bd8cb85f-94b1-4525-a032-6a8e036fab64;423.03;0.02;UNKNOWN
2016-03-04T02:06:12.000000;2016-03-04T02:06:12.000000;8b24f906-6bb6-49d1-9faa-a7a1784a9a82;423.03;0.67859625;UNKNOWN
2016-03-04T02:06:18.000000;2016-03-04T02:06:18.000000;6864c976-6374-4978-8402-540a13e02aa0;423.03;0.08640394;UNKNOWN
2016-03-04T02:06:26.000000;2016-03-04T02:06:26.000000;edf04545-4e39-4dd9-bf29-a9157a7934be;423.03;0.0945;UNKNOWN
2016-03-04T02:06:29.000000;2016-03-04T02:06:29.000000;ad0f6f08-da3a-46e7-b994-193a85cf9faa;423.03;0.0945;UNKNOWN
2016-03-04T02:06:30.000000;2016-03-04T02:06:30.000000;008ce650-09f4-492e-8476-2120ecc1b12a;423.03;0.58334;UNKNOWN
2016-03-04T02:06:31.000000;2016-03-04T02:06:31.000000;b424b2d9-eb07-498f-beb9-6a90d16199ac;423.03;0.0945;UNKNOWN
2016-03-04T02:06:33.000000;2016-03-04T02:06:33.000000;3bce467e-f9db-49e7-8468-ed71a6ce8106;423.03;0.58334;UNKNOWN
2016-03-04T02:06:34.000000;2016-03-04T02:06:34.000000;abb9be04-02e5-4482-80bd-2070634f712f;423.03;0.58334;UNKNOWN
2016-03-04T02:06:34.000000;2016-03-04T02:06:34.000000;8b13775b-761c-489a-a23f-0a0e36f73d0d;423.03;0.0945;UNKNOWN
2016-03-04T02:06:35.000000;2016-03-04T02:06:35.000000;8167d2a7-bf17-4c12-8412-137bc304c12d;423.03;0.58334;UNKNOWN
2016-03-04T02:06:35.000000;2016-03-04T02:06:35.000000;50a241e9-c560-4b76-89f4-5b750667ad56;423.03;0.0945;UNKNOWN
2016-03-04T02:06:36.000000;2016-03-04T02:06:36.000000;445331fb-8cae-48f0-b023-fc9f8edede0c;423.03;0.0945;UNKNOWN
2016-03-04T02:06:36.000000;2016-03-04T02:06:36.000000;52e1e27d-ef20-47bc-9af4-6b05c36f219b;423.03;0.58334;UNKNOWN
2016-03-04T02:06:37.000000;2016-03-04T02:06:37.000000;a580ae15-cb93-4a5a-a64a-6791781ef044;423.03;0.02;UNKNOWN
2016-03-04T02:06:39.000000;2016-03-04T02:06:39.000000;55aba636-2045-44fc-be2d-982db7e985ef;423.03;0.58334;UNKNOWN
2016-03-04T02:06:40.000000;2016-03-04T02:06:40.000000;fcde0b52-4722-4d34-ab56-a5b666bc9394;423.03;0.0945;UNKNOWN
2016-03-04T02:06:44.000000;2016-03-04T02:06:44.000000;8f4ec34f-9ae6-4a8a-98d7-0b141ab4fbd2;423.03;0.58334;UNKNOWN
2016-03-04T02:06:44.000000;2016-03-04T02:06:44.000000;2c659e3c-a4ed-4273-b9b5-b15d3b8c48d9;423.03;0.0945;UNKNOWN
2016-03-04T02:06:45.000000;2016-03-04T02:06:45.000000;b2d59253-573b-4d4a-baab-3ee2b8515ece;423.03;0.02;UNKNOWN
2016-03-04T02:06:45.000000;2016-03-04T02:06:45.000000;702e7786-44d9-45fc-97cc-1029f6a0ef8e;423.03;0.0945;UNKNOWN
2016-03-04T02:06:46.000000;2016-03-04T02:06:46.000000;31c710c7-178b-4d4d-a1a4-cc9a61a422f4;423.03;0.25778;UNKNOWN
2016-03-04T02:06:52.000000;2016-03-04T02:06:52.000000;3d2b6ea5-183e-4ed7-849a-770c3158a3a3;423.03;0.02;UNKNOWN
2016-03-04T02:07:03.000000;2016-03-04T02:07:03.000000;c059260c-ca41-4e1f-8eb0-10020240683a;423.03;0.02;UNKNOWN
2016-03-04T02:07:05.000000;2016-03-04T02:07:05.000000;d07fc72a-9d82-4198-bb38-7cf76cb48f0d;423.09;3.496585;UNKNOWN
2016-03-04T02:07:05.000000;2016-03-04T02:07:05.000000;3cdb3ea3-00ee-4842-af15-70bac076469d;423.1;0.5;UNKNOWN
2016-03-04T02:07:05.000000;2016-03-04T02:07:05.000000;7406f3a3-fdd6-497e-9a05-4bc4ae8562a7;423.11;0.08345682;UNKNOWN
2016-03-04T02:07:05.000000;2016-03-04T02:07:05.000000;49f87e66-41c8-4a99-9d6c-02d33085243b;423.11;2.31892972;UNKNOWN
2016-03-04T02:07:05.000000;2016-03-04T02:07:05.000000;9bba3fc3-6a7c-4a9b-a920-3d7fcb993af6;423.04;3.49740026;UNKNOWN
2016-03-04T02:07:05.000000;2016-03-04T02:07:05.000000;9b22df59-d885-4770-98fc-5adc675a34c3;423.04;5.8503;UNKNOWN
2016-03-04T02:07:05.000000;2016-03-04T02:07:05.000000;95de9447-548d-4002-bcbb-54c9a00b72c7;423.04;3.49642199;UNKNOWN
2016-03-04T02:07:21.000000;2016-03-04T02:07:21.000000;589e8c79-88b4-407c-bdc4-f05929449b0f;423.08;0.4;UNKNOWN
2016-03-04T02:07:21.000000;2016-03-04T02:07:21.000000;e4392bed-a270-496b-94f7-e8c7614b9189;423.08;0.5;UNKNOWN
2016-03-04T02:07:29.000000;2016-03-04T02:07:29.000000;4f961889-7df1-4b3b-956c-0c1623a70135;423.04;0.02;UNKNOWN
2016-03-04T02:07:34.000000;2016-03-04T02:07:34.000000;2fe8ce21-e4de-45f1-bd79-1f5b8a878821;423.04;0.02;UNKNOWN
2016-03-04T02:08:08.000000;2016-03-04T02:08:08.000000;37d75449-0478-458a-8bce-845c477b638d;423.08;3.0;UNKNOWN
2016-03-04T02:08:08.000000;2016-03-04T02:08:08.000000;e69c95f1-bb0f-4c5d-a6cf-722ec71144f8;423.08;1.0;UNKNOWN
2016-03-04T02:09:17.000000;2016-03-04T02:09:17.000000;d2929587-c381-4ac1-8de3-d277f2a14ccd;423.04;0.03121342;UNKNOWN
2016-03-04T02:11:31.000000;2016-03-04T02:11:31.000000;3be885ce-7128-498e-86bb-1ae8bd43e772;423.06;0.02;UNKNOWN
2016-03-04T02:11:56.000000;2016-03-04T02:11:56.000000;b07e82e9-d796-4c93-8d62-7ff3eaa8ae2f;423.04;0.1857992;UNKNOWN
2016-03-04T02:12:09.000000;2016-03-04T02:12:09.000000;8a683dd6-644d-4f08-870f-e4710797fdc9;423.06;0.02;UNKNOWN
2016-03-04T02:12:16.000000;2016-03-04T02:12:16.000000;3dc28f30-9c5f-4b4b-980c-0e3ab3083da7;423.04;0.02;UNKNOWN
2016-03-04T02:12:32.000000;2016-03-04T02:12:32.000000;f58907ee-740a-4c2f-a4d3-4f0df806c739;423.06;0.02;UNKNOWN
2016-03-04T02:12:36.000000;2016-03-04T02:12:36.000000;263b0e0a-935b-4f46-a7c8-20c18a70f213;423.04;1.72298738;UNKNOWN
2016-03-04T02:12:40.000000;2016-03-04T02:12:40.000000;a8ac3001-5bd2-460f-ad8d-59f4a7d41f8d;423.06;5.8039;UNKNOWN
2016-03-04T02:12:40.000000;2016-03-04T02:12:40.000000;6bf5258d-f3ce-40b8-b4e3-41a70e26e47f;423.06;3.49972585;UNKNOWN
2016-03-04T02:12:40.000000;2016-03-04T02:12:40.000000;99d0c859-2b1a-4514-81ed-91921779366d;423.06;3.49972585;UNKNOWN
2016-03-04T02:12:40.000000;2016-03-04T02:12:40.000000;0b9b9828-acdf-4cde-a787-acc0352dafa3;423.04;0.27701262;UNKNOWN
2016-03-04T02:12:40.000000;2016-03-04T02:12:40.000000;9973bde4-ae87-4c5e-89ee-c9ce0cd26c94;423.06;2.0;UNKNOWN
2016-03-04T02:12:49.000000;2016-03-04T02:12:49.000000;5b87b5cd-6562-4c4b-a641-f1cf856379ac;423.06;0.69213568;UNKNOWN
2016-03-04T02:12:52.000000;2016-03-04T02:12:52.000000;fcb48a3c-c522-4955-89ab-53e066c5d8c5;423.04;0.30786432;UNKNOWN
2016-03-04T02:13:07.000000;2016-03-04T02:13:07.000000;c15ffe53-faad-4b7c-8a28-c87d70e922c1;423.14;0.56631307;UNKNOWN
2016-03-04T02:13:07.000000;2016-03-04T02:13:07.000000;8c4687af-4758-4a55-bb48-dd1d74b7f646;423.13;1.0;UNKNOWN
2016-03-04T02:14:36.000000;2016-03-04T02:14:36.000000;e1e5f449-741e-43d9-b5bb-85a95839c23e;423.06;0.227452;UNKNOWN
2016-03-04T02:14:36.000000;2016-03-04T02:14:36.000000;b799c2da-7e5e-4140-b78c-931c06552592;423.06;0.55204968;UNKNOWN
2016-03-04T02:14:58.000000;2016-03-04T02:14:58.000000;1fccd665-d687-4152-9221-3202259f6e88;423.04;0.02;UNKNOWN
2016-03-04T02:15:07.000000;2016-03-04T02:15:07.000000;963866e1-27af-4598-b37a-db2a76c6292b;423.04;10.12826515;UNKNOWN
2016-03-04T02:16:05.000000;2016-03-04T02:16:05.000000;2ca144d6-2e3b-4a7f-a816-fcf79d7f764e;423.03;0.1;UNKNOWN
2016-03-04T02:16:12.000000;2016-03-04T02:16:12.000000;bed81862-d51d-4e5a-ad65-ae237e7b625b;423.04;15.0;UNKNOWN
2016-03-04T02:18:07.000000;2016-03-04T02:18:07.000000;d1cbd3c8-5859-4598-a619-265aef502877;423.04;5.851;UNKNOWN
2016-03-04T02:18:07.000000;2016-03-04T02:18:07.000000;337837e8-6385-4886-87fd-f489f6411061;423.04;17.13;UNKNOWN
2016-03-04T02:18:07.000000;2016-03-04T02:18:07.000000;8d277b5f-835b-4ea3-a593-b715242173dc;423.04;1.0;UNKNOWN
2016-03-04T02:18:07.000000;2016-03-04T02:18:07.000000;8c435429-d7f7-40f5-9c3b-cd58efdbebff;423.04;8.42664;UNKNOWN
2016-03-04T02:18:07.000000;2016-03-04T02:18:07.000000;450ee476-0608-453b-a350-c4b613a5796a;423.04;3.07566502;UNKNOWN
2016-03-04T02:20:07.000000;2016-03-04T02:20:07.000000;9bcfe391-f4b5-4d69-ade1-3271729f3d62;423.05;4.29705407;UNKNOWN
2016-03-04T02:24:37.000000;2016-03-04T02:24:37.000000;f57686aa-c9c9-4da1-8fdf-cf79ea7528a6;423.06;0.14;UNKNOWN
2016-03-04T02:29:06.000000;2016-03-04T02:29:06.000000;a0a3a6e1-9608-42fe-bf5d-73edfc4cbb2f;423.05;1.16492352;UNKNOWN
2016-03-04T02:30:32.000000;2016-03-04T02:30:32.000000;ff417386-2100-44c3-a40a-0afd657f7b76;423.05;0.4503;UNKNOWN
2016-03-04T02:31:05.000000;2016-03-04T02:31:05.000000;46774260-71aa-485f-8c4d-f966a08f36f8;423.05;2.11801734;UNKNOWN
2016-03-04T02:32:05.000000;2016-03-04T02:32:05.000000;f3ccc1eb-1904-4e5e-8c7b-e39458bb8755;423.03;0.92;UNKNOWN
2016-03-04T02:32:12.000000;2016-03-04T02:32:12.000000;a89bd7d8-c8d9-4805-8ffc-b0cc98e6b2c8;423.04;1.6529;UNKNOWN
2016-03-04T02:33:12.000000;2016-03-04T02:33:12.000000;fc52f1b5-ab87-4495-a7d0-60ccd158056b;423.05;1.653;UNKNOWN
2016-03-04T02:34:23.000000;2016-03-04T02:34:23.000000;2efb5fab-8019-4975-bf54-92b294f1d8e4;423.05;2.8337;UNKNOWN
2016-03-04T02:35:05.000000;2016-03-04T02:35:05.000000;235dddbf-6ef8-4e6e-ab1b-be4763e9790d;423.03;1.83661128;UNKNOWN
2016-03-04T02:35:47.000000;2016-03-04T02:35:47.000000;c8fcdc61-09a4-4b11-bdc4-35757fb49a7d;423.03;0.47385814;UNKNOWN
2016-03-04T02:36:03.000000;2016-03-04T02:36:03.000000;8797989d-cf9f-4582-aa61-fad4f1fa10dd;423.04;11.8071;UNKNOWN
2016-03-04T02:36:46.000000;2016-03-04T02:36:46.000000;79948b3f-8c59-4141-ab17-32f27e14639c;423.04;0.2503;UNKNOWN
2016-03-04T02:37:19.000000;2016-03-04T02:37:19.000000;10715ac0-e8fe-413f-9258-0cab8ecfa5c8;423.03;0.1;UNKNOWN
2016-03-04T02:37:32.000000;2016-03-04T02:37:32.000000;397e9c69-b104-4dc2-82ea-2218a8e83aae;423.05;3.49919518;UNKNOWN
2016-03-04T02:37:32.000000;2016-03-04T02:37:32.000000;a8ddab67-86f9-4e2c-876c-af4d543b1181;423.05;18.0833;UNKNOWN
2016-03-04T02:37:32.000000;2016-03-04T02:37:32.000000;1ae255f2-228f-4469-b351-90ab6ddca422;423.1;1.0;UNKNOWN
2016-03-04T02:37:32.000000;2016-03-04T02:37:32.000000;2de210ea-bfc5-4a34-b09c-544a4a4e5cce;423.04;0.5;UNKNOWN
2016-03-04T02:37:32.000000;2016-03-04T02:37:32.000000;77f310c7-1634-4e55-8546-a8457a31c028;423.09;3.49919518;UNKNOWN
2016-03-04T02:37:32.000000;2016-03-04T02:37:32.000000;797ff8d6-c704-444a-ad31-ac770201992c;423.08;5.8332;UNKNOWN
2016-03-04T02:37:32.000000;2016-03-04T02:37:32.000000;0bea785b-dbf4-4128-bd7d-20b09579abfc;423.14;14.81470964;UNKNOWN
2016-03-04T02:37:52.000000;2016-03-04T02:37:52.000000;2607d83c-f19c-45ca-ac82-f75dd37c2c62;423.27;0.1;UNKNOWN
2016-03-04T02:38:22.000000;2016-03-04T02:38:22.000000;20f688b3-b761-4a3c-ab65-0fe750cdc6e0;423.06;0.1;UNKNOWN
2016-03-04T02:38:32.000000;2016-03-04T02:38:32.000000;9a052bfc-73cd-4143-9a25-2a7181032f73;423.25;3.5421;UNKNOWN
2016-03-04T02:38:46.000000;2016-03-04T02:38:46.000000;e07e7081-6289-457e-aea7-cc32a2f4868e;423.31;5.81;UNKNOWN
2016-03-04T02:39:05.000000;2016-03-04T02:39:05.000000;236090d9-56f1-44af-8b24-d7552bf94c67;423.14;5.8337;UNKNOWN
2016-03-04T02:39:05.000000;2016-03-04T02:39:05.000000;4674cc22-1b52-4fe5-ba57-c76b9b84b2de;423.05;0.2663;UNKNOWN
2016-03-04T02:39:05.000000;2016-03-04T02:39:05.000000;baba496e-787d-462d-8921-d6f5135e346c;423.06;3.9;UNKNOWN
2016-03-04T02:40:07.000000;2016-03-04T02:40:07.000000;52c985b6-35de-408d-8683-2fd223042961;423.22;4.7256;UNKNOWN
2016-03-04T02:42:05.000000;2016-03-04T02:42:05.000000;ebb14c9a-a836-4bc2-9422-d3fc4e44d84f;423.22;2.0764;UNKNOWN
2016-03-04T02:45:07.000000;2016-03-04T02:45:07.000000;8d357bba-9d52-4a12-8926-3a11f37fd2b1;423.23;1.0;UNKNOWN
2016-03-04T02:45:07.000000;2016-03-04T02:45:07.000000;0bb89595-7e13-46ec-941a-0a188a0775bc;423.45;1.94469431;UNKNOWN
2016-03-04T02:45:23.000000;2016-03-04T02:45:23.000000;814d0269-9463-4d8d-85c9-f1fe00b9714f;423.3;3.175;UNKNOWN
2016-03-04T02:52:05.000000;2016-03-04T02:52:05.000000;509b1118-d8a5-4707-96f3-ff47345eb136;423.25;0.02818913;UNKNOWN
2016-03-04T02:53:20.000000;2016-03-04T02:53:20.000000;45538146-30b3-430c-b057-5c429c459d76;423.25;1.0;UNKNOWN
2016-03-04T02:53:44.000000;2016-03-04T02:53:44.000000;0e6c963e-200f-4328-a79b-43c40cbdcbaf;423.28;0.06991869;UNKNOWN
2016-03-04T02:55:56.000000;2016-03-04T02:55:56.000000;6999cf66-daec-47dc-b3be-4dde92ddad48;423.24;0.11;UNKNOWN
2016-03-04T02:56:12.000000;2016-03-04T02:56:12.000000;09952e14-eae6-4a77-ad67-4caeeab40b4e;423.06;0.03;UNKNOWN
2016-03-04T02:56:12.000000;2016-03-04T02:56:12.000000;94bdc0e1-66a5-4d11-971b-f3d5d88df9e1;423.06;0.94;UNKNOWN
2016-03-04T02:56:42.000000;2016-03-04T02:56:42.000000;d958d502-887a-4811-992a-579df3def564;423.05;0.11;UNKNOWN
2016-03-04T02:56:49.000000;2016-03-04T02:56:49.000000;af2a57d1-6730-456d-8849-414800927fea;423.06;0.11;UNKNOWN
2016-03-04T02:57:11.000000;2016-03-04T02:57:11.000000;e4274753-0ff7-4449-bf7e-4a496cdd2f88;423.05;0.87;UNKNOWN
2016-03-04T02:57:33.000000;2016-03-04T02:57:33.000000;c465182b-a8d1-415d-8d02-254467b20f7c;423.04;0.5;UNKNOWN
2016-03-04T02:57:33.000000;2016-03-04T02:57:33.000000;6da76491-2308-4efb-984b-76ae5e23efb4;423.05;0.36;UNKNOWN
2016-03-04T02:57:33.000000;2016-03-04T02:57:33.000000;a045812a-8f95-4787-8f08-294f993a5c3d;423.04;0.13;UNKNOWN
2016-03-04T02:57:48.000000;2016-03-04T02:57:48.000000;3390f3e1-dddc-4939-bbad-7b250141fa30;423.04;0.32482477;UNKNOWN
2016-03-04T02:58:06.000000;2016-03-04T02:58:06.000000;44d93a1e-be4e-4f2b-b9c4-21822d228d2c;423.04;0.3;UNKNOWN
2016-03-04T02:58:17.000000;2016-03-04T02:58:17.000000;0dab0593-8833-467b-992d-068eabdc8b49;423.04;0.99;UNKNOWN
2016-03-04T02:58:29.000000;2016-03-04T02:58:29.000000;4e94a55b-a1e2-48c7-aa88-96b94eb3d896;423.03;4.0;UNKNOWN
2016-03-04T02:58:34.000000;2016-03-04T02:58:34.000000;7f795b06-bb60-4583-9593-b9faf6131504;423.03;3.3559407;UNKNOWN
2016-03-04T02:58:47.000000;2016-03-04T02:58:47.000000;28ff5944-c3ba-443f-94d3-1cffe54e9b5c;423.03;0.34;UNKNOWN
2016-03-04T02:59:18.000000;2016-03-04T02:59:18.000000;1f039e9f-acb3-4ffe-9355-f27f5111c703;423.03;50.0;UNKNOWN
2016-03-04T02:59:59.000000;2016-03-04T02:59:59.000000;3f89f31a-0b75-4cb0-94b5-36d83eeec8c6;423.03;5.73023442;UNKNOWN
2016-03-04T03:00:24.000000;2016-03-04T03:00:24.000000;2f35026c-17f7-4a20-98b4-c0fde48c3d4c;423.04;0.3;UNKNOWN
2016-03-04T03:00:26.000000;2016-03-04T03:00:26.000000;6a8b2b64-590c-460c-8206-405a145df5e1;423.03;0.39;UNKNOWN
2016-03-04T03:00:43.000000;2016-03-04T03:00:43.000000;1f16c5aa-7a8b-4874-8009-29159fdc5d9a;423.03;2.0;UNKNOWN
2016-03-04T03:01:09.000000;2016-03-04T03:01:09.000000;e5e44272-6a77-48b5-9b93-fa88f1bdf8ab;423.03;0.82578935;UNKNOWN
2016-03-04T03:01:15.000000;2016-03-04T03:01:15.000000;771e871b-f511-4523-ba93-3b8473c423be;423.03;5.0;UNKNOWN
2016-03-04T03:01:53.000000;2016-03-04T03:01:53.000000;5e4c85c2-9a8c-41c2-8b6f-f069abeeb0bc;423.03;1.0;UNKNOWN
2016-03-04T03:02:08.000000;2016-03-04T03:02:08.000000;0e5d2359-3ee0-42e1-84e6-2c97f80b0764;423.03;5.0;UNKNOWN
2016-03-04T03:02:11.000000;2016-03-04T03:02:11.000000;42439990-aa69-450b-888f-b2d5612347ed;423.03;1.0;UNKNOWN
2016-03-04T03:02:15.000000;2016-03-04T03:02:15.000000;ecc2bcab-5d14-4ede-97ee-6b14864f6258;423.03;0.33772188;UNKNOWN
2016-03-04T03:02:29.000000;2016-03-04T03:02:29.000000;c0f58a5a-2adc-4cef-b919-1a5f3090e7d9;422.59;0.25;UNKNOWN
2016-03-04T03:02:31.000000;2016-03-04T03:02:31.000000;91b63677-d4fe-49ba-ac72-c0208584a554;422.59;0.25;UNKNOWN
2016-03-04T03:02:36.000000;2016-03-04T03:02:36.000000;a92cbaa2-a2bb-4e8e-8883-e43196ec0699;422.59;0.25;UNKNOWN
2016-03-04T03:02:41.000000;2016-03-04T03:02:41.000000;c8154be6-765f-4df5-b978-ad6b0fa1562f;422.59;0.01;UNKNOWN
2016-03-04T03:02:44.000000;2016-03-04T03:02:44.000000;54a4ed6e-68e7-4b14-9242-8ea86e6dd50f;422.59;0.01;UNKNOWN
2016-03-04T03:02:48.000000;2016-03-04T03:02:48.000000;d58d2127-3fb9-4ff7-a377-0c7c999b4431;422.59;0.01;UNKNOWN
2016-03-04T03:02:54.000000;2016-03-04T03:02:54.000000;ab21e267-a9ae-4976-85c2-226d571b1a32;422.59;0.05;UNKNOWN
2016-03-04T03:04:03.000000;2016-03-04T03:04:03.000000;eb1e676d-f794-4e13-ae79-c5508e51276e;422.17;0.01;UNKNOWN
2016-03-04T03:04:09.000000;2016-03-04T03:04:09.000000;bdfb8d56-7f94-4677-9e38-6a2ab12cdd39;422.19;0.01;UNKNOWN
2016-03-04T03:04:16.000000;2016-03-04T03:04:16.000000;608f34a8-2172-4a0f-a1af-6079a221105d;422.12;3.37294797;UNKNOWN
2016-03-04T03:05:07.000000;2016-03-04T03:05:07.000000;aa827284-2d2d-49e0-a526-5e5ea6345aa5;422.11;0.5;UNKNOWN
2016-03-04T03:05:12.000000;2016-03-04T03:05:12.000000;dc4cfdf7-9c6c-40bb-b9a3-9e74faa9eab0;422.08;0.01;UNKNOWN
2016-03-04T03:05:29.000000;2016-03-04T03:05:29.000000;0c51f67a-8f74-4204-8452-a0f8e6f9a53d;422.06;5.0;UNKNOWN
2016-03-04T03:06:08.000000;2016-03-04T03:06:08.000000;1aa8f069-85ba-4465-9cea-414c9500cc71;422.06;0.525294;UNKNOWN
2016-03-04T03:06:09.000000;2016-03-04T03:06:09.000000;68e15632-ae50-4203-b39c-f61260084578;422.07;13.0;UNKNOWN
2016-03-04T03:09:05.000000;2016-03-04T03:09:05.000000;9b72b56e-bf51-49e4-ad3f-3c3c013346cc;422.09;5.12;UNKNOWN
2016-03-04T03:09:26.000000;2016-03-04T03:09:26.000000;79ac383d-b52a-4b62-acd4-410ee2d64031;422.08;0.08815265;UNKNOWN
2016-03-04T03:13:46.000000;2016-03-04T03:13:46.000000;c9918cad-dac8-42cb-ae3c-d3617793484a;422.09;1.18455342;UNKNOWN
2016-03-04T03:16:05.000000;2016-03-04T03:16:05.000000;4f3ab649-17a2-48e5-8a6d-4d545f00caf6;422.09;0.14171019;UNKNOWN
2016-03-04T03:16:45.000000;2016-03-04T03:16:45.000000;f7f3d8e8-ed93-4bf6-878b-20a0cd70181a;422.08;5.8666;UNKNOWN
2016-03-04T03:16:45.000000;2016-03-04T03:16:45.000000;d2e1e02e-d586-4b84-8c4b-87348d356412;421.93;3.49740026;UNKNOWN
2016-03-04T03:16:45.000000;2016-03-04T03:16:45.000000;8c859b12-a50c-44da-82f4-abbfa44d0ea4;422.07;12.2735;UNKNOWN
2016-03-04T03:16:45.000000;2016-03-04T03:16:45.000000;189b54f3-a5a8-4066-84da-2fa29108ca84;422.05;0.945;UNKNOWN
2016-03-04T03:16:45.000000;2016-03-04T03:16:45.000000;2f68209b-d3e1-4033-9302-6d13fce4e62c;422.08;3.49601454;UNKNOWN
2016-03-04T03:16:45.000000;2016-03-04T03:16:45.000000;864be0cf-950b-4e8b-af40-c33b2a7283b6;422.08;4.0;UNKNOWN
2016-03-04T03:16:45.000000;2016-03-04T03:16:45.000000;94f4b457-b9bb-489e-91e3-8ab00e348bfc;422.08;3.49642199;UNKNOWN
2016-03-04T03:16:45.000000;2016-03-04T03:16:45.000000;158f4dce-6a03-4adf-b0f4-8fbf06c20eff;422.08;12.07184735;UNKNOWN
2016-03-04T03:16:45.000000;2016-03-04T03:16:45.000000;74172d96-b013-42a4-8aef-e6b6d8217ef3;422.07;3.59268497;UNKNOWN
2016-03-04T03:16:45.000000;2016-03-04T03:16:45.000000;a3e9072e-c3ea-414d-bb85-a023aa0d262d;422.08;3.49601454;UNKNOWN
2016-03-04T03:16:45.000000;2016-03-04T03:16:45.000000;e9d16ec8-65d8-4f0d-bd80-4d53ae5ba1fa;421.97;0.945;UNKNOWN
2016-03-04T03:16:45.000000;2016-03-04T03:16:45.000000;7a2eda22-06b0-409f-98d9-7b1c444f5fdd;422.0;0.5;UNKNOWN
2016-03-04T03:16:45.000000;2016-03-04T03:16:45.000000;7a86866f-46e2-458b-a27e-026c9527b020;421.92;1.78591635;UNKNOWN
2016-03-04T03:17:07.000000;2016-03-04T03:17:07.000000;a29f660b-44cb-496b-b24d-b688b0920991;422.06;1.0;UNKNOWN
2016-03-04T03:17:11.000000;2016-03-04T03:17:11.000000;c1405ba4-cc4e-4d81-9d73-b494c354c8c3;421.97;2.875e-05;UNKNOWN
2016-03-04T03:17:47.000000;2016-03-04T03:17:47.000000;e5b2283f-8fed-4e7a-921b-a60d557a02a2;422.05;0.22054221;UNKNOWN
2016-03-04T03:18:25.000000;2016-03-04T03:18:25.000000;28901673-56ba-48eb-906a-11d981e72d40;421.79;0.01;UNKNOWN
2016-03-04T03:18:28.000000;2016-03-04T03:18:28.000000;e58dc8f9-d2ea-42bd-a844-327fe583bd5c;421.79;0.01;UNKNOWN
2016-03-04T03:19:11.000000;2016-03-04T03:19:11.000000;46b1528f-a75b-4882-ac00-2278e81f83da;421.86;0.01136;UNKNOWN
2016-03-04T03:20:42.000000;2016-03-04T03:20:42.000000;f0a20b4d-8c0e-402e-9c8a-6326f45556b1;421.82;0.0201;UNKNOWN
2016-03-04T03:21:19.000000;2016-03-04T03:21:19.000000;7c727cff-c71d-42e3-a756-1720e0905d92;421.82;0.23706795;UNKNOWN
2016-03-04T03:23:03.000000;2016-03-04T03:23:03.000000;8e9fbe99-e86b-4aa9-9e5b-7e6709240f54;421.8;14.7448;UNKNOWN
2016-03-04T03:23:03.000000;2016-03-04T03:23:03.000000;396dd230-25c4-4443-9cc8-14a5b5763b87;421.78;5.2552;UNKNOWN
2016-03-04T03:23:07.000000;2016-03-04T03:23:07.000000;9a0130d3-7c41-49cf-af57-c1811724bec8;421.81;0.5;UNKNOWN
2016-03-04T03:23:07.000000;2016-03-04T03:23:07.000000;4c61ee22-36aa-44a2-92ba-2ed53c0af082;421.82;3.59046953;UNKNOWN
2016-03-04T03:23:07.000000;2016-03-04T03:23:07.000000;b01bf431-8037-4b94-ad63-9bed8bf50f5c;421.81;3.0;UNKNOWN
2016-03-04T03:23:52.000000;2016-03-04T03:23:52.000000;4b8852f7-7890-4d08-9868-40a15858a370;421.63;2.0;UNKNOWN
2016-03-04T03:24:06.000000;2016-03-04T03:24:06.000000;c9270357-31d9-44d8-95cc-3e3a6a5d129a;421.96;2.95280922;UNKNOWN
2016-03-04T03:24:06.000000;2016-03-04T03:24:06.000000;5e5867d0-9bf3-4b2f-80a4-0968ff74fbd8;421.82;0.0126;UNKNOWN
2016-03-04T03:24:08.000000;2016-03-04T03:24:08.000000;fa95af8b-a331-4514-8ade-bd4ee149d9bc;421.76;14.2545;UNKNOWN
2016-03-04T03:24:26.000000;2016-03-04T03:24:26.000000;439b9ca6-cbcd-4662-9497-96a445c0c775;421.61;0.1838;UNKNOWN
2016-03-04T03:24:51.000000;2016-03-04T03:24:51.000000;2037cc92-1803-483f-b3db-91034ecbd53e;421.61;7.5;UNKNOWN
2016-03-04T03:24:52.000000;2016-03-04T03:24:52.000000;48bd40b6-0ef5-4a7e-83fc-96ffb4a72d0f;421.61;6.3724;UNKNOWN
2016-03-04T03:24:52.000000;2016-03-04T03:24:52.000000;d74f1740-6a23-4f31-9927-8a371d8e4393;421.52;1.1276;UNKNOWN
2016-03-04T03:24:53.000000;2016-03-04T03:24:53.000000;0eb64972-6d81-4b03-98d2-9b7b28eae870;421.52;7.5;UNKNOWN
2016-03-04T03:24:53.000000;2016-03-04T03:24:53.000000;c73c3d1c-280a-453e-a700-df688575f328;421.52;7.5;UNKNOWN
2016-03-04T03:24:55.000000;2016-03-04T03:24:55.000000;922aa800-3992-4717-ada3-21e50bee786a;421.55;4.5;UNKNOWN
2016-03-04T03:24:55.000000;2016-03-04T03:24:55.000000;8d8e386f-4e7a-4a4d-b6b0-7864c86712c5;421.62;3.0;UNKNOWN
2016-03-04T03:24:57.000000;2016-03-04T03:24:57.000000;75404fd2-3a99-438f-a807-0877d88c14db;421.55;5.09979749;UNKNOWN
2016-03-04T03:26:44.000000;2016-03-04T03:26:44.000000;a3db429d-cdde-4188-8175-df7bd026243c;421.57;1.0026;UNKNOWN
2016-03-04T03:28:08.000000;2016-03-04T03:28:08.000000;62ad7015-f52a-42e4-af98-4fe0e2c8cd21;421.55;5.9038;UNKNOWN
2016-03-04T03:28:08.000000;2016-03-04T03:28:08.000000;62ccfb0a-d495-4b5b-9110-e3bb02e16ee7;421.55;0.90778912;UNKNOWN
2016-03-04T03:28:21.000000;2016-03-04T03:28:21.000000;31659e09-f2fa-4e92-a9bd-5ca740ec8700;421.6;9.35;UNKNOWN
2016-03-04T03:28:29.000000;2016-03-04T03:28:29.000000;39927ca2-11d2-4956-83b1-80579f066269;421.6;6.0445;UNKNOWN
2016-03-04T03:28:29.000000;2016-03-04T03:28:29.000000;245ddcd5-2911-441b-981d-5e484db06edb;421.48;0.03533645;UNKNOWN
2016-03-04T03:28:48.000000;2016-03-04T03:28:48.000000;57b22f3d-a06a-474c-9ebb-b3a223830192;421.61;0.65646833;UNKNOWN
2016-03-04T03:29:05.000000;2016-03-04T03:29:05.000000;ed6c5287-efbf-4080-b0e1-f89da88bd097;421.78;0.44372423;UNKNOWN
2016-03-04T03:32:15.000000;2016-03-04T03:32:15.000000;f19ad5e9-59b4-4e59-847b-d51fa80e0f93;421.97;1.0;UNKNOWN
2016-03-04T03:34:05.000000;2016-03-04T03:34:05.000000;7f48029a-5e1f-45ff-aa2d-c35e656b67cb;421.97;0.6000519;UNKNOWN
2016-03-04T03:34:24.000000;2016-03-04T03:34:24.000000;37365d56-4dc2-45d2-a870-f6036af77125;421.97;0.05;UNKNOWN
2016-03-04T03:34:24.000000;2016-03-04T03:34:24.000000;8f61839d-6ab1-48f2-bba3-46d171c255f7;421.98;0.35;UNKNOWN
2016-03-04T03:35:54.000000;2016-03-04T03:35:54.000000;2fade393-63b3-4e45-bdec-7441aaf0e9ff;422.09;1.0009;UNKNOWN
2016-03-04T03:36:11.000000;2016-03-04T03:36:11.000000;d7daeb02-ba7b-4866-9c0c-6b760f722bb5;422.11;0.04;UNKNOWN
2016-03-04T03:36:14.000000;2016-03-04T03:36:14.000000;5888eefe-09cc-4444-8757-f59da4946b1b;422.71;3.1735;UNKNOWN
2016-03-04T03:36:14.000000;2016-03-04T03:36:14.000000;53328513-3cbe-4d99-ba1a-e1318315be22;422.11;5.8265;UNKNOWN
2016-03-04T03:36:52.000000;2016-03-04T03:36:52.000000;a533a47f-96bf-4b04-871a-d06cff528b4b;422.94;1.3731;UNKNOWN
2016-03-04T03:37:25.000000;2016-03-04T03:37:25.000000;605db63d-af02-421e-9349-84d243e495b7;422.57;0.02054763;UNKNOWN
2016-03-04T03:37:25.000000;2016-03-04T03:37:25.000000;371e55be-ee9f-4114-a7c9-63cd7a6620cf;422.71;0.01;UNKNOWN
2016-03-04T03:37:28.000000;2016-03-04T03:37:28.000000;3c48badd-b27b-4b58-936b-b30c2ed10193;422.57;0.01452671;UNKNOWN
2016-03-04T03:37:50.000000;2016-03-04T03:37:50.000000;0a298afa-6e28-4884-b1fe-78a209ec401e;422.57;0.01;UNKNOWN
2016-03-04T03:38:35.000000;2016-03-04T03:38:35.000000;775e936d-55cb-4f5d-b20e-ebde1bcbfe06;422.57;0.49348357;UNKNOWN
2016-03-04T03:38:39.000000;2016-03-04T03:38:39.000000;457f606f-25b3-41d7-918e-2c8e8fefae07;422.59;0.01102338;UNKNOWN
2016-03-04T03:38:42.000000;2016-03-04T03:38:42.000000;8b83faf2-8709-4181-a49e-f2a2ec235dd6;422.59;0.49861736;UNKNOWN
2016-03-04T03:38:44.000000;2016-03-04T03:38:44.000000;d3f51ad0-4b1f-467d-8b0a-0392caf9f1c1;422.57;0.01;UNKNOWN
2016-03-04T03:38:46.000000;2016-03-04T03:38:46.000000;610b599b-225f-4569-aba9-6970a8041a3a;422.59;0.01;UNKNOWN
2016-03-04T03:39:51.000000;2016-03-04T03:39:51.000000;a807aa4f-19df-4aad-be13-0063ee092d5e;422.59;0.01;UNKNOWN
2016-03-04T03:40:35.000000;2016-03-04T03:40:35.000000;e77ba897-68d4-4366-bb05-ca6a1c66e317;422.82;1.661;UNKNOWN
2016-03-04T03:41:06.000000;2016-03-04T03:41:06.000000;a3c217b8-fc38-4812-a49b-7c59f6eda8ca;422.7;0.08770088;UNKNOWN
2016-03-04T03:43:07.000000;2016-03-04T03:43:07.000000;1d11fa1d-8dce-4ec6-909e-4755c509f127;422.72;10.0;UNKNOWN
2016-03-04T03:43:12.000000;2016-03-04T03:43:12.000000;8b243412-a108-4d7a-9f64-cfdfce29bf52;422.72;3.53411088;UNKNOWN
2016-03-04T03:43:23.000000;2016-03-04T03:43:23.000000;ff011c6f-1593-4c45-bc5d-d4412eacdbfb;422.7;0.01;UNKNOWN
2016-03-04T03:43:23.000000;2016-03-04T03:43:23.000000;430b6afb-f948-499b-96ed-78f28d6a8874;422.59;0.01;UNKNOWN
2016-03-04T03:43:23.000000;2016-03-04T03:43:23.000000;f88d3269-cfb4-4f6b-bf08-31b060de8543;422.49;0.98;UNKNOWN
2016-03-04T03:48:06.000000;2016-03-04T03:48:06.000000;40cbd336-fada-423c-b7a2-f0c291705b5c;422.76;1.97;UNKNOWN
2016-03-04T03:48:06.000000;2016-03-04T03:48:06.000000;26f00f8f-29fd-4dfc-9d44-4d0e8005d104;422.83;4.52925318;UNKNOWN
2016-03-04T03:48:06.000000;2016-03-04T03:48:06.000000;a0733a28-72e7-42e2-bae2-c97debcd4437;422.77;3.50074682;UNKNOWN
2016-03-04T03:49:51.000000;2016-03-04T03:49:51.000000;2f3bedd7-259d-4603-a452-a530432dda9f;422.8;0.01;UNKNOWN
2016-03-04T03:50:42.000000;2016-03-04T03:50:42.000000;e7bb35a2-34f1-4156-9423-f22ad9002618;422.8;0.01;UNKNOWN
2016-03-04T03:51:52.000000;2016-03-04T03:51:52.000000;2c0fe80a-8ac2-4e32-92e5-c9f1377137a3;422.79;0.01;UNKNOWN
2016-03-04T03:53:05.000000;2016-03-04T03:53:05.000000;599dfdfb-d0d9-405c-9dc1-f06929924d63;422.78;2.24452526;UNKNOWN
2016-03-04T03:53:06.000000;2016-03-04T03:53:06.000000;2bad1f9a-5c22-455d-943c-75c04be6d27e;422.79;0.33800008;UNKNOWN
2016-03-04T03:53:06.000000;2016-03-04T03:53:06.000000;1393ee1a-8fa7-45e1-b951-d54840dcad30;422.78;0.5;UNKNOWN
2016-03-04T03:53:16.000000;2016-03-04T03:53:16.000000;18e6d742-6e49-4d46-a7a3-0d5338f5c40e;422.37;0.13897566;UNKNOWN
2016-03-04T03:53:16.000000;2016-03-04T03:53:16.000000;1173164f-e301-4fa8-811e-2f6acf920fcd;422.59;0.01;UNKNOWN
2016-03-04T03:53:16.000000;2016-03-04T03:53:16.000000;5626bea7-7258-42ad-8c9d-9008136d42eb;422.59;0.0126;UNKNOWN
2016-03-04T03:54:05.000000;2016-03-04T03:54:05.000000;72271528-c122-4258-bf38-c8a14791c84c;422.44;0.5;UNKNOWN
2016-03-04T03:54:06.000000;2016-03-04T03:54:06.000000;d4a8f091-c857-4eee-9cd0-74a0f95272e3;422.44;0.78967816;UNKNOWN
2016-03-04T03:55:05.000000;2016-03-04T03:55:05.000000;1df2153b-2176-4d63-a659-8029f6884810;422.56;2.07644911;UNKNOWN
2016-03-04T03:55:55.000000;2016-03-04T03:55:55.000000;b9e7010e-2773-4ebd-81df-5240eda55a94;422.85;0.01293858;UNKNOWN
2016-03-04T03:56:51.000000;2016-03-04T03:56:51.000000;f80e4826-9a3a-4b91-8f3e-dcdc25ab9c6b;422.42;14.1106;UNKNOWN
2016-03-04T03:56:51.000000;2016-03-04T03:56:51.000000;8b2d907b-91f3-4543-bed6-9e1f4465acb2;422.66;5.8894;UNKNOWN
2016-03-04T03:58:06.000000;2016-03-04T03:58:06.000000;5e799288-40a2-480d-83cf-f3affbf6ec21;422.8;0.84860588;UNKNOWN
2016-03-04T04:01:27.000000;2016-03-04T04:01:27.000000;879e0472-9fe2-45e3-9fae-3aa9cdf6355c;422.85;9.6565;UNKNOWN
2016-03-04T04:01:27.000000;2016-03-04T04:01:27.000000;9119e928-9dea-41b8-a077-3c0a4ada1deb;422.85;5.8435;UNKNOWN
2016-03-04T04:02:45.000000;2016-03-04T04:02:45.000000;905755f0-46b1-42fa-8495-a32180866595;422.86;0.2;UNKNOWN
2016-03-04T04:03:05.000000;2016-03-04T04:03:05.000000;0108dab8-1000-4591-873f-cc0a811c3f38;423.0;0.03606073;UNKNOWN
2016-03-04T04:03:11.000000;2016-03-04T04:03:11.000000;30eabf9b-4be9-493c-87e4-2640816b0fad;422.9;0.31;UNKNOWN
2016-03-04T04:03:15.000000;2016-03-04T04:03:15.000000;11ec69fa-d0e6-4153-aaab-1743b76e5923;422.9;0.14;UNKNOWN
2016-03-04T04:04:42.000000;2016-03-04T04:04:42.000000;9ab0ae93-6ec5-4a82-a79c-f5370e8bdfa2;422.9;0.01;UNKNOWN
2016-03-04T04:05:05.000000;2016-03-04T04:05:05.000000;e4459d8b-e38c-4d26-b21c-8cacf686b26e;422.86;0.0112;UNKNOWN
2016-03-04T04:05:49.000000;2016-03-04T04:05:49.000000;7dcbb49a-fdb7-4391-a149-4954f7efdcfd;422.9;0.04;UNKNOWN
2016-03-04T04:06:24.000000;2016-03-04T04:06:24.000000;51d9c1db-a7aa-469e-ad9c-bb04b6ac0571;423.0;0.2;UNKNOWN
2016-03-04T04:06:41.000000;2016-03-04T04:06:41.000000;96f2b4f5-c895-470c-b5b7-96d46d52ac92;423.0;0.01;UNKNOWN
2016-03-04T04:06:43.000000;2016-03-04T04:06:43.000000;e40b3d09-b9de-4cf4-90f8-f0936972648f;423.0;0.01;UNKNOWN
2016-03-04T04:07:02.000000;2016-03-04T04:07:02.000000;c656d6d6-6cfc-4e26-87d9-10af8f7f6ebc;422.99;1.0;UNKNOWN
2016-03-04T04:07:05.000000;2016-03-04T04:07:05.000000;a8b10959-d1b6-4ffe-bfb4-02e4a6bd4179;423.0;0.81509407;UNKNOWN
2016-03-04T04:07:05.000000;2016-03-04T04:07:05.000000;621584de-71da-460c-b9ff-876f569d9690;423.0;0.24393927;UNKNOWN
2016-03-04T04:07:07.000000;2016-03-04T04:07:07.000000;fe9c0ec6-a5ee-4095-a2ca-327c814e86b5;422.99;1.0;UNKNOWN
2016-03-04T04:08:05.000000;2016-03-04T04:08:05.000000;bc8fd053-baef-4645-9966-6e074934c0fe;423.0;6.12594593;UNKNOWN
2016-03-04T04:08:05.000000;2016-03-04T04:08:05.000000;d270f292-0b82-4cd6-a589-4c1395e75de2;423.47;3.87405407;UNKNOWN
2016-03-04T04:08:32.000000;2016-03-04T04:08:32.000000;c8e27cfe-c315-4a20-838b-4a759ca73b3b;423.48;0.2;UNKNOWN
2016-03-04T04:09:12.000000;2016-03-04T04:09:12.000000;cc5f4326-f03e-4513-b8c8-6c3225936775;423.66;2.0;UNKNOWN
2016-03-04T04:09:44.000000;2016-03-04T04:09:44.000000;61752e84-0400-439d-9812-091fe649a5a0;423.92;1.3;UNKNOWN
2016-03-04T04:09:44.000000;2016-03-04T04:09:44.000000;cb747ce1-cec7-40b5-b60c-bf622fe2919e;423.92;0.5;UNKNOWN
2016-03-04T04:10:12.000000;2016-03-04T04:10:12.000000;b2badb22-f036-4efe-afc6-2761dec742c2;423.71;1.0;UNKNOWN
2016-03-04T04:10:41.000000;2016-03-04T04:10:41.000000;f06d5ed3-ba25-43b0-b268-6f6f9f01b019;423.7;0.01;UNKNOWN
2016-03-04T04:11:10.000000;2016-03-04T04:11:10.000000;2fb000ba-a094-4d9e-a080-7f5d7a9f9f49;423.66;0.01;UNKNOWN
2016-03-04T04:14:09.000000;2016-03-04T04:14:09.000000;460235f0-7f22-4da6-998c-258b0b1169d7;423.45;4.96;UNKNOWN
2016-03-04T04:14:09.000000;2016-03-04T04:14:09.000000;76b9ae51-a933-4122-808e-8a11b63c77d7;423.66;0.01;UNKNOWN
2016-03-04T04:14:09.000000;2016-03-04T04:14:09.000000;549a0612-b789-46bb-9c0e-7805947c5e27;423.66;0.01;UNKNOWN
2016-03-04T04:14:09.000000;2016-03-04T04:14:09.000000;8992302a-f638-4e93-adb8-ec92e04d7158;423.48;0.01;UNKNOWN
2016-03-04T04:14:09.000000;2016-03-04T04:14:09.000000;bbdc00af-96c3-4fb8-8481-90b6f797b849;423.66;0.01;UNKNOWN
2016-03-04T04:15:05.000000;2016-03-04T04:15:05.000000;0499dd6e-b6b3-4600-b7fe-f2bce490bde4;423.45;0.01;UNKNOWN
2016-03-04T04:15:05.000000;2016-03-04T04:15:05.000000;42e7bf9f-ba7c-4af4-8cf3-3fce4bf79e86;423.4;0.01241943;UNKNOWN
2016-03-04T04:16:06.000000;2016-03-04T04:16:06.000000;7c44f7b1-b4c1-42eb-8511-3336531b7531;423.24;0.1;UNKNOWN
2016-03-04T04:17:34.000000;2016-03-04T04:17:34.000000;4dc543ad-622b-46fe-89ae-4acfa39f778f;422.91;10.0;UNKNOWN
2016-03-04T04:18:17.000000;2016-03-04T04:18:17.000000;6221784a-1b36-4742-9cdd-14113718cc36;422.89;0.01411967;UNKNOWN
2016-03-04T04:22:05.000000;2016-03-04T04:22:05.000000;0a765426-1799-4a28-9de5-082b780e2008;422.87;0.4;UNKNOWN
2016-03-04T04:22:49.000000;2016-03-04T04:22:49.000000;c7784c7c-d26e-46e5-8338-f78606a4bdf8;422.88;0.202;UNKNOWN
2016-03-04T04:22:49.000000;2016-03-04T04:22:49.000000;3c0e3650-52ba-45ac-bc72-447993082a33;422.87;0.48;UNKNOWN
2016-03-04T04:22:59.000000;2016-03-04T04:22:59.000000;29698a2f-550b-4db1-9bd6-a629937afe1b;422.87;1.0;UNKNOWN
2016-03-04T04:24:17.000000;2016-03-04T04:24:17.000000;121bdfd1-9e2b-4d1b-9942-4131ebf396a2;422.87;3.0;UNKNOWN
2016-03-04T04:25:04.000000;2016-03-04T04:25:04.000000;2f1d7786-bdc2-417e-a09f-24e68e01ebe1;422.87;0.09033389;UNKNOWN
2016-03-04T04:25:16.000000;2016-03-04T04:25:16.000000;da1c0fae-397b-4a2b-bfd8-dd3108616387;422.86;0.01;UNKNOWN
2016-03-04T04:25:47.000000;2016-03-04T04:25:47.000000;ddff59a7-92fb-42a0-8904-b09a40502467;422.86;0.098638;UNKNOWN
2016-03-04T04:26:05.000000;2016-03-04T04:26:05.000000;19fb8e64-44fb-4841-975c-667885118731;422.88;10.0;UNKNOWN
2016-03-04T04:27:00.000000;2016-03-04T04:27:00.000000;49b82acd-78b5-499f-bf1b-6c22f2e16c09;422.88;7.564;UNKNOWN
2016-03-04T04:27:02.000000;2016-03-04T04:27:02.000000;4b9e8be8-58c9-4bcd-af40-16426b1d3d50;422.87;0.5;UNKNOWN
2016-03-04T04:33:06.000000;2016-03-04T04:33:06.000000;02f4a9ba-538d-4f4f-a1d2-77b01cdb42ae;422.87;1.01719164;UNKNOWN
2016-03-04T04:34:43.000000;2016-03-04T04:34:43.000000;d555708f-d013-461f-b648-f7bd0831326d;422.92;20.0;UNKNOWN
2016-03-04T04:34:43.000000;2016-03-04T04:34:43.000000;84f46240-4dc0-48c2-87bb-f2c9e4662c06;422.88;20.234;UNKNOWN
2016-03-04T04:34:43.000000;2016-03-04T04:34:43.000000;51c326dc-a746-462e-9988-881a452c8cbf;422.88;12.0;UNKNOWN
2016-03-04T04:35:57.000000;2016-03-04T04:35:57.000000;1dc99e28-eb69-4144-a741-4c51a846fd5b;423.43;2.0;UNKNOWN
2016-03-04T04:37:56.000000;2016-03-04T04:37:56.000000;33c0a2bc-b528-4384-b03f-d6f3196d2fbc;423.58;0.5;UNKNOWN
2016-03-04T04:37:56.000000;2016-03-04T04:37:56.000000;e8d1fd9b-9c0f-4df2-9d7a-e3a75884c02a;423.58;0.1321;UNKNOWN
2016-03-04T04:38:24.000000;2016-03-04T04:38:24.000000;ef15d467-3e25-4e47-934f-ac17266e689b;423.66;1.0;UNKNOWN
2016-03-04T04:38:33.000000;2016-03-04T04:38:33.000000;b49f2de6-3a24-41a0-aade-9ddac5f06017;423.66;1.0;UNKNOWN
2016-03-04T04:38:35.000000;2016-03-04T04:38:35.000000;e924d8b6-1a57-4b2d-827c-e8bf7339c77c;423.66;0.02225;UNKNOWN
2016-03-04T04:39:01.000000;2016-03-04T04:39:01.000000;5e5150b6-76dd-4571-a7a7-82f0c1607fc8;423.66;1.0;UNKNOWN
2016-03-04T04:39:03.000000;2016-03-04T04:39:03.000000;dad71f33-5732-4618-b6cf-5f50ff078acb;423.65;1.0;UNKNOWN
2016-03-04T04:39:06.000000;2016-03-04T04:39:06.000000;c1e9c5dc-c872-4089-b67c-99ef18677738;423.65;1.0;UNKNOWN
2016-03-04T04:39:10.000000;2016-03-04T04:39:10.000000;0d56d28e-614b-4643-b4d3-b1a32d274c9f;423.67;1.0;UNKNOWN
2016-03-04T04:40:31.000000;2016-03-04T04:40:31.000000;0db69cc1-ca28-4692-aabf-664ba6ab8b85;423.66;1.0;UNKNOWN
2016-03-04T04:40:52.000000;2016-03-04T04:40:52.000000;6d873899-67b6-4557-9d58-d3305ab8b1d6;423.62;0.01427;UNKNOWN
2016-03-04T04:41:46.000000;2016-03-04T04:41:46.000000;f522ac04-e441-4826-9990-694b30b515eb;423.55;0.5;UNKNOWN
2016-03-04T04:41:46.000000;2016-03-04T04:41:46.000000;58e88b77-0143-4f27-a672-ab0c77b7a801;423.55;15.62;UNKNOWN
2016-03-04T04:42:29.000000;2016-03-04T04:42:29.000000;deed8591-1fcf-4e6e-b735-99f985e6ebfc;423.53;0.04940813;UNKNOWN
2016-03-04T04:44:25.000000;2016-03-04T04:44:25.000000;62cc56ff-788c-473d-8ce0-2e04f4a23cca;423.5;0.1182;UNKNOWN
2016-03-04T04:44:42.000000;2016-03-04T04:44:42.000000;cc2b9f5c-5cab-45d5-abb0-235ee371c747;423.49;0.01916;UNKNOWN
2016-03-04T04:47:00.000000;2016-03-04T04:47:00.000000;1f3363bb-8486-487f-9013-fb3cbf8f85d2;423.0;1.0;UNKNOWN
2016-03-04T04:47:05.000000;2016-03-04T04:47:05.000000;c4043acc-87f2-4971-9d0d-4c7b719b219a;422.88;0.40541959;UNKNOWN
2016-03-04T04:48:22.000000;2016-03-04T04:48:22.000000;d4850abf-09ed-4e81-94c9-aa5eb6a0b707;422.87;0.89;UNKNOWN
2016-03-04T04:48:22.000000;2016-03-04T04:48:22.000000;88835cab-4162-4872-8ac4-17ac50221fd8;422.86;0.39966745;UNKNOWN
2016-03-04T04:48:22.000000;2016-03-04T04:48:22.000000;dcd281e3-89fe-4a38-bda5-f2c346c96676;422.9;0.05;UNKNOWN
2016-03-04T04:48:51.000000;2016-03-04T04:48:51.000000;68ee0187-d4ef-4442-944b-dfc861b5dea0;422.87;0.8;UNKNOWN
2016-03-04T04:49:18.000000;2016-03-04T04:49:18.000000;47c0361f-bdf6-4212-9551-f8e432edc1e2;422.87;0.35;UNKNOWN
2016-03-04T04:50:15.000000;2016-03-04T04:50:15.000000;b154ef42-8ecc-45ef-89be-41b6681d1927;422.87;0.72;UNKNOWN
2016-03-04T04:51:09.000000;2016-03-04T04:51:09.000000;88183d46-0b05-4dcc-b7c0-4e3b966ec474;422.87;0.72;UNKNOWN
2016-03-04T04:51:15.000000;2016-03-04T04:51:15.000000;87dc38e3-c9c9-4d8a-8e9e-e63f02fb85fc;422.87;0.72;UNKNOWN
2016-03-04T04:51:53.000000;2016-03-04T04:51:53.000000;9adf7611-56ca-4790-b107-a76a668497a0;422.86;0.01;UNKNOWN
2016-03-04T04:51:54.000000;2016-03-04T04:51:54.000000;60f24429-27ba-43ac-9d05-3b01d01a03c0;422.87;0.5;UNKNOWN
2016-03-04T04:51:54.000000;2016-03-04T04:51:54.000000;aac92194-77f1-4580-9a31-b34f6ab346d1;422.86;0.01;UNKNOWN
2016-03-04T04:51:55.000000;2016-03-04T04:51:55.000000;5b420d82-cb69-4710-b71d-f0ad96b336f5;422.86;0.01;UNKNOWN
2016-03-04T04:51:55.000000;2016-03-04T04:51:55.000000;aa4f7a0a-897f-4a4d-992c-ae622a4db1d0;422.86;0.01;UNKNOWN
2016-03-04T04:51:56.000000;2016-03-04T04:51:56.000000;26e5acf5-48b4-47b2-b9f5-af3ecb733431;422.86;0.01;UNKNOWN
2016-03-04T04:51:56.000000;2016-03-04T04:51:56.000000;f4c43a7a-840e-4e9e-80fc-85a2677dac00;422.86;0.01;UNKNOWN
2016-03-04T04:51:57.000000;2016-03-04T04:51:57.000000;da6c6433-887e-4a27-86f6-6f9c562ef89f;422.87;0.5;UNKNOWN
2016-03-04T04:51:58.000000;2016-03-04T04:51:58.000000;fc825b25-872a-4389-bdfc-ce646bd2d3a1;422.87;0.01;UNKNOWN
2016-03-04T04:51:58.000000;2016-03-04T04:51:58.000000;7e701573-a910-469a-92c8-7462cda627ba;422.87;0.01;UNKNOWN
2016-03-04T04:51:59.000000;2016-03-04T04:51:59.000000;4dacd197-aed1-4dfc-973d-847236fca360;422.87;0.01;UNKNOWN
2016-03-04T04:51:59.000000;2016-03-04T04:51:59.000000;07e1e976-8f14-4c4d-aa7e-d77c72959659;422.87;0.01;UNKNOWN
2016-03-04T04:52:00.000000;2016-03-04T04:52:00.000000;5e910c42-97dc-4da1-8166-34f338d078a8;422.87;0.01;UNKNOWN
2016-03-04T04:52:01.000000;2016-03-04T04:52:01.000000;5eef21cb-f867-4b56-879c-c58207e35278;422.87;0.01;UNKNOWN
2016-03-04T04:52:01.000000;2016-03-04T04:52:01.000000;bf02b468-673a-4a77-b744-50adc63c160e;422.87;0.01;UNKNOWN
2016-03-04T04:52:02.000000;2016-03-04T04:52:02.000000;5a222a2d-adf9-48fd-9e8b-476990a2a25a;422.87;0.01;UNKNOWN
2016-03-04T04:52:03.000000;2016-03-04T04:52:03.000000;de61bac1-5c73-4ddd-90bb-c1fd58ca5661;422.87;0.01;UNKNOWN
2016-03-04T04:52:03.000000;2016-03-04T04:52:03.000000;eecc1cdf-2e65-4bfb-b1cc-24c534c3e56d;422.87;0.01;UNKNOWN
2016-03-04T04:52:04.000000;2016-03-04T04:52:04.000000;cca3087a-0bd8-452e-b0d1-0d63c88760b9;422.87;0.01;UNKNOWN
2016-03-04T04:52:04.000000;2016-03-04T04:52:04.000000;4d1c9ca0-cb9d-4000-895e-608f8d90eab7;422.87;0.01;UNKNOWN
2016-03-04T04:52:05.000000;2016-03-04T04:52:05.000000;3f4d4b89-e1a0-4513-8c2e-fe8d298320ff;422.87;0.01;UNKNOWN
2016-03-04T04:52:05.000000;2016-03-04T04:52:05.000000;6d03bc77-c67c-476b-8b56-db61a22e6436;422.87;0.01;UNKNOWN
2016-03-04T04:52:06.000000;2016-03-04T04:52:06.000000;d06899ba-7d73-4134-a9eb-3bd490e131d6;422.87;0.01;UNKNOWN
2016-03-04T04:52:07.000000;2016-03-04T04:52:07.000000;1fcaad77-d60a-4e15-97fe-0f07f49ae01a;422.86;0.01;UNKNOWN
2016-03-04T04:52:07.000000;2016-03-04T04:52:07.000000;cbe33f91-71e3-4a6a-a7e7-8ad7b03ccf90;422.86;0.01;UNKNOWN
2016-03-04T04:52:08.000000;2016-03-04T04:52:08.000000;cc488adf-08e0-417d-b8cb-03ab99e8cdaf;422.86;0.01;UNKNOWN
2016-03-04T04:52:42.000000;2016-03-04T04:52:42.000000;bc860ac2-82b8-46ad-aea9-0228a45982c8;422.91;0.01;UNKNOWN
2016-03-04T04:52:43.000000;2016-03-04T04:52:43.000000;f78d58a0-2d7d-4612-ba57-107e8875532c;422.92;0.01;UNKNOWN
2016-03-04T04:52:43.000000;2016-03-04T04:52:43.000000;5cef47ee-302b-446e-83b9-5606394ab88e;422.92;0.01;UNKNOWN
2016-03-04T04:52:44.000000;2016-03-04T04:52:44.000000;03cddbf9-2441-42ed-871f-e96dddd2d608;422.92;0.01;UNKNOWN
2016-03-04T04:52:44.000000;2016-03-04T04:52:44.000000;de2cc835-a57f-4b39-aaa1-2734fae6b87f;422.92;0.01;UNKNOWN
2016-03-04T04:52:45.000000;2016-03-04T04:52:45.000000;26f33f9f-3b29-4aa1-94d0-2cc5ad083830;422.86;0.01;UNKNOWN
2016-03-04T04:52:46.000000;2016-03-04T04:52:46.000000;82ea975f-fe15-4c6d-8aba-69f1942a0471;422.95;0.01;UNKNOWN
2016-03-04T04:52:46.000000;2016-03-04T04:52:46.000000;96725cb8-f2ec-40c8-9444-7a5200c52f2a;422.86;0.01;UNKNOWN
2016-03-04T04:52:47.000000;2016-03-04T04:52:47.000000;ad8ec97e-a5b1-49c4-8998-c02d55ed44fc;422.87;0.01;UNKNOWN
2016-03-04T04:52:48.000000;2016-03-04T04:52:48.000000;ae4d84e2-7977-4157-8f67-e13bef327d55;422.87;0.01;UNKNOWN
2016-03-04T04:52:48.000000;2016-03-04T04:52:48.000000;13b2412c-7c76-464b-8983-072ce77a48f2;422.87;0.01;UNKNOWN
2016-03-04T04:52:49.000000;2016-03-04T04:52:49.000000;5f774e3b-211e-445d-affd-8f32e5973ca9;422.87;0.01;UNKNOWN
2016-03-04T04:52:49.000000;2016-03-04T04:52:49.000000;31213b62-8b2c-456c-904a-9c801e6d527a;422.87;0.01;UNKNOWN
2016-03-04T04:52:50.000000;2016-03-04T04:52:50.000000;6fc14b0f-6e2e-45e7-8ed8-833f79a124fd;422.87;0.01;UNKNOWN
2016-03-04T04:52:51.000000;2016-03-04T04:52:51.000000;51310d65-063b-475a-8e2b-cedd97aec830;422.87;0.01;UNKNOWN
2016-03-04T04:52:51.000000;2016-03-04T04:52:51.000000;4bd9f3d9-d952-407a-a867-25670835057a;422.87;0.01;UNKNOWN
2016-03-04T04:52:52.000000;2016-03-04T04:52:52.000000;c62907f1-4043-4add-bae9-526d3b24bdba;422.86;0.01;UNKNOWN
2016-03-04T04:52:53.000000;2016-03-04T04:52:53.000000;2ed8499e-2ecc-488b-b930-2b7c2037d144;422.86;0.01;UNKNOWN
2016-03-04T04:52:54.000000;2016-03-04T04:52:54.000000;0d66cee1-6fe8-4293-9705-db739233479e;422.88;0.01;UNKNOWN
2016-03-04T04:52:54.000000;2016-03-04T04:52:54.000000;39204f4d-d30e-441e-854b-48ee022710b7;422.88;0.01;UNKNOWN
2016-03-04T04:52:55.000000;2016-03-04T04:52:55.000000;3c429e88-fdd1-4143-9f61-6cc4ad61e2d4;422.88;0.01;UNKNOWN
2016-03-04T04:52:56.000000;2016-03-04T04:52:56.000000;05613841-9b0a-418a-9b8a-3430b5ebb5d4;422.88;0.01;UNKNOWN
2016-03-04T04:52:57.000000;2016-03-04T04:52:57.000000;e541e7e1-972b-4ecb-add2-0f7f472b6589;422.88;0.01;UNKNOWN
2016-03-04T04:52:58.000000;2016-03-04T04:52:58.000000;c9830dc2-8dc8-4fe6-8fc5-1f32c561716b;422.86;0.01;UNKNOWN
2016-03-04T04:52:58.000000;2016-03-04T04:52:58.000000;ead12c82-eb94-4ae2-a7c8-ba6aefee2b1e;422.86;0.01;UNKNOWN
2016-03-04T04:53:52.000000;2016-03-04T04:53:52.000000;6fee6147-e2f5-4395-880c-47b003e78114;422.9;0.01;UNKNOWN
2016-03-04T04:53:53.000000;2016-03-04T04:53:53.000000;a35ae6f9-1e40-489d-ac73-1ca020ebcccc;422.9;0.01;UNKNOWN
2016-03-04T04:53:53.000000;2016-03-04T04:53:53.000000;8b373278-6bfc-4f65-b031-5a50ba4c64df;422.9;0.01;UNKNOWN
2016-03-04T04:53:54.000000;2016-03-04T04:53:54.000000;aba5990b-d395-4084-980c-c19e390279a8;422.9;0.01;UNKNOWN
2016-03-04T04:53:55.000000;2016-03-04T04:53:55.000000;8429dabd-834f-42fb-a0ff-28522d85d0a2;422.9;0.01;UNKNOWN
2016-03-04T04:53:55.000000;2016-03-04T04:53:55.000000;5d2c94cf-01bf-47d2-987d-6f468f479cce;422.9;0.01;UNKNOWN
2016-03-04T04:53:56.000000;2016-03-04T04:53:56.000000;9a215a32-f681-4792-aaa2-fd5a7ccbd584;422.9;0.01;UNKNOWN
2016-03-04T04:53:57.000000;2016-03-04T04:53:57.000000;29f5c59c-6d32-4747-9c3d-5a4e94452eb3;422.9;0.01;UNKNOWN
2016-03-04T04:53:57.000000;2016-03-04T04:53:57.000000;5735f100-4f70-4109-95a7-4ec2a0d13be6;422.91;0.01;UNKNOWN
2016-03-04T04:53:58.000000;2016-03-04T04:53:58.000000;85f5377c-d17d-4e7f-aa45-20499c8abd1c;422.9;0.01;UNKNOWN
2016-03-04T04:53:59.000000;2016-03-04T04:53:59.000000;a4db1986-2825-4b37-95c1-820499b47c24;422.9;0.01;UNKNOWN
2016-03-04T04:54:00.000000;2016-03-04T04:54:00.000000;887410d9-3653-481a-bddb-cdc46011b5de;422.9;0.01;UNKNOWN
2016-03-04T04:54:01.000000;2016-03-04T04:54:01.000000;ea8edd22-c5e1-4f91-beef-8d4009130123;422.9;0.01;UNKNOWN
2016-03-04T04:54:02.000000;2016-03-04T04:54:02.000000;a8bbfbec-f22c-4fed-b60b-ce62e8f0e669;422.9;0.01;UNKNOWN
2016-03-04T04:54:02.000000;2016-03-04T04:54:02.000000;55281d32-0bc9-46ee-95d8-c3c620492075;422.9;0.01;UNKNOWN
2016-03-04T04:54:03.000000;2016-03-04T04:54:03.000000;447e1f65-0fd6-45d9-b20f-53ace6507b2a;422.9;0.01;UNKNOWN
2016-03-04T04:54:03.000000;2016-03-04T04:54:03.000000;a1aff64a-1a44-4b67-b42e-008889f0c6c7;422.91;0.01;UNKNOWN
2016-03-04T04:54:05.000000;2016-03-04T04:54:05.000000;62a7c5d6-2297-43f4-b3d2-707020f354d6;422.9;0.01;UNKNOWN
2016-03-04T04:54:05.000000;2016-03-04T04:54:05.000000;18b99496-b2a7-4313-9aaa-fdb8b688675c;422.9;0.01;UNKNOWN
2016-03-04T04:54:06.000000;2016-03-04T04:54:06.000000;dfff9497-0210-4992-bc97-ad1358ebda66;422.9;0.01;UNKNOWN
2016-03-04T04:54:07.000000;2016-03-04T04:54:07.000000;1e2392e3-5873-4309-a24b-e2283329e0be;422.9;0.01;UNKNOWN
2016-03-04T04:55:16.000000;2016-03-04T04:55:16.000000;4afa3091-8976-4066-a2bd-4c99c2c2ce42;423.01;0.11796363;UNKNOWN
2016-03-04T04:56:05.000000;2016-03-04T04:56:05.000000;1479d9d1-9201-48ee-b5b9-6c650745c513;423.01;0.01566;UNKNOWN
2016-03-04T04:57:45.000000;2016-03-04T04:57:45.000000;3a713223-cd52-43f7-bc9b-e23a2fc81b7b;423.03;0.1177;UNKNOWN
2016-03-04T04:58:33.000000;2016-03-04T04:58:33.000000;a3ecbf9f-1c9d-4ed8-a846-d010aa45fa4e;423.03;5.7176;UNKNOWN
2016-03-04T04:59:56.000000;2016-03-04T04:59:56.000000;e3a8c7d2-f4d1-4a37-b6cc-64c69b142bb9;423.02;8.3109;UNKNOWN
2016-03-04T04:59:56.000000;2016-03-04T04:59:56.000000;f546b65b-073e-452a-bb72-0f83c6107703;422.9;1.9601252;UNKNOWN
2016-03-04T04:59:56.000000;2016-03-04T04:59:56.000000;11df50c2-912d-4155-a2df-d55b3d2b7187;423.21;5.8347;UNKNOWN
2016-03-04T04:59:56.000000;2016-03-04T04:59:56.000000;eeee60e9-213b-45dc-8920-f7397c2c86ae;423.02;0.48;UNKNOWN
2016-03-04T04:59:56.000000;2016-03-04T04:59:56.000000;ba32f72c-1e55-4d8b-91c3-2817c36462b8;423.0;10.0;UNKNOWN
2016-03-04T05:02:22.000000;2016-03-04T05:02:22.000000;18cc22fe-58d4-4853-92d8-3ba8332ce74c;423.06;0.45;UNKNOWN
2016-03-04T05:03:05.000000;2016-03-04T05:03:05.000000;57c49a5b-ad2c-4477-b814-1dcd3b5c86d4;423.06;2.50796451;UNKNOWN
2016-03-04T05:03:06.000000;2016-03-04T05:03:06.000000;20c4a930-3d8d-41b5-9f3e-ddf23bef3038;423.04;0.07114329;UNKNOWN
2016-03-04T05:05:26.000000;2016-03-04T05:05:26.000000;42b16968-a26c-40ed-9a89-8f3aef50c8ee;422.91;0.46;UNKNOWN
2016-03-04T05:05:26.000000;2016-03-04T05:05:26.000000;fbbc3c2e-c918-495f-ab20-2456e74abf58;422.9;0.9178748;UNKNOWN
2016-03-04T05:05:26.000000;2016-03-04T05:05:26.000000;87010a1a-9a99-4827-8db7-541932527e75;422.91;0.1;UNKNOWN
2016-03-04T05:05:26.000000;2016-03-04T05:05:26.000000;71b29bed-a25c-428d-93ad-d6b4219e2d7e;422.88;1.0942646;UNKNOWN
2016-03-04T05:06:35.000000;2016-03-04T05:06:35.000000;9f0d7d13-5dd9-47f3-86c9-fc905fc3e820;422.87;0.41;UNKNOWN
2016-03-04T05:08:04.000000;2016-03-04T05:08:04.000000;ee6e4944-038f-487c-bb7c-da27a7bccbcb;422.86;0.2;UNKNOWN
2016-03-04T05:08:33.000000;2016-03-04T05:08:33.000000;14adacd3-843d-42f9-a2b9-30114e82dc32;422.87;0.37;UNKNOWN
2016-03-04T05:08:50.000000;2016-03-04T05:08:50.000000;2a101847-46d6-4eb6-bb38-cdea0f2bc834;422.87;3.0;UNKNOWN
2016-03-04T05:10:32.000000;2016-03-04T05:10:32.000000;ff4ebbfc-5d0d-4131-826c-5471dc151602;422.97;0.253386;UNKNOWN
2016-03-04T05:10:33.000000;2016-03-04T05:10:33.000000;1b533dec-1918-40f1-ae57-be49c68a3500;422.97;0.387102;UNKNOWN
2016-03-04T05:10:33.000000;2016-03-04T05:10:33.000000;8c577fa7-5c0d-4a29-af97-a0b73f471b65;422.97;2.886228;UNKNOWN
2016-03-04T05:11:05.000000;2016-03-04T05:11:05.000000;9b1a97cf-25f4-4d86-9b6f-6a1c3f9e2384;422.97;4.96599189;UNKNOWN
2016-03-04T05:16:05.000000;2016-03-04T05:16:05.000000;f006a628-2c3f-43d3-b02c-7b76b382f2c7;422.88;0.07093159;UNKNOWN
2016-03-04T05:16:53.000000;2016-03-04T05:16:53.000000;39af3c19-e376-464b-8de6-977a7b09d163;422.88;2.0;UNKNOWN
2016-03-04T05:18:51.000000;2016-03-04T05:18:51.000000;a8623223-7819-480c-8811-7e1e7850eb13;422.87;0.74;UNKNOWN
2016-03-04T05:19:06.000000;2016-03-04T05:19:06.000000;0c68c849-bf0d-4110-8b5b-cb7489323c17;422.87;0.67;UNKNOWN
2016-03-04T05:19:17.000000;2016-03-04T05:19:17.000000;2adb491e-b1a0-4924-85c6-06f3fa1fb20c;422.87;0.67;UNKNOWN
2016-03-04T05:24:58.000000;2016-03-04T05:24:58.000000;c7710101-a11a-46b7-90cb-d9d0cc7574b1;422.87;0.68943786;UNKNOWN
2016-03-04T05:27:04.000000;2016-03-04T05:27:04.000000;9181fb98-536b-4e6a-a411-11c975e04184;422.87;0.856985;UNKNOWN
2016-03-04T05:28:06.000000;2016-03-04T05:28:06.000000;17de8c7c-dc2c-4c5a-a7ef-fa479af9d6e4;422.87;2.0;UNKNOWN
2016-03-04T05:28:07.000000;2016-03-04T05:28:07.000000;e58f1b96-471d-4665-a5fb-41e6647a732e;422.87;2.12646212;UNKNOWN
2016-03-04T05:29:20.000000;2016-03-04T05:29:20.000000;e764e019-5791-4f64-a2db-4aee6691a6d0;422.86;2.6214;UNKNOWN
2016-03-04T05:29:20.000000;2016-03-04T05:29:20.000000;191b9832-a543-442f-89f6-741f0269b206;422.86;1.15169455;UNKNOWN
2016-03-04T05:29:21.000000;2016-03-04T05:29:21.000000;8324d760-80e6-44be-8536-a35bed7fc4ee;422.8;0.165;UNKNOWN
2016-03-04T05:31:05.000000;2016-03-04T05:31:05.000000;d81ce8b0-517d-4691-8453-0c8f61d587d5;422.2;0.04;UNKNOWN
2016-03-04T05:31:05.000000;2016-03-04T05:31:05.000000;6b08f3d6-1534-4000-80c0-29c75375be90;422.2;2.0;UNKNOWN
2016-03-04T05:31:05.000000;2016-03-04T05:31:05.000000;b1c8cb82-f05f-41ec-8e22-698d03e76188;422.45;0.36;UNKNOWN
2016-03-04T05:31:11.000000;2016-03-04T05:31:11.000000;197afa77-a03d-4c4f-bcc4-4e0aa7fffe20;422.44;0.33;UNKNOWN
2016-03-04T05:31:27.000000;2016-03-04T05:31:27.000000;3566703b-5d01-4b0e-ab46-38c2920faa9a;422.2;0.1;UNKNOWN
2016-03-04T05:31:27.000000;2016-03-04T05:31:27.000000;1faba596-3f02-44ec-b46a-13ab5c2e3296;422.21;0.34;UNKNOWN
2016-03-04T05:31:27.000000;2016-03-04T05:31:27.000000;bef70d22-7b13-4a2f-894c-aab3c3ded440;422.21;0.5;UNKNOWN
2016-03-04T05:31:27.000000;2016-03-04T05:31:27.000000;b158a3c6-669b-4104-9f00-eeea8555025c;422.21;3.0;UNKNOWN
2016-03-04T05:31:30.000000;2016-03-04T05:31:30.000000;fa313a4d-b028-4f66-a618-c916288192a3;422.19;0.35;UNKNOWN
2016-03-04T05:32:23.000000;2016-03-04T05:32:23.000000;fe694098-d2b3-465d-be17-ab53eec5078a;422.14;1.0;UNKNOWN
2016-03-04T05:33:11.000000;2016-03-04T05:33:11.000000;bce85c10-adf3-4aa5-b11e-16e1396792c8;422.14;0.18;UNKNOWN
2016-03-04T05:33:40.000000;2016-03-04T05:33:40.000000;e3820bdd-2c21-449c-9fe6-b3b8c0ba5dea;422.04;0.4;UNKNOWN
2016-03-04T05:34:15.000000;2016-03-04T05:34:15.000000;ab91943b-2e8a-4b3a-9005-fb38a8a0da88;422.04;0.5;UNKNOWN
2016-03-04T05:34:38.000000;2016-03-04T05:34:38.000000;43c8df44-bc95-458c-af9c-83a16952c4f4;422.02;1.0;UNKNOWN
2016-03-04T05:35:29.000000;2016-03-04T05:35:29.000000;d4954a25-a853-4298-9de4-d8d867b603ad;422.02;0.04;UNKNOWN
2016-03-04T05:36:05.000000;2016-03-04T05:36:05.000000;f1e0551b-38a4-4c8e-9887-d6b3f923a2dc;422.04;1.0;UNKNOWN
2016-03-04T05:36:53.000000;2016-03-04T05:36:53.000000;cb389022-1f86-4149-867a-adf418eb667d;422.04;1.31372962;UNKNOWN
2016-03-04T05:36:53.000000;2016-03-04T05:36:53.000000;13a5e496-e554-446c-ac72-814810bc85f6;422.04;0.18;UNKNOWN
2016-03-04T05:36:53.000000;2016-03-04T05:36:53.000000;8bda06b0-bb8a-45c4-ac51-d71d99ab6d83;422.04;3.50627038;UNKNOWN
2016-03-04T05:37:28.000000;2016-03-04T05:37:28.000000;9973207b-da4b-45b3-83a9-c2877034db1a;422.05;13.0;UNKNOWN
2016-03-04T05:37:28.000000;2016-03-04T05:37:28.000000;a47da017-89f8-4c7e-8725-ed8f1730cac6;422.05;12.0;UNKNOWN
2016-03-04T05:38:19.000000;2016-03-04T05:38:19.000000;b1811788-33d9-4763-a3ee-55727b27abe7;422.2;15.0;UNKNOWN
2016-03-04T05:41:05.000000;2016-03-04T05:41:05.000000;dab3d7aa-27cc-4aa5-adb5-1def09ed8eb2;422.2;0.0828418;UNKNOWN
2016-03-04T05:41:51.000000;2016-03-04T05:41:51.000000;7cdbec77-8ce5-4d8a-9d2c-2e20392186e2;422.2;0.06152688;UNKNOWN
2016-03-04T05:42:05.000000;2016-03-04T05:42:05.000000;9dcfde39-bd30-4152-abb7-b5949d6b8238;422.11;0.53;UNKNOWN
2016-03-04T05:42:13.000000;2016-03-04T05:42:13.000000;0e867e1e-65e8-4b6c-8534-60432ca75afd;422.19;0.2;UNKNOWN
2016-03-04T05:42:15.000000;2016-03-04T05:42:15.000000;200107f5-3037-4d00-95de-a88a6a30528d;422.18;0.18298188;UNKNOWN
2016-03-04T05:46:18.000000;2016-03-04T05:46:18.000000;c9737503-cd8c-4c14-8efd-b6bb51c8bf41;422.19;0.9535;UNKNOWN
2016-03-04T05:46:18.000000;2016-03-04T05:46:18.000000;a561db8a-8295-483a-97e5-b91b50c699f2;422.19;17.16;UNKNOWN
2016-03-04T05:46:18.000000;2016-03-04T05:46:18.000000;0c1de521-0f15-4390-9436-a28d421e1229;422.19;5.8643;UNKNOWN
2016-03-04T05:46:18.000000;2016-03-04T05:46:18.000000;2fbcbed1-bc37-48ab-937d-0ac744b9b1e5;422.19;0.84;UNKNOWN
2016-03-04T05:46:42.000000;2016-03-04T05:46:42.000000;2b4a8175-79c2-4a56-9eb4-1d5357bdec97;422.19;8.1822;UNKNOWN
2016-03-04T05:49:42.000000;2016-03-04T05:49:42.000000;1de6ea89-0c53-4cfe-8a7f-d6691c228c2b;422.01;3.0;UNKNOWN
2016-03-04T05:49:44.000000;2016-03-04T05:49:44.000000;9bf6c1db-ec4c-4784-86cb-19d23e682fe5;422.14;2.0;UNKNOWN
2016-03-04T05:50:19.000000;2016-03-04T05:50:19.000000;01bacec9-72f8-4f6b-8413-cb7e3740e29f;422.01;4.99;UNKNOWN
2016-03-04T05:50:19.000000;2016-03-04T05:50:19.000000;9fab2318-4ace-4cbc-aece-20fafa97742a;422.01;1.0;UNKNOWN
2016-03-04T05:50:19.000000;2016-03-04T05:50:19.000000;d0d3c3bf-1bc0-4907-b51d-17e7d4375bd7;422.0;5.0;UNKNOWN
2016-03-04T05:50:19.000000;2016-03-04T05:50:19.000000;ad295cc7-386b-431d-ad7d-88d3a2e6a2ae;422.0;6.01;UNKNOWN
2016-03-04T05:53:54.000000;2016-03-04T05:53:54.000000;40d18e6b-dedb-4f4f-837a-eb975e981ad9;422.1;0.0879;UNKNOWN
2016-03-04T05:57:04.000000;2016-03-04T05:57:04.000000;0a638f8b-f97a-4cb1-9703-da666c86e76a;422.02;2.05123608;UNKNOWN
2016-03-04T05:57:40.000000;2016-03-04T05:57:40.000000;0db3278d-e66e-49a3-93b6-ba8db3a378a3;422.02;0.288279;UNKNOWN
2016-03-04T05:59:31.000000;2016-03-04T05:59:31.000000;38454e42-945d-4394-959e-d0d28353303f;421.95;4.12274087;UNKNOWN
2016-03-04T05:59:31.000000;2016-03-04T05:59:31.000000;bcabe07c-e4cd-4803-8768-1afadec5935b;422.01;8.06;UNKNOWN
