time_exchange;time_coinpai;guid;price;base_amount;taker_side
2016-03-04T00:00:01.763000;2016-03-04T00:00:01.857000;d0541319-3cd9-486f-a393-735be756ce5b;418.76;0.01;SELL
2016-03-04T00:00:01.763000;2016-03-04T00:00:01.857000;0784c3bb-1fa5-4726-bc28-37e7d86c17fc;418.75;0.15;SELL
2016-03-04T00:00:01.763000;2016-03-04T00:00:01.857000;d435ae22-f2d3-4b9b-80bc-17e3994ac674;418.75;0.00593;SELL
2016-03-04T00:00:16.113000;2016-03-04T00:00:16.180000;a546f765-7a50-4363-b05e-3c4797eb8ad7;418.81;0.0395845;BUY
2016-03-04T00:00:16.113000;2016-03-04T00:00:16.180000;0ae0651c-cf66-4c5f-989e-28aab376ebbb;418.82;0.0978844;BUY
2016-03-04T00:00:16.113000;2016-03-04T00:00:16.180000;398523d2-fa80-4307-9c7f-e38ce7dcc370;418.82;0.1025311;BUY
2016-03-04T00:00:31.750000;2016-03-04T00:00:31.813000;c3278ccc-297c-4855-a9d8-29df9a885cf3;418.79;0.05207;BUY
2016-03-04T00:00:39.817000;2016-03-04T00:00:39.897000;908eee2e-973b-4695-8639-bba6a5a847c7;418.79;1.19093845;BUY
2016-03-04T00:01:01.557000;2016-03-04T00:01:01.613000;3de73869-8a1d-4670-9784-1b50c93f98c0;418.79;0.18878;BUY
2016-03-04T00:01:31.550000;2016-03-04T00:01:31.607000;78363362-188f-4f94-9f1b-a1f95abf98b3;418.82;0.05265567;BUY
2016-03-04T00:01:31.550000;2016-03-04T00:01:31.630000;29b86d8f-8e1e-47d9-bf9e-a0efa1af676d;418.83;0.1208594;BUY
2016-03-04T00:01:31.550000;2016-03-04T00:01:31.657000;c0f82853-b6a5-4ba2-86d0-dc7c279bdadc;418.84;0.63847305;BUY
2016-03-04T00:01:31.550000;2016-03-04T00:01:31.680000;e6bc6c51-a779-43f0-9d0a-70ae3403dce3;418.85;1.5;BUY
2016-03-04T00:01:31.550000;2016-03-04T00:01:31.697000;d5148658-b613-4e2d-81d0-56051d2aa8e1;418.86;0.15;BUY
2016-03-04T00:01:31.550000;2016-03-04T00:01:31.730000;ecbb685e-59d4-48d1-821e-955bba195d0d;418.87;0.108935;BUY
2016-03-04T00:01:31.550000;2016-03-04T00:01:31.730000;e55565cd-d773-46f2-a0ef-3ff562be7bba;418.88;0.03288688;BUY
2016-03-04T00:02:01.610000;2016-03-04T00:02:01.670000;8e4f7b98-ac28-48d5-a43b-40b14283531c;418.78;0.04663;SELL
2016-03-04T00:02:31.497000;2016-03-04T00:02:31.567000;d6e94346-9cc1-4ad2-8b81-37ab16485671;418.77;0.195412;SELL
2016-03-04T00:02:31.497000;2016-03-04T00:02:31.567000;4a5c7793-26ae-4766-bfe5-c069982158bd;418.77;0.096;SELL
2016-03-04T00:02:31.497000;2016-03-04T00:02:31.607000;38b47721-4b1c-497a-8b5b-76bbbffc7353;418.76;0.124502;SELL
2016-03-04T00:02:31.497000;2016-03-04T00:02:31.637000;b42319c5-c30f-4d4e-a87f-8247d50909ff;418.75;0.0115;SELL
2016-03-04T00:02:31.497000;2016-03-04T00:02:31.640000;1ae07fe1-c74f-4d07-91cf-b92af9b8a99c;418.75;0.29;SELL
2016-03-04T00:02:31.497000;2016-03-04T00:02:31.640000;3c40ddc5-853e-4b62-aa70-03d4f7eca09d;418.74;0.33546386;SELL
2016-03-04T00:02:31.497000;2016-03-04T00:02:31.640000;0ec12973-cf78-4c75-96c4-bf087039d585;418.73;0.1002251;SELL
2016-03-04T00:02:31.497000;2016-03-04T00:02:31.640000;062edcf7-9db8-4df2-b045-6011a21fcb24;418.72;0.04327;SELL
2016-03-04T00:02:31.497000;2016-03-04T00:02:31.640000;c05aa1b0-911c-440b-9146-ab3564e82cb2;418.7;0.05510707;SELL
2016-03-04T00:02:31.497000;2016-03-04T00:02:31.640000;45b4a30a-31d5-4a46-9899-ff5ce3f0194b;418.67;0.0334;SELL
2016-03-04T00:02:31.497000;2016-03-04T00:02:31.640000;fca70930-76a9-4e2d-9ae6-63d61ff08964;418.65;0.122;SELL
2016-03-04T00:02:31.497000;2016-03-04T00:02:31.640000;e0fe065d-e9e6-4cd2-9f8b-086c268987e1;418.61;3.92402997;SELL
2016-03-04T00:03:31.547000;2016-03-04T00:03:31.603000;252aabd1-1c5d-4312-88e7-041c61fcfc18;418.68;0.01;SELL
2016-03-04T00:03:31.547000;2016-03-04T00:03:31.620000;418f1f6c-dd1a-4444-bd80-77e919c6a2d8;418.67;0.1596678;SELL
2016-03-04T00:03:31.547000;2016-03-04T00:03:31.620000;7e8f1bd6-e4ef-40b7-a13d-0fb240532b52;418.66;0.06616;SELL
2016-03-04T00:03:31.547000;2016-03-04T00:03:31.647000;62f10d98-8ed1-457f-9638-342ff53886b8;418.65;0.0473206;SELL
2016-03-04T00:03:31.547000;2016-03-04T00:03:31.647000;84e32b34-f48b-44fd-842b-22493c7a7513;418.64;0.1415214;SELL
2016-03-04T00:03:31.547000;2016-03-04T00:03:31.647000;4eee73c6-8abb-47f8-a87e-2b38bd894b64;418.6;0.0753;SELL
2016-03-04T00:03:31.547000;2016-03-04T00:03:31.663000;777a0f99-b377-46d1-b699-4e38d97bb8aa;418.6;2.0;SELL
2016-03-04T00:03:31.550000;2016-03-04T00:03:31.663000;68140d8a-e407-44d2-b9d8-2e3aa186526f;418.59;0.1465978;SELL
2016-03-04T00:03:31.550000;2016-03-04T00:03:31.663000;a59af126-48ce-4870-9a34-2ecf97ea65d4;418.58;0.10852612;SELL
2016-03-04T00:03:31.550000;2016-03-04T00:03:31.703000;02d62830-b60d-4dc6-a2aa-95eef6e36ec1;418.55;0.123;SELL
2016-03-04T00:03:31.550000;2016-03-04T00:03:31.703000;c93a8b32-0824-436d-a8d2-709c0e6526f9;418.52;0.01;SELL
2016-03-04T00:03:31.550000;2016-03-04T00:03:31.703000;3c6d108c-6ab3-46cf-95dc-7ca15200c5b2;418.51;0.2;SELL
2016-03-04T00:03:31.550000;2016-03-04T00:03:31.703000;f4647138-5940-4d2d-8d43-8c3c5c74ec61;418.51;1.0;SELL
2016-03-04T00:03:31.550000;2016-03-04T00:03:31.707000;bb2c594a-fd90-416c-92b2-47b60551e495;418.5;0.072;SELL
2016-03-04T00:03:31.550000;2016-03-04T00:03:31.707000;e5941434-b05e-49e0-aa55-217161e5eef9;418.46;6.04242628;SELL
2016-03-04T00:04:01.817000;2016-03-04T00:04:02.217000;84241d49-3ee0-4043-9c3a-d734f21c1884;418.7;0.38;BUY
2016-03-04T00:04:01.820000;2016-03-04T00:04:02.290000;6f5f1c13-055a-41cf-a244-81e77bac1121;418.72;0.19981;BUY
2016-03-04T00:04:09.500000;2016-03-04T00:04:10.437000;35275a6e-974c-4585-8cbc-fc94e3408306;418.72;0.05;BUY
2016-03-04T00:04:31.520000;2016-03-04T00:04:31.787000;ff785ee5-1425-4b8f-b132-4a336d4c5461;418.74;0.05063;BUY
2016-03-04T00:05:01.563000;2016-03-04T00:05:01.733000;078690ec-7da2-4a21-ba62-68e9846f9939;418.66;0.17012;SELL
2016-03-04T00:05:31.480000;2016-03-04T00:05:31.537000;d1476959-403e-47de-ad8a-16144c861cc4;418.64;0.01;SELL
2016-03-04T00:05:31.480000;2016-03-04T00:05:31.567000;156b39cc-3471-48cb-89b8-4ea1201e4423;418.63;0.083496;SELL
2016-03-04T00:05:31.483000;2016-03-04T00:05:31.580000;32804c82-feaf-4487-9ae6-d2adffbc9114;418.63;0.09;SELL
2016-03-04T00:05:31.483000;2016-03-04T00:05:31.580000;55b3f0e9-475a-4f8e-b1b3-e602ccde9456;418.62;0.048423;SELL
2016-03-04T00:05:31.483000;2016-03-04T00:05:31.580000;788f7b5a-99bb-4a6b-95fa-a44c32d870e0;418.61;0.03671496;SELL
2016-03-04T00:05:31.483000;2016-03-04T00:05:31.580000;056f2c4e-5af0-44d4-940c-d10f5d6357fe;418.6;0.03;SELL
2016-03-04T00:05:31.483000;2016-03-04T00:05:31.583000;a7ac51f0-9c15-4cbc-9c54-67350ad8fdb0;418.59;0.04724231;SELL
2016-03-04T00:05:31.483000;2016-03-04T00:05:31.583000;0318b019-0341-434e-a943-c5e68511585a;418.58;0.115;SELL
2016-03-04T00:05:31.483000;2016-03-04T00:05:31.623000;b09c33fe-a593-4f66-a5c6-8b085400780a;418.54;3.8;SELL
2016-03-04T00:05:31.483000;2016-03-04T00:05:31.623000;b499f6cd-b5b1-4c5c-a8cf-2c8b16442906;418.53;0.112;SELL
2016-03-04T00:05:31.483000;2016-03-04T00:05:31.623000;853fb487-e498-4eb4-8d56-6352da7ef209;418.53;1.2;SELL
2016-03-04T00:05:31.483000;2016-03-04T00:05:31.623000;b60fffe2-538e-4f45-97a6-9e4dc2844972;418.52;0.01;SELL
2016-03-04T00:05:31.483000;2016-03-04T00:05:31.640000;d9eb68f0-ae4e-4a2f-9c23-3fe6caf2891c;418.51;3.0;SELL
2016-03-04T00:05:31.483000;2016-03-04T00:05:31.640000;7407dec5-a218-46f2-98ca-e254d5eefda7;418.5;2.0;SELL
2016-03-04T00:05:31.483000;2016-03-04T00:05:31.640000;e7208be5-84e2-4d39-9bc5-cce3568e0b5d;418.46;3.6;SELL
2016-03-04T00:05:31.483000;2016-03-04T00:05:31.640000;f4f816b3-c824-4064-bd7a-234d2bfd4b84;418.45;0.12;SELL
2016-03-04T00:05:31.483000;2016-03-04T00:05:31.640000;88343f95-a9f9-4350-9979-94265299aba6;418.41;4.2;SELL
2016-03-04T00:05:31.483000;2016-03-04T00:05:31.660000;bf783dd7-44b4-4607-afc0-46fef69372f9;418.4;0.166;SELL
2016-03-04T00:05:31.483000;2016-03-04T00:05:31.660000;416a3107-98f4-477a-8994-7d54f85639a7;418.36;3.6;SELL
2016-03-04T00:05:31.483000;2016-03-04T00:05:31.660000;1ec769db-c51d-44bc-aa8b-02acd39dfd53;418.35;0.158;SELL
2016-03-04T00:05:31.483000;2016-03-04T00:05:31.660000;83f5b9ee-7864-44be-b429-27738c81676f;418.33;1.04755373;SELL
2016-03-04T00:06:02.043000;2016-03-04T00:06:02.120000;4f173f89-46b4-4f7c-9787-fb2dbbc0eb9c;418.56;1.8;SELL
2016-03-04T00:06:02.043000;2016-03-04T00:06:02.120000;b3aca86c-6775-4b35-9df0-b1ce2b93350f;418.56;0.4;SELL
2016-03-04T00:06:02.043000;2016-03-04T00:06:02.167000;9cffdce2-ee8f-4a43-b256-1752ee0bce90;418.55;0.698;SELL
2016-03-04T00:06:02.043000;2016-03-04T00:06:02.167000;e0ec3814-9876-44aa-b62f-eb887e930a17;418.54;0.02;SELL
2016-03-04T00:06:02.043000;2016-03-04T00:06:02.167000;525da937-2a6b-4d6a-9e2b-af9cdf3bb9ad;418.53;0.1862;SELL
2016-03-04T00:06:02.043000;2016-03-04T00:06:02.167000;b561d28d-b3ff-4a4b-943b-500f6c76b875;418.45;15.6;SELL
2016-03-04T00:06:02.043000;2016-03-04T00:06:02.167000;bf677766-7c1e-4c9c-93e1-b35232159c45;418.44;0.0844991;SELL
2016-03-04T00:06:02.043000;2016-03-04T00:06:02.190000;f8778e2a-49b4-42fe-a1e2-81ada5cb9e41;418.34;7.2871709;SELL
2016-03-04T00:07:01.930000;2016-03-04T00:07:01.967000;bb523c58-e66e-4d51-b1e4-f231c4e23eb2;418.74;0.04749;BUY
2016-03-04T00:07:31.583000;2016-03-04T00:07:31.627000;54194146-cfdf-4af6-ab26-5fdf86166818;418.72;0.23484;BUY
2016-03-04T00:08:01.667000;2016-03-04T00:08:01.717000;c39a7edf-28cc-4f76-b3aa-8a28b6530abd;418.67;1.14;SELL
2016-03-04T00:08:19.907000;2016-03-04T00:08:19.943000;9000fa87-a679-4f4a-9900-81ed24df560e;418.74;0.2;BUY
2016-03-04T00:08:19.907000;2016-03-04T00:08:19.960000;50484a8c-d7a1-4c8a-a06f-f14e26a829ee;418.75;0.01;BUY
2016-03-04T00:08:19.907000;2016-03-04T00:08:19.993000;de2f9aaa-a664-478b-9ee9-6c0fff99825a;418.75;0.01;BUY
2016-03-04T00:08:19.907000;2016-03-04T00:08:20.010000;fd1c397e-9c9d-40a2-bee8-511eef97fad8;418.75;0.01;BUY
2016-03-04T00:08:19.907000;2016-03-04T00:08:20.010000;945dcb11-9f01-4995-889d-24f667302b3b;418.75;0.1;BUY
2016-03-04T00:08:31.573000;2016-03-04T00:08:31.613000;37deccd9-a119-4da7-8c47-f28980b8c172;418.65;0.08115933;SELL
2016-03-04T00:08:31.573000;2016-03-04T00:08:31.627000;06cf8ac1-0743-4737-9257-04ac8b20f9a8;418.64;0.062;SELL
2016-03-04T00:08:31.577000;2016-03-04T00:08:31.627000;e262d904-5030-4123-8fa5-515dad3a7a0e;418.63;0.15641067;SELL
2016-03-04T00:08:32.453000;2016-03-04T00:08:32.493000;873a9d4d-ecdc-4678-91eb-d4e1921a47c8;418.62;0.0128;SELL
2016-03-04T00:08:34.097000;2016-03-04T00:08:34.130000;ad94392f-49bc-4743-aaf3-a072a9d4b738;418.75;0.07;BUY
2016-03-04T00:09:01.670000;2016-03-04T00:09:01.720000;24fe661e-a9e4-4b03-93f5-c8f1a0ec0e53;418.73;1.56527;BUY
2016-03-04T00:09:31.493000;2016-03-04T00:09:31.527000;ec697cb3-d998-42b6-a7d3-b9ee8b1d02fe;418.72;0.09729;BUY
2016-03-04T00:10:01.840000;2016-03-04T00:10:01.870000;f447cafd-de4b-4636-9486-abdef568794c;418.75;0.95227;BUY
2016-03-04T00:10:08.433000;2016-03-04T00:10:08.463000;f2661ffa-8950-4b46-bd71-f84072db4fbd;418.65;0.1;SELL
2016-03-04T00:10:32.790000;2016-03-04T00:10:32.813000;8c3a00c1-977a-4d7f-a8ea-40306b3a50b9;418.74;0.23744;BUY
2016-03-04T00:10:32.987000;2016-03-04T00:10:33.017000;6d311943-1b9d-4c31-9c2b-d88e0a23701b;418.74;0.10005;BUY
2016-03-04T00:11:01.533000;2016-03-04T00:11:01.567000;47b52f83-3f65-4186-a863-c1c2b0d3d467;418.71;0.4;BUY
2016-03-04T00:11:01.533000;2016-03-04T00:11:01.567000;e74f88f5-6d97-40af-a95e-a7b1283898f0;418.72;0.151462;BUY
2016-03-04T00:11:01.533000;2016-03-04T00:11:01.580000;e80a3795-6c42-438e-9119-75944238671c;418.73;0.631498;BUY
2016-03-04T00:12:01.693000;2016-03-04T00:12:01.717000;ea0b60c7-59c5-4d64-a454-68e21df79cb4;418.72;0.05;BUY
2016-03-04T00:12:01.693000;2016-03-04T00:12:01.767000;5e925819-deb0-4567-9f73-e1d0375ac70c;418.73;0.0866284;BUY
2016-03-04T00:12:01.693000;2016-03-04T00:12:01.803000;b196213a-aadb-4a22-aa2f-4c6ec2ce0de7;418.74;0.069991;BUY
2016-03-04T00:12:01.693000;2016-03-04T00:12:01.803000;f3cdd8cb-eff9-44df-858e-cbd2579faef3;418.75;0.1;BUY
2016-03-04T00:12:01.693000;2016-03-04T00:12:01.803000;19169b3e-0ae6-45ca-aff2-8d301de8d524;418.77;0.01;BUY
2016-03-04T00:12:01.693000;2016-03-04T00:12:01.803000;069b9896-79d8-41f0-bf34-57d4f0887fc2;418.78;0.0362306;BUY
2016-03-04T00:12:08.980000;2016-03-04T00:12:09.030000;c4c25205-b856-4dae-9615-8f0a20e06373;418.69;0.02;SELL
2016-03-04T00:12:31.487000;2016-03-04T00:12:31.547000;ee809374-3f93-4e27-9ae3-55e442dc90a6;418.71;1.10718;SELL
2016-03-04T00:13:01.573000;2016-03-04T00:13:01.643000;11bb2455-0c2f-4d9f-85ec-1f8bfaf0e756;418.76;0.50394;BUY
2016-03-04T00:13:31.457000;2016-03-04T00:13:31.540000;f767ddb9-0b90-427f-9e59-f023cdf6fb4e;418.68;0.43081;SELL
2016-03-04T00:14:01.507000;2016-03-04T00:14:01.573000;263effd8-a737-49f7-bdce-757ea34e7fc3;418.71;4.71;SELL
2016-03-04T00:14:01.510000;2016-03-04T00:14:01.593000;0208bc43-de66-4917-961e-a122d2e6b09f;418.7;0.658;SELL
2016-03-04T00:14:01.510000;2016-03-04T00:14:01.593000;2ca739b9-bfca-4016-b1a4-c0af28ac78b8;418.68;0.629;SELL
2016-03-04T00:14:01.510000;2016-03-04T00:14:01.593000;073da222-48a8-424d-a761-694ac6dc3dc1;418.67;4.97;SELL
2016-03-04T00:14:01.510000;2016-03-04T00:14:01.643000;5ea765a2-43d9-4035-b212-244be23259b5;418.66;0.0749227;SELL
2016-03-04T00:14:01.510000;2016-03-04T00:14:01.643000;daacba7e-cffc-47e8-8f6c-2e3c3c2f49af;418.65;0.050057;SELL
2016-03-04T00:14:01.510000;2016-03-04T00:14:01.647000;1632aeda-6bc4-4a0c-b725-1cd559024507;418.64;0.0608462;SELL
2016-03-04T00:14:01.510000;2016-03-04T00:14:01.647000;863ed72b-3788-411d-9449-9b10d0d976c9;418.63;0.661;SELL
2016-03-04T00:14:01.510000;2016-03-04T00:14:01.647000;23861b8a-31c2-4c3c-9ad8-5ec4f14e7cea;418.62;0.05142;SELL
2016-03-04T00:14:01.510000;2016-03-04T00:14:01.673000;14724033-860d-4e6b-ad98-3344d247bc79;418.61;0.01949883;SELL
2016-03-04T00:14:01.510000;2016-03-04T00:14:01.690000;ec614f5c-79da-4d24-95dd-993fce8164e3;418.6;2.0;SELL
2016-03-04T00:14:01.510000;2016-03-04T00:14:01.690000;8d9316da-9d23-4abf-8bca-cf9745f5e55d;418.58;0.649;SELL
2016-03-04T00:14:01.510000;2016-03-04T00:14:01.690000;57a307fc-d443-4b07-8d7b-c18bbbc5fdc1;418.57;0.7745;SELL
2016-03-04T00:14:01.510000;2016-03-04T00:14:01.693000;ebbaa662-27db-4c2d-82ab-74a25a4f73be;418.53;0.653;SELL
2016-03-04T00:14:01.510000;2016-03-04T00:14:01.693000;c99fb5eb-e39f-4640-8d0b-b49b4d72f0ec;418.51;0.01;SELL
2016-03-04T00:14:01.510000;2016-03-04T00:14:01.693000;d7eab26c-cec0-4446-a293-722b3a43c2b4;418.51;0.2;SELL
2016-03-04T00:14:01.513000;2016-03-04T00:14:01.693000;35d5d726-29d5-49a8-9759-38831ffc2882;418.5;3.201;SELL
2016-03-04T00:14:01.513000;2016-03-04T00:14:01.693000;9e833086-8521-4c81-9454-23aaa95fa443;418.5;0.0115;SELL
2016-03-04T00:14:01.513000;2016-03-04T00:14:01.693000;7f31353f-fff0-494e-b25f-6b922b453c8f;418.48;0.69;SELL
2016-03-04T00:14:01.513000;2016-03-04T00:14:01.693000;0421400b-0140-4037-ba49-b40d886c735a;418.44;3.4;SELL
2016-03-04T00:14:01.513000;2016-03-04T00:14:01.693000;a9f03c2f-7dc5-4346-9762-36999eedeaa8;418.43;0.706;SELL
2016-03-04T00:14:01.513000;2016-03-04T00:14:01.693000;eb9ff6c7-af6c-49b9-b23e-8b737b312871;418.39;0.80939527;SELL
2016-03-04T00:14:31.460000;2016-03-04T00:14:31.513000;5424a155-c816-48eb-8e31-7a73cc981de3;418.68;2.75543;BUY
2016-03-04T00:14:32.383000;2016-03-04T00:14:32.447000;80887ada-b2da-4bc1-9beb-62543f76ff0f;418.67;0.14;SELL
2016-03-04T00:15:04.813000;2016-03-04T00:15:04.883000;304dfa0d-0004-4c0e-befb-2bc37811d970;418.68;0.020108;BUY
2016-03-04T00:15:11.197000;2016-03-04T00:15:11.253000;66347fce-b8da-4b2c-b1a8-884263015e18;418.67;0.413;SELL
2016-03-04T00:15:11.197000;2016-03-04T00:15:11.267000;5af357f4-c3cd-4c8b-88d3-ae0441492e8d;418.66;7.752;SELL
2016-03-04T00:15:11.197000;2016-03-04T00:15:11.293000;7c376bd8-4221-4028-bee4-cd7981636afd;418.65;0.1276174;SELL
2016-03-04T00:15:11.197000;2016-03-04T00:15:11.293000;ccfc994c-afd3-420e-bbc1-812fe2291e7a;418.64;0.103363;SELL
2016-03-04T00:15:11.200000;2016-03-04T00:15:11.317000;cc337ea2-70bd-416e-a57b-b69aebbf26ae;418.63;0.01;SELL
2016-03-04T00:15:11.200000;2016-03-04T00:15:11.317000;cbcc1d6f-5c6f-4757-9179-94b0db63a260;418.62;0.446;SELL
2016-03-04T00:15:11.200000;2016-03-04T00:15:11.317000;652cc20c-5381-43f0-8c97-4fd5241af9d9;418.61;0.3;SELL
2016-03-04T00:15:11.200000;2016-03-04T00:15:11.317000;1b350243-8867-4abd-a548-d8f39d48c344;418.56;0.01;SELL
2016-03-04T00:15:11.200000;2016-03-04T00:15:11.317000;aecf98d8-2d88-4583-825f-fd97a4403238;418.55;0.23347;SELL
2016-03-04T00:15:11.200000;2016-03-04T00:15:11.317000;760c1d58-6351-4048-94e6-ea4eb4aab946;418.55;0.121;SELL
2016-03-04T00:15:11.200000;2016-03-04T00:15:11.317000;3a294924-2a1b-48f6-9817-91fec5e7b635;418.5;3.855;SELL
2016-03-04T00:15:11.200000;2016-03-04T00:15:11.317000;e27c60db-962e-4869-bd5e-a6f1a2be1bc3;418.41;3.4;SELL
2016-03-04T00:15:11.200000;2016-03-04T00:15:11.317000;42b8ce11-4fc6-495e-9bf3-9f0014a4b6a9;418.4;0.632;SELL
2016-03-04T00:15:11.200000;2016-03-04T00:15:11.340000;a5b68c5e-f9c2-4ce1-a7e2-118e35b9921c;418.39;2.0;SELL
2016-03-04T00:15:11.200000;2016-03-04T00:15:11.340000;1a72fce5-7820-41dd-88fa-d14f1159bdc9;418.38;0.694;SELL
2016-03-04T00:15:11.200000;2016-03-04T00:15:11.340000;cf72e135-4833-463a-9fcd-a30c3342e443;418.35;4.0293396;SELL
2016-03-04T00:16:03.360000;2016-03-04T00:16:03.440000;c08777be-45ee-4526-bc69-c45e310a8bf8;418.63;1.71507;BUY
2016-03-04T00:16:30.000000;2016-03-04T00:16:30.057000;60baca1e-0cbe-4d6a-bd4b-f8d8058bb31d;418.56;0.01;SELL
2016-03-04T00:16:32.743000;2016-03-04T00:16:32.793000;c1f19cb1-b293-4b3f-95cf-cc79e1b1f29e;418.57;0.01915;BUY
2016-03-04T00:17:01.817000;2016-03-04T00:17:01.863000;35b636df-900e-43f4-8020-fcb9d129cb3b;418.57;0.32085;BUY
2016-03-04T00:17:01.817000;2016-03-04T00:17:01.910000;85f60140-c500-4539-b8f9-222875af33ff;418.57;0.84;BUY
2016-03-04T00:17:01.817000;2016-03-04T00:17:01.940000;a7a40f24-ae46-4285-b6bc-2b942da4f07c;418.58;0.112215;BUY
2016-03-04T00:17:01.817000;2016-03-04T00:17:01.973000;2ea88405-a6da-4291-9ff8-4a7b54c1442b;418.58;0.311;BUY
2016-03-04T00:17:01.817000;2016-03-04T00:17:02.017000;ff3ad7c8-6b9f-4216-8ba0-4c86689ba000;418.59;0.2674105;BUY
2016-03-04T00:17:01.817000;2016-03-04T00:17:02.017000;92ec2411-d8b2-4439-ad87-d339dba9ff02;418.6;0.1719008;BUY
2016-03-04T00:17:01.817000;2016-03-04T00:17:02.017000;64f56c4b-28e5-4f73-890a-6d42b063871b;418.63;0.17;BUY
2016-03-04T00:17:01.817000;2016-03-04T00:17:02.017000;5f95b3f2-bcdc-4aea-bd45-34783d064c7c;418.66;2.3152537;BUY
2016-03-04T00:17:04.710000;2016-03-04T00:17:04.757000;59397a29-ef49-45f0-b3c9-aa19dcc70cd4;418.68;0.53;BUY
2016-03-04T00:17:31.473000;2016-03-04T00:17:31.530000;87d2bdcf-3c13-4156-a808-9f40f0ee62c1;418.64;0.02545;BUY
2016-03-04T00:18:01.610000;2016-03-04T00:18:01.667000;cd053b0a-7719-4252-9209-98e99fac4bcc;418.63;0.89184;BUY
2016-03-04T00:18:26.320000;2016-03-04T00:18:26.363000;ecfa2323-f5f8-487b-807a-56d3b63897ec;418.59;0.01;BUY
2016-03-04T00:18:31.547000;2016-03-04T00:18:31.590000;c91ffac8-2efc-4c5c-a949-fc1015d82f92;418.56;0.01;SELL
2016-03-04T00:18:31.547000;2016-03-04T00:18:31.610000;f0aae94d-7018-4936-a7bf-5ca55f51d969;418.56;0.01;SELL
2016-03-04T00:18:31.547000;2016-03-04T00:18:31.633000;acd531e4-d105-4c0a-a98e-544b4be82922;418.56;0.21;SELL
2016-03-04T00:18:31.547000;2016-03-04T00:18:31.647000;08bb4df8-daa8-4039-8bf7-edb3c5df53c7;418.55;0.0537309;SELL
2016-03-04T00:18:31.547000;2016-03-04T00:18:31.687000;43c9c083-ec48-4ca9-8313-a154acc62a90;418.54;0.11839239;SELL
2016-03-04T00:18:31.547000;2016-03-04T00:18:31.700000;cbc13e29-93c0-4352-b44e-9fb462d5a335;418.53;0.01;SELL
2016-03-04T00:18:31.547000;2016-03-04T00:18:31.700000;7afd8385-97fe-4dd8-83a6-835003b8c7a7;418.52;0.0914919;SELL
2016-03-04T00:18:31.547000;2016-03-04T00:18:31.700000;52eeebec-bb12-4534-9c5e-2acd139757fe;418.51;0.2247;SELL
2016-03-04T00:18:31.547000;2016-03-04T00:18:31.700000;e02d3e1b-2654-4133-b56b-de861a3681bf;418.5;2.23581481;SELL
2016-03-04T00:19:01.603000;2016-03-04T00:19:01.727000;766f8d1e-048c-4c8e-902c-d933adbc2bf0;418.54;0.19962;BUY
2016-03-04T00:19:20.390000;2016-03-04T00:19:20.440000;948f8d6d-85bf-4eb8-91d9-45c0bc908c3a;418.55;0.07;BUY
2016-03-04T00:20:31.567000;2016-03-04T00:20:31.620000;a4602cd9-f2a9-40c5-badd-edf0729c309d;418.52;0.13949;BUY
2016-03-04T00:21:01.540000;2016-03-04T00:21:01.580000;e37fd7f3-8a2a-4dd3-a381-56eadcf48b5e;418.55;1.00906;BUY
2016-03-04T00:21:07.787000;2016-03-04T00:21:07.867000;359bf5c2-5807-4152-8af7-5536d3f988b7;418.55;0.17;BUY
2016-03-04T00:21:31.677000;2016-03-04T00:21:31.723000;0621a8bd-e496-414e-9493-21b94e41fbad;418.57;1.8;BUY
2016-03-04T00:21:31.680000;2016-03-04T00:21:31.723000;2384c53c-0872-4650-8101-eee2b9b4644a;418.61;1.84929;BUY
2016-03-04T00:22:03.700000;2016-03-04T00:22:03.757000;76e71456-ad8e-4dc6-8c23-91a400054b9e;418.67;0.58889;BUY
2016-03-04T00:22:32.817000;2016-03-04T00:22:32.863000;fdf87b5b-41d6-49b0-af4d-ca872de209aa;418.51;0.30943;SELL
2016-03-04T00:23:01.553000;2016-03-04T00:23:01.583000;99f889be-8755-4f47-bb44-7b5dc9ef7c42;418.66;0.0181789;BUY
2016-03-04T00:23:01.553000;2016-03-04T00:23:01.620000;119a23c9-dc29-42d8-99e2-fe74c160aee6;418.67;0.05860499;BUY
2016-03-04T00:23:01.553000;2016-03-04T00:23:01.620000;efced43b-3d7c-4f6b-b3d8-ecda639c5ead;418.69;0.00574611;BUY
2016-03-04T00:23:31.513000;2016-03-04T00:23:31.547000;9b7bb273-fad7-450d-a262-99923684bbc2;418.69;0.00425389;BUY
2016-03-04T00:23:31.513000;2016-03-04T00:23:31.560000;10ad1738-6c30-4d4a-b792-b4af388dbd83;418.69;0.01;BUY
2016-03-04T00:23:31.513000;2016-03-04T00:23:31.573000;c91f37ca-caa2-4b76-9db4-55968f30be1b;418.7;0.0453;BUY
2016-03-04T00:23:31.513000;2016-03-04T00:23:31.573000;a46f1f06-711e-4cb1-bd3b-50e60e9efaf2;418.72;2.0;BUY
2016-03-04T00:23:31.513000;2016-03-04T00:23:31.573000;3a5bd25d-563f-45c3-8551-6e2836039bbf;418.73;0.03687611;BUY
2016-03-04T00:23:32.093000;2016-03-04T00:23:32.137000;3c8e3132-1f36-42b5-9757-cfc92ddfec0a;418.73;0.16505009;BUY
2016-03-04T00:23:32.093000;2016-03-04T00:23:32.137000;d55453fd-4a0d-4e7f-8d56-1e456500d909;418.74;0.01;BUY
2016-03-04T00:23:32.093000;2016-03-04T00:23:32.167000;55250687-13a7-4505-b3c2-6542c9474005;418.75;0.01;BUY
2016-03-04T00:23:32.093000;2016-03-04T00:23:32.187000;c4e0c6a5-b79c-4ddc-b2f0-dc79e46dc38d;418.75;0.01;BUY
2016-03-04T00:23:32.097000;2016-03-04T00:23:32.187000;0a0e5d41-08bf-4fe5-8733-119991fe121e;418.76;0.01;BUY
2016-03-04T00:23:32.097000;2016-03-04T00:23:32.187000;d797ade1-4675-4538-8316-84ba369ec355;418.76;0.01;BUY
2016-03-04T00:23:32.097000;2016-03-04T00:23:32.187000;3b6671a5-f0ed-4656-b1f5-5a89d5bd18f9;418.78;0.050057;BUY
2016-03-04T00:23:32.097000;2016-03-04T00:23:32.187000;46a46179-2327-47a4-a3ff-6b8c0cb8c46b;418.79;0.01;BUY
2016-03-04T00:23:32.097000;2016-03-04T00:23:32.187000;8334bba6-810e-4c2c-8e91-3290ec891cbe;418.81;0.01;BUY
2016-03-04T00:23:32.097000;2016-03-04T00:23:32.187000;4705e5b7-2880-489e-b0d7-3ace63968af6;418.81;0.089;BUY
2016-03-04T00:23:32.097000;2016-03-04T00:23:32.200000;f66987a1-9ad9-45d9-bf32-bc03137b74b8;418.85;0.10227829;BUY
2016-03-04T00:24:01.507000;2016-03-04T00:24:01.537000;97d14de5-fc90-4c81-b563-46b0d37e8c2e;418.85;0.01198;BUY
2016-03-04T00:24:31.513000;2016-03-04T00:24:31.537000;e22e2e79-d95e-4a28-ab63-90168d427333;418.85;1.20717;BUY
2016-03-04T00:25:01.447000;2016-03-04T00:25:01.473000;c7553d73-a632-439f-a0cf-e74f5e7f7406;418.85;0.67857171;BUY
2016-03-04T00:25:01.447000;2016-03-04T00:25:01.487000;3ac823ea-94c4-4b21-9356-d460d36b02b7;418.86;0.00754829;BUY
2016-03-04T00:26:01.543000;2016-03-04T00:26:01.570000;445a1f48-2134-450e-b260-49f9ebbe6863;418.89;0.01;BUY
2016-03-04T00:26:01.543000;2016-03-04T00:26:01.587000;38666b72-1748-4c35-b2c5-b8cca605815b;418.89;0.8616;BUY
2016-03-04T00:26:01.547000;2016-03-04T00:26:01.587000;df4cf9bf-5a8c-4f58-a240-76c2c0815057;418.89;0.01;BUY
2016-03-04T00:26:01.547000;2016-03-04T00:26:01.607000;694544c5-4299-49da-84ba-b05a560c95cd;418.9;0.01923734;BUY
2016-03-04T00:26:01.547000;2016-03-04T00:26:01.607000;d7066b41-4f91-4cb4-9d12-e0b7f22ada69;418.91;0.08473248;BUY
2016-03-04T00:26:01.547000;2016-03-04T00:26:01.607000;0b616a22-706a-4d85-9e63-0112809866ab;418.92;0.05535921;BUY
2016-03-04T00:26:01.547000;2016-03-04T00:26:01.607000;d54722d7-f3d4-425f-84a2-2174f1929997;418.93;0.01;BUY
2016-03-04T00:26:01.547000;2016-03-04T00:26:01.607000;591fb4ae-1bb4-4019-8146-bed402cb0f18;418.93;0.63847305;BUY
2016-03-04T00:26:01.547000;2016-03-04T00:26:01.610000;c78e1659-17cd-4644-aace-0571af93cd6e;418.94;0.15817985;BUY
2016-03-04T00:26:01.547000;2016-03-04T00:26:01.657000;edd3d646-09a1-4c2e-9ee0-b48c4588867b;418.95;0.01;BUY
2016-03-04T00:26:01.547000;2016-03-04T00:26:01.657000;8c73e02c-8da5-4ea9-a63b-db6ad288a07c;418.96;0.02219807;BUY
2016-03-04T00:26:09.567000;2016-03-04T00:26:09.617000;6e96d8f6-067d-4875-9a2e-eb1b7424024a;418.97;0.0405069;BUY
2016-03-04T00:27:01.510000;2016-03-04T00:27:01.533000;aeb13fc5-f803-47cf-864d-e8e848b4d514;418.94;0.01;SELL
2016-03-04T00:27:01.510000;2016-03-04T00:27:01.547000;e5f2f19b-b873-431a-830f-e9c2e0da33ba;418.94;0.129;SELL
2016-03-04T00:27:01.510000;2016-03-04T00:27:01.547000;a58e10f5-f891-4098-9a57-dda01162b270;418.94;0.36;SELL
2016-03-04T00:27:01.510000;2016-03-04T00:27:01.547000;bb9704a7-18fa-4b06-bad4-50ee452b573b;418.93;0.1285585;SELL
2016-03-04T00:27:01.513000;2016-03-04T00:27:01.560000;7b7fd513-1bee-4602-aae3-af1b70614d9b;418.92;0.08874455;SELL
2016-03-04T00:27:01.513000;2016-03-04T00:27:01.620000;2e1330fb-e859-499e-ac90-472b07bbf384;418.89;0.132;SELL
2016-03-04T00:27:01.513000;2016-03-04T00:27:01.620000;d06ee4ab-1f7a-47a2-ac30-1da80445a26b;418.85;1.66591695;SELL
2016-03-04T00:27:36.223000;2016-03-04T00:27:36.283000;0c81860a-9de2-4ac3-947d-8e69cd1de790;418.87;0.1234;SELL
2016-03-04T00:28:01.540000;2016-03-04T00:28:01.603000;c79842d5-d795-4c21-8aba-305c134b2936;418.86;0.01;SELL
2016-03-04T00:28:01.540000;2016-03-04T00:28:01.623000;32f7b1b1-8426-4549-981b-ed2192bd1616;418.84;0.33853048;SELL
2016-03-04T00:28:01.540000;2016-03-04T00:28:01.650000;fc4374ef-7331-4121-9e09-dbffac9c743a;418.83;5.56133952;SELL
2016-03-04T00:28:31.553000;2016-03-04T00:28:31.613000;c8e02d67-7ca2-4f17-a783-e481f5d892e0;418.98;0.01;BUY
2016-03-04T00:28:31.553000;2016-03-04T00:28:31.643000;731edf6a-df2e-4c84-b571-ae8c9bb9f184;418.98;0.35;BUY
2016-03-04T00:28:31.553000;2016-03-04T00:28:31.643000;20a114a9-da55-4f75-bafa-14d01efa84f0;418.99;0.01;BUY
2016-03-04T00:28:31.553000;2016-03-04T00:28:31.643000;90f01313-8124-413d-9fd6-ee11fd340ea1;419.0;0.47748;BUY
2016-03-04T00:29:01.477000;2016-03-04T00:29:01.543000;671c7ef2-1c5a-4cbe-97e6-701ba152d765;418.99;0.12;BUY
2016-03-04T00:29:01.477000;2016-03-04T00:29:01.543000;f730c4a0-42b3-431a-94ff-efd67dcd7643;419.0;0.52252;BUY
2016-03-04T00:29:01.477000;2016-03-04T00:29:01.557000;0356a43b-422c-449f-bcaf-a891126c3ccd;419.01;0.35788;BUY
2016-03-04T00:29:33.923000;2016-03-04T00:29:33.983000;f3276a7c-7456-4f2f-ad9e-05296d4deea2;419.01;0.28059305;BUY
2016-03-04T00:29:33.923000;2016-03-04T00:29:34.003000;b4b63309-0edd-44f2-851f-7b8066df8581;419.02;0.1334;BUY
2016-03-04T00:29:33.923000;2016-03-04T00:29:34.003000;7b8a5bcc-72db-4208-924e-d46e52690106;419.03;0.09268;BUY
2016-03-04T00:29:33.923000;2016-03-04T00:29:34.003000;8f221b21-c60d-438b-8141-14a486b50835;419.04;0.032022;BUY
2016-03-04T00:29:33.923000;2016-03-04T00:29:34.003000;6cb01d0a-804f-4c1b-8491-7c3c596851ff;419.05;0.218331;BUY
2016-03-04T00:29:33.923000;2016-03-04T00:29:34.003000;1c05d4b8-bc60-408c-8255-ce8ff22f634c;419.06;0.1435765;BUY
2016-03-04T00:29:33.923000;2016-03-04T00:29:34.043000;72966e8d-a0ce-47fc-86e9-e9d057e711bd;419.07;0.01;BUY
2016-03-04T00:29:33.923000;2016-03-04T00:29:34.043000;bf0e69a4-966f-443b-97cd-d4f1cb1a250d;419.1;0.01923755;BUY
2016-03-04T00:29:33.923000;2016-03-04T00:29:34.057000;4d29df55-a8b6-4a87-950f-835c7e19de2e;419.1;0.0148699;BUY
2016-03-04T00:30:01.650000;2016-03-04T00:30:01.707000;5b3c419b-4815-4e7f-87e6-befe8a73034c;419.1;0.62360315;BUY
2016-03-04T00:30:01.650000;2016-03-04T00:30:01.723000;c63f611d-5c05-4698-9ccb-791360ec25e2;419.11;0.01;BUY
2016-03-04T00:30:01.653000;2016-03-04T00:30:01.723000;0ada2e81-991e-4f07-a1e2-47c3b1bc0c0b;419.11;0.79379685;BUY
2016-03-04T00:30:34.453000;2016-03-04T00:30:34.510000;dbdc251b-162e-4542-929e-3a6054bc2a93;419.11;0.05925;BUY
2016-03-04T00:31:01.627000;2016-03-04T00:31:01.680000;6d34759f-85ec-461b-95b1-cb2b3cba0bfb;419.0;0.0254892;SELL
2016-03-04T00:31:01.627000;2016-03-04T00:31:01.700000;e1361fa8-f4f5-4836-a0bb-2f722d39c583;419.0;0.27;SELL
2016-03-04T00:31:01.627000;2016-03-04T00:31:01.700000;865c5f45-d224-41af-a66f-190774d86404;419.0;0.07;SELL
2016-03-04T00:31:01.627000;2016-03-04T00:31:01.700000;a887dae8-1b4e-402e-a4d6-a1d7882eaf7e;418.99;0.06491719;SELL
2016-03-04T00:31:01.627000;2016-03-04T00:31:01.713000;dac1629b-4ef7-4fc2-b7e6-a326fc7f4102;418.98;3.739;SELL
2016-03-04T00:31:01.627000;2016-03-04T00:31:01.770000;251975bb-63ff-4fd6-8975-5c613068920c;418.97;0.2835171;SELL
2016-03-04T00:31:01.627000;2016-03-04T00:31:01.770000;9bc48db8-9f65-44c4-847f-6f64c1378cef;418.95;0.084;SELL
2016-03-04T00:31:01.627000;2016-03-04T00:31:01.770000;82b71bde-1673-49bf-b987-f50ec28ee72d;418.94;0.06;SELL
2016-03-04T00:31:01.627000;2016-03-04T00:31:01.770000;cc02601b-a31b-410d-ad3b-b1a11c1e46c9;418.92;0.01;SELL
2016-03-04T00:31:01.627000;2016-03-04T00:31:01.770000;1be054a9-7ec0-4a77-847a-5df4e0b95b3e;418.91;0.8;SELL
2016-03-04T00:31:01.627000;2016-03-04T00:31:01.790000;4796409c-6732-4122-a372-f683e1996747;418.9;0.114;SELL
2016-03-04T00:31:01.627000;2016-03-04T00:31:01.790000;4f7cdf18-e8f7-491c-ba41-4fb56608b626;418.85;5.88496651;SELL
2016-03-04T00:32:01.540000;2016-03-04T00:32:01.613000;f2f35d3d-3d07-4e5b-91fd-7e77b4988c34;419.03;0.22;BUY
2016-03-04T00:32:01.540000;2016-03-04T00:32:01.650000;f7c9b87b-fd9b-42af-b085-fa5ff17e7894;419.03;1.8;BUY
2016-03-04T00:32:01.540000;2016-03-04T00:32:01.690000;39175c45-cc74-45be-96cb-533964e4aed1;419.03;0.34324;BUY
2016-03-04T00:32:29.643000;2016-03-04T00:32:29.710000;daf641cb-04d4-475f-bc4a-b0182bfa3aee;419.05;1.05804;BUY
2016-03-04T00:32:29.647000;2016-03-04T00:32:29.743000;4b8c8f1f-e878-4702-bcda-0a1eb6ca617e;419.05;0.70196;BUY
2016-03-04T00:32:31.850000;2016-03-04T00:32:31.900000;c23a5539-d82b-4dd4-8595-33f928891315;419.08;0.04883;BUY
2016-03-04T00:32:56.083000;2016-03-04T00:32:56.130000;f49ccba3-681e-41d4-bcc3-50652eeea3fd;419.06;0.04;BUY
2016-03-04T00:33:01.553000;2016-03-04T00:33:01.610000;504ec757-17bf-44cc-9eaf-5b46afab037f;419.06;0.03092;BUY
2016-03-04T00:33:03.710000;2016-03-04T00:33:03.760000;d3bb3c7a-d0eb-4b65-877b-2e949123fe03;419.06;1.8;BUY
2016-03-04T00:33:03.710000;2016-03-04T00:33:03.777000;4c2ed59c-d2c5-4d5c-b84c-74a3d2ed50ae;419.07;0.1335461;BUY
2016-03-04T00:33:04.680000;2016-03-04T00:33:04.727000;ec59a7d8-3b3c-4d69-9b12-949623498ac0;419.07;0.0488843;BUY
2016-03-04T00:33:04.680000;2016-03-04T00:33:04.743000;ce313992-2a07-45d0-81f6-2cb5cb7a13a9;419.07;0.703;BUY
2016-03-04T00:33:04.680000;2016-03-04T00:33:04.777000;40555c9c-72b4-430a-842a-7887ea54537e;419.08;1.1816618;BUY
2016-03-04T00:33:05.653000;2016-03-04T00:33:05.743000;f8baa23d-95d1-49b6-ab36-e3ac344ef405;419.08;1.9335461;BUY
2016-03-04T00:33:05.910000;2016-03-04T00:33:05.960000;9cf31feb-d40a-49d6-b1e1-bbf2107b9bcf;419.08;1.9335461;BUY
2016-03-04T00:33:06.293000;2016-03-04T00:33:06.343000;f55b82f1-6a15-4629-a831-1b779a043d50;419.08;0.1329078;BUY
2016-03-04T00:33:06.293000;2016-03-04T00:33:06.357000;2d14d061-c216-4673-a774-07e991045f8a;419.09;0.1507;BUY
2016-03-04T00:33:06.297000;2016-03-04T00:33:06.357000;9accee76-7f92-488b-b7aa-55d513c7b070;419.1;1.6499383;BUY
2016-03-04T00:33:31.577000;2016-03-04T00:33:31.627000;8d8a3bb2-9efb-4dba-a01e-c63897add59d;419.0;0.1653735;SELL
2016-03-04T00:33:31.577000;2016-03-04T00:33:31.643000;32627030-1711-4076-aa64-5b4875b97f4d;418.99;1.9343865;SELL
2016-03-04T00:33:59.183000;2016-03-04T00:33:59.227000;851a6faa-8546-4418-9095-809b425603f8;419.09;0.04;BUY
2016-03-04T00:33:59.183000;2016-03-04T00:33:59.243000;51a5bd60-eda3-4b26-9eb9-fa2e7bec6f51;419.1;0.04541;BUY
2016-03-04T00:33:59.183000;2016-03-04T00:33:59.243000;3c5c8d07-6273-4332-b2e9-f97f6aed2b1d;419.1;0.114455;BUY
2016-03-04T00:34:01.577000;2016-03-04T00:34:01.623000;eadb4c2b-bc6c-4691-9d01-61e355869fd6;419.02;0.02;SELL
2016-03-04T00:34:01.577000;2016-03-04T00:34:01.637000;5077b284-e227-4d39-97bb-89efe4de17cb;419.01;0.0415;SELL
2016-03-04T00:34:46.083000;2016-03-04T00:34:46.123000;0e9fe50d-063c-4b05-924e-75df34242593;419.08;0.09;BUY
2016-03-04T00:35:01.550000;2016-03-04T00:35:01.603000;24dc5fbe-cdd5-4f7f-9add-836f43c9c6bc;419.09;0.2;BUY
2016-03-04T00:35:01.550000;2016-03-04T00:35:01.630000;74a86f2c-2944-4337-a49b-3d4ade2a3ee7;419.1;0.634;BUY
2016-03-04T00:35:01.550000;2016-03-04T00:35:01.663000;8cd1ff51-8d13-49ba-92fb-7176849391a9;419.11;0.65321;BUY
2016-03-04T00:35:31.580000;2016-03-04T00:35:31.620000;105e9706-7bc0-407d-822b-8e5b2359e0d8;419.0;0.0115;SELL
2016-03-04T00:35:31.580000;2016-03-04T00:35:31.650000;0955fc23-9f5c-4597-b2fb-0347e20d4a64;419.0;0.08224;SELL
2016-03-04T00:36:01.583000;2016-03-04T00:36:01.623000;685eb329-5fdf-4de5-b47a-946fcc5f49b1;419.1;0.14585;BUY
2016-03-04T00:36:33.407000;2016-03-04T00:36:33.447000;bfffb9b1-08b3-4a0b-b9d2-f7b5727229a1;419.11;0.98274315;BUY
2016-03-04T00:36:33.407000;2016-03-04T00:36:33.477000;b14db24e-32b8-4376-93c0-7d8e95af9676;419.12;0.01;BUY
2016-03-04T00:36:33.407000;2016-03-04T00:36:33.513000;6473eeb3-f090-4d20-b5ad-c6e807984be0;419.12;0.01;BUY
2016-03-04T00:36:33.407000;2016-03-04T00:36:33.543000;9cda124d-6b3c-474d-b77a-5261e09f504e;419.13;2.0;BUY
2016-03-04T00:36:33.407000;2016-03-04T00:36:33.577000;c070e66b-37eb-4bfa-b4ed-022a1fc9a0e1;419.14;0.132942;BUY
2016-03-04T00:36:33.407000;2016-03-04T00:36:33.607000;86dd997a-fcf8-4bc0-9824-a066f48b07b6;419.15;0.247;BUY
2016-03-04T00:36:33.407000;2016-03-04T00:36:33.647000;948d1bc3-8408-4b11-956b-57cedade5515;419.16;0.3759;BUY
2016-03-04T00:36:33.407000;2016-03-04T00:36:33.663000;7ad2103a-4dd9-42e9-aa17-9e829e3be301;419.16;0.01;BUY
2016-03-04T00:36:33.407000;2016-03-04T00:36:33.680000;e5bad968-8d9c-44cd-b5c9-6e43247bb60c;419.16;0.01;BUY
2016-03-04T00:36:33.407000;2016-03-04T00:36:33.703000;5b934174-47c1-402f-a5ec-fa7fa2363f8d;419.17;0.8;BUY
2016-03-04T00:36:33.407000;2016-03-04T00:36:33.737000;2e8f245a-67ee-4f70-a3d2-904b6f28b1ac;419.18;0.02;BUY
2016-03-04T00:36:33.407000;2016-03-04T00:36:33.737000;793b4fee-9d05-45b2-bdb2-295352d01a02;419.18;0.17;BUY
2016-03-04T00:36:33.407000;2016-03-04T00:36:33.750000;f1fb190b-243c-4a8b-8664-180c20828103;419.18;0.91167485;BUY
2016-03-04T00:37:01.523000;2016-03-04T00:37:01.567000;af8c4a5a-a0bd-4f80-9b27-0e6dc83ccbd0;419.15;0.59076;BUY
2016-03-04T00:37:30.597000;2016-03-04T00:37:30.633000;b91d4674-6906-4fd8-bfa8-e91d9d230386;419.09;0.11592;BUY
2016-03-04T00:38:03.670000;2016-03-04T00:38:03.703000;8ee92058-0546-44aa-a561-a7da09a3adda;419.02;0.01;SELL
2016-03-04T00:38:03.670000;2016-03-04T00:38:03.720000;2059facd-e9c8-476c-9ced-198d19746994;419.01;0.12881738;SELL
2016-03-04T00:38:03.670000;2016-03-04T00:38:03.740000;e5165056-c0a4-4970-a006-3b79c6f93a38;419.0;0.3;SELL
2016-03-04T00:38:03.670000;2016-03-04T00:38:03.740000;113b0eea-f46f-4048-9a90-0eeb9c2ce5aa;419.0;0.63614262;SELL
2016-03-04T00:38:30.830000;2016-03-04T00:38:30.883000;6970c6d0-d5d0-4016-8383-37755deb8ddd;419.02;0.0626093;BUY
2016-03-04T00:38:30.830000;2016-03-04T00:38:30.883000;6678cc99-98bd-460b-b5ed-7f66d800f2ef;419.02;0.691;BUY
2016-03-04T00:38:30.830000;2016-03-04T00:38:30.883000;4ef15591-97dc-4581-9476-9d9599c95ea6;419.06;0.2647807;BUY
2016-03-04T00:38:58.723000;2016-03-04T00:38:58.757000;047096f6-0220-47d7-9e52-35cdd8c91531;419.07;0.04;BUY
2016-03-04T00:39:00.570000;2016-03-04T00:39:00.603000;ad7a5857-73d5-40bf-8e9e-61b6f60e5720;419.05;0.76285;BUY
2016-03-04T00:39:30.617000;2016-03-04T00:39:30.667000;df95d5fd-86a6-4384-9030-8ef84a8f51ba;418.98;0.60181;SELL
2016-03-04T00:40:07.103000;2016-03-04T00:40:07.130000;9e1471f2-7eca-4f7f-8e9c-ca6fd62e7fe7;418.98;0.01;SELL
2016-03-04T00:40:30.657000;2016-03-04T00:40:30.687000;8e4546da-fbe0-43fb-a0ba-3bb7357b06fb;419.01;0.662;BUY
2016-03-04T00:40:30.657000;2016-03-04T00:40:30.703000;4a96e4c9-97d4-475a-8983-4ef92b0b177d;419.02;3.18396;BUY
2016-03-04T00:40:39.810000;2016-03-04T00:40:39.837000;1a8957b3-e377-414f-b993-127edbeb653a;419.0;0.7;BUY
2016-03-04T00:40:40.567000;2016-03-04T00:40:40.650000;a00caa92-4fd2-40f6-9b60-d31c73d81d53;418.99;0.225858;BUY
2016-03-04T00:41:01.647000;2016-03-04T00:41:01.673000;b4766c4d-b837-4b40-bb43-e30a547534e8;419.05;0.01;BUY
2016-03-04T00:41:01.647000;2016-03-04T00:41:01.690000;46797b87-29b2-4bc2-9560-ab663b3438f7;419.05;0.102;BUY
2016-03-04T00:41:01.647000;2016-03-04T00:41:01.737000;2ea802c6-3a6a-4865-83d3-01c519d1a314;419.06;0.02874;BUY
2016-03-04T00:41:01.647000;2016-03-04T00:41:01.770000;6d139b09-8620-44e6-9f2a-d63575021a6a;419.07;0.08114;BUY
2016-03-04T00:41:01.647000;2016-03-04T00:41:01.803000;ff262685-618a-4ea4-afa1-55ab383be8c7;419.13;0.6;BUY
2016-03-04T00:41:01.647000;2016-03-04T00:41:01.843000;bb2c781d-096f-4329-8b4d-69b0a40b1eb7;419.14;0.01;BUY
2016-03-04T00:41:01.647000;2016-03-04T00:41:01.873000;4073247d-4ca4-4a8d-b7e9-894cbeb6dd86;419.14;0.01;BUY
2016-03-04T00:41:01.647000;2016-03-04T00:41:01.913000;37eb24bb-1d32-4041-b6a5-2c1f4f2dbb28;419.14;0.4;BUY
2016-03-04T00:41:01.647000;2016-03-04T00:41:01.947000;403d986c-443d-4faa-9953-ae9b67ec6d96;419.15;0.01;BUY
2016-03-04T00:41:01.647000;2016-03-04T00:41:01.967000;cde014e3-685b-4b6d-974c-747c0ab4911f;419.15;0.01;BUY
2016-03-04T00:41:01.647000;2016-03-04T00:41:02.000000;02af3b09-0a60-46b1-8b81-01039423a25e;419.15;0.01;BUY
2016-03-04T00:41:01.647000;2016-03-04T00:41:02.013000;4d375475-ad36-4901-9ed8-361da614bc76;419.15;0.01;BUY
2016-03-04T00:41:01.650000;2016-03-04T00:41:02.030000;6ae6cb41-2eab-4817-9431-9be2e8f0055c;419.15;1.25199;BUY
2016-03-04T00:41:35.467000;2016-03-04T00:41:35.493000;2cbebaad-21c9-4a98-912c-468158017533;419.1;0.2981;BUY
2016-03-04T00:41:40.553000;2016-03-04T00:41:40.627000;e05eda11-45f7-427e-971c-e53ccae1b863;419.07;0.02693218;BUY
2016-03-04T00:41:40.593000;2016-03-04T00:41:40.703000;77d4dfd9-3f8d-4cca-89ed-1fa557caf3fb;419.07;0.51413526;BUY
2016-03-04T00:42:02.500000;2016-03-04T00:42:02.523000;5a87f239-db4e-4483-baa3-1e209b933d43;419.13;0.22482;BUY
2016-03-04T00:42:12.947000;2016-03-04T00:42:13.020000;d311180e-5015-4799-b618-ddc6e5d0f6d2;419.0;0.0115;SELL
2016-03-04T00:42:12.947000;2016-03-04T00:42:13.037000;17488aff-838c-4a6d-b403-b44d2d2b9b22;418.98;0.1385;SELL
2016-03-04T00:42:22.563000;2016-03-04T00:42:22.723000;601b6702-1e17-4b15-a1b2-3e35d9d0e55b;419.1;0.02;BUY
2016-03-04T00:42:25.010000;2016-03-04T00:42:25.033000;b7e39292-4815-49ef-99a0-54a668c3d96d;419.12;0.0099246;BUY
2016-03-04T00:42:31.357000;2016-03-04T00:42:31.377000;8562ff3a-b384-4caa-9a4d-2895cf6fa44c;419.12;0.17384;BUY
2016-03-04T00:43:30.867000;2016-03-04T00:43:30.940000;21b3b336-9540-44df-9e20-c7ec42d07a1b;419.02;0.18;SELL
2016-03-04T00:43:30.867000;2016-03-04T00:43:30.957000;c08f9b88-b259-4de1-9e3e-cb35934ad4cd;419.01;0.1549;SELL
2016-03-04T00:43:30.867000;2016-03-04T00:43:30.957000;e969c16c-1786-4783-a6fa-065e736435f2;418.98;1.1832361;SELL
2016-03-04T00:43:30.867000;2016-03-04T00:43:30.957000;4b65ae04-4519-49e3-a22a-ddc21807ea3c;418.98;0.01;SELL
2016-03-04T00:43:30.867000;2016-03-04T00:43:30.970000;9f5a7452-9033-415e-8594-4c21cebd90b9;418.98;0.01;SELL
2016-03-04T00:43:30.867000;2016-03-04T00:43:30.970000;a2ab6eb6-4bb1-4a4b-8df7-434aac094d5e;418.98;0.01;SELL
2016-03-04T00:43:30.870000;2016-03-04T00:43:30.987000;7cc43926-d0b5-43a5-a94c-e77daac241bb;418.98;0.01;SELL
2016-03-04T00:43:30.870000;2016-03-04T00:43:31.027000;57e1cd93-be2b-4720-a4e4-fb810113ea51;418.98;0.01;SELL
2016-03-04T00:43:30.870000;2016-03-04T00:43:31.027000;6eef6aee-1570-4fcb-a171-02f61ffb6451;418.98;0.01;SELL
2016-03-04T00:43:30.870000;2016-03-04T00:43:31.027000;d0669a6c-29d8-44ac-bf3a-9a6bd8e11868;418.98;0.01;SELL
2016-03-04T00:43:30.870000;2016-03-04T00:43:31.027000;120593d7-b718-4248-88d9-2750715a4113;418.98;0.01;SELL
2016-03-04T00:43:30.870000;2016-03-04T00:43:31.027000;e70bfad6-199d-4780-816f-4cfa2d854c9f;418.98;0.01;SELL
2016-03-04T00:43:30.870000;2016-03-04T00:43:31.043000;2ffa7f0b-61a8-4722-b55b-b5aa92ffe386;418.98;0.01;SELL
2016-03-04T00:43:30.870000;2016-03-04T00:43:31.043000;11caf2f3-da23-4287-b7b1-dcac1ea45b97;418.98;0.01;SELL
2016-03-04T00:43:30.870000;2016-03-04T00:43:31.043000;c3dd00e0-36ec-408d-9bc6-ab22c8ae3d07;418.98;0.01;SELL
2016-03-04T00:43:30.870000;2016-03-04T00:43:31.043000;93ee173b-e515-48fa-87c7-691b3be318f8;418.98;0.01;SELL
2016-03-04T00:43:30.870000;2016-03-04T00:43:31.043000;fff13c3c-dadb-4c55-813e-f63c766c1dd1;418.98;0.01;SELL
2016-03-04T00:43:30.870000;2016-03-04T00:43:31.060000;35edee1c-896c-4df3-beca-69e47d553b4c;418.98;0.01;SELL
2016-03-04T00:43:30.870000;2016-03-04T00:43:31.060000;df8188d0-fce9-4c58-8439-116f174a0faf;418.98;0.01;SELL
2016-03-04T00:43:30.870000;2016-03-04T00:43:31.060000;572cf01d-da36-4552-bcf9-864e36941ca2;418.98;0.01;SELL
2016-03-04T00:43:30.870000;2016-03-04T00:43:31.060000;ca3dedde-b19a-43db-a9f1-286005c7d6b4;418.98;0.01;SELL
2016-03-04T00:43:30.870000;2016-03-04T00:43:31.060000;6aa1b9f6-154f-4408-87c2-5a94da7f2071;418.98;0.01;SELL
2016-03-04T00:43:30.870000;2016-03-04T00:43:31.073000;ac871072-4f8d-46f2-99b4-e9f77743d60b;418.98;0.01;SELL
2016-03-04T00:43:30.870000;2016-03-04T00:43:31.073000;fa16785b-bd39-448b-8d6f-62fef3ce12da;418.98;0.01;SELL
2016-03-04T00:43:30.870000;2016-03-04T00:43:31.073000;cc84fd1a-566e-4a3f-b43c-1216f8188737;418.98;0.01;SELL
2016-03-04T00:43:30.873000;2016-03-04T00:43:31.073000;9606495a-e09d-4468-aaa0-430bd57b329b;418.98;0.01;SELL
2016-03-04T00:43:30.873000;2016-03-04T00:43:31.077000;40dcb559-9e28-4f7a-9a5d-5cfc2e4a7dc1;418.98;0.01;SELL
2016-03-04T00:43:30.873000;2016-03-04T00:43:31.077000;a3e6ccec-6f90-4b97-9ec1-7e60f4d4548d;418.98;0.01;SELL
2016-03-04T00:43:30.873000;2016-03-04T00:43:31.077000;be65a312-0911-4ca4-9a69-5d5125a766d4;418.98;0.01;SELL
2016-03-04T00:43:30.873000;2016-03-04T00:43:31.077000;11d4151b-375c-434f-97e3-eb533bd10c15;418.98;0.01;SELL
2016-03-04T00:43:30.873000;2016-03-04T00:43:31.077000;3730072b-7c4d-484b-8f1b-5ccd645ef23d;418.98;0.01;SELL
2016-03-04T00:43:30.873000;2016-03-04T00:43:31.093000;38f929ac-3124-4bdb-b894-5f9158072dd2;418.98;0.01;SELL
2016-03-04T00:43:30.873000;2016-03-04T00:43:31.120000;d33ad6e4-76cb-4a6d-90fa-409a349d2c0f;418.98;0.01;SELL
2016-03-04T00:43:30.873000;2016-03-04T00:43:31.120000;129c6de6-0d4b-4c36-a83b-0639d473f762;418.97;0.01;SELL
2016-03-04T00:43:30.873000;2016-03-04T00:43:31.120000;ef3eb321-d0ca-490c-b658-6b48feffa09b;418.97;0.01;SELL
2016-03-04T00:43:30.873000;2016-03-04T00:43:31.120000;d6ae1135-bce1-49dd-ad1f-5aa089542f94;418.97;0.01;SELL
2016-03-04T00:43:30.873000;2016-03-04T00:43:31.120000;683dde13-6c0a-43ef-ac36-1c52dac79b81;418.97;0.01;SELL
2016-03-04T00:43:30.873000;2016-03-04T00:43:31.120000;d1eefad8-6a6b-44e5-a053-b92ef2a2364c;418.97;0.01;SELL
2016-03-04T00:43:30.873000;2016-03-04T00:43:31.120000;f9f70719-d33c-4138-96c4-8627c71e7644;418.97;0.01;SELL
2016-03-04T00:43:30.873000;2016-03-04T00:43:31.120000;b01f843b-e96c-4fd5-ad61-665d4a546e3c;418.96;0.01;SELL
2016-03-04T00:43:30.873000;2016-03-04T00:43:31.150000;916b5438-3f98-4037-aa1e-1fff302abe19;418.96;0.01;SELL
2016-03-04T00:43:30.873000;2016-03-04T00:43:31.150000;ce0dd7f6-b5f4-4047-a1e9-dba4434d9f3e;418.96;0.01;SELL
2016-03-04T00:43:30.873000;2016-03-04T00:43:31.150000;39958204-0695-4afd-8553-4cc84becd84f;418.95;0.01;SELL
2016-03-04T00:43:30.873000;2016-03-04T00:43:31.150000;1bf8665f-e278-45a2-af34-594605d02427;418.95;0.01;SELL
2016-03-04T00:43:30.873000;2016-03-04T00:43:31.153000;56028909-2946-49b0-9749-8a08539565b1;418.95;0.01;SELL
2016-03-04T00:43:30.877000;2016-03-04T00:43:31.153000;eac8a70d-6162-4211-bbab-a8731ef6437e;418.95;0.01;SELL
2016-03-04T00:43:30.877000;2016-03-04T00:43:31.153000;71a58a0b-dee0-4b5d-a89d-3f93eaf682e1;418.95;1.5285939;SELL
2016-03-04T00:44:00.777000;2016-03-04T00:44:00.860000;7f306236-7115-4cfd-ab36-f79a779c9a5a;419.06;0.58;BUY
2016-03-04T00:44:00.777000;2016-03-04T00:44:00.877000;8439d9e0-ef5c-4689-9241-73b000b0b6c2;419.07;0.16348;BUY
2016-03-04T00:44:30.717000;2016-03-04T00:44:30.793000;4c17842b-f72a-48a5-9662-4324ad4d274d;419.08;0.01;BUY
2016-03-04T00:44:30.720000;2016-03-04T00:44:30.793000;40c0f78c-a3cb-488f-9c83-3fbaad4e434a;419.08;0.01532;BUY
2016-03-04T00:44:32.147000;2016-03-04T00:44:32.207000;7868aed4-b194-41b7-96c0-d8977b9ce3b5;419.09;0.128898;BUY
2016-03-04T00:44:32.147000;2016-03-04T00:44:32.237000;4c5f8ab6-d436-4e69-b725-2d76ffb33821;419.09;0.091;BUY
2016-03-04T00:44:32.147000;2016-03-04T00:44:32.237000;550e67e2-7190-4607-9433-276b4ab2d43a;419.1;0.000102;BUY
2016-03-04T00:44:32.153000;2016-03-04T00:44:32.240000;8a32fb6f-facc-45d0-8604-156967825580;419.1;0.0365971;BUY
2016-03-04T00:44:32.153000;2016-03-04T00:44:32.240000;6ad00235-eb7d-4611-b5aa-29d95721413c;419.11;0.01;BUY
2016-03-04T00:44:32.153000;2016-03-04T00:44:32.240000;6cc74e16-f13c-4a08-876a-520fba245614;419.11;0.01;BUY
2016-03-04T00:44:32.153000;2016-03-04T00:44:32.253000;49776c2c-d7a3-49cc-8151-aad7d4f17c58;419.11;0.01;BUY
2016-03-04T00:44:32.153000;2016-03-04T00:44:32.287000;80f0c674-ad58-43bc-9275-3718035b4c71;419.11;0.01;BUY
2016-03-04T00:44:32.153000;2016-03-04T00:44:32.320000;74676760-0052-46a4-a270-9a6c9e36ca06;419.11;0.01;BUY
2016-03-04T00:44:32.153000;2016-03-04T00:44:32.340000;da4e8a65-0b5a-4314-ab3a-4132ac493378;419.11;0.01;BUY
2016-03-04T00:44:32.153000;2016-03-04T00:44:32.340000;6c7ecda1-49cc-4e3e-bd3b-5474b28a676e;419.11;0.01;BUY
2016-03-04T00:44:32.153000;2016-03-04T00:44:32.340000;8b4bf902-2e01-4262-aaa6-d1743bd4284a;419.11;0.01;BUY
2016-03-04T00:44:32.153000;2016-03-04T00:44:32.340000;93f8a7ba-807c-4b66-a5de-06d62519e652;419.11;0.01;BUY
2016-03-04T00:44:32.153000;2016-03-04T00:44:32.340000;2050009b-b0a0-4238-8848-53482da8e565;419.11;0.01;BUY
2016-03-04T00:44:32.157000;2016-03-04T00:44:32.340000;2b74c6a2-b9e7-46f7-9489-053993a6e731;419.11;0.01;BUY
2016-03-04T00:44:32.157000;2016-03-04T00:44:32.340000;23e8742a-ec8f-4a80-bcc9-e24b9ac7e2df;419.11;0.01;BUY
2016-03-04T00:44:32.157000;2016-03-04T00:44:32.340000;2898cf03-8d85-4936-82d5-dabcea3eb1a6;419.11;0.01;BUY
2016-03-04T00:44:32.157000;2016-03-04T00:44:32.340000;44825bbd-ec48-4b9e-b6d1-33f21776a908;419.11;0.01;BUY
2016-03-04T00:44:32.157000;2016-03-04T00:44:32.340000;f944eb8f-ded9-4719-8e31-b8098e4e1e89;419.11;0.01;BUY
2016-03-04T00:44:32.157000;2016-03-04T00:44:32.343000;c5709f8c-766f-4c87-ba9d-3a31c23cbc1d;419.11;0.01;BUY
2016-03-04T00:44:32.157000;2016-03-04T00:44:32.343000;9b6f22d6-f2a6-40da-8aa5-ac884c52ab51;419.11;0.01;BUY
2016-03-04T00:44:32.157000;2016-03-04T00:44:32.343000;3fdaed18-4ef5-4e65-8bea-7809e5ecd11c;419.11;0.01;BUY
2016-03-04T00:44:32.157000;2016-03-04T00:44:32.343000;eb25f132-b09c-479a-ad73-2a0e149465a3;419.11;0.01;BUY
2016-03-04T00:44:32.157000;2016-03-04T00:44:32.343000;f8eaecd4-006e-4db7-a974-429f45636862;419.11;0.01;BUY
2016-03-04T00:44:32.157000;2016-03-04T00:44:32.343000;d80fffb6-90cb-4383-a108-00887e5d7f2f;419.11;0.0081029;BUY
2016-03-04T00:44:32.167000;2016-03-04T00:44:32.347000;f1d3b6e3-7b44-49be-b0dd-813d494325ff;419.11;0.0018971;BUY
2016-03-04T00:44:32.167000;2016-03-04T00:44:32.347000;6fe92fd7-1cd9-4f9e-ab97-13ef7c623567;419.11;0.01;BUY
2016-03-04T00:44:32.167000;2016-03-04T00:44:32.347000;0012be98-84e1-4b60-8835-d3564d523758;419.11;0.01;BUY
2016-03-04T00:44:32.167000;2016-03-04T00:44:32.347000;d1d767af-2bd7-4b4d-8f24-1a756dec09d2;419.11;0.01;BUY
2016-03-04T00:44:32.170000;2016-03-04T00:44:32.347000;76916101-4e75-4df4-a3cf-d526b5c563b9;419.11;0.01;BUY
2016-03-04T00:44:32.170000;2016-03-04T00:44:32.347000;fb153f19-fb05-4566-9d0d-a3c59e5bb85a;419.11;0.01;BUY
2016-03-04T00:44:32.170000;2016-03-04T00:44:32.377000;7b801244-d1a1-43ca-a477-7403b22b8dd2;419.11;0.01;BUY
2016-03-04T00:44:32.170000;2016-03-04T00:44:32.397000;b79789a1-8922-43e5-977e-81961a2c9acb;419.11;0.16;BUY
2016-03-04T00:44:32.170000;2016-03-04T00:44:32.397000;91d73fd4-c14e-45ed-bf29-38c9f760a717;419.12;0.01;BUY
2016-03-04T00:44:32.170000;2016-03-04T00:44:32.397000;03dbda74-8229-458e-a2a7-fd2b3eda198d;419.13;0.01;BUY
2016-03-04T00:44:32.170000;2016-03-04T00:44:32.397000;e2f41344-5eb6-4235-b3c9-b94bbf7ba703;419.13;0.01;BUY
2016-03-04T00:44:32.170000;2016-03-04T00:44:32.413000;491c458e-b15c-4ccf-9694-e9487320beab;419.13;0.01;BUY
2016-03-04T00:44:32.170000;2016-03-04T00:44:32.413000;0e2053ae-874c-4c21-b9ea-5e68a750bfce;419.13;0.01;BUY
2016-03-04T00:44:32.170000;2016-03-04T00:44:32.413000;397b6826-d7c2-400f-b4e2-b048c00bf675;419.13;0.01;BUY
2016-03-04T00:44:32.170000;2016-03-04T00:44:32.413000;4fe3dd42-5e54-45a9-ae7d-1abc3e2e2d26;419.13;0.01;BUY
2016-03-04T00:44:32.170000;2016-03-04T00:44:32.413000;fc0a1571-6f10-4b40-a738-8c99d70b3dd8;419.13;0.01;BUY
2016-03-04T00:44:32.173000;2016-03-04T00:44:32.413000;64f5d391-a953-4c92-9043-5ac94d0414ac;419.13;0.01;BUY
2016-03-04T00:44:32.173000;2016-03-04T00:44:32.413000;5416181b-a61b-4d7f-92d3-8d6793ca8ede;419.13;0.01;BUY
2016-03-04T00:44:32.173000;2016-03-04T00:44:32.430000;b7bd4302-c381-44b6-8080-2982880e0732;419.13;0.01;BUY
2016-03-04T00:44:32.173000;2016-03-04T00:44:32.430000;0ff6182c-4898-4e82-8682-0dd7f5ed1188;419.13;0.01;BUY
2016-03-04T00:44:32.173000;2016-03-04T00:44:32.430000;26126d99-752b-4711-97a1-83733003bfae;419.13;0.01;BUY
2016-03-04T00:44:32.173000;2016-03-04T00:44:32.430000;19c11bf4-f3f3-4818-8910-045e4d9a0409;419.14;0.0368069;BUY
2016-03-04T00:44:32.173000;2016-03-04T00:44:32.430000;4af7e95a-f2dd-4fcf-aa5a-2f597aaf2133;419.14;0.01;BUY
2016-03-04T00:44:32.173000;2016-03-04T00:44:32.430000;41918925-f83e-48d2-96cf-803b6a23869f;419.14;0.001296;BUY
2016-03-04T00:45:01.083000;2016-03-04T00:45:01.140000;798a93e9-5dd6-44ec-bff4-ab35e1dfd7b5;419.01;0.24;SELL
2016-03-04T00:45:01.083000;2016-03-04T00:45:01.157000;f1663899-a59c-4da1-bef8-66572e7c5032;419.0;0.05655;SELL
2016-03-04T00:45:06.730000;2016-03-04T00:45:06.820000;8d1d5255-409b-4c70-ae9c-7f1e7533f0c0;419.1;0.04;BUY
2016-03-04T00:45:08.990000;2016-03-04T00:45:09.047000;8836d3c8-cbdd-478f-a632-30a717a1854d;419.1;0.022;BUY
2016-03-04T00:45:08.997000;2016-03-04T00:45:09.087000;0c6ed626-9e17-4de6-a211-9aaf259d4992;419.1;0.0345;BUY
2016-03-04T00:45:09.020000;2016-03-04T00:45:09.103000;d6c67d4d-5add-4869-84c8-7f572c265467;419.1;0.0735;BUY
2016-03-04T00:45:30.670000;2016-03-04T00:45:30.793000;536addfe-cbef-45ae-94eb-9eeff0982233;419.1;0.1462354;BUY
2016-03-04T00:45:30.670000;2016-03-04T00:45:30.793000;05de51d3-cf90-4748-8252-fd10e1321752;419.1;0.145;BUY
2016-03-04T00:45:30.670000;2016-03-04T00:45:30.793000;c6daf926-6402-4b5b-ab39-0495b02a128b;419.11;0.1132143;BUY
2016-03-04T00:45:30.670000;2016-03-04T00:45:30.793000;8584fce3-8867-483f-96fa-2c28e7227884;419.12;0.29526665;BUY
2016-03-04T00:45:30.670000;2016-03-04T00:45:30.793000;78f0c02c-cc36-4281-bd82-f20c445a1fe0;419.13;0.07757;BUY
2016-03-04T00:45:30.670000;2016-03-04T00:45:30.793000;fd0e24eb-0e91-4667-9aa4-2656faa49749;419.14;0.008704;BUY
2016-03-04T00:45:30.670000;2016-03-04T00:45:30.797000;06c9b7bd-0991-4114-86e8-61f49b9a7fbd;419.14;0.8;BUY
2016-03-04T00:45:30.670000;2016-03-04T00:45:30.800000;5e60aff5-1802-4905-b838-077a0e3638fb;419.15;0.01;BUY
2016-03-04T00:45:30.670000;2016-03-04T00:45:30.800000;8b732d8e-75fa-42f6-a917-9cfabaa85f88;419.15;0.01;BUY
2016-03-04T00:45:30.670000;2016-03-04T00:45:30.800000;e7761698-d04a-4c38-ab7a-50f4b32a5d57;419.15;0.01;BUY
2016-03-04T00:45:30.670000;2016-03-04T00:45:30.800000;99c21afe-9264-4c7a-a5da-a6ec4813f835;419.15;0.01;BUY
2016-03-04T00:45:30.673000;2016-03-04T00:45:30.800000;b32ae2ae-ab7f-468c-bf93-a253d154c1ed;419.15;0.01;BUY
2016-03-04T00:45:30.673000;2016-03-04T00:45:30.800000;bf20179a-d0c2-4010-b6ad-aec6109c7fcb;419.15;0.01;BUY
2016-03-04T00:45:30.673000;2016-03-04T00:45:30.823000;d702e050-eccc-4613-81c8-82c4251ede2e;419.15;0.01;BUY
2016-03-04T00:45:30.673000;2016-03-04T00:45:30.840000;59a0a8a7-a988-4369-80f4-6e7d78e28dbb;419.15;0.01;BUY
2016-03-04T00:45:30.673000;2016-03-04T00:45:30.840000;59a313fa-f8dd-4b7a-b4eb-86e2731e0a62;419.15;0.01;BUY
2016-03-04T00:45:30.673000;2016-03-04T00:45:30.840000;350747a8-8767-44b5-845b-58a9d526f451;419.15;0.01;BUY
2016-03-04T00:45:30.673000;2016-03-04T00:45:30.840000;664371ba-dcca-4f55-acfa-409730712ab7;419.15;0.01;BUY
2016-03-04T00:45:30.673000;2016-03-04T00:45:30.840000;6e2b18cb-a842-41ac-be73-c651655e2623;419.15;0.01;BUY
2016-03-04T00:45:30.673000;2016-03-04T00:45:30.843000;72a7ad2b-4bbd-4a40-a517-dfe20729fc61;419.15;0.01;BUY
2016-03-04T00:45:30.673000;2016-03-04T00:45:30.843000;5f0ed0df-d14f-4af8-b1ca-aaf72d4c863b;419.15;0.01;BUY
2016-03-04T00:45:30.673000;2016-03-04T00:45:30.857000;73c57e64-4aea-4796-9f07-3f5ca3a240fe;419.15;0.01;BUY
2016-03-04T00:45:30.673000;2016-03-04T00:45:30.860000;4e0122b5-6861-4f43-9fa4-a0883deae528;419.15;0.01;BUY
2016-03-04T00:45:30.673000;2016-03-04T00:45:30.860000;31ce250e-63ce-44b6-8fc3-860e44e15bc3;419.15;0.01;BUY
2016-03-04T00:45:30.673000;2016-03-04T00:45:30.860000;3e78bafe-2810-418b-af82-11464c878ccc;419.15;0.01;BUY
2016-03-04T00:45:30.673000;2016-03-04T00:45:30.860000;c49822cd-6366-407a-99af-fec419ea8387;419.15;0.01;BUY
2016-03-04T00:45:30.673000;2016-03-04T00:45:30.860000;e4f603a7-6db5-4ff6-adf7-27782aa959da;419.15;0.01;BUY
2016-03-04T00:45:30.673000;2016-03-04T00:45:30.860000;cb037883-0d44-4294-b963-dd7dc1d49cf4;419.15;0.01;BUY
2016-03-04T00:45:30.673000;2016-03-04T00:45:30.897000;59d7b05c-9fd0-4a5c-9ef5-9fc3adee618b;419.15;0.01;BUY
2016-03-04T00:45:30.673000;2016-03-04T00:45:30.897000;1065e6ce-8236-4fe8-abb4-8271e736082f;419.15;0.01;BUY
2016-03-04T00:45:30.673000;2016-03-04T00:45:30.897000;d7283327-7130-42aa-a613-f6a3b284e5ad;419.15;0.01;BUY
2016-03-04T00:45:30.673000;2016-03-04T00:45:30.897000;a251e63a-5521-47b5-81ce-673c450b56e7;419.15;0.01;BUY
2016-03-04T00:45:30.673000;2016-03-04T00:45:30.897000;f813d94c-1c5c-4e8d-a2b2-d66f2d011c66;419.15;0.01;BUY
2016-03-04T00:45:30.677000;2016-03-04T00:45:30.897000;62e5ca22-7eda-42b1-beb1-fb42a39b373d;419.15;0.01;BUY
2016-03-04T00:45:30.677000;2016-03-04T00:45:30.897000;8e087a77-34f8-44a7-bfe5-859509c2b96f;419.15;0.01;BUY
2016-03-04T00:45:30.677000;2016-03-04T00:45:30.913000;64a5ee7e-d4c3-4de4-8222-73b7ff5dac0a;419.15;0.01;BUY
2016-03-04T00:45:30.677000;2016-03-04T00:45:30.913000;63333219-e6f6-4bc4-9335-20cb00fe0530;419.15;2.4;BUY
2016-03-04T00:45:30.677000;2016-03-04T00:45:30.913000;1f132e47-40f4-42a8-b533-22fef9a72ca4;419.16;0.01;BUY
2016-03-04T00:45:30.677000;2016-03-04T00:45:30.913000;a48aec8c-bc16-4be4-8b48-4e60a5a27afd;419.16;0.01;BUY
2016-03-04T00:45:30.677000;2016-03-04T00:45:30.913000;a3e4e298-db55-47e6-b5f8-5254b413d716;419.16;0.01;BUY
2016-03-04T00:45:30.677000;2016-03-04T00:45:30.913000;28858667-62a0-479d-b05d-d344d1790e21;419.16;0.01;BUY
2016-03-04T00:45:30.677000;2016-03-04T00:45:30.913000;bfb9541c-d428-4da5-84c2-fca0c43b76fd;419.16;0.01;BUY
2016-03-04T00:45:30.677000;2016-03-04T00:45:30.913000;64e862eb-7d56-4385-83b8-ecfbb8e76212;419.16;0.01;BUY
2016-03-04T00:45:30.677000;2016-03-04T00:45:30.940000;b2444ae0-bbba-407e-a914-ba474eeb3a7c;419.16;0.01;BUY
2016-03-04T00:45:30.677000;2016-03-04T00:45:30.940000;9085a396-aedb-44ad-90b6-a3c0d4787f32;419.16;0.01;BUY
2016-03-04T00:45:30.677000;2016-03-04T00:45:30.940000;1e8ec676-01ea-4336-9b27-35088356f61c;419.16;0.01;BUY
2016-03-04T00:45:30.677000;2016-03-04T00:45:30.940000;f4271699-beb5-4f0c-9a52-41c0f9b026da;419.16;0.01;BUY
2016-03-04T00:45:30.677000;2016-03-04T00:45:30.940000;7666882e-8949-49c7-93db-1dda849e7570;419.16;0.01;BUY
2016-03-04T00:45:30.677000;2016-03-04T00:45:30.940000;d360355f-76f9-46ea-957e-2e0ac5b385ea;419.16;0.01;BUY
2016-03-04T00:45:30.677000;2016-03-04T00:45:30.953000;dec5ea8f-f94a-4a09-acdf-caf9f2425dfe;419.16;0.01;BUY
2016-03-04T00:45:30.677000;2016-03-04T00:45:30.970000;efed701a-353f-477a-851e-a372c9b0a83d;419.16;0.01;BUY
2016-03-04T00:45:30.677000;2016-03-04T00:45:30.970000;e3bacc65-d963-43e6-a352-161fc5f84e38;419.16;0.01;BUY
2016-03-04T00:45:30.677000;2016-03-04T00:45:30.970000;106026db-9e56-4f54-ad56-7095c818e8b2;419.16;0.01;BUY
2016-03-04T00:45:30.677000;2016-03-04T00:45:30.970000;9c8e1e95-d9a8-4ae4-be30-4b5175ebf324;419.16;0.01;BUY
2016-03-04T00:45:30.677000;2016-03-04T00:45:30.970000;03543346-1f69-45d3-bddb-0fbfbf2f604d;419.16;0.01;BUY
2016-03-04T00:45:30.677000;2016-03-04T00:45:30.970000;9649d823-df38-488d-925e-636e11125acc;419.16;0.01;BUY
2016-03-04T00:45:30.680000;2016-03-04T00:45:30.970000;8d16ff5d-4ca2-4345-839d-62894fb2997c;419.16;0.01;BUY
2016-03-04T00:45:30.680000;2016-03-04T00:45:30.970000;011fa593-f3a0-4383-87a2-4cc3de1a478d;419.16;0.01;BUY
2016-03-04T00:45:30.680000;2016-03-04T00:45:30.990000;4fae6868-edbf-4a6a-a90c-ff6c4adc4b4e;419.16;0.01;BUY
2016-03-04T00:45:30.680000;2016-03-04T00:45:31.020000;c80df16b-9ff6-4280-b98a-4ead104be934;419.16;0.01;BUY
2016-03-04T00:45:30.680000;2016-03-04T00:45:31.043000;6f1325c2-01ac-489c-8708-c89549106dfa;419.16;0.01;BUY
2016-03-04T00:45:30.680000;2016-03-04T00:45:31.043000;57fadc91-1681-4989-80c2-0e23157db418;419.16;0.01;BUY
2016-03-04T00:45:30.680000;2016-03-04T00:45:31.043000;12ebf4b0-fb8d-4c74-bad3-0d24a9b4b137;419.16;0.01;BUY
2016-03-04T00:45:30.680000;2016-03-04T00:45:31.043000;33d6db5c-07e7-4705-9c35-8eacc88e07b7;419.16;0.01;BUY
2016-03-04T00:45:30.680000;2016-03-04T00:45:31.043000;2d89bab9-d161-48b8-9e06-212788008755;419.16;0.01;BUY
2016-03-04T00:45:30.680000;2016-03-04T00:45:31.043000;5fb3f815-649b-47a1-8d73-8303c7ecad8e;419.16;0.01;BUY
2016-03-04T00:45:30.680000;2016-03-04T00:45:31.043000;1d0e6a02-ab49-4033-85de-3f76c166e625;419.16;0.01;BUY
2016-03-04T00:45:30.680000;2016-03-04T00:45:31.043000;bda14618-7291-41de-be99-e3c7e543677b;419.16;0.01;BUY
2016-03-04T00:45:30.680000;2016-03-04T00:45:31.043000;1a5b1975-71ad-4375-8843-205d41a3f3f4;419.16;0.01;BUY
2016-03-04T00:45:30.680000;2016-03-04T00:45:31.043000;8a46974c-35ea-4854-b14e-08bf69ea0ccc;419.16;0.01;BUY
2016-03-04T00:45:30.683000;2016-03-04T00:45:31.043000;d0b41386-7a0a-410b-9adc-c61bda7f490d;419.16;0.01;BUY
2016-03-04T00:45:30.683000;2016-03-04T00:45:31.047000;ff34086c-63a8-4cf3-8c4b-fa6aae8bfc31;419.16;0.01;BUY
2016-03-04T00:45:30.683000;2016-03-04T00:45:31.047000;f7605a6e-69c2-443c-8b94-6eb80c134838;419.16;0.01;BUY
2016-03-04T00:45:30.683000;2016-03-04T00:45:31.047000;5369bce8-0e2f-458d-ba71-3f550e18cbcf;419.16;0.01;BUY
2016-03-04T00:45:30.683000;2016-03-04T00:45:31.070000;2cd96f36-bd1c-41f4-9d85-f036eebd7a22;419.16;0.01;BUY
2016-03-04T00:45:30.683000;2016-03-04T00:45:31.070000;5f4ab1d4-37b3-43fa-b350-7c5f065cbd20;419.16;0.01;BUY
2016-03-04T00:45:30.683000;2016-03-04T00:45:31.070000;dce5e91b-db73-4813-8be2-49520665bcee;419.16;0.01;BUY
2016-03-04T00:45:30.683000;2016-03-04T00:45:31.070000;abc7e80f-4532-46e8-8d67-22e2198c8801;419.16;0.01;BUY
2016-03-04T00:45:30.683000;2016-03-04T00:45:31.070000;2b4fa615-0ef5-4fba-91cc-cf727c293b32;419.16;0.01;BUY
2016-03-04T00:45:30.683000;2016-03-04T00:45:31.070000;feb8f508-2cce-445a-9cb1-45cb724ab7bc;419.16;0.01;BUY
2016-03-04T00:45:30.683000;2016-03-04T00:45:31.100000;0997b200-61d5-4b80-8647-909833946ced;419.16;0.01;BUY
2016-03-04T00:45:30.683000;2016-03-04T00:45:31.117000;eafe4ec9-27d6-4d2e-99f1-40911fc49f46;419.16;1.73457965;BUY
2016-03-04T00:46:00.767000;2016-03-04T00:46:00.823000;08ef3af7-9a7d-4d34-9419-917259a2794d;419.0;0.0783227;SELL
2016-03-04T00:46:00.767000;2016-03-04T00:46:00.840000;caa9fb59-9c28-404d-9aee-bf632a33c378;418.99;0.0069673;SELL
2016-03-04T00:46:06.430000;2016-03-04T00:46:06.500000;f7b6f7df-4a6c-472a-a0a1-771327d909b9;419.07;0.26;BUY
2016-03-04T00:46:30.737000;2016-03-04T00:46:30.790000;76ca218d-32bd-4732-a37f-380e7d626fde;418.99;0.01;SELL
2016-03-04T00:46:30.737000;2016-03-04T00:46:30.827000;7425e96f-b5c4-46cb-bf83-33f40c269873;418.98;0.05;SELL
2016-03-04T00:46:30.737000;2016-03-04T00:46:30.860000;68f48be6-a311-4d3a-a8e4-ef1008a4c4c3;418.97;0.2;SELL
2016-03-04T00:46:30.737000;2016-03-04T00:46:30.893000;eac8efeb-f826-42bd-b65b-2045bc691e5f;418.96;0.13162522;SELL
2016-03-04T00:46:30.740000;2016-03-04T00:46:30.910000;ab817ba7-b51c-4efb-8e3e-9fa70e50e2bf;418.95;1.72365478;SELL
2016-03-04T00:47:00.993000;2016-03-04T00:47:01.057000;71b4ddce-cc3a-4ee9-9723-6e3574619ef9;418.99;0.559;BUY
2016-03-04T00:47:00.993000;2016-03-04T00:47:01.057000;a1eb8ebd-cd30-4d50-93a3-2cf9eeacf4ec;418.99;0.18;BUY
2016-03-04T00:47:00.993000;2016-03-04T00:47:01.057000;319a1af2-d56f-4afa-9196-4aba50cf74ee;419.01;0.1058;BUY
2016-03-04T00:47:12.533000;2016-03-04T00:47:12.587000;de49ea1a-c920-439b-9982-9391e032e573;419.0;0.01;BUY
2016-03-04T00:47:12.533000;2016-03-04T00:47:12.603000;ab57dca1-fdf5-4e15-9761-adc0052832e2;419.01;0.44;BUY
2016-03-04T00:47:12.557000;2016-03-04T00:47:12.617000;e56a8197-edc4-457f-9e5a-a682306d92fe;419.01;0.57;BUY
2016-03-04T00:47:30.717000;2016-03-04T00:47:30.790000;17617cdf-2bce-43de-b121-4b8f85d48bc4;419.02;0.0659329;BUY
2016-03-04T00:47:30.717000;2016-03-04T00:47:30.810000;4f243d9d-88e8-4af2-a01b-27004a3c59dd;419.03;0.032229;BUY
2016-03-04T00:47:30.717000;2016-03-04T00:47:30.810000;dec58d5a-8190-4f7f-88d7-2e1d556d82d8;419.04;0.9919281;BUY
2016-03-04T00:48:07.517000;2016-03-04T00:48:07.587000;1195a6a1-f0ed-462e-a7f0-37bed2222029;419.02;0.34858;BUY
2016-03-04T00:48:28.933000;2016-03-04T00:48:29.400000;a6917aad-3075-43b3-86b1-d7a3e9ba2e74;419.02;0.01190284;BUY
2016-03-04T00:48:30.830000;2016-03-04T00:48:30.880000;3a9e9baa-658a-4b9e-898f-50dd97934498;419.02;1.0;BUY
2016-03-04T00:48:30.830000;2016-03-04T00:48:30.897000;2164d95e-e352-4e52-810b-3b13cb45f206;419.03;0.35442;BUY
2016-03-04T00:49:00.807000;2016-03-04T00:49:01.080000;908bef62-46d5-4051-88fb-ff77c5a73d2a;419.01;0.5379;BUY
2016-03-04T00:49:32.283000;2016-03-04T00:49:32.337000;48d88245-1ec7-4790-b1c1-3c68608880fb;419.04;0.06519;BUY
2016-03-04T00:50:00.790000;2016-03-04T00:50:00.940000;fa7cb94f-f1e8-41b9-b669-8542eeb95c1b;418.96;0.185;BUY
2016-03-04T00:50:00.790000;2016-03-04T00:50:00.970000;b902927e-88ec-475a-b36b-efcfd9b03b49;418.97;0.47330595;BUY
2016-03-04T00:50:00.793000;2016-03-04T00:50:00.987000;46b6c186-0e7d-4e63-89ef-044e8119a56d;418.98;0.14265405;BUY
2016-03-04T00:50:32.463000;2016-03-04T00:50:32.527000;2f1ba320-9fcd-4c97-9d55-dd0cd802b662;418.95;1.0699;SELL
2016-03-04T00:50:32.467000;2016-03-04T00:50:32.527000;519862eb-5ce3-4410-887c-97abb2c86e0d;418.94;0.01;SELL
2016-03-04T00:50:32.467000;2016-03-04T00:50:32.543000;d956d2fe-ee87-4d2d-9a8a-a6f493ae7f10;418.93;0.03168404;SELL
2016-03-04T00:50:32.467000;2016-03-04T00:50:32.543000;4c64fcf5-1c21-4e53-966b-415a7dbee610;418.92;0.0494;SELL
2016-03-04T00:50:32.467000;2016-03-04T00:50:32.563000;8a196551-15e7-434c-93ee-2b61b17a397e;418.91;0.07910604;SELL
2016-03-04T00:50:32.467000;2016-03-04T00:50:32.563000;21453e3e-b174-42c9-b025-58bad4d8dc0c;418.9;0.01;SELL
2016-03-04T00:50:32.467000;2016-03-04T00:50:32.563000;fb4745dc-4523-482b-9f53-dadc87f2298e;418.9;0.01;SELL
2016-03-04T00:50:32.467000;2016-03-04T00:50:32.563000;34452b37-1db6-4db4-9fcd-80219f5b2c0c;418.89;1.9335461;SELL
2016-03-04T00:50:32.467000;2016-03-04T00:50:32.563000;b719637e-8b55-4367-90d9-0f54dc4e94dd;418.88;0.23;SELL
2016-03-04T00:50:32.467000;2016-03-04T00:50:32.580000;dc7f4e86-f2e7-4634-a2f8-5d1e9dcfcd38;418.86;0.1122436;SELL
2016-03-04T00:50:32.467000;2016-03-04T00:50:32.580000;f4d45339-fc23-486d-8098-fa47f598a7b7;418.81;1.0;SELL
2016-03-04T00:50:32.467000;2016-03-04T00:50:32.580000;c357ec44-1e01-4298-914e-fa81a285cdcc;418.8;1.9335461;SELL
2016-03-04T00:50:32.467000;2016-03-04T00:50:32.580000;46848ca5-a088-463c-9ae4-3777dc31bfe7;418.72;7.2;SELL
2016-03-04T00:50:32.467000;2016-03-04T00:50:32.580000;40a292cc-b7e6-4005-ba13-bedb46aaafb4;418.71;1.9335461;SELL
2016-03-04T00:50:32.467000;2016-03-04T00:50:32.597000;8c03a134-0fe4-4375-a9e0-68811eb0fdd5;418.68;2.0;SELL
2016-03-04T00:50:32.467000;2016-03-04T00:50:32.597000;9cc3b963-9923-4ae8-8bf2-0f3fbc32c0dd;418.67;0.01;SELL
2016-03-04T00:50:32.467000;2016-03-04T00:50:32.597000;3832db6e-38ce-4ce2-a280-6118cd670044;418.63;0.20892802;SELL
2016-03-04T00:51:00.727000;2016-03-04T00:51:00.793000;6f62eaa6-0f2f-4092-97e7-8232ffa96eba;418.97;0.01;BUY
2016-03-04T00:51:00.727000;2016-03-04T00:51:00.793000;c616a1c7-c90d-44ca-9e90-6925814d5f0d;418.97;0.01;BUY
2016-03-04T00:51:00.727000;2016-03-04T00:51:00.813000;4746e5c6-606d-4a5f-a425-d7f747486243;418.97;0.2;BUY
2016-03-04T00:51:00.727000;2016-03-04T00:51:00.830000;b15d32df-e6d3-4382-9c93-039cc773d5e1;418.98;0.17361456;BUY
2016-03-04T00:51:00.727000;2016-03-04T00:51:00.830000;eb7247b8-7aba-46dc-b94e-e04c65bd11ec;418.98;0.4;BUY
2016-03-04T00:51:00.727000;2016-03-04T00:51:00.830000;c568a589-b060-4323-8d99-c04286fa5f50;418.99;0.03934825;BUY
2016-03-04T00:51:00.727000;2016-03-04T00:51:00.830000;43327482-6b75-42d7-aec8-2ab3a824cad1;418.99;0.01;BUY
2016-03-04T00:51:00.727000;2016-03-04T00:51:00.833000;beb932c0-3093-45a4-b769-495906dd3932;418.99;0.22055719;BUY
2016-03-04T00:51:00.787000;2016-03-04T00:51:00.853000;ad1a4703-fa38-4366-b9c5-33ca5474cfd2;418.99;0.57944281;BUY
2016-03-04T00:51:00.787000;2016-03-04T00:51:00.853000;34877256-30b8-4cee-842b-51eb2bf32c9a;419.0;0.1612524;BUY
2016-03-04T00:51:00.787000;2016-03-04T00:51:00.853000;0ace7999-7083-4de8-ba7d-1bc07104c34d;419.0;0.01;BUY
2016-03-04T00:51:00.787000;2016-03-04T00:51:00.853000;f3f6562a-d768-4bbb-b67f-4fe9eb4384a7;419.0;0.4;BUY
2016-03-04T00:51:00.787000;2016-03-04T00:51:00.890000;a677cb2e-1a6c-494c-b639-7469da8e362d;419.0;0.01;BUY
2016-03-04T00:51:00.787000;2016-03-04T00:51:00.907000;84a20efb-47dc-4732-9012-bf079a5f8107;419.0;0.25;BUY
2016-03-04T00:51:00.787000;2016-03-04T00:51:00.907000;be32f725-cd10-4f74-8f7d-61e392ba8fec;419.01;0.01;BUY
2016-03-04T00:51:00.787000;2016-03-04T00:51:00.907000;9b2fff08-cb93-4b07-bcad-55104de10e9e;419.01;0.01;BUY
2016-03-04T00:51:00.787000;2016-03-04T00:51:00.907000;e429466d-761b-4c86-8707-a24d67b521d7;419.01;0.8;BUY
2016-03-04T00:51:00.787000;2016-03-04T00:51:00.907000;1280db31-86a0-44bc-aab6-82b2f0fe6b15;419.02;0.01;BUY
2016-03-04T00:51:00.787000;2016-03-04T00:51:00.907000;0c28f642-1b2d-4915-b45e-2ee4d9e5a4c7;419.02;1.2;BUY
2016-03-04T00:51:00.787000;2016-03-04T00:51:00.907000;56edda30-986d-44ed-8995-933c11934385;419.02;0.01;BUY
2016-03-04T00:51:00.787000;2016-03-04T00:51:00.907000;0975c342-140c-4f67-bda9-6d07ad385363;419.02;0.01;BUY
2016-03-04T00:51:00.790000;2016-03-04T00:51:00.907000;b7de3ff2-d8f5-4140-8744-b6bef63efe56;419.03;0.04768;BUY
2016-03-04T00:51:00.790000;2016-03-04T00:51:00.907000;8cba8c19-f910-43fb-aaea-caf59a7f4112;419.04;1.6;BUY
2016-03-04T00:51:00.790000;2016-03-04T00:51:00.910000;0e923bb3-5f5e-41ec-b517-669f3377cc19;419.05;0.05;BUY
2016-03-04T00:51:00.790000;2016-03-04T00:51:00.923000;fc75d2b1-6b2e-4fa7-8881-f99add241742;419.05;1.6;BUY
2016-03-04T00:51:00.793000;2016-03-04T00:51:00.923000;5fd4efd9-fec3-4fb1-b144-43b060d6f333;419.06;0.1501;BUY
2016-03-04T00:51:00.793000;2016-03-04T00:51:00.923000;05af134c-e9d2-4b7e-8193-fc0b1dc3f6df;419.07;0.05396479;BUY
2016-03-04T00:51:13.947000;2016-03-04T00:51:13.990000;81457853-a5f6-45df-ba2f-af8c248bbbac;419.07;0.04;BUY
2016-03-04T00:51:21.483000;2016-03-04T00:51:21.537000;caec876b-59d3-44a9-8f83-e9860557e2f8;419.07;0.02;BUY
2016-03-04T00:51:33.400000;2016-03-04T00:51:33.470000;d3468e31-5922-4980-8f61-d5a8d9ce1efd;419.05;0.60422;BUY
2016-03-04T00:52:01.220000;2016-03-04T00:52:01.290000;0746268f-f2fe-471a-bfe1-90f6edb66c9f;418.89;0.01;SELL
2016-03-04T00:52:01.220000;2016-03-04T00:52:01.310000;71a77cce-3421-43af-8a94-54f54c00558d;418.89;0.01;SELL
2016-03-04T00:52:01.220000;2016-03-04T00:52:01.310000;0c7864be-f647-4058-894b-05e8887f2ec4;418.87;0.080928;SELL
2016-03-04T00:52:01.223000;2016-03-04T00:52:01.340000;30a75829-99b6-46cc-9505-b004dc097de5;418.86;0.01;SELL
2016-03-04T00:52:01.223000;2016-03-04T00:52:01.377000;125536bb-4d3b-465c-b15a-3622c71628fb;418.86;0.01;SELL
2016-03-04T00:52:01.223000;2016-03-04T00:52:01.377000;f3038a34-c5be-4aea-9c2f-5678a65ff33c;418.86;0.01;SELL
2016-03-04T00:52:01.223000;2016-03-04T00:52:01.377000;99c80b04-8daf-43f2-9c21-e6d624619c78;418.85;0.01;SELL
2016-03-04T00:52:01.223000;2016-03-04T00:52:01.377000;1057bbea-88ed-4055-9b27-6d5331912421;418.85;0.01;SELL
2016-03-04T00:52:01.223000;2016-03-04T00:52:01.377000;448b05d6-aabf-4942-9b19-d629fcaf2d95;418.85;0.01;SELL
2016-03-04T00:52:01.223000;2016-03-04T00:52:01.377000;105b5b5a-0fd4-4cd4-9445-e2ded8427e34;418.85;0.01;SELL
2016-03-04T00:52:01.223000;2016-03-04T00:52:01.377000;93fc189e-32f9-428d-b8bd-d02df6b7e622;418.85;0.01;SELL
2016-03-04T00:52:01.223000;2016-03-04T00:52:01.377000;1a69784f-fd1f-4b79-8563-30061dbe8532;418.84;0.01;SELL
2016-03-04T00:52:01.223000;2016-03-04T00:52:01.377000;504347b8-c5db-40aa-b2c1-337cb04b2710;418.84;0.01;SELL
2016-03-04T00:52:01.223000;2016-03-04T00:52:01.377000;27a1df44-3177-48be-ab19-024145e01624;418.84;0.01;SELL
2016-03-04T00:52:01.223000;2016-03-04T00:52:01.377000;fabaa82c-6ae3-4019-a040-4bd850ac2b3e;418.84;0.01;SELL
2016-03-04T00:52:01.223000;2016-03-04T00:52:01.390000;2a3e8952-65cb-40ba-ac7c-a773299c02a9;418.84;0.01;SELL
2016-03-04T00:52:01.223000;2016-03-04T00:52:01.390000;b1d01c7e-1e34-411e-b074-11e72627fdeb;418.84;0.01;SELL
2016-03-04T00:52:01.223000;2016-03-04T00:52:01.390000;576b0672-5a22-4662-be52-9412e6b4eda0;418.84;0.01;SELL
2016-03-04T00:52:01.223000;2016-03-04T00:52:01.390000;d4a8cc90-1e3c-404c-a70c-b0f7103cc2a0;418.84;0.05;SELL
2016-03-04T00:52:01.227000;2016-03-04T00:52:01.407000;a05dffb5-c5af-4ef7-b002-fcedb4f57efa;418.84;0.01;SELL
2016-03-04T00:52:01.227000;2016-03-04T00:52:01.423000;3d6d1fcc-3487-4999-9706-5145483fc446;418.84;0.01;SELL
2016-03-04T00:52:01.227000;2016-03-04T00:52:01.423000;465da354-060b-4fdd-92d6-32a9efcd0608;418.84;0.01;SELL
2016-03-04T00:52:01.227000;2016-03-04T00:52:01.423000;74250418-cad4-425d-ba69-1c02e43cbbd2;418.84;0.01;SELL
2016-03-04T00:52:01.227000;2016-03-04T00:52:01.423000;8de38774-52c7-4e21-af2f-03a3dec1c481;418.84;0.01;SELL
2016-03-04T00:52:01.227000;2016-03-04T00:52:01.423000;01bca6f5-e12b-45ae-9671-9b84e155142c;418.84;0.01;SELL
2016-03-04T00:52:01.227000;2016-03-04T00:52:01.437000;be5eeeaf-2000-4772-a89f-9429d40310ce;418.84;0.01;SELL
2016-03-04T00:52:01.227000;2016-03-04T00:52:01.467000;546fd5b7-851d-44b5-9af6-2ac3ed97d90a;418.83;0.01;SELL
2016-03-04T00:52:01.227000;2016-03-04T00:52:01.467000;f3db0567-efa5-4703-b8ab-fbd03b269af3;418.83;0.01;SELL
2016-03-04T00:52:01.227000;2016-03-04T00:52:01.467000;051c6a58-d7e6-44b1-bb65-fc10960a8cc2;418.83;0.01;SELL
2016-03-04T00:52:01.227000;2016-03-04T00:52:01.467000;10623b80-cc14-469f-9445-9b9feab43657;418.83;0.01;SELL
2016-03-04T00:52:01.227000;2016-03-04T00:52:01.467000;7925c014-dad9-46f1-9632-bc573efb3ca3;418.83;0.01;SELL
2016-03-04T00:52:01.227000;2016-03-04T00:52:01.467000;75f6ed4f-774d-4f28-988a-4169dd9ad868;418.83;0.01;SELL
2016-03-04T00:52:01.227000;2016-03-04T00:52:01.467000;01799a48-6f40-4eee-9c19-0e6bdadb43a3;418.83;0.01;SELL
2016-03-04T00:52:01.227000;2016-03-04T00:52:01.470000;3316d499-3fa3-4318-951a-cd4b860e6d3b;418.83;0.01;SELL
2016-03-04T00:52:01.227000;2016-03-04T00:52:01.470000;68124e29-cc9b-4020-bc0b-031a0332194a;418.83;0.01;SELL
2016-03-04T00:52:01.227000;2016-03-04T00:52:01.490000;7c86fe52-f7c9-4442-837e-f7c869473860;418.83;0.01;SELL
2016-03-04T00:52:01.230000;2016-03-04T00:52:01.490000;3e8eb8e9-9ee6-4b3c-8c12-8091ef665d8d;418.83;0.01;SELL
2016-03-04T00:52:01.230000;2016-03-04T00:52:01.490000;ba4e73d9-e43d-49ee-ab00-2de162c86165;418.83;0.01;SELL
2016-03-04T00:52:01.230000;2016-03-04T00:52:01.493000;c6189f32-90be-4f39-8869-235220c1fc90;418.82;0.01;SELL
2016-03-04T00:52:01.230000;2016-03-04T00:52:01.527000;1ac8786e-792e-401e-b060-221577152193;418.82;0.01;SELL
2016-03-04T00:52:01.230000;2016-03-04T00:52:01.527000;236257fb-8572-4802-85a9-3aa6755c6604;418.82;0.01;SELL
2016-03-04T00:52:01.230000;2016-03-04T00:52:01.527000;2ea3733e-f5b0-4da4-85d4-780c5a901dcf;418.82;0.01;SELL
2016-03-04T00:52:01.230000;2016-03-04T00:52:01.527000;823e2eed-afbe-4540-975d-bdfc6ef3cac4;418.82;0.01;SELL
2016-03-04T00:52:01.230000;2016-03-04T00:52:01.527000;24a8cec4-cd23-401e-8f8f-825720ef24a2;418.82;0.01;SELL
2016-03-04T00:52:01.230000;2016-03-04T00:52:01.527000;b14ce20d-7a0a-40af-89fb-3e16100b9479;418.82;0.01;SELL
2016-03-04T00:52:01.230000;2016-03-04T00:52:01.527000;efae4f8b-33de-4a1d-86d3-f98dd1ed69b3;418.82;0.01;SELL
2016-03-04T00:52:01.230000;2016-03-04T00:52:01.527000;0f19f1fb-08d0-4072-b22e-8fb755f9af7d;418.82;0.01;SELL
2016-03-04T00:52:01.230000;2016-03-04T00:52:01.527000;5d5b23ef-a07a-4b3f-894a-75a3fc3bb7a8;418.82;0.01;SELL
2016-03-04T00:52:01.230000;2016-03-04T00:52:01.527000;1eb04ce5-36f1-48ba-9bfc-ea025f93b788;418.82;0.01;SELL
2016-03-04T00:52:01.230000;2016-03-04T00:52:01.527000;a7c9a9b2-1701-4cff-a102-a35af2ce91c9;418.82;0.01;SELL
2016-03-04T00:52:01.230000;2016-03-04T00:52:01.550000;282c9fe8-f348-437a-b21c-e88574b7913d;418.81;0.01;SELL
2016-03-04T00:52:01.230000;2016-03-04T00:52:01.580000;d862095d-8f3f-41a1-9711-9c6c59601ef8;418.81;0.01;SELL
2016-03-04T00:52:01.233000;2016-03-04T00:52:01.580000;e9e69123-6c3a-4135-b632-e561196f35b1;418.81;0.01;SELL
2016-03-04T00:52:01.233000;2016-03-04T00:52:01.580000;c68f11b8-9bfc-4500-86e7-21cb5a6f3afb;418.81;0.01;SELL
2016-03-04T00:52:01.233000;2016-03-04T00:52:01.580000;f094835a-6381-4042-aa80-eb4a745fae69;418.81;0.01;SELL
2016-03-04T00:52:01.233000;2016-03-04T00:52:01.580000;fbfc1cac-3b3e-485f-ae76-02737e87da3c;418.81;0.01;SELL
2016-03-04T00:52:01.233000;2016-03-04T00:52:01.580000;a8245525-00ea-47ad-86a0-80cf38ce45e6;418.81;0.01;SELL
2016-03-04T00:52:01.233000;2016-03-04T00:52:01.580000;07f9a102-9fe1-4dd5-8505-4c731086294a;418.81;0.01;SELL
2016-03-04T00:52:01.233000;2016-03-04T00:52:01.580000;a0bd9db6-31fe-42b2-a193-cc0822cc5f57;418.81;0.01;SELL
2016-03-04T00:52:01.233000;2016-03-04T00:52:01.580000;18c8dd89-9871-49b3-8488-584566d8fa1c;418.81;0.01;SELL
2016-03-04T00:52:01.233000;2016-03-04T00:52:01.593000;f5e4ba7f-6889-4f22-9dd7-6bd2a09b9911;418.81;0.01;SELL
2016-03-04T00:52:01.233000;2016-03-04T00:52:01.593000;fd83dfc1-7a25-4251-af34-bc0d8de26d78;418.81;0.01;SELL
2016-03-04T00:52:01.233000;2016-03-04T00:52:01.593000;e37a0cd9-db8b-442b-a63d-d387beccb1f8;418.81;0.01;SELL
2016-03-04T00:52:01.233000;2016-03-04T00:52:01.593000;666a362d-fd5c-4c18-9f42-6680c2bf5fa3;418.81;0.01;SELL
2016-03-04T00:52:01.233000;2016-03-04T00:52:01.613000;ee95581d-e352-4af4-97e8-6d8dea0e0179;418.81;0.01;SELL
2016-03-04T00:52:01.233000;2016-03-04T00:52:01.640000;1ae4425b-bb38-4250-a7f7-37e1ff741d6c;418.81;0.01;SELL
2016-03-04T00:52:01.233000;2016-03-04T00:52:01.673000;026b4f3d-45ce-4bbb-bd88-120beeabdab8;418.81;0.01;SELL
2016-03-04T00:52:01.233000;2016-03-04T00:52:01.693000;cb2b912c-dd34-4c9f-b959-9defa82cf757;418.81;0.01;SELL
2016-03-04T00:52:01.233000;2016-03-04T00:52:01.693000;56397ed6-6c5e-4c1e-84f7-9f58f8bf6dd2;418.81;0.01;SELL
2016-03-04T00:52:01.237000;2016-03-04T00:52:01.693000;54ea8118-201a-4e4e-8b9c-edc5afea08ea;418.81;0.01;SELL
2016-03-04T00:52:01.237000;2016-03-04T00:52:01.693000;99446ae0-8b2a-49b6-920b-ce6f8259cd26;418.81;0.01;SELL
2016-03-04T00:52:01.237000;2016-03-04T00:52:01.693000;55ef60e4-348f-456b-afe9-1d7008fd9233;418.81;0.01;SELL
2016-03-04T00:52:01.237000;2016-03-04T00:52:01.693000;2161e550-2daa-4bb7-a388-9da5d020638b;418.8;0.01;SELL
2016-03-04T00:52:01.237000;2016-03-04T00:52:01.693000;b59a3a4a-cef7-4aa6-85c0-631a359c94f9;418.8;0.01;SELL
2016-03-04T00:52:01.237000;2016-03-04T00:52:01.693000;a8a3581f-9b14-43ca-8b31-4368bbdb314a;418.8;0.01;SELL
2016-03-04T00:52:01.237000;2016-03-04T00:52:01.693000;dd6de778-8e96-44a6-9a16-8ec947282f0f;418.8;0.01;SELL
2016-03-04T00:52:01.237000;2016-03-04T00:52:01.693000;86eac783-acf8-4a3d-8493-753cd0e2c86b;418.8;0.01;SELL
2016-03-04T00:52:01.237000;2016-03-04T00:52:01.693000;9e676c30-bb60-4e9a-8241-020d714a4461;418.8;0.01;SELL
2016-03-04T00:52:01.237000;2016-03-04T00:52:01.693000;4fa03e8a-707b-44ce-86e6-eea68cca36fd;418.8;0.01;SELL
2016-03-04T00:52:01.237000;2016-03-04T00:52:01.693000;d11e0d42-dc86-432c-9f10-fda3da1cd9a9;418.8;0.01;SELL
2016-03-04T00:52:01.237000;2016-03-04T00:52:01.693000;58792b74-63ed-4057-85f3-9a36f65f03f4;418.8;0.01;SELL
2016-03-04T00:52:01.237000;2016-03-04T00:52:01.693000;735dd48f-6c65-45ab-8473-ce755d8097c2;418.79;0.01;SELL
2016-03-04T00:52:01.237000;2016-03-04T00:52:01.693000;d6cfe877-56eb-494d-9fa9-03953fb5af83;418.79;0.01;SELL
2016-03-04T00:52:01.237000;2016-03-04T00:52:01.693000;b562e92e-613e-439a-ad13-59a2194e39fb;418.79;0.01;SELL
2016-03-04T00:52:01.237000;2016-03-04T00:52:01.693000;395abcea-d9d2-466e-9db0-3ef17cb9798b;418.79;0.01;SELL
2016-03-04T00:52:01.237000;2016-03-04T00:52:01.693000;1cb7e452-888f-4f47-af9d-297f31f5e149;418.78;0.01;SELL
2016-03-04T00:52:01.240000;2016-03-04T00:52:01.710000;feaccafe-1680-4933-8990-ab86c2f32523;418.78;0.01;SELL
2016-03-04T00:52:01.240000;2016-03-04T00:52:01.710000;6f6bf324-78f9-456f-8315-b7f0e354fe0a;418.78;0.01;SELL
2016-03-04T00:52:01.240000;2016-03-04T00:52:01.710000;dd944158-e243-4fe8-9412-04a76561cf0e;418.77;0.01;SELL
2016-03-04T00:52:01.240000;2016-03-04T00:52:01.710000;9af01329-47cc-41a5-9555-92f14a049f1c;418.77;0.01;SELL
2016-03-04T00:52:01.240000;2016-03-04T00:52:01.710000;c2e7b3b5-a4a6-4ea2-90eb-a876454f04d2;418.77;0.01;SELL
2016-03-04T00:52:01.240000;2016-03-04T00:52:01.730000;e7b08bb2-e86d-4f80-877e-a283c2db1514;418.77;0.01;SELL
2016-03-04T00:52:01.240000;2016-03-04T00:52:01.733000;6f8c50e5-f565-4b9e-9f43-b51012f1c2c2;418.76;0.01;SELL
2016-03-04T00:52:01.240000;2016-03-04T00:52:01.733000;3294ebda-642a-434d-b7ed-5924004da121;418.76;0.01;SELL
2016-03-04T00:52:01.240000;2016-03-04T00:52:01.733000;022d3e22-4d91-4f68-8944-fb73da8d1509;418.76;0.01;SELL
2016-03-04T00:52:01.240000;2016-03-04T00:52:01.733000;ad2b8e85-30db-4635-ae31-873efa68fd6b;418.76;0.01;SELL
2016-03-04T00:52:01.240000;2016-03-04T00:52:01.747000;ae8fbb72-3d33-4f28-b368-62ca6b407bdd;418.75;0.01;SELL
2016-03-04T00:52:01.240000;2016-03-04T00:52:01.747000;5cca7e57-8d0c-484e-ad31-674c8e96dbd9;418.75;0.01;SELL
2016-03-04T00:52:01.240000;2016-03-04T00:52:01.763000;f24cfdec-adfc-41dd-91a7-744b4c8dbdef;418.74;0.01;SELL
2016-03-04T00:52:01.240000;2016-03-04T00:52:01.763000;ef900063-9d24-49d0-b646-0b43149097e0;418.74;0.01;SELL
2016-03-04T00:52:01.240000;2016-03-04T00:52:01.763000;e7c74d70-8bcb-435c-878d-c52822b6b32e;418.73;0.01;SELL
2016-03-04T00:52:01.240000;2016-03-04T00:52:01.763000;95a83445-3129-4aea-8de4-6e3549839d3d;418.73;0.01;SELL
2016-03-04T00:52:01.243000;2016-03-04T00:52:01.763000;c2a88242-f092-4b20-a856-545234910312;418.73;0.01;SELL
2016-03-04T00:52:01.243000;2016-03-04T00:52:01.763000;7d8275d1-d2fa-48a9-97ec-e676b0bc2643;418.73;0.01;SELL
2016-03-04T00:52:01.243000;2016-03-04T00:52:01.780000;17a5402a-5781-4c27-bbfa-b741c4df2186;418.72;0.01;SELL
2016-03-04T00:52:01.243000;2016-03-04T00:52:01.780000;8f9a90c0-ddd2-42c7-8b7a-a69a61459575;418.72;0.01;SELL
2016-03-04T00:52:01.243000;2016-03-04T00:52:01.780000;f276de84-0987-4d6e-bf0c-e5449300b687;418.72;0.01;SELL
2016-03-04T00:52:01.243000;2016-03-04T00:52:01.780000;56c53ffc-9ad5-45e8-98e6-0ff01c6dafe5;418.71;0.1551727;SELL
2016-03-04T00:52:01.243000;2016-03-04T00:52:01.780000;f2f57ab1-9e4d-4673-9bf9-03d9f03de31a;418.7;0.01;SELL
2016-03-04T00:52:01.243000;2016-03-04T00:52:01.780000;89b9b488-bc72-43e8-9639-876baf86f824;418.7;0.01;SELL
2016-03-04T00:52:01.243000;2016-03-04T00:52:01.780000;788a2de1-b34b-4862-873e-6769acf0f679;418.7;0.01;SELL
2016-03-04T00:52:01.243000;2016-03-04T00:52:01.780000;bbc1774e-2070-45ea-814b-e094b2151edd;418.69;0.01;SELL
2016-03-04T00:52:01.243000;2016-03-04T00:52:01.800000;ec958584-5d72-42f0-bc6d-2bf147ab9a20;418.68;0.01;SELL
2016-03-04T00:52:01.243000;2016-03-04T00:52:01.827000;6c1fa324-bb30-4161-bb8f-c9468458dcd1;418.68;0.01;SELL
2016-03-04T00:52:01.243000;2016-03-04T00:52:01.827000;ea0ddf4f-aac2-4887-a87a-eb95d87dd18a;418.68;0.01;SELL
2016-03-04T00:52:01.243000;2016-03-04T00:52:01.827000;4254ea52-5aaa-47ca-9fc6-31b6dc386d1b;418.68;0.01;SELL
2016-03-04T00:52:01.243000;2016-03-04T00:52:01.827000;f6a5094a-ecc8-4771-ae7c-5ad28bc638cb;418.67;1.0;SELL
2016-03-04T00:52:01.243000;2016-03-04T00:52:01.827000;bbc122f5-38a4-413a-9737-c4cf87a78f3c;418.66;0.01;SELL
2016-03-04T00:52:01.243000;2016-03-04T00:52:01.827000;39b8048f-1049-4240-95b8-6930ddcd32ff;418.66;0.01;SELL
2016-03-04T00:52:01.247000;2016-03-04T00:52:01.827000;9584c906-28bf-476f-8068-c0be460a3b7f;418.66;0.01;SELL
2016-03-04T00:52:01.247000;2016-03-04T00:52:01.827000;3b86449f-db04-4c7a-b690-81fce19514b9;418.66;1.0;SELL
2016-03-04T00:52:01.247000;2016-03-04T00:52:01.827000;218507f6-4224-4ea4-a050-366c31094742;418.65;0.01;SELL
2016-03-04T00:52:01.247000;2016-03-04T00:52:01.843000;c72ea0cd-e9ec-4eaa-ba02-61176e7bcf6f;418.65;0.01;SELL
2016-03-04T00:52:01.247000;2016-03-04T00:52:01.843000;9cf8e635-b8ae-496a-88d8-309dc2289655;418.65;0.01;SELL
2016-03-04T00:52:01.247000;2016-03-04T00:52:01.843000;de7adccb-c1ee-41c4-83a9-cd46ddbacb9d;418.65;0.01;SELL
2016-03-04T00:52:01.247000;2016-03-04T00:52:01.867000;3cfbeedc-fe5b-4bda-8dcb-01c73e9e65c0;418.64;1.3573693;SELL
2016-03-04T00:52:24.530000;2016-03-04T00:52:24.567000;527637be-1a5a-419f-9fb2-22df803ccd26;418.89;0.04;BUY
2016-03-04T00:52:30.863000;2016-03-04T00:52:30.900000;25855f0a-4e25-451f-942b-53cf2cdc9524;418.89;2.26818;BUY
2016-03-04T00:53:00.827000;2016-03-04T00:53:01.023000;c5586311-4b32-4d76-8206-1523cffb9307;418.81;0.01;SELL
2016-03-04T00:53:00.827000;2016-03-04T00:53:01.023000;797545b1-38ae-4827-bfbe-b1d784c4d333;418.8;1.00218;SELL
2016-03-04T00:53:30.830000;2016-03-04T00:53:30.877000;657a0b7a-1c8e-411e-9dbb-8b24f4148152;418.89;0.46312;BUY
2016-03-04T00:54:03.853000;2016-03-04T00:54:03.883000;d853906e-0d71-42cc-b070-9f53d5e31859;418.89;0.4;BUY
2016-03-04T00:54:03.853000;2016-03-04T00:54:03.900000;10b9ee05-607c-471c-b942-db48e580af5b;418.9;0.25904;BUY
2016-03-04T00:54:12.133000;2016-03-04T00:54:12.187000;8d050e5e-7f46-496e-baed-439dee5bd46c;418.89;0.04;BUY
2016-03-04T00:54:30.977000;2016-03-04T00:54:31.033000;770097c8-8d39-471c-a92c-16c3d8a5a94a;418.9;0.14096;BUY
2016-03-04T00:54:30.977000;2016-03-04T00:54:31.033000;ab20e8d7-ed8c-4b94-a98a-d382a5aeccec;418.9;0.482;BUY
2016-03-04T00:54:30.977000;2016-03-04T00:54:31.033000;7067e135-9de6-49d6-8cb6-7ae5e3640700;418.91;0.5767;BUY
2016-03-04T00:55:04.670000;2016-03-04T00:55:04.703000;5d52500f-ed94-4d3e-97d8-172e339054bb;418.92;2.61638;BUY
2016-03-04T00:55:30.867000;2016-03-04T00:55:30.897000;900746a4-0776-40d0-a5ea-000aa0beb4e3;418.88;0.27426;BUY
2016-03-04T00:56:01.047000;2016-03-04T00:56:01.087000;77353389-4dbe-48b2-89f5-231a7a2d4743;418.79;0.19;SELL
2016-03-04T00:56:01.047000;2016-03-04T00:56:01.100000;5e9b9111-9657-43fe-8b2a-b178396b699c;418.78;1.05552;SELL
2016-03-04T00:56:31.893000;2016-03-04T00:56:31.923000;e93bd355-dd4a-4749-a7e9-9c3e53bab3a0;418.88;0.0353851;BUY
2016-03-04T00:56:31.893000;2016-03-04T00:56:31.963000;0ea0d53b-fed6-4d8f-86cb-2769e4282a25;418.88;0.085;BUY
2016-03-04T00:56:31.893000;2016-03-04T00:56:31.963000;1c777d9e-b776-4a7d-9d33-21e3a3889686;418.88;0.18;BUY
2016-03-04T00:56:31.893000;2016-03-04T00:56:31.963000;e011d73c-998f-413d-84e2-e680aff19575;418.9;0.05;BUY
2016-03-04T00:56:31.897000;2016-03-04T00:56:31.963000;441886ac-699c-442b-a032-607344a31e04;418.91;0.10291054;BUY
2016-03-04T00:56:31.897000;2016-03-04T00:56:32.013000;ac9ec41f-bd82-4478-9d80-b6964f36ec44;418.93;0.01;BUY
2016-03-04T00:56:31.897000;2016-03-04T00:56:32.013000;05c524a3-6ac0-46e2-9568-28a9eba11c5b;418.93;0.01;BUY
2016-03-04T00:56:31.897000;2016-03-04T00:56:32.013000;c88ab506-fcbd-4e25-8611-12eb56f09a6a;418.93;0.01;BUY
2016-03-04T00:56:31.897000;2016-03-04T00:56:32.013000;b2b244bd-f704-457b-ac37-c2b3b2bc354b;418.93;0.01;BUY
2016-03-04T00:56:31.897000;2016-03-04T00:56:32.013000;6658a39c-8f82-4ad4-85ea-08b25d50085a;418.93;0.01;BUY
2016-03-04T00:56:31.897000;2016-03-04T00:56:32.030000;aacb8d0b-accd-437d-af70-72cb92814bb0;418.93;0.01;BUY
2016-03-04T00:56:31.897000;2016-03-04T00:56:32.030000;e22ad63a-e267-42cb-959f-a230fcfdbd6d;418.93;0.01;BUY
2016-03-04T00:56:31.897000;2016-03-04T00:56:32.030000;ee798b4f-2359-4dbd-8a4c-507688532019;418.93;0.083;BUY
2016-03-04T00:56:31.897000;2016-03-04T00:56:32.030000;78bd4cae-ecd8-4029-b713-ccdcdcd65422;418.93;0.27972436;BUY
2016-03-04T00:56:34.143000;2016-03-04T00:56:34.180000;ac7403dc-1143-401a-be06-052933a83da4;418.79;1.6;SELL
2016-03-04T00:56:34.143000;2016-03-04T00:56:34.193000;cb19f714-1adb-40b5-9190-b7fc222be594;418.78;7.2054701;SELL
2016-03-04T00:56:34.143000;2016-03-04T00:56:34.193000;d58009fb-3c8a-4d8e-95e4-61d7b48c7b27;418.77;0.30669;SELL
2016-03-04T00:56:34.143000;2016-03-04T00:56:34.210000;bde6e260-0bc7-4bc7-87fe-fe40af19e731;418.76;0.2333894;SELL
2016-03-04T00:56:34.147000;2016-03-04T00:56:34.227000;af4a98ad-a772-40b7-880d-72983e728c32;418.75;0.079;SELL
2016-03-04T00:56:34.147000;2016-03-04T00:56:34.227000;cb044e58-fc54-49b5-a95a-88f4221e0a28;418.74;0.01;SELL
2016-03-04T00:56:34.147000;2016-03-04T00:56:34.227000;53df81d3-c722-4567-94ef-e07e24b1accf;418.74;0.01;SELL
2016-03-04T00:56:34.147000;2016-03-04T00:56:34.227000;0971bd46-ae89-44ad-b830-716c9298a18d;418.74;0.21;SELL
2016-03-04T00:56:34.147000;2016-03-04T00:56:34.227000;4864a1fb-2899-46a2-9cd2-603194b379f0;418.74;0.01;SELL
2016-03-04T00:56:34.147000;2016-03-04T00:56:34.240000;92d53392-123e-4ed1-995c-153ddff536af;418.74;0.01;SELL
2016-03-04T00:56:34.147000;2016-03-04T00:56:34.240000;6aa6f1bd-588b-4558-9fff-dfe8842d9c23;418.74;0.01;SELL
2016-03-04T00:56:34.147000;2016-03-04T00:56:34.243000;74773451-8ec3-455b-95ba-d651202681a1;418.73;0.01;SELL
2016-03-04T00:56:34.147000;2016-03-04T00:56:34.243000;53d72f63-f906-46ec-b27d-09f73ba79d02;418.73;0.01;SELL
2016-03-04T00:56:34.147000;2016-03-04T00:56:34.243000;998699bb-4ac4-4c02-9172-594c40c9b64d;418.73;0.01;SELL
2016-03-04T00:56:34.147000;2016-03-04T00:56:34.243000;9aa7e13e-1943-46f8-96a9-d69f92f3d6e0;418.73;0.01;SELL
2016-03-04T00:56:34.147000;2016-03-04T00:56:34.257000;288ea02e-ec63-4e60-9193-43da52279f6e;418.73;0.01;SELL
2016-03-04T00:56:34.147000;2016-03-04T00:56:34.280000;df730c41-3a02-4b13-8269-1a070ffffc3f;418.72;0.13999727;SELL
2016-03-04T00:56:34.147000;2016-03-04T00:56:34.280000;9dc2178a-140c-4148-bab5-22fa4e5fdb3d;418.67;1.6;SELL
2016-03-04T00:56:34.147000;2016-03-04T00:56:34.280000;df308d9e-2f8f-4697-82ce-4d9382d6acac;418.66;0.01;SELL
2016-03-04T00:56:34.147000;2016-03-04T00:56:34.280000;90c856a5-7fe4-48a3-9e0e-fdf3b70e48a3;418.66;1.0;SELL
2016-03-04T00:56:34.147000;2016-03-04T00:56:34.280000;d4104e53-39f3-4169-ada9-8adad159ab01;418.66;0.05;SELL
2016-03-04T00:56:34.150000;2016-03-04T00:56:34.280000;7f00b172-e65f-42c0-8c19-a9861b65f525;418.65;0.611;SELL
2016-03-04T00:56:34.150000;2016-03-04T00:56:34.280000;cb45edea-2e51-4785-8a4e-69e7cc69428f;418.64;1.4;SELL
2016-03-04T00:56:34.150000;2016-03-04T00:56:34.280000;eb410de6-706d-4d5c-bf37-55696a1e5c51;418.63;0.01;SELL
2016-03-04T00:56:34.150000;2016-03-04T00:56:34.280000;5a2aab87-eb05-4d83-87c5-2c6b39dae417;418.63;1.2;SELL
2016-03-04T00:56:34.150000;2016-03-04T00:56:34.293000;38709464-f221-4fbc-a37e-753267cfe754;418.62;1.9335461;SELL
2016-03-04T00:56:34.150000;2016-03-04T00:56:34.293000;752fb084-da22-4a00-96a3-cccbbeb0d119;418.6;0.01923499;SELL
2016-03-04T00:56:34.150000;2016-03-04T00:56:34.293000;0c79fe3a-a2e1-455e-8026-bbc9e8c36876;418.54;3.6;SELL
2016-03-04T00:56:34.150000;2016-03-04T00:56:34.293000;9b2e20fe-7b5f-4d55-b528-8c54e138d129;418.53;0.01;SELL
2016-03-04T00:56:34.150000;2016-03-04T00:56:34.293000;8c13e187-9a63-4161-a9ff-14c17883229d;418.53;0.61;SELL
2016-03-04T00:56:34.150000;2016-03-04T00:56:34.320000;194d148f-17b4-4dfc-b994-bd453f6b2b20;418.41;4.6;SELL
2016-03-04T00:56:34.150000;2016-03-04T00:56:34.320000;ec780df9-8d0d-491e-ab48-bae1eb5908cc;418.4;0.01924489;SELL
2016-03-04T00:56:34.150000;2016-03-04T00:56:34.320000;0090badf-2eb1-4a97-b80f-cb5049d9813b;418.36;2.2;SELL
2016-03-04T00:56:34.150000;2016-03-04T00:56:34.320000;fee0ed25-7470-4dd3-b08e-da57264bbe3d;418.35;7.459;SELL
2016-03-04T00:56:34.150000;2016-03-04T00:56:34.320000;fe3af7d3-1dc6-4e6a-ba79-af8d9c6de847;418.33;3.79342725;SELL
2016-03-04T00:57:01.510000;2016-03-04T00:57:01.553000;7484265a-885f-4279-82e6-30eb18358a7a;418.75;0.01;SELL
2016-03-04T00:57:01.510000;2016-03-04T00:57:01.570000;7c803886-83c1-44c3-9160-baa19394bd5d;418.74;0.01;SELL
2016-03-04T00:57:01.510000;2016-03-04T00:57:01.570000;a5b165b9-2598-404b-a6fd-737dcc85b912;418.73;0.09503;SELL
2016-03-04T00:57:22.560000;2016-03-04T00:57:22.607000;f1d8c37f-bd9b-4459-a1e7-15ecfdfabcaa;418.73;0.6;SELL
2016-03-04T00:57:22.560000;2016-03-04T00:57:22.607000;745f2f27-4c70-46b6-9a45-6ec965852977;418.72;0.20223579;SELL
2016-03-04T00:57:22.563000;2016-03-04T00:57:22.607000;00c354bb-347e-4969-b994-7e4c1ae91304;418.72;0.4;SELL
2016-03-04T00:57:22.563000;2016-03-04T00:57:22.630000;3f0caa5a-2a46-4115-9898-8bb6bf203411;418.71;0.54751;SELL
2016-03-04T00:57:22.563000;2016-03-04T00:57:22.630000;2757654a-18de-41e2-9fc3-a915681996ad;418.71;0.077;SELL
2016-03-04T00:57:22.563000;2016-03-04T00:57:22.630000;0d93f5cc-1d4a-4214-b7ab-14c027c7395b;418.7;0.22423;SELL
2016-03-04T00:57:22.563000;2016-03-04T00:57:22.630000;7bbc06b9-6956-482f-aa04-5a766e0f5c0b;418.69;0.01;SELL
2016-03-04T00:57:22.563000;2016-03-04T00:57:22.630000;b44f2af6-cc31-4895-83fb-afb71fed5277;418.68;0.0801;SELL
2016-03-04T00:57:22.563000;2016-03-04T00:57:22.647000;db8a8df0-db8a-47ed-9c52-d481a2833551;418.56;16.86;SELL
2016-03-04T00:57:22.563000;2016-03-04T00:57:22.647000;ca33591e-67dd-4ce4-b677-a49cc8799278;418.55;0.111;SELL
2016-03-04T00:57:22.563000;2016-03-04T00:57:22.667000;ce8e18d3-33fb-4599-b2ba-fdb69c9e6277;418.54;3.6;SELL
2016-03-04T00:57:22.563000;2016-03-04T00:57:22.667000;47d79cab-1a71-497b-b75c-9ada1ea6797e;418.53;0.01;SELL
2016-03-04T00:57:22.563000;2016-03-04T00:57:22.667000;3fc21bb2-0d6b-4aaa-b263-2a60a1ab66d8;418.47;5.2;SELL
2016-03-04T00:57:22.563000;2016-03-04T00:57:22.667000;cfaf2e59-7bfa-421b-bc06-895efd30b68c;418.46;0.05;SELL
2016-03-04T00:57:22.563000;2016-03-04T00:57:22.667000;edf1f8ff-934f-49ae-b0fd-33787b674ff8;418.43;2.0;SELL
2016-03-04T00:57:22.563000;2016-03-04T00:57:22.667000;01030c6e-fced-431f-92be-bbaf4b982287;418.42;0.54;SELL
2016-03-04T00:57:22.563000;2016-03-04T00:57:22.680000;526862c4-5b12-4490-b030-ff57ec359f25;418.42;4.43;SELL
2016-03-04T00:57:22.563000;2016-03-04T00:57:22.680000;a5649a01-5078-4108-bae2-1094d17fbd31;418.36;5.05792421;SELL
2016-03-04T00:57:32.807000;2016-03-04T00:57:32.840000;e33a537e-a0f0-4e3c-910d-2d48740912ab;418.81;0.37088;BUY
2016-03-04T00:58:01.730000;2016-03-04T00:58:01.827000;f36373f6-4354-4218-85c0-5beeaa4ebf88;418.76;0.01;SELL
2016-03-04T00:58:01.730000;2016-03-04T00:58:01.827000;0e7393b0-fcd8-43c9-8320-16f7ba906ff1;418.74;0.09805529;SELL
2016-03-04T00:58:01.730000;2016-03-04T00:58:01.827000;84b9a835-3b21-4c8c-a274-995807c81123;418.73;0.088;SELL
2016-03-04T00:58:01.730000;2016-03-04T00:58:01.827000;1ecaf9f7-bd13-478d-9c84-346a33634e10;418.68;0.075;SELL
2016-03-04T00:58:01.730000;2016-03-04T00:58:01.830000;2a4cbf2e-d324-4b6a-ac95-6c41cdbeccbc;418.52;2.49363471;SELL
2016-03-04T00:58:03.393000;2016-03-04T00:58:03.480000;a35cf2e1-b477-49b9-aa64-4d42d68adad2;418.54;0.01;SELL
2016-03-04T00:58:03.393000;2016-03-04T00:58:03.480000;fe4d7de2-5a26-45be-a7e7-8fbda8040f58;418.53;0.01;SELL
2016-03-04T00:58:03.393000;2016-03-04T00:58:03.480000;4b2b1fb0-5f3f-4b39-b576-105e0e8f5cd4;418.52;6.90636529;SELL
2016-03-04T00:58:03.393000;2016-03-04T00:58:03.480000;a9597334-926e-4fff-a5ea-060b644e8c84;418.51;4.55;SELL
2016-03-04T00:58:03.393000;2016-03-04T00:58:03.500000;6b674f8e-ce58-40b8-bd1b-fc85ff4d941d;418.5;0.04250482;SELL
2016-03-04T00:58:03.393000;2016-03-04T00:58:03.500000;6794b798-ef1a-4ab8-8799-ae07171f919f;418.48;0.01;SELL
2016-03-04T00:58:03.393000;2016-03-04T00:58:03.500000;aa5fb5b3-851c-49ef-85b9-af73d41389cd;418.41;2.38;SELL
2016-03-04T00:58:03.393000;2016-03-04T00:58:03.500000;81ba3faf-0d42-4610-943c-29a27a910a50;418.4;0.03;SELL
2016-03-04T00:58:03.393000;2016-03-04T00:58:03.517000;f71da5ff-33fd-45e9-a36f-efbdf8287fa2;418.37;2.6;SELL
2016-03-04T00:58:03.393000;2016-03-04T00:58:03.517000;989d2d8a-9fff-4c5b-8812-6d73fbb8a089;418.36;2.41207579;SELL
2016-03-04T00:58:03.393000;2016-03-04T00:58:03.517000;374a3643-0720-4bc9-833d-71f6fa1776c3;418.35;5.982;SELL
2016-03-04T00:58:03.397000;2016-03-04T00:58:03.517000;1433cb5c-550a-41b7-b05f-539ad000e119;418.33;5.0670541;SELL
2016-03-04T00:58:30.913000;2016-03-04T00:58:31.003000;7c951ced-f3e1-4d06-a9ba-13e020c5e2e9;418.69;1.03619;BUY
2016-03-04T00:58:34.603000;2016-03-04T00:58:34.673000;7050c24c-5d32-49fb-8250-0f597e099097;418.67;0.03;BUY
2016-03-04T00:59:01.003000;2016-03-04T00:59:01.067000;0e02d5d5-6581-4113-a2be-44a7d2ced0b5;418.69;4.12902;BUY
2016-03-04T00:59:31.697000;2016-03-04T00:59:31.760000;b843c606-37c2-48b9-8af7-31e70c566555;418.62;0.01;SELL
2016-03-04T00:59:31.697000;2016-03-04T00:59:31.777000;acc36532-4e0e-4df6-9f0a-97dce20c1828;418.61;0.073923;SELL
2016-03-04T00:59:31.697000;2016-03-04T00:59:31.803000;b3eeec5c-c307-4429-b7f9-6a3cfdf2152a;418.61;0.0964858;SELL
2016-03-04T00:59:31.697000;2016-03-04T00:59:31.843000;f9a5340b-b9f5-41e0-bede-bba74a19b46b;418.61;0.074;SELL
2016-03-04T00:59:31.697000;2016-03-04T00:59:31.857000;1246d4e2-2a85-49c2-945b-349d3cfc8c67;418.59;0.0326812;SELL
2016-03-04T00:59:36.960000;2016-03-04T00:59:37.090000;bbb631f7-66d5-48cf-9ec2-5c88272c0444;418.69;0.35;BUY
2016-03-04T01:01:00.910000;2016-03-04T01:01:00.967000;c02d9cae-d587-4311-9179-e6367936c0ea;418.6;0.01;SELL
2016-03-04T01:01:00.910000;2016-03-04T01:01:00.980000;6783c23c-89a2-489c-9ffe-778d0e998915;418.59;0.096;SELL
2016-03-04T01:01:00.913000;2016-03-04T01:01:00.997000;a30357f4-b6b7-4d07-8fe6-6a812be6b1fe;418.57;0.07389;SELL
2016-03-04T01:02:01.410000;2016-03-04T01:02:01.460000;99f99ee0-f138-4718-b365-e87f5e69d5a8;418.59;0.26316;BUY
2016-03-04T01:02:11.520000;2016-03-04T01:02:11.577000;40d7409e-28f0-489e-baa4-5d7dc592d8f8;418.56;0.01;SELL
2016-03-04T01:02:11.520000;2016-03-04T01:02:11.610000;a189f72a-8445-478e-a787-12d4dd192663;418.55;0.084234;SELL
2016-03-04T01:02:11.523000;2016-03-04T01:02:11.610000;b3c4c7e7-7e73-4876-8aff-e399659a235e;418.55;0.47188585;SELL
2016-03-04T01:02:11.523000;2016-03-04T01:02:11.610000;d126756c-0997-4288-8a3a-8dd118dfe53d;418.54;0.36133379;SELL
2016-03-04T01:02:11.523000;2016-03-04T01:02:11.610000;70ae6b54-f1ea-4df3-850b-189da19e7e15;418.53;0.052297;SELL
2016-03-04T01:02:11.523000;2016-03-04T01:02:11.667000;c41cfc5b-a370-405e-b802-9d0adaf92eba;418.52;0.063947;SELL
2016-03-04T01:02:11.523000;2016-03-04T01:02:11.667000;fc0eb7eb-d189-41b0-970d-59b493fe9fa7;418.51;0.10600408;SELL
2016-03-04T01:02:11.523000;2016-03-04T01:02:11.667000;77b9c714-ccc7-4e05-a1cb-cc7b79bf83e6;418.5;0.0115;SELL
2016-03-04T01:02:11.523000;2016-03-04T01:02:11.667000;f85085e9-6aee-4eb0-8878-e522637c1bec;418.48;0.121;SELL
2016-03-04T01:02:11.523000;2016-03-04T01:02:11.667000;9ce3620d-d245-4dfb-8c41-e53ed4cd22ae;418.43;0.116;SELL
2016-03-04T01:02:11.523000;2016-03-04T01:02:11.680000;7a4c7d97-f68e-4d85-a5d2-abaf1e29a9d0;418.38;0.148;SELL
2016-03-04T01:02:11.523000;2016-03-04T01:02:11.680000;bac54d88-2e49-41a4-a40c-71a674a5c422;418.32;0.3;SELL
2016-03-04T01:02:11.523000;2016-03-04T01:02:11.680000;9ae4d017-2047-48fe-a19a-546e7b46715a;418.31;0.01;SELL
2016-03-04T01:02:11.523000;2016-03-04T01:02:11.680000;513c56f8-2f74-434b-baa6-e5ab7e613e50;418.2;0.01923648;SELL
2016-03-04T01:02:11.523000;2016-03-04T01:02:11.680000;fcdd898f-2eb0-4887-9a3a-8aa09057bca9;418.18;0.02;SELL
2016-03-04T01:02:11.523000;2016-03-04T01:02:11.680000;73ed270e-458b-450e-b7ff-1133cce365f2;418.07;0.01;SELL
2016-03-04T01:02:11.523000;2016-03-04T01:02:11.680000;397f32b2-fe95-47b5-ab2b-852da363f807;418.07;0.15;SELL
2016-03-04T01:02:11.527000;2016-03-04T01:02:11.683000;f85d9507-f7d8-4eff-bbc2-62161a0e21e6;418.06;0.1583571;SELL
2016-03-04T01:02:11.527000;2016-03-04T01:02:11.683000;dfd415fd-8467-431b-a3e0-0e67ebdac77d;418.04;7.63;SELL
2016-03-04T01:02:11.527000;2016-03-04T01:02:11.683000;eb4a0cfb-e475-40c0-a4fb-9158317fb7cc;418.03;0.1562047;SELL
2016-03-04T01:02:30.980000;2016-03-04T01:02:31.047000;db1f16b0-0940-4864-aaea-a2d759256685;418.39;1.09408;BUY
2016-03-04T01:02:48.503000;2016-03-04T01:02:48.603000;efcbcc3a-5051-4f4f-ab8d-e9aa269b8ee2;418.37;0.01;SELL
2016-03-04T01:02:57.053000;2016-03-04T01:02:57.107000;30aded1f-2ff6-4ab2-8fab-5706bdc5ac28;418.37;1.0599;BUY
2016-03-04T01:02:57.053000;2016-03-04T01:02:57.120000;0924cf9c-ce78-4f9b-8ae2-eb60e64e56ab;418.37;0.1401;BUY
2016-03-04T01:03:01.443000;2016-03-04T01:03:01.490000;23525c40-c7fa-46f9-8251-afef04b736fe;418.37;0.23705;BUY
2016-03-04T01:03:31.227000;2016-03-04T01:03:31.277000;718894fb-ab64-4440-ade0-faa4dc4e9de0;418.38;0.38138967;BUY
2016-03-04T01:03:31.227000;2016-03-04T01:03:31.310000;8d73fe0d-18cf-4da9-9291-bd3c7e42a29a;418.41;5.74894033;BUY
2016-03-04T01:03:55.993000;2016-03-04T01:03:56.057000;c6844776-5f26-4d71-8d23-d78550e7dd9b;418.39;0.88;BUY
2016-03-04T01:04:31.027000;2016-03-04T01:04:31.090000;f9da847e-55d8-4a44-9b6f-ed3905c69bf3;418.42;1.45565;BUY
2016-03-04T01:05:01.083000;2016-03-04T01:05:01.133000;1b88b941-6a12-4270-a595-d88613298875;418.42;0.43347;BUY
2016-03-04T01:05:30.977000;2016-03-04T01:05:31.017000;7903858b-bd67-43b9-9749-76663666991c;418.42;0.2;BUY
2016-03-04T01:05:30.977000;2016-03-04T01:05:31.033000;857cc380-0d67-4509-9276-c4fc5a97715d;418.43;0.03559;BUY
2016-03-04T01:05:30.977000;2016-03-04T01:05:31.033000;23f97852-6612-4d7a-90d5-1d26172152de;418.43;0.2;BUY
2016-03-04T01:05:30.977000;2016-03-04T01:05:31.033000;823f0eaa-6840-4f61-b20f-7af2e1fab055;418.44;0.1127;BUY
2016-03-04T01:05:30.977000;2016-03-04T01:05:31.070000;40f455df-e34f-469c-b59e-5f066bbe3dad;418.45;0.1487076;BUY
2016-03-04T01:05:30.977000;2016-03-04T01:05:31.070000;bec226a0-4a83-4591-a157-2bc4ee505a42;418.46;0.6;BUY
2016-03-04T01:05:30.977000;2016-03-04T01:05:31.070000;869e7566-32f1-4e08-ae92-0e504e4e4cbb;418.47;0.098638;BUY
2016-03-04T01:05:30.977000;2016-03-04T01:05:31.070000;c54eedea-17b9-4eb6-84c7-a318f59e2698;418.49;0.9379144;BUY
2016-03-04T01:06:01.123000;2016-03-04T01:06:01.163000;0db83faf-a9db-489b-ab1e-1d8dd57e7616;418.37;0.01;SELL
2016-03-04T01:06:01.123000;2016-03-04T01:06:01.193000;d49f1eb5-369d-4a04-990b-2da7e3a2ce14;418.36;0.01059;SELL
2016-03-04T01:06:31.047000;2016-03-04T01:06:31.090000;3238ac7a-3d99-4d2e-96f0-2b5a0f1a1753;418.36;0.519;SELL
2016-03-04T01:06:31.047000;2016-03-04T01:06:31.113000;0f7f0eda-e0c1-46d1-a57a-26f49aa87903;418.35;2.14019;SELL
2016-03-04T01:07:31.027000;2016-03-04T01:07:31.090000;ded30083-a88d-4a54-8c16-fb376b331d37;418.39;0.08269;BUY
2016-03-04T01:08:01.200000;2016-03-04T01:08:01.237000;36ddd448-83e9-448c-8d8e-28c26d58a2fe;418.38;1.0;BUY
2016-03-04T01:08:01.200000;2016-03-04T01:08:01.250000;a5750f6e-dc74-4f14-a2d4-5af77672ff3e;418.4;0.8;BUY
2016-03-04T01:08:01.200000;2016-03-04T01:08:01.250000;67321149-bab1-4228-b8ff-922b05185794;418.41;0.00709;BUY
2016-03-04T01:08:31.093000;2016-03-04T01:08:31.130000;dff3500b-1d5a-48a2-b9bc-a94fa878a106;418.42;0.8069;BUY
2016-03-04T01:09:04.783000;2016-03-04T01:09:04.817000;86b683b5-649b-4031-b893-a8a7a3f50a16;418.4;0.05367283;BUY
2016-03-04T01:09:04.783000;2016-03-04T01:09:04.830000;759b6433-f481-4f5d-8ad4-d7dcc3b09153;418.45;0.75300717;BUY
2016-03-04T01:09:31.040000;2016-03-04T01:09:31.073000;e04f08f6-addc-44d4-bdb8-c881987543e8;418.45;0.4;BUY
2016-03-04T01:09:31.040000;2016-03-04T01:09:31.090000;b236d517-ca39-49b1-a608-12edf19e29ca;418.46;3.0;BUY
2016-03-04T01:09:31.040000;2016-03-04T01:09:31.090000;d8cccaf3-bd4e-4128-97c4-f468120c0433;418.47;0.0380749;BUY
2016-03-04T01:09:31.040000;2016-03-04T01:09:31.113000;481f1779-d508-492b-8721-0996668e3311;418.48;0.1109175;BUY
2016-03-04T01:09:31.040000;2016-03-04T01:09:31.113000;e6ed4215-9e6b-4bc1-acff-b022e2ac8960;418.49;0.11126;BUY
2016-03-04T01:09:31.040000;2016-03-04T01:09:31.163000;34140454-da22-4150-986c-44c231f4a2c3;418.5;0.01;BUY
2016-03-04T01:09:31.043000;2016-03-04T01:09:31.163000;326bd57d-dcba-4643-940f-1f0415efe5e0;418.5;0.01;BUY
2016-03-04T01:09:31.043000;2016-03-04T01:09:31.163000;e2706c78-f582-44dc-92f4-bd3e727c1d9e;418.5;0.01;BUY
2016-03-04T01:09:31.043000;2016-03-04T01:09:31.163000;c50f2b8b-32bf-48e9-9be7-8070ebe24277;418.5;0.5101676;BUY
2016-03-04T01:10:01.183000;2016-03-04T01:10:01.220000;748c6cfb-2dd2-4835-ae43-79b6161d077b;418.5;0.16833;BUY
2016-03-04T01:10:31.250000;2016-03-04T01:10:31.277000;3e46a915-cc1d-4f22-befa-e5d0bfd891cb;418.5;0.1008;BUY
