time_exchange;time_coinpai;guid;price;base_amount;taker_side
2016-02-20T00:01:05.000000;2016-02-20T00:01:05.000000;7057f37a-827c-49ea-8ede-58658e65edcc;419.72;0.942;UNKNOWN
2016-02-20T00:01:32.000000;2016-02-20T00:01:32.000000;804b6f0a-1ff1-4cd2-a3f5-6c126c01da79;419.9;0.1;UNKNOWN
2016-02-20T00:01:34.000000;2016-02-20T00:01:34.000000;cb8fb570-335c-4d9a-b9c2-3de1e0bc8191;419.9;0.1;UNKNOWN
2016-02-20T00:01:35.000000;2016-02-20T00:01:35.000000;f5e8107a-36b3-47ac-a96f-6d76f7b8b35c;419.91;0.1;UNKNOWN
2016-02-20T00:01:35.000000;2016-02-20T00:01:35.000000;53f55e9c-2258-4e57-9572-2e10ad7be98e;420.0;0.1;UNKNOWN
2016-02-20T00:01:35.000000;2016-02-20T00:01:35.000000;ba3588bd-2fa7-4b60-a53d-244c9855c1e2;420.0;3.7185;UNKNOWN
2016-02-20T00:01:35.000000;2016-02-20T00:01:35.000000;4c756c18-057f-4e56-837c-b70cbdfed168;420.0;1.4;UNKNOWN
2016-02-20T00:01:35.000000;2016-02-20T00:01:35.000000;a4f1f5c8-31cc-4e07-9708-1aeac309a30c;419.94;0.1;UNKNOWN
2016-02-20T00:01:36.000000;2016-02-20T00:01:36.000000;f285ebb9-55bb-40c4-87fa-c198e1d3f7a7;420.13;0.01;UNKNOWN
2016-02-20T00:01:38.000000;2016-02-20T00:01:38.000000;6a01c442-a3b7-4077-b940-365fb44bde2f;420.3;1.4753;UNKNOWN
2016-02-20T00:01:38.000000;2016-02-20T00:01:38.000000;515ec589-8d57-4e21-8504-dd44e1e979e8;420.13;0.49;UNKNOWN
2016-02-20T00:01:38.000000;2016-02-20T00:01:38.000000;5a6b736e-b2d9-4136-8e33-1545222f915e;420.24;0.5;UNKNOWN
2016-02-20T00:01:38.000000;2016-02-20T00:01:38.000000;a0b51f51-ba72-4695-9cd8-4d4e70c33430;420.25;0.05;UNKNOWN
2016-02-20T00:01:38.000000;2016-02-20T00:01:38.000000;509b47f0-e433-48f8-a55d-51069755cab0;420.21;12.4847;UNKNOWN
2016-02-20T00:01:38.000000;2016-02-20T00:01:38.000000;e89b92d7-a090-4093-9e79-adb9f16d6cde;420.03;0.1;UNKNOWN
2016-02-20T00:01:42.000000;2016-02-20T00:01:42.000000;57931233-db79-4439-9e71-9395ff24c010;420.08;0.1;UNKNOWN
2016-02-20T00:01:42.000000;2016-02-20T00:01:42.000000;56c1b3ad-d3a0-4d0b-8295-89369c570849;420.3;0.259;UNKNOWN
2016-02-20T00:01:57.000000;2016-02-20T00:01:57.000000;70169278-5539-4f63-9818-6c7488472923;420.3;0.0697302;UNKNOWN
2016-02-20T00:01:57.000000;2016-02-20T00:01:57.000000;91deb7ea-9c2b-4692-a777-7e867c4e795c;420.3;0.7657;UNKNOWN
2016-02-20T00:02:03.000000;2016-02-20T00:02:03.000000;f37ae38a-7b81-4a31-ac2c-d5b91e004f49;420.35;0.21456967;UNKNOWN
2016-02-20T00:02:19.000000;2016-02-20T00:02:19.000000;58abff54-6000-471f-a609-ba4a13e28cf4;420.35;5.32486689;UNKNOWN
2016-02-20T00:02:27.000000;2016-02-20T00:02:27.000000;4f522fe8-b292-49aa-98d7-23af7baa1246;420.4;1.5;UNKNOWN
2016-02-20T00:02:35.000000;2016-02-20T00:02:35.000000;89019721-6d36-4dd2-9a21-803df8a8082c;420.6;0.5;UNKNOWN
2016-02-20T00:02:35.000000;2016-02-20T00:02:35.000000;34851f27-2e73-4ee8-8b6e-6883193023d5;420.4;2.94;UNKNOWN
2016-02-20T00:02:35.000000;2016-02-20T00:02:35.000000;9bd6dd90-f2eb-4a67-85bd-08504c0d59a9;420.5;2.0;UNKNOWN
2016-02-20T00:02:35.000000;2016-02-20T00:02:35.000000;df11a2e9-acfc-4c04-b0bd-951ae8e6a41c;420.41;0.5;UNKNOWN
2016-02-20T00:02:35.000000;2016-02-20T00:02:35.000000;b256c67e-6e05-4e92-bb59-ecef75c3b0a6;420.48;0.5;UNKNOWN
2016-02-20T00:02:35.000000;2016-02-20T00:02:35.000000;e555053d-ccd3-4809-8f0c-e71f0efc26cc;420.5;0.2;UNKNOWN
2016-02-20T00:02:35.000000;2016-02-20T00:02:35.000000;259a33a4-0cac-43c0-ad59-db71640d71e0;420.73;0.22213521;UNKNOWN
2016-02-20T00:02:35.000000;2016-02-20T00:02:35.000000;9018f5bc-d441-4817-b9f4-7a7054da9fb5;420.6;2.5;UNKNOWN
2016-02-20T00:02:35.000000;2016-02-20T00:02:35.000000;f2509edc-df3a-4e75-b5b9-b39d32a12edc;420.51;0.2;UNKNOWN
2016-02-20T00:02:35.000000;2016-02-20T00:02:35.000000;8d3b95e7-3c3d-4f24-bd3e-0f0077644510;420.51;0.2;UNKNOWN
2016-02-20T00:02:35.000000;2016-02-20T00:02:35.000000;1586b663-9579-4cda-a2b3-4b58d7f0e802;420.69;0.5;UNKNOWN
2016-02-20T00:02:35.000000;2016-02-20T00:02:35.000000;64702ce8-d448-431d-871b-605cb96c52b1;420.65;0.5;UNKNOWN
2016-02-20T00:02:35.000000;2016-02-20T00:02:35.000000;567471e5-3670-4726-a431-0ec9bf0f4429;420.54;0.5;UNKNOWN
2016-02-20T00:02:35.000000;2016-02-20T00:02:35.000000;a666f468-5d55-4f14-8478-290e51d68ab6;420.5;0.14229939;UNKNOWN
2016-02-20T00:02:35.000000;2016-02-20T00:02:35.000000;2958edc4-bd97-4366-a084-1c090a33a4be;420.51;0.2;UNKNOWN
2016-02-20T00:02:35.000000;2016-02-20T00:02:35.000000;d9ed05bd-49b9-4a54-abb6-ea42e79d090c;420.5;0.0345654;UNKNOWN
2016-02-20T00:02:39.000000;2016-02-20T00:02:39.000000;8f6abddc-ea37-41f2-9ae8-496bc0b58b5d;420.73;0.27786479;UNKNOWN
2016-02-20T00:02:39.000000;2016-02-20T00:02:39.000000;7b8bf3ef-be93-4735-b91f-8e03c5aa2eb8;420.77;0.02588682;UNKNOWN
2016-02-20T00:03:04.000000;2016-02-20T00:03:04.000000;57031eaf-2aab-4ea8-bd4f-d72cc0eedb09;420.78;0.5;UNKNOWN
2016-02-20T00:03:25.000000;2016-02-20T00:03:25.000000;8665306c-b110-4c29-8970-59fae8ac8105;420.82;0.05628439;UNKNOWN
2016-02-20T00:04:26.000000;2016-02-20T00:04:26.000000;ec1f0408-f91a-4e54-b503-00354fa8e538;420.9;0.2;UNKNOWN
2016-02-20T00:04:26.000000;2016-02-20T00:04:26.000000;7749aa86-97b8-4da7-bb34-e2cadebe6608;420.9;0.2;UNKNOWN
2016-02-20T00:04:26.000000;2016-02-20T00:04:26.000000;8415adf9-21a4-4c5f-89b6-3924101f4681;420.86;0.5;UNKNOWN
2016-02-20T00:04:26.000000;2016-02-20T00:04:26.000000;1be6d80b-5c62-4984-8b76-279382a8a50c;420.85;0.0612;UNKNOWN
2016-02-20T00:04:26.000000;2016-02-20T00:04:26.000000;4b53f649-c741-4500-aa0f-a511bad3aa66;420.85;0.93;UNKNOWN
2016-02-20T00:04:26.000000;2016-02-20T00:04:26.000000;1a7043f7-9dfd-4eb4-9548-249f843bc8bc;420.9;2.5;UNKNOWN
2016-02-20T00:04:26.000000;2016-02-20T00:04:26.000000;281d335b-a5af-472b-aa43-fd1c2e158218;420.9;0.2;UNKNOWN
2016-02-20T00:04:26.000000;2016-02-20T00:04:26.000000;ff49bfaa-17b9-4367-93bc-cbe5a954c4f1;420.9;0.4088;UNKNOWN
2016-02-20T00:04:31.000000;2016-02-20T00:04:31.000000;b1213822-47f2-4da2-bdb3-50249ec7b845;420.84;0.102;UNKNOWN
2016-02-20T00:04:31.000000;2016-02-20T00:04:31.000000;f5d400fc-e3d3-42cb-b2d6-8c710def9ef3;420.58;4.398;UNKNOWN
2016-02-20T00:04:31.000000;2016-02-20T00:04:31.000000;070e2583-8585-4587-aa62-0ecf9a5c77f2;420.58;3.0;UNKNOWN
2016-02-20T00:04:31.000000;2016-02-20T00:04:31.000000;9afa2abc-0f14-4ac9-ae59-6a2eb91d7a9b;420.59;0.5;UNKNOWN
2016-02-20T00:05:22.000000;2016-02-20T00:05:22.000000;e7bf1bab-0606-4c97-910f-0e7d31b82b4d;420.6;5.0;UNKNOWN
2016-02-20T00:06:23.000000;2016-02-20T00:06:23.000000;eaf26f45-dab4-43ba-bd6d-a88cf8a7a058;420.6;5.9119;UNKNOWN
2016-02-20T00:06:29.000000;2016-02-20T00:06:29.000000;053e032e-9e2e-4830-bfc4-f6ed30185d48;420.6;0.79;UNKNOWN
2016-02-20T00:06:39.000000;2016-02-20T00:06:39.000000;669ba28a-0106-4925-a20d-2f5bb1139b68;420.6;1.2981;UNKNOWN
2016-02-20T00:08:04.000000;2016-02-20T00:08:04.000000;6ef3e6c2-b1a5-426a-8883-94ed9ea9c456;420.89;0.3;UNKNOWN
2016-02-20T00:08:04.000000;2016-02-20T00:08:04.000000;ef3578e2-7c48-4d27-888d-406abf17b5c6;420.89;0.2;UNKNOWN
2016-02-20T00:08:09.000000;2016-02-20T00:08:09.000000;5715d69f-e8a4-4708-8b38-3aac4d80fc59;420.9;0.01;UNKNOWN
2016-02-20T00:08:25.000000;2016-02-20T00:08:25.000000;c2c6f4c4-5ece-40fd-b0e6-cfacdbe0ba85;420.88;0.15;UNKNOWN
2016-02-20T00:08:26.000000;2016-02-20T00:08:26.000000;0f6d2ec0-5502-4b05-a91a-08cb4e001c74;420.9;0.5812;UNKNOWN
2016-02-20T00:08:26.000000;2016-02-20T00:08:26.000000;cebf2078-3361-46d4-ad0b-3321b83f54d7;420.91;0.1688;UNKNOWN
2016-02-20T00:08:34.000000;2016-02-20T00:08:34.000000;1d523be4-fe22-4333-b9d7-e752c8284b1a;420.88;0.05;UNKNOWN
2016-02-20T00:08:34.000000;2016-02-20T00:08:34.000000;a9dab52a-69b6-414a-ae6e-b9f6404d340a;420.74;16.95;UNKNOWN
2016-02-20T00:09:05.000000;2016-02-20T00:09:05.000000;f345cb9c-b1b0-4851-bfd6-0fda0a86b1c2;420.59;0.16789559;UNKNOWN
2016-02-20T00:09:05.000000;2016-02-20T00:09:05.000000;5d2abbaa-43df-46e4-b569-03338cbb59bd;420.59;0.2;UNKNOWN
2016-02-20T00:09:17.000000;2016-02-20T00:09:17.000000;5a6f2979-b9ef-47ad-ace6-141683e25666;420.81;0.2;UNKNOWN
2016-02-20T00:09:24.000000;2016-02-20T00:09:24.000000;ff907ad8-9158-47ae-ab7d-bcfc90c8c5a5;420.42;15.9138;UNKNOWN
2016-02-20T00:09:24.000000;2016-02-20T00:09:24.000000;03ab4133-f266-49c0-828b-812eb4ee9830;420.59;0.03210441;UNKNOWN
2016-02-20T00:09:24.000000;2016-02-20T00:09:24.000000;104d72e0-cb5a-48e7-8bbe-ba62ae320efa;420.39;3.05409559;UNKNOWN
2016-02-20T00:09:34.000000;2016-02-20T00:09:34.000000;50fbb7fb-81e1-4583-8c1c-830f022f9170;420.78;3.0;UNKNOWN
2016-02-20T00:09:37.000000;2016-02-20T00:09:37.000000;a33c35a5-d108-44bd-a237-8e82610cc92a;420.5;1.0;UNKNOWN
2016-02-20T00:10:53.000000;2016-02-20T00:10:53.000000;93494a4c-f16e-45df-ace1-8fa5331b3d40;420.61;0.01;UNKNOWN
2016-02-20T00:10:57.000000;2016-02-20T00:10:57.000000;543b827d-edb1-4279-bd9c-b1b80ffa5967;420.38;1.89;UNKNOWN
2016-02-20T00:10:57.000000;2016-02-20T00:10:57.000000;b13dbfbe-eba9-4d89-bd83-3ba548b98d7f;420.39;3.37959625;UNKNOWN
2016-02-20T00:10:57.000000;2016-02-20T00:10:57.000000;26dea450-0fb7-4db3-a276-050e68b69bf7;420.31;3.37959625;UNKNOWN
2016-02-20T00:10:57.000000;2016-02-20T00:10:57.000000;267e9bcb-c6ba-49fe-a585-a2798477edd0;420.34;0.5;UNKNOWN
2016-02-20T00:10:57.000000;2016-02-20T00:10:57.000000;2b454779-e677-4d7f-bd64-ef532823905b;420.4;5.8567;UNKNOWN
2016-02-20T00:10:57.000000;2016-02-20T00:10:57.000000;2f5efc17-8642-4980-9852-5c94a5b89de6;420.28;1.7441075;UNKNOWN
2016-02-20T00:10:57.000000;2016-02-20T00:10:57.000000;377348f5-b6ef-43b6-9225-822f6a97e8d5;420.31;0.5;UNKNOWN
2016-02-20T00:11:05.000000;2016-02-20T00:11:05.000000;cf24f0ce-a49a-425f-aa91-59e43ac5cf97;420.57;0.5;UNKNOWN
2016-02-20T00:11:05.000000;2016-02-20T00:11:05.000000;bee855cc-a781-4ab3-8dd1-f4264e183107;420.57;3.0;UNKNOWN
2016-02-20T00:11:22.000000;2016-02-20T00:11:22.000000;6f4a58a6-dcca-47f3-9497-329b99fd7107;420.39;0.21437769;UNKNOWN
2016-02-20T00:11:48.000000;2016-02-20T00:11:48.000000;05dce552-63d5-4ae8-87c3-505a53635bb7;420.66;0.2;UNKNOWN
2016-02-20T00:12:12.000000;2016-02-20T00:12:12.000000;90e671a9-c546-4f87-9040-704cecb71bea;420.41;0.95;UNKNOWN
2016-02-20T00:12:32.000000;2016-02-20T00:12:32.000000;f2af35b9-3591-438d-843b-719947029c1a;420.36;0.05954794;UNKNOWN
2016-02-20T00:12:51.000000;2016-02-20T00:12:51.000000;eedc1109-92d2-4c3e-93ed-51a3a25cc787;420.56;0.2;UNKNOWN
2016-02-20T00:13:02.000000;2016-02-20T00:13:02.000000;c9349ab6-3123-4f1c-a3ad-a92dd6073179;420.36;0.04762476;UNKNOWN
2016-02-20T00:13:19.000000;2016-02-20T00:13:19.000000;0cf0431c-8495-4318-83e7-7a32346ac4af;420.49;0.2;UNKNOWN
2016-02-20T00:14:14.000000;2016-02-20T00:14:14.000000;f6655548-8860-4a73-87c0-46f303657b2c;420.35;0.101;UNKNOWN
2016-02-20T00:14:14.000000;2016-02-20T00:14:14.000000;2945152c-b955-4df7-bf66-987e72cd58d7;420.35;0.5;UNKNOWN
2016-02-20T00:14:14.000000;2016-02-20T00:14:14.000000;d1dcb993-c1a4-4bc1-a700-4eee71f270b1;420.3;0.5;UNKNOWN
2016-02-20T00:14:14.000000;2016-02-20T00:14:14.000000;8f713f39-1d0e-4d3d-a0b2-fe7ee2bccaef;420.37;0.19;UNKNOWN
2016-02-20T00:16:03.000000;2016-02-20T00:16:03.000000;84396079-626c-4dad-aaab-3c18cb1b0256;420.49;1.291;UNKNOWN
2016-02-20T00:16:03.000000;2016-02-20T00:16:03.000000;875f6f17-a0ef-4f65-a6fd-141c640dfc54;420.3;0.609;UNKNOWN
2016-02-20T00:16:03.000000;2016-02-20T00:16:03.000000;51a3e59b-2157-41ce-865d-4b8ed2e9e654;420.3;0.1;UNKNOWN
2016-02-20T00:16:06.000000;2016-02-20T00:16:06.000000;08770c81-fddb-443d-b475-484d5b6f7662;420.31;1.6657;UNKNOWN
2016-02-20T00:16:25.000000;2016-02-20T00:16:25.000000;84569ae6-79bc-4f01-a6a3-91536da088c8;420.81;12.0;UNKNOWN
2016-02-20T00:16:25.000000;2016-02-20T00:16:25.000000;0b88da66-b766-414e-8b13-cff38e4f89c3;420.7;6.0;UNKNOWN
2016-02-20T00:16:25.000000;2016-02-20T00:16:25.000000;9cb6695a-a11d-4b3e-ae59-0df28c5e8b35;420.86;2.50315378;UNKNOWN
2016-02-20T00:16:25.000000;2016-02-20T00:16:25.000000;a78afe42-eb2b-4228-bac6-88c04247325d;420.82;12.7884;UNKNOWN
2016-02-20T00:16:25.000000;2016-02-20T00:16:25.000000;3a1d993e-1af2-44d8-a605-884d0e3b5d45;420.5;4.80584622;UNKNOWN
2016-02-20T00:16:25.000000;2016-02-20T00:16:25.000000;273455cf-de65-4b62-acfa-ce3ed0385d6c;420.83;5.96;UNKNOWN
2016-02-20T00:16:25.000000;2016-02-20T00:16:25.000000;99a77b8f-ccff-48f2-8ec1-64f3a79646f2;420.47;5.9426;UNKNOWN
2016-02-20T00:18:12.000000;2016-02-20T00:18:12.000000;2fe183bc-912a-468c-ab9c-430c73b4bbc0;420.59;0.47149637;UNKNOWN
2016-02-20T00:18:33.000000;2016-02-20T00:18:33.000000;d8ad28ff-3346-4ec6-b9f6-1fb5e87ec2af;420.6;0.21188447;UNKNOWN
2016-02-20T00:20:05.000000;2016-02-20T00:20:05.000000;6d3d068a-9355-474f-91bd-f96d84411602;420.87;0.3;UNKNOWN
2016-02-20T00:20:19.000000;2016-02-20T00:20:19.000000;317b9408-5353-4fae-b8ad-443be2d43cf6;420.69;0.2;UNKNOWN
2016-02-20T00:21:12.000000;2016-02-20T00:21:12.000000;0f01bc55-2a16-4695-8929-56b51a876546;420.79;0.156;UNKNOWN
2016-02-20T00:21:12.000000;2016-02-20T00:21:12.000000;216a2156-775c-41f8-9f67-69b350e57449;420.77;0.31348356;UNKNOWN
2016-02-20T00:21:22.000000;2016-02-20T00:21:22.000000;f3f05c07-fa3a-4872-b6fa-013e59c9a191;420.77;2.4;UNKNOWN
2016-02-20T00:22:01.000000;2016-02-20T00:22:01.000000;ef39d355-c46c-4bf2-a92c-29652438245a;420.77;0.1;UNKNOWN
2016-02-20T00:22:05.000000;2016-02-20T00:22:05.000000;0a98ba60-fa8f-4b17-a019-843a644ab4c3;420.77;0.737;UNKNOWN
2016-02-20T00:22:18.000000;2016-02-20T00:22:18.000000;9afaf9db-0890-4172-bc45-366b197a045e;420.77;5.0256;UNKNOWN
2016-02-20T00:22:18.000000;2016-02-20T00:22:18.000000;258ca044-4343-4feb-a220-2a0772d9b24b;420.76;19.9744;UNKNOWN
2016-02-20T00:22:28.000000;2016-02-20T00:22:28.000000;49356b97-c707-4970-a52b-621222b9d040;420.83;1.0;UNKNOWN
2016-02-20T00:23:15.000000;2016-02-20T00:23:15.000000;3f3608f5-f3d6-40d6-907d-26a0a534ef63;420.78;2.66;UNKNOWN
2016-02-20T00:24:24.000000;2016-02-20T00:24:24.000000;4c89cbbe-8ad2-4b92-ab39-3c9a2eb395e6;420.78;0.02;UNKNOWN
2016-02-20T00:25:05.000000;2016-02-20T00:25:05.000000;0cb537aa-7b6c-421c-8fe4-a369776afbb4;420.78;0.66;UNKNOWN
2016-02-20T00:25:05.000000;2016-02-20T00:25:05.000000;1494a3ca-854a-40c7-89f3-3b7da7fe56ca;420.77;0.22;UNKNOWN
2016-02-20T00:25:05.000000;2016-02-20T00:25:05.000000;2bf5d25b-aea9-42e9-96c0-8acdfd5892d7;420.88;0.04;UNKNOWN
2016-02-20T00:26:12.000000;2016-02-20T00:26:12.000000;17e361b9-a2e2-4c2d-b5bd-b608d1d6b6ac;420.8;0.1181;UNKNOWN
2016-02-20T00:26:18.000000;2016-02-20T00:26:18.000000;b3ab3671-8e49-4717-980b-827ba6b7485d;420.77;1.05;UNKNOWN
2016-02-20T00:26:22.000000;2016-02-20T00:26:22.000000;23f95fdc-d394-4727-bbc3-4e13eb597217;420.77;0.08564104;UNKNOWN
2016-02-20T00:27:12.000000;2016-02-20T00:27:12.000000;1b123b8e-2f80-4e42-b02b-0dd09e2f69b4;420.8;0.8;UNKNOWN
2016-02-20T00:27:52.000000;2016-02-20T00:27:52.000000;d53524c6-52b4-453e-bcf2-609ddb9db3e3;420.77;0.09515897;UNKNOWN
2016-02-20T00:27:54.000000;2016-02-20T00:27:54.000000;ff8429a0-cc80-4fce-b1b7-2143c086551c;420.77;1.0;UNKNOWN
2016-02-20T00:28:13.000000;2016-02-20T00:28:13.000000;abb298c4-a4f5-4140-a88c-f830e850bcbd;420.77;0.1;UNKNOWN
2016-02-20T00:28:42.000000;2016-02-20T00:28:42.000000;568eca21-8387-493a-ac5b-3fff96ef2c15;420.77;0.71369233;UNKNOWN
2016-02-20T00:28:53.000000;2016-02-20T00:28:53.000000;760aad4b-6034-4572-b408-0d57b88342d1;420.77;0.47579488;UNKNOWN
2016-02-20T00:29:01.000000;2016-02-20T00:29:01.000000;f49eb0a6-b115-4cc0-b4ac-3bf6a35b6e97;420.77;1.0;UNKNOWN
2016-02-20T00:29:50.000000;2016-02-20T00:29:50.000000;ee69d5b3-d97d-4c44-b3c7-b928269997c5;420.77;0.02;UNKNOWN
2016-02-20T00:30:05.000000;2016-02-20T00:30:05.000000;063c53a7-1b3a-43b2-ac1b-7b70f80a49f8;420.91;0.2;UNKNOWN
2016-02-20T00:30:05.000000;2016-02-20T00:30:05.000000;969a92d0-14c7-42a6-9905-5eb4c36ec1e8;420.8;0.4819;UNKNOWN
2016-02-20T00:30:05.000000;2016-02-20T00:30:05.000000;099fc04b-52df-469f-8061-e4528fb0796e;420.8;1.0;UNKNOWN
2016-02-20T00:30:05.000000;2016-02-20T00:30:05.000000;fc6b22d4-37ef-444e-abbc-1e55a1f2fb28;420.88;0.46;UNKNOWN
2016-02-20T00:30:05.000000;2016-02-20T00:30:05.000000;d87b7203-5661-4a3b-a3cd-b6df57e28067;420.91;0.2312;UNKNOWN
2016-02-20T00:30:05.000000;2016-02-20T00:30:05.000000;f19a21cc-100c-4294-8d1d-683bcf3060bf;420.92;0.5;UNKNOWN
2016-02-20T00:30:05.000000;2016-02-20T00:30:05.000000;6cd51e94-6250-4f8b-a286-f54eef279bb1;420.95;0.5;UNKNOWN
2016-02-20T00:30:05.000000;2016-02-20T00:30:05.000000;f00a952e-1f4b-413c-a04f-d07999801921;420.9;15.9506;UNKNOWN
2016-02-20T00:30:05.000000;2016-02-20T00:30:05.000000;68826f48-abde-48eb-b01e-c7f4b375cc5d;421.0;31.1996;UNKNOWN
2016-02-20T00:30:05.000000;2016-02-20T00:30:05.000000;b8567b44-0e0d-406a-9e5c-1463e384342c;421.0;10.0;UNKNOWN
2016-02-20T00:30:05.000000;2016-02-20T00:30:05.000000;3767750a-561d-44e4-9cab-39416ddf71a1;420.99;6.51;UNKNOWN
2016-02-20T00:30:05.000000;2016-02-20T00:30:05.000000;7e0e5ec6-62c8-4987-af67-8f78754a5ec6;420.99;2.0;UNKNOWN
2016-02-20T00:30:05.000000;2016-02-20T00:30:05.000000;3e34f123-0f06-4654-9cac-072d62b4c4e1;421.0;1.5;UNKNOWN
2016-02-20T00:30:05.000000;2016-02-20T00:30:05.000000;a61192b2-af59-4b2c-b680-b83e410db5fc;420.99;0.5;UNKNOWN
2016-02-20T00:30:06.000000;2016-02-20T00:30:06.000000;fae1d073-5f07-44cf-ad75-474daedcc004;421.0;3.84317332;UNKNOWN
2016-02-20T00:30:20.000000;2016-02-20T00:30:20.000000;48bf32c6-b1c0-476a-9d5a-2e5fbf82d0d9;420.92;0.4;UNKNOWN
2016-02-20T00:30:22.000000;2016-02-20T00:30:22.000000;a4d5bc49-d348-4032-b7ee-b35e92df17c7;420.99;1.0;UNKNOWN
2016-02-20T00:30:25.000000;2016-02-20T00:30:25.000000;7512b861-bc55-4d5d-9971-a1f8c4f99758;420.99;5.9079;UNKNOWN
2016-02-20T00:30:28.000000;2016-02-20T00:30:28.000000;dd21250b-a29f-49bc-b11b-112c361906c9;421.0;0.014366;UNKNOWN
2016-02-20T00:30:28.000000;2016-02-20T00:30:28.000000;456fc8fa-9222-4836-baa9-38fb6c8c8c06;420.99;9.0427;UNKNOWN
2016-02-20T00:30:28.000000;2016-02-20T00:30:28.000000;a4bae64a-d04c-444f-afbb-b2eb4a7ace07;421.0;9.4573;UNKNOWN
2016-02-20T00:30:31.000000;2016-02-20T00:30:31.000000;aba6a0f1-eceb-40f4-9d2a-ca5de494a190;421.0;1.0;UNKNOWN
2016-02-20T00:30:51.000000;2016-02-20T00:30:51.000000;e94d05b4-21c4-42c2-b199-0a4133e4ef00;421.0;4.48556068;UNKNOWN
2016-02-20T00:31:05.000000;2016-02-20T00:31:05.000000;992b46b2-40d5-417d-88c4-bd9169e817a8;421.0;0.02;UNKNOWN
2016-02-20T00:31:05.000000;2016-02-20T00:31:05.000000;399f0535-f41c-4e51-8a21-bbdf22d82857;421.0;2.58;UNKNOWN
2016-02-20T00:31:12.000000;2016-02-20T00:31:12.000000;12cdbe7b-4bf0-4d91-9714-eada27d0104d;421.16;0.9889;UNKNOWN
2016-02-20T00:31:12.000000;2016-02-20T00:31:12.000000;1d813bb5-9a73-44c1-b45e-0ce16e0bb98d;421.04;0.01;UNKNOWN
2016-02-20T00:31:12.000000;2016-02-20T00:31:12.000000;f36582c3-3b03-4c0b-aeee-befa1d81e626;421.14;0.01;UNKNOWN
2016-02-20T00:31:22.000000;2016-02-20T00:31:22.000000;43e1dae2-fff7-430a-80ef-f998aa7f17b0;421.17;0.01;UNKNOWN
2016-02-20T00:31:27.000000;2016-02-20T00:31:27.000000;0fffe2fc-de75-490a-809e-6ea31d3c2610;421.18;0.5;UNKNOWN
2016-02-20T00:31:27.000000;2016-02-20T00:31:27.000000;fd6acfe9-d154-4a52-8a04-4f8ca40c88a6;421.2;2.0;UNKNOWN
2016-02-20T00:31:36.000000;2016-02-20T00:31:36.000000;7a249c05-cd66-4889-bd9f-c440f54794c7;421.19;0.4;UNKNOWN
2016-02-20T00:31:56.000000;2016-02-20T00:31:56.000000;1eabce52-c153-4b58-8447-0702c642b12b;421.22;0.0303;UNKNOWN
2016-02-20T00:31:57.000000;2016-02-20T00:31:57.000000;10d3002d-b5de-408f-b587-54372e22196d;421.22;2.2;UNKNOWN
2016-02-20T00:32:07.000000;2016-02-20T00:32:07.000000;1f3f48c3-763b-4b6e-8cf0-c8a0d6ef32b0;421.23;0.5;UNKNOWN
2016-02-20T00:32:07.000000;2016-02-20T00:32:07.000000;fecdc661-b1a7-43ef-801b-d190ff35bb82;421.26;0.5;UNKNOWN
2016-02-20T00:32:07.000000;2016-02-20T00:32:07.000000;74cbfd91-5232-4180-a860-988f6a2085ac;421.24;0.01;UNKNOWN
2016-02-20T00:32:13.000000;2016-02-20T00:32:13.000000;fd1e7c93-d4fe-45b9-ab08-e6e962b31cd5;421.3;0.5;UNKNOWN
2016-02-20T00:32:13.000000;2016-02-20T00:32:13.000000;9a33b279-9699-4b0e-ae32-14ce47e1d7bf;421.36;0.5;UNKNOWN
2016-02-20T00:32:13.000000;2016-02-20T00:32:13.000000;3289efa0-7957-4118-93f8-01d9edd415a5;421.4;1.9767;UNKNOWN
2016-02-20T00:32:13.000000;2016-02-20T00:32:13.000000;5c0e67dc-4ae9-4b33-a90a-4ba50f87d80b;421.39;5.9142;UNKNOWN
2016-02-20T00:32:13.000000;2016-02-20T00:32:13.000000;912affbb-609f-4166-bdb4-379c38e12b5b;421.33;0.5;UNKNOWN
2016-02-20T00:32:13.000000;2016-02-20T00:32:13.000000;3084aea0-63d2-4786-837d-73dc62bd403c;421.34;0.01;UNKNOWN
2016-02-20T00:32:13.000000;2016-02-20T00:32:13.000000;747c19d8-eaf0-4cfa-86a1-893352f4c160;421.35;0.5;UNKNOWN
2016-02-20T00:32:13.000000;2016-02-20T00:32:13.000000;ee924ce6-be88-4640-a88d-f0d433a8b4a5;421.38;0.5;UNKNOWN
2016-02-20T00:32:13.000000;2016-02-20T00:32:13.000000;1b2bcc1c-9d13-4832-a025-93bc0c1ad09f;421.38;0.2;UNKNOWN
2016-02-20T00:32:13.000000;2016-02-20T00:32:13.000000;91f886f3-3d4b-4c96-ad04-00994dfce42c;421.38;0.5;UNKNOWN
2016-02-20T00:32:17.000000;2016-02-20T00:32:17.000000;9ef1c349-4a5d-4ef6-9489-6adf93d00d22;421.27;0.07;UNKNOWN
2016-02-20T00:33:03.000000;2016-02-20T00:33:03.000000;cdab4f04-d2c1-4207-bd0e-c1e4a725dd4e;421.27;0.1;UNKNOWN
2016-02-20T00:33:03.000000;2016-02-20T00:33:03.000000;00d05415-f5a8-4291-9e81-16b2e0c5557a;421.27;0.2;UNKNOWN
2016-02-20T00:33:06.000000;2016-02-20T00:33:06.000000;307d5eb9-a2fe-4491-89ff-702849247cd7;421.26;0.29;UNKNOWN
2016-02-20T00:33:07.000000;2016-02-20T00:33:07.000000;92dd62df-c0e3-422b-8e34-18ef968aa865;421.26;0.30439636;UNKNOWN
2016-02-20T00:33:12.000000;2016-02-20T00:33:12.000000;54633131-b5f2-4283-8b15-7b44a817f80e;421.27;0.37;UNKNOWN
2016-02-20T00:33:12.000000;2016-02-20T00:33:12.000000;05b9c892-f12b-4383-8c2c-c1e3b6f887f1;421.4;0.5233;UNKNOWN
2016-02-20T00:33:12.000000;2016-02-20T00:33:12.000000;8f06d08e-29e6-48a1-9817-d8ad73fdf736;421.49;12.9;UNKNOWN
2016-02-20T00:33:12.000000;2016-02-20T00:33:12.000000;c72f7130-f1a2-4835-981f-e4d39c7ce249;421.5;11.4052;UNKNOWN
2016-02-20T00:33:12.000000;2016-02-20T00:33:12.000000;a6b050b6-0346-40bd-b177-55c112a71b6b;421.39;5.864;UNKNOWN
2016-02-20T00:33:12.000000;2016-02-20T00:33:12.000000;21d64a38-420a-4c55-b80e-e9c85ee0598e;421.49;13.13;UNKNOWN
2016-02-20T00:33:12.000000;2016-02-20T00:33:12.000000;05a3278b-ef22-4556-902a-d59e4874117b;421.44;0.01;UNKNOWN
2016-02-20T00:33:12.000000;2016-02-20T00:33:12.000000;855c3fa6-09b8-4547-b51a-91d41b23b3cd;421.5;2.0;UNKNOWN
2016-02-20T00:33:12.000000;2016-02-20T00:33:12.000000;fffd465e-f166-4e21-90e5-ee852b65e584;421.47;0.5;UNKNOWN
2016-02-20T00:33:12.000000;2016-02-20T00:33:12.000000;5e01574e-6492-4a88-812e-49a49e29c8cd;421.4;0.73;UNKNOWN
2016-02-20T00:33:20.000000;2016-02-20T00:33:20.000000;cd627d64-dd94-47ee-bdce-889c86536504;421.5;1.5173;UNKNOWN
2016-02-20T00:33:20.000000;2016-02-20T00:33:20.000000;6b9fb24b-6f35-4643-a48e-adc0942d4ea3;421.49;6.6427;UNKNOWN
2016-02-20T00:33:20.000000;2016-02-20T00:33:20.000000;837f7feb-32a8-4d8e-a2de-880a380fdc8b;421.45;4.86;UNKNOWN
2016-02-20T00:33:21.000000;2016-02-20T00:33:21.000000;91040016-04e0-49b0-a0a6-b0723e2d9ddd;421.45;0.78;UNKNOWN
2016-02-20T00:33:22.000000;2016-02-20T00:33:22.000000;4bf04c17-44a5-439c-a556-1bbf142542e9;421.42;0.1;UNKNOWN
2016-02-20T00:34:06.000000;2016-02-20T00:34:06.000000;906b967e-46dc-4fcf-9c95-62688652f7ab;421.34;0.05039761;UNKNOWN
2016-02-20T00:34:16.000000;2016-02-20T00:34:16.000000;1ad520c0-8045-4f6f-ac17-4f762c96c883;421.34;0.05060239;UNKNOWN
2016-02-20T00:34:43.000000;2016-02-20T00:34:43.000000;c1b73419-649e-47e5-9aed-abd0150b01ee;421.27;0.4189;UNKNOWN
2016-02-20T00:34:43.000000;2016-02-20T00:34:43.000000;19c5a6ae-b5d0-403b-a19a-86443f25a4f6;421.27;0.2;UNKNOWN
2016-02-20T00:34:50.000000;2016-02-20T00:34:50.000000;8179dcf6-097b-46a7-bc6f-733431df6413;421.26;1.0;UNKNOWN
2016-02-20T00:34:52.000000;2016-02-20T00:34:52.000000;04941f76-fe4e-4f7c-b672-7db515dfa2ea;421.26;0.3;UNKNOWN
2016-02-20T00:35:05.000000;2016-02-20T00:35:05.000000;ef442246-df48-4c25-8282-2feac0ba402e;421.26;10.0;UNKNOWN
2016-02-20T00:35:09.000000;2016-02-20T00:35:09.000000;daa55941-b31e-4f09-a2bf-2ef9eb2ac62f;421.26;0.01;UNKNOWN
2016-02-20T00:35:50.000000;2016-02-20T00:35:50.000000;b75c782d-6fc1-4e07-aafd-e62a0e070b6a;421.26;7.08560364;UNKNOWN
2016-02-20T00:35:50.000000;2016-02-20T00:35:50.000000;33f6d403-41af-4b74-8b76-0424a91a81bc;421.26;0.1;UNKNOWN
2016-02-20T00:36:02.000000;2016-02-20T00:36:02.000000;c8ed1577-ca28-49df-a369-dac3cbc076e8;421.19;3.3198;UNKNOWN
2016-02-20T00:36:04.000000;2016-02-20T00:36:04.000000;a1fc336c-118a-4fd3-a38e-7dc107318dd0;421.18;0.1;UNKNOWN
2016-02-20T00:36:06.000000;2016-02-20T00:36:06.000000;fd6f4187-9b9c-4ce1-ac3a-3e380d54cb29;420.99;2.6;UNKNOWN
2016-02-20T00:36:06.000000;2016-02-20T00:36:06.000000;5079f269-b749-4035-b1e1-f7a47db57dc4;421.1;2.0;UNKNOWN
2016-02-20T00:36:21.000000;2016-02-20T00:36:21.000000;83896a99-df65-45a8-a36a-9f88887696ad;420.98;2.0;UNKNOWN
2016-02-20T00:36:26.000000;2016-02-20T00:36:26.000000;b38cbbd7-e514-4211-87ea-b63c49c7f2f8;420.98;0.82;UNKNOWN
2016-02-20T00:36:26.000000;2016-02-20T00:36:26.000000;ff0b194b-bf55-4ce4-8511-990d9322d24d;420.98;0.15;UNKNOWN
2016-02-20T00:36:40.000000;2016-02-20T00:36:40.000000;6bb27500-604a-4edb-abc2-954615bc08a7;420.96;0.01;UNKNOWN
2016-02-20T00:36:43.000000;2016-02-20T00:36:43.000000;98958c1f-b007-4c76-88b3-b2e035473ced;420.95;0.01;UNKNOWN
2016-02-20T00:36:52.000000;2016-02-20T00:36:52.000000;2b943877-f406-4db6-87ac-b6b139825cc8;420.96;3.66932617;UNKNOWN
2016-02-20T00:36:52.000000;2016-02-20T00:36:52.000000;9ecc201c-ae4e-436b-94fe-1a3705384473;421.09;0.9464;UNKNOWN
2016-02-20T00:36:52.000000;2016-02-20T00:36:52.000000;ba317368-b0d9-4b67-8662-d571f491eaf6;421.09;3.93207383;UNKNOWN
2016-02-20T00:37:04.000000;2016-02-20T00:37:04.000000;d387a8d4-1d63-4d34-8497-2d232d11de00;421.0;2.35244524;UNKNOWN
2016-02-20T00:37:41.000000;2016-02-20T00:37:41.000000;21edcb94-713f-460e-b2ec-abd5a247bb82;421.02;0.1;UNKNOWN
2016-02-20T00:37:41.000000;2016-02-20T00:37:41.000000;c32c589f-d1d6-4791-97a8-6018ade2c75a;421.03;0.1;UNKNOWN
2016-02-20T00:37:41.000000;2016-02-20T00:37:41.000000;c8faa8bf-d8fb-4275-a944-48a699e1e2b6;421.01;0.1;UNKNOWN
2016-02-20T00:38:22.000000;2016-02-20T00:38:22.000000;2908e926-e117-4088-9800-52a5b0ca7f53;421.0;1.3998;UNKNOWN
2016-02-20T00:38:32.000000;2016-02-20T00:38:32.000000;724aee4e-be2f-43eb-8b10-2dbdbee0a757;420.97;0.03564987;UNKNOWN
2016-02-20T00:38:38.000000;2016-02-20T00:38:38.000000;5aab7d04-7f7b-4d4b-b45b-208717cf3f4d;420.98;0.25;UNKNOWN
2016-02-20T00:39:05.000000;2016-02-20T00:39:05.000000;c114eb06-d1cc-417e-bfca-2e9193a041a8;421.0;3.4645761;UNKNOWN
2016-02-20T00:39:32.000000;2016-02-20T00:39:32.000000;453a4b39-3695-4610-83ad-e42080d76200;420.99;0.04657835;UNKNOWN
2016-02-20T00:39:39.000000;2016-02-20T00:39:39.000000;88ec7dc5-f19f-433b-9a5d-cd3441e87dfe;420.99;14.0;UNKNOWN
2016-02-20T00:39:44.000000;2016-02-20T00:39:44.000000;93abd8d6-574e-4346-860a-f9aac6ab6a2b;420.99;0.02;UNKNOWN
2016-02-20T00:40:43.000000;2016-02-20T00:40:43.000000;84e75d56-9be4-4793-b54b-b1d71b618705;420.99;0.28;UNKNOWN
2016-02-20T00:40:54.000000;2016-02-20T00:40:54.000000;c5268fb4-d107-4ad8-851f-3f9fddf63a96;420.99;0.01;UNKNOWN
2016-02-20T00:41:07.000000;2016-02-20T00:41:07.000000;ede22310-745f-4e1f-9e82-dfe630c7f4b4;420.99;1.13;UNKNOWN
2016-02-20T00:41:58.000000;2016-02-20T00:41:58.000000;ba4f3546-a3f7-4f87-9e76-303ee7ce1220;420.99;0.0706264;UNKNOWN
2016-02-20T00:42:51.000000;2016-02-20T00:42:51.000000;d9f42f9d-b87a-45d6-aa56-6cf25a24d3a6;421.09;0.17;UNKNOWN
2016-02-20T00:42:51.000000;2016-02-20T00:42:51.000000;6dc93404-31fe-4b10-bea9-5e8bcf6f25b1;421.0;0.83;UNKNOWN
2016-02-20T00:43:13.000000;2016-02-20T00:43:13.000000;116a0e33-dce6-40e0-92ea-918ac624514e;421.1;0.04169329;UNKNOWN
2016-02-20T00:43:13.000000;2016-02-20T00:43:13.000000;7c637751-a852-4ab1-b3af-85ac215844ba;421.1;0.5;UNKNOWN
2016-02-20T00:45:33.000000;2016-02-20T00:45:33.000000;263afe54-6ccc-4838-a20f-102ac714d1a0;420.93;0.1137958;UNKNOWN
2016-02-20T00:45:33.000000;2016-02-20T00:45:33.000000;53847a76-e360-4aff-a746-8ae113e894d7;420.99;0.1;UNKNOWN
2016-02-20T00:45:33.000000;2016-02-20T00:45:33.000000;d566f545-ee38-4b15-b4be-e1815d61a65d;420.95;0.49;UNKNOWN
2016-02-20T00:45:59.000000;2016-02-20T00:45:59.000000;871aed62-6f28-42f3-9356-c8177dceab2a;421.0;0.12387802;UNKNOWN
2016-02-20T00:46:10.000000;2016-02-20T00:46:10.000000;90b87f5b-2601-4f5c-a228-15a3b1dd0732;421.0;0.5;UNKNOWN
2016-02-20T00:46:10.000000;2016-02-20T00:46:10.000000;602c86db-57ba-4ab7-b818-9777d1b6f06d;421.0;0.37612198;UNKNOWN
2016-02-20T00:46:10.000000;2016-02-20T00:46:10.000000;709e038e-6e77-4129-a189-1ec06f0f5c22;420.95;0.5;UNKNOWN
2016-02-20T00:46:10.000000;2016-02-20T00:46:10.000000;46885e43-d9a9-47b5-884d-7ae0f2fdece0;420.92;0.5;UNKNOWN
2016-02-20T00:46:10.000000;2016-02-20T00:46:10.000000;5de462ed-45bd-49e8-af52-d038139a55ad;420.9;2.55887802;UNKNOWN
2016-02-20T00:46:10.000000;2016-02-20T00:46:10.000000;41a34706-5e7b-4d29-9d0f-e30f78ea7be6;420.98;0.5;UNKNOWN
2016-02-20T00:46:53.000000;2016-02-20T00:46:53.000000;464aa9c8-a2a2-4dbd-b813-38be48392c13;421.2;2.1167;UNKNOWN
2016-02-20T00:46:53.000000;2016-02-20T00:46:53.000000;44234678-d798-41f0-b132-c2ad83d28496;421.19;5.8833;UNKNOWN
2016-02-20T00:47:22.000000;2016-02-20T00:47:22.000000;177c80e4-97c9-4dfc-94b9-e1e045c6e442;421.03;0.275;UNKNOWN
2016-02-20T00:47:39.000000;2016-02-20T00:47:39.000000;1ca80cde-9750-405a-b556-a7a0d45b01c1;421.15;0.274;UNKNOWN
2016-02-20T00:48:13.000000;2016-02-20T00:48:13.000000;67e2d288-4761-4ae2-8510-3d6f09273247;421.27;0.1167;UNKNOWN
2016-02-20T00:48:13.000000;2016-02-20T00:48:13.000000;c750e7f0-e496-421e-8a4b-0cbe5242b4af;421.2;0.8833;UNKNOWN
2016-02-20T00:48:15.000000;2016-02-20T00:48:15.000000;eab93821-0a91-4ed8-ab55-ee3945d5a3f7;421.45;0.5;UNKNOWN
2016-02-20T00:48:15.000000;2016-02-20T00:48:15.000000;d195df78-844f-4920-991f-1e48924bc6c4;421.27;0.0833;UNKNOWN
2016-02-20T00:48:15.000000;2016-02-20T00:48:15.000000;a009e7de-d815-4c46-96c7-b9ee867493e7;421.48;0.4167;UNKNOWN
2016-02-20T00:48:30.000000;2016-02-20T00:48:30.000000;aaefd88f-ec06-4480-b299-52a54bc7316a;421.49;5.9078;UNKNOWN
2016-02-20T00:48:30.000000;2016-02-20T00:48:30.000000;6c0b8b44-1a1b-4114-8a22-7469c39e02bf;421.5;2.38799534;UNKNOWN
2016-02-20T00:48:40.000000;2016-02-20T00:48:40.000000;1979e30e-89d5-405f-9f02-4a7b93ecc164;421.34;0.2;UNKNOWN
2016-02-20T00:48:59.000000;2016-02-20T00:48:59.000000;af992215-7fa1-4a78-ba89-c796c4bf3449;421.46;10.0;UNKNOWN
2016-02-20T00:49:12.000000;2016-02-20T00:49:12.000000;3f87b0c3-8b34-4de4-8377-a56900496c5f;421.4;1.0;UNKNOWN
2016-02-20T00:49:27.000000;2016-02-20T00:49:27.000000;59b60789-79b7-44fc-9b47-c31620c596ee;421.47;0.3807;UNKNOWN
2016-02-20T00:49:27.000000;2016-02-20T00:49:27.000000;5a41f89a-d8b8-4d64-b5b6-01af784f4e3d;421.41;0.2;UNKNOWN
2016-02-20T00:49:40.000000;2016-02-20T00:49:40.000000;e8a96503-9e66-4e34-9dc3-c91b30003943;421.47;1.0;UNKNOWN
2016-02-20T00:49:42.000000;2016-02-20T00:49:42.000000;c2c9a2d7-b68a-45b7-a0ad-b3b08accefc5;421.47;0.03328586;UNKNOWN
2016-02-20T00:50:13.000000;2016-02-20T00:50:13.000000;2fbd8cab-4f6e-47fc-8ec0-f4b63987d39b;421.47;1.0;UNKNOWN
2016-02-20T00:50:38.000000;2016-02-20T00:50:38.000000;c193197f-d8b5-4484-9189-e584bc693aea;421.47;0.01;UNKNOWN
2016-02-20T00:50:46.000000;2016-02-20T00:50:46.000000;f51f16c7-cb23-45d9-8d50-12972f9f1119;421.48;1.0;UNKNOWN
2016-02-20T00:50:46.000000;2016-02-20T00:50:46.000000;4c04749b-a852-4a2d-983b-a498b343d9f9;421.48;22.75206072;UNKNOWN
2016-02-20T00:50:53.000000;2016-02-20T00:50:53.000000;6152953c-2f75-411c-b650-95dd35fb617d;421.47;2.0;UNKNOWN
2016-02-20T00:50:57.000000;2016-02-20T00:50:57.000000;788657dc-7bc5-47f9-9a59-436ac0dec693;421.47;0.01;UNKNOWN
2016-02-20T00:51:07.000000;2016-02-20T00:51:07.000000;ae6d7960-dc63-4ec5-9cae-062e70cee0e8;421.47;1.0;UNKNOWN
2016-02-20T00:51:16.000000;2016-02-20T00:51:16.000000;3d4c9a6f-dae3-4b44-b378-59df593d3ff2;421.47;0.01;UNKNOWN
2016-02-20T00:51:20.000000;2016-02-20T00:51:20.000000;661987ea-92ef-4cbb-a4ef-27b53c5150b4;421.47;6.69;UNKNOWN
2016-02-20T00:51:38.000000;2016-02-20T00:51:38.000000;b2b997d2-51c1-4de7-a9db-4a8e180769de;421.47;0.02247346;UNKNOWN
2016-02-20T00:51:42.000000;2016-02-20T00:51:42.000000;9fff5011-0d80-43cd-ac43-d22f9b690575;421.47;0.5;UNKNOWN
2016-02-20T00:51:55.000000;2016-02-20T00:51:55.000000;0c92d7db-901c-475c-a658-54c5b5345123;421.47;0.5;UNKNOWN
2016-02-20T00:52:02.000000;2016-02-20T00:52:02.000000;a3565135-0b32-48cb-8a06-96e1d655ece0;421.47;0.01024068;UNKNOWN
2016-02-20T00:52:32.000000;2016-02-20T00:52:32.000000;90143c14-f512-483d-b098-77325a3c3713;421.18;0.4693;UNKNOWN
2016-02-20T00:53:31.000000;2016-02-20T00:53:31.000000;b23d7444-5b2c-454a-894a-88d2090660b6;421.18;0.2307;UNKNOWN
2016-02-20T00:53:43.000000;2016-02-20T00:53:43.000000;b187aefe-4584-45d2-825e-ba4c98cae4d3;421.11;1.88;UNKNOWN
2016-02-20T00:53:43.000000;2016-02-20T00:53:43.000000;59d0b3a1-c77d-400c-8af4-283b364361fb;421.12;0.62;UNKNOWN
2016-02-20T00:53:46.000000;2016-02-20T00:53:46.000000;e307af3b-57bb-468b-89b9-8356c4c3b940;421.13;0.4;UNKNOWN
2016-02-20T00:53:54.000000;2016-02-20T00:53:54.000000;f3b5cd7d-fad1-46f1-9b22-0e7ef9823aa0;421.09;1.0;UNKNOWN
2016-02-20T00:54:05.000000;2016-02-20T00:54:05.000000;5281b08a-1963-437d-b799-3863c9142847;421.15;1.5;UNKNOWN
2016-02-20T00:54:55.000000;2016-02-20T00:54:55.000000;ba2e1bd0-259d-4d1b-8db5-49e17542de15;421.01;5.9226;UNKNOWN
2016-02-20T00:54:55.000000;2016-02-20T00:54:55.000000;f4836cc6-b59f-42be-9ea7-2d656bbedf68;421.0;17.5512566;UNKNOWN
2016-02-20T00:55:41.000000;2016-02-20T00:55:41.000000;d87fc1c2-57e4-4100-986a-5668251d5d29;421.03;0.900617;UNKNOWN
2016-02-20T00:55:53.000000;2016-02-20T00:55:53.000000;d25ef15e-1f5e-4c38-9c0e-4dba49250f02;421.04;5.3856;UNKNOWN
2016-02-20T00:55:53.000000;2016-02-20T00:55:53.000000;3ef00e88-5437-4a9f-911d-3d8ff0c13986;421.03;0.5;UNKNOWN
2016-02-20T00:56:01.000000;2016-02-20T00:56:01.000000;28597b51-6362-4079-9617-75953f298944;421.03;4.01910064;UNKNOWN
2016-02-20T00:56:01.000000;2016-02-20T00:56:01.000000;3d37fcf6-d07b-4c9b-a7a1-cb07a9f07195;421.03;19.6366;UNKNOWN
2016-02-20T00:56:02.000000;2016-02-20T00:56:02.000000;734ec9e8-3f33-40d7-afc2-eff83fa4ccdb;421.02;0.065;UNKNOWN
2016-02-20T00:56:09.000000;2016-02-20T00:56:09.000000;54bb5cc4-2e2f-4deb-8336-f8756daa1520;421.03;5.8701;UNKNOWN
2016-02-20T00:56:32.000000;2016-02-20T00:56:32.000000;13bfe229-fcf5-4526-aa75-2b18a88770fb;421.03;0.26994037;UNKNOWN
2016-02-20T00:57:06.000000;2016-02-20T00:57:06.000000;db41c92f-0832-4965-b73f-f54b9ff944d3;421.06;5.9141;UNKNOWN
2016-02-20T00:57:06.000000;2016-02-20T00:57:06.000000;6d0273da-0de5-4fee-a1f0-1bb5400d5577;421.06;17.69428924;UNKNOWN
2016-02-20T00:57:22.000000;2016-02-20T00:57:22.000000;1e3b7028-204c-428f-8d54-4219ca4796f7;421.0;0.09129836;UNKNOWN
2016-02-20T00:59:05.000000;2016-02-20T00:59:05.000000;cce7acbf-191d-4c64-abbb-230f968020b0;421.01;2.0456;UNKNOWN
2016-02-20T00:59:42.000000;2016-02-20T00:59:42.000000;0894cae1-1d0b-4932-88c6-6d0907048adc;421.0;0.64197213;UNKNOWN
2016-02-20T01:00:55.000000;2016-02-20T01:00:55.000000;3683ac5a-a90d-4ff4-bb37-f41ba2516dab;421.16;1.0;UNKNOWN
2016-02-20T01:01:53.000000;2016-02-20T01:01:53.000000;d33ba2d8-0dce-4781-86dd-0a67fe630797;421.02;0.1307721;UNKNOWN
2016-02-20T01:03:05.000000;2016-02-20T01:03:05.000000;cda6f7b0-68df-43c6-9497-caab3bfde16d;421.08;3.0;UNKNOWN
2016-02-20T01:03:05.000000;2016-02-20T01:03:05.000000;e7bcab22-0907-4cd9-9873-081afdbde2c4;421.02;5.9044;UNKNOWN
2016-02-20T01:03:05.000000;2016-02-20T01:03:05.000000;ee3e782a-8bda-4d77-8231-9306b4fe9b66;421.02;0.5956;UNKNOWN
2016-02-20T01:03:05.000000;2016-02-20T01:03:05.000000;0e94142a-a10a-4b60-8a3d-8b86efcfe8c9;421.09;0.5;UNKNOWN
2016-02-20T01:03:06.000000;2016-02-20T01:03:06.000000;f63e1e95-6c76-45a1-b281-cc8731e221b4;421.02;5.4044;UNKNOWN
2016-02-20T01:03:06.000000;2016-02-20T01:03:06.000000;5b78432d-d786-4390-893e-60599f6854dc;421.0;3.5956;UNKNOWN
2016-02-20T01:03:06.000000;2016-02-20T01:03:06.000000;5b090b19-8c6e-492f-a344-873ba6f89d98;421.01;1.0;UNKNOWN
2016-02-20T01:03:23.000000;2016-02-20T01:03:23.000000;ab7f39df-181d-4850-976b-4cd5c9452ac3;421.16;20.0;UNKNOWN
2016-02-20T01:03:32.000000;2016-02-20T01:03:32.000000;bacddccd-9037-4462-be72-bef1f59cee08;421.11;5.0;UNKNOWN
2016-02-20T01:03:35.000000;2016-02-20T01:03:35.000000;4759f947-d6d6-4936-92f6-6887aafc0713;421.13;3.0;UNKNOWN
2016-02-20T01:03:35.000000;2016-02-20T01:03:35.000000;29ec929a-c20b-407c-9c13-4a301d18e936;421.13;0.5;UNKNOWN
2016-02-20T01:03:35.000000;2016-02-20T01:03:35.000000;425fead1-d85b-487d-b79c-e8502bb6d318;421.13;1.5;UNKNOWN
2016-02-20T01:03:49.000000;2016-02-20T01:03:49.000000;f72c9138-95be-4407-9fa3-2b3fe5c14e1f;421.05;2.57;UNKNOWN
2016-02-20T01:03:49.000000;2016-02-20T01:03:49.000000;cf212036-5f3d-4107-b6d5-2024c2d7a59e;421.06;0.5;UNKNOWN
2016-02-20T01:04:19.000000;2016-02-20T01:04:19.000000;e56cbec5-76a0-4283-87c5-1dd39396278d;421.05;5.8997;UNKNOWN
2016-02-20T01:04:19.000000;2016-02-20T01:04:19.000000;50527448-df67-44a1-a8b3-f17f51cb8b52;421.02;12.1003;UNKNOWN
2016-02-20T01:06:42.000000;2016-02-20T01:06:42.000000;f08f8e71-f48b-4a78-9110-7de9d88f76b4;421.09;0.14027279;UNKNOWN
2016-02-20T01:07:05.000000;2016-02-20T01:07:05.000000;a42563d2-11f1-4d7c-b68f-d6bc5a6547ff;421.13;20.0;UNKNOWN
2016-02-20T01:12:05.000000;2016-02-20T01:12:05.000000;7ee0c1fa-9e72-4194-8c5c-45325611aee9;421.46;0.23835061;UNKNOWN
2016-02-20T01:12:33.000000;2016-02-20T01:12:33.000000;67a56377-9d60-4ee8-95aa-5c1aef1db483;421.08;0.237;UNKNOWN
2016-02-20T01:12:52.000000;2016-02-20T01:12:52.000000;6810411e-d71b-4301-a4ca-eb844d110157;421.09;0.48731912;UNKNOWN
2016-02-20T01:13:31.000000;2016-02-20T01:13:31.000000;78eec87c-86c3-47f9-bc2b-d778dc37917b;421.13;0.06;UNKNOWN
2016-02-20T01:13:52.000000;2016-02-20T01:13:52.000000;54c80cbb-d7b4-4cc8-8c09-914da8a90418;421.09;0.11876372;UNKNOWN
2016-02-20T01:14:17.000000;2016-02-20T01:14:17.000000;8bf4c4f7-602e-40cf-a2c2-49511fcc3790;421.32;2.5;UNKNOWN
2016-02-20T01:14:22.000000;2016-02-20T01:14:22.000000;0e10ad45-e645-41df-bbae-bd5ecb47f361;421.31;5.0;UNKNOWN
2016-02-20T01:14:26.000000;2016-02-20T01:14:26.000000;c44f75ad-dba7-43d4-9f38-749528bdeb5f;421.31;5.8774;UNKNOWN
2016-02-20T01:14:26.000000;2016-02-20T01:14:26.000000;8440e078-522a-4b1f-8969-42ca2a05fbe0;421.31;7.784;UNKNOWN
2016-02-20T01:14:26.000000;2016-02-20T01:14:26.000000;843644b5-0a12-457a-a970-47c75a0bc5a8;421.38;13.4807;UNKNOWN
2016-02-20T01:14:30.000000;2016-02-20T01:14:30.000000;187a7b94-0887-4e55-a4d7-7cf7e0641013;421.5;0.11200466;UNKNOWN
2016-02-20T01:14:30.000000;2016-02-20T01:14:30.000000;f4af1964-3f6f-491e-8475-7af7ae7fedca;421.48;1.0;UNKNOWN
2016-02-20T01:14:30.000000;2016-02-20T01:14:30.000000;3242f5dc-bbed-4369-850d-3d31371b7253;421.48;0.2;UNKNOWN
2016-02-20T01:14:32.000000;2016-02-20T01:14:32.000000;cfc9ecf6-f6b0-4ec7-9722-ff7a0e5ac8d2;421.46;0.05867718;UNKNOWN
2016-02-20T01:14:40.000000;2016-02-20T01:14:40.000000;fbf55505-e4e7-4d9b-a217-357cddd17d01;421.54;0.01;UNKNOWN
2016-02-20T01:14:40.000000;2016-02-20T01:14:40.000000;64e86d75-45e4-40ce-b406-71899e92babe;421.53;0.5;UNKNOWN
2016-02-20T01:14:40.000000;2016-02-20T01:14:40.000000;39969cff-8ecc-48a6-91e1-b0f504a516d2;421.56;0.5;UNKNOWN
2016-02-20T01:14:40.000000;2016-02-20T01:14:40.000000;a9d4950e-355d-4104-8276-8bdbd0938d18;421.6;0.49;UNKNOWN
2016-02-20T01:14:40.000000;2016-02-20T01:14:40.000000;aa9a9044-e3d5-47bb-83f6-b69bb2291c86;421.59;0.5;UNKNOWN
2016-02-20T01:14:42.000000;2016-02-20T01:14:42.000000;073cffef-0c9e-4216-a4f0-76f3f3d5c0dc;421.51;0.01;UNKNOWN
2016-02-20T01:14:46.000000;2016-02-20T01:14:46.000000;cd81621d-c22a-48df-a695-afe36dc23e8e;421.46;3.2;UNKNOWN
2016-02-20T01:14:51.000000;2016-02-20T01:14:51.000000;be8d21df-36e9-4a4b-99a4-81566307b598;421.69;0.29;UNKNOWN
2016-02-20T01:14:51.000000;2016-02-20T01:14:51.000000;5d4dfdf1-ec47-4764-af9f-f6a2f5555d7b;421.64;0.01;UNKNOWN
2016-02-20T01:14:51.000000;2016-02-20T01:14:51.000000;3be18ac8-a6a1-4c04-8f10-a2f45b25a927;421.52;0.2;UNKNOWN
2016-02-20T01:14:51.000000;2016-02-20T01:14:51.000000;0fab86fe-6438-4498-b7df-390bd5001fb0;421.6;1.0;UNKNOWN
2016-02-20T01:14:53.000000;2016-02-20T01:14:53.000000;0ff4dcf8-71c0-448e-af9f-4a39e4616352;421.42;0.46830179;UNKNOWN
2016-02-20T01:15:05.000000;2016-02-20T01:15:05.000000;9ee14d2a-76c5-47bb-bb40-a94e763b7b59;421.59;5.0;UNKNOWN
2016-02-20T01:15:05.000000;2016-02-20T01:15:05.000000;47b2913f-758b-4b44-b1d8-2c9d32e3ac28;421.59;0.28440063;UNKNOWN
2016-02-20T01:15:11.000000;2016-02-20T01:15:11.000000;f1afde02-6ab4-4397-8d53-78b4001e374d;421.6;1.0;UNKNOWN
2016-02-20T01:15:11.000000;2016-02-20T01:15:11.000000;2bb40343-d8a6-4f0f-97e3-3a11f8b64299;421.69;7.0617;UNKNOWN
2016-02-20T01:15:11.000000;2016-02-20T01:15:11.000000;f501f927-8c92-4538-9b90-1642cd4163cb;421.58;5.9283;UNKNOWN
2016-02-20T01:15:11.000000;2016-02-20T01:15:11.000000;f4dd27d8-c7fa-4d5e-b461-78477a17b474;421.61;1.01;UNKNOWN
2016-02-20T01:15:21.000000;2016-02-20T01:15:21.000000;495f3fd7-f0ea-4bd7-a47a-1a61369d8bef;421.57;0.13;UNKNOWN
2016-02-20T01:15:47.000000;2016-02-20T01:15:47.000000;d8b71f1d-0bba-44cb-966d-518976b80800;421.6;1.0;UNKNOWN
2016-02-20T01:15:47.000000;2016-02-20T01:15:47.000000;1ebfb73d-6e01-49da-b6cf-cb45df3f30a0;421.69;1.5;UNKNOWN
2016-02-20T01:16:33.000000;2016-02-20T01:16:33.000000;b064c23d-2fbf-4de7-aea0-aaf9de379f80;421.51;0.70410965;UNKNOWN
2016-02-20T01:16:33.000000;2016-02-20T01:16:33.000000;78fdec64-380f-445e-9c87-7b45dfaa3030;421.55;0.71260836;UNKNOWN
2016-02-20T01:17:10.000000;2016-02-20T01:17:10.000000;2862c26e-b49d-4a1c-a2ba-39a32c5f8fb0;421.52;0.04;UNKNOWN
2016-02-20T01:17:10.000000;2016-02-20T01:17:10.000000;5f38f926-9264-4626-bf16-d0a7ddad4915;421.51;3.96;UNKNOWN
2016-02-20T01:17:41.000000;2016-02-20T01:17:41.000000;8ee704db-df33-4453-8937-f1b4e68318dd;421.6;5.0;UNKNOWN
2016-02-20T01:17:47.000000;2016-02-20T01:17:47.000000;26c5e508-e8ef-4c89-9e09-19de29fc7da2;421.65;1.0;UNKNOWN
2016-02-20T01:17:57.000000;2016-02-20T01:17:57.000000;3a7338fb-9efe-4414-b31b-5f8c604af08c;421.68;0.5933;UNKNOWN
2016-02-20T01:18:33.000000;2016-02-20T01:18:33.000000;64205e01-b78b-4cf3-9bb8-f695b16285d0;421.5;0.0732;UNKNOWN
2016-02-20T01:19:33.000000;2016-02-20T01:19:33.000000;9afdafbf-e96a-402f-823d-b6fd02008090;421.51;0.06;UNKNOWN
2016-02-20T01:20:11.000000;2016-02-20T01:20:11.000000;6da6cd86-a2ea-4593-9bcd-2cd15725e6b7;421.57;2.5;UNKNOWN
2016-02-20T01:20:45.000000;2016-02-20T01:20:45.000000;43f443b1-38f8-406b-901e-487d3a45bc53;421.51;4.16902087;UNKNOWN
2016-02-20T01:21:01.000000;2016-02-20T01:21:01.000000;0cdf5b72-f0b9-4e94-bec4-4a891f6096e6;421.64;0.2;UNKNOWN
2016-02-20T01:21:23.000000;2016-02-20T01:21:23.000000;4eee70dc-1641-4fea-aed1-c01740346cb3;421.51;0.71245622;UNKNOWN
2016-02-20T01:21:47.000000;2016-02-20T01:21:47.000000;e8fad922-573d-4984-bed5-0b02a7765cb3;421.5;0.94405243;UNKNOWN
2016-02-20T01:22:12.000000;2016-02-20T01:22:12.000000;03dfd28b-6243-4d15-aa49-f2f527a9b032;421.5;0.2374854;UNKNOWN
2016-02-20T01:22:13.000000;2016-02-20T01:22:13.000000;1b16563c-5631-4ebd-b55c-dc77c5872a76;421.57;1.5;UNKNOWN
2016-02-20T01:22:13.000000;2016-02-20T01:22:13.000000;f3d13102-398f-4499-9ce4-bc268ee80025;421.57;0.5;UNKNOWN
2016-02-20T01:23:02.000000;2016-02-20T01:23:02.000000;f7cc6b9f-1ab7-4621-b12b-ac721cb52e2d;421.52;0.11518042;UNKNOWN
2016-02-20T01:23:32.000000;2016-02-20T01:23:32.000000;7833b51c-d882-4aa5-88d9-218509d1d89b;421.55;0.06162014;UNKNOWN
2016-02-20T01:24:32.000000;2016-02-20T01:24:32.000000;d81dd376-9e1e-453c-81b2-5d378851585b;421.55;0.23746285;UNKNOWN
2016-02-20T01:24:55.000000;2016-02-20T01:24:55.000000;e8b3dc52-10f1-470e-87a3-a62835539173;421.68;0.5;UNKNOWN
2016-02-20T01:25:05.000000;2016-02-20T01:25:05.000000;60fd90df-5f0f-4e84-bea9-c9074f41cbc5;421.69;2.37112913;UNKNOWN
2016-02-20T01:26:05.000000;2016-02-20T01:26:05.000000;4502e07f-4ef0-4b28-b9f8-ef0880e3dbe7;421.68;0.2;UNKNOWN
2016-02-20T01:26:05.000000;2016-02-20T01:26:05.000000;fe5e8537-f366-4960-a574-7bcafa8144f6;421.53;0.5;UNKNOWN
2016-02-20T01:26:05.000000;2016-02-20T01:26:05.000000;e2acfd11-e9ce-478c-a3ff-fb5c444c5d87;421.51;1.3;UNKNOWN
2016-02-20T01:26:05.000000;2016-02-20T01:26:05.000000;fd0048ba-2532-4e07-927e-b3c9ed604142;421.52;3.0;UNKNOWN
2016-02-20T01:26:17.000000;2016-02-20T01:26:17.000000;7a41bd5d-73f6-4bd8-89c7-528bb707ddcb;421.67;1.0;UNKNOWN
2016-02-20T01:27:41.000000;2016-02-20T01:27:41.000000;901e4f0b-80ce-4696-8502-db12f8a97c1b;421.56;2.5;UNKNOWN
2016-02-20T01:27:46.000000;2016-02-20T01:27:46.000000;6ee4c290-cad0-4060-ba1e-c6f2b77e1269;421.66;2.5;UNKNOWN
2016-02-20T01:27:51.000000;2016-02-20T01:27:51.000000;72ba625f-b156-4786-985c-e1e3abfc0e99;421.55;3.0;UNKNOWN
2016-02-20T01:28:28.000000;2016-02-20T01:28:28.000000;33daa416-e8b1-4ba7-a26d-f648ccacff5f;421.62;0.04;UNKNOWN
2016-02-20T01:28:33.000000;2016-02-20T01:28:33.000000;438c78ac-3263-4ead-8538-22c4d7b2aeab;421.6;0.0834;UNKNOWN
2016-02-20T01:28:49.000000;2016-02-20T01:28:49.000000;f162d208-eb5a-49f8-afe0-7ffb6cd9fba3;421.5;0.01;UNKNOWN
2016-02-20T01:28:58.000000;2016-02-20T01:28:58.000000;e29bde22-4f8d-42ac-b4c3-fc866dc05c7f;421.54;2.04;UNKNOWN
2016-02-20T01:28:58.000000;2016-02-20T01:28:58.000000;435eec2d-5b48-4b8b-a699-2438d44adf16;421.56;0.46;UNKNOWN
2016-02-20T01:29:18.000000;2016-02-20T01:29:18.000000;8e2e3fd9-814d-4e94-b4d4-971b4e448c2c;421.5;0.14559706;UNKNOWN
2016-02-20T01:29:22.000000;2016-02-20T01:29:22.000000;24fe68e6-e59c-4060-8fff-3a57827439c4;421.5;0.14559706;UNKNOWN
2016-02-20T01:29:23.000000;2016-02-20T01:29:23.000000;e950aa88-0a33-4957-ada7-b72dfa7e7dc0;421.51;0.019;UNKNOWN
2016-02-20T01:29:23.000000;2016-02-20T01:29:23.000000;15645d60-aab3-4778-a5ac-57f30f65ebdc;421.51;0.00094745;UNKNOWN
2016-02-20T01:29:26.000000;2016-02-20T01:29:26.000000;39e6db5e-bf39-4169-9d30-b391c3812a6e;421.5;0.14559706;UNKNOWN
2016-02-20T01:29:29.000000;2016-02-20T01:29:29.000000;548b2efd-bcde-4920-9fb9-915661ff24ea;421.5;0.14559706;UNKNOWN
2016-02-20T01:29:32.000000;2016-02-20T01:29:32.000000;e619693c-6a3c-4346-a57e-2b1ce29c35c0;421.5;0.14559706;UNKNOWN
2016-02-20T01:30:22.000000;2016-02-20T01:30:22.000000;3904db48-98f0-427e-af27-472535da7740;421.5;0.71240547;UNKNOWN
2016-02-20T01:30:34.000000;2016-02-20T01:30:34.000000;9137804d-74c1-46c9-98bb-b67c47430c4e;421.5;0.199164;UNKNOWN
2016-02-20T01:30:52.000000;2016-02-20T01:30:52.000000;46a52d06-2541-4664-9991-c3c18d62a323;421.5;0.35622811;UNKNOWN
2016-02-20T01:30:56.000000;2016-02-20T01:30:56.000000;0fa24669-8567-4c1f-9813-d813974ec214;421.5;0.017;UNKNOWN
2016-02-20T01:31:19.000000;2016-02-20T01:31:19.000000;10a8cbd0-e8ac-4b08-b99a-1cefed35810b;421.51;0.00196559;UNKNOWN
2016-02-20T01:31:19.000000;2016-02-20T01:31:19.000000;2a8d3356-ae58-44f2-a43f-a95be4508718;421.51;0.015;UNKNOWN
2016-02-20T01:31:30.000000;2016-02-20T01:31:30.000000;01beba63-68e7-46d0-a627-3f3c9765ef79;421.5;0.015;UNKNOWN
2016-02-20T01:31:30.000000;2016-02-20T01:31:30.000000;2b2eef7c-8b83-45e7-842e-1774228ea08b;421.5;0.00483914;UNKNOWN
2016-02-20T01:31:37.000000;2016-02-20T01:31:37.000000;f70e6e08-d912-4ab6-af42-4a9fc5c3dd55;421.51;0.015;UNKNOWN
2016-02-20T01:31:37.000000;2016-02-20T01:31:37.000000;bb75e33c-7753-4996-b097-71db87224d8d;421.51;0.00479899;UNKNOWN
2016-02-20T01:31:42.000000;2016-02-20T01:31:42.000000;582d2b34-569e-4d6a-849e-ebcc8eb3c202;421.5;0.014;UNKNOWN
2016-02-20T01:32:01.000000;2016-02-20T01:32:01.000000;44c9f8ad-b91e-47ac-a626-de727eed2d20;421.51;0.012;UNKNOWN
2016-02-20T01:32:08.000000;2016-02-20T01:32:08.000000;9149bfa1-7dc7-43f4-9db1-34528671e710;421.5;0.012;UNKNOWN
2016-02-20T01:32:14.000000;2016-02-20T01:32:14.000000;62bd9ab9-504b-45c7-8a59-85daf68213e3;421.51;0.013;UNKNOWN
2016-02-20T01:32:14.000000;2016-02-20T01:32:14.000000;46e17a67-6214-4ecc-9acd-b4f7d19e7e97;421.51;0.00094739;UNKNOWN
2016-02-20T01:32:43.000000;2016-02-20T01:32:43.000000;5140dca9-bb5e-41ec-a38b-4f9c061e4994;421.5;0.22561113;UNKNOWN
2016-02-20T01:37:56.000000;2016-02-20T01:37:56.000000;edebd892-3db1-4b85-bbde-384eb15d917f;421.51;0.9;UNKNOWN
2016-02-20T01:38:41.000000;2016-02-20T01:38:41.000000;aebd46c3-fc42-4035-a5cc-b405b061497f;421.51;1.90173424;UNKNOWN
2016-02-20T01:40:22.000000;2016-02-20T01:40:22.000000;47464bcd-fcb0-4518-9b1f-6b684ffb1ee6;421.34;0.1187427;UNKNOWN
2016-02-20T01:40:28.000000;2016-02-20T01:40:28.000000;1f3b5176-5e5b-4660-8d74-56adc84b32fd;421.51;0.7124;UNKNOWN
2016-02-20T01:41:05.000000;2016-02-20T01:41:05.000000;f0c47d0f-3ee7-41fc-96d7-2ba786926c7f;421.32;0.24531637;UNKNOWN
2016-02-20T01:42:55.000000;2016-02-20T01:42:55.000000;a09ddaff-3014-49fa-83b4-51a9408fe11b;421.51;1.40320634;UNKNOWN
2016-02-20T01:42:55.000000;2016-02-20T01:42:55.000000;3e2a989a-3737-4e43-b102-b0a2f3bab749;421.54;14.3708;UNKNOWN
2016-02-20T01:42:55.000000;2016-02-20T01:42:55.000000;091f8b4d-1fa5-467a-8a49-512b25503892;421.52;10.69;UNKNOWN
2016-02-20T01:44:55.000000;2016-02-20T01:44:55.000000;f3352a9a-40ea-4fce-af54-1005050a29de;421.69;15.1664;UNKNOWN
2016-02-20T01:44:55.000000;2016-02-20T01:44:55.000000;378346c9-2aa8-4026-bd12-181999c61094;421.7;5.511483;UNKNOWN
2016-02-20T01:44:55.000000;2016-02-20T01:44:55.000000;5513ae5f-0f76-470a-8957-850092674b24;421.7;0.322117;UNKNOWN
2016-02-20T01:45:05.000000;2016-02-20T01:45:05.000000;8a33624f-f5ab-4d15-822a-7c778ace7260;421.69;0.69169805;UNKNOWN
2016-02-20T01:45:12.000000;2016-02-20T01:45:12.000000;1473df00-97b3-40e7-bd5b-2744648ff565;421.69;4.6954;UNKNOWN
2016-02-20T01:47:38.000000;2016-02-20T01:47:38.000000;af947c5c-b555-4dcc-b8e7-db293a0e3b80;421.67;0.101;UNKNOWN
2016-02-20T01:48:06.000000;2016-02-20T01:48:06.000000;696a2c1c-c2e0-4fdb-b40b-34ff8d257b21;421.24;0.5;UNKNOWN
2016-02-20T01:48:06.000000;2016-02-20T01:48:06.000000;2e83f6c4-594d-456f-98d6-02b221fa46cd;421.26;0.5;UNKNOWN
2016-02-20T01:48:06.000000;2016-02-20T01:48:06.000000;d2549875-7f06-464a-b693-9f6c47ce211d;421.29;0.5;UNKNOWN
2016-02-20T01:48:06.000000;2016-02-20T01:48:06.000000;17450da1-d50c-499d-8784-2c64e5870846;421.18;0.355;UNKNOWN
2016-02-20T01:48:06.000000;2016-02-20T01:48:06.000000;f603cd98-9411-4949-8fdc-0e5124c5e302;421.21;0.5;UNKNOWN
2016-02-20T01:48:14.000000;2016-02-20T01:48:14.000000;974e9e6f-affd-4541-800b-b19bb18413d7;421.2;0.5;UNKNOWN
2016-02-20T01:48:15.000000;2016-02-20T01:48:15.000000;b12c2ee2-da1c-46be-8af2-9219d2547a71;421.2;0.5;UNKNOWN
2016-02-20T01:48:18.000000;2016-02-20T01:48:18.000000;9c4e95a3-247b-4007-af27-33f2e9cb919c;421.2;0.5;UNKNOWN
2016-02-20T01:48:59.000000;2016-02-20T01:48:59.000000;a80f5c14-2863-4409-89ad-b6121e8ea78e;421.19;4.146;UNKNOWN
2016-02-20T01:49:57.000000;2016-02-20T01:49:57.000000;40b78f04-2fee-496a-a4dc-16938f07aff5;421.19;0.7082;UNKNOWN
2016-02-20T01:50:06.000000;2016-02-20T01:50:06.000000;549613d1-44fb-4cf6-aa78-cb2a5d9dc7ae;421.19;0.45321184;UNKNOWN
2016-02-20T01:50:53.000000;2016-02-20T01:50:53.000000;31a6447b-e4da-4193-892b-7ae21dcee4d6;421.19;5.2548;UNKNOWN
2016-02-20T01:52:05.000000;2016-02-20T01:52:05.000000;7bee8479-962b-4787-b85f-f9eb14b5ea0f;421.18;0.5;UNKNOWN
2016-02-20T01:52:05.000000;2016-02-20T01:52:05.000000;541f9bfb-4c31-4970-a944-bd50250ea1d1;421.13;0.5;UNKNOWN
2016-02-20T01:52:05.000000;2016-02-20T01:52:05.000000;2e215185-558c-4078-a605-6ef0fbc4f87b;421.18;0.5;UNKNOWN
2016-02-20T01:52:05.000000;2016-02-20T01:52:05.000000;6e31fe15-66cf-4daa-be1d-c3764133be80;421.18;0.5;UNKNOWN
2016-02-20T01:52:05.000000;2016-02-20T01:52:05.000000;af5ac8e4-eae2-433f-af43-dbecf80c17e6;421.17;0.2;UNKNOWN
2016-02-20T01:52:05.000000;2016-02-20T01:52:05.000000;6b047b51-0a5e-4301-8d3b-49432f123eb2;421.18;0.5;UNKNOWN
2016-02-20T01:52:05.000000;2016-02-20T01:52:05.000000;03e718fa-3f24-4017-b296-6514fc74bc8d;421.17;0.5;UNKNOWN
2016-02-20T01:52:05.000000;2016-02-20T01:52:05.000000;858eb907-aed6-48af-a394-4046a6aeb45c;421.08;1.798;UNKNOWN
2016-02-20T01:52:06.000000;2016-02-20T01:52:06.000000;349049cd-5ad1-4cfe-9301-d775bfd1b373;421.24;1.28089568;UNKNOWN
2016-02-20T01:52:42.000000;2016-02-20T01:52:42.000000;fae05595-9be6-448f-b9ef-0a39f1f581f8;421.24;5.0;UNKNOWN
2016-02-20T01:52:44.000000;2016-02-20T01:52:44.000000;422f110c-1f98-492f-8593-849b37e23817;421.09;2.16873586;UNKNOWN
2016-02-20T01:53:03.000000;2016-02-20T01:53:03.000000;09556280-74a0-47ca-aea8-03c170ca4193;421.24;0.7152;UNKNOWN
2016-02-20T01:53:21.000000;2016-02-20T01:53:21.000000;baf52d6d-36aa-485d-96d5-30a85a829e7a;421.07;4.1003;UNKNOWN
2016-02-20T01:53:21.000000;2016-02-20T01:53:21.000000;2d0cd882-46f5-408b-b2ca-14c7c7d2f0dd;421.08;0.5;UNKNOWN
2016-02-20T01:53:21.000000;2016-02-20T01:53:21.000000;319fe20b-0fb1-4e88-b0d9-2a2b308dfc8c;421.08;5.8997;UNKNOWN
2016-02-20T01:53:21.000000;2016-02-20T01:53:21.000000;b643e074-943b-41b4-ad96-78d1ff3e72a4;421.11;0.5;UNKNOWN
2016-02-20T01:53:21.000000;2016-02-20T01:53:21.000000;abddd1e3-e865-474c-8d12-3494bc5d57c2;421.09;3.0;UNKNOWN
2016-02-20T01:54:06.000000;2016-02-20T01:54:06.000000;3b8f567b-0be1-45d5-a704-cf705529fc62;421.14;0.9164;UNKNOWN
2016-02-20T01:54:06.000000;2016-02-20T01:54:06.000000;a7ccfed4-2db5-4c4e-b389-3f61e91bb44a;421.14;2.17;UNKNOWN
2016-02-20T01:54:32.000000;2016-02-20T01:54:32.000000;ff23019f-192e-4cf7-899b-4de006b1783d;421.07;0.52074;UNKNOWN
2016-02-20T01:54:36.000000;2016-02-20T01:54:36.000000;b7200783-baf2-4e48-96d3-f4132a419920;421.05;6.62104;UNKNOWN
2016-02-20T01:54:36.000000;2016-02-20T01:54:36.000000;71c17a89-a074-44a3-84d8-23271b99e4f5;421.07;0.37896;UNKNOWN
2016-02-20T01:55:01.000000;2016-02-20T01:55:01.000000;fbd9bf4a-4b08-43d9-ae74-2e05476d15bd;421.05;0.335;UNKNOWN
2016-02-20T01:57:55.000000;2016-02-20T01:57:55.000000;b5d70bb4-e732-4497-86da-41527ef1f7af;421.05;0.2;UNKNOWN
2016-02-20T01:58:01.000000;2016-02-20T01:58:01.000000;32be0794-1724-4605-9122-4dcd367f23fe;421.05;0.2;UNKNOWN
2016-02-20T01:58:08.000000;2016-02-20T01:58:08.000000;260ac93c-1820-403c-80b6-d293e9156959;421.05;0.93;UNKNOWN
2016-02-20T01:58:11.000000;2016-02-20T01:58:11.000000;36190966-6347-41f5-aa3d-20acd3bd6d54;421.05;1.0;UNKNOWN
2016-02-20T01:58:33.000000;2016-02-20T01:58:33.000000;ced5ab20-ccec-413c-aa56-f47261a0c2be;421.05;3.753977;UNKNOWN
2016-02-20T01:58:52.000000;2016-02-20T01:58:52.000000;35f48664-5848-490d-807d-debab4fe2bff;421.05;0.04041566;UNKNOWN
2016-02-20T01:59:31.000000;2016-02-20T01:59:31.000000;f74b137c-db45-4fe9-b827-22b566e86c7c;421.05;5.36346734;UNKNOWN
2016-02-20T01:59:31.000000;2016-02-20T01:59:31.000000;2508939b-2f70-49ec-bee6-b3807b3b7a21;421.0;3.27323266;UNKNOWN
2016-02-20T01:59:31.000000;2016-02-20T01:59:31.000000;b740db0f-665c-4129-9be1-72af643184ac;421.01;5.8633;UNKNOWN
2016-02-20T01:59:31.000000;2016-02-20T01:59:31.000000;cab7c9aa-9b3f-46a2-ad3f-8d49e122ff8a;421.03;0.5;UNKNOWN
2016-02-20T01:59:54.000000;2016-02-20T01:59:54.000000;e731ba37-7936-47b5-a5fe-34fc983a0855;421.04;1.2613;UNKNOWN
2016-02-20T01:59:54.000000;2016-02-20T01:59:54.000000;c5c5301a-3537-4679-aeae-4e3f7a71480b;421.01;3.7387;UNKNOWN
2016-02-20T02:00:02.000000;2016-02-20T02:00:02.000000;2ab2d216-a604-487f-a373-1e09db4e37d0;421.01;6.301;UNKNOWN
2016-02-20T02:00:49.000000;2016-02-20T02:00:49.000000;0e20a3ef-b018-4644-b9fd-830547452e64;421.0;0.034;UNKNOWN
2016-02-20T02:00:54.000000;2016-02-20T02:00:54.000000;50138255-da7d-4d75-bd15-3d283682bc0e;421.01;5.7;UNKNOWN
2016-02-20T02:01:52.000000;2016-02-20T02:01:52.000000;a28e328f-2396-450e-bb72-a0ef758e42f4;421.01;9.2;UNKNOWN
2016-02-20T02:06:12.000000;2016-02-20T02:06:12.000000;f6328f08-ff25-4580-9188-ba6fabe066b2;421.01;5.8947;UNKNOWN
2016-02-20T02:06:28.000000;2016-02-20T02:06:28.000000;d62e4ffb-b87d-4d84-ba9e-bbe869dd5a16;421.01;5.9194;UNKNOWN
2016-02-20T02:06:46.000000;2016-02-20T02:06:46.000000;a77c9b30-f2d8-4db3-b1b6-0b7ff55af24b;421.01;5.9028;UNKNOWN
2016-02-20T02:07:06.000000;2016-02-20T02:07:06.000000;c1c9e036-4346-434c-bc6f-4e1904f24e73;421.01;1.45445972;UNKNOWN
2016-02-20T02:07:21.000000;2016-02-20T02:07:21.000000;47042df2-c47d-44be-87d9-8032aab2f982;421.01;3.44514028;UNKNOWN
2016-02-20T02:07:25.000000;2016-02-20T02:07:25.000000;51bbe976-f44c-4fe0-a74e-b714d70b11b1;420.88;0.40723266;UNKNOWN
2016-02-20T02:07:25.000000;2016-02-20T02:07:25.000000;26dff022-c0db-4481-8b31-a8b09f4284c2;421.0;6.69276734;UNKNOWN
2016-02-20T02:07:25.000000;2016-02-20T02:07:25.000000;7603bf60-80ca-40c9-920b-d73c82084ed8;420.97;0.5;UNKNOWN
2016-02-20T02:09:02.000000;2016-02-20T02:09:02.000000;315d5485-0a8a-4d05-9e21-20b02b98c206;420.9;0.5;UNKNOWN
2016-02-20T02:09:02.000000;2016-02-20T02:09:02.000000;95c9cc17-149b-4f40-9d04-de7fe8feab58;420.81;0.21328541;UNKNOWN
2016-02-20T02:10:32.000000;2016-02-20T02:10:32.000000;a2371bf5-fc27-4d6e-931f-f80f471f236a;420.81;0.48147109;UNKNOWN
2016-02-20T02:11:12.000000;2016-02-20T02:11:12.000000;85b4c27d-d4fe-4a30-9be7-be73798f1ff4;420.81;0.1189374;UNKNOWN
2016-02-20T02:13:55.000000;2016-02-20T02:13:55.000000;7c435265-61d5-4b31-aa53-7f63d4e3dc67;420.82;1.5290337;UNKNOWN
2016-02-20T02:13:55.000000;2016-02-20T02:13:55.000000;c5c4a72c-b88a-48fd-8ed3-094f45e0c146;420.82;1.0;UNKNOWN
2016-02-20T02:13:55.000000;2016-02-20T02:13:55.000000;568e4e39-e0ec-4f3e-ba75-33e0dc6b6d5d;420.82;3.3859663;UNKNOWN
2016-02-20T02:14:19.000000;2016-02-20T02:14:19.000000;c004d7f9-fa28-4c71-b8b2-b282383739db;420.82;1.82;UNKNOWN
2016-02-20T02:14:19.000000;2016-02-20T02:14:19.000000;6ca84a7b-317c-4f6c-b2e2-6ed2dac95fa9;420.83;0.65128083;UNKNOWN
2016-02-20T02:14:19.000000;2016-02-20T02:14:19.000000;30fa28df-e23f-460a-ae0f-024ad3a51971;420.82;3.38611917;UNKNOWN
2016-02-20T02:14:32.000000;2016-02-20T02:14:32.000000;3d20e864-ffbb-46d9-833d-bc25d8c74c17;420.81;0.04936762;UNKNOWN
2016-02-20T02:15:21.000000;2016-02-20T02:15:21.000000;dc1ba705-4a9f-47b6-80fd-cf4ea13ce252;420.81;0.8423;UNKNOWN
2016-02-20T02:16:02.000000;2016-02-20T02:16:02.000000;752fa6f9-30b0-48bc-a3af-e4350e17c9e2;420.81;0.47574961;UNKNOWN
2016-02-20T02:17:05.000000;2016-02-20T02:17:05.000000;5c00419a-c679-42b9-a175-eb72905fdcda;420.77;0.42111113;UNKNOWN
2016-02-20T02:17:05.000000;2016-02-20T02:17:05.000000;ad83119d-cf57-4180-8115-048027e5c9fe;420.81;0.07888887;UNKNOWN
2016-02-20T02:17:05.000000;2016-02-20T02:17:05.000000;633cefb2-748b-4d6d-b6c9-20dc184ba6cc;420.78;0.5;UNKNOWN
2016-02-20T02:17:06.000000;2016-02-20T02:17:06.000000;b4576d84-b848-4bb9-89aa-5e7dd949ef55;420.81;7.35732934;UNKNOWN
2016-02-20T02:17:57.000000;2016-02-20T02:17:57.000000;5f3f969a-0dae-45db-99c3-ab3cea087bcc;420.77;4.57888887;UNKNOWN
2016-02-20T02:18:27.000000;2016-02-20T02:18:27.000000;0d719755-d69d-4568-826f-c54570b9b5be;420.66;1.0;UNKNOWN
2016-02-20T02:19:22.000000;2016-02-20T02:19:22.000000;75658919-8664-4d1a-a87e-915ba3d8623e;420.66;0.11894872;UNKNOWN
2016-02-20T02:20:32.000000;2016-02-20T02:20:32.000000;f216b797-3d10-4e61-848f-da06a9a88812;420.66;0.04759193;UNKNOWN
2016-02-20T02:22:32.000000;2016-02-20T02:22:32.000000;0a5cf88c-886f-4ceb-9f01-0333ca2f62db;420.66;0.071;UNKNOWN
2016-02-20T02:24:08.000000;2016-02-20T02:24:08.000000;9ee447e5-c995-4931-9da6-61d7f85e7f9b;420.66;2.0;UNKNOWN
2016-02-20T02:24:56.000000;2016-02-20T02:24:56.000000;9a63347d-1b1c-4920-89d1-e5f4cab0466b;420.66;0.13680979;UNKNOWN
2016-02-20T02:25:02.000000;2016-02-20T02:25:02.000000;305ca90d-a67a-46ec-a326-ca324db5022c;420.6;0.5;UNKNOWN
2016-02-20T02:25:03.000000;2016-02-20T02:25:03.000000;b67bc8c4-3007-4cba-b900-6087d476e15e;420.2;0.01;UNKNOWN
2016-02-20T02:25:03.000000;2016-02-20T02:25:03.000000;909ceabc-00e3-4079-99d0-e3e6bf4251dd;420.19;0.497;UNKNOWN
2016-02-20T02:25:03.000000;2016-02-20T02:25:03.000000;9a905835-02ed-4b99-85f6-1993f0d485c3;420.3;0.01;UNKNOWN
2016-02-20T02:25:47.000000;2016-02-20T02:25:47.000000;946159c2-8b64-41bb-95c8-a1ecaabd22db;420.22;0.42111113;UNKNOWN
2016-02-20T02:25:51.000000;2016-02-20T02:25:51.000000;a3d34579-5baf-44c9-b02b-bb35f5c7d692;420.09;0.29;UNKNOWN
2016-02-20T02:25:51.000000;2016-02-20T02:25:51.000000;a939f00f-c686-494d-955f-eb94474dd090;420.1;0.01;UNKNOWN
2016-02-20T02:25:51.000000;2016-02-20T02:25:51.000000;0f2b7702-4456-4135-8441-882b13ea82dc;420.16;0.2;UNKNOWN
2016-02-20T02:27:06.000000;2016-02-20T02:27:06.000000;27eed6cb-64b9-4b1c-8eb5-3a2b28488a56;420.6;0.4;UNKNOWN
2016-02-20T02:27:06.000000;2016-02-20T02:27:06.000000;a4a95cc4-ded7-4e15-96e2-b10f7f3ffa59;420.59;0.5;UNKNOWN
2016-02-20T02:27:06.000000;2016-02-20T02:27:06.000000;8853976c-0dc4-4aa5-8e99-950c8f710972;420.59;0.1;UNKNOWN
2016-02-20T02:29:10.000000;2016-02-20T02:29:10.000000;1b379ac1-8ed6-4473-bcb4-df0c6021fc31;420.48;0.02507;UNKNOWN
2016-02-20T02:29:54.000000;2016-02-20T02:29:54.000000;4f140840-3e21-4014-b7f5-8ea941f96f6f;420.38;0.01999611;UNKNOWN
2016-02-20T02:31:08.000000;2016-02-20T02:31:08.000000;bcdf7af9-8972-44ed-9030-a401d22c79c3;420.63;1.0;UNKNOWN
2016-02-20T02:32:06.000000;2016-02-20T02:32:06.000000;9a1213dd-23c3-4d3a-acbb-69b1a62d746e;420.61;0.048541;UNKNOWN
2016-02-20T02:32:07.000000;2016-02-20T02:32:07.000000;a3e63dab-2649-49da-b70e-931017800c3e;420.6;0.5;UNKNOWN
2016-02-20T02:32:07.000000;2016-02-20T02:32:07.000000;f6f042e9-50f7-4172-be7a-dbef161bc0f1;420.61;0.79;UNKNOWN
2016-02-20T02:32:09.000000;2016-02-20T02:32:09.000000;a7a585b3-626f-4555-9153-92a6295cf373;420.61;2.161459;UNKNOWN
2016-02-20T02:32:09.000000;2016-02-20T02:32:09.000000;2a694e9d-b4c7-4a47-bc65-854a5480be99;420.64;0.5;UNKNOWN
2016-02-20T02:32:09.000000;2016-02-20T02:32:09.000000;a8286d46-b107-4c83-9be8-fb9f819f9e7b;420.65;0.438541;UNKNOWN
2016-02-20T02:32:10.000000;2016-02-20T02:32:10.000000;40b87ce3-54c2-445d-9e7f-9fb532f9687b;420.65;2.1602;UNKNOWN
2016-02-20T02:34:22.000000;2016-02-20T02:34:22.000000;d951fda9-ae01-470a-abfe-54030a973114;420.28;0.1190619;UNKNOWN
2016-02-20T02:35:21.000000;2016-02-20T02:35:21.000000;a350a39a-1b01-4808-92aa-db5847f0147c;420.65;5.8924;UNKNOWN
2016-02-20T02:35:21.000000;2016-02-20T02:35:21.000000;f57755f8-5e04-4619-bde9-6249b2e654a1;420.64;7.4;UNKNOWN
2016-02-20T02:35:21.000000;2016-02-20T02:35:21.000000;cd33ec24-2f62-4718-9390-4fd827a01733;420.65;1.7076;UNKNOWN
2016-02-20T02:35:32.000000;2016-02-20T02:35:32.000000;b0eec24d-7635-43e1-aea0-d9f469d096a8;420.55;0.17642078;UNKNOWN
2016-02-20T02:35:32.000000;2016-02-20T02:35:32.000000;1791c2c8-694d-4ae5-bbab-c334811c3525;420.66;0.06;UNKNOWN
2016-02-20T02:35:32.000000;2016-02-20T02:35:32.000000;53b4a7e0-8c45-44b8-bc97-bfb6d36ce649;420.69;10.0;UNKNOWN
2016-02-20T02:35:32.000000;2016-02-20T02:35:32.000000;05f79bed-c6db-4591-8c65-6c9e4b1db7f8;420.66;2.36319021;UNKNOWN
2016-02-20T02:35:32.000000;2016-02-20T02:35:32.000000;0100d645-57ee-4216-9ad6-2f630099332f;421.03;2.04674039;UNKNOWN
2016-02-20T02:35:32.000000;2016-02-20T02:35:32.000000;b4c8f5f3-e49c-4509-bfec-9ac99ae91273;421.0;0.5300694;UNKNOWN
2016-02-20T02:35:38.000000;2016-02-20T02:35:38.000000;7008a0de-9273-477a-9012-d7baa3537584;420.65;0.10258686;UNKNOWN
2016-02-20T02:36:04.000000;2016-02-20T02:36:04.000000;d06fb326-182d-4c03-a999-65bca5c76eb7;420.84;0.13259583;UNKNOWN
2016-02-20T02:36:07.000000;2016-02-20T02:36:07.000000;cc6c303d-fdec-4451-9af1-e0bac498f329;420.75;0.08449933;UNKNOWN
2016-02-20T02:36:18.000000;2016-02-20T02:36:18.000000;71008cd4-db4a-44ba-8411-4f0527ab49da;420.82;0.01327178;UNKNOWN
2016-02-20T02:36:18.000000;2016-02-20T02:36:18.000000;5aaa0216-f639-4528-b203-ffc28758ba6d;421.07;2.72;UNKNOWN
2016-02-20T02:36:18.000000;2016-02-20T02:36:18.000000;d1c37f05-1c01-4164-89d0-ca9d3a774cee;421.06;0.28;UNKNOWN
2016-02-20T02:36:21.000000;2016-02-20T02:36:21.000000;11278ff3-c3b9-4db6-b337-e27760f9b5db;420.61;0.07679066;UNKNOWN
2016-02-20T02:36:26.000000;2016-02-20T02:36:26.000000;dca3fcf4-bbff-448e-ab3d-ddc0ced6aec5;420.66;0.02506;UNKNOWN
2016-02-20T02:36:30.000000;2016-02-20T02:36:30.000000;01a9f63b-9b00-4c23-999b-868e7a999ccb;420.71;0.02506;UNKNOWN
2016-02-20T02:36:32.000000;2016-02-20T02:36:32.000000;b7c972c4-315f-4aee-b589-bcec1ec08331;420.72;0.1136915;UNKNOWN
2016-02-20T02:36:42.000000;2016-02-20T02:36:42.000000;39bffe8e-721c-4d17-97b2-7fa23e7b3aeb;420.75;0.15866304;UNKNOWN
2016-02-20T02:36:46.000000;2016-02-20T02:36:46.000000;ec8d8d7b-8e1d-4708-88d4-ad681c76cbf1;420.76;0.07865644;UNKNOWN
2016-02-20T02:36:49.000000;2016-02-20T02:36:49.000000;3d080682-68b3-4548-89d8-ec3f00d42ae7;420.62;0.05485389;UNKNOWN
2016-02-20T02:36:50.000000;2016-02-20T02:36:50.000000;a750c374-ca36-45fd-bf47-d1e15c0d8936;420.78;0.02506;UNKNOWN
2016-02-20T02:37:03.000000;2016-02-20T02:37:03.000000;4fee7e95-5d15-4f55-8b14-e599bb8843e4;420.65;0.14247448;UNKNOWN
2016-02-20T02:37:06.000000;2016-02-20T02:37:06.000000;44ce5f89-0fa5-4004-941f-2536f0188a14;420.66;0.07613084;UNKNOWN
2016-02-20T02:37:34.000000;2016-02-20T02:37:34.000000;839bcb47-c6b4-480a-a8f2-e1f9961de0b3;420.54;0.13330325;UNKNOWN
2016-02-20T02:37:42.000000;2016-02-20T02:37:42.000000;05bbbb4d-a218-4938-8301-bf67bbfa67b8;420.57;0.07800466;UNKNOWN
2016-02-20T02:37:45.000000;2016-02-20T02:37:45.000000;10690734-2a16-4ad9-bd5c-9ee0713682d9;420.57;0.07292098;UNKNOWN
2016-02-20T02:37:49.000000;2016-02-20T02:37:49.000000;b08e0b40-bb1f-49e3-b439-223c596daf11;420.57;0.20283814;UNKNOWN
2016-02-20T02:37:52.000000;2016-02-20T02:37:52.000000;a299ecf6-1836-4f6c-ac04-685769c28b37;420.59;0.03313102;UNKNOWN
2016-02-20T02:37:55.000000;2016-02-20T02:37:55.000000;e1502442-1035-4c1f-bc45-7623becfb1f5;420.6;0.04517429;UNKNOWN
2016-02-20T02:37:56.000000;2016-02-20T02:37:56.000000;522266c1-ccaf-4b25-8c30-7e64675d9226;421.05;1.0;UNKNOWN
2016-02-20T02:37:56.000000;2016-02-20T02:37:56.000000;7726c2e9-4cfb-4632-ab67-dce0f2158159;421.05;5.8884;UNKNOWN
2016-02-20T02:38:03.000000;2016-02-20T02:38:03.000000;7574f79f-2507-428a-b8ea-e17086348b4c;421.04;0.20353027;UNKNOWN
2016-02-20T02:38:06.000000;2016-02-20T02:38:06.000000;e9dc37f6-3905-4f55-b5a9-caa933f25f69;421.04;0.08939424;UNKNOWN
2016-02-20T02:38:14.000000;2016-02-20T02:38:14.000000;04611de2-bdfc-4aa4-b7ad-23d037620b42;421.04;0.06985;UNKNOWN
2016-02-20T02:38:22.000000;2016-02-20T02:38:22.000000;a517d8a7-88f2-47a1-b13e-dcd1f6a7aae9;421.04;0.15266364;UNKNOWN
2016-02-20T02:38:25.000000;2016-02-20T02:38:25.000000;3d2756ae-d91f-4c83-9f0d-ad3755ba58c5;421.04;0.06088145;UNKNOWN
2016-02-20T02:38:38.000000;2016-02-20T02:38:38.000000;43791f74-a800-49a8-b1ee-828ef704c9d3;421.04;0.03887197;UNKNOWN
2016-02-20T02:38:38.000000;2016-02-20T02:38:38.000000;70c600c7-82d5-4bb6-aa61-4793ce10e646;421.03;0.00891543;UNKNOWN
2016-02-20T02:38:41.000000;2016-02-20T02:38:41.000000;acd0d3f9-481f-4c09-ba78-51065190699d;421.03;0.15231778;UNKNOWN
2016-02-20T02:38:44.000000;2016-02-20T02:38:44.000000;bdca81cf-b4ed-48c1-9b86-fa5366f2fd8d;421.03;0.08742987;UNKNOWN
2016-02-20T02:38:51.000000;2016-02-20T02:38:51.000000;7c48bc22-917b-4d47-95ba-fad057057636;421.04;0.20447158;UNKNOWN
2016-02-20T02:38:51.000000;2016-02-20T02:38:51.000000;914fdc8a-dc00-4582-b156-28f242ca783c;421.04;0.22634382;UNKNOWN
2016-02-20T02:39:00.000000;2016-02-20T02:39:00.000000;9bb9781b-a01d-4727-9970-e088473cfb43;421.03;0.01397;UNKNOWN
2016-02-20T02:39:01.000000;2016-02-20T02:39:01.000000;b9596366-1192-462e-988a-34d53091146b;421.03;0.08254243;UNKNOWN
2016-02-20T02:39:04.000000;2016-02-20T02:39:04.000000;113ce053-e601-4462-9132-a3a0e52f7536;421.03;0.01397;UNKNOWN
2016-02-20T02:39:05.000000;2016-02-20T02:39:05.000000;4f1fbf15-5ecd-4610-8198-9b223245a0c1;421.03;0.08748701;UNKNOWN
2016-02-20T02:39:08.000000;2016-02-20T02:39:08.000000;4a1acb33-46c4-4f6b-adfc-f47500b8326a;421.04;0.01397;UNKNOWN
2016-02-20T02:39:09.000000;2016-02-20T02:39:09.000000;2d485cf0-361b-4ada-82ad-c4dd694aaff7;421.04;0.16294221;UNKNOWN
2016-02-20T02:39:19.000000;2016-02-20T02:39:19.000000;24832252-3813-4524-8213-5039f2cc3447;421.04;0.17313911;UNKNOWN
2016-02-20T02:39:23.000000;2016-02-20T02:39:23.000000;a780a280-582d-46af-8566-0c7819400bdd;421.04;0.02905327;UNKNOWN
2016-02-20T02:39:26.000000;2016-02-20T02:39:26.000000;633dd2de-06cb-4f82-9823-b7bab7cfb2a6;421.04;0.03093019;UNKNOWN
2016-02-20T02:39:30.000000;2016-02-20T02:39:30.000000;d58f7c81-b7cb-4946-9fab-7ec7792f520b;421.03;0.14366952;UNKNOWN
2016-02-20T02:39:34.000000;2016-02-20T02:39:34.000000;0f660c83-f47d-4216-92c3-6cf1708eba46;421.03;0.11611008;UNKNOWN
2016-02-20T02:39:45.000000;2016-02-20T02:39:45.000000;91f1f181-781d-4b3a-b96b-b98374bc8dc8;421.03;0.05176399;UNKNOWN
2016-02-20T02:39:48.000000;2016-02-20T02:39:48.000000;23d85e4a-3a73-4149-8690-708b51857ec2;421.03;0.04937903;UNKNOWN
2016-02-20T02:40:03.000000;2016-02-20T02:40:03.000000;82d9c8cf-2755-41a9-845a-5f046b74826a;421.03;0.30918517;UNKNOWN
2016-02-20T02:40:05.000000;2016-02-20T02:40:05.000000;6f76de6a-ec87-4d2d-a2fa-30f494d32761;421.04;0.08;UNKNOWN
2016-02-20T02:40:05.000000;2016-02-20T02:40:05.000000;1cd2155a-c0ae-4431-8ad0-3e2a6e79e411;421.04;0.32508006;UNKNOWN
2016-02-20T02:40:44.000000;2016-02-20T02:40:44.000000;d6cb5921-7aeb-4d14-9a39-61f3592dc78b;421.03;0.13271115;UNKNOWN
2016-02-20T02:40:47.000000;2016-02-20T02:40:47.000000;426db725-ac9a-4008-a63d-64c635a90391;421.03;0.06637302;UNKNOWN
2016-02-20T02:40:50.000000;2016-02-20T02:40:50.000000;1090276b-c42c-41b3-a2e9-d677034b5535;420.74;4.31582448;UNKNOWN
2016-02-20T02:40:50.000000;2016-02-20T02:40:50.000000;3ab9c937-88c7-4f8a-bfc9-02b849315917;421.03;0.68417552;UNKNOWN
2016-02-20T02:40:51.000000;2016-02-20T02:40:51.000000;c305ceb5-2f60-4557-93c6-a740a74f31a7;420.73;0.08497938;UNKNOWN
2016-02-20T02:40:53.000000;2016-02-20T02:40:53.000000;725ee0cc-9c63-42dc-adbd-3dbee3cc8624;420.73;5.0;UNKNOWN
2016-02-20T02:40:53.000000;2016-02-20T02:40:53.000000;bbfaa370-9b9f-4d10-b27b-5bfeeab6da8c;420.73;5.0;UNKNOWN
2016-02-20T02:40:55.000000;2016-02-20T02:40:55.000000;d2c473cf-8cd3-4a4f-ba41-732eb3f8f35c;420.61;0.07728741;UNKNOWN
2016-02-20T02:40:58.000000;2016-02-20T02:40:58.000000;30a3308e-5569-4da4-9c8a-bbebdf34a3a5;420.75;0.01512337;UNKNOWN
2016-02-20T02:41:01.000000;2016-02-20T02:41:01.000000;e40e7e98-b445-49ee-876b-a3a2b8eda850;420.76;0.18074368;UNKNOWN
2016-02-20T02:41:05.000000;2016-02-20T02:41:05.000000;7fccf387-f89e-4b95-a374-051a37f4a240;420.62;0.15457671;UNKNOWN
2016-02-20T02:41:08.000000;2016-02-20T02:41:08.000000;5fb495fd-1ab2-4097-9d1f-9467e7abdee8;420.63;0.04105128;UNKNOWN
2016-02-20T02:41:11.000000;2016-02-20T02:41:11.000000;d90c13cf-e1b4-4a2a-94b2-9a9dbedd87a0;420.63;0.04149069;UNKNOWN
2016-02-20T02:41:15.000000;2016-02-20T02:41:15.000000;b7c0b196-bab3-4dba-9b20-e290f03364e4;420.63;0.18105066;UNKNOWN
2016-02-20T02:41:19.000000;2016-02-20T02:41:19.000000;524a4682-0659-4521-9fc1-e8393e9aaf62;420.63;0.03910737;UNKNOWN
2016-02-20T02:41:19.000000;2016-02-20T02:41:19.000000;ded607a6-9d51-4219-959a-10d46800cb59;420.62;0.135865;UNKNOWN
2016-02-20T02:41:27.000000;2016-02-20T02:41:27.000000;14263f21-7acd-4488-9530-8d86cebf012c;420.62;0.08611819;UNKNOWN
2016-02-20T02:41:31.000000;2016-02-20T02:41:31.000000;482d3399-204a-49ef-ace7-04cdccd3ff39;420.62;0.07607838;UNKNOWN
2016-02-20T02:41:35.000000;2016-02-20T02:41:35.000000;f0f98481-09a6-43dc-b139-3bd5701a9ae6;420.62;0.12693109;UNKNOWN
2016-02-20T02:41:39.000000;2016-02-20T02:41:39.000000;b5f0c01a-7cb6-4916-a460-d65115008c3c;420.62;0.12562893;UNKNOWN
2016-02-20T02:41:42.000000;2016-02-20T02:41:42.000000;8ae37afc-b68a-45e1-9d7c-88dcd97db6ef;420.62;0.17355904;UNKNOWN
2016-02-20T02:41:45.000000;2016-02-20T02:41:45.000000;2c8ff509-6e8e-4587-986e-00d89bff35ab;420.62;0.0107856;UNKNOWN
2016-02-20T02:41:49.000000;2016-02-20T02:41:49.000000;0719e3b9-9005-4007-bc4d-615408bf6c44;420.62;0.04385156;UNKNOWN
2016-02-20T02:41:52.000000;2016-02-20T02:41:52.000000;7ce8dbf2-bc3a-4024-b075-c660084a7945;420.62;0.15123526;UNKNOWN
2016-02-20T02:41:56.000000;2016-02-20T02:41:56.000000;6143f786-2fa0-4401-8c5a-0e37c20eded7;420.62;0.0403485;UNKNOWN
2016-02-20T02:41:59.000000;2016-02-20T02:41:59.000000;ad2f4292-fc85-4498-8552-1fa4c1a16622;420.62;0.01282512;UNKNOWN
2016-02-20T02:42:02.000000;2016-02-20T02:42:02.000000;c60479a7-ed90-481a-9322-f1f656824495;420.62;0.12664373;UNKNOWN
2016-02-20T02:42:35.000000;2016-02-20T02:42:35.000000;060935f0-915e-4ec8-9a99-b9969e475a43;420.62;0.16181178;UNKNOWN
2016-02-20T02:42:39.000000;2016-02-20T02:42:39.000000;8b68fa76-0fa3-46a0-804e-8c93c0cc7289;420.62;0.0468236;UNKNOWN
2016-02-20T02:42:47.000000;2016-02-20T02:42:47.000000;3c860b14-f8e2-4426-bbd4-2b7c43140f7a;420.62;0.0752873;UNKNOWN
2016-02-20T02:42:51.000000;2016-02-20T02:42:51.000000;c6eedeeb-f64e-45f8-adf0-cd2c29fc27c3;420.62;0.1224689;UNKNOWN
2016-02-20T02:42:54.000000;2016-02-20T02:42:54.000000;58e393b9-c7df-42a2-b2ef-fab00d2a8fe7;420.62;0.02786916;UNKNOWN
2016-02-20T02:43:02.000000;2016-02-20T02:43:02.000000;13fe9943-52dd-4e98-8f6f-82f878e19b74;420.62;0.13135814;UNKNOWN
2016-02-20T02:43:06.000000;2016-02-20T02:43:06.000000;4df43087-c64d-4c29-ad01-421a5c7bbe15;420.62;0.06825012;UNKNOWN
2016-02-20T02:43:19.000000;2016-02-20T02:43:19.000000;43e2c1aa-13b6-4c91-b42a-e06f7d50db35;420.62;0.06380578;UNKNOWN
2016-02-20T02:43:19.000000;2016-02-20T02:43:19.000000;eb3e07ca-f4f9-4dd0-8371-8b18db5ef5c5;420.75;0.1175;UNKNOWN
2016-02-20T02:43:27.000000;2016-02-20T02:43:27.000000;ee0677c8-b00d-4910-bfd2-2b6b82487732;420.75;3.019395;UNKNOWN
2016-02-20T02:43:28.000000;2016-02-20T02:43:28.000000;0561d016-eacf-4f31-aa2e-9b231897817a;420.62;0.07221617;UNKNOWN
2016-02-20T02:43:31.000000;2016-02-20T02:43:31.000000;a6edbfec-e56d-4cf0-bb9d-09d04aa20330;420.62;0.17416402;UNKNOWN
2016-02-20T02:43:36.000000;2016-02-20T02:43:36.000000;70784e27-bde3-405d-a663-5318fea26509;420.62;0.14969825;UNKNOWN
2016-02-20T02:43:40.000000;2016-02-20T02:43:40.000000;601c0fdb-e325-47c5-a835-f3116938ed03;420.62;0.07204523;UNKNOWN
2016-02-20T02:43:44.000000;2016-02-20T02:43:44.000000;23dd7bde-700e-4b6a-b0b1-ef2a4c6c09a8;420.62;0.18938477;UNKNOWN
2016-02-20T02:43:51.000000;2016-02-20T02:43:51.000000;434dd8e8-3554-4794-ad72-76c7976d22f8;420.62;0.05643175;UNKNOWN
2016-02-20T02:43:54.000000;2016-02-20T02:43:54.000000;370a76fb-0f1b-4d81-95a9-27664e54e2fa;420.62;0.17340047;UNKNOWN
2016-02-20T02:43:58.000000;2016-02-20T02:43:58.000000;912f5f79-0668-4aeb-955d-f8c8d8d39557;420.61;0.07999024;UNKNOWN
2016-02-20T02:44:02.000000;2016-02-20T02:44:02.000000;5d765efe-e576-482e-b59a-3e1f2badb3a0;420.61;0.04759645;UNKNOWN
2016-02-20T02:44:20.000000;2016-02-20T02:44:20.000000;1117d24b-5f72-4815-b70b-84581b6a2604;420.62;0.04001912;UNKNOWN
2016-02-20T02:44:24.000000;2016-02-20T02:44:24.000000;df3ce1ee-a949-47d2-bd2c-01ee8fe1d227;420.62;0.1577974;UNKNOWN
2016-02-20T02:44:32.000000;2016-02-20T02:44:32.000000;53a365b6-5b1a-4a28-b2e3-f5592807e200;420.62;0.0879528;UNKNOWN
2016-02-20T02:44:37.000000;2016-02-20T02:44:37.000000;da1754d2-ba1a-4318-81a4-ea9bfa50df79;420.62;0.06731703;UNKNOWN
2016-02-20T02:44:46.000000;2016-02-20T02:44:46.000000;352ddfee-568f-4e17-8e14-6a8a07ef71e1;420.61;0.17921786;UNKNOWN
2016-02-20T02:44:54.000000;2016-02-20T02:44:54.000000;104bd0c6-384c-4b15-86aa-4d8bef20dd45;420.61;0.05186458;UNKNOWN
2016-02-20T02:45:12.000000;2016-02-20T02:45:12.000000;3f39435a-2b79-468a-84af-93f3c6b89f78;420.61;0.05398922;UNKNOWN
2016-02-20T02:45:20.000000;2016-02-20T02:45:20.000000;0d1457a2-279f-466b-a8ad-8a1d8d81e56a;420.61;0.14593477;UNKNOWN
2016-02-20T02:46:19.000000;2016-02-20T02:46:19.000000;75f90df3-016d-4dfe-b786-41c5168bf08c;420.61;0.18433892;UNKNOWN
2016-02-20T02:46:23.000000;2016-02-20T02:46:23.000000;634c2dca-6b3c-4820-89b5-55f687f71c00;420.61;0.02696706;UNKNOWN
2016-02-20T02:46:26.000000;2016-02-20T02:46:26.000000;28142b36-3c9a-4bd5-982b-58c2aab3030f;420.61;0.03950451;UNKNOWN
2016-02-20T02:46:35.000000;2016-02-20T02:46:35.000000;410bd2b0-bf1c-4a93-9055-c299290c3717;420.61;0.07562714;UNKNOWN
2016-02-20T02:46:41.000000;2016-02-20T02:46:41.000000;4b822735-f2d1-43b5-84a0-d4acfa441ddd;420.62;2.4931916;UNKNOWN
2016-02-20T02:46:41.000000;2016-02-20T02:46:41.000000;47c64535-f95c-43f2-b78c-4dfdbd4e932f;420.62;3.3917084;UNKNOWN
2016-02-20T02:46:44.000000;2016-02-20T02:46:44.000000;4035f755-2eda-4db0-a891-1c50f7a3b2a6;420.61;0.06050816;UNKNOWN
2016-02-20T02:46:46.000000;2016-02-20T02:46:46.000000;01d14d21-4109-480a-90ac-0a5b809099bb;420.4;1.27062632;UNKNOWN
2016-02-20T02:46:46.000000;2016-02-20T02:46:46.000000;474a9614-8723-4c39-9d6a-6c8eb94ed72e;420.42;0.1822;UNKNOWN
2016-02-20T02:46:46.000000;2016-02-20T02:46:46.000000;756d1d7a-ade8-48bc-9558-534c18a5309e;420.61;0.97717368;UNKNOWN
2016-02-20T02:46:48.000000;2016-02-20T02:46:48.000000;dd871d96-1d01-4164-bc5c-871d29dc45e2;420.43;0.11612778;UNKNOWN
2016-02-20T02:46:56.000000;2016-02-20T02:46:56.000000;b401a8df-7a75-49dc-916b-0e3855cb41f8;420.4;0.04639384;UNKNOWN
2016-02-20T02:47:04.000000;2016-02-20T02:47:04.000000;b4bd35dd-2636-47de-a75a-08f3881384ba;420.4;0.18297984;UNKNOWN
2016-02-20T02:47:04.000000;2016-02-20T02:47:04.000000;53382448-c73a-41f5-9a22-f33ad330234a;420.23;0.01861061;UNKNOWN
2016-02-20T02:47:05.000000;2016-02-20T02:47:05.000000;df550548-db05-444a-a4ae-1741a0469f3c;420.62;0.1;UNKNOWN
2016-02-20T02:47:06.000000;2016-02-20T02:47:06.000000;6c154244-bdf7-40c4-9fa5-e68729066e19;420.62;0.54470942;UNKNOWN
2016-02-20T02:47:07.000000;2016-02-20T02:47:07.000000;af981b29-996b-4bf6-81e2-32fa92ca2cae;420.25;0.05969154;UNKNOWN
2016-02-20T02:47:27.000000;2016-02-20T02:47:27.000000;bf75a0d9-473d-41c2-b7e8-f87fe5598ee0;420.42;0.05866882;UNKNOWN
2016-02-20T02:49:03.000000;2016-02-20T02:49:03.000000;4bb4d34e-8054-4b84-9229-bbbd563f2a5a;420.61;0.29;UNKNOWN
2016-02-20T02:50:06.000000;2016-02-20T02:50:06.000000;1b73dd3e-419b-4b6a-88b4-0144b160a66d;420.33;0.035;UNKNOWN
2016-02-20T02:51:46.000000;2016-02-20T02:51:46.000000;0ca1f9f5-0747-4092-8b3e-e9606408a084;420.77;0.04752;UNKNOWN
2016-02-20T02:52:05.000000;2016-02-20T02:52:05.000000;40cd10c0-a526-486f-84d4-c53694ace361;420.78;0.35204234;UNKNOWN
2016-02-20T02:52:05.000000;2016-02-20T02:52:05.000000;72b3aa55-50ec-4b48-a3ce-521e662fe6b6;420.78;0.125;UNKNOWN
2016-02-20T02:52:32.000000;2016-02-20T02:52:32.000000;60437925-2328-43eb-8174-58a71e7bf2b7;420.73;0.2;UNKNOWN
2016-02-20T02:52:37.000000;2016-02-20T02:52:37.000000;c7d04391-8667-4a5b-adb5-606107480ac3;420.39;0.05;UNKNOWN
2016-02-20T02:52:37.000000;2016-02-20T02:52:37.000000;180a691a-621b-4e9b-aa37-96bddc12692c;420.46;0.021;UNKNOWN
2016-02-20T02:52:37.000000;2016-02-20T02:52:37.000000;2ebd8235-9ca2-4630-a674-10e25fe06e87;420.37;0.129;UNKNOWN
2016-02-20T02:53:36.000000;2016-02-20T02:53:36.000000;f1aca7b0-ce7d-4e40-ae89-01b66cf32e4a;420.43;2.557;UNKNOWN
2016-02-20T02:55:05.000000;2016-02-20T02:55:05.000000;82cb9b53-a782-4599-9949-77c63f9504be;420.78;0.02376369;UNKNOWN
2016-02-20T02:55:52.000000;2016-02-20T02:55:52.000000;ed2b89af-7fc9-4b55-837b-3dc07345db31;420.43;0.0705;UNKNOWN
2016-02-20T02:55:52.000000;2016-02-20T02:55:52.000000;acf8cc67-c159-4ad4-ac0d-45ed66d6e98f;420.44;0.3095;UNKNOWN
2016-02-20T02:55:52.000000;2016-02-20T02:55:52.000000;cd95e6ac-da2f-455d-8de8-811403f66e0f;420.51;0.02;UNKNOWN
2016-02-20T02:57:05.000000;2016-02-20T02:57:05.000000;111a2cab-82da-457c-84e8-e59c64f4206e;420.81;0.012;UNKNOWN
2016-02-20T02:57:45.000000;2016-02-20T02:57:45.000000;8afd766b-a759-44ec-b944-a715dc20d5f3;420.65;0.01;UNKNOWN
2016-02-20T02:57:45.000000;2016-02-20T02:57:45.000000;9d7eedb5-6ec2-4693-924e-b85e1d0883cf;420.62;0.06054428;UNKNOWN
2016-02-20T02:57:49.000000;2016-02-20T02:57:49.000000;4ade77e7-ce21-4d15-8f9a-f0ee0037b73e;420.63;0.190955;UNKNOWN
2016-02-20T02:57:52.000000;2016-02-20T02:57:52.000000;8484792a-a8c4-4317-bf6e-6c113c5d64ce;420.6;0.16573849;UNKNOWN
2016-02-20T02:57:52.000000;2016-02-20T02:57:52.000000;157187e0-f232-469c-934a-9feed8a84f73;420.69;0.01;UNKNOWN
2016-02-20T02:57:59.000000;2016-02-20T02:57:59.000000;6b0fcdf6-c055-4b62-82b6-9761767b13a9;420.72;0.02;UNKNOWN
2016-02-20T02:57:59.000000;2016-02-20T02:57:59.000000;a1a9f583-e1cf-46eb-97a4-1e36fecd86cc;420.61;0.06132715;UNKNOWN
2016-02-20T02:58:14.000000;2016-02-20T02:58:14.000000;78da9ed8-b2ed-4eff-afe7-b1afd659b395;420.61;0.08709217;UNKNOWN
2016-02-20T02:58:28.000000;2016-02-20T02:58:28.000000;cd19aeba-26fd-4a15-935f-8b59d3b4be39;420.61;0.03506195;UNKNOWN
2016-02-20T02:59:22.000000;2016-02-20T02:59:22.000000;c865fd1f-25cd-4195-9364-b0ab48d04468;420.61;0.03330959;UNKNOWN
2016-02-20T02:59:24.000000;2016-02-20T02:59:24.000000;2e5c5f85-1b0c-4900-b7cc-c8283b3d49df;420.61;0.05463005;UNKNOWN
2016-02-20T02:59:27.000000;2016-02-20T02:59:27.000000;51f6b1f1-2b01-479b-ace9-30d401bcc082;420.61;0.08972837;UNKNOWN
2016-02-20T02:59:37.000000;2016-02-20T02:59:37.000000;14ba3a5f-e0c3-43d4-b734-670f14d8601e;420.6;0.06780328;UNKNOWN
2016-02-20T02:59:49.000000;2016-02-20T02:59:49.000000;33f7bcc5-1ef5-4754-b99e-02deb4eb0be7;420.6;0.06112971;UNKNOWN
2016-02-20T03:00:05.000000;2016-02-20T03:00:05.000000;6ac2539a-be00-4496-a0a7-cd71db98ad5b;420.61;0.03911874;UNKNOWN
2016-02-20T03:00:20.000000;2016-02-20T03:00:20.000000;ad08e9b8-5445-4dfd-bbfa-49c7fe5d303c;420.71;0.02;UNKNOWN
2016-02-20T03:00:20.000000;2016-02-20T03:00:20.000000;ca3b71a8-f696-429a-aa89-1a65b1ee7d08;420.61;0.05818795;UNKNOWN
2016-02-20T03:00:32.000000;2016-02-20T03:00:32.000000;177791f7-a8e0-48a4-9792-23a6fa356dd3;420.6;0.10886913;UNKNOWN
2016-02-20T03:00:32.000000;2016-02-20T03:00:32.000000;5b25fa67-3512-42e8-b98b-479c1067deab;420.71;0.02;UNKNOWN
2016-02-20T03:00:33.000000;2016-02-20T03:00:33.000000;20e90d09-a628-4a63-a45c-513be530eb4e;420.6;0.18627662;UNKNOWN
2016-02-20T03:00:40.000000;2016-02-20T03:00:40.000000;6230997c-92c9-45de-839f-16f1b36dce8c;420.6;0.02396088;UNKNOWN
2016-02-20T03:00:40.000000;2016-02-20T03:00:40.000000;663efcac-0d05-4dea-9701-25b656f97ad2;420.67;0.02;UNKNOWN
2016-02-20T03:01:00.000000;2016-02-20T03:01:00.000000;210554d5-7057-433c-b6c5-274d383a56c3;420.6;0.04818167;UNKNOWN
2016-02-20T03:01:16.000000;2016-02-20T03:01:16.000000;2214dc37-71e1-4e69-b4ff-f49137894e80;420.71;0.0134591;UNKNOWN
2016-02-20T03:01:28.000000;2016-02-20T03:01:28.000000;67e973e3-0fbb-4c61-9340-81e193dac468;420.71;0.0153953;UNKNOWN
2016-02-20T03:01:41.000000;2016-02-20T03:01:41.000000;1a551878-ef7b-4e6b-9f51-9db0d391703a;420.75;0.01;UNKNOWN
2016-02-20T03:01:49.000000;2016-02-20T03:01:49.000000;c0c364c8-c1d7-4598-b7e8-ad4b6c46c7be;420.77;0.01;UNKNOWN
2016-02-20T03:01:58.000000;2016-02-20T03:01:58.000000;0bc55040-da55-4eac-a8f2-3c162ae52479;420.76;0.02;UNKNOWN
2016-02-20T03:02:05.000000;2016-02-20T03:02:05.000000;572577e6-6c31-4b48-960f-ec0af0b8e111;420.77;0.02;UNKNOWN
2016-02-20T03:02:13.000000;2016-02-20T03:02:13.000000;0f6ef78f-032f-4cc9-9c78-6f2a982c84cc;420.77;0.02;UNKNOWN
2016-02-20T03:02:20.000000;2016-02-20T03:02:20.000000;c4d86bef-446b-4a92-bdb3-5a0d4fb5cbe7;420.77;0.02;UNKNOWN
2016-02-20T03:02:23.000000;2016-02-20T03:02:23.000000;bae781b1-6987-49aa-a041-492799273b25;420.71;0.08853094;UNKNOWN
2016-02-20T03:02:26.000000;2016-02-20T03:02:26.000000;ce5b7076-c403-405a-8170-f1561fe676f9;420.77;0.02;UNKNOWN
2016-02-20T03:02:31.000000;2016-02-20T03:02:31.000000;19695103-4fb9-4c75-a196-5b5e2bdea588;420.71;0.0598087;UNKNOWN
2016-02-20T03:02:32.000000;2016-02-20T03:02:32.000000;6b0ed826-53c7-4ee7-a2a1-081538e3454a;420.73;0.11741499;UNKNOWN
2016-02-20T03:02:34.000000;2016-02-20T03:02:34.000000;1bf8a45a-b7d1-4bd9-81b2-148ef8aa93cb;420.83;0.02;UNKNOWN
2016-02-20T03:02:34.000000;2016-02-20T03:02:34.000000;362893df-c94a-4433-bafc-ce320edf77f4;420.77;3.29730438;UNKNOWN
2016-02-20T03:02:41.000000;2016-02-20T03:02:41.000000;60d617cf-9c5d-4721-9d5e-2fe4086a158d;420.83;0.01;UNKNOWN
2016-02-20T03:02:42.000000;2016-02-20T03:02:42.000000;590b6b54-74eb-4ea0-bba0-0a58a51447cc;420.71;0.2;UNKNOWN
2016-02-20T03:02:46.000000;2016-02-20T03:02:46.000000;9455f157-9b6c-45e9-859f-e6b4e05ca1a6;420.71;0.16311254;UNKNOWN
2016-02-20T03:02:49.000000;2016-02-20T03:02:49.000000;dc56984a-8e90-4cad-b943-26c9e291e509;420.79;0.01;UNKNOWN
2016-02-20T03:02:57.000000;2016-02-20T03:02:57.000000;fbd7c418-44b9-469d-bb1b-a896ab3253e0;420.79;0.02;UNKNOWN
2016-02-20T03:03:02.000000;2016-02-20T03:03:02.000000;37db680b-7868-46ac-9f95-2de9b02756b2;420.71;0.05961395;UNKNOWN
2016-02-20T03:03:04.000000;2016-02-20T03:03:04.000000;83fb9c85-20f8-470f-8700-514ec7770c6b;420.79;0.02;UNKNOWN
2016-02-20T03:03:11.000000;2016-02-20T03:03:11.000000;eb707c14-8968-4a87-ac32-56f67df742d8;420.79;0.02;UNKNOWN
2016-02-20T03:03:17.000000;2016-02-20T03:03:17.000000;4fc15001-4c8f-4353-a498-48170cad727d;420.74;0.12815043;UNKNOWN
2016-02-20T03:03:18.000000;2016-02-20T03:03:18.000000;202a2cf6-b518-4f28-82eb-597fd13b9398;420.79;0.02;UNKNOWN
2016-02-20T03:03:21.000000;2016-02-20T03:03:21.000000;015bdf6e-0615-482a-a7e2-8c1c3cc35f49;420.7;0.06297056;UNKNOWN
2016-02-20T03:03:24.000000;2016-02-20T03:03:24.000000;4a25adad-705d-4cfc-8b1e-3383ef5d971d;420.84;0.02;UNKNOWN
2016-02-20T03:03:41.000000;2016-02-20T03:03:41.000000;bb51a464-3966-452b-bc0c-a6cb62152c64;420.84;0.15;UNKNOWN
2016-02-20T03:05:28.000000;2016-02-20T03:05:28.000000;e4ea58aa-f881-44b8-9c53-d7b0f7857757;421.09;0.5;UNKNOWN
2016-02-20T03:05:28.000000;2016-02-20T03:05:28.000000;dc74be86-fba2-4bd2-9b55-988fb9a4a3be;421.25;1.0;UNKNOWN
2016-02-20T03:05:32.000000;2016-02-20T03:05:32.000000;a566cce8-3079-46b5-89a3-5642baa90663;420.76;0.049;UNKNOWN
2016-02-20T03:06:02.000000;2016-02-20T03:06:02.000000;ab4d23bd-bc27-4bde-a242-1312afa999c4;420.88;0.04762249;UNKNOWN
2016-02-20T03:06:08.000000;2016-02-20T03:06:08.000000;027df40c-440b-42b2-9a2f-93e1c62860eb;421.43;1.10373411;UNKNOWN
2016-02-20T03:06:08.000000;2016-02-20T03:06:08.000000;07a2be27-6750-4c2c-b356-0bf062b6435c;421.28;3.38436199;UNKNOWN
2016-02-20T03:06:08.000000;2016-02-20T03:06:08.000000;69b91e21-5c8f-48bf-a71d-31d7b75a0241;421.34;0.2;UNKNOWN
2016-02-20T03:06:08.000000;2016-02-20T03:06:08.000000;05bb839e-320f-4bc0-b9a6-ac518efac961;421.15;5.928;UNKNOWN
2016-02-20T03:06:08.000000;2016-02-20T03:06:08.000000;57d166cd-b9f8-45df-8b39-1a078965a979;421.34;3.3839039;UNKNOWN
2016-02-20T03:06:08.000000;2016-02-20T03:06:08.000000;32b4f2b1-cc6b-48ba-9264-8a384d2e03eb;421.36;0.5;UNKNOWN
2016-02-20T03:06:08.000000;2016-02-20T03:06:08.000000;49c77771-97e6-422d-8fd1-99716a0a245b;421.24;0.5;UNKNOWN
2016-02-20T03:06:35.000000;2016-02-20T03:06:35.000000;66e38cce-431b-46ef-914c-4de137e3754e;421.22;5.8833;UNKNOWN
2016-02-20T03:06:35.000000;2016-02-20T03:06:35.000000;3658ee29-597b-4ebc-b8ba-6da7cdd8bfa8;421.23;9.1167;UNKNOWN
2016-02-20T03:06:38.000000;2016-02-20T03:06:38.000000;74f7aa50-7472-4a17-afd1-9bc8edf7a473;421.01;10.0;UNKNOWN
2016-02-20T03:07:03.000000;2016-02-20T03:07:03.000000;7e7f98cd-845a-4ddf-80f4-cc86aec063dc;421.19;0.5;UNKNOWN
2016-02-20T03:07:03.000000;2016-02-20T03:07:03.000000;3aa20f24-1a77-4531-9c18-36332c1f9f6f;421.19;3.5739;UNKNOWN
2016-02-20T03:07:31.000000;2016-02-20T03:07:31.000000;37f9ab3f-6b96-43b9-962a-510a20c2039a;421.22;5.0;UNKNOWN
2016-02-20T03:09:32.000000;2016-02-20T03:09:32.000000;6702f633-4f68-4e57-a093-e0ac581a6b71;421.04;5.4349;UNKNOWN
2016-02-20T03:11:09.000000;2016-02-20T03:11:09.000000;ebff9be9-4fce-4115-bfab-fdf9226169b0;421.1;0.5;UNKNOWN
2016-02-20T03:11:09.000000;2016-02-20T03:11:09.000000;0db80734-44d5-4d5a-b7f7-f5054a1a5680;421.12;3.0;UNKNOWN
2016-02-20T03:11:09.000000;2016-02-20T03:11:09.000000;8a8fc0c7-124d-49ee-85f0-b54855db54fd;421.12;0.5;UNKNOWN
2016-02-20T03:11:09.000000;2016-02-20T03:11:09.000000;be3d43ff-4073-4faf-8b42-f4ec5cdaeda4;421.1;6.0;UNKNOWN
2016-02-20T03:11:30.000000;2016-02-20T03:11:30.000000;da34be4a-8a08-4bba-b48f-6ac175c6260f;421.07;2.6173;UNKNOWN
2016-02-20T03:11:30.000000;2016-02-20T03:11:30.000000;3d518a0e-6212-4f67-b25b-cf9455510cf1;421.09;1.5;UNKNOWN
2016-02-20T03:11:30.000000;2016-02-20T03:11:30.000000;40acd0c6-4d51-4375-8465-0deb1715eaa7;421.09;5.8827;UNKNOWN
2016-02-20T03:11:53.000000;2016-02-20T03:11:53.000000;f897ebd0-6391-4f63-9eb3-52e910ce5411;421.02;1.0;UNKNOWN
2016-02-20T03:11:53.000000;2016-02-20T03:11:53.000000;22708a84-541b-487b-b893-124d8fb9dd50;421.01;5.892;UNKNOWN
2016-02-20T03:11:53.000000;2016-02-20T03:11:53.000000;4e1214b1-3a07-4f0b-96d9-d26989188cb7;421.0;1.5;UNKNOWN
2016-02-20T03:11:53.000000;2016-02-20T03:11:53.000000;658df806-6013-4ae1-9248-1baf373d1368;420.86;0.108;UNKNOWN
2016-02-20T03:11:53.000000;2016-02-20T03:11:53.000000;b1036224-c33b-4e43-a1ad-e079d8043f7e;421.0;1.5;UNKNOWN
2016-02-20T03:12:01.000000;2016-02-20T03:12:01.000000;1caa46ea-5578-4c63-83d1-39774a24508f;420.95;8.25117;UNKNOWN
2016-02-20T03:12:01.000000;2016-02-20T03:12:01.000000;2988f575-c937-4acb-9f45-ce4ebb4d60b0;420.86;1.74883;UNKNOWN
2016-02-20T03:12:58.000000;2016-02-20T03:12:58.000000;85c73ab4-94e6-402f-97d7-cbf1ce9c6924;420.86;0.0834;UNKNOWN
2016-02-20T03:13:34.000000;2016-02-20T03:13:34.000000;39918064-4538-4371-8f72-ec6cdb2fd18f;420.94;1.5;UNKNOWN
2016-02-20T03:13:34.000000;2016-02-20T03:13:34.000000;f866c88c-1791-4779-b074-e350ff740817;420.94;0.5;UNKNOWN
2016-02-20T03:13:38.000000;2016-02-20T03:13:38.000000;bce46f7d-5786-404b-bcd3-31969f7df8c5;421.23;2.0;UNKNOWN
2016-02-20T03:14:48.000000;2016-02-20T03:14:48.000000;33dea0e3-91cb-495f-a41a-791a04c73251;420.74;0.5;UNKNOWN
2016-02-20T03:14:48.000000;2016-02-20T03:14:48.000000;7d6d7cd8-ad93-479c-8f73-1319c64597ab;420.85;2.5;UNKNOWN
2016-02-20T03:14:48.000000;2016-02-20T03:14:48.000000;7b13e2b6-0857-4cfd-89aa-527462427cff;420.71;1.0659;UNKNOWN
2016-02-20T03:14:48.000000;2016-02-20T03:14:48.000000;6d9e64a0-fae4-43cf-b2d8-0b10234d4e28;420.89;5.9341;UNKNOWN
2016-02-20T03:16:16.000000;2016-02-20T03:16:16.000000;68d2241c-0499-48a0-bea1-c509144630f2;420.91;0.04960461;UNKNOWN
2016-02-20T03:16:20.000000;2016-02-20T03:16:20.000000;12c1d6e7-88f2-46e1-9625-006e98f44272;420.91;0.07041933;UNKNOWN
2016-02-20T03:16:23.000000;2016-02-20T03:16:23.000000;b88d9803-1dca-4fd1-a904-78dbb7ffe8c4;420.91;0.02798193;UNKNOWN
2016-02-20T03:17:21.000000;2016-02-20T03:17:21.000000;8e5ec80f-7f9c-491b-bcb3-a41ccbc2b5d6;420.71;0.1566;UNKNOWN
2016-02-20T03:17:24.000000;2016-02-20T03:17:24.000000;192b86c7-72b7-4ce4-aec7-f1a5a925ea37;420.99;5.0;UNKNOWN
2016-02-20T03:17:28.000000;2016-02-20T03:17:28.000000;fa2eef3b-3aa9-4d8d-9303-d77b9a868a79;420.97;2.5;UNKNOWN
2016-02-20T03:19:20.000000;2016-02-20T03:19:20.000000;0076315c-fc51-40ab-8e02-3badd3793080;420.97;0.1566;UNKNOWN
2016-02-20T03:20:42.000000;2016-02-20T03:20:42.000000;f783a264-b855-4e6f-abac-7cee989916cf;420.71;0.04758626;UNKNOWN
2016-02-20T03:20:45.000000;2016-02-20T03:20:45.000000;21addb25-5008-4df1-9679-2c89f46462a7;420.95;0.027;UNKNOWN
2016-02-20T03:21:07.000000;2016-02-20T03:21:07.000000;0f674287-9586-4b03-9a5b-1bf1f4d4f388;421.0;29.6275;UNKNOWN
2016-02-20T03:21:07.000000;2016-02-20T03:21:07.000000;ce89aab1-3dc2-4881-a022-e631ffbf43eb;420.96;0.5;UNKNOWN
2016-02-20T03:21:07.000000;2016-02-20T03:21:07.000000;8d6bfe63-9e27-4eed-b462-78316925b135;420.97;3.0;UNKNOWN
2016-02-20T03:21:07.000000;2016-02-20T03:21:07.000000;27719533-217c-4d19-9c6e-1e8dff5561c7;420.95;0.293;UNKNOWN
2016-02-20T03:21:07.000000;2016-02-20T03:21:07.000000;e4bb6d3a-d231-473c-8618-3d85bd91cd94;421.0;4.0;UNKNOWN
2016-02-20T03:22:39.000000;2016-02-20T03:22:39.000000;931c5f08-f1a4-4482-8be1-790b1845eb77;420.73;0.1042;UNKNOWN
2016-02-20T03:25:21.000000;2016-02-20T03:25:21.000000;effec6c1-bc70-4299-8be4-0754e0e2f1cd;421.04;3.0;UNKNOWN
2016-02-20T03:25:21.000000;2016-02-20T03:25:21.000000;17f83b33-101a-49aa-90ea-8a1f38270fe2;421.03;0.5;UNKNOWN
2016-02-20T03:25:21.000000;2016-02-20T03:25:21.000000;0c6327ff-a1eb-4d70-bf5f-52398019c039;421.04;1.5;UNKNOWN
2016-02-20T03:25:58.000000;2016-02-20T03:25:58.000000;6aaf21e6-129f-4c76-9187-2c6dae35c42c;421.04;7.5;UNKNOWN
2016-02-20T03:25:59.000000;2016-02-20T03:25:59.000000;b3d5ed5c-934b-4ae8-8ce0-b19918fd4236;420.73;3.99107178;UNKNOWN
2016-02-20T03:25:59.000000;2016-02-20T03:25:59.000000;81395011-8e7d-4df1-9d15-3a08426d69c0;421.04;3.50892822;UNKNOWN
2016-02-20T03:26:00.000000;2016-02-20T03:26:00.000000;8f084ebd-bc51-42dc-ba2c-68978878069c;420.6;2.56297056;UNKNOWN
2016-02-20T03:26:00.000000;2016-02-20T03:26:00.000000;dd83716b-bdb6-4055-b762-74cd0c269ae2;420.7;4.93702944;UNKNOWN
2016-02-20T03:26:00.000000;2016-02-20T03:26:00.000000;10c383d1-190d-45bf-8967-b8309c8581f7;420.6;1.77506966;UNKNOWN
2016-02-20T03:26:00.000000;2016-02-20T03:26:00.000000;6ca8090a-e611-4f6f-9ddf-098be043d3b1;420.6;0.5;UNKNOWN
2016-02-20T03:26:00.000000;2016-02-20T03:26:00.000000;6c816ac0-e6d1-4ea8-b0de-5265afde4fad;420.4;0.4481;UNKNOWN
2016-02-20T03:26:00.000000;2016-02-20T03:26:00.000000;667c391a-f993-4ee6-b5cd-8a7627d2d694;420.38;4.77683034;UNKNOWN
2016-02-20T03:26:01.000000;2016-02-20T03:26:01.000000;477b5d55-a09f-467f-b2de-b94a0e7b934a;420.74;7.5;UNKNOWN
2016-02-20T03:26:01.000000;2016-02-20T03:26:01.000000;4174c3a5-08f3-4309-ab96-bff846e4f019;420.74;3.72570107;UNKNOWN
2016-02-20T03:26:06.000000;2016-02-20T03:26:06.000000;e218c8ed-be3b-4710-bcd9-9534c1bed9ec;420.75;1.56294402;UNKNOWN
2016-02-20T03:26:14.000000;2016-02-20T03:26:14.000000;a2c82e58-84b0-4fe8-9bab-c22a76c92ab5;421.03;0.1042;UNKNOWN
2016-02-20T03:26:17.000000;2016-02-20T03:26:17.000000;e2e900f0-f1ab-4db2-aff3-b3e6e2065b62;420.57;0.01;UNKNOWN
2016-02-20T03:26:21.000000;2016-02-20T03:26:21.000000;bf1bd44d-4c44-4d9f-94e2-c3d5ca598754;420.57;0.03598318;UNKNOWN
2016-02-20T03:26:28.000000;2016-02-20T03:26:28.000000;c943aebf-4a76-41eb-b776-89f8edaadf49;420.58;0.02541575;UNKNOWN
2016-02-20T03:27:01.000000;2016-02-20T03:27:01.000000;4b30efa5-e30d-4212-92fa-c8aca2aac6e5;420.58;0.0833;UNKNOWN
2016-02-20T03:27:27.000000;2016-02-20T03:27:27.000000;efe2011f-2fc3-4c1f-8d85-93ae9ad09c34;420.87;0.0833;UNKNOWN
2016-02-20T03:27:51.000000;2016-02-20T03:27:51.000000;d015dd68-8e80-481e-bb31-48d062013f5f;420.44;0.1144;UNKNOWN
2016-02-20T03:28:22.000000;2016-02-20T03:28:22.000000;e336c31c-2bc2-45e8-99e6-1a6e72f5afb3;420.37;2.0;UNKNOWN
2016-02-20T03:28:25.000000;2016-02-20T03:28:25.000000;8e200cfb-2f7a-4caf-9105-ab0db36a4baa;420.95;0.1144;UNKNOWN
2016-02-20T03:30:32.000000;2016-02-20T03:30:32.000000;5593ab36-8576-40f0-be72-919360a4ed09;420.57;0.23709145;UNKNOWN
2016-02-20T03:32:32.000000;2016-02-20T03:32:32.000000;6fd7d2c9-e2ca-4b61-8bed-054871234460;420.59;0.0727;UNKNOWN
2016-02-20T03:33:08.000000;2016-02-20T03:33:08.000000;81445ef0-927e-42e8-b3e7-322e43fa0c65;420.95;0.0727;UNKNOWN
2016-02-20T03:35:32.000000;2016-02-20T03:35:32.000000;ca4a89a9-5a7b-4a73-980c-55cd0e41f729;420.77;0.46925135;UNKNOWN
2016-02-20T03:36:39.000000;2016-02-20T03:36:39.000000;2d347050-db24-423c-8e5c-5efccc0ee7cb;420.65;5.0;UNKNOWN
2016-02-20T03:37:05.000000;2016-02-20T03:37:05.000000;669554ed-39bd-49ab-9c98-623ae28dc929;420.9;2.46325015;UNKNOWN
2016-02-20T03:37:05.000000;2016-02-20T03:37:05.000000;77871d96-5e8d-4fa1-a53c-8174c547f6b6;420.89;0.5;UNKNOWN
2016-02-20T03:38:05.000000;2016-02-20T03:38:05.000000;f2adb715-7119-4430-a700-981015be00b4;420.64;2.1009406;UNKNOWN
2016-02-20T03:39:32.000000;2016-02-20T03:39:32.000000;ee6b7b15-6229-465a-9976-97baf8c80f6f;420.61;0.080308;UNKNOWN
2016-02-20T03:40:32.000000;2016-02-20T03:40:32.000000;b6286d4d-3f68-44d2-8d37-996b863a7f1d;420.61;0.020692;UNKNOWN
2016-02-20T03:40:32.000000;2016-02-20T03:40:32.000000;2e754cf1-8f9d-45ac-b1ac-994304824f08;420.26;0.01621;UNKNOWN
2016-02-20T03:41:42.000000;2016-02-20T03:41:42.000000;71dc904d-d2e3-409a-b65d-2fc95e4166fc;420.4;0.03569818;UNKNOWN
2016-02-20T03:42:03.000000;2016-02-20T03:42:03.000000;d148c107-c091-4723-b879-0213eae39a37;420.37;0.03569648;UNKNOWN
2016-02-20T03:42:32.000000;2016-02-20T03:42:32.000000;1f22a34d-6d00-44be-b487-0cb5c341b8ba;420.4;0.06545651;UNKNOWN
2016-02-20T03:44:05.000000;2016-02-20T03:44:05.000000;04dd7317-3ed2-45f3-9934-1d716ad01bb9;420.51;0.055203;UNKNOWN
2016-02-20T03:45:05.000000;2016-02-20T03:45:05.000000;0fac378b-113b-4dcf-9448-cf5b718a7246;420.64;0.86383242;UNKNOWN
2016-02-20T03:46:40.000000;2016-02-20T03:46:40.000000;cffaa4d8-d17e-456a-9874-f3f133c60b9d;420.9;0.0519;UNKNOWN
2016-02-20T03:47:05.000000;2016-02-20T03:47:05.000000;726fedcf-23ef-4c30-b0e3-ba900953f05a;420.9;0.0755;UNKNOWN
2016-02-20T03:47:05.000000;2016-02-20T03:47:05.000000;1d24169c-66b5-450e-8741-d7bc2eb0526c;420.91;1.41894922;UNKNOWN
2016-02-20T03:47:43.000000;2016-02-20T03:47:43.000000;90480642-a668-4919-af1e-297d9d2016bc;420.84;0.0519;UNKNOWN
2016-02-20T03:48:05.000000;2016-02-20T03:48:05.000000;79d719ca-2c26-4a04-a743-ebf02a9e35ca;420.7;0.0915084;UNKNOWN
2016-02-20T03:48:33.000000;2016-02-20T03:48:33.000000;28171561-4c9a-444b-9557-21c4772813cb;420.69;2.5971;UNKNOWN
2016-02-20T03:50:05.000000;2016-02-20T03:50:05.000000;d606bc9a-9749-4501-a702-675188a72233;421.0;0.75308742;UNKNOWN
2016-02-20T03:50:05.000000;2016-02-20T03:50:05.000000;469e3ae8-9aab-4a9d-a76e-f8de6b2eac53;420.91;0.08105078;UNKNOWN
2016-02-20T03:50:32.000000;2016-02-20T03:50:32.000000;ceb1a609-55b1-4fd5-9273-a71fe14f03ea;420.88;0.154173;UNKNOWN
2016-02-20T03:51:02.000000;2016-02-20T03:51:02.000000;01402c22-4a7c-476a-8d5d-c4f5e9329b16;420.71;0.21646092;UNKNOWN
2016-02-20T03:51:06.000000;2016-02-20T03:51:06.000000;eba187a6-5f2f-4502-9e90-d429d519906e;420.73;0.43622;UNKNOWN
2016-02-20T03:51:06.000000;2016-02-20T03:51:06.000000;9885bc14-8d4b-427e-8915-acd6708f281f;420.73;0.5;UNKNOWN
2016-02-20T03:53:05.000000;2016-02-20T03:53:05.000000;a88469db-1dad-4728-b50d-65eba6ddb841;421.13;0.63925403;UNKNOWN
2016-02-20T03:53:05.000000;2016-02-20T03:53:05.000000;1ed2ecfa-1f79-482a-84aa-66c4a185bdfc;421.0;0.74691258;UNKNOWN
2016-02-20T03:55:05.000000;2016-02-20T03:55:05.000000;356c25e9-9d54-49ce-9174-df0a3095fc9e;421.05;0.24245783;UNKNOWN
2016-02-20T03:55:37.000000;2016-02-20T03:55:37.000000;732334f1-8964-432b-8a2d-c40882f6fa51;420.7;0.0343;UNKNOWN
2016-02-20T03:56:09.000000;2016-02-20T03:56:09.000000;28409aab-8054-4010-9fbf-8eb2d7e5edf2;420.7;0.0692;UNKNOWN
2016-02-20T03:56:37.000000;2016-02-20T03:56:37.000000;469de759-934d-4e0c-8e8b-7e7b03ca383c;421.09;0.1035;UNKNOWN
2016-02-20T03:56:52.000000;2016-02-20T03:56:52.000000;307dfe25-30df-474c-8afd-2a3deeac787e;420.91;0.03334447;UNKNOWN
2016-02-20T03:58:12.000000;2016-02-20T03:58:12.000000;2831b982-8f4e-402a-8aa2-9fd72ab86e78;420.91;0.04756592;UNKNOWN
2016-02-20T03:58:13.000000;2016-02-20T03:58:13.000000;bfb4b5b2-0f48-41f1-991f-818668489f60;420.94;0.02378296;UNKNOWN
2016-02-20T03:58:52.000000;2016-02-20T03:58:52.000000;fef2a5ba-3257-42ce-b95a-065e57a7ad52;420.74;0.02361;UNKNOWN
2016-02-20T03:59:08.000000;2016-02-20T03:59:08.000000;a5874048-7a0b-405e-8e6c-79aa0f97426f;421.1;3.5;UNKNOWN
2016-02-20T03:59:25.000000;2016-02-20T03:59:25.000000;4f597d71-9b74-4ef2-bfdf-33e4b48ffea7;420.95;0.0518;UNKNOWN
2016-02-20T03:59:30.000000;2016-02-20T03:59:30.000000;c8b6e880-3cd1-420a-a54e-bbf640bb3677;421.16;0.11357505;UNKNOWN
2016-02-20T03:59:30.000000;2016-02-20T03:59:30.000000;a68a95f3-9ed7-4fb5-9d15-baf6f7a1680d;421.11;3.38642495;UNKNOWN
2016-02-20T03:59:55.000000;2016-02-20T03:59:55.000000;80ef6412-bb79-4745-88d5-115c89be25e8;421.19;0.0518;UNKNOWN
2016-02-20T04:00:05.000000;2016-02-20T04:00:05.000000;8d4d18d7-46c4-498e-90e8-e2cb157c656e;421.18;0.69309906;UNKNOWN
2016-02-20T04:00:08.000000;2016-02-20T04:00:08.000000;08626f13-cf5f-4b96-ac51-7092d97d347b;421.18;1.0;UNKNOWN
2016-02-20T04:00:09.000000;2016-02-20T04:00:09.000000;fbbdafc6-0262-42e9-adb0-23b5dc60dc48;421.08;1.0;UNKNOWN
2016-02-20T04:00:10.000000;2016-02-20T04:00:10.000000;69a0a6c8-9220-4588-8cbf-236dbd3f9513;421.08;1.0;UNKNOWN
2016-02-20T04:00:10.000000;2016-02-20T04:00:10.000000;93d01cda-879f-41ef-bc01-dd330c6b2732;421.08;1.0;UNKNOWN
2016-02-20T04:00:45.000000;2016-02-20T04:00:45.000000;c0d9c8e5-c69f-4d43-a2a1-d86b97331dfe;421.08;1.0;UNKNOWN
2016-02-20T04:00:46.000000;2016-02-20T04:00:46.000000;939c1732-5f91-40b7-b4f1-85afe567d9ab;421.08;3.5;UNKNOWN
2016-02-20T04:00:59.000000;2016-02-20T04:00:59.000000;fda7e716-7b73-4c23-92c0-6e4c8221cae4;420.98;0.1241;UNKNOWN
2016-02-20T04:01:37.000000;2016-02-20T04:01:37.000000;6c8b021e-2367-481c-a57f-ee29cf881912;421.11;3.5;UNKNOWN
2016-02-20T04:01:52.000000;2016-02-20T04:01:52.000000;c698ef55-1380-4b61-ac40-c2679bada32f;421.11;3.5;UNKNOWN
2016-02-20T04:05:08.000000;2016-02-20T04:05:08.000000;3c7c3431-5917-4a4c-baa3-c76aadc697ae;420.94;5.9094;UNKNOWN
2016-02-20T04:05:08.000000;2016-02-20T04:05:08.000000;1c90950b-db3e-464a-9436-ca5da51f71bd;420.94;0.1241;UNKNOWN
2016-02-20T04:05:39.000000;2016-02-20T04:05:39.000000;d114b05a-c73b-4875-a22e-89e4e65da606;420.91;0.0621;UNKNOWN
2016-02-20T04:07:05.000000;2016-02-20T04:07:05.000000;db2231a6-828c-4585-92d2-1cfb1749ad4e;420.63;0.03678;UNKNOWN
2016-02-20T04:08:10.000000;2016-02-20T04:08:10.000000;c3a3e27b-c6a3-4d51-9580-d624c0135bfd;421.0;0.0621;UNKNOWN
2016-02-20T04:08:32.000000;2016-02-20T04:08:32.000000;0ff175f8-63ec-4997-8a40-e293265460a3;420.96;0.1239;UNKNOWN
2016-02-20T04:10:23.000000;2016-02-20T04:10:23.000000;94843094-ecd4-40a9-9778-1f36aa3b647b;421.0;0.1239;UNKNOWN
2016-02-20T04:12:48.000000;2016-02-20T04:12:48.000000;c0202e4f-db72-453a-9cfc-4b7eca319f91;420.97;14.1212;UNKNOWN
2016-02-20T04:12:48.000000;2016-02-20T04:12:48.000000;24e0fd06-dde8-4896-81f2-69da9875d214;420.99;5.8788;UNKNOWN
2016-02-20T04:13:06.000000;2016-02-20T04:13:06.000000;942b54d7-8ede-420c-9072-248e12a4ece1;420.95;1.5;UNKNOWN
