time_exchange;time_coinpai;guid;price;base_amount;taker_side
2016-02-20T00:00:01.440000;2016-02-20T00:00:01.507000;f0270db9-034b-4aee-9660-0fe92f3a5f48;420.72;0.156;BUY
2016-02-20T00:00:01.440000;2016-02-20T00:00:01.507000;f4c134fe-492c-4491-bc7c-c1e92e4e110d;420.72;0.119;BUY
2016-02-20T00:00:03.267000;2016-02-20T00:00:03.333000;db14cf6a-2db7-4e11-8fba-8b407c383eb1;420.71;0.033;SELL
2016-02-20T00:00:03.267000;2016-02-20T00:00:03.350000;1d47cf0f-8ecd-431a-866f-4d4e094e2eb2;420.71;0.04703333;SELL
2016-02-20T00:00:03.267000;2016-02-20T00:00:03.350000;5b521092-7547-40d7-86b0-573e7d3e3d0d;420.71;2.16512701;SELL
2016-02-20T00:00:03.267000;2016-02-20T00:00:03.363000;ae2ea050-2f60-43b9-a443-257c479ebf27;420.71;0.0125;SELL
2016-02-20T00:00:03.267000;2016-02-20T00:00:03.363000;b85d9c86-0a89-4f63-bfe6-eb83c966193f;420.7;0.033;SELL
2016-02-20T00:00:03.267000;2016-02-20T00:00:03.427000;5930efe6-adf4-4960-b17a-2e44cfde7dd4;420.69;0.033;SELL
2016-02-20T00:00:03.267000;2016-02-20T00:00:03.427000;460f1c3c-db64-49c4-aba6-b95f4515aeaa;420.69;0.01;SELL
2016-02-20T00:00:03.267000;2016-02-20T00:00:03.427000;3b89b525-c810-43c3-b5ec-043b737118d0;420.68;0.034;SELL
2016-02-20T00:00:03.267000;2016-02-20T00:00:03.427000;8196a950-3003-4bab-b526-334ea6a9234f;420.67;0.034;SELL
2016-02-20T00:00:03.267000;2016-02-20T00:00:03.427000;083c8dae-e619-4f27-867f-777dfd194e33;420.66;0.034;SELL
2016-02-20T00:00:03.267000;2016-02-20T00:00:03.427000;ff760cbc-316a-4ea9-8062-80e397192689;420.65;0.035;SELL
2016-02-20T00:00:03.267000;2016-02-20T00:00:03.427000;512e12d5-8f6f-49f0-b012-c5277e21da20;420.64;0.035;SELL
2016-02-20T00:00:03.267000;2016-02-20T00:00:03.427000;3921dd53-0f54-4189-9385-bdd42d9026be;420.63;0.035;SELL
2016-02-20T00:00:03.267000;2016-02-20T00:00:03.427000;cdd89997-3d8f-4d80-8974-b7f4858adc4f;420.62;0.01;SELL
2016-02-20T00:00:03.267000;2016-02-20T00:00:03.427000;e522aa43-5746-4a61-8e01-8ec2bab12080;420.61;0.036;SELL
2016-02-20T00:00:03.267000;2016-02-20T00:00:03.427000;8fd56f6f-40ab-4d02-8621-ac69c23ecd26;420.61;0.543;SELL
2016-02-20T00:00:03.270000;2016-02-20T00:00:03.427000;5c9b739a-63af-4ed6-9b55-cd0c2a633f93;420.6;0.036;SELL
2016-02-20T00:00:03.270000;2016-02-20T00:00:03.443000;5adff902-a496-41a5-b464-474827ab1fad;420.6;0.56;SELL
2016-02-20T00:00:03.270000;2016-02-20T00:00:03.443000;af040727-8b28-4059-8856-529b00dff2e2;420.59;0.036;SELL
2016-02-20T00:00:03.270000;2016-02-20T00:00:03.443000;7ba65670-bf17-40d7-acd3-e206070ef884;420.59;0.546;SELL
2016-02-20T00:00:03.270000;2016-02-20T00:00:03.443000;47b8fd97-c054-41f5-83c4-0769804e4d2e;420.58;0.01;SELL
2016-02-20T00:00:03.270000;2016-02-20T00:00:03.443000;2ce3161c-915d-4da3-9648-56a8339c0e67;420.57;0.01;SELL
2016-02-20T00:00:03.270000;2016-02-20T00:00:03.443000;9d0ac3d5-272f-4386-8886-ae81848b3c15;420.56;0.01;SELL
2016-02-20T00:00:03.270000;2016-02-20T00:00:03.443000;9a7d1290-b5f2-4045-a340-e00128e2f56c;420.55;0.01;SELL
2016-02-20T00:00:03.270000;2016-02-20T00:00:03.443000;3934a400-6835-456c-a5c5-6d5f3f128b5c;420.55;0.546;SELL
2016-02-20T00:00:03.270000;2016-02-20T00:00:03.443000;1d58a180-ee64-42e7-ad70-37c7508b068f;420.54;0.01;SELL
2016-02-20T00:00:03.270000;2016-02-20T00:00:03.443000;88deb3ee-a9c4-4e35-b32b-ae935cdc2234;420.53;0.037;SELL
2016-02-20T00:00:03.270000;2016-02-20T00:00:03.443000;91f15f8e-ffa1-4dd9-9b33-a83079dd33fb;420.53;0.23;SELL
2016-02-20T00:00:03.270000;2016-02-20T00:00:03.507000;b7022450-dbd6-4628-9a85-8a134acdc5da;420.52;0.037;SELL
2016-02-20T00:00:03.270000;2016-02-20T00:00:03.520000;260f8f8b-38bd-43b5-8eff-8776bc6d3abc;420.51;0.01;SELL
2016-02-20T00:00:03.270000;2016-02-20T00:00:03.520000;7aac62a3-4c5c-4982-920e-9fce39345925;420.51;0.562;SELL
2016-02-20T00:00:03.270000;2016-02-20T00:00:03.520000;48056a21-2ce8-4a82-8d0f-67e4eb9c213b;420.5;0.01;SELL
2016-02-20T00:00:03.270000;2016-02-20T00:00:03.520000;0a2f2ada-ab21-495c-be9c-69b6faaa7c8a;420.5;0.0125;SELL
2016-02-20T00:00:03.270000;2016-02-20T00:00:03.520000;547969d8-81e8-4f38-83b6-c589dfb87d47;420.49;0.038;SELL
2016-02-20T00:00:03.273000;2016-02-20T00:00:03.520000;5c70384d-6e49-406d-8cc1-1efbb5a03864;420.49;0.577;SELL
2016-02-20T00:00:03.273000;2016-02-20T00:00:03.520000;9fcc88b7-39de-4eaa-9a4e-5d389d95aa55;420.48;0.038;SELL
2016-02-20T00:00:03.273000;2016-02-20T00:00:03.520000;56813691-9b26-413b-ae6b-11f5012c1606;420.47;0.038;SELL
2016-02-20T00:00:03.273000;2016-02-20T00:00:03.520000;96106c76-bd4b-4ba3-a489-69adedba6af8;420.47;0.01;SELL
2016-02-20T00:00:03.273000;2016-02-20T00:00:03.520000;cd0b4af0-0091-45c6-947c-ddbc3f909375;420.46;0.01;SELL
2016-02-20T00:00:03.273000;2016-02-20T00:00:03.537000;ff26ee63-c2a1-43b5-bdd8-f2d779ac43f0;420.45;0.01;SELL
2016-02-20T00:00:03.273000;2016-02-20T00:00:03.537000;4bc204da-19f4-48cc-99ee-d6c457ff9f86;420.44;0.01;SELL
2016-02-20T00:00:03.273000;2016-02-20T00:00:03.537000;a740865e-3f24-4358-a6bd-70409f04509c;420.44;0.563;SELL
2016-02-20T00:00:03.273000;2016-02-20T00:00:03.537000;13ab83d7-e047-4e35-95d2-893d65b7d833;420.43;0.039;SELL
2016-02-20T00:00:03.273000;2016-02-20T00:00:03.537000;d391be42-12b1-4702-b52f-0c04387fb930;420.42;0.04;SELL
2016-02-20T00:00:03.273000;2016-02-20T00:00:03.537000;20adb887-f2da-4e5d-afad-f883ea0124b4;420.41;0.04;SELL
2016-02-20T00:00:03.273000;2016-02-20T00:00:03.537000;5c31c3d7-a0c3-472b-97b4-46046dd1f7e4;420.4;0.037;SELL
2016-02-20T00:00:03.273000;2016-02-20T00:00:03.537000;e1f31ee8-f798-41b5-bdec-9fed5105775a;420.4;0.095;SELL
2016-02-20T00:00:03.273000;2016-02-20T00:00:03.537000;b6617e78-00ab-4548-bbaf-88967542ebf1;420.39;0.038;SELL
2016-02-20T00:00:03.273000;2016-02-20T00:00:03.537000;b7ae89f3-6c26-4b29-a048-d8e8d83cbfeb;420.39;0.57;SELL
2016-02-20T00:00:03.277000;2016-02-20T00:00:03.537000;e4519dbe-73f9-4771-b886-34269bac0584;420.38;0.01;SELL
2016-02-20T00:00:03.277000;2016-02-20T00:00:03.537000;84b9496f-0b76-45b6-9f83-05d3836a05bc;420.37;0.01;SELL
2016-02-20T00:00:03.277000;2016-02-20T00:00:03.537000;3cc5a75e-a874-4de1-812a-859f6b65d029;420.36;0.01;SELL
2016-02-20T00:00:03.277000;2016-02-20T00:00:03.553000;d1a15421-4391-4a6d-9c3f-48c4c3c3d4bc;420.35;0.00987;SELL
2016-02-20T00:00:03.277000;2016-02-20T00:00:03.553000;88787f46-4cc4-4d26-bdc1-defbde2bb254;420.35;0.2;SELL
2016-02-20T00:00:03.277000;2016-02-20T00:00:03.613000;72a6b9ec-0b2f-4d53-968f-34890fcd8c3c;420.35;0.092;SELL
2016-02-20T00:00:03.277000;2016-02-20T00:00:03.613000;b84ff206-62c7-4ebf-bcd8-38eafe5e832f;420.34;0.01;SELL
2016-02-20T00:00:03.277000;2016-02-20T00:00:03.613000;d47566dc-f6ee-45a3-af4a-2f978a3fd444;420.32;0.084;SELL
2016-02-20T00:00:03.277000;2016-02-20T00:00:03.613000;14179f04-f1cf-4b5b-b544-2d79279ae038;420.29;0.01;SELL
2016-02-20T00:00:03.277000;2016-02-20T00:00:03.613000;1777758e-507d-4f32-8e3e-5fd60dc27b49;420.27;0.01;SELL
2016-02-20T00:00:03.277000;2016-02-20T00:00:03.613000;b1eaf3d7-cbdb-4fe9-b7dc-d1e14fb67247;420.27;0.103;SELL
2016-02-20T00:00:03.277000;2016-02-20T00:00:03.613000;016876e7-9722-4511-9427-66706ddd974c;420.26;0.011;SELL
2016-02-20T00:00:03.277000;2016-02-20T00:00:03.613000;856d91f4-c713-489f-882e-73e5eb79d4d7;420.25;0.0125;SELL
2016-02-20T00:00:03.277000;2016-02-20T00:00:03.613000;8c2d46da-d4fb-45b6-9f35-01595569cd3c;420.23;1.1;SELL
2016-02-20T00:00:03.277000;2016-02-20T00:00:03.613000;a4a40da7-b1bb-4855-a741-dde45bc332c3;420.22;0.091;SELL
2016-02-20T00:00:03.277000;2016-02-20T00:00:03.613000;86473d04-d828-4d69-b357-4431ba882ac2;420.21;0.01;SELL
2016-02-20T00:00:03.277000;2016-02-20T00:00:03.613000;cba3bfda-6d5b-4406-865d-e621f82649f8;420.2;0.01;SELL
2016-02-20T00:00:03.280000;2016-02-20T00:00:03.613000;6bea5c67-19cd-4d0f-b0b7-1fa07ecdcdc7;420.2;0.01135791;SELL
2016-02-20T00:00:03.280000;2016-02-20T00:00:03.613000;69b76ddb-152d-4a73-95e9-ddd62d01085b;420.19;0.011;SELL
2016-02-20T00:00:03.280000;2016-02-20T00:00:03.613000;8c6edd02-33ea-44cd-97f8-06828f6210e1;420.19;1.98;SELL
2016-02-20T00:00:03.280000;2016-02-20T00:00:03.613000;a1f2dcca-c0a6-4c7a-b0c5-0e99793c35e1;420.18;5.52782693;SELL
2016-02-20T00:00:03.280000;2016-02-20T00:00:03.613000;971a572d-c183-4cdf-a9d1-410dac9eab1e;420.18;0.032;SELL
2016-02-20T00:00:03.280000;2016-02-20T00:00:03.613000;6b08c211-80ca-40a6-8c28-62f1dcc271ee;420.17;0.119;SELL
2016-02-20T00:00:03.280000;2016-02-20T00:00:03.647000;3c718062-7b77-47cd-aa67-f1d0774283f8;420.17;0.031;SELL
2016-02-20T00:00:03.280000;2016-02-20T00:00:03.647000;890397a2-c897-4889-b74c-032af84d954f;420.16;0.032;SELL
2016-02-20T00:00:03.280000;2016-02-20T00:00:03.647000;de8875a1-b268-42ad-a5eb-211164545cef;420.14;0.031;SELL
2016-02-20T00:00:03.280000;2016-02-20T00:00:03.647000;bc2ff54d-07dd-4f0a-89a8-b4254564ba76;420.11;0.01;SELL
2016-02-20T00:00:03.440000;2016-02-20T00:00:03.647000;d02a9429-ab36-4d10-8eb2-8986ed56ae33;420.1;0.011;BUY
2016-02-20T00:00:03.577000;2016-02-20T00:00:03.693000;57b642ed-0e60-4b41-9560-e50ce28a53f3;420.09;0.05459;SELL
2016-02-20T00:00:11.353000;2016-02-20T00:00:11.413000;c9180e8a-0f45-48bc-845f-0e78cf19132c;420.09;3.08;BUY
2016-02-20T00:00:16.430000;2016-02-20T00:00:16.507000;f099e2b6-db8c-4e33-bd62-92a001035626;420.1;29.24435127;BUY
2016-02-20T00:00:21.347000;2016-02-20T00:00:21.397000;85027fb6-752c-4334-99d6-539a2b140a93;420.27;0.011;BUY
2016-02-20T00:00:21.347000;2016-02-20T00:00:21.413000;3c92c503-8fa1-44fa-9033-de53f828c273;420.28;0.011;BUY
2016-02-20T00:00:26.333000;2016-02-20T00:00:26.380000;5d3739f4-e404-435b-a1e2-9eb6a19a4919;420.29;0.01;BUY
2016-02-20T00:00:26.333000;2016-02-20T00:00:26.397000;6e1e4309-64b2-45e4-bebe-f4ed628dedbd;420.38;1.32;BUY
2016-02-20T00:00:31.340000;2016-02-20T00:00:31.397000;cb5d8495-e1ea-48fd-b5f5-270fcce9be05;420.38;0.011;BUY
2016-02-20T00:00:31.340000;2016-02-20T00:00:31.397000;6a4432e9-73de-4d1d-a50b-54e5b769333c;420.44;1.54;BUY
2016-02-20T00:00:36.343000;2016-02-20T00:00:36.413000;81bab1d5-79b3-4c45-8c58-f6626461ccda;420.44;0.011;BUY
2016-02-20T00:00:36.347000;2016-02-20T00:00:36.413000;9bd3c302-5619-4e69-8ad7-35cf1382fe26;420.46;0.127;BUY
2016-02-20T00:00:38.007000;2016-02-20T00:00:38.067000;795de09a-aef5-4a55-b56a-8bcb8bf12235;420.46;0.22;BUY
2016-02-20T00:00:38.007000;2016-02-20T00:00:38.067000;16583bcc-0429-497a-b7de-8756a8562f8a;420.47;0.01;BUY
2016-02-20T00:00:38.007000;2016-02-20T00:00:38.067000;3e869423-967c-4e13-9d24-ae129193815f;420.47;0.05319;BUY
2016-02-20T00:00:41.377000;2016-02-20T00:00:41.427000;7373f019-7b9a-40b6-b9c9-49952b9a8f25;420.46;0.154;BUY
2016-02-20T00:00:46.367000;2016-02-20T00:00:46.427000;d48f1280-f04a-4d14-bb18-acece3ffa7b6;420.49;0.011;BUY
2016-02-20T00:00:46.367000;2016-02-20T00:00:46.427000;128d5e48-6a2f-45b8-ba13-f91476dc0a1f;420.49;0.198;BUY
2016-02-20T00:00:51.473000;2016-02-20T00:00:51.520000;9c71ef61-2ca1-4955-896a-f83bb273afea;420.54;0.252;BUY
2016-02-20T00:00:56.610000;2016-02-20T00:00:56.677000;932af1b5-9b21-402f-9a6e-e28d7fc8e708;420.55;0.075;BUY
2016-02-20T00:00:56.610000;2016-02-20T00:00:56.677000;a43245db-fb87-418a-83fc-0d239105e213;420.55;0.115;BUY
2016-02-20T00:01:02.680000;2016-02-20T00:01:02.740000;aaa240b7-7084-4cc9-8f56-7c6d3ae4ae5c;420.52;0.01;SELL
2016-02-20T00:01:06.490000;2016-02-20T00:01:06.553000;ee116834-3ec9-4ab7-82e6-df790a94740e;420.56;0.075;BUY
2016-02-20T00:01:06.490000;2016-02-20T00:01:06.553000;55c1ae24-1f81-40a9-9736-2e96b981a121;420.56;0.104;BUY
2016-02-20T00:01:11.477000;2016-02-20T00:01:11.537000;a355c497-f695-431c-a282-24296bf120f1;420.57;0.075;BUY
2016-02-20T00:01:16.550000;2016-02-20T00:01:16.613000;3152038a-46ad-4b2d-8f6a-ee447f901121;420.55;0.075;BUY
2016-02-20T00:01:21.507000;2016-02-20T00:01:21.553000;6375e585-8b31-44de-9d89-62c186d18cb4;420.56;0.075;BUY
2016-02-20T00:01:26.550000;2016-02-20T00:01:26.600000;50a4334c-f443-41f5-8dda-04d52beb53ab;420.57;0.075;BUY
2016-02-20T00:01:31.597000;2016-02-20T00:01:31.663000;1d53fe1e-2a5a-4a9f-bd64-d51470a64c25;420.58;0.011;BUY
2016-02-20T00:01:31.600000;2016-02-20T00:01:31.663000;d0e0fbee-2167-452b-a238-eff819df942c;420.6;0.01;BUY
2016-02-20T00:01:36.023000;2016-02-20T00:01:36.083000;c5178b16-658c-4a33-95dc-72f61fbf3954;420.6;0.054;BUY
2016-02-20T00:01:36.023000;2016-02-20T00:01:36.083000;36f3a69d-55b8-442f-88e7-03b64be1c5c7;420.61;0.01;BUY
2016-02-20T00:01:36.023000;2016-02-20T00:01:36.100000;1908ea7d-d1df-4314-956c-23c7cbf4f080;420.62;0.01;BUY
2016-02-20T00:01:36.023000;2016-02-20T00:01:36.100000;3feff109-6231-4e1e-bddb-8a3390a3dfdd;420.62;0.01;BUY
2016-02-20T00:01:36.023000;2016-02-20T00:01:36.100000;0b64caf5-40a6-4062-b634-35b2d8ff8f54;420.63;0.01;BUY
2016-02-20T00:01:36.023000;2016-02-20T00:01:36.100000;0d2fb08e-c59b-4d3c-b0e0-e099b100649b;420.63;0.01;BUY
2016-02-20T00:01:36.023000;2016-02-20T00:01:36.113000;08ec0c40-bed4-4263-8c56-dfc2422ea9ad;420.64;0.01;BUY
2016-02-20T00:01:36.023000;2016-02-20T00:01:36.113000;665f4d6e-80d0-4fb3-afba-03e4afeee93a;420.64;0.01;BUY
2016-02-20T00:01:36.023000;2016-02-20T00:01:36.130000;1b70d467-104d-4f79-a7a5-1fdb186a3f6b;420.64;0.109;BUY
2016-02-20T00:01:36.023000;2016-02-20T00:01:36.130000;33b1c181-a3ae-4d00-8364-92069a4d6c35;420.65;0.01;BUY
2016-02-20T00:01:36.023000;2016-02-20T00:01:36.130000;0bb8a2b9-bded-47d6-a819-6450f966f8f1;420.65;0.01;BUY
2016-02-20T00:01:36.027000;2016-02-20T00:01:36.130000;e15f405b-0eeb-4078-bdb5-ab52a06e13da;420.65;0.01;BUY
2016-02-20T00:01:36.027000;2016-02-20T00:01:36.130000;83b81cba-c3d8-452b-8ecf-734bdde18140;420.66;0.01;BUY
2016-02-20T00:01:36.027000;2016-02-20T00:01:36.130000;436671dc-c869-4b88-b02b-8be025115398;420.66;0.01;BUY
2016-02-20T00:01:36.027000;2016-02-20T00:01:36.147000;e0f1863a-5e63-49d0-b47e-c940705a7706;420.66;0.075;BUY
2016-02-20T00:01:36.027000;2016-02-20T00:01:36.147000;fe380d12-80ca-40b2-95cf-07b2df25e290;420.67;0.00132;BUY
2016-02-20T00:01:36.683000;2016-02-20T00:01:36.723000;53e34231-4d8b-4354-a078-1d1f97e3323d;420.67;0.00868;BUY
2016-02-20T00:01:36.683000;2016-02-20T00:01:36.740000;3c1746b6-8277-49bc-93f3-156c224a755e;420.68;0.01;BUY
2016-02-20T00:01:41.597000;2016-02-20T00:01:41.663000;041f043b-0223-48a3-9dd0-cb095b003e1b;420.69;0.01;BUY
2016-02-20T00:01:41.597000;2016-02-20T00:01:41.663000;5e0b2209-bc44-447d-9a8d-177f600a0b25;420.7;0.01;BUY
2016-02-20T00:01:41.597000;2016-02-20T00:01:41.677000;26a98dae-4ed5-4136-b454-33e4e99b712a;420.7;0.01;BUY
2016-02-20T00:01:41.597000;2016-02-20T00:01:41.677000;41969f3a-6468-430b-840e-9da5cd4dbf69;420.7;0.01135791;BUY
2016-02-20T00:01:41.600000;2016-02-20T00:01:41.677000;5511116f-c554-4055-b244-9352c45af7c8;420.7;0.089;BUY
2016-02-20T00:01:51.583000;2016-02-20T00:01:51.630000;194b36d3-aa14-4308-bf51-a8410c270b60;420.71;0.01;BUY
2016-02-20T00:01:51.583000;2016-02-20T00:01:51.647000;50c0ef1b-2376-4de1-88a9-2467115edf41;420.72;0.011;BUY
2016-02-20T00:01:51.583000;2016-02-20T00:01:51.647000;0615aa9b-0f98-4c1d-82d6-07b7c54d9c9a;420.72;0.01;BUY
2016-02-20T00:01:56.667000;2016-02-20T00:01:56.710000;fc527a61-f726-44ea-b781-93cb0fa3c489;420.75;0.01;BUY
2016-02-20T00:01:56.667000;2016-02-20T00:01:56.723000;57215308-1ec9-44fe-8e73-f0e55b61cc1a;420.75;1.4;BUY
2016-02-20T00:02:01.713000;2016-02-20T00:02:01.770000;b81bc01b-76e6-44ee-8a7b-7cd43495e1dd;420.77;0.011;BUY
2016-02-20T00:02:01.713000;2016-02-20T00:02:01.770000;38449543-2d12-4904-b047-7e8fc0a2dc0c;420.77;0.02;BUY
2016-02-20T00:02:01.713000;2016-02-20T00:02:01.787000;4d72d32e-dcb0-4699-96d2-c7d051540ac5;420.77;0.01;BUY
2016-02-20T00:02:03.680000;2016-02-20T00:02:03.757000;f920af6e-f9f9-452d-bb16-80ef9351085b;420.78;0.01;BUY
2016-02-20T00:02:03.680000;2016-02-20T00:02:03.757000;76711d62-b767-49aa-a9ae-c2702b61bd45;420.8;0.01;BUY
2016-02-20T00:02:03.680000;2016-02-20T00:02:03.757000;d19da8c0-9fca-4864-8342-3c4f3b9b5577;420.8;0.1296;BUY
2016-02-20T00:02:11.637000;2016-02-20T00:02:11.693000;909b214c-27ca-4038-a9d9-8daf746a5b37;420.8;0.0704;BUY
2016-02-20T00:02:16.807000;2016-02-20T00:02:16.863000;2192a81f-10d4-47cb-a820-8fdd5c4b553f;420.85;0.01;BUY
2016-02-20T00:02:16.807000;2016-02-20T00:02:16.880000;91d6c2f4-e975-46a9-87e6-1f3ddde265a9;420.85;0.075;BUY
2016-02-20T00:02:16.810000;2016-02-20T00:02:16.880000;527f5c53-7249-456e-916d-9d6a289ea577;420.85;0.075;BUY
2016-02-20T00:02:21.637000;2016-02-20T00:02:21.710000;c4457dd7-5ca5-4c5b-a743-5d4a51fcb0d2;420.86;0.01;BUY
2016-02-20T00:02:21.637000;2016-02-20T00:02:21.710000;f586b9fd-537e-4a83-9f04-1bf7d1c54fa4;420.86;0.01;BUY
2016-02-20T00:02:26.710000;2016-02-20T00:02:26.757000;7880f5e6-b462-47ff-a594-9e3e78646a83;420.88;0.075;BUY
2016-02-20T00:02:31.663000;2016-02-20T00:02:31.723000;31af2eca-968e-4216-bc36-bdeec2143f65;420.9;0.01134065;BUY
2016-02-20T00:02:31.663000;2016-02-20T00:02:31.723000;53f76662-26d6-42f5-825b-e55784eb7429;420.9;0.075;BUY
2016-02-20T00:02:33.653000;2016-02-20T00:02:33.710000;8b452d52-6b8a-42a7-b7ee-598e2f91abac;420.93;0.011;BUY
2016-02-20T00:02:33.653000;2016-02-20T00:02:33.710000;cf4a0482-898d-4b48-a884-25ae7e4f224a;420.93;0.075;BUY
2016-02-20T00:02:33.653000;2016-02-20T00:02:33.710000;0af46b91-21ef-4ce6-be07-40d50774adcd;420.95;0.01;BUY
2016-02-20T00:02:33.653000;2016-02-20T00:02:33.740000;7fd550ac-3123-4d8c-ace5-4897f2e4f36e;420.95;0.01;BUY
2016-02-20T00:02:33.653000;2016-02-20T00:02:33.740000;75f20bc2-bc0a-4350-a186-6c4bfea95e53;420.96;0.01;BUY
2016-02-20T00:02:33.653000;2016-02-20T00:02:33.740000;dc971d3d-cad7-4df5-98fa-00dd0936fd92;420.99;0.88618;BUY
2016-02-20T00:02:41.650000;2016-02-20T00:02:41.693000;056e98d5-756e-4db8-9dfe-caa26c03e550;420.99;14.61382;BUY
2016-02-20T00:02:46.697000;2016-02-20T00:02:46.757000;7413904f-4368-467f-a5da-83842954f832;421.0;0.01;BUY
2016-02-20T00:02:46.697000;2016-02-20T00:02:46.757000;8262918b-7dab-4d2c-8494-262a49588744;421.0;0.03;BUY
2016-02-20T00:02:46.697000;2016-02-20T00:02:46.770000;8affa3af-143c-4236-9479-c85bd045841c;421.0;0.03;BUY
2016-02-20T00:02:46.697000;2016-02-20T00:02:46.770000;78a5f64a-1755-4a78-a070-ff5271b2cb35;421.0;1.0;BUY
2016-02-20T00:02:46.697000;2016-02-20T00:02:46.770000;70a28740-d14f-414b-81ce-70022c6bbd6c;421.0;2.0;BUY
2016-02-20T00:02:46.697000;2016-02-20T00:02:46.770000;4b856daa-d8b1-4038-9858-11579e389b65;421.0;0.01;BUY
2016-02-20T00:02:52.517000;2016-02-20T00:02:52.567000;670e0c3b-e6fb-4487-bff2-3a02e387e6c0;421.05;0.01;BUY
2016-02-20T00:02:52.517000;2016-02-20T00:02:52.567000;65606421-31a9-4e8d-af7d-512c84c69fe2;421.05;0.01;BUY
2016-02-20T00:02:57.357000;2016-02-20T00:02:57.413000;4003e812-853f-49ca-9e0d-f8dac6a86ee2;421.07;0.011;BUY
2016-02-20T00:02:57.357000;2016-02-20T00:02:57.413000;e7e58b31-799f-44e9-8323-b7a6ff1b97d0;421.09;0.01;BUY
2016-02-20T00:02:57.360000;2016-02-20T00:02:57.413000;606434d3-ae97-4cfa-b0e4-460e8ee4312a;421.09;0.239;BUY
2016-02-20T00:03:02.410000;2016-02-20T00:03:02.460000;48cf68b9-44b8-4f36-9ca9-e647c34f38c9;421.1;0.01134635;BUY
2016-02-20T00:03:02.410000;2016-02-20T00:03:02.473000;dab8e61f-9943-4f79-910a-e1c2ce42e8cd;421.1;0.01;BUY
2016-02-20T00:03:02.410000;2016-02-20T00:03:02.473000;626ae416-a408-43c8-939d-127713096b7d;421.1;0.1;BUY
2016-02-20T00:03:05.080000;2016-02-20T00:03:05.130000;f3f86533-6e4f-4a27-9161-6fc6b70ab89d;421.08;0.01;SELL
2016-02-20T00:03:05.080000;2016-02-20T00:03:05.147000;31cbbc4d-5e1e-4fde-bb60-44854d0ca1ab;421.07;0.0076;SELL
2016-02-20T00:03:07.470000;2016-02-20T00:03:07.507000;bf1a214e-545b-4dde-b402-7b24449afd62;421.12;0.01;BUY
2016-02-20T00:03:07.470000;2016-02-20T00:03:07.520000;787ea33a-6fdc-449b-8d82-a145128f22b7;421.15;0.01;BUY
2016-02-20T00:03:07.470000;2016-02-20T00:03:07.520000;ade9ab08-9867-484a-9e3f-ff1b5736c1eb;421.15;0.01;BUY
2016-02-20T00:03:17.450000;2016-02-20T00:03:17.490000;3c592134-2493-471d-a5a4-ae67496953da;421.16;0.011;BUY
2016-02-20T00:03:17.450000;2016-02-20T00:03:17.507000;ba2822e8-3f90-4282-9623-f6732d4084b9;421.16;0.01;BUY
2016-02-20T00:03:22.417000;2016-02-20T00:03:22.473000;5b7e93cd-4ec5-40ed-a459-798fdb4dc7fd;421.18;0.01;BUY
2016-02-20T00:03:22.417000;2016-02-20T00:03:22.473000;3da16e0b-278b-47df-8911-0aa71974b5d1;421.19;0.011;BUY
2016-02-20T00:03:27.403000;2016-02-20T00:03:27.460000;53d906d4-e76a-41a1-a8d7-74ec0ec11277;421.2;0.01;BUY
2016-02-20T00:03:27.403000;2016-02-20T00:03:27.473000;2600d1bb-efa2-4495-a1dc-883fe8bdd763;421.22;0.02;BUY
2016-02-20T00:03:32.417000;2016-02-20T00:03:32.460000;33aba608-88f8-4052-bd66-39a3d02415c3;421.25;0.01;BUY
2016-02-20T00:03:32.417000;2016-02-20T00:03:32.473000;b15cd9b1-854c-44f6-930a-02ede8abbd0a;421.25;0.01;BUY
2016-02-20T00:03:34.587000;2016-02-20T00:03:34.647000;ae218502-0523-4fd3-b3a2-952eb27f8291;421.29;0.118;BUY
2016-02-20T00:03:34.587000;2016-02-20T00:03:34.647000;a035eefd-acef-4601-88b5-3b56eb7ce1f5;421.3;0.011;BUY
2016-02-20T00:03:34.590000;2016-02-20T00:03:34.647000;f158a2d7-bed0-43dc-8f7d-12c8bc638a6b;421.3;0.01134635;BUY
2016-02-20T00:03:34.590000;2016-02-20T00:03:34.663000;6664add2-07f2-4542-8a3f-9697f4cac9c5;421.3;0.00501365;BUY
2016-02-20T00:03:37.400000;2016-02-20T00:03:37.460000;cd67972e-5652-4038-9203-799f699dc733;421.3;0.00498635;BUY
2016-02-20T00:03:37.400000;2016-02-20T00:03:37.460000;737d970a-65ec-483e-85c0-e094e85b3911;421.31;0.01;BUY
2016-02-20T00:03:42.510000;2016-02-20T00:03:42.567000;874da829-58af-4b9e-920a-c32941596811;421.32;0.01;BUY
2016-02-20T00:03:42.510000;2016-02-20T00:03:42.567000;1eb74574-0cae-4dca-9097-a73004df9366;421.32;0.72;BUY
2016-02-20T00:03:47.503000;2016-02-20T00:03:47.553000;a1de325b-2bf3-4d31-8574-3050c62340c7;421.33;1.0;BUY
2016-02-20T00:03:47.503000;2016-02-20T00:03:47.567000;88a85975-cbc9-474e-a9d6-3fd39d244893;421.33;0.075;BUY
2016-02-20T00:03:47.507000;2016-02-20T00:03:47.567000;a1b75362-2de2-47f4-b120-2dcc7e6b32d0;421.33;0.25;BUY
2016-02-20T00:03:55.927000;2016-02-20T00:03:55.973000;5ae8d84d-aa22-4492-9413-7f62a5953651;421.34;0.15;BUY
2016-02-20T00:03:57.533000;2016-02-20T00:03:57.583000;59f98e58-85d2-4f75-86fa-68e7f7bf98c3;421.34;0.85;BUY
2016-02-20T00:04:02.523000;2016-02-20T00:04:02.567000;d88d06f7-4cb8-4b8e-83f7-b23a1e06d573;421.35;1.0;BUY
2016-02-20T00:04:02.523000;2016-02-20T00:04:02.583000;99ac7f3f-fec2-4da2-affa-e6fe9d442ab6;421.35;0.01;BUY
2016-02-20T00:04:03.163000;2016-02-20T00:04:03.223000;8da44d7c-1078-4504-9a48-1a9d2e1acbdb;421.36;0.997;BUY
2016-02-20T00:04:07.547000;2016-02-20T00:04:07.583000;0e7335fe-bb37-4a64-850b-f73adceca3b2;421.36;0.003;BUY
2016-02-20T00:04:07.547000;2016-02-20T00:04:07.600000;ffe9aa77-28b2-4bf7-babe-0cf35e489183;421.36;0.28;BUY
2016-02-20T00:04:17.730000;2016-02-20T00:04:17.770000;fde885c2-f664-4e89-849b-ad0729949b0d;421.37;1.0;BUY
2016-02-20T00:04:17.730000;2016-02-20T00:04:17.787000;c4e5561e-69ed-4b3c-b021-a3c8bdcaec8d;421.37;0.245;BUY
2016-02-20T00:04:18.913000;2016-02-20T00:04:18.960000;c2fde257-40d3-4569-8ac3-76b5a55cffbe;421.36;0.029;SELL
2016-02-20T00:04:18.913000;2016-02-20T00:04:18.973000;e7f472c3-792b-4833-ae03-422a9a3af879;421.35;0.073;SELL
2016-02-20T00:04:22.650000;2016-02-20T00:04:22.693000;ffb20369-2a9e-4926-8736-60153ac1594a;421.38;1.0;BUY
2016-02-20T00:04:22.650000;2016-02-20T00:04:22.710000;2db14fb2-17bd-43fe-a499-b679128b4ae3;421.38;0.169;BUY
2016-02-20T00:04:27.807000;2016-02-20T00:04:27.850000;cb362c83-33a8-41f2-931c-d98424a95810;421.4;0.01;BUY
2016-02-20T00:04:27.807000;2016-02-20T00:04:27.863000;20fbf3da-6348-493a-91fb-888af4ae0bed;421.43;0.01;BUY
2016-02-20T00:04:32.660000;2016-02-20T00:04:32.710000;962c494f-9190-4a36-9201-73827ba1573c;421.43;0.23;BUY
2016-02-20T00:04:32.660000;2016-02-20T00:04:32.710000;6e428478-930b-4dd5-8e62-82c55f8d6aa2;421.44;0.27394;BUY
2016-02-20T00:04:37.650000;2016-02-20T00:04:37.693000;a5d70576-6667-4d54-bdf9-4c38e94c403b;421.42;0.029;BUY
2016-02-20T00:04:37.650000;2016-02-20T00:04:37.710000;45d6a61d-8911-4e3d-8465-3e65c25f88a5;421.42;0.244;BUY
2016-02-20T00:04:42.743000;2016-02-20T00:04:42.787000;71074a0d-6aa7-4562-bf1c-6a9f7f4534c6;421.43;0.224;BUY
2016-02-20T00:04:47.693000;2016-02-20T00:04:47.740000;765ec30b-f4c9-43d3-a5d8-71e91fc218bc;421.43;0.218;BUY
2016-02-20T00:04:50.173000;2016-02-20T00:04:50.223000;cb822590-4462-4dd4-8257-a9c64b81f10a;421.43;0.216;BUY
2016-02-20T00:04:50.173000;2016-02-20T00:04:50.223000;7b05432e-2f8c-4b4e-b9ad-8fae89634d82;421.44;0.354;BUY
2016-02-20T00:04:52.693000;2016-02-20T00:04:52.740000;d52d9020-2947-452c-8d25-84be8087fa0a;421.44;0.87206;BUY
2016-02-20T00:04:57.823000;2016-02-20T00:04:57.867000;e2ef0d57-2c31-4254-9184-ceb31c2a9023;421.45;0.01;BUY
2016-02-20T00:04:57.823000;2016-02-20T00:04:57.880000;49c7f762-9cae-4cf5-9d18-76110963696f;421.45;0.123;BUY
2016-02-20T00:04:59.343000;2016-02-20T00:04:59.413000;8eda50a9-2338-4b2e-8cc5-ec4055d920b3;421.49;0.88;BUY
2016-02-20T00:04:59.343000;2016-02-20T00:04:59.427000;bf5fb108-edbf-41fe-9336-d4b6c2405b3b;421.49;0.219;BUY
2016-02-20T00:04:59.343000;2016-02-20T00:04:59.443000;2314b558-c9c0-42b9-ade6-ae6ecd30b7da;421.5;0.01;BUY
2016-02-20T00:04:59.343000;2016-02-20T00:04:59.443000;965adac4-6fbe-4a9f-8db8-9e9e0496e449;421.5;0.01133629;BUY
2016-02-20T00:04:59.343000;2016-02-20T00:04:59.443000;2e4eef83-eaa0-4060-be80-55fcf6f3aab8;421.5;0.01;BUY
2016-02-20T00:04:59.343000;2016-02-20T00:04:59.443000;b3424c80-6fb6-4b08-beba-17943fb7bb02;421.5;0.26838312;BUY
2016-02-20T00:04:59.343000;2016-02-20T00:04:59.443000;fb2be68e-9b44-4734-9534-a1309a09f1c9;421.5;24.489;BUY
2016-02-20T00:04:59.347000;2016-02-20T00:04:59.443000;70832bc6-703d-433c-9b80-412c8740d66b;421.5;0.22;BUY
2016-02-20T00:04:59.347000;2016-02-20T00:04:59.460000;e404cab0-9d1b-498c-baaf-5559b25d9571;421.5;0.01;BUY
2016-02-20T00:04:59.347000;2016-02-20T00:04:59.460000;b1b44953-d5c8-4869-801e-8f0b27390f7d;421.5;0.214;BUY
2016-02-20T00:04:59.347000;2016-02-20T00:04:59.473000;36814bcb-832f-414f-8e50-ebd073a92468;421.51;3.24;BUY
2016-02-20T00:04:59.347000;2016-02-20T00:04:59.473000;2a501502-5fdc-4148-ae24-808fcd157576;421.52;0.01;BUY
2016-02-20T00:04:59.347000;2016-02-20T00:04:59.473000;fe741d92-5dc5-46df-af8b-ce279dd2ed77;421.52;0.01;BUY
2016-02-20T00:04:59.347000;2016-02-20T00:04:59.490000;83c2982f-6712-4ffd-a193-063d37c00e89;421.52;0.022977;BUY
2016-02-20T00:04:59.347000;2016-02-20T00:04:59.490000;0df0520c-755d-49ce-807a-36b89bd67b78;421.53;0.01;BUY
2016-02-20T00:04:59.347000;2016-02-20T00:04:59.490000;83a3dd2d-71d4-4da6-bbe5-60cfd90aad2b;421.55;0.01;BUY
2016-02-20T00:04:59.347000;2016-02-20T00:04:59.507000;227eaf16-348d-4729-a330-d981f0b5d00e;421.55;0.189;BUY
2016-02-20T00:04:59.347000;2016-02-20T00:04:59.507000;a4980cf4-66ad-4e89-a3eb-111a0479be6b;421.57;0.01;BUY
2016-02-20T00:04:59.347000;2016-02-20T00:04:59.507000;7e17d361-86ea-4f9c-becf-b12c8ae7fa0a;421.6;0.01;BUY
2016-02-20T00:04:59.347000;2016-02-20T00:04:59.507000;52a0c111-c810-48cc-88fe-58bdf75c3859;421.6;0.197;BUY
2016-02-20T00:04:59.347000;2016-02-20T00:04:59.520000;236f1d65-edf9-461a-bcd2-f2e9c0a23ae7;421.63;0.01;BUY
2016-02-20T00:04:59.347000;2016-02-20T00:04:59.520000;c6d779a4-3dbf-4735-a632-17c865570edd;421.63;0.244;BUY
2016-02-20T00:04:59.347000;2016-02-20T00:04:59.537000;282a5ecc-dbd1-4c29-bb99-cd05ab98d61e;421.65;0.01;BUY
2016-02-20T00:04:59.347000;2016-02-20T00:04:59.537000;230dfa12-cb24-4a3c-9c9b-2712e30f7c8e;421.66;0.02;BUY
2016-02-20T00:04:59.347000;2016-02-20T00:04:59.553000;d65b2b40-2bea-4f60-9612-6ee85cfd21f2;421.68;0.01;BUY
2016-02-20T00:04:59.350000;2016-02-20T00:04:59.553000;194a237c-3396-4ece-95fe-d26b55373bf6;421.68;0.97;BUY
2016-02-20T00:04:59.350000;2016-02-20T00:04:59.553000;a5e977bc-0aa7-405f-a0b5-1fb98b00115e;421.68;0.2;BUY
2016-02-20T00:04:59.350000;2016-02-20T00:04:59.553000;745d6f5d-69ee-4a9b-a9d5-a1a324ecde72;421.69;0.25;BUY
2016-02-20T00:04:59.350000;2016-02-20T00:04:59.553000;0e5d452e-cadf-49d9-b9ed-2c74212bbbc4;421.69;0.64;BUY
2016-02-20T00:04:59.350000;2016-02-20T00:04:59.567000;4bca4ca8-1b0a-4a0a-bed5-a5071679c796;421.7;0.01133792;BUY
2016-02-20T00:04:59.350000;2016-02-20T00:04:59.567000;07e998bd-841c-4dcb-9633-0eb94426cb73;421.7;0.01;BUY
2016-02-20T00:04:59.350000;2016-02-20T00:04:59.567000;5de6359a-24a8-4108-aede-199bd9173474;421.7;3.797;BUY
2016-02-20T00:04:59.350000;2016-02-20T00:04:59.583000;05345199-74ff-441c-87cd-483759fa380e;421.73;0.228;BUY
2016-02-20T00:04:59.350000;2016-02-20T00:04:59.583000;f964462f-7721-4649-a866-7bd89f5773ac;421.75;0.01;BUY
2016-02-20T00:04:59.350000;2016-02-20T00:04:59.583000;575c5441-4ca8-425a-87d7-046baefacbad;421.75;0.01;BUY
2016-02-20T00:04:59.350000;2016-02-20T00:04:59.600000;0f23a3e1-a527-429f-9998-24dbcbf0a8e0;421.8;0.01;BUY
2016-02-20T00:04:59.350000;2016-02-20T00:04:59.600000;0d266beb-bc79-450e-b66d-41c275e8d789;421.8;0.1;BUY
2016-02-20T00:04:59.350000;2016-02-20T00:04:59.600000;f1d027c5-6374-4a03-8a85-40969afa5237;421.84;3.62;BUY
2016-02-20T00:04:59.350000;2016-02-20T00:04:59.600000;c8d8366c-4a2d-4cbe-b646-76a798669ebb;421.85;0.01;BUY
2016-02-20T00:04:59.350000;2016-02-20T00:04:59.600000;ce6221a4-6752-4079-97d1-d612d5231c55;421.85;3.463;BUY
2016-02-20T00:04:59.350000;2016-02-20T00:04:59.600000;62c9955d-4e35-4cbe-a06c-9461675035fe;421.86;0.01;BUY
2016-02-20T00:04:59.353000;2016-02-20T00:04:59.600000;bf2dabfc-f079-4b5b-8fc8-e58a70902847;421.87;0.01;BUY
2016-02-20T00:04:59.353000;2016-02-20T00:04:59.617000;43564ddd-1e76-4d64-bf9d-31124ebde733;421.9;0.01132943;BUY
2016-02-20T00:04:59.353000;2016-02-20T00:04:59.617000;54a86892-6c9e-40b9-91fe-405661ad0c46;421.9;0.01;BUY
2016-02-20T00:04:59.353000;2016-02-20T00:04:59.617000;e398461c-1065-4fe0-8eb5-803357501650;421.9;1.76;BUY
2016-02-20T00:04:59.353000;2016-02-20T00:04:59.617000;ca3d9a93-4667-4e19-a278-2756652851cf;421.91;1.52;BUY
2016-02-20T00:04:59.353000;2016-02-20T00:04:59.630000;e4ab7cfa-f8a2-44f4-879b-082e548d36ef;421.91;1.75;BUY
2016-02-20T00:04:59.353000;2016-02-20T00:04:59.630000;859eb9c8-17fe-49bb-a32b-0c02d633fdfc;421.92;1.48147816;BUY
2016-02-20T00:04:59.353000;2016-02-20T00:04:59.630000;b4c821f2-0ccd-4df9-9a69-d56a310bac95;421.94;3.3;BUY
2016-02-20T00:04:59.353000;2016-02-20T00:04:59.647000;0aa29bbc-f551-486a-981f-de8e6eb77eda;421.95;0.01;BUY
2016-02-20T00:04:59.353000;2016-02-20T00:04:59.647000;7afbedb9-cda2-4c46-bf6b-bb952d200810;421.95;0.05;BUY
2016-02-20T00:04:59.353000;2016-02-20T00:04:59.663000;dc93ed6b-d037-4066-9ac0-cffabf93c38c;421.95;0.01;BUY
2016-02-20T00:04:59.353000;2016-02-20T00:04:59.663000;7c416493-3e4e-4721-a9e6-7ed8293efe04;421.98;6.59;BUY
2016-02-20T00:04:59.353000;2016-02-20T00:04:59.663000;4fcb1038-52fa-495c-88c3-69015aa3ab53;421.99;0.010025;BUY
2016-02-20T00:04:59.353000;2016-02-20T00:04:59.663000;108f8f2a-9f2d-44df-844d-883caea042dc;421.99;6.77;BUY
2016-02-20T00:04:59.353000;2016-02-20T00:04:59.663000;2d167344-88b1-4d67-8e05-65d95b0caae2;421.99;1.1;BUY
2016-02-20T00:04:59.353000;2016-02-20T00:04:59.663000;f4150c66-8a0f-43af-931e-b16b77d18c55;422.0;0.01;BUY
2016-02-20T00:04:59.353000;2016-02-20T00:04:59.663000;b028f227-7a4b-4024-a425-d48b169d7fc5;422.0;0.25;BUY
2016-02-20T00:04:59.357000;2016-02-20T00:04:59.663000;ecf0d41b-30b5-4aa3-9910-d58b34f23dea;422.0;0.15117735;BUY
2016-02-20T00:04:59.357000;2016-02-20T00:04:59.677000;2e8c4ad9-6622-4835-bf20-d5ad2c37ee76;422.0;0.25;BUY
2016-02-20T00:04:59.357000;2016-02-20T00:04:59.677000;d769539d-c19c-4d69-abc7-54ce8928281b;422.0;0.01;BUY
2016-02-20T00:04:59.357000;2016-02-20T00:04:59.693000;0f8eaa98-fd94-45b5-bc63-467861ec75e7;422.0;0.01;BUY
2016-02-20T00:04:59.357000;2016-02-20T00:04:59.693000;c0a65448-82e5-4eef-b224-d7dda6691563;422.0;4.0;BUY
2016-02-20T00:04:59.357000;2016-02-20T00:04:59.693000;91b8242e-1674-44e9-94ee-f65c230befe5;422.0;0.01002;BUY
2016-02-20T00:04:59.357000;2016-02-20T00:04:59.693000;53abad39-5d3b-4a51-b3b1-4151a5e0268b;422.0;2.0;BUY
2016-02-20T00:04:59.357000;2016-02-20T00:04:59.693000;3e604b34-a432-457c-bfe7-73062a12147c;422.0;0.01;BUY
2016-02-20T00:04:59.357000;2016-02-20T00:04:59.693000;d6558b98-04e2-4f01-848b-c24cd2a779cf;422.01;0.01;BUY
2016-02-20T00:04:59.357000;2016-02-20T00:04:59.710000;554ab2a1-c373-488d-8dea-d024b2d2e457;422.01;0.01;BUY
2016-02-20T00:04:59.357000;2016-02-20T00:04:59.710000;a4f734ef-3c2f-4ade-b66d-f92d1f4e164f;422.01;0.01;BUY
2016-02-20T00:04:59.357000;2016-02-20T00:04:59.710000;4e1699ad-3fe5-4f0c-b6ff-bfd3381ad700;422.01;2.91;BUY
2016-02-20T00:04:59.357000;2016-02-20T00:04:59.710000;49b67f26-339a-45d6-8668-916d2f62ac73;422.02;0.01;BUY
2016-02-20T00:04:59.357000;2016-02-20T00:04:59.740000;1961c5f9-dc61-4365-8f95-aa18ea2d1429;422.02;0.01;BUY
2016-02-20T00:04:59.357000;2016-02-20T00:04:59.740000;30fddebe-7ba2-4b43-b8fd-0c3bff36de45;422.02;0.01;BUY
2016-02-20T00:04:59.357000;2016-02-20T00:04:59.740000;b3233403-bef8-4a29-aa94-c123ac1e5928;422.02;2.882;BUY
2016-02-20T00:04:59.357000;2016-02-20T00:04:59.740000;1c2e24d8-ae4f-4c0c-bf69-f733afc62b56;422.03;0.01;BUY
2016-02-20T00:04:59.357000;2016-02-20T00:04:59.740000;f58bae35-b0a7-4083-8ddc-497aec1cb5cd;422.03;0.01;BUY
2016-02-20T00:04:59.357000;2016-02-20T00:04:59.740000;60f69bd6-f648-4479-8a56-4dc78d67e010;422.03;0.01;BUY
2016-02-20T00:04:59.360000;2016-02-20T00:04:59.740000;bfd84170-b3a2-4084-a8ae-6da19486f5e4;422.03;0.01;BUY
2016-02-20T00:04:59.360000;2016-02-20T00:04:59.740000;8630ff68-519b-4b6f-b169-ea56dd1cb066;422.03;0.01;BUY
2016-02-20T00:04:59.360000;2016-02-20T00:04:59.740000;59a7c016-6e47-4c10-8c30-af13af6971b8;422.04;0.01;BUY
2016-02-20T00:04:59.360000;2016-02-20T00:04:59.757000;57888a4f-0bb4-4c92-b966-16a304f70651;422.04;0.01;BUY
2016-02-20T00:04:59.360000;2016-02-20T00:04:59.757000;aea6f2bd-bacb-4af7-a865-af5fd67ec9dc;422.04;0.01;BUY
2016-02-20T00:04:59.360000;2016-02-20T00:04:59.757000;f35c4f2e-3bc3-4426-af0c-1cbb37f08578;422.04;0.01;BUY
2016-02-20T00:04:59.360000;2016-02-20T00:04:59.757000;a66a3356-5881-4753-adfd-4682f7630538;422.04;0.01;BUY
2016-02-20T00:04:59.360000;2016-02-20T00:04:59.757000;1c4425b4-7416-45ca-bfdb-c1b9e0a9a072;422.05;0.01;BUY
2016-02-20T00:04:59.360000;2016-02-20T00:04:59.787000;16d4bb98-6959-40fa-84cb-3b544d26022a;422.05;0.43;BUY
2016-02-20T00:04:59.360000;2016-02-20T00:04:59.787000;7e47b766-c9bb-4bf9-983d-04045dca4d1e;422.06;0.330772;BUY
2016-02-20T00:04:59.360000;2016-02-20T00:04:59.787000;3b6d2612-52b6-44ff-940a-a95eaea324f1;422.1;0.01131263;BUY
2016-02-20T00:04:59.360000;2016-02-20T00:04:59.787000;9134a771-0054-44c0-96e2-b9827f60d170;422.1;0.01;BUY
2016-02-20T00:04:59.360000;2016-02-20T00:04:59.787000;9af1eab3-0a41-43bc-aff9-8be85cfae5b8;422.1;0.02;BUY
2016-02-20T00:04:59.360000;2016-02-20T00:04:59.787000;86096ad4-dee6-473d-b7da-f30f9a77a584;422.15;0.01;BUY
2016-02-20T00:04:59.360000;2016-02-20T00:04:59.787000;020d7991-895e-42b1-b604-dbe23a2da677;422.16;2.55;BUY
2016-02-20T00:04:59.360000;2016-02-20T00:04:59.787000;9685fa2d-2904-4956-a2f2-45056aeea279;422.16;9.7413;BUY
2016-02-20T00:04:59.363000;2016-02-20T00:04:59.803000;9481d904-cb60-4aca-a5fa-9a784c28d71f;422.17;2.504;BUY
2016-02-20T00:04:59.363000;2016-02-20T00:04:59.803000;0dcc05ce-f4d6-49c7-b60e-979b76fcdaba;422.2;0.01;BUY
2016-02-20T00:04:59.363000;2016-02-20T00:04:59.803000;614d0265-c593-4748-b503-3847380418df;422.2;0.01;BUY
2016-02-20T00:04:59.363000;2016-02-20T00:04:59.803000;cc04faf8-9d9e-48cf-906a-6f8c94ea7491;422.21;0.01;BUY
2016-02-20T00:04:59.363000;2016-02-20T00:04:59.817000;b291820d-4e6d-4f47-a95a-814e468e173f;422.21;0.01;BUY
2016-02-20T00:04:59.363000;2016-02-20T00:04:59.817000;f1f2ec8d-4d17-4777-916b-3bfb2bb5f32c;422.22;0.01;BUY
2016-02-20T00:04:59.363000;2016-02-20T00:04:59.817000;26be02e9-28ca-4452-982c-70aee9e26652;422.25;0.01;BUY
2016-02-20T00:04:59.363000;2016-02-20T00:04:59.833000;135b8037-2ded-4216-936e-882ebe65b49f;422.3;0.01131263;BUY
2016-02-20T00:04:59.363000;2016-02-20T00:04:59.833000;7a95bb9f-e50a-4544-90b2-16b94aa7818e;422.3;0.1;BUY
2016-02-20T00:04:59.363000;2016-02-20T00:04:59.833000;b24afa2d-1e25-406c-b3f9-9f7d40bfe7ad;422.3;0.01;BUY
2016-02-20T00:04:59.363000;2016-02-20T00:04:59.833000;53446eb4-d80f-4f74-9777-20735d35b598;422.3;0.25;BUY
2016-02-20T00:04:59.363000;2016-02-20T00:04:59.833000;c1bad32e-2262-4bc0-81ad-b89d7ce5ee85;422.32;0.01;BUY
2016-02-20T00:04:59.363000;2016-02-20T00:04:59.833000;7461c205-0e74-4acb-aeb3-b49262cf202e;422.33;2.938;BUY
2016-02-20T00:04:59.363000;2016-02-20T00:04:59.833000;512ba614-eb06-4c91-96c0-7db078ebd9d7;422.34;0.01;BUY
2016-02-20T00:04:59.363000;2016-02-20T00:04:59.850000;3033f8d8-b009-4ba3-a1b0-d809890c05fd;422.35;0.01;BUY
2016-02-20T00:04:59.363000;2016-02-20T00:04:59.850000;dcc87e46-6dd1-43d8-8a3b-ef4c1a8a4f25;422.4;0.01;BUY
2016-02-20T00:04:59.363000;2016-02-20T00:04:59.850000;f0d7c82c-5b5c-4d78-a50e-8c1f723c053f;422.44;2.0;BUY
2016-02-20T00:04:59.367000;2016-02-20T00:04:59.850000;635a5965-8a2d-41da-8fb4-d1bd50122f31;422.45;0.01;BUY
2016-02-20T00:04:59.367000;2016-02-20T00:04:59.867000;3e7f0e86-5113-4722-9bdd-b2b946be9708;422.46;0.01;BUY
2016-02-20T00:04:59.367000;2016-02-20T00:04:59.867000;ab1f612f-80e9-4d4b-87a0-373e8812c64f;422.5;0.01131263;BUY
2016-02-20T00:04:59.367000;2016-02-20T00:04:59.867000;2e3b0a46-1cc9-4a7c-a5c2-b78566f855ef;422.5;0.26768166;BUY
2016-02-20T00:04:59.367000;2016-02-20T00:04:59.880000;6f27340a-3603-439f-9c34-3c10ddc0fb6e;422.5;0.26823153;BUY
2016-02-20T00:04:59.367000;2016-02-20T00:04:59.880000;01b4cdca-e841-46cd-b682-6326108fdde0;422.5;0.01;BUY
2016-02-20T00:04:59.367000;2016-02-20T00:04:59.880000;0855084e-f4fc-4dd5-8821-92cdc833432e;422.5;0.01;BUY
2016-02-20T00:04:59.367000;2016-02-20T00:04:59.880000;133f28ad-dd56-472f-b350-877a06902331;422.5;2.561;BUY
2016-02-20T00:04:59.367000;2016-02-20T00:04:59.897000;f03ef38a-70a5-41c8-a82a-e21b177d7282;422.5;2.5;BUY
2016-02-20T00:04:59.367000;2016-02-20T00:04:59.897000;76533fd9-07ff-4726-8e9d-48fe8e218e36;422.54;0.02;BUY
2016-02-20T00:04:59.367000;2016-02-20T00:04:59.897000;3d1dfe5e-16f9-4f68-8416-7a70a8b43d1d;422.55;0.01;BUY
2016-02-20T00:04:59.367000;2016-02-20T00:04:59.897000;930191d6-8c71-4792-9f1b-001930ccbebc;422.56;1.12930724;BUY
2016-02-20T00:05:02.650000;2016-02-20T00:05:02.693000;434d277b-7f94-486b-a76c-46178332e1d6;421.66;0.011;BUY
2016-02-20T00:05:02.650000;2016-02-20T00:05:02.723000;ac05d48b-8207-4ea4-aae7-320383300a61;421.67;0.011;BUY
2016-02-20T00:05:02.650000;2016-02-20T00:05:02.723000;89614ad6-abd2-439e-939c-b602bfc90ec7;421.68;0.89;BUY
2016-02-20T00:05:02.650000;2016-02-20T00:05:02.723000;f03f29f3-c1ea-43e5-94b8-9e35c8127695;421.83;0.22901;BUY
2016-02-20T00:05:07.697000;2016-02-20T00:05:07.740000;7a1fe608-b8eb-4ccc-8ace-7d441d00e9c7;421.69;0.64;BUY
2016-02-20T00:05:07.700000;2016-02-20T00:05:07.770000;60295759-ee5f-440a-bb1c-2f3742754bb3;421.69;0.127;BUY
2016-02-20T00:05:12.723000;2016-02-20T00:05:12.770000;f5232a71-e747-4c96-92da-be45a3cc73ca;421.74;0.131;BUY
2016-02-20T00:05:17.847000;2016-02-20T00:05:17.897000;0af64292-1f58-4626-b4c1-0bc2d5494c39;421.79;0.097;BUY
2016-02-20T00:05:22.850000;2016-02-20T00:05:22.897000;81f23940-51f1-4e71-9d3a-d4f9f5d40328;421.84;0.138;BUY
2016-02-20T00:05:27.770000;2016-02-20T00:05:27.817000;38fb32a0-cf44-4238-a568-cc07010908d3;421.89;0.087;BUY
2016-02-20T00:05:32.800000;2016-02-20T00:05:32.850000;e44c6ce6-e5f4-4bed-8eef-dbe53d0b83ec;421.88;0.2;BUY
2016-02-20T00:05:32.800000;2016-02-20T00:05:32.850000;2f69ea74-e7e8-47a5-961f-59358da7d995;421.88;0.122;BUY
2016-02-20T00:05:34.717000;2016-02-20T00:05:34.757000;e155254a-e4dc-4147-8556-b9bacfdb614c;421.9;0.2;SELL
2016-02-20T00:05:34.783000;2016-02-20T00:05:34.817000;983c5217-e123-47a0-9686-d26a166b04e5;421.93;0.089;BUY
2016-02-20T00:05:34.783000;2016-02-20T00:05:34.833000;41bd1147-9805-45c9-90aa-bfbbed0ee33e;421.98;0.079;BUY
2016-02-20T00:05:34.783000;2016-02-20T00:05:34.833000;f538c390-b771-4171-a324-c37c44cdd2db;421.99;0.011;BUY
2016-02-20T00:05:34.783000;2016-02-20T00:05:34.833000;4455578e-cc82-4fdb-877c-26df15a33100;422.02;0.37747;BUY
2016-02-20T00:05:42.797000;2016-02-20T00:05:42.833000;9ea5af49-bbfc-4f5a-a0c8-f40f3b440f1b;422.0;0.64;BUY
2016-02-20T00:05:42.797000;2016-02-20T00:05:42.867000;220390e0-d5d2-4a10-bac8-c3bd8ee4810d;422.0;0.074;BUY
2016-02-20T00:06:24.157000;2016-02-20T00:06:24.193000;4f9086a4-1904-46b0-82e5-2dfe2d5591cc;422.0;0.022;SELL
2016-02-20T00:06:24.157000;2016-02-20T00:06:24.210000;557e22d5-4355-47df-b636-a63d0c0dfed1;422.0;0.18160044;SELL
2016-02-20T00:06:24.157000;2016-02-20T00:06:24.210000;84a2282d-c84c-4cf8-80bc-1cdeb62d0a39;422.0;0.11939585;SELL
2016-02-20T00:06:24.157000;2016-02-20T00:06:24.210000;aeef5e13-dffe-4d6c-b4c7-181ff5c2605b;422.0;0.31700371;SELL
2016-02-20T00:06:28.167000;2016-02-20T00:06:28.210000;71dfae52-ca6e-4151-abee-34c6f9cb79a0;422.01;0.084;BUY
2016-02-20T00:06:28.167000;2016-02-20T00:06:28.223000;83a72cf7-e240-4342-8b68-0604659e911c;422.01;0.3;BUY
2016-02-20T00:06:28.167000;2016-02-20T00:06:28.223000;612987e0-2ce9-4adb-9982-156d4946cd75;422.02;0.08803;BUY
2016-02-20T00:06:31.717000;2016-02-20T00:06:31.757000;12651cb5-235c-481d-8f55-5e11223b39c3;422.01;0.25;SELL
2016-02-20T00:06:31.717000;2016-02-20T00:06:31.770000;573ad801-f230-4ec7-9668-eded761fe7d8;422.01;0.22;SELL
2016-02-20T00:06:31.717000;2016-02-20T00:06:31.770000;b501d1db-00ad-4571-82df-d19ec1e87eab;422.0;2.05;SELL
2016-02-20T00:06:32.077000;2016-02-20T00:06:32.117000;47fb445a-e891-4b69-994a-34b47a084115;422.01;0.094;SELL
2016-02-20T00:06:33.383000;2016-02-20T00:06:33.427000;82a054ee-7efc-4594-a0fd-3eeffeefe1e3;422.02;0.40108;BUY
2016-02-20T00:07:03.113000;2016-02-20T00:07:03.147000;0292a700-5c94-43a7-84e8-2dcfacd3d7e5;422.01;0.156;SELL
2016-02-20T00:07:03.113000;2016-02-20T00:07:03.177000;6651d240-317e-46e9-908b-7c415b1cbe97;422.01;0.53466628;SELL
2016-02-20T00:07:03.113000;2016-02-20T00:07:03.177000;e50b0210-6802-4258-b209-173e252bec2f;422.01;0.11913034;SELL
2016-02-20T00:07:03.113000;2016-02-20T00:07:03.177000;53123598-3f27-4dc6-ad8c-3112f7deec3b;422.01;0.12933006;SELL
2016-02-20T00:07:03.113000;2016-02-20T00:07:03.177000;a647f740-87b7-40c1-bfc7-335f836994cd;422.0;0.01133303;SELL
2016-02-20T00:07:03.113000;2016-02-20T00:07:03.193000;1cb816aa-602f-4006-9ee2-afd35450e622;422.0;0.0125;SELL
2016-02-20T00:07:03.113000;2016-02-20T00:07:03.193000;39398eb8-4fa5-4bfe-b8bd-4b4b7d6f39bb;421.98;0.22;SELL
2016-02-20T00:07:03.113000;2016-02-20T00:07:03.193000;7afb9df7-9787-4576-9e24-2d389cf05a3b;421.97;0.01;SELL
2016-02-20T00:07:03.113000;2016-02-20T00:07:03.193000;62398a7b-a5d7-4d9c-82f4-0754b604dd36;421.97;0.44;SELL
2016-02-20T00:07:03.113000;2016-02-20T00:07:03.193000;56f292fd-4ea7-4b79-8592-766dfe60c498;421.96;0.01;SELL
2016-02-20T00:07:03.113000;2016-02-20T00:07:03.193000;98acf457-9fcb-42c9-87d9-be21c5439698;421.96;0.66;SELL
2016-02-20T00:07:03.113000;2016-02-20T00:07:03.193000;19792ee3-06cc-41ff-ae6d-b3bac8d1601a;421.95;0.01;SELL
2016-02-20T00:07:03.113000;2016-02-20T00:07:03.223000;42497b3b-043b-495c-ac70-2e2c52abd53f;421.95;0.88;SELL
2016-02-20T00:07:03.113000;2016-02-20T00:07:03.223000;c31cd98a-9b1c-4238-ada3-1e325d4cc888;421.94;0.01;SELL
2016-02-20T00:07:03.113000;2016-02-20T00:07:03.240000;87e88791-2897-47a0-a655-f7f764337f5e;421.94;1.1;SELL
2016-02-20T00:07:03.113000;2016-02-20T00:07:03.257000;48301729-3ce2-418a-bba1-6070e4543649;421.93;0.01;SELL
2016-02-20T00:07:03.113000;2016-02-20T00:07:03.257000;b72947a4-fcb3-406c-b462-f3e6ceb8a3a8;421.93;1.32;SELL
2016-02-20T00:07:03.113000;2016-02-20T00:07:03.257000;da9a5282-30e2-427e-a608-aaa7d7af892b;421.92;0.01;SELL
2016-02-20T00:07:03.113000;2016-02-20T00:07:03.257000;b77803df-b044-45c1-9d52-e3af0de40f3b;421.92;1.54;SELL
2016-02-20T00:07:03.117000;2016-02-20T00:07:03.257000;62929ff0-eea4-4145-b605-ad0ee1a5474c;421.91;0.01;SELL
2016-02-20T00:07:03.117000;2016-02-20T00:07:03.257000;59f42705-6770-4e3f-9285-0aa106c840ce;421.89;2.2;SELL
2016-02-20T00:07:03.117000;2016-02-20T00:07:03.257000;defd2c98-98cb-47c7-ba4c-36fefce91cf9;421.88;0.01;SELL
2016-02-20T00:07:03.117000;2016-02-20T00:07:03.257000;9aadb2e5-f6e1-4f56-86ea-3627b9c7a88f;421.88;0.238;SELL
2016-02-20T00:07:03.117000;2016-02-20T00:07:03.257000;d018aa91-591c-4bc6-80f3-6c51e92219e2;421.85;2.86;SELL
2016-02-20T00:07:03.117000;2016-02-20T00:07:03.257000;8c95db88-4fae-4e80-91c9-a7f32897f011;421.84;0.01;SELL
2016-02-20T00:07:03.117000;2016-02-20T00:07:03.257000;bdf56a03-4539-4d50-a92c-f32f617cbbe6;421.84;1.32505029;SELL
2016-02-20T00:07:07.867000;2016-02-20T00:07:07.913000;bb32568a-d73d-4510-b55e-6349df64ed2e;422.0;0.01;BUY
2016-02-20T00:07:07.867000;2016-02-20T00:07:07.913000;8733cd15-2928-47ee-a026-1933eac61b9b;422.0;0.01;BUY
2016-02-20T00:07:07.867000;2016-02-20T00:07:07.913000;c92554a4-3190-4e07-a6ad-09162c7ee28f;422.0;0.079;BUY
2016-02-20T00:07:15.160000;2016-02-20T00:07:15.193000;7a66bfa1-2856-456c-8d6a-878e4c93a6d6;422.0;0.05;SELL
2016-02-20T00:07:15.160000;2016-02-20T00:07:15.210000;e9500205-9a05-444a-99a1-ae31ab475552;421.99;0.15;SELL
2016-02-20T00:07:27.860000;2016-02-20T00:07:27.913000;2e1b9c53-5214-485a-b67a-af7066947615;422.0;0.2;BUY
2016-02-20T00:07:27.860000;2016-02-20T00:07:27.913000;c83ad935-fe2f-4cb4-968e-43737575722d;422.0;0.107;BUY
2016-02-20T00:07:33.720000;2016-02-20T00:07:33.770000;2561b9e6-e94d-408e-b56c-34d9285d67cd;422.01;0.01;BUY
2016-02-20T00:07:33.723000;2016-02-20T00:07:33.770000;c37ad873-0add-4058-bd70-512360c2dcde;422.01;0.02922;BUY
2016-02-20T00:08:02.487000;2016-02-20T00:08:02.520000;0aa0a808-75e9-4f40-8c4e-67cadb669de1;422.01;0.01;SELL
2016-02-20T00:08:32.683000;2016-02-20T00:08:32.710000;6fe8f91f-390f-44ae-89a5-706534de3e93;422.02;0.01;BUY
2016-02-20T00:08:32.683000;2016-02-20T00:08:32.723000;d6a0a4d2-b41e-458d-ab59-6c825bf36ab5;422.02;0.091;BUY
2016-02-20T00:08:32.683000;2016-02-20T00:08:32.723000;f27ca35d-fe9e-4f71-926c-412dcabddb73;422.04;0.01;BUY
2016-02-20T00:08:32.683000;2016-02-20T00:08:32.740000;70e6be6e-ba1a-44d3-8870-ed28239aa2e3;422.07;0.108;BUY
2016-02-20T00:08:32.683000;2016-02-20T00:08:32.740000;1d7177ba-a1a3-44d6-b108-2b7b9279ff15;422.09;0.01;BUY
2016-02-20T00:08:32.683000;2016-02-20T00:08:32.817000;065feb7a-4ede-4906-bdce-dae73252d7df;422.11;0.01;BUY
2016-02-20T00:08:32.683000;2016-02-20T00:08:32.817000;26d5a080-a439-46fb-bdd3-54bf6adb351b;422.12;0.073;BUY
2016-02-20T00:08:32.683000;2016-02-20T00:08:32.817000;c70b8272-55c3-4613-980e-a038551df973;422.13;0.01;BUY
2016-02-20T00:08:32.683000;2016-02-20T00:08:32.817000;025f1d02-009d-48ab-a009-bd73a844009f;422.15;0.01;BUY
2016-02-20T00:08:32.683000;2016-02-20T00:08:32.817000;0e444663-73ed-4f7a-ba28-b41ea567e728;422.17;0.04455;BUY
2016-02-20T00:09:03.643000;2016-02-20T00:09:03.677000;2d49aad6-4231-4981-b1d5-64645ce03860;422.16;0.079;BUY
2016-02-20T00:09:03.643000;2016-02-20T00:09:03.693000;5d1842de-e01c-4b43-acba-831342a3a5b5;422.17;0.03945;BUY
2016-02-20T00:09:21.167000;2016-02-20T00:09:21.193000;fe7d68cf-2c04-440d-9270-141a82c0569d;422.16;0.073;BUY
2016-02-20T00:09:21.167000;2016-02-20T00:09:21.210000;08c9dd05-6916-4fe6-b882-a3af11d056a8;422.16;0.027;BUY
2016-02-20T00:09:32.427000;2016-02-20T00:09:32.460000;ba058052-4fe9-4018-a9f6-d74161d807a9;422.15;0.15679;SELL
2016-02-20T00:10:05.017000;2016-02-20T00:10:05.053000;a8111960-2b29-41c3-8b99-09de81da65a2;422.16;0.173;BUY
2016-02-20T00:10:05.017000;2016-02-20T00:10:05.053000;fe624278-1252-40bb-8b25-622b98a4f17c;422.16;0.129;BUY
2016-02-20T00:10:05.017000;2016-02-20T00:10:05.053000;14016acf-657a-4c32-ba2e-4a6cd36d5a2e;422.17;0.68809;BUY
2016-02-20T00:10:11.610000;2016-02-20T00:10:11.647000;9f1c75df-f026-4178-9696-8132f1c28fa8;422.16;0.1;BUY
2016-02-20T00:10:32.040000;2016-02-20T00:10:32.067000;a4869572-b535-4657-a47d-70e11ef14c5b;422.16;0.108;BUY
2016-02-20T00:10:32.040000;2016-02-20T00:10:32.083000;0906b70d-d578-4fef-9bfb-af615bcf1ce7;422.17;0.30135;BUY
2016-02-20T00:11:02.857000;2016-02-20T00:11:02.880000;79773e21-45ce-4fcc-adec-d208c1a68aac;422.16;0.103;BUY
2016-02-20T00:11:02.857000;2016-02-20T00:11:02.897000;40ab9e8c-73b5-45fc-bfeb-aec82ac31abf;422.17;0.1356;BUY
2016-02-20T00:11:33.077000;2016-02-20T00:11:33.107000;c5f467f4-38d2-4084-a57e-3c71206a398f;422.16;0.076;BUY
2016-02-20T00:11:33.077000;2016-02-20T00:11:33.123000;c1b04d56-c68a-4a44-970c-1e518fbe9779;422.17;2.53051;BUY
2016-02-20T00:11:33.077000;2016-02-20T00:11:33.123000;2a9439cc-abc2-491b-9810-37e0131a9653;422.17;3.573;BUY
2016-02-20T00:11:33.077000;2016-02-20T00:11:33.123000;fc97d6a0-801e-45d6-a398-32f159cb71f1;422.21;0.108;BUY
2016-02-20T00:11:33.077000;2016-02-20T00:11:33.137000;26788b6d-2993-46f1-8a50-eb3095e9b9cc;422.23;8.35322;BUY
2016-02-20T00:11:48.330000;2016-02-20T00:11:48.373000;03f45e05-bc9e-48e8-9608-373dead18dec;422.18;0.01215264;BUY
2016-02-20T00:11:48.360000;2016-02-20T00:11:48.403000;36b33f59-b5d9-4017-ae4a-415aaa8e9039;422.18;0.13784736;BUY
2016-02-20T00:12:10.793000;2016-02-20T00:12:10.840000;0934005c-980d-44f4-94ba-ab4cbc9c7032;422.16;0.2;BUY
2016-02-20T00:12:10.793000;2016-02-20T00:12:10.840000;f0f9fa29-a6c7-40a2-a83a-2bc708e3db87;422.18;0.92322;BUY
2016-02-20T00:12:23.947000;2016-02-20T00:12:23.983000;a6088f56-778a-440f-bd6e-19514e25368f;422.17;0.72301894;BUY
2016-02-20T00:12:32.373000;2016-02-20T00:12:32.420000;505cd391-4730-491a-a577-db694893df52;422.18;2.02878;BUY
2016-02-20T00:12:32.373000;2016-02-20T00:12:32.420000;544a8680-7bbc-4ab6-b43e-6f77c5399df7;422.25;0.01;BUY
2016-02-20T00:12:32.373000;2016-02-20T00:12:32.420000;414e0abc-a510-4d04-9d19-163ede6826ff;422.27;0.33457;BUY
2016-02-20T00:12:34.480000;2016-02-20T00:12:34.530000;53bef1ce-bd75-41c8-b4aa-b2059788e2d5;422.2;0.01;SELL
2016-02-20T00:12:34.480000;2016-02-20T00:12:34.530000;618e0e05-0726-4023-b496-d738103010c5;422.2;0.01;SELL
2016-02-20T00:12:34.480000;2016-02-20T00:12:34.530000;9415376b-1a01-4d5f-b5e6-34b1d6aaf54d;422.19;0.01;SELL
2016-02-20T00:12:34.480000;2016-02-20T00:12:34.530000;2edf13d9-0681-44ce-98da-bdcfb43ca390;422.19;0.17;SELL
2016-02-20T00:12:45.813000;2016-02-20T00:12:45.840000;0e72ca15-d60e-4d48-9719-595aa4248936;422.23;0.25;SELL
2016-02-20T00:12:45.813000;2016-02-20T00:12:45.857000;06595260-1ba3-42fa-9b07-cd4386600d2f;422.22;0.01;SELL
2016-02-20T00:12:45.813000;2016-02-20T00:12:45.857000;411db5a2-f21a-433d-beec-7bc2e91e83f0;422.21;0.01;SELL
2016-02-20T00:13:02.250000;2016-02-20T00:13:02.280000;7c7eb37b-4784-4ac3-85df-807141154806;422.2;0.01;SELL
2016-02-20T00:13:02.250000;2016-02-20T00:13:02.310000;e6537246-eafd-4ff9-bdb6-1d703f98d7f7;422.19;0.25;SELL
2016-02-20T00:13:02.250000;2016-02-20T00:13:02.310000;553885d1-fda6-4f0b-9948-119dd31d42a2;422.16;0.032;SELL
2016-02-20T00:13:02.250000;2016-02-20T00:13:02.310000;a38b3948-87c1-48aa-a412-e769a2b84210;422.12;0.01;SELL
2016-02-20T00:13:02.250000;2016-02-20T00:13:02.310000;6ce7599c-e1de-46f4-ba0f-d77d77178540;422.11;0.01;SELL
2016-02-20T00:13:02.250000;2016-02-20T00:13:02.310000;b9e5cc0d-0d7a-418a-8270-4d27f27673ef;422.07;0.01;SELL
2016-02-20T00:13:02.250000;2016-02-20T00:13:02.310000;60a04831-15dd-4817-9123-b8b95d8aa95c;422.05;0.01;SELL
2016-02-20T00:13:02.250000;2016-02-20T00:13:02.310000;dd960442-e799-4d45-982e-6796eaeb51c1;422.04;0.01;SELL
2016-02-20T00:13:02.250000;2016-02-20T00:13:02.327000;368dc6e2-4aec-46b0-8e67-452f617ef025;422.03;0.011;SELL
2016-02-20T00:13:02.250000;2016-02-20T00:13:02.327000;9f7e8728-2605-4f9b-b09c-ef993b0872d2;422.02;0.01;SELL
2016-02-20T00:13:02.250000;2016-02-20T00:13:02.327000;eeeff668-bf81-4a80-a9a1-a72f81368058;422.01;0.112;SELL
2016-02-20T00:13:02.250000;2016-02-20T00:13:02.340000;7f4fee54-c199-4d1c-829f-4ce7559a12c4;422.0;0.049;SELL
2016-02-20T00:13:02.250000;2016-02-20T00:13:02.340000;12db577d-149c-4dda-8494-1db95e4d3451;422.0;0.0125;SELL
2016-02-20T00:13:02.250000;2016-02-20T00:13:02.387000;8c2d6302-af3d-4407-96d9-2f960866c559;422.0;0.105;SELL
2016-02-20T00:13:02.250000;2016-02-20T00:13:02.387000;fefdc3f0-cb9d-4a17-9082-f51dc02d83d1;421.96;0.071;SELL
2016-02-20T00:13:02.250000;2016-02-20T00:13:02.387000;71da4b3a-9a8d-41b7-9bc9-18c6f779c829;421.95;0.01;SELL
2016-02-20T00:13:02.253000;2016-02-20T00:13:02.387000;aeba2b41-badd-4ea1-899e-457479ca23d7;421.95;0.119;SELL
2016-02-20T00:13:02.253000;2016-02-20T00:13:02.387000;6d13cb1b-48b0-4597-aa13-69e4acfc557f;421.94;0.01;SELL
2016-02-20T00:13:02.253000;2016-02-20T00:13:02.387000;82442b21-93e2-4244-a61b-797150e24d70;421.94;0.3;SELL
2016-02-20T00:13:02.253000;2016-02-20T00:13:02.387000;1580fba0-ca05-4075-a145-826e59a5eb66;421.92;0.01;SELL
2016-02-20T00:13:02.253000;2016-02-20T00:13:02.387000;4431ec3d-eb3d-44de-80ef-68dc46fc3cec;421.9;0.113;SELL
2016-02-20T00:13:02.253000;2016-02-20T00:13:02.387000;f07aad7c-9f87-4805-9057-0dded5dfe7f7;421.89;0.098;SELL
2016-02-20T00:13:02.253000;2016-02-20T00:13:02.387000;cc9ebb65-6ae6-4302-9cac-0003b3d9cc20;421.86;0.44;SELL
2016-02-20T00:13:02.253000;2016-02-20T00:13:02.387000;3e7d164c-8fe9-4710-8b60-727a9d8b9cf1;421.85;0.094;SELL
2016-02-20T00:13:02.253000;2016-02-20T00:13:02.387000;61d93fa7-3f6f-439b-9206-ab86de4ecaf3;421.85;0.66;SELL
2016-02-20T00:13:02.253000;2016-02-20T00:13:02.420000;433e84aa-d0c4-42d4-b387-7ab234fe18d3;421.84;0.097;SELL
2016-02-20T00:13:02.253000;2016-02-20T00:13:02.420000;839041e9-2af1-43a3-87e0-1d5685267638;421.81;1.32;SELL
2016-02-20T00:13:02.253000;2016-02-20T00:13:02.420000;750938ed-1683-4591-8689-091ec4133266;421.8;0.01;SELL
2016-02-20T00:13:02.253000;2016-02-20T00:13:02.420000;a5681be4-4f46-458c-91d8-2a26dc224d8e;421.8;0.01133303;SELL
2016-02-20T00:13:02.253000;2016-02-20T00:13:02.420000;64db3a6c-9128-47c6-9329-9b3e8e830334;421.8;3.08;SELL
2016-02-20T00:13:02.253000;2016-02-20T00:13:02.420000;7e91d84c-aa66-4cbb-83dc-4129909988ee;421.79;0.113;SELL
2016-02-20T00:13:02.253000;2016-02-20T00:13:02.437000;67b621c3-92a2-4f80-b934-93d3016c3ebd;421.79;3.52;SELL
2016-02-20T00:13:02.257000;2016-02-20T00:13:02.437000;d8a755ac-4cd3-45fe-9520-df38d9c63490;421.78;0.01;SELL
2016-02-20T00:13:02.257000;2016-02-20T00:13:02.437000;b828c1bd-b9bd-40bd-bd91-c09681500c5f;421.77;3.74;SELL
2016-02-20T00:13:02.257000;2016-02-20T00:13:02.450000;9d913fba-37bf-4d08-9487-8d06bc41216b;421.76;0.01;SELL
2016-02-20T00:13:02.257000;2016-02-20T00:13:02.450000;a107b9fe-128b-493d-a572-e95fc5c386c6;421.75;3.52096697;SELL
2016-02-20T00:13:04.650000;2016-02-20T00:13:04.687000;5a4df00f-439a-41af-9444-71680c0e8f3c;422.13;0.01;BUY
2016-02-20T00:13:04.650000;2016-02-20T00:13:04.687000;4f355d04-39b1-4f81-b4e0-b9fa775ca8a3;422.13;0.088;BUY
2016-02-20T00:13:04.650000;2016-02-20T00:13:04.700000;bdaf0528-c46f-4350-8725-8ba785e867da;422.14;0.01;BUY
2016-02-20T00:13:04.650000;2016-02-20T00:13:04.700000;f30000ba-4dfe-4854-80bd-e6e46f4b0579;422.14;0.01015106;BUY
2016-02-20T00:13:23.503000;2016-02-20T00:13:23.530000;dd3c4016-ac5a-45be-ab52-09a28fa1e039;422.11;0.03;BUY
2016-02-20T00:13:23.503000;2016-02-20T00:13:23.543000;545258d7-8d02-4332-9e3e-1eae3d0fc165;422.11;0.102;BUY
2016-02-20T00:13:23.503000;2016-02-20T00:13:23.543000;905ce626-23d8-4b6f-a2b6-0a55ce73fa89;422.11;0.068;BUY
2016-02-20T00:13:35.237000;2016-02-20T00:13:35.263000;bbf6401b-d06f-4129-8be6-432061cafa13;422.11;0.132;BUY
2016-02-20T00:13:35.237000;2016-02-20T00:13:35.280000;f95360f6-95fd-490b-b3bf-4951a604049a;422.11;0.42;BUY
2016-02-20T00:13:35.237000;2016-02-20T00:13:35.280000;70279bbd-3a8d-4d77-a293-5ddee1aad57b;422.11;0.11;BUY
2016-02-20T00:13:35.237000;2016-02-20T00:13:35.280000;b658fa97-5222-4be8-8ec3-fe75aacdc919;422.15;0.01;BUY
2016-02-20T00:13:35.237000;2016-02-20T00:13:35.293000;3cfb130b-6756-4bb3-9f26-7ba5a625d025;422.15;0.01;BUY
2016-02-20T00:13:35.237000;2016-02-20T00:13:35.293000;cf3b6058-bcd0-4e82-82a3-7f37cc775bb9;422.16;0.01;BUY
2016-02-20T00:13:35.237000;2016-02-20T00:13:35.293000;4926690a-d425-47cd-b2f8-e3727c106a6d;422.16;0.126;BUY
2016-02-20T00:13:35.237000;2016-02-20T00:13:35.293000;dfb62f0d-4475-4206-b3d1-662da963f825;422.17;0.01;BUY
2016-02-20T00:13:35.237000;2016-02-20T00:13:35.293000;17d8791b-1d8e-4668-8265-ca703cb53642;422.17;0.01;BUY
2016-02-20T00:13:35.237000;2016-02-20T00:13:35.293000;f32c463d-efe0-4646-917d-e24b9b221fe9;422.17;0.22;BUY
2016-02-20T00:13:35.237000;2016-02-20T00:13:35.310000;706e1c23-0a0b-46cf-b91e-c59516444338;422.18;0.01;BUY
2016-02-20T00:13:35.237000;2016-02-20T00:13:35.310000;dce28e09-54bd-4450-aaf4-e43b678ff763;422.18;0.94681;BUY
2016-02-20T00:13:38.480000;2016-02-20T00:13:38.513000;71fe9713-0538-4aa5-8553-dc7a885e0253;422.13;0.01;SELL
2016-02-20T00:13:38.480000;2016-02-20T00:13:38.513000;e0cac076-002a-4fc4-93f1-14909382218f;422.12;0.01;SELL
2016-02-20T00:13:38.480000;2016-02-20T00:13:38.513000;ec1be8c2-a48f-4356-8d60-b2768a57e1ae;422.12;0.01;SELL
2016-02-20T00:13:38.480000;2016-02-20T00:13:38.513000;b669969c-884a-4ca2-854c-661794d82f6c;422.11;0.01;SELL
2016-02-20T00:13:38.480000;2016-02-20T00:13:38.513000;12f55b17-42fd-483c-a3a9-c3f87f516028;422.1;0.01;SELL
2016-02-20T00:13:38.480000;2016-02-20T00:13:38.530000;69e8ea28-f243-42df-8c76-ebf250333018;422.09;0.01;SELL
2016-02-20T00:13:38.480000;2016-02-20T00:13:38.543000;9c4881bf-c88b-4859-95a2-de6e9a256646;422.07;0.01;SELL
2016-02-20T00:13:42.197000;2016-02-20T00:13:42.217000;9d9ca651-1fb7-44bf-ae1c-45e0e38f0c97;422.01;0.01;SELL
2016-02-20T00:13:42.197000;2016-02-20T00:13:42.247000;a7a3d89e-0b88-4d79-9c01-c62a9799a51e;422.0;0.0125;SELL
2016-02-20T00:13:43.510000;2016-02-20T00:13:43.530000;6c9d21a5-c81e-46e6-a23d-ea44bfdf00ae;421.98;5.06;BUY
2016-02-20T00:13:46.523000;2016-02-20T00:13:46.560000;9b90bc31-382b-4718-9247-aee6eefd894c;421.95;0.01;SELL
2016-02-20T00:13:46.523000;2016-02-20T00:13:46.560000;a8f75949-80f9-4580-a8d0-9d55d821409c;421.95;0.01;SELL
2016-02-20T00:13:47.043000;2016-02-20T00:13:47.077000;d9f780c5-252c-493b-ae52-3035c6ed4f40;421.93;0.18676361;BUY
2016-02-20T00:13:47.070000;2016-02-20T00:13:47.090000;28aa6f87-54c8-4964-a40e-ebb032e203fa;421.93;9.79323639;BUY
2016-02-20T00:13:48.487000;2016-02-20T00:13:48.530000;b5aa44b9-52f2-4eb0-9268-9d03e7314bf3;421.97;1.1;BUY
2016-02-20T00:13:53.507000;2016-02-20T00:13:53.530000;017db9e6-2039-43f2-b985-4f93c45ce318;421.96;17.30428039;BUY
2016-02-20T00:14:02.603000;2016-02-20T00:14:02.637000;5094ea7e-7678-4bae-b33c-f19797b6c48d;421.96;0.93957;BUY
2016-02-20T00:14:31.913000;2016-02-20T00:14:31.950000;086292bd-6207-47ac-92ea-f6b391ea5625;422.02;0.02943;BUY
2016-02-20T00:14:42.920000;2016-02-20T00:14:42.950000;fd201545-76f8-45fa-bce9-e5dd4cc980db;422.01;0.026;SELL
2016-02-20T00:14:42.920000;2016-02-20T00:14:42.967000;bd07c0d5-6971-47d1-b5aa-27f1a8f0b197;422.01;0.25;SELL
2016-02-20T00:14:42.923000;2016-02-20T00:14:42.967000;fc1f719d-c040-4f1a-8686-fa0d9f2dd765;422.0;0.026;SELL
2016-02-20T00:14:43.553000;2016-02-20T00:14:43.577000;6fdf49df-de0b-4674-a385-37bebc03d369;422.0;0.23851168;BUY
2016-02-20T00:14:43.600000;2016-02-20T00:14:43.623000;2ae146cd-da4f-472c-a860-3e04d208a0f6;422.0;2.44981064;BUY
2016-02-20T00:15:02.193000;2016-02-20T00:15:02.217000;06f38a5a-adbe-448f-a4e1-aa30407d30ee;421.99;0.01;SELL
2016-02-20T00:15:07.090000;2016-02-20T00:15:07.107000;3743595e-9d73-4cdd-9f62-a2b9f5e85a79;422.0;0.70612;BUY
2016-02-20T00:15:43.297000;2016-02-20T00:15:43.327000;d12fecbb-f7e1-43a4-91f8-4e47a9ea0257;421.99;0.016;SELL
2016-02-20T00:15:43.297000;2016-02-20T00:15:43.340000;f607b091-0541-46e7-ab2c-01ec686cbc15;421.99;0.25;SELL
2016-02-20T00:15:43.297000;2016-02-20T00:15:43.340000;9e45f509-cb88-4f26-9e6b-0b736be37d8c;421.99;9.55371;SELL
2016-02-20T00:15:50.727000;2016-02-20T00:15:50.747000;8372e4a0-d108-4e96-992d-585042be6905;421.99;0.12;SELL
2016-02-20T00:16:03.420000;2016-02-20T00:16:03.450000;ff58d5ff-dbf7-474d-8b2a-fc9c1848dada;422.0;1.28565;BUY
2016-02-20T00:16:09.887000;2016-02-20T00:16:09.920000;fc0b426b-5fd2-41fd-9049-ebe24c068069;422.0;0.08;BUY
2016-02-20T00:16:34.003000;2016-02-20T00:16:34.013000;b096ab64-927f-413d-a152-a004d835ab4c;422.0;1.73463;BUY
2016-02-20T00:17:04.263000;2016-02-20T00:17:04.280000;166455e6-d4fd-4ae9-8c7d-3c9c2e052275;422.0;5.99384;BUY
2016-02-20T00:17:32.667000;2016-02-20T00:17:32.687000;b2f5cf9c-195b-42dd-a555-a09ffa05db08;421.99;0.251;SELL
2016-02-20T00:17:32.940000;2016-02-20T00:17:32.967000;03d2d75f-5606-429d-9962-1a6557ba598f;421.99;0.02387;SELL
2016-02-20T00:18:02.480000;2016-02-20T00:18:02.513000;f3846dc6-af17-4cd0-9760-f16d1720bba6;421.99;0.05142;SELL
2016-02-20T00:18:02.480000;2016-02-20T00:18:02.513000;ea22f5f2-bf7b-4157-b01e-f09a14c7fa89;421.99;0.12;SELL
2016-02-20T00:18:02.480000;2016-02-20T00:18:02.513000;eae3c0ee-6581-4a11-8cae-1fd3e5edcd52;421.99;0.33038;SELL
2016-02-20T00:18:05.557000;2016-02-20T00:18:05.577000;a4e52be3-169c-4b39-9ef0-f8ea9c9495cc;422.0;0.19;BUY
2016-02-20T00:18:07.267000;2016-02-20T00:18:07.280000;953d699d-e26e-4689-9a00-a19c0853b897;422.0;0.401839;BUY
2016-02-20T00:18:34.157000;2016-02-20T00:18:34.170000;32835086-12bd-4c02-a744-d50d207acd38;421.99;0.50093;SELL
2016-02-20T00:19:03.223000;2016-02-20T00:19:03.233000;45ff073f-da2f-4224-9c4b-6e985fd315e2;421.99;0.03466;SELL
2016-02-20T00:19:31.560000;2016-02-20T00:19:31.577000;d7300c62-81c8-4294-b17a-cb723c3c5574;422.0;6.61759868;BUY
2016-02-20T00:19:31.560000;2016-02-20T00:19:31.590000;f8f23074-58a0-42e3-946f-623357c6443a;422.0;15.0;BUY
2016-02-20T00:19:31.560000;2016-02-20T00:19:31.590000;71a34ff3-5f0b-47c2-9b79-a4ac633bd559;422.0;0.01;BUY
2016-02-20T00:19:31.560000;2016-02-20T00:19:31.590000;ce2f706c-2c38-4b51-8234-cc7d49fc815e;422.0;0.2;BUY
2016-02-20T00:19:31.560000;2016-02-20T00:19:31.607000;01eb85d4-e48d-49f4-9a14-56e85425c25a;422.0;3.0002802;BUY
2016-02-20T00:19:31.560000;2016-02-20T00:19:31.670000;e3f7f4d3-812e-47b5-894d-9d804f22b8a0;422.0;0.02988182;BUY
2016-02-20T00:19:33.163000;2016-02-20T00:19:33.187000;f0bc03c1-7297-45d5-ab09-765dacac1e86;422.01;0.25;SELL
2016-02-20T00:19:33.163000;2016-02-20T00:19:33.187000;7d6ad5f5-f9fe-468f-adf2-e02b74b9500f;422.01;0.076;SELL
2016-02-20T00:19:33.163000;2016-02-20T00:19:33.200000;4c076d7c-11da-4599-af65-ecd758dff5b6;422.0;0.1422393;SELL
2016-02-20T00:19:33.163000;2016-02-20T00:19:33.200000;42d4eecc-d9d7-4729-8eb4-5defdc0c8104;422.0;0.5317607;SELL
2016-02-20T00:19:41.117000;2016-02-20T00:19:41.123000;077a86fa-ad31-4b1d-a5b2-ace470474173;422.0;0.25;SELL
2016-02-20T00:19:41.117000;2016-02-20T00:19:41.140000;3f28c234-dc8e-4f73-81e9-06edbb93aed6;422.0;2.122;SELL
2016-02-20T00:19:41.117000;2016-02-20T00:19:41.140000;ca8e16fb-f249-4ec1-b838-ba57e277593a;422.0;0.11922503;SELL
2016-02-20T00:19:41.117000;2016-02-20T00:19:41.140000;9f278c26-8a4c-498d-a115-d8b4efc5741d;422.0;4.45726357;SELL
2016-02-20T00:19:41.117000;2016-02-20T00:19:41.153000;69724531-63b7-4891-a8bd-f7a9f0eb92a2;422.0;0.66379704;SELL
2016-02-20T00:20:02.877000;2016-02-20T00:20:02.890000;83b969f1-6cc5-48c9-b377-ccd927b535f1;421.99;0.01;SELL
2016-02-20T00:20:33.147000;2016-02-20T00:20:33.153000;d8fff786-df97-49fc-9f8d-c7a23b0da0f9;422.0;0.33405;BUY
2016-02-20T00:21:35.330000;2016-02-20T00:21:35.343000;d41f0462-cbfa-4363-8362-ecf8324b633e;422.02;0.058;BUY
2016-02-20T00:21:35.330000;2016-02-20T00:21:35.343000;d97a1611-9586-4831-83d8-9bd71cfc61ee;422.03;0.01;BUY
2016-02-20T00:21:35.330000;2016-02-20T00:21:35.343000;288837a3-c038-4d89-b12d-ba5d00655d44;422.03;0.31777;BUY
2016-02-20T00:21:38.697000;2016-02-20T00:21:38.700000;06ce8d63-3b25-41ae-9971-7d3efddf4b25;422.01;0.25;SELL
2016-02-20T00:21:38.697000;2016-02-20T00:21:38.717000;caa2d095-512f-4d53-b1e7-6d199111649d;422.01;0.412;SELL
2016-02-20T00:21:38.697000;2016-02-20T00:21:38.717000;15ec2248-3e0b-44c3-9a09-1f754125f5eb;422.01;0.26;SELL
2016-02-20T00:21:38.697000;2016-02-20T00:21:38.717000;b739951e-71ac-4828-94e7-64779ae047a6;422.0;0.308;SELL
2016-02-20T00:21:38.697000;2016-02-20T00:21:38.733000;a6120de4-060c-4eb6-879f-249b6c1bbf0f;421.99;1.02403;SELL
2016-02-20T00:21:38.697000;2016-02-20T00:21:38.793000;de31ee06-f966-4a1e-b601-fd8cca5027cb;421.99;0.296;SELL
2016-02-20T00:22:04.553000;2016-02-20T00:22:04.560000;623de2ff-961d-40d4-8a85-455c1276e9e7;421.98;5.94259;BUY
2016-02-20T00:22:30.920000;2016-02-20T00:22:30.920000;7e048878-9f8d-4d4a-b3c2-e0de93d7405e;421.98;0.02618;BUY
2016-02-20T00:22:33.170000;2016-02-20T00:22:33.170000;c4dffc84-33ec-4e69-8e54-68e3c90843b4;421.98;0.05471;BUY
2016-02-20T00:22:54.433000;2016-02-20T00:22:54.437000;bf22f434-0c9a-435e-85a3-929e590f55f5;422.0;0.024;SELL
2016-02-20T00:23:00.577000;2016-02-20T00:23:00.577000;3f2c2cda-f71f-483f-80c8-c44e71b61d2a;422.0;9.74059;BUY
2016-02-20T00:23:32.683000;2016-02-20T00:23:32.687000;1e90ca3b-7d50-4fcd-a207-1e1a42a3a78f;421.99;0.024;SELL
2016-02-20T00:23:32.683000;2016-02-20T00:23:32.700000;a32cc505-fcb1-4f3b-85e3-f729bdfc0fc7;421.99;0.099;SELL
2016-02-20T00:23:32.683000;2016-02-20T00:23:32.700000;c80db0ad-e6fb-4ac9-9a1e-7792adca4a72;421.98;0.01;SELL
2016-02-20T00:23:32.683000;2016-02-20T00:23:32.717000;37a7a90b-3dea-4f31-9e44-f84b3170a0ab;421.98;0.082;SELL
2016-02-20T00:23:32.683000;2016-02-20T00:23:32.733000;45c453fe-09e9-456d-85f8-59442e3a5c67;421.98;0.024;SELL
2016-02-20T00:23:32.683000;2016-02-20T00:23:32.780000;fbdd793a-91a1-416b-8827-612c113390e1;421.97;0.01;SELL
2016-02-20T00:23:32.683000;2016-02-20T00:23:32.780000;9a866c1b-7986-47ea-9147-44dca16b8235;421.97;0.085;SELL
2016-02-20T00:23:32.683000;2016-02-20T00:23:32.780000;4e0c5523-762d-4ce1-9f0e-95d5842125f8;421.96;0.01;SELL
2016-02-20T00:23:32.683000;2016-02-20T00:23:32.780000;202af9ab-1790-4e03-a117-2cf917ca1f0a;421.92;1.963;SELL
2016-02-20T00:23:32.687000;2016-02-20T00:23:32.780000;43d78a27-cb7f-44c1-9d41-5d1b616a67df;421.89;0.01;SELL
2016-02-20T00:23:32.687000;2016-02-20T00:23:32.780000;866908a9-4127-447e-a53b-2c8f69cef996;421.87;1.982;SELL
2016-02-20T00:23:32.687000;2016-02-20T00:23:32.793000;82058786-7bf7-46ab-bdea-f9a15f045960;421.82;1.967;SELL
2016-02-20T00:23:32.687000;2016-02-20T00:23:32.793000;d289a5ce-0786-4aa3-96f9-b39523977305;421.8;0.011;SELL
2016-02-20T00:23:32.687000;2016-02-20T00:23:32.793000;d81d83a8-444a-47e3-8aff-3617b51e19d1;421.77;1.23209;SELL
2016-02-20T00:24:25.710000;2016-02-20T00:24:25.717000;442ef48a-9c9d-43f1-aa0a-efafad2edca7;421.97;20.0;BUY
2016-02-20T00:24:25.710000;2016-02-20T00:24:25.733000;f42e220a-0296-4205-b0bc-66b593085883;421.97;2.0;BUY
2016-02-20T00:24:25.710000;2016-02-20T00:24:25.733000;126b061d-6146-492d-812d-910c02f57a8f;421.98;0.011;BUY
2016-02-20T00:24:25.710000;2016-02-20T00:24:25.733000;cf532f93-69fe-47c6-a9ab-62dc3275c8a0;421.99;0.246;BUY
2016-02-20T00:24:25.710000;2016-02-20T00:24:25.747000;463e21fb-0e71-448e-bb22-5a501a3260ec;421.99;4.4;BUY
2016-02-20T00:24:25.710000;2016-02-20T00:24:25.747000;f9513433-fabb-4897-a479-a10f4ee62181;422.01;0.024;BUY
2016-02-20T00:24:25.710000;2016-02-20T00:24:25.763000;75a05d9d-993d-45f5-84fa-40d29d7531ba;422.01;2.192;BUY
2016-02-20T00:24:25.710000;2016-02-20T00:24:25.763000;8ecb553f-0f12-494a-b2bc-cf1847127beb;422.03;0.68223;BUY
2016-02-20T00:24:25.710000;2016-02-20T00:24:25.763000;189f8e74-b6ed-42f5-a038-b82eb6ac85e0;422.03;0.16;BUY
2016-02-20T00:24:25.710000;2016-02-20T00:24:25.793000;c03eef10-2e27-4339-a121-6b3c8ff9a72e;422.04;0.01;BUY
2016-02-20T00:24:25.710000;2016-02-20T00:24:25.810000;1ee6e455-ddb8-406a-99c0-faab24c21a4f;422.05;0.125;BUY
2016-02-20T00:24:25.710000;2016-02-20T00:24:25.810000;fd7179b2-f12a-4509-9914-fdba27742d5d;422.05;0.01;BUY
2016-02-20T00:24:25.710000;2016-02-20T00:24:25.810000;30247fa1-3c73-4679-a26d-835bc8bc623a;422.05;0.048;BUY
2016-02-20T00:24:25.713000;2016-02-20T00:24:25.810000;7b06c5cb-5ef3-4fdb-8621-df5fc931f375;422.06;0.01;BUY
2016-02-20T00:24:25.713000;2016-02-20T00:24:25.810000;339a2aa6-55ae-4cfc-8978-7ca76f49cf00;422.07;0.01;BUY
2016-02-20T00:24:25.713000;2016-02-20T00:24:25.810000;402ce7ed-c2a7-4110-997e-dbafad8b0a92;422.09;0.01;BUY
2016-02-20T00:24:25.713000;2016-02-20T00:24:25.810000;905e2827-0ba1-433e-a512-384404600e84;422.09;5.06;BUY
2016-02-20T00:24:25.713000;2016-02-20T00:24:25.810000;9dd140fb-04b5-4764-a3eb-f64fb51ec10e;422.1;5.0;BUY
2016-02-20T00:24:25.713000;2016-02-20T00:24:25.810000;b9d0229c-8a35-4712-95ad-e214ecf4302b;422.1;0.125;BUY
2016-02-20T00:24:25.713000;2016-02-20T00:24:25.810000;77530ecf-e3d6-41a7-b3d6-3ebc98ebf711;422.13;0.01;BUY
2016-02-20T00:24:25.713000;2016-02-20T00:24:25.810000;5c69a781-8760-4daa-aecf-e62b98e4f2cc;422.15;0.01;BUY
2016-02-20T00:24:25.713000;2016-02-20T00:24:25.810000;6c59b1dc-01ef-4caf-8bbe-7998195a5c0c;422.17;0.01;BUY
2016-02-20T00:24:25.713000;2016-02-20T00:24:25.843000;ab0a7f46-d358-48c5-bc6c-d98a41b48596;422.17;3.495;BUY
2016-02-20T00:24:25.713000;2016-02-20T00:24:25.843000;fd810aa1-eb04-4788-aa32-79608c672d06;422.18;0.01;BUY
2016-02-20T00:24:25.713000;2016-02-20T00:24:25.843000;dd170a7b-023d-4f42-a39e-8ada0d1a3668;422.19;0.01;BUY
2016-02-20T00:24:25.713000;2016-02-20T00:24:25.843000;4e83ce96-dc0e-4739-a407-597ef828d630;422.19;0.01;BUY
2016-02-20T00:24:25.713000;2016-02-20T00:24:25.843000;1d04ee38-9681-4efb-8873-f141cafa58e4;422.19;0.01;BUY
2016-02-20T00:24:25.713000;2016-02-20T00:24:25.843000;94b3fa25-31aa-4d85-93a9-f79f18c1d374;422.19;0.01;BUY
2016-02-20T00:24:25.713000;2016-02-20T00:24:25.843000;022e6a0a-b16a-4c3c-b06e-65f9425211cd;422.2;0.011;BUY
2016-02-20T00:24:25.713000;2016-02-20T00:24:25.843000;4101c2c0-ba1b-4d3c-8593-bad89e88725a;422.2;0.01;BUY
2016-02-20T00:24:25.713000;2016-02-20T00:24:25.857000;9d714319-b3cf-43f9-bd0b-0b2b2e3a1741;422.2;0.01;BUY
2016-02-20T00:24:25.717000;2016-02-20T00:24:25.857000;8d74e3ce-294d-458a-bbca-d6984cdd0924;422.21;0.2;BUY
2016-02-20T00:24:25.717000;2016-02-20T00:24:25.890000;47841021-eaa9-4816-995b-b62e4e3b38d9;422.21;0.01;BUY
2016-02-20T00:24:25.717000;2016-02-20T00:24:25.903000;77582279-0689-4964-905d-d4cf65239dd8;422.23;0.207;BUY
2016-02-20T00:24:25.717000;2016-02-20T00:24:25.903000;4ba7dec7-8edc-4667-b4b2-f9f5cb70db12;422.25;0.64;BUY
2016-02-20T00:24:25.717000;2016-02-20T00:24:25.903000;2b7d2f69-29a5-4cfd-b6dc-206a10eabf32;422.27;0.01;BUY
2016-02-20T00:24:25.717000;2016-02-20T00:24:25.903000;4fe63179-bd44-40a4-993f-25e312a84f89;422.28;0.01;BUY
2016-02-20T00:24:25.717000;2016-02-20T00:24:25.903000;53030c99-f27c-4e17-97ea-de797741b11b;422.28;0.01;BUY
2016-02-20T00:24:25.717000;2016-02-20T00:24:25.903000;5858c212-f0ab-40ec-b076-09f7e7d0509a;422.28;0.166;BUY
2016-02-20T00:24:25.717000;2016-02-20T00:24:25.903000;f90938c2-7187-419f-bcb4-ee32e2addacd;422.29;0.01;BUY
2016-02-20T00:24:25.717000;2016-02-20T00:24:25.903000;5207aa73-19bc-474f-8773-c04046d63b51;422.3;0.01;BUY
2016-02-20T00:24:25.717000;2016-02-20T00:24:25.903000;134d70e2-d66c-4c9c-a1f5-e227175ec482;422.3;0.01;BUY
2016-02-20T00:24:25.717000;2016-02-20T00:24:25.920000;83ae371e-2304-4323-b54a-74e7a5ebd7de;422.3;0.01133303;BUY
2016-02-20T00:24:25.717000;2016-02-20T00:24:25.920000;245a6672-13a9-4106-9161-9c45b942a9ec;422.3;0.01;BUY
2016-02-20T00:24:25.717000;2016-02-20T00:24:25.937000;cebbd2a8-5580-4da4-a41e-0449a152a9a7;422.32;0.05;BUY
2016-02-20T00:24:25.717000;2016-02-20T00:24:25.937000;a0a0ed0d-32ec-48ee-9dc1-725d71e6c68e;422.33;0.016;BUY
2016-02-20T00:24:25.717000;2016-02-20T00:24:25.937000;caba8a70-29be-489e-b797-344802f24dbe;422.33;0.187;BUY
2016-02-20T00:24:25.717000;2016-02-20T00:24:25.937000;255e7b55-688f-49f7-81a0-f8f61b7c173c;422.33;3.248;BUY
2016-02-20T00:24:25.777000;2016-02-20T00:24:25.937000;c8449c9e-95c9-4159-ae3d-083e01c5eadf;422.33;1.46543697;SELL
2016-02-20T00:24:36.627000;2016-02-20T00:24:36.640000;8e207876-203a-463d-a374-b3ce8173dc2a;422.27;4.03;BUY
2016-02-20T00:24:36.627000;2016-02-20T00:24:36.653000;9381e978-65fa-4811-aa39-02360883aa02;422.31;3.72;BUY
2016-02-20T00:24:36.627000;2016-02-20T00:24:36.653000;2f206aee-8e4f-468a-b23f-ec5e1ef59dc3;422.33;2.53964;BUY
2016-02-20T00:24:41.203000;2016-02-20T00:24:41.217000;e983e4d1-021e-4c9a-88bc-a2e09cb7a547;422.29;0.26692132;BUY
2016-02-20T00:24:47.643000;2016-02-20T00:24:47.653000;ce6c6c01-2874-4dc3-ade4-119dc2fd6330;422.29;24.73307868;BUY
2016-02-20T00:24:47.643000;2016-02-20T00:24:47.653000;d6c94537-27af-468a-9d76-a6feb0a057b4;422.3;0.558;BUY
2016-02-20T00:24:47.643000;2016-02-20T00:24:47.653000;c3976413-a034-4811-9726-521e24540f1a;422.34;3.369;BUY
2016-02-20T00:24:47.643000;2016-02-20T00:24:47.670000;e45470ae-5f97-4210-b4f5-ff98394931ed;422.38;0.01;BUY
2016-02-20T00:24:47.643000;2016-02-20T00:24:47.670000;9f56c632-91e1-4a26-8bf7-4880b69e98d3;422.39;2.00679338;BUY
2016-02-20T00:24:47.643000;2016-02-20T00:24:47.687000;283f75c1-8413-4d76-be92-a80b755f6282;422.43;1.68;BUY
2016-02-20T00:24:47.643000;2016-02-20T00:24:47.687000;a42c1c22-5b0d-4fbc-b1b6-cc0396f43fa2;422.48;1.24;BUY
2016-02-20T00:24:47.643000;2016-02-20T00:24:47.687000;860e21a6-7ccd-4956-bafe-15b2a42055ed;422.49;3.425;BUY
2016-02-20T00:24:47.643000;2016-02-20T00:24:47.700000;5bc86134-3ffc-4702-9d65-81d335b7aa81;422.49;16.17;BUY
2016-02-20T00:24:47.643000;2016-02-20T00:24:47.700000;e1607076-7f25-4381-aa62-80998439e73d;422.5;0.2;BUY
2016-02-20T00:24:47.643000;2016-02-20T00:24:47.700000;19c828b2-247b-4c60-b2d0-d638c06e4405;422.5;0.01133303;BUY
2016-02-20T00:24:47.647000;2016-02-20T00:24:47.700000;afff484e-a079-4eba-92c8-fbae8efac0bf;422.5;12.81;BUY
2016-02-20T00:24:47.727000;2016-02-20T00:24:47.733000;e0d84a02-6ce6-44da-9e92-7dc1008cd59b;422.5;6.17;SELL
2016-02-20T00:24:47.850000;2016-02-20T00:24:47.857000;b60b2d3a-f112-41e7-b077-99d532744e31;422.5;2.12;SELL
2016-02-20T00:24:47.960000;2016-02-20T00:24:47.967000;8de50f88-f673-4656-a369-ee6be4648304;422.5;9.42250032;SELL
2016-02-20T00:24:57.237000;2016-02-20T00:24:57.233000;e3cd2bf7-2e2b-44e0-acaf-e0f30b0fd902;422.32;0.01;SELL
2016-02-20T00:24:57.237000;2016-02-20T00:24:57.247000;c370f128-0dca-4a78-8601-4b00d869cce5;422.31;0.021;SELL
2016-02-20T00:24:57.237000;2016-02-20T00:24:57.247000;09656ce0-d970-41bc-962a-ad2a87aa448e;422.3;0.021;SELL
2016-02-20T00:25:01.140000;2016-02-20T00:25:01.140000;4583833c-309d-4b4b-8f7a-01a409e161f6;422.29;0.01;SELL
2016-02-20T00:25:01.140000;2016-02-20T00:25:01.153000;1d3054ef-96ca-4f29-b370-239202a16cb5;422.29;0.022;SELL
2016-02-20T00:25:05.020000;2016-02-20T00:25:05.013000;37f12b2f-e69b-4c2c-ae78-3e679741f837;422.29;0.608;BUY
2016-02-20T00:25:05.020000;2016-02-20T00:25:05.030000;c3b22ecd-bc59-4fe3-b5ab-e4f4189c3ecf;422.3;2.23989;BUY
2016-02-20T00:25:32.380000;2016-02-20T00:25:32.373000;4c9c1d83-01ff-4a68-8019-673cb9e4acd0;422.3;3.12831;BUY
2016-02-20T00:25:37.720000;2016-02-20T00:25:37.717000;2b3b34fb-43d4-457d-b8db-42d5585f099e;422.3;0.08841306;BUY
2016-02-20T00:25:45.287000;2016-02-20T00:25:45.280000;1bd074ca-3de6-481f-a359-17cbee7d401c;422.29;0.25;SELL
2016-02-20T00:25:45.287000;2016-02-20T00:25:45.293000;8637c27d-855e-4de5-b10c-f86a68dca479;422.29;0.22760772;SELL
2016-02-20T00:25:45.287000;2016-02-20T00:25:45.293000;0950d7cc-e8e3-496e-933a-2a6edaa52c9a;422.29;0.16239228;SELL
2016-02-20T00:26:01.880000;2016-02-20T00:26:01.873000;d90979b4-e843-48f1-9fe9-ff9adb38c19b;422.29;0.22823;SELL
2016-02-20T00:26:21.267000;2016-02-20T00:26:21.280000;b44b911f-a2a1-4099-8eba-f6644f5412a2;422.29;0.44614528;SELL
2016-02-20T00:26:33.260000;2016-02-20T00:26:33.247000;d7a0b975-4be7-4154-9f64-589113c4fcb4;422.29;0.037;SELL
2016-02-20T00:26:37.890000;2016-02-20T00:26:37.940000;cdb201c8-fb1f-4aa2-bd2a-b1e0d5bbc2a3;422.29;0.15518;BUY
2016-02-20T00:27:02.670000;2016-02-20T00:27:02.737000;be75d392-b67b-41a6-ada0-565417f99cf3;422.28;0.01;SELL
2016-02-20T00:27:02.670000;2016-02-20T00:27:02.737000;576a842b-cb49-4d43-85fe-064fb88bdd1f;422.26;0.01;SELL
2016-02-20T00:27:02.673000;2016-02-20T00:27:02.737000;27f54b0b-b780-45df-8603-3ee4c8391083;422.26;0.25;SELL
2016-02-20T00:27:02.673000;2016-02-20T00:27:02.737000;984bf3cd-373f-4203-83ca-d750efef8f82;422.25;0.14;SELL
2016-02-20T00:27:02.673000;2016-02-20T00:27:02.737000;78b42c6b-4e9f-4e51-9cd0-27deeab06c08;422.24;0.01;SELL
2016-02-20T00:27:02.673000;2016-02-20T00:27:02.750000;b0080e90-be6d-4d81-9b0e-f5aa6e3ce06b;422.23;0.01;SELL
2016-02-20T00:27:02.673000;2016-02-20T00:27:02.750000;1de818b1-9aa8-4ddc-830b-63f20048fedb;422.23;0.01634;SELL
2016-02-20T00:27:21.347000;2016-02-20T00:27:21.393000;0e60c45a-1e07-48e2-b27b-fee576b6ff0c;422.28;0.034;SELL
2016-02-20T00:27:21.350000;2016-02-20T00:27:21.407000;01679bcc-ea9f-41b9-af35-aa0797d7be62;422.27;0.035;SELL
2016-02-20T00:27:21.350000;2016-02-20T00:27:21.407000;bb172a04-4ad6-466b-b787-445f4069850a;422.26;0.035;SELL
2016-02-20T00:27:21.350000;2016-02-20T00:27:21.407000;8c459b59-43a5-4195-9a32-0a9c13b09162;422.25;0.01;SELL
2016-02-20T00:27:21.350000;2016-02-20T00:27:21.423000;35dad150-e245-46ec-8bf6-4d0277fd85e5;422.25;0.12;SELL
2016-02-20T00:27:21.350000;2016-02-20T00:27:21.423000;f677bdf9-187a-4fbd-8a5e-8415ca3311ae;422.24;0.01;SELL
2016-02-20T00:27:21.350000;2016-02-20T00:27:21.423000;d5d46243-d2bb-4b81-81f7-b7fed6f57b62;422.22;0.01;SELL
2016-02-20T00:27:21.350000;2016-02-20T00:27:21.423000;65a10e70-3926-4160-8c95-e863064f8053;422.21;0.01;SELL
2016-02-20T00:27:21.350000;2016-02-20T00:27:21.440000;4b19b99c-8a31-433c-8a42-249d317b13fb;422.2;0.01;SELL
2016-02-20T00:27:21.350000;2016-02-20T00:27:21.440000;3777577b-8898-41d5-9f11-dc6e70614ff1;422.2;0.092;SELL
2016-02-20T00:27:21.350000;2016-02-20T00:27:21.440000;67aed94d-e001-4fef-a660-556d713044c9;422.19;0.01;SELL
2016-02-20T00:27:21.350000;2016-02-20T00:27:21.453000;2a1bcc09-c57d-4435-b051-59317ab003bc;422.18;0.01;SELL
2016-02-20T00:27:21.350000;2016-02-20T00:27:21.453000;2f60bc90-8430-4ca7-b36f-b0efea18c4eb;422.17;0.01;SELL
2016-02-20T00:27:21.350000;2016-02-20T00:27:21.453000;fc5726d3-bb30-4aa1-ab48-cab0668acf34;422.17;0.14;SELL
2016-02-20T00:27:21.350000;2016-02-20T00:27:21.453000;3eaaaefb-cca9-42c1-8063-6b71de26119a;422.16;0.01;SELL
2016-02-20T00:27:21.350000;2016-02-20T00:27:21.453000;7fd1919f-d241-494a-9bfb-6a1a263a41ef;422.15;0.01;SELL
2016-02-20T00:27:21.350000;2016-02-20T00:27:21.487000;d5cf3e3f-230d-4674-b104-fc0cd56f84a0;422.15;0.092;SELL
2016-02-20T00:27:21.350000;2016-02-20T00:27:21.500000;71a4cbf4-c538-4e58-9b35-c91d9d5a6340;422.14;0.01;SELL
2016-02-20T00:27:21.350000;2016-02-20T00:27:21.500000;27fcb038-8494-4bbf-9180-b2f61670a36e;422.14;0.022;SELL
2016-02-20T00:27:21.350000;2016-02-20T00:27:21.500000;769c8129-350e-421f-b6a3-835aadbda823;422.13;0.022;SELL
2016-02-20T00:27:21.350000;2016-02-20T00:27:21.500000;82d25a48-efc1-4167-b1f9-f0c06b77ad90;422.12;0.01;SELL
2016-02-20T00:27:21.350000;2016-02-20T00:27:21.500000;70e69b9d-af48-4f07-aef3-572b08e4163a;422.12;0.022;SELL
2016-02-20T00:27:21.350000;2016-02-20T00:27:21.500000;b646b578-19d6-4eb2-8409-d8b445b9661a;422.11;0.01;SELL
2016-02-20T00:27:21.350000;2016-02-20T00:27:21.500000;0d5cf719-69b5-4190-b531-81509c1bef1d;422.1;0.01;SELL
2016-02-20T00:27:21.353000;2016-02-20T00:27:21.500000;b03a36b7-0a5b-4dbd-a3fa-1d50b6981404;422.1;0.086;SELL
2016-02-20T00:27:21.353000;2016-02-20T00:27:21.500000;2a47915e-cc09-4e4b-8593-8276068fea3d;422.09;0.01;SELL
2016-02-20T00:27:21.353000;2016-02-20T00:27:21.500000;abb7b15b-7367-43a0-8db1-fbd3ec412eb0;422.08;0.01;SELL
2016-02-20T00:27:21.353000;2016-02-20T00:27:21.500000;308e7020-dba6-45db-b1c8-aab8fb7dfdae;422.07;0.01;SELL
2016-02-20T00:27:21.353000;2016-02-20T00:27:21.500000;ee7681fa-d1c2-4823-b976-427055b7fa00;422.07;0.01;SELL
2016-02-20T00:27:21.353000;2016-02-20T00:27:21.500000;c133907f-3d49-431d-95fb-d578ba59866c;422.06;0.01;SELL
2016-02-20T00:27:21.353000;2016-02-20T00:27:21.500000;b90c4b88-10f5-4521-9359-5dc7ab4ac38a;422.05;0.01;SELL
2016-02-20T00:27:21.353000;2016-02-20T00:27:21.500000;5fafc0ba-485f-4fc9-a809-aa4e5bd294df;422.05;0.0377;SELL
2016-02-20T00:27:32.990000;2016-02-20T00:27:33.050000;0cfe81ad-0483-4579-a745-68babc93939f;422.2;0.02;BUY
2016-02-20T00:27:32.990000;2016-02-20T00:27:33.050000;040d266f-35b8-4716-a0e8-8aae3634a6fb;422.21;0.01;BUY
2016-02-20T00:27:32.990000;2016-02-20T00:27:33.063000;91fce2ec-c898-4498-ba2c-28d146b82f03;422.22;0.01;BUY
2016-02-20T00:27:32.990000;2016-02-20T00:27:33.063000;b9b7cbb8-3848-492d-963b-e0fc9c6ef2a5;422.22;0.01;BUY
2016-02-20T00:27:32.990000;2016-02-20T00:27:33.063000;e0728c2f-c64d-40aa-aea5-37d4f188d06e;422.23;0.01;BUY
2016-02-20T00:27:32.990000;2016-02-20T00:27:33.063000;3352aad5-ab88-4222-b1ee-54e20016c8eb;422.23;0.01;BUY
2016-02-20T00:27:32.990000;2016-02-20T00:27:33.063000;8af9dcf8-8b4f-4e12-b10a-6d6e28e90f79;422.24;0.01;BUY
2016-02-20T00:27:32.990000;2016-02-20T00:27:33.097000;c3f52c91-2211-47ad-803b-025b5a9c5a0b;422.24;0.01;BUY
2016-02-20T00:27:32.990000;2016-02-20T00:27:33.097000;c40982ab-98cc-44f0-8572-8958cb4ef873;422.25;0.01;BUY
2016-02-20T00:27:32.990000;2016-02-20T00:27:33.097000;6c9b663f-a135-4c9f-8d7a-645a53e374ca;422.25;0.01;BUY
2016-02-20T00:27:32.990000;2016-02-20T00:27:33.097000;55578383-2222-4b31-9585-025134842616;422.25;0.01;BUY
2016-02-20T00:27:32.990000;2016-02-20T00:27:33.097000;92cebc6a-18c4-4ded-a516-3978d01fbced;422.26;0.01;BUY
2016-02-20T00:27:32.990000;2016-02-20T00:27:33.097000;5ef5669a-ad21-4edd-acf7-dcffaac116db;422.26;0.01;BUY
2016-02-20T00:27:32.990000;2016-02-20T00:27:33.097000;13afee0e-2796-43a7-b8c4-d5e4e6a95c12;422.27;0.01;BUY
2016-02-20T00:27:32.990000;2016-02-20T00:27:33.097000;6767c808-ede4-4d48-bf7d-efdb93522a68;422.27;0.01;BUY
2016-02-20T00:27:32.990000;2016-02-20T00:27:33.110000;a4a1131a-64d2-4dad-bf47-4d268ba5ce0e;422.27;0.075;BUY
2016-02-20T00:27:32.990000;2016-02-20T00:27:33.110000;62066492-ad8f-41c5-8721-aa490cc8e44c;422.28;0.01;BUY
2016-02-20T00:27:32.990000;2016-02-20T00:27:33.110000;d603208e-338d-4320-93e1-7a33362764fc;422.28;0.01;BUY
2016-02-20T00:27:32.990000;2016-02-20T00:27:33.110000;75b8aa5a-3102-4dc5-9dbc-eafb1f26a0c4;422.29;0.11943;BUY
2016-02-20T00:28:03.240000;2016-02-20T00:28:03.283000;3d2e8944-9917-4905-979b-627366adff24;422.29;0.99509;BUY
2016-02-20T00:28:03.240000;2016-02-20T00:28:03.300000;68751a85-c4f3-4089-b9f3-faf4e2830a55;422.29;1.12244;BUY
2016-02-20T00:28:16.997000;2016-02-20T00:28:17.050000;ed3d8b92-71fc-4a9a-be8e-6c933ab7723a;422.28;0.032;SELL
2016-02-20T00:28:17.000000;2016-02-20T00:28:17.063000;32af7a61-2213-46f0-aff0-afb4a8bc503d;422.27;0.033;SELL
2016-02-20T00:28:17.000000;2016-02-20T00:28:17.063000;a0f24fd6-c003-490f-894e-8c1f29a8a5ed;422.26;0.033;SELL
2016-02-20T00:28:17.000000;2016-02-20T00:28:17.063000;9986721f-c9fb-4b2d-8ec8-5ae9bec10904;422.25;0.034;SELL
2016-02-20T00:28:17.000000;2016-02-20T00:28:17.063000;f9d60814-6e28-4718-a598-506fb42a9b0a;422.24;0.034;SELL
2016-02-20T00:28:17.000000;2016-02-20T00:28:17.143000;cdab34eb-779a-4a8f-a44e-e7e3fe4b4b49;422.23;0.01;SELL
2016-02-20T00:28:17.000000;2016-02-20T00:28:17.143000;aece5a52-284f-464f-a6b4-5b31b2f9aac9;422.23;0.119;SELL
2016-02-20T00:28:17.000000;2016-02-20T00:28:17.143000;052b26e3-f5f7-4afa-a0ec-5851d32e52d1;422.22;0.01;SELL
2016-02-20T00:28:17.000000;2016-02-20T00:28:17.143000;8fe4fcc7-2712-45dd-8be3-e5a6ebc26742;422.21;0.01;SELL
2016-02-20T00:28:32.437000;2016-02-20T00:28:32.487000;7d35d900-a1f4-486a-8851-838a99e05cc9;422.2;0.01;SELL
2016-02-20T00:28:32.437000;2016-02-20T00:28:32.500000;8f70bae2-3895-40cc-976c-cd5dfe6697b9;422.19;0.034;SELL
2016-02-20T00:28:32.440000;2016-02-20T00:28:32.500000;c848511a-50b5-4abd-83e6-0f71e2a2e57f;422.19;0.106;SELL
2016-02-20T00:28:32.440000;2016-02-20T00:28:32.500000;d4a44f68-43f1-49f6-b02f-bc270d937f05;422.18;0.034;SELL
2016-02-20T00:28:32.440000;2016-02-20T00:28:32.517000;3095d4fa-7ec1-4685-92ff-72bc9f8a7466;422.14;0.082;SELL
2016-02-20T00:28:32.440000;2016-02-20T00:28:32.580000;f593b47f-4edb-49ce-bf1f-0afb79430f5c;422.09;0.115;SELL
2016-02-20T00:28:32.440000;2016-02-20T00:28:32.580000;c00f34ff-a0c6-4bea-ba6b-02543d567989;422.07;0.01;SELL
2016-02-20T00:28:32.440000;2016-02-20T00:28:32.580000;5b8943a9-a542-40dd-869c-45afde72bd15;422.06;0.011;SELL
2016-02-20T00:28:32.440000;2016-02-20T00:28:32.580000;d8ce8b03-2806-476c-beea-a5bb92ef1ef6;422.06;0.01;SELL
2016-02-20T00:28:32.440000;2016-02-20T00:28:32.580000;b3a8712a-2ace-49a5-8e5e-62a7f7f99384;422.04;0.01;SELL
2016-02-20T00:28:32.440000;2016-02-20T00:28:32.580000;d4cee5db-9c5c-43e8-9726-d41bf4b1addf;422.04;0.105;SELL
2016-02-20T00:28:32.440000;2016-02-20T00:28:32.580000;e1e4e768-8dc2-4ab5-bc16-33a773e38014;422.03;0.01;SELL
2016-02-20T00:28:32.440000;2016-02-20T00:28:32.580000;1320ab27-0c64-4ce1-9c2a-ef215033ac00;422.03;0.011;SELL
2016-02-20T00:28:32.440000;2016-02-20T00:28:32.580000;fa45103c-ad44-46de-9577-857624d0f520;422.02;0.01;SELL
2016-02-20T00:28:32.440000;2016-02-20T00:28:32.580000;fbdb45f1-3e7e-429b-9a02-ad42960c84af;422.01;0.01;SELL
2016-02-20T00:28:32.440000;2016-02-20T00:28:32.580000;1d5b63fb-2fa4-4b55-b6b0-5cd4210b2f35;422.0;0.01;SELL
2016-02-20T00:28:32.440000;2016-02-20T00:28:32.580000;da63633a-7a48-41cc-872e-5d76e51a267e;422.0;0.0115;SELL
2016-02-20T00:28:32.440000;2016-02-20T00:28:32.580000;8c09ba26-b5f6-4682-817b-b239c2f5bbce;422.0;0.01133096;SELL
2016-02-20T00:28:32.440000;2016-02-20T00:28:32.580000;905521d5-0809-476d-b77f-2b298addcfd9;421.99;0.01;SELL
2016-02-20T00:28:32.440000;2016-02-20T00:28:32.580000;1a251f5e-4476-416a-aa60-17ce911a301f;421.99;0.122;SELL
2016-02-20T00:28:32.443000;2016-02-20T00:28:32.580000;ffbcafd1-23de-4b97-abb1-c22256aea7f3;421.98;0.01;SELL
2016-02-20T00:28:32.443000;2016-02-20T00:28:32.580000;5b85531e-7756-4aa7-b044-3f8bc5446f34;421.97;0.01;SELL
2016-02-20T00:28:32.443000;2016-02-20T00:28:32.580000;dfee0169-57bd-4035-b818-0d03310f90b4;421.96;0.022;SELL
2016-02-20T00:28:32.443000;2016-02-20T00:28:32.580000;9fe8b5a9-6779-4f1f-8586-93a23441c454;421.95;0.022;SELL
2016-02-20T00:28:32.443000;2016-02-20T00:28:32.580000;5e4f1779-83fe-41d1-bf57-6720d2a5d3fe;421.95;0.21;SELL
2016-02-20T00:28:32.443000;2016-02-20T00:28:32.610000;143ed2a5-39b6-4715-99c2-30808739e5a9;421.94;0.01;SELL
2016-02-20T00:28:32.443000;2016-02-20T00:28:32.610000;fa46008b-acea-480a-8d0b-4947814d1e4b;421.94;0.022;SELL
2016-02-20T00:28:32.443000;2016-02-20T00:28:32.610000;f65fc750-0bb8-4595-b354-54d8d6839807;421.94;0.01;SELL
2016-02-20T00:28:32.443000;2016-02-20T00:28:32.610000;b660da39-88d5-4b35-b42b-0e3d03e62cad;421.94;0.089;SELL
2016-02-20T00:28:32.443000;2016-02-20T00:28:32.610000;30519d20-0fbf-40a7-96b9-5191265275b6;421.94;0.21;SELL
2016-02-20T00:28:32.443000;2016-02-20T00:28:32.610000;fdd8b0bc-750a-4a43-b00c-1b63bbbc1d76;421.93;0.01;SELL
2016-02-20T00:28:32.443000;2016-02-20T00:28:32.610000;4179bfd8-9337-4898-afd3-4bc0776744dc;421.93;0.21;SELL
2016-02-20T00:28:32.443000;2016-02-20T00:28:32.610000;217547de-e453-4ab7-8114-7b811cb76537;421.92;0.01;SELL
2016-02-20T00:28:32.443000;2016-02-20T00:28:32.657000;2529589a-644f-4c46-825f-2c65a26205e4;421.92;0.20610904;SELL
2016-02-20T00:28:38.450000;2016-02-20T00:28:38.487000;500ea794-6929-4c99-8dbd-09b76b09b191;422.02;0.01;SELL
2016-02-20T00:28:38.453000;2016-02-20T00:28:38.517000;a9de0b12-6ce0-4a66-85e2-844a5c4bbff4;422.01;0.01;SELL
2016-02-20T00:28:38.453000;2016-02-20T00:28:38.517000;42a70a8c-2633-4b3a-af86-291948ef3aec;421.99;0.01;SELL
2016-02-20T00:28:38.453000;2016-02-20T00:28:38.517000;85bf47c0-9592-49db-84b7-aa5766f89a4a;421.98;0.01;SELL
2016-02-20T00:28:38.453000;2016-02-20T00:28:38.517000;3b5c6b02-3e36-4557-ae7f-6189c9d6652c;421.97;0.01;SELL
2016-02-20T00:28:38.453000;2016-02-20T00:28:38.517000;e0318c04-8472-473c-9962-1c4e9684361e;421.97;0.011;SELL
2016-02-20T00:28:38.453000;2016-02-20T00:28:38.517000;6d0c6f34-5152-4711-90b5-af0f2c995113;421.96;0.01;SELL
2016-02-20T00:28:38.453000;2016-02-20T00:28:38.517000;2493dd0c-d334-43cd-ba30-95e9a101a9a8;421.96;0.21;SELL
2016-02-20T00:28:38.453000;2016-02-20T00:28:38.517000;43b6ab00-fd3e-4842-9879-682eefca18e3;421.95;0.011;SELL
2016-02-20T00:28:38.453000;2016-02-20T00:28:38.533000;423e2c0e-8c3d-413c-95de-d13335e02593;421.94;0.42;SELL
2016-02-20T00:28:38.453000;2016-02-20T00:28:38.533000;62a57e77-2bd4-469b-bab5-247405989f4c;421.93;0.011;SELL
2016-02-20T00:28:38.453000;2016-02-20T00:28:38.533000;320ec4a5-33ff-4e58-b43a-0306931ac205;421.9;1.01432498;SELL
2016-02-20T00:29:04.760000;2016-02-20T00:29:04.800000;f7286d16-8b95-40ee-9e2d-34f20f4eaecc;421.99;0.02691;BUY
2016-02-20T00:29:32.310000;2016-02-20T00:29:32.347000;958870f5-4c54-486b-a054-2a21aec5e2c3;421.99;0.03209;BUY
2016-02-20T00:29:32.310000;2016-02-20T00:29:32.360000;2c82248f-94a9-4258-b98c-f9274f554b29;421.99;0.22774;BUY
2016-02-20T00:30:03.583000;2016-02-20T00:30:03.627000;97811351-8791-4870-8ae2-03d5903516d5;421.99;0.5127;BUY
2016-02-20T00:30:32.467000;2016-02-20T00:30:32.500000;1417b606-1c84-4c44-aa47-db9dfbf9105b;421.99;2.65347;BUY
2016-02-20T00:31:02.390000;2016-02-20T00:31:02.440000;3adcb318-ca45-444d-b896-50ba0c30fc4a;421.98;0.031;SELL
2016-02-20T00:31:02.390000;2016-02-20T00:31:02.440000;c4969b07-5f05-4a97-a343-d750722b151f;421.98;0.118;SELL
2016-02-20T00:31:02.390000;2016-02-20T00:31:02.440000;56873183-e99e-455f-8e51-f6a6b19c5452;421.98;0.1;SELL
2016-02-20T00:31:02.390000;2016-02-20T00:31:02.440000;192b5e98-9b37-4270-aa96-351e233fe894;421.97;0.031;SELL
2016-02-20T00:31:02.390000;2016-02-20T00:31:02.453000;47c69323-a1cc-443e-9456-14fb371796e3;421.96;0.01;SELL
2016-02-20T00:31:02.393000;2016-02-20T00:31:02.453000;cddffd22-b3b5-4098-a639-13dbeb604e34;421.95;0.01;SELL
2016-02-20T00:31:02.393000;2016-02-20T00:31:02.453000;8f9bd488-2d85-4111-9078-582baecfbc2a;421.95;0.11995;SELL
2016-02-20T00:31:34.877000;2016-02-20T00:31:34.907000;cebb0347-bab5-4be9-8320-82057f8c6d23;422.0;1.43028;BUY
2016-02-20T00:32:02.670000;2016-02-20T00:32:02.703000;31ea38c2-3613-41b0-baae-56eec1f52246;422.0;0.12871;BUY
2016-02-20T00:32:32.167000;2016-02-20T00:32:32.203000;ef7b01ae-862a-4f70-bcfc-ddd9259ba403;422.0;0.23956;BUY
2016-02-20T00:32:56.020000;2016-02-20T00:32:56.050000;28f50b77-21ec-4f93-a694-8448de2cbfa2;421.99;0.028;SELL
2016-02-20T00:32:56.020000;2016-02-20T00:32:56.063000;62f261b7-0700-4b4d-bb42-b0fce13e8f7e;421.99;0.077;SELL
2016-02-20T00:32:56.020000;2016-02-20T00:32:56.063000;9d2a8db9-84a9-4b13-a487-dc27e7b32c76;421.99;2.52;SELL
2016-02-20T00:32:56.020000;2016-02-20T00:32:56.063000;d4ea8c72-0d4e-4c50-b0a6-6789adbd719e;421.99;3.15;SELL
2016-02-20T00:32:56.020000;2016-02-20T00:32:56.080000;8367694a-37b0-42f1-9df3-c1cc0c48b44f;421.98;3.01;SELL
2016-02-20T00:32:56.020000;2016-02-20T00:32:56.080000;79d78e61-d598-4818-a06c-d78a5951cf99;421.97;0.21;SELL
2016-02-20T00:32:56.020000;2016-02-20T00:32:56.157000;48a04c6a-4a7a-4284-9a49-d31cc9c353b2;421.97;1.05;SELL
2016-02-20T00:32:56.020000;2016-02-20T00:32:56.157000;d0732b8b-63b7-4320-a25b-4d50e0209ed6;421.96;0.01;SELL
2016-02-20T00:32:56.020000;2016-02-20T00:32:56.157000;e7b21740-354a-4529-94b5-553fb5189b56;421.96;0.01;SELL
2016-02-20T00:32:56.020000;2016-02-20T00:32:56.157000;f5f86da6-78eb-47d8-935c-9ba450bb4ded;421.95;0.84;SELL
2016-02-20T00:32:56.020000;2016-02-20T00:32:56.157000;0e48fa59-8ecd-4bd9-9eae-2d55bf5a17c8;421.95;1.89;SELL
2016-02-20T00:32:56.020000;2016-02-20T00:32:56.157000;75e6a1a4-0ce4-48ec-82a7-d37333919778;421.95;0.84;SELL
2016-02-20T00:32:56.020000;2016-02-20T00:32:56.157000;5f142f9a-9cfb-46af-9a0e-52123b5c4f54;421.94;3.7;SELL
2016-02-20T00:32:56.023000;2016-02-20T00:32:56.157000;e8a337af-097d-40a1-bff6-19229816d694;421.94;0.756;SELL
2016-02-20T00:32:56.023000;2016-02-20T00:32:56.157000;36e2de94-f027-48db-b248-68f048262e1a;421.89;0.747;SELL
2016-02-20T00:32:56.023000;2016-02-20T00:32:56.157000;77a88bbb-7ff1-4f5d-84c0-e8129cd630d2;421.88;0.01;SELL
2016-02-20T00:32:56.023000;2016-02-20T00:32:56.157000;c0fdd335-ef75-4d54-ab8d-a9f390d64bb7;421.87;4.51635;SELL
2016-02-20T00:32:56.023000;2016-02-20T00:32:56.157000;586e4a65-6c5e-4bfc-a19a-76e76ccabb2f;421.86;0.011;SELL
2016-02-20T00:32:56.023000;2016-02-20T00:32:56.157000;4c8617d1-5885-4196-8c3f-e9b8e4e943e0;421.86;0.21;SELL
2016-02-20T00:32:56.023000;2016-02-20T00:32:56.157000;35c0af08-ec66-4f32-a85c-5ff0d133a0e5;421.85;0.011;SELL
2016-02-20T00:32:56.023000;2016-02-20T00:32:56.157000;242a0f1a-cbf4-4c15-b9e5-0c0166090213;421.85;0.42;SELL
2016-02-20T00:32:56.023000;2016-02-20T00:32:56.157000;c5761b38-31ff-4548-b01b-4e1ad1296807;421.84;0.54745;SELL
2016-02-20T00:33:02.107000;2016-02-20T00:33:02.127000;4d91b140-0411-442b-a85b-50b4b146f745;421.99;0.011;BUY
2016-02-20T00:33:02.107000;2016-02-20T00:33:02.143000;79fa16ad-b1f5-44d9-8eae-454c27eecc71;422.0;0.79963;BUY
2016-02-20T00:34:35.207000;2016-02-20T00:34:35.237000;6a29e897-f1dc-453d-bae6-ab9e89851549;421.99;0.0281;SELL
2016-02-20T00:35:02.180000;2016-02-20T00:35:02.203000;e37744ee-a959-4924-a9e5-27ac79724e3c;422.0;0.03165;BUY
2016-02-20T00:35:32.953000;2016-02-20T00:35:32.970000;636331d8-46ba-41f3-9b0a-696f543bad49;421.99;0.08237;SELL
2016-02-20T00:37:02.080000;2016-02-20T00:37:02.097000;a7e21c23-299d-4ce7-83f5-77f6dcc8aff6;422.0;0.11145;BUY
2016-02-20T00:37:32.600000;2016-02-20T00:37:32.610000;7c8025e0-3d34-4d1b-8d3e-8b59091695da;422.0;12.25872;BUY
2016-02-20T00:37:32.600000;2016-02-20T00:37:32.627000;2a0498bd-1f04-4efa-9743-f89ba356d54c;422.0;10.0;BUY
2016-02-20T00:37:32.600000;2016-02-20T00:37:32.627000;35d1bc85-1e43-4d77-9a36-ee300bf11fdb;422.0;0.062;BUY
2016-02-20T00:37:32.600000;2016-02-20T00:37:32.643000;96fbcc54-de3a-49a1-b51d-99d2298b36dd;422.0;1.23361;BUY
2016-02-20T00:38:02.090000;2016-02-20T00:38:02.110000;6e39e93f-9409-4f39-8832-c22617f08900;422.0;0.03679;BUY
2016-02-20T00:38:32.100000;2016-02-20T00:38:32.110000;bebb2836-d162-4d43-bf49-f00d8ce267b0;422.0;0.08311;BUY
2016-02-20T00:39:07.343000;2016-02-20T00:39:07.360000;80596862-12d2-4c3c-b474-1a70b5416cf2;422.0;0.0496;BUY
2016-02-20T00:39:32.653000;2016-02-20T00:39:32.657000;2b3877e9-a965-439d-9d63-e48f82ccdd92;422.0;4.65892;BUY
2016-02-20T00:40:02.810000;2016-02-20T00:40:02.813000;5711846f-df82-4be6-857b-ac36a71d51bb;421.99;0.13953;SELL
2016-02-20T00:40:02.810000;2016-02-20T00:40:02.847000;27935e2f-c75b-42dc-b150-1fd2fec214d2;421.99;3.2656931;SELL
2016-02-20T00:40:02.810000;2016-02-20T00:40:02.847000;1ae13ce4-d2e0-44b1-b97f-e354dbbf34ac;421.99;1.1176669;SELL
2016-02-20T00:40:32.533000;2016-02-20T00:40:32.550000;ec36c25f-4f92-428e-9d8b-8a7315c224e8;422.0;3.93797;BUY
2016-02-20T00:40:32.533000;2016-02-20T00:40:32.550000;02b5da08-6ae3-4d9c-a421-fec3d3a41faf;422.0;0.028;BUY
2016-02-20T00:40:32.533000;2016-02-20T00:40:32.550000;97d32bd7-14f7-430c-9891-53f6ee74ded2;422.0;8.34583;BUY
2016-02-20T00:41:02.380000;2016-02-20T00:41:02.393000;da2229f6-3764-4847-956d-150a8fb18ef9;422.0;0.75163;BUY
2016-02-20T00:41:32.350000;2016-02-20T00:41:32.360000;ce0fc241-4e47-48a6-ae18-c5201b72ce59;422.0;0.12211;BUY
2016-02-20T00:42:02.547000;2016-02-20T00:42:02.680000;21bcf32d-a4cb-40dd-a8a2-352a96fc323e;422.0;6.27546;BUY
2016-02-20T00:42:11.477000;2016-02-20T00:42:11.617000;ba3cbd48-92a2-4133-ade3-2d5f12db7af5;421.99;4.90419976;SELL
2016-02-20T00:42:12.577000;2016-02-20T00:42:12.710000;5343d61e-bbec-4a15-88a6-b7edde75fcba;421.99;4.90419976;SELL
2016-02-20T00:42:13.547000;2016-02-20T00:42:13.680000;d171cd09-7e62-4b0a-86b4-ef30f48608db;421.99;4.07393358;SELL
2016-02-20T00:42:13.547000;2016-02-20T00:42:13.693000;8e4d578b-9fdb-4c65-858f-43ff2b2dbbd6;421.99;0.10316705;SELL
2016-02-20T00:42:13.547000;2016-02-20T00:42:13.693000;121d1930-58a5-491d-be03-d9e202e11e40;421.99;0.144;SELL
2016-02-20T00:42:13.547000;2016-02-20T00:42:13.693000;0384f900-5f20-48a7-9c9a-4a4cc4656f14;421.99;0.23159063;SELL
2016-02-20T00:42:13.547000;2016-02-20T00:42:13.693000;b9c1f798-7e19-4261-9bcd-2020cb7a65df;421.86;0.011;SELL
2016-02-20T00:42:13.547000;2016-02-20T00:42:13.787000;de01e842-097b-446d-935a-6c4461a08d00;421.8;0.01133096;SELL
2016-02-20T00:42:13.547000;2016-02-20T00:42:13.787000;99fb29cc-f90e-4433-a676-73dd80ea68b0;421.79;0.01;SELL
2016-02-20T00:42:13.547000;2016-02-20T00:42:13.787000;20be5be0-ef90-496d-a938-d543f237a608;421.77;0.31917754;SELL
2016-02-20T00:42:32.333000;2016-02-20T00:42:32.460000;6df3bfc7-3a04-4185-8cb1-71c3faa265bb;421.86;0.29741;BUY
2016-02-20T00:43:02.507000;2016-02-20T00:43:02.633000;f67f04fa-4810-4975-ba39-8af510d6083b;421.86;0.85404;BUY
2016-02-20T00:43:31.927000;2016-02-20T00:43:32.053000;acf00880-49cf-44d1-ba50-5357653d231f;421.85;0.23801;SELL
2016-02-20T00:44:36.443000;2016-02-20T00:44:36.583000;3a0720b2-4c63-4756-8fbc-f0d11b150309;421.86;0.47596;BUY
2016-02-20T00:45:04.117000;2016-02-20T00:45:04.240000;78d8a38e-cdf8-4c41-9528-85920149518d;421.86;0.01323;BUY
2016-02-20T00:45:35.427000;2016-02-20T00:45:35.570000;50eb81c9-a302-405e-813c-eefa3603f0aa;421.86;3.26355976;BUY
2016-02-20T00:45:35.430000;2016-02-20T00:45:35.570000;8056b03a-7730-4f4f-a9b2-731ffa59a2a6;421.86;0.47350024;BUY
2016-02-20T00:46:05.163000;2016-02-20T00:46:05.287000;e61ebd38-584c-4f00-89ee-7dc5e61a87d0;421.86;1.87366;BUY
2016-02-20T00:46:32.213000;2016-02-20T00:46:32.333000;a7aab2b1-678d-4c97-b9d9-897f7e6d6552;421.86;0.06387;BUY
2016-02-20T00:47:01.870000;2016-02-20T00:47:01.990000;5b808099-5e62-4466-9a1e-e51df0859a38;421.85;0.01199;SELL
2016-02-20T00:47:01.870000;2016-02-20T00:47:02.007000;2aa2e9bf-c82c-43d5-9bdc-2c41d086c49a;421.85;0.127;SELL
2016-02-20T00:47:01.870000;2016-02-20T00:47:02.007000;f2523f1f-8085-44c9-98ae-dde30eff94f9;421.84;0.023;SELL
2016-02-20T00:47:01.870000;2016-02-20T00:47:02.007000;ab0c0ef1-d477-4a01-97f3-aac4fde969cc;421.83;0.024;SELL
2016-02-20T00:47:01.870000;2016-02-20T00:47:02.007000;414a11a3-62fd-45e3-a482-cd506b4858a5;421.82;0.024;SELL
2016-02-20T00:47:01.873000;2016-02-20T00:47:02.100000;3917551b-0f27-4232-87f8-112a8b4fc1af;421.81;0.024;SELL
2016-02-20T00:47:01.873000;2016-02-20T00:47:02.100000;6b077049-19aa-4145-a41d-ed929f1d8922;421.81;0.16651;SELL
2016-02-20T00:48:32.313000;2016-02-20T00:48:32.430000;6b46566e-c2b1-462d-96f1-12ea21fe55b7;421.86;0.08202;BUY
2016-02-20T00:49:32.053000;2016-02-20T00:49:32.180000;5e78204c-945e-4185-9341-85e839265f86;421.85;0.25;SELL
2016-02-20T00:49:32.053000;2016-02-20T00:49:32.180000;ce6d2894-3774-4128-964e-20e3614d0385;421.85;0.92802;SELL
2016-02-20T00:50:02.360000;2016-02-20T00:50:02.477000;f72d84f7-d46a-4c02-8b3c-af242f6c3bed;421.86;1.18515;BUY
2016-02-20T00:50:32.140000;2016-02-20T00:50:32.257000;0e9ae463-61d7-49f2-a7e3-30231efd42d0;421.86;0.47302;BUY
2016-02-20T00:51:02.390000;2016-02-20T00:51:02.507000;c545bc96-6f49-4f3a-a4d1-16ab977f7dc1;421.85;0.025;SELL
2016-02-20T00:51:02.393000;2016-02-20T00:51:02.523000;f884550d-7f47-494c-9416-a5debc73394e;421.85;0.115;SELL
2016-02-20T00:51:02.393000;2016-02-20T00:51:02.523000;9996c40e-2ce1-4a71-97d8-0d47f48fe8a9;421.85;0.07429;SELL
2016-02-20T00:51:43.963000;2016-02-20T00:51:44.087000;53384d1c-a1ff-435a-809a-f8d80c9cecb4;421.86;0.97597;BUY
2016-02-20T00:52:02.423000;2016-02-20T00:52:02.537000;91655143-a23f-42ec-b24d-b45927fde78f;421.85;0.33055;SELL
2016-02-20T00:52:32.410000;2016-02-20T00:52:32.523000;ed73d6d3-f127-4a7f-af7b-02ab557ad6d0;421.86;0.22511;BUY
2016-02-20T00:53:05.260000;2016-02-20T00:53:05.367000;eda44c18-162a-491d-9ea2-92b18ef4176b;421.86;0.91771;BUY
2016-02-20T00:54:02.077000;2016-02-20T00:54:02.180000;3623bce0-15eb-4df0-a147-ec9f92b76013;421.86;3.23248;BUY
2016-02-20T00:54:32.093000;2016-02-20T00:54:32.193000;e58dc8e2-6558-4141-98ea-0023157688f3;421.86;0.04958;BUY
2016-02-20T00:55:02.293000;2016-02-20T00:55:02.397000;eab191b2-65ae-4799-819b-d64db0520074;421.86;0.32185;BUY
2016-02-20T00:56:03.483000;2016-02-20T00:56:03.587000;48f5552f-2f62-496b-889f-46e48f8ef00d;421.86;10.97737;BUY
2016-02-20T00:56:32.210000;2016-02-20T00:56:32.303000;8917280d-ca21-4ca2-90c2-b22f56d19ea3;421.86;0.7853;BUY
2016-02-20T00:57:02.527000;2016-02-20T00:57:02.633000;454d8c8e-07c9-4a37-ae09-c1c5c72b74d7;421.85;0.34716947;SELL
2016-02-20T00:57:02.527000;2016-02-20T00:57:02.647000;62870fe6-5d42-4ad2-9fc6-b8b3483bf5d2;421.85;0.0125;SELL
2016-02-20T00:57:02.530000;2016-02-20T00:57:02.647000;781e3dde-ee6f-49c7-b42f-78384c7f488c;421.85;0.102;SELL
2016-02-20T00:57:02.530000;2016-02-20T00:57:02.647000;b7473837-3401-42d1-86d8-47e2ecbf56e2;421.84;0.025;SELL
2016-02-20T00:57:02.530000;2016-02-20T00:57:02.647000;c9b83fc3-c84a-4e56-a817-5507a6391a3c;421.83;0.016;SELL
2016-02-20T00:57:02.530000;2016-02-20T00:57:02.647000;7702eabc-1580-4337-9744-eeab014eb574;421.83;0.095;SELL
2016-02-20T00:57:02.530000;2016-02-20T00:57:02.693000;fbf07e21-ef68-4d94-b21c-1ad14e17a0af;421.82;0.017;SELL
2016-02-20T00:57:02.530000;2016-02-20T00:57:02.693000;1506166b-e82a-4485-a766-4a41d6a174f7;421.82;0.22;SELL
2016-02-20T00:57:02.530000;2016-02-20T00:57:02.693000;fedacf72-4c87-46d3-b0ee-7b48b0da264a;421.81;0.017;SELL
2016-02-20T00:57:02.530000;2016-02-20T00:57:02.693000;b0e17ee1-63f2-4173-a12d-fc28454d85e3;421.81;0.66;SELL
2016-02-20T00:57:02.530000;2016-02-20T00:57:02.693000;3739302a-41d3-472d-9e76-307c86b48482;421.8;0.024;SELL
2016-02-20T00:57:02.530000;2016-02-20T00:57:02.710000;bc660eb3-a527-4761-84b7-194c798391fb;421.8;1.1;SELL
2016-02-20T00:57:02.530000;2016-02-20T00:57:02.710000;7d967526-11f8-4513-8d12-47065cf49592;421.79;0.025;SELL
2016-02-20T00:57:02.530000;2016-02-20T00:57:02.710000;57d037e3-cdb7-44ca-b280-b369846d3523;421.79;1.76;SELL
2016-02-20T00:57:02.530000;2016-02-20T00:57:02.710000;839b5db9-4cff-4dcb-976e-8e31d1dd76d0;421.78;0.011;SELL
