time_exchange;time_coinpai;guid;price;base_amount;taker_side
2016-04-03T00:00:04.000000;2016-04-03T00:00:04.000000;5f3f65c2-655e-4d01-896e-40caa0f5dabf;420.31;0.36027381;UNKNOWN
2016-04-03T00:00:04.000000;2016-04-03T00:00:04.000000;f5097d7f-2e3e-40ca-abf6-51b43f3ab237;420.3;0.03114703;UNKNOWN
2016-04-03T00:00:10.000000;2016-04-03T00:00:10.000000;4cfe0449-6cc4-4c0d-b368-9ccaae1d74a0;420.31;0.02369633;UNKNOWN
2016-04-03T00:02:30.000000;2016-04-03T00:02:30.000000;354b5885-12bd-4659-8c11-922675f035bf;420.3;0.015;UNKNOWN
2016-04-03T00:02:59.000000;2016-04-03T00:02:59.000000;a4b4a664-8c2a-4101-864b-189d0f3d19bb;420.31;0.0499;UNKNOWN
2016-04-03T00:02:59.000000;2016-04-03T00:02:59.000000;01b1b7b5-c1c5-48b6-80c0-cc4aca33bb3a;420.31;24.49535402;UNKNOWN
2016-04-03T00:03:05.000000;2016-04-03T00:03:05.000000;4b7d2f65-0e03-48b2-bd6c-e5c714a6f1ee;420.33;5.79;UNKNOWN
2016-04-03T00:03:14.000000;2016-04-03T00:03:14.000000;03cbaab7-7512-4714-9e67-afef5e21c52c;420.4;0.3;UNKNOWN
2016-04-03T00:03:25.000000;2016-04-03T00:03:25.000000;8dbe4a80-55a5-40c3-8566-ae1dbd5145e0;420.47;0.01;UNKNOWN
2016-04-03T00:03:30.000000;2016-04-03T00:03:30.000000;642f9b20-697f-46ef-ad90-7c0167f8b5c6;420.49;0.01;UNKNOWN
2016-04-03T00:03:33.000000;2016-04-03T00:03:33.000000;e78a2940-6de3-4bf9-ad9f-509d60355fd2;420.49;0.01;UNKNOWN
2016-04-03T00:04:05.000000;2016-04-03T00:04:05.000000;371a15e7-e159-4613-80ed-f76aa8a4aa17;420.49;0.12022288;UNKNOWN
2016-04-03T00:05:10.000000;2016-04-03T00:05:10.000000;7ec2e6e9-ee10-4624-bfc3-6505e4642ea6;420.49;0.04768;UNKNOWN
2016-04-03T00:09:10.000000;2016-04-03T00:09:10.000000;9c712718-9ae3-47d1-9570-df14a3afb948;420.49;0.70717659;UNKNOWN
2016-04-03T00:09:10.000000;2016-04-03T00:09:10.000000;b377a9c4-623e-45c0-b450-b47067ca7829;420.49;0.14133868;UNKNOWN
2016-04-03T00:09:24.000000;2016-04-03T00:09:24.000000;30b420e4-a641-444d-8dce-e54526e33bf9;420.5;0.0526737;UNKNOWN
2016-04-03T00:09:25.000000;2016-04-03T00:09:25.000000;a30b9e22-2493-43e4-a8e9-0155c12609e3;420.49;1.55615656;UNKNOWN
2016-04-03T00:09:25.000000;2016-04-03T00:09:25.000000;c7850e88-318a-4687-812d-00789de9b471;420.49;22.27328185;UNKNOWN
2016-04-03T00:10:05.000000;2016-04-03T00:10:05.000000;65fbb9fb-b7eb-4ab6-a0a5-8299fd6feae0;420.49;0.02357311;UNKNOWN
2016-04-03T00:14:05.000000;2016-04-03T00:14:05.000000;9c3fb96c-4fe1-4643-b314-ccace961799d;420.49;0.17246699;UNKNOWN
2016-04-03T00:14:05.000000;2016-04-03T00:14:05.000000;f634778d-49a2-4bb7-8049-adf81751c465;420.49;1.01974074;UNKNOWN
2016-04-03T00:14:05.000000;2016-04-03T00:14:05.000000;03116483-c180-4e5d-acfc-f87278f888d6;420.49;0.431142;UNKNOWN
2016-04-03T00:15:03.000000;2016-04-03T00:15:03.000000;9edcb170-52f3-4a6c-b21b-d5ce96b34695;420.5;1.8;UNKNOWN
2016-04-03T00:15:17.000000;2016-04-03T00:15:17.000000;6aad9a86-2d72-4eb0-8e31-4c6ad18cf2a2;420.5;0.11;UNKNOWN
2016-04-03T00:17:10.000000;2016-04-03T00:17:10.000000;f5bb3f75-60a9-4f83-b610-c0d1a6c29b99;420.49;0.69485288;UNKNOWN
2016-04-03T00:17:10.000000;2016-04-03T00:17:10.000000;138b0f11-9a83-47ab-ac00-be86b5114c71;420.49;0.01;UNKNOWN
2016-04-03T00:18:29.000000;2016-04-03T00:18:29.000000;9acb8bb3-2d6b-4d98-8320-19e897f8d34f;420.49;0.01;UNKNOWN
2016-04-03T00:18:29.000000;2016-04-03T00:18:29.000000;b08f59e4-a51f-4058-a859-73c6ea25116d;420.49;0.01;UNKNOWN
2016-04-03T00:18:29.000000;2016-04-03T00:18:29.000000;66d01ec6-98f6-46d5-b416-d29bc4a8abfc;420.49;0.48;UNKNOWN
2016-04-03T00:19:10.000000;2016-04-03T00:19:10.000000;5b659b2a-b475-4f46-976f-a67665ad72d5;420.35;0.11782631;UNKNOWN
2016-04-03T00:20:05.000000;2016-04-03T00:20:05.000000;9e1a2319-4847-4dc8-beca-dec76519430a;420.49;0.4652525;UNKNOWN
2016-04-03T00:20:07.000000;2016-04-03T00:20:07.000000;685ec0c7-c380-44fd-9902-e2c616705b04;420.5;5.0;UNKNOWN
2016-04-03T00:20:15.000000;2016-04-03T00:20:15.000000;ab61997b-d31b-4976-a97d-56177cd86ce6;420.5;1.0373263;UNKNOWN
2016-04-03T00:20:15.000000;2016-04-03T00:20:15.000000;302e6631-8621-4e4c-8938-87ebb116836b;420.5;3.6626737;UNKNOWN
2016-04-03T00:20:15.000000;2016-04-03T00:20:15.000000;a9747386-4310-4c98-b70c-8a725b60fe95;420.5;0.3;UNKNOWN
2016-04-03T00:20:26.000000;2016-04-03T00:20:26.000000;c560f6b1-07f6-44fe-9e75-e1fdeb11a6b4;420.5;0.01;UNKNOWN
2016-04-03T00:20:26.000000;2016-04-03T00:20:26.000000;f323f329-820a-4dd8-8008-9518d0857a4e;420.5;1.99;UNKNOWN
2016-04-03T00:20:30.000000;2016-04-03T00:20:30.000000;35e81d11-61d7-4813-8df3-fc5d01635ce6;420.49;2.67485839;UNKNOWN
2016-04-03T00:20:36.000000;2016-04-03T00:20:36.000000;86b990f6-555a-41e4-95cd-1b809817da7d;420.49;0.01;UNKNOWN
2016-04-03T00:21:20.000000;2016-04-03T00:21:20.000000;4a8b46c2-34a2-4786-b891-27e2e1af90eb;420.53;0.02131164;UNKNOWN
2016-04-03T00:21:20.000000;2016-04-03T00:21:20.000000;e3a2c19a-b4ab-401d-87ec-047707863ec2;420.5;0.01;UNKNOWN
2016-04-03T00:21:20.000000;2016-04-03T00:21:20.000000;63456516-40e3-4257-abad-5bae37e6ea45;420.53;0.0035706;UNKNOWN
2016-04-03T00:21:21.000000;2016-04-03T00:21:21.000000;cc983110-d4f5-4b4b-8df9-a0f4fcfec33c;420.53;0.01445669;UNKNOWN
2016-04-03T00:21:40.000000;2016-04-03T00:21:40.000000;aa0f71a6-3883-434f-9c3c-a576a9ab1f25;420.5;0.01;UNKNOWN
2016-04-03T00:21:40.000000;2016-04-03T00:21:40.000000;95f65aa1-d3a4-46bd-b66a-63c8a3f08dc7;420.53;0.49;UNKNOWN
2016-04-03T00:23:11.000000;2016-04-03T00:23:11.000000;ad3eae7a-f642-4cc6-8e47-71387a6f5c08;420.49;0.01;UNKNOWN
2016-04-03T00:23:11.000000;2016-04-03T00:23:11.000000;cd77fc3f-96e0-4922-aac7-ba3be9faa1bf;420.48;0.01711;UNKNOWN
2016-04-03T00:23:11.000000;2016-04-03T00:23:11.000000;b2a6f85d-76db-4cce-b28a-886c59bdc5db;420.49;0.01;UNKNOWN
2016-04-03T00:23:11.000000;2016-04-03T00:23:11.000000;9f9d42f1-cf9a-4398-8457-3cdde6c3f1f7;420.49;0.01;UNKNOWN
2016-04-03T00:23:47.000000;2016-04-03T00:23:47.000000;44b48747-4634-4005-a370-e43e663fdad2;420.35;0.08217369;UNKNOWN
2016-04-03T00:23:47.000000;2016-04-03T00:23:47.000000;b14beaa6-61b8-4445-92a9-3e7a640899c1;420.41;0.06;UNKNOWN
2016-04-03T00:23:47.000000;2016-04-03T00:23:47.000000;0b5a6094-5444-40cb-b6bf-dd96afab21b9;420.4;0.3;UNKNOWN
2016-04-03T00:23:47.000000;2016-04-03T00:23:47.000000;f1be5b29-e5dd-42cb-9aa1-34d219cdcf4a;420.3;0.10782631;UNKNOWN
2016-04-03T00:25:50.000000;2016-04-03T00:25:50.000000;a7813b26-06e4-46cd-8bce-551cf4a89a35;420.39;2.39828738;UNKNOWN
2016-04-03T00:25:50.000000;2016-04-03T00:25:50.000000;ad829322-871d-41b0-b9d3-a74a0b3bb63a;420.39;5.944;UNKNOWN
2016-04-03T00:35:13.000000;2016-04-03T00:35:13.000000;07e4fea1-65d1-4ba4-a6f0-36db0654359d;420.5;0.01116124;UNKNOWN
2016-04-03T00:35:19.000000;2016-04-03T00:35:19.000000;cfaa1085-d719-42a1-a8b1-2943ed3ad750;420.5;0.0275862;UNKNOWN
2016-04-03T00:35:27.000000;2016-04-03T00:35:27.000000;3bf9e8a9-5734-4a5d-bdda-bda495f2dbbc;420.4;0.06710208;UNKNOWN
2016-04-03T00:37:52.000000;2016-04-03T00:37:52.000000;ad8db57d-cb23-4b6b-8308-cfe06d357dd7;420.39;0.53;UNKNOWN
2016-04-03T00:37:57.000000;2016-04-03T00:37:57.000000;f5dcf59e-f241-4f19-ba84-ea15fedc9962;420.39;0.13;UNKNOWN
2016-04-03T00:41:58.000000;2016-04-03T00:41:58.000000;5ec9ae99-af8c-4164-9f65-747f8381eff3;420.39;0.4;UNKNOWN
2016-04-03T00:46:35.000000;2016-04-03T00:46:35.000000;1ed9dc61-fea5-4799-84ed-6a2ed22f17ed;420.38;0.4762;UNKNOWN
2016-04-03T00:48:13.000000;2016-04-03T00:48:13.000000;4de99144-c6b6-41ef-9c79-4bdb4dc018de;420.3;0.19217369;UNKNOWN
2016-04-03T00:48:18.000000;2016-04-03T00:48:18.000000;d13c3bdd-957c-4830-8072-4c7cf91d4093;420.3;0.00782631;UNKNOWN
2016-04-03T00:53:05.000000;2016-04-03T00:53:05.000000;a825c141-1618-4ba4-aada-bc6a013ae908;420.35;2.52996739;UNKNOWN
2016-04-03T00:55:50.000000;2016-04-03T00:55:50.000000;3c61583a-8bcc-4a2b-bb01-773dba92887e;420.2;0.08344272;UNKNOWN
2016-04-03T00:56:58.000000;2016-04-03T00:56:58.000000;7b560403-25c4-46f1-8420-111e643b900e;420.27;1.0;UNKNOWN
2016-04-03T00:57:05.000000;2016-04-03T00:57:05.000000;a62ab195-1c92-4d6c-8167-4125ab0beb78;420.4;0.14454125;UNKNOWN
2016-04-03T00:58:28.000000;2016-04-03T00:58:28.000000;cbb0eb49-14be-45d6-bc24-e04b337f8823;420.48;0.11447229;UNKNOWN
2016-04-03T00:58:28.000000;2016-04-03T00:58:28.000000;94f8380d-373a-4b4e-9b89-6cbbf784dbb1;420.4;0.15545875;UNKNOWN
2016-04-03T01:03:32.000000;2016-04-03T01:03:32.000000;0407f774-6bd7-464a-9c2b-b30d043b0013;420.33;0.01;UNKNOWN
2016-04-03T01:03:32.000000;2016-04-03T01:03:32.000000;c387f0f2-0225-496d-869b-27773a4a7840;420.2;0.19570989;UNKNOWN
2016-04-03T01:03:32.000000;2016-04-03T01:03:32.000000;b64605a1-b15c-4165-904a-9e3ae53cbf28;420.3;0.3;UNKNOWN
2016-04-03T01:05:33.000000;2016-04-03T01:05:33.000000;f843ab2f-008b-4a31-bd81-1d42aca450f7;420.57;5.9431;UNKNOWN
2016-04-03T01:05:33.000000;2016-04-03T01:05:33.000000;3617bebe-89d1-49f1-867f-5d01aaa4f8db;420.4;0.3;UNKNOWN
2016-04-03T01:05:33.000000;2016-04-03T01:05:33.000000;268f0272-963b-49c0-ac06-654a66a24e41;420.6;1.4469;UNKNOWN
2016-04-03T01:05:33.000000;2016-04-03T01:05:33.000000;d5528fa4-7155-4f0c-8a7b-81bb589d40b3;420.5;0.3;UNKNOWN
2016-04-03T01:05:33.000000;2016-04-03T01:05:33.000000;016e22dc-8f8f-4a16-a70a-8e8b069b0a30;420.5;0.01;UNKNOWN
2016-04-03T01:05:37.000000;2016-04-03T01:05:37.000000;3d8f74d9-91c5-4746-a155-9ec320fe732b;420.4;0.01;UNKNOWN
2016-04-03T01:05:42.000000;2016-04-03T01:05:42.000000;3e23fd80-d6a5-4621-9b94-e7a794054aec;420.41;0.01;UNKNOWN
2016-04-03T01:05:48.000000;2016-04-03T01:05:48.000000;5ba0896e-a981-4bb1-8485-e448aee76198;420.59;0.01;UNKNOWN
2016-04-03T01:05:52.000000;2016-04-03T01:05:52.000000;44b9a3a3-6b1c-44d7-b861-8cb29e1fd665;420.59;0.01;UNKNOWN
2016-04-03T01:05:53.000000;2016-04-03T01:05:53.000000;046cdbef-8430-4027-a28d-b9d7828e979e;420.59;0.01;UNKNOWN
2016-04-03T01:05:55.000000;2016-04-03T01:05:55.000000;4a19d970-8f8a-4d65-8209-61800105b857;420.59;0.01;UNKNOWN
2016-04-03T01:05:59.000000;2016-04-03T01:05:59.000000;70d24665-1d07-49a4-8df9-b3bd19cbb1fb;420.59;0.01;UNKNOWN
2016-04-03T01:06:00.000000;2016-04-03T01:06:00.000000;8af1612c-8d38-4b2a-b1b3-89ea55ff93be;420.59;0.01;UNKNOWN
2016-04-03T01:06:03.000000;2016-04-03T01:06:03.000000;ff18adc6-cf61-47c7-873d-3c48e62dbfb0;420.59;0.01;UNKNOWN
2016-04-03T01:06:05.000000;2016-04-03T01:06:05.000000;a192359d-3dfe-42f4-b032-360495c33973;420.59;0.01;UNKNOWN
2016-04-03T01:06:07.000000;2016-04-03T01:06:07.000000;daaf7005-d644-4471-a269-63c121ee6404;420.59;0.01;UNKNOWN
2016-04-03T01:06:10.000000;2016-04-03T01:06:10.000000;fcb9d794-064e-4ad2-939e-469abc20771e;420.59;0.01;UNKNOWN
2016-04-03T01:06:12.000000;2016-04-03T01:06:12.000000;74b9b907-2f09-4a99-ac1e-489c8549d3b8;420.59;0.01;UNKNOWN
2016-04-03T01:06:14.000000;2016-04-03T01:06:14.000000;d0f7c2ea-fa7a-47c5-b2e4-b80790a7e806;420.59;0.01;UNKNOWN
2016-04-03T01:06:17.000000;2016-04-03T01:06:17.000000;b271b8dd-6ccf-43f7-8b77-d791d7e7ac80;420.59;0.01;UNKNOWN
2016-04-03T01:06:19.000000;2016-04-03T01:06:19.000000;528b23fa-1bf2-4ab6-ad6d-634e0d4f3821;420.59;0.01;UNKNOWN
2016-04-03T01:06:21.000000;2016-04-03T01:06:21.000000;059ebd83-d126-4827-ad9e-4d5fed64cceb;420.59;0.01;UNKNOWN
2016-04-03T01:06:24.000000;2016-04-03T01:06:24.000000;036db37a-4011-4fbe-8b4a-63781adc2156;420.59;0.01;UNKNOWN
2016-04-03T01:06:26.000000;2016-04-03T01:06:26.000000;78dfd242-dace-4d9a-8ed4-a741492de8c5;420.59;0.01;UNKNOWN
2016-04-03T01:06:29.000000;2016-04-03T01:06:29.000000;d19744e2-cf13-4842-b9aa-873f8cb35926;420.59;0.01;UNKNOWN
2016-04-03T01:06:31.000000;2016-04-03T01:06:31.000000;77487411-e67c-4aa7-82b8-7a8ea1f0e280;420.59;0.01;UNKNOWN
2016-04-03T01:06:33.000000;2016-04-03T01:06:33.000000;b83c0704-e592-4171-932e-60bb00224edd;420.59;0.01;UNKNOWN
2016-04-03T01:06:34.000000;2016-04-03T01:06:34.000000;8d74ab4e-a2e9-408e-bd52-27217e6b4d39;420.3;0.2;UNKNOWN
2016-04-03T01:06:34.000000;2016-04-03T01:06:34.000000;de5f5ef9-5275-4483-8da2-dc72a6a677ae;420.4;0.29;UNKNOWN
2016-04-03T01:06:34.000000;2016-04-03T01:06:34.000000;6c0fb5da-51b5-4a04-b008-4bc0165c10af;420.59;0.01;UNKNOWN
2016-04-03T01:06:37.000000;2016-04-03T01:06:37.000000;d921ad8f-9cc6-4e3d-876a-eb15d0aea99b;420.5;0.01;UNKNOWN
2016-04-03T01:06:52.000000;2016-04-03T01:06:52.000000;3946acad-c9e1-438a-a3fe-183c606fa3dd;420.3;0.01118065;UNKNOWN
2016-04-03T01:07:10.000000;2016-04-03T01:07:10.000000;78f8dc5c-2e65-4b30-b113-ba95e1ab0a74;420.3;0.05893138;UNKNOWN
2016-04-03T01:07:15.000000;2016-04-03T01:07:15.000000;d745678f-dbe6-47db-96e8-1699f4d41c12;420.2;0.02084739;UNKNOWN
2016-04-03T01:07:15.000000;2016-04-03T01:07:15.000000;b630eb75-d0dc-45af-a055-95b7794ce2b2;420.3;0.02988797;UNKNOWN
2016-04-03T01:07:15.000000;2016-04-03T01:07:15.000000;818685ff-69b9-43e3-b09a-60f1c3b61241;420.17;0.44926464;UNKNOWN
2016-04-03T01:07:23.000000;2016-04-03T01:07:23.000000;c4410af7-a657-4aec-a177-99671e8483f0;420.17;0.01;UNKNOWN
2016-04-03T01:07:23.000000;2016-04-03T01:07:23.000000;50105596-9bc2-4244-a735-020a2f5557db;420.17;0.02;UNKNOWN
2016-04-03T01:07:23.000000;2016-04-03T01:07:23.000000;f40c66b6-ee06-439a-8944-b1b6cee0ee78;420.17;0.03;UNKNOWN
2016-04-03T01:07:23.000000;2016-04-03T01:07:23.000000;4d239b7f-e9a2-406f-8267-fcf8ffedc13c;420.17;0.1;UNKNOWN
2016-04-03T01:07:23.000000;2016-04-03T01:07:23.000000;ab3bb6a3-cefb-4143-9b97-cec745e717e8;420.17;0.03;UNKNOWN
2016-04-03T01:12:08.000000;2016-04-03T01:12:08.000000;16175bf8-e35b-4a64-94b7-af63530df8dc;420.2;7.5;UNKNOWN
2016-04-03T01:12:08.000000;2016-04-03T01:12:08.000000;3a1b60ad-7aea-4179-9960-bf09623507d2;420.2;1.63849315;UNKNOWN
2016-04-03T01:12:08.000000;2016-04-03T01:12:08.000000;340e6fb3-0f6f-46dc-b84b-56ad5ed708bd;420.2;0.83;UNKNOWN
2016-04-03T01:13:38.000000;2016-04-03T01:13:38.000000;578e92ce-7a54-4f6e-b6da-4aa02afca540;420.18;1.0;UNKNOWN
2016-04-03T01:17:14.000000;2016-04-03T01:17:14.000000;72b0271b-19cf-4c77-a2ab-2a869bc79bf6;420.23;0.01268714;UNKNOWN
2016-04-03T01:17:37.000000;2016-04-03T01:17:37.000000;9f25f3db-97a7-4740-bff6-da6496e693c3;420.23;0.01234134;UNKNOWN
2016-04-03T01:18:05.000000;2016-04-03T01:18:05.000000;07ab1ddc-937d-46f0-be4e-b8ea9b5b5336;420.23;0.02487152;UNKNOWN
2016-04-03T01:18:09.000000;2016-04-03T01:18:09.000000;ab253452-39bc-42a7-a2ce-6fada5b2174a;420.26;0.01295425;UNKNOWN
2016-04-03T01:18:30.000000;2016-04-03T01:18:30.000000;fa504160-a8f9-4b57-81b4-d8f5f79e171f;420.22;0.18839146;UNKNOWN
2016-04-03T01:19:25.000000;2016-04-03T01:19:25.000000;391fe64b-fb15-4cfc-9672-28b6fe1bbe16;420.21;0.0825216;UNKNOWN
2016-04-03T01:23:05.000000;2016-04-03T01:23:05.000000;f8d1726e-4ecb-45df-979a-01fdfe821330;420.27;2.39188672;UNKNOWN
2016-04-03T01:23:55.000000;2016-04-03T01:23:55.000000;085c43fd-38e6-45c4-ae32-4d071cf668de;420.22;0.5;UNKNOWN
2016-04-03T01:25:35.000000;2016-04-03T01:25:35.000000;66740158-278a-4c5e-8763-3a8fb56ac021;420.27;0.01247339;UNKNOWN
2016-04-03T01:26:33.000000;2016-04-03T01:26:33.000000;325b04c9-5e85-453c-b4f3-a7385d7cc947;420.25;0.01245336;UNKNOWN
2016-04-03T01:27:21.000000;2016-04-03T01:27:21.000000;1bc0278e-5495-4866-b102-40b90f18378a;420.25;0.25;UNKNOWN
2016-04-03T01:27:50.000000;2016-04-03T01:27:50.000000;2657d68b-1f57-4c74-b474-1217c675bc39;420.25;0.11921807;UNKNOWN
2016-04-03T01:29:49.000000;2016-04-03T01:29:49.000000;242242b7-56fa-420a-a800-dcf81075c227;420.43;5.8727;UNKNOWN
2016-04-03T01:29:49.000000;2016-04-03T01:29:49.000000;c18c7d28-9e22-452b-b324-60319cf1ca97;420.44;2.1273;UNKNOWN
2016-04-03T01:33:22.000000;2016-04-03T01:33:22.000000;5842bf21-8643-4447-828f-6300cb136c54;420.34;0.02373703;UNKNOWN
2016-04-03T01:39:05.000000;2016-04-03T01:39:05.000000;1b6fd3a6-421b-46fc-a911-3731f61f70ef;420.21;2.203;UNKNOWN
2016-04-03T01:40:28.000000;2016-04-03T01:40:28.000000;0fb63491-e554-49cf-91e6-a902f55e792a;420.31;1.0;UNKNOWN
2016-04-03T01:40:35.000000;2016-04-03T01:40:35.000000;89889e11-9e8e-4b39-afbe-5f8b7c6abe15;420.21;3.57137503;UNKNOWN
2016-04-03T01:41:17.000000;2016-04-03T01:41:17.000000;ecf3abd7-1be2-4fa5-b4bc-f4228ff415c9;420.21;0.23845314;UNKNOWN
2016-04-03T01:41:25.000000;2016-04-03T01:41:25.000000;0f42227d-2f81-41a4-ada3-0757d961fd76;420.31;0.0401;UNKNOWN
2016-04-03T01:41:33.000000;2016-04-03T01:41:33.000000;6904c8b5-882a-4841-a2fb-c7f545b4e021;420.21;8.51433545;UNKNOWN
2016-04-03T01:42:13.000000;2016-04-03T01:42:13.000000;2657c5f3-f020-45bb-92aa-f13fb1f1e72c;420.21;0.3448458;UNKNOWN
2016-04-03T01:42:31.000000;2016-04-03T01:42:31.000000;b9c30299-3d68-400c-b2f8-fa5127290219;420.21;1.0;UNKNOWN
2016-04-03T01:42:51.000000;2016-04-03T01:42:51.000000;e7560c01-4d86-49a8-8555-e115f462aa18;420.21;7.5;UNKNOWN
2016-04-03T01:46:05.000000;2016-04-03T01:46:05.000000;baaf46ec-e7c5-4e86-8ca3-3b6a55426980;420.26;0.25296072;UNKNOWN
2016-04-03T01:46:05.000000;2016-04-03T01:46:05.000000;12d5e0af-50be-4599-9168-d84567aadb47;420.21;3.09989088;UNKNOWN
2016-04-03T01:47:30.000000;2016-04-03T01:47:30.000000;c91d9bc5-d122-43fa-a2b0-f978415e3c0c;420.21;4.95;UNKNOWN
2016-04-03T01:48:05.000000;2016-04-03T01:48:05.000000;aec6ed14-4463-4748-b2e9-924a866747af;420.21;0.11785435;UNKNOWN
2016-04-03T01:51:57.000000;2016-04-03T01:51:57.000000;e37e54cd-d756-4e86-acd7-8bbc1a5764f9;420.21;0.240838;UNKNOWN
2016-04-03T01:54:07.000000;2016-04-03T01:54:07.000000;e1be073a-8451-443d-a5b0-23b5888ec244;420.22;0.0499;UNKNOWN
2016-04-03T01:56:05.000000;2016-04-03T01:56:05.000000;8bfb7b4b-fad6-46fd-a629-7d19450f813d;420.23;1.29654762;UNKNOWN
2016-04-03T01:56:29.000000;2016-04-03T01:56:29.000000;df34c4ee-69d4-4b20-8edf-7a0752bafdce;420.29;0.02356536;UNKNOWN
2016-04-03T01:59:10.000000;2016-04-03T01:59:10.000000;3313fb59-a9d9-47c0-965e-4454b7c332ba;420.22;0.0589412;UNKNOWN
2016-04-03T01:59:10.000000;2016-04-03T01:59:10.000000;dd500b04-a44b-45f0-b05f-f871b0b1a8ce;420.22;0.02357423;UNKNOWN
2016-04-03T02:01:03.000000;2016-04-03T02:01:03.000000;0ab1cd76-f6db-41dc-89d9-b40ba2a56d28;420.29;4.01;UNKNOWN
2016-04-03T02:02:21.000000;2016-04-03T02:02:21.000000;d7e83bd8-4eb6-47e6-93ca-32c5a56951b2;420.32;0.13218711;UNKNOWN
2016-04-03T02:04:05.000000;2016-04-03T02:04:05.000000;3aaf9d3c-b663-4ab0-b0cc-35229f16b57b;420.21;0.94;UNKNOWN
2016-04-03T02:04:05.000000;2016-04-03T02:04:05.000000;4012b9a1-13ed-407e-b808-b9c5a0fd00de;420.22;0.06;UNKNOWN
2016-04-03T02:04:20.000000;2016-04-03T02:04:20.000000;4a83267e-f5a6-496c-935e-67fc0c32593f;420.27;0.02741989;UNKNOWN
2016-04-03T02:04:20.000000;2016-04-03T02:04:20.000000;5af64c82-4430-43cd-925e-68f8f6facaee;420.21;0.16534497;UNKNOWN
2016-04-03T02:04:20.000000;2016-04-03T02:04:20.000000;d5a6ecd7-9159-4b18-b079-ec1b2be322cd;420.27;0.84387449;UNKNOWN
2016-04-03T02:04:21.000000;2016-04-03T02:04:21.000000;3a29aecb-571e-4f36-ae00-3b65ec0c5a52;420.21;0.16546023;UNKNOWN
2016-04-03T02:04:21.000000;2016-04-03T02:04:21.000000;9549fa7f-1493-4989-aac2-a9c7fbd13155;420.21;0.16546023;UNKNOWN
2016-04-03T02:05:51.000000;2016-04-03T02:05:51.000000;f0f4b2d1-fc85-4641-836f-69f43d5b43ca;420.18;5.8847;UNKNOWN
2016-04-03T02:05:51.000000;2016-04-03T02:05:51.000000;6ed6b02d-9a18-45e4-bb1e-17f286dc0344;420.21;4.17062032;UNKNOWN
2016-04-03T02:05:51.000000;2016-04-03T02:05:51.000000;1572d6ef-9c62-4cac-ab9d-008cb303174f;420.21;3.8448;UNKNOWN
2016-04-03T02:05:51.000000;2016-04-03T02:05:51.000000;8468699f-facf-42c1-9ff7-e02fe3b41615;420.17;0.21437968;UNKNOWN
2016-04-03T02:05:54.000000;2016-04-03T02:05:54.000000;b974f0cd-7683-4511-980f-6ae400dcdc71;420.0;1.36444432;UNKNOWN
2016-04-03T02:05:54.000000;2016-04-03T02:05:54.000000;4d1db051-5ef6-4bb7-b0ac-d13b3a6f7731;420.17;12.75005568;UNKNOWN
2016-04-03T02:06:05.000000;2016-04-03T02:06:05.000000;fbec4acf-f04d-4833-aafe-b1ab0ea109a8;420.0;0.0825;UNKNOWN
2016-04-03T02:07:41.000000;2016-04-03T02:07:41.000000;f3ba27d5-69d7-4a1b-9913-3b80253ad11e;420.0;0.956686;UNKNOWN
2016-04-03T02:07:45.000000;2016-04-03T02:07:45.000000;595fc553-1ba1-4836-8186-095e323e7e05;419.81;5.8766;UNKNOWN
2016-04-03T02:07:45.000000;2016-04-03T02:07:45.000000;eb1f6b0f-b5e2-4d8f-abb6-a264971a782e;419.8;0.1;UNKNOWN
2016-04-03T02:07:45.000000;2016-04-03T02:07:45.000000;5a24e3b2-9e96-4e64-8ead-e8969443fb3f;419.8;4.95;UNKNOWN
2016-04-03T02:07:45.000000;2016-04-03T02:07:45.000000;9e1701b6-e9ba-4de6-847a-2109cbc570af;419.71;0.63813032;UNKNOWN
2016-04-03T02:07:45.000000;2016-04-03T02:07:45.000000;000d59dc-a877-481d-b8c7-77c16b2d3476;420.0;2.54636968;UNKNOWN
2016-04-03T02:07:48.000000;2016-04-03T02:07:48.000000;dd9bb434-e99b-43e3-9a50-b546d48985b8;419.71;0.956686;UNKNOWN
2016-04-03T02:08:05.000000;2016-04-03T02:08:05.000000;8c63089c-078b-4148-b17d-d2b5285a829a;419.98;0.07949763;UNKNOWN
2016-04-03T02:08:29.000000;2016-04-03T02:08:29.000000;1e669bfb-b7ca-4655-ac13-18701e9e9a04;419.72;1.6742;UNKNOWN
2016-04-03T02:09:11.000000;2016-04-03T02:09:11.000000;b7b03769-05d5-468f-83dd-4bd957656ac9;419.71;3.22152;UNKNOWN
2016-04-03T02:09:11.000000;2016-04-03T02:09:11.000000;1713da4c-e099-4938-bc7a-807c8664ce7e;419.72;5.867;UNKNOWN
2016-04-03T02:10:17.000000;2016-04-03T02:10:17.000000;72e9ed45-0792-4fc0-b318-dfd00ad3f142;419.61;2.30281657;UNKNOWN
2016-04-03T02:10:17.000000;2016-04-03T02:10:17.000000;71d60bb2-f8a7-4adf-bd1d-2c5f573bb977;419.7;0.1;UNKNOWN
2016-04-03T02:10:17.000000;2016-04-03T02:10:17.000000;7036e9b7-95af-4b4c-9140-ba3e038e88b0;419.71;0.08233581;UNKNOWN
2016-04-03T02:10:17.000000;2016-04-03T02:10:17.000000;b99d0f32-d83e-4925-b58c-81c18d1f46bc;419.7;1.58066762;UNKNOWN
2016-04-03T02:10:41.000000;2016-04-03T02:10:41.000000;4674a0fc-6f74-4f17-8ee9-0b852c3d1968;419.79;0.14755606;UNKNOWN
2016-04-03T02:10:48.000000;2016-04-03T02:10:48.000000;12a0e051-b899-4b4b-bfcb-bcec997f35a9;419.79;0.3731;UNKNOWN
2016-04-03T02:11:05.000000;2016-04-03T02:11:05.000000;cbdff12b-3a1b-4722-9d03-0e77dd0d7a2a;419.72;0.07223549;UNKNOWN
2016-04-03T02:11:15.000000;2016-04-03T02:11:15.000000;e0115b72-c2ac-45d9-b34a-15c122dc6e18;419.6;3.51582;UNKNOWN
2016-04-03T02:11:15.000000;2016-04-03T02:11:15.000000;4b49ca06-7a6d-497d-91a2-94f810345652;419.6;0.2;UNKNOWN
2016-04-03T02:11:15.000000;2016-04-03T02:11:15.000000;c573a310-8fac-4b55-92b0-f9d67045ff0c;419.6;0.35;UNKNOWN
2016-04-03T02:11:18.000000;2016-04-03T02:11:18.000000;29d2d64e-26e0-4c79-a0ef-9d308d38c6ec;419.6;1.43418;UNKNOWN
2016-04-03T02:11:18.000000;2016-04-03T02:11:18.000000;7d53f913-7654-48fd-ae5e-77a3f3833fb4;419.6;0.23998;UNKNOWN
2016-04-03T02:11:22.000000;2016-04-03T02:11:22.000000;9733cc55-bbc5-4f68-877b-1911f3318407;419.6;1.67416;UNKNOWN
2016-04-03T02:11:25.000000;2016-04-03T02:11:25.000000;66b9f77e-7aea-48ac-9086-837786ae5b06;419.51;1.19583;UNKNOWN
2016-04-03T02:11:31.000000;2016-04-03T02:11:31.000000;8c178e77-72e1-4ca0-a791-0759bfa91b08;419.51;0.2398165;UNKNOWN
2016-04-03T02:11:31.000000;2016-04-03T02:11:31.000000;d593f725-1266-4d71-902e-eb5b6d7bc399;419.51;0.084;UNKNOWN
2016-04-03T02:12:00.000000;2016-04-03T02:12:00.000000;aaa59cfd-84f6-4e36-817f-7dd40cf942b2;419.5;2.0;UNKNOWN
2016-04-03T02:12:05.000000;2016-04-03T02:12:05.000000;cd7fb4b8-221a-4d11-8b32-0fd69930eccd;419.5;0.01618293;UNKNOWN
2016-04-03T02:12:41.000000;2016-04-03T02:12:41.000000;298c1ee3-4ce1-4158-8a1f-7af313877b1e;419.55;0.03199625;UNKNOWN
2016-04-03T02:12:44.000000;2016-04-03T02:12:44.000000;c3bc587b-b500-4d63-ab34-eb1d737cc70b;419.55;0.38131554;UNKNOWN
2016-04-03T02:12:55.000000;2016-04-03T02:12:55.000000;0ec03aea-3ad8-455e-97a0-c15700ad69d8;419.55;0.03252;UNKNOWN
2016-04-03T02:13:00.000000;2016-04-03T02:13:00.000000;f907a359-296a-417b-b514-b0f0e81e47c8;419.5;0.956778;UNKNOWN
2016-04-03T02:13:09.000000;2016-04-03T02:13:09.000000;dbdd0e56-a38b-49cb-bad0-6e1cde6d1552;419.5;0.4764;UNKNOWN
2016-04-03T02:13:11.000000;2016-04-03T02:13:11.000000;4e8f202e-f132-4abc-8f5f-3a91c471233d;419.5;11.38978601;UNKNOWN
2016-04-03T02:13:11.000000;2016-04-03T02:13:11.000000;473f1608-4321-444d-ae22-fda7772ee51b;419.5;2.72271399;UNKNOWN
2016-04-03T02:13:15.000000;2016-04-03T02:13:15.000000;2657fd53-339c-4581-89af-dee992f62cdf;419.5;4.78389;UNKNOWN
2016-04-03T02:13:16.000000;2016-04-03T02:13:16.000000;1098e2fe-5ccf-49ad-9ee1-f964111a0997;419.51;0.04252551;UNKNOWN
2016-04-03T02:13:19.000000;2016-04-03T02:13:19.000000;daf64548-af95-469a-b62e-9a5c4232f991;419.5;0.717583;UNKNOWN
2016-04-03T02:14:57.000000;2016-04-03T02:14:57.000000;e6c8f377-39c4-4ebc-a2d6-28a7983420bb;419.5;0.717703;UNKNOWN
2016-04-03T02:15:09.000000;2016-04-03T02:15:09.000000;9fc52436-bea6-4dae-9965-83fe48ebbfd3;419.51;0.0591842;UNKNOWN
2016-04-03T02:16:08.000000;2016-04-03T02:16:08.000000;983abc3c-26a5-4b04-8554-edf9473a8f76;419.51;8.98;UNKNOWN
2016-04-03T02:16:13.000000;2016-04-03T02:16:13.000000;e3e3d834-27f2-41f4-ba10-59883aebabee;419.51;0.25297;UNKNOWN
2016-04-03T02:16:13.000000;2016-04-03T02:16:13.000000;f89eb1e1-f0d1-496e-ad8a-b753c3d94f4e;419.5;0.03889053;UNKNOWN
2016-04-03T02:17:00.000000;2016-04-03T02:17:00.000000;4bb5df32-c0da-4360-96f9-88c5d0843274;419.51;3.79953;UNKNOWN
2016-04-03T02:17:00.000000;2016-04-03T02:17:00.000000;8dfe6d77-473a-4136-99b1-f79cd42282c2;419.51;0.0499;UNKNOWN
2016-04-03T02:17:02.000000;2016-04-03T02:17:02.000000;73a529d4-2365-4fa6-80c5-eb3475a63f6c;419.62;0.2;UNKNOWN
2016-04-03T02:17:33.000000;2016-04-03T02:17:33.000000;e802c1bf-3a2c-4fe7-9e30-6986550fc42a;419.51;2.48411005;UNKNOWN
2016-04-03T02:19:45.000000;2016-04-03T02:19:45.000000;d948f31a-8745-4147-a445-7e50f445b590;419.57;0.8021;UNKNOWN
2016-04-03T02:21:28.000000;2016-04-03T02:21:28.000000;ce1ec063-6441-4da3-a0e2-3d73607886cf;419.51;8.0717;UNKNOWN
2016-04-03T02:21:28.000000;2016-04-03T02:21:28.000000;98f9eb6e-c62c-457f-be56-369b882a6611;419.53;5.8888;UNKNOWN
2016-04-03T02:21:28.000000;2016-04-03T02:21:28.000000;a2cbc0ba-801c-451e-98c2-856d1cfc5d87;419.53;0.3995;UNKNOWN
2016-04-03T02:22:30.000000;2016-04-03T02:22:30.000000;66153e29-46b6-4847-9e73-19be44eac875;419.52;0.47767935;UNKNOWN
2016-04-03T02:27:32.000000;2016-04-03T02:27:32.000000;64045558-958d-47cc-a6e7-60a03482b7ec;419.69;5.9502;UNKNOWN
2016-04-03T02:28:18.000000;2016-04-03T02:28:18.000000;345655c8-94cf-4e94-9679-2f773b4fd10f;419.69;2.19423187;UNKNOWN
2016-04-03T02:31:05.000000;2016-04-03T02:31:05.000000;66afdebe-e48e-456f-8de1-27481853e45f;419.69;0.0794354;UNKNOWN
2016-04-03T02:31:12.000000;2016-04-03T02:31:12.000000;d411cf87-e2e2-4053-bbfd-e774e5e0344a;419.69;0.17706575;UNKNOWN
2016-04-03T02:31:33.000000;2016-04-03T02:31:33.000000;db6c0cbb-92ad-44b8-ac38-6d1ee8061cb2;419.61;0.69462737;UNKNOWN
2016-04-03T02:31:33.000000;2016-04-03T02:31:33.000000;58fa4597-b321-4bbb-9b44-4724de2c7f0b;419.68;0.01;UNKNOWN
2016-04-03T02:33:03.000000;2016-04-03T02:33:03.000000;f69fc82a-7f01-4811-a844-7c50cecd28e7;419.54;0.24;UNKNOWN
2016-04-03T02:34:40.000000;2016-04-03T02:34:40.000000;64120504-f9be-4e7b-9692-69c445e8353b;419.63;0.04397;UNKNOWN
2016-04-03T02:38:05.000000;2016-04-03T02:38:05.000000;1ece5d3b-3fec-4a5e-bcca-e88e94833ee1;419.51;0.09612048;UNKNOWN
2016-04-03T02:38:19.000000;2016-04-03T02:38:19.000000;79e57c32-4b52-4ecb-9952-893ce6be4bb9;419.58;0.15105;UNKNOWN
2016-04-03T02:39:32.000000;2016-04-03T02:39:32.000000;6129fab9-759d-4417-96bf-be32a8c275f7;419.59;0.04397;UNKNOWN
2016-04-03T02:41:25.000000;2016-04-03T02:41:25.000000;cc8b715a-ea4b-46b5-b22b-28f0d82f8090;419.54;0.11464849;UNKNOWN
2016-04-03T02:45:18.000000;2016-04-03T02:45:18.000000;d3807992-4b0c-4647-a5e2-9b90e94f1dee;419.58;7.962;UNKNOWN
2016-04-03T02:45:18.000000;2016-04-03T02:45:18.000000;3dfcc14c-ebdf-45a4-b347-255a2cb5228e;419.56;0.019;UNKNOWN
2016-04-03T02:45:18.000000;2016-04-03T02:45:18.000000;b131b353-1447-4e06-8599-a6d2d2ef38c9;419.57;0.019;UNKNOWN
2016-04-03T02:46:05.000000;2016-04-03T02:46:05.000000;8ca5e1c7-6be0-4f19-a643-5a81e6dc6067;419.56;1.0;UNKNOWN
2016-04-03T02:55:40.000000;2016-04-03T02:55:40.000000;7ed8815f-d75e-4ee8-bf91-9f2d5a5c7d58;419.7;0.67294;UNKNOWN
2016-04-03T02:56:05.000000;2016-04-03T02:56:05.000000;5bfe67fc-15e9-490b-9b4f-18801d2b5d51;419.98;2.55;UNKNOWN
2016-04-03T02:56:05.000000;2016-04-03T02:56:05.000000;028bb958-71b5-4f47-a3f0-d4bf480abaaa;419.8;4.95;UNKNOWN
2016-04-03T02:56:21.000000;2016-04-03T02:56:21.000000;b11586aa-a6b1-423d-8dd7-feef59dd6000;419.92;0.03135882;UNKNOWN
2016-04-03T02:57:17.000000;2016-04-03T02:57:17.000000;be08b05f-2388-4485-93b4-88b8628d2dd8;419.93;2.4;UNKNOWN
2016-04-03T02:58:53.000000;2016-04-03T02:58:53.000000;5601204c-836b-4895-8999-0bf9ca416a19;419.99;0.1193089;UNKNOWN
2016-04-03T02:59:08.000000;2016-04-03T02:59:08.000000;7b0259af-40e1-42d0-ba00-32b71a7284d8;419.99;5.9367;UNKNOWN
2016-04-03T02:59:10.000000;2016-04-03T02:59:10.000000;a03fa514-70fb-486f-bdcd-695f2f094490;419.99;0.23607945;UNKNOWN
2016-04-03T02:59:50.000000;2016-04-03T02:59:50.000000;ddeb5d61-4cb2-4c21-907b-a55fc9f95d0e;419.99;0.08351426;UNKNOWN
2016-04-03T03:02:39.000000;2016-04-03T03:02:39.000000;c09d4be4-dd22-4ec0-ab68-7d2fbaa584bc;420.0;0.03;UNKNOWN
2016-04-03T03:04:05.000000;2016-04-03T03:04:05.000000;a40bf20e-01c0-4908-9415-987e9c1520ed;419.99;0.051935;UNKNOWN
2016-04-03T03:05:00.000000;2016-04-03T03:05:00.000000;9264799a-fc4e-41ba-9235-6b432959aa57;419.99;0.22973484;UNKNOWN
2016-04-03T03:05:05.000000;2016-04-03T03:05:05.000000;891d2c11-19cf-4091-85d7-4daff516cb90;419.99;5.71567728;UNKNOWN
2016-04-03T03:06:45.000000;2016-04-03T03:06:45.000000;ce2b4566-bd0f-45f6-96c5-a60bde578422;419.99;0.01;UNKNOWN
2016-04-03T03:06:45.000000;2016-04-03T03:06:45.000000;4abb6abc-7e86-4f63-88d6-a893c2e1e71e;419.75;0.89898246;UNKNOWN
2016-04-03T03:07:06.000000;2016-04-03T03:07:06.000000;823537eb-69e1-4e3c-949a-483e8a2786d6;419.75;0.04822171;UNKNOWN
2016-04-03T03:07:50.000000;2016-04-03T03:07:50.000000;0cb3568c-4c43-497e-a428-a6ae306131f8;419.63;0.0238578;UNKNOWN
2016-04-03T03:08:05.000000;2016-04-03T03:08:05.000000;be41fa1a-9c16-45ab-add5-8935b2c84a63;419.63;0.05896084;UNKNOWN
2016-04-03T03:08:05.000000;2016-04-03T03:08:05.000000;f098ff09-86e0-4ade-88b3-1f76add64356;420.0;2.2;UNKNOWN
2016-04-03T03:09:04.000000;2016-04-03T03:09:04.000000;22dc27a2-cebd-47f7-beaf-df483c074cba;419.63;0.271;UNKNOWN
2016-04-03T03:09:10.000000;2016-04-03T03:09:10.000000;b891de07-5177-4530-94e3-35a5c8264c9e;419.63;0.02387827;UNKNOWN
2016-04-03T03:09:10.000000;2016-04-03T03:09:10.000000;edfbd6d4-b3e0-4d61-a237-1192d592db76;419.63;0.1180341;UNKNOWN
2016-04-03T03:09:57.000000;2016-04-03T03:09:57.000000;87673beb-1d85-4492-8e33-84a880710274;419.52;4.62368947;UNKNOWN
2016-04-03T03:09:57.000000;2016-04-03T03:09:57.000000;e05e99b1-8f18-4398-94bd-e2e557e35785;419.55;0.5;UNKNOWN
2016-04-03T03:09:57.000000;2016-04-03T03:09:57.000000;10fb1371-bb10-4359-bee5-7b7fa9defc44;419.62;4.62368947;UNKNOWN
2016-04-03T03:09:57.000000;2016-04-03T03:09:57.000000;79b9cb63-779d-45a4-a859-e9d493920069;419.6;4.95;UNKNOWN
2016-04-03T03:09:57.000000;2016-04-03T03:09:57.000000;5f5ed07c-73c5-43cf-aa17-421a9aa41bcd;419.55;0.154;UNKNOWN
2016-04-03T03:09:57.000000;2016-04-03T03:09:57.000000;45e8d1b6-a136-48d2-965d-53fb2e072094;419.63;5.39866899;UNKNOWN
2016-04-03T03:09:57.000000;2016-04-03T03:09:57.000000;24305085-ec74-47f3-aefb-e6e608cb7b67;419.51;0.95338545;UNKNOWN
2016-04-03T03:09:57.000000;2016-04-03T03:09:57.000000;0a0b11df-06ae-47c9-aa6b-1e55b945bc8c;419.5;0.94442238;UNKNOWN
2016-04-03T03:09:57.000000;2016-04-03T03:09:57.000000;0ddb7d98-fa33-4e31-9c1f-0305cec8d5bf;419.57;4.62368947;UNKNOWN
2016-04-03T03:09:57.000000;2016-04-03T03:09:57.000000;d4387a4f-8768-44dc-a9a2-2b990d7f40c8;419.56;3.0763;UNKNOWN
2016-04-03T03:13:05.000000;2016-04-03T03:13:05.000000;49e35d70-acad-4766-bcac-7bb46cd334d7;419.8;0.53448435;UNKNOWN
2016-04-03T03:23:02.000000;2016-04-03T03:23:02.000000;05fde210-e16b-472b-8ad0-07684e166ef3;419.8;0.123738;UNKNOWN
2016-04-03T03:25:35.000000;2016-04-03T03:25:35.000000;5f6d6c60-e250-4dd6-a533-19ab474ace27;419.79;0.01;UNKNOWN
2016-04-03T03:25:35.000000;2016-04-03T03:25:35.000000;bb494175-b0f4-4fa3-8249-f6c284ccf4af;419.51;3.1151;UNKNOWN
2016-04-03T03:25:35.000000;2016-04-03T03:25:35.000000;97526361-250c-46da-96dd-6c2a0370782d;419.52;5.8749;UNKNOWN
2016-04-03T03:28:05.000000;2016-04-03T03:28:05.000000;304c0795-ca06-421c-933b-ba447172f1f7;419.69;0.24560397;UNKNOWN
2016-04-03T03:37:50.000000;2016-04-03T03:37:50.000000;a59c1ec9-36f7-4d16-acfc-3ddfbbd33a62;419.66;0.18545797;UNKNOWN
2016-04-03T03:43:53.000000;2016-04-03T03:43:53.000000;78e857bd-df19-49aa-92ed-403e28cceb42;419.65;0.10694279;UNKNOWN
2016-04-03T03:43:53.000000;2016-04-03T03:43:53.000000;b831c4c1-3527-4b25-a695-6f2e34fc5f9f;419.65;0.237;UNKNOWN
2016-04-03T03:43:53.000000;2016-04-03T03:43:53.000000;13c18e9e-b869-49f9-a34c-8868462daa73;419.67;0.237;UNKNOWN
2016-04-03T03:43:53.000000;2016-04-03T03:43:53.000000;2c02ac30-0283-4c6e-828e-fbdf815f3a04;419.67;0.237;UNKNOWN
2016-04-03T03:43:56.000000;2016-04-03T03:43:56.000000;e0cca9dd-3dc9-4b69-9559-f5523c684e75;419.65;0.13005721;UNKNOWN
2016-04-03T03:43:56.000000;2016-04-03T03:43:56.000000;0efb1ad0-47f4-4873-88b0-c6c85d44789d;419.51;0.68788558;UNKNOWN
2016-04-03T03:49:20.000000;2016-04-03T03:49:20.000000;1ae0f7a5-ea17-44ce-a9b8-ae1f1305e47f;419.52;0.235;UNKNOWN
2016-04-03T03:49:20.000000;2016-04-03T03:49:20.000000;34dcb521-704d-4db9-b0cb-f312ed200fa3;419.52;0.06740826;UNKNOWN
2016-04-03T03:55:32.000000;2016-04-03T03:55:32.000000;b0e681e6-6091-4280-aafd-f24cb667d76c;419.52;0.236;UNKNOWN
2016-04-03T03:55:32.000000;2016-04-03T03:55:32.000000;8cfee92f-8f3b-4b64-9587-5ee37948a712;419.52;0.236;UNKNOWN
2016-04-03T03:55:32.000000;2016-04-03T03:55:32.000000;97897d03-2c57-4cae-957b-37ec1938b278;419.5;11.7965;UNKNOWN
2016-04-03T03:55:32.000000;2016-04-03T03:55:32.000000;0b3cd6a3-c03a-4cb5-8e48-c798dea6a00c;419.51;0.228;UNKNOWN
2016-04-03T03:55:32.000000;2016-04-03T03:55:32.000000;1f145c09-f5c4-491d-a814-77446688ad6e;419.52;0.236;UNKNOWN
2016-04-03T03:55:32.000000;2016-04-03T03:55:32.000000;bd007153-96ef-41f5-ae71-6b1cff6a4816;419.51;2.1;UNKNOWN
2016-04-03T03:55:35.000000;2016-04-03T03:55:35.000000;5549d718-96c6-4dc0-bfa2-3d392a6ba086;419.5;9.80861;UNKNOWN
2016-04-03T03:55:39.000000;2016-04-03T03:55:39.000000;71155752-f57c-4284-a2e1-3a6b73157161;419.5;2.39234;UNKNOWN
2016-04-03T03:55:51.000000;2016-04-03T03:55:51.000000;261ad287-b0e2-472b-88e8-83ed5281a270;419.5;14.8325;UNKNOWN
2016-04-03T03:55:55.000000;2016-04-03T03:55:55.000000;ed19eefb-3173-4262-889d-eb10a31c1265;419.5;1.43541;UNKNOWN
2016-04-03T03:56:17.000000;2016-04-03T03:56:17.000000;02051cca-a2fa-4aee-aa90-8c8335e9e8b3;419.5;13.0;UNKNOWN
2016-04-03T03:56:35.000000;2016-04-03T03:56:35.000000;18cef4bf-fb1c-406f-b0c8-b15cb9a290f6;419.5;2.0;UNKNOWN
2016-04-03T03:58:49.000000;2016-04-03T03:58:49.000000;4bc89a9a-ab20-4492-93f6-17336e5461b3;419.5;4.78183;UNKNOWN
2016-04-03T03:59:06.000000;2016-04-03T03:59:06.000000;c2d35496-aab0-47a6-9a98-4e879788dad0;419.5;1.0;UNKNOWN
2016-04-03T03:59:08.000000;2016-04-03T03:59:08.000000;302e8d2b-53d5-484f-8b28-6571d4b45d45;419.52;0.06;UNKNOWN
2016-04-03T04:00:04.000000;2016-04-03T04:00:04.000000;bd40b8bb-d4cd-4f1d-be28-863294dc2cd5;419.52;0.36049218;UNKNOWN
2016-04-03T04:00:15.000000;2016-04-03T04:00:15.000000;518507b3-a719-4956-9231-ee68db8dfdfd;419.5;0.01588924;UNKNOWN
2016-04-03T04:00:16.000000;2016-04-03T04:00:16.000000;1f782850-c615-44a0-a073-35586fc83869;419.5;0.52467061;UNKNOWN
2016-04-03T04:00:16.000000;2016-04-03T04:00:16.000000;07e19266-1af0-496d-89ef-391e9ce257f3;419.5;0.62872;UNKNOWN
2016-04-03T04:02:05.000000;2016-04-03T04:02:05.000000;6ad823a3-b941-4c33-a14f-3a6d8c684602;419.52;0.239063;UNKNOWN
2016-04-03T04:04:16.000000;2016-04-03T04:04:16.000000;202468f7-44be-418d-8eb1-4295596e2a04;419.52;0.84538313;UNKNOWN
2016-04-03T04:17:05.000000;2016-04-03T04:17:05.000000;90297efe-6fef-4ca1-8368-2c67d0ee9cfc;419.52;0.23239276;UNKNOWN
2016-04-03T04:18:48.000000;2016-04-03T04:18:48.000000;48763329-227d-4269-b11e-6552d86f28f8;419.51;8.0488;UNKNOWN
2016-04-03T04:21:57.000000;2016-04-03T04:21:57.000000;587660c7-c653-403c-9b8d-daa149231f11;419.51;2.39006;UNKNOWN
2016-04-03T04:22:56.000000;2016-04-03T04:22:56.000000;14862436-7469-43c7-8802-205e70ef016c;419.52;0.43437927;UNKNOWN
2016-04-03T04:25:19.000000;2016-04-03T04:25:19.000000;310da222-a3d8-41bf-be07-535db6cbd042;419.5;4.78583;UNKNOWN
2016-04-03T04:26:13.000000;2016-04-03T04:26:13.000000;6ae036fa-a8b2-4bba-8e58-60d38115621b;419.5;0.957167;UNKNOWN
2016-04-03T04:26:53.000000;2016-04-03T04:26:53.000000;919642db-d8cd-4b64-b427-4db7d2de5b66;419.51;2.36077367;UNKNOWN
2016-04-03T04:27:39.000000;2016-04-03T04:27:39.000000;191566ea-9bc2-463e-afb4-a891b43c3031;419.5;2.39097;UNKNOWN
2016-04-03T04:28:50.000000;2016-04-03T04:28:50.000000;414da69a-b07e-4cc7-a000-29af065947e6;419.5;1.43572;UNKNOWN
2016-04-03T04:29:38.000000;2016-04-03T04:29:38.000000;bec3e9a9-ec1f-4086-9323-6ad85c8a51eb;419.5;1.91429;UNKNOWN
2016-04-03T04:30:14.000000;2016-04-03T04:30:14.000000;c7e3e11c-9e73-493e-a987-7cd8e7660355;419.5;3.2718432;UNKNOWN
2016-04-03T04:30:43.000000;2016-04-03T04:30:43.000000;3c7fa5dd-b938-4923-a825-bb3911e7dcde;419.5;1.91429;UNKNOWN
2016-04-03T04:30:47.000000;2016-04-03T04:30:47.000000;a0abf992-9da8-455b-a8a9-72345422dc35;419.5;0.17696576;UNKNOWN
2016-04-03T04:31:57.000000;2016-04-03T04:31:57.000000;c26df344-e323-456d-a86f-7adf699cc5ea;419.5;1.91429;UNKNOWN
2016-04-03T04:32:14.000000;2016-04-03T04:32:14.000000;0e3eaca4-5766-4ce8-81f7-1b21161b8577;419.5;0.1;UNKNOWN
2016-04-03T04:32:14.000000;2016-04-03T04:32:14.000000;0cb780df-3244-48fb-b2a8-8be67955330b;419.5;0.42988927;UNKNOWN
2016-04-03T04:32:14.000000;2016-04-03T04:32:14.000000;98be31d2-ad76-4530-812c-ae3316084b2f;419.4;1.14511073;UNKNOWN
2016-04-03T04:33:43.000000;2016-04-03T04:33:43.000000;816ea136-21fa-4bf5-bad5-3284892b5ba0;419.4;0.95719;UNKNOWN
2016-04-03T04:34:50.000000;2016-04-03T04:34:50.000000;4152f1bd-0fa9-478f-bd8f-0c5387eb28a4;419.4;0.718683;UNKNOWN
2016-04-03T04:36:44.000000;2016-04-03T04:36:44.000000;61e113f0-7535-4990-891a-53d49a302770;419.4;1.67516;UNKNOWN
2016-04-03T04:36:49.000000;2016-04-03T04:36:49.000000;efd53dc1-062f-439d-a3d3-30237531eb39;419.2;0.58199373;UNKNOWN
2016-04-03T04:36:49.000000;2016-04-03T04:36:49.000000;d1ad89c0-15c6-4ade-a380-f46d43593907;419.29;0.3;UNKNOWN
2016-04-03T04:36:49.000000;2016-04-03T04:36:49.000000;499f64d5-8ceb-457d-8918-3c78715ada28;419.3;0.1;UNKNOWN
2016-04-03T04:36:49.000000;2016-04-03T04:36:49.000000;53d17bb0-2494-4d92-9f7d-1bcafec4846f;419.4;0.45385627;UNKNOWN
2016-04-03T04:36:57.000000;2016-04-03T04:36:57.000000;4b0cfcee-167d-47de-aa48-21bc34b841c8;419.2;4.36800627;UNKNOWN
2016-04-03T04:36:57.000000;2016-04-03T04:36:57.000000;196ee39f-a846-4beb-a88e-2887a6299d6b;419.11;0.015988;UNKNOWN
2016-04-03T04:36:57.000000;2016-04-03T04:36:57.000000;3541e2ea-1b7c-41fb-90ac-f8feb102b371;419.1;0.088;UNKNOWN
2016-04-03T04:36:57.000000;2016-04-03T04:36:57.000000;1e556884-0009-412d-9e91-7c50130bd8c2;419.1;0.066;UNKNOWN
2016-04-03T04:36:57.000000;2016-04-03T04:36:57.000000;f226ed41-b425-4303-a8e9-16125d055ae9;419.1;0.24818573;UNKNOWN
2016-04-03T04:37:07.000000;2016-04-03T04:37:07.000000;32e0cc0c-66b4-4a39-96dd-97ed4314a4cd;419.1;0.00181427;UNKNOWN
2016-04-03T04:37:07.000000;2016-04-03T04:37:07.000000;bd96c761-62dc-40e6-9cbc-aee3dd602bf1;419.0;0.1;UNKNOWN
2016-04-03T04:37:07.000000;2016-04-03T04:37:07.000000;585f9110-aceb-4507-9bcd-0e702afc7864;419.0;0.25;UNKNOWN
2016-04-03T04:37:07.000000;2016-04-03T04:37:07.000000;04b1a412-f12b-4bcf-94d6-48db0a502d63;419.0;0.07518573;UNKNOWN
2016-04-03T04:37:07.000000;2016-04-03T04:37:07.000000;87065105-c058-48a4-b4b1-e32b27da3b94;419.0;0.011;UNKNOWN
2016-04-03T04:37:12.000000;2016-04-03T04:37:12.000000;9b670f40-4b66-4992-a844-011eff4833b1;419.0;0.02481427;UNKNOWN
2016-04-03T04:37:12.000000;2016-04-03T04:37:12.000000;b1fdc078-a901-4326-84df-a4a380d7e1c3;419.0;0.0515;UNKNOWN
2016-04-03T04:37:12.000000;2016-04-03T04:37:12.000000;6e5c296f-5a19-4b68-aca4-e9306d5fff69;419.0;1.81695542;UNKNOWN
2016-04-03T04:37:12.000000;2016-04-03T04:37:12.000000;24c48d54-401e-4a1b-83e5-e0995893aa35;419.0;0.20673031;UNKNOWN
2016-04-03T04:37:13.000000;2016-04-03T04:37:13.000000;8bca52f7-c1ef-41ce-aa2f-8fb72c5afc98;419.0;2.0;UNKNOWN
2016-04-03T04:37:42.000000;2016-04-03T04:37:42.000000;f4a12fbc-aefb-489a-887d-d7289c45fc2f;419.0;1.13304458;UNKNOWN
2016-04-03T04:39:24.000000;2016-04-03T04:39:24.000000;c0529a88-ea87-4021-93c0-8e1ef358d3e9;418.95;0.55081817;UNKNOWN
2016-04-03T04:44:05.000000;2016-04-03T04:44:05.000000;7936ed26-bcb0-458f-9bd8-20986c4ed693;418.85;0.07685271;UNKNOWN
2016-04-03T04:52:04.000000;2016-04-03T04:52:04.000000;46053ad4-012c-4a17-94dd-14e55166d88c;418.86;0.02369612;UNKNOWN
2016-04-03T04:53:05.000000;2016-04-03T04:53:05.000000;30cb6444-1938-43ef-b86e-98a6c2ee6bf0;418.85;0.121532;UNKNOWN
2016-04-03T05:00:02.000000;2016-04-03T05:00:02.000000;f4fe0828-4ffb-4bf5-8e81-e92ce7bcdfaa;418.86;0.42547824;UNKNOWN
2016-04-03T05:00:04.000000;2016-04-03T05:00:04.000000;694c800a-9d1a-4dd6-8d3b-58aacb77a0d3;418.85;0.00161529;UNKNOWN
2016-04-03T05:00:04.000000;2016-04-03T05:00:04.000000;407e35b6-deac-446f-a431-e872c5fb753f;418.85;0.01;UNKNOWN
2016-04-03T05:00:04.000000;2016-04-03T05:00:04.000000;fdb803d6-ed05-401e-a09f-fd3f43a0b501;418.71;0.06928173;UNKNOWN
2016-04-03T05:00:24.000000;2016-04-03T05:00:24.000000;a8557576-f054-4960-9a9d-651f08bea1d8;418.86;0.1193;UNKNOWN
2016-04-03T05:04:52.000000;2016-04-03T05:04:52.000000;0851fddb-301f-4dc1-8649-98a87d657d26;418.86;0.62073619;UNKNOWN
2016-04-03T05:07:05.000000;2016-04-03T05:07:05.000000;40f26c80-482e-4328-b7f1-c0e7b19f7948;418.86;0.14450147;UNKNOWN
2016-04-03T05:07:06.000000;2016-04-03T05:07:06.000000;1af00596-786a-474e-a73c-479a8cf7e922;418.86;0.0422848;UNKNOWN
2016-04-03T05:11:14.000000;2016-04-03T05:11:14.000000;e33b45d7-9b29-4254-8c92-12d6e736213a;418.86;0.01;UNKNOWN
2016-04-03T05:11:14.000000;2016-04-03T05:11:14.000000;648cd171-b352-453d-a058-dc00b8b388bf;418.94;0.83655352;UNKNOWN
2016-04-03T05:11:18.000000;2016-04-03T05:11:18.000000;ed653cd9-4b73-447d-b83d-98cd9ca61b75;418.94;0.84655352;UNKNOWN
2016-04-03T05:11:19.000000;2016-04-03T05:11:19.000000;03b2351b-507b-49fc-9499-8e55e75fceef;418.94;0.73994668;UNKNOWN
2016-04-03T05:13:08.000000;2016-04-03T05:13:08.000000;309be810-0be8-4e31-a74d-fd595abb801d;419.0;0.61;UNKNOWN
2016-04-03T05:15:17.000000;2016-04-03T05:15:17.000000;802cf6c5-13f2-404a-b770-7908e23d61fe;419.0;0.58;UNKNOWN
2016-04-03T05:17:56.000000;2016-04-03T05:17:56.000000;3009e695-0d49-483d-8b6a-b779e985d8e7;419.0;0.0112;UNKNOWN
2016-04-03T05:21:05.000000;2016-04-03T05:21:05.000000;8fa40f8d-bf70-44ce-ba7b-7ec89a43e019;419.0;0.02532163;UNKNOWN
2016-04-03T05:29:13.000000;2016-04-03T05:29:13.000000;cba87f09-8193-433b-b00a-0ffa50471f9e;419.0;1.1251;UNKNOWN
2016-04-03T05:35:35.000000;2016-04-03T05:35:35.000000;8fd5a3c9-f753-4000-bec9-8b5d9adb700a;418.99;0.0905;UNKNOWN
2016-04-03T05:35:52.000000;2016-04-03T05:35:52.000000;530a3765-8f81-47cf-b887-b5efe0d747a4;419.0;0.09;UNKNOWN
2016-04-03T05:36:05.000000;2016-04-03T05:36:05.000000;71c045ee-c7ad-4d58-9a7b-1a91217e70e4;419.0;0.14472649;UNKNOWN
2016-04-03T05:36:34.000000;2016-04-03T05:36:34.000000;54d2fba8-0f06-4144-8024-6a03f88a053d;419.0;0.5;UNKNOWN
2016-04-03T05:36:46.000000;2016-04-03T05:36:46.000000;400709bc-5f4b-433e-89c7-09c4a9731c52;418.99;3.8905;UNKNOWN
2016-04-03T05:36:46.000000;2016-04-03T05:36:46.000000;fe0078e7-957e-42ee-9781-58fdfa427c66;418.99;0.1095;UNKNOWN
2016-04-03T05:43:05.000000;2016-04-03T05:43:05.000000;9e1107f6-a8e4-4843-89c5-f619dc2f51d3;418.99;0.01034359;UNKNOWN
2016-04-03T06:01:04.000000;2016-04-03T06:01:04.000000;ddc1c1c5-5aac-4cea-b2aa-14ed95139a42;419.0;1.0;UNKNOWN
2016-04-03T06:01:06.000000;2016-04-03T06:01:06.000000;db0e1758-33b3-4e83-b837-dd0ae42ef013;419.0;0.0499;UNKNOWN
2016-04-03T06:01:06.000000;2016-04-03T06:01:06.000000;09c78246-4ec2-4e81-b896-6324091f1484;419.01;5.0;UNKNOWN
2016-04-03T06:01:06.000000;2016-04-03T06:01:06.000000;c7650034-b70a-4f2c-948e-ae7198a869f5;419.0;10.7806073;UNKNOWN
2016-04-03T06:01:46.000000;2016-04-03T06:01:46.000000;1b4f9526-da17-4768-b4dd-ab671f87aeee;419.24;0.2;UNKNOWN
2016-04-03T06:05:57.000000;2016-04-03T06:05:57.000000;9788fa5c-1ea8-411e-9962-2f3cd616de73;419.24;0.29129041;UNKNOWN
2016-04-03T06:15:29.000000;2016-04-03T06:15:29.000000;9e89e613-4204-4658-8afb-3e7a7a9603d0;419.24;4.43782104;UNKNOWN
2016-04-03T06:15:29.000000;2016-04-03T06:15:29.000000;67821bcd-64c5-4b55-8a9e-b6826267a5db;419.24;7.50870959;UNKNOWN
2016-04-03T06:23:33.000000;2016-04-03T06:23:33.000000;7b5f3869-a36c-46cb-925f-80b962d10935;419.1;0.3;UNKNOWN
2016-04-03T06:23:33.000000;2016-04-03T06:23:33.000000;bc132cab-6d0d-4cf3-900b-3c8489394548;419.23;0.2;UNKNOWN
2016-04-03T06:23:33.000000;2016-04-03T06:23:33.000000;88df1c4c-2e95-498e-8bc9-2c657844f731;419.05;0.28168876;UNKNOWN
2016-04-03T06:23:46.000000;2016-04-03T06:23:46.000000;d4c0b21f-25fe-4f00-b2d5-53748e38cfac;419.05;0.2;UNKNOWN
2016-04-03T06:24:42.000000;2016-04-03T06:24:42.000000;413f8284-0891-4ad5-8993-b1cc0ec636c8;419.03;0.056;UNKNOWN
2016-04-03T06:25:07.000000;2016-04-03T06:25:07.000000;24948fc6-350e-4deb-8815-da2c462f05af;418.86;0.08744971;UNKNOWN
2016-04-03T06:28:08.000000;2016-04-03T06:28:08.000000;e34596c4-f313-4740-9e8a-643fbb518d48;419.0;8.0;UNKNOWN
2016-04-03T06:32:17.000000;2016-04-03T06:32:17.000000;3ac3af73-55a1-4561-bcf7-f5d38ea614ec;418.65;0.55032917;UNKNOWN
2016-04-03T06:32:17.000000;2016-04-03T06:32:17.000000;4eddfedf-284d-4c78-b208-d9a3d9ee06a8;418.72;12.962;UNKNOWN
2016-04-03T06:32:17.000000;2016-04-03T06:32:17.000000;12f10a9b-8027-4687-8817-5321b8813e00;418.76;11.1367;UNKNOWN
2016-04-03T06:32:17.000000;2016-04-03T06:32:17.000000;dfc159ec-7595-4b27-8ebe-0ace6d60698d;418.7;5.0;UNKNOWN
2016-04-03T06:32:17.000000;2016-04-03T06:32:17.000000;b3f57554-fca7-45e6-a380-ccf3b6a8a7ed;418.71;0.03071827;UNKNOWN
2016-04-03T06:32:17.000000;2016-04-03T06:32:17.000000;dbac7925-72c5-4420-ab29-8dda16cac665;418.7;5.0;UNKNOWN
2016-04-03T06:32:17.000000;2016-04-03T06:32:17.000000;3de0d7ec-5e66-4895-91c9-65bca1eff5fb;418.75;9.99;UNKNOWN
2016-04-03T06:32:17.000000;2016-04-03T06:32:17.000000;fd76128b-89e9-408a-a29c-49db3697a418;418.87;0.2386;UNKNOWN
2016-04-03T06:36:41.000000;2016-04-03T06:36:41.000000;bc6e6961-9bc3-4dd8-9e2b-f39a26a622d8;418.65;0.62168876;UNKNOWN
2016-04-03T06:36:51.000000;2016-04-03T06:36:51.000000;86482c43-a557-4188-8e42-d32121f0306d;418.65;0.08176133;UNKNOWN
2016-04-03T06:38:11.000000;2016-04-03T06:38:11.000000;5ebf6a81-aebb-4636-900d-5f8c2ad5e59a;418.71;0.05898752;UNKNOWN
2016-04-03T06:40:56.000000;2016-04-03T06:40:56.000000;50a4de59-82ac-48c8-9f20-5b113a83076b;418.71;0.8101;UNKNOWN
2016-04-03T06:41:47.000000;2016-04-03T06:41:47.000000;b0580e9c-0a3e-434a-b583-5133095bab1f;418.65;0.25036477;UNKNOWN
2016-04-03T06:41:47.000000;2016-04-03T06:41:47.000000;bf4faf6e-65e7-4f64-ae54-b50efbbca36a;418.65;0.74622074;UNKNOWN
2016-04-03T06:42:28.000000;2016-04-03T06:42:28.000000;3c5fe5d5-9b36-45f3-a511-bbbcc6e20faf;418.61;0.68825028;UNKNOWN
2016-04-03T06:42:28.000000;2016-04-03T06:42:28.000000;5e29759d-3d4e-4ff9-9b22-0bbcfcb6a2ee;418.65;0.30833523;UNKNOWN
2016-04-03T06:43:35.000000;2016-04-03T06:43:35.000000;c03415b2-d0f5-471e-b06a-e00311b7da4d;418.66;0.13;UNKNOWN
2016-04-03T06:43:35.000000;2016-04-03T06:43:35.000000;dc319dfc-d95d-494e-9a23-a973dc111f0e;418.86;0.37;UNKNOWN
2016-04-03T06:44:30.000000;2016-04-03T06:44:30.000000;308046e1-2751-411d-b658-01e6cceaa4c8;418.61;3.06945205;UNKNOWN
2016-04-03T06:44:30.000000;2016-04-03T06:44:30.000000;5e24b33d-1a1c-444d-bb1b-0012bf21e44f;418.74;0.5;UNKNOWN
2016-04-03T06:44:38.000000;2016-04-03T06:44:38.000000;c959a527-c39e-458c-8981-1163f76281f7;418.61;0.04319251;UNKNOWN
2016-04-03T06:44:42.000000;2016-04-03T06:44:42.000000;fd7f62a0-65d8-481f-9729-954781f38807;418.61;0.02166864;UNKNOWN
2016-04-03T06:47:22.000000;2016-04-03T06:47:22.000000;13fcfe26-b956-41f4-9761-dba0784ee4f9;418.61;2.1581877;UNKNOWN
2016-04-03T06:47:40.000000;2016-04-03T06:47:40.000000;86afc924-72e1-4234-804f-b866c811d6a2;418.61;2.1;UNKNOWN
2016-04-03T06:47:44.000000;2016-04-03T06:47:44.000000;43c2de67-af47-4a59-9689-342419f7e914;418.75;0.01;UNKNOWN
2016-04-03T06:47:44.000000;2016-04-03T06:47:44.000000;406e3033-7283-4129-9780-2a441b451523;418.86;1.00756631;UNKNOWN
2016-04-03T06:47:44.000000;2016-04-03T06:47:44.000000;6204df64-32ab-4eba-bd3d-c3f4f45a841d;418.76;9.61044;UNKNOWN
2016-04-03T06:48:30.000000;2016-04-03T06:48:30.000000;9e2de985-732e-452e-a6b9-3b0912778343;418.86;4.57673369;UNKNOWN
2016-04-03T06:49:46.000000;2016-04-03T06:49:46.000000;f814560a-c5f5-4d8a-906b-5f3727608c78;418.97;0.01;UNKNOWN
2016-04-03T06:49:52.000000;2016-04-03T06:49:52.000000;1aefe964-3690-4941-9f9b-93cad46f5b8d;418.97;0.15;UNKNOWN
2016-04-03T06:50:03.000000;2016-04-03T06:50:03.000000;4568d3e2-19d0-485a-afa4-df1252da954c;418.86;0.13411658;UNKNOWN
2016-04-03T06:50:07.000000;2016-04-03T06:50:07.000000;49ac6b8b-a9a2-4d49-9219-b166731112c8;418.62;0.36908104;UNKNOWN
2016-04-03T06:50:07.000000;2016-04-03T06:50:07.000000;5bf6add8-dcf3-4d1a-b032-f4375f06b1fd;418.86;0.28914973;UNKNOWN
2016-04-03T06:50:12.000000;2016-04-03T06:50:12.000000;70293bf0-1a7c-4c23-87bd-1a8a85ffa2b1;418.63;0.13699575;UNKNOWN
2016-04-03T06:50:15.000000;2016-04-03T06:50:15.000000;6cb996ee-96f7-4415-9154-4d45dac06338;418.63;0.02157337;UNKNOWN
2016-04-03T06:51:04.000000;2016-04-03T06:51:04.000000;4821a78b-bb55-4b75-ba6c-eb8774cb31ee;418.83;1.19;UNKNOWN
2016-04-03T06:51:54.000000;2016-04-03T06:51:54.000000;74f3c702-c414-4cfd-bbdb-b7b6640dcc1e;418.64;0.99663312;UNKNOWN
2016-04-03T06:56:11.000000;2016-04-03T06:56:11.000000;bab1bfc4-7b28-41a3-9c27-1146cdbf0262;418.83;0.08539452;UNKNOWN
2016-04-03T07:01:01.000000;2016-04-03T07:01:01.000000;b1630111-a147-4aad-bd91-e89a86bfb2b8;418.83;0.1002;UNKNOWN
2016-04-03T07:01:53.000000;2016-04-03T07:01:53.000000;ef6694cf-6722-4433-a440-96ce67eeee91;418.83;0.02;UNKNOWN
2016-04-03T07:03:01.000000;2016-04-03T07:03:01.000000;235c5de6-e8b8-4aef-baec-6f813e5f9457;418.83;1.5402;UNKNOWN
2016-04-03T07:05:03.000000;2016-04-03T07:05:03.000000;30c5db00-ebf6-486a-ae10-512fc9f0543a;418.83;0.31535072;UNKNOWN
2016-04-03T07:05:03.000000;2016-04-03T07:05:03.000000;a0449178-0961-4cda-95a0-615145cdcba2;418.99;3.61464928;UNKNOWN
2016-04-03T07:06:05.000000;2016-04-03T07:06:05.000000;51630478-bdf7-4d46-b27a-c76877f16ef9;418.99;0.1;UNKNOWN
2016-04-03T07:09:45.000000;2016-04-03T07:09:45.000000;f5e12edf-4a8e-4e92-aade-4cd65bd094f4;418.72;0.01;UNKNOWN
2016-04-03T07:09:52.000000;2016-04-03T07:09:52.000000;ea1985bc-f512-47d0-84fd-fee540623094;418.98;0.01;UNKNOWN
2016-04-03T07:09:54.000000;2016-04-03T07:09:54.000000;04e80547-a270-4a5f-a600-920cac6168bf;418.98;0.01;UNKNOWN
2016-04-03T07:09:57.000000;2016-04-03T07:09:57.000000;af634faa-23d3-412c-9a57-7eb5ee399858;418.73;0.01;UNKNOWN
2016-04-03T07:09:59.000000;2016-04-03T07:09:59.000000;5dde30cc-6b10-4587-ba10-670f4eceaee1;418.73;0.01;UNKNOWN
2016-04-03T07:10:07.000000;2016-04-03T07:10:07.000000;631f0696-523c-49ea-affe-1664a8fd1fc6;418.73;0.01;UNKNOWN
2016-04-03T07:10:10.000000;2016-04-03T07:10:10.000000;f9603543-8756-4ddf-83a9-79a296411520;418.73;0.01;UNKNOWN
2016-04-03T07:10:15.000000;2016-04-03T07:10:15.000000;8aa63559-e03f-46fc-8789-1bb35f2b3734;418.73;0.01;UNKNOWN
2016-04-03T07:10:20.000000;2016-04-03T07:10:20.000000;b94bd7a4-e7b2-4e73-bf80-d4882daef3cc;418.73;0.01;UNKNOWN
2016-04-03T07:10:27.000000;2016-04-03T07:10:27.000000;72ace777-ef86-4d02-a753-4c7c182e1c8f;418.73;0.01;UNKNOWN
2016-04-03T07:10:31.000000;2016-04-03T07:10:31.000000;58d84eba-d9a8-476c-8cc8-87869c31247b;418.73;0.01;UNKNOWN
2016-04-03T07:10:32.000000;2016-04-03T07:10:32.000000;b86f61c0-2d0c-4e3a-8611-feba297ac327;418.73;0.01;UNKNOWN
2016-04-03T07:10:34.000000;2016-04-03T07:10:34.000000;85103e36-ae90-4649-a470-06d707dc2390;418.73;0.01;UNKNOWN
2016-04-03T07:10:37.000000;2016-04-03T07:10:37.000000;78e6c020-8c93-41fb-840c-90e2775e7066;418.73;0.01;UNKNOWN
2016-04-03T07:10:39.000000;2016-04-03T07:10:39.000000;d362f761-43d6-480b-94c3-ccd13bc86887;418.73;0.01;UNKNOWN
2016-04-03T07:10:41.000000;2016-04-03T07:10:41.000000;698536f9-6d74-44e2-98db-143c0287e759;418.73;0.01;UNKNOWN
2016-04-03T07:10:44.000000;2016-04-03T07:10:44.000000;03aa9c7e-86df-47a6-b85a-4921e2c30cb8;418.73;0.01;UNKNOWN
2016-04-03T07:10:45.000000;2016-04-03T07:10:45.000000;779bd083-f1c8-45e2-ad12-0a192807a519;418.73;0.01;UNKNOWN
2016-04-03T07:10:47.000000;2016-04-03T07:10:47.000000;cf186d43-2706-4ea1-ba38-64fb990ff091;418.73;0.01;UNKNOWN
2016-04-03T07:10:50.000000;2016-04-03T07:10:50.000000;0c6deac3-d40f-40c5-805b-3b3af0f105f1;418.73;0.01;UNKNOWN
2016-04-03T07:10:52.000000;2016-04-03T07:10:52.000000;447ebf83-b47f-4f42-a8eb-eb9bc5c95292;418.73;0.01;UNKNOWN
2016-04-03T07:10:54.000000;2016-04-03T07:10:54.000000;fab5c1fd-60e1-4cdc-9eaf-f7a5886ff0ae;418.73;0.01;UNKNOWN
2016-04-03T07:10:56.000000;2016-04-03T07:10:56.000000;2f4bbf24-73c7-49d9-abcc-8bb3497674b2;418.73;0.01;UNKNOWN
2016-04-03T07:11:00.000000;2016-04-03T07:11:00.000000;4ef3a8d5-dee5-485a-8def-f189b385585f;418.73;0.01;UNKNOWN
2016-04-03T07:11:03.000000;2016-04-03T07:11:03.000000;c608e4dc-3b03-44d8-a980-2b6afc771af7;418.73;0.01;UNKNOWN
2016-04-03T07:11:06.000000;2016-04-03T07:11:06.000000;ecdcc318-3c5d-434b-bd80-d6c4769d80a3;418.73;0.01;UNKNOWN
2016-04-03T07:11:12.000000;2016-04-03T07:11:12.000000;3b8157fb-8cc2-4769-a1f9-3ec6485ebd77;418.73;0.01;UNKNOWN
2016-04-03T07:11:18.000000;2016-04-03T07:11:18.000000;e84fb13e-fd2e-49f4-b3a2-36e7e1b8c508;418.73;0.01;UNKNOWN
2016-04-03T07:11:24.000000;2016-04-03T07:11:24.000000;661640ea-5ccd-4abf-9cee-d689fd2c9d89;418.73;0.01;UNKNOWN
2016-04-03T07:11:26.000000;2016-04-03T07:11:26.000000;a48b88ec-53c6-49e7-9c80-f5162bf87f5f;418.73;0.01;UNKNOWN
2016-04-03T07:12:09.000000;2016-04-03T07:12:09.000000;a59e39e7-b71b-4cf6-b1f6-dc43e92cd059;418.98;0.01;UNKNOWN
2016-04-03T07:13:05.000000;2016-04-03T07:13:05.000000;fe8facbf-b69b-4765-9c3f-a5d69fc1e341;418.89;0.85;UNKNOWN
2016-04-03T07:15:43.000000;2016-04-03T07:15:43.000000;8d61b8c4-5177-45d6-978e-36d2753ea1b0;418.78;0.16313931;UNKNOWN
2016-04-03T07:21:05.000000;2016-04-03T07:21:05.000000;6f3b7e83-31c9-43d2-b67c-8bd8c89e932b;418.71;0.02369781;UNKNOWN
2016-04-03T07:23:24.000000;2016-04-03T07:23:24.000000;87dbbb5e-a802-4e89-b5ed-ee278f82073e;418.65;0.02365449;UNKNOWN
2016-04-03T07:26:05.000000;2016-04-03T07:26:05.000000;267cab5b-d138-4f16-b458-fb2da6fdb698;418.65;0.29510711;UNKNOWN
2016-04-03T07:26:05.000000;2016-04-03T07:26:05.000000;38cc270f-28e0-4c17-8c17-4676af3c8b98;418.72;1.87489289;UNKNOWN
2016-04-03T07:27:03.000000;2016-04-03T07:27:03.000000;db8fc8b0-a432-4245-bde7-f0b4a96a8dae;418.72;0.8029;UNKNOWN
2016-04-03T07:41:53.000000;2016-04-03T07:41:53.000000;005db9a4-9765-43f5-a90d-c4e8d86a22e0;418.83;0.01;UNKNOWN
2016-04-03T07:41:53.000000;2016-04-03T07:41:53.000000;920039d1-130f-47ca-8f37-060288587ebf;418.86;3.18617;UNKNOWN
2016-04-03T07:41:53.000000;2016-04-03T07:41:53.000000;d053607c-be0c-477b-aac1-f91c30aaab3c;418.77;9.35783;UNKNOWN
2016-04-03T07:43:04.000000;2016-04-03T07:43:04.000000;12047b46-5ff4-430d-9310-e6db1a81c720;418.86;0.01064763;UNKNOWN
2016-04-03T07:43:04.000000;2016-04-03T07:43:04.000000;bd8ecb88-a1c9-4c9b-b47d-1aa7b84aa652;418.85;0.01;UNKNOWN
2016-04-03T07:45:55.000000;2016-04-03T07:45:55.000000;6e4523b2-e11a-4f74-8be4-a57a78f0ede4;418.8;0.01;UNKNOWN
2016-04-03T07:45:55.000000;2016-04-03T07:45:55.000000;ab7d3151-8832-4bc0-b838-4124bf67380b;418.8;0.01;UNKNOWN
2016-04-03T07:53:47.000000;2016-04-03T07:53:47.000000;c3c2e4a9-4635-4c95-82be-fc70ba18c3b5;418.61;0.15;UNKNOWN
2016-04-03T07:54:34.000000;2016-04-03T07:54:34.000000;5e7d50f3-99cd-42a4-9d2a-e1fdc1d3ba81;418.61;0.15;UNKNOWN
2016-04-03T07:56:05.000000;2016-04-03T07:56:05.000000;5a3b392c-72c9-4e78-9edd-ef5a126fcbd3;418.76;0.03662;UNKNOWN
2016-04-03T07:57:23.000000;2016-04-03T07:57:23.000000;d669f626-0c68-4fb1-ae45-681ef7887311;418.77;0.02;UNKNOWN
2016-04-03T07:57:45.000000;2016-04-03T07:57:45.000000;4c9515a7-77f5-47a1-91b8-48b4b696a747;418.62;0.02;UNKNOWN
2016-04-03T07:59:07.000000;2016-04-03T07:59:07.000000;c3d60b08-d040-4f4a-a538-6beeef295f0d;418.77;0.06;UNKNOWN
2016-04-03T08:00:05.000000;2016-04-03T08:00:05.000000;1a643063-dcf4-4164-bf03-013b6efa7a10;418.78;0.36064766;UNKNOWN
2016-04-03T08:05:39.000000;2016-04-03T08:05:39.000000;9e7fa486-6477-4706-87e3-2eaa8b3b031d;418.72;0.04920488;UNKNOWN
2016-04-03T08:06:05.000000;2016-04-03T08:06:05.000000;f61000e6-5dac-4590-8763-51e9a6c15d11;418.72;0.224;UNKNOWN
2016-04-03T08:17:33.000000;2016-04-03T08:17:33.000000;9a9d79b0-b0d9-4d57-bf44-2c6b6251325f;418.64;0.01;UNKNOWN
2016-04-03T08:17:37.000000;2016-04-03T08:17:37.000000;1a0ed526-b3c6-485e-bf4f-443ec0a412a9;418.64;0.01;UNKNOWN
2016-04-03T08:17:42.000000;2016-04-03T08:17:42.000000;b91c9168-18a6-479a-9636-6d44a81af458;418.64;0.01;UNKNOWN
2016-04-03T08:17:42.000000;2016-04-03T08:17:42.000000;f5e540a6-fb4b-4d3a-8133-a6c5b7ae447d;418.78;0.83689695;UNKNOWN
2016-04-03T08:17:44.000000;2016-04-03T08:17:44.000000;077db810-14a4-450c-855f-0bd1a86ab587;418.77;0.01;UNKNOWN
2016-04-03T08:17:45.000000;2016-04-03T08:17:45.000000;44b79e47-7ea8-4419-9297-b872a7b5afb2;418.64;0.01;UNKNOWN
2016-04-03T08:17:47.000000;2016-04-03T08:17:47.000000;8b7c2665-7b11-453b-a50c-35eec0e9775f;418.77;0.01;UNKNOWN
2016-04-03T08:17:49.000000;2016-04-03T08:17:49.000000;78f9697e-7152-4675-8e19-0f72d710405a;418.64;0.01;UNKNOWN
2016-04-03T08:17:51.000000;2016-04-03T08:17:51.000000;d0e420f8-6400-447f-bb42-f7cd5cfa2416;418.77;0.01;UNKNOWN
2016-04-03T08:17:54.000000;2016-04-03T08:17:54.000000;45ba70cd-2580-45ec-89d9-ff74467ff78e;418.76;0.01;UNKNOWN
2016-04-03T08:17:56.000000;2016-04-03T08:17:56.000000;519557f5-cc8d-40fa-8f42-12cc1d1b3ac4;418.77;0.01;UNKNOWN
2016-04-03T08:17:58.000000;2016-04-03T08:17:58.000000;dc208afb-96aa-4820-8c13-1774eb5600b2;418.76;0.01;UNKNOWN
2016-04-03T08:17:59.000000;2016-04-03T08:17:59.000000;9cd00fb9-6890-4d64-9c6a-d47770f7eec5;418.77;0.01;UNKNOWN
2016-04-03T08:18:49.000000;2016-04-03T08:18:49.000000;4bd4ed35-8977-4be4-9d7d-7303e72d2211;418.77;0.01;UNKNOWN
2016-04-03T08:18:51.000000;2016-04-03T08:18:51.000000;aa3b35a8-e8c8-4435-9f21-926ac5c540a3;418.77;0.01;UNKNOWN
2016-04-03T08:18:55.000000;2016-04-03T08:18:55.000000;56efce86-c39f-4b9b-92cf-93385ca39df2;418.77;0.01;UNKNOWN
2016-04-03T08:18:57.000000;2016-04-03T08:18:57.000000;cf0bce6c-5ae0-4436-b192-0fc72460ca82;418.77;0.01;UNKNOWN
2016-04-03T08:18:58.000000;2016-04-03T08:18:58.000000;422702a8-c984-4d59-ac1e-754dc5b4503d;418.77;0.01;UNKNOWN
2016-04-03T08:19:02.000000;2016-04-03T08:19:02.000000;a4c5e723-6951-4508-b248-7e4c76d77cf5;418.77;0.01;UNKNOWN
2016-04-03T08:19:04.000000;2016-04-03T08:19:04.000000;3b8fa243-e239-4c14-a652-ee9d4c0d0096;418.77;0.01;UNKNOWN
2016-04-03T08:19:07.000000;2016-04-03T08:19:07.000000;87376c54-8552-4e74-ab8d-d0fbe200f498;418.77;0.01;UNKNOWN
2016-04-03T08:19:09.000000;2016-04-03T08:19:09.000000;1b879660-91f7-42bc-afbb-45fd94bf156e;418.77;0.01;UNKNOWN
2016-04-03T08:19:11.000000;2016-04-03T08:19:11.000000;6e68a002-5236-46e8-a15d-d512fd8ed4cd;418.77;0.01;UNKNOWN
2016-04-03T08:19:13.000000;2016-04-03T08:19:13.000000;10dfa433-5d3c-411b-8810-fd1ea536dd77;418.77;0.01;UNKNOWN
2016-04-03T08:19:18.000000;2016-04-03T08:19:18.000000;2b388ead-d458-4afe-a87d-8b4837bd60d5;418.77;0.01;UNKNOWN
2016-04-03T08:19:21.000000;2016-04-03T08:19:21.000000;d3014d9b-2902-428a-a8ea-912d752c4ce0;418.77;0.01;UNKNOWN
2016-04-03T08:19:23.000000;2016-04-03T08:19:23.000000;721ab213-621e-4c16-b244-c7f1fd112881;418.77;0.01;UNKNOWN
2016-04-03T08:19:24.000000;2016-04-03T08:19:24.000000;222bbaa3-7fdf-4077-a18d-adfb888d257e;418.77;0.01;UNKNOWN
2016-04-03T08:19:28.000000;2016-04-03T08:19:28.000000;d8ab74d6-e90a-4a34-ab4e-326ee1aef40e;418.77;0.01;UNKNOWN
2016-04-03T08:19:30.000000;2016-04-03T08:19:30.000000;9e83c3b0-b4eb-42c6-bb18-0a2be3c1213f;418.77;0.01;UNKNOWN
2016-04-03T08:19:33.000000;2016-04-03T08:19:33.000000;491a5c99-217d-4bca-800e-808f1db72986;418.77;0.01;UNKNOWN
2016-04-03T08:19:35.000000;2016-04-03T08:19:35.000000;bcc62263-aae5-4c16-9ce0-33c64904a8ed;418.77;0.01;UNKNOWN
2016-04-03T08:19:37.000000;2016-04-03T08:19:37.000000;f6ab6a0d-4f59-4380-b87e-f25729e515b4;418.77;0.01;UNKNOWN
2016-04-03T08:19:40.000000;2016-04-03T08:19:40.000000;1ee9748b-30e6-4346-90d3-78bf1875b734;418.77;0.01;UNKNOWN
2016-04-03T08:19:43.000000;2016-04-03T08:19:43.000000;e41b11de-b40c-4e47-b61e-f2b1730b1048;418.77;0.01;UNKNOWN
2016-04-03T08:19:46.000000;2016-04-03T08:19:46.000000;19a9320f-db10-43bb-a6ec-91f3750375cd;418.77;0.01;UNKNOWN
2016-04-03T08:19:48.000000;2016-04-03T08:19:48.000000;df6744ab-93ed-4f7e-8adf-d181bd8a079a;418.77;0.01;UNKNOWN
2016-04-03T08:19:51.000000;2016-04-03T08:19:51.000000;31564458-af20-4e95-95de-c667f33705c1;418.77;0.01;UNKNOWN
2016-04-03T08:19:52.000000;2016-04-03T08:19:52.000000;c1f4c5d2-8484-48c6-96cb-b04bf2e57573;418.77;0.01;UNKNOWN
2016-04-03T08:19:54.000000;2016-04-03T08:19:54.000000;940741b1-6de7-4179-ab95-8af78fcbd71b;418.77;0.01;UNKNOWN
2016-04-03T08:19:57.000000;2016-04-03T08:19:57.000000;c2579633-316f-4c65-9c9f-eae127447c43;418.77;0.01;UNKNOWN
2016-04-03T08:19:59.000000;2016-04-03T08:19:59.000000;578124c0-042e-4000-ad66-e586e997f972;418.77;0.01;UNKNOWN
2016-04-03T08:20:01.000000;2016-04-03T08:20:01.000000;93e5ce72-6c1e-4019-8427-edf1dfc44626;418.77;0.01;UNKNOWN
2016-04-03T08:20:03.000000;2016-04-03T08:20:03.000000;ed53a7b3-70e2-4e08-b516-4771b0293c65;418.77;0.01;UNKNOWN
2016-04-03T08:20:06.000000;2016-04-03T08:20:06.000000;7af83e2c-8904-4d3b-b9c5-2f7252c6749f;418.77;0.01;UNKNOWN
2016-04-03T08:20:09.000000;2016-04-03T08:20:09.000000;de23d9d6-9c53-444d-9135-5f9633d4cf5a;418.77;0.01;UNKNOWN
2016-04-03T08:20:11.000000;2016-04-03T08:20:11.000000;5341d8e6-900f-4356-b237-a756216a7417;418.77;0.01;UNKNOWN
2016-04-03T08:20:13.000000;2016-04-03T08:20:13.000000;d34f10c5-d900-43e4-8363-d00533495fa4;418.77;0.01;UNKNOWN
2016-04-03T08:20:15.000000;2016-04-03T08:20:15.000000;c528abf7-3cd3-4b50-af1d-2869df97613e;418.77;0.01;UNKNOWN
2016-04-03T08:20:17.000000;2016-04-03T08:20:17.000000;dbbca951-1052-47c4-8e87-5b1fea0de56f;418.77;0.01;UNKNOWN
2016-04-03T08:20:19.000000;2016-04-03T08:20:19.000000;f8710cf4-8274-4afc-8e9d-f417090bc278;418.77;0.01;UNKNOWN
2016-04-03T08:20:20.000000;2016-04-03T08:20:20.000000;6d37d228-b825-4a0d-8692-c9228c5723f1;418.77;0.01;UNKNOWN
2016-04-03T08:20:24.000000;2016-04-03T08:20:24.000000;e0d5966b-4624-4e1d-8ef3-e95a7fb1596e;418.77;0.01;UNKNOWN
2016-04-03T08:20:26.000000;2016-04-03T08:20:26.000000;959f39c7-f9b3-4d30-a5d4-9a0bbc58c262;418.77;0.01;UNKNOWN
2016-04-03T08:20:28.000000;2016-04-03T08:20:28.000000;9daf821a-58b5-490e-96af-1e922bfde611;418.77;0.01;UNKNOWN
2016-04-03T08:20:30.000000;2016-04-03T08:20:30.000000;f7042cd4-a35c-4ae9-bea5-f6417db382e0;418.77;0.01;UNKNOWN
2016-04-03T08:20:32.000000;2016-04-03T08:20:32.000000;ee274620-9ba0-44c0-a2e7-4afee429e5a7;418.77;0.01;UNKNOWN
2016-04-03T08:20:34.000000;2016-04-03T08:20:34.000000;8aa553c1-d692-40bc-81b4-9821d11dcd1d;418.77;0.01;UNKNOWN
2016-04-03T08:20:36.000000;2016-04-03T08:20:36.000000;dfd9c350-d036-421a-81a4-d468dccd0ef9;418.77;0.01;UNKNOWN
2016-04-03T08:20:37.000000;2016-04-03T08:20:37.000000;9a92e5fb-f305-4cc1-bc80-f165465cd951;418.77;0.01;UNKNOWN
2016-04-03T08:20:37.000000;2016-04-03T08:20:37.000000;a0c424b0-d0da-4e0b-9dd4-c2c5ef06f03c;418.65;0.03908353;UNKNOWN
2016-04-03T08:20:39.000000;2016-04-03T08:20:39.000000;218c733e-b88b-4fb2-9cf8-60c413cde4a8;418.78;0.01;UNKNOWN
2016-04-03T08:20:41.000000;2016-04-03T08:20:41.000000;94654cea-d83a-47ea-8dd3-cc3801de6826;418.78;0.01;UNKNOWN
2016-04-03T08:20:44.000000;2016-04-03T08:20:44.000000;10405b26-3d69-42e3-9577-02dcc46a5383;418.78;0.01;UNKNOWN
2016-04-03T08:20:47.000000;2016-04-03T08:20:47.000000;0a99d5bb-4c41-4115-aade-531f794fddb0;418.78;0.01;UNKNOWN
2016-04-03T08:20:50.000000;2016-04-03T08:20:50.000000;b41dcdd8-cd12-4d1f-828e-db333a038150;418.78;0.01;UNKNOWN
2016-04-03T08:20:53.000000;2016-04-03T08:20:53.000000;cabd2dc2-41a6-4c8f-bf56-07309aa2523e;418.78;0.01;UNKNOWN
2016-04-03T08:20:56.000000;2016-04-03T08:20:56.000000;ad9d9f12-5362-4c9d-b255-54b8c4762c34;418.78;0.01;UNKNOWN
2016-04-03T08:20:58.000000;2016-04-03T08:20:58.000000;23de6fe1-4e0e-44fc-a81b-b86375919166;418.78;0.01;UNKNOWN
2016-04-03T08:21:00.000000;2016-04-03T08:21:00.000000;26c7fb0a-e54e-4f6e-ae71-8273e1874a16;418.78;0.01;UNKNOWN
2016-04-03T08:21:03.000000;2016-04-03T08:21:03.000000;97a6203a-402d-48d3-9838-bd821a41e274;418.78;0.01;UNKNOWN
2016-04-03T08:21:05.000000;2016-04-03T08:21:05.000000;b246c9e4-b683-475d-8089-b4cad6114d00;418.78;0.01;UNKNOWN
2016-04-03T08:21:07.000000;2016-04-03T08:21:07.000000;60a8eea6-e5a2-4fe9-8a0d-969396bbfd6d;418.78;0.01;UNKNOWN
2016-04-03T08:21:10.000000;2016-04-03T08:21:10.000000;cf86f6d1-2dcc-4744-b424-3ed10bf7d6be;418.78;0.01;UNKNOWN
2016-04-03T08:21:13.000000;2016-04-03T08:21:13.000000;66950109-14c3-42ea-9208-8375519e1340;418.78;0.01;UNKNOWN
2016-04-03T08:21:16.000000;2016-04-03T08:21:16.000000;60be95a6-cfda-49be-8536-d5c2ff086bc8;418.78;0.01;UNKNOWN
2016-04-03T08:21:18.000000;2016-04-03T08:21:18.000000;5af272bf-34d0-41a2-a38c-36400f374c50;418.78;0.01;UNKNOWN
2016-04-03T08:21:21.000000;2016-04-03T08:21:21.000000;d303c3d4-29e6-45ef-b1da-259e85dfd309;418.78;0.01;UNKNOWN
2016-04-03T08:21:23.000000;2016-04-03T08:21:23.000000;80c4dcdc-5ad6-4252-8c94-9725ecd83af3;418.78;0.01;UNKNOWN
2016-04-03T08:21:25.000000;2016-04-03T08:21:25.000000;13cc74bb-e65c-4c31-9884-815747e20fe8;418.78;0.01;UNKNOWN
2016-04-03T08:21:28.000000;2016-04-03T08:21:28.000000;8279a920-e3b1-4f59-a34d-2522fc7ea54c;418.78;0.01;UNKNOWN
2016-04-03T08:21:30.000000;2016-04-03T08:21:30.000000;67070783-deba-4e24-ace7-786c8acc09d5;418.74;0.01;UNKNOWN
2016-04-03T08:21:31.000000;2016-04-03T08:21:31.000000;575adfe9-2ce9-432e-ab5c-c959c39711a3;418.74;0.93629481;UNKNOWN
2016-04-03T08:22:04.000000;2016-04-03T08:22:04.000000;6acdc68b-1967-48c9-b0f5-e18c43e54bfc;418.64;0.49828066;UNKNOWN
2016-04-03T08:22:49.000000;2016-04-03T08:22:49.000000;4dd99fb4-63ed-4b25-8f4b-c3e7019a2e34;418.6;0.35;UNKNOWN
2016-04-03T08:22:49.000000;2016-04-03T08:22:49.000000;fcdd6751-1ac7-45f6-aa51-0590dc9126b3;418.64;4.65;UNKNOWN
2016-04-03T08:30:06.000000;2016-04-03T08:30:06.000000;e0382f41-c2bc-41c5-ac25-bc31f99e3ce1;418.62;0.16;UNKNOWN
2016-04-03T08:30:29.000000;2016-04-03T08:30:29.000000;e0729561-416a-4a1c-9c64-8e94cf8a4a8e;418.64;3.355;UNKNOWN
2016-04-03T08:33:46.000000;2016-04-03T08:33:46.000000;9f16fc1f-5ffc-4c92-8569-db4707cae6f3;418.73;2.36407;UNKNOWN
2016-04-03T08:33:46.000000;2016-04-03T08:33:46.000000;2cfcbbcb-80c3-40bd-a7b2-3a37e7dbc836;418.65;0.01;UNKNOWN
2016-04-03T08:33:51.000000;2016-04-03T08:33:51.000000;f79d7ce9-2ab8-44d2-bea2-02a2f8b356f5;418.65;0.01;UNKNOWN
2016-04-03T08:33:53.000000;2016-04-03T08:33:53.000000;f661b981-6720-4fd8-ba32-f9f01578d508;418.65;0.01;UNKNOWN
2016-04-03T08:33:57.000000;2016-04-03T08:33:57.000000;49207413-d55b-4977-9850-338629be52c3;418.65;0.01;UNKNOWN
2016-04-03T08:34:01.000000;2016-04-03T08:34:01.000000;64954380-c961-4aab-a97f-d8ad250aa423;418.66;0.01;UNKNOWN
2016-04-03T08:34:05.000000;2016-04-03T08:34:05.000000;591c674c-c14e-49a3-8d3b-f3d705b5df37;418.72;0.01;UNKNOWN
2016-04-03T08:34:07.000000;2016-04-03T08:34:07.000000;c499e270-a398-418f-901e-1ccdc9817f0e;418.72;0.01;UNKNOWN
2016-04-03T08:34:11.000000;2016-04-03T08:34:11.000000;637ebc5f-b10a-4f26-a04d-677d503bfeee;418.72;0.01;UNKNOWN
2016-04-03T08:34:12.000000;2016-04-03T08:34:12.000000;50c97ab8-9b27-4d92-92fc-6bf49d5f8110;418.72;0.01;UNKNOWN
2016-04-03T08:34:14.000000;2016-04-03T08:34:14.000000;22d0d8b9-b863-487c-bae2-24a3594ab973;418.72;0.01;UNKNOWN
2016-04-03T08:34:16.000000;2016-04-03T08:34:16.000000;4d8fced7-f00d-4f97-b0eb-370da69517e6;418.72;0.01;UNKNOWN
2016-04-03T08:34:18.000000;2016-04-03T08:34:18.000000;efa3b60f-197d-4bd2-82e6-f2dd355c474e;418.72;0.01;UNKNOWN
2016-04-03T08:34:20.000000;2016-04-03T08:34:20.000000;064c8475-7d14-4783-b544-91005cc09278;418.72;0.01;UNKNOWN
2016-04-03T08:34:23.000000;2016-04-03T08:34:23.000000;fc9ba2f1-cff7-47bc-8379-4ba71171b7f5;418.72;0.01;UNKNOWN
2016-04-03T08:34:25.000000;2016-04-03T08:34:25.000000;3455514e-6709-4659-86bd-4d9c4f968a0a;418.72;0.01;UNKNOWN
2016-04-03T08:34:26.000000;2016-04-03T08:34:26.000000;a5f90c0f-ced6-4667-8116-da20910eb789;418.72;0.01;UNKNOWN
2016-04-03T08:34:30.000000;2016-04-03T08:34:30.000000;7f4219f4-eeb0-4f6a-af8b-90da3434665d;418.72;0.01;UNKNOWN
2016-04-03T08:34:31.000000;2016-04-03T08:34:31.000000;c6ef29b4-39bf-4a2e-8678-e76f13040e9b;418.72;0.01;UNKNOWN
2016-04-03T08:34:32.000000;2016-04-03T08:34:32.000000;b6d73b34-b2d0-436c-92d4-af5735605792;418.72;0.01;UNKNOWN
2016-04-03T08:34:34.000000;2016-04-03T08:34:34.000000;0e4e3441-737e-463a-832e-8dbde3280bfe;418.72;0.01;UNKNOWN
2016-04-03T08:34:37.000000;2016-04-03T08:34:37.000000;45736978-6939-4943-8167-da40603a92d3;418.72;0.01;UNKNOWN
2016-04-03T08:34:39.000000;2016-04-03T08:34:39.000000;8bf0f5eb-9962-4c14-9828-cd9962d45c74;418.72;0.01;UNKNOWN
2016-04-03T08:34:42.000000;2016-04-03T08:34:42.000000;170688d1-a47b-4cf6-adbb-93837025c06c;418.72;0.01;UNKNOWN
2016-04-03T08:34:47.000000;2016-04-03T08:34:47.000000;f94bc4f8-edf0-4cd6-b824-8552bf6599fa;418.72;0.01;UNKNOWN
2016-04-03T08:34:49.000000;2016-04-03T08:34:49.000000;629e2d60-1dfc-4af0-ac99-259f847726a7;418.72;0.01;UNKNOWN
2016-04-03T08:34:51.000000;2016-04-03T08:34:51.000000;0e817c9f-1c92-4269-bba0-3daf41870c5f;418.72;0.01;UNKNOWN
2016-04-03T08:34:53.000000;2016-04-03T08:34:53.000000;f1e8f204-31d9-46b3-8c68-92231d62d1ba;418.72;0.01;UNKNOWN
2016-04-03T08:34:55.000000;2016-04-03T08:34:55.000000;7d184780-52b2-4798-83a2-6edf7b523a39;418.72;0.01;UNKNOWN
2016-04-03T08:34:58.000000;2016-04-03T08:34:58.000000;7dadcaad-ddeb-41c4-96d2-cf437024f64b;418.72;0.01;UNKNOWN
2016-04-03T08:35:01.000000;2016-04-03T08:35:01.000000;13dc2a9d-0f68-4a70-bb90-20dfd5b01620;418.72;0.01;UNKNOWN
2016-04-03T08:35:04.000000;2016-04-03T08:35:04.000000;940f3258-4cb7-44e6-b758-aaf309bdc217;418.72;0.01;UNKNOWN
2016-04-03T08:35:06.000000;2016-04-03T08:35:06.000000;d2478b11-2399-4b76-99d3-fea49d75037a;418.72;0.01;UNKNOWN
2016-04-03T08:35:07.000000;2016-04-03T08:35:07.000000;311afe22-bd07-4808-b0bf-661a31a59f91;418.72;0.01;UNKNOWN
2016-04-03T08:35:10.000000;2016-04-03T08:35:10.000000;6592ec71-ed95-455b-8309-f888137a4e7e;418.72;0.01;UNKNOWN
2016-04-03T08:35:13.000000;2016-04-03T08:35:13.000000;0a93c793-331b-41a2-83d3-33eabbd83234;418.72;0.01;UNKNOWN
2016-04-03T08:35:14.000000;2016-04-03T08:35:14.000000;79c9298e-7f86-4050-973a-af83d0b10c83;418.72;0.01;UNKNOWN
2016-04-03T08:35:17.000000;2016-04-03T08:35:17.000000;cda95bb8-b207-4803-9019-584f4bb44c88;418.72;0.01;UNKNOWN
2016-04-03T08:35:20.000000;2016-04-03T08:35:20.000000;037dbf6b-bdf1-4350-af93-2bdb75b9f421;418.72;0.01;UNKNOWN
2016-04-03T08:35:22.000000;2016-04-03T08:35:22.000000;3acced13-6eef-4463-9865-60fb1b2caeaa;418.72;0.01;UNKNOWN
2016-04-03T08:35:24.000000;2016-04-03T08:35:24.000000;af49ca70-d4d7-42a7-9dde-959e6ce9982d;418.72;0.01;UNKNOWN
2016-04-03T08:35:26.000000;2016-04-03T08:35:26.000000;f4ee2b6e-bcf0-4cce-95c8-bc941d7bc693;418.72;0.01;UNKNOWN
2016-04-03T08:35:29.000000;2016-04-03T08:35:29.000000;0b498673-c639-4b29-8894-9a7a494a1ff8;418.72;0.01;UNKNOWN
2016-04-03T08:35:30.000000;2016-04-03T08:35:30.000000;62cbd8ad-cdc1-46ae-b31f-9a5a3b2e1012;418.72;0.01;UNKNOWN
2016-04-03T08:35:33.000000;2016-04-03T08:35:33.000000;dd70083f-48c6-473a-9f87-453c4304250e;418.72;0.01;UNKNOWN
2016-04-03T08:35:35.000000;2016-04-03T08:35:35.000000;3b59e3d9-6076-4d9c-80c1-db00b6313ada;418.72;0.01;UNKNOWN
2016-04-03T08:35:37.000000;2016-04-03T08:35:37.000000;67a1ba66-1bbc-4380-9eb4-e00e6d36b5d7;418.72;0.01;UNKNOWN
2016-04-03T08:35:39.000000;2016-04-03T08:35:39.000000;68d76b4b-3edb-4579-84ab-d4cdefba4c3e;418.72;0.01;UNKNOWN
2016-04-03T08:35:42.000000;2016-04-03T08:35:42.000000;40e08331-1f73-437c-9947-790802375663;418.72;0.01;UNKNOWN
2016-04-03T08:35:44.000000;2016-04-03T08:35:44.000000;50b9eacc-c963-4045-9658-85c398388d36;418.72;0.01;UNKNOWN
2016-04-03T08:35:46.000000;2016-04-03T08:35:46.000000;a3a4289b-ec41-4883-ae1f-6659dfa60860;418.72;0.01;UNKNOWN
2016-04-03T08:35:49.000000;2016-04-03T08:35:49.000000;1d6fa3b6-b173-4822-a67e-61dae346080e;418.72;0.01;UNKNOWN
2016-04-03T08:35:50.000000;2016-04-03T08:35:50.000000;8fa09b56-6d5d-478f-a3ba-968ff845ed85;418.72;0.01;UNKNOWN
2016-04-03T08:35:52.000000;2016-04-03T08:35:52.000000;92b8523e-470a-44cb-a135-3e0ffd23913b;418.72;0.01;UNKNOWN
2016-04-03T08:35:55.000000;2016-04-03T08:35:55.000000;e148efc3-3b0b-42a4-88fd-3e343bf30200;418.72;0.01;UNKNOWN
2016-04-03T08:35:57.000000;2016-04-03T08:35:57.000000;f5d7868b-4120-4839-baaa-bb74446a1269;418.72;0.01;UNKNOWN
2016-04-03T08:35:59.000000;2016-04-03T08:35:59.000000;2bdc3f6c-8b83-4353-ac7f-4cfda0f965d3;418.72;0.01;UNKNOWN
2016-04-03T08:36:02.000000;2016-04-03T08:36:02.000000;f51ffb2d-e5b0-4566-a3be-b740ebaaaaf2;418.72;0.01;UNKNOWN
2016-04-03T08:36:05.000000;2016-04-03T08:36:05.000000;38189922-1aec-4db7-b99e-bb6777a14abd;418.72;0.01;UNKNOWN
2016-04-03T08:36:08.000000;2016-04-03T08:36:08.000000;3c501a0e-6e98-489c-b07d-e488f8da51a9;418.72;0.01;UNKNOWN
2016-04-03T08:36:10.000000;2016-04-03T08:36:10.000000;30dbcf9a-8c91-4825-a1c5-30a9f3fe1013;418.72;0.01;UNKNOWN
2016-04-03T08:36:11.000000;2016-04-03T08:36:11.000000;99daf2cb-4252-43fb-a52b-0c937c522b93;418.72;0.01;UNKNOWN
2016-04-03T08:36:14.000000;2016-04-03T08:36:14.000000;e86c0935-4bd3-4d63-8467-ba7fc8ef9895;418.72;0.01;UNKNOWN
2016-04-03T08:36:16.000000;2016-04-03T08:36:16.000000;fe14510e-72b1-4310-ad82-8bcf5d6f672a;418.72;0.01;UNKNOWN
2016-04-03T08:36:18.000000;2016-04-03T08:36:18.000000;354d57df-f706-48c8-ae1b-8f1a80b28f38;418.72;0.01;UNKNOWN
2016-04-03T08:36:21.000000;2016-04-03T08:36:21.000000;cb26561d-3616-4e62-b301-26bc9234a745;418.72;0.01;UNKNOWN
2016-04-03T08:36:23.000000;2016-04-03T08:36:23.000000;c74759d0-59c6-4add-b3f7-a50f1bebaf17;418.72;0.01;UNKNOWN
2016-04-03T08:36:24.000000;2016-04-03T08:36:24.000000;b786aa56-69e2-43de-ac8b-485f182d56bd;418.72;0.01;UNKNOWN
2016-04-03T08:36:27.000000;2016-04-03T08:36:27.000000;84b51450-df0c-4537-8988-eac2280cfe46;418.72;0.01;UNKNOWN
2016-04-03T08:36:29.000000;2016-04-03T08:36:29.000000;fc210de3-8ddf-436e-8d6a-6c91333c12e2;418.72;0.01;UNKNOWN
2016-04-03T08:36:30.000000;2016-04-03T08:36:30.000000;7a48d408-fd61-47fa-afc8-eee64e672553;418.72;0.01;UNKNOWN
2016-04-03T08:36:34.000000;2016-04-03T08:36:34.000000;1145c83a-1ad7-4fcf-a5ae-b4012da678ce;418.72;0.01;UNKNOWN
2016-04-03T08:36:36.000000;2016-04-03T08:36:36.000000;d2f6e5ad-5e54-4722-b64d-26d88c718ab2;418.72;0.01;UNKNOWN
2016-04-03T08:36:39.000000;2016-04-03T08:36:39.000000;49921a85-4dc6-4f46-944d-49aa365aa0f0;418.72;0.01;UNKNOWN
2016-04-03T08:36:41.000000;2016-04-03T08:36:41.000000;6100b4ce-4320-4fa4-90ed-918ee2b69571;418.72;0.01;UNKNOWN
2016-04-03T08:36:43.000000;2016-04-03T08:36:43.000000;e1edd68e-99ad-493e-8f44-bce97a4201e2;418.72;0.01;UNKNOWN
2016-04-03T08:36:45.000000;2016-04-03T08:36:45.000000;8422ccb8-db8e-4ff7-866c-ae5383635e59;418.72;0.01;UNKNOWN
2016-04-03T08:36:47.000000;2016-04-03T08:36:47.000000;95b5e4cb-2aa9-4f9f-a9f1-8af34ddb7f28;418.72;0.01;UNKNOWN
2016-04-03T08:36:49.000000;2016-04-03T08:36:49.000000;c41a5203-71be-4b91-b736-47855f68f07b;418.72;0.01;UNKNOWN
2016-04-03T08:36:52.000000;2016-04-03T08:36:52.000000;c7e9b14f-eec7-4917-baf8-e0d1475c9675;418.72;0.01;UNKNOWN
2016-04-03T08:36:55.000000;2016-04-03T08:36:55.000000;95bde2b7-4ecb-4e51-a88a-e1b769426809;418.72;0.01;UNKNOWN
2016-04-03T08:36:56.000000;2016-04-03T08:36:56.000000;8a560ffa-94a4-43c4-84ed-e85f196764c1;418.72;0.01;UNKNOWN
2016-04-03T08:36:59.000000;2016-04-03T08:36:59.000000;b41a9efe-ddb7-41b7-9290-54c2109553bc;418.72;0.01;UNKNOWN
2016-04-03T08:37:02.000000;2016-04-03T08:37:02.000000;3a132a26-e669-4e83-abeb-e6f25361fa0f;418.72;0.01;UNKNOWN
2016-04-03T08:37:03.000000;2016-04-03T08:37:03.000000;5aedbf10-15b8-4922-9ecb-406972b2592b;418.72;0.01;UNKNOWN
2016-04-03T08:37:06.000000;2016-04-03T08:37:06.000000;8710d780-b08a-4942-bfbb-8365861588c8;418.72;0.01;UNKNOWN
2016-04-03T08:37:08.000000;2016-04-03T08:37:08.000000;17ec1fa0-a53f-4952-8fae-79ee1357a1ec;418.72;0.01;UNKNOWN
2016-04-03T08:37:09.000000;2016-04-03T08:37:09.000000;3641ed61-555b-467b-807a-68214b077263;418.72;0.01;UNKNOWN
2016-04-03T08:37:12.000000;2016-04-03T08:37:12.000000;407e3642-4d34-45fd-8da9-e4f7a5fa27b0;418.72;0.01;UNKNOWN
2016-04-03T08:37:14.000000;2016-04-03T08:37:14.000000;84bf148a-bb41-40ce-bb59-bdf61fc9cc3a;418.72;0.01;UNKNOWN
2016-04-03T08:37:15.000000;2016-04-03T08:37:15.000000;893666d1-4161-4969-9c2d-49de6805f2d4;418.72;0.01;UNKNOWN
2016-04-03T08:37:18.000000;2016-04-03T08:37:18.000000;c99c5776-c522-4f05-8cd7-d15bf14fe294;418.72;0.01;UNKNOWN
2016-04-03T08:37:19.000000;2016-04-03T08:37:19.000000;22d5ea99-129c-41d8-80c1-0bed1522c053;418.72;0.01;UNKNOWN
2016-04-03T08:37:21.000000;2016-04-03T08:37:21.000000;b1e12394-9495-4ec8-9bac-375c1de5e21c;418.72;0.01;UNKNOWN
2016-04-03T08:37:22.000000;2016-04-03T08:37:22.000000;3f241849-4845-44ee-b9ed-6a93f6bbe733;418.72;0.01;UNKNOWN
2016-04-03T08:37:25.000000;2016-04-03T08:37:25.000000;417abcd3-a8f9-4101-aa6a-0fc18a890d55;418.72;0.01;UNKNOWN
2016-04-03T08:37:26.000000;2016-04-03T08:37:26.000000;94e9024e-aa9f-4c9a-9fb0-24524452683f;418.72;0.01;UNKNOWN
2016-04-03T08:37:28.000000;2016-04-03T08:37:28.000000;8a789d49-317d-4983-a23a-03b1851f11fe;418.72;0.01;UNKNOWN
2016-04-03T08:37:32.000000;2016-04-03T08:37:32.000000;4e8b5ae1-2feb-41e8-ba2e-32fbff5541c0;418.72;0.01;UNKNOWN
2016-04-03T08:37:34.000000;2016-04-03T08:37:34.000000;b67f51b4-a244-4933-9108-ae0ff63ca699;418.72;0.01;UNKNOWN
2016-04-03T08:37:35.000000;2016-04-03T08:37:35.000000;cea3947a-9c9d-4a00-a125-b47a5236e3a0;418.72;0.01;UNKNOWN
2016-04-03T08:37:39.000000;2016-04-03T08:37:39.000000;126e5f34-06d5-494c-9cb1-4d984b00cc5d;418.72;0.01;UNKNOWN
2016-04-03T08:37:41.000000;2016-04-03T08:37:41.000000;ed9c7160-6643-41a5-9b4a-934288be698a;418.72;0.01;UNKNOWN
2016-04-03T08:37:44.000000;2016-04-03T08:37:44.000000;f423f539-fff1-43d6-8e89-f29af6665b3d;418.72;0.01;UNKNOWN
2016-04-03T08:37:47.000000;2016-04-03T08:37:47.000000;dd567036-bfd7-40b4-b21d-cb0b2aecaaa1;418.72;0.01;UNKNOWN
2016-04-03T08:37:48.000000;2016-04-03T08:37:48.000000;6426caff-9aee-4322-b00d-9b920ff39c69;418.72;0.01;UNKNOWN
2016-04-03T08:37:51.000000;2016-04-03T08:37:51.000000;ed35742d-6983-406a-96ac-c6f954c3ee79;418.72;0.01;UNKNOWN
2016-04-03T08:37:53.000000;2016-04-03T08:37:53.000000;ca292770-33e5-4e83-8dfc-20c384bfaaa1;418.72;0.01;UNKNOWN
2016-04-03T08:37:54.000000;2016-04-03T08:37:54.000000;b7617c70-f079-4987-a1e7-4d7e4007fb85;418.72;0.01;UNKNOWN
2016-04-03T08:37:57.000000;2016-04-03T08:37:57.000000;40d37463-9c79-42cc-8cd4-7173a102ad0f;418.72;0.01;UNKNOWN
2016-04-03T08:37:59.000000;2016-04-03T08:37:59.000000;32925e8c-d895-467b-88f4-2b684823d08c;418.72;0.01;UNKNOWN
2016-04-03T08:38:01.000000;2016-04-03T08:38:01.000000;25bf68d2-1097-459d-a3d3-9b07fbdae7ae;418.72;0.01;UNKNOWN
2016-04-03T08:38:04.000000;2016-04-03T08:38:04.000000;deb893d8-f3c8-4fa6-bec4-dc3dad51e27b;418.72;0.01;UNKNOWN
2016-04-03T08:38:06.000000;2016-04-03T08:38:06.000000;841b7bc3-a113-4aee-ba68-7e0445ad62a1;418.72;0.01;UNKNOWN
2016-04-03T08:38:07.000000;2016-04-03T08:38:07.000000;a7770247-a112-4ae2-8962-58b4ade21886;418.72;0.01;UNKNOWN
2016-04-03T08:38:10.000000;2016-04-03T08:38:10.000000;22f5df16-3a86-43a6-a603-0f9667b98b6b;418.72;0.01;UNKNOWN
2016-04-03T08:38:12.000000;2016-04-03T08:38:12.000000;a1bb774a-ddf7-47cf-a665-da6bccd3620f;418.72;0.01;UNKNOWN
2016-04-03T08:38:13.000000;2016-04-03T08:38:13.000000;3d0e8c30-c6a6-480d-a809-0e688106fe24;418.72;0.01;UNKNOWN
2016-04-03T08:38:16.000000;2016-04-03T08:38:16.000000;18f7d5c6-13c0-4de1-b337-a47029f5e603;418.72;0.01;UNKNOWN
2016-04-03T08:38:17.000000;2016-04-03T08:38:17.000000;ae376199-621b-4674-8dc8-576053ab173c;418.72;0.01;UNKNOWN
2016-04-03T08:38:19.000000;2016-04-03T08:38:19.000000;d6e01886-96a9-4d65-85cb-726b1914cdbd;418.72;0.01;UNKNOWN
2016-04-03T08:38:23.000000;2016-04-03T08:38:23.000000;101bf557-eeab-444f-bdc3-547db0b10dd1;418.72;0.01;UNKNOWN
2016-04-03T08:38:25.000000;2016-04-03T08:38:25.000000;947dd2e4-5b33-4c86-a553-3fc520b2f164;418.72;0.01;UNKNOWN
2016-04-03T08:38:26.000000;2016-04-03T08:38:26.000000;4b3ead60-e6b5-44a2-a058-655d733db461;418.72;0.01;UNKNOWN
2016-04-03T08:38:30.000000;2016-04-03T08:38:30.000000;9d38dbee-18b0-4ce8-a5dd-9dc61554979b;418.72;0.01;UNKNOWN
2016-04-03T08:38:32.000000;2016-04-03T08:38:32.000000;865013c5-d1ea-4e79-8cc6-502605e679f9;418.72;0.01;UNKNOWN
2016-04-03T08:38:33.000000;2016-04-03T08:38:33.000000;c20f2b25-3070-4abc-80c4-7dfafa69b0ad;418.72;0.01;UNKNOWN
2016-04-03T08:38:36.000000;2016-04-03T08:38:36.000000;1fac2aba-ed6c-4fbf-857e-48de6148f7af;418.72;0.01;UNKNOWN
2016-04-03T08:38:38.000000;2016-04-03T08:38:38.000000;ce74bc59-f5e2-4ba9-81f0-0101b98c52c9;418.72;0.01;UNKNOWN
2016-04-03T08:38:40.000000;2016-04-03T08:38:40.000000;e9fb246c-f3d5-4d8b-9910-52a9a591770b;418.72;0.01;UNKNOWN
2016-04-03T08:38:42.000000;2016-04-03T08:38:42.000000;542111bb-0d21-442b-9e96-3b04190d5c86;418.72;0.01;UNKNOWN
2016-04-03T08:38:44.000000;2016-04-03T08:38:44.000000;1b349cdd-ea53-4868-8762-f94839e413f8;418.72;0.01;UNKNOWN
2016-04-03T08:38:46.000000;2016-04-03T08:38:46.000000;8075abbf-d422-46cf-bda5-e401e6888265;418.72;0.01;UNKNOWN
2016-04-03T08:38:48.000000;2016-04-03T08:38:48.000000;bd343134-e3cd-4091-8697-791cf40ccc0b;418.72;0.01;UNKNOWN
2016-04-03T08:38:50.000000;2016-04-03T08:38:50.000000;8b6fc98d-0cf5-45f9-a33a-14545ac22b37;418.72;0.01;UNKNOWN
2016-04-03T08:38:52.000000;2016-04-03T08:38:52.000000;7df4623d-b92b-46a1-9ff1-a3f815fcfb3a;418.72;0.01;UNKNOWN
2016-04-03T08:38:54.000000;2016-04-03T08:38:54.000000;b3f3d9af-fe06-4ac8-91f0-3acd89a50c1a;418.72;0.01;UNKNOWN
2016-04-03T08:40:29.000000;2016-04-03T08:40:29.000000;4aa6827c-3a76-4db2-a156-f5fac6262e45;418.74;0.01;UNKNOWN
2016-04-03T08:42:41.000000;2016-04-03T08:42:41.000000;2fd0c4bb-38b3-4468-bca7-6c6308e02dec;418.83;0.01;UNKNOWN
2016-04-03T08:43:04.000000;2016-04-03T08:43:04.000000;17d9c3eb-734a-48ae-b46a-893d2af70de3;418.83;0.015;UNKNOWN
2016-04-03T08:43:21.000000;2016-04-03T08:43:21.000000;3113ac99-f1d5-4531-9bbd-76ffc1e2aed7;418.87;0.01;UNKNOWN
2016-04-03T08:50:31.000000;2016-04-03T08:50:31.000000;040357fb-1eaf-4029-be02-f67b4980d66b;418.9;33.59;UNKNOWN
2016-04-03T08:50:31.000000;2016-04-03T08:50:31.000000;eb92aeb7-5e43-4111-859a-352e5a4afe76;419.0;6.42;UNKNOWN
2016-04-03T08:50:31.000000;2016-04-03T08:50:31.000000;5ebda9af-fe84-4b2e-a939-dc4c3ec70060;419.0;9.99;UNKNOWN
2016-04-03T08:51:04.000000;2016-04-03T08:51:04.000000;4f0eeb09-4bb9-4566-9872-b884a8311f04;419.0;0.5;UNKNOWN
2016-04-03T08:57:07.000000;2016-04-03T08:57:07.000000;79c12c55-df29-4202-a037-33d5c21d7e50;418.9;4.1;UNKNOWN
2016-04-03T08:58:19.000000;2016-04-03T08:58:19.000000;4ede03c1-932e-4b9d-8440-40b15cb5716c;418.93;0.05;UNKNOWN
2016-04-03T08:59:29.000000;2016-04-03T08:59:29.000000;09b91b0a-f6de-49c4-a16b-93b870733ea2;419.18;0.01;UNKNOWN
2016-04-03T08:59:29.000000;2016-04-03T08:59:29.000000;bb3d2ce7-5e63-4b3e-908a-799ccde283c0;419.0;2.08;UNKNOWN
2016-04-03T08:59:29.000000;2016-04-03T08:59:29.000000;ce319a51-8302-4ffe-b67e-18b7a4d70bb4;419.25;2.7496;UNKNOWN
2016-04-03T08:59:29.000000;2016-04-03T08:59:29.000000;90382b7b-2802-4619-bfe8-51e83b44a1f4;419.21;0.01;UNKNOWN
2016-04-03T08:59:29.000000;2016-04-03T08:59:29.000000;4a7dff18-7a7b-44bc-9c04-461d8a31af47;418.83;0.0304;UNKNOWN
2016-04-03T08:59:29.000000;2016-04-03T08:59:29.000000;f92a513e-c570-49a5-985f-a819a6138c4d;419.23;0.01;UNKNOWN
2016-04-03T08:59:29.000000;2016-04-03T08:59:29.000000;a9e51c0c-ac44-4e43-9434-9fb0a97d1e30;419.19;0.01;UNKNOWN
2016-04-03T08:59:29.000000;2016-04-03T08:59:29.000000;b3868e8c-5534-4737-a1fa-ca4b9446c2ca;419.16;0.01;UNKNOWN
2016-04-03T09:04:45.000000;2016-04-03T09:04:45.000000;f842416d-46ca-4d98-ba8d-ae8c4ad94aff;418.99;0.03544078;UNKNOWN
2016-04-03T09:07:22.000000;2016-04-03T09:07:22.000000;c11a619b-a4e9-49c5-b63f-cb8e244580a9;419.09;0.11819826;UNKNOWN
2016-04-03T09:08:27.000000;2016-04-03T09:08:27.000000;03928a71-8a8c-4ab9-a81e-b755cccf1c5f;418.83;0.01527483;UNKNOWN
2016-04-03T09:11:07.000000;2016-04-03T09:11:07.000000;ed9b635c-b6ed-4f92-a94b-5740ca000e0f;419.25;1.23552582;UNKNOWN
2016-04-03T09:13:05.000000;2016-04-03T09:13:05.000000;367fd0c6-5a5f-457b-b77b-c7c156faa5a2;419.18;0.09505712;UNKNOWN
2016-04-03T09:16:30.000000;2016-04-03T09:16:30.000000;3d382d71-a7be-48fb-82d3-eb3c25306ab3;419.25;2.0;UNKNOWN
2016-04-03T09:17:32.000000;2016-04-03T09:17:32.000000;5daf63c4-f177-4770-bee1-a68d064d411a;419.18;0.20459977;UNKNOWN
2016-04-03T09:20:54.000000;2016-04-03T09:20:54.000000;e9875fab-6148-4b75-8adc-9952a8eea7e1;419.09;0.01;UNKNOWN
2016-04-03T09:20:54.000000;2016-04-03T09:20:54.000000;ba4dd42d-d586-454b-9acf-4597001cc1ea;419.03;0.62;UNKNOWN
2016-04-03T09:20:54.000000;2016-04-03T09:20:54.000000;1e874b2c-1139-4b7f-9bb4-e6b769c49e9e;419.09;0.01;UNKNOWN
2016-04-03T09:20:54.000000;2016-04-03T09:20:54.000000;da151ac6-d36b-4e87-a927-904c871fbcc7;419.09;0.01;UNKNOWN
2016-04-03T09:20:54.000000;2016-04-03T09:20:54.000000;01b409ce-aae0-4ae7-b652-6788fe11ff2c;419.09;0.01;UNKNOWN
2016-04-03T09:21:04.000000;2016-04-03T09:21:04.000000;b59bae96-a5f8-4a06-bdbb-32286bb55211;419.03;0.046;UNKNOWN
2016-04-03T09:21:04.000000;2016-04-03T09:21:04.000000;4a3a0d71-afbe-4603-a675-f5e48284f1df;419.24;0.01;UNKNOWN
2016-04-03T09:21:04.000000;2016-04-03T09:21:04.000000;6da1e77e-12a2-49d4-86fa-6e257408ad44;419.24;0.01;UNKNOWN
2016-04-03T09:21:04.000000;2016-04-03T09:21:04.000000;b3efb544-ec45-4b47-86cc-82fd99bb6587;419.24;0.01;UNKNOWN
2016-04-03T09:21:04.000000;2016-04-03T09:21:04.000000;3bba65a2-e199-417d-a1e3-3094fe6ab5aa;419.24;0.01;UNKNOWN
2016-04-03T09:21:04.000000;2016-04-03T09:21:04.000000;ffd5d978-d369-417d-bf0c-460325e6869b;419.24;0.01;UNKNOWN
2016-04-03T09:23:30.000000;2016-04-03T09:23:30.000000;f9539b24-9296-459e-9bc2-4a17e88e76d5;419.25;1.26605331;UNKNOWN
2016-04-03T09:25:08.000000;2016-04-03T09:25:08.000000;d7b71b38-2d6f-4dfb-8ddb-0aa6a0715f71;419.25;0.23621693;UNKNOWN
2016-04-03T09:25:29.000000;2016-04-03T09:25:29.000000;d4f1f796-4fb1-4df5-89db-4feb91d6ba30;419.0;0.6117095;UNKNOWN
2016-04-03T09:25:29.000000;2016-04-03T09:25:29.000000;7eb2432e-f0f8-4a0f-bcfa-ff60599095c7;419.24;0.01;UNKNOWN
2016-04-03T09:25:29.000000;2016-04-03T09:25:29.000000;7e92d35e-e418-4d6d-a775-fa80061eda8e;419.25;0.13358277;UNKNOWN
2016-04-03T09:25:29.000000;2016-04-03T09:25:29.000000;854d278c-ae59-4e88-8844-85254b2d9bd2;419.25;0.13362351;UNKNOWN
2016-04-03T09:26:00.000000;2016-04-03T09:26:00.000000;5791d567-5dae-42f8-accf-e71ba4a8385c;419.25;2.23539766;UNKNOWN
2016-04-03T09:26:00.000000;2016-04-03T09:26:00.000000;fcab676b-2bc0-4b71-ad0e-253cf7a951ee;419.25;0.12699028;UNKNOWN
2016-04-03T09:28:23.000000;2016-04-03T09:28:23.000000;f8821ee0-f231-4bc2-9c3f-1c9963b57d62;419.25;0.05107796;UNKNOWN
2016-04-03T09:29:45.000000;2016-04-03T09:29:45.000000;c40195f7-ca47-447a-8559-8d1f542473f7;419.25;2.1;UNKNOWN
2016-04-03T09:30:52.000000;2016-04-03T09:30:52.000000;8e99b251-6475-4077-b2e3-e7d4c76753e5;419.31;0.1955058;UNKNOWN
2016-04-03T09:30:52.000000;2016-04-03T09:30:52.000000;f445cbde-899d-4e33-9156-40216c7c8012;419.25;0.01;UNKNOWN
2016-04-03T09:30:56.000000;2016-04-03T09:30:56.000000;89fa6f99-268e-4538-b871-1623a57a3099;419.1;0.01;UNKNOWN
2016-04-03T09:30:58.000000;2016-04-03T09:30:58.000000;44066093-cc2a-4a80-90db-f1efe2a1723a;419.1;0.01;UNKNOWN
2016-04-03T09:31:01.000000;2016-04-03T09:31:01.000000;654dda1b-8eca-4e14-8acb-d85c72cda1ad;419.1;0.01;UNKNOWN
2016-04-03T09:31:02.000000;2016-04-03T09:31:02.000000;d5d3acbc-854f-4d75-bae2-4bdd8d8e2d6a;419.1;0.01;UNKNOWN
2016-04-03T09:31:06.000000;2016-04-03T09:31:06.000000;84249b77-f45c-4253-9ffb-ab9e3226807f;419.1;0.01;UNKNOWN
2016-04-03T09:31:08.000000;2016-04-03T09:31:08.000000;f6f586eb-f145-4458-93a3-7ee3e5d1925f;419.1;0.01;UNKNOWN
2016-04-03T09:31:11.000000;2016-04-03T09:31:11.000000;9c979b69-4a67-4484-be3f-6ccabd8a9869;419.1;0.01;UNKNOWN
2016-04-03T09:31:13.000000;2016-04-03T09:31:13.000000;9cc902a5-1c17-43a9-a7c0-aa2fd5cc2db6;419.1;0.01;UNKNOWN
2016-04-03T09:31:15.000000;2016-04-03T09:31:15.000000;13de08a1-3288-42f3-8ef8-cac068dd9a11;419.1;0.01;UNKNOWN
2016-04-03T09:31:17.000000;2016-04-03T09:31:17.000000;0b7867d0-8e35-4ed5-a567-45477ab9e144;419.1;0.01;UNKNOWN
2016-04-03T09:31:19.000000;2016-04-03T09:31:19.000000;a19e83ec-0666-40bc-addf-08134a356141;419.1;0.01;UNKNOWN
2016-04-03T09:31:21.000000;2016-04-03T09:31:21.000000;83b140c5-cd35-4d92-b77b-6847dd7e372d;419.1;0.01;UNKNOWN
2016-04-03T09:31:23.000000;2016-04-03T09:31:23.000000;7468e38d-74aa-4f51-8526-618e5d7068af;419.1;0.01;UNKNOWN
2016-04-03T09:31:26.000000;2016-04-03T09:31:26.000000;f618ef5c-eefb-42de-a891-b180d4b69fba;419.1;0.01;UNKNOWN
2016-04-03T09:31:29.000000;2016-04-03T09:31:29.000000;628850c9-1c84-4234-8ac0-ee5d4560b66f;419.1;0.01;UNKNOWN
2016-04-03T09:31:31.000000;2016-04-03T09:31:31.000000;256521eb-6d4e-48c1-8a49-0901a23c513e;419.1;0.01;UNKNOWN
2016-04-03T09:31:33.000000;2016-04-03T09:31:33.000000;604def43-f8fb-492e-90be-ab82ae123271;419.1;0.01;UNKNOWN
2016-04-03T09:31:36.000000;2016-04-03T09:31:36.000000;521dc95f-970b-4e6a-8f78-53c7153359bd;419.1;0.01;UNKNOWN
2016-04-03T09:31:39.000000;2016-04-03T09:31:39.000000;384c4eda-d342-4400-a594-37c8c003ed8a;419.1;0.01;UNKNOWN
2016-04-03T09:31:40.000000;2016-04-03T09:31:40.000000;87548407-d92d-4eea-b6de-3fd056c81792;419.1;0.01;UNKNOWN
2016-04-03T09:31:43.000000;2016-04-03T09:31:43.000000;40677bd0-b07e-45e3-b6fa-f00723403721;419.1;0.01;UNKNOWN
2016-04-03T09:31:45.000000;2016-04-03T09:31:45.000000;31dc9b70-0300-4eb4-ba88-07e2e34ab505;419.1;0.01;UNKNOWN
2016-04-03T09:31:52.000000;2016-04-03T09:31:52.000000;a26e6ec5-6c84-4807-923f-f26682c9bd85;419.1;0.01;UNKNOWN
2016-04-03T09:31:56.000000;2016-04-03T09:31:56.000000;833f91f1-a4e0-4a9b-a173-f32486423296;419.1;0.01;UNKNOWN
2016-04-03T09:31:58.000000;2016-04-03T09:31:58.000000;d81a7806-f960-4452-aaec-29a270f2b4fb;419.1;0.01;UNKNOWN
2016-04-03T09:32:00.000000;2016-04-03T09:32:00.000000;c3e96a5a-043c-47e3-b5d9-6f17efd39fc8;419.1;0.01;UNKNOWN
2016-04-03T09:32:03.000000;2016-04-03T09:32:03.000000;c37a1876-cd3b-4dd0-ba64-a34cb0b9981e;419.1;0.01;UNKNOWN
2016-04-03T09:32:05.000000;2016-04-03T09:32:05.000000;baafa24f-3d84-4529-a233-ce805bb406c1;419.1;0.01;UNKNOWN
2016-04-03T09:32:10.000000;2016-04-03T09:32:10.000000;75165fbb-647b-416a-b2bc-ebdb26958318;419.1;0.01;UNKNOWN
2016-04-03T09:32:14.000000;2016-04-03T09:32:14.000000;e025992f-91a4-42d8-8f5d-92700b1e04d9;419.1;0.01;UNKNOWN
2016-04-03T09:32:16.000000;2016-04-03T09:32:16.000000;5c9e8e6c-c610-4a4f-8d4e-98c63eff5190;419.1;0.01;UNKNOWN
2016-04-03T09:32:17.000000;2016-04-03T09:32:17.000000;2c4fe04c-a3cc-47c2-a50c-c17600b9fc35;419.1;0.01;UNKNOWN
2016-04-03T09:32:19.000000;2016-04-03T09:32:19.000000;02d8c476-795c-48c8-ab7b-1126ef6a1b40;419.1;0.01;UNKNOWN
2016-04-03T09:32:22.000000;2016-04-03T09:32:22.000000;cce4a198-0bd0-430e-bacb-742607a33839;419.1;0.01;UNKNOWN
2016-04-03T09:32:24.000000;2016-04-03T09:32:24.000000;41a0ce90-7fb2-4ade-9e4a-b9201aecf4b9;419.1;0.01;UNKNOWN
2016-04-03T09:32:26.000000;2016-04-03T09:32:26.000000;03626b7e-afb1-45be-8e13-ae6bcc63f36e;419.1;0.01;UNKNOWN
2016-04-03T09:32:29.000000;2016-04-03T09:32:29.000000;127b2f73-3e2c-4ab4-813a-fa75e32d1e64;419.1;0.01;UNKNOWN
2016-04-03T09:32:31.000000;2016-04-03T09:32:31.000000;e00ab3fd-7072-4c75-94eb-f4817c14b30d;419.1;0.01;UNKNOWN
2016-04-03T09:32:34.000000;2016-04-03T09:32:34.000000;09524bd5-a8f6-48a9-9988-ad9e6e8be000;419.1;0.01;UNKNOWN
2016-04-03T09:32:36.000000;2016-04-03T09:32:36.000000;bd69e72f-f6b7-4239-b134-ca9437089335;419.1;0.01;UNKNOWN
2016-04-03T09:32:38.000000;2016-04-03T09:32:38.000000;1dac8730-008a-43a6-a5f2-a7cee9f4d0ca;419.1;0.01;UNKNOWN
2016-04-03T09:32:41.000000;2016-04-03T09:32:41.000000;dd5e9623-454d-4563-baf9-de50a2ed6da7;419.1;0.01;UNKNOWN
2016-04-03T09:32:43.000000;2016-04-03T09:32:43.000000;3e2a0126-ac4d-4cbe-ac72-bc2746c4793a;419.1;0.01;UNKNOWN
2016-04-03T09:32:45.000000;2016-04-03T09:32:45.000000;956c1772-1072-4a6a-b294-ff761001ecf0;419.1;0.01;UNKNOWN
2016-04-03T09:32:48.000000;2016-04-03T09:32:48.000000;c593f041-5cd7-4ebb-a410-8248da249ebb;419.1;0.01;UNKNOWN
2016-04-03T09:32:51.000000;2016-04-03T09:32:51.000000;48d15e96-2e35-46f1-a3c3-e8167207577e;419.1;0.01;UNKNOWN
2016-04-03T09:32:54.000000;2016-04-03T09:32:54.000000;862d1e7d-1bdb-413a-b919-79afa1fc61e6;419.1;0.01;UNKNOWN
2016-04-03T09:32:56.000000;2016-04-03T09:32:56.000000;c1dca719-bcad-48b7-a038-fe419e6232cd;419.1;0.01;UNKNOWN
2016-04-03T09:32:59.000000;2016-04-03T09:32:59.000000;5449fba8-5702-477f-9a5c-430beb2e983c;419.1;0.01;UNKNOWN
2016-04-03T09:33:02.000000;2016-04-03T09:33:02.000000;06ba99f0-b438-4923-92f7-17c7e04cfec4;419.1;0.01;UNKNOWN
2016-04-03T09:33:03.000000;2016-04-03T09:33:03.000000;e762e2f5-afe9-478b-a035-a6527fa8a1d0;419.1;0.01;UNKNOWN
2016-04-03T09:33:05.000000;2016-04-03T09:33:05.000000;29a4a12a-8724-430e-ad88-5efffb381119;419.12;0.01811048;UNKNOWN
2016-04-03T09:33:07.000000;2016-04-03T09:33:07.000000;6723319c-06c8-47b7-960e-6ec52ea7f895;419.1;0.01;UNKNOWN
2016-04-03T09:33:09.000000;2016-04-03T09:33:09.000000;82ef64c9-ae3f-4ba4-ae7b-bda676034841;419.1;0.01;UNKNOWN
2016-04-03T09:33:12.000000;2016-04-03T09:33:12.000000;c2a1445c-600b-4d71-a340-4974ec9b054e;419.1;0.01;UNKNOWN
2016-04-03T09:33:14.000000;2016-04-03T09:33:14.000000;8e459eb6-d3b7-4d54-b611-fbf381be4650;419.1;0.01;UNKNOWN
2016-04-03T09:33:19.000000;2016-04-03T09:33:19.000000;d5250ab6-4ac5-4be8-b095-ee331d90a8aa;419.1;0.01;UNKNOWN
2016-04-03T09:33:21.000000;2016-04-03T09:33:21.000000;635d77a8-d442-4145-a9a4-5745ec8779a4;419.1;0.01;UNKNOWN
2016-04-03T09:33:24.000000;2016-04-03T09:33:24.000000;e460a56b-f540-4351-804c-9679025335a6;419.1;0.01;UNKNOWN
2016-04-03T09:33:28.000000;2016-04-03T09:33:28.000000;bf3d04ec-4430-451e-8291-8cdda147f88c;419.1;0.01;UNKNOWN
2016-04-03T09:33:32.000000;2016-04-03T09:33:32.000000;f84c3765-3d80-4c09-ac52-fd6c30af8562;419.1;0.01;UNKNOWN
2016-04-03T09:33:34.000000;2016-04-03T09:33:34.000000;3a4c4de4-80a3-4e79-aa9e-d6c08a2ca4e2;419.1;0.01;UNKNOWN
2016-04-03T09:33:36.000000;2016-04-03T09:33:36.000000;2e895cc9-eeca-4e47-8167-69f7ea5769bf;419.1;0.01;UNKNOWN
2016-04-03T09:33:38.000000;2016-04-03T09:33:38.000000;d31d1be9-a624-4f70-9d2b-50c465f063a4;419.1;0.01;UNKNOWN
2016-04-03T09:33:41.000000;2016-04-03T09:33:41.000000;06b651e6-5f76-490b-93fc-0bce808768d7;419.1;0.01;UNKNOWN
2016-04-03T09:33:44.000000;2016-04-03T09:33:44.000000;f3e3860d-4ef5-4402-9292-898c012519ad;419.1;0.01;UNKNOWN
2016-04-03T09:33:46.000000;2016-04-03T09:33:46.000000;3c1b8faa-5a0e-4800-8da8-5d04169c912f;419.1;0.01;UNKNOWN
2016-04-03T09:33:49.000000;2016-04-03T09:33:49.000000;5c36b9b0-60d3-4e32-9493-f086dadedf79;419.1;0.01;UNKNOWN
2016-04-03T09:33:51.000000;2016-04-03T09:33:51.000000;a6036c3f-f27b-40dd-b338-9364f2a22a3f;419.1;0.01;UNKNOWN
2016-04-03T09:33:53.000000;2016-04-03T09:33:53.000000;553ccd63-9b37-408c-82b2-bdaaad71dfc7;419.1;0.01;UNKNOWN
2016-04-03T09:33:56.000000;2016-04-03T09:33:56.000000;3f5678ac-4dd5-4c6c-aeac-f4dc5d579654;419.1;0.01;UNKNOWN
2016-04-03T09:33:58.000000;2016-04-03T09:33:58.000000;e36a15e5-80a9-4f0e-86dc-30e9ce1ddc95;419.1;0.01;UNKNOWN
2016-04-03T09:34:01.000000;2016-04-03T09:34:01.000000;e651f8a1-337d-4169-9daf-32b8596aa947;419.1;0.01;UNKNOWN
2016-04-03T09:34:03.000000;2016-04-03T09:34:03.000000;1d64243c-31c5-423f-88d3-779ca4f8cbed;419.1;0.01;UNKNOWN
2016-04-03T09:34:05.000000;2016-04-03T09:34:05.000000;0b48e2fd-de32-4b39-a99a-a90e6d66ab25;419.1;0.01;UNKNOWN
2016-04-03T09:34:07.000000;2016-04-03T09:34:07.000000;9cdeb616-a8c6-449e-83ce-067075007f33;419.1;0.01;UNKNOWN
2016-04-03T09:34:10.000000;2016-04-03T09:34:10.000000;3152d68a-4f62-4749-987a-6900afc6b8fb;419.1;0.01;UNKNOWN
2016-04-03T09:34:12.000000;2016-04-03T09:34:12.000000;b1815fd4-cb0d-4350-82da-64b64f3a5aed;419.1;0.01;UNKNOWN
2016-04-03T09:34:14.000000;2016-04-03T09:34:14.000000;1ac17da1-7cb7-4121-8cce-76a8e97be5ec;419.1;0.01;UNKNOWN
2016-04-03T09:34:16.000000;2016-04-03T09:34:16.000000;d3b73c8e-e835-42c7-b162-4b7503add1db;419.1;0.01;UNKNOWN
2016-04-03T09:34:18.000000;2016-04-03T09:34:18.000000;a2a9d9f3-de7d-4fe7-bed7-d37ed6d1773a;419.1;0.01;UNKNOWN
2016-04-03T09:34:21.000000;2016-04-03T09:34:21.000000;63cb6d7e-3f68-4ec0-a8a8-dc454d9a1981;419.1;0.01;UNKNOWN
2016-04-03T09:34:23.000000;2016-04-03T09:34:23.000000;e7d81471-af82-4033-b308-1fca8ab95bc1;419.1;0.01;UNKNOWN
2016-04-03T09:34:26.000000;2016-04-03T09:34:26.000000;d30477e3-e945-4f2e-b0b9-1c78e5444a60;419.1;0.01;UNKNOWN
2016-04-03T09:34:28.000000;2016-04-03T09:34:28.000000;e87b4e60-c762-44f9-9250-39b02fa71371;419.1;0.01;UNKNOWN
2016-04-03T09:34:33.000000;2016-04-03T09:34:33.000000;9de35273-f367-411c-a67d-c8e48b0e50e4;419.1;0.01;UNKNOWN
2016-04-03T09:34:35.000000;2016-04-03T09:34:35.000000;c478c099-2214-4c62-b977-e4451cfa8da6;419.1;0.01;UNKNOWN
2016-04-03T09:34:37.000000;2016-04-03T09:34:37.000000;b472da44-208c-454b-a204-35d25cb95ffa;419.1;0.01;UNKNOWN
2016-04-03T09:34:39.000000;2016-04-03T09:34:39.000000;783c0833-8935-4f54-9625-0363dc93c67b;419.1;0.01;UNKNOWN
2016-04-03T09:34:43.000000;2016-04-03T09:34:43.000000;90df8c51-6fbd-4976-b7e8-eb644cedf073;419.1;0.01;UNKNOWN
2016-04-03T09:34:46.000000;2016-04-03T09:34:46.000000;8434a090-74dd-46e4-86ce-e1a06dab4de0;419.1;0.01;UNKNOWN
2016-04-03T09:34:48.000000;2016-04-03T09:34:48.000000;bd37e22e-b147-4237-ab4e-0d9a148376ec;419.1;0.01;UNKNOWN
2016-04-03T09:34:50.000000;2016-04-03T09:34:50.000000;b5b1571e-b84c-45f3-b072-6b8eeaef34b3;419.1;0.01;UNKNOWN
2016-04-03T09:34:52.000000;2016-04-03T09:34:52.000000;388370c5-f62b-4804-9f1e-e888e119d04b;419.1;0.01;UNKNOWN
2016-04-03T09:34:54.000000;2016-04-03T09:34:54.000000;a106ec7b-fb90-4f1f-8b16-32da8bbba414;419.1;0.01;UNKNOWN
2016-04-03T09:34:56.000000;2016-04-03T09:34:56.000000;28e8d920-81f1-4a4d-ab4d-5cae809560e1;419.1;0.01;UNKNOWN
2016-04-03T09:34:58.000000;2016-04-03T09:34:58.000000;a4d3c7a7-faee-4eaf-90de-7b50c48700c9;419.1;0.01;UNKNOWN
2016-04-03T09:34:59.000000;2016-04-03T09:34:59.000000;2942b640-645a-4b5e-b82f-524935cc97fe;419.1;0.01;UNKNOWN
2016-04-03T09:35:01.000000;2016-04-03T09:35:01.000000;9978aec9-89bd-4a33-933b-77941f31f157;419.1;0.01;UNKNOWN
2016-04-03T09:35:04.000000;2016-04-03T09:35:04.000000;60435c97-777e-4eb0-b114-8707b7292f29;419.1;0.01;UNKNOWN
2016-04-03T09:35:06.000000;2016-04-03T09:35:06.000000;2110c0f5-4f15-4f69-b108-029cc6c2f400;419.1;0.01;UNKNOWN
2016-04-03T09:35:08.000000;2016-04-03T09:35:08.000000;a49b96d0-1dba-4eeb-b25f-d5a741abde86;419.1;0.01;UNKNOWN
2016-04-03T09:35:11.000000;2016-04-03T09:35:11.000000;e0f903c4-6ec3-4478-91df-65aed8ac6a78;419.1;0.01;UNKNOWN
2016-04-03T09:35:13.000000;2016-04-03T09:35:13.000000;67a8163d-0902-474a-bb1a-7eb92d6f132f;419.1;0.01;UNKNOWN
2016-04-03T09:35:15.000000;2016-04-03T09:35:15.000000;04f66a90-43b3-4a0e-919e-5913f4c7b93c;419.1;0.01;UNKNOWN
2016-04-03T09:35:17.000000;2016-04-03T09:35:17.000000;3212a950-e01d-4a02-ba15-9db3adaea6da;419.1;0.01;UNKNOWN
2016-04-03T09:35:19.000000;2016-04-03T09:35:19.000000;34ca80f6-f792-41da-b4a7-d9bb1634175a;419.1;0.01;UNKNOWN
2016-04-03T09:35:21.000000;2016-04-03T09:35:21.000000;7633f86e-a927-48aa-b906-cb6b02095981;419.1;0.01;UNKNOWN
2016-04-03T09:35:23.000000;2016-04-03T09:35:23.000000;2334f4e9-b51f-4de1-ba39-9388bc8c03df;419.1;0.01;UNKNOWN
2016-04-03T09:35:25.000000;2016-04-03T09:35:25.000000;a0a635b4-d9ed-4e27-b021-a53d42f4261c;419.1;0.01;UNKNOWN
2016-04-03T09:35:27.000000;2016-04-03T09:35:27.000000;2f52c9b3-2292-4118-9c5e-2a334077b4f9;419.1;0.01;UNKNOWN
2016-04-03T09:35:30.000000;2016-04-03T09:35:30.000000;0c0cffdb-e903-4e77-92e3-ebe56ed61650;419.1;0.01;UNKNOWN
2016-04-03T09:35:32.000000;2016-04-03T09:35:32.000000;c25e9e8d-4f98-49fe-85b5-3ae99caeeae6;419.1;0.01;UNKNOWN
2016-04-03T09:35:35.000000;2016-04-03T09:35:35.000000;d31ea0bc-ffdd-453d-b33f-9f2e577b43e1;419.1;0.01;UNKNOWN
2016-04-03T09:35:36.000000;2016-04-03T09:35:36.000000;9d8f05ee-ea8c-4bc2-9e09-cbb613208d47;419.1;0.01;UNKNOWN
2016-04-03T09:35:38.000000;2016-04-03T09:35:38.000000;9b6ac877-e9d6-4eb4-ba95-a938b308ea79;419.1;0.01;UNKNOWN
2016-04-03T09:35:41.000000;2016-04-03T09:35:41.000000;75b90423-ec65-4147-b2b2-bce0842a0364;419.1;0.01;UNKNOWN
2016-04-03T09:35:45.000000;2016-04-03T09:35:45.000000;1a653fed-ddc9-4ebe-9b9e-a47fef57c0f4;419.1;0.01;UNKNOWN
2016-04-03T09:35:48.000000;2016-04-03T09:35:48.000000;533ff2d0-8fdd-487f-99ed-c6a97575b8fd;419.1;0.01;UNKNOWN
2016-04-03T09:35:50.000000;2016-04-03T09:35:50.000000;bdfff202-19e7-42e4-b317-155561ad2d69;419.1;0.01;UNKNOWN
2016-04-03T09:35:52.000000;2016-04-03T09:35:52.000000;e34704f6-e222-4cd5-9927-d1bad08a2f76;419.1;0.01;UNKNOWN
2016-04-03T09:35:55.000000;2016-04-03T09:35:55.000000;5b67a069-79a9-4e47-84b6-d071638dc3c3;419.1;0.01;UNKNOWN
